{"id":"gen9ou-1990195213","p1":"ThatIsThePerson","p2":"HolisticMystic","format":"[Gen 9] OU","log":"|j|\u2606ThatIsThePerson\n|j|\u2606HolisticMystic\n|t:|1699935684\n|gametype|singles\n|player|p1|ThatIsThePerson|170|1070\n|player|p2|HolisticMystic|biker-gen4|1006\n|teamsize|p1|6\n|teamsize|p2|6\n|gen|9\n|tier|[Gen 9] OU\n|rated|\n|rule|Sleep Clause Mod: Limit one foe put to sleep\n|rule|Species Clause: Limit one of each Pok\u00e9mon\n|rule|OHKO Clause: OHKO moves are banned\n|rule|Evasion Items Clause: Evasion items are banned\n|rule|Evasion Moves Clause: Evasion moves are banned\n|rule|Endless Battle Clause: Forcing endless battles is banned\n|rule|HP Percentage Mod: HP is shown in percentages\n|clearpoke\n|poke|p1|Samurott-Hisui, M|\n|poke|p1|Ceruledge, F|\n|poke|p1|Amoonguss, F|\n|poke|p1|Corviknight, F|\n|poke|p1|Clefable, F|\n|poke|p1|Thundurus-Therian, M|\n|poke|p2|Toxicroak, M|\n|poke|p2|Umbreon, F|\n|poke|p2|Scyther, F|\n|poke|p2|Cramorant, F|\n|poke|p2|Toxtricity, M|\n|poke|p2|Ninetales, M|\n|teampreview\n|c|\u2606HolisticMystic|Glhf\n|\n|t:|1699935693\n|start\n|switch|p1a: Corviknight|Corviknight, F|100\/100\n|switch|p2a: Scyther|Scyther, F|100\/100\n|-ability|p1a: Corviknight|Pressure\n|turn|1\n|inactive|Battle timer is ON: inactive players will automatically lose when time's up. (requested by ThatIsThePerson)\n|c|\u2606ThatIsThePerson|Glhf\n|\n|t:|1699935722\n|move|p2a: Scyther|U-turn|p1a: Corviknight\n|-resisted|p1a: Corviknight\n|-damage|p1a: Corviknight|95\/100\n|\n|t:|1699935729\n|switch|p2a: Umbreon|Umbreon, F|100\/100|[from] U-turn\n|move|p1a: Corviknight|Brave Bird|p2a: Umbreon\n|-damage|p2a: Umbreon|75\/100\n|-damage|p1a: Corviknight|88\/100|[from] Recoil\n|\n|-heal|p1a: Corviknight|94\/100|[from] item: Leftovers\n|-heal|p2a: Umbreon|82\/100|[from] item: Leftovers\n|upkeep\n|turn|2\n|\n|t:|1699935742\n|move|p1a: Corviknight|U-turn|p2a: Umbreon\n|-supereffective|p2a: Umbreon\n|-damage|p2a: Umbreon|61\/100\n|\n|t:|1699935761\n|switch|p1a: Clefable|Clefable, F|100\/100|[from] U-turn\n|move|p2a: Umbreon|Wish|p2a: Umbreon\n|\n|-heal|p2a: Umbreon|67\/100|[from] item: Leftovers\n|upkeep\n|turn|3\n|\n|t:|1699935775\n|move|p1a: Clefable|Thunder Wave|p2a: Umbreon\n|-status|p2a: Umbreon|par\n|-activate|p2a: Umbreon|ability: Synchronize\n|-status|p1a: Clefable|par\n|move|p2a: Umbreon|Yawn||[still]\n|-fail|p2a: Umbreon\n|\n|-heal|p2a: Umbreon|100\/100 par|[from] move: Wish|[wisher] Umbreon\n|upkeep\n|turn|4\n|\n|t:|1699935786\n|cant|p2a: Umbreon|par\n|cant|p1a: Clefable|par\n|\n|upkeep\n|turn|5\n|\n|t:|1699935791\n|move|p1a: Clefable|Calm Mind|p1a: Clefable\n|-boost|p1a: Clefable|spa|1\n|-boost|p1a: Clefable|spd|1\n|cant|p2a: Umbreon|par\n|\n|upkeep\n|turn|6\n|\n|t:|1699935801\n|switch|p2a: Toxicroak|Toxicroak, M|100\/100\n|move|p1a: Clefable|Moonblast|p2a: Toxicroak\n|-damage|p2a: Toxicroak|5\/100\n|-unboost|p2a: Toxicroak|spa|1\n|\n|-heal|p2a: Toxicroak|11\/100|[from] item: Leftovers\n|upkeep\n|turn|7\n|\n|t:|1699935814\n|switch|p1a: Corviknight|Corviknight, F|94\/100\n|-ability|p1a: Corviknight|Pressure\n|move|p2a: Toxicroak|Poison Jab|p1a: Corviknight\n|-immune|p1a: Corviknight\n|\n|-heal|p2a: Toxicroak|17\/100|[from] item: Leftovers\n|-heal|p1a: Corviknight|99\/100|[from] item: Leftovers\n|upkeep\n|turn|8\n|\n|t:|1699935825\n|switch|p2a: Umbreon|Umbreon, F|100\/100 par\n|move|p1a: Corviknight|Brave Bird|p2a: Umbreon\n|-damage|p2a: Umbreon|75\/100 par\n|-damage|p1a: Corviknight|92\/100|[from] Recoil\n|\n|-heal|p1a: Corviknight|98\/100|[from] item: Leftovers\n|-heal|p2a: Umbreon|81\/100 par|[from] item: Leftovers\n|upkeep\n|turn|9\n|\n|t:|1699935835\n|move|p1a: Corviknight|U-turn|p2a: Umbreon\n|-supereffective|p2a: Umbreon\n|-crit|p2a: Umbreon\n|-damage|p2a: Umbreon|54\/100 par\n|\n|t:|1699935839\n|switch|p1a: Samurott|Samurott-Hisui, M|100\/100|[from] U-turn\n|cant|p2a: Umbreon|par\n|\n|-heal|p2a: Umbreon|61\/100 par|[from] item: Leftovers\n|upkeep\n|turn|10\n|\n|t:|1699935849\n|move|p1a: Samurott|Knock Off|p2a: Umbreon\n|-resisted|p2a: Umbreon\n|-damage|p2a: Umbreon|46\/100 par\n|-enditem|p2a: Umbreon|Leftovers|[from] move: Knock Off|[of] p1a: Samurott\n|move|p2a: Umbreon|Skill Swap|p1a: Samurott\n|-activate|p2a: Umbreon|move: Skill Swap|Sharpness|Synchronize|[of] p1a: Samurott\n|\n|upkeep\n|turn|11\n|\n|t:|1699935867\n|move|p1a: Samurott|Razor Shell|p2a: Umbreon|[miss]\n|-miss|p1a: Samurott|p2a: Umbreon\n|cant|p2a: Umbreon|par\n|\n|upkeep\n|turn|12\n|\n|t:|1699935878\n|move|p1a: Samurott|Razor Shell|p2a: Umbreon\n|-damage|p2a: Umbreon|25\/100 par\n|move|p2a: Umbreon|Wish|p2a: Umbreon\n|\n|upkeep\n|turn|13\n|\n|t:|1699935884\n|move|p1a: Samurott|Ceaseless Edge|p2a: Umbreon\n|-resisted|p2a: Umbreon\n|-damage|p2a: Umbreon|16\/100 par\n|-sidestart|p2: HolisticMystic|Spikes\n|move|p2a: Umbreon|Yawn|p1a: Samurott\n|-start|p1a: Samurott|move: Yawn|[of] p2a: Umbreon\n|\n|-heal|p2a: Umbreon|66\/100 par|[from] move: Wish|[wisher] Umbreon\n|upkeep\n|turn|14\n|\n|t:|1699935896\n|switch|p1a: Clefable|Clefable, F|100\/100 par\n|move|p2a: Umbreon|Wish|p2a: Umbreon\n|\n|upkeep\n|turn|15\n|\n|t:|1699935903\n|switch|p2a: Toxtricity|Toxtricity, M|100\/100\n|-damage|p2a: Toxtricity|88\/100|[from] Spikes\n|move|p1a: Clefable|Moonblast|p2a: Toxtricity\n|-resisted|p2a: Toxtricity\n|-crit|p2a: Toxtricity\n|-damage|p2a: Toxtricity|37\/100\n|\n|-heal|p2a: Toxtricity|98\/100|[from] move: Wish|[wisher] Umbreon\n|-heal|p2a: Toxtricity|100\/100|[from] item: Black Sludge\n|upkeep\n|turn|16\n|\n|t:|1699935917\n|switch|p1a: Corviknight|Corviknight, F|98\/100\n|-ability|p1a: Corviknight|Pressure\n|move|p2a: Toxtricity|Shift Gear|p2a: Toxtricity\n|-boost|p2a: Toxtricity|spe|2\n|-boost|p2a: Toxtricity|atk|1\n|\n|-heal|p1a: Corviknight|100\/100|[from] item: Leftovers\n|upkeep\n|turn|17\n|\n|t:|1699935926\n|move|p2a: Toxtricity|Discharge|p1a: Corviknight\n|-supereffective|p1a: Corviknight\n|-damage|p1a: Corviknight|19\/100\n|move|p1a: Corviknight|U-turn|p2a: Toxtricity\n|-resisted|p2a: Toxtricity\n|-damage|p2a: Toxtricity|89\/100\n|\n|t:|1699935933\n|switch|p1a: Amoonguss|Amoonguss, F|100\/100|[from] U-turn\n|\n|-heal|p2a: Toxtricity|95\/100|[from] item: Black Sludge\n|upkeep\n|turn|18\n|\n|t:|1699935947\n|move|p2a: Toxtricity|Boomburst|p1a: Amoonguss\n|-crit|p1a: Amoonguss\n|-damage|p1a: Amoonguss|19\/100\n|-enditem|p1a: Amoonguss|Red Card|[of] p2a: Toxtricity\n|drag|p2a: Umbreon|Umbreon, F|66\/100 par\n|-damage|p2a: Umbreon|54\/100 par|[from] Spikes\n|move|p1a: Amoonguss|Spore||[still]\n|-fail|p1a: Amoonguss\n|\n|upkeep\n|turn|19\n|\n|t:|1699935957\n|switch|p1a: Corviknight|Corviknight, F|19\/100\n|-ability|p1a: Corviknight|Pressure\n|cant|p2a: Umbreon|par\n|\n|-heal|p1a: Corviknight|25\/100|[from] item: Leftovers\n|upkeep\n|turn|20\n|\n|t:|1699935964\n|move|p1a: Corviknight|Roost|p1a: Corviknight\n|-heal|p1a: Corviknight|75\/100\n|-singleturn|p1a: Corviknight|move: Roost\n|move|p2a: Umbreon|Wish|p2a: Umbreon\n|\n|-heal|p1a: Corviknight|81\/100|[from] item: Leftovers\n|upkeep\n|turn|21\n|\n|t:|1699935976\n|move|p1a: Corviknight|U-turn|p2a: Umbreon\n|-supereffective|p2a: Umbreon\n|-damage|p2a: Umbreon|34\/100 par\n|\n|t:|1699935987\n|switch|p1a: Thundurus|Thundurus-Therian, M|100\/100|[from] U-turn\n|move|p2a: Umbreon|Skill Swap|p1a: Thundurus\n|-activate|p2a: Umbreon|move: Skill Swap|Volt Absorb|Synchronize|[of] p1a: Thundurus\n|\n|-heal|p2a: Umbreon|84\/100 par|[from] move: Wish|[wisher] Umbreon\n|upkeep\n|turn|22\n|\n|t:|1699936000\n|move|p1a: Thundurus|Focus Blast|p2a: Umbreon|[miss]\n|-miss|p1a: Thundurus|p2a: Umbreon\n|move|p2a: Umbreon|Yawn|p1a: Thundurus\n|-start|p1a: Thundurus|move: Yawn|[of] p2a: Umbreon\n|\n|upkeep\n|turn|23\n|\n|t:|1699936010\n|switch|p1a: Samurott|Samurott-Hisui, M|100\/100\n|move|p2a: Umbreon|Wish|p2a: Umbreon\n|\n|upkeep\n|turn|24\n|\n|t:|1699936020\n|move|p1a: Samurott|Ceaseless Edge|p2a: Umbreon\n|-resisted|p2a: Umbreon\n|-damage|p2a: Umbreon|70\/100 par\n|-sidestart|p2: HolisticMystic|Spikes\n|move|p2a: Umbreon|Skill Swap|p1a: Samurott\n|-activate|p2a: Umbreon|move: Skill Swap|Sharpness|Volt Absorb|[of] p1a: Samurott\n|\n|-heal|p2a: Umbreon|100\/100 par|[from] move: Wish|[wisher] Umbreon\n|upkeep\n|turn|25\n|\n|t:|1699936031\n|switch|p1a: Thundurus|Thundurus-Therian, M|100\/100\n|move|p2a: Umbreon|Yawn|p1a: Thundurus\n|-start|p1a: Thundurus|move: Yawn|[of] p2a: Umbreon\n|\n|upkeep\n|turn|26\n|\n|t:|1699936039\n|switch|p1a: Amoonguss|Amoonguss, F|52\/100\n|cant|p2a: Umbreon|par\n|\n|upkeep\n|turn|27\n|\n|t:|1699936047\n|switch|p1a: Thundurus|Thundurus-Therian, M|100\/100\n|move|p2a: Umbreon|Wish|p2a: Umbreon\n|\n|upkeep\n|turn|28\n|\n|t:|1699936052\n|move|p1a: Thundurus|Focus Blast|p2a: Umbreon\n|-supereffective|p2a: Umbreon\n|-damage|p2a: Umbreon|3\/100 par\n|cant|p2a: Umbreon|par\n|\n|-heal|p2a: Umbreon|53\/100 par|[from] move: Wish|[wisher] Umbreon\n|upkeep\n|turn|29\n|\n|t:|1699936060\n|switch|p2a: Scyther|Scyther, F|100\/100\n|move|p1a: Thundurus|Focus Blast|p2a: Scyther\n|-resisted|p2a: Scyther\n|-damage|p2a: Scyther|74\/100\n|\n|upkeep\n|turn|30\n|\n|t:|1699936071\n|switch|p1a: Corviknight|Corviknight, F|81\/100\n|-ability|p1a: Corviknight|Pressure\n|move|p2a: Scyther|U-turn|p1a: Corviknight\n|-resisted|p1a: Corviknight\n|-damage|p1a: Corviknight|76\/100\n|\n|t:|1699936085\n|switch|p2a: Cramorant|Cramorant, F|100\/100|[from] U-turn\n|\n|-heal|p1a: Corviknight|82\/100|[from] item: Leftovers\n|upkeep\n|turn|31\n|\n|t:|1699936098\n|move|p2a: Cramorant|Stockpile|p2a: Cramorant\n|-start|p2a: Cramorant|stockpile1\n|-boost|p2a: Cramorant|def|1\n|-boost|p2a: Cramorant|spd|1\n|move|p1a: Corviknight|U-turn|p2a: Cramorant\n|-resisted|p2a: Cramorant\n|-damage|p2a: Cramorant|94\/100\n|\n|t:|1699936108\n|switch|p1a: Thundurus|Thundurus-Therian, M|100\/100|[from] U-turn\n|\n|-heal|p2a: Cramorant|99\/100|[from] item: Leftovers\n|upkeep\n|turn|32\n|\n|t:|1699936118\n|switch|p2a: Umbreon|Umbreon, F|53\/100 par\n|-damage|p2a: Umbreon|36\/100 par|[from] Spikes\n|move|p1a: Thundurus|Thunderbolt|p2a: Umbreon\n|-damage|p2a: Umbreon|0 fnt\n|faint|p2a: Umbreon\n|\n|upkeep\n|\n|t:|1699936127\n|switch|p2a: Toxtricity|Toxtricity, M|95\/100\n|-damage|p2a: Toxtricity|79\/100|[from] Spikes\n|turn|33\n|\n|t:|1699936140\n|move|p1a: Thundurus|Thunderbolt|p2a: Toxtricity\n|-resisted|p2a: Toxtricity\n|-damage|p2a: Toxtricity|19\/100\n|move|p2a: Toxtricity|Shift Gear|p2a: Toxtricity\n|-boost|p2a: Toxtricity|spe|2\n|-boost|p2a: Toxtricity|atk|1\n|\n|-heal|p2a: Toxtricity|25\/100|[from] item: Black Sludge\n|upkeep\n|turn|34\n|\n|t:|1699936154\n|switch|p1a: Ceruledge|Ceruledge, F|100\/100\n|move|p2a: Toxtricity|Boomburst|p1a: Ceruledge\n|-immune|p1a: Ceruledge\n|\n|-heal|p2a: Toxtricity|31\/100|[from] item: Black Sludge\n|upkeep\n|turn|35\n|\n|t:|1699936172\n|move|p1a: Ceruledge|Shadow Sneak|p2a: Toxtricity\n|-damage|p2a: Toxtricity|4\/100\n|move|p2a: Toxtricity|Discharge|p1a: Ceruledge\n|-damage|p1a: Ceruledge|73\/100\n|\n|-heal|p2a: Toxtricity|10\/100|[from] item: Black Sludge\n|upkeep\n|turn|36\n|inactive|HolisticMystic has 120 seconds left.\n|\n|t:|1699936205\n|switch|p2a: Scyther|Scyther, F|74\/100\n|move|p1a: Ceruledge|Shadow Sneak|p2a: Scyther\n|-damage|p2a: Scyther|50\/100\n|\n|upkeep\n|turn|37\n|inactive|ThatIsThePerson has 120 seconds left.\n|\n|t:|1699936245\n|move|p2a: Scyther|Defog|p1a: Ceruledge\n|-unboost|p1a: Ceruledge|evasion|1\n|-sideend|p2: HolisticMystic|Spikes|[from] move: Defog|[of] p2a: Scyther\n|move|p1a: Ceruledge|Bitter Blade|p2a: Scyther\n|-supereffective|p2a: Scyther\n|-damage|p2a: Scyther|0 fnt\n|-heal|p1a: Ceruledge|92\/100|[from] drain|[of] p2a: Scyther\n|faint|p2a: Scyther\n|\n|upkeep\n|\n|t:|1699936253\n|switch|p2a: Cramorant|Cramorant, F|99\/100\n|turn|38\n|\n|t:|1699936263\n|switch|p1a: Samurott|Samurott-Hisui, M|100\/100\n|move|p2a: Cramorant|Dive||[still]\n|-formechange|p2a: Cramorant|Cramorant-Gulping|\n|-prepare|p2a: Cramorant|Dive\n|\n|-heal|p2a: Cramorant|100\/100|[from] item: Leftovers\n|upkeep\n|turn|39\n|inactive|ThatIsThePerson has 120 seconds left.\n|\n|t:|1699936283\n|move|p1a: Samurott|Knock Off|p2a: Cramorant|[miss]\n|-miss|p1a: Samurott|p2a: Cramorant\n|move|p2a: Cramorant|Dive|p1a: Samurott|[from]lockedmove\n|-resisted|p1a: Samurott\n|-damage|p1a: Samurott|82\/100\n|\n|upkeep\n|turn|40\n|\n|t:|1699936295\n|switch|p2a: Toxtricity|Toxtricity, M|10\/100\n|move|p1a: Samurott|Knock Off|p2a: Toxtricity\n|-damage|p2a: Toxtricity|0 fnt\n|-enditem|p2a: Toxtricity|Black Sludge|[from] move: Knock Off|[of] p1a: Samurott\n|faint|p2a: Toxtricity\n|\n|upkeep\n|inactive|HolisticMystic has 120 seconds left.\n|\n|t:|1699936321\n|switch|p2a: Ninetales|Ninetales, M|100\/100\n|turn|41\n|inactive|HolisticMystic has 120 seconds left.\n|\n|t:|1699936339\n|switch|p2a: Toxicroak|Toxicroak, M|17\/100\n|move|p1a: Samurott|Razor Shell|p2a: Toxicroak\n|-heal|p2a: Toxicroak|42\/100|[from] ability: Dry Skin|[of] p1a: Samurott\n|\n|-heal|p2a: Toxicroak|48\/100|[from] item: Leftovers\n|upkeep\n|turn|42\n|inactive|HolisticMystic has 120 seconds left.\n|inactive|ThatIsThePerson has 120 seconds left.\n|\n|t:|1699936355\n|switch|p1a: Corviknight|Corviknight, F|82\/100\n|-ability|p1a: Corviknight|Pressure\n|move|p2a: Toxicroak|Bulk Up|p2a: Toxicroak\n|-boost|p2a: Toxicroak|atk|1\n|-boost|p2a: Toxicroak|def|1\n|\n|-heal|p2a: Toxicroak|54\/100|[from] item: Leftovers\n|-heal|p1a: Corviknight|88\/100|[from] item: Leftovers\n|upkeep\n|turn|43\n|inactive|ThatIsThePerson has 120 seconds left.\n|inactive|HolisticMystic has 120 seconds left.\n|\n|t:|1699936373\n|move|p2a: Toxicroak|Drain Punch|p1a: Corviknight\n|-damage|p1a: Corviknight|57\/100\n|-heal|p2a: Toxicroak|74\/100|[from] drain|[of] p1a: Corviknight\n|move|p1a: Corviknight|U-turn|p2a: Toxicroak\n|-resisted|p2a: Toxicroak\n|-damage|p2a: Toxicroak|71\/100\n|\n|t:|1699936392\n|switch|p1a: Amoonguss|Amoonguss, F|85\/100|[from] U-turn\n|\n|-heal|p2a: Toxicroak|77\/100|[from] item: Leftovers\n|upkeep\n|turn|44\n|\n|t:|1699936402\n|move|p2a: Toxicroak|Bulk Up|p2a: Toxicroak\n|-boost|p2a: Toxicroak|atk|1\n|-boost|p2a: Toxicroak|def|1\n|move|p1a: Amoonguss|Spore|p2a: Toxicroak\n|-status|p2a: Toxicroak|slp|[from] move: Spore\n|\n|-heal|p2a: Toxicroak|83\/100 slp|[from] item: Leftovers\n|upkeep\n|turn|45\n|\n|t:|1699936410\n|cant|p2a: Toxicroak|slp\n|move|p1a: Amoonguss|Clear Smog|p2a: Toxicroak\n|-resisted|p2a: Toxicroak\n|-damage|p2a: Toxicroak|72\/100 slp\n|-clearboost|p2a: Toxicroak\n|\n|-heal|p2a: Toxicroak|78\/100 slp|[from] item: Leftovers\n|upkeep\n|turn|46\n|\n|t:|1699936423\n|switch|p1a: Corviknight|Corviknight, F|57\/100\n|-ability|p1a: Corviknight|Pressure\n|-curestatus|p2a: Toxicroak|slp|[msg]\n|move|p2a: Toxicroak|Drain Punch|p1a: Corviknight\n|-damage|p1a: Corviknight|36\/100\n|-heal|p2a: Toxicroak|91\/100|[from] drain|[of] p1a: Corviknight\n|\n|-heal|p2a: Toxicroak|97\/100|[from] item: Leftovers\n|-heal|p1a: Corviknight|42\/100|[from] item: Leftovers\n|upkeep\n|turn|47\n|\n|t:|1699936433\n|move|p2a: Toxicroak|Drain Punch|p1a: Corviknight\n|-damage|p1a: Corviknight|23\/100\n|-heal|p2a: Toxicroak|100\/100|[from] drain|[of] p1a: Corviknight\n|move|p1a: Corviknight|Roost|p1a: Corviknight\n|-heal|p1a: Corviknight|73\/100\n|-singleturn|p1a: Corviknight|move: Roost\n|\n|-heal|p1a: Corviknight|79\/100|[from] item: Leftovers\n|upkeep\n|turn|48\n|\n|t:|1699936446\n|move|p2a: Toxicroak|Bulk Up|p2a: Toxicroak\n|-boost|p2a: Toxicroak|atk|1\n|-boost|p2a: Toxicroak|def|1\n|move|p1a: Corviknight|Brave Bird|p2a: Toxicroak\n|-supereffective|p2a: Toxicroak\n|-damage|p2a: Toxicroak|24\/100\n|-damage|p1a: Corviknight|59\/100|[from] Recoil\n|\n|-heal|p2a: Toxicroak|30\/100|[from] item: Leftovers\n|-heal|p1a: Corviknight|65\/100|[from] item: Leftovers\n|upkeep\n|turn|49\n|\n|t:|1699936455\n|move|p2a: Toxicroak|Drain Punch|p1a: Corviknight\n|-damage|p1a: Corviknight|35\/100\n|-heal|p2a: Toxicroak|50\/100|[from] drain|[of] p1a: Corviknight\n|move|p1a: Corviknight|Brave Bird|p2a: Toxicroak\n|-supereffective|p2a: Toxicroak\n|-damage|p2a: Toxicroak|0 fnt\n|faint|p2a: Toxicroak\n|-damage|p1a: Corviknight|22\/100|[from] Recoil\n|\n|-heal|p1a: Corviknight|28\/100|[from] item: Leftovers\n|upkeep\n|\n|t:|1699936467\n|switch|p2a: Ninetales|Ninetales, M|100\/100\n|turn|50\n|\n|t:|1699936492\n|switch|p1a: Samurott|Samurott-Hisui, M|82\/100\n|move|p2a: Ninetales|Calm Mind|p2a: Ninetales\n|-boost|p2a: Ninetales|spa|1\n|-boost|p2a: Ninetales|spd|1\n|\n|upkeep\n|turn|51\n|\n|t:|1699936502\n|move|p2a: Ninetales|Energy Ball|p1a: Samurott\n|-supereffective|p1a: Samurott\n|-damage|p1a: Samurott|20\/100\n|move|p1a: Samurott|Knock Off|p2a: Ninetales\n|-damage|p2a: Ninetales|37\/100\n|-enditem|p2a: Ninetales|Iapapa Berry|[from] move: Knock Off|[of] p1a: Samurott\n|\n|upkeep\n|turn|52\n|\n|t:|1699936511\n|move|p1a: Samurott|Aqua Jet|p2a: Ninetales\n|-supereffective|p2a: Ninetales\n|-damage|p2a: Ninetales|0 fnt\n|faint|p2a: Ninetales\n|\n|upkeep\n|\n|t:|1699936517\n|switch|p2a: Cramorant|Cramorant, F|100\/100\n|turn|53\n|\n|t:|1699936525\n|move|p1a: Samurott|Knock Off|p2a: Cramorant\n|-damage|p2a: Cramorant|43\/100\n|-enditem|p2a: Cramorant|Leftovers|[from] move: Knock Off|[of] p1a: Samurott\n|move|p2a: Cramorant|Aqua Ring|p2a: Cramorant\n|-start|p2a: Cramorant|Aqua Ring\n|\n|-heal|p2a: Cramorant|49\/100|[from] Aqua Ring\n|upkeep\n|turn|54\n|-message|HolisticMystic forfeited.\n|\n|win|ThatIsThePerson\n|raw|ThatIsThePerson's rating: 1070 &rarr; <strong>1094<\/strong><br \/>(+24 for winning)\n|raw|HolisticMystic's rating: 1006 &rarr; <strong>1000<\/strong><br \/>(-6 for losing)\n|l|\u2606HolisticMystic\n","uploadtime":1699936547,"views":17,"p1id":"thatistheperson","p2id":"holisticmystic","formatid":"gen9ou","rating":1000,"private":0,"password":""}