{"id":"gen9ou-1997226982","p1":"Tenzas","p2":"Joojito","format":"[Gen 9] OU","log":"|j|\u2606Tenzas\n|j|\u2606Joojito\n|t:|1700777752\n|gametype|singles\n|player|p1|Tenzas|wallace|1142\n|player|p2|Joojito|hilbert|1151\n|teamsize|p1|6\n|teamsize|p2|6\n|gen|9\n|tier|[Gen 9] OU\n|rated|\n|rule|Sleep Clause Mod: Limit one foe put to sleep\n|rule|Species Clause: Limit one of each Pok\u00e9mon\n|rule|OHKO Clause: OHKO moves are banned\n|rule|Evasion Items Clause: Evasion items are banned\n|rule|Evasion Moves Clause: Evasion moves are banned\n|rule|Endless Battle Clause: Forcing endless battles is banned\n|rule|HP Percentage Mod: HP is shown in percentages\n|clearpoke\n|poke|p1|Dragapult, M|\n|poke|p1|Skeledirge, M|\n|poke|p1|Mandibuzz, F|\n|poke|p1|Weezing-Galar, F|\n|poke|p1|Milotic, M|\n|poke|p1|Landorus-Therian, M|\n|poke|p2|Landorus-Therian, M|\n|poke|p2|Ceruledge, F|\n|poke|p2|Walking Wake|\n|poke|p2|Torkoal, M|\n|poke|p2|Great Tusk|\n|poke|p2|Ogerpon-Wellspring, F|\n|teampreview\n|\n|t:|1700777780\n|start\n|switch|p1a: Landorus|Landorus-Therian, M|100\/100\n|switch|p2a: Landorus|Landorus-Therian, M|100\/100\n|-ability|p2a: Landorus|Intimidate|boost\n|-unboost|p1a: Landorus|atk|1\n|-ability|p1a: Landorus|Intimidate|boost\n|-unboost|p2a: Landorus|atk|1\n|turn|1\n|inactive|Battle timer is ON: inactive players will automatically lose when time's up. (requested by Joojito)\n|\n|t:|1700777804\n|move|p2a: Landorus|Taunt|p1a: Landorus\n|-start|p1a: Landorus|move: Taunt\n|cant|p1a: Landorus|move: Taunt|Stealth Rock\n|\n|upkeep\n|turn|2\n|\n|t:|1700777812\n|switch|p2a: Ogerpon|Ogerpon-Wellspring, F|100\/100\n|move|p1a: Landorus|U-turn|p2a: Ogerpon\n|-supereffective|p2a: Ogerpon\n|-damage|p2a: Ogerpon|63\/100\n|\n|t:|1700777823\n|switch|p1a: Dragapult|Dragapult, M|100\/100|[from] U-turn\n|\n|upkeep\n|turn|3\n|\n|t:|1700777834\n|move|p1a: Dragapult|Shadow Ball|p2a: Ogerpon\n|-damage|p2a: Ogerpon|3\/100\n|-unboost|p2a: Ogerpon|spd|1\n|move|p2a: Ogerpon|Play Rough|p1a: Dragapult\n|-supereffective|p1a: Dragapult\n|-damage|p1a: Dragapult|8\/100\n|\n|upkeep\n|turn|4\n|\n|t:|1700777856\n|switch|p2a: Torkoal|Torkoal, M|100\/100\n|-weather|SunnyDay|[from] ability: Drought|[of] p2a: Torkoal\n|move|p1a: Dragapult|Shadow Ball|p2a: Torkoal\n|-damage|p2a: Torkoal|51\/100\n|\n|-weather|SunnyDay|[upkeep]\n|upkeep\n|turn|5\n|\n|t:|1700777868\n|-terastallize|p1a: Dragapult|Ghost\n|move|p1a: Dragapult|Shadow Ball|p2a: Torkoal\n|-damage|p2a: Torkoal|0 fnt\n|faint|p2a: Torkoal\n|\n|-weather|SunnyDay|[upkeep]\n|upkeep\n|inactive|Joojito has 120 seconds left.\n|\n|t:|1700777884\n|switch|p2a: Great Tusk|Great Tusk|100\/100\n|-activate|p2a: Great Tusk|ability: Protosynthesis\n|-start|p2a: Great Tusk|protosynthesisspe\n|turn|6\n|inactive|Joojito has 120 seconds left.\n|\n|t:|1700777898\n|move|p2a: Great Tusk|Ice Spinner|p1a: Dragapult\n|-damage|p1a: Dragapult|0 fnt\n|faint|p1a: Dragapult\n|\n|-weather|SunnyDay|[upkeep]\n|upkeep\n|inactive|Tenzas has 120 seconds left.\n|\n|t:|1700777929\n|switch|p1a: Milotic|Milotic, M|100\/100\n|turn|7\n|inactive|Joojito has 120 seconds left.\n|inactive|Joojito has 90 seconds left.\n|\n|t:|1700777977\n|-terastallize|p2a: Great Tusk|Ice\n|move|p2a: Great Tusk|Close Combat|p1a: Milotic\n|-damage|p1a: Milotic|46\/100\n|-unboost|p2a: Great Tusk|def|1\n|-unboost|p2a: Great Tusk|spd|1\n|move|p1a: Milotic|Scald|p2a: Great Tusk\n|-damage|p2a: Great Tusk|71\/100\n|\n|-weather|SunnyDay|[upkeep]\n|upkeep\n|turn|8\n|inactive|Joojito has 90 seconds left.\n|\n|t:|1700777991\n|switch|p1a: Weezing|Weezing-Galar, F|100\/100\n|-ability|p1a: Weezing|Neutralizing Gas\n|move|p2a: Great Tusk|Close Combat|p1a: Weezing\n|-resisted|p1a: Weezing\n|-damage|p1a: Weezing|92\/100\n|-unboost|p2a: Great Tusk|def|1\n|-unboost|p2a: Great Tusk|spd|1\n|\n|-weather|SunnyDay|[upkeep]\n|-heal|p1a: Weezing|98\/100|[from] item: Leftovers\n|upkeep\n|turn|9\n|inactive|Joojito has 90 seconds left.\n|\n|t:|1700778001\n|-end|p1a: Weezing|ability: Neutralizing Gas\n|switch|p1a: Landorus|Landorus-Therian, M|100\/100\n|-ability|p1a: Landorus|Intimidate|boost\n|-unboost|p2a: Great Tusk|atk|1\n|move|p2a: Great Tusk|Headlong Rush|p1a: Landorus\n|-immune|p1a: Landorus\n|\n|-weather|SunnyDay|[upkeep]\n|upkeep\n|turn|10\n|inactive|Joojito has 90 seconds left.\n|\n|t:|1700778016\n|switch|p1a: Weezing|Weezing-Galar, F|98\/100\n|-ability|p1a: Weezing|Neutralizing Gas\n|move|p2a: Great Tusk|Ice Spinner|p1a: Weezing\n|-damage|p1a: Weezing|83\/100\n|\n|-weather|SunnyDay|[upkeep]\n|-heal|p1a: Weezing|89\/100|[from] item: Leftovers\n|upkeep\n|turn|11\n|\n|t:|1700778026\n|move|p2a: Great Tusk|Headlong Rush|p1a: Weezing\n|-supereffective|p1a: Weezing\n|-damage|p1a: Weezing|44\/100\n|-unboost|p2a: Great Tusk|def|1\n|-unboost|p2a: Great Tusk|spd|1\n|move|p1a: Weezing|Will-O-Wisp|p2a: Great Tusk\n|-status|p2a: Great Tusk|brn\n|\n|-weather|none\n|-end|p2a: Great Tusk|Protosynthesis\n|-heal|p1a: Weezing|50\/100|[from] item: Leftovers\n|-damage|p2a: Great Tusk|65\/100 brn|[from] brn\n|upkeep\n|-enditem|p2a: Great Tusk|Booster Energy\n|-activate|p2a: Great Tusk|ability: Protosynthesis|[fromitem]\n|-start|p2a: Great Tusk|protosynthesisspe\n|turn|12\n|inactive|Joojito has 90 seconds left.\n|\n|t:|1700778048\n|-end|p1a: Weezing|ability: Neutralizing Gas\n|switch|p1a: Landorus|Landorus-Therian, M|100\/100\n|-ability|p1a: Landorus|Intimidate|boost\n|-unboost|p2a: Great Tusk|atk|1\n|move|p2a: Great Tusk|Headlong Rush|p1a: Landorus\n|-immune|p1a: Landorus\n|\n|-damage|p2a: Great Tusk|59\/100 brn|[from] brn\n|upkeep\n|turn|13\n|inactive|Joojito has 90 seconds left.\n|\n|t:|1700778074\n|move|p2a: Great Tusk|Bulk Up|p2a: Great Tusk\n|-boost|p2a: Great Tusk|atk|1\n|-boost|p2a: Great Tusk|def|1\n|move|p1a: Landorus|Earthquake|p2a: Great Tusk\n|-damage|p2a: Great Tusk|0 fnt\n|faint|p2a: Great Tusk\n|-end|p2a: Great Tusk|Protosynthesis|[silent]\n|\n|upkeep\n|\n|t:|1700778086\n|switch|p2a: Ogerpon|Ogerpon-Wellspring, F|3\/100\n|turn|14\n|inactive|Tenzas has 120 seconds left.\n|\n|t:|1700778132\n|switch|p1a: Skeledirge|Skeledirge, M|100\/100\n|move|p2a: Ogerpon|Ivy Cudgel|p1a: Skeledirge|[anim] Ivy Cudgel Water\n|-supereffective|p1a: Skeledirge\n|-damage|p1a: Skeledirge|6\/100\n|\n|upkeep\n|turn|15\n|\n|t:|1700778141\n|move|p2a: Ogerpon|Ivy Cudgel|p1a: Skeledirge|[anim] Ivy Cudgel Water\n|-supereffective|p1a: Skeledirge\n|-damage|p1a: Skeledirge|0 fnt\n|faint|p1a: Skeledirge\n|\n|upkeep\n|\n|t:|1700778143\n|switch|p1a: Mandibuzz|Mandibuzz, F|100\/100\n|turn|16\n|\n|t:|1700778148\n|move|p2a: Ogerpon|Play Rough|p1a: Mandibuzz\n|-supereffective|p1a: Mandibuzz\n|-damage|p1a: Mandibuzz|63\/100\n|move|p1a: Mandibuzz|Iron Defense|p1a: Mandibuzz\n|-boost|p1a: Mandibuzz|def|2\n|\n|upkeep\n|turn|17\n|\n|t:|1700778156\n|move|p2a: Ogerpon|Ivy Cudgel|p1a: Mandibuzz|[anim] Ivy Cudgel Water\n|-damage|p1a: Mandibuzz|45\/100\n|move|p1a: Mandibuzz|Roost|p1a: Mandibuzz\n|-heal|p1a: Mandibuzz|95\/100\n|-singleturn|p1a: Mandibuzz|move: Roost\n|\n|upkeep\n|turn|18\n|\n|t:|1700778166\n|move|p2a: Ogerpon|Play Rough|p1a: Mandibuzz\n|-supereffective|p1a: Mandibuzz\n|-damage|p1a: Mandibuzz|75\/100\n|move|p1a: Mandibuzz|Foul Play|p2a: Ogerpon\n|-damage|p2a: Ogerpon|0 fnt\n|faint|p2a: Ogerpon\n|\n|upkeep\n|inactive|Joojito has 90 seconds left.\n|\n|t:|1700778191\n|switch|p2a: Walking Wake|Walking Wake|100\/100\n|turn|19\n|inactive|Joojito has 90 seconds left.\n|\n|t:|1700778204\n|switch|p1a: Weezing|Weezing-Galar, F|50\/100\n|-ability|p1a: Weezing|Neutralizing Gas\n|move|p2a: Walking Wake|Hydro Steam|p1a: Weezing\n|-damage|p1a: Weezing|0 fnt\n|faint|p1a: Weezing\n|-end|p1a: Weezing|ability: Neutralizing Gas\n|\n|upkeep\n|\n|t:|1700778208\n|switch|p1a: Milotic|Milotic, M|46\/100\n|turn|20\n|\n|t:|1700778217\n|move|p2a: Walking Wake|Hydro Steam|p1a: Milotic\n|-resisted|p1a: Milotic\n|-damage|p1a: Milotic|28\/100\n|move|p1a: Milotic|Recover|p1a: Milotic\n|-heal|p1a: Milotic|78\/100\n|\n|upkeep\n|turn|21\n|\n|t:|1700778227\n|move|p2a: Walking Wake|Hydro Steam|p1a: Milotic\n|-resisted|p1a: Milotic\n|-damage|p1a: Milotic|61\/100\n|move|p1a: Milotic|Recover|p1a: Milotic\n|-heal|p1a: Milotic|100\/100\n|\n|upkeep\n|turn|22\n|\n|t:|1700778235\n|move|p2a: Walking Wake|Hydro Steam|p1a: Milotic\n|-resisted|p1a: Milotic\n|-damage|p1a: Milotic|81\/100\n|move|p1a: Milotic|Mirror Coat|p2a: Walking Wake\n|-damage|p2a: Walking Wake|56\/100\n|\n|upkeep\n|turn|23\n|\n|t:|1700778249\n|-end|p2a: Walking Wake|Protosynthesis|[silent]\n|switch|p2a: Ceruledge|Ceruledge, F|100\/100\n|move|p1a: Milotic|Scald|p2a: Ceruledge\n|-supereffective|p2a: Ceruledge\n|-damage|p2a: Ceruledge|41\/100\n|\n|upkeep\n|turn|24\n|\n|t:|1700778265\n|switch|p1a: Mandibuzz|Mandibuzz, F|75\/100\n|move|p2a: Ceruledge|Poltergeist|p1a: Mandibuzz\n|-activate|p1a: Mandibuzz|move: Poltergeist|Heavy-Duty Boots\n|-resisted|p1a: Mandibuzz\n|-damage|p1a: Mandibuzz|58\/100\n|\n|upkeep\n|turn|25\n|\n|t:|1700778272\n|move|p2a: Ceruledge|Bitter Blade|p1a: Mandibuzz\n|-damage|p1a: Mandibuzz|34\/100\n|-heal|p2a: Ceruledge|58\/100|[from] drain|[of] p1a: Mandibuzz\n|move|p1a: Mandibuzz|Roost|p1a: Mandibuzz\n|-heal|p1a: Mandibuzz|84\/100\n|-singleturn|p1a: Mandibuzz|move: Roost\n|\n|upkeep\n|turn|26\n|\n|t:|1700778288\n|switch|p2a: Walking Wake|Walking Wake|56\/100\n|move|p1a: Mandibuzz|Iron Defense|p1a: Mandibuzz\n|-boost|p1a: Mandibuzz|def|2\n|\n|upkeep\n|turn|27\n|\n|t:|1700778301\n|switch|p1a: Landorus|Landorus-Therian, M|100\/100\n|-ability|p1a: Landorus|Intimidate|boost\n|-unboost|p2a: Walking Wake|atk|1\n|move|p2a: Walking Wake|Draco Meteor|p1a: Landorus\n|-damage|p1a: Landorus|0 fnt\n|-unboost|p2a: Walking Wake|spa|2\n|faint|p1a: Landorus\n|\n|upkeep\n|\n|t:|1700778303\n|switch|p1a: Milotic|Milotic, M|81\/100\n|turn|28\n|inactive|Joojito has 120 seconds left.\n|\n|t:|1700778325\n|-end|p2a: Walking Wake|Protosynthesis|[silent]\n|switch|p2a: Ceruledge|Ceruledge, F|58\/100\n|move|p1a: Milotic|Scald|p2a: Ceruledge\n|-supereffective|p2a: Ceruledge\n|-damage|p2a: Ceruledge|0 fnt\n|faint|p2a: Ceruledge\n|\n|upkeep\n|\n|t:|1700778332\n|switch|p2a: Walking Wake|Walking Wake|56\/100\n|turn|29\n|\n|t:|1700778336\n|move|p2a: Walking Wake|Draco Meteor|p1a: Milotic\n|-damage|p1a: Milotic|24\/100\n|-unboost|p2a: Walking Wake|spa|2\n|move|p1a: Milotic|Mirror Coat|p2a: Walking Wake\n|-damage|p2a: Walking Wake|0 fnt\n|faint|p2a: Walking Wake\n|-end|p2a: Walking Wake|Protosynthesis|[silent]\n|\n|upkeep\n|\n|t:|1700778345\n|switch|p2a: Landorus|Landorus-Therian, M|100\/100\n|-ability|p2a: Landorus|Intimidate|boost\n|-unboost|p1a: Milotic|atk|1\n|turn|30\n|inactive|Joojito has 120 seconds left.\n|\n|t:|1700778351\n|move|p2a: Landorus|Earthquake|p1a: Milotic\n|-damage|p1a: Milotic|0 fnt\n|faint|p1a: Milotic\n|\n|upkeep\n|\n|t:|1700778353\n|switch|p1a: Mandibuzz|Mandibuzz, F|84\/100\n|turn|31\n|c|\u2606Joojito|gg\n|\n|t:|1700778363\n|move|p2a: Landorus|Earthquake|p1a: Mandibuzz\n|-immune|p1a: Mandibuzz\n|move|p1a: Mandibuzz|Iron Defense|p1a: Mandibuzz\n|-boost|p1a: Mandibuzz|def|2\n|\n|upkeep\n|turn|32\n|c|\u2606Tenzas|gg\n|\n|t:|1700778370\n|move|p2a: Landorus|Earthquake|p1a: Mandibuzz\n|-immune|p1a: Mandibuzz\n|move|p1a: Mandibuzz|Toxic|p2a: Landorus\n|-status|p2a: Landorus|tox\n|\n|-damage|p2a: Landorus|95\/100 tox|[from] psn\n|upkeep\n|turn|33\n|\n|t:|1700778377\n|move|p2a: Landorus|Earthquake|p1a: Mandibuzz\n|-immune|p1a: Mandibuzz\n|move|p1a: Mandibuzz|Roost|p1a: Mandibuzz\n|-heal|p1a: Mandibuzz|100\/100\n|-singleturn|p1a: Mandibuzz|move: Roost\n|\n|-damage|p2a: Landorus|83\/100 tox|[from] psn\n|upkeep\n|turn|34\n|-message|Joojito forfeited.\n|\n|win|Tenzas\n|raw|Tenzas's rating: 1142 &rarr; <strong>1168<\/strong><br \/>(+26 for winning)\n|raw|Joojito's rating: 1151 &rarr; <strong>1125<\/strong><br \/>(-26 for losing)\n|l|\u2606Joojito\n","uploadtime":1700778392,"views":5,"p1id":"tenzas","p2id":"joojito","formatid":"gen9ou","rating":1125,"private":0,"password":""}