{"id":"gen9ou-1990760324","p1":"Skitarii Ranger","p2":"cyberuki","format":"[Gen 9] OU","log":"|j|\u2606Skitarii Ranger\n|j|\u2606cyberuki\n|t:|1699998251\n|gametype|singles\n|player|p1|Skitarii Ranger|102|1367\n|player|p2|cyberuki|depotagent|1440\n|teamsize|p1|6\n|teamsize|p2|6\n|gen|9\n|tier|[Gen 9] OU\n|rated|\n|rule|Sleep Clause Mod: Limit one foe put to sleep\n|rule|Species Clause: Limit one of each Pok\u00e9mon\n|rule|OHKO Clause: OHKO moves are banned\n|rule|Evasion Items Clause: Evasion items are banned\n|rule|Evasion Moves Clause: Evasion moves are banned\n|rule|Endless Battle Clause: Forcing endless battles is banned\n|rule|HP Percentage Mod: HP is shown in percentages\n|clearpoke\n|poke|p1|Walking Wake|\n|poke|p1|Torkoal, F|\n|poke|p1|Garchomp, M|\n|poke|p1|Ceruledge, F|\n|poke|p1|Meowscarada, F|\n|poke|p1|Zoroark-Hisui, M|\n|poke|p2|Rillaboom, M|\n|poke|p2|Sneasler, F|\n|poke|p2|Hatterene, F|\n|poke|p2|Kingambit, M|\n|poke|p2|Manaphy|\n|poke|p2|Cinderace, M|\n|teampreview\n|inactive|Battle timer is ON: inactive players will automatically lose when time's up. (requested by cyberuki)\n|\n|t:|1699998261\n|start\n|switch|p1a: Garchomp|Garchomp, M|100\/100\n|switch|p2a: peanut|Cinderace, M|100\/100\n|turn|1\n|\n|t:|1699998270\n|switch|p2a: oney|Rillaboom, M, shiny|100\/100\n|-fieldstart|move: Grassy Terrain|[from] ability: Grassy Surge|[of] p2a: oney\n|move|p1a: Garchomp|Nasty Plot|p1a: Garchomp\n|-boost|p1a: Garchomp|spa|2\n|\n|upkeep\n|turn|2\n|\n|t:|1699998278\n|move|p1a: Garchomp|Flamethrower|p2a: oney\n|-supereffective|p2a: oney\n|-damage|p2a: oney|0 fnt\n|faint|p2a: oney\n|\n|upkeep\n|c|\u2606cyberuki|special chomp??\n|c|\u2606cyberuki|what is bro cooking\n|\n|t:|1699998293\n|switch|p2a: milk|Manaphy|100\/100\n|turn|3\n|\n|t:|1699998303\n|move|p1a: Garchomp|Shadow Ball|p2a: milk\n|-damage|p2a: milk|31\/100\n|move|p2a: milk|Take Heart|p2a: milk\n|-boost|p2a: milk|spa|1\n|-boost|p2a: milk|spd|1\n|\n|-heal|p2a: milk|37\/100|[from] Grassy Terrain\n|-heal|p2a: milk|43\/100|[from] item: Leftovers\n|upkeep\n|turn|4\n|\n|t:|1699998316\n|move|p1a: Garchomp|Hyper Beam|p2a: milk\n|-damage|p2a: milk|0 fnt\n|-mustrecharge|p1a: Garchomp\n|faint|p2a: milk\n|\n|upkeep\n|\n|t:|1699998322\n|switch|p2a: plunger head|Hatterene, F|100\/100\n|-enditem|p2a: plunger head|Grassy Seed\n|-boost|p2a: plunger head|def|1|[from] item: Grassy Seed\n|turn|5\n|c|\u2606Skitarii Ranger|let him cook\n|inactive|cyberuki has 120 seconds left.\n|inactive|cyberuki has 90 seconds left.\n|\n|t:|1699998390\n|cant|p1a: Garchomp|recharge\n|move|p2a: plunger head|Calm Mind|p2a: plunger head\n|-boost|p2a: plunger head|spa|1\n|-boost|p2a: plunger head|spd|1\n|\n|-fieldend|move: Grassy Terrain\n|upkeep\n|turn|6\n|inactive|cyberuki has 90 seconds left.\n|\n|t:|1699998400\n|move|p1a: Garchomp|Nasty Plot|p1a: Garchomp\n|-boost|p1a: Garchomp|spa|2\n|move|p2a: plunger head|Draining Kiss|p1a: Garchomp\n|-damage|p1a: Garchomp|29\/100\n|replace|p1a: Zoroark|Zoroark-Hisui, M\n|-end|p1a: Zoroark|Illusion\n|\n|upkeep\n|turn|7\n|inactive|cyberuki has 90 seconds left.\n|c|\u2606cyberuki|mf i didnt see zoroark in the corner\n|c|\u2606cyberuki|lmaooo\n|c|\u2606Skitarii Ranger|hahaha\n|\n|t:|1699998439\n|move|p1a: Zoroark|Shadow Ball|p2a: plunger head\n|-supereffective|p2a: plunger head\n|-damage|p2a: plunger head|0 fnt\n|faint|p2a: plunger head\n|\n|upkeep\n|\n|t:|1699998448\n|switch|p2a: peanut|Cinderace, M|100\/100\n|turn|8\n|\n|t:|1699998457\n|switch|p1a: Ceruledge|Ceruledge, F, shiny|100\/100\n|-item|p1a: Ceruledge|Air Balloon\n|move|p2a: peanut|Pyro Ball|p1a: Ceruledge\n|-start|p1a: Ceruledge|ability: Flash Fire\n|\n|upkeep\n|turn|9\n|inactive|cyberuki has 60 seconds left.\n|\n|t:|1699998487\n|move|p2a: peanut|U-turn|p1a: Ceruledge\n|-start|p2a: peanut|typechange|Bug|[from] ability: Libero\n|-resisted|p1a: Ceruledge\n|-damage|p1a: Ceruledge|84\/100\n|-enditem|p1a: Ceruledge|Air Balloon\n|-damage|p2a: peanut|91\/100|[from] item: Life Orb\n|inactive|cyberuki has 60 seconds left.\n|\n|t:|1699998494\n|switch|p2a: satan|Kingambit, M|100\/100|[from] U-turn\n|-activate|p2a: satan|ability: Supreme Overlord\n|-start|p2a: satan|fallen3|[silent]\n|move|p1a: Ceruledge|Close Combat|p2a: satan\n|-supereffective|p2a: satan\n|-damage|p2a: satan|0 fnt\n|-unboost|p1a: Ceruledge|def|1\n|-unboost|p1a: Ceruledge|spd|1\n|faint|p2a: satan\n|-end|p2a: satan|fallen3|[silent]\n|\n|upkeep\n|inactive|cyberuki has 60 seconds left.\n|\n|t:|1699998505\n|switch|p2a: shanks|Sneasler, F|100\/100\n|turn|10\n|inactive|cyberuki has 60 seconds left.\n|\n|t:|1699998512\n|move|p1a: Ceruledge|Bitter Blade|p2a: shanks\n|-damage|p2a: shanks|7\/100\n|-heal|p1a: Ceruledge|100\/100|[from] drain|[of] p2a: shanks\n|move|p2a: shanks|Lash Out|p1a: Ceruledge\n|-supereffective|p1a: Ceruledge\n|-damage|p1a: Ceruledge|0 fnt\n|faint|p1a: Ceruledge\n|\n|upkeep\n|\n|t:|1699998527\n|switch|p1a: Torkoal|Torkoal, F|100\/100\n|-weather|SunnyDay|[from] ability: Drought|[of] p1a: Torkoal\n|turn|11\n|inactive|cyberuki has 60 seconds left.\n|\n|t:|1699998569\n|move|p2a: shanks|Close Combat|p1a: Torkoal\n|-damage|p1a: Torkoal|48\/100\n|-unboost|p2a: shanks|def|1\n|-unboost|p2a: shanks|spd|1\n|move|p1a: Torkoal|Earth Power|p2a: shanks\n|-supereffective|p2a: shanks\n|-crit|p2a: shanks\n|-damage|p2a: shanks|0 fnt\n|faint|p2a: shanks\n|\n|-weather|SunnyDay|[upkeep]\n|upkeep\n|\n|t:|1699998578\n|switch|p2a: peanut|Cinderace, M|91\/100\n|turn|12\n|\n|t:|1699998581\n|move|p2a: peanut|High Jump Kick|p1a: Torkoal\n|-start|p2a: peanut|typechange|Fighting|[from] ability: Libero\n|-damage|p1a: Torkoal|0 fnt\n|faint|p1a: Torkoal\n|-damage|p2a: peanut|81\/100|[from] item: Life Orb\n|\n|-weather|SunnyDay|[upkeep]\n|upkeep\n|\n|t:|1699998587\n|switch|p1a: Walking Wake|Walking Wake|100\/100\n|-activate|p1a: Walking Wake|ability: Protosynthesis\n|-start|p1a: Walking Wake|protosynthesisspe\n|turn|13\n|\n|t:|1699998594\n|-terastallize|p1a: Walking Wake|Fairy\n|move|p1a: Walking Wake|Tera Blast|p2a: peanut|[anim] Tera Blast Fairy\n|-supereffective|p2a: peanut\n|-damage|p2a: peanut|0 fnt\n|faint|p2a: peanut\n|-damage|p1a: Walking Wake|91\/100|[from] item: Life Orb\n|\n|win|Skitarii Ranger\n|raw|Skitarii Ranger's rating: 1367 &rarr; <strong>1391<\/strong><br \/>(+24 for winning)\n|raw|cyberuki's rating: 1440 &rarr; <strong>1416<\/strong><br \/>(-24 for losing)\n|c|\u2606Skitarii Ranger|gg\n|c|\u2606cyberuki|lmao gg\n|l|\u2606cyberuki\n","uploadtime":1699998608,"views":9,"p1id":"skitariiranger","p2id":"cyberuki","formatid":"gen9ou","rating":1391,"private":0,"password":""}