{"id":"gen9ou-1996906493","p1":"nis298","p2":"nephilimuscat","format":"[Gen 9] OU","log":"|j|\u2606nis298\n|j|\u2606nephilimuscat\n|inactive|Battle timer is ON: inactive players will automatically lose when time's up.\n|t:|1700743158\n|gametype|singles\n|player|p1|nis298|scientistf|\n|player|p2|nephilimuscat|policeman-gen4|\n|teamsize|p1|6\n|teamsize|p2|6\n|gen|9\n|tier|[Gen 9] OU\n|rated|Tournament battle\n|rule|Sleep Clause Mod: Limit one foe put to sleep\n|rule|Species Clause: Limit one of each Pok\u00e9mon\n|rule|OHKO Clause: OHKO moves are banned\n|rule|Evasion Items Clause: Evasion items are banned\n|rule|Evasion Moves Clause: Evasion moves are banned\n|rule|Endless Battle Clause: Forcing endless battles is banned\n|rule|HP Percentage Mod: HP is shown in percentages\n|clearpoke\n|poke|p1|Landorus-Therian, M|\n|poke|p1|Slowking-Galar, M|\n|poke|p1|Talonflame, F|\n|poke|p1|Dragapult, F|\n|poke|p1|Crawdaunt, M|\n|poke|p1|Iron Hands|\n|poke|p2|Ribombee, F|\n|poke|p2|Dragonite, M|\n|poke|p2|Great Tusk|\n|poke|p2|Iron Moth|\n|poke|p2|Kingambit, M|\n|poke|p2|Gholdengo|\n|teampreview\n|inactive|nis298 also wants the timer to be on.\n|inactive|nephilimuscat has 120 seconds left.\n|\n|t:|1700743216\n|start\n|switch|p1a: Talonflame|Talonflame, F|100\/100\n|switch|p2a: Abaille ou ...|Ribombee, F, shiny|100\/100\n|turn|1\n|\n|t:|1700743222\n|move|p1a: Talonflame|Heat Wave|p2a: Abaille ou ...|[miss]\n|-miss|p1a: Talonflame|p2a: Abaille ou ...\n|move|p2a: Abaille ou ...|Sticky Web|p1a: Talonflame\n|-sidestart|p1: nis298|move: Sticky Web\n|\n|upkeep\n|turn|2\n|\n|t:|1700743230\n|move|p1a: Talonflame|Heat Wave|p2a: Abaille ou ...\n|-supereffective|p2a: Abaille ou ...\n|-damage|p2a: Abaille ou ...|6\/100\n|move|p2a: Abaille ou ...|Stun Spore|p1a: Talonflame\n|-status|p1a: Talonflame|par\n|\n|upkeep\n|turn|3\n|inactive|nephilimuscat has 120 seconds left.\n|l|\u2606nis298\n|inactive|nis298 disconnected and has a minute to reconnect!\n|player|p1|\n|\n|t:|1700743280\n|switch|p2a: Iron Moth|Iron Moth, shiny|100\/100\n|-enditem|p2a: Iron Moth|Booster Energy\n|-activate|p2a: Iron Moth|ability: Quark Drive|[fromitem]\n|-start|p2a: Iron Moth|quarkdrivespe\n|move|p1a: Talonflame|Heat Wave|p2a: Iron Moth\n|-resisted|p2a: Iron Moth\n|-damage|p2a: Iron Moth|88\/100\n|\n|upkeep\n|turn|4\n|inactive|nis298 has 30 seconds to reconnect!\n|j|\u2606nis298\n|inactive|nis298 reconnected and has 120 seconds left.\n|player|p1|nis298|scientistf\n|\n|t:|1700743322\n|move|p2a: Iron Moth|Substitute|p2a: Iron Moth\n|-start|p2a: Iron Moth|Substitute\n|-damage|p2a: Iron Moth|63\/100\n|move|p1a: Talonflame|Defog|p2a: Iron Moth\n|-sideend|p1: nis298|Sticky Web|[from] move: Defog|[of] p1a: Talonflame\n|\n|upkeep\n|turn|5\n|\n|t:|1700743335\n|move|p2a: Iron Moth|Fiery Dance|p1a: Talonflame\n|-resisted|p1a: Talonflame\n|-damage|p1a: Talonflame|72\/100 par\n|move|p1a: Talonflame|U-turn|p2a: Iron Moth\n|-resisted|p2a: Iron Moth\n|-activate|p2a: Iron Moth|move: Substitute|[damage]\n|l|\u2606nis298\n|inactive|nis298 disconnected and has a minute to reconnect!\n|player|p1|\n|inactive|nis298 has 30 seconds to reconnect!\n|inactive|nis298 has 20 seconds to reconnect!\n|inactive|nis298 has 15 seconds to reconnect!\n|j|\u2606nis298\n|inactive|nis298 reconnected and has 60 seconds left.\n|player|p1|nis298|scientistf\n|\n|t:|1700743401\n|switch|p1a: Slowking|Slowking-Galar, M|100\/100|[from] U-turn\n|\n|upkeep\n|turn|6\n|\n|t:|1700743410\n|move|p2a: Iron Moth|Fiery Dance|p1a: Slowking\n|-damage|p1a: Slowking|77\/100\n|-boost|p2a: Iron Moth|spa|1\n|move|p1a: Slowking|Future Sight|p2a: Iron Moth\n|-start|p1a: Slowking|move: Future Sight\n|\n|upkeep\n|turn|7\n|inactive|nis298 has 60 seconds left.\n|\n|t:|1700743421\n|move|p2a: Iron Moth|Fiery Dance|p1a: Slowking\n|-damage|p1a: Slowking|43\/100\n|-boost|p2a: Iron Moth|spa|1\n|move|p1a: Slowking|Chilly Reception|p1a: Slowking\n|-weather|Snow\n|inactive|nis298 has 60 seconds left.\n|\n|t:|1700743429\n|switch|p1a: Iron Hands|Iron Hands|100\/100|[from] Chilly Reception\n|\n|-weather|Snow|[upkeep]\n|upkeep\n|turn|8\n|inactive|nephilimuscat has 120 seconds left.\n|\n|t:|1700743442\n|-terastallize|p2a: Iron Moth|Fairy\n|move|p2a: Iron Moth|Dazzling Gleam|p1a: Iron Hands\n|-supereffective|p1a: Iron Hands\n|-damage|p1a: Iron Hands|22\/100\n|move|p1a: Iron Hands|Volt Switch|p2a: Iron Moth\n|-activate|p2a: Iron Moth|move: Substitute|[damage]\n|\n|t:|1700743454\n|-end|p1a: Iron Hands|Quark Drive|[silent]\n|switch|p1a: Crawdaunt|Crawdaunt, M|100\/100|[from] Volt Switch\n|\n|-weather|Snow|[upkeep]\n|-end|p2a: Iron Moth|move: Future Sight\n|-end|p2a: Iron Moth|Substitute\n|upkeep\n|turn|9\n|inactive|nephilimuscat has 120 seconds left.\n|\n|t:|1700743466\n|-terastallize|p1a: Crawdaunt|Water\n|move|p1a: Crawdaunt|Aqua Jet|p2a: Iron Moth\n|-damage|p2a: Iron Moth|0 fnt\n|faint|p2a: Iron Moth\n|-end|p2a: Iron Moth|Quark Drive|[silent]\n|\n|-weather|Snow|[upkeep]\n|upkeep\n|inactive|nephilimuscat has 120 seconds left.\n|\n|t:|1700743477\n|switch|p2a: Nyoonnnn|Dragonite, M, shiny|100\/100\n|turn|10\n|\n|t:|1700743485\n|switch|p1a: Slowking|Slowking-Galar, M|76\/100\n|move|p2a: Nyoonnnn|Dragon Dance|p2a: Nyoonnnn\n|-boost|p2a: Nyoonnnn|atk|1\n|-boost|p2a: Nyoonnnn|spe|1\n|\n|-weather|Snow|[upkeep]\n|upkeep\n|turn|11\n|\n|t:|1700743495\n|move|p2a: Nyoonnnn|Dragon Dance|p2a: Nyoonnnn\n|-boost|p2a: Nyoonnnn|atk|1\n|-boost|p2a: Nyoonnnn|spe|1\n|move|p1a: Slowking|Toxic|p2a: Nyoonnnn\n|-status|p2a: Nyoonnnn|tox\n|\n|-weather|none\n|-damage|p2a: Nyoonnnn|94\/100 tox|[from] psn\n|upkeep\n|turn|12\n|inactive|nis298 has 90 seconds left.\n|\n|t:|1700743514\n|switch|p1a: Landorus|Landorus-Therian, M|100\/100\n|-ability|p1a: Landorus|Intimidate|boost\n|-unboost|p2a: Nyoonnnn|atk|1\n|move|p2a: Nyoonnnn|Earthquake|p1a: Landorus\n|-immune|p1a: Landorus\n|\n|-heal|p2a: Nyoonnnn|100\/100 tox|[from] item: Leftovers\n|-damage|p2a: Nyoonnnn|88\/100 tox|[from] psn\n|upkeep\n|turn|13\n|l|\u2606nis298\n|inactive|nis298 disconnected and has a minute to reconnect!\n|player|p1|\n|inactive|nephilimuscat has 120 seconds left.\n|j|\u2606nis298\n|inactive|nis298 reconnected and has 80 seconds left.\n|player|p1|nis298|scientistf\n|\n|t:|1700743543\n|move|p2a: Nyoonnnn|Ice Spinner|p1a: Landorus\n|-supereffective|p1a: Landorus\n|-damage|p1a: Landorus|0 fnt\n|faint|p1a: Landorus\n|\n|-heal|p2a: Nyoonnnn|94\/100 tox|[from] item: Leftovers\n|-damage|p2a: Nyoonnnn|76\/100 tox|[from] psn\n|upkeep\n|\n|t:|1700743552\n|switch|p1a: Talonflame|Talonflame, F|72\/100 par\n|turn|14\n|l|\u2606nis298\n|inactive|nis298 disconnected and has a minute to reconnect!\n|player|p1|\n|j|\u2606nis298\n|inactive|nis298 reconnected and has 60 seconds left.\n|player|p1|nis298|scientistf\n|\n|t:|1700743584\n|move|p2a: Nyoonnnn|Extreme Speed|p1a: Talonflame\n|-damage|p1a: Talonflame|10\/100 par\n|move|p1a: Talonflame|U-turn|p2a: Nyoonnnn\n|-resisted|p2a: Nyoonnnn\n|-damage|p2a: Nyoonnnn|69\/100 tox\n|\n|t:|1700743590\n|switch|p1a: Dragapult|Dragapult, F|100\/100|[from] U-turn\n|\n|-heal|p2a: Nyoonnnn|75\/100 tox|[from] item: Leftovers\n|-damage|p2a: Nyoonnnn|50\/100 tox|[from] psn\n|upkeep\n|turn|15\n|\n|t:|1700743607\n|switch|p1a: Talonflame|Talonflame, F|10\/100 par\n|move|p2a: Nyoonnnn|Ice Spinner|p1a: Talonflame\n|-damage|p1a: Talonflame|0 fnt\n|faint|p1a: Talonflame\n|\n|-heal|p2a: Nyoonnnn|57\/100 tox|[from] item: Leftovers\n|-damage|p2a: Nyoonnnn|25\/100 tox|[from] psn\n|upkeep\n|\n|t:|1700743615\n|switch|p1a: Slowking|Slowking-Galar, M|100\/100\n|turn|16\n|\n|t:|1700743622\n|move|p2a: Nyoonnnn|Earthquake|p1a: Slowking\n|-supereffective|p1a: Slowking\n|-damage|p1a: Slowking|0 fnt\n|faint|p1a: Slowking\n|\n|-heal|p2a: Nyoonnnn|32\/100 tox|[from] item: Leftovers\n|-damage|p2a: Nyoonnnn|0 fnt|[from] psn\n|faint|p2a: Nyoonnnn\n|upkeep\n|\n|t:|1700743642\n|switch|p2a: Scalpe l'empereur|Kingambit, M, shiny|100\/100\n|switch|p1a: Dragapult|Dragapult, F|100\/100\n|-activate|p2a: Scalpe l'empereur|ability: Supreme Overlord\n|-start|p2a: Scalpe l'empereur|fallen2|[silent]\n|turn|17\n|\n|t:|1700743653\n|switch|p1a: Iron Hands|Iron Hands|22\/100\n|move|p2a: Scalpe l'empereur|Swords Dance|p2a: Scalpe l'empereur\n|-boost|p2a: Scalpe l'empereur|atk|2\n|\n|upkeep\n|turn|18\n|\n|t:|1700743663\n|move|p2a: Scalpe l'empereur|Iron Head|p1a: Iron Hands\n|-resisted|p1a: Iron Hands\n|-damage|p1a: Iron Hands|0 fnt\n|faint|p1a: Iron Hands\n|-end|p1a: Iron Hands|Quark Drive|[silent]\n|\n|upkeep\n|\n|t:|1700743666\n|switch|p1a: Crawdaunt|Crawdaunt, M, tera:Water|100\/100\n|turn|19\n|\n|t:|1700743685\n|move|p2a: Scalpe l'empereur|Sucker Punch|p1a: Crawdaunt\n|-damage|p1a: Crawdaunt|0 fnt\n|faint|p1a: Crawdaunt\n|\n|upkeep\n|-message|nis298 forfeited.\n|\n|win|nephilimuscat\n|n|\u2606nephilimuscat|nephilimuscat\n|n|\u2606nis298|nis298\n|l|\u2606nis298\n","uploadtime":1700743702,"views":1,"p1id":"nis298","p2id":"nephilimuscat","formatid":"gen9ou","rating":0,"private":0,"password":""}