{"id":"gen9ou-1996960575","p1":"Charli91","p2":"ratatta17","format":"[Gen 9] OU","log":"|j|\u2606Charli91\n|j|\u2606ratatta17\n|t:|1700749903\n|gametype|singles\n|player|p1|Charli91|lucas|1442\n|player|p2|ratatta17|1|1551\n|teamsize|p1|6\n|teamsize|p2|6\n|gen|9\n|tier|[Gen 9] OU\n|rated|\n|rule|Sleep Clause Mod: Limit one foe put to sleep\n|rule|Species Clause: Limit one of each Pok\u00e9mon\n|rule|OHKO Clause: OHKO moves are banned\n|rule|Evasion Items Clause: Evasion items are banned\n|rule|Evasion Moves Clause: Evasion moves are banned\n|rule|Endless Battle Clause: Forcing endless battles is banned\n|rule|HP Percentage Mod: HP is shown in percentages\n|clearpoke\n|poke|p1|Gholdengo|\n|poke|p1|Greninja-*, M|\n|poke|p1|Rillaboom, F|\n|poke|p1|Dragonite, F|\n|poke|p1|Landorus-Therian, M|\n|poke|p1|Ribombee, M|\n|poke|p2|Azumarill, F|\n|poke|p2|Staraptor, M|\n|poke|p2|Toedscruel, F|\n|poke|p2|Skeledirge, F|\n|poke|p2|Ninetales-Alola, M|\n|poke|p2|Iron Valiant|\n|teampreview\n|inactive|Battle timer is ON: inactive players will automatically lose when time's up. (requested by Charli91)\n|inactive|ratatta17 has 120 seconds left.\n|\n|t:|1700749949\n|start\n|switch|p1a: Ribombee|Ribombee, M|100\/100\n|switch|p2a: Toedscruel|Toedscruel, F|100\/100\n|turn|1\n|\n|t:|1700749970\n|move|p1a: Ribombee|Moonblast|p2a: Toedscruel\n|-damage|p2a: Toedscruel|70\/100\n|move|p2a: Toedscruel|Rapid Spin|p1a: Ribombee\n|-damage|p1a: Ribombee|84\/100\n|-boost|p2a: Toedscruel|spe|1\n|\n|-heal|p2a: Toedscruel|76\/100|[from] item: Leftovers\n|upkeep\n|turn|2\n|\n|t:|1700749980\n|switch|p1a: Landorus|Landorus-Therian, M|100\/100\n|-ability|p1a: Landorus|Intimidate|boost\n|-unboost|p2a: Toedscruel|atk|1\n|move|p2a: Toedscruel|Spore|p1a: Landorus\n|-status|p1a: Landorus|slp|[from] move: Spore\n|\n|-heal|p2a: Toedscruel|82\/100|[from] item: Leftovers\n|upkeep\n|turn|3\n|\n|t:|1700749994\n|switch|p1a: Gholdengo|Gholdengo|100\/100\n|move|p2a: Toedscruel|Knock Off|p1a: Gholdengo\n|-supereffective|p1a: Gholdengo\n|-damage|p1a: Gholdengo|75\/100\n|-enditem|p1a: Gholdengo|Assault Vest|[from] move: Knock Off|[of] p2a: Toedscruel\n|\n|-heal|p2a: Toedscruel|88\/100|[from] item: Leftovers\n|upkeep\n|turn|4\n|\n|t:|1700750010\n|move|p1a: Gholdengo|Shadow Ball|p2a: Toedscruel\n|-damage|p2a: Toedscruel|52\/100\n|move|p2a: Toedscruel|Leech Seed|p1a: Gholdengo\n|-start|p1a: Gholdengo|move: Leech Seed\n|\n|-heal|p2a: Toedscruel|58\/100|[from] item: Leftovers\n|-damage|p1a: Gholdengo|63\/100|[from] Leech Seed|[of] p2a: Toedscruel\n|-heal|p2a: Toedscruel|69\/100|[silent]\n|upkeep\n|turn|5\n|\n|t:|1700750017\n|switch|p2a: Staraptor|Staraptor, M|100\/100\n|-ability|p2a: Staraptor|Intimidate|boost\n|-unboost|p1a: Gholdengo|atk|1\n|switch|p1a: Ribombee|Ribombee, M|84\/100\n|\n|upkeep\n|turn|6\n|\n|t:|1700750026\n|move|p2a: Staraptor|Brave Bird|p1a: Ribombee\n|-supereffective|p1a: Ribombee\n|-damage|p1a: Ribombee|0 fnt\n|faint|p1a: Ribombee\n|-damage|p2a: Staraptor|81\/100|[from] Recoil\n|\n|upkeep\n|\n|t:|1700750043\n|switch|p1a: Landorus|Landorus-Therian, M|100\/100 slp\n|-ability|p1a: Landorus|Intimidate|boost\n|-unboost|p2a: Staraptor|atk|1\n|turn|7\n|\n|t:|1700750049\n|switch|p2a: Ninetales|Ninetales-Alola, M|100\/100\n|-weather|Snow|[from] ability: Snow Warning|[of] p2a: Ninetales\n|switch|p1a: Gholdengo|Gholdengo|63\/100\n|\n|-weather|Snow|[upkeep]\n|upkeep\n|turn|8\n|\n|t:|1700750062\n|switch|p2a: Toedscruel|Toedscruel, F|69\/100\n|move|p1a: Gholdengo|Shadow Ball|p2a: Toedscruel\n|-damage|p2a: Toedscruel|38\/100\n|\n|-weather|Snow|[upkeep]\n|-heal|p2a: Toedscruel|44\/100|[from] item: Leftovers\n|upkeep\n|turn|9\n|\n|t:|1700750074\n|move|p1a: Gholdengo|Shadow Ball|p2a: Toedscruel\n|-damage|p2a: Toedscruel|9\/100\n|move|p2a: Toedscruel|Knock Off|p1a: Gholdengo\n|-supereffective|p1a: Gholdengo\n|-damage|p1a: Gholdengo|37\/100\n|\n|-weather|Snow|[upkeep]\n|-heal|p2a: Toedscruel|15\/100|[from] item: Leftovers\n|upkeep\n|turn|10\n|\n|t:|1700750089\n|switch|p2a: Staraptor|Staraptor, M|81\/100\n|-ability|p2a: Staraptor|Intimidate|boost\n|-unboost|p1a: Gholdengo|atk|1\n|move|p1a: Gholdengo|Dazzling Gleam|p2a: Staraptor\n|-damage|p2a: Staraptor|39\/100\n|\n|-weather|Snow|[upkeep]\n|upkeep\n|turn|11\n|\n|t:|1700750098\n|switch|p1a: Landorus|Landorus-Therian, M|100\/100 slp\n|-ability|p1a: Landorus|Intimidate|boost\n|-unboost|p2a: Staraptor|atk|1\n|move|p2a: Staraptor|Tailwind|p2a: Staraptor\n|-sidestart|p2: ratatta17|move: Tailwind\n|\n|-weather|none\n|upkeep\n|turn|12\n|\n|t:|1700750112\n|switch|p2a: Ninetales|Ninetales-Alola, M|100\/100\n|-weather|Snow|[from] ability: Snow Warning|[of] p2a: Ninetales\n|switch|p1a: Gholdengo|Gholdengo|37\/100\n|\n|-weather|Snow|[upkeep]\n|upkeep\n|turn|13\n|\n|t:|1700750121\n|switch|p2a: Staraptor|Staraptor, M|39\/100\n|-ability|p2a: Staraptor|Intimidate|boost\n|-unboost|p1a: Gholdengo|atk|1\n|move|p1a: Gholdengo|Shadow Ball|p2a: Staraptor\n|-immune|p2a: Staraptor\n|\n|-weather|Snow|[upkeep]\n|upkeep\n|turn|14\n|\n|t:|1700750128\n|switch|p1a: Landorus|Landorus-Therian, M|100\/100 slp\n|-ability|p1a: Landorus|Intimidate|boost\n|-unboost|p2a: Staraptor|atk|1\n|move|p2a: Staraptor|U-turn|p1a: Landorus\n|-resisted|p1a: Landorus\n|-damage|p1a: Landorus|94\/100 slp\n|\n|t:|1700750132\n|switch|p2a: Ninetales|Ninetales-Alola, M|100\/100|[from] U-turn\n|\n|-weather|Snow|[upkeep]\n|-sideend|p2: ratatta17|move: Tailwind\n|upkeep\n|turn|15\n|\n|t:|1700750137\n|switch|p1a: Gholdengo|Gholdengo|37\/100\n|move|p2a: Ninetales|Aurora Veil|p2a: Ninetales\n|-sidestart|p2: ratatta17|move: Aurora Veil\n|\n|-weather|Snow|[upkeep]\n|upkeep\n|turn|16\n|\n|t:|1700750145\n|switch|p2a: Toedscruel|Toedscruel, F|15\/100\n|move|p1a: Gholdengo|Dazzling Gleam|p2a: Toedscruel\n|-damage|p2a: Toedscruel|3\/100\n|\n|-weather|none\n|-heal|p2a: Toedscruel|9\/100|[from] item: Leftovers\n|upkeep\n|turn|17\n|\n|t:|1700750152\n|move|p1a: Gholdengo|Dazzling Gleam|p2a: Toedscruel\n|-damage|p2a: Toedscruel|0 fnt\n|faint|p2a: Toedscruel\n|\n|upkeep\n|\n|t:|1700750155\n|switch|p2a: Iron Valiant|Iron Valiant|100\/100\n|turn|18\n|\n|t:|1700750165\n|move|p2a: Iron Valiant|Knock Off|p1a: Gholdengo\n|-supereffective|p1a: Gholdengo\n|-damage|p1a: Gholdengo|0 fnt\n|faint|p1a: Gholdengo\n|-damage|p2a: Iron Valiant|91\/100|[from] item: Life Orb\n|\n|upkeep\n|\n|t:|1700750170\n|switch|p1a: Landorus|Landorus-Therian, M|94\/100 slp\n|-ability|p1a: Landorus|Intimidate|boost\n|-unboost|p2a: Iron Valiant|atk|1\n|turn|19\n|\n|t:|1700750176\n|move|p2a: Iron Valiant|Moonblast|p1a: Landorus\n|-damage|p1a: Landorus|6\/100 slp\n|-damage|p2a: Iron Valiant|81\/100|[from] item: Life Orb\n|cant|p1a: Landorus|slp\n|\n|upkeep\n|turn|20\n|\n|t:|1700750184\n|move|p2a: Iron Valiant|Moonblast|p1a: Landorus\n|-damage|p1a: Landorus|0 fnt\n|faint|p1a: Landorus\n|-damage|p2a: Iron Valiant|71\/100|[from] item: Life Orb\n|\n|upkeep\n|\n|t:|1700750196\n|switch|p1a: Rillaboom|Rillaboom, F|100\/100\n|-fieldstart|move: Grassy Terrain|[from] ability: Grassy Surge|[of] p1a: Rillaboom\n|turn|21\n|\n|t:|1700750202\n|move|p2a: Iron Valiant|Knock Off|p1a: Rillaboom\n|-damage|p1a: Rillaboom|75\/100\n|-enditem|p1a: Rillaboom|Life Orb|[from] move: Knock Off|[of] p2a: Iron Valiant\n|-damage|p2a: Iron Valiant|62\/100|[from] item: Life Orb\n|move|p1a: Rillaboom|Swords Dance|p1a: Rillaboom\n|-boost|p1a: Rillaboom|atk|2\n|\n|-heal|p2a: Iron Valiant|68\/100|[from] Grassy Terrain\n|-heal|p1a: Rillaboom|81\/100|[from] Grassy Terrain\n|upkeep\n|turn|22\n|\n|t:|1700750216\n|-terastallize|p1a: Rillaboom|Grass\n|move|p1a: Rillaboom|Grassy Glide|p2a: Iron Valiant\n|-damage|p2a: Iron Valiant|2\/100\n|move|p2a: Iron Valiant|Moonblast|p1a: Rillaboom\n|-damage|p1a: Rillaboom|3\/100\n|-unboost|p1a: Rillaboom|spa|1\n|-damage|p2a: Iron Valiant|0 fnt|[from] item: Life Orb\n|faint|p2a: Iron Valiant\n|-end|p2a: Iron Valiant|Quark Drive|[silent]\n|\n|-heal|p1a: Rillaboom|9\/100|[from] Grassy Terrain\n|-sideend|p2: ratatta17|move: Aurora Veil\n|upkeep\n|\n|t:|1700750228\n|switch|p2a: Staraptor|Staraptor, M|39\/100\n|-ability|p2a: Staraptor|Intimidate|boost\n|-unboost|p1a: Rillaboom|atk|1\n|turn|23\n|\n|t:|1700750232\n|move|p1a: Rillaboom|Grassy Glide|p2a: Staraptor\n|-resisted|p2a: Staraptor\n|-damage|p2a: Staraptor|0 fnt\n|faint|p2a: Staraptor\n|\n|-heal|p1a: Rillaboom|15\/100|[from] Grassy Terrain\n|upkeep\n|\n|t:|1700750247\n|switch|p2a: Ninetales|Ninetales-Alola, M|100\/100\n|-weather|Snow|[from] ability: Snow Warning|[of] p2a: Ninetales\n|turn|24\n|\n|t:|1700750252\n|move|p1a: Rillaboom|Grassy Glide|p2a: Ninetales\n|-damage|p2a: Ninetales|38\/100\n|move|p2a: Ninetales|Freeze-Dry|p1a: Rillaboom\n|-supereffective|p1a: Rillaboom\n|-damage|p1a: Rillaboom|0 fnt\n|faint|p1a: Rillaboom\n|\n|-weather|Snow|[upkeep]\n|-heal|p2a: Ninetales|44\/100|[from] Grassy Terrain\n|upkeep\n|\n|t:|1700750264\n|switch|p1a: Greninja|Greninja, M|100\/100\n|turn|25\n|\n|t:|1700750272\n|move|p1a: Greninja|Surf|p2a: Ninetales\n|-damage|p2a: Ninetales|18\/100\n|move|p2a: Ninetales|Freeze-Dry|p1a: Greninja\n|-supereffective|p1a: Greninja\n|-damage|p1a: Greninja|39\/100\n|\n|-weather|Snow|[upkeep]\n|-heal|p1a: Greninja|45\/100|[from] Grassy Terrain\n|-heal|p2a: Ninetales|24\/100|[from] Grassy Terrain\n|-fieldend|move: Grassy Terrain\n|upkeep\n|turn|26\n|\n|t:|1700750279\n|move|p1a: Greninja|Surf|p2a: Ninetales\n|-damage|p2a: Ninetales|0 fnt\n|faint|p2a: Ninetales\n|-ability|p1a: Greninja|Battle Bond|boost\n|-boost|p1a: Greninja|atk|1\n|-boost|p1a: Greninja|spa|1\n|-boost|p1a: Greninja|spe|1\n|-activate|p1a: Greninja|ability: Battle Bond\n|\n|-weather|Snow|[upkeep]\n|upkeep\n|\n|t:|1700750281\n|switch|p2a: Azumarill|Azumarill, F|100\/100\n|turn|27\n|\n|t:|1700750285\n|move|p1a: Greninja|Surf|p2a: Azumarill\n|-resisted|p2a: Azumarill\n|-damage|p2a: Azumarill|71\/100\n|move|p2a: Azumarill|Play Rough|p1a: Greninja\n|-supereffective|p1a: Greninja\n|-damage|p1a: Greninja|0 fnt\n|faint|p1a: Greninja\n|\n|-weather|Snow|[upkeep]\n|upkeep\n|\n|t:|1700750291\n|switch|p1a: Dragonite|Dragonite, F|100\/100\n|turn|28\n|\n|t:|1700750294\n|move|p1a: Dragonite|Dragon Dance|p1a: Dragonite\n|-boost|p1a: Dragonite|atk|1\n|-boost|p1a: Dragonite|spe|1\n|move|p2a: Azumarill|Play Rough|p1a: Dragonite\n|-supereffective|p1a: Dragonite\n|-crit|p1a: Dragonite\n|-damage|p1a: Dragonite|10\/100\n|\n|-weather|none\n|upkeep\n|turn|29\n|-message|Charli91 forfeited.\n|\n|win|ratatta17\n|raw|Charli91's rating: 1442 &rarr; <strong>1428<\/strong><br \/>(-14 for losing)\n|raw|ratatta17's rating: 1551 &rarr; <strong>1565<\/strong><br \/>(+14 for winning)\n|l|\u2606Charli91\n","uploadtime":1700750306,"views":1,"p1id":"charli91","p2id":"ratatta17","formatid":"gen9ou","rating":1428,"private":0,"password":""}