{"id":"gen9ou-1990146762","p1":"Kairak","p2":"GooseFragger","format":"[Gen 9] OU","log":"|j|\u2606Kairak\n|j|\u2606GooseFragger\n|t:|1699929663\n|gametype|singles\n|player|p1|Kairak|hiker-gen4|1490\n|player|p2|GooseFragger|101|1440\n|teamsize|p1|6\n|teamsize|p2|6\n|gen|9\n|tier|[Gen 9] OU\n|rated|\n|rule|Sleep Clause Mod: Limit one foe put to sleep\n|rule|Species Clause: Limit one of each Pok\u00e9mon\n|rule|OHKO Clause: OHKO moves are banned\n|rule|Evasion Items Clause: Evasion items are banned\n|rule|Evasion Moves Clause: Evasion moves are banned\n|rule|Endless Battle Clause: Forcing endless battles is banned\n|rule|HP Percentage Mod: HP is shown in percentages\n|clearpoke\n|poke|p1|Kommo-o, F|\n|poke|p1|Ogerpon-Wellspring, F|\n|poke|p1|Ribombee, F|\n|poke|p1|Gholdengo|\n|poke|p1|Rillaboom, F|\n|poke|p1|Iron Moth|\n|poke|p2|Hatterene, F|\n|poke|p2|Great Tusk|\n|poke|p2|Enamorus, F|\n|poke|p2|Samurott-Hisui, F|\n|poke|p2|Sinistcha|\n|poke|p2|Heatran, M|\n|teampreview\n|\n|t:|1699929676\n|start\n|switch|p1a: Ribombee|Ribombee, F|100\/100\n|switch|p2a: Sinistcha|Sinistcha|100\/100\n|turn|1\n|\n|t:|1699929679\n|switch|p2a: Hatterene|Hatterene, F|100\/100\n|move|p1a: Ribombee|Skill Swap|p2a: Hatterene\n|-activate|p1a: Ribombee|move: Skill Swap|Magic Bounce|Shield Dust|[of] p2a: Hatterene\n|\n|upkeep\n|turn|2\n|\n|t:|1699929690\n|move|p1a: Ribombee|Sticky Web|p2a: Hatterene\n|-sidestart|p2: GooseFragger|move: Sticky Web\n|move|p2a: Hatterene|Mystical Fire|p1a: Ribombee\n|-supereffective|p1a: Ribombee\n|-enditem|p1a: Ribombee|Focus Sash\n|-damage|p1a: Ribombee|1\/100\n|-unboost|p1a: Ribombee|spa|1\n|\n|upkeep\n|turn|3\n|\n|t:|1699929699\n|move|p1a: Ribombee|Stun Spore|p2a: Hatterene\n|-status|p2a: Hatterene|par\n|move|p2a: Hatterene|Psyshock|p1a: Ribombee\n|-damage|p1a: Ribombee|0 fnt\n|faint|p1a: Ribombee\n|\n|upkeep\n|\n|t:|1699929702\n|switch|p1a: Kommo-o|Kommo-o, F|100\/100\n|turn|4\n|\n|t:|1699929706\n|-terastallize|p1a: Kommo-o|Normal\n|move|p1a: Kommo-o|Clangorous Soul|p1a: Kommo-o\n|-boost|p1a: Kommo-o|atk|1\n|-boost|p1a: Kommo-o|def|1\n|-boost|p1a: Kommo-o|spa|1\n|-boost|p1a: Kommo-o|spd|1\n|-boost|p1a: Kommo-o|spe|1\n|-damage|p1a: Kommo-o|68\/100\n|-enditem|p1a: Kommo-o|Throat Spray\n|-boost|p1a: Kommo-o|spa|1|[from] item: Throat Spray\n|cant|p2a: Hatterene|par\n|\n|upkeep\n|turn|5\n|\n|t:|1699929719\n|switch|p2a: Heatran|Heatran, M|100\/100\n|-activate|p2a: Heatran|move: Sticky Web\n|-unboost|p2a: Heatran|spe|1\n|move|p1a: Kommo-o|Clangorous Soul|p1a: Kommo-o\n|-boost|p1a: Kommo-o|atk|1\n|-boost|p1a: Kommo-o|def|1\n|-boost|p1a: Kommo-o|spa|1\n|-boost|p1a: Kommo-o|spd|1\n|-boost|p1a: Kommo-o|spe|1\n|-damage|p1a: Kommo-o|35\/100\n|\n|upkeep\n|turn|6\n|\n|t:|1699929725\n|move|p1a: Kommo-o|Aura Sphere|p2a: Heatran\n|-supereffective|p2a: Heatran\n|-damage|p2a: Heatran|0 fnt\n|faint|p2a: Heatran\n|\n|upkeep\n|\n|t:|1699929730\n|switch|p2a: Great Tusk|Great Tusk|100\/100\n|-activate|p2a: Great Tusk|move: Sticky Web\n|-unboost|p2a: Great Tusk|spe|1\n|turn|7\n|\n|t:|1699929735\n|move|p1a: Kommo-o|Boomburst|p2a: Great Tusk\n|-damage|p2a: Great Tusk|0 fnt\n|faint|p2a: Great Tusk\n|-end|p2a: Great Tusk|Protosynthesis|[silent]\n|\n|upkeep\n|\n|t:|1699929738\n|switch|p2a: Enamorus|Enamorus, F|100\/100\n|turn|8\n|\n|t:|1699929742\n|move|p1a: Kommo-o|Boomburst|p2a: Enamorus\n|-damage|p2a: Enamorus|0 fnt\n|faint|p2a: Enamorus\n|\n|upkeep\n|\n|t:|1699929744\n|switch|p2a: Samurott|Samurott-Hisui, F|100\/100\n|-activate|p2a: Samurott|move: Sticky Web\n|-unboost|p2a: Samurott|spe|1\n|turn|9\n|\n|t:|1699929747\n|move|p1a: Kommo-o|Aura Sphere|p2a: Samurott\n|-supereffective|p2a: Samurott\n|-damage|p2a: Samurott|0 fnt\n|faint|p2a: Samurott\n|\n|upkeep\n|-message|GooseFragger forfeited.\n|\n|win|Kairak\n|raw|Kairak's rating: 1490 &rarr; <strong>1507<\/strong><br \/>(+17 for winning)\n|raw|GooseFragger's rating: 1440 &rarr; <strong>1423<\/strong><br \/>(-17 for losing)\n|l|\u2606GooseFragger\n","uploadtime":1699929759,"views":15,"p1id":"kairak","p2id":"goosefragger","formatid":"gen9ou","rating":1423,"private":0,"password":""}