{"id":"gen9ou-1991715178","p1":"Blurred Ace","p2":"JeffDHAMO","format":"[Gen 9] OU","log":"|j|\u2606Blurred Ace\n|j|\u2606JeffDHAMO\n|t:|1700106082\n|gametype|singles\n|player|p1|Blurred Ace|gambler|1428\n|player|p2|JeffDHAMO|265|1460\n|teamsize|p1|6\n|teamsize|p2|6\n|gen|9\n|tier|[Gen 9] OU\n|rated|\n|rule|Sleep Clause Mod: Limit one foe put to sleep\n|rule|Species Clause: Limit one of each Pok\u00e9mon\n|rule|OHKO Clause: OHKO moves are banned\n|rule|Evasion Items Clause: Evasion items are banned\n|rule|Evasion Moves Clause: Evasion moves are banned\n|rule|Endless Battle Clause: Forcing endless battles is banned\n|rule|HP Percentage Mod: HP is shown in percentages\n|clearpoke\n|poke|p1|Dragapult, M|\n|poke|p1|Scizor, M|\n|poke|p1|Samurott-Hisui, M|\n|poke|p1|Garchomp, M|\n|poke|p1|Great Tusk|\n|poke|p1|Slowking, M|\n|poke|p2|Ting-Lu|\n|poke|p2|Ninetales-Alola, F|\n|poke|p2|Glaceon, M|\n|poke|p2|Great Tusk|\n|poke|p2|Ogerpon-Wellspring, F|\n|poke|p2|Zapdos|\n|teampreview\n|inactive|Battle timer is ON: inactive players will automatically lose when time's up. (requested by Blurred Ace)\n|c|\u2606JeffDHAMO|glhf\n|\n|t:|1700106096\n|start\n|switch|p1a: Scizor|Scizor, M|100\/100\n|switch|p2a: Glaceon|Glaceon, M|100\/100\n|turn|1\n|\n|t:|1700106101\n|switch|p2a: Zapdos|Zapdos|100\/100\n|move|p1a: Scizor|U-turn|p2a: Zapdos\n|-resisted|p2a: Zapdos\n|-damage|p2a: Zapdos|75\/100\n|\n|t:|1700106116\n|switch|p1a: Dragapult|Dragapult, M|100\/100|[from] U-turn\n|\n|upkeep\n|turn|2\n|\n|t:|1700106126\n|move|p1a: Dragapult|Will-O-Wisp|p2a: Zapdos|[miss]\n|-miss|p1a: Dragapult|p2a: Zapdos\n|move|p2a: Zapdos|Roost|p2a: Zapdos\n|-heal|p2a: Zapdos|100\/100\n|-singleturn|p2a: Zapdos|move: Roost\n|\n|upkeep\n|turn|3\n|\n|t:|1700106139\n|move|p1a: Dragapult|Will-O-Wisp|p2a: Zapdos\n|-status|p2a: Zapdos|brn\n|move|p2a: Zapdos|Volt Switch|p1a: Dragapult\n|-resisted|p1a: Dragapult\n|-damage|p1a: Dragapult|82\/100\n|\n|t:|1700106142\n|switch|p2a: Ting-Lu|Ting-Lu|100\/100|[from] Volt Switch\n|-ability|p2a: Ting-Lu|Vessel of Ruin\n|\n|upkeep\n|turn|4\n|\n|t:|1700106152\n|move|p1a: Dragapult|Will-O-Wisp|p2a: Ting-Lu\n|-status|p2a: Ting-Lu|brn\n|move|p2a: Ting-Lu|Earthquake|p1a: Dragapult\n|-damage|p1a: Dragapult|40\/100\n|\n|-damage|p2a: Ting-Lu|94\/100 brn|[from] brn\n|upkeep\n|turn|5\n|\n|t:|1700106154\n|move|p1a: Dragapult|U-turn|p2a: Ting-Lu\n|-supereffective|p2a: Ting-Lu\n|-damage|p2a: Ting-Lu|74\/100 brn\n|-enditem|p2a: Ting-Lu|Weakness Policy\n|-boost|p2a: Ting-Lu|atk|2|[from] item: Weakness Policy\n|-boost|p2a: Ting-Lu|spa|2|[from] item: Weakness Policy\n|\n|t:|1700106159\n|switch|p1a: Great Tusk|Great Tusk|100\/100|[from] U-turn\n|move|p2a: Ting-Lu|Payback|p1a: Great Tusk\n|-resisted|p1a: Great Tusk\n|-damage|p1a: Great Tusk|92\/100\n|\n|-heal|p1a: Great Tusk|98\/100|[from] item: Leftovers\n|-damage|p2a: Ting-Lu|68\/100 brn|[from] brn\n|upkeep\n|turn|6\n|\n|t:|1700106167\n|move|p1a: Great Tusk|Bulk Up|p1a: Great Tusk\n|-boost|p1a: Great Tusk|atk|1\n|-boost|p1a: Great Tusk|def|1\n|move|p2a: Ting-Lu|Stealth Rock|p1a: Great Tusk\n|-sidestart|p1: Blurred Ace|move: Stealth Rock\n|\n|-heal|p1a: Great Tusk|100\/100|[from] item: Leftovers\n|-damage|p2a: Ting-Lu|62\/100 brn|[from] brn\n|upkeep\n|turn|7\n|\n|t:|1700106172\n|switch|p2a: Zapdos|Zapdos|100\/100 brn\n|move|p1a: Great Tusk|Rapid Spin|p2a: Zapdos\n|-damage|p2a: Zapdos|73\/100 brn\n|-boost|p1a: Great Tusk|spe|1\n|-sideend|p1: Blurred Ace|Stealth Rock|[from] move: Rapid Spin|[of] p1a: Great Tusk\n|\n|-damage|p2a: Zapdos|67\/100 brn|[from] brn\n|upkeep\n|turn|8\n|\n|t:|1700106179\n|move|p1a: Great Tusk|Knock Off|p2a: Zapdos\n|-damage|p2a: Zapdos|19\/100 brn\n|-enditem|p2a: Zapdos|Heavy-Duty Boots|[from] move: Knock Off|[of] p1a: Great Tusk\n|move|p2a: Zapdos|Hurricane|p1a: Great Tusk|[miss]\n|-miss|p2a: Zapdos|p1a: Great Tusk\n|\n|-damage|p2a: Zapdos|12\/100 brn|[from] brn\n|upkeep\n|turn|9\n|\n|t:|1700106190\n|move|p1a: Great Tusk|Rapid Spin|p2a: Zapdos\n|-damage|p2a: Zapdos|0 fnt\n|-boost|p1a: Great Tusk|spe|1\n|-status|p1a: Great Tusk|par|[from] ability: Static|[of] p2a: Zapdos\n|faint|p2a: Zapdos\n|\n|upkeep\n|\n|t:|1700106201\n|switch|p2a: Ninetales|Ninetales-Alola, F|100\/100\n|-weather|Snow|[from] ability: Snow Warning|[of] p2a: Ninetales\n|turn|10\n|\n|t:|1700106205\n|move|p2a: Ninetales|Moonblast|p1a: Great Tusk\n|-supereffective|p1a: Great Tusk\n|-damage|p1a: Great Tusk|23\/100 par\n|cant|p1a: Great Tusk|par\n|\n|-weather|Snow|[upkeep]\n|-heal|p1a: Great Tusk|29\/100 par|[from] item: Leftovers\n|upkeep\n|turn|11\n|\n|t:|1700106210\n|move|p2a: Ninetales|Moonblast|p1a: Great Tusk\n|-supereffective|p1a: Great Tusk\n|-damage|p1a: Great Tusk|0 fnt\n|faint|p1a: Great Tusk\n|-end|p1a: Great Tusk|Protosynthesis|[silent]\n|\n|-weather|Snow|[upkeep]\n|upkeep\n|\n|t:|1700106211\n|switch|p1a: Scizor|Scizor, M|100\/100\n|turn|12\n|\n|t:|1700106219\n|switch|p2a: Ogerpon|Ogerpon-Wellspring, F|100\/100\n|move|p1a: Scizor|Bullet Punch|p2a: Ogerpon\n|-resisted|p2a: Ogerpon\n|-damage|p2a: Ogerpon|69\/100\n|\n|-weather|Snow|[upkeep]\n|upkeep\n|turn|13\n|\n|t:|1700106239\n|switch|p1a: Garchomp|Garchomp, M|100\/100\n|move|p2a: Ogerpon|Trailblaze|p1a: Garchomp\n|-damage|p1a: Garchomp|69\/100\n|-boost|p2a: Ogerpon|spe|1\n|-damage|p2a: Ogerpon|57\/100|[from] ability: Rough Skin|[of] p1a: Garchomp\n|-damage|p2a: Ogerpon|40\/100|[from] item: Rocky Helmet|[of] p1a: Garchomp\n|\n|-weather|Snow|[upkeep]\n|upkeep\n|turn|14\n|\n|t:|1700106247\n|move|p2a: Ogerpon|Play Rough|p1a: Garchomp\n|-supereffective|p1a: Garchomp\n|-damage|p1a: Garchomp|0 fnt\n|-damage|p2a: Ogerpon|28\/100|[from] ability: Rough Skin|[of] p1a: Garchomp\n|-damage|p2a: Ogerpon|11\/100|[from] item: Rocky Helmet|[of] p1a: Garchomp\n|faint|p1a: Garchomp\n|\n|-weather|none\n|upkeep\n|\n|t:|1700106255\n|switch|p1a: Scizor|Scizor, M|100\/100\n|turn|15\n|\n|t:|1700106264\n|switch|p2a: Ting-Lu|Ting-Lu|62\/100 brn\n|-ability|p2a: Ting-Lu|Vessel of Ruin\n|move|p1a: Scizor|U-turn|p2a: Ting-Lu\n|-supereffective|p2a: Ting-Lu\n|-damage|p2a: Ting-Lu|0 fnt\n|faint|p2a: Ting-Lu\n|\n|t:|1700106271\n|switch|p1a: Samurott|Samurott-Hisui, M|100\/100|[from] U-turn\n|\n|upkeep\n|\n|t:|1700106276\n|switch|p2a: Ninetales|Ninetales-Alola, F|100\/100\n|-weather|Snow|[from] ability: Snow Warning|[of] p2a: Ninetales\n|turn|16\n|\n|t:|1700106282\n|move|p2a: Ninetales|Aurora Veil|p2a: Ninetales\n|-sidestart|p2: JeffDHAMO|move: Aurora Veil\n|move|p1a: Samurott|Ceaseless Edge|p2a: Ninetales\n|-resisted|p2a: Ninetales\n|-damage|p2a: Ninetales|91\/100\n|-sidestart|p2: JeffDHAMO|Spikes\n|\n|-weather|Snow|[upkeep]\n|upkeep\n|turn|17\n|\n|t:|1700106285\n|move|p2a: Ninetales|Moonblast|p1a: Samurott\n|-supereffective|p1a: Samurott\n|-damage|p1a: Samurott|8\/100\n|-unboost|p1a: Samurott|spa|1\n|move|p1a: Samurott|Ceaseless Edge|p2a: Ninetales\n|-resisted|p2a: Ninetales\n|-damage|p2a: Ninetales|82\/100\n|-sidestart|p2: JeffDHAMO|Spikes\n|\n|-weather|Snow|[upkeep]\n|upkeep\n|turn|18\n|\n|t:|1700106291\n|switch|p1a: Slowking|Slowking, M|100\/100\n|move|p2a: Ninetales|Moonblast|p1a: Slowking\n|-damage|p1a: Slowking|84\/100\n|\n|-weather|Snow|[upkeep]\n|-heal|p1a: Slowking|90\/100|[from] item: Leftovers\n|upkeep\n|turn|19\n|\n|t:|1700106296\n|switch|p2a: Ogerpon|Ogerpon-Wellspring, F|11\/100\n|-damage|p2a: Ogerpon|0 fnt|[from] Spikes\n|faint|p2a: Ogerpon\n|move|p1a: Slowking|Future Sight|p2: Ogerpon\n|-start|p1a: Slowking|move: Future Sight\n|\n|-weather|Snow|[upkeep]\n|-heal|p1a: Slowking|96\/100|[from] item: Leftovers\n|upkeep\n|\n|t:|1700106299\n|switch|p2a: Glaceon|Glaceon, M|100\/100\n|-damage|p2a: Glaceon|84\/100|[from] Spikes\n|turn|20\n|\n|t:|1700106306\n|move|p2a: Glaceon|Freeze-Dry|p1a: Slowking\n|-supereffective|p1a: Slowking\n|-damage|p1a: Slowking|30\/100\n|move|p1a: Slowking|Scald|p2a: Glaceon\n|-damage|p2a: Glaceon|66\/100\n|-status|p2a: Glaceon|brn\n|\n|-weather|none\n|-heal|p1a: Slowking|37\/100|[from] item: Leftovers\n|-damage|p2a: Glaceon|60\/100 brn|[from] brn\n|upkeep\n|turn|21\n|\n|t:|1700106319\n|switch|p1a: Samurott|Samurott-Hisui, M|8\/100\n|move|p2a: Glaceon|Freeze-Dry|p1a: Samurott\n|-supereffective|p1a: Samurott\n|-damage|p1a: Samurott|0 fnt\n|faint|p1a: Samurott\n|\n|-end|p2a: Glaceon|move: Future Sight\n|-damage|p2a: Glaceon|34\/100 brn\n|-damage|p2a: Glaceon|28\/100 brn|[from] brn\n|upkeep\n|\n|t:|1700106324\n|switch|p1a: Scizor|Scizor, M|100\/100\n|turn|22\n|\n|t:|1700106328\n|move|p1a: Scizor|Bullet Punch|p2a: Glaceon\n|-supereffective|p2a: Glaceon\n|-damage|p2a: Glaceon|0 fnt\n|faint|p2a: Glaceon\n|\n|upkeep\n|\n|t:|1700106332\n|switch|p2a: Great Tusk|Great Tusk|100\/100\n|turn|23\n|\n|t:|1700106336\n|switch|p1a: Slowking|Slowking, M|70\/100\n|move|p2a: Great Tusk|Headlong Rush|p1a: Slowking\n|-damage|p1a: Slowking|4\/100\n|-unboost|p2a: Great Tusk|def|1\n|-unboost|p2a: Great Tusk|spd|1\n|\n|-heal|p1a: Slowking|10\/100|[from] item: Leftovers\n|-sideend|p2: JeffDHAMO|move: Aurora Veil\n|upkeep\n|turn|24\n|\n|t:|1700106340\n|move|p2a: Great Tusk|Headlong Rush|p1a: Slowking\n|-damage|p1a: Slowking|0 fnt\n|-unboost|p2a: Great Tusk|def|1\n|-unboost|p2a: Great Tusk|spd|1\n|faint|p1a: Slowking\n|\n|upkeep\n|\n|t:|1700106343\n|switch|p1a: Dragapult|Dragapult, M|40\/100\n|turn|25\n|\n|t:|1700106352\n|-end|p2a: Great Tusk|Protosynthesis|[silent]\n|switch|p2a: Ninetales|Ninetales-Alola, F|82\/100\n|-damage|p2a: Ninetales|66\/100|[from] Spikes\n|-weather|Snow|[from] ability: Snow Warning|[of] p2a: Ninetales\n|move|p1a: Dragapult|Will-O-Wisp|p2a: Ninetales\n|-status|p2a: Ninetales|brn\n|\n|-weather|Snow|[upkeep]\n|-damage|p2a: Ninetales|60\/100 brn|[from] brn\n|upkeep\n|turn|26\n|\n|t:|1700106364\n|-terastallize|p1a: Dragapult|Ghost\n|move|p1a: Dragapult|Hex|p2a: Ninetales\n|-damage|p2a: Ninetales|0 fnt\n|faint|p2a: Ninetales\n|\n|-weather|Snow|[upkeep]\n|upkeep\n|\n|t:|1700106368\n|switch|p2a: Great Tusk|Great Tusk|100\/100\n|turn|27\n|\n|t:|1700106375\n|move|p1a: Dragapult|Will-O-Wisp|p2a: Great Tusk\n|-status|p2a: Great Tusk|brn\n|move|p2a: Great Tusk|Ice Spinner|p1a: Dragapult\n|-damage|p1a: Dragapult|18\/100\n|\n|-weather|Snow|[upkeep]\n|-damage|p2a: Great Tusk|94\/100 brn|[from] brn\n|upkeep\n|turn|28\n|\n|t:|1700106381\n|move|p1a: Dragapult|Hex|p2a: Great Tusk\n|-damage|p2a: Great Tusk|0 fnt\n|faint|p2a: Great Tusk\n|-end|p2a: Great Tusk|Protosynthesis|[silent]\n|\n|win|Blurred Ace\n|raw|Blurred Ace's rating: 1428 &rarr; <strong>1450<\/strong><br \/>(+22 for winning)\n|raw|JeffDHAMO's rating: 1460 &rarr; <strong>1438<\/strong><br \/>(-22 for losing)\n|c|\u2606Blurred Ace|GG\n|c|\u2606JeffDHAMO|ggwp\n|l|\u2606JeffDHAMO\n","uploadtime":1700106391,"views":8,"p1id":"blurredace","p2id":"jeffdhamo","formatid":"gen9ou","rating":1438,"private":0,"password":""}