{"id":"gen9ou-1995694862","p1":"Unlaiga","p2":"danktheswank","format":"[Gen 9] OU","log":"|j|\u2606Unlaiga\n|j|\u2606danktheswank\n|t:|1700594650\n|gametype|singles\n|player|p1|Unlaiga|serena|1383\n|player|p2|danktheswank|102|1429\n|teamsize|p1|6\n|teamsize|p2|6\n|gen|9\n|tier|[Gen 9] OU\n|rated|\n|rule|Sleep Clause Mod: Limit one foe put to sleep\n|rule|Species Clause: Limit one of each Pok\u00e9mon\n|rule|OHKO Clause: OHKO moves are banned\n|rule|Evasion Items Clause: Evasion items are banned\n|rule|Evasion Moves Clause: Evasion moves are banned\n|rule|Endless Battle Clause: Forcing endless battles is banned\n|rule|HP Percentage Mod: HP is shown in percentages\n|clearpoke\n|poke|p1|Samurott-Hisui, F|\n|poke|p1|Gholdengo|\n|poke|p1|Clefable, F|\n|poke|p1|Iron Moth|\n|poke|p1|Cinderace, F|\n|poke|p1|Dragonite, F|\n|poke|p2|Skeledirge, M|\n|poke|p2|Ting-Lu|\n|poke|p2|Walking Wake|\n|poke|p2|Kingambit, F|\n|poke|p2|Ogerpon-Wellspring, F|\n|poke|p2|Glimmora, M|\n|teampreview\n|inactive|Battle timer is ON: inactive players will automatically lose when time's up. (requested by danktheswank)\n|\n|t:|1700594670\n|start\n|switch|p1a: Feet Pizza|Samurott-Hisui, F|100\/100\n|switch|p2a: Glimmora|Glimmora, M|100\/100\n|turn|1\n|\n|t:|1700594676\n|move|p1a: Feet Pizza|Flip Turn|p2a: Glimmora\n|-supereffective|p2a: Glimmora\n|-damage|p2a: Glimmora|36\/100\n|-activate|p2a: Glimmora|ability: Toxic Debris\n|-sidestart|p1: Unlaiga|move: Toxic Spikes\n|\n|t:|1700594692\n|switch|p1a: Microwave|Gholdengo|100\/100|[from] Flip Turn\n|move|p2a: Glimmora|Stealth Rock|p1a: Microwave\n|-sidestart|p1: Unlaiga|move: Stealth Rock\n|\n|upkeep\n|turn|2\n|\n|t:|1700594697\n|move|p1a: Microwave|Shadow Ball|p2a: Glimmora\n|-damage|p2a: Glimmora|0 fnt\n|faint|p2a: Glimmora\n|\n|upkeep\n|\n|t:|1700594710\n|switch|p2a: Kingambit|Kingambit, F|100\/100\n|-activate|p2a: Kingambit|ability: Supreme Overlord\n|-start|p2a: Kingambit|fallen1|[silent]\n|turn|3\n|\n|t:|1700594717\n|switch|p1a: The UK|Cinderace, F|100\/100\n|move|p2a: Kingambit|Iron Head|p1a: The UK\n|-resisted|p1a: The UK\n|-damage|p1a: The UK|61\/100\n|\n|upkeep\n|turn|4\n|\n|t:|1700594722\n|-end|p2a: Kingambit|fallen1|[silent]\n|switch|p2a: Skeledirge|Skeledirge, M|100\/100\n|move|p1a: The UK|Will-O-Wisp|p2a: Skeledirge\n|-immune|p2a: Skeledirge\n|\n|upkeep\n|turn|5\n|\n|t:|1700594732\n|move|p1a: The UK|Court Change|p1a: The UK\n|-start|p1a: The UK|typechange|Normal|[from] ability: Libero\n|-swapsideconditions\n|-activate|p1a: The UK|move: Court Change\n|move|p2a: Skeledirge|Torch Song|p1a: The UK\n|-damage|p1a: The UK|14\/100\n|-boost|p2a: Skeledirge|spa|1\n|\n|upkeep\n|turn|6\n|\n|t:|1700594740\n|move|p1a: The UK|U-turn|p2a: Skeledirge\n|-resisted|p2a: Skeledirge\n|-damage|p2a: Skeledirge|96\/100\n|\n|t:|1700594750\n|switch|p1a: Feet Pizza|Samurott-Hisui, F|100\/100|[from] U-turn\n|move|p2a: Skeledirge|Torch Song|p1a: Feet Pizza\n|-resisted|p1a: Feet Pizza\n|-crit|p1a: Feet Pizza\n|-damage|p1a: Feet Pizza|47\/100\n|-boost|p2a: Skeledirge|spa|1\n|\n|upkeep\n|turn|7\n|\n|t:|1700594757\n|move|p1a: Feet Pizza|Flip Turn|p2a: Skeledirge\n|-supereffective|p2a: Skeledirge\n|-damage|p2a: Skeledirge|52\/100\n|\n|t:|1700594763\n|switch|p1a: Cool|Dragonite, F|100\/100|[from] Flip Turn\n|move|p2a: Skeledirge|Torch Song|p1a: Cool\n|-resisted|p1a: Cool\n|-damage|p1a: Cool|86\/100\n|-boost|p2a: Skeledirge|spa|1\n|\n|upkeep\n|turn|8\n|\n|t:|1700594767\n|-terastallize|p2a: Skeledirge|Fairy\n|move|p1a: Cool|Earthquake|p2a: Skeledirge\n|-damage|p2a: Skeledirge|21\/100\n|move|p2a: Skeledirge|Will-O-Wisp|p1a: Cool\n|-status|p1a: Cool|brn\n|\n|-damage|p1a: Cool|80\/100 brn|[from] brn\n|upkeep\n|turn|9\n|\n|t:|1700594783\n|switch|p1a: Microwave|Gholdengo|100\/100\n|switch|p2a: Ting-Lu|Ting-Lu|100\/100\n|-status|p2a: Ting-Lu|psn\n|-damage|p2a: Ting-Lu|94\/100 psn|[from] Stealth Rock\n|-ability|p2a: Ting-Lu|Vessel of Ruin\n|\n|-heal|p2a: Ting-Lu|100\/100 psn|[from] item: Leftovers\n|-damage|p2a: Ting-Lu|88\/100 psn|[from] psn\n|upkeep\n|turn|10\n|\n|t:|1700594792\n|switch|p1a: Cool|Dragonite, F|80\/100 brn\n|move|p2a: Ting-Lu|Spikes|p1a: Cool\n|-sidestart|p1: Unlaiga|Spikes\n|\n|-heal|p2a: Ting-Lu|94\/100 psn|[from] item: Leftovers\n|-damage|p2a: Ting-Lu|82\/100 psn|[from] psn\n|-damage|p1a: Cool|74\/100 brn|[from] brn\n|upkeep\n|turn|11\n|\n|t:|1700594795\n|move|p1a: Cool|Dragon Dance|p1a: Cool\n|-boost|p1a: Cool|atk|1\n|-boost|p1a: Cool|spe|1\n|move|p2a: Ting-Lu|Spikes|p1a: Cool\n|-sidestart|p1: Unlaiga|Spikes\n|\n|-heal|p2a: Ting-Lu|88\/100 psn|[from] item: Leftovers\n|-damage|p2a: Ting-Lu|76\/100 psn|[from] psn\n|-damage|p1a: Cool|68\/100 brn|[from] brn\n|upkeep\n|turn|12\n|\n|t:|1700594797\n|move|p1a: Cool|Dragon Dance|p1a: Cool\n|-boost|p1a: Cool|atk|1\n|-boost|p1a: Cool|spe|1\n|move|p2a: Ting-Lu|Whirlwind|p1a: Cool\n|drag|p1a: I am apples|Clefable, F|100\/100\n|\n|-heal|p2a: Ting-Lu|82\/100 psn|[from] item: Leftovers\n|-damage|p2a: Ting-Lu|69\/100 psn|[from] psn\n|upkeep\n|turn|13\n|\n|t:|1700594802\n|move|p1a: I am apples|Moonblast|p2a: Ting-Lu\n|-supereffective|p2a: Ting-Lu\n|-damage|p2a: Ting-Lu|45\/100 psn\n|move|p2a: Ting-Lu|Spikes|p1a: I am apples\n|-sidestart|p1: Unlaiga|Spikes\n|\n|-heal|p2a: Ting-Lu|51\/100 psn|[from] item: Leftovers\n|-damage|p2a: Ting-Lu|39\/100 psn|[from] psn\n|upkeep\n|turn|14\n|\n|t:|1700594812\n|move|p1a: I am apples|Moonblast|p2a: Ting-Lu\n|-supereffective|p2a: Ting-Lu\n|-damage|p2a: Ting-Lu|14\/100 psn\n|move|p2a: Ting-Lu|Ruination|p1a: I am apples|[miss]\n|-miss|p2a: Ting-Lu|p1a: I am apples\n|\n|-heal|p2a: Ting-Lu|20\/100 psn|[from] item: Leftovers\n|-damage|p2a: Ting-Lu|8\/100 psn|[from] psn\n|upkeep\n|turn|15\n|\n|t:|1700594832\n|switch|p1a: The UK|Cinderace, F|14\/100\n|move|p2a: Ting-Lu|Ruination|p1a: The UK\n|-damage|p1a: The UK|7\/100\n|\n|-heal|p2a: Ting-Lu|14\/100 psn|[from] item: Leftovers\n|-damage|p2a: Ting-Lu|1\/100 psn|[from] psn\n|upkeep\n|turn|16\n|\n|t:|1700594842\n|move|p1a: The UK|Pyro Ball|p2a: Ting-Lu\n|-damage|p2a: Ting-Lu|0 fnt\n|faint|p2a: Ting-Lu\n|\n|upkeep\n|\n|t:|1700594848\n|switch|p2a: Walking Wake|Walking Wake|100\/100\n|-status|p2a: Walking Wake|psn\n|-damage|p2a: Walking Wake|88\/100 psn|[from] Stealth Rock\n|turn|17\n|\n|t:|1700594856\n|move|p1a: The UK|U-turn|p2a: Walking Wake\n|-start|p1a: The UK|typechange|Bug|[from] ability: Libero\n|-damage|p2a: Walking Wake|53\/100 psn\n|\n|t:|1700594867\n|switch|p1a: Cool|Dragonite, F|68\/100 brn|[from] U-turn\n|move|p2a: Walking Wake|Surf|p1a: Cool\n|-resisted|p1a: Cool\n|-damage|p1a: Cool|35\/100 brn\n|\n|-damage|p2a: Walking Wake|41\/100 psn|[from] psn\n|-damage|p1a: Cool|29\/100 brn|[from] brn\n|upkeep\n|turn|18\n|\n|t:|1700594878\n|move|p2a: Walking Wake|Surf|p1a: Cool\n|-resisted|p1a: Cool\n|-damage|p1a: Cool|1\/100 brn\n|move|p1a: Cool|Outrage|p2a: Walking Wake\n|-supereffective|p2a: Walking Wake\n|-damage|p2a: Walking Wake|0 fnt\n|faint|p2a: Walking Wake\n|-end|p2a: Walking Wake|Protosynthesis|[silent]\n|\n|-damage|p1a: Cool|0 fnt|[from] brn\n|faint|p1a: Cool\n|upkeep\n|\n|t:|1700594888\n|switch|p2a: Ogerpon|Ogerpon-Wellspring, F|100\/100\n|switch|p1a: The UK|Cinderace, F|7\/100\n|-status|p2a: Ogerpon|psn\n|-damage|p2a: Ogerpon|88\/100 psn|[from] Stealth Rock\n|turn|19\n|\n|t:|1700594894\n|move|p1a: The UK|U-turn|p2a: Ogerpon\n|-start|p1a: The UK|typechange|Bug|[from] ability: Libero\n|-supereffective|p2a: Ogerpon\n|-damage|p2a: Ogerpon|0 fnt\n|faint|p2a: Ogerpon\n|-message|danktheswank forfeited.\n|\n|win|Unlaiga\n|raw|Unlaiga's rating: 1383 &rarr; <strong>1406<\/strong><br \/>(+23 for winning)\n|raw|danktheswank's rating: 1429 &rarr; <strong>1406<\/strong><br \/>(-23 for losing)\n|l|\u2606danktheswank\n","uploadtime":1700594903,"views":6,"p1id":"unlaiga","p2id":"danktheswank","formatid":"gen9ou","rating":1406,"private":0,"password":""}