{"id":"gen9ou-1995344474","p1":"i love ribombe","p2":"Coffee&whiskey","format":"[Gen 9] OU","log":"|j|\u2606i love ribombe\n|j|\u2606Coffee&whiskey\n|t:|1700557172\n|gametype|singles\n|player|p1|i love ribombe|101|1078\n|player|p2|Coffee&whiskey|clown|1174\n|teamsize|p1|6\n|teamsize|p2|6\n|gen|9\n|tier|[Gen 9] OU\n|rated|\n|rule|Sleep Clause Mod: Limit one foe put to sleep\n|rule|Species Clause: Limit one of each Pok\u00e9mon\n|rule|OHKO Clause: OHKO moves are banned\n|rule|Evasion Items Clause: Evasion items are banned\n|rule|Evasion Moves Clause: Evasion moves are banned\n|rule|Endless Battle Clause: Forcing endless battles is banned\n|rule|HP Percentage Mod: HP is shown in percentages\n|clearpoke\n|poke|p1|Articuno-Galar|\n|poke|p1|Pawmot, F|\n|poke|p1|Chansey, F|\n|poke|p1|Ribombee, M|\n|poke|p1|Grimmsnarl, M|\n|poke|p1|Dragonite, M|\n|poke|p2|Iron Moth|\n|poke|p2|Iron Valiant|\n|poke|p2|Kingambit, M|\n|poke|p2|Great Tusk|\n|poke|p2|Samurott-Hisui, F|\n|poke|p2|Enamorus, F|\n|teampreview\n|\n|t:|1700557187\n|start\n|switch|p1a: Grimmsnarl|Grimmsnarl, M|100\/100\n|switch|p2a: neo sun|Iron Moth|100\/100\n|-enditem|p2a: neo sun|Booster Energy\n|-activate|p2a: neo sun|ability: Quark Drive|[fromitem]\n|-start|p2a: neo sun|quarkdrivespe\n|turn|1\n|\n|t:|1700557200\n|-terastallize|p2a: neo sun|Water\n|move|p1a: Grimmsnarl|Light Screen|p1a: Grimmsnarl\n|-sidestart|p1: i love ribombe|move: Light Screen\n|move|p2a: neo sun|Sludge Wave|p1a: Grimmsnarl\n|-supereffective|p1a: Grimmsnarl\n|-crit|p1a: Grimmsnarl\n|-damage|p1a: Grimmsnarl|0 fnt\n|faint|p1a: Grimmsnarl\n|\n|upkeep\n|\n|t:|1700557209\n|switch|p1a: Slayyyy|Chansey, F|100\/100\n|turn|2\n|\n|t:|1700557246\n|move|p2a: neo sun|Tera Blast|p1a: Slayyyy|[anim] Tera Blast Water\n|-damage|p1a: Slayyyy|94\/100\n|move|p1a: Slayyyy|Thunder Wave|p2a: neo sun\n|-status|p2a: neo sun|par\n|\n|upkeep\n|turn|3\n|\n|t:|1700557257\n|move|p2a: neo sun|Fiery Dance|p1a: Slayyyy\n|-damage|p1a: Slayyyy|88\/100\n|-boost|p2a: neo sun|spa|1\n|move|p1a: Slayyyy|Seismic Toss|p2a: neo sun\n|-damage|p2a: neo sun|67\/100 par\n|\n|upkeep\n|turn|4\n|\n|t:|1700557282\n|move|p2a: neo sun|Sludge Wave|p1a: Slayyyy\n|-damage|p1a: Slayyyy|77\/100\n|move|p1a: Slayyyy|Seismic Toss|p2a: neo sun\n|-damage|p2a: neo sun|34\/100 par\n|\n|upkeep\n|turn|5\n|\n|t:|1700557293\n|cant|p2a: neo sun|par\n|move|p1a: Slayyyy|Seismic Toss|p2a: neo sun\n|-damage|p2a: neo sun|1\/100 par\n|\n|upkeep\n|turn|6\n|\n|t:|1700557302\n|move|p2a: neo sun|Fiery Dance|p1a: Slayyyy\n|-damage|p1a: Slayyyy|67\/100\n|move|p1a: Slayyyy|Seismic Toss|p2a: neo sun\n|-damage|p2a: neo sun|0 fnt\n|faint|p2a: neo sun\n|-end|p2a: neo sun|Quark Drive|[silent]\n|\n|upkeep\n|\n|t:|1700557345\n|switch|p2a: anchent horn|Great Tusk|100\/100\n|-enditem|p2a: anchent horn|Booster Energy\n|-activate|p2a: anchent horn|ability: Protosynthesis|[fromitem]\n|-start|p2a: anchent horn|protosynthesisspe\n|turn|7\n|\n|t:|1700557370\n|switch|p1a: Dragonite|Dragonite, M|100\/100\n|move|p2a: anchent horn|Ice Spinner|p1a: Dragonite\n|-supereffective|p1a: Dragonite\n|-damage|p1a: Dragonite|56\/100\n|\n|-heal|p1a: Dragonite|63\/100|[from] item: Leftovers\n|upkeep\n|turn|8\n|\n|t:|1700557382\n|switch|p1a: helpp|Pawmot, F|100\/100\n|move|p2a: anchent horn|Ice Spinner|p1a: helpp\n|-damage|p1a: helpp|70\/100\n|\n|-sideend|p1: i love ribombe|move: Light Screen\n|upkeep\n|turn|9\n|\n|t:|1700557390\n|move|p2a: anchent horn|Headlong Rush|p1a: helpp\n|-supereffective|p1a: helpp\n|-damage|p1a: helpp|0 fnt\n|-unboost|p2a: anchent horn|def|1\n|-unboost|p2a: anchent horn|spd|1\n|faint|p1a: helpp\n|\n|upkeep\n|\n|t:|1700557400\n|switch|p1a: Dragonite|Dragonite, M|63\/100\n|turn|10\n|\n|t:|1700557417\n|move|p2a: anchent horn|Ice Spinner|p1a: Dragonite\n|-supereffective|p1a: Dragonite\n|-damage|p1a: Dragonite|0 fnt\n|faint|p1a: Dragonite\n|\n|upkeep\n|\n|t:|1700557430\n|switch|p1a: Slayyyy|Chansey, F|67\/100\n|turn|11\n|\n|t:|1700557438\n|move|p2a: anchent horn|Ice Spinner|p1a: Slayyyy\n|-damage|p1a: Slayyyy|31\/100\n|move|p1a: Slayyyy|Seismic Toss|p2a: anchent horn\n|-damage|p2a: anchent horn|77\/100\n|\n|upkeep\n|turn|12\n|\n|t:|1700557446\n|move|p2a: anchent horn|Headlong Rush|p1a: Slayyyy\n|-damage|p1a: Slayyyy|0 fnt\n|-unboost|p2a: anchent horn|def|1\n|-unboost|p2a: anchent horn|spd|1\n|faint|p1a: Slayyyy\n|\n|upkeep\n|\n|t:|1700557453\n|switch|p1a: Fear me (pls)|Ribombee, M, shiny|100\/100\n|turn|13\n|\n|t:|1700557550\n|-terastallize|p1a: Fear me (pls)|Fire\n|move|p2a: anchent horn|Headlong Rush|p1a: Fear me (pls)\n|-supereffective|p1a: Fear me (pls)\n|-crit|p1a: Fear me (pls)\n|-damage|p1a: Fear me (pls)|0 fnt\n|-unboost|p2a: anchent horn|def|1\n|-unboost|p2a: anchent horn|spd|1\n|faint|p1a: Fear me (pls)\n|\n|upkeep\n|\n|t:|1700557559\n|switch|p1a: Cvnty bird|Articuno-Galar|100\/100\n|turn|14\n|\n|t:|1700557568\n|move|p2a: anchent horn|Ice Spinner|p1a: Cvnty bird\n|-supereffective|p1a: Cvnty bird\n|-damage|p1a: Cvnty bird|48\/100\n|move|p1a: Cvnty bird|Shadow Ball|p2a: anchent horn\n|-damage|p2a: anchent horn|0 fnt\n|faint|p2a: anchent horn\n|-end|p2a: anchent horn|Protosynthesis|[silent]\n|\n|upkeep\n|\n|t:|1700557575\n|switch|p2a: sea samuri|Samurott-Hisui, F|100\/100\n|turn|15\n|\n|t:|1700557578\n|move|p2a: sea samuri|Sucker Punch|p1a: Cvnty bird\n|-supereffective|p1a: Cvnty bird\n|-damage|p1a: Cvnty bird|0 fnt\n|faint|p1a: Cvnty bird\n|\n|win|Coffee&whiskey\n|raw|i love ribombe's rating: 1078 &rarr; <strong>1062<\/strong><br \/>(-16 for losing)\n|raw|Coffee&amp;whiskey's rating: 1174 &rarr; <strong>1192<\/strong><br \/>(+18 for winning)\n|l|\u2606i love ribombe\n","uploadtime":1700557594,"views":2,"p1id":"iloveribombe","p2id":"coffeewhiskey","formatid":"gen9ou","rating":1062,"private":0,"password":""}