{"id":"gen9ou-1988744731","p1":"DreadWarrior","p2":"burngurg","format":"[Gen 9] OU","log":"|j|\u2606DreadWarrior\n|j|\u2606burngurg\n|t:|1699757654\n|gametype|singles\n|player|p1|DreadWarrior|bruno-gen3|1489\n|player|p2|burngurg|plasmagrunt-gen5bw|1415\n|teamsize|p1|6\n|teamsize|p2|6\n|gen|9\n|tier|[Gen 9] OU\n|rated|\n|rule|Sleep Clause Mod: Limit one foe put to sleep\n|rule|Species Clause: Limit one of each Pok\u00e9mon\n|rule|OHKO Clause: OHKO moves are banned\n|rule|Evasion Items Clause: Evasion items are banned\n|rule|Evasion Moves Clause: Evasion moves are banned\n|rule|Endless Battle Clause: Forcing endless battles is banned\n|rule|HP Percentage Mod: HP is shown in percentages\n|clearpoke\n|poke|p1|Gliscor, M|\n|poke|p1|Slowking-Galar, M|\n|poke|p1|Weavile, F|\n|poke|p1|Mew|\n|poke|p1|Dragonite, F|\n|poke|p1|Kingambit, M|\n|poke|p2|Conkeldurr, M|\n|poke|p2|Sandy Shocks|\n|poke|p2|Great Tusk|\n|poke|p2|Kingambit, F|\n|poke|p2|Slowking-Galar, F|\n|poke|p2|Salamence, M|\n|teampreview\n|inactive|Battle timer is ON: inactive players will automatically lose when time's up. (requested by burngurg)\n|\n|t:|1699757678\n|start\n|switch|p1a: Mew|Mew|100\/100\n|switch|p2a: Sandy Shocks|Sandy Shocks|100\/100\n|-enditem|p2a: Sandy Shocks|Booster Energy\n|-activate|p2a: Sandy Shocks|ability: Protosynthesis|[fromitem]\n|-start|p2a: Sandy Shocks|protosynthesisspe\n|turn|1\n|inactive|DreadWarrior has 120 seconds left.\n|inactive|DreadWarrior has 90 seconds left.\n|\n|t:|1699757742\n|move|p2a: Sandy Shocks|Thunderbolt|p1a: Mew\n|-crit|p1a: Mew\n|-damage|p1a: Mew|30\/100\n|-status|p1a: Mew|par\n|-activate|p1a: Mew|ability: Synchronize\n|-immune|p2a: Sandy Shocks\n|move|p1a: Mew|Stealth Rock|p2a: Sandy Shocks\n|-sidestart|p2: burngurg|move: Stealth Rock\n|\n|upkeep\n|turn|2\n|\n|t:|1699757746\n|move|p2a: Sandy Shocks|Thunderbolt|p1a: Mew\n|-damage|p1a: Mew|0 fnt\n|faint|p1a: Mew\n|\n|upkeep\n|inactive|DreadWarrior has 90 seconds left.\n|\n|t:|1699757763\n|switch|p1a: Weavile|Weavile, F|100\/100\n|-ability|p1a: Weavile|Pressure\n|turn|3\n|\n|t:|1699757776\n|-end|p2a: Sandy Shocks|Protosynthesis|[silent]\n|switch|p2a: Kingambit|Kingambit, F|100\/100\n|-damage|p2a: Kingambit|94\/100|[from] Stealth Rock\n|move|p1a: Weavile|Icicle Crash|p2a: Kingambit|[miss]\n|-miss|p1a: Weavile|p2a: Kingambit\n|\n|-heal|p2a: Kingambit|100\/100|[from] item: Leftovers\n|upkeep\n|turn|4\n|\n|t:|1699757801\n|-end|p2a: Kingambit|fallenundefined|[silent]\n|switch|p2a: Great Tusk|Great Tusk|100\/100\n|-damage|p2a: Great Tusk|98\/100|[from] Stealth Rock\n|move|p1a: Weavile|Low Kick|p2a: Great Tusk\n|-damage|p2a: Great Tusk|67\/100\n|\n|-heal|p2a: Great Tusk|73\/100|[from] item: Leftovers\n|upkeep\n|turn|5\n|\n|t:|1699757809\n|-terastallize|p2a: Great Tusk|Poison\n|move|p1a: Weavile|Icicle Crash|p2a: Great Tusk\n|-damage|p2a: Great Tusk|44\/100\n|cant|p2a: Great Tusk|flinch\n|\n|-heal|p2a: Great Tusk|51\/100|[from] item: Leftovers\n|upkeep\n|turn|6\n|inactive|DreadWarrior has 120 seconds left.\n|\n|t:|1699757842\n|move|p1a: Weavile|Icicle Crash|p2a: Great Tusk\n|-damage|p2a: Great Tusk|19\/100\n|move|p2a: Great Tusk|Rapid Spin|p1a: Weavile\n|-damage|p1a: Weavile|74\/100\n|-boost|p2a: Great Tusk|spe|1\n|-sideend|p2: burngurg|Stealth Rock|[from] move: Rapid Spin|[of] p2a: Great Tusk\n|\n|-heal|p2a: Great Tusk|25\/100|[from] item: Leftovers\n|upkeep\n|turn|7\n|inactive|burngurg has 120 seconds left.\n|\n|t:|1699757863\n|move|p2a: Great Tusk|Earthquake|p1a: Weavile\n|-crit|p1a: Weavile\n|-damage|p1a: Weavile|0 fnt\n|faint|p1a: Weavile\n|\n|-heal|p2a: Great Tusk|31\/100|[from] item: Leftovers\n|upkeep\n|inactive|DreadWarrior has 90 seconds left.\n|\n|t:|1699757906\n|switch|p1a: Kingambit|Kingambit, M|100\/100\n|-activate|p1a: Kingambit|ability: Supreme Overlord\n|-start|p1a: Kingambit|fallen2|[silent]\n|turn|8\n|\n|t:|1699757909\n|move|p2a: Great Tusk|Bulk Up|p2a: Great Tusk\n|-boost|p2a: Great Tusk|atk|1\n|-boost|p2a: Great Tusk|def|1\n|move|p1a: Kingambit|Kowtow Cleave|p2a: Great Tusk\n|-damage|p2a: Great Tusk|1\/100\n|\n|-heal|p2a: Great Tusk|7\/100|[from] item: Leftovers\n|upkeep\n|turn|9\n|\n|t:|1699757922\n|move|p1a: Kingambit|Sucker Punch||[still]\n|-fail|p1a: Kingambit\n|move|p2a: Great Tusk|Bulk Up|p2a: Great Tusk\n|-boost|p2a: Great Tusk|atk|1\n|-boost|p2a: Great Tusk|def|1\n|\n|-heal|p2a: Great Tusk|13\/100|[from] item: Leftovers\n|upkeep\n|turn|10\n|\n|t:|1699757932\n|move|p2a: Great Tusk|Earthquake|p1a: Kingambit\n|-supereffective|p1a: Kingambit\n|-damage|p1a: Kingambit|0 fnt\n|faint|p1a: Kingambit\n|-end|p1a: Kingambit|fallen2|[silent]\n|\n|-heal|p2a: Great Tusk|20\/100|[from] item: Leftovers\n|upkeep\n|\n|t:|1699757938\n|switch|p1a: Dragonite|Dragonite, F|100\/100\n|turn|11\n|\n|t:|1699757945\n|-end|p2a: Great Tusk|Protosynthesis|[silent]\n|switch|p2a: Salamence|Salamence, M|100\/100\n|-ability|p2a: Salamence|Intimidate|boost\n|-unboost|p1a: Dragonite|atk|1\n|move|p1a: Dragonite|Earthquake|p2a: Salamence\n|-immune|p2a: Salamence\n|\n|upkeep\n|turn|12\n|inactive|DreadWarrior has 90 seconds left.\n|\n|t:|1699757981\n|switch|p1a: Slowking|Slowking-Galar, M|100\/100\n|move|p2a: Salamence|Hurricane|p1a: Slowking\n|-damage|p1a: Slowking|67\/100\n|\n|upkeep\n|turn|13\n|inactive|DreadWarrior has 90 seconds left.\n|\n|t:|1699757991\n|switch|p2a: Conkeldurr|Conkeldurr, M|100\/100\n|move|p1a: Slowking|Thunder Wave|p2a: Conkeldurr\n|-status|p2a: Conkeldurr|par\n|\n|upkeep\n|turn|14\n|\n|t:|1699757995\n|move|p2a: Conkeldurr|Knock Off|p1a: Slowking\n|-supereffective|p1a: Slowking\n|-damage|p1a: Slowking|0 fnt\n|-enditem|p1a: Slowking|Heavy-Duty Boots|[from] move: Knock Off|[of] p2a: Conkeldurr\n|faint|p1a: Slowking\n|\n|upkeep\n|\n|t:|1699758001\n|switch|p1a: Dragonite|Dragonite, F|100\/100\n|turn|15\n|\n|t:|1699758004\n|move|p1a: Dragonite|Dragon Dance|p1a: Dragonite\n|-boost|p1a: Dragonite|atk|1\n|-boost|p1a: Dragonite|spe|1\n|cant|p2a: Conkeldurr|par\n|\n|upkeep\n|turn|16\n|\n|t:|1699758010\n|move|p1a: Dragonite|Earthquake|p2a: Conkeldurr\n|-damage|p2a: Conkeldurr|42\/100 par\n|cant|p2a: Conkeldurr|par\n|\n|upkeep\n|turn|17\n|inactive|DreadWarrior has 120 seconds left.\n|c|\u2606burngurg|Wow\n|\n|t:|1699758020\n|move|p2a: Conkeldurr|Mach Punch|p1a: Dragonite\n|-resisted|p1a: Dragonite\n|-damage|p1a: Dragonite|90\/100\n|move|p1a: Dragonite|Earthquake|p2a: Conkeldurr\n|-damage|p2a: Conkeldurr|0 fnt\n|faint|p2a: Conkeldurr\n|\n|upkeep\n|c|\u2606DreadWarrior|you crit me\n|\n|t:|1699758031\n|switch|p2a: Salamence|Salamence, M|100\/100\n|-ability|p2a: Salamence|Intimidate|boost\n|-unboost|p1a: Dragonite|atk|1\n|turn|18\n|\n|t:|1699758037\n|move|p1a: Dragonite|Thunder|p2a: Salamence\n|-damage|p2a: Salamence|64\/100\n|-status|p2a: Salamence|par\n|move|p2a: Salamence|Draco Meteor|p1a: Dragonite\n|-supereffective|p1a: Dragonite\n|-damage|p1a: Dragonite|0 fnt\n|-unboost|p2a: Salamence|spa|2\n|faint|p1a: Dragonite\n|\n|upkeep\n|c|\u2606burngurg|Ahaha who cares\n|n|!DreadWarrior|dreadwarrior\n|inactive|DreadWarrior has 120 seconds left.\n|\n|t:|1699758060\n|switch|p1a: Gliscor|Gliscor, M|100\/100\n|turn|19\n|inactive|DreadWarrior has 120 seconds left.\n|\n|t:|1699758077\n|switch|p2a: Kingambit|Kingambit, F|100\/100\n|-activate|p2a: Kingambit|ability: Supreme Overlord\n|-start|p2a: Kingambit|fallen1|[silent]\n|move|p1a: Gliscor|Swords Dance|p1a: Gliscor\n|-boost|p1a: Gliscor|atk|2\n|\n|-status|p1a: Gliscor|tox|[from] item: Toxic Orb\n|upkeep\n|turn|20\n|\n|t:|1699758080\n|move|p2a: Kingambit|Sucker Punch|p1a: Gliscor\n|-damage|p1a: Gliscor|57\/100 tox\n|move|p1a: Gliscor|Earthquake|p2a: Kingambit\n|-supereffective|p2a: Kingambit\n|-damage|p2a: Kingambit|0 fnt\n|faint|p2a: Kingambit\n|-end|p2a: Kingambit|fallen1|[silent]\n|\n|-heal|p1a: Gliscor|70\/100 tox|[from] ability: Poison Heal\n|upkeep\n|\n|t:|1699758094\n|switch|p2a: Salamence|Salamence, M|64\/100 par\n|-ability|p2a: Salamence|Intimidate|boost\n|-unboost|p1a: Gliscor|atk|1\n|turn|21\n|\n|t:|1699758099\n|move|p1a: Gliscor|Acrobatics|p2a: Salamence\n|-damage|p2a: Salamence|33\/100 par\n|move|p2a: Salamence|Draco Meteor|p1a: Gliscor\n|-damage|p1a: Gliscor|0 fnt\n|-unboost|p2a: Salamence|spa|2\n|faint|p1a: Gliscor\n|\n|win|burngurg\n|raw|DreadWarrior's rating: 1489 &rarr; <strong>1465<\/strong><br \/>(-24 for losing)\n|raw|burngurg's rating: 1415 &rarr; <strong>1439<\/strong><br \/>(+24 for winning)\n","uploadtime":1699758051,"views":8,"p1id":"dreadwarrior","p2id":"burngurg","formatid":"gen9ou","rating":1439,"private":0,"password":""}