{"id":"gen9ou-1996268120","p1":"CapnTophat","p2":"Dragonyte","format":"[Gen 9] OU","log":"|j|\u2606CapnTophat\n|j|\u2606Dragonyte\n|t:|1700665807\n|gametype|singles\n|player|p1|CapnTophat|wallace|1792\n|player|p2|Dragonyte|101|1858\n|teamsize|p1|6\n|teamsize|p2|6\n|gen|9\n|tier|[Gen 9] OU\n|rated|\n|rule|Sleep Clause Mod: Limit one foe put to sleep\n|rule|Species Clause: Limit one of each Pok\u00e9mon\n|rule|OHKO Clause: OHKO moves are banned\n|rule|Evasion Items Clause: Evasion items are banned\n|rule|Evasion Moves Clause: Evasion moves are banned\n|rule|Endless Battle Clause: Forcing endless battles is banned\n|rule|HP Percentage Mod: HP is shown in percentages\n|clearpoke\n|poke|p1|Iron Hands|\n|poke|p1|Ting-Lu|\n|poke|p1|Iron Valiant|\n|poke|p1|Dragapult, F|\n|poke|p1|Ogerpon-Wellspring, F|\n|poke|p1|Cinderace, M|\n|poke|p2|Glimmora, F|\n|poke|p2|Kingambit, F|\n|poke|p2|Zamazenta-*|\n|poke|p2|Iron Valiant|\n|poke|p2|Iron Moth|\n|poke|p2|Ogerpon-Wellspring, F|\n|teampreview\n|inactive|Battle timer is ON: inactive players will automatically lose when time's up. (requested by CapnTophat)\n|\n|t:|1700665827\n|start\n|switch|p1a: Dragapult|Dragapult, F|100\/100\n|switch|p2a: Ogerpon|Ogerpon-Wellspring, F|100\/100\n|turn|1\n|j| PaleozolicMan\n|\n|t:|1700665838\n|move|p1a: Dragapult|Draco Meteor|p2a: Ogerpon\n|-damage|p2a: Ogerpon|5\/100\n|-unboost|p1a: Dragapult|spa|2\n|move|p2a: Ogerpon|Power Whip|p1a: Dragapult|[miss]\n|-miss|p2a: Ogerpon|p1a: Dragapult\n|\n|upkeep\n|turn|2\n|\n|t:|1700665842\n|switch|p2a: Iron Valiant|Iron Valiant|100\/100\n|-enditem|p2a: Iron Valiant|Booster Energy\n|-activate|p2a: Iron Valiant|ability: Quark Drive|[fromitem]\n|-start|p2a: Iron Valiant|quarkdrivespe\n|move|p1a: Dragapult|Draco Meteor|p2a: Iron Valiant\n|-immune|p2a: Iron Valiant\n|\n|upkeep\n|turn|3\n|\n|t:|1700665847\n|switch|p1a: Ting-Lu|Ting-Lu|100\/100\n|-ability|p1a: Ting-Lu|Vessel of Ruin\n|move|p2a: Iron Valiant|Moonblast|p1a: Ting-Lu\n|-supereffective|p1a: Ting-Lu\n|-damage|p1a: Ting-Lu|58\/100\n|\n|-heal|p1a: Ting-Lu|65\/100|[from] item: Leftovers\n|upkeep\n|turn|4\n|\n|t:|1700665850\n|move|p2a: Iron Valiant|Hypnosis|p1a: Ting-Lu|[miss]\n|-miss|p2a: Iron Valiant|p1a: Ting-Lu\n|move|p1a: Ting-Lu|Whirlwind|p2a: Iron Valiant\n|-end|p2a: Iron Valiant|Quark Drive|[silent]\n|drag|p2a: Iron Moth|Iron Moth|100\/100\n|-enditem|p2a: Iron Moth|Booster Energy\n|-activate|p2a: Iron Moth|ability: Quark Drive|[fromitem]\n|-start|p2a: Iron Moth|quarkdrivespe\n|\n|-heal|p1a: Ting-Lu|71\/100|[from] item: Leftovers\n|upkeep\n|turn|5\n|\n|t:|1700665858\n|-end|p2a: Iron Moth|Quark Drive|[silent]\n|switch|p2a: Iron Valiant|Iron Valiant|100\/100\n|move|p1a: Ting-Lu|Earthquake|p2a: Iron Valiant\n|-damage|p2a: Iron Valiant|53\/100\n|\n|-heal|p1a: Ting-Lu|77\/100|[from] item: Leftovers\n|upkeep\n|turn|6\n|\n|t:|1700665860\n|move|p2a: Iron Valiant|Moonblast|p1a: Ting-Lu\n|-supereffective|p1a: Ting-Lu\n|-damage|p1a: Ting-Lu|36\/100\n|move|p1a: Ting-Lu|Earthquake|p2a: Iron Valiant\n|-damage|p2a: Iron Valiant|3\/100\n|\n|-heal|p1a: Ting-Lu|43\/100|[from] item: Leftovers\n|upkeep\n|turn|7\n|\n|t:|1700665863\n|move|p2a: Iron Valiant|Moonblast|p1a: Ting-Lu\n|-supereffective|p1a: Ting-Lu\n|-damage|p1a: Ting-Lu|0 fnt\n|faint|p1a: Ting-Lu\n|\n|upkeep\n|\n|t:|1700665867\n|switch|p1a: Dragapult|Dragapult, F|100\/100\n|turn|8\n|\n|t:|1700665869\n|move|p1a: Dragapult|U-turn|p2a: Iron Valiant\n|-resisted|p2a: Iron Valiant\n|-damage|p2a: Iron Valiant|0 fnt\n|faint|p2a: Iron Valiant\n|-end|p2a: Iron Valiant|Quark Drive|[silent]\n|\n|t:|1700665872\n|switch|p1a: Ogerpon|Ogerpon-Wellspring, F|100\/100|[from] U-turn\n|\n|upkeep\n|j| Outdated Ahh Team\n|\n|t:|1700665893\n|switch|p2a: Ogerpon|Ogerpon-Wellspring, F|5\/100\n|turn|9\n|\n|t:|1700665895\n|move|p1a: Ogerpon|Trailblaze|p2a: Ogerpon\n|-damage|p2a: Ogerpon|0 fnt\n|-boost|p1a: Ogerpon|spe|1\n|faint|p2a: Ogerpon\n|\n|upkeep\n|\n|t:|1700665913\n|switch|p2a: Zamazenta|Zamazenta, shiny|100\/100\n|-ability|p2a: Zamazenta|Dauntless Shield|boost\n|-boost|p2a: Zamazenta|def|1\n|turn|10\n|\n|t:|1700665915\n|move|p1a: Ogerpon|Swords Dance|p1a: Ogerpon\n|-boost|p1a: Ogerpon|atk|2\n|move|p2a: Zamazenta|Iron Defense|p2a: Zamazenta\n|-boost|p2a: Zamazenta|def|2\n|\n|upkeep\n|turn|11\n|\n|t:|1700665921\n|move|p1a: Ogerpon|Ivy Cudgel|p2a: Zamazenta|[anim] Ivy Cudgel Water\n|-damage|p2a: Zamazenta|62\/100\n|move|p2a: Zamazenta|Body Press|p1a: Ogerpon\n|-damage|p1a: Ogerpon|0 fnt\n|faint|p1a: Ogerpon\n|\n|-heal|p2a: Zamazenta|68\/100|[from] item: Leftovers\n|upkeep\n|\n|t:|1700665924\n|switch|p1a: Dragapult|Dragapult, F|100\/100\n|turn|12\n|\n|t:|1700665938\n|switch|p2a: Iron Moth|Iron Moth|100\/100\n|move|p1a: Dragapult|Shadow Ball|p2a: Iron Moth\n|-damage|p2a: Iron Moth|47\/100\n|\n|upkeep\n|turn|13\n|\n|t:|1700665952\n|move|p1a: Dragapult|Shadow Ball|p2a: Iron Moth\n|-damage|p2a: Iron Moth|0 fnt\n|faint|p2a: Iron Moth\n|-end|p2a: Iron Moth|Quark Drive|[silent]\n|\n|upkeep\n|\n|t:|1700665959\n|switch|p2a: Kingambit|Kingambit, F|100\/100\n|-activate|p2a: Kingambit|ability: Supreme Overlord\n|-start|p2a: Kingambit|fallen3|[silent]\n|turn|14\n|\n|t:|1700665961\n|switch|p1a: Cinderace|Cinderace, M|100\/100\n|-end|p2a: Kingambit|fallen3|[silent]\n|switch|p2a: Glimmora|Glimmora, F|100\/100\n|\n|upkeep\n|turn|15\n|\n|t:|1700665966\n|move|p1a: Cinderace|Will-O-Wisp|p2a: Glimmora\n|-status|p2a: Glimmora|brn\n|move|p2a: Glimmora|Earth Power|p1a: Cinderace\n|-supereffective|p1a: Cinderace\n|-damage|p1a: Cinderace|22\/100\n|\n|-damage|p2a: Glimmora|94\/100 brn|[from] brn\n|upkeep\n|turn|16\n|\n|t:|1700665973\n|move|p1a: Cinderace|Pyro Ball|p2a: Glimmora\n|-resisted|p2a: Glimmora\n|-damage|p2a: Glimmora|49\/100 brn\n|-activate|p2a: Glimmora|ability: Toxic Debris\n|-sidestart|p1: CapnTophat|move: Toxic Spikes\n|move|p2a: Glimmora|Stealth Rock|p1a: Cinderace\n|-sidestart|p1: CapnTophat|move: Stealth Rock\n|\n|-damage|p2a: Glimmora|43\/100 brn|[from] brn\n|upkeep\n|turn|17\n|\n|t:|1700665977\n|move|p1a: Cinderace|Pyro Ball|p2a: Glimmora\n|-resisted|p2a: Glimmora\n|-damage|p2a: Glimmora|0 fnt\n|-activate|p2a: Glimmora|ability: Toxic Debris\n|-sidestart|p1: CapnTophat|move: Toxic Spikes\n|faint|p2a: Glimmora\n|\n|upkeep\n|\n|t:|1700665983\n|switch|p2a: Zamazenta|Zamazenta, shiny|68\/100\n|turn|18\n|\n|t:|1700665988\n|-terastallize|p1a: Cinderace|Fairy\n|move|p2a: Zamazenta|Body Press|p1a: Cinderace\n|-resisted|p1a: Cinderace\n|-damage|p1a: Cinderace|0 fnt\n|faint|p1a: Cinderace\n|\n|-heal|p2a: Zamazenta|75\/100|[from] item: Leftovers\n|upkeep\n|\n|t:|1700665995\n|switch|p1a: Iron Valiant|Iron Valiant|100\/100\n|-status|p1a: Iron Valiant|tox\n|-damage|p1a: Iron Valiant|94\/100 tox|[from] Stealth Rock\n|-enditem|p1a: Iron Valiant|Booster Energy\n|-activate|p1a: Iron Valiant|ability: Quark Drive|[fromitem]\n|-start|p1a: Iron Valiant|quarkdrivespe\n|turn|19\n|\n|t:|1700665998\n|-terastallize|p2a: Zamazenta|Fire\n|move|p1a: Iron Valiant|Calm Mind|p1a: Iron Valiant\n|-boost|p1a: Iron Valiant|spa|1\n|-boost|p1a: Iron Valiant|spd|1\n|move|p2a: Zamazenta|Heavy Slam|p1a: Iron Valiant\n|-supereffective|p1a: Iron Valiant\n|-damage|p1a: Iron Valiant|0 fnt\n|faint|p1a: Iron Valiant\n|-end|p1a: Iron Valiant|Quark Drive|[silent]\n|\n|-heal|p2a: Zamazenta|81\/100|[from] item: Leftovers\n|upkeep\n|\n|t:|1700666002\n|switch|p1a: Dragapult|Dragapult, F|100\/100\n|-status|p1a: Dragapult|tox\n|-damage|p1a: Dragapult|88\/100 tox|[from] Stealth Rock\n|turn|20\n|\n|t:|1700666006\n|switch|p2a: Kingambit|Kingambit, F|100\/100\n|-activate|p2a: Kingambit|ability: Supreme Overlord\n|-start|p2a: Kingambit|fallen4|[silent]\n|move|p1a: Dragapult|Draco Meteor|p2a: Kingambit\n|-resisted|p2a: Kingambit\n|-damage|p2a: Kingambit|51\/100\n|-unboost|p1a: Dragapult|spa|2\n|\n|-damage|p1a: Dragapult|82\/100 tox|[from] psn\n|upkeep\n|turn|21\n|\n|t:|1700666010\n|switch|p1a: Iron Hands|Iron Hands|100\/100\n|-status|p1a: Iron Hands|tox\n|-damage|p1a: Iron Hands|94\/100 tox|[from] Stealth Rock\n|-end|p2a: Kingambit|fallen4|[silent]\n|switch|p2a: Zamazenta|Zamazenta, shiny, tera:Fire|81\/100\n|\n|-heal|p2a: Zamazenta|87\/100|[from] item: Leftovers\n|-heal|p1a: Iron Hands|100\/100 tox|[from] item: Leftovers\n|-damage|p1a: Iron Hands|94\/100 tox|[from] psn\n|upkeep\n|turn|22\n|\n|t:|1700666022\n|-end|p1a: Iron Hands|Quark Drive|[silent]\n|switch|p1a: Dragapult|Dragapult, F|82\/100 tox\n|-damage|p1a: Dragapult|70\/100 tox|[from] Stealth Rock\n|move|p2a: Zamazenta|Crunch|p1a: Dragapult\n|-supereffective|p1a: Dragapult\n|-damage|p1a: Dragapult|0 fnt\n|faint|p1a: Dragapult\n|\n|-heal|p2a: Zamazenta|93\/100|[from] item: Leftovers\n|upkeep\n|\n|t:|1700666025\n|switch|p1a: Iron Hands|Iron Hands|94\/100 tox\n|-damage|p1a: Iron Hands|88\/100 tox|[from] Stealth Rock\n|turn|23\n|\n|t:|1700666027\n|move|p2a: Zamazenta|Iron Defense|p2a: Zamazenta\n|-boost|p2a: Zamazenta|def|2\n|move|p1a: Iron Hands|Swords Dance|p1a: Iron Hands\n|-boost|p1a: Iron Hands|atk|2\n|\n|-heal|p2a: Zamazenta|99\/100|[from] item: Leftovers\n|-heal|p1a: Iron Hands|94\/100 tox|[from] item: Leftovers\n|-damage|p1a: Iron Hands|88\/100 tox|[from] psn\n|upkeep\n|turn|24\n|l| PaleozolicMan\n|\n|t:|1700666030\n|move|p2a: Zamazenta|Body Press|p1a: Iron Hands\n|-damage|p1a: Iron Hands|37\/100 tox\n|move|p1a: Iron Hands|Drain Punch|p2a: Zamazenta\n|-damage|p2a: Zamazenta|62\/100\n|-heal|p1a: Iron Hands|51\/100 tox|[from] drain|[of] p2a: Zamazenta\n|\n|-heal|p2a: Zamazenta|68\/100|[from] item: Leftovers\n|-heal|p1a: Iron Hands|57\/100 tox|[from] item: Leftovers\n|-damage|p1a: Iron Hands|44\/100 tox|[from] psn\n|upkeep\n|turn|25\n|\n|t:|1700666032\n|move|p2a: Zamazenta|Body Press|p1a: Iron Hands\n|-damage|p1a: Iron Hands|0 fnt\n|faint|p1a: Iron Hands\n|-end|p1a: Iron Hands|Quark Drive|[silent]\n|\n|win|Dragonyte\n|raw|CapnTophat's rating: 1792 &rarr; <strong>1776<\/strong><br \/>(-16 for losing)\n|raw|Dragonyte's rating: 1858 &rarr; <strong>1874<\/strong><br \/>(+16 for winning)\n|l|\u2606CapnTophat\n","uploadtime":1700666044,"views":7,"p1id":"capntophat","p2id":"dragonyte","formatid":"gen9ou","rating":1776,"private":0,"password":""}