{"id":"gen9ou-1989455297","p1":"aWildNicc","p2":"kalakmanastan","format":"[Gen 9] OU","log":"|j|\u2606aWildNicc\n|j|\u2606kalakmanastan\n|t:|1699853103\n|gametype|singles\n|player|p1|aWildNicc|n|1567\n|player|p2|kalakmanastan|170|1542\n|teamsize|p1|6\n|teamsize|p2|6\n|gen|9\n|tier|[Gen 9] OU\n|rated|\n|rule|Sleep Clause Mod: Limit one foe put to sleep\n|rule|Species Clause: Limit one of each Pok\u00e9mon\n|rule|OHKO Clause: OHKO moves are banned\n|rule|Evasion Items Clause: Evasion items are banned\n|rule|Evasion Moves Clause: Evasion moves are banned\n|rule|Endless Battle Clause: Forcing endless battles is banned\n|rule|HP Percentage Mod: HP is shown in percentages\n|clearpoke\n|poke|p1|Rillaboom, M|\n|poke|p1|Gholdengo|\n|poke|p1|Great Tusk|\n|poke|p1|Kingambit, F|\n|poke|p1|Walking Wake|\n|poke|p1|Cinderace, F|\n|poke|p2|Garganacl, F|\n|poke|p2|Dragonite, M|\n|poke|p2|Amoonguss, M|\n|poke|p2|Iron Valiant|\n|poke|p2|Corviknight, F|\n|poke|p2|Zapdos|\n|teampreview\n|j| Lumity4ever\n|inactive|Battle timer is ON: inactive players will automatically lose when time's up. (requested by kalakmanastan)\n|\n|t:|1699853127\n|start\n|switch|p1a: Great Tusk|Great Tusk|100\/100\n|switch|p2a: Zapdos|Zapdos|100\/100\n|-enditem|p1a: Great Tusk|Booster Energy\n|-activate|p1a: Great Tusk|ability: Protosynthesis|[fromitem]\n|-start|p1a: Great Tusk|protosynthesisspe\n|turn|1\n|\n|t:|1699853132\n|move|p1a: Great Tusk|Stealth Rock|p2a: Zapdos\n|-sidestart|p2: kalakmanastan|move: Stealth Rock\n|move|p2a: Zapdos|Hurricane|p1a: Great Tusk\n|-supereffective|p1a: Great Tusk\n|-damage|p1a: Great Tusk|0 fnt\n|faint|p1a: Great Tusk\n|-end|p1a: Great Tusk|Protosynthesis|[silent]\n|\n|upkeep\n|\n|t:|1699853139\n|switch|p1a: Cinderace|Cinderace, F|100\/100\n|turn|2\n|\n|t:|1699853144\n|switch|p2a: Garganacl|Garganacl, F|100\/100\n|-damage|p2a: Garganacl|88\/100|[from] Stealth Rock\n|move|p1a: Cinderace|High Jump Kick|p2a: Garganacl\n|-start|p1a: Cinderace|typechange|Fighting|[from] ability: Libero\n|-supereffective|p2a: Garganacl\n|-damage|p2a: Garganacl|0 fnt\n|faint|p2a: Garganacl\n|\n|upkeep\n|\n|t:|1699853163\n|switch|p2a: Corviknight|Corviknight, F|100\/100\n|-damage|p2a: Corviknight|88\/100|[from] Stealth Rock\n|-ability|p2a: Corviknight|Pressure\n|turn|3\n|\n|t:|1699853169\n|move|p1a: Cinderace|High Jump Kick|p2a: Corviknight\n|-crit|p2a: Corviknight\n|-damage|p2a: Corviknight|0 fnt\n|faint|p2a: Corviknight\n|\n|upkeep\n|\n|t:|1699853188\n|switch|p2a: Dragonite|Dragonite, M|100\/100\n|-damage|p2a: Dragonite|76\/100|[from] Stealth Rock\n|turn|4\n|\n|t:|1699853200\n|switch|p1a: Rillaboom|Rillaboom, M|100\/100\n|-fieldstart|move: Grassy Terrain|[from] ability: Grassy Surge|[of] p1a: Rillaboom\n|move|p2a: Dragonite|Dragon Dance|p2a: Dragonite\n|-boost|p2a: Dragonite|atk|1\n|-boost|p2a: Dragonite|spe|1\n|\n|-heal|p2a: Dragonite|82\/100|[from] item: Leftovers\n|upkeep\n|turn|5\n|\n|t:|1699853202\n|switch|p1a: Kingambit|Kingambit, F|100\/100\n|-activate|p1a: Kingambit|ability: Supreme Overlord\n|-start|p1a: Kingambit|fallen1|[silent]\n|move|p2a: Dragonite|Dragon Dance|p2a: Dragonite\n|-boost|p2a: Dragonite|atk|1\n|-boost|p2a: Dragonite|spe|1\n|\n|-heal|p2a: Dragonite|88\/100|[from] item: Leftovers\n|upkeep\n|turn|6\n|\n|t:|1699853210\n|move|p2a: Dragonite|Fire Punch|p1a: Kingambit\n|-supereffective|p1a: Kingambit\n|-damage|p1a: Kingambit|10\/100\n|move|p1a: Kingambit|Kowtow Cleave|p2a: Dragonite\n|-damage|p2a: Dragonite|11\/100\n|\n|-heal|p2a: Dragonite|17\/100|[from] item: Leftovers\n|-heal|p1a: Kingambit|16\/100|[from] Grassy Terrain\n|upkeep\n|turn|7\n|\n|t:|1699853218\n|-end|p1a: Kingambit|fallen1|[silent]\n|switch|p1a: Gholdengo|Gholdengo|100\/100\n|move|p2a: Dragonite|Extreme Speed|p1a: Gholdengo\n|-immune|p1a: Gholdengo\n|\n|-heal|p2a: Dragonite|23\/100|[from] item: Leftovers\n|upkeep\n|turn|8\n|\n|t:|1699853223\n|-terastallize|p1a: Gholdengo|Flying\n|move|p2a: Dragonite|Fire Punch|p1a: Gholdengo\n|-damage|p1a: Gholdengo|59\/100\n|move|p1a: Gholdengo|Shadow Ball|p2a: Dragonite\n|-damage|p2a: Dragonite|0 fnt\n|faint|p2a: Dragonite\n|-damage|p1a: Gholdengo|49\/100|[from] item: Life Orb\n|\n|-fieldend|move: Grassy Terrain\n|upkeep\n|\n|t:|1699853241\n|switch|p2a: Amoonguss|Amoonguss, M|100\/100\n|-damage|p2a: Amoonguss|88\/100|[from] Stealth Rock\n|turn|9\n|\n|t:|1699853247\n|move|p1a: Gholdengo|Recover|p1a: Gholdengo\n|-heal|p1a: Gholdengo|99\/100\n|move|p2a: Amoonguss|Sludge Bomb|p1a: Gholdengo\n|-damage|p1a: Gholdengo|70\/100\n|\n|upkeep\n|turn|10\n|\n|t:|1699853252\n|move|p1a: Gholdengo|Psyshock|p2a: Amoonguss\n|-supereffective|p2a: Amoonguss\n|-damage|p2a: Amoonguss|33\/100\n|-damage|p1a: Gholdengo|61\/100|[from] item: Life Orb\n|move|p2a: Amoonguss|Sludge Bomb|p1a: Gholdengo\n|-damage|p1a: Gholdengo|28\/100\n|-status|p1a: Gholdengo|psn\n|\n|-damage|p1a: Gholdengo|16\/100 psn|[from] psn\n|upkeep\n|turn|11\n|\n|t:|1699853277\n|switch|p2a: Zapdos|Zapdos|100\/100\n|move|p1a: Gholdengo|Shadow Ball|p2a: Zapdos\n|-crit|p2a: Zapdos\n|-damage|p2a: Zapdos|35\/100\n|-damage|p1a: Gholdengo|6\/100 psn|[from] item: Life Orb\n|\n|-damage|p1a: Gholdengo|0 fnt|[from] psn\n|faint|p1a: Gholdengo\n|upkeep\n|\n|t:|1699853301\n|switch|p1a: Cinderace|Cinderace, F|100\/100\n|turn|12\n|\n|t:|1699853309\n|move|p1a: Cinderace|Pyro Ball|p2a: Zapdos\n|-damage|p2a: Zapdos|0 fnt\n|faint|p2a: Zapdos\n|\n|upkeep\n|\n|t:|1699853323\n|switch|p2a: Iron Valiant|Iron Valiant|100\/100\n|-damage|p2a: Iron Valiant|94\/100|[from] Stealth Rock\n|-enditem|p2a: Iron Valiant|Booster Energy\n|-activate|p2a: Iron Valiant|ability: Quark Drive|[fromitem]\n|-start|p2a: Iron Valiant|quarkdrivespe\n|turn|13\n|\n|t:|1699853333\n|-terastallize|p2a: Iron Valiant|Electric\n|move|p2a: Iron Valiant|Calm Mind|p2a: Iron Valiant\n|-boost|p2a: Iron Valiant|spa|1\n|-boost|p2a: Iron Valiant|spd|1\n|move|p1a: Cinderace|Pyro Ball|p2a: Iron Valiant\n|-damage|p2a: Iron Valiant|0 fnt\n|faint|p2a: Iron Valiant\n|-end|p2a: Iron Valiant|Quark Drive|[silent]\n|\n|upkeep\n|-message|kalakmanastan forfeited.\n|\n|win|aWildNicc\n|raw|aWildNicc's rating: 1567 &rarr; <strong>1586<\/strong><br \/>(+19 for winning)\n|raw|kalakmanastan's rating: 1542 &rarr; <strong>1523<\/strong><br \/>(-19 for losing)\n|l|\u2606kalakmanastan\n","uploadtime":1699853346,"views":10,"p1id":"awildnicc","p2id":"kalakmanastan","formatid":"gen9ou","rating":1523,"private":0,"password":""}