{"id":"gen9ou-1999722085","p1":"blcnchitosqual","p2":"rainheimer","format":"[Gen 9] OU","log":"|j|\u2606blcnchitosqual\n|j|\u2606rainheimer\n|t:|1701110905\n|gametype|singles\n|player|p1|blcnchitosqual|giovanni-gen3|1636\n|player|p2|rainheimer|169|1537\n|teamsize|p1|6\n|teamsize|p2|6\n|gen|9\n|tier|[Gen 9] OU\n|rated|\n|rule|Sleep Clause Mod: Limit one foe put to sleep\n|rule|Species Clause: Limit one of each Pok\u00e9mon\n|rule|OHKO Clause: OHKO moves are banned\n|rule|Evasion Items Clause: Evasion items are banned\n|rule|Evasion Moves Clause: Evasion moves are banned\n|rule|Endless Battle Clause: Forcing endless battles is banned\n|rule|HP Percentage Mod: HP is shown in percentages\n|clearpoke\n|poke|p1|Slowking-Galar, M|\n|poke|p1|Conkeldurr, F|\n|poke|p1|Corviknight, F|\n|poke|p1|Iron Moth|\n|poke|p1|Enamorus, F|\n|poke|p1|Samurott-Hisui, M|\n|poke|p2|Samurott-Hisui, F|\n|poke|p2|Pelipper, F|\n|poke|p2|Zapdos|\n|poke|p2|Scizor, M|\n|poke|p2|Barraskewda, F|\n|poke|p2|Amoonguss, F|\n|teampreview\n|inactive|Battle timer is ON: inactive players will automatically lose when time's up. (requested by rainheimer)\n|\n|t:|1701110974\n|start\n|switch|p1a: Enamorus|Enamorus, F|100\/100\n|switch|p2a: Zapdos|Zapdos|100\/100\n|turn|1\n|\n|t:|1701110986\n|switch|p1a: Slowking|Slowking-Galar, M|100\/100\n|move|p2a: Zapdos|Volt Switch|p1a: Slowking\n|-damage|p1a: Slowking|81\/100\n|\n|t:|1701110991\n|switch|p2a: Samurott|Samurott-Hisui, F|100\/100|[from] Volt Switch\n|\n|upkeep\n|turn|2\n|\n|t:|1701110999\n|switch|p1a: Corviknight|Corviknight, F|100\/100\n|-ability|p1a: Corviknight|Pressure\n|move|p2a: Samurott|Ceaseless Edge|p1a: Corviknight\n|-damage|p1a: Corviknight|71\/100\n|-damage|p2a: Samurott|84\/100|[from] item: Rocky Helmet|[of] p1a: Corviknight\n|-sidestart|p1: blcnchitosqual|Spikes\n|\n|upkeep\n|turn|3\n|\n|t:|1701111007\n|switch|p2a: Zapdos|Zapdos|100\/100\n|move|p1a: Corviknight|Roost|p1a: Corviknight\n|-heal|p1a: Corviknight|100\/100\n|-singleturn|p1a: Corviknight|move: Roost\n|\n|upkeep\n|turn|4\n|\n|t:|1701111024\n|switch|p1a: Slowking|Slowking-Galar, M|100\/100\n|move|p2a: Zapdos|Volt Switch|p1a: Slowking\n|-damage|p1a: Slowking|78\/100\n|\n|t:|1701111031\n|switch|p2a: Samurott|Samurott-Hisui, F|84\/100|[from] Volt Switch\n|\n|upkeep\n|turn|5\n|\n|t:|1701111036\n|switch|p2a: Zapdos|Zapdos|100\/100\n|switch|p1a: Corviknight|Corviknight, F|100\/100\n|-ability|p1a: Corviknight|Pressure\n|\n|upkeep\n|turn|6\n|\n|t:|1701111043\n|switch|p1a: Slowking|Slowking-Galar, M|100\/100\n|move|p2a: Zapdos|Volt Switch|p1a: Slowking\n|-damage|p1a: Slowking|80\/100\n|\n|t:|1701111046\n|switch|p2a: Samurott|Samurott-Hisui, F|84\/100|[from] Volt Switch\n|\n|upkeep\n|turn|7\n|\n|t:|1701111051\n|switch|p1a: Corviknight|Corviknight, F|100\/100\n|-ability|p1a: Corviknight|Pressure\n|move|p2a: Samurott|Ceaseless Edge|p1a: Corviknight\n|-damage|p1a: Corviknight|69\/100\n|-damage|p2a: Samurott|67\/100|[from] item: Rocky Helmet|[of] p1a: Corviknight\n|-sidestart|p1: blcnchitosqual|Spikes\n|\n|upkeep\n|turn|8\n|\n|t:|1701111060\n|switch|p2a: Pelipper|Pelipper, F|100\/100\n|-weather|RainDance|[from] ability: Drizzle|[of] p2a: Pelipper\n|move|p1a: Corviknight|Defog|p2a: Pelipper\n|-unboost|p2a: Pelipper|evasion|1\n|-sideend|p1: blcnchitosqual|Spikes|[from] move: Defog|[of] p1a: Corviknight\n|\n|-weather|RainDance|[upkeep]\n|upkeep\n|turn|9\n|\n|t:|1701111068\n|move|p1a: Corviknight|U-turn|p2a: Pelipper\n|-resisted|p2a: Pelipper\n|-damage|p2a: Pelipper|93\/100\n|\n|t:|1701111073\n|switch|p1a: Slowking|Slowking-Galar, M|100\/100|[from] U-turn\n|move|p2a: Pelipper|Surf|p1a: Slowking\n|-damage|p1a: Slowking|61\/100\n|\n|-weather|RainDance|[upkeep]\n|upkeep\n|turn|10\n|\n|t:|1701111085\n|move|p2a: Pelipper|Surf|p1a: Slowking\n|-damage|p1a: Slowking|27\/100\n|move|p1a: Slowking|Chilly Reception|p1a: Slowking\n|-weather|Snow\n|\n|t:|1701111091\n|switch|p1a: Enamorus|Enamorus, F|100\/100|[from] Chilly Reception\n|\n|-weather|Snow|[upkeep]\n|upkeep\n|turn|11\n|\n|t:|1701111099\n|switch|p2a: Amoonguss|Amoonguss, F|100\/100\n|move|p1a: Enamorus|Moonblast|p2a: Amoonguss\n|-resisted|p2a: Amoonguss\n|-damage|p2a: Amoonguss|67\/100\n|\n|-weather|Snow|[upkeep]\n|upkeep\n|turn|12\n|\n|t:|1701111115\n|switch|p1a: Conkeldurr|Conkeldurr, F|100\/100\n|move|p2a: Amoonguss|Spore|p1a: Conkeldurr\n|-status|p1a: Conkeldurr|slp|[from] move: Spore\n|\n|-weather|Snow|[upkeep]\n|upkeep\n|turn|13\n|\n|t:|1701111125\n|switch|p2a: Pelipper|Pelipper, F|93\/100\n|-weather|RainDance|[from] ability: Drizzle|[of] p2a: Pelipper\n|cant|p1a: Conkeldurr|slp\n|\n|-weather|RainDance|[upkeep]\n|upkeep\n|turn|14\n|\n|t:|1701111133\n|switch|p1a: Slowking|Slowking-Galar, M|61\/100\n|move|p2a: Pelipper|Hurricane|p1a: Slowking\n|-damage|p1a: Slowking|32\/100\n|\n|-weather|RainDance|[upkeep]\n|upkeep\n|turn|15\n|\n|t:|1701111144\n|move|p2a: Pelipper|Surf|p1a: Slowking\n|-damage|p1a: Slowking|0 fnt\n|faint|p1a: Slowking\n|\n|-weather|RainDance|[upkeep]\n|upkeep\n|\n|t:|1701111151\n|switch|p1a: Enamorus|Enamorus, F|100\/100\n|turn|16\n|\n|t:|1701111162\n|switch|p2a: Amoonguss|Amoonguss, F|99\/100\n|-terastallize|p1a: Enamorus|Fairy\n|move|p1a: Enamorus|Moonblast|p2a: Amoonguss\n|-resisted|p2a: Amoonguss\n|-damage|p2a: Amoonguss|52\/100\n|\n|-weather|RainDance|[upkeep]\n|upkeep\n|turn|17\n|\n|t:|1701111170\n|move|p1a: Enamorus|Moonblast|p2a: Amoonguss\n|-resisted|p2a: Amoonguss\n|-damage|p2a: Amoonguss|7\/100\n|move|p2a: Amoonguss|Clear Smog|p1a: Enamorus\n|-supereffective|p1a: Enamorus\n|-damage|p1a: Enamorus|40\/100\n|-clearboost|p1a: Enamorus\n|\n|-weather|RainDance|[upkeep]\n|upkeep\n|turn|18\n|\n|t:|1701111179\n|switch|p2a: Scizor|Scizor, M|100\/100\n|move|p1a: Enamorus|Moonblast|p2a: Scizor\n|-resisted|p2a: Scizor\n|-damage|p2a: Scizor|45\/100\n|\n|-weather|RainDance|[upkeep]\n|upkeep\n|turn|19\n|\n|t:|1701111186\n|switch|p1a: Corviknight|Corviknight, F|69\/100\n|-ability|p1a: Corviknight|Pressure\n|move|p2a: Scizor|Bullet Punch|p1a: Corviknight\n|-resisted|p1a: Corviknight\n|-damage|p1a: Corviknight|55\/100\n|-damage|p2a: Scizor|28\/100|[from] item: Rocky Helmet|[of] p1a: Corviknight\n|\n|-weather|RainDance|[upkeep]\n|upkeep\n|turn|20\n|\n|t:|1701111196\n|switch|p2a: Zapdos|Zapdos|100\/100\n|move|p1a: Corviknight|U-turn|p2a: Zapdos\n|-resisted|p2a: Zapdos\n|-crit|p2a: Zapdos\n|-damage|p2a: Zapdos|87\/100\n|-status|p1a: Corviknight|par|[from] ability: Static|[of] p2a: Zapdos\n|\n|t:|1701111203\n|switch|p1a: Enamorus|Enamorus, F, tera:Fairy|40\/100|[from] U-turn\n|\n|-weather|none\n|upkeep\n|turn|21\n|\n|t:|1701111231\n|switch|p2a: Pelipper|Pelipper, F|93\/100\n|-weather|RainDance|[from] ability: Drizzle|[of] p2a: Pelipper\n|move|p1a: Enamorus|Moonblast|p2a: Pelipper\n|-damage|p2a: Pelipper|0 fnt\n|faint|p2a: Pelipper\n|\n|-weather|RainDance|[upkeep]\n|upkeep\n|\n|t:|1701111238\n|switch|p2a: Barraskewda|Barraskewda, F|100\/100\n|turn|22\n|inactive|blcnchitosqual has 120 seconds left.\n|\n|t:|1701111275\n|switch|p1a: Corviknight|Corviknight, F|55\/100 par\n|-ability|p1a: Corviknight|Pressure\n|-terastallize|p2a: Barraskewda|Water\n|move|p2a: Barraskewda|Flip Turn|p1a: Corviknight\n|-damage|p1a: Corviknight|0 fnt\n|-damage|p2a: Barraskewda|84\/100|[from] item: Rocky Helmet|[of] p1a: Corviknight\n|faint|p1a: Corviknight\n|\n|t:|1701111292\n|switch|p2a: Samurott|Samurott-Hisui, F|67\/100|[from] Flip Turn\n|\n|-weather|RainDance|[upkeep]\n|upkeep\n|\n|t:|1701111297\n|switch|p1a: Conkeldurr|Conkeldurr, F|100\/100 slp\n|turn|23\n|\n|t:|1701111303\n|move|p2a: Samurott|Aqua Cutter|p1a: Conkeldurr\n|-crit|p1a: Conkeldurr\n|-damage|p1a: Conkeldurr|0 fnt\n|faint|p1a: Conkeldurr\n|\n|-weather|RainDance|[upkeep]\n|upkeep\n|\n|t:|1701111315\n|switch|p1a: Enamorus|Enamorus, F, tera:Fairy|40\/100\n|turn|24\n|\n|t:|1701111341\n|switch|p2a: Amoonguss|Amoonguss, F|40\/100\n|switch|p1a: Samurott|Samurott-Hisui, M|100\/100\n|\n|-weather|RainDance|[upkeep]\n|upkeep\n|turn|25\n|\n|t:|1701111353\n|move|p1a: Samurott|Ceaseless Edge|p2a: Amoonguss\n|-damage|p2a: Amoonguss|0 fnt\n|-damage|p1a: Samurott|84\/100|[from] item: Rocky Helmet|[of] p2a: Amoonguss\n|-sidestart|p2: rainheimer|Spikes\n|faint|p2a: Amoonguss\n|\n|-weather|RainDance|[upkeep]\n|upkeep\n|\n|t:|1701111358\n|switch|p2a: Zapdos|Zapdos|87\/100\n|turn|26\n|\n|t:|1701111368\n|move|p1a: Samurott|Aqua Jet|p2a: Zapdos\n|-damage|p2a: Zapdos|47\/100\n|move|p2a: Zapdos|Volt Switch|p1a: Samurott\n|-supereffective|p1a: Samurott\n|-damage|p1a: Samurott|0 fnt\n|faint|p1a: Samurott\n|\n|t:|1701111375\n|switch|p2a: Barraskewda|Barraskewda, F, tera:Water|84\/100|[from] Volt Switch\n|-damage|p2a: Barraskewda|72\/100|[from] Spikes\n|\n|-weather|RainDance|[upkeep]\n|upkeep\n|\n|t:|1701111387\n|switch|p1a: Enamorus|Enamorus, F, tera:Fairy|40\/100\n|turn|27\n|\n|t:|1701111394\n|move|p2a: Barraskewda|Liquidation|p1a: Enamorus\n|-damage|p1a: Enamorus|0 fnt\n|faint|p1a: Enamorus\n|\n|-weather|RainDance|[upkeep]\n|upkeep\n|c|\u2606rainheimer|gg\n|c|\u2606blcnchitosqual|1 turn\n|c|\u2606blcnchitosqual|i chocked\n|c|\u2606blcnchitosqual|gg\n|\n|t:|1701111411\n|switch|p1a: Iron Moth|Iron Moth|100\/100\n|-enditem|p1a: Iron Moth|Booster Energy\n|-activate|p1a: Iron Moth|ability: Quark Drive|[fromitem]\n|-start|p1a: Iron Moth|quarkdrivespe\n|turn|28\n|\n|t:|1701111419\n|move|p2a: Barraskewda|Liquidation|p1a: Iron Moth\n|-supereffective|p1a: Iron Moth\n|-damage|p1a: Iron Moth|0 fnt\n|faint|p1a: Iron Moth\n|-end|p1a: Iron Moth|Quark Drive|[silent]\n|\n|win|rainheimer\n|raw|blcnchitosqual's rating: 1636 &rarr; <strong>1610<\/strong><br \/>(-26 for losing)\n|raw|rainheimer's rating: 1537 &rarr; <strong>1563<\/strong><br \/>(+26 for winning)\n|l|\u2606blcnchitosqual\n","uploadtime":1701111438,"views":2,"p1id":"blcnchitosqual","p2id":"rainheimer","formatid":"gen9ou","rating":1563,"private":0,"password":""}