{"id":"gen9ou-1989069576","p1":"Skoomabangbang","p2":"Briocher99","format":"[Gen 9] OU","log":"|j|\u2606Skoomabangbang\n|j|\u2606Briocher99\n|t:|1699808833\n|gametype|singles\n|player|p1|Skoomabangbang|shadowtriad|\n|player|p2|Briocher99|265|\n|teamsize|p1|6\n|teamsize|p2|6\n|gen|9\n|tier|[Gen 9] OU\n|rule|Sleep Clause Mod: Limit one foe put to sleep\n|rule|Species Clause: Limit one of each Pok\u00e9mon\n|rule|OHKO Clause: OHKO moves are banned\n|rule|Evasion Items Clause: Evasion items are banned\n|rule|Evasion Moves Clause: Evasion moves are banned\n|rule|Endless Battle Clause: Forcing endless battles is banned\n|rule|HP Percentage Mod: HP is shown in percentages\n|clearpoke\n|poke|p1|Torkoal, M|\n|poke|p1|Ceruledge, M|\n|poke|p1|Scovillain, F|\n|poke|p1|Volcanion|\n|poke|p1|Charizard, M|\n|poke|p1|Cinderace, M|\n|poke|p2|Cinderace, M|\n|poke|p2|Arcanine-Hisui, F|\n|poke|p2|Volcanion|\n|poke|p2|Heatran, M|\n|poke|p2|Coalossal, F|\n|poke|p2|Salazzle, F|\n|teampreview\n|j| Shagg51\n|\n|t:|1699808860\n|start\n|switch|p1a: Tortue G\u00e9nial|Torkoal, M|100\/100\n|switch|p2a: Salazzle|Salazzle, F|100\/100\n|-weather|SunnyDay|[from] ability: Drought|[of] p1a: Tortue G\u00e9nial\n|turn|1\n|l| Shagg51\n|j| Shagg51\n|l| Shagg51\n|\n|t:|1699808877\n|switch|p1a: Tanjiro|Volcanion|100\/100\n|move|p2a: Salazzle|Substitute|p2a: Salazzle\n|-start|p2a: Salazzle|Substitute\n|-damage|p2a: Salazzle|75\/100\n|\n|-weather|SunnyDay|[upkeep]\n|-heal|p2a: Salazzle|82\/100|[from] item: Leftovers\n|upkeep\n|turn|2\n|\n|t:|1699808892\n|move|p2a: Salazzle|Toxic|p1a: Tanjiro\n|-status|p1a: Tanjiro|tox\n|move|p1a: Tanjiro|Flamethrower|p2a: Salazzle\n|-resisted|p2a: Salazzle\n|-end|p2a: Salazzle|Substitute\n|\n|-weather|SunnyDay|[upkeep]\n|-heal|p2a: Salazzle|88\/100|[from] item: Leftovers\n|-damage|p1a: Tanjiro|94\/100 tox|[from] psn\n|upkeep\n|turn|3\n|\n|t:|1699808915\n|switch|p2a: Coalossal|Coalossal, F|100\/100\n|move|p1a: Tanjiro|Earth Power|p2a: Coalossal\n|-supereffective|p2a: Coalossal\n|-damage|p2a: Coalossal|28\/100\n|\n|-weather|SunnyDay|[upkeep]\n|-heal|p2a: Coalossal|34\/100|[from] item: Leftovers\n|-damage|p1a: Tanjiro|82\/100 tox|[from] psn\n|upkeep\n|turn|4\n|\n|t:|1699808933\n|move|p1a: Tanjiro|Earth Power|p2a: Coalossal\n|-supereffective|p2a: Coalossal\n|-damage|p2a: Coalossal|0 fnt\n|faint|p2a: Coalossal\n|\n|-weather|SunnyDay|[upkeep]\n|-damage|p1a: Tanjiro|64\/100 tox|[from] psn\n|upkeep\n|\n|t:|1699808939\n|switch|p2a: Salazzle|Salazzle, F|88\/100\n|turn|5\n|\n|t:|1699808968\n|move|p2a: Salazzle|Sludge Bomb|p1a: Tanjiro\n|-damage|p1a: Tanjiro|46\/100 tox\n|move|p1a: Tanjiro|Earth Power|p2a: Salazzle\n|-supereffective|p2a: Salazzle\n|-damage|p2a: Salazzle|0 fnt\n|faint|p2a: Salazzle\n|\n|-weather|SunnyDay|[upkeep]\n|-damage|p1a: Tanjiro|22\/100 tox|[from] psn\n|upkeep\n|\n|t:|1699808996\n|switch|p2a: Arcanine|Arcanine-Hisui, F|100\/100\n|turn|6\n|\n|t:|1699809017\n|move|p2a: Arcanine|Head Smash|p1a: Tanjiro\n|-supereffective|p1a: Tanjiro\n|-damage|p1a: Tanjiro|0 fnt\n|faint|p1a: Tanjiro\n|-damage|p2a: Arcanine|91\/100|[from] item: Life Orb\n|\n|-weather|SunnyDay|[upkeep]\n|upkeep\n|\n|t:|1699809037\n|switch|p1a: Ace|Cinderace, M, shiny|100\/100\n|turn|7\n|\n|t:|1699809061\n|move|p1a: Ace|Sucker Punch|p2a: Arcanine\n|-start|p1a: Ace|typechange|Dark|[from] ability: Libero\n|-damage|p2a: Arcanine|47\/100\n|move|p2a: Arcanine|Head Smash|p1a: Ace\n|-damage|p1a: Ace|0 fnt\n|faint|p1a: Ace\n|-damage|p2a: Arcanine|37\/100|[from] item: Life Orb\n|\n|-weather|SunnyDay|[upkeep]\n|upkeep\n|\n|t:|1699809091\n|switch|p1a: Dragnir|Charizard, M, shiny|100\/100\n|turn|8\n|\n|t:|1699809099\n|move|p1a: Dragnir|Flamethrower|p2a: Arcanine\n|-resisted|p2a: Arcanine\n|-damage|p2a: Arcanine|7\/100\n|move|p2a: Arcanine|Head Smash|p1a: Dragnir\n|-supereffective|p1a: Dragnir\n|-crit|p1a: Dragnir\n|-damage|p1a: Dragnir|0 fnt\n|faint|p1a: Dragnir\n|-damage|p2a: Arcanine|0 fnt|[from] item: Life Orb\n|faint|p2a: Arcanine\n|\n|-weather|none\n|upkeep\n|\n|t:|1699809123\n|switch|p2a: Volcanion|Volcanion|100\/100\n|switch|p1a: Tortue G\u00e9nial|Torkoal, M|100\/100\n|-weather|SunnyDay|[from] ability: Drought|[of] p1a: Tortue G\u00e9nial\n|turn|9\n|\n|t:|1699809153\n|switch|p2a: Heatran|Heatran, M|100\/100\n|move|p1a: Tortue G\u00e9nial|Body Press|p2a: Heatran\n|-supereffective|p2a: Heatran\n|-damage|p2a: Heatran|46\/100\n|\n|-weather|SunnyDay|[upkeep]\n|-heal|p2a: Heatran|52\/100|[from] item: Leftovers\n|upkeep\n|turn|10\n|\n|t:|1699809174\n|move|p2a: Heatran|Protect|p2a: Heatran\n|-singleturn|p2a: Heatran|Protect\n|move|p1a: Tortue G\u00e9nial|Body Press|p2a: Heatran\n|-activate|p2a: Heatran|move: Protect\n|\n|-weather|SunnyDay|[upkeep]\n|-heal|p2a: Heatran|58\/100|[from] item: Leftovers\n|upkeep\n|turn|11\n|\n|t:|1699809187\n|move|p2a: Heatran|Earth Power|p1a: Tortue G\u00e9nial\n|-supereffective|p1a: Tortue G\u00e9nial\n|-damage|p1a: Tortue G\u00e9nial|28\/100\n|move|p1a: Tortue G\u00e9nial|Lava Plume|p2a: Heatran\n|-start|p2a: Heatran|ability: Flash Fire\n|\n|-weather|SunnyDay|[upkeep]\n|-heal|p2a: Heatran|65\/100|[from] item: Leftovers\n|upkeep\n|turn|12\n|\n|t:|1699809200\n|move|p2a: Heatran|Earth Power|p1a: Tortue G\u00e9nial\n|-supereffective|p1a: Tortue G\u00e9nial\n|-damage|p1a: Tortue G\u00e9nial|0 fnt\n|faint|p1a: Tortue G\u00e9nial\n|\n|-weather|SunnyDay|[upkeep]\n|-heal|p2a: Heatran|71\/100|[from] item: Leftovers\n|upkeep\n|\n|t:|1699809217\n|switch|p1a: Ryuma|Ceruledge, M, shiny|100\/100\n|turn|13\n|\n|t:|1699809231\n|-terastallize|p1a: Ryuma|Dragon\n|move|p1a: Ryuma|Bulk Up|p1a: Ryuma\n|-boost|p1a: Ryuma|atk|1\n|-boost|p1a: Ryuma|def|1\n|move|p2a: Heatran|Earth Power|p1a: Ryuma\n|-damage|p1a: Ryuma|73\/100\n|\n|-weather|SunnyDay|[upkeep]\n|-heal|p1a: Ryuma|79\/100|[from] item: Leftovers\n|-heal|p2a: Heatran|77\/100|[from] item: Leftovers\n|upkeep\n|turn|14\n|\n|t:|1699809274\n|move|p1a: Ryuma|Bulk Up|p1a: Ryuma\n|-boost|p1a: Ryuma|atk|1\n|-boost|p1a: Ryuma|def|1\n|move|p2a: Heatran|Earth Power|p1a: Ryuma\n|-damage|p1a: Ryuma|50\/100\n|\n|-weather|SunnyDay|[upkeep]\n|-heal|p1a: Ryuma|56\/100|[from] item: Leftovers\n|-heal|p2a: Heatran|83\/100|[from] item: Leftovers\n|upkeep\n|turn|15\n|\n|t:|1699809285\n|move|p1a: Ryuma|Shadow Sneak|p2a: Heatran\n|-damage|p2a: Heatran|46\/100\n|move|p2a: Heatran|Earth Power|p1a: Ryuma\n|-damage|p1a: Ryuma|27\/100\n|\n|-weather|SunnyDay|[upkeep]\n|-heal|p1a: Ryuma|33\/100|[from] item: Leftovers\n|-heal|p2a: Heatran|52\/100|[from] item: Leftovers\n|upkeep\n|turn|16\n|\n|t:|1699809299\n|move|p1a: Ryuma|Shadow Sneak|p2a: Heatran\n|-damage|p2a: Heatran|17\/100\n|move|p2a: Heatran|Earth Power|p1a: Ryuma\n|-damage|p1a: Ryuma|1\/100\n|\n|-weather|none\n|-heal|p1a: Ryuma|7\/100|[from] item: Leftovers\n|-heal|p2a: Heatran|23\/100|[from] item: Leftovers\n|upkeep\n|turn|17\n|\n|t:|1699809313\n|move|p1a: Ryuma|Shadow Sneak|p2a: Heatran\n|-damage|p2a: Heatran|0 fnt\n|faint|p2a: Heatran\n|\n|-heal|p1a: Ryuma|13\/100|[from] item: Leftovers\n|upkeep\n|\n|t:|1699809331\n|switch|p2a: Volcanion|Volcanion|100\/100\n|turn|18\n|\n|t:|1699809339\n|move|p1a: Ryuma|Tera Blast|p2a: Volcanion|[anim] Tera Blast Dragon\n|-damage|p2a: Volcanion|30\/100\n|move|p2a: Volcanion|Steam Eruption|p1a: Ryuma|[miss]\n|-miss|p2a: Volcanion|p1a: Ryuma\n|\n|-heal|p1a: Ryuma|19\/100|[from] item: Leftovers\n|upkeep\n|turn|19\n|\n|t:|1699809350\n|move|p1a: Ryuma|Tera Blast|p2a: Volcanion|[anim] Tera Blast Dragon\n|-damage|p2a: Volcanion|0 fnt\n|faint|p2a: Volcanion\n|\n|-heal|p1a: Ryuma|25\/100|[from] item: Leftovers\n|upkeep\n|\n|t:|1699809355\n|switch|p2a: Cinderace|Cinderace, M|100\/100\n|turn|20\n|\n|t:|1699809365\n|move|p2a: Cinderace|High Jump Kick|p1a: Ryuma\n|-start|p2a: Cinderace|typechange|Fighting|[from] ability: Libero\n|-damage|p1a: Ryuma|0 fnt\n|faint|p1a: Ryuma\n|\n|upkeep\n|\n|t:|1699809372\n|switch|p1a: Pero\u00f1a|Scovillain, F|100\/100\n|turn|21\n|\n|t:|1699809380\n|move|p2a: Cinderace|Gunk Shot|p1a: Pero\u00f1a\n|-supereffective|p1a: Pero\u00f1a\n|-damage|p1a: Pero\u00f1a|0 fnt\n|faint|p1a: Pero\u00f1a\n|\n|win|Briocher99\n|l|\u2606Skoomabangbang\n|l|\u2606Briocher99\n|j|\u2606Skoomabangbang\n|player|p1|Skoomabangbang|shadowtriad\n","uploadtime":1699810173,"views":20,"p1id":"skoomabangbang","p2id":"briocher99","formatid":"gen9ou","rating":0,"private":0,"password":""}