{"id":"gen9ou-1995424693","p1":"xoxo_pancake","p2":"Comett7778","format":"[Gen 9] OU","log":"|j|\u2606xoxo_pancake\n|j|\u2606Comett7778\n|t:|1700569064\n|gametype|singles\n|player|p1|xoxo_pancake|theroyal|1130\n|player|p2|Comett7778|hero2-conquest|1063\n|teamsize|p1|6\n|teamsize|p2|6\n|gen|9\n|tier|[Gen 9] OU\n|rated|\n|rule|Sleep Clause Mod: Limit one foe put to sleep\n|rule|Species Clause: Limit one of each Pok\u00e9mon\n|rule|OHKO Clause: OHKO moves are banned\n|rule|Evasion Items Clause: Evasion items are banned\n|rule|Evasion Moves Clause: Evasion moves are banned\n|rule|Endless Battle Clause: Forcing endless battles is banned\n|rule|HP Percentage Mod: HP is shown in percentages\n|clearpoke\n|poke|p1|Ribombee, F|\n|poke|p1|Grimmsnarl, M|\n|poke|p1|Great Tusk|\n|poke|p1|Dragonite, M|\n|poke|p1|Gholdengo|\n|poke|p1|Rillaboom, F|\n|poke|p2|Great Tusk|\n|poke|p2|Mandibuzz, F|\n|poke|p2|Milotic, F|\n|poke|p2|Kingambit, F|\n|poke|p2|Iron Moth|\n|poke|p2|Rillaboom, F|\n|teampreview\n|inactive|Battle timer is ON: inactive players will automatically lose when time's up. (requested by Comett7778)\n|inactive|xoxo_pancake also wants the timer to be on.\n|\n|t:|1700569069\n|start\n|switch|p1a: Grimmsnarl|Grimmsnarl, M, shiny|100\/100\n|switch|p2a: Why in Uu|Mandibuzz, F|100\/100\n|turn|1\n|\n|t:|1700569076\n|move|p1a: Grimmsnarl|Light Screen|p1a: Grimmsnarl\n|-sidestart|p1: xoxo_pancake|move: Light Screen\n|move|p2a: Why in Uu|Knock Off|p1a: Grimmsnarl\n|-resisted|p1a: Grimmsnarl\n|-damage|p1a: Grimmsnarl|94\/100\n|-enditem|p1a: Grimmsnarl|Light Clay|[from] move: Knock Off|[of] p2a: Why in Uu\n|\n|upkeep\n|turn|2\n|\n|t:|1700569083\n|move|p1a: Grimmsnarl|Reflect|p1a: Grimmsnarl\n|-sidestart|p1: xoxo_pancake|Reflect\n|move|p2a: Why in Uu|U-turn|p1a: Grimmsnarl\n|-damage|p1a: Grimmsnarl|89\/100\n|\n|t:|1700569085\n|switch|p2a: Gyarados 2.0|Milotic, F, shiny|100\/100|[from] U-turn\n|\n|-status|p2a: Gyarados 2.0|brn|[from] item: Flame Orb\n|upkeep\n|turn|3\n|\n|t:|1700569098\n|switch|p1a: Rillaboom|Rillaboom, F|100\/100\n|-fieldstart|move: Grassy Terrain|[from] ability: Grassy Surge|[of] p1a: Rillaboom\n|move|p2a: Gyarados 2.0|Scald|p1a: Rillaboom\n|-resisted|p1a: Rillaboom\n|-damage|p1a: Rillaboom|91\/100\n|-status|p1a: Rillaboom|brn\n|\n|-heal|p1a: Rillaboom|98\/100 brn|[from] Grassy Terrain\n|-damage|p1a: Rillaboom|91\/100 brn|[from] brn\n|-damage|p2a: Gyarados 2.0|94\/100 brn|[from] brn\n|upkeep\n|turn|4\n|\n|t:|1700569102\n|move|p1a: Rillaboom|Grassy Glide|p2a: Gyarados 2.0\n|-supereffective|p2a: Gyarados 2.0\n|-damage|p2a: Gyarados 2.0|60\/100 brn\n|-damage|p1a: Rillaboom|81\/100 brn|[from] item: Life Orb\n|move|p2a: Gyarados 2.0|Ice Beam|p1a: Rillaboom\n|-supereffective|p1a: Rillaboom\n|-damage|p1a: Rillaboom|55\/100 brn\n|\n|-heal|p1a: Rillaboom|61\/100 brn|[from] Grassy Terrain\n|-heal|p2a: Gyarados 2.0|66\/100 brn|[from] Grassy Terrain\n|-damage|p1a: Rillaboom|55\/100 brn|[from] brn\n|-damage|p2a: Gyarados 2.0|60\/100 brn|[from] brn\n|upkeep\n|turn|5\n|\n|t:|1700569111\n|move|p1a: Rillaboom|Grassy Glide|p2a: Gyarados 2.0\n|-supereffective|p2a: Gyarados 2.0\n|-damage|p2a: Gyarados 2.0|26\/100 brn\n|-damage|p1a: Rillaboom|45\/100 brn|[from] item: Life Orb\n|move|p2a: Gyarados 2.0|Recover|p2a: Gyarados 2.0\n|-heal|p2a: Gyarados 2.0|76\/100 brn\n|\n|-heal|p1a: Rillaboom|51\/100 brn|[from] Grassy Terrain\n|-heal|p2a: Gyarados 2.0|82\/100 brn|[from] Grassy Terrain\n|-damage|p1a: Rillaboom|45\/100 brn|[from] brn\n|-damage|p2a: Gyarados 2.0|76\/100 brn|[from] brn\n|upkeep\n|turn|6\n|\n|t:|1700569118\n|switch|p2a: Why in Uu|Mandibuzz, F|100\/100\n|move|p1a: Rillaboom|Wood Hammer|p2a: Why in Uu\n|-resisted|p2a: Why in Uu\n|-damage|p2a: Why in Uu|77\/100\n|-damage|p1a: Rillaboom|35\/100 brn|[from] Recoil\n|-damage|p1a: Rillaboom|25\/100 brn|[from] item: Life Orb\n|\n|-heal|p1a: Rillaboom|31\/100 brn|[from] Grassy Terrain\n|-damage|p1a: Rillaboom|25\/100 brn|[from] brn\n|-sideend|p1: xoxo_pancake|Reflect\n|upkeep\n|turn|7\n|\n|t:|1700569128\n|switch|p1a: Dragonite|Dragonite, M|100\/100\n|move|p2a: Why in Uu|Knock Off|p1a: Dragonite\n|-damage|p1a: Dragonite|87\/100\n|-enditem|p1a: Dragonite|Heavy-Duty Boots|[from] move: Knock Off|[of] p2a: Why in Uu\n|\n|-fieldend|move: Grassy Terrain\n|upkeep\n|turn|8\n|\n|t:|1700569134\n|move|p1a: Dragonite|Ice Spinner|p2a: Why in Uu\n|-supereffective|p2a: Why in Uu\n|-damage|p2a: Why in Uu|33\/100\n|move|p2a: Why in Uu|U-turn|p1a: Dragonite\n|-resisted|p1a: Dragonite\n|-damage|p1a: Dragonite|80\/100\n|\n|t:|1700569137\n|switch|p2a: Lando Tusk|Great Tusk, shiny|100\/100|[from] U-turn\n|-enditem|p2a: Lando Tusk|Booster Energy\n|-activate|p2a: Lando Tusk|ability: Protosynthesis|[fromitem]\n|-start|p2a: Lando Tusk|protosynthesisspe\n|\n|-sideend|p1: xoxo_pancake|move: Light Screen\n|upkeep\n|turn|9\n|\n|t:|1700569143\n|move|p2a: Lando Tusk|Bulk Up|p2a: Lando Tusk\n|-boost|p2a: Lando Tusk|atk|1\n|-boost|p2a: Lando Tusk|def|1\n|move|p1a: Dragonite|Hurricane|p2a: Lando Tusk|[miss]\n|-miss|p1a: Dragonite|p2a: Lando Tusk\n|\n|upkeep\n|turn|10\n|\n|t:|1700569151\n|-terastallize|p1a: Dragonite|Normal\n|move|p2a: Lando Tusk|Ice Spinner|p1a: Dragonite\n|-damage|p1a: Dragonite|41\/100\n|move|p1a: Dragonite|Hurricane|p2a: Lando Tusk|[miss]\n|-miss|p1a: Dragonite|p2a: Lando Tusk\n|\n|upkeep\n|turn|11\n|\n|t:|1700569156\n|move|p1a: Dragonite|Extreme Speed|p2a: Lando Tusk\n|-damage|p2a: Lando Tusk|82\/100\n|move|p2a: Lando Tusk|Ice Spinner|p1a: Dragonite\n|-damage|p1a: Dragonite|1\/100\n|\n|upkeep\n|turn|12\n|\n|t:|1700569163\n|move|p1a: Dragonite|Extreme Speed|p2a: Lando Tusk\n|-damage|p2a: Lando Tusk|63\/100\n|move|p2a: Lando Tusk|Bulk Up|p2a: Lando Tusk\n|-boost|p2a: Lando Tusk|atk|1\n|-boost|p2a: Lando Tusk|def|1\n|\n|upkeep\n|turn|13\n|\n|t:|1700569169\n|switch|p1a: GreenUVLight|Ribombee, F|100\/100\n|move|p2a: Lando Tusk|Ice Spinner|p1a: GreenUVLight\n|-crit|p1a: GreenUVLight\n|-damage|p1a: GreenUVLight|16\/100\n|\n|upkeep\n|turn|14\n|\n|t:|1700569183\n|move|p2a: Lando Tusk|Ice Spinner|p1a: GreenUVLight\n|-damage|p1a: GreenUVLight|0 fnt\n|faint|p1a: GreenUVLight\n|\n|upkeep\n|\n|t:|1700569189\n|switch|p1a: Grimmsnarl|Grimmsnarl, M, shiny|89\/100\n|turn|15\n|l|\u2606Comett7778\n|inactive|Comett7778 disconnected and has a minute to reconnect!\n|player|p2|\n|j|\u2606Comett7778\n|inactive|Comett7778 reconnected and has 135 seconds left.\n|player|p2|Comett7778|hero2-conquest\n|\n|t:|1700569207\n|move|p1a: Grimmsnarl|Reflect|p1a: Grimmsnarl\n|-sidestart|p1: xoxo_pancake|Reflect\n|move|p2a: Lando Tusk|Bulk Up|p2a: Lando Tusk\n|-boost|p2a: Lando Tusk|atk|1\n|-boost|p2a: Lando Tusk|def|1\n|\n|upkeep\n|turn|16\n|\n|t:|1700569215\n|move|p2a: Lando Tusk|Bulk Up|p2a: Lando Tusk\n|-boost|p2a: Lando Tusk|atk|1\n|-boost|p2a: Lando Tusk|def|1\n|move|p1a: Grimmsnarl|Spirit Break|p2a: Lando Tusk\n|-supereffective|p2a: Lando Tusk\n|-damage|p2a: Lando Tusk|49\/100\n|-unboost|p2a: Lando Tusk|spa|1\n|\n|upkeep\n|turn|17\n|\n|t:|1700569219\n|move|p2a: Lando Tusk|Ice Spinner|p1a: Grimmsnarl\n|-damage|p1a: Grimmsnarl|52\/100\n|move|p1a: Grimmsnarl|Spirit Break|p2a: Lando Tusk\n|-supereffective|p2a: Lando Tusk\n|-damage|p2a: Lando Tusk|35\/100\n|-unboost|p2a: Lando Tusk|spa|1\n|\n|upkeep\n|turn|18\n|\n|t:|1700569226\n|switch|p1a: Rillaboom|Rillaboom, F|25\/100 brn\n|-fieldstart|move: Grassy Terrain|[from] ability: Grassy Surge|[of] p1a: Rillaboom\n|move|p2a: Lando Tusk|Bulk Up|p2a: Lando Tusk\n|-boost|p2a: Lando Tusk|atk|1\n|-boost|p2a: Lando Tusk|def|1\n|\n|-heal|p2a: Lando Tusk|42\/100|[from] Grassy Terrain\n|-heal|p1a: Rillaboom|31\/100 brn|[from] Grassy Terrain\n|-damage|p1a: Rillaboom|25\/100 brn|[from] brn\n|upkeep\n|turn|19\n|\n|t:|1700569231\n|-terastallize|p2a: Lando Tusk|Ice\n|move|p1a: Rillaboom|Grassy Glide|p2a: Lando Tusk\n|-damage|p2a: Lando Tusk|37\/100\n|-damage|p1a: Rillaboom|15\/100 brn|[from] item: Life Orb\n|move|p2a: Lando Tusk|Ice Spinner|p1a: Rillaboom\n|-supereffective|p1a: Rillaboom\n|-damage|p1a: Rillaboom|0 fnt\n|-fieldend|move: Grassy Terrain\n|faint|p1a: Rillaboom\n|\n|-sideend|p1: xoxo_pancake|Reflect\n|upkeep\n|\n|t:|1700569236\n|switch|p1a: Gholdengo|Gholdengo|100\/100\n|turn|20\n|\n|t:|1700569239\n|move|p2a: Lando Tusk|Headlong Rush|p1a: Gholdengo\n|-supereffective|p1a: Gholdengo\n|-damage|p1a: Gholdengo|0 fnt\n|-unboost|p2a: Lando Tusk|def|1\n|-unboost|p2a: Lando Tusk|spd|1\n|faint|p1a: Gholdengo\n|\n|upkeep\n|\n|t:|1700569242\n|switch|p1a: Great Tusk|Great Tusk|100\/100\n|-enditem|p1a: Great Tusk|Booster Energy\n|-activate|p1a: Great Tusk|ability: Protosynthesis|[fromitem]\n|-start|p1a: Great Tusk|protosynthesisspe\n|turn|21\n|\n|t:|1700569246\n|move|p1a: Great Tusk|Headlong Rush|p2a: Lando Tusk\n|-damage|p2a: Lando Tusk|27\/100\n|-unboost|p1a: Great Tusk|def|1\n|-unboost|p1a: Great Tusk|spd|1\n|move|p2a: Lando Tusk|Ice Spinner|p1a: Great Tusk\n|-supereffective|p1a: Great Tusk\n|-damage|p1a: Great Tusk|0 fnt\n|faint|p1a: Great Tusk\n|-end|p1a: Great Tusk|Protosynthesis|[silent]\n|\n|upkeep\n|\n|t:|1700569249\n|switch|p1a: Dragonite|Dragonite, M, tera:Normal|1\/100\n|turn|22\n|-message|xoxo_pancake forfeited.\n|\n|win|Comett7778\n|raw|xoxo_pancake's rating: 1130 &rarr; <strong>1100<\/strong><br \/>(-30 for losing)\n|raw|Comett7778's rating: 1063 &rarr; <strong>1099<\/strong><br \/>(+36 for winning)\n|l|\u2606xoxo_pancake\n","uploadtime":1700569259,"views":4,"p1id":"xoxopancake","p2id":"comett7778","formatid":"gen9ou","rating":1099,"private":0,"password":""}