{"id":"gen9ou-1995732942","p1":"Tokotorisaki","p2":"Juwan_tf","format":"[Gen 9] OU","log":"|j|\u2606Tokotorisaki\n|j|\u2606Juwan_tf\n|t:|1700598058\n|gametype|singles\n|player|p1|Tokotorisaki|caitlin-masters|1170\n|player|p2|Juwan_tf|byron|1167\n|teamsize|p1|6\n|teamsize|p2|6\n|gen|9\n|tier|[Gen 9] OU\n|rated|\n|rule|Sleep Clause Mod: Limit one foe put to sleep\n|rule|Species Clause: Limit one of each Pok\u00e9mon\n|rule|OHKO Clause: OHKO moves are banned\n|rule|Evasion Items Clause: Evasion items are banned\n|rule|Evasion Moves Clause: Evasion moves are banned\n|rule|Endless Battle Clause: Forcing endless battles is banned\n|rule|HP Percentage Mod: HP is shown in percentages\n|clearpoke\n|poke|p1|Haxorus, F|\n|poke|p1|Espeon, F|\n|poke|p1|Salazzle, F|\n|poke|p1|Magnezone|\n|poke|p1|Dragapult, M|\n|poke|p1|Ting-Lu|\n|poke|p2|Iron Treads|\n|poke|p2|Azumarill, F|\n|poke|p2|Umbreon, F|\n|poke|p2|Dragonite, F|\n|poke|p2|Breloom, F|\n|poke|p2|Sinistcha|\n|teampreview\n|inactive|Battle timer is ON: inactive players will automatically lose when time's up. (requested by Juwan_tf)\n|\n|t:|1700598067\n|start\n|switch|p1a: Hatchet|Haxorus, F|100\/100\n|switch|p2a: Breloom|Breloom, F|100\/100\n|-ability|p1a: Hatchet|Mold Breaker\n|turn|1\n|\n|t:|1700598077\n|move|p1a: Hatchet|First Impression|p2a: Breloom\n|-damage|p2a: Breloom|17\/100\n|move|p2a: Breloom|Close Combat|p1a: Hatchet\n|-damage|p1a: Hatchet|7\/100\n|-unboost|p2a: Breloom|def|1\n|-unboost|p2a: Breloom|spd|1\n|\n|upkeep\n|turn|2\n|\n|t:|1700598085\n|switch|p2a: Azumarill|Azumarill, F|100\/100\n|switch|p1a: Drifter|Dragapult, M|100\/100\n|\n|upkeep\n|turn|3\n|\n|t:|1700598096\n|switch|p1a: Fridge|Magnezone|100\/100\n|-item|p1a: Fridge|Air Balloon\n|move|p2a: Azumarill|Play Rough|p1a: Fridge\n|-resisted|p1a: Fridge\n|-damage|p1a: Fridge|59\/100\n|-enditem|p1a: Fridge|Air Balloon\n|\n|upkeep\n|turn|4\n|\n|t:|1700598111\n|switch|p2a: Umbreon|Umbreon, F, shiny|100\/100\n|move|p1a: Fridge|Confuse Ray|p2a: Umbreon\n|-start|p2a: Umbreon|confusion\n|\n|upkeep\n|turn|5\n|\n|t:|1700598116\n|-activate|p2a: Umbreon|confusion\n|-damage|p2a: Umbreon|97\/100|[from] confusion\n|move|p1a: Fridge|Thunderbolt|p2a: Umbreon\n|-damage|p2a: Umbreon|57\/100\n|\n|-heal|p2a: Umbreon|63\/100|[from] item: Leftovers\n|upkeep\n|turn|6\n|\n|t:|1700598128\n|-activate|p2a: Umbreon|confusion\n|-damage|p2a: Umbreon|60\/100|[from] confusion\n|move|p1a: Fridge|Volt Switch|p2a: Umbreon\n|-damage|p2a: Umbreon|27\/100\n|\n|t:|1700598135\n|switch|p1a: Drifter|Dragapult, M|100\/100|[from] Volt Switch\n|\n|-heal|p2a: Umbreon|33\/100|[from] item: Leftovers\n|upkeep\n|turn|7\n|\n|t:|1700598141\n|-activate|p2a: Umbreon|confusion\n|move|p2a: Umbreon|Protect|p2a: Umbreon\n|-singleturn|p2a: Umbreon|Protect\n|move|p1a: Drifter|Dragon Dance|p1a: Drifter\n|-boost|p1a: Drifter|atk|1\n|-boost|p1a: Drifter|spe|1\n|\n|-heal|p2a: Umbreon|40\/100|[from] item: Leftovers\n|upkeep\n|turn|8\n|\n|t:|1700598148\n|move|p1a: Drifter|Dragon Darts|p2a: Umbreon\n|-damage|p2a: Umbreon|5\/100\n|-anim|p1a: Drifter|Dragon Darts|p2a: Umbreon\n|-damage|p2a: Umbreon|0 fnt\n|faint|p2a: Umbreon\n|-damage|p1a: Drifter|91\/100|[from] item: Life Orb\n|\n|upkeep\n|\n|t:|1700598163\n|switch|p2a: Azumarill|Azumarill, F|100\/100\n|turn|9\n|\n|t:|1700598166\n|move|p1a: Drifter|Phantom Force||[still]\n|-prepare|p1a: Drifter|Phantom Force\n|move|p2a: Azumarill|Play Rough|p1a: Drifter|[miss]\n|-miss|p2a: Azumarill|p1a: Drifter\n|\n|upkeep\n|turn|10\n|\n|t:|1700598176\n|move|p1a: Drifter|Phantom Force|p2a: Azumarill|[from]lockedmove\n|-damage|p2a: Azumarill|0 fnt\n|faint|p2a: Azumarill\n|-damage|p1a: Drifter|81\/100|[from] item: Life Orb\n|\n|upkeep\n|\n|t:|1700598181\n|switch|p2a: Iron Treads|Iron Treads, shiny|100\/100\n|turn|11\n|\n|t:|1700598193\n|switch|p1a: Grudge|Ting-Lu|100\/100\n|-ability|p1a: Grudge|Vessel of Ruin\n|move|p2a: Iron Treads|Stealth Rock|p1a: Grudge\n|-sidestart|p1: Tokotorisaki|move: Stealth Rock\n|\n|upkeep\n|turn|12\n|\n|t:|1700598197\n|-end|p2a: Iron Treads|Quark Drive|[silent]\n|switch|p2a: Breloom|Breloom, F|17\/100\n|move|p1a: Grudge|Earthquake|p2a: Breloom\n|-resisted|p2a: Breloom\n|-damage|p2a: Breloom|0 fnt\n|faint|p2a: Breloom\n|\n|upkeep\n|\n|t:|1700598208\n|switch|p2a: Sinistcha|Sinistcha|100\/100\n|turn|13\n|\n|t:|1700598214\n|move|p2a: Sinistcha|Stun Spore|p1a: Grudge\n|-status|p1a: Grudge|par\n|move|p1a: Grudge|Throat Chop|p2a: Sinistcha\n|-supereffective|p2a: Sinistcha\n|-damage|p2a: Sinistcha|42\/100\n|-start|p2a: Sinistcha|Throat Chop|[silent]\n|\n|upkeep\n|turn|14\n|\n|t:|1700598218\n|move|p2a: Sinistcha|Strength Sap|p1a: Grudge\n|-unboost|p1a: Grudge|atk|1\n|-heal|p2a: Sinistcha|100\/100\n|move|p1a: Grudge|Throat Chop|p2a: Sinistcha\n|-supereffective|p2a: Sinistcha\n|-damage|p2a: Sinistcha|59\/100\n|\n|-end|p2a: Sinistcha|Throat Chop|[silent]\n|upkeep\n|turn|15\n|\n|t:|1700598222\n|switch|p1a: Alicia|Espeon, F|100\/100\n|-damage|p1a: Alicia|88\/100|[from] Stealth Rock\n|move|p2a: Sinistcha|Strength Sap|p1a: Alicia\n|move|p1a: Alicia|Strength Sap|p2a: Sinistcha|[from]ability: Magic Bounce\n|-unboost|p2a: Sinistcha|atk|1\n|-heal|p1a: Alicia|100\/100\n|\n|upkeep\n|turn|16\n|\n|t:|1700598228\n|switch|p2a: Iron Treads|Iron Treads, shiny|100\/100\n|move|p1a: Alicia|Shadow Ball|p2a: Iron Treads\n|-crit|p2a: Iron Treads\n|-damage|p2a: Iron Treads|29\/100\n|\n|-heal|p2a: Iron Treads|35\/100|[from] item: Leftovers\n|upkeep\n|turn|17\n|\n|t:|1700598231\n|move|p2a: Iron Treads|Iron Head|p1a: Alicia\n|-damage|p1a: Alicia|41\/100\n|move|p1a: Alicia|Shadow Ball|p2a: Iron Treads\n|-damage|p2a: Iron Treads|0 fnt\n|faint|p2a: Iron Treads\n|-end|p2a: Iron Treads|Quark Drive|[silent]\n|\n|upkeep\n|\n|t:|1700598234\n|switch|p2a: Dragonite|Dragonite, F|100\/100\n|turn|18\n|\n|t:|1700598238\n|switch|p1a: Grudge|Ting-Lu|100\/100 par\n|-damage|p1a: Grudge|94\/100 par|[from] Stealth Rock\n|-ability|p1a: Grudge|Vessel of Ruin\n|move|p2a: Dragonite|Extreme Speed|p1a: Grudge\n|-damage|p1a: Grudge|76\/100 par\n|\n|-heal|p1a: Grudge|82\/100 par|[from] item: Leftovers\n|upkeep\n|turn|19\n|\n|t:|1700598242\n|move|p2a: Dragonite|Dragon Dance|p2a: Dragonite\n|-boost|p2a: Dragonite|atk|1\n|-boost|p2a: Dragonite|spe|1\n|move|p1a: Grudge|Rock Tomb|p2a: Dragonite\n|-supereffective|p2a: Dragonite\n|-damage|p2a: Dragonite|78\/100\n|-unboost|p2a: Dragonite|spe|1\n|\n|-heal|p1a: Grudge|88\/100 par|[from] item: Leftovers\n|upkeep\n|turn|20\n|\n|t:|1700598252\n|-terastallize|p2a: Dragonite|Normal\n|-terastallize|p1a: Grudge|Normal\n|move|p2a: Dragonite|Dragon Dance|p2a: Dragonite\n|-boost|p2a: Dragonite|atk|1\n|-boost|p2a: Dragonite|spe|1\n|move|p1a: Grudge|Facade|p2a: Dragonite\n|-damage|p2a: Dragonite|13\/100\n|\n|-heal|p1a: Grudge|95\/100 par|[from] item: Leftovers\n|upkeep\n|turn|21\n|\n|t:|1700598263\n|move|p2a: Dragonite|Roost|p2a: Dragonite\n|-heal|p2a: Dragonite|63\/100\n|move|p1a: Grudge|Throat Chop|p2a: Dragonite\n|-damage|p2a: Dragonite|21\/100\n|-start|p2a: Dragonite|Throat Chop|[silent]\n|\n|-heal|p1a: Grudge|100\/100 par|[from] item: Leftovers\n|upkeep\n|turn|22\n|\n|t:|1700598271\n|move|p2a: Dragonite|Roost|p2a: Dragonite\n|-heal|p2a: Dragonite|71\/100\n|move|p1a: Grudge|Facade|p2a: Dragonite\n|-damage|p2a: Dragonite|0 fnt\n|faint|p2a: Dragonite\n|\n|upkeep\n|-message|Juwan_tf forfeited.\n|\n|win|Tokotorisaki\n|raw|Tokotorisaki's rating: 1170 &rarr; <strong>1195<\/strong><br \/>(+25 for winning)\n|raw|Juwan_tf's rating: 1167 &rarr; <strong>1142<\/strong><br \/>(-25 for losing)\n|l|\u2606Juwan_tf\n","uploadtime":1700598284,"views":11,"p1id":"tokotorisaki","p2id":"juwantf","formatid":"gen9ou","rating":1142,"private":0,"password":""}