{"id":"gen9ou-1989885838","p1":"Vixen 4 Life","p2":"French fada","format":"[Gen 9] OU","log":"|j|\u2606Vixen 4 Life\n|j|\u2606French fada\n|t:|1699903888\n|gametype|singles\n|player|p1|Vixen 4 Life|penny|1231\n|player|p2|French fada|clerk|1311\n|teamsize|p1|6\n|teamsize|p2|6\n|gen|9\n|tier|[Gen 9] OU\n|rated|\n|rule|Sleep Clause Mod: Limit one foe put to sleep\n|rule|Species Clause: Limit one of each Pok\u00e9mon\n|rule|OHKO Clause: OHKO moves are banned\n|rule|Evasion Items Clause: Evasion items are banned\n|rule|Evasion Moves Clause: Evasion moves are banned\n|rule|Endless Battle Clause: Forcing endless battles is banned\n|rule|HP Percentage Mod: HP is shown in percentages\n|clearpoke\n|poke|p1|Overqwil, F|\n|poke|p1|Vikavolt, M|\n|poke|p1|Gastrodon, M|\n|poke|p1|Eelektross, M|\n|poke|p1|Mandibuzz, F|\n|poke|p1|Krookodile, M|\n|poke|p2|Enamorus, F|\n|poke|p2|Sneasler, M|\n|poke|p2|Rillaboom, M|\n|poke|p2|Samurott-Hisui, M|\n|poke|p2|Iron Treads|\n|poke|p2|Dragonite, M|\n|teampreview\n|\n|t:|1699903896\n|start\n|switch|p1a: Overqwil|Overqwil, F|100\/100\n|switch|p2a: Samurott|Samurott-Hisui, M|100\/100\n|-ability|p1a: Overqwil|Intimidate|boost\n|-unboost|p2a: Samurott|atk|1\n|turn|1\n|\n|t:|1699903902\n|move|p2a: Samurott|Ceaseless Edge|p1a: Overqwil\n|-resisted|p1a: Overqwil\n|-damage|p1a: Overqwil|87\/100\n|-sidestart|p1: Vixen 4 Life|Spikes\n|move|p1a: Overqwil|Barb Barrage|p2a: Samurott\n|-damage|p2a: Samurott|78\/100\n|-status|p2a: Samurott|psn\n|\n|-heal|p1a: Overqwil|93\/100|[from] item: Leftovers\n|-damage|p2a: Samurott|66\/100 psn|[from] psn\n|upkeep\n|turn|2\n|\n|t:|1699903906\n|move|p2a: Samurott|Ceaseless Edge|p1a: Overqwil\n|-resisted|p1a: Overqwil\n|-crit|p1a: Overqwil\n|-damage|p1a: Overqwil|65\/100\n|-sidestart|p1: Vixen 4 Life|Spikes\n|move|p1a: Overqwil|Barb Barrage|p2a: Samurott\n|-damage|p2a: Samurott|20\/100 psn\n|\n|-heal|p1a: Overqwil|72\/100|[from] item: Leftovers\n|-damage|p2a: Samurott|7\/100 psn|[from] psn\n|upkeep\n|turn|3\n|\n|t:|1699903909\n|move|p2a: Samurott|Ceaseless Edge|p1a: Overqwil\n|-resisted|p1a: Overqwil\n|-damage|p1a: Overqwil|60\/100\n|-sidestart|p1: Vixen 4 Life|Spikes\n|move|p1a: Overqwil|Toxic Spikes|p2a: Samurott\n|-sidestart|p2: French fada|move: Toxic Spikes\n|\n|-heal|p1a: Overqwil|66\/100|[from] item: Leftovers\n|-damage|p2a: Samurott|0 fnt|[from] psn\n|faint|p2a: Samurott\n|upkeep\n|\n|t:|1699903913\n|switch|p2a: Iron Treads|Iron Treads|100\/100\n|-enditem|p2a: Iron Treads|Booster Energy\n|-activate|p2a: Iron Treads|ability: Quark Drive|[fromitem]\n|-start|p2a: Iron Treads|quarkdrivespe\n|turn|4\n|\n|t:|1699903920\n|move|p2a: Iron Treads|Stealth Rock|p1a: Overqwil\n|-sidestart|p1: Vixen 4 Life|move: Stealth Rock\n|move|p1a: Overqwil|Crunch|p2a: Iron Treads\n|-damage|p2a: Iron Treads|77\/100\n|\n|-heal|p1a: Overqwil|72\/100|[from] item: Leftovers\n|upkeep\n|turn|5\n|\n|t:|1699903927\n|move|p1a: Overqwil|Aqua Jet|p2a: Iron Treads\n|-supereffective|p2a: Iron Treads\n|-damage|p2a: Iron Treads|59\/100\n|move|p2a: Iron Treads|Knock Off|p1a: Overqwil\n|-resisted|p1a: Overqwil\n|-damage|p1a: Overqwil|62\/100\n|-enditem|p1a: Overqwil|Leftovers|[from] move: Knock Off|[of] p2a: Iron Treads\n|\n|upkeep\n|turn|6\n|\n|t:|1699903935\n|move|p2a: Iron Treads|Rapid Spin|p1a: Overqwil\n|-damage|p1a: Overqwil|51\/100\n|-boost|p2a: Iron Treads|spe|1\n|-sideend|p2: French fada|Toxic Spikes|[from] move: Rapid Spin|[of] p2a: Iron Treads\n|move|p1a: Overqwil|Toxic Spikes|p2a: Iron Treads\n|-sidestart|p2: French fada|move: Toxic Spikes\n|\n|upkeep\n|turn|7\n|\n|t:|1699903940\n|move|p2a: Iron Treads|Rapid Spin|p1a: Overqwil\n|-damage|p1a: Overqwil|40\/100\n|-boost|p2a: Iron Treads|spe|1\n|-sideend|p2: French fada|Toxic Spikes|[from] move: Rapid Spin|[of] p2a: Iron Treads\n|move|p1a: Overqwil|Crunch|p2a: Iron Treads\n|-damage|p2a: Iron Treads|35\/100\n|\n|upkeep\n|turn|8\n|\n|t:|1699903944\n|move|p1a: Overqwil|Aqua Jet|p2a: Iron Treads\n|-supereffective|p2a: Iron Treads\n|-damage|p2a: Iron Treads|20\/100\n|move|p2a: Iron Treads|Steel Beam|p1a: Overqwil\n|-damage|p1a: Overqwil|6\/100\n|-damage|p2a: Iron Treads|0 fnt|[from] steelbeam\n|faint|p2a: Iron Treads\n|-end|p2a: Iron Treads|Quark Drive|[silent]\n|\n|upkeep\n|\n|t:|1699903957\n|switch|p2a: Enamorus|Enamorus, F|100\/100\n|turn|9\n|\n|t:|1699903962\n|move|p2a: Enamorus|Moonblast|p1a: Overqwil\n|-damage|p1a: Overqwil|0 fnt\n|faint|p1a: Overqwil\n|\n|upkeep\n|\n|t:|1699903965\n|switch|p1a: Eelektross|Eelektross, M|100\/100\n|-damage|p1a: Eelektross|88\/100|[from] Stealth Rock\n|turn|10\n|\n|t:|1699903970\n|switch|p2a: Rillaboom|Rillaboom, M|100\/100\n|-fieldstart|move: Grassy Terrain|[from] ability: Grassy Surge|[of] p2a: Rillaboom\n|move|p1a: Eelektross|Volt Switch|p2a: Rillaboom\n|-resisted|p2a: Rillaboom\n|-damage|p2a: Rillaboom|82\/100\n|\n|t:|1699903977\n|switch|p1a: Mandibuzz|Mandibuzz, F|100\/100|[from] Volt Switch\n|\n|-heal|p2a: Rillaboom|88\/100|[from] Grassy Terrain\n|upkeep\n|turn|11\n|\n|t:|1699903982\n|move|p2a: Rillaboom|U-turn|p1a: Mandibuzz\n|-damage|p1a: Mandibuzz|78\/100\n|\n|t:|1699903984\n|switch|p2a: Enamorus|Enamorus, F|100\/100|[from] U-turn\n|move|p1a: Mandibuzz|U-turn|p2a: Enamorus\n|-resisted|p2a: Enamorus\n|-damage|p2a: Enamorus|96\/100\n|\n|t:|1699903990\n|switch|p1a: Eelektross|Eelektross, M|88\/100|[from] U-turn\n|-damage|p1a: Eelektross|76\/100|[from] Stealth Rock\n|\n|upkeep\n|turn|12\n|\n|t:|1699903998\n|switch|p2a: Sneasler|Sneasler, M|100\/100\n|-enditem|p2a: Sneasler|Grassy Seed\n|-boost|p2a: Sneasler|def|1|[from] item: Grassy Seed\n|move|p1a: Eelektross|Knock Off|p2a: Sneasler\n|-resisted|p2a: Sneasler\n|-damage|p2a: Sneasler|89\/100\n|\n|-heal|p2a: Sneasler|95\/100|[from] Grassy Terrain\n|upkeep\n|turn|13\n|\n|t:|1699904002\n|move|p2a: Sneasler|Swords Dance|p2a: Sneasler\n|-boost|p2a: Sneasler|atk|2\n|move|p1a: Eelektross|Volt Switch|p2a: Sneasler\n|-damage|p2a: Sneasler|61\/100\n|\n|t:|1699904004\n|switch|p1a: Krookodile|Krookodile, M|100\/100|[from] Volt Switch\n|-damage|p1a: Krookodile|76\/100|[from] Spikes\n|-damage|p1a: Krookodile|70\/100|[from] Stealth Rock\n|-ability|p1a: Krookodile|Intimidate|boost\n|-unboost|p2a: Sneasler|atk|1\n|\n|-heal|p2a: Sneasler|67\/100|[from] Grassy Terrain\n|-heal|p1a: Krookodile|76\/100|[from] Grassy Terrain\n|upkeep\n|turn|14\n|\n|t:|1699904014\n|move|p2a: Sneasler|Close Combat|p1a: Krookodile\n|-supereffective|p1a: Krookodile\n|-damage|p1a: Krookodile|0 fnt\n|-unboost|p2a: Sneasler|def|1\n|-unboost|p2a: Sneasler|spd|1\n|-damage|p2a: Sneasler|50\/100|[from] item: Rocky Helmet|[of] p1a: Krookodile\n|faint|p1a: Krookodile\n|\n|-heal|p2a: Sneasler|56\/100|[from] Grassy Terrain\n|-fieldend|move: Grassy Terrain\n|upkeep\n|\n|t:|1699904019\n|switch|p1a: Mandibuzz|Mandibuzz, F|78\/100\n|turn|15\n|\n|t:|1699904022\n|move|p2a: Sneasler|Dire Claw|p1a: Mandibuzz\n|-damage|p1a: Mandibuzz|35\/100\n|move|p1a: Mandibuzz|Foul Play|p2a: Sneasler\n|-resisted|p2a: Sneasler\n|-damage|p2a: Sneasler|0 fnt\n|faint|p2a: Sneasler\n|\n|upkeep\n|\n|t:|1699904027\n|switch|p2a: Enamorus|Enamorus, F|96\/100\n|turn|16\n|\n|t:|1699904032\n|switch|p1a: Eelektross|Eelektross, M|76\/100\n|-damage|p1a: Eelektross|64\/100|[from] Stealth Rock\n|move|p2a: Enamorus|Moonblast|p1a: Eelektross\n|-damage|p1a: Eelektross|32\/100\n|\n|upkeep\n|turn|17\n|\n|t:|1699904041\n|move|p2a: Enamorus|Moonblast|p1a: Eelektross\n|-damage|p1a: Eelektross|0 fnt\n|faint|p1a: Eelektross\n|\n|upkeep\n|\n|t:|1699904043\n|switch|p1a: Vikavolt|Vikavolt, M|100\/100\n|turn|18\n|\n|t:|1699904045\n|switch|p2a: Rillaboom|Rillaboom, M|88\/100\n|-fieldstart|move: Grassy Terrain|[from] ability: Grassy Surge|[of] p2a: Rillaboom\n|-terastallize|p1a: Vikavolt|Ice\n|move|p1a: Vikavolt|Tera Blast|p2a: Rillaboom|[anim] Tera Blast Ice\n|-supereffective|p2a: Rillaboom\n|-damage|p2a: Rillaboom|0 fnt\n|faint|p2a: Rillaboom\n|\n|upkeep\n|\n|t:|1699904054\n|switch|p2a: Dragonite|Dragonite, M|100\/100\n|turn|19\n|\n|t:|1699904057\n|-terastallize|p2a: Dragonite|Normal\n|move|p2a: Dragonite|Dragon Dance|p2a: Dragonite\n|-boost|p2a: Dragonite|atk|1\n|-boost|p2a: Dragonite|spe|1\n|move|p1a: Vikavolt|Tera Blast|p2a: Dragonite|[anim] Tera Blast Ice\n|-damage|p2a: Dragonite|74\/100\n|\n|-heal|p2a: Dragonite|80\/100|[from] Grassy Terrain\n|upkeep\n|turn|20\n|\n|t:|1699904061\n|move|p2a: Dragonite|Dragon Dance|p2a: Dragonite\n|-boost|p2a: Dragonite|atk|1\n|-boost|p2a: Dragonite|spe|1\n|move|p1a: Vikavolt|Energy Ball|p2a: Dragonite\n|-crit|p2a: Dragonite\n|-damage|p2a: Dragonite|26\/100\n|-unboost|p2a: Dragonite|spd|1\n|\n|-heal|p2a: Dragonite|32\/100|[from] Grassy Terrain\n|upkeep\n|turn|21\n|\n|t:|1699904067\n|move|p2a: Dragonite|Extreme Speed|p1a: Vikavolt\n|-damage|p1a: Vikavolt|4\/100\n|move|p1a: Vikavolt|Energy Ball|p2a: Dragonite\n|-damage|p2a: Dragonite|0 fnt\n|faint|p2a: Dragonite\n|\n|upkeep\n|\n|t:|1699904073\n|switch|p2a: Enamorus|Enamorus, F|96\/100\n|turn|22\n|\n|t:|1699904076\n|move|p2a: Enamorus|Moonblast|p1a: Vikavolt\n|-damage|p1a: Vikavolt|0 fnt\n|faint|p1a: Vikavolt\n|\n|-fieldend|move: Grassy Terrain\n|upkeep\n|\n|t:|1699904082\n|switch|p1a: Gastrodon|Gastrodon, M|100\/100\n|-damage|p1a: Gastrodon|76\/100|[from] Spikes\n|-damage|p1a: Gastrodon|70\/100|[from] Stealth Rock\n|turn|23\n|\n|t:|1699904088\n|move|p2a: Enamorus|Moonblast|p1a: Gastrodon\n|-damage|p1a: Gastrodon|38\/100\n|move|p1a: Gastrodon|Recover|p1a: Gastrodon\n|-heal|p1a: Gastrodon|88\/100\n|\n|-heal|p1a: Gastrodon|94\/100|[from] item: Leftovers\n|upkeep\n|turn|24\n|\n|t:|1699904091\n|move|p2a: Enamorus|Moonblast|p1a: Gastrodon\n|-damage|p1a: Gastrodon|63\/100\n|move|p1a: Gastrodon|Surf|p2a: Enamorus\n|-damage|p2a: Enamorus|54\/100\n|\n|-heal|p1a: Gastrodon|69\/100|[from] item: Leftovers\n|upkeep\n|turn|25\n|\n|t:|1699904096\n|move|p2a: Enamorus|Moonblast|p1a: Gastrodon\n|-damage|p1a: Gastrodon|38\/100\n|move|p1a: Gastrodon|Recover|p1a: Gastrodon\n|-heal|p1a: Gastrodon|88\/100\n|\n|-heal|p1a: Gastrodon|94\/100|[from] item: Leftovers\n|upkeep\n|turn|26\n|\n|t:|1699904100\n|move|p2a: Enamorus|Moonblast|p1a: Gastrodon\n|-damage|p1a: Gastrodon|59\/100\n|move|p1a: Gastrodon|Surf|p2a: Enamorus\n|-damage|p2a: Enamorus|10\/100\n|\n|-heal|p1a: Gastrodon|65\/100|[from] item: Leftovers\n|upkeep\n|turn|27\n|\n|t:|1699904103\n|move|p2a: Enamorus|Moonblast|p1a: Gastrodon\n|-damage|p1a: Gastrodon|30\/100\n|-unboost|p1a: Gastrodon|spa|1\n|move|p1a: Gastrodon|Surf|p2a: Enamorus\n|-damage|p2a: Enamorus|0 fnt\n|faint|p2a: Enamorus\n|\n|win|Vixen 4 Life\n|raw|Vixen 4 Life's rating: 1231 &rarr; <strong>1262<\/strong><br \/>(+31 for winning)\n|raw|French fada's rating: 1311 &rarr; <strong>1286<\/strong><br \/>(-25 for losing)\n|l|\u2606French fada\n","uploadtime":1699904111,"views":10,"p1id":"vixen4life","p2id":"frenchfada","formatid":"gen9ou","rating":1262,"private":0,"password":""}