{"id":"gen9ou-1994174067","p1":"Samklesss","p2":"fatherlessuser23","format":"[Gen 9] OU","log":"|j|\u2606Samklesss\n|j|\u2606fatherlessuser23\n|t:|1700415363\n|gametype|singles\n|player|p1|Samklesss|red|1117\n|player|p2|fatherlessuser23|blackbelt-gen4dp|1031\n|teamsize|p1|6\n|teamsize|p2|6\n|gen|9\n|tier|[Gen 9] OU\n|rated|\n|rule|Sleep Clause Mod: Limit one foe put to sleep\n|rule|Species Clause: Limit one of each Pok\u00e9mon\n|rule|OHKO Clause: OHKO moves are banned\n|rule|Evasion Items Clause: Evasion items are banned\n|rule|Evasion Moves Clause: Evasion moves are banned\n|rule|Endless Battle Clause: Forcing endless battles is banned\n|rule|HP Percentage Mod: HP is shown in percentages\n|clearpoke\n|poke|p1|Zamazenta-*|\n|poke|p1|Cinderace, M|\n|poke|p1|Dragonite, F|\n|poke|p1|Rotom-Wash|\n|poke|p1|Landorus-Therian, M|\n|poke|p1|Dragapult, M|\n|poke|p2|Toedscruel, F|\n|poke|p2|Gholdengo|\n|poke|p2|Jirachi|\n|poke|p2|Salazzle, F|\n|poke|p2|Manaphy|\n|poke|p2|Ninetales-Alola, F|\n|teampreview\n|inactive|Battle timer is ON: inactive players will automatically lose when time's up. (requested by Samklesss)\n|\n|t:|1700415384\n|start\n|switch|p1a: Rotom|Rotom-Wash|100\/100\n|switch|p2a: Salazzle|Salazzle, F|100\/100\n|turn|1\n|\n|t:|1700415393\n|move|p2a: Salazzle|Toxic|p1a: Rotom\n|-status|p1a: Rotom|tox\n|move|p1a: Rotom|Hydro Pump|p2a: Salazzle|[miss]\n|-miss|p1a: Rotom|p2a: Salazzle\n|\n|-damage|p1a: Rotom|95\/100 tox|[from] psn\n|upkeep\n|turn|2\n|\n|t:|1700415415\n|switch|p1a: Cinderace|Cinderace, M|100\/100\n|move|p2a: Salazzle|Toxic Spikes|p1a: Cinderace\n|-sidestart|p1: Samklesss|move: Toxic Spikes\n|\n|upkeep\n|turn|3\n|\n|t:|1700415430\n|switch|p1a: Rotom|Rotom-Wash|95\/100 tox\n|move|p2a: Salazzle|Toxic|p1a: Rotom\n|-fail|p1a: Rotom|tox\n|\n|-damage|p1a: Rotom|89\/100 tox|[from] psn\n|upkeep\n|turn|4\n|\n|t:|1700415436\n|move|p1a: Rotom|Trick|p2a: Salazzle\n|-activate|p1a: Rotom|move: Trick|[of] p2a: Salazzle\n|-item|p2a: Salazzle|Choice Scarf|[from] move: Trick\n|-item|p1a: Rotom|Black Sludge|[from] move: Trick\n|move|p2a: Salazzle|Dragon Tail|p1a: Rotom\n|-damage|p1a: Rotom|80\/100 tox\n|drag|p1a: Zamazenta|Zamazenta|100\/100\n|-status|p1a: Zamazenta|psn\n|-ability|p1a: Zamazenta|Dauntless Shield|boost\n|-boost|p1a: Zamazenta|def|1\n|\n|-damage|p1a: Zamazenta|88\/100 psn|[from] psn\n|upkeep\n|turn|5\n|\n|t:|1700415446\n|move|p1a: Zamazenta|Body Press|p2a: Salazzle\n|-resisted|p2a: Salazzle\n|-damage|p2a: Salazzle|65\/100\n|move|p2a: Salazzle|Dragon Tail|p1a: Zamazenta\n|-damage|p1a: Zamazenta|83\/100 psn\n|drag|p1a: Dragapult|Dragapult, M|100\/100\n|-status|p1a: Dragapult|psn\n|\n|-damage|p1a: Dragapult|88\/100 psn|[from] psn\n|upkeep\n|turn|6\n|\n|t:|1700415455\n|move|p1a: Dragapult|Shadow Ball|p2a: Salazzle\n|-damage|p2a: Salazzle|0 fnt\n|faint|p2a: Salazzle\n|\n|-damage|p1a: Dragapult|76\/100 psn|[from] psn\n|upkeep\n|\n|t:|1700415470\n|switch|p2a: Toedscruel|Toedscruel, F|100\/100\n|turn|7\n|\n|t:|1700415477\n|switch|p1a: Landorus|Landorus-Therian, M|100\/100\n|-ability|p1a: Landorus|Intimidate|boost\n|-unboost|p2a: Toedscruel|atk|1\n|move|p2a: Toedscruel|Power Whip|p1a: Landorus\n|-damage|p1a: Landorus|82\/100\n|\n|-heal|p1a: Landorus|88\/100|[from] item: Leftovers\n|upkeep\n|turn|8\n|\n|t:|1700415487\n|move|p1a: Landorus|Earthquake|p2a: Toedscruel\n|-resisted|p2a: Toedscruel\n|-damage|p2a: Toedscruel|58\/100\n|move|p2a: Toedscruel|Spore|p1a: Landorus\n|-status|p1a: Landorus|slp|[from] move: Spore\n|\n|-heal|p1a: Landorus|94\/100 slp|[from] item: Leftovers\n|upkeep\n|turn|9\n|\n|t:|1700415495\n|switch|p2a: Ninetales|Ninetales-Alola, F|100\/100\n|-weather|Snow|[from] ability: Snow Warning|[of] p2a: Ninetales\n|switch|p1a: Cinderace|Cinderace, M|100\/100\n|\n|-weather|Snow|[upkeep]\n|upkeep\n|turn|10\n|\n|t:|1700415514\n|switch|p2a: Manaphy|Manaphy|100\/100\n|move|p1a: Cinderace|Pyro Ball|p2a: Manaphy\n|-resisted|p2a: Manaphy\n|-damage|p2a: Manaphy|78\/100\n|\n|-weather|Snow|[upkeep]\n|-heal|p2a: Manaphy|84\/100|[from] item: Leftovers\n|upkeep\n|turn|11\n|\n|t:|1700415529\n|switch|p1a: Dragapult|Dragapult, M|76\/100 psn\n|move|p2a: Manaphy|Whirlpool|p1a: Dragapult|[miss]\n|-miss|p2a: Manaphy|p1a: Dragapult\n|\n|-weather|Snow|[upkeep]\n|-heal|p2a: Manaphy|91\/100|[from] item: Leftovers\n|-damage|p1a: Dragapult|64\/100 psn|[from] psn\n|upkeep\n|turn|12\n|\n|t:|1700415538\n|move|p1a: Dragapult|Draco Meteor|p2a: Manaphy\n|-damage|p2a: Manaphy|0 fnt\n|-unboost|p1a: Dragapult|spa|2\n|faint|p2a: Manaphy\n|\n|-weather|Snow|[upkeep]\n|-damage|p1a: Dragapult|51\/100 psn|[from] psn\n|upkeep\n|\n|t:|1700415543\n|switch|p2a: Ninetales|Ninetales-Alola, F|100\/100\n|turn|13\n|\n|t:|1700415547\n|switch|p1a: Cinderace|Cinderace, M|100\/100\n|move|p2a: Ninetales|Calm Mind|p2a: Ninetales\n|-boost|p2a: Ninetales|spa|1\n|-boost|p2a: Ninetales|spd|1\n|\n|-weather|Snow|[upkeep]\n|upkeep\n|turn|14\n|\n|t:|1700415553\n|move|p1a: Cinderace|Pyro Ball|p2a: Ninetales\n|-supereffective|p2a: Ninetales\n|-damage|p2a: Ninetales|2\/100\n|move|p2a: Ninetales|Moonblast|p1a: Cinderace\n|-resisted|p1a: Cinderace\n|-damage|p1a: Cinderace|71\/100\n|\n|-weather|Snow|[upkeep]\n|upkeep\n|turn|15\n|\n|t:|1700415562\n|move|p1a: Cinderace|Pyro Ball|p2a: Ninetales\n|-supereffective|p2a: Ninetales\n|-damage|p2a: Ninetales|0 fnt\n|faint|p2a: Ninetales\n|\n|-weather|Snow|[upkeep]\n|upkeep\n|\n|t:|1700415563\n|switch|p2a: Toedscruel|Toedscruel, F|58\/100\n|turn|16\n|\n|t:|1700415569\n|move|p1a: Cinderace|Will-O-Wisp|p2a: Toedscruel\n|-status|p2a: Toedscruel|brn\n|move|p2a: Toedscruel|Earth Power|p1a: Cinderace\n|-supereffective|p1a: Cinderace\n|-damage|p1a: Cinderace|0 fnt\n|faint|p1a: Cinderace\n|\n|-weather|none\n|-damage|p2a: Toedscruel|52\/100 brn|[from] brn\n|upkeep\n|\n|t:|1700415577\n|switch|p1a: Dragapult|Dragapult, M|51\/100 psn\n|turn|17\n|\n|t:|1700415581\n|move|p1a: Dragapult|Shadow Ball|p2a: Toedscruel\n|-damage|p2a: Toedscruel|0 fnt\n|faint|p2a: Toedscruel\n|\n|-damage|p1a: Dragapult|39\/100 psn|[from] psn\n|upkeep\n|\n|t:|1700415584\n|switch|p2a: Gholdengo|Gholdengo|100\/100\n|turn|18\n|\n|t:|1700415589\n|move|p1a: Dragapult|Shadow Ball|p2a: Gholdengo\n|-supereffective|p2a: Gholdengo\n|-damage|p2a: Gholdengo|0 fnt\n|faint|p2a: Gholdengo\n|\n|-damage|p1a: Dragapult|27\/100 psn|[from] psn\n|upkeep\n|\n|t:|1700415592\n|switch|p2a: Jirachi|Jirachi|100\/100\n|turn|19\n|\n|t:|1700415595\n|move|p1a: Dragapult|Shadow Ball|p2a: Jirachi\n|-supereffective|p2a: Jirachi\n|-damage|p2a: Jirachi|5\/100\n|move|p2a: Jirachi|Shadow Ball|p1a: Dragapult\n|-supereffective|p1a: Dragapult\n|-damage|p1a: Dragapult|0 fnt\n|faint|p1a: Dragapult\n|-damage|p2a: Jirachi|0 fnt|[from] item: Life Orb\n|faint|p2a: Jirachi\n|\n|win|Samklesss\n|raw|Samklesss's rating: 1117 &rarr; <strong>1136<\/strong><br \/>(+19 for winning)\n|raw|fatherlessuser23's rating: 1031 &rarr; <strong>1020<\/strong><br \/>(-11 for losing)\n","uploadtime":1700415608,"views":10,"p1id":"samklesss","p2id":"fatherlessuser23","formatid":"gen9ou","rating":1020,"private":0,"password":""}