{"id":"gen9ou-1998336738","p1":"Peypyto du 45","p2":"TY SM MY GUY","format":"[Gen 9] OU","log":"|j|\u2606Peypyto du 45\n|j|\u2606TY SM MY GUY\n|t:|1700930965\n|gametype|singles\n|player|p1|Peypyto du 45|rood|1349\n|player|p2|TY SM MY GUY|hoopster|1383\n|teamsize|p1|6\n|teamsize|p2|6\n|gen|9\n|tier|[Gen 9] OU\n|rated|\n|rule|Sleep Clause Mod: Limit one foe put to sleep\n|rule|Species Clause: Limit one of each Pok\u00e9mon\n|rule|OHKO Clause: OHKO moves are banned\n|rule|Evasion Items Clause: Evasion items are banned\n|rule|Evasion Moves Clause: Evasion moves are banned\n|rule|Endless Battle Clause: Forcing endless battles is banned\n|rule|HP Percentage Mod: HP is shown in percentages\n|clearpoke\n|poke|p1|Kingambit, M|\n|poke|p1|Great Tusk|\n|poke|p1|Dragapult, M|\n|poke|p1|Ogerpon-Wellspring, F|\n|poke|p1|Blissey, F|\n|poke|p1|Zapdos|\n|poke|p2|Glimmora, F|\n|poke|p2|Great Tusk|\n|poke|p2|Hatterene, F|\n|poke|p2|Greninja-*, M|\n|poke|p2|Brambleghast, M|\n|poke|p2|Zoroark-Hisui, M|\n|teampreview\n|inactive|Battle timer is ON: inactive players will automatically lose when time's up. (requested by TY SM MY GUY)\n|\n|t:|1700930976\n|start\n|switch|p1a: Zapdos|Zapdos|100\/100\n|switch|p2a: Glimmora|Glimmora, F, shiny|100\/100\n|turn|1\n|\n|t:|1700930994\n|switch|p2a: Hatterene|Hatterene, F, shiny|100\/100\n|move|p1a: Zapdos|Volt Switch|p2a: Hatterene\n|-damage|p2a: Hatterene|78\/100\n|-enditem|p2a: Hatterene|Eject Button\n|\n|t:|1700931000\n|switch|p2a: Brambleghast|Brambleghast, M, shiny|100\/100\n|\n|upkeep\n|turn|2\n|\n|t:|1700931006\n|move|p2a: Brambleghast|Rapid Spin|p1a: Zapdos\n|-damage|p1a: Zapdos|87\/100\n|-boost|p2a: Brambleghast|spe|1\n|move|p1a: Zapdos|Hurricane|p2a: Brambleghast\n|-ability|p2a: Brambleghast|Wind Rider|boost\n|-boost|p2a: Brambleghast|atk|1\n|\n|upkeep\n|turn|3\n|\n|t:|1700931013\n|move|p2a: Brambleghast|Shadow Sneak|p1a: Zapdos\n|-damage|p1a: Zapdos|62\/100\n|-status|p2a: Brambleghast|par|[from] ability: Static|[of] p1a: Zapdos\n|move|p1a: Zapdos|Heat Wave|p2a: Brambleghast\n|-ability|p2a: Brambleghast|Wind Rider|boost\n|-boost|p2a: Brambleghast|atk|1\n|\n|upkeep\n|turn|4\n|c|\u2606Peypyto du 45|han\n|\n|t:|1700931023\n|cant|p2a: Brambleghast|par\n|move|p1a: Zapdos|Volt Switch|p2a: Brambleghast\n|-resisted|p2a: Brambleghast\n|-damage|p2a: Brambleghast|75\/100 par\n|c|\u2606TY SM MY GUY|Lmfaoo\n|\n|t:|1700931031\n|switch|p1a: Dragapult|Dragapult, M|100\/100|[from] Volt Switch\n|\n|upkeep\n|turn|5\n|c|\u2606TY SM MY GUY|bro doesnt know what his moves are classified as\n|\n|t:|1700931038\n|cant|p2a: Brambleghast|par\n|move|p1a: Dragapult|Shadow Ball|p2a: Brambleghast\n|-supereffective|p2a: Brambleghast\n|-damage|p2a: Brambleghast|0 fnt\n|faint|p2a: Brambleghast\n|\n|upkeep\n|\n|t:|1700931046\n|switch|p2a: Glimmora|Glimmora, F, shiny|100\/100\n|turn|6\n|c|\u2606Peypyto du 45|I did not know in fact\n|\n|t:|1700931055\n|switch|p1a: Blissey|Blissey, F|100\/100\n|move|p2a: Glimmora|Bitter Malice|p1a: Blissey\n|-immune|p1a: Blissey\n|\n|upkeep\n|turn|7\n|c|\u2606TY SM MY GUY|Lots of moves are wind\n|c|\u2606TY SM MY GUY|blizzard also gets blocked\n|\n|t:|1700931074\n|switch|p2a: Glimmora|Glimmora, F, shiny|100\/100\n|-item|p2a: Glimmora|Air Balloon\n|move|p1a: Blissey|Stealth Rock|p2a: Glimmora\n|-sidestart|p2: TY SM MY GUY|move: Stealth Rock\n|\n|upkeep\n|turn|8\n|c|\u2606Peypyto du 45|Interesting new things\n|inactive|Peypyto du 45 has 120 seconds left.\n|\n|t:|1700931106\n|move|p2a: Glimmora|Stealth Rock|p1a: Blissey\n|-sidestart|p1: Peypyto du 45|move: Stealth Rock\n|move|p1a: Blissey|Shadow Ball|p2a: Glimmora\n|-damage|p2a: Glimmora|86\/100\n|-enditem|p2a: Glimmora|Air Balloon\n|\n|upkeep\n|turn|9\n|inactive|Peypyto du 45 has 120 seconds left.\n|\n|t:|1700931123\n|switch|p2a: Hatterene|Hatterene, F, shiny|78\/100\n|-damage|p2a: Hatterene|66\/100|[from] Stealth Rock\n|switch|p1a: Great Tusk|Great Tusk|100\/100\n|-damage|p1a: Great Tusk|98\/100|[from] Stealth Rock\n|\n|-heal|p1a: Great Tusk|100\/100|[from] item: Leftovers\n|upkeep\n|turn|10\n|inactive|Peypyto du 45 has 120 seconds left.\n|\n|t:|1700931133\n|-end|p1a: Great Tusk|Protosynthesis|[silent]\n|switch|p1a: Kingambit|Kingambit, M|100\/100\n|-damage|p1a: Kingambit|94\/100|[from] Stealth Rock\n|move|p2a: Hatterene|Draining Kiss|p1a: Kingambit\n|-damage|p1a: Kingambit|69\/100\n|-heal|p2a: Hatterene|88\/100|[from] drain|[of] p1a: Kingambit\n|\n|upkeep\n|turn|11\n|inactive|Peypyto du 45 has 120 seconds left.\n|\n|t:|1700931144\n|move|p1a: Kingambit|Iron Head|p2a: Hatterene\n|-supereffective|p2a: Hatterene\n|-damage|p2a: Hatterene|0 fnt\n|faint|p2a: Hatterene\n|\n|upkeep\n|\n|t:|1700931147\n|switch|p2a: Greninja|Greninja, M|100\/100\n|-damage|p2a: Greninja|88\/100|[from] Stealth Rock\n|turn|12\n|\n|t:|1700931155\n|-end|p1a: Kingambit|fallenundefined|[silent]\n|switch|p1a: Blissey|Blissey, F|100\/100\n|move|p2a: Greninja|Trick|p1a: Blissey\n|-activate|p2a: Greninja|move: Trick|[of] p1a: Blissey\n|-item|p1a: Blissey|Choice Scarf|[from] move: Trick\n|-item|p2a: Greninja|Heavy-Duty Boots|[from] move: Trick\n|\n|upkeep\n|turn|13\n|inactive|Peypyto du 45 has 120 seconds left.\n|\n|t:|1700931181\n|move|p2a: Greninja|Hyper Voice|p1a: Blissey\n|-damage|p1a: Blissey|80\/100\n|move|p1a: Blissey|Seismic Toss|p2a: Greninja\n|-immune|p2a: Greninja\n|\n|upkeep\n|turn|14\n|inactive|Peypyto du 45 has 120 seconds left.\n|inactive|Peypyto du 45 has 90 seconds left.\n|\n|t:|1700931231\n|switch|p1a: Zapdos|Zapdos|62\/100\n|move|p2a: Greninja|Bitter Malice|p1a: Zapdos\n|-damage|p1a: Zapdos|21\/100\n|-unboost|p1a: Zapdos|atk|1\n|\n|upkeep\n|turn|15\n|\n|t:|1700931240\n|move|p2a: Greninja|Bitter Malice|p1a: Zapdos\n|-damage|p1a: Zapdos|0 fnt\n|faint|p1a: Zapdos\n|\n|upkeep\n|\n|t:|1700931247\n|switch|p1a: Kingambit|Kingambit, M|69\/100\n|-damage|p1a: Kingambit|63\/100|[from] Stealth Rock\n|-activate|p1a: Kingambit|ability: Supreme Overlord\n|-start|p1a: Kingambit|fallen1|[silent]\n|turn|16\n|\n|t:|1700931261\n|switch|p2a: Glimmora|Glimmora, F, shiny|86\/100\n|-damage|p2a: Glimmora|73\/100|[from] Stealth Rock\n|move|p1a: Kingambit|Kowtow Cleave|p2a: Glimmora\n|-damage|p2a: Glimmora|12\/100\n|-activate|p2a: Glimmora|ability: Toxic Debris\n|-sidestart|p1: Peypyto du 45|move: Toxic Spikes\n|\n|upkeep\n|turn|17\n|\n|t:|1700931270\n|move|p1a: Kingambit|Sucker Punch|p2a: Glimmora\n|-damage|p2a: Glimmora|0 fnt\n|-activate|p2a: Glimmora|ability: Toxic Debris\n|-sidestart|p1: Peypyto du 45|move: Toxic Spikes\n|faint|p2a: Glimmora\n|\n|upkeep\n|\n|t:|1700931276\n|switch|p2a: Great Tusk|Great Tusk|100\/100\n|-damage|p2a: Great Tusk|98\/100|[from] Stealth Rock\n|-enditem|p2a: Great Tusk|Booster Energy\n|-activate|p2a: Great Tusk|ability: Protosynthesis|[fromitem]\n|-start|p2a: Great Tusk|protosynthesisspe\n|turn|18\n|inactive|Peypyto du 45 has 90 seconds left.\n|inactive|Peypyto du 45 has 60 seconds left.\n|\n|t:|1700931329\n|-end|p1a: Kingambit|fallen1|[silent]\n|switch|p1a: Dragapult|Dragapult, M|100\/100\n|-damage|p1a: Dragapult|88\/100|[from] Stealth Rock\n|-status|p1a: Dragapult|tox\n|move|p2a: Great Tusk|Bulk Up|p2a: Great Tusk\n|-boost|p2a: Great Tusk|atk|1\n|-boost|p2a: Great Tusk|def|1\n|\n|-damage|p1a: Dragapult|82\/100 tox|[from] psn\n|upkeep\n|turn|19\n|\n|t:|1700931347\n|-terastallize|p1a: Dragapult|Ghost\n|move|p2a: Great Tusk|Ice Spinner|p1a: Dragapult\n|-damage|p1a: Dragapult|34\/100 tox\n|move|p1a: Dragapult|Shadow Ball|p2a: Great Tusk\n|-damage|p2a: Great Tusk|4\/100\n|\n|-damage|p1a: Dragapult|22\/100 tox|[from] psn\n|upkeep\n|turn|20\n|\n|t:|1700931358\n|move|p2a: Great Tusk|Earthquake|p1a: Dragapult\n|-damage|p1a: Dragapult|0 fnt\n|faint|p1a: Dragapult\n|\n|upkeep\n|\n|t:|1700931364\n|switch|p1a: Kingambit|Kingambit, M|63\/100\n|-damage|p1a: Kingambit|56\/100|[from] Stealth Rock\n|-activate|p1a: Kingambit|ability: Supreme Overlord\n|-start|p1a: Kingambit|fallen2|[silent]\n|turn|21\n|\n|t:|1700931387\n|move|p1a: Kingambit|Sucker Punch||[still]\n|-fail|p1a: Kingambit\n|move|p2a: Great Tusk|Bulk Up|p2a: Great Tusk\n|-boost|p2a: Great Tusk|atk|1\n|-boost|p2a: Great Tusk|def|1\n|\n|upkeep\n|turn|22\n|\n|t:|1700931396\n|move|p1a: Kingambit|Sucker Punch|p2a: Great Tusk\n|-resisted|p2a: Great Tusk\n|-damage|p2a: Great Tusk|0 fnt\n|faint|p2a: Great Tusk\n|-end|p2a: Great Tusk|Protosynthesis|[silent]\n|\n|upkeep\n|\n|t:|1700931399\n|switch|p2a: Greninja|Greninja, M|88\/100\n|turn|23\n|inactive|Peypyto du 45 has 30 seconds left.\n|inactive|Peypyto du 45 has 20 seconds left.\n|\n|t:|1700931436\n|-end|p1a: Kingambit|fallen2|[silent]\n|switch|p1a: Blissey|Blissey, F|80\/100\n|-damage|p1a: Blissey|68\/100|[from] Stealth Rock\n|-status|p1a: Blissey|tox\n|move|p2a: Greninja|Trick|p1a: Blissey\n|-activate|p2a: Greninja|move: Trick|[of] p1a: Blissey\n|-item|p1a: Blissey|Heavy-Duty Boots|[from] move: Trick\n|-item|p2a: Greninja|Choice Scarf|[from] move: Trick\n|\n|-damage|p1a: Blissey|62\/100 tox|[from] psn\n|upkeep\n|turn|24\n|inactive|Peypyto du 45 has 30 seconds left this turn.\n|inactive|Peypyto du 45 has 20 seconds left.\n|inactive|Peypyto du 45 has 15 seconds left.\n|inactive|Peypyto du 45 has 10 seconds left.\n|\n|t:|1700931457\n|move|p2a: Greninja|Trick|p1a: Blissey\n|-activate|p2a: Greninja|move: Trick|[of] p1a: Blissey\n|-item|p1a: Blissey|Choice Scarf|[from] move: Trick\n|-item|p2a: Greninja|Heavy-Duty Boots|[from] move: Trick\n|move|p1a: Blissey|Seismic Toss|p2a: Greninja\n|-immune|p2a: Greninja\n|\n|-damage|p1a: Blissey|49\/100 tox|[from] psn\n|upkeep\n|turn|25\n|inactive|Peypyto du 45 has 20 seconds left this turn.\n|inactive|Peypyto du 45 has 15 seconds left.\n|\n|t:|1700931468\n|move|p2a: Greninja|Bitter Malice|p1a: Blissey\n|-immune|p1a: Blissey\n|move|p1a: Blissey|Seismic Toss|p2a: Greninja\n|-immune|p2a: Greninja\n|\n|-damage|p1a: Blissey|31\/100 tox|[from] psn\n|upkeep\n|turn|26\n|inactive|Peypyto du 45 has 25 seconds left this turn.\n|inactive|Peypyto du 45 has 20 seconds left.\n|inactive|Peypyto du 45 has 15 seconds left.\n|inactive|Peypyto du 45 has 10 seconds left.\n|\n|t:|1700931484\n|move|p2a: Greninja|Bitter Malice|p1a: Blissey\n|-immune|p1a: Blissey\n|move|p1a: Blissey|Seismic Toss|p2a: Greninja\n|-immune|p2a: Greninja\n|\n|-damage|p1a: Blissey|6\/100 tox|[from] psn\n|upkeep\n|turn|27\n|inactive|Peypyto du 45 has 20 seconds left this turn.\n|inactive|Peypyto du 45 has 15 seconds left.\n|\n|t:|1700931492\n|move|p2a: Greninja|Bitter Malice|p1a: Blissey\n|-immune|p1a: Blissey\n|move|p1a: Blissey|Seismic Toss|p2a: Greninja\n|-immune|p2a: Greninja\n|\n|-damage|p1a: Blissey|0 fnt|[from] psn\n|faint|p1a: Blissey\n|upkeep\n|inactive|Peypyto du 45 has 20 seconds left this turn.\n|inactive|Peypyto du 45 has 15 seconds left.\n|inactive|Peypyto du 45 has 10 seconds left.\n|\n|t:|1700931503\n|switch|p1a: Kingambit|Kingambit, M|56\/100\n|-damage|p1a: Kingambit|50\/100|[from] Stealth Rock\n|-activate|p1a: Kingambit|ability: Supreme Overlord\n|-start|p1a: Kingambit|fallen3|[silent]\n|turn|28\n|inactive|Peypyto du 45 has 20 seconds left this turn.\n|inactive|Peypyto du 45 has 15 seconds left.\n|\n|t:|1700931510\n|move|p2a: Greninja|Trick|p1a: Kingambit\n|-activate|p2a: Greninja|move: Trick|[of] p1a: Kingambit\n|-item|p1a: Kingambit|Heavy-Duty Boots|[from] move: Trick\n|-item|p2a: Greninja|Mental Herb|[from] move: Trick\n|move|p1a: Kingambit|Kowtow Cleave|p2a: Greninja\n|-supereffective|p2a: Greninja\n|-damage|p2a: Greninja|0 fnt\n|replace|p2a: Zoroark|Zoroark-Hisui, M, shiny\n|-end|p2a: Zoroark|Illusion\n|faint|p2a: Zoroark\n|\n|upkeep\n|inactive|Peypyto du 45 has 20 seconds left this turn.\n|\n|t:|1700931514\n|switch|p2a: Greninja|Greninja, M|100\/100\n|-damage|p2a: Greninja|88\/100|[from] Stealth Rock\n|turn|29\n|inactive|Peypyto du 45 has 30 seconds left this turn.\n|inactive|Peypyto du 45 has 20 seconds left.\n|inactive|Peypyto du 45 has 15 seconds left.\n|\n|t:|1700931532\n|move|p2a: Greninja|Water Shuriken|p1a: Kingambit\n|-damage|p1a: Kingambit|40\/100\n|-damage|p1a: Kingambit|31\/100\n|-damage|p1a: Kingambit|20\/100\n|-hitcount|p1a: Kingambit|3\n|-damage|p2a: Greninja|78\/100|[from] item: Life Orb\n|move|p1a: Kingambit|Sucker Punch||[still]\n|-fail|p1a: Kingambit\n|\n|upkeep\n|turn|30\n|inactive|Peypyto du 45 has 25 seconds left this turn.\n|inactive|Peypyto du 45 has 20 seconds left.\n|inactive|Peypyto du 45 has 15 seconds left.\n|\n|t:|1700931542\n|-end|p1a: Kingambit|fallen3|[silent]\n|switch|p1a: Ogerpon|Ogerpon-Wellspring, F|100\/100\n|-damage|p1a: Ogerpon|88\/100|[from] Stealth Rock\n|-status|p1a: Ogerpon|tox\n|move|p2a: Greninja|Dark Pulse|p1a: Ogerpon\n|-damage|p1a: Ogerpon|38\/100 tox\n|-damage|p2a: Greninja|69\/100|[from] item: Life Orb\n|\n|-damage|p1a: Ogerpon|32\/100 tox|[from] psn\n|upkeep\n|turn|31\n|inactive|Peypyto du 45 has 25 seconds left this turn.\n|inactive|Peypyto du 45 has 20 seconds left.\n|inactive|Peypyto du 45 has 15 seconds left.\n|c|\u2606TY SM MY GUY|Ggwp\n|\n|t:|1700931556\n|move|p2a: Greninja|Dark Pulse|p1a: Ogerpon\n|-damage|p1a: Ogerpon|0 fnt\n|faint|p1a: Ogerpon\n|-ability|p2a: Greninja|Battle Bond|boost\n|-boost|p2a: Greninja|atk|1\n|-boost|p2a: Greninja|spa|1\n|-boost|p2a: Greninja|spe|1\n|-activate|p2a: Greninja|ability: Battle Bond\n|-damage|p2a: Greninja|59\/100|[from] item: Life Orb\n|\n|upkeep\n|inactive|Peypyto du 45 has 20 seconds left this turn.\n|c|\u2606TY SM MY GUY|think i just made a come back\n|inactive|Peypyto du 45 has 15 seconds left.\n|inactive|Peypyto du 45 has 10 seconds left.\n|\n|t:|1700931566\n|switch|p1a: Great Tusk|Great Tusk|100\/100\n|-damage|p1a: Great Tusk|98\/100|[from] Stealth Rock\n|-status|p1a: Great Tusk|tox\n|turn|32\n|inactive|Peypyto du 45 has 20 seconds left this turn.\n|inactive|Peypyto du 45 has 15 seconds left.\n|\n|t:|1700931575\n|-terastallize|p2a: Greninja|Ice\n|move|p2a: Greninja|Ice Beam|p1a: Great Tusk\n|-supereffective|p1a: Great Tusk\n|-damage|p1a: Great Tusk|0 fnt\n|faint|p1a: Great Tusk\n|-end|p1a: Great Tusk|Protosynthesis|[silent]\n|-damage|p2a: Greninja|49\/100|[from] item: Life Orb\n|\n|upkeep\n|inactive|Peypyto du 45 has 20 seconds left this turn.\n|inactive|Peypyto du 45 has 15 seconds left.\n|c|\u2606TY SM MY GUY|LETS GOOOOOO\n|\n|t:|1700931582\n|switch|p1a: Kingambit|Kingambit, M|20\/100\n|-activate|p1a: Kingambit|ability: Supreme Overlord\n|-start|p1a: Kingambit|fallen5|[silent]\n|turn|33\n|inactive|Peypyto du 45 has 25 seconds left this turn.\n|c|\u2606TY SM MY GUY|GG\n|\n|t:|1700931587\n|move|p2a: Greninja|Water Shuriken|p1a: Kingambit\n|-damage|p1a: Kingambit|7\/100\n|-damage|p1a: Kingambit|0 fnt\n|faint|p1a: Kingambit\n|-end|p1a: Kingambit|fallen5|[silent]\n|-hitcount|p1: Kingambit|2\n|-damage|p2a: Greninja|39\/100|[from] item: Life Orb\n|\n|win|TY SM MY GUY\n|inactive|Peypyto du 45 has 30 seconds left this turn.\n|raw|Peypyto du 45's rating: 1349 &rarr; <strong>1331<\/strong><br \/>(-18 for losing)\n|raw|TY SM MY GUY's rating: 1383 &rarr; <strong>1401<\/strong><br \/>(+18 for winning)\n|c|\u2606TY SM MY GUY|PLAYS\n|l|\u2606Peypyto du 45\n","uploadtime":1700931635,"views":7,"p1id":"peypytodu45","p2id":"tysmmyguy","formatid":"gen9ou","rating":1331,"private":0,"password":""}