{"id":"gen9ou-1995087846","p1":"CyberH3","p2":"muffy54683","format":"[Gen 9] OU","log":"|j|\u2606CyberH3\n|j|\u2606muffy54683\n|t:|1700521188\n|gametype|singles\n|player|p1|CyberH3|mars|1365\n|player|p2|muffy54683|169|1442\n|teamsize|p1|6\n|teamsize|p2|6\n|gen|9\n|tier|[Gen 9] OU\n|rated|\n|rule|Sleep Clause Mod: Limit one foe put to sleep\n|rule|Species Clause: Limit one of each Pok\u00e9mon\n|rule|OHKO Clause: OHKO moves are banned\n|rule|Evasion Items Clause: Evasion items are banned\n|rule|Evasion Moves Clause: Evasion moves are banned\n|rule|Endless Battle Clause: Forcing endless battles is banned\n|rule|HP Percentage Mod: HP is shown in percentages\n|clearpoke\n|poke|p1|Goodra-Hisui, M|\n|poke|p1|Scizor, F|\n|poke|p1|Mimikyu, F|\n|poke|p1|Iron Valiant|\n|poke|p1|Talonflame, F|\n|poke|p1|Lokix, M|\n|poke|p2|Iron Valiant|\n|poke|p2|Dragonite, F|\n|poke|p2|Great Tusk|\n|poke|p2|Thundurus, M|\n|poke|p2|Gholdengo|\n|poke|p2|Samurott-Hisui, F|\n|teampreview\n|inactive|Battle timer is ON: inactive players will automatically lose when time's up. (requested by muffy54683)\n|\n|t:|1700521203\n|start\n|switch|p1a: Morf LeRosh|Lokix, M|100\/100\n|switch|p2a: Gholdengo|Gholdengo, shiny|100\/100\n|-item|p2a: Gholdengo|Air Balloon\n|turn|1\n|\n|t:|1700521209\n|move|p1a: Morf LeRosh|Knock Off|p2a: Gholdengo\n|-supereffective|p2a: Gholdengo\n|-damage|p2a: Gholdengo|0 fnt\n|-enditem|p2a: Gholdengo|Air Balloon\n|faint|p2a: Gholdengo\n|-damage|p1a: Morf LeRosh|91\/100|[from] item: Life Orb\n|\n|upkeep\n|\n|t:|1700521223\n|switch|p2a: Thundurus|Thundurus, M|100\/100\n|turn|2\n|\n|t:|1700521233\n|switch|p1a: Snailtare|Goodra-Hisui, M|100\/100\n|move|p2a: Thundurus|Thunderbolt|p1a: Snailtare\n|-resisted|p1a: Snailtare\n|-damage|p1a: Snailtare|86\/100\n|\n|-heal|p1a: Snailtare|92\/100|[from] item: Leftovers\n|upkeep\n|turn|3\n|\n|t:|1700521246\n|switch|p2a: Samurott|Samurott-Hisui, F|100\/100\n|move|p1a: Snailtare|Hydro Pump|p2a: Samurott\n|-resisted|p2a: Samurott\n|-damage|p2a: Samurott|73\/100\n|\n|-heal|p1a: Snailtare|98\/100|[from] item: Leftovers\n|upkeep\n|turn|4\n|\n|t:|1700521255\n|move|p1a: Snailtare|Protect|p1a: Snailtare\n|-singleturn|p1a: Snailtare|Protect\n|move|p2a: Samurott|Ceaseless Edge|p1a: Snailtare\n|-activate|p1a: Snailtare|move: Protect\n|\n|-heal|p1a: Snailtare|100\/100|[from] item: Leftovers\n|upkeep\n|turn|5\n|\n|t:|1700521262\n|move|p2a: Samurott|Knock Off|p1a: Snailtare\n|-damage|p1a: Snailtare|57\/100\n|-enditem|p1a: Snailtare|Leftovers|[from] move: Knock Off|[of] p2a: Samurott\n|move|p1a: Snailtare|Draco Meteor|p2a: Samurott\n|-damage|p2a: Samurott|0 fnt\n|-unboost|p1a: Snailtare|spa|2\n|faint|p2a: Samurott\n|\n|upkeep\n|\n|t:|1700521271\n|switch|p2a: Iron Valiant|Iron Valiant, shiny|100\/100\n|-enditem|p2a: Iron Valiant|Booster Energy\n|-activate|p2a: Iron Valiant|ability: Quark Drive|[fromitem]\n|-start|p2a: Iron Valiant|quarkdrivespe\n|turn|6\n|\n|t:|1700521282\n|move|p2a: Iron Valiant|Encore|p1a: Snailtare\n|-start|p1a: Snailtare|Encore\n|move|p1a: Snailtare|Draco Meteor|p2a: Iron Valiant\n|-immune|p2a: Iron Valiant\n|\n|upkeep\n|turn|7\n|\n|t:|1700521291\n|switch|p1a: Eat With Scissors|Scizor, F|100\/100\n|move|p2a: Iron Valiant|Calm Mind|p2a: Iron Valiant\n|-boost|p2a: Iron Valiant|spa|1\n|-boost|p2a: Iron Valiant|spd|1\n|\n|upkeep\n|turn|8\n|\n|t:|1700521306\n|-terastallize|p2a: Iron Valiant|Ghost\n|move|p1a: Eat With Scissors|Bullet Punch|p2a: Iron Valiant\n|-damage|p2a: Iron Valiant|38\/100\n|-damage|p1a: Eat With Scissors|91\/100|[from] item: Life Orb\n|move|p2a: Iron Valiant|Shadow Ball|p1a: Eat With Scissors\n|-damage|p1a: Eat With Scissors|15\/100\n|\n|upkeep\n|turn|9\n|\n|t:|1700521315\n|-end|p2a: Iron Valiant|Quark Drive|[silent]\n|switch|p2a: Great Tusk|Great Tusk|100\/100\n|-enditem|p2a: Great Tusk|Booster Energy\n|-activate|p2a: Great Tusk|ability: Protosynthesis|[fromitem]\n|-start|p2a: Great Tusk|protosynthesisspe\n|move|p1a: Eat With Scissors|Bullet Punch|p2a: Great Tusk\n|-damage|p2a: Great Tusk|74\/100\n|-damage|p1a: Eat With Scissors|5\/100|[from] item: Life Orb\n|\n|upkeep\n|turn|10\n|\n|t:|1700521333\n|move|p2a: Great Tusk|Rapid Spin|p1a: Eat With Scissors\n|-resisted|p1a: Eat With Scissors\n|-damage|p1a: Eat With Scissors|0 fnt\n|-boost|p2a: Great Tusk|spe|1\n|faint|p1a: Eat With Scissors\n|\n|upkeep\n|\n|t:|1700521342\n|switch|p1a: The XO|Talonflame, F|100\/100\n|turn|11\n|\n|t:|1700521350\n|-end|p2a: Great Tusk|Protosynthesis|[silent]\n|switch|p2a: Dragonite|Dragonite, F|100\/100\n|move|p1a: The XO|Will-O-Wisp|p2a: Dragonite\n|-status|p2a: Dragonite|brn\n|\n|-damage|p2a: Dragonite|94\/100 brn|[from] brn\n|upkeep\n|turn|12\n|\n|t:|1700521360\n|move|p1a: The XO|Taunt|p2a: Dragonite\n|-start|p2a: Dragonite|move: Taunt\n|cant|p2a: Dragonite|move: Taunt|Dragon Dance\n|\n|-damage|p2a: Dragonite|88\/100 brn|[from] brn\n|upkeep\n|turn|13\n|\n|t:|1700521367\n|move|p2a: Dragonite|Extreme Speed|p1a: The XO\n|-crit|p1a: The XO\n|-damage|p1a: The XO|62\/100\n|move|p1a: The XO|Flare Blitz|p2a: Dragonite\n|-resisted|p2a: Dragonite\n|-damage|p2a: Dragonite|63\/100 brn\n|-damage|p1a: The XO|53\/100|[from] Recoil\n|\n|-heal|p1a: The XO|59\/100|[from] item: Leftovers\n|-damage|p2a: Dragonite|57\/100 brn|[from] brn\n|upkeep\n|turn|14\n|\n|t:|1700521378\n|move|p2a: Dragonite|Extreme Speed|p1a: The XO\n|-damage|p1a: The XO|38\/100\n|move|p1a: The XO|Brave Bird|p2a: Dragonite\n|-damage|p2a: Dragonite|10\/100 brn\n|-damage|p1a: The XO|21\/100|[from] Recoil\n|\n|-heal|p1a: The XO|27\/100|[from] item: Leftovers\n|-damage|p2a: Dragonite|4\/100 brn|[from] brn\n|-end|p2a: Dragonite|move: Taunt\n|upkeep\n|turn|15\n|\n|t:|1700521389\n|switch|p1a: Snailtare|Goodra-Hisui, M|57\/100\n|move|p2a: Dragonite|Extreme Speed|p1a: Snailtare\n|-resisted|p1a: Snailtare\n|-damage|p1a: Snailtare|49\/100\n|\n|-damage|p2a: Dragonite|0 fnt|[from] brn\n|faint|p2a: Dragonite\n|upkeep\n|\n|t:|1700521402\n|switch|p2a: Great Tusk|Great Tusk|74\/100\n|turn|16\n|\n|t:|1700521408\n|move|p1a: Snailtare|Protect|p1a: Snailtare\n|-singleturn|p1a: Snailtare|Protect\n|move|p2a: Great Tusk|Headlong Rush|p1a: Snailtare\n|-activate|p1a: Snailtare|move: Protect\n|\n|upkeep\n|turn|17\n|\n|t:|1700521414\n|move|p2a: Great Tusk|Rapid Spin|p1a: Snailtare\n|-resisted|p1a: Snailtare\n|-damage|p1a: Snailtare|43\/100\n|-boost|p2a: Great Tusk|spe|1\n|move|p1a: Snailtare|Hydro Pump|p2a: Great Tusk\n|-supereffective|p2a: Great Tusk\n|-damage|p2a: Great Tusk|0 fnt\n|faint|p2a: Great Tusk\n|-end|p2a: Great Tusk|Protosynthesis|[silent]\n|\n|upkeep\n|\n|t:|1700521424\n|switch|p2a: Iron Valiant|Iron Valiant, shiny, tera:Ghost|38\/100\n|turn|18\n|-message|muffy54683 forfeited.\n|\n|win|CyberH3\n|raw|CyberH3's rating: 1365 &rarr; <strong>1389<\/strong><br \/>(+24 for winning)\n|raw|muffy54683's rating: 1442 &rarr; <strong>1418<\/strong><br \/>(-24 for losing)\n|l|\u2606muffy54683\n","uploadtime":1700521435,"views":8,"p1id":"cyberh3","p2id":"muffy54683","formatid":"gen9ou","rating":1389,"private":0,"password":""}