{"id":"gen9ou-1989573444","p1":"onlyironuser","p2":"dskf","format":"[Gen 9] OU","log":"|j|\u2606onlyironuser\n|j|\u2606dskf\n|t:|1699873366\n|gametype|singles\n|player|p1|onlyironuser|wattson|1061\n|player|p2|dskf|169|1000\n|teamsize|p1|6\n|teamsize|p2|6\n|gen|9\n|tier|[Gen 9] OU\n|rated|\n|rule|Sleep Clause Mod: Limit one foe put to sleep\n|rule|Species Clause: Limit one of each Pok\u00e9mon\n|rule|OHKO Clause: OHKO moves are banned\n|rule|Evasion Items Clause: Evasion items are banned\n|rule|Evasion Moves Clause: Evasion moves are banned\n|rule|Endless Battle Clause: Forcing endless battles is banned\n|rule|HP Percentage Mod: HP is shown in percentages\n|clearpoke\n|poke|p1|Iron Thorns|\n|poke|p1|Iron Valiant|\n|poke|p1|Iron Moth|\n|poke|p1|Iron Jugulis|\n|poke|p1|Iron Leaves|\n|poke|p1|Iron Treads|\n|poke|p2|Dragonite, F|\n|poke|p2|Clefable, M|\n|poke|p2|Rillaboom, F|\n|poke|p2|Gyarados, M|\n|poke|p2|Landorus-Therian, M|\n|poke|p2|Hawlucha, F|\n|teampreview\n|inactive|Battle timer is ON: inactive players will automatically lose when time's up. (requested by onlyironuser)\n|\n|t:|1699873376\n|start\n|switch|p1a: Iron Treads|Iron Treads|100\/100\n|switch|p2a: Landorus|Landorus-Therian, M, shiny|100\/100\n|-ability|p2a: Landorus|Intimidate|boost\n|-unboost|p1a: Iron Treads|atk|1\n|-enditem|p1a: Iron Treads|Booster Energy\n|-activate|p1a: Iron Treads|ability: Quark Drive|[fromitem]\n|-start|p1a: Iron Treads|quarkdrivespe\n|turn|1\n|\n|t:|1699873386\n|move|p1a: Iron Treads|Stealth Rock|p2a: Landorus\n|-sidestart|p2: dskf|move: Stealth Rock\n|move|p2a: Landorus|Stealth Rock|p1a: Iron Treads\n|-sidestart|p1: onlyironuser|move: Stealth Rock\n|\n|upkeep\n|turn|2\n|\n|t:|1699873393\n|move|p1a: Iron Treads|Rapid Spin|p2a: Landorus\n|-damage|p2a: Landorus|88\/100\n|-boost|p1a: Iron Treads|spe|1\n|-sideend|p1: onlyironuser|Stealth Rock|[from] move: Rapid Spin|[of] p1a: Iron Treads\n|move|p2a: Landorus|Earthquake|p1a: Iron Treads\n|-supereffective|p1a: Iron Treads\n|-damage|p1a: Iron Treads|0 fnt\n|faint|p1a: Iron Treads\n|-end|p1a: Iron Treads|Quark Drive|[silent]\n|\n|-heal|p2a: Landorus|94\/100|[from] item: Leftovers\n|upkeep\n|\n|t:|1699873398\n|switch|p1a: Iron Thorns|Iron Thorns|100\/100\n|-enditem|p1a: Iron Thorns|Booster Energy\n|-activate|p1a: Iron Thorns|ability: Quark Drive|[fromitem]\n|-start|p1a: Iron Thorns|quarkdriveatk\n|turn|3\n|\n|t:|1699873406\n|-terastallize|p1a: Iron Thorns|Flying\n|move|p2a: Landorus|Earthquake|p1a: Iron Thorns\n|-immune|p1a: Iron Thorns\n|move|p1a: Iron Thorns|Dragon Dance|p1a: Iron Thorns\n|-boost|p1a: Iron Thorns|atk|1\n|-boost|p1a: Iron Thorns|spe|1\n|\n|-heal|p2a: Landorus|99\/100|[from] item: Leftovers\n|upkeep\n|turn|4\n|\n|t:|1699873415\n|move|p1a: Iron Thorns|Dragon Dance|p1a: Iron Thorns\n|-boost|p1a: Iron Thorns|atk|1\n|-boost|p1a: Iron Thorns|spe|1\n|move|p2a: Landorus|Stealth Rock|p1a: Iron Thorns\n|-sidestart|p1: onlyironuser|move: Stealth Rock\n|\n|-heal|p2a: Landorus|100\/100|[from] item: Leftovers\n|upkeep\n|turn|5\n|\n|t:|1699873421\n|move|p1a: Iron Thorns|Ice Punch|p2a: Landorus\n|-supereffective|p2a: Landorus\n|-crit|p2a: Landorus\n|-damage|p2a: Landorus|0 fnt\n|faint|p2a: Landorus\n|\n|upkeep\n|\n|t:|1699873427\n|switch|p2a: Clefable|Clefable, M, shiny|100\/100\n|turn|6\n|\n|t:|1699873433\n|move|p1a: Iron Thorns|Stone Edge|p2a: Clefable|[miss]\n|-miss|p1a: Iron Thorns|p2a: Clefable\n|move|p2a: Clefable|Thunder Wave|p1a: Iron Thorns|[miss]\n|-miss|p2a: Clefable|p1a: Iron Thorns\n|\n|upkeep\n|turn|7\n|\n|t:|1699873439\n|move|p1a: Iron Thorns|Stone Edge|p2a: Clefable|[miss]\n|-miss|p1a: Iron Thorns|p2a: Clefable\n|move|p2a: Clefable|Thunder Wave|p1a: Iron Thorns\n|-status|p1a: Iron Thorns|par\n|\n|upkeep\n|turn|8\n|c|\u2606onlyironuser|Fuck\n|c|\u2606onlyironuser|my\n|c|\u2606onlyironuser|life\n|c|\u2606onlyironuser|seriously\n|\n|t:|1699873450\n|move|p1a: Iron Thorns|Dragon Dance|p1a: Iron Thorns\n|-boost|p1a: Iron Thorns|atk|1\n|-boost|p1a: Iron Thorns|spe|1\n|move|p2a: Clefable|Moonblast|p1a: Iron Thorns\n|-damage|p1a: Iron Thorns|51\/100 par\n|\n|upkeep\n|turn|9\n|\n|t:|1699873456\n|move|p1a: Iron Thorns|Stone Edge|p2a: Clefable\n|-damage|p2a: Clefable|0 fnt\n|faint|p2a: Clefable\n|\n|upkeep\n|c|\u2606onlyironuser|gotta be kidding me\n|c|\u2606onlyironuser|ong\n|\n|t:|1699873476\n|switch|p2a: Dragonite|Dragonite, F, shiny|100\/100\n|turn|10\n|\n|t:|1699873490\n|move|p2a: Dragonite|Extreme Speed|p1a: Iron Thorns\n|-damage|p1a: Iron Thorns|22\/100 par\n|move|p1a: Iron Thorns|Ice Punch|p2a: Dragonite\n|-supereffective|p2a: Dragonite\n|-damage|p2a: Dragonite|0 fnt\n|faint|p2a: Dragonite\n|\n|upkeep\n|\n|t:|1699873501\n|switch|p2a: Rillaboom|Rillaboom, F, shiny|100\/100\n|-damage|p2a: Rillaboom|88\/100|[from] Stealth Rock\n|-fieldstart|move: Grassy Terrain|[from] ability: Grassy Surge|[of] p2a: Rillaboom\n|turn|11\n|\n|t:|1699873520\n|move|p1a: Iron Thorns|Ice Punch|p2a: Rillaboom\n|-supereffective|p2a: Rillaboom\n|-damage|p2a: Rillaboom|0 fnt\n|faint|p2a: Rillaboom\n|\n|upkeep\n|\n|t:|1699873525\n|switch|p2a: Hawlucha|Hawlucha, F, shiny|100\/100\n|-damage|p2a: Hawlucha|88\/100|[from] Stealth Rock\n|-enditem|p2a: Hawlucha|Grassy Seed\n|-boost|p2a: Hawlucha|def|1|[from] item: Grassy Seed\n|turn|12\n|\n|t:|1699873533\n|move|p2a: Hawlucha|Acrobatics|p1a: Iron Thorns\n|-damage|p1a: Iron Thorns|0 fnt\n|faint|p1a: Iron Thorns\n|-end|p1a: Iron Thorns|Quark Drive|[silent]\n|\n|upkeep\n|\n|t:|1699873544\n|switch|p1a: Iron Jugulis|Iron Jugulis|100\/100\n|-damage|p1a: Iron Jugulis|76\/100|[from] Stealth Rock\n|-enditem|p1a: Iron Jugulis|Booster Energy\n|-activate|p1a: Iron Jugulis|ability: Quark Drive|[fromitem]\n|-start|p1a: Iron Jugulis|quarkdrivespe\n|turn|13\n|inactive|dskf has 120 seconds left.\n|\n|t:|1699873585\n|move|p2a: Hawlucha|Close Combat|p1a: Iron Jugulis\n|-damage|p1a: Iron Jugulis|14\/100\n|-unboost|p2a: Hawlucha|def|1\n|-unboost|p2a: Hawlucha|spd|1\n|move|p1a: Iron Jugulis|Hurricane|p2a: Hawlucha|[miss]\n|-miss|p1a: Iron Jugulis|p2a: Hawlucha\n|\n|upkeep\n|turn|14\n|c|\u2606onlyironuser|FUCK\n|c|\u2606onlyironuser|FUCKING SHIT\n|c|\u2606onlyironuser|aint no way\n|\n|t:|1699873602\n|move|p2a: Hawlucha|Close Combat|p1a: Iron Jugulis\n|-damage|p1a: Iron Jugulis|0 fnt\n|-unboost|p2a: Hawlucha|def|1\n|-unboost|p2a: Hawlucha|spd|1\n|faint|p1a: Iron Jugulis\n|-end|p1a: Iron Jugulis|Quark Drive|[silent]\n|\n|upkeep\n|\n|t:|1699873607\n|switch|p1a: Iron Moth|Iron Moth|100\/100\n|-damage|p1a: Iron Moth|76\/100|[from] Stealth Rock\n|-enditem|p1a: Iron Moth|Booster Energy\n|-activate|p1a: Iron Moth|ability: Quark Drive|[fromitem]\n|-start|p1a: Iron Moth|quarkdrivespe\n|turn|15\n|\n|t:|1699873615\n|move|p2a: Hawlucha|Acrobatics|p1a: Iron Moth\n|-crit|p1a: Iron Moth\n|-damage|p1a: Iron Moth|0 fnt\n|faint|p1a: Iron Moth\n|-end|p1a: Iron Moth|Quark Drive|[silent]\n|\n|-fieldend|move: Grassy Terrain\n|upkeep\n|c|\u2606onlyironuser|Bro\n|c|\u2606onlyironuser|noooo\n|\n|t:|1699873637\n|switch|p1a: Iron Valiant|Iron Valiant|100\/100\n|-damage|p1a: Iron Valiant|94\/100|[from] Stealth Rock\n|-enditem|p1a: Iron Valiant|Booster Energy\n|-activate|p1a: Iron Valiant|ability: Quark Drive|[fromitem]\n|-start|p1a: Iron Valiant|quarkdrivespe\n|turn|16\n|\n|t:|1699873646\n|move|p2a: Hawlucha|Acrobatics|p1a: Iron Valiant\n|-supereffective|p1a: Iron Valiant\n|-damage|p1a: Iron Valiant|0 fnt\n|faint|p1a: Iron Valiant\n|-end|p1a: Iron Valiant|Quark Drive|[silent]\n|\n|upkeep\n|\n|t:|1699873651\n|switch|p1a: Iron Leaves|Iron Leaves|100\/100\n|-damage|p1a: Iron Leaves|88\/100|[from] Stealth Rock\n|-enditem|p1a: Iron Leaves|Booster Energy\n|-activate|p1a: Iron Leaves|ability: Quark Drive|[fromitem]\n|-start|p1a: Iron Leaves|quarkdrivespe\n|turn|17\n|\n|t:|1699873659\n|move|p2a: Hawlucha|Acrobatics|p1a: Iron Leaves\n|-supereffective|p1a: Iron Leaves\n|-damage|p1a: Iron Leaves|0 fnt\n|faint|p1a: Iron Leaves\n|-end|p1a: Iron Leaves|Quark Drive|[silent]\n|\n|win|dskf\n|raw|onlyironuser's rating: 1094 &rarr; <strong>1064<\/strong><br \/>(-30 for losing)\n|raw|dskf's rating: 1000 &rarr; <strong>1051<\/strong><br \/>(+51 for winning)\n","uploadtime":1699873598,"views":6,"p1id":"onlyironuser","p2id":"dskf","formatid":"gen9ou","rating":1051,"private":0,"password":""}