{"id":"gen9ou-1990330354","p1":"Dodec","p2":"Azer54","format":"[Gen 9] OU","log":"|j|\u2606Dodec\n|j|\u2606Azer54\n|t:|1699957770\n|gametype|singles\n|player|p1|Dodec|pokemaniac|1129\n|player|p2|Azer54|nate|1089\n|teamsize|p1|6\n|teamsize|p2|6\n|gen|9\n|tier|[Gen 9] OU\n|rated|\n|rule|Sleep Clause Mod: Limit one foe put to sleep\n|rule|Species Clause: Limit one of each Pok\u00e9mon\n|rule|OHKO Clause: OHKO moves are banned\n|rule|Evasion Items Clause: Evasion items are banned\n|rule|Evasion Moves Clause: Evasion moves are banned\n|rule|Endless Battle Clause: Forcing endless battles is banned\n|rule|HP Percentage Mod: HP is shown in percentages\n|clearpoke\n|poke|p1|Lucario, M|\n|poke|p1|Lycanroc-Dusk, M|\n|poke|p1|Arcanine-Hisui, M|\n|poke|p1|Zoroark-Hisui, M|\n|poke|p1|Houndoom, M|\n|poke|p1|Houndstone, M|\n|poke|p2|Garchomp, M|\n|poke|p2|Vikavolt, F|\n|poke|p2|Staraptor, F|\n|poke|p2|Clodsire, M|\n|poke|p2|Dondozo, F|\n|poke|p2|Scovillain, M|\n|teampreview\n|inactive|Battle timer is ON: inactive players will automatically lose when time's up. (requested by Azer54)\n|\n|t:|1699957785\n|start\n|switch|p1a: Red Good Boy|Arcanine-Hisui, M|100\/100\n|switch|p2a: Garchomp|Garchomp, M, shiny|100\/100\n|turn|1\n|c|\u2606Azer54|doggo team? nice\n|\n|t:|1699957800\n|switch|p1a: Black Good Boy|Houndoom, M|100\/100\n|-ability|p1a: Black Good Boy|Unnerve\n|-item|p1a: Black Good Boy|Air Balloon\n|move|p2a: Garchomp|Stealth Rock|p1a: Black Good Boy\n|-sidestart|p1: Dodec|move: Stealth Rock\n|\n|upkeep\n|turn|2\n|\n|t:|1699957810\n|-terastallize|p1a: Black Good Boy|Grass\n|move|p2a: Garchomp|Spikes|p1a: Black Good Boy\n|-sidestart|p1: Dodec|Spikes\n|move|p1a: Black Good Boy|Tera Blast|p2a: Garchomp|[anim] Tera Blast Grass\n|-damage|p2a: Garchomp|66\/100\n|\n|upkeep\n|turn|3\n|c|\u2606Azer54|though I don't think Zoroark is a dog\n|\n|t:|1699957819\n|move|p1a: Black Good Boy|Tera Blast|p2a: Garchomp|[anim] Tera Blast Grass\n|-damage|p2a: Garchomp|31\/100\n|move|p2a: Garchomp|Dragon Tail|p1a: Black Good Boy\n|-damage|p1a: Black Good Boy|44\/100\n|-enditem|p1a: Black Good Boy|Air Balloon\n|drag|p1a: Blue Good Boy|Lucario, M|100\/100\n|-damage|p1a: Blue Good Boy|98\/100|[from] Stealth Rock\n|-damage|p1a: Blue Good Boy|85\/100|[from] Spikes\n|\n|upkeep\n|turn|4\n|\n|t:|1699957842\n|move|p2a: Garchomp|Spikes|p1a: Blue Good Boy\n|-sidestart|p1: Dodec|Spikes\n|move|p1a: Blue Good Boy|Close Combat|p2a: Garchomp\n|-damage|p2a: Garchomp|0 fnt\n|-unboost|p1a: Blue Good Boy|def|1\n|-unboost|p1a: Blue Good Boy|spd|1\n|-damage|p1a: Blue Good Boy|73\/100|[from] ability: Rough Skin|[of] p2a: Garchomp\n|-damage|p1a: Blue Good Boy|56\/100|[from] item: Rocky Helmet|[of] p2a: Garchomp\n|faint|p2a: Garchomp\n|-damage|p1a: Blue Good Boy|46\/100|[from] item: Life Orb\n|\n|upkeep\n|\n|t:|1699957858\n|switch|p2a: Clodsire|Clodsire, M, shiny|100\/100\n|turn|5\n|\n|t:|1699957866\n|move|p1a: Blue Good Boy|Meteor Mash|p2a: Clodsire\n|-damage|p2a: Clodsire|37\/100\n|-damage|p1a: Blue Good Boy|36\/100|[from] item: Life Orb\n|move|p2a: Clodsire|Toxic Spikes|p1a: Blue Good Boy\n|-sidestart|p1: Dodec|move: Toxic Spikes\n|\n|-heal|p2a: Clodsire|43\/100|[from] item: Leftovers\n|upkeep\n|turn|6\n|inactive|Azer54 has 120 seconds left.\n|inactive|Azer54 has 90 seconds left.\n|\n|t:|1699957927\n|move|p1a: Blue Good Boy|Meteor Mash|p2a: Clodsire\n|-crit|p2a: Clodsire\n|-damage|p2a: Clodsire|0 fnt\n|faint|p2a: Clodsire\n|-damage|p1a: Blue Good Boy|26\/100|[from] item: Life Orb\n|\n|upkeep\n|inactive|Azer54 has 90 seconds left.\n|\n|t:|1699957933\n|switch|p2a: Scovillain|Scovillain, M, shiny|100\/100\n|turn|7\n|\n|t:|1699957946\n|move|p1a: Blue Good Boy|Extreme Speed|p2a: Scovillain\n|-damage|p2a: Scovillain|51\/100\n|-damage|p1a: Blue Good Boy|17\/100|[from] item: Life Orb\n|move|p2a: Scovillain|Flamethrower|p1a: Blue Good Boy\n|-supereffective|p1a: Blue Good Boy\n|-damage|p1a: Blue Good Boy|0 fnt\n|faint|p1a: Blue Good Boy\n|\n|-heal|p2a: Scovillain|57\/100|[from] item: Leftovers\n|upkeep\n|\n|t:|1699957958\n|switch|p1a: Red Good Boy|Arcanine-Hisui, M|100\/100\n|turn|8\n|inactive|Azer54 has 90 seconds left.\n|\n|t:|1699957999\n|move|p1a: Red Good Boy|Flare Blitz|p2a: Scovillain\n|-damage|p2a: Scovillain|0 fnt\n|faint|p2a: Scovillain\n|\n|upkeep\n|\n|t:|1699958006\n|switch|p2a: Dondozo|Dondozo, F, shiny|100\/100\n|turn|9\n|\n|t:|1699958031\n|switch|p1a: Gray Good Boy|Houndstone, M|100\/100\n|-damage|p1a: Gray Good Boy|88\/100|[from] Stealth Rock\n|-damage|p1a: Gray Good Boy|71\/100|[from] Spikes\n|-status|p1a: Gray Good Boy|psn\n|move|p2a: Dondozo|Curse|p2a: Dondozo\n|-unboost|p2a: Dondozo|spe|1\n|-boost|p2a: Dondozo|atk|1\n|-boost|p2a: Dondozo|def|1\n|\n|-heal|p1a: Gray Good Boy|78\/100 psn|[from] item: Leftovers\n|-damage|p1a: Gray Good Boy|65\/100 psn|[from] psn\n|upkeep\n|turn|10\n|inactive|Azer54 has 90 seconds left.\n|\n|t:|1699958051\n|move|p1a: Gray Good Boy|Will-O-Wisp|p2a: Dondozo\n|-status|p2a: Dondozo|brn\n|move|p2a: Dondozo|Liquidation|p1a: Gray Good Boy\n|-damage|p1a: Gray Good Boy|57\/100 psn\n|-unboost|p1a: Gray Good Boy|def|1\n|\n|-heal|p1a: Gray Good Boy|63\/100 psn|[from] item: Leftovers\n|-damage|p1a: Gray Good Boy|51\/100 psn|[from] psn\n|-damage|p2a: Dondozo|94\/100 brn|[from] brn\n|upkeep\n|turn|11\n|\n|t:|1699958064\n|move|p1a: Gray Good Boy|Hex|p2a: Dondozo\n|-damage|p2a: Dondozo|79\/100 brn\n|move|p2a: Dondozo|Curse|p2a: Dondozo\n|-unboost|p2a: Dondozo|spe|1\n|-boost|p2a: Dondozo|atk|1\n|-boost|p2a: Dondozo|def|1\n|\n|-heal|p1a: Gray Good Boy|57\/100 psn|[from] item: Leftovers\n|-heal|p2a: Dondozo|86\/100 brn|[from] item: Leftovers\n|-damage|p1a: Gray Good Boy|44\/100 psn|[from] psn\n|-damage|p2a: Dondozo|79\/100 brn|[from] brn\n|upkeep\n|turn|12\n|\n|t:|1699958076\n|move|p1a: Gray Good Boy|Rest|p1a: Gray Good Boy\n|-status|p1a: Gray Good Boy|slp|[from] move: Rest\n|-heal|p1a: Gray Good Boy|100\/100 slp|[silent]\n|move|p2a: Dondozo|Curse|p2a: Dondozo\n|-unboost|p2a: Dondozo|spe|1\n|-boost|p2a: Dondozo|atk|1\n|-boost|p2a: Dondozo|def|1\n|\n|-heal|p2a: Dondozo|86\/100 brn|[from] item: Leftovers\n|-damage|p2a: Dondozo|79\/100 brn|[from] brn\n|upkeep\n|turn|13\n|\n|t:|1699958088\n|cant|p1a: Gray Good Boy|slp\n|move|p2a: Dondozo|Liquidation|p1a: Gray Good Boy\n|-damage|p1a: Gray Good Boy|87\/100 slp\n|-unboost|p1a: Gray Good Boy|def|1\n|\n|-heal|p1a: Gray Good Boy|93\/100 slp|[from] item: Leftovers\n|-heal|p2a: Dondozo|86\/100 brn|[from] item: Leftovers\n|-damage|p2a: Dondozo|79\/100 brn|[from] brn\n|upkeep\n|turn|14\n|\n|t:|1699958097\n|cant|p1a: Gray Good Boy|slp\n|move|p2a: Dondozo|Liquidation|p1a: Gray Good Boy\n|-damage|p1a: Gray Good Boy|81\/100 slp\n|-unboost|p1a: Gray Good Boy|def|1\n|\n|-heal|p1a: Gray Good Boy|87\/100 slp|[from] item: Leftovers\n|-heal|p2a: Dondozo|86\/100 brn|[from] item: Leftovers\n|-damage|p2a: Dondozo|79\/100 brn|[from] brn\n|upkeep\n|turn|15\n|\n|t:|1699958108\n|-curestatus|p1a: Gray Good Boy|slp|[msg]\n|move|p1a: Gray Good Boy|Hex|p2a: Dondozo\n|-damage|p2a: Dondozo|65\/100 brn\n|move|p2a: Dondozo|Rest|p2a: Dondozo\n|-status|p2a: Dondozo|slp|[from] move: Rest\n|-heal|p2a: Dondozo|100\/100 slp|[silent]\n|\n|-heal|p1a: Gray Good Boy|93\/100|[from] item: Leftovers\n|upkeep\n|turn|16\n|\n|t:|1699958118\n|move|p1a: Gray Good Boy|Will-O-Wisp||[still]\n|-fail|p1a: Gray Good Boy\n|cant|p2a: Dondozo|slp\n|move|p2a: Dondozo|Sleep Talk|p2a: Dondozo\n|move|p2a: Dondozo|Liquidation|p1a: Gray Good Boy|[from]move: Sleep Talk\n|-damage|p1a: Gray Good Boy|67\/100\n|-unboost|p1a: Gray Good Boy|def|1\n|\n|-heal|p1a: Gray Good Boy|73\/100|[from] item: Leftovers\n|upkeep\n|turn|17\n|c|\u2606Azer54|lol\n|c|\u2606Azer54|oh\n|c|\u2606Azer54|nice sleep talk luck\n|\n|t:|1699958131\n|move|p1a: Gray Good Boy|Hex|p2a: Dondozo\n|-damage|p2a: Dondozo|87\/100 slp\n|cant|p2a: Dondozo|slp\n|move|p2a: Dondozo|Sleep Talk|p2a: Dondozo\n|move|p2a: Dondozo|Rest||[from]move: Sleep Talk|[still]\n|-fail|p2a: Dondozo\n|\n|-heal|p1a: Gray Good Boy|80\/100|[from] item: Leftovers\n|-heal|p2a: Dondozo|93\/100 slp|[from] item: Leftovers\n|upkeep\n|turn|18\n|c|\u2606Azer54|ah\n|inactive|Azer54 has 120 seconds left.\n|\n|t:|1699958147\n|move|p1a: Gray Good Boy|Hex|p2a: Dondozo\n|-damage|p2a: Dondozo|78\/100 slp\n|-curestatus|p2a: Dondozo|slp|[msg]\n|move|p2a: Dondozo|Sleep Talk||[still]\n|-fail|p2a: Dondozo\n|\n|-heal|p1a: Gray Good Boy|86\/100|[from] item: Leftovers\n|-heal|p2a: Dondozo|84\/100|[from] item: Leftovers\n|upkeep\n|turn|19\n|\n|t:|1699958156\n|move|p1a: Gray Good Boy|Will-O-Wisp|p2a: Dondozo\n|-status|p2a: Dondozo|brn\n|move|p2a: Dondozo|Liquidation|p1a: Gray Good Boy\n|-damage|p1a: Gray Good Boy|73\/100\n|\n|-heal|p1a: Gray Good Boy|79\/100|[from] item: Leftovers\n|-heal|p2a: Dondozo|90\/100 brn|[from] item: Leftovers\n|-damage|p2a: Dondozo|84\/100 brn|[from] brn\n|upkeep\n|turn|20\n|\n|t:|1699958165\n|switch|p2a: Vikavolt|Vikavolt, F, shiny|100\/100\n|move|p1a: Gray Good Boy|Hex|p2a: Vikavolt\n|-damage|p2a: Vikavolt|86\/100\n|\n|-heal|p1a: Gray Good Boy|85\/100|[from] item: Leftovers\n|upkeep\n|turn|21\n|inactive|Azer54 has 120 seconds left.\n|\n|t:|1699958204\n|move|p2a: Vikavolt|Sticky Web|p1a: Gray Good Boy\n|-sidestart|p1: Dodec|move: Sticky Web\n|move|p1a: Gray Good Boy|Will-O-Wisp|p2a: Vikavolt\n|-status|p2a: Vikavolt|brn\n|\n|-heal|p1a: Gray Good Boy|91\/100|[from] item: Leftovers\n|-damage|p2a: Vikavolt|79\/100 brn|[from] brn\n|upkeep\n|turn|22\n|\n|t:|1699958214\n|switch|p1a: Red Good Boy|Arcanine-Hisui, M|100\/100\n|move|p2a: Vikavolt|Volt Switch|p1a: Red Good Boy\n|-damage|p1a: Red Good Boy|45\/100\n|\n|t:|1699958220\n|switch|p2a: Dondozo|Dondozo, F, shiny|84\/100 brn|[from] Volt Switch\n|\n|-heal|p2a: Dondozo|90\/100 brn|[from] item: Leftovers\n|-damage|p2a: Dondozo|84\/100 brn|[from] brn\n|upkeep\n|turn|23\n|\n|t:|1699958238\n|move|p1a: Red Good Boy|Stealth Rock|p2a: Dondozo\n|-sidestart|p2: Azer54|move: Stealth Rock\n|move|p2a: Dondozo|Liquidation|p1a: Red Good Boy\n|-supereffective|p1a: Red Good Boy\n|-damage|p1a: Red Good Boy|0 fnt\n|faint|p1a: Red Good Boy\n|\n|-heal|p2a: Dondozo|90\/100 brn|[from] item: Leftovers\n|-damage|p2a: Dondozo|84\/100 brn|[from] brn\n|upkeep\n|\n|t:|1699958256\n|switch|p1a: Brown Good Boy|Lycanroc-Dusk, M|100\/100\n|-damage|p1a: Brown Good Boy|88\/100|[from] Stealth Rock\n|-damage|p1a: Brown Good Boy|72\/100|[from] Spikes\n|-status|p1a: Brown Good Boy|psn\n|-activate|p1a: Brown Good Boy|move: Sticky Web\n|-unboost|p1a: Brown Good Boy|spe|1\n|turn|24\n|\n|t:|1699958264\n|switch|p2a: Vikavolt|Vikavolt, F, shiny|79\/100 brn\n|move|p1a: Brown Good Boy|Grass Knot|p2a: Vikavolt\n|-resisted|p2a: Vikavolt\n|-damage|p2a: Vikavolt|58\/100 brn\n|\n|-damage|p1a: Brown Good Boy|59\/100 psn|[from] psn\n|-damage|p2a: Vikavolt|52\/100 brn|[from] brn\n|upkeep\n|turn|25\n|\n|t:|1699958275\n|move|p1a: Brown Good Boy|Grass Knot|p2a: Vikavolt\n|-resisted|p2a: Vikavolt\n|-damage|p2a: Vikavolt|30\/100 brn\n|move|p2a: Vikavolt|Energy Ball|p1a: Brown Good Boy\n|-damage|p1a: Brown Good Boy|0 fnt\n|replace|p1a: Fake Good Boy|Zoroark-Hisui, M, shiny\n|-end|p1a: Fake Good Boy|Illusion\n|faint|p1a: Fake Good Boy\n|\n|-damage|p2a: Vikavolt|23\/100 brn|[from] brn\n|upkeep\n|inactive|Dodec has 120 seconds left.\n|\n|t:|1699958291\n|switch|p1a: Gray Good Boy|Houndstone, M|91\/100\n|-damage|p1a: Gray Good Boy|78\/100|[from] Stealth Rock\n|-damage|p1a: Gray Good Boy|62\/100|[from] Spikes\n|-status|p1a: Gray Good Boy|psn\n|-activate|p1a: Gray Good Boy|move: Sticky Web\n|-unboost|p1a: Gray Good Boy|spe|1\n|turn|26\n|inactive|Dodec has 120 seconds left.\n|\n|t:|1699958302\n|move|p2a: Vikavolt|Volt Switch|p1a: Gray Good Boy\n|-damage|p1a: Gray Good Boy|21\/100 psn\n|\n|t:|1699958308\n|switch|p2a: Staraptor|Staraptor, F, shiny|100\/100|[from] Volt Switch\n|move|p1a: Gray Good Boy|Body Press|p2a: Staraptor\n|-crit|p2a: Staraptor\n|-damage|p2a: Staraptor|47\/100\n|\n|-heal|p1a: Gray Good Boy|27\/100 psn|[from] item: Leftovers\n|-damage|p1a: Gray Good Boy|15\/100 psn|[from] psn\n|upkeep\n|turn|27\n|\n|t:|1699958318\n|move|p2a: Staraptor|Brave Bird|p1a: Gray Good Boy\n|-damage|p1a: Gray Good Boy|0 fnt\n|faint|p1a: Gray Good Boy\n|-damage|p2a: Staraptor|42\/100|[from] Recoil\n|\n|upkeep\n|\n|t:|1699958325\n|switch|p1a: Brown Good Boy|Lycanroc-Dusk, M|100\/100\n|-damage|p1a: Brown Good Boy|88\/100|[from] Stealth Rock\n|-damage|p1a: Brown Good Boy|72\/100|[from] Spikes\n|-status|p1a: Brown Good Boy|psn\n|-activate|p1a: Brown Good Boy|move: Sticky Web\n|-unboost|p1a: Brown Good Boy|spe|1\n|turn|28\n|inactive|Dodec has 120 seconds left.\n|\n|t:|1699958343\n|switch|p2a: Dondozo|Dondozo, F, shiny|84\/100 brn\n|-damage|p2a: Dondozo|72\/100 brn|[from] Stealth Rock\n|move|p1a: Brown Good Boy|Stone Edge|p2a: Dondozo\n|-crit|p2a: Dondozo\n|-damage|p2a: Dondozo|10\/100 brn\n|\n|-heal|p2a: Dondozo|17\/100 brn|[from] item: Leftovers\n|-damage|p1a: Brown Good Boy|59\/100 psn|[from] psn\n|-damage|p2a: Dondozo|10\/100 brn|[from] brn\n|upkeep\n|turn|29\n|inactive|Dodec has 120 seconds left.\n|\n|t:|1699958353\n|move|p1a: Brown Good Boy|Stone Edge|p2a: Dondozo\n|-crit|p2a: Dondozo\n|-damage|p2a: Dondozo|0 fnt\n|faint|p2a: Dondozo\n|\n|-damage|p1a: Brown Good Boy|47\/100 psn|[from] psn\n|upkeep\n|\n|t:|1699958356\n|switch|p2a: Vikavolt|Vikavolt, F, shiny|23\/100 brn\n|turn|30\n|\n|t:|1699958374\n|move|p1a: Brown Good Boy|Stone Edge|p2a: Vikavolt\n|-supereffective|p2a: Vikavolt\n|-damage|p2a: Vikavolt|0 fnt\n|faint|p2a: Vikavolt\n|\n|-damage|p1a: Brown Good Boy|35\/100 psn|[from] psn\n|upkeep\n|\n|t:|1699958378\n|switch|p2a: Staraptor|Staraptor, F, shiny|42\/100\n|turn|31\n|\n|t:|1699958382\n|-terastallize|p2a: Staraptor|Normal\n|move|p2a: Staraptor|Double-Edge|p1a: Brown Good Boy\n|-resisted|p1a: Brown Good Boy\n|-damage|p1a: Brown Good Boy|0 fnt\n|faint|p1a: Brown Good Boy\n|-damage|p2a: Staraptor|32\/100|[from] Recoil\n|\n|upkeep\n|\n|t:|1699958389\n|switch|p1a: Black Good Boy|Houndoom, M, tera:Grass|44\/100\n|-ability|p1a: Black Good Boy|Unnerve\n|-damage|p1a: Black Good Boy|32\/100|[from] Stealth Rock\n|-damage|p1a: Black Good Boy|16\/100|[from] Spikes\n|-status|p1a: Black Good Boy|psn\n|-activate|p1a: Black Good Boy|move: Sticky Web\n|-unboost|p1a: Black Good Boy|spe|1\n|turn|32\n|\n|t:|1699958402\n|move|p2a: Staraptor|Brave Bird|p1a: Black Good Boy\n|-supereffective|p1a: Black Good Boy\n|-damage|p1a: Black Good Boy|0 fnt\n|faint|p1a: Black Good Boy\n|-damage|p2a: Staraptor|27\/100|[from] Recoil\n|\n|win|Azer54\n|raw|Dodec's rating: 1129 &rarr; <strong>1101<\/strong><br \/>(-28 for losing)\n|raw|Azer54's rating: 1089 &rarr; <strong>1119<\/strong><br \/>(+30 for winning)\n|c|\u2606Azer54|GG\n|c|\u2606Dodec|gg\n","uploadtime":1699958416,"views":12,"p1id":"dodec","p2id":"azer54","formatid":"gen9ou","rating":1101,"private":0,"password":""}