{"id":"gen9ou-1988391191","p1":"SocialCreditLover","p2":"Yo Azz Is GOOBED","format":"[Gen 9] OU","log":"|j|\u2606SocialCreditLover\n|j|\u2606Yo Azz Is GOOBED\n|t:|1699717666\n|gametype|singles\n|player|p1|SocialCreditLover|li|1657\n|player|p2|Yo Azz Is GOOBED|1|1594\n|teamsize|p1|6\n|teamsize|p2|6\n|gen|9\n|tier|[Gen 9] OU\n|rated|\n|rule|Sleep Clause Mod: Limit one foe put to sleep\n|rule|Species Clause: Limit one of each Pok\u00e9mon\n|rule|OHKO Clause: OHKO moves are banned\n|rule|Evasion Items Clause: Evasion items are banned\n|rule|Evasion Moves Clause: Evasion moves are banned\n|rule|Endless Battle Clause: Forcing endless battles is banned\n|rule|HP Percentage Mod: HP is shown in percentages\n|clearpoke\n|poke|p1|Kingambit, M|\n|poke|p1|Glimmora, F|\n|poke|p1|Zamazenta-*|\n|poke|p1|Iron Valiant|\n|poke|p1|Iron Moth|\n|poke|p1|Ogerpon-Wellspring, F|\n|poke|p2|Skeledirge, M|\n|poke|p2|Mandibuzz, F|\n|poke|p2|Weezing-Galar, M|\n|poke|p2|Milotic, M|\n|poke|p2|Gliscor, F|\n|poke|p2|Gholdengo|\n|teampreview\n|c|\u2606Yo Azz Is GOOBED|Damn\n|c|\u2606Yo Azz Is GOOBED|u guys rly be copy pasting teams\n|c|\u2606Yo Azz Is GOOBED|lol\n|inactive|Battle timer is ON: inactive players will automatically lose when time's up. (requested by Yo Azz Is GOOBED)\n|\n|t:|1699717706\n|start\n|switch|p1a: Ogerpon|Ogerpon-Wellspring, F|100\/100\n|switch|p2a: Milotic|Milotic, M|100\/100\n|turn|1\n|\n|t:|1699717716\n|switch|p2a: Mandibuzz|Mandibuzz, F|100\/100\n|move|p1a: Ogerpon|Knock Off|p2a: Mandibuzz\n|-resisted|p2a: Mandibuzz\n|-damage|p2a: Mandibuzz|89\/100\n|-enditem|p2a: Mandibuzz|Heavy-Duty Boots|[from] move: Knock Off|[of] p1a: Ogerpon\n|\n|upkeep\n|turn|2\n|\n|t:|1699717736\n|switch|p1a: Glimmora|Glimmora, F|100\/100\n|switch|p2a: Milotic|Milotic, M|100\/100\n|\n|upkeep\n|turn|3\n|\n|t:|1699717743\n|move|p1a: Glimmora|Mortal Spin|p2a: Milotic\n|-damage|p2a: Milotic|93\/100\n|-status|p2a: Milotic|psn\n|move|p2a: Milotic|Scald|p1a: Glimmora\n|-supereffective|p1a: Glimmora\n|-damage|p1a: Glimmora|22\/100\n|\n|-damage|p2a: Milotic|81\/100 psn|[from] psn\n|upkeep\n|turn|4\n|\n|t:|1699717750\n|move|p1a: Glimmora|Stealth Rock|p2a: Milotic\n|-sidestart|p2: Yo Azz Is GOOBED|move: Stealth Rock\n|move|p2a: Milotic|Scald|p1a: Glimmora\n|-supereffective|p1a: Glimmora\n|-damage|p1a: Glimmora|0 fnt\n|faint|p1a: Glimmora\n|\n|-damage|p2a: Milotic|68\/100 psn|[from] psn\n|upkeep\n|\n|t:|1699717754\n|switch|p1a: Ogerpon|Ogerpon-Wellspring, F|100\/100\n|turn|5\n|\n|t:|1699717767\n|switch|p2a: Skeledirge|Skeledirge, M|100\/100\n|move|p1a: Ogerpon|Swords Dance|p1a: Ogerpon\n|-boost|p1a: Ogerpon|atk|2\n|\n|upkeep\n|turn|6\n|\n|t:|1699717777\n|-terastallize|p2a: Skeledirge|Dragon\n|move|p1a: Ogerpon|Knock Off|p2a: Skeledirge\n|-damage|p2a: Skeledirge|69\/100\n|-enditem|p2a: Skeledirge|Heavy-Duty Boots|[from] move: Knock Off|[of] p1a: Ogerpon\n|move|p2a: Skeledirge|Will-O-Wisp|p1a: Ogerpon\n|-status|p1a: Ogerpon|brn\n|\n|-damage|p1a: Ogerpon|95\/100 brn|[from] brn\n|upkeep\n|turn|7\n|\n|t:|1699717788\n|switch|p1a: Iron Moth|Iron Moth|100\/100\n|-enditem|p1a: Iron Moth|Booster Energy\n|-activate|p1a: Iron Moth|ability: Quark Drive|[fromitem]\n|-start|p1a: Iron Moth|quarkdrivespe\n|move|p2a: Skeledirge|Slack Off|p2a: Skeledirge\n|-heal|p2a: Skeledirge|100\/100\n|\n|upkeep\n|turn|8\n|c|\u2606Yo Azz Is GOOBED|Lemme guess\n|c|\u2606Yo Azz Is GOOBED|fairy iron morh\n|c|\u2606Yo Azz Is GOOBED|moth\n|c|\u2606Yo Azz Is GOOBED|lol\n|\n|t:|1699717806\n|switch|p2a: Milotic|Milotic, M|68\/100 psn\n|move|p1a: Iron Moth|Dazzling Gleam|p2a: Milotic\n|-damage|p2a: Milotic|52\/100 psn\n|\n|-damage|p2a: Milotic|39\/100 psn|[from] psn\n|upkeep\n|turn|9\n|c|\u2606Yo Azz Is GOOBED|Come on bruh\n|c|\u2606Yo Azz Is GOOBED|change ur sets\n|c|\u2606Yo Azz Is GOOBED|lmao\n|c|\u2606Yo Azz Is GOOBED|i know ur whole team sets\n|\n|t:|1699717830\n|-end|p1a: Iron Moth|Quark Drive|[silent]\n|switch|p1a: Ogerpon|Ogerpon-Wellspring, F|95\/100 brn\n|move|p2a: Milotic|Recover|p2a: Milotic\n|-heal|p2a: Milotic|90\/100 psn\n|\n|-damage|p2a: Milotic|77\/100 psn|[from] psn\n|-damage|p1a: Ogerpon|89\/100 brn|[from] brn\n|upkeep\n|turn|10\n|\n|t:|1699717840\n|switch|p1a: Iron Moth|Iron Moth|100\/100\n|switch|p2a: Weezing|Weezing-Galar, M|100\/100\n|-ability|p2a: Weezing|Neutralizing Gas\n|-damage|p2a: Weezing|88\/100|[from] Stealth Rock\n|\n|-heal|p2a: Weezing|94\/100|[from] item: Leftovers\n|upkeep\n|turn|11\n|\n|t:|1699717844\n|-end|p2a: Weezing|ability: Neutralizing Gas\n|switch|p2a: Milotic|Milotic, M|77\/100 psn\n|move|p1a: Iron Moth|Sludge Wave|p2a: Milotic\n|-damage|p2a: Milotic|49\/100 psn\n|\n|-damage|p2a: Milotic|37\/100 psn|[from] psn\n|upkeep\n|turn|12\n|\n|t:|1699717860\n|-end|p1a: Iron Moth|Quark Drive|[silent]\n|switch|p1a: Ogerpon|Ogerpon-Wellspring, F|89\/100 brn\n|move|p2a: Milotic|Recover|p2a: Milotic\n|-heal|p2a: Milotic|87\/100 psn\n|\n|-damage|p2a: Milotic|75\/100 psn|[from] psn\n|-damage|p1a: Ogerpon|83\/100 brn|[from] brn\n|upkeep\n|turn|13\n|\n|t:|1699717864\n|switch|p2a: Weezing|Weezing-Galar, M|94\/100\n|-ability|p2a: Weezing|Neutralizing Gas\n|-damage|p2a: Weezing|82\/100|[from] Stealth Rock\n|move|p1a: Ogerpon|Knock Off|p2a: Weezing\n|-resisted|p2a: Weezing\n|-damage|p2a: Weezing|76\/100\n|-enditem|p2a: Weezing|Leftovers|[from] move: Knock Off|[of] p1a: Ogerpon\n|\n|-damage|p1a: Ogerpon|77\/100 brn|[from] brn\n|upkeep\n|turn|14\n|\n|t:|1699717874\n|switch|p1a: Iron Moth|Iron Moth|100\/100\n|move|p2a: Weezing|Defog|p1a: Iron Moth\n|-unboost|p1a: Iron Moth|evasion|1\n|-sideend|p2: Yo Azz Is GOOBED|Stealth Rock|[from] move: Defog|[of] p2a: Weezing\n|\n|upkeep\n|turn|15\n|\n|t:|1699717885\n|-end|p1a: Iron Moth|Quark Drive|[silent]\n|switch|p1a: Ogerpon|Ogerpon-Wellspring, F|77\/100 brn\n|-end|p2a: Weezing|ability: Neutralizing Gas\n|switch|p2a: Milotic|Milotic, M|75\/100 psn\n|\n|-damage|p2a: Milotic|62\/100 psn|[from] psn\n|-damage|p1a: Ogerpon|71\/100 brn|[from] brn\n|upkeep\n|turn|16\n|\n|t:|1699717891\n|switch|p1a: Iron Moth|Iron Moth|100\/100\n|move|p2a: Milotic|Recover|p2a: Milotic\n|-heal|p2a: Milotic|100\/100 psn\n|\n|-damage|p2a: Milotic|88\/100 psn|[from] psn\n|upkeep\n|turn|17\n|\n|t:|1699717898\n|-end|p1a: Iron Moth|Quark Drive|[silent]\n|switch|p1a: Ogerpon|Ogerpon-Wellspring, F|71\/100 brn\n|move|p2a: Milotic|Dragon Tail|p1a: Ogerpon\n|-damage|p1a: Ogerpon|60\/100 brn\n|drag|p1a: Iron Moth|Iron Moth|100\/100\n|\n|-damage|p2a: Milotic|76\/100 psn|[from] psn\n|upkeep\n|turn|18\n|\n|t:|1699717910\n|-end|p1a: Iron Moth|Quark Drive|[silent]\n|switch|p1a: Ogerpon|Ogerpon-Wellspring, F|60\/100 brn\n|move|p2a: Milotic|Recover|p2a: Milotic\n|-heal|p2a: Milotic|100\/100 psn\n|\n|-damage|p2a: Milotic|88\/100 psn|[from] psn\n|-damage|p1a: Ogerpon|54\/100 brn|[from] brn\n|upkeep\n|turn|19\n|\n|t:|1699717916\n|switch|p2a: Weezing|Weezing-Galar, M|76\/100\n|-ability|p2a: Weezing|Neutralizing Gas\n|move|p1a: Ogerpon|Knock Off|p2a: Weezing\n|-resisted|p2a: Weezing\n|-damage|p2a: Weezing|72\/100\n|\n|-damage|p1a: Ogerpon|48\/100 brn|[from] brn\n|upkeep\n|turn|20\n|\n|t:|1699717925\n|move|p1a: Ogerpon|Ivy Cudgel|p2a: Weezing\n|-damage|p2a: Weezing|53\/100\n|move|p2a: Weezing|Toxic Spikes|p1a: Ogerpon\n|-sidestart|p1: SocialCreditLover|move: Toxic Spikes\n|\n|-damage|p1a: Ogerpon|42\/100 brn|[from] brn\n|upkeep\n|turn|21\n|\n|t:|1699717932\n|move|p1a: Ogerpon|Knock Off|p2a: Weezing\n|-resisted|p2a: Weezing\n|-damage|p2a: Weezing|49\/100\n|move|p2a: Weezing|Sludge Bomb|p1a: Ogerpon\n|-supereffective|p1a: Ogerpon\n|-damage|p1a: Ogerpon|0 fnt\n|faint|p1a: Ogerpon\n|\n|upkeep\n|\n|t:|1699717935\n|switch|p1a: Iron Moth|Iron Moth|100\/100\n|-sideend|p1: SocialCreditLover|move: Toxic Spikes|[of] p1a: Iron Moth\n|turn|22\n|\n|t:|1699717944\n|-end|p2a: Weezing|ability: Neutralizing Gas\n|switch|p2a: Milotic|Milotic, M|88\/100 psn\n|move|p1a: Iron Moth|Sludge Wave|p2a: Milotic\n|-damage|p2a: Milotic|60\/100 psn\n|\n|-damage|p2a: Milotic|47\/100 psn|[from] psn\n|upkeep\n|turn|23\n|\n|t:|1699717957\n|-end|p1a: Iron Moth|Quark Drive|[silent]\n|switch|p1a: Iron Valiant|Iron Valiant|100\/100\n|-enditem|p1a: Iron Valiant|Booster Energy\n|-activate|p1a: Iron Valiant|ability: Quark Drive|[fromitem]\n|-start|p1a: Iron Valiant|quarkdrivespe\n|move|p2a: Milotic|Recover|p2a: Milotic\n|-heal|p2a: Milotic|97\/100 psn\n|\n|-damage|p2a: Milotic|85\/100 psn|[from] psn\n|upkeep\n|turn|24\n|c|\u2606Yo Azz Is GOOBED|Lemme guess\n|c|\u2606Yo Azz Is GOOBED|calm mind psyshock moon blast knock off\n|c|\u2606Yo Azz Is GOOBED|LOL\n|c|\u2606Yo Azz Is GOOBED|cmon bruh\n|inactive|Yo Azz Is GOOBED has 120 seconds left.\n|\n|t:|1699717989\n|switch|p2a: Gliscor|Gliscor, F|100\/100\n|move|p1a: Iron Valiant|Moonblast|p2a: Gliscor\n|-damage|p2a: Gliscor|64\/100\n|-unboost|p2a: Gliscor|spa|1\n|\n|-status|p2a: Gliscor|tox|[from] item: Toxic Orb\n|upkeep\n|turn|25\n|\n|t:|1699717998\n|move|p1a: Iron Valiant|Moonblast|p2a: Gliscor\n|-damage|p2a: Gliscor|23\/100 tox\n|move|p2a: Gliscor|Stealth Rock|p1a: Iron Valiant\n|-sidestart|p1: SocialCreditLover|move: Stealth Rock\n|\n|-heal|p2a: Gliscor|35\/100 tox|[from] ability: Poison Heal\n|upkeep\n|turn|26\n|\n|t:|1699718004\n|move|p2a: Gliscor|Protect|p2a: Gliscor\n|-singleturn|p2a: Gliscor|Protect\n|move|p1a: Iron Valiant|Moonblast|p2a: Gliscor\n|-activate|p2a: Gliscor|move: Protect\n|\n|-heal|p2a: Gliscor|48\/100 tox|[from] ability: Poison Heal\n|upkeep\n|turn|27\n|\n|t:|1699718009\n|move|p1a: Iron Valiant|Moonblast|p2a: Gliscor\n|-damage|p2a: Gliscor|8\/100 tox\n|move|p2a: Gliscor|U-turn|p1a: Iron Valiant\n|-resisted|p1a: Iron Valiant\n|-damage|p1a: Iron Valiant|95\/100\n|\n|t:|1699718020\n|switch|p2a: Weezing|Weezing-Galar, M|49\/100|[from] U-turn\n|-ability|p2a: Weezing|Neutralizing Gas\n|\n|upkeep\n|turn|28\n|\n|t:|1699718039\n|-end|p1a: Iron Valiant|Quark Drive|[silent]\n|switch|p1a: Iron Moth|Iron Moth|100\/100\n|-damage|p1a: Iron Moth|76\/100|[from] Stealth Rock\n|move|p2a: Weezing|Sludge Bomb|p1a: Iron Moth\n|-resisted|p1a: Iron Moth\n|-damage|p1a: Iron Moth|62\/100\n|\n|upkeep\n|turn|29\n|\n|t:|1699718048\n|-end|p2a: Weezing|ability: Neutralizing Gas\n|switch|p2a: Gliscor|Gliscor, F|8\/100 tox\n|move|p1a: Iron Moth|Sludge Wave|p2a: Gliscor\n|-resisted|p2a: Gliscor\n|-damage|p2a: Gliscor|0 fnt\n|faint|p2a: Gliscor\n|\n|upkeep\n|\n|t:|1699718055\n|switch|p2a: Milotic|Milotic, M|85\/100 psn\n|turn|30\n|\n|t:|1699718071\n|move|p1a: Iron Moth|Sludge Wave|p2a: Milotic\n|-damage|p2a: Milotic|58\/100 psn\n|move|p2a: Milotic|Scald|p1a: Iron Moth\n|-supereffective|p1a: Iron Moth\n|-damage|p1a: Iron Moth|0 fnt\n|faint|p1a: Iron Moth\n|-end|p1a: Iron Moth|Quark Drive|[silent]\n|\n|-damage|p2a: Milotic|46\/100 psn|[from] psn\n|upkeep\n|\n|t:|1699718073\n|switch|p1a: Iron Valiant|Iron Valiant|95\/100\n|-damage|p1a: Iron Valiant|89\/100|[from] Stealth Rock\n|turn|31\n|\n|t:|1699718087\n|move|p1a: Iron Valiant|Close Combat|p2a: Milotic\n|-damage|p2a: Milotic|5\/100 psn\n|-unboost|p1a: Iron Valiant|def|1\n|-unboost|p1a: Iron Valiant|spd|1\n|move|p2a: Milotic|Scald|p1a: Iron Valiant\n|-damage|p1a: Iron Valiant|14\/100\n|\n|-damage|p2a: Milotic|0 fnt|[from] psn\n|faint|p2a: Milotic\n|upkeep\n|\n|t:|1699718100\n|switch|p2a: Gholdengo|Gholdengo|100\/100\n|turn|32\n|\n|t:|1699718105\n|move|p2a: Gholdengo|Shadow Ball|p1a: Iron Valiant\n|-damage|p1a: Iron Valiant|0 fnt\n|faint|p1a: Iron Valiant\n|-end|p1a: Iron Valiant|Quark Drive|[silent]\n|\n|upkeep\n|\n|t:|1699718112\n|switch|p1a: Kingambit|Kingambit, M|100\/100\n|-damage|p1a: Kingambit|94\/100|[from] Stealth Rock\n|-activate|p1a: Kingambit|ability: Supreme Overlord\n|-start|p1a: Kingambit|fallen4|[silent]\n|turn|33\n|\n|t:|1699718120\n|switch|p2a: Weezing|Weezing-Galar, M|49\/100\n|-ability|p2a: Weezing|Neutralizing Gas\n|move|p1a: Kingambit|Kowtow Cleave|p2a: Weezing\n|-resisted|p2a: Weezing\n|-damage|p2a: Weezing|30\/100\n|\n|upkeep\n|turn|34\n|\n|t:|1699718127\n|move|p1a: Kingambit|Iron Head|p2a: Weezing\n|-supereffective|p2a: Weezing\n|-damage|p2a: Weezing|0 fnt\n|faint|p2a: Weezing\n|-end|p2a: Weezing|ability: Neutralizing Gas\n|-activate|p1a: Kingambit|ability: Supreme Overlord\n|-start|p1a: Kingambit|fallen4|[silent]\n|\n|upkeep\n|\n|t:|1699718139\n|switch|p2a: Skeledirge|Skeledirge, M, tera:Dragon|100\/100\n|turn|35\n|\n|t:|1699718145\n|move|p2a: Skeledirge|Will-O-Wisp|p1a: Kingambit\n|-status|p1a: Kingambit|brn\n|move|p1a: Kingambit|Iron Head|p2a: Skeledirge\n|-damage|p2a: Skeledirge|73\/100\n|\n|-damage|p1a: Kingambit|88\/100 brn|[from] brn\n|upkeep\n|turn|36\n|\n|t:|1699718153\n|-end|p1a: Kingambit|fallen4|[silent]\n|switch|p1a: Zamazenta|Zamazenta, shiny|100\/100\n|-damage|p1a: Zamazenta|94\/100|[from] Stealth Rock\n|-ability|p1a: Zamazenta|Dauntless Shield|boost\n|-boost|p1a: Zamazenta|def|1\n|move|p2a: Skeledirge|Torch Song|p1a: Zamazenta\n|-damage|p1a: Zamazenta|68\/100\n|-boost|p2a: Skeledirge|spa|1\n|\n|-heal|p1a: Zamazenta|74\/100|[from] item: Leftovers\n|upkeep\n|turn|37\n|\n|t:|1699718163\n|-terastallize|p1a: Zamazenta|Fire\n|move|p1a: Zamazenta|Body Press|p2a: Skeledirge\n|-damage|p2a: Skeledirge|43\/100\n|move|p2a: Skeledirge|Will-O-Wisp|p1a: Zamazenta\n|-immune|p1a: Zamazenta\n|\n|-heal|p1a: Zamazenta|80\/100|[from] item: Leftovers\n|upkeep\n|turn|38\n|\n|t:|1699718169\n|move|p1a: Zamazenta|Body Press|p2a: Skeledirge\n|-damage|p2a: Skeledirge|15\/100\n|move|p2a: Skeledirge|Slack Off|p2a: Skeledirge\n|-heal|p2a: Skeledirge|65\/100\n|\n|-heal|p1a: Zamazenta|87\/100|[from] item: Leftovers\n|upkeep\n|turn|39\n|\n|t:|1699718173\n|move|p1a: Zamazenta|Body Press|p2a: Skeledirge\n|-damage|p2a: Skeledirge|38\/100\n|move|p2a: Skeledirge|Slack Off|p2a: Skeledirge\n|-heal|p2a: Skeledirge|88\/100\n|\n|-heal|p1a: Zamazenta|93\/100|[from] item: Leftovers\n|upkeep\n|turn|40\n|\n|t:|1699718177\n|switch|p2a: Gholdengo|Gholdengo|100\/100\n|move|p1a: Zamazenta|Body Press|p2a: Gholdengo\n|-immune|p2a: Gholdengo\n|\n|-heal|p1a: Zamazenta|99\/100|[from] item: Leftovers\n|upkeep\n|turn|41\n|\n|t:|1699718182\n|move|p2a: Gholdengo|Trick|p1a: Zamazenta\n|-activate|p2a: Gholdengo|move: Trick|[of] p1a: Zamazenta\n|-item|p1a: Zamazenta|Choice Scarf|[from] move: Trick\n|-item|p2a: Gholdengo|Leftovers|[from] move: Trick\n|move|p1a: Zamazenta|Crunch|p2a: Gholdengo\n|-supereffective|p2a: Gholdengo\n|-damage|p2a: Gholdengo|40\/100\n|\n|-heal|p2a: Gholdengo|46\/100|[from] item: Leftovers\n|upkeep\n|turn|42\n|\n|t:|1699718189\n|switch|p2a: Mandibuzz|Mandibuzz, F|89\/100\n|move|p1a: Zamazenta|Crunch|p2a: Mandibuzz\n|-resisted|p2a: Mandibuzz\n|-damage|p2a: Mandibuzz|82\/100\n|-unboost|p2a: Mandibuzz|def|1\n|\n|upkeep\n|turn|43\n|\n|t:|1699718195\n|switch|p1a: Kingambit|Kingambit, M|88\/100 brn\n|-damage|p1a: Kingambit|82\/100 brn|[from] Stealth Rock\n|-activate|p1a: Kingambit|ability: Supreme Overlord\n|-start|p1a: Kingambit|fallen4|[silent]\n|move|p2a: Mandibuzz|Iron Defense|p2a: Mandibuzz\n|-boost|p2a: Mandibuzz|def|2\n|\n|-damage|p1a: Kingambit|76\/100 brn|[from] brn\n|upkeep\n|turn|44\n|\n|t:|1699718200\n|move|p2a: Mandibuzz|Iron Defense|p2a: Mandibuzz\n|-boost|p2a: Mandibuzz|def|2\n|move|p1a: Kingambit|Swords Dance|p1a: Kingambit\n|-boost|p1a: Kingambit|atk|2\n|\n|-damage|p1a: Kingambit|70\/100 brn|[from] brn\n|upkeep\n|turn|45\n|\n|t:|1699718204\n|move|p2a: Mandibuzz|Iron Defense|p2a: Mandibuzz\n|-boost|p2a: Mandibuzz|def|2\n|move|p1a: Kingambit|Iron Head|p2a: Mandibuzz\n|-damage|p2a: Mandibuzz|72\/100\n|\n|-damage|p1a: Kingambit|64\/100 brn|[from] brn\n|upkeep\n|turn|46\n|\n|t:|1699718209\n|move|p2a: Mandibuzz|Iron Defense|p2a: Mandibuzz\n|-boost|p2a: Mandibuzz|def|1\n|move|p1a: Kingambit|Iron Head|p2a: Mandibuzz\n|-damage|p2a: Mandibuzz|63\/100\n|\n|-damage|p1a: Kingambit|57\/100 brn|[from] brn\n|upkeep\n|turn|47\n|\n|t:|1699718222\n|move|p2a: Mandibuzz|Roost|p2a: Mandibuzz\n|-heal|p2a: Mandibuzz|100\/100\n|-singleturn|p2a: Mandibuzz|move: Roost\n|move|p1a: Kingambit|Iron Head|p2a: Mandibuzz\n|-damage|p2a: Mandibuzz|91\/100\n|\n|-damage|p1a: Kingambit|51\/100 brn|[from] brn\n|upkeep\n|turn|48\n|\n|t:|1699718229\n|move|p2a: Mandibuzz|Foul Play|p1a: Kingambit\n|-resisted|p1a: Kingambit\n|-damage|p1a: Kingambit|0 fnt\n|faint|p1a: Kingambit\n|-end|p1a: Kingambit|fallen4|[silent]\n|\n|upkeep\n|\n|t:|1699718230\n|switch|p1a: Zamazenta|Zamazenta, shiny, tera:Fire|99\/100\n|-damage|p1a: Zamazenta|74\/100|[from] Stealth Rock\n|turn|49\n|\n|t:|1699718237\n|move|p1a: Zamazenta|Body Press|p2a: Mandibuzz\n|-damage|p2a: Mandibuzz|85\/100\n|move|p2a: Mandibuzz|Foul Play|p1a: Zamazenta\n|-damage|p1a: Zamazenta|33\/100\n|\n|upkeep\n|turn|50\n|\n|t:|1699718242\n|move|p1a: Zamazenta|Body Press|p2a: Mandibuzz\n|-damage|p2a: Mandibuzz|80\/100\n|move|p2a: Mandibuzz|Foul Play|p1a: Zamazenta\n|-damage|p1a: Zamazenta|0 fnt\n|faint|p1a: Zamazenta\n|\n|win|Yo Azz Is GOOBED\n|raw|SocialCreditLover's rating: 1637 &rarr; <strong>1615<\/strong><br \/>(-22 for losing)\n|raw|Yo Azz Is GOOBED's rating: 1594 &rarr; <strong>1616<\/strong><br \/>(+22 for winning)\n","uploadtime":1699718252,"views":26,"p1id":"socialcreditlover","p2id":"yoazzisgoobed","formatid":"gen9ou","rating":1615,"private":0,"password":""}