{"id":"gen9ou-1996710304","p1":"PLAYB0I R0BBIE B","p2":"demonight94","format":"[Gen 9] OU","log":"|j|\u2606PLAYB0I R0BBIE B\n|j|\u2606demonight94\n|t:|1700712841\n|gametype|singles\n|player|p1|PLAYB0I R0BBIE B|eusine|1345\n|player|p2|demonight94|benga|1372\n|teamsize|p1|6\n|teamsize|p2|6\n|gen|9\n|tier|[Gen 9] OU\n|rated|\n|rule|Sleep Clause Mod: Limit one foe put to sleep\n|rule|Species Clause: Limit one of each Pok\u00e9mon\n|rule|OHKO Clause: OHKO moves are banned\n|rule|Evasion Items Clause: Evasion items are banned\n|rule|Evasion Moves Clause: Evasion moves are banned\n|rule|Endless Battle Clause: Forcing endless battles is banned\n|rule|HP Percentage Mod: HP is shown in percentages\n|clearpoke\n|poke|p1|Meowscarada, F|\n|poke|p1|Heatran, F|\n|poke|p1|Thundurus-Therian, M|\n|poke|p1|Dragapult, F|\n|poke|p1|Great Tusk|\n|poke|p1|Azumarill, F|\n|poke|p2|Thundurus-Therian, M|\n|poke|p2|Dragonite, M|\n|poke|p2|Clodsire, F|\n|poke|p2|Zamazenta-*|\n|poke|p2|Glimmora, F|\n|poke|p2|Samurott-Hisui, F|\n|teampreview\n|inactive|Battle timer is ON: inactive players will automatically lose when time's up. (requested by demonight94)\n|\n|t:|1700712851\n|start\n|switch|p1a: 5% TINT|Heatran, F|100\/100\n|switch|p2a: Samurott|Samurott-Hisui, F|100\/100\n|-item|p1a: 5% TINT|Air Balloon\n|turn|1\n|\n|t:|1700712858\n|switch|p1a: CAN'T SAY|Azumarill, F|100\/100\n|move|p2a: Samurott|Sacred Sword|p1a: CAN'T SAY\n|-resisted|p1a: CAN'T SAY\n|-damage|p1a: CAN'T SAY|81\/100\n|\n|upkeep\n|turn|2\n|\n|t:|1700712865\n|switch|p2a: Dragonite|Dragonite, M, shiny|100\/100\n|move|p1a: CAN'T SAY|Play Rough|p2a: Dragonite\n|-supereffective|p2a: Dragonite\n|-damage|p2a: Dragonite|44\/100\n|-enditem|p2a: Dragonite|Weakness Policy\n|-boost|p2a: Dragonite|atk|2|[from] item: Weakness Policy\n|-boost|p2a: Dragonite|spa|2|[from] item: Weakness Policy\n|\n|upkeep\n|turn|3\n|\n|t:|1700712873\n|move|p2a: Dragonite|Extreme Speed|p1a: CAN'T SAY\n|-damage|p1a: CAN'T SAY|30\/100\n|move|p1a: CAN'T SAY|Ice Spinner|p2a: Dragonite\n|-supereffective|p2a: Dragonite\n|-damage|p2a: Dragonite|0 fnt\n|faint|p2a: Dragonite\n|\n|upkeep\n|\n|t:|1700712884\n|switch|p2a: Samurott|Samurott-Hisui, F|100\/100\n|turn|4\n|\n|t:|1700712887\n|move|p2a: Samurott|Smart Strike|p1a: CAN'T SAY\n|-damage|p1a: CAN'T SAY|11\/100\n|move|p1a: CAN'T SAY|Play Rough|p2a: Samurott\n|-supereffective|p2a: Samurott\n|-damage|p2a: Samurott|0 fnt\n|faint|p2a: Samurott\n|\n|upkeep\n|\n|t:|1700712895\n|switch|p2a: Glimmora|Glimmora, F|100\/100\n|turn|5\n|\n|t:|1700712901\n|switch|p1a: 5% TINT|Heatran, F|100\/100\n|-item|p1a: 5% TINT|Air Balloon\n|move|p2a: Glimmora|Power Gem|p1a: 5% TINT\n|-damage|p1a: 5% TINT|62\/100\n|-enditem|p1a: 5% TINT|Air Balloon\n|\n|upkeep\n|turn|6\n|\n|t:|1700712909\n|switch|p1a: ASTROTHUNDER|Thundurus-Therian, M|100\/100\n|move|p2a: Glimmora|Power Gem|p1a: ASTROTHUNDER\n|-supereffective|p1a: ASTROTHUNDER\n|-damage|p1a: ASTROTHUNDER|0 fnt\n|faint|p1a: ASTROTHUNDER\n|\n|upkeep\n|\n|t:|1700712921\n|switch|p1a: CAN'T SAY|Azumarill, F|11\/100\n|turn|7\n|\n|t:|1700712925\n|move|p1a: CAN'T SAY|Aqua Jet|p2a: Glimmora\n|-supereffective|p2a: Glimmora\n|-damage|p2a: Glimmora|34\/100\n|-activate|p2a: Glimmora|ability: Toxic Debris\n|-sidestart|p1: PLAYB0I R0BBIE B|move: Toxic Spikes\n|move|p2a: Glimmora|Power Gem|p1a: CAN'T SAY\n|-damage|p1a: CAN'T SAY|0 fnt\n|faint|p1a: CAN'T SAY\n|\n|upkeep\n|\n|t:|1700712930\n|switch|p1a: NO BYSTANDERS|Dragapult, F|100\/100\n|turn|8\n|\n|t:|1700712935\n|move|p2a: Glimmora|Power Gem|p1a: NO BYSTANDERS\n|-damage|p1a: NO BYSTANDERS|46\/100\n|move|p1a: NO BYSTANDERS|Hex|p2a: Glimmora\n|-crit|p2a: Glimmora\n|-damage|p2a: Glimmora|0 fnt\n|faint|p2a: Glimmora\n|\n|upkeep\n|\n|t:|1700712943\n|switch|p2a: Thundurus|Thundurus-Therian, M, shiny|100\/100\n|turn|9\n|\n|t:|1700712952\n|-terastallize|p2a: Thundurus|Ice\n|move|p2a: Thundurus|Tera Blast|p1a: NO BYSTANDERS|[anim] Tera Blast Ice\n|-supereffective|p1a: NO BYSTANDERS\n|-damage|p1a: NO BYSTANDERS|0 fnt\n|faint|p1a: NO BYSTANDERS\n|\n|upkeep\n|\n|t:|1700712958\n|switch|p1a: 5% TINT|Heatran, F|62\/100\n|turn|10\n|\n|t:|1700712961\n|switch|p2a: Clodsire|Clodsire, F|100\/100\n|move|p1a: 5% TINT|Magma Storm|p2a: Clodsire\n|-damage|p2a: Clodsire|64\/100\n|-activate|p2a: Clodsire|move: Magma Storm|[of] p1a: 5% TINT\n|\n|-heal|p2a: Clodsire|70\/100|[from] item: Leftovers\n|-damage|p2a: Clodsire|58\/100|[from] move: Magma Storm|[partiallytrapped]\n|upkeep\n|turn|11\n|\n|t:|1700712970\n|switch|p1a: YOSEMITE|Great Tusk|100\/100\n|move|p2a: Clodsire|Earthquake|p1a: YOSEMITE\n|-damage|p1a: YOSEMITE|78\/100\n|\n|-heal|p2a: Clodsire|64\/100|[from] item: Leftovers\n|-end|p2a: Clodsire|Magma Storm|[partiallytrapped]|[silent]\n|upkeep\n|turn|12\n|\n|t:|1700712976\n|move|p1a: YOSEMITE|Rapid Spin|p2a: Clodsire\n|-damage|p2a: Clodsire|44\/100\n|-boost|p1a: YOSEMITE|spe|1\n|-sideend|p1: PLAYB0I R0BBIE B|Toxic Spikes|[from] move: Rapid Spin|[of] p1a: YOSEMITE\n|move|p2a: Clodsire|Toxic|p1a: YOSEMITE\n|-status|p1a: YOSEMITE|tox\n|\n|-heal|p2a: Clodsire|50\/100|[from] item: Leftovers\n|-damage|p1a: YOSEMITE|71\/100 tox|[from] psn\n|upkeep\n|turn|13\n|\n|t:|1700712985\n|switch|p2a: Thundurus|Thundurus-Therian, M, shiny, tera:Ice|100\/100\n|move|p1a: YOSEMITE|Ice Spinner|p2a: Thundurus\n|-resisted|p2a: Thundurus\n|-damage|p2a: Thundurus|81\/100\n|\n|-damage|p1a: YOSEMITE|59\/100 tox|[from] psn\n|upkeep\n|turn|14\n|\n|t:|1700712996\n|move|p2a: Thundurus|Tera Blast|p1a: YOSEMITE|[anim] Tera Blast Ice\n|-supereffective|p1a: YOSEMITE\n|-damage|p1a: YOSEMITE|0 fnt\n|faint|p1a: YOSEMITE\n|-end|p1a: YOSEMITE|Protosynthesis|[silent]\n|\n|upkeep\n|\n|t:|1700712999\n|switch|p1a: 5% TINT|Heatran, F|62\/100\n|turn|15\n|\n|t:|1700713003\n|switch|p2a: Clodsire|Clodsire, F|50\/100\n|move|p1a: 5% TINT|Earth Power|p2a: Clodsire\n|-supereffective|p2a: Clodsire\n|-damage|p2a: Clodsire|6\/100\n|\n|-heal|p2a: Clodsire|12\/100|[from] item: Leftovers\n|upkeep\n|turn|16\n|\n|t:|1700713009\n|move|p1a: 5% TINT|Earth Power|p2a: Clodsire\n|-supereffective|p2a: Clodsire\n|-damage|p2a: Clodsire|0 fnt\n|faint|p2a: Clodsire\n|\n|upkeep\n|\n|t:|1700713015\n|switch|p2a: Zamazenta|Zamazenta|100\/100\n|-ability|p2a: Zamazenta|Dauntless Shield|boost\n|-boost|p2a: Zamazenta|def|1\n|turn|17\n|\n|t:|1700713024\n|-terastallize|p1a: 5% TINT|Flying\n|move|p2a: Zamazenta|Body Press|p1a: 5% TINT\n|-resisted|p1a: 5% TINT\n|-crit|p1a: 5% TINT\n|-damage|p1a: 5% TINT|28\/100\n|move|p1a: 5% TINT|Magma Storm|p2a: Zamazenta\n|-damage|p2a: Zamazenta|53\/100\n|-activate|p2a: Zamazenta|move: Magma Storm|[of] p1a: 5% TINT\n|\n|-heal|p2a: Zamazenta|59\/100|[from] item: Leftovers\n|-damage|p2a: Zamazenta|47\/100|[from] move: Magma Storm|[partiallytrapped]\n|upkeep\n|turn|18\n|\n|t:|1700713043\n|move|p2a: Zamazenta|Crunch|p1a: 5% TINT\n|-damage|p1a: 5% TINT|4\/100\n|move|p1a: 5% TINT|Magma Storm|p2a: Zamazenta\n|-damage|p2a: Zamazenta|0 fnt\n|faint|p2a: Zamazenta\n|\n|upkeep\n|\n|t:|1700713049\n|switch|p2a: Thundurus|Thundurus-Therian, M, shiny, tera:Ice|81\/100\n|turn|19\n|\n|t:|1700713052\n|move|p2a: Thundurus|Tera Blast|p1a: 5% TINT|[anim] Tera Blast Ice\n|-supereffective|p1a: 5% TINT\n|-damage|p1a: 5% TINT|0 fnt\n|faint|p1a: 5% TINT\n|\n|upkeep\n|\n|t:|1700713053\n|switch|p1a: SICKO MODE|Meowscarada, F|100\/100\n|turn|20\n|\n|t:|1700713057\n|move|p2a: Thundurus|Tera Blast|p1a: SICKO MODE|[anim] Tera Blast Ice\n|-supereffective|p1a: SICKO MODE\n|-damage|p1a: SICKO MODE|0 fnt\n|faint|p1a: SICKO MODE\n|\n|win|demonight94\n|raw|PLAYB0I R0BBIE B's rating: 1345 &rarr; <strong>1327<\/strong><br \/>(-18 for losing)\n|raw|demonight94's rating: 1372 &rarr; <strong>1390<\/strong><br \/>(+18 for winning)\n","uploadtime":1700713064,"views":2,"p1id":"playb0ir0bbieb","p2id":"demonight94","formatid":"gen9ou","rating":1327,"private":0,"password":""}