{"id":"gen9ou-1998346177","p1":"SquishyBro","p2":"Legendary crybaby","format":"[Gen 9] OU","log":"|j|\u2606SquishyBro\n|j|\u2606Legendary crybaby\n|t:|1700932035\n|gametype|singles\n|player|p1|SquishyBro|drayden|1009\n|player|p2|Legendary crybaby|265|1057\n|teamsize|p1|6\n|teamsize|p2|6\n|gen|9\n|tier|[Gen 9] OU\n|rated|\n|rule|Sleep Clause Mod: Limit one foe put to sleep\n|rule|Species Clause: Limit one of each Pok\u00e9mon\n|rule|OHKO Clause: OHKO moves are banned\n|rule|Evasion Items Clause: Evasion items are banned\n|rule|Evasion Moves Clause: Evasion moves are banned\n|rule|Endless Battle Clause: Forcing endless battles is banned\n|rule|HP Percentage Mod: HP is shown in percentages\n|clearpoke\n|poke|p1|Clodsire, F|\n|poke|p1|Gholdengo|\n|poke|p1|Heatran, M|\n|poke|p1|Rillaboom, F|\n|poke|p1|Hatterene, F|\n|poke|p1|Ludicolo, F|\n|poke|p2|Grimmsnarl, M|\n|poke|p2|Grafaiai, M|\n|poke|p2|Quaquaval, M|\n|poke|p2|Scizor, M|\n|poke|p2|Drifblim, M|\n|poke|p2|Gallade, M|\n|teampreview\n|\n|t:|1700932045\n|start\n|switch|p1a: Clodsire|Clodsire, F|100\/100\n|switch|p2a: Straight Trollin|Grimmsnarl, M|100\/100\n|turn|1\n|\n|t:|1700932062\n|move|p2a: Straight Trollin|Parting Shot|p1a: Clodsire\n|-unboost|p1a: Clodsire|atk|1\n|-unboost|p1a: Clodsire|spa|1\n|c|\u2606Legendary crybaby|Hop potatoes.\n|\n|t:|1700932074\n|switch|p2a: Obviously Trollin|Grafaiai, M|100\/100|[from] Parting Shot\n|move|p1a: Clodsire|Toxic|p2a: Obviously Trollin\n|-immune|p2a: Obviously Trollin\n|\n|upkeep\n|turn|2\n|\n|t:|1700932093\n|move|p2a: Obviously Trollin|Knock Off|p1a: Clodsire\n|-damage|p1a: Clodsire|75\/100\n|-enditem|p1a: Clodsire|Black Sludge|[from] move: Knock Off|[of] p2a: Obviously Trollin\n|move|p1a: Clodsire|Earthquake|p2a: Obviously Trollin\n|-supereffective|p2a: Obviously Trollin\n|-damage|p2a: Obviously Trollin|46\/100\n|\n|-heal|p2a: Obviously Trollin|52\/100|[from] item: Leftovers\n|upkeep\n|turn|3\n|\n|t:|1700932102\n|move|p2a: Obviously Trollin|Copycat|p2a: Obviously Trollin\n|move|p2a: Obviously Trollin|Earthquake|p1a: Clodsire|[from]move: Copycat\n|-supereffective|p1a: Clodsire\n|-damage|p1a: Clodsire|27\/100\n|move|p1a: Clodsire|Earthquake|p2a: Obviously Trollin\n|-supereffective|p2a: Obviously Trollin\n|-damage|p2a: Obviously Trollin|0 fnt\n|faint|p2a: Obviously Trollin\n|\n|upkeep\n|\n|t:|1700932111\n|switch|p2a: Straight Trollin|Grimmsnarl, M|100\/100\n|turn|4\n|\n|t:|1700932119\n|move|p2a: Straight Trollin|Parting Shot|p1a: Clodsire\n|-unboost|p1a: Clodsire|atk|1\n|-unboost|p1a: Clodsire|spa|1\n|\n|t:|1700932123\n|switch|p2a: Kinda buggin|Scizor, M|100\/100|[from] Parting Shot\n|move|p1a: Clodsire|Toxic|p2a: Kinda buggin\n|-immune|p2a: Kinda buggin\n|\n|upkeep\n|turn|5\n|\n|t:|1700932141\n|move|p2a: Kinda buggin|Swords Dance|p2a: Kinda buggin\n|-boost|p2a: Kinda buggin|atk|2\n|move|p1a: Clodsire|Earthquake|p2a: Kinda buggin\n|-damage|p2a: Kinda buggin|81\/100\n|\n|upkeep\n|turn|6\n|\n|t:|1700932151\n|-terastallize|p2a: Kinda buggin|Steel\n|move|p2a: Kinda buggin|Swords Dance|p2a: Kinda buggin\n|-boost|p2a: Kinda buggin|atk|2\n|move|p1a: Clodsire|Earthquake|p2a: Kinda buggin\n|-supereffective|p2a: Kinda buggin\n|-damage|p2a: Kinda buggin|40\/100\n|\n|upkeep\n|turn|7\n|\n|t:|1700932161\n|move|p2a: Kinda buggin|Bullet Punch|p1a: Clodsire\n|-damage|p1a: Clodsire|0 fnt\n|faint|p1a: Clodsire\n|-heal|p2a: Kinda buggin|45\/100|[from] item: Shell Bell|[of] p1: Clodsire\n|\n|upkeep\n|\n|t:|1700932173\n|switch|p1a: Ludicolo|Ludicolo, F, shiny|100\/100\n|turn|8\n|\n|t:|1700932178\n|move|p2a: Kinda buggin|Bullet Punch|p1a: Ludicolo\n|-resisted|p1a: Ludicolo\n|-damage|p1a: Ludicolo|3\/100\n|-heal|p2a: Kinda buggin|58\/100|[from] item: Shell Bell|[of] p1a: Ludicolo\n|move|p1a: Ludicolo|Brick Break|p2a: Kinda buggin\n|-supereffective|p2a: Kinda buggin\n|-damage|p2a: Kinda buggin|6\/100\n|\n|upkeep\n|turn|9\n|\n|t:|1700932188\n|move|p2a: Kinda buggin|Bullet Punch|p1a: Ludicolo\n|-resisted|p1a: Ludicolo\n|-damage|p1a: Ludicolo|0 fnt\n|faint|p1a: Ludicolo\n|-heal|p2a: Kinda buggin|6\/100|[from] item: Shell Bell|[of] p1: Ludicolo\n|\n|upkeep\n|\n|t:|1700932200\n|switch|p1a: Rillaboom|Rillaboom, F|100\/100\n|-fieldstart|move: Grassy Terrain|[from] ability: Grassy Surge|[of] p1a: Rillaboom\n|turn|10\n|\n|t:|1700932229\n|move|p2a: Kinda buggin|Bullet Punch|p1a: Rillaboom\n|-damage|p1a: Rillaboom|0 fnt\n|faint|p1a: Rillaboom\n|-heal|p2a: Kinda buggin|23\/100|[from] item: Shell Bell|[of] p1: Rillaboom\n|\n|-heal|p2a: Kinda buggin|29\/100|[from] Grassy Terrain\n|upkeep\n|inactive|Battle timer is ON: inactive players will automatically lose when time's up. (requested by SquishyBro)\n|\n|t:|1700932256\n|switch|p1a: Heatran|Heatran, M|100\/100\n|turn|11\n|\n|t:|1700932270\n|move|p2a: Kinda buggin|U-turn|p1a: Heatran\n|-resisted|p1a: Heatran\n|-damage|p1a: Heatran|74\/100\n|-heal|p2a: Kinda buggin|33\/100|[from] item: Shell Bell|[of] p1a: Heatran\n|\n|t:|1700932280\n|switch|p2a: Trolldier|Quaquaval, M|100\/100|[from] U-turn\n|move|p1a: Heatran|Magma Storm|p2a: Trolldier\n|-resisted|p2a: Trolldier\n|-damage|p2a: Trolldier|63\/100\n|-activate|p2a: Trolldier|move: Magma Storm|[of] p1a: Heatran\n|\n|-heal|p2a: Trolldier|69\/100|[from] Grassy Terrain\n|-heal|p2a: Trolldier|75\/100|[from] item: Leftovers\n|-heal|p1a: Heatran|80\/100|[from] Grassy Terrain\n|-damage|p2a: Trolldier|63\/100|[from] move: Magma Storm|[partiallytrapped]\n|upkeep\n|turn|12\n|\n|t:|1700932305\n|move|p2a: Trolldier|Aqua Step|p1a: Heatran\n|-supereffective|p1a: Heatran\n|-damage|p1a: Heatran|13\/100\n|-boost|p2a: Trolldier|spe|1\n|move|p1a: Heatran|Earthquake|p2a: Trolldier\n|-damage|p2a: Trolldier|50\/100\n|\n|-heal|p2a: Trolldier|56\/100|[from] Grassy Terrain\n|-heal|p2a: Trolldier|63\/100|[from] item: Leftovers\n|-heal|p1a: Heatran|19\/100|[from] Grassy Terrain\n|-damage|p2a: Trolldier|50\/100|[from] move: Magma Storm|[partiallytrapped]\n|upkeep\n|turn|13\n|\n|t:|1700932323\n|move|p2a: Trolldier|Aqua Step|p1a: Heatran\n|-supereffective|p1a: Heatran\n|-damage|p1a: Heatran|0 fnt\n|-boost|p2a: Trolldier|spe|1\n|faint|p1a: Heatran\n|-ability|p2a: Trolldier|Moxie|boost\n|-boost|p2a: Trolldier|atk|1\n|\n|-heal|p2a: Trolldier|56\/100|[from] Grassy Terrain\n|-heal|p2a: Trolldier|63\/100|[from] item: Leftovers\n|-end|p2a: Trolldier|Magma Storm|[partiallytrapped]|[silent]\n|upkeep\n|\n|t:|1700932332\n|switch|p1a: Hatterene|Hatterene, F|100\/100\n|turn|14\n|inactive|SquishyBro has 120 seconds left.\n|\n|t:|1700932351\n|move|p2a: Trolldier|Aqua Step|p1a: Hatterene\n|-damage|p1a: Hatterene|33\/100\n|-boost|p2a: Trolldier|spe|1\n|move|p1a: Hatterene|Psychic|p2a: Trolldier\n|-supereffective|p2a: Trolldier\n|-damage|p2a: Trolldier|0 fnt\n|faint|p2a: Trolldier\n|\n|-heal|p1a: Hatterene|39\/100|[from] Grassy Terrain\n|-fieldend|move: Grassy Terrain\n|upkeep\n|c|\u2606Legendary crybaby|Gg tho.\n|\n|t:|1700932373\n|switch|p2a: Straight Trollin|Grimmsnarl, M|100\/100\n|turn|15\n|inactive|SquishyBro has 120 seconds left.\n|\n|t:|1700932394\n|move|p2a: Straight Trollin|Parting Shot|p1a: Hatterene\n|move|p1a: Hatterene|Parting Shot|p2a: Straight Trollin|[from]ability: Magic Bounce\n|-unboost|p2a: Straight Trollin|atk|1\n|-unboost|p2a: Straight Trollin|spa|1\n|inactive|SquishyBro has 90 seconds left.\n|\n|t:|1700932433\n|switch|p1a: Gholdengo|Gholdengo|100\/100|[from] Parting Shot\n|\n|upkeep\n|turn|16\n|inactive|SquishyBro has 90 seconds left.\n|\n|t:|1700932442\n|move|p1a: Gholdengo|Make It Rain|p2a: Straight Trollin\n|-supereffective|p2a: Straight Trollin\n|-damage|p2a: Straight Trollin|0 fnt\n|-unboost|p1a: Gholdengo|spa|1\n|faint|p2a: Straight Trollin\n|\n|upkeep\n|\n|t:|1700932449\n|switch|p2a: Don't trust it...|Drifblim, M|100\/100\n|turn|17\n|\n|t:|1700932462\n|move|p1a: Gholdengo|Shadow Ball|p2a: Don't trust it...\n|-supereffective|p2a: Don't trust it...\n|-damage|p2a: Don't trust it...|30\/100\n|-unboost|p2a: Don't trust it...|spd|1\n|-enditem|p2a: Don't trust it...|Red Card|[of] p1a: Gholdengo\n|drag|p1a: Hatterene|Hatterene, F|39\/100\n|move|p2a: Don't trust it...|Substitute|p2a: Don't trust it...\n|-start|p2a: Don't trust it...|Substitute\n|-damage|p2a: Don't trust it...|5\/100\n|\n|upkeep\n|turn|18\n|\n|t:|1700932479\n|move|p2a: Don't trust it...|Calm Mind|p2a: Don't trust it...\n|-boost|p2a: Don't trust it...|spa|1\n|-boost|p2a: Don't trust it...|spd|1\n|move|p1a: Hatterene|Shadow Ball|p2a: Don't trust it...\n|-supereffective|p2a: Don't trust it...\n|-end|p2a: Don't trust it...|Substitute\n|\n|upkeep\n|turn|19\n|\n|t:|1700932486\n|move|p2a: Don't trust it...|Air Slash|p1a: Hatterene\n|-damage|p1a: Hatterene|0 fnt\n|faint|p1a: Hatterene\n|\n|upkeep\n|\n|t:|1700932490\n|switch|p1a: Gholdengo|Gholdengo|100\/100\n|turn|20\n|\n|t:|1700932506\n|move|p2a: Don't trust it...|Air Slash|p1a: Gholdengo\n|-resisted|p1a: Gholdengo\n|-damage|p1a: Gholdengo|72\/100\n|move|p1a: Gholdengo|Shadow Ball|p2a: Don't trust it...\n|-supereffective|p2a: Don't trust it...\n|-damage|p2a: Don't trust it...|0 fnt\n|faint|p2a: Don't trust it...\n|\n|upkeep\n|inactive|Legendary crybaby has 120 seconds left.\n|\n|t:|1700932526\n|switch|p2a: Kinda buggin|Scizor, M, tera:Steel|33\/100\n|turn|21\n|\n|t:|1700932532\n|move|p1a: Gholdengo|Shadow Ball|p2a: Kinda buggin\n|-crit|p2a: Kinda buggin\n|-damage|p2a: Kinda buggin|0 fnt\n|faint|p2a: Kinda buggin\n|\n|upkeep\n|c|\u2606SquishyBro|gg\n|\n|t:|1700932539\n|switch|p2a: Game Over!|Gallade, M|100\/100\n|turn|22\n|c|\u2606Legendary crybaby|Oh shit.\n|c|\u2606Legendary crybaby|You pled through.\n|c|\u2606Legendary crybaby|Pulled\n|inactive|Legendary crybaby has 120 seconds left.\n|c|\u2606Legendary crybaby|Gg.\n|c|\u2606SquishyBro|hope you have a great day\n|c|\u2606Legendary crybaby|You too.\n|inactive|Legendary crybaby has 90 seconds left.\n|inactive|Legendary crybaby has 60 seconds left.\n|c|\u2606Legendary crybaby|I can always respect outplay.\n|c|\u2606SquishyBro|are you gonna stall the timer\n|c|\u2606Legendary crybaby|Yes.\n|c|\u2606SquishyBro|ok\n|inactive|Legendary crybaby has 30 seconds left.\n|c|\u2606Legendary crybaby|I'm also a bit of a sore losers so.\n|c|\u2606Legendary crybaby|...\n|inactive|Legendary crybaby has 20 seconds left.\n|c|\u2606SquishyBro|fair enough\n|inactive|Legendary crybaby has 15 seconds left.\n|c|\u2606SquishyBro|gg\n|inactive|Legendary crybaby has 10 seconds left.\n|c|\u2606SquishyBro|well played\n|inactive|Legendary crybaby has 5 seconds left.\n|\n|t:|1700932679\n|move|p2a: Game Over!|Shadow Sneak|p1a: Gholdengo\n|-supereffective|p1a: Gholdengo\n|-damage|p1a: Gholdengo|40\/100\n|move|p1a: Gholdengo|Shadow Ball|p2a: Game Over!\n|-supereffective|p2a: Game Over!\n|-damage|p2a: Game Over!|0 fnt\n|faint|p2a: Game Over!\n|\n|win|SquishyBro\n|inactive|Legendary crybaby has 10 seconds left this turn.\n|raw|SquishyBro's rating: 1009 &rarr; <strong>1053<\/strong><br \/>(+44 for winning)\n|raw|Legendary crybaby's rating: 1057 &rarr; <strong>1036<\/strong><br \/>(-21 for losing)\n|c|\u2606SquishyBro|gg\n|c|\u2606Legendary crybaby|Gg\n|l|\u2606SquishyBro\n","uploadtime":1700932716,"views":1,"p1id":"squishybro","p2id":"legendarycrybaby","formatid":"gen9ou","rating":1036,"private":0,"password":""}