{"id":"gen9ou-1997359786","p1":"Takiyako","p2":"Skullemojiskull","format":"[Gen 9] OU","log":"|j|\u2606Takiyako\n|j|\u2606Skullemojiskull\n|t:|1700793977\n|gametype|singles\n|player|p1|Takiyako|ingo-hisui|1099\n|player|p2|Skullemojiskull|102|1212\n|teamsize|p1|6\n|teamsize|p2|6\n|gen|9\n|tier|[Gen 9] OU\n|rated|\n|rule|Sleep Clause Mod: Limit one foe put to sleep\n|rule|Species Clause: Limit one of each Pok\u00e9mon\n|rule|OHKO Clause: OHKO moves are banned\n|rule|Evasion Items Clause: Evasion items are banned\n|rule|Evasion Moves Clause: Evasion moves are banned\n|rule|Endless Battle Clause: Forcing endless battles is banned\n|rule|HP Percentage Mod: HP is shown in percentages\n|clearpoke\n|poke|p1|Lokix, M|\n|poke|p1|Quaquaval, F|\n|poke|p1|Clodsire, F|\n|poke|p1|Zapdos|\n|poke|p1|Arcanine-Hisui, F|\n|poke|p1|Torterra, M|\n|poke|p2|Ceruledge, F|\n|poke|p2|Corviknight, M|\n|poke|p2|Lokix, M|\n|poke|p2|Tauros-Paldea-Aqua, M|\n|poke|p2|Pincurchin, M|\n|poke|p2|Iron Jugulis|\n|teampreview\n|\n|t:|1700793989\n|start\n|switch|p1a: Arcanine|Arcanine-Hisui, F|100\/100\n|switch|p2a: Star Lord|Pincurchin, M, shiny|100\/100\n|-fieldstart|move: Electric Terrain|[from] ability: Electric Surge|[of] p2a: Star Lord\n|turn|1\n|\n|t:|1700793996\n|switch|p1a: Clodsire|Clodsire, F|100\/100\n|move|p2a: Star Lord|Thunder Wave|p1a: Clodsire\n|-immune|p1a: Clodsire\n|\n|upkeep\n|turn|2\n|inactive|Battle timer is ON: inactive players will automatically lose when time's up. (requested by Takiyako)\n|\n|t:|1700794033\n|move|p1a: Clodsire|Stealth Rock|p2a: Star Lord\n|-sidestart|p2: Skullemojiskull|move: Stealth Rock\n|move|p2a: Star Lord|Spikes|p1a: Clodsire\n|-sidestart|p1: Takiyako|Spikes\n|\n|upkeep\n|turn|3\n|\n|t:|1700794045\n|switch|p2a: Biggest Bird|Corviknight, M|100\/100\n|-damage|p2a: Biggest Bird|88\/100|[from] Stealth Rock\n|-ability|p2a: Biggest Bird|Pressure\n|move|p1a: Clodsire|Earthquake|p2a: Biggest Bird\n|-immune|p2a: Biggest Bird\n|\n|upkeep\n|turn|4\n|\n|t:|1700794051\n|move|p2a: Biggest Bird|Defog|p1a: Clodsire\n|-unboost|p1a: Clodsire|evasion|1\n|-sideend|p1: Takiyako|Spikes|[from] move: Defog|[of] p2a: Biggest Bird\n|-sideend|p2: Skullemojiskull|Stealth Rock|[from] move: Defog|[of] p2a: Biggest Bird\n|-fieldend|move: Electric Terrain\n|move|p1a: Clodsire|Stealth Rock|p2a: Biggest Bird\n|-sidestart|p2: Skullemojiskull|move: Stealth Rock\n|\n|upkeep\n|turn|5\n|\n|t:|1700794058\n|switch|p1a: Arcanine|Arcanine-Hisui, F|100\/100\n|move|p2a: Biggest Bird|Roost|p2a: Biggest Bird\n|-heal|p2a: Biggest Bird|100\/100\n|-singleturn|p2a: Biggest Bird|move: Roost\n|\n|upkeep\n|turn|6\n|\n|t:|1700794067\n|switch|p2a: Bullfango|Tauros-Paldea-Aqua, M|100\/100\n|-damage|p2a: Bullfango|94\/100|[from] Stealth Rock\n|-ability|p2a: Bullfango|Intimidate|boost\n|-unboost|p1a: Arcanine|atk|1\n|move|p1a: Arcanine|Flare Blitz|p2a: Bullfango\n|-resisted|p2a: Bullfango\n|-damage|p2a: Bullfango|71\/100\n|\n|upkeep\n|turn|7\n|\n|t:|1700794085\n|switch|p1a: Clodsire|Clodsire, F|100\/100\n|move|p2a: Bullfango|Raging Bull|p1a: Clodsire\n|-immune|p1a: Clodsire|[from] ability: Water Absorb\n|\n|upkeep\n|turn|8\n|\n|t:|1700794091\n|switch|p2a: Biggest Bird|Corviknight, M|100\/100\n|-damage|p2a: Biggest Bird|88\/100|[from] Stealth Rock\n|-ability|p2a: Biggest Bird|Pressure\n|move|p1a: Clodsire|Gunk Shot|p2a: Biggest Bird\n|-immune|p2a: Biggest Bird\n|\n|upkeep\n|turn|9\n|\n|t:|1700794096\n|move|p2a: Biggest Bird|Defog|p1a: Clodsire\n|-unboost|p1a: Clodsire|evasion|1\n|-sideend|p2: Skullemojiskull|Stealth Rock|[from] move: Defog|[of] p2a: Biggest Bird\n|move|p1a: Clodsire|Stealth Rock|p2a: Biggest Bird\n|-sidestart|p2: Skullemojiskull|move: Stealth Rock\n|\n|upkeep\n|turn|10\n|\n|t:|1700794099\n|switch|p1a: Arcanine|Arcanine-Hisui, F|100\/100\n|move|p2a: Biggest Bird|Defog|p1a: Arcanine\n|-unboost|p1a: Arcanine|evasion|1\n|-sideend|p2: Skullemojiskull|Stealth Rock|[from] move: Defog|[of] p2a: Biggest Bird\n|\n|upkeep\n|turn|11\n|\n|t:|1700794108\n|switch|p2a: Bullfango|Tauros-Paldea-Aqua, M|71\/100\n|-ability|p2a: Bullfango|Intimidate|boost\n|-unboost|p1a: Arcanine|atk|1\n|move|p1a: Arcanine|Will-O-Wisp|p2a: Bullfango\n|-status|p2a: Bullfango|brn\n|\n|-damage|p2a: Bullfango|65\/100 brn|[from] brn\n|upkeep\n|turn|12\n|\n|t:|1700794120\n|switch|p1a: Clodsire|Clodsire, F|100\/100\n|move|p2a: Bullfango|Earthquake|p1a: Clodsire\n|-supereffective|p1a: Clodsire\n|-damage|p1a: Clodsire|51\/100\n|\n|-heal|p1a: Clodsire|57\/100|[from] item: Black Sludge\n|-damage|p2a: Bullfango|59\/100 brn|[from] brn\n|upkeep\n|turn|13\n|\n|t:|1700794123\n|move|p2a: Bullfango|Earthquake|p1a: Clodsire\n|-supereffective|p1a: Clodsire\n|-damage|p1a: Clodsire|1\/100\n|move|p1a: Clodsire|Stealth Rock|p2a: Bullfango\n|-sidestart|p2: Skullemojiskull|move: Stealth Rock\n|\n|-heal|p1a: Clodsire|8\/100|[from] item: Black Sludge\n|-damage|p2a: Bullfango|53\/100 brn|[from] brn\n|upkeep\n|turn|14\n|\n|t:|1700794125\n|switch|p1a: Zapdos|Zapdos|100\/100\n|move|p2a: Bullfango|Earthquake|p1a: Zapdos\n|-immune|p1a: Zapdos\n|\n|-damage|p2a: Bullfango|47\/100 brn|[from] brn\n|upkeep\n|turn|15\n|\n|t:|1700794137\n|switch|p2a: Star Lord|Pincurchin, M, shiny|100\/100\n|-damage|p2a: Star Lord|88\/100|[from] Stealth Rock\n|-fieldstart|move: Electric Terrain|[from] ability: Electric Surge|[of] p2a: Star Lord\n|move|p1a: Zapdos|Volt Switch|p2a: Star Lord\n|-resisted|p2a: Star Lord\n|-damage|p2a: Star Lord|62\/100\n|\n|t:|1700794139\n|switch|p1a: Clodsire|Clodsire, F|8\/100|[from] Volt Switch\n|\n|-heal|p1a: Clodsire|14\/100|[from] item: Black Sludge\n|upkeep\n|turn|16\n|\n|t:|1700794155\n|switch|p2a: Biggest Bird|Corviknight, M|88\/100\n|-damage|p2a: Biggest Bird|75\/100|[from] Stealth Rock\n|-ability|p2a: Biggest Bird|Pressure\n|move|p1a: Clodsire|Recover|p1a: Clodsire\n|-heal|p1a: Clodsire|64\/100\n|\n|-heal|p1a: Clodsire|70\/100|[from] item: Black Sludge\n|upkeep\n|turn|17\n|\n|t:|1700794160\n|move|p2a: Biggest Bird|Defog|p1a: Clodsire\n|-unboost|p1a: Clodsire|evasion|1\n|-sideend|p2: Skullemojiskull|Stealth Rock|[from] move: Defog|[of] p2a: Biggest Bird\n|-fieldend|move: Electric Terrain\n|move|p1a: Clodsire|Recover|p1a: Clodsire\n|-heal|p1a: Clodsire|100\/100\n|\n|upkeep\n|turn|18\n|\n|t:|1700794165\n|move|p2a: Biggest Bird|U-turn|p1a: Clodsire\n|-resisted|p1a: Clodsire\n|-damage|p1a: Clodsire|92\/100\n|\n|t:|1700794175\n|switch|p2a: Wednesday|Ceruledge, F|100\/100|[from] U-turn\n|move|p1a: Clodsire|Stealth Rock|p2a: Wednesday\n|-sidestart|p2: Skullemojiskull|move: Stealth Rock\n|\n|-heal|p1a: Clodsire|98\/100|[from] item: Black Sludge\n|upkeep\n|turn|19\n|\n|t:|1700794180\n|move|p2a: Wednesday|Swords Dance|p2a: Wednesday\n|-boost|p2a: Wednesday|atk|2\n|move|p1a: Clodsire|Earthquake|p2a: Wednesday\n|-supereffective|p2a: Wednesday\n|-damage|p2a: Wednesday|24\/100\n|-ability|p2a: Wednesday|Weak Armor|boost\n|-unboost|p2a: Wednesday|def|1\n|-boost|p2a: Wednesday|spe|2\n|\n|-heal|p1a: Clodsire|100\/100|[from] item: Black Sludge\n|upkeep\n|turn|20\n|\n|t:|1700794193\n|-terastallize|p2a: Wednesday|Fire\n|move|p2a: Wednesday|Bitter Blade|p1a: Clodsire\n|-damage|p1a: Clodsire|0 fnt\n|-heal|p2a: Wednesday|100\/100|[from] drain|[of] p1a: Clodsire\n|faint|p1a: Clodsire\n|\n|upkeep\n|\n|t:|1700794200\n|switch|p1a: Arcanine|Arcanine-Hisui, F|100\/100\n|turn|21\n|\n|t:|1700794203\n|move|p2a: Wednesday|Close Combat|p1a: Arcanine\n|-supereffective|p1a: Arcanine\n|-damage|p1a: Arcanine|0 fnt\n|-unboost|p2a: Wednesday|def|1\n|-unboost|p2a: Wednesday|spd|1\n|faint|p1a: Arcanine\n|\n|upkeep\n|\n|t:|1700794204\n|switch|p1a: Quaquaval|Quaquaval, F|100\/100\n|turn|22\n|\n|t:|1700794210\n|move|p2a: Wednesday|Close Combat|p1a: Quaquaval\n|-damage|p1a: Quaquaval|0 fnt\n|-unboost|p2a: Wednesday|def|1\n|-unboost|p2a: Wednesday|spd|1\n|faint|p1a: Quaquaval\n|\n|upkeep\n|\n|t:|1700794212\n|switch|p1a: Lokix|Lokix, M|100\/100\n|turn|23\n|\n|t:|1700794219\n|-terastallize|p1a: Lokix|Bug\n|move|p1a: Lokix|First Impression|p2a: Wednesday\n|-resisted|p2a: Wednesday\n|-enditem|p2a: Wednesday|Focus Sash\n|-damage|p2a: Wednesday|1\/100\n|-ability|p2a: Wednesday|Weak Armor|boost\n|-unboost|p2a: Wednesday|def|1\n|-boost|p2a: Wednesday|spe|2\n|move|p2a: Wednesday|Bitter Blade|p1a: Lokix\n|-supereffective|p1a: Lokix\n|-damage|p1a: Lokix|0 fnt\n|-heal|p2a: Wednesday|50\/100|[from] drain|[of] p1a: Lokix\n|faint|p1a: Lokix\n|\n|upkeep\n|\n|t:|1700794223\n|switch|p1a: Zapdos|Zapdos|100\/100\n|turn|24\n|\n|t:|1700794226\n|move|p2a: Wednesday|Bitter Blade|p1a: Zapdos\n|-damage|p1a: Zapdos|0 fnt\n|-heal|p2a: Wednesday|100\/100|[from] drain|[of] p1a: Zapdos\n|faint|p1a: Zapdos\n|\n|upkeep\n|\n|t:|1700794228\n|switch|p1a: Torterra|Torterra, M|100\/100\n|turn|25\n|\n|t:|1700794232\n|move|p2a: Wednesday|Bitter Blade|p1a: Torterra\n|-supereffective|p1a: Torterra\n|-damage|p1a: Torterra|0 fnt\n|faint|p1a: Torterra\n|\n|win|Skullemojiskull\n|raw|Takiyako's rating: 1099 &rarr; <strong>1082<\/strong><br \/>(-17 for losing)\n|raw|Skullemojiskull's rating: 1212 &rarr; <strong>1229<\/strong><br \/>(+17 for winning)\n|l|\u2606Takiyako\n","uploadtime":1700794252,"views":6,"p1id":"takiyako","p2id":"skullemojiskull","formatid":"gen9ou","rating":1082,"private":0,"password":""}