{"id":"gen9ou-1997177204","p1":"Icefanngs","p2":"Naerzar","format":"[Gen 9] OU","log":"|j|\u2606Icefanngs\n|j|\u2606Naerzar\n|t:|1700772433\n|gametype|singles\n|player|p1|Icefanngs|1|1117\n|player|p2|Naerzar|clair|1053\n|teamsize|p1|6\n|teamsize|p2|6\n|gen|9\n|tier|[Gen 9] OU\n|rated|\n|rule|Sleep Clause Mod: Limit one foe put to sleep\n|rule|Species Clause: Limit one of each Pok\u00e9mon\n|rule|OHKO Clause: OHKO moves are banned\n|rule|Evasion Items Clause: Evasion items are banned\n|rule|Evasion Moves Clause: Evasion moves are banned\n|rule|Endless Battle Clause: Forcing endless battles is banned\n|rule|HP Percentage Mod: HP is shown in percentages\n|clearpoke\n|poke|p1|Delphox, F|\n|poke|p1|Lilligant-Hisui, F|\n|poke|p1|Froslass, F|\n|poke|p1|Milotic, F|\n|poke|p1|Mandibuzz, F|\n|poke|p1|Tinkaton, F|\n|poke|p2|Iron Valiant|\n|poke|p2|Glimmora, F|\n|poke|p2|Dragonite, M|\n|poke|p2|Hatterene, F|\n|poke|p2|Ceruledge, M|\n|poke|p2|Torkoal, F|\n|teampreview\n|\n|t:|1700772446\n|start\n|switch|p1a: Kiyoko|Delphox, F|100\/100\n|switch|p2a: Hatterene|Hatterene, F, shiny|100\/100\n|turn|1\n|\n|t:|1700772451\n|move|p1a: Kiyoko|Mystical Fire|p2a: Hatterene\n|-damage|p2a: Hatterene|64\/100\n|-unboost|p2a: Hatterene|spa|1\n|-item|p1a: Kiyoko|Light Clay|[from] ability: Magician|[of] p2a: Hatterene\n|move|p2a: Hatterene|Light Screen|p2a: Hatterene\n|-sidestart|p2: Naerzar|move: Light Screen\n|\n|upkeep\n|turn|2\n|\n|t:|1700772461\n|move|p1a: Kiyoko|Encore|p2a: Hatterene\n|move|p2a: Hatterene|Encore||[from]ability: Magic Bounce|[still]\n|-fail|p2a: Hatterene\n|move|p2a: Hatterene|Thunder Wave|p1a: Kiyoko\n|-status|p1a: Kiyoko|par\n|\n|upkeep\n|turn|3\n|\n|t:|1700772473\n|move|p1a: Kiyoko|Mystical Fire|p2a: Hatterene\n|-damage|p2a: Hatterene|46\/100\n|-unboost|p2a: Hatterene|spa|1\n|move|p2a: Hatterene|Reflect|p2a: Hatterene\n|-sidestart|p2: Naerzar|Reflect\n|\n|upkeep\n|turn|4\n|\n|t:|1700772487\n|switch|p2a: Torkoal|Torkoal, F|100\/100\n|-weather|SunnyDay|[from] ability: Drought|[of] p2a: Torkoal\n|move|p1a: Kiyoko|Mystical Fire|p2a: Torkoal\n|-resisted|p2a: Torkoal\n|-damage|p2a: Torkoal|87\/100\n|-unboost|p2a: Torkoal|spa|1\n|\n|-weather|SunnyDay|[upkeep]\n|upkeep\n|turn|5\n|\n|t:|1700772496\n|move|p1a: Kiyoko|Mystical Fire|p2a: Torkoal\n|-resisted|p2a: Torkoal\n|-damage|p2a: Torkoal|74\/100\n|-unboost|p2a: Torkoal|spa|1\n|move|p2a: Torkoal|Earthquake|p1a: Kiyoko\n|-supereffective|p1a: Kiyoko\n|-damage|p1a: Kiyoko|38\/100 par\n|\n|-weather|SunnyDay|[upkeep]\n|-sideend|p2: Naerzar|move: Light Screen\n|upkeep\n|turn|6\n|\n|t:|1700772507\n|move|p1a: Kiyoko|Encore|p2a: Torkoal\n|-start|p2a: Torkoal|Encore\n|move|p2a: Torkoal|Earthquake|p1a: Kiyoko\n|-supereffective|p1a: Kiyoko\n|-damage|p1a: Kiyoko|0 fnt\n|faint|p1a: Kiyoko\n|\n|-weather|SunnyDay|[upkeep]\n|upkeep\n|\n|t:|1700772524\n|switch|p1a: Lucy|Lilligant-Hisui, F|100\/100\n|turn|7\n|\n|t:|1700772529\n|switch|p2a: Ceruledge|Ceruledge, M, shiny|100\/100\n|move|p1a: Lucy|Close Combat|p2a: Ceruledge\n|-immune|p2a: Ceruledge\n|\n|-weather|SunnyDay|[upkeep]\n|-sideend|p2: Naerzar|Reflect\n|upkeep\n|turn|8\n|\n|t:|1700772542\n|switch|p1a: Aquarius|Milotic, F|100\/100\n|-terastallize|p2a: Ceruledge|Grass\n|move|p2a: Ceruledge|Swords Dance|p2a: Ceruledge\n|-boost|p2a: Ceruledge|atk|2\n|\n|-weather|SunnyDay|[upkeep]\n|upkeep\n|turn|9\n|\n|t:|1700772549\n|move|p2a: Ceruledge|Solar Blade||[still]\n|-prepare|p2a: Ceruledge|Solar Blade\n|-anim|p2a: Ceruledge|Solar Blade|p1a: Aquarius\n|-supereffective|p1a: Aquarius\n|-damage|p1a: Aquarius|0 fnt\n|faint|p1a: Aquarius\n|-damage|p2a: Ceruledge|91\/100|[from] item: Life Orb\n|\n|-weather|SunnyDay|[upkeep]\n|upkeep\n|\n|t:|1700772568\n|switch|p1a: Lucy|Lilligant-Hisui, F|100\/100\n|turn|10\n|\n|t:|1700772575\n|move|p1a: Lucy|Poison Jab|p2a: Ceruledge\n|-supereffective|p2a: Ceruledge\n|-damage|p2a: Ceruledge|0 fnt\n|faint|p2a: Ceruledge\n|\n|-weather|SunnyDay|[upkeep]\n|upkeep\n|\n|t:|1700772585\n|switch|p2a: Glimmora|Glimmora, F|100\/100\n|turn|11\n|\n|t:|1700772592\n|switch|p1a: Amy|Tinkaton, F|100\/100\n|-ability|p1a: Amy|Mold Breaker\n|move|p2a: Glimmora|Stealth Rock|p1a: Amy\n|-sidestart|p1: Icefanngs|move: Stealth Rock\n|\n|-weather|none\n|upkeep\n|turn|12\n|\n|t:|1700772599\n|move|p2a: Glimmora|Spikes|p1a: Amy\n|-sidestart|p1: Icefanngs|Spikes\n|move|p1a: Amy|Gigaton Hammer|p2a: Glimmora\n|-supereffective|p2a: Glimmora\n|-enditem|p2a: Glimmora|Focus Sash\n|-damage|p2a: Glimmora|1\/100\n|-activate|p2a: Glimmora|ability: Toxic Debris\n|-sidestart|p1: Icefanngs|move: Toxic Spikes\n|\n|upkeep\n|turn|13\n|\n|t:|1700772607\n|move|p2a: Glimmora|Spikes|p1a: Amy\n|-sidestart|p1: Icefanngs|Spikes\n|move|p1a: Amy|Knock Off|p2a: Glimmora\n|-damage|p2a: Glimmora|0 fnt\n|-activate|p2a: Glimmora|ability: Toxic Debris\n|-sidestart|p1: Icefanngs|move: Toxic Spikes\n|faint|p2a: Glimmora\n|\n|upkeep\n|\n|t:|1700772616\n|switch|p2a: Dragonite|Dragonite, M|100\/100\n|turn|14\n|\n|t:|1700772622\n|move|p1a: Amy|Play Rough|p2a: Dragonite\n|-supereffective|p2a: Dragonite\n|-damage|p2a: Dragonite|20\/100\n|-damage|p1a: Amy|84\/100|[from] item: Rocky Helmet|[of] p2a: Dragonite\n|move|p2a: Dragonite|Roar|p1a: Amy\n|drag|p1a: Yukina|Froslass, F|100\/100\n|-damage|p1a: Yukina|76\/100|[from] Stealth Rock\n|-damage|p1a: Yukina|59\/100|[from] Spikes\n|-status|p1a: Yukina|tox\n|\n|-damage|p1a: Yukina|53\/100 tox|[from] psn\n|upkeep\n|turn|15\n|\n|t:|1700772636\n|move|p1a: Yukina|Frost Breath|p2a: Dragonite\n|-supereffective|p2a: Dragonite\n|-crit|p2a: Dragonite\n|-damage|p2a: Dragonite|0 fnt\n|faint|p2a: Dragonite\n|\n|-damage|p1a: Yukina|41\/100 tox|[from] psn\n|upkeep\n|\n|t:|1700772646\n|switch|p2a: Hatterene|Hatterene, F, shiny|46\/100\n|turn|16\n|\n|t:|1700772650\n|move|p1a: Yukina|Hex|p2a: Hatterene\n|-supereffective|p2a: Hatterene\n|-damage|p2a: Hatterene|0 fnt\n|faint|p2a: Hatterene\n|\n|-damage|p1a: Yukina|23\/100 tox|[from] psn\n|upkeep\n|\n|t:|1700772657\n|switch|p2a: Torkoal|Torkoal, F|74\/100\n|-weather|SunnyDay|[from] ability: Drought|[of] p2a: Torkoal\n|turn|17\n|\n|t:|1700772664\n|move|p1a: Yukina|Thunder Wave|p2a: Torkoal\n|-status|p2a: Torkoal|par\n|move|p2a: Torkoal|Eruption|p1a: Yukina\n|-supereffective|p1a: Yukina\n|-damage|p1a: Yukina|0 fnt\n|faint|p1a: Yukina\n|\n|-weather|SunnyDay|[upkeep]\n|upkeep\n|\n|t:|1700772670\n|switch|p1a: Raven|Mandibuzz, F|100\/100\n|-damage|p1a: Raven|75\/100|[from] Stealth Rock\n|turn|18\n|\n|t:|1700772675\n|move|p1a: Raven|Defog|p2a: Torkoal\n|-unboost|p2a: Torkoal|evasion|1\n|-sideend|p1: Icefanngs|Spikes|[from] move: Defog|[of] p1a: Raven\n|-sideend|p1: Icefanngs|Toxic Spikes|[from] move: Defog|[of] p1a: Raven\n|-sideend|p1: Icefanngs|Stealth Rock|[from] move: Defog|[of] p1a: Raven\n|move|p2a: Torkoal|Eruption|p1a: Raven\n|-damage|p1a: Raven|37\/100\n|\n|-weather|SunnyDay|[upkeep]\n|upkeep\n|turn|19\n|\n|t:|1700772683\n|move|p1a: Raven|Roost|p1a: Raven\n|-heal|p1a: Raven|87\/100\n|-singleturn|p1a: Raven|move: Roost\n|cant|p2a: Torkoal|par\n|\n|-weather|SunnyDay|[upkeep]\n|upkeep\n|turn|20\n|\n|t:|1700772693\n|move|p1a: Raven|Foul Play|p2a: Torkoal\n|-damage|p2a: Torkoal|56\/100 par\n|move|p2a: Torkoal|Eruption|p1a: Raven\n|-damage|p1a: Raven|59\/100\n|\n|-weather|SunnyDay|[upkeep]\n|upkeep\n|turn|21\n|\n|t:|1700772701\n|move|p1a: Raven|Roost|p1a: Raven\n|-heal|p1a: Raven|100\/100\n|-singleturn|p1a: Raven|move: Roost\n|move|p2a: Torkoal|Eruption|p1a: Raven\n|-damage|p1a: Raven|75\/100\n|\n|-weather|SunnyDay|[upkeep]\n|upkeep\n|turn|22\n|\n|t:|1700772708\n|move|p1a: Raven|Foul Play|p2a: Torkoal\n|-damage|p2a: Torkoal|35\/100 par\n|move|p2a: Torkoal|Eruption|p1a: Raven\n|-damage|p1a: Raven|58\/100\n|\n|-weather|SunnyDay|[upkeep]\n|upkeep\n|turn|23\n|\n|t:|1700772714\n|move|p1a: Raven|Roost|p1a: Raven\n|-heal|p1a: Raven|100\/100\n|-singleturn|p1a: Raven|move: Roost\n|move|p2a: Torkoal|Earthquake|p1a: Raven\n|-damage|p1a: Raven|88\/100\n|\n|-weather|SunnyDay|[upkeep]\n|upkeep\n|turn|24\n|\n|t:|1700772745\n|move|p1a: Raven|Foul Play|p2a: Torkoal\n|-damage|p2a: Torkoal|16\/100 par\n|cant|p2a: Torkoal|par\n|\n|-weather|none\n|upkeep\n|turn|25\n|\n|t:|1700772750\n|move|p1a: Raven|Foul Play|p2a: Torkoal\n|-damage|p2a: Torkoal|0 fnt\n|faint|p2a: Torkoal\n|\n|upkeep\n|\n|t:|1700772755\n|switch|p2a: Iron Valiant|Iron Valiant|100\/100\n|-enditem|p2a: Iron Valiant|Booster Energy\n|-activate|p2a: Iron Valiant|ability: Quark Drive|[fromitem]\n|-start|p2a: Iron Valiant|quarkdriveatk\n|turn|26\n|\n|t:|1700772763\n|move|p2a: Iron Valiant|Protect|p2a: Iron Valiant\n|-singleturn|p2a: Iron Valiant|Protect\n|move|p1a: Raven|Foul Play|p2a: Iron Valiant\n|-activate|p2a: Iron Valiant|move: Protect\n|\n|upkeep\n|turn|27\n|\n|t:|1700772779\n|switch|p1a: Amy|Tinkaton, F|84\/100\n|-ability|p1a: Amy|Mold Breaker\n|move|p2a: Iron Valiant|Swords Dance|p2a: Iron Valiant\n|-boost|p2a: Iron Valiant|atk|2\n|\n|upkeep\n|turn|28\n|\n|t:|1700772788\n|move|p2a: Iron Valiant|Metronome|p2a: Iron Valiant\n|move|p2a: Iron Valiant|Burn Up||[from]move: Metronome|[still]\n|-fail|p2a: Iron Valiant|move: Burn Up\n|move|p1a: Amy|Gigaton Hammer|p2a: Iron Valiant\n|-supereffective|p2a: Iron Valiant\n|-damage|p2a: Iron Valiant|0 fnt\n|faint|p2a: Iron Valiant\n|-end|p2a: Iron Valiant|Quark Drive|[silent]\n|\n|win|Icefanngs\n|raw|Icefanngs's rating: 1117 &rarr; <strong>1137<\/strong><br \/>(+20 for winning)\n|raw|Naerzar's rating: 1053 &rarr; <strong>1038<\/strong><br \/>(-15 for losing)\n|l|\u2606Naerzar\n","uploadtime":1700772820,"views":19,"p1id":"icefanngs","p2id":"naerzar","formatid":"gen9ou","rating":1038,"private":0,"password":""}