{"id":"gen9ou-1989775890","p1":"Usopp D Gawd","p2":"Carl11811","format":"[Gen 9] OU","log":"|j|\u2606Usopp D Gawd\n|j|\u2606Carl11811\n|t:|1699894744\n|gametype|singles\n|player|p1|Usopp D Gawd|blue|1312\n|player|p2|Carl11811|norman|1303\n|teamsize|p1|6\n|teamsize|p2|6\n|gen|9\n|tier|[Gen 9] OU\n|rated|\n|rule|Sleep Clause Mod: Limit one foe put to sleep\n|rule|Species Clause: Limit one of each Pok\u00e9mon\n|rule|OHKO Clause: OHKO moves are banned\n|rule|Evasion Items Clause: Evasion items are banned\n|rule|Evasion Moves Clause: Evasion moves are banned\n|rule|Endless Battle Clause: Forcing endless battles is banned\n|rule|HP Percentage Mod: HP is shown in percentages\n|clearpoke\n|poke|p1|Great Tusk|\n|poke|p1|Dragapult, M|\n|poke|p1|Iron Moth|\n|poke|p1|Ogerpon-Wellspring, F|\n|poke|p1|Uxie|\n|poke|p1|Clefable, F|\n|poke|p2|Ribombee, F|\n|poke|p2|Ting-Lu|\n|poke|p2|Zamazenta-*|\n|poke|p2|Gholdengo|\n|poke|p2|Ceruledge, M|\n|poke|p2|Dondozo, F|\n|teampreview\n|\n|t:|1699894758\n|start\n|switch|p1a: The Fur.|Uxie, shiny|100\/100\n|switch|p2a: Zamazenta|Zamazenta, shiny|100\/100\n|-ability|p2a: Zamazenta|Dauntless Shield|boost\n|-boost|p2a: Zamazenta|def|1\n|turn|1\n|inactive|Battle timer is ON: inactive players will automatically lose when time's up. (requested by Carl11811)\n|\n|t:|1699894767\n|move|p2a: Zamazenta|Iron Defense|p2a: Zamazenta\n|-boost|p2a: Zamazenta|def|2\n|move|p1a: The Fur.|Thunder Wave|p2a: Zamazenta\n|-status|p2a: Zamazenta|par\n|\n|upkeep\n|turn|2\n|\n|t:|1699894775\n|move|p1a: The Fur.|Psychic|p2a: Zamazenta\n|-supereffective|p2a: Zamazenta\n|-damage|p2a: Zamazenta|60\/100 par\n|-unboost|p2a: Zamazenta|spd|1\n|move|p2a: Zamazenta|Iron Defense|p2a: Zamazenta\n|-boost|p2a: Zamazenta|def|2\n|\n|-heal|p2a: Zamazenta|66\/100 par|[from] item: Leftovers\n|upkeep\n|turn|3\n|\n|t:|1699894784\n|move|p1a: The Fur.|Psychic|p2a: Zamazenta\n|-supereffective|p2a: Zamazenta\n|-damage|p2a: Zamazenta|11\/100 par\n|move|p2a: Zamazenta|Crunch|p1a: The Fur.\n|-supereffective|p1a: The Fur.\n|-damage|p1a: The Fur.|66\/100\n|\n|-heal|p1a: The Fur.|72\/100|[from] item: Leftovers\n|-heal|p2a: Zamazenta|18\/100 par|[from] item: Leftovers\n|upkeep\n|turn|4\n|\n|t:|1699894794\n|move|p1a: The Fur.|Psychic|p2a: Zamazenta\n|-supereffective|p2a: Zamazenta\n|-damage|p2a: Zamazenta|0 fnt\n|faint|p2a: Zamazenta\n|\n|-heal|p1a: The Fur.|78\/100|[from] item: Leftovers\n|upkeep\n|\n|t:|1699894803\n|switch|p2a: Gholdengo|Gholdengo, shiny|100\/100\n|turn|5\n|\n|t:|1699894808\n|move|p1a: The Fur.|U-turn|p2a: Gholdengo\n|-resisted|p2a: Gholdengo\n|-damage|p2a: Gholdengo|98\/100\n|\n|t:|1699894821\n|switch|p1a: Ace Spectrum|Clefable, F|100\/100|[from] U-turn\n|move|p2a: Gholdengo|Shadow Ball|p1a: Ace Spectrum\n|-damage|p1a: Ace Spectrum|53\/100\n|\n|-heal|p2a: Gholdengo|100\/100|[from] item: Leftovers\n|-heal|p1a: Ace Spectrum|59\/100|[from] item: Leftovers\n|upkeep\n|turn|6\n|\n|t:|1699894841\n|-terastallize|p1a: Ace Spectrum|Water\n|move|p2a: Gholdengo|Flash Cannon|p1a: Ace Spectrum\n|-resisted|p1a: Ace Spectrum\n|-damage|p1a: Ace Spectrum|38\/100\n|-unboost|p1a: Ace Spectrum|spd|1\n|move|p1a: Ace Spectrum|Calm Mind|p1a: Ace Spectrum\n|-boost|p1a: Ace Spectrum|spa|1\n|-boost|p1a: Ace Spectrum|spd|1\n|\n|-heal|p1a: Ace Spectrum|44\/100|[from] item: Leftovers\n|upkeep\n|turn|7\n|\n|t:|1699894853\n|move|p2a: Gholdengo|Shadow Ball|p1a: Ace Spectrum\n|-damage|p1a: Ace Spectrum|2\/100\n|move|p1a: Ace Spectrum|Calm Mind|p1a: Ace Spectrum\n|-boost|p1a: Ace Spectrum|spa|1\n|-boost|p1a: Ace Spectrum|spd|1\n|\n|-heal|p1a: Ace Spectrum|8\/100|[from] item: Leftovers\n|upkeep\n|turn|8\n|\n|t:|1699894863\n|switch|p1a: Redveil|Iron Moth|100\/100\n|-enditem|p1a: Redveil|Booster Energy\n|-activate|p1a: Redveil|ability: Quark Drive|[fromitem]\n|-start|p1a: Redveil|quarkdrivespe\n|move|p2a: Gholdengo|Shadow Ball|p1a: Redveil\n|-damage|p1a: Redveil|49\/100\n|-unboost|p1a: Redveil|spd|1\n|\n|upkeep\n|turn|9\n|\n|t:|1699894876\n|switch|p2a: Dondozo|Dondozo, F, shiny|100\/100\n|move|p1a: Redveil|Fiery Dance|p2a: Dondozo\n|-resisted|p2a: Dondozo\n|-crit|p2a: Dondozo\n|-damage|p2a: Dondozo|80\/100\n|\n|upkeep\n|turn|10\n|\n|t:|1699894892\n|-end|p1a: Redveil|Quark Drive|[silent]\n|switch|p1a: Sam Ezeh|Ogerpon-Wellspring, F|100\/100\n|move|p2a: Dondozo|Curse|p2a: Dondozo\n|-unboost|p2a: Dondozo|spe|1\n|-boost|p2a: Dondozo|atk|1\n|-boost|p2a: Dondozo|def|1\n|\n|upkeep\n|turn|11\n|\n|t:|1699894901\n|move|p1a: Sam Ezeh|Horn Leech|p2a: Dondozo\n|-supereffective|p2a: Dondozo\n|-damage|p2a: Dondozo|46\/100\n|move|p2a: Dondozo|Curse|p2a: Dondozo\n|-unboost|p2a: Dondozo|spe|1\n|-boost|p2a: Dondozo|atk|1\n|-boost|p2a: Dondozo|def|1\n|\n|upkeep\n|turn|12\n|\n|t:|1699894908\n|move|p1a: Sam Ezeh|Horn Leech|p2a: Dondozo\n|-supereffective|p2a: Dondozo\n|-damage|p2a: Dondozo|19\/100\n|move|p2a: Dondozo|Curse|p2a: Dondozo\n|-unboost|p2a: Dondozo|spe|1\n|-boost|p2a: Dondozo|atk|1\n|-boost|p2a: Dondozo|def|1\n|\n|upkeep\n|turn|13\n|\n|t:|1699894916\n|move|p1a: Sam Ezeh|Horn Leech|p2a: Dondozo\n|-supereffective|p2a: Dondozo\n|-damage|p2a: Dondozo|0 fnt\n|faint|p2a: Dondozo\n|\n|upkeep\n|\n|t:|1699894921\n|switch|p2a: Ceruledge|Ceruledge, M, shiny|100\/100\n|turn|14\n|\n|t:|1699894924\n|-terastallize|p2a: Ceruledge|Grass\n|move|p1a: Sam Ezeh|U-turn|p2a: Ceruledge\n|-supereffective|p2a: Ceruledge\n|-damage|p2a: Ceruledge|18\/100\n|-ability|p2a: Ceruledge|Weak Armor|boost\n|-unboost|p2a: Ceruledge|def|1\n|-boost|p2a: Ceruledge|spe|2\n|-enditem|p2a: Ceruledge|Red Card|[of] p1a: Sam Ezeh\n|drag|p1a: The Fur.|Uxie, shiny|78\/100\n|move|p2a: Ceruledge|Swords Dance|p2a: Ceruledge\n|-boost|p2a: Ceruledge|atk|2\n|\n|-heal|p1a: The Fur.|85\/100|[from] item: Leftovers\n|upkeep\n|turn|15\n|\n|t:|1699894941\n|move|p2a: Ceruledge|Bitter Blade|p1a: The Fur.\n|-damage|p1a: The Fur.|16\/100\n|-heal|p2a: Ceruledge|60\/100|[from] drain|[of] p1a: The Fur.\n|move|p1a: The Fur.|Thunder Wave|p2a: Ceruledge\n|-status|p2a: Ceruledge|par\n|\n|-heal|p1a: The Fur.|22\/100|[from] item: Leftovers\n|upkeep\n|turn|16\n|\n|t:|1699894951\n|move|p1a: The Fur.|Stealth Rock|p2a: Ceruledge\n|-sidestart|p2: Carl11811|move: Stealth Rock\n|move|p2a: Ceruledge|Bitter Blade|p1a: The Fur.\n|-damage|p1a: The Fur.|0 fnt\n|-heal|p2a: Ceruledge|73\/100 par|[from] drain|[of] p1a: The Fur.\n|faint|p1a: The Fur.\n|\n|upkeep\n|\n|t:|1699894963\n|switch|p1a: Sam Ezeh|Ogerpon-Wellspring, F|100\/100\n|turn|17\n|\n|t:|1699894967\n|move|p1a: Sam Ezeh|U-turn|p2a: Ceruledge\n|-supereffective|p2a: Ceruledge\n|-damage|p2a: Ceruledge|0 fnt\n|faint|p2a: Ceruledge\n|-message|Carl11811 forfeited.\n|\n|win|Usopp D Gawd\n|raw|Usopp D Gawd's rating: 1312 &rarr; <strong>1331<\/strong><br \/>(+19 for winning)\n|raw|Carl11811's rating: 1303 &rarr; <strong>1284<\/strong><br \/>(-19 for losing)\n|l|\u2606Carl11811\n","uploadtime":1699894980,"views":9,"p1id":"usoppdgawd","p2id":"carl11811","formatid":"gen9ou","rating":1284,"private":0,"password":""}