{"id":"gen9ou-1988439596","p1":"emo\u70ab18\u7537\u9ad8","p2":"ABCvs123","format":"[Gen 9] OU","log":"|j|\u2606emo\u70ab18\u7537\u9ad8\n|j|\u2606ABCvs123\n|t:|1699723098\n|gametype|singles\n|player|p1|emo\u70ab18\u7537\u9ad8|steven|1201\n|player|p2|ABCvs123|170|1161\n|teamsize|p1|6\n|teamsize|p2|6\n|gen|9\n|tier|[Gen 9] OU\n|rated|\n|rule|Sleep Clause Mod: Limit one foe put to sleep\n|rule|Species Clause: Limit one of each Pok\u00e9mon\n|rule|OHKO Clause: OHKO moves are banned\n|rule|Evasion Items Clause: Evasion items are banned\n|rule|Evasion Moves Clause: Evasion moves are banned\n|rule|Endless Battle Clause: Forcing endless battles is banned\n|rule|HP Percentage Mod: HP is shown in percentages\n|clearpoke\n|poke|p1|Milotic, M|\n|poke|p1|Ninetales-Alola, M|\n|poke|p1|Sylveon, M|\n|poke|p1|Gliscor, M|\n|poke|p1|Ogerpon-Wellspring, F|\n|poke|p1|Sneasler, M|\n|poke|p2|Politoed, M|\n|poke|p2|Slowking-Galar, M|\n|poke|p2|Dondozo, M|\n|poke|p2|Corviknight, M|\n|poke|p2|Gliscor, M|\n|poke|p2|Gholdengo|\n|teampreview\n|\n|t:|1699723105\n|start\n|switch|p1a: Ninetales|Ninetales-Alola, M, shiny|100\/100\n|switch|p2a: Politoed|Politoed, M|100\/100\n|-weather|Snow|[from] ability: Snow Warning|[of] p1a: Ninetales\n|-weather|RainDance|[from] ability: Drizzle|[of] p2a: Politoed\n|turn|1\n|\n|t:|1699723119\n|switch|p1a: Milotic|Milotic, M, shiny|100\/100\n|move|p2a: Politoed|Perish Song|p2a: Politoed\n|-start|p1a: Milotic|perish3|[silent]\n|-start|p2a: Politoed|perish3|[silent]\n|-fieldactivate|move: Perish Song\n|\n|-weather|RainDance|[upkeep]\n|-start|p1a: Milotic|perish3\n|-start|p2a: Politoed|perish3\n|upkeep\n|turn|2\n|\n|t:|1699723135\n|switch|p1a: Ninetales|Ninetales-Alola, M, shiny|100\/100\n|-weather|Snow|[from] ability: Snow Warning|[of] p1a: Ninetales\n|switch|p2a: Slowking|Slowking-Galar, M|100\/100\n|\n|-weather|Snow|[upkeep]\n|upkeep\n|turn|3\n|\n|t:|1699723150\n|move|p1a: Ninetales|Blizzard|p2a: Slowking\n|-damage|p2a: Slowking|75\/100\n|move|p2a: Slowking|Sludge Bomb|p1a: Ninetales\n|-supereffective|p1a: Ninetales\n|-damage|p1a: Ninetales|18\/100\n|\n|-weather|Snow|[upkeep]\n|upkeep\n|turn|4\n|\n|t:|1699723162\n|switch|p1a: Gliscor|Gliscor, M, shiny|100\/100\n|move|p2a: Slowking|Psychic|p1a: Gliscor\n|-damage|p1a: Gliscor|58\/100\n|-unboost|p1a: Gliscor|spd|1\n|\n|-weather|Snow|[upkeep]\n|-status|p1a: Gliscor|tox|[from] item: Toxic Orb\n|upkeep\n|turn|5\n|\n|t:|1699723175\n|switch|p2a: Corviknight|Corviknight, M|100\/100\n|-ability|p2a: Corviknight|Pressure\n|move|p1a: Gliscor|Stealth Rock|p2a: Corviknight\n|-sidestart|p2: ABCvs123|move: Stealth Rock\n|\n|-weather|Snow|[upkeep]\n|-heal|p1a: Gliscor|70\/100 tox|[from] ability: Poison Heal\n|upkeep\n|turn|6\n|\n|t:|1699723184\n|move|p1a: Gliscor|Protect|p1a: Gliscor\n|-singleturn|p1a: Gliscor|Protect\n|move|p2a: Corviknight|U-turn|p1a: Gliscor\n|-activate|p1a: Gliscor|move: Protect\n|\n|-weather|none\n|-heal|p1a: Gliscor|83\/100 tox|[from] ability: Poison Heal\n|upkeep\n|turn|7\n|\n|t:|1699723196\n|switch|p1a: Ninetales|Ninetales-Alola, M, shiny|18\/100\n|-weather|Snow|[from] ability: Snow Warning|[of] p1a: Ninetales\n|move|p2a: Corviknight|Brave Bird|p1a: Ninetales\n|-damage|p1a: Ninetales|0 fnt\n|faint|p1a: Ninetales\n|-damage|p2a: Corviknight|96\/100|[from] Recoil\n|\n|-weather|Snow|[upkeep]\n|-heal|p2a: Corviknight|100\/100|[from] item: Leftovers\n|upkeep\n|\n|t:|1699723210\n|switch|p1a: Ogerpon|Ogerpon-Wellspring, F|100\/100\n|turn|8\n|\n|t:|1699723221\n|-terastallize|p1a: Ogerpon|Water\n|detailschange|p1a: Ogerpon|Ogerpon-Wellspring-Tera, F, tera:Water\n|-ability|p1a: Ogerpon|Embody Aspect (Wellspring)|boost\n|-boost|p1a: Ogerpon|spd|1\n|move|p1a: Ogerpon|Swords Dance|p1a: Ogerpon\n|-boost|p1a: Ogerpon|atk|2\n|move|p2a: Corviknight|U-turn|p1a: Ogerpon\n|-damage|p1a: Ogerpon|81\/100\n|\n|t:|1699723236\n|switch|p2a: Dondozo|Dondozo, M|100\/100|[from] U-turn\n|-damage|p2a: Dondozo|88\/100|[from] Stealth Rock\n|\n|-weather|Snow|[upkeep]\n|upkeep\n|turn|9\n|\n|t:|1699723246\n|move|p1a: Ogerpon|Horn Leech|p2a: Dondozo\n|-supereffective|p2a: Dondozo\n|-damage|p2a: Dondozo|52\/100\n|-heal|p1a: Ogerpon|100\/100|[from] drain|[of] p2a: Dondozo\n|-damage|p1a: Ogerpon|84\/100|[from] item: Rocky Helmet|[of] p2a: Dondozo\n|move|p2a: Dondozo|Earthquake|p1a: Ogerpon\n|-damage|p1a: Ogerpon|55\/100\n|\n|-weather|Snow|[upkeep]\n|upkeep\n|turn|10\n|inactive|Battle timer is ON: inactive players will automatically lose when time's up. (requested by emo\u70ab18\u7537\u9ad8)\n|\n|t:|1699723270\n|switch|p2a: Corviknight|Corviknight, M|100\/100\n|-damage|p2a: Corviknight|88\/100|[from] Stealth Rock\n|-ability|p2a: Corviknight|Pressure\n|move|p1a: Ogerpon|Horn Leech|p2a: Corviknight\n|-resisted|p2a: Corviknight\n|-damage|p2a: Corviknight|75\/100\n|-heal|p1a: Ogerpon|64\/100|[from] drain|[of] p2a: Corviknight\n|\n|-weather|Snow|[upkeep]\n|-heal|p2a: Corviknight|81\/100|[from] item: Leftovers\n|upkeep\n|turn|11\n|\n|t:|1699723284\n|move|p1a: Ogerpon|Ivy Cudgel|p2a: Corviknight\n|-damage|p2a: Corviknight|0 fnt\n|faint|p2a: Corviknight\n|\n|-weather|none\n|upkeep\n|\n|t:|1699723301\n|switch|p2a: Gholdengo|Gholdengo|100\/100\n|-damage|p2a: Gholdengo|94\/100|[from] Stealth Rock\n|turn|12\n|\n|t:|1699723305\n|move|p1a: Ogerpon|Ivy Cudgel|p2a: Gholdengo\n|-damage|p2a: Gholdengo|0 fnt\n|faint|p2a: Gholdengo\n|\n|upkeep\n|\n|t:|1699723318\n|switch|p2a: Politoed|Politoed, M|100\/100\n|-damage|p2a: Politoed|88\/100|[from] Stealth Rock\n|-weather|RainDance|[from] ability: Drizzle|[of] p2a: Politoed\n|turn|13\n|\n|t:|1699723325\n|move|p1a: Ogerpon|Horn Leech|p2a: Politoed\n|-supereffective|p2a: Politoed\n|-damage|p2a: Politoed|0 fnt\n|-heal|p1a: Ogerpon|100\/100|[from] drain|[of] p2a: Politoed\n|faint|p2a: Politoed\n|\n|-weather|RainDance|[upkeep]\n|upkeep\n|\n|t:|1699723333\n|switch|p2a: Slowking|Slowking-Galar, M|100\/100\n|-damage|p2a: Slowking|88\/100|[from] Stealth Rock\n|turn|14\n|\n|t:|1699723338\n|move|p1a: Ogerpon|Ivy Cudgel|p2a: Slowking\n|-crit|p2a: Slowking\n|-damage|p2a: Slowking|0 fnt\n|faint|p2a: Slowking\n|\n|-weather|RainDance|[upkeep]\n|upkeep\n|\n|t:|1699723345\n|switch|p2a: Dondozo|Dondozo, M|52\/100\n|-damage|p2a: Dondozo|39\/100|[from] Stealth Rock\n|turn|15\n|\n|t:|1699723350\n|move|p1a: Ogerpon|Horn Leech|p2a: Dondozo\n|-supereffective|p2a: Dondozo\n|-damage|p2a: Dondozo|0 fnt\n|-damage|p1a: Ogerpon|84\/100|[from] item: Rocky Helmet|[of] p2a: Dondozo\n|faint|p2a: Dondozo\n|\n|-weather|RainDance|[upkeep]\n|upkeep\n|\n|t:|1699723357\n|switch|p2a: Gliscor|Gliscor, M|100\/100\n|-damage|p2a: Gliscor|88\/100|[from] Stealth Rock\n|turn|16\n|\n|t:|1699723360\n|move|p1a: Ogerpon|Ivy Cudgel|p2a: Gliscor\n|-supereffective|p2a: Gliscor\n|-damage|p2a: Gliscor|0 fnt\n|faint|p2a: Gliscor\n|\n|win|emo\u70ab18\u7537\u9ad8\n|raw|emo\u70ab18\u7537\u9ad8's rating: 1201 &rarr; <strong>1223<\/strong><br \/>(+22 for winning)\n|raw|ABCvs123's rating: 1161 &rarr; <strong>1139<\/strong><br \/>(-22 for losing)\n|l|\u2606ABCvs123\n","uploadtime":1699723382,"views":15,"p1id":"emo18","p2id":"abcvs123","formatid":"gen9ou","rating":1139,"private":0,"password":""}