{"id":"gen9ou-1995851964","p1":"soccersniper","p2":"s.daninja","format":"[Gen 9] OU","log":"|j|\u2606soccersniper\n|j|\u2606s.daninja\n|t:|1700609701\n|gametype|singles\n|player|p1|soccersniper|101|1476\n|player|p2|s.daninja|cynthia-gen4|1595\n|teamsize|p1|6\n|teamsize|p2|6\n|gen|9\n|tier|[Gen 9] OU\n|rated|\n|rule|Sleep Clause Mod: Limit one foe put to sleep\n|rule|Species Clause: Limit one of each Pok\u00e9mon\n|rule|OHKO Clause: OHKO moves are banned\n|rule|Evasion Items Clause: Evasion items are banned\n|rule|Evasion Moves Clause: Evasion moves are banned\n|rule|Endless Battle Clause: Forcing endless battles is banned\n|rule|HP Percentage Mod: HP is shown in percentages\n|clearpoke\n|poke|p1|Zapdos|\n|poke|p1|Scizor, M|\n|poke|p1|Dragapult, M|\n|poke|p1|Empoleon, F|\n|poke|p1|Skeledirge, F|\n|poke|p1|Great Tusk|\n|poke|p2|Meowscarada, M|\n|poke|p2|Pawmot, M|\n|poke|p2|Ceruledge, M|\n|poke|p2|Greninja-*, M|\n|poke|p2|Maushold|\n|poke|p2|Jirachi|\n|teampreview\n|\n|t:|1700609726\n|start\n|switch|p1a: Dragapult|Dragapult, M|100\/100\n|switch|p2a: Jirachi|Jirachi|100\/100\n|turn|1\n|\n|t:|1700609759\n|move|p2a: Jirachi|Trick|p1a: Dragapult\n|-activate|p2a: Jirachi|move: Trick|[of] p1a: Dragapult\n|-item|p1a: Dragapult|Choice Scarf|[from] move: Trick\n|-item|p2a: Jirachi|Choice Specs|[from] move: Trick\n|move|p1a: Dragapult|U-turn|p2a: Jirachi\n|-damage|p2a: Jirachi|82\/100\n|\n|t:|1700609784\n|switch|p1a: Skeledirge|Skeledirge, F|100\/100|[from] U-turn\n|\n|upkeep\n|turn|2\n|\n|t:|1700609795\n|move|p2a: Jirachi|Trick|p1a: Skeledirge\n|-activate|p2a: Jirachi|move: Trick|[of] p1a: Skeledirge\n|-item|p1a: Skeledirge|Choice Specs|[from] move: Trick\n|-item|p2a: Jirachi|Heavy-Duty Boots|[from] move: Trick\n|move|p1a: Skeledirge|Shadow Ball|p2a: Jirachi\n|-supereffective|p2a: Jirachi\n|-damage|p2a: Jirachi|0 fnt\n|faint|p2a: Jirachi\n|\n|upkeep\n|\n|t:|1700609798\n|switch|p2a: Maushold|Maushold|100\/100\n|turn|3\n|\n|t:|1700609839\n|switch|p1a: Zapdos|Zapdos|100\/100\n|move|p2a: Maushold|Tidy Up|p2a: Maushold\n|-boost|p2a: Maushold|atk|1\n|-boost|p2a: Maushold|spe|1\n|\n|upkeep\n|turn|4\n|\n|t:|1700609852\n|switch|p1a: Skeledirge|Skeledirge, F|100\/100\n|move|p2a: Maushold|Population Bomb|p1a: Skeledirge\n|-immune|p1a: Skeledirge\n|\n|upkeep\n|turn|5\n|\n|t:|1700609857\n|switch|p2a: Flaminhot|Ceruledge, M|100\/100\n|move|p1a: Skeledirge|Torch Song|p2a: Flaminhot\n|-start|p2a: Flaminhot|ability: Flash Fire\n|\n|upkeep\n|turn|6\n|\n|t:|1700609860\n|switch|p1a: Zapdos|Zapdos|100\/100\n|move|p2a: Flaminhot|Substitute|p2a: Flaminhot\n|-start|p2a: Flaminhot|Substitute\n|-damage|p2a: Flaminhot|76\/100\n|\n|-heal|p2a: Flaminhot|82\/100|[from] item: Leftovers\n|upkeep\n|turn|7\n|\n|t:|1700609905\n|move|p1a: Zapdos|Volt Switch|p2a: Flaminhot\n|-end|p2a: Flaminhot|Substitute\n|\n|t:|1700609921\n|switch|p1a: Great Tusk|Great Tusk|100\/100|[from] Volt Switch\n|-enditem|p1a: Great Tusk|Booster Energy\n|-activate|p1a: Great Tusk|ability: Protosynthesis|[fromitem]\n|-start|p1a: Great Tusk|protosynthesisspe\n|move|p2a: Flaminhot|Bitter Blade|p1a: Great Tusk\n|-damage|p1a: Great Tusk|63\/100\n|-heal|p2a: Flaminhot|100\/100|[from] drain|[of] p1a: Great Tusk\n|\n|upkeep\n|turn|8\n|\n|t:|1700609928\n|-terastallize|p2a: Flaminhot|Grass\n|move|p1a: Great Tusk|Headlong Rush|p2a: Flaminhot\n|-resisted|p2a: Flaminhot\n|-damage|p2a: Flaminhot|72\/100\n|-unboost|p1a: Great Tusk|def|1\n|-unboost|p1a: Great Tusk|spd|1\n|move|p2a: Flaminhot|Bulk Up|p2a: Flaminhot\n|-boost|p2a: Flaminhot|atk|1\n|-boost|p2a: Flaminhot|def|1\n|\n|-heal|p2a: Flaminhot|79\/100|[from] item: Leftovers\n|upkeep\n|turn|9\n|\n|t:|1700609937\n|move|p1a: Great Tusk|Ice Spinner|p2a: Flaminhot\n|-supereffective|p2a: Flaminhot\n|-damage|p2a: Flaminhot|43\/100\n|move|p2a: Flaminhot|Bitter Blade|p1a: Great Tusk\n|-damage|p1a: Great Tusk|0 fnt\n|-heal|p2a: Flaminhot|90\/100|[from] drain|[of] p1a: Great Tusk\n|faint|p1a: Great Tusk\n|-end|p1a: Great Tusk|Protosynthesis|[silent]\n|\n|-heal|p2a: Flaminhot|96\/100|[from] item: Leftovers\n|upkeep\n|\n|t:|1700609951\n|switch|p1a: Zapdos|Zapdos|100\/100\n|turn|10\n|\n|t:|1700609963\n|-terastallize|p1a: Zapdos|Water\n|move|p1a: Zapdos|Hurricane|p2a: Flaminhot\n|-supereffective|p2a: Flaminhot\n|-damage|p2a: Flaminhot|15\/100\n|move|p2a: Flaminhot|Bitter Blade|p1a: Zapdos\n|-resisted|p1a: Zapdos\n|-damage|p1a: Zapdos|60\/100\n|-heal|p2a: Flaminhot|41\/100|[from] drain|[of] p1a: Zapdos\n|-status|p2a: Flaminhot|par|[from] ability: Static|[of] p1a: Zapdos\n|\n|-heal|p2a: Flaminhot|48\/100 par|[from] item: Leftovers\n|upkeep\n|turn|11\n|\n|t:|1700609974\n|cant|p2a: Flaminhot|par\n|move|p1a: Zapdos|Hurricane|p2a: Flaminhot\n|-supereffective|p2a: Flaminhot\n|-damage|p2a: Flaminhot|0 fnt\n|faint|p2a: Flaminhot\n|\n|upkeep\n|\n|t:|1700609977\n|switch|p2a: Panchi|Pawmot, M|100\/100\n|turn|12\n|\n|t:|1700609993\n|switch|p1a: Skeledirge|Skeledirge, F|100\/100\n|move|p2a: Panchi|Nuzzle|p1a: Skeledirge\n|-damage|p1a: Skeledirge|92\/100\n|-status|p1a: Skeledirge|par\n|\n|upkeep\n|turn|13\n|\n|t:|1700609999\n|move|p2a: Panchi|Revival Blessing|p2a: Panchi\n|-enditem|p2a: Panchi|Leppa Berry|[eat]\n|-activate|p2a: Panchi|item: Leppa Berry|Revival Blessing|[consumed]\n|\n|t:|1700610002\n|-heal|p2: Flaminhot|50\/100|[from] move: Revival Blessing\n|cant|p1a: Skeledirge|par\n|\n|upkeep\n|turn|14\n|\n|t:|1700610011\n|move|p2a: Panchi|Revival Blessing|p2a: Panchi\n|\n|t:|1700610019\n|-heal|p2: Jirachi|50\/100|[from] move: Revival Blessing\n|move|p1a: Skeledirge|Will-O-Wisp|p2a: Panchi\n|-status|p2a: Panchi|brn\n|\n|-damage|p2a: Panchi|94\/100 brn|[from] brn\n|upkeep\n|turn|15\n|\n|t:|1700610032\n|switch|p1a: Dragapult|Dragapult, M|100\/100\n|move|p2a: Panchi|Nuzzle|p1a: Dragapult\n|-resisted|p1a: Dragapult\n|-damage|p1a: Dragapult|98\/100\n|-status|p1a: Dragapult|par\n|\n|-damage|p2a: Panchi|88\/100 brn|[from] brn\n|upkeep\n|turn|16\n|\n|t:|1700610042\n|move|p2a: Panchi|Ice Punch|p1a: Dragapult\n|-supereffective|p1a: Dragapult\n|-damage|p1a: Dragapult|66\/100 par\n|cant|p1a: Dragapult|par\n|\n|-damage|p2a: Panchi|82\/100 brn|[from] brn\n|upkeep\n|turn|17\n|\n|t:|1700610046\n|move|p2a: Panchi|Ice Punch|p1a: Dragapult\n|-supereffective|p1a: Dragapult\n|-damage|p1a: Dragapult|32\/100 par\n|move|p1a: Dragapult|Draco Meteor|p2a: Panchi\n|-damage|p2a: Panchi|0 fnt\n|-unboost|p1a: Dragapult|spa|2\n|faint|p2a: Panchi\n|\n|upkeep\n|\n|t:|1700610053\n|switch|p2a: Xana|Meowscarada, M|100\/100\n|turn|18\n|\n|t:|1700610065\n|switch|p1a: Zapdos|Zapdos, tera:Water|60\/100\n|move|p2a: Xana|Knock Off|p1a: Zapdos\n|-damage|p1a: Zapdos|10\/100\n|-enditem|p1a: Zapdos|Heavy-Duty Boots|[from] move: Knock Off|[of] p2a: Xana\n|-damage|p2a: Xana|91\/100|[from] item: Life Orb\n|\n|upkeep\n|turn|19\n|\n|t:|1700610072\n|switch|p1a: Scizor|Scizor, M|100\/100\n|move|p2a: Xana|Flower Trick|p1a: Scizor\n|-resisted|p1a: Scizor\n|-crit|p1a: Scizor\n|-damage|p1a: Scizor|84\/100\n|-damage|p2a: Xana|81\/100|[from] item: Life Orb\n|\n|upkeep\n|turn|20\n|\n|t:|1700610076\n|move|p2a: Xana|Knock Off|p1a: Scizor\n|-damage|p1a: Scizor|16\/100\n|-enditem|p1a: Scizor|Choice Band|[from] move: Knock Off|[of] p2a: Xana\n|-damage|p2a: Xana|71\/100|[from] item: Life Orb\n|move|p1a: Scizor|U-turn|p2a: Xana\n|-supereffective|p2a: Xana\n|-damage|p2a: Xana|0 fnt\n|faint|p2a: Xana\n|\n|t:|1700610087\n|switch|p1a: Zapdos|Zapdos, tera:Water|10\/100|[from] U-turn\n|\n|upkeep\n|\n|t:|1700610091\n|switch|p2a: Greninja|Greninja, M|100\/100\n|turn|21\n|\n|t:|1700610094\n|switch|p1a: Empoleon|Empoleon, F|100\/100\n|move|p2a: Greninja|Dark Pulse|p1a: Empoleon\n|-damage|p1a: Empoleon|71\/100\n|-damage|p2a: Greninja|91\/100|[from] item: Life Orb\n|\n|-heal|p1a: Empoleon|77\/100|[from] item: Leftovers\n|upkeep\n|turn|22\n|\n|t:|1700610098\n|switch|p2a: Jirachi|Jirachi|50\/100\n|move|p1a: Empoleon|Stealth Rock|p2a: Jirachi\n|-sidestart|p2: s.daninja|move: Stealth Rock\n|\n|-heal|p1a: Empoleon|84\/100|[from] item: Leftovers\n|upkeep\n|turn|23\n|\n|t:|1700610104\n|move|p2a: Jirachi|Iron Head|p1a: Empoleon\n|-resisted|p1a: Empoleon\n|-damage|p1a: Empoleon|74\/100\n|move|p1a: Empoleon|Flip Turn|p2a: Jirachi\n|-damage|p2a: Jirachi|32\/100\n|\n|t:|1700610119\n|switch|p1a: Dragapult|Dragapult, M|32\/100 par|[from] Flip Turn\n|\n|upkeep\n|turn|24\n|\n|t:|1700610125\n|move|p2a: Jirachi|Meteor Mash|p1a: Dragapult\n|-damage|p1a: Dragapult|0 fnt\n|faint|p1a: Dragapult\n|\n|upkeep\n|\n|t:|1700610138\n|switch|p1a: Scizor|Scizor, M|16\/100\n|turn|25\n|\n|t:|1700610142\n|move|p1a: Scizor|Bullet Punch|p2a: Jirachi\n|-resisted|p2a: Jirachi\n|-damage|p2a: Jirachi|15\/100\n|move|p2a: Jirachi|Iron Head|p1a: Scizor\n|-resisted|p1a: Scizor\n|-damage|p1a: Scizor|0 fnt\n|faint|p1a: Scizor\n|\n|upkeep\n|\n|t:|1700610149\n|switch|p1a: Empoleon|Empoleon, F|74\/100\n|turn|26\n|\n|t:|1700610157\n|move|p2a: Jirachi|Iron Head|p1a: Empoleon\n|-resisted|p1a: Empoleon\n|-damage|p1a: Empoleon|66\/100\n|cant|p1a: Empoleon|flinch\n|\n|-heal|p1a: Empoleon|72\/100|[from] item: Leftovers\n|upkeep\n|turn|27\n|\n|t:|1700610160\n|move|p2a: Jirachi|Iron Head|p1a: Empoleon\n|-resisted|p1a: Empoleon\n|-damage|p1a: Empoleon|64\/100\n|cant|p1a: Empoleon|flinch\n|\n|-heal|p1a: Empoleon|70\/100|[from] item: Leftovers\n|upkeep\n|turn|28\n|\n|t:|1700610163\n|move|p2a: Jirachi|Iron Head|p1a: Empoleon\n|-resisted|p1a: Empoleon\n|-damage|p1a: Empoleon|62\/100\n|cant|p1a: Empoleon|flinch\n|\n|-heal|p1a: Empoleon|68\/100|[from] item: Leftovers\n|upkeep\n|turn|29\n|\n|t:|1700610166\n|move|p2a: Jirachi|Iron Head|p1a: Empoleon\n|-resisted|p1a: Empoleon\n|-damage|p1a: Empoleon|59\/100\n|move|p1a: Empoleon|Roost|p1a: Empoleon\n|-heal|p1a: Empoleon|100\/100\n|-singleturn|p1a: Empoleon|move: Roost\n|\n|upkeep\n|turn|30\n|\n|t:|1700610171\n|move|p2a: Jirachi|Iron Head|p1a: Empoleon\n|-resisted|p1a: Empoleon\n|-damage|p1a: Empoleon|91\/100\n|cant|p1a: Empoleon|flinch\n|\n|-heal|p1a: Empoleon|98\/100|[from] item: Leftovers\n|upkeep\n|turn|31\n|\n|t:|1700610174\n|move|p2a: Jirachi|Trick|p1a: Empoleon\n|-activate|p2a: Jirachi|move: Trick|[of] p1a: Empoleon\n|-item|p1a: Empoleon|Heavy-Duty Boots|[from] move: Trick\n|-item|p2a: Jirachi|Leftovers|[from] move: Trick\n|move|p1a: Empoleon|Flip Turn|p2a: Jirachi\n|-damage|p2a: Jirachi|0 fnt\n|faint|p2a: Jirachi\n|\n|t:|1700610190\n|switch|p1a: Zapdos|Zapdos, tera:Water|10\/100|[from] Flip Turn\n|\n|upkeep\n|\n|t:|1700610193\n|switch|p2a: Greninja|Greninja, M|91\/100\n|-damage|p2a: Greninja|78\/100|[from] Stealth Rock\n|turn|32\n|\n|t:|1700610197\n|switch|p1a: Empoleon|Empoleon, F|98\/100\n|move|p2a: Greninja|Dark Pulse|p1a: Empoleon\n|-damage|p1a: Empoleon|68\/100\n|-damage|p2a: Greninja|69\/100|[from] item: Life Orb\n|\n|upkeep\n|turn|33\n|\n|t:|1700610206\n|move|p2a: Greninja|Dark Pulse|p1a: Empoleon\n|-damage|p1a: Empoleon|39\/100\n|-damage|p2a: Greninja|59\/100|[from] item: Life Orb\n|move|p1a: Empoleon|Roost|p1a: Empoleon\n|-heal|p1a: Empoleon|89\/100\n|-singleturn|p1a: Empoleon|move: Roost\n|\n|upkeep\n|turn|34\n|\n|t:|1700610211\n|switch|p2a: Maushold|Maushold|100\/100\n|-damage|p2a: Maushold|88\/100|[from] Stealth Rock\n|move|p1a: Empoleon|Flip Turn|p2a: Maushold\n|-damage|p2a: Maushold|58\/100\n|\n|t:|1700610213\n|switch|p1a: Skeledirge|Skeledirge, F|92\/100 par|[from] Flip Turn\n|\n|upkeep\n|turn|35\n|\n|t:|1700610246\n|move|p2a: Maushold|Tidy Up|p2a: Maushold\n|-sideend|p2: s.daninja|Stealth Rock\n|-activate|p2a: Maushold|move: Tidy Up\n|-boost|p2a: Maushold|atk|1\n|-boost|p2a: Maushold|spe|1\n|move|p1a: Skeledirge|Will-O-Wisp|p2a: Maushold\n|-status|p2a: Maushold|brn\n|\n|-damage|p2a: Maushold|51\/100 brn|[from] brn\n|upkeep\n|turn|36\n|\n|t:|1700610259\n|switch|p1a: Zapdos|Zapdos, tera:Water|10\/100\n|move|p2a: Maushold|Population Bomb|p1a: Zapdos\n|-damage|p1a: Zapdos|3\/100\n|-damage|p1a: Zapdos|0 fnt\n|faint|p1a: Zapdos\n|-hitcount|p1: Zapdos|2\n|\n|-damage|p2a: Maushold|45\/100 brn|[from] brn\n|upkeep\n|\n|t:|1700610266\n|switch|p1a: Empoleon|Empoleon, F|89\/100\n|turn|37\n|\n|t:|1700610272\n|move|p2a: Maushold|Low Kick|p1a: Empoleon\n|-supereffective|p1a: Empoleon\n|-damage|p1a: Empoleon|61\/100\n|move|p1a: Empoleon|Flip Turn|p2a: Maushold\n|-damage|p2a: Maushold|18\/100 brn\n|\n|t:|1700610274\n|switch|p1a: Skeledirge|Skeledirge, F|92\/100 par|[from] Flip Turn\n|\n|-damage|p2a: Maushold|12\/100 brn|[from] brn\n|upkeep\n|turn|38\n|\n|t:|1700610277\n|switch|p1a: Empoleon|Empoleon, F|61\/100\n|move|p2a: Maushold|Bite|p1a: Empoleon\n|-damage|p1a: Empoleon|45\/100\n|\n|-damage|p2a: Maushold|6\/100 brn|[from] brn\n|upkeep\n|turn|39\n|\n|t:|1700610282\n|move|p2a: Maushold|Bite|p1a: Empoleon\n|-damage|p1a: Empoleon|30\/100\n|move|p1a: Empoleon|Roost|p1a: Empoleon\n|-heal|p1a: Empoleon|80\/100\n|-singleturn|p1a: Empoleon|move: Roost\n|\n|-damage|p2a: Maushold|0 fnt|[from] brn\n|faint|p2a: Maushold\n|upkeep\n|\n|t:|1700610286\n|switch|p2a: Flaminhot|Ceruledge, M|50\/100\n|turn|40\n|\n|t:|1700610290\n|move|p2a: Flaminhot|Substitute|p2a: Flaminhot\n|-start|p2a: Flaminhot|Substitute\n|-damage|p2a: Flaminhot|26\/100\n|move|p1a: Empoleon|Surf|p2a: Flaminhot\n|-supereffective|p2a: Flaminhot\n|-end|p2a: Flaminhot|Substitute\n|\n|-heal|p2a: Flaminhot|32\/100|[from] item: Leftovers\n|upkeep\n|turn|41\n|\n|t:|1700610293\n|move|p2a: Flaminhot|Bitter Blade|p1a: Empoleon\n|-damage|p1a: Empoleon|39\/100\n|-heal|p2a: Flaminhot|58\/100|[from] drain|[of] p1a: Empoleon\n|move|p1a: Empoleon|Surf|p2a: Flaminhot\n|-supereffective|p2a: Flaminhot\n|-damage|p2a: Flaminhot|0 fnt\n|faint|p2a: Flaminhot\n|\n|upkeep\n|\n|t:|1700610297\n|switch|p2a: Greninja|Greninja, M|59\/100\n|turn|42\n|\n|t:|1700610299\n|move|p2a: Greninja|Dark Pulse|p1a: Empoleon\n|-damage|p1a: Empoleon|9\/100\n|-damage|p2a: Greninja|49\/100|[from] item: Life Orb\n|move|p1a: Empoleon|Roost|p1a: Empoleon\n|-heal|p1a: Empoleon|59\/100\n|-singleturn|p1a: Empoleon|move: Roost\n|\n|upkeep\n|turn|43\n|\n|t:|1700610302\n|move|p2a: Greninja|Dark Pulse|p1a: Empoleon\n|-damage|p1a: Empoleon|31\/100\n|-damage|p2a: Greninja|39\/100|[from] item: Life Orb\n|move|p1a: Empoleon|Roost|p1a: Empoleon\n|-heal|p1a: Empoleon|81\/100\n|-singleturn|p1a: Empoleon|move: Roost\n|\n|upkeep\n|turn|44\n|\n|t:|1700610308\n|move|p2a: Greninja|Dark Pulse|p1a: Empoleon\n|-damage|p1a: Empoleon|50\/100\n|-damage|p2a: Greninja|29\/100|[from] item: Life Orb\n|move|p1a: Empoleon|Roost|p1a: Empoleon\n|-heal|p1a: Empoleon|100\/100\n|-singleturn|p1a: Empoleon|move: Roost\n|\n|upkeep\n|turn|45\n|\n|t:|1700610314\n|move|p2a: Greninja|Dark Pulse|p1a: Empoleon\n|-damage|p1a: Empoleon|68\/100\n|-damage|p2a: Greninja|19\/100|[from] item: Life Orb\n|move|p1a: Empoleon|Flip Turn|p2a: Greninja\n|-resisted|p2a: Greninja\n|-damage|p2a: Greninja|5\/100\n|\n|t:|1700610316\n|switch|p1a: Skeledirge|Skeledirge, F|92\/100 par|[from] Flip Turn\n|\n|upkeep\n|turn|46\n|-message|s.daninja forfeited.\n|\n|win|soccersniper\n|raw|soccersniper's rating: 1476 &rarr; <strong>1502<\/strong><br \/>(+26 for winning)\n|raw|s.daninja's rating: 1586 &rarr; <strong>1560<\/strong><br \/>(-26 for losing)\n|l|\u2606s.daninja\n","uploadtime":1700610328,"views":7,"p1id":"soccersniper","p2id":"sdaninja","formatid":"gen9ou","rating":1502,"private":0,"password":""}