{"id":"gen9ou-1998333126","p1":"SirBoogerBrain","p2":"brax","format":"[Gen 9] OU","log":"|j|\u2606SirBoogerBrain\n|j|\u2606brax\n|t:|1700930556\n|gametype|singles\n|player|p1|SirBoogerBrain|burglar-gen2|1254\n|player|p2|brax|acetrainerf-gen4dp|1269\n|teamsize|p1|6\n|teamsize|p2|6\n|gen|9\n|tier|[Gen 9] OU\n|rated|\n|rule|Sleep Clause Mod: Limit one foe put to sleep\n|rule|Species Clause: Limit one of each Pok\u00e9mon\n|rule|OHKO Clause: OHKO moves are banned\n|rule|Evasion Items Clause: Evasion items are banned\n|rule|Evasion Moves Clause: Evasion moves are banned\n|rule|Endless Battle Clause: Forcing endless battles is banned\n|rule|HP Percentage Mod: HP is shown in percentages\n|clearpoke\n|poke|p1|Iron Valiant|\n|poke|p1|Kingambit, M|\n|poke|p1|Great Tusk|\n|poke|p1|Garchomp, F|\n|poke|p1|Moltres|\n|poke|p1|Amoonguss, F|\n|poke|p2|Chesnaught, M|\n|poke|p2|Weavile, F|\n|poke|p2|Dragonite, F|\n|poke|p2|Slowbro, F|\n|poke|p2|Donphan, F|\n|poke|p2|Ampharos, M|\n|teampreview\n|inactive|Battle timer is ON: inactive players will automatically lose when time's up. (requested by SirBoogerBrain)\n|\n|t:|1700930581\n|start\n|switch|p1a: Pyre Raptor|Moltres|100\/100\n|switch|p2a: Slowbro|Slowbro, F|100\/100\n|turn|1\n|\n|t:|1700930593\n|move|p1a: Pyre Raptor|U-turn|p2a: Slowbro\n|-supereffective|p2a: Slowbro\n|-damage|p2a: Slowbro|76\/100\n|\n|t:|1700930594\n|switch|p1a: Bloom Warden|Amoonguss, F|100\/100|[from] U-turn\n|move|p2a: Slowbro|Scald|p1a: Bloom Warden\n|-resisted|p1a: Bloom Warden\n|-damage|p1a: Bloom Warden|85\/100\n|\n|upkeep\n|turn|2\n|\n|t:|1700930606\n|switch|p2a: Chesnaught|Chesnaught, M|100\/100\n|move|p1a: Bloom Warden|Spore|p2a: Chesnaught\n|-immune|p2a: Chesnaught\n|\n|upkeep\n|turn|3\n|\n|t:|1700930620\n|switch|p1a: Pyre Raptor|Moltres|100\/100\n|move|p2a: Chesnaught|Iron Defense|p2a: Chesnaught\n|-boost|p2a: Chesnaught|def|2\n|\n|upkeep\n|turn|4\n|\n|t:|1700930632\n|move|p2a: Chesnaught|Spiky Shield|p2a: Chesnaught\n|-singleturn|p2a: Chesnaught|move: Protect\n|move|p1a: Pyre Raptor|Flamethrower|p2a: Chesnaught\n|-activate|p2a: Chesnaught|move: Protect\n|\n|upkeep\n|turn|5\n|\n|t:|1700930643\n|switch|p2a: Slowbro|Slowbro, F|100\/100\n|move|p1a: Pyre Raptor|Will-O-Wisp|p2a: Slowbro\n|-status|p2a: Slowbro|brn\n|\n|-damage|p2a: Slowbro|94\/100 brn|[from] brn\n|upkeep\n|turn|6\n|\n|t:|1700930671\n|move|p1a: Pyre Raptor|U-turn|p2a: Slowbro\n|-supereffective|p2a: Slowbro\n|-damage|p2a: Slowbro|72\/100 brn\n|\n|t:|1700930673\n|switch|p1a: Bloom Warden|Amoonguss, F|100\/100|[from] U-turn\n|move|p2a: Slowbro|Psychic|p1a: Bloom Warden\n|-supereffective|p1a: Bloom Warden\n|-damage|p1a: Bloom Warden|30\/100\n|\n|-damage|p2a: Slowbro|66\/100 brn|[from] brn\n|upkeep\n|turn|7\n|\n|t:|1700930685\n|switch|p2a: Chesnaught|Chesnaught, M|100\/100\n|switch|p1a: Abyssal Fin|Garchomp, F|100\/100\n|\n|upkeep\n|turn|8\n|\n|t:|1700930692\n|move|p1a: Abyssal Fin|Stealth Rock|p2a: Chesnaught\n|-sidestart|p2: brax|move: Stealth Rock\n|move|p2a: Chesnaught|Leech Seed|p1a: Abyssal Fin\n|-start|p1a: Abyssal Fin|move: Leech Seed\n|\n|-damage|p1a: Abyssal Fin|88\/100|[from] Leech Seed|[of] p2a: Chesnaught\n|upkeep\n|turn|9\n|\n|t:|1700930699\n|switch|p1a: Pyre Raptor|Moltres|100\/100\n|move|p2a: Chesnaught|Spiky Shield||[still]\n|-fail|p2a: Chesnaught\n|\n|upkeep\n|turn|10\n|\n|t:|1700930705\n|move|p2a: Chesnaught|Spiky Shield|p2a: Chesnaught\n|-singleturn|p2a: Chesnaught|move: Protect\n|move|p1a: Pyre Raptor|Will-O-Wisp|p2a: Chesnaught\n|-activate|p2a: Chesnaught|move: Protect\n|\n|upkeep\n|turn|11\n|\n|t:|1700930713\n|move|p1a: Pyre Raptor|U-turn|p2a: Chesnaught\n|-damage|p2a: Chesnaught|93\/100\n|\n|t:|1700930715\n|switch|p1a: Bloom Warden|Amoonguss, F|63\/100|[from] U-turn\n|move|p2a: Chesnaught|Leech Seed|p1a: Bloom Warden\n|-immune|p1a: Bloom Warden\n|\n|-heal|p2a: Chesnaught|99\/100|[from] item: Leftovers\n|upkeep\n|turn|12\n|\n|t:|1700930726\n|switch|p1a: Pyre Raptor|Moltres|100\/100\n|move|p2a: Chesnaught|Leech Seed|p1a: Pyre Raptor\n|-start|p1a: Pyre Raptor|move: Leech Seed\n|\n|-heal|p2a: Chesnaught|100\/100|[from] item: Leftovers\n|-damage|p1a: Pyre Raptor|88\/100|[from] Leech Seed|[of] p2a: Chesnaught\n|upkeep\n|turn|13\n|\n|t:|1700930734\n|switch|p1a: Bloom Warden|Amoonguss, F|96\/100\n|move|p2a: Chesnaught|Spiky Shield||[still]\n|-fail|p2a: Chesnaught\n|\n|upkeep\n|turn|14\n|\n|t:|1700930741\n|move|p2a: Chesnaught|Iron Defense|p2a: Chesnaught\n|-boost|p2a: Chesnaught|def|2\n|move|p1a: Bloom Warden|Spore|p2a: Chesnaught\n|-immune|p2a: Chesnaught\n|\n|upkeep\n|turn|15\n|\n|t:|1700930748\n|switch|p1a: Pyre Raptor|Moltres|88\/100\n|move|p2a: Chesnaught|Leech Seed|p1a: Pyre Raptor\n|-start|p1a: Pyre Raptor|move: Leech Seed\n|\n|-damage|p1a: Pyre Raptor|76\/100|[from] Leech Seed|[of] p2a: Chesnaught\n|upkeep\n|turn|16\n|\n|t:|1700930755\n|move|p2a: Chesnaught|Spiky Shield|p2a: Chesnaught\n|-singleturn|p2a: Chesnaught|move: Protect\n|move|p1a: Pyre Raptor|Will-O-Wisp|p2a: Chesnaught\n|-activate|p2a: Chesnaught|move: Protect\n|\n|-damage|p1a: Pyre Raptor|64\/100|[from] Leech Seed|[of] p2a: Chesnaught\n|upkeep\n|turn|17\n|\n|t:|1700930764\n|switch|p2a: Slowbro|Slowbro, F|99\/100 brn\n|-damage|p2a: Slowbro|87\/100 brn|[from] Stealth Rock\n|move|p1a: Pyre Raptor|Will-O-Wisp|p2a: Slowbro\n|-fail|p2a: Slowbro|brn\n|\n|-damage|p1a: Pyre Raptor|51\/100|[from] Leech Seed|[of] p2a: Slowbro\n|-heal|p2a: Slowbro|99\/100 brn|[silent]\n|-damage|p2a: Slowbro|93\/100 brn|[from] brn\n|upkeep\n|turn|18\n|\n|t:|1700930780\n|switch|p1a: Stonebreaker|Great Tusk|100\/100\n|move|p2a: Slowbro|Flamethrower|p1a: Stonebreaker\n|-damage|p1a: Stonebreaker|60\/100\n|\n|-heal|p1a: Stonebreaker|66\/100|[from] item: Leftovers\n|-damage|p2a: Slowbro|87\/100 brn|[from] brn\n|upkeep\n|turn|19\n|\n|t:|1700930792\n|-terastallize|p1a: Stonebreaker|Water\n|move|p1a: Stonebreaker|Knock Off|p2a: Slowbro\n|-supereffective|p2a: Slowbro\n|-damage|p2a: Slowbro|42\/100 brn\n|-enditem|p2a: Slowbro|Assault Vest|[from] move: Knock Off|[of] p1a: Stonebreaker\n|move|p2a: Slowbro|Psychic|p1a: Stonebreaker\n|-damage|p1a: Stonebreaker|8\/100\n|\n|-heal|p1a: Stonebreaker|14\/100|[from] item: Leftovers\n|-damage|p2a: Slowbro|36\/100 brn|[from] brn\n|upkeep\n|turn|20\n|\n|t:|1700930805\n|-end|p1a: Stonebreaker|Protosynthesis|[silent]\n|switch|p1a: Onyx Razor|Kingambit, M|100\/100\n|switch|p2a: Chesnaught|Chesnaught, M|100\/100\n|-damage|p2a: Chesnaught|94\/100|[from] Stealth Rock\n|\n|-heal|p2a: Chesnaught|100\/100|[from] item: Leftovers\n|upkeep\n|turn|21\n|\n|t:|1700930814\n|-end|p1a: Onyx Razor|fallenundefined|[silent]\n|switch|p1a: Bloom Warden|Amoonguss, F|100\/100\n|move|p2a: Chesnaught|Body Press|p1a: Bloom Warden\n|-resisted|p1a: Bloom Warden\n|-damage|p1a: Bloom Warden|83\/100\n|-damage|p2a: Chesnaught|84\/100|[from] item: Rocky Helmet|[of] p1a: Bloom Warden\n|\n|-heal|p2a: Chesnaught|90\/100|[from] item: Leftovers\n|upkeep\n|turn|22\n|\n|t:|1700930824\n|switch|p1a: Pyre Raptor|Moltres|51\/100\n|move|p2a: Chesnaught|Leech Seed|p1a: Pyre Raptor\n|-start|p1a: Pyre Raptor|move: Leech Seed\n|\n|-heal|p2a: Chesnaught|96\/100|[from] item: Leftovers\n|-damage|p1a: Pyre Raptor|39\/100|[from] Leech Seed|[of] p2a: Chesnaught\n|-heal|p2a: Chesnaught|100\/100|[silent]\n|upkeep\n|turn|23\n|\n|t:|1700930836\n|-terastallize|p2a: Chesnaught|Fighting\n|move|p1a: Pyre Raptor|Roost|p1a: Pyre Raptor\n|-heal|p1a: Pyre Raptor|89\/100\n|-singleturn|p1a: Pyre Raptor|move: Roost\n|move|p2a: Chesnaught|Body Press|p1a: Pyre Raptor\n|-damage|p1a: Pyre Raptor|48\/100\n|\n|-damage|p1a: Pyre Raptor|35\/100|[from] Leech Seed|[of] p2a: Chesnaught\n|upkeep\n|turn|24\n|\n|t:|1700930849\n|switch|p1a: Bloom Warden|Amoonguss, F|100\/100\n|move|p2a: Chesnaught|Iron Defense|p2a: Chesnaught\n|-boost|p2a: Chesnaught|def|2\n|\n|upkeep\n|turn|25\n|\n|t:|1700930867\n|move|p2a: Chesnaught|Body Press|p1a: Bloom Warden\n|-resisted|p1a: Bloom Warden\n|-damage|p1a: Bloom Warden|51\/100\n|-damage|p2a: Chesnaught|84\/100|[from] item: Rocky Helmet|[of] p1a: Bloom Warden\n|move|p1a: Bloom Warden|Spore|p2a: Chesnaught\n|-status|p2a: Chesnaught|slp|[from] move: Spore\n|\n|-heal|p2a: Chesnaught|90\/100 slp|[from] item: Leftovers\n|upkeep\n|turn|26\n|\n|t:|1700930878\n|switch|p1a: Pyre Raptor|Moltres|35\/100\n|cant|p2a: Chesnaught|slp\n|\n|-heal|p2a: Chesnaught|96\/100 slp|[from] item: Leftovers\n|upkeep\n|turn|27\n|\n|t:|1700930886\n|cant|p2a: Chesnaught|slp\n|move|p1a: Pyre Raptor|Roost|p1a: Pyre Raptor\n|-heal|p1a: Pyre Raptor|85\/100\n|-singleturn|p1a: Pyre Raptor|move: Roost\n|\n|-heal|p2a: Chesnaught|100\/100 slp|[from] item: Leftovers\n|upkeep\n|turn|28\n|\n|t:|1700930894\n|move|p1a: Pyre Raptor|Will-O-Wisp|p2a: Chesnaught|[miss]\n|-miss|p1a: Pyre Raptor|p2a: Chesnaught\n|-curestatus|p2a: Chesnaught|slp|[msg]\n|move|p2a: Chesnaught|Leech Seed|p1a: Pyre Raptor\n|-start|p1a: Pyre Raptor|move: Leech Seed\n|\n|-damage|p1a: Pyre Raptor|73\/100|[from] Leech Seed|[of] p2a: Chesnaught\n|upkeep\n|turn|29\n|\n|t:|1700930904\n|switch|p1a: Bloom Warden|Amoonguss, F|84\/100\n|move|p2a: Chesnaught|Spiky Shield||[still]\n|-fail|p2a: Chesnaught\n|\n|upkeep\n|turn|30\n|\n|t:|1700930910\n|move|p2a: Chesnaught|Iron Defense|p2a: Chesnaught\n|-boost|p2a: Chesnaught|def|2\n|move|p1a: Bloom Warden|Spore|p2a: Chesnaught\n|-status|p2a: Chesnaught|slp|[from] move: Spore\n|\n|upkeep\n|turn|31\n|\n|t:|1700930920\n|switch|p1a: Star Lance|Iron Valiant|100\/100\n|cant|p2a: Chesnaught|slp\n|\n|upkeep\n|turn|32\n|\n|t:|1700930944\n|switch|p2a: Slowbro|Slowbro, F|69\/100 brn\n|-damage|p2a: Slowbro|57\/100 brn|[from] Stealth Rock\n|move|p1a: Star Lance|Moonblast|p2a: Slowbro\n|-damage|p2a: Slowbro|10\/100 brn\n|\n|-damage|p2a: Slowbro|4\/100 brn|[from] brn\n|upkeep\n|turn|33\n|\n|t:|1700930954\n|move|p1a: Star Lance|Moonblast|p2a: Slowbro\n|-damage|p2a: Slowbro|0 fnt\n|faint|p2a: Slowbro\n|\n|upkeep\n|\n|t:|1700930958\n|switch|p2a: Donphan|Donphan, F|100\/100\n|turn|34\n|\n|t:|1700930969\n|-end|p1a: Star Lance|Quark Drive|[silent]\n|switch|p1a: Pyre Raptor|Moltres|73\/100\n|move|p2a: Donphan|Rapid Spin|p1a: Pyre Raptor\n|-damage|p1a: Pyre Raptor|60\/100\n|-boost|p2a: Donphan|spe|1\n|-sideend|p2: brax|Stealth Rock|[from] move: Rapid Spin|[of] p2a: Donphan\n|\n|upkeep\n|turn|35\n|\n|t:|1700930993\n|move|p1a: Pyre Raptor|Will-O-Wisp|p2a: Donphan\n|-status|p2a: Donphan|brn\n|move|p2a: Donphan|Knock Off|p1a: Pyre Raptor\n|-damage|p1a: Pyre Raptor|48\/100\n|-enditem|p1a: Pyre Raptor|Heavy-Duty Boots|[from] move: Knock Off|[of] p2a: Donphan\n|\n|-damage|p2a: Donphan|94\/100 brn|[from] brn\n|upkeep\n|turn|36\n|\n|t:|1700931003\n|move|p1a: Pyre Raptor|Roost|p1a: Pyre Raptor\n|-heal|p1a: Pyre Raptor|98\/100\n|-singleturn|p1a: Pyre Raptor|move: Roost\n|move|p2a: Donphan|Stealth Rock|p1a: Pyre Raptor\n|-sidestart|p1: SirBoogerBrain|move: Stealth Rock\n|\n|-damage|p2a: Donphan|88\/100 brn|[from] brn\n|upkeep\n|turn|37\n|\n|t:|1700931015\n|move|p1a: Pyre Raptor|Flamethrower|p2a: Donphan\n|-damage|p2a: Donphan|30\/100 brn\n|move|p2a: Donphan|Knock Off|p1a: Pyre Raptor\n|-damage|p1a: Pyre Raptor|91\/100\n|\n|-damage|p2a: Donphan|24\/100 brn|[from] brn\n|upkeep\n|turn|38\n|\n|t:|1700931023\n|move|p2a: Donphan|Ice Shard|p1a: Pyre Raptor\n|-damage|p1a: Pyre Raptor|85\/100\n|move|p1a: Pyre Raptor|Flamethrower|p2a: Donphan\n|-damage|p2a: Donphan|0 fnt\n|faint|p2a: Donphan\n|\n|upkeep\n|\n|t:|1700931031\n|switch|p2a: Ampharos|Ampharos, M|100\/100\n|turn|39\n|inactive|SirBoogerBrain has 120 seconds left.\n|\n|t:|1700931063\n|switch|p1a: Abyssal Fin|Garchomp, F|88\/100\n|-damage|p1a: Abyssal Fin|82\/100|[from] Stealth Rock\n|move|p2a: Ampharos|Cotton Guard|p2a: Ampharos\n|-boost|p2a: Ampharos|def|3\n|\n|-heal|p1a: Abyssal Fin|88\/100|[from] item: Leftovers\n|upkeep\n|turn|40\n|inactive|SirBoogerBrain has 120 seconds left.\n|\n|t:|1700931075\n|move|p1a: Abyssal Fin|Earthquake|p2a: Ampharos\n|-supereffective|p2a: Ampharos\n|-damage|p2a: Ampharos|61\/100\n|move|p2a: Ampharos|Dazzling Gleam|p1a: Abyssal Fin\n|-supereffective|p1a: Abyssal Fin\n|-damage|p1a: Abyssal Fin|44\/100\n|\n|-heal|p1a: Abyssal Fin|50\/100|[from] item: Leftovers\n|-heal|p2a: Ampharos|68\/100|[from] item: Leftovers\n|upkeep\n|turn|41\n|\n|t:|1700931086\n|move|p1a: Abyssal Fin|Earthquake|p2a: Ampharos\n|-supereffective|p2a: Ampharos\n|-damage|p2a: Ampharos|32\/100\n|move|p2a: Ampharos|Dazzling Gleam|p1a: Abyssal Fin\n|-supereffective|p1a: Abyssal Fin\n|-damage|p1a: Abyssal Fin|7\/100\n|\n|-heal|p1a: Abyssal Fin|13\/100|[from] item: Leftovers\n|-heal|p2a: Ampharos|38\/100|[from] item: Leftovers\n|upkeep\n|turn|42\n|\n|t:|1700931096\n|move|p1a: Abyssal Fin|Earthquake|p2a: Ampharos\n|-supereffective|p2a: Ampharos\n|-damage|p2a: Ampharos|4\/100\n|move|p2a: Ampharos|Dazzling Gleam|p1a: Abyssal Fin\n|-supereffective|p1a: Abyssal Fin\n|-damage|p1a: Abyssal Fin|0 fnt\n|faint|p1a: Abyssal Fin\n|\n|-heal|p2a: Ampharos|10\/100|[from] item: Leftovers\n|upkeep\n|\n|t:|1700931113\n|switch|p1a: Stonebreaker|Great Tusk, tera:Water|14\/100\n|-damage|p1a: Stonebreaker|1\/100|[from] Stealth Rock\n|turn|43\n|\n|t:|1700931119\n|move|p1a: Stonebreaker|Rapid Spin|p2a: Ampharos\n|-damage|p2a: Ampharos|3\/100\n|-boost|p1a: Stonebreaker|spe|1\n|-sideend|p1: SirBoogerBrain|Stealth Rock|[from] move: Rapid Spin|[of] p1a: Stonebreaker\n|move|p2a: Ampharos|Thunderbolt|p1a: Stonebreaker\n|-supereffective|p1a: Stonebreaker\n|-damage|p1a: Stonebreaker|0 fnt\n|faint|p1a: Stonebreaker\n|-end|p1a: Stonebreaker|Protosynthesis|[silent]\n|\n|-heal|p2a: Ampharos|9\/100|[from] item: Leftovers\n|upkeep\n|\n|t:|1700931131\n|switch|p1a: Star Lance|Iron Valiant|100\/100\n|turn|44\n|\n|t:|1700931134\n|move|p1a: Star Lance|Moonblast|p2a: Ampharos\n|-damage|p2a: Ampharos|0 fnt\n|faint|p2a: Ampharos\n|\n|upkeep\n|\n|t:|1700931142\n|switch|p2a: Dragonite|Dragonite, F|100\/100\n|turn|45\n|\n|t:|1700931147\n|move|p1a: Star Lance|Moonblast|p2a: Dragonite\n|-supereffective|p2a: Dragonite\n|-damage|p2a: Dragonite|62\/100\n|-enditem|p2a: Dragonite|Weakness Policy\n|-boost|p2a: Dragonite|atk|2|[from] item: Weakness Policy\n|-boost|p2a: Dragonite|spa|2|[from] item: Weakness Policy\n|move|p2a: Dragonite|Iron Head|p1a: Star Lance\n|-supereffective|p1a: Star Lance\n|-damage|p1a: Star Lance|0 fnt\n|faint|p1a: Star Lance\n|-end|p1a: Star Lance|Quark Drive|[silent]\n|\n|upkeep\n|\n|t:|1700931163\n|switch|p1a: Pyre Raptor|Moltres|85\/100\n|turn|46\n|\n|t:|1700931168\n|move|p1a: Pyre Raptor|Will-O-Wisp|p2a: Dragonite\n|-status|p2a: Dragonite|brn\n|move|p2a: Dragonite|Outrage|p1a: Pyre Raptor\n|-damage|p1a: Pyre Raptor|41\/100\n|\n|-damage|p2a: Dragonite|56\/100 brn|[from] brn\n|upkeep\n|turn|47\n|\n|t:|1700931177\n|move|p1a: Pyre Raptor|Roost|p1a: Pyre Raptor\n|-heal|p1a: Pyre Raptor|91\/100\n|-singleturn|p1a: Pyre Raptor|move: Roost\n|move|p2a: Dragonite|Outrage|p1a: Pyre Raptor|[from]lockedmove\n|-damage|p1a: Pyre Raptor|46\/100\n|-start|p2a: Dragonite|confusion|[fatigue]\n|\n|-damage|p2a: Dragonite|50\/100 brn|[from] brn\n|upkeep\n|turn|48\n|\n|t:|1700931189\n|move|p1a: Pyre Raptor|Roost|p1a: Pyre Raptor\n|-heal|p1a: Pyre Raptor|96\/100\n|-singleturn|p1a: Pyre Raptor|move: Roost\n|-activate|p2a: Dragonite|confusion\n|-damage|p2a: Dragonite|21\/100 brn|[from] confusion\n|\n|-damage|p2a: Dragonite|15\/100 brn|[from] brn\n|upkeep\n|turn|49\n|\n|t:|1700931198\n|move|p1a: Pyre Raptor|Flamethrower|p2a: Dragonite\n|-resisted|p2a: Dragonite\n|-damage|p2a: Dragonite|0 fnt\n|faint|p2a: Dragonite\n|\n|upkeep\n|\n|t:|1700931203\n|switch|p2a: Chesnaught|Chesnaught, M, tera:Fighting|100\/100 slp\n|turn|50\n|\n|t:|1700931213\n|-curestatus|p2a: Chesnaught|slp|[msg]\n|move|p2a: Chesnaught|Spiky Shield|p2a: Chesnaught\n|-singleturn|p2a: Chesnaught|move: Protect\n|move|p1a: Pyre Raptor|Will-O-Wisp|p2a: Chesnaught\n|-activate|p2a: Chesnaught|move: Protect\n|\n|upkeep\n|turn|51\n|\n|t:|1700931222\n|move|p1a: Pyre Raptor|Will-O-Wisp|p2a: Chesnaught\n|-status|p2a: Chesnaught|brn\n|move|p2a: Chesnaught|Leech Seed|p1a: Pyre Raptor\n|-start|p1a: Pyre Raptor|move: Leech Seed\n|\n|-damage|p1a: Pyre Raptor|84\/100|[from] Leech Seed|[of] p2a: Chesnaught\n|-damage|p2a: Chesnaught|94\/100 brn|[from] brn\n|upkeep\n|turn|52\n|\n|t:|1700931231\n|switch|p1a: Bloom Warden|Amoonguss, F|100\/100\n|move|p2a: Chesnaught|Spiky Shield||[still]\n|-fail|p2a: Chesnaught\n|\n|-heal|p2a: Chesnaught|100\/100 brn|[from] item: Leftovers\n|-damage|p2a: Chesnaught|94\/100 brn|[from] brn\n|upkeep\n|turn|53\n|\n|t:|1700931240\n|move|p2a: Chesnaught|Spiky Shield|p2a: Chesnaught\n|-singleturn|p2a: Chesnaught|move: Protect\n|move|p1a: Bloom Warden|Giga Drain|p2a: Chesnaught\n|-activate|p2a: Chesnaught|move: Protect\n|\n|-heal|p2a: Chesnaught|100\/100 brn|[from] item: Leftovers\n|-damage|p2a: Chesnaught|94\/100 brn|[from] brn\n|upkeep\n|turn|54\n|\n|t:|1700931250\n|move|p2a: Chesnaught|Iron Defense|p2a: Chesnaught\n|-boost|p2a: Chesnaught|def|2\n|move|p1a: Bloom Warden|Giga Drain|p2a: Chesnaught\n|-damage|p2a: Chesnaught|68\/100 brn\n|\n|-heal|p2a: Chesnaught|74\/100 brn|[from] item: Leftovers\n|-damage|p2a: Chesnaught|68\/100 brn|[from] brn\n|upkeep\n|turn|55\n|\n|t:|1700931259\n|switch|p2a: Weavile|Weavile, F|100\/100\n|move|p1a: Bloom Warden|Giga Drain|p2a: Weavile\n|-damage|p2a: Weavile|67\/100\n|\n|upkeep\n|turn|56\n|\n|t:|1700931274\n|move|p2a: Weavile|Fake Out|p1a: Bloom Warden\n|-damage|p1a: Bloom Warden|89\/100\n|-damage|p2a: Weavile|51\/100|[from] item: Rocky Helmet|[of] p1a: Bloom Warden\n|cant|p1a: Bloom Warden|flinch\n|\n|upkeep\n|turn|57\n|\n|t:|1700931281\n|move|p2a: Weavile|Ice Spinner|p1a: Bloom Warden\n|-supereffective|p1a: Bloom Warden\n|-crit|p1a: Bloom Warden\n|-damage|p1a: Bloom Warden|0 fnt\n|-damage|p2a: Weavile|34\/100|[from] item: Rocky Helmet|[of] p1a: Bloom Warden\n|faint|p1a: Bloom Warden\n|\n|upkeep\n|c|\u2606SirBoogerBrain|strong crit\n|\n|t:|1700931308\n|switch|p1a: Pyre Raptor|Moltres|84\/100\n|turn|58\n|inactive|SirBoogerBrain has 120 seconds left.\n|\n|t:|1700931326\n|move|p2a: Weavile|Ice Spinner|p1a: Pyre Raptor\n|-damage|p1a: Pyre Raptor|56\/100\n|-status|p2a: Weavile|brn|[from] ability: Flame Body|[of] p1a: Pyre Raptor\n|move|p1a: Pyre Raptor|U-turn|p2a: Weavile\n|-supereffective|p2a: Weavile\n|-damage|p2a: Weavile|0 fnt\n|faint|p2a: Weavile\n|\n|t:|1700931327\n|switch|p1a: Onyx Razor|Kingambit, M|100\/100|[from] U-turn\n|-activate|p1a: Onyx Razor|ability: Supreme Overlord\n|-start|p1a: Onyx Razor|fallen4|[silent]\n|\n|upkeep\n|\n|t:|1700931339\n|switch|p2a: Chesnaught|Chesnaught, M, tera:Fighting|68\/100 brn\n|turn|59\n|\n|t:|1700931343\n|move|p1a: Onyx Razor|Iron Head|p2a: Chesnaught\n|-damage|p2a: Chesnaught|34\/100 brn\n|cant|p2a: Chesnaught|flinch\n|\n|-heal|p2a: Chesnaught|40\/100 brn|[from] item: Leftovers\n|-damage|p2a: Chesnaught|34\/100 brn|[from] brn\n|upkeep\n|turn|60\n|\n|t:|1700931352\n|move|p2a: Chesnaught|Spiky Shield|p2a: Chesnaught\n|-singleturn|p2a: Chesnaught|move: Protect\n|move|p1a: Onyx Razor|Iron Head|p2a: Chesnaught\n|-activate|p2a: Chesnaught|move: Protect\n|-damage|p1a: Onyx Razor|88\/100|[from] Spiky Shield|[of] p2a: Chesnaught\n|\n|-heal|p2a: Chesnaught|40\/100 brn|[from] item: Leftovers\n|-damage|p2a: Chesnaught|34\/100 brn|[from] brn\n|upkeep\n|turn|61\n|\n|t:|1700931362\n|move|p1a: Onyx Razor|Iron Head|p2a: Chesnaught\n|-damage|p2a: Chesnaught|0 fnt\n|faint|p2a: Chesnaught\n|\n|win|SirBoogerBrain\n|raw|SirBoogerBrain's rating: 1254 &rarr; <strong>1280<\/strong><br \/>(+26 for winning)\n|raw|brax's rating: 1269 &rarr; <strong>1243<\/strong><br \/>(-26 for losing)\n|c|\u2606SirBoogerBrain|gg\n|c|\u2606brax|Gg\n|l|\u2606brax\n|c|\u2606SirBoogerBrain|cool dragonite and ampharos sets\n","uploadtime":1700931390,"views":2,"p1id":"sirboogerbrain","p2id":"brax","formatid":"gen9ou","rating":1243,"private":0,"password":""}