{"id":"gen9ou-1996234137","p1":"819u50y18b5","p2":"get ewrecked","format":"[Gen 9] OU","log":"|j|\u2606819u50y18b5\n|j|\u2606get ewrecked\n|t:|1700662281\n|gametype|singles\n|player|p1|819u50y18b5|170|1724\n|player|p2|get ewrecked|169|1747\n|teamsize|p1|6\n|teamsize|p2|6\n|gen|9\n|tier|[Gen 9] OU\n|rated|\n|rule|Sleep Clause Mod: Limit one foe put to sleep\n|rule|Species Clause: Limit one of each Pok\u00e9mon\n|rule|OHKO Clause: OHKO moves are banned\n|rule|Evasion Items Clause: Evasion items are banned\n|rule|Evasion Moves Clause: Evasion moves are banned\n|rule|Endless Battle Clause: Forcing endless battles is banned\n|rule|HP Percentage Mod: HP is shown in percentages\n|clearpoke\n|poke|p1|Torkoal, F|\n|poke|p1|Cinderace, F|\n|poke|p1|Walking Wake|\n|poke|p1|Great Tusk|\n|poke|p1|Iron Moth|\n|poke|p1|Kingambit, F|\n|poke|p2|Zapdos|\n|poke|p2|Ogerpon-Wellspring, F|\n|poke|p2|Cinderace, M|\n|poke|p2|Corviknight, M|\n|poke|p2|Okidogi, M|\n|poke|p2|Ting-Lu|\n|teampreview\n|inactive|Battle timer is ON: inactive players will automatically lose when time's up. (requested by 819u50y18b5)\n|\n|t:|1700662292\n|start\n|switch|p1a: Walking Wake|Walking Wake|100\/100\n|switch|p2a: Ting-Lu|Ting-Lu|100\/100\n|-ability|p2a: Ting-Lu|Vessel of Ruin\n|turn|1\n|\n|t:|1700662302\n|move|p1a: Walking Wake|Hydro Steam|p2a: Ting-Lu\n|-supereffective|p2a: Ting-Lu\n|-damage|p2a: Ting-Lu|45\/100\n|move|p2a: Ting-Lu|Earthquake|p1a: Walking Wake\n|-damage|p1a: Walking Wake|56\/100\n|\n|-heal|p2a: Ting-Lu|51\/100|[from] item: Leftovers\n|upkeep\n|turn|2\n|\n|t:|1700662311\n|-end|p1a: Walking Wake|Protosynthesis|[silent]\n|switch|p1a: Torkoal|Torkoal, F|100\/100\n|-weather|SunnyDay|[from] ability: Drought|[of] p1a: Torkoal\n|switch|p2a: Ogerpon|Ogerpon-Wellspring, F|100\/100\n|\n|-weather|SunnyDay|[upkeep]\n|upkeep\n|turn|3\n|\n|t:|1700662321\n|switch|p2a: Ting-Lu|Ting-Lu|51\/100\n|-ability|p2a: Ting-Lu|Vessel of Ruin\n|move|p1a: Torkoal|Yawn|p2a: Ting-Lu\n|-start|p2a: Ting-Lu|move: Yawn|[of] p1a: Torkoal\n|\n|-weather|SunnyDay|[upkeep]\n|-heal|p2a: Ting-Lu|58\/100|[from] item: Leftovers\n|upkeep\n|turn|4\n|\n|t:|1700662336\n|switch|p2a: Cinderace|Cinderace, M|100\/100\n|switch|p1a: Dumbo|Great Tusk|100\/100\n|-activate|p1a: Dumbo|ability: Protosynthesis\n|-start|p1a: Dumbo|protosynthesisatk\n|\n|-weather|SunnyDay|[upkeep]\n|upkeep\n|turn|5\n|\n|t:|1700662344\n|move|p2a: Cinderace|U-turn|p1a: Dumbo\n|-start|p2a: Cinderace|typechange|Bug|[from] ability: Libero\n|-resisted|p1a: Dumbo\n|-damage|p1a: Dumbo|88\/100\n|\n|t:|1700662361\n|switch|p2a: Corviknight|Corviknight, M|100\/100|[from] U-turn\n|-ability|p2a: Corviknight|Pressure\n|move|p1a: Dumbo|Headlong Rush|p2a: Corviknight\n|-immune|p2a: Corviknight\n|\n|-weather|SunnyDay|[upkeep]\n|-heal|p1a: Dumbo|94\/100|[from] item: Leftovers\n|upkeep\n|turn|6\n|\n|t:|1700662367\n|-end|p1a: Dumbo|Protosynthesis|[silent]\n|switch|p1a: Cinderace|Cinderace, F|100\/100\n|move|p2a: Corviknight|Iron Defense|p2a: Corviknight\n|-boost|p2a: Corviknight|def|2\n|\n|-weather|SunnyDay|[upkeep]\n|upkeep\n|turn|7\n|inactive|get ewrecked has 120 seconds left.\n|inactive|get ewrecked has 90 seconds left.\n|j| fv fffgg\n|j| mew852\n|\n|t:|1700662431\n|switch|p2a: Okidogi|Okidogi, M|100\/100\n|move|p1a: Cinderace|Pyro Ball|p2a: Okidogi\n|-damage|p2a: Okidogi|29\/100\n|\n|-weather|SunnyDay|[upkeep]\n|-heal|p2a: Okidogi|35\/100|[from] item: Leftovers\n|upkeep\n|turn|8\n|\n|t:|1700662439\n|move|p1a: Cinderace|Pyro Ball|p2a: Okidogi\n|-damage|p2a: Okidogi|0 fnt\n|faint|p2a: Okidogi\n|\n|-weather|SunnyDay|[upkeep]\n|upkeep\n|\n|t:|1700662441\n|switch|p2a: Cinderace|Cinderace, M|100\/100\n|turn|9\n|\n|t:|1700662453\n|move|p2a: Cinderace|Pyro Ball|p1a: Cinderace\n|-resisted|p1a: Cinderace\n|-damage|p1a: Cinderace|37\/100\n|move|p1a: Cinderace|Pyro Ball|p2a: Cinderace\n|-resisted|p2a: Cinderace\n|-damage|p2a: Cinderace|34\/100\n|\n|-weather|none\n|upkeep\n|turn|10\n|\n|t:|1700662460\n|move|p2a: Cinderace|Sucker Punch|p1a: Cinderace\n|-start|p2a: Cinderace|typechange|Dark|[from] ability: Libero\n|-damage|p1a: Cinderace|0 fnt\n|faint|p1a: Cinderace\n|\n|upkeep\n|\n|t:|1700662471\n|switch|p1a: Torkoal|Torkoal, F|100\/100\n|-weather|SunnyDay|[from] ability: Drought|[of] p1a: Torkoal\n|turn|11\n|\n|t:|1700662478\n|move|p2a: Cinderace|U-turn|p1a: Torkoal\n|-resisted|p1a: Torkoal\n|-damage|p1a: Torkoal|93\/100\n|\n|t:|1700662482\n|switch|p2a: Ting-Lu|Ting-Lu|58\/100|[from] U-turn\n|-ability|p2a: Ting-Lu|Vessel of Ruin\n|move|p1a: Torkoal|Lava Plume|p2a: Ting-Lu\n|-damage|p2a: Ting-Lu|41\/100\n|-status|p2a: Ting-Lu|brn\n|\n|-weather|SunnyDay|[upkeep]\n|-heal|p2a: Ting-Lu|47\/100 brn|[from] item: Leftovers\n|-damage|p2a: Ting-Lu|41\/100 brn|[from] brn\n|upkeep\n|turn|12\n|\n|t:|1700662493\n|switch|p1a: Walking Wake|Walking Wake|56\/100\n|-activate|p1a: Walking Wake|ability: Protosynthesis\n|-start|p1a: Walking Wake|protosynthesisspe\n|move|p2a: Ting-Lu|Ruination|p1a: Walking Wake\n|-damage|p1a: Walking Wake|29\/100\n|\n|-weather|SunnyDay|[upkeep]\n|-heal|p2a: Ting-Lu|47\/100 brn|[from] item: Leftovers\n|-damage|p2a: Ting-Lu|41\/100 brn|[from] brn\n|upkeep\n|turn|13\n|\n|t:|1700662503\n|move|p1a: Walking Wake|Draco Meteor|p2a: Ting-Lu|[miss]\n|-miss|p1a: Walking Wake|p2a: Ting-Lu\n|move|p2a: Ting-Lu|Whirlwind|p1a: Walking Wake\n|-end|p1a: Walking Wake|Protosynthesis|[silent]\n|drag|p1a: Polilla de Hierro|Iron Moth|100\/100\n|-enditem|p1a: Polilla de Hierro|Booster Energy\n|-activate|p1a: Polilla de Hierro|ability: Quark Drive|[fromitem]\n|-start|p1a: Polilla de Hierro|quarkdrivespe\n|\n|-weather|SunnyDay|[upkeep]\n|-heal|p2a: Ting-Lu|47\/100 brn|[from] item: Leftovers\n|-damage|p2a: Ting-Lu|41\/100 brn|[from] brn\n|upkeep\n|turn|14\n|\n|t:|1700662512\n|move|p1a: Polilla de Hierro|Fiery Dance|p2a: Ting-Lu\n|-crit|p2a: Ting-Lu\n|-damage|p2a: Ting-Lu|0 fnt\n|-boost|p1a: Polilla de Hierro|spa|1\n|faint|p2a: Ting-Lu\n|\n|-weather|SunnyDay|[upkeep]\n|upkeep\n|\n|t:|1700662518\n|switch|p2a: Ogerpon|Ogerpon-Wellspring, F|100\/100\n|turn|15\n|\n|t:|1700662523\n|-terastallize|p2a: Ogerpon|Water\n|detailschange|p2a: Ogerpon|Ogerpon-Wellspring-Tera, F, tera:Water\n|-ability|p2a: Ogerpon|Embody Aspect (Wellspring)|boost\n|-boost|p2a: Ogerpon|spd|1\n|move|p1a: Polilla de Hierro|Sludge Wave|p2a: Ogerpon\n|-damage|p2a: Ogerpon|45\/100\n|move|p2a: Ogerpon|Ivy Cudgel|p1a: Polilla de Hierro|[anim] Ivy Cudgel Water\n|-supereffective|p1a: Polilla de Hierro\n|-damage|p1a: Polilla de Hierro|0 fnt\n|faint|p1a: Polilla de Hierro\n|-end|p1a: Polilla de Hierro|Quark Drive|[silent]\n|\n|-weather|SunnyDay|[upkeep]\n|upkeep\n|\n|t:|1700662551\n|switch|p1a: Felipe VI|Kingambit, F|100\/100\n|-activate|p1a: Felipe VI|ability: Supreme Overlord\n|-start|p1a: Felipe VI|fallen2|[silent]\n|turn|16\n|\n|t:|1700662560\n|switch|p2a: Corviknight|Corviknight, M|100\/100\n|-ability|p2a: Corviknight|Pressure\n|-terastallize|p1a: Felipe VI|Flying\n|move|p1a: Felipe VI|Tera Blast|p2a: Corviknight|[anim] Tera Blast Flying\n|-resisted|p2a: Corviknight\n|-damage|p2a: Corviknight|84\/100\n|\n|-weather|SunnyDay|[upkeep]\n|upkeep\n|turn|17\n|j| Partynparadise\n|\n|t:|1700662570\n|-end|p1a: Felipe VI|fallen2|[silent]\n|switch|p1a: Walking Wake|Walking Wake|29\/100\n|-activate|p1a: Walking Wake|ability: Protosynthesis\n|-start|p1a: Walking Wake|protosynthesisspe\n|move|p2a: Corviknight|U-turn|p1a: Walking Wake\n|-damage|p1a: Walking Wake|13\/100\n|\n|t:|1700662577\n|switch|p2a: Cinderace|Cinderace, M|34\/100|[from] U-turn\n|\n|-weather|SunnyDay|[upkeep]\n|upkeep\n|turn|18\n|l| Partynparadise\n|\n|t:|1700662582\n|-end|p1a: Walking Wake|Protosynthesis|[silent]\n|switch|p1a: Dumbo|Great Tusk|94\/100\n|-activate|p1a: Dumbo|ability: Protosynthesis\n|-start|p1a: Dumbo|protosynthesisatk\n|move|p2a: Cinderace|Sucker Punch||[still]\n|-fail|p2a: Cinderace\n|\n|-weather|none\n|-end|p1a: Dumbo|Protosynthesis\n|-heal|p1a: Dumbo|100\/100|[from] item: Leftovers\n|upkeep\n|turn|19\n|\n|t:|1700662589\n|switch|p2a: Corviknight|Corviknight, M|84\/100\n|-ability|p2a: Corviknight|Pressure\n|move|p1a: Dumbo|Ice Spinner|p2a: Corviknight\n|-damage|p2a: Corviknight|66\/100\n|-damage|p1a: Dumbo|84\/100|[from] item: Rocky Helmet|[of] p2a: Corviknight\n|\n|-heal|p1a: Dumbo|90\/100|[from] item: Leftovers\n|upkeep\n|turn|20\n|\n|t:|1700662597\n|-end|p1a: Dumbo|Protosynthesis|[silent]\n|switch|p1a: Torkoal|Torkoal, F|93\/100\n|-weather|SunnyDay|[from] ability: Drought|[of] p1a: Torkoal\n|move|p2a: Corviknight|Roost|p2a: Corviknight\n|-heal|p2a: Corviknight|100\/100\n|-singleturn|p2a: Corviknight|move: Roost\n|\n|-weather|SunnyDay|[upkeep]\n|upkeep\n|turn|21\n|\n|t:|1700662604\n|move|p2a: Corviknight|U-turn|p1a: Torkoal\n|-resisted|p1a: Torkoal\n|-damage|p1a: Torkoal|88\/100\n|\n|t:|1700662616\n|switch|p2a: Zapdos|Zapdos|100\/100|[from] U-turn\n|move|p1a: Torkoal|Stealth Rock|p2a: Zapdos\n|-sidestart|p2: get ewrecked|move: Stealth Rock\n|\n|-weather|SunnyDay|[upkeep]\n|upkeep\n|turn|22\n|\n|t:|1700662625\n|move|p2a: Zapdos|Thunderbolt|p1a: Torkoal\n|-damage|p1a: Torkoal|39\/100\n|move|p1a: Torkoal|Yawn|p2a: Zapdos\n|-start|p2a: Zapdos|move: Yawn|[of] p1a: Torkoal\n|\n|-weather|SunnyDay|[upkeep]\n|upkeep\n|turn|23\n|\n|t:|1700662646\n|switch|p1a: Felipe VI|Kingambit, F, tera:Flying|100\/100\n|-activate|p1a: Felipe VI|ability: Supreme Overlord\n|-start|p1a: Felipe VI|fallen2|[silent]\n|move|p2a: Zapdos|Thunderbolt|p1a: Felipe VI\n|-supereffective|p1a: Felipe VI\n|-crit|p1a: Felipe VI\n|-damage|p1a: Felipe VI|0 fnt\n|faint|p1a: Felipe VI\n|-end|p1a: Felipe VI|fallen2|[silent]\n|\n|-weather|SunnyDay|[upkeep]\n|-end|p2a: Zapdos|move: Yawn|[silent]\n|-status|p2a: Zapdos|slp\n|upkeep\n|\n|t:|1700662658\n|switch|p1a: Dumbo|Great Tusk|90\/100\n|-activate|p1a: Dumbo|ability: Protosynthesis\n|-start|p1a: Dumbo|protosynthesisatk\n|turn|24\n|\n|t:|1700662667\n|switch|p2a: Corviknight|Corviknight, M|100\/100\n|-damage|p2a: Corviknight|88\/100|[from] Stealth Rock\n|-ability|p2a: Corviknight|Pressure\n|move|p1a: Dumbo|Bulk Up|p1a: Dumbo\n|-boost|p1a: Dumbo|atk|1\n|-boost|p1a: Dumbo|def|1\n|\n|-weather|SunnyDay|[upkeep]\n|-heal|p1a: Dumbo|96\/100|[from] item: Leftovers\n|upkeep\n|turn|25\n|\n|t:|1700662676\n|-end|p1a: Dumbo|Protosynthesis|[silent]\n|switch|p1a: Walking Wake|Walking Wake|13\/100\n|-activate|p1a: Walking Wake|ability: Protosynthesis\n|-start|p1a: Walking Wake|protosynthesisspe\n|move|p2a: Corviknight|Iron Defense|p2a: Corviknight\n|-boost|p2a: Corviknight|def|2\n|\n|-weather|SunnyDay|[upkeep]\n|upkeep\n|turn|26\n|\n|t:|1700662681\n|switch|p2a: Zapdos|Zapdos|100\/100 slp\n|move|p1a: Walking Wake|Flamethrower|p2a: Zapdos\n|-damage|p2a: Zapdos|15\/100 slp\n|\n|-weather|SunnyDay|[upkeep]\n|upkeep\n|turn|27\n|\n|t:|1700662692\n|move|p1a: Walking Wake|Flamethrower|p2a: Zapdos\n|-damage|p2a: Zapdos|0 fnt\n|faint|p2a: Zapdos\n|\n|-weather|none\n|-end|p1a: Walking Wake|Protosynthesis\n|upkeep\n|\n|t:|1700662694\n|switch|p2a: Cinderace|Cinderace, M|34\/100\n|turn|28\n|\n|t:|1700662698\n|-end|p1a: Walking Wake|Protosynthesis|[silent]\n|switch|p1a: Torkoal|Torkoal, F|39\/100\n|-weather|SunnyDay|[from] ability: Drought|[of] p1a: Torkoal\n|move|p2a: Cinderace|Pyro Ball|p1a: Torkoal\n|-resisted|p1a: Torkoal\n|-damage|p1a: Torkoal|12\/100\n|\n|-weather|SunnyDay|[upkeep]\n|upkeep\n|turn|29\n|\n|t:|1700662706\n|move|p2a: Cinderace|Pyro Ball|p1a: Torkoal\n|-resisted|p1a: Torkoal\n|-damage|p1a: Torkoal|0 fnt\n|faint|p1a: Torkoal\n|\n|-weather|SunnyDay|[upkeep]\n|upkeep\n|\n|t:|1700662722\n|switch|p1a: Dumbo|Great Tusk|96\/100\n|-activate|p1a: Dumbo|ability: Protosynthesis\n|-start|p1a: Dumbo|protosynthesisatk\n|turn|30\n|\n|t:|1700662731\n|-end|p1a: Dumbo|Protosynthesis|[silent]\n|switch|p1a: Walking Wake|Walking Wake|13\/100\n|-activate|p1a: Walking Wake|ability: Protosynthesis\n|-start|p1a: Walking Wake|protosynthesisspe\n|move|p2a: Cinderace|U-turn|p1a: Walking Wake\n|-start|p2a: Cinderace|typechange|Bug|[from] ability: Libero\n|-damage|p1a: Walking Wake|0 fnt\n|faint|p1a: Walking Wake\n|-end|p1a: Walking Wake|Protosynthesis|[silent]\n|-message|819u50y18b5 forfeited.\n|\n|win|get ewrecked\n|raw|819u50y18b5's rating: 1724 &rarr; <strong>1705<\/strong><br \/>(-19 for losing)\n|raw|get ewrecked's rating: 1747 &rarr; <strong>1766<\/strong><br \/>(+19 for winning)\n|l|\u2606819u50y18b5\n|l|\u2606get ewrecked\n","uploadtime":1700663025,"views":1,"p1id":"819u50y18b5","p2id":"getewrecked","formatid":"gen9ou","rating":1705,"private":0,"password":""}