{"id":"gen9ou-1993956111","p1":"poppycockles","p2":"halp12390.69","format":"[Gen 9] OU","log":"|j|\u2606poppycockles\n|j|\u2606halp12390.69\n|t:|1700382376\n|gametype|singles\n|player|p1|poppycockles|169|1040\n|player|p2|halp12390.69|giovanni|1000\n|teamsize|p1|6\n|teamsize|p2|6\n|gen|9\n|tier|[Gen 9] OU\n|rated|\n|rule|Sleep Clause Mod: Limit one foe put to sleep\n|rule|Species Clause: Limit one of each Pok\u00e9mon\n|rule|OHKO Clause: OHKO moves are banned\n|rule|Evasion Items Clause: Evasion items are banned\n|rule|Evasion Moves Clause: Evasion moves are banned\n|rule|Endless Battle Clause: Forcing endless battles is banned\n|rule|HP Percentage Mod: HP is shown in percentages\n|clearpoke\n|poke|p1|Ting-Lu|\n|poke|p1|Ogerpon-Cornerstone, F|\n|poke|p1|Cyclizar, F|\n|poke|p1|Zamazenta-*|\n|poke|p1|Gholdengo|\n|poke|p1|Weezing-Galar, F|\n|poke|p2|Seviper, F|\n|poke|p2|Tauros-Paldea-Blaze, M|\n|poke|p2|Cramorant, F|\n|poke|p2|Barraskewda, F|\n|poke|p2|Hippowdon, F|\n|poke|p2|Appletun, F|\n|teampreview\n|\n|t:|1700382410\n|start\n|switch|p1a: Cyclizar|Cyclizar, F|100\/100\n|switch|p2a: Hippowdon|Hippowdon, F|100\/100\n|-weather|Sandstorm|[from] ability: Sand Stream|[of] p2a: Hippowdon\n|turn|1\n|\n|t:|1700382442\n|move|p2a: Hippowdon|Stealth Rock|p1a: Cyclizar\n|-sidestart|p1: poppycockles|move: Stealth Rock\n|move|p1a: Cyclizar|Dragon Tail|p2a: Hippowdon\n|-damage|p2a: Hippowdon|85\/100\n|drag|p2a: Tauros|Tauros-Paldea-Blaze, M|100\/100\n|-ability|p2a: Tauros|Intimidate|boost\n|-unboost|p1a: Cyclizar|atk|1\n|\n|-weather|Sandstorm|[upkeep]\n|-damage|p1a: Cyclizar|94\/100|[from] Sandstorm\n|-damage|p2a: Tauros|94\/100|[from] Sandstorm\n|upkeep\n|turn|2\n|\n|t:|1700382457\n|move|p1a: Cyclizar|U-turn|p2a: Tauros\n|-resisted|p2a: Tauros\n|-damage|p2a: Tauros|92\/100\n|\n|t:|1700382489\n|switch|p1a: Ting-Lu|Ting-Lu|100\/100|[from] U-turn\n|-damage|p1a: Ting-Lu|94\/100|[from] Stealth Rock\n|-ability|p1a: Ting-Lu|Vessel of Ruin\n|move|p2a: Tauros|Flame Charge|p1a: Ting-Lu\n|-damage|p1a: Ting-Lu|82\/100\n|-boost|p2a: Tauros|spe|1\n|\n|-weather|Sandstorm|[upkeep]\n|-damage|p2a: Tauros|86\/100|[from] Sandstorm\n|upkeep\n|turn|3\n|\n|t:|1700382505\n|move|p2a: Tauros|Bulldoze|p1a: Ting-Lu\n|-damage|p1a: Ting-Lu|71\/100\n|-unboost|p1a: Ting-Lu|spe|1\n|move|p1a: Ting-Lu|Zen Headbutt|p2a: Tauros\n|-supereffective|p2a: Tauros\n|-damage|p2a: Tauros|33\/100\n|\n|-weather|Sandstorm|[upkeep]\n|-damage|p2a: Tauros|27\/100|[from] Sandstorm\n|upkeep\n|turn|4\n|\n|t:|1700382515\n|move|p2a: Tauros|Endeavor|p1a: Ting-Lu\n|-damage|p1a: Ting-Lu|18\/100\n|move|p1a: Ting-Lu|Zen Headbutt|p2a: Tauros\n|-supereffective|p2a: Tauros\n|-damage|p2a: Tauros|0 fnt\n|faint|p2a: Tauros\n|\n|-weather|Sandstorm|[upkeep]\n|upkeep\n|\n|t:|1700382525\n|switch|p2a: Barraskewda|Barraskewda, F, shiny|100\/100\n|turn|5\n|\n|t:|1700382530\n|move|p2a: Barraskewda|Aqua Jet|p1a: Ting-Lu\n|-supereffective|p1a: Ting-Lu\n|-damage|p1a: Ting-Lu|0 fnt\n|faint|p1a: Ting-Lu\n|-damage|p2a: Barraskewda|91\/100|[from] item: Life Orb\n|\n|-weather|none\n|upkeep\n|\n|t:|1700382542\n|switch|p1a: Ogerpon|Ogerpon-Cornerstone, F|100\/100\n|-damage|p1a: Ogerpon|88\/100|[from] Stealth Rock\n|turn|6\n|\n|t:|1700382549\n|-terastallize|p2a: Barraskewda|Water\n|move|p2a: Barraskewda|Liquidation|p1a: Ogerpon\n|-damage|p1a: Ogerpon|7\/100\n|-unboost|p1a: Ogerpon|def|1\n|-damage|p2a: Barraskewda|81\/100|[from] item: Life Orb\n|move|p1a: Ogerpon|Horn Leech|p2a: Barraskewda\n|-supereffective|p2a: Barraskewda\n|-damage|p2a: Barraskewda|0 fnt\n|-heal|p1a: Ogerpon|42\/100|[from] drain|[of] p2a: Barraskewda\n|faint|p2a: Barraskewda\n|\n|upkeep\n|\n|t:|1700382562\n|switch|p2a: Cramorant|Cramorant, F|100\/100\n|turn|7\n|\n|t:|1700382580\n|-terastallize|p1a: Ogerpon|Rock\n|detailschange|p1a: Ogerpon|Ogerpon-Cornerstone-Tera, F, tera:Rock\n|-ability|p1a: Ogerpon|Embody Aspect (Cornerstone)|boost\n|-boost|p1a: Ogerpon|def|1\n|move|p1a: Ogerpon|Horn Leech|p2a: Cramorant\n|-damage|p2a: Cramorant|26\/100\n|-heal|p1a: Ogerpon|81\/100|[from] drain|[of] p2a: Cramorant\n|-enditem|p2a: Cramorant|Red Card|[of] p1a: Ogerpon\n|drag|p1a: Weezing|Weezing-Galar, F, shiny|100\/100\n|-damage|p1a: Weezing|88\/100|[from] Stealth Rock\n|move|p2a: Cramorant|Dive||[still]\n|-formechange|p2a: Cramorant|Cramorant-Gorging|\n|-prepare|p2a: Cramorant|Dive\n|\n|-heal|p1a: Weezing|94\/100|[from] item: Leftovers\n|upkeep\n|turn|8\n|\n|t:|1700382597\n|move|p2a: Cramorant|Dive|p1a: Weezing|[from]lockedmove\n|-damage|p1a: Weezing|69\/100\n|move|p1a: Weezing|Toxic Spikes|p2a: Cramorant\n|-sidestart|p2: halp12390.69|move: Toxic Spikes\n|\n|-heal|p1a: Weezing|75\/100|[from] item: Leftovers\n|upkeep\n|turn|9\n|\n|t:|1700382609\n|move|p2a: Cramorant|Roost|p2a: Cramorant\n|-heal|p2a: Cramorant|76\/100\n|-singleturn|p2a: Cramorant|move: Roost\n|move|p1a: Weezing|Toxic Spikes|p2a: Cramorant\n|-sidestart|p2: halp12390.69|move: Toxic Spikes\n|\n|-heal|p1a: Weezing|81\/100|[from] item: Leftovers\n|upkeep\n|turn|10\n|\n|t:|1700382626\n|move|p2a: Cramorant|Liquidation|p1a: Weezing\n|-damage|p1a: Weezing|56\/100\n|move|p1a: Weezing|Toxic|p2a: Cramorant\n|-status|p2a: Cramorant|tox\n|\n|-heal|p1a: Weezing|62\/100|[from] item: Leftovers\n|-damage|p2a: Cramorant|70\/100 tox|[from] psn\n|upkeep\n|turn|11\n|\n|t:|1700382640\n|move|p2a: Cramorant|Tailwind|p2a: Cramorant\n|-sidestart|p2: halp12390.69|move: Tailwind\n|move|p1a: Weezing|Strange Steam|p2a: Cramorant\n|-damage|p2a: Cramorant|44\/100 tox\n|-damage|p1a: Weezing|37\/100|[from] ability: Gulp Missile|[of] p2a: Cramorant\n|-status|p1a: Weezing|par\n|-formechange|p2a: Cramorant|Cramorant|\n|\n|-heal|p1a: Weezing|43\/100 par|[from] item: Leftovers\n|-damage|p2a: Cramorant|32\/100 tox|[from] psn\n|upkeep\n|turn|12\n|\n|t:|1700382653\n|move|p2a: Cramorant|Dive||[still]\n|-formechange|p2a: Cramorant|Cramorant-Gorging|\n|-prepare|p2a: Cramorant|Dive\n|move|p1a: Weezing|Strange Steam|p2a: Cramorant|[miss]\n|-miss|p1a: Weezing|p2a: Cramorant\n|\n|-heal|p1a: Weezing|49\/100 par|[from] item: Leftovers\n|-damage|p2a: Cramorant|13\/100 tox|[from] psn\n|upkeep\n|turn|13\n|\n|t:|1700382668\n|move|p2a: Cramorant|Dive|p1a: Weezing|[from]lockedmove\n|-damage|p1a: Weezing|25\/100 par\n|cant|p1a: Weezing|par\n|\n|-heal|p1a: Weezing|31\/100 par|[from] item: Leftovers\n|-damage|p2a: Cramorant|0 fnt|[from] psn\n|faint|p2a: Cramorant\n|upkeep\n|\n|t:|1700382679\n|switch|p2a: Hippowdon|Hippowdon, F|85\/100\n|-status|p2a: Hippowdon|tox\n|-weather|Sandstorm|[from] ability: Sand Stream|[of] p2a: Hippowdon\n|turn|14\n|\n|t:|1700382688\n|move|p2a: Hippowdon|Earthquake|p1a: Weezing\n|-immune|p1a: Weezing|[from] ability: Levitate\n|move|p1a: Weezing|Strange Steam|p2a: Hippowdon\n|-damage|p2a: Hippowdon|61\/100 tox\n|\n|-weather|Sandstorm|[upkeep]\n|-damage|p1a: Weezing|25\/100 par|[from] Sandstorm\n|-heal|p2a: Hippowdon|67\/100 tox|[from] item: Leftovers\n|-heal|p1a: Weezing|31\/100 par|[from] item: Leftovers\n|-damage|p2a: Hippowdon|61\/100 tox|[from] psn\n|-sideend|p2: halp12390.69|move: Tailwind\n|upkeep\n|turn|15\n|\n|t:|1700382700\n|move|p2a: Hippowdon|Rock Slide|p1a: Weezing\n|-damage|p1a: Weezing|11\/100 par\n|move|p1a: Weezing|Strange Steam|p2a: Hippowdon\n|-damage|p2a: Hippowdon|35\/100 tox\n|-start|p2a: Hippowdon|confusion\n|\n|-weather|Sandstorm|[upkeep]\n|-damage|p1a: Weezing|5\/100 par|[from] Sandstorm\n|-heal|p2a: Hippowdon|41\/100 tox|[from] item: Leftovers\n|-heal|p1a: Weezing|11\/100 par|[from] item: Leftovers\n|-damage|p2a: Hippowdon|29\/100 tox|[from] psn\n|upkeep\n|turn|16\n|\n|t:|1700382714\n|-activate|p2a: Hippowdon|confusion\n|move|p2a: Hippowdon|Rock Tomb|p1a: Weezing\n|-damage|p1a: Weezing|0 fnt\n|faint|p1a: Weezing\n|\n|-weather|Sandstorm|[upkeep]\n|-heal|p2a: Hippowdon|35\/100 tox|[from] item: Leftovers\n|-damage|p2a: Hippowdon|17\/100 tox|[from] psn\n|upkeep\n|\n|t:|1700382725\n|switch|p1a: Gholdengo|Gholdengo|100\/100\n|-damage|p1a: Gholdengo|94\/100|[from] Stealth Rock\n|turn|17\n|\n|t:|1700382735\n|move|p1a: Gholdengo|Shadow Ball|p2a: Hippowdon\n|-damage|p2a: Hippowdon|0 fnt\n|faint|p2a: Hippowdon\n|\n|-weather|Sandstorm|[upkeep]\n|upkeep\n|\n|t:|1700382743\n|switch|p2a: Appletun|Appletun, F|100\/100\n|-status|p2a: Appletun|tox\n|turn|18\n|\n|t:|1700382767\n|move|p1a: Gholdengo|Steel Beam|p2a: Appletun\n|-damage|p2a: Appletun|26\/100 tox\n|-damage|p1a: Gholdengo|44\/100|[from] steelbeam\n|move|p2a: Appletun|Leech Seed|p1a: Gholdengo\n|-immune|p1a: Gholdengo|[from] ability: Good as Gold\n|\n|-weather|none\n|-damage|p2a: Appletun|20\/100 tox|[from] psn\n|upkeep\n|turn|19\n|\n|t:|1700382779\n|move|p1a: Gholdengo|Shadow Ball|p2a: Appletun\n|-damage|p2a: Appletun|0 fnt\n|faint|p2a: Appletun\n|\n|upkeep\n|\n|t:|1700382786\n|switch|p2a: Seviper|Seviper, F|100\/100\n|-sideend|p2: halp12390.69|move: Toxic Spikes|[of] p2a: Seviper\n|turn|20\n|\n|t:|1700382792\n|move|p2a: Seviper|Thunder Fang|p1a: Gholdengo\n|-damage|p1a: Gholdengo|27\/100\n|move|p1a: Gholdengo|Thunderbolt|p2a: Seviper\n|-damage|p2a: Seviper|48\/100\n|\n|upkeep\n|turn|21\n|-activate|p2a: Seviper|item: Quick Claw\n|\n|t:|1700382799\n|move|p2a: Seviper|Thunder Fang|p1a: Gholdengo|[miss]\n|-miss|p2a: Seviper|p1a: Gholdengo\n|move|p1a: Gholdengo|Thunderbolt|p2a: Seviper\n|-damage|p2a: Seviper|0 fnt\n|faint|p2a: Seviper\n|\n|win|poppycockles\n|raw|poppycockles's rating: 1040 &rarr; <strong>1070<\/strong><br \/>(+30 for winning)\n|raw|halp12390.69's rating: 1000 &rarr; <strong>1000<\/strong><br \/>(+0 for losing)\n|l|\u2606halp12390.69\n","uploadtime":1700382887,"views":9,"p1id":"poppycockles","p2id":"halp1239069","formatid":"gen9ou","rating":1000,"private":0,"password":""}