{"id":"gen9ou-1996415397","p1":"Kyledes","p2":"rdstrsre","format":"[Gen 9] OU","log":"|j|\u2606Kyledes\n|j|\u2606rdstrsre\n|t:|1700679832\n|gametype|singles\n|player|p1|Kyledes|1|1241\n|player|p2|rdstrsre|2|1249\n|teamsize|p1|6\n|teamsize|p2|6\n|gen|9\n|tier|[Gen 9] OU\n|rated|\n|rule|Sleep Clause Mod: Limit one foe put to sleep\n|rule|Species Clause: Limit one of each Pok\u00e9mon\n|rule|OHKO Clause: OHKO moves are banned\n|rule|Evasion Items Clause: Evasion items are banned\n|rule|Evasion Moves Clause: Evasion moves are banned\n|rule|Endless Battle Clause: Forcing endless battles is banned\n|rule|HP Percentage Mod: HP is shown in percentages\n|clearpoke\n|poke|p1|Landorus-Therian, M|\n|poke|p1|Mandibuzz, F|\n|poke|p1|Iron Moth|\n|poke|p1|Rillaboom, M|\n|poke|p1|Slowking-Galar, M|\n|poke|p1|Alomomola, M|\n|poke|p2|Samurott-Hisui, F|\n|poke|p2|Zapdos|\n|poke|p2|Gholdengo|\n|poke|p2|Great Tusk|\n|poke|p2|Dragapult, M|\n|poke|p2|Munkidori, M|\n|teampreview\n|\n|t:|1700679844\n|start\n|switch|p1a: Landorus|Landorus-Therian, M|100\/100\n|switch|p2a: Zapdos|Zapdos, shiny|100\/100\n|-ability|p1a: Landorus|Intimidate|boost\n|-unboost|p2a: Zapdos|atk|1\n|turn|1\n|\n|t:|1700679855\n|switch|p2a: Great Tusk|Great Tusk, shiny|100\/100\n|move|p1a: Landorus|U-turn|p2a: Great Tusk\n|-resisted|p2a: Great Tusk\n|-damage|p2a: Great Tusk|91\/100\n|l|\u2606Kyledes\n|player|p1|\n|j|\u2606Kyledes\n|player|p1|Kyledes|1\n|\n|t:|1700679894\n|switch|p1a: Alomomola|Alomomola, M|100\/100|[from] U-turn\n|\n|-heal|p2a: Great Tusk|97\/100|[from] item: Leftovers\n|upkeep\n|turn|2\n|\n|t:|1700679905\n|-end|p2a: Great Tusk|Protosynthesis|[silent]\n|switch|p2a: Samurott|Samurott-Hisui, F, shiny|100\/100\n|move|p1a: Alomomola|Scald|p2a: Samurott\n|-resisted|p2a: Samurott\n|-damage|p2a: Samurott|97\/100\n|\n|upkeep\n|turn|3\n|\n|t:|1700679912\n|move|p2a: Samurott|Ceaseless Edge|p1a: Alomomola|[miss]\n|-miss|p2a: Samurott|p1a: Alomomola\n|move|p1a: Alomomola|Scald|p2a: Samurott\n|-resisted|p2a: Samurott\n|-damage|p2a: Samurott|92\/100\n|-status|p2a: Samurott|brn\n|\n|-damage|p2a: Samurott|86\/100 brn|[from] brn\n|upkeep\n|turn|4\n|\n|t:|1700679928\n|move|p2a: Samurott|Ceaseless Edge|p1a: Alomomola\n|-damage|p1a: Alomomola|90\/100\n|-sidestart|p1: Kyledes|Spikes\n|move|p1a: Alomomola|Wish|p1a: Alomomola\n|\n|-heal|p1a: Alomomola|97\/100|[from] item: Leftovers\n|-damage|p2a: Samurott|80\/100 brn|[from] brn\n|upkeep\n|turn|5\n|\n|t:|1700679936\n|move|p2a: Samurott|Ceaseless Edge|p1a: Alomomola\n|-damage|p1a: Alomomola|86\/100\n|-sidestart|p1: Kyledes|Spikes\n|move|p1a: Alomomola|Flip Turn|p2a: Samurott\n|-resisted|p2a: Samurott\n|-damage|p2a: Samurott|71\/100 brn\n|\n|t:|1700679950\n|switch|p1a: Mandibuzz|Mandibuzz, F|100\/100|[from] Flip Turn\n|\n|-damage|p2a: Samurott|65\/100 brn|[from] brn\n|upkeep\n|turn|6\n|\n|t:|1700679960\n|switch|p2a: Gholdengo|Gholdengo, shiny|100\/100\n|move|p1a: Mandibuzz|Knock Off|p2a: Gholdengo\n|-supereffective|p2a: Gholdengo\n|-damage|p2a: Gholdengo|62\/100\n|-enditem|p2a: Gholdengo|Covert Cloak|[from] move: Knock Off|[of] p1a: Mandibuzz\n|\n|upkeep\n|turn|7\n|\n|t:|1700679968\n|move|p2a: Gholdengo|Recover|p2a: Gholdengo\n|-heal|p2a: Gholdengo|100\/100\n|move|p1a: Mandibuzz|Foul Play|p2a: Gholdengo\n|-supereffective|p2a: Gholdengo\n|-damage|p2a: Gholdengo|72\/100\n|\n|upkeep\n|turn|8\n|\n|t:|1700679975\n|move|p2a: Gholdengo|Make It Rain|p1a: Mandibuzz\n|-damage|p1a: Mandibuzz|54\/100\n|-unboost|p2a: Gholdengo|spa|1\n|move|p1a: Mandibuzz|Foul Play|p2a: Gholdengo\n|-supereffective|p2a: Gholdengo\n|-damage|p2a: Gholdengo|46\/100\n|\n|upkeep\n|turn|9\n|\n|t:|1700679993\n|move|p2a: Gholdengo|Recover|p2a: Gholdengo\n|-heal|p2a: Gholdengo|96\/100\n|move|p1a: Mandibuzz|Roost|p1a: Mandibuzz\n|-heal|p1a: Mandibuzz|100\/100\n|-singleturn|p1a: Mandibuzz|move: Roost\n|\n|upkeep\n|turn|10\n|\n|t:|1700680000\n|move|p2a: Gholdengo|Nasty Plot|p2a: Gholdengo\n|-boost|p2a: Gholdengo|spa|2\n|move|p1a: Mandibuzz|Knock Off|p2a: Gholdengo\n|-supereffective|p2a: Gholdengo\n|-damage|p2a: Gholdengo|70\/100\n|\n|upkeep\n|turn|11\n|\n|t:|1700680011\n|move|p2a: Gholdengo|Nasty Plot|p2a: Gholdengo\n|-boost|p2a: Gholdengo|spa|2\n|move|p1a: Mandibuzz|Foul Play|p2a: Gholdengo\n|-supereffective|p2a: Gholdengo\n|-damage|p2a: Gholdengo|46\/100\n|\n|upkeep\n|turn|12\n|\n|t:|1700680033\n|switch|p1a: Iron Moth|Iron Moth|100\/100\n|-damage|p1a: Iron Moth|84\/100|[from] Spikes\n|move|p2a: Gholdengo|Make It Rain|p1a: Iron Moth\n|-resisted|p1a: Iron Moth\n|-damage|p1a: Iron Moth|13\/100\n|-unboost|p2a: Gholdengo|spa|1\n|\n|upkeep\n|turn|13\n|\n|t:|1700680062\n|switch|p2a: Samurott|Samurott-Hisui, F, shiny|65\/100 brn\n|move|p1a: Iron Moth|Fiery Dance|p2a: Samurott\n|-resisted|p2a: Samurott\n|-damage|p2a: Samurott|49\/100 brn\n|\n|-damage|p2a: Samurott|42\/100 brn|[from] brn\n|upkeep\n|turn|14\n|l|\u2606Kyledes\n|player|p1|\n|j|\u2606Kyledes\n|player|p1|Kyledes|1\n|\n|t:|1700680154\n|-end|p1a: Iron Moth|Quark Drive|[silent]\n|switch|p1a: Landorus|Landorus-Therian, M|100\/100\n|-ability|p1a: Landorus|Intimidate|boost\n|-unboost|p2a: Samurott|atk|1\n|move|p2a: Samurott|Ceaseless Edge|p1a: Landorus\n|-damage|p1a: Landorus|85\/100\n|-sidestart|p1: Kyledes|Spikes\n|\n|-damage|p2a: Samurott|36\/100 brn|[from] brn\n|upkeep\n|turn|15\n|\n|t:|1700680171\n|switch|p2a: Great Tusk|Great Tusk, shiny|97\/100\n|move|p1a: Landorus|U-turn|p2a: Great Tusk\n|-resisted|p2a: Great Tusk\n|-damage|p2a: Great Tusk|88\/100\n|\n|t:|1700680199\n|switch|p1a: Alomomola|Alomomola, M|100\/100|[from] U-turn\n|-damage|p1a: Alomomola|76\/100|[from] Spikes\n|\n|-heal|p2a: Great Tusk|94\/100|[from] item: Leftovers\n|-heal|p1a: Alomomola|82\/100|[from] item: Leftovers\n|upkeep\n|turn|16\n|l|\u2606Kyledes\n|player|p1|\n|j|\u2606Kyledes\n|player|p1|Kyledes|1\n|\n|t:|1700680339\n|-end|p2a: Great Tusk|Protosynthesis|[silent]\n|switch|p2a: Gholdengo|Gholdengo, shiny|46\/100\n|move|p1a: Alomomola|Wish|p1a: Alomomola\n|\n|-heal|p1a: Alomomola|88\/100|[from] item: Leftovers\n|upkeep\n|turn|17\n|\n|t:|1700680348\n|move|p2a: Gholdengo|Recover|p2a: Gholdengo\n|-heal|p2a: Gholdengo|96\/100\n|move|p1a: Alomomola|Flip Turn|p2a: Gholdengo\n|-damage|p2a: Gholdengo|84\/100\n|\n|t:|1700680363\n|switch|p1a: Slowking|Slowking-Galar, M|100\/100|[from] Flip Turn\n|-damage|p1a: Slowking|76\/100|[from] Spikes\n|\n|-heal|p1a: Slowking|100\/100|[from] move: Wish|[wisher] Alomomola\n|upkeep\n|turn|18\n|\n|t:|1700680375\n|switch|p2a: Dragapult|Dragapult, M, shiny|100\/100\n|move|p1a: Slowking|Flamethrower|p2a: Dragapult\n|-resisted|p2a: Dragapult\n|-damage|p2a: Dragapult|80\/100\n|\n|upkeep\n|turn|19\n|\n|t:|1700680382\n|move|p2a: Dragapult|Phantom Force||[still]\n|-prepare|p2a: Dragapult|Phantom Force\n|move|p1a: Slowking|Ice Beam|p2a: Dragapult|[miss]\n|-miss|p1a: Slowking|p2a: Dragapult\n|\n|upkeep\n|turn|20\n|\n|t:|1700680388\n|switch|p1a: Mandibuzz|Mandibuzz, F|100\/100\n|move|p2a: Dragapult|Phantom Force|p1a: Mandibuzz|[from]lockedmove\n|-resisted|p1a: Mandibuzz\n|-damage|p1a: Mandibuzz|81\/100\n|\n|upkeep\n|turn|21\n|\n|t:|1700680396\n|switch|p2a: Gholdengo|Gholdengo, shiny|84\/100\n|move|p1a: Mandibuzz|Defog|p2a: Gholdengo\n|-immune|p2a: Gholdengo|[from] ability: Good as Gold\n|\n|upkeep\n|turn|22\n|\n|t:|1700680416\n|switch|p1a: Alomomola|Alomomola, M|100\/100\n|-damage|p1a: Alomomola|76\/100|[from] Spikes\n|move|p2a: Gholdengo|Make It Rain|p1a: Alomomola\n|-resisted|p1a: Alomomola\n|-damage|p1a: Alomomola|43\/100\n|-unboost|p2a: Gholdengo|spa|1\n|\n|-heal|p1a: Alomomola|49\/100|[from] item: Leftovers\n|upkeep\n|turn|23\n|\n|t:|1700680428\n|move|p2a: Gholdengo|Shadow Ball|p1a: Alomomola\n|-damage|p1a: Alomomola|17\/100\n|move|p1a: Alomomola|Wish|p1a: Alomomola\n|\n|-heal|p1a: Alomomola|24\/100|[from] item: Leftovers\n|upkeep\n|turn|24\n|\n|t:|1700680440\n|move|p1a: Alomomola|Protect|p1a: Alomomola\n|-singleturn|p1a: Alomomola|Protect\n|move|p2a: Gholdengo|Make It Rain|p1a: Alomomola\n|-activate|p1a: Alomomola|move: Protect\n|\n|-heal|p1a: Alomomola|74\/100|[from] move: Wish|[wisher] Alomomola\n|-heal|p1a: Alomomola|80\/100|[from] item: Leftovers\n|upkeep\n|turn|25\n|\n|t:|1700680450\n|switch|p2a: Zapdos|Zapdos, shiny|100\/100\n|move|p1a: Alomomola|Wish|p1a: Alomomola\n|\n|-heal|p1a: Alomomola|86\/100|[from] item: Leftovers\n|upkeep\n|turn|26\n|\n|t:|1700680460\n|switch|p1a: Landorus|Landorus-Therian, M|85\/100\n|-ability|p1a: Landorus|Intimidate|boost\n|-unboost|p2a: Zapdos|atk|1\n|move|p2a: Zapdos|Volt Switch|p1a: Landorus\n|-immune|p1a: Landorus\n|\n|-heal|p1a: Landorus|100\/100|[from] move: Wish|[wisher] Alomomola\n|upkeep\n|turn|27\n|\n|t:|1700680475\n|move|p2a: Zapdos|Volt Switch|p1a: Landorus\n|-immune|p1a: Landorus\n|move|p1a: Landorus|Earthquake|p2a: Zapdos\n|-immune|p2a: Zapdos\n|\n|upkeep\n|turn|28\n|\n|t:|1700680482\n|move|p2a: Zapdos|Hurricane|p1a: Landorus\n|-damage|p1a: Landorus|17\/100\n|move|p1a: Landorus|Earthquake|p2a: Zapdos\n|-immune|p2a: Zapdos\n|\n|upkeep\n|turn|29\n|\n|t:|1700680492\n|switch|p1a: Slowking|Slowking-Galar, M|100\/100\n|-damage|p1a: Slowking|76\/100|[from] Spikes\n|move|p2a: Zapdos|Hurricane|p1a: Slowking\n|-damage|p1a: Slowking|43\/100\n|\n|upkeep\n|turn|30\n|\n|t:|1700680501\n|move|p2a: Zapdos|Volt Switch|p1a: Slowking\n|-damage|p1a: Slowking|24\/100\n|\n|t:|1700680510\n|switch|p2a: Munkidori|Munkidori, M|100\/100|[from] Volt Switch\n|move|p1a: Slowking|Future Sight|p2a: Munkidori\n|-start|p1a: Slowking|move: Future Sight\n|\n|upkeep\n|turn|31\n|\n|t:|1700680522\n|switch|p1a: Mandibuzz|Mandibuzz, F|81\/100\n|move|p2a: Munkidori|Future Sight|p1a: Mandibuzz\n|-start|p2a: Munkidori|move: Future Sight\n|\n|upkeep\n|turn|32\n|\n|t:|1700680528\n|move|p2a: Munkidori|U-turn|p1a: Mandibuzz\n|-damage|p1a: Mandibuzz|75\/100\n|\n|t:|1700680531\n|switch|p2a: Gholdengo|Gholdengo, shiny|84\/100|[from] U-turn\n|move|p1a: Mandibuzz|Knock Off|p2a: Gholdengo\n|-supereffective|p2a: Gholdengo\n|-damage|p2a: Gholdengo|59\/100\n|\n|-end|p2a: Gholdengo|move: Future Sight\n|-resisted|p2a: Gholdengo\n|-damage|p2a: Gholdengo|29\/100\n|upkeep\n|turn|33\n|\n|t:|1700680545\n|switch|p1a: Landorus|Landorus-Therian, M|17\/100\n|-ability|p1a: Landorus|Intimidate|boost\n|-unboost|p2a: Gholdengo|atk|1\n|move|p2a: Gholdengo|Recover|p2a: Gholdengo\n|-heal|p2a: Gholdengo|79\/100\n|\n|-end|p1a: Landorus|move: Future Sight\n|-damage|p1a: Landorus|0 fnt\n|faint|p1a: Landorus\n|upkeep\n|\n|t:|1700680565\n|switch|p1a: Rillaboom|Rillaboom, M|100\/100\n|-damage|p1a: Rillaboom|75\/100|[from] Spikes\n|-fieldstart|move: Grassy Terrain|[from] ability: Grassy Surge|[of] p1a: Rillaboom\n|turn|34\n|\n|t:|1700680579\n|switch|p2a: Samurott|Samurott-Hisui, F, shiny|36\/100 brn\n|move|p1a: Rillaboom|Knock Off|p2a: Samurott\n|-resisted|p2a: Samurott\n|-damage|p2a: Samurott|17\/100 brn\n|-enditem|p2a: Samurott|Assault Vest|[from] move: Knock Off|[of] p1a: Rillaboom\n|\n|-heal|p2a: Samurott|23\/100 brn|[from] Grassy Terrain\n|-heal|p1a: Rillaboom|82\/100|[from] Grassy Terrain\n|-damage|p2a: Samurott|17\/100 brn|[from] brn\n|upkeep\n|turn|35\n|\n|t:|1700680592\n|move|p2a: Samurott|Aqua Jet|p1a: Rillaboom\n|-resisted|p1a: Rillaboom\n|-damage|p1a: Rillaboom|78\/100\n|move|p1a: Rillaboom|Grassy Glide|p2a: Samurott\n|-supereffective|p2a: Samurott\n|-damage|p2a: Samurott|0 fnt\n|faint|p2a: Samurott\n|\n|-heal|p1a: Rillaboom|84\/100|[from] Grassy Terrain\n|upkeep\n|\n|t:|1700680602\n|switch|p2a: Gholdengo|Gholdengo, shiny|79\/100\n|turn|36\n|\n|t:|1700680606\n|switch|p2a: Zapdos|Zapdos, shiny|100\/100\n|move|p1a: Rillaboom|Knock Off|p2a: Zapdos\n|-damage|p2a: Zapdos|60\/100\n|-enditem|p2a: Zapdos|Heavy-Duty Boots|[from] move: Knock Off|[of] p1a: Rillaboom\n|\n|-heal|p1a: Rillaboom|90\/100|[from] Grassy Terrain\n|upkeep\n|turn|37\n|l|\u2606Kyledes\n|player|p1|\n|j|\u2606Kyledes\n|player|p1|Kyledes|1\n|\n|t:|1700680644\n|move|p2a: Zapdos|Hurricane|p1a: Rillaboom|[miss]\n|-miss|p2a: Zapdos|p1a: Rillaboom\n|move|p1a: Rillaboom|U-turn|p2a: Zapdos\n|-resisted|p2a: Zapdos\n|-damage|p2a: Zapdos|45\/100\n|\n|t:|1700680653\n|switch|p1a: Iron Moth|Iron Moth|13\/100|[from] U-turn\n|-damage|p1a: Iron Moth|0 fnt|[from] Spikes\n|faint|p1a: Iron Moth\n|-end|p1a: Iron Moth|Quark Drive|[silent]\n|\n|upkeep\n|\n|t:|1700680663\n|switch|p1a: Slowking|Slowking-Galar, M|58\/100\n|-damage|p1a: Slowking|33\/100|[from] Spikes\n|turn|38\n|\n|t:|1700680683\n|switch|p2a: Munkidori|Munkidori, M|100\/100\n|move|p1a: Slowking|Ice Beam|p2a: Munkidori\n|-crit|p2a: Munkidori\n|-damage|p2a: Munkidori|48\/100\n|\n|-heal|p2a: Munkidori|54\/100|[from] Grassy Terrain\n|-heal|p1a: Slowking|39\/100|[from] Grassy Terrain\n|-fieldend|move: Grassy Terrain\n|upkeep\n|turn|39\n|\n|t:|1700680693\n|move|p2a: Munkidori|Future Sight|p1a: Slowking\n|-start|p2a: Munkidori|move: Future Sight\n|move|p1a: Slowking|Future Sight|p2a: Munkidori\n|-start|p1a: Slowking|move: Future Sight\n|\n|upkeep\n|turn|40\n|\n|t:|1700680699\n|switch|p1a: Mandibuzz|Mandibuzz, F|75\/100\n|move|p2a: Munkidori|Psychic|p1a: Mandibuzz\n|-immune|p1a: Mandibuzz\n|\n|upkeep\n|turn|41\n|\n|t:|1700680705\n|move|p2a: Munkidori|U-turn|p1a: Mandibuzz\n|-damage|p1a: Mandibuzz|68\/100\n|\n|t:|1700680708\n|switch|p2a: Gholdengo|Gholdengo, shiny|79\/100|[from] U-turn\n|move|p1a: Mandibuzz|Foul Play|p2a: Gholdengo\n|-supereffective|p2a: Gholdengo\n|-damage|p2a: Gholdengo|55\/100\n|\n|-end|p2a: Gholdengo|move: Future Sight\n|-resisted|p2a: Gholdengo\n|-damage|p2a: Gholdengo|23\/100\n|-end|p1a: Mandibuzz|move: Future Sight\n|-immune|p1a: Mandibuzz\n|upkeep\n|turn|42\n|\n|t:|1700680718\n|move|p2a: Gholdengo|Recover|p2a: Gholdengo\n|-heal|p2a: Gholdengo|73\/100\n|move|p1a: Mandibuzz|Foul Play|p2a: Gholdengo\n|-supereffective|p2a: Gholdengo\n|-damage|p2a: Gholdengo|46\/100\n|\n|upkeep\n|turn|43\n|\n|t:|1700680735\n|move|p2a: Gholdengo|Recover|p2a: Gholdengo\n|-heal|p2a: Gholdengo|96\/100\n|move|p1a: Mandibuzz|Foul Play|p2a: Gholdengo\n|-supereffective|p2a: Gholdengo\n|-damage|p2a: Gholdengo|70\/100\n|\n|upkeep\n|turn|44\n|\n|t:|1700680749\n|move|p2a: Gholdengo|Make It Rain|p1a: Mandibuzz\n|-damage|p1a: Mandibuzz|17\/100\n|-unboost|p2a: Gholdengo|spa|1\n|move|p1a: Mandibuzz|Roost|p1a: Mandibuzz\n|-heal|p1a: Mandibuzz|67\/100\n|-singleturn|p1a: Mandibuzz|move: Roost\n|\n|upkeep\n|turn|45\n|\n|t:|1700680758\n|move|p2a: Gholdengo|Nasty Plot|p2a: Gholdengo\n|-boost|p2a: Gholdengo|spa|2\n|move|p1a: Mandibuzz|Roost|p1a: Mandibuzz\n|-heal|p1a: Mandibuzz|100\/100\n|-singleturn|p1a: Mandibuzz|move: Roost\n|\n|upkeep\n|turn|46\n|\n|t:|1700680770\n|move|p2a: Gholdengo|Nasty Plot|p2a: Gholdengo\n|-boost|p2a: Gholdengo|spa|2\n|move|p1a: Mandibuzz|Foul Play|p2a: Gholdengo\n|-supereffective|p2a: Gholdengo\n|-damage|p2a: Gholdengo|46\/100\n|\n|upkeep\n|turn|47\n|\n|t:|1700680794\n|switch|p1a: Alomomola|Alomomola, M|100\/100\n|-damage|p1a: Alomomola|76\/100|[from] Spikes\n|move|p2a: Gholdengo|Make It Rain|p1a: Alomomola\n|-resisted|p1a: Alomomola\n|-damage|p1a: Alomomola|0 fnt\n|-unboost|p2a: Gholdengo|spa|1\n|faint|p1a: Alomomola\n|\n|upkeep\n|-message|Kyledes forfeited.\n|\n|win|rdstrsre\n|raw|Kyledes's rating: 1241 &rarr; <strong>1217<\/strong><br \/>(-24 for losing)\n|raw|rdstrsre's rating: 1249 &rarr; <strong>1273<\/strong><br \/>(+24 for winning)\n|l|\u2606Kyledes\n","uploadtime":1700680816,"views":0,"p1id":"kyledes","p2id":"rdstrsre","formatid":"gen9ou","rating":1217,"private":0,"password":""}