{"id":"gen9ou-1989200084","p1":"GrandpaNoogie","p2":"Squi101","format":"[Gen 9] OU","log":"|j|\u2606GrandpaNoogie\n|j|\u2606Squi101\n|t:|1699822696\n|gametype|singles\n|player|p1|GrandpaNoogie|hiker-gen4|1246\n|player|p2|Squi101|169|1276\n|teamsize|p1|6\n|teamsize|p2|6\n|gen|9\n|tier|[Gen 9] OU\n|rated|\n|rule|Sleep Clause Mod: Limit one foe put to sleep\n|rule|Species Clause: Limit one of each Pok\u00e9mon\n|rule|OHKO Clause: OHKO moves are banned\n|rule|Evasion Items Clause: Evasion items are banned\n|rule|Evasion Moves Clause: Evasion moves are banned\n|rule|Endless Battle Clause: Forcing endless battles is banned\n|rule|HP Percentage Mod: HP is shown in percentages\n|clearpoke\n|poke|p1|Meloetta|\n|poke|p1|Enamorus, F|\n|poke|p1|Landorus-Therian, M|\n|poke|p1|Glimmora, M|\n|poke|p1|Walking Wake|\n|poke|p1|Dipplin, M|\n|poke|p2|Greninja-*, F|\n|poke|p2|Abomasnow, F|\n|poke|p2|Hoopa-Unbound|\n|poke|p2|Sinistcha|\n|poke|p2|Tinkaton, F|\n|poke|p2|Iron Treads|\n|teampreview\n|c|\u2606GrandpaNoogie|Glhf!\n|c|\u2606Squi101|u2\n|inactive|Battle timer is ON: inactive players will automatically lose when time's up. (requested by Squi101)\n|\n|t:|1699822733\n|start\n|switch|p1a: Wild Weaves|Glimmora, M|100\/100\n|switch|p2a: Abomasnow|Abomasnow, F|100\/100\n|-weather|Snow|[from] ability: Snow Warning|[of] p2a: Abomasnow\n|turn|1\n|\n|t:|1699822746\n|move|p1a: Wild Weaves|Power Gem|p2a: Abomasnow\n|-supereffective|p2a: Abomasnow\n|-damage|p2a: Abomasnow|16\/100\n|move|p2a: Abomasnow|Aurora Veil|p2a: Abomasnow\n|-sidestart|p2: Squi101|move: Aurora Veil\n|\n|-weather|Snow|[upkeep]\n|upkeep\n|turn|2\n|\n|t:|1699822762\n|move|p1a: Wild Weaves|Power Gem|p2a: Abomasnow\n|-supereffective|p2a: Abomasnow\n|-damage|p2a: Abomasnow|0 fnt\n|faint|p2a: Abomasnow\n|\n|-weather|Snow|[upkeep]\n|upkeep\n|\n|t:|1699822768\n|switch|p2a: Greninja|Greninja, F, shiny|100\/100\n|turn|3\n|\n|t:|1699822787\n|switch|p1a: Lain Cute!|Meloetta|100\/100\n|move|p2a: Greninja|Surf|p1a: Lain Cute!\n|-start|p2a: Greninja|typechange|Water|[from] ability: Protean\n|-damage|p1a: Lain Cute!|73\/100\n|\n|-weather|Snow|[upkeep]\n|upkeep\n|turn|4\n|inactive|Squi101 has 120 seconds left.\n|\n|t:|1699822829\n|switch|p2a: Sinistcha|Sinistcha|100\/100\n|move|p1a: Lain Cute!|Relic Song|p2a: Sinistcha\n|-immune|p2a: Sinistcha\n|\n|-weather|Snow|[upkeep]\n|upkeep\n|turn|5\n|\n|t:|1699822840\n|switch|p1a: World Eater|Dipplin, M|100\/100\n|move|p2a: Sinistcha|Calm Mind|p2a: Sinistcha\n|-boost|p2a: Sinistcha|spa|1\n|-boost|p2a: Sinistcha|spd|1\n|\n|-weather|none\n|upkeep\n|turn|6\n|\n|t:|1699822868\n|move|p2a: Sinistcha|Shadow Ball|p1a: World Eater\n|-damage|p1a: World Eater|71\/100\n|-unboost|p1a: World Eater|spd|1\n|move|p1a: World Eater|Dragon Tail|p2a: Sinistcha\n|-damage|p2a: Sinistcha|95\/100\n|drag|p2a: Tinkaton|Tinkaton, F|100\/100\n|-ability|p2a: Tinkaton|Mold Breaker\n|-item|p2a: Tinkaton|Air Balloon\n|\n|upkeep\n|turn|7\n|inactive|Squi101 has 90 seconds left.\n|\n|t:|1699822888\n|move|p2a: Tinkaton|Encore|p1a: World Eater\n|-start|p1a: World Eater|Encore\n|move|p1a: World Eater|Dragon Tail|p2a: Tinkaton\n|-immune|p2a: Tinkaton\n|\n|upkeep\n|turn|8\n|inactive|Squi101 has 90 seconds left.\n|\n|t:|1699822902\n|switch|p1a: Big Stepper|Walking Wake|100\/100\n|move|p2a: Tinkaton|Stealth Rock|p1a: Big Stepper\n|-sidestart|p1: GrandpaNoogie|move: Stealth Rock\n|\n|-sideend|p2: Squi101|move: Aurora Veil\n|upkeep\n|turn|9\n|inactive|Squi101 has 90 seconds left.\n|\n|t:|1699822922\n|move|p1a: Big Stepper|Flamethrower|p2a: Tinkaton\n|-supereffective|p2a: Tinkaton\n|-damage|p2a: Tinkaton|46\/100\n|-status|p2a: Tinkaton|brn\n|-enditem|p2a: Tinkaton|Air Balloon\n|move|p2a: Tinkaton|Knock Off|p1a: Big Stepper\n|-damage|p1a: Big Stepper|88\/100\n|-enditem|p1a: Big Stepper|Heavy-Duty Boots|[from] move: Knock Off|[of] p2a: Tinkaton\n|\n|-damage|p2a: Tinkaton|40\/100 brn|[from] brn\n|upkeep\n|turn|10\n|j| SadaShidz\ufe0f\n|inactive|Squi101 has 90 seconds left.\n|\n|t:|1699822934\n|move|p1a: Big Stepper|Flamethrower|p2a: Tinkaton\n|-supereffective|p2a: Tinkaton\n|-damage|p2a: Tinkaton|0 fnt\n|faint|p2a: Tinkaton\n|\n|upkeep\n|\n|t:|1699822951\n|switch|p2a: Sinistcha|Sinistcha|95\/100\n|turn|11\n|\n|t:|1699822963\n|-end|p1a: Big Stepper|Protosynthesis|[silent]\n|switch|p1a: Lain Cute!|Meloetta|73\/100\n|-damage|p1a: Lain Cute!|61\/100|[from] Stealth Rock\n|switch|p2a: Greninja|Greninja, F, shiny|100\/100\n|\n|upkeep\n|turn|12\n|\n|t:|1699822976\n|switch|p1a: World Eater|Dipplin, M|71\/100\n|-damage|p1a: World Eater|58\/100|[from] Stealth Rock\n|move|p2a: Greninja|Ice Beam|p1a: World Eater\n|-start|p2a: Greninja|typechange|Ice|[from] ability: Protean\n|-supereffective|p1a: World Eater\n|-damage|p1a: World Eater|0 fnt\n|faint|p1a: World Eater\n|\n|upkeep\n|\n|t:|1699822982\n|switch|p1a: Lain Cute!|Meloetta|61\/100\n|-damage|p1a: Lain Cute!|49\/100|[from] Stealth Rock\n|turn|13\n|inactive|Squi101 has 90 seconds left.\n|\n|t:|1699823014\n|switch|p2a: Iron Treads|Iron Treads|100\/100\n|-enditem|p2a: Iron Treads|Booster Energy\n|-activate|p2a: Iron Treads|ability: Quark Drive|[fromitem]\n|-start|p2a: Iron Treads|quarkdrivespe\n|move|p1a: Lain Cute!|Psychic|p2a: Iron Treads\n|-resisted|p2a: Iron Treads\n|-damage|p2a: Iron Treads|73\/100\n|\n|upkeep\n|turn|14\n|inactive|Squi101 has 60 seconds left.\n|\n|t:|1699823038\n|switch|p1a: Not UU Yet|Landorus-Therian, M|100\/100\n|-damage|p1a: Not UU Yet|88\/100|[from] Stealth Rock\n|-ability|p1a: Not UU Yet|Intimidate|boost\n|-unboost|p2a: Iron Treads|atk|1\n|move|p2a: Iron Treads|Knock Off|p1a: Not UU Yet\n|-damage|p1a: Not UU Yet|74\/100\n|-enditem|p1a: Not UU Yet|Leftovers|[from] move: Knock Off|[of] p2a: Iron Treads\n|\n|upkeep\n|turn|15\n|inactive|Squi101 has 60 seconds left.\n|\n|t:|1699823048\n|move|p2a: Iron Treads|Ice Spinner|p1a: Not UU Yet\n|-supereffective|p1a: Not UU Yet\n|-damage|p1a: Not UU Yet|25\/100\n|move|p1a: Not UU Yet|Earthquake|p2a: Iron Treads\n|-supereffective|p2a: Iron Treads\n|-damage|p2a: Iron Treads|0 fnt\n|faint|p2a: Iron Treads\n|-end|p2a: Iron Treads|Quark Drive|[silent]\n|\n|upkeep\n|inactive|Squi101 has 60 seconds left.\n|\n|t:|1699823068\n|switch|p2a: Sinistcha|Sinistcha|95\/100\n|turn|16\n|\n|t:|1699823078\n|move|p1a: Not UU Yet|Taunt|p2a: Sinistcha\n|-start|p2a: Sinistcha|move: Taunt\n|cant|p2a: Sinistcha|move: Taunt|Strength Sap\n|\n|-heal|p2a: Sinistcha|100\/100|[from] item: Leftovers\n|upkeep\n|turn|17\n|inactive|Squi101 has 60 seconds left.\n|\n|t:|1699823086\n|move|p1a: Not UU Yet|Stealth Rock|p2a: Sinistcha\n|-sidestart|p2: Squi101|move: Stealth Rock\n|move|p2a: Sinistcha|Matcha Gotcha|p1a: Not UU Yet\n|-crit|p1a: Not UU Yet\n|-damage|p1a: Not UU Yet|0 fnt\n|faint|p1a: Not UU Yet\n|\n|upkeep\n|\n|t:|1699823092\n|switch|p1a: Wild Weaves|Glimmora, M|100\/100\n|-damage|p1a: Wild Weaves|88\/100|[from] Stealth Rock\n|turn|18\n|\n|t:|1699823098\n|move|p1a: Wild Weaves|Mortal Spin|p2a: Sinistcha\n|-damage|p2a: Sinistcha|95\/100\n|-status|p2a: Sinistcha|psn\n|-sideend|p1: GrandpaNoogie|Stealth Rock|[from] move: Mortal Spin|[of] p1a: Wild Weaves\n|move|p2a: Sinistcha|Matcha Gotcha|p1a: Wild Weaves\n|-damage|p1a: Wild Weaves|53\/100\n|-heal|p2a: Sinistcha|100\/100 psn|[from] drain|[of] p1a: Wild Weaves\n|\n|-damage|p2a: Sinistcha|88\/100 psn|[from] psn\n|-end|p2a: Sinistcha|move: Taunt\n|upkeep\n|turn|19\n|\n|t:|1699823114\n|move|p1a: Wild Weaves|Spikes|p2a: Sinistcha\n|-sidestart|p2: Squi101|Spikes\n|move|p2a: Sinistcha|Matcha Gotcha|p1a: Wild Weaves\n|-damage|p1a: Wild Weaves|19\/100\n|-heal|p2a: Sinistcha|100\/100 psn|[from] drain|[of] p1a: Wild Weaves\n|-status|p1a: Wild Weaves|brn\n|\n|-damage|p2a: Sinistcha|88\/100 psn|[from] psn\n|-damage|p1a: Wild Weaves|13\/100 brn|[from] brn\n|upkeep\n|turn|20\n|\n|t:|1699823125\n|move|p1a: Wild Weaves|Power Gem|p2a: Sinistcha\n|-damage|p2a: Sinistcha|37\/100 psn\n|move|p2a: Sinistcha|Matcha Gotcha|p1a: Wild Weaves\n|-damage|p1a: Wild Weaves|0 fnt\n|-heal|p2a: Sinistcha|44\/100 psn|[from] drain|[of] p1a: Wild Weaves\n|faint|p1a: Wild Weaves\n|\n|-heal|p2a: Sinistcha|50\/100 psn|[from] item: Leftovers\n|-damage|p2a: Sinistcha|37\/100 psn|[from] psn\n|upkeep\n|\n|t:|1699823134\n|switch|p1a: Real?|Enamorus, F|100\/100\n|turn|21\n|\n|t:|1699823137\n|move|p1a: Real?|Moonblast|p2a: Sinistcha\n|-damage|p2a: Sinistcha|0 fnt\n|faint|p2a: Sinistcha\n|\n|upkeep\n|\n|t:|1699823143\n|switch|p2a: Greninja|Greninja, F, shiny|100\/100\n|-damage|p2a: Greninja|88\/100|[from] Stealth Rock\n|-damage|p2a: Greninja|76\/100|[from] Spikes\n|turn|22\n|\n|t:|1699823153\n|switch|p1a: Lain Cute!|Meloetta|49\/100\n|move|p2a: Greninja|Ice Beam|p1a: Lain Cute!\n|-start|p2a: Greninja|typechange|Ice|[from] ability: Protean\n|-damage|p1a: Lain Cute!|23\/100\n|\n|upkeep\n|turn|23\n|\n|t:|1699823167\n|move|p2a: Greninja|Ice Beam|p1a: Lain Cute!\n|-damage|p1a: Lain Cute!|0 fnt\n|faint|p1a: Lain Cute!\n|\n|upkeep\n|\n|t:|1699823169\n|switch|p1a: Big Stepper|Walking Wake|88\/100\n|turn|24\n|inactive|Squi101 has 90 seconds left.\n|\n|t:|1699823185\n|switch|p2a: Hoopa|Hoopa-Unbound|100\/100\n|-damage|p2a: Hoopa|88\/100|[from] Stealth Rock\n|-damage|p2a: Hoopa|76\/100|[from] Spikes\n|move|p1a: Big Stepper|Flamethrower|p2a: Hoopa\n|-damage|p2a: Hoopa|53\/100\n|\n|upkeep\n|turn|25\n|inactive|Squi101 has 90 seconds left.\n|\n|t:|1699823203\n|-terastallize|p1a: Big Stepper|Dragon\n|move|p1a: Big Stepper|Draco Meteor|p2a: Hoopa\n|-damage|p2a: Hoopa|0 fnt\n|-unboost|p1a: Big Stepper|spa|2\n|faint|p2a: Hoopa\n|\n|upkeep\n|\n|t:|1699823211\n|switch|p2a: Greninja|Greninja, F, shiny|76\/100\n|-damage|p2a: Greninja|64\/100|[from] Stealth Rock\n|-damage|p2a: Greninja|52\/100|[from] Spikes\n|turn|26\n|\n|t:|1699823225\n|move|p1a: Big Stepper|Aqua Jet|p2a: Greninja\n|-resisted|p2a: Greninja\n|-damage|p2a: Greninja|43\/100\n|move|p2a: Greninja|Ice Beam|p1a: Big Stepper\n|-start|p2a: Greninja|typechange|Ice|[from] ability: Protean\n|-supereffective|p1a: Big Stepper\n|-damage|p1a: Big Stepper|0 fnt\n|faint|p1a: Big Stepper\n|-end|p1a: Big Stepper|Protosynthesis|[silent]\n|\n|upkeep\n|\n|t:|1699823227\n|switch|p1a: Real?|Enamorus, F|100\/100\n|turn|27\n|inactive|Squi101 has 90 seconds left.\n|\n|t:|1699823247\n|move|p1a: Real?|Mystical Fire|p2a: Greninja\n|-supereffective|p2a: Greninja\n|-damage|p2a: Greninja|0 fnt\n|faint|p2a: Greninja\n|\n|win|GrandpaNoogie\n|raw|GrandpaNoogie's rating: 1246 &rarr; <strong>1273<\/strong><br \/>(+27 for winning)\n|raw|Squi101's rating: 1276 &rarr; <strong>1249<\/strong><br \/>(-27 for losing)\n|c|\u2606GrandpaNoogie|GG wp\n|l| SadaShidz\ufe0f\n|l|\u2606GrandpaNoogie\n|c|\u2606Squi101|gg\n|c|\u2606Squi101|u2\n","uploadtime":1699823279,"views":9,"p1id":"grandpanoogie","p2id":"squi101","formatid":"gen9ou","rating":1249,"private":0,"password":""}