{"id":"gen9ou-1993309499","p1":"JeffDHAMO","p2":"KOTONOHOUSE","format":"[Gen 9] OU","log":"|j|\u2606JeffDHAMO\n|j|\u2606KOTONOHOUSE\n|t:|1700295327\n|gametype|singles\n|player|p1|JeffDHAMO|265|1410\n|player|p2|KOTONOHOUSE|unknown|1348\n|teamsize|p1|6\n|teamsize|p2|6\n|gen|9\n|tier|[Gen 9] OU\n|rated|\n|rule|Sleep Clause Mod: Limit one foe put to sleep\n|rule|Species Clause: Limit one of each Pok\u00e9mon\n|rule|OHKO Clause: OHKO moves are banned\n|rule|Evasion Items Clause: Evasion items are banned\n|rule|Evasion Moves Clause: Evasion moves are banned\n|rule|Endless Battle Clause: Forcing endless battles is banned\n|rule|HP Percentage Mod: HP is shown in percentages\n|clearpoke\n|poke|p1|Weavile, M|\n|poke|p1|Garganacl, M|\n|poke|p1|Maushold-Four|\n|poke|p1|Ceruledge, F|\n|poke|p1|Hatterene, F|\n|poke|p1|Landorus-Therian, M|\n|poke|p2|Heatran, M|\n|poke|p2|Samurott-Hisui, F|\n|poke|p2|Great Tusk|\n|poke|p2|Gholdengo|\n|poke|p2|Thundurus-Therian, M|\n|poke|p2|Dragapult, M|\n|teampreview\n|inactive|Battle timer is ON: inactive players will automatically lose when time's up. (requested by KOTONOHOUSE)\n|c|\u2606JeffDHAMO|glhf\n|\n|t:|1700295340\n|start\n|switch|p1a: Maushold|Maushold-Four|100\/100\n|switch|p2a: Samurott|Samurott-Hisui, F|100\/100\n|turn|1\n|\n|t:|1700295350\n|move|p1a: Maushold|Population Bomb|p2a: Samurott\n|-damage|p2a: Samurott|86\/100\n|-damage|p2a: Samurott|70\/100\n|-damage|p2a: Samurott|56\/100\n|-damage|p2a: Samurott|42\/100\n|-damage|p2a: Samurott|27\/100\n|-damage|p2a: Samurott|13\/100\n|-damage|p2a: Samurott|0 fnt\n|faint|p2a: Samurott\n|-hitcount|p2: Samurott|7\n|\n|upkeep\n|\n|t:|1700295361\n|switch|p2a: Gholdengo|Gholdengo|100\/100\n|-item|p2a: Gholdengo|Air Balloon\n|turn|2\n|\n|t:|1700295368\n|move|p1a: Maushold|Bite|p2a: Gholdengo\n|-supereffective|p2a: Gholdengo\n|-damage|p2a: Gholdengo|62\/100\n|-enditem|p2a: Gholdengo|Air Balloon\n|cant|p2a: Gholdengo|flinch\n|\n|upkeep\n|turn|3\n|\n|t:|1700295376\n|switch|p1a: Ceruledge|Ceruledge, F|100\/100\n|move|p2a: Gholdengo|Make It Rain|p1a: Ceruledge\n|-resisted|p1a: Ceruledge\n|-crit|p1a: Ceruledge\n|-damage|p1a: Ceruledge|42\/100\n|-unboost|p2a: Gholdengo|spa|1\n|\n|upkeep\n|turn|4\n|\n|t:|1700295387\n|switch|p1a: Weavile|Weavile, M|100\/100\n|-ability|p1a: Weavile|Pressure\n|move|p2a: Gholdengo|Shadow Ball|p1a: Weavile\n|-resisted|p1a: Weavile\n|-damage|p1a: Weavile|78\/100\n|\n|upkeep\n|turn|5\n|\n|t:|1700295398\n|move|p1a: Weavile|Knock Off|p2a: Gholdengo\n|-supereffective|p2a: Gholdengo\n|-damage|p2a: Gholdengo|0 fnt\n|faint|p2a: Gholdengo\n|\n|upkeep\n|\n|t:|1700295412\n|switch|p2a: Dragapult|Dragapult, M|100\/100\n|turn|6\n|\n|t:|1700295420\n|switch|p1a: Ceruledge|Ceruledge, F|42\/100\n|move|p2a: Dragapult|Flamethrower|p1a: Ceruledge\n|-resisted|p1a: Ceruledge\n|-damage|p1a: Ceruledge|20\/100\n|\n|upkeep\n|turn|7\n|\n|t:|1700295441\n|switch|p2a: Great Tusk|Great Tusk|100\/100\n|move|p1a: Ceruledge|Shadow Sneak|p2a: Great Tusk\n|-damage|p2a: Great Tusk|84\/100\n|\n|-heal|p2a: Great Tusk|91\/100|[from] item: Leftovers\n|upkeep\n|turn|8\n|\n|t:|1700295448\n|move|p2a: Great Tusk|Knock Off|p1a: Ceruledge\n|-supereffective|p1a: Ceruledge\n|-damage|p1a: Ceruledge|0 fnt\n|-enditem|p1a: Ceruledge|Focus Sash|[from] move: Knock Off|[of] p2a: Great Tusk\n|faint|p1a: Ceruledge\n|\n|-heal|p2a: Great Tusk|97\/100|[from] item: Leftovers\n|upkeep\n|\n|t:|1700295452\n|switch|p1a: Landorus|Landorus-Therian, M|100\/100\n|-ability|p1a: Landorus|Intimidate|boost\n|-unboost|p2a: Great Tusk|atk|1\n|turn|9\n|\n|t:|1700295459\n|move|p1a: Landorus|Grass Knot|p2a: Great Tusk\n|-supereffective|p2a: Great Tusk\n|-damage|p2a: Great Tusk|0 fnt\n|faint|p2a: Great Tusk\n|-end|p2a: Great Tusk|Protosynthesis|[silent]\n|\n|upkeep\n|\n|t:|1700295463\n|switch|p2a: Dragapult|Dragapult, M|100\/100\n|turn|10\n|\n|t:|1700295469\n|switch|p1a: Maushold|Maushold-Four|100\/100\n|move|p2a: Dragapult|Dragon Pulse|p1a: Maushold\n|-damage|p1a: Maushold|18\/100\n|\n|upkeep\n|turn|11\n|\n|t:|1700295474\n|switch|p1a: Hatterene|Hatterene, F|100\/100\n|move|p2a: Dragapult|Dragon Pulse|p1a: Hatterene\n|-immune|p1a: Hatterene\n|\n|upkeep\n|turn|12\n|\n|t:|1700295480\n|switch|p2a: Heatran|Heatran, M|100\/100\n|switch|p1a: Landorus|Landorus-Therian, M|100\/100\n|-ability|p1a: Landorus|Intimidate|boost\n|-unboost|p2a: Heatran|atk|1\n|\n|upkeep\n|turn|13\n|\n|t:|1700295489\n|switch|p2a: Thundurus|Thundurus-Therian, M|100\/100\n|move|p1a: Landorus|Sludge Bomb|p2a: Thundurus\n|-damage|p2a: Thundurus|44\/100\n|\n|upkeep\n|turn|14\n|\n|t:|1700295497\n|switch|p1a: Maushold|Maushold-Four|18\/100\n|move|p2a: Thundurus|Grass Knot|p1a: Maushold\n|-damage|p1a: Maushold|2\/100\n|\n|upkeep\n|turn|15\n|\n|t:|1700295503\n|move|p1a: Maushold|Bite|p2a: Thundurus\n|-damage|p2a: Thundurus|13\/100\n|cant|p2a: Thundurus|flinch\n|\n|upkeep\n|turn|16\n|\n|t:|1700295511\n|switch|p2a: Heatran|Heatran, M|100\/100\n|move|p1a: Maushold|Bite|p2a: Heatran\n|-damage|p2a: Heatran|82\/100\n|\n|-heal|p2a: Heatran|88\/100|[from] item: Leftovers\n|upkeep\n|turn|17\n|\n|t:|1700295518\n|move|p1a: Maushold|Population Bomb|p2a: Heatran\n|-resisted|p2a: Heatran\n|-damage|p2a: Heatran|83\/100\n|-hitcount|p2a: Heatran|1\n|move|p2a: Heatran|Stealth Rock|p1a: Maushold\n|-sidestart|p1: JeffDHAMO|move: Stealth Rock\n|\n|-heal|p2a: Heatran|90\/100|[from] item: Leftovers\n|upkeep\n|turn|18\n|\n|t:|1700295522\n|move|p1a: Maushold|Population Bomb|p2a: Heatran\n|-resisted|p2a: Heatran\n|-damage|p2a: Heatran|85\/100\n|-resisted|p2a: Heatran\n|-damage|p2a: Heatran|80\/100\n|-resisted|p2a: Heatran\n|-damage|p2a: Heatran|76\/100\n|-resisted|p2a: Heatran\n|-damage|p2a: Heatran|71\/100\n|-resisted|p2a: Heatran\n|-damage|p2a: Heatran|67\/100\n|-resisted|p2a: Heatran\n|-damage|p2a: Heatran|62\/100\n|-resisted|p2a: Heatran\n|-damage|p2a: Heatran|57\/100\n|-resisted|p2a: Heatran\n|-damage|p2a: Heatran|53\/100\n|-resisted|p2a: Heatran\n|-damage|p2a: Heatran|48\/100\n|-resisted|p2a: Heatran\n|-damage|p2a: Heatran|44\/100\n|-hitcount|p2a: Heatran|10\n|move|p2a: Heatran|Earth Power|p1a: Maushold\n|-damage|p1a: Maushold|0 fnt\n|faint|p1a: Maushold\n|\n|-heal|p2a: Heatran|50\/100|[from] item: Leftovers\n|upkeep\n|\n|t:|1700295529\n|switch|p1a: Landorus|Landorus-Therian, M|100\/100\n|-damage|p1a: Landorus|88\/100|[from] Stealth Rock\n|-ability|p1a: Landorus|Intimidate|boost\n|-unboost|p2a: Heatran|atk|1\n|turn|19\n|\n|t:|1700295539\n|-terastallize|p2a: Heatran|Grass\n|move|p1a: Landorus|Earth Power|p2a: Heatran\n|-resisted|p2a: Heatran\n|-damage|p2a: Heatran|31\/100\n|move|p2a: Heatran|Magma Storm|p1a: Landorus|[miss]\n|-miss|p2a: Heatran|p1a: Landorus\n|\n|-heal|p2a: Heatran|37\/100|[from] item: Leftovers\n|upkeep\n|turn|20\n|\n|t:|1700295551\n|switch|p1a: Hatterene|Hatterene, F|100\/100\n|-damage|p1a: Hatterene|88\/100|[from] Stealth Rock\n|move|p2a: Heatran|Protect||[still]\n|-fail|p2a: Heatran\n|\n|-heal|p2a: Heatran|44\/100|[from] item: Leftovers\n|-heal|p1a: Hatterene|94\/100|[from] item: Leftovers\n|upkeep\n|turn|21\n|\n|t:|1700295569\n|move|p2a: Heatran|Magma Storm|p1a: Hatterene|[miss]\n|-miss|p2a: Heatran|p1a: Hatterene\n|move|p1a: Hatterene|Psyshock|p2a: Heatran\n|-damage|p2a: Heatran|12\/100\n|\n|-heal|p2a: Heatran|19\/100|[from] item: Leftovers\n|-heal|p1a: Hatterene|99\/100|[from] item: Leftovers\n|upkeep\n|turn|22\n|c|\u2606JeffDHAMO|im so sorry\n|\n|t:|1700295578\n|move|p2a: Heatran|Magma Storm|p1a: Hatterene\n|-damage|p1a: Hatterene|56\/100\n|-activate|p1a: Hatterene|move: Magma Storm|[of] p2a: Heatran\n|move|p1a: Hatterene|Psyshock|p2a: Heatran\n|-damage|p2a: Heatran|0 fnt\n|faint|p2a: Heatran\n|\n|-heal|p1a: Hatterene|62\/100|[from] item: Leftovers\n|-end|p1a: Hatterene|Magma Storm|[partiallytrapped]|[silent]\n|upkeep\n|\n|t:|1700295585\n|switch|p2a: Thundurus|Thundurus-Therian, M|13\/100\n|turn|23\n|\n|t:|1700295597\n|move|p2a: Thundurus|Thunderbolt|p1a: Hatterene\n|-damage|p1a: Hatterene|0 fnt\n|faint|p1a: Hatterene\n|\n|upkeep\n|\n|t:|1700295600\n|switch|p1a: Landorus|Landorus-Therian, M|88\/100\n|-damage|p1a: Landorus|76\/100|[from] Stealth Rock\n|-ability|p1a: Landorus|Intimidate|boost\n|-unboost|p2a: Thundurus|atk|1\n|turn|24\n|\n|t:|1700295604\n|switch|p2a: Dragapult|Dragapult, M|100\/100\n|move|p1a: Landorus|U-turn|p2a: Dragapult\n|-resisted|p2a: Dragapult\n|-damage|p2a: Dragapult|86\/100\n|\n|t:|1700295608\n|switch|p1a: Weavile|Weavile, M|78\/100|[from] U-turn\n|-damage|p1a: Weavile|53\/100|[from] Stealth Rock\n|-ability|p1a: Weavile|Pressure\n|\n|upkeep\n|turn|25\n|\n|t:|1700295618\n|-terastallize|p1a: Weavile|Ice\n|move|p1a: Weavile|Ice Shard|p2a: Dragapult\n|-supereffective|p2a: Dragapult\n|-damage|p2a: Dragapult|0 fnt\n|faint|p2a: Dragapult\n|\n|upkeep\n|\n|t:|1700295625\n|switch|p2a: Thundurus|Thundurus-Therian, M|13\/100\n|turn|26\n|-message|KOTONOHOUSE forfeited.\n|\n|win|JeffDHAMO\n|raw|JeffDHAMO's rating: 1410 &rarr; <strong>1426<\/strong><br \/>(+16 for winning)\n|raw|KOTONOHOUSE's rating: 1348 &rarr; <strong>1332<\/strong><br \/>(-16 for losing)\n|l|\u2606KOTONOHOUSE\n","uploadtime":1700295641,"views":11,"p1id":"jeffdhamo","p2id":"kotonohouse","formatid":"gen9ou","rating":1332,"private":0,"password":""}