{"id":"gen9ou-2000653053","p1":"BugCatcherN8R1X","p2":"Magolor16","format":"[Gen 9] OU","log":"|j|\u2606BugCatcherN8R1X\n|j|\u2606Magolor16\n|t:|1701214878\n|gametype|singles\n|player|p1|BugCatcherN8R1X|bugcatcher-gen4dp|1225\n|player|p2|Magolor16|1|1223\n|teamsize|p1|6\n|teamsize|p2|6\n|gen|9\n|tier|[Gen 9] OU\n|rated|\n|rule|Sleep Clause Mod: Limit one foe put to sleep\n|rule|Species Clause: Limit one of each Pok\u00e9mon\n|rule|OHKO Clause: OHKO moves are banned\n|rule|Evasion Items Clause: Evasion items are banned\n|rule|Evasion Moves Clause: Evasion moves are banned\n|rule|Endless Battle Clause: Forcing endless battles is banned\n|rule|HP Percentage Mod: HP is shown in percentages\n|clearpoke\n|poke|p1|Kleavor, M|\n|poke|p1|Lokix, M|\n|poke|p1|Yanmega, M|\n|poke|p1|Slither Wing|\n|poke|p1|Scizor, M|\n|poke|p1|Frosmoth, M|\n|poke|p2|Pelipper, F|\n|poke|p2|Greninja-*, M|\n|poke|p2|Ogerpon-Wellspring, F|\n|poke|p2|Basculegion, M|\n|poke|p2|Clodsire, M|\n|poke|p2|Thundurus-Therian, M|\n|teampreview\n|inactive|Battle timer is ON: inactive players will automatically lose when time's up. (requested by BugCatcherN8R1X)\n|\n|t:|1701214896\n|start\n|switch|p1a: Hachiman|Kleavor, M|100\/100\n|switch|p2a: Greninja|Greninja, M|100\/100\n|turn|1\n|\n|t:|1701214899\n|move|p2a: Greninja|Water Shuriken|p1a: Hachiman\n|-supereffective|p1a: Hachiman\n|-damage|p1a: Hachiman|72\/100\n|-supereffective|p1a: Hachiman\n|-damage|p1a: Hachiman|44\/100\n|-hitcount|p1a: Hachiman|2\n|-damage|p2a: Greninja|91\/100|[from] item: Life Orb\n|move|p1a: Hachiman|U-turn|p2a: Greninja\n|-supereffective|p2a: Greninja\n|-damage|p2a: Greninja|0 fnt\n|faint|p2a: Greninja\n|\n|t:|1701214902\n|switch|p1a: Boreas|Frosmoth, M|100\/100|[from] U-turn\n|\n|upkeep\n|\n|t:|1701214910\n|switch|p2a: Clodsire|Clodsire, M|100\/100\n|turn|2\n|\n|t:|1701214912\n|move|p1a: Boreas|Substitute|p1a: Boreas\n|-start|p1a: Boreas|Substitute\n|-damage|p1a: Boreas|76\/100\n|move|p2a: Clodsire|Toxic||[still]\n|-fail|p2a: Clodsire\n|\n|upkeep\n|turn|3\n|\n|t:|1701214917\n|move|p1a: Boreas|Quiver Dance|p1a: Boreas\n|-boost|p1a: Boreas|spa|1\n|-boost|p1a: Boreas|spd|1\n|-boost|p1a: Boreas|spe|1\n|move|p2a: Clodsire|Stealth Rock|p1a: Boreas\n|-sidestart|p1: BugCatcherN8R1X|move: Stealth Rock\n|\n|upkeep\n|turn|4\n|\n|t:|1701214926\n|switch|p2a: Ogerpon|Ogerpon-Wellspring, F|100\/100\n|move|p1a: Boreas|Ice Beam|p2a: Ogerpon\n|-damage|p2a: Ogerpon|18\/100\n|\n|upkeep\n|turn|5\n|\n|t:|1701214933\n|-terastallize|p2a: Ogerpon|Water\n|detailschange|p2a: Ogerpon|Ogerpon-Wellspring-Tera, F, tera:Water\n|-ability|p2a: Ogerpon|Embody Aspect (Wellspring)|boost\n|-boost|p2a: Ogerpon|spd|1\n|move|p1a: Boreas|Giga Drain|p2a: Ogerpon\n|-supereffective|p2a: Ogerpon\n|-damage|p2a: Ogerpon|0 fnt\n|-heal|p1a: Boreas|85\/100|[from] drain|[of] p2a: Ogerpon\n|faint|p2a: Ogerpon\n|\n|upkeep\n|\n|t:|1701214942\n|switch|p2a: Basculegion|Basculegion, M|100\/100\n|turn|6\n|\n|t:|1701214946\n|move|p2a: Basculegion|Aqua Jet|p1a: Boreas\n|-end|p1a: Boreas|Substitute\n|move|p1a: Boreas|Giga Drain|p2a: Basculegion\n|-supereffective|p2a: Basculegion\n|-damage|p2a: Basculegion|32\/100\n|-heal|p1a: Boreas|100\/100|[from] drain|[of] p2a: Basculegion\n|\n|upkeep\n|turn|7\n|\n|t:|1701214965\n|switch|p1a: Hachiman|Kleavor, M|44\/100\n|-damage|p1a: Hachiman|19\/100|[from] Stealth Rock\n|move|p2a: Basculegion|Aqua Jet|p1a: Hachiman\n|-supereffective|p1a: Hachiman\n|-damage|p1a: Hachiman|0 fnt\n|faint|p1a: Hachiman\n|\n|upkeep\n|\n|t:|1701214975\n|switch|p1a: Erebus|Lokix, M|100\/100\n|turn|8\n|\n|t:|1701214979\n|switch|p2a: Pelipper|Pelipper, F|100\/100\n|-weather|RainDance|[from] ability: Drizzle|[of] p2a: Pelipper\n|move|p1a: Erebus|Sucker Punch||[still]\n|-fail|p1a: Erebus\n|\n|-weather|RainDance|[upkeep]\n|upkeep\n|turn|9\n|\n|t:|1701214987\n|move|p1a: Erebus|U-turn|p2a: Pelipper\n|-resisted|p2a: Pelipper\n|-damage|p2a: Pelipper|78\/100\n|\n|t:|1701214990\n|switch|p1a: Nidhogg|Yanmega, M|100\/100|[from] U-turn\n|-damage|p1a: Nidhogg|51\/100|[from] Stealth Rock\n|move|p2a: Pelipper|Hurricane|p1a: Nidhogg\n|-supereffective|p1a: Nidhogg\n|-damage|p1a: Nidhogg|0 fnt\n|faint|p1a: Nidhogg\n|\n|-weather|RainDance|[upkeep]\n|upkeep\n|\n|t:|1701214998\n|switch|p1a: Apollo|Slither Wing|100\/100\n|-damage|p1a: Apollo|88\/100|[from] Stealth Rock\n|turn|10\n|\n|t:|1701215004\n|-terastallize|p1a: Apollo|Electric\n|move|p1a: Apollo|Wild Charge|p2a: Pelipper\n|-supereffective|p2a: Pelipper\n|-damage|p2a: Pelipper|0 fnt\n|faint|p2a: Pelipper\n|-damage|p1a: Apollo|71\/100|[from] Recoil\n|\n|-weather|RainDance|[upkeep]\n|upkeep\n|\n|t:|1701215015\n|switch|p2a: Basculegion|Basculegion, M|32\/100\n|turn|11\n|\n|t:|1701215020\n|move|p2a: Basculegion|Aqua Jet|p1a: Apollo\n|-damage|p1a: Apollo|20\/100\n|move|p1a: Apollo|Leech Life|p2a: Basculegion\n|-resisted|p2a: Basculegion\n|-damage|p2a: Basculegion|12\/100\n|-heal|p1a: Apollo|32\/100|[from] drain|[of] p2a: Basculegion\n|\n|-weather|RainDance|[upkeep]\n|upkeep\n|turn|12\n|\n|t:|1701215030\n|move|p2a: Basculegion|Aqua Jet|p1a: Apollo\n|-damage|p1a: Apollo|0 fnt\n|faint|p1a: Apollo\n|-end|p1a: Apollo|Protosynthesis|[silent]\n|\n|-weather|RainDance|[upkeep]\n|upkeep\n|\n|t:|1701215037\n|switch|p1a: Ares|Scizor, M|100\/100\n|-damage|p1a: Ares|88\/100|[from] Stealth Rock\n|turn|13\n|\n|t:|1701215045\n|switch|p2a: Clodsire|Clodsire, M|100\/100\n|move|p1a: Ares|Trailblaze|p2a: Clodsire\n|-damage|p2a: Clodsire|66\/100\n|-boost|p1a: Ares|spe|1\n|-heal|p1a: Ares|94\/100|[from] item: Shell Bell|[of] p2a: Clodsire\n|\n|-weather|RainDance|[upkeep]\n|-heal|p2a: Clodsire|72\/100|[from] item: Leftovers\n|upkeep\n|turn|14\n|\n|t:|1701215052\n|move|p1a: Ares|Trailblaze|p2a: Clodsire\n|-damage|p2a: Clodsire|39\/100\n|-boost|p1a: Ares|spe|1\n|-heal|p1a: Ares|99\/100|[from] item: Shell Bell|[of] p2a: Clodsire\n|move|p2a: Clodsire|Earthquake|p1a: Ares\n|-damage|p1a: Ares|72\/100\n|\n|-weather|RainDance|[upkeep]\n|-heal|p2a: Clodsire|45\/100|[from] item: Leftovers\n|upkeep\n|turn|15\n|\n|t:|1701215064\n|move|p1a: Ares|Trailblaze|p2a: Clodsire\n|-damage|p2a: Clodsire|14\/100\n|-boost|p1a: Ares|spe|1\n|-heal|p1a: Ares|77\/100|[from] item: Shell Bell|[of] p2a: Clodsire\n|move|p2a: Clodsire|Recover|p2a: Clodsire\n|-heal|p2a: Clodsire|64\/100\n|\n|-weather|none\n|-heal|p2a: Clodsire|70\/100|[from] item: Leftovers\n|upkeep\n|turn|16\n|\n|t:|1701215071\n|move|p1a: Ares|Knock Off|p2a: Clodsire\n|-damage|p2a: Clodsire|29\/100\n|-enditem|p2a: Clodsire|Leftovers|[from] move: Knock Off|[of] p1a: Ares\n|-heal|p1a: Ares|84\/100|[from] item: Shell Bell|[of] p2a: Clodsire\n|move|p2a: Clodsire|Earthquake|p1a: Ares\n|-damage|p1a: Ares|57\/100\n|\n|upkeep\n|turn|17\n|\n|t:|1701215081\n|move|p1a: Ares|Trailblaze|p2a: Clodsire\n|-damage|p2a: Clodsire|0 fnt\n|-boost|p1a: Ares|spe|1\n|faint|p2a: Clodsire\n|-heal|p1a: Ares|62\/100|[from] item: Shell Bell|[of] p2: Clodsire\n|\n|upkeep\n|\n|t:|1701215084\n|switch|p2a: Basculegion|Basculegion, M|12\/100\n|turn|18\n|\n|t:|1701215090\n|move|p2a: Basculegion|Aqua Jet|p1a: Ares\n|-damage|p1a: Ares|21\/100\n|move|p1a: Ares|Trailblaze|p2a: Basculegion\n|-supereffective|p2a: Basculegion\n|-damage|p2a: Basculegion|0 fnt\n|-boost|p1a: Ares|spe|1\n|faint|p2a: Basculegion\n|-heal|p1a: Ares|23\/100|[from] item: Shell Bell|[of] p2: Basculegion\n|\n|upkeep\n|-message|Magolor16 forfeited.\n|\n|win|BugCatcherN8R1X\n|raw|BugCatcherN8R1X's rating: 1225 &rarr; <strong>1250<\/strong><br \/>(+25 for winning)\n|raw|Magolor16's rating: 1223 &rarr; <strong>1198<\/strong><br \/>(-25 for losing)\n|l|\u2606Magolor16\n","uploadtime":1701215106,"views":0,"p1id":"bugcatchern8r1x","p2id":"magolor16","formatid":"gen9ou","rating":1198,"private":0,"password":""}