{"id":"gen9ou-2000001964","p1":"icy tower","p2":"RggV","format":"[Gen 9] OU","log":"|j|\u2606icy tower\n|j|\u2606RggV\n|t:|1701139777\n|gametype|singles\n|player|p1|icy tower|lady|1718\n|player|p2|RggV|#wcop2023latinamerica|1769\n|teamsize|p1|6\n|teamsize|p2|6\n|gen|9\n|tier|[Gen 9] OU\n|rated|\n|rule|Sleep Clause Mod: Limit one foe put to sleep\n|rule|Species Clause: Limit one of each Pok\u00e9mon\n|rule|OHKO Clause: OHKO moves are banned\n|rule|Evasion Items Clause: Evasion items are banned\n|rule|Evasion Moves Clause: Evasion moves are banned\n|rule|Endless Battle Clause: Forcing endless battles is banned\n|rule|HP Percentage Mod: HP is shown in percentages\n|clearpoke\n|poke|p1|Okidogi, M|\n|poke|p1|Zapdos|\n|poke|p1|Great Tusk|\n|poke|p1|Heatran, F|\n|poke|p1|Samurott-Hisui, F|\n|poke|p1|Dragapult, F|\n|poke|p2|Infernape, F|\n|poke|p2|Ribombee, F|\n|poke|p2|Gholdengo|\n|poke|p2|Manaphy|\n|poke|p2|Landorus-Therian, M|\n|poke|p2|Kommo-o, M|\n|teampreview\n|inactive|Battle timer is ON: inactive players will automatically lose when time's up. (requested by RggV)\n|j| diyuenji\n|j| NicksRokaya\n|j| xxCOALLAxx\n|j| I Like DS the 2nd\n|inactive|RggV has 120 seconds left.\n|\n|t:|1701139811\n|start\n|switch|p1a: Heatran|Heatran, F|100\/100\n|switch|p2a: Ribombee|Ribombee, F|100\/100\n|turn|1\n|\n|t:|1701139817\n|move|p2a: Ribombee|Sticky Web|p1a: Heatran\n|-sidestart|p1: icy tower|move: Sticky Web\n|move|p1a: Heatran|Magma Storm|p2a: Ribombee|[miss]\n|-miss|p1a: Heatran|p2a: Ribombee\n|\n|upkeep\n|turn|2\n|\n|t:|1701139821\n|switch|p2a: Manaphy|Manaphy|100\/100\n|move|p1a: Heatran|Magma Storm|p2a: Manaphy\n|-resisted|p2a: Manaphy\n|-damage|p2a: Manaphy|79\/100\n|-activate|p2a: Manaphy|move: Magma Storm|[of] p1a: Heatran\n|\n|-heal|p2a: Manaphy|85\/100|[from] item: Leftovers\n|-damage|p2a: Manaphy|73\/100|[from] move: Magma Storm|[partiallytrapped]\n|upkeep\n|turn|3\n|\n|t:|1701139823\n|move|p2a: Manaphy|Tail Glow|p2a: Manaphy\n|-boost|p2a: Manaphy|spa|3\n|move|p1a: Heatran|Taunt|p2a: Manaphy\n|-start|p2a: Manaphy|move: Taunt\n|\n|-heal|p2a: Manaphy|79\/100|[from] item: Leftovers\n|-damage|p2a: Manaphy|67\/100|[from] move: Magma Storm|[partiallytrapped]\n|upkeep\n|turn|4\n|\n|t:|1701139830\n|move|p2a: Manaphy|Surf|p1a: Heatran\n|-supereffective|p1a: Heatran\n|-damage|p1a: Heatran|0 fnt\n|faint|p1a: Heatran\n|\n|-heal|p2a: Manaphy|73\/100|[from] item: Leftovers\n|-end|p2a: Manaphy|Magma Storm|[partiallytrapped]|[silent]\n|upkeep\n|\n|t:|1701139837\n|switch|p1a: Samurott|Samurott-Hisui, F|100\/100\n|-activate|p1a: Samurott|move: Sticky Web\n|-unboost|p1a: Samurott|spe|1\n|turn|5\n|j| SwabbyYabby\n|\n|t:|1701139841\n|move|p2a: Manaphy|Energy Ball|p1a: Samurott\n|-supereffective|p1a: Samurott\n|-damage|p1a: Samurott|0 fnt\n|faint|p1a: Samurott\n|\n|-heal|p2a: Manaphy|79\/100|[from] item: Leftovers\n|upkeep\n|j| temp0912397\n|\n|t:|1701139849\n|switch|p1a: Dragapult|Dragapult, F|100\/100\n|turn|6\n|\n|t:|1701139854\n|move|p1a: Dragapult|Dragon Darts|p2a: Manaphy\n|-damage|p2a: Manaphy|57\/100\n|-anim|p1a: Dragapult|Dragon Darts|p2a: Manaphy\n|-damage|p2a: Manaphy|35\/100\n|move|p2a: Manaphy|Dazzling Gleam|p1a: Dragapult\n|-supereffective|p1a: Dragapult\n|-damage|p1a: Dragapult|0 fnt\n|faint|p1a: Dragapult\n|\n|-heal|p2a: Manaphy|41\/100|[from] item: Leftovers\n|-end|p2a: Manaphy|move: Taunt\n|upkeep\n|c| I Like DS the 2nd|is the infernape focus energy by any chance\n|\n|t:|1701139856\n|switch|p1a: Okidogi|Okidogi, M|100\/100\n|-activate|p1a: Okidogi|move: Sticky Web\n|-unboost|p1a: Okidogi|spe|1\n|turn|7\n|\n|t:|1701139861\n|move|p2a: Manaphy|Surf|p1a: Okidogi\n|-damage|p1a: Okidogi|26\/100\n|move|p1a: Okidogi|Drain Punch|p2a: Manaphy\n|-damage|p2a: Manaphy|9\/100\n|-heal|p1a: Okidogi|41\/100|[from] drain|[of] p2a: Manaphy\n|-status|p2a: Manaphy|tox|[from] ability: Toxic Chain|[of] p1a: Okidogi\n|\n|-heal|p2a: Manaphy|15\/100 tox|[from] item: Leftovers\n|-heal|p1a: Okidogi|47\/100|[from] item: Leftovers\n|-damage|p2a: Manaphy|9\/100 tox|[from] psn\n|upkeep\n|turn|8\n|\n|t:|1701139868\n|move|p2a: Manaphy|Surf|p1a: Okidogi\n|-damage|p1a: Okidogi|0 fnt\n|faint|p1a: Okidogi\n|\n|-heal|p2a: Manaphy|15\/100 tox|[from] item: Leftovers\n|-damage|p2a: Manaphy|3\/100 tox|[from] psn\n|upkeep\n|\n|t:|1701139870\n|switch|p1a: Zapdos|Zapdos|100\/100\n|turn|9\n|\n|t:|1701139872\n|-terastallize|p1a: Zapdos|Dragon\n|move|p2a: Manaphy|Surf|p1a: Zapdos\n|-resisted|p1a: Zapdos\n|-damage|p1a: Zapdos|56\/100\n|move|p1a: Zapdos|Roost|p1a: Zapdos\n|-heal|p1a: Zapdos|100\/100\n|\n|-heal|p2a: Manaphy|9\/100 tox|[from] item: Leftovers\n|-damage|p2a: Manaphy|0 fnt|[from] psn\n|faint|p2a: Manaphy\n|upkeep\n|\n|t:|1701139876\n|switch|p2a: Ribombee|Ribombee, F|100\/100\n|turn|10\n|\n|t:|1701139881\n|move|p2a: Ribombee|Moonblast|p1a: Zapdos\n|-supereffective|p1a: Zapdos\n|-damage|p1a: Zapdos|29\/100\n|move|p1a: Zapdos|Thunder Wave|p2a: Ribombee\n|-status|p2a: Ribombee|par\n|\n|upkeep\n|turn|11\n|\n|t:|1701139884\n|move|p1a: Zapdos|Hurricane|p2a: Ribombee\n|-supereffective|p2a: Ribombee\n|-enditem|p2a: Ribombee|Focus Sash\n|-damage|p2a: Ribombee|1\/100 par\n|cant|p2a: Ribombee|par\n|\n|upkeep\n|turn|12\n|\n|t:|1701139887\n|move|p1a: Zapdos|Roost|p1a: Zapdos\n|-heal|p1a: Zapdos|80\/100\n|move|p2a: Ribombee|Moonblast|p1a: Zapdos\n|-supereffective|p1a: Zapdos\n|-damage|p1a: Zapdos|8\/100\n|\n|upkeep\n|turn|13\n|\n|t:|1701139889\n|move|p1a: Zapdos|Roost|p1a: Zapdos\n|-heal|p1a: Zapdos|58\/100\n|cant|p2a: Ribombee|par\n|\n|upkeep\n|turn|14\n|\n|t:|1701139896\n|move|p1a: Zapdos|Hurricane|p2a: Ribombee\n|-supereffective|p2a: Ribombee\n|-damage|p2a: Ribombee|0 fnt\n|faint|p2a: Ribombee\n|\n|upkeep\n|\n|t:|1701139903\n|switch|p2a: Landorus|Landorus-Therian, M|100\/100\n|-ability|p2a: Landorus|Intimidate|boost\n|-unboost|p1a: Zapdos|atk|1\n|turn|15\n|\n|t:|1701139906\n|move|p2a: Landorus|Earthquake|p1a: Zapdos\n|-damage|p1a: Zapdos|15\/100\n|move|p1a: Zapdos|Hurricane|p2a: Landorus\n|-damage|p2a: Landorus|43\/100\n|\n|-heal|p2a: Landorus|49\/100|[from] item: Leftovers\n|upkeep\n|turn|16\n|\n|t:|1701139910\n|switch|p1a: Great Tusk|Great Tusk|100\/100\n|-activate|p1a: Great Tusk|move: Sticky Web\n|-unboost|p1a: Great Tusk|spe|1\n|-enditem|p1a: Great Tusk|Booster Energy\n|-activate|p1a: Great Tusk|ability: Protosynthesis|[fromitem]\n|-start|p1a: Great Tusk|protosynthesisdef\n|move|p2a: Landorus|Earthquake|p1a: Great Tusk\n|-crit|p1a: Great Tusk\n|-damage|p1a: Great Tusk|57\/100\n|\n|-heal|p2a: Landorus|55\/100|[from] item: Leftovers\n|upkeep\n|turn|17\n|\n|t:|1701139914\n|switch|p2a: McFries|Gholdengo|100\/100\n|-item|p2a: McFries|Air Balloon\n|move|p1a: Great Tusk|Rapid Spin|p2a: McFries\n|-immune|p2a: McFries\n|\n|upkeep\n|turn|18\n|\n|t:|1701139917\n|move|p2a: McFries|Shadow Ball|p1a: Great Tusk\n|-damage|p1a: Great Tusk|2\/100\n|move|p1a: Great Tusk|Ice Spinner|p2a: McFries\n|-resisted|p2a: McFries\n|-damage|p2a: McFries|88\/100\n|-enditem|p2a: McFries|Air Balloon\n|\n|upkeep\n|turn|19\n|c|\u2606icy tower|gg\n|c|\u2606RggV|gg\n|-message|icy tower forfeited.\n|\n|win|RggV\n|raw|icy tower's rating: 1718 &rarr; <strong>1701<\/strong><br \/>(-17 for losing)\n|raw|RggV's rating: 1769 &rarr; <strong>1786<\/strong><br \/>(+17 for winning)\n|l|\u2606icy tower\n|l|\u2606RggV\n|l| I Like DS the 2nd\n|l| SwabbyYabby\n|l| diyuenji\n","uploadtime":1701139978,"views":16,"p1id":"icytower","p2id":"rggv","formatid":"gen9ou","rating":1701,"private":0,"password":""}