{"id":"gen9ou-1995552537","p1":"Donal2drk","p2":"PhotosFromJames","format":"[Gen 9] OU","log":"|j|\u2606Donal2drk\n|j|\u2606PhotosFromJames\n|t:|1700582237\n|gametype|singles\n|player|p1|Donal2drk|cyrus|1116\n|player|p2|PhotosFromJames|101|1138\n|teamsize|p1|6\n|teamsize|p2|6\n|gen|9\n|tier|[Gen 9] OU\n|rated|\n|rule|Sleep Clause Mod: Limit one foe put to sleep\n|rule|Species Clause: Limit one of each Pok\u00e9mon\n|rule|OHKO Clause: OHKO moves are banned\n|rule|Evasion Items Clause: Evasion items are banned\n|rule|Evasion Moves Clause: Evasion moves are banned\n|rule|Endless Battle Clause: Forcing endless battles is banned\n|rule|HP Percentage Mod: HP is shown in percentages\n|clearpoke\n|poke|p1|Corviknight, F|\n|poke|p1|Samurott-Hisui, M|\n|poke|p1|Ogerpon-Wellspring, F|\n|poke|p1|Ribombee, M|\n|poke|p1|Kingambit, M|\n|poke|p1|Gholdengo|\n|poke|p2|Hatterene, F|\n|poke|p2|Slowking, M|\n|poke|p2|Avalugg-Hisui, F|\n|poke|p2|Munchlax, F|\n|poke|p2|Slowbro, F|\n|poke|p2|Amoonguss, F|\n|teampreview\n|inactive|Battle timer is ON: inactive players will automatically lose when time's up. (requested by Donal2drk)\n|\n|t:|1700582252\n|start\n|switch|p1a: Ribombee|Ribombee, M|100\/100\n|switch|p2a: Amoonguss|Amoonguss, F|100\/100\n|turn|1\n|\n|t:|1700582260\n|move|p1a: Ribombee|Sticky Web|p2a: Amoonguss\n|-sidestart|p2: PhotosFromJames|move: Sticky Web\n|move|p2a: Amoonguss|Spore|p1a: Ribombee\n|-status|p1a: Ribombee|slp|[from] move: Spore\n|\n|upkeep\n|turn|2\n|\n|t:|1700582266\n|cant|p1a: Ribombee|slp\n|move|p2a: Amoonguss|Clear Smog|p1a: Ribombee\n|-supereffective|p1a: Ribombee\n|-damage|p1a: Ribombee|45\/100 slp\n|-clearboost|p1a: Ribombee\n|\n|upkeep\n|turn|3\n|\n|t:|1700582278\n|cant|p1a: Ribombee|slp\n|move|p2a: Amoonguss|Toxic||[still]\n|-fail|p2a: Amoonguss\n|\n|upkeep\n|turn|4\n|\n|t:|1700582282\n|cant|p1a: Ribombee|slp\n|move|p2a: Amoonguss|Clear Smog|p1a: Ribombee\n|-supereffective|p1a: Ribombee\n|-damage|p1a: Ribombee|0 fnt\n|-clearboost|p1a: Ribombee\n|faint|p1a: Ribombee\n|\n|upkeep\n|\n|t:|1700582291\n|switch|p1a: Corviknight|Corviknight, F|100\/100\n|-ability|p1a: Corviknight|Pressure\n|turn|5\n|\n|t:|1700582300\n|move|p1a: Corviknight|Tailwind|p1a: Corviknight\n|-sidestart|p1: Donal2drk|move: Tailwind\n|move|p2a: Amoonguss|Spore|p1a: Corviknight\n|-status|p1a: Corviknight|slp|[from] move: Spore\n|\n|upkeep\n|turn|6\n|\n|t:|1700582310\n|switch|p2a: Slowbro|Slowbro, F|100\/100\n|-activate|p2a: Slowbro|move: Sticky Web\n|-unboost|p2a: Slowbro|spe|1\n|cant|p1a: Corviknight|slp\n|\n|upkeep\n|turn|7\n|c|\u2606Donal2drk|is it cancer time ?\n|\n|t:|1700582314\n|cant|p1a: Corviknight|slp\n|move|p2a: Slowbro|Trick Room|p2a: Slowbro\n|-fieldstart|move: Trick Room|[of] p2a: Slowbro\n|\n|upkeep\n|turn|8\n|\n|t:|1700582317\n|move|p2a: Slowbro|Calm Mind|p2a: Slowbro\n|-boost|p2a: Slowbro|spa|1\n|-boost|p2a: Slowbro|spd|1\n|-curestatus|p1a: Corviknight|slp|[msg]\n|move|p1a: Corviknight|U-turn|p2a: Slowbro\n|-supereffective|p2a: Slowbro\n|-damage|p2a: Slowbro|76\/100\n|\n|t:|1700582328\n|switch|p1a: Kingambit|Kingambit, M|100\/100|[from] U-turn\n|\n|-heal|p2a: Slowbro|82\/100|[from] item: Leftovers\n|-sideend|p1: Donal2drk|move: Tailwind\n|upkeep\n|turn|9\n|inactive|PhotosFromJames has 120 seconds left.\n|\n|t:|1700582369\n|-terastallize|p2a: Slowbro|Water\n|move|p2a: Slowbro|Scald|p1a: Kingambit\n|-damage|p1a: Kingambit|47\/100\n|move|p1a: Kingambit|Swords Dance|p1a: Kingambit\n|-boost|p1a: Kingambit|atk|2\n|\n|-heal|p2a: Slowbro|88\/100|[from] item: Leftovers\n|upkeep\n|turn|10\n|c|\u2606Donal2drk|\ud83d\ude34\ud83d\ude34\ud83d\ude34\ud83d\ude34\ud83d\ude34\n|\n|t:|1700582388\n|switch|p2a: Amoonguss|Amoonguss, F|100\/100\n|-activate|p2a: Amoonguss|move: Sticky Web\n|-unboost|p2a: Amoonguss|spe|1\n|switch|p1a: Ogerpon|Ogerpon-Wellspring, F|100\/100\n|\n|upkeep\n|turn|11\n|\n|t:|1700582397\n|switch|p1a: Gholdengo|Gholdengo|100\/100\n|move|p2a: Amoonguss|Toxic|p1a: Gholdengo\n|-immune|p1a: Gholdengo|[from] ability: Good as Gold\n|\n|-fieldend|move: Trick Room\n|upkeep\n|turn|12\n|\n|t:|1700582407\n|switch|p2a: Slowking|Slowking, M|100\/100\n|-activate|p2a: Slowking|move: Sticky Web\n|-unboost|p2a: Slowking|spe|1\n|move|p1a: Gholdengo|Nasty Plot|p1a: Gholdengo\n|-boost|p1a: Gholdengo|spa|2\n|\n|upkeep\n|turn|13\n|\n|t:|1700582412\n|move|p1a: Gholdengo|Shadow Ball|p2a: Slowking\n|-supereffective|p2a: Slowking\n|-damage|p2a: Slowking|8\/100\n|move|p2a: Slowking|Flamethrower|p1a: Gholdengo\n|-supereffective|p1a: Gholdengo\n|-damage|p1a: Gholdengo|37\/100\n|\n|-heal|p1a: Gholdengo|43\/100|[from] item: Leftovers\n|upkeep\n|turn|14\n|inactive|PhotosFromJames has 120 seconds left.\n|\n|t:|1700582442\n|switch|p2a: Munchlax|Munchlax, F|100\/100\n|-activate|p2a: Munchlax|move: Sticky Web\n|-unboost|p2a: Munchlax|spe|1\n|move|p1a: Gholdengo|Shadow Ball|p2a: Munchlax\n|-immune|p2a: Munchlax\n|\n|-heal|p1a: Gholdengo|49\/100|[from] item: Leftovers\n|upkeep\n|turn|15\n|\n|t:|1700582453\n|move|p1a: Gholdengo|Make It Rain|p2a: Munchlax\n|-damage|p2a: Munchlax|45\/100\n|-unboost|p1a: Gholdengo|spa|1\n|move|p2a: Munchlax|Curse|p2a: Munchlax\n|-unboost|p2a: Munchlax|spe|1\n|-boost|p2a: Munchlax|atk|1\n|-boost|p2a: Munchlax|def|1\n|\n|-heal|p1a: Gholdengo|55\/100|[from] item: Leftovers\n|upkeep\n|turn|16\n|\n|t:|1700582462\n|move|p1a: Gholdengo|Make It Rain|p2a: Munchlax\n|-damage|p2a: Munchlax|0 fnt\n|-unboost|p1a: Gholdengo|spa|1\n|faint|p2a: Munchlax\n|\n|-heal|p1a: Gholdengo|61\/100|[from] item: Leftovers\n|upkeep\n|\n|t:|1700582470\n|switch|p2a: Avalugg|Avalugg-Hisui, F|100\/100\n|-activate|p2a: Avalugg|move: Sticky Web\n|-unboost|p2a: Avalugg|spe|1\n|turn|17\n|\n|t:|1700582478\n|switch|p2a: Slowking|Slowking, M|41\/100\n|-activate|p2a: Slowking|move: Sticky Web\n|-unboost|p2a: Slowking|spe|1\n|move|p1a: Gholdengo|Nasty Plot|p1a: Gholdengo\n|-boost|p1a: Gholdengo|spa|2\n|\n|-heal|p1a: Gholdengo|67\/100|[from] item: Leftovers\n|upkeep\n|turn|18\n|inactive|PhotosFromJames has 120 seconds left.\n|inactive|PhotosFromJames has 90 seconds left.\n|-message|PhotosFromJames forfeited.\n|\n|win|Donal2drk\n|raw|Donal2drk's rating: 1116 &rarr; <strong>1143<\/strong><br \/>(+27 for winning)\n|raw|PhotosFromJames's rating: 1138 &rarr; <strong>1111<\/strong><br \/>(-27 for losing)\n","uploadtime":1700582536,"views":5,"p1id":"donal2drk","p2id":"photosfromjames","formatid":"gen9ou","rating":1111,"private":0,"password":""}