{"id":"gen9ou-1989386791","p1":"lanakillah98","p2":"Spyro776","format":"[Gen 9] OU","log":"|j|\u2606lanakillah98\n|j|\u2606Spyro776\n|t:|1699843750\n|gametype|singles\n|player|p1|lanakillah98|2|1104\n|player|p2|Spyro776|steven|1116\n|teamsize|p1|6\n|teamsize|p2|6\n|gen|9\n|tier|[Gen 9] OU\n|rated|\n|rule|Sleep Clause Mod: Limit one foe put to sleep\n|rule|Species Clause: Limit one of each Pok\u00e9mon\n|rule|OHKO Clause: OHKO moves are banned\n|rule|Evasion Items Clause: Evasion items are banned\n|rule|Evasion Moves Clause: Evasion moves are banned\n|rule|Endless Battle Clause: Forcing endless battles is banned\n|rule|HP Percentage Mod: HP is shown in percentages\n|clearpoke\n|poke|p1|Quaquaval, F|\n|poke|p1|Dragapult, M|\n|poke|p1|Iron Moth|\n|poke|p1|Electrode-Hisui|\n|poke|p1|Great Tusk|\n|poke|p1|Sneasler, M|\n|poke|p2|Ninetales-Alola, F|\n|poke|p2|Iron Valiant|\n|poke|p2|Kingambit, M|\n|poke|p2|Manaphy|\n|poke|p2|Sneasler, M|\n|poke|p2|Ribombee, F|\n|teampreview\n|\n|t:|1699843758\n|start\n|switch|p1a: Electrode|Electrode-Hisui|100\/100\n|switch|p2a: Ninetales|Ninetales-Alola, F|100\/100\n|-weather|Snow|[from] ability: Snow Warning|[of] p2a: Ninetales\n|turn|1\n|\n|t:|1699843773\n|move|p1a: Electrode|Taunt|p2a: Ninetales\n|-start|p2a: Ninetales|move: Taunt\n|cant|p2a: Ninetales|move: Taunt|Aurora Veil\n|\n|-weather|Snow|[upkeep]\n|upkeep\n|turn|2\n|\n|t:|1699843783\n|switch|p1a: Iron Moth|Iron Moth|100\/100\n|move|p2a: Ninetales|Freeze-Dry|p1a: Iron Moth\n|-resisted|p1a: Iron Moth\n|-damage|p1a: Iron Moth|91\/100\n|\n|-weather|Snow|[upkeep]\n|upkeep\n|turn|3\n|\n|t:|1699843791\n|switch|p2a: Sneasler|Sneasler, M|100\/100\n|-item|p2a: Sneasler|Air Balloon\n|move|p1a: Iron Moth|Fiery Dance|p2a: Sneasler\n|-damage|p2a: Sneasler|32\/100\n|-enditem|p2a: Sneasler|Air Balloon\n|\n|-weather|Snow|[upkeep]\n|upkeep\n|turn|4\n|\n|t:|1699843802\n|-terastallize|p2a: Sneasler|Flying\n|move|p2a: Sneasler|Acrobatics|p1a: Iron Moth\n|-crit|p1a: Iron Moth\n|-damage|p1a: Iron Moth|0 fnt\n|faint|p1a: Iron Moth\n|-end|p1a: Iron Moth|Quark Drive|[silent]\n|\n|-weather|Snow|[upkeep]\n|upkeep\n|\n|t:|1699843812\n|switch|p1a: Dragapult|Dragapult, M|100\/100\n|turn|5\n|\n|t:|1699843822\n|move|p2a: Sneasler|Acrobatics|p1a: Dragapult\n|-damage|p1a: Dragapult|33\/100\n|move|p1a: Dragapult|Reflect|p1a: Dragapult\n|-sidestart|p1: lanakillah98|Reflect\n|\n|-weather|none\n|upkeep\n|turn|6\n|\n|t:|1699843831\n|move|p2a: Sneasler|Acrobatics|p1a: Dragapult\n|-damage|p1a: Dragapult|0 fnt\n|faint|p1a: Dragapult\n|\n|upkeep\n|\n|t:|1699843838\n|switch|p1a: Quaquaval|Quaquaval, F|100\/100\n|turn|7\n|\n|t:|1699843844\n|move|p2a: Sneasler|Acrobatics|p1a: Quaquaval\n|-supereffective|p1a: Quaquaval\n|-damage|p1a: Quaquaval|34\/100\n|-enditem|p1a: Quaquaval|Weakness Policy\n|-boost|p1a: Quaquaval|atk|2|[from] item: Weakness Policy\n|-boost|p1a: Quaquaval|spa|2|[from] item: Weakness Policy\n|move|p1a: Quaquaval|Aqua Step|p2a: Sneasler\n|-damage|p2a: Sneasler|0 fnt\n|-boost|p1a: Quaquaval|spe|1\n|faint|p2a: Sneasler\n|-ability|p1a: Quaquaval|Moxie|boost\n|-boost|p1a: Quaquaval|atk|1\n|\n|upkeep\n|\n|t:|1699843861\n|switch|p2a: Ribombee|Ribombee, F|100\/100\n|turn|8\n|\n|t:|1699843868\n|-terastallize|p1a: Quaquaval|Water\n|move|p1a: Quaquaval|Aqua Step|p2a: Ribombee\n|-enditem|p2a: Ribombee|Focus Sash\n|-damage|p2a: Ribombee|1\/100\n|-boost|p1a: Quaquaval|spe|1\n|move|p2a: Ribombee|Quiver Dance|p2a: Ribombee\n|-boost|p2a: Ribombee|spa|1\n|-boost|p2a: Ribombee|spd|1\n|-boost|p2a: Ribombee|spe|1\n|\n|upkeep\n|turn|9\n|\n|t:|1699843879\n|move|p2a: Ribombee|Moonblast|p1a: Quaquaval\n|-damage|p1a: Quaquaval|0 fnt\n|faint|p1a: Quaquaval\n|\n|upkeep\n|\n|t:|1699843893\n|switch|p1a: Sneasler|Sneasler, M|100\/100\n|-item|p1a: Sneasler|Air Balloon\n|turn|10\n|\n|t:|1699843898\n|move|p2a: Ribombee|Sticky Web|p1a: Sneasler\n|-sidestart|p1: lanakillah98|move: Sticky Web\n|move|p1a: Sneasler|Swords Dance|p1a: Sneasler\n|-boost|p1a: Sneasler|atk|2\n|\n|upkeep\n|turn|11\n|\n|t:|1699843904\n|move|p2a: Ribombee|Psychic|p1a: Sneasler\n|-supereffective|p1a: Sneasler\n|-damage|p1a: Sneasler|0 fnt\n|-enditem|p1a: Sneasler|Air Balloon\n|faint|p1a: Sneasler\n|\n|upkeep\n|\n|t:|1699843910\n|switch|p1a: Electrode|Electrode-Hisui|100\/100\n|-activate|p1a: Electrode|move: Sticky Web\n|-unboost|p1a: Electrode|spe|1\n|turn|12\n|\n|t:|1699843916\n|move|p2a: Ribombee|Moonblast|p1a: Electrode\n|-damage|p1a: Electrode|31\/100\n|-unboost|p1a: Electrode|spa|1\n|move|p1a: Electrode|Thunderbolt|p2a: Ribombee\n|-damage|p2a: Ribombee|0 fnt\n|faint|p2a: Ribombee\n|\n|-sideend|p1: lanakillah98|Reflect\n|upkeep\n|-message|lanakillah98 forfeited.\n|\n|win|Spyro776\n|raw|lanakillah98's rating: 1104 &rarr; <strong>1080<\/strong><br \/>(-24 for losing)\n|raw|Spyro776's rating: 1116 &rarr; <strong>1140<\/strong><br \/>(+24 for winning)\n|l|\u2606lanakillah98\n","uploadtime":1699843941,"views":36,"p1id":"lanakillah98","p2id":"spyro776","formatid":"gen9ou","rating":1080,"private":0,"password":""}