{"id":"gen9ou-1990580447","p1":"pokpp","p2":"slainey","format":"[Gen 9] OU","log":"|j|\u2606pokpp\n|j|\u2606slainey\n|t:|1699983113\n|gametype|singles\n|player|p1|pokpp|grimsley|1506\n|player|p2|slainey|serena-masters|1649\n|teamsize|p1|6\n|teamsize|p2|6\n|gen|9\n|tier|[Gen 9] OU\n|rated|\n|rule|Sleep Clause Mod: Limit one foe put to sleep\n|rule|Species Clause: Limit one of each Pok\u00e9mon\n|rule|OHKO Clause: OHKO moves are banned\n|rule|Evasion Items Clause: Evasion items are banned\n|rule|Evasion Moves Clause: Evasion moves are banned\n|rule|Endless Battle Clause: Forcing endless battles is banned\n|rule|HP Percentage Mod: HP is shown in percentages\n|clearpoke\n|poke|p1|Iron Valiant|\n|poke|p1|Great Tusk|\n|poke|p1|Dragapult, F|\n|poke|p1|Tyranitar, F|\n|poke|p1|Gholdengo|\n|poke|p1|Greninja-*, M|\n|poke|p2|Ribombee, F|\n|poke|p2|Ogerpon-Wellspring, F|\n|poke|p2|Iron Moth|\n|poke|p2|Kingambit, F|\n|poke|p2|Gholdengo|\n|poke|p2|Iron Valiant|\n|teampreview\n|inactive|Battle timer is ON: inactive players will automatically lose when time's up. (requested by pokpp)\n|\n|t:|1699983124\n|start\n|switch|p1a: Gholdengo|Gholdengo|100\/100\n|switch|p2a: Ribombee|Ribombee, F|100\/100\n|turn|1\n|\n|t:|1699983139\n|move|p1a: Gholdengo|Shadow Ball|p2a: Ribombee\n|-damage|p2a: Ribombee|30\/100\n|move|p2a: Ribombee|Sticky Web|p1a: Gholdengo\n|-sidestart|p1: pokpp|move: Sticky Web\n|\n|upkeep\n|turn|2\n|\n|t:|1699983145\n|move|p1a: Gholdengo|Shadow Ball|p2a: Ribombee\n|-damage|p2a: Ribombee|0 fnt\n|faint|p2a: Ribombee\n|\n|upkeep\n|inactive|slainey has 120 seconds left.\n|\n|t:|1699983177\n|switch|p2a: Kingambit|Kingambit, F|100\/100\n|-activate|p2a: Kingambit|ability: Supreme Overlord\n|-start|p2a: Kingambit|fallen1|[silent]\n|turn|3\n|\n|t:|1699983189\n|switch|p1a: Greninja|Greninja, M|100\/100\n|-activate|p1a: Greninja|move: Sticky Web\n|-unboost|p1a: Greninja|spe|1\n|move|p2a: Kingambit|Low Kick|p1a: Greninja\n|-supereffective|p1a: Greninja\n|-damage|p1a: Greninja|16\/100\n|\n|upkeep\n|turn|4\n|\n|t:|1699983203\n|-end|p2a: Kingambit|fallen1|[silent]\n|switch|p2a: Ogerpon|Ogerpon-Wellspring, F|100\/100\n|move|p1a: Greninja|Dark Pulse|p2a: Ogerpon\n|-damage|p2a: Ogerpon|43\/100\n|-damage|p1a: Greninja|6\/100|[from] item: Life Orb\n|\n|upkeep\n|turn|5\n|\n|t:|1699983215\n|move|p2a: Ogerpon|Ivy Cudgel|p1a: Greninja|[anim] Ivy Cudgel Water\n|-resisted|p1a: Greninja\n|-damage|p1a: Greninja|0 fnt\n|faint|p1a: Greninja\n|\n|upkeep\n|\n|t:|1699983222\n|switch|p1a: Great Tusk|Great Tusk|100\/100\n|turn|6\n|\n|t:|1699983233\n|switch|p2a: Gholdengo|Gholdengo|100\/100\n|-item|p2a: Gholdengo|Air Balloon\n|move|p1a: Great Tusk|Rapid Spin|p2a: Gholdengo\n|-immune|p2a: Gholdengo\n|\n|upkeep\n|turn|7\n|\n|t:|1699983250\n|move|p1a: Great Tusk|Ice Spinner|p2a: Gholdengo\n|-resisted|p2a: Gholdengo\n|-damage|p2a: Gholdengo|87\/100\n|-enditem|p2a: Gholdengo|Air Balloon\n|move|p2a: Gholdengo|Nasty Plot|p2a: Gholdengo\n|-boost|p2a: Gholdengo|spa|2\n|\n|upkeep\n|turn|8\n|\n|t:|1699983271\n|-terastallize|p1a: Great Tusk|Steel\n|-terastallize|p2a: Gholdengo|Fairy\n|move|p1a: Great Tusk|Bulk Up|p1a: Great Tusk\n|-boost|p1a: Great Tusk|atk|1\n|-boost|p1a: Great Tusk|def|1\n|move|p2a: Gholdengo|Dazzling Gleam|p1a: Great Tusk\n|-resisted|p1a: Great Tusk\n|-damage|p1a: Great Tusk|50\/100\n|\n|upkeep\n|turn|9\n|inactive|slainey has 120 seconds left.\n|inactive|pokpp has 120 seconds left.\n|inactive|slainey has 90 seconds left.\n|\n|t:|1699983340\n|move|p1a: Great Tusk|Rapid Spin|p2a: Gholdengo\n|-crit|p2a: Gholdengo\n|-damage|p2a: Gholdengo|48\/100\n|-boost|p1a: Great Tusk|spe|1\n|-sideend|p1: pokpp|Sticky Web|[from] move: Rapid Spin|[of] p1a: Great Tusk\n|move|p2a: Gholdengo|Shadow Ball|p1a: Great Tusk\n|-damage|p1a: Great Tusk|0 fnt\n|faint|p1a: Great Tusk\n|-end|p1a: Great Tusk|Protosynthesis|[silent]\n|\n|upkeep\n|inactive|pokpp has 120 seconds left.\n|\n|t:|1699983349\n|switch|p1a: Gholdengo|Gholdengo|100\/100\n|turn|10\n|inactive|slainey has 90 seconds left.\n|inactive|slainey has 60 seconds left.\n|\n|t:|1699983388\n|move|p1a: Gholdengo|Focus Blast|p2a: Gholdengo\n|-resisted|p2a: Gholdengo\n|-damage|p2a: Gholdengo|25\/100\n|move|p2a: Gholdengo|Shadow Ball|p1a: Gholdengo\n|-supereffective|p1a: Gholdengo\n|-damage|p1a: Gholdengo|0 fnt\n|faint|p1a: Gholdengo\n|\n|upkeep\n|c|\u2606slainey|???\n|inactive|pokpp has 120 seconds left.\n|\n|t:|1699983403\n|switch|p1a: Dragapult|Dragapult, F|100\/100\n|turn|11\n|inactive|pokpp has 120 seconds left.\n|\n|t:|1699983418\n|move|p1a: Dragapult|Fire Blast|p2a: Gholdengo|[miss]\n|-miss|p1a: Dragapult|p2a: Gholdengo\n|move|p2a: Gholdengo|Shadow Ball|p1a: Dragapult\n|-supereffective|p1a: Dragapult\n|-damage|p1a: Dragapult|0 fnt\n|faint|p1a: Dragapult\n|\n|upkeep\n|-message|pokpp forfeited.\n|\n|win|slainey\n|raw|pokpp's rating: 1506 &rarr; <strong>1494<\/strong><br \/>(-12 for losing)\n|raw|slainey's rating: 1649 &rarr; <strong>1661<\/strong><br \/>(+12 for winning)\n|l|\u2606pokpp\n","uploadtime":1699983435,"views":18,"p1id":"pokpp","p2id":"slainey","formatid":"gen9ou","rating":1494,"private":0,"password":""}