{"id":"gen9ou-1991819214","p1":"liaoya","p2":"efell adreme","format":"[Gen 9] OU","log":"|j|\u2606liaoya\n|j|\u2606efell adreme\n|t:|1700123067\n|gametype|singles\n|player|p1|liaoya|petrel|1409\n|player|p2|efell adreme|pokemonbreederf-gen4|1481\n|teamsize|p1|6\n|teamsize|p2|6\n|gen|9\n|tier|[Gen 9] OU\n|rated|\n|rule|Sleep Clause Mod: Limit one foe put to sleep\n|rule|Species Clause: Limit one of each Pok\u00e9mon\n|rule|OHKO Clause: OHKO moves are banned\n|rule|Evasion Items Clause: Evasion items are banned\n|rule|Evasion Moves Clause: Evasion moves are banned\n|rule|Endless Battle Clause: Forcing endless battles is banned\n|rule|HP Percentage Mod: HP is shown in percentages\n|clearpoke\n|poke|p1|Drifblim, M|\n|poke|p1|Garganacl, F|\n|poke|p1|Umbreon, F|\n|poke|p1|Rotom-Wash|\n|poke|p1|Glimmora, F|\n|poke|p1|Espeon, M|\n|poke|p2|Jirachi|\n|poke|p2|Garchomp, F|\n|poke|p2|Slowking-Galar, F|\n|poke|p2|Mandibuzz, F|\n|poke|p2|Ogerpon, F|\n|poke|p2|Tauros-Paldea-Aqua, M|\n|teampreview\n|inactive|Battle timer is ON: inactive players will automatically lose when time's up. (requested by liaoya)\n|j| Blue0103\n|l| Blue0103\n|inactive|efell adreme has 120 seconds left.\n|inactive|efell adreme has 90 seconds left.\n|\n|t:|1700123140\n|start\n|switch|p1a: Rotom|Rotom-Wash|100\/100\n|switch|p2a: Slowking|Slowking-Galar, F|100\/100\n|turn|1\n|\n|t:|1700123149\n|move|p1a: Rotom|Trick|p2a: Slowking\n|-activate|p1a: Rotom|move: Trick|[of] p2a: Slowking\n|-item|p2a: Slowking|Choice Scarf|[from] move: Trick\n|-item|p1a: Rotom|Black Sludge|[from] move: Trick\n|move|p2a: Slowking|Future Sight|p1a: Rotom\n|-start|p2a: Slowking|move: Future Sight\n|\n|-damage|p1a: Rotom|88\/100|[from] item: Black Sludge\n|upkeep\n|turn|2\n|\n|t:|1700123158\n|switch|p2a: Garchomp|Garchomp, F|100\/100\n|move|p1a: Rotom|Will-O-Wisp|p2a: Garchomp\n|-status|p2a: Garchomp|brn\n|\n|-damage|p1a: Rotom|75\/100|[from] item: Black Sludge\n|-damage|p2a: Garchomp|94\/100 brn|[from] brn\n|upkeep\n|turn|3\n|\n|t:|1700123168\n|move|p1a: Rotom|Trick|p2a: Garchomp\n|-activate|p1a: Rotom|move: Trick|[of] p2a: Garchomp\n|-item|p2a: Garchomp|Black Sludge|[from] move: Trick\n|-item|p1a: Rotom|Leftovers|[from] move: Trick\n|move|p2a: Garchomp|Dragon Tail|p1a: Rotom\n|-damage|p1a: Rotom|62\/100\n|drag|p1a: Drifblim|Drifblim, M|100\/100\n|\n|-end|p1a: Drifblim|move: Future Sight\n|-damage|p1a: Drifblim|44\/100\n|-damage|p2a: Garchomp|82\/100 brn|[from] item: Black Sludge\n|-damage|p2a: Garchomp|76\/100 brn|[from] brn\n|upkeep\n|turn|4\n|\n|t:|1700123188\n|switch|p1a: Rotom|Rotom-Wash|62\/100\n|switch|p2a: Happy|Jirachi|100\/100\n|\n|-heal|p1a: Rotom|68\/100|[from] item: Leftovers\n|upkeep\n|turn|5\n|\n|t:|1700123206\n|switch|p2a: Slowking|Slowking-Galar, F|100\/100\n|move|p1a: Rotom|Hydro Pump|p2a: Slowking|[miss]\n|-miss|p1a: Rotom|p2a: Slowking\n|\n|-heal|p1a: Rotom|74\/100|[from] item: Leftovers\n|upkeep\n|turn|6\n|\n|t:|1700123211\n|move|p1a: Rotom|Will-O-Wisp|p2a: Slowking\n|-status|p2a: Slowking|brn\n|move|p2a: Slowking|Trick|p1a: Rotom\n|-activate|p2a: Slowking|move: Trick|[of] p1a: Rotom\n|-item|p1a: Rotom|Choice Scarf|[from] move: Trick\n|-item|p2a: Slowking|Leftovers|[from] move: Trick\n|\n|-damage|p2a: Slowking|94\/100 brn|[from] brn\n|upkeep\n|turn|7\n|\n|t:|1700123224\n|move|p1a: Rotom|Hydro Pump|p2a: Slowking\n|-damage|p2a: Slowking|57\/100 brn\n|move|p2a: Slowking|Future Sight|p1a: Rotom\n|-start|p2a: Slowking|move: Future Sight\n|\n|-heal|p2a: Slowking|63\/100 brn|[from] item: Leftovers\n|-damage|p2a: Slowking|57\/100 brn|[from] brn\n|upkeep\n|turn|8\n|\n|t:|1700123232\n|move|p1a: Rotom|Hydro Pump|p2a: Slowking\n|-damage|p2a: Slowking|19\/100 brn\n|move|p2a: Slowking|Chilly Reception|p2a: Slowking\n|-weather|Snow\n|\n|t:|1700123246\n|switch|p2a: Ogerpon|Ogerpon, F|100\/100|[from] Chilly Reception\n|\n|-weather|Snow|[upkeep]\n|upkeep\n|turn|9\n|\n|t:|1700123255\n|switch|p1a: Umbreon|Umbreon, F, shiny|100\/100\n|move|p2a: Ogerpon|Knock Off|p1a: Umbreon\n|-resisted|p1a: Umbreon\n|-damage|p1a: Umbreon|90\/100\n|-enditem|p1a: Umbreon|Leftovers|[from] move: Knock Off|[of] p2a: Ogerpon\n|\n|-weather|Snow|[upkeep]\n|-end|p1a: Umbreon|move: Future Sight\n|-immune|p1a: Umbreon\n|upkeep\n|turn|10\n|\n|t:|1700123275\n|switch|p2a: Mandibuzz|Mandibuzz, F|100\/100\n|move|p1a: Umbreon|Foul Play|p2a: Mandibuzz\n|-resisted|p2a: Mandibuzz\n|-damage|p2a: Mandibuzz|96\/100\n|\n|-weather|Snow|[upkeep]\n|upkeep\n|turn|11\n|\n|t:|1700123283\n|switch|p1a: Espeon|Espeon, M|100\/100\n|move|p2a: Mandibuzz|Whirlwind|p1a: Espeon\n|move|p1a: Espeon|Whirlwind|p2a: Mandibuzz|[from]ability: Magic Bounce\n|drag|p2a: Tauros|Tauros-Paldea-Aqua, M|100\/100\n|-ability|p2a: Tauros|Intimidate|boost\n|-unboost|p1a: Espeon|atk|1\n|\n|-weather|Snow|[upkeep]\n|upkeep\n|turn|12\n|\n|t:|1700123294\n|switch|p2a: Happy|Jirachi|100\/100\n|move|p1a: Espeon|Trick|p2a: Happy\n|-activate|p1a: Espeon|move: Trick|[of] p2a: Happy\n|-item|p2a: Happy|Choice Scarf|[from] move: Trick\n|-item|p1a: Espeon|Leftovers|[from] move: Trick\n|\n|-weather|none\n|upkeep\n|turn|13\n|\n|t:|1700123302\n|move|p1a: Espeon|Detect|p1a: Espeon\n|-singleturn|p1a: Espeon|Protect\n|move|p2a: Happy|U-turn|p1a: Espeon\n|-activate|p1a: Espeon|move: Protect\n|\n|upkeep\n|turn|14\n|\n|t:|1700123315\n|switch|p2a: Slowking|Slowking-Galar, F|53\/100 brn\n|switch|p1a: Glimmora|Glimmora, F|100\/100\n|\n|-heal|p2a: Slowking|59\/100 brn|[from] item: Leftovers\n|-damage|p2a: Slowking|53\/100 brn|[from] brn\n|upkeep\n|turn|15\n|\n|t:|1700123326\n|move|p1a: Glimmora|Stealth Rock|p2a: Slowking\n|-sidestart|p2: efell adreme|move: Stealth Rock\n|move|p2a: Slowking|Chilly Reception|p2a: Slowking\n|-weather|Snow\n|inactive|efell adreme has 120 seconds left.\n|inactive|efell adreme has 90 seconds left.\n|\n|t:|1700123391\n|switch|p2a: Mandibuzz|Mandibuzz, F|96\/100|[from] Chilly Reception\n|\n|-weather|Snow|[upkeep]\n|upkeep\n|turn|16\n|inactive|efell adreme has 90 seconds left.\n|\n|t:|1700123398\n|move|p1a: Glimmora|Mortal Spin|p2a: Mandibuzz\n|-damage|p2a: Mandibuzz|92\/100\n|-status|p2a: Mandibuzz|psn\n|move|p2a: Mandibuzz|Whirlwind|p1a: Glimmora\n|drag|p1a: Espeon|Espeon, M|100\/100\n|\n|-weather|Snow|[upkeep]\n|-damage|p2a: Mandibuzz|80\/100 psn|[from] psn\n|upkeep\n|turn|17\n|inactive|efell adreme has 90 seconds left.\n|\n|t:|1700123413\n|switch|p2a: Slowking|Slowking-Galar, F|86\/100 brn\n|-damage|p2a: Slowking|73\/100 brn|[from] Stealth Rock\n|move|p1a: Espeon|Dazzling Gleam|p2a: Slowking\n|-resisted|p2a: Slowking\n|-damage|p2a: Slowking|64\/100 brn\n|\n|-weather|Snow|[upkeep]\n|-heal|p2a: Slowking|71\/100 brn|[from] item: Leftovers\n|-damage|p2a: Slowking|64\/100 brn|[from] brn\n|upkeep\n|turn|18\n|inactive|efell adreme has 90 seconds left.\n|\n|t:|1700123422\n|move|p1a: Espeon|Psyshock|p2a: Slowking\n|-damage|p2a: Slowking|38\/100 brn\n|move|p2a: Slowking|Ice Beam|p1a: Espeon\n|-damage|p1a: Espeon|78\/100\n|\n|-weather|Snow|[upkeep]\n|-heal|p1a: Espeon|84\/100|[from] item: Leftovers\n|-heal|p2a: Slowking|44\/100 brn|[from] item: Leftovers\n|-damage|p2a: Slowking|38\/100 brn|[from] brn\n|upkeep\n|turn|19\n|inactive|efell adreme has 90 seconds left.\n|\n|t:|1700123433\n|switch|p2a: Happy|Jirachi|100\/100\n|-damage|p2a: Happy|94\/100|[from] Stealth Rock\n|move|p1a: Espeon|Dazzling Gleam|p2a: Happy\n|-resisted|p2a: Happy\n|-damage|p2a: Happy|83\/100\n|\n|-weather|none\n|-heal|p1a: Espeon|90\/100|[from] item: Leftovers\n|upkeep\n|turn|20\n|\n|t:|1700123440\n|move|p1a: Espeon|Detect|p1a: Espeon\n|-singleturn|p1a: Espeon|Protect\n|move|p2a: Happy|U-turn|p1a: Espeon\n|-activate|p1a: Espeon|move: Protect\n|\n|-heal|p1a: Espeon|96\/100|[from] item: Leftovers\n|upkeep\n|turn|21\n|\n|t:|1700123453\n|switch|p1a: Rotom|Rotom-Wash|74\/100\n|move|p2a: Happy|U-turn|p1a: Rotom\n|-damage|p1a: Rotom|58\/100\n|inactive|efell adreme has 90 seconds left.\n|inactive|efell adreme has 60 seconds left.\n|\n|t:|1700123506\n|switch|p2a: Garchomp|Garchomp, F|76\/100 brn|[from] U-turn\n|-damage|p2a: Garchomp|70\/100 brn|[from] Stealth Rock\n|\n|-damage|p2a: Garchomp|57\/100 brn|[from] item: Black Sludge\n|-damage|p2a: Garchomp|51\/100 brn|[from] brn\n|upkeep\n|turn|22\n|\n|t:|1700123515\n|move|p1a: Rotom|Hydro Pump|p2a: Garchomp|[miss]\n|-miss|p1a: Rotom|p2a: Garchomp\n|move|p2a: Garchomp|Rest|p2a: Garchomp\n|-status|p2a: Garchomp|slp|[from] move: Rest\n|-heal|p2a: Garchomp|100\/100 slp|[silent]\n|\n|-damage|p2a: Garchomp|88\/100 slp|[from] item: Black Sludge\n|upkeep\n|turn|23\n|\n|t:|1700123519\n|move|p1a: Rotom|Hydro Pump|p2a: Garchomp\n|-damage|p2a: Garchomp|53\/100 slp\n|cant|p2a: Garchomp|slp\n|move|p2a: Garchomp|Sleep Talk|p2a: Garchomp\n|move|p2a: Garchomp|Dragon Tail|p1a: Rotom|[from]move: Sleep Talk\n|-damage|p1a: Rotom|28\/100\n|drag|p1a: Umbreon|Umbreon, F, shiny|90\/100\n|\n|-damage|p2a: Garchomp|41\/100 slp|[from] item: Black Sludge\n|upkeep\n|turn|24\n|\n|t:|1700123542\n|switch|p2a: Ogerpon|Ogerpon, F|100\/100\n|move|p1a: Umbreon|Wish|p1a: Umbreon\n|\n|upkeep\n|turn|25\n|\n|t:|1700123550\n|move|p2a: Ogerpon|Knock Off|p1a: Umbreon\n|-resisted|p1a: Umbreon\n|-damage|p1a: Umbreon|83\/100\n|move|p1a: Umbreon|Foul Play|p2a: Ogerpon\n|-damage|p2a: Ogerpon|41\/100\n|\n|-heal|p1a: Umbreon|100\/100|[from] move: Wish|[wisher] Umbreon\n|upkeep\n|turn|26\n|\n|t:|1700123555\n|move|p2a: Ogerpon|Superpower|p1a: Umbreon\n|-supereffective|p1a: Umbreon\n|-damage|p1a: Umbreon|49\/100\n|-unboost|p2a: Ogerpon|atk|1\n|-unboost|p2a: Ogerpon|def|1\n|move|p1a: Umbreon|Foul Play|p2a: Ogerpon\n|-damage|p2a: Ogerpon|0 fnt\n|faint|p2a: Ogerpon\n|\n|upkeep\n|\n|t:|1700123566\n|switch|p2a: Tauros|Tauros-Paldea-Aqua, M|100\/100\n|-damage|p2a: Tauros|94\/100|[from] Stealth Rock\n|-ability|p2a: Tauros|Intimidate|boost\n|-fail|p1a: Umbreon|unboost|Attack|[from] ability: Inner Focus|[of] p1a: Umbreon\n|turn|27\n|\n|t:|1700123573\n|switch|p1a: Drifblim|Drifblim, M|44\/100\n|move|p2a: Tauros|Bulk Up|p2a: Tauros\n|-boost|p2a: Tauros|atk|1\n|-boost|p2a: Tauros|def|1\n|\n|-heal|p2a: Tauros|100\/100|[from] item: Leftovers\n|upkeep\n|turn|28\n|\n|t:|1700123577\n|move|p2a: Tauros|Protect|p2a: Tauros\n|-singleturn|p2a: Tauros|Protect\n|move|p1a: Drifblim|Trick|p2a: Tauros\n|-activate|p2a: Tauros|move: Protect\n|\n|upkeep\n|turn|29\n|\n|t:|1700123583\n|switch|p2a: Garchomp|Garchomp, F|41\/100 slp\n|-damage|p2a: Garchomp|35\/100 slp|[from] Stealth Rock\n|move|p1a: Drifblim|Trick|p2a: Garchomp\n|-activate|p1a: Drifblim|move: Trick|[of] p2a: Garchomp\n|-item|p2a: Garchomp|Choice Scarf|[from] move: Trick\n|-item|p1a: Drifblim|Black Sludge|[from] move: Trick\n|\n|-damage|p1a: Drifblim|32\/100|[from] item: Black Sludge\n|upkeep\n|turn|30\n|\n|t:|1700123590\n|cant|p2a: Garchomp|slp\n|move|p2a: Garchomp|Sleep Talk|p2a: Garchomp\n|move|p2a: Garchomp|Rest||[from]move: Sleep Talk|[still]\n|-fail|p2a: Garchomp\n|move|p1a: Drifblim|Trick|p2a: Garchomp\n|-activate|p1a: Drifblim|move: Trick|[of] p2a: Garchomp\n|-item|p2a: Garchomp|Black Sludge|[from] move: Trick\n|-item|p1a: Drifblim|Choice Scarf|[from] move: Trick\n|\n|-damage|p2a: Garchomp|22\/100 slp|[from] item: Black Sludge\n|upkeep\n|turn|31\n|\n|t:|1700123616\n|switch|p1a: Umbreon|Umbreon, F, shiny|49\/100\n|-curestatus|p2a: Garchomp|slp|[msg]\n|move|p2a: Garchomp|Rest|p2a: Garchomp\n|-status|p2a: Garchomp|slp|[from] move: Rest\n|-heal|p2a: Garchomp|100\/100 slp|[silent]\n|\n|-damage|p2a: Garchomp|88\/100 slp|[from] item: Black Sludge\n|upkeep\n|turn|32\n|\n|t:|1700123630\n|switch|p2a: Tauros|Tauros-Paldea-Aqua, M|100\/100\n|-damage|p2a: Tauros|94\/100|[from] Stealth Rock\n|-ability|p2a: Tauros|Intimidate|boost\n|-fail|p1a: Umbreon|unboost|Attack|[from] ability: Inner Focus|[of] p1a: Umbreon\n|move|p1a: Umbreon|Wish|p1a: Umbreon\n|\n|-heal|p2a: Tauros|100\/100|[from] item: Leftovers\n|upkeep\n|turn|33\n|\n|t:|1700123644\n|move|p2a: Tauros|Body Press|p1a: Umbreon\n|-supereffective|p1a: Umbreon\n|-damage|p1a: Umbreon|0 fnt\n|faint|p1a: Umbreon\n|\n|upkeep\n|\n|t:|1700123648\n|switch|p1a: Glimmora|Glimmora, F|100\/100\n|turn|34\n|inactive|efell adreme has 90 seconds left.\n|\n|t:|1700123695\n|switch|p2a: Garchomp|Garchomp, F|88\/100 slp\n|-damage|p2a: Garchomp|82\/100 slp|[from] Stealth Rock\n|move|p1a: Glimmora|Spikes|p2a: Garchomp\n|-sidestart|p2: efell adreme|Spikes\n|\n|-damage|p2a: Garchomp|70\/100 slp|[from] item: Black Sludge\n|upkeep\n|turn|35\n|\n|t:|1700123705\n|switch|p1a: Garganacl|Garganacl, F, shiny|100\/100\n|cant|p2a: Garchomp|slp\n|move|p2a: Garchomp|Sleep Talk|p2a: Garchomp\n|move|p2a: Garchomp|Dragon Tail|p1a: Garganacl|[from]move: Sleep Talk\n|-damage|p1a: Garganacl|83\/100\n|drag|p1a: Rotom|Rotom-Wash|28\/100\n|\n|-damage|p2a: Garchomp|57\/100 slp|[from] item: Black Sludge\n|upkeep\n|turn|36\n|\n|t:|1700123719\n|move|p1a: Rotom|Hydro Pump|p2a: Garchomp\n|-damage|p2a: Garchomp|23\/100 slp\n|cant|p2a: Garchomp|slp\n|move|p2a: Garchomp|Sleep Talk|p2a: Garchomp\n|move|p2a: Garchomp|Earthquake|p1a: Rotom|[from]move: Sleep Talk\n|-immune|p1a: Rotom|[from] ability: Levitate\n|\n|-damage|p2a: Garchomp|11\/100 slp|[from] item: Black Sludge\n|upkeep\n|turn|37\n|\n|t:|1700123728\n|move|p1a: Rotom|Hydro Pump|p2a: Garchomp\n|-damage|p2a: Garchomp|0 fnt\n|faint|p2a: Garchomp\n|\n|upkeep\n|\n|t:|1700123730\n|switch|p2a: Mandibuzz|Mandibuzz, F|80\/100 psn\n|turn|38\n|inactive|efell adreme has 90 seconds left.\n|\n|t:|1700123742\n|switch|p1a: Garganacl|Garganacl, F, shiny|83\/100\n|move|p2a: Mandibuzz|Defog|p1a: Garganacl\n|-unboost|p1a: Garganacl|evasion|1\n|-sideend|p2: efell adreme|Spikes|[from] move: Defog|[of] p2a: Mandibuzz\n|-sideend|p2: efell adreme|Stealth Rock|[from] move: Defog|[of] p2a: Mandibuzz\n|\n|-heal|p1a: Garganacl|89\/100|[from] item: Leftovers\n|-damage|p2a: Mandibuzz|67\/100 psn|[from] psn\n|upkeep\n|turn|39\n|inactive|efell adreme has 90 seconds left.\n|\n|t:|1700123756\n|move|p2a: Mandibuzz|Roost|p2a: Mandibuzz\n|-heal|p2a: Mandibuzz|100\/100 psn\n|-singleturn|p2a: Mandibuzz|move: Roost\n|move|p1a: Garganacl|Salt Cure|p2a: Mandibuzz\n|-damage|p2a: Mandibuzz|93\/100 psn\n|-start|p2a: Mandibuzz|Salt Cure\n|\n|-heal|p1a: Garganacl|95\/100|[from] item: Leftovers\n|-damage|p2a: Mandibuzz|81\/100 psn|[from] psn\n|-damage|p2a: Mandibuzz|68\/100 psn|[from] Salt Cure\n|upkeep\n|turn|40\n|inactive|efell adreme has 90 seconds left.\n|\n|t:|1700123767\n|switch|p2a: Tauros|Tauros-Paldea-Aqua, M|100\/100\n|-ability|p2a: Tauros|Intimidate|boost\n|-unboost|p1a: Garganacl|atk|1\n|move|p1a: Garganacl|Iron Defense|p1a: Garganacl\n|-boost|p1a: Garganacl|def|2\n|\n|-heal|p1a: Garganacl|100\/100|[from] item: Leftovers\n|upkeep\n|turn|41\n|\n|t:|1700123773\n|-terastallize|p2a: Tauros|Grass\n|-terastallize|p1a: Garganacl|Ghost\n|move|p2a: Tauros|Bulk Up|p2a: Tauros\n|-boost|p2a: Tauros|atk|1\n|-boost|p2a: Tauros|def|1\n|move|p1a: Garganacl|Salt Cure|p2a: Tauros\n|-damage|p2a: Tauros|96\/100\n|-start|p2a: Tauros|Salt Cure\n|\n|-heal|p2a: Tauros|100\/100|[from] item: Leftovers\n|-damage|p2a: Tauros|88\/100|[from] Salt Cure\n|upkeep\n|turn|42\n|\n|t:|1700123778\n|move|p2a: Tauros|Bulk Up|p2a: Tauros\n|-boost|p2a: Tauros|atk|1\n|-boost|p2a: Tauros|def|1\n|move|p1a: Garganacl|Iron Defense|p1a: Garganacl\n|-boost|p1a: Garganacl|def|2\n|\n|-heal|p2a: Tauros|94\/100|[from] item: Leftovers\n|-damage|p2a: Tauros|82\/100|[from] Salt Cure\n|upkeep\n|turn|43\n|\n|t:|1700123781\n|move|p2a: Tauros|Bulk Up|p2a: Tauros\n|-boost|p2a: Tauros|atk|1\n|-boost|p2a: Tauros|def|1\n|move|p1a: Garganacl|Iron Defense|p1a: Garganacl\n|-boost|p1a: Garganacl|def|2\n|\n|-heal|p2a: Tauros|88\/100|[from] item: Leftovers\n|-damage|p2a: Tauros|76\/100|[from] Salt Cure\n|upkeep\n|turn|44\n|\n|t:|1700123786\n|move|p2a: Tauros|Bulk Up|p2a: Tauros\n|-boost|p2a: Tauros|atk|1\n|-boost|p2a: Tauros|def|1\n|move|p1a: Garganacl|Body Press|p2a: Tauros\n|-damage|p2a: Tauros|54\/100\n|\n|-heal|p2a: Tauros|61\/100|[from] item: Leftovers\n|-damage|p2a: Tauros|48\/100|[from] Salt Cure\n|upkeep\n|turn|45\n|\n|t:|1700123790\n|move|p2a: Tauros|Raging Bull|p1a: Garganacl\n|-damage|p1a: Garganacl|83\/100\n|move|p1a: Garganacl|Body Press|p2a: Tauros\n|-damage|p2a: Tauros|26\/100\n|\n|-heal|p2a: Tauros|32\/100|[from] item: Leftovers\n|-heal|p1a: Garganacl|89\/100|[from] item: Leftovers\n|-damage|p2a: Tauros|20\/100|[from] Salt Cure\n|upkeep\n|turn|46\n|\n|t:|1700123793\n|move|p2a: Tauros|Raging Bull|p1a: Garganacl\n|-damage|p1a: Garganacl|73\/100\n|move|p1a: Garganacl|Body Press|p2a: Tauros\n|-damage|p2a: Tauros|0 fnt\n|faint|p2a: Tauros\n|\n|-heal|p1a: Garganacl|79\/100|[from] item: Leftovers\n|upkeep\n|\n|t:|1700123801\n|switch|p2a: Happy|Jirachi|83\/100\n|turn|47\n|\n|t:|1700123810\n|move|p2a: Happy|Doom Desire|p1a: Garganacl\n|-start|p2a: Happy|Doom Desire\n|move|p1a: Garganacl|Salt Cure|p2a: Happy\n|-resisted|p2a: Happy\n|-damage|p2a: Happy|78\/100\n|-start|p2a: Happy|Salt Cure\n|\n|-heal|p1a: Garganacl|85\/100|[from] item: Leftovers\n|-damage|p2a: Happy|53\/100|[from] Salt Cure\n|upkeep\n|turn|48\n|\n|t:|1700123817\n|switch|p2a: Slowking|Slowking-Galar, F|72\/100 brn\n|move|p1a: Garganacl|Salt Cure|p2a: Slowking\n|-damage|p2a: Slowking|64\/100 brn\n|-start|p2a: Slowking|Salt Cure\n|\n|-heal|p1a: Garganacl|92\/100|[from] item: Leftovers\n|-heal|p2a: Slowking|71\/100 brn|[from] item: Leftovers\n|-damage|p2a: Slowking|64\/100 brn|[from] brn\n|-damage|p2a: Slowking|52\/100 brn|[from] Salt Cure\n|upkeep\n|turn|49\n|\n|t:|1700123834\n|switch|p1a: Rotom|Rotom-Wash|28\/100\n|move|p2a: Slowking|Future Sight||[still]\n|-fail|p2a: Slowking\n|\n|-end|p1a: Rotom|move: Doom Desire\n|-resisted|p1a: Rotom\n|-damage|p1a: Rotom|11\/100\n|-heal|p2a: Slowking|58\/100 brn|[from] item: Leftovers\n|-damage|p2a: Slowking|52\/100 brn|[from] brn\n|-damage|p2a: Slowking|40\/100 brn|[from] Salt Cure\n|upkeep\n|turn|50\n|\n|t:|1700123844\n|move|p1a: Rotom|Hydro Pump|p2a: Slowking|[miss]\n|-miss|p1a: Rotom|p2a: Slowking\n|move|p2a: Slowking|Chilly Reception|p2a: Slowking\n|-weather|Snow\n|\n|t:|1700123850\n|switch|p2a: Happy|Jirachi|53\/100|[from] Chilly Reception\n|\n|-weather|Snow|[upkeep]\n|upkeep\n|turn|51\n|\n|t:|1700123859\n|switch|p1a: Glimmora|Glimmora, F|100\/100\n|move|p2a: Happy|Psyshock|p1a: Glimmora\n|-supereffective|p1a: Glimmora\n|-damage|p1a: Glimmora|48\/100\n|\n|-weather|Snow|[upkeep]\n|upkeep\n|turn|52\n|\n|t:|1700123872\n|switch|p1a: Garganacl|Garganacl, F, shiny, tera:Ghost|92\/100\n|move|p2a: Happy|Psyshock|p1a: Garganacl\n|-damage|p1a: Garganacl|68\/100\n|\n|-weather|Snow|[upkeep]\n|-heal|p1a: Garganacl|75\/100|[from] item: Leftovers\n|upkeep\n|turn|53\n|\n|t:|1700123878\n|switch|p2a: Mandibuzz|Mandibuzz, F|68\/100 psn\n|move|p1a: Garganacl|Salt Cure|p2a: Mandibuzz\n|-supereffective|p2a: Mandibuzz\n|-damage|p2a: Mandibuzz|54\/100 psn\n|-start|p2a: Mandibuzz|Salt Cure\n|\n|-weather|Snow|[upkeep]\n|-heal|p1a: Garganacl|81\/100|[from] item: Leftovers\n|-damage|p2a: Mandibuzz|41\/100 psn|[from] psn\n|-damage|p2a: Mandibuzz|29\/100 psn|[from] Salt Cure\n|upkeep\n|turn|54\n|\n|t:|1700123884\n|switch|p1a: Glimmora|Glimmora, F|48\/100\n|move|p2a: Mandibuzz|Roost|p2a: Mandibuzz\n|-heal|p2a: Mandibuzz|79\/100 psn\n|-singleturn|p2a: Mandibuzz|move: Roost\n|\n|-weather|none\n|-damage|p2a: Mandibuzz|66\/100 psn|[from] psn\n|-damage|p2a: Mandibuzz|54\/100 psn|[from] Salt Cure\n|upkeep\n|turn|55\n|\n|t:|1700123891\n|switch|p2a: Slowking|Slowking-Galar, F|73\/100 brn\n|move|p1a: Glimmora|Stealth Rock|p2a: Slowking\n|-sidestart|p2: efell adreme|move: Stealth Rock\n|\n|-heal|p2a: Slowking|79\/100 brn|[from] item: Leftovers\n|-damage|p2a: Slowking|73\/100 brn|[from] brn\n|upkeep\n|turn|56\n|\n|t:|1700123897\n|switch|p1a: Rotom|Rotom-Wash|11\/100\n|move|p2a: Slowking|Future Sight|p1a: Rotom\n|-start|p2a: Slowking|move: Future Sight\n|\n|-heal|p2a: Slowking|79\/100 brn|[from] item: Leftovers\n|-damage|p2a: Slowking|73\/100 brn|[from] brn\n|upkeep\n|turn|57\n|\n|t:|1700123907\n|switch|p2a: Happy|Jirachi|53\/100\n|-damage|p2a: Happy|47\/100|[from] Stealth Rock\n|move|p1a: Rotom|Trick|p2a: Happy\n|-activate|p1a: Rotom|move: Trick|[of] p2a: Happy\n|-item|p2a: Happy|Choice Scarf|[from] move: Trick\n|-item|p1a: Rotom|Choice Scarf|[from] move: Trick\n|\n|upkeep\n|turn|58\n|\n|t:|1700123911\n|move|p2a: Happy|U-turn|p1a: Rotom\n|-damage|p1a: Rotom|0 fnt\n|faint|p1a: Rotom\n|\n|t:|1700123922\n|switch|p2a: Slowking|Slowking-Galar, F|100\/100 brn|[from] U-turn\n|-damage|p2a: Slowking|88\/100 brn|[from] Stealth Rock\n|\n|-hint|Future Sight did not hit because the target is fainted.\n|-heal|p2a: Slowking|94\/100 brn|[from] item: Leftovers\n|-damage|p2a: Slowking|88\/100 brn|[from] brn\n|upkeep\n|\n|t:|1700123927\n|switch|p1a: Espeon|Espeon, M|96\/100\n|turn|59\n|\n|t:|1700123935\n|move|p1a: Espeon|Psyshock|p2a: Slowking\n|-damage|p2a: Slowking|63\/100 brn\n|move|p2a: Slowking|Ice Beam|p1a: Espeon\n|-damage|p1a: Espeon|76\/100\n|\n|-heal|p1a: Espeon|82\/100|[from] item: Leftovers\n|-heal|p2a: Slowking|69\/100 brn|[from] item: Leftovers\n|-damage|p2a: Slowking|63\/100 brn|[from] brn\n|upkeep\n|turn|60\n|\n|t:|1700123940\n|move|p1a: Espeon|Psyshock|p2a: Slowking\n|-damage|p2a: Slowking|36\/100 brn\n|move|p2a: Slowking|Future Sight|p1a: Espeon\n|-start|p2a: Slowking|move: Future Sight\n|\n|-heal|p1a: Espeon|88\/100|[from] item: Leftovers\n|-heal|p2a: Slowking|42\/100 brn|[from] item: Leftovers\n|-damage|p2a: Slowking|36\/100 brn|[from] brn\n|upkeep\n|turn|61\n|\n|t:|1700123944\n|switch|p2a: Happy|Jirachi|47\/100\n|-damage|p2a: Happy|41\/100|[from] Stealth Rock\n|move|p1a: Espeon|Dazzling Gleam|p2a: Happy\n|-resisted|p2a: Happy\n|-damage|p2a: Happy|30\/100\n|\n|-heal|p1a: Espeon|94\/100|[from] item: Leftovers\n|upkeep\n|turn|62\n|\n|t:|1700123949\n|move|p2a: Happy|Doom Desire||[still]\n|-fail|p2a: Happy\n|move|p1a: Espeon|Psyshock|p2a: Happy\n|-resisted|p2a: Happy\n|-damage|p2a: Happy|22\/100\n|\n|-end|p1a: Espeon|move: Future Sight\n|-resisted|p1a: Espeon\n|-damage|p1a: Espeon|74\/100\n|-heal|p1a: Espeon|80\/100|[from] item: Leftovers\n|upkeep\n|turn|63\n|\n|t:|1700123958\n|move|p2a: Happy|Doom Desire|p1a: Espeon\n|-start|p2a: Happy|Doom Desire\n|move|p1a: Espeon|Dazzling Gleam|p2a: Happy\n|-resisted|p2a: Happy\n|-damage|p2a: Happy|11\/100\n|\n|-heal|p1a: Espeon|86\/100|[from] item: Leftovers\n|upkeep\n|turn|64\n|\n|t:|1700123964\n|switch|p2a: Slowking|Slowking-Galar, F|69\/100 brn\n|-damage|p2a: Slowking|57\/100 brn|[from] Stealth Rock\n|move|p1a: Espeon|Dazzling Gleam|p2a: Slowking\n|-resisted|p2a: Slowking\n|-damage|p2a: Slowking|48\/100 brn\n|\n|-heal|p1a: Espeon|92\/100|[from] item: Leftovers\n|-heal|p2a: Slowking|54\/100 brn|[from] item: Leftovers\n|-damage|p2a: Slowking|48\/100 brn|[from] brn\n|upkeep\n|turn|65\n|\n|t:|1700123971\n|move|p1a: Espeon|Psyshock|p2a: Slowking\n|-damage|p2a: Slowking|21\/100 brn\n|move|p2a: Slowking|Chilly Reception|p2a: Slowking\n|-weather|Snow\n|\n|t:|1700123974\n|switch|p2a: Mandibuzz|Mandibuzz, F|54\/100 psn|[from] Chilly Reception\n|\n|-weather|Snow|[upkeep]\n|-end|p1a: Espeon|move: Doom Desire\n|-damage|p1a: Espeon|31\/100\n|-heal|p1a: Espeon|37\/100|[from] item: Leftovers\n|-damage|p2a: Mandibuzz|41\/100 psn|[from] psn\n|upkeep\n|turn|66\n|\n|t:|1700123980\n|move|p1a: Espeon|Dazzling Gleam|p2a: Mandibuzz\n|-supereffective|p2a: Mandibuzz\n|-damage|p2a: Mandibuzz|5\/100 psn\n|move|p2a: Mandibuzz|Foul Play|p1a: Espeon\n|-supereffective|p1a: Espeon\n|-damage|p1a: Espeon|0 fnt\n|faint|p1a: Espeon\n|\n|-weather|Snow|[upkeep]\n|-damage|p2a: Mandibuzz|0 fnt|[from] psn\n|faint|p2a: Mandibuzz\n|upkeep\n|\n|t:|1700123988\n|switch|p1a: Garganacl|Garganacl, F, shiny, tera:Ghost|81\/100\n|switch|p2a: Happy|Jirachi|11\/100\n|-damage|p2a: Happy|5\/100|[from] Stealth Rock\n|turn|67\n|\n|t:|1700123993\n|move|p2a: Happy|Doom Desire|p1a: Garganacl\n|-start|p2a: Happy|Doom Desire\n|move|p1a: Garganacl|Salt Cure|p2a: Happy\n|-resisted|p2a: Happy\n|-damage|p2a: Happy|0 fnt\n|faint|p2a: Happy\n|\n|-weather|Snow|[upkeep]\n|-heal|p1a: Garganacl|87\/100|[from] item: Leftovers\n|upkeep\n|\n|t:|1700123996\n|switch|p2a: Slowking|Slowking-Galar, F|54\/100 brn\n|-damage|p2a: Slowking|42\/100 brn|[from] Stealth Rock\n|turn|68\n|c|\u2606efell adreme|gg\n|\n|t:|1700124004\n|move|p1a: Garganacl|Recover|p1a: Garganacl\n|-heal|p1a: Garganacl|100\/100\n|move|p2a: Slowking|Ice Beam|p1a: Garganacl\n|-damage|p1a: Garganacl|85\/100\n|\n|-weather|Snow|[upkeep]\n|-heal|p1a: Garganacl|91\/100|[from] item: Leftovers\n|-heal|p2a: Slowking|48\/100 brn|[from] item: Leftovers\n|-damage|p2a: Slowking|42\/100 brn|[from] brn\n|upkeep\n|turn|69\n|-message|efell adreme forfeited.\n|\n|win|liaoya\n|raw|liaoya's rating: 1409 &rarr; <strong>1433<\/strong><br \/>(+24 for winning)\n|raw|efell adreme's rating: 1481 &rarr; <strong>1457<\/strong><br \/>(-24 for losing)\n","uploadtime":1700124016,"views":8,"p1id":"liaoya","p2id":"efelladreme","formatid":"gen9ou","rating":1433,"private":0,"password":""}