{"id":"gen9ou-1992427333","p1":"OkJuice42069","p2":"hiperbanka","format":"[Gen 9] OU","log":"|j|\u2606OkJuice42069\n|j|\u2606hiperbanka\n|t:|1700186298\n|gametype|singles\n|player|p1|OkJuice42069|policeman|1401\n|player|p2|hiperbanka|102|1385\n|teamsize|p1|6\n|teamsize|p2|6\n|gen|9\n|tier|[Gen 9] OU\n|rated|\n|rule|Sleep Clause Mod: Limit one foe put to sleep\n|rule|Species Clause: Limit one of each Pok\u00e9mon\n|rule|OHKO Clause: OHKO moves are banned\n|rule|Evasion Items Clause: Evasion items are banned\n|rule|Evasion Moves Clause: Evasion moves are banned\n|rule|Endless Battle Clause: Forcing endless battles is banned\n|rule|HP Percentage Mod: HP is shown in percentages\n|clearpoke\n|poke|p1|Cinderace, F|\n|poke|p1|Ting-Lu|\n|poke|p1|Slowking-Galar, M|\n|poke|p1|Pelipper, F|\n|poke|p1|Barraskewda, F|\n|poke|p1|Rillaboom, M|\n|poke|p2|Iron Valiant|\n|poke|p2|Delphox, M|\n|poke|p2|Ursaluna, F|\n|poke|p2|Crawdaunt, M|\n|poke|p2|Enamorus-Therian, F|\n|poke|p2|Pelipper, F|\n|teampreview\n|\n|t:|1700186311\n|start\n|switch|p1a: I like a moose|Ting-Lu|100\/100\n|switch|p2a: Iron Valiant|Iron Valiant|100\/100\n|-ability|p1a: I like a moose|Vessel of Ruin\n|turn|1\n|\n|t:|1700186316\n|move|p1a: I like a moose|Stealth Rock|p2a: Iron Valiant\n|-sidestart|p2: hiperbanka|move: Stealth Rock\n|move|p2a: Iron Valiant|Trick Room|p2a: Iron Valiant\n|-fieldstart|move: Trick Room|[of] p2a: Iron Valiant\n|\n|upkeep\n|turn|2\n|\n|t:|1700186321\n|move|p2a: Iron Valiant|Close Combat|p1a: I like a moose\n|-supereffective|p1a: I like a moose\n|-damage|p1a: I like a moose|59\/100\n|-unboost|p2a: Iron Valiant|def|1\n|-unboost|p2a: Iron Valiant|spd|1\n|-enditem|p2a: Iron Valiant|Eject Pack\n|\n|t:|1700186325\n|-end|p2a: Iron Valiant|Quark Drive|[silent]\n|switch|p2a: Ursaluna|Ursaluna, F|100\/100\n|-damage|p2a: Ursaluna|94\/100|[from] Stealth Rock\n|move|p1a: I like a moose|Whirlwind|p2a: Ursaluna\n|drag|p2a: Delphox|Delphox, M|100\/100\n|-damage|p2a: Delphox|76\/100|[from] Stealth Rock\n|\n|-heal|p1a: I like a moose|65\/100|[from] item: Leftovers\n|upkeep\n|turn|3\n|\n|t:|1700186335\n|move|p2a: Delphox|Overheat|p1a: I like a moose\n|-damage|p1a: I like a moose|37\/100\n|-unboost|p2a: Delphox|spa|2\n|-enditem|p2a: Delphox|Eject Pack\n|\n|t:|1700186339\n|switch|p2a: Ursaluna|Ursaluna, F|94\/100\n|-damage|p2a: Ursaluna|88\/100|[from] Stealth Rock\n|move|p1a: I like a moose|Whirlwind|p2a: Ursaluna\n|drag|p2a: Pelipper|Pelipper, F|100\/100\n|-damage|p2a: Pelipper|76\/100|[from] Stealth Rock\n|-weather|RainDance|[from] ability: Drizzle|[of] p2a: Pelipper\n|\n|-weather|RainDance|[upkeep]\n|-heal|p1a: I like a moose|43\/100|[from] item: Leftovers\n|upkeep\n|turn|4\n|\n|t:|1700186349\n|move|p1a: I like a moose|Spikes|p2a: Pelipper\n|-sidestart|p2: hiperbanka|Spikes\n|move|p2a: Pelipper|U-turn|p1a: I like a moose\n|-supereffective|p1a: I like a moose\n|-damage|p1a: I like a moose|36\/100\n|\n|t:|1700186354\n|switch|p2a: Crawdaunt|Crawdaunt, M|100\/100|[from] U-turn\n|-damage|p2a: Crawdaunt|88\/100|[from] Stealth Rock\n|-damage|p2a: Crawdaunt|76\/100|[from] Spikes\n|\n|-weather|RainDance|[upkeep]\n|-heal|p1a: I like a moose|42\/100|[from] item: Leftovers\n|upkeep\n|turn|5\n|\n|t:|1700186360\n|switch|p1a: Monker|Rillaboom, M|100\/100\n|-fieldstart|move: Grassy Terrain|[from] ability: Grassy Surge|[of] p1a: Monker\n|-terastallize|p2a: Crawdaunt|Water\n|move|p2a: Crawdaunt|Aqua Jet|p1a: Monker\n|-resisted|p1a: Monker\n|-damage|p1a: Monker|74\/100\n|\n|-weather|RainDance|[upkeep]\n|-heal|p2a: Crawdaunt|82\/100|[from] Grassy Terrain\n|-heal|p1a: Monker|80\/100|[from] Grassy Terrain\n|-heal|p1a: Monker|86\/100|[from] item: Leftovers\n|-fieldend|move: Trick Room\n|upkeep\n|turn|6\n|\n|t:|1700186370\n|switch|p2a: Iron Valiant|Iron Valiant|100\/100\n|-damage|p2a: Iron Valiant|94\/100|[from] Stealth Rock\n|-damage|p2a: Iron Valiant|82\/100|[from] Spikes\n|move|p1a: Monker|Grassy Glide|p2a: Iron Valiant\n|-damage|p2a: Iron Valiant|58\/100\n|\n|-weather|RainDance|[upkeep]\n|-heal|p2a: Iron Valiant|64\/100|[from] Grassy Terrain\n|-heal|p1a: Monker|92\/100|[from] Grassy Terrain\n|-heal|p1a: Monker|99\/100|[from] item: Leftovers\n|upkeep\n|turn|7\n|\n|t:|1700186377\n|move|p1a: Monker|U-turn|p2a: Iron Valiant\n|-resisted|p2a: Iron Valiant\n|-damage|p2a: Iron Valiant|60\/100\n|\n|t:|1700186384\n|switch|p1a: I like a moose|Ting-Lu|42\/100|[from] U-turn\n|-ability|p1a: I like a moose|Vessel of Ruin\n|move|p2a: Iron Valiant|Trick Room|p2a: Iron Valiant\n|-fieldstart|move: Trick Room|[of] p2a: Iron Valiant\n|\n|-weather|RainDance|[upkeep]\n|-heal|p1a: I like a moose|48\/100|[from] Grassy Terrain\n|-heal|p1a: I like a moose|54\/100|[from] item: Leftovers\n|-heal|p2a: Iron Valiant|66\/100|[from] Grassy Terrain\n|upkeep\n|turn|8\n|\n|t:|1700186397\n|move|p1a: I like a moose|Spikes|p2a: Iron Valiant\n|-sidestart|p2: hiperbanka|Spikes\n|move|p2a: Iron Valiant|Close Combat|p1a: I like a moose\n|-supereffective|p1a: I like a moose\n|-damage|p1a: I like a moose|9\/100\n|-unboost|p2a: Iron Valiant|def|1\n|-unboost|p2a: Iron Valiant|spd|1\n|\n|-weather|RainDance|[upkeep]\n|-heal|p1a: I like a moose|15\/100|[from] Grassy Terrain\n|-heal|p1a: I like a moose|21\/100|[from] item: Leftovers\n|-heal|p2a: Iron Valiant|72\/100|[from] Grassy Terrain\n|upkeep\n|turn|9\n|\n|t:|1700186403\n|move|p1a: I like a moose|Spikes|p2a: Iron Valiant\n|-sidestart|p2: hiperbanka|Spikes\n|move|p2a: Iron Valiant|Close Combat|p1a: I like a moose\n|-supereffective|p1a: I like a moose\n|-damage|p1a: I like a moose|0 fnt\n|-unboost|p2a: Iron Valiant|def|1\n|-unboost|p2a: Iron Valiant|spd|1\n|faint|p1a: I like a moose\n|\n|-weather|RainDance|[upkeep]\n|-heal|p2a: Iron Valiant|79\/100|[from] Grassy Terrain\n|-fieldend|move: Grassy Terrain\n|upkeep\n|\n|t:|1700186428\n|switch|p1a: Monker|Rillaboom, M|99\/100\n|-fieldstart|move: Grassy Terrain|[from] ability: Grassy Surge|[of] p1a: Monker\n|turn|10\n|\n|t:|1700186443\n|-end|p2a: Iron Valiant|Quark Drive|[silent]\n|switch|p2a: Delphox|Delphox, M|76\/100\n|-damage|p2a: Delphox|51\/100|[from] Stealth Rock\n|-damage|p2a: Delphox|26\/100|[from] Spikes\n|move|p1a: Monker|Grassy Glide|p2a: Delphox\n|-resisted|p2a: Delphox\n|-damage|p2a: Delphox|6\/100\n|\n|-weather|none\n|-heal|p1a: Monker|100\/100|[from] Grassy Terrain\n|-heal|p2a: Delphox|12\/100|[from] Grassy Terrain\n|upkeep\n|turn|11\n|\n|t:|1700186451\n|move|p1a: Monker|Grassy Glide|p2a: Delphox\n|-resisted|p2a: Delphox\n|-damage|p2a: Delphox|0 fnt\n|faint|p2a: Delphox\n|\n|-fieldend|move: Trick Room\n|upkeep\n|\n|t:|1700186455\n|switch|p2a: Iron Valiant|Iron Valiant|79\/100\n|-damage|p2a: Iron Valiant|72\/100|[from] Stealth Rock\n|-damage|p2a: Iron Valiant|47\/100|[from] Spikes\n|turn|12\n|\n|t:|1700186461\n|move|p1a: Monker|Grassy Glide|p2a: Iron Valiant\n|-damage|p2a: Iron Valiant|23\/100\n|move|p2a: Iron Valiant|Trick Room|p2a: Iron Valiant\n|-fieldstart|move: Trick Room|[of] p2a: Iron Valiant\n|\n|-heal|p2a: Iron Valiant|29\/100|[from] Grassy Terrain\n|upkeep\n|turn|13\n|\n|t:|1700186472\n|move|p1a: Monker|Grassy Glide|p2a: Iron Valiant\n|-damage|p2a: Iron Valiant|2\/100\n|move|p2a: Iron Valiant|Close Combat|p1a: Monker\n|-damage|p1a: Monker|63\/100\n|-unboost|p2a: Iron Valiant|def|1\n|-unboost|p2a: Iron Valiant|spd|1\n|\n|-heal|p1a: Monker|69\/100|[from] Grassy Terrain\n|-heal|p1a: Monker|75\/100|[from] item: Leftovers\n|-heal|p2a: Iron Valiant|9\/100|[from] Grassy Terrain\n|upkeep\n|turn|14\n|\n|t:|1700186478\n|move|p1a: Monker|Protect|p1a: Monker\n|-singleturn|p1a: Monker|Protect\n|move|p2a: Iron Valiant|Close Combat|p1a: Monker\n|-activate|p1a: Monker|move: Protect\n|\n|-heal|p1a: Monker|81\/100|[from] Grassy Terrain\n|-heal|p1a: Monker|87\/100|[from] item: Leftovers\n|-heal|p2a: Iron Valiant|15\/100|[from] Grassy Terrain\n|-fieldend|move: Grassy Terrain\n|upkeep\n|turn|15\n|\n|t:|1700186482\n|move|p1a: Monker|Grassy Glide|p2a: Iron Valiant\n|-damage|p2a: Iron Valiant|0 fnt\n|faint|p2a: Iron Valiant\n|-end|p2a: Iron Valiant|Quark Drive|[silent]\n|\n|-heal|p1a: Monker|94\/100|[from] item: Leftovers\n|upkeep\n|\n|t:|1700186485\n|switch|p2a: Pelipper|Pelipper, F|76\/100\n|-damage|p2a: Pelipper|51\/100|[from] Stealth Rock\n|-weather|RainDance|[from] ability: Drizzle|[of] p2a: Pelipper\n|turn|16\n|\n|t:|1700186487\n|move|p1a: Monker|Protect|p1a: Monker\n|-singleturn|p1a: Monker|Protect\n|move|p2a: Pelipper|Hurricane|p1a: Monker\n|-activate|p1a: Monker|move: Protect\n|\n|-weather|RainDance|[upkeep]\n|-heal|p1a: Monker|99\/100|[from] item: Leftovers\n|-fieldend|move: Trick Room\n|upkeep\n|turn|17\n|\n|t:|1700186492\n|switch|p1a: Das King|Slowking-Galar, M|100\/100\n|move|p2a: Pelipper|Hurricane|p1a: Das King\n|-damage|p1a: Das King|74\/100\n|\n|-weather|RainDance|[upkeep]\n|upkeep\n|turn|18\n|\n|t:|1700186498\n|move|p2a: Pelipper|Knock Off|p1a: Das King\n|-supereffective|p1a: Das King\n|-damage|p1a: Das King|52\/100\n|-enditem|p1a: Das King|Assault Vest|[from] move: Knock Off|[of] p2a: Pelipper\n|move|p1a: Das King|Ice Beam|p2a: Pelipper\n|-damage|p2a: Pelipper|13\/100\n|\n|-weather|RainDance|[upkeep]\n|upkeep\n|turn|19\n|\n|t:|1700186504\n|switch|p1a: Monker|Rillaboom, M|99\/100\n|-fieldstart|move: Grassy Terrain|[from] ability: Grassy Surge|[of] p1a: Monker\n|move|p2a: Pelipper|Hurricane|p1a: Monker\n|-supereffective|p1a: Monker\n|-damage|p1a: Monker|0 fnt\n|faint|p1a: Monker\n|\n|-weather|RainDance|[upkeep]\n|upkeep\n|\n|t:|1700186510\n|switch|p1a: Ballin|Cinderace, F|100\/100\n|turn|20\n|\n|t:|1700186512\n|move|p1a: Ballin|Weather Ball|p2a: Pelipper\n|-start|p1a: Ballin|typechange|Water|[from] ability: Libero\n|-resisted|p2a: Pelipper\n|-damage|p2a: Pelipper|0 fnt\n|faint|p2a: Pelipper\n|\n|-weather|RainDance|[upkeep]\n|upkeep\n|\n|t:|1700186517\n|switch|p2a: Crawdaunt|Crawdaunt, M, tera:Water|82\/100\n|-damage|p2a: Crawdaunt|69\/100|[from] Stealth Rock\n|-damage|p2a: Crawdaunt|44\/100|[from] Spikes\n|turn|21\n|\n|t:|1700186521\n|move|p2a: Crawdaunt|Aqua Jet|p1a: Ballin\n|-resisted|p1a: Ballin\n|-damage|p1a: Ballin|54\/100\n|move|p1a: Ballin|Weather Ball|p2a: Crawdaunt\n|-resisted|p2a: Crawdaunt\n|-damage|p2a: Crawdaunt|0 fnt\n|faint|p2a: Crawdaunt\n|\n|-weather|RainDance|[upkeep]\n|-heal|p1a: Ballin|60\/100|[from] Grassy Terrain\n|upkeep\n|\n|t:|1700186526\n|switch|p2a: Enamorus|Enamorus-Therian, F|100\/100\n|-damage|p2a: Enamorus|76\/100|[from] Stealth Rock\n|turn|22\n|\n|t:|1700186532\n|-terastallize|p1a: Ballin|Water\n|move|p1a: Ballin|Weather Ball|p2a: Enamorus\n|-damage|p2a: Enamorus|0 fnt\n|faint|p2a: Enamorus\n|\n|-weather|RainDance|[upkeep]\n|-heal|p1a: Ballin|66\/100|[from] Grassy Terrain\n|upkeep\n|-message|hiperbanka forfeited.\n|\n|win|OkJuice42069\n|raw|OkJuice42069's rating: 1401 &rarr; <strong>1420<\/strong><br \/>(+19 for winning)\n|raw|hiperbanka's rating: 1385 &rarr; <strong>1366<\/strong><br \/>(-19 for losing)\n|l|\u2606hiperbanka\n","uploadtime":1700186540,"views":17,"p1id":"okjuice42069","p2id":"hiperbanka","formatid":"gen9ou","rating":1366,"private":0,"password":""}