{"id":"gen9ou-2000189424","p1":"Bacalao2","p2":"12w3e4","format":"[Gen 9] OU","log":"|j|\u203dBacalao2\n|j|\u260612w3e4\n|t:|1701169610\n|gametype|singles\n|player|p1|Bacalao2|266|1104\n|player|p2|12w3e4|lana|1204\n|teamsize|p1|6\n|teamsize|p2|6\n|gen|9\n|tier|[Gen 9] OU\n|rated|\n|rule|Sleep Clause Mod: Limit one foe put to sleep\n|rule|Species Clause: Limit one of each Pok\u00e9mon\n|rule|OHKO Clause: OHKO moves are banned\n|rule|Evasion Items Clause: Evasion items are banned\n|rule|Evasion Moves Clause: Evasion moves are banned\n|rule|Endless Battle Clause: Forcing endless battles is banned\n|rule|HP Percentage Mod: HP is shown in percentages\n|clearpoke\n|poke|p1|Ogerpon-Wellspring, F|\n|poke|p1|Mienshao, M|\n|poke|p1|Cinderace, M|\n|poke|p1|Glimmora, F|\n|poke|p1|Kommo-o, M|\n|poke|p1|Thundurus-Therian, M|\n|poke|p2|Glimmora, F|\n|poke|p2|Gholdengo|\n|poke|p2|Garchomp, M|\n|poke|p2|Ceruledge, M|\n|poke|p2|Ogerpon-Wellspring, F|\n|poke|p2|Iron Valiant|\n|teampreview\n|inactive|Battle timer is ON: inactive players will automatically lose when time's up. (requested by 12w3e4)\n|\n|t:|1701169620\n|start\n|switch|p1a: Mienshao|Mienshao, M, shiny|100\/100\n|switch|p2a: Glimmora|Glimmora, F|100\/100\n|turn|1\n|\n|t:|1701169626\n|switch|p2a: Ceruledge|Ceruledge, M|100\/100\n|move|p1a: Mienshao|Fake Out|p2a: Ceruledge\n|-immune|p2a: Ceruledge\n|\n|upkeep\n|turn|2\n|\n|t:|1701169635\n|move|p2a: Ceruledge|Endure|p2a: Ceruledge\n|-singleturn|p2a: Ceruledge|move: Endure\n|move|p1a: Mienshao|Knock Off|p2a: Ceruledge\n|-supereffective|p2a: Ceruledge\n|-damage|p2a: Ceruledge|9\/100\n|-ability|p2a: Ceruledge|Weak Armor|boost\n|-unboost|p2a: Ceruledge|def|1\n|-boost|p2a: Ceruledge|spe|2\n|-enditem|p2a: Ceruledge|Weakness Policy\n|-boost|p2a: Ceruledge|atk|2|[from] item: Weakness Policy\n|-boost|p2a: Ceruledge|spa|2|[from] item: Weakness Policy\n|\n|upkeep\n|turn|3\n|\n|t:|1701169652\n|switch|p1a: Glimmora|Glimmora, F|100\/100\n|move|p2a: Ceruledge|Poltergeist|p1a: Glimmora\n|-activate|p1a: Glimmora|move: Poltergeist|Focus Sash\n|-enditem|p1a: Glimmora|Focus Sash\n|-damage|p1a: Glimmora|1\/100\n|-activate|p1a: Glimmora|ability: Toxic Debris\n|-sidestart|p2: 12w3e4|move: Toxic Spikes\n|\n|upkeep\n|turn|4\n|\n|t:|1701169669\n|move|p2a: Ceruledge|Bitter Blade|p1a: Glimmora\n|-resisted|p1a: Glimmora\n|-damage|p1a: Glimmora|0 fnt\n|-heal|p2a: Ceruledge|10\/100|[from] drain|[of] p1a: Glimmora\n|-activate|p1a: Glimmora|ability: Toxic Debris\n|-sidestart|p2: 12w3e4|move: Toxic Spikes\n|faint|p1a: Glimmora\n|\n|upkeep\n|\n|t:|1701169679\n|switch|p1a: Ogerpon|Ogerpon-Wellspring, F|100\/100\n|turn|5\n|\n|t:|1701169683\n|move|p1a: Ogerpon|Spiky Shield|p1a: Ogerpon\n|-singleturn|p1a: Ogerpon|move: Protect\n|move|p2a: Ceruledge|Poltergeist|p1a: Ogerpon\n|-activate|p1a: Ogerpon|move: Protect\n|\n|upkeep\n|turn|6\n|\n|t:|1701169692\n|move|p2a: Ceruledge|Poltergeist|p1a: Ogerpon\n|-activate|p1a: Ogerpon|move: Poltergeist|Wellspring Mask\n|-damage|p1a: Ogerpon|0 fnt\n|faint|p1a: Ogerpon\n|\n|upkeep\n|\n|t:|1701169698\n|switch|p1a: Kommo-o|Kommo-o, M|100\/100\n|turn|7\n|\n|t:|1701169703\n|move|p2a: Ceruledge|Poltergeist|p1a: Kommo-o\n|-activate|p1a: Kommo-o|move: Poltergeist|Figy Berry\n|-damage|p1a: Kommo-o|0 fnt\n|faint|p1a: Kommo-o\n|\n|upkeep\n|-message|Bacalao2 forfeited.\n|\n|win|12w3e4\n|raw|Bacalao2's rating: 1104 &rarr; <strong>1086<\/strong><br \/>(-18 for losing)\n|raw|12w3e4's rating: 1204 &rarr; <strong>1222<\/strong><br \/>(+18 for winning)\n|l|\u203dBacalao2\n","uploadtime":1701169718,"views":6,"p1id":"bacalao2","p2id":"12w3e4","formatid":"gen9ou","rating":1086,"private":0,"password":""}