{"id":"gen9ou-1995435806","p1":"mcdab","p2":"THEMIMIIIIIIC","format":"[Gen 9] OU","log":"|j|\u2606mcdab\n|j|\u2606THEMIMIIIIIIC\n|t:|1700570493\n|gametype|singles\n|player|p1|mcdab|169|1587\n|player|p2|THEMIMIIIIIIC|riley|1531\n|teamsize|p1|6\n|teamsize|p2|6\n|gen|9\n|tier|[Gen 9] OU\n|rated|\n|rule|Sleep Clause Mod: Limit one foe put to sleep\n|rule|Species Clause: Limit one of each Pok\u00e9mon\n|rule|OHKO Clause: OHKO moves are banned\n|rule|Evasion Items Clause: Evasion items are banned\n|rule|Evasion Moves Clause: Evasion moves are banned\n|rule|Endless Battle Clause: Forcing endless battles is banned\n|rule|HP Percentage Mod: HP is shown in percentages\n|clearpoke\n|poke|p1|Cinderace, F|\n|poke|p1|Iron Moth|\n|poke|p1|Gastrodon, F|\n|poke|p1|Gholdengo|\n|poke|p1|Landorus-Therian, M|\n|poke|p1|Breloom, F|\n|poke|p2|Ribombee, M|\n|poke|p2|Greninja-*, M|\n|poke|p2|Iron Treads|\n|poke|p2|Iron Valiant|\n|poke|p2|Ceruledge, M|\n|poke|p2|Zapdos|\n|teampreview\n|inactive|Battle timer is ON: inactive players will automatically lose when time's up. (requested by THEMIMIIIIIIC)\n|\n|t:|1700570510\n|start\n|switch|p1a: Gholdengo|Gholdengo|100\/100\n|switch|p2a: Greninja|Greninja, M|100\/100\n|turn|1\n|\n|t:|1700570518\n|move|p1a: Gholdengo|Thunderbolt|p2a: Greninja\n|-supereffective|p2a: Greninja\n|-damage|p2a: Greninja|0 fnt\n|faint|p2a: Greninja\n|\n|upkeep\n|inactive|THEMIMIIIIIIC has 120 seconds left.\n|\n|t:|1700570553\n|switch|p2a: Zapdos|Zapdos|100\/100\n|turn|2\n|\n|t:|1700570559\n|switch|p1a: Gastrodon|Gastrodon, F|100\/100\n|move|p2a: Zapdos|Hurricane|p1a: Gastrodon\n|-damage|p1a: Gastrodon|53\/100\n|-start|p1a: Gastrodon|confusion\n|-damage|p2a: Zapdos|91\/100|[from] item: Life Orb\n|\n|-heal|p1a: Gastrodon|59\/100|[from] item: Leftovers\n|upkeep\n|turn|3\n|\n|t:|1700570567\n|move|p2a: Zapdos|Hurricane|p1a: Gastrodon\n|-damage|p1a: Gastrodon|10\/100\n|-damage|p2a: Zapdos|81\/100|[from] item: Life Orb\n|-activate|p1a: Gastrodon|confusion\n|-damage|p1a: Gastrodon|3\/100|[from] confusion\n|\n|-heal|p1a: Gastrodon|9\/100|[from] item: Leftovers\n|upkeep\n|turn|4\n|\n|t:|1700570577\n|move|p2a: Zapdos|Heat Wave|p1a: Gastrodon\n|-resisted|p1a: Gastrodon\n|-crit|p1a: Gastrodon\n|-damage|p1a: Gastrodon|0 fnt\n|faint|p1a: Gastrodon\n|-damage|p2a: Zapdos|71\/100|[from] item: Life Orb\n|\n|upkeep\n|inactive|mcdab has 120 seconds left.\n|\n|t:|1700570613\n|switch|p1a: Iron Moth|Iron Moth|100\/100\n|-enditem|p1a: Iron Moth|Booster Energy\n|-activate|p1a: Iron Moth|ability: Quark Drive|[fromitem]\n|-start|p1a: Iron Moth|quarkdrivespa\n|turn|5\n|inactive|mcdab has 120 seconds left.\n|\n|t:|1700570631\n|switch|p2a: Ceruledge|Ceruledge, M|100\/100\n|move|p1a: Iron Moth|Sludge Wave|p2a: Ceruledge\n|-resisted|p2a: Ceruledge\n|-crit|p2a: Ceruledge\n|-damage|p2a: Ceruledge|38\/100\n|-status|p2a: Ceruledge|psn\n|\n|-damage|p2a: Ceruledge|25\/100 psn|[from] psn\n|upkeep\n|turn|6\n|inactive|mcdab has 120 seconds left.\n|\n|t:|1700570638\n|move|p1a: Iron Moth|Sludge Wave|p2a: Ceruledge\n|-resisted|p2a: Ceruledge\n|-damage|p2a: Ceruledge|0 fnt\n|faint|p2a: Ceruledge\n|\n|upkeep\n|\n|t:|1700570646\n|switch|p2a: Iron Valiant|Iron Valiant|100\/100\n|-enditem|p2a: Iron Valiant|Booster Energy\n|-activate|p2a: Iron Valiant|ability: Quark Drive|[fromitem]\n|-start|p2a: Iron Valiant|quarkdrivespe\n|turn|7\n|\n|t:|1700570653\n|-terastallize|p2a: Iron Valiant|Steel\n|move|p2a: Iron Valiant|Psyshock|p1a: Iron Moth\n|-supereffective|p1a: Iron Moth\n|-damage|p1a: Iron Moth|3\/100\n|move|p1a: Iron Moth|Sludge Wave|p2a: Iron Valiant\n|-immune|p2a: Iron Valiant\n|\n|upkeep\n|turn|8\n|c|\u2606mcdab|:o\n|inactive|mcdab has 120 seconds left.\n|\n|t:|1700570681\n|-end|p1a: Iron Moth|Quark Drive|[silent]\n|switch|p1a: Gholdengo|Gholdengo|100\/100\n|move|p2a: Iron Valiant|Moonblast|p1a: Gholdengo\n|-resisted|p1a: Gholdengo\n|-damage|p1a: Gholdengo|73\/100\n|-unboost|p1a: Gholdengo|spa|1\n|\n|upkeep\n|turn|9\n|inactive|mcdab has 120 seconds left.\n|\n|t:|1700570689\n|move|p2a: Iron Valiant|Shadow Ball|p1a: Gholdengo\n|-supereffective|p1a: Gholdengo\n|-damage|p1a: Gholdengo|7\/100\n|move|p1a: Gholdengo|Focus Blast|p2a: Iron Valiant\n|-supereffective|p2a: Iron Valiant\n|-damage|p2a: Iron Valiant|0 fnt\n|faint|p2a: Iron Valiant\n|-end|p2a: Iron Valiant|Quark Drive|[silent]\n|\n|upkeep\n|\n|t:|1700570696\n|switch|p2a: Ribombee|Ribombee, M|100\/100\n|turn|10\n|c|\u2606mcdab|-1\n|\n|t:|1700570708\n|move|p1a: Gholdengo|Focus Blast|p2a: Ribombee\n|-resisted|p2a: Ribombee\n|-damage|p2a: Ribombee|89\/100\n|move|p2a: Ribombee|Moonblast|p1a: Gholdengo\n|-resisted|p1a: Gholdengo\n|-damage|p1a: Gholdengo|0 fnt\n|faint|p1a: Gholdengo\n|\n|upkeep\n|\n|t:|1700570713\n|switch|p1a: Cinderace|Cinderace, F|100\/100\n|turn|11\n|\n|t:|1700570721\n|move|p1a: Cinderace|Pyro Ball|p2a: Ribombee\n|-supereffective|p2a: Ribombee\n|-damage|p2a: Ribombee|0 fnt\n|faint|p2a: Ribombee\n|\n|upkeep\n|\n|t:|1700570731\n|switch|p2a: Iron Treads|Iron Treads|100\/100\n|turn|12\n|\n|t:|1700570738\n|-terastallize|p1a: Cinderace|Psychic\n|move|p1a: Cinderace|Pyro Ball|p2a: Iron Treads|[miss]\n|-miss|p1a: Cinderace|p2a: Iron Treads\n|move|p2a: Iron Treads|High Horsepower|p1a: Cinderace\n|-damage|p1a: Cinderace|39\/100\n|\n|upkeep\n|turn|13\n|\n|t:|1700570743\n|move|p1a: Cinderace|Pyro Ball|p2a: Iron Treads\n|-supereffective|p2a: Iron Treads\n|-damage|p2a: Iron Treads|0 fnt\n|faint|p2a: Iron Treads\n|-end|p2a: Iron Treads|Quark Drive|[silent]\n|\n|upkeep\n|c|\u2606THEMIMIIIIIIC|You put scarf on anything huh\n|\n|t:|1700570753\n|switch|p2a: Zapdos|Zapdos|71\/100\n|turn|14\n|\n|t:|1700570756\n|move|p1a: Cinderace|Pyro Ball|p2a: Zapdos\n|-damage|p2a: Zapdos|0 fnt\n|faint|p2a: Zapdos\n|\n|win|mcdab\n|raw|mcdab's rating: 1587 &rarr; <strong>1604<\/strong><br \/>(+17 for winning)\n|raw|THEMIMIIIIIIC's rating: 1531 &rarr; <strong>1514<\/strong><br \/>(-17 for losing)\n|l|\u2606THEMIMIIIIIIC\n","uploadtime":1700570782,"views":4,"p1id":"mcdab","p2id":"themimiiiiiic","formatid":"gen9ou","rating":1514,"private":0,"password":""}