{"id":"gen9ou-1995916400","p1":"Thehombre","p2":"ripped guy","format":"[Gen 9] OU","log":"|j|\u2606Thehombre\n|j|\u2606ripped guy\n|t:|1700617086\n|gametype|singles\n|player|p1|Thehombre|2|1094\n|player|p2|ripped guy|marlon|1120\n|teamsize|p1|6\n|teamsize|p2|6\n|gen|9\n|tier|[Gen 9] OU\n|rated|\n|rule|Sleep Clause Mod: Limit one foe put to sleep\n|rule|Species Clause: Limit one of each Pok\u00e9mon\n|rule|OHKO Clause: OHKO moves are banned\n|rule|Evasion Items Clause: Evasion items are banned\n|rule|Evasion Moves Clause: Evasion moves are banned\n|rule|Endless Battle Clause: Forcing endless battles is banned\n|rule|HP Percentage Mod: HP is shown in percentages\n|clearpoke\n|poke|p1|Munkidori, M|\n|poke|p1|Dragapult, F|\n|poke|p1|Corviknight, M|\n|poke|p1|Ninetales-Alola, M|\n|poke|p1|Clefable, M|\n|poke|p1|Ogerpon-Cornerstone, F|\n|poke|p2|Glimmora, F|\n|poke|p2|Samurott-Hisui, F|\n|poke|p2|Ribombee, F|\n|poke|p2|Iron Treads|\n|poke|p2|Skeledirge, M|\n|poke|p2|Rillaboom, M|\n|teampreview\n|\n|t:|1700617110\n|start\n|switch|p1a: Munkidori|Munkidori, M|100\/100\n|switch|p2a: Glimmora|Glimmora, F|100\/100\n|turn|1\n|\n|t:|1700617116\n|move|p1a: Munkidori|Calm Mind|p1a: Munkidori\n|-boost|p1a: Munkidori|spa|1\n|-boost|p1a: Munkidori|spd|1\n|move|p2a: Glimmora|Toxic|p1a: Munkidori\n|-status|p1a: Munkidori|tox\n|\n|-damage|p1a: Munkidori|95\/100 tox|[from] psn\n|upkeep\n|turn|2\n|inactive|Battle timer is ON: inactive players will automatically lose when time's up. (requested by Thehombre)\n|\n|t:|1700617129\n|switch|p2a: Samurott|Samurott-Hisui, F|100\/100\n|move|p1a: Munkidori|Calm Mind|p1a: Munkidori\n|-boost|p1a: Munkidori|spa|1\n|-boost|p1a: Munkidori|spd|1\n|\n|-heal|p1a: Munkidori|100\/100 tox|[from] item: Leftovers\n|-damage|p1a: Munkidori|89\/100 tox|[from] psn\n|upkeep\n|turn|3\n|\n|t:|1700617139\n|move|p2a: Samurott|Night Slash|p1a: Munkidori\n|-supereffective|p1a: Munkidori\n|-damage|p1a: Munkidori|0 fnt\n|faint|p1a: Munkidori\n|\n|upkeep\n|\n|t:|1700617143\n|switch|p1a: Ninetales|Ninetales-Alola, M|100\/100\n|-weather|Snow|[from] ability: Snow Warning|[of] p1a: Ninetales\n|turn|4\n|\n|t:|1700617150\n|switch|p2a: Glimmora|Glimmora, F|100\/100\n|move|p1a: Ninetales|Aurora Veil|p1a: Ninetales\n|-sidestart|p1: Thehombre|move: Aurora Veil\n|\n|-weather|Snow|[upkeep]\n|upkeep\n|turn|5\n|\n|t:|1700617156\n|move|p1a: Ninetales|Misty Terrain|p1a: Ninetales\n|-fieldstart|move: Misty Terrain\n|move|p2a: Glimmora|Toxic|p1a: Ninetales\n|-activate|p1a: Ninetales|move: Misty Terrain\n|\n|-weather|Snow|[upkeep]\n|upkeep\n|turn|6\n|\n|t:|1700617163\n|switch|p1a: Ogerpon|Ogerpon-Cornerstone, F|100\/100\n|move|p2a: Glimmora|Stealth Rock|p1a: Ogerpon\n|-sidestart|p1: Thehombre|move: Stealth Rock\n|\n|-weather|Snow|[upkeep]\n|upkeep\n|turn|7\n|\n|t:|1700617181\n|switch|p2a: Samurott|Samurott-Hisui, F|100\/100\n|move|p1a: Ogerpon|Swords Dance|p1a: Ogerpon\n|-boost|p1a: Ogerpon|atk|2\n|\n|-weather|Snow|[upkeep]\n|upkeep\n|turn|8\n|\n|t:|1700617193\n|move|p2a: Samurott|Sacred Sword|p1a: Ogerpon\n|-supereffective|p1a: Ogerpon\n|-damage|p1a: Ogerpon|46\/100\n|move|p1a: Ogerpon|Trailblaze|p2a: Samurott\n|-supereffective|p2a: Samurott\n|-crit|p2a: Samurott\n|-damage|p2a: Samurott|0 fnt\n|-boost|p1a: Ogerpon|spe|1\n|faint|p2a: Samurott\n|\n|-weather|none\n|upkeep\n|inactive|ripped guy has 120 seconds left.\n|\n|t:|1700617214\n|switch|p2a: Ribombee|Ribombee, F|100\/100\n|turn|9\n|inactive|ripped guy has 120 seconds left.\n|\n|t:|1700617232\n|move|p1a: Ogerpon|Ivy Cudgel|p2a: Ribombee|[anim] Ivy Cudgel Rock\n|-supereffective|p2a: Ribombee\n|-enditem|p2a: Ribombee|Focus Sash\n|-damage|p2a: Ribombee|1\/100\n|move|p2a: Ribombee|Quiver Dance|p2a: Ribombee\n|-boost|p2a: Ribombee|spa|1\n|-boost|p2a: Ribombee|spd|1\n|-boost|p2a: Ribombee|spe|1\n|\n|-fieldend|Misty Terrain\n|upkeep\n|turn|10\n|inactive|ripped guy has 120 seconds left.\n|\n|t:|1700617245\n|move|p1a: Ogerpon|Trailblaze|p2a: Ribombee\n|-resisted|p2a: Ribombee\n|-damage|p2a: Ribombee|0 fnt\n|-boost|p1a: Ogerpon|spe|1\n|faint|p2a: Ribombee\n|\n|upkeep\n|\n|t:|1700617252\n|switch|p2a: Glimmora|Glimmora, F|100\/100\n|turn|11\n|\n|t:|1700617255\n|move|p1a: Ogerpon|Horn Leech|p2a: Glimmora\n|-damage|p2a: Glimmora|0 fnt\n|-heal|p1a: Ogerpon|97\/100|[from] drain|[of] p2a: Glimmora\n|faint|p2a: Glimmora\n|\n|-sideend|p1: Thehombre|move: Aurora Veil\n|upkeep\n|inactive|ripped guy has 120 seconds left.\n|\n|t:|1700617268\n|switch|p2a: Iron Treads|Iron Treads|100\/100\n|-enditem|p2a: Iron Treads|Booster Energy\n|-activate|p2a: Iron Treads|ability: Quark Drive|[fromitem]\n|-start|p2a: Iron Treads|quarkdrivespe\n|turn|12\n|\n|t:|1700617276\n|move|p1a: Ogerpon|Horn Leech|p2a: Iron Treads\n|-crit|p2a: Iron Treads\n|-damage|p2a: Iron Treads|0 fnt\n|-heal|p1a: Ogerpon|100\/100|[from] drain|[of] p2a: Iron Treads\n|faint|p2a: Iron Treads\n|-end|p2a: Iron Treads|Quark Drive|[silent]\n|\n|upkeep\n|\n|t:|1700617285\n|switch|p2a: Rillaboom|Rillaboom, M|100\/100\n|-fieldstart|move: Grassy Terrain|[from] ability: Grassy Surge|[of] p2a: Rillaboom\n|turn|13\n|\n|t:|1700617293\n|move|p1a: Ogerpon|Ivy Cudgel|p2a: Rillaboom|[anim] Ivy Cudgel Rock\n|-damage|p2a: Rillaboom|0 fnt\n|faint|p2a: Rillaboom\n|\n|upkeep\n|-message|ripped guy forfeited.\n|\n|win|Thehombre\n|raw|Thehombre's rating: 1094 &rarr; <strong>1122<\/strong><br \/>(+28 for winning)\n|raw|ripped guy's rating: 1120 &rarr; <strong>1093<\/strong><br \/>(-27 for losing)\n|l|\u2606ripped guy\n","uploadtime":1700617307,"views":0,"p1id":"thehombre","p2id":"rippedguy","formatid":"gen9ou","rating":1093,"private":0,"password":""}