{"id":"gen9ou-1989106533","p1":"Mindnight","p2":"nazekalli","format":"[Gen 9] OU","log":"|j|\u2606Mindnight\n|j|\u2606nazekalli\n|t:|1699812888\n|gametype|singles\n|player|p1|Mindnight|steven-masters2|\n|player|p2|nazekalli|#ssdivleviathans|\n|teamsize|p1|6\n|teamsize|p2|6\n|gen|9\n|tier|[Gen 9] OU\n|rated|Tournament battle\n|rule|Sleep Clause Mod: Limit one foe put to sleep\n|rule|Species Clause: Limit one of each Pok\u00e9mon\n|rule|OHKO Clause: OHKO moves are banned\n|rule|Evasion Items Clause: Evasion items are banned\n|rule|Evasion Moves Clause: Evasion moves are banned\n|rule|Endless Battle Clause: Forcing endless battles is banned\n|rule|HP Percentage Mod: HP is shown in percentages\n|clearpoke\n|poke|p1|Ribombee, F|\n|poke|p1|Manaphy|\n|poke|p1|Gholdengo|\n|poke|p1|Iron Moth|\n|poke|p1|Enamorus, F|\n|poke|p1|Great Tusk|\n|poke|p2|Skeledirge, F|\n|poke|p2|Clefable, M|\n|poke|p2|Great Tusk|\n|poke|p2|Milotic, F|\n|poke|p2|Mandibuzz, F|\n|poke|p2|Dragapult, F|\n|teampreview\n|inactive|Battle timer is ON: inactive players will automatically lose when time's up. (requested by nazekalli)\n|inactive|Mindnight also wants the timer to be on.\n|j|@Giga\u32dbChandelure-\u2602\n|c|\u2606nazekalli|hf\n|j|#Lyna \u6c37\n|j| tf\n|j| shadow can't die\n|c|\u2606Mindnight|AHAHAHAHAHAHAHAAHH\n|j| Kindyy\n|j| Frankl1faitseslace\n|c|\u2606Mindnight|hf\n|j| CaroOui\n|c|\u2606Mindnight|cv xiz\n|inactive|nazekalli has 120 seconds left.\n|c|\u2606Mindnight|tu te souviens de cette prep\n|l| CaroOui\n|c|\u2606Mindnight|que j'ai fait avec shiif\n|c|\u2606Mindnight|justement contre la team que tu joues\n|c|\u2606Mindnight|AHAHAHAH\n|c|\u2606nazekalli|ah\n|c|\u2606nazekalli|rip\n|inactive|nazekalli has 90 seconds left.\n|j| CaroOui\n|c|\u2606Mindnight|ff \u00e7a ira plus vite\n|\n|t:|1699812957\n|start\n|switch|p1a: Ribombee|Ribombee, F|100\/100\n|switch|p2a: Skeledirge|Skeledirge, F|100\/100\n|turn|1\n|\n|t:|1699812963\n|move|p1a: Ribombee|Sticky Web|p2a: Skeledirge\n|-sidestart|p2: nazekalli|move: Sticky Web\n|move|p2a: Skeledirge|Torch Song|p1a: Ribombee\n|-supereffective|p1a: Ribombee\n|-damage|p1a: Ribombee|2\/100\n|-boost|p2a: Skeledirge|spa|1\n|\n|upkeep\n|turn|2\n|j|+Zoyotte\n|\n|t:|1699812971\n|move|p1a: Ribombee|Skill Swap|p2a: Skeledirge\n|-activate|p1a: Ribombee|move: Skill Swap|Unaware|Shield Dust|[of] p2a: Skeledirge\n|move|p2a: Skeledirge|Torch Song|p1a: Ribombee\n|-supereffective|p1a: Ribombee\n|-damage|p1a: Ribombee|0 fnt\n|-boost|p2a: Skeledirge|spa|1\n|faint|p1a: Ribombee\n|\n|upkeep\n|c|+Zoyotte|ou\u00e9 la fat de stroush\n|j|^xKSr\n|c|+Zoyotte|j'ai bien aim\u00e9 le skillswap mind (ton call de mort encore une fois)\n|c|\u2606Mindnight|bon attend jvais demander \u00e0 shiif\n|c|\u2606Mindnight|ce qu'il faut faire\n|inactive|Mindnight has 120 seconds left.\n|c|+Zoyotte|fr\u00e8re c du ghost l\u00e0\n|c|+Zoyotte|reviens l\u00e0\n|c|+Zoyotte|Mindnight\n|\n|t:|1699813007\n|switch|p1a: Manaphy|Manaphy|100\/100\n|turn|3\n|c|+Zoyotte|Mindnight\n|inactive|Mindnight has 120 seconds left.\n|c|\u2606nazekalli|vas y clique mind y'a aucun monde ou tu perds\n|c|\u2606Mindnight|jrigole d\u00e9bile\n|c|+Zoyotte|c mega sympe\n|c|+Zoyotte|vrm\n|c|+Zoyotte|cp as gk\n|c|+Zoyotte|sur celle l\u00e0\n|j| Hug0_G0l\n|\n|t:|1699813030\n|switch|p2a: Milotic|Milotic, F|100\/100\n|move|p1a: Manaphy|Scald|p2a: Milotic\n|-resisted|p2a: Milotic\n|-damage|p2a: Milotic|90\/100\n|\n|upkeep\n|turn|4\n|c|\u2606Mindnight|ah\n|c|\u2606Mindnight|si\n|inactive|Mindnight has 120 seconds left.\n|\n|t:|1699813037\n|move|p1a: Manaphy|Tail Glow|p1a: Manaphy\n|-boost|p1a: Manaphy|spa|3\n|move|p2a: Milotic|Scald|p1a: Manaphy\n|-resisted|p1a: Manaphy\n|-damage|p1a: Manaphy|88\/100\n|-status|p1a: Manaphy|brn\n|\n|-heal|p1a: Manaphy|94\/100 brn|[from] item: Leftovers\n|-damage|p1a: Manaphy|88\/100 brn|[from] brn\n|upkeep\n|turn|5\n|j| Long is the Road\n|j|^JojoOui\n|\n|t:|1699813045\n|switch|p2a: Skeledirge|Skeledirge, F|100\/100\n|-terastallize|p1a: Manaphy|Dark\n|move|p1a: Manaphy|Energy Ball|p2a: Skeledirge\n|-resisted|p2a: Skeledirge\n|-damage|p2a: Skeledirge|87\/100\n|-unboost|p2a: Skeledirge|spd|1\n|\n|-heal|p1a: Manaphy|94\/100 brn|[from] item: Leftovers\n|-damage|p1a: Manaphy|88\/100 brn|[from] brn\n|upkeep\n|turn|6\n|\n|t:|1699813052\n|switch|p2a: Milotic|Milotic, F|90\/100\n|move|p1a: Manaphy|Scald|p2a: Milotic\n|-resisted|p2a: Milotic\n|-damage|p2a: Milotic|64\/100\n|\n|-heal|p1a: Manaphy|94\/100 brn|[from] item: Leftovers\n|-damage|p1a: Manaphy|88\/100 brn|[from] brn\n|upkeep\n|turn|7\n|c|\u2606Mindnight|vazy\n|c|\u2606Mindnight|fais miroir coat\n|c|\u2606Mindnight|pour voir\n|\n|t:|1699813071\n|switch|p2a: Clefable|Clefable, M|100\/100\n|-activate|p2a: Clefable|move: Sticky Web\n|-unboost|p2a: Clefable|spe|1\n|move|p1a: Manaphy|Energy Ball|p2a: Clefable\n|-damage|p2a: Clefable|43\/100\n|\n|-heal|p1a: Manaphy|94\/100 brn|[from] item: Leftovers\n|-damage|p1a: Manaphy|88\/100 brn|[from] brn\n|upkeep\n|turn|8\n|\n|t:|1699813077\n|move|p1a: Manaphy|Scald|p2a: Clefable\n|-damage|p2a: Clefable|0 fnt\n|faint|p2a: Clefable\n|\n|-heal|p1a: Manaphy|94\/100 brn|[from] item: Leftovers\n|-damage|p1a: Manaphy|88\/100 brn|[from] brn\n|upkeep\n|\n|t:|1699813079\n|switch|p2a: Skeledirge|Skeledirge, F|87\/100\n|turn|9\n|\n|t:|1699813082\n|-terastallize|p2a: Skeledirge|Steel\n|move|p1a: Manaphy|Scald|p2a: Skeledirge\n|-damage|p2a: Skeledirge|52\/100\n|move|p2a: Skeledirge|Slack Off|p2a: Skeledirge\n|-heal|p2a: Skeledirge|100\/100\n|\n|-heal|p1a: Manaphy|94\/100 brn|[from] item: Leftovers\n|-damage|p1a: Manaphy|88\/100 brn|[from] brn\n|upkeep\n|turn|10\n|c|^JojoOui|mdr\n|\n|t:|1699813091\n|switch|p1a: Iron Moth|Iron Moth|100\/100\n|-enditem|p1a: Iron Moth|Booster Energy\n|-activate|p1a: Iron Moth|ability: Quark Drive|[fromitem]\n|-start|p1a: Iron Moth|quarkdrivespe\n|move|p2a: Skeledirge|Torch Song|p1a: Iron Moth\n|-resisted|p1a: Iron Moth\n|-crit|p1a: Iron Moth\n|-damage|p1a: Iron Moth|79\/100\n|-boost|p2a: Skeledirge|spa|1\n|\n|upkeep\n|turn|11\n|c|\u2606Mindnight|tant pis\n|\n|t:|1699813103\n|switch|p2a: Milotic|Milotic, F|64\/100\n|move|p1a: Iron Moth|Substitute|p1a: Iron Moth\n|-start|p1a: Iron Moth|Substitute\n|-damage|p1a: Iron Moth|54\/100\n|\n|upkeep\n|turn|12\n|\n|t:|1699813109\n|move|p1a: Iron Moth|Sludge Wave|p2a: Milotic\n|-damage|p2a: Milotic|39\/100\n|-status|p2a: Milotic|psn\n|move|p2a: Milotic|Scald|p1a: Iron Moth\n|-supereffective|p1a: Iron Moth\n|-end|p1a: Iron Moth|Substitute\n|\n|-damage|p2a: Milotic|27\/100 psn|[from] psn\n|upkeep\n|turn|13\n|c|\u2606nazekalli|mais \u00e9videmment le poison\n|\n|t:|1699813120\n|move|p1a: Iron Moth|Sludge Wave|p2a: Milotic\n|-damage|p2a: Milotic|2\/100 psn\n|move|p2a: Milotic|Recover|p2a: Milotic\n|-heal|p2a: Milotic|52\/100 psn\n|\n|-damage|p2a: Milotic|39\/100 psn|[from] psn\n|upkeep\n|turn|14\n|\n|t:|1699813124\n|move|p1a: Iron Moth|Fiery Dance|p2a: Milotic\n|-resisted|p2a: Milotic\n|-damage|p2a: Milotic|27\/100 psn\n|-boost|p1a: Iron Moth|spa|1\n|move|p2a: Milotic|Recover|p2a: Milotic\n|-heal|p2a: Milotic|78\/100 psn\n|\n|-damage|p2a: Milotic|65\/100 psn|[from] psn\n|upkeep\n|turn|15\n|c|+Zoyotte|bv mind\n|c|+Zoyotte|oblig\u00e9 de haxx\n|c|\u2606Mindnight|ez\n|l| CaroOui\n|c|\u2606nazekalli|tsais que sans la drop j'avais encore mon clef aussi mdr\n|j| CaroOui\n|\n|t:|1699813140\n|move|p1a: Iron Moth|Sludge Wave|p2a: Milotic\n|-damage|p2a: Milotic|22\/100 psn\n|move|p2a: Milotic|Scald|p1a: Iron Moth\n|-supereffective|p1a: Iron Moth\n|-damage|p1a: Iron Moth|0 fnt\n|faint|p1a: Iron Moth\n|-end|p1a: Iron Moth|Quark Drive|[silent]\n|\n|-damage|p2a: Milotic|10\/100 psn|[from] psn\n|upkeep\n|l|+Zoyotte\n|\n|t:|1699813150\n|switch|p1a: Enamorus|Enamorus, F|100\/100\n|turn|16\n|\n|t:|1699813158\n|move|p1a: Enamorus|Moonblast|p2a: Milotic\n|-damage|p2a: Milotic|0 fnt\n|faint|p2a: Milotic\n|\n|upkeep\n|j|+Zoyotte\n|\n|t:|1699813160\n|switch|p2a: Skeledirge|Skeledirge, F, tera:Steel|100\/100\n|turn|17\n|\n|t:|1699813166\n|move|p1a: Enamorus|Earth Power|p2a: Skeledirge\n|-supereffective|p2a: Skeledirge\n|-damage|p2a: Skeledirge|29\/100\n|-unboost|p2a: Skeledirge|spd|1\n|move|p2a: Skeledirge|Torch Song|p1a: Enamorus\n|-damage|p1a: Enamorus|57\/100\n|-boost|p2a: Skeledirge|spa|1\n|\n|upkeep\n|turn|18\n|\n|t:|1699813176\n|switch|p2a: Mandibuzz|Mandibuzz, F|100\/100\n|move|p1a: Enamorus|Earth Power|p2a: Mandibuzz\n|-immune|p2a: Mandibuzz\n|\n|upkeep\n|turn|19\n|c|+Zoyotte|tu joues \u00e0 quoi\n|c|+Zoyotte|mind\n|\n|t:|1699813183\n|move|p1a: Enamorus|Substitute|p1a: Enamorus\n|-start|p1a: Enamorus|Substitute\n|-damage|p1a: Enamorus|32\/100\n|move|p2a: Mandibuzz|Knock Off|p1a: Enamorus\n|-resisted|p1a: Enamorus\n|-activate|p1a: Enamorus|move: Substitute|[damage]\n|\n|upkeep\n|turn|20\n|c|\u2606Mindnight|?\n|c|+Zoyotte|ok dsl\n|\n|t:|1699813189\n|move|p1a: Enamorus|Moonblast|p2a: Mandibuzz\n|-supereffective|p2a: Mandibuzz\n|-damage|p2a: Mandibuzz|20\/100\n|-unboost|p2a: Mandibuzz|spa|1\n|move|p2a: Mandibuzz|Knock Off|p1a: Enamorus\n|-resisted|p1a: Enamorus\n|-end|p1a: Enamorus|Substitute\n|\n|upkeep\n|turn|21\n|c|+Zoyotte|DSL\n|c|@Giga\u32dbChandelure-\u2602|\u00e0 pok\u00e9mon showdown\n|\n|t:|1699813192\n|move|p1a: Enamorus|Substitute|p1a: Enamorus\n|-start|p1a: Enamorus|Substitute\n|-damage|p1a: Enamorus|7\/100\n|move|p2a: Mandibuzz|Foul Play|p1a: Enamorus\n|-resisted|p1a: Enamorus\n|-activate|p1a: Enamorus|move: Substitute|[damage]\n|\n|upkeep\n|turn|22\n|j| Underwater chains\n|c|@Giga\u32dbChandelure-\u2602|Zoyotte\n|\n|t:|1699813196\n|move|p1a: Enamorus|Moonblast|p2a: Mandibuzz\n|-supereffective|p2a: Mandibuzz\n|-crit|p2a: Mandibuzz\n|-damage|p2a: Mandibuzz|0 fnt\n|faint|p2a: Mandibuzz\n|\n|upkeep\n|\n|t:|1699813197\n|switch|p2a: Dragapult|Dragapult, F|100\/100\n|turn|23\n|c|+Zoyotte|bv\n|\n|t:|1699813201\n|move|p2a: Dragapult|Hex|p1a: Enamorus\n|-damage|p1a: Enamorus|0 fnt\n|faint|p1a: Enamorus\n|\n|upkeep\n|c|\u2606Mindnight|ah\n|c|+Zoyotte|oui dcp je disais\n|c|+Zoyotte|tu joues \u00e0 quoi mdrr\n|j| XrKartana\n|c|+Zoyotte|\u00e0 pokemon showdown\n|\n|t:|1699813220\n|switch|p1a: Great Tusk|Great Tusk|100\/100\n|-enditem|p1a: Great Tusk|Booster Energy\n|-activate|p1a: Great Tusk|ability: Protosynthesis|[fromitem]\n|-start|p1a: Great Tusk|protosynthesisspe\n|turn|24\n|l| Underwater chains\n|\n|t:|1699813228\n|move|p1a: Great Tusk|Ice Spinner|p2a: Dragapult\n|-supereffective|p2a: Dragapult\n|-damage|p2a: Dragapult|41\/100\n|move|p2a: Dragapult|Will-O-Wisp|p1a: Great Tusk|[miss]\n|-miss|p2a: Dragapult|p1a: Great Tusk\n|\n|upkeep\n|turn|25\n|c|\u2606nazekalli|mais stop\n|c|\u2606nazekalli|mdr\n|c|\u2606Mindnight|Arr\u00eate de prendre ma luck\n|c|\u2606nazekalli|t'as litt\u00e9ralement un MU counter team\n|c|\u2606Mindnight|putain\n|c| CaroOui|win mind\n|c|\u2606nazekalli|et t'es oblig\u00e9 de luck\n|c|\u2606Mindnight|je joue contre basa juste apr\u00e8s\n|c|\u2606Mindnight|bordel\n|\n|t:|1699813253\n|switch|p2a: Skeledirge|Skeledirge, F, tera:Steel|29\/100\n|move|p1a: Great Tusk|Ice Spinner|p2a: Skeledirge\n|-resisted|p2a: Skeledirge\n|-damage|p2a: Skeledirge|21\/100\n|\n|upkeep\n|turn|26\n|\n|t:|1699813258\n|move|p1a: Great Tusk|Headlong Rush|p2a: Skeledirge\n|-supereffective|p2a: Skeledirge\n|-damage|p2a: Skeledirge|0 fnt\n|-unboost|p1a: Great Tusk|def|1\n|-unboost|p1a: Great Tusk|spd|1\n|faint|p2a: Skeledirge\n|\n|upkeep\n|\n|t:|1699813261\n|switch|p2a: Great Tusk|Great Tusk|100\/100\n|-activate|p2a: Great Tusk|move: Sticky Web\n|-unboost|p2a: Great Tusk|spe|1\n|turn|27\n|c|+Zoyotte|ahahaha le nul\n|\n|t:|1699813267\n|move|p1a: Great Tusk|Headlong Rush|p2a: Great Tusk\n|-damage|p2a: Great Tusk|76\/100\n|-unboost|p1a: Great Tusk|def|1\n|-unboost|p1a: Great Tusk|spd|1\n|move|p2a: Great Tusk|Rapid Spin|p1a: Great Tusk\n|-damage|p1a: Great Tusk|83\/100\n|-boost|p2a: Great Tusk|spe|1\n|-sideend|p2: nazekalli|Sticky Web|[from] move: Rapid Spin|[of] p2a: Great Tusk\n|\n|-heal|p2a: Great Tusk|83\/100|[from] item: Leftovers\n|upkeep\n|turn|28\n|\n|t:|1699813272\n|move|p1a: Great Tusk|Headlong Rush|p2a: Great Tusk\n|-damage|p2a: Great Tusk|58\/100\n|-unboost|p1a: Great Tusk|def|1\n|-unboost|p1a: Great Tusk|spd|1\n|move|p2a: Great Tusk|Rapid Spin|p1a: Great Tusk\n|-crit|p1a: Great Tusk\n|-damage|p1a: Great Tusk|50\/100\n|-boost|p2a: Great Tusk|spe|1\n|\n|-heal|p2a: Great Tusk|64\/100|[from] item: Leftovers\n|upkeep\n|turn|29\n|\n|t:|1699813275\n|-end|p1a: Great Tusk|Protosynthesis|[silent]\n|switch|p1a: Manaphy|Manaphy, tera:Dark|88\/100 brn\n|move|p2a: Great Tusk|Bulk Up|p2a: Great Tusk\n|-boost|p2a: Great Tusk|atk|1\n|-boost|p2a: Great Tusk|def|1\n|\n|-heal|p1a: Manaphy|94\/100 brn|[from] item: Leftovers\n|-heal|p2a: Great Tusk|71\/100|[from] item: Leftovers\n|-damage|p1a: Manaphy|88\/100 brn|[from] brn\n|upkeep\n|turn|30\n|\n|t:|1699813279\n|move|p1a: Manaphy|Scald|p2a: Great Tusk\n|-supereffective|p2a: Great Tusk\n|-damage|p2a: Great Tusk|0 fnt\n|faint|p2a: Great Tusk\n|-end|p2a: Great Tusk|Protosynthesis|[silent]\n|\n|-heal|p1a: Manaphy|94\/100 brn|[from] item: Leftovers\n|-damage|p1a: Manaphy|88\/100 brn|[from] brn\n|upkeep\n|c|+Zoyotte|mdr\n|\n|t:|1699813283\n|switch|p2a: Dragapult|Dragapult, F|41\/100\n|turn|31\n|j| Hats\n|\n|t:|1699813287\n|move|p2a: Dragapult|U-turn|p1a: Manaphy\n|-supereffective|p1a: Manaphy\n|-damage|p1a: Manaphy|53\/100 brn\n|move|p1a: Manaphy|Ice Beam|p2a: Dragapult\n|-supereffective|p2a: Dragapult\n|-damage|p2a: Dragapult|0 fnt\n|faint|p2a: Dragapult\n|\n|win|Mindnight\n|n|\u2606Mindnight|mindnight\n|n|\u2606nazekalli|nazekalli\n|n| Giga\u32dbChandelure-\u2602|gigachandelure\n|n|+Lyna \u6c37|lyna\n|n| tf|tf\n|n| shadow can't die|shadowcantdie\n|n| Kindyy|kindyy\n|n| Frankl1faitseslace|frankl1faitseslace\n|n| xKSr|xksr\n|n| Hug0_G0l|hug0g0l\n|n| Long is the Road|longistheroad\n|n| JojoOui|jojooui\n|n| CaroOui|carooui\n|n| Zoyotte|zoyotte\n|n| XrKartana|xrkartana\n|n| Hats|hats\n","uploadtime":1699813288,"views":9,"p1id":"mindnight","p2id":"nazekalli","formatid":"gen9ou","rating":0,"private":0,"password":""}