{"id":"gen9ou-1995993935","p1":"RedSkyAtNight","p2":"BidoofBlaznThatIsh","format":"[Gen 9] OU","log":"|j|\u2606RedSkyAtNight\n|j|\u2606BidoofBlaznThatIsh\n|t:|1700626616\n|gametype|singles\n|player|p1|RedSkyAtNight|102|1458\n|player|p2|BidoofBlaznThatIsh|fantina|1536\n|teamsize|p1|6\n|teamsize|p2|6\n|gen|9\n|tier|[Gen 9] OU\n|rated|\n|rule|Sleep Clause Mod: Limit one foe put to sleep\n|rule|Species Clause: Limit one of each Pok\u00e9mon\n|rule|OHKO Clause: OHKO moves are banned\n|rule|Evasion Items Clause: Evasion items are banned\n|rule|Evasion Moves Clause: Evasion moves are banned\n|rule|Endless Battle Clause: Forcing endless battles is banned\n|rule|HP Percentage Mod: HP is shown in percentages\n|clearpoke\n|poke|p1|Samurott-Hisui, F|\n|poke|p1|Ceruledge, F|\n|poke|p1|Thundurus-Therian, M|\n|poke|p1|Amoonguss, M|\n|poke|p1|Great Tusk|\n|poke|p1|Gholdengo|\n|poke|p2|Torkoal, F|\n|poke|p2|Lilligant-Hisui, F|\n|poke|p2|Walking Wake|\n|poke|p2|Iron Moth|\n|poke|p2|Gholdengo|\n|poke|p2|Great Tusk|\n|teampreview\n|inactive|Battle timer is ON: inactive players will automatically lose when time's up. (requested by BidoofBlaznThatIsh)\n|c|\u2606BidoofBlaznThatIsh|glhf\n|\n|t:|1700626627\n|start\n|switch|p1a: Uncle Boobs|Thundurus-Therian, M, shiny|100\/100\n|switch|p2a: Twerkoal|Torkoal, F|100\/100\n|-weather|SunnyDay|[from] ability: Drought|[of] p2a: Twerkoal\n|turn|1\n|\n|t:|1700626631\n|move|p1a: Uncle Boobs|Volt Switch|p2a: Twerkoal\n|-damage|p2a: Twerkoal|64\/100\n|\n|t:|1700626645\n|switch|p1a: Chainsaw Man|Ceruledge, F, shiny|100\/100|[from] Volt Switch\n|move|p2a: Twerkoal|Yawn|p1a: Chainsaw Man\n|-start|p1a: Chainsaw Man|move: Yawn|[of] p2a: Twerkoal\n|\n|-weather|SunnyDay|[upkeep]\n|upkeep\n|turn|2\n|\n|t:|1700626651\n|switch|p1a: Uncle Boobs|Thundurus-Therian, M, shiny|100\/100\n|move|p2a: Twerkoal|Stealth Rock|p1a: Uncle Boobs\n|-sidestart|p1: RedSkyAtNight|move: Stealth Rock\n|\n|-weather|SunnyDay|[upkeep]\n|upkeep\n|turn|3\n|\n|t:|1700626660\n|move|p1a: Uncle Boobs|Knock Off|p2a: Twerkoal\n|-damage|p2a: Twerkoal|47\/100\n|-enditem|p2a: Twerkoal|Heat Rock|[from] move: Knock Off|[of] p1a: Uncle Boobs\n|move|p2a: Twerkoal|Lava Plume|p1a: Uncle Boobs\n|-damage|p1a: Uncle Boobs|48\/100\n|\n|-weather|SunnyDay|[upkeep]\n|upkeep\n|turn|4\n|\n|t:|1700626670\n|switch|p2a: Lilligant|Lilligant-Hisui, F|100\/100\n|move|p1a: Uncle Boobs|Volt Switch|p2a: Lilligant\n|-resisted|p2a: Lilligant\n|-damage|p2a: Lilligant|68\/100\n|\n|t:|1700626676\n|switch|p1a: Chainsaw Man|Ceruledge, F, shiny|100\/100|[from] Volt Switch\n|\n|-weather|SunnyDay|[upkeep]\n|-heal|p2a: Lilligant|75\/100|[from] item: Leftovers\n|upkeep\n|turn|5\n|\n|t:|1700626686\n|switch|p2a: Walking Wake|Walking Wake|100\/100\n|-activate|p2a: Walking Wake|ability: Protosynthesis\n|-start|p2a: Walking Wake|protosynthesisspa\n|move|p1a: Chainsaw Man|Bitter Blade|p2a: Walking Wake\n|-resisted|p2a: Walking Wake\n|-damage|p2a: Walking Wake|80\/100\n|\n|-weather|SunnyDay|[upkeep]\n|upkeep\n|turn|6\n|\n|t:|1700626695\n|switch|p1a: Chloroform|Amoonguss, M, shiny|100\/100\n|-damage|p1a: Chloroform|88\/100|[from] Stealth Rock\n|move|p2a: Walking Wake|Hydro Steam|p1a: Chloroform\n|-resisted|p1a: Chloroform\n|-damage|p1a: Chloroform|54\/100\n|-enditem|p1a: Chloroform|Red Card|[of] p2a: Walking Wake\n|-end|p2a: Walking Wake|Protosynthesis|[silent]\n|drag|p2a: Twerkoal|Torkoal, F|47\/100\n|\n|-weather|SunnyDay|[upkeep]\n|upkeep\n|turn|7\n|\n|t:|1700626703\n|move|p1a: Chloroform|Spore|p2a: Twerkoal\n|-status|p2a: Twerkoal|slp|[from] move: Spore\n|cant|p2a: Twerkoal|slp\n|\n|-weather|SunnyDay|[upkeep]\n|upkeep\n|turn|8\n|\n|t:|1700626709\n|switch|p2a: Iron Moth|Iron Moth|100\/100\n|-enditem|p2a: Iron Moth|Booster Energy\n|-activate|p2a: Iron Moth|ability: Quark Drive|[fromitem]\n|-start|p2a: Iron Moth|quarkdrivespe\n|move|p1a: Chloroform|Sludge Bomb|p2a: Iron Moth\n|-resisted|p2a: Iron Moth\n|-damage|p2a: Iron Moth|87\/100\n|\n|-weather|none\n|upkeep\n|turn|9\n|\n|t:|1700626717\n|switch|p1a: Chainsaw Man|Ceruledge, F, shiny|100\/100\n|move|p2a: Iron Moth|Substitute|p2a: Iron Moth\n|-start|p2a: Iron Moth|Substitute\n|-damage|p2a: Iron Moth|62\/100\n|\n|upkeep\n|turn|10\n|\n|t:|1700626721\n|move|p2a: Iron Moth|Fiery Dance|p1a: Chainsaw Man\n|-resisted|p1a: Chainsaw Man\n|-damage|p1a: Chainsaw Man|77\/100\n|move|p1a: Chainsaw Man|Bitter Blade|p2a: Iron Moth\n|-resisted|p2a: Iron Moth\n|-end|p2a: Iron Moth|Substitute\n|-heal|p1a: Chainsaw Man|90\/100|[from] drain|[of] p2a: Iron Moth\n|\n|upkeep\n|turn|11\n|\n|t:|1700626737\n|-end|p2a: Iron Moth|Quark Drive|[silent]\n|switch|p2a: Twerkoal|Torkoal, F|47\/100 slp\n|-weather|SunnyDay|[from] ability: Drought|[of] p2a: Twerkoal\n|move|p1a: Chainsaw Man|Poltergeist||[still]\n|-fail|p1a: Chainsaw Man\n|\n|-weather|SunnyDay|[upkeep]\n|upkeep\n|turn|12\n|\n|t:|1700626744\n|switch|p2a: Walking Wake|Walking Wake|80\/100\n|-activate|p2a: Walking Wake|ability: Protosynthesis\n|-start|p2a: Walking Wake|protosynthesisspa\n|move|p1a: Chainsaw Man|Swords Dance|p1a: Chainsaw Man\n|-boost|p1a: Chainsaw Man|atk|2\n|\n|-weather|SunnyDay|[upkeep]\n|upkeep\n|turn|13\n|\n|t:|1700626750\n|-terastallize|p1a: Chainsaw Man|Fairy\n|move|p2a: Walking Wake|Hydro Steam|p1a: Chainsaw Man\n|-damage|p1a: Chainsaw Man|0 fnt\n|faint|p1a: Chainsaw Man\n|\n|-weather|SunnyDay|[upkeep]\n|upkeep\n|\n|t:|1700626757\n|switch|p1a: String Cheese|Gholdengo, shiny|100\/100\n|-damage|p1a: String Cheese|94\/100|[from] Stealth Rock\n|turn|14\n|\n|t:|1700626765\n|move|p2a: Walking Wake|Hydro Steam|p1a: String Cheese\n|-damage|p1a: String Cheese|9\/100\n|move|p1a: String Cheese|Shadow Ball|p2a: Walking Wake\n|-damage|p2a: Walking Wake|36\/100\n|\n|-weather|SunnyDay|[upkeep]\n|-heal|p1a: String Cheese|15\/100|[from] item: Leftovers\n|upkeep\n|turn|15\n|\n|t:|1700626770\n|move|p2a: Walking Wake|Hydro Steam|p1a: String Cheese\n|-damage|p1a: String Cheese|0 fnt\n|faint|p1a: String Cheese\n|\n|-weather|none\n|-end|p2a: Walking Wake|Protosynthesis\n|upkeep\n|-enditem|p2a: Walking Wake|Booster Energy\n|-activate|p2a: Walking Wake|ability: Protosynthesis|[fromitem]\n|-start|p2a: Walking Wake|protosynthesisspa\n|\n|t:|1700626772\n|switch|p1a: Average Unova W|Samurott-Hisui, F, shiny|100\/100\n|-damage|p1a: Average Unova W|88\/100|[from] Stealth Rock\n|turn|16\n|\n|t:|1700626776\n|move|p1a: Average Unova W|Ceaseless Edge|p2a: Walking Wake\n|-damage|p2a: Walking Wake|0 fnt\n|-sidestart|p2: BidoofBlaznThatIsh|Spikes\n|faint|p2a: Walking Wake\n|-end|p2a: Walking Wake|Protosynthesis|[silent]\n|\n|upkeep\n|\n|t:|1700626788\n|switch|p2a: Lilligant|Lilligant-Hisui, F|75\/100\n|-damage|p2a: Lilligant|62\/100|[from] Spikes\n|turn|17\n|\n|t:|1700626794\n|switch|p1a: Chloroform|Amoonguss, M, shiny|87\/100\n|-damage|p1a: Chloroform|75\/100|[from] Stealth Rock\n|move|p2a: Lilligant|Victory Dance|p2a: Lilligant\n|-boost|p2a: Lilligant|atk|1\n|-boost|p2a: Lilligant|def|1\n|-boost|p2a: Lilligant|spe|1\n|\n|-heal|p2a: Lilligant|68\/100|[from] item: Leftovers\n|upkeep\n|turn|18\n|\n|t:|1700626798\n|move|p2a: Lilligant|Ice Spinner|p1a: Chloroform\n|-supereffective|p1a: Chloroform\n|-damage|p1a: Chloroform|7\/100\n|move|p1a: Chloroform|Sludge Bomb|p2a: Lilligant\n|-supereffective|p2a: Lilligant\n|-damage|p2a: Lilligant|0 fnt\n|faint|p2a: Lilligant\n|\n|upkeep\n|\n|t:|1700626811\n|switch|p2a: Twerkoal|Torkoal, F|47\/100 slp\n|-damage|p2a: Twerkoal|35\/100 slp|[from] Spikes\n|-weather|SunnyDay|[from] ability: Drought|[of] p2a: Twerkoal\n|turn|19\n|\n|t:|1700626819\n|switch|p2a: Iron Moth|Iron Moth|62\/100\n|-damage|p2a: Iron Moth|50\/100|[from] Spikes\n|move|p1a: Chloroform|Sludge Bomb|p2a: Iron Moth\n|-resisted|p2a: Iron Moth\n|-crit|p2a: Iron Moth\n|-damage|p2a: Iron Moth|30\/100\n|\n|-weather|SunnyDay|[upkeep]\n|upkeep\n|turn|20\n|\n|t:|1700626824\n|move|p2a: Iron Moth|Substitute|p2a: Iron Moth\n|-start|p2a: Iron Moth|Substitute\n|-damage|p2a: Iron Moth|5\/100\n|move|p1a: Chloroform|Foul Play|p2a: Iron Moth\n|-activate|p2a: Iron Moth|move: Substitute|[damage]\n|\n|-weather|SunnyDay|[upkeep]\n|upkeep\n|turn|21\n|\n|t:|1700626827\n|move|p2a: Iron Moth|Fiery Dance|p1a: Chloroform\n|-supereffective|p1a: Chloroform\n|-damage|p1a: Chloroform|0 fnt\n|-boost|p2a: Iron Moth|spa|1\n|faint|p1a: Chloroform\n|\n|-weather|SunnyDay|[upkeep]\n|upkeep\n|\n|t:|1700626837\n|switch|p1a: Average Unova W|Samurott-Hisui, F, shiny|88\/100\n|-damage|p1a: Average Unova W|76\/100|[from] Stealth Rock\n|turn|22\n|\n|t:|1700626844\n|move|p1a: Average Unova W|Ceaseless Edge|p2a: Iron Moth\n|-end|p2a: Iron Moth|Substitute\n|-sidestart|p2: BidoofBlaznThatIsh|Spikes\n|move|p2a: Iron Moth|Energy Ball|p1a: Average Unova W\n|-supereffective|p1a: Average Unova W\n|-damage|p1a: Average Unova W|0 fnt\n|faint|p1a: Average Unova W\n|\n|-weather|SunnyDay|[upkeep]\n|upkeep\n|\n|t:|1700626849\n|switch|p1a: Dumbo|Great Tusk, shiny|100\/100\n|-damage|p1a: Dumbo|97\/100|[from] Stealth Rock\n|-activate|p1a: Dumbo|ability: Protosynthesis\n|-start|p1a: Dumbo|protosynthesisdef\n|turn|23\n|\n|t:|1700626853\n|move|p2a: Iron Moth|Energy Ball|p1a: Dumbo\n|-supereffective|p1a: Dumbo\n|-damage|p1a: Dumbo|0 fnt\n|faint|p1a: Dumbo\n|-end|p1a: Dumbo|Protosynthesis|[silent]\n|\n|-weather|none\n|upkeep\n|\n|t:|1700626856\n|switch|p1a: Uncle Boobs|Thundurus-Therian, M, shiny|48\/100\n|turn|24\n|\n|t:|1700626861\n|move|p2a: Iron Moth|Fiery Dance|p1a: Uncle Boobs\n|-damage|p1a: Uncle Boobs|0 fnt\n|-boost|p2a: Iron Moth|spa|1\n|faint|p1a: Uncle Boobs\n|\n|win|BidoofBlaznThatIsh\n|raw|RedSkyAtNight's rating: 1458 &rarr; <strong>1442<\/strong><br \/>(-16 for losing)\n|raw|BidoofBlaznThatIsh's rating: 1536 &rarr; <strong>1552<\/strong><br \/>(+16 for winning)\n|c|\u2606BidoofBlaznThatIsh|gg\n|l|\u2606RedSkyAtNight\n","uploadtime":1700626891,"views":6,"p1id":"redskyatnight","p2id":"bidoofblaznthatish","formatid":"gen9ou","rating":1442,"private":0,"password":""}