{"id":"gen9ou-1989333797","p1":"tuvie","p2":"Onte bad","format":"[Gen 9] OU","log":"|j|\u2606tuvie\n|j|\u2606Onte bad\n|t:|1699837530\n|gametype|singles\n|player|p1|tuvie|preschooler|1155\n|player|p2|Onte bad|1|1141\n|teamsize|p1|6\n|teamsize|p2|6\n|gen|9\n|tier|[Gen 9] OU\n|rated|\n|rule|Sleep Clause Mod: Limit one foe put to sleep\n|rule|Species Clause: Limit one of each Pok\u00e9mon\n|rule|OHKO Clause: OHKO moves are banned\n|rule|Evasion Items Clause: Evasion items are banned\n|rule|Evasion Moves Clause: Evasion moves are banned\n|rule|Endless Battle Clause: Forcing endless battles is banned\n|rule|HP Percentage Mod: HP is shown in percentages\n|clearpoke\n|poke|p1|Pelipper, F|\n|poke|p1|Dragonite, F|\n|poke|p1|Azumarill, F|\n|poke|p1|Iron Moth|\n|poke|p1|Rillaboom, M|\n|poke|p1|Zapdos|\n|poke|p2|Gholdengo|\n|poke|p2|Glimmora, F|\n|poke|p2|Ribombee, F|\n|poke|p2|Cinderace, M|\n|poke|p2|Dragonite, F|\n|poke|p2|Thundurus-Therian, M|\n|teampreview\n|\n|t:|1699837540\n|start\n|switch|p1a: Ivy|Pelipper, F, shiny|100\/100\n|switch|p2a: Thundurus|Thundurus-Therian, M|100\/100\n|-weather|RainDance|[from] ability: Drizzle|[of] p1a: Ivy\n|turn|1\n|\n|t:|1699837547\n|switch|p1a: Zakeru|Zapdos, shiny|100\/100\n|move|p2a: Thundurus|Grass Knot|p1a: Zakeru\n|-resisted|p1a: Zakeru\n|-damage|p1a: Zakeru|80\/100\n|\n|-weather|RainDance|[upkeep]\n|upkeep\n|turn|2\n|\n|t:|1699837559\n|switch|p2a: Ribombee|Ribombee, F|100\/100\n|move|p1a: Zakeru|Tailwind|p1a: Zakeru\n|-sidestart|p1: tuvie|move: Tailwind\n|\n|-weather|RainDance|[upkeep]\n|upkeep\n|turn|3\n|\n|t:|1699837565\n|move|p1a: Zakeru|Thunder|p2a: Ribombee\n|-enditem|p2a: Ribombee|Focus Sash\n|-damage|p2a: Ribombee|1\/100\n|move|p2a: Ribombee|Sticky Web|p1a: Zakeru\n|-sidestart|p1: tuvie|move: Sticky Web\n|\n|-weather|RainDance|[upkeep]\n|upkeep\n|turn|4\n|\n|t:|1699837573\n|move|p1a: Zakeru|Hurricane|p2a: Ribombee\n|-supereffective|p2a: Ribombee\n|-damage|p2a: Ribombee|0 fnt\n|faint|p2a: Ribombee\n|\n|-weather|RainDance|[upkeep]\n|upkeep\n|\n|t:|1699837574\n|switch|p2a: Glimmora|Glimmora, F|100\/100\n|turn|5\n|\n|t:|1699837583\n|move|p1a: Zakeru|Hurricane|p2a: Glimmora\n|-resisted|p2a: Glimmora\n|-damage|p2a: Glimmora|64\/100\n|move|p2a: Glimmora|Stealth Rock|p1a: Zakeru\n|-sidestart|p1: tuvie|move: Stealth Rock\n|\n|-weather|RainDance|[upkeep]\n|-sideend|p1: tuvie|move: Tailwind\n|upkeep\n|turn|6\n|\n|t:|1699837597\n|move|p2a: Glimmora|Spikes|p1a: Zakeru\n|-sidestart|p1: tuvie|Spikes\n|move|p1a: Zakeru|Tailwind|p1a: Zakeru\n|-sidestart|p1: tuvie|move: Tailwind\n|\n|-weather|RainDance|[upkeep]\n|upkeep\n|turn|7\n|\n|t:|1699837606\n|move|p1a: Zakeru|Thunder|p2a: Glimmora\n|-damage|p2a: Glimmora|0 fnt\n|faint|p2a: Glimmora\n|\n|-weather|RainDance|[upkeep]\n|upkeep\n|\n|t:|1699837611\n|switch|p2a: Gholdengo|Gholdengo|100\/100\n|turn|8\n|\n|t:|1699837620\n|move|p1a: Zakeru|Thunder|p2a: Gholdengo\n|-damage|p2a: Gholdengo|62\/100\n|-status|p2a: Gholdengo|par\n|move|p2a: Gholdengo|Recover|p2a: Gholdengo\n|-heal|p2a: Gholdengo|100\/100 par\n|\n|-weather|none\n|upkeep\n|turn|9\n|\n|t:|1699837676\n|switch|p1a: Ivy|Pelipper, F, shiny|100\/100\n|-damage|p1a: Ivy|76\/100|[from] Stealth Rock\n|-weather|RainDance|[from] ability: Drizzle|[of] p1a: Ivy\n|cant|p2a: Gholdengo|par\n|\n|-weather|RainDance|[upkeep]\n|-sideend|p1: tuvie|move: Tailwind\n|upkeep\n|turn|10\n|\n|t:|1699837688\n|move|p1a: Ivy|Tailwind|p1a: Ivy\n|-sidestart|p1: tuvie|move: Tailwind\n|move|p2a: Gholdengo|Nasty Plot|p2a: Gholdengo\n|-boost|p2a: Gholdengo|spa|2\n|\n|-weather|RainDance|[upkeep]\n|upkeep\n|turn|11\n|\n|t:|1699837699\n|switch|p1a: Silph|Iron Moth, shiny|100\/100\n|-activate|p1a: Silph|move: Sticky Web\n|-unboost|p1a: Silph|spe|1\n|-damage|p1a: Silph|76\/100|[from] Stealth Rock\n|-damage|p1a: Silph|63\/100|[from] Spikes\n|-enditem|p1a: Silph|Booster Energy\n|-activate|p1a: Silph|ability: Quark Drive|[fromitem]\n|-start|p1a: Silph|quarkdrivespa\n|move|p2a: Gholdengo|Shadow Ball|p1a: Silph\n|-damage|p1a: Silph|0 fnt\n|faint|p1a: Silph\n|-end|p1a: Silph|Quark Drive|[silent]\n|\n|-weather|RainDance|[upkeep]\n|upkeep\n|\n|t:|1699837726\n|switch|p1a: Dragonite|Dragonite, F|100\/100\n|turn|12\n|\n|t:|1699837735\n|-terastallize|p1a: Dragonite|Normal\n|move|p1a: Dragonite|Dragon Dance|p1a: Dragonite\n|-boost|p1a: Dragonite|atk|1\n|-boost|p1a: Dragonite|spe|1\n|move|p2a: Gholdengo|Shadow Ball|p1a: Dragonite\n|-immune|p1a: Dragonite\n|\n|-weather|RainDance|[upkeep]\n|upkeep\n|turn|13\n|\n|t:|1699837747\n|move|p1a: Dragonite|Earthquake|p2a: Gholdengo\n|-supereffective|p2a: Gholdengo\n|-damage|p2a: Gholdengo|0 fnt\n|faint|p2a: Gholdengo\n|\n|-weather|RainDance|[upkeep]\n|-sideend|p1: tuvie|move: Tailwind\n|upkeep\n|\n|t:|1699837749\n|switch|p2a: Dragonite|Dragonite, F|100\/100\n|turn|14\n|\n|t:|1699837762\n|move|p1a: Dragonite|Extreme Speed|p2a: Dragonite\n|-damage|p2a: Dragonite|60\/100\n|move|p2a: Dragonite|Dragon Dance|p2a: Dragonite\n|-boost|p2a: Dragonite|atk|1\n|-boost|p2a: Dragonite|spe|1\n|\n|-weather|RainDance|[upkeep]\n|upkeep\n|turn|15\n|\n|t:|1699837769\n|move|p1a: Dragonite|Extreme Speed|p2a: Dragonite\n|-damage|p2a: Dragonite|0 fnt\n|faint|p2a: Dragonite\n|\n|-weather|RainDance|[upkeep]\n|upkeep\n|\n|t:|1699837779\n|switch|p2a: Cinderace|Cinderace, M|100\/100\n|turn|16\n|\n|t:|1699837783\n|move|p1a: Dragonite|Earthquake|p2a: Cinderace\n|-supereffective|p2a: Cinderace\n|-damage|p2a: Cinderace|0 fnt\n|faint|p2a: Cinderace\n|\n|-weather|none\n|upkeep\n|\n|t:|1699837785\n|switch|p2a: Thundurus|Thundurus-Therian, M|100\/100\n|turn|17\n|\n|t:|1699837791\n|move|p1a: Dragonite|Extreme Speed|p2a: Thundurus\n|-damage|p2a: Thundurus|0 fnt\n|faint|p2a: Thundurus\n|\n|win|tuvie\n|raw|tuvie's rating: 1155 &rarr; <strong>1179<\/strong><br \/>(+24 for winning)\n|raw|Onte bad's rating: 1141 &rarr; <strong>1117<\/strong><br \/>(-24 for losing)\n|c|\u2606Onte bad|ggs\n","uploadtime":1699837793,"views":7,"p1id":"tuvie","p2id":"ontebad","formatid":"gen9ou","rating":1117,"private":0,"password":""}