{"id":"gen9ou-1991431049","p1":"Stafaze","p2":"Roxss","format":"[Gen 9] OU","log":"|j|\u2606Stafaze\n|j|\u2606Roxss\n|t:|1700076516\n|gametype|singles\n|player|p1|Stafaze|gentleman-gen4|1357\n|player|p2|Roxss|guitarist|1296\n|teamsize|p1|6\n|teamsize|p2|6\n|gen|9\n|tier|[Gen 9] OU\n|rated|\n|rule|Sleep Clause Mod: Limit one foe put to sleep\n|rule|Species Clause: Limit one of each Pok\u00e9mon\n|rule|OHKO Clause: OHKO moves are banned\n|rule|Evasion Items Clause: Evasion items are banned\n|rule|Evasion Moves Clause: Evasion moves are banned\n|rule|Endless Battle Clause: Forcing endless battles is banned\n|rule|HP Percentage Mod: HP is shown in percentages\n|clearpoke\n|poke|p1|Dragapult, M|\n|poke|p1|Milotic, F|\n|poke|p1|Zamazenta-*|\n|poke|p1|Scizor, M|\n|poke|p1|Hatterene, F|\n|poke|p1|Garganacl, F|\n|poke|p2|Walking Wake|\n|poke|p2|Torkoal, F|\n|poke|p2|Great Tusk|\n|poke|p2|Hydreigon, M|\n|poke|p2|Skeledirge, M|\n|poke|p2|Glimmora, F|\n|teampreview\n|inactive|Battle timer is ON: inactive players will automatically lose when time's up. (requested by Stafaze)\n|\n|t:|1700076525\n|start\n|switch|p1a: Spirit|Dragapult, M, shiny|100\/100\n|switch|p2a: Boosted Hoop|Glimmora, F|100\/100\n|turn|1\n|\n|t:|1700076534\n|move|p1a: Spirit|Shadow Ball|p2a: Boosted Hoop\n|-damage|p2a: Boosted Hoop|29\/100\n|-unboost|p2a: Boosted Hoop|spd|1\n|move|p2a: Boosted Hoop|Stealth Rock|p1a: Spirit\n|-sidestart|p1: Stafaze|move: Stealth Rock\n|\n|upkeep\n|turn|2\n|\n|t:|1700076541\n|move|p1a: Spirit|Shadow Ball|p2a: Boosted Hoop\n|-damage|p2a: Boosted Hoop|0 fnt\n|faint|p2a: Boosted Hoop\n|\n|upkeep\n|\n|t:|1700076554\n|switch|p2a: Ouga Taper|Great Tusk|100\/100\n|turn|3\n|\n|t:|1700076560\n|switch|p1a: Woof|Zamazenta, shiny|100\/100\n|-damage|p1a: Woof|94\/100|[from] Stealth Rock\n|-ability|p1a: Woof|Dauntless Shield|boost\n|-boost|p1a: Woof|def|1\n|move|p2a: Ouga Taper|Knock Off|p1a: Woof\n|-resisted|p1a: Woof\n|-damage|p1a: Woof|85\/100\n|-enditem|p1a: Woof|Leftovers|[from] move: Knock Off|[of] p2a: Ouga Taper\n|\n|upkeep\n|turn|4\n|\n|t:|1700076573\n|-end|p2a: Ouga Taper|Protosynthesis|[silent]\n|switch|p2a: Sunny D light|Torkoal, F|100\/100\n|-weather|SunnyDay|[from] ability: Drought|[of] p2a: Sunny D light\n|move|p1a: Woof|Iron Defense|p1a: Woof\n|-boost|p1a: Woof|def|2\n|\n|-weather|SunnyDay|[upkeep]\n|upkeep\n|turn|5\n|\n|t:|1700076583\n|move|p1a: Woof|Substitute|p1a: Woof\n|-start|p1a: Woof|Substitute\n|-damage|p1a: Woof|60\/100\n|move|p2a: Sunny D light|Yawn||[still]\n|-fail|p2a: Sunny D light\n|\n|-weather|SunnyDay|[upkeep]\n|upkeep\n|turn|6\n|\n|t:|1700076593\n|move|p1a: Woof|Iron Defense|p1a: Woof\n|-boost|p1a: Woof|def|2\n|move|p2a: Sunny D light|Lava Plume|p1a: Woof\n|-end|p1a: Woof|Substitute\n|\n|-weather|SunnyDay|[upkeep]\n|upkeep\n|turn|7\n|\n|t:|1700076608\n|move|p1a: Woof|Body Press|p2a: Sunny D light\n|-damage|p2a: Sunny D light|9\/100\n|move|p2a: Sunny D light|Lava Plume|p1a: Woof\n|-damage|p1a: Woof|29\/100\n|\n|-weather|SunnyDay|[upkeep]\n|upkeep\n|turn|8\n|\n|t:|1700076616\n|move|p1a: Woof|Crunch|p2a: Sunny D light\n|-damage|p2a: Sunny D light|0 fnt\n|faint|p2a: Sunny D light\n|\n|-weather|SunnyDay|[upkeep]\n|upkeep\n|\n|t:|1700076625\n|switch|p2a: Zazou|Hydreigon, M|100\/100\n|turn|9\n|\n|t:|1700076631\n|-terastallize|p2a: Zazou|Electric\n|move|p2a: Zazou|Tera Blast|p1a: Woof|[anim] Tera Blast Electric\n|-damage|p1a: Woof|0 fnt\n|faint|p1a: Woof\n|\n|-weather|SunnyDay|[upkeep]\n|upkeep\n|\n|t:|1700076651\n|switch|p1a: Luna|Hatterene, F, shiny|100\/100\n|-damage|p1a: Luna|88\/100|[from] Stealth Rock\n|turn|10\n|\n|t:|1700076664\n|switch|p2a: Cococrock|Skeledirge, M|100\/100\n|move|p1a: Luna|Calm Mind|p1a: Luna\n|-boost|p1a: Luna|spa|1\n|-boost|p1a: Luna|spd|1\n|\n|-weather|SunnyDay|[upkeep]\n|-heal|p1a: Luna|94\/100|[from] item: Leftovers\n|upkeep\n|turn|11\n|\n|t:|1700076671\n|move|p2a: Cococrock|Torch Song|p1a: Luna\n|-damage|p1a: Luna|24\/100\n|-boost|p2a: Cococrock|spa|1\n|-enditem|p2a: Cococrock|Throat Spray\n|-boost|p2a: Cococrock|spa|1|[from] item: Throat Spray\n|move|p1a: Luna|Psyshock|p2a: Cococrock\n|-damage|p2a: Cococrock|65\/100\n|\n|-weather|none\n|-heal|p1a: Luna|30\/100|[from] item: Leftovers\n|upkeep\n|turn|12\n|\n|t:|1700076682\n|move|p2a: Cococrock|Torch Song|p1a: Luna\n|-damage|p1a: Luna|0 fnt\n|-boost|p2a: Cococrock|spa|1\n|faint|p1a: Luna\n|\n|upkeep\n|\n|t:|1700076686\n|switch|p1a: Milotic|Milotic, F|100\/100\n|-damage|p1a: Milotic|88\/100|[from] Stealth Rock\n|turn|13\n|\n|t:|1700076692\n|move|p2a: Cococrock|Shadow Ball|p1a: Milotic\n|-damage|p1a: Milotic|29\/100\n|move|p1a: Milotic|Mirror Coat|p2a: Cococrock\n|-damage|p2a: Cococrock|0 fnt\n|faint|p2a: Cococrock\n|\n|-heal|p1a: Milotic|36\/100|[from] item: Leftovers\n|upkeep\n|\n|t:|1700076703\n|switch|p2a: Zazou|Hydreigon, M, tera:Electric|100\/100\n|turn|14\n|\n|t:|1700076709\n|move|p2a: Zazou|Tera Blast|p1a: Milotic|[anim] Tera Blast Electric\n|-supereffective|p1a: Milotic\n|-damage|p1a: Milotic|0 fnt\n|faint|p1a: Milotic\n|\n|upkeep\n|\n|t:|1700076715\n|switch|p1a: Garganacl|Garganacl, F|100\/100\n|-damage|p1a: Garganacl|88\/100|[from] Stealth Rock\n|turn|15\n|\n|t:|1700076722\n|switch|p2a: Ouga Taper|Great Tusk|100\/100\n|move|p1a: Garganacl|Salt Cure|p2a: Ouga Taper\n|-resisted|p2a: Ouga Taper\n|-damage|p2a: Ouga Taper|98\/100\n|-start|p2a: Ouga Taper|Salt Cure\n|\n|-heal|p2a: Ouga Taper|100\/100|[from] item: Leftovers\n|-heal|p1a: Garganacl|94\/100|[from] item: Leftovers\n|-damage|p2a: Ouga Taper|88\/100|[from] Salt Cure\n|upkeep\n|turn|16\n|\n|t:|1700076741\n|switch|p1a: Scizor|Scizor, M|100\/100\n|-damage|p1a: Scizor|88\/100|[from] Stealth Rock\n|move|p2a: Ouga Taper|Earthquake|p1a: Scizor\n|-damage|p1a: Scizor|35\/100\n|\n|-heal|p2a: Ouga Taper|94\/100|[from] item: Leftovers\n|-damage|p2a: Ouga Taper|82\/100|[from] Salt Cure\n|upkeep\n|turn|17\n|\n|t:|1700076753\n|move|p1a: Scizor|Bullet Punch|p2a: Ouga Taper\n|-damage|p2a: Ouga Taper|41\/100\n|move|p2a: Ouga Taper|Earthquake|p1a: Scizor\n|-damage|p1a: Scizor|0 fnt\n|faint|p1a: Scizor\n|\n|-heal|p2a: Ouga Taper|47\/100|[from] item: Leftovers\n|-damage|p2a: Ouga Taper|35\/100|[from] Salt Cure\n|upkeep\n|\n|t:|1700076761\n|switch|p1a: Spirit|Dragapult, M, shiny|100\/100\n|-damage|p1a: Spirit|88\/100|[from] Stealth Rock\n|turn|18\n|\n|t:|1700076767\n|move|p1a: Spirit|Shadow Ball|p2a: Ouga Taper\n|-damage|p2a: Ouga Taper|0 fnt\n|faint|p2a: Ouga Taper\n|-end|p2a: Ouga Taper|Protosynthesis|[silent]\n|\n|upkeep\n|\n|t:|1700076781\n|switch|p2a: Le Bronz\u00e9|Walking Wake|100\/100\n|turn|19\n|\n|t:|1700076785\n|-terastallize|p1a: Spirit|Ghost\n|move|p1a: Spirit|Shadow Ball|p2a: Le Bronz\u00e9\n|-crit|p2a: Le Bronz\u00e9\n|-damage|p2a: Le Bronz\u00e9|0 fnt\n|faint|p2a: Le Bronz\u00e9\n|-end|p2a: Le Bronz\u00e9|Protosynthesis|[silent]\n|\n|upkeep\n|\n|t:|1700076789\n|switch|p2a: Zazou|Hydreigon, M, tera:Electric|100\/100\n|turn|20\n|\n|t:|1700076796\n|move|p2a: Zazou|Dark Pulse|p1a: Spirit\n|-supereffective|p1a: Spirit\n|-damage|p1a: Spirit|0 fnt\n|faint|p1a: Spirit\n|\n|upkeep\n|\n|t:|1700076802\n|switch|p1a: Garganacl|Garganacl, F|94\/100\n|-damage|p1a: Garganacl|82\/100|[from] Stealth Rock\n|turn|21\n|\n|t:|1700076805\n|move|p2a: Zazou|Dark Pulse|p1a: Garganacl\n|-damage|p1a: Garganacl|47\/100\n|move|p1a: Garganacl|Salt Cure|p2a: Zazou\n|-damage|p2a: Zazou|85\/100\n|-start|p2a: Zazou|Salt Cure\n|\n|-heal|p1a: Garganacl|53\/100|[from] item: Leftovers\n|-damage|p2a: Zazou|73\/100|[from] Salt Cure\n|upkeep\n|turn|22\n|\n|t:|1700076813\n|move|p2a: Zazou|Dark Pulse|p1a: Garganacl\n|-crit|p1a: Garganacl\n|-damage|p1a: Garganacl|0 fnt\n|faint|p1a: Garganacl\n|\n|win|Roxss\n|raw|Stafaze's rating: 1357 &rarr; <strong>1334<\/strong><br \/>(-23 for losing)\n|raw|Roxss's rating: 1296 &rarr; <strong>1325<\/strong><br \/>(+29 for winning)\n","uploadtime":1700076821,"views":10,"p1id":"stafaze","p2id":"roxss","formatid":"gen9ou","rating":1325,"private":0,"password":""}