{"id":"gen9ou-1995780731","p1":"Songfossil","p2":"JYYuYnJgmllipWfg","format":"[Gen 9] OU","log":"|j|\u2606Songfossil\n|j|\u2606JYYuYnJgmllipWfg\n|t:|1700602505\n|gametype|singles\n|player|p1|Songfossil|169|1121\n|player|p2|JYYuYnJgmllipWfg|265|1000\n|teamsize|p1|6\n|teamsize|p2|6\n|gen|9\n|tier|[Gen 9] OU\n|rated|\n|rule|Sleep Clause Mod: Limit one foe put to sleep\n|rule|Species Clause: Limit one of each Pok\u00e9mon\n|rule|OHKO Clause: OHKO moves are banned\n|rule|Evasion Items Clause: Evasion items are banned\n|rule|Evasion Moves Clause: Evasion moves are banned\n|rule|Endless Battle Clause: Forcing endless battles is banned\n|rule|HP Percentage Mod: HP is shown in percentages\n|clearpoke\n|poke|p1|Goodra-Hisui, M|\n|poke|p1|Thundurus-Therian, M|\n|poke|p1|Cinderace, M|\n|poke|p1|Landorus-Therian, M|\n|poke|p1|Kingambit, M|\n|poke|p1|Iron Valiant|\n|poke|p2|Torkoal, F|\n|poke|p2|Great Tusk|\n|poke|p2|Walking Wake|\n|poke|p2|Kingambit, M|\n|poke|p2|Infernape, M|\n|poke|p2|Rillaboom, M|\n|teampreview\n|inactive|Battle timer is ON: inactive players will automatically lose when time's up. (requested by JYYuYnJgmllipWfg)\n|\n|t:|1700602510\n|start\n|switch|p1a: Thundurus|Thundurus-Therian, M|100\/100\n|switch|p2a: Torkoal|Torkoal, F|100\/100\n|-weather|SunnyDay|[from] ability: Drought|[of] p2a: Torkoal\n|turn|1\n|\n|t:|1700602515\n|-terastallize|p1a: Thundurus|Flying\n|move|p1a: Thundurus|Tera Blast|p2a: Torkoal|[anim] Tera Blast Flying\n|-damage|p2a: Torkoal|9\/100\n|move|p2a: Torkoal|Yawn|p1a: Thundurus\n|-start|p1a: Thundurus|move: Yawn|[of] p2a: Torkoal\n|\n|-weather|SunnyDay|[upkeep]\n|upkeep\n|turn|2\n|\n|t:|1700602525\n|switch|p1a: Landorus|Landorus-Therian, M|100\/100\n|-ability|p1a: Landorus|Intimidate|boost\n|-unboost|p2a: Torkoal|atk|1\n|switch|p2a: Infernape|Infernape, M|100\/100\n|\n|-weather|SunnyDay|[upkeep]\n|upkeep\n|turn|3\n|\n|t:|1700602532\n|move|p2a: Infernape|Overheat|p1a: Landorus\n|-damage|p1a: Landorus|0 fnt\n|-unboost|p2a: Infernape|spa|2\n|-enditem|p2a: Infernape|Eject Pack\n|faint|p1a: Landorus\n|\n|t:|1700602536\n|switch|p2a: Rillaboom|Rillaboom, M|100\/100\n|-fieldstart|move: Grassy Terrain|[from] ability: Grassy Surge|[of] p2a: Rillaboom\n|\n|-weather|SunnyDay|[upkeep]\n|upkeep\n|\n|t:|1700602547\n|switch|p1a: Iron Valiant|Iron Valiant|100\/100\n|-enditem|p1a: Iron Valiant|Booster Energy\n|-activate|p1a: Iron Valiant|ability: Quark Drive|[fromitem]\n|-start|p1a: Iron Valiant|quarkdrivespe\n|turn|4\n|\n|t:|1700602549\n|-end|p1a: Iron Valiant|Quark Drive|[silent]\n|switch|p1a: Goodra|Goodra-Hisui, M|100\/100\n|move|p2a: Rillaboom|Wood Hammer|p1a: Goodra\n|-ability|p1a: Goodra|Sap Sipper|boost\n|-boost|p1a: Goodra|atk|1\n|\n|-weather|SunnyDay|[upkeep]\n|upkeep\n|turn|5\n|\n|t:|1700602558\n|switch|p2a: Infernape|Infernape, M|100\/100\n|move|p1a: Goodra|Flamethrower|p2a: Infernape\n|-resisted|p2a: Infernape\n|-damage|p2a: Infernape|66\/100\n|\n|-weather|SunnyDay|[upkeep]\n|-heal|p2a: Infernape|72\/100|[from] Grassy Terrain\n|upkeep\n|turn|6\n|\n|t:|1700602563\n|move|p2a: Infernape|Overheat|p1a: Goodra\n|-damage|p1a: Goodra|62\/100\n|-unboost|p2a: Infernape|spa|2\n|move|p1a: Goodra|Earthquake|p2a: Infernape\n|-supereffective|p2a: Infernape\n|-damage|p2a: Infernape|22\/100\n|\n|-weather|SunnyDay|[upkeep]\n|-heal|p2a: Infernape|28\/100|[from] Grassy Terrain\n|-heal|p1a: Goodra|68\/100|[from] Grassy Terrain\n|upkeep\n|turn|7\n|\n|t:|1700602575\n|move|p2a: Infernape|U-turn|p1a: Goodra\n|-resisted|p1a: Goodra\n|-damage|p1a: Goodra|60\/100\n|\n|t:|1700602576\n|switch|p2a: Great Tusk|Great Tusk|100\/100|[from] U-turn\n|-activate|p2a: Great Tusk|ability: Protosynthesis\n|-start|p2a: Great Tusk|protosynthesisspe\n|move|p1a: Goodra|Earthquake|p2a: Great Tusk\n|-damage|p2a: Great Tusk|89\/100\n|\n|-weather|SunnyDay|[upkeep]\n|-heal|p2a: Great Tusk|95\/100|[from] Grassy Terrain\n|-heal|p1a: Goodra|66\/100|[from] Grassy Terrain\n|-fieldend|move: Grassy Terrain\n|upkeep\n|turn|8\n|\n|t:|1700602580\n|switch|p1a: Thundurus|Thundurus-Therian, M, tera:Flying|100\/100\n|move|p2a: Great Tusk|Headlong Rush|p1a: Thundurus\n|-immune|p1a: Thundurus\n|\n|-weather|none\n|-end|p2a: Great Tusk|Protosynthesis\n|upkeep\n|turn|9\n|\n|t:|1700602583\n|-end|p2a: Great Tusk|Protosynthesis|[silent]\n|switch|p2a: Torkoal|Torkoal, F|9\/100\n|-weather|SunnyDay|[from] ability: Drought|[of] p2a: Torkoal\n|move|p1a: Thundurus|Tera Blast|p2a: Torkoal|[anim] Tera Blast Flying\n|-damage|p2a: Torkoal|0 fnt\n|faint|p2a: Torkoal\n|\n|-weather|SunnyDay|[upkeep]\n|upkeep\n|\n|t:|1700602585\n|switch|p2a: Walking Wake|Walking Wake|100\/100\n|-activate|p2a: Walking Wake|ability: Protosynthesis\n|-start|p2a: Walking Wake|protosynthesisspe\n|turn|10\n|\n|t:|1700602593\n|switch|p1a: Goodra|Goodra-Hisui, M|66\/100\n|-terastallize|p2a: Walking Wake|Water\n|move|p2a: Walking Wake|Hydro Steam|p1a: Goodra\n|-resisted|p1a: Goodra\n|-damage|p1a: Goodra|40\/100\n|\n|-weather|SunnyDay|[upkeep]\n|upkeep\n|turn|11\n|\n|t:|1700602605\n|move|p2a: Walking Wake|Hydro Steam|p1a: Goodra\n|-resisted|p1a: Goodra\n|-damage|p1a: Goodra|15\/100\n|move|p1a: Goodra|Draco Meteor|p2a: Walking Wake\n|-damage|p2a: Walking Wake|18\/100\n|-unboost|p1a: Goodra|spa|2\n|\n|-weather|SunnyDay|[upkeep]\n|upkeep\n|turn|12\n|\n|t:|1700602608\n|move|p2a: Walking Wake|Hydro Steam|p1a: Goodra\n|-resisted|p1a: Goodra\n|-damage|p1a: Goodra|0 fnt\n|faint|p1a: Goodra\n|\n|-weather|SunnyDay|[upkeep]\n|upkeep\n|\n|t:|1700602615\n|switch|p1a: Kingambit|Kingambit, M|100\/100\n|-activate|p1a: Kingambit|ability: Supreme Overlord\n|-start|p1a: Kingambit|fallen2|[silent]\n|-item|p1a: Kingambit|Air Balloon\n|turn|13\n|\n|t:|1700602619\n|-end|p2a: Walking Wake|Protosynthesis|[silent]\n|switch|p2a: Great Tusk|Great Tusk|95\/100\n|-activate|p2a: Great Tusk|ability: Protosynthesis\n|-start|p2a: Great Tusk|protosynthesisspe\n|move|p1a: Kingambit|Sucker Punch||[still]\n|-fail|p1a: Kingambit\n|\n|-weather|SunnyDay|[upkeep]\n|upkeep\n|turn|14\n|\n|t:|1700602629\n|-end|p1a: Kingambit|fallen2|[silent]\n|switch|p1a: Cinderace|Cinderace, M|100\/100\n|move|p2a: Great Tusk|Ice Spinner|p1a: Cinderace\n|-resisted|p1a: Cinderace\n|-damage|p1a: Cinderace|85\/100\n|\n|-weather|SunnyDay|[upkeep]\n|upkeep\n|turn|15\n|\n|t:|1700602636\n|move|p2a: Great Tusk|Headlong Rush|p1a: Cinderace\n|-supereffective|p1a: Cinderace\n|-damage|p1a: Cinderace|0 fnt\n|-unboost|p2a: Great Tusk|def|1\n|-unboost|p2a: Great Tusk|spd|1\n|faint|p1a: Cinderace\n|\n|-weather|SunnyDay|[upkeep]\n|upkeep\n|\n|t:|1700602654\n|switch|p1a: Iron Valiant|Iron Valiant|100\/100\n|turn|16\n|\n|t:|1700602658\n|move|p2a: Great Tusk|Headlong Rush|p1a: Iron Valiant\n|-damage|p1a: Iron Valiant|37\/100\n|-unboost|p2a: Great Tusk|def|1\n|-unboost|p2a: Great Tusk|spd|1\n|move|p1a: Iron Valiant|Swords Dance|p1a: Iron Valiant\n|-boost|p1a: Iron Valiant|atk|2\n|\n|-weather|none\n|-end|p2a: Great Tusk|Protosynthesis\n|upkeep\n|turn|17\n|\n|t:|1700602666\n|move|p1a: Iron Valiant|Close Combat|p2a: Great Tusk\n|-damage|p2a: Great Tusk|0 fnt\n|-unboost|p1a: Iron Valiant|def|1\n|-unboost|p1a: Iron Valiant|spd|1\n|faint|p2a: Great Tusk\n|-end|p2a: Great Tusk|Protosynthesis|[silent]\n|\n|upkeep\n|\n|t:|1700602668\n|switch|p2a: Rillaboom|Rillaboom, M|100\/100\n|-fieldstart|move: Grassy Terrain|[from] ability: Grassy Surge|[of] p2a: Rillaboom\n|turn|18\n|\n|t:|1700602672\n|move|p2a: Rillaboom|Grassy Glide|p1a: Iron Valiant\n|-damage|p1a: Iron Valiant|0 fnt\n|faint|p1a: Iron Valiant\n|-end|p1a: Iron Valiant|Quark Drive|[silent]\n|\n|upkeep\n|\n|t:|1700602676\n|switch|p1a: Thundurus|Thundurus-Therian, M, tera:Flying|100\/100\n|turn|19\n|\n|t:|1700602683\n|move|p2a: Rillaboom|Grassy Glide|p1a: Thundurus\n|-resisted|p1a: Thundurus\n|-damage|p1a: Thundurus|56\/100\n|move|p1a: Thundurus|Volt Switch|p2a: Rillaboom\n|-resisted|p2a: Rillaboom\n|-damage|p2a: Rillaboom|61\/100\n|\n|t:|1700602685\n|switch|p1a: Kingambit|Kingambit, M|100\/100|[from] Volt Switch\n|-activate|p1a: Kingambit|ability: Supreme Overlord\n|-start|p1a: Kingambit|fallen4|[silent]\n|-item|p1a: Kingambit|Air Balloon\n|\n|-heal|p2a: Rillaboom|67\/100|[from] Grassy Terrain\n|upkeep\n|turn|20\n|\n|t:|1700602691\n|switch|p2a: Infernape|Infernape, M|28\/100\n|move|p1a: Kingambit|Swords Dance|p1a: Kingambit\n|-boost|p1a: Kingambit|atk|2\n|\n|-heal|p2a: Infernape|34\/100|[from] Grassy Terrain\n|upkeep\n|turn|21\n|\n|t:|1700602693\n|move|p1a: Kingambit|Sucker Punch|p2a: Infernape\n|-resisted|p2a: Infernape\n|-damage|p2a: Infernape|0 fnt\n|faint|p2a: Infernape\n|\n|upkeep\n|\n|t:|1700602701\n|switch|p2a: Rillaboom|Rillaboom, M|67\/100\n|turn|22\n|\n|t:|1700602713\n|move|p2a: Rillaboom|Wood Hammer|p1a: Kingambit\n|-resisted|p1a: Kingambit\n|-damage|p1a: Kingambit|56\/100\n|-enditem|p1a: Kingambit|Air Balloon\n|-damage|p2a: Rillaboom|49\/100|[from] Recoil\n|move|p1a: Kingambit|Kowtow Cleave|p2a: Rillaboom\n|-damage|p2a: Rillaboom|0 fnt\n|faint|p2a: Rillaboom\n|\n|-heal|p1a: Kingambit|63\/100|[from] Grassy Terrain\n|-fieldend|move: Grassy Terrain\n|upkeep\n|\n|t:|1700602724\n|switch|p2a: Walking Wake|Walking Wake, tera:Water|18\/100\n|turn|23\n|\n|t:|1700602727\n|move|p1a: Kingambit|Sucker Punch|p2a: Walking Wake\n|-damage|p2a: Walking Wake|0 fnt\n|faint|p2a: Walking Wake\n|-end|p2a: Walking Wake|Protosynthesis|[silent]\n|\n|upkeep\n|\n|t:|1700602729\n|switch|p2a: Kingambit|Kingambit, M|100\/100\n|-activate|p2a: Kingambit|ability: Supreme Overlord\n|-start|p2a: Kingambit|fallen5|[silent]\n|turn|24\n|\n|t:|1700602735\n|move|p2a: Kingambit|Kowtow Cleave|p1a: Kingambit\n|-resisted|p1a: Kingambit\n|-damage|p1a: Kingambit|34\/100\n|move|p1a: Kingambit|Low Kick|p2a: Kingambit\n|-supereffective|p2a: Kingambit\n|-crit|p2a: Kingambit\n|-damage|p2a: Kingambit|0 fnt\n|faint|p2a: Kingambit\n|-end|p2a: Kingambit|fallen5|[silent]\n|\n|win|Songfossil\n|raw|Songfossil's rating: 1121 &rarr; <strong>1138<\/strong><br \/>(+17 for winning)\n|raw|JYYuYnJgmllipWfg's rating: 1000 &rarr; <strong>1000<\/strong><br \/>(+0 for losing)\n|l|\u2606JYYuYnJgmllipWfg\n","uploadtime":1700602754,"views":11,"p1id":"songfossil","p2id":"jyyuynjgmllipwfg","formatid":"gen9ou","rating":1000,"private":0,"password":""}