{"id":"gen9ou-1997937473","p1":"zemanwithnoears","p2":"Poison Ivy Thorns","format":"[Gen 9] OU","log":"|j|\u2606zemanwithnoears\n|j|\u2606Poison Ivy Thorns\n|t:|1700869606\n|gametype|singles\n|player|p1|zemanwithnoears|102|1507\n|player|p2|Poison Ivy Thorns|magmagruntf|1581\n|teamsize|p1|6\n|teamsize|p2|6\n|gen|9\n|tier|[Gen 9] OU\n|rated|\n|rule|Sleep Clause Mod: Limit one foe put to sleep\n|rule|Species Clause: Limit one of each Pok\u00e9mon\n|rule|OHKO Clause: OHKO moves are banned\n|rule|Evasion Items Clause: Evasion items are banned\n|rule|Evasion Moves Clause: Evasion moves are banned\n|rule|Endless Battle Clause: Forcing endless battles is banned\n|rule|HP Percentage Mod: HP is shown in percentages\n|clearpoke\n|poke|p1|Alomomola, F|\n|poke|p1|Gholdengo|\n|poke|p1|Kingambit, F|\n|poke|p1|Rillaboom, F|\n|poke|p1|Dragapult, F|\n|poke|p1|Corviknight, M|\n|poke|p2|Kingambit, F|\n|poke|p2|Ceruledge, F|\n|poke|p2|Conkeldurr, F|\n|poke|p2|Dragonite, F|\n|poke|p2|Cinderace, M|\n|poke|p2|Slowbro-Galar, F|\n|teampreview\n|inactive|Battle timer is ON: inactive players will automatically lose when time's up. (requested by Poison Ivy Thorns)\n|inactive|zemanwithnoears also wants the timer to be on.\n|\n|t:|1700869632\n|start\n|switch|p1a: Dragapult|Dragapult, F|100\/100\n|switch|p2a: Slowbro|Slowbro-Galar, F|100\/100\n|turn|1\n|\n|t:|1700869641\n|move|p1a: Dragapult|Shadow Ball|p2a: Slowbro\n|-supereffective|p2a: Slowbro\n|-damage|p2a: Slowbro|0 fnt\n|faint|p2a: Slowbro\n|\n|upkeep\n|\n|t:|1700869645\n|switch|p2a: Kingambit|Kingambit, F|100\/100\n|-activate|p2a: Kingambit|ability: Supreme Overlord\n|-start|p2a: Kingambit|fallen1|[silent]\n|-item|p2a: Kingambit|Air Balloon\n|turn|2\n|\n|t:|1700869651\n|switch|p1a: Alomomola|Alomomola, F|100\/100\n|-end|p2a: Kingambit|fallen1|[silent]\n|switch|p2a: Cinderace|Cinderace, M|100\/100\n|\n|upkeep\n|turn|3\n|\n|t:|1700869657\n|switch|p2a: Conkeldurr|Conkeldurr, F|100\/100\n|move|p1a: Alomomola|Scald|p2a: Conkeldurr\n|-damage|p2a: Conkeldurr|88\/100\n|\n|upkeep\n|turn|4\n|\n|t:|1700869663\n|move|p1a: Alomomola|Scald|p2a: Conkeldurr\n|-crit|p2a: Conkeldurr\n|-damage|p2a: Conkeldurr|70\/100\n|move|p2a: Conkeldurr|Drain Punch|p1a: Alomomola\n|-damage|p1a: Alomomola|74\/100\n|-heal|p2a: Conkeldurr|89\/100|[from] drain|[of] p1a: Alomomola\n|-damage|p2a: Conkeldurr|72\/100|[from] item: Rocky Helmet|[of] p1a: Alomomola\n|\n|upkeep\n|turn|5\n|\n|t:|1700869669\n|move|p1a: Alomomola|Scald|p2a: Conkeldurr\n|-damage|p2a: Conkeldurr|61\/100\n|-status|p2a: Conkeldurr|brn\n|move|p2a: Conkeldurr|Drain Punch|p1a: Alomomola\n|-damage|p1a: Alomomola|60\/100\n|-heal|p2a: Conkeldurr|70\/100 brn|[from] drain|[of] p1a: Alomomola\n|-damage|p2a: Conkeldurr|54\/100 brn|[from] item: Rocky Helmet|[of] p1a: Alomomola\n|\n|-damage|p2a: Conkeldurr|48\/100 brn|[from] brn\n|upkeep\n|turn|6\n|\n|t:|1700869675\n|move|p1a: Alomomola|Wish|p1a: Alomomola\n|move|p2a: Conkeldurr|Drain Punch|p1a: Alomomola\n|-damage|p1a: Alomomola|45\/100\n|-heal|p2a: Conkeldurr|58\/100 brn|[from] drain|[of] p1a: Alomomola\n|-damage|p2a: Conkeldurr|41\/100 brn|[from] item: Rocky Helmet|[of] p1a: Alomomola\n|\n|-damage|p2a: Conkeldurr|35\/100 brn|[from] brn\n|upkeep\n|turn|7\n|\n|t:|1700869679\n|switch|p2a: Dragonite|Dragonite, F|100\/100\n|move|p1a: Alomomola|Scald|p2a: Dragonite\n|-resisted|p2a: Dragonite\n|-damage|p2a: Dragonite|97\/100\n|-status|p2a: Dragonite|brn\n|\n|-heal|p1a: Alomomola|95\/100|[from] move: Wish|[wisher] Alomomola\n|-damage|p2a: Dragonite|91\/100 brn|[from] brn\n|upkeep\n|turn|8\n|\n|t:|1700869686\n|move|p2a: Dragonite|Dragon Dance|p2a: Dragonite\n|-boost|p2a: Dragonite|atk|1\n|-boost|p2a: Dragonite|spe|1\n|move|p1a: Alomomola|Flip Turn|p2a: Dragonite\n|-resisted|p2a: Dragonite\n|-damage|p2a: Dragonite|83\/100 brn\n|\n|t:|1700869697\n|switch|p1a: Gholdengo|Gholdengo|100\/100|[from] Flip Turn\n|\n|-damage|p2a: Dragonite|76\/100 brn|[from] brn\n|upkeep\n|turn|9\n|\n|t:|1700869701\n|move|p2a: Dragonite|Earthquake|p1a: Gholdengo\n|-supereffective|p1a: Gholdengo\n|-damage|p1a: Gholdengo|37\/100\n|move|p1a: Gholdengo|Make It Rain|p2a: Dragonite\n|-damage|p2a: Dragonite|16\/100 brn\n|-unboost|p1a: Gholdengo|spa|1\n|\n|-heal|p1a: Gholdengo|43\/100|[from] item: Leftovers\n|-damage|p2a: Dragonite|9\/100 brn|[from] brn\n|upkeep\n|turn|10\n|\n|t:|1700869711\n|switch|p1a: Alomomola|Alomomola, F|100\/100\n|move|p2a: Dragonite|Extreme Speed|p1a: Alomomola\n|-damage|p1a: Alomomola|88\/100\n|-damage|p2a: Dragonite|0 fnt|[from] item: Rocky Helmet|[of] p1a: Alomomola\n|faint|p2a: Dragonite\n|\n|upkeep\n|\n|t:|1700869718\n|switch|p2a: Ceruledge|Ceruledge, F|100\/100\n|turn|11\n|\n|t:|1700869722\n|move|p2a: Ceruledge|Swords Dance|p2a: Ceruledge\n|-boost|p2a: Ceruledge|atk|2\n|move|p1a: Alomomola|Scald|p2a: Ceruledge\n|-supereffective|p2a: Ceruledge\n|-crit|p2a: Ceruledge\n|-damage|p2a: Ceruledge|50\/100\n|\n|upkeep\n|turn|12\n|\n|t:|1700869726\n|move|p2a: Ceruledge|Swords Dance|p2a: Ceruledge\n|-boost|p2a: Ceruledge|atk|2\n|move|p1a: Alomomola|Scald|p2a: Ceruledge\n|-supereffective|p2a: Ceruledge\n|-crit|p2a: Ceruledge\n|-damage|p2a: Ceruledge|4\/100\n|\n|upkeep\n|turn|13\n|\n|t:|1700869733\n|-terastallize|p2a: Ceruledge|Poison\n|move|p2a: Ceruledge|Bitter Blade|p1a: Alomomola\n|-resisted|p1a: Alomomola\n|-damage|p1a: Alomomola|52\/100\n|-heal|p2a: Ceruledge|37\/100|[from] drain|[of] p1a: Alomomola\n|-damage|p2a: Ceruledge|21\/100|[from] item: Rocky Helmet|[of] p1a: Alomomola\n|move|p1a: Alomomola|Scald|p2a: Ceruledge\n|-damage|p2a: Ceruledge|6\/100\n|\n|upkeep\n|turn|14\n|\n|t:|1700869744\n|move|p2a: Ceruledge|Bitter Blade|p1a: Alomomola\n|-resisted|p1a: Alomomola\n|-damage|p1a: Alomomola|14\/100\n|-heal|p2a: Ceruledge|40\/100|[from] drain|[of] p1a: Alomomola\n|-damage|p2a: Ceruledge|24\/100|[from] item: Rocky Helmet|[of] p1a: Alomomola\n|move|p1a: Alomomola|Wish|p1a: Alomomola\n|\n|upkeep\n|turn|15\n|c|\u2606Poison Ivy Thorns|i ddont understand how lucky someone can be\n|\n|t:|1700869753\n|move|p1a: Alomomola|Protect|p1a: Alomomola\n|-singleturn|p1a: Alomomola|Protect\n|move|p2a: Ceruledge|Bitter Blade|p1a: Alomomola\n|-activate|p1a: Alomomola|move: Protect\n|\n|-heal|p1a: Alomomola|64\/100|[from] move: Wish|[wisher] Alomomola\n|upkeep\n|turn|16\n|c|\u2606zemanwithnoears|?\n|\n|t:|1700869764\n|move|p2a: Ceruledge|Poltergeist|p1a: Alomomola\n|-activate|p1a: Alomomola|move: Poltergeist|Rocky Helmet\n|-damage|p1a: Alomomola|0 fnt\n|faint|p1a: Alomomola\n|\n|upkeep\n|c|\u2606Poison Ivy Thorns|dont \"?\" me\n|\n|t:|1700869781\n|switch|p1a: Kingambit|Kingambit, F|100\/100\n|-activate|p1a: Kingambit|ability: Supreme Overlord\n|-start|p1a: Kingambit|fallen1|[silent]\n|turn|17\n|c|\u2606zemanwithnoears|why so upset\n|c|\u2606Poison Ivy Thorns|turn 1 i didnt get the quick draw or claw\n|c|\u2606zemanwithnoears|you only have 44%\n|c|\u2606Poison Ivy Thorns|u burned my dnite first try\n|inactive|zemanwithnoears has 120 seconds left.\n|c|\u2606Poison Ivy Thorns|u just got a crit twice\n|\n|t:|1700869803\n|move|p1a: Kingambit|Sucker Punch||[still]\n|-fail|p1a: Kingambit\n|move|p2a: Ceruledge|Swords Dance|p2a: Ceruledge\n|-boost|p2a: Ceruledge|atk|2\n|\n|upkeep\n|turn|18\n|\n|t:|1700869806\n|move|p1a: Kingambit|Sucker Punch||[still]\n|-fail|p1a: Kingambit\n|move|p2a: Ceruledge|Swords Dance|p2a: Ceruledge\n|-boost|p2a: Ceruledge|atk|0\n|\n|upkeep\n|turn|19\n|\n|t:|1700869808\n|move|p1a: Kingambit|Sucker Punch||[still]\n|-fail|p1a: Kingambit\n|move|p2a: Ceruledge|Swords Dance|p2a: Ceruledge\n|-boost|p2a: Ceruledge|atk|0\n|\n|upkeep\n|turn|20\n|\n|t:|1700869812\n|move|p1a: Kingambit|Sucker Punch||[still]\n|-fail|p1a: Kingambit\n|move|p2a: Ceruledge|Swords Dance|p2a: Ceruledge\n|-boost|p2a: Ceruledge|atk|0\n|\n|upkeep\n|turn|21\n|\n|t:|1700869814\n|move|p2a: Ceruledge|Bitter Blade|p1a: Kingambit\n|-supereffective|p1a: Kingambit\n|-damage|p1a: Kingambit|0 fnt\n|-heal|p2a: Ceruledge|93\/100|[from] drain|[of] p1a: Kingambit\n|faint|p1a: Kingambit\n|-end|p1a: Kingambit|fallen1|[silent]\n|\n|upkeep\n|\n|t:|1700869827\n|switch|p1a: Dragapult|Dragapult, F|100\/100\n|turn|22\n|\n|t:|1700869845\n|switch|p2a: Conkeldurr|Conkeldurr, F|35\/100 brn\n|-terastallize|p1a: Dragapult|Fire\n|move|p1a: Dragapult|Draco Meteor|p2a: Conkeldurr\n|-damage|p2a: Conkeldurr|0 fnt\n|-unboost|p1a: Dragapult|spa|2\n|faint|p2a: Conkeldurr\n|\n|upkeep\n|\n|t:|1700869849\n|switch|p2a: Kingambit|Kingambit, F|100\/100\n|-activate|p2a: Kingambit|ability: Supreme Overlord\n|-start|p2a: Kingambit|fallen3|[silent]\n|-item|p2a: Kingambit|Air Balloon\n|turn|23\n|\n|t:|1700869855\n|switch|p1a: Rillaboom|Rillaboom, F|100\/100\n|-fieldstart|move: Grassy Terrain|[from] ability: Grassy Surge|[of] p1a: Rillaboom\n|move|p2a: Kingambit|Swords Dance|p2a: Kingambit\n|-boost|p2a: Kingambit|atk|2\n|\n|upkeep\n|turn|24\n|\n|t:|1700869861\n|move|p2a: Kingambit|Sucker Punch|p1a: Rillaboom\n|-damage|p1a: Rillaboom|0 fnt\n|faint|p1a: Rillaboom\n|\n|upkeep\n|\n|t:|1700869876\n|switch|p1a: Dragapult|Dragapult, F, tera:Fire|100\/100\n|turn|25\n|\n|t:|1700869880\n|move|p2a: Kingambit|Sucker Punch|p1a: Dragapult\n|-damage|p1a: Dragapult|0 fnt\n|faint|p1a: Dragapult\n|\n|upkeep\n|-message|zemanwithnoears forfeited.\n|\n|win|Poison Ivy Thorns\n|raw|zemanwithnoears's rating: 1507 &rarr; <strong>1491<\/strong><br \/>(-16 for losing)\n|raw|Poison Ivy Thorns's rating: 1581 &rarr; <strong>1597<\/strong><br \/>(+16 for winning)\n|l|\u2606zemanwithnoears\n|c|\u2606Poison Ivy Thorns|44% chance of getting the quick draw or quick claw and 0% chance of you beating me.\n","uploadtime":1700869889,"views":4,"p1id":"zemanwithnoears","p2id":"poisonivythorns","formatid":"gen9ou","rating":1491,"private":0,"password":""}