{"id":"gen9ou-1993402026","p1":"Irvantheboredone","p2":"ScorpionCurry","format":"[Gen 9] OU","log":"|j|\u2606Irvantheboredone\n|j|\u2606ScorpionCurry\n|t:|1700312886\n|gametype|singles\n|player|p1|Irvantheboredone|unknown|1217\n|player|p2|ScorpionCurry|169|1186\n|teamsize|p1|6\n|teamsize|p2|6\n|gen|9\n|tier|[Gen 9] OU\n|rated|\n|rule|Sleep Clause Mod: Limit one foe put to sleep\n|rule|Species Clause: Limit one of each Pok\u00e9mon\n|rule|OHKO Clause: OHKO moves are banned\n|rule|Evasion Items Clause: Evasion items are banned\n|rule|Evasion Moves Clause: Evasion moves are banned\n|rule|Endless Battle Clause: Forcing endless battles is banned\n|rule|HP Percentage Mod: HP is shown in percentages\n|clearpoke\n|poke|p1|Inteleon, M|\n|poke|p1|Gyarados, M|\n|poke|p1|Scizor, F|\n|poke|p1|Gallade, M|\n|poke|p1|Thundurus-Therian, M|\n|poke|p1|Kingambit, M|\n|poke|p2|Tyranitar, M|\n|poke|p2|Corviknight, M|\n|poke|p2|Goodra-Hisui, M|\n|poke|p2|Skeledirge, M|\n|poke|p2|Clefable, M|\n|poke|p2|Great Tusk|\n|teampreview\n|\n|t:|1700312889\n|start\n|switch|p1a: V1|Inteleon, M|100\/100\n|switch|p2a: Tyranitar|Tyranitar, M|100\/100\n|-weather|Sandstorm|[from] ability: Sand Stream|[of] p2a: Tyranitar\n|turn|1\n|\n|t:|1700312896\n|move|p1a: V1|Snipe Shot|p2a: Tyranitar\n|-supereffective|p2a: Tyranitar\n|-damage|p2a: Tyranitar|67\/100\n|move|p2a: Tyranitar|Stealth Rock|p1a: V1\n|-sidestart|p1: Irvantheboredone|move: Stealth Rock\n|\n|-weather|Sandstorm|[upkeep]\n|-damage|p1a: V1|94\/100|[from] Sandstorm\n|upkeep\n|turn|2\n|\n|t:|1700312907\n|switch|p2a: Clefable|Clefable, M|100\/100\n|move|p1a: V1|Snipe Shot|p2a: Clefable\n|-crit|p2a: Clefable\n|-damage|p2a: Clefable|13\/100\n|\n|-weather|Sandstorm|[upkeep]\n|-damage|p1a: V1|88\/100|[from] Sandstorm\n|-heal|p2a: Clefable|19\/100|[from] item: Leftovers\n|upkeep\n|turn|3\n|\n|t:|1700312914\n|switch|p2a: Goodra|Goodra-Hisui, M|100\/100\n|move|p1a: V1|Snipe Shot|p2a: Goodra\n|-resisted|p2a: Goodra\n|-crit|p2a: Goodra\n|-damage|p2a: Goodra|81\/100\n|\n|-weather|Sandstorm|[upkeep]\n|-damage|p1a: V1|82\/100|[from] Sandstorm\n|upkeep\n|turn|4\n|\n|t:|1700312926\n|switch|p1a: Ferryman|Kingambit, M, shiny|100\/100\n|-damage|p1a: Ferryman|94\/100|[from] Stealth Rock\n|move|p2a: Goodra|Thunderbolt|p1a: Ferryman\n|-damage|p1a: Ferryman|63\/100\n|\n|-weather|Sandstorm|[upkeep]\n|upkeep\n|turn|5\n|\n|t:|1700312935\n|switch|p2a: Skeledirge|Skeledirge, M|100\/100\n|move|p1a: Ferryman|Low Kick|p2a: Skeledirge\n|-immune|p2a: Skeledirge\n|\n|-weather|Sandstorm|[upkeep]\n|upkeep\n|turn|6\n|\n|t:|1700312941\n|-terastallize|p1a: Ferryman|Dark\n|move|p1a: Ferryman|Sucker Punch||[still]\n|-fail|p1a: Ferryman\n|move|p2a: Skeledirge|Will-O-Wisp|p1a: Ferryman\n|-status|p1a: Ferryman|brn\n|\n|-weather|Sandstorm|[upkeep]\n|-damage|p1a: Ferryman|57\/100 brn|[from] Sandstorm\n|-damage|p1a: Ferryman|51\/100 brn|[from] brn\n|upkeep\n|turn|7\n|\n|t:|1700312961\n|switch|p2a: Corviknight|Corviknight, M|100\/100\n|move|p1a: Ferryman|Swords Dance|p1a: Ferryman\n|-boost|p1a: Ferryman|atk|2\n|\n|-weather|Sandstorm|[upkeep]\n|-damage|p1a: Ferryman|45\/100 brn|[from] Sandstorm\n|-damage|p1a: Ferryman|38\/100 brn|[from] brn\n|upkeep\n|turn|8\n|c|\u2606Irvantheboredone|Skeledirge users try not to make you say \"ew\" challenge (impossible)\n|\n|t:|1700312970\n|move|p1a: Ferryman|Sucker Punch|p2a: Corviknight\n|-damage|p2a: Corviknight|64\/100\n|-damage|p1a: Ferryman|22\/100 brn|[from] item: Rocky Helmet|[of] p2a: Corviknight\n|move|p2a: Corviknight|U-turn|p1a: Ferryman\n|-supereffective|p1a: Ferryman\n|-damage|p1a: Ferryman|0 fnt\n|faint|p1a: Ferryman\n|-end|p1a: Ferryman|fallenundefined|[silent]\n|\n|t:|1700312975\n|switch|p2a: Clefable|Clefable, M|19\/100|[from] U-turn\n|\n|-weather|none\n|-heal|p2a: Clefable|25\/100|[from] item: Leftovers\n|upkeep\n|\n|t:|1700312981\n|switch|p1a: Leviathan|Gyarados, M, shiny|100\/100\n|-damage|p1a: Leviathan|76\/100|[from] Stealth Rock\n|turn|9\n|\n|t:|1700312984\n|move|p2a: Clefable|Protect|p2a: Clefable\n|-singleturn|p2a: Clefable|Protect\n|move|p1a: Leviathan|Iron Head|p2a: Clefable\n|-activate|p2a: Clefable|move: Protect\n|\n|-heal|p2a: Clefable|31\/100|[from] item: Leftovers\n|upkeep\n|turn|10\n|\n|t:|1700312992\n|switch|p2a: Corviknight|Corviknight, M|64\/100\n|move|p1a: Leviathan|Dragon Dance|p1a: Leviathan\n|-boost|p1a: Leviathan|atk|1\n|-boost|p1a: Leviathan|spe|1\n|\n|upkeep\n|turn|11\n|\n|t:|1700312997\n|move|p1a: Leviathan|Waterfall|p2a: Corviknight\n|-damage|p2a: Corviknight|28\/100\n|-damage|p1a: Leviathan|59\/100|[from] item: Rocky Helmet|[of] p2a: Corviknight\n|move|p2a: Corviknight|Roost|p2a: Corviknight\n|-heal|p2a: Corviknight|78\/100\n|-singleturn|p2a: Corviknight|move: Roost\n|\n|upkeep\n|turn|12\n|\n|t:|1700313007\n|move|p1a: Leviathan|Waterfall|p2a: Corviknight\n|-damage|p2a: Corviknight|40\/100\n|-damage|p1a: Leviathan|42\/100|[from] item: Rocky Helmet|[of] p2a: Corviknight\n|move|p2a: Corviknight|U-turn|p1a: Leviathan\n|-resisted|p1a: Leviathan\n|-damage|p1a: Leviathan|34\/100\n|\n|t:|1700313014\n|switch|p2a: Goodra|Goodra-Hisui, M|81\/100|[from] U-turn\n|\n|upkeep\n|turn|13\n|\n|t:|1700313015\n|move|p1a: Leviathan|Earthquake|p2a: Goodra\n|-supereffective|p2a: Goodra\n|-damage|p2a: Goodra|0 fnt\n|faint|p2a: Goodra\n|-ability|p1a: Leviathan|Moxie|boost\n|-boost|p1a: Leviathan|atk|1\n|\n|upkeep\n|\n|t:|1700313019\n|switch|p2a: Tyranitar|Tyranitar, M|67\/100\n|-weather|Sandstorm|[from] ability: Sand Stream|[of] p2a: Tyranitar\n|turn|14\n|\n|t:|1700313029\n|move|p1a: Leviathan|Waterfall|p2a: Tyranitar\n|-supereffective|p2a: Tyranitar\n|-damage|p2a: Tyranitar|0 fnt\n|faint|p2a: Tyranitar\n|-ability|p1a: Leviathan|Moxie|boost\n|-boost|p1a: Leviathan|atk|1\n|\n|-weather|Sandstorm|[upkeep]\n|-damage|p1a: Leviathan|28\/100|[from] Sandstorm\n|upkeep\n|\n|t:|1700313032\n|switch|p2a: Corviknight|Corviknight, M|40\/100\n|turn|15\n|\n|t:|1700313035\n|move|p1a: Leviathan|Waterfall|p2a: Corviknight\n|-damage|p2a: Corviknight|0 fnt\n|-damage|p1a: Leviathan|11\/100|[from] item: Rocky Helmet|[of] p2a: Corviknight\n|faint|p2a: Corviknight\n|-ability|p1a: Leviathan|Moxie|boost\n|-boost|p1a: Leviathan|atk|1\n|\n|-weather|Sandstorm|[upkeep]\n|-damage|p1a: Leviathan|5\/100|[from] Sandstorm\n|upkeep\n|c|\u2606Irvantheboredone|Get leviathan'd\n|\n|t:|1700313040\n|switch|p2a: Clefable|Clefable, M|31\/100\n|turn|16\n|\n|t:|1700313042\n|move|p2a: Clefable|Protect|p2a: Clefable\n|-singleturn|p2a: Clefable|Protect\n|move|p1a: Leviathan|Iron Head|p2a: Clefable\n|-activate|p2a: Clefable|move: Protect\n|\n|-weather|Sandstorm|[upkeep]\n|-damage|p1a: Leviathan|0 fnt|[from] Sandstorm\n|faint|p1a: Leviathan\n|-heal|p2a: Clefable|37\/100|[from] item: Leftovers\n|upkeep\n|\n|t:|1700313046\n|switch|p1a: V2|Scizor, F|100\/100\n|-damage|p1a: V2|88\/100|[from] Stealth Rock\n|turn|17\n|\n|t:|1700313051\n|move|p1a: V2|Swords Dance|p1a: V2\n|-boost|p1a: V2|atk|2\n|move|p2a: Clefable|Thunder Wave|p1a: V2\n|-status|p1a: V2|par\n|\n|-weather|Sandstorm|[upkeep]\n|-heal|p2a: Clefable|43\/100|[from] item: Leftovers\n|upkeep\n|turn|18\n|\n|t:|1700313058\n|move|p2a: Clefable|Protect|p2a: Clefable\n|-singleturn|p2a: Clefable|Protect\n|cant|p1a: V2|par\n|\n|-weather|Sandstorm|[upkeep]\n|-heal|p2a: Clefable|49\/100|[from] item: Leftovers\n|upkeep\n|turn|19\n|\n|t:|1700313062\n|move|p1a: V2|Bullet Punch|p2a: Clefable\n|-supereffective|p2a: Clefable\n|-damage|p2a: Clefable|0 fnt\n|faint|p2a: Clefable\n|\n|-weather|Sandstorm|[upkeep]\n|upkeep\n|\n|t:|1700313065\n|switch|p2a: Skeledirge|Skeledirge, M|100\/100\n|turn|20\n|\n|t:|1700313069\n|move|p2a: Skeledirge|Torch Song|p1a: V2\n|-supereffective|p1a: V2\n|-damage|p1a: V2|0 fnt\n|-boost|p2a: Skeledirge|spa|1\n|faint|p1a: V2\n|\n|-weather|Sandstorm|[upkeep]\n|upkeep\n|\n|t:|1700313072\n|switch|p1a: Gabriel|Gallade, M|100\/100\n|-damage|p1a: Gabriel|94\/100|[from] Stealth Rock\n|turn|21\n|\n|t:|1700313075\n|-terastallize|p2a: Skeledirge|Fairy\n|move|p1a: Gabriel|Night Slash|p2a: Skeledirge\n|-resisted|p2a: Skeledirge\n|-crit|p2a: Skeledirge\n|-damage|p2a: Skeledirge|81\/100\n|move|p2a: Skeledirge|Will-O-Wisp|p1a: Gabriel\n|-status|p1a: Gabriel|brn\n|\n|-weather|none\n|-damage|p1a: Gabriel|88\/100 brn|[from] brn\n|upkeep\n|turn|22\n|\n|t:|1700313084\n|move|p1a: Gabriel|Psycho Cut|p2a: Skeledirge\n|-crit|p2a: Skeledirge\n|-damage|p2a: Skeledirge|52\/100\n|move|p2a: Skeledirge|Torch Song|p1a: Gabriel\n|-damage|p1a: Gabriel|40\/100 brn\n|-boost|p2a: Skeledirge|spa|1\n|\n|-damage|p1a: Gabriel|34\/100 brn|[from] brn\n|upkeep\n|turn|23\n|\n|t:|1700313089\n|move|p1a: Gabriel|Psycho Cut|p2a: Skeledirge\n|-damage|p2a: Skeledirge|32\/100\n|move|p2a: Skeledirge|Slack Off|p2a: Skeledirge\n|-heal|p2a: Skeledirge|82\/100\n|\n|-damage|p1a: Gabriel|27\/100 brn|[from] brn\n|upkeep\n|turn|24\n|\n|t:|1700313094\n|move|p1a: Gabriel|Psycho Cut|p2a: Skeledirge\n|-damage|p2a: Skeledirge|62\/100\n|move|p2a: Skeledirge|Slack Off|p2a: Skeledirge\n|-heal|p2a: Skeledirge|100\/100\n|\n|-damage|p1a: Gabriel|21\/100 brn|[from] brn\n|upkeep\n|turn|25\n|\n|t:|1700313097\n|move|p1a: Gabriel|Psycho Cut|p2a: Skeledirge\n|-damage|p2a: Skeledirge|82\/100\n|move|p2a: Skeledirge|Will-O-Wisp|p1a: Gabriel\n|-fail|p1a: Gabriel|brn\n|\n|-damage|p1a: Gabriel|15\/100 brn|[from] brn\n|upkeep\n|turn|26\n|\n|t:|1700313100\n|move|p1a: Gabriel|Psycho Cut|p2a: Skeledirge\n|-damage|p2a: Skeledirge|62\/100\n|move|p2a: Skeledirge|Torch Song|p1a: Gabriel\n|-damage|p1a: Gabriel|0 fnt\n|-boost|p2a: Skeledirge|spa|1\n|faint|p1a: Gabriel\n|\n|upkeep\n|\n|t:|1700313103\n|switch|p1a: Mindflayer|Thundurus-Therian, M|100\/100\n|-damage|p1a: Mindflayer|75\/100|[from] Stealth Rock\n|turn|27\n|\n|t:|1700313105\n|move|p1a: Mindflayer|Flash Cannon|p2a: Skeledirge\n|-supereffective|p2a: Skeledirge\n|-damage|p2a: Skeledirge|0 fnt\n|faint|p2a: Skeledirge\n|\n|upkeep\n|\n|t:|1700313108\n|switch|p2a: Great Tusk|Great Tusk|100\/100\n|turn|28\n|\n|t:|1700313111\n|move|p1a: Mindflayer|Flash Cannon|p2a: Great Tusk\n|-crit|p2a: Great Tusk\n|-damage|p2a: Great Tusk|22\/100\n|move|p2a: Great Tusk|Knock Off|p1a: Mindflayer\n|-damage|p1a: Mindflayer|0 fnt\n|-enditem|p1a: Mindflayer|Wide Lens|[from] move: Knock Off|[of] p2a: Great Tusk\n|faint|p1a: Mindflayer\n|\n|upkeep\n|c|\u2606Irvantheboredone|So was that stall worth it or\n|\n|t:|1700313119\n|switch|p1a: V1|Inteleon, M|82\/100\n|-damage|p1a: V1|70\/100|[from] Stealth Rock\n|turn|29\n|\n|t:|1700313122\n|move|p1a: V1|Snipe Shot|p2a: Great Tusk\n|-supereffective|p2a: Great Tusk\n|-damage|p2a: Great Tusk|0 fnt\n|faint|p2a: Great Tusk\n|-end|p2a: Great Tusk|Protosynthesis|[silent]\n|\n|win|Irvantheboredone\n|raw|Irvantheboredone's rating: 1217 &rarr; <strong>1240<\/strong><br \/>(+23 for winning)\n|raw|ScorpionCurry's rating: 1186 &rarr; <strong>1163<\/strong><br \/>(-23 for losing)\n|c|\u2606Irvantheboredone|I thought so\n|l|\u2606ScorpionCurry\n","uploadtime":1700313130,"views":9,"p1id":"irvantheboredone","p2id":"scorpioncurry","formatid":"gen9ou","rating":1163,"private":0,"password":""}