{"id":"gen9ou-1997720306","p1":"rainheimer","p2":"Prismai","format":"[Gen 9] OU","log":"|j|\u2606rainheimer\n|j|\u2606Prismai\n|t:|1700845479\n|gametype|singles\n|player|p1|rainheimer|265|1572\n|player|p2|Prismai|pokemaniac|1566\n|teamsize|p1|6\n|teamsize|p2|6\n|gen|9\n|tier|[Gen 9] OU\n|rated|\n|rule|Sleep Clause Mod: Limit one foe put to sleep\n|rule|Species Clause: Limit one of each Pok\u00e9mon\n|rule|OHKO Clause: OHKO moves are banned\n|rule|Evasion Items Clause: Evasion items are banned\n|rule|Evasion Moves Clause: Evasion moves are banned\n|rule|Endless Battle Clause: Forcing endless battles is banned\n|rule|HP Percentage Mod: HP is shown in percentages\n|clearpoke\n|poke|p1|Samurott-Hisui, M|\n|poke|p1|Pelipper, F|\n|poke|p1|Zapdos|\n|poke|p1|Scizor, F|\n|poke|p1|Barraskewda, F|\n|poke|p1|Amoonguss, M|\n|poke|p2|Dragapult, F|\n|poke|p2|Hatterene, F|\n|poke|p2|Zapdos|\n|poke|p2|Zamazenta-*|\n|poke|p2|Clodsire, F|\n|poke|p2|Cloyster, M|\n|teampreview\n|inactive|Battle timer is ON: inactive players will automatically lose when time's up. (requested by Prismai)\n|\n|t:|1700845508\n|start\n|switch|p1a: Barraskewda|Barraskewda, F|100\/100\n|switch|p2a: Zapdos|Zapdos|100\/100\n|turn|1\n|\n|t:|1700845511\n|move|p1a: Barraskewda|Flip Turn|p2a: Zapdos\n|-damage|p2a: Zapdos|52\/100\n|\n|t:|1700845514\n|switch|p1a: Zapdos|Zapdos|100\/100|[from] Flip Turn\n|-ability|p1a: Zapdos|Pressure\n|move|p2a: Zapdos|Volt Switch|p1a: Zapdos\n|-damage|p1a: Zapdos|57\/100\n|\n|t:|1700845519\n|switch|p2a: Cloyster|Cloyster, M|100\/100|[from] Volt Switch\n|\n|upkeep\n|turn|2\n|\n|t:|1700845523\n|move|p1a: Zapdos|Volt Switch|p2a: Cloyster\n|-supereffective|p2a: Cloyster\n|-enditem|p2a: Cloyster|Focus Sash\n|-damage|p2a: Cloyster|1\/100\n|\n|t:|1700845530\n|switch|p1a: Scizor|Scizor, F|100\/100|[from] Volt Switch\n|move|p2a: Cloyster|Shell Smash|p2a: Cloyster\n|-unboost|p2a: Cloyster|def|1\n|-unboost|p2a: Cloyster|spd|1\n|-boost|p2a: Cloyster|atk|2\n|-boost|p2a: Cloyster|spa|2\n|-boost|p2a: Cloyster|spe|2\n|\n|upkeep\n|turn|3\n|\n|t:|1700845535\n|switch|p2a: Zapdos|Zapdos|52\/100\n|move|p1a: Scizor|Bullet Punch|p2a: Zapdos\n|-resisted|p2a: Zapdos\n|-damage|p2a: Zapdos|28\/100\n|-status|p1a: Scizor|par|[from] ability: Static|[of] p2a: Zapdos\n|\n|upkeep\n|turn|4\n|\n|t:|1700845542\n|move|p1a: Scizor|Bullet Punch|p2a: Zapdos\n|-resisted|p2a: Zapdos\n|-damage|p2a: Zapdos|0 fnt\n|faint|p2a: Zapdos\n|\n|upkeep\n|j| Ashfak\n|\n|t:|1700845550\n|switch|p2a: Dragapult|Dragapult, F, shiny|100\/100\n|turn|5\n|\n|t:|1700845554\n|move|p1a: Scizor|Bullet Punch|p2a: Dragapult\n|-damage|p2a: Dragapult|36\/100\n|move|p2a: Dragapult|Fire Blast|p1a: Scizor\n|-supereffective|p1a: Scizor\n|-damage|p1a: Scizor|0 fnt\n|faint|p1a: Scizor\n|\n|upkeep\n|\n|t:|1700845559\n|switch|p1a: Samurott|Samurott-Hisui, M|100\/100\n|turn|6\n|\n|t:|1700845563\n|switch|p2a: Clodsire|Clodsire, F|100\/100\n|move|p1a: Samurott|Ceaseless Edge|p2a: Clodsire\n|-damage|p2a: Clodsire|51\/100\n|-sidestart|p2: Prismai|Spikes\n|\n|-heal|p2a: Clodsire|57\/100|[from] item: Black Sludge\n|upkeep\n|turn|7\n|\n|t:|1700845567\n|move|p1a: Samurott|Ceaseless Edge|p2a: Clodsire\n|-damage|p2a: Clodsire|4\/100\n|-sidestart|p2: Prismai|Spikes\n|move|p2a: Clodsire|Recover|p2a: Clodsire\n|-heal|p2a: Clodsire|54\/100\n|\n|-heal|p2a: Clodsire|61\/100|[from] item: Black Sludge\n|upkeep\n|turn|8\n|\n|t:|1700845571\n|move|p1a: Samurott|Ceaseless Edge|p2a: Clodsire|[miss]\n|-miss|p1a: Samurott|p2a: Clodsire\n|move|p2a: Clodsire|Toxic|p1a: Samurott\n|-status|p1a: Samurott|tox\n|\n|-heal|p2a: Clodsire|67\/100|[from] item: Black Sludge\n|-damage|p1a: Samurott|94\/100 tox|[from] psn\n|upkeep\n|turn|9\n|\n|t:|1700845573\n|move|p1a: Samurott|Ceaseless Edge|p2a: Clodsire\n|-damage|p2a: Clodsire|16\/100\n|-sidestart|p2: Prismai|Spikes\n|move|p2a: Clodsire|Stealth Rock|p1a: Samurott\n|-sidestart|p1: rainheimer|move: Stealth Rock\n|\n|-heal|p2a: Clodsire|22\/100|[from] item: Black Sludge\n|-damage|p1a: Samurott|82\/100 tox|[from] psn\n|upkeep\n|turn|10\n|\n|t:|1700845577\n|switch|p2a: Zamazenta|Zamazenta, shiny|100\/100\n|-damage|p2a: Zamazenta|75\/100|[from] Spikes\n|-ability|p2a: Zamazenta|Dauntless Shield|boost\n|-boost|p2a: Zamazenta|def|1\n|move|p1a: Samurott|Ceaseless Edge|p2a: Zamazenta\n|-resisted|p2a: Zamazenta\n|-crit|p2a: Zamazenta\n|-damage|p2a: Zamazenta|47\/100\n|\n|-heal|p2a: Zamazenta|54\/100|[from] item: Leftovers\n|-damage|p1a: Samurott|63\/100 tox|[from] psn\n|upkeep\n|turn|11\n|\n|t:|1700845581\n|switch|p1a: Pelipper|Pelipper, F|100\/100\n|-damage|p1a: Pelipper|76\/100|[from] Stealth Rock\n|-weather|RainDance|[from] ability: Drizzle|[of] p1a: Pelipper\n|move|p2a: Zamazenta|Iron Defense|p2a: Zamazenta\n|-boost|p2a: Zamazenta|def|2\n|\n|-weather|RainDance|[upkeep]\n|-heal|p2a: Zamazenta|60\/100|[from] item: Leftovers\n|upkeep\n|turn|12\n|\n|t:|1700845586\n|move|p2a: Zamazenta|Crunch|p1a: Pelipper\n|-damage|p1a: Pelipper|55\/100\n|move|p1a: Pelipper|Hurricane|p2a: Zamazenta\n|-supereffective|p2a: Zamazenta\n|-damage|p2a: Zamazenta|0 fnt\n|faint|p2a: Zamazenta\n|\n|-weather|RainDance|[upkeep]\n|upkeep\n|\n|t:|1700845589\n|switch|p2a: Clodsire|Clodsire, F|22\/100\n|-damage|p2a: Clodsire|0 fnt|[from] Spikes\n|faint|p2a: Clodsire\n|\n|t:|1700845590\n|switch|p2a: Dragapult|Dragapult, F, shiny|36\/100\n|-damage|p2a: Dragapult|11\/100|[from] Spikes\n|turn|13\n|-message|Prismai forfeited.\n|\n|win|rainheimer\n|raw|rainheimer's rating: 1572 &rarr; <strong>1592<\/strong><br \/>(+20 for winning)\n|raw|Prismai's rating: 1566 &rarr; <strong>1546<\/strong><br \/>(-20 for losing)\n|l|\u2606Prismai\n","uploadtime":1700845711,"views":4,"p1id":"rainheimer","p2id":"prismai","formatid":"gen9ou","rating":1546,"private":0,"password":""}