{"id":"gen9ou-1992189418","p1":"Tyrano131","p2":"newshowwhodis","format":"[Gen 9] OU","log":"|j|\u2606Tyrano131\n|j|\u2606newshowwhodis\n|t:|1700162398\n|gametype|singles\n|player|p1|Tyrano131|170|1269\n|player|p2|newshowwhodis|170|1196\n|teamsize|p1|6\n|teamsize|p2|6\n|gen|9\n|tier|[Gen 9] OU\n|rated|\n|rule|Sleep Clause Mod: Limit one foe put to sleep\n|rule|Species Clause: Limit one of each Pok\u00e9mon\n|rule|OHKO Clause: OHKO moves are banned\n|rule|Evasion Items Clause: Evasion items are banned\n|rule|Evasion Moves Clause: Evasion moves are banned\n|rule|Endless Battle Clause: Forcing endless battles is banned\n|rule|HP Percentage Mod: HP is shown in percentages\n|clearpoke\n|poke|p1|Corviknight, F|\n|poke|p1|Iron Valiant|\n|poke|p1|Gholdengo|\n|poke|p1|Toxapex, F|\n|poke|p1|Great Tusk|\n|poke|p1|Dragonite, F|\n|poke|p2|Rotom-Wash|\n|poke|p2|Gengar, F|\n|poke|p2|Scyther, M|\n|poke|p2|Basculin-White-Striped, M|\n|poke|p2|Naclstack, F|\n|poke|p2|Meloetta|\n|teampreview\n|inactive|Battle timer is ON: inactive players will automatically lose when time's up. (requested by Tyrano131)\n|inactive|newshowwhodis has 120 seconds left.\n|\n|t:|1700162447\n|start\n|switch|p1a: Iron Valiant|Iron Valiant|100\/100\n|switch|p2a: Rotom|Rotom-Wash|100\/100\n|turn|1\n|\n|t:|1700162465\n|move|p2a: Rotom|Protect|p2a: Rotom\n|-singleturn|p2a: Rotom|Protect\n|move|p1a: Iron Valiant|Moonblast|p2a: Rotom\n|-activate|p2a: Rotom|move: Protect\n|\n|upkeep\n|turn|2\n|\n|t:|1700162475\n|move|p1a: Iron Valiant|Moonblast|p2a: Rotom\n|-damage|p2a: Rotom|49\/100\n|-unboost|p2a: Rotom|spa|1\n|move|p2a: Rotom|Hydro Pump|p1a: Iron Valiant\n|-damage|p1a: Iron Valiant|54\/100\n|\n|-heal|p2a: Rotom|55\/100|[from] item: Leftovers\n|upkeep\n|turn|3\n|\n|t:|1700162490\n|move|p2a: Rotom|Protect|p2a: Rotom\n|-singleturn|p2a: Rotom|Protect\n|move|p1a: Iron Valiant|Moonblast|p2a: Rotom\n|-activate|p2a: Rotom|move: Protect\n|\n|-heal|p2a: Rotom|62\/100|[from] item: Leftovers\n|upkeep\n|turn|4\n|\n|t:|1700162497\n|switch|p2a: Naclstack|Naclstack, F|100\/100\n|-terastallize|p1a: Iron Valiant|Fairy\n|move|p1a: Iron Valiant|Moonblast|p2a: Naclstack\n|-damage|p2a: Naclstack|36\/100\n|\n|upkeep\n|turn|5\n|\n|t:|1700162516\n|switch|p2a: Scyther|Scyther, M|100\/100\n|move|p1a: Iron Valiant|Moonblast|p2a: Scyther\n|-damage|p2a: Scyther|0 fnt\n|faint|p2a: Scyther\n|\n|upkeep\n|\n|t:|1700162525\n|switch|p2a: Gengar|Gengar, F|100\/100\n|turn|6\n|\n|t:|1700162532\n|-end|p1a: Iron Valiant|Quark Drive|[silent]\n|switch|p1a: Perchapex|Toxapex, F, shiny|100\/100\n|move|p2a: Gengar|Shadow Ball|p1a: Perchapex\n|-damage|p1a: Perchapex|58\/100\n|\n|-heal|p1a: Perchapex|64\/100|[from] item: Leftovers\n|upkeep\n|turn|7\n|\n|t:|1700162547\n|switch|p2a: Rotom|Rotom-Wash|62\/100\n|move|p1a: Perchapex|Recover|p1a: Perchapex\n|-heal|p1a: Perchapex|100\/100\n|\n|-heal|p2a: Rotom|68\/100|[from] item: Leftovers\n|upkeep\n|turn|8\n|\n|t:|1700162571\n|switch|p1a: Dragonite|Dragonite, F|100\/100\n|move|p2a: Rotom|Volt Switch|p1a: Dragonite\n|-damage|p1a: Dragonite|86\/100\n|\n|t:|1700162586\n|switch|p2a: Naclstack|Naclstack, F|36\/100|[from] Volt Switch\n|\n|upkeep\n|turn|9\n|\n|t:|1700162597\n|move|p1a: Dragonite|Earthquake|p2a: Naclstack\n|-supereffective|p2a: Naclstack\n|-damage|p2a: Naclstack|0 fnt\n|faint|p2a: Naclstack\n|\n|upkeep\n|\n|t:|1700162609\n|switch|p2a: Rotom|Rotom-Wash|68\/100\n|turn|10\n|\n|t:|1700162616\n|move|p1a: Dragonite|Dragon Dance|p1a: Dragonite\n|-boost|p1a: Dragonite|atk|1\n|-boost|p1a: Dragonite|spe|1\n|move|p2a: Rotom|Thunder Wave|p1a: Dragonite\n|-status|p1a: Dragonite|par\n|-enditem|p1a: Dragonite|Lum Berry|[eat]\n|-curestatus|p1a: Dragonite|par|[msg]\n|\n|-heal|p2a: Rotom|74\/100|[from] item: Leftovers\n|upkeep\n|turn|11\n|\n|t:|1700162627\n|move|p1a: Dragonite|Extreme Speed|p2a: Rotom\n|-damage|p2a: Rotom|27\/100\n|move|p2a: Rotom|Thunder Wave|p1a: Dragonite\n|-status|p1a: Dragonite|par\n|\n|-heal|p2a: Rotom|34\/100|[from] item: Leftovers\n|upkeep\n|turn|12\n|\n|t:|1700162634\n|switch|p2a: Gengar|Gengar, F|100\/100\n|cant|p1a: Dragonite|par\n|\n|upkeep\n|turn|13\n|\n|t:|1700162640\n|-terastallize|p2a: Gengar|Ghost\n|move|p2a: Gengar|Shadow Ball|p1a: Dragonite\n|-damage|p1a: Dragonite|0 fnt\n|faint|p1a: Dragonite\n|\n|upkeep\n|\n|t:|1700162656\n|switch|p1a: Perchapex|Toxapex, F, shiny|100\/100\n|turn|14\n|\n|t:|1700162661\n|switch|p2a: Meloetta|Meloetta|100\/100\n|move|p1a: Perchapex|Toxic|p2a: Meloetta\n|-status|p2a: Meloetta|tox\n|\n|-damage|p2a: Meloetta|94\/100 tox|[from] psn\n|upkeep\n|turn|15\n|\n|t:|1700162670\n|switch|p1a: Gholdengo|Gholdengo|100\/100\n|move|p2a: Meloetta|Knock Off|p1a: Gholdengo\n|-supereffective|p1a: Gholdengo\n|-damage|p1a: Gholdengo|64\/100\n|-enditem|p1a: Gholdengo|Covert Cloak|[from] move: Knock Off|[of] p2a: Meloetta\n|\n|-damage|p2a: Meloetta|82\/100 tox|[from] psn\n|upkeep\n|turn|16\n|\n|t:|1700162683\n|move|p1a: Gholdengo|Make It Rain|p2a: Meloetta\n|-damage|p2a: Meloetta|50\/100 tox\n|-unboost|p1a: Gholdengo|spa|1\n|move|p2a: Meloetta|U-turn|p1a: Gholdengo\n|-resisted|p1a: Gholdengo\n|-damage|p1a: Gholdengo|61\/100\n|\n|t:|1700162689\n|switch|p2a: Gengar|Gengar, F, tera:Ghost|100\/100|[from] U-turn\n|\n|upkeep\n|turn|17\n|\n|t:|1700162699\n|switch|p1a: Perchapex|Toxapex, F, shiny|100\/100\n|move|p2a: Gengar|Thunderbolt|p1a: Perchapex\n|-supereffective|p1a: Perchapex\n|-damage|p1a: Perchapex|41\/100\n|\n|-heal|p1a: Perchapex|47\/100|[from] item: Leftovers\n|upkeep\n|turn|18\n|\n|t:|1700162706\n|switch|p1a: Great Tusk|Great Tusk|100\/100\n|move|p2a: Gengar|Thunderbolt|p1a: Great Tusk\n|-immune|p1a: Great Tusk\n|\n|upkeep\n|turn|19\n|\n|t:|1700162714\n|switch|p2a: Rotom|Rotom-Wash|34\/100\n|move|p1a: Great Tusk|Knock Off|p2a: Rotom\n|-damage|p2a: Rotom|5\/100\n|-enditem|p2a: Rotom|Leftovers|[from] move: Knock Off|[of] p1a: Great Tusk\n|\n|upkeep\n|turn|20\n|\n|t:|1700162725\n|-end|p1a: Great Tusk|Protosynthesis|[silent]\n|switch|p1a: Iron Valiant|Iron Valiant, tera:Fairy|54\/100\n|move|p2a: Rotom|Hydro Pump|p1a: Iron Valiant\n|-damage|p1a: Iron Valiant|0 fnt\n|faint|p1a: Iron Valiant\n|-end|p1a: Iron Valiant|Quark Drive|[silent]\n|\n|upkeep\n|\n|t:|1700162743\n|switch|p1a: Gholdengo|Gholdengo|61\/100\n|turn|21\n|\n|t:|1700162748\n|move|p1a: Gholdengo|Make It Rain|p2a: Rotom\n|-resisted|p2a: Rotom\n|-damage|p2a: Rotom|0 fnt\n|-unboost|p1a: Gholdengo|spa|1\n|faint|p2a: Rotom\n|\n|upkeep\n|\n|t:|1700162756\n|switch|p2a: Gengar|Gengar, F, tera:Ghost|100\/100\n|turn|22\n|\n|t:|1700162760\n|switch|p1a: Perchapex|Toxapex, F, shiny|80\/100\n|move|p2a: Gengar|Shadow Ball|p1a: Perchapex\n|-damage|p1a: Perchapex|27\/100\n|-unboost|p1a: Perchapex|spd|1\n|\n|-heal|p1a: Perchapex|34\/100|[from] item: Leftovers\n|upkeep\n|turn|23\n|\n|t:|1700162776\n|switch|p1a: Corviknight|Corviknight, F, shiny|100\/100\n|-ability|p1a: Corviknight|Pressure\n|move|p2a: Gengar|Shadow Ball|p1a: Corviknight\n|-damage|p1a: Corviknight|12\/100\n|-unboost|p1a: Corviknight|spd|1\n|\n|-heal|p1a: Corviknight|19\/100|[from] item: Leftovers\n|upkeep\n|turn|24\n|\n|t:|1700162792\n|move|p2a: Gengar|Shadow Ball|p1a: Corviknight\n|-damage|p1a: Corviknight|0 fnt\n|faint|p1a: Corviknight\n|\n|upkeep\n|\n|t:|1700162799\n|switch|p1a: Perchapex|Toxapex, F, shiny|67\/100\n|turn|25\n|\n|t:|1700162807\n|move|p2a: Gengar|Shadow Ball|p1a: Perchapex\n|-damage|p1a: Perchapex|15\/100\n|move|p1a: Perchapex|Toxic|p2a: Gengar\n|-status|p2a: Gengar|tox\n|\n|-heal|p1a: Perchapex|21\/100|[from] item: Leftovers\n|-damage|p2a: Gengar|94\/100 tox|[from] psn\n|upkeep\n|turn|26\n|\n|t:|1700162824\n|switch|p1a: Great Tusk|Great Tusk|100\/100\n|move|p2a: Gengar|Shadow Ball|p1a: Great Tusk\n|-damage|p1a: Great Tusk|0 fnt\n|faint|p1a: Great Tusk\n|-end|p1a: Great Tusk|Protosynthesis|[silent]\n|\n|-damage|p2a: Gengar|82\/100 tox|[from] psn\n|upkeep\n|\n|t:|1700162833\n|switch|p1a: Perchapex|Toxapex, F, shiny|54\/100\n|turn|27\n|\n|t:|1700162838\n|move|p2a: Gengar|Shadow Ball|p1a: Perchapex\n|-damage|p1a: Perchapex|0 fnt\n|faint|p1a: Perchapex\n|\n|-damage|p2a: Gengar|64\/100 tox|[from] psn\n|upkeep\n|\n|t:|1700162844\n|switch|p1a: Gholdengo|Gholdengo|61\/100\n|turn|28\n|\n|t:|1700162847\n|move|p2a: Gengar|Shadow Ball|p1a: Gholdengo\n|-supereffective|p1a: Gholdengo\n|-damage|p1a: Gholdengo|0 fnt\n|faint|p1a: Gholdengo\n|\n|win|newshowwhodis\n|raw|Tyrano131's rating: 1269 &rarr; <strong>1239<\/strong><br \/>(-30 for losing)\n|raw|newshowwhodis's rating: 1196 &rarr; <strong>1226<\/strong><br \/>(+30 for winning)\n|l|\u2606Tyrano131\n","uploadtime":1700162852,"views":9,"p1id":"tyrano131","p2id":"newshowwhodis","formatid":"gen9ou","rating":1226,"private":0,"password":""}