{"id":"gen9ou-1988235060","p1":"TakeshiKero","p2":"MelloSapp","format":"[Gen 9] OU","log":"|j|\u2606TakeshiKero\n|j|\u2606MelloSapp\n|t:|1699691095\n|gametype|singles\n|player|p1|TakeshiKero|hilbert|1120\n|player|p2|MelloSapp|janitor|1098\n|teamsize|p1|6\n|teamsize|p2|6\n|gen|9\n|tier|[Gen 9] OU\n|rated|\n|rule|Sleep Clause Mod: Limit one foe put to sleep\n|rule|Species Clause: Limit one of each Pok\u00e9mon\n|rule|OHKO Clause: OHKO moves are banned\n|rule|Evasion Items Clause: Evasion items are banned\n|rule|Evasion Moves Clause: Evasion moves are banned\n|rule|Endless Battle Clause: Forcing endless battles is banned\n|rule|HP Percentage Mod: HP is shown in percentages\n|clearpoke\n|poke|p1|Milotic, F|\n|poke|p1|Politoed, M|\n|poke|p1|Zapdos|\n|poke|p1|Ribombee, F|\n|poke|p1|Dragapult, M|\n|poke|p1|Scizor, F|\n|poke|p2|Sneasler, M|\n|poke|p2|Electrode-Hisui|\n|poke|p2|Gliscor, F|\n|poke|p2|Samurott-Hisui, M|\n|poke|p2|Ceruledge, M|\n|poke|p2|Clefable, F|\n|teampreview\n|\n|t:|1699691112\n|start\n|switch|p1a: Ribombee|Ribombee, F|100\/100\n|switch|p2a: FastestPokemonInOU|Electrode-Hisui|100\/100\n|turn|1\n|\n|t:|1699691118\n|move|p2a: FastestPokemonInOU|Taunt|p1a: Ribombee\n|-start|p1a: Ribombee|move: Taunt\n|cant|p1a: Ribombee|move: Taunt|Sticky Web\n|\n|upkeep\n|turn|2\n|\n|t:|1699691134\n|switch|p1a: Milotic|Milotic, F|100\/100\n|move|p2a: FastestPokemonInOU|Thunder|p1a: Milotic\n|-supereffective|p1a: Milotic\n|-damage|p1a: Milotic|10\/100\n|-status|p1a: Milotic|par\n|-damage|p2a: FastestPokemonInOU|91\/100|[from] item: Life Orb\n|\n|-heal|p1a: Milotic|16\/100 par|[from] item: Leftovers\n|upkeep\n|turn|3\n|\n|t:|1699691146\n|move|p2a: FastestPokemonInOU|Foul Play|p1a: Milotic\n|-damage|p1a: Milotic|2\/100 par\n|-damage|p2a: FastestPokemonInOU|81\/100|[from] item: Life Orb\n|cant|p1a: Milotic|par\n|\n|-heal|p1a: Milotic|8\/100 par|[from] item: Leftovers\n|upkeep\n|turn|4\n|\n|t:|1699691153\n|move|p2a: FastestPokemonInOU|Foul Play|p1a: Milotic\n|-damage|p1a: Milotic|0 fnt\n|faint|p1a: Milotic\n|-damage|p2a: FastestPokemonInOU|71\/100|[from] item: Life Orb\n|\n|upkeep\n|\n|t:|1699691161\n|switch|p1a: Dragapult|Dragapult, M|100\/100\n|turn|5\n|\n|t:|1699691166\n|-terastallize|p1a: Dragapult|Dragon\n|move|p2a: FastestPokemonInOU|Foul Play|p1a: Dragapult\n|-damage|p1a: Dragapult|46\/100\n|-damage|p2a: FastestPokemonInOU|61\/100|[from] item: Life Orb\n|move|p1a: Dragapult|Dragon Darts|p2a: FastestPokemonInOU\n|-damage|p2a: FastestPokemonInOU|0 fnt\n|faint|p2a: FastestPokemonInOU\n|\n|upkeep\n|\n|t:|1699691185\n|switch|p2a: Bulky thing|Clefable, F|100\/100\n|turn|6\n|\n|t:|1699691191\n|switch|p1a: Scizor|Scizor, F|100\/100\n|move|p2a: Bulky thing|Moonblast|p1a: Scizor\n|-resisted|p1a: Scizor\n|-damage|p1a: Scizor|84\/100\n|-unboost|p1a: Scizor|spa|1\n|\n|upkeep\n|turn|7\n|\n|t:|1699691206\n|switch|p2a: Reason2BuyViolet|Ceruledge, M|100\/100\n|move|p1a: Scizor|Swords Dance|p1a: Scizor\n|-boost|p1a: Scizor|atk|2\n|\n|upkeep\n|turn|8\n|\n|t:|1699691215\n|switch|p1a: Politoed|Politoed, M, shiny|100\/100\n|-weather|RainDance|[from] ability: Drizzle|[of] p1a: Politoed\n|move|p2a: Reason2BuyViolet|Bitter Blade|p1a: Politoed\n|-resisted|p1a: Politoed\n|-damage|p1a: Politoed|89\/100\n|\n|-weather|RainDance|[upkeep]\n|upkeep\n|turn|9\n|\n|t:|1699691230\n|switch|p2a: Zestfest|Sneasler, M|100\/100\n|move|p1a: Politoed|Earth Power|p2a: Zestfest\n|-supereffective|p2a: Zestfest\n|-damage|p2a: Zestfest|38\/100\n|\n|-weather|RainDance|[upkeep]\n|upkeep\n|turn|10\n|\n|t:|1699691238\n|move|p2a: Zestfest|Fake Out|p1a: Politoed\n|-damage|p1a: Politoed|71\/100\n|cant|p1a: Politoed|flinch\n|\n|-weather|RainDance|[upkeep]\n|upkeep\n|turn|11\n|\n|t:|1699691246\n|move|p2a: Zestfest|Dire Claw|p1a: Politoed\n|-damage|p1a: Politoed|23\/100\n|-enditem|p1a: Politoed|Sitrus Berry|[eat]\n|-heal|p1a: Politoed|47\/100|[from] item: Sitrus Berry\n|move|p1a: Politoed|Earth Power|p2a: Zestfest\n|-supereffective|p2a: Zestfest\n|-damage|p2a: Zestfest|0 fnt\n|faint|p2a: Zestfest\n|\n|-weather|RainDance|[upkeep]\n|upkeep\n|\n|t:|1699691259\n|switch|p2a: Better Samurott|Samurott-Hisui, M|100\/100\n|turn|12\n|\n|t:|1699691266\n|move|p2a: Better Samurott|Ceaseless Edge|p1a: Politoed\n|-damage|p1a: Politoed|0 fnt\n|-sidestart|p1: TakeshiKero|Spikes\n|faint|p1a: Politoed\n|\n|-weather|none\n|upkeep\n|\n|t:|1699691275\n|switch|p1a: Scizor|Scizor, F|84\/100\n|-damage|p1a: Scizor|71\/100|[from] Spikes\n|turn|13\n|\n|t:|1699691280\n|move|p2a: Better Samurott|Ceaseless Edge|p1a: Scizor\n|-damage|p1a: Scizor|26\/100\n|-sidestart|p1: TakeshiKero|Spikes\n|move|p1a: Scizor|Bug Bite|p2a: Better Samurott\n|-supereffective|p2a: Better Samurott\n|-damage|p2a: Better Samurott|0 fnt\n|faint|p2a: Better Samurott\n|\n|upkeep\n|\n|t:|1699691289\n|switch|p2a: Reason2BuyViolet|Ceruledge, M|100\/100\n|turn|14\n|\n|t:|1699691293\n|move|p1a: Scizor|Bullet Punch|p2a: Reason2BuyViolet\n|-resisted|p2a: Reason2BuyViolet\n|-damage|p2a: Reason2BuyViolet|81\/100\n|move|p2a: Reason2BuyViolet|Bitter Blade|p1a: Scizor\n|-supereffective|p1a: Scizor\n|-enditem|p1a: Scizor|Occa Berry|[eat]\n|-enditem|p1a: Scizor|Occa Berry|[weaken]\n|-damage|p1a: Scizor|0 fnt\n|-heal|p2a: Reason2BuyViolet|93\/100|[from] drain|[of] p1a: Scizor\n|faint|p1a: Scizor\n|\n|upkeep\n|\n|t:|1699691304\n|switch|p1a: Dragapult|Dragapult, M, tera:Dragon|46\/100\n|-damage|p1a: Dragapult|29\/100|[from] Spikes\n|turn|15\n|\n|t:|1699691309\n|move|p2a: Reason2BuyViolet|Shadow Sneak|p1a: Dragapult\n|-damage|p1a: Dragapult|5\/100\n|move|p1a: Dragapult|Dragon Darts|p2a: Reason2BuyViolet\n|-damage|p2a: Reason2BuyViolet|44\/100\n|-anim|p1a: Dragapult|Dragon Darts|p2a: Reason2BuyViolet\n|-damage|p2a: Reason2BuyViolet|2\/100\n|\n|upkeep\n|turn|16\n|\n|t:|1699691316\n|move|p2a: Reason2BuyViolet|Shadow Sneak|p1a: Dragapult\n|-damage|p1a: Dragapult|0 fnt\n|faint|p1a: Dragapult\n|\n|upkeep\n|\n|t:|1699691320\n|switch|p1a: Zapdos|Zapdos, shiny|100\/100\n|turn|17\n|\n|t:|1699691329\n|move|p1a: Zapdos|Volt Switch|p2a: Reason2BuyViolet\n|-crit|p2a: Reason2BuyViolet\n|-damage|p2a: Reason2BuyViolet|0 fnt\n|faint|p2a: Reason2BuyViolet\n|\n|t:|1699691333\n|switch|p1a: Ribombee|Ribombee, F|100\/100|[from] Volt Switch\n|-damage|p1a: Ribombee|84\/100|[from] Spikes\n|\n|upkeep\n|\n|t:|1699691338\n|switch|p2a: Not a Poison Type|Gliscor, F|100\/100\n|turn|18\n|\n|t:|1699691366\n|move|p1a: Ribombee|Moonblast|p2a: Not a Poison Type\n|-damage|p2a: Not a Poison Type|44\/100\n|move|p2a: Not a Poison Type|Knock Off|p1a: Ribombee\n|-resisted|p1a: Ribombee\n|-damage|p1a: Ribombee|65\/100\n|-enditem|p1a: Ribombee|Focus Sash|[from] move: Knock Off|[of] p2a: Not a Poison Type\n|\n|-status|p2a: Not a Poison Type|tox|[from] item: Toxic Orb\n|upkeep\n|turn|19\n|\n|t:|1699691378\n|move|p2a: Not a Poison Type|Protect|p2a: Not a Poison Type\n|-singleturn|p2a: Not a Poison Type|Protect\n|move|p1a: Ribombee|Moonblast|p2a: Not a Poison Type\n|-activate|p2a: Not a Poison Type|move: Protect\n|\n|-heal|p2a: Not a Poison Type|57\/100 tox|[from] ability: Poison Heal\n|upkeep\n|turn|20\n|\n|t:|1699691385\n|move|p1a: Ribombee|Moonblast|p2a: Not a Poison Type\n|-damage|p2a: Not a Poison Type|5\/100 tox\n|-unboost|p2a: Not a Poison Type|spa|1\n|move|p2a: Not a Poison Type|Earthquake|p1a: Ribombee\n|-resisted|p1a: Ribombee\n|-damage|p1a: Ribombee|36\/100\n|\n|-heal|p2a: Not a Poison Type|18\/100 tox|[from] ability: Poison Heal\n|upkeep\n|turn|21\n|\n|t:|1699691394\n|move|p2a: Not a Poison Type|Protect|p2a: Not a Poison Type\n|-singleturn|p2a: Not a Poison Type|Protect\n|move|p1a: Ribombee|Moonblast|p2a: Not a Poison Type\n|-activate|p2a: Not a Poison Type|move: Protect\n|\n|-heal|p2a: Not a Poison Type|30\/100 tox|[from] ability: Poison Heal\n|upkeep\n|turn|22\n|\n|t:|1699691404\n|move|p1a: Ribombee|Moonblast|p2a: Not a Poison Type\n|-damage|p2a: Not a Poison Type|0 fnt\n|faint|p2a: Not a Poison Type\n|\n|upkeep\n|\n|t:|1699691408\n|switch|p2a: Bulky thing|Clefable, F|100\/100\n|turn|23\n|\n|t:|1699691414\n|move|p1a: Ribombee|Moonblast|p2a: Bulky thing\n|-damage|p2a: Bulky thing|61\/100\n|-unboost|p2a: Bulky thing|spa|1\n|move|p2a: Bulky thing|Moonblast|p1a: Ribombee\n|-damage|p1a: Ribombee|0 fnt\n|faint|p1a: Ribombee\n|\n|-heal|p2a: Bulky thing|67\/100|[from] item: Leftovers\n|upkeep\n|\n|t:|1699691420\n|switch|p1a: Zapdos|Zapdos, shiny|100\/100\n|turn|24\n|\n|t:|1699691430\n|move|p2a: Bulky thing|Protect|p2a: Bulky thing\n|-singleturn|p2a: Bulky thing|Protect\n|move|p1a: Zapdos|Thunder|p2a: Bulky thing\n|-activate|p2a: Bulky thing|move: Protect\n|\n|-heal|p2a: Bulky thing|73\/100|[from] item: Leftovers\n|upkeep\n|turn|25\n|\n|t:|1699691437\n|move|p1a: Zapdos|Thunder|p2a: Bulky thing\n|-damage|p2a: Bulky thing|15\/100\n|-status|p2a: Bulky thing|par\n|cant|p2a: Bulky thing|par\n|\n|-heal|p2a: Bulky thing|21\/100 par|[from] item: Leftovers\n|upkeep\n|turn|26\n|\n|t:|1699691445\n|move|p1a: Zapdos|Volt Switch|p2a: Bulky thing\n|-damage|p2a: Bulky thing|0 fnt\n|faint|p2a: Bulky thing\n|\n|win|TakeshiKero\n|raw|TakeshiKero's rating: 1120 &rarr; <strong>1143<\/strong><br \/>(+23 for winning)\n|raw|MelloSapp's rating: 1098 &rarr; <strong>1075<\/strong><br \/>(-23 for losing)\n|l|\u2606MelloSapp\n|c|\u2606TakeshiKero|gg\n","uploadtime":1699691458,"views":19,"p1id":"takeshikero","p2id":"mellosapp","formatid":"gen9ou","rating":1075,"private":0,"password":""}