{"id":"gen9ou-1997400273","p1":"Dry Campus","p2":"BigBeanhead","format":"[Gen 9] OU","log":"|j|\u2606Dry Campus\n|j|\u2606BigBeanhead\n|t:|1700799322\n|gametype|singles\n|player|p1|Dry Campus|ash|1086\n|player|p2|BigBeanhead|102|1062\n|teamsize|p1|6\n|teamsize|p2|6\n|gen|9\n|tier|[Gen 9] OU\n|rated|\n|rule|Sleep Clause Mod: Limit one foe put to sleep\n|rule|Species Clause: Limit one of each Pok\u00e9mon\n|rule|OHKO Clause: OHKO moves are banned\n|rule|Evasion Items Clause: Evasion items are banned\n|rule|Evasion Moves Clause: Evasion moves are banned\n|rule|Endless Battle Clause: Forcing endless battles is banned\n|rule|HP Percentage Mod: HP is shown in percentages\n|clearpoke\n|poke|p1|Skeledirge, F|\n|poke|p1|Kingambit, F|\n|poke|p1|Glimmora, F|\n|poke|p1|Goodra-Hisui, F|\n|poke|p1|Enamorus, F|\n|poke|p1|Scizor, F|\n|poke|p2|Forretress, F|\n|poke|p2|Landorus-Therian, M|\n|poke|p2|Heatran, F|\n|poke|p2|Amoonguss, F|\n|poke|p2|Blissey, F|\n|poke|p2|Corviknight, F|\n|teampreview\n|\n|t:|1700799330\n|start\n|switch|p1a: Glimmora|Glimmora, F|100\/100\n|switch|p2a: Blissey|Blissey, F|100\/100\n|turn|1\n|\n|t:|1700799337\n|move|p1a: Glimmora|Stealth Rock|p2a: Blissey\n|-sidestart|p2: BigBeanhead|move: Stealth Rock\n|move|p2a: Blissey|Trick|p1a: Glimmora\n|-activate|p2a: Blissey|move: Trick|[of] p1a: Glimmora\n|-item|p1a: Glimmora|Toxic Orb|[from] move: Trick\n|-item|p2a: Blissey|Focus Sash|[from] move: Trick\n|\n|upkeep\n|turn|2\n|\n|t:|1700799348\n|move|p1a: Glimmora|Mortal Spin|p2a: Blissey\n|-damage|p2a: Blissey|94\/100\n|-status|p2a: Blissey|psn\n|move|p2a: Blissey|Stealth Rock|p1a: Glimmora\n|-sidestart|p1: Dry Campus|move: Stealth Rock\n|\n|-damage|p2a: Blissey|82\/100 psn|[from] psn\n|upkeep\n|turn|3\n|\n|t:|1700799362\n|-curestatus|p2a: Blissey|psn|[from] ability: Natural Cure\n|switch|p2a: Forretress|Forretress, F|100\/100\n|-damage|p2a: Forretress|88\/100|[from] Stealth Rock\n|move|p1a: Glimmora|Mortal Spin|p2a: Forretress\n|-immune|p2a: Forretress\n|\n|upkeep\n|turn|4\n|\n|t:|1700799376\n|move|p1a: Glimmora|Spiky Shield|p1a: Glimmora\n|-singleturn|p1a: Glimmora|move: Protect\n|move|p2a: Forretress|Rapid Spin|p1a: Glimmora\n|-activate|p1a: Glimmora|move: Protect\n|-damage|p2a: Forretress|76\/100|[from] Spiky Shield|[of] p1a: Glimmora\n|\n|upkeep\n|turn|5\n|\n|t:|1700799382\n|switch|p1a: Skeledirge|Skeledirge, F|100\/100\n|move|p2a: Forretress|Rapid Spin|p1a: Skeledirge\n|-immune|p1a: Skeledirge\n|\n|upkeep\n|turn|6\n|\n|t:|1700799395\n|switch|p1a: Enamorus|Enamorus, F|100\/100\n|-damage|p1a: Enamorus|76\/100|[from] Stealth Rock\n|switch|p2a: Heatran|Heatran, F|100\/100\n|-damage|p2a: Heatran|88\/100|[from] Stealth Rock\n|-item|p2a: Heatran|Air Balloon\n|\n|upkeep\n|turn|7\n|\n|t:|1700799426\n|switch|p1a: Goodra|Goodra-Hisui, F|100\/100\n|-damage|p1a: Goodra|94\/100|[from] Stealth Rock\n|move|p2a: Heatran|Magma Storm|p1a: Goodra\n|-damage|p1a: Goodra|74\/100\n|-activate|p1a: Goodra|move: Magma Storm|[of] p2a: Heatran\n|\n|-damage|p1a: Goodra|62\/100|[from] move: Magma Storm|[partiallytrapped]\n|upkeep\n|turn|8\n|\n|t:|1700799447\n|switch|p2a: Blissey|Blissey, F|82\/100\n|-damage|p2a: Blissey|69\/100|[from] Stealth Rock\n|move|p1a: Goodra|Knock Off|p2a: Blissey\n|-damage|p2a: Blissey|42\/100\n|-enditem|p2a: Blissey|Focus Sash|[from] move: Knock Off|[of] p1a: Goodra\n|\n|-end|p1a: Goodra|Magma Storm|[partiallytrapped]|[silent]\n|upkeep\n|turn|9\n|\n|t:|1700799462\n|move|p2a: Blissey|Soft-Boiled|p2a: Blissey\n|-heal|p2a: Blissey|92\/100\n|move|p1a: Goodra|Ice Spinner|p2a: Blissey\n|-damage|p2a: Blissey|71\/100\n|\n|upkeep\n|turn|10\n|\n|t:|1700799478\n|move|p2a: Blissey|Trick|p1a: Goodra\n|-activate|p2a: Blissey|move: Trick|[of] p1a: Goodra\n|-enditem|p1a: Goodra|Assault Vest|[silent]|[from] move: Trick\n|-item|p2a: Blissey|Assault Vest|[from] move: Trick\n|move|p1a: Goodra|Earthquake|p2a: Blissey\n|-damage|p2a: Blissey|45\/100\n|\n|upkeep\n|turn|11\n|c|\u2606Dry Campus|fat fuck\n|\n|t:|1700799495\n|switch|p2a: Heatran|Heatran, F|88\/100\n|-damage|p2a: Heatran|76\/100|[from] Stealth Rock\n|-item|p2a: Heatran|Air Balloon\n|move|p1a: Goodra|Earthquake|p2a: Heatran\n|-immune|p2a: Heatran\n|\n|upkeep\n|turn|12\n|\n|t:|1700799507\n|move|p2a: Heatran|Magma Storm|p1a: Goodra|[miss]\n|-miss|p2a: Heatran|p1a: Goodra\n|move|p1a: Goodra|Ice Spinner|p2a: Heatran\n|-resisted|p2a: Heatran\n|-damage|p2a: Heatran|72\/100\n|-enditem|p2a: Heatran|Air Balloon\n|\n|upkeep\n|turn|13\n|\n|t:|1700799517\n|switch|p2a: Landorus|Landorus-Therian, M|100\/100\n|-ability|p2a: Landorus|Intimidate|boost\n|-unboost|p1a: Goodra|atk|1\n|move|p1a: Goodra|Knock Off|p2a: Landorus\n|-damage|p2a: Landorus|77\/100\n|-enditem|p2a: Landorus|Heavy-Duty Boots|[from] move: Knock Off|[of] p1a: Goodra\n|\n|upkeep\n|turn|14\n|\n|t:|1700799530\n|move|p2a: Landorus|Smack Down|p1a: Goodra\n|-resisted|p1a: Goodra\n|-damage|p1a: Goodra|53\/100\n|move|p1a: Goodra|Draco Meteor|p2a: Landorus\n|-damage|p2a: Landorus|15\/100\n|-unboost|p1a: Goodra|spa|2\n|\n|upkeep\n|turn|15\n|\n|t:|1700799542\n|move|p2a: Landorus|Earthquake|p1a: Goodra\n|-supereffective|p1a: Goodra\n|-damage|p1a: Goodra|0 fnt\n|faint|p1a: Goodra\n|\n|upkeep\n|\n|t:|1700799547\n|switch|p1a: Glimmora|Glimmora, F|100\/100\n|-damage|p1a: Glimmora|88\/100|[from] Stealth Rock\n|turn|16\n|\n|t:|1700799553\n|move|p2a: Landorus|Earthquake|p1a: Glimmora\n|-supereffective|p1a: Glimmora\n|-damage|p1a: Glimmora|0 fnt\n|-activate|p1a: Glimmora|ability: Toxic Debris\n|-sidestart|p2: BigBeanhead|move: Toxic Spikes\n|faint|p1a: Glimmora\n|\n|upkeep\n|\n|t:|1700799564\n|switch|p1a: Enamorus|Enamorus, F|76\/100\n|-damage|p1a: Enamorus|51\/100|[from] Stealth Rock\n|turn|17\n|\n|t:|1700799575\n|move|p1a: Enamorus|Mystical Fire|p2a: Landorus\n|-damage|p2a: Landorus|0 fnt\n|faint|p2a: Landorus\n|\n|upkeep\n|\n|t:|1700799580\n|switch|p2a: Amoonguss|Amoonguss, F|100\/100\n|-damage|p2a: Amoonguss|88\/100|[from] Stealth Rock\n|-sideend|p2: BigBeanhead|move: Toxic Spikes|[of] p2a: Amoonguss\n|turn|18\n|\n|t:|1700799588\n|switch|p2a: Heatran|Heatran, F|72\/100\n|-damage|p2a: Heatran|59\/100|[from] Stealth Rock\n|move|p1a: Enamorus|Mystical Fire|p2a: Heatran\n|-damage|p2a: Heatran|26\/100\n|-unboost|p2a: Heatran|spa|1\n|\n|upkeep\n|turn|19\n|\n|t:|1700799600\n|move|p2a: Heatran|Protect|p2a: Heatran\n|-singleturn|p2a: Heatran|Protect\n|move|p1a: Enamorus|Mystical Fire|p2a: Heatran\n|-activate|p2a: Heatran|move: Protect\n|\n|upkeep\n|turn|20\n|c|\u2606Dry Campus|flame body?\n|c|\u2606Dry Campus|y?\n|\n|t:|1700799616\n|-terastallize|p2a: Heatran|Water\n|move|p1a: Enamorus|Mystical Fire|p2a: Heatran\n|-resisted|p2a: Heatran\n|-damage|p2a: Heatran|9\/100\n|-unboost|p2a: Heatran|spa|1\n|move|p2a: Heatran|Tera Blast|p1a: Enamorus|[anim] Tera Blast Water\n|-damage|p1a: Enamorus|13\/100\n|\n|upkeep\n|turn|21\n|\n|t:|1700799627\n|move|p2a: Heatran|Protect|p2a: Heatran\n|-singleturn|p2a: Heatran|Protect\n|move|p1a: Enamorus|Mystical Fire|p2a: Heatran\n|-activate|p2a: Heatran|move: Protect\n|\n|upkeep\n|turn|22\n|\n|t:|1700799635\n|move|p1a: Enamorus|Mystical Fire|p2a: Heatran\n|-resisted|p2a: Heatran\n|-damage|p2a: Heatran|0 fnt\n|faint|p2a: Heatran\n|\n|upkeep\n|\n|t:|1700799646\n|switch|p2a: Forretress|Forretress, F|76\/100\n|-damage|p2a: Forretress|63\/100|[from] Stealth Rock\n|turn|23\n|\n|t:|1700799652\n|move|p1a: Enamorus|Mystical Fire|p2a: Forretress\n|-supereffective|p2a: Forretress\n|-damage|p2a: Forretress|0 fnt\n|faint|p2a: Forretress\n|\n|upkeep\n|\n|t:|1700799658\n|switch|p2a: Blissey|Blissey, F|45\/100\n|-damage|p2a: Blissey|32\/100|[from] Stealth Rock\n|turn|24\n|\n|t:|1700799666\n|move|p1a: Enamorus|Mystical Fire|p2a: Blissey\n|-damage|p2a: Blissey|23\/100\n|-unboost|p2a: Blissey|spa|1\n|-activate|p2a: Blissey|move: Struggle\n|move|p2a: Blissey|Struggle|p1a: Enamorus\n|-damage|p1a: Enamorus|11\/100\n|-damage|p2a: Blissey|0 fnt|[from] recoil\n|faint|p2a: Blissey\n|\n|upkeep\n|\n|t:|1700799676\n|switch|p2a: Corviknight|Corviknight, F|100\/100\n|turn|25\n|\n|t:|1700799682\n|move|p1a: Enamorus|Mystical Fire|p2a: Corviknight\n|-supereffective|p2a: Corviknight\n|-damage|p2a: Corviknight|46\/100\n|-ability|p2a: Corviknight|Mirror Armor\n|-boost|p1a: Enamorus|spa|1\n|move|p2a: Corviknight|Body Press|p1a: Enamorus\n|-resisted|p1a: Enamorus\n|-damage|p1a: Enamorus|4\/100\n|\n|upkeep\n|turn|26\n|\n|t:|1700799694\n|move|p1a: Enamorus|Mystical Fire|p2a: Corviknight\n|-supereffective|p2a: Corviknight\n|-damage|p2a: Corviknight|0 fnt\n|faint|p2a: Corviknight\n|\n|upkeep\n|-message|BigBeanhead forfeited.\n|\n|win|Dry Campus\n|raw|Dry Campus's rating: 1086 &rarr; <strong>1111<\/strong><br \/>(+25 for winning)\n|raw|BigBeanhead's rating: 1062 &rarr; <strong>1044<\/strong><br \/>(-18 for losing)\n","uploadtime":1700799493,"views":6,"p1id":"drycampus","p2id":"bigbeanhead","formatid":"gen9ou","rating":1044,"private":0,"password":""}