{"id":"gen9ou-1990291341","p1":"BillyNelson","p2":"OmOhazards","format":"[Gen 9] OU","log":"|j|\u2606BillyNelson\n|j|\u2606OmOhazards\n|t:|1699951729\n|gametype|singles\n|player|p1|BillyNelson|volkner|1049\n|player|p2|OmOhazards|170|1000\n|teamsize|p1|6\n|teamsize|p2|6\n|gen|9\n|tier|[Gen 9] OU\n|rated|\n|rule|Sleep Clause Mod: Limit one foe put to sleep\n|rule|Species Clause: Limit one of each Pok\u00e9mon\n|rule|OHKO Clause: OHKO moves are banned\n|rule|Evasion Items Clause: Evasion items are banned\n|rule|Evasion Moves Clause: Evasion moves are banned\n|rule|Endless Battle Clause: Forcing endless battles is banned\n|rule|HP Percentage Mod: HP is shown in percentages\n|clearpoke\n|poke|p1|Glimmora, F|\n|poke|p1|Gholdengo|\n|poke|p1|Lucario, M|\n|poke|p1|Dragonite, M|\n|poke|p1|Greninja-*, F|\n|poke|p1|Orthworm, F|\n|poke|p2|Dragapult, M|\n|poke|p2|Umbreon, F|\n|poke|p2|Garchomp, M|\n|poke|p2|Corviknight, F|\n|poke|p2|Iron Valiant|\n|poke|p2|Iron Leaves|\n|teampreview\n|\n|t:|1699951742\n|start\n|switch|p1a: Greninja|Greninja, F|100\/100\n|switch|p2a: Warluv|Umbreon, F, shiny|100\/100\n|turn|1\n|\n|t:|1699951754\n|-terastallize|p2a: Warluv|Dark\n|move|p2a: Warluv|Protect|p2a: Warluv\n|-singleturn|p2a: Warluv|Protect\n|move|p1a: Greninja|Role Play|p2a: Warluv\n|-start|p1a: Greninja|typechange|Psychic|[from] ability: Protean\n|-endability|p1a: Greninja|Protean|[from] move: Role Play\n|-ability|p1a: Greninja|Synchronize|[from] move: Role Play|[of] p2a: Warluv\n|\n|upkeep\n|turn|2\n|\n|t:|1699951767\n|switch|p2a: Hydrosaurus|Iron Leaves|100\/100\n|-enditem|p2a: Hydrosaurus|Booster Energy\n|-activate|p2a: Hydrosaurus|ability: Quark Drive|[fromitem]\n|-start|p2a: Hydrosaurus|quarkdriveatk\n|move|p1a: Greninja|Spikes|p2a: Hydrosaurus\n|-sidestart|p2: OmOhazards|Spikes\n|\n|upkeep\n|turn|3\n|\n|t:|1699951777\n|move|p1a: Greninja|Gunk Shot|p2a: Hydrosaurus\n|-supereffective|p2a: Hydrosaurus\n|-damage|p2a: Hydrosaurus|39\/100\n|move|p2a: Hydrosaurus|Leaf Blade|p1a: Greninja\n|-damage|p1a: Greninja|0 fnt\n|faint|p1a: Greninja\n|\n|upkeep\n|\n|t:|1699951784\n|switch|p1a: Lucario|Lucario, M|100\/100\n|turn|4\n|\n|t:|1699951790\n|move|p2a: Hydrosaurus|Psyblade|p1a: Lucario\n|-damage|p1a: Lucario|16\/100\n|move|p1a: Lucario|Swords Dance|p1a: Lucario\n|-boost|p1a: Lucario|atk|2\n|\n|upkeep\n|turn|5\n|\n|t:|1699951797\n|move|p1a: Lucario|Bullet Punch|p2a: Hydrosaurus\n|-damage|p2a: Hydrosaurus|0 fnt\n|faint|p2a: Hydrosaurus\n|-end|p2a: Hydrosaurus|Quark Drive|[silent]\n|\n|upkeep\n|\n|t:|1699951805\n|switch|p2a: Godgallade|Iron Valiant|100\/100\n|-damage|p2a: Godgallade|88\/100|[from] Spikes\n|-enditem|p2a: Godgallade|Booster Energy\n|-activate|p2a: Godgallade|ability: Quark Drive|[fromitem]\n|-start|p2a: Godgallade|quarkdrivespe\n|turn|6\n|\n|t:|1699951820\n|move|p1a: Lucario|Bullet Punch|p2a: Godgallade\n|-supereffective|p2a: Godgallade\n|-damage|p2a: Godgallade|0 fnt\n|faint|p2a: Godgallade\n|-end|p2a: Godgallade|Quark Drive|[silent]\n|\n|upkeep\n|\n|t:|1699951826\n|switch|p2a: Excalibird|Corviknight, F, shiny|100\/100\n|-ability|p2a: Excalibird|Pressure\n|turn|7\n|\n|t:|1699951831\n|move|p1a: Lucario|High Jump Kick|p2a: Excalibird\n|-damage|p2a: Excalibird|22\/100\n|-damage|p1a: Lucario|0 fnt|[from] item: Rocky Helmet|[of] p2a: Excalibird\n|faint|p1a: Lucario\n|move|p2a: Excalibird|Brave Bird|p1: Lucario|[notarget]\n|-fail|p2a: Excalibird\n|\n|upkeep\n|\n|t:|1699951840\n|switch|p1a: Dragonite|Dragonite, M|100\/100\n|turn|8\n|\n|t:|1699951847\n|switch|p2a: Kamikaze|Dragapult, M, shiny|100\/100\n|-damage|p2a: Kamikaze|88\/100|[from] Spikes\n|move|p1a: Dragonite|Thunder|p2a: Kamikaze|[miss]\n|-miss|p1a: Dragonite|p2a: Kamikaze\n|\n|upkeep\n|turn|9\n|c|\u2606BillyNelson|Your nicknames are cool\n|\n|t:|1699951860\n|switch|p1a: Orthworm|Orthworm, F|100\/100\n|move|p2a: Kamikaze|Dragon Pulse|p1a: Orthworm\n|-resisted|p1a: Orthworm\n|-damage|p1a: Orthworm|63\/100\n|\n|upkeep\n|turn|10\n|\n|t:|1699951870\n|move|p2a: Kamikaze|U-turn|p1a: Orthworm\n|-resisted|p1a: Orthworm\n|-damage|p1a: Orthworm|57\/100\n|\n|t:|1699951874\n|switch|p2a: Jabberjaw|Garchomp, M|100\/100|[from] U-turn\n|-damage|p2a: Jabberjaw|88\/100|[from] Spikes\n|move|p1a: Orthworm|Stealth Rock|p2a: Jabberjaw\n|-sidestart|p2: OmOhazards|move: Stealth Rock\n|\n|upkeep\n|turn|11\n|\n|t:|1699951882\n|move|p2a: Jabberjaw|Earthquake|p1a: Orthworm\n|-heal|p1a: Orthworm|82\/100|[from] ability: Earth Eater|[of] p2a: Jabberjaw\n|move|p1a: Orthworm|Flash Cannon|p2a: Jabberjaw\n|-damage|p2a: Jabberjaw|56\/100\n|\n|upkeep\n|turn|12\n|\n|t:|1699951893\n|move|p2a: Jabberjaw|Draco Meteor|p1a: Orthworm\n|-resisted|p1a: Orthworm\n|-crit|p1a: Orthworm\n|-damage|p1a: Orthworm|11\/100\n|-unboost|p2a: Jabberjaw|spa|2\n|move|p1a: Orthworm|Smack Down|p2a: Jabberjaw\n|-resisted|p2a: Jabberjaw\n|-damage|p2a: Jabberjaw|50\/100\n|\n|upkeep\n|turn|13\n|\n|t:|1699951904\n|move|p2a: Jabberjaw|Draco Meteor|p1a: Orthworm\n|-resisted|p1a: Orthworm\n|-damage|p1a: Orthworm|0 fnt\n|-unboost|p2a: Jabberjaw|spa|2\n|faint|p1a: Orthworm\n|\n|upkeep\n|\n|t:|1699951912\n|switch|p1a: Gholdengo|Gholdengo|100\/100\n|turn|14\n|\n|t:|1699951918\n|switch|p2a: Kamikaze|Dragapult, M, shiny|88\/100\n|-damage|p2a: Kamikaze|76\/100|[from] Spikes\n|-damage|p2a: Kamikaze|64\/100|[from] Stealth Rock\n|move|p1a: Gholdengo|Make It Rain|p2a: Kamikaze\n|-damage|p2a: Kamikaze|0 fnt\n|-unboost|p1a: Gholdengo|spa|1\n|faint|p2a: Kamikaze\n|\n|upkeep\n|\n|t:|1699951930\n|switch|p2a: Excalibird|Corviknight, F, shiny|22\/100\n|-damage|p2a: Excalibird|9\/100|[from] Stealth Rock\n|-ability|p2a: Excalibird|Pressure\n|turn|15\n|\n|t:|1699951936\n|move|p1a: Gholdengo|Make It Rain|p2a: Excalibird\n|-resisted|p2a: Excalibird\n|-damage|p2a: Excalibird|0 fnt\n|-unboost|p1a: Gholdengo|spa|1\n|faint|p2a: Excalibird\n|\n|upkeep\n|\n|t:|1699951945\n|switch|p2a: Jabberjaw|Garchomp, M|50\/100\n|-damage|p2a: Jabberjaw|38\/100|[from] Spikes\n|-damage|p2a: Jabberjaw|32\/100|[from] Stealth Rock\n|turn|16\n|\n|t:|1699951952\n|switch|p1a: Glimmora|Glimmora, F|100\/100\n|move|p2a: Jabberjaw|Earthquake|p1a: Glimmora\n|-supereffective|p1a: Glimmora\n|-damage|p1a: Glimmora|0 fnt\n|-activate|p1a: Glimmora|ability: Toxic Debris\n|-sidestart|p2: OmOhazards|move: Toxic Spikes\n|faint|p1a: Glimmora\n|\n|upkeep\n|\n|t:|1699951958\n|switch|p1a: Dragonite|Dragonite, M|100\/100\n|turn|17\n|\n|t:|1699951964\n|move|p2a: Jabberjaw|Draco Meteor|p1a: Dragonite\n|-supereffective|p1a: Dragonite\n|-damage|p1a: Dragonite|49\/100\n|-unboost|p2a: Jabberjaw|spa|2\n|-enditem|p1a: Dragonite|Sitrus Berry|[eat]\n|-heal|p1a: Dragonite|74\/100|[from] item: Sitrus Berry\n|move|p1a: Dragonite|Hurricane|p2a: Jabberjaw\n|-damage|p2a: Jabberjaw|0 fnt\n|faint|p2a: Jabberjaw\n|\n|upkeep\n|\n|t:|1699951975\n|switch|p2a: Warluv|Umbreon, F, shiny, tera:Dark|100\/100\n|-damage|p2a: Warluv|88\/100|[from] Spikes\n|-damage|p2a: Warluv|76\/100|[from] Stealth Rock\n|-status|p2a: Warluv|psn\n|turn|18\n|\n|t:|1699951982\n|move|p2a: Warluv|Protect|p2a: Warluv\n|-singleturn|p2a: Warluv|Protect\n|move|p1a: Dragonite|Substitute|p1a: Dragonite\n|-start|p1a: Dragonite|Substitute\n|-damage|p1a: Dragonite|49\/100\n|\n|-heal|p2a: Warluv|82\/100 psn|[from] item: Leftovers\n|-damage|p2a: Warluv|69\/100 psn|[from] psn\n|upkeep\n|turn|19\n|\n|t:|1699951992\n|-singleturn|p1a: Dragonite|move: Focus Punch\n|move|p2a: Warluv|Wish|p2a: Warluv\n|move|p1a: Dragonite|Focus Punch|p2a: Warluv\n|-supereffective|p2a: Warluv\n|-damage|p2a: Warluv|2\/100 psn\n|\n|-heal|p2a: Warluv|8\/100 psn|[from] item: Leftovers\n|-damage|p2a: Warluv|0 fnt|[from] psn\n|faint|p2a: Warluv\n|\n|win|BillyNelson\n|upkeep\n|raw|BillyNelson's rating: 1049 &rarr; <strong>1077<\/strong><br \/>(+28 for winning)\n|raw|OmOhazards's rating: 1000 &rarr; <strong>1000<\/strong><br \/>(+0 for losing)\n","uploadtime":1699952004,"views":14,"p1id":"billynelson","p2id":"omohazards","formatid":"gen9ou","rating":1000,"private":0,"password":""}