{"id":"gen9ou-2000475981","p1":"Aggron","p2":"Dr. Elite Test","format":"[Gen 9] OU","log":"|j|\u2606Aggron\n|j|\u2606Dr. Elite Test\n|t:|1701197973\n|gametype|singles\n|player|p1|Aggron|pokefan-gen4|1657\n|player|p2|Dr. Elite Test|1|1537\n|teamsize|p1|6\n|teamsize|p2|6\n|gen|9\n|tier|[Gen 9] OU\n|rated|\n|rule|Sleep Clause Mod: Limit one foe put to sleep\n|rule|Species Clause: Limit one of each Pok\u00e9mon\n|rule|OHKO Clause: OHKO moves are banned\n|rule|Evasion Items Clause: Evasion items are banned\n|rule|Evasion Moves Clause: Evasion moves are banned\n|rule|Endless Battle Clause: Forcing endless battles is banned\n|rule|HP Percentage Mod: HP is shown in percentages\n|clearpoke\n|poke|p1|Eiscue, M|\n|poke|p1|Slowking-Galar, F|\n|poke|p1|Ursaluna, M|\n|poke|p1|Hatterene, F|\n|poke|p1|Hoopa-Unbound|\n|poke|p1|Skeledirge, M|\n|poke|p2|Sylveon, F|\n|poke|p2|Tinkaton, F|\n|poke|p2|Gardevoir, F|\n|poke|p2|Klefki, M|\n|poke|p2|Carbink|\n|poke|p2|Mimikyu, M|\n|teampreview\n|inactive|Battle timer is ON: inactive players will automatically lose when time's up. (requested by Aggron)\n|inactive|Aggron has 120 seconds left.\n|inactive|Aggron has 90 seconds left.\n|\n|t:|1701198050\n|start\n|switch|p1a: Hoopa|Hoopa-Unbound|100\/100\n|switch|p2a: Tinkaton|Tinkaton, F, shiny|100\/100\n|-ability|p2a: Tinkaton|Mold Breaker\n|-item|p2a: Tinkaton|Air Balloon\n|turn|1\n|c|\u2606Dr. Elite Test|You are thr Aggron.\n|c|\u2606Dr. Elite Test|You must be an accomplished player.\n|inactive|Dr. Elite Test has 120 seconds left.\n|\n|t:|1701198083\n|switch|p1a: Eiscue|Eiscue, M, shiny|100\/100\n|move|p2a: Tinkaton|Gigaton Hammer|p1a: Eiscue\n|-supereffective|p1a: Eiscue\n|-damage|p1a: Eiscue|0 fnt\n|faint|p1a: Eiscue\n|\n|upkeep\n|\n|t:|1701198091\n|switch|p1a: Skeledirge|Skeledirge, M|100\/100\n|turn|2\n|\n|t:|1701198095\n|switch|p2a: Sylveon|Sylveon, F, shiny|100\/100\n|move|p1a: Skeledirge|Torch Song|p2a: Sylveon\n|-damage|p2a: Sylveon|82\/100\n|-boost|p1a: Skeledirge|spa|1\n|\n|upkeep\n|turn|3\n|\n|t:|1701198111\n|move|p2a: Sylveon|Shadow Ball|p1a: Skeledirge\n|-supereffective|p1a: Skeledirge\n|-damage|p1a: Skeledirge|48\/100\n|move|p1a: Skeledirge|Slack Off|p1a: Skeledirge\n|-heal|p1a: Skeledirge|99\/100\n|\n|upkeep\n|turn|4\n|\n|t:|1701198116\n|switch|p1a: Ursaluna|Ursaluna, M|100\/100\n|move|p2a: Sylveon|Shadow Ball|p1a: Ursaluna\n|-immune|p1a: Ursaluna\n|\n|-status|p1a: Ursaluna|brn|[from] item: Flame Orb\n|upkeep\n|turn|5\n|\n|t:|1701198119\n|move|p2a: Sylveon|Hyper Voice|p1a: Ursaluna\n|-damage|p1a: Ursaluna|50\/100 brn\n|move|p1a: Ursaluna|Earthquake|p2a: Sylveon\n|-damage|p2a: Sylveon|0 fnt\n|faint|p2a: Sylveon\n|\n|-damage|p1a: Ursaluna|44\/100 brn|[from] brn\n|upkeep\n|\n|t:|1701198122\n|switch|p2a: Tinkaton|Tinkaton, F, shiny|100\/100\n|-ability|p2a: Tinkaton|Mold Breaker\n|-item|p2a: Tinkaton|Air Balloon\n|turn|6\n|\n|t:|1701198127\n|switch|p1a: Skeledirge|Skeledirge, M|99\/100\n|move|p2a: Tinkaton|Swords Dance|p2a: Tinkaton\n|-boost|p2a: Tinkaton|atk|2\n|\n|upkeep\n|turn|7\n|\n|t:|1701198136\n|move|p2a: Tinkaton|Knock Off|p1a: Skeledirge\n|-supereffective|p1a: Skeledirge\n|-damage|p1a: Skeledirge|26\/100\n|-enditem|p1a: Skeledirge|Heavy-Duty Boots|[from] move: Knock Off|[of] p2a: Tinkaton\n|move|p1a: Skeledirge|Torch Song|p2a: Tinkaton\n|-supereffective|p2a: Tinkaton\n|-damage|p2a: Tinkaton|17\/100\n|-boost|p1a: Skeledirge|spa|1\n|-enditem|p2a: Tinkaton|Air Balloon\n|\n|upkeep\n|turn|8\n|\n|t:|1701198159\n|move|p2a: Tinkaton|Knock Off|p1a: Skeledirge\n|-supereffective|p1a: Skeledirge\n|-damage|p1a: Skeledirge|0 fnt\n|faint|p1a: Skeledirge\n|\n|upkeep\n|\n|t:|1701198164\n|switch|p1a: Hoopa|Hoopa-Unbound|100\/100\n|turn|9\n|j| Kujo basshes\n|\n|t:|1701198172\n|move|p2a: Tinkaton|Gigaton Hammer|p1a: Hoopa\n|-enditem|p1a: Hoopa|Focus Sash\n|-damage|p1a: Hoopa|1\/100\n|move|p1a: Hoopa|Trick Room|p1a: Hoopa\n|-fieldstart|move: Trick Room|[of] p1a: Hoopa\n|\n|upkeep\n|turn|10\n|l| Kujo basshes\n|\n|t:|1701198180\n|switch|p2a: Carbink|Carbink, shiny|100\/100\n|move|p1a: Hoopa|Hyperspace Fury|p2a: Carbink\n|-resisted|p2a: Carbink\n|-damage|p2a: Carbink|81\/100\n|-unboost|p1a: Hoopa|def|1\n|-item|p1a: Hoopa|Heavy-Duty Boots|[from] ability: Magician|[of] p2a: Carbink\n|\n|upkeep\n|turn|11\n|\n|t:|1701198186\n|switch|p1a: Hatterene|Hatterene, F|100\/100\n|move|p2a: Carbink|Body Press|p1a: Hatterene\n|-resisted|p1a: Hatterene\n|-damage|p1a: Hatterene|91\/100\n|\n|upkeep\n|turn|12\n|\n|t:|1701198192\n|switch|p2a: Mimikyu|Mimikyu, M, shiny|100\/100\n|move|p1a: Hatterene|Psyshock|p2a: Mimikyu\n|-activate|p2a: Mimikyu|ability: Disguise\n|-damage|p2a: Mimikyu|100\/100\n|detailschange|p2a: Mimikyu|Mimikyu-Busted, M, shiny\n|-damage|p2a: Mimikyu|88\/100|[from] pokemon: Mimikyu-Busted\n|-damage|p1a: Hatterene|81\/100|[from] item: Life Orb\n|\n|upkeep\n|turn|13\n|\n|t:|1701198198\n|move|p1a: Hatterene|Psyshock|p2a: Mimikyu\n|-damage|p2a: Mimikyu|0 fnt\n|faint|p2a: Mimikyu\n|-damage|p1a: Hatterene|72\/100|[from] item: Life Orb\n|\n|-fieldend|move: Trick Room\n|upkeep\n|\n|t:|1701198201\n|switch|p2a: Tinkaton|Tinkaton, F, shiny|17\/100\n|-ability|p2a: Tinkaton|Mold Breaker\n|turn|14\n|\n|t:|1701198208\n|-terastallize|p1a: Hatterene|Steel\n|move|p2a: Tinkaton|Gigaton Hammer|p1a: Hatterene\n|-resisted|p1a: Hatterene\n|-damage|p1a: Hatterene|40\/100\n|move|p1a: Hatterene|Trick Room|p1a: Hatterene\n|-fieldstart|move: Trick Room|[of] p1a: Hatterene\n|\n|upkeep\n|turn|15\n|\n|t:|1701198226\n|switch|p2a: Gardevoir|Gardevoir, F, shiny|100\/100\n|-ability|p2a: Gardevoir|Magic Bounce|[from] ability: Trace|[of] p1a: Hatterene\n|move|p1a: Hatterene|Draining Kiss|p2a: Gardevoir\n|-damage|p2a: Gardevoir|66\/100\n|-heal|p1a: Hatterene|68\/100|[from] drain|[of] p2a: Gardevoir\n|-damage|p1a: Hatterene|59\/100|[from] item: Life Orb\n|\n|-heal|p2a: Gardevoir|72\/100|[from] item: Leftovers\n|upkeep\n|turn|16\n|\n|t:|1701198242\n|switch|p1a: Slowking|Slowking-Galar, F, shiny|100\/100\n|move|p2a: Gardevoir|Calm Mind|p2a: Gardevoir\n|-boost|p2a: Gardevoir|spa|1\n|-boost|p2a: Gardevoir|spd|1\n|\n|-heal|p2a: Gardevoir|78\/100|[from] item: Leftovers\n|upkeep\n|turn|17\n|\n|t:|1701198247\n|-terastallize|p2a: Gardevoir|Water\n|move|p2a: Gardevoir|Calm Mind|p2a: Gardevoir\n|-boost|p2a: Gardevoir|spa|1\n|-boost|p2a: Gardevoir|spd|1\n|move|p1a: Slowking|Sludge Bomb|p2a: Gardevoir\n|-damage|p2a: Gardevoir|61\/100\n|\n|-heal|p2a: Gardevoir|68\/100|[from] item: Leftovers\n|upkeep\n|turn|18\n|\n|t:|1701198253\n|move|p2a: Gardevoir|Calm Mind|p2a: Gardevoir\n|-boost|p2a: Gardevoir|spa|1\n|-boost|p2a: Gardevoir|spd|1\n|move|p1a: Slowking|Future Sight|p2a: Gardevoir\n|-start|p1a: Slowking|move: Future Sight\n|\n|-heal|p2a: Gardevoir|74\/100|[from] item: Leftovers\n|-fieldend|move: Trick Room\n|upkeep\n|turn|19\n|\n|t:|1701198261\n|move|p2a: Gardevoir|Stored Power|p1a: Slowking\n|-damage|p1a: Slowking|11\/100\n|move|p1a: Slowking|Trick Room|p1a: Slowking\n|-fieldstart|move: Trick Room|[of] p1a: Slowking\n|\n|-heal|p2a: Gardevoir|80\/100|[from] item: Leftovers\n|upkeep\n|turn|20\n|\n|t:|1701198267\n|switch|p1a: Hoopa|Hoopa-Unbound|1\/100\n|move|p2a: Gardevoir|Draining Kiss|p1a: Hoopa\n|-supereffective|p1a: Hoopa\n|-damage|p1a: Hoopa|0 fnt\n|-heal|p2a: Gardevoir|80\/100|[from] drain|[of] p1a: Hoopa\n|faint|p1a: Hoopa\n|\n|-end|p2a: Gardevoir|move: Future Sight\n|-damage|p2a: Gardevoir|64\/100\n|-heal|p2a: Gardevoir|70\/100|[from] item: Leftovers\n|upkeep\n|\n|t:|1701198269\n|switch|p1a: Ursaluna|Ursaluna, M|44\/100 brn\n|turn|21\n|\n|t:|1701198272\n|switch|p2a: Carbink|Carbink, shiny|81\/100\n|move|p1a: Ursaluna|Facade|p2a: Carbink\n|-resisted|p2a: Carbink\n|-damage|p2a: Carbink|44\/100\n|\n|-damage|p1a: Ursaluna|38\/100 brn|[from] brn\n|upkeep\n|turn|22\n|\n|t:|1701198276\n|move|p1a: Ursaluna|Earthquake|p2a: Carbink\n|-supereffective|p2a: Carbink\n|-damage|p2a: Carbink|0 fnt\n|faint|p2a: Carbink\n|\n|-damage|p1a: Ursaluna|32\/100 brn|[from] brn\n|upkeep\n|\n|t:|1701198281\n|switch|p2a: Klefki|Klefki, M, shiny|100\/100\n|turn|23\n|\n|t:|1701198287\n|move|p2a: Klefki|Switcheroo|p1a: Ursaluna\n|-activate|p2a: Klefki|move: Trick|[of] p1a: Ursaluna\n|-item|p1a: Ursaluna|Lagging Tail|[from] move: Switcheroo\n|-item|p2a: Klefki|Flame Orb|[from] move: Switcheroo\n|move|p1a: Ursaluna|Fire Punch|p2a: Klefki\n|-supereffective|p2a: Klefki\n|-damage|p2a: Klefki|28\/100\n|\n|-damage|p1a: Ursaluna|26\/100 brn|[from] brn\n|-fieldend|move: Trick Room\n|-status|p2a: Klefki|brn|[from] item: Flame Orb\n|upkeep\n|turn|24\n|\n|t:|1701198294\n|move|p2a: Klefki|Foul Play|p1a: Ursaluna\n|-damage|p1a: Ursaluna|12\/100 brn\n|move|p1a: Ursaluna|Earthquake|p2a: Klefki\n|-supereffective|p2a: Klefki\n|-damage|p2a: Klefki|0 fnt\n|faint|p2a: Klefki\n|\n|-damage|p1a: Ursaluna|6\/100 brn|[from] brn\n|upkeep\n|\n|t:|1701198300\n|switch|p2a: Gardevoir|Gardevoir, F, shiny, tera:Water|70\/100\n|-ability|p2a: Gardevoir|Guts|[from] ability: Trace|[of] p1a: Ursaluna\n|turn|25\n|\n|t:|1701198304\n|move|p2a: Gardevoir|Draining Kiss|p1a: Ursaluna\n|-damage|p1a: Ursaluna|0 fnt\n|-heal|p2a: Gardevoir|75\/100|[from] drain|[of] p1a: Ursaluna\n|faint|p1a: Ursaluna\n|\n|-heal|p2a: Gardevoir|82\/100|[from] item: Leftovers\n|upkeep\n|\n|t:|1701198315\n|switch|p1a: Hatterene|Hatterene, F, tera:Steel|59\/100\n|turn|26\n|\n|t:|1701198317\n|move|p2a: Gardevoir|Mystical Fire|p1a: Hatterene\n|-supereffective|p1a: Hatterene\n|-damage|p1a: Hatterene|18\/100\n|-unboost|p1a: Hatterene|spa|1\n|move|p1a: Hatterene|Trick Room|p1a: Hatterene\n|-fieldstart|move: Trick Room|[of] p1a: Hatterene\n|\n|-heal|p2a: Gardevoir|88\/100|[from] item: Leftovers\n|upkeep\n|turn|27\n|\n|t:|1701198322\n|move|p1a: Hatterene|Psyshock|p2a: Gardevoir\n|-damage|p2a: Gardevoir|51\/100\n|-damage|p1a: Hatterene|8\/100|[from] item: Life Orb\n|move|p2a: Gardevoir|Calm Mind|p2a: Gardevoir\n|-boost|p2a: Gardevoir|spa|1\n|-boost|p2a: Gardevoir|spd|1\n|\n|-heal|p2a: Gardevoir|57\/100|[from] item: Leftovers\n|upkeep\n|turn|28\n|-message|Aggron forfeited.\n|\n|win|Dr. Elite Test\n|raw|Aggron's rating: 1657 &rarr; <strong>1630<\/strong><br \/>(-27 for losing)\n|raw|Dr. Elite Test's rating: 1537 &rarr; <strong>1564<\/strong><br \/>(+27 for winning)\n|l|\u2606Aggron\n|l|\u2606Dr. Elite Test\n|j|\u2606Dr. Elite Test\n|player|p2|Dr. Elite Test|1\n","uploadtime":1701198348,"views":0,"p1id":"aggron","p2id":"drelitetest","formatid":"gen9ou","rating":1564,"private":0,"password":""}