{"id":"gen9ou-1995765568","p1":"Sprocket0835","p2":"Annnatar","format":"[Gen 9] OU","log":"|j|\u2606Sprocket0835\n|j|\u2606Annnatar\n|t:|1700601072\n|gametype|singles\n|player|p1|Sprocket0835|hilbert|1321\n|player|p2|Annnatar|tuber|1328\n|teamsize|p1|6\n|teamsize|p2|6\n|gen|9\n|tier|[Gen 9] OU\n|rated|\n|rule|Sleep Clause Mod: Limit one foe put to sleep\n|rule|Species Clause: Limit one of each Pok\u00e9mon\n|rule|OHKO Clause: OHKO moves are banned\n|rule|Evasion Items Clause: Evasion items are banned\n|rule|Evasion Moves Clause: Evasion moves are banned\n|rule|Endless Battle Clause: Forcing endless battles is banned\n|rule|HP Percentage Mod: HP is shown in percentages\n|clearpoke\n|poke|p1|Mamoswine, F|\n|poke|p1|Volcanion|\n|poke|p1|Zapdos|\n|poke|p1|Slowking-Galar, F|\n|poke|p1|Great Tusk|\n|poke|p1|Gholdengo|\n|poke|p2|Cinderace, M|\n|poke|p2|Samurott-Hisui, M|\n|poke|p2|Glimmora, M|\n|poke|p2|Armarouge, M|\n|poke|p2|Drifblim, M|\n|poke|p2|Kingambit, M|\n|teampreview\n|\n|t:|1700601101\n|start\n|switch|p1a: Mamoswine|Mamoswine, F|100\/100\n|switch|p2a: HAHAHAHAHA|Samurott-Hisui, M|100\/100\n|turn|1\n|\n|t:|1700601110\n|switch|p1a: Volcanion|Volcanion|100\/100\n|move|p2a: HAHAHAHAHA|Ceaseless Edge|p1a: Volcanion|[miss]\n|-miss|p2a: HAHAHAHAHA|p1a: Volcanion\n|\n|upkeep\n|turn|2\n|c|\u2606Annnatar|--'\n|inactive|Battle timer is ON: inactive players will automatically lose when time's up. (requested by Annnatar)\n|\n|t:|1700601128\n|move|p2a: HAHAHAHAHA|Ceaseless Edge|p1a: Volcanion\n|-damage|p1a: Volcanion|59\/100\n|-sidestart|p1: Sprocket0835|Spikes\n|move|p1a: Volcanion|Sludge Bomb|p2a: HAHAHAHAHA\n|-damage|p2a: HAHAHAHAHA|53\/100\n|-enditem|p2a: HAHAHAHAHA|Red Card|[of] p1a: Volcanion\n|drag|p1a: Slowking|Slowking-Galar, F|100\/100\n|\n|upkeep\n|turn|3\n|\n|t:|1700601140\n|switch|p1a: Great Tusk|Great Tusk|100\/100\n|-damage|p1a: Great Tusk|88\/100|[from] Spikes\n|-enditem|p1a: Great Tusk|Booster Energy\n|-activate|p1a: Great Tusk|ability: Protosynthesis|[fromitem]\n|-start|p1a: Great Tusk|protosynthesisspe\n|move|p2a: HAHAHAHAHA|Ceaseless Edge|p1a: Great Tusk\n|-resisted|p1a: Great Tusk\n|-damage|p1a: Great Tusk|74\/100\n|-sidestart|p1: Sprocket0835|Spikes\n|\n|upkeep\n|turn|4\n|\n|t:|1700601149\n|switch|p2a: Holandes Voador|Drifblim, M|100\/100\n|move|p1a: Great Tusk|Bulk Up|p1a: Great Tusk\n|-boost|p1a: Great Tusk|atk|1\n|-boost|p1a: Great Tusk|def|1\n|\n|upkeep\n|turn|5\n|\n|t:|1700601158\n|move|p2a: Holandes Voador|Endure|p2a: Holandes Voador\n|-singleturn|p2a: Holandes Voador|move: Endure\n|move|p1a: Great Tusk|Ice Spinner|p2a: Holandes Voador\n|-supereffective|p2a: Holandes Voador\n|-damage|p2a: Holandes Voador|17\/100\n|-enditem|p2a: Holandes Voador|Weakness Policy\n|-boost|p2a: Holandes Voador|atk|2|[from] item: Weakness Policy\n|-boost|p2a: Holandes Voador|spa|2|[from] item: Weakness Policy\n|\n|upkeep\n|turn|6\n|\n|t:|1700601165\n|move|p2a: Holandes Voador|Strength Sap|p1a: Great Tusk\n|-unboost|p1a: Great Tusk|atk|1\n|-heal|p2a: Holandes Voador|100\/100\n|move|p1a: Great Tusk|Ice Spinner|p2a: Holandes Voador\n|-supereffective|p2a: Holandes Voador\n|-damage|p2a: Holandes Voador|45\/100\n|\n|upkeep\n|turn|7\n|\n|t:|1700601176\n|-end|p1a: Great Tusk|Protosynthesis|[silent]\n|switch|p1a: Gholdengo|Gholdengo|100\/100\n|-damage|p1a: Gholdengo|84\/100|[from] Spikes\n|move|p2a: Holandes Voador|Strength Sap|p1a: Gholdengo\n|-immune|p1a: Gholdengo|[from] ability: Good as Gold\n|\n|upkeep\n|turn|8\n|\n|t:|1700601186\n|switch|p1a: Zapdos|Zapdos|100\/100\n|-ability|p1a: Zapdos|Pressure\n|move|p2a: Holandes Voador|Hex|p1a: Zapdos\n|-damage|p1a: Zapdos|56\/100\n|\n|upkeep\n|turn|9\n|\n|t:|1700601200\n|move|p2a: Holandes Voador|Hex|p1a: Zapdos\n|-damage|p1a: Zapdos|4\/100\n|move|p1a: Zapdos|Thunderbolt|p2a: Holandes Voador\n|-supereffective|p2a: Holandes Voador\n|-damage|p2a: Holandes Voador|0 fnt\n|faint|p2a: Holandes Voador\n|\n|upkeep\n|\n|t:|1700601206\n|switch|p2a: Cinderace|Cinderace, M|100\/100\n|turn|10\n|\n|t:|1700601212\n|switch|p1a: Slowking|Slowking-Galar, F|100\/100\n|move|p2a: Cinderace|U-turn|p1a: Slowking\n|-start|p2a: Cinderace|typechange|Bug|[from] ability: Libero\n|-damage|p1a: Slowking|64\/100\n|\n|t:|1700601226\n|switch|p2a: HAHAHAHAHA|Samurott-Hisui, M|53\/100|[from] U-turn\n|\n|upkeep\n|turn|11\n|\n|t:|1700601245\n|move|p2a: HAHAHAHAHA|Ceaseless Edge|p1a: Slowking\n|-supereffective|p1a: Slowking\n|-damage|p1a: Slowking|0 fnt\n|-sidestart|p1: Sprocket0835|Spikes\n|faint|p1a: Slowking\n|\n|upkeep\n|\n|t:|1700601252\n|switch|p1a: Great Tusk|Great Tusk|74\/100\n|-damage|p1a: Great Tusk|49\/100|[from] Spikes\n|turn|12\n|\n|t:|1700601256\n|-terastallize|p1a: Great Tusk|Dragon\n|-terastallize|p2a: HAHAHAHAHA|Ghost\n|move|p2a: HAHAHAHAHA|Aqua Jet|p1a: Great Tusk\n|-resisted|p1a: Great Tusk\n|-damage|p1a: Great Tusk|43\/100\n|move|p1a: Great Tusk|Rapid Spin|p2a: HAHAHAHAHA\n|-immune|p2a: HAHAHAHAHA\n|\n|upkeep\n|turn|13\n|\n|t:|1700601262\n|move|p1a: Great Tusk|Bulk Up|p1a: Great Tusk\n|-boost|p1a: Great Tusk|atk|1\n|-boost|p1a: Great Tusk|def|1\n|move|p2a: HAHAHAHAHA|Ceaseless Edge|p1a: Great Tusk\n|-damage|p1a: Great Tusk|25\/100\n|\n|upkeep\n|turn|14\n|\n|t:|1700601271\n|switch|p2a: Hahahahaha|Glimmora, M|100\/100\n|move|p1a: Great Tusk|Ice Spinner|p2a: Hahahahaha\n|-damage|p2a: Hahahahaha|65\/100\n|-activate|p2a: Hahahahaha|ability: Toxic Debris\n|-sidestart|p1: Sprocket0835|move: Toxic Spikes\n|-enditem|p2a: Hahahahaha|Red Card|[of] p1a: Great Tusk\n|-end|p1a: Great Tusk|Protosynthesis|[silent]\n|drag|p1a: Gholdengo|Gholdengo|84\/100\n|-damage|p1a: Gholdengo|59\/100|[from] Spikes\n|\n|upkeep\n|turn|15\n|\n|t:|1700601285\n|move|p1a: Gholdengo|Make It Rain|p2a: Hahahahaha\n|-supereffective|p2a: Hahahahaha\n|-damage|p2a: Hahahahaha|0 fnt\n|-unboost|p1a: Gholdengo|spa|1\n|faint|p2a: Hahahahaha\n|\n|upkeep\n|\n|t:|1700601295\n|switch|p2a: HAHAHAHAHA|Samurott-Hisui, M, tera:Ghost|53\/100\n|turn|16\n|\n|t:|1700601300\n|switch|p1a: Zapdos|Zapdos|4\/100\n|-ability|p1a: Zapdos|Pressure\n|move|p2a: HAHAHAHAHA|Ceaseless Edge|p1a: Zapdos\n|-damage|p1a: Zapdos|0 fnt\n|faint|p1a: Zapdos\n|\n|upkeep\n|\n|t:|1700601305\n|switch|p1a: Great Tusk|Great Tusk, tera:Dragon|25\/100\n|-damage|p1a: Great Tusk|0 fnt|[from] Spikes\n|faint|p1a: Great Tusk\n|-end|p1a: Great Tusk|Protosynthesis|[silent]\n|\n|t:|1700601309\n|switch|p1a: Gholdengo|Gholdengo|59\/100\n|-damage|p1a: Gholdengo|34\/100|[from] Spikes\n|turn|17\n|c|\u2606Annnatar|XD\n|\n|t:|1700601316\n|move|p1a: Gholdengo|Trick|p2a: HAHAHAHAHA\n|-activate|p1a: Gholdengo|move: Trick|[of] p2a: HAHAHAHAHA\n|-item|p2a: HAHAHAHAHA|Choice Scarf|[from] move: Trick\n|-enditem|p1a: Gholdengo|Choice Scarf|[silent]|[from] move: Trick\n|move|p2a: HAHAHAHAHA|Ceaseless Edge|p1a: Gholdengo\n|-supereffective|p1a: Gholdengo\n|-damage|p1a: Gholdengo|0 fnt\n|faint|p1a: Gholdengo\n|\n|upkeep\n|c|\u2606Annnatar|lol\n|c|\u2606Annnatar|thx\n|c|\u2606Sprocket0835|gg\n|-message|Sprocket0835 forfeited.\n|\n|win|Annnatar\n|raw|Sprocket0835's rating: 1321 &rarr; <strong>1301<\/strong><br \/>(-20 for losing)\n|raw|Annnatar's rating: 1328 &rarr; <strong>1348<\/strong><br \/>(+20 for winning)\n|c|\u2606Annnatar|wp\n|l|\u2606Annnatar\n","uploadtime":1700601370,"views":12,"p1id":"sprocket0835","p2id":"annnatar","formatid":"gen9ou","rating":1301,"private":0,"password":""}