{"id":"gen9ou-1992222176","p1":"ooj2","p2":"OhLookARock3","format":"[Gen 9] OU","log":"|j|\u2606ooj2\n|j|\u2606OhLookARock3\n|t:|1700165182\n|gametype|singles\n|player|p1|ooj2|psychicf-gen4|1420\n|player|p2|OhLookARock3|lady|1375\n|teamsize|p1|6\n|teamsize|p2|6\n|gen|9\n|tier|[Gen 9] OU\n|rated|\n|rule|Sleep Clause Mod: Limit one foe put to sleep\n|rule|Species Clause: Limit one of each Pok\u00e9mon\n|rule|OHKO Clause: OHKO moves are banned\n|rule|Evasion Items Clause: Evasion items are banned\n|rule|Evasion Moves Clause: Evasion moves are banned\n|rule|Endless Battle Clause: Forcing endless battles is banned\n|rule|HP Percentage Mod: HP is shown in percentages\n|clearpoke\n|poke|p1|Rillaboom, F|\n|poke|p1|Sneasler, F|\n|poke|p1|Manaphy|\n|poke|p1|Iron Valiant|\n|poke|p1|Cinderace, M|\n|poke|p1|Corviknight, F|\n|poke|p2|Maushold|\n|poke|p2|Rillaboom, M|\n|poke|p2|Great Tusk|\n|poke|p2|Heatran, F|\n|poke|p2|Enamorus, F|\n|poke|p2|Kingambit, M|\n|teampreview\n|c|\u2606OhLookARock3|glhf!\n|inactive|Battle timer is ON: inactive players will automatically lose when time's up. (requested by ooj2)\n|\n|t:|1700165214\n|start\n|switch|p1a: Se\u00f1or Goalpost|Cinderace, M|100\/100\n|switch|p2a: Keiki|Heatran, F|100\/100\n|turn|1\n|\n|t:|1700165229\n|move|p1a: Se\u00f1or Goalpost|U-turn|p2a: Keiki\n|-start|p1a: Se\u00f1or Goalpost|typechange|Bug|[from] ability: Libero\n|-resisted|p2a: Keiki\n|-damage|p2a: Keiki|94\/100\n|\n|t:|1700165236\n|switch|p1a: Glup Shiddo|Manaphy|100\/100|[from] U-turn\n|move|p2a: Keiki|Earth Power|p1a: Glup Shiddo\n|-damage|p1a: Glup Shiddo|78\/100\n|\n|-heal|p1a: Glup Shiddo|84\/100|[from] item: Leftovers\n|-heal|p2a: Keiki|99\/100|[from] item: Leftovers\n|upkeep\n|turn|2\n|\n|t:|1700165243\n|move|p1a: Glup Shiddo|Acid Armor|p1a: Glup Shiddo\n|-boost|p1a: Glup Shiddo|def|2\n|move|p2a: Keiki|Taunt|p1a: Glup Shiddo\n|-start|p1a: Glup Shiddo|move: Taunt\n|\n|-heal|p1a: Glup Shiddo|90\/100|[from] item: Leftovers\n|-heal|p2a: Keiki|100\/100|[from] item: Leftovers\n|upkeep\n|turn|3\n|\n|t:|1700165261\n|move|p1a: Glup Shiddo|Scald|p2a: Keiki\n|-supereffective|p2a: Keiki\n|-damage|p2a: Keiki|63\/100\n|move|p2a: Keiki|Magma Storm|p1a: Glup Shiddo\n|-resisted|p1a: Glup Shiddo\n|-damage|p1a: Glup Shiddo|72\/100\n|-activate|p1a: Glup Shiddo|move: Magma Storm|[of] p2a: Keiki\n|\n|-heal|p1a: Glup Shiddo|78\/100|[from] item: Leftovers\n|-heal|p2a: Keiki|69\/100|[from] item: Leftovers\n|-damage|p1a: Glup Shiddo|66\/100|[from] move: Magma Storm|[partiallytrapped]\n|upkeep\n|turn|4\n|\n|t:|1700165266\n|move|p1a: Glup Shiddo|Scald|p2a: Keiki\n|-supereffective|p2a: Keiki\n|-damage|p2a: Keiki|31\/100\n|move|p2a: Keiki|Magma Storm|p1a: Glup Shiddo\n|-resisted|p1a: Glup Shiddo\n|-damage|p1a: Glup Shiddo|50\/100\n|\n|-heal|p1a: Glup Shiddo|56\/100|[from] item: Leftovers\n|-heal|p2a: Keiki|37\/100|[from] item: Leftovers\n|-damage|p1a: Glup Shiddo|43\/100|[from] move: Magma Storm|[partiallytrapped]\n|upkeep\n|turn|5\n|inactive|OhLookARock3 has 120 seconds left.\n|\n|t:|1700165300\n|move|p1a: Glup Shiddo|Scald|p2a: Keiki\n|-supereffective|p2a: Keiki\n|-damage|p2a: Keiki|0 fnt\n|faint|p2a: Keiki\n|\n|-heal|p1a: Glup Shiddo|50\/100|[from] item: Leftovers\n|-end|p1a: Glup Shiddo|Magma Storm|[partiallytrapped]|[silent]\n|-end|p1a: Glup Shiddo|move: Taunt\n|upkeep\n|inactive|OhLookARock3 has 120 seconds left.\n|\n|t:|1700165333\n|switch|p2a: Daylen|Rillaboom, M|100\/100\n|-fieldstart|move: Grassy Terrain|[from] ability: Grassy Surge|[of] p2a: Daylen\n|turn|6\n|inactive|OhLookARock3 has 90 seconds left.\n|\n|t:|1700165350\n|switch|p1a: Taxi Driver|Corviknight, F|100\/100\n|-ability|p1a: Taxi Driver|Pressure\n|move|p2a: Daylen|Wood Hammer|p1a: Taxi Driver\n|-resisted|p1a: Taxi Driver\n|-damage|p1a: Taxi Driver|79\/100\n|-damage|p2a: Daylen|84\/100|[from] item: Rocky Helmet|[of] p1a: Taxi Driver\n|-damage|p2a: Daylen|76\/100|[from] Recoil\n|\n|-heal|p2a: Daylen|82\/100|[from] Grassy Terrain\n|upkeep\n|turn|7\n|inactive|OhLookARock3 has 90 seconds left.\n|\n|t:|1700165361\n|switch|p2a: Daiyousei|Enamorus, F|100\/100\n|move|p1a: Taxi Driver|U-turn|p2a: Daiyousei\n|-resisted|p2a: Daiyousei\n|-damage|p2a: Daiyousei|95\/100\n|\n|t:|1700165374\n|switch|p1a: Snoodler|Sneasler, F|100\/100|[from] U-turn\n|-enditem|p1a: Snoodler|Grassy Seed\n|-boost|p1a: Snoodler|def|1|[from] item: Grassy Seed\n|\n|upkeep\n|turn|8\n|\n|t:|1700165383\n|move|p1a: Snoodler|Gunk Shot|p2a: Daiyousei\n|-supereffective|p2a: Daiyousei\n|-damage|p2a: Daiyousei|0 fnt\n|faint|p2a: Daiyousei\n|\n|upkeep\n|inactive|OhLookARock3 has 90 seconds left.\n|\n|t:|1700165414\n|switch|p2a: Yuugi|Great Tusk|100\/100\n|turn|9\n|inactive|ooj2 has 120 seconds left.\n|\n|t:|1700165451\n|-terastallize|p1a: Snoodler|Flying\n|move|p1a: Snoodler|Swords Dance|p1a: Snoodler\n|-boost|p1a: Snoodler|atk|2\n|move|p2a: Yuugi|Headlong Rush|p1a: Snoodler\n|-immune|p1a: Snoodler\n|\n|upkeep\n|turn|10\n|\n|t:|1700165473\n|move|p1a: Snoodler|Acrobatics|p2a: Yuugi\n|-supereffective|p2a: Yuugi\n|-damage|p2a: Yuugi|0 fnt\n|faint|p2a: Yuugi\n|-end|p2a: Yuugi|Protosynthesis|[silent]\n|\n|-fieldend|move: Grassy Terrain\n|upkeep\n|\n|t:|1700165482\n|switch|p2a: Zanmu|Kingambit, M|100\/100\n|-activate|p2a: Zanmu|ability: Supreme Overlord\n|-start|p2a: Zanmu|fallen3|[silent]\n|turn|11\n|\n|t:|1700165494\n|-terastallize|p2a: Zanmu|Flying\n|move|p1a: Snoodler|Close Combat|p2a: Zanmu\n|-resisted|p2a: Zanmu\n|-damage|p2a: Zanmu|52\/100\n|-unboost|p1a: Snoodler|def|1\n|-unboost|p1a: Snoodler|spd|1\n|move|p2a: Zanmu|Swords Dance|p2a: Zanmu\n|-boost|p2a: Zanmu|atk|2\n|\n|-heal|p2a: Zanmu|58\/100|[from] item: Leftovers\n|upkeep\n|turn|12\n|\n|t:|1700165517\n|switch|p1a: F\u00fcta Fighter|Iron Valiant|100\/100\n|-enditem|p1a: F\u00fcta Fighter|Booster Energy\n|-activate|p1a: F\u00fcta Fighter|ability: Quark Drive|[fromitem]\n|-start|p1a: F\u00fcta Fighter|quarkdrivespe\n|move|p2a: Zanmu|Sucker Punch||[still]\n|-fail|p2a: Zanmu\n|\n|-heal|p2a: Zanmu|64\/100|[from] item: Leftovers\n|upkeep\n|turn|13\n|inactive|OhLookARock3 has 60 seconds left.\n|\n|t:|1700165538\n|-end|p2a: Zanmu|fallen3|[silent]\n|switch|p2a: Daylen|Rillaboom, M|82\/100\n|-fieldstart|move: Grassy Terrain|[from] ability: Grassy Surge|[of] p2a: Daylen\n|move|p1a: F\u00fcta Fighter|Encore||[still]\n|-fail|p1a: F\u00fcta Fighter\n|\n|-heal|p2a: Daylen|88\/100|[from] Grassy Terrain\n|upkeep\n|turn|14\n|inactive|OhLookARock3 has 60 seconds left.\n|\n|t:|1700165556\n|move|p2a: Daylen|Grassy Glide|p1a: F\u00fcta Fighter\n|-damage|p1a: F\u00fcta Fighter|27\/100\n|move|p1a: F\u00fcta Fighter|Moonblast|p2a: Daylen\n|-damage|p2a: Daylen|28\/100\n|-unboost|p2a: Daylen|spa|1\n|\n|-heal|p1a: F\u00fcta Fighter|33\/100|[from] Grassy Terrain\n|-heal|p2a: Daylen|34\/100|[from] Grassy Terrain\n|upkeep\n|turn|15\n|\n|t:|1700165562\n|-end|p1a: F\u00fcta Fighter|Quark Drive|[silent]\n|switch|p1a: Taxi Driver|Corviknight, F|79\/100\n|-ability|p1a: Taxi Driver|Pressure\n|move|p2a: Daylen|Grassy Glide|p1a: Taxi Driver\n|-resisted|p1a: Taxi Driver\n|-damage|p1a: Taxi Driver|70\/100\n|-damage|p2a: Daylen|18\/100|[from] item: Rocky Helmet|[of] p1a: Taxi Driver\n|\n|-heal|p2a: Daylen|24\/100|[from] Grassy Terrain\n|upkeep\n|turn|16\n|inactive|OhLookARock3 has 60 seconds left.\n|\n|t:|1700165583\n|switch|p2a: Nazrin(s)|Maushold|100\/100\n|move|p1a: Taxi Driver|U-turn|p2a: Nazrin(s)\n|-damage|p2a: Nazrin(s)|76\/100\n|\n|t:|1700165596\n|switch|p1a: Snoodler|Sneasler, F, tera:Flying|100\/100|[from] U-turn\n|\n|-heal|p2a: Nazrin(s)|82\/100|[from] Grassy Terrain\n|upkeep\n|turn|17\n|\n|t:|1700165604\n|move|p1a: Snoodler|Acrobatics|p2a: Nazrin(s)\n|-damage|p2a: Nazrin(s)|0 fnt\n|faint|p2a: Nazrin(s)\n|\n|-fieldend|move: Grassy Terrain\n|upkeep\n|\n|t:|1700165621\n|switch|p2a: Zanmu|Kingambit, M, tera:Flying|64\/100\n|-activate|p2a: Zanmu|ability: Supreme Overlord\n|-start|p2a: Zanmu|fallen4|[silent]\n|turn|18\n|\n|t:|1700165629\n|-end|p2a: Zanmu|fallen4|[silent]\n|switch|p2a: Daylen|Rillaboom, M|24\/100\n|-fieldstart|move: Grassy Terrain|[from] ability: Grassy Surge|[of] p2a: Daylen\n|move|p1a: Snoodler|Acrobatics|p2a: Daylen\n|-supereffective|p2a: Daylen\n|-damage|p2a: Daylen|0 fnt\n|faint|p2a: Daylen\n|\n|upkeep\n|\n|t:|1700165631\n|switch|p2a: Zanmu|Kingambit, M, tera:Flying|64\/100\n|-activate|p2a: Zanmu|ability: Supreme Overlord\n|-start|p2a: Zanmu|fallen5|[silent]\n|turn|19\n|inactive|OhLookARock3 has 60 seconds left.\n|\n|t:|1700165651\n|move|p1a: Snoodler|Acrobatics|p2a: Zanmu\n|-damage|p2a: Zanmu|20\/100\n|move|p2a: Zanmu|Swords Dance|p2a: Zanmu\n|-boost|p2a: Zanmu|atk|2\n|\n|-heal|p2a: Zanmu|26\/100|[from] item: Leftovers\n|upkeep\n|turn|20\n|c|\u2606ooj2|Gg\n|l|\u2606OhLookARock3\n|inactive|OhLookARock3 disconnected and has a minute to reconnect!\n|player|p2|\n|inactive|OhLookARock3 has 30 seconds left.\n|inactive|OhLookARock3 has 20 seconds left.\n|inactive|OhLookARock3 has 15 seconds left.\n|inactive|OhLookARock3 has 10 seconds left.\n|inactive|OhLookARock3 has 5 seconds left.\n|-message|OhLookARock3 lost due to inactivity.\n|\n|win|ooj2\n|raw|ooj2's rating: 1420 &rarr; <strong>1437<\/strong><br \/>(+17 for winning)\n|raw|OhLookARock3's rating: 1375 &rarr; <strong>1358<\/strong><br \/>(-17 for losing)\n","uploadtime":1700165751,"views":13,"p1id":"ooj2","p2id":"ohlookarock3","formatid":"gen9ou","rating":1358,"private":0,"password":""}