{"id":"gen9ou-1995721257","p1":"Stuffity","p2":"birk del 2","format":"[Gen 9] OU","log":"|j|\u2606Stuffity\n|j|\u2606birk del 2\n|t:|1700596990\n|gametype|singles\n|player|p1|Stuffity|2|1399\n|player|p2|birk del 2|169|1321\n|teamsize|p1|6\n|teamsize|p2|6\n|gen|9\n|tier|[Gen 9] OU\n|rated|\n|rule|Sleep Clause Mod: Limit one foe put to sleep\n|rule|Species Clause: Limit one of each Pok\u00e9mon\n|rule|OHKO Clause: OHKO moves are banned\n|rule|Evasion Items Clause: Evasion items are banned\n|rule|Evasion Moves Clause: Evasion moves are banned\n|rule|Endless Battle Clause: Forcing endless battles is banned\n|rule|HP Percentage Mod: HP is shown in percentages\n|clearpoke\n|poke|p1|Ceruledge, M|\n|poke|p1|Torkoal, M|\n|poke|p1|Walking Wake|\n|poke|p1|Great Tusk|\n|poke|p1|Hatterene, F|\n|poke|p1|Slither Wing|\n|poke|p2|Alomomola, F|\n|poke|p2|Slowking-Galar, F|\n|poke|p2|Kingambit, F|\n|poke|p2|Great Tusk|\n|poke|p2|Cinderace, F|\n|poke|p2|Thundurus-Therian, M|\n|teampreview\n|inactive|Battle timer is ON: inactive players will automatically lose when time's up. (requested by birk del 2)\n|\n|t:|1700597007\n|start\n|switch|p1a: Torkoal|Torkoal, M|100\/100\n|switch|p2a: Rizz|Thundurus-Therian, M|100\/100\n|-weather|SunnyDay|[from] ability: Drought|[of] p1a: Torkoal\n|turn|1\n|\n|t:|1700597011\n|switch|p1a: Hatterene|Hatterene, F|100\/100\n|move|p2a: Rizz|Volt Switch|p1a: Hatterene\n|-damage|p1a: Hatterene|42\/100\n|-enditem|p1a: Hatterene|Eject Button\n|\n|t:|1700597016\n|switch|p1a: Walking Wake|Walking Wake|100\/100\n|-activate|p1a: Walking Wake|ability: Protosynthesis\n|-start|p1a: Walking Wake|protosynthesisspa\n|\n|-weather|SunnyDay|[upkeep]\n|upkeep\n|turn|2\n|\n|t:|1700597021\n|switch|p2a: Yas Queen|Slowking-Galar, F|100\/100\n|-terastallize|p1a: Walking Wake|Water\n|move|p1a: Walking Wake|Hydro Steam|p2a: Yas Queen\n|-damage|p2a: Yas Queen|34\/100\n|\n|-weather|SunnyDay|[upkeep]\n|upkeep\n|turn|3\n|\n|t:|1700597031\n|switch|p2a: Finna|Alomomola, F|100\/100\n|move|p1a: Walking Wake|Hydro Steam|p2a: Finna\n|-resisted|p2a: Finna\n|-damage|p2a: Finna|50\/100\n|-enditem|p2a: Finna|Red Card|[of] p1a: Walking Wake\n|-end|p1a: Walking Wake|Protosynthesis|[silent]\n|drag|p1a: Ceruledge|Ceruledge, M|100\/100\n|\n|-weather|SunnyDay|[upkeep]\n|upkeep\n|turn|4\n|\n|t:|1700597052\n|move|p1a: Ceruledge|Taunt|p2a: Finna\n|-start|p2a: Finna|move: Taunt\n|move|p2a: Finna|Scald|p1a: Ceruledge\n|-supereffective|p1a: Ceruledge\n|-damage|p1a: Ceruledge|92\/100\n|\n|-weather|SunnyDay|[upkeep]\n|-heal|p1a: Ceruledge|98\/100|[from] item: Leftovers\n|upkeep\n|turn|5\n|\n|t:|1700597066\n|switch|p1a: Hatterene|Hatterene, F|42\/100\n|move|p2a: Finna|Flip Turn|p1a: Hatterene\n|-damage|p1a: Hatterene|36\/100\n|\n|t:|1700597078\n|switch|p2a: Yas Queen|Slowking-Galar, F|67\/100|[from] Flip Turn\n|\n|-weather|SunnyDay|[upkeep]\n|upkeep\n|turn|6\n|inactive|birk del 2 has 120 seconds left.\n|\n|t:|1700597096\n|move|p1a: Hatterene|Nuzzle|p2a: Yas Queen\n|-damage|p2a: Yas Queen|63\/100\n|-status|p2a: Yas Queen|par\n|move|p2a: Yas Queen|Future Sight|p1a: Hatterene\n|-start|p2a: Yas Queen|move: Future Sight\n|\n|-weather|SunnyDay|[upkeep]\n|upkeep\n|turn|7\n|\n|t:|1700597103\n|move|p1a: Hatterene|Healing Wish|p1a: Hatterene\n|faint|p1a: Hatterene\n|move|p2a: Yas Queen|Sludge Bomb|p1: Hatterene|[notarget]\n|-fail|p2a: Yas Queen\n|\n|-weather|SunnyDay|[upkeep]\n|upkeep\n|\n|t:|1700597109\n|switch|p1a: Walking Wake|Walking Wake, tera:Water|100\/100\n|-activate|p1a: Walking Wake|ability: Protosynthesis\n|-start|p1a: Walking Wake|protosynthesisspa\n|turn|8\n|inactive|birk del 2 has 120 seconds left.\n|\n|t:|1700597130\n|switch|p2a: Finna|Alomomola, F|83\/100\n|move|p1a: Walking Wake|Hydro Steam|p2a: Finna\n|-resisted|p2a: Finna\n|-damage|p2a: Finna|39\/100\n|\n|-weather|none\n|-end|p1a: Walking Wake|Protosynthesis\n|-end|p1a: Walking Wake|move: Future Sight\n|-damage|p1a: Walking Wake|47\/100\n|upkeep\n|turn|9\n|\n|t:|1700597138\n|-end|p1a: Walking Wake|Protosynthesis|[silent]\n|switch|p1a: Torkoal|Torkoal, M|100\/100\n|-weather|SunnyDay|[from] ability: Drought|[of] p1a: Torkoal\n|move|p2a: Finna|Flip Turn|p1a: Torkoal\n|-supereffective|p1a: Torkoal\n|-damage|p1a: Torkoal|88\/100\n|\n|t:|1700597142\n|switch|p2a: Yas Queen|Slowking-Galar, F|96\/100 par|[from] Flip Turn\n|\n|-weather|SunnyDay|[upkeep]\n|upkeep\n|turn|10\n|\n|t:|1700597146\n|move|p1a: Torkoal|Stealth Rock|p2a: Yas Queen\n|-sidestart|p2: birk del 2|move: Stealth Rock\n|move|p2a: Yas Queen|Chilly Reception|p2a: Yas Queen\n|-weather|Snow\n|inactive|birk del 2 has 120 seconds left.\n|\n|t:|1700597178\n|switch|p2a: Bussin|Great Tusk|100\/100|[from] Chilly Reception\n|-damage|p2a: Bussin|98\/100|[from] Stealth Rock\n|\n|-weather|Snow|[upkeep]\n|upkeep\n|turn|11\n|\n|t:|1700597183\n|move|p2a: Bussin|Rapid Spin|p1a: Torkoal\n|-damage|p1a: Torkoal|74\/100\n|-boost|p2a: Bussin|spe|1\n|-sideend|p2: birk del 2|Stealth Rock|[from] move: Rapid Spin|[of] p2a: Bussin\n|move|p1a: Torkoal|Lava Plume|p2a: Bussin\n|-crit|p2a: Bussin\n|-damage|p2a: Bussin|18\/100\n|\n|-weather|Snow|[upkeep]\n|upkeep\n|turn|12\n|\n|t:|1700597191\n|switch|p1a: Great Tusk|Great Tusk|100\/100\n|move|p2a: Bussin|Headlong Rush|p1a: Great Tusk\n|-damage|p1a: Great Tusk|68\/100\n|-unboost|p2a: Bussin|def|1\n|-unboost|p2a: Bussin|spd|1\n|\n|-weather|Snow|[upkeep]\n|-heal|p1a: Great Tusk|75\/100|[from] item: Leftovers\n|upkeep\n|turn|13\n|\n|t:|1700597197\n|-end|p2a: Bussin|Protosynthesis|[silent]\n|switch|p2a: Finna|Alomomola, F|72\/100\n|move|p1a: Great Tusk|Knock Off|p2a: Finna\n|-damage|p2a: Finna|62\/100\n|\n|-weather|Snow|[upkeep]\n|-heal|p1a: Great Tusk|81\/100|[from] item: Leftovers\n|upkeep\n|turn|14\n|\n|t:|1700597204\n|-end|p1a: Great Tusk|Protosynthesis|[silent]\n|switch|p1a: Torkoal|Torkoal, M|74\/100\n|-heal|p1a: Torkoal|100\/100|[from] move: Healing Wish\n|-weather|SunnyDay|[from] ability: Drought|[of] p1a: Torkoal\n|move|p2a: Finna|Wish|p2a: Finna\n|\n|-weather|SunnyDay|[upkeep]\n|upkeep\n|turn|15\n|inactive|Stuffity has 120 seconds left.\n|\n|t:|1700597240\n|move|p2a: Finna|Flip Turn|p1a: Torkoal\n|-supereffective|p1a: Torkoal\n|-damage|p1a: Torkoal|90\/100\n|inactive|birk del 2 has 120 seconds left.\n|\n|t:|1700597260\n|switch|p2a: Yas Queen|Slowking-Galar, F|100\/100 par|[from] Flip Turn\n|move|p1a: Torkoal|Lava Plume|p2a: Yas Queen\n|-damage|p2a: Yas Queen|71\/100 par\n|\n|-weather|SunnyDay|[upkeep]\n|-heal|p2a: Yas Queen|100\/100 par|[from] move: Wish|[wisher] Finna\n|upkeep\n|turn|16\n|\n|t:|1700597267\n|move|p1a: Torkoal|Stealth Rock|p2a: Yas Queen\n|-sidestart|p2: birk del 2|move: Stealth Rock\n|cant|p2a: Yas Queen|par\n|\n|-weather|SunnyDay|[upkeep]\n|upkeep\n|turn|17\n|\n|t:|1700597276\n|switch|p1a: Slither Wing|Slither Wing|100\/100\n|-activate|p1a: Slither Wing|ability: Protosynthesis\n|-start|p1a: Slither Wing|protosynthesisatk\n|move|p2a: Yas Queen|Future Sight|p1a: Slither Wing\n|-start|p2a: Yas Queen|move: Future Sight\n|\n|-weather|SunnyDay|[upkeep]\n|upkeep\n|turn|18\n|inactive|birk del 2 has 120 seconds left.\n|\n|t:|1700597317\n|switch|p2a: Finna|Alomomola, F|95\/100\n|-damage|p2a: Finna|83\/100|[from] Stealth Rock\n|move|p1a: Slither Wing|First Impression|p2a: Finna\n|-damage|p2a: Finna|29\/100\n|-damage|p1a: Slither Wing|91\/100|[from] item: Life Orb\n|\n|-weather|SunnyDay|[upkeep]\n|upkeep\n|turn|19\n|\n|t:|1700597326\n|-end|p1a: Slither Wing|Protosynthesis|[silent]\n|switch|p1a: Ceruledge|Ceruledge, M|98\/100\n|move|p2a: Finna|Wish|p2a: Finna\n|\n|-weather|SunnyDay|[upkeep]\n|-end|p1a: Ceruledge|move: Future Sight\n|-damage|p1a: Ceruledge|66\/100\n|-heal|p1a: Ceruledge|72\/100|[from] item: Leftovers\n|upkeep\n|turn|20\n|\n|t:|1700597339\n|move|p1a: Ceruledge|Bulk Up|p1a: Ceruledge\n|-boost|p1a: Ceruledge|atk|1\n|-boost|p1a: Ceruledge|def|1\n|move|p2a: Finna|Flip Turn|p1a: Ceruledge\n|-supereffective|p1a: Ceruledge\n|-damage|p1a: Ceruledge|60\/100\n|-ability|p1a: Ceruledge|Weak Armor|boost\n|-unboost|p1a: Ceruledge|def|1\n|-boost|p1a: Ceruledge|spe|2\n|\n|t:|1700597367\n|switch|p2a: Slay|Kingambit, F|100\/100|[from] Flip Turn\n|-damage|p2a: Slay|94\/100|[from] Stealth Rock\n|\n|-weather|SunnyDay|[upkeep]\n|-heal|p2a: Slay|100\/100|[from] move: Wish|[wisher] Finna\n|-heal|p1a: Ceruledge|66\/100|[from] item: Leftovers\n|upkeep\n|turn|21\n|\n|t:|1700597374\n|switch|p1a: Great Tusk|Great Tusk|81\/100\n|-activate|p1a: Great Tusk|ability: Protosynthesis\n|-start|p1a: Great Tusk|protosynthesisdef\n|move|p2a: Slay|Sucker Punch||[still]\n|-fail|p2a: Slay\n|\n|-weather|none\n|-end|p1a: Great Tusk|Protosynthesis\n|-heal|p1a: Great Tusk|87\/100|[from] item: Leftovers\n|upkeep\n|turn|22\n|\n|t:|1700597385\n|-end|p1a: Great Tusk|Protosynthesis|[silent]\n|switch|p1a: Slither Wing|Slither Wing|91\/100\n|-end|p2a: Slay|fallenundefined|[silent]\n|switch|p2a: Finna|Alomomola, F|63\/100\n|-damage|p2a: Finna|50\/100|[from] Stealth Rock\n|\n|upkeep\n|turn|23\n|\n|t:|1700597394\n|move|p1a: Slither Wing|Close Combat|p2a: Finna\n|-damage|p2a: Finna|0 fnt\n|-unboost|p1a: Slither Wing|def|1\n|-unboost|p1a: Slither Wing|spd|1\n|faint|p2a: Finna\n|-damage|p1a: Slither Wing|81\/100|[from] item: Life Orb\n|\n|upkeep\n|\n|t:|1700597407\n|switch|p2a: W|Cinderace, F|100\/100\n|turn|24\n|\n|t:|1700597415\n|-end|p1a: Slither Wing|Protosynthesis|[silent]\n|switch|p1a: Torkoal|Torkoal, M|90\/100\n|-weather|SunnyDay|[from] ability: Drought|[of] p1a: Torkoal\n|move|p2a: W|Court Change|p2a: W\n|-start|p2a: W|typechange|Normal|[from] ability: Libero\n|-swapsideconditions\n|-activate|p2a: W|move: Court Change\n|\n|-weather|SunnyDay|[upkeep]\n|upkeep\n|turn|25\n|\n|t:|1700597422\n|move|p2a: W|U-turn|p1a: Torkoal\n|-resisted|p1a: Torkoal\n|-damage|p1a: Torkoal|81\/100\n|\n|t:|1700597426\n|switch|p2a: Yas Queen|Slowking-Galar, F|100\/100 par|[from] U-turn\n|move|p1a: Torkoal|Lava Plume|p2a: Yas Queen\n|-damage|p2a: Yas Queen|71\/100 par\n|\n|-weather|SunnyDay|[upkeep]\n|upkeep\n|turn|26\n|\n|t:|1700597432\n|move|p1a: Torkoal|Stealth Rock|p2a: Yas Queen\n|-sidestart|p2: birk del 2|move: Stealth Rock\n|move|p2a: Yas Queen|Future Sight|p1a: Torkoal\n|-start|p2a: Yas Queen|move: Future Sight\n|\n|-weather|SunnyDay|[upkeep]\n|upkeep\n|turn|27\n|\n|t:|1700597439\n|switch|p1a: Ceruledge|Ceruledge, M|66\/100\n|-damage|p1a: Ceruledge|41\/100|[from] Stealth Rock\n|move|p2a: Yas Queen|Chilly Reception|p2a: Yas Queen\n|-weather|Snow\n|\n|t:|1700597451\n|switch|p2a: Slay|Kingambit, F|100\/100|[from] Chilly Reception\n|-damage|p2a: Slay|94\/100|[from] Stealth Rock\n|-activate|p2a: Slay|ability: Supreme Overlord\n|-start|p2a: Slay|fallen1|[silent]\n|\n|-weather|Snow|[upkeep]\n|-heal|p1a: Ceruledge|48\/100|[from] item: Leftovers\n|-heal|p2a: Slay|100\/100|[from] item: Leftovers\n|upkeep\n|turn|28\n|\n|t:|1700597457\n|move|p1a: Ceruledge|Bitter Blade|p2a: Slay\n|-supereffective|p2a: Slay\n|-damage|p2a: Slay|49\/100\n|-heal|p1a: Ceruledge|77\/100|[from] drain|[of] p2a: Slay\n|move|p2a: Slay|Kowtow Cleave|p1a: Ceruledge\n|-supereffective|p1a: Ceruledge\n|-damage|p1a: Ceruledge|0 fnt\n|faint|p1a: Ceruledge\n|\n|-weather|Snow|[upkeep]\n|-hint|Future Sight did not hit because the target is fainted.\n|-heal|p2a: Slay|55\/100|[from] item: Leftovers\n|upkeep\n|\n|t:|1700597465\n|switch|p1a: Slither Wing|Slither Wing|81\/100\n|-damage|p1a: Slither Wing|68\/100|[from] Stealth Rock\n|turn|29\n|inactive|birk del 2 has 120 seconds left.\n|\n|t:|1700597500\n|-end|p2a: Slay|fallen1|[silent]\n|switch|p2a: W|Cinderace, F|100\/100\n|move|p1a: Slither Wing|Close Combat|p2a: W\n|-damage|p2a: W|0 fnt\n|-unboost|p1a: Slither Wing|def|1\n|-unboost|p1a: Slither Wing|spd|1\n|faint|p2a: W\n|-damage|p1a: Slither Wing|58\/100|[from] item: Life Orb\n|\n|-weather|Snow|[upkeep]\n|upkeep\n|inactive|birk del 2 has 120 seconds left.\n|\n|t:|1700597513\n|switch|p2a: Bussin|Great Tusk|18\/100\n|-damage|p2a: Bussin|15\/100|[from] Stealth Rock\n|turn|30\n|inactive|birk del 2 has 120 seconds left.\n|\n|t:|1700597532\n|move|p2a: Bussin|Rapid Spin|p1a: Slither Wing\n|-damage|p1a: Slither Wing|25\/100\n|-boost|p2a: Bussin|spe|1\n|-sideend|p2: birk del 2|Stealth Rock|[from] move: Rapid Spin|[of] p2a: Bussin\n|move|p1a: Slither Wing|Leech Life|p2a: Bussin\n|-resisted|p2a: Bussin\n|-damage|p2a: Bussin|0 fnt\n|-heal|p1a: Slither Wing|34\/100|[from] drain|[of] p2a: Bussin\n|-damage|p1a: Slither Wing|17\/100|[from] item: Rocky Helmet|[of] p2a: Bussin\n|faint|p2a: Bussin\n|-end|p2a: Bussin|Protosynthesis|[silent]\n|-damage|p1a: Slither Wing|7\/100|[from] item: Life Orb\n|\n|-weather|Snow|[upkeep]\n|upkeep\n|inactive|birk del 2 has 120 seconds left.\n|\n|t:|1700597550\n|switch|p2a: Rizz|Thundurus-Therian, M|100\/100\n|turn|31\n|\n|t:|1700597555\n|move|p2a: Rizz|Volt Switch|p1a: Slither Wing\n|-damage|p1a: Slither Wing|0 fnt\n|faint|p1a: Slither Wing\n|-end|p1a: Slither Wing|Protosynthesis|[silent]\n|\n|t:|1700597557\n|switch|p2a: Yas Queen|Slowking-Galar, F|100\/100 par|[from] Volt Switch\n|\n|-weather|none\n|upkeep\n|\n|t:|1700597567\n|switch|p1a: Great Tusk|Great Tusk|87\/100\n|-damage|p1a: Great Tusk|84\/100|[from] Stealth Rock\n|turn|32\n|\n|t:|1700597571\n|switch|p2a: Rizz|Thundurus-Therian, M|100\/100\n|move|p1a: Great Tusk|Earthquake|p2a: Rizz\n|-immune|p2a: Rizz\n|\n|-heal|p1a: Great Tusk|90\/100|[from] item: Leftovers\n|upkeep\n|turn|33\n|\n|t:|1700597578\n|-end|p1a: Great Tusk|Protosynthesis|[silent]\n|switch|p1a: Torkoal|Torkoal, M|81\/100\n|-damage|p1a: Torkoal|56\/100|[from] Stealth Rock\n|-weather|SunnyDay|[from] ability: Drought|[of] p1a: Torkoal\n|-terastallize|p2a: Rizz|Flying\n|move|p2a: Rizz|Tera Blast|p1a: Torkoal|[anim] Tera Blast Flying\n|-damage|p1a: Torkoal|0 fnt\n|faint|p1a: Torkoal\n|\n|-weather|SunnyDay|[upkeep]\n|upkeep\n|\n|t:|1700597593\n|switch|p1a: Walking Wake|Walking Wake, tera:Water|47\/100\n|-damage|p1a: Walking Wake|34\/100|[from] Stealth Rock\n|-activate|p1a: Walking Wake|ability: Protosynthesis\n|-start|p1a: Walking Wake|protosynthesisspa\n|turn|34\n|\n|t:|1700597601\n|switch|p2a: Slay|Kingambit, F|55\/100\n|-activate|p2a: Slay|ability: Supreme Overlord\n|-start|p2a: Slay|fallen3|[silent]\n|move|p1a: Walking Wake|Hydro Steam|p2a: Slay\n|-damage|p2a: Slay|0 fnt\n|faint|p2a: Slay\n|-end|p2a: Slay|fallen3|[silent]\n|\n|-weather|SunnyDay|[upkeep]\n|upkeep\n|\n|t:|1700597603\n|switch|p2a: Yas Queen|Slowking-Galar, F|100\/100 par\n|turn|35\n|\n|t:|1700597618\n|move|p1a: Walking Wake|Hydro Steam|p2a: Yas Queen\n|-damage|p2a: Yas Queen|39\/100 par\n|cant|p2a: Yas Queen|par\n|\n|-weather|SunnyDay|[upkeep]\n|upkeep\n|turn|36\n|\n|t:|1700597629\n|move|p1a: Walking Wake|Hydro Steam|p2a: Yas Queen\n|-damage|p2a: Yas Queen|0 fnt\n|faint|p2a: Yas Queen\n|\n|-weather|SunnyDay|[upkeep]\n|upkeep\n|\n|t:|1700597631\n|switch|p2a: Rizz|Thundurus-Therian, M, tera:Flying|100\/100\n|turn|37\n|\n|t:|1700597633\n|move|p1a: Walking Wake|Hydro Steam|p2a: Rizz\n|-crit|p2a: Rizz\n|-damage|p2a: Rizz|0 fnt\n|faint|p2a: Rizz\n|\n|win|Stuffity\n|raw|Stuffity's rating: 1399 &rarr; <strong>1415<\/strong><br \/>(+16 for winning)\n|raw|birk del 2's rating: 1321 &rarr; <strong>1305<\/strong><br \/>(-16 for losing)\n|l|\u2606birk del 2\n","uploadtime":1700597643,"views":0,"p1id":"stuffity","p2id":"birkdel2","formatid":"gen9ou","rating":1305,"private":0,"password":""}