{"id":"gen9ou-1992780209","p1":"Nah Nah64","p2":"my name is champ","format":"[Gen 9] OU","log":"|j|\u2606Nah Nah64\n|j|\u2606my name is champ\n|t:|1700234804\n|gametype|singles\n|player|p1|Nah Nah64|dancer|1360\n|player|p2|my name is champ|veteran|1449\n|teamsize|p1|6\n|teamsize|p2|6\n|gen|9\n|tier|[Gen 9] OU\n|rated|\n|rule|Sleep Clause Mod: Limit one foe put to sleep\n|rule|Species Clause: Limit one of each Pok\u00e9mon\n|rule|OHKO Clause: OHKO moves are banned\n|rule|Evasion Items Clause: Evasion items are banned\n|rule|Evasion Moves Clause: Evasion moves are banned\n|rule|Endless Battle Clause: Forcing endless battles is banned\n|rule|HP Percentage Mod: HP is shown in percentages\n|clearpoke\n|poke|p1|Scizor, M|\n|poke|p1|Zoroark-Hisui, M|\n|poke|p1|Samurott-Hisui, M|\n|poke|p1|Ceruledge, F|\n|poke|p1|Skeledirge, F|\n|poke|p1|Corviknight, F|\n|poke|p2|Iron Jugulis|\n|poke|p2|Ogerpon-Wellspring, F|\n|poke|p2|Tinkaton, F|\n|poke|p2|Iron Moth|\n|poke|p2|Great Tusk|\n|poke|p2|Dragapult, M|\n|teampreview\n|\n|t:|1700234851\n|start\n|switch|p1a: Knight Kazer|Corviknight, F, shiny|100\/100\n|switch|p2a: Mahoraga|Dragapult, M|100\/100\n|-ability|p1a: Knight Kazer|Unnerve\n|turn|1\n|\n|t:|1700234857\n|move|p2a: Mahoraga|Thunderbolt|p1a: Knight Kazer\n|-supereffective|p1a: Knight Kazer\n|-damage|p1a: Knight Kazer|18\/100\n|move|p1a: Knight Kazer|U-turn|p2a: Mahoraga\n|-resisted|p2a: Mahoraga\n|-damage|p2a: Mahoraga|90\/100\n|\n|t:|1700234886\n|switch|p1a: Mazka|Samurott-Hisui, M, shiny|100\/100|[from] U-turn\n|\n|upkeep\n|turn|2\n|\n|t:|1700234895\n|switch|p2a: TWINKATON|Tinkaton, F|100\/100\n|-item|p2a: TWINKATON|Air Balloon\n|move|p1a: Mazka|Ceaseless Edge|p2a: TWINKATON\n|-resisted|p2a: TWINKATON\n|-damage|p2a: TWINKATON|75\/100\n|-enditem|p2a: TWINKATON|Air Balloon\n|-sidestart|p2: my name is champ|Spikes\n|-enditem|p1a: Mazka|Assault Vest|[silent]|[from] ability: Pickpocket|[of] p1a: Mazka\n|-item|p2a: TWINKATON|Assault Vest|[from] ability: Pickpocket|[of] p1a: Mazka\n|\n|upkeep\n|turn|3\n|\n|t:|1700234906\n|switch|p1a: Knight Kazer|Corviknight, F, shiny|18\/100\n|-ability|p1a: Knight Kazer|Unnerve\n|move|p2a: TWINKATON|Play Rough|p1a: Knight Kazer\n|-resisted|p1a: Knight Kazer\n|-damage|p1a: Knight Kazer|12\/100\n|-damage|p2a: TWINKATON|59\/100|[from] item: Rocky Helmet|[of] p1a: Knight Kazer\n|\n|upkeep\n|turn|4\n|\n|t:|1700234913\n|move|p2a: TWINKATON|Play Rough|p1a: Knight Kazer\n|-resisted|p1a: Knight Kazer\n|-damage|p1a: Knight Kazer|4\/100\n|-damage|p2a: TWINKATON|42\/100|[from] item: Rocky Helmet|[of] p1a: Knight Kazer\n|move|p1a: Knight Kazer|Roost|p1a: Knight Kazer\n|-heal|p1a: Knight Kazer|54\/100\n|-singleturn|p1a: Knight Kazer|move: Roost\n|\n|upkeep\n|turn|5\n|\n|t:|1700234919\n|move|p2a: TWINKATON|Play Rough|p1a: Knight Kazer\n|-resisted|p1a: Knight Kazer\n|-damage|p1a: Knight Kazer|46\/100\n|-unboost|p1a: Knight Kazer|atk|1\n|-damage|p2a: TWINKATON|25\/100|[from] item: Rocky Helmet|[of] p1a: Knight Kazer\n|move|p1a: Knight Kazer|Roost|p1a: Knight Kazer\n|-heal|p1a: Knight Kazer|96\/100\n|-singleturn|p1a: Knight Kazer|move: Roost\n|\n|upkeep\n|turn|6\n|\n|t:|1700234929\n|move|p2a: TWINKATON|Play Rough|p1a: Knight Kazer\n|-resisted|p1a: Knight Kazer\n|-damage|p1a: Knight Kazer|90\/100\n|-unboost|p1a: Knight Kazer|atk|1\n|-damage|p2a: TWINKATON|9\/100|[from] item: Rocky Helmet|[of] p1a: Knight Kazer\n|move|p1a: Knight Kazer|Roost|p1a: Knight Kazer\n|-heal|p1a: Knight Kazer|100\/100\n|-singleturn|p1a: Knight Kazer|move: Roost\n|\n|upkeep\n|turn|7\n|\n|t:|1700234935\n|move|p2a: TWINKATON|Play Rough|p1a: Knight Kazer\n|-resisted|p1a: Knight Kazer\n|-damage|p1a: Knight Kazer|93\/100\n|-damage|p2a: TWINKATON|0 fnt|[from] item: Rocky Helmet|[of] p1a: Knight Kazer\n|faint|p2a: TWINKATON\n|move|p1a: Knight Kazer|Brave Bird|p2: TWINKATON|[notarget]\n|-fail|p1a: Knight Kazer\n|\n|upkeep\n|\n|t:|1700234941\n|switch|p2a: Iron Moth|Iron Moth|100\/100\n|-damage|p2a: Iron Moth|88\/100|[from] Spikes\n|-enditem|p2a: Iron Moth|Booster Energy\n|-activate|p2a: Iron Moth|ability: Quark Drive|[fromitem]\n|-start|p2a: Iron Moth|quarkdrivespe\n|turn|8\n|\n|t:|1700234943\n|switch|p1a: Crocogetor|Skeledirge, F|100\/100\n|move|p2a: Iron Moth|Fiery Dance|p1a: Crocogetor\n|-resisted|p1a: Crocogetor\n|-damage|p1a: Crocogetor|85\/100\n|\n|-heal|p1a: Crocogetor|91\/100|[from] item: Leftovers\n|upkeep\n|turn|9\n|\n|t:|1700234952\n|move|p2a: Iron Moth|Fiery Dance|p1a: Crocogetor\n|-resisted|p1a: Crocogetor\n|-damage|p1a: Crocogetor|77\/100\n|-boost|p2a: Iron Moth|spa|1\n|move|p1a: Crocogetor|Earth Power|p2a: Iron Moth\n|-supereffective|p2a: Iron Moth\n|-damage|p2a: Iron Moth|0 fnt\n|faint|p2a: Iron Moth\n|-end|p2a: Iron Moth|Quark Drive|[silent]\n|\n|-heal|p1a: Crocogetor|83\/100|[from] item: Leftovers\n|upkeep\n|\n|t:|1700234959\n|switch|p2a: Rika|Ogerpon-Wellspring, F|100\/100\n|-damage|p2a: Rika|88\/100|[from] Spikes\n|turn|10\n|\n|t:|1700234965\n|switch|p1a: Mazka|Samurott-Hisui, M, shiny|100\/100\n|move|p2a: Rika|Spikes|p1a: Mazka\n|-sidestart|p1: Nah Nah64|Spikes\n|\n|upkeep\n|turn|11\n|\n|t:|1700234973\n|move|p2a: Rika|U-turn|p1a: Mazka\n|-supereffective|p1a: Mazka\n|-damage|p1a: Mazka|35\/100\n|\n|t:|1700234981\n|switch|p2a: Iron Jugulis|Iron Jugulis|100\/100|[from] U-turn\n|-enditem|p2a: Iron Jugulis|Booster Energy\n|-activate|p2a: Iron Jugulis|ability: Quark Drive|[fromitem]\n|-start|p2a: Iron Jugulis|quarkdrivespe\n|move|p1a: Mazka|Ceaseless Edge|p2a: Iron Jugulis\n|-resisted|p2a: Iron Jugulis\n|-damage|p2a: Iron Jugulis|76\/100\n|-sidestart|p2: my name is champ|Spikes\n|\n|upkeep\n|turn|12\n|\n|t:|1700234993\n|move|p2a: Iron Jugulis|Earth Power|p1a: Mazka\n|-damage|p1a: Mazka|0 fnt\n|faint|p1a: Mazka\n|\n|upkeep\n|\n|t:|1700235001\n|switch|p1a: Knight Kazer|Corviknight, F, shiny|93\/100\n|-ability|p1a: Knight Kazer|Unnerve\n|turn|13\n|\n|t:|1700235006\n|move|p2a: Iron Jugulis|Taunt|p1a: Knight Kazer\n|-start|p1a: Knight Kazer|move: Taunt\n|move|p1a: Knight Kazer|U-turn|p2a: Iron Jugulis\n|-crit|p2a: Iron Jugulis\n|-damage|p2a: Iron Jugulis|52\/100\n|\n|t:|1700235010\n|switch|p1a: Mint Metal|Scizor, M, shiny|100\/100|[from] U-turn\n|-damage|p1a: Mint Metal|88\/100|[from] Spikes\n|\n|upkeep\n|turn|14\n|\n|t:|1700235013\n|move|p1a: Mint Metal|Bullet Punch|p2a: Iron Jugulis\n|-damage|p2a: Iron Jugulis|0 fnt\n|faint|p2a: Iron Jugulis\n|-end|p2a: Iron Jugulis|Quark Drive|[silent]\n|\n|upkeep\n|\n|t:|1700235018\n|switch|p2a: Great Tusk|Great Tusk|100\/100\n|-damage|p2a: Great Tusk|84\/100|[from] Spikes\n|-enditem|p2a: Great Tusk|Booster Energy\n|-activate|p2a: Great Tusk|ability: Protosynthesis|[fromitem]\n|-start|p2a: Great Tusk|protosynthesisspe\n|turn|15\n|\n|t:|1700235021\n|switch|p1a: Knight Kazer|Corviknight, F, shiny|93\/100\n|-ability|p1a: Knight Kazer|Unnerve\n|move|p2a: Great Tusk|Rapid Spin|p1a: Knight Kazer\n|-resisted|p1a: Knight Kazer\n|-damage|p1a: Knight Kazer|89\/100\n|-boost|p2a: Great Tusk|spe|1\n|-damage|p2a: Great Tusk|67\/100|[from] item: Rocky Helmet|[of] p1a: Knight Kazer\n|-sideend|p2: my name is champ|Spikes|[from] move: Rapid Spin|[of] p2a: Great Tusk\n|\n|upkeep\n|turn|16\n|\n|t:|1700235025\n|move|p2a: Great Tusk|Bulk Up|p2a: Great Tusk\n|-boost|p2a: Great Tusk|atk|1\n|-boost|p2a: Great Tusk|def|1\n|move|p1a: Knight Kazer|Defog|p2a: Great Tusk\n|-unboost|p2a: Great Tusk|evasion|1\n|-sideend|p1: Nah Nah64|Spikes|[from] move: Defog|[of] p1a: Knight Kazer\n|\n|upkeep\n|turn|17\n|\n|t:|1700235030\n|-terastallize|p2a: Great Tusk|Poison\n|move|p2a: Great Tusk|Bulk Up|p2a: Great Tusk\n|-boost|p2a: Great Tusk|atk|1\n|-boost|p2a: Great Tusk|def|1\n|move|p1a: Knight Kazer|U-turn|p2a: Great Tusk\n|-resisted|p2a: Great Tusk\n|-damage|p2a: Great Tusk|65\/100\n|\n|t:|1700235035\n|switch|p1a: Neo Dusted|Ceruledge, F, shiny|100\/100|[from] U-turn\n|\n|upkeep\n|turn|18\n|\n|t:|1700235042\n|switch|p1a: Knight Kazer|Corviknight, F, shiny|89\/100\n|-ability|p1a: Knight Kazer|Unnerve\n|move|p2a: Great Tusk|Headlong Rush|p1a: Knight Kazer\n|-immune|p1a: Knight Kazer\n|\n|upkeep\n|turn|19\n|\n|t:|1700235047\n|move|p2a: Great Tusk|Bulk Up|p2a: Great Tusk\n|-boost|p2a: Great Tusk|atk|1\n|-boost|p2a: Great Tusk|def|1\n|move|p1a: Knight Kazer|Brave Bird|p2a: Great Tusk\n|-damage|p2a: Great Tusk|55\/100\n|-damage|p1a: Knight Kazer|86\/100|[from] Recoil\n|\n|upkeep\n|turn|20\n|\n|t:|1700235053\n|move|p2a: Great Tusk|Bulk Up|p2a: Great Tusk\n|-boost|p2a: Great Tusk|atk|1\n|-boost|p2a: Great Tusk|def|1\n|move|p1a: Knight Kazer|Brave Bird|p2a: Great Tusk\n|-crit|p2a: Great Tusk\n|-damage|p2a: Great Tusk|18\/100\n|-damage|p1a: Knight Kazer|73\/100|[from] Recoil\n|\n|upkeep\n|turn|21\n|\n|t:|1700235059\n|move|p2a: Great Tusk|Ice Spinner|p1a: Knight Kazer\n|-damage|p1a: Knight Kazer|28\/100\n|-damage|p2a: Great Tusk|1\/100|[from] item: Rocky Helmet|[of] p1a: Knight Kazer\n|move|p1a: Knight Kazer|Roost|p1a: Knight Kazer\n|-heal|p1a: Knight Kazer|78\/100\n|-singleturn|p1a: Knight Kazer|move: Roost\n|\n|upkeep\n|turn|22\n|\n|t:|1700235066\n|move|p2a: Great Tusk|Ice Spinner|p1a: Knight Kazer\n|-damage|p1a: Knight Kazer|36\/100\n|-damage|p2a: Great Tusk|0 fnt|[from] item: Rocky Helmet|[of] p1a: Knight Kazer\n|faint|p2a: Great Tusk\n|-end|p2a: Great Tusk|Protosynthesis|[silent]\n|move|p1a: Knight Kazer|Roost|p1a: Knight Kazer\n|-heal|p1a: Knight Kazer|86\/100\n|-singleturn|p1a: Knight Kazer|move: Roost\n|\n|upkeep\n|c|\u2606Nah Nah64|Nice\n|\n|t:|1700235070\n|switch|p2a: Mahoraga|Dragapult, M|90\/100\n|turn|23\n|\n|t:|1700235077\n|switch|p1a: Crocogetor|Skeledirge, F|83\/100\n|move|p2a: Mahoraga|Shadow Ball|p1a: Crocogetor\n|-supereffective|p1a: Crocogetor\n|-damage|p1a: Crocogetor|8\/100\n|\n|-heal|p1a: Crocogetor|14\/100|[from] item: Leftovers\n|upkeep\n|turn|24\n|\n|t:|1700235083\n|move|p2a: Mahoraga|Shadow Ball|p1a: Crocogetor\n|-supereffective|p1a: Crocogetor\n|-damage|p1a: Crocogetor|0 fnt\n|faint|p1a: Crocogetor\n|\n|upkeep\n|\n|t:|1700235089\n|switch|p1a: Neo Dusted|Ceruledge, F, shiny|100\/100\n|turn|25\n|\n|t:|1700235094\n|switch|p2a: Rika|Ogerpon-Wellspring, F|88\/100\n|move|p1a: Neo Dusted|Shadow Sneak|p2a: Rika\n|-crit|p2a: Rika\n|-damage|p2a: Rika|47\/100\n|\n|upkeep\n|turn|26\n|\n|t:|1700235117\n|move|p2a: Rika|Ivy Cudgel|p1a: Neo Dusted|[anim] Ivy Cudgel Water\n|-supereffective|p1a: Neo Dusted\n|-crit|p1a: Neo Dusted\n|-enditem|p1a: Neo Dusted|Focus Sash\n|-damage|p1a: Neo Dusted|1\/100\n|-ability|p1a: Neo Dusted|Weak Armor|boost\n|-unboost|p1a: Neo Dusted|def|1\n|-boost|p1a: Neo Dusted|spe|2\n|move|p1a: Neo Dusted|Swords Dance|p1a: Neo Dusted\n|-boost|p1a: Neo Dusted|atk|2\n|\n|upkeep\n|turn|27\n|\n|t:|1700235122\n|move|p1a: Neo Dusted|Bitter Blade|p2a: Rika\n|-damage|p2a: Rika|0 fnt\n|-heal|p1a: Neo Dusted|25\/100|[from] drain|[of] p2a: Rika\n|faint|p2a: Rika\n|\n|upkeep\n|-message|my name is champ forfeited.\n|\n|win|Nah Nah64\n|raw|Nah Nah64's rating: 1360 &rarr; <strong>1385<\/strong><br \/>(+25 for winning)\n|raw|my name is champ's rating: 1449 &rarr; <strong>1424<\/strong><br \/>(-25 for losing)\n|l|\u2606my name is champ\n","uploadtime":1700235136,"views":26,"p1id":"nahnah64","p2id":"mynameischamp","formatid":"gen9ou","rating":1385,"private":0,"password":""}