{"id":"gen9ou-1996014572","p1":"doogstar56","p2":"VanhominTesting","format":"[Gen 9] OU","log":"|j|\u2606doogstar56\n|j|\u2606VanhominTesting\n|t:|1700629552\n|gametype|singles\n|player|p1|doogstar56|morty|1267\n|player|p2|VanhominTesting|scientist-gen4|1237\n|teamsize|p1|6\n|teamsize|p2|6\n|gen|9\n|tier|[Gen 9] OU\n|rated|\n|rule|Sleep Clause Mod: Limit one foe put to sleep\n|rule|Species Clause: Limit one of each Pok\u00e9mon\n|rule|OHKO Clause: OHKO moves are banned\n|rule|Evasion Items Clause: Evasion items are banned\n|rule|Evasion Moves Clause: Evasion moves are banned\n|rule|Endless Battle Clause: Forcing endless battles is banned\n|rule|HP Percentage Mod: HP is shown in percentages\n|clearpoke\n|poke|p1|Hawlucha, M|\n|poke|p1|Kingambit, M|\n|poke|p1|Ceruledge, F|\n|poke|p1|Rillaboom, M|\n|poke|p1|Mandibuzz, F|\n|poke|p1|Dondozo, M|\n|poke|p2|Enamorus, F|\n|poke|p2|Ninetales-Alola, M|\n|poke|p2|Garganacl, F|\n|poke|p2|Slowking-Galar, F|\n|poke|p2|Corviknight, F|\n|poke|p2|Ditto|\n|teampreview\n|inactive|Battle timer is ON: inactive players will automatically lose when time's up. (requested by VanhominTesting)\n|\n|t:|1700629567\n|start\n|switch|p1a: Rillaboom|Rillaboom, M|100\/100\n|switch|p2a: Ninetales|Ninetales-Alola, M|100\/100\n|-weather|Snow|[from] ability: Snow Warning|[of] p2a: Ninetales\n|-fieldstart|move: Grassy Terrain|[from] ability: Grassy Surge|[of] p1a: Rillaboom\n|turn|1\n|\n|t:|1700629593\n|switch|p1a: Kingambit|Kingambit, M|100\/100\n|move|p2a: Ninetales|Aurora Veil|p2a: Ninetales\n|-sidestart|p2: VanhominTesting|move: Aurora Veil\n|\n|-weather|Snow|[upkeep]\n|upkeep\n|turn|2\n|\n|t:|1700629602\n|switch|p2a: Mordred|Corviknight, F|100\/100\n|-ability|p2a: Mordred|Pressure\n|move|p1a: Kingambit|Swords Dance|p1a: Kingambit\n|-boost|p1a: Kingambit|atk|2\n|\n|-weather|Snow|[upkeep]\n|upkeep\n|turn|3\n|\n|t:|1700629611\n|switch|p1a: Ceruledge|Ceruledge, F|100\/100\n|move|p2a: Mordred|Body Press|p1a: Ceruledge\n|-immune|p1a: Ceruledge\n|\n|-weather|Snow|[upkeep]\n|upkeep\n|turn|4\n|\n|t:|1700629621\n|move|p1a: Ceruledge|Bitter Blade|p2a: Mordred\n|-supereffective|p2a: Mordred\n|-damage|p2a: Mordred|74\/100\n|-damage|p1a: Ceruledge|84\/100|[from] item: Rocky Helmet|[of] p2a: Mordred\n|move|p2a: Mordred|U-turn|p1a: Ceruledge\n|-resisted|p1a: Ceruledge\n|-damage|p1a: Ceruledge|79\/100\n|-ability|p1a: Ceruledge|Weak Armor|boost\n|-unboost|p1a: Ceruledge|def|1\n|-boost|p1a: Ceruledge|spe|2\n|\n|t:|1700629640\n|switch|p2a: Catalyst|Garganacl, F, shiny|100\/100|[from] U-turn\n|\n|-weather|Snow|[upkeep]\n|-heal|p1a: Ceruledge|85\/100|[from] Grassy Terrain\n|upkeep\n|turn|5\n|\n|t:|1700629648\n|switch|p1a: Rillaboom|Rillaboom, M|100\/100\n|move|p2a: Catalyst|Curse|p2a: Catalyst\n|-unboost|p2a: Catalyst|spe|1\n|-boost|p2a: Catalyst|atk|1\n|-boost|p2a: Catalyst|def|1\n|\n|-weather|none\n|upkeep\n|turn|6\n|\n|t:|1700629670\n|move|p1a: Rillaboom|U-turn|p2a: Catalyst\n|-damage|p2a: Catalyst|95\/100\n|\n|t:|1700629675\n|switch|p1a: Dondozo|Dondozo, M|100\/100|[from] U-turn\n|move|p2a: Catalyst|Salt Cure|p1a: Dondozo\n|-damage|p1a: Dondozo|94\/100\n|-start|p1a: Dondozo|Salt Cure\n|\n|-heal|p1a: Dondozo|99\/100|[from] Grassy Terrain\n|-heal|p1a: Dondozo|100\/100|[from] item: Leftovers\n|-heal|p2a: Catalyst|100\/100|[from] Grassy Terrain\n|-damage|p1a: Dondozo|75\/100|[from] Salt Cure\n|upkeep\n|turn|7\n|\n|t:|1700629687\n|-terastallize|p2a: Catalyst|Ghost\n|move|p1a: Dondozo|Body Press|p2a: Catalyst\n|-immune|p2a: Catalyst\n|move|p2a: Catalyst|Curse|p1a: Dondozo\n|-start|p1a: Dondozo|Curse|[of] p2a: Catalyst\n|-damage|p2a: Catalyst|51\/100\n|\n|-heal|p1a: Dondozo|82\/100|[from] Grassy Terrain\n|-heal|p1a: Dondozo|88\/100|[from] item: Leftovers\n|-heal|p2a: Catalyst|57\/100|[from] Grassy Terrain\n|-heal|p2a: Catalyst|63\/100|[from] item: Leftovers\n|-damage|p1a: Dondozo|63\/100|[from] Curse\n|-damage|p1a: Dondozo|38\/100|[from] Salt Cure\n|upkeep\n|turn|8\n|\n|t:|1700629692\n|move|p1a: Dondozo|Liquidation|p2a: Catalyst\n|-crit|p2a: Catalyst\n|-damage|p2a: Catalyst|36\/100\n|-unboost|p2a: Catalyst|def|1\n|move|p2a: Catalyst|Recover|p2a: Catalyst\n|-heal|p2a: Catalyst|86\/100\n|\n|-heal|p1a: Dondozo|44\/100|[from] Grassy Terrain\n|-heal|p1a: Dondozo|50\/100|[from] item: Leftovers\n|-heal|p2a: Catalyst|93\/100|[from] Grassy Terrain\n|-heal|p2a: Catalyst|99\/100|[from] item: Leftovers\n|-damage|p1a: Dondozo|25\/100|[from] Curse\n|-damage|p1a: Dondozo|0 fnt|[from] Salt Cure\n|faint|p1a: Dondozo\n|-sideend|p2: VanhominTesting|move: Aurora Veil\n|-fieldend|move: Grassy Terrain\n|upkeep\n|\n|t:|1700629713\n|switch|p1a: Kingambit|Kingambit, M|100\/100\n|turn|9\n|\n|t:|1700629736\n|move|p1a: Kingambit|Swords Dance|p1a: Kingambit\n|-boost|p1a: Kingambit|atk|2\n|move|p2a: Catalyst|Body Press|p1a: Kingambit\n|-supereffective|p1a: Kingambit\n|-damage|p1a: Kingambit|36\/100\n|\n|-heal|p2a: Catalyst|100\/100|[from] item: Leftovers\n|upkeep\n|turn|10\n|\n|t:|1700629751\n|-terastallize|p1a: Kingambit|Flying\n|move|p1a: Kingambit|Sucker Punch|p2a: Catalyst\n|-supereffective|p2a: Catalyst\n|-damage|p2a: Catalyst|0 fnt\n|faint|p2a: Catalyst\n|-damage|p1a: Kingambit|26\/100|[from] item: Life Orb\n|\n|upkeep\n|\n|t:|1700629759\n|switch|p2a: Mordred|Corviknight, F|74\/100\n|-ability|p2a: Mordred|Pressure\n|turn|11\n|\n|t:|1700629766\n|move|p1a: Kingambit|Sucker Punch||[still]\n|-fail|p1a: Kingambit\n|move|p2a: Mordred|Roost|p2a: Mordred\n|-heal|p2a: Mordred|100\/100\n|-singleturn|p2a: Mordred|move: Roost\n|\n|upkeep\n|turn|12\n|\n|t:|1700629793\n|switch|p1a: Mandibuzz|Mandibuzz, F|100\/100\n|move|p2a: Mordred|Body Press|p1a: Mandibuzz\n|-damage|p1a: Mandibuzz|79\/100\n|\n|upkeep\n|turn|13\n|\n|t:|1700629801\n|move|p1a: Mandibuzz|Knock Off|p2a: Mordred\n|-crit|p2a: Mordred\n|-damage|p2a: Mordred|80\/100\n|-damage|p1a: Mandibuzz|62\/100|[from] item: Rocky Helmet|[of] p2a: Mordred\n|-enditem|p2a: Mordred|Rocky Helmet|[from] move: Knock Off|[of] p1a: Mandibuzz\n|move|p2a: Mordred|U-turn|p1a: Mandibuzz\n|-damage|p1a: Mandibuzz|50\/100\n|\n|t:|1700629810\n|switch|p2a: Ninetales|Ninetales-Alola, M|100\/100|[from] U-turn\n|-weather|Snow|[from] ability: Snow Warning|[of] p2a: Ninetales\n|\n|-weather|Snow|[upkeep]\n|upkeep\n|turn|14\n|\n|t:|1700629817\n|move|p2a: Ninetales|Aurora Veil|p2a: Ninetales\n|-sidestart|p2: VanhominTesting|move: Aurora Veil\n|move|p1a: Mandibuzz|Roost|p1a: Mandibuzz\n|-heal|p1a: Mandibuzz|100\/100\n|-singleturn|p1a: Mandibuzz|move: Roost\n|\n|-weather|Snow|[upkeep]\n|upkeep\n|turn|15\n|\n|t:|1700629841\n|move|p2a: Ninetales|Freeze-Dry|p1a: Mandibuzz\n|-supereffective|p1a: Mandibuzz\n|-damage|p1a: Mandibuzz|74\/100\n|move|p1a: Mandibuzz|Defog|p2a: Ninetales\n|-unboost|p2a: Ninetales|evasion|1\n|-sideend|p2: VanhominTesting|move: Aurora Veil\n|\n|-weather|Snow|[upkeep]\n|upkeep\n|turn|16\n|\n|t:|1700629860\n|switch|p2a: Orochi|Enamorus, F|100\/100\n|move|p1a: Mandibuzz|Knock Off|p2a: Orochi\n|-resisted|p2a: Orochi\n|-damage|p2a: Orochi|81\/100\n|-enditem|p2a: Orochi|Leftovers|[from] move: Knock Off|[of] p1a: Mandibuzz\n|\n|-weather|Snow|[upkeep]\n|upkeep\n|turn|17\n|\n|t:|1700629877\n|move|p2a: Orochi|Substitute|p2a: Orochi\n|-start|p2a: Orochi|Substitute\n|-damage|p2a: Orochi|56\/100\n|move|p1a: Mandibuzz|Roost|p1a: Mandibuzz\n|-heal|p1a: Mandibuzz|100\/100\n|-singleturn|p1a: Mandibuzz|move: Roost\n|\n|-weather|none\n|upkeep\n|turn|18\n|\n|t:|1700629888\n|switch|p1a: Ceruledge|Ceruledge, F|85\/100\n|move|p2a: Orochi|Calm Mind|p2a: Orochi\n|-boost|p2a: Orochi|spa|1\n|-boost|p2a: Orochi|spd|1\n|\n|upkeep\n|turn|19\n|\n|t:|1700629910\n|move|p2a: Orochi|Earth Power|p1a: Ceruledge\n|-supereffective|p1a: Ceruledge\n|-damage|p1a: Ceruledge|0 fnt\n|faint|p1a: Ceruledge\n|\n|upkeep\n|\n|t:|1700629917\n|switch|p1a: Rillaboom|Rillaboom, M|100\/100\n|-fieldstart|move: Grassy Terrain|[from] ability: Grassy Surge|[of] p1a: Rillaboom\n|turn|20\n|\n|t:|1700629935\n|move|p2a: Orochi|Moonblast|p1a: Rillaboom\n|-damage|p1a: Rillaboom|0 fnt\n|faint|p1a: Rillaboom\n|\n|upkeep\n|\n|t:|1700629946\n|switch|p1a: Kingambit|Kingambit, M, tera:Flying|26\/100\n|turn|21\n|inactive|VanhominTesting has 120 seconds left.\n|\n|t:|1700629988\n|move|p1a: Kingambit|Sucker Punch|p2a: Orochi\n|-resisted|p2a: Orochi\n|-end|p2a: Orochi|Substitute\n|-damage|p1a: Kingambit|16\/100|[from] item: Life Orb\n|move|p2a: Orochi|Earth Power|p1a: Kingambit\n|-immune|p1a: Kingambit\n|\n|upkeep\n|turn|22\n|\n|t:|1700629997\n|move|p2a: Orochi|Substitute|p2a: Orochi\n|-start|p2a: Orochi|Substitute\n|-damage|p2a: Orochi|31\/100\n|move|p1a: Kingambit|Iron Head|p2a: Orochi\n|-supereffective|p2a: Orochi\n|-end|p2a: Orochi|Substitute\n|-damage|p1a: Kingambit|6\/100|[from] item: Life Orb\n|\n|upkeep\n|turn|23\n|\n|t:|1700630007\n|move|p2a: Orochi|Substitute|p2a: Orochi\n|-start|p2a: Orochi|Substitute\n|-damage|p2a: Orochi|6\/100\n|move|p1a: Kingambit|Iron Head|p2a: Orochi\n|-supereffective|p2a: Orochi\n|-crit|p2a: Orochi\n|-end|p2a: Orochi|Substitute\n|-damage|p1a: Kingambit|0 fnt|[from] item: Life Orb\n|faint|p1a: Kingambit\n|\n|upkeep\n|\n|t:|1700630015\n|switch|p1a: Hawlucha|Hawlucha, M|100\/100\n|-enditem|p1a: Hawlucha|Grassy Seed\n|-boost|p1a: Hawlucha|def|1|[from] item: Grassy Seed\n|turn|24\n|\n|t:|1700630020\n|move|p1a: Hawlucha|Acrobatics|p2a: Orochi\n|-damage|p2a: Orochi|0 fnt\n|faint|p2a: Orochi\n|\n|upkeep\n|inactive|VanhominTesting has 120 seconds left.\n|\n|t:|1700630046\n|switch|p2a: Majora|Slowking-Galar, F|100\/100\n|turn|25\n|\n|t:|1700630050\n|move|p1a: Hawlucha|Acrobatics|p2a: Majora\n|-damage|p2a: Majora|65\/100\n|move|p2a: Majora|Thunder Wave|p1a: Hawlucha\n|-status|p1a: Hawlucha|par\n|\n|-heal|p2a: Majora|71\/100|[from] Grassy Terrain\n|upkeep\n|turn|26\n|\n|t:|1700630059\n|switch|p1a: Mandibuzz|Mandibuzz, F|100\/100\n|move|p2a: Majora|Sludge Bomb|p1a: Mandibuzz\n|-damage|p1a: Mandibuzz|78\/100\n|\n|-heal|p2a: Majora|77\/100|[from] Grassy Terrain\n|upkeep\n|turn|27\n|\n|t:|1700630063\n|move|p1a: Mandibuzz|Roost|p1a: Mandibuzz\n|-heal|p1a: Mandibuzz|100\/100\n|-singleturn|p1a: Mandibuzz|move: Roost\n|move|p2a: Majora|Sludge Bomb|p1a: Mandibuzz\n|-damage|p1a: Mandibuzz|81\/100\n|\n|-heal|p1a: Mandibuzz|87\/100|[from] Grassy Terrain\n|-heal|p2a: Majora|83\/100|[from] Grassy Terrain\n|-fieldend|move: Grassy Terrain\n|upkeep\n|turn|28\n|\n|t:|1700630072\n|move|p1a: Mandibuzz|Knock Off|p2a: Majora\n|-supereffective|p2a: Majora\n|-damage|p2a: Majora|51\/100\n|-enditem|p2a: Majora|Heavy-Duty Boots|[from] move: Knock Off|[of] p1a: Mandibuzz\n|move|p2a: Majora|Sludge Bomb|p1a: Mandibuzz\n|-damage|p1a: Mandibuzz|65\/100\n|-status|p1a: Mandibuzz|psn\n|\n|-damage|p1a: Mandibuzz|52\/100 psn|[from] psn\n|upkeep\n|turn|29\n|\n|t:|1700630081\n|move|p1a: Mandibuzz|Knock Off|p2a: Majora\n|-supereffective|p2a: Majora\n|-damage|p2a: Majora|26\/100\n|move|p2a: Majora|Chilly Reception|p2a: Majora\n|-weather|Snow\n|\n|t:|1700630088\n|switch|p2a: Ninetales|Ninetales-Alola, M|100\/100|[from] Chilly Reception\n|\n|-weather|Snow|[upkeep]\n|-damage|p1a: Mandibuzz|40\/100 psn|[from] psn\n|upkeep\n|turn|30\n|\n|t:|1700630096\n|move|p2a: Ninetales|Aurora Veil|p2a: Ninetales\n|-sidestart|p2: VanhominTesting|move: Aurora Veil\n|move|p1a: Mandibuzz|Defog|p2a: Ninetales\n|-unboost|p2a: Ninetales|evasion|1\n|-sideend|p2: VanhominTesting|move: Aurora Veil\n|\n|-weather|Snow|[upkeep]\n|-damage|p1a: Mandibuzz|28\/100 psn|[from] psn\n|upkeep\n|turn|31\n|-message|doogstar56 forfeited.\n|\n|win|VanhominTesting\n|raw|doogstar56's rating: 1267 &rarr; <strong>1240<\/strong><br \/>(-27 for losing)\n|raw|VanhominTesting's rating: 1237 &rarr; <strong>1264<\/strong><br \/>(+27 for winning)\n|l|\u2606doogstar56\n","uploadtime":1700630111,"views":0,"p1id":"doogstar56","p2id":"vanhomintesting","formatid":"gen9ou","rating":1240,"private":0,"password":""}