{"id":"gen9ou-1996364400","p1":"makisenjo","p2":"Meowmers Wem","format":"[Gen 9] OU","log":"|j|\u2606makisenjo\n|j|\u2606Meowmers Wem\n|t:|1700675005\n|gametype|singles\n|player|p1|makisenjo|266|1606\n|player|p2|Meowmers Wem|2|1534\n|teamsize|p1|6\n|teamsize|p2|6\n|gen|9\n|tier|[Gen 9] OU\n|rated|\n|rule|Sleep Clause Mod: Limit one foe put to sleep\n|rule|Species Clause: Limit one of each Pok\u00e9mon\n|rule|OHKO Clause: OHKO moves are banned\n|rule|Evasion Items Clause: Evasion items are banned\n|rule|Evasion Moves Clause: Evasion moves are banned\n|rule|Endless Battle Clause: Forcing endless battles is banned\n|rule|HP Percentage Mod: HP is shown in percentages\n|clearpoke\n|poke|p1|Iron Jugulis|\n|poke|p1|Ogerpon-Wellspring, F|\n|poke|p1|Tinkaton, F|\n|poke|p1|Iron Moth|\n|poke|p1|Great Tusk|\n|poke|p1|Dragapult, M|\n|poke|p2|Enamorus, F|\n|poke|p2|Great Tusk|\n|poke|p2|Volcanion|\n|poke|p2|Heatran, M|\n|poke|p2|Iron Valiant|\n|poke|p2|Rillaboom, F|\n|teampreview\n|\n|t:|1700675042\n|start\n|switch|p1a: Ogerpon|Ogerpon-Wellspring, F|100\/100\n|switch|p2a: Volcanion|Volcanion|100\/100\n|turn|1\n|\n|t:|1700675050\n|move|p1a: Ogerpon|U-turn|p2a: Volcanion\n|-resisted|p2a: Volcanion\n|-damage|p2a: Volcanion|89\/100\n|\n|t:|1700675053\n|switch|p1a: Dragapult|Dragapult, M|100\/100|[from] U-turn\n|move|p2a: Volcanion|Flamethrower|p1a: Dragapult\n|-resisted|p1a: Dragapult\n|-damage|p1a: Dragapult|65\/100\n|\n|upkeep\n|turn|2\n|\n|t:|1700675062\n|switch|p2a: Heatran|Heatran, M|100\/100\n|move|p1a: Dragapult|U-turn|p2a: Heatran\n|-resisted|p2a: Heatran\n|-damage|p2a: Heatran|97\/100\n|\n|t:|1700675068\n|switch|p1a: Great Tusk|Great Tusk|100\/100|[from] U-turn\n|-enditem|p1a: Great Tusk|Booster Energy\n|-activate|p1a: Great Tusk|ability: Protosynthesis|[fromitem]\n|-start|p1a: Great Tusk|protosynthesisspe\n|\n|-heal|p2a: Heatran|100\/100|[from] item: Leftovers\n|upkeep\n|turn|3\n|\n|t:|1700675102\n|switch|p2a: Rillaboom|Rillaboom, F|100\/100\n|-fieldstart|move: Grassy Terrain|[from] ability: Grassy Surge|[of] p2a: Rillaboom\n|move|p1a: Great Tusk|Bulk Up|p1a: Great Tusk\n|-boost|p1a: Great Tusk|atk|1\n|-boost|p1a: Great Tusk|def|1\n|\n|upkeep\n|turn|4\n|\n|t:|1700675110\n|-terastallize|p1a: Great Tusk|Poison\n|move|p1a: Great Tusk|Bulk Up|p1a: Great Tusk\n|-boost|p1a: Great Tusk|atk|1\n|-boost|p1a: Great Tusk|def|1\n|move|p2a: Rillaboom|Wood Hammer|p1a: Great Tusk\n|-resisted|p1a: Great Tusk\n|-damage|p1a: Great Tusk|80\/100\n|-damage|p2a: Rillaboom|92\/100|[from] Recoil\n|\n|-heal|p1a: Great Tusk|87\/100|[from] Grassy Terrain\n|-heal|p2a: Rillaboom|98\/100|[from] Grassy Terrain\n|upkeep\n|turn|5\n|\n|t:|1700675120\n|switch|p2a: Heatran|Heatran, M|100\/100\n|move|p1a: Great Tusk|Rapid Spin|p2a: Heatran\n|-resisted|p2a: Heatran\n|-damage|p2a: Heatran|89\/100\n|-boost|p1a: Great Tusk|spe|1\n|\n|-heal|p1a: Great Tusk|93\/100|[from] Grassy Terrain\n|-heal|p2a: Heatran|95\/100|[from] Grassy Terrain\n|-heal|p2a: Heatran|100\/100|[from] item: Leftovers\n|upkeep\n|turn|6\n|\n|t:|1700675124\n|-terastallize|p2a: Heatran|Grass\n|move|p1a: Great Tusk|Headlong Rush|p2a: Heatran\n|-resisted|p2a: Heatran\n|-damage|p2a: Heatran|56\/100\n|-unboost|p1a: Great Tusk|def|1\n|-unboost|p1a: Great Tusk|spd|1\n|-status|p1a: Great Tusk|brn|[from] ability: Flame Body|[of] p2a: Heatran\n|move|p2a: Heatran|Magma Storm|p1a: Great Tusk\n|-damage|p1a: Great Tusk|9\/100 brn\n|-activate|p1a: Great Tusk|move: Magma Storm|[of] p2a: Heatran\n|\n|-heal|p1a: Great Tusk|15\/100 brn|[from] Grassy Terrain\n|-heal|p2a: Heatran|62\/100|[from] Grassy Terrain\n|-heal|p2a: Heatran|69\/100|[from] item: Leftovers\n|-damage|p1a: Great Tusk|9\/100 brn|[from] brn\n|-damage|p1a: Great Tusk|0 fnt|[from] move: Magma Storm|[partiallytrapped]\n|faint|p1a: Great Tusk\n|-end|p1a: Great Tusk|Protosynthesis|[silent]\n|upkeep\n|\n|t:|1700675144\n|switch|p1a: Iron Jugulis|Iron Jugulis|100\/100\n|-enditem|p1a: Iron Jugulis|Booster Energy\n|-activate|p1a: Iron Jugulis|ability: Quark Drive|[fromitem]\n|-start|p1a: Iron Jugulis|quarkdrivespe\n|turn|7\n|\n|t:|1700675167\n|move|p2a: Heatran|Protect|p2a: Heatran\n|-singleturn|p2a: Heatran|Protect\n|move|p1a: Iron Jugulis|Hurricane|p2a: Heatran\n|-activate|p2a: Heatran|move: Protect\n|\n|-heal|p2a: Heatran|75\/100|[from] Grassy Terrain\n|-heal|p2a: Heatran|81\/100|[from] item: Leftovers\n|-fieldend|move: Grassy Terrain\n|upkeep\n|turn|8\n|\n|t:|1700675175\n|switch|p2a: Volcanion|Volcanion|89\/100\n|move|p1a: Iron Jugulis|Hurricane|p2a: Volcanion\n|-damage|p2a: Volcanion|33\/100\n|-start|p2a: Volcanion|confusion\n|\n|upkeep\n|turn|9\n|\n|t:|1700675190\n|move|p1a: Iron Jugulis|Earth Power|p2a: Volcanion\n|-supereffective|p2a: Volcanion\n|-damage|p2a: Volcanion|0 fnt\n|faint|p2a: Volcanion\n|\n|upkeep\n|\n|t:|1700675193\n|switch|p2a: Enamorus|Enamorus, F|100\/100\n|turn|10\n|\n|t:|1700675202\n|-end|p1a: Iron Jugulis|Quark Drive|[silent]\n|switch|p1a: TWINKATON|Tinkaton, F|100\/100\n|-item|p1a: TWINKATON|Air Balloon\n|move|p2a: Enamorus|Moonblast|p1a: TWINKATON\n|-resisted|p1a: TWINKATON\n|-damage|p1a: TWINKATON|78\/100\n|-enditem|p1a: TWINKATON|Air Balloon\n|\n|upkeep\n|turn|11\n|\n|t:|1700675233\n|move|p2a: Enamorus|Substitute|p2a: Enamorus\n|-start|p2a: Enamorus|Substitute\n|-damage|p2a: Enamorus|76\/100\n|move|p1a: TWINKATON|Stealth Rock|p2a: Enamorus\n|-sidestart|p2: Meowmers Wem|move: Stealth Rock\n|\n|upkeep\n|turn|12\n|\n|t:|1700675239\n|move|p2a: Enamorus|Earth Power|p1a: TWINKATON\n|-supereffective|p1a: TWINKATON\n|-damage|p1a: TWINKATON|20\/100\n|move|p1a: TWINKATON|Encore|p2a: Enamorus\n|-start|p2a: Enamorus|Encore\n|\n|upkeep\n|turn|13\n|\n|t:|1700675246\n|switch|p1a: Iron Jugulis|Iron Jugulis|100\/100\n|move|p2a: Enamorus|Earth Power|p1a: Iron Jugulis\n|-immune|p1a: Iron Jugulis\n|\n|upkeep\n|turn|14\n|\n|t:|1700675278\n|switch|p2a: Great Tusk|Great Tusk|100\/100\n|-damage|p2a: Great Tusk|97\/100|[from] Stealth Rock\n|move|p1a: Iron Jugulis|Hurricane|p2a: Great Tusk|[miss]\n|-miss|p1a: Iron Jugulis|p2a: Great Tusk\n|\n|upkeep\n|turn|15\n|\n|t:|1700675283\n|move|p1a: Iron Jugulis|Hurricane|p2a: Great Tusk|[miss]\n|-miss|p1a: Iron Jugulis|p2a: Great Tusk\n|move|p2a: Great Tusk|Rapid Spin|p1a: Iron Jugulis\n|-damage|p1a: Iron Jugulis|82\/100\n|-boost|p2a: Great Tusk|spe|1\n|-sideend|p2: Meowmers Wem|Stealth Rock|[from] move: Rapid Spin|[of] p2a: Great Tusk\n|\n|upkeep\n|turn|16\n|\n|t:|1700675297\n|move|p1a: Iron Jugulis|Hurricane|p2a: Great Tusk\n|-supereffective|p2a: Great Tusk\n|-damage|p2a: Great Tusk|0 fnt\n|faint|p2a: Great Tusk\n|-end|p2a: Great Tusk|Protosynthesis|[silent]\n|\n|upkeep\n|\n|t:|1700675300\n|switch|p2a: Iron Valiant|Iron Valiant|100\/100\n|-enditem|p2a: Iron Valiant|Booster Energy\n|-activate|p2a: Iron Valiant|ability: Quark Drive|[fromitem]\n|-start|p2a: Iron Valiant|quarkdrivespe\n|turn|17\n|\n|t:|1700675309\n|-end|p1a: Iron Jugulis|Quark Drive|[silent]\n|switch|p1a: TWINKATON|Tinkaton, F|20\/100\n|move|p2a: Iron Valiant|Moonblast|p1a: TWINKATON\n|-resisted|p1a: TWINKATON\n|-damage|p1a: TWINKATON|0 fnt\n|faint|p1a: TWINKATON\n|\n|upkeep\n|\n|t:|1700675322\n|switch|p1a: Ogerpon|Ogerpon-Wellspring, F|100\/100\n|turn|18\n|\n|t:|1700675330\n|move|p2a: Iron Valiant|Calm Mind|p2a: Iron Valiant\n|-boost|p2a: Iron Valiant|spa|1\n|-boost|p2a: Iron Valiant|spd|1\n|move|p1a: Ogerpon|Horn Leech|p2a: Iron Valiant\n|-damage|p2a: Iron Valiant|41\/100\n|\n|upkeep\n|turn|19\n|\n|t:|1700675336\n|move|p2a: Iron Valiant|Moonblast|p1a: Ogerpon\n|-damage|p1a: Ogerpon|12\/100\n|move|p1a: Ogerpon|Ivy Cudgel|p2a: Iron Valiant|[anim] Ivy Cudgel Water\n|-damage|p2a: Iron Valiant|0 fnt\n|faint|p2a: Iron Valiant\n|-end|p2a: Iron Valiant|Quark Drive|[silent]\n|\n|upkeep\n|\n|t:|1700675341\n|switch|p2a: Rillaboom|Rillaboom, F|98\/100\n|-fieldstart|move: Grassy Terrain|[from] ability: Grassy Surge|[of] p2a: Rillaboom\n|turn|20\n|\n|t:|1700675357\n|move|p2a: Rillaboom|Grassy Glide|p1a: Ogerpon\n|-damage|p1a: Ogerpon|0 fnt\n|faint|p1a: Ogerpon\n|\n|-heal|p2a: Rillaboom|100\/100|[from] Grassy Terrain\n|upkeep\n|\n|t:|1700675365\n|switch|p1a: Iron Jugulis|Iron Jugulis|82\/100\n|turn|21\n|\n|t:|1700675371\n|move|p2a: Rillaboom|Grassy Glide|p1a: Iron Jugulis\n|-resisted|p1a: Iron Jugulis\n|-damage|p1a: Iron Jugulis|53\/100\n|move|p1a: Iron Jugulis|Hurricane|p2a: Rillaboom\n|-supereffective|p2a: Rillaboom\n|-damage|p2a: Rillaboom|0 fnt\n|faint|p2a: Rillaboom\n|\n|upkeep\n|\n|t:|1700675374\n|switch|p2a: Enamorus|Enamorus, F|76\/100\n|turn|22\n|\n|t:|1700675377\n|move|p1a: Iron Jugulis|Taunt|p2a: Enamorus\n|-start|p2a: Enamorus|move: Taunt\n|move|p2a: Enamorus|Moonblast|p1a: Iron Jugulis\n|-supereffective|p1a: Iron Jugulis\n|-damage|p1a: Iron Jugulis|0 fnt\n|faint|p1a: Iron Jugulis\n|-end|p1a: Iron Jugulis|Quark Drive|[silent]\n|\n|upkeep\n|\n|t:|1700675379\n|switch|p1a: Iron Moth|Iron Moth|100\/100\n|-enditem|p1a: Iron Moth|Booster Energy\n|-activate|p1a: Iron Moth|ability: Quark Drive|[fromitem]\n|-start|p1a: Iron Moth|quarkdrivespe\n|turn|23\n|\n|t:|1700675383\n|move|p1a: Iron Moth|Sludge Wave|p2a: Enamorus\n|-supereffective|p2a: Enamorus\n|-damage|p2a: Enamorus|0 fnt\n|faint|p2a: Enamorus\n|\n|upkeep\n|\n|t:|1700675385\n|switch|p2a: Heatran|Heatran, M, tera:Grass|81\/100\n|turn|24\n|\n|t:|1700675387\n|move|p1a: Iron Moth|Sludge Wave|p2a: Heatran\n|-supereffective|p2a: Heatran\n|-damage|p2a: Heatran|23\/100\n|move|p2a: Heatran|Magma Storm|p1a: Iron Moth|[miss]\n|-miss|p2a: Heatran|p1a: Iron Moth\n|\n|-heal|p2a: Heatran|29\/100|[from] Grassy Terrain\n|-heal|p2a: Heatran|35\/100|[from] item: Leftovers\n|-fieldend|move: Grassy Terrain\n|upkeep\n|turn|25\n|-message|Meowmers Wem forfeited.\n|\n|win|makisenjo\n|raw|makisenjo's rating: 1606 &rarr; <strong>1622<\/strong><br \/>(+16 for winning)\n|raw|Meowmers Wem's rating: 1534 &rarr; <strong>1518<\/strong><br \/>(-16 for losing)\n|l|\u2606Meowmers Wem\n","uploadtime":1700675513,"views":2,"p1id":"makisenjo","p2id":"meowmerswem","formatid":"gen9ou","rating":1518,"private":0,"password":""}