{"id":"gen9ou-1994929167","p1":"273_Kalstor","p2":"danswer","format":"[Gen 9] OU","log":"|j|\u2606273_Kalstor\n|j|\u2606danswer\n|t:|1700505554\n|gametype|singles\n|player|p1|273_Kalstor|acetrainerf-gen4dp|1026\n|player|p2|danswer|2|1122\n|teamsize|p1|6\n|teamsize|p2|6\n|gen|9\n|tier|[Gen 9] OU\n|rated|\n|rule|Sleep Clause Mod: Limit one foe put to sleep\n|rule|Species Clause: Limit one of each Pok\u00e9mon\n|rule|OHKO Clause: OHKO moves are banned\n|rule|Evasion Items Clause: Evasion items are banned\n|rule|Evasion Moves Clause: Evasion moves are banned\n|rule|Endless Battle Clause: Forcing endless battles is banned\n|rule|HP Percentage Mod: HP is shown in percentages\n|clearpoke\n|poke|p1|Chandelure, M|\n|poke|p1|Torkoal, F|\n|poke|p1|Great Tusk|\n|poke|p1|Zapdos|\n|poke|p1|Rillaboom, M|\n|poke|p1|Ogerpon-Wellspring, F|\n|poke|p2|Toxapex, F|\n|poke|p2|Chesnaught, M|\n|poke|p2|Blissey, F|\n|poke|p2|Garganacl, F|\n|poke|p2|Gastrodon, M|\n|poke|p2|Rotom-Heat|\n|teampreview\n|inactive|Battle timer is ON: inactive players will automatically lose when time's up. (requested by 273_Kalstor)\n|\n|t:|1700505566\n|start\n|switch|p1a: Torkoal|Torkoal, F|100\/100\n|switch|p2a: Rotom|Rotom-Heat|100\/100\n|-weather|SunnyDay|[from] ability: Drought|[of] p1a: Torkoal\n|turn|1\n|\n|t:|1700505581\n|switch|p1a: Chandelure|Chandelure, M|100\/100\n|move|p2a: Rotom|Volt Switch|p1a: Chandelure\n|-damage|p1a: Chandelure|64\/100\n|\n|t:|1700505587\n|switch|p2a: Garganacl|Garganacl, F|100\/100|[from] Volt Switch\n|\n|-weather|SunnyDay|[upkeep]\n|upkeep\n|turn|2\n|\n|t:|1700505593\n|move|p1a: Chandelure|Energy Ball|p2a: Garganacl\n|-supereffective|p2a: Garganacl\n|-damage|p2a: Garganacl|41\/100\n|-unboost|p2a: Garganacl|spd|1\n|move|p2a: Garganacl|Salt Cure|p1a: Chandelure\n|-supereffective|p1a: Chandelure\n|-damage|p1a: Chandelure|28\/100\n|-start|p1a: Chandelure|Salt Cure\n|\n|-weather|SunnyDay|[upkeep]\n|-heal|p2a: Garganacl|47\/100|[from] item: Leftovers\n|-damage|p1a: Chandelure|15\/100|[from] Salt Cure\n|upkeep\n|turn|3\n|\n|t:|1700505607\n|switch|p2a: Blissey|Blissey, F|100\/100\n|move|p1a: Chandelure|Energy Ball|p2a: Blissey\n|-damage|p2a: Blissey|89\/100\n|-unboost|p2a: Blissey|spd|1\n|\n|-weather|SunnyDay|[upkeep]\n|-damage|p1a: Chandelure|3\/100|[from] Salt Cure\n|upkeep\n|turn|4\n|\n|t:|1700505623\n|switch|p1a: Great Tusk|Great Tusk|100\/100\n|-activate|p1a: Great Tusk|ability: Protosynthesis\n|-start|p1a: Great Tusk|protosynthesisatk\n|move|p2a: Blissey|Stealth Rock|p1a: Great Tusk\n|-sidestart|p1: 273_Kalstor|move: Stealth Rock\n|\n|-weather|SunnyDay|[upkeep]\n|upkeep\n|turn|5\n|\n|t:|1700505633\n|switch|p2a: Chesnaught|Chesnaught, M|100\/100\n|move|p1a: Great Tusk|Headlong Rush|p2a: Chesnaught\n|-resisted|p2a: Chesnaught\n|-damage|p2a: Chesnaught|77\/100\n|-unboost|p1a: Great Tusk|def|1\n|-unboost|p1a: Great Tusk|spd|1\n|-damage|p1a: Great Tusk|84\/100|[from] item: Rocky Helmet|[of] p2a: Chesnaught\n|\n|-weather|SunnyDay|[upkeep]\n|upkeep\n|turn|6\n|\n|t:|1700505643\n|-end|p1a: Great Tusk|Protosynthesis|[silent]\n|switch|p1a: Zapdos|Zapdos|100\/100\n|move|p2a: Chesnaught|Spiky Shield||[still]\n|-fail|p2a: Chesnaught\n|\n|-weather|SunnyDay|[upkeep]\n|upkeep\n|turn|7\n|\n|t:|1700505650\n|switch|p2a: Blissey|Blissey, F|89\/100\n|move|p1a: Zapdos|Air Cutter|p2a: Blissey\n|-damage|p2a: Blissey|79\/100\n|\n|-weather|SunnyDay|[upkeep]\n|upkeep\n|turn|8\n|\n|t:|1700505658\n|move|p1a: Zapdos|Discharge|p2a: Blissey\n|-damage|p2a: Blissey|65\/100\n|move|p2a: Blissey|Seismic Toss|p1a: Zapdos\n|-damage|p1a: Zapdos|74\/100\n|\n|-weather|none\n|upkeep\n|turn|9\n|\n|t:|1700505665\n|move|p1a: Zapdos|Ancient Power|p2a: Blissey\n|-damage|p2a: Blissey|59\/100\n|-boost|p1a: Zapdos|atk|1\n|-boost|p1a: Zapdos|def|1\n|-boost|p1a: Zapdos|spa|1\n|-boost|p1a: Zapdos|spd|1\n|-boost|p1a: Zapdos|spe|1\n|move|p2a: Blissey|Seismic Toss|p1a: Zapdos\n|-damage|p1a: Zapdos|48\/100\n|\n|upkeep\n|turn|10\n|\n|t:|1700505674\n|move|p1a: Zapdos|Air Cutter|p2a: Blissey\n|-damage|p2a: Blissey|43\/100\n|move|p2a: Blissey|Seismic Toss|p1a: Zapdos\n|-damage|p1a: Zapdos|22\/100\n|\n|upkeep\n|turn|11\n|\n|t:|1700505680\n|move|p1a: Zapdos|Roost|p1a: Zapdos\n|-heal|p1a: Zapdos|72\/100\n|-singleturn|p1a: Zapdos|move: Roost\n|move|p2a: Blissey|Soft-Boiled|p2a: Blissey\n|-heal|p2a: Blissey|93\/100\n|\n|upkeep\n|turn|12\n|\n|t:|1700505689\n|move|p1a: Zapdos|Discharge|p2a: Blissey\n|-damage|p2a: Blissey|72\/100\n|move|p2a: Blissey|Seismic Toss|p1a: Zapdos\n|-damage|p1a: Zapdos|46\/100\n|-status|p2a: Blissey|par|[from] ability: Static|[of] p1a: Zapdos\n|\n|upkeep\n|turn|13\n|\n|t:|1700505704\n|-curestatus|p2a: Blissey|par|[from] ability: Natural Cure\n|switch|p2a: Garganacl|Garganacl, F|47\/100\n|move|p1a: Zapdos|Roost|p1a: Zapdos\n|-heal|p1a: Zapdos|96\/100\n|-singleturn|p1a: Zapdos|move: Roost\n|\n|-heal|p2a: Garganacl|53\/100|[from] item: Leftovers\n|upkeep\n|turn|14\n|\n|t:|1700505715\n|move|p1a: Zapdos|Discharge|p2a: Garganacl\n|-damage|p2a: Garganacl|0 fnt\n|faint|p2a: Garganacl\n|\n|upkeep\n|\n|t:|1700505725\n|switch|p2a: Gastrodon|Gastrodon, M|100\/100\n|turn|15\n|\n|t:|1700505729\n|move|p1a: Zapdos|Air Cutter|p2a: Gastrodon\n|-damage|p2a: Gastrodon|68\/100\n|move|p2a: Gastrodon|Spikes|p1a: Zapdos\n|-sidestart|p1: 273_Kalstor|Spikes\n|\n|-heal|p2a: Gastrodon|74\/100|[from] item: Leftovers\n|upkeep\n|turn|16\n|\n|t:|1700505736\n|move|p1a: Zapdos|Air Cutter|p2a: Gastrodon\n|-damage|p2a: Gastrodon|40\/100\n|move|p2a: Gastrodon|Recover|p2a: Gastrodon\n|-heal|p2a: Gastrodon|90\/100\n|\n|-heal|p2a: Gastrodon|96\/100|[from] item: Leftovers\n|upkeep\n|turn|17\n|\n|t:|1700505744\n|switch|p2a: Blissey|Blissey, F|72\/100\n|move|p1a: Zapdos|Air Cutter|p2a: Blissey\n|-damage|p2a: Blissey|58\/100\n|\n|upkeep\n|turn|18\n|\n|t:|1700505751\n|move|p1a: Zapdos|Air Cutter|p2a: Blissey\n|-damage|p2a: Blissey|41\/100\n|move|p2a: Blissey|Soft-Boiled|p2a: Blissey\n|-heal|p2a: Blissey|91\/100\n|\n|upkeep\n|turn|19\n|\n|t:|1700505764\n|move|p1a: Zapdos|Air Cutter|p2a: Blissey\n|-damage|p2a: Blissey|77\/100\n|move|p2a: Blissey|Seismic Toss|p1a: Zapdos\n|-damage|p1a: Zapdos|70\/100\n|-status|p2a: Blissey|par|[from] ability: Static|[of] p1a: Zapdos\n|\n|upkeep\n|turn|20\n|\n|t:|1700505785\n|move|p1a: Zapdos|Discharge|p2a: Blissey\n|-damage|p2a: Blissey|55\/100 par\n|move|p2a: Blissey|Seismic Toss|p1a: Zapdos\n|-damage|p1a: Zapdos|44\/100\n|\n|upkeep\n|turn|21\n|\n|t:|1700505791\n|move|p1a: Zapdos|Roost|p1a: Zapdos\n|-heal|p1a: Zapdos|94\/100\n|-singleturn|p1a: Zapdos|move: Roost\n|cant|p2a: Blissey|par\n|\n|upkeep\n|turn|22\n|\n|t:|1700505802\n|-curestatus|p2a: Blissey|par|[from] ability: Natural Cure\n|switch|p2a: Rotom|Rotom-Heat|100\/100\n|move|p1a: Zapdos|Discharge|p2a: Rotom\n|-resisted|p2a: Rotom\n|-crit|p2a: Rotom\n|-damage|p2a: Rotom|61\/100\n|\n|upkeep\n|turn|23\n|\n|t:|1700505811\n|move|p1a: Zapdos|Ancient Power|p2a: Rotom\n|-supereffective|p2a: Rotom\n|-damage|p2a: Rotom|6\/100\n|move|p2a: Rotom|Will-O-Wisp|p1a: Zapdos|[miss]\n|-miss|p2a: Rotom|p1a: Zapdos\n|\n|upkeep\n|turn|24\n|-message|danswer forfeited.\n|\n|win|273_Kalstor\n|raw|273_Kalstor's rating: 1026 &rarr; <strong>1072<\/strong><br \/>(+46 for winning)\n|raw|danswer's rating: 1122 &rarr; <strong>1090<\/strong><br \/>(-32 for losing)\n|l|\u2606danswer\n","uploadtime":1700505827,"views":21,"p1id":"273kalstor","p2id":"danswer","formatid":"gen9ou","rating":1072,"private":0,"password":""}