{"id":"gen9ou-1989257643","p1":"dylanmorgan2217","p2":"grass knot zygarde","format":"[Gen 9] OU","log":"|j|\u2606dylanmorgan2217\n|j|\u2606grass knot zygarde\n|t:|1699828813\n|gametype|singles\n|player|p1|dylanmorgan2217|1|1396\n|player|p2|grass knot zygarde|dawn|1444\n|teamsize|p1|6\n|teamsize|p2|6\n|gen|9\n|tier|[Gen 9] OU\n|rated|\n|rule|Sleep Clause Mod: Limit one foe put to sleep\n|rule|Species Clause: Limit one of each Pok\u00e9mon\n|rule|OHKO Clause: OHKO moves are banned\n|rule|Evasion Items Clause: Evasion items are banned\n|rule|Evasion Moves Clause: Evasion moves are banned\n|rule|Endless Battle Clause: Forcing endless battles is banned\n|rule|HP Percentage Mod: HP is shown in percentages\n|clearpoke\n|poke|p1|Ogerpon-Wellspring, F|\n|poke|p1|Great Tusk|\n|poke|p1|Kingambit, F|\n|poke|p1|Zapdos|\n|poke|p1|Dragapult, F|\n|poke|p1|Iron Moth|\n|poke|p2|Rillaboom, F|\n|poke|p2|Great Tusk|\n|poke|p2|Kingambit, F|\n|poke|p2|Zapdos|\n|poke|p2|Slowking-Galar, M|\n|poke|p2|Cinderace, M|\n|teampreview\n|inactive|Battle timer is ON: inactive players will automatically lose when time's up. (requested by grass knot zygarde)\n|inactive|dylanmorgan2217 also wants the timer to be on.\n|\n|t:|1699828836\n|start\n|switch|p1a: Ogerpon|Ogerpon-Wellspring, F|100\/100\n|switch|p2a: GO|Cinderace, M|100\/100\n|turn|1\n|\n|t:|1699828852\n|switch|p1a: Great Tusk|Great Tusk|100\/100\n|move|p2a: GO|Will-O-Wisp|p1a: Great Tusk\n|-status|p1a: Great Tusk|brn\n|\n|-damage|p1a: Great Tusk|94\/100 brn|[from] brn\n|upkeep\n|turn|2\n|\n|t:|1699828865\n|move|p2a: GO|U-turn|p1a: Great Tusk\n|-resisted|p1a: Great Tusk\n|-damage|p1a: Great Tusk|87\/100 brn\n|\n|t:|1699828869\n|switch|p2a: BLAME IT ON BABY|Zapdos|100\/100|[from] U-turn\n|move|p1a: Great Tusk|Earthquake|p2a: BLAME IT ON BABY\n|-immune|p2a: BLAME IT ON BABY\n|\n|-heal|p1a: Great Tusk|93\/100 brn|[from] item: Leftovers\n|-damage|p1a: Great Tusk|87\/100 brn|[from] brn\n|upkeep\n|turn|3\n|\n|t:|1699828877\n|move|p1a: Great Tusk|Stealth Rock|p2a: BLAME IT ON BABY\n|-sidestart|p2: grass knot zygarde|move: Stealth Rock\n|move|p2a: BLAME IT ON BABY|Hurricane|p1a: Great Tusk\n|-supereffective|p1a: Great Tusk\n|-damage|p1a: Great Tusk|0 fnt\n|faint|p1a: Great Tusk\n|-end|p1a: Great Tusk|Protosynthesis|[silent]\n|\n|upkeep\n|\n|t:|1699828884\n|switch|p1a: Dragapult|Dragapult, F|100\/100\n|turn|4\n|\n|t:|1699828896\n|move|p1a: Dragapult|Flamethrower|p2a: BLAME IT ON BABY\n|-damage|p2a: BLAME IT ON BABY|63\/100\n|-status|p2a: BLAME IT ON BABY|brn\n|move|p2a: BLAME IT ON BABY|Thunder Wave|p1a: Dragapult\n|-status|p1a: Dragapult|par\n|\n|-damage|p2a: BLAME IT ON BABY|57\/100 brn|[from] brn\n|upkeep\n|turn|5\n|j| tomelesssac\n|\n|t:|1699828904\n|move|p2a: BLAME IT ON BABY|Roost|p2a: BLAME IT ON BABY\n|-heal|p2a: BLAME IT ON BABY|100\/100 brn\n|-singleturn|p2a: BLAME IT ON BABY|move: Roost\n|move|p1a: Dragapult|Flamethrower|p2a: BLAME IT ON BABY\n|-damage|p2a: BLAME IT ON BABY|60\/100 brn\n|\n|-damage|p2a: BLAME IT ON BABY|53\/100 brn|[from] brn\n|upkeep\n|turn|6\n|\n|t:|1699828909\n|move|p2a: BLAME IT ON BABY|Volt Switch|p1a: Dragapult\n|-resisted|p1a: Dragapult\n|-damage|p1a: Dragapult|80\/100 par\n|c| tomelesssac|GET IN VC BEFORE I BRUTALIZE YOU\n|\n|t:|1699828914\n|switch|p2a: GO|Cinderace, M|100\/100|[from] Volt Switch\n|cant|p1a: Dragapult|par\n|\n|upkeep\n|turn|7\n|c|\u2606dylanmorgan2217|huh\n|\n|t:|1699828922\n|switch|p1a: Iron Moth|Iron Moth|100\/100\n|-enditem|p1a: Iron Moth|Booster Energy\n|-activate|p1a: Iron Moth|ability: Quark Drive|[fromitem]\n|-start|p1a: Iron Moth|quarkdrivespe\n|move|p2a: GO|Court Change|p2a: GO\n|-swapsideconditions\n|-activate|p2a: GO|move: Court Change\n|\n|upkeep\n|turn|8\n|c| tomelesssac|Not you baby\n|c| tomelesssac|The other guy\n|\n|t:|1699828938\n|-terastallize|p1a: Iron Moth|Ground\n|move|p1a: Iron Moth|Tera Blast|p2a: GO|[anim] Tera Blast Ground\n|-supereffective|p2a: GO\n|-damage|p2a: GO|0 fnt\n|faint|p2a: GO\n|\n|upkeep\n|\n|t:|1699828943\n|switch|p2a: PEEP HOLE|Rillaboom, F|100\/100\n|-fieldstart|move: Grassy Terrain|[from] ability: Grassy Surge|[of] p2a: PEEP HOLE\n|turn|9\n|c| tomelesssac|Also fire team btw\n|\n|t:|1699828947\n|move|p2a: PEEP HOLE|Grassy Glide|p1a: Iron Moth\n|-supereffective|p1a: Iron Moth\n|-damage|p1a: Iron Moth|0 fnt\n|faint|p1a: Iron Moth\n|-end|p1a: Iron Moth|Quark Drive|[silent]\n|\n|upkeep\n|c|\u2606dylanmorgan2217|i cant use it\n|c| tomelesssac|Ogerwell spring AND ironmoth\n|c|\u2606dylanmorgan2217|that well\n|\n|t:|1699828963\n|switch|p1a: Zapdos|Zapdos|100\/100\n|turn|10\n|\n|t:|1699828989\n|switch|p2a: BLIND|Slowking-Galar, M|100\/100\n|move|p1a: Zapdos|Volt Switch|p2a: BLIND\n|-damage|p2a: BLIND|83\/100\n|\n|t:|1699828996\n|switch|p1a: Ogerpon|Ogerpon-Wellspring, F|100\/100|[from] Volt Switch\n|-damage|p1a: Ogerpon|88\/100|[from] Stealth Rock\n|\n|-heal|p1a: Ogerpon|94\/100|[from] Grassy Terrain\n|-heal|p2a: BLIND|90\/100|[from] Grassy Terrain\n|upkeep\n|turn|11\n|-message|dylanmorgan2217 forfeited.\n|\n|win|grass knot zygarde\n|raw|dylanmorgan2217's rating: 1396 &rarr; <strong>1379<\/strong><br \/>(-17 for losing)\n|raw|grass knot zygarde's rating: 1444 &rarr; <strong>1461<\/strong><br \/>(+17 for winning)\n|l|\u2606dylanmorgan2217\n|l| tomelesssac\n","uploadtime":1699829017,"views":9,"p1id":"dylanmorgan2217","p2id":"grassknotzygarde","formatid":"gen9ou","rating":1379,"private":0,"password":""}