{"id":"gen9ou-1988258108","p1":"zicofool","p2":"OUVT drainu","format":"[Gen 9] OU","log":"|j|\u2606zicofool\n|j|\u2606OUVT drainu\n|t:|1699696159\n|gametype|singles\n|player|p1|zicofool|may-masters|1562\n|player|p2|OUVT drainu|rocketgrunt|1527\n|teamsize|p1|6\n|teamsize|p2|6\n|gen|9\n|tier|[Gen 9] OU\n|rated|\n|rule|Sleep Clause Mod: Limit one foe put to sleep\n|rule|Species Clause: Limit one of each Pok\u00e9mon\n|rule|OHKO Clause: OHKO moves are banned\n|rule|Evasion Items Clause: Evasion items are banned\n|rule|Evasion Moves Clause: Evasion moves are banned\n|rule|Endless Battle Clause: Forcing endless battles is banned\n|rule|HP Percentage Mod: HP is shown in percentages\n|clearpoke\n|poke|p1|Ogerpon, F|\n|poke|p1|Sneasler, F|\n|poke|p1|Maushold-Four|\n|poke|p1|Volcanion|\n|poke|p1|Corviknight, F|\n|poke|p1|Ditto|\n|poke|p2|Cresselia, F|\n|poke|p2|Dragapult, M|\n|poke|p2|Enamorus, F|\n|poke|p2|Zamazenta-*|\n|poke|p2|Glimmora, F|\n|poke|p2|Ursaluna, F|\n|teampreview\n|\n|t:|1699696170\n|start\n|switch|p1a: Volcanion|Volcanion|100\/100\n|switch|p2a: Glimmora|Glimmora, F|100\/100\n|turn|1\n|\n|t:|1699696175\n|move|p2a: Glimmora|Stealth Rock|p1a: Volcanion\n|-sidestart|p1: zicofool|move: Stealth Rock\n|move|p1a: Volcanion|Steam Eruption|p2a: Glimmora\n|-supereffective|p2a: Glimmora\n|-enditem|p2a: Glimmora|Focus Sash\n|-damage|p2a: Glimmora|1\/100\n|\n|upkeep\n|turn|2\n|inactive|Battle timer is ON: inactive players will automatically lose when time's up. (requested by OUVT drainu)\n|\n|t:|1699696184\n|move|p2a: Glimmora|Toxic|p1a: Volcanion\n|-status|p1a: Volcanion|tox\n|move|p1a: Volcanion|Steam Eruption|p2a: Glimmora|[miss]\n|-miss|p1a: Volcanion|p2a: Glimmora\n|\n|-damage|p1a: Volcanion|94\/100 tox|[from] psn\n|upkeep\n|turn|3\n|\n|t:|1699696192\n|move|p2a: Glimmora|Spiky Shield|p2a: Glimmora\n|-singleturn|p2a: Glimmora|move: Protect\n|move|p1a: Volcanion|Steam Eruption|p2a: Glimmora\n|-activate|p2a: Glimmora|move: Protect\n|\n|-damage|p1a: Volcanion|82\/100 tox|[from] psn\n|upkeep\n|turn|4\n|\n|t:|1699696197\n|move|p2a: Glimmora|Energy Ball|p1a: Volcanion\n|-damage|p1a: Volcanion|51\/100 tox\n|-unboost|p1a: Volcanion|spd|1\n|move|p1a: Volcanion|Steam Eruption|p2a: Glimmora\n|-supereffective|p2a: Glimmora\n|-damage|p2a: Glimmora|0 fnt\n|faint|p2a: Glimmora\n|\n|-damage|p1a: Volcanion|33\/100 tox|[from] psn\n|upkeep\n|\n|t:|1699696211\n|switch|p2a: Dragapult|Dragapult, M|100\/100\n|turn|5\n|\n|t:|1699696213\n|move|p2a: Dragapult|Light Screen|p2a: Dragapult\n|-sidestart|p2: OUVT drainu|move: Light Screen\n|move|p1a: Volcanion|Steam Eruption|p2a: Dragapult\n|-resisted|p2a: Dragapult\n|-damage|p2a: Dragapult|73\/100\n|\n|-damage|p1a: Volcanion|9\/100 tox|[from] psn\n|upkeep\n|turn|6\n|\n|t:|1699696218\n|move|p2a: Dragapult|Reflect|p2a: Dragapult\n|-sidestart|p2: OUVT drainu|Reflect\n|move|p1a: Volcanion|Steam Eruption|p2a: Dragapult\n|-resisted|p2a: Dragapult\n|-damage|p2a: Dragapult|48\/100\n|\n|-damage|p1a: Volcanion|0 fnt|[from] psn\n|faint|p1a: Volcanion\n|upkeep\n|\n|t:|1699696232\n|switch|p1a: Maushold|Maushold-Four|100\/100\n|-damage|p1a: Maushold|88\/100|[from] Stealth Rock\n|turn|7\n|\n|t:|1699696236\n|move|p2a: Dragapult|Will-O-Wisp|p1a: Maushold\n|-status|p1a: Maushold|brn\n|move|p1a: Maushold|Tidy Up|p1a: Maushold\n|-sideend|p1: zicofool|Stealth Rock\n|-activate|p1a: Maushold|move: Tidy Up\n|-boost|p1a: Maushold|atk|1\n|-boost|p1a: Maushold|spe|1\n|\n|-damage|p1a: Maushold|82\/100 brn|[from] brn\n|upkeep\n|turn|8\n|\n|t:|1699696241\n|move|p1a: Maushold|Tidy Up|p1a: Maushold\n|-boost|p1a: Maushold|atk|1\n|-boost|p1a: Maushold|spe|1\n|move|p2a: Dragapult|Curse|p1a: Maushold\n|-start|p1a: Maushold|Curse|[of] p2a: Dragapult\n|-damage|p2a: Dragapult|0 fnt\n|faint|p2a: Dragapult\n|\n|-damage|p1a: Maushold|76\/100 brn|[from] brn\n|-damage|p1a: Maushold|51\/100 brn|[from] Curse\n|upkeep\n|\n|t:|1699696261\n|switch|p2a: Cresselia|Cresselia, F|100\/100\n|turn|9\n|\n|t:|1699696266\n|move|p1a: Maushold|Population Bomb|p2a: Cresselia\n|-damage|p2a: Cresselia|97\/100\n|-damage|p2a: Cresselia|94\/100\n|-damage|p2a: Cresselia|91\/100\n|-damage|p2a: Cresselia|88\/100\n|-damage|p2a: Cresselia|85\/100\n|-damage|p2a: Cresselia|82\/100\n|-damage|p2a: Cresselia|79\/100\n|-damage|p2a: Cresselia|76\/100\n|-damage|p2a: Cresselia|73\/100\n|-damage|p2a: Cresselia|70\/100\n|-hitcount|p2a: Cresselia|10\n|move|p2a: Cresselia|Calm Mind|p2a: Cresselia\n|-boost|p2a: Cresselia|spa|1\n|-boost|p2a: Cresselia|spd|1\n|\n|-heal|p2a: Cresselia|76\/100|[from] item: Leftovers\n|-damage|p1a: Maushold|44\/100 brn|[from] brn\n|-damage|p1a: Maushold|20\/100 brn|[from] Curse\n|upkeep\n|turn|10\n|\n|t:|1699696272\n|move|p1a: Maushold|Encore|p2a: Cresselia\n|-start|p2a: Cresselia|Encore\n|move|p2a: Cresselia|Calm Mind|p2a: Cresselia\n|-boost|p2a: Cresselia|spa|1\n|-boost|p2a: Cresselia|spd|1\n|\n|-heal|p2a: Cresselia|82\/100|[from] item: Leftovers\n|-damage|p1a: Maushold|13\/100 brn|[from] brn\n|-damage|p1a: Maushold|0 fnt|[from] Curse\n|faint|p1a: Maushold\n|upkeep\n|\n|t:|1699696278\n|switch|p1a: Sneasler|Sneasler, F|100\/100\n|turn|11\n|\n|t:|1699696283\n|move|p1a: Sneasler|Dire Claw|p2a: Cresselia\n|-damage|p2a: Cresselia|70\/100\n|move|p2a: Cresselia|Calm Mind|p2a: Cresselia\n|-boost|p2a: Cresselia|spa|1\n|-boost|p2a: Cresselia|spd|1\n|\n|-heal|p2a: Cresselia|76\/100|[from] item: Leftovers\n|upkeep\n|turn|12\n|\n|t:|1699696290\n|move|p1a: Sneasler|Dire Claw|p2a: Cresselia\n|-damage|p2a: Cresselia|65\/100\n|move|p2a: Cresselia|Calm Mind|p2a: Cresselia\n|-boost|p2a: Cresselia|spa|1\n|-boost|p2a: Cresselia|spd|1\n|\n|-heal|p2a: Cresselia|71\/100|[from] item: Leftovers\n|-end|p2a: Cresselia|Encore\n|-sideend|p2: OUVT drainu|move: Light Screen\n|upkeep\n|turn|13\n|j| Kyurem\n|\n|t:|1699696297\n|move|p1a: Sneasler|Dire Claw|p2a: Cresselia\n|-damage|p2a: Cresselia|60\/100\n|-status|p2a: Cresselia|slp\n|cant|p2a: Cresselia|slp\n|\n|-heal|p2a: Cresselia|66\/100 slp|[from] item: Leftovers\n|-sideend|p2: OUVT drainu|Reflect\n|upkeep\n|turn|14\n|\n|t:|1699696312\n|switch|p1a: Ogerpon|Ogerpon, F|100\/100\n|-curestatus|p2a: Cresselia|slp|[msg]\n|move|p2a: Cresselia|Moonlight|p2a: Cresselia\n|-heal|p2a: Cresselia|100\/100\n|\n|upkeep\n|turn|15\n|\n|t:|1699696315\n|move|p1a: Ogerpon|Knock Off|p2a: Cresselia\n|-supereffective|p2a: Cresselia\n|-damage|p2a: Cresselia|51\/100\n|-enditem|p2a: Cresselia|Leftovers|[from] move: Knock Off|[of] p1a: Ogerpon\n|move|p2a: Cresselia|Stored Power|p1a: Ogerpon\n|-damage|p1a: Ogerpon|0 fnt\n|faint|p1a: Ogerpon\n|\n|upkeep\n|\n|t:|1699696318\n|switch|p1a: Ditto|Ditto|100\/100\n|-transform|p1a: Ditto|p2a: Cresselia|[from] ability: Imposter\n|turn|16\n|\n|t:|1699696325\n|move|p1a: Ditto|Stored Power|p2a: Cresselia\n|-resisted|p2a: Cresselia\n|-damage|p2a: Cresselia|35\/100\n|move|p2a: Cresselia|Stored Power|p1a: Ditto\n|-resisted|p1a: Ditto\n|-damage|p1a: Ditto|78\/100\n|\n|upkeep\n|turn|17\n|\n|t:|1699696334\n|switch|p1a: Corviknight|Corviknight, F|100\/100\n|-ability|p1a: Corviknight|Pressure\n|move|p2a: Cresselia|Moonlight|p2a: Cresselia\n|-heal|p2a: Cresselia|85\/100\n|\n|upkeep\n|turn|18\n|\n|t:|1699696341\n|switch|p1a: Ditto|Ditto|78\/100\n|-transform|p1a: Ditto|p2a: Cresselia|[from] ability: Imposter\n|move|p2a: Cresselia|Stored Power|p1a: Ditto\n|-resisted|p1a: Ditto\n|-damage|p1a: Ditto|56\/100\n|\n|upkeep\n|turn|19\n|\n|t:|1699696355\n|move|p1a: Ditto|Moonlight|p1a: Ditto\n|-heal|p1a: Ditto|100\/100\n|move|p2a: Cresselia|Moonlight|p2a: Cresselia\n|-heal|p2a: Cresselia|100\/100\n|\n|upkeep\n|turn|20\n|\n|t:|1699696363\n|move|p1a: Ditto|Moonlight|p1a: Ditto\n|-fail|p1a: Ditto|heal\n|move|p2a: Cresselia|Stored Power|p1a: Ditto\n|-resisted|p1a: Ditto\n|-damage|p1a: Ditto|76\/100\n|\n|upkeep\n|turn|21\n|\n|t:|1699696368\n|move|p1a: Ditto|Moonlight|p1a: Ditto\n|-heal|p1a: Ditto|100\/100\n|move|p2a: Cresselia|Moonblast|p1a: Ditto\n|-damage|p1a: Ditto|84\/100\n|\n|upkeep\n|turn|22\n|\n|t:|1699696373\n|switch|p1a: Corviknight|Corviknight, F|100\/100\n|-ability|p1a: Corviknight|Pressure\n|move|p2a: Cresselia|Calm Mind|p2a: Cresselia\n|-boost|p2a: Cresselia|spa|1\n|-boost|p2a: Cresselia|spd|1\n|\n|upkeep\n|turn|23\n|\n|t:|1699696381\n|switch|p1a: Ditto|Ditto|84\/100\n|-transform|p1a: Ditto|p2a: Cresselia|[from] ability: Imposter\n|move|p2a: Cresselia|Stored Power|p1a: Ditto\n|-resisted|p1a: Ditto\n|-damage|p1a: Ditto|57\/100\n|\n|upkeep\n|turn|24\n|\n|t:|1699696387\n|move|p1a: Ditto|Moonlight|p1a: Ditto\n|-heal|p1a: Ditto|100\/100\n|move|p2a: Cresselia|Moonblast|p1a: Ditto\n|-damage|p1a: Ditto|84\/100\n|\n|upkeep\n|turn|25\n|\n|t:|1699696391\n|switch|p1a: Corviknight|Corviknight, F|100\/100\n|-ability|p1a: Corviknight|Pressure\n|move|p2a: Cresselia|Moonblast|p1a: Corviknight\n|-resisted|p1a: Corviknight\n|-damage|p1a: Corviknight|79\/100\n|\n|-heal|p1a: Corviknight|86\/100|[from] item: Leftovers\n|upkeep\n|turn|26\n|\n|t:|1699696394\n|switch|p1a: Ditto|Ditto|84\/100\n|-transform|p1a: Ditto|p2a: Cresselia|[from] ability: Imposter\n|move|p2a: Cresselia|Stored Power|p1a: Ditto\n|-resisted|p1a: Ditto\n|-damage|p1a: Ditto|57\/100\n|\n|upkeep\n|turn|27\n|\n|t:|1699696398\n|move|p1a: Ditto|Moonlight|p1a: Ditto\n|-heal|p1a: Ditto|100\/100\n|move|p2a: Cresselia|Stored Power|p1a: Ditto\n|-resisted|p1a: Ditto\n|-damage|p1a: Ditto|69\/100\n|\n|upkeep\n|turn|28\n|\n|t:|1699696400\n|move|p1a: Ditto|Moonlight|p1a: Ditto\n|-heal|p1a: Ditto|100\/100\n|move|p2a: Cresselia|Calm Mind|p2a: Cresselia\n|-boost|p2a: Cresselia|spa|1\n|-boost|p2a: Cresselia|spd|1\n|\n|upkeep\n|turn|29\n|\n|t:|1699696404\n|move|p1a: Ditto|Moonlight|p1a: Ditto\n|-fail|p1a: Ditto|heal\n|move|p2a: Cresselia|Moonblast|p1a: Ditto\n|-damage|p1a: Ditto|82\/100\n|\n|upkeep\n|turn|30\n|\n|t:|1699696408\n|move|p1a: Ditto|Moonlight|p1a: Ditto\n|-heal|p1a: Ditto|100\/100\n|move|p2a: Cresselia|Moonblast|p1a: Ditto\n|-damage|p1a: Ditto|82\/100\n|\n|upkeep\n|turn|31\n|\n|t:|1699696410\n|switch|p1a: Corviknight|Corviknight, F|86\/100\n|-ability|p1a: Corviknight|Pressure\n|move|p2a: Cresselia|Moonblast|p1a: Corviknight\n|-resisted|p1a: Corviknight\n|-damage|p1a: Corviknight|64\/100\n|\n|-heal|p1a: Corviknight|70\/100|[from] item: Leftovers\n|upkeep\n|turn|32\n|\n|t:|1699696415\n|switch|p1a: Ditto|Ditto|82\/100\n|-transform|p1a: Ditto|p2a: Cresselia|[from] ability: Imposter\n|move|p2a: Cresselia|Calm Mind|p2a: Cresselia\n|-boost|p2a: Cresselia|spa|0\n|-boost|p2a: Cresselia|spd|0\n|\n|upkeep\n|turn|33\n|\n|t:|1699696418\n|move|p1a: Ditto|Stored Power|p2a: Cresselia\n|-resisted|p2a: Cresselia\n|-damage|p2a: Cresselia|76\/100\n|move|p2a: Cresselia|Calm Mind|p2a: Cresselia\n|-boost|p2a: Cresselia|spa|0\n|-boost|p2a: Cresselia|spd|0\n|\n|upkeep\n|turn|34\n|\n|t:|1699696424\n|move|p1a: Ditto|Stored Power|p2a: Cresselia\n|-resisted|p2a: Cresselia\n|-damage|p2a: Cresselia|52\/100\n|move|p2a: Cresselia|Stored Power|p1a: Ditto\n|-resisted|p1a: Ditto\n|-damage|p1a: Ditto|51\/100\n|\n|upkeep\n|turn|35\n|\n|t:|1699696427\n|move|p1a: Ditto|Stored Power|p2a: Cresselia\n|-resisted|p2a: Cresselia\n|-damage|p2a: Cresselia|28\/100\n|move|p2a: Cresselia|Stored Power|p1a: Ditto\n|-resisted|p1a: Ditto\n|-crit|p1a: Ditto\n|-damage|p1a: Ditto|0 fnt\n|faint|p1a: Ditto\n|\n|upkeep\n|\n|t:|1699696430\n|switch|p1a: Sneasler|Sneasler, F|100\/100\n|turn|36\n|\n|t:|1699696437\n|-terastallize|p2a: Cresselia|Poison\n|move|p1a: Sneasler|Night Slash|p2a: Cresselia\n|-damage|p2a: Cresselia|15\/100\n|move|p2a: Cresselia|Moonlight|p2a: Cresselia\n|-heal|p2a: Cresselia|65\/100\n|\n|upkeep\n|turn|37\n|-message|zicofool forfeited.\n|\n|win|OUVT drainu\n|raw|zicofool's rating: 1562 &rarr; <strong>1540<\/strong><br \/>(-22 for losing)\n|raw|OUVT drainu's rating: 1527 &rarr; <strong>1549<\/strong><br \/>(+22 for winning)\n|l|\u2606zicofool\n|l|\u2606OUVT drainu\n","uploadtime":1699696451,"views":16,"p1id":"zicofool","p2id":"ouvtdrainu","formatid":"gen9ou","rating":1540,"private":0,"password":""}