{"id":"gen9ou-1988323876","p1":"Caizerke","p2":"murabitooo","format":"[Gen 9] OU","log":"|j|\u2606Caizerke\n|j|\u2606murabitooo\n|t:|1699708577\n|gametype|singles\n|player|p1|Caizerke|1|1142\n|player|p2|murabitooo|pokekid|1165\n|teamsize|p1|6\n|teamsize|p2|6\n|gen|9\n|tier|[Gen 9] OU\n|rated|\n|rule|Sleep Clause Mod: Limit one foe put to sleep\n|rule|Species Clause: Limit one of each Pok\u00e9mon\n|rule|OHKO Clause: OHKO moves are banned\n|rule|Evasion Items Clause: Evasion items are banned\n|rule|Evasion Moves Clause: Evasion moves are banned\n|rule|Endless Battle Clause: Forcing endless battles is banned\n|rule|HP Percentage Mod: HP is shown in percentages\n|clearpoke\n|poke|p1|Iron Moth|\n|poke|p1|Toedscruel, M|\n|poke|p1|Kommo-o, M|\n|poke|p1|Kingambit, M|\n|poke|p1|Azumarill, M|\n|poke|p1|Thundurus-Therian, M|\n|poke|p2|Maushold-Four|\n|poke|p2|Walking Wake|\n|poke|p2|Dragonite, F|\n|poke|p2|Great Tusk|\n|poke|p2|Weezing-Galar, F|\n|poke|p2|Muk-Alola, M|\n|teampreview\n|\n|t:|1699708583\n|start\n|switch|p1a: Zeus|Thundurus-Therian, M, shiny|100\/100\n|switch|p2a: Walking Wake|Walking Wake|100\/100\n|turn|1\n|\n|t:|1699708594\n|move|p2a: Walking Wake|Flip Turn|p1a: Zeus\n|-damage|p1a: Zeus|77\/100\n|\n|t:|1699708599\n|-end|p2a: Walking Wake|Protosynthesis|[silent]\n|switch|p2a: Muk|Muk-Alola, M|100\/100|[from] Flip Turn\n|move|p1a: Zeus|Grass Knot|p2a: Muk\n|-resisted|p2a: Muk\n|-damage|p2a: Muk|87\/100\n|\n|-heal|p2a: Muk|93\/100|[from] item: Black Sludge\n|upkeep\n|turn|2\n|\n|t:|1699708608\n|switch|p1a: Overgod|Kingambit, M, shiny|100\/100\n|move|p2a: Muk|Knock Off|p1a: Overgod\n|-resisted|p1a: Overgod\n|-damage|p1a: Overgod|85\/100\n|-enditem|p1a: Overgod|Black Glasses|[from] move: Knock Off|[of] p2a: Muk\n|\n|-heal|p2a: Muk|99\/100|[from] item: Black Sludge\n|upkeep\n|turn|3\n|\n|t:|1699708613\n|move|p1a: Overgod|Swords Dance|p1a: Overgod\n|-boost|p1a: Overgod|atk|2\n|move|p2a: Muk|Drain Punch|p1a: Overgod\n|-supereffective|p1a: Overgod\n|-damage|p1a: Overgod|27\/100\n|-heal|p2a: Muk|100\/100|[from] drain|[of] p1a: Overgod\n|\n|upkeep\n|turn|4\n|\n|t:|1699708633\n|move|p2a: Muk|Protect|p2a: Muk\n|-singleturn|p2a: Muk|Protect\n|move|p1a: Overgod|Iron Head|p2a: Muk\n|-activate|p2a: Muk|move: Protect\n|\n|upkeep\n|turn|5\n|\n|t:|1699708639\n|move|p1a: Overgod|Iron Head|p2a: Muk\n|-damage|p2a: Muk|0 fnt\n|faint|p2a: Muk\n|\n|upkeep\n|\n|t:|1699708648\n|switch|p2a: Weezing|Weezing-Galar, F|100\/100\n|turn|6\n|\n|t:|1699708659\n|move|p2a: Weezing|Strange Steam|p1a: Overgod|[miss]\n|-miss|p2a: Weezing|p1a: Overgod\n|move|p1a: Overgod|Iron Head|p2a: Weezing\n|-supereffective|p2a: Weezing\n|-damage|p2a: Weezing|0 fnt\n|faint|p2a: Weezing\n|\n|upkeep\n|c|\u2606murabitooo|no way\n|n|!murabitooo|murabitooo\n|\n|t:|1699708670\n|switch|p2a: Dragonite|Dragonite, F|100\/100\n|turn|7\n|\n|t:|1699708677\n|-terastallize|p2a: Dragonite|Normal\n|move|p2a: Dragonite|Extreme Speed|p1a: Overgod\n|-resisted|p1a: Overgod\n|-damage|p1a: Overgod|0 fnt\n|faint|p1a: Overgod\n|-end|p1a: Overgod|fallenundefined|[silent]\n|\n|upkeep\n|\n|t:|1699708686\n|switch|p1a: Torrent|Azumarill, M, shiny|100\/100\n|turn|8\n|\n|t:|1699708697\n|move|p2a: Dragonite|Extreme Speed|p1a: Torrent\n|-damage|p1a: Torrent|15\/100\n|-enditem|p1a: Torrent|Sitrus Berry|[eat]\n|-heal|p1a: Torrent|39\/100|[from] item: Sitrus Berry\n|move|p1a: Torrent|Belly Drum||[still]\n|-fail|p1a: Torrent\n|\n|upkeep\n|turn|9\n|\n|t:|1699708703\n|move|p2a: Dragonite|Extreme Speed|p1a: Torrent\n|-damage|p1a: Torrent|0 fnt\n|faint|p1a: Torrent\n|\n|upkeep\n|\n|t:|1699708707\n|switch|p1a: Scoliosis|Toedscruel, M, shiny|100\/100\n|turn|10\n|\n|t:|1699708721\n|switch|p2a: Walking Wake|Walking Wake|100\/100\n|move|p1a: Scoliosis|Spore|p2a: Walking Wake\n|-status|p2a: Walking Wake|slp|[from] move: Spore\n|\n|upkeep\n|turn|11\n|\n|t:|1699708732\n|switch|p1a: Godzilla|Kommo-o, M, shiny|100\/100\n|cant|p2a: Walking Wake|slp\n|\n|upkeep\n|turn|12\n|\n|t:|1699708744\n|cant|p2a: Walking Wake|slp\n|move|p1a: Godzilla|Clangorous Soul|p1a: Godzilla\n|-boost|p1a: Godzilla|atk|1\n|-boost|p1a: Godzilla|def|1\n|-boost|p1a: Godzilla|spa|1\n|-boost|p1a: Godzilla|spd|1\n|-boost|p1a: Godzilla|spe|1\n|-damage|p1a: Godzilla|68\/100\n|-enditem|p1a: Godzilla|Throat Spray\n|-boost|p1a: Godzilla|spa|1|[from] item: Throat Spray\n|\n|upkeep\n|turn|13\n|\n|t:|1699708748\n|-curestatus|p2a: Walking Wake|slp|[msg]\n|move|p2a: Walking Wake|Draco Meteor|p1a: Godzilla\n|-supereffective|p1a: Godzilla\n|-damage|p1a: Godzilla|0 fnt\n|-unboost|p2a: Walking Wake|spa|2\n|faint|p1a: Godzilla\n|\n|upkeep\n|-message|Caizerke forfeited.\n|\n|win|murabitooo\n|raw|Caizerke's rating: 1142 &rarr; <strong>1119<\/strong><br \/>(-23 for losing)\n|raw|murabitooo's rating: 1165 &rarr; <strong>1188<\/strong><br \/>(+23 for winning)\n","uploadtime":1699708666,"views":14,"p1id":"caizerke","p2id":"murabitooo","formatid":"gen9ou","rating":1119,"private":0,"password":""}