{"id":"gen9ou-1989997048","p1":"U\u2192ManualBreathing","p2":"Venixxs","format":"[Gen 9] OU","log":"|j|\u2606U\u2192ManualBreathing\n|j|\u2606Venixxs\n|t:|1699913782\n|gametype|singles\n|player|p1|U\u2192ManualBreathing|unknown|1183\n|player|p2|Venixxs|raifort|1203\n|teamsize|p1|6\n|teamsize|p2|6\n|gen|9\n|tier|[Gen 9] OU\n|rated|\n|rule|Sleep Clause Mod: Limit one foe put to sleep\n|rule|Species Clause: Limit one of each Pok\u00e9mon\n|rule|OHKO Clause: OHKO moves are banned\n|rule|Evasion Items Clause: Evasion items are banned\n|rule|Evasion Moves Clause: Evasion moves are banned\n|rule|Endless Battle Clause: Forcing endless battles is banned\n|rule|HP Percentage Mod: HP is shown in percentages\n|clearpoke\n|poke|p1|Tornadus, M|\n|poke|p1|Great Tusk|\n|poke|p1|Ursaluna, M|\n|poke|p1|Ninetales-Alola, F|\n|poke|p1|Dragapult, F|\n|poke|p1|Maushold|\n|poke|p2|Zapdos-Galar|\n|poke|p2|Ceruledge, F|\n|poke|p2|Ninetales-Alola, F|\n|poke|p2|Ogerpon-Wellspring, F|\n|poke|p2|Sneasler, F|\n|poke|p2|Corviknight, F|\n|teampreview\n|inactive|Battle timer is ON: inactive players will automatically lose when time's up. (requested by U\u2192ManualBreathing)\n|inactive|Venixxs has 120 seconds left.\n|\n|t:|1699913815\n|start\n|switch|p1a: Dragapult|Dragapult, F, shiny|100\/100\n|switch|p2a: Ninetales|Ninetales-Alola, F|100\/100\n|-weather|Snow|[from] ability: Snow Warning|[of] p2a: Ninetales\n|turn|1\n|\n|t:|1699913822\n|-terastallize|p1a: Dragapult|Steel\n|move|p1a: Dragapult|Tera Blast|p2a: Ninetales|[anim] Tera Blast Steel\n|-supereffective|p2a: Ninetales\n|-damage|p2a: Ninetales|0 fnt\n|faint|p2a: Ninetales\n|\n|-weather|Snow|[upkeep]\n|upkeep\n|\n|t:|1699913834\n|switch|p2a: Ceruledge|Ceruledge, F|100\/100\n|turn|2\n|\n|t:|1699913845\n|switch|p1a: Great Tusk|Great Tusk, shiny|100\/100\n|move|p2a: Ceruledge|Bulk Up|p2a: Ceruledge\n|-boost|p2a: Ceruledge|atk|1\n|-boost|p2a: Ceruledge|def|1\n|\n|-weather|Snow|[upkeep]\n|upkeep\n|turn|3\n|\n|t:|1699913863\n|move|p2a: Ceruledge|Poltergeist|p1a: Great Tusk|[miss]\n|-miss|p2a: Ceruledge|p1a: Great Tusk\n|move|p1a: Great Tusk|Stealth Rock|p2a: Ceruledge\n|-sidestart|p2: Venixxs|move: Stealth Rock\n|\n|-weather|Snow|[upkeep]\n|upkeep\n|turn|4\n|\n|t:|1699913871\n|-end|p1a: Great Tusk|Protosynthesis|[silent]\n|switch|p1a: Maushold|Maushold|100\/100\n|move|p2a: Ceruledge|Poltergeist|p1a: Maushold\n|-immune|p1a: Maushold\n|\n|-weather|Snow|[upkeep]\n|upkeep\n|turn|5\n|\n|t:|1699913878\n|-terastallize|p2a: Ceruledge|Fire\n|move|p1a: Maushold|Encore|p2a: Ceruledge\n|-start|p2a: Ceruledge|Encore\n|move|p2a: Ceruledge|Poltergeist|p1a: Maushold\n|-immune|p1a: Maushold\n|\n|-weather|none\n|upkeep\n|turn|6\n|\n|t:|1699913896\n|switch|p2a: Corviknight|Corviknight, F|100\/100\n|-damage|p2a: Corviknight|88\/100|[from] Stealth Rock\n|-ability|p2a: Corviknight|Pressure\n|move|p1a: Maushold|Population Bomb|p2a: Corviknight\n|-resisted|p2a: Corviknight\n|-damage|p2a: Corviknight|85\/100\n|-resisted|p2a: Corviknight\n|-damage|p2a: Corviknight|81\/100\n|-resisted|p2a: Corviknight\n|-damage|p2a: Corviknight|78\/100\n|-resisted|p2a: Corviknight\n|-damage|p2a: Corviknight|75\/100\n|-resisted|p2a: Corviknight\n|-damage|p2a: Corviknight|72\/100\n|-resisted|p2a: Corviknight\n|-damage|p2a: Corviknight|69\/100\n|-resisted|p2a: Corviknight\n|-damage|p2a: Corviknight|66\/100\n|-resisted|p2a: Corviknight\n|-damage|p2a: Corviknight|62\/100\n|-resisted|p2a: Corviknight\n|-damage|p2a: Corviknight|59\/100\n|-resisted|p2a: Corviknight\n|-damage|p2a: Corviknight|56\/100\n|-hitcount|p2a: Corviknight|10\n|\n|-heal|p2a: Corviknight|62\/100|[from] item: Leftovers\n|upkeep\n|turn|7\n|inactive|U\u2192ManualBreathing has 120 seconds left.\n|\n|t:|1699913924\n|switch|p1a: Ninetales|Ninetales-Alola, F|100\/100\n|-weather|Snow|[from] ability: Snow Warning|[of] p1a: Ninetales\n|move|p2a: Corviknight|Defog|p1a: Ninetales\n|-unboost|p1a: Ninetales|evasion|1\n|-sideend|p2: Venixxs|Stealth Rock|[from] move: Defog|[of] p2a: Corviknight\n|\n|-weather|Snow|[upkeep]\n|-heal|p2a: Corviknight|68\/100|[from] item: Leftovers\n|upkeep\n|turn|8\n|\n|t:|1699913933\n|move|p1a: Ninetales|Aurora Veil|p1a: Ninetales\n|-sidestart|p1: U\u2192ManualBreathing|move: Aurora Veil\n|move|p2a: Corviknight|Roost|p2a: Corviknight\n|-heal|p2a: Corviknight|100\/100\n|-singleturn|p2a: Corviknight|move: Roost\n|\n|-weather|Snow|[upkeep]\n|upkeep\n|turn|9\n|\n|t:|1699913940\n|move|p1a: Ninetales|Encore|p2a: Corviknight\n|-start|p2a: Corviknight|Encore\n|move|p2a: Corviknight|Roost||[still]\n|-fail|p2a: Corviknight|heal\n|\n|-weather|Snow|[upkeep]\n|upkeep\n|turn|10\n|inactive|U\u2192ManualBreathing has 120 seconds left.\n|\n|t:|1699913970\n|switch|p1a: Maushold|Maushold|100\/100\n|switch|p2a: Ceruledge|Ceruledge, F, tera:Fire|100\/100\n|\n|-weather|Snow|[upkeep]\n|upkeep\n|turn|11\n|\n|t:|1699913981\n|move|p1a: Maushold|Population Bomb|p2a: Ceruledge\n|-damage|p2a: Ceruledge|86\/100\n|-ability|p2a: Ceruledge|Weak Armor|boost\n|-unboost|p2a: Ceruledge|def|1\n|-boost|p2a: Ceruledge|spe|2\n|-damage|p2a: Ceruledge|61\/100\n|-ability|p2a: Ceruledge|Weak Armor|boost\n|-unboost|p2a: Ceruledge|def|1\n|-boost|p2a: Ceruledge|spe|2\n|-damage|p2a: Ceruledge|32\/100\n|-ability|p2a: Ceruledge|Weak Armor|boost\n|-unboost|p2a: Ceruledge|def|1\n|-boost|p2a: Ceruledge|spe|2\n|-crit|p2a: Ceruledge\n|-damage|p2a: Ceruledge|0 fnt\n|faint|p2a: Ceruledge\n|-hitcount|p2: Ceruledge|4\n|\n|-weather|none\n|upkeep\n|-message|Venixxs forfeited.\n|\n|win|U\u2192ManualBreathing\n|raw|U\u2192ManualBreathing's rating: 1183 &rarr; <strong>1209<\/strong><br \/>(+26 for winning)\n|raw|Venixxs's rating: 1203 &rarr; <strong>1177<\/strong><br \/>(-26 for losing)\n|l|\u2606Venixxs\n","uploadtime":1699914006,"views":8,"p1id":"umanualbreathing","p2id":"venixxs","formatid":"gen9ou","rating":1177,"private":0,"password":""}