{"id":"gen9ou-1989999604","p1":"U\u2192ManualBreathing","p2":"Buzzwardo","format":"[Gen 9] OU","log":"|j|\u2606U\u2192ManualBreathing\n|j|\u2606Buzzwardo\n|t:|1699914023\n|gametype|singles\n|player|p1|U\u2192ManualBreathing|unknown|1209\n|player|p2|Buzzwardo|chuck|1187\n|teamsize|p1|6\n|teamsize|p2|6\n|gen|9\n|tier|[Gen 9] OU\n|rated|\n|rule|Sleep Clause Mod: Limit one foe put to sleep\n|rule|Species Clause: Limit one of each Pok\u00e9mon\n|rule|OHKO Clause: OHKO moves are banned\n|rule|Evasion Items Clause: Evasion items are banned\n|rule|Evasion Moves Clause: Evasion moves are banned\n|rule|Endless Battle Clause: Forcing endless battles is banned\n|rule|HP Percentage Mod: HP is shown in percentages\n|clearpoke\n|poke|p1|Tornadus, M|\n|poke|p1|Great Tusk|\n|poke|p1|Ursaluna, M|\n|poke|p1|Ninetales-Alola, F|\n|poke|p1|Dragapult, F|\n|poke|p1|Maushold|\n|poke|p2|Krookodile, F|\n|poke|p2|Alomomola, M|\n|poke|p2|Basculegion, M|\n|poke|p2|Scovillain, F|\n|poke|p2|Glimmora, M|\n|poke|p2|Noivern, F|\n|teampreview\n|inactive|Battle timer is ON: inactive players will automatically lose when time's up. (requested by U\u2192ManualBreathing)\n|j| supmadudesup\n|inactive|U\u2192ManualBreathing has 120 seconds left.\n|\n|t:|1699914069\n|start\n|switch|p1a: Ninetales|Ninetales-Alola, F|100\/100\n|switch|p2a: Glimmora|Glimmora, M|100\/100\n|-weather|Snow|[from] ability: Snow Warning|[of] p1a: Ninetales\n|-item|p2a: Glimmora|Air Balloon\n|turn|1\n|\n|t:|1699914076\n|move|p1a: Ninetales|Aurora Veil|p1a: Ninetales\n|-sidestart|p1: U\u2192ManualBreathing|move: Aurora Veil\n|move|p2a: Glimmora|Sludge Bomb|p1a: Ninetales\n|-supereffective|p1a: Ninetales\n|-damage|p1a: Ninetales|45\/100\n|\n|-weather|Snow|[upkeep]\n|upkeep\n|turn|2\n|\n|t:|1699914088\n|move|p1a: Ninetales|Freeze-Dry|p2a: Glimmora\n|-damage|p2a: Glimmora|63\/100\n|-enditem|p2a: Glimmora|Air Balloon\n|move|p2a: Glimmora|Stealth Rock|p1a: Ninetales\n|-sidestart|p1: U\u2192ManualBreathing|move: Stealth Rock\n|\n|-weather|Snow|[upkeep]\n|upkeep\n|turn|3\n|\n|t:|1699914098\n|move|p1a: Ninetales|Encore|p2a: Glimmora\n|-start|p2a: Glimmora|Encore\n|move|p2a: Glimmora|Stealth Rock||[still]\n|-fail|p2a: Glimmora\n|\n|-weather|Snow|[upkeep]\n|upkeep\n|turn|4\n|\n|t:|1699914105\n|move|p1a: Ninetales|Freeze-Dry|p2a: Glimmora\n|-damage|p2a: Glimmora|26\/100\n|move|p2a: Glimmora|Stealth Rock||[still]\n|-fail|p2a: Glimmora\n|\n|-weather|Snow|[upkeep]\n|upkeep\n|turn|5\n|l| supmadudesup\n|\n|t:|1699914110\n|move|p1a: Ninetales|Freeze-Dry|p2a: Glimmora\n|-damage|p2a: Glimmora|0 fnt\n|faint|p2a: Glimmora\n|\n|-weather|none\n|upkeep\n|\n|t:|1699914123\n|switch|p2a: Scovillain|Scovillain, F|100\/100\n|turn|6\n|\n|t:|1699914137\n|-terastallize|p2a: Scovillain|Fire\n|move|p1a: Ninetales|Freeze-Dry|p2a: Scovillain\n|-resisted|p2a: Scovillain\n|-damage|p2a: Scovillain|78\/100\n|move|p2a: Scovillain|Sunny Day|p2a: Scovillain\n|-weather|SunnyDay\n|\n|-weather|SunnyDay|[upkeep]\n|upkeep\n|turn|7\n|\n|t:|1699914147\n|move|p2a: Scovillain|Growth|p2a: Scovillain\n|-boost|p2a: Scovillain|atk|2\n|-boost|p2a: Scovillain|spa|2\n|move|p1a: Ninetales|Encore|p2a: Scovillain\n|-start|p2a: Scovillain|Encore\n|\n|-weather|SunnyDay|[upkeep]\n|upkeep\n|turn|8\n|inactive|U\u2192ManualBreathing has 120 seconds left.\n|\n|t:|1699914191\n|switch|p1a: Maushold|Maushold|100\/100\n|-damage|p1a: Maushold|88\/100|[from] Stealth Rock\n|move|p2a: Scovillain|Growth|p2a: Scovillain\n|-boost|p2a: Scovillain|atk|2\n|-boost|p2a: Scovillain|spa|2\n|\n|-weather|SunnyDay|[upkeep]\n|-sideend|p1: U\u2192ManualBreathing|move: Aurora Veil\n|upkeep\n|turn|9\n|\n|t:|1699914194\n|move|p2a: Scovillain|Growth|p2a: Scovillain\n|-boost|p2a: Scovillain|atk|2\n|-boost|p2a: Scovillain|spa|2\n|move|p1a: Maushold|Tidy Up|p1a: Maushold\n|-sideend|p1: U\u2192ManualBreathing|Stealth Rock\n|-activate|p1a: Maushold|move: Tidy Up\n|-boost|p1a: Maushold|atk|1\n|-boost|p1a: Maushold|spe|1\n|\n|-weather|SunnyDay|[upkeep]\n|upkeep\n|turn|10\n|\n|t:|1699914199\n|move|p1a: Maushold|Population Bomb|p2a: Scovillain\n|-damage|p2a: Scovillain|49\/100\n|-damage|p2a: Scovillain|21\/100\n|-damage|p2a: Scovillain|0 fnt\n|faint|p2a: Scovillain\n|-hitcount|p2: Scovillain|3\n|\n|-weather|none\n|upkeep\n|\n|t:|1699914206\n|switch|p2a: Alomomola|Alomomola, M|100\/100\n|turn|11\n|\n|t:|1699914213\n|-terastallize|p1a: Maushold|Normal\n|move|p1a: Maushold|Population Bomb|p2a: Alomomola\n|-damage|p2a: Alomomola|88\/100\n|-damage|p1a: Maushold|72\/100|[from] item: Rocky Helmet|[of] p2a: Alomomola\n|-damage|p2a: Alomomola|75\/100\n|-damage|p1a: Maushold|55\/100|[from] item: Rocky Helmet|[of] p2a: Alomomola\n|-damage|p2a: Alomomola|63\/100\n|-damage|p1a: Maushold|38\/100|[from] item: Rocky Helmet|[of] p2a: Alomomola\n|-damage|p2a: Alomomola|51\/100\n|-damage|p1a: Maushold|22\/100|[from] item: Rocky Helmet|[of] p2a: Alomomola\n|-damage|p2a: Alomomola|39\/100\n|-damage|p1a: Maushold|5\/100|[from] item: Rocky Helmet|[of] p2a: Alomomola\n|-damage|p2a: Alomomola|28\/100\n|-damage|p1a: Maushold|0 fnt|[from] item: Rocky Helmet|[of] p2a: Alomomola\n|faint|p1a: Maushold\n|-hitcount|p2a: Alomomola|6\n|move|p2a: Alomomola|Flip Turn|p1: Maushold|[notarget]\n|-fail|p2a: Alomomola\n|\n|upkeep\n|\n|t:|1699914229\n|switch|p1a: Dragapult|Dragapult, F, shiny|100\/100\n|turn|12\n|\n|t:|1699914232\n|move|p1a: Dragapult|Dragon Darts|p2a: Alomomola\n|-damage|p2a: Alomomola|9\/100\n|-anim|p1a: Dragapult|Dragon Darts|p2a: Alomomola\n|-damage|p2a: Alomomola|0 fnt\n|faint|p2a: Alomomola\n|\n|upkeep\n|\n|t:|1699914236\n|switch|p2a: Basculegion|Basculegion, M|100\/100\n|turn|13\n|\n|t:|1699914253\n|move|p1a: Dragapult|Dragon Darts|p2a: Basculegion\n|-damage|p2a: Basculegion|62\/100\n|-anim|p1a: Dragapult|Dragon Darts|p2a: Basculegion\n|-damage|p2a: Basculegion|24\/100\n|move|p2a: Basculegion|Phantom Force||[still]\n|-prepare|p2a: Basculegion|Phantom Force\n|\n|upkeep\n|turn|14\n|\n|t:|1699914260\n|switch|p1a: Ursaluna|Ursaluna, M|100\/100\n|move|p2a: Basculegion|Phantom Force|p1a: Ursaluna|[from]lockedmove\n|-immune|p1a: Ursaluna\n|\n|upkeep\n|turn|15\n|inactive|U\u2192ManualBreathing has 120 seconds left.\n|\n|t:|1699914294\n|move|p2a: Basculegion|Wave Crash|p1a: Ursaluna\n|-supereffective|p1a: Ursaluna\n|-damage|p1a: Ursaluna|0 fnt\n|faint|p1a: Ursaluna\n|-damage|p2a: Basculegion|0 fnt|[from] Recoil\n|faint|p2a: Basculegion\n|\n|upkeep\n|inactive|U\u2192ManualBreathing has 120 seconds left.\n|\n|t:|1699914310\n|switch|p2a: Krookodile|Krookodile, F, shiny|100\/100\n|switch|p1a: Tornadus|Tornadus, M, shiny|100\/100\n|turn|16\n|inactive|U\u2192ManualBreathing has 120 seconds left.\n|\n|t:|1699914320\n|move|p1a: Tornadus|Tailwind|p1a: Tornadus\n|-sidestart|p1: U\u2192ManualBreathing|move: Tailwind\n|move|p2a: Krookodile|Substitute|p2a: Krookodile\n|-start|p2a: Krookodile|Substitute\n|-damage|p2a: Krookodile|76\/100\n|\n|upkeep\n|turn|17\n|\n|t:|1699914325\n|move|p1a: Tornadus|U-turn|p2a: Krookodile\n|-supereffective|p2a: Krookodile\n|-end|p2a: Krookodile|Substitute\n|inactive|U\u2192ManualBreathing has 120 seconds left.\n|\n|t:|1699914345\n|switch|p1a: Great Tusk|Great Tusk, shiny|100\/100|[from] U-turn\n|move|p2a: Krookodile|Bulk Up|p2a: Krookodile\n|-boost|p2a: Krookodile|atk|1\n|-boost|p2a: Krookodile|def|1\n|\n|upkeep\n|turn|18\n|inactive|U\u2192ManualBreathing has 120 seconds left.\n|\n|t:|1699914358\n|move|p1a: Great Tusk|Body Press|p2a: Krookodile\n|-supereffective|p2a: Krookodile\n|-damage|p2a: Krookodile|0 fnt\n|faint|p2a: Krookodile\n|\n|upkeep\n|\n|t:|1699914361\n|switch|p2a: Noivern|Noivern, F|100\/100\n|turn|19\n|inactive|U\u2192ManualBreathing has 120 seconds left.\n|\n|t:|1699914374\n|move|p1a: Great Tusk|Body Press|p2a: Noivern\n|-resisted|p2a: Noivern\n|-damage|p2a: Noivern|73\/100\n|move|p2a: Noivern|Hurricane|p1a: Great Tusk\n|-supereffective|p1a: Great Tusk\n|-damage|p1a: Great Tusk|0 fnt\n|faint|p1a: Great Tusk\n|-end|p1a: Great Tusk|Protosynthesis|[silent]\n|\n|-sideend|p1: U\u2192ManualBreathing|move: Tailwind\n|upkeep\n|inactive|U\u2192ManualBreathing has 120 seconds left.\n|\n|t:|1699914385\n|switch|p1a: Tornadus|Tornadus, M, shiny|100\/100\n|turn|20\n|\n|t:|1699914388\n|move|p1a: Tornadus|Tailwind|p1a: Tornadus\n|-sidestart|p1: U\u2192ManualBreathing|move: Tailwind\n|move|p2a: Noivern|Hurricane|p1a: Tornadus|[miss]\n|-miss|p2a: Noivern|p1a: Tornadus\n|\n|upkeep\n|turn|21\n|\n|t:|1699914399\n|move|p1a: Tornadus|U-turn|p2a: Noivern\n|-resisted|p2a: Noivern\n|-damage|p2a: Noivern|62\/100\n|\n|t:|1699914401\n|switch|p1a: Dragapult|Dragapult, F, shiny|100\/100|[from] U-turn\n|move|p2a: Noivern|Hurricane|p1a: Dragapult\n|-damage|p1a: Dragapult|6\/100\n|\n|upkeep\n|turn|22\n|\n|t:|1699914407\n|move|p1a: Dragapult|Dragon Darts|p2a: Noivern\n|-supereffective|p2a: Noivern\n|-damage|p2a: Noivern|0 fnt\n|faint|p2a: Noivern\n|\n|win|U\u2192ManualBreathing\n|raw|U\u2192ManualBreathing's rating: 1209 &rarr; <strong>1232<\/strong><br \/>(+23 for winning)\n|raw|Buzzwardo's rating: 1187 &rarr; <strong>1164<\/strong><br \/>(-23 for losing)\n|l|\u2606Buzzwardo\n","uploadtime":1699914438,"views":8,"p1id":"umanualbreathing","p2id":"buzzwardo","formatid":"gen9ou","rating":1164,"private":0,"password":""}