{"id":"gen9ou-1994931244","p1":"Nitro524","p2":"Matias Rivera","format":"[Gen 9] OU","log":"|j|\u2606Nitro524\n|j|\u2606Matias Rivera\n|t:|1700505735\n|gametype|singles\n|player|p1|Nitro524|hilbert|1341\n|player|p2|Matias Rivera|lucas|1323\n|teamsize|p1|6\n|teamsize|p2|6\n|gen|9\n|tier|[Gen 9] OU\n|rated|\n|rule|Sleep Clause Mod: Limit one foe put to sleep\n|rule|Species Clause: Limit one of each Pok\u00e9mon\n|rule|OHKO Clause: OHKO moves are banned\n|rule|Evasion Items Clause: Evasion items are banned\n|rule|Evasion Moves Clause: Evasion moves are banned\n|rule|Endless Battle Clause: Forcing endless battles is banned\n|rule|HP Percentage Mod: HP is shown in percentages\n|clearpoke\n|poke|p1|Samurott-Hisui, M|\n|poke|p1|Ceruledge, M|\n|poke|p1|Zamazenta-*|\n|poke|p1|Garganacl, M|\n|poke|p1|Landorus-Therian, M|\n|poke|p1|Kingambit, M|\n|poke|p2|Rillaboom, M|\n|poke|p2|Hatterene, F|\n|poke|p2|Ceruledge, M|\n|poke|p2|Iron Valiant|\n|poke|p2|Ninetales-Alola, F|\n|poke|p2|Gholdengo|\n|teampreview\n|inactive|Battle timer is ON: inactive players will automatically lose when time's up. (requested by Matias Rivera)\n|inactive|Nitro524 also wants the timer to be on.\n|c|\u2606Nitro524|lhf\n|c|\u2606Nitro524|glhf*\n|\n|t:|1700505746\n|start\n|switch|p1a: Masakado|Samurott-Hisui, M, shiny|100\/100\n|switch|p2a: Ninetales|Ninetales-Alola, F|100\/100\n|-weather|Snow|[from] ability: Snow Warning|[of] p2a: Ninetales\n|turn|1\n|\n|t:|1700505765\n|move|p2a: Ninetales|Aurora Veil|p2a: Ninetales\n|-sidestart|p2: Matias Rivera|move: Aurora Veil\n|move|p1a: Masakado|Ceaseless Edge|p2a: Ninetales\n|-resisted|p2a: Ninetales\n|-damage|p2a: Ninetales|91\/100\n|-sidestart|p2: Matias Rivera|Spikes\n|\n|-weather|Snow|[upkeep]\n|upkeep\n|turn|2\n|\n|t:|1700505773\n|move|p2a: Ninetales|Moonblast|p1a: Masakado\n|-supereffective|p1a: Masakado\n|-damage|p1a: Masakado|13\/100\n|move|p1a: Masakado|Ceaseless Edge|p2a: Ninetales\n|-resisted|p2a: Ninetales\n|-damage|p2a: Ninetales|82\/100\n|-sidestart|p2: Matias Rivera|Spikes\n|\n|-weather|Snow|[upkeep]\n|upkeep\n|turn|3\n|\n|t:|1700505794\n|switch|p1a: Sault|Garganacl, M|100\/100\n|move|p2a: Ninetales|Moonblast|p1a: Sault\n|-damage|p1a: Sault|82\/100\n|\n|-weather|Snow|[upkeep]\n|-heal|p1a: Sault|88\/100|[from] item: Leftovers\n|upkeep\n|turn|4\n|\n|t:|1700505799\n|switch|p2a: Rillaboom|Rillaboom, M|100\/100\n|-damage|p2a: Rillaboom|84\/100|[from] Spikes\n|-fieldstart|move: Grassy Terrain|[from] ability: Grassy Surge|[of] p2a: Rillaboom\n|move|p1a: Sault|Salt Cure|p2a: Rillaboom\n|-damage|p2a: Rillaboom|76\/100\n|-start|p2a: Rillaboom|Salt Cure\n|\n|-weather|Snow|[upkeep]\n|-heal|p2a: Rillaboom|83\/100|[from] Grassy Terrain\n|-heal|p1a: Sault|94\/100|[from] Grassy Terrain\n|-heal|p1a: Sault|99\/100|[from] item: Leftovers\n|-damage|p2a: Rillaboom|70\/100|[from] Salt Cure\n|upkeep\n|turn|5\n|\n|t:|1700505805\n|move|p2a: Rillaboom|Wood Hammer|p1a: Sault\n|-supereffective|p1a: Sault\n|-damage|p1a: Sault|0 fnt\n|faint|p1a: Sault\n|-damage|p2a: Rillaboom|31\/100|[from] Recoil\n|\n|-weather|none\n|-heal|p2a: Rillaboom|37\/100|[from] Grassy Terrain\n|-damage|p2a: Rillaboom|25\/100|[from] Salt Cure\n|upkeep\n|\n|t:|1700505820\n|switch|p1a: Apollo|Ceruledge, M|100\/100\n|turn|6\n|inactive|Matias Rivera has 120 seconds left.\n|\n|t:|1700505852\n|switch|p2a: Iron Valiant|Iron Valiant|100\/100\n|-damage|p2a: Iron Valiant|84\/100|[from] Spikes\n|-enditem|p2a: Iron Valiant|Booster Energy\n|-activate|p2a: Iron Valiant|ability: Quark Drive|[fromitem]\n|-start|p2a: Iron Valiant|quarkdrivespe\n|move|p1a: Apollo|Swords Dance|p1a: Apollo\n|-boost|p1a: Apollo|atk|2\n|\n|-heal|p2a: Iron Valiant|90\/100|[from] Grassy Terrain\n|upkeep\n|turn|7\n|inactive|Nitro524 has 120 seconds left.\n|\n|t:|1700505868\n|move|p2a: Iron Valiant|Encore|p1a: Apollo\n|-start|p1a: Apollo|Encore\n|move|p1a: Apollo|Swords Dance|p1a: Apollo\n|-boost|p1a: Apollo|atk|2\n|\n|-heal|p2a: Iron Valiant|96\/100|[from] Grassy Terrain\n|upkeep\n|turn|8\n|inactive|Matias Rivera has 120 seconds left.\n|inactive|Matias Rivera has 90 seconds left.\n|\n|t:|1700505928\n|move|p2a: Iron Valiant|Swords Dance|p2a: Iron Valiant\n|-boost|p2a: Iron Valiant|atk|2\n|move|p1a: Apollo|Swords Dance|p1a: Apollo\n|-boost|p1a: Apollo|atk|2\n|\n|-heal|p2a: Iron Valiant|100\/100|[from] Grassy Terrain\n|-sideend|p2: Matias Rivera|move: Aurora Veil\n|-fieldend|move: Grassy Terrain\n|upkeep\n|turn|9\n|\n|t:|1700505949\n|move|p2a: Iron Valiant|Swords Dance|p2a: Iron Valiant\n|-boost|p2a: Iron Valiant|atk|2\n|move|p1a: Apollo|Swords Dance|p1a: Apollo\n|-boost|p1a: Apollo|atk|0\n|\n|-end|p1a: Apollo|Encore\n|upkeep\n|turn|10\n|\n|t:|1700505958\n|move|p1a: Apollo|Shadow Sneak|p2a: Iron Valiant\n|-damage|p2a: Iron Valiant|0 fnt\n|faint|p2a: Iron Valiant\n|-end|p2a: Iron Valiant|Quark Drive|[silent]\n|\n|upkeep\n|-message|Matias Rivera forfeited.\n|\n|win|Nitro524\n|raw|Nitro524's rating: 1341 &rarr; <strong>1360<\/strong><br \/>(+19 for winning)\n|raw|Matias Rivera's rating: 1323 &rarr; <strong>1304<\/strong><br \/>(-19 for losing)\n|l|\u2606Matias Rivera\n|j|\u2606Matias Rivera\n|player|p2|Matias Rivera|lucas\n|l|\u2606Matias Rivera\n|player|p2|\n|c|\u2606Nitro524|lmfao\n|c|\u2606Nitro524|gg\n","uploadtime":1700505970,"views":26,"p1id":"nitro524","p2id":"matiasrivera","formatid":"gen9ou","rating":1304,"private":0,"password":""}