{"id":"gen9ou-1994178525","p1":"outdated ahh team","p2":"bitkhes","format":"[Gen 9] OU","log":"|j|\u2606outdated ahh team\n|j|\u2606bitkhes\n|t:|1700415831\n|gametype|singles\n|player|p1|outdated ahh team|bruno-gen2|1554\n|player|p2|bitkhes|acetrainerf|1468\n|teamsize|p1|6\n|teamsize|p2|6\n|gen|9\n|tier|[Gen 9] OU\n|rated|\n|rule|Sleep Clause Mod: Limit one foe put to sleep\n|rule|Species Clause: Limit one of each Pok\u00e9mon\n|rule|OHKO Clause: OHKO moves are banned\n|rule|Evasion Items Clause: Evasion items are banned\n|rule|Evasion Moves Clause: Evasion moves are banned\n|rule|Endless Battle Clause: Forcing endless battles is banned\n|rule|HP Percentage Mod: HP is shown in percentages\n|clearpoke\n|poke|p1|Sinistcha-Masterpiece|\n|poke|p1|Rillaboom, M|\n|poke|p1|Tyranitar, M|\n|poke|p1|Heatran, M|\n|poke|p1|Gholdengo|\n|poke|p1|Muk-Alola, F|\n|poke|p2|Hydreigon, F|\n|poke|p2|Landorus-Therian, M|\n|poke|p2|Slowking-Galar, F|\n|poke|p2|Ogerpon-Wellspring, F|\n|poke|p2|Corviknight, F|\n|poke|p2|Iron Moth|\n|teampreview\n|inactive|Battle timer is ON: inactive players will automatically lose when time's up. (requested by outdated ahh team)\n|\n|t:|1700415847\n|start\n|switch|p1a: Akainu \ud83c\udf0b|Heatran, M|100\/100\n|switch|p2a: Landorus|Landorus-Therian, M|100\/100\n|-item|p1a: Akainu \ud83c\udf0b|Air Balloon\n|-ability|p2a: Landorus|Intimidate|boost\n|-unboost|p1a: Akainu \ud83c\udf0b|atk|1\n|turn|1\n|\n|t:|1700415854\n|move|p1a: Akainu \ud83c\udf0b|Stealth Rock|p2a: Landorus\n|-sidestart|p2: bitkhes|move: Stealth Rock\n|move|p2a: Landorus|U-turn|p1a: Akainu \ud83c\udf0b\n|-resisted|p1a: Akainu \ud83c\udf0b\n|-damage|p1a: Akainu \ud83c\udf0b|95\/100\n|-enditem|p1a: Akainu \ud83c\udf0b|Air Balloon\n|\n|t:|1700415861\n|switch|p2a: Ogerpon|Ogerpon-Wellspring, F|100\/100|[from] U-turn\n|-damage|p2a: Ogerpon|88\/100|[from] Stealth Rock\n|\n|upkeep\n|turn|2\n|\n|t:|1700415868\n|switch|p1a: Cosmo \ud83c\udf75|Sinistcha-Masterpiece|100\/100\n|move|p2a: Ogerpon|Ivy Cudgel|p1a: Cosmo \ud83c\udf75|[anim] Ivy Cudgel Water\n|-resisted|p1a: Cosmo \ud83c\udf75\n|-damage|p1a: Cosmo \ud83c\udf75|82\/100\n|\n|upkeep\n|turn|3\n|\n|t:|1700415877\n|switch|p2a: Hydreigon|Hydreigon, F|100\/100\n|-damage|p2a: Hydreigon|88\/100|[from] Stealth Rock\n|move|p1a: Cosmo \ud83c\udf75|Matcha Gotcha|p2a: Hydreigon\n|-resisted|p2a: Hydreigon\n|-damage|p2a: Hydreigon|70\/100\n|-heal|p1a: Cosmo \ud83c\udf75|91\/100|[from] drain|[of] p2a: Hydreigon\n|\n|upkeep\n|turn|4\n|\n|t:|1700415884\n|switch|p1a: Magellan \u2623\ufe0f|Muk-Alola, F|100\/100\n|move|p2a: Hydreigon|Draco Meteor|p1a: Magellan \u2623\ufe0f\n|-damage|p1a: Magellan \u2623\ufe0f|64\/100\n|-unboost|p2a: Hydreigon|spa|2\n|\n|-heal|p1a: Magellan \u2623\ufe0f|70\/100|[from] item: Leftovers\n|upkeep\n|turn|5\n|\n|t:|1700415890\n|switch|p2a: Corviknight|Corviknight, F|100\/100\n|-damage|p2a: Corviknight|88\/100|[from] Stealth Rock\n|-ability|p2a: Corviknight|Pressure\n|move|p1a: Magellan \u2623\ufe0f|Knock Off|p2a: Corviknight\n|-damage|p2a: Corviknight|66\/100\n|-enditem|p2a: Corviknight|Leftovers|[from] move: Knock Off|[of] p1a: Magellan \u2623\ufe0f\n|\n|-heal|p1a: Magellan \u2623\ufe0f|76\/100|[from] item: Leftovers\n|upkeep\n|turn|6\n|\n|t:|1700415895\n|switch|p1a: Akainu \ud83c\udf0b|Heatran, M|95\/100\n|move|p2a: Corviknight|Defog|p1a: Akainu \ud83c\udf0b\n|-unboost|p1a: Akainu \ud83c\udf0b|evasion|1\n|-sideend|p2: bitkhes|Stealth Rock|[from] move: Defog|[of] p2a: Corviknight\n|\n|upkeep\n|turn|7\n|\n|t:|1700415906\n|switch|p2a: Slowking|Slowking-Galar, F|100\/100\n|move|p1a: Akainu \ud83c\udf0b|Magma Storm|p2a: Slowking\n|-damage|p2a: Slowking|72\/100\n|-activate|p2a: Slowking|move: Magma Storm|[of] p1a: Akainu \ud83c\udf0b\n|\n|-damage|p2a: Slowking|60\/100|[from] move: Magma Storm|[partiallytrapped]\n|upkeep\n|turn|8\n|\n|t:|1700415910\n|move|p1a: Akainu \ud83c\udf0b|Earth Power|p2a: Slowking\n|-supereffective|p2a: Slowking\n|-damage|p2a: Slowking|27\/100\n|move|p2a: Slowking|Focus Blast|p1a: Akainu \ud83c\udf0b\n|-supereffective|p1a: Akainu \ud83c\udf0b\n|-damage|p1a: Akainu \ud83c\udf0b|12\/100\n|\n|-damage|p2a: Slowking|14\/100|[from] move: Magma Storm|[partiallytrapped]\n|upkeep\n|turn|9\n|\n|t:|1700415918\n|move|p1a: Akainu \ud83c\udf0b|Earth Power|p2a: Slowking\n|-supereffective|p2a: Slowking\n|-damage|p2a: Slowking|0 fnt\n|faint|p2a: Slowking\n|\n|upkeep\n|\n|t:|1700415930\n|switch|p2a: Landorus|Landorus-Therian, M|100\/100\n|-ability|p2a: Landorus|Intimidate|boost\n|-unboost|p1a: Akainu \ud83c\udf0b|atk|1\n|turn|10\n|\n|t:|1700415943\n|move|p1a: Akainu \ud83c\udf0b|Magma Storm|p2a: Landorus\n|-damage|p2a: Landorus|58\/100\n|-activate|p2a: Landorus|move: Magma Storm|[of] p1a: Akainu \ud83c\udf0b\n|move|p2a: Landorus|Earthquake|p1a: Akainu \ud83c\udf0b\n|-supereffective|p1a: Akainu \ud83c\udf0b\n|-damage|p1a: Akainu \ud83c\udf0b|0 fnt\n|faint|p1a: Akainu \ud83c\udf0b\n|\n|-heal|p2a: Landorus|64\/100|[from] item: Leftovers\n|-end|p2a: Landorus|Magma Storm|[partiallytrapped]|[silent]\n|upkeep\n|\n|t:|1700415949\n|switch|p1a: Zeke \ud83e\udd8d|Rillaboom, M|100\/100\n|-fieldstart|move: Grassy Terrain|[from] ability: Grassy Surge|[of] p1a: Zeke \ud83e\udd8d\n|turn|11\n|\n|t:|1700415957\n|move|p1a: Zeke \ud83e\udd8d|U-turn|p2a: Landorus\n|-resisted|p2a: Landorus\n|-damage|p2a: Landorus|46\/100\n|\n|t:|1700415961\n|switch|p1a: Magellan \u2623\ufe0f|Muk-Alola, F|76\/100|[from] U-turn\n|move|p2a: Landorus|Stealth Rock|p1a: Magellan \u2623\ufe0f\n|-sidestart|p1: outdated ahh team|move: Stealth Rock\n|\n|-heal|p2a: Landorus|52\/100|[from] item: Leftovers\n|-heal|p1a: Magellan \u2623\ufe0f|82\/100|[from] Grassy Terrain\n|-heal|p1a: Magellan \u2623\ufe0f|88\/100|[from] item: Leftovers\n|upkeep\n|turn|12\n|\n|t:|1700415970\n|move|p2a: Landorus|U-turn|p1a: Magellan \u2623\ufe0f\n|-damage|p1a: Magellan \u2623\ufe0f|64\/100\n|\n|t:|1700415972\n|switch|p2a: Corviknight|Corviknight, F|66\/100|[from] U-turn\n|-ability|p2a: Corviknight|Pressure\n|move|p1a: Magellan \u2623\ufe0f|Knock Off|p2a: Corviknight\n|-damage|p2a: Corviknight|52\/100\n|\n|-heal|p1a: Magellan \u2623\ufe0f|70\/100|[from] Grassy Terrain\n|-heal|p1a: Magellan \u2623\ufe0f|76\/100|[from] item: Leftovers\n|upkeep\n|turn|13\n|\n|t:|1700415976\n|move|p1a: Magellan \u2623\ufe0f|Protect|p1a: Magellan \u2623\ufe0f\n|-singleturn|p1a: Magellan \u2623\ufe0f|Protect\n|move|p2a: Corviknight|Roost|p2a: Corviknight\n|-heal|p2a: Corviknight|100\/100\n|-singleturn|p2a: Corviknight|move: Roost\n|\n|-heal|p1a: Magellan \u2623\ufe0f|82\/100|[from] Grassy Terrain\n|-heal|p1a: Magellan \u2623\ufe0f|88\/100|[from] item: Leftovers\n|upkeep\n|turn|14\n|\n|t:|1700415980\n|move|p2a: Corviknight|Brave Bird|p1a: Magellan \u2623\ufe0f\n|-damage|p1a: Magellan \u2623\ufe0f|51\/100\n|-damage|p2a: Corviknight|88\/100|[from] Recoil\n|move|p1a: Magellan \u2623\ufe0f|Drain Punch|p2a: Corviknight\n|-damage|p2a: Corviknight|76\/100\n|-heal|p1a: Magellan \u2623\ufe0f|56\/100|[from] drain|[of] p2a: Corviknight\n|\n|-heal|p1a: Magellan \u2623\ufe0f|63\/100|[from] Grassy Terrain\n|-heal|p1a: Magellan \u2623\ufe0f|69\/100|[from] item: Leftovers\n|upkeep\n|turn|15\n|\n|t:|1700415986\n|move|p1a: Magellan \u2623\ufe0f|Protect|p1a: Magellan \u2623\ufe0f\n|-singleturn|p1a: Magellan \u2623\ufe0f|Protect\n|move|p2a: Corviknight|Brave Bird|p1a: Magellan \u2623\ufe0f\n|-activate|p1a: Magellan \u2623\ufe0f|move: Protect\n|\n|-heal|p1a: Magellan \u2623\ufe0f|75\/100|[from] Grassy Terrain\n|-heal|p1a: Magellan \u2623\ufe0f|81\/100|[from] item: Leftovers\n|-fieldend|move: Grassy Terrain\n|upkeep\n|turn|16\n|\n|t:|1700415992\n|switch|p1a: TracyMinaj \ud83d\udcb0|Gholdengo|100\/100\n|-damage|p1a: TracyMinaj \ud83d\udcb0|94\/100|[from] Stealth Rock\n|move|p2a: Corviknight|U-turn|p1a: TracyMinaj \ud83d\udcb0\n|-resisted|p1a: TracyMinaj \ud83d\udcb0\n|-damage|p1a: TracyMinaj \ud83d\udcb0|91\/100\n|\n|t:|1700416004\n|switch|p2a: Hydreigon|Hydreigon, F|70\/100|[from] U-turn\n|\n|upkeep\n|turn|17\n|\n|t:|1700416013\n|switch|p1a: Magellan \u2623\ufe0f|Muk-Alola, F|81\/100\n|-damage|p1a: Magellan \u2623\ufe0f|68\/100|[from] Stealth Rock\n|move|p2a: Hydreigon|Dark Pulse|p1a: Magellan \u2623\ufe0f\n|-resisted|p1a: Magellan \u2623\ufe0f\n|-damage|p1a: Magellan \u2623\ufe0f|57\/100\n|\n|-heal|p1a: Magellan \u2623\ufe0f|63\/100|[from] item: Leftovers\n|upkeep\n|turn|18\n|\n|t:|1700416026\n|switch|p2a: Corviknight|Corviknight, F|76\/100\n|-ability|p2a: Corviknight|Pressure\n|switch|p1a: TracyMinaj \ud83d\udcb0|Gholdengo|91\/100\n|-damage|p1a: TracyMinaj \ud83d\udcb0|85\/100|[from] Stealth Rock\n|\n|upkeep\n|turn|19\n|\n|t:|1700416031\n|move|p1a: TracyMinaj \ud83d\udcb0|Shadow Ball|p2a: Corviknight\n|-damage|p2a: Corviknight|34\/100\n|move|p2a: Corviknight|U-turn|p1a: TracyMinaj \ud83d\udcb0\n|-resisted|p1a: TracyMinaj \ud83d\udcb0\n|-damage|p1a: TracyMinaj \ud83d\udcb0|80\/100\n|\n|t:|1700416040\n|switch|p2a: Ogerpon|Ogerpon-Wellspring, F|88\/100|[from] U-turn\n|\n|upkeep\n|turn|20\n|\n|t:|1700416048\n|switch|p1a: Zeke \ud83e\udd8d|Rillaboom, M|100\/100\n|-damage|p1a: Zeke \ud83e\udd8d|88\/100|[from] Stealth Rock\n|-fieldstart|move: Grassy Terrain|[from] ability: Grassy Surge|[of] p1a: Zeke \ud83e\udd8d\n|-terastallize|p2a: Ogerpon|Water\n|detailschange|p2a: Ogerpon|Ogerpon-Wellspring-Tera, F, tera:Water\n|-ability|p2a: Ogerpon|Embody Aspect (Wellspring)|boost\n|-boost|p2a: Ogerpon|spd|1\n|move|p2a: Ogerpon|Ivy Cudgel|p1a: Zeke \ud83e\udd8d|[anim] Ivy Cudgel Water\n|-resisted|p1a: Zeke \ud83e\udd8d\n|-damage|p1a: Zeke \ud83e\udd8d|44\/100\n|\n|-heal|p2a: Ogerpon|94\/100|[from] Grassy Terrain\n|-heal|p1a: Zeke \ud83e\udd8d|50\/100|[from] Grassy Terrain\n|upkeep\n|turn|21\n|\n|t:|1700416070\n|switch|p2a: Landorus|Landorus-Therian, M|52\/100\n|-ability|p2a: Landorus|Intimidate|boost\n|-unboost|p1a: Zeke \ud83e\udd8d|atk|1\n|move|p1a: Zeke \ud83e\udd8d|Grassy Glide|p2a: Landorus\n|-damage|p2a: Landorus|11\/100\n|\n|-heal|p1a: Zeke \ud83e\udd8d|56\/100|[from] Grassy Terrain\n|-heal|p2a: Landorus|17\/100|[from] item: Leftovers\n|upkeep\n|turn|22\n|\n|t:|1700416077\n|move|p1a: Zeke \ud83e\udd8d|Grassy Glide|p2a: Landorus\n|-damage|p2a: Landorus|0 fnt\n|faint|p2a: Landorus\n|\n|-heal|p1a: Zeke \ud83e\udd8d|62\/100|[from] Grassy Terrain\n|upkeep\n|\n|t:|1700416079\n|switch|p2a: Corviknight|Corviknight, F|34\/100\n|-ability|p2a: Corviknight|Pressure\n|turn|23\n|\n|t:|1700416082\n|switch|p1a: TracyMinaj \ud83d\udcb0|Gholdengo|80\/100\n|-damage|p1a: TracyMinaj \ud83d\udcb0|74\/100|[from] Stealth Rock\n|move|p2a: Corviknight|Roost|p2a: Corviknight\n|-heal|p2a: Corviknight|84\/100\n|-singleturn|p2a: Corviknight|move: Roost\n|\n|-heal|p1a: TracyMinaj \ud83d\udcb0|80\/100|[from] Grassy Terrain\n|-heal|p2a: Corviknight|91\/100|[from] Grassy Terrain\n|upkeep\n|turn|24\n|\n|t:|1700416085\n|move|p1a: TracyMinaj \ud83d\udcb0|Shadow Ball|p2a: Corviknight\n|-damage|p2a: Corviknight|48\/100\n|move|p2a: Corviknight|U-turn|p1a: TracyMinaj \ud83d\udcb0\n|-resisted|p1a: TracyMinaj \ud83d\udcb0\n|-damage|p1a: TracyMinaj \ud83d\udcb0|77\/100\n|\n|t:|1700416088\n|switch|p2a: Ogerpon|Ogerpon-Wellspring-Tera, F, tera:Water|94\/100|[from] U-turn\n|-ability|p2a: Ogerpon|Embody Aspect (Wellspring)|boost\n|-boost|p2a: Ogerpon|spd|1\n|\n|-heal|p1a: TracyMinaj \ud83d\udcb0|83\/100|[from] Grassy Terrain\n|-heal|p2a: Ogerpon|99\/100|[from] Grassy Terrain\n|-fieldend|move: Grassy Terrain\n|upkeep\n|turn|25\n|\n|t:|1700416095\n|switch|p1a: Cosmo \ud83c\udf75|Sinistcha-Masterpiece|91\/100\n|move|p2a: Ogerpon|Ivy Cudgel|p1a: Cosmo \ud83c\udf75|[anim] Ivy Cudgel Water\n|-resisted|p1a: Cosmo \ud83c\udf75\n|-crit|p1a: Cosmo \ud83c\udf75\n|-damage|p1a: Cosmo \ud83c\udf75|47\/100\n|\n|upkeep\n|turn|26\n|\n|t:|1700416115\n|switch|p2a: Hydreigon|Hydreigon, F|70\/100\n|move|p1a: Cosmo \ud83c\udf75|Strength Sap|p2a: Hydreigon\n|-unboost|p2a: Hydreigon|atk|1\n|-heal|p1a: Cosmo \ud83c\udf75|100\/100\n|\n|upkeep\n|turn|27\n|\n|t:|1700416127\n|switch|p1a: Reiner \ud83d\uddff|Tyranitar, M|100\/100\n|-weather|Sandstorm|[from] ability: Sand Stream|[of] p1a: Reiner \ud83d\uddff\n|move|p2a: Hydreigon|Flamethrower|p1a: Reiner \ud83d\uddff\n|-resisted|p1a: Reiner \ud83d\uddff\n|-damage|p1a: Reiner \ud83d\uddff|92\/100\n|\n|-weather|Sandstorm|[upkeep]\n|-damage|p2a: Hydreigon|64\/100|[from] Sandstorm\n|upkeep\n|turn|28\n|\n|t:|1700416145\n|switch|p2a: Ogerpon|Ogerpon-Wellspring-Tera, F, tera:Water|99\/100\n|-ability|p2a: Ogerpon|Embody Aspect (Wellspring)|boost\n|-boost|p2a: Ogerpon|spd|1\n|move|p1a: Reiner \ud83d\uddff|Rock Blast|p2a: Ogerpon\n|-damage|p2a: Ogerpon|81\/100\n|-damage|p2a: Ogerpon|63\/100\n|-damage|p2a: Ogerpon|46\/100\n|-hitcount|p2a: Ogerpon|3\n|\n|-weather|Sandstorm|[upkeep]\n|-damage|p2a: Ogerpon|40\/100|[from] Sandstorm\n|upkeep\n|turn|29\n|\n|t:|1700416159\n|switch|p1a: Cosmo \ud83c\udf75|Sinistcha-Masterpiece|100\/100\n|move|p2a: Ogerpon|Play Rough|p1a: Cosmo \ud83c\udf75\n|-damage|p1a: Cosmo \ud83c\udf75|78\/100\n|\n|-weather|Sandstorm|[upkeep]\n|-damage|p2a: Ogerpon|34\/100|[from] Sandstorm\n|-damage|p1a: Cosmo \ud83c\udf75|72\/100|[from] Sandstorm\n|upkeep\n|turn|30\n|\n|t:|1700416170\n|switch|p2a: Corviknight|Corviknight, F|48\/100\n|-ability|p2a: Corviknight|Pressure\n|move|p1a: Cosmo \ud83c\udf75|Matcha Gotcha|p2a: Corviknight\n|-resisted|p2a: Corviknight\n|-damage|p2a: Corviknight|41\/100\n|-heal|p1a: Cosmo \ud83c\udf75|77\/100|[from] drain|[of] p2a: Corviknight\n|-status|p2a: Corviknight|brn\n|\n|-weather|Sandstorm|[upkeep]\n|-damage|p1a: Cosmo \ud83c\udf75|70\/100|[from] Sandstorm\n|-damage|p2a: Corviknight|34\/100 brn|[from] brn\n|upkeep\n|turn|31\n|\n|t:|1700416179\n|move|p1a: Cosmo \ud83c\udf75|Hex|p2a: Corviknight\n|-damage|p2a: Corviknight|0 fnt\n|faint|p2a: Corviknight\n|\n|-weather|none\n|upkeep\n|\n|t:|1700416183\n|switch|p2a: Iron Moth|Iron Moth|100\/100\n|-enditem|p2a: Iron Moth|Booster Energy\n|-activate|p2a: Iron Moth|ability: Quark Drive|[fromitem]\n|-start|p2a: Iron Moth|quarkdrivespe\n|turn|32\n|\n|t:|1700416202\n|move|p2a: Iron Moth|Fiery Dance|p1a: Cosmo \ud83c\udf75\n|-supereffective|p1a: Cosmo \ud83c\udf75\n|-damage|p1a: Cosmo \ud83c\udf75|21\/100\n|-boost|p2a: Iron Moth|spa|1\n|move|p1a: Cosmo \ud83c\udf75|Hex|p2a: Iron Moth\n|-damage|p2a: Iron Moth|73\/100\n|\n|upkeep\n|turn|33\n|\n|t:|1700416208\n|switch|p1a: Reiner \ud83d\uddff|Tyranitar, M|92\/100\n|-weather|Sandstorm|[from] ability: Sand Stream|[of] p1a: Reiner \ud83d\uddff\n|move|p2a: Iron Moth|Fiery Dance|p1a: Reiner \ud83d\uddff\n|-resisted|p1a: Reiner \ud83d\uddff\n|-damage|p1a: Reiner \ud83d\uddff|76\/100\n|-boost|p2a: Iron Moth|spa|1\n|\n|-weather|Sandstorm|[upkeep]\n|-damage|p2a: Iron Moth|67\/100|[from] Sandstorm\n|upkeep\n|turn|34\n|\n|t:|1700416213\n|-terastallize|p1a: Reiner \ud83d\uddff|Flying\n|move|p2a: Iron Moth|Energy Ball|p1a: Reiner \ud83d\uddff\n|-resisted|p1a: Reiner \ud83d\uddff\n|-damage|p1a: Reiner \ud83d\uddff|53\/100\n|move|p1a: Reiner \ud83d\uddff|Rock Blast|p2a: Iron Moth\n|-supereffective|p2a: Iron Moth\n|-damage|p2a: Iron Moth|27\/100\n|-supereffective|p2a: Iron Moth\n|-damage|p2a: Iron Moth|0 fnt\n|faint|p2a: Iron Moth\n|-end|p2a: Iron Moth|Quark Drive|[silent]\n|-hitcount|p2: Iron Moth|2\n|\n|-weather|Sandstorm|[upkeep]\n|-damage|p1a: Reiner \ud83d\uddff|47\/100|[from] Sandstorm\n|upkeep\n|\n|t:|1700416220\n|switch|p2a: Ogerpon|Ogerpon-Wellspring-Tera, F, tera:Water|34\/100\n|-ability|p2a: Ogerpon|Embody Aspect (Wellspring)|boost\n|-boost|p2a: Ogerpon|spd|1\n|turn|35\n|\n|t:|1700416226\n|switch|p1a: Cosmo \ud83c\udf75|Sinistcha-Masterpiece|21\/100\n|move|p2a: Ogerpon|Ivy Cudgel|p1a: Cosmo \ud83c\udf75|[anim] Ivy Cudgel Water\n|-resisted|p1a: Cosmo \ud83c\udf75\n|-crit|p1a: Cosmo \ud83c\udf75\n|-damage|p1a: Cosmo \ud83c\udf75|0 fnt\n|faint|p1a: Cosmo \ud83c\udf75\n|\n|-weather|Sandstorm|[upkeep]\n|-damage|p2a: Ogerpon|28\/100|[from] Sandstorm\n|upkeep\n|\n|t:|1700416228\n|switch|p1a: Zeke \ud83e\udd8d|Rillaboom, M|62\/100\n|-damage|p1a: Zeke \ud83e\udd8d|50\/100|[from] Stealth Rock\n|-fieldstart|move: Grassy Terrain|[from] ability: Grassy Surge|[of] p1a: Zeke \ud83e\udd8d\n|turn|36\n|\n|t:|1700416237\n|move|p1a: Zeke \ud83e\udd8d|Grassy Glide|p2a: Ogerpon\n|-supereffective|p2a: Ogerpon\n|-damage|p2a: Ogerpon|0 fnt\n|faint|p2a: Ogerpon\n|\n|-weather|Sandstorm|[upkeep]\n|-damage|p1a: Zeke \ud83e\udd8d|44\/100|[from] Sandstorm\n|-heal|p1a: Zeke \ud83e\udd8d|50\/100|[from] Grassy Terrain\n|upkeep\n|\n|t:|1700416239\n|switch|p2a: Hydreigon|Hydreigon, F|64\/100\n|turn|37\n|\n|t:|1700416244\n|move|p1a: Zeke \ud83e\udd8d|Grassy Glide|p2a: Hydreigon\n|-resisted|p2a: Hydreigon\n|-damage|p2a: Hydreigon|29\/100\n|move|p2a: Hydreigon|Dark Pulse|p1a: Zeke \ud83e\udd8d\n|-damage|p1a: Zeke \ud83e\udd8d|0 fnt\n|faint|p1a: Zeke \ud83e\udd8d\n|\n|-weather|none\n|upkeep\n|\n|t:|1700416247\n|switch|p1a: Magellan \u2623\ufe0f|Muk-Alola, F|63\/100\n|-damage|p1a: Magellan \u2623\ufe0f|51\/100|[from] Stealth Rock\n|turn|38\n|\n|t:|1700416249\n|move|p1a: Magellan \u2623\ufe0f|Protect|p1a: Magellan \u2623\ufe0f\n|-singleturn|p1a: Magellan \u2623\ufe0f|Protect\n|move|p2a: Hydreigon|Dark Pulse|p1a: Magellan \u2623\ufe0f\n|-activate|p1a: Magellan \u2623\ufe0f|move: Protect\n|\n|-heal|p1a: Magellan \u2623\ufe0f|57\/100|[from] Grassy Terrain\n|-heal|p1a: Magellan \u2623\ufe0f|63\/100|[from] item: Leftovers\n|upkeep\n|turn|39\n|-message|bitkhes forfeited.\n|\n|win|outdated ahh team\n|raw|outdated ahh team's rating: 1554 &rarr; <strong>1569<\/strong><br \/>(+15 for winning)\n|raw|bitkhes's rating: 1468 &rarr; <strong>1453<\/strong><br \/>(-15 for losing)\n|l|\u2606bitkhes\n","uploadtime":1700416256,"views":7,"p1id":"outdatedahhteam","p2id":"bitkhes","formatid":"gen9ou","rating":1453,"private":0,"password":""}