{"id":"gen9ou-1992903420","p1":"LazyPig15","p2":"deucezeuss","format":"[Gen 9] OU","log":"|j|\u2606LazyPig15\n|j|\u2606deucezeuss\n|t:|1700245435\n|gametype|singles\n|player|p1|LazyPig15|102|1044\n|player|p2|deucezeuss|170|1049\n|teamsize|p1|6\n|teamsize|p2|6\n|gen|9\n|tier|[Gen 9] OU\n|rated|\n|rule|Sleep Clause Mod: Limit one foe put to sleep\n|rule|Species Clause: Limit one of each Pok\u00e9mon\n|rule|OHKO Clause: OHKO moves are banned\n|rule|Evasion Items Clause: Evasion items are banned\n|rule|Evasion Moves Clause: Evasion moves are banned\n|rule|Endless Battle Clause: Forcing endless battles is banned\n|rule|HP Percentage Mod: HP is shown in percentages\n|clearpoke\n|poke|p1|Ribombee, M|\n|poke|p1|Kommo-o, M|\n|poke|p1|Sinistcha-Masterpiece|\n|poke|p1|Ceruledge, F|\n|poke|p1|Iron Hands|\n|poke|p1|Hatterene, F|\n|poke|p2|Landorus-Therian, M|\n|poke|p2|Heatran, F|\n|poke|p2|Ogerpon-Wellspring, F|\n|poke|p2|Dragapult, F|\n|poke|p2|Great Tusk|\n|poke|p2|Zapdos|\n|teampreview\n|inactive|Battle timer is ON: inactive players will automatically lose when time's up. (requested by deucezeuss)\n|\n|t:|1700245440\n|start\n|switch|p1a: Ribombee|Ribombee, M|100\/100\n|switch|p2a: Landorus|Landorus-Therian, M|100\/100\n|-ability|p2a: Landorus|Intimidate|boost\n|-unboost|p1a: Ribombee|atk|1\n|turn|1\n|\n|t:|1700245445\n|move|p1a: Ribombee|Sticky Web|p2a: Landorus\n|-sidestart|p2: deucezeuss|move: Sticky Web\n|move|p2a: Landorus|Sludge Bomb|p1a: Ribombee\n|-supereffective|p1a: Ribombee\n|-damage|p1a: Ribombee|22\/100\n|\n|upkeep\n|turn|2\n|j| kiklol\n|\n|t:|1700245450\n|move|p1a: Ribombee|Moonblast|p2a: Landorus\n|-damage|p2a: Landorus|58\/100\n|move|p2a: Landorus|Sludge Bomb|p1a: Ribombee\n|-supereffective|p1a: Ribombee\n|-damage|p1a: Ribombee|0 fnt\n|faint|p1a: Ribombee\n|\n|upkeep\n|\n|t:|1700245458\n|switch|p1a: Iron Hands|Iron Hands|100\/100\n|turn|3\n|\n|t:|1700245464\n|move|p1a: Iron Hands|Fake Out|p2a: Landorus\n|-damage|p2a: Landorus|42\/100\n|cant|p2a: Landorus|flinch\n|\n|upkeep\n|turn|4\n|\n|t:|1700245468\n|move|p2a: Landorus|Earthquake|p1a: Iron Hands\n|-supereffective|p1a: Iron Hands\n|-damage|p1a: Iron Hands|18\/100\n|move|p1a: Iron Hands|Ice Punch|p2a: Landorus\n|-supereffective|p2a: Landorus\n|-damage|p2a: Landorus|0 fnt\n|faint|p2a: Landorus\n|\n|upkeep\n|\n|t:|1700245476\n|switch|p2a: Great Tusk|Great Tusk|100\/100\n|-activate|p2a: Great Tusk|move: Sticky Web\n|-unboost|p2a: Great Tusk|spe|1\n|-enditem|p2a: Great Tusk|Booster Energy\n|-activate|p2a: Great Tusk|ability: Protosynthesis|[fromitem]\n|-start|p2a: Great Tusk|protosynthesisatk\n|turn|5\n|\n|t:|1700245481\n|-end|p1a: Iron Hands|Quark Drive|[silent]\n|switch|p1a: Sinistcha|Sinistcha-Masterpiece|100\/100\n|move|p2a: Great Tusk|Rapid Spin|p1a: Sinistcha\n|-immune|p1a: Sinistcha\n|\n|upkeep\n|turn|6\n|\n|t:|1700245486\n|move|p1a: Sinistcha|Scald|p2a: Great Tusk\n|-supereffective|p2a: Great Tusk\n|-damage|p2a: Great Tusk|38\/100\n|move|p2a: Great Tusk|Ice Spinner|p1a: Sinistcha\n|-supereffective|p1a: Sinistcha\n|-crit|p1a: Sinistcha\n|-damage|p1a: Sinistcha|14\/100\n|\n|-heal|p1a: Sinistcha|20\/100|[from] item: Leftovers\n|upkeep\n|turn|7\n|\n|t:|1700245496\n|-end|p2a: Great Tusk|Protosynthesis|[silent]\n|switch|p2a: Ogerpon|Ogerpon-Wellspring, F|100\/100\n|-activate|p2a: Ogerpon|move: Sticky Web\n|-unboost|p2a: Ogerpon|spe|1\n|move|p1a: Sinistcha|Scald|p2a: Ogerpon\n|-immune|p2a: Ogerpon|[from] ability: Water Absorb\n|\n|-heal|p1a: Sinistcha|27\/100|[from] item: Leftovers\n|upkeep\n|turn|8\n|\n|t:|1700245505\n|move|p2a: Ogerpon|Knock Off|p1a: Sinistcha\n|-supereffective|p1a: Sinistcha\n|-damage|p1a: Sinistcha|0 fnt\n|-enditem|p1a: Sinistcha|Leftovers|[from] move: Knock Off|[of] p2a: Ogerpon\n|faint|p1a: Sinistcha\n|\n|upkeep\n|\n|t:|1700245508\n|switch|p1a: Hatterene|Hatterene, F|100\/100\n|turn|9\n|c| kiklol|hhhhhhhhhhhhhhhhhhhhhhhhhheeeeeeeeeeeeeeeeeeelllllllllllllllllllllllllllllllllllllloooooooooooooooooooooooooooo\n|\n|t:|1700245512\n|move|p2a: Ogerpon|Knock Off|p1a: Hatterene\n|-damage|p1a: Hatterene|55\/100\n|-enditem|p1a: Hatterene|Leftovers|[from] move: Knock Off|[of] p2a: Ogerpon\n|move|p1a: Hatterene|Nuzzle|p2a: Ogerpon\n|-damage|p2a: Ogerpon|96\/100\n|-status|p2a: Ogerpon|par\n|\n|upkeep\n|turn|10\n|\n|t:|1700245523\n|move|p2a: Ogerpon|Swords Dance|p2a: Ogerpon\n|-boost|p2a: Ogerpon|atk|2\n|move|p1a: Hatterene|Psychic|p2a: Ogerpon\n|-damage|p2a: Ogerpon|48\/100 par\n|\n|upkeep\n|turn|11\n|c| kiklol|mmmmmmmmmmmmmmmaaaaaaaaaaaaaaaaaaddddddddddddddddaaaaaaaaaaaaa ffffffffffffffffffffffffffffaaaaaaaaaaaaaaaaaaaaaaaaaaaaaaaaaaakkkkkkkkkkkkkkkkkkaaaaaaaaaaaaaaa\n|\n|t:|1700245528\n|cant|p2a: Ogerpon|par\n|move|p1a: Hatterene|Psychic|p2a: Ogerpon\n|-damage|p2a: Ogerpon|2\/100 par\n|\n|upkeep\n|turn|12\n|\n|t:|1700245534\n|move|p2a: Ogerpon|Horn Leech|p1a: Hatterene\n|-damage|p1a: Hatterene|0 fnt\n|-heal|p2a: Ogerpon|25\/100 par|[from] drain|[of] p1a: Hatterene\n|faint|p1a: Hatterene\n|\n|upkeep\n|\n|t:|1700245536\n|switch|p1a: Iron Hands|Iron Hands|18\/100\n|turn|13\n|l| kiklol\n|\n|t:|1700245548\n|move|p1a: Iron Hands|Fake Out|p2a: Ogerpon\n|-damage|p2a: Ogerpon|3\/100 par\n|cant|p2a: Ogerpon|flinch\n|\n|upkeep\n|turn|14\n|\n|t:|1700245552\n|move|p1a: Iron Hands|Drain Punch|p2a: Ogerpon\n|-damage|p2a: Ogerpon|0 fnt\n|-heal|p1a: Iron Hands|19\/100|[from] drain|[of] p2a: Ogerpon\n|faint|p2a: Ogerpon\n|\n|upkeep\n|\n|t:|1700245566\n|switch|p2a: Great Tusk|Great Tusk|38\/100\n|-activate|p2a: Great Tusk|move: Sticky Web\n|-unboost|p2a: Great Tusk|spe|1\n|turn|15\n|\n|t:|1700245570\n|-end|p1a: Iron Hands|Quark Drive|[silent]\n|switch|p1a: Ceruledge|Ceruledge, F|100\/100\n|move|p2a: Great Tusk|Rapid Spin|p1a: Ceruledge\n|-immune|p1a: Ceruledge\n|\n|upkeep\n|turn|16\n|\n|t:|1700245583\n|-end|p2a: Great Tusk|Protosynthesis|[silent]\n|switch|p2a: Heatran|Heatran, F|100\/100\n|-activate|p2a: Heatran|move: Sticky Web\n|-unboost|p2a: Heatran|spe|1\n|move|p1a: Ceruledge|Close Combat|p2a: Heatran\n|-supereffective|p2a: Heatran\n|-damage|p2a: Heatran|27\/100\n|-unboost|p1a: Ceruledge|def|1\n|-unboost|p1a: Ceruledge|spd|1\n|-damage|p1a: Ceruledge|84\/100|[from] item: Rocky Helmet|[of] p2a: Heatran\n|\n|upkeep\n|turn|17\n|\n|t:|1700245594\n|move|p1a: Ceruledge|Close Combat|p2a: Heatran\n|-supereffective|p2a: Heatran\n|-damage|p2a: Heatran|0 fnt\n|-unboost|p1a: Ceruledge|def|1\n|-unboost|p1a: Ceruledge|spd|1\n|-damage|p1a: Ceruledge|68\/100|[from] item: Rocky Helmet|[of] p2a: Heatran\n|faint|p2a: Heatran\n|\n|upkeep\n|\n|t:|1700245605\n|switch|p2a: Zapdos|Zapdos|100\/100\n|turn|18\n|\n|t:|1700245610\n|switch|p1a: Iron Hands|Iron Hands|19\/100\n|move|p2a: Zapdos|Hurricane|p1a: Iron Hands\n|-damage|p1a: Iron Hands|0 fnt\n|faint|p1a: Iron Hands\n|-end|p1a: Iron Hands|Quark Drive|[silent]\n|\n|upkeep\n|\n|t:|1700245614\n|switch|p1a: Kommo-o|Kommo-o, M|100\/100\n|turn|19\n|\n|t:|1700245617\n|-terastallize|p1a: Kommo-o|Steel\n|move|p1a: Kommo-o|Clangorous Soul|p1a: Kommo-o\n|-boost|p1a: Kommo-o|atk|1\n|-boost|p1a: Kommo-o|def|1\n|-boost|p1a: Kommo-o|spa|1\n|-boost|p1a: Kommo-o|spd|1\n|-boost|p1a: Kommo-o|spe|1\n|-damage|p1a: Kommo-o|68\/100\n|-enditem|p1a: Kommo-o|Throat Spray\n|-boost|p1a: Kommo-o|spa|1|[from] item: Throat Spray\n|move|p2a: Zapdos|Hurricane|p1a: Kommo-o\n|-resisted|p1a: Kommo-o\n|-damage|p1a: Kommo-o|47\/100\n|\n|upkeep\n|turn|20\n|\n|t:|1700245628\n|move|p1a: Kommo-o|Boomburst|p2a: Zapdos\n|-damage|p2a: Zapdos|9\/100\n|move|p2a: Zapdos|Heat Wave|p1a: Kommo-o\n|-supereffective|p1a: Kommo-o\n|-damage|p1a: Kommo-o|0 fnt\n|faint|p1a: Kommo-o\n|\n|upkeep\n|\n|t:|1700245631\n|switch|p1a: Ceruledge|Ceruledge, F|68\/100\n|turn|21\n|\n|t:|1700245637\n|move|p1a: Ceruledge|Bitter Blade|p2a: Zapdos\n|-damage|p2a: Zapdos|0 fnt\n|-heal|p1a: Ceruledge|72\/100|[from] drain|[of] p2a: Zapdos\n|faint|p2a: Zapdos\n|\n|upkeep\n|\n|t:|1700245643\n|switch|p2a: Great Tusk|Great Tusk|38\/100\n|-activate|p2a: Great Tusk|move: Sticky Web\n|-unboost|p2a: Great Tusk|spe|1\n|turn|22\n|\n|t:|1700245650\n|move|p1a: Ceruledge|Bitter Blade|p2a: Great Tusk\n|-damage|p2a: Great Tusk|6\/100\n|-heal|p1a: Ceruledge|94\/100|[from] drain|[of] p2a: Great Tusk\n|move|p2a: Great Tusk|Headlong Rush|p1a: Ceruledge\n|-supereffective|p1a: Ceruledge\n|-damage|p1a: Ceruledge|0 fnt\n|-unboost|p2a: Great Tusk|def|1\n|-unboost|p2a: Great Tusk|spd|1\n|faint|p1a: Ceruledge\n|\n|win|deucezeuss\n|raw|LazyPig15's rating: 1044 &rarr; <strong>1028<\/strong><br \/>(-16 for losing)\n|raw|deucezeuss's rating: 1049 &rarr; <strong>1081<\/strong><br \/>(+32 for winning)\n","uploadtime":1700245530,"views":10,"p1id":"lazypig15","p2id":"deucezeuss","formatid":"gen9ou","rating":1028,"private":0,"password":""}