{"id":"gen9ou-1995219408","p1":"APerson5","p2":"SolarShine0603","format":"[Gen 9] OU","log":"|j|\u2606APerson5\n|j|\u2606SolarShine0603\n|t:|1700536097\n|gametype|singles\n|player|p1|APerson5|doubleteam|1094\n|player|p2|SolarShine0603|hiker-gen4|1012\n|teamsize|p1|6\n|teamsize|p2|6\n|gen|9\n|tier|[Gen 9] OU\n|rated|\n|rule|Sleep Clause Mod: Limit one foe put to sleep\n|rule|Species Clause: Limit one of each Pok\u00e9mon\n|rule|OHKO Clause: OHKO moves are banned\n|rule|Evasion Items Clause: Evasion items are banned\n|rule|Evasion Moves Clause: Evasion moves are banned\n|rule|Endless Battle Clause: Forcing endless battles is banned\n|rule|HP Percentage Mod: HP is shown in percentages\n|clearpoke\n|poke|p1|Garchomp, F|\n|poke|p1|Iron Valiant|\n|poke|p1|Forretress, F|\n|poke|p1|Kommo-o, F|\n|poke|p1|Kingambit, F|\n|poke|p1|Meowscarada, F|\n|poke|p2|Kingambit, M|\n|poke|p2|Krookodile, F|\n|poke|p2|Snorlax, M|\n|poke|p2|Hoopa-Unbound|\n|poke|p2|Ditto|\n|poke|p2|Maushold-Four|\n|teampreview\n|inactive|Battle timer is ON: inactive players will automatically lose when time's up. (requested by APerson5)\n|\n|t:|1700536121\n|start\n|switch|p1a: Garchomp|Garchomp, F|100\/100\n|switch|p2a: Ditto|Ditto|100\/100\n|-transform|p2a: Ditto|p1a: Garchomp|[from] ability: Imposter\n|turn|1\n|\n|t:|1700536141\n|move|p1a: Garchomp|Stealth Rock|p2a: Ditto\n|-sidestart|p2: SolarShine0603|move: Stealth Rock\n|move|p2a: Ditto|Earthquake|p1a: Garchomp\n|-damage|p1a: Garchomp|73\/100\n|\n|upkeep\n|turn|2\n|\n|t:|1700536146\n|move|p1a: Garchomp|Spikes|p2a: Ditto\n|-sidestart|p2: SolarShine0603|Spikes\n|move|p2a: Ditto|Dragon Tail|p1a: Garchomp\n|-supereffective|p1a: Garchomp\n|-damage|p1a: Garchomp|40\/100\n|-damage|p2a: Ditto|88\/100|[from] ability: Rough Skin|[of] p1a: Garchomp\n|-damage|p2a: Ditto|71\/100|[from] item: Rocky Helmet|[of] p1a: Garchomp\n|drag|p1a: Iron Valiant|Iron Valiant|100\/100\n|-enditem|p1a: Iron Valiant|Booster Energy\n|-activate|p1a: Iron Valiant|ability: Quark Drive|[fromitem]\n|-start|p1a: Iron Valiant|quarkdrivespe\n|\n|upkeep\n|turn|3\n|\n|t:|1700536159\n|move|p1a: Iron Valiant|Moonblast|p2a: Ditto\n|-supereffective|p2a: Ditto\n|-damage|p2a: Ditto|0 fnt\n|faint|p2a: Ditto\n|\n|upkeep\n|\n|t:|1700536164\n|switch|p2a: Snorlax|Snorlax, M|100\/100\n|-damage|p2a: Snorlax|88\/100|[from] Stealth Rock\n|-damage|p2a: Snorlax|76\/100|[from] Spikes\n|turn|4\n|\n|t:|1700536172\n|move|p1a: Iron Valiant|Aura Sphere|p2a: Snorlax\n|-supereffective|p2a: Snorlax\n|-damage|p2a: Snorlax|30\/100\n|move|p2a: Snorlax|Substitute|p2a: Snorlax\n|-start|p2a: Snorlax|Substitute\n|-damage|p2a: Snorlax|5\/100\n|\n|-heal|p2a: Snorlax|11\/100|[from] item: Leftovers\n|upkeep\n|turn|5\n|\n|t:|1700536180\n|move|p1a: Iron Valiant|Aura Sphere|p2a: Snorlax\n|-supereffective|p2a: Snorlax\n|-end|p2a: Snorlax|Substitute\n|move|p2a: Snorlax|Rest|p2a: Snorlax\n|-status|p2a: Snorlax|slp|[from] move: Rest\n|-heal|p2a: Snorlax|100\/100 slp|[silent]\n|\n|upkeep\n|turn|6\n|\n|t:|1700536189\n|move|p1a: Iron Valiant|Aura Sphere|p2a: Snorlax\n|-supereffective|p2a: Snorlax\n|-damage|p2a: Snorlax|55\/100 slp\n|cant|p2a: Snorlax|slp\n|move|p2a: Snorlax|Sleep Talk|p2a: Snorlax\n|move|p2a: Snorlax|Substitute|p2a: Snorlax|[from]move: Sleep Talk\n|-start|p2a: Snorlax|Substitute\n|-damage|p2a: Snorlax|30\/100 slp\n|\n|-heal|p2a: Snorlax|36\/100 slp|[from] item: Leftovers\n|upkeep\n|turn|7\n|\n|t:|1700536202\n|move|p1a: Iron Valiant|Aura Sphere|p2a: Snorlax\n|-supereffective|p2a: Snorlax\n|-end|p2a: Snorlax|Substitute\n|cant|p2a: Snorlax|slp\n|\n|-heal|p2a: Snorlax|42\/100 slp|[from] item: Leftovers\n|upkeep\n|turn|8\n|\n|t:|1700536209\n|move|p1a: Iron Valiant|Aura Sphere|p2a: Snorlax\n|-supereffective|p2a: Snorlax\n|-damage|p2a: Snorlax|0 fnt\n|faint|p2a: Snorlax\n|\n|upkeep\n|\n|t:|1700536215\n|switch|p2a: Krookodile|Krookodile, F|100\/100\n|-damage|p2a: Krookodile|94\/100|[from] Stealth Rock\n|-damage|p2a: Krookodile|82\/100|[from] Spikes\n|turn|9\n|\n|t:|1700536227\n|-singleturn|p2a: Krookodile|move: Focus Punch\n|move|p1a: Iron Valiant|Moonblast|p2a: Krookodile\n|-supereffective|p2a: Krookodile\n|-damage|p2a: Krookodile|0 fnt\n|faint|p2a: Krookodile\n|\n|upkeep\n|\n|t:|1700536234\n|switch|p2a: Hoopa|Hoopa-Unbound|100\/100\n|-damage|p2a: Hoopa|88\/100|[from] Stealth Rock\n|-damage|p2a: Hoopa|76\/100|[from] Spikes\n|turn|10\n|\n|t:|1700536245\n|move|p1a: Iron Valiant|Moonblast|p2a: Hoopa\n|-supereffective|p2a: Hoopa\n|-damage|p2a: Hoopa|2\/100\n|move|p2a: Hoopa|Hyperspace Fury|p1a: Iron Valiant\n|-resisted|p1a: Iron Valiant\n|-damage|p1a: Iron Valiant|85\/100\n|-unboost|p2a: Hoopa|def|1\n|\n|upkeep\n|turn|11\n|\n|t:|1700536257\n|-terastallize|p2a: Hoopa|Psychic\n|move|p1a: Iron Valiant|Moonblast|p2a: Hoopa\n|-damage|p2a: Hoopa|0 fnt\n|faint|p2a: Hoopa\n|\n|upkeep\n|\n|t:|1700536266\n|switch|p2a: Maushold|Maushold-Four|100\/100\n|-damage|p2a: Maushold|88\/100|[from] Stealth Rock\n|-item|p2a: Maushold|Air Balloon\n|turn|12\n|\n|t:|1700536272\n|move|p2a: Maushold|Protect|p2a: Maushold\n|-singleturn|p2a: Maushold|Protect\n|move|p1a: Iron Valiant|Aura Sphere|p2a: Maushold\n|-activate|p2a: Maushold|move: Protect\n|\n|upkeep\n|turn|13\n|\n|t:|1700536278\n|move|p1a: Iron Valiant|Aura Sphere|p2a: Maushold\n|-supereffective|p2a: Maushold\n|-damage|p2a: Maushold|0 fnt\n|-enditem|p2a: Maushold|Air Balloon\n|faint|p2a: Maushold\n|\n|upkeep\n|\n|t:|1700536284\n|switch|p2a: Kingambit|Kingambit, M|100\/100\n|-damage|p2a: Kingambit|94\/100|[from] Stealth Rock\n|-damage|p2a: Kingambit|82\/100|[from] Spikes\n|-activate|p2a: Kingambit|ability: Supreme Overlord\n|-start|p2a: Kingambit|fallen5|[silent]\n|turn|14\n|\n|t:|1700536303\n|move|p1a: Iron Valiant|Aura Sphere|p2a: Kingambit\n|-supereffective|p2a: Kingambit\n|-damage|p2a: Kingambit|0 fnt\n|faint|p2a: Kingambit\n|-end|p2a: Kingambit|fallen5|[silent]\n|\n|win|APerson5\n|raw|APerson5's rating: 1094 &rarr; <strong>1114<\/strong><br \/>(+20 for winning)\n|raw|SolarShine0603's rating: 1012 &rarr; <strong>1003<\/strong><br \/>(-9 for losing)\n","uploadtime":1700536315,"views":9,"p1id":"aperson5","p2id":"solarshine0603","formatid":"gen9ou","rating":1003,"private":0,"password":""}