{"id":"gen9ou-1990647708","p1":"GeorgiaEternatuss","p2":"Wetcroutons","format":"[Gen 9] OU","log":"|j|\u2606GeorgiaEternatuss\n|j|\u2606Wetcroutons\n|t:|1699988540\n|gametype|singles\n|player|p1|GeorgiaEternatuss|steven|1321\n|player|p2|Wetcroutons|266|1215\n|teamsize|p1|6\n|teamsize|p2|6\n|gen|9\n|tier|[Gen 9] OU\n|rated|\n|rule|Sleep Clause Mod: Limit one foe put to sleep\n|rule|Species Clause: Limit one of each Pok\u00e9mon\n|rule|OHKO Clause: OHKO moves are banned\n|rule|Evasion Items Clause: Evasion items are banned\n|rule|Evasion Moves Clause: Evasion moves are banned\n|rule|Endless Battle Clause: Forcing endless battles is banned\n|rule|HP Percentage Mod: HP is shown in percentages\n|clearpoke\n|poke|p1|Goodra-Hisui, M|\n|poke|p1|Garchomp, F|\n|poke|p1|Dragonite, M|\n|poke|p1|Iron Valiant|\n|poke|p1|Gholdengo|\n|poke|p1|Ditto|\n|poke|p2|Gholdengo|\n|poke|p2|Ribombee, F|\n|poke|p2|Greninja-*, M|\n|poke|p2|Kingambit, M|\n|poke|p2|Hatterene, F|\n|poke|p2|Dragonite, F|\n|teampreview\n|inactive|Battle timer is ON: inactive players will automatically lose when time's up. (requested by Wetcroutons)\n|\n|t:|1699988555\n|start\n|switch|p1a: Gholdengo|Gholdengo|100\/100\n|switch|p2a: Ribombee|Ribombee, F|100\/100\n|turn|1\n|\n|t:|1699988573\n|move|p1a: Gholdengo|Trick|p2a: Ribombee\n|-activate|p1a: Gholdengo|move: Trick|[of] p2a: Ribombee\n|-item|p2a: Ribombee|Choice Scarf|[from] move: Trick\n|-item|p1a: Gholdengo|Focus Sash|[from] move: Trick\n|move|p2a: Ribombee|Sticky Web|p1a: Gholdengo\n|-sidestart|p1: GeorgiaEternatuss|move: Sticky Web\n|\n|upkeep\n|turn|2\n|\n|t:|1699988586\n|switch|p2a: Dragonite|Dragonite, F|100\/100\n|move|p1a: Gholdengo|Shadow Ball|p2a: Dragonite\n|-damage|p2a: Dragonite|85\/100\n|\n|upkeep\n|turn|3\n|\n|t:|1699988597\n|move|p1a: Gholdengo|Make It Rain|p2a: Dragonite\n|-damage|p2a: Dragonite|44\/100\n|-unboost|p1a: Gholdengo|spa|1\n|move|p2a: Dragonite|Thunder Wave|p1a: Gholdengo\n|-immune|p1a: Gholdengo|[from] ability: Good as Gold\n|\n|upkeep\n|turn|4\n|\n|t:|1699988617\n|move|p1a: Gholdengo|Make It Rain|p2a: Dragonite\n|-damage|p2a: Dragonite|14\/100\n|-unboost|p1a: Gholdengo|spa|1\n|move|p2a: Dragonite|Roost|p2a: Dragonite\n|-heal|p2a: Dragonite|64\/100\n|-singleturn|p2a: Dragonite|move: Roost\n|\n|upkeep\n|turn|5\n|inactive|GeorgiaEternatuss has 120 seconds left.\n|\n|t:|1699988639\n|switch|p1a: Dragonite|Dragonite, M|100\/100\n|move|p2a: Dragonite|Roost|p2a: Dragonite\n|-heal|p2a: Dragonite|100\/100\n|-singleturn|p2a: Dragonite|move: Roost\n|\n|upkeep\n|turn|6\n|inactive|GeorgiaEternatuss has 120 seconds left.\n|\n|t:|1699988651\n|move|p1a: Dragonite|Dragon Dance|p1a: Dragonite\n|-boost|p1a: Dragonite|atk|1\n|-boost|p1a: Dragonite|spe|1\n|move|p2a: Dragonite|Thunder Wave|p1a: Dragonite|[miss]\n|-miss|p2a: Dragonite|p1a: Dragonite\n|\n|upkeep\n|turn|7\n|\n|t:|1699988659\n|move|p1a: Dragonite|Dragon Dance|p1a: Dragonite\n|-boost|p1a: Dragonite|atk|1\n|-boost|p1a: Dragonite|spe|1\n|move|p2a: Dragonite|Thunder Wave|p1a: Dragonite\n|-status|p1a: Dragonite|par\n|\n|upkeep\n|turn|8\n|\n|t:|1699988671\n|cant|p1a: Dragonite|par\n|move|p2a: Dragonite|Encore|p1a: Dragonite\n|-start|p1a: Dragonite|Encore\n|\n|upkeep\n|turn|9\n|\n|t:|1699988677\n|switch|p2a: Hatterene|Hatterene, F|100\/100\n|move|p1a: Dragonite|Dragon Dance|p1a: Dragonite\n|-boost|p1a: Dragonite|atk|1\n|-boost|p1a: Dragonite|spe|1\n|\n|upkeep\n|turn|10\n|\n|t:|1699988685\n|switch|p1a: Gholdengo|Gholdengo|100\/100\n|-activate|p1a: Gholdengo|move: Sticky Web\n|-unboost|p1a: Gholdengo|spe|1\n|move|p2a: Hatterene|Draining Kiss|p1a: Gholdengo\n|-resisted|p1a: Gholdengo\n|-damage|p1a: Gholdengo|85\/100\n|\n|upkeep\n|turn|11\n|\n|t:|1699988702\n|switch|p2a: Dragonite|Dragonite, F|100\/100\n|move|p1a: Gholdengo|Shadow Ball|p2a: Dragonite\n|-damage|p2a: Dragonite|86\/100\n|\n|upkeep\n|turn|12\n|\n|t:|1699988709\n|move|p2a: Dragonite|Encore|p1a: Gholdengo\n|-immune|p1a: Gholdengo|[from] ability: Good as Gold\n|move|p1a: Gholdengo|Shadow Ball|p2a: Dragonite\n|-damage|p2a: Dragonite|59\/100\n|\n|upkeep\n|turn|13\n|\n|t:|1699988716\n|move|p2a: Dragonite|Roost|p2a: Dragonite\n|-heal|p2a: Dragonite|100\/100\n|-singleturn|p2a: Dragonite|move: Roost\n|move|p1a: Gholdengo|Shadow Ball|p2a: Dragonite\n|-damage|p2a: Dragonite|87\/100\n|\n|upkeep\n|turn|14\n|\n|t:|1699988724\n|switch|p2a: Greninja|Greninja, M|100\/100\n|move|p1a: Gholdengo|Shadow Ball|p2a: Greninja\n|-resisted|p2a: Greninja\n|-damage|p2a: Greninja|68\/100\n|\n|upkeep\n|turn|15\n|\n|t:|1699988732\n|-terastallize|p1a: Gholdengo|Fighting\n|move|p2a: Greninja|Surf|p1a: Gholdengo\n|-start|p2a: Greninja|typechange|Water|[from] ability: Protean\n|-damage|p1a: Gholdengo|14\/100\n|move|p1a: Gholdengo|Focus Blast|p2a: Greninja\n|-damage|p2a: Greninja|0 fnt\n|faint|p2a: Greninja\n|\n|upkeep\n|\n|t:|1699988742\n|switch|p2a: Dragonite|Dragonite, F|87\/100\n|turn|16\n|\n|t:|1699988748\n|move|p2a: Dragonite|Extreme Speed|p1a: Gholdengo\n|-damage|p1a: Gholdengo|0 fnt\n|faint|p1a: Gholdengo\n|\n|upkeep\n|\n|t:|1699988765\n|switch|p1a: Garchomp|Garchomp, F|100\/100\n|-activate|p1a: Garchomp|move: Sticky Web\n|-unboost|p1a: Garchomp|spe|1\n|turn|17\n|\n|t:|1699988776\n|switch|p2a: Hatterene|Hatterene, F|100\/100\n|move|p1a: Garchomp|Dragon Tail|p2a: Hatterene\n|-immune|p2a: Hatterene\n|\n|upkeep\n|turn|18\n|\n|t:|1699988783\n|move|p1a: Garchomp|Earth Power|p2a: Hatterene\n|-damage|p2a: Hatterene|76\/100\n|move|p2a: Hatterene|Draining Kiss|p1a: Garchomp\n|-supereffective|p1a: Garchomp\n|-damage|p1a: Garchomp|53\/100\n|-heal|p2a: Hatterene|100\/100|[from] drain|[of] p1a: Garchomp\n|-damage|p2a: Hatterene|88\/100|[from] ability: Rough Skin|[of] p1a: Garchomp\n|-damage|p2a: Hatterene|72\/100|[from] item: Rocky Helmet|[of] p1a: Garchomp\n|\n|-heal|p2a: Hatterene|78\/100|[from] item: Leftovers\n|upkeep\n|turn|19\n|\n|t:|1699988797\n|switch|p1a: Goodra|Goodra-Hisui, M|100\/100\n|-activate|p1a: Goodra|move: Sticky Web\n|-unboost|p1a: Goodra|spe|1\n|move|p2a: Hatterene|Draining Kiss|p1a: Goodra\n|-damage|p1a: Goodra|86\/100\n|-heal|p2a: Hatterene|88\/100|[from] drain|[of] p1a: Goodra\n|\n|-heal|p2a: Hatterene|94\/100|[from] item: Leftovers\n|upkeep\n|turn|20\n|\n|t:|1699988812\n|move|p1a: Goodra|Fire Blast|p2a: Hatterene\n|-damage|p2a: Hatterene|62\/100\n|move|p2a: Hatterene|Nuzzle|p1a: Goodra\n|-resisted|p1a: Goodra\n|-damage|p1a: Goodra|84\/100\n|-status|p1a: Goodra|par\n|\n|-heal|p2a: Hatterene|67\/100|[from] item: Leftovers\n|upkeep\n|turn|21\n|\n|t:|1699988826\n|move|p2a: Hatterene|Mystical Fire|p1a: Goodra\n|-damage|p1a: Goodra|68\/100 par\n|-unboost|p1a: Goodra|spa|1\n|cant|p1a: Goodra|par\n|\n|-heal|p2a: Hatterene|73\/100|[from] item: Leftovers\n|upkeep\n|turn|22\n|\n|t:|1699988842\n|switch|p1a: Ditto|Ditto|100\/100\n|-activate|p1a: Ditto|move: Sticky Web\n|-unboost|p1a: Ditto|spe|1\n|-transform|p1a: Ditto|p2a: Hatterene|[from] ability: Imposter\n|move|p2a: Hatterene|Draining Kiss|p1a: Ditto\n|-damage|p1a: Ditto|73\/100\n|-heal|p2a: Hatterene|93\/100|[from] drain|[of] p1a: Ditto\n|\n|-heal|p2a: Hatterene|99\/100|[from] item: Leftovers\n|upkeep\n|turn|23\n|\n|t:|1699988866\n|switch|p2a: Gholdengo|Gholdengo|100\/100\n|-item|p2a: Gholdengo|Air Balloon\n|move|p1a: Ditto|Nuzzle|p2a: Gholdengo\n|-damage|p2a: Gholdengo|96\/100\n|-status|p2a: Gholdengo|par\n|-enditem|p2a: Gholdengo|Air Balloon\n|\n|upkeep\n|turn|24\n|l|\u2606Wetcroutons\n|inactive|Wetcroutons disconnected and has a minute to reconnect!\n|player|p2|\n|j|\u2606Wetcroutons\n|inactive|Wetcroutons reconnected and has 115 seconds left.\n|player|p2|Wetcroutons|266\n|\n|t:|1699988903\n|switch|p1a: Goodra|Goodra-Hisui, M|68\/100 par\n|-activate|p1a: Goodra|move: Sticky Web\n|-unboost|p1a: Goodra|spe|1\n|move|p2a: Gholdengo|Shadow Ball|p1a: Goodra\n|-damage|p1a: Goodra|46\/100 par\n|\n|upkeep\n|turn|25\n|inactive|Wetcroutons has 120 seconds left.\n|inactive|GeorgiaEternatuss has 120 seconds left.\n|\n|t:|1699988919\n|move|p2a: Gholdengo|Focus Blast|p1a: Goodra\n|-supereffective|p1a: Goodra\n|-damage|p1a: Goodra|4\/100 par\n|move|p1a: Goodra|Fire Blast|p2a: Gholdengo|[miss]\n|-miss|p1a: Goodra|p2a: Gholdengo\n|\n|upkeep\n|turn|26\n|inactive|GeorgiaEternatuss has 120 seconds left.\n|\n|t:|1699988937\n|move|p2a: Gholdengo|Shadow Ball|p1a: Goodra\n|-damage|p1a: Goodra|0 fnt\n|faint|p1a: Goodra\n|\n|upkeep\n|l|\u2606Wetcroutons\n|inactive|Wetcroutons disconnected and has a minute to reconnect!\n|player|p2|\n|j|\u2606Wetcroutons\n|inactive|Wetcroutons reconnected.\n|player|p2|Wetcroutons|266\n|\n|t:|1699988951\n|switch|p1a: Dragonite|Dragonite, M|100\/100 par\n|turn|27\n|\n|t:|1699988956\n|cant|p2a: Gholdengo|par\n|move|p1a: Dragonite|Dragon Dance|p1a: Dragonite\n|-boost|p1a: Dragonite|atk|1\n|-boost|p1a: Dragonite|spe|1\n|\n|upkeep\n|turn|28\n|\n|t:|1699988965\n|switch|p2a: Dragonite|Dragonite, F|87\/100\n|move|p1a: Dragonite|Dragon Dance|p1a: Dragonite\n|-boost|p1a: Dragonite|atk|1\n|-boost|p1a: Dragonite|spe|1\n|\n|upkeep\n|turn|29\n|\n|t:|1699988972\n|cant|p1a: Dragonite|par\n|move|p2a: Dragonite|Encore|p1a: Dragonite\n|-start|p1a: Dragonite|Encore\n|\n|upkeep\n|turn|30\n|\n|t:|1699988978\n|switch|p1a: Garchomp|Garchomp, F|53\/100\n|-activate|p1a: Garchomp|move: Sticky Web\n|-unboost|p1a: Garchomp|spe|1\n|move|p2a: Dragonite|Extreme Speed|p1a: Garchomp\n|-damage|p1a: Garchomp|32\/100\n|-damage|p2a: Dragonite|74\/100|[from] ability: Rough Skin|[of] p1a: Garchomp\n|-damage|p2a: Dragonite|58\/100|[from] item: Rocky Helmet|[of] p1a: Garchomp\n|\n|upkeep\n|turn|31\n|\n|t:|1699988993\n|move|p2a: Dragonite|Roost|p2a: Dragonite\n|-heal|p2a: Dragonite|100\/100\n|-singleturn|p2a: Dragonite|move: Roost\n|move|p1a: Garchomp|Dragon Tail|p2a: Dragonite\n|-supereffective|p2a: Dragonite\n|-damage|p2a: Dragonite|76\/100\n|drag|p2a: Hatterene|Hatterene, F|99\/100\n|\n|-heal|p2a: Hatterene|100\/100|[from] item: Leftovers\n|upkeep\n|turn|32\n|\n|t:|1699989006\n|move|p1a: Garchomp|Earth Power|p2a: Hatterene\n|-damage|p2a: Hatterene|76\/100\n|move|p2a: Hatterene|Draining Kiss|p1a: Garchomp\n|-supereffective|p1a: Garchomp\n|-damage|p1a: Garchomp|0 fnt\n|-heal|p2a: Hatterene|100\/100|[from] drain|[of] p1a: Garchomp\n|-damage|p2a: Hatterene|88\/100|[from] ability: Rough Skin|[of] p1a: Garchomp\n|-damage|p2a: Hatterene|72\/100|[from] item: Rocky Helmet|[of] p1a: Garchomp\n|faint|p1a: Garchomp\n|\n|-heal|p2a: Hatterene|78\/100|[from] item: Leftovers\n|upkeep\n|\n|t:|1699989024\n|switch|p1a: Dragonite|Dragonite, M|100\/100 par\n|turn|33\n|\n|t:|1699989029\n|cant|p1a: Dragonite|par\n|move|p2a: Hatterene|Draining Kiss|p1a: Dragonite\n|-supereffective|p1a: Dragonite\n|-damage|p1a: Dragonite|70\/100 par\n|-heal|p2a: Hatterene|100\/100|[from] drain|[of] p1a: Dragonite\n|\n|upkeep\n|turn|34\n|\n|t:|1699989038\n|cant|p1a: Dragonite|par\n|move|p2a: Hatterene|Draining Kiss|p1a: Dragonite\n|-supereffective|p1a: Dragonite\n|-damage|p1a: Dragonite|14\/100 par\n|\n|upkeep\n|turn|35\n|\n|t:|1699989046\n|cant|p1a: Dragonite|par\n|move|p2a: Hatterene|Draining Kiss|p1a: Dragonite\n|-supereffective|p1a: Dragonite\n|-damage|p1a: Dragonite|0 fnt\n|faint|p1a: Dragonite\n|\n|upkeep\n|-message|GeorgiaEternatuss forfeited.\n|\n|win|Wetcroutons\n|raw|GeorgiaEternatuss's rating: 1321 &rarr; <strong>1295<\/strong><br \/>(-26 for losing)\n|raw|Wetcroutons's rating: 1215 &rarr; <strong>1247<\/strong><br \/>(+32 for winning)\n|l|\u2606GeorgiaEternatuss\n|l|\u2606Wetcroutons\n|j|\u2606Wetcroutons\n|player|p2|Wetcroutons|266\n","uploadtime":1699989079,"views":14,"p1id":"georgiaeternatuss","p2id":"wetcroutons","formatid":"gen9ou","rating":1247,"private":0,"password":""}