{"id":"gen9ou-1994301317","p1":"Stormiidaniels","p2":"p33zer","format":"[Gen 9] OU","log":"|j|\u2606Stormiidaniels\n|j|\u2606p33zer\n|t:|1700428732\n|gametype|singles\n|player|p1|Stormiidaniels|beauty-gen4dp|1106\n|player|p2|p33zer|102|1189\n|teamsize|p1|6\n|teamsize|p2|6\n|gen|9\n|tier|[Gen 9] OU\n|rated|\n|rule|Sleep Clause Mod: Limit one foe put to sleep\n|rule|Species Clause: Limit one of each Pok\u00e9mon\n|rule|OHKO Clause: OHKO moves are banned\n|rule|Evasion Items Clause: Evasion items are banned\n|rule|Evasion Moves Clause: Evasion moves are banned\n|rule|Endless Battle Clause: Forcing endless battles is banned\n|rule|HP Percentage Mod: HP is shown in percentages\n|clearpoke\n|poke|p1|Quaquaval, M|\n|poke|p1|Dragonite, M|\n|poke|p1|Cinderace, M|\n|poke|p1|Meowscarada, M|\n|poke|p1|Jolteon, F|\n|poke|p1|Gardevoir, F|\n|poke|p2|Ribombee, F|\n|poke|p2|Ogerpon-Cornerstone, F|\n|poke|p2|Landorus-Therian, M|\n|poke|p2|Enamorus, F|\n|poke|p2|Forretress, F|\n|poke|p2|Toxapex, F|\n|teampreview\n|inactive|Battle timer is ON: inactive players will automatically lose when time's up. (requested by p33zer)\n|\n|t:|1700428755\n|start\n|switch|p1a: Meowscarada|Meowscarada, M, shiny|100\/100\n|switch|p2a: Ribombee|Ribombee, F|100\/100\n|turn|1\n|\n|t:|1700428767\n|move|p2a: Ribombee|Sticky Web|p1a: Meowscarada\n|-sidestart|p1: Stormiidaniels|move: Sticky Web\n|move|p1a: Meowscarada|U-turn|p2a: Ribombee\n|-start|p1a: Meowscarada|typechange|Bug|[from] ability: Protean\n|-resisted|p2a: Ribombee\n|-damage|p2a: Ribombee|65\/100\n|\n|t:|1700428778\n|switch|p1a: Jolteon|Jolteon, F|100\/100|[from] U-turn\n|-activate|p1a: Jolteon|move: Sticky Web\n|-unboost|p1a: Jolteon|spe|1\n|\n|upkeep\n|turn|2\n|\n|t:|1700428786\n|move|p2a: Ribombee|Moonblast|p1a: Jolteon\n|-damage|p1a: Jolteon|55\/100\n|move|p1a: Jolteon|Thunder Wave|p2a: Ribombee\n|-status|p2a: Ribombee|par\n|\n|upkeep\n|turn|3\n|\n|t:|1700428795\n|move|p1a: Jolteon|Shadow Ball|p2a: Ribombee\n|-damage|p2a: Ribombee|30\/100 par\n|move|p2a: Ribombee|Moonblast|p1a: Jolteon\n|-damage|p1a: Jolteon|8\/100\n|-unboost|p1a: Jolteon|spa|1\n|\n|upkeep\n|turn|4\n|\n|t:|1700428803\n|move|p1a: Jolteon|Thunderbolt|p2a: Ribombee\n|-damage|p2a: Ribombee|0 fnt\n|faint|p2a: Ribombee\n|\n|upkeep\n|\n|t:|1700428812\n|switch|p2a: Landorus|Landorus-Therian, M|100\/100\n|-ability|p2a: Landorus|Intimidate|boost\n|-unboost|p1a: Jolteon|atk|1\n|turn|5\n|\n|t:|1700428816\n|move|p2a: Landorus|Substitute|p2a: Landorus\n|-start|p2a: Landorus|Substitute\n|-damage|p2a: Landorus|76\/100\n|move|p1a: Jolteon|Thunder Wave|p2a: Landorus\n|-immune|p2a: Landorus\n|\n|-heal|p2a: Landorus|82\/100|[from] item: Leftovers\n|upkeep\n|turn|6\n|\n|t:|1700428826\n|move|p2a: Landorus|Earthquake|p1a: Jolteon\n|-supereffective|p1a: Jolteon\n|-damage|p1a: Jolteon|0 fnt\n|faint|p1a: Jolteon\n|\n|-heal|p2a: Landorus|88\/100|[from] item: Leftovers\n|upkeep\n|\n|t:|1700428838\n|switch|p1a: Dragonite|Dragonite, M|100\/100\n|turn|7\n|\n|t:|1700428847\n|move|p2a: Landorus|Stone Edge|p1a: Dragonite\n|-supereffective|p1a: Dragonite\n|-damage|p1a: Dragonite|68\/100\n|-enditem|p1a: Dragonite|Weakness Policy\n|-boost|p1a: Dragonite|atk|2|[from] item: Weakness Policy\n|-boost|p1a: Dragonite|spa|2|[from] item: Weakness Policy\n|move|p1a: Dragonite|Dragon Dance|p1a: Dragonite\n|-boost|p1a: Dragonite|atk|1\n|-boost|p1a: Dragonite|spe|1\n|\n|-heal|p2a: Landorus|94\/100|[from] item: Leftovers\n|upkeep\n|turn|8\n|\n|t:|1700428859\n|move|p1a: Dragonite|Iron Head|p2a: Landorus\n|-end|p2a: Landorus|Substitute\n|move|p2a: Landorus|Stone Edge|p1a: Dragonite|[miss]\n|-miss|p2a: Landorus|p1a: Dragonite\n|\n|-heal|p2a: Landorus|99\/100|[from] item: Leftovers\n|upkeep\n|turn|9\n|\n|t:|1700428871\n|move|p1a: Dragonite|Outrage|p2a: Landorus\n|-damage|p2a: Landorus|0 fnt\n|faint|p2a: Landorus\n|\n|upkeep\n|\n|t:|1700428874\n|switch|p2a: Enamorus|Enamorus, F|100\/100\n|turn|10\n|\n|t:|1700428881\n|move|p1a: Dragonite|Outrage|p2a: Enamorus|[from]lockedmove\n|-immune|p2a: Enamorus\n|-start|p1a: Dragonite|confusion|[fatigue]\n|move|p2a: Enamorus|Moonblast|p1a: Dragonite\n|-supereffective|p1a: Dragonite\n|-damage|p1a: Dragonite|0 fnt\n|faint|p1a: Dragonite\n|\n|upkeep\n|\n|t:|1700428902\n|switch|p1a: Cinderace|Cinderace, M|100\/100\n|-activate|p1a: Cinderace|move: Sticky Web\n|-unboost|p1a: Cinderace|spe|1\n|turn|11\n|\n|t:|1700428914\n|switch|p2a: Toxapex|Toxapex, F|100\/100\n|move|p1a: Cinderace|Pyro Ball|p2a: Toxapex\n|-resisted|p2a: Toxapex\n|-damage|p2a: Toxapex|79\/100\n|\n|upkeep\n|turn|12\n|\n|t:|1700428926\n|move|p1a: Cinderace|Pyro Ball|p2a: Toxapex\n|-resisted|p2a: Toxapex\n|-damage|p2a: Toxapex|58\/100\n|-status|p2a: Toxapex|brn\n|move|p2a: Toxapex|Infestation|p1a: Cinderace\n|-resisted|p1a: Cinderace\n|-damage|p1a: Cinderace|97\/100\n|-activate|p1a: Cinderace|move: Infestation|[of] p2a: Toxapex\n|\n|-damage|p2a: Toxapex|52\/100 brn|[from] brn\n|-damage|p1a: Cinderace|85\/100|[from] move: Infestation|[partiallytrapped]\n|upkeep\n|turn|13\n|inactive|Stormiidaniels has 120 seconds left.\n|\n|t:|1700428964\n|move|p1a: Cinderace|Pyro Ball|p2a: Toxapex\n|-resisted|p2a: Toxapex\n|-damage|p2a: Toxapex|33\/100 brn\n|move|p2a: Toxapex|Surf|p1a: Cinderace\n|-supereffective|p1a: Cinderace\n|-damage|p1a: Cinderace|18\/100\n|-enditem|p1a: Cinderace|Figy Berry|[eat]\n|-heal|p1a: Cinderace|51\/100|[from] item: Figy Berry\n|\n|-damage|p2a: Toxapex|27\/100 brn|[from] brn\n|-damage|p1a: Cinderace|39\/100|[from] move: Infestation|[partiallytrapped]\n|upkeep\n|turn|14\n|\n|t:|1700428976\n|move|p1a: Cinderace|Sucker Punch|p2a: Toxapex\n|-start|p1a: Cinderace|typechange|Dark|[from] ability: Libero\n|-damage|p2a: Toxapex|4\/100 brn\n|move|p2a: Toxapex|Surf|p1a: Cinderace\n|-damage|p1a: Cinderace|2\/100\n|\n|-damage|p2a: Toxapex|0 fnt|[from] brn\n|faint|p2a: Toxapex\n|-end|p1a: Cinderace|Infestation|[partiallytrapped]|[silent]\n|upkeep\n|\n|t:|1700428984\n|switch|p2a: Ogerpon|Ogerpon-Cornerstone, F|100\/100\n|turn|15\n|\n|t:|1700428992\n|move|p1a: Cinderace|Sucker Punch|p2a: Ogerpon\n|-damage|p2a: Ogerpon|64\/100\n|move|p2a: Ogerpon|Knock Off|p1a: Cinderace\n|-resisted|p1a: Cinderace\n|-damage|p1a: Cinderace|0 fnt\n|faint|p1a: Cinderace\n|\n|upkeep\n|\n|t:|1700429011\n|switch|p1a: Meowscarada|Meowscarada, M, shiny|100\/100\n|-activate|p1a: Meowscarada|move: Sticky Web\n|-unboost|p1a: Meowscarada|spe|1\n|turn|16\n|\n|t:|1700429029\n|switch|p2a: Forretress|Forretress, F|100\/100\n|move|p1a: Meowscarada|Flower Trick|p2a: Forretress\n|-start|p1a: Meowscarada|typechange|Grass|[from] ability: Protean\n|-resisted|p2a: Forretress\n|-crit|p2a: Forretress\n|-damage|p2a: Forretress|94\/100\n|\n|-heal|p2a: Forretress|99\/100|[from] item: Leftovers\n|upkeep\n|turn|17\n|\n|t:|1700429044\n|move|p1a: Meowscarada|U-turn|p2a: Forretress\n|-resisted|p2a: Forretress\n|-damage|p2a: Forretress|94\/100\n|\n|t:|1700429049\n|switch|p1a: Quaquaval|Quaquaval, M, shiny|100\/100|[from] U-turn\n|-activate|p1a: Quaquaval|move: Sticky Web\n|-unboost|p1a: Quaquaval|spe|1\n|-enditem|p1a: Quaquaval|White Herb\n|-clearnegativeboost|p1a: Quaquaval|[silent]\n|move|p2a: Forretress|Spikes|p1a: Quaquaval\n|-sidestart|p1: Stormiidaniels|Spikes\n|\n|-heal|p2a: Forretress|99\/100|[from] item: Leftovers\n|upkeep\n|turn|18\n|\n|t:|1700429067\n|-terastallize|p1a: Quaquaval|Water\n|move|p1a: Quaquaval|Bulk Up|p1a: Quaquaval\n|-boost|p1a: Quaquaval|atk|1\n|-boost|p1a: Quaquaval|def|1\n|move|p2a: Forretress|Spikes|p1a: Quaquaval\n|-sidestart|p1: Stormiidaniels|Spikes\n|\n|-heal|p2a: Forretress|100\/100|[from] item: Leftovers\n|upkeep\n|turn|19\n|\n|t:|1700429077\n|move|p1a: Quaquaval|Bulk Up|p1a: Quaquaval\n|-boost|p1a: Quaquaval|atk|1\n|-boost|p1a: Quaquaval|def|1\n|move|p2a: Forretress|Body Press|p1a: Quaquaval\n|-damage|p1a: Quaquaval|83\/100\n|\n|upkeep\n|turn|20\n|\n|t:|1700429086\n|move|p1a: Quaquaval|Bulk Up|p1a: Quaquaval\n|-boost|p1a: Quaquaval|atk|1\n|-boost|p1a: Quaquaval|def|1\n|move|p2a: Forretress|Body Press|p1a: Quaquaval\n|-damage|p1a: Quaquaval|69\/100\n|\n|upkeep\n|turn|21\n|\n|t:|1700429097\n|move|p1a: Quaquaval|Aqua Step|p2a: Forretress\n|-damage|p2a: Forretress|36\/100\n|-boost|p1a: Quaquaval|spe|1\n|move|p2a: Forretress|Gyro Ball|p1a: Quaquaval\n|-resisted|p1a: Quaquaval\n|-damage|p1a: Quaquaval|59\/100\n|\n|-heal|p2a: Forretress|42\/100|[from] item: Leftovers\n|upkeep\n|turn|22\n|\n|t:|1700429108\n|move|p1a: Quaquaval|Aqua Step|p2a: Forretress\n|-damage|p2a: Forretress|0 fnt\n|-boost|p1a: Quaquaval|spe|1\n|faint|p2a: Forretress\n|-ability|p1a: Quaquaval|Moxie|boost\n|-boost|p1a: Quaquaval|atk|1\n|\n|upkeep\n|\n|t:|1700429116\n|switch|p2a: Ogerpon|Ogerpon-Cornerstone, F|64\/100\n|turn|23\n|\n|t:|1700429123\n|move|p1a: Quaquaval|Close Combat|p2a: Ogerpon\n|-supereffective|p2a: Ogerpon\n|-damage|p2a: Ogerpon|0 fnt\n|-unboost|p1a: Quaquaval|def|1\n|-unboost|p1a: Quaquaval|spd|1\n|faint|p2a: Ogerpon\n|-ability|p1a: Quaquaval|Moxie|boost\n|-boost|p1a: Quaquaval|atk|1\n|\n|upkeep\n|\n|t:|1700429126\n|switch|p2a: Enamorus|Enamorus, F|100\/100\n|turn|24\n|inactive|Stormiidaniels has 120 seconds left.\n|\n|t:|1700429138\n|move|p1a: Quaquaval|Aqua Step|p2a: Enamorus\n|-damage|p2a: Enamorus|0 fnt\n|-boost|p1a: Quaquaval|spe|1\n|faint|p2a: Enamorus\n|\n|win|Stormiidaniels\n|raw|Stormiidaniels's rating: 1106 &rarr; <strong>1137<\/strong><br \/>(+31 for winning)\n|raw|p33zer's rating: 1189 &rarr; <strong>1158<\/strong><br \/>(-31 for losing)\n|l|\u2606p33zer\n","uploadtime":1700429150,"views":13,"p1id":"stormiidaniels","p2id":"p33zer","formatid":"gen9ou","rating":1137,"private":0,"password":""}