{"id":"gen9ou-1992392838","p1":"pokemongotyr","p2":"ILoveSussy","format":"[Gen 9] OU","log":"|j|\u2606pokemongotyr\n|j|\u2606ILoveSussy\n|t:|1700182316\n|gametype|singles\n|player|p1|pokemongotyr|hilbert-wonderlauncher|1119\n|player|p2|ILoveSussy|266|1201\n|teamsize|p1|6\n|teamsize|p2|6\n|gen|9\n|tier|[Gen 9] OU\n|rated|\n|rule|Sleep Clause Mod: Limit one foe put to sleep\n|rule|Species Clause: Limit one of each Pok\u00e9mon\n|rule|OHKO Clause: OHKO moves are banned\n|rule|Evasion Items Clause: Evasion items are banned\n|rule|Evasion Moves Clause: Evasion moves are banned\n|rule|Endless Battle Clause: Forcing endless battles is banned\n|rule|HP Percentage Mod: HP is shown in percentages\n|clearpoke\n|poke|p1|Ursaluna, F|\n|poke|p1|Alomomola, M|\n|poke|p1|Dragapult, F|\n|poke|p1|Ogerpon-Wellspring, F|\n|poke|p1|Corviknight, M|\n|poke|p1|Iron Treads|\n|poke|p2|Gholdengo|\n|poke|p2|Kingambit, M|\n|poke|p2|Ogerpon-Wellspring, F|\n|poke|p2|Meowscarada, M|\n|poke|p2|Iron Moth|\n|poke|p2|Landorus-Therian, M|\n|teampreview\n|\n|t:|1700182351\n|start\n|switch|p1a: Alomomola|Alomomola, M|100\/100\n|switch|p2a: Landorus|Landorus-Therian, M|100\/100\n|-ability|p2a: Landorus|Intimidate|boost\n|-unboost|p1a: Alomomola|atk|1\n|turn|1\n|\n|t:|1700182361\n|move|p1a: Alomomola|Protect|p1a: Alomomola\n|-singleturn|p1a: Alomomola|Protect\n|move|p2a: Landorus|Taunt|p1a: Alomomola\n|-activate|p1a: Alomomola|move: Protect\n|\n|upkeep\n|turn|2\n|\n|t:|1700182369\n|move|p2a: Landorus|Taunt|p1a: Alomomola\n|-start|p1a: Alomomola|move: Taunt\n|move|p1a: Alomomola|Scald|p2a: Landorus\n|-supereffective|p2a: Landorus\n|-damage|p2a: Landorus|65\/100\n|-status|p2a: Landorus|brn\n|\n|-heal|p2a: Landorus|71\/100 brn|[from] item: Leftovers\n|-damage|p2a: Landorus|65\/100 brn|[from] brn\n|upkeep\n|turn|3\n|\n|t:|1700182384\n|move|p2a: Landorus|U-turn|p1a: Alomomola\n|-damage|p1a: Alomomola|93\/100\n|-damage|p2a: Landorus|48\/100 brn|[from] item: Rocky Helmet|[of] p1a: Alomomola\n|\n|t:|1700182392\n|switch|p2a: Ogerpon|Ogerpon-Wellspring, F|100\/100|[from] U-turn\n|move|p1a: Alomomola|Flip Turn|p2a: Ogerpon\n|-immune|p2a: Ogerpon|[from] ability: Water Absorb\n|\n|upkeep\n|turn|4\n|\n|t:|1700182409\n|switch|p1a: Corviknight|Corviknight, M|100\/100\n|-ability|p1a: Corviknight|Pressure\n|move|p2a: Ogerpon|Swords Dance|p2a: Ogerpon\n|-boost|p2a: Ogerpon|atk|2\n|\n|upkeep\n|turn|5\n|\n|t:|1700182419\n|move|p2a: Ogerpon|Spiky Shield|p2a: Ogerpon\n|-singleturn|p2a: Ogerpon|move: Protect\n|move|p1a: Corviknight|Brave Bird|p2a: Ogerpon\n|-activate|p2a: Ogerpon|move: Protect\n|-damage|p1a: Corviknight|88\/100|[from] Spiky Shield|[of] p2a: Ogerpon\n|\n|-heal|p1a: Corviknight|94\/100|[from] item: Leftovers\n|upkeep\n|turn|6\n|\n|t:|1700182431\n|move|p2a: Ogerpon|Ivy Cudgel|p1a: Corviknight|[anim] Ivy Cudgel Water\n|-damage|p1a: Corviknight|21\/100\n|move|p1a: Corviknight|Brave Bird|p2a: Ogerpon\n|-supereffective|p2a: Ogerpon\n|-damage|p2a: Ogerpon|2\/100\n|-damage|p1a: Corviknight|0 fnt|[from] Recoil\n|faint|p1a: Corviknight\n|\n|upkeep\n|\n|t:|1700182443\n|switch|p1a: Dragapult|Dragapult, F|100\/100\n|turn|7\n|\n|t:|1700182447\n|move|p2a: Ogerpon|Spiky Shield|p2a: Ogerpon\n|-singleturn|p2a: Ogerpon|move: Protect\n|move|p1a: Dragapult|U-turn|p2a: Ogerpon\n|-activate|p2a: Ogerpon|move: Protect\n|-damage|p1a: Dragapult|88\/100|[from] Spiky Shield|[of] p2a: Ogerpon\n|\n|upkeep\n|turn|8\n|\n|t:|1700182474\n|switch|p2a: Landorus|Landorus-Therian, M|48\/100 brn\n|-ability|p2a: Landorus|Intimidate|boost\n|-fail|p1a: Dragapult|unboost|[from] ability: Clear Body|[of] p1a: Dragapult\n|move|p1a: Dragapult|U-turn|p2a: Landorus\n|-resisted|p2a: Landorus\n|-damage|p2a: Landorus|29\/100 brn\n|\n|t:|1700182483\n|switch|p1a: Ogerpon|Ogerpon-Wellspring, F|100\/100|[from] U-turn\n|\n|-heal|p2a: Landorus|35\/100 brn|[from] item: Leftovers\n|-damage|p2a: Landorus|29\/100 brn|[from] brn\n|upkeep\n|turn|9\n|\n|t:|1700182495\n|move|p1a: Ogerpon|Ivy Cudgel|p2a: Landorus|[anim] Ivy Cudgel Water\n|-supereffective|p2a: Landorus\n|-damage|p2a: Landorus|0 fnt\n|faint|p2a: Landorus\n|\n|upkeep\n|\n|t:|1700182506\n|switch|p2a: Ogerpon|Ogerpon-Wellspring, F|2\/100\n|turn|10\n|\n|t:|1700182519\n|move|p2a: Ogerpon|Horn Leech|p1a: Ogerpon\n|-damage|p1a: Ogerpon|44\/100\n|-heal|p2a: Ogerpon|31\/100|[from] drain|[of] p1a: Ogerpon\n|move|p1a: Ogerpon|Horn Leech|p2a: Ogerpon\n|-damage|p2a: Ogerpon|0 fnt\n|-heal|p1a: Ogerpon|59\/100|[from] drain|[of] p2a: Ogerpon\n|faint|p2a: Ogerpon\n|\n|upkeep\n|\n|t:|1700182533\n|switch|p2a: Gholdengo|Gholdengo|100\/100\n|turn|11\n|\n|t:|1700182538\n|move|p2a: Gholdengo|Make It Rain|p1a: Ogerpon\n|-resisted|p1a: Ogerpon\n|-damage|p1a: Ogerpon|23\/100\n|-unboost|p2a: Gholdengo|spa|1\n|move|p1a: Ogerpon|Ivy Cudgel|p2a: Gholdengo|[anim] Ivy Cudgel Water\n|-damage|p2a: Gholdengo|33\/100\n|\n|upkeep\n|turn|12\n|\n|t:|1700182557\n|move|p2a: Gholdengo|Make It Rain|p1a: Ogerpon\n|-resisted|p1a: Ogerpon\n|-damage|p1a: Ogerpon|0 fnt\n|-unboost|p2a: Gholdengo|spa|1\n|faint|p1a: Ogerpon\n|\n|upkeep\n|\n|t:|1700182566\n|switch|p1a: Ursaluna|Ursaluna, F|100\/100\n|turn|13\n|\n|t:|1700182572\n|switch|p2a: Meowscarada|Meowscarada, M|100\/100\n|move|p1a: Ursaluna|Earthquake|p2a: Meowscarada\n|-resisted|p2a: Meowscarada\n|-damage|p2a: Meowscarada|53\/100\n|\n|-status|p1a: Ursaluna|brn|[from] item: Flame Orb\n|upkeep\n|turn|14\n|\n|t:|1700182585\n|-terastallize|p1a: Ursaluna|Normal\n|move|p2a: Meowscarada|Flower Trick|p1a: Ursaluna\n|-start|p2a: Meowscarada|typechange|Grass|[from] ability: Protean\n|-crit|p1a: Ursaluna\n|-damage|p1a: Ursaluna|54\/100 brn\n|-damage|p2a: Meowscarada|43\/100|[from] item: Life Orb\n|move|p1a: Ursaluna|Drain Punch|p2a: Meowscarada\n|-damage|p2a: Meowscarada|0 fnt\n|-heal|p1a: Ursaluna|67\/100 brn|[from] drain|[of] p2a: Meowscarada\n|faint|p2a: Meowscarada\n|\n|-damage|p1a: Ursaluna|61\/100 brn|[from] brn\n|upkeep\n|\n|t:|1700182603\n|switch|p2a: Gholdengo|Gholdengo|33\/100\n|turn|15\n|\n|t:|1700182623\n|move|p2a: Gholdengo|Make It Rain|p1a: Ursaluna\n|-damage|p1a: Ursaluna|7\/100 brn\n|-unboost|p2a: Gholdengo|spa|1\n|move|p1a: Ursaluna|Earthquake|p2a: Gholdengo\n|-supereffective|p2a: Gholdengo\n|-damage|p2a: Gholdengo|0 fnt\n|faint|p2a: Gholdengo\n|\n|-damage|p1a: Ursaluna|0 fnt|[from] brn\n|faint|p1a: Ursaluna\n|upkeep\n|\n|t:|1700182640\n|switch|p2a: Iron Moth|Iron Moth|100\/100\n|switch|p1a: Alomomola|Alomomola, M|100\/100\n|turn|16\n|\n|t:|1700182648\n|move|p2a: Iron Moth|Energy Ball|p1a: Alomomola\n|-supereffective|p1a: Alomomola\n|-damage|p1a: Alomomola|37\/100\n|move|p1a: Alomomola|Flip Turn|p2a: Iron Moth\n|-supereffective|p2a: Iron Moth\n|-damage|p2a: Iron Moth|50\/100\n|\n|t:|1700182660\n|switch|p1a: Dragapult|Dragapult, F|88\/100|[from] Flip Turn\n|\n|upkeep\n|turn|17\n|\n|t:|1700182743\n|move|p1a: Dragapult|Dragon Darts|p2a: Iron Moth\n|-damage|p2a: Iron Moth|0 fnt\n|faint|p2a: Iron Moth\n|-end|p2a: Iron Moth|Quark Drive|[silent]\n|\n|upkeep\n|\n|t:|1700182746\n|switch|p2a: Kingambit|Kingambit, M|100\/100\n|-activate|p2a: Kingambit|ability: Supreme Overlord\n|-start|p2a: Kingambit|fallen5|[silent]\n|turn|18\n|\n|t:|1700182756\n|-terastallize|p2a: Kingambit|Fairy\n|move|p1a: Dragapult|Dragon Darts|p2a: Kingambit\n|-immune|p2a: Kingambit\n|move|p2a: Kingambit|Swords Dance|p2a: Kingambit\n|-boost|p2a: Kingambit|atk|2\n|\n|upkeep\n|turn|19\n|\n|t:|1700182769\n|move|p1a: Dragapult|Dragon Darts|p2a: Kingambit\n|-immune|p2a: Kingambit\n|move|p2a: Kingambit|Kowtow Cleave|p1a: Dragapult\n|-supereffective|p1a: Dragapult\n|-damage|p1a: Dragapult|0 fnt\n|faint|p1a: Dragapult\n|\n|upkeep\n|-message|pokemongotyr forfeited.\n|\n|win|ILoveSussy\n|raw|pokemongotyr's rating: 1119 &rarr; <strong>1100<\/strong><br \/>(-19 for losing)\n|raw|ILoveSussy's rating: 1201 &rarr; <strong>1220<\/strong><br \/>(+19 for winning)\n|l|\u2606pokemongotyr\n","uploadtime":1700182793,"views":7,"p1id":"pokemongotyr","p2id":"ilovesussy","formatid":"gen9ou","rating":1100,"private":0,"password":""}