{"id":"gen9ou-1993211315","p1":"hex rizzo","p2":"ColonizedUsername","format":"[Gen 9] OU","log":"|j|\u2606hex rizzo\n|j|\u2606ColonizedUsername\n|t:|1700278620\n|gametype|singles\n|player|p1|hex rizzo|265|1456\n|player|p2|ColonizedUsername|brock|1367\n|teamsize|p1|6\n|teamsize|p2|6\n|gen|9\n|tier|[Gen 9] OU\n|rated|\n|rule|Sleep Clause Mod: Limit one foe put to sleep\n|rule|Species Clause: Limit one of each Pok\u00e9mon\n|rule|OHKO Clause: OHKO moves are banned\n|rule|Evasion Items Clause: Evasion items are banned\n|rule|Evasion Moves Clause: Evasion moves are banned\n|rule|Endless Battle Clause: Forcing endless battles is banned\n|rule|HP Percentage Mod: HP is shown in percentages\n|clearpoke\n|poke|p1|Samurott-Hisui, M|\n|poke|p1|Gholdengo|\n|poke|p1|Ceruledge, F|\n|poke|p1|Rillaboom, M|\n|poke|p1|Zamazenta-*|\n|poke|p1|Great Tusk|\n|poke|p2|Moltres|\n|poke|p2|Kingambit, M|\n|poke|p2|Iron Treads|\n|poke|p2|Meowscarada, F|\n|poke|p2|Rotom-Wash|\n|poke|p2|Clefable, F|\n|teampreview\n|\n|t:|1700278650\n|start\n|switch|p1a: Rillaboom|Rillaboom, M|100\/100\n|switch|p2a: Moltres|Moltres|100\/100\n|-fieldstart|move: Grassy Terrain|[from] ability: Grassy Surge|[of] p1a: Rillaboom\n|turn|1\n|\n|t:|1700278660\n|switch|p1a: Samurott|Samurott-Hisui, M, shiny|100\/100\n|move|p2a: Moltres|Flamethrower|p1a: Samurott\n|-resisted|p1a: Samurott\n|-crit|p1a: Samurott\n|-damage|p1a: Samurott|61\/100\n|\n|-heal|p1a: Samurott|67\/100|[from] Grassy Terrain\n|upkeep\n|turn|2\n|\n|t:|1700278667\n|switch|p2a: Clefable|Clefable, F|100\/100\n|move|p1a: Samurott|Ceaseless Edge|p2a: Clefable\n|-resisted|p2a: Clefable\n|-damage|p2a: Clefable|78\/100\n|-sidestart|p2: ColonizedUsername|Spikes\n|\n|-heal|p1a: Samurott|73\/100|[from] Grassy Terrain\n|-heal|p2a: Clefable|85\/100|[from] Grassy Terrain\n|-heal|p2a: Clefable|91\/100|[from] item: Leftovers\n|upkeep\n|turn|3\n|\n|t:|1700278689\n|switch|p1a: Ceruledge|Ceruledge, F|100\/100\n|switch|p2a: Iron Treads|Iron Treads|100\/100\n|-damage|p2a: Iron Treads|88\/100|[from] Spikes\n|\n|-heal|p2a: Iron Treads|94\/100|[from] Grassy Terrain\n|-heal|p2a: Iron Treads|100\/100|[from] item: Leftovers\n|upkeep\n|turn|4\n|\n|t:|1700278697\n|move|p2a: Iron Treads|Earthquake|p1a: Ceruledge\n|-supereffective|p1a: Ceruledge\n|-damage|p1a: Ceruledge|42\/100\n|-ability|p1a: Ceruledge|Weak Armor|boost\n|-unboost|p1a: Ceruledge|def|1\n|-boost|p1a: Ceruledge|spe|2\n|move|p1a: Ceruledge|Swords Dance|p1a: Ceruledge\n|-boost|p1a: Ceruledge|atk|2\n|\n|-heal|p1a: Ceruledge|48\/100|[from] Grassy Terrain\n|upkeep\n|turn|5\n|\n|t:|1700278701\n|-end|p2a: Iron Treads|Quark Drive|[silent]\n|switch|p2a: Moltres|Moltres|100\/100\n|move|p1a: Ceruledge|Bitter Blade|p2a: Moltres\n|-resisted|p2a: Moltres\n|-damage|p2a: Moltres|67\/100\n|-heal|p1a: Ceruledge|71\/100|[from] drain|[of] p2a: Moltres\n|\n|-heal|p1a: Ceruledge|77\/100|[from] Grassy Terrain\n|-fieldend|move: Grassy Terrain\n|upkeep\n|turn|6\n|\n|t:|1700278713\n|switch|p2a: Kingambit|Kingambit, M|100\/100\n|-damage|p2a: Kingambit|88\/100|[from] Spikes\n|move|p1a: Ceruledge|Shadow Sneak|p2a: Kingambit\n|-resisted|p2a: Kingambit\n|-damage|p2a: Kingambit|72\/100\n|\n|-heal|p2a: Kingambit|78\/100|[from] item: Leftovers\n|upkeep\n|turn|7\n|\n|t:|1700278718\n|move|p2a: Kingambit|Sucker Punch||[still]\n|-fail|p2a: Kingambit\n|move|p1a: Ceruledge|Destiny Bond|p1a: Ceruledge\n|-singlemove|p1a: Ceruledge|Destiny Bond\n|\n|-heal|p2a: Kingambit|85\/100|[from] item: Leftovers\n|upkeep\n|turn|8\n|\n|t:|1700278723\n|move|p2a: Kingambit|Sucker Punch|p1a: Ceruledge\n|-supereffective|p1a: Ceruledge\n|-damage|p1a: Ceruledge|0 fnt\n|faint|p1a: Ceruledge\n|-activate|p1a: Ceruledge|move: Destiny Bond\n|faint|p2a: Kingambit\n|-end|p2a: Kingambit|fallenundefined|[silent]\n|\n|upkeep\n|\n|t:|1700278742\n|switch|p1a: Samurott|Samurott-Hisui, M, shiny|73\/100\n|switch|p2a: Iron Treads|Iron Treads|100\/100\n|-damage|p2a: Iron Treads|88\/100|[from] Spikes\n|turn|9\n|\n|t:|1700278753\n|-end|p2a: Iron Treads|Quark Drive|[silent]\n|switch|p2a: Rotom|Rotom-Wash|100\/100\n|move|p1a: Samurott|Ceaseless Edge|p2a: Rotom\n|-damage|p2a: Rotom|38\/100\n|-sidestart|p2: ColonizedUsername|Spikes\n|\n|-heal|p2a: Rotom|45\/100|[from] item: Leftovers\n|upkeep\n|turn|10\n|\n|t:|1700278761\n|move|p2a: Rotom|Protect|p2a: Rotom\n|-singleturn|p2a: Rotom|Protect\n|move|p1a: Samurott|Ceaseless Edge|p2a: Rotom\n|-activate|p2a: Rotom|move: Protect\n|\n|-heal|p2a: Rotom|51\/100|[from] item: Leftovers\n|upkeep\n|turn|11\n|\n|t:|1700278764\n|switch|p2a: Clefable|Clefable, F|91\/100\n|move|p1a: Samurott|Ceaseless Edge|p2a: Clefable\n|-resisted|p2a: Clefable\n|-damage|p2a: Clefable|69\/100\n|-sidestart|p2: ColonizedUsername|Spikes\n|\n|-heal|p2a: Clefable|75\/100|[from] item: Leftovers\n|upkeep\n|turn|12\n|\n|t:|1700278772\n|switch|p1a: Gholdengo|Gholdengo|100\/100\n|move|p2a: Clefable|Moonblast|p1a: Gholdengo\n|-resisted|p1a: Gholdengo\n|-damage|p1a: Gholdengo|83\/100\n|\n|-heal|p2a: Clefable|81\/100|[from] item: Leftovers\n|upkeep\n|turn|13\n|\n|t:|1700278789\n|switch|p2a: Iron Treads|Iron Treads|88\/100\n|-damage|p2a: Iron Treads|63\/100|[from] Spikes\n|move|p1a: Gholdengo|Make It Rain|p2a: Iron Treads\n|-resisted|p2a: Iron Treads\n|-damage|p2a: Iron Treads|25\/100\n|-unboost|p1a: Gholdengo|spa|1\n|\n|-heal|p2a: Iron Treads|31\/100|[from] item: Leftovers\n|upkeep\n|turn|14\n|\n|t:|1700278795\n|move|p1a: Gholdengo|Make It Rain|p2a: Iron Treads\n|-resisted|p2a: Iron Treads\n|-damage|p2a: Iron Treads|8\/100\n|-unboost|p1a: Gholdengo|spa|1\n|move|p2a: Iron Treads|Earthquake|p1a: Gholdengo\n|-supereffective|p1a: Gholdengo\n|-damage|p1a: Gholdengo|0 fnt\n|faint|p1a: Gholdengo\n|\n|-heal|p2a: Iron Treads|14\/100|[from] item: Leftovers\n|upkeep\n|\n|t:|1700278809\n|switch|p1a: Rillaboom|Rillaboom, M|100\/100\n|-fieldstart|move: Grassy Terrain|[from] ability: Grassy Surge|[of] p1a: Rillaboom\n|turn|15\n|\n|t:|1700278819\n|-end|p2a: Iron Treads|Quark Drive|[silent]\n|switch|p2a: Moltres|Moltres|67\/100\n|switch|p1a: Samurott|Samurott-Hisui, M, shiny|73\/100\n|\n|-heal|p1a: Samurott|79\/100|[from] Grassy Terrain\n|upkeep\n|turn|16\n|\n|t:|1700278824\n|switch|p2a: Clefable|Clefable, F|81\/100\n|move|p1a: Samurott|Aqua Cutter|p2a: Clefable\n|-damage|p2a: Clefable|44\/100\n|\n|-heal|p1a: Samurott|85\/100|[from] Grassy Terrain\n|-heal|p2a: Clefable|50\/100|[from] Grassy Terrain\n|-heal|p2a: Clefable|56\/100|[from] item: Leftovers\n|upkeep\n|turn|17\n|\n|t:|1700278835\n|move|p1a: Samurott|Swords Dance|p1a: Samurott\n|-boost|p1a: Samurott|atk|2\n|move|p2a: Clefable|Wish|p2a: Clefable\n|\n|-heal|p1a: Samurott|91\/100|[from] Grassy Terrain\n|-heal|p2a: Clefable|62\/100|[from] Grassy Terrain\n|-heal|p2a: Clefable|69\/100|[from] item: Leftovers\n|upkeep\n|turn|18\n|\n|t:|1700278853\n|move|p1a: Samurott|Ceaseless Edge|p2a: Clefable\n|-resisted|p2a: Clefable\n|-damage|p2a: Clefable|25\/100\n|move|p2a: Clefable|Moonblast|p1a: Samurott\n|-supereffective|p1a: Samurott\n|-damage|p1a: Samurott|10\/100\n|\n|-heal|p2a: Clefable|75\/100|[from] move: Wish|[wisher] Clefable\n|-heal|p1a: Samurott|16\/100|[from] Grassy Terrain\n|-heal|p2a: Clefable|81\/100|[from] Grassy Terrain\n|-heal|p2a: Clefable|87\/100|[from] item: Leftovers\n|upkeep\n|turn|19\n|\n|t:|1700278856\n|move|p1a: Samurott|Aqua Cutter|p2a: Clefable\n|-damage|p2a: Clefable|14\/100\n|move|p2a: Clefable|Moonblast|p1a: Samurott\n|-supereffective|p1a: Samurott\n|-damage|p1a: Samurott|0 fnt\n|faint|p1a: Samurott\n|\n|-heal|p2a: Clefable|20\/100|[from] Grassy Terrain\n|-heal|p2a: Clefable|26\/100|[from] item: Leftovers\n|-fieldend|move: Grassy Terrain\n|upkeep\n|\n|t:|1700278876\n|switch|p1a: Zamazenta|Zamazenta|100\/100\n|-ability|p1a: Zamazenta|Dauntless Shield|boost\n|-boost|p1a: Zamazenta|def|1\n|turn|20\n|\n|t:|1700278881\n|move|p1a: Zamazenta|Heavy Slam|p2a: Clefable\n|-supereffective|p2a: Clefable\n|-damage|p2a: Clefable|0 fnt\n|faint|p2a: Clefable\n|\n|upkeep\n|\n|t:|1700278884\n|switch|p2a: Moltres|Moltres|67\/100\n|turn|21\n|\n|t:|1700278899\n|-terastallize|p1a: Zamazenta|Fire\n|move|p1a: Zamazenta|Crunch|p2a: Moltres\n|-damage|p2a: Moltres|52\/100\n|move|p2a: Moltres|Will-O-Wisp|p1a: Zamazenta\n|-immune|p1a: Zamazenta\n|\n|upkeep\n|turn|22\n|\n|t:|1700278904\n|move|p1a: Zamazenta|Iron Defense|p1a: Zamazenta\n|-boost|p1a: Zamazenta|def|2\n|move|p2a: Moltres|U-turn|p1a: Zamazenta\n|-resisted|p1a: Zamazenta\n|-damage|p1a: Zamazenta|98\/100\n|\n|t:|1700278912\n|switch|p2a: Rotom|Rotom-Wash|51\/100|[from] U-turn\n|\n|-heal|p1a: Zamazenta|100\/100|[from] item: Leftovers\n|-heal|p2a: Rotom|57\/100|[from] item: Leftovers\n|upkeep\n|turn|23\n|\n|t:|1700278920\n|-terastallize|p2a: Rotom|Fairy\n|move|p1a: Zamazenta|Crunch|p2a: Rotom\n|-resisted|p2a: Rotom\n|-damage|p2a: Rotom|47\/100\n|move|p2a: Rotom|Thunder Wave|p1a: Zamazenta\n|-status|p1a: Zamazenta|par\n|\n|-heal|p2a: Rotom|53\/100|[from] item: Leftovers\n|upkeep\n|turn|24\n|\n|t:|1700278924\n|move|p2a: Rotom|Hydro Pump|p1a: Zamazenta|[miss]\n|-miss|p2a: Rotom|p1a: Zamazenta\n|move|p1a: Zamazenta|Heavy Slam|p2a: Rotom\n|-supereffective|p2a: Rotom\n|-damage|p2a: Rotom|0 fnt\n|faint|p2a: Rotom\n|\n|upkeep\n|\n|t:|1700278935\n|switch|p2a: Iron Treads|Iron Treads|14\/100\n|-damage|p2a: Iron Treads|0 fnt|[from] Spikes\n|faint|p2a: Iron Treads\n|-end|p2a: Iron Treads|Quark Drive|[silent]\n|\n|t:|1700278937\n|switch|p2a: Moltres|Moltres|52\/100\n|turn|25\n|\n|t:|1700278941\n|move|p2a: Moltres|Roost|p2a: Moltres\n|-heal|p2a: Moltres|100\/100\n|-singleturn|p2a: Moltres|move: Roost\n|move|p1a: Zamazenta|Body Press|p2a: Moltres\n|-damage|p2a: Moltres|29\/100\n|\n|upkeep\n|turn|26\n|\n|t:|1700278952\n|move|p2a: Moltres|U-turn|p1a: Zamazenta\n|-resisted|p1a: Zamazenta\n|-damage|p1a: Zamazenta|98\/100 par\n|\n|t:|1700278954\n|switch|p2a: Meowscarada|Meowscarada, F|100\/100|[from] U-turn\n|-damage|p2a: Meowscarada|76\/100|[from] Spikes\n|move|p1a: Zamazenta|Body Press|p2a: Meowscarada\n|-supereffective|p2a: Meowscarada\n|-crit|p2a: Meowscarada\n|-damage|p2a: Meowscarada|0 fnt\n|faint|p2a: Meowscarada\n|\n|-heal|p1a: Zamazenta|100\/100 par|[from] item: Leftovers\n|upkeep\n|\n|t:|1700278955\n|switch|p2a: Moltres|Moltres|29\/100\n|turn|27\n|c|\u2606hex rizzo|gg\n|\n|t:|1700278966\n|move|p2a: Moltres|Flamethrower|p1a: Zamazenta\n|-resisted|p1a: Zamazenta\n|-damage|p1a: Zamazenta|83\/100 par\n|move|p1a: Zamazenta|Iron Defense|p1a: Zamazenta\n|-boost|p1a: Zamazenta|def|2\n|\n|-heal|p1a: Zamazenta|89\/100 par|[from] item: Leftovers\n|upkeep\n|turn|28\n|c|\u2606ColonizedUsername|gg\n|\n|t:|1700278970\n|move|p2a: Moltres|Flamethrower|p1a: Zamazenta\n|-resisted|p1a: Zamazenta\n|-crit|p1a: Zamazenta\n|-damage|p1a: Zamazenta|61\/100 par\n|move|p1a: Zamazenta|Body Press|p2a: Moltres\n|-resisted|p2a: Moltres\n|-damage|p2a: Moltres|0 fnt\n|faint|p2a: Moltres\n|\n|win|hex rizzo\n|raw|hex rizzo's rating: 1456 &rarr; <strong>1471<\/strong><br \/>(+15 for winning)\n|raw|ColonizedUsername's rating: 1367 &rarr; <strong>1352<\/strong><br \/>(-15 for losing)\n|l|\u2606ColonizedUsername\n","uploadtime":1700278981,"views":12,"p1id":"hexrizzo","p2id":"colonizedusername","formatid":"gen9ou","rating":1352,"private":0,"password":""}