{"id":"gen9ou-1989034408","p1":"jackyjaneeyre","p2":"AikonZ_Test","format":"[Gen 9] OU","log":"|j|\u2606jackyjaneeyre\n|j|\u2606AikonZ_Test\n|t:|1699804758\n|gametype|singles\n|player|p1|jackyjaneeyre|265|1664\n|player|p2|AikonZ_Test|veteran|1852\n|teamsize|p1|6\n|teamsize|p2|6\n|gen|9\n|tier|[Gen 9] OU\n|rated|\n|rule|Sleep Clause Mod: Limit one foe put to sleep\n|rule|Species Clause: Limit one of each Pok\u00e9mon\n|rule|OHKO Clause: OHKO moves are banned\n|rule|Evasion Items Clause: Evasion items are banned\n|rule|Evasion Moves Clause: Evasion moves are banned\n|rule|Endless Battle Clause: Forcing endless battles is banned\n|rule|HP Percentage Mod: HP is shown in percentages\n|clearpoke\n|poke|p1|Ceruledge, F|\n|poke|p1|Torkoal, F|\n|poke|p1|Iron Moth|\n|poke|p1|Walking Wake|\n|poke|p1|Ogerpon-Wellspring, F|\n|poke|p1|Great Tusk|\n|poke|p2|Slowking-Galar, M|\n|poke|p2|Clefable, F|\n|poke|p2|Zamazenta-*|\n|poke|p2|Cinderace, M|\n|poke|p2|Greninja-*, M|\n|poke|p2|Great Tusk|\n|teampreview\n|j| clozap9\n|\n|t:|1699804777\n|start\n|switch|p1a: Iron Moth|Iron Moth|100\/100\n|switch|p2a: Slowking|Slowking-Galar, M|100\/100\n|turn|1\n|\n|t:|1699804782\n|move|p1a: Iron Moth|Fire Blast|p2a: Slowking\n|-damage|p2a: Slowking|57\/100\n|move|p2a: Slowking|Future Sight|p1a: Iron Moth\n|-start|p2a: Slowking|move: Future Sight\n|\n|upkeep\n|turn|2\n|\n|t:|1699804795\n|move|p1a: Iron Moth|Fire Blast|p2a: Slowking\n|-damage|p2a: Slowking|14\/100\n|move|p2a: Slowking|Surf|p1a: Iron Moth\n|-supereffective|p1a: Iron Moth\n|-damage|p1a: Iron Moth|36\/100\n|\n|upkeep\n|turn|3\n|\n|t:|1699804803\n|switch|p2a: Cinderace|Cinderace, M|100\/100\n|move|p1a: Iron Moth|Fire Blast|p2a: Cinderace\n|-resisted|p2a: Cinderace\n|-damage|p2a: Cinderace|38\/100\n|\n|-end|p1a: Iron Moth|move: Future Sight\n|-supereffective|p1a: Iron Moth\n|-damage|p1a: Iron Moth|0 fnt\n|faint|p1a: Iron Moth\n|-end|p1a: Iron Moth|Quark Drive|[silent]\n|upkeep\n|\n|t:|1699804808\n|switch|p1a: Ceruledge|Ceruledge, F|100\/100\n|turn|4\n|\n|t:|1699804829\n|switch|p2a: Greninja|Greninja, M|100\/100\n|move|p1a: Ceruledge|Swords Dance|p1a: Ceruledge\n|-boost|p1a: Ceruledge|atk|2\n|\n|upkeep\n|turn|5\n|\n|t:|1699804849\n|move|p2a: Greninja|Switcheroo|p1a: Ceruledge\n|-start|p2a: Greninja|typechange|Dark|[from] ability: Protean\n|-activate|p2a: Greninja|move: Trick|[of] p1a: Ceruledge\n|-item|p1a: Ceruledge|Choice Scarf|[from] move: Switcheroo\n|-item|p2a: Greninja|Focus Sash|[from] move: Switcheroo\n|move|p1a: Ceruledge|Poltergeist|p2a: Greninja\n|-activate|p2a: Greninja|move: Poltergeist|Focus Sash\n|-resisted|p2a: Greninja\n|-damage|p2a: Greninja|4\/100\n|\n|upkeep\n|turn|6\n|\n|t:|1699804877\n|switch|p2a: Clefable|Clefable, F|100\/100\n|move|p1a: Ceruledge|Poltergeist|p2a: Clefable\n|-activate|p2a: Clefable|move: Poltergeist|Leftovers\n|-damage|p2a: Clefable|58\/100\n|\n|-heal|p2a: Clefable|64\/100|[from] item: Leftovers\n|upkeep\n|turn|7\n|\n|t:|1699804890\n|switch|p1a: Ogerpon|Ogerpon-Wellspring, F|100\/100\n|move|p2a: Clefable|Protect||[still]\n|-fail|p2a: Clefable\n|\n|-heal|p2a: Clefable|70\/100|[from] item: Leftovers\n|upkeep\n|turn|8\n|\n|t:|1699804900\n|move|p2a: Clefable|Protect|p2a: Clefable\n|-singleturn|p2a: Clefable|Protect\n|move|p1a: Ogerpon|Ivy Cudgel|p2a: Clefable\n|-activate|p2a: Clefable|move: Protect\n|\n|-heal|p2a: Clefable|76\/100|[from] item: Leftovers\n|upkeep\n|turn|9\n|\n|t:|1699804914\n|move|p1a: Ogerpon|Taunt|p2a: Clefable\n|-start|p2a: Clefable|move: Taunt\n|cant|p2a: Clefable|move: Taunt|Wish\n|\n|-heal|p2a: Clefable|82\/100|[from] item: Leftovers\n|upkeep\n|turn|10\n|\n|t:|1699804921\n|switch|p2a: Greninja|Greninja, M|4\/100\n|move|p1a: Ogerpon|Ivy Cudgel|p2a: Greninja\n|-resisted|p2a: Greninja\n|-damage|p2a: Greninja|0 fnt\n|faint|p2a: Greninja\n|\n|upkeep\n|\n|t:|1699804923\n|switch|p2a: Cinderace|Cinderace, M|38\/100\n|turn|11\n|\n|t:|1699804933\n|-terastallize|p1a: Ogerpon|Water\n|detailschange|p1a: Ogerpon|Ogerpon-Wellspring-Tera, F, tera:Water\n|-ability|p1a: Ogerpon|Embody Aspect (Wellspring)|boost\n|-boost|p1a: Ogerpon|spd|1\n|move|p2a: Cinderace|U-turn|p1a: Ogerpon\n|-start|p2a: Cinderace|typechange|Bug|[from] ability: Libero\n|-damage|p1a: Ogerpon|59\/100\n|j| PantyPhantom\n|\n|t:|1699804957\n|switch|p2a: Slowking|Slowking-Galar, M|47\/100|[from] U-turn\n|move|p1a: Ogerpon|Ivy Cudgel|p2a: Slowking\n|-damage|p2a: Slowking|0 fnt\n|faint|p2a: Slowking\n|\n|upkeep\n|\n|t:|1699804962\n|switch|p2a: Zamazenta|Zamazenta|100\/100\n|-ability|p2a: Zamazenta|Dauntless Shield|boost\n|-boost|p2a: Zamazenta|def|1\n|turn|12\n|\n|t:|1699804974\n|move|p2a: Zamazenta|Iron Defense|p2a: Zamazenta\n|-boost|p2a: Zamazenta|def|2\n|move|p1a: Ogerpon|Ivy Cudgel|p2a: Zamazenta\n|-damage|p2a: Zamazenta|75\/100\n|\n|-heal|p2a: Zamazenta|81\/100|[from] item: Leftovers\n|upkeep\n|turn|13\n|\n|t:|1699804999\n|move|p2a: Zamazenta|Substitute|p2a: Zamazenta\n|-start|p2a: Zamazenta|Substitute\n|-damage|p2a: Zamazenta|56\/100\n|move|p1a: Ogerpon|Ivy Cudgel|p2a: Zamazenta\n|-activate|p2a: Zamazenta|move: Substitute|[damage]\n|\n|-heal|p2a: Zamazenta|63\/100|[from] item: Leftovers\n|upkeep\n|turn|14\n|\n|t:|1699805005\n|move|p2a: Zamazenta|Body Press|p1a: Ogerpon\n|-damage|p1a: Ogerpon|0 fnt\n|faint|p1a: Ogerpon\n|\n|-heal|p2a: Zamazenta|69\/100|[from] item: Leftovers\n|upkeep\n|\n|t:|1699805008\n|switch|p1a: Ceruledge|Ceruledge, F|100\/100\n|turn|15\n|\n|t:|1699805019\n|move|p1a: Ceruledge|Bitter Blade|p2a: Zamazenta\n|-end|p2a: Zamazenta|Substitute\n|move|p2a: Zamazenta|Crunch|p1a: Ceruledge\n|-supereffective|p1a: Ceruledge\n|-damage|p1a: Ceruledge|37\/100\n|-ability|p1a: Ceruledge|Weak Armor|boost\n|-unboost|p1a: Ceruledge|def|1\n|-boost|p1a: Ceruledge|spe|2\n|\n|-heal|p2a: Zamazenta|75\/100|[from] item: Leftovers\n|upkeep\n|turn|16\n|j| debilos\n|\n|t:|1699805049\n|switch|p1a: Torkoal|Torkoal, F|100\/100\n|-weather|SunnyDay|[from] ability: Drought|[of] p1a: Torkoal\n|move|p2a: Zamazenta|Iron Defense|p2a: Zamazenta\n|-boost|p2a: Zamazenta|def|2\n|\n|-weather|SunnyDay|[upkeep]\n|-heal|p2a: Zamazenta|81\/100|[from] item: Leftovers\n|upkeep\n|turn|17\n|\n|t:|1699805064\n|move|p2a: Zamazenta|Body Press|p1a: Torkoal\n|-damage|p1a: Torkoal|38\/100\n|move|p1a: Torkoal|Lava Plume|p2a: Zamazenta\n|-damage|p2a: Zamazenta|53\/100\n|\n|-weather|SunnyDay|[upkeep]\n|-heal|p2a: Zamazenta|59\/100|[from] item: Leftovers\n|upkeep\n|turn|18\n|\n|t:|1699805072\n|move|p2a: Zamazenta|Body Press|p1a: Torkoal\n|-damage|p1a: Torkoal|0 fnt\n|faint|p1a: Torkoal\n|\n|-weather|SunnyDay|[upkeep]\n|-heal|p2a: Zamazenta|65\/100|[from] item: Leftovers\n|upkeep\n|\n|t:|1699805073\n|switch|p1a: Walking Wake|Walking Wake|100\/100\n|-activate|p1a: Walking Wake|ability: Protosynthesis\n|-start|p1a: Walking Wake|protosynthesisspe\n|turn|19\n|\n|t:|1699805119\n|move|p1a: Walking Wake|Hydro Steam|p2a: Zamazenta\n|-damage|p2a: Zamazenta|0 fnt\n|faint|p2a: Zamazenta\n|\n|-weather|SunnyDay|[upkeep]\n|upkeep\n|\n|t:|1699805123\n|switch|p2a: Clefable|Clefable, F|82\/100\n|turn|20\n|l| clozap9\n|\n|t:|1699805155\n|-terastallize|p2a: Clefable|Water\n|move|p1a: Walking Wake|Hydro Steam|p2a: Clefable\n|-resisted|p2a: Clefable\n|-damage|p2a: Clefable|44\/100\n|move|p2a: Clefable|Wish|p2a: Clefable\n|\n|-weather|SunnyDay|[upkeep]\n|-heal|p2a: Clefable|50\/100|[from] item: Leftovers\n|upkeep\n|turn|21\n|\n|t:|1699805162\n|-end|p1a: Walking Wake|Protosynthesis|[silent]\n|switch|p1a: Great Tusk|Great Tusk|100\/100\n|-activate|p1a: Great Tusk|ability: Protosynthesis\n|-start|p1a: Great Tusk|protosynthesisatk\n|move|p2a: Clefable|Moonblast|p1a: Great Tusk\n|-supereffective|p1a: Great Tusk\n|-damage|p1a: Great Tusk|5\/100\n|\n|-weather|SunnyDay|[upkeep]\n|-heal|p2a: Clefable|99\/100|[from] move: Wish|[wisher] Clefable\n|-heal|p1a: Great Tusk|11\/100|[from] item: Leftovers\n|-heal|p2a: Clefable|100\/100|[from] item: Leftovers\n|upkeep\n|turn|22\n|\n|t:|1699805186\n|switch|p2a: Great Tusk|Great Tusk|100\/100\n|-activate|p2a: Great Tusk|ability: Protosynthesis\n|-start|p2a: Great Tusk|protosynthesisdef\n|move|p1a: Great Tusk|Headlong Rush|p2a: Great Tusk\n|-damage|p2a: Great Tusk|67\/100\n|-unboost|p1a: Great Tusk|def|1\n|-unboost|p1a: Great Tusk|spd|1\n|\n|-weather|SunnyDay|[upkeep]\n|-heal|p1a: Great Tusk|17\/100|[from] item: Leftovers\n|-heal|p2a: Great Tusk|73\/100|[from] item: Leftovers\n|upkeep\n|turn|23\n|\n|t:|1699805198\n|-end|p1a: Great Tusk|Protosynthesis|[silent]\n|switch|p1a: Ceruledge|Ceruledge, F|37\/100\n|move|p2a: Great Tusk|Rapid Spin|p1a: Ceruledge\n|-immune|p1a: Ceruledge\n|\n|-weather|none\n|-end|p2a: Great Tusk|Protosynthesis\n|-heal|p2a: Great Tusk|79\/100|[from] item: Leftovers\n|upkeep\n|turn|24\n|\n|t:|1699805203\n|move|p1a: Ceruledge|Bitter Blade|p2a: Great Tusk\n|-damage|p2a: Great Tusk|57\/100\n|-heal|p1a: Ceruledge|54\/100|[from] drain|[of] p2a: Great Tusk\n|move|p2a: Great Tusk|Earthquake|p1a: Ceruledge\n|-supereffective|p1a: Ceruledge\n|-damage|p1a: Ceruledge|0 fnt\n|faint|p1a: Ceruledge\n|\n|-heal|p2a: Great Tusk|63\/100|[from] item: Leftovers\n|upkeep\n|\n|t:|1699805205\n|switch|p1a: Walking Wake|Walking Wake|100\/100\n|turn|25\n|inactive|Battle timer is ON: inactive players will automatically lose when time's up. (requested by AikonZ_Test)\n|c|\u2606jackyjaneeyre|\u3002\n|\n|t:|1699805272\n|move|p1a: Walking Wake|Dragon Pulse|p2a: Great Tusk\n|-crit|p2a: Great Tusk\n|-damage|p2a: Great Tusk|0 fnt\n|faint|p2a: Great Tusk\n|-end|p2a: Great Tusk|Protosynthesis|[silent]\n|\n|upkeep\n|\n|t:|1699805287\n|switch|p2a: Clefable|Clefable, F, tera:Water|100\/100\n|turn|26\n|\n|t:|1699805297\n|move|p1a: Walking Wake|Dragon Pulse|p2a: Clefable\n|-damage|p2a: Clefable|42\/100\n|move|p2a: Clefable|Moonblast|p1a: Walking Wake\n|-supereffective|p1a: Walking Wake\n|-damage|p1a: Walking Wake|22\/100\n|\n|-heal|p2a: Clefable|48\/100|[from] item: Leftovers\n|upkeep\n|turn|27\n|\n|t:|1699805315\n|move|p2a: Clefable|Protect|p2a: Clefable\n|-singleturn|p2a: Clefable|Protect\n|move|p1a: Walking Wake|Dragon Pulse|p2a: Clefable\n|-activate|p2a: Clefable|move: Protect\n|\n|-heal|p2a: Clefable|54\/100|[from] item: Leftovers\n|upkeep\n|turn|28\n|inactive|AikonZ_Test has 120 seconds left.\n|\n|t:|1699805348\n|move|p2a: Clefable|Protect||[still]\n|-fail|p2a: Clefable\n|move|p1a: Walking Wake|Dragon Pulse|p2a: Clefable\n|-damage|p2a: Clefable|0 fnt\n|faint|p2a: Clefable\n|\n|upkeep\n|\n|t:|1699805354\n|switch|p2a: Cinderace|Cinderace, M|38\/100\n|turn|29\n|inactive|AikonZ_Test has 120 seconds left.\n|\n|t:|1699805362\n|move|p2a: Cinderace|U-turn|p1a: Walking Wake\n|-start|p2a: Cinderace|typechange|Bug|[from] ability: Libero\n|-damage|p1a: Walking Wake|0 fnt\n|faint|p1a: Walking Wake\n|-end|p1a: Walking Wake|Protosynthesis|[silent]\n|\n|upkeep\n|\n|t:|1699805373\n|switch|p1a: Great Tusk|Great Tusk|17\/100\n|turn|30\n|\n|t:|1699805384\n|move|p2a: Cinderace|Pyro Ball|p1a: Great Tusk\n|-damage|p1a: Great Tusk|0 fnt\n|faint|p1a: Great Tusk\n|-end|p1a: Great Tusk|Protosynthesis|[silent]\n|\n|win|AikonZ_Test\n|raw|jackyjaneeyre's rating: 1664 &rarr; <strong>1654<\/strong><br \/>(-10 for losing)\n|raw|AikonZ_Test's rating: 1852 &rarr; <strong>1862<\/strong><br \/>(+10 for winning)\n|l| debilos\n|l|\u2606jackyjaneeyre\n|c|\u2606AikonZ_Test|gg\n|l|\u2606AikonZ_Test\n|l| PantyPhantom\n","uploadtime":1699805718,"views":15,"p1id":"jackyjaneeyre","p2id":"aikonztest","formatid":"gen9ou","rating":1654,"private":0,"password":""}