{"id":"gen9ou-1996979753","p1":"mgunga","p2":"ChillLanturnYT","format":"[Gen 9] OU","log":"|j|\u2606mgunga\n|j|\u2606ChillLanturnYT\n|t:|1700752054\n|gametype|singles\n|player|p1|mgunga|2|1366\n|player|p2|ChillLanturnYT|palmer|1301\n|teamsize|p1|6\n|teamsize|p2|6\n|gen|9\n|tier|[Gen 9] OU\n|rated|\n|rule|Sleep Clause Mod: Limit one foe put to sleep\n|rule|Species Clause: Limit one of each Pok\u00e9mon\n|rule|OHKO Clause: OHKO moves are banned\n|rule|Evasion Items Clause: Evasion items are banned\n|rule|Evasion Moves Clause: Evasion moves are banned\n|rule|Endless Battle Clause: Forcing endless battles is banned\n|rule|HP Percentage Mod: HP is shown in percentages\n|clearpoke\n|poke|p1|Iron Moth|\n|poke|p1|Grimmsnarl, M|\n|poke|p1|Garganacl, F|\n|poke|p1|Great Tusk|\n|poke|p1|Thundurus-Therian, M|\n|poke|p1|Ogerpon-Wellspring, F|\n|poke|p2|Revavroom, M|\n|poke|p2|Landorus-Therian, M|\n|poke|p2|Ceruledge, M|\n|poke|p2|Rillaboom, F|\n|poke|p2|Cinderace, M|\n|poke|p2|Zamazenta-*|\n|teampreview\n|inactive|Battle timer is ON: inactive players will automatically lose when time's up. (requested by mgunga)\n|\n|t:|1700752060\n|start\n|switch|p1a: Thundurus|Thundurus-Therian, M|100\/100\n|switch|p2a: Landorus|Landorus-Therian, M|100\/100\n|-ability|p2a: Landorus|Intimidate|boost\n|-unboost|p1a: Thundurus|atk|1\n|turn|1\n|inactive|mgunga has 120 seconds left.\n|\n|t:|1700752097\n|switch|p1a: Great Tusk|Great Tusk|100\/100\n|-enditem|p1a: Great Tusk|Booster Energy\n|-activate|p1a: Great Tusk|ability: Protosynthesis|[fromitem]\n|-start|p1a: Great Tusk|protosynthesisatk\n|move|p2a: Landorus|U-turn|p1a: Great Tusk\n|-resisted|p1a: Great Tusk\n|-damage|p1a: Great Tusk|92\/100\n|\n|t:|1700752117\n|switch|p2a: Rillaboom|Rillaboom, F|100\/100|[from] U-turn\n|-fieldstart|move: Grassy Terrain|[from] ability: Grassy Surge|[of] p2a: Rillaboom\n|\n|-heal|p1a: Great Tusk|98\/100|[from] Grassy Terrain\n|upkeep\n|turn|2\n|inactive|mgunga has 120 seconds left.\n|\n|t:|1700752152\n|-terastallize|p1a: Great Tusk|Ice\n|move|p2a: Rillaboom|Wood Hammer|p1a: Great Tusk\n|-damage|p1a: Great Tusk|10\/100\n|-damage|p2a: Rillaboom|69\/100|[from] Recoil\n|move|p1a: Great Tusk|Ice Spinner|p2a: Rillaboom\n|-supereffective|p2a: Rillaboom\n|-damage|p2a: Rillaboom|0 fnt\n|-fieldend|move: Grassy Terrain\n|faint|p2a: Rillaboom\n|\n|upkeep\n|\n|t:|1700752170\n|switch|p2a: Revavroom|Revavroom, M|100\/100\n|turn|3\n|\n|t:|1700752176\n|-terastallize|p2a: Revavroom|Steel\n|move|p2a: Revavroom|Shift Gear|p2a: Revavroom\n|-boost|p2a: Revavroom|spe|2\n|-boost|p2a: Revavroom|atk|1\n|move|p1a: Great Tusk|Headlong Rush|p2a: Revavroom\n|-supereffective|p2a: Revavroom\n|-damage|p2a: Revavroom|0 fnt\n|-unboost|p1a: Great Tusk|def|1\n|-unboost|p1a: Great Tusk|spd|1\n|faint|p2a: Revavroom\n|\n|upkeep\n|\n|t:|1700752195\n|switch|p2a: Ceruledge|Ceruledge, M|100\/100\n|turn|4\n|inactive|mgunga has 120 seconds left.\n|\n|t:|1700752204\n|-end|p1a: Great Tusk|Protosynthesis|[silent]\n|switch|p1a: Grimmsnarl|Grimmsnarl, M|100\/100\n|move|p2a: Ceruledge|Bitter Blade|p1a: Grimmsnarl\n|-damage|p1a: Grimmsnarl|63\/100\n|\n|upkeep\n|turn|5\n|\n|t:|1700752211\n|switch|p2a: Landorus|Landorus-Therian, M|100\/100\n|-ability|p2a: Landorus|Intimidate|boost\n|-unboost|p1a: Grimmsnarl|atk|1\n|move|p1a: Grimmsnarl|Reflect|p1a: Grimmsnarl\n|-sidestart|p1: mgunga|Reflect\n|\n|upkeep\n|turn|6\n|\n|t:|1700752216\n|move|p1a: Grimmsnarl|Light Screen|p1a: Grimmsnarl\n|-sidestart|p1: mgunga|move: Light Screen\n|move|p2a: Landorus|Stealth Rock|p1a: Grimmsnarl\n|-sidestart|p1: mgunga|move: Stealth Rock\n|\n|upkeep\n|turn|7\n|\n|t:|1700752228\n|move|p1a: Grimmsnarl|Parting Shot|p2a: Landorus\n|-unboost|p2a: Landorus|atk|1\n|-unboost|p2a: Landorus|spa|1\n|\n|t:|1700752231\n|switch|p1a: Garganacl|Garganacl, F|100\/100|[from] Parting Shot\n|-damage|p1a: Garganacl|88\/100|[from] Stealth Rock\n|move|p2a: Landorus|U-turn|p1a: Garganacl\n|-damage|p1a: Garganacl|84\/100\n|\n|t:|1700752237\n|switch|p2a: Zamazenta|Zamazenta|100\/100|[from] U-turn\n|-ability|p2a: Zamazenta|Dauntless Shield|boost\n|-boost|p2a: Zamazenta|def|1\n|\n|-heal|p1a: Garganacl|90\/100|[from] item: Leftovers\n|upkeep\n|turn|8\n|\n|t:|1700752241\n|move|p2a: Zamazenta|Substitute|p2a: Zamazenta\n|-start|p2a: Zamazenta|Substitute\n|-damage|p2a: Zamazenta|76\/100\n|move|p1a: Garganacl|Salt Cure|p2a: Zamazenta\n|-resisted|p2a: Zamazenta\n|-activate|p2a: Zamazenta|move: Substitute|[damage]\n|\n|-heal|p2a: Zamazenta|82\/100|[from] item: Leftovers\n|-heal|p1a: Garganacl|96\/100|[from] item: Leftovers\n|upkeep\n|turn|9\n|\n|t:|1700752249\n|move|p2a: Zamazenta|Iron Defense|p2a: Zamazenta\n|-boost|p2a: Zamazenta|def|2\n|move|p1a: Garganacl|Salt Cure|p2a: Zamazenta\n|-resisted|p2a: Zamazenta\n|-activate|p2a: Zamazenta|move: Substitute|[damage]\n|\n|-heal|p2a: Zamazenta|88\/100|[from] item: Leftovers\n|-heal|p1a: Garganacl|100\/100|[from] item: Leftovers\n|upkeep\n|turn|10\n|\n|t:|1700752256\n|move|p2a: Zamazenta|Iron Defense|p2a: Zamazenta\n|-boost|p2a: Zamazenta|def|2\n|move|p1a: Garganacl|Salt Cure|p2a: Zamazenta\n|-resisted|p2a: Zamazenta\n|-activate|p2a: Zamazenta|move: Substitute|[damage]\n|\n|-heal|p2a: Zamazenta|94\/100|[from] item: Leftovers\n|upkeep\n|turn|11\n|\n|t:|1700752259\n|move|p2a: Zamazenta|Body Press|p1a: Garganacl\n|-supereffective|p1a: Garganacl\n|-damage|p1a: Garganacl|27\/100\n|move|p1a: Garganacl|Salt Cure|p2a: Zamazenta\n|-resisted|p2a: Zamazenta\n|-activate|p2a: Zamazenta|move: Substitute|[damage]\n|\n|-heal|p2a: Zamazenta|100\/100|[from] item: Leftovers\n|-heal|p1a: Garganacl|34\/100|[from] item: Leftovers\n|upkeep\n|turn|12\n|\n|t:|1700752266\n|move|p2a: Zamazenta|Body Press|p1a: Garganacl\n|-supereffective|p1a: Garganacl\n|-damage|p1a: Garganacl|0 fnt\n|faint|p1a: Garganacl\n|\n|-sideend|p1: mgunga|Reflect\n|upkeep\n|\n|t:|1700752269\n|switch|p1a: Grimmsnarl|Grimmsnarl, M|63\/100\n|-damage|p1a: Grimmsnarl|51\/100|[from] Stealth Rock\n|turn|13\n|\n|t:|1700752283\n|switch|p1a: Great Tusk|Great Tusk, tera:Ice|10\/100\n|-damage|p1a: Great Tusk|0 fnt|[from] Stealth Rock\n|faint|p1a: Great Tusk\n|-end|p1a: Great Tusk|Protosynthesis|[silent]\n|move|p2a: Zamazenta|Heavy Slam|p1: Great Tusk|[notarget]\n|-fail|p2a: Zamazenta\n|\n|-sideend|p1: mgunga|move: Light Screen\n|upkeep\n|inactive|mgunga has 120 seconds left.\n|\n|t:|1700752317\n|switch|p1a: Thundurus|Thundurus-Therian, M|100\/100\n|-damage|p1a: Thundurus|75\/100|[from] Stealth Rock\n|turn|14\n|inactive|mgunga has 120 seconds left.\n|\n|t:|1700752326\n|move|p1a: Thundurus|Volt Switch|p2a: Zamazenta\n|-end|p2a: Zamazenta|Substitute\n|inactive|mgunga has 120 seconds left.\n|\n|t:|1700752332\n|switch|p1a: Iron Moth|Iron Moth|100\/100|[from] Volt Switch\n|-damage|p1a: Iron Moth|76\/100|[from] Stealth Rock\n|-enditem|p1a: Iron Moth|Booster Energy\n|-activate|p1a: Iron Moth|ability: Quark Drive|[fromitem]\n|-start|p1a: Iron Moth|quarkdrivespa\n|move|p2a: Zamazenta|Body Press|p1a: Iron Moth\n|-resisted|p1a: Iron Moth\n|-damage|p1a: Iron Moth|0 fnt\n|faint|p1a: Iron Moth\n|-end|p1a: Iron Moth|Quark Drive|[silent]\n|\n|upkeep\n|inactive|mgunga has 120 seconds left.\n|\n|t:|1700752340\n|switch|p1a: Grimmsnarl|Grimmsnarl, M|51\/100\n|-damage|p1a: Grimmsnarl|38\/100|[from] Stealth Rock\n|turn|15\n|\n|t:|1700752343\n|move|p1a: Grimmsnarl|Taunt|p2a: Zamazenta\n|-start|p2a: Zamazenta|move: Taunt\n|move|p2a: Zamazenta|Body Press|p1a: Grimmsnarl\n|-damage|p1a: Grimmsnarl|0 fnt\n|faint|p1a: Grimmsnarl\n|\n|upkeep\n|\n|t:|1700752352\n|switch|p1a: Thundurus|Thundurus-Therian, M|75\/100\n|-damage|p1a: Thundurus|50\/100|[from] Stealth Rock\n|turn|16\n|\n|t:|1700752355\n|move|p1a: Thundurus|Thunderbolt|p2a: Zamazenta\n|-damage|p2a: Zamazenta|53\/100\n|move|p2a: Zamazenta|Body Press|p1a: Thundurus\n|-resisted|p1a: Thundurus\n|-damage|p1a: Thundurus|0 fnt\n|faint|p1a: Thundurus\n|\n|-heal|p2a: Zamazenta|59\/100|[from] item: Leftovers\n|upkeep\n|-message|mgunga forfeited.\n|\n|win|ChillLanturnYT\n|raw|mgunga's rating: 1366 &rarr; <strong>1342<\/strong><br \/>(-24 for losing)\n|raw|ChillLanturnYT's rating: 1301 &rarr; <strong>1325<\/strong><br \/>(+24 for winning)\n|l|\u2606mgunga\n","uploadtime":1700752362,"views":2,"p1id":"mgunga","p2id":"chilllanturnyt","formatid":"gen9ou","rating":1325,"private":0,"password":""}