{"id":"gen9ou-1988267896","p1":"Fiddlw","p2":"Osgovs","format":"[Gen 9] OU","log":"|j|\u2606Fiddlw\n|j|\u2606Osgovs\n|inactive|Battle timer is ON: inactive players will automatically lose when time's up.\n|t:|1699698252\n|gametype|singles\n|player|p1|Fiddlw|pokekid|\n|player|p2|Osgovs|unknown|\n|teamsize|p1|4\n|teamsize|p2|4\n|gen|9\n|tier|[Gen 9] OU\n|rated|Tournament battle\n|rule|Sleep Clause Mod: Limit one foe put to sleep\n|rule|Species Clause: Limit one of each Pok\u00e9mon\n|rule|OHKO Clause: OHKO moves are banned\n|rule|Evasion Items Clause: Evasion items are banned\n|rule|Evasion Moves Clause: Evasion moves are banned\n|rule|Endless Battle Clause: Forcing endless battles is banned\n|rule|HP Percentage Mod: HP is shown in percentages\n|clearpoke\n|poke|p1|Axew, F|\n|poke|p1|Braviary, M|\n|poke|p1|Skwovet, M|\n|poke|p1|Barraskewda, M|\n|poke|p2|Lucario, M|\n|poke|p2|Snorlax, M|\n|poke|p2|Turtwig, M|\n|poke|p2|Gothita, F|\n|teampreview\n|j|*Lady Monita \u263d\n|inactive|Fiddlw also wants the timer to be on.\n|c|\u2606Fiddlw|Glhf\n|j| MopisEdibles\n|\n|t:|1699698265\n|start\n|switch|p1a: Mouse|Axew, F|100\/100\n|switch|p2a: Gothita|Gothita, F|100\/100\n|-ability|p1a: Mouse|Mold Breaker\n|turn|1\n|\n|t:|1699698270\n|move|p1a: Mouse|Dragon Dance|p1a: Mouse\n|-boost|p1a: Mouse|atk|1\n|-boost|p1a: Mouse|spe|1\n|move|p2a: Gothita|Reflect|p2a: Gothita\n|-sidestart|p2: Osgovs|Reflect\n|\n|upkeep\n|turn|2\n|\n|t:|1699698280\n|move|p1a: Mouse|Crunch|p2a: Gothita\n|-supereffective|p2a: Gothita\n|-damage|p2a: Gothita|24\/100\n|-damage|p1a: Mouse|91\/100|[from] item: Life Orb\n|move|p2a: Gothita|Light Screen|p2a: Gothita\n|-sidestart|p2: Osgovs|move: Light Screen\n|\n|upkeep\n|turn|3\n|\n|t:|1699698283\n|move|p1a: Mouse|Crunch|p2a: Gothita\n|-supereffective|p2a: Gothita\n|-damage|p2a: Gothita|0 fnt\n|faint|p2a: Gothita\n|-damage|p1a: Mouse|81\/100|[from] item: Life Orb\n|\n|upkeep\n|\n|t:|1699698298\n|switch|p2a: Lucario|Lucario, M|100\/100\n|turn|4\n|j| Oscarx90\n|\n|t:|1699698315\n|move|p1a: Mouse|Aqua Tail|p2a: Lucario\n|-damage|p2a: Lucario|56\/100\n|-damage|p1a: Mouse|71\/100|[from] item: Life Orb\n|move|p2a: Lucario|Swords Dance|p2a: Lucario\n|-boost|p2a: Lucario|atk|2\n|\n|upkeep\n|turn|5\n|\n|t:|1699698322\n|-terastallize|p2a: Lucario|Normal\n|move|p2a: Lucario|Extreme Speed|p1a: Mouse\n|-damage|p1a: Mouse|0 fnt\n|faint|p1a: Mouse\n|-damage|p2a: Lucario|46\/100|[from] item: Life Orb\n|\n|upkeep\n|\n|t:|1699698338\n|switch|p1a: Bird|Braviary, M|100\/100\n|turn|6\n|\n|t:|1699698347\n|move|p2a: Lucario|Extreme Speed|p1a: Bird\n|-damage|p1a: Bird|0 fnt\n|faint|p1a: Bird\n|-damage|p2a: Lucario|36\/100|[from] item: Life Orb\n|\n|upkeep\n|\n|t:|1699698351\n|switch|p1a: Squirrel|Skwovet, M|100\/100\n|turn|7\n|l| Oscarx90\n|\n|t:|1699698365\n|move|p2a: Lucario|Close Combat|p1a: Squirrel\n|-supereffective|p1a: Squirrel\n|-damage|p1a: Squirrel|0 fnt\n|-unboost|p2a: Lucario|def|1\n|-unboost|p2a: Lucario|spd|1\n|faint|p1a: Squirrel\n|-damage|p2a: Lucario|26\/100|[from] item: Life Orb\n|\n|upkeep\n|\n|t:|1699698368\n|switch|p1a: Barraskewda|Barraskewda, M|100\/100\n|turn|8\n|\n|t:|1699698382\n|-terastallize|p1a: Barraskewda|Water\n|move|p2a: Lucario|Extreme Speed|p1a: Barraskewda\n|-damage|p1a: Barraskewda|0 fnt\n|faint|p1a: Barraskewda\n|-damage|p2a: Lucario|17\/100|[from] item: Life Orb\n|\n|win|Osgovs\n|n|\u2606Fiddlw|fiddlw\n|n|\u2606Osgovs|osgovs\n|n|*Lady Monita \u263d|ladymonita\n|n| MopisEdibles|mopisedibles\n","uploadtime":1699698383,"views":19,"p1id":"fiddlw","p2id":"osgovs","formatid":"gen9ou","rating":0,"private":0,"password":""}