{"id":"gen9ou-1993608548","p1":"Proteinman11","p2":"lizl","format":"[Gen 9] OU","log":"|j|\u2606Proteinman11\n|j|\u2606lizl\n|t:|1700337027\n|gametype|singles\n|player|p1|Proteinman11|hiker-gen4|1155\n|player|p2|lizl|102|1230\n|teamsize|p1|6\n|teamsize|p2|6\n|gen|9\n|tier|[Gen 9] OU\n|rated|\n|rule|Sleep Clause Mod: Limit one foe put to sleep\n|rule|Species Clause: Limit one of each Pok\u00e9mon\n|rule|OHKO Clause: OHKO moves are banned\n|rule|Evasion Items Clause: Evasion items are banned\n|rule|Evasion Moves Clause: Evasion moves are banned\n|rule|Endless Battle Clause: Forcing endless battles is banned\n|rule|HP Percentage Mod: HP is shown in percentages\n|clearpoke\n|poke|p1|Dondozo, M|\n|poke|p1|Enamorus, F|\n|poke|p1|Ninetales-Alola, M|\n|poke|p1|Dragonite, M|\n|poke|p1|Kingambit, M|\n|poke|p1|Cinderace, F|\n|poke|p2|Ursaluna, M|\n|poke|p2|Salamence, M|\n|poke|p2|Azumarill, M|\n|poke|p2|Grimmsnarl, M|\n|poke|p2|Sinistcha|\n|poke|p2|Arcanine-Hisui, M|\n|teampreview\n|inactive|Battle timer is ON: inactive players will automatically lose when time's up. (requested by Proteinman11)\n|\n|t:|1700337043\n|start\n|switch|p1a: Donald Trump|Ninetales-Alola, M|100\/100\n|switch|p2a: Arcanine|Arcanine-Hisui, M|100\/100\n|-weather|Snow|[from] ability: Snow Warning|[of] p1a: Donald Trump\n|turn|1\n|inactive|lizl has 120 seconds left.\n|\n|t:|1700337074\n|switch|p1a: Ricky|Dondozo, M|100\/100\n|move|p2a: Arcanine|Head Smash|p1a: Ricky\n|-damage|p1a: Ricky|33\/100\n|\n|-weather|Snow|[upkeep]\n|upkeep\n|turn|2\n|\n|t:|1700337083\n|move|p2a: Arcanine|Head Smash|p1a: Ricky\n|-damage|p1a: Ricky|0 fnt\n|faint|p1a: Ricky\n|\n|-weather|Snow|[upkeep]\n|upkeep\n|\n|t:|1700337091\n|switch|p1a: Michael|Dragonite, M|100\/100\n|turn|3\n|\n|t:|1700337098\n|move|p2a: Arcanine|Head Smash|p1a: Michael|[miss]\n|-miss|p2a: Arcanine|p1a: Michael\n|move|p1a: Michael|Dragon Dance|p1a: Michael\n|-boost|p1a: Michael|atk|1\n|-boost|p1a: Michael|spe|1\n|\n|-weather|Snow|[upkeep]\n|upkeep\n|turn|4\n|\n|t:|1700337104\n|move|p2a: Arcanine|Head Smash|p1a: Michael|[miss]\n|-miss|p2a: Arcanine|p1a: Michael\n|move|p1a: Michael|Dragon Dance|p1a: Michael\n|-boost|p1a: Michael|atk|1\n|-boost|p1a: Michael|spe|1\n|\n|-weather|Snow|[upkeep]\n|upkeep\n|turn|5\n|\n|t:|1700337110\n|move|p1a: Michael|Dragon Dance|p1a: Michael\n|-boost|p1a: Michael|atk|1\n|-boost|p1a: Michael|spe|1\n|move|p2a: Arcanine|Head Smash|p1a: Michael|[miss]\n|-miss|p2a: Arcanine|p1a: Michael\n|\n|-weather|none\n|upkeep\n|turn|6\n|c|\u2606lizl|lol\n|\n|t:|1700337119\n|move|p1a: Michael|Dragon Dance|p1a: Michael\n|-boost|p1a: Michael|atk|1\n|-boost|p1a: Michael|spe|1\n|move|p2a: Arcanine|Head Smash|p1a: Michael\n|-supereffective|p1a: Michael\n|-damage|p1a: Michael|9\/100\n|-enditem|p1a: Michael|Weakness Policy\n|-boost|p1a: Michael|atk|2|[from] item: Weakness Policy\n|-boost|p1a: Michael|spa|2|[from] item: Weakness Policy\n|\n|upkeep\n|turn|7\n|c|\u2606Proteinman11|tehehe\n|\n|t:|1700337133\n|-terastallize|p1a: Michael|Normal\n|move|p1a: Michael|Extreme Speed|p2a: Arcanine\n|-resisted|p2a: Arcanine\n|-damage|p2a: Arcanine|0 fnt\n|faint|p2a: Arcanine\n|\n|upkeep\n|\n|t:|1700337139\n|switch|p2a: Azumarill|Azumarill, M|100\/100\n|turn|8\n|\n|t:|1700337142\n|move|p1a: Michael|Extreme Speed|p2a: Azumarill\n|-damage|p2a: Azumarill|0 fnt\n|faint|p2a: Azumarill\n|\n|upkeep\n|\n|t:|1700337146\n|switch|p2a: Grimmsnarl|Grimmsnarl, M|100\/100\n|turn|9\n|\n|t:|1700337149\n|move|p1a: Michael|Extreme Speed|p2a: Grimmsnarl\n|-damage|p2a: Grimmsnarl|0 fnt\n|faint|p2a: Grimmsnarl\n|\n|upkeep\n|-message|lizl forfeited.\n|\n|win|Proteinman11\n|raw|Proteinman11's rating: 1155 &rarr; <strong>1185<\/strong><br \/>(+30 for winning)\n|raw|lizl's rating: 1230 &rarr; <strong>1200<\/strong><br \/>(-30 for losing)\n|l|\u2606lizl\n","uploadtime":1700337162,"views":15,"p1id":"proteinman11","p2id":"lizl","formatid":"gen9ou","rating":1185,"private":0,"password":""}