{"id":"gen9ou-1988638301","p1":"ProfessorTrickRoom","p2":"Sylveon's Bane","format":"[Gen 9] OU","log":"|j|\u2606ProfessorTrickRoom\n|j|\u2606Sylveon's Bane\n|t:|1699744863\n|gametype|singles\n|player|p1|ProfessorTrickRoom|shauntal|1179\n|player|p2|Sylveon's Bane|102|1114\n|teamsize|p1|6\n|teamsize|p2|6\n|gen|9\n|tier|[Gen 9] OU\n|rated|\n|rule|Sleep Clause Mod: Limit one foe put to sleep\n|rule|Species Clause: Limit one of each Pok\u00e9mon\n|rule|OHKO Clause: OHKO moves are banned\n|rule|Evasion Items Clause: Evasion items are banned\n|rule|Evasion Moves Clause: Evasion moves are banned\n|rule|Endless Battle Clause: Forcing endless battles is banned\n|rule|HP Percentage Mod: HP is shown in percentages\n|clearpoke\n|poke|p1|Meowscarada, F|\n|poke|p1|Skeledirge, F|\n|poke|p1|Quaquaval, M|\n|poke|p1|Forretress, M|\n|poke|p1|Staraptor, M|\n|poke|p1|Hatterene, F|\n|poke|p2|Rillaboom, F|\n|poke|p2|Kingambit, F|\n|poke|p2|Torkoal, F|\n|poke|p2|Arcanine-Hisui, F|\n|poke|p2|Great Tusk|\n|poke|p2|Toxapex, F|\n|teampreview\n|inactive|Battle timer is ON: inactive players will automatically lose when time's up. (requested by Sylveon's Bane)\n|\n|t:|1699744871\n|start\n|switch|p1a: Forretress|Forretress, M|100\/100\n|switch|p2a: Torkoal|Torkoal, F|100\/100\n|-weather|SunnyDay|[from] ability: Drought|[of] p2a: Torkoal\n|turn|1\n|\n|t:|1699744894\n|move|p2a: Torkoal|Lava Plume|p1a: Forretress\n|-supereffective|p1a: Forretress\n|-ability|p1a: Forretress|Sturdy\n|-damage|p1a: Forretress|1\/100\n|-enditem|p1a: Forretress|Red Card|[of] p2a: Torkoal\n|drag|p2a: Toxapex|Toxapex, F|100\/100\n|move|p1a: Forretress|Stealth Rock|p2a: Toxapex\n|-sidestart|p2: Sylveon's Bane|move: Stealth Rock\n|\n|-weather|SunnyDay|[upkeep]\n|upkeep\n|turn|2\n|\n|t:|1699744906\n|move|p2a: Toxapex|Chilling Water|p1a: Forretress\n|-damage|p1a: Forretress|0 fnt\n|faint|p1a: Forretress\n|\n|-weather|SunnyDay|[upkeep]\n|upkeep\n|inactive|ProfessorTrickRoom has 120 seconds left.\n|\n|t:|1699744933\n|switch|p1a: Hatterene|Hatterene, F|100\/100\n|turn|3\n|inactive|ProfessorTrickRoom has 120 seconds left.\n|\n|t:|1699744952\n|move|p2a: Toxapex|Toxic|p1a: Hatterene\n|move|p1a: Hatterene|Toxic|p2a: Toxapex|[from]ability: Magic Bounce\n|-immune|p2a: Toxapex\n|move|p1a: Hatterene|Trick Room|p1a: Hatterene\n|-fieldstart|move: Trick Room|[of] p1a: Hatterene\n|\n|-weather|SunnyDay|[upkeep]\n|upkeep\n|turn|4\n|inactive|Sylveon's Bane has 120 seconds left.\n|\n|t:|1699744991\n|switch|p2a: Torkoal|Torkoal, F|100\/100\n|-damage|p2a: Torkoal|76\/100|[from] Stealth Rock\n|-terastallize|p1a: Hatterene|Ground\n|move|p1a: Hatterene|Tera Blast|p2a: Torkoal|[anim] Tera Blast Ground\n|-supereffective|p2a: Torkoal\n|-damage|p2a: Torkoal|0 fnt\n|faint|p2a: Torkoal\n|\n|-weather|SunnyDay|[upkeep]\n|upkeep\n|\n|t:|1699745010\n|switch|p2a: Rillaboom|Rillaboom, F|100\/100\n|-damage|p2a: Rillaboom|88\/100|[from] Stealth Rock\n|-fieldstart|move: Grassy Terrain|[from] ability: Grassy Surge|[of] p2a: Rillaboom\n|turn|5\n|\n|t:|1699745020\n|move|p1a: Hatterene|Psyshock|p2a: Rillaboom\n|-damage|p2a: Rillaboom|46\/100\n|move|p2a: Rillaboom|Drum Beating|p1a: Hatterene\n|-supereffective|p1a: Hatterene\n|-damage|p1a: Hatterene|0 fnt\n|faint|p1a: Hatterene\n|\n|-weather|SunnyDay|[upkeep]\n|-heal|p2a: Rillaboom|52\/100|[from] Grassy Terrain\n|upkeep\n|\n|t:|1699745025\n|switch|p1a: Skeledirge|Skeledirge, F|100\/100\n|turn|6\n|inactive|Sylveon's Bane has 120 seconds left.\n|\n|t:|1699745034\n|move|p1a: Skeledirge|Torch Song|p2a: Rillaboom\n|-supereffective|p2a: Rillaboom\n|-damage|p2a: Rillaboom|0 fnt\n|-boost|p1a: Skeledirge|spa|1\n|faint|p2a: Rillaboom\n|\n|-weather|SunnyDay|[upkeep]\n|upkeep\n|inactive|Sylveon's Bane has 120 seconds left.\n|inactive|Sylveon's Bane has 90 seconds left.\n|\n|t:|1699745077\n|switch|p2a: Kingambit|Kingambit, F|100\/100\n|-damage|p2a: Kingambit|94\/100|[from] Stealth Rock\n|-activate|p2a: Kingambit|ability: Supreme Overlord\n|-start|p2a: Kingambit|fallen2|[silent]\n|turn|7\n|\n|t:|1699745085\n|move|p2a: Kingambit|Sucker Punch|p1a: Skeledirge\n|-supereffective|p1a: Skeledirge\n|-damage|p1a: Skeledirge|17\/100\n|move|p1a: Skeledirge|Torch Song|p2a: Kingambit\n|-supereffective|p2a: Kingambit\n|-damage|p2a: Kingambit|0 fnt\n|-boost|p1a: Skeledirge|spa|1\n|faint|p2a: Kingambit\n|-end|p2a: Kingambit|fallen2|[silent]\n|\n|-weather|SunnyDay|[upkeep]\n|-heal|p1a: Skeledirge|23\/100|[from] Grassy Terrain\n|-fieldend|move: Trick Room\n|upkeep\n|inactive|Sylveon's Bane has 90 seconds left.\n|\n|t:|1699745104\n|switch|p2a: Great Tusk|Great Tusk|100\/100\n|-damage|p2a: Great Tusk|98\/100|[from] Stealth Rock\n|-activate|p2a: Great Tusk|ability: Protosynthesis\n|-start|p2a: Great Tusk|protosynthesisatk\n|turn|8\n|inactive|Sylveon's Bane has 90 seconds left.\n|\n|t:|1699745119\n|move|p2a: Great Tusk|Earthquake|p1a: Skeledirge\n|-supereffective|p1a: Skeledirge\n|-damage|p1a: Skeledirge|0 fnt\n|faint|p1a: Skeledirge\n|\n|-weather|none\n|-end|p2a: Great Tusk|Protosynthesis\n|-heal|p2a: Great Tusk|100\/100|[from] Grassy Terrain\n|upkeep\n|inactive|ProfessorTrickRoom has 120 seconds left.\n|\n|t:|1699745150\n|switch|p1a: Staraptor|Staraptor, M|100\/100\n|turn|9\n|\n|t:|1699745155\n|move|p1a: Staraptor|Brave Bird|p2a: Great Tusk\n|-supereffective|p2a: Great Tusk\n|-damage|p2a: Great Tusk|0 fnt\n|faint|p2a: Great Tusk\n|-end|p2a: Great Tusk|Protosynthesis|[silent]\n|-damage|p1a: Staraptor|55\/100|[from] Recoil\n|\n|upkeep\n|\n|t:|1699745159\n|switch|p2a: Arcanine|Arcanine-Hisui, F|100\/100\n|-damage|p2a: Arcanine|76\/100|[from] Stealth Rock\n|turn|10\n|\n|t:|1699745169\n|switch|p1a: Quaquaval|Quaquaval, M|100\/100\n|-terastallize|p2a: Arcanine|Fire\n|move|p2a: Arcanine|Flare Blitz|p1a: Quaquaval\n|-resisted|p1a: Quaquaval\n|-damage|p1a: Quaquaval|52\/100\n|\n|-heal|p2a: Arcanine|82\/100|[from] Grassy Terrain\n|-heal|p1a: Quaquaval|58\/100|[from] Grassy Terrain\n|upkeep\n|turn|11\n|\n|t:|1699745187\n|switch|p2a: Toxapex|Toxapex, F|100\/100\n|-damage|p2a: Toxapex|88\/100|[from] Stealth Rock\n|move|p1a: Quaquaval|Aqua Step|p2a: Toxapex\n|-resisted|p2a: Toxapex\n|-damage|p2a: Toxapex|74\/100\n|-boost|p1a: Quaquaval|spe|1\n|\n|-heal|p1a: Quaquaval|64\/100|[from] Grassy Terrain\n|-heal|p2a: Toxapex|80\/100|[from] Grassy Terrain\n|-heal|p2a: Toxapex|86\/100|[from] item: Leftovers\n|upkeep\n|turn|12\n|\n|t:|1699745197\n|switch|p1a: Meowscarada|Meowscarada, F|100\/100\n|move|p2a: Toxapex|Toxic|p1a: Meowscarada\n|-status|p1a: Meowscarada|tox\n|\n|-heal|p2a: Toxapex|93\/100|[from] Grassy Terrain\n|-heal|p2a: Toxapex|99\/100|[from] item: Leftovers\n|-damage|p1a: Meowscarada|94\/100 tox|[from] psn\n|-fieldend|move: Grassy Terrain\n|upkeep\n|turn|13\n|inactive|Sylveon's Bane has 120 seconds left.\n|\n|t:|1699745214\n|move|p2a: Toxapex|Baneful Bunker|p2a: Toxapex\n|-singleturn|p2a: Toxapex|move: Protect\n|move|p1a: Meowscarada|Knock Off|p2a: Toxapex\n|-start|p1a: Meowscarada|typechange|Dark|[from] ability: Protean\n|-activate|p2a: Toxapex|move: Protect\n|\n|-heal|p2a: Toxapex|100\/100|[from] item: Leftovers\n|-damage|p1a: Meowscarada|82\/100 tox|[from] psn\n|upkeep\n|turn|14\n|\n|t:|1699745242\n|move|p1a: Meowscarada|Trick|p2a: Toxapex\n|-activate|p1a: Meowscarada|move: Trick|[of] p2a: Toxapex\n|-item|p2a: Toxapex|Focus Sash|[from] move: Trick\n|-item|p1a: Meowscarada|Leftovers|[from] move: Trick\n|move|p2a: Toxapex|Chilling Water|p1a: Meowscarada\n|-damage|p1a: Meowscarada|66\/100 tox\n|-unboost|p1a: Meowscarada|atk|1\n|\n|-heal|p1a: Meowscarada|73\/100 tox|[from] item: Leftovers\n|-damage|p1a: Meowscarada|54\/100 tox|[from] psn\n|upkeep\n|turn|15\n|inactive|Sylveon's Bane has 90 seconds left.\n|\n|t:|1699745276\n|switch|p1a: Staraptor|Staraptor, M|55\/100\n|move|p2a: Toxapex|Chilling Water|p1a: Staraptor\n|-damage|p1a: Staraptor|38\/100\n|-unboost|p1a: Staraptor|atk|1\n|\n|upkeep\n|turn|16\n|inactive|Sylveon's Bane has 90 seconds left.\n|inactive|ProfessorTrickRoom has 120 seconds left.\n|\n|t:|1699745298\n|move|p1a: Staraptor|U-turn|p2a: Toxapex\n|-resisted|p2a: Toxapex\n|-damage|p2a: Toxapex|91\/100\n|\n|t:|1699745301\n|switch|p1a: Meowscarada|Meowscarada, F|54\/100 tox|[from] U-turn\n|move|p2a: Toxapex|Toxic|p1a: Meowscarada\n|-fail|p1a: Meowscarada|tox\n|\n|-heal|p1a: Meowscarada|60\/100 tox|[from] item: Leftovers\n|-damage|p1a: Meowscarada|54\/100 tox|[from] psn\n|upkeep\n|turn|17\n|inactive|Sylveon's Bane has 90 seconds left.\n|\n|t:|1699745333\n|move|p1a: Meowscarada|Knock Off|p2a: Toxapex\n|-start|p1a: Meowscarada|typechange|Dark|[from] ability: Protean\n|-damage|p2a: Toxapex|57\/100\n|-enditem|p2a: Toxapex|Focus Sash|[from] move: Knock Off|[of] p1a: Meowscarada\n|move|p2a: Toxapex|Chilling Water|p1a: Meowscarada\n|-damage|p1a: Meowscarada|38\/100 tox\n|-unboost|p1a: Meowscarada|atk|1\n|\n|-heal|p1a: Meowscarada|45\/100 tox|[from] item: Leftovers\n|-damage|p1a: Meowscarada|32\/100 tox|[from] psn\n|upkeep\n|turn|18\n|inactive|ProfessorTrickRoom has 120 seconds left.\n|inactive|Sylveon's Bane has 60 seconds left.\n|\n|t:|1699745382\n|switch|p1a: Staraptor|Staraptor, M|38\/100\n|move|p2a: Toxapex|Baneful Bunker||[still]\n|-fail|p2a: Toxapex\n|\n|upkeep\n|turn|19\n|\n|t:|1699745401\n|switch|p1a: Meowscarada|Meowscarada, F|32\/100 tox\n|move|p2a: Toxapex|Toxic|p1a: Meowscarada\n|-fail|p1a: Meowscarada|tox\n|\n|-heal|p1a: Meowscarada|38\/100 tox|[from] item: Leftovers\n|-damage|p1a: Meowscarada|32\/100 tox|[from] psn\n|upkeep\n|turn|20\n|\n|t:|1699745410\n|move|p1a: Meowscarada|Flower Trick|p2a: Toxapex\n|-start|p1a: Meowscarada|typechange|Grass|[from] ability: Protean\n|-crit|p2a: Toxapex\n|-damage|p2a: Toxapex|18\/100\n|move|p2a: Toxapex|Chilling Water|p1a: Meowscarada\n|-resisted|p1a: Meowscarada\n|-damage|p1a: Meowscarada|24\/100 tox\n|-unboost|p1a: Meowscarada|atk|1\n|\n|-heal|p1a: Meowscarada|30\/100 tox|[from] item: Leftovers\n|-damage|p1a: Meowscarada|18\/100 tox|[from] psn\n|upkeep\n|turn|21\n|\n|t:|1699745425\n|switch|p2a: Arcanine|Arcanine-Hisui, F, tera:Fire|82\/100\n|-damage|p2a: Arcanine|57\/100|[from] Stealth Rock\n|move|p1a: Meowscarada|Flower Trick|p2a: Arcanine\n|-resisted|p2a: Arcanine\n|-crit|p2a: Arcanine\n|-damage|p2a: Arcanine|28\/100\n|\n|-heal|p1a: Meowscarada|24\/100 tox|[from] item: Leftovers\n|-damage|p1a: Meowscarada|5\/100 tox|[from] psn\n|upkeep\n|turn|22\n|\n|t:|1699745434\n|switch|p1a: Quaquaval|Quaquaval, M|64\/100\n|move|p2a: Arcanine|Flare Blitz|p1a: Quaquaval\n|-resisted|p1a: Quaquaval\n|-damage|p1a: Quaquaval|13\/100\n|\n|upkeep\n|turn|23\n|\n|t:|1699745436\n|move|p1a: Quaquaval|Aqua Jet|p2a: Arcanine\n|-supereffective|p2a: Arcanine\n|-damage|p2a: Arcanine|0 fnt\n|faint|p2a: Arcanine\n|-ability|p1a: Quaquaval|Moxie|boost\n|-boost|p1a: Quaquaval|atk|1\n|\n|upkeep\n|\n|t:|1699745439\n|switch|p2a: Toxapex|Toxapex, F|51\/100\n|-damage|p2a: Toxapex|39\/100|[from] Stealth Rock\n|turn|24\n|\n|t:|1699745445\n|move|p2a: Toxapex|Baneful Bunker|p2a: Toxapex\n|-singleturn|p2a: Toxapex|move: Protect\n|move|p1a: Quaquaval|Aqua Step|p2a: Toxapex\n|-activate|p2a: Toxapex|move: Protect\n|-status|p1a: Quaquaval|psn\n|\n|-damage|p1a: Quaquaval|1\/100 psn|[from] psn\n|upkeep\n|turn|25\n|\n|t:|1699745454\n|move|p2a: Toxapex|Baneful Bunker||[still]\n|-fail|p2a: Toxapex\n|move|p1a: Quaquaval|Close Combat|p2a: Toxapex\n|-resisted|p2a: Toxapex\n|-damage|p2a: Toxapex|3\/100\n|-unboost|p1a: Quaquaval|def|1\n|-unboost|p1a: Quaquaval|spd|1\n|\n|-damage|p1a: Quaquaval|0 fnt|[from] psn\n|faint|p1a: Quaquaval\n|upkeep\n|\n|t:|1699745459\n|switch|p1a: Meowscarada|Meowscarada, F|5\/100 tox\n|turn|26\n|\n|t:|1699745463\n|switch|p1a: Staraptor|Staraptor, M|38\/100\n|move|p2a: Toxapex|Baneful Bunker||[still]\n|-fail|p2a: Toxapex\n|\n|upkeep\n|turn|27\n|-message|Sylveon's Bane forfeited.\n|\n|win|ProfessorTrickRoom\n|raw|ProfessorTrickRoom's rating: 1179 &rarr; <strong>1199<\/strong><br \/>(+20 for winning)\n|raw|Sylveon&apos;s Bane's rating: 1114 &rarr; <strong>1094<\/strong><br \/>(-20 for losing)\n|l|\u2606Sylveon's Bane\n","uploadtime":1699745478,"views":11,"p1id":"professortrickroom","p2id":"sylveonsbane","formatid":"gen9ou","rating":1094,"private":0,"password":""}