{"id":"gen9ou-1996999544","p1":"yyysneasel","p2":"Luck matter","format":"[Gen 9] OU","log":"|j|\u2606yyysneasel\n|j|\u2606Luck matter\n|inactive|Battle timer is ON: inactive players will automatically lose when time's up.\n|t:|1700754182\n|gametype|singles\n|player|p1|yyysneasel|bugcatcher-gen4dp|\n|player|p2|Luck matter|102|\n|teamsize|p1|6\n|teamsize|p2|6\n|gen|9\n|tier|[Gen 9] OU\n|rated|Tournament battle\n|rule|Sleep Clause Mod: Limit one foe put to sleep\n|rule|Species Clause: Limit one of each Pok\u00e9mon\n|rule|OHKO Clause: OHKO moves are banned\n|rule|Evasion Items Clause: Evasion items are banned\n|rule|Evasion Moves Clause: Evasion moves are banned\n|rule|Endless Battle Clause: Forcing endless battles is banned\n|rule|HP Percentage Mod: HP is shown in percentages\n|clearpoke\n|poke|p1|Corviknight, M|\n|poke|p1|Pelipper, F|\n|poke|p1|Dondozo, M|\n|poke|p1|Slowking-Galar, M|\n|poke|p1|Blissey, F|\n|poke|p1|Clefable, F|\n|poke|p2|Pelipper, F|\n|poke|p2|Dragapult, M|\n|poke|p2|Landorus-Therian, M|\n|poke|p2|Gholdengo|\n|poke|p2|Ceruledge, F|\n|poke|p2|Zamazenta-*|\n|teampreview\n|inactive|Luck matter also wants the timer to be on.\n|j| spookybeans123\n|j| great treads 96\n|j| me and the rza\n|\n|t:|1700754205\n|start\n|switch|p1a: Slowking|Slowking-Galar, M|100\/100\n|switch|p2a: Dragapult|Dragapult, M|100\/100\n|turn|1\n|\n|t:|1700754222\n|move|p2a: Dragapult|U-turn|p1a: Slowking\n|-damage|p1a: Slowking|58\/100\n|\n|t:|1700754230\n|switch|p2a: Pelipper|Pelipper, F|100\/100|[from] U-turn\n|-weather|RainDance|[from] ability: Drizzle|[of] p2a: Pelipper\n|move|p1a: Slowking|Thunder Wave|p2a: Pelipper\n|-status|p2a: Pelipper|par\n|\n|-weather|RainDance|[upkeep]\n|upkeep\n|turn|2\n|\n|t:|1700754241\n|switch|p1a: ban dengo ffs|Blissey, F|100\/100\n|switch|p2a: Gholdengo|Gholdengo|100\/100\n|\n|-weather|RainDance|[upkeep]\n|upkeep\n|turn|3\n|\n|t:|1700754259\n|switch|p2a: Pelipper|Pelipper, F|100\/100 par\n|move|p1a: ban dengo ffs|Stealth Rock|p2a: Pelipper\n|-sidestart|p2: Luck matter|move: Stealth Rock\n|\n|-weather|RainDance|[upkeep]\n|upkeep\n|turn|4\n|\n|t:|1700754263\n|move|p1a: ban dengo ffs|Seismic Toss|p2a: Pelipper\n|-damage|p2a: Pelipper|67\/100 par\n|cant|p2a: Pelipper|par\n|\n|-weather|RainDance|[upkeep]\n|upkeep\n|turn|5\n|\n|t:|1700754266\n|move|p1a: ban dengo ffs|Seismic Toss|p2a: Pelipper\n|-damage|p2a: Pelipper|33\/100 par\n|move|p2a: Pelipper|Tailwind|p2a: Pelipper\n|-sidestart|p2: Luck matter|move: Tailwind\n|\n|-weather|none\n|upkeep\n|turn|6\n|\n|t:|1700754274\n|switch|p2a: Ceruledge|Ceruledge, F|100\/100\n|move|p1a: ban dengo ffs|Flamethrower|p2a: Ceruledge\n|-resisted|p2a: Ceruledge\n|-damage|p2a: Ceruledge|92\/100\n|\n|upkeep\n|turn|7\n|\n|t:|1700754280\n|switch|p1a: Ripbozo \ud83d\ude02 \ud83d\ude02|Dondozo, M|100\/100\n|move|p2a: Ceruledge|Bitter Blade|p1a: Ripbozo \ud83d\ude02 \ud83d\ude02\n|-resisted|p1a: Ripbozo \ud83d\ude02 \ud83d\ude02\n|-damage|p1a: Ripbozo \ud83d\ude02 \ud83d\ude02|90\/100\n|-heal|p2a: Ceruledge|99\/100|[from] drain|[of] p1a: Ripbozo \ud83d\ude02 \ud83d\ude02\n|\n|-heal|p1a: Ripbozo \ud83d\ude02 \ud83d\ude02|97\/100|[from] item: Leftovers\n|upkeep\n|turn|8\n|\n|t:|1700754293\n|switch|p2a: Pelipper|Pelipper, F|33\/100 par\n|-weather|RainDance|[from] ability: Drizzle|[of] p2a: Pelipper\n|move|p1a: Ripbozo \ud83d\ude02 \ud83d\ude02|Wave Crash|p2a: Pelipper\n|-resisted|p2a: Pelipper\n|-damage|p2a: Pelipper|0 fnt\n|faint|p2a: Pelipper\n|-damage|p1a: Ripbozo \ud83d\ude02 \ud83d\ude02|90\/100|[from] Recoil\n|\n|-weather|RainDance|[upkeep]\n|-heal|p1a: Ripbozo \ud83d\ude02 \ud83d\ude02|96\/100|[from] item: Leftovers\n|-sideend|p2: Luck matter|move: Tailwind\n|upkeep\n|\n|t:|1700754301\n|switch|p2a: Dragapult|Dragapult, M|100\/100\n|-damage|p2a: Dragapult|88\/100|[from] Stealth Rock\n|turn|9\n|\n|t:|1700754307\n|switch|p1a: It's Joever|Clefable, F|100\/100\n|-terastallize|p2a: Dragapult|Dragon\n|move|p2a: Dragapult|Dragon Darts|p1a: It's Joever\n|-immune|p1a: It's Joever\n|\n|-weather|RainDance|[upkeep]\n|upkeep\n|turn|10\n|\n|t:|1700754313\n|switch|p2a: Landorus|Landorus-Therian, M|100\/100\n|-damage|p2a: Landorus|88\/100|[from] Stealth Rock\n|-ability|p2a: Landorus|Intimidate|boost\n|-unboost|p1a: It's Joever|atk|1\n|move|p1a: It's Joever|Wish|p1a: It's Joever\n|\n|-weather|RainDance|[upkeep]\n|upkeep\n|turn|11\n|\n|t:|1700754318\n|switch|p1a: FreePalestine\ud83c\uddf5\ud83c\uddf8|Corviknight, M|100\/100\n|-ability|p1a: FreePalestine\ud83c\uddf5\ud83c\uddf8|Pressure\n|move|p2a: Landorus|U-turn|p1a: FreePalestine\ud83c\uddf5\ud83c\uddf8\n|-resisted|p1a: FreePalestine\ud83c\uddf5\ud83c\uddf8\n|-damage|p1a: FreePalestine\ud83c\uddf5\ud83c\uddf8|96\/100\n|-damage|p2a: Landorus|71\/100|[from] item: Rocky Helmet|[of] p1a: FreePalestine\ud83c\uddf5\ud83c\uddf8\n|\n|t:|1700754323\n|switch|p2a: Gholdengo|Gholdengo|100\/100|[from] U-turn\n|-damage|p2a: Gholdengo|94\/100|[from] Stealth Rock\n|\n|-weather|RainDance|[upkeep]\n|-heal|p1a: FreePalestine\ud83c\uddf5\ud83c\uddf8|100\/100|[from] move: Wish|[wisher] It's Joever\n|upkeep\n|turn|12\n|\n|t:|1700754340\n|switch|p2a: Ceruledge|Ceruledge, F|99\/100\n|switch|p1a: ban dengo ffs|Blissey, F|100\/100\n|\n|-weather|none\n|upkeep\n|turn|13\n|j| Flufferide\n|\n|t:|1700754356\n|switch|p1a: Ripbozo \ud83d\ude02 \ud83d\ude02|Dondozo, M|96\/100\n|move|p2a: Ceruledge|Close Combat|p1a: Ripbozo \ud83d\ude02 \ud83d\ude02\n|-damage|p1a: Ripbozo \ud83d\ude02 \ud83d\ude02|78\/100\n|-unboost|p2a: Ceruledge|def|1\n|-unboost|p2a: Ceruledge|spd|1\n|\n|-heal|p1a: Ripbozo \ud83d\ude02 \ud83d\ude02|84\/100|[from] item: Leftovers\n|upkeep\n|turn|14\n|\n|t:|1700754366\n|switch|p2a: Gholdengo|Gholdengo|94\/100\n|-damage|p2a: Gholdengo|88\/100|[from] Stealth Rock\n|move|p1a: Ripbozo \ud83d\ude02 \ud83d\ude02|Wave Crash|p2a: Gholdengo\n|-damage|p2a: Gholdengo|40\/100\n|-damage|p1a: Ripbozo \ud83d\ude02 \ud83d\ude02|74\/100|[from] Recoil\n|\n|-heal|p1a: Ripbozo \ud83d\ude02 \ud83d\ude02|80\/100|[from] item: Leftovers\n|upkeep\n|turn|15\n|\n|t:|1700754378\n|switch|p1a: ban dengo ffs|Blissey, F|100\/100\n|move|p2a: Gholdengo|Shadow Ball|p1a: ban dengo ffs\n|-immune|p1a: ban dengo ffs\n|\n|upkeep\n|turn|16\n|\n|t:|1700754388\n|switch|p2a: Zamazenta|Zamazenta|100\/100\n|-damage|p2a: Zamazenta|95\/100|[from] Stealth Rock\n|-ability|p2a: Zamazenta|Dauntless Shield|boost\n|-boost|p2a: Zamazenta|def|1\n|move|p1a: ban dengo ffs|Flamethrower|p2a: Zamazenta\n|-damage|p2a: Zamazenta|80\/100\n|\n|-heal|p2a: Zamazenta|86\/100|[from] item: Leftovers\n|upkeep\n|turn|17\n|\n|t:|1700754393\n|switch|p1a: Pelipper|Pelipper, F|100\/100\n|-weather|RainDance|[from] ability: Drizzle|[of] p1a: Pelipper\n|move|p2a: Zamazenta|Iron Defense|p2a: Zamazenta\n|-boost|p2a: Zamazenta|def|2\n|\n|-weather|RainDance|[upkeep]\n|-heal|p2a: Zamazenta|92\/100|[from] item: Leftovers\n|upkeep\n|turn|18\n|j| YJTYGV\n|\n|t:|1700754399\n|move|p2a: Zamazenta|Body Press|p1a: Pelipper\n|-resisted|p1a: Pelipper\n|-damage|p1a: Pelipper|64\/100\n|move|p1a: Pelipper|Hurricane|p2a: Zamazenta\n|-supereffective|p2a: Zamazenta\n|-damage|p2a: Zamazenta|23\/100\n|\n|-weather|RainDance|[upkeep]\n|-heal|p2a: Zamazenta|29\/100|[from] item: Leftovers\n|upkeep\n|turn|19\n|j|%Pinecoishot\n|\n|t:|1700754410\n|switch|p2a: Gholdengo|Gholdengo|40\/100\n|-damage|p2a: Gholdengo|34\/100|[from] Stealth Rock\n|move|p1a: Pelipper|Hurricane|p2a: Gholdengo\n|-resisted|p2a: Gholdengo\n|-damage|p2a: Gholdengo|14\/100\n|\n|-weather|RainDance|[upkeep]\n|upkeep\n|turn|20\n|\n|t:|1700754423\n|move|p2a: Gholdengo|Power Gem|p1a: Pelipper\n|-supereffective|p1a: Pelipper\n|-damage|p1a: Pelipper|0 fnt\n|faint|p1a: Pelipper\n|\n|-weather|RainDance|[upkeep]\n|upkeep\n|\n|t:|1700754426\n|switch|p1a: ban dengo ffs|Blissey, F|100\/100\n|turn|21\n|\n|t:|1700754430\n|move|p2a: Gholdengo|Power Gem|p1a: ban dengo ffs\n|-damage|p1a: ban dengo ffs|91\/100\n|move|p1a: ban dengo ffs|Seismic Toss|p2a: Gholdengo\n|-immune|p2a: Gholdengo\n|\n|-weather|none\n|upkeep\n|turn|22\n|\n|t:|1700754436\n|switch|p2a: Ceruledge|Ceruledge, F|99\/100\n|move|p1a: ban dengo ffs|Flamethrower|p2a: Ceruledge\n|-resisted|p2a: Ceruledge\n|-damage|p2a: Ceruledge|91\/100\n|\n|upkeep\n|turn|23\n|\n|t:|1700754440\n|switch|p1a: Ripbozo \ud83d\ude02 \ud83d\ude02|Dondozo, M|80\/100\n|move|p2a: Ceruledge|Swords Dance|p2a: Ceruledge\n|-boost|p2a: Ceruledge|atk|2\n|\n|-heal|p1a: Ripbozo \ud83d\ude02 \ud83d\ude02|86\/100|[from] item: Leftovers\n|upkeep\n|turn|24\n|\n|t:|1700754448\n|switch|p2a: Gholdengo|Gholdengo|14\/100\n|-damage|p2a: Gholdengo|8\/100|[from] Stealth Rock\n|move|p1a: Ripbozo \ud83d\ude02 \ud83d\ude02|Wave Crash|p2a: Gholdengo\n|-crit|p2a: Gholdengo\n|-damage|p2a: Gholdengo|0 fnt\n|faint|p2a: Gholdengo\n|-damage|p1a: Ripbozo \ud83d\ude02 \ud83d\ude02|84\/100|[from] Recoil\n|\n|-heal|p1a: Ripbozo \ud83d\ude02 \ud83d\ude02|91\/100|[from] item: Leftovers\n|upkeep\n|\n|t:|1700754450\n|switch|p2a: Zamazenta|Zamazenta|29\/100\n|-damage|p2a: Zamazenta|23\/100|[from] Stealth Rock\n|turn|25\n|\n|t:|1700754456\n|move|p2a: Zamazenta|Body Press|p1a: Ripbozo \ud83d\ude02 \ud83d\ude02\n|-damage|p1a: Ripbozo \ud83d\ude02 \ud83d\ude02|72\/100\n|move|p1a: Ripbozo \ud83d\ude02 \ud83d\ude02|Wave Crash|p2a: Zamazenta\n|-damage|p2a: Zamazenta|0 fnt\n|faint|p2a: Zamazenta\n|-damage|p1a: Ripbozo \ud83d\ude02 \ud83d\ude02|67\/100|[from] Recoil\n|\n|-heal|p1a: Ripbozo \ud83d\ude02 \ud83d\ude02|73\/100|[from] item: Leftovers\n|upkeep\n|\n|t:|1700754460\n|switch|p2a: Dragapult|Dragapult, M, tera:Dragon|88\/100\n|-damage|p2a: Dragapult|76\/100|[from] Stealth Rock\n|turn|26\n|\n|t:|1700754464\n|switch|p1a: It's Joever|Clefable, F|100\/100\n|move|p2a: Dragapult|Phantom Force||[still]\n|-prepare|p2a: Dragapult|Phantom Force\n|\n|upkeep\n|turn|27\n|\n|t:|1700754468\n|move|p2a: Dragapult|Phantom Force|p1a: It's Joever|[from]lockedmove\n|-damage|p1a: It's Joever|27\/100\n|move|p1a: It's Joever|Wish|p1a: It's Joever\n|\n|upkeep\n|turn|28\n|\n|t:|1700754473\n|move|p1a: It's Joever|Protect|p1a: It's Joever\n|-singleturn|p1a: It's Joever|Protect\n|move|p2a: Dragapult|Phantom Force||[still]\n|-prepare|p2a: Dragapult|Phantom Force\n|\n|-heal|p1a: It's Joever|77\/100|[from] move: Wish|[wisher] It's Joever\n|upkeep\n|turn|29\n|\n|t:|1700754475\n|switch|p1a: ban dengo ffs|Blissey, F|91\/100\n|move|p2a: Dragapult|Phantom Force|p1a: ban dengo ffs|[from]lockedmove\n|-immune|p1a: ban dengo ffs\n|\n|upkeep\n|turn|30\n|\n|t:|1700754479\n|switch|p2a: Landorus|Landorus-Therian, M|71\/100\n|-damage|p2a: Landorus|59\/100|[from] Stealth Rock\n|-ability|p2a: Landorus|Intimidate|boost\n|-unboost|p1a: ban dengo ffs|atk|1\n|move|p1a: ban dengo ffs|Flamethrower|p2a: Landorus\n|-damage|p2a: Landorus|39\/100\n|\n|upkeep\n|turn|31\n|\n|t:|1700754487\n|switch|p1a: FreePalestine\ud83c\uddf5\ud83c\uddf8|Corviknight, M|100\/100\n|-ability|p1a: FreePalestine\ud83c\uddf5\ud83c\uddf8|Pressure\n|move|p2a: Landorus|Stone Edge|p1a: FreePalestine\ud83c\uddf5\ud83c\uddf8|[miss]\n|-miss|p2a: Landorus|p1a: FreePalestine\ud83c\uddf5\ud83c\uddf8\n|\n|upkeep\n|turn|32\n|\n|t:|1700754495\n|move|p2a: Landorus|Stone Edge|p1a: FreePalestine\ud83c\uddf5\ud83c\uddf8\n|-damage|p1a: FreePalestine\ud83c\uddf5\ud83c\uddf8|77\/100\n|move|p1a: FreePalestine\ud83c\uddf5\ud83c\uddf8|U-turn|p2a: Landorus\n|-resisted|p2a: Landorus\n|-damage|p2a: Landorus|31\/100\n|\n|t:|1700754498\n|switch|p1a: Ripbozo \ud83d\ude02 \ud83d\ude02|Dondozo, M|73\/100|[from] U-turn\n|\n|-heal|p1a: Ripbozo \ud83d\ude02 \ud83d\ude02|79\/100|[from] item: Leftovers\n|upkeep\n|turn|33\n|\n|t:|1700754499\n|move|p2a: Landorus|Stone Edge|p1a: Ripbozo \ud83d\ude02 \ud83d\ude02\n|-damage|p1a: Ripbozo \ud83d\ude02 \ud83d\ude02|61\/100\n|move|p1a: Ripbozo \ud83d\ude02 \ud83d\ude02|Wave Crash|p2a: Landorus\n|-supereffective|p2a: Landorus\n|-damage|p2a: Landorus|0 fnt\n|faint|p2a: Landorus\n|-damage|p1a: Ripbozo \ud83d\ude02 \ud83d\ude02|54\/100|[from] Recoil\n|\n|-heal|p1a: Ripbozo \ud83d\ude02 \ud83d\ude02|60\/100|[from] item: Leftovers\n|upkeep\n|\n|t:|1700754501\n|switch|p2a: Dragapult|Dragapult, M, tera:Dragon|76\/100\n|-damage|p2a: Dragapult|64\/100|[from] Stealth Rock\n|turn|34\n|\n|t:|1700754508\n|move|p2a: Dragapult|Dragon Darts|p1a: Ripbozo \ud83d\ude02 \ud83d\ude02\n|-damage|p1a: Ripbozo \ud83d\ude02 \ud83d\ude02|37\/100\n|-anim|p2a: Dragapult|Dragon Darts|p1a: Ripbozo \ud83d\ude02 \ud83d\ude02\n|-damage|p1a: Ripbozo \ud83d\ude02 \ud83d\ude02|14\/100\n|move|p1a: Ripbozo \ud83d\ude02 \ud83d\ude02|Curse|p1a: Ripbozo \ud83d\ude02 \ud83d\ude02\n|-unboost|p1a: Ripbozo \ud83d\ude02 \ud83d\ude02|spe|1\n|-boost|p1a: Ripbozo \ud83d\ude02 \ud83d\ude02|atk|1\n|-boost|p1a: Ripbozo \ud83d\ude02 \ud83d\ude02|def|1\n|\n|-heal|p1a: Ripbozo \ud83d\ude02 \ud83d\ude02|20\/100|[from] item: Leftovers\n|upkeep\n|turn|35\n|\n|t:|1700754511\n|switch|p1a: It's Joever|Clefable, F|77\/100\n|move|p2a: Dragapult|Dragon Darts|p1a: It's Joever\n|-immune|p1a: It's Joever\n|\n|upkeep\n|turn|36\n|\n|t:|1700754515\n|switch|p2a: Ceruledge|Ceruledge, F|91\/100\n|switch|p1a: Ripbozo \ud83d\ude02 \ud83d\ude02|Dondozo, M|20\/100\n|\n|-heal|p1a: Ripbozo \ud83d\ude02 \ud83d\ude02|26\/100|[from] item: Leftovers\n|upkeep\n|turn|37\n|\n|t:|1700754521\n|move|p2a: Ceruledge|Close Combat|p1a: Ripbozo \ud83d\ude02 \ud83d\ude02\n|-damage|p1a: Ripbozo \ud83d\ude02 \ud83d\ude02|7\/100\n|-unboost|p2a: Ceruledge|def|1\n|-unboost|p2a: Ceruledge|spd|1\n|move|p1a: Ripbozo \ud83d\ude02 \ud83d\ude02|Rest|p1a: Ripbozo \ud83d\ude02 \ud83d\ude02\n|-status|p1a: Ripbozo \ud83d\ude02 \ud83d\ude02|slp|[from] move: Rest\n|-heal|p1a: Ripbozo \ud83d\ude02 \ud83d\ude02|100\/100 slp|[silent]\n|\n|upkeep\n|turn|38\n|\n|t:|1700754525\n|switch|p2a: Dragapult|Dragapult, M, tera:Dragon|64\/100\n|-damage|p2a: Dragapult|51\/100|[from] Stealth Rock\n|cant|p1a: Ripbozo \ud83d\ude02 \ud83d\ude02|slp\n|move|p1a: Ripbozo \ud83d\ude02 \ud83d\ude02|Sleep Talk|p1a: Ripbozo \ud83d\ude02 \ud83d\ude02\n|move|p1a: Ripbozo \ud83d\ude02 \ud83d\ude02|Wave Crash|p2a: Dragapult|[from]move: Sleep Talk\n|-resisted|p2a: Dragapult\n|-damage|p2a: Dragapult|24\/100\n|-damage|p1a: Ripbozo \ud83d\ude02 \ud83d\ude02|95\/100 slp|[from] Recoil\n|\n|-heal|p1a: Ripbozo \ud83d\ude02 \ud83d\ude02|100\/100 slp|[from] item: Leftovers\n|upkeep\n|turn|39\n|c|\u2606yyysneasel|gg\n|\n|t:|1700754530\n|switch|p1a: FreePalestine\ud83c\uddf5\ud83c\uddf8|Corviknight, M|77\/100\n|-ability|p1a: FreePalestine\ud83c\uddf5\ud83c\uddf8|Pressure\n|move|p2a: Dragapult|Dragon Darts|p1a: FreePalestine\ud83c\uddf5\ud83c\uddf8\n|-resisted|p1a: FreePalestine\ud83c\uddf5\ud83c\uddf8\n|-crit|p1a: FreePalestine\ud83c\uddf5\ud83c\uddf8\n|-damage|p1a: FreePalestine\ud83c\uddf5\ud83c\uddf8|55\/100\n|-anim|p2a: Dragapult|Dragon Darts|p1a: FreePalestine\ud83c\uddf5\ud83c\uddf8\n|-resisted|p1a: FreePalestine\ud83c\uddf5\ud83c\uddf8\n|-damage|p1a: FreePalestine\ud83c\uddf5\ud83c\uddf8|41\/100\n|\n|upkeep\n|turn|40\n|\n|t:|1700754534\n|move|p2a: Dragapult|Dragon Darts|p1a: FreePalestine\ud83c\uddf5\ud83c\uddf8\n|-resisted|p1a: FreePalestine\ud83c\uddf5\ud83c\uddf8\n|-damage|p1a: FreePalestine\ud83c\uddf5\ud83c\uddf8|27\/100\n|-anim|p2a: Dragapult|Dragon Darts|p1a: FreePalestine\ud83c\uddf5\ud83c\uddf8\n|-resisted|p1a: FreePalestine\ud83c\uddf5\ud83c\uddf8\n|-damage|p1a: FreePalestine\ud83c\uddf5\ud83c\uddf8|11\/100\n|move|p1a: FreePalestine\ud83c\uddf5\ud83c\uddf8|Roost|p1a: FreePalestine\ud83c\uddf5\ud83c\uddf8\n|-heal|p1a: FreePalestine\ud83c\uddf5\ud83c\uddf8|61\/100\n|-singleturn|p1a: FreePalestine\ud83c\uddf5\ud83c\uddf8|move: Roost\n|\n|upkeep\n|turn|41\n|\n|t:|1700754537\n|switch|p2a: Ceruledge|Ceruledge, F|91\/100\n|move|p1a: FreePalestine\ud83c\uddf5\ud83c\uddf8|Roost|p1a: FreePalestine\ud83c\uddf5\ud83c\uddf8\n|-heal|p1a: FreePalestine\ud83c\uddf5\ud83c\uddf8|100\/100\n|-singleturn|p1a: FreePalestine\ud83c\uddf5\ud83c\uddf8|move: Roost\n|\n|upkeep\n|turn|42\n|\n|t:|1700754539\n|switch|p1a: Ripbozo \ud83d\ude02 \ud83d\ude02|Dondozo, M|100\/100 slp\n|move|p2a: Ceruledge|Swords Dance|p2a: Ceruledge\n|-boost|p2a: Ceruledge|atk|2\n|\n|upkeep\n|turn|43\n|c| YJTYGV|it is joever\n|\n|t:|1700754542\n|move|p2a: Ceruledge|Bitter Blade|p1a: Ripbozo \ud83d\ude02 \ud83d\ude02\n|-resisted|p1a: Ripbozo \ud83d\ude02 \ud83d\ude02\n|-damage|p1a: Ripbozo \ud83d\ude02 \ud83d\ude02|90\/100 slp\n|-heal|p2a: Ceruledge|99\/100|[from] drain|[of] p1a: Ripbozo \ud83d\ude02 \ud83d\ude02\n|cant|p1a: Ripbozo \ud83d\ude02 \ud83d\ude02|slp\n|move|p1a: Ripbozo \ud83d\ude02 \ud83d\ude02|Sleep Talk|p1a: Ripbozo \ud83d\ude02 \ud83d\ude02\n|move|p1a: Ripbozo \ud83d\ude02 \ud83d\ude02|Wave Crash|p2a: Ceruledge|[from]move: Sleep Talk\n|-supereffective|p2a: Ceruledge\n|-damage|p2a: Ceruledge|11\/100\n|-ability|p2a: Ceruledge|Weak Armor|boost\n|-unboost|p2a: Ceruledge|def|1\n|-boost|p2a: Ceruledge|spe|2\n|-damage|p1a: Ripbozo \ud83d\ude02 \ud83d\ude02|72\/100 slp|[from] Recoil\n|\n|-heal|p1a: Ripbozo \ud83d\ude02 \ud83d\ude02|78\/100 slp|[from] item: Leftovers\n|upkeep\n|turn|44\n|\n|t:|1700754547\n|move|p2a: Ceruledge|Close Combat|p1a: Ripbozo \ud83d\ude02 \ud83d\ude02\n|-damage|p1a: Ripbozo \ud83d\ude02 \ud83d\ude02|60\/100 slp\n|-unboost|p2a: Ceruledge|def|1\n|-unboost|p2a: Ceruledge|spd|1\n|-curestatus|p1a: Ripbozo \ud83d\ude02 \ud83d\ude02|slp|[msg]\n|move|p1a: Ripbozo \ud83d\ude02 \ud83d\ude02|Wave Crash|p2a: Ceruledge\n|-supereffective|p2a: Ceruledge\n|-damage|p2a: Ceruledge|0 fnt\n|faint|p2a: Ceruledge\n|-damage|p1a: Ripbozo \ud83d\ude02 \ud83d\ude02|58\/100|[from] Recoil\n|\n|-heal|p1a: Ripbozo \ud83d\ude02 \ud83d\ude02|64\/100|[from] item: Leftovers\n|upkeep\n|c|\u2606Luck matter|gg\n|\n|t:|1700754551\n|switch|p2a: Dragapult|Dragapult, M, tera:Dragon|24\/100\n|-damage|p2a: Dragapult|12\/100|[from] Stealth Rock\n|turn|45\n|\n|t:|1700754554\n|move|p2a: Dragapult|Dragon Darts|p1a: Ripbozo \ud83d\ude02 \ud83d\ude02\n|-damage|p1a: Ripbozo \ud83d\ude02 \ud83d\ude02|42\/100\n|-anim|p2a: Dragapult|Dragon Darts|p1a: Ripbozo \ud83d\ude02 \ud83d\ude02\n|-damage|p1a: Ripbozo \ud83d\ude02 \ud83d\ude02|19\/100\n|move|p1a: Ripbozo \ud83d\ude02 \ud83d\ude02|Wave Crash|p2a: Dragapult\n|-resisted|p2a: Dragapult\n|-damage|p2a: Dragapult|0 fnt\n|faint|p2a: Dragapult\n|-damage|p1a: Ripbozo \ud83d\ude02 \ud83d\ude02|17\/100|[from] Recoil\n|\n|win|yyysneasel\n|n|\u2606yyysneasel|yyysneasel\n|n|\u2606Luck matter|luckmatter\n|n| spookybeans123|spookybeans123\n|n| great treads 96|greattreads96\n|n| me and the rza|meandtherza\n|n| Flufferide|flufferide\n|n| YJTYGV|yjtygv\n|n| Pinecoishot|pinecoishot\n","uploadtime":1700754556,"views":0,"p1id":"yyysneasel","p2id":"luckmatter","formatid":"gen9ou","rating":0,"private":0,"password":""}