{"id":"gen9ou-1992688191","p1":"Maplefish","p2":"jamie131633","format":"[Gen 9] OU","log":"|j|\u2606Maplefish\n|j|\u2606jamie131633\n|t:|1700225399\n|gametype|singles\n|player|p1|Maplefish|bellis|1108\n|player|p2|jamie131633|1|1021\n|teamsize|p1|6\n|teamsize|p2|6\n|gen|9\n|tier|[Gen 9] OU\n|rated|\n|rule|Sleep Clause Mod: Limit one foe put to sleep\n|rule|Species Clause: Limit one of each Pok\u00e9mon\n|rule|OHKO Clause: OHKO moves are banned\n|rule|Evasion Items Clause: Evasion items are banned\n|rule|Evasion Moves Clause: Evasion moves are banned\n|rule|Endless Battle Clause: Forcing endless battles is banned\n|rule|HP Percentage Mod: HP is shown in percentages\n|clearpoke\n|poke|p1|Great Tusk|\n|poke|p1|Hatterene, F|\n|poke|p1|Ogerpon-Wellspring, F|\n|poke|p1|Thundurus-Therian, M|\n|poke|p1|Iron Moth|\n|poke|p1|Meowscarada, M|\n|poke|p2|Glimmora, M|\n|poke|p2|Ogerpon-Cornerstone, F|\n|poke|p2|Lechonk, F|\n|poke|p2|Magikarp, F|\n|poke|p2|Pichu, M|\n|poke|p2|Kingambit, F|\n|teampreview\n|\n|t:|1700225408\n|start\n|switch|p1a: Ogerpon|Ogerpon-Wellspring, F|100\/100\n|switch|p2a: blippy|Glimmora, M|100\/100\n|turn|1\n|\n|t:|1700225416\n|switch|p1a: Hatterene|Hatterene, F|100\/100\n|switch|p2a: blepper|Ogerpon-Cornerstone, F|100\/100\n|\n|upkeep\n|turn|2\n|\n|t:|1700225424\n|move|p1a: Hatterene|Mystical Fire|p2a: blepper\n|-damage|p2a: blepper|74\/100\n|-unboost|p2a: blepper|spa|1\n|move|p2a: blepper|Counter||[still]\n|-fail|p2a: blepper\n|\n|upkeep\n|turn|3\n|\n|t:|1700225434\n|move|p1a: Hatterene|Mystical Fire|p2a: blepper\n|-damage|p2a: blepper|45\/100\n|-unboost|p2a: blepper|spa|1\n|move|p2a: blepper|Counter||[still]\n|-fail|p2a: blepper\n|\n|upkeep\n|turn|4\n|\n|t:|1700225441\n|move|p1a: Hatterene|Mystical Fire|p2a: blepper\n|-damage|p2a: blepper|19\/100\n|-unboost|p2a: blepper|spa|1\n|move|p2a: blepper|Counter||[still]\n|-fail|p2a: blepper\n|\n|upkeep\n|turn|5\n|\n|t:|1700225446\n|move|p1a: Hatterene|Calm Mind|p1a: Hatterene\n|-boost|p1a: Hatterene|spa|1\n|-boost|p1a: Hatterene|spd|1\n|move|p2a: blepper|Counter||[still]\n|-fail|p2a: blepper\n|\n|upkeep\n|turn|6\n|\n|t:|1700225453\n|switch|p2a: blippy|Glimmora, M|100\/100\n|move|p1a: Hatterene|Calm Mind|p1a: Hatterene\n|-boost|p1a: Hatterene|spa|1\n|-boost|p1a: Hatterene|spd|1\n|\n|upkeep\n|turn|7\n|\n|t:|1700225458\n|-terastallize|p1a: Hatterene|Poison\n|move|p2a: blippy|Explosion|p1a: Hatterene\n|-damage|p1a: Hatterene|42\/100\n|faint|p2a: blippy\n|move|p1a: Hatterene|Psychic|p2: blippy|[notarget]\n|-fail|p1a: Hatterene\n|\n|-heal|p1a: Hatterene|48\/100|[from] item: Leftovers\n|upkeep\n|\n|t:|1700225467\n|switch|p2a: lechonk go bonk|Lechonk, F|100\/100\n|turn|8\n|\n|t:|1700225470\n|move|p2a: lechonk go bonk|Protect|p2a: lechonk go bonk\n|-singleturn|p2a: lechonk go bonk|Protect\n|move|p1a: Hatterene|Draining Kiss|p2a: lechonk go bonk\n|-activate|p2a: lechonk go bonk|move: Protect\n|\n|-heal|p1a: Hatterene|54\/100|[from] item: Leftovers\n|upkeep\n|turn|9\n|\n|t:|1700225477\n|move|p2a: lechonk go bonk|Tackle|p1a: Hatterene\n|-enditem|p2a: lechonk go bonk|Normal Gem|[from] gem\n|-damage|p1a: Hatterene|36\/100\n|move|p1a: Hatterene|Draining Kiss|p2a: lechonk go bonk\n|-damage|p2a: lechonk go bonk|0 fnt\n|-heal|p1a: Hatterene|100\/100|[from] drain|[of] p2a: lechonk go bonk\n|faint|p2a: lechonk go bonk\n|\n|upkeep\n|\n|t:|1700225489\n|switch|p2a: blepper|Ogerpon-Cornerstone, F|19\/100\n|turn|10\n|\n|t:|1700225492\n|move|p1a: Hatterene|Draining Kiss|p2a: blepper\n|-damage|p2a: blepper|0 fnt\n|faint|p2a: blepper\n|\n|upkeep\n|\n|t:|1700225498\n|switch|p2a: magic|Magikarp, F|100\/100\n|turn|11\n|\n|t:|1700225501\n|move|p2a: magic|Flail|p1a: Hatterene\n|-damage|p1a: Hatterene|99\/100\n|move|p1a: Hatterene|Psychic|p2a: magic\n|-enditem|p2a: magic|Focus Sash\n|-damage|p2a: magic|1\/100\n|\n|-heal|p1a: Hatterene|100\/100|[from] item: Leftovers\n|upkeep\n|turn|12\n|\n|t:|1700225512\n|move|p2a: magic|Flail|p1a: Hatterene\n|-damage|p1a: Hatterene|88\/100\n|move|p1a: Hatterene|Draining Kiss|p2a: magic\n|-damage|p2a: magic|0 fnt\n|-heal|p1a: Hatterene|88\/100|[from] drain|[of] p2a: magic\n|faint|p2a: magic\n|\n|-heal|p1a: Hatterene|94\/100|[from] item: Leftovers\n|upkeep\n|\n|t:|1700225521\n|switch|p2a: blep|Pichu, M|100\/100\n|turn|13\n|\n|t:|1700225527\n|move|p2a: blep|Tera Blast|p1a: Hatterene\n|-damage|p1a: Hatterene|89\/100\n|move|p1a: Hatterene|Psychic|p2a: blep\n|-enditem|p2a: blep|Focus Sash\n|-damage|p2a: blep|1\/100\n|\n|-heal|p1a: Hatterene|95\/100|[from] item: Leftovers\n|upkeep\n|turn|14\n|\n|t:|1700225535\n|move|p2a: blep|Tera Blast|p1a: Hatterene\n|-damage|p1a: Hatterene|90\/100\n|move|p1a: Hatterene|Mystical Fire|p2a: blep\n|-damage|p2a: blep|0 fnt\n|faint|p2a: blep\n|\n|-heal|p1a: Hatterene|96\/100|[from] item: Leftovers\n|upkeep\n|\n|t:|1700225543\n|switch|p2a: Queengambit|Kingambit, F, shiny|100\/100\n|-activate|p2a: Queengambit|ability: Supreme Overlord\n|-start|p2a: Queengambit|fallen5|[silent]\n|turn|15\n|\n|t:|1700225552\n|move|p2a: Queengambit|Sucker Punch|p1a: Hatterene\n|-damage|p1a: Hatterene|12\/100\n|-damage|p2a: Queengambit|91\/100|[from] item: Life Orb\n|move|p1a: Hatterene|Mystical Fire|p2a: Queengambit\n|-supereffective|p2a: Queengambit\n|-damage|p2a: Queengambit|0 fnt\n|faint|p2a: Queengambit\n|-end|p2a: Queengambit|fallen5|[silent]\n|\n|win|Maplefish\n|raw|Maplefish's rating: 1108 &rarr; <strong>1127<\/strong><br \/>(+19 for winning)\n|raw|jamie131633's rating: 1021 &rarr; <strong>1011<\/strong><br \/>(-10 for losing)\n","uploadtime":1700225556,"views":11,"p1id":"maplefish","p2id":"jamie131633","formatid":"gen9ou","rating":1011,"private":0,"password":""}