{"id":"gen9ou-1999539717","p1":"seaofdreams","p2":"Skaraptor2.1","format":"[Gen 9] OU","log":"|j|\u2606seaofdreams\n|j|\u2606Skaraptor2.1\n|t:|1701094071\n|gametype|singles\n|player|p1|seaofdreams|101|1174\n|player|p2|Skaraptor2.1|bodybuilderf-gen9|1272\n|teamsize|p1|6\n|teamsize|p2|6\n|gen|9\n|tier|[Gen 9] OU\n|rated|\n|rule|Sleep Clause Mod: Limit one foe put to sleep\n|rule|Species Clause: Limit one of each Pok\u00e9mon\n|rule|OHKO Clause: OHKO moves are banned\n|rule|Evasion Items Clause: Evasion items are banned\n|rule|Evasion Moves Clause: Evasion moves are banned\n|rule|Endless Battle Clause: Forcing endless battles is banned\n|rule|HP Percentage Mod: HP is shown in percentages\n|clearpoke\n|poke|p1|Arcanine-Hisui, M|\n|poke|p1|Dragapult, F|\n|poke|p1|Ribombee, F|\n|poke|p1|Alomomola, F|\n|poke|p1|Blissey, F|\n|poke|p1|Great Tusk|\n|poke|p2|Ribombee, M|\n|poke|p2|Ogerpon-Wellspring, F|\n|poke|p2|Enamorus, F|\n|poke|p2|Zamazenta-*|\n|poke|p2|Iron Valiant|\n|poke|p2|Kingambit, F|\n|teampreview\n|inactive|Battle timer is ON: inactive players will automatically lose when time's up. (requested by Skaraptor2.1)\n|\n|t:|1701094086\n|start\n|switch|p1a: Blissey|Blissey, F|100\/100\n|switch|p2a: Twink|Ribombee, M|100\/100\n|turn|1\n|\n|t:|1701094107\n|move|p2a: Twink|Skill Swap|p1a: Blissey\n|-activate|p2a: Twink|move: Skill Swap|Natural Cure|Shield Dust|[of] p1a: Blissey\n|move|p1a: Blissey|Seismic Toss|p2a: Twink\n|-damage|p2a: Twink|70\/100\n|\n|upkeep\n|turn|2\n|\n|t:|1701094113\n|move|p2a: Twink|Stun Spore|p1a: Blissey\n|-status|p1a: Blissey|par\n|move|p1a: Blissey|Stealth Rock|p2a: Twink\n|-sidestart|p2: Skaraptor2.1|move: Stealth Rock\n|\n|upkeep\n|turn|3\n|\n|t:|1701094139\n|switch|p1a: Arcanine|Arcanine-Hisui, M|100\/100\n|move|p2a: Twink|Sticky Web|p1a: Arcanine\n|-sidestart|p1: seaofdreams|move: Sticky Web\n|\n|upkeep\n|turn|4\n|inactive|Skaraptor2.1 has 120 seconds left.\n|\n|t:|1701094179\n|move|p1a: Arcanine|Extreme Speed|p2a: Twink\n|-damage|p2a: Twink|9\/100\n|move|p2a: Twink|Stun Spore|p1a: Arcanine\n|-status|p1a: Arcanine|par\n|\n|upkeep\n|turn|5\n|\n|t:|1701094189\n|move|p1a: Arcanine|Extreme Speed|p2a: Twink\n|-damage|p2a: Twink|0 fnt\n|faint|p2a: Twink\n|\n|upkeep\n|\n|t:|1701094210\n|switch|p2a: Transfem|Ogerpon-Wellspring, F|100\/100\n|-damage|p2a: Transfem|88\/100|[from] Stealth Rock\n|turn|6\n|\n|t:|1701094218\n|move|p1a: Arcanine|Extreme Speed|p2a: Transfem\n|-damage|p2a: Transfem|38\/100\n|move|p2a: Transfem|Knock Off|p1a: Arcanine\n|-damage|p1a: Arcanine|53\/100 par\n|-enditem|p1a: Arcanine|Choice Band|[from] move: Knock Off|[of] p2a: Transfem\n|\n|upkeep\n|turn|7\n|\n|t:|1701094226\n|move|p1a: Arcanine|Extreme Speed|p2a: Transfem\n|-damage|p2a: Transfem|7\/100\n|move|p2a: Transfem|Ivy Cudgel|p1a: Arcanine|[anim] Ivy Cudgel Water\n|-supereffective|p1a: Arcanine\n|-damage|p1a: Arcanine|0 fnt\n|faint|p1a: Arcanine\n|\n|upkeep\n|\n|t:|1701094242\n|switch|p1a: Dragapult|Dragapult, F|100\/100\n|-activate|p1a: Dragapult|move: Sticky Web\n|-unboost|p1a: Dragapult|spe|1\n|turn|8\n|inactive|Skaraptor2.1 has 120 seconds left.\n|\n|t:|1701094255\n|move|p2a: Transfem|Knock Off|p1a: Dragapult\n|-supereffective|p1a: Dragapult\n|-damage|p1a: Dragapult|0 fnt\n|-enditem|p1a: Dragapult|Leftovers|[from] move: Knock Off|[of] p2a: Transfem\n|faint|p1a: Dragapult\n|\n|upkeep\n|-message|seaofdreams forfeited.\n|\n|win|Skaraptor2.1\n|raw|seaofdreams's rating: 1174 &rarr; <strong>1156<\/strong><br \/>(-18 for losing)\n|raw|Skaraptor2.1's rating: 1272 &rarr; <strong>1290<\/strong><br \/>(+18 for winning)\n|l|\u2606seaofdreams\n","uploadtime":1701094283,"views":2,"p1id":"seaofdreams","p2id":"skaraptor21","formatid":"gen9ou","rating":1156,"private":0,"password":""}