{"id":"gen9ou-1989250381","p1":"AminitraboTTT","p2":"Z3ro06","format":"[Gen 9] OU","log":"|j|\u2606AminitraboTTT\n|j|\u2606Z3ro06\n|inactive|Battle timer is ON: inactive players will automatically lose when time's up.\n|t:|1699828029\n|gametype|singles\n|player|p1|AminitraboTTT|supernerd|\n|player|p2|Z3ro06|colress|\n|teamsize|p1|6\n|teamsize|p2|6\n|gen|9\n|tier|[Gen 9] OU\n|rated|Tournament battle\n|rule|Sleep Clause Mod: Limit one foe put to sleep\n|rule|Species Clause: Limit one of each Pok\u00e9mon\n|rule|OHKO Clause: OHKO moves are banned\n|rule|Evasion Items Clause: Evasion items are banned\n|rule|Evasion Moves Clause: Evasion moves are banned\n|rule|Endless Battle Clause: Forcing endless battles is banned\n|rule|HP Percentage Mod: HP is shown in percentages\n|clearpoke\n|poke|p1|Zapdos|\n|poke|p1|Heatran, F|\n|poke|p1|Amoonguss, F|\n|poke|p1|Greninja-*, M|\n|poke|p1|Great Tusk|\n|poke|p1|Iron Valiant|\n|poke|p2|Walking Wake|\n|poke|p2|Kingambit, M|\n|poke|p2|Manaphy|\n|poke|p2|Ribombee, M|\n|poke|p2|Dragapult, M|\n|poke|p2|Landorus-Therian, M|\n|teampreview\n|c|\u2606AminitraboTTT|Hola, soy AminitraboTTT, el bot de la sala Espa\u00f1ol. gl hf\n|j| padren't\n|\n|t:|1699828039\n|start\n|switch|p1a: Great Tusk|Great Tusk|100\/100\n|switch|p2a: Ribombee|Ribombee, M|100\/100\n|turn|1\n|\n|t:|1699828046\n|-end|p1a: Great Tusk|Protosynthesis|[silent]\n|switch|p1a: Heatran|Heatran, F|100\/100\n|move|p2a: Ribombee|Tailwind|p2a: Ribombee\n|-sidestart|p2: Z3ro06|move: Tailwind\n|\n|upkeep\n|turn|2\n|\n|t:|1699828049\n|-terastallize|p1a: Heatran|Grass\n|move|p2a: Ribombee|Sticky Web|p1a: Heatran\n|-sidestart|p1: AminitraboTTT|move: Sticky Web\n|move|p1a: Heatran|Magma Storm|p2a: Ribombee\n|-supereffective|p2a: Ribombee\n|-enditem|p2a: Ribombee|Focus Sash\n|-damage|p2a: Ribombee|1\/100\n|-activate|p2a: Ribombee|move: Magma Storm|[of] p1a: Heatran\n|\n|-damage|p2a: Ribombee|0 fnt|[from] move: Magma Storm|[partiallytrapped]\n|faint|p2a: Ribombee\n|upkeep\n|l| padren't\n|\n|t:|1699828071\n|switch|p2a: Manaphy|Manaphy, shiny|100\/100\n|turn|3\n|\n|t:|1699828074\n|switch|p1a: Greninja|Greninja, M|100\/100\n|-activate|p1a: Greninja|move: Sticky Web\n|-unboost|p1a: Greninja|spe|1\n|move|p2a: Manaphy|Tail Glow|p2a: Manaphy\n|-boost|p2a: Manaphy|spa|3\n|\n|upkeep\n|turn|4\n|\n|t:|1699828077\n|move|p2a: Manaphy|Energy Ball|p1a: Greninja\n|-supereffective|p1a: Greninja\n|-damage|p1a: Greninja|0 fnt\n|faint|p1a: Greninja\n|\n|-sideend|p2: Z3ro06|move: Tailwind\n|upkeep\n|\n|t:|1699828077\n|switch|p1a: Amoonguss|Amoonguss, F|100\/100\n|-activate|p1a: Amoonguss|move: Sticky Web\n|-unboost|p1a: Amoonguss|spe|1\n|turn|5\n|\n|t:|1699828085\n|-terastallize|p2a: Manaphy|Grass\n|move|p2a: Manaphy|Psychic|p1a: Amoonguss\n|-supereffective|p1a: Amoonguss\n|-damage|p1a: Amoonguss|0 fnt\n|faint|p1a: Amoonguss\n|\n|upkeep\n|\n|t:|1699828085\n|switch|p1a: Zapdos|Zapdos|100\/100\n|turn|6\n|\n|t:|1699828095\n|move|p2a: Manaphy|Scald|p1a: Zapdos\n|-damage|p1a: Zapdos|13\/100\n|move|p1a: Zapdos|Hurricane|p2a: Manaphy\n|-supereffective|p2a: Manaphy\n|-damage|p2a: Manaphy|5\/100\n|\n|-heal|p2a: Manaphy|11\/100|[from] item: Leftovers\n|upkeep\n|turn|7\n|\n|t:|1699828097\n|move|p2a: Manaphy|Scald|p1a: Zapdos\n|-crit|p1a: Zapdos\n|-damage|p1a: Zapdos|0 fnt\n|faint|p1a: Zapdos\n|\n|-heal|p2a: Manaphy|17\/100|[from] item: Leftovers\n|upkeep\n|\n|t:|1699828097\n|switch|p1a: Heatran|Heatran, F, tera:Grass|100\/100\n|-activate|p1a: Heatran|move: Sticky Web\n|-unboost|p1a: Heatran|spe|1\n|turn|8\n|\n|t:|1699828101\n|move|p2a: Manaphy|Psychic|p1a: Heatran\n|-damage|p1a: Heatran|63\/100\n|move|p1a: Heatran|Magma Storm|p2a: Manaphy\n|-supereffective|p2a: Manaphy\n|-damage|p2a: Manaphy|0 fnt\n|faint|p2a: Manaphy\n|\n|-heal|p1a: Heatran|69\/100|[from] item: Leftovers\n|upkeep\n|\n|t:|1699828105\n|switch|p2a: Dragapult|Dragapult, M|100\/100\n|turn|9\n|\n|t:|1699828109\n|switch|p1a: Iron Valiant|Iron Valiant|100\/100\n|-activate|p1a: Iron Valiant|move: Sticky Web\n|-unboost|p1a: Iron Valiant|spe|1\n|-enditem|p1a: Iron Valiant|Booster Energy\n|-activate|p1a: Iron Valiant|ability: Quark Drive|[fromitem]\n|-start|p1a: Iron Valiant|quarkdriveatk\n|move|p2a: Dragapult|Shadow Ball|p1a: Iron Valiant\n|-damage|p1a: Iron Valiant|7\/100\n|\n|upkeep\n|turn|10\n|\n|t:|1699828117\n|move|p2a: Dragapult|Shadow Ball|p1a: Iron Valiant\n|-damage|p1a: Iron Valiant|0 fnt\n|faint|p1a: Iron Valiant\n|-end|p1a: Iron Valiant|Quark Drive|[silent]\n|\n|upkeep\n|\n|t:|1699828117\n|switch|p1a: Great Tusk|Great Tusk|100\/100\n|-activate|p1a: Great Tusk|move: Sticky Web\n|-unboost|p1a: Great Tusk|spe|1\n|turn|11\n|\n|t:|1699828123\n|move|p2a: Dragapult|Shadow Ball|p1a: Great Tusk\n|-damage|p1a: Great Tusk|12\/100\n|move|p1a: Great Tusk|Stealth Rock|p2a: Dragapult\n|-sidestart|p2: Z3ro06|move: Stealth Rock\n|\n|-heal|p1a: Great Tusk|18\/100|[from] item: Leftovers\n|upkeep\n|turn|12\n|\n|t:|1699828126\n|move|p2a: Dragapult|Shadow Ball|p1a: Great Tusk\n|-damage|p1a: Great Tusk|0 fnt\n|faint|p1a: Great Tusk\n|-end|p1a: Great Tusk|Protosynthesis|[silent]\n|\n|upkeep\n|\n|t:|1699828126\n|switch|p1a: Heatran|Heatran, F, tera:Grass|69\/100\n|-activate|p1a: Heatran|move: Sticky Web\n|-unboost|p1a: Heatran|spe|1\n|turn|13\n|\n|t:|1699828129\n|move|p2a: Dragapult|Shadow Ball|p1a: Heatran\n|-damage|p1a: Heatran|37\/100\n|move|p1a: Heatran|Taunt|p2a: Dragapult\n|-start|p2a: Dragapult|move: Taunt\n|\n|-heal|p1a: Heatran|43\/100|[from] item: Leftovers\n|upkeep\n|turn|14\n|\n|t:|1699828131\n|move|p1a: Heatran|Protect|p1a: Heatran\n|-singleturn|p1a: Heatran|Protect\n|move|p2a: Dragapult|Shadow Ball|p1a: Heatran\n|-activate|p1a: Heatran|move: Protect\n|\n|-heal|p1a: Heatran|49\/100|[from] item: Leftovers\n|upkeep\n|turn|15\n|\n|t:|1699828133\n|move|p2a: Dragapult|Shadow Ball|p1a: Heatran\n|-damage|p1a: Heatran|17\/100\n|move|p1a: Heatran|Magma Storm|p2a: Dragapult\n|-resisted|p2a: Dragapult\n|-damage|p2a: Dragapult|71\/100\n|-activate|p2a: Dragapult|move: Magma Storm|[of] p1a: Heatran\n|\n|-heal|p1a: Heatran|23\/100|[from] item: Leftovers\n|-damage|p2a: Dragapult|59\/100|[from] move: Magma Storm|[partiallytrapped]\n|upkeep\n|turn|16\n|\n|t:|1699828135\n|move|p2a: Dragapult|Shadow Ball|p1a: Heatran\n|-crit|p1a: Heatran\n|-damage|p1a: Heatran|0 fnt\n|faint|p1a: Heatran\n|\n|win|Z3ro06\n|n|\u2606AminitraboTTT|aminitrabottt\n|n|\u2606Z3ro06|z3ro06\n","uploadtime":1699828135,"views":10,"p1id":"aminitrabottt","p2id":"z3ro06","formatid":"gen9ou","rating":0,"private":0,"password":""}