{"id":"gen9ou-1988338351","p1":"PokemonisaboutRNG","p2":"wiesiu5555","format":"[Gen 9] OU","log":"|j|\u2606PokemonisaboutRNG\n|j|\u2606wiesiu5555\n|t:|1699710726\n|gametype|singles\n|player|p1|PokemonisaboutRNG|lucas|1227\n|player|p2|wiesiu5555|266|1181\n|teamsize|p1|6\n|teamsize|p2|6\n|gen|9\n|tier|[Gen 9] OU\n|rated|\n|rule|Sleep Clause Mod: Limit one foe put to sleep\n|rule|Species Clause: Limit one of each Pok\u00e9mon\n|rule|OHKO Clause: OHKO moves are banned\n|rule|Evasion Items Clause: Evasion items are banned\n|rule|Evasion Moves Clause: Evasion moves are banned\n|rule|Endless Battle Clause: Forcing endless battles is banned\n|rule|HP Percentage Mod: HP is shown in percentages\n|clearpoke\n|poke|p1|Samurott-Hisui, F|\n|poke|p1|Ceruledge, F|\n|poke|p1|Thundurus-Therian, M|\n|poke|p1|Amoonguss, M|\n|poke|p1|Great Tusk|\n|poke|p1|Gholdengo|\n|poke|p2|Corviknight, M|\n|poke|p2|Greninja-*, M|\n|poke|p2|Ribombee, F|\n|poke|p2|Dragapult, F|\n|poke|p2|Zapdos|\n|poke|p2|Gliscor, M|\n|teampreview\n|inactive|Battle timer is ON: inactive players will automatically lose when time's up. (requested by PokemonisaboutRNG)\n|\n|t:|1699710736\n|start\n|switch|p1a: Kuzko|Gholdengo, shiny|100\/100\n|switch|p2a: Ribombee|Ribombee, F, shiny|100\/100\n|turn|1\n|\n|t:|1699710743\n|move|p2a: Ribombee|Sticky Web|p1a: Kuzko\n|-sidestart|p1: PokemonisaboutRNG|move: Sticky Web\n|move|p1a: Kuzko|Nasty Plot|p1a: Kuzko\n|-boost|p1a: Kuzko|spa|2\n|\n|upkeep\n|turn|2\n|\n|t:|1699710750\n|move|p2a: Ribombee|Quiver Dance|p2a: Ribombee\n|-boost|p2a: Ribombee|spa|1\n|-boost|p2a: Ribombee|spd|1\n|-boost|p2a: Ribombee|spe|1\n|move|p1a: Kuzko|Nasty Plot|p1a: Kuzko\n|-boost|p1a: Kuzko|spa|2\n|\n|upkeep\n|turn|3\n|\n|t:|1699710763\n|move|p2a: Ribombee|Moonblast|p1a: Kuzko\n|-resisted|p1a: Kuzko\n|-damage|p1a: Kuzko|66\/100\n|move|p1a: Kuzko|Shadow Ball|p2a: Ribombee\n|-enditem|p2a: Ribombee|Focus Sash\n|-damage|p2a: Ribombee|1\/100\n|\n|-heal|p1a: Kuzko|72\/100|[from] item: Leftovers\n|upkeep\n|turn|4\n|\n|t:|1699710778\n|move|p2a: Ribombee|Moonblast|p1a: Kuzko\n|-resisted|p1a: Kuzko\n|-damage|p1a: Kuzko|38\/100\n|move|p1a: Kuzko|Recover|p1a: Kuzko\n|-heal|p1a: Kuzko|89\/100\n|\n|-heal|p1a: Kuzko|95\/100|[from] item: Leftovers\n|upkeep\n|turn|5\n|\n|t:|1699710787\n|move|p2a: Ribombee|Moonblast|p1a: Kuzko\n|-resisted|p1a: Kuzko\n|-damage|p1a: Kuzko|62\/100\n|move|p1a: Kuzko|Shadow Ball|p2a: Ribombee\n|-damage|p2a: Ribombee|0 fnt\n|faint|p2a: Ribombee\n|\n|-heal|p1a: Kuzko|68\/100|[from] item: Leftovers\n|upkeep\n|\n|t:|1699710801\n|switch|p2a: Zapdos|Zapdos, shiny|100\/100\n|-ability|p2a: Zapdos|Pressure\n|turn|6\n|\n|t:|1699710807\n|-terastallize|p1a: Kuzko|Fairy\n|move|p2a: Zapdos|Heat Wave|p1a: Kuzko|[miss]\n|-miss|p2a: Zapdos|p1a: Kuzko\n|move|p1a: Kuzko|Recover|p1a: Kuzko\n|-heal|p1a: Kuzko|100\/100\n|\n|upkeep\n|turn|7\n|\n|t:|1699710818\n|move|p2a: Zapdos|Volt Switch|p1a: Kuzko\n|-damage|p1a: Kuzko|63\/100\n|\n|t:|1699710824\n|switch|p2a: Dragapult|Dragapult, F, shiny|100\/100|[from] Volt Switch\n|move|p1a: Kuzko|Shadow Ball|p2a: Dragapult\n|-supereffective|p2a: Dragapult\n|-crit|p2a: Dragapult\n|-damage|p2a: Dragapult|0 fnt\n|faint|p2a: Dragapult\n|\n|-heal|p1a: Kuzko|69\/100|[from] item: Leftovers\n|upkeep\n|\n|t:|1699710834\n|switch|p2a: Corviknight|Corviknight, M, shiny|100\/100\n|-ability|p2a: Corviknight|Pressure\n|turn|8\n|-message|wiesiu5555 forfeited.\n|\n|win|PokemonisaboutRNG\n|raw|PokemonisaboutRNG's rating: 1227 &rarr; <strong>1249<\/strong><br \/>(+22 for winning)\n|raw|wiesiu5555's rating: 1181 &rarr; <strong>1159<\/strong><br \/>(-22 for losing)\n|l|\u2606wiesiu5555\n","uploadtime":1699710860,"views":14,"p1id":"pokemonisaboutrng","p2id":"wiesiu5555","formatid":"gen9ou","rating":1159,"private":0,"password":""}