{"id":"gen9ou-1995974369","p1":"Poison Ivy Thorns","p2":"Ukelele_prowess","format":"[Gen 9] OU","log":"|j|\u2606Poison Ivy Thorns\n|j|\u2606Ukelele_prowess\n|t:|1700624045\n|gametype|singles\n|player|p1|Poison Ivy Thorns|unknown|1357\n|player|p2|Ukelele_prowess|169|1378\n|teamsize|p1|6\n|teamsize|p2|6\n|gen|9\n|tier|[Gen 9] OU\n|rated|\n|rule|Sleep Clause Mod: Limit one foe put to sleep\n|rule|Species Clause: Limit one of each Pok\u00e9mon\n|rule|OHKO Clause: OHKO moves are banned\n|rule|Evasion Items Clause: Evasion items are banned\n|rule|Evasion Moves Clause: Evasion moves are banned\n|rule|Endless Battle Clause: Forcing endless battles is banned\n|rule|HP Percentage Mod: HP is shown in percentages\n|clearpoke\n|poke|p1|Torkoal, M|\n|poke|p1|Hatterene, F|\n|poke|p1|Iron Hands|\n|poke|p1|Mimikyu, M|\n|poke|p1|Garganacl, F|\n|poke|p1|Slowking-Galar, M|\n|poke|p2|Meowscarada, F|\n|poke|p2|Garchomp, M|\n|poke|p2|Gholdengo|\n|poke|p2|Iron Moth|\n|poke|p2|Greninja-*, M|\n|poke|p2|Maushold-Four|\n|teampreview\n|inactive|Battle timer is ON: inactive players will automatically lose when time's up. (requested by Poison Ivy Thorns)\n|\n|t:|1700624073\n|start\n|switch|p1a: Hatterene|Hatterene, F|100\/100\n|switch|p2a: Garchomp|Garchomp, M|100\/100\n|turn|1\n|inactive|Ukelele_prowess has 120 seconds left.\n|\n|t:|1700624117\n|switch|p2a: Gholdengo|Gholdengo|100\/100\n|-item|p2a: Gholdengo|Air Balloon\n|move|p1a: Hatterene|Trick Room|p1a: Hatterene\n|-fieldstart|move: Trick Room|[of] p1a: Hatterene\n|\n|upkeep\n|turn|2\n|\n|t:|1700624132\n|move|p1a: Hatterene|Healing Wish|p1a: Hatterene\n|faint|p1a: Hatterene\n|move|p2a: Gholdengo|Shadow Ball|p1: Hatterene|[notarget]\n|-fail|p2a: Gholdengo\n|\n|upkeep\n|\n|t:|1700624139\n|switch|p1a: Torkoal|Torkoal, M|100\/100\n|-weather|SunnyDay|[from] ability: Drought|[of] p1a: Torkoal\n|turn|3\n|\n|t:|1700624144\n|switch|p2a: Garchomp|Garchomp, M|100\/100\n|move|p1a: Torkoal|Eruption|p2a: Garchomp\n|-resisted|p2a: Garchomp\n|-damage|p2a: Garchomp|19\/100\n|\n|-weather|SunnyDay|[upkeep]\n|upkeep\n|turn|4\n|inactive|Ukelele_prowess has 120 seconds left.\n|\n|t:|1700624156\n|move|p1a: Torkoal|Eruption|p2a: Garchomp\n|-resisted|p2a: Garchomp\n|-damage|p2a: Garchomp|0 fnt\n|faint|p2a: Garchomp\n|\n|-weather|SunnyDay|[upkeep]\n|upkeep\n|\n|t:|1700624178\n|switch|p2a: Maushold|Maushold-Four|100\/100\n|turn|5\n|\n|t:|1700624194\n|move|p1a: Torkoal|Eruption|p2a: Maushold\n|-damage|p2a: Maushold|0 fnt\n|faint|p2a: Maushold\n|\n|-weather|SunnyDay|[upkeep]\n|-fieldend|move: Trick Room\n|upkeep\n|\n|t:|1700624203\n|switch|p2a: Greninja|Greninja, M|100\/100\n|turn|6\n|\n|t:|1700624209\n|switch|p1a: Slowking|Slowking-Galar, M|100\/100\n|-terastallize|p2a: Greninja|Water\n|move|p2a: Greninja|Surf|p1a: Slowking\n|-damage|p1a: Slowking|70\/100\n|\n|-weather|SunnyDay|[upkeep]\n|upkeep\n|turn|7\n|inactive|Ukelele_prowess has 120 seconds left.\n|\n|t:|1700624221\n|move|p2a: Greninja|Surf|p1a: Slowking\n|-damage|p1a: Slowking|37\/100\n|move|p1a: Slowking|Trick Room|p1a: Slowking\n|-fieldstart|move: Trick Room|[of] p1a: Slowking\n|\n|-weather|none\n|upkeep\n|turn|8\n|\n|t:|1700624227\n|switch|p2a: Gholdengo|Gholdengo|100\/100\n|-item|p2a: Gholdengo|Air Balloon\n|move|p1a: Slowking|Chilly Reception|p1a: Slowking\n|-weather|Snow\n|\n|t:|1700624229\n|switch|p1a: Torkoal|Torkoal, M|100\/100|[from] Chilly Reception\n|-weather|SunnyDay|[from] ability: Drought|[of] p1a: Torkoal\n|\n|-weather|SunnyDay|[upkeep]\n|upkeep\n|turn|9\n|-message|Ukelele_prowess forfeited.\n|\n|win|Poison Ivy Thorns\n|raw|Poison Ivy Thorns's rating: 1357 &rarr; <strong>1378<\/strong><br \/>(+21 for winning)\n|raw|Ukelele_prowess's rating: 1378 &rarr; <strong>1357<\/strong><br \/>(-21 for losing)\n|l|\u2606Ukelele_prowess\n","uploadtime":1700624240,"views":0,"p1id":"poisonivythorns","p2id":"ukeleleprowess","formatid":"gen9ou","rating":1357,"private":0,"password":""}