{"id":"gen9ou-1999547387","p1":"Nitrodiode","p2":"ThreateningThreat","format":"[Gen 9] OU","log":"|j|\u2606Nitrodiode\n|j|\u2606ThreateningThreat\n|t:|1701094874\n|gametype|singles\n|player|p1|Nitrodiode|n|1505\n|player|p2|ThreateningThreat|swimmerf|1455\n|teamsize|p1|6\n|teamsize|p2|6\n|gen|9\n|tier|[Gen 9] OU\n|rated|\n|rule|Sleep Clause Mod: Limit one foe put to sleep\n|rule|Species Clause: Limit one of each Pok\u00e9mon\n|rule|OHKO Clause: OHKO moves are banned\n|rule|Evasion Items Clause: Evasion items are banned\n|rule|Evasion Moves Clause: Evasion moves are banned\n|rule|Endless Battle Clause: Forcing endless battles is banned\n|rule|HP Percentage Mod: HP is shown in percentages\n|clearpoke\n|poke|p1|Kingambit, F|\n|poke|p1|Glimmora, F|\n|poke|p1|Zamazenta-*|\n|poke|p1|Iron Valiant|\n|poke|p1|Iron Moth|\n|poke|p1|Ogerpon-Wellspring, F|\n|poke|p2|Ogerpon-Cornerstone, F|\n|poke|p2|Kingambit, M|\n|poke|p2|Iron Moth|\n|poke|p2|Rillaboom, M|\n|poke|p2|Ceruledge, M|\n|poke|p2|Iron Hands|\n|teampreview\n|inactive|Battle timer is ON: inactive players will automatically lose when time's up. (requested by ThreateningThreat)\n|\n|t:|1701094888\n|start\n|switch|p1a: Glimmora|Glimmora, F|100\/100\n|switch|p2a: Ogerpon|Ogerpon-Cornerstone, F|100\/100\n|turn|1\n|\n|t:|1701094915\n|move|p2a: Ogerpon|Taunt|p1a: Glimmora\n|-start|p1a: Glimmora|move: Taunt\n|move|p1a: Glimmora|Mortal Spin|p2a: Ogerpon\n|-damage|p2a: Ogerpon|92\/100\n|-status|p2a: Ogerpon|psn\n|\n|-damage|p2a: Ogerpon|80\/100 psn|[from] psn\n|upkeep\n|turn|2\n|inactive|Nitrodiode has 120 seconds left.\n|\n|t:|1701094931\n|move|p2a: Ogerpon|Spikes|p1a: Glimmora\n|-sidestart|p1: Nitrodiode|Spikes\n|move|p1a: Glimmora|Earth Power|p2a: Ogerpon\n|-damage|p2a: Ogerpon|45\/100 psn\n|\n|-damage|p2a: Ogerpon|33\/100 psn|[from] psn\n|upkeep\n|turn|3\n|inactive|Nitrodiode has 120 seconds left.\n|\n|t:|1701094941\n|move|p2a: Ogerpon|Spikes|p1a: Glimmora\n|-sidestart|p1: Nitrodiode|Spikes\n|move|p1a: Glimmora|Power Gem|p2a: Ogerpon\n|-damage|p2a: Ogerpon|0 fnt\n|faint|p2a: Ogerpon\n|\n|-end|p1a: Glimmora|move: Taunt\n|upkeep\n|\n|t:|1701094954\n|switch|p2a: Rillaboom|Rillaboom, M|100\/100\n|-fieldstart|move: Grassy Terrain|[from] ability: Grassy Surge|[of] p2a: Rillaboom\n|turn|4\n|\n|t:|1701094961\n|move|p1a: Glimmora|Mortal Spin|p2a: Rillaboom\n|-supereffective|p2a: Rillaboom\n|-damage|p2a: Rillaboom|86\/100\n|-status|p2a: Rillaboom|psn\n|-sideend|p1: Nitrodiode|Spikes|[from] move: Mortal Spin|[of] p1a: Glimmora\n|move|p2a: Rillaboom|Knock Off|p1a: Glimmora\n|-damage|p1a: Glimmora|46\/100\n|-activate|p1a: Glimmora|ability: Toxic Debris\n|-sidestart|p2: ThreateningThreat|move: Toxic Spikes\n|-enditem|p1a: Glimmora|Focus Sash|[from] move: Knock Off|[of] p2a: Rillaboom\n|-damage|p2a: Rillaboom|76\/100 psn|[from] item: Life Orb\n|\n|-heal|p1a: Glimmora|52\/100|[from] Grassy Terrain\n|-heal|p2a: Rillaboom|83\/100 psn|[from] Grassy Terrain\n|-damage|p2a: Rillaboom|70\/100 psn|[from] psn\n|upkeep\n|turn|5\n|\n|t:|1701094977\n|move|p2a: Rillaboom|Grassy Glide|p1a: Glimmora\n|-damage|p1a: Glimmora|0 fnt\n|-activate|p1a: Glimmora|ability: Toxic Debris\n|-sidestart|p2: ThreateningThreat|move: Toxic Spikes\n|faint|p1a: Glimmora\n|-damage|p2a: Rillaboom|60\/100 psn|[from] item: Life Orb\n|\n|-heal|p2a: Rillaboom|66\/100 psn|[from] Grassy Terrain\n|-damage|p2a: Rillaboom|54\/100 psn|[from] psn\n|upkeep\n|inactive|Nitrodiode has 120 seconds left.\n|\n|t:|1701095004\n|switch|p1a: Iron Moth|Iron Moth|100\/100\n|-enditem|p1a: Iron Moth|Booster Energy\n|-activate|p1a: Iron Moth|ability: Quark Drive|[fromitem]\n|-start|p1a: Iron Moth|quarkdrivespe\n|turn|6\n|\n|t:|1701095010\n|switch|p2a: Iron Moth|Iron Moth|100\/100\n|-sideend|p2: ThreateningThreat|move: Toxic Spikes|[of] p2a: Iron Moth\n|-enditem|p2a: Iron Moth|Booster Energy\n|-activate|p2a: Iron Moth|ability: Quark Drive|[fromitem]\n|-start|p2a: Iron Moth|quarkdrivespe\n|move|p1a: Iron Moth|Fiery Dance|p2a: Iron Moth\n|-resisted|p2a: Iron Moth\n|-crit|p2a: Iron Moth\n|-damage|p2a: Iron Moth|68\/100\n|\n|-heal|p2a: Iron Moth|74\/100|[from] Grassy Terrain\n|upkeep\n|turn|7\n|\n|t:|1701095024\n|move|p1a: Iron Moth|Substitute|p1a: Iron Moth\n|-start|p1a: Iron Moth|Substitute\n|-damage|p1a: Iron Moth|76\/100\n|move|p2a: Iron Moth|Fiery Dance|p1a: Iron Moth\n|-resisted|p1a: Iron Moth\n|-activate|p1a: Iron Moth|move: Substitute|[damage]\n|-boost|p2a: Iron Moth|spa|1\n|\n|-heal|p1a: Iron Moth|82\/100|[from] Grassy Terrain\n|-heal|p2a: Iron Moth|80\/100|[from] Grassy Terrain\n|upkeep\n|turn|8\n|\n|t:|1701095032\n|move|p2a: Iron Moth|Fiery Dance|p1a: Iron Moth\n|-resisted|p1a: Iron Moth\n|-end|p1a: Iron Moth|Substitute\n|move|p1a: Iron Moth|Fiery Dance|p2a: Iron Moth\n|-resisted|p2a: Iron Moth\n|-damage|p2a: Iron Moth|60\/100\n|\n|-heal|p1a: Iron Moth|88\/100|[from] Grassy Terrain\n|-heal|p2a: Iron Moth|66\/100|[from] Grassy Terrain\n|-fieldend|move: Grassy Terrain\n|upkeep\n|turn|9\n|inactive|Nitrodiode has 120 seconds left.\n|\n|t:|1701095047\n|move|p2a: Iron Moth|Fiery Dance|p1a: Iron Moth\n|-resisted|p1a: Iron Moth\n|-damage|p1a: Iron Moth|58\/100\n|move|p1a: Iron Moth|Sludge Wave|p2a: Iron Moth\n|-resisted|p2a: Iron Moth\n|-damage|p2a: Iron Moth|41\/100\n|\n|upkeep\n|turn|10\n|\n|t:|1701095066\n|move|p2a: Iron Moth|Fiery Dance|p1a: Iron Moth\n|-resisted|p1a: Iron Moth\n|-damage|p1a: Iron Moth|23\/100\n|move|p1a: Iron Moth|Sludge Wave|p2a: Iron Moth\n|-resisted|p2a: Iron Moth\n|-damage|p2a: Iron Moth|15\/100\n|\n|upkeep\n|turn|11\n|\n|t:|1701095088\n|move|p2a: Iron Moth|Fiery Dance|p1a: Iron Moth\n|-resisted|p1a: Iron Moth\n|-damage|p1a: Iron Moth|0 fnt\n|-boost|p2a: Iron Moth|spa|1\n|faint|p1a: Iron Moth\n|-end|p1a: Iron Moth|Quark Drive|[silent]\n|\n|upkeep\n|inactive|Nitrodiode has 90 seconds left.\n|\n|t:|1701095099\n|switch|p1a: Iron Valiant|Iron Valiant|100\/100\n|-enditem|p1a: Iron Valiant|Booster Energy\n|-activate|p1a: Iron Valiant|ability: Quark Drive|[fromitem]\n|-start|p1a: Iron Valiant|quarkdrivespe\n|turn|12\n|\n|t:|1701095115\n|move|p1a: Iron Valiant|Psyshock|p2a: Iron Moth\n|-supereffective|p2a: Iron Moth\n|-damage|p2a: Iron Moth|0 fnt\n|faint|p2a: Iron Moth\n|-end|p2a: Iron Moth|Quark Drive|[silent]\n|\n|upkeep\n|inactive|ThreateningThreat has 120 seconds left.\n|\n|t:|1701095140\n|switch|p2a: Iron Hands|Iron Hands, shiny|100\/100\n|turn|13\n|\n|t:|1701095150\n|-terastallize|p1a: Iron Valiant|Fairy\n|move|p1a: Iron Valiant|Moonblast|p2a: Iron Hands\n|-supereffective|p2a: Iron Hands\n|-damage|p2a: Iron Hands|0 fnt\n|faint|p2a: Iron Hands\n|-end|p2a: Iron Hands|Quark Drive|[silent]\n|\n|upkeep\n|\n|t:|1701095160\n|switch|p2a: Ceruledge|Ceruledge, M|100\/100\n|turn|14\n|inactive|Nitrodiode has 90 seconds left.\n|inactive|ThreateningThreat has 120 seconds left.\n|inactive|ThreateningThreat has 90 seconds left.\n|\n|t:|1701095234\n|-end|p1a: Iron Valiant|Quark Drive|[silent]\n|switch|p1a: Zamazenta|Zamazenta|100\/100\n|-ability|p1a: Zamazenta|Dauntless Shield|boost\n|-boost|p1a: Zamazenta|def|1\n|move|p2a: Ceruledge|Swords Dance|p2a: Ceruledge\n|-boost|p2a: Ceruledge|atk|2\n|\n|upkeep\n|turn|15\n|\n|t:|1701095254\n|move|p1a: Zamazenta|Stone Edge|p2a: Ceruledge\n|-supereffective|p2a: Ceruledge\n|-damage|p2a: Ceruledge|8\/100\n|-ability|p2a: Ceruledge|Weak Armor|boost\n|-unboost|p2a: Ceruledge|def|1\n|-boost|p2a: Ceruledge|spe|2\n|move|p2a: Ceruledge|Swords Dance|p2a: Ceruledge\n|-boost|p2a: Ceruledge|atk|2\n|\n|upkeep\n|turn|16\n|\n|t:|1701095268\n|move|p2a: Ceruledge|Bitter Blade|p1a: Zamazenta\n|-crit|p1a: Zamazenta\n|-damage|p1a: Zamazenta|0 fnt\n|-heal|p2a: Ceruledge|64\/100|[from] drain|[of] p1a: Zamazenta\n|faint|p1a: Zamazenta\n|\n|upkeep\n|\n|t:|1701095274\n|switch|p1a: Ogerpon|Ogerpon-Wellspring, F|100\/100\n|turn|17\n|\n|t:|1701095282\n|move|p2a: Ceruledge|Bitter Blade|p1a: Ogerpon\n|-damage|p1a: Ogerpon|0 fnt\n|-heal|p2a: Ceruledge|100\/100|[from] drain|[of] p1a: Ogerpon\n|faint|p1a: Ogerpon\n|\n|upkeep\n|\n|t:|1701095293\n|switch|p1a: Kingambit|Kingambit, F|100\/100\n|-activate|p1a: Kingambit|ability: Supreme Overlord\n|-start|p1a: Kingambit|fallen4|[silent]\n|turn|18\n|\n|t:|1701095299\n|move|p1a: Kingambit|Sucker Punch|p2a: Ceruledge\n|-supereffective|p2a: Ceruledge\n|-enditem|p2a: Ceruledge|Focus Sash\n|-damage|p2a: Ceruledge|1\/100\n|-ability|p2a: Ceruledge|Weak Armor|boost\n|-unboost|p2a: Ceruledge|def|1\n|-boost|p2a: Ceruledge|spe|2\n|move|p2a: Ceruledge|Bitter Blade|p1a: Kingambit\n|-supereffective|p1a: Kingambit\n|-damage|p1a: Kingambit|0 fnt\n|-heal|p2a: Ceruledge|60\/100|[from] drain|[of] p1a: Kingambit\n|faint|p1a: Kingambit\n|-end|p1a: Kingambit|fallen4|[silent]\n|\n|upkeep\n|-message|Nitrodiode forfeited.\n|\n|win|ThreateningThreat\n|raw|Nitrodiode's rating: 1505 &rarr; <strong>1482<\/strong><br \/>(-23 for losing)\n|raw|ThreateningThreat's rating: 1455 &rarr; <strong>1478<\/strong><br \/>(+23 for winning)\n|l|\u2606Nitrodiode\n","uploadtime":1701095320,"views":2,"p1id":"nitrodiode","p2id":"threateningthreat","formatid":"gen9ou","rating":1478,"private":0,"password":""}