{"id":"gen9ou-1991832198","p1":"Khariose","p2":"Gooaah","format":"[Gen 9] OU","log":"|j|\u2606Khariose\n|j|\u2606Gooaah\n|t:|1700125209\n|gametype|singles\n|player|p1|Khariose|shadowtriad|1106\n|player|p2|Gooaah|veteranf|1197\n|teamsize|p1|6\n|teamsize|p2|6\n|gen|9\n|tier|[Gen 9] OU\n|rated|\n|rule|Sleep Clause Mod: Limit one foe put to sleep\n|rule|Species Clause: Limit one of each Pok\u00e9mon\n|rule|OHKO Clause: OHKO moves are banned\n|rule|Evasion Items Clause: Evasion items are banned\n|rule|Evasion Moves Clause: Evasion moves are banned\n|rule|Endless Battle Clause: Forcing endless battles is banned\n|rule|HP Percentage Mod: HP is shown in percentages\n|clearpoke\n|poke|p1|Mew|\n|poke|p1|Dudunsparce-*, F|\n|poke|p1|Haxorus, M|\n|poke|p1|Ogerpon, F|\n|poke|p1|Cyclizar, F|\n|poke|p1|Slowking-Galar, M|\n|poke|p2|Ninetales, F|\n|poke|p2|Walking Wake|\n|poke|p2|Ceruledge, M|\n|poke|p2|Skeledirge, M|\n|poke|p2|Great Tusk|\n|poke|p2|Torkoal, F|\n|teampreview\n|inactive|Battle timer is ON: inactive players will automatically lose when time's up. (requested by Gooaah)\n|\n|t:|1700125214\n|start\n|switch|p1a: Dudunsparce|Dudunsparce, F|100\/100\n|switch|p2a: Torkoal|Torkoal, F|100\/100\n|-weather|SunnyDay|[from] ability: Drought|[of] p2a: Torkoal\n|turn|1\n|\n|t:|1700125224\n|move|p1a: Dudunsparce|Ancient Power|p2a: Torkoal\n|-supereffective|p2a: Torkoal\n|-damage|p2a: Torkoal|66\/100\n|move|p2a: Torkoal|Yawn|p1a: Dudunsparce\n|-start|p1a: Dudunsparce|move: Yawn|[of] p2a: Torkoal\n|\n|-weather|SunnyDay|[upkeep]\n|upkeep\n|turn|2\n|\n|t:|1700125246\n|move|p1a: Dudunsparce|Ancient Power|p2a: Torkoal\n|-supereffective|p2a: Torkoal\n|-damage|p2a: Torkoal|35\/100\n|-boost|p1a: Dudunsparce|atk|1\n|-boost|p1a: Dudunsparce|def|1\n|-boost|p1a: Dudunsparce|spa|1\n|-boost|p1a: Dudunsparce|spd|1\n|-boost|p1a: Dudunsparce|spe|1\n|move|p2a: Torkoal|Stealth Rock|p1a: Dudunsparce\n|-sidestart|p1: Khariose|move: Stealth Rock\n|\n|-weather|SunnyDay|[upkeep]\n|-end|p1a: Dudunsparce|move: Yawn|[silent]\n|-status|p1a: Dudunsparce|slp\n|upkeep\n|turn|3\n|\n|t:|1700125257\n|switch|p2a: Great Tusk|Great Tusk|100\/100\n|-activate|p2a: Great Tusk|ability: Protosynthesis\n|-start|p2a: Great Tusk|protosynthesisatk\n|cant|p1a: Dudunsparce|slp\n|\n|-weather|SunnyDay|[upkeep]\n|upkeep\n|turn|4\n|\n|t:|1700125261\n|move|p2a: Great Tusk|Close Combat|p1a: Dudunsparce\n|-supereffective|p1a: Dudunsparce\n|-damage|p1a: Dudunsparce|31\/100 slp\n|-unboost|p2a: Great Tusk|def|1\n|-unboost|p2a: Great Tusk|spd|1\n|-curestatus|p1a: Dudunsparce|slp|[msg]\n|move|p1a: Dudunsparce|Zen Headbutt|p2a: Great Tusk\n|-supereffective|p2a: Great Tusk\n|-damage|p2a: Great Tusk|40\/100\n|\n|-weather|SunnyDay|[upkeep]\n|upkeep\n|turn|5\n|\n|t:|1700125267\n|move|p2a: Great Tusk|Close Combat|p1a: Dudunsparce\n|-supereffective|p1a: Dudunsparce\n|-damage|p1a: Dudunsparce|0 fnt\n|-unboost|p2a: Great Tusk|def|1\n|-unboost|p2a: Great Tusk|spd|1\n|faint|p1a: Dudunsparce\n|\n|-weather|SunnyDay|[upkeep]\n|upkeep\n|\n|t:|1700125281\n|switch|p1a: Ogerpon|Ogerpon, F|100\/100\n|-damage|p1a: Ogerpon|88\/100|[from] Stealth Rock\n|turn|6\n|\n|t:|1700125286\n|-end|p2a: Great Tusk|Protosynthesis|[silent]\n|switch|p2a: Torkoal|Torkoal, F|35\/100\n|move|p1a: Ogerpon|Trailblaze|p2a: Torkoal\n|-resisted|p2a: Torkoal\n|-damage|p2a: Torkoal|26\/100\n|-boost|p1a: Ogerpon|spe|1\n|\n|-weather|SunnyDay|[upkeep]\n|upkeep\n|turn|7\n|\n|t:|1700125297\n|switch|p1a: Cyclizar|Cyclizar, F|100\/100\n|-damage|p1a: Cyclizar|88\/100|[from] Stealth Rock\n|move|p2a: Torkoal|Yawn|p1a: Cyclizar\n|-start|p1a: Cyclizar|move: Yawn|[of] p2a: Torkoal\n|\n|-weather|SunnyDay|[upkeep]\n|upkeep\n|turn|8\n|\n|t:|1700125304\n|move|p1a: Cyclizar|Rapid Spin|p2a: Torkoal\n|-damage|p2a: Torkoal|12\/100\n|-boost|p1a: Cyclizar|spe|1\n|-sideend|p1: Khariose|Stealth Rock|[from] move: Rapid Spin|[of] p1a: Cyclizar\n|move|p2a: Torkoal|Stealth Rock|p1a: Cyclizar\n|-sidestart|p1: Khariose|move: Stealth Rock\n|\n|-weather|none\n|-end|p1a: Cyclizar|move: Yawn|[silent]\n|-status|p1a: Cyclizar|slp\n|upkeep\n|turn|9\n|\n|t:|1700125317\n|switch|p1a: Slowking|Slowking-Galar, M|100\/100\n|-damage|p1a: Slowking|88\/100|[from] Stealth Rock\n|switch|p2a: Ninetales|Ninetales, F|100\/100\n|-weather|SunnyDay|[from] ability: Drought|[of] p2a: Ninetales\n|\n|-weather|SunnyDay|[upkeep]\n|-heal|p1a: Slowking|94\/100|[from] item: Leftovers\n|upkeep\n|turn|10\n|\n|t:|1700125325\n|move|p2a: Ninetales|Will-O-Wisp|p1a: Slowking\n|-status|p1a: Slowking|brn\n|move|p1a: Slowking|Future Sight|p2a: Ninetales\n|-start|p1a: Slowking|move: Future Sight\n|\n|-weather|SunnyDay|[upkeep]\n|-heal|p1a: Slowking|99\/100 brn|[from] item: Leftovers\n|-damage|p1a: Slowking|94\/100 brn|[from] brn\n|upkeep\n|turn|11\n|\n|t:|1700125329\n|switch|p2a: Skeledirge|Skeledirge, M|100\/100\n|switch|p1a: Cyclizar|Cyclizar, F|100\/100 slp\n|-damage|p1a: Cyclizar|88\/100 slp|[from] Stealth Rock\n|\n|-weather|SunnyDay|[upkeep]\n|upkeep\n|turn|12\n|\n|t:|1700125334\n|cant|p1a: Cyclizar|slp\n|move|p2a: Skeledirge|Torch Song|p1a: Cyclizar\n|-resisted|p1a: Cyclizar\n|-damage|p1a: Cyclizar|61\/100 slp\n|-boost|p2a: Skeledirge|spa|1\n|\n|-weather|SunnyDay|[upkeep]\n|-end|p2a: Skeledirge|move: Future Sight\n|-damage|p2a: Skeledirge|54\/100\n|upkeep\n|turn|13\n|\n|t:|1700125346\n|cant|p1a: Cyclizar|slp\n|move|p2a: Skeledirge|Slack Off|p2a: Skeledirge\n|-heal|p2a: Skeledirge|100\/100\n|\n|-weather|SunnyDay|[upkeep]\n|upkeep\n|turn|14\n|\n|t:|1700125349\n|cant|p1a: Cyclizar|slp\n|move|p2a: Skeledirge|Torch Song|p1a: Cyclizar\n|-resisted|p1a: Cyclizar\n|-damage|p1a: Cyclizar|19\/100 slp\n|-boost|p2a: Skeledirge|spa|1\n|\n|-weather|SunnyDay|[upkeep]\n|upkeep\n|turn|15\n|\n|t:|1700125352\n|-curestatus|p1a: Cyclizar|slp|[msg]\n|move|p1a: Cyclizar|Draco Meteor|p2a: Skeledirge\n|-damage|p2a: Skeledirge|74\/100\n|-unboost|p1a: Cyclizar|spa|2\n|move|p2a: Skeledirge|Torch Song|p1a: Cyclizar\n|-resisted|p1a: Cyclizar\n|-damage|p1a: Cyclizar|0 fnt\n|-boost|p2a: Skeledirge|spa|1\n|faint|p1a: Cyclizar\n|\n|-weather|SunnyDay|[upkeep]\n|upkeep\n|\n|t:|1700125367\n|switch|p1a: Slowking|Slowking-Galar, M|94\/100 brn\n|-damage|p1a: Slowking|82\/100 brn|[from] Stealth Rock\n|turn|16\n|\n|t:|1700125375\n|move|p2a: Skeledirge|Hex|p1a: Slowking\n|-supereffective|p1a: Slowking\n|-damage|p1a: Slowking|0 fnt\n|faint|p1a: Slowking\n|\n|-weather|none\n|upkeep\n|\n|t:|1700125382\n|switch|p1a: Haxorus|Haxorus, M, shiny|100\/100\n|-damage|p1a: Haxorus|88\/100|[from] Stealth Rock\n|turn|17\n|\n|t:|1700125386\n|move|p1a: Haxorus|Dragon Dance|p1a: Haxorus\n|-boost|p1a: Haxorus|atk|1\n|-boost|p1a: Haxorus|spe|1\n|move|p2a: Skeledirge|Hex|p1a: Haxorus\n|-damage|p1a: Haxorus|0 fnt\n|faint|p1a: Haxorus\n|\n|upkeep\n|\n|t:|1700125390\n|switch|p1a: Mew|Mew|100\/100\n|-damage|p1a: Mew|88\/100|[from] Stealth Rock\n|turn|18\n|\n|t:|1700125395\n|-terastallize|p1a: Mew|Fairy\n|move|p1a: Mew|Dragon Dance|p1a: Mew\n|-boost|p1a: Mew|atk|1\n|-boost|p1a: Mew|spe|1\n|move|p2a: Skeledirge|Hex|p1a: Mew\n|-damage|p1a: Mew|31\/100\n|\n|-heal|p1a: Mew|37\/100|[from] item: Leftovers\n|upkeep\n|turn|19\n|\n|t:|1700125416\n|move|p1a: Mew|Earthquake|p2a: Skeledirge\n|-supereffective|p2a: Skeledirge\n|-damage|p2a: Skeledirge|25\/100\n|move|p2a: Skeledirge|Slack Off|p2a: Skeledirge\n|-heal|p2a: Skeledirge|75\/100\n|\n|-heal|p1a: Mew|43\/100|[from] item: Leftovers\n|upkeep\n|turn|20\n|\n|t:|1700125422\n|move|p1a: Mew|Crunch|p2a: Skeledirge\n|-supereffective|p2a: Skeledirge\n|-damage|p2a: Skeledirge|32\/100\n|move|p2a: Skeledirge|Torch Song|p1a: Mew\n|-damage|p1a: Mew|0 fnt\n|-boost|p2a: Skeledirge|spa|1\n|faint|p1a: Mew\n|\n|upkeep\n|\n|t:|1700125425\n|switch|p1a: Ogerpon|Ogerpon, F|88\/100\n|-damage|p1a: Ogerpon|76\/100|[from] Stealth Rock\n|turn|21\n|\n|t:|1700125430\n|move|p1a: Ogerpon|Ivy Cudgel|p2a: Skeledirge\n|-resisted|p2a: Skeledirge\n|-damage|p2a: Skeledirge|6\/100\n|move|p2a: Skeledirge|Torch Song|p1a: Ogerpon\n|-supereffective|p1a: Ogerpon\n|-damage|p1a: Ogerpon|0 fnt\n|-boost|p2a: Skeledirge|spa|1\n|faint|p1a: Ogerpon\n|\n|win|Gooaah\n|raw|Khariose's rating: 1106 &rarr; <strong>1087<\/strong><br \/>(-19 for losing)\n|raw|Gooaah's rating: 1197 &rarr; <strong>1216<\/strong><br \/>(+19 for winning)\n|l|\u2606Khariose\n","uploadtime":1700125437,"views":9,"p1id":"khariose","p2id":"gooaah","formatid":"gen9ou","rating":1087,"private":0,"password":""}