{"id":"gen9ou-1991486687","p1":"SheLuvH","p2":"DesiredFood","format":"[Gen 9] OU","log":"|j|\u2606SheLuvH\n|j|\u2606DesiredFood\n|t:|1700081379\n|gametype|singles\n|player|p1|SheLuvH|102|1124\n|player|p2|DesiredFood|maid|1116\n|teamsize|p1|6\n|teamsize|p2|6\n|gen|9\n|tier|[Gen 9] OU\n|rated|\n|rule|Sleep Clause Mod: Limit one foe put to sleep\n|rule|Species Clause: Limit one of each Pok\u00e9mon\n|rule|OHKO Clause: OHKO moves are banned\n|rule|Evasion Items Clause: Evasion items are banned\n|rule|Evasion Moves Clause: Evasion moves are banned\n|rule|Endless Battle Clause: Forcing endless battles is banned\n|rule|HP Percentage Mod: HP is shown in percentages\n|clearpoke\n|poke|p1|Haxorus, F|\n|poke|p1|Corviknight, M|\n|poke|p1|Salazzle, F|\n|poke|p1|Sylveon, M|\n|poke|p1|Dragalge, M|\n|poke|p1|Cloyster, F|\n|poke|p2|Alomomola, F|\n|poke|p2|Slowking-Galar, F|\n|poke|p2|Kingambit, F|\n|poke|p2|Great Tusk|\n|poke|p2|Cinderace, F|\n|poke|p2|Thundurus-Therian, M|\n|teampreview\n|\n|t:|1700081390\n|start\n|switch|p1a: Salazzle|Salazzle, F, shiny|100\/100\n|switch|p2a: Cinderace|Cinderace, F|100\/100\n|turn|1\n|inactive|Battle timer is ON: inactive players will automatically lose when time's up. (requested by SheLuvH)\n|\n|t:|1700081398\n|switch|p1a: Cloyster|Cloyster, F, shiny|100\/100\n|move|p2a: Cinderace|U-turn|p1a: Cloyster\n|-start|p2a: Cinderace|typechange|Bug|[from] ability: Libero\n|-damage|p1a: Cloyster|81\/100\n|\n|t:|1700081407\n|switch|p2a: Kingambit|Kingambit, F|100\/100|[from] U-turn\n|\n|upkeep\n|turn|2\n|\n|t:|1700081419\n|move|p1a: Cloyster|Shell Smash|p1a: Cloyster\n|-unboost|p1a: Cloyster|def|1\n|-unboost|p1a: Cloyster|spd|1\n|-boost|p1a: Cloyster|atk|2\n|-boost|p1a: Cloyster|spa|2\n|-boost|p1a: Cloyster|spe|2\n|-enditem|p1a: Cloyster|White Herb\n|-clearnegativeboost|p1a: Cloyster|[silent]\n|move|p2a: Kingambit|Swords Dance|p2a: Kingambit\n|-boost|p2a: Kingambit|atk|2\n|\n|upkeep\n|turn|3\n|\n|t:|1700081430\n|move|p1a: Cloyster|Drill Run|p2a: Kingambit\n|-supereffective|p2a: Kingambit\n|-damage|p2a: Kingambit|45\/100\n|move|p2a: Kingambit|Iron Head|p1a: Cloyster\n|-damage|p1a: Cloyster|23\/100\n|\n|-heal|p2a: Kingambit|51\/100|[from] item: Leftovers\n|upkeep\n|turn|4\n|\n|t:|1700081439\n|move|p2a: Kingambit|Sucker Punch|p1a: Cloyster\n|-damage|p1a: Cloyster|0 fnt\n|faint|p1a: Cloyster\n|\n|-heal|p2a: Kingambit|57\/100|[from] item: Leftovers\n|upkeep\n|\n|t:|1700081446\n|switch|p1a: Salazzle|Salazzle, F, shiny|100\/100\n|turn|5\n|\n|t:|1700081457\n|move|p2a: Kingambit|Sucker Punch|p1a: Salazzle\n|-enditem|p1a: Salazzle|Focus Sash\n|-damage|p1a: Salazzle|1\/100\n|move|p1a: Salazzle|Flamethrower|p2a: Kingambit\n|-supereffective|p2a: Kingambit\n|-crit|p2a: Kingambit\n|-damage|p2a: Kingambit|0 fnt\n|faint|p2a: Kingambit\n|-end|p2a: Kingambit|fallenundefined|[silent]\n|\n|upkeep\n|\n|t:|1700081463\n|switch|p2a: Cinderace|Cinderace, F|100\/100\n|turn|6\n|\n|t:|1700081470\n|switch|p1a: Corviknight|Corviknight, M, shiny|100\/100\n|move|p2a: Cinderace|U-turn|p1a: Corviknight\n|-start|p2a: Cinderace|typechange|Bug|[from] ability: Libero\n|-resisted|p1a: Corviknight\n|-damage|p1a: Corviknight|95\/100\n|-damage|p2a: Cinderace|84\/100|[from] item: Rocky Helmet|[of] p1a: Corviknight\n|\n|t:|1700081474\n|switch|p2a: Thundurus|Thundurus-Therian, M|100\/100|[from] U-turn\n|\n|upkeep\n|turn|7\n|\n|t:|1700081484\n|switch|p1a: Sylveon|Sylveon, M, shiny|100\/100\n|move|p2a: Thundurus|Volt Switch|p1a: Sylveon\n|-damage|p1a: Sylveon|68\/100\n|\n|t:|1700081513\n|switch|p2a: Slowking|Slowking-Galar, F|100\/100|[from] Volt Switch\n|\n|-heal|p1a: Sylveon|74\/100|[from] item: Leftovers\n|upkeep\n|turn|8\n|\n|t:|1700081522\n|move|p1a: Sylveon|Wish|p1a: Sylveon\n|move|p2a: Slowking|Future Sight|p1a: Sylveon\n|-start|p2a: Slowking|move: Future Sight\n|\n|-heal|p1a: Sylveon|80\/100|[from] item: Leftovers\n|upkeep\n|turn|9\n|\n|t:|1700081529\n|switch|p1a: Salazzle|Salazzle, F, shiny|1\/100\n|move|p2a: Slowking|Sludge Bomb|p1a: Salazzle\n|-resisted|p1a: Salazzle\n|-damage|p1a: Salazzle|0 fnt\n|faint|p1a: Salazzle\n|\n|upkeep\n|\n|t:|1700081538\n|switch|p1a: Corviknight|Corviknight, M, shiny|95\/100\n|turn|10\n|\n|t:|1700081548\n|move|p1a: Corviknight|Iron Defense|p1a: Corviknight\n|-boost|p1a: Corviknight|def|2\n|move|p2a: Slowking|Ice Beam|p1a: Corviknight\n|-damage|p1a: Corviknight|73\/100\n|\n|-end|p1a: Corviknight|move: Future Sight\n|-resisted|p1a: Corviknight\n|-crit|p1a: Corviknight\n|-damage|p1a: Corviknight|38\/100\n|upkeep\n|turn|11\n|\n|t:|1700081559\n|move|p1a: Corviknight|Roost|p1a: Corviknight\n|-heal|p1a: Corviknight|88\/100\n|-singleturn|p1a: Corviknight|move: Roost\n|move|p2a: Slowking|Chilly Reception|p2a: Slowking\n|-weather|Snow\n|\n|t:|1700081563\n|switch|p2a: Thundurus|Thundurus-Therian, M|100\/100|[from] Chilly Reception\n|\n|-weather|Snow|[upkeep]\n|upkeep\n|turn|12\n|\n|t:|1700081571\n|move|p2a: Thundurus|Volt Switch|p1a: Corviknight\n|-supereffective|p1a: Corviknight\n|-damage|p1a: Corviknight|0 fnt\n|faint|p1a: Corviknight\n|\n|t:|1700081578\n|switch|p2a: Cinderace|Cinderace, F|84\/100|[from] Volt Switch\n|\n|-weather|Snow|[upkeep]\n|upkeep\n|\n|t:|1700081587\n|switch|p1a: Dragalge|Dragalge, M, shiny|100\/100\n|turn|13\n|\n|t:|1700081593\n|move|p2a: Cinderace|U-turn|p1a: Dragalge\n|-start|p2a: Cinderace|typechange|Bug|[from] ability: Libero\n|-resisted|p1a: Dragalge\n|-damage|p1a: Dragalge|84\/100\n|-status|p2a: Cinderace|psn|[from] ability: Poison Point|[of] p1a: Dragalge\n|\n|t:|1700081597\n|switch|p2a: Thundurus|Thundurus-Therian, M|100\/100|[from] U-turn\n|move|p1a: Dragalge|Scald|p2a: Thundurus\n|-damage|p2a: Thundurus|74\/100\n|\n|-weather|Snow|[upkeep]\n|-heal|p1a: Dragalge|90\/100|[from] item: Leftovers\n|upkeep\n|turn|14\n|\n|t:|1700081611\n|move|p2a: Thundurus|Volt Switch|p1a: Dragalge\n|-resisted|p1a: Dragalge\n|-damage|p1a: Dragalge|71\/100\n|\n|t:|1700081614\n|switch|p2a: Slowking|Slowking-Galar, F|100\/100|[from] Volt Switch\n|move|p1a: Dragalge|Scald|p2a: Slowking\n|-damage|p2a: Slowking|90\/100\n|\n|-weather|Snow|[upkeep]\n|-heal|p1a: Dragalge|77\/100|[from] item: Leftovers\n|upkeep\n|turn|15\n|\n|t:|1700081624\n|switch|p1a: Sylveon|Sylveon, M, shiny|80\/100\n|move|p2a: Slowking|Ice Beam|p1a: Sylveon\n|-crit|p1a: Sylveon\n|-damage|p1a: Sylveon|62\/100\n|\n|-weather|none\n|-heal|p1a: Sylveon|68\/100|[from] item: Leftovers\n|upkeep\n|turn|16\n|\n|t:|1700081647\n|move|p1a: Sylveon|Wish|p1a: Sylveon\n|move|p2a: Slowking|Sludge Bomb|p1a: Sylveon\n|-supereffective|p1a: Sylveon\n|-damage|p1a: Sylveon|31\/100\n|\n|-heal|p1a: Sylveon|37\/100|[from] item: Leftovers\n|upkeep\n|turn|17\n|\n|t:|1700081655\n|switch|p1a: Haxorus|Haxorus, F, shiny|100\/100\n|move|p2a: Slowking|Future Sight|p1a: Haxorus\n|-start|p2a: Slowking|move: Future Sight\n|\n|upkeep\n|turn|18\n|\n|t:|1700081661\n|move|p1a: Haxorus|Swords Dance|p1a: Haxorus\n|-boost|p1a: Haxorus|atk|2\n|move|p2a: Slowking|Ice Beam|p1a: Haxorus\n|-supereffective|p1a: Haxorus\n|-damage|p1a: Haxorus|37\/100\n|\n|upkeep\n|turn|19\n|\n|t:|1700081672\n|switch|p2a: Great Tusk|Great Tusk|100\/100\n|move|p1a: Haxorus|Earthquake|p2a: Great Tusk\n|-damage|p2a: Great Tusk|37\/100\n|\n|-end|p1a: Haxorus|move: Future Sight\n|-damage|p1a: Haxorus|0 fnt\n|faint|p1a: Haxorus\n|upkeep\n|\n|t:|1700081684\n|switch|p1a: Dragalge|Dragalge, M, shiny|77\/100\n|turn|20\n|\n|t:|1700081689\n|-terastallize|p1a: Dragalge|Flying\n|move|p2a: Great Tusk|Headlong Rush|p1a: Dragalge\n|-immune|p1a: Dragalge\n|move|p1a: Dragalge|Scald|p2a: Great Tusk\n|-supereffective|p2a: Great Tusk\n|-damage|p2a: Great Tusk|0 fnt\n|faint|p2a: Great Tusk\n|-end|p2a: Great Tusk|Protosynthesis|[silent]\n|\n|-heal|p1a: Dragalge|83\/100|[from] item: Leftovers\n|upkeep\n|\n|t:|1700081694\n|switch|p2a: Thundurus|Thundurus-Therian, M|74\/100\n|turn|21\n|c|\u2606SheLuvH|ur team is so dog bro lol\n|c|\u2606DesiredFood|how\n|\n|t:|1700081716\n|move|p2a: Thundurus|Volt Switch|p1a: Dragalge\n|-supereffective|p1a: Dragalge\n|-damage|p1a: Dragalge|3\/100\n|\n|t:|1700081726\n|switch|p2a: Slowking|Slowking-Galar, F|100\/100|[from] Volt Switch\n|move|p1a: Dragalge|Thunderbolt|p2a: Slowking\n|-damage|p2a: Slowking|89\/100\n|\n|-heal|p1a: Dragalge|9\/100|[from] item: Leftovers\n|upkeep\n|turn|22\n|\n|t:|1700081737\n|move|p1a: Dragalge|Scald|p2a: Slowking\n|-damage|p2a: Slowking|79\/100\n|-status|p2a: Slowking|brn\n|move|p2a: Slowking|Ice Beam|p1a: Dragalge\n|-supereffective|p1a: Dragalge\n|-damage|p1a: Dragalge|0 fnt\n|faint|p1a: Dragalge\n|\n|-damage|p2a: Slowking|73\/100 brn|[from] brn\n|upkeep\n|\n|t:|1700081749\n|switch|p1a: Sylveon|Sylveon, M, shiny|37\/100\n|turn|23\n|c|\u2606DesiredFood|this is a pokeaim team xD\n|c|\u2606DesiredFood|maybe ur just terrible\n|\n|t:|1700081763\n|move|p1a: Sylveon|Protect|p1a: Sylveon\n|-singleturn|p1a: Sylveon|Protect\n|move|p2a: Slowking|Future Sight|p1a: Sylveon\n|-start|p2a: Slowking|move: Future Sight\n|\n|-heal|p1a: Sylveon|43\/100|[from] item: Leftovers\n|-damage|p2a: Slowking|66\/100 brn|[from] brn\n|upkeep\n|turn|24\n|c|\u2606SheLuvH|u only pressed u turn\n|c|\u2606DesiredFood|yeah for pivot\n|c|\u2606SheLuvH|and volt switch into tanks\n|c|\u2606DesiredFood|its called momentum\n|c|\u2606SheLuvH|bro said momentum\n|inactive|SheLuvH has 120 seconds left.\n|c|\u2606DesiredFood|i didnt even need to tera\n|c|\u2606DesiredFood|ur kinda just garbage\n|c|\u2606DesiredFood|xD\n|c|\u2606SheLuvH|ur dog tho\n|c|\u2606DesiredFood|go watch some vods or something\n|c|\u2606SheLuvH|slowking galar\n|c|\u2606SheLuvH|and pivot spam\n|c|\u2606DesiredFood|this team i got from pokeaims website\n|c|\u2606SheLuvH|get good man\n|inactive|SheLuvH has 90 seconds left.\n|c|\u2606DesiredFood|?\n|\n|t:|1700081825\n|move|p1a: Sylveon|Wish|p1a: Sylveon\n|move|p2a: Slowking|Ice Beam|p1a: Sylveon\n|-damage|p1a: Sylveon|31\/100\n|\n|-heal|p1a: Sylveon|37\/100|[from] item: Leftovers\n|-damage|p2a: Slowking|60\/100 brn|[from] brn\n|upkeep\n|turn|25\n|c|\u2606DesiredFood|xD\n|c|\u2606DesiredFood|XD\n|c|\u2606SheLuvH|even worse got some unoriginal team\n|inactive|DesiredFood has 120 seconds left.\n|c|\u2606DesiredFood|\/\/add SheLuvH\n|c|\u2606DesiredFood|ADD ME\n|c|\u2606DesiredFood|PLEASE\n|\n|t:|1700081882\n|move|p1a: Sylveon|Protect|p1a: Sylveon\n|-singleturn|p1a: Sylveon|Protect\n|move|p2a: Slowking|Ice Beam|p1a: Sylveon\n|-activate|p1a: Sylveon|move: Protect\n|\n|-end|p1a: Sylveon|move: Future Sight\n|-damage|p1a: Sylveon|12\/100\n|-heal|p1a: Sylveon|62\/100|[from] move: Wish|[wisher] Sylveon\n|-heal|p1a: Sylveon|68\/100|[from] item: Leftovers\n|-damage|p2a: Slowking|54\/100 brn|[from] brn\n|upkeep\n|turn|26\n|c|\u2606SheLuvH|no wth\n|c|\u2606DesiredFood|ur too funny\n|inactive|DesiredFood has 90 seconds left.\n|c|\u2606SheLuvH|bro said funny\n|j| 100%purefanumtax\n|c|\u2606DesiredFood|hilarious\n|\n|t:|1700081926\n|move|p1a: Sylveon|Hyper Voice|p2a: Slowking\n|-resisted|p2a: Slowking\n|-damage|p2a: Slowking|41\/100 brn\n|move|p2a: Slowking|Future Sight|p1a: Sylveon\n|-start|p2a: Slowking|move: Future Sight\n|\n|-heal|p1a: Sylveon|74\/100|[from] item: Leftovers\n|-damage|p2a: Slowking|35\/100 brn|[from] brn\n|upkeep\n|turn|27\n|\n|t:|1700081939\n|move|p1a: Sylveon|Protect|p1a: Sylveon\n|-singleturn|p1a: Sylveon|Protect\n|move|p2a: Slowking|Chilly Reception|p2a: Slowking\n|-weather|Snow\n|inactive|DesiredFood has 60 seconds left.\n|\n|t:|1700081952\n|switch|p2a: Alomomola|Alomomola, F|100\/100|[from] Chilly Reception\n|\n|-weather|Snow|[upkeep]\n|-heal|p1a: Sylveon|80\/100|[from] item: Leftovers\n|upkeep\n|turn|28\n|c|\u2606SheLuvH|some pivot team\n|c|\u2606SheLuvH|what\u2019s next flip turn?\n|c|\u2606DesiredFood|why are u complaining\n|inactive|SheLuvH has 90 seconds left.\n|c|\u2606SheLuvH|joker\n|c|\u2606DesiredFood|im confused\n|c|\u2606DesiredFood|whats the isuse?\n|\n|t:|1700081977\n|move|p1a: Sylveon|Hyper Voice|p2a: Alomomola\n|-damage|p2a: Alomomola|60\/100\n|move|p2a: Alomomola|Flip Turn|p1a: Sylveon\n|-damage|p1a: Sylveon|58\/100\n|c|\u2606DesiredFood|XD\n|c|\u2606DesiredFood|broski u suxxx\n|inactive|DesiredFood has 60 seconds left.\n|c|\u2606SheLuvH|ain\u2019t complaining\n|c|\u2606DesiredFood|yes u r\n|c|\u2606SheLuvH|jus shocked at how dog pokemon players\n|c|\u2606SheLuvH|have become\n|c|\u2606DesiredFood|broski u suck\n|c|\u2606SheLuvH|so unoriginal\n|c|\u2606SheLuvH|bro copy and pasted his team and thinks he\u2019s good\n|c|\u2606SheLuvH|anyone can do that\n|inactive|DesiredFood has 30 seconds left.\n|inactive|DesiredFood has 20 seconds left.\n|\n|t:|1700082029\n|switch|p2a: Slowking|Slowking-Galar, F|68\/100 brn|[from] Flip Turn\n|\n|-weather|Snow|[upkeep]\n|-end|p1a: Sylveon|move: Future Sight\n|-damage|p1a: Sylveon|32\/100\n|-heal|p1a: Sylveon|38\/100|[from] item: Leftovers\n|-damage|p2a: Slowking|62\/100 brn|[from] brn\n|upkeep\n|turn|29\n|inactive|DesiredFood has 30 seconds left this turn.\n|c| 100%purefanumtax|LMao\n|c|\u2606DesiredFood|LMAO\n|inactive|DesiredFood has 20 seconds left.\n|c| 100%purefanumtax|SheLuvH Brodie\n|inactive|DesiredFood has 15 seconds left.\n|c| 100%purefanumtax|U stink\n|\n|t:|1700082047\n|move|p1a: Sylveon|Protect|p1a: Sylveon\n|-singleturn|p1a: Sylveon|Protect\n|move|p2a: Slowking|Future Sight|p1a: Sylveon\n|-start|p2a: Slowking|move: Future Sight\n|\n|-weather|Snow|[upkeep]\n|-heal|p1a: Sylveon|44\/100|[from] item: Leftovers\n|-damage|p2a: Slowking|56\/100 brn|[from] brn\n|upkeep\n|turn|30\n|inactive|DesiredFood has 25 seconds left this turn.\n|c|\u2606SheLuvH|don\u2019t call me brodie\n|inactive|DesiredFood has 20 seconds left.\n|c|\u2606DesiredFood|bro\n|c|\u2606DesiredFood|theres so many NPCS\n|c|\u2606SheLuvH|adding friends into a pok\u00e9mon game\n|inactive|SheLuvH has 90 seconds left.\n|j| blittylittys\n|c|\u2606SheLuvH|is wild\n|c|\u2606DesiredFood|on this website\n|c|\u2606DesiredFood|and in draft\n|c|\u2606DesiredFood|like\n|c|\u2606SheLuvH|fat yutes on these games need to hop off\n|c|\u2606DesiredFood|how am i interacting with these ppl rencently\n|c| 100%purefanumtax|She dont Luv U lmao She dont love low Eloz\n|\n|t:|1700082081\n|move|p1a: Sylveon|Wish|p1a: Sylveon\n|move|p2a: Slowking|Chilly Reception|p2a: Slowking\n|inactive|DesiredFood has 25 seconds left this turn.\n|c| 100%purefanumtax|fat yute LMAOO\n|c| 100%purefanumtax|LMAOO\n|c| 100%purefanumtax|LMAOOOoo\n|inactive|DesiredFood has 20 seconds left.\n|c|\u2606DesiredFood|LOL\n|c|\u2606DesiredFood|LOL\n|c| blittylittys|LOL\n|inactive|DesiredFood has 15 seconds left.\n|\n|t:|1700082093\n|switch|p2a: Alomomola|Alomomola, F|94\/100|[from] Chilly Reception\n|\n|-weather|Snow|[upkeep]\n|-heal|p1a: Sylveon|51\/100|[from] item: Leftovers\n|upkeep\n|turn|31\n|inactive|DesiredFood has 25 seconds left this turn.\n|\n|t:|1700082103\n|move|p1a: Sylveon|Hyper Voice|p2a: Alomomola\n|-damage|p2a: Alomomola|54\/100\n|move|p2a: Alomomola|Flip Turn|p1a: Sylveon\n|-damage|p1a: Sylveon|27\/100\n|inactive|DesiredFood has 30 seconds left this turn.\n|c| 100%purefanumtax|Oii how Did Yew Know I was Bri'sh\n|\n|t:|1700082108\n|switch|p2a: Slowking|Slowking-Galar, F|90\/100 brn|[from] Flip Turn\n|\n|-weather|none\n|-end|p1a: Sylveon|move: Future Sight\n|-damage|p1a: Sylveon|4\/100\n|-heal|p1a: Sylveon|54\/100|[from] move: Wish|[wisher] Sylveon\n|-heal|p1a: Sylveon|60\/100|[from] item: Leftovers\n|-damage|p2a: Slowking|83\/100 brn|[from] brn\n|upkeep\n|turn|32\n|-message|SheLuvH forfeited.\n|\n|win|DesiredFood\n|raw|SheLuvH's rating: 1124 &rarr; <strong>1098<\/strong><br \/>(-26 for losing)\n|raw|DesiredFood's rating: 1116 &rarr; <strong>1142<\/strong><br \/>(+26 for winning)\n|l|\u2606SheLuvH\n|c|\u2606DesiredFood|LMAO\n|c| blittylittys|gg next.\n","uploadtime":1700082132,"views":8,"p1id":"sheluvh","p2id":"desiredfood","formatid":"gen9ou","rating":1098,"private":0,"password":""}