{"id":"gen9ou-2000288977","p1":"JabobFrog2","p2":"ryunomatsuei","format":"[Gen 9] OU","log":"|j|\u2606JabobFrog2\n|j|\u2606ryunomatsuei\n|t:|1701181695\n|gametype|singles\n|player|p1|JabobFrog2|blackbelt|1111\n|player|p2|ryunomatsuei|1|1063\n|teamsize|p1|6\n|teamsize|p2|6\n|gen|9\n|tier|[Gen 9] OU\n|rated|\n|rule|Sleep Clause Mod: Limit one foe put to sleep\n|rule|Species Clause: Limit one of each Pok\u00e9mon\n|rule|OHKO Clause: OHKO moves are banned\n|rule|Evasion Items Clause: Evasion items are banned\n|rule|Evasion Moves Clause: Evasion moves are banned\n|rule|Endless Battle Clause: Forcing endless battles is banned\n|rule|HP Percentage Mod: HP is shown in percentages\n|clearpoke\n|poke|p1|Zamazenta-*|\n|poke|p1|Toxapex, F|\n|poke|p1|Slowking-Galar, M|\n|poke|p1|Great Tusk|\n|poke|p1|Ting-Lu|\n|poke|p1|Rotom-Wash|\n|poke|p2|Landorus-Therian, M|\n|poke|p2|Toxapex, F|\n|poke|p2|Dragapult, F|\n|poke|p2|Iron Moth|\n|poke|p2|Zamazenta-*|\n|poke|p2|Cinderace, M|\n|teampreview\n|\n|t:|1701181700\n|start\n|switch|p1a: Rotom|Rotom-Wash|100\/100\n|switch|p2a: Landorus|Landorus-Therian, M|100\/100\n|-ability|p2a: Landorus|Intimidate|boost\n|-unboost|p1a: Rotom|atk|1\n|turn|1\n|\n|t:|1701181705\n|move|p1a: Rotom|Will-O-Wisp|p2a: Landorus\n|-status|p2a: Landorus|brn\n|move|p2a: Landorus|Stealth Rock|p1a: Rotom\n|-sidestart|p1: JabobFrog2|move: Stealth Rock\n|\n|-damage|p2a: Landorus|94\/100 brn|[from] brn\n|upkeep\n|turn|2\n|\n|t:|1701181711\n|switch|p1a: Great Tusk|Great Tusk|100\/100\n|move|p2a: Landorus|Grass Knot|p1a: Great Tusk\n|-supereffective|p1a: Great Tusk\n|-damage|p1a: Great Tusk|25\/100\n|\n|-damage|p2a: Landorus|88\/100 brn|[from] brn\n|upkeep\n|turn|3\n|\n|t:|1701181728\n|-end|p1a: Great Tusk|Protosynthesis|[silent]\n|switch|p1a: Slowking|Slowking-Galar, M|100\/100\n|move|p2a: Landorus|Grass Knot|p1a: Slowking\n|-resisted|p1a: Slowking\n|-damage|p1a: Slowking|96\/100\n|\n|-damage|p2a: Landorus|82\/100 brn|[from] brn\n|upkeep\n|turn|4\n|\n|t:|1701181738\n|move|p2a: Landorus|U-turn|p1a: Slowking\n|-damage|p1a: Slowking|84\/100\n|\n|t:|1701181742\n|switch|p2a: Toxapex|Toxapex, F|100\/100|[from] U-turn\n|move|p1a: Slowking|Ice Beam|p2a: Toxapex\n|-resisted|p2a: Toxapex\n|-damage|p2a: Toxapex|93\/100\n|-status|p2a: Toxapex|frz\n|\n|-heal|p2a: Toxapex|99\/100 frz|[from] item: Black Sludge\n|upkeep\n|turn|5\n|\n|t:|1701181750\n|switch|p1a: Great Tusk|Great Tusk|25\/100\n|cant|p2a: Toxapex|frz\n|\n|-heal|p2a: Toxapex|100\/100 frz|[from] item: Black Sludge\n|upkeep\n|turn|6\n|\n|t:|1701181755\n|move|p1a: Great Tusk|Rapid Spin|p2a: Toxapex\n|-damage|p2a: Toxapex|87\/100 frz\n|-boost|p1a: Great Tusk|spe|1\n|-sideend|p1: JabobFrog2|Stealth Rock|[from] move: Rapid Spin|[of] p1a: Great Tusk\n|cant|p2a: Toxapex|frz\n|\n|-heal|p2a: Toxapex|94\/100 frz|[from] item: Black Sludge\n|upkeep\n|turn|7\n|\n|t:|1701181761\n|switch|p2a: Landorus|Landorus-Therian, M|82\/100 brn\n|-ability|p2a: Landorus|Intimidate|boost\n|-unboost|p1a: Great Tusk|atk|1\n|move|p1a: Great Tusk|Headlong Rush|p2a: Landorus\n|-immune|p2a: Landorus\n|\n|-damage|p2a: Landorus|76\/100 brn|[from] brn\n|upkeep\n|turn|8\n|\n|t:|1701181771\n|-end|p1a: Great Tusk|Protosynthesis|[silent]\n|switch|p1a: Slowking|Slowking-Galar, M|100\/100\n|move|p2a: Landorus|Stealth Rock|p1a: Slowking\n|-sidestart|p1: JabobFrog2|move: Stealth Rock\n|\n|-damage|p2a: Landorus|70\/100 brn|[from] brn\n|upkeep\n|turn|9\n|\n|t:|1701181776\n|move|p2a: Landorus|U-turn|p1a: Slowking\n|-damage|p1a: Slowking|90\/100\n|\n|t:|1701181785\n|switch|p2a: Cinderace|Cinderace, M|100\/100|[from] U-turn\n|move|p1a: Slowking|Ice Beam|p2a: Cinderace\n|-resisted|p2a: Cinderace\n|-damage|p2a: Cinderace|86\/100\n|\n|upkeep\n|turn|10\n|\n|t:|1701181795\n|switch|p1a: Toxapex|Toxapex, F, shiny|100\/100\n|move|p2a: Cinderace|Sucker Punch||[still]\n|-fail|p2a: Cinderace\n|\n|upkeep\n|turn|11\n|\n|t:|1701181810\n|move|p2a: Cinderace|U-turn|p1a: Toxapex\n|-start|p2a: Cinderace|typechange|Bug|[from] ability: Libero\n|-resisted|p1a: Toxapex\n|-damage|p1a: Toxapex|87\/100\n|\n|t:|1701181818\n|switch|p2a: Toxapex|Toxapex, F|100\/100 frz|[from] U-turn\n|move|p1a: Toxapex|Toxic||[still]\n|-fail|p1a: Toxapex\n|\n|upkeep\n|turn|12\n|\n|t:|1701181832\n|move|p1a: Toxapex|Infestation|p2a: Toxapex\n|-resisted|p2a: Toxapex\n|-damage|p2a: Toxapex|99\/100 frz\n|-activate|p2a: Toxapex|move: Infestation|[of] p1a: Toxapex\n|cant|p2a: Toxapex|frz\n|\n|-heal|p2a: Toxapex|100\/100 frz|[from] item: Black Sludge\n|-damage|p2a: Toxapex|88\/100 frz|[from] move: Infestation|[partiallytrapped]\n|upkeep\n|turn|13\n|\n|t:|1701181843\n|move|p1a: Toxapex|Infestation|p2a: Toxapex\n|-resisted|p2a: Toxapex\n|-damage|p2a: Toxapex|87\/100 frz\n|cant|p2a: Toxapex|frz\n|\n|-heal|p2a: Toxapex|93\/100 frz|[from] item: Black Sludge\n|-damage|p2a: Toxapex|80\/100 frz|[from] move: Infestation|[partiallytrapped]\n|upkeep\n|turn|14\n|\n|t:|1701181852\n|switch|p1a: Ting-Lu|Ting-Lu|100\/100\n|-damage|p1a: Ting-Lu|94\/100|[from] Stealth Rock\n|-ability|p1a: Ting-Lu|Vessel of Ruin\n|cant|p2a: Toxapex|frz\n|\n|-heal|p1a: Ting-Lu|100\/100|[from] item: Leftovers\n|-heal|p2a: Toxapex|87\/100 frz|[from] item: Black Sludge\n|-end|p2a: Toxapex|Infestation|[partiallytrapped]|[silent]\n|upkeep\n|turn|15\n|\n|t:|1701181862\n|move|p1a: Ting-Lu|Ruination|p2a: Toxapex\n|-damage|p2a: Toxapex|44\/100 frz\n|cant|p2a: Toxapex|frz\n|\n|-heal|p2a: Toxapex|50\/100 frz|[from] item: Black Sludge\n|upkeep\n|turn|16\n|\n|t:|1701181885\n|switch|p2a: Landorus|Landorus-Therian, M|70\/100 brn\n|-ability|p2a: Landorus|Intimidate|boost\n|-unboost|p1a: Ting-Lu|atk|1\n|move|p1a: Ting-Lu|Earthquake|p2a: Landorus\n|-immune|p2a: Landorus\n|\n|-damage|p2a: Landorus|64\/100 brn|[from] brn\n|upkeep\n|turn|17\n|\n|t:|1701181920\n|-terastallize|p1a: Ting-Lu|Fairy\n|move|p2a: Landorus|Grass Knot|p1a: Ting-Lu\n|-damage|p1a: Ting-Lu|89\/100\n|move|p1a: Ting-Lu|Ruination|p2a: Landorus\n|-damage|p2a: Landorus|32\/100 brn\n|\n|-heal|p1a: Ting-Lu|95\/100|[from] item: Leftovers\n|-damage|p2a: Landorus|26\/100 brn|[from] brn\n|upkeep\n|turn|18\n|\n|t:|1701181943\n|switch|p2a: Toxapex|Toxapex, F|83\/100 frz\n|switch|p1a: Slowking|Slowking-Galar, M|100\/100\n|\n|-heal|p2a: Toxapex|89\/100 frz|[from] item: Black Sludge\n|upkeep\n|turn|19\n|\n|t:|1701181956\n|cant|p2a: Toxapex|frz\n|move|p1a: Slowking|Future Sight|p2a: Toxapex\n|-start|p1a: Slowking|move: Future Sight\n|\n|-heal|p2a: Toxapex|96\/100 frz|[from] item: Black Sludge\n|upkeep\n|turn|20\n|\n|t:|1701181970\n|cant|p2a: Toxapex|frz\n|move|p1a: Slowking|Chilly Reception|p1a: Slowking\n|-weather|Snow\n|\n|t:|1701181978\n|switch|p1a: Rotom|Rotom-Wash|100\/100|[from] Chilly Reception\n|-damage|p1a: Rotom|88\/100|[from] Stealth Rock\n|\n|-weather|Snow|[upkeep]\n|-heal|p2a: Toxapex|100\/100 frz|[from] item: Black Sludge\n|upkeep\n|turn|21\n|\n|t:|1701181989\n|move|p1a: Rotom|Volt Switch|p2a: Toxapex\n|-supereffective|p2a: Toxapex\n|-damage|p2a: Toxapex|59\/100 frz\n|\n|t:|1701181994\n|switch|p1a: Ting-Lu|Ting-Lu, tera:Fairy|95\/100|[from] Volt Switch\n|-damage|p1a: Ting-Lu|83\/100|[from] Stealth Rock\n|-ability|p1a: Ting-Lu|Vessel of Ruin\n|cant|p2a: Toxapex|frz\n|\n|-weather|Snow|[upkeep]\n|-end|p2a: Toxapex|move: Future Sight\n|-supereffective|p2a: Toxapex\n|-damage|p2a: Toxapex|11\/100 frz\n|-heal|p1a: Ting-Lu|89\/100|[from] item: Leftovers\n|-heal|p2a: Toxapex|17\/100 frz|[from] item: Black Sludge\n|upkeep\n|turn|22\n|\n|t:|1701182011\n|switch|p2a: Landorus|Landorus-Therian, M|26\/100 brn\n|-ability|p2a: Landorus|Intimidate|boost\n|-unboost|p1a: Ting-Lu|atk|1\n|move|p1a: Ting-Lu|Earthquake|p2a: Landorus\n|-immune|p2a: Landorus\n|\n|-weather|Snow|[upkeep]\n|-heal|p1a: Ting-Lu|95\/100|[from] item: Leftovers\n|-damage|p2a: Landorus|20\/100 brn|[from] brn\n|upkeep\n|turn|23\n|\n|t:|1701182026\n|switch|p1a: Slowking|Slowking-Galar, M|100\/100\n|move|p2a: Landorus|Grass Knot|p1a: Slowking\n|-resisted|p1a: Slowking\n|-damage|p1a: Slowking|96\/100\n|\n|-weather|Snow|[upkeep]\n|-damage|p2a: Landorus|14\/100 brn|[from] brn\n|upkeep\n|turn|24\n|\n|t:|1701182035\n|move|p2a: Landorus|U-turn|p1a: Slowking\n|-damage|p1a: Slowking|84\/100\n|\n|t:|1701182046\n|switch|p2a: Cinderace|Cinderace, M|86\/100|[from] U-turn\n|move|p1a: Slowking|Future Sight|p2a: Cinderace\n|-start|p1a: Slowking|move: Future Sight\n|\n|-weather|none\n|upkeep\n|turn|25\n|\n|t:|1701182053\n|switch|p1a: Toxapex|Toxapex, F, shiny|100\/100\n|move|p2a: Cinderace|U-turn|p1a: Toxapex\n|-start|p2a: Cinderace|typechange|Bug|[from] ability: Libero\n|-resisted|p1a: Toxapex\n|-damage|p1a: Toxapex|88\/100\n|\n|t:|1701182063\n|switch|p2a: Zamazenta|Zamazenta|100\/100|[from] U-turn\n|-ability|p2a: Zamazenta|Dauntless Shield|boost\n|-boost|p2a: Zamazenta|def|1\n|\n|upkeep\n|turn|26\n|\n|t:|1701182068\n|move|p2a: Zamazenta|Crunch|p1a: Toxapex\n|-damage|p1a: Toxapex|57\/100\n|move|p1a: Toxapex|Toxic|p2a: Zamazenta\n|-status|p2a: Zamazenta|tox\n|\n|-end|p2a: Zamazenta|move: Future Sight\n|-supereffective|p2a: Zamazenta\n|-damage|p2a: Zamazenta|24\/100 tox\n|-damage|p2a: Zamazenta|18\/100 tox|[from] psn\n|upkeep\n|turn|27\n|\n|t:|1701182079\n|switch|p2a: Toxapex|Toxapex, F|50\/100 frz\n|switch|p1a: Slowking|Slowking-Galar, M|100\/100\n|\n|-heal|p2a: Toxapex|57\/100 frz|[from] item: Black Sludge\n|upkeep\n|turn|28\n|\n|t:|1701182088\n|switch|p1a: Great Tusk|Great Tusk|25\/100\n|cant|p2a: Toxapex|frz\n|\n|-heal|p2a: Toxapex|63\/100 frz|[from] item: Black Sludge\n|upkeep\n|turn|29\n|\n|t:|1701182099\n|switch|p2a: Landorus|Landorus-Therian, M|14\/100 brn\n|-ability|p2a: Landorus|Intimidate|boost\n|-unboost|p1a: Great Tusk|atk|1\n|move|p1a: Great Tusk|Rapid Spin|p2a: Landorus\n|-damage|p2a: Landorus|7\/100 brn\n|-boost|p1a: Great Tusk|spe|1\n|-damage|p1a: Great Tusk|9\/100|[from] item: Rocky Helmet|[of] p2a: Landorus\n|-sideend|p1: JabobFrog2|Stealth Rock|[from] move: Rapid Spin|[of] p1a: Great Tusk\n|\n|-damage|p2a: Landorus|0 fnt|[from] brn\n|faint|p2a: Landorus\n|upkeep\n|\n|t:|1701182111\n|switch|p2a: Cinderace|Cinderace, M|86\/100\n|turn|30\n|\n|t:|1701182118\n|move|p1a: Great Tusk|Headlong Rush|p2a: Cinderace\n|-supereffective|p2a: Cinderace\n|-damage|p2a: Cinderace|0 fnt\n|-unboost|p1a: Great Tusk|def|1\n|-unboost|p1a: Great Tusk|spd|1\n|faint|p2a: Cinderace\n|\n|upkeep\n|inactive|Battle timer is ON: inactive players will automatically lose when time's up. (requested by JabobFrog2)\n|inactive|ryunomatsuei has 120 seconds left.\n|inactive|ryunomatsuei has 90 seconds left.\n|inactive|ryunomatsuei has 60 seconds left.\n|\n|t:|1701182253\n|switch|p2a: Dragapult|Dragapult, F|100\/100\n|turn|31\n|\n|t:|1701182274\n|move|p1a: Great Tusk|Knock Off|p2a: Dragapult\n|-supereffective|p2a: Dragapult\n|-damage|p2a: Dragapult|41\/100\n|-enditem|p2a: Dragapult|Life Orb|[from] move: Knock Off|[of] p1a: Great Tusk\n|move|p2a: Dragapult|U-turn|p1a: Great Tusk\n|-resisted|p1a: Great Tusk\n|-damage|p1a: Great Tusk|0 fnt\n|faint|p1a: Great Tusk\n|-end|p1a: Great Tusk|Protosynthesis|[silent]\n|\n|t:|1701182283\n|switch|p2a: Iron Moth|Iron Moth|100\/100|[from] U-turn\n|\n|upkeep\n|\n|t:|1701182288\n|switch|p1a: Slowking|Slowking-Galar, M|100\/100\n|turn|32\n|\n|t:|1701182307\n|move|p2a: Iron Moth|Overheat|p1a: Slowking\n|-crit|p1a: Slowking\n|-damage|p1a: Slowking|4\/100\n|-unboost|p2a: Iron Moth|spa|2\n|move|p1a: Slowking|Future Sight|p2a: Iron Moth\n|-start|p1a: Slowking|move: Future Sight\n|\n|upkeep\n|turn|33\n|\n|t:|1701182316\n|switch|p1a: Toxapex|Toxapex, F, shiny|90\/100\n|-terastallize|p2a: Iron Moth|Grass\n|move|p2a: Iron Moth|Overheat|p1a: Toxapex\n|-resisted|p1a: Toxapex\n|-damage|p1a: Toxapex|73\/100\n|-unboost|p2a: Iron Moth|spa|2\n|\n|upkeep\n|turn|34\n|\n|t:|1701182331\n|-end|p2a: Iron Moth|Quark Drive|[silent]\n|switch|p2a: Toxapex|Toxapex, F|96\/100 frz\n|move|p1a: Toxapex|Infestation|p2a: Toxapex\n|-resisted|p2a: Toxapex\n|-damage|p2a: Toxapex|95\/100 frz\n|-activate|p2a: Toxapex|move: Infestation|[of] p1a: Toxapex\n|\n|-end|p2a: Toxapex|move: Future Sight\n|-supereffective|p2a: Toxapex\n|-damage|p2a: Toxapex|35\/100 frz\n|-heal|p2a: Toxapex|42\/100 frz|[from] item: Black Sludge\n|-damage|p2a: Toxapex|29\/100 frz|[from] move: Infestation|[partiallytrapped]\n|upkeep\n|turn|35\n|\n|t:|1701182345\n|cant|p2a: Toxapex|frz\n|move|p1a: Toxapex|Infestation|p2a: Toxapex\n|-resisted|p2a: Toxapex\n|-damage|p2a: Toxapex|28\/100 frz\n|\n|-heal|p2a: Toxapex|34\/100 frz|[from] item: Black Sludge\n|-damage|p2a: Toxapex|22\/100 frz|[from] move: Infestation|[partiallytrapped]\n|upkeep\n|turn|36\n|\n|t:|1701182359\n|move|p1a: Toxapex|Infestation|p2a: Toxapex\n|-resisted|p2a: Toxapex\n|-damage|p2a: Toxapex|21\/100 frz\n|cant|p2a: Toxapex|frz\n|\n|-heal|p2a: Toxapex|27\/100 frz|[from] item: Black Sludge\n|-damage|p2a: Toxapex|15\/100 frz|[from] move: Infestation|[partiallytrapped]\n|upkeep\n|turn|37\n|\n|t:|1701182370\n|cant|p2a: Toxapex|frz\n|move|p1a: Toxapex|Infestation|p2a: Toxapex\n|-resisted|p2a: Toxapex\n|-damage|p2a: Toxapex|14\/100 frz\n|\n|-heal|p2a: Toxapex|20\/100 frz|[from] item: Black Sludge\n|-damage|p2a: Toxapex|7\/100 frz|[from] move: Infestation|[partiallytrapped]\n|upkeep\n|turn|38\n|\n|t:|1701182379\n|move|p1a: Toxapex|Infestation|p2a: Toxapex\n|-resisted|p2a: Toxapex\n|-damage|p2a: Toxapex|6\/100 frz\n|cant|p2a: Toxapex|frz\n|\n|-heal|p2a: Toxapex|13\/100 frz|[from] item: Black Sludge\n|-end|p2a: Toxapex|Infestation|[partiallytrapped]\n|upkeep\n|turn|39\n|\n|t:|1701182387\n|move|p1a: Toxapex|Infestation|p2a: Toxapex\n|-resisted|p2a: Toxapex\n|-damage|p2a: Toxapex|12\/100 frz\n|-activate|p2a: Toxapex|move: Infestation|[of] p1a: Toxapex\n|cant|p2a: Toxapex|frz\n|\n|-heal|p2a: Toxapex|18\/100 frz|[from] item: Black Sludge\n|-damage|p2a: Toxapex|5\/100 frz|[from] move: Infestation|[partiallytrapped]\n|upkeep\n|turn|40\n|\n|t:|1701182395\n|move|p1a: Toxapex|Infestation|p2a: Toxapex\n|-resisted|p2a: Toxapex\n|-damage|p2a: Toxapex|4\/100 frz\n|-curestatus|p2a: Toxapex|frz|[msg]\n|move|p2a: Toxapex|Recover|p2a: Toxapex\n|-heal|p2a: Toxapex|54\/100\n|\n|-heal|p2a: Toxapex|61\/100|[from] item: Black Sludge\n|-damage|p2a: Toxapex|48\/100|[from] move: Infestation|[partiallytrapped]\n|upkeep\n|turn|41\n|\n|t:|1701182406\n|switch|p1a: Ting-Lu|Ting-Lu, tera:Fairy|95\/100\n|-ability|p1a: Ting-Lu|Vessel of Ruin\n|move|p2a: Toxapex|Recover|p2a: Toxapex\n|-heal|p2a: Toxapex|98\/100\n|\n|-heal|p1a: Ting-Lu|100\/100|[from] item: Leftovers\n|-heal|p2a: Toxapex|100\/100|[from] item: Black Sludge\n|-end|p2a: Toxapex|Infestation|[partiallytrapped]|[silent]\n|upkeep\n|turn|42\n|\n|t:|1701182417\n|move|p1a: Ting-Lu|Spikes|p2a: Toxapex\n|-sidestart|p2: ryunomatsuei|Spikes\n|move|p2a: Toxapex|Chilling Water|p1a: Ting-Lu\n|-damage|p1a: Ting-Lu|96\/100\n|-unboost|p1a: Ting-Lu|atk|1\n|\n|-heal|p1a: Ting-Lu|100\/100|[from] item: Leftovers\n|upkeep\n|turn|43\n|\n|t:|1701182428\n|move|p1a: Ting-Lu|Spikes|p2a: Toxapex\n|-sidestart|p2: ryunomatsuei|Spikes\n|move|p2a: Toxapex|Toxic|p1a: Ting-Lu\n|-status|p1a: Ting-Lu|tox\n|\n|-damage|p1a: Ting-Lu|94\/100 tox|[from] psn\n|upkeep\n|turn|44\n|\n|t:|1701182446\n|move|p1a: Ting-Lu|Spikes|p2a: Toxapex\n|-sidestart|p2: ryunomatsuei|Spikes\n|move|p2a: Toxapex|Chilling Water|p1a: Ting-Lu\n|-damage|p1a: Ting-Lu|90\/100 tox\n|-unboost|p1a: Ting-Lu|atk|1\n|\n|-heal|p1a: Ting-Lu|96\/100 tox|[from] item: Leftovers\n|-damage|p1a: Ting-Lu|84\/100 tox|[from] psn\n|upkeep\n|turn|45\n|\n|t:|1701182455\n|move|p2a: Toxapex|Chilling Water|p1a: Ting-Lu\n|-damage|p1a: Ting-Lu|79\/100 tox\n|-unboost|p1a: Ting-Lu|atk|1\n|move|p1a: Ting-Lu|Whirlwind|p2a: Toxapex\n|drag|p2a: Zamazenta|Zamazenta|18\/100 tox\n|-damage|p2a: Zamazenta|0 fnt|[from] Spikes\n|faint|p2a: Zamazenta\n|\n|-heal|p1a: Ting-Lu|85\/100 tox|[from] item: Leftovers\n|-damage|p1a: Ting-Lu|67\/100 tox|[from] psn\n|upkeep\n|\n|t:|1701182473\n|switch|p2a: Iron Moth|Iron Moth, tera:Grass|100\/100\n|-damage|p2a: Iron Moth|76\/100|[from] Spikes\n|turn|46\n|\n|t:|1701182493\n|switch|p1a: Toxapex|Toxapex, F, shiny|100\/100\n|move|p2a: Iron Moth|Sludge Wave|p1a: Toxapex\n|-resisted|p1a: Toxapex\n|-damage|p1a: Toxapex|76\/100\n|\n|upkeep\n|turn|47\n|\n|t:|1701182504\n|-end|p2a: Iron Moth|Quark Drive|[silent]\n|switch|p2a: Toxapex|Toxapex, F|100\/100\n|-damage|p2a: Toxapex|75\/100|[from] Spikes\n|move|p1a: Toxapex|Infestation|p2a: Toxapex\n|-resisted|p2a: Toxapex\n|-damage|p2a: Toxapex|75\/100\n|-activate|p2a: Toxapex|move: Infestation|[of] p1a: Toxapex\n|\n|-heal|p2a: Toxapex|81\/100|[from] item: Black Sludge\n|-damage|p2a: Toxapex|68\/100|[from] move: Infestation|[partiallytrapped]\n|upkeep\n|turn|48\n|\n|t:|1701182514\n|move|p1a: Toxapex|Recover|p1a: Toxapex\n|-heal|p1a: Toxapex|100\/100\n|move|p2a: Toxapex|Recover|p2a: Toxapex\n|-heal|p2a: Toxapex|100\/100\n|\n|-damage|p2a: Toxapex|88\/100|[from] move: Infestation|[partiallytrapped]\n|upkeep\n|turn|49\n|\n|t:|1701182523\n|switch|p1a: Ting-Lu|Ting-Lu, tera:Fairy|67\/100 tox\n|-ability|p1a: Ting-Lu|Vessel of Ruin\n|move|p2a: Toxapex|Chilling Water|p1a: Ting-Lu\n|-damage|p1a: Ting-Lu|62\/100 tox\n|-unboost|p1a: Ting-Lu|atk|1\n|\n|-heal|p1a: Ting-Lu|69\/100 tox|[from] item: Leftovers\n|-heal|p2a: Toxapex|94\/100|[from] item: Black Sludge\n|-damage|p1a: Ting-Lu|62\/100 tox|[from] psn\n|-end|p2a: Toxapex|Infestation|[partiallytrapped]|[silent]\n|upkeep\n|turn|50\n|\n|t:|1701182538\n|switch|p2a: Iron Moth|Iron Moth, tera:Grass|76\/100\n|-damage|p2a: Iron Moth|51\/100|[from] Spikes\n|move|p1a: Ting-Lu|Earthquake|p2a: Iron Moth\n|-resisted|p2a: Iron Moth\n|-damage|p2a: Iron Moth|31\/100\n|\n|-heal|p1a: Ting-Lu|69\/100 tox|[from] item: Leftovers\n|-damage|p1a: Ting-Lu|56\/100 tox|[from] psn\n|upkeep\n|turn|51\n|\n|t:|1701182553\n|switch|p1a: Slowking|Slowking-Galar, M|37\/100\n|move|p2a: Iron Moth|Overheat|p1a: Slowking\n|-crit|p1a: Slowking\n|-damage|p1a: Slowking|0 fnt\n|-unboost|p2a: Iron Moth|spa|2\n|faint|p1a: Slowking\n|\n|upkeep\n|\n|t:|1701182559\n|switch|p1a: Zamazenta|Zamazenta|100\/100\n|-ability|p1a: Zamazenta|Dauntless Shield|boost\n|-boost|p1a: Zamazenta|def|1\n|turn|52\n|\n|t:|1701182574\n|move|p1a: Zamazenta|Crunch|p2a: Iron Moth\n|-damage|p2a: Iron Moth|0 fnt\n|faint|p2a: Iron Moth\n|-end|p2a: Iron Moth|Quark Drive|[silent]\n|\n|upkeep\n|\n|t:|1701182579\n|switch|p2a: Dragapult|Dragapult, F|41\/100\n|-damage|p2a: Dragapult|16\/100|[from] Spikes\n|turn|53\n|\n|t:|1701182591\n|move|p2a: Dragapult|Dragon Darts|p1a: Zamazenta\n|-damage|p1a: Zamazenta|86\/100\n|-anim|p2a: Dragapult|Dragon Darts|p1a: Zamazenta\n|-damage|p1a: Zamazenta|71\/100\n|move|p1a: Zamazenta|Crunch|p2a: Dragapult\n|-supereffective|p2a: Dragapult\n|-damage|p2a: Dragapult|0 fnt\n|faint|p2a: Dragapult\n|\n|-heal|p1a: Zamazenta|77\/100|[from] item: Leftovers\n|upkeep\n|\n|t:|1701182603\n|switch|p2a: Toxapex|Toxapex, F|100\/100\n|-damage|p2a: Toxapex|75\/100|[from] Spikes\n|turn|54\n|\n|t:|1701182610\n|move|p1a: Zamazenta|Substitute|p1a: Zamazenta\n|-start|p1a: Zamazenta|Substitute\n|-damage|p1a: Zamazenta|52\/100\n|move|p2a: Toxapex|Toxic||[still]\n|-fail|p2a: Toxapex\n|\n|-heal|p1a: Zamazenta|58\/100|[from] item: Leftovers\n|-heal|p2a: Toxapex|82\/100|[from] item: Black Sludge\n|upkeep\n|turn|55\n|\n|t:|1701182616\n|move|p1a: Zamazenta|Iron Defense|p1a: Zamazenta\n|-boost|p1a: Zamazenta|def|2\n|move|p2a: Toxapex|Chilling Water|p1a: Zamazenta\n|-activate|p1a: Zamazenta|move: Substitute|[damage]\n|\n|-heal|p1a: Zamazenta|64\/100|[from] item: Leftovers\n|-heal|p2a: Toxapex|88\/100|[from] item: Black Sludge\n|upkeep\n|turn|56\n|\n|t:|1701182631\n|move|p1a: Zamazenta|Body Press|p2a: Toxapex\n|-resisted|p2a: Toxapex\n|-damage|p2a: Toxapex|56\/100\n|move|p2a: Toxapex|Chilling Water|p1a: Zamazenta\n|-activate|p1a: Zamazenta|move: Substitute|[damage]\n|\n|-heal|p1a: Zamazenta|70\/100|[from] item: Leftovers\n|-heal|p2a: Toxapex|62\/100|[from] item: Black Sludge\n|upkeep\n|turn|57\n|\n|t:|1701182638\n|move|p1a: Zamazenta|Body Press|p2a: Toxapex\n|-resisted|p2a: Toxapex\n|-damage|p2a: Toxapex|30\/100\n|move|p2a: Toxapex|Recover|p2a: Toxapex\n|-heal|p2a: Toxapex|80\/100\n|\n|-heal|p1a: Zamazenta|76\/100|[from] item: Leftovers\n|-heal|p2a: Toxapex|86\/100|[from] item: Black Sludge\n|upkeep\n|turn|58\n|\n|t:|1701182644\n|move|p1a: Zamazenta|Iron Defense|p1a: Zamazenta\n|-boost|p1a: Zamazenta|def|2\n|move|p2a: Toxapex|Chilling Water|p1a: Zamazenta\n|-end|p1a: Zamazenta|Substitute\n|\n|-heal|p1a: Zamazenta|83\/100|[from] item: Leftovers\n|-heal|p2a: Toxapex|92\/100|[from] item: Black Sludge\n|upkeep\n|turn|59\n|\n|t:|1701182657\n|move|p1a: Zamazenta|Substitute|p1a: Zamazenta\n|-start|p1a: Zamazenta|Substitute\n|-damage|p1a: Zamazenta|58\/100\n|move|p2a: Toxapex|Chilling Water|p1a: Zamazenta\n|-activate|p1a: Zamazenta|move: Substitute|[damage]\n|\n|-heal|p1a: Zamazenta|64\/100|[from] item: Leftovers\n|-heal|p2a: Toxapex|99\/100|[from] item: Black Sludge\n|upkeep\n|turn|60\n|\n|t:|1701182666\n|move|p1a: Zamazenta|Crunch|p2a: Toxapex\n|-damage|p2a: Toxapex|80\/100\n|move|p2a: Toxapex|Chilling Water|p1a: Zamazenta\n|-activate|p1a: Zamazenta|move: Substitute|[damage]\n|\n|-heal|p1a: Zamazenta|70\/100|[from] item: Leftovers\n|-heal|p2a: Toxapex|87\/100|[from] item: Black Sludge\n|upkeep\n|turn|61\n|\n|t:|1701182674\n|move|p1a: Zamazenta|Body Press|p2a: Toxapex\n|-resisted|p2a: Toxapex\n|-damage|p2a: Toxapex|39\/100\n|move|p2a: Toxapex|Chilling Water|p1a: Zamazenta\n|-end|p1a: Zamazenta|Substitute\n|\n|-heal|p1a: Zamazenta|76\/100|[from] item: Leftovers\n|-heal|p2a: Toxapex|45\/100|[from] item: Black Sludge\n|upkeep\n|turn|62\n|\n|t:|1701182680\n|move|p1a: Zamazenta|Body Press|p2a: Toxapex\n|-resisted|p2a: Toxapex\n|-damage|p2a: Toxapex|0 fnt\n|faint|p2a: Toxapex\n|\n|win|JabobFrog2\n|raw|JabobFrog2's rating: 1111 &rarr; <strong>1133<\/strong><br \/>(+22 for winning)\n|raw|ryunomatsuei's rating: 1063 &rarr; <strong>1046<\/strong><br \/>(-17 for losing)\n|l|\u2606ryunomatsuei\n","uploadtime":1701182691,"views":10,"p1id":"jabobfrog2","p2id":"ryunomatsuei","formatid":"gen9ou","rating":1046,"private":0,"password":""}