{"id":"gen9ou-1988691748","p1":"FavMon=Garchomp","p2":"SDK04","format":"[Gen 9] OU","log":"|j|\u2606FavMon=Garchomp\n|j|\u2606SDK04\n|t:|1699751249\n|gametype|singles\n|player|p1|FavMon=Garchomp|hilbert|\n|player|p2|SDK04|unknown|\n|teamsize|p1|6\n|teamsize|p2|6\n|gen|9\n|tier|[Gen 9] OU\n|rule|Sleep Clause Mod: Limit one foe put to sleep\n|rule|Species Clause: Limit one of each Pok\u00e9mon\n|rule|OHKO Clause: OHKO moves are banned\n|rule|Evasion Items Clause: Evasion items are banned\n|rule|Evasion Moves Clause: Evasion moves are banned\n|rule|Endless Battle Clause: Forcing endless battles is banned\n|rule|HP Percentage Mod: HP is shown in percentages\n|clearpoke\n|poke|p1|Meowscarada, M|\n|poke|p1|Kingambit, M|\n|poke|p1|Iron Moth|\n|poke|p1|Dragonite, F|\n|poke|p1|Manaphy|\n|poke|p1|Iron Valiant|\n|poke|p2|Ninetales-Alola, M|\n|poke|p2|Ogerpon-Wellspring, F|\n|poke|p2|Kingambit, M|\n|poke|p2|Iron Valiant|\n|poke|p2|Gholdengo|\n|poke|p2|Gliscor, F|\n|teampreview\n|inactive|Battle timer is ON: inactive players will automatically lose when time's up. (requested by SDK04)\n|\n|t:|1699751253\n|start\n|switch|p1a: Meowscarada|Meowscarada, M|100\/100\n|switch|p2a: cool window|Ninetales-Alola, M|100\/100\n|-weather|Snow|[from] ability: Snow Warning|[of] p2a: cool window\n|turn|1\n|\n|t:|1699751262\n|move|p1a: Meowscarada|Spikes|p2a: cool window\n|-sidestart|p2: SDK04|Spikes\n|move|p2a: cool window|Aurora Veil|p2a: cool window\n|-sidestart|p2: SDK04|move: Aurora Veil\n|\n|-weather|Snow|[upkeep]\n|upkeep\n|turn|2\n|\n|t:|1699751266\n|move|p1a: Meowscarada|Flower Trick|p2a: cool window\n|-crit|p2a: cool window\n|-damage|p2a: cool window|61\/100\n|move|p2a: cool window|Encore|p1a: Meowscarada\n|-start|p1a: Meowscarada|Encore\n|\n|-weather|Snow|[upkeep]\n|upkeep\n|turn|3\n|\n|t:|1699751272\n|switch|p2a: Bannable Offense|Kingambit, M|100\/100\n|-damage|p2a: Bannable Offense|88\/100|[from] Spikes\n|move|p1a: Meowscarada|Flower Trick|p2a: Bannable Offense\n|-resisted|p2a: Bannable Offense\n|-crit|p2a: Bannable Offense\n|-damage|p2a: Bannable Offense|69\/100\n|\n|-weather|Snow|[upkeep]\n|-heal|p2a: Bannable Offense|75\/100|[from] item: Leftovers\n|upkeep\n|turn|4\n|\n|t:|1699751294\n|-end|p2a: Bannable Offense|fallenundefined|[silent]\n|switch|p2a: Himiko|Gliscor, F|100\/100\n|move|p1a: Meowscarada|Flower Trick|p2a: Himiko\n|-crit|p2a: Himiko\n|-damage|p2a: Himiko|54\/100\n|\n|-weather|Snow|[upkeep]\n|-status|p2a: Himiko|tox|[from] item: Toxic Orb\n|upkeep\n|turn|5\n|\n|t:|1699751299\n|switch|p2a: Bannable Offense|Kingambit, M|75\/100\n|-damage|p2a: Bannable Offense|62\/100|[from] Spikes\n|move|p1a: Meowscarada|Flower Trick|p2a: Bannable Offense\n|-resisted|p2a: Bannable Offense\n|-crit|p2a: Bannable Offense\n|-damage|p2a: Bannable Offense|41\/100\n|\n|-weather|none\n|-heal|p2a: Bannable Offense|47\/100|[from] item: Leftovers\n|-end|p1a: Meowscarada|Encore\n|upkeep\n|turn|6\n|\n|t:|1699751306\n|move|p1a: Meowscarada|Spikes|p2a: Bannable Offense\n|-sidestart|p2: SDK04|Spikes\n|move|p2a: Bannable Offense|Kowtow Cleave|p1a: Meowscarada\n|-resisted|p1a: Meowscarada\n|-damage|p1a: Meowscarada|61\/100\n|\n|-heal|p2a: Bannable Offense|54\/100|[from] item: Leftovers\n|upkeep\n|turn|7\n|\n|t:|1699751310\n|move|p1a: Meowscarada|Spikes|p2a: Bannable Offense\n|-sidestart|p2: SDK04|Spikes\n|move|p2a: Bannable Offense|Swords Dance|p2a: Bannable Offense\n|-boost|p2a: Bannable Offense|atk|2\n|\n|-heal|p2a: Bannable Offense|60\/100|[from] item: Leftovers\n|upkeep\n|turn|8\n|\n|t:|1699751314\n|move|p2a: Bannable Offense|Sucker Punch||[still]\n|-fail|p2a: Bannable Offense\n|move|p1a: Meowscarada|Taunt|p2a: Bannable Offense\n|-start|p2a: Bannable Offense|move: Taunt\n|\n|-heal|p2a: Bannable Offense|66\/100|[from] item: Leftovers\n|-sideend|p2: SDK04|move: Aurora Veil\n|upkeep\n|turn|9\n|\n|t:|1699751318\n|move|p2a: Bannable Offense|Sucker Punch|p1a: Meowscarada\n|-resisted|p1a: Meowscarada\n|-damage|p1a: Meowscarada|0 fnt\n|faint|p1a: Meowscarada\n|\n|-heal|p2a: Bannable Offense|72\/100|[from] item: Leftovers\n|upkeep\n|\n|t:|1699751347\n|switch|p1a: Dragonite|Dragonite, F|100\/100\n|turn|10\n|\n|t:|1699751351\n|-terastallize|p2a: Bannable Offense|Fairy\n|move|p1a: Dragonite|Earthquake|p2a: Bannable Offense\n|-damage|p2a: Bannable Offense|38\/100\n|move|p2a: Bannable Offense|Tera Blast|p1a: Dragonite|[anim] Tera Blast Fairy\n|-supereffective|p1a: Dragonite\n|-damage|p1a: Dragonite|0 fnt\n|faint|p1a: Dragonite\n|\n|-heal|p2a: Bannable Offense|45\/100|[from] item: Leftovers\n|upkeep\n|\n|t:|1699751359\n|switch|p1a: Kingambit|Kingambit, M|100\/100\n|-activate|p1a: Kingambit|ability: Supreme Overlord\n|-start|p1a: Kingambit|fallen2|[silent]\n|turn|11\n|\n|t:|1699751362\n|move|p2a: Bannable Offense|Tera Blast|p1a: Kingambit|[anim] Tera Blast Fairy\n|-damage|p1a: Kingambit|36\/100\n|move|p1a: Kingambit|Iron Head|p2a: Bannable Offense\n|-supereffective|p2a: Bannable Offense\n|-damage|p2a: Bannable Offense|0 fnt\n|faint|p2a: Bannable Offense\n|-end|p2a: Bannable Offense|fallenundefined|[silent]\n|\n|-heal|p1a: Kingambit|42\/100|[from] item: Leftovers\n|upkeep\n|\n|t:|1699751366\n|switch|p2a: cool window|Ninetales-Alola, M|61\/100\n|-damage|p2a: cool window|36\/100|[from] Spikes\n|-weather|Snow|[from] ability: Snow Warning|[of] p2a: cool window\n|turn|12\n|\n|t:|1699751369\n|move|p2a: cool window|Aurora Veil|p2a: cool window\n|-sidestart|p2: SDK04|move: Aurora Veil\n|move|p1a: Kingambit|Iron Head|p2a: cool window\n|-supereffective|p2a: cool window\n|-damage|p2a: cool window|0 fnt\n|faint|p2a: cool window\n|\n|-weather|Snow|[upkeep]\n|-heal|p1a: Kingambit|48\/100|[from] item: Leftovers\n|upkeep\n|\n|t:|1699751371\n|switch|p2a: Himiko|Gliscor, F|54\/100 tox\n|turn|13\n|\n|t:|1699751374\n|-end|p1a: Kingambit|fallen2|[silent]\n|switch|p1a: Manaphy|Manaphy|100\/100\n|move|p2a: Himiko|Agility|p2a: Himiko\n|-boost|p2a: Himiko|spe|2\n|\n|-weather|Snow|[upkeep]\n|-heal|p2a: Himiko|66\/100 tox|[from] ability: Poison Heal\n|upkeep\n|turn|14\n|\n|t:|1699751381\n|move|p2a: Himiko|Swords Dance|p2a: Himiko\n|-boost|p2a: Himiko|atk|2\n|move|p1a: Manaphy|Tail Glow|p1a: Manaphy\n|-boost|p1a: Manaphy|spa|3\n|\n|-weather|Snow|[upkeep]\n|-heal|p2a: Himiko|78\/100 tox|[from] ability: Poison Heal\n|upkeep\n|turn|15\n|\n|t:|1699751385\n|move|p2a: Himiko|Earthquake|p1a: Manaphy\n|-damage|p1a: Manaphy|4\/100\n|move|p1a: Manaphy|Surf|p2a: Himiko\n|-supereffective|p2a: Himiko\n|-damage|p2a: Himiko|0 fnt\n|faint|p2a: Himiko\n|\n|-weather|Snow|[upkeep]\n|-heal|p1a: Manaphy|10\/100|[from] item: Leftovers\n|upkeep\n|\n|t:|1699751402\n|switch|p2a: Galladevoir|Iron Valiant|100\/100\n|-damage|p2a: Galladevoir|76\/100|[from] Spikes\n|-enditem|p2a: Galladevoir|Booster Energy\n|-activate|p2a: Galladevoir|ability: Quark Drive|[fromitem]\n|-start|p2a: Galladevoir|quarkdrivespe\n|turn|16\n|\n|t:|1699751408\n|move|p2a: Galladevoir|Moonblast|p1a: Manaphy\n|-damage|p1a: Manaphy|0 fnt\n|faint|p1a: Manaphy\n|\n|-weather|none\n|upkeep\n|\n|t:|1699751413\n|switch|p1a: Kingambit|Kingambit, M|48\/100\n|-activate|p1a: Kingambit|ability: Supreme Overlord\n|-start|p1a: Kingambit|fallen3|[silent]\n|turn|17\n|\n|t:|1699751417\n|move|p2a: Galladevoir|Moonblast|p1a: Kingambit\n|-damage|p1a: Kingambit|4\/100\n|move|p1a: Kingambit|Iron Head|p2a: Galladevoir\n|-supereffective|p2a: Galladevoir\n|-damage|p2a: Galladevoir|0 fnt\n|faint|p2a: Galladevoir\n|-end|p2a: Galladevoir|Quark Drive|[silent]\n|\n|-heal|p1a: Kingambit|10\/100|[from] item: Leftovers\n|upkeep\n|\n|t:|1699751422\n|switch|p2a: Malicious Charity|Gholdengo|100\/100\n|-item|p2a: Malicious Charity|Air Balloon\n|turn|18\n|\n|t:|1699751425\n|move|p2a: Malicious Charity|Shadow Ball|p1a: Kingambit\n|-resisted|p1a: Kingambit\n|-damage|p1a: Kingambit|0 fnt\n|faint|p1a: Kingambit\n|-end|p1a: Kingambit|fallen3|[silent]\n|\n|upkeep\n|\n|t:|1699751432\n|switch|p1a: Iron Valiant|Iron Valiant|100\/100\n|-enditem|p1a: Iron Valiant|Booster Energy\n|-activate|p1a: Iron Valiant|ability: Quark Drive|[fromitem]\n|-start|p1a: Iron Valiant|quarkdrivespe\n|turn|19\n|\n|t:|1699751438\n|move|p1a: Iron Valiant|Moonblast|p2a: Malicious Charity\n|-resisted|p2a: Malicious Charity\n|-damage|p2a: Malicious Charity|87\/100\n|-unboost|p2a: Malicious Charity|spa|1\n|-enditem|p2a: Malicious Charity|Air Balloon\n|move|p2a: Malicious Charity|Dazzling Gleam|p1a: Iron Valiant\n|-supereffective|p1a: Iron Valiant\n|-damage|p1a: Iron Valiant|31\/100\n|\n|-sideend|p2: SDK04|move: Aurora Veil\n|upkeep\n|turn|20\n|\n|t:|1699751452\n|move|p1a: Iron Valiant|Calm Mind|p1a: Iron Valiant\n|-boost|p1a: Iron Valiant|spa|1\n|-boost|p1a: Iron Valiant|spd|1\n|move|p2a: Malicious Charity|Nasty Plot|p2a: Malicious Charity\n|-boost|p2a: Malicious Charity|spa|2\n|\n|upkeep\n|turn|21\n|\n|t:|1699751455\n|move|p1a: Iron Valiant|Moonblast|p2a: Malicious Charity\n|-resisted|p2a: Malicious Charity\n|-damage|p2a: Malicious Charity|46\/100\n|move|p2a: Malicious Charity|Shadow Ball|p1a: Iron Valiant\n|-damage|p1a: Iron Valiant|0 fnt\n|faint|p1a: Iron Valiant\n|-end|p1a: Iron Valiant|Quark Drive|[silent]\n|\n|upkeep\n|\n|t:|1699751459\n|switch|p1a: Iron Moth|Iron Moth|100\/100\n|-enditem|p1a: Iron Moth|Booster Energy\n|-activate|p1a: Iron Moth|ability: Quark Drive|[fromitem]\n|-start|p1a: Iron Moth|quarkdrivespe\n|turn|22\n|\n|t:|1699751462\n|move|p1a: Iron Moth|Fiery Dance|p2a: Malicious Charity\n|-supereffective|p2a: Malicious Charity\n|-damage|p2a: Malicious Charity|0 fnt\n|faint|p2a: Malicious Charity\n|\n|upkeep\n|\n|t:|1699751463\n|switch|p2a: \u201cI win\u201d button|Ogerpon-Wellspring, F|100\/100\n|-damage|p2a: \u201cI win\u201d button|76\/100|[from] Spikes\n|turn|23\n|\n|t:|1699751465\n|move|p1a: Iron Moth|Sludge Wave|p2a: \u201cI win\u201d button\n|-supereffective|p2a: \u201cI win\u201d button\n|-damage|p2a: \u201cI win\u201d button|0 fnt\n|faint|p2a: \u201cI win\u201d button\n|\n|win|FavMon=Garchomp\n|c|\u2606SDK04|gg\n|c|\u2606SDK04|wp\n|c|\u2606FavMon=Garchomp|Meowscarada's lead set had skill swap.\n","uploadtime":1699751473,"views":8,"p1id":"favmongarchomp","p2id":"sdk04","formatid":"gen9ou","rating":0,"private":0,"password":""}