{"id":"gen9ou-1989490610","p1":"grass knot zygarde","p2":"Xy1n","format":"[Gen 9] OU","log":"|j|\u2606grass knot zygarde\n|j|\u2606Xy1n\n|t:|1699859448\n|gametype|singles\n|player|p1|grass knot zygarde|dawn|\n|player|p2|Xy1n|marlon|\n|teamsize|p1|6\n|teamsize|p2|6\n|gen|9\n|tier|[Gen 9] OU\n|rule|Sleep Clause Mod: Limit one foe put to sleep\n|rule|Species Clause: Limit one of each Pok\u00e9mon\n|rule|OHKO Clause: OHKO moves are banned\n|rule|Evasion Items Clause: Evasion items are banned\n|rule|Evasion Moves Clause: Evasion moves are banned\n|rule|Endless Battle Clause: Forcing endless battles is banned\n|rule|HP Percentage Mod: HP is shown in percentages\n|clearpoke\n|poke|p1|Jirachi|\n|poke|p1|Dragapult, F|\n|poke|p1|Ting-Lu|\n|poke|p1|Iron Valiant|\n|poke|p1|Cinderace, F|\n|poke|p1|Slither Wing|\n|poke|p2|Gholdengo|\n|poke|p2|Tyranitar, F|\n|poke|p2|Quaquaval, F|\n|poke|p2|Amoonguss, M|\n|poke|p2|Iron Treads|\n|poke|p2|Iron Valiant|\n|teampreview\n|inactive|Battle timer is ON: inactive players will automatically lose when time's up. (requested by grass knot zygarde)\n|inactive|grass knot zygarde has 270 seconds left.\n|inactive|Xy1n has 270 seconds left.\n|\n|t:|1699859498\n|start\n|switch|p1a: guy|Cinderace, F, shiny|100\/100\n|switch|p2a: Quaquaval|Quaquaval, F|100\/100\n|turn|1\n|inactive|Xy1n has 270 seconds left.\n|\n|t:|1699859544\n|switch|p1a: cant win with sw|Slither Wing, shiny|100\/100\n|move|p2a: Quaquaval|Aqua Step|p1a: cant win with sw\n|-damage|p1a: cant win with sw|67\/100\n|-boost|p2a: Quaquaval|spe|1\n|\n|upkeep\n|turn|2\n|inactive|Xy1n has 240 seconds left.\n|inactive|Xy1n has 210 seconds left.\n|\n|t:|1699859608\n|switch|p2a: Amoonguss|Amoonguss, M|100\/100\n|move|p1a: cant win with sw|Will-O-Wisp|p2a: Amoonguss|[miss]\n|-miss|p1a: cant win with sw|p2a: Amoonguss\n|\n|upkeep\n|turn|3\n|inactive|Xy1n has 210 seconds left.\n|inactive|grass knot zygarde has 270 seconds left.\n|\n|t:|1699859647\n|move|p1a: cant win with sw|Will-O-Wisp|p2a: Amoonguss\n|-status|p2a: Amoonguss|brn\n|move|p2a: Amoonguss|Toxic|p1a: cant win with sw\n|-status|p1a: cant win with sw|tox\n|\n|-damage|p1a: cant win with sw|61\/100 tox|[from] psn\n|-damage|p2a: Amoonguss|94\/100 brn|[from] brn\n|upkeep\n|turn|4\n|inactive|Xy1n has 210 seconds left.\n|\n|t:|1699859665\n|move|p1a: cant win with sw|U-turn|p2a: Amoonguss\n|-damage|p2a: Amoonguss|70\/100 brn\n|\n|t:|1699859668\n|-end|p1a: cant win with sw|Protosynthesis|[silent]\n|switch|p1a: shit|Jirachi, shiny|100\/100|[from] U-turn\n|move|p2a: Amoonguss|Sludge Bomb|p1a: shit\n|-immune|p1a: shit\n|\n|-heal|p2a: Amoonguss|76\/100 brn|[from] item: Black Sludge\n|-damage|p2a: Amoonguss|70\/100 brn|[from] brn\n|upkeep\n|turn|5\n|c|\u2606Xy1n|wow\n|inactive|Xy1n has 210 seconds left.\n|\n|t:|1699859690\n|switch|p2a: Iron Valiant|Iron Valiant|100\/100\n|-enditem|p2a: Iron Valiant|Booster Energy\n|-activate|p2a: Iron Valiant|ability: Quark Drive|[fromitem]\n|-start|p2a: Iron Valiant|quarkdrivespe\n|move|p1a: shit|Doom Desire|p2a: Iron Valiant\n|-start|p1a: shit|Doom Desire\n|\n|upkeep\n|turn|6\n|c|\u2606Xy1n|!dt doom desire\n|raw|<ul class=\"utilichart\"><li class=\"result\"><span class=\"col movenamecol\"><a href=\"https:\/\/dex.pokemonshowdown.com\/moves\/doomdesire\">Doom Desire<\/a><\/span> <span class=\"col typecol\"><img src=\"\/\/play.pokemonshowdown.com\/sprites\/types\/Steel.png\" alt=\"Steel\" width=\"32\" height=\"14\"><img src=\"\/\/play.pokemonshowdown.com\/sprites\/categories\/Special.png\" alt=\"Special\" width=\"32\" height=\"14\"><\/span> <span class=\"col labelcol\"><em>Power<\/em><br>140<\/span> <span class=\"col widelabelcol\"><em>Accuracy<\/em><br>100%<\/span> <span class=\"col pplabelcol\"><em>PP<\/em><br>8<\/span> <span class=\"col movedesccol\">Hits two turns after being used.<\/span> <\/li><li style=\"clear:both\"><\/li><\/ul>\n|raw|<font size=\"1\"><font color=\"#686868\">Priority:<\/font> 0&nbsp;|&ThickSpace;<font color=\"#686868\">Gen:<\/font> 3&nbsp;|&ThickSpace;&#10003; Bypasses Protect&nbsp;|&ThickSpace;<font color=\"#686868\">Z-Power:<\/font> 200&nbsp;|&ThickSpace;<font color=\"#686868\">Dynamax Power:<\/font> 140&nbsp;|&ThickSpace;<font color=\"#686868\">Target:<\/font> One Adjacent Pok\u00e9mon<\/font>\n\n|\n|t:|1699859704\n|move|p2a: Iron Valiant|Encore|p1a: shit\n|-start|p1a: shit|Encore\n|move|p1a: shit|Doom Desire||[still]\n|-fail|p1a: shit\n|\n|upkeep\n|turn|7\n|\n|t:|1699859711\n|switch|p1a: the shadows|Ting-Lu|100\/100\n|-ability|p1a: the shadows|Vessel of Ruin\n|move|p2a: Iron Valiant|Swords Dance|p2a: Iron Valiant\n|-boost|p2a: Iron Valiant|atk|2\n|\n|-end|p2a: Iron Valiant|move: Doom Desire\n|-supereffective|p2a: Iron Valiant\n|-damage|p2a: Iron Valiant|0 fnt\n|faint|p2a: Iron Valiant\n|-end|p2a: Iron Valiant|Quark Drive|[silent]\n|upkeep\n|c|\u2606Xy1n|oh\n|inactive|Xy1n has 210 seconds left.\n|c|\u2606Xy1n|fuck\n|c|\u2606grass knot zygarde|nice ond xyin\n|c|\u2606Xy1n|fuck\n|c|\u2606Xy1n|fuck u\n|c|\u2606Xy1n|fuck u\n|c|\u2606Xy1n|fuck u\n|c|\u2606grass knot zygarde|u read the move effects\n|c|\u2606grass knot zygarde|and still didnt react accordingly\n|c|\u2606Xy1n|I thought it wouldnt kill\n|inactive|Xy1n has 180 seconds left.\n|c|\u2606Xy1n|or it would start a new one if i encored\n|\n|t:|1699859757\n|switch|p2a: Quaquaval|Quaquaval, F|100\/100\n|turn|8\n|\n|t:|1699859765\n|switch|p1a: piss|Dragapult, F, shiny|100\/100\n|move|p2a: Quaquaval|Aqua Step|p1a: piss\n|-resisted|p1a: piss\n|-damage|p1a: piss|71\/100\n|-boost|p2a: Quaquaval|spe|1\n|\n|upkeep\n|turn|9\n|inactive|Xy1n has 180 seconds left.\n|\n|t:|1699859773\n|move|p1a: piss|Thunder Wave|p2a: Quaquaval\n|-status|p2a: Quaquaval|par\n|cant|p2a: Quaquaval|par\n|\n|upkeep\n|turn|10\n|c|\u2606Xy1n|i hope\n|c|\u2606Xy1n|i hope you fall\n|\n|t:|1699859786\n|move|p1a: piss|Hex|p2a: Quaquaval\n|-damage|p2a: Quaquaval|33\/100 par\n|cant|p2a: Quaquaval|par\n|\n|upkeep\n|turn|11\n|\n|t:|1699859792\n|move|p1a: piss|Dragon Darts|p2a: Quaquaval\n|-damage|p2a: Quaquaval|9\/100 par\n|-anim|p1a: piss|Dragon Darts|p2a: Quaquaval\n|-damage|p2a: Quaquaval|0 fnt\n|faint|p2a: Quaquaval\n|\n|upkeep\n|\n|t:|1699859799\n|switch|p2a: Gholdengo|Gholdengo|100\/100\n|turn|12\n|\n|t:|1699859806\n|-terastallize|p2a: Gholdengo|Steel\n|move|p1a: piss|U-turn|p2a: Gholdengo\n|-resisted|p2a: Gholdengo\n|-damage|p2a: Gholdengo|92\/100\n|\n|t:|1699859813\n|switch|p1a: guy|Cinderace, F, shiny|100\/100|[from] U-turn\n|move|p2a: Gholdengo|Shadow Ball|p1a: guy\n|-crit|p1a: guy\n|-damage|p1a: guy|0 fnt\n|faint|p1a: guy\n|\n|-heal|p2a: Gholdengo|98\/100|[from] item: Leftovers\n|upkeep\n|\n|t:|1699859818\n|switch|p1a: the shadows|Ting-Lu|100\/100\n|-ability|p1a: the shadows|Vessel of Ruin\n|turn|13\n|c|\u2606Xy1n|crit mattered\n|\n|t:|1699859828\n|switch|p2a: Tyranitar|Tyranitar, F|100\/100\n|-weather|Sandstorm|[from] ability: Sand Stream|[of] p2a: Tyranitar\n|move|p1a: the shadows|Ruination|p2a: Tyranitar\n|-damage|p2a: Tyranitar|50\/100\n|\n|-weather|Sandstorm|[upkeep]\n|upkeep\n|turn|14\n|\n|t:|1699859837\n|switch|p2a: Amoonguss|Amoonguss, M|100\/100 brn\n|move|p1a: the shadows|Earthquake|p2a: Amoonguss\n|-damage|p2a: Amoonguss|73\/100 brn\n|\n|-weather|Sandstorm|[upkeep]\n|-damage|p2a: Amoonguss|67\/100 brn|[from] Sandstorm\n|-heal|p2a: Amoonguss|73\/100 brn|[from] item: Black Sludge\n|-damage|p2a: Amoonguss|67\/100 brn|[from] brn\n|upkeep\n|turn|15\n|\n|t:|1699859844\n|move|p1a: the shadows|Spikes|p2a: Amoonguss\n|-sidestart|p2: Xy1n|Spikes\n|move|p2a: Amoonguss|Synthesis|p2a: Amoonguss\n|-heal|p2a: Amoonguss|92\/100 brn\n|\n|-weather|Sandstorm|[upkeep]\n|-damage|p2a: Amoonguss|86\/100 brn|[from] Sandstorm\n|-heal|p2a: Amoonguss|92\/100 brn|[from] item: Black Sludge\n|-damage|p2a: Amoonguss|86\/100 brn|[from] brn\n|upkeep\n|turn|16\n|\n|t:|1699859855\n|switch|p1a: shit|Jirachi, shiny|100\/100\n|move|p2a: Amoonguss|Giga Drain|p1a: shit\n|-resisted|p1a: shit\n|-damage|p1a: shit|94\/100\n|-heal|p2a: Amoonguss|89\/100 brn|[from] drain|[of] p1a: shit\n|\n|-weather|Sandstorm|[upkeep]\n|-damage|p2a: Amoonguss|83\/100 brn|[from] Sandstorm\n|-heal|p1a: shit|99\/100|[from] item: Leftovers\n|-heal|p2a: Amoonguss|89\/100 brn|[from] item: Black Sludge\n|-damage|p2a: Amoonguss|83\/100 brn|[from] brn\n|upkeep\n|turn|17\n|\n|t:|1699859859\n|switch|p2a: Iron Treads|Iron Treads|100\/100\n|-damage|p2a: Iron Treads|88\/100|[from] Spikes\n|move|p1a: shit|Doom Desire|p2a: Iron Treads\n|-start|p1a: shit|Doom Desire\n|\n|-weather|none\n|-heal|p2a: Iron Treads|94\/100|[from] item: Leftovers\n|-heal|p1a: shit|100\/100|[from] item: Leftovers\n|upkeep\n|turn|18\n|\n|t:|1699859870\n|switch|p1a: the shadows|Ting-Lu|100\/100\n|-ability|p1a: the shadows|Vessel of Ruin\n|move|p2a: Iron Treads|Stealth Rock|p1a: the shadows\n|-sidestart|p1: grass knot zygarde|move: Stealth Rock\n|\n|-heal|p2a: Iron Treads|100\/100|[from] item: Leftovers\n|upkeep\n|turn|19\n|\n|t:|1699859877\n|move|p2a: Iron Treads|Rapid Spin|p1a: the shadows\n|-damage|p1a: the shadows|93\/100\n|-boost|p2a: Iron Treads|spe|1\n|-sideend|p2: Xy1n|Spikes|[from] move: Rapid Spin|[of] p2a: Iron Treads\n|move|p1a: the shadows|Earthquake|p2a: Iron Treads\n|-supereffective|p2a: Iron Treads\n|-damage|p2a: Iron Treads|55\/100\n|\n|-end|p2a: Iron Treads|move: Doom Desire\n|-resisted|p2a: Iron Treads\n|-damage|p2a: Iron Treads|33\/100\n|-heal|p2a: Iron Treads|39\/100|[from] item: Leftovers\n|-heal|p1a: the shadows|99\/100|[from] item: Leftovers\n|upkeep\n|turn|20\n|\n|t:|1699859888\n|move|p2a: Iron Treads|Heavy Slam|p1a: the shadows\n|-damage|p1a: the shadows|91\/100\n|move|p1a: the shadows|Earthquake|p2a: Iron Treads\n|-supereffective|p2a: Iron Treads\n|-damage|p2a: Iron Treads|0 fnt\n|faint|p2a: Iron Treads\n|-end|p2a: Iron Treads|Quark Drive|[silent]\n|\n|-heal|p1a: the shadows|97\/100|[from] item: Leftovers\n|upkeep\n|inactive|Xy1n has 270 seconds left.\n|\n|t:|1699859898\n|switch|p2a: Gholdengo|Gholdengo, tera:Steel|98\/100\n|turn|21\n|\n|t:|1699859902\n|move|p2a: Gholdengo|Nasty Plot|p2a: Gholdengo\n|-boost|p2a: Gholdengo|spa|2\n|move|p1a: the shadows|Earthquake|p2a: Gholdengo\n|-supereffective|p2a: Gholdengo\n|-damage|p2a: Gholdengo|26\/100\n|\n|-heal|p2a: Gholdengo|32\/100|[from] item: Leftovers\n|-heal|p1a: the shadows|100\/100|[from] item: Leftovers\n|upkeep\n|turn|22\n|\n|t:|1699859905\n|move|p2a: Gholdengo|Make It Rain|p1a: the shadows\n|-damage|p1a: the shadows|29\/100\n|-unboost|p2a: Gholdengo|spa|1\n|move|p1a: the shadows|Earthquake|p2a: Gholdengo\n|-supereffective|p2a: Gholdengo\n|-damage|p2a: Gholdengo|0 fnt\n|faint|p2a: Gholdengo\n|\n|-heal|p1a: the shadows|35\/100|[from] item: Leftovers\n|upkeep\n|\n|t:|1699859909\n|switch|p2a: Tyranitar|Tyranitar, F|50\/100\n|-weather|Sandstorm|[from] ability: Sand Stream|[of] p2a: Tyranitar\n|turn|23\n|\n|t:|1699859922\n|move|p2a: Tyranitar|Stone Edge|p1a: the shadows\n|-resisted|p1a: the shadows\n|-damage|p1a: the shadows|22\/100\n|move|p1a: the shadows|Earthquake|p2a: Tyranitar\n|-supereffective|p2a: Tyranitar\n|-damage|p2a: Tyranitar|0 fnt\n|faint|p2a: Tyranitar\n|\n|-weather|Sandstorm|[upkeep]\n|-heal|p1a: the shadows|29\/100|[from] item: Leftovers\n|upkeep\n|\n|t:|1699859925\n|switch|p2a: Amoonguss|Amoonguss, M|100\/100 brn\n|turn|24\n|c|\u2606grass knot zygarde|big ting lu\n|\n|t:|1699859935\n|move|p1a: the shadows|Ruination|p2a: Amoonguss\n|-damage|p2a: Amoonguss|50\/100 brn\n|move|p2a: Amoonguss|Giga Drain|p1a: the shadows\n|-supereffective|p1a: the shadows\n|-damage|p1a: the shadows|9\/100\n|-heal|p2a: Amoonguss|62\/100 brn|[from] drain|[of] p1a: the shadows\n|\n|-weather|Sandstorm|[upkeep]\n|-damage|p2a: Amoonguss|56\/100 brn|[from] Sandstorm\n|-heal|p1a: the shadows|15\/100|[from] item: Leftovers\n|-heal|p2a: Amoonguss|62\/100 brn|[from] item: Black Sludge\n|-damage|p2a: Amoonguss|56\/100 brn|[from] brn\n|upkeep\n|turn|25\n|\n|t:|1699859942\n|switch|p1a: shit|Jirachi, shiny|100\/100\n|-damage|p1a: shit|94\/100|[from] Stealth Rock\n|move|p2a: Amoonguss|Giga Drain|p1a: shit\n|-resisted|p1a: shit\n|-damage|p1a: shit|87\/100\n|-heal|p2a: Amoonguss|60\/100 brn|[from] drain|[of] p1a: shit\n|\n|-weather|Sandstorm|[upkeep]\n|-damage|p2a: Amoonguss|53\/100 brn|[from] Sandstorm\n|-heal|p1a: shit|93\/100|[from] item: Leftovers\n|-heal|p2a: Amoonguss|60\/100 brn|[from] item: Black Sludge\n|-damage|p2a: Amoonguss|53\/100 brn|[from] brn\n|upkeep\n|turn|26\n|\n|t:|1699859945\n|move|p1a: shit|Doom Desire|p2a: Amoonguss\n|-start|p1a: shit|Doom Desire\n|move|p2a: Amoonguss|Synthesis|p2a: Amoonguss\n|-heal|p2a: Amoonguss|78\/100 brn\n|\n|-weather|Sandstorm|[upkeep]\n|-damage|p2a: Amoonguss|72\/100 brn|[from] Sandstorm\n|-heal|p1a: shit|99\/100|[from] item: Leftovers\n|-heal|p2a: Amoonguss|78\/100 brn|[from] item: Black Sludge\n|-damage|p2a: Amoonguss|72\/100 brn|[from] brn\n|upkeep\n|turn|27\n|\n|t:|1699859950\n|move|p1a: shit|Wish|p1a: shit\n|move|p2a: Amoonguss|Synthesis|p2a: Amoonguss\n|-heal|p2a: Amoonguss|97\/100 brn\n|\n|-weather|none\n|-heal|p1a: shit|100\/100|[from] item: Leftovers\n|-heal|p2a: Amoonguss|100\/100 brn|[from] item: Black Sludge\n|-damage|p2a: Amoonguss|94\/100 brn|[from] brn\n|upkeep\n|turn|28\n|\n|t:|1699859955\n|move|p1a: shit|U-turn|p2a: Amoonguss\n|-damage|p2a: Amoonguss|84\/100 brn\n|\n|t:|1699859958\n|switch|p1a: piss|Dragapult, F, shiny|71\/100|[from] U-turn\n|move|p2a: Amoonguss|Giga Drain|p1a: piss\n|-resisted|p1a: piss\n|-damage|p1a: piss|54\/100\n|-heal|p2a: Amoonguss|90\/100 brn|[from] drain|[of] p1a: piss\n|\n|-end|p2a: Amoonguss|move: Doom Desire\n|-damage|p2a: Amoonguss|48\/100 brn\n|-heal|p1a: piss|100\/100|[from] move: Wish|[wisher] shit\n|-heal|p2a: Amoonguss|54\/100 brn|[from] item: Black Sludge\n|-damage|p2a: Amoonguss|48\/100 brn|[from] brn\n|upkeep\n|turn|29\n|\n|t:|1699859966\n|move|p1a: piss|Hex|p2a: Amoonguss\n|-crit|p2a: Amoonguss\n|-damage|p2a: Amoonguss|0 fnt\n|faint|p2a: Amoonguss\n|\n|win|grass knot zygarde\n|c|\u2606Xy1n|gg\n|c|\u2606grass knot zygarde|gg\n","uploadtime":1699859974,"views":9,"p1id":"grassknotzygarde","p2id":"xy1n","formatid":"gen9ou","rating":0,"private":0,"password":""}