{"id":"gen9ou-1988964915","p1":"wyverbal","p2":"Chifford","format":"[Gen 9] OU","log":"|j|\u2606wyverbal\n|j|\u2606Chifford\n|t:|1699795561\n|gametype|singles\n|player|p1|wyverbal|2|1162\n|player|p2|Chifford|1|1224\n|teamsize|p1|6\n|teamsize|p2|6\n|gen|9\n|tier|[Gen 9] OU\n|rated|\n|rule|Sleep Clause Mod: Limit one foe put to sleep\n|rule|Species Clause: Limit one of each Pok\u00e9mon\n|rule|OHKO Clause: OHKO moves are banned\n|rule|Evasion Items Clause: Evasion items are banned\n|rule|Evasion Moves Clause: Evasion moves are banned\n|rule|Endless Battle Clause: Forcing endless battles is banned\n|rule|HP Percentage Mod: HP is shown in percentages\n|clearpoke\n|poke|p1|Zamazenta-*|\n|poke|p1|Kommo-o, F|\n|poke|p1|Ceruledge, M|\n|poke|p1|Tornadus, M|\n|poke|p1|Greninja-*, M|\n|poke|p1|Sandslash, M|\n|poke|p2|Greninja-*, M|\n|poke|p2|Iron Moth|\n|poke|p2|Iron Valiant|\n|poke|p2|Great Tusk|\n|poke|p2|Kingambit, F|\n|poke|p2|Scizor, F|\n|teampreview\n|inactive|Battle timer is ON: inactive players will automatically lose when time's up. (requested by Chifford)\n|inactive|wyverbal also wants the timer to be on.\n|inactive|wyverbal has 120 seconds left.\n|\n|t:|1699795592\n|start\n|switch|p1a: Zamazenta|Zamazenta, shiny|100\/100\n|switch|p2a: Greninja|Greninja, M|100\/100\n|-ability|p1a: Zamazenta|Dauntless Shield|boost\n|-boost|p1a: Zamazenta|def|1\n|turn|1\n|\n|t:|1699795608\n|switch|p2a: Iron Moth|Iron Moth|100\/100\n|-enditem|p2a: Iron Moth|Booster Energy\n|-activate|p2a: Iron Moth|ability: Quark Drive|[fromitem]\n|-start|p2a: Iron Moth|quarkdrivespa\n|move|p1a: Zamazenta|Light Screen|p1a: Zamazenta\n|-sidestart|p1: wyverbal|move: Light Screen\n|\n|upkeep\n|turn|2\n|\n|t:|1699795616\n|switch|p1a: Ceruledge|Ceruledge, M, shiny|100\/100\n|move|p2a: Iron Moth|Psychic|p1a: Ceruledge\n|-damage|p1a: Ceruledge|77\/100\n|\n|upkeep\n|turn|3\n|\n|t:|1699795635\n|move|p2a: Iron Moth|Psychic|p1a: Ceruledge\n|-damage|p1a: Ceruledge|53\/100\n|move|p1a: Ceruledge|Swords Dance|p1a: Ceruledge\n|-boost|p1a: Ceruledge|atk|2\n|\n|upkeep\n|turn|4\n|\n|t:|1699795644\n|move|p2a: Iron Moth|Psychic|p1a: Ceruledge\n|-damage|p1a: Ceruledge|26\/100\n|move|p1a: Ceruledge|Bitter Blade|p2a: Iron Moth\n|-resisted|p2a: Iron Moth\n|-damage|p2a: Iron Moth|20\/100\n|-heal|p1a: Ceruledge|68\/100|[from] drain|[of] p2a: Iron Moth\n|\n|upkeep\n|turn|5\n|\n|t:|1699795652\n|move|p1a: Ceruledge|Shadow Sneak|p2a: Iron Moth\n|-damage|p2a: Iron Moth|0 fnt\n|faint|p2a: Iron Moth\n|-end|p2a: Iron Moth|Quark Drive|[silent]\n|\n|upkeep\n|\n|t:|1699795658\n|switch|p2a: Great Tusk|Great Tusk|100\/100\n|turn|6\n|\n|t:|1699795670\n|-terastallize|p1a: Ceruledge|Ghost\n|move|p2a: Great Tusk|Knock Off|p1a: Ceruledge\n|-supereffective|p1a: Ceruledge\n|-damage|p1a: Ceruledge|0 fnt\n|-enditem|p1a: Ceruledge|Heavy-Duty Boots|[from] move: Knock Off|[of] p2a: Great Tusk\n|faint|p1a: Ceruledge\n|\n|upkeep\n|\n|t:|1699795680\n|switch|p1a: Zamazenta|Zamazenta, shiny|100\/100\n|turn|7\n|\n|t:|1699795688\n|-end|p2a: Great Tusk|Protosynthesis|[silent]\n|switch|p2a: Scizor|Scizor, F|100\/100\n|move|p1a: Zamazenta|Reflect|p1a: Zamazenta\n|-sidestart|p1: wyverbal|Reflect\n|\n|upkeep\n|turn|8\n|\n|t:|1699795699\n|switch|p1a: Kommo-o|Kommo-o, F, shiny|100\/100\n|move|p2a: Scizor|Defog|p1a: Kommo-o\n|-unboost|p1a: Kommo-o|evasion|1\n|-sideend|p1: wyverbal|Reflect\n|-sideend|p1: wyverbal|move: Light Screen\n|\n|upkeep\n|turn|9\n|\n|t:|1699795711\n|move|p2a: Scizor|Lunge|p1a: Kommo-o\n|-resisted|p1a: Kommo-o\n|-damage|p1a: Kommo-o|87\/100\n|-unboost|p1a: Kommo-o|atk|1\n|move|p1a: Kommo-o|Iron Defense|p1a: Kommo-o\n|-boost|p1a: Kommo-o|def|2\n|\n|upkeep\n|turn|10\n|\n|t:|1699795721\n|switch|p2a: Iron Valiant|Iron Valiant|100\/100\n|move|p1a: Kommo-o|Body Press|p2a: Iron Valiant\n|-resisted|p2a: Iron Valiant\n|-damage|p2a: Iron Valiant|47\/100\n|\n|upkeep\n|turn|11\n|\n|t:|1699795738\n|switch|p1a: Tornadus|Tornadus, M, shiny|100\/100\n|move|p2a: Iron Valiant|Moonblast|p1a: Tornadus\n|-crit|p1a: Tornadus\n|-damage|p1a: Tornadus|7\/100\n|\n|upkeep\n|turn|12\n|\n|t:|1699795747\n|-end|p2a: Iron Valiant|Quark Drive|[silent]\n|switch|p2a: Scizor|Scizor, F|100\/100\n|move|p1a: Tornadus|Sandstorm|p1a: Tornadus\n|-weather|Sandstorm\n|\n|-weather|Sandstorm|[upkeep]\n|-damage|p1a: Tornadus|1\/100|[from] Sandstorm\n|upkeep\n|turn|13\n|\n|t:|1699795754\n|move|p1a: Tornadus|Taunt|p2a: Scizor\n|-start|p2a: Scizor|move: Taunt\n|move|p2a: Scizor|Lunge|p1a: Tornadus\n|-resisted|p1a: Tornadus\n|-damage|p1a: Tornadus|0 fnt\n|faint|p1a: Tornadus\n|\n|-weather|Sandstorm|[upkeep]\n|upkeep\n|\n|t:|1699795766\n|switch|p1a: Sandslash|Sandslash, M, shiny|100\/100\n|turn|14\n|\n|t:|1699795778\n|move|p1a: Sandslash|Earthquake|p2a: Scizor\n|-damage|p2a: Scizor|32\/100\n|-damage|p1a: Sandslash|91\/100|[from] item: Life Orb\n|move|p2a: Scizor|Lunge|p1a: Sandslash\n|-damage|p1a: Sandslash|44\/100\n|-unboost|p1a: Sandslash|atk|1\n|\n|-weather|Sandstorm|[upkeep]\n|-heal|p2a: Scizor|38\/100|[from] item: Leftovers\n|upkeep\n|turn|15\n|\n|t:|1699795788\n|move|p2a: Scizor|Bullet Punch|p1a: Sandslash\n|-damage|p1a: Sandslash|8\/100\n|move|p1a: Sandslash|Earthquake|p2a: Scizor\n|-damage|p2a: Scizor|0 fnt\n|faint|p2a: Scizor\n|-damage|p1a: Sandslash|0 fnt|[from] item: Life Orb\n|faint|p1a: Sandslash\n|\n|-weather|Sandstorm|[upkeep]\n|upkeep\n|\n|t:|1699795802\n|switch|p1a: Zamazenta|Zamazenta, shiny|100\/100\n|switch|p2a: Greninja|Greninja, M|100\/100\n|turn|16\n|\n|t:|1699795810\n|-terastallize|p2a: Greninja|Water\n|move|p1a: Zamazenta|Body Press|p2a: Greninja\n|-damage|p2a: Greninja|50\/100\n|move|p2a: Greninja|Hydro Pump|p1a: Zamazenta\n|-damage|p1a: Zamazenta|31\/100\n|-damage|p2a: Greninja|40\/100|[from] item: Life Orb\n|\n|-weather|none\n|upkeep\n|turn|17\n|\n|t:|1699795820\n|move|p2a: Greninja|Water Shuriken|p1a: Zamazenta\n|-damage|p1a: Zamazenta|21\/100\n|-damage|p1a: Zamazenta|13\/100\n|-hitcount|p1a: Zamazenta|2\n|-damage|p2a: Greninja|30\/100|[from] item: Life Orb\n|move|p1a: Zamazenta|Light Screen|p1a: Zamazenta\n|-sidestart|p1: wyverbal|move: Light Screen\n|\n|upkeep\n|turn|18\n|\n|t:|1699795831\n|switch|p1a: Greninja|Greninja, M|100\/100\n|move|p2a: Greninja|Water Shuriken|p1a: Greninja\n|-resisted|p1a: Greninja\n|-damage|p1a: Greninja|96\/100\n|-resisted|p1a: Greninja\n|-crit|p1a: Greninja\n|-damage|p1a: Greninja|82\/100\n|-resisted|p1a: Greninja\n|-damage|p1a: Greninja|77\/100\n|-resisted|p1a: Greninja\n|-damage|p1a: Greninja|72\/100\n|-hitcount|p1a: Greninja|4\n|-damage|p2a: Greninja|20\/100|[from] item: Life Orb\n|\n|upkeep\n|turn|19\n|\n|t:|1699795848\n|move|p1a: Greninja|Ice Beam|p2a: Greninja\n|-resisted|p2a: Greninja\n|-damage|p2a: Greninja|0 fnt\n|faint|p2a: Greninja\n|-ability|p1a: Greninja|Battle Bond|boost\n|-boost|p1a: Greninja|atk|1\n|-boost|p1a: Greninja|spa|1\n|-boost|p1a: Greninja|spe|1\n|-activate|p1a: Greninja|ability: Battle Bond\n|-damage|p1a: Greninja|62\/100|[from] item: Life Orb\n|\n|upkeep\n|\n|t:|1699795859\n|switch|p2a: Iron Valiant|Iron Valiant|47\/100\n|turn|20\n|\n|t:|1699795871\n|move|p1a: Greninja|Water Shuriken|p2a: Iron Valiant\n|-damage|p2a: Iron Valiant|24\/100\n|-damage|p2a: Iron Valiant|0 fnt\n|faint|p2a: Iron Valiant\n|-end|p2a: Iron Valiant|Quark Drive|[silent]\n|-hitcount|p2: Iron Valiant|2\n|-damage|p1a: Greninja|52\/100|[from] item: Life Orb\n|\n|upkeep\n|-message|Chifford forfeited.\n|\n|win|wyverbal\n|raw|wyverbal's rating: 1162 &rarr; <strong>1191<\/strong><br \/>(+29 for winning)\n|raw|Chifford's rating: 1224 &rarr; <strong>1195<\/strong><br \/>(-29 for losing)\n|l|\u2606Chifford\n","uploadtime":1699795883,"views":8,"p1id":"wyverbal","p2id":"chifford","formatid":"gen9ou","rating":1191,"private":0,"password":""}