{"id":"gen9ou-1993633855","p1":"nutzoo","p2":"wochimifan","format":"[Gen 9] OU","log":"|j|\u2606nutzoo\n|j|\u2606wochimifan\n|t:|1700339774\n|gametype|singles\n|player|p1|nutzoo|1|1106\n|player|p2|wochimifan|unknown|1103\n|teamsize|p1|6\n|teamsize|p2|6\n|gen|9\n|tier|[Gen 9] OU\n|rated|\n|rule|Sleep Clause Mod: Limit one foe put to sleep\n|rule|Species Clause: Limit one of each Pok\u00e9mon\n|rule|OHKO Clause: OHKO moves are banned\n|rule|Evasion Items Clause: Evasion items are banned\n|rule|Evasion Moves Clause: Evasion moves are banned\n|rule|Endless Battle Clause: Forcing endless battles is banned\n|rule|HP Percentage Mod: HP is shown in percentages\n|clearpoke\n|poke|p1|Ambipom, M|\n|poke|p1|Dragonite, M|\n|poke|p1|Cinderace, F|\n|poke|p1|Ninetales-Alola, M|\n|poke|p1|Gholdengo|\n|poke|p1|Rotom-Wash|\n|poke|p2|Pincurchin, M|\n|poke|p2|Iron Leaves|\n|poke|p2|Ogerpon-Wellspring, F|\n|poke|p2|Iron Moth|\n|poke|p2|Iron Thorns|\n|poke|p2|Greninja-*, M|\n|teampreview\n|inactive|Battle timer is ON: inactive players will automatically lose when time's up. (requested by wochimifan)\n|\n|t:|1700339797\n|start\n|switch|p1a: Cinderace|Cinderace, F, shiny|100\/100\n|switch|p2a: Pincurchin|Pincurchin, M, shiny|100\/100\n|-fieldstart|move: Electric Terrain|[from] ability: Electric Surge|[of] p2a: Pincurchin\n|turn|1\n|\n|t:|1700339821\n|move|p1a: Cinderace|Pyro Ball|p2a: Pincurchin\n|-damage|p2a: Pincurchin|54\/100\n|move|p2a: Pincurchin|Thunder Wave|p1a: Cinderace\n|-status|p1a: Cinderace|par\n|\n|upkeep\n|turn|2\n|\n|t:|1700339834\n|move|p1a: Cinderace|High Jump Kick|p2a: Pincurchin\n|-start|p1a: Cinderace|typechange|Fighting|[from] ability: Libero\n|-damage|p2a: Pincurchin|0 fnt\n|faint|p2a: Pincurchin\n|\n|upkeep\n|\n|t:|1700339846\n|switch|p2a: Iron Leaves|Iron Leaves|100\/100\n|-activate|p2a: Iron Leaves|ability: Quark Drive\n|-start|p2a: Iron Leaves|quarkdriveatk\n|turn|3\n|\n|t:|1700339860\n|switch|p1a: Ninetales|Ninetales-Alola, M|100\/100\n|-weather|Snow|[from] ability: Snow Warning|[of] p1a: Ninetales\n|move|p2a: Iron Leaves|Psyblade|p1a: Ninetales\n|-damage|p1a: Ninetales|0 fnt\n|-damage|p2a: Iron Leaves|84\/100|[from] item: Rocky Helmet|[of] p1a: Ninetales\n|faint|p1a: Ninetales\n|\n|-weather|Snow|[upkeep]\n|upkeep\n|\n|t:|1700339880\n|switch|p1a: Cinderace|Cinderace, F, shiny|100\/100 par\n|turn|4\n|\n|t:|1700339885\n|-terastallize|p2a: Iron Leaves|Electric\n|cant|p1a: Cinderace|par\n|move|p2a: Iron Leaves|Psyblade|p1a: Cinderace\n|-damage|p1a: Cinderace|0 fnt\n|faint|p1a: Cinderace\n|\n|-weather|Snow|[upkeep]\n|upkeep\n|inactive|nutzoo has 120 seconds left.\n|\n|t:|1700339912\n|switch|p1a: Ambipom|Ambipom, M, shiny|100\/100\n|turn|5\n|\n|t:|1700339914\n|move|p1a: Ambipom|Fake Out|p2a: Iron Leaves\n|-damage|p2a: Iron Leaves|45\/100\n|-damage|p1a: Ambipom|91\/100|[from] item: Life Orb\n|cant|p2a: Iron Leaves|flinch\n|\n|-weather|Snow|[upkeep]\n|upkeep\n|turn|6\n|\n|t:|1700339918\n|move|p1a: Ambipom|Last Resort|p2a: Iron Leaves\n|-damage|p2a: Iron Leaves|0 fnt\n|faint|p2a: Iron Leaves\n|-end|p2a: Iron Leaves|Quark Drive|[silent]\n|-damage|p1a: Ambipom|81\/100|[from] item: Life Orb\n|\n|-weather|Snow|[upkeep]\n|upkeep\n|\n|t:|1700339927\n|switch|p2a: Iron Thorns|Iron Thorns, shiny|100\/100\n|-activate|p2a: Iron Thorns|ability: Quark Drive\n|-start|p2a: Iron Thorns|quarkdriveatk\n|turn|7\n|\n|t:|1700339931\n|move|p1a: Ambipom|Last Resort|p2a: Iron Thorns\n|-resisted|p2a: Iron Thorns\n|-damage|p2a: Iron Thorns|66\/100\n|-damage|p1a: Ambipom|71\/100|[from] item: Life Orb\n|move|p2a: Iron Thorns|Dragon Dance|p2a: Iron Thorns\n|-boost|p2a: Iron Thorns|atk|1\n|-boost|p2a: Iron Thorns|spe|1\n|\n|-weather|none\n|upkeep\n|turn|8\n|\n|t:|1700339943\n|switch|p1a: Rotom|Rotom-Wash|100\/100\n|move|p2a: Iron Thorns|Rock Blast|p1a: Rotom\n|-damage|p1a: Rotom|66\/100\n|-damage|p1a: Rotom|34\/100\n|-damage|p1a: Rotom|0 fnt\n|faint|p1a: Rotom\n|-hitcount|p1: Rotom|3\n|\n|-fieldend|move: Electric Terrain\n|-end|p2a: Iron Thorns|Quark Drive\n|upkeep\n|\n|t:|1700339950\n|switch|p1a: Gholdengo|Gholdengo|100\/100\n|turn|9\n|\n|t:|1700339954\n|move|p2a: Iron Thorns|Wild Charge|p1a: Gholdengo\n|-damage|p1a: Gholdengo|14\/100\n|-damage|p2a: Iron Thorns|46\/100|[from] Recoil\n|move|p1a: Gholdengo|Make It Rain|p2a: Iron Thorns\n|-damage|p2a: Iron Thorns|0 fnt\n|-unboost|p1a: Gholdengo|spa|1\n|faint|p2a: Iron Thorns\n|-end|p2a: Iron Thorns|Quark Drive|[silent]\n|\n|upkeep\n|\n|t:|1700339959\n|switch|p2a: Greninja|Greninja, M|100\/100\n|turn|10\n|\n|t:|1700339968\n|move|p2a: Greninja|Dark Pulse|p1a: Gholdengo\n|-supereffective|p1a: Gholdengo\n|-damage|p1a: Gholdengo|0 fnt\n|faint|p1a: Gholdengo\n|-ability|p2a: Greninja|Battle Bond|boost\n|-boost|p2a: Greninja|atk|1\n|-boost|p2a: Greninja|spa|1\n|-boost|p2a: Greninja|spe|1\n|-activate|p2a: Greninja|ability: Battle Bond\n|-damage|p2a: Greninja|91\/100|[from] item: Life Orb\n|\n|upkeep\n|\n|t:|1700339972\n|switch|p1a: Ambipom|Ambipom, M, shiny|71\/100\n|turn|11\n|\n|t:|1700339977\n|move|p1a: Ambipom|Fake Out|p2a: Greninja\n|-damage|p2a: Greninja|37\/100\n|-damage|p1a: Ambipom|61\/100|[from] item: Life Orb\n|cant|p2a: Greninja|flinch\n|\n|upkeep\n|turn|12\n|\n|t:|1700339984\n|move|p2a: Greninja|Dark Pulse|p1a: Ambipom\n|-damage|p1a: Ambipom|0 fnt\n|faint|p1a: Ambipom\n|-damage|p2a: Greninja|27\/100|[from] item: Life Orb\n|\n|upkeep\n|\n|t:|1700339987\n|switch|p1a: Dragonite|Dragonite, M|100\/100\n|turn|13\n|\n|t:|1700340001\n|-terastallize|p1a: Dragonite|Normal\n|move|p2a: Greninja|Water Shuriken|p1a: Dragonite\n|-damage|p1a: Dragonite|93\/100\n|-damage|p1a: Dragonite|79\/100\n|-hitcount|p1a: Dragonite|2\n|-damage|p2a: Greninja|17\/100|[from] item: Life Orb\n|move|p1a: Dragonite|Dragon Dance|p1a: Dragonite\n|-boost|p1a: Dragonite|atk|1\n|-boost|p1a: Dragonite|spe|1\n|\n|-heal|p1a: Dragonite|86\/100|[from] item: Leftovers\n|upkeep\n|turn|14\n|\n|t:|1700340014\n|move|p1a: Dragonite|Extreme Speed|p2a: Greninja\n|-damage|p2a: Greninja|0 fnt\n|faint|p2a: Greninja\n|\n|-heal|p1a: Dragonite|92\/100|[from] item: Leftovers\n|upkeep\n|\n|t:|1700340018\n|switch|p2a: Ogerpon|Ogerpon-Wellspring, F|100\/100\n|turn|15\n|\n|t:|1700340031\n|move|p1a: Dragonite|Extreme Speed|p2a: Ogerpon\n|-damage|p2a: Ogerpon|1\/100\n|move|p2a: Ogerpon|Taunt|p1a: Dragonite\n|-start|p1a: Dragonite|move: Taunt\n|\n|-heal|p1a: Dragonite|98\/100|[from] item: Leftovers\n|upkeep\n|turn|16\n|\n|t:|1700340039\n|move|p1a: Dragonite|Extreme Speed|p2a: Ogerpon\n|-damage|p2a: Ogerpon|0 fnt\n|faint|p2a: Ogerpon\n|\n|-heal|p1a: Dragonite|100\/100|[from] item: Leftovers\n|upkeep\n|\n|t:|1700340041\n|switch|p2a: Iron Moth|Iron Moth, shiny|100\/100\n|turn|17\n|\n|t:|1700340050\n|move|p1a: Dragonite|Extreme Speed|p2a: Iron Moth\n|-damage|p2a: Iron Moth|8\/100\n|move|p2a: Iron Moth|Fiery Dance|p1a: Dragonite\n|-damage|p1a: Dragonite|81\/100\n|\n|-heal|p1a: Dragonite|87\/100|[from] item: Leftovers\n|upkeep\n|turn|18\n|\n|t:|1700340056\n|move|p1a: Dragonite|Extreme Speed|p2a: Iron Moth\n|-damage|p2a: Iron Moth|0 fnt\n|faint|p2a: Iron Moth\n|-end|p2a: Iron Moth|Quark Drive|[silent]\n|\n|win|nutzoo\n|raw|nutzoo's rating: 1106 &rarr; <strong>1131<\/strong><br \/>(+25 for winning)\n|raw|wochimifan's rating: 1103 &rarr; <strong>1078<\/strong><br \/>(-25 for losing)\n|l|\u2606wochimifan\n","uploadtime":1700340067,"views":29,"p1id":"nutzoo","p2id":"wochimifan","formatid":"gen9ou","rating":1078,"private":0,"password":""}