{"id":"gen9ou-1990037930","p1":"cuckoochicken","p2":"quinchmader","format":"[Gen 9] OU","log":"|j|\u2606cuckoochicken\n|j|\u2606quinchmader\n|t:|1699917881\n|gametype|singles\n|player|p1|cuckoochicken|ninjaboy|1156\n|player|p2|quinchmader|pokemaniac|1200\n|teamsize|p1|6\n|teamsize|p2|6\n|gen|9\n|tier|[Gen 9] OU\n|rated|\n|rule|Sleep Clause Mod: Limit one foe put to sleep\n|rule|Species Clause: Limit one of each Pok\u00e9mon\n|rule|OHKO Clause: OHKO moves are banned\n|rule|Evasion Items Clause: Evasion items are banned\n|rule|Evasion Moves Clause: Evasion moves are banned\n|rule|Endless Battle Clause: Forcing endless battles is banned\n|rule|HP Percentage Mod: HP is shown in percentages\n|clearpoke\n|poke|p1|Slither Wing|\n|poke|p1|Zapdos|\n|poke|p1|Garchomp, F|\n|poke|p1|Iron Moth|\n|poke|p1|Alomomola, F|\n|poke|p1|Great Tusk|\n|poke|p2|Walking Wake|\n|poke|p2|Maushold-Four|\n|poke|p2|Dragonite, F|\n|poke|p2|Weezing-Galar, F|\n|poke|p2|Great Tusk|\n|poke|p2|Muk-Alola, M|\n|teampreview\n|inactive|Battle timer is ON: inactive players will automatically lose when time's up. (requested by cuckoochicken)\n|inactive|quinchmader also wants the timer to be on.\n|\n|t:|1699917903\n|start\n|switch|p1a: Garchomp|Garchomp, F|100\/100\n|switch|p2a: Muk|Muk-Alola, M|100\/100\n|turn|1\n|\n|t:|1699917912\n|move|p2a: Muk|Protect|p2a: Muk\n|-singleturn|p2a: Muk|Protect\n|move|p1a: Garchomp|Earthquake|p2a: Muk\n|-activate|p2a: Muk|move: Protect\n|\n|upkeep\n|turn|2\n|\n|t:|1699917918\n|switch|p2a: Weezing|Weezing-Galar, F|100\/100\n|move|p1a: Garchomp|Stealth Rock|p2a: Weezing\n|-sidestart|p2: quinchmader|move: Stealth Rock\n|\n|upkeep\n|turn|3\n|inactive|cuckoochicken has 120 seconds left.\n|\n|t:|1699917950\n|-terastallize|p1a: Garchomp|Steel\n|move|p1a: Garchomp|Iron Head|p2a: Weezing\n|-supereffective|p2a: Weezing\n|-damage|p2a: Weezing|25\/100\n|cant|p2a: Weezing|flinch\n|\n|upkeep\n|turn|4\n|inactive|cuckoochicken has 120 seconds left.\n|\n|t:|1699917968\n|switch|p2a: Great Tusk|Great Tusk|100\/100\n|-damage|p2a: Great Tusk|97\/100|[from] Stealth Rock\n|move|p1a: Garchomp|Iron Head|p2a: Great Tusk\n|-damage|p2a: Great Tusk|81\/100\n|-damage|p1a: Garchomp|84\/100|[from] item: Rocky Helmet|[of] p2a: Great Tusk\n|\n|upkeep\n|turn|5\n|inactive|cuckoochicken has 120 seconds left.\n|\n|t:|1699917980\n|switch|p1a: Alomomola|Alomomola, F|100\/100\n|move|p2a: Great Tusk|Earthquake|p1a: Alomomola\n|-damage|p1a: Alomomola|70\/100\n|\n|-heal|p1a: Alomomola|76\/100|[from] item: Leftovers\n|upkeep\n|turn|6\n|\n|t:|1699917988\n|-end|p2a: Great Tusk|Protosynthesis|[silent]\n|switch|p2a: Maushold|Maushold-Four|100\/100\n|-damage|p2a: Maushold|88\/100|[from] Stealth Rock\n|move|p1a: Alomomola|Scald|p2a: Maushold\n|-damage|p2a: Maushold|68\/100\n|\n|-heal|p1a: Alomomola|82\/100|[from] item: Leftovers\n|upkeep\n|turn|7\n|\n|t:|1699918001\n|move|p2a: Maushold|Tidy Up|p2a: Maushold\n|-sideend|p2: quinchmader|Stealth Rock\n|-activate|p2a: Maushold|move: Tidy Up\n|-boost|p2a: Maushold|atk|1\n|-boost|p2a: Maushold|spe|1\n|move|p1a: Alomomola|Scald|p2a: Maushold\n|-damage|p2a: Maushold|47\/100\n|\n|-heal|p1a: Alomomola|88\/100|[from] item: Leftovers\n|upkeep\n|turn|8\n|\n|t:|1699918020\n|move|p2a: Maushold|Population Bomb|p1a: Alomomola\n|-damage|p1a: Alomomola|77\/100\n|-damage|p1a: Alomomola|66\/100\n|-damage|p1a: Alomomola|56\/100\n|-damage|p1a: Alomomola|45\/100\n|-damage|p1a: Alomomola|34\/100\n|-damage|p1a: Alomomola|23\/100\n|-damage|p1a: Alomomola|12\/100\n|-damage|p1a: Alomomola|0 fnt\n|faint|p1a: Alomomola\n|-hitcount|p1: Alomomola|8\n|\n|upkeep\n|\n|t:|1699918031\n|switch|p1a: Slither Wing|Slither Wing|100\/100\n|turn|9\n|\n|t:|1699918037\n|move|p1a: Slither Wing|First Impression|p2a: Maushold\n|-damage|p2a: Maushold|0 fnt\n|faint|p2a: Maushold\n|\n|upkeep\n|inactive|quinchmader has 120 seconds left.\n|\n|t:|1699918072\n|switch|p2a: Walking Wake|Walking Wake|100\/100\n|turn|10\n|\n|t:|1699918076\n|move|p2a: Walking Wake|Draco Meteor|p1a: Slither Wing\n|-damage|p1a: Slither Wing|29\/100\n|-unboost|p2a: Walking Wake|spa|2\n|move|p1a: Slither Wing|U-turn|p2a: Walking Wake\n|-damage|p2a: Walking Wake|55\/100\n|\n|t:|1699918085\n|-end|p1a: Slither Wing|Protosynthesis|[silent]\n|switch|p1a: Iron Moth|Iron Moth|100\/100|[from] U-turn\n|\n|upkeep\n|turn|11\n|\n|t:|1699918096\n|-end|p2a: Walking Wake|Protosynthesis|[silent]\n|switch|p2a: Weezing|Weezing-Galar, F|25\/100\n|move|p1a: Iron Moth|Dazzling Gleam|p2a: Weezing\n|-resisted|p2a: Weezing\n|-damage|p2a: Weezing|2\/100\n|\n|upkeep\n|turn|12\n|\n|t:|1699918101\n|move|p1a: Iron Moth|Fiery Dance|p2a: Weezing\n|-damage|p2a: Weezing|0 fnt\n|faint|p2a: Weezing\n|\n|upkeep\n|\n|t:|1699918113\n|switch|p2a: Walking Wake|Walking Wake|55\/100\n|turn|13\n|\n|t:|1699918126\n|-end|p1a: Iron Moth|Quark Drive|[silent]\n|switch|p1a: Garchomp|Garchomp, F, tera:Steel|84\/100\n|move|p2a: Walking Wake|Hydro Steam|p1a: Garchomp\n|-damage|p1a: Garchomp|54\/100\n|\n|upkeep\n|turn|14\n|\n|t:|1699918135\n|-end|p2a: Walking Wake|Protosynthesis|[silent]\n|switch|p2a: Great Tusk|Great Tusk|81\/100\n|move|p1a: Garchomp|Dragon Claw|p2a: Great Tusk\n|-damage|p2a: Great Tusk|65\/100\n|-damage|p1a: Garchomp|38\/100|[from] item: Rocky Helmet|[of] p2a: Great Tusk\n|\n|upkeep\n|turn|15\n|\n|t:|1699918143\n|switch|p1a: Zapdos|Zapdos|100\/100\n|move|p2a: Great Tusk|Stealth Rock|p1a: Zapdos\n|-sidestart|p1: cuckoochicken|move: Stealth Rock\n|\n|upkeep\n|turn|16\n|\n|t:|1699918165\n|-end|p2a: Great Tusk|Protosynthesis|[silent]\n|switch|p2a: Muk|Muk-Alola, M|100\/100\n|move|p1a: Zapdos|Volt Switch|p2a: Muk\n|-damage|p2a: Muk|77\/100\n|\n|t:|1699918171\n|switch|p1a: Great Tusk|Great Tusk|100\/100|[from] Volt Switch\n|-damage|p1a: Great Tusk|98\/100|[from] Stealth Rock\n|\n|-heal|p2a: Muk|83\/100|[from] item: Black Sludge\n|upkeep\n|turn|17\n|\n|t:|1699918180\n|switch|p2a: Walking Wake|Walking Wake|55\/100\n|move|p1a: Great Tusk|Rapid Spin|p2a: Walking Wake\n|-damage|p2a: Walking Wake|37\/100\n|-boost|p1a: Great Tusk|spe|1\n|-sideend|p1: cuckoochicken|Stealth Rock|[from] move: Rapid Spin|[of] p1a: Great Tusk\n|\n|upkeep\n|turn|18\n|\n|t:|1699918192\n|-end|p2a: Walking Wake|Protosynthesis|[silent]\n|switch|p2a: Muk|Muk-Alola, M|83\/100\n|move|p1a: Great Tusk|Earthquake|p2a: Muk\n|-supereffective|p2a: Muk\n|-damage|p2a: Muk|0 fnt\n|faint|p2a: Muk\n|\n|upkeep\n|\n|t:|1699918196\n|switch|p2a: Walking Wake|Walking Wake|37\/100\n|turn|19\n|\n|t:|1699918202\n|move|p2a: Walking Wake|Hydro Steam|p1a: Great Tusk\n|-supereffective|p1a: Great Tusk\n|-damage|p1a: Great Tusk|44\/100\n|move|p1a: Great Tusk|Rapid Spin|p2a: Walking Wake\n|-damage|p2a: Walking Wake|21\/100\n|-boost|p1a: Great Tusk|spe|1\n|\n|upkeep\n|turn|20\n|\n|t:|1699918209\n|move|p2a: Walking Wake|Hydro Steam|p1a: Great Tusk\n|-supereffective|p1a: Great Tusk\n|-damage|p1a: Great Tusk|0 fnt\n|faint|p1a: Great Tusk\n|-end|p1a: Great Tusk|Protosynthesis|[silent]\n|\n|upkeep\n|\n|t:|1699918214\n|switch|p1a: Slither Wing|Slither Wing|29\/100\n|turn|21\n|\n|t:|1699918229\n|-end|p2a: Walking Wake|Protosynthesis|[silent]\n|switch|p2a: Great Tusk|Great Tusk|65\/100\n|move|p1a: Slither Wing|First Impression|p2a: Great Tusk\n|-resisted|p2a: Great Tusk\n|-damage|p2a: Great Tusk|52\/100\n|-damage|p1a: Slither Wing|13\/100|[from] item: Rocky Helmet|[of] p2a: Great Tusk\n|\n|upkeep\n|turn|22\n|\n|t:|1699918239\n|-end|p1a: Slither Wing|Protosynthesis|[silent]\n|switch|p1a: Zapdos|Zapdos|100\/100\n|move|p2a: Great Tusk|Earthquake|p1a: Zapdos\n|-immune|p1a: Zapdos\n|\n|upkeep\n|turn|23\n|\n|t:|1699918248\n|move|p1a: Zapdos|Volt Switch|p2a: Great Tusk\n|-immune|p2a: Great Tusk\n|move|p2a: Great Tusk|Ice Spinner|p1a: Zapdos\n|-supereffective|p1a: Zapdos\n|-damage|p1a: Zapdos|48\/100\n|\n|-heal|p1a: Zapdos|54\/100|[from] item: Leftovers\n|upkeep\n|turn|24\n|\n|t:|1699918264\n|move|p1a: Zapdos|Roost|p1a: Zapdos\n|-heal|p1a: Zapdos|100\/100\n|-singleturn|p1a: Zapdos|move: Roost\n|move|p2a: Great Tusk|Ice Spinner|p1a: Zapdos\n|-damage|p1a: Zapdos|74\/100\n|\n|-heal|p1a: Zapdos|80\/100|[from] item: Leftovers\n|upkeep\n|turn|25\n|\n|t:|1699918274\n|move|p1a: Zapdos|Tera Blast|p2a: Great Tusk\n|-damage|p2a: Great Tusk|14\/100\n|move|p2a: Great Tusk|Rapid Spin|p1a: Zapdos\n|-damage|p1a: Zapdos|63\/100\n|-boost|p2a: Great Tusk|spe|1\n|-status|p2a: Great Tusk|par|[from] ability: Static|[of] p1a: Zapdos\n|\n|-heal|p1a: Zapdos|69\/100|[from] item: Leftovers\n|upkeep\n|turn|26\n|\n|t:|1699918280\n|move|p1a: Zapdos|Tera Blast|p2a: Great Tusk\n|-damage|p2a: Great Tusk|0 fnt\n|faint|p2a: Great Tusk\n|-end|p2a: Great Tusk|Protosynthesis|[silent]\n|\n|-heal|p1a: Zapdos|75\/100|[from] item: Leftovers\n|upkeep\n|\n|t:|1699918285\n|switch|p2a: Walking Wake|Walking Wake|21\/100\n|turn|27\n|\n|t:|1699918294\n|move|p2a: Walking Wake|Draco Meteor|p1a: Zapdos\n|-damage|p1a: Zapdos|0 fnt\n|-unboost|p2a: Walking Wake|spa|2\n|faint|p1a: Zapdos\n|\n|upkeep\n|\n|t:|1699918299\n|switch|p1a: Slither Wing|Slither Wing|13\/100\n|turn|28\n|\n|t:|1699918303\n|move|p2a: Walking Wake|Draco Meteor|p1a: Slither Wing|[miss]\n|-miss|p2a: Walking Wake|p1a: Slither Wing\n|move|p1a: Slither Wing|Will-O-Wisp|p2a: Walking Wake\n|-status|p2a: Walking Wake|brn\n|\n|-damage|p2a: Walking Wake|14\/100 brn|[from] brn\n|upkeep\n|turn|29\n|\n|t:|1699918312\n|-end|p1a: Slither Wing|Protosynthesis|[silent]\n|switch|p1a: Garchomp|Garchomp, F, tera:Steel|38\/100\n|move|p2a: Walking Wake|Draco Meteor|p1a: Garchomp\n|-resisted|p1a: Garchomp\n|-damage|p1a: Garchomp|25\/100\n|-unboost|p2a: Walking Wake|spa|2\n|\n|-damage|p2a: Walking Wake|8\/100 brn|[from] brn\n|upkeep\n|turn|30\n|\n|t:|1699918321\n|move|p2a: Walking Wake|Draco Meteor|p1a: Garchomp\n|-resisted|p1a: Garchomp\n|-damage|p1a: Garchomp|17\/100\n|-unboost|p2a: Walking Wake|spa|2\n|move|p1a: Garchomp|Stealth Rock|p2a: Walking Wake\n|-sidestart|p2: quinchmader|move: Stealth Rock\n|\n|-damage|p2a: Walking Wake|2\/100 brn|[from] brn\n|upkeep\n|turn|31\n|\n|t:|1699918329\n|move|p2a: Walking Wake|Draco Meteor|p1a: Garchomp\n|-resisted|p1a: Garchomp\n|-damage|p1a: Garchomp|11\/100\n|move|p1a: Garchomp|Dragon Claw|p2a: Walking Wake\n|-supereffective|p2a: Walking Wake\n|-damage|p2a: Walking Wake|0 fnt\n|faint|p2a: Walking Wake\n|-end|p2a: Walking Wake|Protosynthesis|[silent]\n|\n|upkeep\n|\n|t:|1699918337\n|switch|p2a: Dragonite|Dragonite, F|100\/100\n|-damage|p2a: Dragonite|76\/100|[from] Stealth Rock\n|turn|32\n|\n|t:|1699918341\n|-terastallize|p2a: Dragonite|Normal\n|move|p2a: Dragonite|Extreme Speed|p1a: Garchomp\n|-resisted|p1a: Garchomp\n|-damage|p1a: Garchomp|0 fnt\n|-damage|p2a: Dragonite|63\/100|[from] ability: Rough Skin|[of] p1a: Garchomp\n|-damage|p2a: Dragonite|47\/100|[from] item: Rocky Helmet|[of] p1a: Garchomp\n|faint|p1a: Garchomp\n|\n|upkeep\n|\n|t:|1699918346\n|switch|p1a: Iron Moth|Iron Moth|100\/100\n|turn|33\n|\n|t:|1699918350\n|move|p2a: Dragonite|Extreme Speed|p1a: Iron Moth\n|-damage|p1a: Iron Moth|0 fnt\n|faint|p1a: Iron Moth\n|-end|p1a: Iron Moth|Quark Drive|[silent]\n|\n|upkeep\n|\n|t:|1699918353\n|switch|p1a: Slither Wing|Slither Wing|13\/100\n|turn|34\n|\n|t:|1699918361\n|move|p2a: Dragonite|Extreme Speed|p1a: Slither Wing\n|-damage|p1a: Slither Wing|0 fnt\n|faint|p1a: Slither Wing\n|-end|p1a: Slither Wing|Protosynthesis|[silent]\n|\n|win|quinchmader\n|raw|cuckoochicken's rating: 1156 &rarr; <strong>1134<\/strong><br \/>(-22 for losing)\n|raw|quinchmader's rating: 1200 &rarr; <strong>1222<\/strong><br \/>(+22 for winning)\n|l|\u2606cuckoochicken\n","uploadtime":1699918378,"views":17,"p1id":"cuckoochicken","p2id":"quinchmader","formatid":"gen9ou","rating":1134,"private":0,"password":""}