{"id":"gen9ou-1998146390","p1":"TuPrimaLaCalv4","p2":"It's classified","format":"[Gen 9] OU","log":"|j|\u2606TuPrimaLaCalv4\n|j|\u2606It's classified\n|t:|1700900297\n|gametype|singles\n|player|p1|TuPrimaLaCalv4|pokemaniac|1522\n|player|p2|It's classified|pokemonranger-gen4|1575\n|teamsize|p1|6\n|teamsize|p2|6\n|gen|9\n|tier|[Gen 9] OU\n|rated|\n|rule|Sleep Clause Mod: Limit one foe put to sleep\n|rule|Species Clause: Limit one of each Pok\u00e9mon\n|rule|OHKO Clause: OHKO moves are banned\n|rule|Evasion Items Clause: Evasion items are banned\n|rule|Evasion Moves Clause: Evasion moves are banned\n|rule|Endless Battle Clause: Forcing endless battles is banned\n|rule|HP Percentage Mod: HP is shown in percentages\n|clearpoke\n|poke|p1|Kingambit, M|\n|poke|p1|Dragapult, F|\n|poke|p1|Sinistcha|\n|poke|p1|Great Tusk|\n|poke|p1|Ceruledge, F|\n|poke|p1|Ogerpon-Wellspring, F|\n|poke|p2|Ceruledge, M|\n|poke|p2|Ninetales-Alola, F|\n|poke|p2|Iron Valiant|\n|poke|p2|Great Tusk|\n|poke|p2|Manaphy|\n|poke|p2|Kingambit, F|\n|teampreview\n|inactive|Battle timer is ON: inactive players will automatically lose when time's up. (requested by TuPrimaLaCalv4)\n|inactive|It's classified also wants the timer to be on.\n|\n|t:|1700900302\n|start\n|switch|p1a: Kingambit|Kingambit, M|100\/100\n|switch|p2a: Ninetales|Ninetales-Alola, F|100\/100\n|-weather|Snow|[from] ability: Snow Warning|[of] p2a: Ninetales\n|turn|1\n|\n|t:|1700900323\n|move|p2a: Ninetales|Hypnosis|p1a: Kingambit\n|-status|p1a: Kingambit|slp|[from] move: Hypnosis\n|cant|p1a: Kingambit|slp\n|\n|-weather|Snow|[upkeep]\n|upkeep\n|turn|2\n|\n|t:|1700900330\n|move|p2a: Ninetales|Aurora Veil|p2a: Ninetales\n|-sidestart|p2: It's classified|move: Aurora Veil\n|cant|p1a: Kingambit|slp\n|\n|-weather|Snow|[upkeep]\n|upkeep\n|turn|3\n|\n|t:|1700900345\n|switch|p2a: Great Tusk|Great Tusk|100\/100\n|-enditem|p2a: Great Tusk|Booster Energy\n|-activate|p2a: Great Tusk|ability: Protosynthesis|[fromitem]\n|-start|p2a: Great Tusk|protosynthesisspe\n|-curestatus|p1a: Kingambit|slp|[msg]\n|move|p1a: Kingambit|Iron Head|p2a: Great Tusk\n|-damage|p2a: Great Tusk|87\/100\n|\n|-weather|Snow|[upkeep]\n|upkeep\n|turn|4\n|\n|t:|1700900357\n|-end|p1a: Kingambit|fallenundefined|[silent]\n|switch|p1a: Great Tusk|Great Tusk|100\/100\n|move|p2a: Great Tusk|Bulk Up|p2a: Great Tusk\n|-boost|p2a: Great Tusk|atk|1\n|-boost|p2a: Great Tusk|def|1\n|\n|-weather|Snow|[upkeep]\n|upkeep\n|turn|5\n|\n|t:|1700900376\n|move|p2a: Great Tusk|Bulk Up|p2a: Great Tusk\n|-boost|p2a: Great Tusk|atk|1\n|-boost|p2a: Great Tusk|def|1\n|move|p1a: Great Tusk|Stealth Rock|p2a: Great Tusk\n|-sidestart|p2: It's classified|move: Stealth Rock\n|\n|-weather|none\n|upkeep\n|turn|6\n|inactive|TuPrimaLaCalv4 has 120 seconds left.\n|\n|t:|1700900403\n|-end|p1a: Great Tusk|Protosynthesis|[silent]\n|switch|p1a: Ogerpon|Ogerpon-Wellspring, F|100\/100\n|move|p2a: Great Tusk|Rapid Spin|p1a: Ogerpon\n|-damage|p1a: Ogerpon|62\/100\n|-boost|p2a: Great Tusk|spe|1\n|-sideend|p2: It's classified|Stealth Rock|[from] move: Rapid Spin|[of] p2a: Great Tusk\n|\n|upkeep\n|turn|7\n|\n|t:|1700900417\n|move|p2a: Great Tusk|Ice Spinner|p1a: Ogerpon\n|-damage|p1a: Ogerpon|5\/100\n|move|p1a: Ogerpon|Ivy Cudgel|p2a: Great Tusk|[anim] Ivy Cudgel Water\n|-supereffective|p2a: Great Tusk\n|-damage|p2a: Great Tusk|68\/100\n|\n|upkeep\n|turn|8\n|inactive|TuPrimaLaCalv4 has 120 seconds left.\n|inactive|TuPrimaLaCalv4 has 90 seconds left.\n|\n|t:|1700900463\n|switch|p1a: Ceruledge|Ceruledge, F|100\/100\n|move|p2a: Great Tusk|Rapid Spin|p1a: Ceruledge\n|-immune|p1a: Ceruledge\n|\n|upkeep\n|turn|9\n|\n|t:|1700900470\n|move|p2a: Great Tusk|Ice Spinner|p1a: Ceruledge\n|-resisted|p1a: Ceruledge\n|-damage|p1a: Ceruledge|69\/100\n|-ability|p1a: Ceruledge|Weak Armor|boost\n|-unboost|p1a: Ceruledge|def|1\n|-boost|p1a: Ceruledge|spe|2\n|move|p1a: Ceruledge|Swords Dance|p1a: Ceruledge\n|-boost|p1a: Ceruledge|atk|2\n|\n|-sideend|p2: It's classified|move: Aurora Veil\n|upkeep\n|turn|10\n|inactive|TuPrimaLaCalv4 has 90 seconds left.\n|\n|t:|1700900481\n|move|p2a: Great Tusk|Headlong Rush|p1a: Ceruledge\n|-supereffective|p1a: Ceruledge\n|-damage|p1a: Ceruledge|0 fnt\n|-unboost|p2a: Great Tusk|def|1\n|-unboost|p2a: Great Tusk|spd|1\n|faint|p1a: Ceruledge\n|\n|upkeep\n|\n|t:|1700900495\n|switch|p1a: Dragapult|Dragapult, F|100\/100\n|turn|11\n|\n|t:|1700900503\n|move|p2a: Great Tusk|Ice Spinner|p1a: Dragapult\n|-supereffective|p1a: Dragapult\n|-damage|p1a: Dragapult|0 fnt\n|faint|p1a: Dragapult\n|\n|upkeep\n|\n|t:|1700900507\n|switch|p1a: Sinistcha|Sinistcha|100\/100\n|turn|12\n|inactive|TuPrimaLaCalv4 has 90 seconds left.\n|\n|t:|1700900525\n|-terastallize|p2a: Great Tusk|Ice\n|move|p2a: Great Tusk|Ice Spinner|p1a: Sinistcha\n|-supereffective|p1a: Sinistcha\n|-damage|p1a: Sinistcha|0 fnt\n|faint|p1a: Sinistcha\n|\n|upkeep\n|-message|TuPrimaLaCalv4 forfeited.\n|\n|win|It's classified\n|raw|TuPrimaLaCalv4's rating: 1522 &rarr; <strong>1505<\/strong><br \/>(-17 for losing)\n|raw|It&apos;s classified's rating: 1575 &rarr; <strong>1592<\/strong><br \/>(+17 for winning)\n|l|\u2606TuPrimaLaCalv4\n","uploadtime":1700900539,"views":12,"p1id":"tuprimalacalv4","p2id":"itsclassified","formatid":"gen9ou","rating":1505,"private":0,"password":""}