{"id":"gen9ou-1992442339","p1":"CTE World","p2":"burberry bax","format":"[Gen 9] OU","log":"|j|\u2606CTE World\n|j|\u2606burberry bax\n|t:|1700188100\n|gametype|singles\n|player|p1|CTE World|ghetsis|\n|player|p2|burberry bax|lucas|\n|teamsize|p1|6\n|teamsize|p2|6\n|gen|9\n|tier|[Gen 9] OU\n|rule|Sleep Clause Mod: Limit one foe put to sleep\n|rule|Species Clause: Limit one of each Pok\u00e9mon\n|rule|OHKO Clause: OHKO moves are banned\n|rule|Evasion Items Clause: Evasion items are banned\n|rule|Evasion Moves Clause: Evasion moves are banned\n|rule|Endless Battle Clause: Forcing endless battles is banned\n|rule|HP Percentage Mod: HP is shown in percentages\n|clearpoke\n|poke|p1|Heatran, M|\n|poke|p1|Hydreigon, M|\n|poke|p1|Thundurus-Therian, M|\n|poke|p1|Meloetta|\n|poke|p1|Muk, M|\n|poke|p1|Houndstone, M|\n|poke|p2|Gardevoir, F|\n|poke|p2|Mudsdale, M|\n|poke|p2|Moltres|\n|poke|p2|Lycanroc-Midnight, M|\n|poke|p2|Eelektross, F|\n|poke|p2|Whiscash, M|\n|teampreview\n|inactive|Battle timer is ON: inactive players will automatically lose when time's up. (requested by CTE World)\n|inactiveoff|Battle timer is now OFF.\n|j| muffinATEthat\n|j| DomNeedsHelp\n|j| GymLeader Avery\n|c| DomNeedsHelp|Go!\n|inactive|Battle timer is ON: inactive players will automatically lose when time's up. (requested by CTE World)\n|\n|t:|1700188231\n|start\n|switch|p1a: Dreigon Diggs|Hydreigon, M, shiny|100\/100\n|switch|p2a: whisbrook|Whiscash, M|100\/100\n|turn|1\n|\n|t:|1700188242\n|move|p1a: Dreigon Diggs|Substitute|p1a: Dreigon Diggs\n|-start|p1a: Dreigon Diggs|Substitute\n|-damage|p1a: Dreigon Diggs|76\/100\n|move|p2a: whisbrook|Ice Beam|p1a: Dreigon Diggs\n|-supereffective|p1a: Dreigon Diggs\n|-end|p1a: Dreigon Diggs|Substitute\n|\n|-heal|p1a: Dreigon Diggs|82\/100|[from] item: Leftovers\n|upkeep\n|turn|2\n|\n|t:|1700188254\n|switch|p1a: Cris-cendo Carter|Meloetta|100\/100\n|move|p2a: whisbrook|Ice Beam|p1a: Cris-cendo Carter\n|-damage|p1a: Cris-cendo Carter|93\/100\n|\n|-heal|p1a: Cris-cendo Carter|99\/100|[from] item: Leftovers\n|upkeep\n|turn|3\n|\n|t:|1700188269\n|switch|p2a: montenegro|Mudsdale, M|100\/100\n|move|p1a: Cris-cendo Carter|Knock Off|p2a: montenegro\n|-crit|p2a: montenegro\n|-damage|p2a: montenegro|78\/100\n|-enditem|p2a: montenegro|Assault Vest|[from] move: Knock Off|[of] p1a: Cris-cendo Carter\n|\n|-heal|p1a: Cris-cendo Carter|100\/100|[from] item: Leftovers\n|upkeep\n|turn|4\n|\n|t:|1700188296\n|move|p1a: Cris-cendo Carter|U-turn|p2a: montenegro\n|-damage|p2a: montenegro|67\/100\n|\n|t:|1700188306\n|switch|p1a: Muk Foreman|Muk, M|100\/100|[from] U-turn\n|move|p2a: montenegro|Earthquake|p1a: Muk Foreman\n|-supereffective|p1a: Muk Foreman\n|-damage|p1a: Muk Foreman|20\/100\n|\n|-heal|p1a: Muk Foreman|26\/100|[from] item: Black Sludge\n|upkeep\n|turn|5\n|inactive|CTE World has 270 seconds left.\n|\n|t:|1700188327\n|move|p2a: montenegro|Heavy Slam|p1a: Muk Foreman\n|-damage|p1a: Muk Foreman|0 fnt\n|faint|p1a: Muk Foreman\n|\n|upkeep\n|inactive|CTE World has 270 seconds left.\n|\n|t:|1700188345\n|switch|p1a: Dreigon Diggs|Hydreigon, M, shiny|82\/100\n|turn|6\n|\n|t:|1700188365\n|switch|p1a: Grim Marshall|Houndstone, M|100\/100\n|move|p2a: montenegro|Close Combat|p1a: Grim Marshall\n|-immune|p1a: Grim Marshall\n|\n|upkeep\n|turn|7\n|\n|t:|1700188379\n|switch|p2a: meltdown|Moltres, shiny|100\/100\n|-terastallize|p1a: Grim Marshall|Fighting\n|move|p1a: Grim Marshall|Roar|p2a: meltdown\n|drag|p2a: whisbrook|Whiscash, M|100\/100\n|\n|upkeep\n|turn|8\n|\n|t:|1700188393\n|switch|p1a: Cris-cendo Carter|Meloetta|100\/100\n|move|p2a: whisbrook|Spikes|p1a: Cris-cendo Carter\n|-sidestart|p1: CTE World|Spikes\n|\n|upkeep\n|turn|9\n|\n|t:|1700188405\n|switch|p2a: montenegro|Mudsdale, M|67\/100\n|move|p1a: Cris-cendo Carter|Psychic|p2a: montenegro\n|-damage|p2a: montenegro|22\/100\n|\n|upkeep\n|turn|10\n|inactive|CTE World has 270 seconds left.\n|\n|t:|1700188429\n|switch|p2a: meltdown|Moltres, shiny|100\/100\n|move|p1a: Cris-cendo Carter|Psychic|p2a: meltdown\n|-damage|p2a: meltdown|68\/100\n|\n|upkeep\n|turn|11\n|\n|t:|1700188442\n|move|p1a: Cris-cendo Carter|Knock Off|p2a: meltdown\n|-damage|p2a: meltdown|55\/100\n|-enditem|p2a: meltdown|Heavy-Duty Boots|[from] move: Knock Off|[of] p1a: Cris-cendo Carter\n|move|p2a: meltdown|U-turn|p1a: Cris-cendo Carter\n|-supereffective|p1a: Cris-cendo Carter\n|-damage|p1a: Cris-cendo Carter|67\/100\n|\n|t:|1700188460\n|switch|p2a: fubuki|Gardevoir, F|100\/100|[from] U-turn\n|-ability|p2a: fubuki|Serene Grace|[from] ability: Trace|[of] p1a: Cris-cendo Carter\n|\n|-heal|p1a: Cris-cendo Carter|73\/100|[from] item: Leftovers\n|upkeep\n|turn|12\n|\n|t:|1700188474\n|move|p2a: fubuki|Aura Sphere|p1a: Cris-cendo Carter\n|-damage|p1a: Cris-cendo Carter|60\/100\n|move|p1a: Cris-cendo Carter|Knock Off|p2a: fubuki\n|-damage|p2a: fubuki|77\/100\n|-enditem|p2a: fubuki|Heavy-Duty Boots|[from] move: Knock Off|[of] p1a: Cris-cendo Carter\n|\n|-heal|p1a: Cris-cendo Carter|66\/100|[from] item: Leftovers\n|upkeep\n|turn|13\n|\n|t:|1700188499\n|move|p2a: fubuki|Moonblast|p1a: Cris-cendo Carter\n|-damage|p1a: Cris-cendo Carter|42\/100\n|-unboost|p1a: Cris-cendo Carter|spa|1\n|move|p1a: Cris-cendo Carter|Hyper Voice|p2a: fubuki\n|-damage|p2a: fubuki|51\/100\n|\n|-heal|p1a: Cris-cendo Carter|48\/100|[from] item: Leftovers\n|upkeep\n|turn|14\n|inactive|CTE World has 270 seconds left.\n|inactive|burberry bax has 270 seconds left.\n|inactive|burberry bax has 240 seconds left.\n|\n|t:|1700188547\n|move|p2a: fubuki|Moonblast|p1a: Cris-cendo Carter\n|-damage|p1a: Cris-cendo Carter|22\/100\n|move|p1a: Cris-cendo Carter|U-turn|p2a: fubuki\n|-damage|p2a: fubuki|36\/100\n|inactive|CTE World has 270 seconds left.\n|\n|t:|1700188559\n|switch|p1a: Tran Tarkenton|Heatran, M, shiny|100\/100|[from] U-turn\n|-damage|p1a: Tran Tarkenton|88\/100|[from] Spikes\n|\n|-heal|p1a: Tran Tarkenton|94\/100|[from] item: Leftovers\n|upkeep\n|turn|15\n|\n|t:|1700188562\n|switch|p2a: montenegro|Mudsdale, M|22\/100\n|move|p1a: Tran Tarkenton|Stealth Rock|p2a: montenegro\n|-sidestart|p2: burberry bax|move: Stealth Rock\n|\n|-heal|p1a: Tran Tarkenton|100\/100|[from] item: Leftovers\n|upkeep\n|turn|16\n|inactive|CTE World has 270 seconds left.\n|\n|t:|1700188588\n|move|p1a: Tran Tarkenton|Magma Storm|p2a: montenegro\n|-damage|p2a: montenegro|0 fnt\n|faint|p2a: montenegro\n|\n|upkeep\n|\n|t:|1700188591\n|switch|p2a: whisbrook|Whiscash, M|100\/100\n|turn|17\n|inactive|CTE World has 270 seconds left.\n|\n|t:|1700188617\n|move|p1a: Tran Tarkenton|Magma Storm|p2a: whisbrook\n|-resisted|p2a: whisbrook\n|-damage|p2a: whisbrook|85\/100\n|-activate|p2a: whisbrook|move: Magma Storm|[of] p1a: Tran Tarkenton\n|move|p2a: whisbrook|Ice Beam|p1a: Tran Tarkenton\n|-resisted|p1a: Tran Tarkenton\n|-damage|p1a: Tran Tarkenton|98\/100\n|-status|p1a: Tran Tarkenton|frz\n|\n|-heal|p1a: Tran Tarkenton|100\/100 frz|[from] item: Leftovers\n|-damage|p2a: whisbrook|73\/100|[from] move: Magma Storm|[partiallytrapped]\n|upkeep\n|turn|18\n|\n|t:|1700188628\n|-curestatus|p1a: Tran Tarkenton|frz|[msg]\n|move|p1a: Tran Tarkenton|Will-O-Wisp|p2a: whisbrook\n|-status|p2a: whisbrook|brn\n|move|p2a: whisbrook|Spikes|p1a: Tran Tarkenton\n|-sidestart|p1: CTE World|Spikes\n|\n|-damage|p2a: whisbrook|67\/100 brn|[from] brn\n|-damage|p2a: whisbrook|54\/100 brn|[from] move: Magma Storm|[partiallytrapped]\n|upkeep\n|turn|19\n|\n|t:|1700188637\n|move|p1a: Tran Tarkenton|Heavy Slam|p2a: whisbrook\n|-resisted|p2a: whisbrook\n|-damage|p2a: whisbrook|37\/100 brn\n|move|p2a: whisbrook|Earth Power|p1a: Tran Tarkenton\n|-supereffective|p1a: Tran Tarkenton\n|-damage|p1a: Tran Tarkenton|44\/100\n|\n|-heal|p1a: Tran Tarkenton|50\/100|[from] item: Leftovers\n|-damage|p2a: whisbrook|31\/100 brn|[from] brn\n|-damage|p2a: whisbrook|19\/100 brn|[from] move: Magma Storm|[partiallytrapped]\n|upkeep\n|turn|20\n|\n|t:|1700188657\n|switch|p1a: Grim Marshall|Houndstone, M, tera:Fighting|100\/100\n|-damage|p1a: Grim Marshall|84\/100|[from] Spikes\n|move|p2a: whisbrook|Ice Beam|p1a: Grim Marshall\n|-damage|p1a: Grim Marshall|68\/100\n|\n|-heal|p1a: Grim Marshall|74\/100|[from] item: Leftovers\n|-damage|p2a: whisbrook|13\/100 brn|[from] brn\n|-end|p2a: whisbrook|Magma Storm|[partiallytrapped]|[silent]\n|upkeep\n|turn|21\n|\n|t:|1700188664\n|move|p1a: Grim Marshall|Shadow Sneak|p2a: whisbrook\n|-damage|p2a: whisbrook|0 fnt\n|faint|p2a: whisbrook\n|\n|-heal|p1a: Grim Marshall|80\/100|[from] item: Leftovers\n|upkeep\n|\n|t:|1700188668\n|switch|p2a: fubuki|Gardevoir, F|36\/100\n|-damage|p2a: fubuki|23\/100|[from] Stealth Rock\n|-ability|p2a: fubuki|Fluffy|[from] ability: Trace|[of] p1a: Grim Marshall\n|turn|22\n|inactive|burberry bax has 270 seconds left.\n|\n|t:|1700188692\n|switch|p1a: Cris-cendo Carter|Meloetta|22\/100\n|-damage|p1a: Cris-cendo Carter|6\/100|[from] Spikes\n|move|p2a: fubuki|Moonblast|p1a: Cris-cendo Carter\n|-damage|p1a: Cris-cendo Carter|0 fnt\n|faint|p1a: Cris-cendo Carter\n|\n|upkeep\n|\n|t:|1700188695\n|switch|p1a: Therian Peterson|Thundurus-Therian, M|100\/100\n|turn|23\n|\n|t:|1700188723\n|move|p1a: Therian Peterson|Thunderbolt|p2a: fubuki\n|-damage|p2a: fubuki|0 fnt\n|faint|p2a: fubuki\n|\n|upkeep\n|\n|t:|1700188729\n|switch|p2a: rika|Eelektross, F|100\/100\n|-damage|p2a: rika|88\/100|[from] Stealth Rock\n|turn|24\n|\n|t:|1700188736\n|move|p1a: Therian Peterson|U-turn|p2a: rika\n|-damage|p2a: rika|70\/100\n|\n|t:|1700188743\n|switch|p1a: Dreigon Diggs|Hydreigon, M, shiny|82\/100|[from] U-turn\n|move|p2a: rika|Knock Off|p1a: Dreigon Diggs\n|-resisted|p1a: Dreigon Diggs\n|-damage|p1a: Dreigon Diggs|67\/100\n|-enditem|p1a: Dreigon Diggs|Leftovers|[from] move: Knock Off|[of] p2a: rika\n|\n|upkeep\n|turn|25\n|\n|t:|1700188762\n|move|p1a: Dreigon Diggs|Draco Meteor|p2a: rika\n|-damage|p2a: rika|32\/100\n|-unboost|p1a: Dreigon Diggs|spa|2\n|move|p2a: rika|Close Combat|p1a: Dreigon Diggs\n|-supereffective|p1a: Dreigon Diggs\n|-damage|p1a: Dreigon Diggs|0 fnt\n|-unboost|p2a: rika|def|1\n|-unboost|p2a: rika|spd|1\n|faint|p1a: Dreigon Diggs\n|\n|upkeep\n|\n|t:|1700188780\n|switch|p1a: Therian Peterson|Thundurus-Therian, M|100\/100\n|turn|26\n|\n|t:|1700188797\n|move|p1a: Therian Peterson|Nasty Plot|p1a: Therian Peterson\n|-boost|p1a: Therian Peterson|spa|2\n|move|p2a: rika|Knock Off|p1a: Therian Peterson\n|-damage|p1a: Therian Peterson|59\/100\n|-enditem|p1a: Therian Peterson|Heavy-Duty Boots|[from] move: Knock Off|[of] p2a: rika\n|\n|upkeep\n|turn|27\n|\n|t:|1700188807\n|move|p1a: Therian Peterson|Thunderbolt|p2a: rika\n|-resisted|p2a: rika\n|-damage|p2a: rika|0 fnt\n|faint|p2a: rika\n|\n|upkeep\n|\n|t:|1700188814\n|switch|p2a: alas!|Lycanroc-Midnight, M|100\/100\n|turn|28\n|\n|t:|1700188823\n|-terastallize|p2a: alas!|Grass\n|move|p1a: Therian Peterson|Thunderbolt|p2a: alas!\n|-resisted|p2a: alas!\n|-damage|p2a: alas!|37\/100\n|move|p2a: alas!|Stone Edge|p1a: Therian Peterson\n|-supereffective|p1a: Therian Peterson\n|-damage|p1a: Therian Peterson|0 fnt\n|faint|p1a: Therian Peterson\n|\n|upkeep\n|\n|t:|1700188841\n|switch|p1a: Grim Marshall|Houndstone, M, tera:Fighting|80\/100\n|-damage|p1a: Grim Marshall|63\/100|[from] Spikes\n|turn|29\n|\n|t:|1700188847\n|switch|p2a: meltdown|Moltres, shiny|55\/100\n|-damage|p2a: meltdown|5\/100|[from] Stealth Rock\n|move|p1a: Grim Marshall|Poltergeist||[still]\n|-fail|p1a: Grim Marshall\n|\n|-heal|p1a: Grim Marshall|69\/100|[from] item: Leftovers\n|upkeep\n|turn|30\n|\n|t:|1700188861\n|move|p1a: Grim Marshall|Shadow Sneak|p2a: meltdown\n|-damage|p2a: meltdown|0 fnt\n|-status|p1a: Grim Marshall|brn|[from] ability: Flame Body|[of] p2a: meltdown\n|faint|p2a: meltdown\n|\n|-heal|p1a: Grim Marshall|75\/100 brn|[from] item: Leftovers\n|-damage|p1a: Grim Marshall|69\/100 brn|[from] brn\n|upkeep\n|\n|t:|1700188863\n|switch|p2a: alas!|Lycanroc-Midnight, M, tera:Grass|37\/100\n|turn|31\n|\n|t:|1700188872\n|move|p2a: alas!|Swords Dance|p2a: alas!\n|-boost|p2a: alas!|atk|2\n|move|p1a: Grim Marshall|Poltergeist|p2a: alas!\n|-activate|p2a: alas!|move: Poltergeist|Heavy-Duty Boots\n|-damage|p2a: alas!|9\/100\n|\n|-heal|p1a: Grim Marshall|75\/100 brn|[from] item: Leftovers\n|-damage|p1a: Grim Marshall|69\/100 brn|[from] brn\n|upkeep\n|turn|32\n|\n|t:|1700188875\n|move|p1a: Grim Marshall|Shadow Sneak|p2a: alas!\n|-damage|p2a: alas!|0 fnt\n|faint|p2a: alas!\n|\n|win|CTE World\n|c|\u2606burberry bax|gg no swap\n|c|\u2606CTE World|gg\n|c|\u2606CTE World|run it back\n|l|\u2606burberry bax\n|l| GymLeader Avery\n|j| GymLeader Avery\n|l| muffinATEthat\n|l| GymLeader Avery\n|j| KevinF_VGC\n|l| KevinF_VGC\n|l| DomNeedsHelp\n","uploadtime":1700188890,"views":13,"p1id":"cteworld","p2id":"burberrybax","formatid":"gen9ou","rating":0,"private":0,"password":""}