{"id":"gen9ou-1988951518","p1":"cyllbuffet","p2":"Skaraptor2.1","format":"[Gen 9] OU","log":"|j|\u2606cyllbuffet\n|j|\u2606Skaraptor2.1\n|t:|1699793470\n|gametype|singles\n|player|p1|cyllbuffet|marlon|1299\n|player|p2|Skaraptor2.1|emma|1224\n|teamsize|p1|6\n|teamsize|p2|6\n|gen|9\n|tier|[Gen 9] OU\n|rated|\n|rule|Sleep Clause Mod: Limit one foe put to sleep\n|rule|Species Clause: Limit one of each Pok\u00e9mon\n|rule|OHKO Clause: OHKO moves are banned\n|rule|Evasion Items Clause: Evasion items are banned\n|rule|Evasion Moves Clause: Evasion moves are banned\n|rule|Endless Battle Clause: Forcing endless battles is banned\n|rule|HP Percentage Mod: HP is shown in percentages\n|clearpoke\n|poke|p1|Dragapult, F|\n|poke|p1|Heatran, F|\n|poke|p1|Iron Moth|\n|poke|p1|Toxapex, F|\n|poke|p1|Great Tusk|\n|poke|p1|Scizor, F|\n|poke|p2|Ribombee, M|\n|poke|p2|Ogerpon-Wellspring, F|\n|poke|p2|Iron Moth|\n|poke|p2|Zamazenta-*|\n|poke|p2|Iron Valiant|\n|poke|p2|Kingambit, M|\n|teampreview\n|inactive|Battle timer is ON: inactive players will automatically lose when time's up. (requested by cyllbuffet)\n|inactive|Skaraptor2.1 also wants the timer to be on.\n|\n|t:|1699793488\n|start\n|switch|p1a: Heatran|Heatran, F|100\/100\n|switch|p2a: Twink|Ribombee, M|100\/100\n|turn|1\n|\n|t:|1699793491\n|move|p2a: Twink|Skill Swap|p1a: Heatran\n|-activate|p2a: Twink|move: Skill Swap|Flash Fire|Shield Dust|[of] p1a: Heatran\n|move|p1a: Heatran|Magma Storm|p2a: Twink\n|-start|p2a: Twink|ability: Flash Fire\n|\n|upkeep\n|turn|2\n|\n|t:|1699793505\n|move|p2a: Twink|Sticky Web|p1a: Heatran\n|-sidestart|p1: cyllbuffet|move: Sticky Web\n|move|p1a: Heatran|Earth Power|p2a: Twink\n|-resisted|p2a: Twink\n|-damage|p2a: Twink|83\/100\n|-unboost|p2a: Twink|spd|1\n|\n|upkeep\n|turn|3\n|\n|t:|1699793510\n|switch|p1a: Scizor|Scizor, F, shiny|100\/100\n|-activate|p1a: Scizor|move: Sticky Web\n|-unboost|p1a: Scizor|spe|1\n|move|p2a: Twink|Stun Spore|p1a: Scizor\n|-status|p1a: Scizor|par\n|\n|upkeep\n|turn|4\n|\n|t:|1699793516\n|-end|p2a: Twink|ability: Flash Fire|[silent]\n|switch|p2a: Solar Panels|Iron Moth|100\/100\n|-enditem|p2a: Solar Panels|Booster Energy\n|-activate|p2a: Solar Panels|ability: Quark Drive|[fromitem]\n|-start|p2a: Solar Panels|quarkdrivespe\n|move|p1a: Scizor|Bullet Punch|p2a: Solar Panels\n|-resisted|p2a: Solar Panels\n|-damage|p2a: Solar Panels|58\/100\n|\n|upkeep\n|turn|5\n|\n|t:|1699793525\n|switch|p1a: Toxapex|Toxapex, F, shiny|100\/100\n|move|p2a: Solar Panels|Fiery Dance|p1a: Toxapex\n|-resisted|p1a: Toxapex\n|-damage|p1a: Toxapex|84\/100\n|\n|upkeep\n|turn|6\n|\n|t:|1699793534\n|-end|p2a: Solar Panels|Quark Drive|[silent]\n|switch|p2a: Transfem|Ogerpon-Wellspring, F|100\/100\n|move|p1a: Toxapex|Baneful Bunker||[still]\n|-fail|p1a: Toxapex\n|\n|upkeep\n|turn|7\n|\n|t:|1699793539\n|move|p2a: Transfem|Swords Dance|p2a: Transfem\n|-boost|p2a: Transfem|atk|2\n|move|p1a: Toxapex|Toxic|p2a: Transfem\n|-status|p2a: Transfem|tox\n|\n|-damage|p2a: Transfem|95\/100 tox|[from] psn\n|upkeep\n|turn|8\n|\n|t:|1699793543\n|move|p2a: Transfem|Swords Dance|p2a: Transfem\n|-boost|p2a: Transfem|atk|2\n|move|p1a: Toxapex|Haze|p1a: Toxapex\n|-clearallboost\n|\n|-damage|p2a: Transfem|83\/100 tox|[from] psn\n|upkeep\n|turn|9\n|\n|t:|1699793547\n|move|p2a: Transfem|Encore|p1a: Toxapex\n|-start|p1a: Toxapex|Encore\n|move|p1a: Toxapex|Haze|p1a: Toxapex\n|-clearallboost\n|\n|-damage|p2a: Transfem|65\/100 tox|[from] psn\n|upkeep\n|turn|10\n|\n|t:|1699793556\n|switch|p2a: Twink|Ribombee, M|83\/100\n|switch|p1a: Dragapult|Dragapult, F, shiny|100\/100\n|\n|upkeep\n|turn|11\n|\n|t:|1699793559\n|move|p1a: Dragapult|U-turn|p2a: Twink\n|-resisted|p2a: Twink\n|-damage|p2a: Twink|64\/100\n|\n|t:|1699793563\n|switch|p1a: Iron Moth|Iron Moth|100\/100|[from] U-turn\n|-activate|p1a: Iron Moth|move: Sticky Web\n|-unboost|p1a: Iron Moth|spe|1\n|move|p2a: Twink|Stun Spore|p1a: Iron Moth\n|-status|p1a: Iron Moth|par\n|\n|upkeep\n|turn|12\n|\n|t:|1699793572\n|switch|p2a: Transfem|Ogerpon-Wellspring, F|65\/100 tox\n|cant|p1a: Iron Moth|par\n|\n|-damage|p2a: Transfem|59\/100 tox|[from] psn\n|upkeep\n|turn|13\n|\n|t:|1699793583\n|-end|p1a: Iron Moth|Quark Drive|[silent]\n|switch|p1a: Toxapex|Toxapex, F, shiny|100\/100\n|move|p2a: Transfem|Ivy Cudgel|p1a: Toxapex\n|-resisted|p1a: Toxapex\n|-damage|p1a: Toxapex|82\/100\n|\n|-damage|p2a: Transfem|47\/100 tox|[from] psn\n|upkeep\n|turn|14\n|\n|t:|1699793587\n|move|p2a: Transfem|Horn Leech|p1a: Toxapex\n|-crit|p1a: Toxapex\n|-damage|p1a: Toxapex|42\/100\n|-heal|p2a: Transfem|67\/100 tox|[from] drain|[of] p1a: Toxapex\n|move|p1a: Toxapex|Lunge|p2a: Transfem\n|-supereffective|p2a: Transfem\n|-damage|p2a: Transfem|34\/100 tox\n|-unboost|p2a: Transfem|atk|1\n|\n|-damage|p2a: Transfem|16\/100 tox|[from] psn\n|upkeep\n|turn|15\n|\n|t:|1699793597\n|move|p1a: Toxapex|Baneful Bunker|p1a: Toxapex\n|-singleturn|p1a: Toxapex|move: Protect\n|move|p2a: Transfem|Encore|p1a: Toxapex\n|-activate|p1a: Toxapex|move: Protect\n|\n|-damage|p2a: Transfem|0 fnt|[from] psn\n|faint|p2a: Transfem\n|upkeep\n|\n|t:|1699793603\n|switch|p2a: Kingambit|Kingambit, M|100\/100\n|-activate|p2a: Kingambit|ability: Supreme Overlord\n|-start|p2a: Kingambit|fallen1|[silent]\n|turn|16\n|\n|t:|1699793608\n|switch|p1a: Scizor|Scizor, F, shiny|100\/100 par\n|-activate|p1a: Scizor|move: Sticky Web\n|-unboost|p1a: Scizor|spe|1\n|move|p2a: Kingambit|Swords Dance|p2a: Kingambit\n|-boost|p2a: Kingambit|atk|2\n|\n|upkeep\n|turn|17\n|\n|t:|1699793616\n|move|p2a: Kingambit|Low Kick|p1a: Scizor\n|-damage|p1a: Scizor|16\/100 par\n|move|p1a: Scizor|Close Combat|p2a: Kingambit\n|-supereffective|p2a: Kingambit\n|-damage|p2a: Kingambit|0 fnt\n|-unboost|p1a: Scizor|def|1\n|-unboost|p1a: Scizor|spd|1\n|faint|p2a: Kingambit\n|-end|p2a: Kingambit|fallen1|[silent]\n|\n|upkeep\n|\n|t:|1699793630\n|switch|p2a: Bigender|Iron Valiant|100\/100\n|-enditem|p2a: Bigender|Booster Energy\n|-activate|p2a: Bigender|ability: Quark Drive|[fromitem]\n|-start|p2a: Bigender|quarkdrivespe\n|turn|18\n|\n|t:|1699793636\n|switch|p1a: Toxapex|Toxapex, F, shiny|75\/100\n|move|p2a: Bigender|Thunderbolt|p1a: Toxapex\n|-supereffective|p1a: Toxapex\n|-damage|p1a: Toxapex|30\/100\n|\n|upkeep\n|turn|19\n|\n|t:|1699793643\n|move|p2a: Bigender|Calm Mind|p2a: Bigender\n|-boost|p2a: Bigender|spa|1\n|-boost|p2a: Bigender|spd|1\n|move|p1a: Toxapex|Toxic|p2a: Bigender\n|-status|p2a: Bigender|tox\n|\n|-damage|p2a: Bigender|94\/100 tox|[from] psn\n|upkeep\n|turn|20\n|\n|t:|1699793653\n|switch|p1a: Heatran|Heatran, F|100\/100\n|-activate|p1a: Heatran|move: Sticky Web\n|-unboost|p1a: Heatran|spe|1\n|move|p2a: Bigender|Thunderbolt|p1a: Heatran\n|-damage|p1a: Heatran|72\/100\n|\n|-heal|p1a: Heatran|78\/100|[from] item: Leftovers\n|-damage|p2a: Bigender|82\/100 tox|[from] psn\n|upkeep\n|turn|21\n|\n|t:|1699793660\n|move|p1a: Heatran|Protect|p1a: Heatran\n|-singleturn|p1a: Heatran|Protect\n|move|p2a: Bigender|Destiny Bond|p2a: Bigender\n|-singlemove|p2a: Bigender|Destiny Bond\n|\n|-heal|p1a: Heatran|85\/100|[from] item: Leftovers\n|-damage|p2a: Bigender|63\/100 tox|[from] psn\n|upkeep\n|turn|22\n|\n|t:|1699793670\n|move|p2a: Bigender|Thunderbolt|p1a: Heatran\n|-damage|p1a: Heatran|57\/100\n|move|p1a: Heatran|Stealth Rock|p2a: Bigender\n|-sidestart|p2: Skaraptor2.1|move: Stealth Rock\n|\n|-heal|p1a: Heatran|63\/100|[from] item: Leftovers\n|-damage|p2a: Bigender|38\/100 tox|[from] psn\n|upkeep\n|turn|23\n|\n|t:|1699793681\n|move|p2a: Bigender|Calm Mind|p2a: Bigender\n|-boost|p2a: Bigender|spa|1\n|-boost|p2a: Bigender|spd|1\n|move|p1a: Heatran|Earth Power|p2a: Bigender\n|-damage|p2a: Bigender|17\/100 tox\n|\n|-heal|p1a: Heatran|69\/100|[from] item: Leftovers\n|-damage|p2a: Bigender|0 fnt|[from] psn\n|faint|p2a: Bigender\n|-end|p2a: Bigender|Quark Drive|[silent]\n|upkeep\n|\n|t:|1699793686\n|switch|p2a: Defender of Trans|Zamazenta, shiny|100\/100\n|-damage|p2a: Defender of Trans|94\/100|[from] Stealth Rock\n|-ability|p2a: Defender of Trans|Dauntless Shield|boost\n|-boost|p2a: Defender of Trans|def|1\n|turn|24\n|\n|t:|1699793696\n|-terastallize|p2a: Defender of Trans|Fire\n|-terastallize|p1a: Heatran|Grass\n|move|p2a: Defender of Trans|Iron Defense|p2a: Defender of Trans\n|-boost|p2a: Defender of Trans|def|2\n|move|p1a: Heatran|Magma Storm|p2a: Defender of Trans\n|-resisted|p2a: Defender of Trans\n|-damage|p2a: Defender of Trans|79\/100\n|-activate|p2a: Defender of Trans|move: Magma Storm|[of] p1a: Heatran\n|\n|-heal|p2a: Defender of Trans|85\/100|[from] item: Leftovers\n|-heal|p1a: Heatran|75\/100|[from] item: Leftovers\n|-damage|p2a: Defender of Trans|73\/100|[from] move: Magma Storm|[partiallytrapped]\n|upkeep\n|turn|25\n|\n|t:|1699793706\n|move|p2a: Defender of Trans|Body Press|p1a: Heatran\n|-damage|p1a: Heatran|0 fnt\n|faint|p1a: Heatran\n|\n|-heal|p2a: Defender of Trans|79\/100|[from] item: Leftovers\n|-end|p2a: Defender of Trans|Magma Storm|[partiallytrapped]|[silent]\n|upkeep\n|\n|t:|1699793716\n|switch|p1a: Toxapex|Toxapex, F, shiny|64\/100\n|turn|26\n|\n|t:|1699793721\n|move|p2a: Defender of Trans|Body Press|p1a: Toxapex\n|-resisted|p1a: Toxapex\n|-damage|p1a: Toxapex|34\/100\n|move|p1a: Toxapex|Toxic|p2a: Defender of Trans\n|-status|p2a: Defender of Trans|tox\n|\n|-heal|p2a: Defender of Trans|85\/100 tox|[from] item: Leftovers\n|-damage|p2a: Defender of Trans|79\/100 tox|[from] psn\n|upkeep\n|turn|27\n|\n|t:|1699793728\n|move|p1a: Toxapex|Baneful Bunker|p1a: Toxapex\n|-singleturn|p1a: Toxapex|move: Protect\n|move|p2a: Defender of Trans|Iron Defense|p2a: Defender of Trans\n|-boost|p2a: Defender of Trans|def|2\n|\n|-heal|p2a: Defender of Trans|85\/100 tox|[from] item: Leftovers\n|-damage|p2a: Defender of Trans|73\/100 tox|[from] psn\n|upkeep\n|turn|28\n|\n|t:|1699793736\n|switch|p1a: Dragapult|Dragapult, F, shiny|100\/100\n|move|p2a: Defender of Trans|Crunch|p1a: Dragapult\n|-supereffective|p1a: Dragapult\n|-damage|p1a: Dragapult|41\/100\n|-unboost|p1a: Dragapult|def|1\n|\n|-heal|p2a: Defender of Trans|79\/100 tox|[from] item: Leftovers\n|-damage|p2a: Defender of Trans|60\/100 tox|[from] psn\n|upkeep\n|turn|29\n|\n|t:|1699793746\n|move|p1a: Dragapult|U-turn|p2a: Defender of Trans\n|-resisted|p2a: Defender of Trans\n|-damage|p2a: Defender of Trans|58\/100 tox\n|\n|t:|1699793749\n|switch|p1a: Scizor|Scizor, F, shiny|16\/100 par|[from] U-turn\n|-activate|p1a: Scizor|move: Sticky Web\n|-unboost|p1a: Scizor|spe|1\n|move|p2a: Defender of Trans|Heavy Slam|p1a: Scizor\n|-resisted|p1a: Scizor\n|-damage|p1a: Scizor|10\/100 par\n|\n|-heal|p2a: Defender of Trans|64\/100 tox|[from] item: Leftovers\n|-damage|p2a: Defender of Trans|40\/100 tox|[from] psn\n|upkeep\n|turn|30\n|\n|t:|1699793756\n|move|p1a: Scizor|Bullet Punch|p2a: Defender of Trans\n|-resisted|p2a: Defender of Trans\n|-damage|p2a: Defender of Trans|35\/100 tox\n|move|p2a: Defender of Trans|Crunch|p1a: Scizor\n|-damage|p1a: Scizor|0 fnt\n|faint|p1a: Scizor\n|\n|-heal|p2a: Defender of Trans|41\/100 tox|[from] item: Leftovers\n|-damage|p2a: Defender of Trans|10\/100 tox|[from] psn\n|upkeep\n|\n|t:|1699793766\n|switch|p1a: Toxapex|Toxapex, F, shiny|67\/100\n|turn|31\n|\n|t:|1699793769\n|move|p1a: Toxapex|Baneful Bunker|p1a: Toxapex\n|-singleturn|p1a: Toxapex|move: Protect\n|move|p2a: Defender of Trans|Body Press|p1a: Toxapex\n|-activate|p1a: Toxapex|move: Protect\n|\n|-heal|p2a: Defender of Trans|16\/100 tox|[from] item: Leftovers\n|-damage|p2a: Defender of Trans|0 fnt|[from] psn\n|faint|p2a: Defender of Trans\n|upkeep\n|\n|t:|1699793771\n|switch|p2a: Solar Panels|Iron Moth|58\/100\n|-damage|p2a: Solar Panels|33\/100|[from] Stealth Rock\n|turn|32\n|\n|t:|1699793780\n|move|p2a: Solar Panels|Substitute|p2a: Solar Panels\n|-start|p2a: Solar Panels|Substitute\n|-damage|p2a: Solar Panels|8\/100\n|move|p1a: Toxapex|Lunge|p2a: Solar Panels\n|-resisted|p2a: Solar Panels\n|-activate|p2a: Solar Panels|move: Substitute|[damage]\n|\n|upkeep\n|turn|33\n|\n|t:|1699793790\n|move|p2a: Solar Panels|Fiery Dance|p1a: Toxapex\n|-resisted|p1a: Toxapex\n|-damage|p1a: Toxapex|50\/100\n|-boost|p2a: Solar Panels|spa|1\n|move|p1a: Toxapex|Lunge|p2a: Solar Panels\n|-resisted|p2a: Solar Panels\n|-activate|p2a: Solar Panels|move: Substitute|[damage]\n|\n|upkeep\n|turn|34\n|\n|t:|1699793798\n|move|p2a: Solar Panels|Fiery Dance|p1a: Toxapex\n|-resisted|p1a: Toxapex\n|-damage|p1a: Toxapex|25\/100\n|move|p1a: Toxapex|Lunge|p2a: Solar Panels\n|-resisted|p2a: Solar Panels\n|-activate|p2a: Solar Panels|move: Substitute|[damage]\n|\n|upkeep\n|turn|35\n|\n|t:|1699793808\n|move|p2a: Solar Panels|Fiery Dance|p1a: Toxapex\n|-resisted|p1a: Toxapex\n|-damage|p1a: Toxapex|1\/100\n|move|p1a: Toxapex|Lunge|p2a: Solar Panels\n|-resisted|p2a: Solar Panels\n|-activate|p2a: Solar Panels|move: Substitute|[damage]\n|\n|upkeep\n|turn|36\n|\n|t:|1699793812\n|move|p2a: Solar Panels|Fiery Dance|p1a: Toxapex\n|-resisted|p1a: Toxapex\n|-damage|p1a: Toxapex|0 fnt\n|-boost|p2a: Solar Panels|spa|1\n|faint|p1a: Toxapex\n|\n|upkeep\n|\n|t:|1699793814\n|switch|p1a: Dragapult|Dragapult, F, shiny|41\/100\n|turn|37\n|\n|t:|1699793816\n|move|p1a: Dragapult|Psychic Fangs|p2a: Solar Panels\n|-supereffective|p2a: Solar Panels\n|-damage|p2a: Solar Panels|0 fnt\n|faint|p2a: Solar Panels\n|-end|p2a: Solar Panels|Quark Drive|[silent]\n|\n|upkeep\n|\n|t:|1699793819\n|switch|p2a: Twink|Ribombee, M|64\/100\n|-damage|p2a: Twink|39\/100|[from] Stealth Rock\n|turn|38\n|\n|t:|1699793826\n|move|p1a: Dragapult|U-turn|p2a: Twink\n|-resisted|p2a: Twink\n|-damage|p2a: Twink|22\/100\n|\n|t:|1699793828\n|switch|p1a: Iron Moth|Iron Moth|100\/100 par|[from] U-turn\n|-activate|p1a: Iron Moth|move: Sticky Web\n|-unboost|p1a: Iron Moth|spe|1\n|move|p2a: Twink|Moonblast|p1a: Iron Moth\n|-resisted|p1a: Iron Moth\n|-crit|p1a: Iron Moth\n|-damage|p1a: Iron Moth|89\/100 par\n|\n|upkeep\n|turn|39\n|\n|t:|1699793841\n|move|p2a: Twink|Moonblast|p1a: Iron Moth\n|-resisted|p1a: Iron Moth\n|-damage|p1a: Iron Moth|81\/100 par\n|cant|p1a: Iron Moth|par\n|\n|upkeep\n|turn|40\n|\n|t:|1699793845\n|move|p2a: Twink|Moonblast|p1a: Iron Moth\n|-resisted|p1a: Iron Moth\n|-damage|p1a: Iron Moth|73\/100 par\n|-unboost|p1a: Iron Moth|spa|1\n|cant|p1a: Iron Moth|par\n|\n|upkeep\n|turn|41\n|\n|t:|1699793874\n|move|p2a: Twink|Moonblast|p1a: Iron Moth\n|-resisted|p1a: Iron Moth\n|-crit|p1a: Iron Moth\n|-damage|p1a: Iron Moth|60\/100 par\n|move|p1a: Iron Moth|Sludge Wave|p2a: Twink\n|-supereffective|p2a: Twink\n|-damage|p2a: Twink|0 fnt\n|faint|p2a: Twink\n|\n|win|cyllbuffet\n|raw|cyllbuffet's rating: 1299 &rarr; <strong>1319<\/strong><br \/>(+20 for winning)\n|raw|Skaraptor2.1's rating: 1224 &rarr; <strong>1204<\/strong><br \/>(-20 for losing)\n","uploadtime":1699793877,"views":8,"p1id":"cyllbuffet","p2id":"skaraptor21","formatid":"gen9ou","rating":1204,"private":0,"password":""}