{"id":"gen9ou-1991954017","p1":"ahjjs","p2":"Seylisensei","format":"[Gen 9] OU","log":"|j|\u2606ahjjs\n|j|\u2606Seylisensei\n|t:|1700142087\n|gametype|singles\n|player|p1|ahjjs|265|1363\n|player|p2|Seylisensei|ethan|1328\n|teamsize|p1|6\n|teamsize|p2|6\n|gen|9\n|tier|[Gen 9] OU\n|rated|\n|rule|Sleep Clause Mod: Limit one foe put to sleep\n|rule|Species Clause: Limit one of each Pok\u00e9mon\n|rule|OHKO Clause: OHKO moves are banned\n|rule|Evasion Items Clause: Evasion items are banned\n|rule|Evasion Moves Clause: Evasion moves are banned\n|rule|Endless Battle Clause: Forcing endless battles is banned\n|rule|HP Percentage Mod: HP is shown in percentages\n|clearpoke\n|poke|p1|Landorus-Therian, M|\n|poke|p1|Kingambit, F|\n|poke|p1|Ogerpon-Wellspring, F|\n|poke|p1|Alomomola, F|\n|poke|p1|Toxapex, F|\n|poke|p1|Gholdengo|\n|poke|p2|Kingambit, F|\n|poke|p2|Great Tusk|\n|poke|p2|Dragapult, M|\n|poke|p2|Ogerpon-Wellspring, F|\n|poke|p2|Blissey, F|\n|poke|p2|Zapdos|\n|teampreview\n|inactive|Battle timer is ON: inactive players will automatically lose when time's up. (requested by ahjjs)\n|\n|t:|1700142115\n|start\n|switch|p1a: Ogerpon|Ogerpon-Wellspring, F|100\/100\n|switch|p2a: Dem|Great Tusk|100\/100\n|turn|1\n|\n|t:|1700142124\n|-end|p2a: Dem|Protosynthesis|[silent]\n|switch|p2a: N|Zapdos|100\/100\n|move|p1a: Ogerpon|Spikes|p2a: N\n|-sidestart|p2: Seylisensei|Spikes\n|\n|upkeep\n|turn|2\n|\n|t:|1700142139\n|switch|p1a: Landorus|Landorus-Therian, M|100\/100\n|-ability|p1a: Landorus|Intimidate|boost\n|-unboost|p2a: N|atk|1\n|move|p2a: N|Hurricane|p1a: Landorus|[miss]\n|-miss|p2a: N|p1a: Landorus\n|\n|upkeep\n|turn|3\n|\n|t:|1700142147\n|move|p2a: N|Hurricane|p1a: Landorus\n|-damage|p1a: Landorus|48\/100\n|move|p1a: Landorus|Stealth Rock|p2a: N\n|-sidestart|p2: Seylisensei|move: Stealth Rock\n|\n|upkeep\n|turn|4\n|\n|t:|1700142152\n|switch|p1a: Toxapex|Toxapex, F|100\/100\n|move|p2a: N|Hurricane|p1a: Toxapex\n|-damage|p1a: Toxapex|72\/100\n|\n|-heal|p1a: Toxapex|78\/100|[from] item: Leftovers\n|upkeep\n|turn|5\n|\n|t:|1700142161\n|move|p2a: N|Volt Switch|p1a: Toxapex\n|-supereffective|p1a: Toxapex\n|-damage|p1a: Toxapex|42\/100\n|\n|t:|1700142165\n|switch|p2a: O|Blissey, F|100\/100|[from] Volt Switch\n|move|p1a: Toxapex|Toxic|p2a: O\n|-status|p2a: O|tox\n|\n|-heal|p1a: Toxapex|48\/100|[from] item: Leftovers\n|-damage|p2a: O|94\/100 tox|[from] psn\n|upkeep\n|turn|6\n|\n|t:|1700142176\n|move|p2a: O|Stealth Rock|p1a: Toxapex\n|-sidestart|p1: ahjjs|move: Stealth Rock\n|move|p1a: Toxapex|Recover|p1a: Toxapex\n|-heal|p1a: Toxapex|98\/100\n|\n|-heal|p1a: Toxapex|100\/100|[from] item: Leftovers\n|-damage|p2a: O|82\/100 tox|[from] psn\n|upkeep\n|turn|7\n|\n|t:|1700142186\n|-curestatus|p2a: O|tox|[from] ability: Natural Cure\n|switch|p2a: Dem|Great Tusk|100\/100\n|-damage|p2a: Dem|88\/100|[from] Spikes\n|-damage|p2a: Dem|85\/100|[from] Stealth Rock\n|switch|p1a: Alomomola|Alomomola, F|100\/100\n|\n|-heal|p2a: Dem|91\/100|[from] item: Leftovers\n|upkeep\n|turn|8\n|\n|t:|1700142199\n|move|p2a: Dem|Rapid Spin|p1a: Alomomola\n|-damage|p1a: Alomomola|93\/100\n|-boost|p2a: Dem|spe|1\n|-sideend|p2: Seylisensei|Spikes|[from] move: Rapid Spin|[of] p2a: Dem\n|-sideend|p2: Seylisensei|Stealth Rock|[from] move: Rapid Spin|[of] p2a: Dem\n|move|p1a: Alomomola|Whirlpool|p2a: Dem\n|-supereffective|p2a: Dem\n|-damage|p2a: Dem|75\/100\n|-activate|p2a: Dem|move: Whirlpool|[of] p1a: Alomomola\n|\n|-heal|p2a: Dem|81\/100|[from] item: Leftovers\n|-damage|p2a: Dem|68\/100|[from] move: Whirlpool|[partiallytrapped]\n|upkeep\n|turn|9\n|\n|t:|1700142209\n|move|p2a: Dem|Knock Off|p1a: Alomomola\n|-damage|p1a: Alomomola|78\/100\n|-enditem|p1a: Alomomola|Heavy-Duty Boots|[from] move: Knock Off|[of] p2a: Dem\n|move|p1a: Alomomola|Wish|p1a: Alomomola\n|\n|-heal|p2a: Dem|75\/100|[from] item: Leftovers\n|-damage|p2a: Dem|62\/100|[from] move: Whirlpool|[partiallytrapped]\n|upkeep\n|turn|10\n|\n|t:|1700142218\n|move|p2a: Dem|Earthquake|p1a: Alomomola\n|-damage|p1a: Alomomola|55\/100\n|move|p1a: Alomomola|Whirlpool|p2a: Dem|[miss]\n|-miss|p1a: Alomomola|p2a: Dem\n|\n|-heal|p1a: Alomomola|100\/100|[from] move: Wish|[wisher] Alomomola\n|-heal|p2a: Dem|68\/100|[from] item: Leftovers\n|-damage|p2a: Dem|56\/100|[from] move: Whirlpool|[partiallytrapped]\n|upkeep\n|turn|11\n|\n|t:|1700142228\n|move|p2a: Dem|Bulk Up|p2a: Dem\n|-boost|p2a: Dem|atk|1\n|-boost|p2a: Dem|def|1\n|move|p1a: Alomomola|Wish|p1a: Alomomola\n|\n|-heal|p2a: Dem|62\/100|[from] item: Leftovers\n|-damage|p2a: Dem|50\/100|[from] move: Whirlpool|[partiallytrapped]\n|upkeep\n|turn|12\n|\n|t:|1700142235\n|move|p2a: Dem|Bulk Up|p2a: Dem\n|-boost|p2a: Dem|atk|1\n|-boost|p2a: Dem|def|1\n|move|p1a: Alomomola|Whirlpool|p2a: Dem|[miss]\n|-miss|p1a: Alomomola|p2a: Dem\n|\n|-heal|p2a: Dem|56\/100|[from] item: Leftovers\n|-end|p2a: Dem|Whirlpool|[partiallytrapped]\n|upkeep\n|turn|13\n|\n|t:|1700142243\n|move|p2a: Dem|Earthquake|p1a: Alomomola\n|-damage|p1a: Alomomola|54\/100\n|move|p1a: Alomomola|Whirlpool|p2a: Dem|[miss]\n|-miss|p1a: Alomomola|p2a: Dem\n|\n|-heal|p2a: Dem|62\/100|[from] item: Leftovers\n|upkeep\n|turn|14\n|\n|t:|1700142256\n|-end|p2a: Dem|Protosynthesis|[silent]\n|switch|p2a: O|Blissey, F|82\/100\n|move|p1a: Alomomola|Wish|p1a: Alomomola\n|\n|upkeep\n|turn|15\n|\n|t:|1700142263\n|move|p2a: O|Seismic Toss|p1a: Alomomola\n|-damage|p1a: Alomomola|36\/100\n|move|p1a: Alomomola|Flip Turn|p2a: O\n|-damage|p2a: O|68\/100\n|\n|t:|1700142269\n|switch|p1a: Landorus|Landorus-Therian, M|48\/100|[from] Flip Turn\n|-damage|p1a: Landorus|36\/100|[from] Stealth Rock\n|-ability|p1a: Landorus|Intimidate|boost\n|-unboost|p2a: O|atk|1\n|\n|-heal|p1a: Landorus|100\/100|[from] move: Wish|[wisher] Alomomola\n|upkeep\n|turn|16\n|\n|t:|1700142294\n|switch|p2a: Ti|Ogerpon-Wellspring, F|100\/100\n|move|p1a: Landorus|Stealth Rock|p2a: Ti\n|-sidestart|p2: Seylisensei|move: Stealth Rock\n|\n|upkeep\n|turn|17\n|\n|t:|1700142305\n|-terastallize|p2a: Ti|Water\n|detailschange|p2a: Ti|Ogerpon-Wellspring-Tera, F, tera:Water\n|-ability|p2a: Ti|Embody Aspect (Wellspring)|boost\n|-boost|p2a: Ti|spd|1\n|move|p2a: Ti|Ivy Cudgel|p1a: Landorus|[anim] Ivy Cudgel Water\n|-supereffective|p1a: Landorus\n|-damage|p1a: Landorus|0 fnt\n|faint|p1a: Landorus\n|\n|upkeep\n|\n|t:|1700142315\n|switch|p1a: Ogerpon|Ogerpon-Wellspring, F|100\/100\n|-damage|p1a: Ogerpon|88\/100|[from] Stealth Rock\n|turn|18\n|\n|t:|1700142322\n|move|p2a: Ti|Power Whip|p1a: Ogerpon\n|-damage|p1a: Ogerpon|0 fnt\n|faint|p1a: Ogerpon\n|\n|upkeep\n|\n|t:|1700142336\n|switch|p1a: Toxapex|Toxapex, F|100\/100\n|-damage|p1a: Toxapex|88\/100|[from] Stealth Rock\n|turn|19\n|\n|t:|1700142342\n|move|p2a: Ti|U-turn|p1a: Toxapex\n|-resisted|p1a: Toxapex\n|-damage|p1a: Toxapex|76\/100\n|\n|t:|1700142345\n|switch|p2a: O|Blissey, F|68\/100|[from] U-turn\n|move|p1a: Toxapex|Toxic|p2a: O\n|-status|p2a: O|tox\n|\n|-heal|p1a: Toxapex|83\/100|[from] item: Leftovers\n|-damage|p2a: O|62\/100 tox|[from] psn\n|upkeep\n|turn|20\n|\n|t:|1700142358\n|move|p2a: O|Soft-Boiled|p2a: O\n|-heal|p2a: O|100\/100 tox\n|move|p1a: Toxapex|Toxic|p2a: O\n|-fail|p2a: O|tox\n|\n|-heal|p1a: Toxapex|89\/100|[from] item: Leftovers\n|-damage|p2a: O|88\/100 tox|[from] psn\n|upkeep\n|turn|21\n|\n|t:|1700142367\n|move|p2a: O|Seismic Toss|p1a: Toxapex\n|-damage|p1a: Toxapex|56\/100\n|move|p1a: Toxapex|Surf|p2a: O\n|-damage|p2a: O|82\/100 tox\n|\n|-heal|p1a: Toxapex|62\/100|[from] item: Leftovers\n|-damage|p2a: O|63\/100 tox|[from] psn\n|upkeep\n|turn|22\n|\n|t:|1700142376\n|-curestatus|p2a: O|tox|[from] ability: Natural Cure\n|switch|p2a: Re|Kingambit, F|100\/100\n|-damage|p2a: Re|94\/100|[from] Stealth Rock\n|move|p1a: Toxapex|Recover|p1a: Toxapex\n|-heal|p1a: Toxapex|100\/100\n|\n|upkeep\n|turn|23\n|\n|t:|1700142386\n|move|p2a: Re|Swords Dance|p2a: Re\n|-boost|p2a: Re|atk|2\n|move|p1a: Toxapex|Surf|p2a: Re\n|-damage|p2a: Re|73\/100\n|\n|upkeep\n|turn|24\n|\n|t:|1700142392\n|move|p2a: Re|Kowtow Cleave|p1a: Toxapex\n|-damage|p1a: Toxapex|20\/100\n|move|p1a: Toxapex|Haze|p1a: Toxapex\n|-clearallboost\n|\n|-heal|p1a: Toxapex|26\/100|[from] item: Leftovers\n|upkeep\n|turn|25\n|\n|t:|1700142407\n|switch|p1a: Gholdengo|Gholdengo|100\/100\n|-damage|p1a: Gholdengo|94\/100|[from] Stealth Rock\n|move|p2a: Re|Kowtow Cleave|p1a: Gholdengo\n|-supereffective|p1a: Gholdengo\n|-damage|p1a: Gholdengo|0 fnt\n|faint|p1a: Gholdengo\n|\n|upkeep\n|-message|ahjjs forfeited.\n|\n|win|Seylisensei\n|raw|ahjjs's rating: 1363 &rarr; <strong>1341<\/strong><br \/>(-22 for losing)\n|raw|Seylisensei's rating: 1328 &rarr; <strong>1350<\/strong><br \/>(+22 for winning)\n|l|\u2606ahjjs\n","uploadtime":1700142427,"views":12,"p1id":"ahjjs","p2id":"seylisensei","formatid":"gen9ou","rating":1341,"private":0,"password":""}