{"id":"gen9ou-1997984250","p1":"actualonion","p2":"ouvt botolwotol","format":"[Gen 9] OU","log":"|j|\u2606actualonion\n|j|\u2606ouvt botolwotol\n|t:|1700875354\n|gametype|singles\n|player|p1|actualonion|allister|1625\n|player|p2|ouvt botolwotol|pokemonrangerf-gen4|1524\n|teamsize|p1|6\n|teamsize|p2|6\n|gen|9\n|tier|[Gen 9] OU\n|rated|\n|rule|Sleep Clause Mod: Limit one foe put to sleep\n|rule|Species Clause: Limit one of each Pok\u00e9mon\n|rule|OHKO Clause: OHKO moves are banned\n|rule|Evasion Items Clause: Evasion items are banned\n|rule|Evasion Moves Clause: Evasion moves are banned\n|rule|Endless Battle Clause: Forcing endless battles is banned\n|rule|HP Percentage Mod: HP is shown in percentages\n|clearpoke\n|poke|p1|Iron Valiant|\n|poke|p1|Cinderace, M|\n|poke|p1|Vaporeon, F|\n|poke|p1|Corviknight, F|\n|poke|p1|Landorus-Therian, M|\n|poke|p1|Kingambit, F|\n|poke|p2|Kingambit, M|\n|poke|p2|Iron Valiant|\n|poke|p2|Glimmora, F|\n|poke|p2|Dragonite, M|\n|poke|p2|Gholdengo|\n|poke|p2|Tornadus-Therian, M|\n|teampreview\n|inactive|Battle timer is ON: inactive players will automatically lose when time's up. (requested by ouvt botolwotol)\n|\n|t:|1700875397\n|start\n|switch|p1a: Kingambit|Kingambit, F|100\/100\n|switch|p2a: Glimmora|Glimmora, F|100\/100\n|turn|1\n|\n|t:|1700875427\n|-end|p1a: Kingambit|fallenundefined|[silent]\n|switch|p1a: Vaporeon|Vaporeon, F|100\/100\n|move|p2a: Glimmora|Earth Power|p1a: Vaporeon\n|-damage|p1a: Vaporeon|83\/100\n|\n|-heal|p1a: Vaporeon|89\/100|[from] item: Leftovers\n|upkeep\n|turn|2\n|\n|t:|1700875446\n|move|p2a: Glimmora|Energy Ball|p1a: Vaporeon\n|-supereffective|p1a: Vaporeon\n|-damage|p1a: Vaporeon|56\/100\n|move|p1a: Vaporeon|Flip Turn|p2a: Glimmora\n|-supereffective|p2a: Glimmora\n|-damage|p2a: Glimmora|65\/100\n|-activate|p2a: Glimmora|ability: Toxic Debris\n|-sidestart|p1: actualonion|move: Toxic Spikes\n|inactive|actualonion has 120 seconds left.\n|\n|t:|1700875477\n|switch|p1a: Corviknight|Corviknight, F|100\/100|[from] Flip Turn\n|-ability|p1a: Corviknight|Pressure\n|\n|upkeep\n|turn|3\n|\n|t:|1700875483\n|move|p2a: Glimmora|Stealth Rock|p1a: Corviknight\n|-sidestart|p1: actualonion|move: Stealth Rock\n|move|p1a: Corviknight|U-turn|p2a: Glimmora\n|-resisted|p2a: Glimmora\n|-damage|p2a: Glimmora|57\/100\n|-activate|p2a: Glimmora|ability: Toxic Debris\n|-sidestart|p1: actualonion|move: Toxic Spikes\n|inactive|actualonion has 120 seconds left.\n|\n|t:|1700875490\n|switch|p1a: Cinderace|Cinderace, M|100\/100|[from] U-turn\n|\n|upkeep\n|turn|4\n|\n|t:|1700875494\n|move|p1a: Cinderace|U-turn|p2a: Glimmora\n|-resisted|p2a: Glimmora\n|-damage|p2a: Glimmora|44\/100\n|\n|t:|1700875497\n|switch|p1a: Corviknight|Corviknight, F|100\/100|[from] U-turn\n|-damage|p1a: Corviknight|88\/100|[from] Stealth Rock\n|-ability|p1a: Corviknight|Pressure\n|move|p2a: Glimmora|Mortal Spin|p1a: Corviknight\n|-immune|p1a: Corviknight\n|\n|-heal|p1a: Corviknight|94\/100|[from] item: Leftovers\n|upkeep\n|turn|5\n|\n|t:|1700875507\n|move|p2a: Glimmora|Stealth Rock||[still]\n|-fail|p2a: Glimmora\n|move|p1a: Corviknight|Defog|p2a: Glimmora\n|-unboost|p2a: Glimmora|evasion|1\n|-sideend|p1: actualonion|Toxic Spikes|[from] move: Defog|[of] p1a: Corviknight\n|-sideend|p1: actualonion|Stealth Rock|[from] move: Defog|[of] p1a: Corviknight\n|\n|-heal|p1a: Corviknight|99\/100|[from] item: Leftovers\n|upkeep\n|turn|6\n|\n|t:|1700875514\n|move|p2a: Glimmora|Stealth Rock|p1a: Corviknight\n|-sidestart|p1: actualonion|move: Stealth Rock\n|move|p1a: Corviknight|Brave Bird|p2a: Glimmora\n|-resisted|p2a: Glimmora\n|-damage|p2a: Glimmora|21\/100\n|-activate|p2a: Glimmora|ability: Toxic Debris\n|-sidestart|p1: actualonion|move: Toxic Spikes\n|-damage|p1a: Corviknight|94\/100|[from] Recoil\n|\n|-heal|p1a: Corviknight|99\/100|[from] item: Leftovers\n|upkeep\n|turn|7\n|\n|t:|1700875523\n|switch|p2a: Gholdengo|Gholdengo|100\/100\n|move|p1a: Corviknight|U-turn|p2a: Gholdengo\n|-resisted|p2a: Gholdengo\n|-crit|p2a: Gholdengo\n|-damage|p2a: Gholdengo|94\/100\n|\n|t:|1700875528\n|switch|p1a: Cinderace|Cinderace, M|100\/100|[from] U-turn\n|\n|upkeep\n|turn|8\n|\n|t:|1700875532\n|move|p2a: Gholdengo|Shadow Ball|p1a: Cinderace\n|-damage|p1a: Cinderace|47\/100\n|move|p1a: Cinderace|Court Change|p1a: Cinderace\n|-swapsideconditions\n|-activate|p1a: Cinderace|move: Court Change\n|\n|upkeep\n|turn|9\n|\n|t:|1700875540\n|switch|p1a: Kingambit|Kingambit, F|100\/100\n|move|p2a: Gholdengo|Shadow Ball|p1a: Kingambit\n|-resisted|p1a: Kingambit\n|-damage|p1a: Kingambit|75\/100\n|\n|upkeep\n|turn|10\n|\n|t:|1700875547\n|switch|p2a: Tornadus|Tornadus-Therian, M|100\/100\n|move|p1a: Kingambit|Iron Head|p2a: Tornadus\n|-damage|p2a: Tornadus|32\/100\n|\n|upkeep\n|turn|11\n|\n|t:|1700875556\n|switch|p2a: Glimmora|Glimmora, F|21\/100\n|-damage|p2a: Glimmora|9\/100|[from] Stealth Rock\n|-sideend|p2: ouvt botolwotol|move: Toxic Spikes|[of] p2a: Glimmora\n|move|p1a: Kingambit|Iron Head|p2a: Glimmora\n|-supereffective|p2a: Glimmora\n|-damage|p2a: Glimmora|0 fnt\n|-activate|p2a: Glimmora|ability: Toxic Debris\n|-sidestart|p1: actualonion|move: Toxic Spikes\n|faint|p2a: Glimmora\n|\n|upkeep\n|\n|t:|1700875567\n|switch|p2a: Dragonite|Dragonite, M|100\/100\n|turn|12\n|\n|t:|1700875578\n|switch|p2a: Tornadus|Tornadus-Therian, M|65\/100\n|-terastallize|p1a: Kingambit|Dark\n|move|p1a: Kingambit|Kowtow Cleave|p2a: Tornadus\n|-damage|p2a: Tornadus|0 fnt\n|faint|p2a: Tornadus\n|\n|upkeep\n|\n|t:|1700875586\n|switch|p2a: Iron Valiant|Iron Valiant|100\/100\n|-damage|p2a: Iron Valiant|94\/100|[from] Stealth Rock\n|-enditem|p2a: Iron Valiant|Booster Energy\n|-activate|p2a: Iron Valiant|ability: Quark Drive|[fromitem]\n|-start|p2a: Iron Valiant|quarkdrivespe\n|turn|13\n|inactive|actualonion has 120 seconds left.\n|\n|t:|1700875620\n|move|p2a: Iron Valiant|Close Combat|p1a: Kingambit\n|-supereffective|p1a: Kingambit\n|-damage|p1a: Kingambit|0 fnt\n|-unboost|p2a: Iron Valiant|def|1\n|-unboost|p2a: Iron Valiant|spd|1\n|faint|p1a: Kingambit\n|-end|p1a: Kingambit|fallenundefined|[silent]\n|\n|upkeep\n|inactive|actualonion has 120 seconds left.\n|\n|t:|1700875627\n|switch|p1a: Landorus|Landorus-Therian, M|100\/100\n|-ability|p1a: Landorus|Intimidate|boost\n|-unboost|p2a: Iron Valiant|atk|1\n|turn|14\n|\n|t:|1700875632\n|move|p2a: Iron Valiant|Destiny Bond|p2a: Iron Valiant\n|-singlemove|p2a: Iron Valiant|Destiny Bond\n|move|p1a: Landorus|Substitute|p1a: Landorus\n|-start|p1a: Landorus|Substitute\n|-damage|p1a: Landorus|76\/100\n|\n|-heal|p1a: Landorus|82\/100|[from] item: Leftovers\n|upkeep\n|turn|15\n|\n|t:|1700875639\n|move|p2a: Iron Valiant|Moonblast|p1a: Landorus\n|-end|p1a: Landorus|Substitute\n|move|p1a: Landorus|Earthquake|p2a: Iron Valiant\n|-damage|p2a: Iron Valiant|0 fnt\n|faint|p2a: Iron Valiant\n|-end|p2a: Iron Valiant|Quark Drive|[silent]\n|\n|-heal|p1a: Landorus|88\/100|[from] item: Leftovers\n|upkeep\n|\n|t:|1700875643\n|switch|p2a: Dragonite|Dragonite, M|100\/100\n|turn|16\n|\n|t:|1700875649\n|move|p1a: Landorus|Smack Down|p2a: Dragonite\n|-supereffective|p2a: Dragonite\n|-damage|p2a: Dragonite|81\/100\n|-start|p2a: Dragonite|Smack Down\n|move|p2a: Dragonite|Dragon Dance|p2a: Dragonite\n|-boost|p2a: Dragonite|atk|1\n|-boost|p2a: Dragonite|spe|1\n|\n|-heal|p1a: Landorus|94\/100|[from] item: Leftovers\n|upkeep\n|turn|17\n|\n|t:|1700875657\n|-terastallize|p2a: Dragonite|Normal\n|move|p2a: Dragonite|Extreme Speed|p1a: Landorus\n|-damage|p1a: Landorus|13\/100\n|move|p1a: Landorus|Earthquake|p2a: Dragonite\n|-damage|p2a: Dragonite|20\/100\n|\n|-heal|p1a: Landorus|19\/100|[from] item: Leftovers\n|upkeep\n|turn|18\n|\n|t:|1700875668\n|move|p2a: Dragonite|Roost|p2a: Dragonite\n|-heal|p2a: Dragonite|70\/100\n|move|p1a: Landorus|Earthquake|p2a: Dragonite\n|-damage|p2a: Dragonite|8\/100\n|\n|-heal|p1a: Landorus|25\/100|[from] item: Leftovers\n|upkeep\n|turn|19\n|\n|t:|1700875675\n|move|p2a: Dragonite|Extreme Speed|p1a: Landorus\n|-damage|p1a: Landorus|0 fnt\n|faint|p1a: Landorus\n|\n|upkeep\n|\n|t:|1700875680\n|switch|p1a: Corviknight|Corviknight, F|99\/100\n|-ability|p1a: Corviknight|Pressure\n|turn|20\n|\n|t:|1700875686\n|switch|p2a: Gholdengo|Gholdengo|94\/100\n|-damage|p2a: Gholdengo|88\/100|[from] Stealth Rock\n|move|p1a: Corviknight|Brave Bird|p2a: Gholdengo\n|-resisted|p2a: Gholdengo\n|-damage|p2a: Gholdengo|67\/100\n|-damage|p1a: Corviknight|95\/100|[from] Recoil\n|\n|-heal|p1a: Corviknight|100\/100|[from] item: Leftovers\n|upkeep\n|turn|21\n|inactive|actualonion has 120 seconds left.\n|\n|t:|1700875718\n|switch|p1a: Vaporeon|Vaporeon, F|56\/100\n|-status|p1a: Vaporeon|psn\n|move|p2a: Gholdengo|Shadow Ball|p1a: Vaporeon\n|-damage|p1a: Vaporeon|31\/100 psn\n|-unboost|p1a: Vaporeon|spd|1\n|\n|-heal|p1a: Vaporeon|37\/100 psn|[from] item: Leftovers\n|-damage|p1a: Vaporeon|24\/100 psn|[from] psn\n|upkeep\n|turn|22\n|inactive|actualonion has 120 seconds left.\n|\n|t:|1700875728\n|move|p2a: Gholdengo|Shadow Ball|p1a: Vaporeon\n|-damage|p1a: Vaporeon|0 fnt\n|faint|p1a: Vaporeon\n|\n|upkeep\n|inactive|actualonion has 120 seconds left.\n|\n|t:|1700875762\n|switch|p1a: Corviknight|Corviknight, F|100\/100\n|-ability|p1a: Corviknight|Pressure\n|turn|23\n|inactive|actualonion has 90 seconds left.\n|\n|t:|1700875784\n|move|p2a: Gholdengo|Shadow Ball|p1a: Corviknight\n|-damage|p1a: Corviknight|57\/100\n|move|p1a: Corviknight|U-turn|p2a: Gholdengo\n|-resisted|p2a: Gholdengo\n|-damage|p2a: Gholdengo|62\/100\n|\n|t:|1700875804\n|switch|p1a: Cinderace|Cinderace, M|47\/100|[from] U-turn\n|\n|upkeep\n|turn|24\n|\n|t:|1700875815\n|move|p2a: Gholdengo|Shadow Ball|p1a: Cinderace\n|-damage|p1a: Cinderace|0 fnt\n|faint|p1a: Cinderace\n|\n|upkeep\n|\n|t:|1700875819\n|switch|p1a: Corviknight|Corviknight, F|57\/100\n|-ability|p1a: Corviknight|Pressure\n|turn|25\n|\n|t:|1700875823\n|move|p2a: Gholdengo|Shadow Ball|p1a: Corviknight\n|-damage|p1a: Corviknight|13\/100\n|move|p1a: Corviknight|U-turn|p2a: Gholdengo\n|-resisted|p2a: Gholdengo\n|-damage|p2a: Gholdengo|59\/100\n|\n|t:|1700875832\n|switch|p1a: Iron Valiant|Iron Valiant|100\/100|[from] U-turn\n|-status|p1a: Iron Valiant|psn\n|\n|-damage|p1a: Iron Valiant|88\/100 psn|[from] psn\n|upkeep\n|turn|26\n|inactive|actualonion has 90 seconds left.\n|\n|t:|1700875840\n|switch|p2a: Kingambit|Kingambit, M|100\/100\n|-damage|p2a: Kingambit|94\/100|[from] Stealth Rock\n|-activate|p2a: Kingambit|ability: Supreme Overlord\n|-start|p2a: Kingambit|fallen3|[silent]\n|move|p1a: Iron Valiant|Thunderbolt|p2a: Kingambit\n|-damage|p2a: Kingambit|44\/100\n|\n|-damage|p1a: Iron Valiant|76\/100 psn|[from] psn\n|upkeep\n|turn|27\n|\n|t:|1700875849\n|move|p2a: Kingambit|Sucker Punch|p1a: Iron Valiant\n|-resisted|p1a: Iron Valiant\n|-damage|p1a: Iron Valiant|58\/100 psn\n|move|p1a: Iron Valiant|Thunderbolt|p2a: Kingambit\n|-damage|p2a: Kingambit|0 fnt\n|faint|p2a: Kingambit\n|-end|p2a: Kingambit|fallen3|[silent]\n|\n|-damage|p1a: Iron Valiant|45\/100 psn|[from] psn\n|upkeep\n|\n|t:|1700875851\n|switch|p2a: Dragonite|Dragonite, M, tera:Normal|8\/100\n|turn|28\n|\n|t:|1700875861\n|move|p2a: Dragonite|Extreme Speed|p1a: Iron Valiant\n|-damage|p1a: Iron Valiant|0 fnt\n|faint|p1a: Iron Valiant\n|-end|p1a: Iron Valiant|Quark Drive|[silent]\n|\n|upkeep\n|\n|t:|1700875865\n|switch|p1a: Corviknight|Corviknight, F|13\/100\n|-ability|p1a: Corviknight|Pressure\n|turn|29\n|\n|t:|1700875869\n|move|p2a: Dragonite|Extreme Speed|p1a: Corviknight\n|-resisted|p1a: Corviknight\n|-damage|p1a: Corviknight|0 fnt\n|faint|p1a: Corviknight\n|\n|win|ouvt botolwotol\n|raw|actualonion's rating: 1625 &rarr; <strong>1599<\/strong><br \/>(-26 for losing)\n|raw|ouvt botolwotol's rating: 1524 &rarr; <strong>1550<\/strong><br \/>(+26 for winning)\n|l|\u2606actualonion\n|c|\u2606ouvt botolwotol|gg\n","uploadtime":1700875926,"views":1,"p1id":"actualonion","p2id":"ouvtbotolwotol","formatid":"gen9ou","rating":1550,"private":0,"password":""}