{"id":"gen9ou-1989205628","p1":"johng_04","p2":"ShinyPending","format":"[Gen 9] OU","log":"|j|\u2606johng_04\n|j|\u2606ShinyPending\n|t:|1699823275\n|gametype|singles\n|player|p1|johng_04|lucas|1181\n|player|p2|ShinyPending|shauntal|1241\n|teamsize|p1|6\n|teamsize|p2|6\n|gen|9\n|tier|[Gen 9] OU\n|rated|\n|rule|Sleep Clause Mod: Limit one foe put to sleep\n|rule|Species Clause: Limit one of each Pok\u00e9mon\n|rule|OHKO Clause: OHKO moves are banned\n|rule|Evasion Items Clause: Evasion items are banned\n|rule|Evasion Moves Clause: Evasion moves are banned\n|rule|Endless Battle Clause: Forcing endless battles is banned\n|rule|HP Percentage Mod: HP is shown in percentages\n|clearpoke\n|poke|p1|Cloyster, M|\n|poke|p1|Luxray, M|\n|poke|p1|Ursaluna, F|\n|poke|p1|Skeledirge, F|\n|poke|p1|Garchomp, F|\n|poke|p1|Braviary-Hisui, M|\n|poke|p2|Hoopa-Unbound|\n|poke|p2|Beartic, M|\n|poke|p2|Pelipper, F|\n|poke|p2|Thundurus-Therian, M|\n|poke|p2|Hatterene, F|\n|poke|p2|Samurott-Hisui, F|\n|teampreview\n|inactive|Battle timer is ON: inactive players will automatically lose when time's up. (requested by ShinyPending)\n|\n|t:|1699823283\n|start\n|switch|p1a: Cloyster|Cloyster, M|100\/100\n|switch|p2a: Samurott|Samurott-Hisui, F|100\/100\n|turn|1\n|\n|t:|1699823296\n|move|p2a: Samurott|Ceaseless Edge|p1a: Cloyster\n|-damage|p1a: Cloyster|69\/100\n|-sidestart|p1: johng_04|Spikes\n|move|p1a: Cloyster|Icicle Spear|p2a: Samurott\n|-resisted|p2a: Samurott\n|-damage|p2a: Samurott|94\/100\n|-resisted|p2a: Samurott\n|-damage|p2a: Samurott|86\/100\n|-resisted|p2a: Samurott\n|-damage|p2a: Samurott|79\/100\n|-resisted|p2a: Samurott\n|-damage|p2a: Samurott|72\/100\n|-resisted|p2a: Samurott\n|-damage|p2a: Samurott|65\/100\n|-hitcount|p2a: Samurott|5\n|\n|-heal|p1a: Cloyster|75\/100|[from] item: Leftovers\n|upkeep\n|turn|2\n|inactive|johng_04 has 120 seconds left.\n|\n|t:|1699823331\n|switch|p1a: Luxray|Luxray, M|100\/100\n|-damage|p1a: Luxray|88\/100|[from] Spikes\n|-ability|p1a: Luxray|Intimidate|boost\n|-unboost|p2a: Samurott|atk|1\n|move|p2a: Samurott|Ceaseless Edge|p1a: Luxray\n|-damage|p1a: Luxray|44\/100\n|-sidestart|p1: johng_04|Spikes\n|\n|upkeep\n|turn|3\n|inactive|johng_04 has 120 seconds left.\n|\n|t:|1699823348\n|move|p2a: Samurott|Ceaseless Edge|p1a: Luxray\n|-damage|p1a: Luxray|4\/100\n|-sidestart|p1: johng_04|Spikes\n|move|p1a: Luxray|Thunderbolt|p2a: Samurott\n|-supereffective|p2a: Samurott\n|-damage|p2a: Samurott|0 fnt\n|faint|p2a: Samurott\n|\n|upkeep\n|\n|t:|1699823365\n|switch|p2a: Hoopa|Hoopa-Unbound|100\/100\n|turn|4\n|inactive|johng_04 has 120 seconds left.\n|\n|t:|1699823391\n|move|p2a: Hoopa|Dark Pulse|p1a: Luxray\n|-damage|p1a: Luxray|0 fnt\n|faint|p1a: Luxray\n|\n|upkeep\n|\n|t:|1699823401\n|switch|p1a: Ursaluna|Ursaluna, F|100\/100\n|-damage|p1a: Ursaluna|76\/100|[from] Spikes\n|turn|5\n|\n|t:|1699823410\n|move|p2a: Hoopa|Dark Pulse|p1a: Ursaluna\n|-damage|p1a: Ursaluna|29\/100\n|move|p1a: Ursaluna|Drain Punch|p2a: Hoopa\n|-damage|p2a: Hoopa|44\/100\n|-heal|p1a: Ursaluna|47\/100|[from] drain|[of] p2a: Hoopa\n|\n|-status|p1a: Ursaluna|brn|[from] item: Flame Orb\n|upkeep\n|turn|6\n|\n|t:|1699823419\n|move|p2a: Hoopa|Dark Pulse|p1a: Ursaluna\n|-damage|p1a: Ursaluna|0 fnt\n|faint|p1a: Ursaluna\n|\n|upkeep\n|\n|t:|1699823433\n|switch|p1a: Braviary|Braviary-Hisui, M|100\/100\n|turn|7\n|\n|t:|1699823436\n|move|p2a: Hoopa|Dark Pulse|p1a: Braviary\n|-supereffective|p1a: Braviary\n|-damage|p1a: Braviary|22\/100\n|move|p1a: Braviary|Dazzling Gleam|p2a: Hoopa\n|-supereffective|p2a: Hoopa\n|-damage|p2a: Hoopa|0 fnt\n|faint|p2a: Hoopa\n|\n|upkeep\n|\n|t:|1699823443\n|switch|p2a: Pelipper|Pelipper, F|100\/100\n|-weather|RainDance|[from] ability: Drizzle|[of] p2a: Pelipper\n|turn|8\n|inactive|johng_04 has 120 seconds left.\n|\n|t:|1699823449\n|move|p1a: Braviary|Body Slam|p2a: Pelipper\n|-damage|p2a: Pelipper|85\/100\n|move|p2a: Pelipper|U-turn|p1a: Braviary\n|-damage|p1a: Braviary|12\/100\n|\n|t:|1699823454\n|switch|p2a: Beartic|Beartic, M|100\/100|[from] U-turn\n|\n|-weather|RainDance|[upkeep]\n|upkeep\n|turn|9\n|\n|t:|1699823464\n|move|p2a: Beartic|Swagger|p1a: Braviary\n|-boost|p1a: Braviary|atk|2\n|-enditem|p2a: Beartic|Mirror Herb\n|-boost|p2a: Beartic|atk|2|[from] item: Mirror Herb\n|-start|p1a: Braviary|confusion\n|-activate|p1a: Braviary|confusion\n|move|p1a: Braviary|Psychic|p2a: Beartic\n|-damage|p2a: Beartic|32\/100\n|\n|-weather|RainDance|[upkeep]\n|upkeep\n|turn|10\n|\n|t:|1699823477\n|move|p2a: Beartic|Close Combat|p1a: Braviary\n|-resisted|p1a: Braviary\n|-damage|p1a: Braviary|0 fnt\n|-unboost|p2a: Beartic|def|1\n|-unboost|p2a: Beartic|spd|1\n|faint|p1a: Braviary\n|\n|-weather|RainDance|[upkeep]\n|upkeep\n|inactive|johng_04 has 120 seconds left.\n|\n|t:|1699823493\n|switch|p1a: Skeledirge|Skeledirge, F|100\/100\n|-damage|p1a: Skeledirge|76\/100|[from] Spikes\n|turn|11\n|\n|t:|1699823497\n|move|p2a: Beartic|Earthquake|p1a: Skeledirge\n|-supereffective|p1a: Skeledirge\n|-damage|p1a: Skeledirge|0 fnt\n|faint|p1a: Skeledirge\n|\n|-weather|RainDance|[upkeep]\n|upkeep\n|\n|t:|1699823506\n|switch|p1a: Garchomp|Garchomp, F|100\/100\n|-damage|p1a: Garchomp|76\/100|[from] Spikes\n|turn|12\n|\n|t:|1699823510\n|move|p2a: Beartic|Icicle Crash|p1a: Garchomp\n|-supereffective|p1a: Garchomp\n|-damage|p1a: Garchomp|0 fnt\n|faint|p1a: Garchomp\n|\n|-weather|RainDance|[upkeep]\n|upkeep\n|inactive|johng_04 has 120 seconds left.\n|\n|t:|1699823550\n|switch|p1a: Cloyster|Cloyster, M|75\/100\n|-damage|p1a: Cloyster|50\/100|[from] Spikes\n|turn|13\n|\n|t:|1699823562\n|move|p2a: Beartic|Close Combat|p1a: Cloyster\n|-supereffective|p1a: Cloyster\n|-damage|p1a: Cloyster|0 fnt\n|-unboost|p2a: Beartic|def|1\n|-unboost|p2a: Beartic|spd|1\n|faint|p1a: Cloyster\n|\n|win|ShinyPending\n|raw|johng_04's rating: 1181 &rarr; <strong>1160<\/strong><br \/>(-21 for losing)\n|raw|ShinyPending's rating: 1241 &rarr; <strong>1262<\/strong><br \/>(+21 for winning)\n","uploadtime":1699823566,"views":11,"p1id":"johng04","p2id":"shinypending","formatid":"gen9ou","rating":1160,"private":0,"password":""}