{"id":"gen9ou-1997201979","p1":"Loryhitt","p2":"Cinny69","format":"[Gen 9] OU","log":"|j|\u2606Loryhitt\n|j|\u2606Cinny69\n|t:|1700775041\n|gametype|singles\n|player|p1|Loryhitt|lance|1418\n|player|p2|Cinny69|rika|1348\n|teamsize|p1|6\n|teamsize|p2|6\n|gen|9\n|tier|[Gen 9] OU\n|rated|\n|rule|Sleep Clause Mod: Limit one foe put to sleep\n|rule|Species Clause: Limit one of each Pok\u00e9mon\n|rule|OHKO Clause: OHKO moves are banned\n|rule|Evasion Items Clause: Evasion items are banned\n|rule|Evasion Moves Clause: Evasion moves are banned\n|rule|Endless Battle Clause: Forcing endless battles is banned\n|rule|HP Percentage Mod: HP is shown in percentages\n|clearpoke\n|poke|p1|Garchomp, F|\n|poke|p1|Amoonguss, F|\n|poke|p1|Skeledirge, M|\n|poke|p1|Iron Valiant|\n|poke|p1|Greninja-*, M|\n|poke|p1|Corviknight, F|\n|poke|p2|Samurott-Hisui, M|\n|poke|p2|Great Tusk|\n|poke|p2|Iron Valiant|\n|poke|p2|Gholdengo|\n|poke|p2|Ceruledge, F|\n|poke|p2|Enamorus, F|\n|teampreview\n|inactive|Battle timer is ON: inactive players will automatically lose when time's up. (requested by Cinny69)\n|\n|t:|1700775059\n|start\n|switch|p1a: Iron Valiant|Iron Valiant|100\/100\n|switch|p2a: Enamorus|Enamorus, F|100\/100\n|turn|1\n|\n|t:|1700775072\n|move|p1a: Iron Valiant|Thunderbolt|p2a: Enamorus\n|-supereffective|p2a: Enamorus\n|-damage|p2a: Enamorus|0 fnt\n|faint|p2a: Enamorus\n|\n|upkeep\n|\n|t:|1700775078\n|switch|p2a: Great Tusk|Great Tusk, shiny|100\/100\n|turn|2\n|\n|t:|1700775083\n|move|p1a: Iron Valiant|Moonblast|p2a: Great Tusk\n|-supereffective|p2a: Great Tusk\n|-crit|p2a: Great Tusk\n|-damage|p2a: Great Tusk|9\/100\n|move|p2a: Great Tusk|Headlong Rush|p1a: Iron Valiant\n|-damage|p1a: Iron Valiant|34\/100\n|-unboost|p2a: Great Tusk|def|1\n|-unboost|p2a: Great Tusk|spd|1\n|\n|upkeep\n|turn|3\n|\n|t:|1700775093\n|move|p1a: Iron Valiant|Moonblast|p2a: Great Tusk\n|-supereffective|p2a: Great Tusk\n|-damage|p2a: Great Tusk|0 fnt\n|faint|p2a: Great Tusk\n|-end|p2a: Great Tusk|Protosynthesis|[silent]\n|\n|upkeep\n|\n|t:|1700775101\n|switch|p2a: Samurott|Samurott-Hisui, M, shiny|100\/100\n|turn|4\n|\n|t:|1700775110\n|move|p2a: Samurott|Flip Turn|p1a: Iron Valiant\n|-damage|p1a: Iron Valiant|1\/100\n|\n|t:|1700775117\n|switch|p2a: Ceruledge|Ceruledge, F|100\/100|[from] Flip Turn\n|move|p1a: Iron Valiant|Moonblast|p2a: Ceruledge\n|-resisted|p2a: Ceruledge\n|-damage|p2a: Ceruledge|76\/100\n|\n|upkeep\n|turn|5\n|\n|t:|1700775129\n|-end|p1a: Iron Valiant|Quark Drive|[silent]\n|switch|p1a: Skeledirge|Skeledirge, M|100\/100\n|move|p2a: Ceruledge|Bitter Blade|p1a: Skeledirge\n|-resisted|p1a: Skeledirge\n|-damage|p1a: Skeledirge|79\/100\n|-heal|p2a: Ceruledge|89\/100|[from] drain|[of] p1a: Skeledirge\n|\n|-heal|p1a: Skeledirge|85\/100|[from] item: Leftovers\n|upkeep\n|turn|6\n|\n|t:|1700775139\n|move|p2a: Ceruledge|Poltergeist|p1a: Skeledirge\n|-activate|p1a: Skeledirge|move: Poltergeist|Leftovers\n|-supereffective|p1a: Skeledirge\n|-damage|p1a: Skeledirge|0 fnt\n|faint|p1a: Skeledirge\n|\n|upkeep\n|\n|t:|1700775146\n|switch|p1a: Greninja|Greninja, M, shiny|100\/100\n|turn|7\n|\n|t:|1700775150\n|switch|p2a: Samurott|Samurott-Hisui, M, shiny|100\/100\n|move|p1a: Greninja|Surf|p2a: Samurott\n|-start|p1a: Greninja|typechange|Water|[from] ability: Protean\n|-resisted|p2a: Samurott\n|-damage|p2a: Samurott|66\/100\n|\n|upkeep\n|turn|8\n|\n|t:|1700775161\n|switch|p1a: Corviknight|Corviknight, F|100\/100\n|-ability|p1a: Corviknight|Pressure\n|move|p2a: Samurott|Ceaseless Edge|p1a: Corviknight\n|-damage|p1a: Corviknight|76\/100\n|-sidestart|p1: Loryhitt|Spikes\n|\n|upkeep\n|turn|9\n|\n|t:|1700775181\n|switch|p2a: Gholdengo|Gholdengo|100\/100\n|-item|p2a: Gholdengo|Air Balloon\n|move|p1a: Corviknight|Defog|p2a: Gholdengo\n|-immune|p2a: Gholdengo|[from] ability: Good as Gold\n|\n|upkeep\n|turn|10\n|\n|t:|1700775189\n|move|p2a: Gholdengo|Nasty Plot|p2a: Gholdengo\n|-boost|p2a: Gholdengo|spa|2\n|move|p1a: Corviknight|U-turn|p2a: Gholdengo\n|-resisted|p2a: Gholdengo\n|-damage|p2a: Gholdengo|97\/100\n|-enditem|p2a: Gholdengo|Air Balloon\n|\n|t:|1700775200\n|switch|p1a: Garchomp|Garchomp, F|100\/100|[from] U-turn\n|-damage|p1a: Garchomp|88\/100|[from] Spikes\n|\n|upkeep\n|turn|11\n|\n|t:|1700775206\n|-terastallize|p2a: Gholdengo|Fairy\n|move|p1a: Garchomp|Earthquake|p2a: Gholdengo\n|-damage|p2a: Gholdengo|24\/100\n|move|p2a: Gholdengo|Dazzling Gleam|p1a: Garchomp\n|-supereffective|p1a: Garchomp\n|-damage|p1a: Garchomp|0 fnt\n|faint|p1a: Garchomp\n|\n|upkeep\n|inactive|Loryhitt has 120 seconds left.\n|\n|t:|1700775227\n|switch|p1a: Amoonguss|Amoonguss, F, shiny|100\/100\n|-damage|p1a: Amoonguss|88\/100|[from] Spikes\n|turn|12\n|\n|t:|1700775231\n|move|p2a: Gholdengo|Make It Rain|p1a: Amoonguss\n|-damage|p1a: Amoonguss|0 fnt\n|-unboost|p2a: Gholdengo|spa|1\n|faint|p1a: Amoonguss\n|\n|upkeep\n|\n|t:|1700775245\n|switch|p1a: Greninja|Greninja, M, shiny|100\/100\n|-damage|p1a: Greninja|88\/100|[from] Spikes\n|turn|13\n|\n|t:|1700775252\n|switch|p2a: Samurott|Samurott-Hisui, M, shiny|66\/100\n|move|p1a: Greninja|Surf|p2a: Samurott\n|-start|p1a: Greninja|typechange|Water|[from] ability: Protean\n|-resisted|p2a: Samurott\n|-damage|p2a: Samurott|35\/100\n|\n|upkeep\n|turn|14\n|\n|t:|1700775263\n|switch|p1a: Corviknight|Corviknight, F|76\/100\n|-ability|p1a: Corviknight|Pressure\n|move|p2a: Samurott|Razor Shell|p1a: Corviknight\n|-damage|p1a: Corviknight|45\/100\n|\n|upkeep\n|turn|15\n|\n|t:|1700775272\n|switch|p2a: Gholdengo|Gholdengo, tera:Fairy|24\/100\n|move|p1a: Corviknight|Roost|p1a: Corviknight\n|-heal|p1a: Corviknight|95\/100\n|-singleturn|p1a: Corviknight|move: Roost\n|\n|upkeep\n|turn|16\n|\n|t:|1700775281\n|move|p2a: Gholdengo|Shadow Ball|p1a: Corviknight\n|-damage|p1a: Corviknight|59\/100\n|move|p1a: Corviknight|Body Press|p2a: Gholdengo\n|-resisted|p2a: Gholdengo\n|-damage|p2a: Gholdengo|11\/100\n|\n|upkeep\n|turn|17\n|\n|t:|1700775289\n|move|p2a: Gholdengo|Nasty Plot|p2a: Gholdengo\n|-boost|p2a: Gholdengo|spa|2\n|move|p1a: Corviknight|Body Press|p2a: Gholdengo\n|-resisted|p2a: Gholdengo\n|-damage|p2a: Gholdengo|0 fnt\n|faint|p2a: Gholdengo\n|\n|upkeep\n|\n|t:|1700775297\n|switch|p2a: Iron Valiant|Iron Valiant|100\/100\n|-enditem|p2a: Iron Valiant|Booster Energy\n|-activate|p2a: Iron Valiant|ability: Quark Drive|[fromitem]\n|-start|p2a: Iron Valiant|quarkdrivespe\n|turn|18\n|\n|t:|1700775306\n|move|p2a: Iron Valiant|Encore|p1a: Corviknight\n|-start|p1a: Corviknight|Encore\n|move|p1a: Corviknight|Body Press|p2a: Iron Valiant\n|-resisted|p2a: Iron Valiant\n|-damage|p2a: Iron Valiant|82\/100\n|\n|upkeep\n|turn|19\n|\n|t:|1700775312\n|move|p2a: Iron Valiant|Aura Sphere|p1a: Corviknight\n|-damage|p1a: Corviknight|21\/100\n|move|p1a: Corviknight|Body Press|p2a: Iron Valiant\n|-resisted|p2a: Iron Valiant\n|-damage|p2a: Iron Valiant|67\/100\n|\n|upkeep\n|turn|20\n|\n|t:|1700775322\n|move|p2a: Iron Valiant|Aura Sphere|p1a: Corviknight\n|-damage|p1a: Corviknight|0 fnt\n|faint|p1a: Corviknight\n|\n|upkeep\n|\n|t:|1700775329\n|switch|p1a: Greninja|Greninja, M, shiny|88\/100\n|-damage|p1a: Greninja|76\/100|[from] Spikes\n|turn|21\n|\n|t:|1700775334\n|move|p2a: Iron Valiant|Moonblast|p1a: Greninja\n|-supereffective|p1a: Greninja\n|-damage|p1a: Greninja|0 fnt\n|faint|p1a: Greninja\n|\n|upkeep\n|inactive|Loryhitt has 120 seconds left.\n|\n|t:|1700775365\n|switch|p1a: Iron Valiant|Iron Valiant|1\/100\n|-damage|p1a: Iron Valiant|0 fnt|[from] Spikes\n|faint|p1a: Iron Valiant\n|-end|p1a: Iron Valiant|Quark Drive|[silent]\n|\n|win|Cinny69\n|raw|Loryhitt's rating: 1418 &rarr; <strong>1394<\/strong><br \/>(-24 for losing)\n|raw|Cinny69's rating: 1348 &rarr; <strong>1372<\/strong><br \/>(+24 for winning)\n|c|\u2606Cinny69|Gg\n|l|\u2606Loryhitt\n","uploadtime":1700775374,"views":6,"p1id":"loryhitt","p2id":"cinny69","formatid":"gen9ou","rating":1372,"private":0,"password":""}