{"id":"gen9ou-1989074253","p1":"midojunkie","p2":"Plorish","format":"[Gen 9] OU","log":"|j|\u2606midojunkie\n|j|\u2606Plorish\n|t:|1699809353\n|gametype|singles\n|player|p1|midojunkie|youngn|1135\n|player|p2|Plorish|riley|1184\n|teamsize|p1|6\n|teamsize|p2|6\n|gen|9\n|tier|[Gen 9] OU\n|rated|\n|rule|Sleep Clause Mod: Limit one foe put to sleep\n|rule|Species Clause: Limit one of each Pok\u00e9mon\n|rule|OHKO Clause: OHKO moves are banned\n|rule|Evasion Items Clause: Evasion items are banned\n|rule|Evasion Moves Clause: Evasion moves are banned\n|rule|Endless Battle Clause: Forcing endless battles is banned\n|rule|HP Percentage Mod: HP is shown in percentages\n|clearpoke\n|poke|p1|Ursaluna, F|\n|poke|p1|Lilligant-Hisui, F|\n|poke|p1|Arcanine-Hisui, M|\n|poke|p1|Samurott-Hisui, F|\n|poke|p1|Zoroark-Hisui, M|\n|poke|p1|Goodra-Hisui, M|\n|poke|p2|Quaquaval, F|\n|poke|p2|Maushold|\n|poke|p2|Ceruledge, F|\n|poke|p2|Thundurus-Therian, M|\n|poke|p2|Haxorus, F|\n|poke|p2|Tyranitar, F|\n|teampreview\n|inactive|Battle timer is ON: inactive players will automatically lose when time's up. (requested by Plorish)\n|inactive|midojunkie also wants the timer to be on.\n|\n|t:|1699809366\n|start\n|switch|p1a: Samurott|Samurott-Hisui, F|100\/100\n|switch|p2a: Haxorus|Haxorus, F, shiny|100\/100\n|-ability|p2a: Haxorus|Mold Breaker\n|turn|1\n|\n|t:|1699809371\n|move|p2a: Haxorus|Swords Dance|p2a: Haxorus\n|-boost|p2a: Haxorus|atk|2\n|move|p1a: Samurott|Ceaseless Edge|p2a: Haxorus\n|-damage|p2a: Haxorus|45\/100\n|-sidestart|p2: Plorish|Spikes\n|\n|upkeep\n|turn|2\n|\n|t:|1699809378\n|move|p2a: Haxorus|Scale Shot|p1a: Samurott\n|-damage|p1a: Samurott|61\/100\n|-damage|p1a: Samurott|21\/100\n|-damage|p1a: Samurott|0 fnt\n|faint|p1a: Samurott\n|-hitcount|p1: Samurott|3\n|-unboost|p2a: Haxorus|def|1\n|-boost|p2a: Haxorus|spe|1\n|\n|upkeep\n|\n|t:|1699809384\n|switch|p1a: Goodra|Goodra-Hisui, M|100\/100\n|turn|3\n|\n|t:|1699809388\n|move|p2a: Haxorus|Earthquake|p1a: Goodra\n|-supereffective|p1a: Goodra\n|-damage|p1a: Goodra|0 fnt\n|faint|p1a: Goodra\n|\n|upkeep\n|\n|t:|1699809392\n|switch|p1a: Ursaluna|Ursaluna, F|100\/100\n|turn|4\n|\n|t:|1699809397\n|move|p2a: Haxorus|Scale Shot|p1a: Ursaluna\n|-damage|p1a: Ursaluna|44\/100\n|replace|p1a: Zoroark|Zoroark-Hisui, M\n|-end|p1a: Zoroark|Illusion\n|-damage|p1a: Zoroark|0 fnt\n|faint|p1a: Zoroark\n|-hitcount|p1: Zoroark|2\n|-unboost|p2a: Haxorus|def|1\n|-boost|p2a: Haxorus|spe|1\n|\n|upkeep\n|\n|t:|1699809403\n|switch|p1a: Arcanine|Arcanine-Hisui, M|100\/100\n|turn|5\n|\n|t:|1699809408\n|move|p1a: Arcanine|Extreme Speed|p2a: Haxorus\n|-damage|p2a: Haxorus|0 fnt\n|faint|p2a: Haxorus\n|\n|upkeep\n|\n|t:|1699809413\n|switch|p2a: Duck Furry OC|Quaquaval, F|100\/100\n|-damage|p2a: Duck Furry OC|88\/100|[from] Spikes\n|turn|6\n|\n|t:|1699809420\n|switch|p1a: Lilligant|Lilligant-Hisui, F|100\/100\n|move|p2a: Duck Furry OC|Aqua Step|p1a: Lilligant\n|-resisted|p1a: Lilligant\n|-damage|p1a: Lilligant|68\/100\n|-boost|p2a: Duck Furry OC|spe|1\n|\n|-heal|p2a: Duck Furry OC|94\/100|[from] item: Leftovers\n|-heal|p1a: Lilligant|74\/100|[from] item: Leftovers\n|upkeep\n|turn|7\n|\n|t:|1699809427\n|move|p2a: Duck Furry OC|Ice Spinner|p1a: Lilligant\n|-supereffective|p1a: Lilligant\n|-crit|p1a: Lilligant\n|-damage|p1a: Lilligant|0 fnt\n|faint|p1a: Lilligant\n|-ability|p2a: Duck Furry OC|Moxie|boost\n|-boost|p2a: Duck Furry OC|atk|1\n|\n|-heal|p2a: Duck Furry OC|100\/100|[from] item: Leftovers\n|upkeep\n|\n|t:|1699809430\n|switch|p1a: Arcanine|Arcanine-Hisui, M|100\/100\n|turn|8\n|\n|t:|1699809433\n|move|p2a: Duck Furry OC|Aqua Step|p1a: Arcanine\n|-supereffective|p1a: Arcanine\n|-damage|p1a: Arcanine|0 fnt\n|-boost|p2a: Duck Furry OC|spe|1\n|faint|p1a: Arcanine\n|-ability|p2a: Duck Furry OC|Moxie|boost\n|-boost|p2a: Duck Furry OC|atk|1\n|\n|upkeep\n|-message|midojunkie forfeited.\n|\n|win|Plorish\n|raw|midojunkie's rating: 1135 &rarr; <strong>1114<\/strong><br \/>(-21 for losing)\n|raw|Plorish's rating: 1184 &rarr; <strong>1205<\/strong><br \/>(+21 for winning)\n|l|\u2606midojunkie\n","uploadtime":1699809440,"views":9,"p1id":"midojunkie","p2id":"plorish","formatid":"gen9ou","rating":1114,"private":0,"password":""}