{"id":"gen9ou-1993585926","p1":"Mabomomi","p2":"drop a jayco","format":"[Gen 9] OU","log":"|j|\u2606Mabomomi\n|j|\u2606drop a jayco\n|t:|1700334592\n|gametype|singles\n|player|p1|Mabomomi|backersf|1053\n|player|p2|drop a jayco|bugcatcher-gen4dp|1049\n|teamsize|p1|6\n|teamsize|p2|6\n|gen|9\n|tier|[Gen 9] OU\n|rated|\n|rule|Sleep Clause Mod: Limit one foe put to sleep\n|rule|Species Clause: Limit one of each Pok\u00e9mon\n|rule|OHKO Clause: OHKO moves are banned\n|rule|Evasion Items Clause: Evasion items are banned\n|rule|Evasion Moves Clause: Evasion moves are banned\n|rule|Endless Battle Clause: Forcing endless battles is banned\n|rule|HP Percentage Mod: HP is shown in percentages\n|clearpoke\n|poke|p1|Goodra-Hisui, M|\n|poke|p1|Alomomola, F|\n|poke|p1|Cinderace, F|\n|poke|p1|Dragapult, F|\n|poke|p1|Samurott-Hisui, F|\n|poke|p1|Iron Valiant|\n|poke|p2|Ogerpon-Wellspring, F|\n|poke|p2|Toxapex, M|\n|poke|p2|Landorus-Therian, M|\n|poke|p2|Blissey, F|\n|poke|p2|Dragapult, M|\n|poke|p2|Iron Moth|\n|teampreview\n|inactive|Battle timer is ON: inactive players will automatically lose when time's up. (requested by Mabomomi)\n|\n|t:|1700334611\n|start\n|switch|p1a: Samurott|Samurott-Hisui, F|100\/100\n|switch|p2a: Toxapex|Toxapex, M|100\/100\n|turn|1\n|\n|t:|1700334619\n|move|p1a: Samurott|Flip Turn|p2a: Toxapex\n|-resisted|p2a: Toxapex\n|-damage|p2a: Toxapex|90\/100\n|\n|t:|1700334645\n|switch|p1a: Dragapult|Dragapult, F|100\/100|[from] Flip Turn\n|move|p2a: Toxapex|Toxic Spikes|p1a: Dragapult\n|-sidestart|p1: Mabomomi|move: Toxic Spikes\n|\n|upkeep\n|turn|2\n|\n|t:|1700334654\n|move|p2a: Toxapex|Baneful Bunker|p2a: Toxapex\n|-singleturn|p2a: Toxapex|move: Protect\n|move|p1a: Dragapult|Draco Meteor|p2a: Toxapex\n|-activate|p2a: Toxapex|move: Protect\n|\n|upkeep\n|turn|3\n|\n|t:|1700334671\n|move|p1a: Dragapult|Draco Meteor|p2a: Toxapex\n|-damage|p2a: Toxapex|27\/100\n|-unboost|p1a: Dragapult|spa|2\n|move|p2a: Toxapex|Chilling Water|p1a: Dragapult\n|-resisted|p1a: Dragapult\n|-damage|p1a: Dragapult|93\/100\n|-unboost|p1a: Dragapult|atk|1\n|\n|upkeep\n|turn|4\n|\n|t:|1700334680\n|move|p2a: Toxapex|Baneful Bunker|p2a: Toxapex\n|-singleturn|p2a: Toxapex|move: Protect\n|move|p1a: Dragapult|Draco Meteor|p2a: Toxapex\n|-activate|p2a: Toxapex|move: Protect\n|\n|upkeep\n|turn|5\n|\n|t:|1700334698\n|move|p1a: Dragapult|Draco Meteor|p2a: Toxapex\n|-damage|p2a: Toxapex|0 fnt\n|-unboost|p1a: Dragapult|spa|2\n|faint|p2a: Toxapex\n|\n|upkeep\n|\n|t:|1700334708\n|switch|p2a: Blissey|Blissey, F|100\/100\n|turn|6\n|\n|t:|1700334715\n|switch|p1a: Alomomola|Alomomola, F|100\/100\n|-status|p1a: Alomomola|psn\n|move|p2a: Blissey|Stealth Rock|p1a: Alomomola\n|-sidestart|p1: Mabomomi|move: Stealth Rock\n|\n|-damage|p1a: Alomomola|88\/100 psn|[from] psn\n|upkeep\n|turn|7\n|\n|t:|1700334725\n|move|p2a: Blissey|Chilling Water|p1a: Alomomola\n|-resisted|p1a: Alomomola\n|-damage|p1a: Alomomola|82\/100 psn\n|-unboost|p1a: Alomomola|atk|1\n|-enditem|p1a: Alomomola|Red Card|[of] p2a: Blissey\n|drag|p2a: Landorus|Landorus-Therian, M|100\/100\n|-ability|p2a: Landorus|Intimidate|boost\n|-unboost|p1a: Alomomola|atk|1\n|move|p1a: Alomomola|Flip Turn|p2a: Landorus\n|-supereffective|p2a: Landorus\n|-damage|p2a: Landorus|84\/100\n|\n|t:|1700334740\n|switch|p1a: Cinderace|Cinderace, F|100\/100|[from] Flip Turn\n|\n|upkeep\n|turn|8\n|\n|t:|1700334754\n|move|p1a: Cinderace|Will-O-Wisp|p2a: Landorus\n|-status|p2a: Landorus|brn\n|move|p2a: Landorus|Swords Dance|p2a: Landorus\n|-boost|p2a: Landorus|atk|2\n|\n|-damage|p2a: Landorus|78\/100 brn|[from] brn\n|upkeep\n|turn|9\n|\n|t:|1700334761\n|move|p1a: Cinderace|Court Change|p1a: Cinderace\n|-swapsideconditions\n|-activate|p1a: Cinderace|move: Court Change\n|move|p2a: Landorus|Earthquake|p1a: Cinderace\n|-supereffective|p1a: Cinderace\n|-damage|p1a: Cinderace|0 fnt\n|faint|p1a: Cinderace\n|\n|-damage|p2a: Landorus|72\/100 brn|[from] brn\n|upkeep\n|\n|t:|1700334769\n|switch|p1a: Samurott|Samurott-Hisui, F|100\/100\n|turn|10\n|\n|t:|1700334776\n|move|p1a: Samurott|Aqua Cutter|p2a: Landorus\n|-supereffective|p2a: Landorus\n|-damage|p2a: Landorus|0 fnt\n|faint|p2a: Landorus\n|\n|upkeep\n|\n|t:|1700334785\n|switch|p2a: Ogerpon|Ogerpon-Wellspring, F|100\/100\n|-status|p2a: Ogerpon|psn\n|-damage|p2a: Ogerpon|88\/100 psn|[from] Stealth Rock\n|turn|11\n|\n|t:|1700334796\n|switch|p1a: Goodra|Goodra-Hisui, M|100\/100\n|move|p2a: Ogerpon|Encore||[still]\n|-fail|p2a: Ogerpon\n|\n|-damage|p2a: Ogerpon|76\/100 psn|[from] psn\n|upkeep\n|turn|12\n|\n|t:|1700334805\n|move|p2a: Ogerpon|Stomping Tantrum|p1a: Goodra\n|-supereffective|p1a: Goodra\n|-damage|p1a: Goodra|0 fnt\n|faint|p1a: Goodra\n|\n|-damage|p2a: Ogerpon|64\/100 psn|[from] psn\n|upkeep\n|c|\u2606Mabomomi|holy shit\n|c|\u2606drop a jayco|yo\n|c|\u2606Mabomomi|that's tech\n|c|\u2606drop a jayco|pardon?\n|c|\u2606Mabomomi|wtf\n|inactive|Mabomomi has 120 seconds left.\n|c|\u2606drop a jayco|whats that mean im new to showdown\n|c|\u2606drop a jayco|like no joke\n|c|\u2606drop a jayco|second day playing\n|inactive|Mabomomi has 90 seconds left.\n|c|\u2606Mabomomi|like niche stuff strategies to cover stuff\n|c|\u2606Mabomomi|to surprise people a lot\n|c|\u2606drop a jayco|ohhhhhh\n|\n|t:|1700334884\n|switch|p1a: Dragapult|Dragapult, F|93\/100\n|turn|13\n|\n|t:|1700334904\n|move|p1a: Dragapult|U-turn|p2a: Ogerpon\n|-supereffective|p2a: Ogerpon\n|-damage|p2a: Ogerpon|15\/100 psn\n|c|\u2606Mabomomi|I have never seen that on oger before\n|\n|t:|1700334915\n|switch|p1a: Alomomola|Alomomola, F|100\/100 psn|[from] U-turn\n|move|p2a: Ogerpon|Encore||[still]\n|-fail|p2a: Ogerpon\n|\n|-damage|p2a: Ogerpon|3\/100 psn|[from] psn\n|-damage|p1a: Alomomola|88\/100 psn|[from] psn\n|upkeep\n|turn|14\n|\n|t:|1700334927\n|move|p1a: Alomomola|Protect|p1a: Alomomola\n|-singleturn|p1a: Alomomola|Protect\n|move|p2a: Ogerpon|Stomping Tantrum|p1a: Alomomola\n|-activate|p1a: Alomomola|move: Protect\n|\n|-damage|p2a: Ogerpon|0 fnt|[from] psn\n|faint|p2a: Ogerpon\n|-damage|p1a: Alomomola|76\/100 psn|[from] psn\n|upkeep\n|\n|t:|1700334940\n|switch|p2a: Dragapult|Dragapult, M|100\/100\n|-status|p2a: Dragapult|psn\n|-damage|p2a: Dragapult|88\/100 psn|[from] Stealth Rock\n|turn|15\n|inactive|Mabomomi has 90 seconds left.\n|\n|t:|1700334952\n|move|p1a: Alomomola|Flip Turn|p2a: Dragapult\n|-resisted|p2a: Dragapult\n|-damage|p2a: Dragapult|76\/100 psn\n|-damage|p1a: Alomomola|59\/100 psn|[from] item: Rocky Helmet|[of] p2a: Dragapult\n|inactive|Mabomomi has 90 seconds left.\n|\n|t:|1700334967\n|switch|p1a: Samurott|Samurott-Hisui, F|100\/100|[from] Flip Turn\n|move|p2a: Dragapult|Dragon Tail|p1a: Samurott\n|-damage|p1a: Samurott|61\/100\n|drag|p1a: Alomomola|Alomomola, F|92\/100 psn\n|\n|-damage|p2a: Dragapult|64\/100 psn|[from] psn\n|-damage|p1a: Alomomola|80\/100 psn|[from] psn\n|upkeep\n|turn|16\n|inactive|Mabomomi has 90 seconds left.\n|\n|t:|1700334982\n|move|p2a: Dragapult|Rest|p2a: Dragapult\n|-status|p2a: Dragapult|slp|[from] move: Rest\n|-heal|p2a: Dragapult|100\/100 slp|[silent]\n|move|p1a: Alomomola|Acrobatics|p2a: Dragapult\n|-damage|p2a: Dragapult|72\/100 slp\n|-damage|p1a: Alomomola|63\/100 psn|[from] item: Rocky Helmet|[of] p2a: Dragapult\n|\n|-damage|p1a: Alomomola|51\/100 psn|[from] psn\n|upkeep\n|turn|17\n|inactive|Mabomomi has 90 seconds left.\n|\n|t:|1700334998\n|cant|p2a: Dragapult|slp\n|move|p2a: Dragapult|Sleep Talk|p2a: Dragapult\n|move|p2a: Dragapult|Sucker Punch||[from]move: Sleep Talk|[still]\n|-fail|p2a: Dragapult\n|move|p1a: Alomomola|Wish|p1a: Alomomola\n|\n|-damage|p1a: Alomomola|39\/100 psn|[from] psn\n|upkeep\n|turn|18\n|inactive|Mabomomi has 90 seconds left.\n|\n|t:|1700335008\n|cant|p2a: Dragapult|slp\n|move|p2a: Dragapult|Sleep Talk|p2a: Dragapult\n|move|p2a: Dragapult|Sucker Punch|p1a: Alomomola|[from]move: Sleep Talk\n|-damage|p1a: Alomomola|25\/100 psn\n|move|p1a: Alomomola|Acrobatics|p2a: Dragapult\n|-damage|p2a: Dragapult|46\/100 slp\n|-damage|p1a: Alomomola|8\/100 psn|[from] item: Rocky Helmet|[of] p2a: Dragapult\n|\n|-heal|p1a: Alomomola|58\/100 psn|[from] move: Wish|[wisher] Alomomola\n|-damage|p1a: Alomomola|46\/100 psn|[from] psn\n|upkeep\n|turn|19\n|\n|t:|1700335025\n|move|p1a: Alomomola|Wish|p1a: Alomomola\n|-curestatus|p2a: Dragapult|slp|[msg]\n|move|p2a: Dragapult|Dragon Tail|p1a: Alomomola\n|-damage|p1a: Alomomola|28\/100 psn\n|drag|p1a: Iron Valiant|Iron Valiant|100\/100\n|-enditem|p1a: Iron Valiant|Booster Energy\n|-activate|p1a: Iron Valiant|ability: Quark Drive|[fromitem]\n|-start|p1a: Iron Valiant|quarkdrivespe\n|\n|upkeep\n|turn|20\n|\n|t:|1700335040\n|move|p2a: Dragapult|Sucker Punch|p1a: Iron Valiant\n|-resisted|p1a: Iron Valiant\n|-damage|p1a: Iron Valiant|93\/100\n|move|p1a: Iron Valiant|Knock Off|p2a: Dragapult\n|-supereffective|p2a: Dragapult\n|-damage|p2a: Dragapult|0 fnt\n|-damage|p1a: Iron Valiant|76\/100|[from] item: Rocky Helmet|[of] p2a: Dragapult\n|-enditem|p2a: Dragapult|Rocky Helmet|[from] move: Knock Off|[of] p1a: Iron Valiant\n|faint|p2a: Dragapult\n|\n|-heal|p1a: Iron Valiant|100\/100|[from] move: Wish|[wisher] Alomomola\n|upkeep\n|inactive|drop a jayco has 120 seconds left.\n|\n|t:|1700335059\n|switch|p2a: Blissey|Blissey, F|100\/100\n|-status|p2a: Blissey|psn\n|-damage|p2a: Blissey|88\/100 psn|[from] Stealth Rock\n|turn|21\n|\n|t:|1700335067\n|move|p1a: Iron Valiant|Close Combat|p2a: Blissey\n|-supereffective|p2a: Blissey\n|-damage|p2a: Blissey|0 fnt\n|-unboost|p1a: Iron Valiant|def|1\n|-unboost|p1a: Iron Valiant|spd|1\n|faint|p2a: Blissey\n|\n|upkeep\n|\n|t:|1700335074\n|switch|p2a: Iron Moth|Iron Moth|100\/100\n|-sideend|p2: drop a jayco|move: Toxic Spikes|[of] p2a: Iron Moth\n|-damage|p2a: Iron Moth|76\/100|[from] Stealth Rock\n|-enditem|p2a: Iron Moth|Booster Energy\n|-activate|p2a: Iron Moth|ability: Quark Drive|[fromitem]\n|-start|p2a: Iron Moth|quarkdrivespa\n|turn|22\n|\n|t:|1700335083\n|move|p1a: Iron Valiant|Knock Off|p2a: Iron Moth\n|-damage|p2a: Iron Moth|40\/100\n|move|p2a: Iron Moth|Psychic|p1a: Iron Valiant\n|-supereffective|p1a: Iron Valiant\n|-damage|p1a: Iron Valiant|0 fnt\n|faint|p1a: Iron Valiant\n|-end|p1a: Iron Valiant|Quark Drive|[silent]\n|\n|upkeep\n|\n|t:|1700335090\n|switch|p1a: Samurott|Samurott-Hisui, F|61\/100\n|turn|23\n|c|\u2606Mabomomi|gg\n|\n|t:|1700335098\n|move|p1a: Samurott|Aqua Cutter|p2a: Iron Moth\n|-supereffective|p2a: Iron Moth\n|-damage|p2a: Iron Moth|0 fnt\n|faint|p2a: Iron Moth\n|-end|p2a: Iron Moth|Quark Drive|[silent]\n|\n|win|Mabomomi\n|raw|Mabomomi's rating: 1053 &rarr; <strong>1085<\/strong><br \/>(+32 for winning)\n|raw|drop a jayco's rating: 1049 &rarr; <strong>1032<\/strong><br \/>(-17 for losing)\n|c|\u2606drop a jayco|gg\n|l|\u2606drop a jayco\n","uploadtime":1700335113,"views":10,"p1id":"mabomomi","p2id":"dropajayco","formatid":"gen9ou","rating":1032,"private":0,"password":""}