{"id":"gen9ou-1994638589","p1":"okkokakisatanique","p2":"Bolanero","format":"[Gen 9] OU","log":"|j|\u2606okkokakisatanique\n|j|\u2606Bolanero\n|t:|1700473637\n|gametype|singles\n|player|p1|okkokakisatanique|wattson|1493\n|player|p2|Bolanero|265|1594\n|teamsize|p1|6\n|teamsize|p2|6\n|gen|9\n|tier|[Gen 9] OU\n|rated|\n|rule|Sleep Clause Mod: Limit one foe put to sleep\n|rule|Species Clause: Limit one of each Pok\u00e9mon\n|rule|OHKO Clause: OHKO moves are banned\n|rule|Evasion Items Clause: Evasion items are banned\n|rule|Evasion Moves Clause: Evasion moves are banned\n|rule|Endless Battle Clause: Forcing endless battles is banned\n|rule|HP Percentage Mod: HP is shown in percentages\n|clearpoke\n|poke|p1|Breloom, M|\n|poke|p1|Ogerpon-Wellspring, F|\n|poke|p1|Ceruledge, F|\n|poke|p1|Great Tusk|\n|poke|p1|Kingambit, F|\n|poke|p1|Enamorus, F|\n|poke|p2|Dragapult, M|\n|poke|p2|Clefable, F|\n|poke|p2|Quagsire, F|\n|poke|p2|Milotic, F|\n|poke|p2|Mandibuzz, F|\n|poke|p2|Skeledirge, M|\n|teampreview\n|inactive|Battle timer is ON: inactive players will automatically lose when time's up. (requested by okkokakisatanique)\n|\n|t:|1700473650\n|start\n|switch|p1a: Breloom|Breloom, M|100\/100\n|switch|p2a: Dragapult|Dragapult, M|100\/100\n|turn|1\n|\n|t:|1700473671\n|move|p2a: Dragapult|Substitute|p2a: Dragapult\n|-start|p2a: Dragapult|Substitute\n|-damage|p2a: Dragapult|76\/100\n|move|p1a: Breloom|Spore||[still]\n|-fail|p1a: Breloom\n|\n|-heal|p2a: Dragapult|82\/100|[from] item: Leftovers\n|upkeep\n|turn|2\n|inactive|okkokakisatanique has 120 seconds left.\n|\n|t:|1700473692\n|move|p2a: Dragapult|Will-O-Wisp|p1a: Breloom\n|-status|p1a: Breloom|brn\n|move|p1a: Breloom|Rock Tomb|p2a: Dragapult\n|-end|p2a: Dragapult|Substitute\n|\n|-heal|p2a: Dragapult|88\/100|[from] item: Leftovers\n|-damage|p1a: Breloom|94\/100 brn|[from] brn\n|upkeep\n|turn|3\n|\n|t:|1700473706\n|move|p2a: Dragapult|Substitute|p2a: Dragapult\n|-start|p2a: Dragapult|Substitute\n|-damage|p2a: Dragapult|63\/100\n|move|p1a: Breloom|Rock Tomb|p2a: Dragapult|[miss]\n|-miss|p1a: Breloom|p2a: Dragapult\n|\n|-heal|p2a: Dragapult|69\/100|[from] item: Leftovers\n|-damage|p1a: Breloom|88\/100 brn|[from] brn\n|upkeep\n|turn|4\n|\n|t:|1700473715\n|move|p2a: Dragapult|Dragon Darts|p1a: Breloom\n|-damage|p1a: Breloom|53\/100 brn\n|-anim|p2a: Dragapult|Dragon Darts|p1a: Breloom\n|-damage|p1a: Breloom|20\/100 brn\n|move|p1a: Breloom|Rock Tomb|p2a: Dragapult\n|-crit|p2a: Dragapult\n|-end|p2a: Dragapult|Substitute\n|\n|-heal|p2a: Dragapult|75\/100|[from] item: Leftovers\n|-damage|p1a: Breloom|14\/100 brn|[from] brn\n|upkeep\n|turn|5\n|\n|t:|1700473727\n|move|p2a: Dragapult|Hex|p1a: Breloom\n|-damage|p1a: Breloom|0 fnt\n|faint|p1a: Breloom\n|\n|-heal|p2a: Dragapult|81\/100|[from] item: Leftovers\n|upkeep\n|\n|t:|1700473731\n|switch|p1a: Ceruledge|Ceruledge, F|100\/100\n|turn|6\n|\n|t:|1700473739\n|switch|p2a: Quagsire|Quagsire, F|100\/100\n|move|p1a: Ceruledge|Shadow Sneak|p2a: Quagsire\n|-damage|p2a: Quagsire|86\/100\n|\n|upkeep\n|turn|7\n|\n|t:|1700473745\n|switch|p1a: Ogerpon|Ogerpon-Wellspring, F|100\/100\n|move|p2a: Quagsire|Toxic|p1a: Ogerpon\n|-status|p1a: Ogerpon|tox\n|\n|-damage|p1a: Ogerpon|95\/100 tox|[from] psn\n|upkeep\n|turn|8\n|\n|t:|1700473753\n|switch|p2a: Clefable|Clefable, F|100\/100\n|move|p1a: Ogerpon|Swords Dance|p1a: Ogerpon\n|-boost|p1a: Ogerpon|atk|2\n|\n|-damage|p1a: Ogerpon|83\/100 tox|[from] psn\n|upkeep\n|turn|9\n|\n|t:|1700473771\n|move|p1a: Ogerpon|Ivy Cudgel|p2a: Clefable|[anim] Ivy Cudgel Water\n|-crit|p2a: Clefable\n|-damage|p2a: Clefable|0 fnt\n|faint|p2a: Clefable\n|\n|-damage|p1a: Ogerpon|65\/100 tox|[from] psn\n|upkeep\n|\n|t:|1700473782\n|switch|p2a: Dragapult|Dragapult, M|81\/100\n|turn|10\n|\n|t:|1700473785\n|move|p2a: Dragapult|Hex|p1a: Ogerpon\n|-damage|p1a: Ogerpon|1\/100 tox\n|move|p1a: Ogerpon|Ivy Cudgel|p2a: Dragapult|[anim] Ivy Cudgel Water\n|-resisted|p2a: Dragapult\n|-damage|p2a: Dragapult|0 fnt\n|faint|p2a: Dragapult\n|\n|-damage|p1a: Ogerpon|0 fnt|[from] psn\n|faint|p1a: Ogerpon\n|upkeep\n|\n|t:|1700473802\n|switch|p2a: Skeledirge|Skeledirge, M|100\/100\n|switch|p1a: Ceruledge|Ceruledge, F|100\/100\n|turn|11\n|\n|t:|1700473811\n|switch|p1a: Enamorus|Enamorus, F|100\/100\n|-terastallize|p2a: Skeledirge|Water\n|move|p2a: Skeledirge|Torch Song|p1a: Enamorus\n|-damage|p1a: Enamorus|59\/100\n|-boost|p2a: Skeledirge|spa|1\n|\n|upkeep\n|turn|12\n|\n|t:|1700473819\n|move|p1a: Enamorus|Moonblast|p2a: Skeledirge\n|-damage|p2a: Skeledirge|36\/100\n|move|p2a: Skeledirge|Torch Song|p1a: Enamorus\n|-damage|p1a: Enamorus|0 fnt\n|-boost|p2a: Skeledirge|spa|1\n|faint|p1a: Enamorus\n|\n|upkeep\n|\n|t:|1700473827\n|switch|p1a: Kingambit|Kingambit, F|100\/100\n|-activate|p1a: Kingambit|ability: Supreme Overlord\n|-start|p1a: Kingambit|fallen3|[silent]\n|turn|13\n|\n|t:|1700473832\n|move|p2a: Skeledirge|Will-O-Wisp|p1a: Kingambit\n|-status|p1a: Kingambit|brn\n|move|p1a: Kingambit|Kowtow Cleave|p2a: Skeledirge\n|-damage|p2a: Skeledirge|7\/100\n|\n|-damage|p1a: Kingambit|94\/100 brn|[from] brn\n|upkeep\n|turn|14\n|\n|t:|1700473839\n|move|p1a: Kingambit|Sucker Punch||[still]\n|-fail|p1a: Kingambit\n|move|p2a: Skeledirge|Slack Off|p2a: Skeledirge\n|-heal|p2a: Skeledirge|57\/100\n|\n|-damage|p1a: Kingambit|88\/100 brn|[from] brn\n|upkeep\n|turn|15\n|\n|t:|1700473846\n|-end|p1a: Kingambit|fallen3|[silent]\n|switch|p1a: Great Tusk|Great Tusk|100\/100\n|-enditem|p1a: Great Tusk|Booster Energy\n|-activate|p1a: Great Tusk|ability: Protosynthesis|[fromitem]\n|-start|p1a: Great Tusk|protosynthesisatk\n|move|p2a: Skeledirge|Slack Off|p2a: Skeledirge\n|-heal|p2a: Skeledirge|100\/100\n|\n|upkeep\n|turn|16\n|\n|t:|1700473853\n|move|p1a: Great Tusk|Headlong Rush|p2a: Skeledirge\n|-damage|p2a: Skeledirge|41\/100\n|-unboost|p1a: Great Tusk|def|1\n|-unboost|p1a: Great Tusk|spd|1\n|move|p2a: Skeledirge|Will-O-Wisp|p1a: Great Tusk\n|-status|p1a: Great Tusk|brn\n|\n|-damage|p1a: Great Tusk|94\/100 brn|[from] brn\n|upkeep\n|turn|17\n|\n|t:|1700473871\n|move|p1a: Great Tusk|Headlong Rush|p2a: Skeledirge\n|-damage|p2a: Skeledirge|13\/100\n|-unboost|p1a: Great Tusk|def|1\n|-unboost|p1a: Great Tusk|spd|1\n|move|p2a: Skeledirge|Slack Off|p2a: Skeledirge\n|-heal|p2a: Skeledirge|63\/100\n|\n|-damage|p1a: Great Tusk|88\/100 brn|[from] brn\n|upkeep\n|turn|18\n|\n|t:|1700473884\n|move|p1a: Great Tusk|Headlong Rush|p2a: Skeledirge\n|-damage|p2a: Skeledirge|33\/100\n|-unboost|p1a: Great Tusk|def|1\n|-unboost|p1a: Great Tusk|spd|1\n|move|p2a: Skeledirge|Slack Off|p2a: Skeledirge\n|-heal|p2a: Skeledirge|83\/100\n|\n|-damage|p1a: Great Tusk|82\/100 brn|[from] brn\n|upkeep\n|turn|19\n|\n|t:|1700473893\n|move|p1a: Great Tusk|Rapid Spin|p2a: Skeledirge\n|-damage|p2a: Skeledirge|75\/100\n|-boost|p1a: Great Tusk|spe|1\n|move|p2a: Skeledirge|Torch Song|p1a: Great Tusk\n|-damage|p1a: Great Tusk|0 fnt\n|-boost|p2a: Skeledirge|spa|1\n|faint|p1a: Great Tusk\n|-end|p1a: Great Tusk|Protosynthesis|[silent]\n|\n|upkeep\n|-message|okkokakisatanique forfeited.\n|\n|win|Bolanero\n|raw|okkokakisatanique's rating: 1493 &rarr; <strong>1479<\/strong><br \/>(-14 for losing)\n|raw|Bolanero's rating: 1594 &rarr; <strong>1608<\/strong><br \/>(+14 for winning)\n|l|\u2606okkokakisatanique\n","uploadtime":1700474070,"views":20,"p1id":"okkokakisatanique","p2id":"bolanero","formatid":"gen9ou","rating":1479,"private":0,"password":""}