{"id":"gen9ou-1989505378","p1":"Shogo51","p2":"wyverbal","format":"[Gen 9] OU","log":"|j|\u2606Shogo51\n|j|\u2606wyverbal\n|t:|1699862157\n|gametype|singles\n|player|p1|Shogo51|102|1165\n|player|p2|wyverbal|101|1145\n|teamsize|p1|6\n|teamsize|p2|6\n|gen|9\n|tier|[Gen 9] OU\n|rated|\n|rule|Sleep Clause Mod: Limit one foe put to sleep\n|rule|Species Clause: Limit one of each Pok\u00e9mon\n|rule|OHKO Clause: OHKO moves are banned\n|rule|Evasion Items Clause: Evasion items are banned\n|rule|Evasion Moves Clause: Evasion moves are banned\n|rule|Endless Battle Clause: Forcing endless battles is banned\n|rule|HP Percentage Mod: HP is shown in percentages\n|clearpoke\n|poke|p1|Dragapult, M|\n|poke|p1|Grimmsnarl, M|\n|poke|p1|Corviknight, M|\n|poke|p1|Quagsire, F|\n|poke|p1|Iron Moth|\n|poke|p1|Iron Valiant|\n|poke|p2|Zamazenta-*|\n|poke|p2|Kommo-o, F|\n|poke|p2|Ceruledge, F|\n|poke|p2|Tornadus, M|\n|poke|p2|Greninja-*, M|\n|poke|p2|Sandslash, M|\n|teampreview\n|inactive|Battle timer is ON: inactive players will automatically lose when time's up. (requested by wyverbal)\n|\n|t:|1699862171\n|start\n|switch|p1a: Dragapult|Dragapult, M|100\/100\n|switch|p2a: Tornadus|Tornadus, M, shiny|100\/100\n|turn|1\n|\n|t:|1699862182\n|switch|p1a: Corviknight|Corviknight, M|100\/100\n|move|p2a: Tornadus|Bleakwind Storm|p1a: Corviknight\n|-resisted|p1a: Corviknight\n|-damage|p1a: Corviknight|77\/100\n|-ability|p1a: Corviknight|Mirror Armor\n|-unboost|p2a: Tornadus|spe|1\n|\n|upkeep\n|turn|2\n|\n|t:|1699862192\n|move|p2a: Tornadus|Taunt|p1a: Corviknight\n|-start|p1a: Corviknight|move: Taunt\n|cant|p1a: Corviknight|move: Taunt|Roost\n|\n|upkeep\n|turn|3\n|\n|t:|1699862201\n|move|p2a: Tornadus|Sandstorm|p2a: Tornadus\n|-weather|Sandstorm\n|move|p1a: Corviknight|U-turn|p2a: Tornadus\n|-resisted|p2a: Tornadus\n|-damage|p2a: Tornadus|89\/100\n|\n|t:|1699862215\n|switch|p1a: Quagsire|Quagsire, F|100\/100|[from] U-turn\n|\n|-weather|Sandstorm|[upkeep]\n|-damage|p2a: Tornadus|83\/100|[from] Sandstorm\n|upkeep\n|turn|4\n|\n|t:|1699862229\n|switch|p1a: Grimmsnarl|Grimmsnarl, M|100\/100\n|move|p2a: Tornadus|Taunt|p1a: Grimmsnarl\n|-hint|Since gen 7, Dark is immune to Prankster moves.\n|-immune|p1a: Grimmsnarl\n|\n|-weather|Sandstorm|[upkeep]\n|-damage|p2a: Tornadus|77\/100|[from] Sandstorm\n|-damage|p1a: Grimmsnarl|94\/100|[from] Sandstorm\n|upkeep\n|turn|5\n|\n|t:|1699862242\n|move|p1a: Grimmsnarl|Taunt|p2a: Tornadus\n|-start|p2a: Tornadus|move: Taunt\n|move|p2a: Tornadus|Bleakwind Storm|p1a: Grimmsnarl|[miss]\n|-miss|p2a: Tornadus|p1a: Grimmsnarl\n|\n|-weather|Sandstorm|[upkeep]\n|-damage|p2a: Tornadus|71\/100|[from] Sandstorm\n|-damage|p1a: Grimmsnarl|88\/100|[from] Sandstorm\n|upkeep\n|turn|6\n|\n|t:|1699862251\n|move|p1a: Grimmsnarl|Parting Shot|p2a: Tornadus\n|-unboost|p2a: Tornadus|atk|1\n|-unboost|p2a: Tornadus|spa|1\n|\n|t:|1699862256\n|switch|p1a: Corviknight|Corviknight, M|77\/100|[from] Parting Shot\n|move|p2a: Tornadus|Bleakwind Storm|p1a: Corviknight\n|-resisted|p1a: Corviknight\n|-damage|p1a: Corviknight|61\/100\n|-ability|p1a: Corviknight|Mirror Armor\n|-unboost|p2a: Tornadus|spe|1\n|\n|-weather|Sandstorm|[upkeep]\n|-damage|p2a: Tornadus|65\/100|[from] Sandstorm\n|upkeep\n|turn|7\n|inactive|wyverbal has 120 seconds left.\n|\n|t:|1699862291\n|switch|p2a: Sandslash|Sandslash, M, shiny|100\/100\n|move|p1a: Corviknight|Roost|p1a: Corviknight\n|-heal|p1a: Corviknight|100\/100\n|-singleturn|p1a: Corviknight|move: Roost\n|\n|-weather|Sandstorm|[upkeep]\n|upkeep\n|turn|8\n|\n|t:|1699862303\n|move|p2a: Sandslash|Rapid Spin|p1a: Corviknight\n|-resisted|p1a: Corviknight\n|-damage|p1a: Corviknight|96\/100\n|-boost|p2a: Sandslash|spe|1\n|move|p1a: Corviknight|Body Press|p2a: Sandslash\n|-damage|p2a: Sandslash|73\/100\n|\n|-weather|Sandstorm|[upkeep]\n|upkeep\n|turn|9\n|\n|t:|1699862309\n|move|p2a: Sandslash|Smack Down|p1a: Corviknight\n|-damage|p1a: Corviknight|87\/100\n|-start|p1a: Corviknight|Smack Down\n|move|p1a: Corviknight|U-turn|p2a: Sandslash\n|-damage|p2a: Sandslash|59\/100\n|\n|t:|1699862313\n|switch|p1a: Quagsire|Quagsire, F|100\/100|[from] U-turn\n|\n|-weather|Sandstorm|[upkeep]\n|upkeep\n|turn|10\n|\n|t:|1699862337\n|switch|p2a: Greninja|Greninja, M|100\/100\n|move|p1a: Quagsire|Counter||[still]\n|-fail|p1a: Quagsire\n|\n|-weather|none\n|upkeep\n|turn|11\n|\n|t:|1699862345\n|switch|p1a: Corviknight|Corviknight, M|87\/100\n|move|p2a: Greninja|Surf|p1a: Corviknight\n|-damage|p1a: Corviknight|38\/100\n|\n|upkeep\n|turn|12\n|\n|t:|1699862357\n|switch|p1a: Dragapult|Dragapult, M|100\/100\n|move|p2a: Greninja|Surf|p1a: Dragapult\n|-resisted|p1a: Dragapult\n|-damage|p1a: Dragapult|65\/100\n|\n|upkeep\n|turn|13\n|\n|t:|1699862371\n|move|p1a: Dragapult|U-turn|p2a: Greninja\n|-supereffective|p2a: Greninja\n|-damage|p2a: Greninja|13\/100\n|\n|t:|1699862379\n|switch|p1a: Quagsire|Quagsire, F|100\/100|[from] U-turn\n|move|p2a: Greninja|Ice Beam|p1a: Quagsire\n|-damage|p1a: Quagsire|80\/100\n|\n|-heal|p1a: Quagsire|87\/100|[from] item: Leftovers\n|upkeep\n|turn|14\n|\n|t:|1699862390\n|move|p2a: Greninja|Surf|p1a: Quagsire\n|-damage|p1a: Quagsire|45\/100\n|move|p1a: Quagsire|Toxic|p2a: Greninja\n|-status|p2a: Greninja|tox\n|\n|-heal|p1a: Quagsire|51\/100|[from] item: Leftovers\n|-damage|p2a: Greninja|8\/100 tox|[from] psn\n|upkeep\n|turn|15\n|\n|t:|1699862406\n|move|p2a: Greninja|Surf|p1a: Quagsire\n|-damage|p1a: Quagsire|15\/100\n|move|p1a: Quagsire|Toxic|p2a: Greninja\n|-fail|p2a: Greninja|tox\n|\n|-heal|p1a: Quagsire|21\/100|[from] item: Leftovers\n|-damage|p2a: Greninja|0 fnt|[from] psn\n|faint|p2a: Greninja\n|upkeep\n|inactive|wyverbal has 120 seconds left.\n|\n|t:|1699862433\n|switch|p2a: Zamazenta|Zamazenta, shiny|100\/100\n|-ability|p2a: Zamazenta|Dauntless Shield|boost\n|-boost|p2a: Zamazenta|def|1\n|turn|16\n|\n|t:|1699862439\n|move|p2a: Zamazenta|Reflect|p2a: Zamazenta\n|-sidestart|p2: wyverbal|Reflect\n|move|p1a: Quagsire|Toxic|p2a: Zamazenta\n|-status|p2a: Zamazenta|tox\n|\n|-heal|p1a: Quagsire|27\/100|[from] item: Leftovers\n|-damage|p2a: Zamazenta|94\/100 tox|[from] psn\n|upkeep\n|turn|17\n|\n|t:|1699862447\n|move|p2a: Zamazenta|Light Screen|p2a: Zamazenta\n|-sidestart|p2: wyverbal|move: Light Screen\n|move|p1a: Quagsire|Counter||[still]\n|-fail|p1a: Quagsire\n|\n|-heal|p1a: Quagsire|33\/100|[from] item: Leftovers\n|-damage|p2a: Zamazenta|82\/100 tox|[from] psn\n|upkeep\n|turn|18\n|\n|t:|1699862455\n|switch|p2a: Kommo-o|Kommo-o, F, shiny|100\/100\n|switch|p1a: Corviknight|Corviknight, M|38\/100\n|\n|upkeep\n|turn|19\n|\n|t:|1699862460\n|move|p2a: Kommo-o|Iron Defense|p2a: Kommo-o\n|-boost|p2a: Kommo-o|def|2\n|move|p1a: Corviknight|Defog|p2a: Kommo-o\n|-unboost|p2a: Kommo-o|evasion|1\n|-sideend|p2: wyverbal|Reflect\n|-sideend|p2: wyverbal|move: Light Screen\n|\n|upkeep\n|turn|20\n|\n|t:|1699862468\n|move|p2a: Kommo-o|Iron Defense|p2a: Kommo-o\n|-boost|p2a: Kommo-o|def|2\n|move|p1a: Corviknight|Roost|p1a: Corviknight\n|-heal|p1a: Corviknight|88\/100\n|-singleturn|p1a: Corviknight|move: Roost\n|\n|upkeep\n|turn|21\n|\n|t:|1699862475\n|switch|p1a: Quagsire|Quagsire, F|33\/100\n|move|p2a: Kommo-o|Iron Defense|p2a: Kommo-o\n|-boost|p2a: Kommo-o|def|2\n|\n|-heal|p1a: Quagsire|39\/100|[from] item: Leftovers\n|upkeep\n|turn|22\n|\n|t:|1699862489\n|-terastallize|p2a: Kommo-o|Steel\n|move|p2a: Kommo-o|Body Press|p1a: Quagsire\n|-damage|p1a: Quagsire|0 fnt\n|faint|p1a: Quagsire\n|\n|upkeep\n|\n|t:|1699862496\n|switch|p1a: Iron Moth|Iron Moth|100\/100\n|-item|p1a: Iron Moth|Air Balloon\n|turn|23\n|\n|t:|1699862500\n|move|p1a: Iron Moth|Fiery Dance|p2a: Kommo-o\n|-supereffective|p2a: Kommo-o\n|-damage|p2a: Kommo-o|24\/100\n|move|p2a: Kommo-o|Body Press|p1a: Iron Moth\n|-resisted|p1a: Iron Moth\n|-crit|p1a: Iron Moth\n|-damage|p1a: Iron Moth|0 fnt\n|-enditem|p1a: Iron Moth|Air Balloon\n|faint|p1a: Iron Moth\n|-end|p1a: Iron Moth|Quark Drive|[silent]\n|\n|upkeep\n|\n|t:|1699862528\n|switch|p1a: Corviknight|Corviknight, M|88\/100\n|turn|24\n|\n|t:|1699862534\n|move|p2a: Kommo-o|Rest|p2a: Kommo-o\n|-status|p2a: Kommo-o|slp|[from] move: Rest\n|-heal|p2a: Kommo-o|100\/100 slp|[silent]\n|-enditem|p2a: Kommo-o|Chesto Berry|[eat]\n|-curestatus|p2a: Kommo-o|slp|[msg]\n|move|p1a: Corviknight|Body Press|p2a: Kommo-o\n|-supereffective|p2a: Kommo-o\n|-damage|p2a: Kommo-o|92\/100\n|\n|upkeep\n|turn|25\n|\n|t:|1699862544\n|move|p2a: Kommo-o|Body Press|p1a: Corviknight\n|-damage|p1a: Corviknight|0 fnt\n|faint|p1a: Corviknight\n|\n|upkeep\n|\n|t:|1699862547\n|switch|p1a: Iron Valiant|Iron Valiant|100\/100\n|-enditem|p1a: Iron Valiant|Booster Energy\n|-activate|p1a: Iron Valiant|ability: Quark Drive|[fromitem]\n|-start|p1a: Iron Valiant|quarkdrivespe\n|turn|26\n|\n|t:|1699862552\n|move|p1a: Iron Valiant|Aura Sphere|p2a: Kommo-o\n|-immune|p2a: Kommo-o|[from] ability: Bulletproof\n|move|p2a: Kommo-o|Body Press|p1a: Iron Valiant\n|-resisted|p1a: Iron Valiant\n|-damage|p1a: Iron Valiant|0 fnt\n|faint|p1a: Iron Valiant\n|-end|p1a: Iron Valiant|Quark Drive|[silent]\n|\n|upkeep\n|\n|t:|1699862556\n|switch|p1a: Dragapult|Dragapult, M|65\/100\n|turn|27\n|\n|t:|1699862564\n|move|p1a: Dragapult|Dragon Dance|p1a: Dragapult\n|-boost|p1a: Dragapult|atk|1\n|-boost|p1a: Dragapult|spe|1\n|move|p2a: Kommo-o|Dragon Tail|p1a: Dragapult|[miss]\n|-miss|p2a: Kommo-o|p1a: Dragapult\n|\n|upkeep\n|turn|28\n|\n|t:|1699862575\n|move|p1a: Dragapult|Outrage|p2a: Kommo-o\n|-resisted|p2a: Kommo-o\n|-damage|p2a: Kommo-o|85\/100\n|move|p2a: Kommo-o|Dragon Tail|p1a: Dragapult\n|-supereffective|p1a: Dragapult\n|-damage|p1a: Dragapult|6\/100\n|drag|p1a: Grimmsnarl|Grimmsnarl, M|88\/100\n|\n|upkeep\n|turn|29\n|c|\u2606wyverbal|gg\n|\n|t:|1699862583\n|move|p1a: Grimmsnarl|Reflect|p1a: Grimmsnarl\n|-sidestart|p1: Shogo51|Reflect\n|move|p2a: Kommo-o|Body Press|p1a: Grimmsnarl\n|-crit|p1a: Grimmsnarl\n|-damage|p1a: Grimmsnarl|0 fnt\n|faint|p1a: Grimmsnarl\n|\n|upkeep\n|\n|t:|1699862585\n|switch|p1a: Dragapult|Dragapult, M|6\/100\n|turn|30\n|\n|t:|1699862591\n|move|p1a: Dragapult|Acrobatics|p2a: Kommo-o\n|-resisted|p2a: Kommo-o\n|-damage|p2a: Kommo-o|83\/100\n|move|p2a: Kommo-o|Dragon Tail|p1a: Dragapult\n|-supereffective|p1a: Dragapult\n|-damage|p1a: Dragapult|0 fnt\n|faint|p1a: Dragapult\n|\n|win|wyverbal\n|raw|Shogo51's rating: 1165 &rarr; <strong>1139<\/strong><br \/>(-26 for losing)\n|raw|wyverbal's rating: 1145 &rarr; <strong>1171<\/strong><br \/>(+26 for winning)\n|l|\u2606Shogo51\n","uploadtime":1699862600,"views":8,"p1id":"shogo51","p2id":"wyverbal","formatid":"gen9ou","rating":1139,"private":0,"password":""}