{"id":"gen9ou-1998152888","p1":"PK~Hunter\u2606","p2":"noedolekcin","format":"[Gen 9] OU","log":"|j|\u2606PK~Hunter\u2606\n|j|\u2606noedolekcin\n|t:|1700901684\n|gametype|singles\n|player|p1|PK~Hunter\u2606|steven|1029\n|player|p2|noedolekcin|266|1025\n|teamsize|p1|6\n|teamsize|p2|6\n|gen|9\n|tier|[Gen 9] OU\n|rated|\n|rule|Sleep Clause Mod: Limit one foe put to sleep\n|rule|Species Clause: Limit one of each Pok\u00e9mon\n|rule|OHKO Clause: OHKO moves are banned\n|rule|Evasion Items Clause: Evasion items are banned\n|rule|Evasion Moves Clause: Evasion moves are banned\n|rule|Endless Battle Clause: Forcing endless battles is banned\n|rule|HP Percentage Mod: HP is shown in percentages\n|clearpoke\n|poke|p1|Cinderace, F|\n|poke|p1|Klefki, M|\n|poke|p1|Zapdos|\n|poke|p1|Crawdaunt, F|\n|poke|p1|Amoonguss, M|\n|poke|p1|Ambipom, M|\n|poke|p2|Gholdengo|\n|poke|p2|Dragonite, F|\n|poke|p2|Ogerpon-Wellspring, F|\n|poke|p2|Slowking-Galar, M|\n|poke|p2|Cinderace, M|\n|poke|p2|Dondozo, F|\n|teampreview\n|\n|t:|1700901692\n|start\n|switch|p1a: Crawdaunt|Crawdaunt, F|100\/100\n|switch|p2a: Cinderace|Cinderace, M|100\/100\n|turn|1\n|\n|t:|1700901699\n|-terastallize|p1a: Crawdaunt|Water\n|move|p2a: Cinderace|High Jump Kick|p1a: Crawdaunt\n|-start|p2a: Cinderace|typechange|Fighting|[from] ability: Libero\n|-damage|p1a: Crawdaunt|2\/100\n|move|p1a: Crawdaunt|Dragon Dance|p1a: Crawdaunt\n|-boost|p1a: Crawdaunt|atk|1\n|-boost|p1a: Crawdaunt|spe|1\n|\n|upkeep\n|turn|2\n|\n|t:|1700901706\n|move|p1a: Crawdaunt|Liquidation|p2a: Cinderace\n|-damage|p2a: Cinderace|0 fnt\n|faint|p2a: Cinderace\n|-damage|p1a: Crawdaunt|0 fnt|[from] item: Life Orb\n|faint|p1a: Crawdaunt\n|\n|upkeep\n|\n|t:|1700901714\n|switch|p2a: Ogerpon|Ogerpon-Wellspring, F|100\/100\n|switch|p1a: Ambipom|Ambipom, M|100\/100\n|turn|3\n|\n|t:|1700901718\n|move|p1a: Ambipom|Fake Out|p2a: Ogerpon\n|-damage|p2a: Ogerpon|70\/100\n|cant|p2a: Ogerpon|flinch\n|\n|upkeep\n|turn|4\n|\n|t:|1700901723\n|move|p1a: Ambipom|Last Resort|p2a: Ogerpon\n|-damage|p2a: Ogerpon|6\/100\n|move|p2a: Ogerpon|Brick Break|p1a: Ambipom\n|-supereffective|p1a: Ambipom\n|-damage|p1a: Ambipom|0 fnt\n|faint|p1a: Ambipom\n|\n|upkeep\n|\n|t:|1700901731\n|switch|p1a: Cinderace|Cinderace, F|100\/100\n|turn|5\n|\n|t:|1700901739\n|switch|p2a: Slowking|Slowking-Galar, M|100\/100\n|move|p1a: Cinderace|Pyro Ball|p2a: Slowking\n|-damage|p2a: Slowking|53\/100\n|\n|upkeep\n|turn|6\n|\n|t:|1700901747\n|move|p1a: Cinderace|Pyro Ball|p2a: Slowking\n|-damage|p2a: Slowking|7\/100\n|move|p2a: Slowking|Eerie Spell|p1a: Cinderace\n|-damage|p1a: Cinderace|63\/100\n|-activate|p1a: Cinderace|move: Eerie Spell|Pyro Ball|3\n|\n|upkeep\n|turn|7\n|\n|t:|1700901754\n|move|p1a: Cinderace|Pyro Ball|p2a: Slowking\n|-damage|p2a: Slowking|0 fnt\n|faint|p2a: Slowking\n|\n|upkeep\n|\n|t:|1700901757\n|switch|p2a: Dondozo|Dondozo, F|100\/100\n|turn|8\n|\n|t:|1700901761\n|move|p1a: Cinderace|High Jump Kick|p2a: Dondozo\n|-damage|p2a: Dondozo|79\/100\n|move|p2a: Dondozo|Aqua Tail|p1a: Cinderace\n|-supereffective|p1a: Cinderace\n|-damage|p1a: Cinderace|0 fnt\n|faint|p1a: Cinderace\n|\n|upkeep\n|\n|t:|1700901764\n|switch|p1a: Amoonguss|Amoonguss, M|100\/100\n|turn|9\n|\n|t:|1700901772\n|move|p2a: Dondozo|Ice Fang|p1a: Amoonguss\n|-supereffective|p1a: Amoonguss\n|-damage|p1a: Amoonguss|61\/100\n|-damage|p2a: Dondozo|62\/100|[from] item: Rocky Helmet|[of] p1a: Amoonguss\n|move|p1a: Amoonguss|Spore|p2a: Dondozo\n|-status|p2a: Dondozo|slp|[from] move: Spore\n|\n|upkeep\n|turn|10\n|\n|t:|1700901779\n|switch|p2a: Dragonite|Dragonite, F, shiny|100\/100\n|move|p1a: Amoonguss|Giga Drain|p2a: Dragonite\n|-resisted|p2a: Dragonite\n|-damage|p2a: Dragonite|93\/100\n|-heal|p1a: Amoonguss|64\/100|[from] drain|[of] p2a: Dragonite\n|\n|-heal|p2a: Dragonite|99\/100|[from] item: Leftovers\n|upkeep\n|turn|11\n|\n|t:|1700901785\n|move|p2a: Dragonite|Air Slash|p1a: Amoonguss\n|-supereffective|p1a: Amoonguss\n|-damage|p1a: Amoonguss|18\/100\n|cant|p1a: Amoonguss|flinch\n|\n|-heal|p2a: Dragonite|100\/100|[from] item: Leftovers\n|upkeep\n|turn|12\n|\n|t:|1700901794\n|move|p2a: Dragonite|Air Slash|p1a: Amoonguss\n|-supereffective|p1a: Amoonguss\n|-damage|p1a: Amoonguss|0 fnt\n|faint|p1a: Amoonguss\n|\n|upkeep\n|\n|t:|1700901795\n|switch|p1a: Klefki|Klefki, M|100\/100\n|turn|13\n|\n|t:|1700901809\n|switch|p2a: Ogerpon|Ogerpon-Wellspring, F|6\/100\n|move|p1a: Klefki|Rain Dance|p1a: Klefki\n|-weather|RainDance\n|\n|-weather|RainDance|[upkeep]\n|upkeep\n|turn|14\n|\n|t:|1700901821\n|move|p1a: Klefki|Spikes|p2a: Ogerpon\n|-sidestart|p2: noedolekcin|Spikes\n|move|p2a: Ogerpon|Brick Break|p1a: Klefki\n|-damage|p1a: Klefki|74\/100\n|\n|-weather|RainDance|[upkeep]\n|upkeep\n|turn|15\n|\n|t:|1700901828\n|move|p1a: Klefki|Spikes|p2a: Ogerpon\n|-sidestart|p2: noedolekcin|Spikes\n|move|p2a: Ogerpon|Counter||[still]\n|-fail|p2a: Ogerpon\n|\n|-weather|RainDance|[upkeep]\n|upkeep\n|turn|16\n|\n|t:|1700901833\n|move|p1a: Klefki|Spikes|p2a: Ogerpon\n|-sidestart|p2: noedolekcin|Spikes\n|move|p2a: Ogerpon|Counter||[still]\n|-fail|p2a: Ogerpon\n|\n|-weather|RainDance|[upkeep]\n|upkeep\n|turn|17\n|\n|t:|1700901838\n|move|p2a: Ogerpon|Brick Break|p1a: Klefki\n|-damage|p1a: Klefki|48\/100\n|move|p1a: Klefki|Foul Play|p2a: Ogerpon\n|-damage|p2a: Ogerpon|0 fnt\n|faint|p2a: Ogerpon\n|\n|-weather|RainDance|[upkeep]\n|upkeep\n|\n|t:|1700901845\n|switch|p2a: Dragonite|Dragonite, F, shiny|100\/100\n|turn|18\n|\n|t:|1700901856\n|move|p2a: Dragonite|Air Slash|p1a: Klefki|[miss]\n|-miss|p2a: Dragonite|p1a: Klefki\n|move|p1a: Klefki|Foul Play|p2a: Dragonite\n|-damage|p2a: Dragonite|70\/100\n|\n|-weather|RainDance|[upkeep]\n|-heal|p2a: Dragonite|76\/100|[from] item: Leftovers\n|upkeep\n|turn|19\n|\n|t:|1700901860\n|move|p2a: Dragonite|Air Slash|p1a: Klefki\n|-resisted|p1a: Klefki\n|-damage|p1a: Klefki|33\/100\n|move|p1a: Klefki|Foul Play|p2a: Dragonite\n|-damage|p2a: Dragonite|45\/100\n|\n|-weather|RainDance|[upkeep]\n|-heal|p2a: Dragonite|51\/100|[from] item: Leftovers\n|upkeep\n|turn|20\n|\n|t:|1700901867\n|-terastallize|p2a: Dragonite|Fairy\n|move|p2a: Dragonite|Blizzard|p1a: Klefki\n|-resisted|p1a: Klefki\n|-damage|p1a: Klefki|18\/100\n|-status|p1a: Klefki|frz\n|-curestatus|p1a: Klefki|frz|[msg]\n|move|p1a: Klefki|Foul Play|p2a: Dragonite\n|-resisted|p2a: Dragonite\n|-damage|p2a: Dragonite|38\/100\n|\n|-weather|none\n|-heal|p2a: Dragonite|44\/100|[from] item: Leftovers\n|upkeep\n|turn|21\n|\n|t:|1700901874\n|move|p1a: Klefki|Rain Dance|p1a: Klefki\n|-weather|RainDance\n|move|p2a: Dragonite|Draco Meteor|p1a: Klefki\n|-immune|p1a: Klefki\n|\n|-weather|RainDance|[upkeep]\n|-heal|p2a: Dragonite|50\/100|[from] item: Leftovers\n|upkeep\n|turn|22\n|\n|t:|1700901880\n|move|p1a: Klefki|Light Screen|p1a: Klefki\n|-sidestart|p1: PK~Hunter\u2606|move: Light Screen\n|move|p2a: Dragonite|Air Slash|p1a: Klefki\n|-resisted|p1a: Klefki\n|-damage|p1a: Klefki|10\/100\n|\n|-weather|RainDance|[upkeep]\n|-heal|p2a: Dragonite|56\/100|[from] item: Leftovers\n|upkeep\n|turn|23\n|\n|t:|1700901884\n|move|p2a: Dragonite|Blizzard|p1a: Klefki\n|-resisted|p1a: Klefki\n|-damage|p1a: Klefki|3\/100\n|move|p1a: Klefki|Foul Play|p2a: Dragonite\n|-resisted|p2a: Dragonite\n|-crit|p2a: Dragonite\n|-damage|p2a: Dragonite|33\/100\n|\n|-weather|RainDance|[upkeep]\n|-heal|p2a: Dragonite|39\/100|[from] item: Leftovers\n|upkeep\n|turn|24\n|\n|t:|1700901888\n|move|p2a: Dragonite|Air Slash|p1a: Klefki\n|-resisted|p1a: Klefki\n|-damage|p1a: Klefki|0 fnt\n|faint|p1a: Klefki\n|\n|-weather|RainDance|[upkeep]\n|-heal|p2a: Dragonite|46\/100|[from] item: Leftovers\n|upkeep\n|\n|t:|1700901890\n|switch|p1a: Zapdos|Zapdos|100\/100\n|turn|25\n|\n|t:|1700901897\n|move|p1a: Zapdos|Hurricane|p2a: Dragonite\n|-damage|p2a: Dragonite|0 fnt\n|faint|p2a: Dragonite\n|\n|-weather|RainDance|[upkeep]\n|upkeep\n|\n|t:|1700901901\n|switch|p2a: Gholdengo|Gholdengo|100\/100\n|-damage|p2a: Gholdengo|76\/100|[from] Spikes\n|turn|26\n|\n|t:|1700901906\n|move|p1a: Zapdos|Hurricane|p2a: Gholdengo\n|-resisted|p2a: Gholdengo\n|-damage|p2a: Gholdengo|50\/100\n|move|p2a: Gholdengo|Make It Rain|p1a: Zapdos\n|-resisted|p1a: Zapdos\n|-damage|p1a: Zapdos|90\/100\n|-unboost|p2a: Gholdengo|spa|1\n|\n|-weather|RainDance|[upkeep]\n|-sideend|p1: PK~Hunter\u2606|move: Light Screen\n|upkeep\n|turn|27\n|\n|t:|1700901918\n|move|p1a: Zapdos|Hurricane|p2a: Gholdengo\n|-resisted|p2a: Gholdengo\n|-crit|p2a: Gholdengo\n|-damage|p2a: Gholdengo|7\/100\n|move|p2a: Gholdengo|Hex|p1a: Zapdos\n|-damage|p1a: Zapdos|76\/100\n|\n|-weather|RainDance|[upkeep]\n|upkeep\n|turn|28\n|\n|t:|1700901925\n|switch|p2a: Dondozo|Dondozo, F|62\/100 slp\n|-damage|p2a: Dondozo|37\/100 slp|[from] Spikes\n|move|p1a: Zapdos|Hurricane|p2a: Dondozo\n|-damage|p2a: Dondozo|0 fnt\n|faint|p2a: Dondozo\n|\n|-weather|none\n|upkeep\n|\n|t:|1700901930\n|switch|p2a: Gholdengo|Gholdengo|7\/100\n|-damage|p2a: Gholdengo|0 fnt|[from] Spikes\n|faint|p2a: Gholdengo\n|\n|win|PK~Hunter\u2606\n|raw|PK~Hunter\u2606's rating: 1029 &rarr; <strong>1064<\/strong><br \/>(+35 for winning)\n|raw|noedolekcin's rating: 1025 &rarr; <strong>1011<\/strong><br \/>(-14 for losing)\n|l|\u2606noedolekcin\n","uploadtime":1700901939,"views":3,"p1id":"pkhunter","p2id":"noedolekcin","formatid":"gen9ou","rating":1011,"private":0,"password":""}