{"id":"gen9ou-1989336704","p1":"TheSilvySilv","p2":"darkrows","format":"[Gen 9] OU","log":"|j|\u2606TheSilvySilv\n|j|\u2606darkrows\n|t:|1699837868\n|gametype|singles\n|player|p1|TheSilvySilv|ghetsis|1704\n|player|p2|darkrows|170|1636\n|teamsize|p1|6\n|teamsize|p2|6\n|gen|9\n|tier|[Gen 9] OU\n|rated|\n|rule|Sleep Clause Mod: Limit one foe put to sleep\n|rule|Species Clause: Limit one of each Pok\u00e9mon\n|rule|OHKO Clause: OHKO moves are banned\n|rule|Evasion Items Clause: Evasion items are banned\n|rule|Evasion Moves Clause: Evasion moves are banned\n|rule|Endless Battle Clause: Forcing endless battles is banned\n|rule|HP Percentage Mod: HP is shown in percentages\n|clearpoke\n|poke|p1|Rillaboom, F|\n|poke|p1|Heatran, F|\n|poke|p1|Sneasler, M|\n|poke|p1|Ogerpon-Wellspring, F|\n|poke|p1|Landorus-Therian, M|\n|poke|p1|Gholdengo|\n|poke|p2|Greninja-*, M|\n|poke|p2|Gholdengo|\n|poke|p2|Great Tusk|\n|poke|p2|Sneasler, M|\n|poke|p2|Thundurus-Therian, M|\n|poke|p2|Goodra-Hisui, M|\n|teampreview\n|inactive|Battle timer is ON: inactive players will automatically lose when time's up. (requested by TheSilvySilv)\n|\n|t:|1699837877\n|start\n|switch|p1a: HEY SQUIDWARD|Ogerpon-Wellspring, F|100\/100\n|switch|p2a: Sneasler|Sneasler, M|100\/100\n|turn|1\n|\n|t:|1699837880\n|switch|p1a: Landorus|Landorus-Therian, M|100\/100\n|-ability|p1a: Landorus|Intimidate|boost\n|-unboost|p2a: Sneasler|atk|1\n|move|p2a: Sneasler|U-turn|p1a: Landorus\n|-resisted|p1a: Landorus\n|-damage|p1a: Landorus|91\/100\n|\n|t:|1699837892\n|switch|p2a: Greninja|Greninja, M|100\/100|[from] U-turn\n|\n|upkeep\n|turn|2\n|inactive|TheSilvySilv has 120 seconds left.\n|\n|t:|1699837941\n|switch|p1a: HEY SQUIDWARD|Ogerpon-Wellspring, F|100\/100\n|move|p2a: Greninja|Gunk Shot|p1a: HEY SQUIDWARD\n|-supereffective|p1a: HEY SQUIDWARD\n|-damage|p1a: HEY SQUIDWARD|0 fnt\n|faint|p1a: HEY SQUIDWARD\n|-ability|p2a: Greninja|Battle Bond|boost\n|-boost|p2a: Greninja|atk|1\n|-boost|p2a: Greninja|spa|1\n|-boost|p2a: Greninja|spe|1\n|-activate|p2a: Greninja|ability: Battle Bond\n|-damage|p2a: Greninja|91\/100|[from] item: Life Orb\n|\n|upkeep\n|c|\u2606TheSilvySilv|Cool\n|\n|t:|1699837949\n|switch|p1a: BOOM BOOM BOOM|Rillaboom, F|100\/100\n|-fieldstart|move: Grassy Terrain|[from] ability: Grassy Surge|[of] p1a: BOOM BOOM BOOM\n|turn|3\n|\n|t:|1699837955\n|-terastallize|p2a: Greninja|Poison\n|move|p1a: BOOM BOOM BOOM|Grassy Glide|p2a: Greninja\n|-resisted|p2a: Greninja\n|-damage|p2a: Greninja|52\/100\n|-damage|p1a: BOOM BOOM BOOM|91\/100|[from] item: Life Orb\n|move|p2a: Greninja|Gunk Shot|p1a: BOOM BOOM BOOM\n|-supereffective|p1a: BOOM BOOM BOOM\n|-damage|p1a: BOOM BOOM BOOM|0 fnt\n|faint|p1a: BOOM BOOM BOOM\n|-damage|p2a: Greninja|43\/100|[from] item: Life Orb\n|\n|-heal|p2a: Greninja|49\/100|[from] Grassy Terrain\n|upkeep\n|\n|t:|1699837968\n|switch|p1a: Landorus|Landorus-Therian, M|91\/100\n|-ability|p1a: Landorus|Intimidate|boost\n|-unboost|p2a: Greninja|atk|1\n|turn|4\n|\n|t:|1699837972\n|move|p2a: Greninja|Liquidation|p1a: Landorus\n|-supereffective|p1a: Landorus\n|-damage|p1a: Landorus|0 fnt\n|faint|p1a: Landorus\n|-damage|p2a: Greninja|39\/100|[from] item: Life Orb\n|\n|-heal|p2a: Greninja|45\/100|[from] Grassy Terrain\n|upkeep\n|\n|t:|1699837976\n|switch|p1a: 50%|Sneasler, M|100\/100\n|-enditem|p1a: 50%|Grassy Seed\n|-boost|p1a: 50%|def|1|[from] item: Grassy Seed\n|turn|5\n|inactive|TheSilvySilv has 120 seconds left.\n|\n|t:|1699838008\n|move|p1a: 50%|Close Combat|p2a: Greninja\n|-resisted|p2a: Greninja\n|-damage|p2a: Greninja|0 fnt\n|-unboost|p1a: 50%|def|1\n|-unboost|p1a: 50%|spd|1\n|faint|p2a: Greninja\n|\n|upkeep\n|\n|t:|1699838026\n|switch|p2a: Gholdengo|Gholdengo|100\/100\n|turn|6\n|\n|t:|1699838029\n|switch|p1a: DPP OU|Heatran, F|100\/100\n|move|p2a: Gholdengo|Thunder Wave|p1a: DPP OU\n|-status|p1a: DPP OU|par\n|\n|upkeep\n|turn|7\n|\n|t:|1699838036\n|switch|p2a: Sneasler|Sneasler, M|100\/100\n|cant|p1a: DPP OU|par\n|\n|-fieldend|move: Grassy Terrain\n|upkeep\n|turn|8\n|\n|t:|1699838044\n|move|p2a: Sneasler|Lash Out|p1a: DPP OU\n|-damage|p1a: DPP OU|77\/100 par\n|move|p1a: DPP OU|Magma Storm|p2a: Sneasler\n|-damage|p2a: Sneasler|40\/100\n|-activate|p2a: Sneasler|move: Magma Storm|[of] p1a: DPP OU\n|\n|-heal|p1a: DPP OU|83\/100 par|[from] item: Leftovers\n|-damage|p2a: Sneasler|27\/100|[from] move: Magma Storm|[partiallytrapped]\n|upkeep\n|turn|9\n|\n|t:|1699838049\n|switch|p1a: Gholdengo|Gholdengo|100\/100\n|-item|p1a: Gholdengo|Air Balloon\n|move|p2a: Sneasler|Lash Out|p1a: Gholdengo\n|-supereffective|p1a: Gholdengo\n|-damage|p1a: Gholdengo|64\/100\n|-enditem|p1a: Gholdengo|Air Balloon\n|\n|-end|p2a: Sneasler|Magma Storm|[partiallytrapped]|[silent]\n|upkeep\n|turn|10\n|\n|t:|1699838059\n|move|p2a: Sneasler|Lash Out|p1a: Gholdengo\n|-supereffective|p1a: Gholdengo\n|-damage|p1a: Gholdengo|24\/100\n|move|p1a: Gholdengo|Shadow Ball|p2a: Sneasler\n|-damage|p2a: Sneasler|0 fnt\n|faint|p2a: Sneasler\n|\n|upkeep\n|\n|t:|1699838062\n|switch|p2a: Thundurus|Thundurus-Therian, M|100\/100\n|turn|11\n|\n|t:|1699838069\n|move|p2a: Thundurus|Thunderbolt|p1a: Gholdengo\n|-damage|p1a: Gholdengo|0 fnt\n|faint|p1a: Gholdengo\n|\n|upkeep\n|\n|t:|1699838071\n|switch|p1a: DPP OU|Heatran, F|83\/100 par\n|turn|12\n|\n|t:|1699838074\n|move|p2a: Thundurus|Thunderbolt|p1a: DPP OU\n|-damage|p1a: DPP OU|31\/100 par\n|cant|p1a: DPP OU|par\n|\n|-heal|p1a: DPP OU|37\/100 par|[from] item: Leftovers\n|upkeep\n|turn|13\n|c|\u2606darkrows|gg\n|c|\u2606TheSilvySilv|Gg\n|inactive|TheSilvySilv has 120 seconds left.\n|c|\u2606TheSilvySilv|rng screwed me over so hard but eh it happens, cool gren set tho\n|c|\u2606darkrows|ty\n|\n|t:|1699838114\n|-terastallize|p1a: DPP OU|Grass\n|move|p2a: Thundurus|Thunderbolt|p1a: DPP OU\n|-resisted|p1a: DPP OU\n|-damage|p1a: DPP OU|13\/100 par\n|move|p1a: DPP OU|Magma Storm|p2a: Thundurus\n|-damage|p2a: Thundurus|35\/100\n|-activate|p2a: Thundurus|move: Magma Storm|[of] p1a: DPP OU\n|\n|-heal|p1a: DPP OU|19\/100 par|[from] item: Leftovers\n|-damage|p2a: Thundurus|23\/100|[from] move: Magma Storm|[partiallytrapped]\n|upkeep\n|turn|14\n|c|\u2606darkrows|you too\n|\n|t:|1699838130\n|move|p2a: Thundurus|Thunderbolt|p1a: DPP OU\n|-resisted|p1a: DPP OU\n|-damage|p1a: DPP OU|0 fnt\n|faint|p1a: DPP OU\n|\n|-end|p2a: Thundurus|Magma Storm|[partiallytrapped]|[silent]\n|upkeep\n|\n|t:|1699838132\n|switch|p1a: 50%|Sneasler, M|100\/100\n|turn|15\n|inactive|TheSilvySilv has 90 seconds left.\n|\n|t:|1699838170\n|move|p1a: 50%|Swords Dance|p1a: 50%\n|-boost|p1a: 50%|atk|2\n|move|p2a: Thundurus|Thunderbolt|p1a: 50%\n|-damage|p1a: 50%|5\/100\n|\n|upkeep\n|turn|16\n|\n|t:|1699838174\n|move|p1a: 50%|Dire Claw|p2a: Thundurus\n|-damage|p2a: Thundurus|0 fnt\n|faint|p2a: Thundurus\n|\n|upkeep\n|\n|t:|1699838176\n|switch|p2a: Gholdengo|Gholdengo|100\/100\n|turn|17\n|\n|t:|1699838186\n|move|p1a: 50%|Shadow Claw|p2a: Gholdengo\n|-supereffective|p2a: Gholdengo\n|-damage|p2a: Gholdengo|32\/100\n|move|p2a: Gholdengo|Hex|p1a: 50%\n|-damage|p1a: 50%|0 fnt\n|faint|p1a: 50%\n|\n|win|darkrows\n|raw|TheSilvySilv's rating: 1704 &rarr; <strong>1680<\/strong><br \/>(-24 for losing)\n|raw|darkrows's rating: 1636 &rarr; <strong>1660<\/strong><br \/>(+24 for winning)\n|c|\u2606TheSilvySilv|Gg\n|l|\u2606darkrows\n|l|\u2606TheSilvySilv\n","uploadtime":1699838205,"views":13,"p1id":"thesilvysilv","p2id":"darkrows","formatid":"gen9ou","rating":1660,"private":0,"password":""}