{"id":"gen9ou-1994170879","p1":"tinyp","p2":"outdated ahh team","format":"[Gen 9] OU","log":"|j|\u2606tinyp\n|j|\u2606outdated ahh team\n|t:|1700415026\n|gametype|singles\n|player|p1|tinyp|169|1441\n|player|p2|outdated ahh team|bruno-gen2|1556\n|teamsize|p1|6\n|teamsize|p2|6\n|gen|9\n|tier|[Gen 9] OU\n|rated|\n|rule|Sleep Clause Mod: Limit one foe put to sleep\n|rule|Species Clause: Limit one of each Pok\u00e9mon\n|rule|OHKO Clause: OHKO moves are banned\n|rule|Evasion Items Clause: Evasion items are banned\n|rule|Evasion Moves Clause: Evasion moves are banned\n|rule|Endless Battle Clause: Forcing endless battles is banned\n|rule|HP Percentage Mod: HP is shown in percentages\n|clearpoke\n|poke|p1|Zapdos|\n|poke|p1|Slowking-Galar, F|\n|poke|p1|Dragapult, F|\n|poke|p1|Gholdengo|\n|poke|p1|Dragonite, F|\n|poke|p1|Great Tusk|\n|poke|p2|Sinistcha-Masterpiece|\n|poke|p2|Rillaboom, M|\n|poke|p2|Tyranitar, M|\n|poke|p2|Heatran, M|\n|poke|p2|Gholdengo|\n|poke|p2|Muk-Alola, F|\n|teampreview\n|inactive|Battle timer is ON: inactive players will automatically lose when time's up. (requested by outdated ahh team)\n|c|\u2606tinyp|Hello hf\n|c|\u2606tinyp|Cool team\n|\n|t:|1700415048\n|start\n|switch|p1a: Dragapult|Dragapult, F|100\/100\n|switch|p2a: Magellan \u2623\ufe0f|Muk-Alola, F|100\/100\n|turn|1\n|\n|t:|1700415064\n|switch|p1a: Zapdos|Zapdos|100\/100\n|move|p2a: Magellan \u2623\ufe0f|Knock Off|p1a: Zapdos\n|-damage|p1a: Zapdos|65\/100\n|-enditem|p1a: Zapdos|Heavy-Duty Boots|[from] move: Knock Off|[of] p2a: Magellan \u2623\ufe0f\n|\n|upkeep\n|turn|2\n|\n|t:|1700415073\n|switch|p2a: Akainu \ud83c\udf0b|Heatran, M|100\/100\n|-item|p2a: Akainu \ud83c\udf0b|Air Balloon\n|move|p1a: Zapdos|Volt Switch|p2a: Akainu \ud83c\udf0b\n|-damage|p2a: Akainu \ud83c\udf0b|61\/100\n|-enditem|p2a: Akainu \ud83c\udf0b|Air Balloon\n|\n|t:|1700415088\n|switch|p1a: Great Tusk|Great Tusk|100\/100|[from] Volt Switch\n|\n|upkeep\n|turn|3\n|\n|t:|1700415093\n|switch|p2a: Zeke \ud83e\udd8d|Rillaboom, M|100\/100\n|-fieldstart|move: Grassy Terrain|[from] ability: Grassy Surge|[of] p2a: Zeke \ud83e\udd8d\n|move|p1a: Great Tusk|Headlong Rush|p2a: Zeke \ud83e\udd8d\n|-resisted|p2a: Zeke \ud83e\udd8d\n|-damage|p2a: Zeke \ud83e\udd8d|60\/100\n|-unboost|p1a: Great Tusk|def|1\n|-unboost|p1a: Great Tusk|spd|1\n|\n|-heal|p2a: Zeke \ud83e\udd8d|66\/100|[from] Grassy Terrain\n|upkeep\n|turn|4\n|\n|t:|1700415122\n|-end|p1a: Great Tusk|Protosynthesis|[silent]\n|switch|p1a: Zapdos|Zapdos|65\/100\n|move|p2a: Zeke \ud83e\udd8d|Grassy Glide|p1a: Zapdos\n|-resisted|p1a: Zapdos\n|-damage|p1a: Zapdos|32\/100\n|\n|-heal|p2a: Zeke \ud83e\udd8d|73\/100|[from] Grassy Terrain\n|upkeep\n|turn|5\n|\n|t:|1700415131\n|move|p2a: Zeke \ud83e\udd8d|Grassy Glide|p1a: Zapdos\n|-resisted|p1a: Zapdos\n|-damage|p1a: Zapdos|0 fnt\n|faint|p1a: Zapdos\n|\n|-heal|p2a: Zeke \ud83e\udd8d|79\/100|[from] Grassy Terrain\n|upkeep\n|\n|t:|1700415138\n|switch|p1a: Dragapult|Dragapult, F|100\/100\n|turn|6\n|\n|t:|1700415143\n|switch|p2a: Magellan \u2623\ufe0f|Muk-Alola, F|100\/100\n|move|p1a: Dragapult|Draco Meteor|p2a: Magellan \u2623\ufe0f\n|-damage|p2a: Magellan \u2623\ufe0f|52\/100\n|-unboost|p1a: Dragapult|spa|2\n|\n|-heal|p2a: Magellan \u2623\ufe0f|58\/100|[from] Grassy Terrain\n|-heal|p2a: Magellan \u2623\ufe0f|64\/100|[from] item: Leftovers\n|upkeep\n|turn|7\n|\n|t:|1700415153\n|switch|p1a: Great Tusk|Great Tusk|100\/100\n|move|p2a: Magellan \u2623\ufe0f|Knock Off|p1a: Great Tusk\n|-resisted|p1a: Great Tusk\n|-damage|p1a: Great Tusk|88\/100\n|-damage|p2a: Magellan \u2623\ufe0f|47\/100|[from] item: Rocky Helmet|[of] p1a: Great Tusk\n|-status|p1a: Great Tusk|psn|[from] ability: Poison Touch|[of] p2a: Magellan \u2623\ufe0f\n|-enditem|p1a: Great Tusk|Rocky Helmet|[from] move: Knock Off|[of] p2a: Magellan \u2623\ufe0f\n|\n|-heal|p1a: Great Tusk|94\/100 psn|[from] Grassy Terrain\n|-heal|p2a: Magellan \u2623\ufe0f|53\/100|[from] Grassy Terrain\n|-heal|p2a: Magellan \u2623\ufe0f|59\/100|[from] item: Leftovers\n|-damage|p1a: Great Tusk|81\/100 psn|[from] psn\n|-fieldend|move: Grassy Terrain\n|upkeep\n|turn|8\n|\n|t:|1700415169\n|move|p2a: Magellan \u2623\ufe0f|Protect|p2a: Magellan \u2623\ufe0f\n|-singleturn|p2a: Magellan \u2623\ufe0f|Protect\n|move|p1a: Great Tusk|Stealth Rock|p2a: Magellan \u2623\ufe0f\n|-sidestart|p2: outdated ahh team|move: Stealth Rock\n|\n|-heal|p2a: Magellan \u2623\ufe0f|65\/100|[from] item: Leftovers\n|-damage|p1a: Great Tusk|69\/100 psn|[from] psn\n|upkeep\n|turn|9\n|\n|t:|1700415178\n|switch|p2a: Cosmo \ud83c\udf75|Sinistcha-Masterpiece|100\/100\n|move|p1a: Great Tusk|Knock Off|p2a: Cosmo \ud83c\udf75\n|-supereffective|p2a: Cosmo \ud83c\udf75\n|-damage|p2a: Cosmo \ud83c\udf75|51\/100\n|-enditem|p2a: Cosmo \ud83c\udf75|Heavy-Duty Boots|[from] move: Knock Off|[of] p1a: Great Tusk\n|\n|-damage|p1a: Great Tusk|57\/100 psn|[from] psn\n|upkeep\n|turn|10\n|\n|t:|1700415189\n|move|p1a: Great Tusk|Headlong Rush|p2a: Cosmo \ud83c\udf75\n|-resisted|p2a: Cosmo \ud83c\udf75\n|-damage|p2a: Cosmo \ud83c\udf75|28\/100\n|-unboost|p1a: Great Tusk|def|1\n|-unboost|p1a: Great Tusk|spd|1\n|move|p2a: Cosmo \ud83c\udf75|Matcha Gotcha|p1a: Great Tusk\n|-supereffective|p1a: Great Tusk\n|-damage|p1a: Great Tusk|0 fnt\n|-heal|p2a: Cosmo \ud83c\udf75|58\/100|[from] drain|[of] p1a: Great Tusk\n|faint|p1a: Great Tusk\n|-end|p1a: Great Tusk|Protosynthesis|[silent]\n|\n|upkeep\n|\n|t:|1700415203\n|switch|p1a: Dragapult|Dragapult, F|100\/100\n|turn|11\n|\n|t:|1700415206\n|switch|p2a: Reiner \ud83d\uddff|Tyranitar, M|100\/100\n|-weather|Sandstorm|[from] ability: Sand Stream|[of] p2a: Reiner \ud83d\uddff\n|move|p1a: Dragapult|Shadow Ball|p2a: Reiner \ud83d\uddff\n|-resisted|p2a: Reiner \ud83d\uddff\n|-damage|p2a: Reiner \ud83d\uddff|86\/100\n|\n|-weather|Sandstorm|[upkeep]\n|-damage|p1a: Dragapult|95\/100|[from] Sandstorm\n|upkeep\n|turn|12\n|\n|t:|1700415218\n|switch|p1a: Dragonite|Dragonite, F|100\/100\n|move|p2a: Reiner \ud83d\uddff|Knock Off|p1a: Dragonite\n|-damage|p1a: Dragonite|74\/100\n|-enditem|p1a: Dragonite|Heavy-Duty Boots|[from] move: Knock Off|[of] p2a: Reiner \ud83d\uddff\n|\n|-weather|Sandstorm|[upkeep]\n|-damage|p1a: Dragonite|67\/100|[from] Sandstorm\n|upkeep\n|turn|13\n|\n|t:|1700415230\n|-terastallize|p2a: Reiner \ud83d\uddff|Flying\n|move|p1a: Dragonite|Earthquake|p2a: Reiner \ud83d\uddff\n|-immune|p2a: Reiner \ud83d\uddff\n|move|p2a: Reiner \ud83d\uddff|Ice Beam|p1a: Dragonite\n|-supereffective|p1a: Dragonite\n|-crit|p1a: Dragonite\n|-damage|p1a: Dragonite|0 fnt\n|faint|p1a: Dragonite\n|\n|-weather|Sandstorm|[upkeep]\n|-damage|p2a: Reiner \ud83d\uddff|80\/100|[from] Sandstorm\n|upkeep\n|\n|t:|1700415245\n|switch|p1a: Dragapult|Dragapult, F|95\/100\n|turn|14\n|\n|t:|1700415249\n|switch|p2a: Akainu \ud83c\udf0b|Heatran, M|61\/100\n|-damage|p2a: Akainu \ud83c\udf0b|49\/100|[from] Stealth Rock\n|move|p1a: Dragapult|Draco Meteor|p2a: Akainu \ud83c\udf0b\n|-resisted|p2a: Akainu \ud83c\udf0b\n|-damage|p2a: Akainu \ud83c\udf0b|3\/100\n|-unboost|p1a: Dragapult|spa|2\n|\n|-weather|Sandstorm|[upkeep]\n|-damage|p1a: Dragapult|89\/100|[from] Sandstorm\n|upkeep\n|turn|15\n|\n|t:|1700415262\n|move|p1a: Dragapult|Draco Meteor|p2a: Akainu \ud83c\udf0b|[miss]\n|-miss|p1a: Dragapult|p2a: Akainu \ud83c\udf0b\n|move|p2a: Akainu \ud83c\udf0b|Earth Power|p1a: Dragapult\n|-damage|p1a: Dragapult|49\/100\n|\n|-weather|none\n|upkeep\n|turn|16\n|\n|t:|1700415270\n|move|p1a: Dragapult|Draco Meteor|p2a: Akainu \ud83c\udf0b\n|-resisted|p2a: Akainu \ud83c\udf0b\n|-damage|p2a: Akainu \ud83c\udf0b|0 fnt\n|-unboost|p1a: Dragapult|spa|2\n|faint|p2a: Akainu \ud83c\udf0b\n|\n|upkeep\n|\n|t:|1700415276\n|switch|p2a: Magellan \u2623\ufe0f|Muk-Alola, F|65\/100\n|-damage|p2a: Magellan \u2623\ufe0f|53\/100|[from] Stealth Rock\n|turn|17\n|\n|t:|1700415283\n|switch|p1a: Slowking|Slowking-Galar, F|100\/100\n|move|p2a: Magellan \u2623\ufe0f|Knock Off|p1a: Slowking\n|-supereffective|p1a: Slowking\n|-damage|p1a: Slowking|27\/100\n|-enditem|p1a: Slowking|Leftovers|[from] move: Knock Off|[of] p2a: Magellan \u2623\ufe0f\n|\n|-heal|p2a: Magellan \u2623\ufe0f|59\/100|[from] item: Leftovers\n|upkeep\n|turn|18\n|\n|t:|1700415293\n|move|p2a: Magellan \u2623\ufe0f|Knock Off|p1a: Slowking\n|-supereffective|p1a: Slowking\n|-damage|p1a: Slowking|0 fnt\n|faint|p1a: Slowking\n|\n|-heal|p2a: Magellan \u2623\ufe0f|65\/100|[from] item: Leftovers\n|upkeep\n|\n|t:|1700415301\n|switch|p1a: Dragapult|Dragapult, F|49\/100\n|turn|19\n|\n|t:|1700415313\n|move|p2a: Magellan \u2623\ufe0f|Protect|p2a: Magellan \u2623\ufe0f\n|-singleturn|p2a: Magellan \u2623\ufe0f|Protect\n|move|p1a: Dragapult|Draco Meteor|p2a: Magellan \u2623\ufe0f\n|-activate|p2a: Magellan \u2623\ufe0f|move: Protect\n|\n|-heal|p2a: Magellan \u2623\ufe0f|71\/100|[from] item: Leftovers\n|upkeep\n|turn|20\n|-message|tinyp forfeited.\n|\n|win|outdated ahh team\n|raw|tinyp's rating: 1441 &rarr; <strong>1427<\/strong><br \/>(-14 for losing)\n|raw|outdated ahh team's rating: 1556 &rarr; <strong>1570<\/strong><br \/>(+14 for winning)\n|l|\u2606tinyp\n","uploadtime":1700415329,"views":6,"p1id":"tinyp","p2id":"outdatedahhteam","formatid":"gen9ou","rating":1427,"private":0,"password":""}