{"id":"gen9ou-1996532383","p1":"derl","p2":"El Stefano","format":"[Gen 9] OU","log":"|j|\u2606derl\n|j|\u2606El Stefano\n|t:|1700691346\n|gametype|singles\n|player|p1|derl|102|1677\n|player|p2|El Stefano|265|1785\n|teamsize|p1|6\n|teamsize|p2|6\n|gen|9\n|tier|[Gen 9] OU\n|rated|\n|rule|Sleep Clause Mod: Limit one foe put to sleep\n|rule|Species Clause: Limit one of each Pok\u00e9mon\n|rule|OHKO Clause: OHKO moves are banned\n|rule|Evasion Items Clause: Evasion items are banned\n|rule|Evasion Moves Clause: Evasion moves are banned\n|rule|Endless Battle Clause: Forcing endless battles is banned\n|rule|HP Percentage Mod: HP is shown in percentages\n|clearpoke\n|poke|p1|Rillaboom, M|\n|poke|p1|Cinderace, M|\n|poke|p1|Kingambit, M|\n|poke|p1|Slowking-Galar, F|\n|poke|p1|Ceruledge, F|\n|poke|p1|Thundurus-Therian, M|\n|poke|p2|Slowking, M|\n|poke|p2|Chesnaught, F|\n|poke|p2|Corviknight, M|\n|poke|p2|Clodsire, F|\n|poke|p2|Dondozo, F|\n|poke|p2|Clefable, M|\n|teampreview\n|\n|t:|1700691369\n|start\n|switch|p1a: Cinderace|Cinderace, M|100\/100\n|switch|p2a: Slowking|Slowking, M, shiny|100\/100\n|turn|1\n|\n|t:|1700691377\n|switch|p2a: Clefable|Clefable, M|100\/100\n|move|p1a: Cinderace|U-turn|p2a: Clefable\n|-start|p1a: Cinderace|typechange|Bug|[from] ability: Libero\n|-resisted|p2a: Clefable\n|-damage|p2a: Clefable|88\/100\n|\n|t:|1700691393\n|switch|p1a: Slowking|Slowking-Galar, F|100\/100|[from] U-turn\n|\n|-heal|p2a: Clefable|94\/100|[from] item: Leftovers\n|upkeep\n|turn|2\n|\n|t:|1700691399\n|switch|p2a: Clodsire|Clodsire, F|100\/100\n|move|p1a: Slowking|Future Sight|p2a: Clodsire\n|-start|p1a: Slowking|move: Future Sight\n|\n|upkeep\n|turn|3\n|\n|t:|1700691404\n|switch|p2a: Slowking|Slowking, M, shiny|100\/100\n|move|p1a: Slowking|Chilly Reception|p1a: Slowking\n|-weather|Snow\n|\n|t:|1700691414\n|switch|p1a: Ceruledge|Ceruledge, F|100\/100|[from] Chilly Reception\n|\n|-weather|Snow|[upkeep]\n|upkeep\n|turn|4\n|inactive|Battle timer is ON: inactive players will automatically lose when time's up. (requested by El Stefano)\n|\n|t:|1700691421\n|move|p2a: Slowking|Protect|p2a: Slowking\n|-singleturn|p2a: Slowking|Protect\n|move|p1a: Ceruledge|Poltergeist|p2a: Slowking\n|-activate|p2a: Slowking|move: Protect\n|\n|-weather|Snow|[upkeep]\n|-end|p2a: Slowking|move: Future Sight\n|-resisted|p2a: Slowking\n|-damage|p2a: Slowking|88\/100\n|upkeep\n|turn|5\n|\n|t:|1700691435\n|switch|p2a: Dondozo|Dondozo, F|100\/100\n|move|p1a: Ceruledge|Swords Dance|p1a: Ceruledge\n|-boost|p1a: Ceruledge|atk|2\n|\n|-weather|Snow|[upkeep]\n|upkeep\n|turn|6\n|\n|t:|1700691446\n|switch|p1a: Slowking|Slowking-Galar, F|100\/100\n|switch|p2a: Chesnaught|Chesnaught, F|100\/100\n|\n|-weather|Snow|[upkeep]\n|upkeep\n|turn|7\n|\n|t:|1700691454\n|move|p2a: Chesnaught|Knock Off|p1a: Slowking\n|-supereffective|p1a: Slowking\n|-enditem|p1a: Slowking|Colbur Berry|[eat]\n|-enditem|p1a: Slowking|Colbur Berry|[weaken]\n|-damage|p1a: Slowking|82\/100\n|move|p1a: Slowking|Future Sight|p2a: Chesnaught\n|-start|p1a: Slowking|move: Future Sight\n|\n|-weather|none\n|upkeep\n|turn|8\n|\n|t:|1700691466\n|switch|p2a: Slowking|Slowking, M, shiny|100\/100\n|move|p1a: Slowking|Sludge Bomb|p2a: Slowking\n|-damage|p2a: Slowking|80\/100\n|\n|upkeep\n|turn|9\n|\n|t:|1700691479\n|move|p2a: Slowking|Scald|p1a: Slowking\n|-damage|p1a: Slowking|61\/100\n|-status|p1a: Slowking|brn\n|move|p1a: Slowking|Sludge Bomb|p2a: Slowking\n|-damage|p2a: Slowking|60\/100\n|\n|-end|p2a: Slowking|move: Future Sight\n|-resisted|p2a: Slowking\n|-damage|p2a: Slowking|46\/100\n|-damage|p1a: Slowking|55\/100 brn|[from] brn\n|upkeep\n|turn|10\n|\n|t:|1700691492\n|move|p2a: Slowking|Psyshock|p1a: Slowking\n|-damage|p1a: Slowking|36\/100 brn\n|move|p1a: Slowking|Chilly Reception|p1a: Slowking\n|-weather|Snow\n|\n|t:|1700691508\n|switch|p1a: Ceruledge|Ceruledge, F|100\/100|[from] Chilly Reception\n|\n|-weather|Snow|[upkeep]\n|upkeep\n|turn|11\n|\n|t:|1700691512\n|switch|p2a: Dondozo|Dondozo, F|100\/100\n|move|p1a: Ceruledge|Poltergeist|p2a: Dondozo\n|-activate|p2a: Dondozo|move: Poltergeist|Heavy-Duty Boots\n|-damage|p2a: Dondozo|72\/100\n|\n|-weather|Snow|[upkeep]\n|upkeep\n|turn|12\n|\n|t:|1700691526\n|switch|p1a: Slowking|Slowking-Galar, F|69\/100 brn\n|move|p2a: Dondozo|Waterfall|p1a: Slowking\n|-damage|p1a: Slowking|49\/100 brn\n|\n|-weather|Snow|[upkeep]\n|-damage|p1a: Slowking|43\/100 brn|[from] brn\n|upkeep\n|turn|13\n|\n|t:|1700691533\n|switch|p2a: Clodsire|Clodsire, F|100\/100\n|move|p1a: Slowking|Chilly Reception|p1a: Slowking\n|\n|t:|1700691553\n|switch|p1a: Thundurus|Thundurus-Therian, M|100\/100|[from] Chilly Reception\n|\n|-weather|Snow|[upkeep]\n|upkeep\n|turn|14\n|\n|t:|1700691558\n|move|p1a: Thundurus|Weather Ball|p2a: Clodsire\n|-supereffective|p2a: Clodsire\n|-crit|p2a: Clodsire\n|-damage|p2a: Clodsire|34\/100\n|move|p2a: Clodsire|Amnesia|p2a: Clodsire\n|-boost|p2a: Clodsire|spd|2\n|\n|-weather|none\n|upkeep\n|turn|15\n|\n|t:|1700691570\n|switch|p1a: Rillaboom|Rillaboom, M|100\/100\n|-fieldstart|move: Grassy Terrain|[from] ability: Grassy Surge|[of] p1a: Rillaboom\n|move|p2a: Clodsire|Recover|p2a: Clodsire\n|-heal|p2a: Clodsire|84\/100\n|\n|-heal|p2a: Clodsire|90\/100|[from] Grassy Terrain\n|upkeep\n|turn|16\n|\n|t:|1700691578\n|switch|p2a: Corviknight|Corviknight, M|100\/100\n|-ability|p2a: Corviknight|Pressure\n|move|p1a: Rillaboom|High Horsepower|p2a: Corviknight\n|-immune|p2a: Corviknight\n|\n|upkeep\n|turn|17\n|\n|t:|1700691597\n|switch|p1a: Slowking|Slowking-Galar, F|76\/100 brn\n|switch|p2a: Slowking|Slowking, M, shiny|79\/100\n|\n|-heal|p1a: Slowking|82\/100 brn|[from] Grassy Terrain\n|-heal|p2a: Slowking|85\/100|[from] Grassy Terrain\n|-damage|p1a: Slowking|76\/100 brn|[from] brn\n|upkeep\n|turn|18\n|\n|t:|1700691608\n|switch|p2a: Clodsire|Clodsire, F|90\/100\n|move|p1a: Slowking|Chilly Reception|p1a: Slowking\n|-weather|Snow\n|\n|t:|1700691625\n|switch|p1a: Rillaboom|Rillaboom, M|100\/100|[from] Chilly Reception\n|\n|-weather|Snow|[upkeep]\n|-heal|p2a: Clodsire|96\/100|[from] Grassy Terrain\n|upkeep\n|turn|19\n|\n|t:|1700691635\n|switch|p2a: Corviknight|Corviknight, M|100\/100\n|-ability|p2a: Corviknight|Pressure\n|move|p1a: Rillaboom|U-turn|p2a: Corviknight\n|-resisted|p2a: Corviknight\n|-damage|p2a: Corviknight|94\/100\n|-damage|p1a: Rillaboom|84\/100|[from] item: Rocky Helmet|[of] p2a: Corviknight\n|inactive|derl has 120 seconds left.\n|\n|t:|1700691669\n|switch|p1a: Thundurus|Thundurus-Therian, M|100\/100|[from] U-turn\n|\n|-weather|Snow|[upkeep]\n|-fieldend|move: Grassy Terrain\n|upkeep\n|turn|20\n|\n|t:|1700691676\n|switch|p2a: Slowking|Slowking, M, shiny|100\/100\n|move|p1a: Thundurus|Weather Ball|p2a: Slowking\n|-resisted|p2a: Slowking\n|-damage|p2a: Slowking|88\/100\n|\n|-weather|Snow|[upkeep]\n|upkeep\n|turn|21\n|\n|t:|1700691685\n|switch|p1a: Slowking|Slowking-Galar, F|100\/100 brn\n|move|p2a: Slowking|Protect||[still]\n|-fail|p2a: Slowking\n|\n|-weather|Snow|[upkeep]\n|-damage|p1a: Slowking|94\/100 brn|[from] brn\n|upkeep\n|turn|22\n|inactive|derl has 120 seconds left.\n|\n|t:|1700691699\n|switch|p2a: Clodsire|Clodsire, F|96\/100\n|move|p1a: Slowking|Sludge Bomb|p2a: Clodsire\n|-resisted|p2a: Clodsire\n|-damage|p2a: Clodsire|91\/100\n|\n|-weather|none\n|-damage|p1a: Slowking|88\/100 brn|[from] brn\n|upkeep\n|turn|23\n|inactive|derl has 120 seconds left.\n|\n|t:|1700691705\n|move|p1a: Slowking|Chilly Reception|p1a: Slowking\n|-weather|Snow\n|inactive|derl has 120 seconds left.\n|\n|t:|1700691720\n|switch|p1a: Rillaboom|Rillaboom, M|84\/100|[from] Chilly Reception\n|-fieldstart|move: Grassy Terrain|[from] ability: Grassy Surge|[of] p1a: Rillaboom\n|move|p2a: Clodsire|Poison Jab|p1a: Rillaboom\n|-supereffective|p1a: Rillaboom\n|-damage|p1a: Rillaboom|43\/100\n|\n|-weather|Snow|[upkeep]\n|-heal|p1a: Rillaboom|49\/100|[from] Grassy Terrain\n|-heal|p2a: Clodsire|97\/100|[from] Grassy Terrain\n|upkeep\n|turn|24\n|\n|t:|1700691732\n|switch|p2a: Chesnaught|Chesnaught, F|100\/100\n|move|p1a: Rillaboom|High Horsepower|p2a: Chesnaught\n|-resisted|p2a: Chesnaught\n|-damage|p2a: Chesnaught|86\/100\n|\n|-weather|Snow|[upkeep]\n|-heal|p1a: Rillaboom|55\/100|[from] Grassy Terrain\n|-heal|p2a: Chesnaught|92\/100|[from] Grassy Terrain\n|upkeep\n|turn|25\n|\n|t:|1700691744\n|switch|p1a: Slowking|Slowking-Galar, F|100\/100 brn\n|move|p2a: Chesnaught|Spikes|p1a: Slowking\n|-sidestart|p1: derl|Spikes\n|\n|-weather|Snow|[upkeep]\n|-heal|p2a: Chesnaught|98\/100|[from] Grassy Terrain\n|-damage|p1a: Slowking|94\/100 brn|[from] brn\n|upkeep\n|turn|26\n|\n|t:|1700691757\n|switch|p2a: Clodsire|Clodsire, F|97\/100\n|move|p1a: Slowking|Future Sight|p2a: Clodsire\n|-start|p1a: Slowking|move: Future Sight\n|\n|-weather|Snow|[upkeep]\n|-heal|p1a: Slowking|100\/100 brn|[from] Grassy Terrain\n|-heal|p2a: Clodsire|100\/100|[from] Grassy Terrain\n|-damage|p1a: Slowking|94\/100 brn|[from] brn\n|upkeep\n|turn|27\n|\n|t:|1700691767\n|switch|p2a: Slowking|Slowking, M, shiny|100\/100\n|move|p1a: Slowking|Chilly Reception|p1a: Slowking\n|\n|t:|1700691783\n|switch|p1a: Cinderace|Cinderace, M|100\/100|[from] Chilly Reception\n|\n|-weather|none\n|-fieldend|move: Grassy Terrain\n|upkeep\n|turn|28\n|\n|t:|1700691796\n|move|p1a: Cinderace|Court Change|p1a: Cinderace\n|-start|p1a: Cinderace|typechange|Normal|[from] ability: Libero\n|-swapsideconditions\n|-activate|p1a: Cinderace|move: Court Change\n|move|p2a: Slowking|Scald|p1a: Cinderace\n|-damage|p1a: Cinderace|58\/100\n|\n|-end|p2a: Slowking|move: Future Sight\n|-resisted|p2a: Slowking\n|-damage|p2a: Slowking|87\/100\n|upkeep\n|turn|29\n|\n|t:|1700691811\n|switch|p2a: Clefable|Clefable, M|94\/100\n|move|p1a: Cinderace|U-turn|p2a: Clefable\n|-resisted|p2a: Clefable\n|-damage|p2a: Clefable|84\/100\n|\n|t:|1700691823\n|switch|p1a: Rillaboom|Rillaboom, M|55\/100|[from] U-turn\n|-fieldstart|move: Grassy Terrain|[from] ability: Grassy Surge|[of] p1a: Rillaboom\n|\n|-heal|p1a: Rillaboom|61\/100|[from] Grassy Terrain\n|-heal|p2a: Clefable|90\/100|[from] Grassy Terrain\n|-heal|p2a: Clefable|96\/100|[from] item: Leftovers\n|upkeep\n|turn|30\n|\n|t:|1700691833\n|switch|p1a: Cinderace|Cinderace, M|58\/100\n|move|p2a: Clefable|Stealth Rock|p1a: Cinderace\n|-sidestart|p1: derl|move: Stealth Rock\n|\n|-heal|p1a: Cinderace|64\/100|[from] Grassy Terrain\n|-heal|p2a: Clefable|100\/100|[from] Grassy Terrain\n|upkeep\n|turn|31\n|\n|t:|1700691843\n|move|p1a: Cinderace|Pyro Ball|p2a: Clefable\n|-damage|p2a: Clefable|53\/100\n|move|p2a: Clefable|Knock Off|p1a: Cinderace\n|-damage|p1a: Cinderace|43\/100\n|-enditem|p1a: Cinderace|Heavy-Duty Boots|[from] move: Knock Off|[of] p2a: Clefable\n|\n|-heal|p1a: Cinderace|49\/100|[from] Grassy Terrain\n|-heal|p2a: Clefable|59\/100|[from] Grassy Terrain\n|-heal|p2a: Clefable|65\/100|[from] item: Leftovers\n|upkeep\n|turn|32\n|\n|t:|1700691855\n|move|p1a: Cinderace|Court Change|p1a: Cinderace\n|-start|p1a: Cinderace|typechange|Normal|[from] ability: Libero\n|-swapsideconditions\n|-activate|p1a: Cinderace|move: Court Change\n|move|p2a: Clefable|Moonlight|p2a: Clefable\n|-heal|p2a: Clefable|100\/100\n|\n|-heal|p1a: Cinderace|55\/100|[from] Grassy Terrain\n|upkeep\n|turn|33\n|inactive|derl has 120 seconds left.\n|\n|t:|1700691864\n|switch|p1a: Slowking|Slowking-Galar, F|100\/100 brn\n|-damage|p1a: Slowking|88\/100 brn|[from] Spikes\n|switch|p2a: Chesnaught|Chesnaught, F|98\/100\n|\n|-heal|p2a: Chesnaught|100\/100|[from] Grassy Terrain\n|-heal|p1a: Slowking|94\/100 brn|[from] Grassy Terrain\n|-damage|p1a: Slowking|88\/100 brn|[from] brn\n|-fieldend|move: Grassy Terrain\n|upkeep\n|turn|34\n|\n|t:|1700691869\n|switch|p2a: Clodsire|Clodsire, F|100\/100\n|move|p1a: Slowking|Sludge Bomb|p2a: Clodsire\n|-resisted|p2a: Clodsire\n|-damage|p2a: Clodsire|96\/100\n|\n|-damage|p1a: Slowking|82\/100 brn|[from] brn\n|upkeep\n|turn|35\n|\n|t:|1700691875\n|move|p1a: Slowking|Future Sight|p2a: Clodsire\n|-start|p1a: Slowking|move: Future Sight\n|move|p2a: Clodsire|Earthquake|p1a: Slowking\n|-supereffective|p1a: Slowking\n|-damage|p1a: Slowking|48\/100 brn\n|\n|-damage|p1a: Slowking|42\/100 brn|[from] brn\n|upkeep\n|turn|36\n|\n|t:|1700691881\n|switch|p2a: Slowking|Slowking, M, shiny|100\/100\n|move|p1a: Slowking|Chilly Reception|p1a: Slowking\n|-weather|Snow\n|inactive|derl has 120 seconds left.\n|\n|t:|1700691912\n|switch|p1a: Ceruledge|Ceruledge, F|100\/100|[from] Chilly Reception\n|-damage|p1a: Ceruledge|88\/100|[from] Spikes\n|\n|-weather|Snow|[upkeep]\n|upkeep\n|turn|37\n|inactive|derl has 120 seconds left.\n|\n|t:|1700691920\n|move|p2a: Slowking|Protect|p2a: Slowking\n|-singleturn|p2a: Slowking|Protect\n|move|p1a: Ceruledge|Swords Dance|p1a: Ceruledge\n|-boost|p1a: Ceruledge|atk|2\n|\n|-weather|Snow|[upkeep]\n|-end|p2a: Slowking|move: Future Sight\n|-resisted|p2a: Slowking\n|-damage|p2a: Slowking|88\/100\n|upkeep\n|turn|38\n|\n|t:|1700691933\n|switch|p2a: Dondozo|Dondozo, F|72\/100\n|move|p1a: Ceruledge|Poltergeist|p2a: Dondozo\n|-activate|p2a: Dondozo|move: Poltergeist|Heavy-Duty Boots\n|-damage|p2a: Dondozo|45\/100\n|\n|-weather|Snow|[upkeep]\n|upkeep\n|turn|39\n|inactive|derl has 120 seconds left.\n|\n|t:|1700691950\n|switch|p1a: Thundurus|Thundurus-Therian, M|100\/100\n|move|p2a: Dondozo|Rest|p2a: Dondozo\n|-status|p2a: Dondozo|slp|[from] move: Rest\n|-heal|p2a: Dondozo|100\/100 slp|[silent]\n|\n|-weather|Snow|[upkeep]\n|upkeep\n|turn|40\n|inactive|derl has 120 seconds left.\n|\n|t:|1700691964\n|switch|p2a: Slowking|Slowking, M, shiny|100\/100\n|-terastallize|p1a: Thundurus|Flying\n|move|p1a: Thundurus|Tera Blast|p2a: Slowking|[anim] Tera Blast Flying\n|-damage|p2a: Slowking|63\/100\n|\n|-weather|none\n|upkeep\n|turn|41\n|inactive|derl has 120 seconds left.\n|\n|t:|1700691985\n|switch|p1a: Slowking|Slowking-Galar, F|76\/100 brn\n|-damage|p1a: Slowking|63\/100 brn|[from] Spikes\n|switch|p2a: Clodsire|Clodsire, F|96\/100\n|\n|-damage|p1a: Slowking|57\/100 brn|[from] brn\n|upkeep\n|turn|42\n|\n|t:|1700691995\n|move|p1a: Slowking|Future Sight|p2a: Clodsire\n|-start|p1a: Slowking|move: Future Sight\n|move|p2a: Clodsire|Poison Jab|p1a: Slowking\n|-resisted|p1a: Slowking\n|-damage|p1a: Slowking|49\/100 brn\n|\n|-damage|p1a: Slowking|43\/100 brn|[from] brn\n|upkeep\n|turn|43\n|inactive|derl has 120 seconds left.\n|\n|t:|1700692002\n|switch|p2a: Slowking|Slowking, M, shiny|97\/100\n|move|p1a: Slowking|Chilly Reception|p1a: Slowking\n|-weather|Snow\n|inactive|derl has 120 seconds left.\n|\n|t:|1700692025\n|switch|p1a: Rillaboom|Rillaboom, M|61\/100|[from] Chilly Reception\n|-damage|p1a: Rillaboom|49\/100|[from] Spikes\n|-fieldstart|move: Grassy Terrain|[from] ability: Grassy Surge|[of] p1a: Rillaboom\n|\n|-weather|Snow|[upkeep]\n|-heal|p1a: Rillaboom|55\/100|[from] Grassy Terrain\n|-heal|p2a: Slowking|100\/100|[from] Grassy Terrain\n|upkeep\n|turn|44\n|\n|t:|1700692032\n|switch|p2a: Corviknight|Corviknight, M|94\/100\n|-damage|p2a: Corviknight|81\/100|[from] Stealth Rock\n|-ability|p2a: Corviknight|Pressure\n|move|p1a: Rillaboom|Wood Hammer|p2a: Corviknight\n|-resisted|p2a: Corviknight\n|-damage|p2a: Corviknight|61\/100\n|-damage|p1a: Rillaboom|39\/100|[from] item: Rocky Helmet|[of] p2a: Corviknight\n|-damage|p1a: Rillaboom|31\/100|[from] Recoil\n|\n|-weather|Snow|[upkeep]\n|-end|p2a: Corviknight|move: Future Sight\n|-resisted|p2a: Corviknight\n|-damage|p2a: Corviknight|41\/100\n|-heal|p1a: Rillaboom|37\/100|[from] Grassy Terrain\n|upkeep\n|turn|45\n|\n|t:|1700692054\n|switch|p1a: Thundurus|Thundurus-Therian, M, tera:Flying|100\/100\n|move|p2a: Corviknight|Roost|p2a: Corviknight\n|-heal|p2a: Corviknight|91\/100\n|-singleturn|p2a: Corviknight|move: Roost\n|\n|-weather|Snow|[upkeep]\n|-heal|p2a: Corviknight|97\/100|[from] Grassy Terrain\n|upkeep\n|turn|46\n|\n|t:|1700692063\n|switch|p2a: Slowking|Slowking, M, shiny|100\/100\n|move|p1a: Thundurus|Weather Ball|p2a: Slowking\n|-resisted|p2a: Slowking\n|-crit|p2a: Slowking\n|-damage|p2a: Slowking|83\/100\n|\n|-weather|Snow|[upkeep]\n|-heal|p2a: Slowking|89\/100|[from] Grassy Terrain\n|upkeep\n|turn|47\n|\n|t:|1700692074\n|switch|p1a: Slowking|Slowking-Galar, F|77\/100 brn\n|-damage|p1a: Slowking|64\/100 brn|[from] Spikes\n|move|p2a: Slowking|Scald|p1a: Slowking\n|-damage|p1a: Slowking|41\/100 brn\n|\n|-weather|none\n|-heal|p2a: Slowking|95\/100|[from] Grassy Terrain\n|-heal|p1a: Slowking|47\/100 brn|[from] Grassy Terrain\n|-damage|p1a: Slowking|41\/100 brn|[from] brn\n|-fieldend|move: Grassy Terrain\n|upkeep\n|turn|48\n|\n|t:|1700692079\n|move|p1a: Slowking|Chilly Reception|p1a: Slowking\n|-weather|Snow\n|inactive|derl has 120 seconds left.\n|\n|t:|1700692091\n|switch|p1a: Kingambit|Kingambit, M|100\/100|[from] Chilly Reception\n|-damage|p1a: Kingambit|88\/100|[from] Spikes\n|move|p2a: Slowking|Psyshock|p1a: Kingambit\n|-immune|p1a: Kingambit\n|\n|-weather|Snow|[upkeep]\n|upkeep\n|turn|49\n|j| SwabbyYabby\n|inactive|derl has 120 seconds left.\n|\n|t:|1700692103\n|-end|p1a: Kingambit|fallenundefined|[silent]\n|switch|p1a: Thundurus|Thundurus-Therian, M, tera:Flying|100\/100\n|switch|p2a: Corviknight|Corviknight, M|97\/100\n|-damage|p2a: Corviknight|85\/100|[from] Stealth Rock\n|-ability|p2a: Corviknight|Pressure\n|\n|-weather|Snow|[upkeep]\n|upkeep\n|turn|50\n|inactive|derl has 120 seconds left.\n|\n|t:|1700692110\n|switch|p2a: Slowking|Slowking, M, shiny|100\/100\n|move|p1a: Thundurus|Weather Ball|p2a: Slowking\n|-resisted|p2a: Slowking\n|-damage|p2a: Slowking|89\/100\n|\n|-weather|Snow|[upkeep]\n|upkeep\n|turn|51\n|\n|t:|1700692117\n|switch|p1a: Slowking|Slowking-Galar, F|75\/100 brn\n|-damage|p1a: Slowking|62\/100 brn|[from] Spikes\n|move|p2a: Slowking|Psyshock|p1a: Slowking\n|-damage|p1a: Slowking|41\/100 brn\n|\n|-weather|Snow|[upkeep]\n|-damage|p1a: Slowking|35\/100 brn|[from] brn\n|upkeep\n|turn|52\n|\n|t:|1700692126\n|move|p1a: Slowking|Future Sight|p2a: Slowking\n|-start|p1a: Slowking|move: Future Sight\n|move|p2a: Slowking|Scald|p1a: Slowking\n|-damage|p1a: Slowking|14\/100 brn\n|\n|-weather|none\n|-damage|p1a: Slowking|8\/100 brn|[from] brn\n|upkeep\n|turn|53\n|\n|t:|1700692132\n|move|p1a: Slowking|Chilly Reception|p1a: Slowking\n|-weather|Snow\n|\n|t:|1700692139\n|switch|p1a: Kingambit|Kingambit, M|88\/100|[from] Chilly Reception\n|-damage|p1a: Kingambit|76\/100|[from] Spikes\n|move|p2a: Slowking|Scald|p1a: Kingambit\n|-damage|p1a: Kingambit|60\/100\n|\n|-weather|Snow|[upkeep]\n|upkeep\n|turn|54\n|\n|t:|1700692158\n|move|p2a: Slowking|Protect|p2a: Slowking\n|-singleturn|p2a: Slowking|Protect\n|move|p1a: Kingambit|Kowtow Cleave|p2a: Slowking\n|-activate|p2a: Slowking|move: Protect\n|\n|-weather|Snow|[upkeep]\n|-end|p2a: Slowking|move: Future Sight\n|-resisted|p2a: Slowking\n|-crit|p2a: Slowking\n|-damage|p2a: Slowking|70\/100\n|upkeep\n|turn|55\n|\n|t:|1700692162\n|-end|p1a: Kingambit|fallenundefined|[silent]\n|switch|p1a: Thundurus|Thundurus-Therian, M, tera:Flying|100\/100\n|switch|p2a: Corviknight|Corviknight, M|85\/100\n|-damage|p2a: Corviknight|72\/100|[from] Stealth Rock\n|-ability|p2a: Corviknight|Pressure\n|\n|-weather|Snow|[upkeep]\n|upkeep\n|turn|56\n|\n|t:|1700692168\n|switch|p2a: Clodsire|Clodsire, F|96\/100\n|move|p1a: Thundurus|Weather Ball|p2a: Clodsire\n|-supereffective|p2a: Clodsire\n|-damage|p2a: Clodsire|51\/100\n|\n|-weather|Snow|[upkeep]\n|upkeep\n|turn|57\n|\n|t:|1700692177\n|move|p1a: Thundurus|Weather Ball|p2a: Clodsire\n|-supereffective|p2a: Clodsire\n|-damage|p2a: Clodsire|2\/100\n|move|p2a: Clodsire|Recover|p2a: Clodsire\n|-heal|p2a: Clodsire|52\/100\n|\n|-weather|none\n|upkeep\n|turn|58\n|\n|t:|1700692190\n|switch|p1a: Slowking|Slowking-Galar, F|41\/100 brn\n|-damage|p1a: Slowking|28\/100 brn|[from] Spikes\n|move|p2a: Clodsire|Recover|p2a: Clodsire\n|-heal|p2a: Clodsire|100\/100\n|\n|-damage|p1a: Slowking|22\/100 brn|[from] brn\n|upkeep\n|turn|59\n|\n|t:|1700692197\n|switch|p1a: Thundurus|Thundurus-Therian, M, tera:Flying|100\/100\n|move|p2a: Clodsire|Poison Jab|p1a: Thundurus\n|-damage|p1a: Thundurus|75\/100\n|\n|upkeep\n|turn|60\n|\n|t:|1700692203\n|switch|p1a: Slowking|Slowking-Galar, F|56\/100 brn\n|-damage|p1a: Slowking|43\/100 brn|[from] Spikes\n|switch|p2a: Slowking|Slowking, M, shiny|100\/100\n|\n|-damage|p1a: Slowking|37\/100 brn|[from] brn\n|upkeep\n|turn|61\n|\n|t:|1700692210\n|move|p1a: Slowking|Sludge Bomb|p2a: Slowking\n|-damage|p2a: Slowking|80\/100\n|move|p2a: Slowking|Psyshock|p1a: Slowking\n|-damage|p1a: Slowking|19\/100 brn\n|\n|-damage|p1a: Slowking|12\/100 brn|[from] brn\n|upkeep\n|turn|62\n|\n|t:|1700692216\n|move|p1a: Slowking|Chilly Reception|p1a: Slowking\n|-weather|Snow\n|\n|t:|1700692222\n|switch|p1a: Kingambit|Kingambit, M|60\/100|[from] Chilly Reception\n|-damage|p1a: Kingambit|48\/100|[from] Spikes\n|move|p2a: Slowking|Scald|p1a: Kingambit\n|-damage|p1a: Kingambit|32\/100\n|-status|p1a: Kingambit|brn\n|\n|-weather|Snow|[upkeep]\n|-damage|p1a: Kingambit|26\/100 brn|[from] brn\n|upkeep\n|turn|63\n|\n|t:|1700692229\n|switch|p2a: Corviknight|Corviknight, M|72\/100\n|-damage|p2a: Corviknight|60\/100|[from] Stealth Rock\n|-ability|p2a: Corviknight|Pressure\n|move|p1a: Kingambit|Kowtow Cleave|p2a: Corviknight\n|-damage|p2a: Corviknight|45\/100\n|-damage|p1a: Kingambit|10\/100 brn|[from] item: Rocky Helmet|[of] p2a: Corviknight\n|\n|-weather|Snow|[upkeep]\n|-damage|p1a: Kingambit|3\/100 brn|[from] brn\n|upkeep\n|turn|64\n|\n|t:|1700692234\n|move|p2a: Corviknight|Roost|p2a: Corviknight\n|-heal|p2a: Corviknight|95\/100\n|-singleturn|p2a: Corviknight|move: Roost\n|move|p1a: Kingambit|Kowtow Cleave|p2a: Corviknight\n|-damage|p2a: Corviknight|80\/100\n|-damage|p1a: Kingambit|0 fnt|[from] item: Rocky Helmet|[of] p2a: Corviknight\n|faint|p1a: Kingambit\n|-end|p1a: Kingambit|fallenundefined|[silent]\n|\n|-weather|Snow|[upkeep]\n|upkeep\n|\n|t:|1700692239\n|switch|p1a: Thundurus|Thundurus-Therian, M, tera:Flying|75\/100\n|turn|65\n|\n|t:|1700692243\n|switch|p2a: Slowking|Slowking, M, shiny|100\/100\n|move|p1a: Thundurus|Thunderbolt|p2a: Slowking\n|-supereffective|p2a: Slowking\n|-crit|p2a: Slowking\n|-damage|p2a: Slowking|10\/100\n|\n|-weather|Snow|[upkeep]\n|upkeep\n|turn|66\n|\n|t:|1700692260\n|switch|p1a: Rillaboom|Rillaboom, M|37\/100\n|-damage|p1a: Rillaboom|25\/100|[from] Spikes\n|-fieldstart|move: Grassy Terrain|[from] ability: Grassy Surge|[of] p1a: Rillaboom\n|switch|p2a: Clodsire|Clodsire, F|100\/100\n|\n|-weather|none\n|-heal|p1a: Rillaboom|31\/100|[from] Grassy Terrain\n|upkeep\n|turn|67\n|\n|t:|1700692271\n|switch|p1a: Thundurus|Thundurus-Therian, M, tera:Flying|75\/100\n|switch|p2a: Chesnaught|Chesnaught, F|100\/100\n|\n|upkeep\n|turn|68\n|\n|t:|1700692282\n|switch|p2a: Clodsire|Clodsire, F|100\/100\n|move|p1a: Thundurus|Tera Blast|p2a: Clodsire|[anim] Tera Blast Flying\n|-damage|p2a: Clodsire|66\/100\n|\n|-heal|p2a: Clodsire|72\/100|[from] Grassy Terrain\n|upkeep\n|turn|69\n|\n|t:|1700692295\n|switch|p1a: Slowking|Slowking-Galar, F|46\/100 brn\n|-damage|p1a: Slowking|33\/100 brn|[from] Spikes\n|move|p2a: Clodsire|Poison Jab|p1a: Slowking\n|-resisted|p1a: Slowking\n|-damage|p1a: Slowking|26\/100 brn\n|\n|-heal|p1a: Slowking|32\/100 brn|[from] Grassy Terrain\n|-heal|p2a: Clodsire|78\/100|[from] Grassy Terrain\n|-damage|p1a: Slowking|26\/100 brn|[from] brn\n|upkeep\n|turn|70\n|\n|t:|1700692302\n|move|p1a: Slowking|Future Sight|p2a: Clodsire\n|-start|p1a: Slowking|move: Future Sight\n|move|p2a: Clodsire|Amnesia|p2a: Clodsire\n|-boost|p2a: Clodsire|spd|2\n|\n|-heal|p1a: Slowking|32\/100 brn|[from] Grassy Terrain\n|-heal|p2a: Clodsire|85\/100|[from] Grassy Terrain\n|-damage|p1a: Slowking|26\/100 brn|[from] brn\n|-fieldend|move: Grassy Terrain\n|upkeep\n|turn|71\n|\n|t:|1700692314\n|switch|p2a: Slowking|Slowking, M, shiny|43\/100\n|move|p1a: Slowking|Chilly Reception|p1a: Slowking\n|-weather|Snow\n|\n|t:|1700692328\n|switch|p1a: Ceruledge|Ceruledge, F|88\/100|[from] Chilly Reception\n|-damage|p1a: Ceruledge|76\/100|[from] Spikes\n|\n|-weather|Snow|[upkeep]\n|upkeep\n|turn|72\n|\n|t:|1700692335\n|move|p2a: Slowking|Protect|p2a: Slowking\n|-singleturn|p2a: Slowking|Protect\n|move|p1a: Ceruledge|Swords Dance|p1a: Ceruledge\n|-boost|p1a: Ceruledge|atk|2\n|\n|-weather|Snow|[upkeep]\n|-end|p2a: Slowking|move: Future Sight\n|-resisted|p2a: Slowking\n|-damage|p2a: Slowking|30\/100\n|upkeep\n|turn|73\n|\n|t:|1700692342\n|switch|p2a: Dondozo|Dondozo, F|100\/100 slp\n|move|p1a: Ceruledge|Poltergeist|p2a: Dondozo\n|-activate|p2a: Dondozo|move: Poltergeist|Heavy-Duty Boots\n|-damage|p2a: Dondozo|71\/100 slp\n|\n|-weather|Snow|[upkeep]\n|upkeep\n|turn|74\n|\n|t:|1700692358\n|switch|p1a: Slowking|Slowking-Galar, F|59\/100 brn\n|-damage|p1a: Slowking|47\/100 brn|[from] Spikes\n|cant|p2a: Dondozo|slp\n|\n|-weather|Snow|[upkeep]\n|-damage|p1a: Slowking|41\/100 brn|[from] brn\n|upkeep\n|turn|75\n|\n|t:|1700692368\n|switch|p2a: Slowking|Slowking, M, shiny|63\/100\n|move|p1a: Slowking|Sludge Bomb|p2a: Slowking\n|-damage|p2a: Slowking|43\/100\n|-status|p2a: Slowking|psn\n|\n|-weather|none\n|-damage|p2a: Slowking|30\/100 psn|[from] psn\n|-damage|p1a: Slowking|35\/100 brn|[from] brn\n|upkeep\n|turn|76\n|\n|t:|1700692378\n|move|p2a: Slowking|Slack Off|p2a: Slowking\n|-heal|p2a: Slowking|80\/100 psn\n|move|p1a: Slowking|Sludge Bomb|p2a: Slowking\n|-damage|p2a: Slowking|60\/100 psn\n|\n|-damage|p2a: Slowking|48\/100 psn|[from] psn\n|-damage|p1a: Slowking|28\/100 brn|[from] brn\n|upkeep\n|turn|77\n|\n|t:|1700692384\n|switch|p2a: Clodsire|Clodsire, F|85\/100\n|move|p1a: Slowking|Chilly Reception|p1a: Slowking\n|-weather|Snow\n|\n|t:|1700692398\n|switch|p1a: Rillaboom|Rillaboom, M|31\/100|[from] Chilly Reception\n|-damage|p1a: Rillaboom|19\/100|[from] Spikes\n|-fieldstart|move: Grassy Terrain|[from] ability: Grassy Surge|[of] p1a: Rillaboom\n|\n|-weather|Snow|[upkeep]\n|-heal|p1a: Rillaboom|25\/100|[from] Grassy Terrain\n|-heal|p2a: Clodsire|91\/100|[from] Grassy Terrain\n|upkeep\n|turn|78\n|\n|t:|1700692414\n|switch|p2a: Corviknight|Corviknight, M|80\/100\n|-damage|p2a: Corviknight|67\/100|[from] Stealth Rock\n|-ability|p2a: Corviknight|Pressure\n|move|p1a: Rillaboom|Wood Hammer|p2a: Corviknight\n|-resisted|p2a: Corviknight\n|-damage|p2a: Corviknight|44\/100\n|-damage|p1a: Rillaboom|9\/100|[from] item: Rocky Helmet|[of] p2a: Corviknight\n|-damage|p1a: Rillaboom|0 fnt|[from] Recoil\n|faint|p1a: Rillaboom\n|\n|-weather|Snow|[upkeep]\n|upkeep\n|inactive|derl has 120 seconds left.\n|\n|t:|1700692440\n|switch|p1a: Ceruledge|Ceruledge, F|76\/100\n|-damage|p1a: Ceruledge|63\/100|[from] Spikes\n|turn|79\n|\n|t:|1700692449\n|move|p1a: Ceruledge|Poltergeist|p2a: Corviknight|[miss]\n|-miss|p1a: Ceruledge|p2a: Corviknight\n|move|p2a: Corviknight|Brave Bird|p1a: Ceruledge\n|-damage|p1a: Ceruledge|7\/100\n|-ability|p1a: Ceruledge|Weak Armor|boost\n|-unboost|p1a: Ceruledge|def|1\n|-boost|p1a: Ceruledge|spe|2\n|-damage|p2a: Corviknight|31\/100|[from] Recoil\n|\n|-weather|Snow|[upkeep]\n|-heal|p1a: Ceruledge|14\/100|[from] Grassy Terrain\n|upkeep\n|turn|80\n|\n|t:|1700692460\n|move|p1a: Ceruledge|Poltergeist|p2a: Corviknight\n|-activate|p2a: Corviknight|move: Poltergeist|Rocky Helmet\n|-damage|p2a: Corviknight|0 fnt\n|faint|p2a: Corviknight\n|\n|-weather|Snow|[upkeep]\n|-heal|p1a: Ceruledge|20\/100|[from] Grassy Terrain\n|upkeep\n|\n|t:|1700692463\n|switch|p2a: Dondozo|Dondozo, F|71\/100 slp\n|turn|81\n|\n|t:|1700692477\n|switch|p1a: Thundurus|Thundurus-Therian, M, tera:Flying|75\/100\n|cant|p2a: Dondozo|slp\n|\n|-weather|none\n|-heal|p2a: Dondozo|77\/100 slp|[from] Grassy Terrain\n|-fieldend|move: Grassy Terrain\n|upkeep\n|turn|82\n|\n|t:|1700692488\n|switch|p1a: Cinderace|Cinderace, M|55\/100\n|-damage|p1a: Cinderace|43\/100|[from] Spikes\n|switch|p2a: Clodsire|Clodsire, F|91\/100\n|\n|upkeep\n|turn|83\n|\n|t:|1700692496\n|switch|p2a: Clefable|Clefable, M|100\/100\n|move|p1a: Cinderace|Pyro Ball|p2a: Clefable|[miss]\n|-miss|p1a: Cinderace|p2a: Clefable\n|\n|upkeep\n|turn|84\n|\n|t:|1700692502\n|switch|p1a: Slowking|Slowking-Galar, F|62\/100 brn\n|-damage|p1a: Slowking|49\/100 brn|[from] Spikes\n|move|p2a: Clefable|Stealth Rock|p1a: Slowking\n|-sidestart|p1: derl|move: Stealth Rock\n|\n|-damage|p1a: Slowking|43\/100 brn|[from] brn\n|upkeep\n|turn|85\n|\n|t:|1700692514\n|switch|p2a: Slowking|Slowking, M, shiny|81\/100 psn\n|move|p1a: Slowking|Chilly Reception|p1a: Slowking\n|-weather|Snow\n|inactive|derl has 120 seconds left.\n|\n|t:|1700692526\n|switch|p1a: Cinderace|Cinderace, M|43\/100|[from] Chilly Reception\n|-damage|p1a: Cinderace|31\/100|[from] Spikes\n|-damage|p1a: Cinderace|6\/100|[from] Stealth Rock\n|\n|-weather|Snow|[upkeep]\n|-damage|p2a: Slowking|69\/100 psn|[from] psn\n|upkeep\n|turn|86\n|inactive|derl has 120 seconds left.\n|\n|t:|1700692534\n|switch|p2a: Chesnaught|Chesnaught, F|100\/100\n|move|p1a: Cinderace|U-turn|p2a: Chesnaught\n|-start|p1a: Cinderace|typechange|Bug|[from] ability: Libero\n|-damage|p2a: Chesnaught|79\/100\n|inactive|derl has 120 seconds left.\n|\n|t:|1700692552\n|switch|p1a: Slowking|Slowking-Galar, F|76\/100 brn|[from] U-turn\n|-damage|p1a: Slowking|64\/100 brn|[from] Spikes\n|-damage|p1a: Slowking|52\/100 brn|[from] Stealth Rock\n|\n|-weather|Snow|[upkeep]\n|-damage|p1a: Slowking|45\/100 brn|[from] brn\n|upkeep\n|turn|87\n|\n|t:|1700692559\n|switch|p2a: Slowking|Slowking, M, shiny|100\/100 psn\n|move|p1a: Slowking|Future Sight|p2a: Slowking\n|-start|p1a: Slowking|move: Future Sight\n|\n|-weather|Snow|[upkeep]\n|-damage|p2a: Slowking|88\/100 psn|[from] psn\n|-damage|p1a: Slowking|39\/100 brn|[from] brn\n|upkeep\n|turn|88\n|\n|t:|1700692567\n|move|p2a: Slowking|Scald|p1a: Slowking\n|-damage|p1a: Slowking|17\/100 brn\n|move|p1a: Slowking|Sludge Bomb|p2a: Slowking\n|-damage|p2a: Slowking|67\/100 psn\n|\n|-weather|Snow|[upkeep]\n|-damage|p2a: Slowking|54\/100 psn|[from] psn\n|-damage|p1a: Slowking|11\/100 brn|[from] brn\n|upkeep\n|turn|89\n|\n|t:|1700692579\n|move|p2a: Slowking|Slack Off|p2a: Slowking\n|-heal|p2a: Slowking|100\/100 psn\n|move|p1a: Slowking|Chilly Reception|p1a: Slowking\n|\n|t:|1700692588\n|switch|p1a: Thundurus|Thundurus-Therian, M, tera:Flying|75\/100|[from] Chilly Reception\n|-damage|p1a: Thundurus|51\/100|[from] Stealth Rock\n|\n|-weather|none\n|-end|p2a: Slowking|move: Future Sight\n|-resisted|p2a: Slowking\n|-damage|p2a: Slowking|88\/100 psn\n|-damage|p2a: Slowking|75\/100 psn|[from] psn\n|upkeep\n|turn|90\n|\n|t:|1700692593\n|move|p2a: Slowking|Protect|p2a: Slowking\n|-singleturn|p2a: Slowking|Protect\n|move|p1a: Thundurus|Tera Blast|p2a: Slowking|[anim] Tera Blast Flying\n|-activate|p2a: Slowking|move: Protect\n|\n|-damage|p2a: Slowking|63\/100 psn|[from] psn\n|upkeep\n|turn|91\n|\n|t:|1700692600\n|move|p1a: Thundurus|Tera Blast|p2a: Slowking|[anim] Tera Blast Flying\n|-damage|p2a: Slowking|24\/100 psn\n|move|p2a: Slowking|Slack Off|p2a: Slowking\n|-heal|p2a: Slowking|74\/100 psn\n|\n|-damage|p2a: Slowking|62\/100 psn|[from] psn\n|upkeep\n|turn|92\n|\n|t:|1700692609\n|move|p1a: Thundurus|Tera Blast|p2a: Slowking|[anim] Tera Blast Flying\n|-damage|p2a: Slowking|20\/100 psn\n|move|p2a: Slowking|Scald|p1a: Thundurus\n|-damage|p1a: Thundurus|12\/100\n|\n|-damage|p2a: Slowking|7\/100 psn|[from] psn\n|upkeep\n|turn|93\n|\n|t:|1700692616\n|switch|p2a: Clodsire|Clodsire, F|91\/100\n|move|p1a: Thundurus|Tera Blast|p2a: Clodsire|[anim] Tera Blast Flying\n|-damage|p2a: Clodsire|53\/100\n|\n|upkeep\n|turn|94\n|\n|t:|1700692624\n|move|p1a: Thundurus|Tera Blast|p2a: Clodsire|[anim] Tera Blast Flying\n|-damage|p2a: Clodsire|15\/100\n|move|p2a: Clodsire|Recover|p2a: Clodsire\n|-heal|p2a: Clodsire|65\/100\n|\n|upkeep\n|turn|95\n|\n|t:|1700692628\n|move|p1a: Thundurus|Tera Blast|p2a: Clodsire|[anim] Tera Blast Flying\n|-damage|p2a: Clodsire|29\/100\n|move|p2a: Clodsire|Poison Jab|p1a: Thundurus\n|-damage|p1a: Thundurus|0 fnt\n|faint|p1a: Thundurus\n|\n|upkeep\n|\n|t:|1700692635\n|switch|p1a: Slowking|Slowking-Galar, F|44\/100 brn\n|-damage|p1a: Slowking|32\/100 brn|[from] Spikes\n|-damage|p1a: Slowking|19\/100 brn|[from] Stealth Rock\n|turn|96\n|\n|t:|1700692639\n|move|p1a: Slowking|Future Sight|p2a: Clodsire\n|-start|p1a: Slowking|move: Future Sight\n|move|p2a: Clodsire|Earthquake|p1a: Slowking\n|-supereffective|p1a: Slowking\n|-damage|p1a: Slowking|0 fnt\n|faint|p1a: Slowking\n|\n|upkeep\n|\n|t:|1700692642\n|switch|p1a: Ceruledge|Ceruledge, F|20\/100\n|-damage|p1a: Ceruledge|7\/100|[from] Spikes\n|-damage|p1a: Ceruledge|0 fnt|[from] Stealth Rock\n|faint|p1a: Ceruledge\n|\n|t:|1700692643\n|switch|p1a: Cinderace|Cinderace, M|6\/100\n|-damage|p1a: Cinderace|0 fnt|[from] Spikes\n|faint|p1a: Cinderace\n|\n|win|El Stefano\n|raw|derl's rating: 1677 &rarr; <strong>1663<\/strong><br \/>(-14 for losing)\n|raw|El Stefano's rating: 1785 &rarr; <strong>1799<\/strong><br \/>(+14 for winning)\n|c|\u2606derl|gg\n","uploadtime":1700692649,"views":4,"p1id":"derl","p2id":"elstefano","formatid":"gen9ou","rating":1663,"private":0,"password":""}