{"id":"gen9ou-1994575087","p1":"SkyPrincess420","p2":"Silent_Kid0","format":"[Gen 9] OU","log":"|j|\u2606SkyPrincess420\n|j|\u2606Silent_Kid0\n|t:|1700462573\n|gametype|singles\n|player|p1|SkyPrincess420|caitlin|1417\n|player|p2|Silent_Kid0|swimmerf|1347\n|teamsize|p1|6\n|teamsize|p2|6\n|gen|9\n|tier|[Gen 9] OU\n|rated|\n|rule|Sleep Clause Mod: Limit one foe put to sleep\n|rule|Species Clause: Limit one of each Pok\u00e9mon\n|rule|OHKO Clause: OHKO moves are banned\n|rule|Evasion Items Clause: Evasion items are banned\n|rule|Evasion Moves Clause: Evasion moves are banned\n|rule|Endless Battle Clause: Forcing endless battles is banned\n|rule|HP Percentage Mod: HP is shown in percentages\n|clearpoke\n|poke|p1|Pelipper, M|\n|poke|p1|Zapdos|\n|poke|p1|Basculegion, M|\n|poke|p1|Ludicolo, F|\n|poke|p1|Ting-Lu|\n|poke|p1|Corviknight, F|\n|poke|p2|Landorus-Therian, M|\n|poke|p2|Iron Moth|\n|poke|p2|Zapdos|\n|poke|p2|Gholdengo|\n|poke|p2|Great Tusk|\n|poke|p2|Ribombee, F|\n|teampreview\n|inactive|Battle timer is ON: inactive players will automatically lose when time's up. (requested by Silent_Kid0)\n|inactive|SkyPrincess420 has 120 seconds left.\n|\n|t:|1700462605\n|start\n|switch|p1a: Corviknight|Corviknight, F|100\/100\n|switch|p2a: Ribombee|Ribombee, F|100\/100\n|-ability|p1a: Corviknight|Pressure\n|turn|1\n|\n|t:|1700462612\n|switch|p2a: Zapdos|Zapdos|100\/100\n|-ability|p2a: Zapdos|Pressure\n|move|p1a: Corviknight|U-turn|p2a: Zapdos\n|-resisted|p2a: Zapdos\n|-damage|p2a: Zapdos|95\/100\n|\n|t:|1700462618\n|switch|p1a: Nigel|Pelipper, M|100\/100|[from] U-turn\n|-weather|RainDance|[from] ability: Drizzle|[of] p1a: Nigel\n|\n|-weather|RainDance|[upkeep]\n|-heal|p2a: Zapdos|100\/100|[from] item: Leftovers\n|upkeep\n|turn|2\n|\n|t:|1700462622\n|switch|p1a: Ting-Lu|Ting-Lu|100\/100\n|-ability|p1a: Ting-Lu|Vessel of Ruin\n|move|p2a: Zapdos|Thunderbolt|p1a: Ting-Lu\n|-immune|p1a: Ting-Lu\n|\n|-weather|RainDance|[upkeep]\n|upkeep\n|turn|3\n|\n|t:|1700462631\n|move|p2a: Zapdos|Heat Wave|p1a: Ting-Lu\n|-damage|p1a: Ting-Lu|95\/100\n|move|p1a: Ting-Lu|Stealth Rock|p2a: Zapdos\n|-sidestart|p2: Silent_Kid0|move: Stealth Rock\n|\n|-weather|RainDance|[upkeep]\n|-heal|p1a: Ting-Lu|100\/100|[from] item: Leftovers\n|upkeep\n|turn|4\n|\n|t:|1700462645\n|switch|p1a: Ludicolo|Ludicolo, F|100\/100\n|move|p2a: Zapdos|U-turn|p1a: Ludicolo\n|-supereffective|p1a: Ludicolo\n|-damage|p1a: Ludicolo|61\/100\n|\n|t:|1700462654\n|switch|p2a: Iron Moth|Iron Moth|100\/100|[from] U-turn\n|\n|-weather|RainDance|[upkeep]\n|upkeep\n|turn|5\n|\n|t:|1700462661\n|-end|p2a: Iron Moth|Quark Drive|[silent]\n|switch|p2a: Zapdos|Zapdos|100\/100\n|-damage|p2a: Zapdos|76\/100|[from] Stealth Rock\n|-ability|p2a: Zapdos|Pressure\n|move|p1a: Ludicolo|Surf|p2a: Zapdos\n|-damage|p2a: Zapdos|2\/100\n|-damage|p1a: Ludicolo|51\/100|[from] item: Life Orb\n|\n|-weather|RainDance|[upkeep]\n|-heal|p2a: Zapdos|8\/100|[from] item: Leftovers\n|upkeep\n|turn|6\n|\n|t:|1700462669\n|move|p1a: Ludicolo|Surf|p2a: Zapdos\n|-damage|p2a: Zapdos|0 fnt\n|faint|p2a: Zapdos\n|-damage|p1a: Ludicolo|41\/100|[from] item: Life Orb\n|\n|-weather|RainDance|[upkeep]\n|upkeep\n|\n|t:|1700462689\n|switch|p2a: Gholdengo|Gholdengo|100\/100\n|-damage|p2a: Gholdengo|94\/100|[from] Stealth Rock\n|turn|7\n|\n|t:|1700462693\n|move|p1a: Ludicolo|Hydro Pump|p2a: Gholdengo\n|-damage|p2a: Gholdengo|0 fnt\n|faint|p2a: Gholdengo\n|-damage|p1a: Ludicolo|31\/100|[from] item: Life Orb\n|\n|-weather|RainDance|[upkeep]\n|upkeep\n|\n|t:|1700462706\n|switch|p2a: Great Tusk|Great Tusk|100\/100\n|-damage|p2a: Great Tusk|98\/100|[from] Stealth Rock\n|-enditem|p2a: Great Tusk|Booster Energy\n|-activate|p2a: Great Tusk|ability: Protosynthesis|[fromitem]\n|-start|p2a: Great Tusk|protosynthesisatk\n|turn|8\n|\n|t:|1700462710\n|-terastallize|p2a: Great Tusk|Fighting\n|move|p1a: Ludicolo|Surf|p2a: Great Tusk\n|-damage|p2a: Great Tusk|0 fnt\n|faint|p2a: Great Tusk\n|-end|p2a: Great Tusk|Protosynthesis|[silent]\n|-damage|p1a: Ludicolo|21\/100|[from] item: Life Orb\n|\n|-weather|none\n|upkeep\n|\n|t:|1700462714\n|switch|p2a: Ribombee|Ribombee, F|100\/100\n|-damage|p2a: Ribombee|76\/100|[from] Stealth Rock\n|turn|9\n|-message|Silent_Kid0 forfeited.\n|\n|win|SkyPrincess420\n|raw|SkyPrincess420's rating: 1417 &rarr; <strong>1433<\/strong><br \/>(+16 for winning)\n|raw|Silent_Kid0's rating: 1347 &rarr; <strong>1331<\/strong><br \/>(-16 for losing)\n|l|\u2606Silent_Kid0\n","uploadtime":1700462725,"views":10,"p1id":"skyprincess420","p2id":"silentkid0","formatid":"gen9ou","rating":1331,"private":0,"password":""}