{"id":"gen9ou-1991663526","p1":"iron tusk 69","p2":"wooloo supremacy","format":"[Gen 9] OU","log":"|j|\u2606iron tusk 69\n|j|\u2606wooloo supremacy\n|t:|1700099956\n|gametype|singles\n|player|p1|iron tusk 69|biker-gen4|1793\n|player|p2|wooloo supremacy|adaman|1772\n|teamsize|p1|6\n|teamsize|p2|6\n|gen|9\n|tier|[Gen 9] OU\n|rated|\n|rule|Sleep Clause Mod: Limit one foe put to sleep\n|rule|Species Clause: Limit one of each Pok\u00e9mon\n|rule|OHKO Clause: OHKO moves are banned\n|rule|Evasion Items Clause: Evasion items are banned\n|rule|Evasion Moves Clause: Evasion moves are banned\n|rule|Endless Battle Clause: Forcing endless battles is banned\n|rule|HP Percentage Mod: HP is shown in percentages\n|clearpoke\n|poke|p1|Ribombee, F|\n|poke|p1|Samurott-Hisui, F|\n|poke|p1|Glimmora, F|\n|poke|p1|Ninetales-Alola, F|\n|poke|p1|Iron Treads|\n|poke|p1|Kingambit, F|\n|poke|p2|Great Tusk|\n|poke|p2|Hatterene, F|\n|poke|p2|Dondozo, M|\n|poke|p2|Mandibuzz, F|\n|poke|p2|Heatran, F|\n|poke|p2|Dragapult, F|\n|teampreview\n|inactive|Battle timer is ON: inactive players will automatically lose when time's up. (requested by wooloo supremacy)\n|inactive|wooloo supremacy has 120 seconds left.\n|\n|t:|1700099992\n|start\n|switch|p1a: WEB META|Ribombee, F|100\/100\n|switch|p2a: Dondozo|Dondozo, M|100\/100\n|turn|1\n|\n|t:|1700099999\n|move|p1a: WEB META|Moonblast|p2a: Dondozo\n|-damage|p2a: Dondozo|75\/100\n|-unboost|p2a: Dondozo|spa|1\n|move|p2a: Dondozo|Liquidation|p1a: WEB META\n|-damage|p1a: WEB META|40\/100\n|\n|-heal|p2a: Dondozo|82\/100|[from] item: Leftovers\n|upkeep\n|turn|2\n|\n|t:|1700100009\n|switch|p2a: Hatterene|Hatterene, F|100\/100\n|move|p1a: WEB META|Moonblast|p2a: Hatterene\n|-damage|p2a: Hatterene|61\/100\n|\n|-heal|p2a: Hatterene|67\/100|[from] item: Leftovers\n|upkeep\n|turn|3\n|\n|t:|1700100015\n|move|p1a: WEB META|Quiver Dance|p1a: WEB META\n|-boost|p1a: WEB META|spa|1\n|-boost|p1a: WEB META|spd|1\n|-boost|p1a: WEB META|spe|1\n|move|p2a: Hatterene|Draining Kiss|p1a: WEB META\n|-damage|p1a: WEB META|12\/100\n|-heal|p2a: Hatterene|84\/100|[from] drain|[of] p1a: WEB META\n|\n|-heal|p2a: Hatterene|90\/100|[from] item: Leftovers\n|upkeep\n|turn|4\n|\n|t:|1700100021\n|move|p1a: WEB META|Moonblast|p2a: Hatterene\n|-damage|p2a: Hatterene|23\/100\n|-unboost|p2a: Hatterene|spa|1\n|move|p2a: Hatterene|Draining Kiss|p1a: WEB META\n|-damage|p1a: WEB META|0 fnt\n|-heal|p2a: Hatterene|30\/100|[from] drain|[of] p1a: WEB META\n|faint|p1a: WEB META\n|\n|-heal|p2a: Hatterene|36\/100|[from] item: Leftovers\n|upkeep\n|\n|t:|1700100027\n|switch|p1a: SPIKE META|Samurott-Hisui, F|100\/100\n|turn|5\n|\n|t:|1700100031\n|switch|p2a: Mandibuzz|Mandibuzz, F|100\/100\n|move|p1a: SPIKE META|Ceaseless Edge|p2a: Mandibuzz\n|-resisted|p2a: Mandibuzz\n|-damage|p2a: Mandibuzz|91\/100\n|-sidestart|p2: wooloo supremacy|Spikes\n|\n|upkeep\n|turn|6\n|\n|t:|1700100037\n|move|p1a: SPIKE META|Flip Turn|p2a: Mandibuzz\n|-damage|p2a: Mandibuzz|78\/100\n|\n|t:|1700100039\n|switch|p1a: TSPIKE META|Glimmora, F|100\/100|[from] Flip Turn\n|move|p2a: Mandibuzz|U-turn|p1a: TSPIKE META\n|-resisted|p1a: TSPIKE META\n|-damage|p1a: TSPIKE META|93\/100\n|j| sUwUcide\n|j| Amogusroxyrrrr\n|c|\u2606wooloo supremacy|nahh this is scary asf LMAO\n|c|\u2606wooloo supremacy|now yall joining\n|inactive|wooloo supremacy has 120 seconds left.\n|c|\u2606wooloo supremacy|np tera blast ground a9 boutta go wild\n|\n|t:|1700100082\n|switch|p2a: Dondozo|Dondozo, M|82\/100|[from] U-turn\n|-damage|p2a: Dondozo|69\/100|[from] Spikes\n|\n|-heal|p2a: Dondozo|75\/100|[from] item: Leftovers\n|upkeep\n|turn|7\n|\n|t:|1700100101\n|switch|p2a: Mandibuzz|Mandibuzz, F|78\/100\n|move|p1a: TSPIKE META|Stealth Rock|p2a: Mandibuzz\n|-sidestart|p2: wooloo supremacy|move: Stealth Rock\n|\n|upkeep\n|turn|8\n|\n|t:|1700100106\n|move|p1a: TSPIKE META|Toxic|p2a: Mandibuzz\n|-status|p2a: Mandibuzz|tox\n|move|p2a: Mandibuzz|Defog|p1a: TSPIKE META\n|-unboost|p1a: TSPIKE META|evasion|1\n|-sideend|p2: wooloo supremacy|Spikes|[from] move: Defog|[of] p2a: Mandibuzz\n|-sideend|p2: wooloo supremacy|Stealth Rock|[from] move: Defog|[of] p2a: Mandibuzz\n|\n|-damage|p2a: Mandibuzz|72\/100 tox|[from] psn\n|upkeep\n|turn|9\n|\n|t:|1700100119\n|switch|p2a: Dragapult|Dragapult, F|100\/100\n|move|p1a: TSPIKE META|Toxic|p2a: Dragapult\n|-status|p2a: Dragapult|tox\n|\n|-damage|p2a: Dragapult|95\/100 tox|[from] psn\n|upkeep\n|turn|10\n|\n|t:|1700100129\n|switch|p1a: SPIKE META|Samurott-Hisui, F|100\/100\n|move|p2a: Dragapult|Shadow Ball|p1a: SPIKE META\n|-resisted|p1a: SPIKE META\n|-damage|p1a: SPIKE META|73\/100\n|-unboost|p1a: SPIKE META|spd|1\n|\n|-damage|p2a: Dragapult|83\/100 tox|[from] psn\n|upkeep\n|turn|11\n|\n|t:|1700100135\n|switch|p2a: Hatterene|Hatterene, F|36\/100\n|move|p1a: SPIKE META|Ceaseless Edge|p2a: Hatterene\n|-damage|p2a: Hatterene|8\/100\n|-sidestart|p2: wooloo supremacy|Spikes\n|\n|-heal|p2a: Hatterene|14\/100|[from] item: Leftovers\n|upkeep\n|turn|12\n|\n|t:|1700100140\n|move|p1a: SPIKE META|Ceaseless Edge|p2a: Hatterene\n|-damage|p2a: Hatterene|0 fnt\n|-sidestart|p2: wooloo supremacy|Spikes\n|faint|p2a: Hatterene\n|\n|upkeep\n|\n|t:|1700100144\n|switch|p2a: Great Tusk|Great Tusk|100\/100\n|-damage|p2a: Great Tusk|84\/100|[from] Spikes\n|turn|13\n|\n|t:|1700100147\n|move|p2a: Great Tusk|Headlong Rush|p1a: SPIKE META\n|-damage|p1a: SPIKE META|0 fnt\n|-unboost|p2a: Great Tusk|def|1\n|-unboost|p2a: Great Tusk|spd|1\n|faint|p1a: SPIKE META\n|\n|upkeep\n|\n|t:|1700100152\n|switch|p1a: IRON TUSK 69|Iron Treads|100\/100\n|-enditem|p1a: IRON TUSK 69|Booster Energy\n|-activate|p1a: IRON TUSK 69|ability: Quark Drive|[fromitem]\n|-start|p1a: IRON TUSK 69|quarkdrivespe\n|turn|14\n|\n|t:|1700100159\n|-end|p2a: Great Tusk|Protosynthesis|[silent]\n|switch|p2a: Dondozo|Dondozo, M|75\/100\n|-damage|p2a: Dondozo|59\/100|[from] Spikes\n|move|p1a: IRON TUSK 69|Steel Beam|p2a: Dondozo\n|-resisted|p2a: Dondozo\n|-damage|p2a: Dondozo|42\/100\n|-damage|p1a: IRON TUSK 69|50\/100|[from] steelbeam\n|\n|-heal|p2a: Dondozo|48\/100|[from] item: Leftovers\n|upkeep\n|turn|15\n|\n|t:|1700100164\n|move|p1a: IRON TUSK 69|Earth Power|p2a: Dondozo\n|-damage|p2a: Dondozo|26\/100\n|move|p2a: Dondozo|Rest|p2a: Dondozo\n|-status|p2a: Dondozo|slp|[from] move: Rest\n|-heal|p2a: Dondozo|100\/100 slp|[silent]\n|\n|upkeep\n|turn|16\n|\n|t:|1700100170\n|-end|p1a: IRON TUSK 69|Quark Drive|[silent]\n|switch|p1a: 69tales|Ninetales-Alola, F|100\/100\n|-weather|Snow|[from] ability: Snow Warning|[of] p1a: 69tales\n|cant|p2a: Dondozo|slp\n|move|p2a: Dondozo|Sleep Talk|p2a: Dondozo\n|move|p2a: Dondozo|Curse|p2a: Dondozo|[from]move: Sleep Talk\n|-unboost|p2a: Dondozo|spe|1\n|-boost|p2a: Dondozo|atk|1\n|-boost|p2a: Dondozo|def|1\n|\n|-weather|Snow|[upkeep]\n|upkeep\n|turn|17\n|\n|t:|1700100175\n|switch|p2a: Heatran|Heatran, F|100\/100\n|-damage|p2a: Heatran|84\/100|[from] Spikes\n|move|p1a: 69tales|Encore||[still]\n|-fail|p1a: 69tales\n|\n|-weather|Snow|[upkeep]\n|-heal|p2a: Heatran|90\/100|[from] item: Leftovers\n|upkeep\n|turn|18\n|\n|t:|1700100180\n|switch|p1a: TSPIKE META|Glimmora, F|93\/100\n|move|p2a: Heatran|Magma Storm|p1a: TSPIKE META\n|-resisted|p1a: TSPIKE META\n|-damage|p1a: TSPIKE META|66\/100\n|-activate|p1a: TSPIKE META|move: Magma Storm|[of] p2a: Heatran\n|\n|-weather|Snow|[upkeep]\n|-heal|p2a: Heatran|96\/100|[from] item: Leftovers\n|-damage|p1a: TSPIKE META|53\/100|[from] move: Magma Storm|[partiallytrapped]\n|upkeep\n|turn|19\n|\n|t:|1700100185\n|move|p2a: Heatran|Protect|p2a: Heatran\n|-singleturn|p2a: Heatran|Protect\n|move|p1a: TSPIKE META|Earth Power|p2a: Heatran\n|-activate|p2a: Heatran|move: Protect\n|\n|-weather|Snow|[upkeep]\n|-heal|p2a: Heatran|100\/100|[from] item: Leftovers\n|-damage|p1a: TSPIKE META|41\/100|[from] move: Magma Storm|[partiallytrapped]\n|upkeep\n|turn|20\n|\n|t:|1700100192\n|switch|p2a: Dragapult|Dragapult, F|83\/100 tox\n|-damage|p2a: Dragapult|66\/100 tox|[from] Spikes\n|move|p1a: TSPIKE META|Toxic|p2a: Dragapult\n|-fail|p2a: Dragapult|tox\n|\n|-weather|none\n|-damage|p2a: Dragapult|60\/100 tox|[from] psn\n|-end|p1a: TSPIKE META|Magma Storm|[partiallytrapped]|[silent]\n|upkeep\n|turn|21\n|\n|t:|1700100199\n|switch|p1a: IRON TUSK 69|Iron Treads|50\/100\n|move|p2a: Dragapult|Draco Meteor|p1a: IRON TUSK 69\n|-resisted|p1a: IRON TUSK 69\n|-damage|p1a: IRON TUSK 69|0 fnt\n|-unboost|p2a: Dragapult|spa|2\n|faint|p1a: IRON TUSK 69\n|-end|p1a: IRON TUSK 69|Quark Drive|[silent]\n|\n|-damage|p2a: Dragapult|48\/100 tox|[from] psn\n|upkeep\n|\n|t:|1700100204\n|switch|p1a: 69tales|Ninetales-Alola, F|100\/100\n|-weather|Snow|[from] ability: Snow Warning|[of] p1a: 69tales\n|turn|22\n|\n|t:|1700100209\n|switch|p2a: Heatran|Heatran, F|100\/100\n|-damage|p2a: Heatran|84\/100|[from] Spikes\n|switch|p1a: TSPIKE META|Glimmora, F|41\/100\n|\n|-weather|Snow|[upkeep]\n|-heal|p2a: Heatran|90\/100|[from] item: Leftovers\n|upkeep\n|turn|23\n|\n|t:|1700100214\n|switch|p2a: Dragapult|Dragapult, F|48\/100 tox\n|-damage|p2a: Dragapult|32\/100 tox|[from] Spikes\n|move|p1a: TSPIKE META|Toxic|p2a: Dragapult\n|-fail|p2a: Dragapult|tox\n|\n|-weather|Snow|[upkeep]\n|-damage|p2a: Dragapult|26\/100 tox|[from] psn\n|upkeep\n|turn|24\n|\n|t:|1700100219\n|switch|p1a: 69tales|Ninetales-Alola, F|100\/100\n|move|p2a: Dragapult|Flamethrower|p1a: 69tales\n|-supereffective|p1a: 69tales\n|-damage|p1a: 69tales|23\/100\n|\n|-weather|Snow|[upkeep]\n|-damage|p2a: Dragapult|14\/100 tox|[from] psn\n|upkeep\n|turn|25\n|\n|t:|1700100228\n|switch|p1a: TSPIKE META|Glimmora, F|41\/100\n|move|p2a: Dragapult|Flamethrower|p1a: TSPIKE META\n|-resisted|p1a: TSPIKE META\n|-damage|p1a: TSPIKE META|15\/100\n|-status|p1a: TSPIKE META|brn\n|\n|-weather|Snow|[upkeep]\n|-damage|p2a: Dragapult|0 fnt|[from] psn\n|faint|p2a: Dragapult\n|-damage|p1a: TSPIKE META|9\/100 brn|[from] brn\n|upkeep\n|c|\u2606iron tusk 69|poggers\n|\n|t:|1700100237\n|switch|p2a: Mandibuzz|Mandibuzz, F|72\/100 tox\n|turn|26\n|\n|t:|1700100241\n|move|p1a: TSPIKE META|Stealth Rock|p2a: Mandibuzz\n|-sidestart|p2: wooloo supremacy|move: Stealth Rock\n|move|p2a: Mandibuzz|Defog|p1a: TSPIKE META\n|-unboost|p1a: TSPIKE META|evasion|1\n|-sideend|p2: wooloo supremacy|Spikes|[from] move: Defog|[of] p2a: Mandibuzz\n|-sideend|p2: wooloo supremacy|Stealth Rock|[from] move: Defog|[of] p2a: Mandibuzz\n|\n|-weather|none\n|-damage|p2a: Mandibuzz|66\/100 tox|[from] psn\n|-damage|p1a: TSPIKE META|3\/100 brn|[from] brn\n|upkeep\n|turn|27\n|\n|t:|1700100247\n|move|p1a: TSPIKE META|Stealth Rock|p2a: Mandibuzz\n|-sidestart|p2: wooloo supremacy|move: Stealth Rock\n|move|p2a: Mandibuzz|Roost|p2a: Mandibuzz\n|-heal|p2a: Mandibuzz|100\/100 tox\n|-singleturn|p2a: Mandibuzz|move: Roost\n|\n|-damage|p2a: Mandibuzz|88\/100 tox|[from] psn\n|-damage|p1a: TSPIKE META|0 fnt|[from] brn\n|faint|p1a: TSPIKE META\n|upkeep\n|j| Ctannn\n|\n|t:|1700100249\n|switch|p1a: 69tales|Ninetales-Alola, F|23\/100\n|-weather|Snow|[from] ability: Snow Warning|[of] p1a: 69tales\n|turn|28\n|\n|t:|1700100254\n|switch|p2a: Heatran|Heatran, F|90\/100\n|-damage|p2a: Heatran|78\/100|[from] Stealth Rock\n|move|p1a: 69tales|Encore||[still]\n|-fail|p1a: 69tales\n|\n|-weather|Snow|[upkeep]\n|-heal|p2a: Heatran|84\/100|[from] item: Leftovers\n|upkeep\n|turn|29\n|\n|t:|1700100259\n|move|p1a: 69tales|Hypnosis|p2a: Heatran\n|-status|p2a: Heatran|slp|[from] move: Hypnosis\n|cant|p2a: Heatran|slp\n|\n|-weather|Snow|[upkeep]\n|-heal|p2a: Heatran|90\/100 slp|[from] item: Leftovers\n|upkeep\n|turn|30\n|\n|t:|1700100264\n|switch|p1a: Rigged Suspect|Kingambit, F|100\/100\n|-activate|p1a: Rigged Suspect|ability: Supreme Overlord\n|-start|p1a: Rigged Suspect|fallen4|[silent]\n|cant|p2a: Heatran|slp\n|\n|-weather|Snow|[upkeep]\n|-heal|p2a: Heatran|96\/100 slp|[from] item: Leftovers\n|upkeep\n|turn|31\n|\n|t:|1700100270\n|switch|p2a: Great Tusk|Great Tusk|84\/100\n|-damage|p2a: Great Tusk|81\/100|[from] Stealth Rock\n|-terastallize|p1a: Rigged Suspect|Fairy\n|move|p1a: Rigged Suspect|Swords Dance|p1a: Rigged Suspect\n|-boost|p1a: Rigged Suspect|atk|2\n|\n|-weather|Snow|[upkeep]\n|upkeep\n|turn|32\n|\n|t:|1700100275\n|move|p2a: Great Tusk|Headlong Rush|p1a: Rigged Suspect\n|-damage|p1a: Rigged Suspect|36\/100\n|-unboost|p2a: Great Tusk|def|1\n|-unboost|p2a: Great Tusk|spd|1\n|move|p1a: Rigged Suspect|Tera Blast|p2a: Great Tusk|[anim] Tera Blast Fairy\n|-supereffective|p2a: Great Tusk\n|-damage|p2a: Great Tusk|0 fnt\n|faint|p2a: Great Tusk\n|-end|p2a: Great Tusk|Protosynthesis|[silent]\n|\n|-weather|none\n|-heal|p1a: Rigged Suspect|42\/100|[from] item: Leftovers\n|upkeep\n|\n|t:|1700100282\n|switch|p2a: Mandibuzz|Mandibuzz, F|88\/100 tox\n|turn|33\n|\n|t:|1700100288\n|move|p2a: Mandibuzz|Foul Play|p1a: Rigged Suspect\n|-resisted|p1a: Rigged Suspect\n|-damage|p1a: Rigged Suspect|3\/100\n|move|p1a: Rigged Suspect|Tera Blast|p2a: Mandibuzz|[anim] Tera Blast Fairy\n|-supereffective|p2a: Mandibuzz\n|-damage|p2a: Mandibuzz|0 fnt\n|faint|p2a: Mandibuzz\n|\n|-heal|p1a: Rigged Suspect|9\/100|[from] item: Leftovers\n|upkeep\n|\n|t:|1700100293\n|switch|p2a: Dondozo|Dondozo, M|100\/100 slp\n|-damage|p2a: Dondozo|88\/100 slp|[from] Stealth Rock\n|turn|34\n|\n|t:|1700100304\n|move|p1a: Rigged Suspect|Kowtow Cleave|p2a: Dondozo\n|-damage|p2a: Dondozo|45\/100 slp\n|cant|p2a: Dondozo|slp\n|move|p2a: Dondozo|Sleep Talk|p2a: Dondozo\n|move|p2a: Dondozo|Liquidation|p1a: Rigged Suspect|[from]move: Sleep Talk\n|-crit|p1a: Rigged Suspect\n|-damage|p1a: Rigged Suspect|0 fnt\n|faint|p1a: Rigged Suspect\n|-end|p1a: Rigged Suspect|fallen4|[silent]\n|\n|-heal|p2a: Dondozo|51\/100 slp|[from] item: Leftovers\n|upkeep\n|\n|t:|1700100308\n|switch|p1a: 69tales|Ninetales-Alola, F|23\/100\n|-weather|Snow|[from] ability: Snow Warning|[of] p1a: 69tales\n|turn|35\n|c|\u2606wooloo supremacy|gg\n|c|\u2606iron tusk 69|gg\n|\n|t:|1700100315\n|switch|p2a: Heatran|Heatran, F|96\/100 slp\n|-damage|p2a: Heatran|84\/100 slp|[from] Stealth Rock\n|move|p1a: 69tales|Freeze-Dry|p2a: Heatran\n|-resisted|p2a: Heatran\n|-damage|p2a: Heatran|81\/100 slp\n|\n|-weather|Snow|[upkeep]\n|-heal|p2a: Heatran|87\/100 slp|[from] item: Leftovers\n|upkeep\n|turn|36\n|c|\u2606wooloo supremacy|heat\n|\n|t:|1700100326\n|move|p1a: 69tales|Encore||[still]\n|-fail|p1a: 69tales\n|cant|p2a: Heatran|slp\n|\n|-weather|Snow|[upkeep]\n|-heal|p2a: Heatran|93\/100 slp|[from] item: Leftovers\n|upkeep\n|turn|37\n|\n|t:|1700100333\n|move|p1a: 69tales|Aurora Veil|p1a: 69tales\n|-sidestart|p1: iron tusk 69|move: Aurora Veil\n|-curestatus|p2a: Heatran|slp|[msg]\n|move|p2a: Heatran|Earth Power|p1a: 69tales\n|-damage|p1a: 69tales|11\/100\n|\n|-weather|Snow|[upkeep]\n|-heal|p2a: Heatran|99\/100|[from] item: Leftovers\n|upkeep\n|turn|38\n|\n|t:|1700100338\n|move|p1a: 69tales|Hypnosis|p2a: Heatran|[miss]\n|-miss|p1a: 69tales|p2a: Heatran\n|move|p2a: Heatran|Earth Power|p1a: 69tales\n|-damage|p1a: 69tales|0 fnt\n|faint|p1a: 69tales\n|\n|win|wooloo supremacy\n|raw|iron tusk 69's rating: 1793 &rarr; <strong>1772<\/strong><br \/>(-21 for losing)\n|raw|wooloo supremacy's rating: 1772 &rarr; <strong>1793<\/strong><br \/>(+21 for winning)\n|c|\u2606iron tusk 69|gg\n|c|\u2606iron tusk 69|gg\n","uploadtime":1700100342,"views":20,"p1id":"irontusk69","p2id":"wooloosupremacy","formatid":"gen9ou","rating":1772,"private":0,"password":""}