{"id":"gen9ou-1992023318","p1":"Aviated_Froakie","p2":"barterq","format":"[Gen 9] OU","log":"|j|\u2606Aviated_Froakie\n|j|\u203dbarterq\n|t:|1700148586\n|gametype|singles\n|player|p1|Aviated_Froakie|silver|1102\n|player|p2|barterq|hugh|1083\n|teamsize|p1|6\n|teamsize|p2|6\n|gen|9\n|tier|[Gen 9] OU\n|rated|\n|rule|Sleep Clause Mod: Limit one foe put to sleep\n|rule|Species Clause: Limit one of each Pok\u00e9mon\n|rule|OHKO Clause: OHKO moves are banned\n|rule|Evasion Items Clause: Evasion items are banned\n|rule|Evasion Moves Clause: Evasion moves are banned\n|rule|Endless Battle Clause: Forcing endless battles is banned\n|rule|HP Percentage Mod: HP is shown in percentages\n|clearpoke\n|poke|p1|Samurott-Hisui, M|\n|poke|p1|Cinderace, M|\n|poke|p1|Ogerpon, F|\n|poke|p1|Arcanine-Hisui, M|\n|poke|p1|Quaquaval, M|\n|poke|p1|Tornadus-Therian, M|\n|poke|p2|Ursaluna, M|\n|poke|p2|Basculegion-F, F|\n|poke|p2|Glimmora, F|\n|poke|p2|Gholdengo|\n|poke|p2|Dondozo, F|\n|poke|p2|Kingambit, M|\n|teampreview\n|inactive|Battle timer is ON: inactive players will automatically lose when time's up. (requested by barterq)\n|\n|t:|1700148592\n|start\n|switch|p1a: Goober|Ogerpon, F|100\/100\n|switch|p2a: Glimmora|Glimmora, F|100\/100\n|turn|1\n|\n|t:|1700148600\n|move|p1a: Goober|Swords Dance|p1a: Goober\n|-boost|p1a: Goober|atk|2\n|move|p2a: Glimmora|Stealth Rock|p1a: Goober\n|-sidestart|p1: Aviated_Froakie|move: Stealth Rock\n|\n|upkeep\n|turn|2\n|\n|t:|1700148609\n|-terastallize|p1a: Goober|Grass\n|detailschange|p1a: Goober|Ogerpon-Teal-Tera, F, tera:Grass\n|-ability|p1a: Goober|Embody Aspect (Teal)|boost\n|-boost|p1a: Goober|spe|1\n|move|p1a: Goober|Ivy Cudgel|p2a: Glimmora\n|-crit|p2a: Glimmora\n|-enditem|p2a: Glimmora|Focus Sash\n|-damage|p2a: Glimmora|1\/100\n|-activate|p2a: Glimmora|ability: Toxic Debris\n|-sidestart|p1: Aviated_Froakie|move: Toxic Spikes\n|move|p2a: Glimmora|Toxic|p1a: Goober\n|-status|p1a: Goober|tox\n|\n|-damage|p1a: Goober|95\/100 tox|[from] psn\n|upkeep\n|turn|3\n|\n|t:|1700148624\n|move|p1a: Goober|Knock Off|p2a: Glimmora\n|-damage|p2a: Glimmora|0 fnt\n|-activate|p2a: Glimmora|ability: Toxic Debris\n|-sidestart|p1: Aviated_Froakie|move: Toxic Spikes\n|faint|p2a: Glimmora\n|\n|-damage|p1a: Goober|83\/100 tox|[from] psn\n|upkeep\n|inactive|barterq has 120 seconds left.\n|\n|t:|1700148650\n|switch|p2a: Ursaluna|Ursaluna, M|100\/100\n|turn|4\n|\n|t:|1700148660\n|-terastallize|p2a: Ursaluna|Normal\n|move|p1a: Goober|Ivy Cudgel|p2a: Ursaluna\n|-crit|p2a: Ursaluna\n|-damage|p2a: Ursaluna|0 fnt\n|faint|p2a: Ursaluna\n|\n|-damage|p1a: Goober|65\/100 tox|[from] psn\n|upkeep\n|\n|t:|1700148666\n|switch|p2a: Kingambit|Kingambit, M|100\/100\n|turn|5\n|\n|t:|1700148673\n|move|p2a: Kingambit|Sucker Punch|p1a: Goober\n|-damage|p1a: Goober|0 fnt\n|faint|p1a: Goober\n|\n|upkeep\n|\n|t:|1700148677\n|switch|p1a: Flarrot|Cinderace, M, shiny|100\/100\n|turn|6\n|\n|t:|1700148681\n|switch|p2a: Dondozo|Dondozo, F|100\/100\n|move|p1a: Flarrot|Court Change|p1a: Flarrot\n|-start|p1a: Flarrot|typechange|Normal|[from] ability: Libero\n|-swapsideconditions\n|-activate|p1a: Flarrot|move: Court Change\n|\n|upkeep\n|turn|7\n|\n|t:|1700148699\n|switch|p1a: Rai|Samurott-Hisui, M|100\/100\n|move|p2a: Dondozo|Yawn|p1a: Rai\n|-start|p1a: Rai|move: Yawn|[of] p2a: Dondozo\n|\n|upkeep\n|turn|8\n|\n|t:|1700148709\n|switch|p1a: \ud83c\udf82|Quaquaval, M, shiny|100\/100\n|move|p2a: Dondozo|Curse|p2a: Dondozo\n|-unboost|p2a: Dondozo|spe|1\n|-boost|p2a: Dondozo|atk|1\n|-boost|p2a: Dondozo|def|1\n|\n|upkeep\n|turn|9\n|\n|t:|1700148716\n|move|p1a: \ud83c\udf82|Knock Off|p2a: Dondozo\n|-damage|p2a: Dondozo|91\/100\n|-enditem|p2a: Dondozo|Leftovers|[from] move: Knock Off|[of] p1a: \ud83c\udf82\n|move|p2a: Dondozo|Yawn|p1a: \ud83c\udf82\n|-start|p1a: \ud83c\udf82|move: Yawn|[of] p2a: Dondozo\n|\n|upkeep\n|turn|10\n|\n|t:|1700148733\n|switch|p1a: Rai|Samurott-Hisui, M|100\/100\n|move|p2a: Dondozo|Body Press|p1a: Rai\n|-supereffective|p1a: Rai\n|-enditem|p1a: Rai|Focus Sash\n|-damage|p1a: Rai|1\/100\n|\n|upkeep\n|turn|11\n|\n|t:|1700148741\n|move|p1a: Rai|Ceaseless Edge|p2a: Dondozo\n|-damage|p2a: Dondozo|76\/100\n|-sidestart|p2: barterq|Spikes\n|move|p2a: Dondozo|Body Press|p1a: Rai\n|-supereffective|p1a: Rai\n|-damage|p1a: Rai|0 fnt\n|faint|p1a: Rai\n|\n|upkeep\n|\n|t:|1700148749\n|switch|p1a: Nimbus|Arcanine-Hisui, M, shiny|100\/100\n|-item|p1a: Nimbus|Air Balloon\n|turn|12\n|\n|t:|1700148755\n|move|p1a: Nimbus|Head Smash|p2a: Dondozo\n|-damage|p2a: Dondozo|54\/100\n|move|p2a: Dondozo|Liquidation|p1a: Nimbus\n|-supereffective|p1a: Nimbus\n|-damage|p1a: Nimbus|0 fnt\n|-enditem|p1a: Nimbus|Air Balloon\n|faint|p1a: Nimbus\n|\n|upkeep\n|\n|t:|1700148765\n|switch|p1a: Nado|Tornadus-Therian, M, shiny|100\/100\n|turn|13\n|\n|t:|1700148769\n|move|p1a: Nado|Heat Wave|p2a: Dondozo\n|-resisted|p2a: Dondozo\n|-damage|p2a: Dondozo|40\/100\n|move|p2a: Dondozo|Liquidation|p1a: Nado\n|-crit|p1a: Nado\n|-damage|p1a: Nado|16\/100\n|-unboost|p1a: Nado|def|1\n|\n|upkeep\n|turn|14\n|\n|t:|1700148777\n|move|p1a: Nado|Bleakwind Storm|p2a: Dondozo\n|-damage|p2a: Dondozo|0 fnt\n|faint|p2a: Dondozo\n|\n|upkeep\n|\n|t:|1700148782\n|switch|p2a: Kingambit|Kingambit, M|100\/100\n|-damage|p2a: Kingambit|94\/100|[from] Stealth Rock\n|-damage|p2a: Kingambit|82\/100|[from] Spikes\n|turn|15\n|\n|t:|1700148788\n|move|p2a: Kingambit|Sucker Punch|p1a: Nado\n|-damage|p1a: Nado|0 fnt\n|faint|p1a: Nado\n|\n|upkeep\n|\n|t:|1700148793\n|switch|p1a: \ud83c\udf82|Quaquaval, M, shiny|100\/100\n|turn|16\n|\n|t:|1700148797\n|switch|p2a: Basculegion|Basculegion-F, F|100\/100\n|-damage|p2a: Basculegion|88\/100|[from] Stealth Rock\n|-status|p2a: Basculegion|tox\n|-damage|p2a: Basculegion|76\/100 tox|[from] Spikes\n|move|p1a: \ud83c\udf82|Aqua Step|p2a: Basculegion\n|-resisted|p2a: Basculegion\n|-damage|p2a: Basculegion|50\/100 tox\n|-boost|p1a: \ud83c\udf82|spe|1\n|\n|-damage|p2a: Basculegion|44\/100 tox|[from] psn\n|upkeep\n|turn|17\n|\n|t:|1700148809\n|move|p1a: \ud83c\udf82|Knock Off|p2a: Basculegion\n|-supereffective|p2a: Basculegion\n|-damage|p2a: Basculegion|0 fnt\n|-enditem|p2a: Basculegion|Assault Vest|[from] move: Knock Off|[of] p1a: \ud83c\udf82\n|faint|p2a: Basculegion\n|-ability|p1a: \ud83c\udf82|Moxie|boost\n|-boost|p1a: \ud83c\udf82|atk|1\n|\n|upkeep\n|\n|t:|1700148823\n|switch|p2a: Gholdengo|Gholdengo|100\/100\n|-damage|p2a: Gholdengo|94\/100|[from] Stealth Rock\n|-item|p2a: Gholdengo|Air Balloon\n|turn|18\n|\n|t:|1700148831\n|move|p1a: \ud83c\udf82|Knock Off|p2a: Gholdengo\n|-supereffective|p2a: Gholdengo\n|-damage|p2a: Gholdengo|0 fnt\n|-enditem|p2a: Gholdengo|Air Balloon\n|faint|p2a: Gholdengo\n|-ability|p1a: \ud83c\udf82|Moxie|boost\n|-boost|p1a: \ud83c\udf82|atk|1\n|\n|upkeep\n|\n|t:|1700148835\n|switch|p2a: Kingambit|Kingambit, M|82\/100\n|-damage|p2a: Kingambit|76\/100|[from] Stealth Rock\n|-damage|p2a: Kingambit|63\/100|[from] Spikes\n|turn|19\n|\n|t:|1700148844\n|move|p2a: Kingambit|Sucker Punch|p1a: \ud83c\udf82\n|-resisted|p1a: \ud83c\udf82\n|-damage|p1a: \ud83c\udf82|59\/100\n|move|p1a: \ud83c\udf82|Close Combat|p2a: Kingambit\n|-supereffective|p2a: Kingambit\n|-damage|p2a: Kingambit|0 fnt\n|-unboost|p1a: \ud83c\udf82|def|1\n|-unboost|p1a: \ud83c\udf82|spd|1\n|faint|p2a: Kingambit\n|\n|win|Aviated_Froakie\n|raw|Aviated_Froakie's rating: 1102 &rarr; <strong>1126<\/strong><br \/>(+24 for winning)\n|raw|barterq's rating: 1083 &rarr; <strong>1062<\/strong><br \/>(-21 for losing)\n|l|\u203dbarterq\n","uploadtime":1700148856,"views":7,"p1id":"aviatedfroakie","p2id":"barterq","formatid":"gen9ou","rating":1062,"private":0,"password":""}