{"id":"gen9ou-1990090583","p1":"Geekco","p2":"Toano","format":"[Gen 9] OU","log":"|j|\u2606Geekco\n|j|\u2606Toano\n|t:|1699923506\n|gametype|singles\n|player|p1|Geekco|calem-masters|1324\n|player|p2|Toano|red|1321\n|teamsize|p1|6\n|teamsize|p2|6\n|gen|9\n|tier|[Gen 9] OU\n|rated|\n|rule|Sleep Clause Mod: Limit one foe put to sleep\n|rule|Species Clause: Limit one of each Pok\u00e9mon\n|rule|OHKO Clause: OHKO moves are banned\n|rule|Evasion Items Clause: Evasion items are banned\n|rule|Evasion Moves Clause: Evasion moves are banned\n|rule|Endless Battle Clause: Forcing endless battles is banned\n|rule|HP Percentage Mod: HP is shown in percentages\n|clearpoke\n|poke|p1|Samurott-Hisui, M|\n|poke|p1|Iron Valiant|\n|poke|p1|Gholdengo|\n|poke|p1|Dragonite, M|\n|poke|p1|Enamorus, F|\n|poke|p1|Zamazenta-*|\n|poke|p2|Scizor, M|\n|poke|p2|Zamazenta-*|\n|poke|p2|Weavile, F|\n|poke|p2|Zapdos|\n|poke|p2|Azumarill, F|\n|poke|p2|Iron Moth|\n|teampreview\n|inactive|Battle timer is ON: inactive players will automatically lose when time's up. (requested by Toano)\n|\n|t:|1699923521\n|start\n|switch|p1a: Samurott|Samurott-Hisui, M|100\/100\n|switch|p2a: Zapdos|Zapdos|100\/100\n|turn|1\n|\n|t:|1699923536\n|move|p2a: Zapdos|Thunderbolt|p1a: Samurott\n|-supereffective|p1a: Samurott\n|-enditem|p1a: Samurott|Focus Sash\n|-damage|p1a: Samurott|1\/100\n|-status|p1a: Samurott|par\n|move|p1a: Samurott|Ceaseless Edge|p2a: Zapdos\n|-damage|p2a: Zapdos|50\/100\n|-sidestart|p2: Toano|Spikes\n|\n|upkeep\n|turn|2\n|\n|t:|1699923549\n|move|p1a: Samurott|Aqua Jet|p2a: Zapdos\n|-damage|p2a: Zapdos|29\/100\n|move|p2a: Zapdos|Thunderbolt|p1a: Samurott\n|-supereffective|p1a: Samurott\n|-damage|p1a: Samurott|0 fnt\n|faint|p1a: Samurott\n|\n|upkeep\n|\n|t:|1699923563\n|switch|p1a: Gholdengo|Gholdengo|100\/100\n|turn|3\n|\n|t:|1699923568\n|move|p1a: Gholdengo|Shadow Ball|p2a: Zapdos\n|-damage|p2a: Zapdos|0 fnt\n|faint|p2a: Zapdos\n|\n|upkeep\n|\n|t:|1699923572\n|switch|p2a: Iron Moth|Iron Moth|100\/100\n|-damage|p2a: Iron Moth|88\/100|[from] Spikes\n|-enditem|p2a: Iron Moth|Booster Energy\n|-activate|p2a: Iron Moth|ability: Quark Drive|[fromitem]\n|-start|p2a: Iron Moth|quarkdrivespa\n|turn|4\n|\n|t:|1699923585\n|switch|p1a: Dragonite|Dragonite, M|100\/100\n|move|p2a: Iron Moth|Fiery Dance|p1a: Dragonite\n|-resisted|p1a: Dragonite\n|-damage|p1a: Dragonite|86\/100\n|-boost|p2a: Iron Moth|spa|1\n|\n|upkeep\n|turn|5\n|\n|t:|1699923600\n|move|p2a: Iron Moth|Sludge Wave|p1a: Dragonite\n|-damage|p1a: Dragonite|0 fnt\n|faint|p1a: Dragonite\n|\n|upkeep\n|\n|t:|1699923607\n|switch|p1a: Iron Valiant|Iron Valiant|100\/100\n|-enditem|p1a: Iron Valiant|Booster Energy\n|-activate|p1a: Iron Valiant|ability: Quark Drive|[fromitem]\n|-start|p1a: Iron Valiant|quarkdrivespe\n|turn|6\n|\n|t:|1699923615\n|-terastallize|p1a: Iron Valiant|Ghost\n|move|p1a: Iron Valiant|Shadow Ball|p2a: Iron Moth\n|-damage|p2a: Iron Moth|46\/100\n|-unboost|p2a: Iron Moth|spd|1\n|move|p2a: Iron Moth|Sludge Wave|p1a: Iron Valiant\n|-resisted|p1a: Iron Valiant\n|-damage|p1a: Iron Valiant|9\/100\n|\n|upkeep\n|turn|7\n|\n|t:|1699923626\n|move|p1a: Iron Valiant|Shadow Ball|p2a: Iron Moth\n|-damage|p2a: Iron Moth|0 fnt\n|faint|p2a: Iron Moth\n|-end|p2a: Iron Moth|Quark Drive|[silent]\n|\n|upkeep\n|\n|t:|1699923633\n|switch|p2a: Evil Miss|Weavile, F|100\/100\n|-damage|p2a: Evil Miss|88\/100|[from] Spikes\n|-ability|p2a: Evil Miss|Pressure\n|turn|8\n|\n|t:|1699923639\n|-end|p1a: Iron Valiant|Quark Drive|[silent]\n|switch|p1a: Enamorus|Enamorus, F|100\/100\n|move|p2a: Evil Miss|Ice Shard|p1a: Enamorus\n|-supereffective|p1a: Enamorus\n|-damage|p1a: Enamorus|30\/100\n|\n|-heal|p1a: Enamorus|36\/100|[from] item: Leftovers\n|upkeep\n|turn|9\n|\n|t:|1699923649\n|switch|p1a: Zamazenta|Zamazenta|100\/100\n|-ability|p1a: Zamazenta|Dauntless Shield|boost\n|-boost|p1a: Zamazenta|def|1\n|move|p2a: Evil Miss|Swords Dance|p2a: Evil Miss\n|-boost|p2a: Evil Miss|atk|2\n|\n|upkeep\n|turn|10\n|\n|t:|1699923678\n|switch|p2a: Azumarill|Azumarill, F|100\/100\n|-damage|p2a: Azumarill|88\/100|[from] Spikes\n|move|p1a: Zamazenta|Iron Defense|p1a: Zamazenta\n|-boost|p1a: Zamazenta|def|2\n|\n|upkeep\n|turn|11\n|\n|t:|1699923688\n|switch|p1a: Gholdengo|Gholdengo|100\/100\n|move|p2a: Azumarill|Belly Drum|p2a: Azumarill\n|-damage|p2a: Azumarill|38\/100\n|-setboost|p2a: Azumarill|atk|6|[from] move: Belly Drum\n|\n|upkeep\n|turn|12\n|\n|t:|1699923696\n|-terastallize|p2a: Azumarill|Water\n|move|p2a: Azumarill|Aqua Jet|p1a: Gholdengo\n|-damage|p1a: Gholdengo|0 fnt\n|faint|p1a: Gholdengo\n|\n|upkeep\n|\n|t:|1699923704\n|switch|p1a: Zamazenta|Zamazenta|100\/100\n|turn|13\n|\n|t:|1699923708\n|move|p2a: Azumarill|Aqua Jet|p1a: Zamazenta\n|-damage|p1a: Zamazenta|0 fnt\n|faint|p1a: Zamazenta\n|\n|upkeep\n|-message|Geekco forfeited.\n|\n|win|Toano\n|raw|Geekco's rating: 1324 &rarr; <strong>1304<\/strong><br \/>(-20 for losing)\n|raw|Toano's rating: 1321 &rarr; <strong>1341<\/strong><br \/>(+20 for winning)\n|l|\u2606Geekco\n|c|\u2606Toano|GG\n","uploadtime":1699923720,"views":28,"p1id":"geekco","p2id":"toano","formatid":"gen9ou","rating":1304,"private":0,"password":""}