{"id":"gen9ou-1999384979","p1":"XKD4life","p2":"ziyi1117","format":"[Gen 9] OU","log":"|j|\u2606XKD4life\n|j|\u2606ziyi1117\n|t:|1701071312\n|gametype|singles\n|player|p1|XKD4life|jasmine|1078\n|player|p2|ziyi1117|linebacker|1148\n|teamsize|p1|6\n|teamsize|p2|6\n|gen|9\n|tier|[Gen 9] OU\n|rated|\n|rule|Sleep Clause Mod: Limit one foe put to sleep\n|rule|Species Clause: Limit one of each Pok\u00e9mon\n|rule|OHKO Clause: OHKO moves are banned\n|rule|Evasion Items Clause: Evasion items are banned\n|rule|Evasion Moves Clause: Evasion moves are banned\n|rule|Endless Battle Clause: Forcing endless battles is banned\n|rule|HP Percentage Mod: HP is shown in percentages\n|clearpoke\n|poke|p1|Phione|\n|poke|p1|Cyclizar, F|\n|poke|p1|Pelipper, M|\n|poke|p1|Goodra-Hisui, F|\n|poke|p1|Ludicolo, F|\n|poke|p1|Politoed, F|\n|poke|p2|Heatran, F|\n|poke|p2|Great Tusk|\n|poke|p2|Gholdengo|\n|poke|p2|Weezing-Galar, M|\n|poke|p2|Quaquaval, F|\n|poke|p2|Okidogi, M|\n|teampreview\n|\n|t:|1701071322\n|start\n|switch|p1a: Politoed|Politoed, F|100\/100\n|switch|p2a: Gholdengo|Gholdengo|100\/100\n|-weather|RainDance|[from] ability: Drizzle|[of] p1a: Politoed\n|turn|1\n|\n|t:|1701071327\n|move|p2a: Gholdengo|Thunderbolt|p1a: Politoed\n|-supereffective|p1a: Politoed\n|-damage|p1a: Politoed|21\/100\n|move|p1a: Politoed|Icy Wind|p2a: Gholdengo\n|-resisted|p2a: Gholdengo\n|-damage|p2a: Gholdengo|92\/100\n|-unboost|p2a: Gholdengo|spe|1\n|\n|-weather|RainDance|[upkeep]\n|upkeep\n|turn|2\n|\n|t:|1701071333\n|switch|p1a: Goodra|Goodra-Hisui, F|100\/100\n|move|p2a: Gholdengo|Thunderbolt|p1a: Goodra\n|-resisted|p1a: Goodra\n|-damage|p1a: Goodra|85\/100\n|-status|p1a: Goodra|par\n|\n|-weather|RainDance|[upkeep]\n|-heal|p1a: Goodra|91\/100 par|[from] item: Leftovers\n|upkeep\n|turn|3\n|\n|t:|1701071363\n|switch|p2a: Heatran|Heatran, F|100\/100\n|move|p1a: Goodra|Shelter|p1a: Goodra\n|-boost|p1a: Goodra|def|2\n|\n|-weather|RainDance|[upkeep]\n|-heal|p1a: Goodra|97\/100 par|[from] item: Leftovers\n|upkeep\n|turn|4\n|\n|t:|1701071377\n|move|p2a: Heatran|Earth Power|p1a: Goodra\n|-supereffective|p1a: Goodra\n|-damage|p1a: Goodra|49\/100 par\n|move|p1a: Goodra|Thunderbolt|p2a: Heatran\n|-damage|p2a: Heatran|81\/100\n|\n|-weather|RainDance|[upkeep]\n|-heal|p1a: Goodra|55\/100 par|[from] item: Leftovers\n|upkeep\n|turn|5\n|\n|t:|1701071388\n|switch|p1a: Pelipper|Pelipper, M|100\/100\n|move|p2a: Heatran|Earth Power|p1a: Pelipper\n|-immune|p1a: Pelipper\n|\n|-weather|RainDance|[upkeep]\n|upkeep\n|turn|6\n|\n|t:|1701071391\n|move|p2a: Heatran|Magma Storm|p1a: Pelipper\n|-resisted|p1a: Pelipper\n|-damage|p1a: Pelipper|81\/100\n|-activate|p1a: Pelipper|move: Magma Storm|[of] p2a: Heatran\n|move|p1a: Pelipper|Hydro Pump|p2a: Heatran\n|-supereffective|p2a: Heatran\n|-damage|p2a: Heatran|8\/100\n|\n|-weather|RainDance|[upkeep]\n|-damage|p1a: Pelipper|69\/100|[from] move: Magma Storm|[partiallytrapped]\n|upkeep\n|turn|7\n|\n|t:|1701071406\n|switch|p2a: Quaquaval|Quaquaval, F|100\/100\n|move|p1a: Pelipper|U-turn|p2a: Quaquaval\n|-resisted|p2a: Quaquaval\n|-damage|p2a: Quaquaval|95\/100\n|\n|t:|1701071417\n|switch|p1a: Ludicolo|Ludicolo, F|100\/100|[from] U-turn\n|\n|-weather|RainDance|[upkeep]\n|upkeep\n|turn|8\n|\n|t:|1701071439\n|switch|p2a: Heatran|Heatran, F|8\/100\n|move|p1a: Ludicolo|Energy Ball|p2a: Heatran\n|-resisted|p2a: Heatran\n|-damage|p2a: Heatran|0 fnt\n|faint|p2a: Heatran\n|-damage|p1a: Ludicolo|91\/100|[from] item: Life Orb\n|\n|-weather|none\n|upkeep\n|\n|t:|1701071460\n|switch|p2a: Okidogi|Okidogi, M|100\/100\n|turn|9\n|\n|t:|1701071465\n|switch|p1a: Politoed|Politoed, F|21\/100\n|-weather|RainDance|[from] ability: Drizzle|[of] p1a: Politoed\n|move|p2a: Okidogi|Bulk Up|p2a: Okidogi\n|-boost|p2a: Okidogi|atk|1\n|-boost|p2a: Okidogi|def|1\n|\n|-weather|RainDance|[upkeep]\n|upkeep\n|turn|10\n|\n|t:|1701071475\n|move|p2a: Okidogi|Poison Jab|p1a: Politoed\n|-damage|p1a: Politoed|0 fnt\n|faint|p1a: Politoed\n|\n|-weather|RainDance|[upkeep]\n|upkeep\n|\n|t:|1701071481\n|switch|p1a: Ludicolo|Ludicolo, F|91\/100\n|turn|11\n|\n|t:|1701071505\n|-terastallize|p1a: Ludicolo|Ground\n|move|p1a: Ludicolo|Tera Blast|p2a: Okidogi|[anim] Tera Blast Ground\n|-supereffective|p2a: Okidogi\n|-damage|p2a: Okidogi|8\/100\n|-damage|p1a: Ludicolo|81\/100|[from] item: Life Orb\n|move|p2a: Okidogi|Poison Jab|p1a: Ludicolo\n|-resisted|p1a: Ludicolo\n|-damage|p1a: Ludicolo|40\/100\n|-status|p1a: Ludicolo|psn\n|\n|-weather|RainDance|[upkeep]\n|-heal|p2a: Okidogi|14\/100|[from] item: Leftovers\n|-damage|p1a: Ludicolo|28\/100 psn|[from] psn\n|upkeep\n|turn|12\n|\n|t:|1701071532\n|move|p1a: Ludicolo|Surf|p2a: Okidogi\n|-damage|p2a: Okidogi|0 fnt\n|faint|p2a: Okidogi\n|-damage|p1a: Ludicolo|18\/100 psn|[from] item: Life Orb\n|\n|-weather|RainDance|[upkeep]\n|-damage|p1a: Ludicolo|6\/100 psn|[from] psn\n|upkeep\n|\n|t:|1701071539\n|switch|p2a: Weezing|Weezing-Galar, M|100\/100\n|-ability|p2a: Weezing|Neutralizing Gas\n|turn|13\n|\n|t:|1701071547\n|switch|p1a: Goodra|Goodra-Hisui, F|55\/100 par\n|-end|p2a: Weezing|ability: Neutralizing Gas\n|switch|p2a: Great Tusk|Great Tusk|100\/100\n|\n|-weather|RainDance|[upkeep]\n|-heal|p1a: Goodra|61\/100 par|[from] item: Leftovers\n|upkeep\n|turn|14\n|\n|t:|1701071561\n|move|p2a: Great Tusk|Ice Spinner|p1a: Goodra\n|-damage|p1a: Goodra|33\/100 par\n|cant|p1a: Goodra|par\n|\n|-weather|RainDance|[upkeep]\n|-heal|p1a: Goodra|39\/100 par|[from] item: Leftovers\n|upkeep\n|turn|15\n|\n|t:|1701071569\n|move|p2a: Great Tusk|Ice Spinner|p1a: Goodra\n|-damage|p1a: Goodra|12\/100 par\n|move|p1a: Goodra|Ice Beam|p2a: Great Tusk\n|-supereffective|p2a: Great Tusk\n|-crit|p2a: Great Tusk\n|-damage|p2a: Great Tusk|36\/100\n|\n|-weather|RainDance|[upkeep]\n|-heal|p1a: Goodra|18\/100 par|[from] item: Leftovers\n|upkeep\n|turn|16\n|\n|t:|1701071574\n|move|p2a: Great Tusk|Ice Spinner|p1a: Goodra\n|-damage|p1a: Goodra|0 fnt\n|faint|p1a: Goodra\n|\n|-weather|none\n|upkeep\n|\n|t:|1701071580\n|switch|p1a: Cyclizar|Cyclizar, F|100\/100\n|turn|17\n|\n|t:|1701071590\n|move|p1a: Cyclizar|Knock Off|p2a: Great Tusk\n|-resisted|p2a: Great Tusk\n|-damage|p2a: Great Tusk|26\/100\n|-enditem|p2a: Great Tusk|Assault Vest|[from] move: Knock Off|[of] p1a: Cyclizar\n|move|p2a: Great Tusk|Close Combat|p1a: Cyclizar\n|-supereffective|p1a: Cyclizar\n|-damage|p1a: Cyclizar|0 fnt\n|-unboost|p2a: Great Tusk|def|1\n|-unboost|p2a: Great Tusk|spd|1\n|faint|p1a: Cyclizar\n|\n|upkeep\n|\n|t:|1701071596\n|switch|p1a: Pelipper|Pelipper, M|69\/100\n|-weather|RainDance|[from] ability: Drizzle|[of] p1a: Pelipper\n|turn|18\n|\n|t:|1701071619\n|-end|p2a: Great Tusk|Protosynthesis|[silent]\n|switch|p2a: Weezing|Weezing-Galar, M|100\/100\n|-ability|p2a: Weezing|Neutralizing Gas\n|move|p1a: Pelipper|Hurricane|p2a: Weezing\n|-damage|p2a: Weezing|49\/100\n|-start|p2a: Weezing|confusion\n|\n|-weather|RainDance|[upkeep]\n|-heal|p2a: Weezing|55\/100|[from] item: Black Sludge\n|upkeep\n|turn|19\n|\n|t:|1701071627\n|move|p1a: Pelipper|Hurricane|p2a: Weezing\n|-damage|p2a: Weezing|4\/100\n|-activate|p2a: Weezing|confusion\n|move|p2a: Weezing|Pain Split|p1a: Pelipper\n|-sethp|p1a: Pelipper|36\/100|[from] move: Pain Split|[silent]\n|-sethp|p2a: Weezing|35\/100|[from] move: Pain Split\n|\n|-weather|RainDance|[upkeep]\n|-heal|p2a: Weezing|41\/100|[from] item: Black Sludge\n|upkeep\n|turn|20\n|\n|t:|1701071643\n|-end|p2a: Weezing|ability: Neutralizing Gas\n|switch|p2a: Gholdengo|Gholdengo|92\/100\n|move|p1a: Pelipper|Hurricane|p2a: Gholdengo\n|-resisted|p2a: Gholdengo\n|-damage|p2a: Gholdengo|70\/100\n|\n|-weather|RainDance|[upkeep]\n|upkeep\n|turn|21\n|inactive|Battle timer is ON: inactive players will automatically lose when time's up. (requested by ziyi1117)\n|\n|t:|1701071682\n|switch|p1a: Phione|Phione|100\/100\n|move|p2a: Gholdengo|Thunderbolt|p1a: Phione\n|-supereffective|p1a: Phione\n|-damage|p1a: Phione|0 fnt\n|faint|p1a: Phione\n|\n|-weather|RainDance|[upkeep]\n|upkeep\n|\n|t:|1701071685\n|switch|p1a: Ludicolo|Ludicolo, F, tera:Ground|6\/100 psn\n|turn|22\n|\n|t:|1701071694\n|switch|p2a: Weezing|Weezing-Galar, M|41\/100\n|-ability|p2a: Weezing|Neutralizing Gas\n|move|p1a: Ludicolo|Surf|p2a: Weezing\n|-damage|p2a: Weezing|0 fnt\n|faint|p2a: Weezing\n|-end|p2a: Weezing|ability: Neutralizing Gas\n|-damage|p1a: Ludicolo|0 fnt|[from] item: Life Orb\n|faint|p1a: Ludicolo\n|\n|-weather|RainDance|[upkeep]\n|upkeep\n|\n|t:|1701071705\n|switch|p1a: Pelipper|Pelipper, M|36\/100\n|switch|p2a: Gholdengo|Gholdengo|70\/100\n|turn|23\n|\n|t:|1701071711\n|move|p2a: Gholdengo|Thunderbolt|p1a: Pelipper\n|-supereffective|p1a: Pelipper\n|-damage|p1a: Pelipper|0 fnt\n|faint|p1a: Pelipper\n|\n|win|ziyi1117\n|raw|XKD4life's rating: 1078 &rarr; <strong>1061<\/strong><br \/>(-17 for losing)\n|raw|ziyi1117's rating: 1148 &rarr; <strong>1168<\/strong><br \/>(+20 for winning)\n|l|\u2606XKD4life\n","uploadtime":1701071720,"views":13,"p1id":"xkd4life","p2id":"ziyi1117","formatid":"gen9ou","rating":1061,"private":0,"password":""}