{"id":"gen9ou-1993848907","p1":"Gregory Mirabella","p2":"numSkull31","format":"[Gen 9] OU","log":"|j|\u2606Gregory Mirabella\n|j|\u2606numSkull31\n|t:|1700364947\n|gametype|singles\n|player|p1|Gregory Mirabella|lusamine-nihilego|1095\n|player|p2|numSkull31|pokekid|1139\n|teamsize|p1|6\n|teamsize|p2|6\n|gen|9\n|tier|[Gen 9] OU\n|rated|\n|rule|Sleep Clause Mod: Limit one foe put to sleep\n|rule|Species Clause: Limit one of each Pok\u00e9mon\n|rule|OHKO Clause: OHKO moves are banned\n|rule|Evasion Items Clause: Evasion items are banned\n|rule|Evasion Moves Clause: Evasion moves are banned\n|rule|Endless Battle Clause: Forcing endless battles is banned\n|rule|HP Percentage Mod: HP is shown in percentages\n|clearpoke\n|poke|p1|Landorus-Therian, M|\n|poke|p1|Alomomola, F|\n|poke|p1|Slowking-Galar, M|\n|poke|p1|Jolteon, F|\n|poke|p1|Tatsugiri-Droopy, F|\n|poke|p1|Ceruledge, F|\n|poke|p2|Samurott-Hisui, F|\n|poke|p2|Glimmora, F|\n|poke|p2|Ribombee, M|\n|poke|p2|Iron Moth|\n|poke|p2|Gholdengo|\n|poke|p2|Kingambit, F|\n|teampreview\n|c|\u2606Gregory Mirabella|glhf\n|\n|t:|1700364988\n|start\n|switch|p1a: Jolteon|Jolteon, F|100\/100\n|switch|p2a: Ribombee|Ribombee, M|100\/100\n|turn|1\n|\n|t:|1700364995\n|move|p1a: Jolteon|Thunderbolt|p2a: Ribombee\n|-damage|p2a: Ribombee|11\/100\n|-damage|p1a: Jolteon|91\/100|[from] item: Life Orb\n|move|p2a: Ribombee|Sticky Web|p1a: Jolteon\n|-sidestart|p1: Gregory Mirabella|move: Sticky Web\n|\n|upkeep\n|turn|2\n|\n|t:|1700365004\n|move|p1a: Jolteon|Volt Switch|p2a: Ribombee\n|-damage|p2a: Ribombee|0 fnt\n|faint|p2a: Ribombee\n|-damage|p1a: Jolteon|81\/100|[from] item: Life Orb\n|\n|t:|1700365029\n|switch|p1a: Tatsugiri|Tatsugiri-Droopy, F|100\/100|[from] Volt Switch\n|\n|upkeep\n|\n|t:|1700365035\n|switch|p2a: Glimmora|Glimmora, F|100\/100\n|turn|3\n|\n|t:|1700365041\n|move|p2a: Glimmora|Stealth Rock|p1a: Tatsugiri\n|-sidestart|p1: Gregory Mirabella|move: Stealth Rock\n|move|p1a: Tatsugiri|Rapid Spin|p2a: Glimmora\n|-resisted|p2a: Glimmora\n|-damage|p2a: Glimmora|97\/100\n|-boost|p1a: Tatsugiri|spe|1\n|-activate|p2a: Glimmora|ability: Toxic Debris\n|-sidestart|p1: Gregory Mirabella|move: Toxic Spikes\n|-sideend|p1: Gregory Mirabella|Toxic Spikes|[from] move: Rapid Spin|[of] p1a: Tatsugiri\n|-sideend|p1: Gregory Mirabella|Stealth Rock|[from] move: Rapid Spin|[of] p1a: Tatsugiri\n|-sideend|p1: Gregory Mirabella|Sticky Web|[from] move: Rapid Spin|[of] p1a: Tatsugiri\n|-enditem|p2a: Glimmora|Red Card|[of] p1a: Tatsugiri\n|drag|p1a: Jolteon|Jolteon, F|81\/100\n|\n|upkeep\n|turn|4\n|\n|t:|1700365053\n|move|p1a: Jolteon|Thunderbolt|p2a: Glimmora\n|-damage|p2a: Glimmora|10\/100\n|-damage|p1a: Jolteon|71\/100|[from] item: Life Orb\n|move|p2a: Glimmora|Stealth Rock|p1a: Jolteon\n|-sidestart|p1: Gregory Mirabella|move: Stealth Rock\n|\n|upkeep\n|turn|5\n|\n|t:|1700365068\n|switch|p2a: Gholdengo|Gholdengo|100\/100\n|-item|p2a: Gholdengo|Air Balloon\n|move|p1a: Jolteon|Volt Switch|p2a: Gholdengo\n|-damage|p2a: Gholdengo|51\/100\n|-enditem|p2a: Gholdengo|Air Balloon\n|-damage|p1a: Jolteon|61\/100|[from] item: Life Orb\n|\n|t:|1700365076\n|switch|p1a: Landorus|Landorus-Therian, M, shiny|100\/100|[from] Volt Switch\n|-damage|p1a: Landorus|88\/100|[from] Stealth Rock\n|-ability|p1a: Landorus|Intimidate|boost\n|-unboost|p2a: Gholdengo|atk|1\n|\n|upkeep\n|turn|6\n|\n|t:|1700365087\n|move|p1a: Landorus|Earthquake|p2a: Gholdengo\n|-supereffective|p2a: Gholdengo\n|-crit|p2a: Gholdengo\n|-damage|p2a: Gholdengo|0 fnt\n|faint|p2a: Gholdengo\n|\n|upkeep\n|-message|numSkull31 forfeited.\n|\n|win|Gregory Mirabella\n|raw|Gregory Mirabella's rating: 1095 &rarr; <strong>1124<\/strong><br \/>(+29 for winning)\n|raw|numSkull31's rating: 1139 &rarr; <strong>1111<\/strong><br \/>(-28 for losing)\n|l|\u2606numSkull31\n|c|\u2606Gregory Mirabella|gg i guess\n","uploadtime":1700365098,"views":8,"p1id":"gregorymirabella","p2id":"numskull31","formatid":"gen9ou","rating":1111,"private":0,"password":""}