{"id":"gen9ou-1989082438","p1":"Hoot-hoot Shiny","p2":"Zac Bread","format":"[Gen 9] OU","log":"|j|\u2606Hoot-hoot Shiny\n|j|\u2606Zac Bread\n|t:|1699810243\n|gametype|singles\n|player|p1|Hoot-hoot Shiny|burglar|1584\n|player|p2|Zac Bread|169|1734\n|teamsize|p1|6\n|teamsize|p2|6\n|gen|9\n|tier|[Gen 9] OU\n|rated|\n|rule|Sleep Clause Mod: Limit one foe put to sleep\n|rule|Species Clause: Limit one of each Pok\u00e9mon\n|rule|OHKO Clause: OHKO moves are banned\n|rule|Evasion Items Clause: Evasion items are banned\n|rule|Evasion Moves Clause: Evasion moves are banned\n|rule|Endless Battle Clause: Forcing endless battles is banned\n|rule|HP Percentage Mod: HP is shown in percentages\n|clearpoke\n|poke|p1|Rotom-Wash|\n|poke|p1|Dragonite, M|\n|poke|p1|Garchomp, F|\n|poke|p1|Tyranitar, M|\n|poke|p1|Kingambit, F|\n|poke|p1|Iron Valiant|\n|poke|p2|Glimmora, M|\n|poke|p2|Ogerpon-Wellspring, F|\n|poke|p2|Kingambit, M|\n|poke|p2|Iron Moth|\n|poke|p2|Gholdengo|\n|poke|p2|Great Tusk|\n|teampreview\n|inactive|Battle timer is ON: inactive players will automatically lose when time's up. (requested by Zac Bread)\n|inactive|Hoot-hoot Shiny also wants the timer to be on.\n|\n|t:|1699810267\n|start\n|switch|p1a: Garchomp|Garchomp, F|100\/100\n|switch|p2a: Vermilion|Ogerpon-Wellspring, F|100\/100\n|turn|1\n|\n|t:|1699810271\n|-terastallize|p1a: Garchomp|Dragon\n|move|p2a: Vermilion|Swords Dance|p2a: Vermilion\n|-boost|p2a: Vermilion|atk|2\n|move|p1a: Garchomp|Draco Meteor|p2a: Vermilion\n|-damage|p2a: Vermilion|33\/100\n|-unboost|p1a: Garchomp|spa|2\n|\n|upkeep\n|turn|2\n|\n|t:|1699810277\n|move|p2a: Vermilion|Knock Off|p1a: Garchomp\n|-damage|p1a: Garchomp|46\/100\n|-damage|p2a: Vermilion|20\/100|[from] ability: Rough Skin|[of] p1a: Garchomp\n|-damage|p2a: Vermilion|4\/100|[from] item: Rocky Helmet|[of] p1a: Garchomp\n|-enditem|p1a: Garchomp|Rocky Helmet|[from] move: Knock Off|[of] p2a: Vermilion\n|move|p1a: Garchomp|Stealth Rock|p2a: Vermilion\n|-sidestart|p2: Zac Bread|move: Stealth Rock\n|\n|upkeep\n|turn|3\n|\n|t:|1699810284\n|move|p2a: Vermilion|Power Whip|p1a: Garchomp\n|-resisted|p1a: Garchomp\n|-damage|p1a: Garchomp|1\/100\n|-damage|p2a: Vermilion|0 fnt|[from] ability: Rough Skin|[of] p1a: Garchomp\n|faint|p2a: Vermilion\n|move|p1a: Garchomp|Dragon Tail|p2: Vermilion|[notarget]\n|-fail|p1a: Garchomp\n|\n|upkeep\n|\n|t:|1699810286\n|switch|p2a: Butcher's Hook|Great Tusk|100\/100\n|-damage|p2a: Butcher's Hook|98\/100|[from] Stealth Rock\n|-enditem|p2a: Butcher's Hook|Booster Energy\n|-activate|p2a: Butcher's Hook|ability: Protosynthesis|[fromitem]\n|-start|p2a: Butcher's Hook|protosynthesisatk\n|turn|4\n|\n|t:|1699810292\n|move|p2a: Butcher's Hook|Rapid Spin|p1a: Garchomp\n|-damage|p1a: Garchomp|0 fnt\n|-boost|p2a: Butcher's Hook|spe|1\n|-damage|p2a: Butcher's Hook|85\/100|[from] ability: Rough Skin|[of] p1a: Garchomp\n|-sideend|p2: Zac Bread|Stealth Rock|[from] move: Rapid Spin|[of] p2a: Butcher's Hook\n|faint|p1a: Garchomp\n|\n|upkeep\n|\n|t:|1699810295\n|switch|p1a: Iron Valiant|Iron Valiant|100\/100\n|-enditem|p1a: Iron Valiant|Booster Energy\n|-activate|p1a: Iron Valiant|ability: Quark Drive|[fromitem]\n|-start|p1a: Iron Valiant|quarkdrivespe\n|turn|5\n|\n|t:|1699810297\n|-end|p2a: Butcher's Hook|Protosynthesis|[silent]\n|switch|p2a: Spit it out|Glimmora, M|100\/100\n|move|p1a: Iron Valiant|Shadow Ball|p2a: Spit it out\n|-damage|p2a: Spit it out|67\/100\n|\n|upkeep\n|turn|6\n|\n|t:|1699810300\n|move|p1a: Iron Valiant|Close Combat|p2a: Spit it out\n|-damage|p2a: Spit it out|6\/100\n|-unboost|p1a: Iron Valiant|def|1\n|-unboost|p1a: Iron Valiant|spd|1\n|-activate|p2a: Spit it out|ability: Toxic Debris\n|-sidestart|p1: Hoot-hoot Shiny|move: Toxic Spikes\n|move|p2a: Spit it out|Sludge Wave|p1a: Iron Valiant\n|-supereffective|p1a: Iron Valiant\n|-damage|p1a: Iron Valiant|0 fnt\n|faint|p1a: Iron Valiant\n|-end|p1a: Iron Valiant|Quark Drive|[silent]\n|\n|upkeep\n|\n|t:|1699810304\n|switch|p1a: Rotom|Rotom-Wash|100\/100\n|turn|7\n|\n|t:|1699810307\n|move|p1a: Rotom|Volt Switch|p2a: Spit it out\n|-crit|p2a: Spit it out\n|-damage|p2a: Spit it out|0 fnt\n|faint|p2a: Spit it out\n|\n|t:|1699810310\n|switch|p1a: Dragonite|Dragonite, M, shiny|100\/100|[from] Volt Switch\n|\n|upkeep\n|\n|t:|1699810316\n|switch|p2a: Gematria|Gholdengo|100\/100\n|turn|8\n|\n|t:|1699810319\n|move|p2a: Gematria|Trick|p1a: Dragonite\n|-activate|p2a: Gematria|move: Trick|[of] p1a: Dragonite\n|-item|p1a: Dragonite|Choice Scarf|[from] move: Trick\n|-item|p2a: Gematria|Choice Band|[from] move: Trick\n|move|p1a: Dragonite|Fire Punch|p2a: Gematria\n|-supereffective|p2a: Gematria\n|-damage|p2a: Gematria|36\/100\n|\n|upkeep\n|turn|9\n|\n|t:|1699810325\n|switch|p1a: Rotom|Rotom-Wash|100\/100\n|move|p2a: Gematria|Shadow Ball|p1a: Rotom\n|-damage|p1a: Rotom|47\/100\n|\n|upkeep\n|turn|10\n|\n|t:|1699810330\n|move|p1a: Rotom|Hydro Pump|p2a: Gematria|[miss]\n|-miss|p1a: Rotom|p2a: Gematria\n|move|p2a: Gematria|Shadow Ball|p1a: Rotom\n|-damage|p1a: Rotom|0 fnt\n|faint|p1a: Rotom\n|\n|upkeep\n|\n|t:|1699810333\n|switch|p1a: Tyranitar|Tyranitar, M|100\/100\n|-status|p1a: Tyranitar|psn\n|-weather|Sandstorm|[from] ability: Sand Stream|[of] p1a: Tyranitar\n|turn|11\n|\n|t:|1699810337\n|move|p2a: Gematria|Shadow Ball|p1a: Tyranitar\n|-resisted|p1a: Tyranitar\n|-damage|p1a: Tyranitar|92\/100 psn\n|move|p1a: Tyranitar|Ice Beam|p2a: Gematria\n|-resisted|p2a: Gematria\n|-damage|p2a: Gematria|24\/100\n|\n|-weather|Sandstorm|[upkeep]\n|-damage|p1a: Tyranitar|79\/100 psn|[from] psn\n|upkeep\n|turn|12\n|\n|t:|1699810339\n|move|p2a: Gematria|Shadow Ball|p1a: Tyranitar\n|-resisted|p1a: Tyranitar\n|-damage|p1a: Tyranitar|71\/100 psn\n|move|p1a: Tyranitar|Knock Off|p2a: Gematria\n|-supereffective|p2a: Gematria\n|-damage|p2a: Gematria|0 fnt\n|-enditem|p2a: Gematria|Choice Band|[from] move: Knock Off|[of] p1a: Tyranitar\n|faint|p2a: Gematria\n|\n|-weather|Sandstorm|[upkeep]\n|-damage|p1a: Tyranitar|58\/100 psn|[from] psn\n|upkeep\n|\n|t:|1699810342\n|switch|p2a: Butcher's Hook|Great Tusk|85\/100\n|turn|13\n|\n|t:|1699810345\n|move|p2a: Butcher's Hook|Earthquake|p1a: Tyranitar\n|-supereffective|p1a: Tyranitar\n|-damage|p1a: Tyranitar|0 fnt\n|faint|p1a: Tyranitar\n|\n|-weather|Sandstorm|[upkeep]\n|upkeep\n|\n|t:|1699810347\n|switch|p1a: Dragonite|Dragonite, M, shiny|100\/100\n|turn|14\n|\n|t:|1699810350\n|move|p1a: Dragonite|Outrage|p2a: Butcher's Hook\n|-damage|p2a: Butcher's Hook|35\/100\n|move|p2a: Butcher's Hook|Bulk Up|p2a: Butcher's Hook\n|-boost|p2a: Butcher's Hook|atk|1\n|-boost|p2a: Butcher's Hook|def|1\n|\n|-weather|Sandstorm|[upkeep]\n|-damage|p1a: Dragonite|94\/100|[from] Sandstorm\n|upkeep\n|turn|15\n|\n|t:|1699810354\n|move|p1a: Dragonite|Outrage|p2a: Butcher's Hook|[from]lockedmove\n|-damage|p2a: Butcher's Hook|1\/100\n|-start|p1a: Dragonite|confusion|[fatigue]\n|move|p2a: Butcher's Hook|Rapid Spin|p1a: Dragonite\n|-damage|p1a: Dragonite|65\/100\n|-boost|p2a: Butcher's Hook|spe|1\n|\n|-weather|none\n|upkeep\n|turn|16\n|\n|t:|1699810357\n|move|p2a: Butcher's Hook|Knock Off|p1a: Dragonite\n|-damage|p1a: Dragonite|8\/100\n|-enditem|p1a: Dragonite|Choice Scarf|[from] move: Knock Off|[of] p2a: Butcher's Hook\n|-activate|p1a: Dragonite|confusion\n|-damage|p1a: Dragonite|0 fnt|[from] confusion\n|faint|p1a: Dragonite\n|\n|upkeep\n|\n|t:|1699810359\n|switch|p1a: Kingambit|Kingambit, F|100\/100\n|-activate|p1a: Kingambit|ability: Supreme Overlord\n|-start|p1a: Kingambit|fallen5|[silent]\n|turn|17\n|\n|t:|1699810363\n|move|p1a: Kingambit|Sucker Punch|p2a: Butcher's Hook\n|-resisted|p2a: Butcher's Hook\n|-damage|p2a: Butcher's Hook|0 fnt\n|faint|p2a: Butcher's Hook\n|-end|p2a: Butcher's Hook|Protosynthesis|[silent]\n|\n|upkeep\n|\n|t:|1699810364\n|switch|p2a: H377|Iron Moth|100\/100\n|-enditem|p2a: H377|Booster Energy\n|-activate|p2a: H377|ability: Quark Drive|[fromitem]\n|-start|p2a: H377|quarkdrivespe\n|turn|18\n|\n|t:|1699810367\n|move|p2a: H377|Substitute|p2a: H377\n|-start|p2a: H377|Substitute\n|-damage|p2a: H377|76\/100\n|move|p1a: Kingambit|Kowtow Cleave|p2a: H377\n|-end|p2a: H377|Substitute\n|\n|upkeep\n|turn|19\n|\n|t:|1699810371\n|-terastallize|p2a: H377|Fairy\n|move|p2a: H377|Fiery Dance|p1a: Kingambit\n|-supereffective|p1a: Kingambit\n|-damage|p1a: Kingambit|44\/100\n|move|p1a: Kingambit|Kowtow Cleave|p2a: H377\n|-resisted|p2a: H377\n|-damage|p2a: H377|24\/100\n|\n|upkeep\n|turn|20\n|\n|t:|1699810376\n|move|p1a: Kingambit|Sucker Punch||[still]\n|-fail|p1a: Kingambit\n|move|p2a: H377|Substitute|p2a: H377\n|-fail|p2a: H377|move: Substitute|[weak]\n|\n|upkeep\n|turn|21\n|\n|t:|1699810378\n|move|p1a: Kingambit|Sucker Punch||[still]\n|-fail|p1a: Kingambit\n|move|p2a: H377|Substitute|p2a: H377\n|-fail|p2a: H377|move: Substitute|[weak]\n|\n|upkeep\n|turn|22\n|\n|t:|1699810382\n|move|p1a: Kingambit|Sucker Punch|p2a: H377\n|-resisted|p2a: H377\n|-damage|p2a: H377|0 fnt\n|faint|p2a: H377\n|-end|p2a: H377|Quark Drive|[silent]\n|\n|upkeep\n|\n|t:|1699810383\n|switch|p2a: Scissors|Kingambit, M|100\/100\n|-activate|p2a: Scissors|ability: Supreme Overlord\n|-start|p2a: Scissors|fallen5|[silent]\n|turn|23\n|\n|t:|1699810384\n|move|p1a: Kingambit|Low Kick|p2a: Scissors\n|-supereffective|p2a: Scissors\n|-damage|p2a: Scissors|0 fnt\n|faint|p2a: Scissors\n|-end|p2a: Scissors|fallen5|[silent]\n|\n|win|Hoot-hoot Shiny\n|raw|Hoot-hoot Shiny's rating: 1584 &rarr; <strong>1612<\/strong><br \/>(+28 for winning)\n|raw|Zac Bread's rating: 1734 &rarr; <strong>1706<\/strong><br \/>(-28 for losing)\n|l|\u2606Zac Bread\n|c|\u2606Hoot-hoot Shiny|gg\n|l|\u2606Hoot-hoot Shiny\n","uploadtime":1699810428,"views":22,"p1id":"hoothootshiny","p2id":"zacbread","formatid":"gen9ou","rating":1612,"private":0,"password":""}