{"id":"gen9ou-1993804770","p1":"clodgod7","p2":"lucascarneiro","format":"[Gen 9] OU","log":"|j|\u2606clodgod7\n|j|\u2606lucascarneiro\n|t:|1700359367\n|gametype|singles\n|player|p1|clodgod7|wally|1385\n|player|p2|lucascarneiro|169|1367\n|teamsize|p1|6\n|teamsize|p2|6\n|gen|9\n|tier|[Gen 9] OU\n|rated|\n|rule|Sleep Clause Mod: Limit one foe put to sleep\n|rule|Species Clause: Limit one of each Pok\u00e9mon\n|rule|OHKO Clause: OHKO moves are banned\n|rule|Evasion Items Clause: Evasion items are banned\n|rule|Evasion Moves Clause: Evasion moves are banned\n|rule|Endless Battle Clause: Forcing endless battles is banned\n|rule|HP Percentage Mod: HP is shown in percentages\n|clearpoke\n|poke|p1|Rillaboom, F|\n|poke|p1|Great Tusk|\n|poke|p1|Hatterene, F|\n|poke|p1|Dragapult, F|\n|poke|p1|Slowking-Galar, M|\n|poke|p1|Moltres|\n|poke|p2|Zarude|\n|poke|p2|Ribombee, M|\n|poke|p2|Gholdengo|\n|poke|p2|Great Tusk|\n|poke|p2|Indeedee, M|\n|poke|p2|Glimmora, F|\n|teampreview\n|inactive|Battle timer is ON: inactive players will automatically lose when time's up. (requested by lucascarneiro)\n|\n|t:|1700359377\n|start\n|switch|p1a: Dragapult|Dragapult, F|100\/100\n|switch|p2a: Ribombee|Ribombee, M|100\/100\n|turn|1\n|\n|t:|1700359383\n|move|p1a: Dragapult|U-turn|p2a: Ribombee\n|-resisted|p2a: Ribombee\n|-damage|p2a: Ribombee|86\/100\n|\n|t:|1700359385\n|switch|p1a: Hatterene|Hatterene, F|100\/100|[from] U-turn\n|move|p2a: Ribombee|Sticky Web|p1a: Hatterene\n|move|p1a: Hatterene|Sticky Web|p2a: Ribombee|[from]ability: Magic Bounce\n|-sidestart|p2: lucascarneiro|move: Sticky Web\n|\n|upkeep\n|turn|2\n|\n|t:|1700359393\n|move|p2a: Ribombee|U-turn|p1a: Hatterene\n|-damage|p1a: Hatterene|89\/100\n|\n|t:|1700359401\n|switch|p2a: Glimmora|Glimmora, F|100\/100|[from] U-turn\n|-activate|p2a: Glimmora|move: Sticky Web\n|-unboost|p2a: Glimmora|spe|1\n|move|p1a: Hatterene|Psyshock|p2a: Glimmora\n|-supereffective|p2a: Glimmora\n|-damage|p2a: Glimmora|10\/100\n|\n|-heal|p1a: Hatterene|95\/100|[from] item: Leftovers\n|upkeep\n|turn|3\n|\n|t:|1700359409\n|-terastallize|p1a: Hatterene|Steel\n|move|p2a: Glimmora|Sludge Wave|p1a: Hatterene\n|-immune|p1a: Hatterene\n|move|p1a: Hatterene|Psyshock|p2a: Glimmora\n|-supereffective|p2a: Glimmora\n|-damage|p2a: Glimmora|0 fnt\n|faint|p2a: Glimmora\n|\n|-heal|p1a: Hatterene|100\/100|[from] item: Leftovers\n|upkeep\n|\n|t:|1700359419\n|switch|p2a: Great Tusk|Great Tusk|100\/100\n|-activate|p2a: Great Tusk|move: Sticky Web\n|-unboost|p2a: Great Tusk|spe|1\n|-enditem|p2a: Great Tusk|Booster Energy\n|-activate|p2a: Great Tusk|ability: Protosynthesis|[fromitem]\n|-start|p2a: Great Tusk|protosynthesisatk\n|turn|4\n|\n|t:|1700359431\n|switch|p1a: Moltres|Moltres|100\/100\n|move|p2a: Great Tusk|Rapid Spin|p1a: Moltres\n|-damage|p1a: Moltres|86\/100\n|-boost|p2a: Great Tusk|spe|1\n|-status|p2a: Great Tusk|brn|[from] ability: Flame Body|[of] p1a: Moltres\n|-sideend|p2: lucascarneiro|Sticky Web|[from] move: Rapid Spin|[of] p2a: Great Tusk\n|\n|-damage|p2a: Great Tusk|94\/100 brn|[from] brn\n|upkeep\n|turn|5\n|\n|t:|1700359447\n|move|p2a: Great Tusk|Knock Off|p1a: Moltres\n|-damage|p1a: Moltres|71\/100\n|-enditem|p1a: Moltres|Heavy-Duty Boots|[from] move: Knock Off|[of] p2a: Great Tusk\n|move|p1a: Moltres|Flamethrower|p2a: Great Tusk\n|-damage|p2a: Great Tusk|33\/100 brn\n|\n|-damage|p2a: Great Tusk|26\/100 brn|[from] brn\n|upkeep\n|turn|6\n|\n|t:|1700359456\n|-end|p2a: Great Tusk|Protosynthesis|[silent]\n|switch|p2a: Indeedee|Indeedee, M|100\/100\n|-fieldstart|move: Psychic Terrain|[from] ability: Psychic Surge|[of] p2a: Indeedee\n|move|p1a: Moltres|Roost|p1a: Moltres\n|-heal|p1a: Moltres|100\/100\n|-singleturn|p1a: Moltres|move: Roost\n|\n|upkeep\n|turn|7\n|\n|t:|1700359463\n|move|p2a: Indeedee|Psychic|p1a: Moltres\n|-damage|p1a: Moltres|51\/100\n|move|p1a: Moltres|Flamethrower|p2a: Indeedee\n|-damage|p2a: Indeedee|49\/100\n|\n|upkeep\n|turn|8\n|\n|t:|1700359472\n|switch|p1a: Dragapult|Dragapult, F|100\/100\n|move|p2a: Indeedee|Psychic|p1a: Dragapult\n|-damage|p1a: Dragapult|33\/100\n|\n|upkeep\n|turn|9\n|\n|t:|1700359488\n|move|p2a: Indeedee|Psychic|p1a: Dragapult\n|-crit|p1a: Dragapult\n|-damage|p1a: Dragapult|0 fnt\n|faint|p1a: Dragapult\n|\n|upkeep\n|\n|t:|1700359495\n|switch|p1a: Hatterene|Hatterene, F, tera:Steel|100\/100\n|turn|10\n|\n|t:|1700359520\n|switch|p2a: Zarude|Zarude|100\/100\n|-enditem|p2a: Zarude|Psychic Seed\n|-boost|p2a: Zarude|spd|1|[from] item: Psychic Seed\n|move|p1a: Hatterene|Calm Mind|p1a: Hatterene\n|-boost|p1a: Hatterene|spa|1\n|-boost|p1a: Hatterene|spd|1\n|\n|-fieldend|move: Psychic Terrain\n|upkeep\n|turn|11\n|\n|t:|1700359534\n|-terastallize|p2a: Zarude|Flying\n|move|p2a: Zarude|Bulk Up|p2a: Zarude\n|-boost|p2a: Zarude|atk|1\n|-boost|p2a: Zarude|def|1\n|move|p1a: Hatterene|Nuzzle|p2a: Zarude\n|-supereffective|p2a: Zarude\n|-damage|p2a: Zarude|95\/100\n|-status|p2a: Zarude|par\n|\n|upkeep\n|turn|12\n|\n|t:|1700359544\n|move|p2a: Zarude|Bulk Up|p2a: Zarude\n|-boost|p2a: Zarude|atk|1\n|-boost|p2a: Zarude|def|1\n|move|p1a: Hatterene|Calm Mind|p1a: Hatterene\n|-boost|p1a: Hatterene|spa|1\n|-boost|p1a: Hatterene|spd|1\n|\n|upkeep\n|turn|13\n|\n|t:|1700359552\n|move|p2a: Zarude|Drain Punch|p1a: Hatterene\n|-supereffective|p1a: Hatterene\n|-damage|p1a: Hatterene|16\/100\n|-heal|p2a: Zarude|100\/100 par|[from] drain|[of] p1a: Hatterene\n|move|p1a: Hatterene|Draining Kiss|p2a: Zarude\n|-damage|p2a: Zarude|72\/100 par\n|-heal|p1a: Hatterene|40\/100|[from] drain|[of] p2a: Zarude\n|\n|-heal|p1a: Hatterene|46\/100|[from] item: Leftovers\n|upkeep\n|turn|14\n|\n|t:|1700359561\n|move|p2a: Zarude|Drain Punch|p1a: Hatterene\n|-supereffective|p1a: Hatterene\n|-damage|p1a: Hatterene|0 fnt\n|-heal|p2a: Zarude|93\/100 par|[from] drain|[of] p1a: Hatterene\n|faint|p1a: Hatterene\n|\n|upkeep\n|\n|t:|1700359566\n|switch|p1a: Slowking|Slowking-Galar, M|100\/100\n|turn|15\n|\n|t:|1700359569\n|cant|p2a: Zarude|par\n|move|p1a: Slowking|Ice Beam|p2a: Zarude\n|-supereffective|p2a: Zarude\n|-damage|p2a: Zarude|61\/100 par\n|\n|upkeep\n|turn|16\n|\n|t:|1700359574\n|move|p2a: Zarude|Knock Off|p1a: Slowking\n|-supereffective|p1a: Slowking\n|-damage|p1a: Slowking|0 fnt\n|-enditem|p1a: Slowking|Heavy-Duty Boots|[from] move: Knock Off|[of] p2a: Zarude\n|faint|p1a: Slowking\n|\n|upkeep\n|-message|clodgod7 forfeited.\n|\n|win|lucascarneiro\n|raw|clodgod7's rating: 1385 &rarr; <strong>1364<\/strong><br \/>(-21 for losing)\n|raw|lucascarneiro's rating: 1367 &rarr; <strong>1388<\/strong><br \/>(+21 for winning)\n|l|\u2606clodgod7\n","uploadtime":1700359587,"views":9,"p1id":"clodgod7","p2id":"lucascarneiro","formatid":"gen9ou","rating":1364,"private":0,"password":""}