{"id":"gen9ou-1991615848","p1":"Jefo","p2":"alt no. 597","format":"[Gen 9] OU","log":"|j|\u2606Jefo\n|j|\u2606alt no. 597\n|t:|1700094563\n|gametype|singles\n|player|p1|Jefo|cheryl|1698\n|player|p2|alt no. 597|acetrainersnowf|1759\n|teamsize|p1|6\n|teamsize|p2|6\n|gen|9\n|tier|[Gen 9] OU\n|rated|\n|rule|Sleep Clause Mod: Limit one foe put to sleep\n|rule|Species Clause: Limit one of each Pok\u00e9mon\n|rule|OHKO Clause: OHKO moves are banned\n|rule|Evasion Items Clause: Evasion items are banned\n|rule|Evasion Moves Clause: Evasion moves are banned\n|rule|Endless Battle Clause: Forcing endless battles is banned\n|rule|HP Percentage Mod: HP is shown in percentages\n|clearpoke\n|poke|p1|Gholdengo|\n|poke|p1|Iron Valiant|\n|poke|p1|Sneasler, M|\n|poke|p1|Kingambit, F|\n|poke|p1|Zapdos|\n|poke|p1|Great Tusk|\n|poke|p2|Clefable, M|\n|poke|p2|Rillaboom, F|\n|poke|p2|Heatran, M|\n|poke|p2|Great Tusk|\n|poke|p2|Dragapult, M|\n|poke|p2|Zapdos|\n|teampreview\n|j| Burnt Bright\n|\n|t:|1700094609\n|start\n|switch|p1a: Zapdos|Zapdos, shiny|100\/100\n|switch|p2a: Zapdos|Zapdos|100\/100\n|turn|1\n|\n|t:|1700094614\n|move|p2a: Zapdos|Volt Switch|p1a: Zapdos\n|-damage|p1a: Zapdos|71\/100\n|\n|t:|1700094617\n|switch|p2a: Clefable|Clefable, M|100\/100|[from] Volt Switch\n|move|p1a: Zapdos|Discharge|p2a: Clefable\n|-damage|p2a: Clefable|71\/100\n|-status|p2a: Clefable|par\n|\n|-heal|p2a: Clefable|77\/100 par|[from] item: Leftovers\n|upkeep\n|turn|2\n|j| isoptera\n|\n|t:|1700094623\n|move|p1a: Zapdos|Volt Switch|p2a: Clefable\n|-damage|p2a: Clefable|51\/100 par\n|\n|t:|1700094626\n|switch|p1a: Sneasler|Sneasler, M, shiny|100\/100|[from] Volt Switch\n|move|p2a: Clefable|Stealth Rock|p1a: Sneasler\n|-sidestart|p1: Jefo|move: Stealth Rock\n|\n|-heal|p2a: Clefable|57\/100 par|[from] item: Leftovers\n|upkeep\n|turn|3\n|l| isoptera\n|\n|t:|1700094643\n|switch|p2a: Zapdos|Zapdos|100\/100\n|move|p1a: Sneasler|Dire Claw|p2a: Zapdos\n|-damage|p2a: Zapdos|68\/100\n|\n|upkeep\n|turn|4\n|\n|t:|1700094648\n|move|p1a: Sneasler|U-turn|p2a: Zapdos\n|-resisted|p2a: Zapdos\n|-damage|p2a: Zapdos|59\/100\n|\n|t:|1700094650\n|switch|p1a: Zapdos|Zapdos, shiny|71\/100|[from] U-turn\n|move|p2a: Zapdos|Roost|p2a: Zapdos\n|-heal|p2a: Zapdos|100\/100\n|-singleturn|p2a: Zapdos|move: Roost\n|\n|upkeep\n|turn|5\n|\n|t:|1700094657\n|move|p2a: Zapdos|Heat Wave|p1a: Zapdos|[miss]\n|-miss|p2a: Zapdos|p1a: Zapdos\n|move|p1a: Zapdos|Roost|p1a: Zapdos\n|-heal|p1a: Zapdos|100\/100\n|-singleturn|p1a: Zapdos|move: Roost\n|\n|upkeep\n|turn|6\n|\n|t:|1700094660\n|move|p2a: Zapdos|Heat Wave|p1a: Zapdos|[miss]\n|-miss|p2a: Zapdos|p1a: Zapdos\n|move|p1a: Zapdos|Volt Switch|p2a: Zapdos\n|-damage|p2a: Zapdos|72\/100\n|\n|t:|1700094665\n|switch|p1a: Sneasler|Sneasler, M, shiny|100\/100|[from] Volt Switch\n|-damage|p1a: Sneasler|95\/100|[from] Stealth Rock\n|\n|upkeep\n|turn|7\n|\n|t:|1700094668\n|move|p1a: Sneasler|U-turn|p2a: Zapdos\n|-resisted|p2a: Zapdos\n|-damage|p2a: Zapdos|61\/100\n|\n|t:|1700094670\n|switch|p1a: Zapdos|Zapdos, shiny|100\/100|[from] U-turn\n|move|p2a: Zapdos|Volt Switch|p1a: Zapdos\n|-damage|p1a: Zapdos|71\/100\n|\n|t:|1700094677\n|switch|p2a: Dragapult|Dragapult, M|100\/100|[from] Volt Switch\n|\n|upkeep\n|turn|8\n|\n|t:|1700094680\n|move|p2a: Dragapult|Shadow Ball|p1a: Zapdos\n|-damage|p1a: Zapdos|19\/100\n|move|p1a: Zapdos|Volt Switch|p2a: Dragapult\n|-resisted|p2a: Dragapult\n|-damage|p2a: Dragapult|81\/100\n|\n|t:|1700094695\n|switch|p1a: Great Tusk|Great Tusk, shiny|100\/100|[from] Volt Switch\n|-damage|p1a: Great Tusk|98\/100|[from] Stealth Rock\n|\n|-heal|p1a: Great Tusk|100\/100|[from] item: Leftovers\n|upkeep\n|turn|9\n|\n|t:|1700094716\n|switch|p2a: Zapdos|Zapdos|61\/100\n|move|p1a: Great Tusk|Knock Off|p2a: Zapdos\n|-damage|p2a: Zapdos|37\/100\n|-enditem|p2a: Zapdos|Heavy-Duty Boots|[from] move: Knock Off|[of] p1a: Great Tusk\n|\n|upkeep\n|turn|10\n|\n|t:|1700094722\n|move|p2a: Zapdos|Hurricane|p1a: Great Tusk|[miss]\n|-miss|p2a: Zapdos|p1a: Great Tusk\n|move|p1a: Great Tusk|Earthquake|p2a: Zapdos\n|-immune|p2a: Zapdos\n|\n|upkeep\n|turn|11\n|\n|t:|1700094726\n|-end|p1a: Great Tusk|Protosynthesis|[silent]\n|switch|p1a: Zapdos|Zapdos, shiny|19\/100\n|move|p2a: Zapdos|Hurricane|p1a: Zapdos\n|-resisted|p1a: Zapdos\n|-damage|p1a: Zapdos|0 fnt\n|faint|p1a: Zapdos\n|\n|upkeep\n|\n|t:|1700094736\n|switch|p1a: Sneasler|Sneasler, M, shiny|95\/100\n|-damage|p1a: Sneasler|89\/100|[from] Stealth Rock\n|turn|12\n|\n|t:|1700094738\n|move|p1a: Sneasler|Dire Claw|p2a: Zapdos\n|-damage|p2a: Zapdos|2\/100\n|move|p2a: Zapdos|Roost|p2a: Zapdos\n|-heal|p2a: Zapdos|52\/100\n|-singleturn|p2a: Zapdos|move: Roost\n|\n|upkeep\n|turn|13\n|\n|t:|1700094745\n|move|p1a: Sneasler|Dire Claw|p2a: Zapdos\n|-damage|p2a: Zapdos|18\/100\n|move|p2a: Zapdos|Volt Switch|p1a: Sneasler\n|-damage|p1a: Sneasler|49\/100\n|\n|t:|1700094748\n|switch|p2a: Dragapult|Dragapult, M|81\/100|[from] Volt Switch\n|\n|upkeep\n|turn|14\n|\n|t:|1700094751\n|move|p2a: Dragapult|Flamethrower|p1a: Sneasler\n|-damage|p1a: Sneasler|0 fnt\n|faint|p1a: Sneasler\n|\n|upkeep\n|\n|t:|1700094755\n|switch|p1a: Iron Valiant|Iron Valiant|100\/100\n|-damage|p1a: Iron Valiant|94\/100|[from] Stealth Rock\n|-enditem|p1a: Iron Valiant|Booster Energy\n|-activate|p1a: Iron Valiant|ability: Quark Drive|[fromitem]\n|-start|p1a: Iron Valiant|quarkdrivespe\n|turn|15\n|\n|t:|1700094763\n|move|p1a: Iron Valiant|Calm Mind|p1a: Iron Valiant\n|-boost|p1a: Iron Valiant|spa|1\n|-boost|p1a: Iron Valiant|spd|1\n|move|p2a: Dragapult|Flamethrower|p1a: Iron Valiant\n|-damage|p1a: Iron Valiant|50\/100\n|\n|upkeep\n|turn|16\n|\n|t:|1700094791\n|switch|p2a: Heatran|Heatran, M|100\/100\n|-item|p2a: Heatran|Air Balloon\n|move|p1a: Iron Valiant|Moonblast|p2a: Heatran\n|-resisted|p2a: Heatran\n|-damage|p2a: Heatran|89\/100\n|-enditem|p2a: Heatran|Air Balloon\n|\n|upkeep\n|turn|17\n|\n|t:|1700094799\n|move|p1a: Iron Valiant|Shadow Ball|p2a: Heatran\n|-damage|p2a: Heatran|63\/100\n|-unboost|p2a: Heatran|spd|1\n|move|p2a: Heatran|Magma Storm|p1a: Iron Valiant\n|-damage|p1a: Iron Valiant|3\/100\n|-activate|p1a: Iron Valiant|move: Magma Storm|[of] p2a: Heatran\n|\n|-damage|p1a: Iron Valiant|0 fnt|[from] move: Magma Storm|[partiallytrapped]\n|faint|p1a: Iron Valiant\n|-end|p1a: Iron Valiant|Quark Drive|[silent]\n|upkeep\n|\n|t:|1700094803\n|switch|p1a: Great Tusk|Great Tusk, shiny|100\/100\n|-damage|p1a: Great Tusk|98\/100|[from] Stealth Rock\n|turn|18\n|\n|t:|1700094813\n|switch|p2a: Zapdos|Zapdos|18\/100\n|move|p1a: Great Tusk|Knock Off|p2a: Zapdos\n|-damage|p2a: Zapdos|3\/100\n|\n|-heal|p1a: Great Tusk|100\/100|[from] item: Leftovers\n|upkeep\n|turn|19\n|\n|t:|1700094819\n|move|p2a: Zapdos|Heat Wave|p1a: Great Tusk\n|-damage|p1a: Great Tusk|67\/100\n|move|p1a: Great Tusk|Rapid Spin|p2a: Zapdos\n|-damage|p2a: Zapdos|0 fnt\n|-boost|p1a: Great Tusk|spe|1\n|-sideend|p1: Jefo|Stealth Rock|[from] move: Rapid Spin|[of] p1a: Great Tusk\n|faint|p2a: Zapdos\n|\n|-heal|p1a: Great Tusk|74\/100|[from] item: Leftovers\n|upkeep\n|\n|t:|1700094831\n|switch|p2a: Rillaboom|Rillaboom, F|100\/100\n|-fieldstart|move: Grassy Terrain|[from] ability: Grassy Surge|[of] p2a: Rillaboom\n|turn|20\n|\n|t:|1700094844\n|move|p2a: Rillaboom|Grassy Glide|p1a: Great Tusk\n|-supereffective|p1a: Great Tusk\n|-damage|p1a: Great Tusk|33\/100\n|move|p1a: Great Tusk|Knock Off|p2a: Rillaboom\n|-damage|p2a: Rillaboom|76\/100\n|-enditem|p2a: Rillaboom|Heavy-Duty Boots|[from] move: Knock Off|[of] p1a: Great Tusk\n|\n|-heal|p1a: Great Tusk|40\/100|[from] Grassy Terrain\n|-heal|p1a: Great Tusk|46\/100|[from] item: Leftovers\n|-heal|p2a: Rillaboom|82\/100|[from] Grassy Terrain\n|upkeep\n|turn|21\n|\n|t:|1700094852\n|-end|p1a: Great Tusk|Protosynthesis|[silent]\n|switch|p1a: Gholdengo|Gholdengo|100\/100\n|move|p2a: Rillaboom|Grassy Glide|p1a: Gholdengo\n|-resisted|p1a: Gholdengo\n|-damage|p1a: Gholdengo|79\/100\n|\n|-heal|p1a: Gholdengo|85\/100|[from] Grassy Terrain\n|-heal|p1a: Gholdengo|91\/100|[from] item: Leftovers\n|-heal|p2a: Rillaboom|89\/100|[from] Grassy Terrain\n|upkeep\n|turn|22\n|\n|t:|1700094857\n|move|p1a: Gholdengo|Recover|p1a: Gholdengo\n|-heal|p1a: Gholdengo|100\/100\n|move|p2a: Rillaboom|U-turn|p1a: Gholdengo\n|-resisted|p1a: Gholdengo\n|-damage|p1a: Gholdengo|94\/100\n|\n|t:|1700094859\n|switch|p2a: Heatran|Heatran, M|63\/100|[from] U-turn\n|\n|-heal|p1a: Gholdengo|99\/100|[from] Grassy Terrain\n|-heal|p1a: Gholdengo|100\/100|[from] item: Leftovers\n|-heal|p2a: Heatran|69\/100|[from] Grassy Terrain\n|upkeep\n|turn|23\n|\n|t:|1700094869\n|move|p1a: Gholdengo|Nasty Plot|p1a: Gholdengo\n|-boost|p1a: Gholdengo|spa|2\n|move|p2a: Heatran|Earth Power|p1a: Gholdengo\n|-supereffective|p1a: Gholdengo\n|-damage|p1a: Gholdengo|43\/100\n|-unboost|p1a: Gholdengo|spd|1\n|\n|-heal|p1a: Gholdengo|49\/100|[from] Grassy Terrain\n|-heal|p1a: Gholdengo|55\/100|[from] item: Leftovers\n|-heal|p2a: Heatran|76\/100|[from] Grassy Terrain\n|upkeep\n|turn|24\n|\n|t:|1700094873\n|move|p1a: Gholdengo|Shadow Ball|p2a: Heatran\n|-damage|p2a: Heatran|17\/100\n|-unboost|p2a: Heatran|spd|1\n|move|p2a: Heatran|Earth Power|p1a: Gholdengo\n|-supereffective|p1a: Gholdengo\n|-damage|p1a: Gholdengo|0 fnt\n|faint|p1a: Gholdengo\n|\n|-heal|p2a: Heatran|24\/100|[from] Grassy Terrain\n|-fieldend|move: Grassy Terrain\n|upkeep\n|\n|t:|1700094896\n|switch|p1a: Kingambit|Kingambit, F|100\/100\n|-activate|p1a: Kingambit|ability: Supreme Overlord\n|-start|p1a: Kingambit|fallen4|[silent]\n|turn|25\n|\n|t:|1700094901\n|move|p1a: Kingambit|Sucker Punch||[still]\n|-fail|p1a: Kingambit\n|move|p2a: Heatran|Will-O-Wisp|p1a: Kingambit\n|-status|p1a: Kingambit|brn\n|\n|-damage|p1a: Kingambit|94\/100 brn|[from] brn\n|upkeep\n|turn|26\n|-message|Jefo forfeited.\n|\n|win|alt no. 597\n|raw|Jefo's rating: 1698 &rarr; <strong>1681<\/strong><br \/>(-17 for losing)\n|raw|alt no. 597's rating: 1759 &rarr; <strong>1776<\/strong><br \/>(+17 for winning)\n|l|\u2606Jefo\n","uploadtime":1700094912,"views":9,"p1id":"jefo","p2id":"altno597","formatid":"gen9ou","rating":1681,"private":0,"password":""}