{"id":"gen9ou-1991729078","p1":"Doomagedon_35","p2":"real doo blaster","format":"[Gen 9] OU","log":"|j|\u2606Doomagedon_35\n|j|\u2606real doo blaster\n|t:|1700107868\n|gametype|singles\n|player|p1|Doomagedon_35|ghetsis|1406\n|player|p2|real doo blaster|fisherman|1461\n|teamsize|p1|6\n|teamsize|p2|6\n|gen|9\n|tier|[Gen 9] OU\n|rated|\n|rule|Sleep Clause Mod: Limit one foe put to sleep\n|rule|Species Clause: Limit one of each Pok\u00e9mon\n|rule|OHKO Clause: OHKO moves are banned\n|rule|Evasion Items Clause: Evasion items are banned\n|rule|Evasion Moves Clause: Evasion moves are banned\n|rule|Endless Battle Clause: Forcing endless battles is banned\n|rule|HP Percentage Mod: HP is shown in percentages\n|clearpoke\n|poke|p1|Alomomola, F|\n|poke|p1|Rillaboom, M|\n|poke|p1|Sneasler, F|\n|poke|p1|Dragapult, M|\n|poke|p1|Cinderace, F|\n|poke|p1|Ting-Lu|\n|poke|p2|Regidrago|\n|poke|p2|Kingambit, F|\n|poke|p2|Slowbro-Galar, M|\n|poke|p2|Tsareena, F|\n|poke|p2|Moltres|\n|poke|p2|Cyclizar, F|\n|teampreview\n|\n|t:|1700107894\n|start\n|switch|p1a: Dragapult|Dragapult, M|100\/100\n|switch|p2a: doo blaster|Regidrago|100\/100\n|turn|1\n|\n|t:|1700107906\n|-terastallize|p1a: Dragapult|Steel\n|-terastallize|p2a: doo blaster|Steel\n|move|p1a: Dragapult|Dragon Pulse|p2a: doo blaster\n|-resisted|p2a: doo blaster\n|-damage|p2a: doo blaster|76\/100\n|move|p2a: doo blaster|Dragon Energy|p1a: Dragapult\n|-resisted|p1a: Dragapult\n|-damage|p1a: Dragapult|44\/100\n|\n|upkeep\n|turn|2\n|-activate|p2a: doo blaster|item: Quick Claw\n|\n|t:|1700107915\n|move|p2a: doo blaster|Earth Power|p1a: Dragapult\n|-supereffective|p1a: Dragapult\n|-damage|p1a: Dragapult|0 fnt\n|faint|p1a: Dragapult\n|\n|upkeep\n|\n|t:|1700107920\n|switch|p1a: Ting-Lu|Ting-Lu|100\/100\n|-ability|p1a: Ting-Lu|Vessel of Ruin\n|turn|3\n|\n|t:|1700107924\n|move|p2a: doo blaster|Dragon Energy|p1a: Ting-Lu\n|-damage|p1a: Ting-Lu|73\/100\n|move|p1a: Ting-Lu|Stone Edge|p2a: doo blaster\n|-resisted|p2a: doo blaster\n|-damage|p2a: doo blaster|60\/100\n|\n|upkeep\n|turn|4\n|\n|t:|1700107932\n|switch|p2a: yellow babber|Moltres|100\/100\n|move|p1a: Ting-Lu|Earthquake|p2a: yellow babber\n|-immune|p2a: yellow babber\n|\n|upkeep\n|turn|5\n|\n|t:|1700107937\n|move|p2a: yellow babber|Will-O-Wisp|p1a: Ting-Lu\n|-status|p1a: Ting-Lu|brn\n|move|p1a: Ting-Lu|Stone Edge|p2a: yellow babber\n|-supereffective|p2a: yellow babber\n|-damage|p2a: yellow babber|57\/100\n|\n|-damage|p1a: Ting-Lu|67\/100 brn|[from] brn\n|upkeep\n|turn|6\n|\n|t:|1700107942\n|move|p2a: yellow babber|Roost|p2a: yellow babber\n|-heal|p2a: yellow babber|100\/100\n|-singleturn|p2a: yellow babber|move: Roost\n|move|p1a: Ting-Lu|Stone Edge|p2a: yellow babber\n|-supereffective|p2a: yellow babber\n|-damage|p2a: yellow babber|79\/100\n|\n|-damage|p1a: Ting-Lu|61\/100 brn|[from] brn\n|upkeep\n|turn|7\n|\n|t:|1700107950\n|switch|p2a: doo blaster|Regidrago, tera:Steel|60\/100\n|switch|p1a: Alomomola|Alomomola, F|100\/100\n|\n|upkeep\n|turn|8\n|\n|t:|1700107959\n|move|p2a: doo blaster|Dragon Pulse|p1a: Alomomola\n|-damage|p1a: Alomomola|34\/100\n|move|p1a: Alomomola|Scald|p2a: doo blaster\n|-damage|p2a: doo blaster|47\/100\n|-status|p2a: doo blaster|brn\n|\n|-damage|p2a: doo blaster|41\/100 brn|[from] brn\n|upkeep\n|turn|9\n|\n|t:|1700107963\n|move|p1a: Alomomola|Protect|p1a: Alomomola\n|-singleturn|p1a: Alomomola|Protect\n|move|p2a: doo blaster|Dragon Pulse|p1a: Alomomola\n|-activate|p1a: Alomomola|move: Protect\n|\n|-damage|p2a: doo blaster|35\/100 brn|[from] brn\n|upkeep\n|turn|10\n|\n|t:|1700107976\n|switch|p1a: Ting-Lu|Ting-Lu|61\/100 brn\n|-ability|p1a: Ting-Lu|Vessel of Ruin\n|move|p2a: doo blaster|Dragon Pulse|p1a: Ting-Lu\n|-damage|p1a: Ting-Lu|39\/100 brn\n|\n|-damage|p2a: doo blaster|29\/100 brn|[from] brn\n|-damage|p1a: Ting-Lu|33\/100 brn|[from] brn\n|upkeep\n|turn|11\n|-activate|p2a: doo blaster|item: Quick Claw\n|\n|t:|1700107979\n|switch|p1a: Alomomola|Alomomola, F|68\/100\n|move|p2a: doo blaster|Dragon Pulse|p1a: Alomomola\n|-damage|p1a: Alomomola|0 fnt\n|faint|p1a: Alomomola\n|\n|-damage|p2a: doo blaster|23\/100 brn|[from] brn\n|upkeep\n|\n|t:|1700107989\n|switch|p1a: Rillaboom|Rillaboom, M, shiny|100\/100\n|-fieldstart|move: Grassy Terrain|[from] ability: Grassy Surge|[of] p1a: Rillaboom\n|turn|12\n|c|\u2606real doo blaster|good reads\n|\n|t:|1700107995\n|move|p1a: Rillaboom|Grassy Glide|p2a: doo blaster\n|-resisted|p2a: doo blaster\n|-damage|p2a: doo blaster|0 fnt\n|faint|p2a: doo blaster\n|\n|upkeep\n|\n|t:|1700107999\n|switch|p2a: yellow babber|Moltres|79\/100\n|turn|13\n|\n|t:|1700108007\n|switch|p1a: Cinderace|Cinderace, F, shiny|100\/100\n|move|p2a: yellow babber|Hurricane|p1a: Cinderace\n|-damage|p1a: Cinderace|36\/100\n|\n|-heal|p1a: Cinderace|42\/100|[from] Grassy Terrain\n|upkeep\n|turn|14\n|\n|t:|1700108025\n|switch|p1a: Ting-Lu|Ting-Lu|33\/100 brn\n|-ability|p1a: Ting-Lu|Vessel of Ruin\n|move|p2a: yellow babber|Hurricane|p1a: Ting-Lu\n|-damage|p1a: Ting-Lu|17\/100 brn\n|-start|p1a: Ting-Lu|confusion\n|\n|-heal|p1a: Ting-Lu|23\/100 brn|[from] Grassy Terrain\n|-damage|p1a: Ting-Lu|17\/100 brn|[from] brn\n|upkeep\n|turn|15\n|\n|t:|1700108034\n|move|p2a: yellow babber|Roost|p2a: yellow babber\n|-heal|p2a: yellow babber|100\/100\n|-singleturn|p2a: yellow babber|move: Roost\n|-activate|p1a: Ting-Lu|confusion\n|move|p1a: Ting-Lu|Stone Edge|p2a: yellow babber|[miss]\n|-miss|p1a: Ting-Lu|p2a: yellow babber\n|\n|-heal|p1a: Ting-Lu|23\/100 brn|[from] Grassy Terrain\n|-damage|p1a: Ting-Lu|17\/100 brn|[from] brn\n|upkeep\n|turn|16\n|\n|t:|1700108037\n|move|p2a: yellow babber|Flamethrower|p1a: Ting-Lu\n|-damage|p1a: Ting-Lu|2\/100 brn\n|-activate|p1a: Ting-Lu|confusion\n|move|p1a: Ting-Lu|Earthquake|p2a: yellow babber\n|-immune|p2a: yellow babber\n|\n|-heal|p1a: Ting-Lu|8\/100 brn|[from] Grassy Terrain\n|-damage|p1a: Ting-Lu|2\/100 brn|[from] brn\n|-fieldend|move: Grassy Terrain\n|upkeep\n|turn|17\n|\n|t:|1700108041\n|move|p2a: yellow babber|Flamethrower|p1a: Ting-Lu\n|-damage|p1a: Ting-Lu|0 fnt\n|faint|p1a: Ting-Lu\n|\n|upkeep\n|\n|t:|1700108048\n|switch|p1a: Rillaboom|Rillaboom, M, shiny|100\/100\n|-fieldstart|move: Grassy Terrain|[from] ability: Grassy Surge|[of] p1a: Rillaboom\n|turn|18\n|\n|t:|1700108053\n|move|p1a: Rillaboom|Knock Off|p2a: yellow babber\n|-damage|p2a: yellow babber|65\/100\n|-enditem|p2a: yellow babber|Heavy-Duty Boots|[from] move: Knock Off|[of] p1a: Rillaboom\n|move|p2a: yellow babber|Flamethrower|p1a: Rillaboom\n|-supereffective|p1a: Rillaboom\n|-damage|p1a: Rillaboom|2\/100\n|\n|-heal|p1a: Rillaboom|8\/100|[from] Grassy Terrain\n|upkeep\n|turn|19\n|\n|t:|1700108058\n|move|p1a: Rillaboom|Knock Off|p2a: yellow babber\n|-damage|p2a: yellow babber|43\/100\n|move|p2a: yellow babber|Will-O-Wisp|p1a: Rillaboom\n|-status|p1a: Rillaboom|brn\n|\n|-heal|p1a: Rillaboom|14\/100 brn|[from] Grassy Terrain\n|-damage|p1a: Rillaboom|8\/100 brn|[from] brn\n|upkeep\n|turn|20\n|\n|t:|1700108063\n|switch|p1a: Sneasler|Sneasler, F, shiny|100\/100\n|-enditem|p1a: Sneasler|Grassy Seed\n|-boost|p1a: Sneasler|def|1|[from] item: Grassy Seed\n|move|p2a: yellow babber|Roost|p2a: yellow babber\n|-heal|p2a: yellow babber|93\/100\n|-singleturn|p2a: yellow babber|move: Roost\n|\n|-heal|p2a: yellow babber|99\/100|[from] Grassy Terrain\n|upkeep\n|turn|21\n|\n|t:|1700108068\n|move|p1a: Sneasler|Dire Claw|p2a: yellow babber\n|-damage|p2a: yellow babber|68\/100\n|-status|p1a: Sneasler|brn|[from] ability: Flame Body|[of] p2a: yellow babber\n|move|p2a: yellow babber|Will-O-Wisp|p1a: Sneasler\n|-fail|p1a: Sneasler|brn\n|\n|-damage|p1a: Sneasler|95\/100 brn|[from] brn\n|upkeep\n|turn|22\n|\n|t:|1700108074\n|switch|p2a: Pikmin 2|Slowbro-Galar, M|100\/100\n|move|p1a: Sneasler|Swords Dance|p1a: Sneasler\n|-boost|p1a: Sneasler|atk|2\n|\n|-heal|p1a: Sneasler|100\/100 brn|[from] Grassy Terrain\n|-damage|p1a: Sneasler|95\/100 brn|[from] brn\n|-fieldend|move: Grassy Terrain\n|upkeep\n|turn|23\n|-activate|p2a: Pikmin 2|ability: Quick Draw\n|\n|t:|1700108077\n|move|p2a: Pikmin 2|Psyshock|p1a: Sneasler\n|-supereffective|p1a: Sneasler\n|-damage|p1a: Sneasler|0 fnt\n|faint|p1a: Sneasler\n|\n|upkeep\n|-message|Doomagedon_35 forfeited.\n|\n|win|real doo blaster\n|raw|Doomagedon_35's rating: 1406 &rarr; <strong>1389<\/strong><br \/>(-17 for losing)\n|raw|real doo blaster's rating: 1461 &rarr; <strong>1478<\/strong><br \/>(+17 for winning)\n|l|\u2606Doomagedon_35\n","uploadtime":1700108085,"views":9,"p1id":"doomagedon35","p2id":"realdooblaster","formatid":"gen9ou","rating":1389,"private":0,"password":""}