{"id":"gen9ou-1997715598","p1":"esepost","p2":"quarters_ou","format":"[Gen 9] OU","log":"|j|\u2606esepost\n|j|\u2606quarters_ou\n|t:|1700844954\n|gametype|singles\n|player|p1|esepost|n|1152\n|player|p2|quarters_ou|265|1203\n|teamsize|p1|6\n|teamsize|p2|6\n|gen|9\n|tier|[Gen 9] OU\n|rated|\n|rule|Sleep Clause Mod: Limit one foe put to sleep\n|rule|Species Clause: Limit one of each Pok\u00e9mon\n|rule|OHKO Clause: OHKO moves are banned\n|rule|Evasion Items Clause: Evasion items are banned\n|rule|Evasion Moves Clause: Evasion moves are banned\n|rule|Endless Battle Clause: Forcing endless battles is banned\n|rule|HP Percentage Mod: HP is shown in percentages\n|clearpoke\n|poke|p1|Forretress, F|\n|poke|p1|Bisharp, M|\n|poke|p1|Vaporeon, M|\n|poke|p1|Brambleghast, M|\n|poke|p1|Talonflame, M|\n|poke|p1|Landorus-Therian, M|\n|poke|p2|Iron Valiant|\n|poke|p2|Toxapex, M|\n|poke|p2|Mandibuzz, F|\n|poke|p2|Dragapult, F|\n|poke|p2|Ting-Lu|\n|poke|p2|Gholdengo|\n|teampreview\n|\n|t:|1700844968\n|start\n|switch|p1a: Brambleghast|Brambleghast, M|100\/100\n|switch|p2a: Ting-Lu|Ting-Lu|100\/100\n|-ability|p2a: Ting-Lu|Vessel of Ruin\n|turn|1\n|\n|t:|1700844980\n|move|p1a: Brambleghast|Power Whip|p2a: Ting-Lu\n|-supereffective|p2a: Ting-Lu\n|-damage|p2a: Ting-Lu|56\/100\n|move|p2a: Ting-Lu|Stealth Rock|p1a: Brambleghast\n|-sidestart|p1: esepost|move: Stealth Rock\n|\n|-heal|p2a: Ting-Lu|62\/100|[from] item: Leftovers\n|upkeep\n|turn|2\n|\n|t:|1700844987\n|switch|p2a: Mandibuzz|Mandibuzz, F|100\/100\n|move|p1a: Brambleghast|Power Whip|p2a: Mandibuzz|[miss]\n|-miss|p1a: Brambleghast|p2a: Mandibuzz\n|\n|upkeep\n|turn|3\n|\n|t:|1700844992\n|move|p1a: Brambleghast|Leech Seed|p2a: Mandibuzz\n|-start|p2a: Mandibuzz|move: Leech Seed\n|move|p2a: Mandibuzz|Knock Off|p1a: Brambleghast\n|-supereffective|p1a: Brambleghast\n|-damage|p1a: Brambleghast|38\/100\n|-enditem|p1a: Brambleghast|Leftovers|[from] move: Knock Off|[of] p2a: Mandibuzz\n|\n|-damage|p2a: Mandibuzz|88\/100|[from] Leech Seed|[of] p1a: Brambleghast\n|-heal|p1a: Brambleghast|56\/100|[silent]\n|upkeep\n|turn|4\n|\n|t:|1700845002\n|move|p1a: Brambleghast|Substitute|p1a: Brambleghast\n|-start|p1a: Brambleghast|Substitute\n|-damage|p1a: Brambleghast|31\/100\n|move|p2a: Mandibuzz|U-turn|p1a: Brambleghast\n|-activate|p1a: Brambleghast|move: Substitute|[damage]\n|\n|t:|1700845006\n|switch|p2a: Dragapult|Dragapult, F|100\/100|[from] U-turn\n|\n|upkeep\n|turn|5\n|\n|t:|1700845020\n|move|p2a: Dragapult|U-turn|p1a: Brambleghast\n|-damage|p1a: Brambleghast|0 fnt\n|faint|p1a: Brambleghast\n|\n|t:|1700845034\n|switch|p2a: Mandibuzz|Mandibuzz, F|88\/100|[from] U-turn\n|\n|upkeep\n|\n|t:|1700845038\n|switch|p1a: Team Forretress|Forretress, F|100\/100\n|turn|6\n|\n|t:|1700845044\n|move|p2a: Mandibuzz|Knock Off|p1a: Team Forretress\n|-damage|p1a: Team Forretress|83\/100\n|-enditem|p1a: Team Forretress|Heavy-Duty Boots|[from] move: Knock Off|[of] p2a: Mandibuzz\n|move|p1a: Team Forretress|Rapid Spin|p2a: Mandibuzz\n|-damage|p2a: Mandibuzz|82\/100\n|-boost|p1a: Team Forretress|spe|1\n|-sideend|p1: esepost|Stealth Rock|[from] move: Rapid Spin|[of] p1a: Team Forretress\n|\n|upkeep\n|turn|7\n|\n|t:|1700845053\n|move|p2a: Mandibuzz|U-turn|p1a: Team Forretress\n|-resisted|p1a: Team Forretress\n|-damage|p1a: Team Forretress|79\/100\n|\n|t:|1700845058\n|switch|p2a: Ting-Lu|Ting-Lu|62\/100|[from] U-turn\n|-ability|p2a: Ting-Lu|Vessel of Ruin\n|move|p1a: Team Forretress|Stealth Rock|p2a: Ting-Lu\n|-sidestart|p2: quarters_ou|move: Stealth Rock\n|\n|-heal|p2a: Ting-Lu|68\/100|[from] item: Leftovers\n|upkeep\n|turn|8\n|\n|t:|1700845076\n|switch|p1a: Vape oreon|Vaporeon, M|100\/100\n|move|p2a: Ting-Lu|Stealth Rock|p1a: Vape oreon\n|-sidestart|p1: esepost|move: Stealth Rock\n|\n|-heal|p2a: Ting-Lu|74\/100|[from] item: Leftovers\n|upkeep\n|turn|9\n|\n|t:|1700845086\n|move|p1a: Vape oreon|Scald|p2a: Ting-Lu\n|-supereffective|p2a: Ting-Lu\n|-crit|p2a: Ting-Lu\n|-damage|p2a: Ting-Lu|25\/100\n|move|p2a: Ting-Lu|Whirlwind|p1a: Vape oreon\n|drag|p1a: Talonflame|Talonflame, M|100\/100\n|\n|-heal|p2a: Ting-Lu|31\/100|[from] item: Leftovers\n|upkeep\n|turn|10\n|\n|t:|1700845108\n|move|p1a: Talonflame|U-turn|p2a: Ting-Lu\n|-supereffective|p2a: Ting-Lu\n|-damage|p2a: Ting-Lu|15\/100\n|\n|t:|1700845111\n|switch|p1a: Team Forretress|Forretress, F|79\/100|[from] U-turn\n|-damage|p1a: Team Forretress|66\/100|[from] Stealth Rock\n|move|p2a: Ting-Lu|Whirlwind|p1a: Team Forretress\n|drag|p1a: Bisharp|Bisharp, M, shiny|100\/100\n|-damage|p1a: Bisharp|95\/100|[from] Stealth Rock\n|\n|-heal|p2a: Ting-Lu|21\/100|[from] item: Leftovers\n|upkeep\n|turn|11\n|\n|t:|1700845121\n|move|p1a: Bisharp|Iron Head|p2a: Ting-Lu\n|-damage|p2a: Ting-Lu|6\/100\n|move|p2a: Ting-Lu|Ruination|p1a: Bisharp\n|-damage|p1a: Bisharp|48\/100\n|\n|-heal|p2a: Ting-Lu|13\/100|[from] item: Leftovers\n|upkeep\n|turn|12\n|\n|t:|1700845130\n|move|p1a: Bisharp|Iron Head|p2a: Ting-Lu\n|-damage|p2a: Ting-Lu|0 fnt\n|faint|p2a: Ting-Lu\n|\n|upkeep\n|\n|t:|1700845146\n|switch|p2a: Iron Valiant|Iron Valiant|100\/100\n|-damage|p2a: Iron Valiant|94\/100|[from] Stealth Rock\n|-enditem|p2a: Iron Valiant|Booster Energy\n|-activate|p2a: Iron Valiant|ability: Quark Drive|[fromitem]\n|-start|p2a: Iron Valiant|quarkdrivespe\n|turn|13\n|\n|t:|1700845179\n|-terastallize|p1a: Bisharp|Ghost\n|move|p2a: Iron Valiant|Calm Mind|p2a: Iron Valiant\n|-boost|p2a: Iron Valiant|spa|1\n|-boost|p2a: Iron Valiant|spd|1\n|move|p1a: Bisharp|Iron Head|p2a: Iron Valiant\n|-supereffective|p2a: Iron Valiant\n|-damage|p2a: Iron Valiant|0 fnt\n|faint|p2a: Iron Valiant\n|-end|p2a: Iron Valiant|Quark Drive|[silent]\n|\n|upkeep\n|\n|t:|1700845192\n|switch|p2a: Gholdengo|Gholdengo|100\/100\n|-damage|p2a: Gholdengo|94\/100|[from] Stealth Rock\n|turn|14\n|\n|t:|1700845196\n|move|p1a: Bisharp|Sucker Punch|p2a: Gholdengo\n|-supereffective|p2a: Gholdengo\n|-damage|p2a: Gholdengo|20\/100\n|move|p2a: Gholdengo|Shadow Ball|p1a: Bisharp\n|-supereffective|p1a: Bisharp\n|-damage|p1a: Bisharp|0 fnt\n|faint|p1a: Bisharp\n|\n|upkeep\n|\n|t:|1700845213\n|switch|p1a: Vape oreon|Vaporeon, M|100\/100\n|-damage|p1a: Vape oreon|88\/100|[from] Stealth Rock\n|turn|15\n|\n|t:|1700845224\n|move|p2a: Gholdengo|Shadow Ball|p1a: Vape oreon\n|-damage|p1a: Vape oreon|60\/100\n|move|p1a: Vape oreon|Scald|p2a: Gholdengo\n|-damage|p2a: Gholdengo|0 fnt\n|faint|p2a: Gholdengo\n|\n|-heal|p1a: Vape oreon|66\/100|[from] item: Leftovers\n|upkeep\n|\n|t:|1700845236\n|switch|p2a: Toxapex|Toxapex, M|100\/100\n|-damage|p2a: Toxapex|88\/100|[from] Stealth Rock\n|turn|16\n|\n|t:|1700845242\n|switch|p1a: Team Forretress|Forretress, F|66\/100\n|-damage|p1a: Team Forretress|54\/100|[from] Stealth Rock\n|move|p2a: Toxapex|Liquidation|p1a: Team Forretress\n|-damage|p1a: Team Forretress|39\/100\n|\n|upkeep\n|turn|17\n|\n|t:|1700845251\n|move|p1a: Team Forretress|Thunder Wave|p2a: Toxapex\n|-status|p2a: Toxapex|par\n|cant|p2a: Toxapex|par\n|\n|upkeep\n|turn|18\n|\n|t:|1700845258\n|move|p1a: Team Forretress|Spikes|p2a: Toxapex\n|-sidestart|p2: quarters_ou|Spikes\n|move|p2a: Toxapex|Infestation|p1a: Team Forretress\n|-resisted|p1a: Team Forretress\n|-damage|p1a: Team Forretress|38\/100\n|-activate|p1a: Team Forretress|move: Infestation|[of] p2a: Toxapex\n|\n|-damage|p1a: Team Forretress|26\/100|[from] move: Infestation|[partiallytrapped]\n|upkeep\n|turn|19\n|\n|t:|1700845265\n|cant|p2a: Toxapex|par\n|move|p1a: Team Forretress|Rapid Spin|p2a: Toxapex\n|-damage|p2a: Toxapex|80\/100 par\n|-boost|p1a: Team Forretress|spe|1\n|-damage|p1a: Team Forretress|9\/100|[from] item: Rocky Helmet|[of] p2a: Toxapex\n|-sideend|p1: esepost|Stealth Rock|[from] move: Rapid Spin|[of] p1a: Team Forretress\n|-end|p1a: Team Forretress|Infestation|[partiallytrapped]\n|\n|upkeep\n|turn|20\n|\n|t:|1700845274\n|switch|p2a: Mandibuzz|Mandibuzz, F|82\/100\n|move|p1a: Team Forretress|Spikes|p2a: Mandibuzz\n|-sidestart|p2: quarters_ou|Spikes\n|\n|upkeep\n|turn|21\n|\n|t:|1700845278\n|move|p2a: Mandibuzz|Defog|p1a: Team Forretress\n|-unboost|p1a: Team Forretress|evasion|1\n|-sideend|p2: quarters_ou|Spikes|[from] move: Defog|[of] p2a: Mandibuzz\n|-sideend|p2: quarters_ou|Stealth Rock|[from] move: Defog|[of] p2a: Mandibuzz\n|move|p1a: Team Forretress|Thunder Wave|p2a: Mandibuzz\n|-status|p2a: Mandibuzz|par\n|\n|upkeep\n|turn|22\n|\n|t:|1700845287\n|move|p1a: Team Forretress|Stealth Rock|p2a: Mandibuzz\n|-sidestart|p2: quarters_ou|move: Stealth Rock\n|move|p2a: Mandibuzz|Knock Off|p1a: Team Forretress\n|-damage|p1a: Team Forretress|0 fnt\n|faint|p1a: Team Forretress\n|\n|upkeep\n|\n|t:|1700845319\n|switch|p1a: Vape oreon|Vaporeon, M|66\/100\n|turn|23\n|\n|t:|1700845322\n|move|p1a: Vape oreon|Calm Mind|p1a: Vape oreon\n|-boost|p1a: Vape oreon|spa|1\n|-boost|p1a: Vape oreon|spd|1\n|cant|p2a: Mandibuzz|par\n|\n|-heal|p1a: Vape oreon|72\/100|[from] item: Leftovers\n|upkeep\n|turn|24\n|\n|t:|1700845337\n|move|p1a: Vape oreon|Scald|p2a: Mandibuzz\n|-damage|p2a: Mandibuzz|46\/100 par\n|move|p2a: Mandibuzz|Knock Off|p1a: Vape oreon\n|-damage|p1a: Vape oreon|50\/100\n|-enditem|p1a: Vape oreon|Leftovers|[from] move: Knock Off|[of] p2a: Mandibuzz\n|\n|upkeep\n|turn|25\n|\n|t:|1700845346\n|switch|p2a: Dragapult|Dragapult, F|100\/100\n|-damage|p2a: Dragapult|88\/100|[from] Stealth Rock\n|move|p1a: Vape oreon|Wish|p1a: Vape oreon\n|\n|upkeep\n|turn|26\n|\n|t:|1700845354\n|-terastallize|p2a: Dragapult|Ghost\n|move|p1a: Vape oreon|Protect|p1a: Vape oreon\n|-singleturn|p1a: Vape oreon|Protect\n|move|p2a: Dragapult|Phantom Force||[still]\n|-prepare|p2a: Dragapult|Phantom Force\n|\n|-heal|p1a: Vape oreon|99\/100|[from] move: Wish|[wisher] Vape oreon\n|upkeep\n|turn|27\n|\n|t:|1700845364\n|move|p2a: Dragapult|Phantom Force|p1a: Vape oreon|[from]lockedmove\n|-damage|p1a: Vape oreon|11\/100\n|move|p1a: Vape oreon|Scald|p2a: Dragapult\n|-damage|p2a: Dragapult|27\/100\n|\n|upkeep\n|turn|28\n|\n|t:|1700845373\n|move|p2a: Dragapult|Phantom Force||[still]\n|-prepare|p2a: Dragapult|Phantom Force\n|move|p1a: Vape oreon|Wish|p1a: Vape oreon\n|\n|upkeep\n|turn|29\n|\n|t:|1700845376\n|move|p1a: Vape oreon|Protect|p1a: Vape oreon\n|-singleturn|p1a: Vape oreon|Protect\n|move|p2a: Dragapult|Phantom Force|p1a: Vape oreon|[from]lockedmove\n|-activate|p1a: Vape oreon|move: Phantom Force|[broken]\n|-damage|p1a: Vape oreon|0 fnt\n|faint|p1a: Vape oreon\n|\n|upkeep\n|\n|t:|1700845392\n|switch|p1a: Talonflame|Talonflame, M|100\/100\n|turn|30\n|\n|t:|1700845395\n|move|p1a: Talonflame|Brave Bird|p2a: Dragapult\n|-damage|p2a: Dragapult|0 fnt\n|faint|p2a: Dragapult\n|-damage|p1a: Talonflame|91\/100|[from] Recoil\n|\n|upkeep\n|\n|t:|1700845400\n|switch|p2a: Toxapex|Toxapex, M|100\/100 par\n|-damage|p2a: Toxapex|88\/100 par|[from] Stealth Rock\n|turn|31\n|\n|t:|1700845407\n|move|p1a: Talonflame|Brave Bird|p2a: Toxapex\n|-damage|p2a: Toxapex|55\/100 par\n|-damage|p1a: Talonflame|75\/100|[from] item: Rocky Helmet|[of] p2a: Toxapex\n|-damage|p1a: Talonflame|64\/100|[from] Recoil\n|move|p2a: Toxapex|Infestation|p1a: Talonflame\n|-resisted|p1a: Talonflame\n|-damage|p1a: Talonflame|63\/100\n|-activate|p1a: Talonflame|move: Infestation|[of] p2a: Toxapex\n|\n|-damage|p1a: Talonflame|50\/100|[from] move: Infestation|[partiallytrapped]\n|upkeep\n|turn|32\n|\n|t:|1700845416\n|move|p2a: Toxapex|Baneful Bunker|p2a: Toxapex\n|-singleturn|p2a: Toxapex|move: Protect\n|move|p1a: Talonflame|U-turn|p2a: Toxapex\n|-activate|p2a: Toxapex|move: Protect\n|-status|p1a: Talonflame|psn\n|\n|-damage|p1a: Talonflame|38\/100 psn|[from] psn\n|-damage|p1a: Talonflame|25\/100 psn|[from] move: Infestation|[partiallytrapped]\n|upkeep\n|turn|33\n|\n|t:|1700845431\n|move|p1a: Talonflame|U-turn|p2a: Toxapex\n|-resisted|p2a: Toxapex\n|-damage|p2a: Toxapex|49\/100 par\n|-damage|p1a: Talonflame|9\/100 psn|[from] item: Rocky Helmet|[of] p2a: Toxapex\n|\n|t:|1700845440\n|switch|p1a: Landorus|Landorus-Therian, M|100\/100|[from] U-turn\n|-ability|p1a: Landorus|Intimidate|boost\n|-unboost|p2a: Toxapex|atk|1\n|move|p2a: Toxapex|Infestation|p1a: Landorus\n|-resisted|p1a: Landorus\n|-damage|p1a: Landorus|99\/100\n|-activate|p1a: Landorus|move: Infestation|[of] p2a: Toxapex\n|\n|-heal|p1a: Landorus|100\/100|[from] item: Leftovers\n|-damage|p1a: Landorus|88\/100|[from] move: Infestation|[partiallytrapped]\n|upkeep\n|turn|34\n|\n|t:|1700845452\n|move|p2a: Toxapex|Baneful Bunker|p2a: Toxapex\n|-singleturn|p2a: Toxapex|move: Protect\n|move|p1a: Landorus|Calm Mind|p1a: Landorus\n|-boost|p1a: Landorus|spa|1\n|-boost|p1a: Landorus|spd|1\n|\n|-heal|p1a: Landorus|94\/100|[from] item: Leftovers\n|-damage|p1a: Landorus|82\/100|[from] move: Infestation|[partiallytrapped]\n|upkeep\n|turn|35\n|\n|t:|1700845460\n|move|p1a: Landorus|Psychic|p2a: Toxapex\n|-supereffective|p2a: Toxapex\n|-damage|p2a: Toxapex|0 fnt\n|faint|p2a: Toxapex\n|\n|-heal|p1a: Landorus|88\/100|[from] item: Leftovers\n|-end|p1a: Landorus|Infestation|[partiallytrapped]|[silent]\n|upkeep\n|\n|t:|1700845464\n|switch|p2a: Mandibuzz|Mandibuzz, F|46\/100 par\n|turn|36\n|\n|t:|1700845474\n|move|p1a: Landorus|Protect|p1a: Landorus\n|-singleturn|p1a: Landorus|Protect\n|move|p2a: Mandibuzz|Roost|p2a: Mandibuzz\n|-heal|p2a: Mandibuzz|96\/100 par\n|-singleturn|p2a: Mandibuzz|move: Roost\n|\n|-heal|p1a: Landorus|94\/100|[from] item: Leftovers\n|upkeep\n|turn|37\n|\n|t:|1700845485\n|move|p1a: Landorus|Psychic|p2a: Mandibuzz\n|-immune|p2a: Mandibuzz\n|move|p2a: Mandibuzz|Knock Off|p1a: Landorus\n|-damage|p1a: Landorus|75\/100\n|-enditem|p1a: Landorus|Leftovers|[from] move: Knock Off|[of] p2a: Mandibuzz\n|\n|upkeep\n|turn|38\n|\n|t:|1700845508\n|move|p1a: Landorus|Protect|p1a: Landorus\n|-singleturn|p1a: Landorus|Protect\n|cant|p2a: Mandibuzz|par\n|\n|upkeep\n|turn|39\n|\n|t:|1700845512\n|move|p1a: Landorus|Calm Mind|p1a: Landorus\n|-boost|p1a: Landorus|spa|1\n|-boost|p1a: Landorus|spd|1\n|move|p2a: Mandibuzz|Knock Off|p1a: Landorus\n|-damage|p1a: Landorus|63\/100\n|\n|upkeep\n|turn|40\n|\n|t:|1700845518\n|move|p1a: Landorus|Calm Mind|p1a: Landorus\n|-boost|p1a: Landorus|spa|1\n|-boost|p1a: Landorus|spd|1\n|move|p2a: Mandibuzz|Knock Off|p1a: Landorus\n|-damage|p1a: Landorus|51\/100\n|\n|upkeep\n|turn|41\n|\n|t:|1700845524\n|move|p1a: Landorus|Protect|p1a: Landorus\n|-singleturn|p1a: Landorus|Protect\n|move|p2a: Mandibuzz|Knock Off|p1a: Landorus\n|-activate|p1a: Landorus|move: Protect\n|\n|upkeep\n|turn|42\n|\n|t:|1700845541\n|move|p1a: Landorus|Calm Mind|p1a: Landorus\n|-boost|p1a: Landorus|spa|1\n|-boost|p1a: Landorus|spd|1\n|cant|p2a: Mandibuzz|par\n|\n|upkeep\n|turn|43\n|\n|t:|1700845547\n|move|p1a: Landorus|Protect|p1a: Landorus\n|-singleturn|p1a: Landorus|Protect\n|cant|p2a: Mandibuzz|par\n|\n|upkeep\n|turn|44\n|\n|t:|1700845555\n|move|p1a: Landorus|Calm Mind|p1a: Landorus\n|-boost|p1a: Landorus|spa|1\n|-boost|p1a: Landorus|spd|1\n|cant|p2a: Mandibuzz|par\n|\n|upkeep\n|turn|45\n|\n|t:|1700845567\n|move|p1a: Landorus|Protect|p1a: Landorus\n|-singleturn|p1a: Landorus|Protect\n|move|p2a: Mandibuzz|Knock Off|p1a: Landorus\n|-activate|p1a: Landorus|move: Protect\n|\n|upkeep\n|turn|46\n|\n|t:|1700845577\n|move|p1a: Landorus|Calm Mind|p1a: Landorus\n|-boost|p1a: Landorus|spa|1\n|-boost|p1a: Landorus|spd|1\n|move|p2a: Mandibuzz|Knock Off|p1a: Landorus\n|-damage|p1a: Landorus|40\/100\n|\n|upkeep\n|turn|47\n|\n|t:|1700845590\n|move|p1a: Landorus|Protect|p1a: Landorus\n|-singleturn|p1a: Landorus|Protect\n|move|p2a: Mandibuzz|Defog|p1a: Landorus\n|-activate|p1a: Landorus|move: Protect\n|\n|upkeep\n|turn|48\n|\n|t:|1700845599\n|move|p1a: Landorus|Calm Mind|p1a: Landorus\n|-boost|p1a: Landorus|spa|0\n|-boost|p1a: Landorus|spd|0\n|move|p2a: Mandibuzz|Knock Off|p1a: Landorus\n|-damage|p1a: Landorus|28\/100\n|\n|upkeep\n|turn|49\n|\n|t:|1700845617\n|switch|p1a: Talonflame|Talonflame, M|9\/100 psn\n|move|p2a: Mandibuzz|Defog|p1a: Talonflame\n|-unboost|p1a: Talonflame|evasion|1\n|-sideend|p2: quarters_ou|Stealth Rock|[from] move: Defog|[of] p2a: Mandibuzz\n|\n|-damage|p1a: Talonflame|0 fnt|[from] psn\n|faint|p1a: Talonflame\n|upkeep\n|\n|t:|1700845619\n|switch|p1a: Landorus|Landorus-Therian, M|28\/100\n|-ability|p1a: Landorus|Intimidate|boost\n|-unboost|p2a: Mandibuzz|atk|1\n|turn|50\n|-message|esepost forfeited.\n|\n|win|quarters_ou\n|raw|esepost's rating: 1152 &rarr; <strong>1131<\/strong><br \/>(-21 for losing)\n|raw|quarters_ou's rating: 1203 &rarr; <strong>1224<\/strong><br \/>(+21 for winning)\n|l|\u2606esepost\n","uploadtime":1700845630,"views":2,"p1id":"esepost","p2id":"quartersou","formatid":"gen9ou","rating":1131,"private":0,"password":""}