{"id":"gen9ou-1993269165","p1":"qwerPoiuasd","p2":"jacothaptrllr","format":"[Gen 9] OU","log":"|j|\u2606qwerPoiuasd\n|j|\u2606jacothaptrllr\n|t:|1700287382\n|gametype|singles\n|player|p1|qwerPoiuasd|red|1143\n|player|p2|jacothaptrllr|shadowtriad|1132\n|teamsize|p1|6\n|teamsize|p2|6\n|gen|9\n|tier|[Gen 9] OU\n|rated|\n|rule|Sleep Clause Mod: Limit one foe put to sleep\n|rule|Species Clause: Limit one of each Pok\u00e9mon\n|rule|OHKO Clause: OHKO moves are banned\n|rule|Evasion Items Clause: Evasion items are banned\n|rule|Evasion Moves Clause: Evasion moves are banned\n|rule|Endless Battle Clause: Forcing endless battles is banned\n|rule|HP Percentage Mod: HP is shown in percentages\n|clearpoke\n|poke|p1|Sneasler, M|\n|poke|p1|Rillaboom, F|\n|poke|p1|Zapdos|\n|poke|p1|Pelipper, M|\n|poke|p1|Landorus-Therian, M|\n|poke|p1|Heatran, M|\n|poke|p2|Pelipper, F|\n|poke|p2|Basculegion, M|\n|poke|p2|Goodra-Hisui, M|\n|poke|p2|Crawdaunt, F|\n|poke|p2|Slowbro-Galar, F|\n|poke|p2|Electrode-Hisui|\n|teampreview\n|inactive|Battle timer is ON: inactive players will automatically lose when time's up. (requested by jacothaptrllr)\n|\n|t:|1700287402\n|start\n|switch|p1a: Zapdos|Zapdos|100\/100\n|switch|p2a: Electrode|Electrode-Hisui, shiny|100\/100\n|turn|1\n|\n|t:|1700287421\n|move|p2a: Electrode|Leech Seed|p1a: Zapdos\n|-start|p1a: Zapdos|move: Leech Seed\n|move|p1a: Zapdos|Hurricane|p2a: Electrode\n|-damage|p2a: Electrode|36\/100\n|\n|-damage|p1a: Zapdos|88\/100|[from] Leech Seed|[of] p2a: Electrode\n|-heal|p2a: Electrode|48\/100|[silent]\n|upkeep\n|turn|2\n|\n|t:|1700287429\n|move|p2a: Electrode|Substitute|p2a: Electrode\n|-start|p2a: Electrode|Substitute\n|-damage|p2a: Electrode|23\/100\n|move|p1a: Zapdos|Hurricane|p2a: Electrode\n|-end|p2a: Electrode|Substitute\n|\n|-damage|p1a: Zapdos|76\/100|[from] Leech Seed|[of] p2a: Electrode\n|-heal|p2a: Electrode|35\/100|[silent]\n|upkeep\n|turn|3\n|\n|t:|1700287435\n|move|p2a: Electrode|Substitute|p2a: Electrode\n|-start|p2a: Electrode|Substitute\n|-damage|p2a: Electrode|10\/100\n|move|p1a: Zapdos|Hurricane|p2a: Electrode|[miss]\n|-miss|p1a: Zapdos|p2a: Electrode\n|\n|-damage|p1a: Zapdos|63\/100|[from] Leech Seed|[of] p2a: Electrode\n|-heal|p2a: Electrode|23\/100|[silent]\n|upkeep\n|turn|4\n|\n|t:|1700287448\n|move|p2a: Electrode|Leech Seed||[still]\n|-fail|p2a: Electrode\n|move|p1a: Zapdos|Volt Switch|p2a: Electrode\n|-resisted|p2a: Electrode\n|-activate|p2a: Electrode|move: Substitute|[damage]\n|\n|t:|1700287472\n|switch|p1a: Heatran|Heatran, M|100\/100|[from] Volt Switch\n|\n|upkeep\n|turn|5\n|inactive|qwerPoiuasd has 120 seconds left.\n|\n|t:|1700287492\n|move|p2a: Electrode|Leech Seed|p1a: Heatran\n|-start|p1a: Heatran|move: Leech Seed\n|move|p1a: Heatran|Flash Cannon|p2a: Electrode\n|-resisted|p2a: Electrode\n|-end|p2a: Electrode|Substitute\n|\n|-damage|p1a: Heatran|88\/100|[from] Leech Seed|[of] p2a: Electrode\n|-heal|p2a: Electrode|38\/100|[silent]\n|upkeep\n|turn|6\n|\n|t:|1700287499\n|move|p2a: Electrode|Substitute|p2a: Electrode\n|-start|p2a: Electrode|Substitute\n|-damage|p2a: Electrode|13\/100\n|move|p1a: Heatran|Flash Cannon|p2a: Electrode\n|-resisted|p2a: Electrode\n|-end|p2a: Electrode|Substitute\n|\n|-damage|p1a: Heatran|76\/100|[from] Leech Seed|[of] p2a: Electrode\n|-heal|p2a: Electrode|27\/100|[silent]\n|upkeep\n|turn|7\n|\n|t:|1700287507\n|move|p2a: Electrode|Substitute|p2a: Electrode\n|-start|p2a: Electrode|Substitute\n|-damage|p2a: Electrode|2\/100\n|move|p1a: Heatran|Flash Cannon|p2a: Electrode\n|-resisted|p2a: Electrode\n|-end|p2a: Electrode|Substitute\n|\n|-damage|p1a: Heatran|63\/100|[from] Leech Seed|[of] p2a: Electrode\n|-heal|p2a: Electrode|17\/100|[silent]\n|upkeep\n|turn|8\n|\n|t:|1700287517\n|move|p2a: Electrode|Thunder Wave|p1a: Heatran\n|-status|p1a: Heatran|par\n|move|p1a: Heatran|Flash Cannon|p2a: Electrode\n|-resisted|p2a: Electrode\n|-damage|p2a: Electrode|0 fnt\n|faint|p2a: Electrode\n|\n|upkeep\n|\n|t:|1700287528\n|switch|p2a: Pelipper|Pelipper, F|100\/100\n|-weather|RainDance|[from] ability: Drizzle|[of] p2a: Pelipper\n|turn|9\n|\n|t:|1700287541\n|switch|p1a: Zapdos|Zapdos|63\/100\n|move|p2a: Pelipper|Weather Ball|p1a: Zapdos\n|-damage|p1a: Zapdos|8\/100\n|\n|-weather|RainDance|[upkeep]\n|upkeep\n|turn|10\n|\n|t:|1700287556\n|switch|p2a: Goodra|Goodra-Hisui, M|100\/100\n|-item|p2a: Goodra|Air Balloon\n|move|p1a: Zapdos|Roost|p1a: Zapdos\n|-heal|p1a: Zapdos|58\/100\n|-singleturn|p1a: Zapdos|move: Roost\n|\n|-weather|RainDance|[upkeep]\n|upkeep\n|turn|11\n|\n|t:|1700287562\n|move|p1a: Zapdos|Roost|p1a: Zapdos\n|-heal|p1a: Zapdos|100\/100\n|-singleturn|p1a: Zapdos|move: Roost\n|move|p2a: Goodra|Ice Beam|p1a: Zapdos\n|-damage|p1a: Zapdos|69\/100\n|\n|-weather|RainDance|[upkeep]\n|upkeep\n|turn|12\n|\n|t:|1700287589\n|move|p1a: Zapdos|Volt Switch|p2a: Goodra\n|-resisted|p2a: Goodra\n|-damage|p2a: Goodra|89\/100\n|-enditem|p2a: Goodra|Air Balloon\n|inactive|qwerPoiuasd has 120 seconds left.\n|\n|t:|1700287599\n|switch|p1a: Rillaboom|Rillaboom, F|100\/100|[from] Volt Switch\n|-fieldstart|move: Grassy Terrain|[from] ability: Grassy Surge|[of] p1a: Rillaboom\n|move|p2a: Goodra|Ice Beam|p1a: Rillaboom\n|-supereffective|p1a: Rillaboom\n|-damage|p1a: Rillaboom|44\/100\n|\n|-weather|RainDance|[upkeep]\n|-heal|p1a: Rillaboom|50\/100|[from] Grassy Terrain\n|-heal|p2a: Goodra|95\/100|[from] Grassy Terrain\n|upkeep\n|turn|13\n|\n|t:|1700287606\n|move|p1a: Rillaboom|High Horsepower|p2a: Goodra\n|-supereffective|p2a: Goodra\n|-damage|p2a: Goodra|0 fnt\n|-ability|p2a: Goodra|Gooey\n|-unboost|p1a: Rillaboom|spe|1\n|faint|p2a: Goodra\n|\n|-weather|RainDance|[upkeep]\n|-heal|p1a: Rillaboom|56\/100|[from] Grassy Terrain\n|upkeep\n|\n|t:|1700287612\n|switch|p2a: Slowbro|Slowbro-Galar, F, shiny|100\/100\n|turn|14\n|\n|t:|1700287618\n|move|p1a: Rillaboom|High Horsepower|p2a: Slowbro|[miss]\n|-miss|p1a: Rillaboom|p2a: Slowbro\n|move|p2a: Slowbro|Shell Side Arm|p1a: Rillaboom|[anim] Shell Side Arm Special\n|-supereffective|p1a: Rillaboom\n|-damage|p1a: Rillaboom|0 fnt\n|-hint|Special Shell Side Arm\n|faint|p1a: Rillaboom\n|\n|-weather|RainDance|[upkeep]\n|upkeep\n|\n|t:|1700287631\n|switch|p1a: Zapdos|Zapdos|69\/100\n|turn|15\n|-activate|p2a: Slowbro|item: Quick Claw\n|\n|t:|1700287644\n|-terastallize|p2a: Slowbro|Water\n|move|p2a: Slowbro|Surf|p1a: Zapdos\n|-damage|p1a: Zapdos|0 fnt\n|faint|p1a: Zapdos\n|\n|-weather|RainDance|[upkeep]\n|upkeep\n|\n|t:|1700287660\n|switch|p1a: Sneasler|Sneasler, M|100\/100\n|-enditem|p1a: Sneasler|Grassy Seed\n|-boost|p1a: Sneasler|def|1|[from] item: Grassy Seed\n|turn|16\n|\n|t:|1700287669\n|-terastallize|p1a: Sneasler|Flying\n|move|p1a: Sneasler|Acrobatics|p2a: Slowbro\n|-damage|p2a: Slowbro|45\/100\n|move|p2a: Slowbro|Psyshock|p1a: Sneasler\n|-damage|p1a: Sneasler|60\/100\n|\n|-weather|none\n|-heal|p2a: Slowbro|51\/100|[from] Grassy Terrain\n|-fieldend|move: Grassy Terrain\n|upkeep\n|turn|17\n|-activate|p2a: Slowbro|ability: Quick Draw\n|\n|t:|1700287680\n|move|p2a: Slowbro|Shell Side Arm|p1a: Sneasler|[anim] Shell Side Arm Special\n|-damage|p1a: Sneasler|3\/100\n|-hint|Special Shell Side Arm\n|move|p1a: Sneasler|Acrobatics|p2a: Slowbro\n|-damage|p2a: Slowbro|0 fnt\n|faint|p2a: Slowbro\n|\n|upkeep\n|\n|t:|1700287685\n|switch|p2a: Crawdaunt|Crawdaunt, F|100\/100\n|turn|18\n|\n|t:|1700287696\n|switch|p1a: Pelipper|Pelipper, M|100\/100\n|-weather|RainDance|[from] ability: Drizzle|[of] p1a: Pelipper\n|move|p2a: Crawdaunt|Aqua Jet|p1a: Pelipper\n|-resisted|p1a: Pelipper\n|-damage|p1a: Pelipper|69\/100\n|\n|-weather|RainDance|[upkeep]\n|upkeep\n|turn|19\n|\n|t:|1700287706\n|switch|p2a: Basculegion|Basculegion, M|100\/100\n|move|p1a: Pelipper|Hydro Pump|p2a: Basculegion|[miss]\n|-miss|p1a: Pelipper|p2a: Basculegion\n|\n|-weather|RainDance|[upkeep]\n|upkeep\n|turn|20\n|\n|t:|1700287714\n|switch|p1a: Landorus|Landorus-Therian, M|100\/100\n|-ability|p1a: Landorus|Intimidate|boost\n|-unboost|p2a: Basculegion|atk|1\n|move|p2a: Basculegion|Wave Crash|p1a: Landorus\n|-supereffective|p1a: Landorus\n|-damage|p1a: Landorus|0 fnt\n|faint|p1a: Landorus\n|-damage|p2a: Basculegion|73\/100|[from] Recoil\n|-damage|p2a: Basculegion|63\/100|[from] item: Life Orb\n|\n|-weather|RainDance|[upkeep]\n|upkeep\n|\n|t:|1700287722\n|switch|p1a: Pelipper|Pelipper, M|69\/100\n|turn|21\n|\n|t:|1700287731\n|move|p2a: Basculegion|Crunch|p1a: Pelipper\n|-damage|p1a: Pelipper|44\/100\n|-damage|p2a: Basculegion|53\/100|[from] item: Life Orb\n|move|p1a: Pelipper|Hydro Pump|p2a: Basculegion\n|-resisted|p2a: Basculegion\n|-damage|p2a: Basculegion|12\/100\n|\n|-weather|RainDance|[upkeep]\n|upkeep\n|turn|22\n|\n|t:|1700287741\n|move|p2a: Basculegion|Wave Crash|p1a: Pelipper\n|-resisted|p1a: Pelipper\n|-damage|p1a: Pelipper|3\/100\n|-damage|p2a: Basculegion|0 fnt|[from] Recoil\n|faint|p2a: Basculegion\n|move|p1a: Pelipper|Ice Beam|p2: Basculegion|[notarget]\n|-fail|p1a: Pelipper\n|\n|-weather|none\n|upkeep\n|\n|t:|1700287747\n|switch|p2a: Crawdaunt|Crawdaunt, F|100\/100\n|turn|23\n|\n|t:|1700287752\n|move|p2a: Crawdaunt|Aqua Jet|p1a: Pelipper\n|-resisted|p1a: Pelipper\n|-damage|p1a: Pelipper|0 fnt\n|faint|p1a: Pelipper\n|\n|upkeep\n|\n|t:|1700287755\n|switch|p1a: Heatran|Heatran, M|63\/100 par\n|turn|24\n|\n|t:|1700287771\n|move|p2a: Crawdaunt|Aqua Jet|p1a: Heatran\n|-supereffective|p1a: Heatran\n|-damage|p1a: Heatran|0 fnt\n|faint|p1a: Heatran\n|\n|upkeep\n|\n|t:|1700287774\n|switch|p1a: Sneasler|Sneasler, M, tera:Flying|3\/100\n|turn|25\n|\n|t:|1700287778\n|move|p2a: Crawdaunt|Aqua Jet|p1a: Sneasler\n|-damage|p1a: Sneasler|0 fnt\n|faint|p1a: Sneasler\n|\n|win|jacothaptrllr\n|raw|qwerPoiuasd's rating: 1143 &rarr; <strong>1117<\/strong><br \/>(-26 for losing)\n|raw|jacothaptrllr's rating: 1132 &rarr; <strong>1158<\/strong><br \/>(+26 for winning)\n|l|\u2606qwerPoiuasd\n|c|\u2606jacothaptrllr|gg\n","uploadtime":1700287786,"views":11,"p1id":"qwerpoiuasd","p2id":"jacothaptrllr","formatid":"gen9ou","rating":1117,"private":0,"password":""}