{"id":"gen9ou-1992702253","p1":"snorunt.","p2":"TiaTaglialegna","format":"[Gen 9] OU","log":"|j|\u2606snorunt.\n|j|\u2606TiaTaglialegna\n|t:|1700227005\n|gametype|singles\n|player|p1|snorunt.|blackbelt-gen4|1271\n|player|p2|TiaTaglialegna|backersf|1185\n|teamsize|p1|6\n|teamsize|p2|6\n|gen|9\n|tier|[Gen 9] OU\n|rated|\n|rule|Sleep Clause Mod: Limit one foe put to sleep\n|rule|Species Clause: Limit one of each Pok\u00e9mon\n|rule|OHKO Clause: OHKO moves are banned\n|rule|Evasion Items Clause: Evasion items are banned\n|rule|Evasion Moves Clause: Evasion moves are banned\n|rule|Endless Battle Clause: Forcing endless battles is banned\n|rule|HP Percentage Mod: HP is shown in percentages\n|clearpoke\n|poke|p1|Gholdengo|\n|poke|p1|Ribombee, M|\n|poke|p1|Alomomola, F|\n|poke|p1|Mandibuzz, F|\n|poke|p1|Ogerpon-Cornerstone, F|\n|poke|p1|Volcanion|\n|poke|p2|Torterra, F|\n|poke|p2|Glimmora, M|\n|poke|p2|Dragonite, M|\n|poke|p2|Iron Moth|\n|poke|p2|Kingambit, M|\n|poke|p2|Walking Wake|\n|teampreview\n|\n|t:|1700227022\n|start\n|switch|p1a: Gholdengo|Gholdengo|100\/100\n|switch|p2a: Glimmora|Glimmora, M|100\/100\n|turn|1\n|\n|t:|1700227030\n|move|p2a: Glimmora|Stealth Rock|p1a: Gholdengo\n|-sidestart|p1: snorunt.|move: Stealth Rock\n|move|p1a: Gholdengo|Make It Rain|p2a: Glimmora\n|-supereffective|p2a: Glimmora\n|-enditem|p2a: Glimmora|Focus Sash\n|-damage|p2a: Glimmora|1\/100\n|-unboost|p1a: Gholdengo|spa|1\n|\n|upkeep\n|turn|2\n|\n|t:|1700227040\n|move|p2a: Glimmora|Earth Power|p1a: Gholdengo\n|-supereffective|p1a: Gholdengo\n|-damage|p1a: Gholdengo|44\/100\n|move|p1a: Gholdengo|Hex|p2a: Glimmora\n|-damage|p2a: Glimmora|0 fnt\n|faint|p2a: Glimmora\n|\n|-heal|p1a: Gholdengo|50\/100|[from] item: Leftovers\n|upkeep\n|\n|t:|1700227063\n|switch|p2a: Iron Moth|Iron Moth|100\/100\n|-enditem|p2a: Iron Moth|Booster Energy\n|-activate|p2a: Iron Moth|ability: Quark Drive|[fromitem]\n|-start|p2a: Iron Moth|quarkdrivespa\n|turn|3\n|\n|t:|1700227082\n|switch|p1a: Alomomola|Alomomola, F|100\/100\n|-damage|p1a: Alomomola|88\/100|[from] Stealth Rock\n|move|p2a: Iron Moth|Fiery Dance|p1a: Alomomola\n|-resisted|p1a: Alomomola\n|-damage|p1a: Alomomola|51\/100\n|-boost|p2a: Iron Moth|spa|1\n|-enditem|p1a: Alomomola|Red Card|[of] p2a: Iron Moth\n|-end|p2a: Iron Moth|Quark Drive|[silent]\n|drag|p2a: Kingambit|Kingambit, M|100\/100\n|-activate|p2a: Kingambit|ability: Supreme Overlord\n|-start|p2a: Kingambit|fallen1|[silent]\n|\n|upkeep\n|turn|4\n|\n|t:|1700227100\n|move|p2a: Kingambit|Iron Head|p1a: Alomomola\n|-resisted|p1a: Alomomola\n|-crit|p1a: Alomomola\n|-damage|p1a: Alomomola|29\/100\n|move|p1a: Alomomola|Wish|p1a: Alomomola\n|\n|upkeep\n|turn|5\n|\n|t:|1700227106\n|move|p1a: Alomomola|Protect|p1a: Alomomola\n|-singleturn|p1a: Alomomola|Protect\n|move|p2a: Kingambit|Kowtow Cleave|p1a: Alomomola\n|-activate|p1a: Alomomola|move: Protect\n|\n|-heal|p1a: Alomomola|79\/100|[from] move: Wish|[wisher] Alomomola\n|upkeep\n|turn|6\n|\n|t:|1700227116\n|-end|p2a: Kingambit|fallen1|[silent]\n|switch|p2a: Torterra|Torterra, F|100\/100\n|move|p1a: Alomomola|Scald|p2a: Torterra\n|-damage|p2a: Torterra|86\/100\n|\n|upkeep\n|turn|7\n|\n|t:|1700227123\n|move|p2a: Torterra|Shell Smash|p2a: Torterra\n|-unboost|p2a: Torterra|def|1\n|-unboost|p2a: Torterra|spd|1\n|-boost|p2a: Torterra|atk|2\n|-boost|p2a: Torterra|spa|2\n|-boost|p2a: Torterra|spe|2\n|move|p1a: Alomomola|Scald|p2a: Torterra\n|-damage|p2a: Torterra|61\/100\n|-status|p2a: Torterra|brn\n|\n|-damage|p2a: Torterra|55\/100 brn|[from] brn\n|upkeep\n|turn|8\n|\n|t:|1700227135\n|move|p1a: Alomomola|Protect|p1a: Alomomola\n|-singleturn|p1a: Alomomola|Protect\n|move|p2a: Torterra|Bullet Seed|p1a: Alomomola\n|-activate|p1a: Alomomola|move: Protect\n|\n|-damage|p2a: Torterra|49\/100 brn|[from] brn\n|upkeep\n|turn|9\n|\n|t:|1700227143\n|switch|p1a: Mandibuzz|Mandibuzz, F|100\/100\n|-damage|p1a: Mandibuzz|76\/100|[from] Stealth Rock\n|move|p2a: Torterra|Bullet Seed|p1a: Mandibuzz\n|-resisted|p1a: Mandibuzz\n|-damage|p1a: Mandibuzz|72\/100\n|-resisted|p1a: Mandibuzz\n|-damage|p1a: Mandibuzz|69\/100\n|-resisted|p1a: Mandibuzz\n|-damage|p1a: Mandibuzz|65\/100\n|-resisted|p1a: Mandibuzz\n|-damage|p1a: Mandibuzz|61\/100\n|-resisted|p1a: Mandibuzz\n|-damage|p1a: Mandibuzz|58\/100\n|-hitcount|p1a: Mandibuzz|5\n|\n|-heal|p1a: Mandibuzz|64\/100|[from] item: Leftovers\n|-damage|p2a: Torterra|43\/100 brn|[from] brn\n|upkeep\n|turn|10\n|\n|t:|1700227158\n|move|p2a: Torterra|Rock Blast|p1a: Mandibuzz\n|-supereffective|p1a: Mandibuzz\n|-damage|p1a: Mandibuzz|55\/100\n|-supereffective|p1a: Mandibuzz\n|-damage|p1a: Mandibuzz|44\/100\n|-supereffective|p1a: Mandibuzz\n|-damage|p1a: Mandibuzz|34\/100\n|-supereffective|p1a: Mandibuzz\n|-damage|p1a: Mandibuzz|25\/100\n|-supereffective|p1a: Mandibuzz\n|-damage|p1a: Mandibuzz|15\/100\n|-hitcount|p1a: Mandibuzz|5\n|move|p1a: Mandibuzz|Defog|p2a: Torterra\n|-unboost|p2a: Torterra|evasion|1\n|-sideend|p1: snorunt.|Stealth Rock|[from] move: Defog|[of] p1a: Mandibuzz\n|\n|-heal|p1a: Mandibuzz|21\/100|[from] item: Leftovers\n|-damage|p2a: Torterra|37\/100 brn|[from] brn\n|upkeep\n|turn|11\n|inactive|Battle timer is ON: inactive players will automatically lose when time's up. (requested by snorunt.)\n|\n|t:|1700227174\n|switch|p1a: Alomomola|Alomomola, F|100\/100\n|move|p2a: Torterra|Rock Blast|p1a: Alomomola\n|-damage|p1a: Alomomola|96\/100\n|-damage|p1a: Alomomola|91\/100\n|-damage|p1a: Alomomola|87\/100\n|-damage|p1a: Alomomola|82\/100\n|-damage|p1a: Alomomola|78\/100\n|-hitcount|p1a: Alomomola|5\n|\n|-damage|p2a: Torterra|31\/100 brn|[from] brn\n|upkeep\n|turn|12\n|\n|t:|1700227186\n|move|p1a: Alomomola|Protect|p1a: Alomomola\n|-singleturn|p1a: Alomomola|Protect\n|move|p2a: Torterra|Bullet Seed|p1a: Alomomola\n|-activate|p1a: Alomomola|move: Protect\n|\n|-damage|p2a: Torterra|25\/100 brn|[from] brn\n|upkeep\n|turn|13\n|inactive|snorunt. has 120 seconds left.\n|\n|t:|1700227218\n|switch|p1a: Mandibuzz|Mandibuzz, F|21\/100\n|move|p2a: Torterra|Bullet Seed|p1a: Mandibuzz\n|-resisted|p1a: Mandibuzz\n|-damage|p1a: Mandibuzz|15\/100\n|-resisted|p1a: Mandibuzz\n|-damage|p1a: Mandibuzz|10\/100\n|-resisted|p1a: Mandibuzz\n|-damage|p1a: Mandibuzz|5\/100\n|-resisted|p1a: Mandibuzz\n|-damage|p1a: Mandibuzz|0 fnt\n|faint|p1a: Mandibuzz\n|-hitcount|p1: Mandibuzz|4\n|\n|-damage|p2a: Torterra|19\/100 brn|[from] brn\n|upkeep\n|inactive|snorunt. has 120 seconds left.\n|\n|t:|1700227243\n|switch|p1a: Alomomola|Alomomola, F|100\/100\n|turn|14\n|\n|t:|1700227248\n|move|p1a: Alomomola|Protect|p1a: Alomomola\n|-singleturn|p1a: Alomomola|Protect\n|move|p2a: Torterra|Bullet Seed|p1a: Alomomola\n|-activate|p1a: Alomomola|move: Protect\n|\n|-damage|p2a: Torterra|13\/100 brn|[from] brn\n|upkeep\n|turn|15\n|\n|t:|1700227256\n|switch|p1a: Ribombee|Ribombee, M|100\/100\n|move|p2a: Torterra|Bullet Seed|p1a: Ribombee\n|-resisted|p1a: Ribombee\n|-damage|p1a: Ribombee|82\/100\n|-resisted|p1a: Ribombee\n|-damage|p1a: Ribombee|63\/100\n|-resisted|p1a: Ribombee\n|-damage|p1a: Ribombee|46\/100\n|-resisted|p1a: Ribombee\n|-damage|p1a: Ribombee|28\/100\n|-hitcount|p1a: Ribombee|4\n|\n|-damage|p2a: Torterra|7\/100 brn|[from] brn\n|upkeep\n|turn|16\n|inactive|snorunt. has 120 seconds left.\n|\n|t:|1700227269\n|switch|p1a: Gholdengo|Gholdengo|50\/100\n|move|p2a: Torterra|Bullet Seed|p1a: Gholdengo\n|-resisted|p1a: Gholdengo\n|-damage|p1a: Gholdengo|40\/100\n|-resisted|p1a: Gholdengo\n|-damage|p1a: Gholdengo|31\/100\n|-resisted|p1a: Gholdengo\n|-damage|p1a: Gholdengo|22\/100\n|-resisted|p1a: Gholdengo\n|-damage|p1a: Gholdengo|14\/100\n|-hitcount|p1a: Gholdengo|4\n|\n|-heal|p1a: Gholdengo|20\/100|[from] item: Leftovers\n|-damage|p2a: Torterra|0 fnt|[from] brn\n|faint|p2a: Torterra\n|upkeep\n|\n|t:|1700227293\n|switch|p2a: Iron Moth|Iron Moth|100\/100\n|turn|17\n|\n|t:|1700227298\n|switch|p1a: Volcanion|Volcanion|100\/100\n|move|p2a: Iron Moth|Fiery Dance|p1a: Volcanion\n|-resisted|p1a: Volcanion\n|-damage|p1a: Volcanion|93\/100\n|\n|upkeep\n|turn|18\n|\n|t:|1700227319\n|-end|p2a: Iron Moth|Quark Drive|[silent]\n|switch|p2a: Dragonite|Dragonite, M|100\/100\n|-terastallize|p1a: Volcanion|Ground\n|move|p1a: Volcanion|Steam Eruption|p2a: Dragonite\n|-resisted|p2a: Dragonite\n|-damage|p2a: Dragonite|85\/100\n|-status|p2a: Dragonite|brn\n|\n|-damage|p2a: Dragonite|78\/100 brn|[from] brn\n|upkeep\n|turn|19\n|\n|t:|1700227336\n|switch|p1a: Ogerpon|Ogerpon-Cornerstone, F|100\/100\n|move|p2a: Dragonite|Dragon Dance|p2a: Dragonite\n|-boost|p2a: Dragonite|atk|1\n|-boost|p2a: Dragonite|spe|1\n|\n|-damage|p2a: Dragonite|72\/100 brn|[from] brn\n|upkeep\n|turn|20\n|\n|t:|1700227344\n|move|p1a: Ogerpon|Ivy Cudgel|p2a: Dragonite|[anim] Ivy Cudgel Rock\n|-supereffective|p2a: Dragonite\n|-damage|p2a: Dragonite|0 fnt\n|faint|p2a: Dragonite\n|\n|upkeep\n|\n|t:|1700227351\n|switch|p2a: Iron Moth|Iron Moth|100\/100\n|turn|21\n|\n|t:|1700227366\n|move|p1a: Ogerpon|Ivy Cudgel|p2a: Iron Moth|[anim] Ivy Cudgel Rock\n|-supereffective|p2a: Iron Moth\n|-damage|p2a: Iron Moth|0 fnt\n|faint|p2a: Iron Moth\n|-end|p2a: Iron Moth|Quark Drive|[silent]\n|\n|upkeep\n|\n|t:|1700227372\n|switch|p2a: Walking Wake|Walking Wake|100\/100\n|-enditem|p2a: Walking Wake|Booster Energy\n|-activate|p2a: Walking Wake|ability: Protosynthesis|[fromitem]\n|-start|p2a: Walking Wake|protosynthesisspa\n|turn|22\n|\n|t:|1700227381\n|move|p1a: Ogerpon|Ivy Cudgel|p2a: Walking Wake|[anim] Ivy Cudgel Rock\n|-damage|p2a: Walking Wake|35\/100\n|move|p2a: Walking Wake|Hydro Steam|p1a: Ogerpon\n|-damage|p1a: Ogerpon|36\/100\n|\n|upkeep\n|turn|23\n|\n|t:|1700227389\n|move|p1a: Ogerpon|Ivy Cudgel|p2a: Walking Wake|[anim] Ivy Cudgel Rock\n|-damage|p2a: Walking Wake|0 fnt\n|faint|p2a: Walking Wake\n|-end|p2a: Walking Wake|Protosynthesis|[silent]\n|\n|upkeep\n|\n|t:|1700227394\n|switch|p2a: Kingambit|Kingambit, M|100\/100\n|-activate|p2a: Kingambit|ability: Supreme Overlord\n|-start|p2a: Kingambit|fallen5|[silent]\n|turn|24\n|\n|t:|1700227398\n|move|p2a: Kingambit|Sucker Punch|p1a: Ogerpon\n|-damage|p1a: Ogerpon|0 fnt\n|faint|p1a: Ogerpon\n|\n|upkeep\n|\n|t:|1700227404\n|switch|p1a: Volcanion|Volcanion, tera:Ground|93\/100\n|turn|25\n|\n|t:|1700227411\n|-terastallize|p2a: Kingambit|Flying\n|move|p2a: Kingambit|Swords Dance|p2a: Kingambit\n|-boost|p2a: Kingambit|atk|2\n|move|p1a: Volcanion|Earth Power|p2a: Kingambit\n|-immune|p2a: Kingambit\n|\n|upkeep\n|turn|26\n|\n|t:|1700227421\n|move|p2a: Kingambit|Kowtow Cleave|p1a: Volcanion\n|-damage|p1a: Volcanion|0 fnt\n|faint|p1a: Volcanion\n|\n|upkeep\n|\n|t:|1700227425\n|switch|p1a: Alomomola|Alomomola, F|100\/100\n|turn|27\n|\n|t:|1700227433\n|move|p2a: Kingambit|Kowtow Cleave|p1a: Alomomola\n|-damage|p1a: Alomomola|25\/100\n|move|p1a: Alomomola|Scald|p2a: Kingambit\n|-damage|p2a: Kingambit|84\/100\n|\n|upkeep\n|turn|28\n|\n|t:|1700227440\n|move|p1a: Alomomola|Protect|p1a: Alomomola\n|-singleturn|p1a: Alomomola|Protect\n|move|p2a: Kingambit|Kowtow Cleave|p1a: Alomomola\n|-activate|p1a: Alomomola|move: Protect\n|\n|upkeep\n|turn|29\n|\n|t:|1700227447\n|switch|p1a: Gholdengo|Gholdengo|20\/100\n|move|p2a: Kingambit|Kowtow Cleave|p1a: Gholdengo\n|-supereffective|p1a: Gholdengo\n|-damage|p1a: Gholdengo|0 fnt\n|faint|p1a: Gholdengo\n|\n|upkeep\n|\n|t:|1700227461\n|switch|p1a: Ribombee|Ribombee, M|28\/100\n|turn|30\n|\n|t:|1700227467\n|move|p2a: Kingambit|Sucker Punch||[still]\n|-fail|p2a: Kingambit\n|move|p1a: Ribombee|Tailwind|p1a: Ribombee\n|-sidestart|p1: snorunt.|move: Tailwind\n|\n|upkeep\n|turn|31\n|\n|t:|1700227476\n|move|p1a: Ribombee|Tailwind||[still]\n|-fail|p1a: Ribombee\n|move|p2a: Kingambit|Iron Head|p1a: Ribombee\n|-supereffective|p1a: Ribombee\n|-crit|p1a: Ribombee\n|-damage|p1a: Ribombee|0 fnt\n|faint|p1a: Ribombee\n|\n|upkeep\n|\n|t:|1700227479\n|switch|p1a: Alomomola|Alomomola, F|58\/100\n|turn|32\n|\n|t:|1700227487\n|move|p1a: Alomomola|Scald|p2a: Kingambit\n|-damage|p2a: Kingambit|69\/100\n|move|p2a: Kingambit|Kowtow Cleave|p1a: Alomomola\n|-damage|p1a: Alomomola|0 fnt\n|faint|p1a: Alomomola\n|\n|win|TiaTaglialegna\n|raw|snorunt.'s rating: 1271 &rarr; <strong>1240<\/strong><br \/>(-31 for losing)\n|raw|TiaTaglialegna's rating: 1185 &rarr; <strong>1216<\/strong><br \/>(+31 for winning)\n|l|\u2606snorunt.\n|c|\u2606TiaTaglialegna|gg\n","uploadtime":1700227499,"views":37,"p1id":"snorunt","p2id":"tiataglialegna","formatid":"gen9ou","rating":1216,"private":0,"password":""}