{"id":"gen9ou-2000536385","p1":"Anisstad","p2":"Benjamin 4455","format":"[Gen 9] OU","log":"|j|\u2606Anisstad\n|j|\u2606Benjamin 4455\n|t:|1701203219\n|gametype|singles\n|player|p1|Anisstad|266|1315\n|player|p2|Benjamin 4455|169|1340\n|teamsize|p1|6\n|teamsize|p2|6\n|gen|9\n|tier|[Gen 9] OU\n|rated|\n|rule|Sleep Clause Mod: Limit one foe put to sleep\n|rule|Species Clause: Limit one of each Pok\u00e9mon\n|rule|OHKO Clause: OHKO moves are banned\n|rule|Evasion Items Clause: Evasion items are banned\n|rule|Evasion Moves Clause: Evasion moves are banned\n|rule|Endless Battle Clause: Forcing endless battles is banned\n|rule|HP Percentage Mod: HP is shown in percentages\n|clearpoke\n|poke|p1|Zapdos|\n|poke|p1|Overqwil, M|\n|poke|p1|Barraskewda, F|\n|poke|p1|Goodra-Hisui, M|\n|poke|p1|Pelipper, M|\n|poke|p1|Drednaw, M|\n|poke|p2|Corviknight, M|\n|poke|p2|Zamazenta-*|\n|poke|p2|Blissey, F|\n|poke|p2|Iron Moth|\n|poke|p2|Meowscarada, F|\n|poke|p2|Gholdengo|\n|teampreview\n|\n|t:|1701203234\n|start\n|switch|p1a: Drednaw|Drednaw, M|100\/100\n|switch|p2a: Gholdengo|Gholdengo, shiny|100\/100\n|turn|1\n|\n|t:|1701203249\n|-terastallize|p1a: Drednaw|Ground\n|move|p1a: Drednaw|Shell Smash|p1a: Drednaw\n|-unboost|p1a: Drednaw|def|1\n|-unboost|p1a: Drednaw|spd|1\n|-boost|p1a: Drednaw|atk|2\n|-boost|p1a: Drednaw|spa|2\n|-boost|p1a: Drednaw|spe|2\n|-enditem|p1a: Drednaw|White Herb\n|-clearnegativeboost|p1a: Drednaw|[silent]\n|move|p2a: Gholdengo|Trick|p1a: Drednaw\n|-activate|p2a: Gholdengo|move: Trick|[of] p1a: Drednaw\n|-item|p1a: Drednaw|Choice Specs|[from] move: Trick\n|-enditem|p2a: Gholdengo|Choice Specs|[silent]|[from] move: Trick\n|\n|upkeep\n|turn|2\n|\n|t:|1701203270\n|switch|p2a: Corviknight|Corviknight, M, shiny|100\/100\n|move|p1a: Drednaw|Liquidation|p2a: Corviknight\n|-damage|p2a: Corviknight|50\/100\n|-damage|p1a: Drednaw|84\/100|[from] item: Rocky Helmet|[of] p2a: Corviknight\n|\n|upkeep\n|turn|3\n|\n|t:|1701203280\n|move|p1a: Drednaw|Liquidation|p2a: Corviknight\n|-damage|p2a: Corviknight|1\/100\n|-damage|p1a: Drednaw|68\/100|[from] item: Rocky Helmet|[of] p2a: Corviknight\n|move|p2a: Corviknight|Roost|p2a: Corviknight\n|-heal|p2a: Corviknight|51\/100\n|-singleturn|p2a: Corviknight|move: Roost\n|\n|upkeep\n|turn|4\n|\n|t:|1701203288\n|move|p1a: Drednaw|Liquidation|p2a: Corviknight\n|-damage|p2a: Corviknight|1\/100\n|-damage|p1a: Drednaw|51\/100|[from] item: Rocky Helmet|[of] p2a: Corviknight\n|move|p2a: Corviknight|Roost|p2a: Corviknight\n|-heal|p2a: Corviknight|51\/100\n|-singleturn|p2a: Corviknight|move: Roost\n|\n|upkeep\n|turn|5\n|\n|t:|1701203297\n|move|p1a: Drednaw|Liquidation|p2a: Corviknight\n|-damage|p2a: Corviknight|4\/100\n|-damage|p1a: Drednaw|35\/100|[from] item: Rocky Helmet|[of] p2a: Corviknight\n|move|p2a: Corviknight|Roost|p2a: Corviknight\n|-heal|p2a: Corviknight|54\/100\n|-singleturn|p2a: Corviknight|move: Roost\n|\n|upkeep\n|turn|6\n|\n|t:|1701203307\n|move|p1a: Drednaw|Liquidation|p2a: Corviknight\n|-damage|p2a: Corviknight|6\/100\n|-damage|p1a: Drednaw|18\/100|[from] item: Rocky Helmet|[of] p2a: Corviknight\n|move|p2a: Corviknight|Roost|p2a: Corviknight\n|-heal|p2a: Corviknight|56\/100\n|-singleturn|p2a: Corviknight|move: Roost\n|\n|upkeep\n|turn|7\n|\n|t:|1701203317\n|move|p1a: Drednaw|Liquidation|p2a: Corviknight\n|-damage|p2a: Corviknight|10\/100\n|-damage|p1a: Drednaw|2\/100|[from] item: Rocky Helmet|[of] p2a: Corviknight\n|move|p2a: Corviknight|Roost|p2a: Corviknight\n|-heal|p2a: Corviknight|60\/100\n|-singleturn|p2a: Corviknight|move: Roost\n|\n|upkeep\n|turn|8\n|\n|t:|1701203325\n|move|p1a: Drednaw|Liquidation|p2a: Corviknight\n|-damage|p2a: Corviknight|15\/100\n|-damage|p1a: Drednaw|0 fnt|[from] item: Rocky Helmet|[of] p2a: Corviknight\n|faint|p1a: Drednaw\n|move|p2a: Corviknight|Roost|p2a: Corviknight\n|-heal|p2a: Corviknight|65\/100\n|-singleturn|p2a: Corviknight|move: Roost\n|\n|upkeep\n|\n|t:|1701203335\n|switch|p1a: Pelipper|Pelipper, M|100\/100\n|-weather|RainDance|[from] ability: Drizzle|[of] p1a: Pelipper\n|turn|9\n|\n|t:|1701203343\n|switch|p2a: Gholdengo|Gholdengo, shiny|100\/100\n|switch|p1a: Overqwil|Overqwil, M|100\/100\n|\n|-weather|RainDance|[upkeep]\n|upkeep\n|turn|10\n|\n|t:|1701203352\n|switch|p2a: Corviknight|Corviknight, M, shiny|65\/100\n|move|p1a: Overqwil|Swords Dance|p1a: Overqwil\n|-boost|p1a: Overqwil|atk|2\n|\n|-weather|RainDance|[upkeep]\n|upkeep\n|turn|11\n|\n|t:|1701203360\n|move|p1a: Overqwil|Crunch|p2a: Corviknight\n|-damage|p2a: Corviknight|8\/100\n|-damage|p1a: Overqwil|84\/100|[from] item: Rocky Helmet|[of] p2a: Corviknight\n|-damage|p1a: Overqwil|74\/100|[from] item: Life Orb\n|move|p2a: Corviknight|Body Press|p1a: Overqwil\n|-damage|p1a: Overqwil|42\/100\n|\n|-weather|RainDance|[upkeep]\n|upkeep\n|turn|12\n|\n|t:|1701203372\n|move|p1a: Overqwil|Liquidation|p2a: Corviknight\n|-damage|p2a: Corviknight|0 fnt\n|-damage|p1a: Overqwil|25\/100|[from] item: Rocky Helmet|[of] p2a: Corviknight\n|faint|p2a: Corviknight\n|-damage|p1a: Overqwil|15\/100|[from] item: Life Orb\n|\n|-weather|RainDance|[upkeep]\n|upkeep\n|\n|t:|1701203380\n|switch|p2a: Meowscarada|Meowscarada, F, shiny|100\/100\n|turn|13\n|\n|t:|1701203385\n|move|p1a: Overqwil|Gunk Shot|p2a: Meowscarada\n|-supereffective|p2a: Meowscarada\n|-damage|p2a: Meowscarada|0 fnt\n|faint|p2a: Meowscarada\n|-damage|p1a: Overqwil|5\/100|[from] item: Life Orb\n|\n|-weather|RainDance|[upkeep]\n|upkeep\n|\n|t:|1701203396\n|switch|p2a: Zamazenta|Zamazenta, shiny|100\/100\n|-ability|p2a: Zamazenta|Dauntless Shield|boost\n|-boost|p2a: Zamazenta|def|1\n|turn|14\n|\n|t:|1701203403\n|move|p1a: Overqwil|Liquidation|p2a: Zamazenta\n|-damage|p2a: Zamazenta|43\/100\n|-unboost|p2a: Zamazenta|def|1\n|-damage|p1a: Overqwil|0 fnt|[from] item: Life Orb\n|faint|p1a: Overqwil\n|move|p2a: Zamazenta|Iron Defense|p2a: Zamazenta\n|-boost|p2a: Zamazenta|def|2\n|\n|-weather|RainDance|[upkeep]\n|-heal|p2a: Zamazenta|50\/100|[from] item: Leftovers\n|upkeep\n|\n|t:|1701203413\n|switch|p1a: Zapdos|Zapdos|100\/100\n|turn|15\n|\n|t:|1701203418\n|switch|p2a: Blissey|Blissey, F, shiny|100\/100\n|move|p1a: Zapdos|Hurricane|p2a: Blissey\n|-damage|p2a: Blissey|84\/100\n|\n|-weather|RainDance|[upkeep]\n|-heal|p2a: Blissey|90\/100|[from] item: Leftovers\n|upkeep\n|turn|16\n|\n|t:|1701203428\n|move|p1a: Zapdos|Ancient Power|p2a: Blissey\n|-damage|p2a: Blissey|84\/100\n|move|p2a: Blissey|Stealth Rock|p1a: Zapdos\n|-sidestart|p1: Anisstad|move: Stealth Rock\n|\n|-weather|none\n|-heal|p2a: Blissey|90\/100|[from] item: Leftovers\n|upkeep\n|turn|17\n|\n|t:|1701203439\n|switch|p1a: Pelipper|Pelipper, M|100\/100\n|-damage|p1a: Pelipper|75\/100|[from] Stealth Rock\n|-weather|RainDance|[from] ability: Drizzle|[of] p1a: Pelipper\n|move|p2a: Blissey|Seismic Toss|p1a: Pelipper\n|-damage|p1a: Pelipper|45\/100\n|\n|-weather|RainDance|[upkeep]\n|-heal|p2a: Blissey|96\/100|[from] item: Leftovers\n|upkeep\n|turn|18\n|\n|t:|1701203452\n|switch|p1a: Barraskewda|Barraskewda, F|100\/100\n|-damage|p1a: Barraskewda|88\/100|[from] Stealth Rock\n|move|p2a: Blissey|Thunder Wave|p1a: Barraskewda\n|-status|p1a: Barraskewda|par\n|\n|-weather|RainDance|[upkeep]\n|-heal|p2a: Blissey|100\/100|[from] item: Leftovers\n|upkeep\n|turn|19\n|\n|t:|1701203470\n|switch|p2a: Gholdengo|Gholdengo, shiny|100\/100\n|move|p1a: Barraskewda|Liquidation|p2a: Gholdengo\n|-damage|p2a: Gholdengo|4\/100\n|-damage|p1a: Barraskewda|78\/100 par|[from] item: Life Orb\n|\n|-weather|RainDance|[upkeep]\n|upkeep\n|turn|20\n|\n|t:|1701203488\n|cant|p1a: Barraskewda|par\n|move|p2a: Gholdengo|Dazzling Gleam|p1a: Barraskewda\n|-damage|p1a: Barraskewda|13\/100 par\n|\n|-weather|RainDance|[upkeep]\n|upkeep\n|turn|21\n|\n|t:|1701203496\n|move|p1a: Barraskewda|Liquidation|p2a: Gholdengo\n|-damage|p2a: Gholdengo|0 fnt\n|faint|p2a: Gholdengo\n|-damage|p1a: Barraskewda|3\/100 par|[from] item: Life Orb\n|\n|-weather|RainDance|[upkeep]\n|upkeep\n|\n|t:|1701203506\n|switch|p2a: Blissey|Blissey, F, shiny|100\/100\n|turn|22\n|\n|t:|1701203516\n|move|p1a: Barraskewda|Liquidation|p2a: Blissey\n|-damage|p2a: Blissey|16\/100\n|-damage|p1a: Barraskewda|0 fnt|[from] item: Life Orb\n|faint|p1a: Barraskewda\n|move|p2a: Blissey|Soft-Boiled|p2a: Blissey\n|-heal|p2a: Blissey|66\/100\n|\n|-weather|RainDance|[upkeep]\n|-heal|p2a: Blissey|72\/100|[from] item: Leftovers\n|upkeep\n|\n|t:|1701203528\n|switch|p1a: Zapdos|Zapdos|100\/100\n|turn|23\n|\n|t:|1701203533\n|move|p1a: Zapdos|Ancient Power|p2a: Blissey\n|-damage|p2a: Blissey|65\/100\n|-boost|p1a: Zapdos|atk|1\n|-boost|p1a: Zapdos|def|1\n|-boost|p1a: Zapdos|spa|1\n|-boost|p1a: Zapdos|spd|1\n|-boost|p1a: Zapdos|spe|1\n|move|p2a: Blissey|Seismic Toss|p1a: Zapdos\n|-damage|p1a: Zapdos|74\/100\n|-status|p2a: Blissey|par|[from] ability: Static|[of] p1a: Zapdos\n|\n|-weather|RainDance|[upkeep]\n|-heal|p2a: Blissey|72\/100 par|[from] item: Leftovers\n|upkeep\n|turn|24\n|\n|t:|1701203545\n|move|p1a: Zapdos|Ancient Power|p2a: Blissey\n|-damage|p2a: Blissey|62\/100 par\n|move|p2a: Blissey|Seismic Toss|p1a: Zapdos\n|-damage|p1a: Zapdos|48\/100\n|\n|-weather|none\n|-heal|p2a: Blissey|68\/100 par|[from] item: Leftovers\n|upkeep\n|turn|25\n|\n|t:|1701203553\n|move|p1a: Zapdos|Ancient Power|p2a: Blissey\n|-crit|p2a: Blissey\n|-damage|p2a: Blissey|54\/100 par\n|move|p2a: Blissey|Seismic Toss|p1a: Zapdos\n|-damage|p1a: Zapdos|22\/100\n|\n|-heal|p2a: Blissey|60\/100 par|[from] item: Leftovers\n|upkeep\n|turn|26\n|\n|t:|1701203563\n|move|p1a: Zapdos|Roost|p1a: Zapdos\n|-heal|p1a: Zapdos|72\/100\n|-singleturn|p1a: Zapdos|move: Roost\n|move|p2a: Blissey|Soft-Boiled|p2a: Blissey\n|-heal|p2a: Blissey|100\/100 par\n|\n|upkeep\n|turn|27\n|\n|t:|1701203574\n|move|p1a: Zapdos|Ancient Power|p2a: Blissey\n|-damage|p2a: Blissey|90\/100 par\n|move|p2a: Blissey|Seismic Toss|p1a: Zapdos\n|-damage|p1a: Zapdos|46\/100\n|\n|-heal|p2a: Blissey|97\/100 par|[from] item: Leftovers\n|upkeep\n|turn|28\n|\n|t:|1701203582\n|move|p1a: Zapdos|Ancient Power|p2a: Blissey\n|-damage|p2a: Blissey|87\/100 par\n|cant|p2a: Blissey|par\n|\n|-heal|p2a: Blissey|94\/100 par|[from] item: Leftovers\n|upkeep\n|turn|29\n|\n|t:|1701203589\n|move|p1a: Zapdos|Ancient Power|p2a: Blissey\n|-damage|p2a: Blissey|85\/100 par\n|-boost|p1a: Zapdos|atk|1\n|-boost|p1a: Zapdos|def|1\n|-boost|p1a: Zapdos|spa|1\n|-boost|p1a: Zapdos|spd|1\n|-boost|p1a: Zapdos|spe|1\n|move|p2a: Blissey|Seismic Toss|p1a: Zapdos\n|-damage|p1a: Zapdos|20\/100\n|\n|-heal|p2a: Blissey|91\/100 par|[from] item: Leftovers\n|upkeep\n|turn|30\n|\n|t:|1701203601\n|move|p1a: Zapdos|Roost|p1a: Zapdos\n|-heal|p1a: Zapdos|70\/100\n|-singleturn|p1a: Zapdos|move: Roost\n|move|p2a: Blissey|Seismic Toss|p1a: Zapdos\n|-damage|p1a: Zapdos|44\/100\n|\n|-heal|p2a: Blissey|97\/100 par|[from] item: Leftovers\n|upkeep\n|turn|31\n|\n|t:|1701203611\n|move|p1a: Zapdos|Roost|p1a: Zapdos\n|-heal|p1a: Zapdos|94\/100\n|-singleturn|p1a: Zapdos|move: Roost\n|move|p2a: Blissey|Seismic Toss|p1a: Zapdos\n|-damage|p1a: Zapdos|68\/100\n|\n|-heal|p2a: Blissey|100\/100 par|[from] item: Leftovers\n|upkeep\n|turn|32\n|\n|t:|1701203621\n|move|p1a: Zapdos|Ancient Power|p2a: Blissey\n|-damage|p2a: Blissey|88\/100 par\n|move|p2a: Blissey|Seismic Toss|p1a: Zapdos\n|-damage|p1a: Zapdos|42\/100\n|\n|-heal|p2a: Blissey|94\/100 par|[from] item: Leftovers\n|upkeep\n|turn|33\n|\n|t:|1701203629\n|move|p1a: Zapdos|Hurricane|p2a: Blissey\n|-damage|p2a: Blissey|58\/100 par\n|move|p2a: Blissey|Seismic Toss|p1a: Zapdos\n|-damage|p1a: Zapdos|16\/100\n|\n|-heal|p2a: Blissey|64\/100 par|[from] item: Leftovers\n|upkeep\n|turn|34\n|\n|t:|1701203638\n|move|p1a: Zapdos|Roost|p1a: Zapdos\n|-heal|p1a: Zapdos|66\/100\n|-singleturn|p1a: Zapdos|move: Roost\n|cant|p2a: Blissey|par\n|\n|-heal|p2a: Blissey|70\/100 par|[from] item: Leftovers\n|upkeep\n|turn|35\n|\n|t:|1701203647\n|move|p1a: Zapdos|Hurricane|p2a: Blissey\n|-damage|p2a: Blissey|34\/100 par\n|-start|p2a: Blissey|confusion\n|-activate|p2a: Blissey|confusion\n|-damage|p2a: Blissey|33\/100 par|[from] confusion\n|\n|-heal|p2a: Blissey|39\/100 par|[from] item: Leftovers\n|upkeep\n|turn|36\n|\n|t:|1701203657\n|move|p1a: Zapdos|Hurricane|p2a: Blissey\n|-damage|p2a: Blissey|4\/100 par\n|-activate|p2a: Blissey|confusion\n|move|p2a: Blissey|Soft-Boiled|p2a: Blissey\n|-heal|p2a: Blissey|54\/100 par\n|\n|-heal|p2a: Blissey|60\/100 par|[from] item: Leftovers\n|upkeep\n|turn|37\n|\n|t:|1701203666\n|move|p1a: Zapdos|Hurricane|p2a: Blissey\n|-damage|p2a: Blissey|28\/100 par\n|-activate|p2a: Blissey|confusion\n|move|p2a: Blissey|Soft-Boiled|p2a: Blissey\n|-heal|p2a: Blissey|78\/100 par\n|\n|-heal|p2a: Blissey|84\/100 par|[from] item: Leftovers\n|upkeep\n|turn|38\n|\n|t:|1701203675\n|move|p1a: Zapdos|Hurricane|p2a: Blissey\n|-damage|p2a: Blissey|53\/100 par\n|-end|p2a: Blissey|confusion\n|move|p2a: Blissey|Seismic Toss|p1a: Zapdos\n|-damage|p1a: Zapdos|40\/100\n|\n|-heal|p2a: Blissey|59\/100 par|[from] item: Leftovers\n|upkeep\n|turn|39\n|\n|t:|1701203686\n|move|p1a: Zapdos|Hurricane|p2a: Blissey|[miss]\n|-miss|p1a: Zapdos|p2a: Blissey\n|move|p2a: Blissey|Seismic Toss|p1a: Zapdos\n|-damage|p1a: Zapdos|14\/100\n|\n|-heal|p2a: Blissey|65\/100 par|[from] item: Leftovers\n|upkeep\n|turn|40\n|\n|t:|1701203695\n|move|p1a: Zapdos|Roost|p1a: Zapdos\n|-heal|p1a: Zapdos|64\/100\n|-singleturn|p1a: Zapdos|move: Roost\n|move|p2a: Blissey|Seismic Toss|p1a: Zapdos\n|-damage|p1a: Zapdos|38\/100\n|\n|-heal|p2a: Blissey|71\/100 par|[from] item: Leftovers\n|upkeep\n|turn|41\n|\n|t:|1701203704\n|move|p1a: Zapdos|Roost|p1a: Zapdos\n|-heal|p1a: Zapdos|88\/100\n|-singleturn|p1a: Zapdos|move: Roost\n|move|p2a: Blissey|Soft-Boiled|p2a: Blissey\n|-heal|p2a: Blissey|100\/100 par\n|\n|upkeep\n|turn|42\n|\n|t:|1701203714\n|move|p1a: Zapdos|Hurricane|p2a: Blissey\n|-damage|p2a: Blissey|68\/100 par\n|move|p2a: Blissey|Seismic Toss|p1a: Zapdos\n|-damage|p1a: Zapdos|62\/100\n|\n|-heal|p2a: Blissey|74\/100 par|[from] item: Leftovers\n|upkeep\n|turn|43\n|\n|t:|1701203724\n|move|p1a: Zapdos|Hurricane|p2a: Blissey\n|-damage|p2a: Blissey|39\/100 par\n|-start|p2a: Blissey|confusion\n|-activate|p2a: Blissey|confusion\n|cant|p2a: Blissey|par\n|\n|-heal|p2a: Blissey|45\/100 par|[from] item: Leftovers\n|upkeep\n|turn|44\n|\n|t:|1701203734\n|move|p1a: Zapdos|Hurricane|p2a: Blissey|[miss]\n|-miss|p1a: Zapdos|p2a: Blissey\n|-activate|p2a: Blissey|confusion\n|cant|p2a: Blissey|par\n|\n|-heal|p2a: Blissey|51\/100 par|[from] item: Leftovers\n|upkeep\n|turn|45\n|\n|t:|1701203745\n|move|p1a: Zapdos|Hurricane|p2a: Blissey\n|-damage|p2a: Blissey|20\/100 par\n|-end|p2a: Blissey|confusion\n|move|p2a: Blissey|Soft-Boiled|p2a: Blissey\n|-heal|p2a: Blissey|70\/100 par\n|\n|-heal|p2a: Blissey|76\/100 par|[from] item: Leftovers\n|upkeep\n|turn|46\n|\n|t:|1701203759\n|move|p1a: Zapdos|Hurricane|p2a: Blissey\n|-damage|p2a: Blissey|41\/100 par\n|-start|p2a: Blissey|confusion\n|-activate|p2a: Blissey|confusion\n|-damage|p2a: Blissey|40\/100 par|[from] confusion\n|\n|-heal|p2a: Blissey|47\/100 par|[from] item: Leftovers\n|upkeep\n|turn|47\n|\n|t:|1701203769\n|move|p1a: Zapdos|Hurricane|p2a: Blissey|[miss]\n|-miss|p1a: Zapdos|p2a: Blissey\n|-activate|p2a: Blissey|confusion\n|cant|p2a: Blissey|par\n|\n|-heal|p2a: Blissey|53\/100 par|[from] item: Leftovers\n|upkeep\n|turn|48\n|\n|t:|1701203791\n|move|p1a: Zapdos|Hurricane|p2a: Blissey\n|-damage|p2a: Blissey|20\/100 par\n|-activate|p2a: Blissey|confusion\n|move|p2a: Blissey|Soft-Boiled|p2a: Blissey\n|-heal|p2a: Blissey|70\/100 par\n|\n|-heal|p2a: Blissey|77\/100 par|[from] item: Leftovers\n|upkeep\n|turn|49\n|\n|t:|1701203812\n|move|p1a: Zapdos|Hurricane|p2a: Blissey\n|-damage|p2a: Blissey|41\/100 par\n|-activate|p2a: Blissey|confusion\n|move|p2a: Blissey|Seismic Toss|p1a: Zapdos\n|-damage|p1a: Zapdos|36\/100\n|\n|-heal|p2a: Blissey|47\/100 par|[from] item: Leftovers\n|upkeep\n|turn|50\n|\n|t:|1701203827\n|move|p1a: Zapdos|Hurricane|p2a: Blissey|[miss]\n|-miss|p1a: Zapdos|p2a: Blissey\n|-end|p2a: Blissey|confusion\n|cant|p2a: Blissey|par\n|\n|-heal|p2a: Blissey|54\/100 par|[from] item: Leftovers\n|upkeep\n|turn|51\n|\n|t:|1701203845\n|move|p1a: Zapdos|Thunder|p2a: Blissey|[miss]\n|-miss|p1a: Zapdos|p2a: Blissey\n|move|p2a: Blissey|Soft-Boiled|p2a: Blissey\n|-heal|p2a: Blissey|100\/100 par\n|\n|upkeep\n|turn|52\n|\n|t:|1701203863\n|move|p1a: Zapdos|Thunder|p2a: Blissey\n|-damage|p2a: Blissey|69\/100 par\n|cant|p2a: Blissey|par\n|\n|-heal|p2a: Blissey|75\/100 par|[from] item: Leftovers\n|upkeep\n|turn|53\n|\n|t:|1701203872\n|move|p1a: Zapdos|Thunder|p2a: Blissey\n|-damage|p2a: Blissey|42\/100 par\n|move|p2a: Blissey|Seismic Toss|p1a: Zapdos\n|-damage|p1a: Zapdos|10\/100\n|\n|-heal|p2a: Blissey|48\/100 par|[from] item: Leftovers\n|upkeep\n|turn|54\n|\n|t:|1701203881\n|move|p1a: Zapdos|Roost|p1a: Zapdos\n|-heal|p1a: Zapdos|60\/100\n|-singleturn|p1a: Zapdos|move: Roost\n|move|p2a: Blissey|Seismic Toss|p1a: Zapdos\n|-damage|p1a: Zapdos|34\/100\n|\n|-heal|p2a: Blissey|55\/100 par|[from] item: Leftovers\n|upkeep\n|turn|55\n|\n|t:|1701203892\n|move|p1a: Zapdos|Roost|p1a: Zapdos\n|-heal|p1a: Zapdos|84\/100\n|-singleturn|p1a: Zapdos|move: Roost\n|move|p2a: Blissey|Seismic Toss|p1a: Zapdos\n|-damage|p1a: Zapdos|58\/100\n|\n|-heal|p2a: Blissey|61\/100 par|[from] item: Leftovers\n|upkeep\n|turn|56\n|\n|t:|1701203907\n|move|p1a: Zapdos|Thunder|p2a: Blissey\n|-damage|p2a: Blissey|28\/100 par\n|move|p2a: Blissey|Seismic Toss|p1a: Zapdos\n|-damage|p1a: Zapdos|32\/100\n|\n|-heal|p2a: Blissey|34\/100 par|[from] item: Leftovers\n|upkeep\n|turn|57\n|\n|t:|1701203916\n|move|p1a: Zapdos|Thunder|p2a: Blissey|[miss]\n|-miss|p1a: Zapdos|p2a: Blissey\n|cant|p2a: Blissey|par\n|\n|-heal|p2a: Blissey|40\/100 par|[from] item: Leftovers\n|upkeep\n|turn|58\n|\n|t:|1701203926\n|move|p1a: Zapdos|Thunder|p2a: Blissey|[miss]\n|-miss|p1a: Zapdos|p2a: Blissey\n|move|p2a: Blissey|Seismic Toss|p1a: Zapdos\n|-damage|p1a: Zapdos|6\/100\n|\n|-heal|p2a: Blissey|46\/100 par|[from] item: Leftovers\n|upkeep\n|turn|59\n|\n|t:|1701203936\n|move|p1a: Zapdos|Thunder|p2a: Blissey|[miss]\n|-miss|p1a: Zapdos|p2a: Blissey\n|move|p2a: Blissey|Seismic Toss|p1a: Zapdos\n|-damage|p1a: Zapdos|0 fnt\n|faint|p1a: Zapdos\n|\n|-heal|p2a: Blissey|52\/100 par|[from] item: Leftovers\n|upkeep\n|\n|t:|1701203946\n|switch|p1a: Pelipper|Pelipper, M|45\/100\n|-damage|p1a: Pelipper|20\/100|[from] Stealth Rock\n|-weather|RainDance|[from] ability: Drizzle|[of] p1a: Pelipper\n|turn|60\n|\n|t:|1701203955\n|move|p1a: Pelipper|Roost|p1a: Pelipper\n|-heal|p1a: Pelipper|70\/100\n|-singleturn|p1a: Pelipper|move: Roost\n|move|p2a: Blissey|Seismic Toss|p1a: Pelipper\n|-damage|p1a: Pelipper|39\/100\n|\n|-weather|RainDance|[upkeep]\n|-heal|p2a: Blissey|58\/100 par|[from] item: Leftovers\n|upkeep\n|turn|61\n|\n|t:|1701203971\n|move|p1a: Pelipper|Hurricane|p2a: Blissey\n|-damage|p2a: Blissey|46\/100 par\n|-start|p2a: Blissey|confusion\n|-activate|p2a: Blissey|confusion\n|move|p2a: Blissey|Seismic Toss|p1a: Pelipper\n|-damage|p1a: Pelipper|8\/100\n|\n|-weather|RainDance|[upkeep]\n|-heal|p2a: Blissey|52\/100 par|[from] item: Leftovers\n|upkeep\n|turn|62\n|\n|t:|1701203985\n|move|p1a: Pelipper|Roost|p1a: Pelipper\n|-heal|p1a: Pelipper|58\/100\n|-singleturn|p1a: Pelipper|move: Roost\n|-activate|p2a: Blissey|confusion\n|move|p2a: Blissey|Seismic Toss|p1a: Pelipper\n|-damage|p1a: Pelipper|27\/100\n|\n|-weather|RainDance|[upkeep]\n|-heal|p2a: Blissey|58\/100 par|[from] item: Leftovers\n|upkeep\n|turn|63\n|\n|t:|1701203996\n|move|p1a: Pelipper|Roost|p1a: Pelipper\n|-heal|p1a: Pelipper|77\/100\n|-singleturn|p1a: Pelipper|move: Roost\n|-activate|p2a: Blissey|confusion\n|-damage|p2a: Blissey|57\/100 par|[from] confusion\n|\n|-weather|RainDance|[upkeep]\n|-heal|p2a: Blissey|63\/100 par|[from] item: Leftovers\n|upkeep\n|turn|64\n|\n|t:|1701204005\n|move|p1a: Pelipper|Knock Off|p2a: Blissey\n|-damage|p2a: Blissey|53\/100 par\n|-enditem|p2a: Blissey|Leftovers|[from] move: Knock Off|[of] p1a: Pelipper\n|-end|p2a: Blissey|confusion\n|move|p2a: Blissey|Thunder Wave|p1a: Pelipper\n|-status|p1a: Pelipper|par\n|\n|-weather|RainDance|[upkeep]\n|upkeep\n|turn|65\n|\n|t:|1701204017\n|move|p1a: Pelipper|Hurricane|p2a: Blissey\n|-damage|p2a: Blissey|40\/100 par\n|cant|p2a: Blissey|par\n|\n|-weather|RainDance|[upkeep]\n|upkeep\n|turn|66\n|\n|t:|1701204024\n|move|p1a: Pelipper|Hurricane|p2a: Blissey\n|-damage|p2a: Blissey|26\/100 par\n|cant|p2a: Blissey|par\n|\n|-weather|RainDance|[upkeep]\n|upkeep\n|turn|67\n|\n|t:|1701204031\n|move|p1a: Pelipper|Hurricane|p2a: Blissey\n|-damage|p2a: Blissey|12\/100 par\n|move|p2a: Blissey|Seismic Toss|p1a: Pelipper\n|-damage|p1a: Pelipper|46\/100 par\n|\n|-weather|none\n|upkeep\n|turn|68\n|\n|t:|1701204039\n|move|p1a: Pelipper|Hurricane|p2a: Blissey\n|-damage|p2a: Blissey|0 fnt\n|faint|p2a: Blissey\n|\n|upkeep\n|\n|t:|1701204044\n|switch|p2a: Iron Moth|Iron Moth|100\/100\n|-enditem|p2a: Iron Moth|Booster Energy\n|-activate|p2a: Iron Moth|ability: Quark Drive|[fromitem]\n|-start|p2a: Iron Moth|quarkdrivespe\n|turn|69\n|\n|t:|1701204055\n|-terastallize|p2a: Iron Moth|Dragon\n|move|p2a: Iron Moth|Sludge Wave|p1a: Pelipper\n|-damage|p1a: Pelipper|0 fnt\n|faint|p1a: Pelipper\n|\n|upkeep\n|\n|t:|1701204061\n|switch|p1a: Goodra|Goodra-Hisui, M|100\/100\n|-damage|p1a: Goodra|94\/100|[from] Stealth Rock\n|turn|70\n|\n|t:|1701204067\n|move|p2a: Iron Moth|Fiery Dance|p1a: Goodra\n|-damage|p1a: Goodra|75\/100\n|move|p1a: Goodra|Flash Cannon|p2a: Iron Moth\n|-damage|p2a: Iron Moth|60\/100\n|\n|upkeep\n|turn|71\n|\n|t:|1701204074\n|move|p2a: Iron Moth|Fiery Dance|p1a: Goodra\n|-damage|p1a: Goodra|57\/100\n|-boost|p2a: Iron Moth|spa|1\n|move|p1a: Goodra|Flash Cannon|p2a: Iron Moth\n|-damage|p2a: Iron Moth|14\/100\n|\n|upkeep\n|turn|72\n|\n|t:|1701204082\n|move|p2a: Iron Moth|Fiery Dance|p1a: Goodra\n|-damage|p1a: Goodra|29\/100\n|move|p1a: Goodra|Flash Cannon|p2a: Iron Moth\n|-damage|p2a: Iron Moth|0 fnt\n|faint|p2a: Iron Moth\n|-end|p2a: Iron Moth|Quark Drive|[silent]\n|\n|upkeep\n|\n|t:|1701204089\n|switch|p2a: Zamazenta|Zamazenta, shiny|50\/100\n|turn|73\n|\n|t:|1701204094\n|move|p2a: Zamazenta|Body Press|p1a: Goodra\n|-supereffective|p1a: Goodra\n|-damage|p1a: Goodra|0 fnt\n|faint|p1a: Goodra\n|\n|win|Benjamin 4455\n|raw|Anisstad's rating: 1315 &rarr; <strong>1296<\/strong><br \/>(-19 for losing)\n|raw|Benjamin 4455's rating: 1340 &rarr; <strong>1359<\/strong><br \/>(+19 for winning)\n|l|\u2606Anisstad\n","uploadtime":1701204131,"views":28,"p1id":"anisstad","p2id":"benjamin4455","formatid":"gen9ou","rating":1296,"private":0,"password":""}