{"id":"gen9ou-1997156181","p1":"SeniaKC","p2":"madmage147","format":"[Gen 9] OU","log":"|j|\u2606SeniaKC\n|j|\u2606madmage147\n|t:|1700770218\n|gametype|singles\n|player|p1|SeniaKC|bianca-pwt|1503\n|player|p2|madmage147|roxie|1448\n|teamsize|p1|6\n|teamsize|p2|6\n|gen|9\n|tier|[Gen 9] OU\n|rated|\n|rule|Sleep Clause Mod: Limit one foe put to sleep\n|rule|Species Clause: Limit one of each Pok\u00e9mon\n|rule|OHKO Clause: OHKO moves are banned\n|rule|Evasion Items Clause: Evasion items are banned\n|rule|Evasion Moves Clause: Evasion moves are banned\n|rule|Endless Battle Clause: Forcing endless battles is banned\n|rule|HP Percentage Mod: HP is shown in percentages\n|clearpoke\n|poke|p1|Ribombee, F|\n|poke|p1|Cinderace, F|\n|poke|p1|Clefable, F|\n|poke|p1|Clodsire, F|\n|poke|p1|Zapdos|\n|poke|p1|Ogerpon-Wellspring, F|\n|poke|p2|Dusclops, M|\n|poke|p2|Ting-Lu|\n|poke|p2|Corviknight, F|\n|poke|p2|Blissey, F|\n|poke|p2|Cyclizar, F|\n|poke|p2|Dragonite, F|\n|teampreview\n|inactive|Battle timer is ON: inactive players will automatically lose when time's up. (requested by SeniaKC)\n|\n|t:|1700770233\n|start\n|switch|p1a: Cinderace|Cinderace, F|100\/100\n|switch|p2a: Blissey|Blissey, F|100\/100\n|turn|1\n|\n|t:|1700770247\n|switch|p2a: Dusclops|Dusclops, M|100\/100\n|-ability|p2a: Dusclops|Pressure\n|move|p1a: Cinderace|U-turn|p2a: Dusclops\n|-start|p1a: Cinderace|typechange|Bug|[from] ability: Libero\n|-resisted|p2a: Dusclops\n|-crit|p2a: Dusclops\n|-damage|p2a: Dusclops|89\/100\n|\n|t:|1700770254\n|switch|p1a: Clodsire|Clodsire, F|100\/100|[from] U-turn\n|\n|upkeep\n|turn|2\n|\n|t:|1700770262\n|move|p2a: Dusclops|Will-O-Wisp|p1a: Clodsire\n|-status|p1a: Clodsire|brn\n|move|p1a: Clodsire|Stealth Rock|p2a: Dusclops\n|-sidestart|p2: madmage147|move: Stealth Rock\n|\n|-damage|p1a: Clodsire|94\/100 brn|[from] brn\n|upkeep\n|turn|3\n|\n|t:|1700770266\n|move|p2a: Dusclops|Substitute|p2a: Dusclops\n|-start|p2a: Dusclops|Substitute\n|-damage|p2a: Dusclops|64\/100\n|move|p1a: Clodsire|Toxic||[still]\n|-fail|p1a: Clodsire\n|\n|-heal|p1a: Clodsire|100\/100 brn|[from] item: Leftovers\n|-damage|p1a: Clodsire|94\/100 brn|[from] brn\n|upkeep\n|turn|4\n|\n|t:|1700770271\n|switch|p1a: Ogerpon|Ogerpon-Wellspring, F|100\/100\n|move|p2a: Dusclops|Pain Split|p1a: Ogerpon\n|-sethp|p1a: Ogerpon|80\/100|[from] move: Pain Split|[silent]\n|-sethp|p2a: Dusclops|85\/100|[from] move: Pain Split\n|\n|upkeep\n|turn|5\n|\n|t:|1700770275\n|move|p1a: Ogerpon|Encore|p2a: Dusclops\n|-start|p2a: Dusclops|Encore\n|move|p2a: Dusclops|Pain Split|p1a: Ogerpon\n|-sethp|p1a: Ogerpon|80\/100|[from] move: Pain Split|[silent]\n|-sethp|p2a: Dusclops|85\/100|[from] move: Pain Split\n|\n|upkeep\n|turn|6\n|\n|t:|1700770282\n|switch|p2a: Cyclizar|Cyclizar, F|100\/100\n|move|p1a: Ogerpon|Ivy Cudgel|p2a: Cyclizar|[anim] Ivy Cudgel Water\n|-resisted|p2a: Cyclizar\n|-crit|p2a: Cyclizar\n|-damage|p2a: Cyclizar|28\/100\n|\n|upkeep\n|turn|7\n|\n|t:|1700770295\n|move|p2a: Cyclizar|U-turn|p1a: Ogerpon\n|-supereffective|p1a: Ogerpon\n|-damage|p1a: Ogerpon|40\/100\n|\n|t:|1700770299\n|switch|p2a: Corviknight|Corviknight, F|100\/100|[from] U-turn\n|-damage|p2a: Corviknight|88\/100|[from] Stealth Rock\n|-ability|p2a: Corviknight|Pressure\n|move|p1a: Ogerpon|U-turn|p2a: Corviknight\n|-resisted|p2a: Corviknight\n|-crit|p2a: Corviknight\n|-damage|p2a: Corviknight|82\/100\n|-damage|p1a: Ogerpon|24\/100|[from] item: Rocky Helmet|[of] p2a: Corviknight\n|\n|t:|1700770304\n|switch|p1a: Cinderace|Cinderace, F|100\/100|[from] U-turn\n|\n|upkeep\n|turn|8\n|\n|t:|1700770309\n|move|p1a: Cinderace|Pyro Ball|p2a: Corviknight\n|-supereffective|p2a: Corviknight\n|-damage|p2a: Corviknight|8\/100\n|move|p2a: Corviknight|U-turn|p1a: Cinderace\n|-resisted|p1a: Cinderace\n|-damage|p1a: Cinderace|90\/100\n|\n|t:|1700770317\n|switch|p2a: Dusclops|Dusclops, M|85\/100|[from] U-turn\n|-damage|p2a: Dusclops|73\/100|[from] Stealth Rock\n|-ability|p2a: Dusclops|Pressure\n|\n|upkeep\n|turn|9\n|\n|t:|1700770336\n|move|p1a: Cinderace|Pyro Ball|p2a: Dusclops\n|-damage|p2a: Dusclops|45\/100\n|-status|p2a: Dusclops|brn\n|move|p2a: Dusclops|Night Shade|p1a: Cinderace\n|-damage|p1a: Cinderace|56\/100\n|\n|-damage|p2a: Dusclops|39\/100 brn|[from] brn\n|upkeep\n|turn|10\n|\n|t:|1700770350\n|move|p1a: Cinderace|Pyro Ball|p2a: Dusclops\n|-damage|p2a: Dusclops|13\/100 brn\n|move|p2a: Dusclops|Pain Split|p1a: Cinderace\n|-sethp|p1a: Cinderace|34\/100|[from] move: Pain Split|[silent]\n|-sethp|p2a: Dusclops|36\/100 brn|[from] move: Pain Split\n|\n|-damage|p2a: Dusclops|30\/100 brn|[from] brn\n|upkeep\n|turn|11\n|\n|t:|1700770358\n|move|p1a: Cinderace|Pyro Ball|p2a: Dusclops\n|-damage|p2a: Dusclops|4\/100 brn\n|move|p2a: Dusclops|Night Shade|p1a: Cinderace\n|-damage|p1a: Cinderace|1\/100\n|\n|-damage|p2a: Dusclops|0 fnt|[from] brn\n|faint|p2a: Dusclops\n|upkeep\n|\n|t:|1700770361\n|switch|p2a: Cyclizar|Cyclizar, F|61\/100\n|turn|12\n|\n|t:|1700770370\n|switch|p1a: Clodsire|Clodsire, F|94\/100 brn\n|move|p2a: Cyclizar|Rapid Spin|p1a: Clodsire\n|-damage|p1a: Clodsire|75\/100 brn\n|-boost|p2a: Cyclizar|spe|1\n|-sideend|p2: madmage147|Stealth Rock|[from] move: Rapid Spin|[of] p2a: Cyclizar\n|\n|-heal|p1a: Clodsire|81\/100 brn|[from] item: Leftovers\n|-damage|p1a: Clodsire|75\/100 brn|[from] brn\n|upkeep\n|turn|13\n|\n|t:|1700770377\n|move|p2a: Cyclizar|Knock Off|p1a: Clodsire\n|-damage|p1a: Clodsire|51\/100 brn\n|-enditem|p1a: Clodsire|Leftovers|[from] move: Knock Off|[of] p2a: Cyclizar\n|move|p1a: Clodsire|Stealth Rock|p2a: Cyclizar\n|-sidestart|p2: madmage147|move: Stealth Rock\n|\n|-damage|p1a: Clodsire|45\/100 brn|[from] brn\n|upkeep\n|turn|14\n|\n|t:|1700770380\n|move|p2a: Cyclizar|Rapid Spin|p1a: Clodsire\n|-damage|p1a: Clodsire|27\/100 brn\n|-boost|p2a: Cyclizar|spe|1\n|-sideend|p2: madmage147|Stealth Rock|[from] move: Rapid Spin|[of] p2a: Cyclizar\n|move|p1a: Clodsire|Recover|p1a: Clodsire\n|-heal|p1a: Clodsire|78\/100 brn\n|\n|-damage|p1a: Clodsire|72\/100 brn|[from] brn\n|upkeep\n|turn|15\n|\n|t:|1700770384\n|move|p2a: Cyclizar|U-turn|p1a: Clodsire\n|-resisted|p1a: Clodsire\n|-damage|p1a: Clodsire|63\/100 brn\n|\n|t:|1700770387\n|switch|p2a: Corviknight|Corviknight, F|8\/100|[from] U-turn\n|-ability|p2a: Corviknight|Pressure\n|move|p1a: Clodsire|Stealth Rock|p2a: Corviknight\n|-sidestart|p2: madmage147|move: Stealth Rock\n|\n|-damage|p1a: Clodsire|57\/100 brn|[from] brn\n|upkeep\n|turn|16\n|\n|t:|1700770394\n|move|p2a: Corviknight|Roost|p2a: Corviknight\n|-heal|p2a: Corviknight|58\/100\n|-singleturn|p2a: Corviknight|move: Roost\n|move|p1a: Clodsire|Recover|p1a: Clodsire\n|-heal|p1a: Clodsire|100\/100 brn\n|\n|-damage|p1a: Clodsire|94\/100 brn|[from] brn\n|upkeep\n|turn|17\n|\n|t:|1700770397\n|move|p2a: Corviknight|Roost|p2a: Corviknight\n|-heal|p2a: Corviknight|100\/100\n|-singleturn|p2a: Corviknight|move: Roost\n|move|p1a: Clodsire|Earthquake|p2a: Corviknight\n|-supereffective|p2a: Corviknight\n|-damage|p2a: Corviknight|84\/100\n|\n|-damage|p1a: Clodsire|88\/100 brn|[from] brn\n|upkeep\n|turn|18\n|\n|t:|1700770402\n|switch|p1a: Zapdos|Zapdos|100\/100\n|-ability|p1a: Zapdos|Pressure\n|move|p2a: Corviknight|U-turn|p1a: Zapdos\n|-resisted|p1a: Zapdos\n|-damage|p1a: Zapdos|91\/100\n|\n|t:|1700770404\n|switch|p2a: Cyclizar|Cyclizar, F|95\/100|[from] U-turn\n|\n|upkeep\n|turn|19\n|\n|t:|1700770409\n|move|p2a: Cyclizar|Rapid Spin|p1a: Zapdos\n|-damage|p1a: Zapdos|72\/100\n|-boost|p2a: Cyclizar|spe|1\n|-sideend|p2: madmage147|Stealth Rock|[from] move: Rapid Spin|[of] p2a: Cyclizar\n|move|p1a: Zapdos|Hurricane|p2a: Cyclizar\n|-damage|p2a: Cyclizar|22\/100\n|\n|upkeep\n|turn|20\n|\n|t:|1700770417\n|switch|p2a: Ting-Lu|Ting-Lu|100\/100\n|-ability|p2a: Ting-Lu|Vessel of Ruin\n|move|p1a: Zapdos|Volt Switch|p2a: Ting-Lu\n|-immune|p2a: Ting-Lu\n|\n|upkeep\n|turn|21\n|\n|t:|1700770424\n|switch|p1a: Ogerpon|Ogerpon-Wellspring, F|24\/100\n|move|p2a: Ting-Lu|Spikes|p1a: Ogerpon\n|-sidestart|p1: SeniaKC|Spikes\n|\n|upkeep\n|turn|22\n|\n|t:|1700770429\n|switch|p2a: Corviknight|Corviknight, F|84\/100\n|-ability|p2a: Corviknight|Pressure\n|move|p1a: Ogerpon|Ivy Cudgel|p2a: Corviknight|[anim] Ivy Cudgel Water\n|-damage|p2a: Corviknight|49\/100\n|\n|upkeep\n|turn|23\n|\n|t:|1700770439\n|move|p1a: Ogerpon|Ivy Cudgel|p2a: Corviknight|[anim] Ivy Cudgel Water\n|-damage|p2a: Corviknight|13\/100\n|move|p2a: Corviknight|Roost|p2a: Corviknight\n|-heal|p2a: Corviknight|63\/100\n|-singleturn|p2a: Corviknight|move: Roost\n|\n|upkeep\n|turn|24\n|\n|t:|1700770446\n|switch|p2a: Cyclizar|Cyclizar, F|55\/100\n|move|p1a: Ogerpon|Encore||[still]\n|-fail|p1a: Ogerpon\n|\n|upkeep\n|turn|25\n|\n|t:|1700770451\n|switch|p1a: Zapdos|Zapdos|72\/100\n|-ability|p1a: Zapdos|Pressure\n|move|p2a: Cyclizar|U-turn|p1a: Zapdos\n|-resisted|p1a: Zapdos\n|-damage|p1a: Zapdos|62\/100\n|\n|t:|1700770460\n|switch|p2a: Blissey|Blissey, F|100\/100|[from] U-turn\n|\n|upkeep\n|turn|26\n|\n|t:|1700770463\n|move|p1a: Zapdos|Volt Switch|p2a: Blissey\n|-damage|p2a: Blissey|90\/100\n|\n|t:|1700770470\n|switch|p1a: Clefable|Clefable, F|100\/100|[from] Volt Switch\n|move|p2a: Blissey|Stealth Rock|p1a: Clefable\n|-sidestart|p1: SeniaKC|move: Stealth Rock\n|\n|-heal|p2a: Blissey|96\/100|[from] item: Leftovers\n|upkeep\n|turn|27\n|\n|t:|1700770473\n|move|p1a: Clefable|Calm Mind|p1a: Clefable\n|-boost|p1a: Clefable|spa|1\n|-boost|p1a: Clefable|spd|1\n|move|p2a: Blissey|Seismic Toss|p1a: Clefable\n|-damage|p1a: Clefable|75\/100\n|\n|-heal|p1a: Clefable|81\/100|[from] item: Leftovers\n|-heal|p2a: Blissey|100\/100|[from] item: Leftovers\n|upkeep\n|turn|28\n|\n|t:|1700770477\n|switch|p2a: Dragonite|Dragonite, F|100\/100\n|move|p1a: Clefable|Calm Mind|p1a: Clefable\n|-boost|p1a: Clefable|spa|1\n|-boost|p1a: Clefable|spd|1\n|\n|-heal|p1a: Clefable|87\/100|[from] item: Leftovers\n|upkeep\n|turn|29\n|\n|t:|1700770481\n|move|p2a: Dragonite|Encore|p1a: Clefable\n|-start|p1a: Clefable|Encore\n|move|p1a: Clefable|Calm Mind|p1a: Clefable\n|-boost|p1a: Clefable|spa|1\n|-boost|p1a: Clefable|spd|1\n|\n|-heal|p1a: Clefable|93\/100|[from] item: Leftovers\n|upkeep\n|turn|30\n|\n|t:|1700770484\n|switch|p2a: Ting-Lu|Ting-Lu|100\/100\n|-ability|p2a: Ting-Lu|Vessel of Ruin\n|move|p1a: Clefable|Calm Mind|p1a: Clefable\n|-boost|p1a: Clefable|spa|1\n|-boost|p1a: Clefable|spd|1\n|\n|-heal|p1a: Clefable|99\/100|[from] item: Leftovers\n|upkeep\n|turn|31\n|\n|t:|1700770486\n|move|p1a: Clefable|Calm Mind|p1a: Clefable\n|-boost|p1a: Clefable|spa|1\n|-boost|p1a: Clefable|spd|1\n|move|p2a: Ting-Lu|Whirlwind|p1a: Clefable\n|drag|p1a: Cinderace|Cinderace, F|1\/100\n|\n|upkeep\n|turn|32\n|\n|t:|1700770507\n|switch|p2a: Cyclizar|Cyclizar, F|89\/100\n|move|p1a: Cinderace|U-turn|p2a: Cyclizar\n|-start|p1a: Cinderace|typechange|Bug|[from] ability: Libero\n|-damage|p2a: Cyclizar|35\/100\n|\n|t:|1700770518\n|switch|p1a: Clefable|Clefable, F|99\/100|[from] U-turn\n|\n|-heal|p1a: Clefable|100\/100|[from] item: Leftovers\n|upkeep\n|turn|33\n|\n|t:|1700770522\n|move|p2a: Cyclizar|Knock Off|p1a: Clefable\n|-resisted|p1a: Clefable\n|-damage|p1a: Clefable|92\/100\n|-enditem|p1a: Clefable|Leftovers|[from] move: Knock Off|[of] p2a: Cyclizar\n|move|p1a: Clefable|Thunder Wave|p2a: Cyclizar\n|-status|p2a: Cyclizar|par\n|\n|upkeep\n|turn|34\n|\n|t:|1700770534\n|switch|p2a: Ting-Lu|Ting-Lu|100\/100\n|-ability|p2a: Ting-Lu|Vessel of Ruin\n|move|p1a: Clefable|Moonblast|p2a: Ting-Lu\n|-supereffective|p2a: Ting-Lu\n|-crit|p2a: Ting-Lu\n|-damage|p2a: Ting-Lu|60\/100\n|\n|-heal|p2a: Ting-Lu|67\/100|[from] item: Leftovers\n|upkeep\n|turn|35\n|\n|t:|1700770543\n|-terastallize|p2a: Ting-Lu|Poison\n|move|p1a: Clefable|Moonblast|p2a: Ting-Lu\n|-resisted|p2a: Ting-Lu\n|-damage|p2a: Ting-Lu|60\/100\n|move|p2a: Ting-Lu|Ruination|p1a: Clefable\n|-damage|p1a: Clefable|46\/100\n|\n|-heal|p2a: Ting-Lu|66\/100|[from] item: Leftovers\n|upkeep\n|turn|36\n|\n|t:|1700770548\n|move|p1a: Clefable|Calm Mind|p1a: Clefable\n|-boost|p1a: Clefable|spa|1\n|-boost|p1a: Clefable|spd|1\n|move|p2a: Ting-Lu|Earthquake|p1a: Clefable\n|-damage|p1a: Clefable|18\/100\n|\n|-heal|p2a: Ting-Lu|72\/100|[from] item: Leftovers\n|upkeep\n|turn|37\n|\n|t:|1700770552\n|switch|p2a: Dragonite|Dragonite, F|100\/100\n|move|p1a: Clefable|Moonlight|p1a: Clefable\n|-heal|p1a: Clefable|68\/100\n|\n|upkeep\n|turn|38\n|\n|t:|1700770580\n|move|p2a: Dragonite|Dragon Dance|p2a: Dragonite\n|-boost|p2a: Dragonite|atk|1\n|-boost|p2a: Dragonite|spe|1\n|move|p1a: Clefable|Thunder Wave|p2a: Dragonite\n|-status|p2a: Dragonite|par\n|\n|upkeep\n|turn|39\n|\n|t:|1700770586\n|cant|p2a: Dragonite|par\n|move|p1a: Clefable|Moonblast|p2a: Dragonite\n|-supereffective|p2a: Dragonite\n|-damage|p2a: Dragonite|53\/100 par\n|-unboost|p2a: Dragonite|spa|1\n|-enditem|p2a: Dragonite|Weakness Policy\n|-boost|p2a: Dragonite|atk|2|[from] item: Weakness Policy\n|-boost|p2a: Dragonite|spa|2|[from] item: Weakness Policy\n|\n|upkeep\n|turn|40\n|\n|t:|1700770591\n|cant|p2a: Dragonite|par\n|move|p1a: Clefable|Moonblast|p2a: Dragonite\n|-supereffective|p2a: Dragonite\n|-damage|p2a: Dragonite|0 fnt\n|faint|p2a: Dragonite\n|\n|upkeep\n|-message|madmage147 forfeited.\n|\n|win|SeniaKC\n|raw|SeniaKC's rating: 1503 &rarr; <strong>1520<\/strong><br \/>(+17 for winning)\n|raw|madmage147's rating: 1448 &rarr; <strong>1431<\/strong><br \/>(-17 for losing)\n|l|\u2606madmage147\n","uploadtime":1700770608,"views":4,"p1id":"seniakc","p2id":"madmage147","formatid":"gen9ou","rating":1431,"private":0,"password":""}