{"id":"gen9ou-1997924561","p1":"TheNovato564","p2":"Wandis","format":"[Gen 9] OU","log":"|j|\u2606TheNovato564\n|j|\u2606Wandis\n|t:|1700868069\n|gametype|singles\n|player|p1|TheNovato564|veteran|1432\n|player|p2|Wandis|argenta|1523\n|teamsize|p1|6\n|teamsize|p2|6\n|gen|9\n|tier|[Gen 9] OU\n|rated|\n|rule|Sleep Clause Mod: Limit one foe put to sleep\n|rule|Species Clause: Limit one of each Pok\u00e9mon\n|rule|OHKO Clause: OHKO moves are banned\n|rule|Evasion Items Clause: Evasion items are banned\n|rule|Evasion Moves Clause: Evasion moves are banned\n|rule|Endless Battle Clause: Forcing endless battles is banned\n|rule|HP Percentage Mod: HP is shown in percentages\n|clearpoke\n|poke|p1|Great Tusk|\n|poke|p1|Blissey, F|\n|poke|p1|Haxorus, M|\n|poke|p1|Kingambit, M|\n|poke|p1|Iron Moth|\n|poke|p1|Gholdengo|\n|poke|p2|Goodra, F|\n|poke|p2|Toxapex, F|\n|poke|p2|Mimikyu, M|\n|poke|p2|Garganacl, F|\n|poke|p2|Hatterene, F|\n|poke|p2|Landorus-Therian, M|\n|teampreview\n|inactive|Battle timer is ON: inactive players will automatically lose when time's up. (requested by TheNovato564)\n|\n|t:|1700868082\n|start\n|switch|p1a: Paput|Great Tusk|100\/100\n|switch|p2a: TePetoElCulo|Landorus-Therian, M, shiny|100\/100\n|-ability|p2a: TePetoElCulo|Intimidate|boost\n|-unboost|p1a: Paput|atk|1\n|turn|1\n|\n|t:|1700868088\n|move|p2a: TePetoElCulo|Bulk Up|p2a: TePetoElCulo\n|-boost|p2a: TePetoElCulo|atk|1\n|-boost|p2a: TePetoElCulo|def|1\n|move|p1a: Paput|Knock Off|p2a: TePetoElCulo\n|-crit|p2a: TePetoElCulo\n|-damage|p2a: TePetoElCulo|70\/100\n|-damage|p1a: Paput|84\/100|[from] item: Rocky Helmet|[of] p2a: TePetoElCulo\n|-enditem|p2a: TePetoElCulo|Rocky Helmet|[from] move: Knock Off|[of] p1a: Paput\n|\n|-heal|p1a: Paput|90\/100|[from] item: Leftovers\n|upkeep\n|turn|2\n|\n|t:|1700868098\n|move|p2a: TePetoElCulo|Bulk Up|p2a: TePetoElCulo\n|-boost|p2a: TePetoElCulo|atk|1\n|-boost|p2a: TePetoElCulo|def|1\n|move|p1a: Paput|Bulk Up|p1a: Paput\n|-boost|p1a: Paput|atk|1\n|-boost|p1a: Paput|def|1\n|\n|-heal|p1a: Paput|96\/100|[from] item: Leftovers\n|upkeep\n|turn|3\n|\n|t:|1700868108\n|-terastallize|p2a: TePetoElCulo|Ground\n|move|p2a: TePetoElCulo|Earthquake|p1a: Paput\n|-damage|p1a: Paput|53\/100\n|move|p1a: Paput|Bulk Up|p1a: Paput\n|-boost|p1a: Paput|atk|1\n|-boost|p1a: Paput|def|1\n|\n|-heal|p1a: Paput|59\/100|[from] item: Leftovers\n|upkeep\n|turn|4\n|\n|t:|1700868117\n|move|p2a: TePetoElCulo|Earthquake|p1a: Paput\n|-damage|p1a: Paput|27\/100\n|move|p1a: Paput|Rapid Spin|p2a: TePetoElCulo\n|-damage|p2a: TePetoElCulo|62\/100\n|-boost|p1a: Paput|spe|1\n|\n|-heal|p1a: Paput|34\/100|[from] item: Leftovers\n|upkeep\n|turn|5\n|\n|t:|1700868125\n|move|p1a: Paput|Earthquake|p2a: TePetoElCulo\n|-damage|p2a: TePetoElCulo|38\/100\n|move|p2a: TePetoElCulo|Earthquake|p1a: Paput\n|-damage|p1a: Paput|4\/100\n|\n|-heal|p1a: Paput|10\/100|[from] item: Leftovers\n|upkeep\n|turn|6\n|\n|t:|1700868134\n|move|p1a: Paput|Earthquake|p2a: TePetoElCulo\n|-crit|p2a: TePetoElCulo\n|-damage|p2a: TePetoElCulo|0 fnt\n|faint|p2a: TePetoElCulo\n|\n|-heal|p1a: Paput|16\/100|[from] item: Leftovers\n|upkeep\n|\n|t:|1700868144\n|switch|p2a: PikachuDe1\u20ac|Mimikyu, M, shiny|100\/100\n|turn|7\n|\n|t:|1700868148\n|move|p2a: PikachuDe1\u20ac|Play Rough|p1a: Paput\n|-supereffective|p1a: Paput\n|-damage|p1a: Paput|0 fnt\n|faint|p1a: Paput\n|-end|p1a: Paput|Protosynthesis|[silent]\n|-damage|p2a: PikachuDe1\u20ac|91\/100|[from] item: Life Orb\n|\n|upkeep\n|\n|t:|1700868153\n|switch|p1a: The hax|Haxorus, M, shiny|100\/100\n|-ability|p1a: The hax|Mold Breaker\n|turn|8\n|\n|t:|1700868158\n|switch|p2a: Apestosa|Toxapex, F, shiny|100\/100\n|move|p1a: The hax|Iron Head|p2a: Apestosa\n|-resisted|p2a: Apestosa\n|-damage|p2a: Apestosa|90\/100\n|-damage|p1a: The hax|84\/100|[from] item: Rocky Helmet|[of] p2a: Apestosa\n|\n|upkeep\n|turn|9\n|\n|t:|1700868164\n|switch|p1a: Fiebre dorada|Gholdengo|100\/100\n|move|p2a: Apestosa|Chilling Water|p1a: Fiebre dorada\n|-damage|p1a: Fiebre dorada|88\/100\n|-unboost|p1a: Fiebre dorada|atk|1\n|\n|upkeep\n|turn|10\n|\n|t:|1700868172\n|switch|p2a: Babosa|Goodra, F, shiny|100\/100\n|move|p1a: Fiebre dorada|Shadow Ball|p2a: Babosa\n|-damage|p2a: Babosa|75\/100\n|\n|upkeep\n|turn|11\n|\n|t:|1700868184\n|switch|p1a: La pendiente|Kingambit, M|100\/100\n|-activate|p1a: La pendiente|ability: Supreme Overlord\n|-start|p1a: La pendiente|fallen1|[silent]\n|move|p2a: Babosa|Flamethrower|p1a: La pendiente\n|-supereffective|p1a: La pendiente\n|-damage|p1a: La pendiente|37\/100\n|\n|upkeep\n|turn|12\n|\n|t:|1700868198\n|move|p2a: Babosa|Flamethrower|p1a: La pendiente\n|-supereffective|p1a: La pendiente\n|-damage|p1a: La pendiente|0 fnt\n|faint|p1a: La pendiente\n|-end|p1a: La pendiente|fallen1|[silent]\n|\n|upkeep\n|\n|t:|1700868201\n|switch|p1a: GORDITA ROSADA|Blissey, F|100\/100\n|turn|13\n|\n|t:|1700868207\n|switch|p2a: Piedritas|Garganacl, F, shiny|100\/100\n|move|p1a: GORDITA ROSADA|Stealth Rock|p2a: Piedritas\n|-sidestart|p2: Wandis|move: Stealth Rock\n|\n|upkeep\n|turn|14\n|\n|t:|1700868213\n|switch|p1a: Fiebre dorada|Gholdengo|88\/100\n|move|p2a: Piedritas|Salt Cure|p1a: Fiebre dorada\n|-resisted|p1a: Fiebre dorada\n|-damage|p1a: Fiebre dorada|80\/100\n|-start|p1a: Fiebre dorada|Salt Cure\n|\n|-damage|p1a: Fiebre dorada|56\/100|[from] Salt Cure\n|upkeep\n|turn|15\n|\n|t:|1700868220\n|switch|p2a: Babosa|Goodra, F, shiny|75\/100\n|-damage|p2a: Babosa|63\/100|[from] Stealth Rock\n|move|p1a: Fiebre dorada|Trick|p2a: Babosa\n|-activate|p1a: Fiebre dorada|move: Trick|[of] p2a: Babosa\n|-item|p2a: Babosa|Choice Specs|[from] move: Trick\n|-item|p1a: Fiebre dorada|Assault Vest|[from] move: Trick\n|\n|-damage|p1a: Fiebre dorada|31\/100|[from] Salt Cure\n|upkeep\n|turn|16\n|\n|t:|1700868229\n|switch|p1a: GORDITA ROSADA|Blissey, F|100\/100\n|switch|p2a: Piedritas|Garganacl, F, shiny|100\/100\n|-damage|p2a: Piedritas|88\/100|[from] Stealth Rock\n|\n|-heal|p2a: Piedritas|94\/100|[from] item: Leftovers\n|upkeep\n|turn|17\n|\n|t:|1700868239\n|switch|p1a: Fiebre dorada|Gholdengo|31\/100\n|move|p2a: Piedritas|Salt Cure|p1a: Fiebre dorada\n|-resisted|p1a: Fiebre dorada\n|-damage|p1a: Fiebre dorada|23\/100\n|-start|p1a: Fiebre dorada|Salt Cure\n|\n|-heal|p2a: Piedritas|100\/100|[from] item: Leftovers\n|-damage|p1a: Fiebre dorada|0 fnt|[from] Salt Cure\n|faint|p1a: Fiebre dorada\n|upkeep\n|\n|t:|1700868247\n|switch|p1a: The hax|Haxorus, M, shiny|84\/100\n|-ability|p1a: The hax|Mold Breaker\n|turn|18\n|\n|t:|1700868262\n|switch|p2a: Influencer|Hatterene, F, shiny|100\/100\n|-damage|p2a: Influencer|88\/100|[from] Stealth Rock\n|-terastallize|p1a: The hax|Ground\n|move|p1a: The hax|Earthquake|p2a: Influencer\n|-damage|p2a: Influencer|33\/100\n|\n|-heal|p2a: Influencer|39\/100|[from] item: Leftovers\n|upkeep\n|turn|19\n|\n|t:|1700868272\n|move|p1a: The hax|Earthquake|p2a: Influencer\n|-damage|p2a: Influencer|0 fnt\n|faint|p2a: Influencer\n|\n|upkeep\n|\n|t:|1700868280\n|switch|p2a: Apestosa|Toxapex, F, shiny|100\/100\n|-damage|p2a: Apestosa|88\/100|[from] Stealth Rock\n|turn|20\n|\n|t:|1700868288\n|move|p1a: The hax|Earthquake|p2a: Apestosa\n|-supereffective|p2a: Apestosa\n|-damage|p2a: Apestosa|3\/100\n|move|p2a: Apestosa|Chilling Water|p1a: The hax\n|-supereffective|p1a: The hax\n|-damage|p1a: The hax|51\/100\n|-unboost|p1a: The hax|atk|1\n|\n|upkeep\n|turn|21\n|\n|t:|1700868296\n|switch|p1a: GORDITA ROSADA|Blissey, F|100\/100\n|move|p2a: Apestosa|Chilling Water|p1a: GORDITA ROSADA\n|-damage|p1a: GORDITA ROSADA|98\/100\n|-unboost|p1a: GORDITA ROSADA|atk|1\n|\n|-heal|p1a: GORDITA ROSADA|100\/100|[from] item: Leftovers\n|upkeep\n|turn|22\n|\n|t:|1700868304\n|switch|p2a: Piedritas|Garganacl, F, shiny|100\/100\n|-damage|p2a: Piedritas|88\/100|[from] Stealth Rock\n|move|p1a: GORDITA ROSADA|Seismic Toss|p2a: Piedritas\n|-damage|p2a: Piedritas|62\/100\n|\n|-heal|p2a: Piedritas|68\/100|[from] item: Leftovers\n|upkeep\n|turn|23\n|\n|t:|1700868313\n|move|p1a: GORDITA ROSADA|Seismic Toss|p2a: Piedritas\n|-damage|p2a: Piedritas|41\/100\n|move|p2a: Piedritas|Iron Defense|p2a: Piedritas\n|-boost|p2a: Piedritas|def|2\n|\n|-heal|p2a: Piedritas|47\/100|[from] item: Leftovers\n|upkeep\n|turn|24\n|\n|t:|1700868320\n|move|p1a: GORDITA ROSADA|Seismic Toss|p2a: Piedritas\n|-damage|p2a: Piedritas|20\/100\n|move|p2a: Piedritas|Recover|p2a: Piedritas\n|-heal|p2a: Piedritas|71\/100\n|\n|-heal|p2a: Piedritas|77\/100|[from] item: Leftovers\n|upkeep\n|turn|25\n|\n|t:|1700868327\n|move|p1a: GORDITA ROSADA|Seismic Toss|p2a: Piedritas\n|-damage|p2a: Piedritas|50\/100\n|move|p2a: Piedritas|Recover|p2a: Piedritas\n|-heal|p2a: Piedritas|99\/100\n|\n|-heal|p2a: Piedritas|100\/100|[from] item: Leftovers\n|upkeep\n|turn|26\n|c|\u2606Wandis|puta gorda boxeadora\n|c|\u2606Wandis|jajajaa\n|\n|t:|1700868341\n|move|p1a: GORDITA ROSADA|Seismic Toss|p2a: Piedritas\n|-damage|p2a: Piedritas|74\/100\n|move|p2a: Piedritas|Salt Cure|p1a: GORDITA ROSADA\n|-crit|p1a: GORDITA ROSADA\n|-damage|p1a: GORDITA ROSADA|57\/100\n|-start|p1a: GORDITA ROSADA|Salt Cure\n|\n|-heal|p1a: GORDITA ROSADA|63\/100|[from] item: Leftovers\n|-heal|p2a: Piedritas|80\/100|[from] item: Leftovers\n|-damage|p1a: GORDITA ROSADA|51\/100|[from] Salt Cure\n|upkeep\n|turn|27\n|\n|t:|1700868351\n|move|p1a: GORDITA ROSADA|Seismic Toss|p2a: Piedritas\n|-damage|p2a: Piedritas|53\/100\n|move|p2a: Piedritas|Recover|p2a: Piedritas\n|-heal|p2a: Piedritas|100\/100\n|\n|-heal|p1a: GORDITA ROSADA|57\/100|[from] item: Leftovers\n|-damage|p1a: GORDITA ROSADA|44\/100|[from] Salt Cure\n|upkeep\n|turn|28\n|\n|t:|1700868360\n|move|p1a: GORDITA ROSADA|Seismic Toss|p2a: Piedritas\n|-damage|p2a: Piedritas|74\/100\n|move|p2a: Piedritas|Body Press|p1a: GORDITA ROSADA\n|-supereffective|p1a: GORDITA ROSADA\n|-damage|p1a: GORDITA ROSADA|0 fnt\n|faint|p1a: GORDITA ROSADA\n|\n|-heal|p2a: Piedritas|80\/100|[from] item: Leftovers\n|upkeep\n|\n|t:|1700868367\n|switch|p1a: James webb|Iron Moth|100\/100\n|-enditem|p1a: James webb|Booster Energy\n|-activate|p1a: James webb|ability: Quark Drive|[fromitem]\n|-start|p1a: James webb|quarkdrivespe\n|turn|29\n|\n|t:|1700868379\n|move|p1a: James webb|Discharge|p2a: Piedritas\n|-damage|p2a: Piedritas|60\/100\n|move|p2a: Piedritas|Salt Cure|p1a: James webb\n|-supereffective|p1a: James webb\n|-damage|p1a: James webb|52\/100\n|-start|p1a: James webb|Salt Cure\n|\n|-heal|p2a: Piedritas|67\/100|[from] item: Leftovers\n|-damage|p1a: James webb|40\/100|[from] Salt Cure\n|upkeep\n|turn|30\n|\n|t:|1700868389\n|move|p1a: James webb|Fiery Dance|p2a: Piedritas\n|-resisted|p2a: Piedritas\n|-damage|p2a: Piedritas|50\/100\n|-boost|p1a: James webb|spa|1\n|move|p2a: Piedritas|Recover|p2a: Piedritas\n|-heal|p2a: Piedritas|99\/100\n|\n|-heal|p2a: Piedritas|100\/100|[from] item: Leftovers\n|-damage|p1a: James webb|27\/100|[from] Salt Cure\n|upkeep\n|turn|31\n|\n|t:|1700868398\n|move|p1a: James webb|Sludge Wave|p2a: Piedritas\n|-resisted|p2a: Piedritas\n|-damage|p2a: Piedritas|74\/100\n|move|p2a: Piedritas|Salt Cure|p1a: James webb\n|-supereffective|p1a: James webb\n|-damage|p1a: James webb|0 fnt\n|faint|p1a: James webb\n|-end|p1a: James webb|Quark Drive|[silent]\n|\n|-heal|p2a: Piedritas|80\/100|[from] item: Leftovers\n|upkeep\n|\n|t:|1700868403\n|switch|p1a: The hax|Haxorus, M, shiny, tera:Ground|51\/100\n|-ability|p1a: The hax|Mold Breaker\n|turn|32\n|\n|t:|1700868410\n|move|p1a: The hax|Earthquake|p2a: Piedritas\n|-supereffective|p2a: Piedritas\n|-damage|p2a: Piedritas|40\/100\n|move|p2a: Piedritas|Body Press|p1a: The hax\n|-damage|p1a: The hax|0 fnt\n|faint|p1a: The hax\n|\n|win|Wandis\n|raw|TheNovato564's rating: 1432 &rarr; <strong>1417<\/strong><br \/>(-15 for losing)\n|raw|Wandis's rating: 1523 &rarr; <strong>1538<\/strong><br \/>(+15 for winning)\n","uploadtime":1700868340,"views":1,"p1id":"thenovato564","p2id":"wandis","formatid":"gen9ou","rating":1417,"private":0,"password":""}