{"id":"gen9ou-1995623068","p1":"Phrensoph","p2":"Emarad0r","format":"[Gen 9] OU","log":"|j|\u2606Phrensoph\n|j|\u2606Emarad0r\n|t:|1700588391\n|gametype|singles\n|player|p1|Phrensoph|n|1231\n|player|p2|Emarad0r|drayden|1135\n|teamsize|p1|6\n|teamsize|p2|6\n|gen|9\n|tier|[Gen 9] OU\n|rated|\n|rule|Sleep Clause Mod: Limit one foe put to sleep\n|rule|Species Clause: Limit one of each Pok\u00e9mon\n|rule|OHKO Clause: OHKO moves are banned\n|rule|Evasion Items Clause: Evasion items are banned\n|rule|Evasion Moves Clause: Evasion moves are banned\n|rule|Endless Battle Clause: Forcing endless battles is banned\n|rule|HP Percentage Mod: HP is shown in percentages\n|clearpoke\n|poke|p1|Great Tusk|\n|poke|p1|Garchomp, M|\n|poke|p1|Ogerpon-Wellspring, F|\n|poke|p1|Meowscarada, F|\n|poke|p1|Heatran, M|\n|poke|p1|Mismagius, M|\n|poke|p2|Zapdos|\n|poke|p2|Ludicolo, F|\n|poke|p2|Dragapult, F|\n|poke|p2|Kingambit, F|\n|poke|p2|Conkeldurr, F|\n|poke|p2|Iron Valiant|\n|teampreview\n|inactive|Battle timer is ON: inactive players will automatically lose when time's up. (requested by Emarad0r)\n|\n|t:|1700588397\n|start\n|switch|p1a: SPIKES|Meowscarada, F|100\/100\n|switch|p2a: Conkeldurr|Conkeldurr, F|100\/100\n|turn|1\n|\n|t:|1700588405\n|switch|p1a: Mismagius|Mismagius, M|100\/100\n|move|p2a: Conkeldurr|Bulk Up|p2a: Conkeldurr\n|-boost|p2a: Conkeldurr|atk|1\n|-boost|p2a: Conkeldurr|def|1\n|\n|-status|p2a: Conkeldurr|brn|[from] item: Flame Orb\n|upkeep\n|turn|2\n|\n|t:|1700588419\n|switch|p2a: Dragapult|Dragapult, F|100\/100\n|move|p1a: Mismagius|Trick|p2a: Dragapult\n|-activate|p1a: Mismagius|move: Trick|[of] p2a: Dragapult\n|-item|p2a: Dragapult|Choice Scarf|[from] move: Trick\n|-item|p1a: Mismagius|Light Clay|[from] move: Trick\n|\n|upkeep\n|turn|3\n|\n|t:|1700588433\n|switch|p1a: ROCKS|Heatran, M|100\/100\n|move|p2a: Dragapult|Dragon Darts|p1a: ROCKS\n|-resisted|p1a: ROCKS\n|-damage|p1a: ROCKS|92\/100\n|-anim|p2a: Dragapult|Dragon Darts|p1a: ROCKS\n|-resisted|p1a: ROCKS\n|-damage|p1a: ROCKS|84\/100\n|\n|-heal|p1a: ROCKS|90\/100|[from] item: Leftovers\n|upkeep\n|turn|4\n|\n|t:|1700588444\n|switch|p2a: Conkeldurr|Conkeldurr, F|100\/100 brn\n|move|p1a: ROCKS|Stealth Rock|p2a: Conkeldurr\n|-sidestart|p2: Emarad0r|move: Stealth Rock\n|\n|-heal|p1a: ROCKS|96\/100|[from] item: Leftovers\n|-damage|p2a: Conkeldurr|94\/100 brn|[from] brn\n|upkeep\n|turn|5\n|\n|t:|1700588455\n|move|p1a: ROCKS|Taunt|p2a: Conkeldurr\n|-start|p2a: Conkeldurr|move: Taunt\n|move|p2a: Conkeldurr|Drain Punch|p1a: ROCKS\n|-supereffective|p1a: ROCKS\n|-damage|p1a: ROCKS|0 fnt\n|-heal|p2a: Conkeldurr|100\/100 brn|[from] drain|[of] p1a: ROCKS\n|faint|p1a: ROCKS\n|\n|-damage|p2a: Conkeldurr|94\/100 brn|[from] brn\n|upkeep\n|inactive|Phrensoph has 120 seconds left.\n|\n|t:|1700588486\n|switch|p1a: Mismagius|Mismagius, M|100\/100\n|turn|6\n|\n|t:|1700588498\n|switch|p2a: Kingambit|Kingambit, F|100\/100\n|-damage|p2a: Kingambit|94\/100|[from] Stealth Rock\n|move|p1a: Mismagius|Dazzling Gleam|p2a: Kingambit\n|-damage|p2a: Kingambit|72\/100\n|\n|-heal|p2a: Kingambit|78\/100|[from] item: Leftovers\n|upkeep\n|turn|7\n|inactive|Phrensoph has 120 seconds left.\n|\n|t:|1700588521\n|switch|p1a: Horton|Great Tusk|100\/100\n|move|p2a: Kingambit|Swords Dance|p2a: Kingambit\n|-boost|p2a: Kingambit|atk|2\n|\n|-heal|p2a: Kingambit|84\/100|[from] item: Leftovers\n|upkeep\n|turn|8\n|inactive|Phrensoph has 120 seconds left.\n|\n|t:|1700588532\n|-terastallize|p2a: Kingambit|Fairy\n|move|p1a: Horton|Headlong Rush|p2a: Kingambit\n|-damage|p2a: Kingambit|41\/100\n|-unboost|p1a: Horton|def|1\n|-unboost|p1a: Horton|spd|1\n|move|p2a: Kingambit|Swords Dance|p2a: Kingambit\n|-boost|p2a: Kingambit|atk|2\n|\n|-heal|p2a: Kingambit|48\/100|[from] item: Leftovers\n|upkeep\n|turn|9\n|inactive|Phrensoph has 120 seconds left.\n|\n|t:|1700588542\n|move|p2a: Kingambit|Sucker Punch|p1a: Horton\n|-resisted|p1a: Horton\n|-damage|p1a: Horton|37\/100\n|move|p1a: Horton|Headlong Rush|p2a: Kingambit\n|-damage|p2a: Kingambit|5\/100\n|-unboost|p1a: Horton|def|1\n|-unboost|p1a: Horton|spd|1\n|\n|-heal|p2a: Kingambit|11\/100|[from] item: Leftovers\n|upkeep\n|turn|10\n|inactive|Phrensoph has 120 seconds left.\n|\n|t:|1700588553\n|-end|p1a: Horton|Protosynthesis|[silent]\n|switch|p1a: Janitor|Ogerpon-Wellspring, F|100\/100\n|move|p2a: Kingambit|Sucker Punch||[still]\n|-fail|p2a: Kingambit\n|\n|-heal|p2a: Kingambit|17\/100|[from] item: Leftovers\n|upkeep\n|turn|11\n|\n|t:|1700588561\n|move|p1a: Janitor|Encore|p2a: Kingambit\n|-start|p2a: Kingambit|Encore\n|move|p2a: Kingambit|Sucker Punch||[still]\n|-fail|p2a: Kingambit\n|\n|-heal|p2a: Kingambit|24\/100|[from] item: Leftovers\n|upkeep\n|turn|12\n|\n|t:|1700588567\n|move|p2a: Kingambit|Sucker Punch||[still]\n|-fail|p2a: Kingambit\n|move|p1a: Janitor|Swords Dance|p1a: Janitor\n|-boost|p1a: Janitor|atk|2\n|\n|-heal|p2a: Kingambit|30\/100|[from] item: Leftovers\n|upkeep\n|turn|13\n|\n|t:|1700588578\n|-end|p2a: Kingambit|fallenundefined|[silent]\n|switch|p2a: Zapdos|Zapdos|100\/100\n|-damage|p2a: Zapdos|76\/100|[from] Stealth Rock\n|move|p1a: Janitor|Ivy Cudgel|p2a: Zapdos|[anim] Ivy Cudgel Water\n|-damage|p2a: Zapdos|0 fnt\n|faint|p2a: Zapdos\n|\n|upkeep\n|\n|t:|1700588591\n|switch|p2a: Iron Valiant|Iron Valiant|100\/100\n|-damage|p2a: Iron Valiant|94\/100|[from] Stealth Rock\n|-enditem|p2a: Iron Valiant|Booster Energy\n|-activate|p2a: Iron Valiant|ability: Quark Drive|[fromitem]\n|-start|p2a: Iron Valiant|quarkdrivespe\n|turn|14\n|\n|t:|1700588600\n|move|p2a: Iron Valiant|Thunderbolt|p1a: Janitor\n|-damage|p1a: Janitor|69\/100\n|move|p1a: Janitor|Ivy Cudgel|p2a: Iron Valiant|[anim] Ivy Cudgel Water\n|-damage|p2a: Iron Valiant|0 fnt\n|faint|p2a: Iron Valiant\n|-end|p2a: Iron Valiant|Quark Drive|[silent]\n|\n|upkeep\n|\n|t:|1700588616\n|switch|p2a: Dragapult|Dragapult, F|100\/100\n|-damage|p2a: Dragapult|88\/100|[from] Stealth Rock\n|turn|15\n|\n|t:|1700588620\n|move|p2a: Dragapult|Curse|p1a: Janitor\n|-start|p1a: Janitor|Curse|[of] p2a: Dragapult\n|-damage|p2a: Dragapult|38\/100\n|move|p1a: Janitor|Ivy Cudgel|p2a: Dragapult|[anim] Ivy Cudgel Water\n|-resisted|p2a: Dragapult\n|-crit|p2a: Dragapult\n|-damage|p2a: Dragapult|0 fnt\n|faint|p2a: Dragapult\n|\n|-damage|p1a: Janitor|44\/100|[from] Curse\n|upkeep\n|\n|t:|1700588632\n|switch|p2a: Kingambit|Kingambit, F, tera:Fairy|30\/100\n|-damage|p2a: Kingambit|17\/100|[from] Stealth Rock\n|-activate|p2a: Kingambit|ability: Supreme Overlord\n|-start|p2a: Kingambit|fallen3|[silent]\n|turn|16\n|\n|t:|1700588640\n|move|p2a: Kingambit|Sucker Punch||[still]\n|-fail|p2a: Kingambit\n|move|p1a: Janitor|Encore|p2a: Kingambit\n|-start|p2a: Kingambit|Encore\n|\n|-heal|p2a: Kingambit|24\/100|[from] item: Leftovers\n|-damage|p1a: Janitor|19\/100|[from] Curse\n|upkeep\n|turn|17\n|\n|t:|1700588649\n|-end|p2a: Kingambit|fallen3|[silent]\n|switch|p2a: Conkeldurr|Conkeldurr, F|94\/100 brn\n|-damage|p2a: Conkeldurr|88\/100 brn|[from] Stealth Rock\n|move|p1a: Janitor|Power Whip|p2a: Conkeldurr\n|-damage|p2a: Conkeldurr|0 fnt\n|faint|p2a: Conkeldurr\n|\n|-damage|p1a: Janitor|0 fnt|[from] Curse\n|faint|p1a: Janitor\n|upkeep\n|\n|t:|1700588670\n|switch|p1a: dRAgoN|Garchomp, M|100\/100\n|switch|p2a: Ludicolo|Ludicolo, F|100\/100\n|-damage|p2a: Ludicolo|88\/100|[from] Stealth Rock\n|turn|18\n|\n|t:|1700588678\n|move|p1a: dRAgoN|Draco Meteor|p2a: Ludicolo\n|-damage|p2a: Ludicolo|3\/100\n|-unboost|p1a: dRAgoN|spa|2\n|-damage|p1a: dRAgoN|91\/100|[from] item: Life Orb\n|move|p2a: Ludicolo|Rain Dance|p2a: Ludicolo\n|-weather|RainDance\n|\n|-weather|RainDance|[upkeep]\n|upkeep\n|turn|19\n|\n|t:|1700588688\n|move|p2a: Ludicolo|Giga Drain|p1a: dRAgoN\n|-damage|p1a: dRAgoN|42\/100\n|-heal|p2a: Ludicolo|32\/100|[from] drain|[of] p1a: dRAgoN\n|-damage|p2a: Ludicolo|22\/100|[from] item: Life Orb\n|move|p1a: dRAgoN|Earthquake|p2a: Ludicolo\n|-resisted|p2a: Ludicolo\n|-damage|p2a: Ludicolo|0 fnt\n|faint|p2a: Ludicolo\n|-damage|p1a: dRAgoN|32\/100|[from] item: Life Orb\n|\n|-weather|RainDance|[upkeep]\n|upkeep\n|\n|t:|1700588698\n|switch|p2a: Kingambit|Kingambit, F, tera:Fairy|24\/100\n|-damage|p2a: Kingambit|11\/100|[from] Stealth Rock\n|-activate|p2a: Kingambit|ability: Supreme Overlord\n|-start|p2a: Kingambit|fallen5|[silent]\n|turn|20\n|\n|t:|1700588704\n|move|p1a: dRAgoN|Earthquake|p2a: Kingambit\n|-damage|p2a: Kingambit|0 fnt\n|faint|p2a: Kingambit\n|-end|p2a: Kingambit|fallen5|[silent]\n|-damage|p1a: dRAgoN|22\/100|[from] item: Life Orb\n|\n|win|Phrensoph\n|raw|Phrensoph's rating: 1231 &rarr; <strong>1249<\/strong><br \/>(+18 for winning)\n|raw|Emarad0r's rating: 1135 &rarr; <strong>1117<\/strong><br \/>(-18 for losing)\n|c|\u2606Phrensoph|gg\n|l|\u2606Emarad0r\n","uploadtime":1700588711,"views":1,"p1id":"phrensoph","p2id":"emarad0r","formatid":"gen9ou","rating":1117,"private":0,"password":""}