{"id":"gen9ou-2000267921","p1":"Polgre IV","p2":"LandotheRandoPando","format":"[Gen 9] OU","log":"|j|\u2606Polgre IV\n|j|\u2606LandotheRandoPando\n|t:|1701179529\n|gametype|singles\n|player|p1|Polgre IV|drayden|1370\n|player|p2|LandotheRandoPando|hoopster|1389\n|teamsize|p1|6\n|teamsize|p2|6\n|gen|9\n|tier|[Gen 9] OU\n|rated|\n|rule|Sleep Clause Mod: Limit one foe put to sleep\n|rule|Species Clause: Limit one of each Pok\u00e9mon\n|rule|OHKO Clause: OHKO moves are banned\n|rule|Evasion Items Clause: Evasion items are banned\n|rule|Evasion Moves Clause: Evasion moves are banned\n|rule|Endless Battle Clause: Forcing endless battles is banned\n|rule|HP Percentage Mod: HP is shown in percentages\n|clearpoke\n|poke|p1|Iron Moth|\n|poke|p1|Cinderace, M|\n|poke|p1|Iron Valiant|\n|poke|p1|Kommo-o, F|\n|poke|p1|Dragonite, F|\n|poke|p1|Greninja-*, F|\n|poke|p2|Walking Wake|\n|poke|p2|Great Tusk|\n|poke|p2|Torkoal, F|\n|poke|p2|Gholdengo|\n|poke|p2|Leavanny, F|\n|poke|p2|Hatterene, F|\n|teampreview\n|\n|t:|1701179543\n|start\n|switch|p1a: Greninja|Greninja, F|100\/100\n|switch|p2a: Torkoal|Torkoal, F, shiny|100\/100\n|-weather|SunnyDay|[from] ability: Drought|[of] p2a: Torkoal\n|turn|1\n|\n|t:|1701179555\n|move|p1a: Greninja|Hydro Pump|p2a: Torkoal\n|-start|p1a: Greninja|typechange|Water|[from] ability: Protean\n|-supereffective|p2a: Torkoal\n|-damage|p2a: Torkoal|55\/100\n|move|p2a: Torkoal|Yawn|p1a: Greninja\n|-start|p1a: Greninja|move: Yawn|[of] p2a: Torkoal\n|\n|-weather|SunnyDay|[upkeep]\n|upkeep\n|turn|2\n|\n|t:|1701179573\n|switch|p1a: Iron Valiant|Iron Valiant|100\/100\n|move|p2a: Torkoal|Yawn|p1a: Iron Valiant\n|-start|p1a: Iron Valiant|move: Yawn|[of] p2a: Torkoal\n|\n|-weather|SunnyDay|[upkeep]\n|upkeep\n|turn|3\n|\n|t:|1701179580\n|switch|p2a: Hatterene|Hatterene, F|100\/100\n|move|p1a: Iron Valiant|Knock Off|p2a: Hatterene\n|-damage|p2a: Hatterene|78\/100\n|-enditem|p2a: Hatterene|Eject Button|[from] move: Knock Off|[of] p1a: Iron Valiant\n|\n|-weather|SunnyDay|[upkeep]\n|-end|p1a: Iron Valiant|move: Yawn|[silent]\n|-status|p1a: Iron Valiant|slp\n|upkeep\n|turn|4\n|\n|t:|1701179599\n|cant|p1a: Iron Valiant|slp\n|move|p2a: Hatterene|Nuzzle|p1a: Iron Valiant\n|-damage|p1a: Iron Valiant|95\/100 slp\n|\n|-weather|SunnyDay|[upkeep]\n|upkeep\n|turn|5\n|\n|t:|1701179622\n|cant|p1a: Iron Valiant|slp\n|move|p2a: Hatterene|Psyshock|p1a: Iron Valiant\n|-supereffective|p1a: Iron Valiant\n|-damage|p1a: Iron Valiant|0 fnt\n|faint|p1a: Iron Valiant\n|-end|p1a: Iron Valiant|Quark Drive|[silent]\n|\n|-weather|SunnyDay|[upkeep]\n|upkeep\n|\n|t:|1701179635\n|switch|p1a: Dragonite|Dragonite, F|100\/100\n|turn|6\n|\n|t:|1701179638\n|move|p1a: Dragonite|Dragon Dance|p1a: Dragonite\n|-boost|p1a: Dragonite|atk|1\n|-boost|p1a: Dragonite|spe|1\n|move|p2a: Hatterene|Draining Kiss|p1a: Dragonite\n|-supereffective|p1a: Dragonite\n|-damage|p1a: Dragonite|78\/100\n|-heal|p2a: Hatterene|95\/100|[from] drain|[of] p1a: Dragonite\n|\n|-weather|SunnyDay|[upkeep]\n|upkeep\n|turn|7\n|\n|t:|1701179656\n|move|p1a: Dragonite|Earthquake|p2a: Hatterene\n|-damage|p2a: Hatterene|51\/100\n|move|p2a: Hatterene|Nuzzle|p1a: Dragonite\n|-damage|p1a: Dragonite|74\/100\n|-status|p1a: Dragonite|par\n|-enditem|p1a: Dragonite|Lum Berry|[eat]\n|-curestatus|p1a: Dragonite|par|[msg]\n|\n|-weather|SunnyDay|[upkeep]\n|upkeep\n|turn|8\n|\n|t:|1701179661\n|move|p1a: Dragonite|Earthquake|p2a: Hatterene\n|-damage|p2a: Hatterene|3\/100\n|move|p2a: Hatterene|Nuzzle|p1a: Dragonite\n|-damage|p1a: Dragonite|70\/100\n|-status|p1a: Dragonite|par\n|\n|-weather|none\n|upkeep\n|turn|9\n|\n|t:|1701179665\n|move|p1a: Dragonite|Extreme Speed|p2a: Hatterene\n|-damage|p2a: Hatterene|0 fnt\n|faint|p2a: Hatterene\n|\n|upkeep\n|\n|t:|1701179668\n|switch|p2a: Gholdengo|Gholdengo|100\/100\n|-item|p2a: Gholdengo|Air Balloon\n|turn|10\n|\n|t:|1701179680\n|switch|p2a: Torkoal|Torkoal, F, shiny|55\/100\n|-weather|SunnyDay|[from] ability: Drought|[of] p2a: Torkoal\n|switch|p1a: Cinderace|Cinderace, M|100\/100\n|\n|-weather|SunnyDay|[upkeep]\n|upkeep\n|turn|11\n|\n|t:|1701179685\n|move|p1a: Cinderace|Pyro Ball|p2a: Torkoal\n|-resisted|p2a: Torkoal\n|-damage|p2a: Torkoal|27\/100\n|move|p2a: Torkoal|Yawn|p1a: Cinderace\n|-start|p1a: Cinderace|move: Yawn|[of] p2a: Torkoal\n|\n|-weather|SunnyDay|[upkeep]\n|upkeep\n|turn|12\n|\n|t:|1701179709\n|move|p1a: Cinderace|U-turn|p2a: Torkoal\n|-start|p1a: Cinderace|typechange|Bug|[from] ability: Libero\n|-resisted|p2a: Torkoal\n|-crit|p2a: Torkoal\n|-damage|p2a: Torkoal|10\/100\n|\n|t:|1701179710\n|switch|p1a: Greninja|Greninja, F|100\/100|[from] U-turn\n|move|p2a: Torkoal|Stealth Rock|p1a: Greninja\n|-sidestart|p1: Polgre IV|move: Stealth Rock\n|\n|-weather|SunnyDay|[upkeep]\n|upkeep\n|turn|13\n|\n|t:|1701179716\n|switch|p2a: Leavanny|Leavanny, F, shiny|100\/100\n|move|p1a: Greninja|U-turn|p2a: Leavanny\n|-start|p1a: Greninja|typechange|Bug|[from] ability: Protean\n|-supereffective|p2a: Leavanny\n|-damage|p2a: Leavanny|46\/100\n|\n|t:|1701179728\n|switch|p1a: Cinderace|Cinderace, M|100\/100|[from] U-turn\n|\n|-weather|SunnyDay|[upkeep]\n|upkeep\n|turn|14\n|\n|t:|1701179737\n|move|p2a: Leavanny|Knock Off|p1a: Cinderace\n|-damage|p1a: Cinderace|67\/100\n|-enditem|p1a: Cinderace|Heavy-Duty Boots|[from] move: Knock Off|[of] p2a: Leavanny\n|move|p1a: Cinderace|Court Change|p1a: Cinderace\n|-start|p1a: Cinderace|typechange|Normal|[from] ability: Libero\n|-swapsideconditions\n|-activate|p1a: Cinderace|move: Court Change\n|\n|-weather|SunnyDay|[upkeep]\n|upkeep\n|turn|15\n|\n|t:|1701179754\n|move|p2a: Leavanny|Sticky Web|p1a: Cinderace\n|-sidestart|p1: Polgre IV|move: Sticky Web\n|move|p1a: Cinderace|Will-O-Wisp|p2a: Leavanny\n|-status|p2a: Leavanny|brn\n|\n|-weather|SunnyDay|[upkeep]\n|-damage|p2a: Leavanny|40\/100 brn|[from] brn\n|upkeep\n|turn|16\n|\n|t:|1701179775\n|move|p2a: Leavanny|Sticky Web||[still]\n|-fail|p2a: Leavanny\n|move|p1a: Cinderace|U-turn|p2a: Leavanny\n|-supereffective|p2a: Leavanny\n|-damage|p2a: Leavanny|0 fnt\n|faint|p2a: Leavanny\n|\n|t:|1701179807\n|switch|p1a: Greninja|Greninja, F|100\/100|[from] U-turn\n|-activate|p1a: Greninja|move: Sticky Web\n|-unboost|p1a: Greninja|spe|1\n|\n|-weather|SunnyDay|[upkeep]\n|upkeep\n|\n|t:|1701179810\n|switch|p2a: Walking Wake|Walking Wake|100\/100\n|-damage|p2a: Walking Wake|88\/100|[from] Stealth Rock\n|-activate|p2a: Walking Wake|ability: Protosynthesis\n|-start|p2a: Walking Wake|protosynthesisspa\n|turn|17\n|\n|t:|1701179819\n|move|p1a: Greninja|Ice Beam|p2a: Walking Wake\n|-start|p1a: Greninja|typechange|Ice|[from] ability: Protean\n|-damage|p2a: Walking Wake|38\/100\n|move|p2a: Walking Wake|Dragon Pulse|p1a: Greninja\n|-damage|p1a: Greninja|0 fnt\n|faint|p1a: Greninja\n|\n|-weather|none\n|-end|p2a: Walking Wake|Protosynthesis\n|upkeep\n|\n|t:|1701179826\n|switch|p1a: Dragonite|Dragonite, F|70\/100 par\n|turn|18\n|\n|t:|1701179828\n|move|p1a: Dragonite|Extreme Speed|p2a: Walking Wake\n|-damage|p2a: Walking Wake|1\/100\n|move|p2a: Walking Wake|Dragon Pulse|p1a: Dragonite\n|-supereffective|p1a: Dragonite\n|-damage|p1a: Dragonite|0 fnt\n|faint|p1a: Dragonite\n|\n|upkeep\n|\n|t:|1701179848\n|switch|p1a: Cinderace|Cinderace, M|67\/100\n|-activate|p1a: Cinderace|move: Sticky Web\n|-unboost|p1a: Cinderace|spe|1\n|turn|19\n|\n|t:|1701179853\n|switch|p1a: Iron Moth|Iron Moth|100\/100\n|-activate|p1a: Iron Moth|move: Sticky Web\n|-unboost|p1a: Iron Moth|spe|1\n|-enditem|p1a: Iron Moth|Booster Energy\n|-activate|p1a: Iron Moth|ability: Quark Drive|[fromitem]\n|-start|p1a: Iron Moth|quarkdrivespa\n|move|p2a: Walking Wake|Dragon Pulse|p1a: Iron Moth\n|-damage|p1a: Iron Moth|32\/100\n|\n|upkeep\n|turn|20\n|\n|t:|1701179861\n|move|p2a: Walking Wake|Dragon Pulse|p1a: Iron Moth\n|-damage|p1a: Iron Moth|0 fnt\n|faint|p1a: Iron Moth\n|-end|p1a: Iron Moth|Quark Drive|[silent]\n|\n|upkeep\n|\n|t:|1701179869\n|switch|p1a: Kommo-o|Kommo-o, F|100\/100\n|-activate|p1a: Kommo-o|move: Sticky Web\n|-unboost|p1a: Kommo-o|spe|1\n|turn|21\n|\n|t:|1701179874\n|-terastallize|p1a: Kommo-o|Normal\n|move|p2a: Walking Wake|Dragon Pulse|p1a: Kommo-o\n|-damage|p1a: Kommo-o|13\/100\n|move|p1a: Kommo-o|Clangorous Soul||[still]\n|-fail|p1a: Kommo-o\n|\n|upkeep\n|turn|22\n|l|\u2606Polgre IV\n|player|p1|\n|c|\u2606LandotheRandoPando|Lmao\n|inactive|Battle timer is ON: inactive players will automatically lose when time's up. (requested by LandotheRandoPando)\n|inactive|Polgre IV has 30 seconds to reconnect!\n|inactive|Polgre IV has 20 seconds to reconnect!\n|inactive|Polgre IV has 15 seconds to reconnect!\n|inactive|Polgre IV has 10 seconds to reconnect!\n|inactive|Polgre IV has 5 seconds to reconnect!\n|-message|Polgre IV lost due to inactivity.\n|\n|win|LandotheRandoPando\n|raw|Polgre IV's rating: 1333 &rarr; <strong>1316<\/strong><br \/>(-17 for losing)\n|raw|LandotheRandoPando's rating: 1389 &rarr; <strong>1406<\/strong><br \/>(+17 for winning)\n","uploadtime":1701179960,"views":3,"p1id":"polgreiv","p2id":"landotherandopando","formatid":"gen9ou","rating":1316,"private":0,"password":""}