{"id":"gen9ou-1991238688","p1":"Rookie22","p2":"Genarf","format":"[Gen 9] OU","log":"|j|\u2606Rookie22\n|j|\u203dGenarf\n|t:|1700060206\n|gametype|singles\n|player|p1|Rookie22|iris-gen5bw2|1351\n|player|p2|Genarf|clair|1280\n|teamsize|p1|6\n|teamsize|p2|6\n|gen|9\n|tier|[Gen 9] OU\n|rated|\n|rule|Sleep Clause Mod: Limit one foe put to sleep\n|rule|Species Clause: Limit one of each Pok\u00e9mon\n|rule|OHKO Clause: OHKO moves are banned\n|rule|Evasion Items Clause: Evasion items are banned\n|rule|Evasion Moves Clause: Evasion moves are banned\n|rule|Endless Battle Clause: Forcing endless battles is banned\n|rule|HP Percentage Mod: HP is shown in percentages\n|clearpoke\n|poke|p1|Dragapult, M|\n|poke|p1|Great Tusk|\n|poke|p1|Azumarill, M|\n|poke|p1|Kingambit, F|\n|poke|p1|Meowscarada, F|\n|poke|p1|Zapdos|\n|poke|p2|Rillaboom, M|\n|poke|p2|Sneasler, F|\n|poke|p2|Ribombee, M|\n|poke|p2|Samurott-Hisui, F|\n|poke|p2|Dondozo, M|\n|poke|p2|Ceruledge, F|\n|teampreview\n|inactive|Battle timer is ON: inactive players will automatically lose when time's up. (requested by Genarf)\n|\n|t:|1700060211\n|start\n|switch|p1a: Kingambit|Kingambit, F|100\/100\n|switch|p2a: Ribombee|Ribombee, M|100\/100\n|turn|1\n|\n|t:|1700060219\n|move|p2a: Ribombee|Sticky Web|p1a: Kingambit\n|-sidestart|p1: Rookie22|move: Sticky Web\n|move|p1a: Kingambit|Iron Head|p2a: Ribombee\n|-supereffective|p2a: Ribombee\n|-enditem|p2a: Ribombee|Focus Sash\n|-damage|p2a: Ribombee|1\/100\n|\n|upkeep\n|turn|2\n|\n|t:|1700060234\n|switch|p2a: Dondozo|Dondozo, M|100\/100\n|-end|p1a: Kingambit|fallenundefined|[silent]\n|switch|p1a: Zapdos|Zapdos|100\/100\n|\n|upkeep\n|turn|3\n|\n|t:|1700060247\n|switch|p2a: Rillaboom|Rillaboom, M|100\/100\n|-fieldstart|move: Grassy Terrain|[from] ability: Grassy Surge|[of] p2a: Rillaboom\n|move|p1a: Zapdos|Thunderbolt|p2a: Rillaboom\n|-resisted|p2a: Rillaboom\n|-damage|p2a: Rillaboom|68\/100\n|\n|-heal|p2a: Rillaboom|74\/100|[from] Grassy Terrain\n|upkeep\n|turn|4\n|\n|t:|1700060259\n|move|p2a: Rillaboom|U-turn|p1a: Zapdos\n|-resisted|p1a: Zapdos\n|-damage|p1a: Zapdos|78\/100\n|-status|p2a: Rillaboom|par|[from] ability: Static|[of] p1a: Zapdos\n|\n|t:|1700060275\n|switch|p2a: Samurott|Samurott-Hisui, F|100\/100|[from] U-turn\n|move|p1a: Zapdos|Hurricane|p2a: Samurott\n|-damage|p2a: Samurott|43\/100\n|\n|-heal|p2a: Samurott|49\/100|[from] Grassy Terrain\n|upkeep\n|turn|5\n|\n|t:|1700060283\n|move|p2a: Samurott|Ceaseless Edge|p1a: Zapdos\n|-damage|p1a: Zapdos|22\/100\n|-status|p2a: Samurott|par|[from] ability: Static|[of] p1a: Zapdos\n|-sidestart|p1: Rookie22|Spikes\n|move|p1a: Zapdos|Thunderbolt|p2a: Samurott\n|-supereffective|p2a: Samurott\n|-damage|p2a: Samurott|0 fnt\n|faint|p2a: Samurott\n|\n|upkeep\n|\n|t:|1700060294\n|switch|p2a: Ribombee|Ribombee, M|1\/100\n|turn|6\n|\n|t:|1700060312\n|switch|p1a: Kingambit|Kingambit, F|100\/100\n|-activate|p1a: Kingambit|move: Sticky Web\n|-unboost|p1a: Kingambit|spe|1\n|-damage|p1a: Kingambit|88\/100|[from] Spikes\n|move|p2a: Ribombee|Moonblast|p1a: Kingambit\n|-damage|p1a: Kingambit|50\/100\n|-unboost|p1a: Kingambit|spa|1\n|-enditem|p1a: Kingambit|Sitrus Berry|[eat]\n|-heal|p1a: Kingambit|75\/100|[from] item: Sitrus Berry\n|\n|-heal|p2a: Ribombee|7\/100|[from] Grassy Terrain\n|-heal|p1a: Kingambit|81\/100|[from] Grassy Terrain\n|upkeep\n|turn|7\n|\n|t:|1700060328\n|move|p2a: Ribombee|Stun Spore|p1a: Kingambit\n|-status|p1a: Kingambit|par\n|move|p1a: Kingambit|Iron Head|p2a: Ribombee\n|-supereffective|p2a: Ribombee\n|-damage|p2a: Ribombee|0 fnt\n|faint|p2a: Ribombee\n|\n|-heal|p1a: Kingambit|88\/100 par|[from] Grassy Terrain\n|-fieldend|move: Grassy Terrain\n|upkeep\n|\n|t:|1700060341\n|switch|p2a: Ceruledge|Ceruledge, F|100\/100\n|turn|8\n|\n|t:|1700060351\n|-end|p1a: Kingambit|fallenundefined|[silent]\n|switch|p1a: Great Tusk|Great Tusk|100\/100\n|-activate|p1a: Great Tusk|move: Sticky Web\n|-unboost|p1a: Great Tusk|spe|1\n|-damage|p1a: Great Tusk|88\/100|[from] Spikes\n|move|p2a: Ceruledge|Close Combat|p1a: Great Tusk\n|-damage|p1a: Great Tusk|62\/100\n|-unboost|p2a: Ceruledge|def|1\n|-unboost|p2a: Ceruledge|spd|1\n|\n|-heal|p1a: Great Tusk|68\/100|[from] item: Leftovers\n|upkeep\n|turn|9\n|\n|t:|1700060366\n|move|p2a: Ceruledge|Swords Dance|p2a: Ceruledge\n|-boost|p2a: Ceruledge|atk|2\n|move|p1a: Great Tusk|Earthquake|p2a: Ceruledge\n|-supereffective|p2a: Ceruledge\n|-enditem|p2a: Ceruledge|Focus Sash\n|-damage|p2a: Ceruledge|1\/100\n|-ability|p2a: Ceruledge|Weak Armor|boost\n|-unboost|p2a: Ceruledge|def|1\n|-boost|p2a: Ceruledge|spe|2\n|\n|-heal|p1a: Great Tusk|74\/100|[from] item: Leftovers\n|upkeep\n|turn|10\n|\n|t:|1700060379\n|move|p2a: Ceruledge|Bitter Blade|p1a: Great Tusk\n|-damage|p1a: Great Tusk|18\/100\n|-heal|p2a: Ceruledge|39\/100|[from] drain|[of] p1a: Great Tusk\n|move|p1a: Great Tusk|Earthquake|p2a: Ceruledge\n|-supereffective|p2a: Ceruledge\n|-damage|p2a: Ceruledge|0 fnt\n|faint|p2a: Ceruledge\n|\n|-heal|p1a: Great Tusk|24\/100|[from] item: Leftovers\n|upkeep\n|\n|t:|1700060390\n|switch|p2a: Rillaboom|Rillaboom, M|74\/100 par\n|-fieldstart|move: Grassy Terrain|[from] ability: Grassy Surge|[of] p2a: Rillaboom\n|turn|11\n|\n|t:|1700060408\n|-terastallize|p1a: Great Tusk|Steel\n|move|p2a: Rillaboom|Grassy Glide|p1a: Great Tusk\n|-resisted|p1a: Great Tusk\n|-damage|p1a: Great Tusk|7\/100\n|move|p1a: Great Tusk|Rapid Spin|p2a: Rillaboom\n|-damage|p2a: Rillaboom|52\/100 par\n|-boost|p1a: Great Tusk|spe|1\n|-sideend|p1: Rookie22|Spikes|[from] move: Rapid Spin|[of] p1a: Great Tusk\n|-sideend|p1: Rookie22|Sticky Web|[from] move: Rapid Spin|[of] p1a: Great Tusk\n|\n|-heal|p1a: Great Tusk|13\/100|[from] Grassy Terrain\n|-heal|p1a: Great Tusk|19\/100|[from] item: Leftovers\n|-heal|p2a: Rillaboom|58\/100 par|[from] Grassy Terrain\n|upkeep\n|turn|12\n|\n|t:|1700060424\n|-end|p1a: Great Tusk|Protosynthesis|[silent]\n|switch|p1a: Dragapult|Dragapult, M|100\/100\n|switch|p2a: Dondozo|Dondozo, M|100\/100\n|\n|upkeep\n|turn|13\n|\n|t:|1700060433\n|move|p1a: Dragapult|Thunderbolt|p2a: Dondozo\n|-supereffective|p2a: Dondozo\n|-damage|p2a: Dondozo|20\/100\n|move|p2a: Dondozo|Waterfall|p1a: Dragapult\n|-resisted|p1a: Dragapult\n|-damage|p1a: Dragapult|83\/100\n|\n|-heal|p1a: Dragapult|89\/100|[from] Grassy Terrain\n|-heal|p2a: Dondozo|26\/100|[from] Grassy Terrain\n|-heal|p2a: Dondozo|32\/100|[from] item: Leftovers\n|upkeep\n|turn|14\n|\n|t:|1700060444\n|move|p1a: Dragapult|Thunderbolt|p2a: Dondozo\n|-supereffective|p2a: Dondozo\n|-damage|p2a: Dondozo|0 fnt\n|faint|p2a: Dondozo\n|\n|-heal|p1a: Dragapult|95\/100|[from] Grassy Terrain\n|upkeep\n|\n|t:|1700060454\n|switch|p2a: Sneasler|Sneasler, F|100\/100\n|-enditem|p2a: Sneasler|Grassy Seed\n|-boost|p2a: Sneasler|def|1|[from] item: Grassy Seed\n|turn|15\n|\n|t:|1700060470\n|switch|p1a: Zapdos|Zapdos|22\/100\n|move|p2a: Sneasler|Swords Dance|p2a: Sneasler\n|-boost|p2a: Sneasler|atk|2\n|\n|-fieldend|move: Grassy Terrain\n|upkeep\n|turn|16\n|\n|t:|1700060480\n|move|p2a: Sneasler|Dire Claw|p1a: Zapdos\n|-damage|p1a: Zapdos|0 fnt\n|faint|p1a: Zapdos\n|\n|upkeep\n|\n|t:|1700060485\n|switch|p1a: Dragapult|Dragapult, M|95\/100\n|turn|17\n|\n|t:|1700060491\n|-terastallize|p2a: Sneasler|Flying\n|move|p2a: Sneasler|Acrobatics|p1a: Dragapult\n|-crit|p1a: Dragapult\n|-damage|p1a: Dragapult|0 fnt\n|faint|p1a: Dragapult\n|\n|upkeep\n|inactive|Rookie22 has 120 seconds left.\n|c|\u2606Rookie22|how can sneasler be faster than draga ?\n|inactive|Rookie22 has 90 seconds left.\n|\n|t:|1700060561\n|switch|p1a: Azumarill|Azumarill, M|100\/100\n|turn|18\n|\n|t:|1700060567\n|move|p1a: Azumarill|Aqua Jet|p2a: Sneasler\n|-damage|p2a: Sneasler|72\/100\n|move|p2a: Sneasler|Dire Claw|p1a: Azumarill\n|-supereffective|p1a: Azumarill\n|-damage|p1a: Azumarill|0 fnt\n|faint|p1a: Azumarill\n|\n|upkeep\n|\n|t:|1700060581\n|switch|p1a: Great Tusk|Great Tusk, tera:Steel|19\/100\n|turn|19\n|\n|t:|1700060585\n|move|p2a: Sneasler|Acrobatics|p1a: Great Tusk\n|-resisted|p1a: Great Tusk\n|-damage|p1a: Great Tusk|0 fnt\n|faint|p1a: Great Tusk\n|-end|p1a: Great Tusk|Protosynthesis|[silent]\n|\n|upkeep\n|inactive|Rookie22 has 90 seconds left.\n|inactive|Rookie22 has 60 seconds left.\n|\n|t:|1700060637\n|switch|p1a: Meowscarada|Meowscarada, F|100\/100\n|turn|20\n|\n|t:|1700060646\n|move|p2a: Sneasler|Acrobatics|p1a: Meowscarada\n|-supereffective|p1a: Meowscarada\n|-crit|p1a: Meowscarada\n|-damage|p1a: Meowscarada|0 fnt\n|faint|p1a: Meowscarada\n|\n|upkeep\n|\n|t:|1700060651\n|switch|p1a: Kingambit|Kingambit, F|88\/100 par\n|-activate|p1a: Kingambit|ability: Supreme Overlord\n|-start|p1a: Kingambit|fallen5|[silent]\n|turn|21\n|inactive|Rookie22 has 60 seconds left.\n|\n|t:|1700060658\n|cant|p1a: Kingambit|par\n|move|p2a: Sneasler|Close Combat|p1a: Kingambit\n|-supereffective|p1a: Kingambit\n|-crit|p1a: Kingambit\n|-damage|p1a: Kingambit|0 fnt\n|-unboost|p2a: Sneasler|def|1\n|-unboost|p2a: Sneasler|spd|1\n|faint|p1a: Kingambit\n|-end|p1a: Kingambit|fallen5|[silent]\n|\n|win|Genarf\n|raw|Rookie22's rating: 1351 &rarr; <strong>1327<\/strong><br \/>(-24 for losing)\n|raw|Genarf's rating: 1280 &rarr; <strong>1310<\/strong><br \/>(+30 for winning)\n|l|\u2606Rookie22\n","uploadtime":1700060684,"views":9,"p1id":"rookie22","p2id":"genarf","formatid":"gen9ou","rating":1310,"private":0,"password":""}