{"id":"gen9ou-1997592435","p1":"Diatere","p2":"Sallounet","format":"[Gen 9] OU","log":"|j|\u2606Diatere\n|j|\u2606Sallounet\n|t:|1700830256\n|gametype|singles\n|player|p1|Diatere|mina|1429\n|player|p2|Sallounet|acetrainer-gen4dp|1435\n|teamsize|p1|6\n|teamsize|p2|6\n|gen|9\n|tier|[Gen 9] OU\n|rated|\n|rule|Sleep Clause Mod: Limit one foe put to sleep\n|rule|Species Clause: Limit one of each Pok\u00e9mon\n|rule|OHKO Clause: OHKO moves are banned\n|rule|Evasion Items Clause: Evasion items are banned\n|rule|Evasion Moves Clause: Evasion moves are banned\n|rule|Endless Battle Clause: Forcing endless battles is banned\n|rule|HP Percentage Mod: HP is shown in percentages\n|clearpoke\n|poke|p1|Ninetales-Alola, M|\n|poke|p1|Hatterene, F|\n|poke|p1|Manaphy|\n|poke|p1|Ogerpon-Cornerstone, F|\n|poke|p1|Rillaboom, M|\n|poke|p1|Iron Valiant|\n|poke|p2|Glimmora, F|\n|poke|p2|Gholdengo|\n|poke|p2|Ogerpon-Wellspring, F|\n|poke|p2|Kingambit, M|\n|poke|p2|Iron Moth|\n|poke|p2|Enamorus, F|\n|teampreview\n|\n|t:|1700830274\n|start\n|switch|p1a: Tavros|Ninetales-Alola, M|100\/100\n|switch|p2a: Glimmora|Glimmora, F|100\/100\n|-weather|Snow|[from] ability: Snow Warning|[of] p1a: Tavros\n|turn|1\n|\n|t:|1700830299\n|move|p1a: Tavros|Aurora Veil|p1a: Tavros\n|-sidestart|p1: Diatere|move: Aurora Veil\n|move|p2a: Glimmora|Stealth Rock|p1a: Tavros\n|-sidestart|p1: Diatere|move: Stealth Rock\n|\n|-weather|Snow|[upkeep]\n|upkeep\n|turn|2\n|\n|t:|1700830304\n|move|p1a: Tavros|Encore|p2a: Glimmora\n|-start|p2a: Glimmora|Encore\n|move|p2a: Glimmora|Stealth Rock||[still]\n|-fail|p2a: Glimmora\n|\n|-weather|Snow|[upkeep]\n|upkeep\n|turn|3\n|\n|t:|1700830312\n|switch|p1a: Gamzee|Rillaboom, M|100\/100\n|-damage|p1a: Gamzee|88\/100|[from] Stealth Rock\n|-fieldstart|move: Grassy Terrain|[from] ability: Grassy Surge|[of] p1a: Gamzee\n|switch|p2a: Kingambit|Kingambit, M|100\/100\n|\n|-weather|Snow|[upkeep]\n|-heal|p1a: Gamzee|94\/100|[from] Grassy Terrain\n|upkeep\n|turn|4\n|\n|t:|1700830323\n|move|p1a: Gamzee|U-turn|p2a: Kingambit\n|-damage|p2a: Kingambit|74\/100\n|\n|t:|1700830332\n|switch|p1a: Kanaya|Hatterene, F|100\/100|[from] U-turn\n|-damage|p1a: Kanaya|88\/100|[from] Stealth Rock\n|-enditem|p1a: Kanaya|Grassy Seed\n|-boost|p1a: Kanaya|def|1|[from] item: Grassy Seed\n|move|p2a: Kingambit|Kowtow Cleave|p1a: Kanaya\n|-damage|p1a: Kanaya|73\/100\n|\n|-weather|Snow|[upkeep]\n|-heal|p2a: Kingambit|80\/100|[from] Grassy Terrain\n|-heal|p1a: Kanaya|79\/100|[from] Grassy Terrain\n|upkeep\n|turn|5\n|\n|t:|1700830355\n|-end|p2a: Kingambit|fallenundefined|[silent]\n|switch|p2a: Glimmora|Glimmora, F|100\/100\n|move|p1a: Kanaya|Calm Mind|p1a: Kanaya\n|-boost|p1a: Kanaya|spa|1\n|-boost|p1a: Kanaya|spd|1\n|\n|-weather|none\n|-heal|p1a: Kanaya|85\/100|[from] Grassy Terrain\n|upkeep\n|turn|6\n|\n|t:|1700830367\n|move|p2a: Glimmora|Mortal Spin|p1a: Kanaya\n|-supereffective|p1a: Kanaya\n|-damage|p1a: Kanaya|81\/100\n|-status|p1a: Kanaya|psn\n|move|p1a: Kanaya|Calm Mind|p1a: Kanaya\n|-boost|p1a: Kanaya|spa|1\n|-boost|p1a: Kanaya|spd|1\n|\n|-heal|p1a: Kanaya|87\/100 psn|[from] Grassy Terrain\n|-damage|p1a: Kanaya|75\/100 psn|[from] psn\n|upkeep\n|turn|7\n|\n|t:|1700830376\n|move|p2a: Glimmora|Mortal Spin|p1a: Kanaya\n|-supereffective|p1a: Kanaya\n|-damage|p1a: Kanaya|71\/100 psn\n|move|p1a: Kanaya|Draining Kiss|p2a: Glimmora\n|-resisted|p2a: Glimmora\n|-damage|p2a: Glimmora|72\/100\n|-heal|p1a: Kanaya|92\/100 psn|[from] drain|[of] p2a: Glimmora\n|\n|-heal|p2a: Glimmora|78\/100|[from] Grassy Terrain\n|-heal|p1a: Kanaya|98\/100 psn|[from] Grassy Terrain\n|-damage|p1a: Kanaya|86\/100 psn|[from] psn\n|-fieldend|move: Grassy Terrain\n|upkeep\n|turn|8\n|\n|t:|1700830387\n|move|p2a: Glimmora|Mortal Spin|p1a: Kanaya\n|-supereffective|p1a: Kanaya\n|-damage|p1a: Kanaya|82\/100 psn\n|move|p1a: Kanaya|Psyshock|p2a: Glimmora\n|-supereffective|p2a: Glimmora\n|-damage|p2a: Glimmora|0 fnt\n|faint|p2a: Glimmora\n|\n|-damage|p1a: Kanaya|70\/100 psn|[from] psn\n|-sideend|p1: Diatere|move: Aurora Veil\n|upkeep\n|\n|t:|1700830399\n|switch|p2a: Kingambit|Kingambit, M|80\/100\n|-activate|p2a: Kingambit|ability: Supreme Overlord\n|-start|p2a: Kingambit|fallen1|[silent]\n|turn|9\n|\n|t:|1700830421\n|move|p2a: Kingambit|Iron Head|p1a: Kanaya\n|-supereffective|p1a: Kanaya\n|-damage|p1a: Kanaya|6\/100 psn\n|cant|p1a: Kanaya|flinch\n|\n|-damage|p1a: Kanaya|0 fnt|[from] psn\n|faint|p1a: Kanaya\n|upkeep\n|c|\u2606Diatere|bruhhhhhh\n|\n|t:|1700830432\n|switch|p1a: Tavros|Ninetales-Alola, M|100\/100\n|-damage|p1a: Tavros|76\/100|[from] Stealth Rock\n|-weather|Snow|[from] ability: Snow Warning|[of] p1a: Tavros\n|turn|10\n|c|\u2606Sallounet|Just skill\n|\n|t:|1700830438\n|move|p1a: Tavros|Aurora Veil|p1a: Tavros\n|-sidestart|p1: Diatere|move: Aurora Veil\n|move|p2a: Kingambit|Iron Head|p1a: Tavros\n|-supereffective|p1a: Tavros\n|-damage|p1a: Tavros|0 fnt\n|faint|p1a: Tavros\n|\n|-weather|Snow|[upkeep]\n|upkeep\n|\n|t:|1700830467\n|switch|p1a: Vriska|Iron Valiant|100\/100\n|-damage|p1a: Vriska|94\/100|[from] Stealth Rock\n|-enditem|p1a: Vriska|Booster Energy\n|-activate|p1a: Vriska|ability: Quark Drive|[fromitem]\n|-start|p1a: Vriska|quarkdrivespe\n|turn|11\n|\n|t:|1700830476\n|move|p1a: Vriska|Close Combat|p2a: Kingambit\n|-supereffective|p2a: Kingambit\n|-damage|p2a: Kingambit|0 fnt\n|-unboost|p1a: Vriska|def|1\n|-unboost|p1a: Vriska|spd|1\n|faint|p2a: Kingambit\n|-end|p2a: Kingambit|fallen1|[silent]\n|\n|-weather|Snow|[upkeep]\n|upkeep\n|\n|t:|1700830484\n|switch|p2a: Enamorus|Enamorus, F|100\/100\n|turn|12\n|\n|t:|1700830488\n|move|p1a: Vriska|Thunderbolt|p2a: Enamorus\n|-supereffective|p2a: Enamorus\n|-damage|p2a: Enamorus|17\/100\n|-status|p2a: Enamorus|par\n|move|p2a: Enamorus|Moonblast|p1a: Vriska\n|-supereffective|p1a: Vriska\n|-damage|p1a: Vriska|0 fnt\n|faint|p1a: Vriska\n|-end|p1a: Vriska|Quark Drive|[silent]\n|\n|-weather|Snow|[upkeep]\n|upkeep\n|\n|t:|1700830496\n|switch|p1a: Gamzee|Rillaboom, M|94\/100\n|-damage|p1a: Gamzee|82\/100|[from] Stealth Rock\n|-fieldstart|move: Grassy Terrain|[from] ability: Grassy Surge|[of] p1a: Gamzee\n|turn|13\n|\n|t:|1700830501\n|move|p1a: Gamzee|U-turn|p2a: Enamorus\n|-resisted|p2a: Enamorus\n|-damage|p2a: Enamorus|2\/100 par\n|\n|t:|1700830504\n|switch|p1a: Karkat|Manaphy|100\/100|[from] U-turn\n|-damage|p1a: Karkat|88\/100|[from] Stealth Rock\n|move|p2a: Enamorus|Moonblast|p1a: Karkat\n|-damage|p1a: Karkat|65\/100\n|\n|-weather|Snow|[upkeep]\n|-heal|p1a: Karkat|71\/100|[from] Grassy Terrain\n|-heal|p1a: Karkat|77\/100|[from] item: Leftovers\n|upkeep\n|turn|14\n|\n|t:|1700830546\n|switch|p2a: Ogerpon|Ogerpon-Wellspring, F|100\/100\n|-terastallize|p1a: Karkat|Poison\n|move|p1a: Karkat|Take Heart|p1a: Karkat\n|-boost|p1a: Karkat|spa|1\n|-boost|p1a: Karkat|spd|1\n|\n|-weather|none\n|-heal|p1a: Karkat|83\/100|[from] Grassy Terrain\n|-heal|p1a: Karkat|90\/100|[from] item: Leftovers\n|upkeep\n|turn|15\n|\n|t:|1700830555\n|move|p2a: Ogerpon|Encore|p1a: Karkat\n|-start|p1a: Karkat|Encore\n|move|p1a: Karkat|Take Heart|p1a: Karkat\n|-boost|p1a: Karkat|spa|1\n|-boost|p1a: Karkat|spd|1\n|\n|-heal|p1a: Karkat|96\/100|[from] Grassy Terrain\n|-heal|p1a: Karkat|100\/100|[from] item: Leftovers\n|upkeep\n|turn|16\n|\n|t:|1700830563\n|switch|p1a: Gamzee|Rillaboom, M|82\/100\n|-damage|p1a: Gamzee|70\/100|[from] Stealth Rock\n|move|p2a: Ogerpon|Swords Dance|p2a: Ogerpon\n|-boost|p2a: Ogerpon|atk|2\n|\n|-heal|p1a: Gamzee|76\/100|[from] Grassy Terrain\n|upkeep\n|turn|17\n|\n|t:|1700830570\n|move|p2a: Ogerpon|Ivy Cudgel|p1a: Gamzee|[anim] Ivy Cudgel Water\n|-resisted|p1a: Gamzee\n|-damage|p1a: Gamzee|46\/100\n|move|p1a: Gamzee|U-turn|p2a: Ogerpon\n|-supereffective|p2a: Ogerpon\n|-damage|p2a: Ogerpon|7\/100\n|\n|t:|1700830577\n|switch|p1a: Terezi|Ogerpon-Cornerstone, F|100\/100|[from] U-turn\n|-damage|p1a: Terezi|88\/100|[from] Stealth Rock\n|\n|-heal|p1a: Terezi|94\/100|[from] Grassy Terrain\n|-heal|p2a: Ogerpon|13\/100|[from] Grassy Terrain\n|-sideend|p1: Diatere|move: Aurora Veil\n|-fieldend|move: Grassy Terrain\n|upkeep\n|turn|18\n|\n|t:|1700830585\n|move|p1a: Terezi|Ivy Cudgel|p2a: Ogerpon|[anim] Ivy Cudgel Rock\n|-damage|p2a: Ogerpon|0 fnt\n|faint|p2a: Ogerpon\n|\n|upkeep\n|c|\u2606Diatere|i believe in you speed tie\n|c|\u2606Sallounet|wp boi\n|c|\u2606Sallounet|you're skilled\n|c|\u2606Diatere|always comes in clutch except for the 50% of the time it doesn't\n|\n|t:|1700830607\n|switch|p2a: Gholdengo|Gholdengo|100\/100\n|-item|p2a: Gholdengo|Air Balloon\n|turn|19\n|\n|t:|1700830614\n|move|p1a: Terezi|Ivy Cudgel|p2a: Gholdengo|[anim] Ivy Cudgel Rock\n|-resisted|p2a: Gholdengo\n|-damage|p2a: Gholdengo|67\/100\n|-enditem|p2a: Gholdengo|Air Balloon\n|move|p2a: Gholdengo|Make It Rain|p1a: Terezi\n|-supereffective|p1a: Terezi\n|-damage|p1a: Terezi|0 fnt\n|-unboost|p2a: Gholdengo|spa|1\n|faint|p1a: Terezi\n|\n|upkeep\n|\n|t:|1700830617\n|switch|p1a: Gamzee|Rillaboom, M|46\/100\n|-damage|p1a: Gamzee|34\/100|[from] Stealth Rock\n|-fieldstart|move: Grassy Terrain|[from] ability: Grassy Surge|[of] p1a: Gamzee\n|turn|20\n|\n|t:|1700830630\n|move|p1a: Gamzee|Knock Off|p2a: Gholdengo\n|-supereffective|p2a: Gholdengo\n|-damage|p2a: Gholdengo|0 fnt\n|faint|p2a: Gholdengo\n|\n|-heal|p1a: Gamzee|40\/100|[from] Grassy Terrain\n|upkeep\n|\n|t:|1700830636\n|switch|p2a: Iron Moth|Iron Moth|100\/100\n|-enditem|p2a: Iron Moth|Booster Energy\n|-activate|p2a: Iron Moth|ability: Quark Drive|[fromitem]\n|-start|p2a: Iron Moth|quarkdrivespe\n|turn|21\n|\n|t:|1700830641\n|move|p2a: Iron Moth|Substitute|p2a: Iron Moth\n|-start|p2a: Iron Moth|Substitute\n|-damage|p2a: Iron Moth|76\/100\n|move|p1a: Gamzee|Knock Off|p2a: Iron Moth\n|-end|p2a: Iron Moth|Substitute\n|\n|-heal|p2a: Iron Moth|82\/100|[from] Grassy Terrain\n|-heal|p1a: Gamzee|46\/100|[from] Grassy Terrain\n|upkeep\n|turn|22\n|\n|t:|1700830649\n|move|p2a: Iron Moth|Fiery Dance|p1a: Gamzee\n|-supereffective|p1a: Gamzee\n|-damage|p1a: Gamzee|0 fnt\n|-boost|p2a: Iron Moth|spa|1\n|faint|p1a: Gamzee\n|\n|-heal|p2a: Iron Moth|88\/100|[from] Grassy Terrain\n|upkeep\n|\n|t:|1700830653\n|switch|p1a: Karkat|Manaphy, tera:Poison|100\/100\n|-damage|p1a: Karkat|88\/100|[from] Stealth Rock\n|turn|23\n|\n|t:|1700830660\n|-terastallize|p2a: Iron Moth|Ground\n|move|p2a: Iron Moth|Tera Blast|p1a: Karkat|[anim] Tera Blast Ground\n|-supereffective|p1a: Karkat\n|-damage|p1a: Karkat|0 fnt\n|faint|p1a: Karkat\n|\n|win|Sallounet\n|raw|Diatere's rating: 1429 &rarr; <strong>1409<\/strong><br \/>(-20 for losing)\n|raw|Sallounet's rating: 1435 &rarr; <strong>1455<\/strong><br \/>(+20 for winning)\n|c|\u2606Diatere|gg\n","uploadtime":1700830667,"views":2,"p1id":"diatere","p2id":"sallounet","formatid":"gen9ou","rating":1409,"private":0,"password":""}