{"id":"gen9ou-1994927311","p1":"Pikoow","p2":"FleetFoxxx","format":"[Gen 9] OU","log":"|j|\u2606Pikoow\n|j|\u2606FleetFoxxx\n|t:|1700505387\n|gametype|singles\n|player|p1|Pikoow|aaron|1565\n|player|p2|FleetFoxxx|101|1698\n|teamsize|p1|6\n|teamsize|p2|6\n|gen|9\n|tier|[Gen 9] OU\n|rated|\n|rule|Sleep Clause Mod: Limit one foe put to sleep\n|rule|Species Clause: Limit one of each Pok\u00e9mon\n|rule|OHKO Clause: OHKO moves are banned\n|rule|Evasion Items Clause: Evasion items are banned\n|rule|Evasion Moves Clause: Evasion moves are banned\n|rule|Endless Battle Clause: Forcing endless battles is banned\n|rule|HP Percentage Mod: HP is shown in percentages\n|clearpoke\n|poke|p1|Weavile, F|\n|poke|p1|Great Tusk|\n|poke|p1|Slowking-Galar, M|\n|poke|p1|Ogerpon-Wellspring, F|\n|poke|p1|Enamorus, F|\n|poke|p1|Gholdengo|\n|poke|p2|Rillaboom, F|\n|poke|p2|Iron Moth|\n|poke|p2|Zamazenta-*|\n|poke|p2|Ting-Lu|\n|poke|p2|Hatterene, F|\n|poke|p2|Manaphy|\n|teampreview\n|inactive|Battle timer is ON: inactive players will automatically lose when time's up. (requested by Pikoow)\n|j| outdated ahh team\n|\n|t:|1700505407\n|start\n|switch|p1a: Weavile|Weavile, F|100\/100\n|switch|p2a: Manaphy|Manaphy|100\/100\n|-ability|p1a: Weavile|Pressure\n|turn|1\n|\n|t:|1700505412\n|move|p1a: Weavile|Knock Off|p2a: Manaphy\n|-damage|p2a: Manaphy|61\/100\n|-enditem|p2a: Manaphy|Sitrus Berry|[from] move: Knock Off|[of] p1a: Weavile\n|move|p2a: Manaphy|Tail Glow|p2a: Manaphy\n|-boost|p2a: Manaphy|spa|3\n|\n|upkeep\n|turn|2\n|j| Tlub\n|\n|t:|1700505419\n|switch|p1a: Slowking|Slowking-Galar, M|100\/100\n|move|p2a: Manaphy|Surf|p1a: Slowking\n|-damage|p1a: Slowking|58\/100\n|\n|upkeep\n|turn|3\n|\n|t:|1700505426\n|move|p2a: Manaphy|Surf|p1a: Slowking\n|-damage|p1a: Slowking|11\/100\n|move|p1a: Slowking|Future Sight|p2a: Manaphy\n|-start|p1a: Slowking|move: Future Sight\n|\n|upkeep\n|turn|4\n|\n|t:|1700505431\n|switch|p1a: Ogerpon|Ogerpon-Wellspring, F|100\/100\n|move|p2a: Manaphy|Ice Beam|p1a: Ogerpon\n|-damage|p1a: Ogerpon|43\/100\n|\n|upkeep\n|turn|5\n|\n|t:|1700505435\n|move|p1a: Ogerpon|Power Whip|p2a: Manaphy\n|-supereffective|p2a: Manaphy\n|-damage|p2a: Manaphy|0 fnt\n|faint|p2a: Manaphy\n|\n|-hint|Future Sight did not hit because the target is fainted.\n|upkeep\n|\n|t:|1700505442\n|switch|p2a: Iron Moth|Iron Moth|100\/100\n|-enditem|p2a: Iron Moth|Booster Energy\n|-activate|p2a: Iron Moth|ability: Quark Drive|[fromitem]\n|-start|p2a: Iron Moth|quarkdrivespe\n|turn|6\n|\n|t:|1700505451\n|-terastallize|p1a: Ogerpon|Water\n|detailschange|p1a: Ogerpon|Ogerpon-Wellspring-Tera, F, tera:Water\n|-ability|p1a: Ogerpon|Embody Aspect (Wellspring)|boost\n|-boost|p1a: Ogerpon|spd|1\n|move|p2a: Iron Moth|Sludge Wave|p1a: Ogerpon\n|-damage|p1a: Ogerpon|3\/100\n|move|p1a: Ogerpon|Ivy Cudgel|p2a: Iron Moth|[anim] Ivy Cudgel Water\n|-supereffective|p2a: Iron Moth\n|-damage|p2a: Iron Moth|0 fnt\n|faint|p2a: Iron Moth\n|-end|p2a: Iron Moth|Quark Drive|[silent]\n|\n|upkeep\n|\n|t:|1700505454\n|switch|p2a: Rillaboom|Rillaboom, F|100\/100\n|-fieldstart|move: Grassy Terrain|[from] ability: Grassy Surge|[of] p2a: Rillaboom\n|turn|7\n|\n|t:|1700505458\n|switch|p1a: Gholdengo|Gholdengo|100\/100\n|-item|p1a: Gholdengo|Air Balloon\n|move|p2a: Rillaboom|Grassy Glide|p1a: Gholdengo\n|-resisted|p1a: Gholdengo\n|-damage|p1a: Gholdengo|79\/100\n|-enditem|p1a: Gholdengo|Air Balloon\n|\n|-heal|p1a: Gholdengo|85\/100|[from] Grassy Terrain\n|upkeep\n|turn|8\n|\n|t:|1700505462\n|switch|p2a: Ting-Lu|Ting-Lu|100\/100\n|-ability|p2a: Ting-Lu|Vessel of Ruin\n|move|p1a: Gholdengo|Make It Rain|p2a: Ting-Lu\n|-damage|p2a: Ting-Lu|80\/100\n|-unboost|p1a: Gholdengo|spa|1\n|\n|-heal|p1a: Gholdengo|91\/100|[from] Grassy Terrain\n|-heal|p2a: Ting-Lu|87\/100|[from] Grassy Terrain\n|-heal|p2a: Ting-Lu|93\/100|[from] item: Leftovers\n|upkeep\n|turn|9\n|\n|t:|1700505468\n|switch|p1a: Enamorus|Enamorus, F|100\/100\n|move|p2a: Ting-Lu|Ruination|p1a: Enamorus\n|-damage|p1a: Enamorus|51\/100\n|\n|-heal|p2a: Ting-Lu|99\/100|[from] Grassy Terrain\n|-heal|p2a: Ting-Lu|100\/100|[from] item: Leftovers\n|upkeep\n|turn|10\n|\n|t:|1700505471\n|move|p1a: Enamorus|Moonblast|p2a: Ting-Lu\n|-supereffective|p2a: Ting-Lu\n|-damage|p2a: Ting-Lu|58\/100\n|-unboost|p2a: Ting-Lu|spa|1\n|move|p2a: Ting-Lu|Whirlwind|p1a: Enamorus\n|drag|p1a: Slowking|Slowking-Galar, M|44\/100\n|\n|-heal|p2a: Ting-Lu|65\/100|[from] Grassy Terrain\n|-heal|p2a: Ting-Lu|71\/100|[from] item: Leftovers\n|-heal|p1a: Slowking|50\/100|[from] Grassy Terrain\n|upkeep\n|turn|11\n|\n|t:|1700505478\n|move|p2a: Ting-Lu|Spikes|p1a: Slowking\n|-sidestart|p1: Pikoow|Spikes\n|move|p1a: Slowking|Chilly Reception|p1a: Slowking\n|-weather|Snow\n|\n|t:|1700505480\n|switch|p1a: Great Tusk|Great Tusk|100\/100|[from] Chilly Reception\n|-damage|p1a: Great Tusk|88\/100|[from] Spikes\n|\n|-weather|Snow|[upkeep]\n|-heal|p1a: Great Tusk|94\/100|[from] Grassy Terrain\n|-heal|p1a: Great Tusk|100\/100|[from] item: Leftovers\n|-heal|p2a: Ting-Lu|77\/100|[from] Grassy Terrain\n|-heal|p2a: Ting-Lu|83\/100|[from] item: Leftovers\n|-fieldend|move: Grassy Terrain\n|upkeep\n|turn|12\n|\n|t:|1700505486\n|move|p1a: Great Tusk|Stealth Rock|p2a: Ting-Lu\n|-sidestart|p2: FleetFoxxx|move: Stealth Rock\n|move|p2a: Ting-Lu|Ruination|p1a: Great Tusk\n|-damage|p1a: Great Tusk|50\/100\n|\n|-weather|Snow|[upkeep]\n|-heal|p1a: Great Tusk|57\/100|[from] item: Leftovers\n|-heal|p2a: Ting-Lu|90\/100|[from] item: Leftovers\n|upkeep\n|turn|13\n|\n|t:|1700505492\n|switch|p2a: Hatterene|Hatterene, F|100\/100\n|-damage|p2a: Hatterene|88\/100|[from] Stealth Rock\n|move|p1a: Great Tusk|Rapid Spin|p2a: Hatterene\n|-crit|p2a: Hatterene\n|-damage|p2a: Hatterene|69\/100\n|-boost|p1a: Great Tusk|spe|1\n|-sideend|p1: Pikoow|Spikes|[from] move: Rapid Spin|[of] p1a: Great Tusk\n|\n|-weather|Snow|[upkeep]\n|-heal|p1a: Great Tusk|63\/100|[from] item: Leftovers\n|upkeep\n|turn|14\n|\n|t:|1700505500\n|-end|p1a: Great Tusk|Protosynthesis|[silent]\n|switch|p1a: Slowking|Slowking-Galar, M|83\/100\n|move|p2a: Hatterene|Draining Kiss|p1a: Slowking\n|-resisted|p1a: Slowking\n|-damage|p1a: Slowking|77\/100\n|-heal|p2a: Hatterene|76\/100|[from] drain|[of] p1a: Slowking\n|\n|-weather|Snow|[upkeep]\n|upkeep\n|turn|15\n|\n|t:|1700505503\n|move|p2a: Hatterene|Calm Mind|p2a: Hatterene\n|-boost|p2a: Hatterene|spa|1\n|-boost|p2a: Hatterene|spd|1\n|move|p1a: Slowking|Sludge Bomb|p2a: Hatterene\n|-supereffective|p2a: Hatterene\n|-damage|p2a: Hatterene|32\/100\n|\n|-weather|none\n|upkeep\n|turn|16\n|\n|t:|1700505507\n|move|p2a: Hatterene|Psyshock|p1a: Slowking\n|-damage|p1a: Slowking|25\/100\n|move|p1a: Slowking|Sludge Bomb|p2a: Hatterene\n|-supereffective|p2a: Hatterene\n|-damage|p2a: Hatterene|0 fnt\n|faint|p2a: Hatterene\n|\n|upkeep\n|\n|t:|1700505509\n|switch|p2a: Ting-Lu|Ting-Lu|90\/100\n|-damage|p2a: Ting-Lu|83\/100|[from] Stealth Rock\n|-ability|p2a: Ting-Lu|Vessel of Ruin\n|turn|17\n|\n|t:|1700505516\n|switch|p1a: Enamorus|Enamorus, F|51\/100\n|move|p2a: Ting-Lu|Spikes|p1a: Enamorus\n|-sidestart|p1: Pikoow|Spikes\n|\n|-heal|p2a: Ting-Lu|90\/100|[from] item: Leftovers\n|upkeep\n|turn|18\n|\n|t:|1700505523\n|move|p1a: Enamorus|Moonblast|p2a: Ting-Lu\n|-supereffective|p2a: Ting-Lu\n|-damage|p2a: Ting-Lu|44\/100\n|-unboost|p2a: Ting-Lu|spa|1\n|move|p2a: Ting-Lu|Spikes|p1a: Enamorus\n|-sidestart|p1: Pikoow|Spikes\n|\n|-heal|p2a: Ting-Lu|50\/100|[from] item: Leftovers\n|upkeep\n|turn|19\n|\n|t:|1700505527\n|move|p1a: Enamorus|Moonblast|p2a: Ting-Lu\n|-supereffective|p2a: Ting-Lu\n|-damage|p2a: Ting-Lu|4\/100\n|move|p2a: Ting-Lu|Spikes|p1a: Enamorus\n|-sidestart|p1: Pikoow|Spikes\n|\n|-heal|p2a: Ting-Lu|11\/100|[from] item: Leftovers\n|upkeep\n|turn|20\n|\n|t:|1700505530\n|move|p1a: Enamorus|Moonblast|p2a: Ting-Lu\n|-supereffective|p2a: Ting-Lu\n|-damage|p2a: Ting-Lu|0 fnt\n|faint|p2a: Ting-Lu\n|\n|upkeep\n|\n|t:|1700505532\n|switch|p2a: Zamazenta|Zamazenta|100\/100\n|-damage|p2a: Zamazenta|94\/100|[from] Stealth Rock\n|-ability|p2a: Zamazenta|Dauntless Shield|boost\n|-boost|p2a: Zamazenta|def|1\n|turn|21\n|\n|t:|1700505540\n|-terastallize|p2a: Zamazenta|Steel\n|move|p1a: Enamorus|Moonblast|p2a: Zamazenta\n|-resisted|p2a: Zamazenta\n|-damage|p2a: Zamazenta|72\/100\n|move|p2a: Zamazenta|Iron Defense|p2a: Zamazenta\n|-boost|p2a: Zamazenta|def|2\n|\n|-heal|p2a: Zamazenta|78\/100|[from] item: Leftovers\n|upkeep\n|turn|22\n|\n|t:|1700505544\n|move|p1a: Enamorus|Moonblast|p2a: Zamazenta\n|-resisted|p2a: Zamazenta\n|-damage|p2a: Zamazenta|55\/100\n|move|p2a: Zamazenta|Body Press|p1a: Enamorus\n|-resisted|p1a: Enamorus\n|-damage|p1a: Enamorus|13\/100\n|\n|-heal|p2a: Zamazenta|62\/100|[from] item: Leftovers\n|upkeep\n|turn|23\n|l| Tlub\n|\n|t:|1700505550\n|move|p1a: Enamorus|Moonblast|p2a: Zamazenta\n|-resisted|p2a: Zamazenta\n|-damage|p2a: Zamazenta|39\/100\n|-unboost|p2a: Zamazenta|spa|1\n|move|p2a: Zamazenta|Body Press|p1a: Enamorus\n|-resisted|p1a: Enamorus\n|-damage|p1a: Enamorus|0 fnt\n|faint|p1a: Enamorus\n|\n|-heal|p2a: Zamazenta|45\/100|[from] item: Leftovers\n|upkeep\n|\n|t:|1700505555\n|switch|p1a: Gholdengo|Gholdengo|91\/100\n|-damage|p1a: Gholdengo|67\/100|[from] Spikes\n|turn|24\n|\n|t:|1700505559\n|move|p2a: Zamazenta|Crunch|p1a: Gholdengo\n|-supereffective|p1a: Gholdengo\n|-damage|p1a: Gholdengo|36\/100\n|move|p1a: Gholdengo|Shadow Ball|p2a: Zamazenta\n|-damage|p2a: Zamazenta|16\/100\n|\n|-heal|p2a: Zamazenta|22\/100|[from] item: Leftovers\n|upkeep\n|turn|25\n|\n|t:|1700505565\n|move|p2a: Zamazenta|Crunch|p1a: Gholdengo\n|-supereffective|p1a: Gholdengo\n|-damage|p1a: Gholdengo|8\/100\n|move|p1a: Gholdengo|Shadow Ball|p2a: Zamazenta\n|-damage|p2a: Zamazenta|0 fnt\n|faint|p2a: Zamazenta\n|\n|upkeep\n|\n|t:|1700505568\n|switch|p2a: Rillaboom|Rillaboom, F|100\/100\n|-damage|p2a: Rillaboom|88\/100|[from] Stealth Rock\n|-fieldstart|move: Grassy Terrain|[from] ability: Grassy Surge|[of] p2a: Rillaboom\n|turn|26\n|\n|t:|1700505574\n|move|p2a: Rillaboom|Knock Off|p1a: Gholdengo\n|-supereffective|p1a: Gholdengo\n|-damage|p1a: Gholdengo|0 fnt\n|faint|p1a: Gholdengo\n|\n|-heal|p2a: Rillaboom|94\/100|[from] Grassy Terrain\n|upkeep\n|-message|FleetFoxxx forfeited.\n|\n|win|Pikoow\n|raw|Pikoow's rating: 1565 &rarr; <strong>1593<\/strong><br \/>(+28 for winning)\n|raw|FleetFoxxx's rating: 1710 &rarr; <strong>1682<\/strong><br \/>(-28 for losing)\n|l|\u2606FleetFoxxx\n|l|\u2606Pikoow\n","uploadtime":1700505736,"views":6,"p1id":"pikoow","p2id":"fleetfoxxx","formatid":"gen9ou","rating":1593,"private":0,"password":""}