{"id":"gen9ou-1991975464","p1":"wyverbal","p2":"Vladimir47","format":"[Gen 9] OU","log":"|j|\u2606wyverbal\n|j|\u2606Vladimir47\n|t:|1700144253\n|gametype|singles\n|player|p1|wyverbal|101|1106\n|player|p2|Vladimir47|pokekid|1174\n|teamsize|p1|6\n|teamsize|p2|6\n|gen|9\n|tier|[Gen 9] OU\n|rated|\n|rule|Sleep Clause Mod: Limit one foe put to sleep\n|rule|Species Clause: Limit one of each Pok\u00e9mon\n|rule|OHKO Clause: OHKO moves are banned\n|rule|Evasion Items Clause: Evasion items are banned\n|rule|Evasion Moves Clause: Evasion moves are banned\n|rule|Endless Battle Clause: Forcing endless battles is banned\n|rule|HP Percentage Mod: HP is shown in percentages\n|clearpoke\n|poke|p1|Dipplin, M|\n|poke|p1|Enamorus-Therian, F|\n|poke|p1|Glimmora, F|\n|poke|p1|Alomomola, M|\n|poke|p1|Hoopa-Unbound|\n|poke|p1|Kommo-o, M|\n|poke|p2|Morpeko, M|\n|poke|p2|Iron Moth|\n|poke|p2|Ninetales-Alola, M|\n|poke|p2|Ceruledge, M|\n|poke|p2|Kommo-o, M|\n|poke|p2|Great Tusk|\n|teampreview\n|inactive|Battle timer is ON: inactive players will automatically lose when time's up. (requested by wyverbal)\n|\n|t:|1700144270\n|start\n|switch|p1a: Enamorus|Enamorus-Therian, F, shiny|100\/100\n|switch|p2a: Kommo-o|Kommo-o, M|100\/100\n|turn|1\n|\n|t:|1700144276\n|-terastallize|p2a: Kommo-o|Steel\n|move|p2a: Kommo-o|Clangorous Soul|p2a: Kommo-o\n|-boost|p2a: Kommo-o|atk|1\n|-boost|p2a: Kommo-o|def|1\n|-boost|p2a: Kommo-o|spa|1\n|-boost|p2a: Kommo-o|spd|1\n|-boost|p2a: Kommo-o|spe|1\n|-damage|p2a: Kommo-o|68\/100\n|-enditem|p2a: Kommo-o|Throat Spray\n|-boost|p2a: Kommo-o|spa|1|[from] item: Throat Spray\n|move|p1a: Enamorus|Agility|p1a: Enamorus\n|-boost|p1a: Enamorus|spe|2\n|\n|upkeep\n|turn|2\n|\n|t:|1700144299\n|-terastallize|p1a: Enamorus|Ground\n|move|p2a: Kommo-o|Boomburst|p1a: Enamorus\n|-damage|p1a: Enamorus|13\/100\n|move|p1a: Enamorus|Earth Power|p2a: Kommo-o\n|-supereffective|p2a: Kommo-o\n|-damage|p2a: Kommo-o|0 fnt\n|faint|p2a: Kommo-o\n|\n|upkeep\n|\n|t:|1700144314\n|switch|p2a: Ceruledge|Ceruledge, M|100\/100\n|turn|3\n|\n|t:|1700144324\n|move|p1a: Enamorus|Earth Power|p2a: Ceruledge\n|-supereffective|p2a: Ceruledge\n|-enditem|p2a: Ceruledge|Focus Sash\n|-damage|p2a: Ceruledge|1\/100\n|move|p2a: Ceruledge|Swords Dance|p2a: Ceruledge\n|-boost|p2a: Ceruledge|atk|2\n|\n|upkeep\n|turn|4\n|\n|t:|1700144335\n|move|p2a: Ceruledge|Shadow Sneak|p1a: Enamorus\n|-damage|p1a: Enamorus|0 fnt\n|faint|p1a: Enamorus\n|\n|upkeep\n|\n|t:|1700144339\n|switch|p1a: Glimmora|Glimmora, F, shiny|100\/100\n|-item|p1a: Glimmora|Air Balloon\n|turn|5\n|\n|t:|1700144357\n|switch|p2a: Great Tusk|Great Tusk|100\/100\n|move|p1a: Glimmora|Spiky Shield||[still]\n|-fail|p1a: Glimmora\n|\n|upkeep\n|turn|6\n|\n|t:|1700144368\n|switch|p1a: Alomomola|Alomomola, M|100\/100\n|move|p2a: Great Tusk|Stealth Rock|p1a: Alomomola\n|-sidestart|p1: wyverbal|move: Stealth Rock\n|\n|upkeep\n|turn|7\n|\n|t:|1700144375\n|-end|p2a: Great Tusk|Protosynthesis|[silent]\n|switch|p2a: Ninetales|Ninetales-Alola, M|100\/100\n|-weather|Snow|[from] ability: Snow Warning|[of] p2a: Ninetales\n|move|p1a: Alomomola|Scald|p2a: Ninetales\n|-damage|p2a: Ninetales|87\/100\n|\n|-weather|Snow|[upkeep]\n|upkeep\n|turn|8\n|\n|t:|1700144389\n|move|p2a: Ninetales|Aurora Veil|p2a: Ninetales\n|-sidestart|p2: Vladimir47|move: Aurora Veil\n|move|p1a: Alomomola|Flip Turn|p2a: Ninetales\n|-damage|p2a: Ninetales|81\/100\n|\n|t:|1700144398\n|switch|p1a: Glimmora|Glimmora, F, shiny|100\/100|[from] Flip Turn\n|-damage|p1a: Glimmora|88\/100|[from] Stealth Rock\n|-item|p1a: Glimmora|Air Balloon\n|\n|-weather|Snow|[upkeep]\n|upkeep\n|turn|9\n|\n|t:|1700144408\n|switch|p2a: Great Tusk|Great Tusk|100\/100\n|move|p1a: Glimmora|Power Gem|p2a: Great Tusk\n|-resisted|p2a: Great Tusk\n|-damage|p2a: Great Tusk|94\/100\n|\n|-weather|Snow|[upkeep]\n|upkeep\n|turn|10\n|\n|t:|1700144418\n|move|p2a: Great Tusk|Headlong Rush|p1a: Glimmora\n|-immune|p1a: Glimmora\n|move|p1a: Glimmora|Toxic|p2a: Great Tusk\n|-status|p2a: Great Tusk|tox\n|\n|-weather|Snow|[upkeep]\n|-damage|p2a: Great Tusk|88\/100 tox|[from] psn\n|upkeep\n|turn|11\n|\n|t:|1700144426\n|move|p1a: Glimmora|Spiky Shield|p1a: Glimmora\n|-singleturn|p1a: Glimmora|move: Protect\n|move|p2a: Great Tusk|Rapid Spin|p1a: Glimmora\n|-activate|p1a: Glimmora|move: Protect\n|-damage|p2a: Great Tusk|76\/100 tox|[from] Spiky Shield|[of] p1a: Glimmora\n|\n|-weather|none\n|-damage|p2a: Great Tusk|63\/100 tox|[from] psn\n|upkeep\n|turn|12\n|\n|t:|1700144435\n|switch|p1a: Alomomola|Alomomola, M|100\/100\n|-damage|p1a: Alomomola|88\/100|[from] Stealth Rock\n|move|p2a: Great Tusk|Rapid Spin|p1a: Alomomola\n|-damage|p1a: Alomomola|79\/100\n|-boost|p2a: Great Tusk|spe|1\n|\n|-damage|p2a: Great Tusk|45\/100 tox|[from] psn\n|upkeep\n|turn|13\n|\n|t:|1700144450\n|move|p2a: Great Tusk|Headlong Rush|p1a: Alomomola\n|-damage|p1a: Alomomola|42\/100\n|-unboost|p2a: Great Tusk|def|1\n|-unboost|p2a: Great Tusk|spd|1\n|move|p1a: Alomomola|Flip Turn|p2a: Great Tusk\n|-supereffective|p2a: Great Tusk\n|-damage|p2a: Great Tusk|29\/100 tox\n|\n|t:|1700144470\n|switch|p1a: Glimmora|Glimmora, F, shiny|88\/100|[from] Flip Turn\n|-damage|p1a: Glimmora|76\/100|[from] Stealth Rock\n|-item|p1a: Glimmora|Air Balloon\n|\n|-damage|p2a: Great Tusk|4\/100 tox|[from] psn\n|upkeep\n|turn|14\n|\n|t:|1700144481\n|move|p1a: Glimmora|Spiky Shield|p1a: Glimmora\n|-singleturn|p1a: Glimmora|move: Protect\n|move|p2a: Great Tusk|Headlong Rush|p1a: Glimmora\n|-activate|p1a: Glimmora|move: Protect\n|-damage|p2a: Great Tusk|0 fnt|[from] Spiky Shield|[of] p1a: Glimmora\n|faint|p2a: Great Tusk\n|-end|p2a: Great Tusk|Protosynthesis|[silent]\n|\n|upkeep\n|\n|t:|1700144499\n|switch|p2a: Iron Moth|Iron Moth|100\/100\n|-enditem|p2a: Iron Moth|Booster Energy\n|-activate|p2a: Iron Moth|ability: Quark Drive|[fromitem]\n|-start|p2a: Iron Moth|quarkdrivespe\n|turn|15\n|\n|t:|1700144517\n|move|p2a: Iron Moth|Fiery Dance|p1a: Glimmora\n|-resisted|p1a: Glimmora\n|-damage|p1a: Glimmora|54\/100\n|-enditem|p1a: Glimmora|Air Balloon\n|move|p1a: Glimmora|Earth Power|p2a: Iron Moth\n|-supereffective|p2a: Iron Moth\n|-damage|p2a: Iron Moth|44\/100\n|\n|-sideend|p2: Vladimir47|move: Aurora Veil\n|upkeep\n|turn|16\n|\n|t:|1700144526\n|move|p2a: Iron Moth|Energy Ball|p1a: Glimmora\n|-damage|p1a: Glimmora|20\/100\n|move|p1a: Glimmora|Power Gem|p2a: Iron Moth\n|-supereffective|p2a: Iron Moth\n|-damage|p2a: Iron Moth|0 fnt\n|faint|p2a: Iron Moth\n|-end|p2a: Iron Moth|Quark Drive|[silent]\n|\n|upkeep\n|\n|t:|1700144534\n|switch|p2a: Ninetales|Ninetales-Alola, M|81\/100\n|-weather|Snow|[from] ability: Snow Warning|[of] p2a: Ninetales\n|turn|17\n|\n|t:|1700144540\n|move|p2a: Ninetales|Blizzard|p1a: Glimmora\n|-damage|p1a: Glimmora|0 fnt\n|faint|p1a: Glimmora\n|\n|-weather|Snow|[upkeep]\n|upkeep\n|inactive|wyverbal has 120 seconds left.\n|\n|t:|1700144585\n|switch|p1a: Hoopa|Hoopa-Unbound|100\/100\n|-damage|p1a: Hoopa|88\/100|[from] Stealth Rock\n|turn|18\n|\n|t:|1700144604\n|move|p2a: Ninetales|Aurora Veil|p2a: Ninetales\n|-sidestart|p2: Vladimir47|move: Aurora Veil\n|move|p1a: Hoopa|Psychic|p2a: Ninetales\n|-damage|p2a: Ninetales|58\/100\n|\n|-weather|Snow|[upkeep]\n|upkeep\n|turn|19\n|\n|t:|1700144611\n|move|p2a: Ninetales|Moonblast|p1a: Hoopa\n|-supereffective|p1a: Hoopa\n|-damage|p1a: Hoopa|68\/100\n|move|p1a: Hoopa|Knock Off|p2a: Ninetales\n|-resisted|p2a: Ninetales\n|-damage|p2a: Ninetales|47\/100\n|-enditem|p2a: Ninetales|Light Clay|[from] move: Knock Off|[of] p1a: Hoopa\n|\n|-weather|Snow|[upkeep]\n|upkeep\n|turn|20\n|inactive|wyverbal has 120 seconds left.\n|\n|t:|1700144618\n|move|p2a: Ninetales|Moonblast|p1a: Hoopa\n|-supereffective|p1a: Hoopa\n|-damage|p1a: Hoopa|45\/100\n|move|p1a: Hoopa|Psychic|p2a: Ninetales\n|-damage|p2a: Ninetales|24\/100\n|\n|-weather|Snow|[upkeep]\n|upkeep\n|turn|21\n|\n|t:|1700144627\n|move|p2a: Ninetales|Moonblast|p1a: Hoopa\n|-supereffective|p1a: Hoopa\n|-damage|p1a: Hoopa|24\/100\n|move|p1a: Hoopa|Drain Punch|p2a: Ninetales\n|-damage|p2a: Ninetales|14\/100\n|-heal|p1a: Hoopa|30\/100|[from] drain|[of] p2a: Ninetales\n|\n|-weather|none\n|upkeep\n|turn|22\n|\n|t:|1700144636\n|move|p2a: Ninetales|Moonblast|p1a: Hoopa\n|-supereffective|p1a: Hoopa\n|-damage|p1a: Hoopa|10\/100\n|-unboost|p1a: Hoopa|spa|1\n|move|p1a: Hoopa|Psychic|p2a: Ninetales\n|-damage|p2a: Ninetales|0 fnt\n|faint|p2a: Ninetales\n|\n|upkeep\n|\n|t:|1700144646\n|switch|p2a: Ceruledge|Ceruledge, M|1\/100\n|turn|23\n|\n|t:|1700144650\n|move|p2a: Ceruledge|Shadow Sneak|p1a: Hoopa\n|-damage|p1a: Hoopa|0 fnt\n|faint|p1a: Hoopa\n|\n|upkeep\n|\n|t:|1700144663\n|switch|p1a: Kommo-o|Kommo-o, M, shiny|100\/100\n|-damage|p1a: Kommo-o|94\/100|[from] Stealth Rock\n|turn|24\n|\n|t:|1700144674\n|move|p1a: Kommo-o|Clanging Scales|p2a: Ceruledge\n|-crit|p2a: Ceruledge\n|-damage|p2a: Ceruledge|0 fnt\n|faint|p2a: Ceruledge\n|-unboost|p1a: Kommo-o|def|1\n|\n|upkeep\n|\n|t:|1700144679\n|switch|p2a: Morpeko|Morpeko, M|100\/100\n|turn|25\n|\n|t:|1700144686\n|move|p2a: Morpeko|Aura Wheel|p1a: Kommo-o\n|-resisted|p1a: Kommo-o\n|-damage|p1a: Kommo-o|43\/100\n|-boost|p2a: Morpeko|spe|1\n|move|p1a: Kommo-o|Clanging Scales|p2a: Morpeko\n|-damage|p2a: Morpeko|52\/100\n|-unboost|p1a: Kommo-o|def|1\n|\n|-sideend|p2: Vladimir47|move: Aurora Veil\n|-formechange|p2a: Morpeko|Morpeko-Hangry||[from] ability: Hunger Switch\n|upkeep\n|turn|26\n|\n|t:|1700144702\n|switch|p1a: Alomomola|Alomomola, M|76\/100\n|-damage|p1a: Alomomola|63\/100|[from] Stealth Rock\n|move|p2a: Morpeko|Aura Wheel|p1a: Alomomola\n|-crit|p1a: Alomomola\n|-damage|p1a: Alomomola|10\/100\n|-boost|p2a: Morpeko|spe|1\n|\n|-formechange|p2a: Morpeko|Morpeko||[from] ability: Hunger Switch\n|upkeep\n|turn|27\n|\n|t:|1700144713\n|move|p2a: Morpeko|Aura Wheel|p1a: Alomomola\n|-supereffective|p1a: Alomomola\n|-damage|p1a: Alomomola|0 fnt\n|-boost|p2a: Morpeko|spe|1\n|faint|p1a: Alomomola\n|\n|-formechange|p2a: Morpeko|Morpeko-Hangry||[from] ability: Hunger Switch\n|upkeep\n|\n|t:|1700144721\n|switch|p1a: Dipplin|Dipplin, M, shiny|100\/100\n|-damage|p1a: Dipplin|88\/100|[from] Stealth Rock\n|turn|28\n|\n|t:|1700144729\n|move|p2a: Morpeko|Aura Wheel|p1a: Dipplin\n|-damage|p1a: Dipplin|58\/100\n|-boost|p2a: Morpeko|spe|1\n|move|p1a: Dipplin|Recover|p1a: Dipplin\n|-heal|p1a: Dipplin|100\/100\n|\n|-formechange|p2a: Morpeko|Morpeko||[from] ability: Hunger Switch\n|upkeep\n|turn|29\n|\n|t:|1700144738\n|move|p2a: Morpeko|Aura Wheel|p1a: Dipplin\n|-resisted|p1a: Dipplin\n|-damage|p1a: Dipplin|93\/100\n|-boost|p2a: Morpeko|spe|1\n|move|p1a: Dipplin|Recover|p1a: Dipplin\n|-heal|p1a: Dipplin|100\/100\n|\n|-formechange|p2a: Morpeko|Morpeko-Hangry||[from] ability: Hunger Switch\n|upkeep\n|turn|30\n|\n|t:|1700144746\n|move|p2a: Morpeko|Aura Wheel|p1a: Dipplin\n|-damage|p1a: Dipplin|73\/100\n|-boost|p2a: Morpeko|spe|1\n|move|p1a: Dipplin|Withdraw|p1a: Dipplin\n|-boost|p1a: Dipplin|def|1\n|\n|-formechange|p2a: Morpeko|Morpeko||[from] ability: Hunger Switch\n|upkeep\n|turn|31\n|c|\u2606Vladimir47|Ah ggs\n|\n|t:|1700144757\n|move|p2a: Morpeko|Aura Wheel|p1a: Dipplin\n|-resisted|p1a: Dipplin\n|-damage|p1a: Dipplin|68\/100\n|move|p1a: Dipplin|Withdraw|p1a: Dipplin\n|-boost|p1a: Dipplin|def|1\n|\n|-formechange|p2a: Morpeko|Morpeko-Hangry||[from] ability: Hunger Switch\n|upkeep\n|turn|32\n|-message|Vladimir47 forfeited.\n|\n|win|wyverbal\n|raw|wyverbal's rating: 1106 &rarr; <strong>1136<\/strong><br \/>(+30 for winning)\n|raw|Vladimir47's rating: 1174 &rarr; <strong>1144<\/strong><br \/>(-30 for losing)\n|l|\u2606Vladimir47\n|c|\u2606wyverbal|gg\n","uploadtime":1700144769,"views":8,"p1id":"wyverbal","p2id":"vladimir47","formatid":"gen9ou","rating":1136,"private":0,"password":""}