{"id":"gen9ou-2000444237","p1":"Rupelupe","p2":"Crosfat","format":"[Gen 9] OU","log":"|j|\u2606Rupelupe\n|j|\u2606Crosfat\n|t:|1701195334\n|gametype|singles\n|player|p1|Rupelupe|hiker-gen4|1122\n|player|p2|Crosfat|ingo|1141\n|teamsize|p1|6\n|teamsize|p2|6\n|gen|9\n|tier|[Gen 9] OU\n|rated|\n|rule|Sleep Clause Mod: Limit one foe put to sleep\n|rule|Species Clause: Limit one of each Pok\u00e9mon\n|rule|OHKO Clause: OHKO moves are banned\n|rule|Evasion Items Clause: Evasion items are banned\n|rule|Evasion Moves Clause: Evasion moves are banned\n|rule|Endless Battle Clause: Forcing endless battles is banned\n|rule|HP Percentage Mod: HP is shown in percentages\n|clearpoke\n|poke|p1|Dragapult, F|\n|poke|p1|Cinderace, M|\n|poke|p1|Zoroark, F|\n|poke|p1|Iron Valiant|\n|poke|p1|Glimmora, M|\n|poke|p1|Blissey, F|\n|poke|p2|Breloom, F|\n|poke|p2|Hoopa-Unbound|\n|poke|p2|Dragapult, M|\n|poke|p2|Corviknight, F|\n|poke|p2|Great Tusk|\n|poke|p2|Clefable, F|\n|teampreview\n|inactive|Battle timer is ON: inactive players will automatically lose when time's up. (requested by Crosfat)\n|\n|t:|1701195347\n|start\n|switch|p1a: Blissey|Blissey, F|100\/100\n|switch|p2a: Great Tusk|Great Tusk|100\/100\n|-enditem|p2a: Great Tusk|Booster Energy\n|-activate|p2a: Great Tusk|ability: Protosynthesis|[fromitem]\n|-start|p2a: Great Tusk|protosynthesisatk\n|turn|1\n|\n|t:|1701195360\n|-terastallize|p1a: Blissey|Ghost\n|move|p2a: Great Tusk|Close Combat|p1a: Blissey\n|-immune|p1a: Blissey\n|move|p1a: Blissey|Psychic|p2a: Great Tusk\n|-supereffective|p2a: Great Tusk\n|-damage|p2a: Great Tusk|53\/100\n|\n|upkeep\n|turn|2\n|\n|t:|1701195371\n|move|p2a: Great Tusk|Earthquake|p1a: Blissey\n|-damage|p1a: Blissey|39\/100\n|move|p1a: Blissey|Stealth Rock|p2a: Great Tusk\n|-sidestart|p2: Crosfat|move: Stealth Rock\n|\n|upkeep\n|turn|3\n|\n|t:|1701195377\n|move|p2a: Great Tusk|Earthquake|p1a: Blissey\n|-damage|p1a: Blissey|0 fnt\n|faint|p1a: Blissey\n|\n|upkeep\n|\n|t:|1701195379\n|switch|p1a: Cinderace|Cinderace, M|100\/100\n|turn|4\n|\n|t:|1701195385\n|move|p1a: Cinderace|Acrobatics|p2a: Great Tusk\n|-start|p1a: Cinderace|typechange|Flying|[from] ability: Libero\n|-supereffective|p2a: Great Tusk\n|-damage|p2a: Great Tusk|14\/100\n|move|p2a: Great Tusk|Earthquake|p1a: Cinderace\n|-immune|p1a: Cinderace\n|\n|upkeep\n|turn|5\n|\n|t:|1701195400\n|move|p1a: Cinderace|Acrobatics|p2a: Great Tusk\n|-supereffective|p2a: Great Tusk\n|-damage|p2a: Great Tusk|0 fnt\n|faint|p2a: Great Tusk\n|-end|p2a: Great Tusk|Protosynthesis|[silent]\n|\n|upkeep\n|\n|t:|1701195408\n|switch|p2a: Hoopa|Hoopa-Unbound|100\/100\n|-damage|p2a: Hoopa|88\/100|[from] Stealth Rock\n|turn|6\n|\n|t:|1701195433\n|move|p2a: Hoopa|Thunderbolt|p1a: Cinderace\n|-supereffective|p1a: Cinderace\n|-damage|p1a: Cinderace|7\/100\n|move|p1a: Cinderace|Pyro Ball|p2a: Hoopa\n|-damage|p2a: Hoopa|25\/100\n|\n|upkeep\n|turn|7\n|\n|t:|1701195441\n|switch|p1a: Glimmora|Glimmora, M, shiny|100\/100\n|move|p2a: Hoopa|Thunderbolt|p1a: Glimmora\n|-damage|p1a: Glimmora|57\/100\n|-status|p1a: Glimmora|par\n|\n|upkeep\n|turn|8\n|\n|t:|1701195447\n|switch|p2a: Corviknight|Corviknight, F|100\/100\n|-damage|p2a: Corviknight|88\/100|[from] Stealth Rock\n|-ability|p2a: Corviknight|Pressure\n|move|p1a: Glimmora|Spikes|p2a: Corviknight\n|-sidestart|p2: Crosfat|Spikes\n|\n|-heal|p2a: Corviknight|94\/100|[from] item: Leftovers\n|upkeep\n|turn|9\n|\n|t:|1701195452\n|move|p2a: Corviknight|Defog|p1a: Glimmora\n|-unboost|p1a: Glimmora|evasion|1\n|-sideend|p2: Crosfat|Spikes|[from] move: Defog|[of] p2a: Corviknight\n|-sideend|p2: Crosfat|Stealth Rock|[from] move: Defog|[of] p2a: Corviknight\n|move|p1a: Glimmora|Energy Ball|p2a: Corviknight\n|-resisted|p2a: Corviknight\n|-damage|p2a: Corviknight|87\/100\n|-unboost|p2a: Corviknight|spd|1\n|\n|-heal|p2a: Corviknight|94\/100|[from] item: Leftovers\n|upkeep\n|turn|10\n|\n|t:|1701195462\n|move|p2a: Corviknight|Brave Bird|p1a: Glimmora\n|-resisted|p1a: Glimmora\n|-damage|p1a: Glimmora|40\/100 par\n|-activate|p1a: Glimmora|ability: Toxic Debris\n|-sidestart|p2: Crosfat|move: Toxic Spikes\n|-damage|p2a: Corviknight|89\/100|[from] Recoil\n|move|p1a: Glimmora|Spikes|p2a: Corviknight\n|-sidestart|p2: Crosfat|Spikes\n|\n|-heal|p2a: Corviknight|95\/100|[from] item: Leftovers\n|upkeep\n|turn|11\n|\n|t:|1701195490\n|switch|p1a: Cinderace|Cinderace, M|7\/100\n|move|p2a: Corviknight|Defog|p1a: Cinderace\n|-unboost|p1a: Cinderace|evasion|1\n|-sideend|p2: Crosfat|Spikes|[from] move: Defog|[of] p2a: Corviknight\n|-sideend|p2: Crosfat|Toxic Spikes|[from] move: Defog|[of] p2a: Corviknight\n|\n|-heal|p2a: Corviknight|100\/100|[from] item: Leftovers\n|upkeep\n|turn|12\n|\n|t:|1701195496\n|-terastallize|p2a: Corviknight|Water\n|move|p1a: Cinderace|Pyro Ball|p2a: Corviknight\n|-resisted|p2a: Corviknight\n|-damage|p2a: Corviknight|85\/100\n|move|p2a: Corviknight|Brave Bird|p1a: Cinderace\n|-damage|p1a: Cinderace|0 fnt\n|faint|p1a: Cinderace\n|-damage|p2a: Corviknight|83\/100|[from] Recoil\n|\n|-heal|p2a: Corviknight|89\/100|[from] item: Leftovers\n|upkeep\n|\n|t:|1701195504\n|switch|p1a: Glimmora|Glimmora, M, shiny|40\/100 par\n|turn|13\n|\n|t:|1701195514\n|switch|p2a: Dragapult|Dragapult, M|100\/100\n|cant|p1a: Glimmora|par\n|\n|upkeep\n|turn|14\n|\n|t:|1701195523\n|move|p2a: Dragapult|Dragon Dance|p2a: Dragapult\n|-boost|p2a: Dragapult|atk|1\n|-boost|p2a: Dragapult|spe|1\n|move|p1a: Glimmora|Mortal Spin|p2a: Dragapult\n|-resisted|p2a: Dragapult\n|-damage|p2a: Dragapult|95\/100\n|-status|p2a: Dragapult|psn\n|\n|-damage|p2a: Dragapult|83\/100 psn|[from] psn\n|upkeep\n|turn|15\n|\n|t:|1701195530\n|move|p2a: Dragapult|Dragon Darts|p1a: Glimmora\n|-damage|p1a: Glimmora|6\/100 par\n|-activate|p1a: Glimmora|ability: Toxic Debris\n|-sidestart|p2: Crosfat|move: Toxic Spikes\n|-anim|p2a: Dragapult|Dragon Darts|p1a: Glimmora\n|-damage|p1a: Glimmora|0 fnt\n|-activate|p1a: Glimmora|ability: Toxic Debris\n|-sidestart|p2: Crosfat|move: Toxic Spikes\n|faint|p1a: Glimmora\n|\n|-damage|p2a: Dragapult|71\/100 psn|[from] psn\n|upkeep\n|\n|t:|1701195535\n|switch|p1a: Dragapult|Dragapult, F|100\/100\n|turn|16\n|\n|t:|1701195539\n|move|p1a: Dragapult|Sucker Punch|p2a: Dragapult\n|-supereffective|p2a: Dragapult\n|-damage|p2a: Dragapult|0 fnt\n|faint|p2a: Dragapult\n|\n|upkeep\n|\n|t:|1701195545\n|switch|p2a: Corviknight|Corviknight, F, tera:Water|89\/100\n|-status|p2a: Corviknight|tox\n|-ability|p2a: Corviknight|Pressure\n|turn|17\n|\n|t:|1701195556\n|move|p1a: Dragapult|Knock Off|p2a: Corviknight\n|-damage|p2a: Corviknight|64\/100 tox\n|-enditem|p2a: Corviknight|Leftovers|[from] move: Knock Off|[of] p1a: Dragapult\n|move|p2a: Corviknight|Defog|p1a: Dragapult\n|-unboost|p1a: Dragapult|evasion|1\n|-sideend|p2: Crosfat|Toxic Spikes|[from] move: Defog|[of] p2a: Corviknight\n|\n|-damage|p2a: Corviknight|58\/100 tox|[from] psn\n|upkeep\n|turn|18\n|l|\u2606Rupelupe\n|inactive|Rupelupe disconnected and has a minute to reconnect!\n|player|p1|\n|inactive|Rupelupe has 30 seconds to reconnect!\n|inactive|Rupelupe has 20 seconds to reconnect!\n|c|\u2606Crosfat|Put*in de joueur de mer*e\n|inactive|Rupelupe has 15 seconds to reconnect!\n|inactive|Rupelupe has 10 seconds to reconnect!\n|inactive|Rupelupe has 5 seconds to reconnect!\n|-message|Rupelupe lost due to inactivity.\n|\n|win|Crosfat\n|raw|Rupelupe's rating: 1122 &rarr; <strong>1098<\/strong><br \/>(-24 for losing)\n|raw|Crosfat's rating: 1141 &rarr; <strong>1165<\/strong><br \/>(+24 for winning)\n","uploadtime":1701195621,"views":1,"p1id":"rupelupe","p2id":"crosfat","formatid":"gen9ou","rating":1098,"private":0,"password":""}