{"id":"gen9ou-1997015036","p1":"SpasDeUzi","p2":"JFBatman","format":"[Gen 9] OU","log":"|j|\u2606SpasDeUzi\n|j|\u2606JFBatman\n|t:|1700755853\n|gametype|singles\n|player|p1|SpasDeUzi|101|1161\n|player|p2|JFBatman|koga|1204\n|teamsize|p1|6\n|teamsize|p2|6\n|gen|9\n|tier|[Gen 9] OU\n|rated|\n|rule|Sleep Clause Mod: Limit one foe put to sleep\n|rule|Species Clause: Limit one of each Pok\u00e9mon\n|rule|OHKO Clause: OHKO moves are banned\n|rule|Evasion Items Clause: Evasion items are banned\n|rule|Evasion Moves Clause: Evasion moves are banned\n|rule|Endless Battle Clause: Forcing endless battles is banned\n|rule|HP Percentage Mod: HP is shown in percentages\n|clearpoke\n|poke|p1|Garchomp, M|\n|poke|p1|Maushold-Four|\n|poke|p1|Tyranitar, F|\n|poke|p1|Gyarados, M|\n|poke|p1|Iron Valiant|\n|poke|p1|Grimmsnarl, M|\n|poke|p2|Ogerpon, F|\n|poke|p2|Arcanine-Hisui, F|\n|poke|p2|Samurott-Hisui, M|\n|poke|p2|Gholdengo|\n|poke|p2|Salamence, M|\n|poke|p2|Glimmora, M|\n|teampreview\n|\n|t:|1700755855\n|start\n|switch|p1a: Grimmsnarl|Grimmsnarl, M, shiny|100\/100\n|switch|p2a: Glimmora|Glimmora, M|100\/100\n|turn|1\n|inactive|Battle timer is ON: inactive players will automatically lose when time's up. (requested by JFBatman)\n|inactive|SpasDeUzi also wants the timer to be on.\n|\n|t:|1700755859\n|move|p1a: Grimmsnarl|Taunt|p2a: Glimmora\n|-start|p2a: Glimmora|move: Taunt\n|cant|p2a: Glimmora|move: Taunt|Stealth Rock\n|\n|upkeep\n|turn|2\n|\n|t:|1700755861\n|move|p1a: Grimmsnarl|Light Screen|p1a: Grimmsnarl\n|-sidestart|p1: SpasDeUzi|move: Light Screen\n|move|p2a: Glimmora|Mortal Spin|p1a: Grimmsnarl\n|-supereffective|p1a: Grimmsnarl\n|-damage|p1a: Grimmsnarl|83\/100\n|-status|p1a: Grimmsnarl|psn\n|\n|-damage|p1a: Grimmsnarl|71\/100 psn|[from] psn\n|upkeep\n|turn|3\n|\n|t:|1700755869\n|switch|p2a: Gholdengo|Gholdengo|100\/100\n|move|p1a: Grimmsnarl|Reflect|p1a: Grimmsnarl\n|-sidestart|p1: SpasDeUzi|Reflect\n|\n|-damage|p1a: Grimmsnarl|58\/100 psn|[from] psn\n|upkeep\n|turn|4\n|\n|t:|1700755876\n|switch|p1a: Gyarados|Gyarados, M|100\/100\n|move|p2a: Gholdengo|Nasty Plot|p2a: Gholdengo\n|-boost|p2a: Gholdengo|spa|2\n|\n|upkeep\n|turn|5\n|\n|t:|1700755882\n|-terastallize|p1a: Gyarados|Water\n|move|p1a: Gyarados|Dragon Dance|p1a: Gyarados\n|-boost|p1a: Gyarados|atk|1\n|-boost|p1a: Gyarados|spe|1\n|move|p2a: Gholdengo|Shadow Ball|p1a: Gyarados\n|-damage|p1a: Gyarados|54\/100\n|\n|upkeep\n|turn|6\n|\n|t:|1700755886\n|move|p1a: Gyarados|Waterfall|p2a: Gholdengo\n|-damage|p2a: Gholdengo|15\/100\n|move|p2a: Gholdengo|Shadow Ball|p1a: Gyarados\n|-damage|p1a: Gyarados|10\/100\n|-unboost|p1a: Gyarados|spd|1\n|\n|-heal|p2a: Gholdengo|21\/100|[from] item: Leftovers\n|upkeep\n|turn|7\n|\n|t:|1700755892\n|move|p1a: Gyarados|Scale Shot|p2a: Gholdengo\n|-resisted|p2a: Gholdengo\n|-damage|p2a: Gholdengo|15\/100\n|-resisted|p2a: Gholdengo\n|-damage|p2a: Gholdengo|8\/100\n|-resisted|p2a: Gholdengo\n|-damage|p2a: Gholdengo|1\/100\n|-resisted|p2a: Gholdengo\n|-damage|p2a: Gholdengo|0 fnt\n|faint|p2a: Gholdengo\n|-ability|p1a: Gyarados|Moxie|boost\n|-boost|p1a: Gyarados|atk|1\n|-hitcount|p2: Gholdengo|4\n|-unboost|p1a: Gyarados|def|1\n|-boost|p1a: Gyarados|spe|1\n|\n|upkeep\n|\n|t:|1700755896\n|switch|p2a: Glimmora|Glimmora, M|100\/100\n|turn|8\n|\n|t:|1700755900\n|move|p1a: Gyarados|Scale Shot|p2a: Glimmora|[miss]\n|-miss|p1a: Gyarados|p2a: Glimmora\n|move|p2a: Glimmora|Stealth Rock|p1a: Gyarados\n|-sidestart|p1: SpasDeUzi|move: Stealth Rock\n|\n|upkeep\n|turn|9\n|\n|t:|1700755902\n|move|p1a: Gyarados|Scale Shot|p2a: Glimmora\n|-damage|p2a: Glimmora|79\/100\n|-activate|p2a: Glimmora|ability: Toxic Debris\n|-sidestart|p1: SpasDeUzi|move: Toxic Spikes\n|-damage|p2a: Glimmora|58\/100\n|-activate|p2a: Glimmora|ability: Toxic Debris\n|-sidestart|p1: SpasDeUzi|move: Toxic Spikes\n|-damage|p2a: Glimmora|37\/100\n|-damage|p2a: Glimmora|15\/100\n|-hitcount|p2a: Glimmora|4\n|-unboost|p1a: Gyarados|def|1\n|-boost|p1a: Gyarados|spe|1\n|move|p2a: Glimmora|Mortal Spin|p1a: Gyarados\n|-damage|p1a: Gyarados|1\/100\n|-status|p1a: Gyarados|psn\n|\n|-damage|p1a: Gyarados|0 fnt|[from] psn\n|faint|p1a: Gyarados\n|-sideend|p1: SpasDeUzi|move: Light Screen\n|upkeep\n|\n|t:|1700755907\n|switch|p1a: Maushold|Maushold-Four, shiny|100\/100\n|-damage|p1a: Maushold|88\/100|[from] Stealth Rock\n|-status|p1a: Maushold|tox\n|turn|10\n|\n|t:|1700755912\n|move|p1a: Maushold|Tidy Up|p1a: Maushold\n|-sideend|p1: SpasDeUzi|Toxic Spikes\n|-sideend|p1: SpasDeUzi|Stealth Rock\n|-activate|p1a: Maushold|move: Tidy Up\n|-boost|p1a: Maushold|atk|1\n|-boost|p1a: Maushold|spe|1\n|move|p2a: Glimmora|Power Gem|p1a: Maushold\n|-damage|p1a: Maushold|24\/100 tox\n|\n|-damage|p1a: Maushold|18\/100 tox|[from] psn\n|-sideend|p1: SpasDeUzi|Reflect\n|upkeep\n|turn|11\n|\n|t:|1700755917\n|move|p1a: Maushold|Low Kick|p2a: Glimmora\n|-damage|p2a: Glimmora|0 fnt\n|-activate|p2a: Glimmora|ability: Toxic Debris\n|-sidestart|p1: SpasDeUzi|move: Toxic Spikes\n|faint|p2a: Glimmora\n|\n|-damage|p1a: Maushold|6\/100 tox|[from] psn\n|upkeep\n|\n|t:|1700755922\n|switch|p2a: Ogerpon|Ogerpon, F|100\/100\n|turn|12\n|\n|t:|1700755927\n|move|p2a: Ogerpon|Spiky Shield|p2a: Ogerpon\n|-singleturn|p2a: Ogerpon|move: Protect\n|move|p1a: Maushold|Population Bomb|p2a: Ogerpon\n|-activate|p2a: Ogerpon|move: Protect\n|-damage|p1a: Maushold|0 fnt|[from] Spiky Shield|[of] p2a: Ogerpon\n|faint|p1a: Maushold\n|\n|upkeep\n|\n|t:|1700755939\n|switch|p1a: Garchomp|Garchomp, M, shiny|100\/100\n|-status|p1a: Garchomp|psn\n|turn|13\n|\n|t:|1700755943\n|move|p2a: Ogerpon|Swords Dance|p2a: Ogerpon\n|-boost|p2a: Ogerpon|atk|2\n|move|p1a: Garchomp|Poison Jab|p2a: Ogerpon\n|-supereffective|p2a: Ogerpon\n|-damage|p2a: Ogerpon|35\/100\n|\n|-damage|p1a: Garchomp|88\/100 psn|[from] psn\n|upkeep\n|turn|14\n|\n|t:|1700755947\n|move|p2a: Ogerpon|Ivy Cudgel|p1a: Garchomp\n|-crit|p1a: Garchomp\n|-damage|p1a: Garchomp|0 fnt\n|faint|p1a: Garchomp\n|\n|upkeep\n|\n|t:|1700755950\n|switch|p1a: Grimmsnarl|Grimmsnarl, M, shiny|58\/100 psn\n|turn|15\n|\n|t:|1700755954\n|move|p1a: Grimmsnarl|Reflect|p1a: Grimmsnarl\n|-sidestart|p1: SpasDeUzi|Reflect\n|move|p2a: Ogerpon|Ivy Cudgel|p1a: Grimmsnarl\n|-crit|p1a: Grimmsnarl\n|-damage|p1a: Grimmsnarl|0 fnt\n|faint|p1a: Grimmsnarl\n|\n|upkeep\n|\n|t:|1700755958\n|switch|p1a: Iron Valiant|Iron Valiant|100\/100\n|-status|p1a: Iron Valiant|psn\n|-enditem|p1a: Iron Valiant|Booster Energy\n|-activate|p1a: Iron Valiant|ability: Quark Drive|[fromitem]\n|-start|p1a: Iron Valiant|quarkdrivespe\n|turn|16\n|\n|t:|1700755962\n|move|p1a: Iron Valiant|Moonblast|p2a: Ogerpon\n|-crit|p2a: Ogerpon\n|-damage|p2a: Ogerpon|0 fnt\n|faint|p2a: Ogerpon\n|\n|-damage|p1a: Iron Valiant|88\/100 psn|[from] psn\n|upkeep\n|\n|t:|1700755968\n|switch|p2a: Arcanine|Arcanine-Hisui, F|100\/100\n|turn|17\n|\n|t:|1700755975\n|-terastallize|p2a: Arcanine|Grass\n|move|p1a: Iron Valiant|Aura Sphere|p2a: Arcanine\n|-damage|p2a: Arcanine|50\/100\n|move|p2a: Arcanine|Flare Blitz|p1a: Iron Valiant\n|-damage|p1a: Iron Valiant|34\/100 psn\n|\n|-damage|p1a: Iron Valiant|22\/100 psn|[from] psn\n|upkeep\n|turn|18\n|\n|t:|1700755984\n|switch|p2a: Samurott|Samurott-Hisui, M|100\/100\n|move|p1a: Iron Valiant|Moonblast|p2a: Samurott\n|-supereffective|p2a: Samurott\n|-damage|p2a: Samurott|0 fnt\n|faint|p2a: Samurott\n|\n|-damage|p1a: Iron Valiant|9\/100 psn|[from] psn\n|upkeep\n|\n|t:|1700755987\n|switch|p2a: Arcanine|Arcanine-Hisui, F, tera:Grass|50\/100\n|turn|19\n|\n|t:|1700755990\n|move|p2a: Arcanine|Extreme Speed|p1a: Iron Valiant\n|-damage|p1a: Iron Valiant|0 fnt\n|faint|p1a: Iron Valiant\n|-end|p1a: Iron Valiant|Quark Drive|[silent]\n|\n|upkeep\n|\n|t:|1700755992\n|switch|p1a: Tyranitar|Tyranitar, F, shiny|100\/100\n|-status|p1a: Tyranitar|psn\n|-weather|Sandstorm|[from] ability: Sand Stream|[of] p1a: Tyranitar\n|turn|20\n|\n|t:|1700755999\n|move|p2a: Arcanine|Extreme Speed|p1a: Tyranitar\n|-resisted|p1a: Tyranitar\n|-damage|p1a: Tyranitar|93\/100 psn\n|move|p1a: Tyranitar|Dragon Dance|p1a: Tyranitar\n|-boost|p1a: Tyranitar|atk|1\n|-boost|p1a: Tyranitar|spe|1\n|\n|-weather|Sandstorm|[upkeep]\n|-damage|p2a: Arcanine|44\/100|[from] Sandstorm\n|-damage|p1a: Tyranitar|81\/100 psn|[from] psn\n|upkeep\n|turn|21\n|\n|t:|1700756005\n|switch|p2a: Salamence|Salamence, M|100\/100\n|-ability|p2a: Salamence|Intimidate|boost\n|-unboost|p1a: Tyranitar|atk|1\n|move|p1a: Tyranitar|Dragon Dance|p1a: Tyranitar\n|-boost|p1a: Tyranitar|atk|1\n|-boost|p1a: Tyranitar|spe|1\n|\n|-weather|Sandstorm|[upkeep]\n|-damage|p2a: Salamence|94\/100|[from] Sandstorm\n|-damage|p1a: Tyranitar|68\/100 psn|[from] psn\n|upkeep\n|turn|22\n|\n|t:|1700756012\n|move|p1a: Tyranitar|Rock Blast|p2a: Salamence\n|-supereffective|p2a: Salamence\n|-damage|p2a: Salamence|35\/100\n|-supereffective|p2a: Salamence\n|-damage|p2a: Salamence|0 fnt\n|faint|p2a: Salamence\n|-hitcount|p2: Salamence|2\n|\n|-weather|Sandstorm|[upkeep]\n|-damage|p1a: Tyranitar|56\/100 psn|[from] psn\n|-sideend|p1: SpasDeUzi|Reflect\n|upkeep\n|\n|t:|1700756014\n|switch|p2a: Arcanine|Arcanine-Hisui, F, tera:Grass|44\/100\n|turn|23\n|\n|t:|1700756017\n|move|p1a: Tyranitar|Rock Blast|p2a: Arcanine\n|-damage|p2a: Arcanine|16\/100\n|-damage|p2a: Arcanine|0 fnt\n|faint|p2a: Arcanine\n|-hitcount|p2: Arcanine|2\n|\n|win|SpasDeUzi\n|raw|SpasDeUzi's rating: 1161 &rarr; <strong>1189<\/strong><br \/>(+28 for winning)\n|raw|JFBatman's rating: 1204 &rarr; <strong>1176<\/strong><br \/>(-28 for losing)\n","uploadtime":1700756025,"views":5,"p1id":"spasdeuzi","p2id":"jfbatman","formatid":"gen9ou","rating":1176,"private":0,"password":""}