{"id":"gen9ou-1988356425","p1":"jzhuc1841","p2":"weegee11","format":"[Gen 9] OU","log":"|j|\u2606jzhuc1841\n|j|\u2606weegee11\n|t:|1699713291\n|gametype|singles\n|player|p1|jzhuc1841|hilbert-wonderlauncher|1514\n|player|p2|weegee11|170|1472\n|teamsize|p1|6\n|teamsize|p2|6\n|gen|9\n|tier|[Gen 9] OU\n|rated|\n|rule|Sleep Clause Mod: Limit one foe put to sleep\n|rule|Species Clause: Limit one of each Pok\u00e9mon\n|rule|OHKO Clause: OHKO moves are banned\n|rule|Evasion Items Clause: Evasion items are banned\n|rule|Evasion Moves Clause: Evasion moves are banned\n|rule|Endless Battle Clause: Forcing endless battles is banned\n|rule|HP Percentage Mod: HP is shown in percentages\n|clearpoke\n|poke|p1|Ogerpon-Wellspring, F|\n|poke|p1|Kingambit, M|\n|poke|p1|Iron Moth|\n|poke|p1|Iron Valiant|\n|poke|p1|Zamazenta-*|\n|poke|p1|Glimmora, M|\n|poke|p2|Corviknight, M|\n|poke|p2|Cinderace, F|\n|poke|p2|Frosmoth, F|\n|poke|p2|Salamence, F|\n|poke|p2|Breloom, F|\n|poke|p2|Gardevoir, F|\n|teampreview\n|inactive|Battle timer is ON: inactive players will automatically lose when time's up. (requested by weegee11)\n|\n|t:|1699713307\n|start\n|switch|p1a: Iron Valiant|Iron Valiant|100\/100\n|switch|p2a: Gardevoir|Gardevoir, F|100\/100\n|-enditem|p1a: Iron Valiant|Booster Energy\n|-activate|p1a: Iron Valiant|ability: Quark Drive|[fromitem]\n|-start|p1a: Iron Valiant|quarkdrivespe\n|turn|1\n|\n|t:|1699713320\n|switch|p2a: Corviknight|Corviknight, M|100\/100\n|-ability|p2a: Corviknight|Pressure\n|-terastallize|p1a: Iron Valiant|Steel\n|move|p1a: Iron Valiant|Calm Mind|p1a: Iron Valiant\n|-boost|p1a: Iron Valiant|spa|1\n|-boost|p1a: Iron Valiant|spd|1\n|\n|upkeep\n|turn|2\n|\n|t:|1699713332\n|move|p1a: Iron Valiant|Thunderbolt|p2a: Corviknight\n|-supereffective|p2a: Corviknight\n|-damage|p2a: Corviknight|17\/100\n|-status|p2a: Corviknight|par\n|move|p2a: Corviknight|U-turn|p1a: Iron Valiant\n|-resisted|p1a: Iron Valiant\n|-damage|p1a: Iron Valiant|91\/100\n|\n|t:|1699713344\n|switch|p2a: Breloom|Breloom, F|100\/100|[from] U-turn\n|\n|upkeep\n|turn|3\n|\n|t:|1699713346\n|move|p2a: Breloom|Mach Punch|p1a: Iron Valiant\n|-supereffective|p1a: Iron Valiant\n|-damage|p1a: Iron Valiant|0 fnt\n|faint|p1a: Iron Valiant\n|-end|p1a: Iron Valiant|Quark Drive|[silent]\n|\n|upkeep\n|\n|t:|1699713351\n|switch|p1a: Iron Moth|Iron Moth|100\/100\n|-enditem|p1a: Iron Moth|Booster Energy\n|-activate|p1a: Iron Moth|ability: Quark Drive|[fromitem]\n|-start|p1a: Iron Moth|quarkdrivespe\n|turn|4\n|\n|t:|1699713357\n|switch|p2a: Corviknight|Corviknight, M|17\/100 par\n|-ability|p2a: Corviknight|Pressure\n|move|p1a: Iron Moth|Fiery Dance|p2a: Corviknight\n|-supereffective|p2a: Corviknight\n|-damage|p2a: Corviknight|0 fnt\n|faint|p2a: Corviknight\n|\n|upkeep\n|\n|t:|1699713385\n|switch|p2a: Frosmoth|Frosmoth, F|100\/100\n|turn|5\n|\n|t:|1699713389\n|-terastallize|p2a: Frosmoth|Water\n|move|p1a: Iron Moth|Fiery Dance|p2a: Frosmoth\n|-resisted|p2a: Frosmoth\n|-damage|p2a: Frosmoth|89\/100\n|-boost|p1a: Iron Moth|spa|1\n|move|p2a: Frosmoth|Quiver Dance|p2a: Frosmoth\n|-boost|p2a: Frosmoth|spa|1\n|-boost|p2a: Frosmoth|spd|1\n|-boost|p2a: Frosmoth|spe|1\n|\n|-heal|p2a: Frosmoth|95\/100|[from] item: Leftovers\n|upkeep\n|turn|6\n|\n|t:|1699713396\n|move|p1a: Iron Moth|Energy Ball|p2a: Frosmoth\n|-supereffective|p2a: Frosmoth\n|-damage|p2a: Frosmoth|63\/100\n|move|p2a: Frosmoth|Substitute|p2a: Frosmoth\n|-start|p2a: Frosmoth|Substitute\n|-damage|p2a: Frosmoth|38\/100\n|\n|-heal|p2a: Frosmoth|44\/100|[from] item: Leftovers\n|upkeep\n|turn|7\n|\n|t:|1699713402\n|move|p1a: Iron Moth|Energy Ball|p2a: Frosmoth\n|-supereffective|p2a: Frosmoth\n|-end|p2a: Frosmoth|Substitute\n|move|p2a: Frosmoth|Quiver Dance|p2a: Frosmoth\n|-boost|p2a: Frosmoth|spa|1\n|-boost|p2a: Frosmoth|spd|1\n|-boost|p2a: Frosmoth|spe|1\n|\n|-heal|p2a: Frosmoth|50\/100|[from] item: Leftovers\n|upkeep\n|turn|8\n|j| xdswl\n|\n|t:|1699713412\n|move|p1a: Iron Moth|Energy Ball|p2a: Frosmoth\n|-supereffective|p2a: Frosmoth\n|-damage|p2a: Frosmoth|27\/100\n|move|p2a: Frosmoth|Substitute|p2a: Frosmoth\n|-start|p2a: Frosmoth|Substitute\n|-damage|p2a: Frosmoth|2\/100\n|\n|-heal|p2a: Frosmoth|8\/100|[from] item: Leftovers\n|upkeep\n|turn|9\n|\n|t:|1699713421\n|move|p1a: Iron Moth|Energy Ball|p2a: Frosmoth\n|-supereffective|p2a: Frosmoth\n|-activate|p2a: Frosmoth|move: Substitute|[damage]\n|move|p2a: Frosmoth|Quiver Dance|p2a: Frosmoth\n|-boost|p2a: Frosmoth|spa|1\n|-boost|p2a: Frosmoth|spd|1\n|-boost|p2a: Frosmoth|spe|1\n|\n|-heal|p2a: Frosmoth|14\/100|[from] item: Leftovers\n|upkeep\n|turn|10\n|\n|t:|1699713430\n|move|p2a: Frosmoth|Tera Blast|p1a: Iron Moth|[anim] Tera Blast Water\n|-supereffective|p1a: Iron Moth\n|-damage|p1a: Iron Moth|0 fnt\n|faint|p1a: Iron Moth\n|-end|p1a: Iron Moth|Quark Drive|[silent]\n|\n|-heal|p2a: Frosmoth|20\/100|[from] item: Leftovers\n|upkeep\n|\n|t:|1699713435\n|switch|p1a: Ogerpon|Ogerpon-Wellspring, F|100\/100\n|turn|11\n|\n|t:|1699713440\n|move|p2a: Frosmoth|Ice Beam|p1a: Ogerpon\n|-damage|p1a: Ogerpon|0 fnt\n|faint|p1a: Ogerpon\n|\n|-heal|p2a: Frosmoth|26\/100|[from] item: Leftovers\n|upkeep\n|\n|t:|1699713447\n|switch|p1a: Kingambit|Kingambit, M|100\/100\n|-activate|p1a: Kingambit|ability: Supreme Overlord\n|-start|p1a: Kingambit|fallen3|[silent]\n|turn|12\n|\n|t:|1699713451\n|move|p2a: Frosmoth|Tera Blast|p1a: Kingambit|[anim] Tera Blast Water\n|-damage|p1a: Kingambit|33\/100\n|move|p1a: Kingambit|Kowtow Cleave|p2a: Frosmoth\n|-end|p2a: Frosmoth|Substitute\n|\n|-heal|p2a: Frosmoth|32\/100|[from] item: Leftovers\n|upkeep\n|turn|13\n|\n|t:|1699713459\n|move|p2a: Frosmoth|Substitute|p2a: Frosmoth\n|-start|p2a: Frosmoth|Substitute\n|-damage|p2a: Frosmoth|7\/100\n|move|p1a: Kingambit|Kowtow Cleave|p2a: Frosmoth\n|-end|p2a: Frosmoth|Substitute\n|\n|-heal|p2a: Frosmoth|13\/100|[from] item: Leftovers\n|upkeep\n|turn|14\n|\n|t:|1699713464\n|move|p1a: Kingambit|Sucker Punch||[still]\n|-fail|p1a: Kingambit\n|move|p2a: Frosmoth|Quiver Dance|p2a: Frosmoth\n|-boost|p2a: Frosmoth|spa|1\n|-boost|p2a: Frosmoth|spd|1\n|-boost|p2a: Frosmoth|spe|1\n|\n|-heal|p2a: Frosmoth|19\/100|[from] item: Leftovers\n|upkeep\n|turn|15\n|\n|t:|1699713470\n|move|p2a: Frosmoth|Quiver Dance|p2a: Frosmoth\n|-boost|p2a: Frosmoth|spa|1\n|-boost|p2a: Frosmoth|spd|1\n|-boost|p2a: Frosmoth|spe|1\n|move|p1a: Kingambit|Kowtow Cleave|p2a: Frosmoth\n|-damage|p2a: Frosmoth|0 fnt\n|faint|p2a: Frosmoth\n|\n|upkeep\n|\n|t:|1699713481\n|switch|p2a: Breloom|Breloom, F|100\/100\n|turn|16\n|\n|t:|1699713498\n|move|p2a: Breloom|Spore|p1a: Kingambit\n|-status|p1a: Kingambit|slp|[from] move: Spore\n|cant|p1a: Kingambit|slp\n|\n|upkeep\n|turn|17\n|\n|t:|1699713504\n|-end|p1a: Kingambit|fallen3|[silent]\n|switch|p1a: Glimmora|Glimmora, M|100\/100\n|-item|p1a: Glimmora|Air Balloon\n|move|p2a: Breloom|Mach Punch|p1a: Glimmora\n|-damage|p1a: Glimmora|56\/100\n|-activate|p1a: Glimmora|ability: Toxic Debris\n|-sidestart|p2: weegee11|move: Toxic Spikes\n|-enditem|p1a: Glimmora|Air Balloon\n|\n|upkeep\n|turn|18\n|\n|t:|1699713519\n|move|p1a: Glimmora|Sludge Wave|p2a: Breloom\n|-supereffective|p2a: Breloom\n|-damage|p2a: Breloom|0 fnt\n|faint|p2a: Breloom\n|\n|upkeep\n|\n|t:|1699713523\n|switch|p2a: Salamence|Salamence, F|100\/100\n|turn|19\n|\n|t:|1699713527\n|move|p2a: Salamence|Dragon Dance|p2a: Salamence\n|-boost|p2a: Salamence|atk|1\n|-boost|p2a: Salamence|spe|1\n|move|p1a: Glimmora|Mortal Spin|p2a: Salamence\n|-damage|p2a: Salamence|92\/100\n|-status|p2a: Salamence|psn\n|-enditem|p2a: Salamence|Lum Berry|[eat]\n|-curestatus|p2a: Salamence|psn|[msg]\n|\n|upkeep\n|turn|20\n|\n|t:|1699713543\n|move|p2a: Salamence|Outrage|p1a: Glimmora\n|-crit|p1a: Glimmora\n|-damage|p1a: Glimmora|0 fnt\n|-activate|p1a: Glimmora|ability: Toxic Debris\n|-sidestart|p2: weegee11|move: Toxic Spikes\n|faint|p1a: Glimmora\n|-ability|p2a: Salamence|Moxie|boost\n|-boost|p2a: Salamence|atk|1\n|\n|upkeep\n|\n|t:|1699713552\n|switch|p1a: Kingambit|Kingambit, M|33\/100 slp\n|-activate|p1a: Kingambit|ability: Supreme Overlord\n|-start|p1a: Kingambit|fallen4|[silent]\n|turn|21\n|\n|t:|1699713555\n|cant|p1a: Kingambit|slp\n|move|p2a: Salamence|Outrage|p1a: Kingambit|[from]lockedmove\n|-resisted|p1a: Kingambit\n|-damage|p1a: Kingambit|0 fnt\n|faint|p1a: Kingambit\n|-end|p1a: Kingambit|fallen4|[silent]\n|-ability|p2a: Salamence|Moxie|boost\n|-boost|p2a: Salamence|atk|1\n|-start|p2a: Salamence|confusion|[fatigue]\n|\n|upkeep\n|\n|t:|1699713561\n|switch|p1a: Zamazenta|Zamazenta|100\/100\n|-ability|p1a: Zamazenta|Dauntless Shield|boost\n|-boost|p1a: Zamazenta|def|1\n|turn|22\n|\n|t:|1699713567\n|-activate|p2a: Salamence|confusion\n|move|p2a: Salamence|Dual Wingbeat|p1a: Zamazenta|[miss]\n|-miss|p2a: Salamence|p1a: Zamazenta\n|move|p1a: Zamazenta|Iron Defense|p1a: Zamazenta\n|-boost|p1a: Zamazenta|def|2\n|\n|upkeep\n|turn|23\n|\n|t:|1699713573\n|-activate|p2a: Salamence|confusion\n|-damage|p2a: Salamence|43\/100|[from] confusion\n|move|p1a: Zamazenta|Substitute|p1a: Zamazenta\n|-start|p1a: Zamazenta|Substitute\n|-damage|p1a: Zamazenta|76\/100\n|\n|-heal|p1a: Zamazenta|82\/100|[from] item: Leftovers\n|upkeep\n|turn|24\n|\n|t:|1699713578\n|-activate|p2a: Salamence|confusion\n|move|p2a: Salamence|Dual Wingbeat|p1a: Zamazenta|[miss]\n|-miss|p2a: Salamence|p1a: Zamazenta\n|move|p1a: Zamazenta|Body Press|p2a: Salamence\n|-resisted|p2a: Salamence\n|-damage|p2a: Salamence|0 fnt\n|faint|p2a: Salamence\n|\n|-heal|p1a: Zamazenta|88\/100|[from] item: Leftovers\n|upkeep\n|c|\u2606weegee11|Come on\n|\n|t:|1699713595\n|switch|p2a: Cinderace|Cinderace, F|100\/100\n|-status|p2a: Cinderace|tox\n|turn|25\n|\n|t:|1699713600\n|move|p2a: Cinderace|Pyro Ball|p1a: Zamazenta\n|-activate|p1a: Zamazenta|move: Substitute|[damage]\n|-damage|p2a: Cinderace|91\/100 tox|[from] item: Life Orb\n|move|p1a: Zamazenta|Body Press|p2a: Cinderace\n|-damage|p2a: Cinderace|0 fnt\n|faint|p2a: Cinderace\n|\n|-heal|p1a: Zamazenta|94\/100|[from] item: Leftovers\n|upkeep\n|\n|t:|1699713610\n|switch|p2a: Gardevoir|Gardevoir, F|100\/100\n|-status|p2a: Gardevoir|tox\n|-ability|p2a: Gardevoir|Dauntless Shield|boost\n|-boost|p2a: Gardevoir|def|1\n|-ability|p2a: Gardevoir|Dauntless Shield|[from] ability: Trace|[of] p1a: Zamazenta\n|turn|26\n|\n|t:|1699713615\n|move|p1a: Zamazenta|Crunch|p2a: Gardevoir\n|-damage|p2a: Gardevoir|75\/100 tox\n|move|p2a: Gardevoir|Moonblast|p1a: Zamazenta\n|-supereffective|p1a: Zamazenta\n|-end|p1a: Zamazenta|Substitute\n|\n|-heal|p1a: Zamazenta|99\/100|[from] item: Leftovers\n|-damage|p2a: Gardevoir|69\/100 tox|[from] psn\n|upkeep\n|turn|27\n|\n|t:|1699713624\n|move|p1a: Zamazenta|Substitute|p1a: Zamazenta\n|-start|p1a: Zamazenta|Substitute\n|-damage|p1a: Zamazenta|75\/100\n|move|p2a: Gardevoir|Moonblast|p1a: Zamazenta\n|-supereffective|p1a: Zamazenta\n|-end|p1a: Zamazenta|Substitute\n|\n|-heal|p1a: Zamazenta|81\/100|[from] item: Leftovers\n|-damage|p2a: Gardevoir|56\/100 tox|[from] psn\n|upkeep\n|turn|28\n|\n|t:|1699713634\n|move|p1a: Zamazenta|Substitute|p1a: Zamazenta\n|-start|p1a: Zamazenta|Substitute\n|-damage|p1a: Zamazenta|57\/100\n|move|p2a: Gardevoir|Moonblast|p1a: Zamazenta\n|-supereffective|p1a: Zamazenta\n|-end|p1a: Zamazenta|Substitute\n|\n|-heal|p1a: Zamazenta|63\/100|[from] item: Leftovers\n|-damage|p2a: Gardevoir|38\/100 tox|[from] psn\n|upkeep\n|turn|29\n|\n|t:|1699713643\n|move|p1a: Zamazenta|Substitute|p1a: Zamazenta\n|-start|p1a: Zamazenta|Substitute\n|-damage|p1a: Zamazenta|38\/100\n|move|p2a: Gardevoir|Moonblast|p1a: Zamazenta\n|-supereffective|p1a: Zamazenta\n|-end|p1a: Zamazenta|Substitute\n|\n|-heal|p1a: Zamazenta|44\/100|[from] item: Leftovers\n|-damage|p2a: Gardevoir|13\/100 tox|[from] psn\n|upkeep\n|turn|30\n|\n|t:|1699713652\n|move|p1a: Zamazenta|Substitute|p1a: Zamazenta\n|-start|p1a: Zamazenta|Substitute\n|-damage|p1a: Zamazenta|19\/100\n|move|p2a: Gardevoir|Moonblast|p1a: Zamazenta\n|-supereffective|p1a: Zamazenta\n|-end|p1a: Zamazenta|Substitute\n|\n|-heal|p1a: Zamazenta|25\/100|[from] item: Leftovers\n|-damage|p2a: Gardevoir|0 fnt|[from] psn\n|faint|p2a: Gardevoir\n|\n|win|jzhuc1841\n|upkeep\n|raw|jzhuc1841's rating: 1514 &rarr; <strong>1532<\/strong><br \/>(+18 for winning)\n|raw|weegee11's rating: 1472 &rarr; <strong>1454<\/strong><br \/>(-18 for losing)\n|l|\u2606weegee11\n","uploadtime":1699713664,"views":26,"p1id":"jzhuc1841","p2id":"weegee11","formatid":"gen9ou","rating":1454,"private":0,"password":""}