{"id":"gen9ou-1993606762","p1":"Phing","p2":"Hugh's Jass","format":"[Gen 9] OU","log":"|j|\u2606Phing\n|j|\u2606Hugh's Jass\n|t:|1700336833\n|gametype|singles\n|player|p1|Phing|2|1243\n|player|p2|Hugh's Jass|hugh|1330\n|teamsize|p1|6\n|teamsize|p2|6\n|gen|9\n|tier|[Gen 9] OU\n|rated|\n|rule|Sleep Clause Mod: Limit one foe put to sleep\n|rule|Species Clause: Limit one of each Pok\u00e9mon\n|rule|OHKO Clause: OHKO moves are banned\n|rule|Evasion Items Clause: Evasion items are banned\n|rule|Evasion Moves Clause: Evasion moves are banned\n|rule|Endless Battle Clause: Forcing endless battles is banned\n|rule|HP Percentage Mod: HP is shown in percentages\n|clearpoke\n|poke|p1|Sneasler, F|\n|poke|p1|Zapdos|\n|poke|p1|Dragapult, F|\n|poke|p1|Great Tusk|\n|poke|p1|Ogerpon-Wellspring, F|\n|poke|p1|Ting-Lu|\n|poke|p2|Cyclizar, F|\n|poke|p2|Amoonguss, M|\n|poke|p2|Mienshao, M|\n|poke|p2|Slowking-Galar, M|\n|poke|p2|Slowbro, F|\n|poke|p2|Tornadus-Therian, M|\n|teampreview\n|inactive|Battle timer is ON: inactive players will automatically lose when time's up. (requested by Hugh's Jass)\n|\n|t:|1700336845\n|start\n|switch|p1a: Sneasler|Sneasler, F|100\/100\n|switch|p2a: Cyclizar|Cyclizar, F|100\/100\n|turn|1\n|\n|t:|1700336852\n|switch|p2a: Amoonguss|Amoonguss, M|100\/100\n|move|p1a: Sneasler|Close Combat|p2a: Amoonguss\n|-resisted|p2a: Amoonguss\n|-damage|p2a: Amoonguss|70\/100\n|-unboost|p1a: Sneasler|def|1\n|-unboost|p1a: Sneasler|spd|1\n|-enditem|p2a: Amoonguss|Red Card|[of] p1a: Sneasler\n|drag|p1a: Ting-Lu|Ting-Lu|100\/100\n|-ability|p1a: Ting-Lu|Vessel of Ruin\n|\n|upkeep\n|turn|2\n|\n|t:|1700336870\n|move|p1a: Ting-Lu|Stealth Rock|p2a: Amoonguss\n|-sidestart|p2: Hugh's Jass|move: Stealth Rock\n|move|p2a: Amoonguss|Spore|p1a: Ting-Lu\n|-status|p1a: Ting-Lu|slp|[from] move: Spore\n|\n|upkeep\n|turn|3\n|\n|t:|1700336877\n|switch|p1a: Sneasler|Sneasler, F|100\/100\n|switch|p2a: Cyclizar|Cyclizar, F|100\/100\n|\n|upkeep\n|turn|4\n|\n|t:|1700336891\n|switch|p2a: Amoonguss|Amoonguss, M|100\/100\n|-damage|p2a: Amoonguss|88\/100|[from] Stealth Rock\n|move|p1a: Sneasler|Close Combat|p2a: Amoonguss\n|-resisted|p2a: Amoonguss\n|-damage|p2a: Amoonguss|56\/100\n|-unboost|p1a: Sneasler|def|1\n|-unboost|p1a: Sneasler|spd|1\n|-damage|p1a: Sneasler|91\/100|[from] item: Life Orb\n|\n|upkeep\n|turn|5\n|\n|t:|1700336913\n|switch|p2a: Slowbro|Slowbro, F|100\/100\n|-damage|p2a: Slowbro|88\/100|[from] Stealth Rock\n|move|p1a: Sneasler|U-turn|p2a: Slowbro\n|-supereffective|p2a: Slowbro\n|-damage|p2a: Slowbro|51\/100\n|-damage|p1a: Sneasler|81\/100|[from] item: Life Orb\n|\n|t:|1700336921\n|switch|p1a: Zapdos|Zapdos|100\/100|[from] U-turn\n|\n|upkeep\n|turn|6\n|\n|t:|1700336927\n|switch|p2a: Cyclizar|Cyclizar, F|100\/100\n|move|p1a: Zapdos|Volt Switch|p2a: Cyclizar\n|-resisted|p2a: Cyclizar\n|-damage|p2a: Cyclizar|62\/100\n|\n|t:|1700336934\n|switch|p1a: Sneasler|Sneasler, F|81\/100|[from] Volt Switch\n|\n|upkeep\n|turn|7\n|\n|t:|1700336944\n|switch|p2a: Amoonguss|Amoonguss, M|89\/100\n|-damage|p2a: Amoonguss|76\/100|[from] Stealth Rock\n|move|p1a: Sneasler|Close Combat|p2a: Amoonguss\n|-resisted|p2a: Amoonguss\n|-damage|p2a: Amoonguss|44\/100\n|-unboost|p1a: Sneasler|def|1\n|-unboost|p1a: Sneasler|spd|1\n|-damage|p1a: Sneasler|71\/100|[from] item: Life Orb\n|\n|upkeep\n|turn|8\n|\n|t:|1700336955\n|move|p1a: Sneasler|U-turn|p2a: Amoonguss\n|-damage|p2a: Amoonguss|18\/100\n|-damage|p1a: Sneasler|61\/100|[from] item: Life Orb\n|\n|t:|1700336960\n|switch|p1a: Ting-Lu|Ting-Lu|100\/100 slp|[from] U-turn\n|-ability|p1a: Ting-Lu|Vessel of Ruin\n|move|p2a: Amoonguss|Giga Drain|p1a: Ting-Lu\n|-supereffective|p1a: Ting-Lu\n|-damage|p1a: Ting-Lu|75\/100 slp\n|-heal|p2a: Amoonguss|33\/100|[from] drain|[of] p1a: Ting-Lu\n|\n|-heal|p1a: Ting-Lu|81\/100 slp|[from] item: Leftovers\n|upkeep\n|turn|9\n|\n|t:|1700336968\n|switch|p1a: Zapdos|Zapdos|100\/100\n|switch|p2a: Cyclizar|Cyclizar, F|95\/100\n|\n|upkeep\n|turn|10\n|\n|t:|1700336977\n|switch|p1a: Ting-Lu|Ting-Lu|81\/100 slp\n|-ability|p1a: Ting-Lu|Vessel of Ruin\n|move|p2a: Cyclizar|Rapid Spin|p1a: Ting-Lu\n|-damage|p1a: Ting-Lu|74\/100 slp\n|-boost|p2a: Cyclizar|spe|1\n|-sideend|p2: Hugh's Jass|Stealth Rock|[from] move: Rapid Spin|[of] p2a: Cyclizar\n|\n|-heal|p1a: Ting-Lu|80\/100 slp|[from] item: Leftovers\n|upkeep\n|turn|11\n|\n|t:|1700336981\n|move|p2a: Cyclizar|Knock Off|p1a: Ting-Lu\n|-resisted|p1a: Ting-Lu\n|-damage|p1a: Ting-Lu|75\/100 slp\n|-enditem|p1a: Ting-Lu|Leftovers|[from] move: Knock Off|[of] p2a: Cyclizar\n|cant|p1a: Ting-Lu|slp\n|\n|upkeep\n|turn|12\n|\n|t:|1700336994\n|move|p2a: Cyclizar|U-turn|p1a: Ting-Lu\n|-supereffective|p1a: Ting-Lu\n|-damage|p1a: Ting-Lu|61\/100 slp\n|\n|t:|1700336996\n|switch|p2a: Amoonguss|Amoonguss, M|66\/100|[from] U-turn\n|-curestatus|p1a: Ting-Lu|slp|[msg]\n|move|p1a: Ting-Lu|Whirlwind|p2a: Amoonguss\n|drag|p2a: Slowbro|Slowbro, F|84\/100\n|\n|upkeep\n|turn|13\n|\n|t:|1700337003\n|move|p1a: Ting-Lu|Ruination|p2a: Slowbro\n|-damage|p2a: Slowbro|42\/100\n|move|p2a: Slowbro|Scald|p1a: Ting-Lu\n|-supereffective|p1a: Ting-Lu\n|-damage|p1a: Ting-Lu|30\/100\n|\n|upkeep\n|turn|14\n|\n|t:|1700337010\n|switch|p1a: Zapdos|Zapdos|100\/100\n|move|p2a: Slowbro|Future Sight|p1a: Zapdos\n|-start|p2a: Slowbro|move: Future Sight\n|\n|upkeep\n|turn|15\n|\n|t:|1700337019\n|switch|p2a: Slowking|Slowking-Galar, M|100\/100\n|move|p1a: Zapdos|Volt Switch|p2a: Slowking\n|-damage|p2a: Slowking|77\/100\n|inactive|Phing has 120 seconds left.\n|\n|t:|1700337054\n|switch|p1a: Dragapult|Dragapult, F|100\/100|[from] Volt Switch\n|\n|upkeep\n|turn|16\n|\n|t:|1700337060\n|-terastallize|p2a: Slowking|Fairy\n|move|p1a: Dragapult|Substitute|p1a: Dragapult\n|-start|p1a: Dragapult|Substitute\n|-damage|p1a: Dragapult|76\/100\n|move|p2a: Slowking|Sludge Bomb|p1a: Dragapult\n|-resisted|p1a: Dragapult\n|-end|p1a: Dragapult|Substitute\n|\n|-end|p1a: Dragapult|move: Future Sight\n|-damage|p1a: Dragapult|20\/100\n|-heal|p1a: Dragapult|26\/100|[from] item: Leftovers\n|upkeep\n|turn|17\n|\n|t:|1700337075\n|switch|p1a: Ting-Lu|Ting-Lu|30\/100\n|-ability|p1a: Ting-Lu|Vessel of Ruin\n|move|p2a: Slowking|Future Sight|p1a: Ting-Lu\n|-start|p2a: Slowking|move: Future Sight\n|\n|upkeep\n|turn|18\n|\n|t:|1700337085\n|switch|p2a: Mienshao|Mienshao, M|100\/100\n|move|p1a: Ting-Lu|Ruination|p2a: Mienshao\n|-damage|p2a: Mienshao|51\/100\n|\n|upkeep\n|turn|19\n|\n|t:|1700337101\n|move|p2a: Mienshao|U-turn|p1a: Ting-Lu\n|-supereffective|p1a: Ting-Lu\n|-damage|p1a: Ting-Lu|11\/100\n|\n|t:|1700337105\n|switch|p2a: Cyclizar|Cyclizar, F|100\/100|[from] U-turn\n|move|p1a: Ting-Lu|Earthquake|p2a: Cyclizar\n|-damage|p2a: Cyclizar|51\/100\n|\n|-end|p1a: Ting-Lu|move: Future Sight\n|-immune|p1a: Ting-Lu\n|upkeep\n|turn|20\n|\n|t:|1700337111\n|move|p2a: Cyclizar|U-turn|p1a: Ting-Lu\n|-supereffective|p1a: Ting-Lu\n|-damage|p1a: Ting-Lu|0 fnt\n|faint|p1a: Ting-Lu\n|\n|t:|1700337115\n|switch|p2a: Mienshao|Mienshao, M|84\/100|[from] U-turn\n|\n|upkeep\n|\n|t:|1700337124\n|switch|p1a: Dragapult|Dragapult, F|26\/100\n|turn|21\n|\n|t:|1700337136\n|move|p2a: Mienshao|Knock Off|p1a: Dragapult\n|-supereffective|p1a: Dragapult\n|-damage|p1a: Dragapult|0 fnt\n|-enditem|p1a: Dragapult|Leftovers|[from] move: Knock Off|[of] p2a: Mienshao\n|faint|p1a: Dragapult\n|\n|upkeep\n|\n|t:|1700337152\n|switch|p1a: Zapdos|Zapdos|100\/100\n|turn|22\n|\n|t:|1700337156\n|switch|p2a: Slowking|Slowking-Galar, M, tera:Fairy|100\/100\n|move|p1a: Zapdos|Hurricane|p2a: Slowking\n|-crit|p2a: Slowking\n|-damage|p2a: Slowking|47\/100\n|\n|upkeep\n|turn|23\n|\n|t:|1700337163\n|move|p1a: Zapdos|Hurricane|p2a: Slowking\n|-damage|p2a: Slowking|14\/100\n|move|p2a: Slowking|Future Sight|p1a: Zapdos\n|-start|p2a: Slowking|move: Future Sight\n|\n|upkeep\n|turn|24\n|\n|t:|1700337171\n|switch|p2a: Tornadus|Tornadus-Therian, M|100\/100\n|move|p1a: Zapdos|Hurricane|p2a: Tornadus\n|-damage|p2a: Tornadus|4\/100\n|\n|upkeep\n|turn|25\n|\n|t:|1700337185\n|switch|p2a: Slowking|Slowking-Galar, M, tera:Fairy|47\/100\n|move|p1a: Zapdos|Hurricane|p2a: Slowking|[miss]\n|-miss|p1a: Zapdos|p2a: Slowking\n|\n|-end|p1a: Zapdos|move: Future Sight\n|-damage|p1a: Zapdos|41\/100\n|upkeep\n|turn|26\n|\n|t:|1700337197\n|move|p1a: Zapdos|Hurricane|p2a: Slowking\n|-damage|p2a: Slowking|11\/100\n|move|p2a: Slowking|Sludge Bomb|p1a: Zapdos\n|-damage|p1a: Zapdos|0 fnt\n|faint|p1a: Zapdos\n|\n|upkeep\n|\n|t:|1700337214\n|switch|p1a: Great Tusk|Great Tusk|100\/100\n|turn|27\n|\n|t:|1700337223\n|switch|p2a: Amoonguss|Amoonguss, M|99\/100\n|move|p1a: Great Tusk|Rapid Spin|p2a: Amoonguss\n|-damage|p2a: Amoonguss|85\/100\n|-boost|p1a: Great Tusk|spe|1\n|\n|upkeep\n|turn|28\n|\n|t:|1700337236\n|move|p1a: Great Tusk|Headlong Rush|p2a: Amoonguss\n|-damage|p2a: Amoonguss|31\/100\n|-unboost|p1a: Great Tusk|def|1\n|-unboost|p1a: Great Tusk|spd|1\n|move|p2a: Amoonguss|Sludge Bomb|p1a: Great Tusk\n|-resisted|p1a: Great Tusk\n|-damage|p1a: Great Tusk|82\/100\n|\n|upkeep\n|turn|29\n|c|\u2606Phing|gg nice full regenerator team i think i lose :'D\n|\n|t:|1700337260\n|switch|p2a: Slowbro|Slowbro, F|76\/100\n|move|p1a: Great Tusk|Headlong Rush|p2a: Slowbro\n|-damage|p2a: Slowbro|38\/100\n|-unboost|p1a: Great Tusk|def|1\n|-unboost|p1a: Great Tusk|spd|1\n|\n|upkeep\n|turn|30\n|c|\u2606Hugh's Jass|it's all good, it's a meme team anyways\n|\n|t:|1700337271\n|move|p1a: Great Tusk|Knock Off|p2a: Slowbro\n|-supereffective|p2a: Slowbro\n|-enditem|p2a: Slowbro|Colbur Berry|[eat]\n|-enditem|p2a: Slowbro|Colbur Berry|[weaken]\n|-damage|p2a: Slowbro|14\/100\n|move|p2a: Slowbro|Slack Off|p2a: Slowbro\n|-heal|p2a: Slowbro|64\/100\n|\n|upkeep\n|turn|31\n|\n|t:|1700337285\n|move|p1a: Great Tusk|Headlong Rush|p2a: Slowbro\n|-crit|p2a: Slowbro\n|-damage|p2a: Slowbro|5\/100\n|-unboost|p1a: Great Tusk|def|1\n|-unboost|p1a: Great Tusk|spd|1\n|move|p2a: Slowbro|Slack Off|p2a: Slowbro\n|-heal|p2a: Slowbro|55\/100\n|\n|upkeep\n|turn|32\n|\n|t:|1700337289\n|move|p1a: Great Tusk|Headlong Rush|p2a: Slowbro\n|-damage|p2a: Slowbro|12\/100\n|-unboost|p1a: Great Tusk|def|1\n|-unboost|p1a: Great Tusk|spd|1\n|move|p2a: Slowbro|Scald|p1a: Great Tusk\n|-supereffective|p1a: Great Tusk\n|-damage|p1a: Great Tusk|0 fnt\n|faint|p1a: Great Tusk\n|-end|p1a: Great Tusk|Protosynthesis|[silent]\n|\n|upkeep\n|\n|t:|1700337306\n|switch|p1a: Sneasler|Sneasler, F|61\/100\n|turn|33\n|\n|t:|1700337319\n|switch|p2a: Amoonguss|Amoonguss, M|64\/100\n|move|p1a: Sneasler|U-turn|p2a: Amoonguss\n|-damage|p2a: Amoonguss|39\/100\n|-damage|p1a: Sneasler|51\/100|[from] item: Life Orb\n|\n|t:|1700337321\n|switch|p1a: Ogerpon|Ogerpon-Wellspring, F|100\/100|[from] U-turn\n|\n|upkeep\n|turn|34\n|\n|t:|1700337327\n|-terastallize|p1a: Ogerpon|Water\n|detailschange|p1a: Ogerpon|Ogerpon-Wellspring-Tera, F, tera:Water\n|-ability|p1a: Ogerpon|Embody Aspect (Wellspring)|boost\n|-boost|p1a: Ogerpon|spd|1\n|move|p1a: Ogerpon|Ivy Cudgel|p2a: Amoonguss|[anim] Ivy Cudgel Water\n|-resisted|p2a: Amoonguss\n|-damage|p2a: Amoonguss|7\/100\n|move|p2a: Amoonguss|Clear Smog|p1a: Ogerpon\n|-damage|p1a: Ogerpon|89\/100\n|-clearboost|p1a: Ogerpon\n|\n|upkeep\n|turn|35\n|\n|t:|1700337338\n|switch|p2a: Slowbro|Slowbro, F|45\/100\n|move|p1a: Ogerpon|Ivy Cudgel|p2a: Slowbro|[anim] Ivy Cudgel Water\n|-resisted|p2a: Slowbro\n|-crit|p2a: Slowbro\n|-damage|p2a: Slowbro|11\/100\n|\n|upkeep\n|turn|36\n|\n|t:|1700337346\n|switch|p2a: Amoonguss|Amoonguss, M|41\/100\n|move|p1a: Ogerpon|Ivy Cudgel|p2a: Amoonguss|[anim] Ivy Cudgel Water\n|-resisted|p2a: Amoonguss\n|-damage|p2a: Amoonguss|9\/100\n|\n|upkeep\n|turn|37\n|\n|t:|1700337352\n|switch|p2a: Cyclizar|Cyclizar, F|84\/100\n|move|p1a: Ogerpon|Ivy Cudgel|p2a: Cyclizar|[anim] Ivy Cudgel Water\n|-resisted|p2a: Cyclizar\n|-damage|p2a: Cyclizar|29\/100\n|\n|upkeep\n|turn|38\n|\n|t:|1700337356\n|move|p2a: Cyclizar|U-turn|p1a: Ogerpon\n|-damage|p1a: Ogerpon|67\/100\n|c|\u2606Phing|ALVMSQHODVN\n|\n|t:|1700337367\n|switch|p2a: Slowbro|Slowbro, F|45\/100|[from] U-turn\n|move|p1a: Ogerpon|Ivy Cudgel|p2a: Slowbro|[anim] Ivy Cudgel Water\n|-resisted|p2a: Slowbro\n|-damage|p2a: Slowbro|22\/100\n|\n|upkeep\n|turn|39\n|c|\u2606Phing|so tanky xD\n|\n|t:|1700337376\n|switch|p2a: Amoonguss|Amoonguss, M|42\/100\n|move|p1a: Ogerpon|Ivy Cudgel|p2a: Amoonguss|[anim] Ivy Cudgel Water\n|-resisted|p2a: Amoonguss\n|-damage|p2a: Amoonguss|13\/100\n|\n|upkeep\n|turn|40\n|\n|t:|1700337383\n|switch|p2a: Slowbro|Slowbro, F|55\/100\n|move|p1a: Ogerpon|Swords Dance|p1a: Ogerpon\n|-boost|p1a: Ogerpon|atk|2\n|\n|upkeep\n|turn|41\n|\n|t:|1700337387\n|move|p1a: Ogerpon|Horn Leech|p2a: Slowbro\n|-supereffective|p2a: Slowbro\n|-damage|p2a: Slowbro|0 fnt\n|-heal|p1a: Ogerpon|100\/100|[from] drain|[of] p2a: Slowbro\n|faint|p2a: Slowbro\n|\n|upkeep\n|\n|t:|1700337392\n|switch|p2a: Mienshao|Mienshao, M|100\/100\n|turn|42\n|\n|t:|1700337397\n|move|p2a: Mienshao|Close Combat|p1a: Ogerpon\n|-damage|p1a: Ogerpon|19\/100\n|-unboost|p2a: Mienshao|def|1\n|-unboost|p2a: Mienshao|spd|1\n|move|p1a: Ogerpon|Ivy Cudgel|p2a: Mienshao|[anim] Ivy Cudgel Water\n|-damage|p2a: Mienshao|0 fnt\n|faint|p2a: Mienshao\n|\n|upkeep\n|\n|t:|1700337400\n|switch|p2a: Tornadus|Tornadus-Therian, M|37\/100\n|turn|43\n|\n|t:|1700337404\n|move|p2a: Tornadus|Hurricane|p1a: Ogerpon\n|-damage|p1a: Ogerpon|0 fnt\n|faint|p1a: Ogerpon\n|\n|upkeep\n|\n|t:|1700337406\n|switch|p1a: Sneasler|Sneasler, F|51\/100\n|turn|44\n|\n|t:|1700337416\n|switch|p2a: Slowking|Slowking-Galar, M, tera:Fairy|44\/100\n|move|p1a: Sneasler|Quick Attack|p2a: Slowking\n|-damage|p2a: Slowking|25\/100\n|-damage|p1a: Sneasler|41\/100|[from] item: Life Orb\n|\n|upkeep\n|turn|45\n|\n|t:|1700337424\n|move|p1a: Sneasler|Dire Claw|p2a: Slowking\n|-supereffective|p2a: Slowking\n|-damage|p2a: Slowking|0 fnt\n|faint|p2a: Slowking\n|-damage|p1a: Sneasler|31\/100|[from] item: Life Orb\n|\n|upkeep\n|\n|t:|1700337426\n|switch|p2a: Amoonguss|Amoonguss, M|46\/100\n|turn|46\n|\n|t:|1700337429\n|move|p1a: Sneasler|Dire Claw|p2a: Amoonguss\n|-damage|p2a: Amoonguss|4\/100\n|-status|p2a: Amoonguss|par\n|-damage|p1a: Sneasler|21\/100|[from] item: Life Orb\n|move|p2a: Amoonguss|Spore|p1a: Sneasler\n|-status|p1a: Sneasler|slp|[from] move: Spore\n|\n|upkeep\n|turn|47\n|c|\u2606Phing|NOOOOOO\n|\n|t:|1700337445\n|cant|p1a: Sneasler|slp\n|move|p2a: Amoonguss|Sludge Bomb|p1a: Sneasler\n|-resisted|p1a: Sneasler\n|-damage|p1a: Sneasler|2\/100 slp\n|\n|upkeep\n|turn|48\n|\n|t:|1700337448\n|cant|p1a: Sneasler|slp\n|move|p2a: Amoonguss|Sludge Bomb|p1a: Sneasler\n|-resisted|p1a: Sneasler\n|-damage|p1a: Sneasler|0 fnt\n|faint|p1a: Sneasler\n|\n|win|Hugh's Jass\n|raw|Phing's rating: 1243 &rarr; <strong>1224<\/strong><br \/>(-19 for losing)\n|raw|Hugh&apos;s Jass's rating: 1330 &rarr; <strong>1345<\/strong><br \/>(+15 for winning)\n|c|\u2606Phing|Gg\n|c|\u2606Hugh's Jass|ggs, too close\n|l|\u2606Phing\n","uploadtime":1700337472,"views":8,"p1id":"phing","p2id":"hughsjass","formatid":"gen9ou","rating":1224,"private":0,"password":""}