{"id":"gen9ou-1991347068","p1":"Elatf","p2":"Asher12","format":"[Gen 9] OU","log":"|j|\u2606Elatf\n|j|\u2606Asher12\n|t:|1700069559\n|gametype|singles\n|player|p1|Elatf|101|1081\n|player|p2|Asher12|ingo|1105\n|teamsize|p1|6\n|teamsize|p2|6\n|gen|9\n|tier|[Gen 9] OU\n|rated|\n|rule|Sleep Clause Mod: Limit one foe put to sleep\n|rule|Species Clause: Limit one of each Pok\u00e9mon\n|rule|OHKO Clause: OHKO moves are banned\n|rule|Evasion Items Clause: Evasion items are banned\n|rule|Evasion Moves Clause: Evasion moves are banned\n|rule|Endless Battle Clause: Forcing endless battles is banned\n|rule|HP Percentage Mod: HP is shown in percentages\n|clearpoke\n|poke|p1|Ariados, M|\n|poke|p1|Arboliva, F|\n|poke|p1|Persian-Alola, M|\n|poke|p1|Samurott-Hisui, M|\n|poke|p1|Sneasel-Hisui, M|\n|poke|p1|Iron Treads|\n|poke|p2|Ribombee, F|\n|poke|p2|Sandslash-Alola, M|\n|poke|p2|Ursaluna, M|\n|poke|p2|Hatterene, F|\n|poke|p2|Ogerpon, F|\n|poke|p2|Arcanine-Hisui, M|\n|teampreview\n|inactive|Battle timer is ON: inactive players will automatically lose when time's up. (requested by Asher12)\n|\n|t:|1700069567\n|start\n|switch|p1a: Iron Treads|Iron Treads|100\/100\n|switch|p2a: Hatterene|Hatterene, F|100\/100\n|-enditem|p1a: Iron Treads|Booster Energy\n|-activate|p1a: Iron Treads|ability: Quark Drive|[fromitem]\n|-start|p1a: Iron Treads|quarkdrivespe\n|turn|1\n|\n|t:|1700069577\n|move|p1a: Iron Treads|Stealth Rock|p2a: Hatterene\n|move|p2a: Hatterene|Stealth Rock|p1a: Iron Treads|[from]ability: Magic Bounce\n|-sidestart|p1: Elatf|move: Stealth Rock\n|move|p2a: Hatterene|Psychic|p1a: Iron Treads\n|-resisted|p1a: Iron Treads\n|-damage|p1a: Iron Treads|64\/100\n|\n|upkeep\n|turn|2\n|\n|t:|1700069585\n|move|p1a: Iron Treads|Knock Off|p2a: Hatterene\n|-damage|p2a: Hatterene|67\/100\n|-enditem|p2a: Hatterene|Leftovers|[from] move: Knock Off|[of] p1a: Iron Treads\n|move|p2a: Hatterene|Psychic|p1a: Iron Treads\n|-resisted|p1a: Iron Treads\n|-damage|p1a: Iron Treads|32\/100\n|\n|upkeep\n|turn|3\n|\n|t:|1700069592\n|move|p1a: Iron Treads|Earthquake|p2a: Hatterene\n|-damage|p2a: Hatterene|20\/100\n|move|p2a: Hatterene|Psychic|p1a: Iron Treads\n|-resisted|p1a: Iron Treads\n|-damage|p1a: Iron Treads|0 fnt\n|faint|p1a: Iron Treads\n|-end|p1a: Iron Treads|Quark Drive|[silent]\n|\n|upkeep\n|\n|t:|1700069612\n|switch|p1a: Persian|Persian-Alola, M|100\/100\n|turn|4\n|\n|t:|1700069616\n|move|p1a: Persian|Knock Off|p2a: Hatterene\n|-damage|p2a: Hatterene|0 fnt\n|faint|p2a: Hatterene\n|\n|upkeep\n|\n|t:|1700069621\n|switch|p2a: Ribombee|Ribombee, F|100\/100\n|turn|5\n|\n|t:|1700069629\n|move|p2a: Ribombee|Sticky Web|p1a: Persian\n|-sidestart|p1: Elatf|move: Sticky Web\n|move|p1a: Persian|Knock Off|p2a: Ribombee\n|-resisted|p2a: Ribombee\n|-damage|p2a: Ribombee|74\/100\n|-enditem|p2a: Ribombee|Focus Sash|[from] move: Knock Off|[of] p1a: Persian\n|\n|upkeep\n|turn|6\n|\n|t:|1700069642\n|switch|p1a: Ariados|Ariados, M|100\/100\n|-damage|p1a: Ariados|76\/100|[from] Stealth Rock\n|-activate|p1a: Ariados|move: Sticky Web\n|-unboost|p1a: Ariados|spe|1\n|move|p2a: Ribombee|Moonblast|p1a: Ariados\n|-resisted|p1a: Ariados\n|-damage|p1a: Ariados|47\/100\n|\n|upkeep\n|turn|7\n|\n|t:|1700069653\n|move|p2a: Ribombee|U-turn|p1a: Ariados\n|-resisted|p1a: Ariados\n|-damage|p1a: Ariados|37\/100\n|\n|t:|1700069657\n|switch|p2a: Sandslash|Sandslash-Alola, M|100\/100|[from] U-turn\n|move|p1a: Ariados|Swords Dance|p1a: Ariados\n|-boost|p1a: Ariados|atk|2\n|\n|upkeep\n|turn|8\n|\n|t:|1700069666\n|-terastallize|p1a: Ariados|Ghost\n|move|p1a: Ariados|Sucker Punch|p2a: Sandslash\n|-damage|p2a: Sandslash|56\/100\n|move|p2a: Sandslash|Icicle Crash|p1a: Ariados\n|-damage|p1a: Ariados|0 fnt\n|faint|p1a: Ariados\n|\n|upkeep\n|\n|t:|1700069679\n|switch|p1a: Samurott|Samurott-Hisui, M|100\/100\n|-damage|p1a: Samurott|88\/100|[from] Stealth Rock\n|-activate|p1a: Samurott|move: Sticky Web\n|-unboost|p1a: Samurott|spe|1\n|turn|9\n|\n|t:|1700069688\n|switch|p2a: Ogerpon|Ogerpon, F|100\/100\n|move|p1a: Samurott|Ceaseless Edge|p2a: Ogerpon\n|-damage|p2a: Ogerpon|33\/100\n|-sidestart|p2: Asher12|Spikes\n|\n|upkeep\n|turn|10\n|\n|t:|1700069700\n|switch|p1a: Sneasel|Sneasel-Hisui, M|100\/100\n|-damage|p1a: Sneasel|95\/100|[from] Stealth Rock\n|-activate|p1a: Sneasel|move: Sticky Web\n|-unboost|p1a: Sneasel|spe|1\n|move|p2a: Ogerpon|Horn Leech|p1a: Sneasel\n|-resisted|p1a: Sneasel\n|-damage|p1a: Sneasel|69\/100\n|-heal|p2a: Ogerpon|44\/100|[from] drain|[of] p1a: Sneasel\n|-damage|p2a: Ogerpon|34\/100|[from] item: Life Orb\n|\n|upkeep\n|turn|11\n|\n|t:|1700069718\n|switch|p2a: Sandslash|Sandslash-Alola, M|56\/100\n|-damage|p2a: Sandslash|44\/100|[from] Spikes\n|move|p1a: Sneasel|Fake Out|p2a: Sandslash\n|-resisted|p2a: Sandslash\n|-damage|p2a: Sandslash|39\/100\n|\n|upkeep\n|turn|12\n|\n|t:|1700069727\n|move|p1a: Sneasel|Switcheroo|p2a: Sandslash\n|-activate|p1a: Sneasel|move: Trick|[of] p2a: Sandslash\n|-item|p2a: Sandslash|Eviolite|[from] move: Switcheroo\n|-item|p1a: Sneasel|Focus Sash|[from] move: Switcheroo\n|move|p2a: Sandslash|Rapid Spin|p1a: Sneasel\n|-damage|p1a: Sneasel|39\/100\n|-boost|p2a: Sandslash|spe|1\n|-sideend|p2: Asher12|Spikes|[from] move: Rapid Spin|[of] p2a: Sandslash\n|\n|upkeep\n|turn|13\n|-message|Elatf forfeited.\n|\n|win|Asher12\n|raw|Elatf's rating: 1081 &rarr; <strong>1060<\/strong><br \/>(-21 for losing)\n|raw|Asher12's rating: 1105 &rarr; <strong>1128<\/strong><br \/>(+23 for winning)\n|l|\u2606Elatf\n","uploadtime":1700069757,"views":6,"p1id":"elatf","p2id":"asher12","formatid":"gen9ou","rating":1060,"private":0,"password":""}