{"id":"gen9ou-1991294552","p1":"mf_salvador","p2":"tert_14","format":"[Gen 9] OU","log":"|j|\u2606mf_salvador\n|j|\u2606tert_14\n|inactive|Battle timer is ON: inactive players will automatically lose when time's up.\n|t:|1700065083\n|gametype|singles\n|player|p1|mf_salvador|flannery|\n|player|p2|tert_14|hiker|\n|teamsize|p1|3\n|teamsize|p2|3\n|gen|9\n|tier|[Gen 9] OU\n|rated|Tournament battle\n|rule|Sleep Clause Mod: Limit one foe put to sleep\n|rule|Species Clause: Limit one of each Pok\u00e9mon\n|rule|OHKO Clause: OHKO moves are banned\n|rule|Evasion Items Clause: Evasion items are banned\n|rule|Evasion Moves Clause: Evasion moves are banned\n|rule|Endless Battle Clause: Forcing endless battles is banned\n|rule|HP Percentage Mod: HP is shown in percentages\n|clearpoke\n|poke|p1|Rillaboom, F|\n|poke|p1|Mandibuzz, F|\n|poke|p1|Zorua-Hisui, M|\n|poke|p2|Fraxure, M|\n|poke|p2|Gholdengo|\n|poke|p2|Arcanine-Hisui, M|\n|teampreview\n|j|*Lady Monita \u2746\n|inactive|mf_salvador also wants the timer to be on.\n|j| Blonking\n|inactive|mf_salvador has 120 seconds left.\n|j| SweetNSourSpinda\n|c|\u2606mf_salvador|glhf\n|c|\u2606tert_14|gl hf\n|l| SweetNSourSpinda\n|\n|t:|1700065138\n|start\n|switch|p1a: Mandibuzz|Mandibuzz, F|100\/100\n|switch|p2a: Fraxure|Fraxure, M|100\/100\n|-ability|p2a: Fraxure|Mold Breaker\n|turn|1\n|\n|t:|1700065144\n|move|p1a: Mandibuzz|Agility|p1a: Mandibuzz\n|-boost|p1a: Mandibuzz|spe|2\n|move|p2a: Fraxure|Dragon Dance|p2a: Fraxure\n|-boost|p2a: Fraxure|atk|1\n|-boost|p2a: Fraxure|spe|1\n|\n|upkeep\n|turn|2\n|\n|t:|1700065149\n|move|p1a: Mandibuzz|Nasty Plot|p1a: Mandibuzz\n|-boost|p1a: Mandibuzz|spa|2\n|move|p2a: Fraxure|Outrage|p1a: Mandibuzz\n|-enditem|p1a: Mandibuzz|Focus Sash\n|-damage|p1a: Mandibuzz|1\/100\n|replace|p1a: Zorua|Zorua-Hisui, M\n|-end|p1a: Zorua|Illusion\n|\n|upkeep\n|turn|3\n|\n|t:|1700065156\n|move|p1a: Zorua|Shadow Ball|p2a: Fraxure\n|-crit|p2a: Fraxure\n|-damage|p2a: Fraxure|0 fnt\n|faint|p2a: Fraxure\n|\n|upkeep\n|c|\u2606tert_14|oh no\n|j| reed beano\n|c|\u2606mf_salvador|not sure if crit mattered but mb\n|c|\u2606tert_14|gg\n|c| reed beano|what happened\n|inactive|tert_14 has 120 seconds left.\n|c|\u2606tert_14|zorua soon to swipe me\n|\n|t:|1700065197\n|switch|p2a: Gholdengo|Gholdengo|100\/100\n|turn|4\n|j| poketough\n|\n|t:|1700065215\n|-terastallize|p2a: Gholdengo|Grass\n|move|p1a: Zorua|Shadow Ball|p2a: Gholdengo\n|-damage|p2a: Gholdengo|21\/100\n|-enditem|p2a: Gholdengo|Sitrus Berry|[eat]\n|-heal|p2a: Gholdengo|46\/100|[from] item: Sitrus Berry\n|move|p2a: Gholdengo|Make It Rain|p1a: Zorua\n|-damage|p1a: Zorua|0 fnt\n|-unboost|p2a: Gholdengo|spa|1\n|faint|p1a: Zorua\n|\n|upkeep\n|c|\u2606tert_14|OH\n|\n|t:|1700065232\n|switch|p1a: Rillaboom|Rillaboom, F|100\/100\n|-fieldstart|move: Grassy Terrain|[from] ability: Grassy Surge|[of] p1a: Rillaboom\n|-enditem|p1a: Rillaboom|Grassy Seed\n|-boost|p1a: Rillaboom|def|1|[from] item: Grassy Seed\n|turn|5\n|j| Carolina6969\n|inactive|tert_14 has 120 seconds left.\n|l| Blonking\n|l| reed beano\n|j| Blonking\n|\n|t:|1700065253\n|move|p1a: Rillaboom|Acrobatics|p2a: Gholdengo\n|-supereffective|p2a: Gholdengo\n|-damage|p2a: Gholdengo|0 fnt\n|faint|p2a: Gholdengo\n|\n|upkeep\n|\n|t:|1700065257\n|switch|p2a: Arcanine|Arcanine-Hisui, M|100\/100\n|turn|6\n|\n|t:|1700065269\n|move|p1a: Rillaboom|Grassy Glide|p2a: Arcanine\n|-damage|p2a: Arcanine|55\/100\n|move|p2a: Arcanine|Flare Blitz|p1a: Rillaboom\n|-supereffective|p1a: Rillaboom\n|-damage|p1a: Rillaboom|12\/100\n|\n|-heal|p2a: Arcanine|61\/100|[from] Grassy Terrain\n|-heal|p1a: Rillaboom|18\/100|[from] Grassy Terrain\n|upkeep\n|turn|7\n|\n|t:|1700065277\n|move|p1a: Rillaboom|Grassy Glide|p2a: Arcanine\n|-damage|p2a: Arcanine|19\/100\n|move|p2a: Arcanine|Flare Blitz|p1a: Rillaboom\n|-supereffective|p1a: Rillaboom\n|-damage|p1a: Rillaboom|0 fnt\n|faint|p1a: Rillaboom\n|\n|-heal|p2a: Arcanine|25\/100|[from] Grassy Terrain\n|upkeep\n|\n|t:|1700065282\n|switch|p1a: Mandibuzz|Mandibuzz, F|100\/100\n|turn|8\n|\n|t:|1700065286\n|move|p2a: Arcanine|Flare Blitz|p1a: Mandibuzz\n|-damage|p1a: Mandibuzz|66\/100\n|move|p1a: Mandibuzz|Toxic|p2a: Arcanine\n|-status|p2a: Arcanine|tox\n|\n|-heal|p2a: Arcanine|31\/100 tox|[from] Grassy Terrain\n|-damage|p2a: Arcanine|25\/100 tox|[from] psn\n|upkeep\n|turn|9\n|c|\u2606tert_14|gg\n|\n|t:|1700065292\n|move|p2a: Arcanine|Flare Blitz|p1a: Mandibuzz\n|-damage|p1a: Mandibuzz|32\/100\n|move|p1a: Mandibuzz|Roost|p1a: Mandibuzz\n|-heal|p1a: Mandibuzz|83\/100\n|-singleturn|p1a: Mandibuzz|move: Roost\n|\n|-heal|p2a: Arcanine|31\/100 tox|[from] Grassy Terrain\n|-heal|p1a: Mandibuzz|89\/100|[from] Grassy Terrain\n|-damage|p2a: Arcanine|19\/100 tox|[from] psn\n|-fieldend|move: Grassy Terrain\n|upkeep\n|turn|10\n|c|\u2606mf_salvador|gg\n|\n|t:|1700065296\n|move|p2a: Arcanine|Flare Blitz|p1a: Mandibuzz\n|-damage|p1a: Mandibuzz|55\/100\n|move|p1a: Mandibuzz|Roost|p1a: Mandibuzz\n|-heal|p1a: Mandibuzz|100\/100\n|-singleturn|p1a: Mandibuzz|move: Roost\n|\n|-damage|p2a: Arcanine|1\/100 tox|[from] psn\n|upkeep\n|turn|11\n|\n|t:|1700065301\n|-terastallize|p1a: Mandibuzz|Poison\n|move|p2a: Arcanine|Flare Blitz|p1a: Mandibuzz\n|-damage|p1a: Mandibuzz|66\/100\n|move|p1a: Mandibuzz|Roost|p1a: Mandibuzz\n|-heal|p1a: Mandibuzz|100\/100\n|\n|-damage|p2a: Arcanine|0 fnt|[from] psn\n|faint|p2a: Arcanine\n|\n|win|mf_salvador\n|upkeep\n|n|\u2606mf_salvador|mfsalvador\n|n|\u2606tert_14|tert14\n|n|*Lady Monita \u2746|ladymonita\n|n| poketough|poketough\n|n| Carolina6969|carolina6969\n|n| Blonking|blonking\n","uploadtime":1700065301,"views":7,"p1id":"mfsalvador","p2id":"tert14","formatid":"gen9ou","rating":0,"private":0,"password":""}