{"id":"gen9ou-1992277072","p1":"Bigger Yeagle","p2":"ratatta17","format":"[Gen 9] OU","log":"|j|\u2606Bigger Yeagle\n|j|\u2606ratatta17\n|t:|1700170145\n|gametype|singles\n|player|p1|Bigger Yeagle|102|1427\n|player|p2|ratatta17|2|1487\n|teamsize|p1|6\n|teamsize|p2|6\n|gen|9\n|tier|[Gen 9] OU\n|rated|\n|rule|Sleep Clause Mod: Limit one foe put to sleep\n|rule|Species Clause: Limit one of each Pok\u00e9mon\n|rule|OHKO Clause: OHKO moves are banned\n|rule|Evasion Items Clause: Evasion items are banned\n|rule|Evasion Moves Clause: Evasion moves are banned\n|rule|Endless Battle Clause: Forcing endless battles is banned\n|rule|HP Percentage Mod: HP is shown in percentages\n|clearpoke\n|poke|p1|Kingambit, M|\n|poke|p1|Ceruledge, F|\n|poke|p1|Iron Valiant|\n|poke|p1|Cinderace, M|\n|poke|p1|Slowking-Galar, F|\n|poke|p1|Ditto|\n|poke|p2|Azumarill, F|\n|poke|p2|Staraptor, M|\n|poke|p2|Toedscruel, M|\n|poke|p2|Skeledirge, M|\n|poke|p2|Ninetales-Alola, M|\n|poke|p2|Iron Valiant|\n|teampreview\n|inactive|Battle timer is ON: inactive players will automatically lose when time's up. (requested by ratatta17)\n|\n|t:|1700170162\n|start\n|switch|p1a: Cinderace|Cinderace, M|100\/100\n|switch|p2a: Staraptor|Staraptor, M|100\/100\n|-ability|p2a: Staraptor|Intimidate|boost\n|-unboost|p1a: Cinderace|atk|1\n|turn|1\n|\n|t:|1700170170\n|switch|p1a: Kingambit|Kingambit, M|100\/100\n|move|p2a: Staraptor|Final Gambit|p1a: Kingambit\n|-damage|p1a: Kingambit|8\/100\n|faint|p2a: Staraptor\n|\n|upkeep\n|\n|t:|1700170175\n|switch|p2a: Iron Valiant|Iron Valiant|100\/100\n|turn|2\n|\n|t:|1700170180\n|move|p2a: Iron Valiant|Knock Off|p1a: Kingambit\n|-resisted|p1a: Kingambit\n|-damage|p1a: Kingambit|0 fnt\n|-enditem|p1a: Kingambit|Lum Berry|[from] move: Knock Off|[of] p2a: Iron Valiant\n|faint|p1a: Kingambit\n|-end|p1a: Kingambit|fallenundefined|[silent]\n|-damage|p2a: Iron Valiant|91\/100|[from] item: Life Orb\n|\n|upkeep\n|\n|t:|1700170184\n|switch|p1a: Ceruledge|Ceruledge, F|100\/100\n|turn|3\n|\n|t:|1700170206\n|move|p2a: Iron Valiant|Thunderbolt|p1a: Ceruledge\n|-damage|p1a: Ceruledge|54\/100\n|-damage|p2a: Iron Valiant|81\/100|[from] item: Life Orb\n|move|p1a: Ceruledge|Swords Dance|p1a: Ceruledge\n|-boost|p1a: Ceruledge|atk|2\n|\n|upkeep\n|turn|4\n|\n|t:|1700170219\n|switch|p1a: Iron Valiant|Iron Valiant|100\/100\n|-enditem|p1a: Iron Valiant|Booster Energy\n|-activate|p1a: Iron Valiant|ability: Quark Drive|[fromitem]\n|-start|p1a: Iron Valiant|quarkdrivespe\n|move|p2a: Iron Valiant|Knock Off|p1a: Iron Valiant\n|-resisted|p1a: Iron Valiant\n|-damage|p1a: Iron Valiant|93\/100\n|-damage|p2a: Iron Valiant|71\/100|[from] item: Life Orb\n|\n|upkeep\n|turn|5\n|\n|t:|1700170224\n|-end|p2a: Iron Valiant|Quark Drive|[silent]\n|switch|p2a: Ninetales|Ninetales-Alola, M|100\/100\n|-weather|Snow|[from] ability: Snow Warning|[of] p2a: Ninetales\n|move|p1a: Iron Valiant|Moonblast|p2a: Ninetales\n|-damage|p2a: Ninetales|69\/100\n|\n|-weather|Snow|[upkeep]\n|upkeep\n|turn|6\n|\n|t:|1700170228\n|move|p1a: Iron Valiant|Substitute|p1a: Iron Valiant\n|-start|p1a: Iron Valiant|Substitute\n|-damage|p1a: Iron Valiant|68\/100\n|move|p2a: Ninetales|Aurora Veil|p2a: Ninetales\n|-sidestart|p2: ratatta17|move: Aurora Veil\n|\n|-weather|Snow|[upkeep]\n|upkeep\n|turn|7\n|\n|t:|1700170231\n|move|p1a: Iron Valiant|Shadow Ball|p2a: Ninetales\n|-damage|p2a: Ninetales|60\/100\n|move|p2a: Ninetales|Encore|p1a: Iron Valiant\n|-start|p1a: Iron Valiant|Encore\n|\n|-weather|Snow|[upkeep]\n|upkeep\n|turn|8\n|\n|t:|1700170240\n|move|p1a: Iron Valiant|Shadow Ball|p2a: Ninetales\n|-damage|p2a: Ninetales|51\/100\n|move|p2a: Ninetales|Freeze-Dry|p1a: Iron Valiant\n|-end|p1a: Iron Valiant|Substitute\n|\n|-weather|Snow|[upkeep]\n|upkeep\n|turn|9\n|\n|t:|1700170246\n|-end|p1a: Iron Valiant|Quark Drive|[silent]\n|switch|p1a: Ceruledge|Ceruledge, F|54\/100\n|move|p2a: Ninetales|Freeze-Dry|p1a: Ceruledge\n|-resisted|p1a: Ceruledge\n|-damage|p1a: Ceruledge|42\/100\n|\n|-weather|none\n|upkeep\n|turn|10\n|\n|t:|1700170249\n|move|p1a: Ceruledge|Bitter Blade|p2a: Ninetales\n|-supereffective|p2a: Ninetales\n|-damage|p2a: Ninetales|0 fnt\n|-heal|p1a: Ceruledge|72\/100|[from] drain|[of] p2a: Ninetales\n|faint|p2a: Ninetales\n|\n|upkeep\n|\n|t:|1700170254\n|switch|p2a: Iron Valiant|Iron Valiant|71\/100\n|turn|11\n|\n|t:|1700170258\n|switch|p1a: Iron Valiant|Iron Valiant|68\/100\n|move|p2a: Iron Valiant|Knock Off|p1a: Iron Valiant\n|-resisted|p1a: Iron Valiant\n|-damage|p1a: Iron Valiant|60\/100\n|-damage|p2a: Iron Valiant|62\/100|[from] item: Life Orb\n|\n|upkeep\n|turn|12\n|\n|t:|1700170260\n|move|p2a: Iron Valiant|Moonblast|p1a: Iron Valiant\n|-supereffective|p1a: Iron Valiant\n|-damage|p1a: Iron Valiant|0 fnt\n|faint|p1a: Iron Valiant\n|-end|p1a: Iron Valiant|Quark Drive|[silent]\n|-damage|p2a: Iron Valiant|52\/100|[from] item: Life Orb\n|\n|upkeep\n|\n|t:|1700170265\n|switch|p1a: Slowking|Slowking-Galar, F|100\/100\n|turn|13\n|\n|t:|1700170271\n|move|p2a: Iron Valiant|Knock Off|p1a: Slowking\n|-supereffective|p1a: Slowking\n|-damage|p1a: Slowking|45\/100\n|-enditem|p1a: Slowking|Black Sludge|[from] move: Knock Off|[of] p2a: Iron Valiant\n|-damage|p2a: Iron Valiant|42\/100|[from] item: Life Orb\n|move|p1a: Slowking|Slack Off|p1a: Slowking\n|-heal|p1a: Slowking|95\/100\n|\n|-sideend|p2: ratatta17|move: Aurora Veil\n|upkeep\n|turn|14\n|inactive|ratatta17 has 120 seconds left.\n|\n|t:|1700170322\n|-end|p2a: Iron Valiant|Quark Drive|[silent]\n|switch|p2a: Toedscruel|Toedscruel, M|100\/100\n|move|p1a: Slowking|Calm Mind|p1a: Slowking\n|-boost|p1a: Slowking|spa|1\n|-boost|p1a: Slowking|spd|1\n|\n|upkeep\n|turn|15\n|\n|t:|1700170329\n|switch|p1a: Ditto|Ditto|100\/100\n|-transform|p1a: Ditto|p2a: Toedscruel|[from] ability: Imposter\n|move|p2a: Toedscruel|Spore|p1a: Ditto\n|-immune|p1a: Ditto\n|\n|upkeep\n|turn|16\n|\n|t:|1700170353\n|switch|p2a: Iron Valiant|Iron Valiant|42\/100\n|switch|p1a: Ceruledge|Ceruledge, F|72\/100\n|\n|upkeep\n|turn|17\n|\n|t:|1700170366\n|move|p2a: Iron Valiant|Knock Off|p1a: Ceruledge\n|-supereffective|p1a: Ceruledge\n|-damage|p1a: Ceruledge|0 fnt\n|-enditem|p1a: Ceruledge|Focus Sash|[from] move: Knock Off|[of] p2a: Iron Valiant\n|faint|p1a: Ceruledge\n|-damage|p2a: Iron Valiant|33\/100|[from] item: Life Orb\n|\n|upkeep\n|\n|t:|1700170369\n|switch|p1a: Cinderace|Cinderace, M|100\/100\n|turn|18\n|\n|t:|1700170374\n|-end|p2a: Iron Valiant|Quark Drive|[silent]\n|switch|p2a: Skeledirge|Skeledirge, M|100\/100\n|move|p1a: Cinderace|Pyro Ball|p2a: Skeledirge\n|-resisted|p2a: Skeledirge\n|-damage|p2a: Skeledirge|76\/100\n|\n|-heal|p2a: Skeledirge|82\/100|[from] item: Leftovers\n|upkeep\n|turn|19\n|\n|t:|1700170379\n|move|p1a: Cinderace|Sucker Punch|p2a: Skeledirge\n|-start|p1a: Cinderace|typechange|Dark|[from] ability: Libero\n|-supereffective|p2a: Skeledirge\n|-damage|p2a: Skeledirge|29\/100\n|move|p2a: Skeledirge|Torch Song|p1a: Cinderace\n|-damage|p1a: Cinderace|60\/100\n|-boost|p2a: Skeledirge|spa|1\n|\n|-heal|p2a: Skeledirge|35\/100|[from] item: Leftovers\n|upkeep\n|turn|20\n|\n|t:|1700170388\n|switch|p1a: Slowking|Slowking-Galar, F|100\/100\n|move|p2a: Skeledirge|Slack Off|p2a: Skeledirge\n|-heal|p2a: Skeledirge|85\/100\n|\n|-heal|p2a: Skeledirge|91\/100|[from] item: Leftovers\n|upkeep\n|turn|21\n|\n|t:|1700170392\n|-terastallize|p1a: Slowking|Water\n|move|p2a: Skeledirge|Will-O-Wisp|p1a: Slowking\n|-status|p1a: Slowking|brn\n|move|p1a: Slowking|Calm Mind|p1a: Slowking\n|-boost|p1a: Slowking|spa|1\n|-boost|p1a: Slowking|spd|1\n|\n|-heal|p2a: Skeledirge|97\/100|[from] item: Leftovers\n|-damage|p1a: Slowking|94\/100 brn|[from] brn\n|upkeep\n|turn|22\n|\n|t:|1700170398\n|move|p2a: Skeledirge|Hex|p1a: Slowking\n|-damage|p1a: Slowking|38\/100 brn\n|move|p1a: Slowking|Calm Mind|p1a: Slowking\n|-boost|p1a: Slowking|spa|1\n|-boost|p1a: Slowking|spd|1\n|\n|-heal|p2a: Skeledirge|100\/100|[from] item: Leftovers\n|-damage|p1a: Slowking|32\/100 brn|[from] brn\n|upkeep\n|turn|23\n|\n|t:|1700170402\n|move|p2a: Skeledirge|Hex|p1a: Slowking\n|-damage|p1a: Slowking|0 fnt\n|faint|p1a: Slowking\n|\n|upkeep\n|\n|t:|1700170406\n|switch|p1a: Ditto|Ditto|100\/100\n|-transform|p1a: Ditto|p2a: Skeledirge|[from] ability: Imposter\n|turn|24\n|\n|t:|1700170413\n|switch|p2a: Toedscruel|Toedscruel, M|100\/100\n|move|p1a: Ditto|Hex|p2a: Toedscruel\n|-damage|p2a: Toedscruel|73\/100\n|\n|-heal|p2a: Toedscruel|79\/100|[from] item: Leftovers\n|upkeep\n|turn|25\n|\n|t:|1700170418\n|move|p1a: Ditto|Torch Song|p2a: Toedscruel\n|-supereffective|p2a: Toedscruel\n|-damage|p2a: Toedscruel|13\/100\n|-boost|p1a: Ditto|spa|1\n|move|p2a: Toedscruel|Spore|p1a: Ditto\n|-status|p1a: Ditto|slp|[from] move: Spore\n|\n|-heal|p2a: Toedscruel|19\/100|[from] item: Leftovers\n|upkeep\n|turn|26\n|\n|t:|1700170425\n|cant|p1a: Ditto|slp\n|move|p2a: Toedscruel|Leech Seed|p1a: Ditto\n|-start|p1a: Ditto|move: Leech Seed\n|\n|-heal|p2a: Toedscruel|25\/100|[from] item: Leftovers\n|-damage|p1a: Ditto|88\/100 slp|[from] Leech Seed|[of] p2a: Toedscruel\n|-heal|p2a: Toedscruel|35\/100|[silent]\n|upkeep\n|turn|27\n|\n|t:|1700170428\n|move|p2a: Toedscruel|Knock Off|p1a: Ditto\n|-supereffective|p1a: Ditto\n|-damage|p1a: Ditto|53\/100 slp\n|-enditem|p1a: Ditto|Mirror Herb|[from] move: Knock Off|[of] p2a: Toedscruel\n|cant|p1a: Ditto|slp\n|\n|-heal|p2a: Toedscruel|41\/100|[from] item: Leftovers\n|-damage|p1a: Ditto|40\/100 slp|[from] Leech Seed|[of] p2a: Toedscruel\n|-heal|p2a: Toedscruel|51\/100|[silent]\n|upkeep\n|turn|28\n|\n|t:|1700170440\n|switch|p2a: Skeledirge|Skeledirge, M|100\/100\n|cant|p1a: Ditto|slp\n|\n|-damage|p1a: Ditto|28\/100 slp|[from] Leech Seed|[of] p2a: Skeledirge\n|upkeep\n|turn|29\n|\n|t:|1700170443\n|move|p2a: Skeledirge|Hex|p1a: Ditto\n|-supereffective|p1a: Ditto\n|-damage|p1a: Ditto|0 fnt\n|faint|p1a: Ditto\n|\n|upkeep\n|\n|t:|1700170448\n|switch|p1a: Cinderace|Cinderace, M|60\/100\n|turn|30\n|c|\u2606Bigger Yeagle|gg\n|\n|t:|1700170454\n|move|p1a: Cinderace|Sucker Punch|p2a: Skeledirge\n|-start|p1a: Cinderace|typechange|Dark|[from] ability: Libero\n|-supereffective|p2a: Skeledirge\n|-damage|p2a: Skeledirge|47\/100\n|move|p2a: Skeledirge|Torch Song|p1a: Cinderace\n|-damage|p1a: Cinderace|17\/100\n|-boost|p2a: Skeledirge|spa|1\n|\n|-heal|p2a: Skeledirge|53\/100|[from] item: Leftovers\n|upkeep\n|turn|31\n|l|\u2606Bigger Yeagle\n|inactive|Bigger Yeagle disconnected and has a minute to reconnect!\n|player|p1|\n|inactive|Bigger Yeagle has 30 seconds to reconnect!\n|inactive|Bigger Yeagle has 20 seconds to reconnect!\n|inactive|Bigger Yeagle has 15 seconds to reconnect!\n|inactive|Bigger Yeagle has 10 seconds to reconnect!\n|inactive|Bigger Yeagle has 5 seconds to reconnect!\n|-message|Bigger Yeagle lost due to inactivity.\n|\n|win|ratatta17\n|raw|Bigger Yeagle's rating: 1427 &rarr; <strong>1410<\/strong><br \/>(-17 for losing)\n|raw|ratatta17's rating: 1487 &rarr; <strong>1504<\/strong><br \/>(+17 for winning)\n","uploadtime":1700170519,"views":17,"p1id":"biggeryeagle","p2id":"ratatta17","formatid":"gen9ou","rating":1410,"private":0,"password":""}