{"id":"gen9ou-1988267205","p1":"testalt 2841","p2":"FieldOfFlowers","format":"[Gen 9] OU","log":"|j|\u2606testalt 2841\n|j|\u2606FieldOfFlowers\n|t:|1699698108\n|gametype|singles\n|player|p1|testalt 2841|klara|1686\n|player|p2|FieldOfFlowers|sailor|1772\n|teamsize|p1|6\n|teamsize|p2|6\n|gen|9\n|tier|[Gen 9] OU\n|rated|\n|rule|Sleep Clause Mod: Limit one foe put to sleep\n|rule|Species Clause: Limit one of each Pok\u00e9mon\n|rule|OHKO Clause: OHKO moves are banned\n|rule|Evasion Items Clause: Evasion items are banned\n|rule|Evasion Moves Clause: Evasion moves are banned\n|rule|Endless Battle Clause: Forcing endless battles is banned\n|rule|HP Percentage Mod: HP is shown in percentages\n|clearpoke\n|poke|p1|Samurott-Hisui, M|\n|poke|p1|Sandy Shocks|\n|poke|p1|Iron Hands|\n|poke|p1|Iron Valiant|\n|poke|p1|Weavile, M|\n|poke|p1|Gholdengo|\n|poke|p2|Ribombee, F|\n|poke|p2|Ninetales-Alola, M|\n|poke|p2|Great Tusk|\n|poke|p2|Zamazenta-*|\n|poke|p2|Maushold|\n|poke|p2|Ceruledge, M|\n|teampreview\n|c|\u2606testalt 2841|didn't we fight like 10 mins ago\n|c|\u2606FieldOfFlowers|idk\n|\n|t:|1699698136\n|start\n|switch|p1a: Chick Magnet|Sandy Shocks|100\/100\n|switch|p2a: Ninetales|Ninetales-Alola, M|100\/100\n|-weather|Snow|[from] ability: Snow Warning|[of] p2a: Ninetales\n|-enditem|p1a: Chick Magnet|Booster Energy\n|-activate|p1a: Chick Magnet|ability: Protosynthesis|[fromitem]\n|-start|p1a: Chick Magnet|protosynthesisspe\n|turn|1\n|c|\u2606testalt 2841|dead ladder hours\n|\n|t:|1699698144\n|move|p1a: Chick Magnet|Thunderbolt|p2a: Ninetales\n|-damage|p2a: Ninetales|57\/100\n|-status|p2a: Ninetales|par\n|move|p2a: Ninetales|Aurora Veil|p2a: Ninetales\n|-sidestart|p2: FieldOfFlowers|move: Aurora Veil\n|\n|-weather|Snow|[upkeep]\n|upkeep\n|turn|2\n|\n|t:|1699698157\n|switch|p2a: Great Tusk|Great Tusk|100\/100\n|-enditem|p2a: Great Tusk|Booster Energy\n|-activate|p2a: Great Tusk|ability: Protosynthesis|[fromitem]\n|-start|p2a: Great Tusk|protosynthesisatk\n|move|p1a: Chick Magnet|Stealth Rock|p2a: Great Tusk\n|-sidestart|p2: FieldOfFlowers|move: Stealth Rock\n|\n|-weather|Snow|[upkeep]\n|upkeep\n|turn|3\n|\n|t:|1699698168\n|-terastallize|p1a: Chick Magnet|Ice\n|move|p1a: Chick Magnet|Tera Blast|p2a: Great Tusk|[anim] Tera Blast Ice\n|-supereffective|p2a: Great Tusk\n|-damage|p2a: Great Tusk|46\/100\n|move|p2a: Great Tusk|Ice Spinner|p1a: Chick Magnet\n|-resisted|p1a: Chick Magnet\n|-damage|p1a: Chick Magnet|88\/100\n|\n|-weather|Snow|[upkeep]\n|upkeep\n|turn|4\n|j| Evil T-tar\n|\n|t:|1699698183\n|move|p1a: Chick Magnet|Tera Blast|p2a: Great Tusk|[anim] Tera Blast Ice\n|-supereffective|p2a: Great Tusk\n|-damage|p2a: Great Tusk|0 fnt\n|faint|p2a: Great Tusk\n|-end|p2a: Great Tusk|Protosynthesis|[silent]\n|\n|-weather|Snow|[upkeep]\n|upkeep\n|\n|t:|1699698189\n|switch|p2a: Ceruledge|Ceruledge, M|100\/100\n|-damage|p2a: Ceruledge|76\/100|[from] Stealth Rock\n|turn|5\n|\n|t:|1699698199\n|-end|p1a: Chick Magnet|Protosynthesis|[silent]\n|switch|p1a: Ceaseless Edgehog|Samurott-Hisui, M|100\/100\n|move|p2a: Ceruledge|Bitter Blade|p1a: Ceaseless Edgehog\n|-resisted|p1a: Ceaseless Edgehog\n|-damage|p1a: Ceaseless Edgehog|72\/100\n|-heal|p2a: Ceruledge|92\/100|[from] drain|[of] p1a: Ceaseless Edgehog\n|\n|-weather|none\n|upkeep\n|turn|6\n|\n|t:|1699698227\n|move|p1a: Ceaseless Edgehog|Ceaseless Edge|p2a: Ceruledge\n|-supereffective|p2a: Ceruledge\n|-damage|p2a: Ceruledge|24\/100\n|-ability|p2a: Ceruledge|Weak Armor|boost\n|-unboost|p2a: Ceruledge|def|1\n|-boost|p2a: Ceruledge|spe|2\n|-sidestart|p2: FieldOfFlowers|Spikes\n|move|p2a: Ceruledge|Swords Dance|p2a: Ceruledge\n|-boost|p2a: Ceruledge|atk|2\n|\n|upkeep\n|turn|7\n|\n|t:|1699698239\n|move|p1a: Ceaseless Edgehog|Aqua Jet|p2a: Ceruledge\n|-supereffective|p2a: Ceruledge\n|-damage|p2a: Ceruledge|0 fnt\n|faint|p2a: Ceruledge\n|\n|upkeep\n|\n|t:|1699698242\n|switch|p2a: Maushold|Maushold|100\/100\n|-damage|p2a: Maushold|88\/100|[from] Stealth Rock\n|-damage|p2a: Maushold|76\/100|[from] Spikes\n|turn|8\n|\n|t:|1699698249\n|move|p2a: Maushold|Tidy Up|p2a: Maushold\n|-sideend|p2: FieldOfFlowers|Spikes\n|-sideend|p2: FieldOfFlowers|Stealth Rock\n|-activate|p2a: Maushold|move: Tidy Up\n|-boost|p2a: Maushold|atk|1\n|-boost|p2a: Maushold|spe|1\n|move|p1a: Ceaseless Edgehog|Knock Off|p2a: Maushold\n|-damage|p2a: Maushold|40\/100\n|-enditem|p2a: Maushold|Wide Lens|[from] move: Knock Off|[of] p1a: Ceaseless Edgehog\n|\n|-sideend|p2: FieldOfFlowers|move: Aurora Veil\n|upkeep\n|turn|9\n|\n|t:|1699698254\n|move|p2a: Maushold|Population Bomb|p1a: Ceaseless Edgehog|[miss]\n|-miss|p2a: Maushold|p1a: Ceaseless Edgehog\n|move|p1a: Ceaseless Edgehog|Ceaseless Edge|p2a: Maushold\n|-damage|p2a: Maushold|0 fnt\n|-sidestart|p2: FieldOfFlowers|Spikes\n|faint|p2a: Maushold\n|\n|upkeep\n|-message|FieldOfFlowers forfeited.\n|\n|win|testalt 2841\n|raw|testalt 2841's rating: 1686 &rarr; <strong>1711<\/strong><br \/>(+25 for winning)\n|raw|FieldOfFlowers's rating: 1772 &rarr; <strong>1747<\/strong><br \/>(-25 for losing)\n|l|\u2606FieldOfFlowers\n|l|\u2606testalt 2841\n|l| Evil T-tar\n","uploadtime":1699698345,"views":18,"p1id":"testalt2841","p2id":"fieldofflowers","formatid":"gen9ou","rating":1711,"private":0,"password":""}