{"id":"gen9ou-2000078659","p1":"Kiwakawa","p2":"iamhaxnoob","format":"[Gen 9] OU","log":"|j|\u2606Kiwakawa\n|j|\u2606iamhaxnoob\n|t:|1701150779\n|gametype|singles\n|player|p1|Kiwakawa|acetrainer-gen4|1381\n|player|p2|iamhaxnoob|101|1373\n|teamsize|p1|6\n|teamsize|p2|6\n|gen|9\n|tier|[Gen 9] OU\n|rated|\n|rule|Sleep Clause Mod: Limit one foe put to sleep\n|rule|Species Clause: Limit one of each Pok\u00e9mon\n|rule|OHKO Clause: OHKO moves are banned\n|rule|Evasion Items Clause: Evasion items are banned\n|rule|Evasion Moves Clause: Evasion moves are banned\n|rule|Endless Battle Clause: Forcing endless battles is banned\n|rule|HP Percentage Mod: HP is shown in percentages\n|clearpoke\n|poke|p1|Rillaboom, F|\n|poke|p1|Ceruledge, M|\n|poke|p1|Landorus-Therian, M|\n|poke|p1|Greninja-*, M|\n|poke|p1|Slowking-Galar, F|\n|poke|p1|Kleavor, F|\n|poke|p2|Fezandipiti, M|\n|poke|p2|Iron Valiant|\n|poke|p2|Dragapult, F|\n|poke|p2|Rotom-Wash|\n|poke|p2|Ogerpon-Wellspring, F|\n|poke|p2|Great Tusk|\n|teampreview\n|inactive|Battle timer is ON: inactive players will automatically lose when time's up. (requested by Kiwakawa)\n|\n|t:|1701150789\n|start\n|switch|p1a: Kleavor|Kleavor, F|100\/100\n|switch|p2a: Great Tusk|Great Tusk|100\/100\n|turn|1\n|\n|t:|1701150799\n|move|p1a: Kleavor|Trailblaze|p2a: Great Tusk\n|-supereffective|p2a: Great Tusk\n|-damage|p2a: Great Tusk|83\/100\n|-boost|p1a: Kleavor|spe|1\n|-damage|p1a: Kleavor|84\/100|[from] item: Rocky Helmet|[of] p2a: Great Tusk\n|move|p2a: Great Tusk|Rapid Spin|p1a: Kleavor\n|-resisted|p1a: Kleavor\n|-damage|p1a: Kleavor|75\/100\n|-boost|p2a: Great Tusk|spe|1\n|\n|-heal|p1a: Kleavor|81\/100|[from] item: Leftovers\n|upkeep\n|turn|2\n|\n|t:|1701150811\n|switch|p1a: Landorus|Landorus-Therian, M|100\/100\n|-ability|p1a: Landorus|Intimidate|boost\n|-unboost|p2a: Great Tusk|atk|1\n|move|p2a: Great Tusk|Rapid Spin|p1a: Landorus\n|-damage|p1a: Landorus|93\/100\n|-boost|p2a: Great Tusk|spe|1\n|-damage|p2a: Great Tusk|67\/100|[from] item: Rocky Helmet|[of] p1a: Landorus\n|\n|upkeep\n|turn|3\n|\n|t:|1701150821\n|move|p2a: Great Tusk|Stealth Rock|p1a: Landorus\n|-sidestart|p1: Kiwakawa|move: Stealth Rock\n|move|p1a: Landorus|U-turn|p2a: Great Tusk\n|-resisted|p2a: Great Tusk\n|-damage|p2a: Great Tusk|61\/100\n|-damage|p1a: Landorus|77\/100|[from] item: Rocky Helmet|[of] p2a: Great Tusk\n|\n|t:|1701150830\n|switch|p1a: Rillaboom|Rillaboom, F|100\/100|[from] U-turn\n|-damage|p1a: Rillaboom|88\/100|[from] Stealth Rock\n|-fieldstart|move: Grassy Terrain|[from] ability: Grassy Surge|[of] p1a: Rillaboom\n|\n|-heal|p2a: Great Tusk|67\/100|[from] Grassy Terrain\n|-heal|p1a: Rillaboom|94\/100|[from] Grassy Terrain\n|upkeep\n|turn|4\n|\n|t:|1701150840\n|-end|p2a: Great Tusk|Protosynthesis|[silent]\n|switch|p2a: Fezandipiti|Fezandipiti, M|100\/100\n|move|p1a: Rillaboom|U-turn|p2a: Fezandipiti\n|-resisted|p2a: Fezandipiti\n|-damage|p2a: Fezandipiti|93\/100\n|-damage|p1a: Rillaboom|84\/100|[from] item: Life Orb\n|\n|t:|1701150848\n|switch|p1a: Kleavor|Kleavor, F|81\/100|[from] U-turn\n|-damage|p1a: Kleavor|56\/100|[from] Stealth Rock\n|\n|-heal|p2a: Fezandipiti|99\/100|[from] Grassy Terrain\n|-heal|p1a: Kleavor|62\/100|[from] Grassy Terrain\n|-heal|p1a: Kleavor|68\/100|[from] item: Leftovers\n|upkeep\n|turn|5\n|\n|t:|1701150858\n|move|p2a: Fezandipiti|U-turn|p1a: Kleavor\n|-damage|p1a: Kleavor|51\/100\n|-status|p1a: Kleavor|tox|[from] ability: Toxic Chain|[of] p2a: Fezandipiti\n|\n|t:|1701150862\n|switch|p2a: Great Tusk|Great Tusk|67\/100|[from] U-turn\n|move|p1a: Kleavor|Stone Axe|p2a: Great Tusk\n|-resisted|p2a: Great Tusk\n|-damage|p2a: Great Tusk|61\/100\n|-damage|p1a: Kleavor|34\/100 tox|[from] item: Rocky Helmet|[of] p2a: Great Tusk\n|-sidestart|p2: iamhaxnoob|move: Stealth Rock\n|\n|-heal|p1a: Kleavor|40\/100 tox|[from] Grassy Terrain\n|-heal|p1a: Kleavor|46\/100 tox|[from] item: Leftovers\n|-heal|p2a: Great Tusk|67\/100|[from] Grassy Terrain\n|-damage|p1a: Kleavor|40\/100 tox|[from] psn\n|upkeep\n|turn|6\n|\n|t:|1701150875\n|move|p1a: Kleavor|U-turn|p2a: Great Tusk\n|-resisted|p2a: Great Tusk\n|-damage|p2a: Great Tusk|58\/100\n|-damage|p1a: Kleavor|24\/100 tox|[from] item: Rocky Helmet|[of] p2a: Great Tusk\n|\n|t:|1701150884\n|switch|p1a: Landorus|Landorus-Therian, M|77\/100|[from] U-turn\n|-damage|p1a: Landorus|65\/100|[from] Stealth Rock\n|-ability|p1a: Landorus|Intimidate|boost\n|-unboost|p2a: Great Tusk|atk|1\n|move|p2a: Great Tusk|Ice Spinner|p1a: Landorus\n|-supereffective|p1a: Landorus\n|-damage|p1a: Landorus|22\/100\n|-damage|p2a: Great Tusk|41\/100|[from] item: Rocky Helmet|[of] p1a: Landorus\n|-fieldend|move: Grassy Terrain\n|\n|upkeep\n|turn|7\n|\n|t:|1701150898\n|move|p2a: Great Tusk|Rapid Spin|p1a: Landorus\n|-damage|p1a: Landorus|15\/100\n|-boost|p2a: Great Tusk|spe|1\n|-damage|p2a: Great Tusk|25\/100|[from] item: Rocky Helmet|[of] p1a: Landorus\n|-sideend|p2: iamhaxnoob|Stealth Rock|[from] move: Rapid Spin|[of] p2a: Great Tusk\n|move|p1a: Landorus|U-turn|p2a: Great Tusk\n|-resisted|p2a: Great Tusk\n|-damage|p2a: Great Tusk|19\/100\n|-damage|p1a: Landorus|0 fnt|[from] item: Rocky Helmet|[of] p2a: Great Tusk\n|faint|p1a: Landorus\n|\n|upkeep\n|\n|t:|1701150909\n|switch|p1a: Greninja|Greninja, M|100\/100\n|-damage|p1a: Greninja|88\/100|[from] Stealth Rock\n|turn|8\n|\n|t:|1701150917\n|-end|p2a: Great Tusk|Protosynthesis|[silent]\n|switch|p2a: Fezandipiti|Fezandipiti, M|99\/100\n|move|p1a: Greninja|Grass Knot|p2a: Fezandipiti\n|-start|p1a: Greninja|typechange|Grass|[from] ability: Protean\n|-resisted|p2a: Fezandipiti\n|-damage|p2a: Fezandipiti|90\/100\n|\n|upkeep\n|turn|9\n|\n|t:|1701150928\n|switch|p1a: Ceruledge|Ceruledge, M|100\/100\n|-damage|p1a: Ceruledge|76\/100|[from] Stealth Rock\n|move|p2a: Fezandipiti|Beat Up|p1a: Ceruledge\n|-supereffective|p1a: Ceruledge\n|-damage|p1a: Ceruledge|66\/100\n|-ability|p1a: Ceruledge|Weak Armor|boost\n|-unboost|p1a: Ceruledge|def|1\n|-boost|p1a: Ceruledge|spe|2\n|-supereffective|p1a: Ceruledge\n|-damage|p1a: Ceruledge|48\/100\n|-ability|p1a: Ceruledge|Weak Armor|boost\n|-unboost|p1a: Ceruledge|def|1\n|-boost|p1a: Ceruledge|spe|2\n|-supereffective|p1a: Ceruledge\n|-damage|p1a: Ceruledge|29\/100\n|-ability|p1a: Ceruledge|Weak Armor|boost\n|-unboost|p1a: Ceruledge|def|1\n|-boost|p1a: Ceruledge|spe|2\n|-status|p1a: Ceruledge|tox|[from] ability: Toxic Chain|[of] p2a: Fezandipiti\n|-supereffective|p1a: Ceruledge\n|-damage|p1a: Ceruledge|13\/100 tox\n|-ability|p1a: Ceruledge|Weak Armor|boost\n|-unboost|p1a: Ceruledge|def|1\n|-supereffective|p1a: Ceruledge\n|-damage|p1a: Ceruledge|0 fnt\n|faint|p1a: Ceruledge\n|-hitcount|p1: Ceruledge|5\n|\n|upkeep\n|\n|t:|1701150951\n|switch|p1a: Kleavor|Kleavor, F|24\/100 tox\n|-damage|p1a: Kleavor|0 fnt|[from] Stealth Rock\n|faint|p1a: Kleavor\n|\n|t:|1701150955\n|switch|p1a: Slowking|Slowking-Galar, F|100\/100\n|turn|10\n|\n|t:|1701150963\n|move|p2a: Fezandipiti|U-turn|p1a: Slowking\n|-damage|p1a: Slowking|90\/100\n|\n|t:|1701150968\n|switch|p2a: Great Tusk|Great Tusk|19\/100|[from] U-turn\n|move|p1a: Slowking|Future Sight|p2a: Great Tusk\n|-start|p1a: Slowking|move: Future Sight\n|\n|upkeep\n|turn|11\n|\n|t:|1701150975\n|switch|p1a: Rillaboom|Rillaboom, F|84\/100\n|-damage|p1a: Rillaboom|72\/100|[from] Stealth Rock\n|-fieldstart|move: Grassy Terrain|[from] ability: Grassy Surge|[of] p1a: Rillaboom\n|move|p2a: Great Tusk|Ice Spinner|p1a: Rillaboom\n|-supereffective|p1a: Rillaboom\n|-damage|p1a: Rillaboom|18\/100\n|-fieldend|move: Grassy Terrain\n|\n|upkeep\n|turn|12\n|\n|t:|1701150988\n|-terastallize|p2a: Great Tusk|Dark\n|move|p1a: Rillaboom|Grassy Glide|p2a: Great Tusk\n|-damage|p2a: Great Tusk|0 fnt\n|-damage|p1a: Rillaboom|2\/100|[from] item: Rocky Helmet|[of] p2a: Great Tusk\n|faint|p2a: Great Tusk\n|-end|p2a: Great Tusk|Protosynthesis|[silent]\n|-damage|p1a: Rillaboom|0 fnt|[from] item: Life Orb\n|faint|p1a: Rillaboom\n|\n|-hint|Future Sight did not hit because the target is fainted.\n|upkeep\n|\n|t:|1701151000\n|switch|p1a: Slowking|Slowking-Galar, F|100\/100\n|switch|p2a: Rotom|Rotom-Wash|100\/100\n|turn|13\n|\n|t:|1701151004\n|move|p2a: Rotom|Will-O-Wisp|p1a: Slowking\n|-status|p1a: Slowking|brn\n|move|p1a: Slowking|Future Sight|p2a: Rotom\n|-start|p1a: Slowking|move: Future Sight\n|\n|-damage|p1a: Slowking|94\/100 brn|[from] brn\n|upkeep\n|turn|14\n|\n|t:|1701151011\n|move|p2a: Rotom|Protect|p2a: Rotom\n|-singleturn|p2a: Rotom|Protect\n|move|p1a: Slowking|Sludge Bomb|p2a: Rotom\n|-activate|p2a: Rotom|move: Protect\n|\n|-damage|p1a: Slowking|88\/100 brn|[from] brn\n|upkeep\n|turn|15\n|\n|t:|1701151019\n|move|p2a: Rotom|Volt Switch|p1a: Slowking\n|-damage|p1a: Slowking|67\/100 brn\n|\n|t:|1701151025\n|switch|p2a: Dragapult|Dragapult, F|100\/100|[from] Volt Switch\n|move|p1a: Slowking|Sludge Bomb|p2a: Dragapult\n|-resisted|p2a: Dragapult\n|-damage|p2a: Dragapult|79\/100\n|-status|p2a: Dragapult|psn\n|\n|-end|p2a: Dragapult|move: Future Sight\n|-damage|p2a: Dragapult|16\/100 psn\n|-damage|p2a: Dragapult|3\/100 psn|[from] psn\n|-damage|p1a: Slowking|61\/100 brn|[from] brn\n|upkeep\n|turn|16\n|\n|t:|1701151038\n|move|p2a: Dragapult|Draco Meteor|p1a: Slowking\n|-damage|p1a: Slowking|12\/100 brn\n|-unboost|p2a: Dragapult|spa|2\n|move|p1a: Slowking|Chilly Reception|p1a: Slowking\n|-weather|Snow\n|\n|t:|1701151045\n|switch|p1a: Greninja|Greninja, M|88\/100|[from] Chilly Reception\n|-damage|p1a: Greninja|76\/100|[from] Stealth Rock\n|\n|-weather|Snow|[upkeep]\n|-damage|p2a: Dragapult|0 fnt|[from] psn\n|faint|p2a: Dragapult\n|upkeep\n|\n|t:|1701151053\n|switch|p2a: Iron Valiant|Iron Valiant|100\/100\n|-enditem|p2a: Iron Valiant|Booster Energy\n|-activate|p2a: Iron Valiant|ability: Quark Drive|[fromitem]\n|-start|p2a: Iron Valiant|quarkdrivespe\n|turn|17\n|\n|t:|1701151062\n|move|p1a: Greninja|Ice Beam|p2a: Iron Valiant\n|-start|p1a: Greninja|typechange|Ice|[from] ability: Protean\n|-damage|p2a: Iron Valiant|33\/100\n|move|p2a: Iron Valiant|Moonblast|p1a: Greninja\n|-damage|p1a: Greninja|6\/100\n|\n|-weather|Snow|[upkeep]\n|upkeep\n|turn|18\n|\n|t:|1701151071\n|-end|p2a: Iron Valiant|Quark Drive|[silent]\n|switch|p2a: Rotom|Rotom-Wash|100\/100\n|move|p1a: Greninja|Ice Beam|p2a: Rotom\n|-resisted|p2a: Rotom\n|-damage|p2a: Rotom|81\/100\n|\n|-weather|Snow|[upkeep]\n|-heal|p2a: Rotom|87\/100|[from] item: Leftovers\n|upkeep\n|turn|19\n|\n|t:|1701151078\n|move|p1a: Greninja|Ice Beam|p2a: Rotom\n|-resisted|p2a: Rotom\n|-damage|p2a: Rotom|65\/100\n|move|p2a: Rotom|Volt Switch|p1a: Greninja\n|-damage|p1a: Greninja|0 fnt\n|faint|p1a: Greninja\n|\n|t:|1701151085\n|switch|p2a: Iron Valiant|Iron Valiant|33\/100|[from] Volt Switch\n|\n|-weather|Snow|[upkeep]\n|upkeep\n|\n|t:|1701151089\n|switch|p1a: Slowking|Slowking-Galar, F|45\/100 brn\n|turn|20\n|\n|t:|1701151093\n|move|p2a: Iron Valiant|Hex|p1a: Slowking\n|-supereffective|p1a: Slowking\n|-crit|p1a: Slowking\n|-damage|p1a: Slowking|0 fnt\n|faint|p1a: Slowking\n|\n|win|iamhaxnoob\n|raw|Kiwakawa's rating: 1381 &rarr; <strong>1361<\/strong><br \/>(-20 for losing)\n|raw|iamhaxnoob's rating: 1373 &rarr; <strong>1393<\/strong><br \/>(+20 for winning)\n|l|\u2606Kiwakawa\n","uploadtime":1701151100,"views":2,"p1id":"kiwakawa","p2id":"iamhaxnoob","formatid":"gen9ou","rating":1361,"private":0,"password":""}