{"id":"gen9ou-1992914623","p1":"agathakahn","p2":"Phrensoph","format":"[Gen 9] OU","log":"|j|\u2606agathakahn\n|j|\u2606Phrensoph\n|t:|1700246408\n|gametype|singles\n|player|p1|agathakahn|clair|1069\n|player|p2|Phrensoph|harlequin|1087\n|teamsize|p1|6\n|teamsize|p2|6\n|gen|9\n|tier|[Gen 9] OU\n|rated|\n|rule|Sleep Clause Mod: Limit one foe put to sleep\n|rule|Species Clause: Limit one of each Pok\u00e9mon\n|rule|OHKO Clause: OHKO moves are banned\n|rule|Evasion Items Clause: Evasion items are banned\n|rule|Evasion Moves Clause: Evasion moves are banned\n|rule|Endless Battle Clause: Forcing endless battles is banned\n|rule|HP Percentage Mod: HP is shown in percentages\n|clearpoke\n|poke|p1|Moltres-Galar|\n|poke|p1|Decidueye-Hisui, F|\n|poke|p1|Clodsire, M|\n|poke|p1|Typhlosion-Hisui, F|\n|poke|p1|Avalugg-Hisui, M|\n|poke|p1|Regidrago|\n|poke|p2|Tornadus-Therian, M|\n|poke|p2|Great Tusk|\n|poke|p2|Meowscarada, M|\n|poke|p2|Garchomp, F|\n|poke|p2|Ogerpon-Wellspring, F|\n|poke|p2|Heatran, F|\n|teampreview\n|\n|t:|1700246414\n|start\n|switch|p1a: Clodsire|Clodsire, M, shiny|100\/100\n|switch|p2a: Meowscarada|Meowscarada, M|100\/100\n|turn|1\n|\n|t:|1700246422\n|move|p2a: Meowscarada|Spikes|p1a: Clodsire\n|-sidestart|p1: agathakahn|Spikes\n|move|p1a: Clodsire|Toxic Spikes|p2a: Meowscarada\n|-sidestart|p2: Phrensoph|move: Toxic Spikes\n|\n|upkeep\n|turn|2\n|\n|t:|1700246426\n|move|p2a: Meowscarada|Taunt|p1a: Clodsire\n|-start|p1a: Clodsire|move: Taunt\n|cant|p1a: Clodsire|move: Taunt|Yawn\n|\n|upkeep\n|turn|3\n|\n|t:|1700246435\n|switch|p1a: Typhlosion|Typhlosion-Hisui, F, shiny|100\/100\n|-damage|p1a: Typhlosion|88\/100|[from] Spikes\n|-item|p2a: Meowscarada|Focus Sash|[from] ability: Frisk|[of] p1a: Typhlosion|[identify]\n|move|p2a: Meowscarada|Spikes|p1a: Typhlosion\n|-sidestart|p1: agathakahn|Spikes\n|\n|upkeep\n|turn|4\n|\n|t:|1700246443\n|move|p2a: Meowscarada|Knock Off|p1a: Typhlosion\n|-supereffective|p1a: Typhlosion\n|-damage|p1a: Typhlosion|0 fnt\n|-enditem|p1a: Typhlosion|Wise Glasses|[from] move: Knock Off|[of] p2a: Meowscarada\n|faint|p1a: Typhlosion\n|\n|upkeep\n|\n|t:|1700246451\n|switch|p1a: Decidueye|Decidueye-Hisui, F, shiny|100\/100\n|-damage|p1a: Decidueye|84\/100|[from] Spikes\n|turn|5\n|\n|t:|1700246455\n|move|p2a: Meowscarada|Spikes|p1a: Decidueye\n|-sidestart|p1: agathakahn|Spikes\n|move|p1a: Decidueye|Close Combat|p2a: Meowscarada\n|-supereffective|p2a: Meowscarada\n|-enditem|p2a: Meowscarada|Focus Sash\n|-damage|p2a: Meowscarada|1\/100\n|-unboost|p1a: Decidueye|def|1\n|-unboost|p1a: Decidueye|spd|1\n|\n|-heal|p1a: Decidueye|90\/100|[from] item: Leftovers\n|upkeep\n|turn|6\n|\n|t:|1700246465\n|move|p2a: Meowscarada|Knock Off|p1a: Decidueye\n|-resisted|p1a: Decidueye\n|-damage|p1a: Decidueye|61\/100\n|-enditem|p1a: Decidueye|Leftovers|[from] move: Knock Off|[of] p2a: Meowscarada\n|move|p1a: Decidueye|Knock Off|p2a: Meowscarada\n|-resisted|p2a: Meowscarada\n|-damage|p2a: Meowscarada|0 fnt\n|faint|p2a: Meowscarada\n|\n|upkeep\n|\n|t:|1700246473\n|switch|p2a: Heatran|Heatran, F|100\/100\n|turn|7\n|\n|t:|1700246479\n|move|p2a: Heatran|Stealth Rock|p1a: Decidueye\n|-sidestart|p1: agathakahn|move: Stealth Rock\n|move|p1a: Decidueye|Close Combat|p2a: Heatran\n|-supereffective|p2a: Heatran\n|-damage|p2a: Heatran|4\/100\n|-unboost|p1a: Decidueye|def|1\n|-unboost|p1a: Decidueye|spd|1\n|\n|-heal|p2a: Heatran|10\/100|[from] item: Leftovers\n|upkeep\n|turn|8\n|\n|t:|1700246489\n|move|p2a: Heatran|Magma Storm|p1a: Decidueye|[miss]\n|-miss|p2a: Heatran|p1a: Decidueye\n|move|p1a: Decidueye|Knock Off|p2a: Heatran\n|-damage|p2a: Heatran|0 fnt\n|-enditem|p2a: Heatran|Leftovers|[from] move: Knock Off|[of] p1a: Decidueye\n|faint|p2a: Heatran\n|\n|upkeep\n|\n|t:|1700246499\n|switch|p2a: Tornadus|Tornadus-Therian, M|100\/100\n|turn|9\n|\n|t:|1700246504\n|move|p2a: Tornadus|Bleakwind Storm|p1a: Decidueye|[miss]\n|-miss|p2a: Tornadus|p1a: Decidueye\n|move|p1a: Decidueye|Knock Off|p2a: Tornadus\n|-damage|p2a: Tornadus|53\/100\n|-enditem|p2a: Tornadus|Heavy-Duty Boots|[from] move: Knock Off|[of] p1a: Decidueye\n|\n|upkeep\n|turn|10\n|\n|t:|1700246513\n|move|p2a: Tornadus|Bleakwind Storm|p1a: Decidueye\n|-supereffective|p1a: Decidueye\n|-damage|p1a: Decidueye|0 fnt\n|faint|p1a: Decidueye\n|\n|upkeep\n|\n|t:|1700246523\n|switch|p1a: Moltres|Moltres-Galar|100\/100\n|-damage|p1a: Moltres|76\/100|[from] Stealth Rock\n|turn|11\n|\n|t:|1700246543\n|move|p2a: Tornadus|Bleakwind Storm|p1a: Moltres\n|-damage|p1a: Moltres|33\/100\n|-ability|p1a: Moltres|Berserk|boost\n|-boost|p1a: Moltres|spa|1\n|move|p1a: Moltres|Fiery Wrath|p2a: Tornadus\n|-damage|p2a: Tornadus|0 fnt\n|faint|p2a: Tornadus\n|-damage|p1a: Moltres|23\/100|[from] item: Life Orb\n|\n|upkeep\n|\n|t:|1700246555\n|switch|p2a: Ogerpon|Ogerpon-Wellspring, F|100\/100\n|-status|p2a: Ogerpon|psn\n|turn|12\n|\n|t:|1700246566\n|move|p2a: Ogerpon|Ivy Cudgel|p1a: Moltres|[anim] Ivy Cudgel Water\n|-damage|p1a: Moltres|0 fnt\n|faint|p1a: Moltres\n|\n|-damage|p2a: Ogerpon|88\/100 psn|[from] psn\n|upkeep\n|\n|t:|1700246574\n|switch|p1a: Clodsire|Clodsire, M, shiny|100\/100\n|-damage|p1a: Clodsire|76\/100|[from] Spikes\n|-damage|p1a: Clodsire|70\/100|[from] Stealth Rock\n|turn|13\n|\n|t:|1700246581\n|move|p2a: Ogerpon|Ivy Cudgel|p1a: Clodsire|[anim] Ivy Cudgel Water\n|-heal|p1a: Clodsire|94\/100|[from] ability: Water Absorb|[of] p2a: Ogerpon\n|move|p1a: Clodsire|Stealth Rock|p2a: Ogerpon\n|-sidestart|p2: Phrensoph|move: Stealth Rock\n|\n|-damage|p2a: Ogerpon|76\/100 psn|[from] psn\n|upkeep\n|turn|14\n|\n|t:|1700246591\n|move|p2a: Ogerpon|Encore|p1a: Clodsire\n|-start|p1a: Clodsire|Encore\n|move|p1a: Clodsire|Stealth Rock||[still]\n|-fail|p1a: Clodsire\n|\n|-damage|p2a: Ogerpon|64\/100 psn|[from] psn\n|upkeep\n|turn|15\n|\n|t:|1700246599\n|switch|p2a: Great Tusk|Great Tusk|100\/100\n|switch|p1a: Avalugg|Avalugg-Hisui, M|100\/100\n|-damage|p1a: Avalugg|75\/100|[from] Spikes\n|-damage|p1a: Avalugg|50\/100|[from] Stealth Rock\n|\n|upkeep\n|turn|16\n|\n|t:|1700246608\n|move|p2a: Great Tusk|Close Combat|p1a: Avalugg\n|-supereffective|p1a: Avalugg\n|-damage|p1a: Avalugg|0 fnt\n|-unboost|p2a: Great Tusk|def|1\n|-unboost|p2a: Great Tusk|spd|1\n|faint|p1a: Avalugg\n|\n|upkeep\n|\n|t:|1700246613\n|switch|p1a: Clodsire|Clodsire, M, shiny|94\/100\n|-damage|p1a: Clodsire|70\/100|[from] Spikes\n|-damage|p1a: Clodsire|64\/100|[from] Stealth Rock\n|turn|17\n|\n|t:|1700246621\n|move|p2a: Great Tusk|Knock Off|p1a: Clodsire\n|-damage|p1a: Clodsire|26\/100\n|-enditem|p1a: Clodsire|Damp Rock|[from] move: Knock Off|[of] p2a: Great Tusk\n|move|p1a: Clodsire|Toxic Spikes|p2a: Great Tusk\n|-sidestart|p2: Phrensoph|move: Toxic Spikes\n|\n|upkeep\n|turn|18\n|\n|t:|1700246630\n|move|p2a: Great Tusk|Headlong Rush|p1a: Clodsire\n|-supereffective|p1a: Clodsire\n|-damage|p1a: Clodsire|0 fnt\n|-unboost|p2a: Great Tusk|def|1\n|-unboost|p2a: Great Tusk|spd|1\n|faint|p1a: Clodsire\n|\n|upkeep\n|\n|t:|1700246633\n|switch|p1a: Regidrago|Regidrago, shiny|100\/100\n|-damage|p1a: Regidrago|76\/100|[from] Spikes\n|-damage|p1a: Regidrago|63\/100|[from] Stealth Rock\n|turn|19\n|\n|t:|1700246640\n|move|p2a: Great Tusk|Rapid Spin|p1a: Regidrago\n|-damage|p1a: Regidrago|44\/100\n|-boost|p2a: Great Tusk|spe|1\n|-sideend|p2: Phrensoph|Toxic Spikes|[from] move: Rapid Spin|[of] p2a: Great Tusk\n|-sideend|p2: Phrensoph|Stealth Rock|[from] move: Rapid Spin|[of] p2a: Great Tusk\n|move|p1a: Regidrago|Outrage|p2a: Great Tusk\n|-damage|p2a: Great Tusk|0 fnt\n|faint|p2a: Great Tusk\n|-end|p2a: Great Tusk|Protosynthesis|[silent]\n|\n|upkeep\n|\n|t:|1700246649\n|switch|p2a: Ogerpon|Ogerpon-Wellspring, F|64\/100 psn\n|turn|20\n|\n|t:|1700246655\n|move|p2a: Ogerpon|Ivy Cudgel|p1a: Regidrago|[anim] Ivy Cudgel Water\n|-resisted|p1a: Regidrago\n|-damage|p1a: Regidrago|11\/100\n|move|p1a: Regidrago|Outrage|p2a: Ogerpon|[from]lockedmove\n|-damage|p2a: Ogerpon|0 fnt\n|faint|p2a: Ogerpon\n|-start|p1a: Regidrago|confusion|[fatigue]\n|\n|upkeep\n|c|\u2606Phrensoph|gg\n|\n|t:|1700246663\n|switch|p2a: Garchomp|Garchomp, F|100\/100\n|turn|21\n|\n|t:|1700246666\n|move|p2a: Garchomp|Earthquake|p1a: Regidrago\n|-damage|p1a: Regidrago|0 fnt\n|faint|p1a: Regidrago\n|-damage|p2a: Garchomp|91\/100|[from] item: Life Orb\n|\n|win|Phrensoph\n|raw|agathakahn's rating: 1069 &rarr; <strong>1050<\/strong><br \/>(-19 for losing)\n|raw|Phrensoph's rating: 1087 &rarr; <strong>1113<\/strong><br \/>(+26 for winning)\n|l|\u2606agathakahn\n|c|\u2606Phrensoph|you choked badly\n","uploadtime":1700246675,"views":10,"p1id":"agathakahn","p2id":"phrensoph","formatid":"gen9ou","rating":1050,"private":0,"password":""}