{"id":"gen9ou-1994795324","p1":"Migstaper","p2":"jw0311","format":"[Gen 9] OU","log":"|j|\u2606Migstaper\n|j|\u2606jw0311\n|t:|1700493507\n|gametype|singles\n|player|p1|Migstaper|volkner|1651\n|player|p2|jw0311|ghetsis-gen5bw|1844\n|teamsize|p1|6\n|teamsize|p2|6\n|gen|9\n|tier|[Gen 9] OU\n|rated|\n|rule|Sleep Clause Mod: Limit one foe put to sleep\n|rule|Species Clause: Limit one of each Pok\u00e9mon\n|rule|OHKO Clause: OHKO moves are banned\n|rule|Evasion Items Clause: Evasion items are banned\n|rule|Evasion Moves Clause: Evasion moves are banned\n|rule|Endless Battle Clause: Forcing endless battles is banned\n|rule|HP Percentage Mod: HP is shown in percentages\n|clearpoke\n|poke|p1|Dragonite, M|\n|poke|p1|Enamorus, F|\n|poke|p1|Kingambit, M|\n|poke|p1|Great Tusk|\n|poke|p1|Heatran, M|\n|poke|p1|Rotom-Wash|\n|poke|p2|Dragapult, M|\n|poke|p2|Toxapex, M|\n|poke|p2|Hatterene, F|\n|poke|p2|Kingambit, M|\n|poke|p2|Great Tusk|\n|poke|p2|Dondozo, M|\n|teampreview\n|inactive|Battle timer is ON: inactive players will automatically lose when time's up. (requested by jw0311)\n|\n|t:|1700493518\n|start\n|switch|p1a: Ur washed|Rotom-Wash, shiny|100\/100\n|switch|p2a: Hatterene|Hatterene, F|100\/100\n|turn|1\n|\n|t:|1700493528\n|move|p1a: Ur washed|Nasty Plot|p1a: Ur washed\n|-boost|p1a: Ur washed|spa|2\n|move|p2a: Hatterene|Draining Kiss|p1a: Ur washed\n|-damage|p1a: Ur washed|64\/100\n|\n|-heal|p1a: Ur washed|70\/100|[from] item: Leftovers\n|upkeep\n|turn|2\n|\n|t:|1700493537\n|move|p1a: Ur washed|Protect|p1a: Ur washed\n|-singleturn|p1a: Ur washed|Protect\n|move|p2a: Hatterene|Psyshock|p1a: Ur washed\n|-activate|p1a: Ur washed|move: Protect\n|\n|-heal|p1a: Ur washed|76\/100|[from] item: Leftovers\n|upkeep\n|turn|3\n|\n|t:|1700493552\n|switch|p1a: Mind Games|Kingambit, M, shiny|100\/100\n|move|p2a: Hatterene|Psyshock|p1a: Mind Games\n|-immune|p1a: Mind Games\n|\n|upkeep\n|turn|4\n|j| mew852\n|\n|t:|1700493577\n|switch|p2a: Great Tusk|Great Tusk|100\/100\n|move|p1a: Mind Games|Kowtow Cleave|p2a: Great Tusk\n|-resisted|p2a: Great Tusk\n|-damage|p2a: Great Tusk|89\/100\n|\n|-heal|p2a: Great Tusk|96\/100|[from] item: Leftovers\n|upkeep\n|turn|5\n|j| yannono3\n|inactive|Migstaper has 120 seconds left.\n|\n|t:|1700493593\n|-end|p1a: Mind Games|fallenundefined|[silent]\n|switch|p1a: Greater Tusk|Great Tusk, shiny|100\/100\n|-enditem|p1a: Greater Tusk|Booster Energy\n|-activate|p1a: Greater Tusk|ability: Protosynthesis|[fromitem]\n|-start|p1a: Greater Tusk|protosynthesisatk\n|move|p2a: Great Tusk|Stealth Rock|p1a: Greater Tusk\n|-sidestart|p1: Migstaper|move: Stealth Rock\n|\n|-heal|p2a: Great Tusk|100\/100|[from] item: Leftovers\n|upkeep\n|turn|6\n|\n|t:|1700493602\n|move|p1a: Greater Tusk|Rapid Spin|p2a: Great Tusk\n|-damage|p2a: Great Tusk|89\/100\n|-boost|p1a: Greater Tusk|spe|1\n|-sideend|p1: Migstaper|Stealth Rock|[from] move: Rapid Spin|[of] p1a: Greater Tusk\n|move|p2a: Great Tusk|Earthquake|p1a: Greater Tusk\n|-damage|p1a: Greater Tusk|70\/100\n|\n|-heal|p2a: Great Tusk|96\/100|[from] item: Leftovers\n|upkeep\n|turn|7\n|\n|t:|1700493612\n|-end|p2a: Great Tusk|Protosynthesis|[silent]\n|switch|p2a: Dondozo|Dondozo, M|100\/100\n|move|p1a: Greater Tusk|Ice Spinner|p2a: Dondozo\n|-resisted|p2a: Dondozo\n|-damage|p2a: Dondozo|92\/100\n|-damage|p1a: Greater Tusk|53\/100|[from] item: Rocky Helmet|[of] p2a: Dondozo\n|\n|upkeep\n|turn|8\n|\n|t:|1700493621\n|-end|p1a: Greater Tusk|Protosynthesis|[silent]\n|switch|p1a: Ur washed|Rotom-Wash, shiny|76\/100\n|move|p2a: Dondozo|Waterfall|p1a: Ur washed\n|-resisted|p1a: Ur washed\n|-damage|p1a: Ur washed|60\/100\n|\n|-heal|p1a: Ur washed|66\/100|[from] item: Leftovers\n|upkeep\n|turn|9\n|\n|t:|1700493645\n|switch|p2a: Toxapex|Toxapex, M|100\/100\n|move|p1a: Ur washed|Thunderbolt|p2a: Toxapex\n|-supereffective|p2a: Toxapex\n|-damage|p2a: Toxapex|63\/100\n|\n|-heal|p1a: Ur washed|73\/100|[from] item: Leftovers\n|upkeep\n|turn|10\n|j| Jontrendline\n|\n|t:|1700493659\n|move|p1a: Ur washed|Protect|p1a: Ur washed\n|-singleturn|p1a: Ur washed|Protect\n|move|p2a: Toxapex|Sludge Bomb|p1a: Ur washed\n|-activate|p1a: Ur washed|move: Protect\n|\n|-heal|p1a: Ur washed|79\/100|[from] item: Leftovers\n|upkeep\n|turn|11\n|inactive|Migstaper has 120 seconds left.\n|\n|t:|1700493686\n|switch|p1a: Benjamin Tribe|Heatran, M, shiny|100\/100\n|move|p2a: Toxapex|Infestation|p1a: Benjamin Tribe\n|-resisted|p1a: Benjamin Tribe\n|-damage|p1a: Benjamin Tribe|99\/100\n|-activate|p1a: Benjamin Tribe|move: Infestation|[of] p2a: Toxapex\n|\n|-heal|p1a: Benjamin Tribe|100\/100|[from] item: Leftovers\n|-damage|p1a: Benjamin Tribe|88\/100|[from] move: Infestation|[partiallytrapped]\n|upkeep\n|turn|12\n|\n|t:|1700493696\n|move|p1a: Benjamin Tribe|Earth Power|p2a: Toxapex\n|-supereffective|p2a: Toxapex\n|-damage|p2a: Toxapex|22\/100\n|-unboost|p2a: Toxapex|spd|1\n|move|p2a: Toxapex|Surf|p1a: Benjamin Tribe\n|-supereffective|p1a: Benjamin Tribe\n|-damage|p1a: Benjamin Tribe|39\/100\n|\n|-heal|p1a: Benjamin Tribe|46\/100|[from] item: Leftovers\n|-damage|p1a: Benjamin Tribe|33\/100|[from] move: Infestation|[partiallytrapped]\n|upkeep\n|turn|13\n|\n|t:|1700493707\n|switch|p2a: Dragapult|Dragapult, M|100\/100\n|move|p1a: Benjamin Tribe|Earth Power|p2a: Dragapult\n|-damage|p2a: Dragapult|51\/100\n|\n|-heal|p1a: Benjamin Tribe|39\/100|[from] item: Leftovers\n|-end|p1a: Benjamin Tribe|Infestation|[partiallytrapped]|[silent]\n|upkeep\n|turn|14\n|\n|t:|1700493717\n|move|p1a: Benjamin Tribe|Protect|p1a: Benjamin Tribe\n|-singleturn|p1a: Benjamin Tribe|Protect\n|move|p2a: Dragapult|Shadow Ball|p1a: Benjamin Tribe\n|-activate|p1a: Benjamin Tribe|move: Protect\n|\n|-heal|p1a: Benjamin Tribe|46\/100|[from] item: Leftovers\n|upkeep\n|turn|15\n|\n|t:|1700493728\n|switch|p1a: Mind Games|Kingambit, M, shiny|100\/100\n|-terastallize|p2a: Dragapult|Ghost\n|move|p2a: Dragapult|Shadow Ball|p1a: Mind Games\n|-resisted|p1a: Mind Games\n|-damage|p1a: Mind Games|77\/100\n|-unboost|p1a: Mind Games|spd|1\n|\n|upkeep\n|turn|16\n|\n|t:|1700493749\n|switch|p2a: Great Tusk|Great Tusk|96\/100\n|-end|p1a: Mind Games|fallenundefined|[silent]\n|switch|p1a: Ur washed|Rotom-Wash, shiny|79\/100\n|\n|-heal|p1a: Ur washed|85\/100|[from] item: Leftovers\n|-heal|p2a: Great Tusk|100\/100|[from] item: Leftovers\n|upkeep\n|turn|17\n|\n|t:|1700493762\n|switch|p1a: fAegon|Dragonite, M|100\/100\n|move|p2a: Great Tusk|Knock Off|p1a: fAegon\n|-damage|p1a: fAegon|84\/100\n|-enditem|p1a: fAegon|Lum Berry|[from] move: Knock Off|[of] p2a: Great Tusk\n|\n|upkeep\n|turn|18\n|inactive|Migstaper has 90 seconds left.\n|\n|t:|1700493787\n|switch|p1a: Greater Tusk|Great Tusk, shiny|53\/100\n|move|p2a: Great Tusk|Stealth Rock|p1a: Greater Tusk\n|-sidestart|p1: Migstaper|move: Stealth Rock\n|\n|upkeep\n|turn|19\n|\n|t:|1700493793\n|move|p1a: Greater Tusk|Rapid Spin|p2a: Great Tusk\n|-damage|p2a: Great Tusk|92\/100\n|-boost|p1a: Greater Tusk|spe|1\n|-sideend|p1: Migstaper|Stealth Rock|[from] move: Rapid Spin|[of] p1a: Greater Tusk\n|move|p2a: Great Tusk|Earthquake|p1a: Greater Tusk\n|-damage|p1a: Greater Tusk|20\/100\n|\n|-heal|p2a: Great Tusk|99\/100|[from] item: Leftovers\n|upkeep\n|turn|20\n|l| Jontrendline\n|\n|t:|1700493806\n|-end|p1a: Greater Tusk|Protosynthesis|[silent]\n|switch|p1a: Ur washed|Rotom-Wash, shiny|85\/100\n|move|p2a: Great Tusk|Stealth Rock|p1a: Ur washed\n|-sidestart|p1: Migstaper|move: Stealth Rock\n|\n|-heal|p1a: Ur washed|91\/100|[from] item: Leftovers\n|-heal|p2a: Great Tusk|100\/100|[from] item: Leftovers\n|upkeep\n|turn|21\n|\n|t:|1700493821\n|-end|p2a: Great Tusk|Protosynthesis|[silent]\n|switch|p2a: Toxapex|Toxapex, M|55\/100\n|move|p1a: Ur washed|Protect||[still]\n|-fail|p1a: Ur washed\n|\n|-heal|p1a: Ur washed|98\/100|[from] item: Leftovers\n|upkeep\n|turn|22\n|\n|t:|1700493829\n|switch|p2a: Great Tusk|Great Tusk|100\/100\n|move|p1a: Ur washed|Nasty Plot|p1a: Ur washed\n|-boost|p1a: Ur washed|spa|2\n|\n|-heal|p1a: Ur washed|100\/100|[from] item: Leftovers\n|upkeep\n|turn|23\n|\n|t:|1700493838\n|-end|p2a: Great Tusk|Protosynthesis|[silent]\n|switch|p2a: Toxapex|Toxapex, M|89\/100\n|move|p1a: Ur washed|Hydro Pump|p2a: Toxapex\n|-resisted|p2a: Toxapex\n|-damage|p2a: Toxapex|66\/100\n|\n|upkeep\n|turn|24\n|\n|t:|1700493851\n|move|p1a: Ur washed|Nasty Plot|p1a: Ur washed\n|-boost|p1a: Ur washed|spa|2\n|move|p2a: Toxapex|Sludge Bomb|p1a: Ur washed\n|-damage|p1a: Ur washed|63\/100\n|\n|-heal|p1a: Ur washed|69\/100|[from] item: Leftovers\n|upkeep\n|turn|25\n|j| dfghhhg\n|\n|t:|1700493865\n|move|p1a: Ur washed|Hydro Pump|p2a: Toxapex|[miss]\n|-miss|p1a: Ur washed|p2a: Toxapex\n|move|p2a: Toxapex|Sludge Bomb|p1a: Ur washed\n|-damage|p1a: Ur washed|34\/100\n|-status|p1a: Ur washed|psn\n|\n|-heal|p1a: Ur washed|40\/100 psn|[from] item: Leftovers\n|-damage|p1a: Ur washed|28\/100 psn|[from] psn\n|upkeep\n|turn|26\n|\n|t:|1700493875\n|switch|p2a: Hatterene|Hatterene, F|100\/100\n|move|p1a: Ur washed|Thunderbolt|p2a: Hatterene\n|-damage|p2a: Hatterene|2\/100\n|\n|-heal|p1a: Ur washed|34\/100 psn|[from] item: Leftovers\n|-heal|p2a: Hatterene|8\/100|[from] item: Leftovers\n|-damage|p1a: Ur washed|22\/100 psn|[from] psn\n|upkeep\n|turn|27\n|\n|t:|1700493888\n|move|p1a: Ur washed|Thunderbolt|p2a: Hatterene\n|-damage|p2a: Hatterene|0 fnt\n|faint|p2a: Hatterene\n|\n|-heal|p1a: Ur washed|28\/100 psn|[from] item: Leftovers\n|-damage|p1a: Ur washed|15\/100 psn|[from] psn\n|upkeep\n|j| Cilorad\n|\n|t:|1700493891\n|switch|p2a: Dragapult|Dragapult, M, tera:Ghost|51\/100\n|turn|28\n|\n|t:|1700493903\n|move|p2a: Dragapult|Shadow Ball|p1a: Ur washed\n|-damage|p1a: Ur washed|0 fnt\n|faint|p1a: Ur washed\n|\n|upkeep\n|\n|t:|1700493918\n|switch|p1a: Mind Games|Kingambit, M, shiny|77\/100\n|-damage|p1a: Mind Games|71\/100|[from] Stealth Rock\n|-activate|p1a: Mind Games|ability: Supreme Overlord\n|-start|p1a: Mind Games|fallen1|[silent]\n|turn|29\n|\n|t:|1700493925\n|switch|p2a: Great Tusk|Great Tusk|100\/100\n|move|p1a: Mind Games|Zen Headbutt|p2a: Great Tusk\n|-supereffective|p2a: Great Tusk\n|-damage|p2a: Great Tusk|67\/100\n|\n|-heal|p2a: Great Tusk|74\/100|[from] item: Leftovers\n|upkeep\n|turn|30\n|\n|t:|1700493942\n|-end|p1a: Mind Games|fallen1|[silent]\n|switch|p1a: Benjamin Tribe|Heatran, M, shiny|46\/100\n|-damage|p1a: Benjamin Tribe|33\/100|[from] Stealth Rock\n|move|p2a: Great Tusk|Knock Off|p1a: Benjamin Tribe\n|-damage|p1a: Benjamin Tribe|10\/100\n|-enditem|p1a: Benjamin Tribe|Leftovers|[from] move: Knock Off|[of] p2a: Great Tusk\n|\n|-heal|p2a: Great Tusk|80\/100|[from] item: Leftovers\n|upkeep\n|turn|31\n|\n|t:|1700493961\n|move|p2a: Great Tusk|Earthquake|p1a: Benjamin Tribe\n|-supereffective|p1a: Benjamin Tribe\n|-damage|p1a: Benjamin Tribe|0 fnt\n|faint|p1a: Benjamin Tribe\n|\n|-heal|p2a: Great Tusk|86\/100|[from] item: Leftovers\n|upkeep\n|\n|t:|1700493977\n|switch|p1a: Greater Tusk|Great Tusk, shiny|20\/100\n|-damage|p1a: Greater Tusk|17\/100|[from] Stealth Rock\n|turn|32\n|\n|t:|1700493983\n|-end|p2a: Great Tusk|Protosynthesis|[silent]\n|switch|p2a: Dondozo|Dondozo, M|92\/100\n|move|p1a: Greater Tusk|Rapid Spin|p2a: Dondozo\n|-damage|p2a: Dondozo|84\/100\n|-boost|p1a: Greater Tusk|spe|1\n|-damage|p1a: Greater Tusk|1\/100|[from] item: Rocky Helmet|[of] p2a: Dondozo\n|-sideend|p1: Migstaper|Stealth Rock|[from] move: Rapid Spin|[of] p1a: Greater Tusk\n|\n|upkeep\n|turn|33\n|\n|t:|1700493992\n|switch|p2a: Great Tusk|Great Tusk|86\/100\n|move|p1a: Greater Tusk|Earthquake|p2a: Great Tusk\n|-damage|p2a: Great Tusk|60\/100\n|\n|-heal|p2a: Great Tusk|66\/100|[from] item: Leftovers\n|upkeep\n|turn|34\n|\n|t:|1700494000\n|move|p1a: Greater Tusk|Ice Spinner|p2a: Great Tusk\n|-supereffective|p2a: Great Tusk\n|-damage|p2a: Great Tusk|39\/100\n|move|p2a: Great Tusk|Stealth Rock|p1a: Greater Tusk\n|-sidestart|p1: Migstaper|move: Stealth Rock\n|\n|-heal|p2a: Great Tusk|45\/100|[from] item: Leftovers\n|upkeep\n|turn|35\n|inactive|Migstaper has 120 seconds left.\n|\n|t:|1700494008\n|-end|p2a: Great Tusk|Protosynthesis|[silent]\n|switch|p2a: Dondozo|Dondozo, M|84\/100\n|move|p1a: Greater Tusk|Rapid Spin|p2a: Dondozo\n|-damage|p2a: Dondozo|76\/100\n|-boost|p1a: Greater Tusk|spe|1\n|-damage|p1a: Greater Tusk|0 fnt|[from] item: Rocky Helmet|[of] p2a: Dondozo\n|faint|p1a: Greater Tusk\n|-end|p1a: Greater Tusk|Protosynthesis|[silent]\n|\n|upkeep\n|inactive|Migstaper has 120 seconds left.\n|\n|t:|1700494025\n|switch|p1a: Dominican girl|Enamorus, F, shiny|100\/100\n|-damage|p1a: Dominican girl|76\/100|[from] Stealth Rock\n|turn|36\n|\n|t:|1700494037\n|switch|p2a: Toxapex|Toxapex, M|99\/100\n|move|p1a: Dominican girl|Moonblast|p2a: Toxapex\n|-resisted|p2a: Toxapex\n|-damage|p2a: Toxapex|83\/100\n|\n|upkeep\n|turn|37\n|\n|t:|1700494046\n|switch|p1a: fAegon|Dragonite, M|84\/100\n|-damage|p1a: fAegon|59\/100|[from] Stealth Rock\n|move|p2a: Toxapex|Surf|p1a: fAegon\n|-resisted|p1a: fAegon\n|-damage|p1a: fAegon|45\/100\n|\n|upkeep\n|turn|38\n|inactive|Migstaper has 120 seconds left.\n|\n|t:|1700494059\n|switch|p2a: Great Tusk|Great Tusk|45\/100\n|-terastallize|p1a: fAegon|Ground\n|move|p1a: fAegon|Earthquake|p2a: Great Tusk\n|-damage|p2a: Great Tusk|17\/100\n|\n|-heal|p2a: Great Tusk|23\/100|[from] item: Leftovers\n|upkeep\n|turn|39\n|inactive|Migstaper has 120 seconds left.\n|\n|t:|1700494070\n|move|p1a: fAegon|Earthquake|p2a: Great Tusk\n|-damage|p2a: Great Tusk|0 fnt\n|faint|p2a: Great Tusk\n|-end|p2a: Great Tusk|Protosynthesis|[silent]\n|\n|upkeep\n|\n|t:|1700494072\n|switch|p2a: Dragapult|Dragapult, M, tera:Ghost|51\/100\n|turn|40\n|\n|t:|1700494081\n|switch|p1a: Mind Games|Kingambit, M, shiny|71\/100\n|-damage|p1a: Mind Games|65\/100|[from] Stealth Rock\n|-activate|p1a: Mind Games|ability: Supreme Overlord\n|-start|p1a: Mind Games|fallen3|[silent]\n|move|p2a: Dragapult|Shadow Ball|p1a: Mind Games\n|-resisted|p1a: Mind Games\n|-damage|p1a: Mind Games|39\/100\n|\n|upkeep\n|turn|41\n|inactive|Migstaper has 120 seconds left.\n|\n|t:|1700494102\n|switch|p2a: Kingambit|Kingambit, M|100\/100\n|-activate|p2a: Kingambit|ability: Supreme Overlord\n|-start|p2a: Kingambit|fallen2|[silent]\n|move|p1a: Mind Games|Brick Break|p2a: Kingambit\n|-supereffective|p2a: Kingambit\n|-damage|p2a: Kingambit|0 fnt\n|faint|p2a: Kingambit\n|-end|p2a: Kingambit|fallen2|[silent]\n|\n|upkeep\n|l| Cilorad\n|\n|t:|1700494106\n|switch|p2a: Toxapex|Toxapex, M|100\/100\n|turn|42\n|\n|t:|1700494114\n|move|p1a: Mind Games|Zen Headbutt|p2a: Toxapex\n|-supereffective|p2a: Toxapex\n|-damage|p2a: Toxapex|36\/100\n|move|p2a: Toxapex|Surf|p1a: Mind Games\n|-damage|p1a: Mind Games|21\/100\n|\n|upkeep\n|turn|43\n|inactive|Migstaper has 120 seconds left.\n|\n|t:|1700494132\n|-end|p1a: Mind Games|fallen3|[silent]\n|switch|p1a: Dominican girl|Enamorus, F, shiny|76\/100\n|-damage|p1a: Dominican girl|51\/100|[from] Stealth Rock\n|switch|p2a: Dondozo|Dondozo, M|76\/100\n|\n|upkeep\n|turn|44\n|inactive|Migstaper has 120 seconds left.\n|\n|t:|1700494144\n|switch|p2a: Dragapult|Dragapult, M, tera:Ghost|51\/100\n|move|p1a: Dominican girl|Moonblast|p2a: Dragapult\n|-damage|p2a: Dragapult|0 fnt\n|faint|p2a: Dragapult\n|\n|upkeep\n|\n|t:|1700494147\n|switch|p2a: Toxapex|Toxapex, M|69\/100\n|turn|45\n|\n|t:|1700494160\n|switch|p1a: Mind Games|Kingambit, M, shiny|21\/100\n|-damage|p1a: Mind Games|15\/100|[from] Stealth Rock\n|-activate|p1a: Mind Games|ability: Supreme Overlord\n|-start|p1a: Mind Games|fallen3|[silent]\n|move|p2a: Toxapex|Surf|p1a: Mind Games\n|-damage|p1a: Mind Games|0 fnt\n|faint|p1a: Mind Games\n|-end|p1a: Mind Games|fallen3|[silent]\n|\n|upkeep\n|inactive|Migstaper has 120 seconds left.\n|\n|t:|1700494173\n|switch|p1a: Dominican girl|Enamorus, F, shiny|51\/100\n|-damage|p1a: Dominican girl|26\/100|[from] Stealth Rock\n|turn|46\n|\n|t:|1700494177\n|move|p1a: Dominican girl|Earth Power|p2a: Toxapex\n|-supereffective|p2a: Toxapex\n|-damage|p2a: Toxapex|30\/100\n|move|p2a: Toxapex|Surf|p1a: Dominican girl\n|-damage|p1a: Dominican girl|0 fnt\n|faint|p1a: Dominican girl\n|\n|upkeep\n|\n|t:|1700494186\n|switch|p1a: fAegon|Dragonite, M, tera:Ground|45\/100\n|-damage|p1a: fAegon|39\/100|[from] Stealth Rock\n|turn|47\n|\n|t:|1700494194\n|move|p1a: fAegon|Dragon Dance|p1a: fAegon\n|-boost|p1a: fAegon|atk|1\n|-boost|p1a: fAegon|spe|1\n|move|p2a: Toxapex|Surf|p1a: fAegon\n|-supereffective|p1a: fAegon\n|-damage|p1a: fAegon|0 fnt\n|faint|p1a: fAegon\n|\n|win|jw0311\n|raw|Migstaper's rating: 1651 &rarr; <strong>1641<\/strong><br \/>(-10 for losing)\n|raw|jw0311's rating: 1844 &rarr; <strong>1854<\/strong><br \/>(+10 for winning)\n|l|\u2606jw0311\n|l|\u2606Migstaper\n","uploadtime":1700494290,"views":12,"p1id":"migstaper","p2id":"jw0311","formatid":"gen9ou","rating":1641,"private":0,"password":""}