{"id":"gen9ou-1993460748","p1":"DivineGabriel","p2":"OUHF Zam Zam","format":"[Gen 9] OU","log":"|j|\u2606DivineGabriel\n|j|\u2606OUHF Zam Zam\n|t:|1700320673\n|gametype|singles\n|player|p1|DivineGabriel|rye|1774\n|player|p2|OUHF Zam Zam|palmer|1839\n|teamsize|p1|6\n|teamsize|p2|6\n|gen|9\n|tier|[Gen 9] OU\n|rated|\n|rule|Sleep Clause Mod: Limit one foe put to sleep\n|rule|Species Clause: Limit one of each Pok\u00e9mon\n|rule|OHKO Clause: OHKO moves are banned\n|rule|Evasion Items Clause: Evasion items are banned\n|rule|Evasion Moves Clause: Evasion moves are banned\n|rule|Endless Battle Clause: Forcing endless battles is banned\n|rule|HP Percentage Mod: HP is shown in percentages\n|clearpoke\n|poke|p1|Typhlosion-Hisui, M|\n|poke|p1|Ting-Lu|\n|poke|p1|Torkoal, F|\n|poke|p1|Walking Wake|\n|poke|p1|Hatterene, F|\n|poke|p1|Meowscarada, M|\n|poke|p2|Bellibolt, M|\n|poke|p2|Muk-Alola, F|\n|poke|p2|Tinkaton, F|\n|poke|p2|Dragapult, M|\n|poke|p2|Great Tusk|\n|poke|p2|Moltres|\n|teampreview\n|inactive|Battle timer is ON: inactive players will automatically lose when time's up. (requested by OUHF Zam Zam)\n|inactive|OUHF Zam Zam has 120 seconds left.\n|\n|t:|1700320718\n|start\n|switch|p1a: Typhlosion|Typhlosion-Hisui, M|100\/100\n|switch|p2a: Muk|Muk-Alola, F|100\/100\n|turn|1\n|\n|t:|1700320728\n|switch|p1a: Ting-Lu|Ting-Lu|100\/100\n|-ability|p1a: Ting-Lu|Vessel of Ruin\n|move|p2a: Muk|Knock Off|p1a: Ting-Lu\n|-resisted|p1a: Ting-Lu\n|-damage|p1a: Ting-Lu|91\/100\n|-enditem|p1a: Ting-Lu|Leftovers|[from] move: Knock Off|[of] p2a: Muk\n|\n|upkeep\n|turn|2\n|\n|t:|1700320755\n|switch|p2a: Great Tusk|Great Tusk|100\/100\n|move|p1a: Ting-Lu|Spikes|p2a: Great Tusk\n|-sidestart|p2: OUHF Zam Zam|Spikes\n|\n|upkeep\n|turn|3\n|\n|t:|1700320761\n|switch|p1a: Typhlosion|Typhlosion-Hisui, M|100\/100\n|move|p2a: Great Tusk|Rapid Spin|p1a: Typhlosion\n|-immune|p1a: Typhlosion\n|\n|upkeep\n|turn|4\n|\n|t:|1700320765\n|-end|p2a: Great Tusk|Protosynthesis|[silent]\n|switch|p2a: Moltres|Moltres|100\/100\n|move|p1a: Typhlosion|Eruption|p2a: Moltres\n|-resisted|p2a: Moltres\n|-damage|p2a: Moltres|59\/100\n|\n|upkeep\n|turn|5\n|j| UwU$wag\n|l| UwU$wag\n|\n|t:|1700320773\n|switch|p1a: Torkoal|Torkoal, F|100\/100\n|-weather|SunnyDay|[from] ability: Drought|[of] p1a: Torkoal\n|move|p2a: Moltres|Roost|p2a: Moltres\n|-heal|p2a: Moltres|100\/100\n|-singleturn|p2a: Moltres|move: Roost\n|\n|-weather|SunnyDay|[upkeep]\n|upkeep\n|turn|6\n|\n|t:|1700320780\n|switch|p1a: Hatterene|Hatterene, F|100\/100\n|move|p2a: Moltres|Flamethrower|p1a: Hatterene\n|-damage|p1a: Hatterene|44\/100\n|-enditem|p1a: Hatterene|Eject Button\n|\n|t:|1700320784\n|switch|p1a: Walking Wake|Walking Wake|100\/100\n|-activate|p1a: Walking Wake|ability: Protosynthesis\n|-start|p1a: Walking Wake|protosynthesisspe\n|\n|-weather|SunnyDay|[upkeep]\n|upkeep\n|turn|7\n|\n|t:|1700320799\n|switch|p2a: Dragapult|Dragapult, M|100\/100\n|move|p1a: Walking Wake|Hydro Steam|p2a: Dragapult\n|-resisted|p2a: Dragapult\n|-damage|p2a: Dragapult|39\/100\n|\n|-weather|SunnyDay|[upkeep]\n|upkeep\n|turn|8\n|\n|t:|1700320804\n|move|p1a: Walking Wake|Hydro Steam|p2a: Dragapult\n|-resisted|p2a: Dragapult\n|-damage|p2a: Dragapult|0 fnt\n|faint|p2a: Dragapult\n|\n|-weather|SunnyDay|[upkeep]\n|upkeep\n|\n|t:|1700320807\n|switch|p2a: Muk|Muk-Alola, F|100\/100\n|-damage|p2a: Muk|88\/100|[from] Spikes\n|turn|9\n|\n|t:|1700320815\n|-end|p1a: Walking Wake|Protosynthesis|[silent]\n|switch|p1a: Ting-Lu|Ting-Lu|91\/100\n|-ability|p1a: Ting-Lu|Vessel of Ruin\n|move|p2a: Muk|Knock Off|p1a: Ting-Lu\n|-resisted|p1a: Ting-Lu\n|-damage|p1a: Ting-Lu|85\/100\n|\n|-weather|SunnyDay|[upkeep]\n|-heal|p2a: Muk|94\/100|[from] item: Leftovers\n|upkeep\n|turn|10\n|\n|t:|1700320827\n|switch|p1a: Typhlosion|Typhlosion-Hisui, M|100\/100\n|move|p2a: Muk|Drain Punch|p1a: Typhlosion\n|-immune|p1a: Typhlosion\n|\n|-weather|SunnyDay|[upkeep]\n|-heal|p2a: Muk|99\/100|[from] item: Leftovers\n|upkeep\n|turn|11\n|\n|t:|1700320833\n|move|p2a: Muk|Protect|p2a: Muk\n|-singleturn|p2a: Muk|Protect\n|move|p1a: Typhlosion|Eruption|p2a: Muk\n|-activate|p2a: Muk|move: Protect\n|\n|-weather|SunnyDay|[upkeep]\n|-heal|p2a: Muk|100\/100|[from] item: Leftovers\n|upkeep\n|turn|12\n|\n|t:|1700320851\n|switch|p1a: Hatterene|Hatterene, F|44\/100\n|-terastallize|p2a: Muk|Water\n|move|p2a: Muk|Knock Off|p1a: Hatterene\n|-damage|p1a: Hatterene|24\/100\n|-status|p1a: Hatterene|psn|[from] ability: Poison Touch|[of] p2a: Muk\n|\n|-weather|none\n|-damage|p1a: Hatterene|12\/100 psn|[from] psn\n|upkeep\n|turn|13\n|\n|t:|1700320858\n|switch|p1a: Ting-Lu|Ting-Lu|85\/100\n|-ability|p1a: Ting-Lu|Vessel of Ruin\n|move|p2a: Muk|Knock Off|p1a: Ting-Lu\n|-resisted|p1a: Ting-Lu\n|-damage|p1a: Ting-Lu|78\/100\n|\n|upkeep\n|turn|14\n|\n|t:|1700320864\n|switch|p2a: Great Tusk|Great Tusk|100\/100\n|-damage|p2a: Great Tusk|88\/100|[from] Spikes\n|move|p1a: Ting-Lu|Spikes|p2a: Great Tusk\n|-sidestart|p2: OUHF Zam Zam|Spikes\n|\n|-heal|p2a: Great Tusk|94\/100|[from] item: Leftovers\n|upkeep\n|turn|15\n|\n|t:|1700320870\n|switch|p1a: Typhlosion|Typhlosion-Hisui, M|100\/100\n|move|p2a: Great Tusk|Earthquake|p1a: Typhlosion\n|-supereffective|p1a: Typhlosion\n|-damage|p1a: Typhlosion|0 fnt\n|faint|p1a: Typhlosion\n|\n|-heal|p2a: Great Tusk|100\/100|[from] item: Leftovers\n|upkeep\n|\n|t:|1700320873\n|switch|p1a: Walking Wake|Walking Wake|100\/100\n|turn|16\n|\n|t:|1700320889\n|-end|p2a: Great Tusk|Protosynthesis|[silent]\n|switch|p2a: Tinkaton|Tinkaton, F|100\/100\n|-item|p2a: Tinkaton|Air Balloon\n|-terastallize|p1a: Walking Wake|Water\n|move|p1a: Walking Wake|Hydro Steam|p2a: Tinkaton\n|-damage|p2a: Tinkaton|36\/100\n|-enditem|p2a: Tinkaton|Air Balloon\n|\n|upkeep\n|turn|17\n|j| ashitaka0\n|\n|t:|1700320907\n|move|p1a: Walking Wake|Hydro Steam|p2a: Tinkaton\n|-damage|p2a: Tinkaton|0 fnt\n|faint|p2a: Tinkaton\n|\n|upkeep\n|\n|t:|1700320909\n|switch|p2a: Muk|Muk-Alola, F, tera:Water|100\/100\n|-damage|p2a: Muk|84\/100|[from] Spikes\n|turn|18\n|\n|t:|1700320912\n|-end|p1a: Walking Wake|Protosynthesis|[silent]\n|switch|p1a: Ting-Lu|Ting-Lu|78\/100\n|-ability|p1a: Ting-Lu|Vessel of Ruin\n|move|p2a: Muk|Poison Jab|p1a: Ting-Lu\n|-resisted|p1a: Ting-Lu\n|-damage|p1a: Ting-Lu|71\/100\n|-status|p1a: Ting-Lu|psn|[from] ability: Poison Touch|[of] p2a: Muk\n|\n|-heal|p2a: Muk|90\/100|[from] item: Leftovers\n|-damage|p1a: Ting-Lu|58\/100 psn|[from] psn\n|upkeep\n|turn|19\n|\n|t:|1700320917\n|move|p2a: Muk|Protect|p2a: Muk\n|-singleturn|p2a: Muk|Protect\n|move|p1a: Ting-Lu|Whirlwind|p2a: Muk\n|drag|p2a: Great Tusk|Great Tusk|100\/100\n|-damage|p2a: Great Tusk|84\/100|[from] Spikes\n|\n|-heal|p2a: Great Tusk|90\/100|[from] item: Leftovers\n|-damage|p1a: Ting-Lu|46\/100 psn|[from] psn\n|upkeep\n|turn|20\n|\n|t:|1700320927\n|switch|p1a: Torkoal|Torkoal, F|100\/100\n|-weather|SunnyDay|[from] ability: Drought|[of] p1a: Torkoal\n|-activate|p2a: Great Tusk|ability: Protosynthesis\n|-start|p2a: Great Tusk|protosynthesisdef\n|move|p2a: Great Tusk|Rapid Spin|p1a: Torkoal\n|-damage|p1a: Torkoal|91\/100\n|-boost|p2a: Great Tusk|spe|1\n|-sideend|p2: OUHF Zam Zam|Spikes|[from] move: Rapid Spin|[of] p2a: Great Tusk\n|\n|-weather|SunnyDay|[upkeep]\n|-heal|p2a: Great Tusk|96\/100|[from] item: Leftovers\n|upkeep\n|turn|21\n|\n|t:|1700320934\n|move|p2a: Great Tusk|Earthquake|p1a: Torkoal\n|-supereffective|p1a: Torkoal\n|-crit|p1a: Torkoal\n|-damage|p1a: Torkoal|21\/100\n|move|p1a: Torkoal|Lava Plume|p2a: Great Tusk\n|-damage|p2a: Great Tusk|47\/100\n|\n|-weather|SunnyDay|[upkeep]\n|-heal|p2a: Great Tusk|53\/100|[from] item: Leftovers\n|upkeep\n|turn|22\n|\n|t:|1700320941\n|switch|p1a: Hatterene|Hatterene, F|12\/100 psn\n|move|p2a: Great Tusk|Earthquake|p1a: Hatterene\n|-damage|p1a: Hatterene|0 fnt\n|faint|p1a: Hatterene\n|\n|-weather|SunnyDay|[upkeep]\n|-heal|p2a: Great Tusk|60\/100|[from] item: Leftovers\n|upkeep\n|\n|t:|1700320943\n|switch|p1a: Walking Wake|Walking Wake, tera:Water|100\/100\n|-activate|p1a: Walking Wake|ability: Protosynthesis\n|-start|p1a: Walking Wake|protosynthesisspe\n|turn|23\n|\n|t:|1700320955\n|move|p1a: Walking Wake|Draco Meteor|p2a: Great Tusk\n|-damage|p2a: Great Tusk|0 fnt\n|-unboost|p1a: Walking Wake|spa|2\n|faint|p2a: Great Tusk\n|-end|p2a: Great Tusk|Protosynthesis|[silent]\n|\n|-weather|SunnyDay|[upkeep]\n|upkeep\n|\n|t:|1700320958\n|switch|p2a: Muk|Muk-Alola, F, tera:Water|90\/100\n|turn|24\n|\n|t:|1700320962\n|-end|p1a: Walking Wake|Protosynthesis|[silent]\n|switch|p1a: Ting-Lu|Ting-Lu|46\/100 psn\n|-ability|p1a: Ting-Lu|Vessel of Ruin\n|move|p2a: Muk|Drain Punch|p1a: Ting-Lu\n|-supereffective|p1a: Ting-Lu\n|-damage|p1a: Ting-Lu|27\/100 psn\n|-heal|p2a: Muk|100\/100|[from] drain|[of] p1a: Ting-Lu\n|\n|-weather|SunnyDay|[upkeep]\n|-damage|p1a: Ting-Lu|15\/100 psn|[from] psn\n|upkeep\n|turn|25\n|\n|t:|1700320976\n|move|p2a: Muk|Drain Punch|p1a: Ting-Lu\n|-supereffective|p1a: Ting-Lu\n|-damage|p1a: Ting-Lu|0 fnt\n|faint|p1a: Ting-Lu\n|\n|-weather|SunnyDay|[upkeep]\n|upkeep\n|\n|t:|1700320980\n|switch|p1a: Meowscarada|Meowscarada, M|100\/100\n|turn|26\n|\n|t:|1700320984\n|move|p2a: Muk|Protect|p2a: Muk\n|-singleturn|p2a: Muk|Protect\n|move|p1a: Meowscarada|Flower Trick|p2a: Muk\n|-start|p1a: Meowscarada|typechange|Grass|[from] ability: Protean\n|-activate|p2a: Muk|move: Protect\n|\n|-weather|SunnyDay|[upkeep]\n|upkeep\n|turn|27\n|j| simplegent\n|j| banupx7\n|\n|t:|1700320992\n|switch|p1a: Walking Wake|Walking Wake, tera:Water|100\/100\n|-activate|p1a: Walking Wake|ability: Protosynthesis\n|-start|p1a: Walking Wake|protosynthesisspe\n|switch|p2a: Bellibolt|Bellibolt, M|100\/100\n|\n|-weather|none\n|-end|p1a: Walking Wake|Protosynthesis\n|upkeep\n|turn|28\n|j| isoptera\n|\n|t:|1700320996\n|-end|p1a: Walking Wake|Protosynthesis|[silent]\n|switch|p1a: Torkoal|Torkoal, F|21\/100\n|-weather|SunnyDay|[from] ability: Drought|[of] p1a: Torkoal\n|move|p2a: Bellibolt|Volt Switch|p1a: Torkoal\n|-damage|p1a: Torkoal|0 fnt\n|faint|p1a: Torkoal\n|l| ashitaka0\n|l| banupx7\n|\n|t:|1700321001\n|switch|p2a: Muk|Muk-Alola, F, tera:Water|100\/100|[from] Volt Switch\n|\n|-weather|SunnyDay|[upkeep]\n|upkeep\n|\n|t:|1700321004\n|switch|p1a: Walking Wake|Walking Wake, tera:Water|100\/100\n|-activate|p1a: Walking Wake|ability: Protosynthesis\n|-start|p1a: Walking Wake|protosynthesisspe\n|turn|29\n|\n|t:|1700321012\n|move|p2a: Muk|Protect|p2a: Muk\n|-singleturn|p2a: Muk|Protect\n|move|p1a: Walking Wake|Draco Meteor|p2a: Muk\n|-activate|p2a: Muk|move: Protect\n|\n|-weather|SunnyDay|[upkeep]\n|upkeep\n|turn|30\n|\n|t:|1700321026\n|switch|p2a: Moltres|Moltres|100\/100\n|move|p1a: Walking Wake|Draco Meteor|p2a: Moltres|[miss]\n|-miss|p1a: Walking Wake|p2a: Moltres\n|\n|-weather|SunnyDay|[upkeep]\n|upkeep\n|turn|31\n|\n|t:|1700321029\n|move|p1a: Walking Wake|Draco Meteor|p2a: Moltres\n|-crit|p2a: Moltres\n|-damage|p2a: Moltres|2\/100\n|-unboost|p1a: Walking Wake|spa|2\n|move|p2a: Moltres|U-turn|p1a: Walking Wake\n|-damage|p1a: Walking Wake|85\/100\n|\n|t:|1700321034\n|switch|p2a: Muk|Muk-Alola, F, tera:Water|100\/100|[from] U-turn\n|\n|-weather|SunnyDay|[upkeep]\n|upkeep\n|turn|32\n|\n|t:|1700321036\n|move|p1a: Walking Wake|Draco Meteor|p2a: Muk\n|-damage|p2a: Muk|72\/100\n|-unboost|p1a: Walking Wake|spa|2\n|move|p2a: Muk|Poison Jab|p1a: Walking Wake\n|-crit|p1a: Walking Wake\n|-damage|p1a: Walking Wake|35\/100\n|\n|-weather|SunnyDay|[upkeep]\n|-heal|p2a: Muk|78\/100|[from] item: Leftovers\n|upkeep\n|turn|33\n|\n|t:|1700321045\n|move|p1a: Walking Wake|Draco Meteor|p2a: Muk|[miss]\n|-miss|p1a: Walking Wake|p2a: Muk\n|move|p2a: Muk|Poison Jab|p1a: Walking Wake\n|-damage|p1a: Walking Wake|1\/100\n|-status|p1a: Walking Wake|psn\n|\n|-weather|SunnyDay|[upkeep]\n|-heal|p2a: Muk|84\/100|[from] item: Leftovers\n|-damage|p1a: Walking Wake|0 fnt|[from] psn\n|faint|p1a: Walking Wake\n|-end|p1a: Walking Wake|Protosynthesis|[silent]\n|upkeep\n|\n|t:|1700321047\n|switch|p1a: Meowscarada|Meowscarada, M|100\/100\n|turn|34\n|\n|t:|1700321049\n|move|p1a: Meowscarada|Flower Trick|p2a: Muk\n|-start|p1a: Meowscarada|typechange|Grass|[from] ability: Protean\n|-supereffective|p2a: Muk\n|-crit|p2a: Muk\n|-damage|p2a: Muk|0 fnt\n|faint|p2a: Muk\n|\n|-weather|SunnyDay|[upkeep]\n|upkeep\n|\n|t:|1700321062\n|switch|p2a: Bellibolt|Bellibolt, M|100\/100\n|turn|35\n|\n|t:|1700321064\n|move|p1a: Meowscarada|Flower Trick|p2a: Bellibolt\n|-crit|p2a: Bellibolt\n|-damage|p2a: Bellibolt|70\/100\n|move|p2a: Bellibolt|Toxic|p1a: Meowscarada\n|-status|p1a: Meowscarada|tox\n|\n|-weather|none\n|-damage|p1a: Meowscarada|94\/100 tox|[from] psn\n|upkeep\n|turn|36\n|\n|t:|1700321067\n|move|p1a: Meowscarada|Flower Trick|p2a: Bellibolt\n|-crit|p2a: Bellibolt\n|-damage|p2a: Bellibolt|40\/100\n|move|p2a: Bellibolt|Slack Off|p2a: Bellibolt\n|-heal|p2a: Bellibolt|90\/100\n|\n|-damage|p1a: Meowscarada|82\/100 tox|[from] psn\n|upkeep\n|turn|37\n|j| LityL\n|-message|DivineGabriel forfeited.\n|\n|win|OUHF Zam Zam\n|raw|DivineGabriel's rating: 1774 &rarr; <strong>1758<\/strong><br \/>(-16 for losing)\n|raw|OUHF Zam Zam's rating: 1839 &rarr; <strong>1855<\/strong><br \/>(+16 for winning)\n|l|\u2606DivineGabriel\n|l| LityL\n|l| isoptera\n","uploadtime":1700321139,"views":22,"p1id":"divinegabriel","p2id":"ouhfzamzam","formatid":"gen9ou","rating":1758,"private":0,"password":""}