{"id":"gen9ou-1999867142","p1":"Exusiai-PngnLgstcs","p2":"tottees","format":"[Gen 9] OU","log":"|j|\u2606Exusiai-PngnLgstcs\n|j|\u2606tottees\n|t:|1701124375\n|gametype|singles\n|player|p1|Exusiai-PngnLgstcs|dawn-gen4pt|\n|player|p2|tottees|pokemonbreederf|\n|teamsize|p1|6\n|teamsize|p2|6\n|gen|9\n|tier|[Gen 9] OU\n|rule|Sleep Clause Mod: Limit one foe put to sleep\n|rule|Species Clause: Limit one of each Pok\u00e9mon\n|rule|OHKO Clause: OHKO moves are banned\n|rule|Evasion Items Clause: Evasion items are banned\n|rule|Evasion Moves Clause: Evasion moves are banned\n|rule|Endless Battle Clause: Forcing endless battles is banned\n|rule|HP Percentage Mod: HP is shown in percentages\n|clearpoke\n|poke|p1|Heatran, M|\n|poke|p1|Zamazenta-*|\n|poke|p1|Bellibolt, M|\n|poke|p1|Landorus-Therian, M|\n|poke|p1|Tinkaton, F|\n|poke|p1|Gengar, M|\n|poke|p2|Slowking-Galar, M|\n|poke|p2|Iron Hands|\n|poke|p2|Hatterene, F|\n|poke|p2|Vaporeon, F|\n|poke|p2|Revavroom, M|\n|poke|p2|Kommo-o, M|\n|teampreview\n|\n|t:|1701124382\n|start\n|switch|p1a: KARS SAMA|Landorus-Therian, M|100\/100\n|switch|p2a: Hatterene|Hatterene, F|100\/100\n|-ability|p1a: KARS SAMA|Intimidate|boost\n|-unboost|p2a: Hatterene|atk|1\n|turn|1\n|\n|t:|1701124403\n|-terastallize|p2a: Hatterene|Water\n|move|p1a: KARS SAMA|U-turn|p2a: Hatterene\n|-damage|p2a: Hatterene|77\/100\n|\n|t:|1701124412\n|switch|p1a: FAT ABSORPTION|Bellibolt, M|100\/100|[from] U-turn\n|move|p2a: Hatterene|Trick Room|p2a: Hatterene\n|-fieldstart|move: Trick Room|[of] p2a: Hatterene\n|\n|-heal|p2a: Hatterene|83\/100|[from] item: Leftovers\n|upkeep\n|turn|2\n|\n|t:|1701124433\n|switch|p2a: Iron Hands|Iron Hands|100\/100\n|move|p1a: FAT ABSORPTION|Parabolic Charge|p2a: Iron Hands\n|-resisted|p2a: Iron Hands\n|-damage|p2a: Iron Hands|89\/100\n|\n|upkeep\n|turn|3\n|\n|t:|1701124443\n|move|p1a: FAT ABSORPTION|Volt Switch|p2a: Iron Hands\n|-resisted|p2a: Iron Hands\n|-damage|p2a: Iron Hands|76\/100\n|\n|t:|1701124456\n|switch|p1a: KARS SAMA|Landorus-Therian, M|100\/100|[from] Volt Switch\n|-ability|p1a: KARS SAMA|Intimidate|boost\n|-unboost|p2a: Iron Hands|atk|1\n|move|p2a: Iron Hands|Swords Dance|p2a: Iron Hands\n|-boost|p2a: Iron Hands|atk|2\n|\n|upkeep\n|turn|4\n|\n|t:|1701124475\n|move|p2a: Iron Hands|Drain Punch|p1a: KARS SAMA\n|-resisted|p1a: KARS SAMA\n|-damage|p1a: KARS SAMA|50\/100\n|-heal|p2a: Iron Hands|94\/100|[from] drain|[of] p1a: KARS SAMA\n|-damage|p2a: Iron Hands|84\/100|[from] item: Life Orb\n|move|p1a: KARS SAMA|Earthquake|p2a: Iron Hands\n|-supereffective|p2a: Iron Hands\n|-damage|p2a: Iron Hands|17\/100\n|\n|upkeep\n|turn|5\n|\n|t:|1701124487\n|switch|p1a: FAT ABSORPTION|Bellibolt, M|100\/100\n|move|p2a: Iron Hands|Drain Punch|p1a: FAT ABSORPTION\n|-damage|p1a: FAT ABSORPTION|47\/100\n|-heal|p2a: Iron Hands|41\/100|[from] drain|[of] p1a: FAT ABSORPTION\n|-start|p1a: FAT ABSORPTION|Charge|Drain Punch|[from] ability: Electromorphosis\n|-damage|p2a: Iron Hands|31\/100|[from] item: Life Orb\n|\n|-heal|p1a: FAT ABSORPTION|54\/100|[from] item: Leftovers\n|-fieldend|move: Trick Room\n|upkeep\n|turn|6\n|\n|t:|1701124505\n|move|p2a: Iron Hands|Tera Blast|p1a: FAT ABSORPTION\n|-damage|p1a: FAT ABSORPTION|41\/100\n|-start|p1a: FAT ABSORPTION|Charge|Tera Blast|[from] ability: Electromorphosis\n|-damage|p2a: Iron Hands|21\/100|[from] item: Life Orb\n|move|p1a: FAT ABSORPTION|Parabolic Charge|p2a: Iron Hands\n|-resisted|p2a: Iron Hands\n|-damage|p2a: Iron Hands|0 fnt\n|-heal|p1a: FAT ABSORPTION|53\/100|[from] drain|[of] p2a: Iron Hands\n|faint|p2a: Iron Hands\n|-end|p2a: Iron Hands|Quark Drive|[silent]\n|-end|p1a: FAT ABSORPTION|Charge|[silent]\n|\n|-heal|p1a: FAT ABSORPTION|59\/100|[from] item: Leftovers\n|upkeep\n|\n|t:|1701124528\n|switch|p2a: Slowking|Slowking-Galar, M|100\/100\n|turn|7\n|\n|t:|1701124535\n|move|p1a: FAT ABSORPTION|Parabolic Charge|p2a: Slowking\n|-damage|p2a: Slowking|91\/100\n|-heal|p1a: FAT ABSORPTION|64\/100|[from] drain|[of] p2a: Slowking\n|move|p2a: Slowking|Future Sight|p1a: FAT ABSORPTION\n|-start|p2a: Slowking|move: Future Sight\n|\n|-heal|p1a: FAT ABSORPTION|70\/100|[from] item: Leftovers\n|upkeep\n|turn|8\n|\n|t:|1701124550\n|move|p1a: FAT ABSORPTION|Volt Switch|p2a: Slowking\n|-damage|p2a: Slowking|80\/100\n|\n|t:|1701124553\n|switch|p1a: HAMONCLACKERVOLLEY|Tinkaton, F|100\/100|[from] Volt Switch\n|-ability|p1a: HAMONCLACKERVOLLEY|Mold Breaker\n|move|p2a: Slowking|Sludge Bomb|p1a: HAMONCLACKERVOLLEY\n|-immune|p1a: HAMONCLACKERVOLLEY\n|\n|upkeep\n|turn|9\n|\n|t:|1701124565\n|move|p1a: HAMONCLACKERVOLLEY|Swords Dance|p1a: HAMONCLACKERVOLLEY\n|-boost|p1a: HAMONCLACKERVOLLEY|atk|2\n|move|p2a: Slowking|Flamethrower|p1a: HAMONCLACKERVOLLEY\n|-supereffective|p1a: HAMONCLACKERVOLLEY\n|-damage|p1a: HAMONCLACKERVOLLEY|51\/100\n|\n|-end|p1a: HAMONCLACKERVOLLEY|move: Future Sight\n|-resisted|p1a: HAMONCLACKERVOLLEY\n|-damage|p1a: HAMONCLACKERVOLLEY|25\/100\n|-heal|p1a: HAMONCLACKERVOLLEY|31\/100|[from] item: Leftovers\n|upkeep\n|turn|10\n|\n|t:|1701124583\n|move|p1a: HAMONCLACKERVOLLEY|Gigaton Hammer|p2a: Slowking\n|-damage|p2a: Slowking|0 fnt\n|faint|p2a: Slowking\n|\n|-heal|p1a: HAMONCLACKERVOLLEY|37\/100|[from] item: Leftovers\n|upkeep\n|\n|t:|1701124587\n|switch|p2a: Hatterene|Hatterene, F, tera:Water|83\/100\n|turn|11\n|\n|t:|1701124592\n|move|p1a: HAMONCLACKERVOLLEY|Play Rough|p2a: Hatterene\n|-damage|p2a: Hatterene|18\/100\n|move|p2a: Hatterene|Mystical Fire|p1a: HAMONCLACKERVOLLEY\n|-supereffective|p1a: HAMONCLACKERVOLLEY\n|-damage|p1a: HAMONCLACKERVOLLEY|0 fnt\n|faint|p1a: HAMONCLACKERVOLLEY\n|\n|-heal|p2a: Hatterene|24\/100|[from] item: Leftovers\n|upkeep\n|\n|t:|1701124601\n|switch|p1a: KARS SAMA|Landorus-Therian, M|50\/100\n|-ability|p1a: KARS SAMA|Intimidate|boost\n|-unboost|p2a: Hatterene|atk|1\n|turn|12\n|\n|t:|1701124622\n|switch|p2a: Kommo-o|Kommo-o, M|100\/100\n|move|p1a: KARS SAMA|Earthquake|p2a: Kommo-o\n|-damage|p2a: Kommo-o|44\/100\n|\n|upkeep\n|turn|13\n|\n|t:|1701124643\n|move|p1a: KARS SAMA|Earthquake|p2a: Kommo-o\n|-damage|p2a: Kommo-o|0 fnt\n|faint|p2a: Kommo-o\n|\n|upkeep\n|\n|t:|1701124646\n|switch|p2a: Vaporeon|Vaporeon, F|100\/100\n|turn|14\n|\n|t:|1701124652\n|switch|p1a: FAT ABSORPTION|Bellibolt, M|70\/100\n|move|p2a: Vaporeon|Scald|p1a: FAT ABSORPTION\n|-damage|p1a: FAT ABSORPTION|42\/100\n|-status|p1a: FAT ABSORPTION|brn\n|-start|p1a: FAT ABSORPTION|Charge|Scald|[from] ability: Electromorphosis\n|\n|-heal|p1a: FAT ABSORPTION|48\/100 brn|[from] item: Leftovers\n|-damage|p1a: FAT ABSORPTION|42\/100 brn|[from] brn\n|upkeep\n|turn|15\n|\n|t:|1701124658\n|move|p2a: Vaporeon|Protect|p2a: Vaporeon\n|-singleturn|p2a: Vaporeon|Protect\n|move|p1a: FAT ABSORPTION|Parabolic Charge|p2a: Vaporeon\n|-activate|p2a: Vaporeon|move: Protect\n|-end|p1a: FAT ABSORPTION|Charge|[silent]\n|\n|-heal|p1a: FAT ABSORPTION|48\/100 brn|[from] item: Leftovers\n|-damage|p1a: FAT ABSORPTION|42\/100 brn|[from] brn\n|upkeep\n|turn|16\n|\n|t:|1701124675\n|move|p2a: Vaporeon|Ice Beam|p1a: FAT ABSORPTION\n|-damage|p1a: FAT ABSORPTION|20\/100 brn\n|-start|p1a: FAT ABSORPTION|Charge|Ice Beam|[from] ability: Electromorphosis\n|move|p1a: FAT ABSORPTION|Parabolic Charge|p2a: Vaporeon\n|-supereffective|p2a: Vaporeon\n|-damage|p2a: Vaporeon|32\/100\n|-heal|p1a: FAT ABSORPTION|58\/100 brn|[from] drain|[of] p2a: Vaporeon\n|-end|p1a: FAT ABSORPTION|Charge|[silent]\n|\n|-heal|p2a: Vaporeon|38\/100|[from] item: Leftovers\n|-heal|p1a: FAT ABSORPTION|64\/100 brn|[from] item: Leftovers\n|-damage|p1a: FAT ABSORPTION|58\/100 brn|[from] brn\n|upkeep\n|turn|17\n|\n|t:|1701124693\n|move|p2a: Vaporeon|Wish|p2a: Vaporeon\n|move|p1a: FAT ABSORPTION|Slack Off|p1a: FAT ABSORPTION\n|-heal|p1a: FAT ABSORPTION|100\/100 brn\n|\n|-heal|p2a: Vaporeon|44\/100|[from] item: Leftovers\n|-damage|p1a: FAT ABSORPTION|94\/100 brn|[from] brn\n|upkeep\n|turn|18\n|\n|t:|1701124700\n|move|p2a: Vaporeon|Protect|p2a: Vaporeon\n|-singleturn|p2a: Vaporeon|Protect\n|move|p1a: FAT ABSORPTION|Parabolic Charge|p2a: Vaporeon\n|-activate|p2a: Vaporeon|move: Protect\n|\n|-heal|p2a: Vaporeon|94\/100|[from] move: Wish|[wisher] Vaporeon\n|-heal|p2a: Vaporeon|100\/100|[from] item: Leftovers\n|-heal|p1a: FAT ABSORPTION|100\/100 brn|[from] item: Leftovers\n|-damage|p1a: FAT ABSORPTION|94\/100 brn|[from] brn\n|upkeep\n|turn|19\n|\n|t:|1701124703\n|move|p2a: Vaporeon|Scald|p1a: FAT ABSORPTION\n|-crit|p1a: FAT ABSORPTION\n|-damage|p1a: FAT ABSORPTION|49\/100 brn\n|-start|p1a: FAT ABSORPTION|Charge|Scald|[from] ability: Electromorphosis\n|move|p1a: FAT ABSORPTION|Parabolic Charge|p2a: Vaporeon\n|-supereffective|p2a: Vaporeon\n|-damage|p2a: Vaporeon|31\/100\n|-heal|p1a: FAT ABSORPTION|87\/100 brn|[from] drain|[of] p2a: Vaporeon\n|-end|p1a: FAT ABSORPTION|Charge|[silent]\n|\n|-heal|p2a: Vaporeon|37\/100|[from] item: Leftovers\n|-heal|p1a: FAT ABSORPTION|93\/100 brn|[from] item: Leftovers\n|-damage|p1a: FAT ABSORPTION|87\/100 brn|[from] brn\n|upkeep\n|turn|20\n|\n|t:|1701124714\n|switch|p2a: Revavroom|Revavroom, M|100\/100\n|move|p1a: FAT ABSORPTION|Volt Switch|p2a: Revavroom\n|-damage|p2a: Revavroom|59\/100\n|\n|t:|1701124719\n|switch|p1a: KARS SAMA|Landorus-Therian, M|50\/100|[from] Volt Switch\n|-ability|p1a: KARS SAMA|Intimidate|boost\n|-unboost|p2a: Revavroom|atk|1\n|\n|upkeep\n|turn|21\n|\n|t:|1701124734\n|move|p1a: KARS SAMA|Earthquake|p2a: Revavroom\n|-supereffective|p2a: Revavroom\n|-damage|p2a: Revavroom|0 fnt\n|faint|p2a: Revavroom\n|\n|upkeep\n|\n|t:|1701124737\n|switch|p2a: Hatterene|Hatterene, F, tera:Water|24\/100\n|turn|22\n|\n|t:|1701124741\n|move|p1a: KARS SAMA|Earthquake|p2a: Hatterene\n|-damage|p2a: Hatterene|0 fnt\n|faint|p2a: Hatterene\n|\n|upkeep\n|\n|t:|1701124743\n|switch|p2a: Vaporeon|Vaporeon, F|37\/100\n|turn|23\n|\n|t:|1701124750\n|move|p1a: KARS SAMA|Earthquake|p2a: Vaporeon\n|-damage|p2a: Vaporeon|0 fnt\n|faint|p2a: Vaporeon\n|\n|win|Exusiai-PngnLgstcs\n|c|\u2606Exusiai-PngnLgstcs|gg\n|l|\u2606tottees\n","uploadtime":1701124755,"views":8,"p1id":"exusiaipngnlgstcs","p2id":"tottees","formatid":"gen9ou","rating":0,"private":0,"password":""}