{"id":"gen9ou-2000025250","p1":"ghostgallade","p2":"Steez Ibanez","format":"[Gen 9] OU","log":"|j|\u2606ghostgallade\n|j|\u2606Steez Ibanez\n|inactive|Battle timer is ON: inactive players will automatically lose when time's up.\n|t:|1701142705\n|gametype|singles\n|player|p1|ghostgallade|n|\n|player|p2|Steez Ibanez|lance-gen2|\n|teamsize|p1|6\n|teamsize|p2|6\n|gen|9\n|tier|[Gen 9] OU\n|rated|Tournament battle\n|rule|Sleep Clause Mod: Limit one foe put to sleep\n|rule|Species Clause: Limit one of each Pok\u00e9mon\n|rule|OHKO Clause: OHKO moves are banned\n|rule|Evasion Items Clause: Evasion items are banned\n|rule|Evasion Moves Clause: Evasion moves are banned\n|rule|Endless Battle Clause: Forcing endless battles is banned\n|rule|HP Percentage Mod: HP is shown in percentages\n|clearpoke\n|poke|p1|Glimmora, M|\n|poke|p1|Kingambit, F|\n|poke|p1|Iron Valiant|\n|poke|p1|Dragapult, F|\n|poke|p1|Landorus-Therian, M|\n|poke|p1|Hatterene, F|\n|poke|p2|Dragapult, M|\n|poke|p2|Zapdos|\n|poke|p2|Iron Moth|\n|poke|p2|Ting-Lu|\n|poke|p2|Corviknight, M|\n|poke|p2|Darkrai|\n|teampreview\n|j|+awyp\n|\n|t:|1701142718\n|start\n|switch|p1a: Landorus|Landorus-Therian, M|100\/100\n|switch|p2a: Clicker|Ting-Lu|100\/100\n|-ability|p1a: Landorus|Intimidate|boost\n|-unboost|p2a: Clicker|atk|1\n|-ability|p2a: Clicker|Vessel of Ruin\n|turn|1\n|\n|t:|1701142726\n|switch|p2a: Dick Grayson|Corviknight, M|100\/100\n|-ability|p2a: Dick Grayson|Pressure\n|move|p1a: Landorus|U-turn|p2a: Dick Grayson\n|-resisted|p2a: Dick Grayson\n|-damage|p2a: Dick Grayson|96\/100\n|\n|t:|1701142733\n|switch|p1a: Dragapult|Dragapult, F|100\/100|[from] U-turn\n|\n|-heal|p2a: Dick Grayson|100\/100|[from] item: Leftovers\n|upkeep\n|turn|2\n|\n|t:|1701142738\n|switch|p2a: Clicker|Ting-Lu|100\/100\n|-ability|p2a: Clicker|Vessel of Ruin\n|move|p1a: Dragapult|U-turn|p2a: Clicker\n|-supereffective|p2a: Clicker\n|-damage|p2a: Clicker|83\/100\n|\n|t:|1701142742\n|switch|p1a: Hatterene|Hatterene, F|100\/100|[from] U-turn\n|\n|-heal|p2a: Clicker|89\/100|[from] item: Leftovers\n|upkeep\n|turn|3\n|\n|t:|1701142752\n|move|p1a: Hatterene|Nuzzle|p2a: Clicker\n|-immune|p2a: Clicker\n|move|p2a: Clicker|Ruination|p1a: Hatterene\n|-damage|p1a: Hatterene|51\/100\n|-enditem|p1a: Hatterene|Eject Button\n|j| SDK04\n|\n|t:|1701142763\n|switch|p1a: Landorus|Landorus-Therian, M|100\/100\n|-ability|p1a: Landorus|Intimidate|boost\n|-unboost|p2a: Clicker|atk|1\n|\n|-heal|p2a: Clicker|95\/100|[from] item: Leftovers\n|upkeep\n|turn|4\n|j|@Disorient\n|\n|t:|1701142770\n|switch|p1a: Hatterene|Hatterene, F|51\/100\n|switch|p2a: Dick Grayson|Corviknight, M|100\/100\n|-ability|p2a: Dick Grayson|Pressure\n|\n|upkeep\n|turn|5\n|\n|t:|1701142776\n|move|p2a: Dick Grayson|Iron Head|p1a: Hatterene\n|-supereffective|p1a: Hatterene\n|-damage|p1a: Hatterene|5\/100\n|cant|p1a: Hatterene|flinch\n|\n|upkeep\n|turn|6\n|\n|t:|1701142785\n|switch|p1a: Landorus|Landorus-Therian, M|100\/100\n|-ability|p1a: Landorus|Intimidate|boost\n|-unboost|p2a: Dick Grayson|atk|1\n|move|p2a: Dick Grayson|U-turn|p1a: Landorus\n|-resisted|p1a: Landorus\n|-crit|p1a: Landorus\n|-damage|p1a: Landorus|87\/100\n|\n|t:|1701142791\n|switch|p2a: Freddy|Darkrai|100\/100|[from] U-turn\n|\n|upkeep\n|turn|7\n|\n|t:|1701142795\n|switch|p2a: Dick Grayson|Corviknight, M|100\/100\n|-ability|p2a: Dick Grayson|Pressure\n|move|p1a: Landorus|U-turn|p2a: Dick Grayson\n|-resisted|p2a: Dick Grayson\n|-damage|p2a: Dick Grayson|97\/100\n|\n|t:|1701142799\n|switch|p1a: Dragapult|Dragapult, F|100\/100|[from] U-turn\n|\n|-heal|p2a: Dick Grayson|100\/100|[from] item: Leftovers\n|upkeep\n|turn|8\n|\n|t:|1701142805\n|switch|p2a: Clicker|Ting-Lu|95\/100\n|-ability|p2a: Clicker|Vessel of Ruin\n|move|p1a: Dragapult|Flamethrower|p2a: Clicker\n|-damage|p2a: Clicker|80\/100\n|\n|-heal|p2a: Clicker|87\/100|[from] item: Leftovers\n|upkeep\n|turn|9\n|\n|t:|1701142814\n|switch|p1a: Hatterene|Hatterene, F|5\/100\n|move|p2a: Clicker|Stealth Rock|p1a: Hatterene\n|move|p1a: Hatterene|Stealth Rock|p2a: Clicker|[from]ability: Magic Bounce\n|-sidestart|p2: Steez Ibanez|move: Stealth Rock\n|\n|-heal|p2a: Clicker|93\/100|[from] item: Leftovers\n|upkeep\n|turn|10\n|\n|t:|1701142828\n|move|p1a: Hatterene|Dazzling Gleam|p2a: Clicker\n|-supereffective|p2a: Clicker\n|-damage|p2a: Clicker|65\/100\n|move|p2a: Clicker|Earthquake|p1a: Hatterene\n|-damage|p1a: Hatterene|0 fnt\n|faint|p1a: Hatterene\n|\n|-heal|p2a: Clicker|71\/100|[from] item: Leftovers\n|upkeep\n|\n|t:|1701142833\n|switch|p1a: Glimmora|Glimmora, M|100\/100\n|turn|11\n|l|\u2606Steez Ibanez\n|inactive|Steez Ibanez disconnected and has a minute to reconnect!\n|player|p2|\n|j|\u2606Steez Ibanez\n|inactive|Steez Ibanez reconnected and has 120 seconds left.\n|player|p2|Steez Ibanez|lance-gen2\n|\n|t:|1701142869\n|-terastallize|p2a: Clicker|Poison\n|move|p1a: Glimmora|Energy Ball|p2a: Clicker\n|-resisted|p2a: Clicker\n|-damage|p2a: Clicker|64\/100\n|move|p2a: Clicker|Earthquake|p1a: Glimmora\n|-supereffective|p1a: Glimmora\n|-enditem|p1a: Glimmora|Focus Sash\n|-damage|p1a: Glimmora|1\/100\n|-activate|p1a: Glimmora|ability: Toxic Debris\n|-sidestart|p2: Steez Ibanez|move: Toxic Spikes\n|\n|-heal|p2a: Clicker|70\/100|[from] item: Leftovers\n|upkeep\n|turn|12\n|\n|t:|1701142881\n|move|p1a: Glimmora|Earth Power|p2a: Clicker\n|-supereffective|p2a: Clicker\n|-damage|p2a: Clicker|45\/100\n|move|p2a: Clicker|Stealth Rock|p1a: Glimmora\n|-sidestart|p1: ghostgallade|move: Stealth Rock\n|\n|-heal|p2a: Clicker|52\/100|[from] item: Leftovers\n|upkeep\n|turn|13\n|\n|t:|1701142887\n|switch|p2a: Dick Grayson|Corviknight, M|100\/100\n|-damage|p2a: Dick Grayson|88\/100|[from] Stealth Rock\n|-ability|p2a: Dick Grayson|Pressure\n|move|p1a: Glimmora|Mortal Spin|p2a: Dick Grayson\n|-immune|p2a: Dick Grayson\n|\n|-heal|p2a: Dick Grayson|94\/100|[from] item: Leftovers\n|upkeep\n|turn|14\n|\n|t:|1701142895\n|move|p1a: Glimmora|Stealth Rock||[still]\n|-fail|p1a: Glimmora\n|move|p2a: Dick Grayson|U-turn|p1a: Glimmora\n|-resisted|p1a: Glimmora\n|-damage|p1a: Glimmora|0 fnt\n|-activate|p1a: Glimmora|ability: Toxic Debris\n|-sidestart|p2: Steez Ibanez|move: Toxic Spikes\n|faint|p1a: Glimmora\n|\n|t:|1701142914\n|switch|p2a: Amaterasu|Iron Moth|100\/100|[from] U-turn\n|-sideend|p2: Steez Ibanez|move: Toxic Spikes|[of] p2a: Amaterasu\n|\n|upkeep\n|\n|t:|1701142919\n|switch|p1a: Landorus|Landorus-Therian, M|87\/100\n|-damage|p1a: Landorus|75\/100|[from] Stealth Rock\n|-ability|p1a: Landorus|Intimidate|boost\n|-unboost|p2a: Amaterasu|atk|1\n|turn|15\n|\n|t:|1701142935\n|move|p1a: Landorus|Stone Edge|p2a: Amaterasu\n|-supereffective|p2a: Amaterasu\n|-damage|p2a: Amaterasu|0 fnt\n|faint|p2a: Amaterasu\n|-end|p2a: Amaterasu|Quark Drive|[silent]\n|\n|upkeep\n|\n|t:|1701142950\n|switch|p2a: Freddy|Darkrai|100\/100\n|turn|16\n|\n|t:|1701142958\n|switch|p1a: Kingambit|Kingambit, F|100\/100\n|-damage|p1a: Kingambit|94\/100|[from] Stealth Rock\n|-activate|p1a: Kingambit|ability: Supreme Overlord\n|-start|p1a: Kingambit|fallen2|[silent]\n|move|p2a: Freddy|Dark Pulse|p1a: Kingambit\n|-resisted|p1a: Kingambit\n|-crit|p1a: Kingambit\n|-damage|p1a: Kingambit|60\/100\n|\n|-heal|p1a: Kingambit|67\/100|[from] item: Leftovers\n|upkeep\n|turn|17\n|j| gomikyu\n|\n|t:|1701142972\n|move|p2a: Freddy|Focus Blast|p1a: Kingambit\n|-supereffective|p1a: Kingambit\n|-damage|p1a: Kingambit|0 fnt\n|faint|p1a: Kingambit\n|-end|p1a: Kingambit|fallen2|[silent]\n|\n|upkeep\n|\n|t:|1701142985\n|switch|p1a: Dragapult|Dragapult, F|100\/100\n|-damage|p1a: Dragapult|88\/100|[from] Stealth Rock\n|turn|18\n|\n|t:|1701142992\n|move|p1a: Dragapult|U-turn|p2a: Freddy\n|-supereffective|p2a: Freddy\n|-damage|p2a: Freddy|50\/100\n|\n|t:|1701142999\n|switch|p1a: Landorus|Landorus-Therian, M|75\/100|[from] U-turn\n|-damage|p1a: Landorus|63\/100|[from] Stealth Rock\n|-ability|p1a: Landorus|Intimidate|boost\n|-unboost|p2a: Freddy|atk|1\n|move|p2a: Freddy|Dark Pulse|p1a: Landorus\n|-damage|p1a: Landorus|0 fnt\n|faint|p1a: Landorus\n|\n|upkeep\n|\n|t:|1701143003\n|switch|p1a: Iron Valiant|Iron Valiant|100\/100\n|-damage|p1a: Iron Valiant|94\/100|[from] Stealth Rock\n|-enditem|p1a: Iron Valiant|Booster Energy\n|-activate|p1a: Iron Valiant|ability: Quark Drive|[fromitem]\n|-start|p1a: Iron Valiant|quarkdrivespe\n|turn|19\n|\n|t:|1701143016\n|-terastallize|p1a: Iron Valiant|Fire\n|move|p1a: Iron Valiant|Swords Dance|p1a: Iron Valiant\n|-boost|p1a: Iron Valiant|atk|2\n|move|p2a: Freddy|Sludge Bomb|p1a: Iron Valiant\n|-crit|p1a: Iron Valiant\n|-damage|p1a: Iron Valiant|4\/100\n|-status|p1a: Iron Valiant|psn\n|\n|-damage|p1a: Iron Valiant|0 fnt|[from] psn\n|faint|p1a: Iron Valiant\n|-end|p1a: Iron Valiant|Quark Drive|[silent]\n|upkeep\n|c|\u2606ghostgallade|gg xd\n|c|\u2606Steez Ibanez|gg\n|l| gomikyu\n|\n|t:|1701143030\n|switch|p1a: Dragapult|Dragapult, F|88\/100\n|-damage|p1a: Dragapult|76\/100|[from] Stealth Rock\n|turn|20\n|\n|t:|1701143035\n|move|p1a: Dragapult|Shadow Ball|p2a: Freddy\n|-resisted|p2a: Freddy\n|-damage|p2a: Freddy|16\/100\n|move|p2a: Freddy|Dark Pulse|p1a: Dragapult\n|-supereffective|p1a: Dragapult\n|-damage|p1a: Dragapult|0 fnt\n|faint|p1a: Dragapult\n|\n|win|Steez Ibanez\n|n|\u2606ghostgallade|ghostgallade\n|n|+awyp|awyp\n|n| SDK04|sdk04\n|n|+Disorient|disorient\n|n|\u2606Steez Ibanez|steezibanez\n|l|\u2606Steez Ibanez\n","uploadtime":1701143041,"views":15,"p1id":"ghostgallade","p2id":"steezibanez","formatid":"gen9ou","rating":0,"private":0,"password":""}