{"id":"gen9ou-1997401946","p1":"z9958","p2":"Lardoh","format":"[Gen 9] OU","log":"|j|\u2606z9958\n|j|\u2606Lardoh\n|t:|1700799568\n|gametype|singles\n|player|p1|z9958|caitlin|1398\n|player|p2|Lardoh|1|1422\n|teamsize|p1|6\n|teamsize|p2|6\n|gen|9\n|tier|[Gen 9] OU\n|rated|\n|rule|Sleep Clause Mod: Limit one foe put to sleep\n|rule|Species Clause: Limit one of each Pok\u00e9mon\n|rule|OHKO Clause: OHKO moves are banned\n|rule|Evasion Items Clause: Evasion items are banned\n|rule|Evasion Moves Clause: Evasion moves are banned\n|rule|Endless Battle Clause: Forcing endless battles is banned\n|rule|HP Percentage Mod: HP is shown in percentages\n|clearpoke\n|poke|p1|Dragapult, F|\n|poke|p1|Great Tusk|\n|poke|p1|Iron Moth|\n|poke|p1|Kingambit, F|\n|poke|p1|Rillaboom, M|\n|poke|p1|Rotom-Wash|\n|poke|p2|Great Tusk|\n|poke|p2|Iron Moth|\n|poke|p2|Ting-Lu|\n|poke|p2|Clefable, F|\n|poke|p2|Maushold-Four|\n|poke|p2|Gholdengo|\n|teampreview\n|inactive|Battle timer is ON: inactive players will automatically lose when time's up. (requested by z9958)\n|inactive|Lardoh also wants the timer to be on.\n|\n|t:|1700799589\n|start\n|switch|p1a: Rotom|Rotom-Wash, shiny|100\/100\n|switch|p2a: Maushold|Maushold-Four|100\/100\n|turn|1\n|\n|t:|1700799600\n|switch|p1a: Dragapult|Dragapult, F, shiny|100\/100\n|move|p2a: Maushold|Population Bomb|p1a: Dragapult\n|-immune|p1a: Dragapult\n|\n|upkeep\n|turn|2\n|\n|t:|1700799607\n|move|p1a: Dragapult|Draco Meteor|p2a: Maushold\n|-damage|p2a: Maushold|0 fnt\n|-unboost|p1a: Dragapult|spa|2\n|faint|p2a: Maushold\n|\n|upkeep\n|\n|t:|1700799610\n|switch|p2a: Clefable|Clefable, F|100\/100\n|turn|3\n|\n|t:|1700799617\n|switch|p1a: Iron Moth|Iron Moth|100\/100\n|-enditem|p1a: Iron Moth|Booster Energy\n|-activate|p1a: Iron Moth|ability: Quark Drive|[fromitem]\n|-start|p1a: Iron Moth|quarkdrivespa\n|move|p2a: Clefable|Knock Off|p1a: Iron Moth\n|-damage|p1a: Iron Moth|81\/100\n|\n|upkeep\n|turn|4\n|\n|t:|1700799625\n|switch|p2a: Ting-Lu|Ting-Lu|100\/100\n|-ability|p2a: Ting-Lu|Vessel of Ruin\n|move|p1a: Iron Moth|Substitute|p1a: Iron Moth\n|-start|p1a: Iron Moth|Substitute\n|-damage|p1a: Iron Moth|56\/100\n|\n|upkeep\n|turn|5\n|\n|t:|1700799647\n|move|p1a: Iron Moth|Fiery Dance|p2a: Ting-Lu\n|-damage|p2a: Ting-Lu|65\/100\n|-enditem|p2a: Ting-Lu|Red Card|[of] p1a: Iron Moth\n|-end|p1a: Iron Moth|Quark Drive|[silent]\n|drag|p1a: Dragapult|Dragapult, F, shiny|100\/100\n|move|p2a: Ting-Lu|Stealth Rock|p1a: Dragapult\n|-sidestart|p1: z9958|move: Stealth Rock\n|\n|upkeep\n|turn|6\n|inactive|z9958 has 120 seconds left.\n|\n|t:|1700799669\n|move|p1a: Dragapult|U-turn|p2a: Ting-Lu\n|-supereffective|p2a: Ting-Lu\n|-damage|p2a: Ting-Lu|53\/100\n|inactive|z9958 has 120 seconds left.\n|\n|t:|1700799675\n|switch|p1a: Rotom|Rotom-Wash, shiny|100\/100|[from] U-turn\n|-damage|p1a: Rotom|88\/100|[from] Stealth Rock\n|move|p2a: Ting-Lu|Spikes|p1a: Rotom\n|-sidestart|p1: z9958|Spikes\n|\n|-heal|p1a: Rotom|94\/100|[from] item: Leftovers\n|upkeep\n|turn|7\n|\n|t:|1700799682\n|move|p1a: Rotom|Hydro Pump|p2a: Ting-Lu|[miss]\n|-miss|p1a: Rotom|p2a: Ting-Lu\n|move|p2a: Ting-Lu|Spikes|p1a: Rotom\n|-sidestart|p1: z9958|Spikes\n|\n|-heal|p1a: Rotom|100\/100|[from] item: Leftovers\n|upkeep\n|turn|8\n|\n|t:|1700799686\n|move|p1a: Rotom|Hydro Pump|p2a: Ting-Lu\n|-supereffective|p2a: Ting-Lu\n|-damage|p2a: Ting-Lu|7\/100\n|move|p2a: Ting-Lu|Spikes|p1a: Rotom\n|-sidestart|p1: z9958|Spikes\n|\n|upkeep\n|turn|9\n|\n|t:|1700799691\n|move|p1a: Rotom|Hydro Pump|p2a: Ting-Lu|[miss]\n|-miss|p1a: Rotom|p2a: Ting-Lu\n|move|p2a: Ting-Lu|Ruination|p1a: Rotom\n|-damage|p1a: Rotom|50\/100\n|\n|-heal|p1a: Rotom|57\/100|[from] item: Leftovers\n|upkeep\n|turn|10\n|\n|t:|1700799694\n|move|p1a: Rotom|Hydro Pump|p2a: Ting-Lu\n|-supereffective|p2a: Ting-Lu\n|-damage|p2a: Ting-Lu|0 fnt\n|faint|p2a: Ting-Lu\n|\n|-heal|p1a: Rotom|63\/100|[from] item: Leftovers\n|upkeep\n|\n|t:|1700799706\n|switch|p2a: Clefable|Clefable, F|100\/100\n|turn|11\n|\n|t:|1700799727\n|move|p1a: Rotom|Hydro Pump|p2a: Clefable\n|-damage|p2a: Clefable|68\/100\n|move|p2a: Clefable|Moonblast|p1a: Rotom\n|-crit|p1a: Rotom\n|-damage|p1a: Rotom|16\/100\n|\n|-heal|p1a: Rotom|22\/100|[from] item: Leftovers\n|-heal|p2a: Clefable|74\/100|[from] item: Leftovers\n|upkeep\n|turn|12\n|\n|t:|1700799733\n|move|p1a: Rotom|Volt Switch|p2a: Clefable\n|-damage|p2a: Clefable|53\/100\n|\n|t:|1700799738\n|switch|p1a: Kingambit|Kingambit, F|100\/100|[from] Volt Switch\n|-damage|p1a: Kingambit|94\/100|[from] Stealth Rock\n|-damage|p1a: Kingambit|69\/100|[from] Spikes\n|move|p2a: Clefable|Moonlight|p2a: Clefable\n|-heal|p2a: Clefable|100\/100\n|\n|upkeep\n|turn|13\n|\n|t:|1700799745\n|switch|p2a: Great Tusk|Great Tusk|100\/100\n|move|p1a: Kingambit|Iron Head|p2a: Great Tusk\n|-damage|p2a: Great Tusk|71\/100\n|\n|upkeep\n|turn|14\n|\n|t:|1700799758\n|-end|p1a: Kingambit|fallenundefined|[silent]\n|switch|p1a: Great Tusk|Great Tusk|100\/100\n|move|p2a: Great Tusk|Knock Off|p1a: Great Tusk\n|-resisted|p1a: Great Tusk\n|-damage|p1a: Great Tusk|91\/100\n|-enditem|p1a: Great Tusk|Heavy-Duty Boots|[from] move: Knock Off|[of] p2a: Great Tusk\n|\n|upkeep\n|turn|15\n|\n|t:|1700799766\n|-end|p2a: Great Tusk|Protosynthesis|[silent]\n|switch|p2a: Gholdengo|Gholdengo|100\/100\n|move|p1a: Great Tusk|Earthquake|p2a: Gholdengo\n|-supereffective|p2a: Gholdengo\n|-damage|p2a: Gholdengo|0 fnt\n|faint|p2a: Gholdengo\n|\n|upkeep\n|\n|t:|1700799769\n|switch|p2a: Iron Moth|Iron Moth|100\/100\n|-enditem|p2a: Iron Moth|Booster Energy\n|-activate|p2a: Iron Moth|ability: Quark Drive|[fromitem]\n|-start|p2a: Iron Moth|quarkdrivespa\n|turn|16\n|\n|t:|1700799775\n|-terastallize|p2a: Iron Moth|Fairy\n|move|p2a: Iron Moth|Dazzling Gleam|p1a: Great Tusk\n|-supereffective|p1a: Great Tusk\n|-damage|p1a: Great Tusk|0 fnt\n|faint|p1a: Great Tusk\n|-end|p1a: Great Tusk|Protosynthesis|[silent]\n|\n|upkeep\n|\n|t:|1700799786\n|switch|p1a: Iron Moth|Iron Moth|56\/100\n|-damage|p1a: Iron Moth|31\/100|[from] Stealth Rock\n|-damage|p1a: Iron Moth|6\/100|[from] Spikes\n|turn|17\n|\n|t:|1700799793\n|move|p2a: Iron Moth|Fiery Dance|p1a: Iron Moth\n|-resisted|p1a: Iron Moth\n|-damage|p1a: Iron Moth|0 fnt\n|-boost|p2a: Iron Moth|spa|1\n|faint|p1a: Iron Moth\n|-end|p1a: Iron Moth|Quark Drive|[silent]\n|\n|upkeep\n|\n|t:|1700799812\n|switch|p1a: Rillaboom|Rillaboom, M|100\/100\n|-damage|p1a: Rillaboom|88\/100|[from] Stealth Rock\n|-damage|p1a: Rillaboom|63\/100|[from] Spikes\n|-fieldstart|move: Grassy Terrain|[from] ability: Grassy Surge|[of] p1a: Rillaboom\n|turn|18\n|\n|t:|1700799827\n|-end|p2a: Iron Moth|Quark Drive|[silent]\n|switch|p2a: Great Tusk|Great Tusk|71\/100\n|move|p1a: Rillaboom|Grassy Glide|p2a: Great Tusk\n|-supereffective|p2a: Great Tusk\n|-damage|p2a: Great Tusk|19\/100\n|\n|-heal|p1a: Rillaboom|69\/100|[from] Grassy Terrain\n|-heal|p2a: Great Tusk|25\/100|[from] Grassy Terrain\n|upkeep\n|turn|19\n|\n|t:|1700799833\n|move|p1a: Rillaboom|Grassy Glide|p2a: Great Tusk\n|-supereffective|p2a: Great Tusk\n|-damage|p2a: Great Tusk|0 fnt\n|faint|p2a: Great Tusk\n|-end|p2a: Great Tusk|Protosynthesis|[silent]\n|\n|-heal|p1a: Rillaboom|76\/100|[from] Grassy Terrain\n|upkeep\n|\n|t:|1700799836\n|switch|p2a: Clefable|Clefable, F|100\/100\n|turn|20\n|\n|t:|1700799847\n|move|p1a: Rillaboom|Wood Hammer|p2a: Clefable\n|-damage|p2a: Clefable|7\/100\n|-start|p1a: Rillaboom|Attract|[from] ability: Cute Charm|[of] p2a: Clefable\n|-damage|p1a: Rillaboom|40\/100|[from] Recoil\n|move|p2a: Clefable|Knock Off|p1a: Rillaboom\n|-damage|p1a: Rillaboom|22\/100\n|-enditem|p1a: Rillaboom|Assault Vest|[from] move: Knock Off|[of] p2a: Clefable\n|\n|-heal|p1a: Rillaboom|28\/100|[from] Grassy Terrain\n|-heal|p2a: Clefable|13\/100|[from] Grassy Terrain\n|-heal|p2a: Clefable|19\/100|[from] item: Leftovers\n|upkeep\n|turn|21\n|\n|t:|1700799861\n|-activate|p1a: Rillaboom|move: Attract|[of] p2a: Clefable\n|cant|p1a: Rillaboom|Attract\n|move|p2a: Clefable|Moonlight|p2a: Clefable\n|-heal|p2a: Clefable|69\/100\n|\n|-heal|p1a: Rillaboom|35\/100|[from] Grassy Terrain\n|-heal|p2a: Clefable|75\/100|[from] Grassy Terrain\n|-heal|p2a: Clefable|81\/100|[from] item: Leftovers\n|upkeep\n|turn|22\n|\n|t:|1700799870\n|switch|p1a: Kingambit|Kingambit, F|69\/100\n|-damage|p1a: Kingambit|63\/100|[from] Stealth Rock\n|-damage|p1a: Kingambit|38\/100|[from] Spikes\n|-activate|p1a: Kingambit|ability: Supreme Overlord\n|-start|p1a: Kingambit|fallen2|[silent]\n|move|p2a: Clefable|Moonblast|p1a: Kingambit\n|-damage|p1a: Kingambit|0 fnt\n|faint|p1a: Kingambit\n|-end|p1a: Kingambit|fallen2|[silent]\n|\n|-heal|p2a: Clefable|87\/100|[from] Grassy Terrain\n|-heal|p2a: Clefable|93\/100|[from] item: Leftovers\n|-fieldend|move: Grassy Terrain\n|upkeep\n|\n|t:|1700799873\n|switch|p1a: Dragapult|Dragapult, F, shiny|100\/100\n|-damage|p1a: Dragapult|88\/100|[from] Stealth Rock\n|-damage|p1a: Dragapult|63\/100|[from] Spikes\n|turn|23\n|\n|t:|1700799887\n|move|p1a: Dragapult|U-turn|p2a: Clefable\n|-resisted|p2a: Clefable\n|-damage|p2a: Clefable|86\/100\n|\n|t:|1700799891\n|switch|p1a: Rillaboom|Rillaboom, M|35\/100|[from] U-turn\n|-damage|p1a: Rillaboom|22\/100|[from] Stealth Rock\n|-damage|p1a: Rillaboom|0 fnt|[from] Spikes\n|faint|p1a: Rillaboom\n|move|p2a: Clefable|Calm Mind|p2a: Clefable\n|-boost|p2a: Clefable|spa|1\n|-boost|p2a: Clefable|spd|1\n|\n|-heal|p2a: Clefable|92\/100|[from] item: Leftovers\n|upkeep\n|-message|z9958 forfeited.\n|\n|win|Lardoh\n|raw|z9958's rating: 1398 &rarr; <strong>1379<\/strong><br \/>(-19 for losing)\n|raw|Lardoh's rating: 1422 &rarr; <strong>1441<\/strong><br \/>(+19 for winning)\n|l|\u2606z9958\n","uploadtime":1700799918,"views":7,"p1id":"z9958","p2id":"lardoh","formatid":"gen9ou","rating":1379,"private":0,"password":""}