{"id":"gen9ou-1995051659","p1":"Cergal","p2":"Faegon_Blackfyre","format":"[Gen 9] OU","log":"|j|\u2606Cergal\n|j|\u2606Faegon_Blackfyre\n|t:|1700517336\n|gametype|singles\n|player|p1|Cergal|265|1239\n|player|p2|Faegon_Blackfyre|infielder|1288\n|teamsize|p1|6\n|teamsize|p2|6\n|gen|9\n|tier|[Gen 9] OU\n|rated|\n|rule|Sleep Clause Mod: Limit one foe put to sleep\n|rule|Species Clause: Limit one of each Pok\u00e9mon\n|rule|OHKO Clause: OHKO moves are banned\n|rule|Evasion Items Clause: Evasion items are banned\n|rule|Evasion Moves Clause: Evasion moves are banned\n|rule|Endless Battle Clause: Forcing endless battles is banned\n|rule|HP Percentage Mod: HP is shown in percentages\n|clearpoke\n|poke|p1|Pelipper, F|\n|poke|p1|Clodsire, M|\n|poke|p1|Quaquaval, F|\n|poke|p1|Barraskewda, F|\n|poke|p1|Dragapult, M|\n|poke|p1|Great Tusk|\n|poke|p2|Mew|\n|poke|p2|Iron Treads|\n|poke|p2|Iron Jugulis|\n|poke|p2|Iron Leaves|\n|poke|p2|Kleavor, F|\n|poke|p2|Iron Valiant|\n|teampreview\n|inactive|Battle timer is ON: inactive players will automatically lose when time's up. (requested by Faegon_Blackfyre)\n|\n|t:|1700517349\n|start\n|switch|p1a: Clodsire|Clodsire, M|100\/100\n|switch|p2a: Axing Questions|Kleavor, F, shiny|100\/100\n|turn|1\n|\n|t:|1700517353\n|move|p2a: Axing Questions|U-turn|p1a: Clodsire\n|-resisted|p1a: Clodsire\n|-damage|p1a: Clodsire|81\/100\n|\n|t:|1700517357\n|switch|p2a: 5 Year Shiny Hunt|Mew, shiny|100\/100|[from] U-turn\n|move|p1a: Clodsire|Toxic|p2a: 5 Year Shiny Hunt\n|-status|p2a: 5 Year Shiny Hunt|tox\n|-activate|p2a: 5 Year Shiny Hunt|ability: Synchronize\n|-immune|p1a: Clodsire\n|\n|-heal|p1a: Clodsire|87\/100|[from] item: Leftovers\n|-damage|p2a: 5 Year Shiny Hunt|94\/100 tox|[from] psn\n|upkeep\n|turn|2\n|\n|t:|1700517369\n|move|p2a: 5 Year Shiny Hunt|Electric Terrain|p2a: 5 Year Shiny Hunt\n|-fieldstart|move: Electric Terrain\n|move|p1a: Clodsire|Stealth Rock|p2a: 5 Year Shiny Hunt\n|-sidestart|p2: Faegon_Blackfyre|move: Stealth Rock\n|\n|-heal|p1a: Clodsire|93\/100|[from] item: Leftovers\n|-damage|p2a: 5 Year Shiny Hunt|82\/100 tox|[from] psn\n|upkeep\n|turn|3\n|inactive|Cergal has 120 seconds left.\n|inactive|Cergal has 90 seconds left.\n|inactive|Cergal has 60 seconds left.\n|\n|t:|1700517464\n|switch|p2a: Don's 2nd Cousin|Iron Treads, shiny|100\/100\n|-damage|p2a: Don's 2nd Cousin|97\/100|[from] Stealth Rock\n|-activate|p2a: Don's 2nd Cousin|ability: Quark Drive\n|-start|p2a: Don's 2nd Cousin|quarkdriveatk\n|-enditem|p2a: Don's 2nd Cousin|Electric Seed\n|-boost|p2a: Don's 2nd Cousin|def|1|[from] item: Electric Seed\n|move|p1a: Clodsire|Earthquake|p2a: Don's 2nd Cousin\n|-supereffective|p2a: Don's 2nd Cousin\n|-damage|p2a: Don's 2nd Cousin|67\/100\n|\n|-heal|p1a: Clodsire|99\/100|[from] item: Leftovers\n|upkeep\n|turn|4\n|inactive|Cergal has 60 seconds left.\n|\n|t:|1700517478\n|switch|p1a: Dragapult|Dragapult, M|100\/100\n|move|p2a: Don's 2nd Cousin|Knock Off|p1a: Dragapult\n|-supereffective|p1a: Dragapult\n|-damage|p1a: Dragapult|0 fnt\n|-enditem|p1a: Dragapult|Choice Specs|[from] move: Knock Off|[of] p2a: Don's 2nd Cousin\n|faint|p1a: Dragapult\n|\n|upkeep\n|inactive|Cergal has 60 seconds left.\n|\n|t:|1700517484\n|switch|p1a: Pelipper|Pelipper, F|100\/100\n|-weather|RainDance|[from] ability: Drizzle|[of] p1a: Pelipper\n|turn|5\n|\n|t:|1700517489\n|move|p2a: Don's 2nd Cousin|Rapid Spin|p1a: Pelipper\n|-damage|p1a: Pelipper|70\/100\n|-boost|p2a: Don's 2nd Cousin|spe|1\n|-sideend|p2: Faegon_Blackfyre|Stealth Rock|[from] move: Rapid Spin|[of] p2a: Don's 2nd Cousin\n|move|p1a: Pelipper|Surf|p2a: Don's 2nd Cousin\n|-supereffective|p2a: Don's 2nd Cousin\n|-damage|p2a: Don's 2nd Cousin|0 fnt\n|faint|p2a: Don's 2nd Cousin\n|-end|p2a: Don's 2nd Cousin|Quark Drive|[silent]\n|\n|-weather|RainDance|[upkeep]\n|upkeep\n|\n|t:|1700517494\n|switch|p2a: Legend-Deer-E|Iron Leaves|100\/100\n|-activate|p2a: Legend-Deer-E|ability: Quark Drive\n|-start|p2a: Legend-Deer-E|quarkdriveatk\n|turn|6\n|\n|t:|1700517501\n|move|p2a: Legend-Deer-E|Swords Dance|p2a: Legend-Deer-E\n|-boost|p2a: Legend-Deer-E|atk|2\n|move|p1a: Pelipper|Hurricane|p2a: Legend-Deer-E\n|-supereffective|p2a: Legend-Deer-E\n|-damage|p2a: Legend-Deer-E|9\/100\n|-start|p2a: Legend-Deer-E|confusion\n|\n|-weather|RainDance|[upkeep]\n|upkeep\n|turn|7\n|\n|t:|1700517505\n|-activate|p2a: Legend-Deer-E|confusion\n|move|p2a: Legend-Deer-E|Leaf Blade|p1a: Pelipper\n|-crit|p1a: Pelipper\n|-damage|p1a: Pelipper|0 fnt\n|faint|p1a: Pelipper\n|\n|-weather|RainDance|[upkeep]\n|upkeep\n|\n|t:|1700517507\n|switch|p1a: Quaquaval|Quaquaval, F|100\/100\n|turn|8\n|\n|t:|1700517511\n|move|p1a: Quaquaval|Aqua Jet|p2a: Legend-Deer-E\n|-resisted|p2a: Legend-Deer-E\n|-damage|p2a: Legend-Deer-E|0 fnt\n|faint|p2a: Legend-Deer-E\n|-end|p2a: Legend-Deer-E|Quark Drive|[silent]\n|-ability|p1a: Quaquaval|Moxie|boost\n|-boost|p1a: Quaquaval|atk|1\n|\n|-weather|RainDance|[upkeep]\n|upkeep\n|\n|t:|1700517516\n|switch|p2a: Birdz Flying High|Iron Jugulis, shiny|100\/100\n|-activate|p2a: Birdz Flying High|ability: Quark Drive\n|-start|p2a: Birdz Flying High|quarkdrivespa\n|turn|9\n|\n|t:|1700517529\n|switch|p1a: Clodsire|Clodsire, M|99\/100\n|move|p2a: Birdz Flying High|Hurricane|p1a: Clodsire\n|-damage|p1a: Clodsire|59\/100\n|\n|-weather|RainDance|[upkeep]\n|-heal|p1a: Clodsire|66\/100|[from] item: Leftovers\n|-fieldend|move: Electric Terrain\n|-end|p2a: Birdz Flying High|Quark Drive\n|upkeep\n|turn|10\n|\n|t:|1700517553\n|-end|p2a: Birdz Flying High|Quark Drive|[silent]\n|switch|p2a: 5 Year Shiny Hunt|Mew, shiny|82\/100 tox\n|move|p1a: Clodsire|Toxic|p2a: 5 Year Shiny Hunt\n|-fail|p2a: 5 Year Shiny Hunt|tox\n|\n|-weather|RainDance|[upkeep]\n|-heal|p1a: Clodsire|72\/100|[from] item: Leftovers\n|-damage|p2a: 5 Year Shiny Hunt|76\/100 tox|[from] psn\n|upkeep\n|turn|11\n|\n|t:|1700517563\n|move|p2a: 5 Year Shiny Hunt|Electric Terrain|p2a: 5 Year Shiny Hunt\n|-fieldstart|move: Electric Terrain\n|move|p1a: Clodsire|Recover|p1a: Clodsire\n|-heal|p1a: Clodsire|100\/100\n|\n|-weather|RainDance|[upkeep]\n|-damage|p2a: 5 Year Shiny Hunt|63\/100 tox|[from] psn\n|upkeep\n|turn|12\n|\n|t:|1700517567\n|move|p2a: 5 Year Shiny Hunt|Toxic Spikes|p1a: Clodsire\n|-sidestart|p1: Cergal|move: Toxic Spikes\n|move|p1a: Clodsire|Stealth Rock|p2a: 5 Year Shiny Hunt\n|-sidestart|p2: Faegon_Blackfyre|move: Stealth Rock\n|\n|-weather|none\n|-damage|p2a: 5 Year Shiny Hunt|45\/100 tox|[from] psn\n|upkeep\n|turn|13\n|inactive|Cergal has 120 seconds left.\n|inactive|Cergal has 90 seconds left.\n|\n|t:|1700517615\n|switch|p2a: Axing Questions|Kleavor, F, shiny|100\/100\n|-damage|p2a: Axing Questions|76\/100|[from] Stealth Rock\n|move|p1a: Clodsire|Recover||[still]\n|-fail|p1a: Clodsire|heal\n|\n|upkeep\n|turn|14\n|\n|t:|1700517621\n|move|p2a: Axing Questions|Stone Axe|p1a: Clodsire\n|-resisted|p1a: Clodsire\n|-damage|p1a: Clodsire|71\/100\n|-sidestart|p1: Cergal|move: Stealth Rock\n|move|p1a: Clodsire|Toxic|p2a: Axing Questions\n|-status|p2a: Axing Questions|tox\n|\n|-heal|p1a: Clodsire|77\/100|[from] item: Leftovers\n|-damage|p2a: Axing Questions|70\/100 tox|[from] psn\n|upkeep\n|turn|15\n|inactive|Cergal has 90 seconds left.\n|\n|t:|1700517629\n|switch|p1a: Great Tusk|Great Tusk|100\/100\n|-status|p1a: Great Tusk|psn\n|-damage|p1a: Great Tusk|97\/100 psn|[from] Stealth Rock\n|move|p2a: Axing Questions|Stone Axe|p1a: Great Tusk\n|-resisted|p1a: Great Tusk\n|-damage|p1a: Great Tusk|90\/100 psn\n|\n|-heal|p1a: Great Tusk|96\/100 psn|[from] item: Leftovers\n|-damage|p2a: Axing Questions|57\/100 tox|[from] psn\n|-damage|p1a: Great Tusk|83\/100 psn|[from] psn\n|upkeep\n|turn|16\n|\n|t:|1700517634\n|move|p2a: Axing Questions|Stone Axe|p1a: Great Tusk\n|-resisted|p1a: Great Tusk\n|-damage|p1a: Great Tusk|76\/100 psn\n|move|p1a: Great Tusk|Rapid Spin|p2a: Axing Questions\n|-resisted|p2a: Axing Questions\n|-damage|p2a: Axing Questions|46\/100 tox\n|-boost|p1a: Great Tusk|spe|1\n|-sideend|p1: Cergal|Toxic Spikes|[from] move: Rapid Spin|[of] p1a: Great Tusk\n|-sideend|p1: Cergal|Stealth Rock|[from] move: Rapid Spin|[of] p1a: Great Tusk\n|\n|-heal|p1a: Great Tusk|82\/100 psn|[from] item: Leftovers\n|-damage|p2a: Axing Questions|28\/100 tox|[from] psn\n|-damage|p1a: Great Tusk|70\/100 psn|[from] psn\n|upkeep\n|turn|17\n|inactive|Cergal has 90 seconds left.\n|\n|t:|1700517665\n|switch|p2a: Birdz Flying High|Iron Jugulis, shiny|100\/100\n|-damage|p2a: Birdz Flying High|76\/100|[from] Stealth Rock\n|-activate|p2a: Birdz Flying High|ability: Quark Drive\n|-start|p2a: Birdz Flying High|quarkdrivespa\n|move|p1a: Great Tusk|Bulk Up|p1a: Great Tusk\n|-boost|p1a: Great Tusk|atk|1\n|-boost|p1a: Great Tusk|def|1\n|\n|-heal|p1a: Great Tusk|76\/100 psn|[from] item: Leftovers\n|-damage|p1a: Great Tusk|63\/100 psn|[from] psn\n|upkeep\n|turn|18\n|\n|t:|1700517672\n|move|p2a: Birdz Flying High|Hurricane|p1a: Great Tusk\n|-supereffective|p1a: Great Tusk\n|-damage|p1a: Great Tusk|0 fnt\n|faint|p1a: Great Tusk\n|-end|p1a: Great Tusk|Protosynthesis|[silent]\n|\n|-fieldend|move: Electric Terrain\n|-end|p2a: Birdz Flying High|Quark Drive\n|upkeep\n|\n|t:|1700517681\n|switch|p1a: Clodsire|Clodsire, M|77\/100\n|turn|19\n|\n|t:|1700517689\n|-end|p2a: Birdz Flying High|Quark Drive|[silent]\n|switch|p2a: Axing Questions|Kleavor, F, shiny|28\/100 tox\n|-damage|p2a: Axing Questions|3\/100 tox|[from] Stealth Rock\n|move|p1a: Clodsire|Toxic|p2a: Axing Questions\n|-fail|p2a: Axing Questions|tox\n|\n|-heal|p1a: Clodsire|83\/100|[from] item: Leftovers\n|-damage|p2a: Axing Questions|0 fnt|[from] psn\n|faint|p2a: Axing Questions\n|upkeep\n|\n|t:|1700517691\n|switch|p2a: 5 Year Shiny Hunt|Mew, shiny|45\/100 tox\n|-damage|p2a: 5 Year Shiny Hunt|32\/100 tox|[from] Stealth Rock\n|turn|20\n|inactive|Cergal has 90 seconds left.\n|\n|t:|1700517744\n|move|p2a: 5 Year Shiny Hunt|Electric Terrain|p2a: 5 Year Shiny Hunt\n|-fieldstart|move: Electric Terrain\n|move|p1a: Clodsire|Earthquake|p2a: 5 Year Shiny Hunt\n|-damage|p2a: 5 Year Shiny Hunt|9\/100 tox\n|\n|-heal|p1a: Clodsire|89\/100|[from] item: Leftovers\n|-damage|p2a: 5 Year Shiny Hunt|3\/100 tox|[from] psn\n|upkeep\n|turn|21\n|\n|t:|1700517751\n|move|p2a: 5 Year Shiny Hunt|Toxic Spikes|p1a: Clodsire\n|-sidestart|p1: Cergal|move: Toxic Spikes\n|move|p1a: Clodsire|Recover|p1a: Clodsire\n|-heal|p1a: Clodsire|100\/100\n|\n|-damage|p2a: 5 Year Shiny Hunt|0 fnt|[from] psn\n|faint|p2a: 5 Year Shiny Hunt\n|upkeep\n|\n|t:|1700517757\n|switch|p2a: Chrome Reaper|Iron Valiant, shiny|100\/100\n|-damage|p2a: Chrome Reaper|94\/100|[from] Stealth Rock\n|-activate|p2a: Chrome Reaper|ability: Quark Drive\n|-start|p2a: Chrome Reaper|quarkdrivespe\n|turn|22\n|\n|t:|1700517767\n|move|p2a: Chrome Reaper|Swords Dance|p2a: Chrome Reaper\n|-boost|p2a: Chrome Reaper|atk|2\n|move|p1a: Clodsire|Toxic|p2a: Chrome Reaper\n|-status|p2a: Chrome Reaper|tox\n|\n|-damage|p2a: Chrome Reaper|88\/100 tox|[from] psn\n|upkeep\n|turn|23\n|\n|t:|1700517770\n|move|p2a: Chrome Reaper|Zen Headbutt|p1a: Clodsire|[miss]\n|-miss|p2a: Chrome Reaper|p1a: Clodsire\n|move|p1a: Clodsire|Recover||[still]\n|-fail|p1a: Clodsire|heal\n|\n|-damage|p2a: Chrome Reaper|76\/100 tox|[from] psn\n|upkeep\n|turn|24\n|\n|t:|1700517773\n|move|p2a: Chrome Reaper|Zen Headbutt|p1a: Clodsire\n|-supereffective|p1a: Clodsire\n|-damage|p1a: Clodsire|0 fnt\n|faint|p1a: Clodsire\n|\n|-damage|p2a: Chrome Reaper|57\/100 tox|[from] psn\n|upkeep\n|\n|t:|1700517781\n|switch|p1a: Barraskewda|Barraskewda, F|100\/100\n|-status|p1a: Barraskewda|psn\n|turn|25\n|\n|t:|1700517786\n|move|p1a: Barraskewda|Aqua Jet|p2a: Chrome Reaper\n|-damage|p2a: Chrome Reaper|15\/100 tox\n|move|p2a: Chrome Reaper|Spirit Break|p1a: Barraskewda\n|-damage|p1a: Barraskewda|0 fnt\n|faint|p1a: Barraskewda\n|\n|-damage|p2a: Chrome Reaper|0 fnt|[from] psn\n|faint|p2a: Chrome Reaper\n|-end|p2a: Chrome Reaper|Quark Drive|[silent]\n|upkeep\n|\n|t:|1700517791\n|switch|p2a: Birdz Flying High|Iron Jugulis, shiny|76\/100\n|switch|p1a: Quaquaval|Quaquaval, F|100\/100\n|-damage|p2a: Birdz Flying High|51\/100|[from] Stealth Rock\n|-activate|p2a: Birdz Flying High|ability: Quark Drive\n|-start|p2a: Birdz Flying High|quarkdrivespa\n|-status|p1a: Quaquaval|psn\n|turn|26\n|inactive|Cergal has 120 seconds left.\n|c|\u2606Faegon_Blackfyre|will this land\n|\n|t:|1700517812\n|-terastallize|p1a: Quaquaval|Water\n|move|p1a: Quaquaval|Aqua Jet|p2a: Birdz Flying High\n|-damage|p2a: Birdz Flying High|21\/100\n|move|p2a: Birdz Flying High|Hurricane|p1a: Quaquaval\n|-damage|p1a: Quaquaval|0 fnt\n|faint|p1a: Quaquaval\n|\n|win|Faegon_Blackfyre\n|raw|Cergal's rating: 1239 &rarr; <strong>1218<\/strong><br \/>(-21 for losing)\n|raw|Faegon_Blackfyre's rating: 1288 &rarr; <strong>1309<\/strong><br \/>(+21 for winning)\n","uploadtime":1700517825,"views":22,"p1id":"cergal","p2id":"faegonblackfyre","formatid":"gen9ou","rating":1218,"private":0,"password":""}