{"id":"gen9ou-1991448151","p1":"Hamandswisswitch","p2":"2(H2O)","format":"[Gen 9] OU","log":"|j|\u2606Hamandswisswitch\n|j|\u26062(H2O)\n|t:|1700077951\n|gametype|singles\n|player|p1|Hamandswisswitch|shadowtriad|1707\n|player|p2|2(H2O)|chase|1668\n|teamsize|p1|6\n|teamsize|p2|6\n|gen|9\n|tier|[Gen 9] OU\n|rated|\n|rule|Sleep Clause Mod: Limit one foe put to sleep\n|rule|Species Clause: Limit one of each Pok\u00e9mon\n|rule|OHKO Clause: OHKO moves are banned\n|rule|Evasion Items Clause: Evasion items are banned\n|rule|Evasion Moves Clause: Evasion moves are banned\n|rule|Endless Battle Clause: Forcing endless battles is banned\n|rule|HP Percentage Mod: HP is shown in percentages\n|clearpoke\n|poke|p1|Clodsire, F|\n|poke|p1|Dondozo, M|\n|poke|p1|Meowscarada, M|\n|poke|p1|Gholdengo|\n|poke|p1|Dragonite, M|\n|poke|p1|Garganacl, F|\n|poke|p2|Meowscarada, M|\n|poke|p2|Gholdengo|\n|poke|p2|Ogerpon-Wellspring, F|\n|poke|p2|Dragonite, M|\n|poke|p2|Moltres|\n|poke|p2|Kingambit, M|\n|teampreview\n|inactive|Battle timer is ON: inactive players will automatically lose when time's up. (requested by Hamandswisswitch)\n|\n|t:|1700077962\n|start\n|switch|p1a: Meowscarada|Meowscarada, M|100\/100\n|switch|p2a: Meowscarada|Meowscarada, M|100\/100\n|turn|1\n|\n|t:|1700077974\n|switch|p1a: Clodsire|Clodsire, F|100\/100\n|move|p2a: Meowscarada|Spikes|p1a: Clodsire\n|-sidestart|p1: Hamandswisswitch|Spikes\n|\n|upkeep\n|turn|2\n|\n|t:|1700077978\n|move|p2a: Meowscarada|Taunt|p1a: Clodsire\n|-start|p1a: Clodsire|move: Taunt\n|cant|p1a: Clodsire|move: Taunt|Toxic\n|\n|upkeep\n|turn|3\n|\n|t:|1700077984\n|move|p2a: Meowscarada|Knock Off|p1a: Clodsire\n|-damage|p1a: Clodsire|62\/100\n|-enditem|p1a: Clodsire|Heavy-Duty Boots|[from] move: Knock Off|[of] p2a: Meowscarada\n|move|p1a: Clodsire|Earthquake|p2a: Meowscarada\n|-resisted|p2a: Meowscarada\n|-damage|p2a: Meowscarada|77\/100\n|\n|upkeep\n|turn|4\n|\n|t:|1700077993\n|switch|p1a: Meowscarada|Meowscarada, M|100\/100\n|move|p2a: Meowscarada|Spikes|p1a: Meowscarada\n|-sidestart|p1: Hamandswisswitch|Spikes\n|\n|upkeep\n|turn|5\n|\n|t:|1700077998\n|switch|p2a: Moltres|Moltres|100\/100\n|move|p1a: Meowscarada|U-turn|p2a: Moltres\n|-start|p1a: Meowscarada|typechange|Bug|[from] ability: Protean\n|-resisted|p2a: Moltres\n|-damage|p2a: Moltres|94\/100\n|-status|p1a: Meowscarada|brn|[from] ability: Flame Body|[of] p2a: Moltres\n|\n|t:|1700078007\n|switch|p1a: Garganacl|Garganacl, F|100\/100|[from] U-turn\n|-damage|p1a: Garganacl|84\/100|[from] Spikes\n|\n|-heal|p1a: Garganacl|90\/100|[from] item: Leftovers\n|upkeep\n|turn|6\n|\n|t:|1700078009\n|move|p2a: Moltres|U-turn|p1a: Garganacl\n|-damage|p1a: Garganacl|80\/100\n|\n|t:|1700078011\n|switch|p2a: Gholdengo|Gholdengo|100\/100|[from] U-turn\n|move|p1a: Garganacl|Salt Cure|p2a: Gholdengo\n|-resisted|p2a: Gholdengo\n|-damage|p2a: Gholdengo|92\/100\n|-start|p2a: Gholdengo|Salt Cure\n|\n|-heal|p1a: Garganacl|86\/100|[from] item: Leftovers\n|-damage|p2a: Gholdengo|67\/100|[from] Salt Cure\n|upkeep\n|turn|7\n|\n|t:|1700078019\n|switch|p2a: Ogerpon|Ogerpon-Wellspring, F|100\/100\n|switch|p1a: Meowscarada|Meowscarada, M|100\/100 brn\n|\n|-damage|p1a: Meowscarada|94\/100 brn|[from] brn\n|upkeep\n|turn|8\n|\n|t:|1700078030\n|move|p1a: Meowscarada|U-turn|p2a: Ogerpon\n|-start|p1a: Meowscarada|typechange|Bug|[from] ability: Protean\n|-supereffective|p2a: Ogerpon\n|-damage|p2a: Ogerpon|57\/100\n|\n|t:|1700078042\n|switch|p1a: Clodsire|Clodsire, F|62\/100|[from] U-turn\n|-damage|p1a: Clodsire|45\/100|[from] Spikes\n|move|p2a: Ogerpon|Swords Dance|p2a: Ogerpon\n|-boost|p2a: Ogerpon|atk|2\n|\n|upkeep\n|turn|9\n|\n|t:|1700078047\n|switch|p1a: Meowscarada|Meowscarada, M|94\/100 brn\n|move|p2a: Ogerpon|Horn Leech|p1a: Meowscarada\n|-resisted|p1a: Meowscarada\n|-damage|p1a: Meowscarada|24\/100 brn\n|-heal|p2a: Ogerpon|92\/100|[from] drain|[of] p1a: Meowscarada\n|\n|-damage|p1a: Meowscarada|18\/100 brn|[from] brn\n|upkeep\n|turn|10\n|\n|t:|1700078056\n|switch|p2a: Moltres|Moltres|94\/100\n|move|p1a: Meowscarada|Spikes|p2a: Moltres\n|-start|p1a: Meowscarada|typechange|Ground|[from] ability: Protean\n|-sidestart|p2: 2(H2O)|Spikes\n|\n|-damage|p1a: Meowscarada|11\/100 brn|[from] brn\n|upkeep\n|turn|11\n|\n|t:|1700078075\n|move|p1a: Meowscarada|Spikes|p2a: Moltres\n|-sidestart|p2: 2(H2O)|Spikes\n|move|p2a: Moltres|U-turn|p1a: Meowscarada\n|-damage|p1a: Meowscarada|0 fnt\n|faint|p1a: Meowscarada\n|\n|t:|1700078079\n|switch|p2a: Meowscarada|Meowscarada, M|77\/100|[from] U-turn\n|-damage|p2a: Meowscarada|60\/100|[from] Spikes\n|\n|upkeep\n|\n|t:|1700078087\n|switch|p1a: Dragonite|Dragonite, M|100\/100\n|turn|12\n|\n|t:|1700078090\n|switch|p1a: Clodsire|Clodsire, F|45\/100\n|-damage|p1a: Clodsire|29\/100|[from] Spikes\n|move|p2a: Meowscarada|Taunt|p1a: Clodsire\n|-start|p1a: Clodsire|move: Taunt\n|\n|upkeep\n|turn|13\n|\n|t:|1700078100\n|move|p2a: Meowscarada|Leaf Storm|p1a: Clodsire\n|-damage|p1a: Clodsire|2\/100\n|-unboost|p2a: Meowscarada|spa|2\n|move|p1a: Clodsire|Earthquake|p2a: Meowscarada\n|-resisted|p2a: Meowscarada\n|-damage|p2a: Meowscarada|36\/100\n|\n|upkeep\n|turn|14\n|\n|t:|1700078106\n|switch|p1a: Dragonite|Dragonite, M|100\/100\n|move|p2a: Meowscarada|Knock Off|p1a: Dragonite\n|-damage|p1a: Dragonite|82\/100\n|-enditem|p1a: Dragonite|Heavy-Duty Boots|[from] move: Knock Off|[of] p2a: Meowscarada\n|\n|upkeep\n|turn|15\n|\n|t:|1700078112\n|move|p2a: Meowscarada|Taunt|p1a: Dragonite\n|-start|p1a: Dragonite|move: Taunt\n|move|p1a: Dragonite|Earthquake|p2a: Meowscarada\n|-resisted|p2a: Meowscarada\n|-damage|p2a: Meowscarada|4\/100\n|\n|upkeep\n|turn|16\n|\n|t:|1700078119\n|switch|p1a: Clodsire|Clodsire, F|2\/100\n|-damage|p1a: Clodsire|0 fnt|[from] Spikes\n|faint|p1a: Clodsire\n|move|p2a: Meowscarada|Knock Off|p1: Clodsire|[notarget]\n|-fail|p2a: Meowscarada\n|\n|upkeep\n|\n|t:|1700078121\n|switch|p1a: Dragonite|Dragonite, M|82\/100\n|turn|17\n|\n|t:|1700078124\n|move|p2a: Meowscarada|Taunt|p1a: Dragonite\n|-start|p1a: Dragonite|move: Taunt\n|cant|p1a: Dragonite|move: Taunt|Dragon Dance\n|\n|upkeep\n|turn|18\n|\n|t:|1700078126\n|move|p2a: Meowscarada|Knock Off|p1a: Dragonite\n|-damage|p1a: Dragonite|53\/100\n|move|p1a: Dragonite|Earthquake|p2a: Meowscarada\n|-resisted|p2a: Meowscarada\n|-damage|p2a: Meowscarada|0 fnt\n|faint|p2a: Meowscarada\n|\n|upkeep\n|\n|t:|1700078132\n|switch|p2a: Gholdengo|Gholdengo|67\/100\n|-damage|p2a: Gholdengo|51\/100|[from] Spikes\n|turn|19\n|\n|t:|1700078141\n|move|p2a: Gholdengo|Make It Rain|p1a: Dragonite\n|-damage|p1a: Dragonite|0 fnt\n|-unboost|p2a: Gholdengo|spa|1\n|faint|p1a: Dragonite\n|\n|upkeep\n|j| Lucrodium\n|inactive|Hamandswisswitch has 120 seconds left.\n|\n|t:|1700078175\n|switch|p1a: Garganacl|Garganacl, F|86\/100\n|-damage|p1a: Garganacl|69\/100|[from] Spikes\n|turn|20\n|\n|t:|1700078181\n|switch|p2a: Ogerpon|Ogerpon-Wellspring, F|92\/100\n|-damage|p2a: Ogerpon|75\/100|[from] Spikes\n|move|p1a: Garganacl|Recover|p1a: Garganacl\n|-heal|p1a: Garganacl|100\/100\n|\n|upkeep\n|turn|21\n|\n|t:|1700078188\n|switch|p1a: Gholdengo|Gholdengo|100\/100\n|-item|p1a: Gholdengo|Air Balloon\n|move|p2a: Ogerpon|Encore|p1a: Gholdengo\n|-immune|p1a: Gholdengo|[from] ability: Good as Gold\n|\n|upkeep\n|turn|22\n|\n|t:|1700078198\n|switch|p2a: Kingambit|Kingambit, M|100\/100\n|-damage|p2a: Kingambit|84\/100|[from] Spikes\n|-activate|p2a: Kingambit|ability: Supreme Overlord\n|-start|p2a: Kingambit|fallen1|[silent]\n|switch|p1a: Garganacl|Garganacl, F|100\/100\n|-damage|p1a: Garganacl|84\/100|[from] Spikes\n|\n|-heal|p2a: Kingambit|90\/100|[from] item: Leftovers\n|-heal|p1a: Garganacl|90\/100|[from] item: Leftovers\n|upkeep\n|turn|23\n|\n|t:|1700078205\n|move|p2a: Kingambit|Kowtow Cleave|p1a: Garganacl\n|-crit|p1a: Garganacl\n|-damage|p1a: Garganacl|39\/100\n|move|p1a: Garganacl|Salt Cure|p2a: Kingambit\n|-resisted|p2a: Kingambit\n|-damage|p2a: Kingambit|84\/100\n|-start|p2a: Kingambit|Salt Cure\n|\n|-heal|p2a: Kingambit|90\/100|[from] item: Leftovers\n|-heal|p1a: Garganacl|45\/100|[from] item: Leftovers\n|-damage|p2a: Kingambit|65\/100|[from] Salt Cure\n|upkeep\n|turn|24\n|\n|t:|1700078211\n|-end|p2a: Kingambit|fallen1|[silent]\n|switch|p2a: Ogerpon|Ogerpon-Wellspring, F|75\/100\n|-damage|p2a: Ogerpon|59\/100|[from] Spikes\n|-terastallize|p1a: Garganacl|Fairy\n|move|p1a: Garganacl|Recover|p1a: Garganacl\n|-heal|p1a: Garganacl|95\/100\n|\n|-heal|p1a: Garganacl|100\/100|[from] item: Leftovers\n|upkeep\n|turn|25\n|\n|t:|1700078215\n|switch|p1a: Gholdengo|Gholdengo|100\/100\n|-item|p1a: Gholdengo|Air Balloon\n|move|p2a: Ogerpon|Ivy Cudgel|p1a: Gholdengo|[anim] Ivy Cudgel Water\n|-damage|p1a: Gholdengo|28\/100\n|-enditem|p1a: Gholdengo|Air Balloon\n|\n|upkeep\n|turn|26\n|\n|t:|1700078218\n|move|p2a: Ogerpon|Ivy Cudgel|p1a: Gholdengo|[anim] Ivy Cudgel Water\n|-damage|p1a: Gholdengo|0 fnt\n|faint|p1a: Gholdengo\n|\n|upkeep\n|\n|t:|1700078219\n|switch|p1a: Garganacl|Garganacl, F, tera:Fairy|100\/100\n|-damage|p1a: Garganacl|84\/100|[from] Spikes\n|turn|27\n|\n|t:|1700078227\n|switch|p2a: Gholdengo|Gholdengo|51\/100\n|-damage|p2a: Gholdengo|34\/100|[from] Spikes\n|move|p1a: Garganacl|Salt Cure|p2a: Gholdengo\n|-resisted|p2a: Gholdengo\n|-damage|p2a: Gholdengo|26\/100\n|-start|p2a: Gholdengo|Salt Cure\n|\n|-heal|p1a: Garganacl|90\/100|[from] item: Leftovers\n|-damage|p2a: Gholdengo|1\/100|[from] Salt Cure\n|upkeep\n|turn|28\n|l| Lucrodium\n|\n|t:|1700078230\n|switch|p1a: Dondozo|Dondozo, M|100\/100\n|move|p2a: Gholdengo|Make It Rain|p1a: Dondozo\n|-resisted|p1a: Dondozo\n|-damage|p1a: Dondozo|78\/100\n|-unboost|p2a: Gholdengo|spa|1\n|\n|-damage|p2a: Gholdengo|0 fnt|[from] Salt Cure\n|faint|p2a: Gholdengo\n|upkeep\n|\n|t:|1700078232\n|switch|p2a: Ogerpon|Ogerpon-Wellspring, F|59\/100\n|-damage|p2a: Ogerpon|42\/100|[from] Spikes\n|turn|29\n|\n|t:|1700078236\n|switch|p1a: Garganacl|Garganacl, F, tera:Fairy|90\/100\n|-damage|p1a: Garganacl|74\/100|[from] Spikes\n|move|p2a: Ogerpon|Horn Leech|p1a: Garganacl\n|-damage|p1a: Garganacl|42\/100\n|-heal|p2a: Ogerpon|63\/100|[from] drain|[of] p1a: Garganacl\n|\n|-heal|p1a: Garganacl|48\/100|[from] item: Leftovers\n|upkeep\n|turn|30\n|\n|t:|1700078241\n|-terastallize|p2a: Ogerpon|Water\n|detailschange|p2a: Ogerpon|Ogerpon-Wellspring-Tera, F, tera:Water\n|-ability|p2a: Ogerpon|Embody Aspect (Wellspring)|boost\n|-boost|p2a: Ogerpon|spd|1\n|move|p2a: Ogerpon|Ivy Cudgel|p1a: Garganacl|[anim] Ivy Cudgel Water\n|-damage|p1a: Garganacl|0 fnt\n|faint|p1a: Garganacl\n|\n|upkeep\n|-message|Hamandswisswitch forfeited.\n|\n|win|2(H2O)\n|raw|Hamandswisswitch's rating: 1707 &rarr; <strong>1685<\/strong><br \/>(-22 for losing)\n|raw|2(H2O)'s rating: 1668 &rarr; <strong>1690<\/strong><br \/>(+22 for winning)\n|l|\u2606Hamandswisswitch\n","uploadtime":1700078248,"views":8,"p1id":"hamandswisswitch","p2id":"2h2o","formatid":"gen9ou","rating":1685,"private":0,"password":""}