{"id":"gen9ou-1990287588","p1":"elcascos21","p2":"Squi101","format":"[Gen 9] OU","log":"|j|\u2606elcascos21\n|j|\u2606Squi101\n|t:|1699951106\n|gametype|singles\n|player|p1|elcascos21|giovanni|1215\n|player|p2|Squi101|169|1319\n|teamsize|p1|6\n|teamsize|p2|6\n|gen|9\n|tier|[Gen 9] OU\n|rated|\n|rule|Sleep Clause Mod: Limit one foe put to sleep\n|rule|Species Clause: Limit one of each Pok\u00e9mon\n|rule|OHKO Clause: OHKO moves are banned\n|rule|Evasion Items Clause: Evasion items are banned\n|rule|Evasion Moves Clause: Evasion moves are banned\n|rule|Endless Battle Clause: Forcing endless battles is banned\n|rule|HP Percentage Mod: HP is shown in percentages\n|clearpoke\n|poke|p1|Kingambit, M|\n|poke|p1|Dragapult, F|\n|poke|p1|Dondozo, M|\n|poke|p1|Clodsire, M|\n|poke|p1|Great Tusk|\n|poke|p1|Scizor, F|\n|poke|p2|Thundurus-Therian, M|\n|poke|p2|Sinistcha|\n|poke|p2|Ogerpon-Wellspring, F|\n|poke|p2|Torkoal, M|\n|poke|p2|Kingambit, M|\n|poke|p2|Blissey, F|\n|teampreview\n|inactive|Battle timer is ON: inactive players will automatically lose when time's up. (requested by elcascos21)\n|\n|t:|1699951126\n|start\n|switch|p1a: Great Tusk|Great Tusk|100\/100\n|switch|p2a: Ogerpon|Ogerpon-Wellspring, F|100\/100\n|turn|1\n|\n|t:|1699951132\n|move|p2a: Ogerpon|Spikes|p1a: Great Tusk\n|-sidestart|p1: elcascos21|Spikes\n|move|p1a: Great Tusk|Stealth Rock|p2a: Ogerpon\n|-sidestart|p2: Squi101|move: Stealth Rock\n|\n|upkeep\n|turn|2\n|inactive|elcascos21 has 120 seconds left.\n|\n|t:|1699951162\n|move|p2a: Ogerpon|Ivy Cudgel|p1a: Great Tusk\n|-supereffective|p1a: Great Tusk\n|-damage|p1a: Great Tusk|31\/100\n|move|p1a: Great Tusk|Knock Off|p2a: Ogerpon\n|-damage|p2a: Ogerpon|72\/100\n|\n|upkeep\n|turn|3\n|\n|t:|1699951168\n|-end|p1a: Great Tusk|Protosynthesis|[silent]\n|switch|p1a: Clodsire|Clodsire, M|100\/100\n|-damage|p1a: Clodsire|88\/100|[from] Spikes\n|move|p2a: Ogerpon|Ivy Cudgel|p1a: Clodsire\n|-heal|p1a: Clodsire|100\/100|[from] ability: Water Absorb|[of] p2a: Ogerpon\n|\n|upkeep\n|turn|4\n|\n|t:|1699951183\n|move|p2a: Ogerpon|Taunt|p1a: Clodsire\n|-start|p1a: Clodsire|move: Taunt\n|cant|p1a: Clodsire|move: Taunt|Toxic\n|\n|upkeep\n|turn|5\n|\n|t:|1699951189\n|switch|p1a: Dragapult|Dragapult, F|100\/100\n|-damage|p1a: Dragapult|88\/100|[from] Spikes\n|move|p2a: Ogerpon|Spikes|p1a: Dragapult\n|-sidestart|p1: elcascos21|Spikes\n|\n|upkeep\n|turn|6\n|\n|t:|1699951201\n|move|p1a: Dragapult|U-turn|p2a: Ogerpon\n|-supereffective|p2a: Ogerpon\n|-damage|p2a: Ogerpon|29\/100\n|\n|t:|1699951207\n|switch|p1a: Clodsire|Clodsire, M|100\/100|[from] U-turn\n|-damage|p1a: Clodsire|84\/100|[from] Spikes\n|move|p2a: Ogerpon|U-turn|p1a: Clodsire\n|-resisted|p1a: Clodsire\n|-damage|p1a: Clodsire|68\/100\n|\n|t:|1699951232\n|switch|p2a: Kingambit|Kingambit, M|100\/100|[from] U-turn\n|-damage|p2a: Kingambit|94\/100|[from] Stealth Rock\n|\n|-heal|p1a: Clodsire|74\/100|[from] item: Leftovers\n|upkeep\n|turn|7\n|\n|t:|1699951239\n|move|p2a: Kingambit|Swords Dance|p2a: Kingambit\n|-boost|p2a: Kingambit|atk|2\n|move|p1a: Clodsire|Spikes|p2a: Kingambit\n|-sidestart|p2: Squi101|Spikes\n|\n|-heal|p1a: Clodsire|80\/100|[from] item: Leftovers\n|upkeep\n|turn|8\n|\n|t:|1699951247\n|switch|p1a: Dondozo|Dondozo, M|100\/100\n|-damage|p1a: Dondozo|84\/100|[from] Spikes\n|move|p2a: Kingambit|Kowtow Cleave|p1a: Dondozo\n|-damage|p1a: Dondozo|58\/100\n|\n|-heal|p1a: Dondozo|64\/100|[from] item: Leftovers\n|upkeep\n|turn|9\n|\n|t:|1699951260\n|-end|p2a: Kingambit|fallenundefined|[silent]\n|switch|p2a: Ogerpon|Ogerpon-Wellspring, F|29\/100\n|-damage|p2a: Ogerpon|17\/100|[from] Stealth Rock\n|-damage|p2a: Ogerpon|5\/100|[from] Spikes\n|move|p1a: Dondozo|Curse|p1a: Dondozo\n|-unboost|p1a: Dondozo|spe|1\n|-boost|p1a: Dondozo|atk|1\n|-boost|p1a: Dondozo|def|1\n|\n|-heal|p1a: Dondozo|70\/100|[from] item: Leftovers\n|upkeep\n|turn|10\n|\n|t:|1699951273\n|switch|p1a: Scizor|Scizor, F|100\/100\n|-damage|p1a: Scizor|84\/100|[from] Spikes\n|move|p2a: Ogerpon|Spikes|p1a: Scizor\n|-sidestart|p1: elcascos21|Spikes\n|\n|-heal|p1a: Scizor|90\/100|[from] item: Leftovers\n|upkeep\n|turn|11\n|\n|t:|1699951283\n|move|p2a: Ogerpon|Taunt|p1a: Scizor\n|-start|p1a: Scizor|move: Taunt\n|move|p1a: Scizor|U-turn|p2a: Ogerpon\n|-supereffective|p2a: Ogerpon\n|-damage|p2a: Ogerpon|0 fnt\n|faint|p2a: Ogerpon\n|\n|t:|1699951287\n|switch|p1a: Great Tusk|Great Tusk|31\/100|[from] U-turn\n|\n|upkeep\n|\n|t:|1699951305\n|switch|p2a: Thundurus|Thundurus-Therian, M, shiny|100\/100\n|-damage|p2a: Thundurus|75\/100|[from] Stealth Rock\n|turn|12\n|\n|t:|1699951310\n|-end|p1a: Great Tusk|Protosynthesis|[silent]\n|switch|p1a: Clodsire|Clodsire, M|80\/100\n|-damage|p1a: Clodsire|55\/100|[from] Spikes\n|move|p2a: Thundurus|Tera Blast|p1a: Clodsire\n|-damage|p1a: Clodsire|29\/100\n|\n|-heal|p1a: Clodsire|35\/100|[from] item: Leftovers\n|upkeep\n|turn|13\n|\n|t:|1699951324\n|switch|p2a: Torkoal|Torkoal, M|100\/100\n|-damage|p2a: Torkoal|76\/100|[from] Stealth Rock\n|-damage|p2a: Torkoal|63\/100|[from] Spikes\n|-weather|SunnyDay|[from] ability: Drought|[of] p2a: Torkoal\n|move|p1a: Clodsire|Recover|p1a: Clodsire\n|-heal|p1a: Clodsire|85\/100\n|\n|-weather|SunnyDay|[upkeep]\n|-heal|p1a: Clodsire|91\/100|[from] item: Leftovers\n|-heal|p2a: Torkoal|70\/100|[from] item: Leftovers\n|upkeep\n|turn|14\n|\n|t:|1699951338\n|move|p1a: Clodsire|Spikes|p2a: Torkoal\n|-sidestart|p2: Squi101|Spikes\n|move|p2a: Torkoal|Rapid Spin|p1a: Clodsire\n|-crit|p1a: Clodsire\n|-damage|p1a: Clodsire|76\/100\n|-boost|p2a: Torkoal|spe|1\n|-sideend|p2: Squi101|Spikes|[from] move: Rapid Spin|[of] p2a: Torkoal\n|-sideend|p2: Squi101|Stealth Rock|[from] move: Rapid Spin|[of] p2a: Torkoal\n|\n|-weather|SunnyDay|[upkeep]\n|-heal|p2a: Torkoal|76\/100|[from] item: Leftovers\n|-heal|p1a: Clodsire|83\/100|[from] item: Leftovers\n|upkeep\n|turn|15\n|\n|t:|1699951350\n|move|p2a: Torkoal|Eruption|p1a: Clodsire\n|-damage|p1a: Clodsire|44\/100\n|move|p1a: Clodsire|Toxic|p2a: Torkoal\n|-status|p2a: Torkoal|tox\n|\n|-weather|SunnyDay|[upkeep]\n|-heal|p2a: Torkoal|82\/100 tox|[from] item: Leftovers\n|-heal|p1a: Clodsire|51\/100|[from] item: Leftovers\n|-damage|p2a: Torkoal|76\/100 tox|[from] psn\n|upkeep\n|turn|16\n|\n|t:|1699951367\n|switch|p2a: Blissey|Blissey, F|100\/100\n|move|p1a: Clodsire|Recover|p1a: Clodsire\n|-heal|p1a: Clodsire|100\/100\n|\n|-weather|SunnyDay|[upkeep]\n|upkeep\n|turn|17\n|\n|t:|1699951373\n|move|p2a: Blissey|Stealth Rock|p1a: Clodsire\n|-sidestart|p1: elcascos21|move: Stealth Rock\n|move|p1a: Clodsire|Spikes|p2a: Blissey\n|-sidestart|p2: Squi101|Spikes\n|\n|-weather|none\n|upkeep\n|turn|18\n|\n|t:|1699951393\n|switch|p2a: Sinistcha|Sinistcha|100\/100\n|-damage|p2a: Sinistcha|88\/100|[from] Spikes\n|move|p1a: Clodsire|Spikes|p2a: Sinistcha\n|-sidestart|p2: Squi101|Spikes\n|\n|-heal|p2a: Sinistcha|94\/100|[from] item: Leftovers\n|upkeep\n|turn|19\n|inactive|Squi101 has 120 seconds left.\n|\n|t:|1699951414\n|-terastallize|p2a: Sinistcha|Steel\n|move|p2a: Sinistcha|Calm Mind|p2a: Sinistcha\n|-boost|p2a: Sinistcha|spa|1\n|-boost|p2a: Sinistcha|spd|1\n|move|p1a: Clodsire|Toxic|p2a: Sinistcha\n|-immune|p2a: Sinistcha\n|\n|-heal|p2a: Sinistcha|99\/100|[from] item: Leftovers\n|upkeep\n|turn|20\n|inactive|Squi101 has 120 seconds left.\n|\n|t:|1699951426\n|move|p2a: Sinistcha|Matcha Gotcha|p1a: Clodsire|[miss]\n|-miss|p2a: Sinistcha|p1a: Clodsire\n|move|p1a: Clodsire|Earthquake|p2a: Sinistcha\n|-supereffective|p2a: Sinistcha\n|-damage|p2a: Sinistcha|57\/100\n|\n|-heal|p2a: Sinistcha|63\/100|[from] item: Leftovers\n|upkeep\n|turn|21\n|\n|t:|1699951433\n|move|p2a: Sinistcha|Matcha Gotcha|p1a: Clodsire\n|-damage|p1a: Clodsire|75\/100\n|-heal|p2a: Sinistcha|80\/100|[from] drain|[of] p1a: Clodsire\n|-status|p1a: Clodsire|brn\n|move|p1a: Clodsire|Spikes|p2a: Sinistcha\n|-sidestart|p2: Squi101|Spikes\n|\n|-heal|p2a: Sinistcha|86\/100|[from] item: Leftovers\n|-heal|p1a: Clodsire|82\/100 brn|[from] item: Leftovers\n|-damage|p1a: Clodsire|75\/100 brn|[from] brn\n|upkeep\n|turn|22\n|\n|t:|1699951452\n|-terastallize|p1a: Clodsire|Fire\n|move|p2a: Sinistcha|Calm Mind|p2a: Sinistcha\n|-boost|p2a: Sinistcha|spa|1\n|-boost|p2a: Sinistcha|spd|1\n|move|p1a: Clodsire|Earthquake|p2a: Sinistcha\n|-supereffective|p2a: Sinistcha\n|-damage|p2a: Sinistcha|67\/100\n|\n|-heal|p2a: Sinistcha|73\/100|[from] item: Leftovers\n|-heal|p1a: Clodsire|82\/100 brn|[from] item: Leftovers\n|-damage|p1a: Clodsire|75\/100 brn|[from] brn\n|upkeep\n|turn|23\n|\n|t:|1699951466\n|move|p2a: Sinistcha|Shadow Ball|p1a: Clodsire\n|-damage|p1a: Clodsire|40\/100 brn\n|move|p1a: Clodsire|Earthquake|p2a: Sinistcha\n|-supereffective|p2a: Sinistcha\n|-damage|p2a: Sinistcha|53\/100\n|\n|-heal|p2a: Sinistcha|59\/100|[from] item: Leftovers\n|-heal|p1a: Clodsire|46\/100 brn|[from] item: Leftovers\n|-damage|p1a: Clodsire|40\/100 brn|[from] brn\n|upkeep\n|turn|24\n|\n|t:|1699951477\n|switch|p1a: Kingambit|Kingambit, M|100\/100\n|-damage|p1a: Kingambit|75\/100|[from] Spikes\n|-damage|p1a: Kingambit|69\/100|[from] Stealth Rock\n|move|p2a: Sinistcha|Strength Sap|p1a: Kingambit\n|-unboost|p1a: Kingambit|atk|1\n|-heal|p2a: Sinistcha|100\/100\n|\n|-heal|p1a: Kingambit|75\/100|[from] item: Leftovers\n|upkeep\n|turn|25\n|\n|t:|1699951491\n|move|p2a: Sinistcha|Matcha Gotcha|p1a: Kingambit\n|-resisted|p1a: Kingambit\n|-damage|p1a: Kingambit|44\/100\n|move|p1a: Kingambit|Swords Dance|p1a: Kingambit\n|-boost|p1a: Kingambit|atk|2\n|\n|-heal|p1a: Kingambit|50\/100|[from] item: Leftovers\n|upkeep\n|turn|26\n|\n|t:|1699951499\n|move|p2a: Sinistcha|Matcha Gotcha|p1a: Kingambit\n|-resisted|p1a: Kingambit\n|-damage|p1a: Kingambit|20\/100\n|move|p1a: Kingambit|Swords Dance|p1a: Kingambit\n|-boost|p1a: Kingambit|atk|2\n|\n|-heal|p1a: Kingambit|26\/100|[from] item: Leftovers\n|upkeep\n|turn|27\n|\n|t:|1699951515\n|move|p1a: Kingambit|Sucker Punch|p2a: Sinistcha\n|-damage|p2a: Sinistcha|30\/100\n|move|p2a: Sinistcha|Matcha Gotcha|p1a: Kingambit\n|-resisted|p1a: Kingambit\n|-damage|p1a: Kingambit|0 fnt\n|-heal|p2a: Sinistcha|45\/100|[from] drain|[of] p1a: Kingambit\n|faint|p1a: Kingambit\n|-end|p1a: Kingambit|fallenundefined|[silent]\n|\n|-heal|p2a: Sinistcha|51\/100|[from] item: Leftovers\n|upkeep\n|\n|t:|1699951526\n|switch|p1a: Great Tusk|Great Tusk|31\/100\n|turn|28\n|\n|t:|1699951533\n|-end|p1a: Great Tusk|Protosynthesis|[silent]\n|switch|p1a: Scizor|Scizor, F|90\/100\n|-damage|p1a: Scizor|65\/100|[from] Spikes\n|-damage|p1a: Scizor|53\/100|[from] Stealth Rock\n|move|p2a: Sinistcha|Matcha Gotcha|p1a: Scizor\n|-resisted|p1a: Scizor\n|-damage|p1a: Scizor|32\/100\n|-heal|p2a: Sinistcha|61\/100|[from] drain|[of] p1a: Scizor\n|\n|-heal|p2a: Sinistcha|67\/100|[from] item: Leftovers\n|-heal|p1a: Scizor|38\/100|[from] item: Leftovers\n|upkeep\n|turn|29\n|\n|t:|1699951544\n|move|p2a: Sinistcha|Shadow Ball|p1a: Scizor\n|-damage|p1a: Scizor|0 fnt\n|faint|p1a: Scizor\n|\n|-heal|p2a: Sinistcha|73\/100|[from] item: Leftovers\n|upkeep\n|\n|t:|1699951550\n|switch|p1a: Dragapult|Dragapult, F|88\/100\n|-damage|p1a: Dragapult|63\/100|[from] Spikes\n|-damage|p1a: Dragapult|51\/100|[from] Stealth Rock\n|turn|30\n|-message|elcascos21 forfeited.\n|\n|win|Squi101\n|raw|elcascos21's rating: 1196 &rarr; <strong>1179<\/strong><br \/>(-17 for losing)\n|raw|Squi101's rating: 1319 &rarr; <strong>1332<\/strong><br \/>(+13 for winning)\n|l|\u2606elcascos21\n","uploadtime":1699951583,"views":14,"p1id":"elcascos21","p2id":"squi101","formatid":"gen9ou","rating":1179,"private":0,"password":""}