{"id":"gen9ou-1994600192","p1":"taoe","p2":"aectrosilly","format":"[Gen 9] OU","log":"|j|\u2606taoe\n|j|\u2606aectrosilly\n|t:|1700467215\n|gametype|singles\n|player|p1|taoe|pokemonrangerf-gen4|\n|player|p2|aectrosilly|roxanne|\n|teamsize|p1|6\n|teamsize|p2|6\n|gen|9\n|tier|[Gen 9] OU\n|rule|Sleep Clause Mod: Limit one foe put to sleep\n|rule|Species Clause: Limit one of each Pok\u00e9mon\n|rule|OHKO Clause: OHKO moves are banned\n|rule|Evasion Items Clause: Evasion items are banned\n|rule|Evasion Moves Clause: Evasion moves are banned\n|rule|Endless Battle Clause: Forcing endless battles is banned\n|rule|HP Percentage Mod: HP is shown in percentages\n|clearpoke\n|poke|p1|Maushold|\n|poke|p1|Weavile, F|\n|poke|p1|Jirachi|\n|poke|p1|Ninetales-Alola, F|\n|poke|p1|Ribombee, M|\n|poke|p1|Raichu, F|\n|poke|p2|Ninetales-Alola, M|\n|poke|p2|Maushold|\n|poke|p2|Leavanny, F|\n|poke|p2|Mamoswine, M|\n|poke|p2|Rotom-Wash|\n|poke|p2|Kommo-o, F|\n|teampreview\n|\n|t:|1700467248\n|start\n|switch|p1a: Ribombee|Ribombee, M|100\/100\n|switch|p2a: Rotom|Rotom-Wash, shiny|100\/100\n|turn|1\n|\n|t:|1700467255\n|move|p1a: Ribombee|Sticky Web|p2a: Rotom\n|-sidestart|p2: aectrosilly|move: Sticky Web\n|move|p2a: Rotom|Volt Switch|p1a: Ribombee\n|-damage|p1a: Ribombee|37\/100\n|\n|t:|1700467261\n|switch|p2a: Ninetales|Ninetales-Alola, M|100\/100|[from] Volt Switch\n|-activate|p2a: Ninetales|move: Sticky Web\n|-unboost|p2a: Ninetales|spe|1\n|-weather|Snow|[from] ability: Snow Warning|[of] p2a: Ninetales\n|\n|-weather|Snow|[upkeep]\n|upkeep\n|turn|2\n|\n|t:|1700467269\n|move|p1a: Ribombee|Quiver Dance|p1a: Ribombee\n|-boost|p1a: Ribombee|spa|1\n|-boost|p1a: Ribombee|spd|1\n|-boost|p1a: Ribombee|spe|1\n|move|p2a: Ninetales|Aurora Veil|p2a: Ninetales\n|-sidestart|p2: aectrosilly|move: Aurora Veil\n|\n|-weather|Snow|[upkeep]\n|upkeep\n|turn|3\n|\n|t:|1700467277\n|switch|p2a: Maushold|Maushold|100\/100\n|-activate|p2a: Maushold|move: Sticky Web\n|-unboost|p2a: Maushold|spe|1\n|move|p1a: Ribombee|Moonblast|p2a: Maushold\n|-damage|p2a: Maushold|52\/100\n|-unboost|p2a: Maushold|spa|1\n|\n|-weather|Snow|[upkeep]\n|upkeep\n|turn|4\n|\n|t:|1700467284\n|move|p1a: Ribombee|Moonblast|p2a: Maushold\n|-damage|p2a: Maushold|2\/100\n|move|p2a: Maushold|Tidy Up|p2a: Maushold\n|-sideend|p2: aectrosilly|Sticky Web\n|-activate|p2a: Maushold|move: Tidy Up\n|-boost|p2a: Maushold|atk|1\n|-boost|p2a: Maushold|spe|1\n|\n|-weather|Snow|[upkeep]\n|upkeep\n|turn|5\n|\n|t:|1700467293\n|move|p1a: Ribombee|Moonblast|p2a: Maushold\n|-damage|p2a: Maushold|0 fnt\n|faint|p2a: Maushold\n|\n|-weather|none\n|upkeep\n|\n|t:|1700467315\n|switch|p2a: Leavanny|Leavanny, F|100\/100\n|turn|6\n|\n|t:|1700467319\n|move|p1a: Ribombee|Bug Buzz|p2a: Leavanny\n|-supereffective|p2a: Leavanny\n|-damage|p2a: Leavanny|21\/100\n|-enditem|p2a: Leavanny|Weakness Policy\n|-boost|p2a: Leavanny|atk|2|[from] item: Weakness Policy\n|-boost|p2a: Leavanny|spa|2|[from] item: Weakness Policy\n|move|p2a: Leavanny|Swords Dance|p2a: Leavanny\n|-boost|p2a: Leavanny|atk|2\n|\n|upkeep\n|turn|7\n|\n|t:|1700467333\n|move|p1a: Ribombee|Bug Buzz|p2a: Leavanny\n|-supereffective|p2a: Leavanny\n|-damage|p2a: Leavanny|0 fnt\n|faint|p2a: Leavanny\n|\n|upkeep\n|\n|t:|1700467342\n|switch|p2a: Kommo-o|Kommo-o, F|100\/100\n|turn|8\n|\n|t:|1700467347\n|-terastallize|p2a: Kommo-o|Normal\n|move|p1a: Ribombee|Moonblast|p2a: Kommo-o\n|-damage|p2a: Kommo-o|68\/100\n|move|p2a: Kommo-o|Flash Cannon|p1a: Ribombee\n|-supereffective|p1a: Ribombee\n|-damage|p1a: Ribombee|0 fnt\n|faint|p1a: Ribombee\n|\n|upkeep\n|\n|t:|1700467361\n|switch|p1a: Raichu|Raichu, F, shiny|100\/100\n|turn|9\n|\n|t:|1700467365\n|move|p1a: Raichu|Nuzzle|p2a: Kommo-o\n|-damage|p2a: Kommo-o|65\/100\n|-status|p2a: Kommo-o|par\n|move|p2a: Kommo-o|Clangorous Soul|p2a: Kommo-o\n|-boost|p2a: Kommo-o|atk|1\n|-boost|p2a: Kommo-o|def|1\n|-boost|p2a: Kommo-o|spa|1\n|-boost|p2a: Kommo-o|spd|1\n|-boost|p2a: Kommo-o|spe|1\n|-damage|p2a: Kommo-o|32\/100 par\n|-enditem|p2a: Kommo-o|Throat Spray\n|-boost|p2a: Kommo-o|spa|1|[from] item: Throat Spray\n|\n|-sideend|p2: aectrosilly|move: Aurora Veil\n|upkeep\n|turn|10\n|\n|t:|1700467383\n|move|p1a: Raichu|Thunderbolt|p2a: Kommo-o\n|-damage|p2a: Kommo-o|7\/100 par\n|cant|p2a: Kommo-o|par\n|\n|upkeep\n|turn|11\n|\n|t:|1700467388\n|move|p1a: Raichu|Volt Switch|p2a: Kommo-o\n|-damage|p2a: Kommo-o|0 fnt\n|faint|p2a: Kommo-o\n|\n|t:|1700467390\n|switch|p1a: Jirachi|Jirachi|100\/100|[from] Volt Switch\n|\n|upkeep\n|\n|t:|1700467394\n|switch|p2a: Mamoswine|Mamoswine, M|100\/100\n|turn|12\n|\n|t:|1700467398\n|move|p1a: Jirachi|Doom Desire|p2a: Mamoswine\n|-start|p1a: Jirachi|Doom Desire\n|move|p2a: Mamoswine|Earthquake|p1a: Jirachi\n|-supereffective|p1a: Jirachi\n|-damage|p1a: Jirachi|24\/100\n|\n|-heal|p1a: Jirachi|30\/100|[from] item: Leftovers\n|upkeep\n|turn|13\n|\n|t:|1700467404\n|move|p1a: Jirachi|Protect|p1a: Jirachi\n|-singleturn|p1a: Jirachi|Protect\n|move|p2a: Mamoswine|Trailblaze|p1a: Jirachi\n|-activate|p1a: Jirachi|move: Protect\n|\n|-heal|p1a: Jirachi|37\/100|[from] item: Leftovers\n|upkeep\n|turn|14\n|\n|t:|1700467429\n|move|p1a: Jirachi|Psychic|p2a: Mamoswine\n|-damage|p2a: Mamoswine|77\/100\n|move|p2a: Mamoswine|Earthquake|p1a: Jirachi\n|-supereffective|p1a: Jirachi\n|-damage|p1a: Jirachi|0 fnt\n|faint|p1a: Jirachi\n|\n|-end|p2a: Mamoswine|move: Doom Desire\n|-supereffective|p2a: Mamoswine\n|-damage|p2a: Mamoswine|0 fnt\n|faint|p2a: Mamoswine\n|upkeep\n|\n|t:|1700467441\n|switch|p1a: Maushold|Maushold|100\/100\n|switch|p2a: Rotom|Rotom-Wash, shiny|100\/100\n|turn|15\n|\n|t:|1700467446\n|move|p1a: Maushold|Tidy Up|p1a: Maushold\n|-boost|p1a: Maushold|atk|1\n|-boost|p1a: Maushold|spe|1\n|move|p2a: Rotom|Hydro Pump|p1a: Maushold\n|-damage|p1a: Maushold|17\/100\n|\n|upkeep\n|turn|16\n|\n|t:|1700467452\n|move|p1a: Maushold|Population Bomb|p2a: Rotom\n|-damage|p2a: Rotom|79\/100\n|-damage|p2a: Rotom|58\/100\n|-damage|p2a: Rotom|37\/100\n|-damage|p2a: Rotom|17\/100\n|-damage|p2a: Rotom|0 fnt\n|faint|p2a: Rotom\n|-hitcount|p2: Rotom|5\n|\n|upkeep\n|\n|t:|1700467456\n|switch|p2a: Ninetales|Ninetales-Alola, M|100\/100\n|-weather|Snow|[from] ability: Snow Warning|[of] p2a: Ninetales\n|turn|17\n|\n|t:|1700467458\n|move|p1a: Maushold|Population Bomb|p2a: Ninetales\n|-damage|p2a: Ninetales|83\/100\n|-damage|p2a: Ninetales|66\/100\n|-damage|p2a: Ninetales|49\/100\n|-damage|p2a: Ninetales|32\/100\n|-damage|p2a: Ninetales|17\/100\n|-damage|p2a: Ninetales|1\/100\n|-damage|p2a: Ninetales|0 fnt\n|faint|p2a: Ninetales\n|-hitcount|p2: Ninetales|7\n|\n|win|taoe\n","uploadtime":1700467471,"views":15,"p1id":"taoe","p2id":"aectrosilly","formatid":"gen9ou","rating":0,"private":0,"password":""}