{"id":"gen9ou-1997411739","p1":"testset_2023","p2":"TheKebin","format":"[Gen 9] OU","log":"|j|\u2606testset_2023\n|j|\u2606TheKebin\n|t:|1700800991\n|gametype|singles\n|player|p1|testset_2023|bellelba|1383\n|player|p2|TheKebin|worker-gen4|1390\n|teamsize|p1|6\n|teamsize|p2|6\n|gen|9\n|tier|[Gen 9] OU\n|rated|\n|rule|Sleep Clause Mod: Limit one foe put to sleep\n|rule|Species Clause: Limit one of each Pok\u00e9mon\n|rule|OHKO Clause: OHKO moves are banned\n|rule|Evasion Items Clause: Evasion items are banned\n|rule|Evasion Moves Clause: Evasion moves are banned\n|rule|Endless Battle Clause: Forcing endless battles is banned\n|rule|HP Percentage Mod: HP is shown in percentages\n|clearpoke\n|poke|p1|Tyranitar, F|\n|poke|p1|Kingambit, F|\n|poke|p1|Glimmora, M|\n|poke|p1|Gholdengo|\n|poke|p1|Rillaboom, M|\n|poke|p1|Enamorus, F|\n|poke|p2|Milotic, M|\n|poke|p2|Haxorus, M|\n|poke|p2|Grimmsnarl, M|\n|poke|p2|Maushold|\n|poke|p2|Zapdos|\n|poke|p2|Ceruledge, M|\n|teampreview\n|inactive|Battle timer is ON: inactive players will automatically lose when time's up. (requested by testset_2023)\n|\n|t:|1700801014\n|start\n|switch|p1a: Tyranitar|Tyranitar, F|100\/100\n|switch|p2a: Milotic|Milotic, M|100\/100\n|-weather|Sandstorm|[from] ability: Sand Stream|[of] p1a: Tyranitar\n|turn|1\n|\n|t:|1700801018\n|move|p2a: Milotic|Scald|p1a: Tyranitar\n|-supereffective|p1a: Tyranitar\n|-damage|p1a: Tyranitar|69\/100\n|move|p1a: Tyranitar|Knock Off|p2a: Milotic\n|-damage|p2a: Milotic|39\/100\n|-enditem|p2a: Milotic|Heavy-Duty Boots|[from] move: Knock Off|[of] p1a: Tyranitar\n|\n|-weather|Sandstorm|[upkeep]\n|-damage|p2a: Milotic|32\/100|[from] Sandstorm\n|-heal|p1a: Tyranitar|75\/100|[from] item: Leftovers\n|upkeep\n|turn|2\n|\n|t:|1700801047\n|move|p2a: Milotic|Recover|p2a: Milotic\n|-heal|p2a: Milotic|82\/100\n|move|p1a: Tyranitar|Rock Blast|p2a: Milotic\n|-damage|p2a: Milotic|66\/100\n|-damage|p2a: Milotic|50\/100\n|-damage|p2a: Milotic|33\/100\n|-damage|p2a: Milotic|17\/100\n|-damage|p2a: Milotic|0 fnt\n|faint|p2a: Milotic\n|-hitcount|p2: Milotic|5\n|\n|-weather|Sandstorm|[upkeep]\n|-heal|p1a: Tyranitar|81\/100|[from] item: Leftovers\n|upkeep\n|\n|t:|1700801056\n|switch|p2a: Haxorus|Haxorus, M|100\/100\n|-ability|p2a: Haxorus|Mold Breaker\n|turn|3\n|\n|t:|1700801073\n|switch|p1a: Enamorus|Enamorus, F|100\/100\n|move|p2a: Haxorus|Scale Shot|p1a: Enamorus\n|-immune|p1a: Enamorus\n|\n|-weather|Sandstorm|[upkeep]\n|-damage|p1a: Enamorus|94\/100|[from] Sandstorm\n|-damage|p2a: Haxorus|94\/100|[from] Sandstorm\n|upkeep\n|turn|4\n|\n|t:|1700801084\n|switch|p2a: Zapdos|Zapdos|100\/100\n|move|p1a: Enamorus|Moonblast|p2a: Zapdos\n|-damage|p2a: Zapdos|55\/100\n|\n|-weather|Sandstorm|[upkeep]\n|-damage|p1a: Enamorus|88\/100|[from] Sandstorm\n|-damage|p2a: Zapdos|49\/100|[from] Sandstorm\n|upkeep\n|turn|5\n|inactive|testset_2023 has 120 seconds left.\n|\n|t:|1700801130\n|move|p1a: Enamorus|Moonblast|p2a: Zapdos\n|-damage|p2a: Zapdos|0 fnt\n|faint|p2a: Zapdos\n|\n|-weather|none\n|upkeep\n|\n|t:|1700801134\n|switch|p2a: Ceruledge|Ceruledge, M|100\/100\n|turn|6\n|\n|t:|1700801155\n|switch|p1a: Tyranitar|Tyranitar, F|81\/100\n|-weather|Sandstorm|[from] ability: Sand Stream|[of] p1a: Tyranitar\n|move|p2a: Ceruledge|Poltergeist|p1a: Tyranitar\n|-activate|p1a: Tyranitar|move: Poltergeist|Leftovers\n|-resisted|p1a: Tyranitar\n|-damage|p1a: Tyranitar|61\/100\n|\n|-weather|Sandstorm|[upkeep]\n|-damage|p2a: Ceruledge|94\/100|[from] Sandstorm\n|-heal|p1a: Tyranitar|67\/100|[from] item: Leftovers\n|upkeep\n|turn|7\n|inactive|testset_2023 has 90 seconds left.\n|\n|t:|1700801182\n|switch|p2a: Grimmsnarl|Grimmsnarl, M|100\/100\n|move|p1a: Tyranitar|Knock Off|p2a: Grimmsnarl\n|-resisted|p2a: Grimmsnarl\n|-damage|p2a: Grimmsnarl|83\/100\n|-enditem|p2a: Grimmsnarl|Light Clay|[from] move: Knock Off|[of] p1a: Tyranitar\n|\n|-weather|Sandstorm|[upkeep]\n|-damage|p2a: Grimmsnarl|77\/100|[from] Sandstorm\n|-heal|p1a: Tyranitar|74\/100|[from] item: Leftovers\n|upkeep\n|turn|8\n|\n|t:|1700801190\n|move|p1a: Tyranitar|Heavy Slam|p2a: Grimmsnarl\n|-supereffective|p2a: Grimmsnarl\n|-damage|p2a: Grimmsnarl|0 fnt\n|faint|p2a: Grimmsnarl\n|\n|-weather|Sandstorm|[upkeep]\n|-heal|p1a: Tyranitar|80\/100|[from] item: Leftovers\n|upkeep\n|\n|t:|1700801192\n|switch|p2a: Haxorus|Haxorus, M|94\/100\n|-ability|p2a: Haxorus|Mold Breaker\n|turn|9\n|inactive|testset_2023 has 90 seconds left.\n|\n|t:|1700801216\n|switch|p1a: Enamorus|Enamorus, F|88\/100\n|move|p2a: Haxorus|Poison Jab|p1a: Enamorus\n|-supereffective|p1a: Enamorus\n|-damage|p1a: Enamorus|0 fnt\n|faint|p1a: Enamorus\n|\n|-weather|Sandstorm|[upkeep]\n|-damage|p2a: Haxorus|88\/100|[from] Sandstorm\n|upkeep\n|\n|t:|1700801234\n|switch|p1a: Glimmora|Glimmora, M|100\/100\n|-item|p1a: Glimmora|Air Balloon\n|turn|10\n|\n|t:|1700801252\n|move|p2a: Haxorus|Swords Dance|p2a: Haxorus\n|-boost|p2a: Haxorus|atk|2\n|move|p1a: Glimmora|Earth Power|p2a: Haxorus\n|-damage|p2a: Haxorus|46\/100\n|\n|-weather|none\n|upkeep\n|turn|11\n|\n|t:|1700801262\n|move|p2a: Haxorus|Scale Shot|p1a: Glimmora\n|-damage|p1a: Glimmora|71\/100\n|-activate|p1a: Glimmora|ability: Toxic Debris\n|-sidestart|p2: TheKebin|move: Toxic Spikes\n|-enditem|p1a: Glimmora|Air Balloon\n|-damage|p1a: Glimmora|43\/100\n|-activate|p1a: Glimmora|ability: Toxic Debris\n|-sidestart|p2: TheKebin|move: Toxic Spikes\n|-damage|p1a: Glimmora|16\/100\n|-damage|p1a: Glimmora|0 fnt\n|faint|p1a: Glimmora\n|-hitcount|p1: Glimmora|4\n|-unboost|p2a: Haxorus|def|1\n|-boost|p2a: Haxorus|spe|1\n|\n|upkeep\n|inactive|testset_2023 has 60 seconds left.\n|\n|t:|1700801287\n|switch|p1a: Rillaboom|Rillaboom, M|100\/100\n|-fieldstart|move: Grassy Terrain|[from] ability: Grassy Surge|[of] p1a: Rillaboom\n|turn|12\n|inactive|TheKebin has 120 seconds left.\n|\n|t:|1700801323\n|-terastallize|p1a: Rillaboom|Grass\n|move|p1a: Rillaboom|Grassy Glide|p2a: Haxorus\n|-resisted|p2a: Haxorus\n|-damage|p2a: Haxorus|0 fnt\n|faint|p2a: Haxorus\n|\n|upkeep\n|\n|t:|1700801328\n|switch|p2a: Ceruledge|Ceruledge, M|94\/100\n|-status|p2a: Ceruledge|tox\n|turn|13\n|\n|t:|1700801335\n|switch|p1a: Tyranitar|Tyranitar, F|80\/100\n|-weather|Sandstorm|[from] ability: Sand Stream|[of] p1a: Tyranitar\n|move|p2a: Ceruledge|Swords Dance|p2a: Ceruledge\n|-boost|p2a: Ceruledge|atk|2\n|\n|-weather|Sandstorm|[upkeep]\n|-damage|p2a: Ceruledge|88\/100 tox|[from] Sandstorm\n|-heal|p2a: Ceruledge|94\/100 tox|[from] Grassy Terrain\n|-heal|p1a: Tyranitar|86\/100|[from] Grassy Terrain\n|-heal|p1a: Tyranitar|92\/100|[from] item: Leftovers\n|-damage|p2a: Ceruledge|88\/100 tox|[from] psn\n|upkeep\n|turn|14\n|\n|t:|1700801353\n|move|p2a: Ceruledge|Poltergeist|p1a: Tyranitar\n|-activate|p1a: Tyranitar|move: Poltergeist|Leftovers\n|-resisted|p1a: Tyranitar\n|-damage|p1a: Tyranitar|50\/100\n|move|p1a: Tyranitar|Rock Blast|p2a: Ceruledge\n|-supereffective|p2a: Ceruledge\n|-damage|p2a: Ceruledge|47\/100 tox\n|-ability|p2a: Ceruledge|Weak Armor|boost\n|-unboost|p2a: Ceruledge|def|1\n|-boost|p2a: Ceruledge|spe|2\n|-supereffective|p2a: Ceruledge\n|-damage|p2a: Ceruledge|0 fnt\n|faint|p2a: Ceruledge\n|-hitcount|p2: Ceruledge|2\n|\n|-weather|Sandstorm|[upkeep]\n|-heal|p1a: Tyranitar|57\/100|[from] Grassy Terrain\n|-heal|p1a: Tyranitar|63\/100|[from] item: Leftovers\n|upkeep\n|\n|t:|1700801361\n|switch|p2a: Maushold|Maushold|100\/100\n|turn|15\n|\n|t:|1700801373\n|move|p2a: Maushold|Bite|p1a: Tyranitar\n|-resisted|p1a: Tyranitar\n|-damage|p1a: Tyranitar|54\/100\n|move|p1a: Tyranitar|Knock Off|p2a: Maushold\n|-damage|p2a: Maushold|14\/100\n|-enditem|p2a: Maushold|Heavy-Duty Boots|[from] move: Knock Off|[of] p1a: Tyranitar\n|\n|-weather|Sandstorm|[upkeep]\n|-damage|p2a: Maushold|8\/100|[from] Sandstorm\n|-heal|p2a: Maushold|14\/100|[from] Grassy Terrain\n|-heal|p1a: Tyranitar|60\/100|[from] Grassy Terrain\n|-heal|p1a: Tyranitar|67\/100|[from] item: Leftovers\n|upkeep\n|turn|16\n|-message|TheKebin forfeited.\n|\n|win|testset_2023\n|raw|testset_2023's rating: 1383 &rarr; <strong>1403<\/strong><br \/>(+20 for winning)\n|raw|TheKebin's rating: 1390 &rarr; <strong>1370<\/strong><br \/>(-20 for losing)\n|l|\u2606TheKebin\n","uploadtime":1700801389,"views":13,"p1id":"testset2023","p2id":"thekebin","formatid":"gen9ou","rating":1370,"private":0,"password":""}