{"id":"gen9ou-2000026049","p1":"RogerBuster","p2":"ShadowGardellade56","format":"[Gen 9] OU","log":"|j|\u2606RogerBuster\n|j|\u2606ShadowGardellade56\n|t:|1701142808\n|gametype|singles\n|player|p1|RogerBuster|winona|1311\n|player|p2|ShadowGardellade56|lady|1192\n|teamsize|p1|6\n|teamsize|p2|6\n|gen|9\n|tier|[Gen 9] OU\n|rated|\n|rule|Sleep Clause Mod: Limit one foe put to sleep\n|rule|Species Clause: Limit one of each Pok\u00e9mon\n|rule|OHKO Clause: OHKO moves are banned\n|rule|Evasion Items Clause: Evasion items are banned\n|rule|Evasion Moves Clause: Evasion moves are banned\n|rule|Endless Battle Clause: Forcing endless battles is banned\n|rule|HP Percentage Mod: HP is shown in percentages\n|clearpoke\n|poke|p1|Hariyama, M|\n|poke|p1|Frosmoth, M|\n|poke|p1|Ditto|\n|poke|p1|Persian-Alola, M|\n|poke|p1|Polteageist|\n|poke|p1|Torterra, F|\n|poke|p2|Bellibolt, M|\n|poke|p2|Clefable, F|\n|poke|p2|Corviknight, M|\n|poke|p2|Dragapult, F|\n|poke|p2|Great Tusk|\n|poke|p2|Manaphy|\n|teampreview\n|inactive|Battle timer is ON: inactive players will automatically lose when time's up. (requested by ShadowGardellade56)\n|\n|t:|1701142823\n|start\n|switch|p1a: Frosmoth|Frosmoth, M|100\/100\n|switch|p2a: Clefable|Clefable, F|100\/100\n|turn|1\n|\n|t:|1701142828\n|move|p1a: Frosmoth|Quiver Dance|p1a: Frosmoth\n|-boost|p1a: Frosmoth|spa|1\n|-boost|p1a: Frosmoth|spd|1\n|-boost|p1a: Frosmoth|spe|1\n|move|p2a: Clefable|Thunder Wave|p1a: Frosmoth\n|-status|p1a: Frosmoth|par\n|\n|upkeep\n|turn|2\n|\n|t:|1701142834\n|cant|p1a: Frosmoth|par\n|move|p2a: Clefable|Stealth Rock|p1a: Frosmoth\n|-sidestart|p1: RogerBuster|move: Stealth Rock\n|\n|upkeep\n|turn|3\n|\n|t:|1701142844\n|switch|p2a: Corviknight|Corviknight, M|100\/100\n|-ability|p2a: Corviknight|Pressure\n|move|p1a: Frosmoth|Quiver Dance|p1a: Frosmoth\n|-boost|p1a: Frosmoth|spa|1\n|-boost|p1a: Frosmoth|spd|1\n|-boost|p1a: Frosmoth|spe|1\n|\n|upkeep\n|turn|4\n|\n|t:|1701142855\n|-terastallize|p1a: Frosmoth|Water\n|move|p1a: Frosmoth|Ice Beam|p2a: Corviknight\n|-damage|p2a: Corviknight|15\/100\n|-status|p2a: Corviknight|frz\n|cant|p2a: Corviknight|frz\n|\n|-heal|p2a: Corviknight|22\/100 frz|[from] item: Leftovers\n|upkeep\n|turn|5\n|\n|t:|1701142863\n|move|p1a: Frosmoth|Quiver Dance|p1a: Frosmoth\n|-boost|p1a: Frosmoth|spa|1\n|-boost|p1a: Frosmoth|spd|1\n|-boost|p1a: Frosmoth|spe|1\n|cant|p2a: Corviknight|frz\n|\n|-heal|p2a: Corviknight|28\/100 frz|[from] item: Leftovers\n|upkeep\n|turn|6\n|\n|t:|1701142870\n|switch|p2a: Manaphy|Manaphy|100\/100\n|move|p1a: Frosmoth|Quiver Dance|p1a: Frosmoth\n|-boost|p1a: Frosmoth|spa|1\n|-boost|p1a: Frosmoth|spd|1\n|-boost|p1a: Frosmoth|spe|1\n|\n|upkeep\n|turn|7\n|\n|t:|1701142876\n|move|p1a: Frosmoth|Bug Buzz|p2a: Manaphy\n|-damage|p2a: Manaphy|0 fnt\n|faint|p2a: Manaphy\n|\n|upkeep\n|\n|t:|1701142881\n|switch|p2a: Great Tusk|Great Tusk|100\/100\n|turn|8\n|\n|t:|1701142885\n|move|p1a: Frosmoth|Ice Beam|p2a: Great Tusk\n|-supereffective|p2a: Great Tusk\n|-damage|p2a: Great Tusk|0 fnt\n|faint|p2a: Great Tusk\n|-end|p2a: Great Tusk|Protosynthesis|[silent]\n|\n|upkeep\n|\n|t:|1701142887\n|switch|p2a: Clefable|Clefable, F|100\/100\n|turn|9\n|\n|t:|1701142891\n|move|p1a: Frosmoth|Ice Beam|p2a: Clefable\n|-damage|p2a: Clefable|9\/100\n|move|p2a: Clefable|Moonblast|p1a: Frosmoth\n|-damage|p1a: Frosmoth|93\/100 par\n|\n|-heal|p2a: Clefable|15\/100|[from] item: Leftovers\n|upkeep\n|turn|10\n|\n|t:|1701142897\n|move|p1a: Frosmoth|Ice Beam|p2a: Clefable\n|-damage|p2a: Clefable|0 fnt\n|faint|p2a: Clefable\n|\n|upkeep\n|\n|t:|1701142899\n|switch|p2a: Bellibolt|Bellibolt, M|100\/100\n|turn|11\n|\n|t:|1701142903\n|move|p1a: Frosmoth|Ice Beam|p2a: Bellibolt\n|-damage|p2a: Bellibolt|0 fnt\n|faint|p2a: Bellibolt\n|\n|upkeep\n|\n|t:|1701142906\n|switch|p2a: Dragapult|Dragapult, F|100\/100\n|turn|12\n|\n|t:|1701142908\n|move|p2a: Dragapult|Hex|p1a: Frosmoth\n|-damage|p1a: Frosmoth|81\/100 par\n|move|p1a: Frosmoth|Ice Beam|p2a: Dragapult\n|-supereffective|p2a: Dragapult\n|-damage|p2a: Dragapult|0 fnt\n|faint|p2a: Dragapult\n|\n|upkeep\n|\n|t:|1701142912\n|switch|p2a: Corviknight|Corviknight, M|28\/100 frz\n|-ability|p2a: Corviknight|Pressure\n|turn|13\n|\n|t:|1701142917\n|move|p1a: Frosmoth|Ice Beam|p2a: Corviknight\n|-damage|p2a: Corviknight|0 fnt\n|faint|p2a: Corviknight\n|\n|win|RogerBuster\n|raw|RogerBuster's rating: 1311 &rarr; <strong>1324<\/strong><br \/>(+13 for winning)\n|raw|ShadowGardellade56's rating: 1192 &rarr; <strong>1175<\/strong><br \/>(-17 for losing)\n|c|\u2606ShadowGardellade56|trash hacks\n|l|\u2606ShadowGardellade56\n|c|\u2606RogerBuster|gg\n","uploadtime":1701142923,"views":8,"p1id":"rogerbuster","p2id":"shadowgardellade56","formatid":"gen9ou","rating":1175,"private":0,"password":""}