{"id":"gen9ou-1993867249","p1":"wooloo supremacy","p2":"swumpy mumpus","format":"[Gen 9] OU","log":"|j|\u2606wooloo supremacy\n|j|\u2606swumpy mumpus\n|t:|1700367420\n|gametype|singles\n|player|p1|wooloo supremacy|adaman|1728\n|player|p2|swumpy mumpus|2|1669\n|teamsize|p1|6\n|teamsize|p2|6\n|gen|9\n|tier|[Gen 9] OU\n|rated|\n|rule|Sleep Clause Mod: Limit one foe put to sleep\n|rule|Species Clause: Limit one of each Pok\u00e9mon\n|rule|OHKO Clause: OHKO moves are banned\n|rule|Evasion Items Clause: Evasion items are banned\n|rule|Evasion Moves Clause: Evasion moves are banned\n|rule|Endless Battle Clause: Forcing endless battles is banned\n|rule|HP Percentage Mod: HP is shown in percentages\n|clearpoke\n|poke|p1|Great Tusk|\n|poke|p1|Hatterene, F|\n|poke|p1|Dondozo, F|\n|poke|p1|Mandibuzz, F|\n|poke|p1|Heatran, M|\n|poke|p1|Dragapult, M|\n|poke|p2|Great Tusk|\n|poke|p2|Rotom-Wash|\n|poke|p2|Rillaboom, M|\n|poke|p2|Dragapult, F|\n|poke|p2|Fezandipiti, M|\n|poke|p2|Iron Valiant|\n|teampreview\n|inactive|Battle timer is ON: inactive players will automatically lose when time's up. (requested by wooloo supremacy)\n|\n|t:|1700367440\n|start\n|switch|p1a: Dragapult|Dragapult, M|100\/100\n|switch|p2a: Fezandipiti|Fezandipiti, M|100\/100\n|turn|1\n|\n|t:|1700367444\n|move|p1a: Dragapult|U-turn|p2a: Fezandipiti\n|-resisted|p2a: Fezandipiti\n|-damage|p2a: Fezandipiti|97\/100\n|\n|t:|1700367447\n|switch|p1a: Heatran|Heatran, M|100\/100|[from] U-turn\n|move|p2a: Fezandipiti|Moonblast|p1a: Heatran\n|-resisted|p1a: Heatran\n|-damage|p1a: Heatran|97\/100\n|\n|-heal|p1a: Heatran|100\/100|[from] item: Leftovers\n|upkeep\n|turn|2\n|\n|t:|1700367454\n|-terastallize|p2a: Fezandipiti|Ground\n|move|p2a: Fezandipiti|Tera Blast|p1a: Heatran|[anim] Tera Blast Ground\n|-supereffective|p1a: Heatran\n|-damage|p1a: Heatran|0 fnt\n|faint|p1a: Heatran\n|\n|upkeep\n|\n|t:|1700367464\n|switch|p1a: Dondozo|Dondozo, F|100\/100\n|turn|3\n|\n|t:|1700367469\n|move|p2a: Fezandipiti|U-turn|p1a: Dondozo\n|-damage|p1a: Dondozo|89\/100\n|-status|p1a: Dondozo|tox|[from] ability: Toxic Chain|[of] p2a: Fezandipiti\n|\n|t:|1700367471\n|switch|p2a: Rotom|Rotom-Wash|100\/100|[from] U-turn\n|move|p1a: Dondozo|Liquidation|p2a: Rotom\n|-resisted|p2a: Rotom\n|-damage|p2a: Rotom|85\/100\n|-unboost|p2a: Rotom|def|1\n|\n|-heal|p2a: Rotom|91\/100|[from] item: Leftovers\n|-heal|p1a: Dondozo|95\/100 tox|[from] item: Leftovers\n|-damage|p1a: Dondozo|89\/100 tox|[from] psn\n|upkeep\n|turn|4\n|\n|t:|1700367476\n|switch|p1a: Hatterene|Hatterene, F|100\/100\n|move|p2a: Rotom|Volt Switch|p1a: Hatterene\n|-damage|p1a: Hatterene|76\/100\n|\n|t:|1700367481\n|switch|p2a: Rillaboom|Rillaboom, M|100\/100|[from] Volt Switch\n|-fieldstart|move: Grassy Terrain|[from] ability: Grassy Surge|[of] p2a: Rillaboom\n|\n|-heal|p1a: Hatterene|82\/100|[from] Grassy Terrain\n|-heal|p1a: Hatterene|88\/100|[from] item: Leftovers\n|upkeep\n|turn|5\n|\n|t:|1700367483\n|switch|p1a: Mandibuzz|Mandibuzz, F|100\/100\n|move|p2a: Rillaboom|U-turn|p1a: Mandibuzz\n|-damage|p1a: Mandibuzz|79\/100\n|\n|t:|1700367488\n|switch|p2a: Great Tusk|Great Tusk|100\/100|[from] U-turn\n|\n|upkeep\n|turn|6\n|\n|t:|1700367492\n|switch|p1a: Hatterene|Hatterene, F|88\/100\n|move|p2a: Great Tusk|Knock Off|p1a: Hatterene\n|-damage|p1a: Hatterene|64\/100\n|-enditem|p1a: Hatterene|Leftovers|[from] move: Knock Off|[of] p2a: Great Tusk\n|\n|-heal|p1a: Hatterene|70\/100|[from] Grassy Terrain\n|upkeep\n|turn|7\n|\n|t:|1700367501\n|-end|p2a: Great Tusk|Protosynthesis|[silent]\n|switch|p2a: Rillaboom|Rillaboom, M|100\/100\n|move|p1a: Hatterene|Psyshock|p2a: Rillaboom\n|-damage|p2a: Rillaboom|64\/100\n|\n|-heal|p2a: Rillaboom|71\/100|[from] Grassy Terrain\n|-heal|p1a: Hatterene|76\/100|[from] Grassy Terrain\n|upkeep\n|turn|8\n|\n|t:|1700367508\n|move|p2a: Rillaboom|U-turn|p1a: Hatterene\n|-damage|p1a: Hatterene|44\/100\n|\n|t:|1700367513\n|switch|p2a: Rotom|Rotom-Wash|91\/100|[from] U-turn\n|move|p1a: Hatterene|Nuzzle|p2a: Rotom\n|-damage|p2a: Rotom|87\/100\n|\n|-heal|p2a: Rotom|93\/100|[from] item: Leftovers\n|-heal|p1a: Hatterene|50\/100|[from] Grassy Terrain\n|-fieldend|move: Grassy Terrain\n|upkeep\n|turn|9\n|\n|t:|1700367523\n|move|p2a: Rotom|Hydro Pump|p1a: Hatterene\n|-damage|p1a: Hatterene|10\/100\n|move|p1a: Hatterene|Draining Kiss|p2a: Rotom\n|-damage|p2a: Rotom|77\/100\n|-heal|p1a: Hatterene|22\/100|[from] drain|[of] p2a: Rotom\n|\n|-heal|p2a: Rotom|83\/100|[from] item: Leftovers\n|upkeep\n|turn|10\n|\n|t:|1700367530\n|move|p2a: Rotom|Volt Switch|p1a: Hatterene\n|-damage|p1a: Hatterene|0 fnt\n|faint|p1a: Hatterene\n|\n|t:|1700367533\n|switch|p2a: Rillaboom|Rillaboom, M|71\/100|[from] Volt Switch\n|-fieldstart|move: Grassy Terrain|[from] ability: Grassy Surge|[of] p2a: Rillaboom\n|\n|-heal|p2a: Rillaboom|77\/100|[from] Grassy Terrain\n|upkeep\n|\n|t:|1700367536\n|switch|p1a: Dragapult|Dragapult, M|100\/100\n|turn|11\n|\n|t:|1700367546\n|switch|p2a: Fezandipiti|Fezandipiti, M, tera:Ground|97\/100\n|move|p1a: Dragapult|Shadow Ball|p2a: Fezandipiti\n|-crit|p2a: Fezandipiti\n|-damage|p2a: Fezandipiti|36\/100\n|\n|-heal|p2a: Fezandipiti|42\/100|[from] Grassy Terrain\n|upkeep\n|turn|12\n|\n|t:|1700367566\n|move|p1a: Dragapult|Shadow Ball|p2a: Fezandipiti\n|-damage|p2a: Fezandipiti|4\/100\n|move|p2a: Fezandipiti|Roost|p2a: Fezandipiti\n|-heal|p2a: Fezandipiti|54\/100\n|\n|-heal|p2a: Fezandipiti|60\/100|[from] Grassy Terrain\n|upkeep\n|turn|13\n|\n|t:|1700367574\n|switch|p1a: Great Tusk|Great Tusk|100\/100\n|move|p2a: Fezandipiti|Roost|p2a: Fezandipiti\n|-heal|p2a: Fezandipiti|100\/100\n|\n|upkeep\n|turn|14\n|\n|t:|1700367581\n|move|p1a: Great Tusk|Ice Spinner|p2a: Fezandipiti\n|-supereffective|p2a: Fezandipiti\n|-damage|p2a: Fezandipiti|21\/100\n|-fieldend|move: Grassy Terrain\n|move|p2a: Fezandipiti|Moonblast|p1a: Great Tusk\n|-supereffective|p1a: Great Tusk\n|-damage|p1a: Great Tusk|26\/100\n|-status|p1a: Great Tusk|tox|[from] ability: Toxic Chain|[of] p2a: Fezandipiti\n|\n|-damage|p1a: Great Tusk|19\/100 tox|[from] psn\n|upkeep\n|turn|15\n|\n|t:|1700367588\n|-end|p1a: Great Tusk|Protosynthesis|[silent]\n|switch|p1a: Dragapult|Dragapult, M|100\/100\n|switch|p2a: Great Tusk|Great Tusk|100\/100\n|\n|upkeep\n|turn|16\n|\n|t:|1700367595\n|move|p1a: Dragapult|Draco Meteor|p2a: Great Tusk\n|-damage|p2a: Great Tusk|0 fnt\n|-unboost|p1a: Dragapult|spa|2\n|faint|p2a: Great Tusk\n|-end|p2a: Great Tusk|Protosynthesis|[silent]\n|\n|upkeep\n|\n|t:|1700367602\n|switch|p2a: Iron Valiant|Iron Valiant|100\/100\n|-enditem|p2a: Iron Valiant|Booster Energy\n|-activate|p2a: Iron Valiant|ability: Quark Drive|[fromitem]\n|-start|p2a: Iron Valiant|quarkdrivespe\n|turn|17\n|\n|t:|1700367607\n|switch|p1a: Great Tusk|Great Tusk|19\/100 tox\n|move|p2a: Iron Valiant|Thunderbolt|p1a: Great Tusk\n|-immune|p1a: Great Tusk\n|\n|-damage|p1a: Great Tusk|13\/100 tox|[from] psn\n|upkeep\n|turn|18\n|\n|t:|1700367610\n|move|p2a: Iron Valiant|Moonblast|p1a: Great Tusk\n|-supereffective|p1a: Great Tusk\n|-damage|p1a: Great Tusk|0 fnt\n|faint|p1a: Great Tusk\n|-end|p1a: Great Tusk|Protosynthesis|[silent]\n|\n|upkeep\n|\n|t:|1700367615\n|switch|p1a: Dragapult|Dragapult, M|100\/100\n|turn|19\n|j| Roshino\n|j| Ctannn\n|\n|t:|1700367624\n|-terastallize|p1a: Dragapult|Ghost\n|move|p2a: Iron Valiant|Moonblast|p1a: Dragapult\n|-damage|p1a: Dragapult|42\/100\n|move|p1a: Dragapult|Shadow Ball|p2a: Iron Valiant\n|-damage|p2a: Iron Valiant|0 fnt\n|faint|p2a: Iron Valiant\n|-end|p2a: Iron Valiant|Quark Drive|[silent]\n|\n|upkeep\n|\n|t:|1700367630\n|switch|p2a: Rillaboom|Rillaboom, M|77\/100\n|-fieldstart|move: Grassy Terrain|[from] ability: Grassy Surge|[of] p2a: Rillaboom\n|turn|20\n|\n|t:|1700367634\n|move|p2a: Rillaboom|Grassy Glide|p1a: Dragapult\n|-damage|p1a: Dragapult|0 fnt\n|faint|p1a: Dragapult\n|\n|-heal|p2a: Rillaboom|83\/100|[from] Grassy Terrain\n|upkeep\n|\n|t:|1700367636\n|switch|p1a: Mandibuzz|Mandibuzz, F|79\/100\n|turn|21\n|\n|t:|1700367640\n|switch|p2a: Rotom|Rotom-Wash|83\/100\n|move|p1a: Mandibuzz|U-turn|p2a: Rotom\n|-damage|p2a: Rotom|71\/100\n|-message|wooloo supremacy forfeited.\n|\n|win|swumpy mumpus\n|raw|wooloo supremacy's rating: 1728 &rarr; <strong>1705<\/strong><br \/>(-23 for losing)\n|raw|swumpy mumpus's rating: 1669 &rarr; <strong>1692<\/strong><br \/>(+23 for winning)\n|l|\u2606wooloo supremacy\n|c|\u2606swumpy mumpus|gg\n","uploadtime":1700367654,"views":17,"p1id":"wooloosupremacy","p2id":"swumpymumpus","formatid":"gen9ou","rating":1692,"private":0,"password":""}