{"id":"gen9ou-1990912853","p1":"JaimeLX","p2":"mai0","format":"[Gen 9] OU","log":"|j|\u2606JaimeLX\n|j|\u2606mai0\n|t:|1700014403\n|gametype|singles\n|player|p1|JaimeLX|cynthia|\n|player|p2|mai0|lady|\n|teamsize|p1|6\n|teamsize|p2|6\n|gen|9\n|tier|[Gen 9] OU\n|rule|Sleep Clause Mod: Limit one foe put to sleep\n|rule|Species Clause: Limit one of each Pok\u00e9mon\n|rule|OHKO Clause: OHKO moves are banned\n|rule|Evasion Items Clause: Evasion items are banned\n|rule|Evasion Moves Clause: Evasion moves are banned\n|rule|Endless Battle Clause: Forcing endless battles is banned\n|rule|HP Percentage Mod: HP is shown in percentages\n|clearpoke\n|poke|p1|Pelipper, F|\n|poke|p1|Ludicolo, F|\n|poke|p1|Barraskewda, F|\n|poke|p1|Crawdaunt, M|\n|poke|p1|Empoleon, M|\n|poke|p1|Milotic, F|\n|poke|p2|Infernape, F|\n|poke|p2|Ninetales-Alola, F|\n|poke|p2|Salamence, F|\n|poke|p2|Magnezone|\n|poke|p2|Slowking, F|\n|poke|p2|Meowscarada, F|\n|teampreview\n|\n|t:|1700014441\n|start\n|switch|p1a: Pelipper|Pelipper, F|100\/100\n|switch|p2a: Ninetales|Ninetales-Alola, F, shiny|100\/100\n|-weather|Snow|[from] ability: Snow Warning|[of] p2a: Ninetales\n|-weather|RainDance|[from] ability: Drizzle|[of] p1a: Pelipper\n|turn|1\n|\n|t:|1700014457\n|move|p2a: Ninetales|Aurora Veil||[still]\n|-fail|p2a: Ninetales\n|move|p1a: Pelipper|Weather Ball|p2a: Ninetales\n|-damage|p2a: Ninetales|55\/100\n|\n|-weather|RainDance|[upkeep]\n|upkeep\n|turn|2\n|\n|t:|1700014471\n|switch|p1a: Empoleon|Empoleon, M|100\/100\n|move|p2a: Ninetales|Freeze-Dry|p1a: Empoleon\n|-damage|p1a: Empoleon|88\/100\n|\n|-weather|RainDance|[upkeep]\n|upkeep\n|turn|3\n|\n|t:|1700014479\n|move|p2a: Ninetales|Hypnosis|p1a: Empoleon\n|-status|p1a: Empoleon|slp|[from] move: Hypnosis\n|cant|p1a: Empoleon|slp\n|\n|-weather|RainDance|[upkeep]\n|upkeep\n|turn|4\n|\n|t:|1700014485\n|move|p2a: Ninetales|Aurora Veil||[still]\n|-fail|p2a: Ninetales\n|cant|p1a: Empoleon|slp\n|\n|-weather|RainDance|[upkeep]\n|upkeep\n|turn|5\n|\n|t:|1700014515\n|switch|p2a: Magnezone|Magnezone, shiny|100\/100\n|-curestatus|p1a: Empoleon|slp|[msg]\n|move|p1a: Empoleon|Flash Cannon|p2a: Magnezone\n|-resisted|p2a: Magnezone\n|-damage|p2a: Magnezone|95\/100\n|\n|-weather|RainDance|[upkeep]\n|upkeep\n|turn|6\n|\n|t:|1700014527\n|move|p2a: Magnezone|Volt Switch|p1a: Empoleon\n|-supereffective|p1a: Empoleon\n|-damage|p1a: Empoleon|38\/100\n|\n|t:|1700014537\n|switch|p2a: Infernape|Infernape, F|100\/100|[from] Volt Switch\n|move|p1a: Empoleon|Earthquake|p2a: Infernape\n|-supereffective|p2a: Infernape\n|-damage|p2a: Infernape|8\/100\n|\n|-weather|RainDance|[upkeep]\n|upkeep\n|turn|7\n|\n|t:|1700014554\n|move|p2a: Infernape|Close Combat|p1a: Empoleon\n|-supereffective|p1a: Empoleon\n|-damage|p1a: Empoleon|0 fnt\n|-unboost|p2a: Infernape|def|1\n|-unboost|p2a: Infernape|spd|1\n|faint|p1a: Empoleon\n|\n|-weather|RainDance|[upkeep]\n|upkeep\n|\n|t:|1700014562\n|switch|p1a: Barraskewda|Barraskewda, F|100\/100\n|turn|8\n|\n|t:|1700014577\n|switch|p2a: Magnezone|Magnezone, shiny|95\/100\n|move|p1a: Barraskewda|Flip Turn|p2a: Magnezone\n|-damage|p2a: Magnezone|25\/100\n|\n|t:|1700014586\n|switch|p1a: Crawdaunt|Crawdaunt, M|100\/100|[from] Flip Turn\n|\n|-weather|none\n|upkeep\n|turn|9\n|\n|t:|1700014610\n|move|p1a: Crawdaunt|Swords Dance|p1a: Crawdaunt\n|-boost|p1a: Crawdaunt|atk|2\n|move|p2a: Magnezone|Thunderbolt|p1a: Crawdaunt\n|-supereffective|p1a: Crawdaunt\n|-enditem|p1a: Crawdaunt|Focus Sash\n|-damage|p1a: Crawdaunt|1\/100\n|\n|upkeep\n|turn|10\n|\n|t:|1700014624\n|switch|p2a: Meowscarada|Meowscarada, F|100\/100\n|move|p1a: Crawdaunt|Aqua Jet|p2a: Meowscarada\n|-resisted|p2a: Meowscarada\n|-damage|p2a: Meowscarada|55\/100\n|\n|upkeep\n|turn|11\n|\n|t:|1700014635\n|move|p1a: Crawdaunt|Aqua Jet|p2a: Meowscarada\n|-resisted|p2a: Meowscarada\n|-damage|p2a: Meowscarada|12\/100\n|move|p2a: Meowscarada|U-turn|p1a: Crawdaunt\n|-supereffective|p1a: Crawdaunt\n|-damage|p1a: Crawdaunt|0 fnt\n|faint|p1a: Crawdaunt\n|\n|t:|1700014643\n|switch|p2a: Ninetales|Ninetales-Alola, F, shiny|55\/100|[from] U-turn\n|-weather|Snow|[from] ability: Snow Warning|[of] p2a: Ninetales\n|\n|-weather|Snow|[upkeep]\n|upkeep\n|\n|t:|1700014648\n|switch|p1a: Pelipper|Pelipper, F|100\/100\n|-weather|RainDance|[from] ability: Drizzle|[of] p1a: Pelipper\n|turn|12\n|\n|t:|1700014657\n|move|p2a: Ninetales|Hypnosis|p1a: Pelipper\n|-status|p1a: Pelipper|slp|[from] move: Hypnosis\n|cant|p1a: Pelipper|slp\n|\n|-weather|RainDance|[upkeep]\n|upkeep\n|turn|13\n|\n|t:|1700014665\n|move|p2a: Ninetales|Moonblast|p1a: Pelipper\n|-damage|p1a: Pelipper|59\/100 slp\n|-unboost|p1a: Pelipper|spa|1\n|-curestatus|p1a: Pelipper|slp|[msg]\n|move|p1a: Pelipper|Hurricane|p2a: Ninetales\n|-damage|p2a: Ninetales|30\/100\n|\n|-weather|RainDance|[upkeep]\n|upkeep\n|turn|14\n|\n|t:|1700014676\n|switch|p2a: Magnezone|Magnezone, shiny|25\/100\n|move|p1a: Pelipper|Weather Ball|p2a: Magnezone\n|-damage|p2a: Magnezone|3\/100\n|\n|-weather|RainDance|[upkeep]\n|upkeep\n|turn|15\n|\n|t:|1700014684\n|move|p1a: Pelipper|U-turn|p2a: Magnezone\n|-resisted|p2a: Magnezone\n|-damage|p2a: Magnezone|0 fnt\n|faint|p2a: Magnezone\n|\n|t:|1700014688\n|switch|p1a: Barraskewda|Barraskewda, F|100\/100|[from] U-turn\n|\n|-weather|RainDance|[upkeep]\n|upkeep\n|\n|t:|1700014705\n|switch|p2a: Meowscarada|Meowscarada, F|12\/100\n|turn|16\n|\n|t:|1700014717\n|move|p1a: Barraskewda|Poison Jab|p2a: Meowscarada\n|-supereffective|p2a: Meowscarada\n|-damage|p2a: Meowscarada|0 fnt\n|faint|p2a: Meowscarada\n|\n|-weather|RainDance|[upkeep]\n|upkeep\n|\n|t:|1700014724\n|switch|p2a: Slowking|Slowking, F, shiny|100\/100\n|turn|17\n|\n|t:|1700014729\n|move|p1a: Barraskewda|Poison Jab|p2a: Slowking\n|-damage|p2a: Slowking|68\/100\n|move|p2a: Slowking|Calm Mind|p2a: Slowking\n|-boost|p2a: Slowking|spa|1\n|-boost|p2a: Slowking|spd|1\n|\n|-weather|RainDance|[upkeep]\n|upkeep\n|turn|18\n|\n|t:|1700014741\n|switch|p1a: Ludicolo|Ludicolo, F|100\/100\n|move|p2a: Slowking|Psyshock|p1a: Ludicolo\n|-damage|p1a: Ludicolo|48\/100\n|\n|-weather|RainDance|[upkeep]\n|upkeep\n|turn|19\n|\n|t:|1700014748\n|move|p1a: Ludicolo|Giga Drain|p2a: Slowking\n|-supereffective|p2a: Slowking\n|-crit|p2a: Slowking\n|-damage|p2a: Slowking|13\/100\n|-heal|p1a: Ludicolo|87\/100|[from] drain|[of] p2a: Slowking\n|-enditem|p2a: Slowking|Wiki Berry|[eat]\n|-heal|p2a: Slowking|46\/100|[from] item: Wiki Berry\n|move|p2a: Slowking|Slack Off|p2a: Slowking\n|-heal|p2a: Slowking|96\/100\n|\n|-weather|none\n|upkeep\n|turn|20\n|\n|t:|1700014759\n|move|p1a: Ludicolo|Leech Seed|p2a: Slowking\n|-start|p2a: Slowking|move: Leech Seed\n|move|p2a: Slowking|Scald|p1a: Ludicolo\n|-resisted|p1a: Ludicolo\n|-damage|p1a: Ludicolo|80\/100\n|-status|p1a: Ludicolo|brn\n|\n|-damage|p2a: Slowking|84\/100|[from] Leech Seed|[of] p1a: Ludicolo\n|-heal|p1a: Ludicolo|98\/100 brn|[silent]\n|-damage|p1a: Ludicolo|92\/100 brn|[from] brn\n|upkeep\n|turn|21\n|\n|t:|1700014770\n|switch|p2a: Salamence|Salamence, F|100\/100\n|-ability|p2a: Salamence|Intimidate|boost\n|-unboost|p1a: Ludicolo|atk|1\n|move|p1a: Ludicolo|Giga Drain|p2a: Salamence\n|-resisted|p2a: Salamence\n|-damage|p2a: Salamence|93\/100\n|-heal|p1a: Ludicolo|97\/100 brn|[from] drain|[of] p2a: Salamence\n|\n|-damage|p1a: Ludicolo|91\/100 brn|[from] brn\n|upkeep\n|turn|22\n|\n|t:|1700014795\n|move|p2a: Salamence|Dual Wingbeat|p1a: Ludicolo\n|-supereffective|p1a: Ludicolo\n|-damage|p1a: Ludicolo|13\/100 brn\n|-supereffective|p1a: Ludicolo\n|-damage|p1a: Ludicolo|0 fnt\n|faint|p1a: Ludicolo\n|-hitcount|p1: Ludicolo|2\n|-damage|p2a: Salamence|83\/100|[from] item: Life Orb\n|\n|upkeep\n|\n|t:|1700014802\n|switch|p1a: Pelipper|Pelipper, F|59\/100\n|-weather|RainDance|[from] ability: Drizzle|[of] p1a: Pelipper\n|turn|23\n|c|\u2606JaimeLX|lehjit\n|\n|t:|1700014837\n|move|p2a: Salamence|Dragon Claw|p1a: Pelipper\n|-damage|p1a: Pelipper|12\/100\n|-damage|p2a: Salamence|73\/100|[from] item: Life Orb\n|move|p1a: Pelipper|Hurricane|p2a: Salamence\n|-damage|p2a: Salamence|31\/100\n|\n|-weather|RainDance|[upkeep]\n|upkeep\n|turn|24\n|\n|t:|1700014846\n|move|p2a: Salamence|Roost|p2a: Salamence\n|-heal|p2a: Salamence|81\/100\n|-singleturn|p2a: Salamence|move: Roost\n|move|p1a: Pelipper|Hurricane|p2a: Salamence\n|-damage|p2a: Salamence|35\/100\n|\n|-weather|RainDance|[upkeep]\n|upkeep\n|turn|25\n|\n|t:|1700014854\n|move|p2a: Salamence|Roost|p2a: Salamence\n|-heal|p2a: Salamence|85\/100\n|-singleturn|p2a: Salamence|move: Roost\n|move|p1a: Pelipper|Hurricane|p2a: Salamence\n|-damage|p2a: Salamence|42\/100\n|\n|-weather|RainDance|[upkeep]\n|upkeep\n|turn|26\n|\n|t:|1700014861\n|move|p2a: Salamence|Roost|p2a: Salamence\n|-heal|p2a: Salamence|92\/100\n|-singleturn|p2a: Salamence|move: Roost\n|move|p1a: Pelipper|U-turn|p2a: Salamence\n|-damage|p2a: Salamence|82\/100\n|\n|t:|1700014866\n|switch|p1a: Milotic|Milotic, F|100\/100|[from] U-turn\n|\n|-weather|RainDance|[upkeep]\n|upkeep\n|turn|27\n|\n|t:|1700014871\n|move|p2a: Salamence|Dragon Dance|p2a: Salamence\n|-boost|p2a: Salamence|atk|1\n|-boost|p2a: Salamence|spe|1\n|move|p1a: Milotic|Ice Beam|p2a: Salamence\n|-supereffective|p2a: Salamence\n|-damage|p2a: Salamence|0 fnt\n|faint|p2a: Salamence\n|\n|-weather|RainDance|[upkeep]\n|upkeep\n|\n|t:|1700014880\n|switch|p2a: Slowking|Slowking, F, shiny|100\/100\n|turn|28\n|\n|t:|1700014917\n|switch|p2a: Ninetales|Ninetales-Alola, F, shiny|30\/100\n|-weather|Snow|[from] ability: Snow Warning|[of] p2a: Ninetales\n|move|p1a: Milotic|Scald|p2a: Ninetales\n|-damage|p2a: Ninetales|2\/100\n|\n|-weather|Snow|[upkeep]\n|upkeep\n|turn|29\n|\n|t:|1700014929\n|move|p2a: Ninetales|Hypnosis|p1a: Milotic\n|-status|p1a: Milotic|slp|[from] move: Hypnosis\n|cant|p1a: Milotic|slp\n|\n|-weather|Snow|[upkeep]\n|upkeep\n|turn|30\n|\n|t:|1700014936\n|switch|p1a: Pelipper|Pelipper, F|12\/100\n|-weather|RainDance|[from] ability: Drizzle|[of] p1a: Pelipper\n|move|p2a: Ninetales|Moonblast|p1a: Pelipper\n|-damage|p1a: Pelipper|0 fnt\n|faint|p1a: Pelipper\n|\n|-weather|RainDance|[upkeep]\n|upkeep\n|\n|t:|1700014944\n|switch|p1a: Barraskewda|Barraskewda, F|100\/100\n|turn|31\n|\n|t:|1700014967\n|move|p1a: Barraskewda|Poison Jab|p2a: Ninetales\n|-supereffective|p2a: Ninetales\n|-damage|p2a: Ninetales|0 fnt\n|faint|p2a: Ninetales\n|\n|-weather|RainDance|[upkeep]\n|upkeep\n|\n|t:|1700014974\n|switch|p2a: Slowking|Slowking, F, shiny|100\/100\n|turn|32\n|\n|t:|1700015004\n|move|p1a: Barraskewda|Poison Jab|p2a: Slowking\n|-damage|p2a: Slowking|66\/100\n|move|p2a: Slowking|Calm Mind|p2a: Slowking\n|-boost|p2a: Slowking|spa|1\n|-boost|p2a: Slowking|spd|1\n|\n|-weather|RainDance|[upkeep]\n|upkeep\n|turn|33\n|\n|t:|1700015011\n|move|p1a: Barraskewda|Poison Jab|p2a: Slowking\n|-damage|p2a: Slowking|32\/100\n|move|p2a: Slowking|Psyshock|p1a: Barraskewda\n|-damage|p1a: Barraskewda|23\/100\n|\n|-weather|RainDance|[upkeep]\n|upkeep\n|turn|34\n|\n|t:|1700015019\n|move|p1a: Barraskewda|Poison Jab|p2a: Slowking\n|-damage|p2a: Slowking|0 fnt\n|faint|p2a: Slowking\n|\n|-weather|RainDance|[upkeep]\n|upkeep\n|\n|t:|1700015024\n|switch|p2a: Infernape|Infernape, F|8\/100\n|turn|35\n|\n|t:|1700015040\n|move|p1a: Barraskewda|Poison Jab|p2a: Infernape\n|-damage|p2a: Infernape|0 fnt\n|faint|p2a: Infernape\n|\n|win|JaimeLX\n","uploadtime":1700015046,"views":14,"p1id":"jaimelx","p2id":"mai0","formatid":"gen9ou","rating":0,"private":0,"password":""}