{"id":"gen9ou-1991363512","p1":"Pumpkinsausage1","p2":"Kjfm30","format":"[Gen 9] OU","log":"|j|\u2606Pumpkinsausage1\n|j|\u2606Kjfm30\n|t:|1700070910\n|gametype|singles\n|player|p1|Pumpkinsausage1|266|1561\n|player|p2|Kjfm30|clay|1591\n|teamsize|p1|6\n|teamsize|p2|6\n|gen|9\n|tier|[Gen 9] OU\n|rated|\n|rule|Sleep Clause Mod: Limit one foe put to sleep\n|rule|Species Clause: Limit one of each Pok\u00e9mon\n|rule|OHKO Clause: OHKO moves are banned\n|rule|Evasion Items Clause: Evasion items are banned\n|rule|Evasion Moves Clause: Evasion moves are banned\n|rule|Endless Battle Clause: Forcing endless battles is banned\n|rule|HP Percentage Mod: HP is shown in percentages\n|clearpoke\n|poke|p1|Ting-Lu|\n|poke|p1|Gholdengo|\n|poke|p1|Toxapex, M|\n|poke|p1|Garganacl, M|\n|poke|p1|Great Tusk|\n|poke|p1|Amoonguss, F|\n|poke|p2|Kingambit, F|\n|poke|p2|Glimmora, F|\n|poke|p2|Zamazenta-*|\n|poke|p2|Iron Valiant|\n|poke|p2|Iron Moth|\n|poke|p2|Ogerpon-Wellspring, F|\n|teampreview\n|inactive|Battle timer is ON: inactive players will automatically lose when time's up. (requested by Kjfm30)\n|\n|t:|1700070914\n|start\n|switch|p1a: Great Tusks|Garganacl, M|100\/100\n|switch|p2a: Glimmora|Glimmora, F|100\/100\n|turn|1\n|\n|t:|1700070924\n|-terastallize|p1a: Great Tusks|Fairy\n|move|p2a: Glimmora|Stealth Rock|p1a: Great Tusks\n|-sidestart|p1: Pumpkinsausage1|move: Stealth Rock\n|move|p1a: Great Tusks|Salt Cure|p2a: Glimmora\n|-damage|p2a: Glimmora|84\/100\n|-start|p2a: Glimmora|Salt Cure\n|-activate|p2a: Glimmora|ability: Toxic Debris\n|-sidestart|p1: Pumpkinsausage1|move: Toxic Spikes\n|\n|-damage|p2a: Glimmora|71\/100|[from] Salt Cure\n|upkeep\n|turn|2\n|\n|t:|1700070931\n|switch|p1a: Amoonguss|Amoonguss, F|100\/100\n|-damage|p1a: Amoonguss|88\/100|[from] Stealth Rock\n|-sideend|p1: Pumpkinsausage1|move: Toxic Spikes|[of] p1a: Amoonguss\n|move|p2a: Glimmora|Mortal Spin|p1a: Amoonguss\n|-damage|p1a: Amoonguss|83\/100\n|-damage|p2a: Glimmora|55\/100|[from] item: Rocky Helmet|[of] p1a: Amoonguss\n|\n|-damage|p2a: Glimmora|42\/100|[from] Salt Cure\n|upkeep\n|turn|3\n|\n|t:|1700070939\n|move|p2a: Glimmora|Power Gem|p1a: Amoonguss\n|-damage|p1a: Amoonguss|42\/100\n|move|p1a: Amoonguss|Spore|p2a: Glimmora\n|-status|p2a: Glimmora|slp|[from] move: Spore\n|\n|-damage|p2a: Glimmora|30\/100 slp|[from] Salt Cure\n|upkeep\n|turn|4\n|\n|t:|1700070946\n|switch|p2a: Kingambit|Kingambit, F|100\/100\n|move|p1a: Amoonguss|Giga Drain|p2a: Kingambit\n|-resisted|p2a: Kingambit\n|-damage|p2a: Kingambit|87\/100\n|-heal|p1a: Amoonguss|47\/100|[from] drain|[of] p2a: Kingambit\n|\n|upkeep\n|turn|5\n|\n|t:|1700070952\n|switch|p1a: Iron Vailant|Great Tusk|100\/100\n|-damage|p1a: Iron Vailant|98\/100|[from] Stealth Rock\n|move|p2a: Kingambit|Swords Dance|p2a: Kingambit\n|-boost|p2a: Kingambit|atk|2\n|\n|-heal|p1a: Iron Vailant|100\/100|[from] item: Leftovers\n|upkeep\n|turn|6\n|\n|t:|1700070961\n|-end|p2a: Kingambit|fallenundefined|[silent]\n|switch|p2a: Zamazenta|Zamazenta, shiny|100\/100\n|-ability|p2a: Zamazenta|Dauntless Shield|boost\n|-boost|p2a: Zamazenta|def|1\n|move|p1a: Iron Vailant|Rapid Spin|p2a: Zamazenta\n|-crit|p2a: Zamazenta\n|-damage|p2a: Zamazenta|81\/100\n|-boost|p1a: Iron Vailant|spe|1\n|-sideend|p1: Pumpkinsausage1|Stealth Rock|[from] move: Rapid Spin|[of] p1a: Iron Vailant\n|\n|-heal|p2a: Zamazenta|87\/100|[from] item: Leftovers\n|upkeep\n|turn|7\n|inactive|Kjfm30 has 120 seconds left.\n|c|\u2606Pumpkinsausage1|lets see it bro\n|\n|t:|1700071008\n|-end|p1a: Iron Vailant|Protosynthesis|[silent]\n|switch|p1a: Great Tusks|Garganacl, M, tera:Fairy|100\/100\n|move|p2a: Zamazenta|Iron Defense|p2a: Zamazenta\n|-boost|p2a: Zamazenta|def|2\n|\n|-heal|p2a: Zamazenta|93\/100|[from] item: Leftovers\n|upkeep\n|turn|8\n|\n|t:|1700071015\n|move|p2a: Zamazenta|Iron Defense|p2a: Zamazenta\n|-boost|p2a: Zamazenta|def|2\n|move|p1a: Great Tusks|Salt Cure|p2a: Zamazenta\n|-resisted|p2a: Zamazenta\n|-damage|p2a: Zamazenta|92\/100\n|-start|p2a: Zamazenta|Salt Cure\n|\n|-heal|p2a: Zamazenta|98\/100|[from] item: Leftovers\n|-damage|p2a: Zamazenta|85\/100|[from] Salt Cure\n|upkeep\n|turn|9\n|\n|t:|1700071019\n|move|p2a: Zamazenta|Body Press|p1a: Great Tusks\n|-resisted|p1a: Great Tusks\n|-damage|p1a: Great Tusks|70\/100\n|move|p1a: Great Tusks|Stealth Rock|p2a: Zamazenta\n|-sidestart|p2: Kjfm30|move: Stealth Rock\n|\n|-heal|p2a: Zamazenta|92\/100|[from] item: Leftovers\n|-heal|p1a: Great Tusks|76\/100|[from] item: Leftovers\n|-damage|p2a: Zamazenta|79\/100|[from] Salt Cure\n|upkeep\n|turn|10\n|\n|t:|1700071023\n|move|p2a: Zamazenta|Body Press|p1a: Great Tusks\n|-resisted|p1a: Great Tusks\n|-damage|p1a: Great Tusks|46\/100\n|move|p1a: Great Tusks|Salt Cure|p2a: Zamazenta\n|-resisted|p2a: Zamazenta\n|-damage|p2a: Zamazenta|77\/100\n|\n|-heal|p2a: Zamazenta|84\/100|[from] item: Leftovers\n|-heal|p1a: Great Tusks|52\/100|[from] item: Leftovers\n|-damage|p2a: Zamazenta|71\/100|[from] Salt Cure\n|upkeep\n|turn|11\n|\n|t:|1700071028\n|move|p2a: Zamazenta|Body Press|p1a: Great Tusks\n|-resisted|p1a: Great Tusks\n|-damage|p1a: Great Tusks|21\/100\n|move|p1a: Great Tusks|Recover|p1a: Great Tusks\n|-heal|p1a: Great Tusks|71\/100\n|\n|-heal|p2a: Zamazenta|77\/100|[from] item: Leftovers\n|-heal|p1a: Great Tusks|77\/100|[from] item: Leftovers\n|-damage|p2a: Zamazenta|65\/100|[from] Salt Cure\n|upkeep\n|turn|12\n|-message|Kjfm30 forfeited.\n|\n|win|Pumpkinsausage1\n|raw|Pumpkinsausage1's rating: 1561 &rarr; <strong>1583<\/strong><br \/>(+22 for winning)\n|raw|Kjfm30's rating: 1591 &rarr; <strong>1569<\/strong><br \/>(-22 for losing)\n|l|\u2606Kjfm30\n","uploadtime":1700071037,"views":8,"p1id":"pumpkinsausage1","p2id":"kjfm30","formatid":"gen9ou","rating":1569,"private":0,"password":""}