{"id":"gen9ou-1991609941","p1":"andrewm0n","p2":"bbones150","format":"[Gen 9] OU","log":"|j|\u2606andrewm0n\n|j|\u2606bbones150\n|t:|1700093891\n|gametype|singles\n|player|p1|andrewm0n|swimmerf|1471\n|player|p2|bbones150|170|1391\n|teamsize|p1|6\n|teamsize|p2|6\n|gen|9\n|tier|[Gen 9] OU\n|rated|\n|rule|Sleep Clause Mod: Limit one foe put to sleep\n|rule|Species Clause: Limit one of each Pok\u00e9mon\n|rule|OHKO Clause: OHKO moves are banned\n|rule|Evasion Items Clause: Evasion items are banned\n|rule|Evasion Moves Clause: Evasion moves are banned\n|rule|Endless Battle Clause: Forcing endless battles is banned\n|rule|HP Percentage Mod: HP is shown in percentages\n|clearpoke\n|poke|p1|Alomomola, F|\n|poke|p1|Rillaboom, M|\n|poke|p1|Maushold-Four|\n|poke|p1|Dragapult, M|\n|poke|p1|Ursaluna, M|\n|poke|p1|Sneasler, M|\n|poke|p2|Ninetales-Alola, M|\n|poke|p2|Ogerpon-Wellspring, F|\n|poke|p2|Mew|\n|poke|p2|Kingambit, M|\n|poke|p2|Gholdengo|\n|poke|p2|Salamence, M|\n|teampreview\n|\n|t:|1700093940\n|start\n|switch|p1a: Maushold|Maushold-Four|100\/100\n|switch|p2a: Ninetales|Ninetales-Alola, M|100\/100\n|-weather|Snow|[from] ability: Snow Warning|[of] p2a: Ninetales\n|turn|1\n|\n|t:|1700093950\n|move|p1a: Maushold|Population Bomb|p2a: Ninetales\n|-damage|p2a: Ninetales|91\/100\n|-damage|p2a: Ninetales|81\/100\n|-damage|p2a: Ninetales|72\/100\n|-damage|p2a: Ninetales|63\/100\n|-damage|p2a: Ninetales|54\/100\n|-damage|p2a: Ninetales|45\/100\n|-damage|p2a: Ninetales|36\/100\n|-damage|p2a: Ninetales|27\/100\n|-crit|p2a: Ninetales\n|-damage|p2a: Ninetales|12\/100\n|-damage|p2a: Ninetales|4\/100\n|-hitcount|p2a: Ninetales|10\n|move|p2a: Ninetales|Aurora Veil|p2a: Ninetales\n|-sidestart|p2: bbones150|move: Aurora Veil\n|\n|-weather|Snow|[upkeep]\n|upkeep\n|turn|2\n|\n|t:|1700093967\n|switch|p2a: Gholdengo|Gholdengo|100\/100\n|-item|p2a: Gholdengo|Air Balloon\n|move|p1a: Maushold|Encore|p2a: Gholdengo\n|-immune|p2a: Gholdengo|[from] ability: Good as Gold\n|\n|-weather|Snow|[upkeep]\n|upkeep\n|turn|3\n|\n|t:|1700094005\n|move|p1a: Maushold|Bite|p2a: Gholdengo\n|-supereffective|p2a: Gholdengo\n|-crit|p2a: Gholdengo\n|-damage|p2a: Gholdengo|22\/100\n|-enditem|p2a: Gholdengo|Air Balloon\n|move|p2a: Gholdengo|Nasty Plot|p2a: Gholdengo\n|-boost|p2a: Gholdengo|spa|2\n|\n|-weather|Snow|[upkeep]\n|upkeep\n|turn|4\n|\n|t:|1700094053\n|switch|p1a: Alomomola|Alomomola, F, shiny|100\/100\n|move|p2a: Gholdengo|Psyshock|p1a: Alomomola\n|-damage|p1a: Alomomola|62\/100\n|\n|-weather|Snow|[upkeep]\n|upkeep\n|turn|5\n|inactive|Battle timer is ON: inactive players will automatically lose when time's up. (requested by andrewm0n)\n|\n|t:|1700094117\n|move|p2a: Gholdengo|Shadow Ball|p1a: Alomomola\n|-crit|p1a: Alomomola\n|-damage|p1a: Alomomola|0 fnt\n|faint|p1a: Alomomola\n|\n|-weather|none\n|upkeep\n|\n|t:|1700094126\n|switch|p1a: Dragapult|Dragapult, M, shiny|100\/100\n|turn|6\n|\n|t:|1700094130\n|move|p1a: Dragapult|Hex|p2a: Gholdengo\n|-supereffective|p2a: Gholdengo\n|-damage|p2a: Gholdengo|0 fnt\n|faint|p2a: Gholdengo\n|\n|upkeep\n|\n|t:|1700094144\n|switch|p2a: Kingambit|Kingambit, M|100\/100\n|-activate|p2a: Kingambit|ability: Supreme Overlord\n|-start|p2a: Kingambit|fallen1|[silent]\n|turn|7\n|\n|t:|1700094168\n|move|p1a: Dragapult|Will-O-Wisp|p2a: Kingambit\n|-status|p2a: Kingambit|brn\n|move|p2a: Kingambit|Kowtow Cleave|p1a: Dragapult\n|-supereffective|p1a: Dragapult\n|-crit|p1a: Dragapult\n|-damage|p1a: Dragapult|0 fnt\n|faint|p1a: Dragapult\n|\n|-damage|p2a: Kingambit|94\/100 brn|[from] brn\n|upkeep\n|\n|t:|1700094179\n|switch|p1a: Rillaboom|Rillaboom, M, shiny|100\/100\n|-fieldstart|move: Grassy Terrain|[from] ability: Grassy Surge|[of] p1a: Rillaboom\n|turn|8\n|\n|t:|1700094188\n|move|p1a: Rillaboom|Low Kick|p2a: Kingambit\n|-supereffective|p2a: Kingambit\n|-damage|p2a: Kingambit|27\/100 brn\n|move|p2a: Kingambit|Swords Dance|p2a: Kingambit\n|-boost|p2a: Kingambit|atk|2\n|\n|-heal|p2a: Kingambit|33\/100 brn|[from] Grassy Terrain\n|-heal|p2a: Kingambit|39\/100 brn|[from] item: Leftovers\n|-damage|p2a: Kingambit|33\/100 brn|[from] brn\n|-sideend|p2: bbones150|move: Aurora Veil\n|upkeep\n|turn|9\n|\n|t:|1700094193\n|switch|p1a: Maushold|Maushold-Four|100\/100\n|move|p2a: Kingambit|Kowtow Cleave|p1a: Maushold\n|-damage|p1a: Maushold|17\/100\n|\n|-heal|p1a: Maushold|24\/100|[from] Grassy Terrain\n|-heal|p2a: Kingambit|39\/100 brn|[from] Grassy Terrain\n|-heal|p2a: Kingambit|45\/100 brn|[from] item: Leftovers\n|-damage|p2a: Kingambit|39\/100 brn|[from] brn\n|upkeep\n|turn|10\n|\n|t:|1700094199\n|move|p2a: Kingambit|Sucker Punch|p1a: Maushold\n|-damage|p1a: Maushold|0 fnt\n|faint|p1a: Maushold\n|\n|-heal|p2a: Kingambit|45\/100 brn|[from] Grassy Terrain\n|-heal|p2a: Kingambit|52\/100 brn|[from] item: Leftovers\n|-damage|p2a: Kingambit|45\/100 brn|[from] brn\n|upkeep\n|\n|t:|1700094202\n|switch|p1a: Sneasler|Sneasler, M|100\/100\n|-enditem|p1a: Sneasler|Grassy Seed\n|-boost|p1a: Sneasler|def|1|[from] item: Grassy Seed\n|turn|11\n|inactive|bbones150 has 120 seconds left.\n|\n|t:|1700094241\n|move|p1a: Sneasler|Close Combat|p2a: Kingambit\n|-supereffective|p2a: Kingambit\n|-damage|p2a: Kingambit|0 fnt\n|-unboost|p1a: Sneasler|def|1\n|-unboost|p1a: Sneasler|spd|1\n|faint|p2a: Kingambit\n|-end|p2a: Kingambit|fallen1|[silent]\n|\n|upkeep\n|\n|t:|1700094271\n|switch|p2a: Cheese Demon|Mew|100\/100\n|turn|12\n|\n|t:|1700094282\n|-terastallize|p1a: Sneasler|Dark\n|move|p1a: Sneasler|Swords Dance|p1a: Sneasler\n|-boost|p1a: Sneasler|atk|2\n|move|p2a: Cheese Demon|Agility|p2a: Cheese Demon\n|-boost|p2a: Cheese Demon|spe|2\n|\n|-fieldend|move: Grassy Terrain\n|upkeep\n|turn|13\n|\n|t:|1700094288\n|-terastallize|p2a: Cheese Demon|Fairy\n|move|p1a: Sneasler|Night Slash|p2a: Cheese Demon\n|-resisted|p2a: Cheese Demon\n|-damage|p2a: Cheese Demon|67\/100\n|move|p2a: Cheese Demon|Agility|p2a: Cheese Demon\n|-boost|p2a: Cheese Demon|spe|2\n|\n|-heal|p2a: Cheese Demon|73\/100|[from] item: Leftovers\n|upkeep\n|turn|14\n|\n|t:|1700094298\n|move|p2a: Cheese Demon|Draining Kiss|p1a: Sneasler\n|-supereffective|p1a: Sneasler\n|-damage|p1a: Sneasler|0 fnt\n|-heal|p2a: Cheese Demon|100\/100|[from] drain|[of] p1a: Sneasler\n|faint|p1a: Sneasler\n|\n|upkeep\n|\n|t:|1700094305\n|switch|p1a: Ursaluna|Ursaluna, M, shiny|100\/100\n|turn|15\n|\n|t:|1700094318\n|switch|p2a: Salamence|Salamence, M|100\/100\n|move|p1a: Ursaluna|Protect||[still]\n|-fail|p1a: Ursaluna\n|\n|-status|p1a: Ursaluna|brn|[from] item: Flame Orb\n|upkeep\n|turn|16\n|\n|t:|1700094323\n|move|p2a: Salamence|Dual Wingbeat|p1a: Ursaluna\n|-crit|p1a: Ursaluna\n|-damage|p1a: Ursaluna|73\/100 brn\n|-damage|p1a: Ursaluna|56\/100 brn\n|-hitcount|p1a: Ursaluna|2\n|move|p1a: Ursaluna|Facade|p2a: Salamence\n|-damage|p2a: Salamence|0 fnt\n|faint|p2a: Salamence\n|\n|-damage|p1a: Ursaluna|50\/100 brn|[from] brn\n|upkeep\n|\n|t:|1700094328\n|switch|p2a: Ninetales|Ninetales-Alola, M|4\/100\n|-weather|Snow|[from] ability: Snow Warning|[of] p2a: Ninetales\n|turn|17\n|\n|t:|1700094336\n|move|p2a: Ninetales|Aurora Veil|p2a: Ninetales\n|-sidestart|p2: bbones150|move: Aurora Veil\n|move|p1a: Ursaluna|Facade|p2a: Ninetales\n|-damage|p2a: Ninetales|0 fnt\n|faint|p2a: Ninetales\n|\n|-weather|Snow|[upkeep]\n|-damage|p1a: Ursaluna|44\/100 brn|[from] brn\n|upkeep\n|\n|t:|1700094340\n|switch|p2a: Ogerpon|Ogerpon-Wellspring, F|100\/100\n|turn|18\n|\n|t:|1700094343\n|move|p2a: Ogerpon|Ivy Cudgel|p1a: Ursaluna|[anim] Ivy Cudgel Water\n|-supereffective|p1a: Ursaluna\n|-crit|p1a: Ursaluna\n|-damage|p1a: Ursaluna|0 fnt\n|faint|p1a: Ursaluna\n|\n|-weather|Snow|[upkeep]\n|upkeep\n|\n|t:|1700094345\n|switch|p1a: Rillaboom|Rillaboom, M, shiny|100\/100\n|-fieldstart|move: Grassy Terrain|[from] ability: Grassy Surge|[of] p1a: Rillaboom\n|turn|19\n|\n|t:|1700094348\n|move|p2a: Ogerpon|Swords Dance|p2a: Ogerpon\n|-boost|p2a: Ogerpon|atk|2\n|move|p1a: Rillaboom|Wood Hammer|p2a: Ogerpon\n|-damage|p2a: Ogerpon|28\/100\n|-damage|p1a: Rillaboom|79\/100|[from] Recoil\n|\n|-weather|Snow|[upkeep]\n|-heal|p2a: Ogerpon|34\/100|[from] Grassy Terrain\n|-heal|p1a: Rillaboom|86\/100|[from] Grassy Terrain\n|upkeep\n|turn|20\n|\n|t:|1700094355\n|move|p1a: Rillaboom|Grassy Glide|p2a: Ogerpon\n|-damage|p2a: Ogerpon|4\/100\n|move|p2a: Ogerpon|Power Whip|p1a: Rillaboom\n|-resisted|p1a: Rillaboom\n|-damage|p1a: Rillaboom|0 fnt\n|faint|p1a: Rillaboom\n|\n|win|bbones150\n|raw|andrewm0n's rating: 1471 &rarr; <strong>1446<\/strong><br \/>(-25 for losing)\n|raw|bbones150's rating: 1391 &rarr; <strong>1416<\/strong><br \/>(+25 for winning)\n|l|\u2606andrewm0n\n","uploadtime":1700094364,"views":11,"p1id":"andrewm0n","p2id":"bbones150","formatid":"gen9ou","rating":1416,"private":0,"password":""}