{"id":"gen9ou-1997960687","p1":"dr_poopie64","p2":"lupiit","format":"[Gen 9] OU","log":"|j|\u2606dr_poopie64\n|j|\u2606lupiit\n|t:|1700872468\n|gametype|singles\n|player|p1|dr_poopie64|drayden|1327\n|player|p2|lupiit|1|1235\n|teamsize|p1|6\n|teamsize|p2|6\n|gen|9\n|tier|[Gen 9] OU\n|rated|\n|rule|Sleep Clause Mod: Limit one foe put to sleep\n|rule|Species Clause: Limit one of each Pok\u00e9mon\n|rule|OHKO Clause: OHKO moves are banned\n|rule|Evasion Items Clause: Evasion items are banned\n|rule|Evasion Moves Clause: Evasion moves are banned\n|rule|Endless Battle Clause: Forcing endless battles is banned\n|rule|HP Percentage Mod: HP is shown in percentages\n|clearpoke\n|poke|p1|Samurott-Hisui, M|\n|poke|p1|Ceruledge, M|\n|poke|p1|Kingambit, M|\n|poke|p1|Gallade, M|\n|poke|p1|Haxorus, M|\n|poke|p1|Scizor, M|\n|poke|p2|Gengar, F|\n|poke|p2|Kingambit, F|\n|poke|p2|Garchomp, F|\n|poke|p2|Ribombee, F|\n|poke|p2|Kommo-o, F|\n|poke|p2|Gardevoir, M|\n|teampreview\n|inactive|Battle timer is ON: inactive players will automatically lose when time's up. (requested by lupiit)\n|\n|t:|1700872479\n|start\n|switch|p1a: Scizor|Scizor, M, shiny|100\/100\n|switch|p2a: Garchomp|Garchomp, F|100\/100\n|turn|1\n|\n|t:|1700872484\n|switch|p1a: Gallade|Gallade, M, shiny|100\/100\n|move|p2a: Garchomp|Stealth Rock|p1a: Gallade\n|-sidestart|p1: dr_poopie64|move: Stealth Rock\n|\n|upkeep\n|turn|2\n|\n|t:|1700872489\n|move|p1a: Gallade|Ice Punch|p2a: Garchomp\n|-supereffective|p2a: Garchomp\n|-damage|p2a: Garchomp|0 fnt\n|-damage|p1a: Gallade|88\/100|[from] ability: Rough Skin|[of] p2a: Garchomp\n|-damage|p1a: Gallade|72\/100|[from] item: Rocky Helmet|[of] p2a: Garchomp\n|faint|p2a: Garchomp\n|\n|upkeep\n|\n|t:|1700872495\n|switch|p2a: Ribombee|Ribombee, F|100\/100\n|turn|3\n|\n|t:|1700872503\n|move|p1a: Gallade|Ice Punch|p2a: Ribombee\n|-damage|p2a: Ribombee|55\/100\n|move|p2a: Ribombee|Quiver Dance|p2a: Ribombee\n|-boost|p2a: Ribombee|spa|1\n|-boost|p2a: Ribombee|spd|1\n|-boost|p2a: Ribombee|spe|1\n|\n|-heal|p2a: Ribombee|61\/100|[from] item: Leftovers\n|upkeep\n|turn|4\n|\n|t:|1700872510\n|switch|p1a: Scizor|Scizor, M, shiny|100\/100\n|-damage|p1a: Scizor|88\/100|[from] Stealth Rock\n|move|p2a: Ribombee|Moonblast|p1a: Scizor\n|-resisted|p1a: Scizor\n|-damage|p1a: Scizor|57\/100\n|\n|-heal|p2a: Ribombee|67\/100|[from] item: Leftovers\n|-heal|p1a: Scizor|63\/100|[from] item: Leftovers\n|upkeep\n|turn|5\n|\n|t:|1700872515\n|switch|p2a: Kingambit|Kingambit, F|100\/100\n|-item|p2a: Kingambit|Air Balloon\n|move|p1a: Scizor|Defog|p2a: Kingambit\n|-unboost|p2a: Kingambit|evasion|1\n|-ability|p2a: Kingambit|Defiant|boost\n|-boost|p2a: Kingambit|atk|2\n|-sideend|p1: dr_poopie64|Stealth Rock|[from] move: Defog|[of] p1a: Scizor\n|\n|-heal|p1a: Scizor|69\/100|[from] item: Leftovers\n|upkeep\n|turn|6\n|\n|t:|1700872522\n|move|p1a: Scizor|U-turn|p2a: Kingambit\n|-damage|p2a: Kingambit|80\/100\n|-enditem|p2a: Kingambit|Air Balloon\n|\n|t:|1700872527\n|switch|p1a: Gallade|Gallade, M, shiny|72\/100|[from] U-turn\n|move|p2a: Kingambit|Substitute|p2a: Kingambit\n|-start|p2a: Kingambit|Substitute\n|-damage|p2a: Kingambit|55\/100\n|\n|upkeep\n|turn|7\n|\n|t:|1700872533\n|move|p2a: Kingambit|Sucker Punch|p1a: Gallade\n|-crit|p1a: Gallade\n|-damage|p1a: Gallade|0 fnt\n|faint|p1a: Gallade\n|\n|upkeep\n|\n|t:|1700872553\n|switch|p1a: Kingambit|Kingambit, M|100\/100\n|-activate|p1a: Kingambit|ability: Supreme Overlord\n|-start|p1a: Kingambit|fallen1|[silent]\n|turn|8\n|\n|t:|1700872562\n|move|p1a: Kingambit|Kowtow Cleave|p2a: Kingambit\n|-resisted|p2a: Kingambit\n|-activate|p2a: Kingambit|move: Substitute|[damage]\n|move|p2a: Kingambit|Kowtow Cleave|p1a: Kingambit\n|-resisted|p1a: Kingambit\n|-damage|p1a: Kingambit|64\/100\n|\n|-heal|p1a: Kingambit|70\/100|[from] item: Leftovers\n|upkeep\n|turn|9\n|\n|t:|1700872567\n|move|p1a: Kingambit|Kowtow Cleave|p2a: Kingambit\n|-resisted|p2a: Kingambit\n|-end|p2a: Kingambit|Substitute\n|move|p2a: Kingambit|Substitute|p2a: Kingambit\n|-start|p2a: Kingambit|Substitute\n|-damage|p2a: Kingambit|30\/100\n|\n|-heal|p1a: Kingambit|76\/100|[from] item: Leftovers\n|upkeep\n|turn|10\n|\n|t:|1700872572\n|move|p1a: Kingambit|Kowtow Cleave|p2a: Kingambit\n|-resisted|p2a: Kingambit\n|-activate|p2a: Kingambit|move: Substitute|[damage]\n|move|p2a: Kingambit|Swords Dance|p2a: Kingambit\n|-boost|p2a: Kingambit|atk|2\n|\n|-heal|p1a: Kingambit|82\/100|[from] item: Leftovers\n|upkeep\n|turn|11\n|\n|t:|1700872574\n|move|p1a: Kingambit|Kowtow Cleave|p2a: Kingambit\n|-resisted|p2a: Kingambit\n|-end|p2a: Kingambit|Substitute\n|move|p2a: Kingambit|Kowtow Cleave|p1a: Kingambit\n|-resisted|p1a: Kingambit\n|-damage|p1a: Kingambit|30\/100\n|\n|-heal|p1a: Kingambit|36\/100|[from] item: Leftovers\n|upkeep\n|turn|12\n|\n|t:|1700872580\n|move|p1a: Kingambit|Kowtow Cleave|p2a: Kingambit\n|-resisted|p2a: Kingambit\n|-damage|p2a: Kingambit|9\/100\n|move|p2a: Kingambit|Kowtow Cleave|p1a: Kingambit\n|-resisted|p1a: Kingambit\n|-damage|p1a: Kingambit|0 fnt\n|faint|p1a: Kingambit\n|-end|p1a: Kingambit|fallen1|[silent]\n|\n|upkeep\n|\n|t:|1700872585\n|switch|p1a: Samurott|Samurott-Hisui, M, shiny|100\/100\n|turn|13\n|\n|t:|1700872589\n|move|p1a: Samurott|Aqua Jet|p2a: Kingambit\n|-damage|p2a: Kingambit|0 fnt\n|faint|p2a: Kingambit\n|\n|upkeep\n|\n|t:|1700872594\n|switch|p2a: Ribombee|Ribombee, F|67\/100\n|turn|14\n|\n|t:|1700872599\n|switch|p1a: Scizor|Scizor, M, shiny|69\/100\n|move|p2a: Ribombee|Quiver Dance|p2a: Ribombee\n|-boost|p2a: Ribombee|spa|1\n|-boost|p2a: Ribombee|spd|1\n|-boost|p2a: Ribombee|spe|1\n|\n|-heal|p2a: Ribombee|73\/100|[from] item: Leftovers\n|-heal|p1a: Scizor|75\/100|[from] item: Leftovers\n|upkeep\n|turn|15\n|\n|t:|1700872608\n|move|p1a: Scizor|Bullet Punch|p2a: Ribombee\n|-supereffective|p2a: Ribombee\n|-damage|p2a: Ribombee|0 fnt\n|faint|p2a: Ribombee\n|\n|-heal|p1a: Scizor|81\/100|[from] item: Leftovers\n|upkeep\n|\n|t:|1700872610\n|switch|p2a: Gardevoir|Gardevoir, M|100\/100\n|-ability|p2a: Gardevoir|Technician|[from] ability: Trace|[of] p1a: Scizor\n|turn|16\n|\n|t:|1700872631\n|-terastallize|p2a: Gardevoir|Dark\n|move|p1a: Scizor|Bullet Punch|p2a: Gardevoir\n|-damage|p2a: Gardevoir|71\/100\n|move|p2a: Gardevoir|Thunder Wave|p1a: Scizor\n|-status|p1a: Scizor|par\n|\n|-heal|p1a: Scizor|87\/100 par|[from] item: Leftovers\n|upkeep\n|turn|17\n|n|!dr_poopie64|drpoopie64\n|\n|t:|1700872638\n|switch|p2a: Gengar|Gengar, F|100\/100\n|move|p1a: Scizor|U-turn|p2a: Gengar\n|-resisted|p2a: Gengar\n|-damage|p2a: Gengar|85\/100\n|\n|t:|1700872648\n|switch|p1a: Samurott|Samurott-Hisui, M, shiny|100\/100|[from] U-turn\n|\n|-heal|p2a: Gengar|91\/100|[from] item: Black Sludge\n|upkeep\n|turn|18\n|\n|t:|1700872656\n|move|p2a: Gengar|Sludge Bomb|p1a: Samurott\n|-damage|p1a: Samurott|24\/100\n|move|p1a: Samurott|Ceaseless Edge|p2a: Gengar\n|-supereffective|p2a: Gengar\n|-damage|p2a: Gengar|0 fnt\n|-sidestart|p2: lupiit|Spikes\n|faint|p2a: Gengar\n|\n|upkeep\n|\n|t:|1700872658\n|switch|p2a: Kommo-o|Kommo-o, F|100\/100\n|-damage|p2a: Kommo-o|88\/100|[from] Spikes\n|turn|19\n|\n|t:|1700872672\n|move|p1a: Samurott|Ceaseless Edge|p2a: Kommo-o\n|-resisted|p2a: Kommo-o\n|-damage|p2a: Kommo-o|67\/100\n|-sidestart|p2: lupiit|Spikes\n|move|p2a: Kommo-o|Clangorous Soul|p2a: Kommo-o\n|-boost|p2a: Kommo-o|atk|1\n|-boost|p2a: Kommo-o|def|1\n|-boost|p2a: Kommo-o|spa|1\n|-boost|p2a: Kommo-o|spd|1\n|-boost|p2a: Kommo-o|spe|1\n|-damage|p2a: Kommo-o|34\/100\n|\n|-heal|p2a: Kommo-o|40\/100|[from] item: Leftovers\n|upkeep\n|turn|20\n|\n|t:|1700872680\n|move|p1a: Samurott|Aqua Jet|p2a: Kommo-o\n|-resisted|p2a: Kommo-o\n|-damage|p2a: Kommo-o|35\/100\n|move|p2a: Kommo-o|Substitute|p2a: Kommo-o\n|-start|p2a: Kommo-o|Substitute\n|-damage|p2a: Kommo-o|10\/100\n|\n|-heal|p2a: Kommo-o|16\/100|[from] item: Leftovers\n|upkeep\n|turn|21\n|\n|t:|1700872687\n|move|p2a: Kommo-o|Clanging Scales|p1a: Samurott\n|-damage|p1a: Samurott|0 fnt\n|faint|p1a: Samurott\n|-unboost|p2a: Kommo-o|def|1\n|\n|-heal|p2a: Kommo-o|22\/100|[from] item: Leftovers\n|upkeep\n|\n|t:|1700872696\n|switch|p1a: Ceruledge|Ceruledge, M, shiny|100\/100\n|turn|22\n|\n|t:|1700872701\n|move|p2a: Kommo-o|Clanging Scales|p1a: Ceruledge\n|-damage|p1a: Ceruledge|13\/100\n|-unboost|p2a: Kommo-o|def|1\n|move|p1a: Ceruledge|Poltergeist|p2a: Kommo-o\n|-activate|p2a: Kommo-o|move: Poltergeist|Leftovers\n|-end|p2a: Kommo-o|Substitute\n|\n|-heal|p2a: Kommo-o|28\/100|[from] item: Leftovers\n|upkeep\n|turn|23\n|\n|t:|1700872705\n|move|p1a: Ceruledge|Shadow Sneak|p2a: Kommo-o\n|-damage|p2a: Kommo-o|0 fnt\n|faint|p2a: Kommo-o\n|\n|upkeep\n|-message|lupiit forfeited.\n|\n|win|dr_poopie64\n|raw|dr_poopie64's rating: 1327 &rarr; <strong>1342<\/strong><br \/>(+15 for winning)\n|raw|lupiit's rating: 1235 &rarr; <strong>1216<\/strong><br \/>(-19 for losing)\n","uploadtime":1700872639,"views":3,"p1id":"drpoopie64","p2id":"lupiit","formatid":"gen9ou","rating":1216,"private":0,"password":""}