{"id":"gen9ou-1996770198","p1":"dogwearingdurag","p2":"don japer","format":"[Gen 9] OU","log":"|j|\u2606dogwearingdurag\n|j|\u2606don japer\n|t:|1700722346\n|gametype|singles\n|player|p1|dogwearingdurag|swimmer-gen4|1472\n|player|p2|don japer|psychic-gen2|1546\n|teamsize|p1|6\n|teamsize|p2|6\n|gen|9\n|tier|[Gen 9] OU\n|rated|\n|rule|Sleep Clause Mod: Limit one foe put to sleep\n|rule|Species Clause: Limit one of each Pok\u00e9mon\n|rule|OHKO Clause: OHKO moves are banned\n|rule|Evasion Items Clause: Evasion items are banned\n|rule|Evasion Moves Clause: Evasion moves are banned\n|rule|Endless Battle Clause: Forcing endless battles is banned\n|rule|HP Percentage Mod: HP is shown in percentages\n|clearpoke\n|poke|p1|Zapdos|\n|poke|p1|Gholdengo|\n|poke|p1|Milotic, M|\n|poke|p1|Great Tusk|\n|poke|p1|Dragapult, M|\n|poke|p1|Thundurus-Therian, M|\n|poke|p2|Iron Valiant|\n|poke|p2|Landorus-Therian, M|\n|poke|p2|Slowking-Galar, F|\n|poke|p2|Cinderace, F|\n|poke|p2|Greninja-*, M|\n|poke|p2|Meowscarada, F|\n|teampreview\n|inactive|Battle timer is ON: inactive players will automatically lose when time's up. (requested by dogwearingdurag)\n|inactive|dogwearingdurag has 120 seconds left.\n|\n|t:|1700722382\n|start\n|switch|p1a: Dragapult|Dragapult, M|100\/100\n|switch|p2a: rodney|Cinderace, F|100\/100\n|turn|1\n|\n|t:|1700722384\n|move|p2a: rodney|Sucker Punch|p1a: Dragapult\n|-start|p2a: rodney|typechange|Dark|[from] ability: Libero\n|-supereffective|p1a: Dragapult\n|-damage|p1a: Dragapult|6\/100\n|move|p1a: Dragapult|U-turn|p2a: rodney\n|-supereffective|p2a: rodney\n|-damage|p2a: rodney|33\/100\n|\n|t:|1700722402\n|switch|p1a: Milotic|Milotic, M|100\/100|[from] U-turn\n|\n|upkeep\n|turn|2\n|\n|t:|1700722404\n|move|p2a: rodney|U-turn|p1a: Milotic\n|-damage|p1a: Milotic|77\/100\n|\n|t:|1700722405\n|switch|p2a: dr dome|Slowking-Galar, F|100\/100|[from] U-turn\n|move|p1a: Milotic|Scald|p2a: dr dome\n|-damage|p2a: dr dome|85\/100\n|\n|-heal|p1a: Milotic|83\/100|[from] item: Leftovers\n|upkeep\n|turn|3\n|\n|t:|1700722410\n|switch|p1a: Gholdengo|Gholdengo|100\/100\n|-item|p1a: Gholdengo|Air Balloon\n|move|p2a: dr dome|Future Sight|p1a: Gholdengo\n|-start|p2a: dr dome|move: Future Sight\n|\n|upkeep\n|turn|4\n|\n|t:|1700722414\n|move|p1a: Gholdengo|Shadow Ball|p2a: dr dome\n|-supereffective|p2a: dr dome\n|-damage|p2a: dr dome|34\/100\n|move|p2a: dr dome|Chilly Reception|p2a: dr dome\n|-weather|Snow\n|\n|t:|1700722422\n|switch|p2a: janice|Meowscarada, F|100\/100|[from] Chilly Reception\n|\n|-weather|Snow|[upkeep]\n|upkeep\n|turn|5\n|\n|t:|1700722441\n|switch|p1a: Zapdos|Zapdos|100\/100\n|move|p2a: janice|Knock Off|p1a: Zapdos\n|-start|p2a: janice|typechange|Dark|[from] ability: Protean\n|-damage|p1a: Zapdos|53\/100\n|-enditem|p1a: Zapdos|Heavy-Duty Boots|[from] move: Knock Off|[of] p2a: janice\n|\n|-weather|Snow|[upkeep]\n|-end|p1a: Zapdos|move: Future Sight\n|-damage|p1a: Zapdos|10\/100\n|upkeep\n|turn|6\n|\n|t:|1700722452\n|move|p2a: janice|Knock Off|p1a: Zapdos\n|-damage|p1a: Zapdos|0 fnt\n|faint|p1a: Zapdos\n|\n|-weather|Snow|[upkeep]\n|upkeep\n|c|\u2606dogwearingdurag|damn wp\n|c|\u2606don japer|it was scary\n|c|\u2606dogwearingdurag|insane positioning\n|c|\u2606don japer|i said he should go zap\n|c|\u2606don japer|in my head\n|inactive|dogwearingdurag has 120 seconds left.\n|\n|t:|1700722490\n|switch|p1a: Dragapult|Dragapult, M|6\/100\n|turn|7\n|\n|t:|1700722497\n|switch|p2a: doggy :)|Landorus-Therian, M, shiny|100\/100\n|-ability|p2a: doggy :)|Intimidate|boost\n|-unboost|p1a: Dragapult|atk|1\n|move|p1a: Dragapult|U-turn|p2a: doggy :)\n|-resisted|p2a: doggy :)\n|-damage|p2a: doggy :)|95\/100\n|-damage|p1a: Dragapult|0 fnt|[from] item: Rocky Helmet|[of] p2a: doggy :)\n|faint|p1a: Dragapult\n|\n|-weather|Snow|[upkeep]\n|upkeep\n|\n|t:|1700722502\n|switch|p1a: Thundurus|Thundurus-Therian, M|100\/100\n|turn|8\n|\n|t:|1700722506\n|-terastallize|p1a: Thundurus|Flying\n|move|p1a: Thundurus|Tera Blast|p2a: doggy :)|[anim] Tera Blast Flying\n|-damage|p2a: doggy :)|0 fnt\n|faint|p2a: doggy :)\n|\n|-weather|none\n|upkeep\n|\n|t:|1700722517\n|switch|p2a: dr dome|Slowking-Galar, F|67\/100\n|turn|9\n|\n|t:|1700722519\n|move|p1a: Thundurus|Tera Blast|p2a: dr dome|[anim] Tera Blast Flying\n|-damage|p2a: dr dome|8\/100\n|move|p2a: dr dome|Ice Beam|p1a: Thundurus\n|-supereffective|p1a: Thundurus\n|-damage|p1a: Thundurus|42\/100\n|\n|upkeep\n|turn|10\n|\n|t:|1700722523\n|move|p1a: Thundurus|Tera Blast|p2a: dr dome|[anim] Tera Blast Flying\n|-damage|p2a: dr dome|0 fnt\n|faint|p2a: dr dome\n|\n|upkeep\n|\n|t:|1700722532\n|switch|p2a: sharon|Iron Valiant|100\/100\n|-enditem|p2a: sharon|Booster Energy\n|-activate|p2a: sharon|ability: Quark Drive|[fromitem]\n|-start|p2a: sharon|quarkdrivespe\n|turn|11\n|\n|t:|1700722536\n|switch|p1a: Milotic|Milotic, M|83\/100\n|-terastallize|p2a: sharon|Fairy\n|move|p2a: sharon|Calm Mind|p2a: sharon\n|-boost|p2a: sharon|spa|1\n|-boost|p2a: sharon|spd|1\n|\n|-heal|p1a: Milotic|89\/100|[from] item: Leftovers\n|upkeep\n|turn|12\n|\n|t:|1700722538\n|move|p2a: sharon|Thunderbolt|p1a: Milotic\n|-supereffective|p1a: Milotic\n|-damage|p1a: Milotic|40\/100\n|-status|p1a: Milotic|par\n|cant|p1a: Milotic|par\n|\n|-heal|p1a: Milotic|46\/100 par|[from] item: Leftovers\n|upkeep\n|turn|13\n|\n|t:|1700722540\n|move|p2a: sharon|Thunderbolt|p1a: Milotic\n|-supereffective|p1a: Milotic\n|-damage|p1a: Milotic|0 fnt\n|faint|p1a: Milotic\n|\n|upkeep\n|\n|t:|1700722542\n|switch|p1a: Gholdengo|Gholdengo|100\/100\n|-item|p1a: Gholdengo|Air Balloon\n|turn|14\n|\n|t:|1700722544\n|move|p2a: sharon|Shadow Ball|p1a: Gholdengo\n|-supereffective|p1a: Gholdengo\n|-damage|p1a: Gholdengo|25\/100\n|-enditem|p1a: Gholdengo|Air Balloon\n|move|p1a: Gholdengo|Make It Rain|p2a: sharon\n|-supereffective|p2a: sharon\n|-damage|p2a: sharon|0 fnt\n|-unboost|p1a: Gholdengo|spa|1\n|faint|p2a: sharon\n|-end|p2a: sharon|Quark Drive|[silent]\n|\n|upkeep\n|\n|t:|1700722546\n|switch|p2a: rick roll'em|Greninja, M|100\/100\n|turn|15\n|\n|t:|1700722551\n|move|p2a: rick roll'em|Dark Pulse|p1a: Gholdengo\n|-supereffective|p1a: Gholdengo\n|-damage|p1a: Gholdengo|0 fnt\n|faint|p1a: Gholdengo\n|-ability|p2a: rick roll'em|Battle Bond|boost\n|-boost|p2a: rick roll'em|atk|1\n|-boost|p2a: rick roll'em|spa|1\n|-boost|p2a: rick roll'em|spe|1\n|-activate|p2a: rick roll'em|ability: Battle Bond\n|-damage|p2a: rick roll'em|91\/100|[from] item: Life Orb\n|\n|upkeep\n|\n|t:|1700722552\n|switch|p1a: Great Tusk|Great Tusk|100\/100\n|turn|16\n|\n|t:|1700722554\n|move|p2a: rick roll'em|Hydro Pump|p1a: Great Tusk|[miss]\n|-miss|p2a: rick roll'em|p1a: Great Tusk\n|move|p1a: Great Tusk|Headlong Rush|p2a: rick roll'em\n|-damage|p2a: rick roll'em|1\/100\n|-unboost|p1a: Great Tusk|def|1\n|-unboost|p1a: Great Tusk|spd|1\n|\n|upkeep\n|turn|17\n|\n|t:|1700722556\n|move|p2a: rick roll'em|Hydro Pump|p1a: Great Tusk\n|-supereffective|p1a: Great Tusk\n|-damage|p1a: Great Tusk|0 fnt\n|faint|p1a: Great Tusk\n|-end|p1a: Great Tusk|Protosynthesis|[silent]\n|-damage|p2a: rick roll'em|0 fnt|[from] item: Life Orb\n|faint|p2a: rick roll'em\n|\n|upkeep\n|\n|t:|1700722560\n|switch|p2a: janice|Meowscarada, F|100\/100\n|switch|p1a: Thundurus|Thundurus-Therian, M, tera:Flying|42\/100\n|turn|18\n|\n|t:|1700722562\n|move|p2a: janice|Knock Off|p1a: Thundurus\n|-start|p2a: janice|typechange|Dark|[from] ability: Protean\n|-damage|p1a: Thundurus|0 fnt\n|-enditem|p1a: Thundurus|Choice Specs|[from] move: Knock Off|[of] p2a: janice\n|faint|p1a: Thundurus\n|\n|win|don japer\n|raw|dogwearingdurag's rating: 1472 &rarr; <strong>1456<\/strong><br \/>(-16 for losing)\n|raw|don japer's rating: 1546 &rarr; <strong>1562<\/strong><br \/>(+16 for winning)\n|l|\u2606dogwearingdurag\n|c|\u2606don japer|gg\n","uploadtime":1700722573,"views":7,"p1id":"dogwearingdurag","p2id":"donjaper","formatid":"gen9ou","rating":1456,"private":0,"password":""}