{"id":"gen9ou-1995443014","p1":"Yahiko96","p2":"xnckkc","format":"[Gen 9] OU","log":"|j|\u203dYahiko96\n|j|\u2606xnckkc\n|t:|1700571359\n|gametype|singles\n|player|p1|Yahiko96|lucian|1105\n|player|p2|xnckkc|170|1140\n|teamsize|p1|6\n|teamsize|p2|6\n|gen|9\n|tier|[Gen 9] OU\n|rated|\n|rule|Sleep Clause Mod: Limit one foe put to sleep\n|rule|Species Clause: Limit one of each Pok\u00e9mon\n|rule|OHKO Clause: OHKO moves are banned\n|rule|Evasion Items Clause: Evasion items are banned\n|rule|Evasion Moves Clause: Evasion moves are banned\n|rule|Endless Battle Clause: Forcing endless battles is banned\n|rule|HP Percentage Mod: HP is shown in percentages\n|clearpoke\n|poke|p1|Dragapult, M|\n|poke|p1|Toxapex, F|\n|poke|p1|Ninetales-Alola, M|\n|poke|p1|Dragonite, F|\n|poke|p1|Kingambit, F|\n|poke|p1|Iron Moth|\n|poke|p2|Dragapult, F|\n|poke|p2|Greninja-*, M|\n|poke|p2|Great Tusk|\n|poke|p2|Arcanine-Hisui, F|\n|poke|p2|Slowking-Galar, F|\n|poke|p2|Cinderace, F|\n|teampreview\n|inactive|Battle timer is ON: inactive players will automatically lose when time's up. (requested by xnckkc)\n|\n|t:|1700571366\n|start\n|switch|p1a: Ninetales|Ninetales-Alola, M|100\/100\n|switch|p2a: Slowking|Slowking-Galar, F|100\/100\n|-weather|Snow|[from] ability: Snow Warning|[of] p1a: Ninetales\n|turn|1\n|\n|t:|1700571369\n|move|p1a: Ninetales|Aurora Veil|p1a: Ninetales\n|-sidestart|p1: Yahiko96|move: Aurora Veil\n|move|p2a: Slowking|Future Sight|p1a: Ninetales\n|-start|p2a: Slowking|move: Future Sight\n|\n|-weather|Snow|[upkeep]\n|upkeep\n|turn|2\n|\n|t:|1700571372\n|move|p1a: Ninetales|Encore|p2a: Slowking\n|-start|p2a: Slowking|Encore\n|move|p2a: Slowking|Future Sight||[still]\n|-fail|p2a: Slowking\n|\n|-weather|Snow|[upkeep]\n|upkeep\n|turn|3\n|\n|t:|1700571375\n|switch|p1a: Kingambit|Kingambit, F|100\/100\n|switch|p2a: Cinderace|Cinderace, F|100\/100\n|\n|-weather|Snow|[upkeep]\n|-end|p1a: Kingambit|move: Future Sight\n|-immune|p1a: Kingambit\n|upkeep\n|turn|4\n|\n|t:|1700571380\n|-end|p1a: Kingambit|fallenundefined|[silent]\n|switch|p1a: Toxapex|Toxapex, F|100\/100\n|move|p2a: Cinderace|Court Change|p2a: Cinderace\n|-start|p2a: Cinderace|typechange|Normal|[from] ability: Libero\n|-swapsideconditions\n|-activate|p2a: Cinderace|move: Court Change\n|\n|-weather|Snow|[upkeep]\n|upkeep\n|turn|5\n|\n|t:|1700571385\n|move|p2a: Cinderace|U-turn|p1a: Toxapex\n|-resisted|p1a: Toxapex\n|-damage|p1a: Toxapex|94\/100\n|\n|t:|1700571388\n|switch|p2a: Slowking|Slowking-Galar, F|100\/100|[from] U-turn\n|move|p1a: Toxapex|Haze|p1a: Toxapex\n|-clearallboost\n|\n|-weather|none\n|-heal|p1a: Toxapex|99\/100|[from] item: Black Sludge\n|upkeep\n|turn|6\n|\n|t:|1700571400\n|switch|p1a: Ninetales|Ninetales-Alola, M|100\/100\n|-weather|Snow|[from] ability: Snow Warning|[of] p1a: Ninetales\n|move|p2a: Slowking|Future Sight|p1a: Ninetales\n|-start|p2a: Slowking|move: Future Sight\n|\n|-weather|Snow|[upkeep]\n|upkeep\n|turn|7\n|\n|t:|1700571405\n|move|p1a: Ninetales|Aurora Veil|p1a: Ninetales\n|-sidestart|p1: Yahiko96|move: Aurora Veil\n|move|p2a: Slowking|Toxic|p1a: Ninetales\n|-status|p1a: Ninetales|tox\n|\n|-weather|Snow|[upkeep]\n|-damage|p1a: Ninetales|95\/100 tox|[from] psn\n|upkeep\n|turn|8\n|\n|t:|1700571408\n|move|p1a: Ninetales|Encore|p2a: Slowking\n|-start|p2a: Slowking|Encore\n|move|p2a: Slowking|Toxic|p1a: Ninetales\n|-fail|p1a: Ninetales|tox\n|\n|-weather|Snow|[upkeep]\n|-end|p1a: Ninetales|move: Future Sight\n|-damage|p1a: Ninetales|67\/100 tox\n|-damage|p1a: Ninetales|56\/100 tox|[from] psn\n|-sideend|p2: xnckkc|move: Aurora Veil\n|upkeep\n|turn|9\n|\n|t:|1700571415\n|switch|p1a: Kingambit|Kingambit, F|100\/100\n|switch|p2a: Cinderace|Cinderace, F|100\/100\n|\n|-weather|Snow|[upkeep]\n|upkeep\n|turn|10\n|\n|t:|1700571424\n|-terastallize|p1a: Kingambit|Dark\n|move|p2a: Cinderace|Pyro Ball|p1a: Kingambit\n|-damage|p1a: Kingambit|74\/100\n|move|p1a: Kingambit|Swords Dance|p1a: Kingambit\n|-boost|p1a: Kingambit|atk|2\n|\n|-weather|none\n|upkeep\n|turn|11\n|\n|t:|1700571432\n|move|p2a: Cinderace|Court Change|p2a: Cinderace\n|-start|p2a: Cinderace|typechange|Normal|[from] ability: Libero\n|-swapsideconditions\n|-activate|p2a: Cinderace|move: Court Change\n|move|p1a: Kingambit|Kowtow Cleave|p2a: Cinderace\n|-damage|p2a: Cinderace|0 fnt\n|faint|p2a: Cinderace\n|\n|upkeep\n|inactive|xnckkc has 120 seconds left.\n|\n|t:|1700571464\n|switch|p2a: Great Tusk|Great Tusk|100\/100\n|-enditem|p2a: Great Tusk|Booster Energy\n|-activate|p2a: Great Tusk|ability: Protosynthesis|[fromitem]\n|-start|p2a: Great Tusk|protosynthesisatk\n|turn|12\n|\n|t:|1700571476\n|move|p1a: Kingambit|Sucker Punch|p2a: Great Tusk\n|-resisted|p2a: Great Tusk\n|-damage|p2a: Great Tusk|76\/100\n|move|p2a: Great Tusk|Earthquake|p1a: Kingambit\n|-damage|p1a: Kingambit|16\/100\n|\n|upkeep\n|turn|13\n|\n|t:|1700571484\n|move|p2a: Great Tusk|Ice Spinner|p1a: Kingambit\n|-damage|p1a: Kingambit|0 fnt\n|faint|p1a: Kingambit\n|-end|p1a: Kingambit|fallenundefined|[silent]\n|\n|upkeep\n|\n|t:|1700571487\n|switch|p1a: Ninetales|Ninetales-Alola, M|56\/100 tox\n|-weather|Snow|[from] ability: Snow Warning|[of] p1a: Ninetales\n|turn|14\n|\n|t:|1700571493\n|move|p1a: Ninetales|Aurora Veil|p1a: Ninetales\n|-sidestart|p1: Yahiko96|move: Aurora Veil\n|move|p2a: Great Tusk|Earthquake|p1a: Ninetales\n|-damage|p1a: Ninetales|23\/100 tox\n|\n|-weather|Snow|[upkeep]\n|-damage|p1a: Ninetales|17\/100 tox|[from] psn\n|-sideend|p2: xnckkc|move: Aurora Veil\n|upkeep\n|turn|15\n|\n|t:|1700571497\n|-end|p2a: Great Tusk|Protosynthesis|[silent]\n|switch|p2a: Slowking|Slowking-Galar, F|100\/100\n|move|p1a: Ninetales|Moonblast|p2a: Slowking\n|-resisted|p2a: Slowking\n|-damage|p2a: Slowking|88\/100\n|-unboost|p2a: Slowking|spa|1\n|\n|-weather|Snow|[upkeep]\n|-heal|p2a: Slowking|94\/100|[from] item: Leftovers\n|-damage|p1a: Ninetales|5\/100 tox|[from] psn\n|upkeep\n|turn|16\n|\n|t:|1700571502\n|move|p1a: Ninetales|Moonblast|p2a: Slowking\n|-resisted|p2a: Slowking\n|-damage|p2a: Slowking|84\/100\n|move|p2a: Slowking|Future Sight|p1a: Ninetales\n|-start|p2a: Slowking|move: Future Sight\n|\n|-weather|Snow|[upkeep]\n|-heal|p2a: Slowking|90\/100|[from] item: Leftovers\n|-damage|p1a: Ninetales|0 fnt|[from] psn\n|faint|p1a: Ninetales\n|upkeep\n|\n|t:|1700571506\n|switch|p1a: Dragapult|Dragapult, M|100\/100\n|turn|17\n|\n|t:|1700571512\n|move|p1a: Dragapult|U-turn|p2a: Slowking\n|-damage|p2a: Slowking|65\/100\n|\n|t:|1700571515\n|switch|p1a: Toxapex|Toxapex, F|100\/100|[from] U-turn\n|move|p2a: Slowking|Chilly Reception|p2a: Slowking\n|\n|t:|1700571523\n|switch|p2a: Great Tusk|Great Tusk|76\/100|[from] Chilly Reception\n|\n|-weather|Snow|[upkeep]\n|upkeep\n|turn|18\n|\n|t:|1700571527\n|move|p1a: Toxapex|Protect|p1a: Toxapex\n|-singleturn|p1a: Toxapex|Protect\n|move|p2a: Great Tusk|Stealth Rock|p1a: Toxapex\n|-sidestart|p1: Yahiko96|move: Stealth Rock\n|\n|-weather|none\n|-end|p1a: Toxapex|move: Future Sight\n|-supereffective|p1a: Toxapex\n|-damage|p1a: Toxapex|65\/100\n|-heal|p1a: Toxapex|71\/100|[from] item: Black Sludge\n|upkeep\n|turn|19\n|\n|t:|1700571541\n|move|p2a: Great Tusk|Earthquake|p1a: Toxapex\n|-supereffective|p1a: Toxapex\n|-damage|p1a: Toxapex|41\/100\n|move|p1a: Toxapex|Chilling Water|p2a: Great Tusk\n|-supereffective|p2a: Great Tusk\n|-damage|p2a: Great Tusk|40\/100\n|-unboost|p2a: Great Tusk|atk|1\n|\n|-heal|p1a: Toxapex|48\/100|[from] item: Black Sludge\n|upkeep\n|turn|20\n|\n|t:|1700571552\n|-terastallize|p2a: Great Tusk|Ground\n|move|p2a: Great Tusk|Earthquake|p1a: Toxapex\n|-supereffective|p1a: Toxapex\n|-damage|p1a: Toxapex|19\/100\n|move|p1a: Toxapex|Toxic|p2a: Great Tusk\n|-status|p2a: Great Tusk|tox\n|\n|-heal|p1a: Toxapex|25\/100|[from] item: Black Sludge\n|-damage|p2a: Great Tusk|34\/100 tox|[from] psn\n|upkeep\n|turn|21\n|\n|t:|1700571561\n|switch|p1a: Dragonite|Dragonite, F|100\/100\n|move|p2a: Great Tusk|Earthquake|p1a: Dragonite\n|-immune|p1a: Dragonite\n|\n|-damage|p2a: Great Tusk|22\/100 tox|[from] psn\n|-sideend|p1: Yahiko96|move: Aurora Veil\n|upkeep\n|turn|22\n|\n|t:|1700571567\n|move|p1a: Dragonite|Extreme Speed|p2a: Great Tusk\n|-damage|p2a: Great Tusk|2\/100 tox\n|move|p2a: Great Tusk|Ice Spinner|p1a: Dragonite\n|-supereffective|p1a: Dragonite\n|-damage|p1a: Dragonite|21\/100\n|\n|-damage|p2a: Great Tusk|0 fnt|[from] psn\n|faint|p2a: Great Tusk\n|-end|p2a: Great Tusk|Protosynthesis|[silent]\n|upkeep\n|\n|t:|1700571577\n|switch|p2a: Dragapult|Dragapult, F|100\/100\n|turn|23\n|\n|t:|1700571581\n|move|p2a: Dragapult|Draco Meteor|p1a: Dragonite\n|-supereffective|p1a: Dragonite\n|-damage|p1a: Dragonite|0 fnt\n|-unboost|p2a: Dragapult|spa|2\n|faint|p1a: Dragonite\n|\n|upkeep\n|\n|t:|1700571585\n|switch|p1a: Iron Moth|Iron Moth|100\/100\n|-damage|p1a: Iron Moth|76\/100|[from] Stealth Rock\n|-enditem|p1a: Iron Moth|Booster Energy\n|-activate|p1a: Iron Moth|ability: Quark Drive|[fromitem]\n|-start|p1a: Iron Moth|quarkdrivespa\n|turn|24\n|\n|t:|1700571590\n|move|p2a: Dragapult|Draco Meteor|p1a: Iron Moth\n|-crit|p1a: Iron Moth\n|-damage|p1a: Iron Moth|0 fnt\n|-unboost|p2a: Dragapult|spa|2\n|faint|p1a: Iron Moth\n|-end|p1a: Iron Moth|Quark Drive|[silent]\n|\n|upkeep\n|\n|t:|1700571595\n|switch|p1a: Dragapult|Dragapult, M|100\/100\n|-damage|p1a: Dragapult|88\/100|[from] Stealth Rock\n|turn|25\n|\n|t:|1700571598\n|move|p2a: Dragapult|Draco Meteor|p1a: Dragapult\n|-supereffective|p1a: Dragapult\n|-damage|p1a: Dragapult|10\/100\n|-unboost|p2a: Dragapult|spa|2\n|move|p1a: Dragapult|Dragon Darts|p2a: Dragapult\n|-supereffective|p2a: Dragapult\n|-damage|p2a: Dragapult|26\/100\n|-anim|p1a: Dragapult|Dragon Darts|p2a: Dragapult\n|-supereffective|p2a: Dragapult\n|-crit|p2a: Dragapult\n|-damage|p2a: Dragapult|0 fnt\n|faint|p2a: Dragapult\n|\n|upkeep\n|\n|t:|1700571602\n|switch|p2a: Greninja|Greninja, M|100\/100\n|turn|26\n|\n|t:|1700571604\n|move|p2a: Greninja|Water Shuriken|p1a: Dragapult\n|-resisted|p1a: Dragapult\n|-damage|p1a: Dragapult|6\/100\n|-resisted|p1a: Dragapult\n|-damage|p1a: Dragapult|1\/100\n|-hitcount|p1a: Dragapult|2\n|move|p1a: Dragapult|U-turn|p2a: Greninja\n|-supereffective|p2a: Greninja\n|-damage|p2a: Greninja|15\/100\n|\n|t:|1700571606\n|switch|p1a: Toxapex|Toxapex, F|59\/100|[from] U-turn\n|-damage|p1a: Toxapex|46\/100|[from] Stealth Rock\n|\n|-heal|p1a: Toxapex|52\/100|[from] item: Black Sludge\n|upkeep\n|turn|27\n|\n|t:|1700571610\n|switch|p2a: Slowking|Slowking-Galar, F|65\/100\n|move|p1a: Toxapex|Protect||[still]\n|-fail|p1a: Toxapex\n|\n|-heal|p1a: Toxapex|59\/100|[from] item: Black Sludge\n|-heal|p2a: Slowking|71\/100|[from] item: Leftovers\n|upkeep\n|turn|28\n|\n|t:|1700571613\n|move|p1a: Toxapex|Chilling Water|p2a: Slowking\n|-damage|p2a: Slowking|65\/100\n|-unboost|p2a: Slowking|atk|1\n|move|p2a: Slowking|Future Sight|p1a: Toxapex\n|-start|p2a: Slowking|move: Future Sight\n|\n|-heal|p1a: Toxapex|65\/100|[from] item: Black Sludge\n|-heal|p2a: Slowking|71\/100|[from] item: Leftovers\n|upkeep\n|turn|29\n|\n|t:|1700571620\n|move|p1a: Toxapex|Chilling Water|p2a: Slowking\n|-crit|p2a: Slowking\n|-damage|p2a: Slowking|59\/100\n|-unboost|p2a: Slowking|atk|1\n|move|p2a: Slowking|Chilly Reception|p2a: Slowking\n|-weather|Snow\n|\n|t:|1700571623\n|switch|p2a: Arcanine|Arcanine-Hisui, F|100\/100|[from] Chilly Reception\n|\n|-weather|Snow|[upkeep]\n|-heal|p1a: Toxapex|71\/100|[from] item: Black Sludge\n|upkeep\n|turn|30\n|\n|t:|1700571627\n|move|p1a: Toxapex|Protect|p1a: Toxapex\n|-singleturn|p1a: Toxapex|Protect\n|move|p2a: Arcanine|Head Smash|p1a: Toxapex\n|-activate|p1a: Toxapex|move: Protect\n|\n|-weather|Snow|[upkeep]\n|-end|p1a: Toxapex|move: Future Sight\n|-supereffective|p1a: Toxapex\n|-damage|p1a: Toxapex|0 fnt\n|faint|p1a: Toxapex\n|upkeep\n|\n|t:|1700571629\n|switch|p1a: Dragapult|Dragapult, M|1\/100\n|-damage|p1a: Dragapult|0 fnt|[from] Stealth Rock\n|faint|p1a: Dragapult\n|\n|win|xnckkc\n|raw|Yahiko96's rating: 1105 &rarr; <strong>1083<\/strong><br \/>(-22 for losing)\n|raw|xnckkc's rating: 1140 &rarr; <strong>1162<\/strong><br \/>(+22 for winning)\n|l|\u203dYahiko96\n","uploadtime":1700571654,"views":5,"p1id":"yahiko96","p2id":"xnckkc","formatid":"gen9ou","rating":1083,"private":0,"password":""}