{"id":"gen9ou-1989064400","p1":"LupinoFTW","p2":"Rookie the Wolf","format":"[Gen 9] OU","log":"|j|\u2606LupinoFTW\n|j|\u2606Rookie the Wolf\n|t:|1699808252\n|gametype|singles\n|player|p1|LupinoFTW|blaine|\n|player|p2|Rookie the Wolf|benga|\n|teamsize|p1|6\n|teamsize|p2|6\n|gen|9\n|tier|[Gen 9] OU\n|rule|Sleep Clause Mod: Limit one foe put to sleep\n|rule|Species Clause: Limit one of each Pok\u00e9mon\n|rule|OHKO Clause: OHKO moves are banned\n|rule|Evasion Items Clause: Evasion items are banned\n|rule|Evasion Moves Clause: Evasion moves are banned\n|rule|Endless Battle Clause: Forcing endless battles is banned\n|rule|HP Percentage Mod: HP is shown in percentages\n|clearpoke\n|poke|p1|Kingambit, F|\n|poke|p1|Infernape, F|\n|poke|p1|Tauros-Paldea-Aqua, M|\n|poke|p1|Weezing, F|\n|poke|p1|Clefable, F|\n|poke|p1|Sandy Shocks|\n|poke|p2|Wo-Chien|\n|poke|p2|Tinkaton, F|\n|poke|p2|Zapdos|\n|poke|p2|Pelipper, F|\n|poke|p2|Krookodile, F|\n|poke|p2|Fezandipiti, M|\n|teampreview\n|j| Due Lipa\n|j| LuichoX\n|\n|t:|1699808291\n|start\n|switch|p1a: MAJOR GAS|Weezing, F|100\/100\n|switch|p2a: Pelipper|Pelipper, F|100\/100\n|-weather|RainDance|[from] ability: Drizzle|[of] p2a: Pelipper\n|turn|1\n|c| LuichoX|hm\n|l| Due Lipa\n|\n|t:|1699808325\n|switch|p2a: Krookodile|Krookodile, F|100\/100\n|-ability|p2a: Krookodile|Intimidate|boost\n|-unboost|p1a: MAJOR GAS|atk|1\n|move|p1a: MAJOR GAS|Sludge Bomb|p2a: Krookodile\n|-resisted|p2a: Krookodile\n|-damage|p2a: Krookodile|83\/100\n|\n|-weather|RainDance|[upkeep]\n|-heal|p2a: Krookodile|89\/100|[from] item: Leftovers\n|upkeep\n|turn|2\n|\n|t:|1699808339\n|move|p2a: Krookodile|Bulk Up|p2a: Krookodile\n|-boost|p2a: Krookodile|atk|1\n|-boost|p2a: Krookodile|def|1\n|move|p1a: MAJOR GAS|Will-O-Wisp|p2a: Krookodile\n|-status|p2a: Krookodile|brn\n|\n|-weather|RainDance|[upkeep]\n|-heal|p2a: Krookodile|95\/100 brn|[from] item: Leftovers\n|-damage|p2a: Krookodile|89\/100 brn|[from] brn\n|upkeep\n|turn|3\n|j| Due Lipa\n|\n|t:|1699808350\n|switch|p1a: Great Bull|Tauros-Paldea-Aqua, M|100\/100\n|-ability|p1a: Great Bull|Intimidate|boost\n|-unboost|p2a: Krookodile|atk|1\n|move|p2a: Krookodile|Bulk Up|p2a: Krookodile\n|-boost|p2a: Krookodile|atk|1\n|-boost|p2a: Krookodile|def|1\n|\n|-weather|RainDance|[upkeep]\n|-heal|p2a: Krookodile|95\/100 brn|[from] item: Leftovers\n|-damage|p2a: Krookodile|89\/100 brn|[from] brn\n|upkeep\n|turn|4\n|\n|t:|1699808372\n|move|p2a: Krookodile|Bulk Up|p2a: Krookodile\n|-boost|p2a: Krookodile|atk|1\n|-boost|p2a: Krookodile|def|1\n|move|p1a: Great Bull|Bulk Up|p1a: Great Bull\n|-boost|p1a: Great Bull|atk|1\n|-boost|p1a: Great Bull|def|1\n|\n|-weather|RainDance|[upkeep]\n|-heal|p2a: Krookodile|95\/100 brn|[from] item: Leftovers\n|-damage|p2a: Krookodile|89\/100 brn|[from] brn\n|upkeep\n|turn|5\n|\n|t:|1699808384\n|move|p2a: Krookodile|Knock Off|p1a: Great Bull\n|-resisted|p1a: Great Bull\n|-damage|p1a: Great Bull|89\/100\n|-enditem|p1a: Great Bull|Leftovers|[from] move: Knock Off|[of] p2a: Krookodile\n|move|p1a: Great Bull|Raging Bull|p2a: Krookodile\n|-supereffective|p2a: Krookodile\n|-damage|p2a: Krookodile|18\/100 brn\n|\n|-weather|none\n|-heal|p2a: Krookodile|24\/100 brn|[from] item: Leftovers\n|-damage|p2a: Krookodile|18\/100 brn|[from] brn\n|upkeep\n|turn|6\n|\n|t:|1699808397\n|move|p2a: Krookodile|Earthquake|p1a: Great Bull\n|-damage|p1a: Great Bull|67\/100\n|move|p1a: Great Bull|Trailblaze|p2a: Krookodile\n|-supereffective|p2a: Krookodile\n|-damage|p2a: Krookodile|0 fnt\n|-boost|p1a: Great Bull|spe|1\n|faint|p2a: Krookodile\n|\n|upkeep\n|\n|t:|1699808414\n|switch|p2a: Bloody Sunday|Zapdos|100\/100\n|turn|7\n|l| Due Lipa\n|j| Due Lipa\n|j| LuG_18\n|l| Due Lipa\n|\n|t:|1699808462\n|-terastallize|p1a: Great Bull|Electric\n|move|p1a: Great Bull|Wild Charge|p2a: Bloody Sunday\n|-damage|p2a: Bloody Sunday|40\/100\n|-damage|p1a: Great Bull|53\/100|[from] Recoil\n|move|p2a: Bloody Sunday|Hurricane|p1a: Great Bull\n|-resisted|p1a: Great Bull\n|-damage|p1a: Great Bull|19\/100\n|\n|upkeep\n|turn|8\n|\n|t:|1699808480\n|switch|p2a: Wo-Chien|Wo-Chien|100\/100\n|-ability|p2a: Wo-Chien|Tablets of Ruin\n|move|p1a: Great Bull|Raging Bull|p2a: Wo-Chien\n|-resisted|p2a: Wo-Chien\n|-damage|p2a: Wo-Chien|83\/100\n|\n|-heal|p2a: Wo-Chien|89\/100|[from] item: Leftovers\n|upkeep\n|turn|9\n|\n|t:|1699808491\n|move|p1a: Great Bull|Wild Charge|p2a: Wo-Chien\n|-resisted|p2a: Wo-Chien\n|-damage|p2a: Wo-Chien|73\/100\n|-damage|p1a: Great Bull|15\/100|[from] Recoil\n|move|p2a: Wo-Chien|Leech Seed|p1a: Great Bull\n|-start|p1a: Great Bull|move: Leech Seed\n|\n|-heal|p2a: Wo-Chien|79\/100|[from] item: Leftovers\n|-damage|p1a: Great Bull|2\/100|[from] Leech Seed|[of] p2a: Wo-Chien\n|-heal|p2a: Wo-Chien|91\/100|[silent]\n|upkeep\n|turn|10\n|\n|t:|1699808504\n|switch|p1a: Marin Kawasaki|Clefable, F|100\/100\n|move|p2a: Wo-Chien|Protect||[still]\n|-fail|p2a: Wo-Chien\n|\n|-heal|p2a: Wo-Chien|97\/100|[from] item: Leftovers\n|upkeep\n|turn|11\n|\n|t:|1699808525\n|switch|p2a: Tinkaton|Tinkaton, F, shiny|100\/100\n|-ability|p2a: Tinkaton|Mold Breaker\n|move|p1a: Marin Kawasaki|Knock Off|p2a: Tinkaton\n|-resisted|p2a: Tinkaton\n|-damage|p2a: Tinkaton|93\/100\n|-enditem|p2a: Tinkaton|Leftovers|[from] move: Knock Off|[of] p1a: Marin Kawasaki\n|\n|upkeep\n|turn|12\n|\n|t:|1699808544\n|move|p2a: Tinkaton|Knock Off|p1a: Marin Kawasaki\n|-resisted|p1a: Marin Kawasaki\n|-damage|p1a: Marin Kawasaki|93\/100\n|-enditem|p1a: Marin Kawasaki|Leftovers|[from] move: Knock Off|[of] p2a: Tinkaton\n|move|p1a: Marin Kawasaki|Thunder Wave|p2a: Tinkaton\n|-status|p2a: Tinkaton|par\n|\n|upkeep\n|turn|13\n|\n|t:|1699808555\n|move|p1a: Marin Kawasaki|Moonblast|p2a: Tinkaton\n|-resisted|p2a: Tinkaton\n|-damage|p2a: Tinkaton|81\/100 par\n|move|p2a: Tinkaton|Stealth Rock|p1a: Marin Kawasaki\n|-sidestart|p1: LupinoFTW|move: Stealth Rock\n|\n|upkeep\n|turn|14\n|\n|t:|1699808569\n|move|p1a: Marin Kawasaki|Moonblast|p2a: Tinkaton\n|-resisted|p2a: Tinkaton\n|-damage|p2a: Tinkaton|71\/100 par\n|move|p2a: Tinkaton|Gigaton Hammer|p1a: Marin Kawasaki\n|-supereffective|p1a: Marin Kawasaki\n|-damage|p1a: Marin Kawasaki|20\/100\n|\n|upkeep\n|turn|15\n|\n|t:|1699808582\n|move|p1a: Marin Kawasaki|Moonlight|p1a: Marin Kawasaki\n|-heal|p1a: Marin Kawasaki|70\/100\n|move|p2a: Tinkaton|Encore|p1a: Marin Kawasaki\n|-start|p1a: Marin Kawasaki|Encore\n|\n|upkeep\n|turn|16\n|\n|t:|1699808590\n|switch|p1a: Great Bull|Tauros-Paldea-Aqua, M, tera:Electric|2\/100\n|-damage|p1a: Great Bull|0 fnt|[from] Stealth Rock\n|faint|p1a: Great Bull\n|move|p2a: Tinkaton|Gigaton Hammer|p1: Great Bull|[notarget]\n|-fail|p2a: Tinkaton\n|\n|upkeep\n|\n|t:|1699808593\n|switch|p1a: Sandy Shamone|Sandy Shocks|100\/100\n|-damage|p1a: Sandy Shamone|94\/100|[from] Stealth Rock\n|-enditem|p1a: Sandy Shamone|Booster Energy\n|-activate|p1a: Sandy Shamone|ability: Protosynthesis|[fromitem]\n|-start|p1a: Sandy Shamone|protosynthesisspe\n|turn|17\n|\n|t:|1699808621\n|switch|p2a: Bloody Sunday|Zapdos|40\/100\n|move|p1a: Sandy Shamone|Stealth Rock|p2a: Bloody Sunday\n|-sidestart|p2: Rookie the Wolf|move: Stealth Rock\n|\n|upkeep\n|turn|18\n|\n|t:|1699808630\n|move|p1a: Sandy Shamone|Thunderbolt|p2a: Bloody Sunday\n|-damage|p2a: Bloody Sunday|0 fnt\n|faint|p2a: Bloody Sunday\n|\n|upkeep\n|\n|t:|1699808636\n|switch|p2a: Fezandipiti|Fezandipiti, M|100\/100\n|turn|19\n|\n|t:|1699808641\n|move|p1a: Sandy Shamone|Thunderbolt|p2a: Fezandipiti\n|-damage|p2a: Fezandipiti|69\/100\n|move|p2a: Fezandipiti|Calm Mind|p2a: Fezandipiti\n|-boost|p2a: Fezandipiti|spa|1\n|-boost|p2a: Fezandipiti|spd|1\n|\n|upkeep\n|turn|20\n|\n|t:|1699808652\n|move|p1a: Sandy Shamone|Earth Power|p2a: Fezandipiti\n|-supereffective|p2a: Fezandipiti\n|-damage|p2a: Fezandipiti|27\/100\n|move|p2a: Fezandipiti|Moonblast|p1a: Sandy Shamone\n|-damage|p1a: Sandy Shamone|49\/100\n|\n|upkeep\n|turn|21\n|\n|t:|1699808660\n|move|p1a: Sandy Shamone|Thunderbolt|p2a: Fezandipiti\n|-damage|p2a: Fezandipiti|6\/100\n|move|p2a: Fezandipiti|Roost|p2a: Fezandipiti\n|-heal|p2a: Fezandipiti|56\/100\n|-singleturn|p2a: Fezandipiti|move: Roost\n|\n|upkeep\n|turn|22\n|\n|t:|1699808669\n|move|p1a: Sandy Shamone|Earth Power|p2a: Fezandipiti\n|-supereffective|p2a: Fezandipiti\n|-damage|p2a: Fezandipiti|10\/100\n|move|p2a: Fezandipiti|Roost|p2a: Fezandipiti\n|-heal|p2a: Fezandipiti|60\/100\n|-singleturn|p2a: Fezandipiti|move: Roost\n|\n|upkeep\n|turn|23\n|\n|t:|1699808706\n|move|p1a: Sandy Shamone|Thunderbolt|p2a: Fezandipiti\n|-damage|p2a: Fezandipiti|37\/100\n|move|p2a: Fezandipiti|Roost|p2a: Fezandipiti\n|-heal|p2a: Fezandipiti|87\/100\n|-singleturn|p2a: Fezandipiti|move: Roost\n|\n|upkeep\n|turn|24\n|\n|t:|1699808715\n|move|p1a: Sandy Shamone|Earth Power|p2a: Fezandipiti\n|-supereffective|p2a: Fezandipiti\n|-damage|p2a: Fezandipiti|45\/100\n|move|p2a: Fezandipiti|Calm Mind|p2a: Fezandipiti\n|-boost|p2a: Fezandipiti|spa|1\n|-boost|p2a: Fezandipiti|spd|1\n|\n|upkeep\n|turn|25\n|\n|t:|1699808734\n|-end|p1a: Sandy Shamone|Protosynthesis|[silent]\n|switch|p1a: can he beat goku|Infernape, F|100\/100\n|-damage|p1a: can he beat goku|88\/100|[from] Stealth Rock\n|move|p2a: Fezandipiti|Moonblast|p1a: can he beat goku\n|-damage|p1a: can he beat goku|15\/100\n|-unboost|p1a: can he beat goku|spa|1\n|-status|p1a: can he beat goku|tox|[from] ability: Toxic Chain|[of] p2a: Fezandipiti\n|\n|-damage|p1a: can he beat goku|9\/100 tox|[from] psn\n|upkeep\n|turn|26\n|\n|t:|1699808781\n|switch|p2a: Pelipper|Pelipper, F|100\/100\n|-weather|RainDance|[from] ability: Drizzle|[of] p2a: Pelipper\n|move|p1a: can he beat goku|Raging Fury|p2a: Pelipper\n|-resisted|p2a: Pelipper\n|-damage|p2a: Pelipper|78\/100\n|\n|-weather|RainDance|[upkeep]\n|-damage|p1a: can he beat goku|0 fnt|[from] psn\n|faint|p1a: can he beat goku\n|upkeep\n|j| Due Lipa\n|\n|t:|1699808804\n|switch|p1a: Marin Kawasaki|Clefable, F|70\/100\n|turn|27\n|l| Due Lipa\n|\n|t:|1699808830\n|switch|p2a: Tinkaton|Tinkaton, F, shiny|71\/100 par\n|-damage|p2a: Tinkaton|65\/100 par|[from] Stealth Rock\n|-ability|p2a: Tinkaton|Mold Breaker\n|move|p1a: Marin Kawasaki|Moonblast|p2a: Tinkaton\n|-resisted|p2a: Tinkaton\n|-damage|p2a: Tinkaton|54\/100 par\n|\n|-weather|RainDance|[upkeep]\n|upkeep\n|turn|28\n|\n|t:|1699808846\n|move|p1a: Marin Kawasaki|Moonlight|p1a: Marin Kawasaki\n|-heal|p1a: Marin Kawasaki|95\/100\n|move|p2a: Tinkaton|Encore|p1a: Marin Kawasaki\n|-start|p1a: Marin Kawasaki|Encore\n|\n|-weather|RainDance|[upkeep]\n|upkeep\n|turn|29\n|\n|t:|1699808880\n|switch|p1a: Sandy Shamone|Sandy Shocks|49\/100\n|-damage|p1a: Sandy Shamone|43\/100|[from] Stealth Rock\n|move|p2a: Tinkaton|Gigaton Hammer|p1a: Sandy Shamone\n|-resisted|p1a: Sandy Shamone\n|-damage|p1a: Sandy Shamone|20\/100\n|\n|-weather|RainDance|[upkeep]\n|upkeep\n|turn|30\n|\n|t:|1699808895\n|switch|p2a: Wo-Chien|Wo-Chien|97\/100\n|-damage|p2a: Wo-Chien|85\/100|[from] Stealth Rock\n|-ability|p2a: Wo-Chien|Tablets of Ruin\n|move|p1a: Sandy Shamone|Earth Power|p2a: Wo-Chien\n|-resisted|p2a: Wo-Chien\n|-damage|p2a: Wo-Chien|72\/100\n|\n|-weather|none\n|-heal|p2a: Wo-Chien|79\/100|[from] item: Leftovers\n|upkeep\n|turn|31\n|\n|t:|1699808908\n|-end|p1a: Sandy Shamone|Protosynthesis|[silent]\n|switch|p1a: Marin Kawasaki|Clefable, F|95\/100\n|move|p2a: Wo-Chien|Power Whip|p1a: Marin Kawasaki|[miss]\n|-miss|p2a: Wo-Chien|p1a: Marin Kawasaki\n|\n|-heal|p2a: Wo-Chien|85\/100|[from] item: Leftovers\n|upkeep\n|turn|32\n|\n|t:|1699808930\n|switch|p2a: Fezandipiti|Fezandipiti, M|45\/100\n|move|p1a: Marin Kawasaki|Moonblast|p2a: Fezandipiti\n|-resisted|p2a: Fezandipiti\n|-damage|p2a: Fezandipiti|34\/100\n|\n|upkeep\n|turn|33\n|\n|t:|1699808937\n|move|p2a: Fezandipiti|Roost|p2a: Fezandipiti\n|-heal|p2a: Fezandipiti|84\/100\n|-singleturn|p2a: Fezandipiti|move: Roost\n|move|p1a: Marin Kawasaki|Thunder Wave|p2a: Fezandipiti\n|-status|p2a: Fezandipiti|par\n|\n|upkeep\n|turn|34\n|\n|t:|1699808947\n|move|p1a: Marin Kawasaki|Knock Off|p2a: Fezandipiti\n|-resisted|p2a: Fezandipiti\n|-damage|p2a: Fezandipiti|79\/100 par\n|-enditem|p2a: Fezandipiti|Heavy-Duty Boots|[from] move: Knock Off|[of] p1a: Marin Kawasaki\n|cant|p2a: Fezandipiti|par\n|\n|upkeep\n|turn|35\n|\n|t:|1699808954\n|move|p1a: Marin Kawasaki|Moonblast|p2a: Fezandipiti\n|-resisted|p2a: Fezandipiti\n|-damage|p2a: Fezandipiti|68\/100 par\n|move|p2a: Fezandipiti|Calm Mind|p2a: Fezandipiti\n|-boost|p2a: Fezandipiti|spa|1\n|-boost|p2a: Fezandipiti|spd|1\n|\n|upkeep\n|turn|36\n|\n|t:|1699808962\n|switch|p1a: MAJOR GAS|Weezing, F|100\/100\n|-damage|p1a: MAJOR GAS|88\/100|[from] Stealth Rock\n|cant|p2a: Fezandipiti|par\n|\n|-heal|p1a: MAJOR GAS|94\/100|[from] item: Leftovers\n|upkeep\n|turn|37\n|\n|t:|1699808974\n|move|p1a: MAJOR GAS|Sludge Bomb|p2a: Fezandipiti\n|-damage|p2a: Fezandipiti|54\/100 par\n|move|p2a: Fezandipiti|Calm Mind|p2a: Fezandipiti\n|-boost|p2a: Fezandipiti|spa|1\n|-boost|p2a: Fezandipiti|spd|1\n|\n|-heal|p1a: MAJOR GAS|99\/100|[from] item: Leftovers\n|upkeep\n|turn|38\n|\n|t:|1699808983\n|move|p1a: MAJOR GAS|Haze|p1a: MAJOR GAS\n|-clearallboost\n|cant|p2a: Fezandipiti|par\n|\n|-heal|p1a: MAJOR GAS|100\/100|[from] item: Leftovers\n|upkeep\n|turn|39\n|\n|t:|1699808991\n|move|p1a: MAJOR GAS|Sludge Bomb|p2a: Fezandipiti\n|-damage|p2a: Fezandipiti|34\/100 par\n|move|p2a: Fezandipiti|Heat Wave|p1a: MAJOR GAS|[miss]\n|-miss|p2a: Fezandipiti|p1a: MAJOR GAS\n|\n|upkeep\n|turn|40\n|\n|t:|1699808998\n|move|p1a: MAJOR GAS|Sludge Bomb|p2a: Fezandipiti\n|-damage|p2a: Fezandipiti|13\/100 par\n|move|p2a: Fezandipiti|Roost|p2a: Fezandipiti\n|-heal|p2a: Fezandipiti|63\/100 par\n|-singleturn|p2a: Fezandipiti|move: Roost\n|\n|upkeep\n|turn|41\n|\n|t:|1699809004\n|move|p1a: MAJOR GAS|Sludge Bomb|p2a: Fezandipiti\n|-damage|p2a: Fezandipiti|40\/100 par\n|move|p2a: Fezandipiti|Heat Wave|p1a: MAJOR GAS\n|-damage|p1a: MAJOR GAS|86\/100\n|\n|-heal|p1a: MAJOR GAS|92\/100|[from] item: Leftovers\n|upkeep\n|turn|42\n|j| Due Lipa\n|\n|t:|1699809015\n|move|p1a: MAJOR GAS|Sludge Bomb|p2a: Fezandipiti\n|-damage|p2a: Fezandipiti|21\/100 par\n|move|p2a: Fezandipiti|Roost|p2a: Fezandipiti\n|-heal|p2a: Fezandipiti|71\/100 par\n|-singleturn|p2a: Fezandipiti|move: Roost\n|\n|-heal|p1a: MAJOR GAS|98\/100|[from] item: Leftovers\n|upkeep\n|turn|43\n|c| Due Lipa|fun house\n|\n|t:|1699809028\n|move|p1a: MAJOR GAS|Will-O-Wisp||[still]\n|-fail|p1a: MAJOR GAS\n|move|p2a: Fezandipiti|Calm Mind|p2a: Fezandipiti\n|-boost|p2a: Fezandipiti|spa|1\n|-boost|p2a: Fezandipiti|spd|1\n|\n|-heal|p1a: MAJOR GAS|100\/100|[from] item: Leftovers\n|upkeep\n|turn|44\n|\n|t:|1699809053\n|move|p1a: MAJOR GAS|Haze|p1a: MAJOR GAS\n|-clearallboost\n|move|p2a: Fezandipiti|Heat Wave|p1a: MAJOR GAS\n|-damage|p1a: MAJOR GAS|84\/100\n|\n|-heal|p1a: MAJOR GAS|90\/100|[from] item: Leftovers\n|upkeep\n|turn|45\n|\n|t:|1699809064\n|move|p1a: MAJOR GAS|Sludge Bomb|p2a: Fezandipiti\n|-damage|p2a: Fezandipiti|50\/100 par\n|cant|p2a: Fezandipiti|par\n|\n|-heal|p1a: MAJOR GAS|96\/100|[from] item: Leftovers\n|upkeep\n|turn|46\n|c| Due Lipa|weezing agent\n|\n|t:|1699809104\n|move|p1a: MAJOR GAS|Sludge Bomb|p2a: Fezandipiti\n|-damage|p2a: Fezandipiti|29\/100 par\n|move|p2a: Fezandipiti|Moonblast|p1a: MAJOR GAS\n|-resisted|p1a: MAJOR GAS\n|-damage|p1a: MAJOR GAS|86\/100\n|-unboost|p1a: MAJOR GAS|spa|1\n|\n|-heal|p1a: MAJOR GAS|92\/100|[from] item: Leftovers\n|upkeep\n|turn|47\n|\n|t:|1699809125\n|move|p1a: MAJOR GAS|Haze|p1a: MAJOR GAS\n|-clearallboost\n|move|p2a: Fezandipiti|Roost|p2a: Fezandipiti\n|-heal|p2a: Fezandipiti|79\/100 par\n|-singleturn|p2a: Fezandipiti|move: Roost\n|\n|-heal|p1a: MAJOR GAS|98\/100|[from] item: Leftovers\n|upkeep\n|turn|48\n|l| Due Lipa\n|\n|t:|1699809140\n|move|p1a: MAJOR GAS|Sludge Bomb|p2a: Fezandipiti\n|-damage|p2a: Fezandipiti|57\/100 par\n|move|p2a: Fezandipiti|Moonblast|p1a: MAJOR GAS\n|-resisted|p1a: MAJOR GAS\n|-damage|p1a: MAJOR GAS|87\/100\n|\n|-heal|p1a: MAJOR GAS|93\/100|[from] item: Leftovers\n|upkeep\n|turn|49\n|c| LuG_18|what the heeeeeeeell\n|\n|t:|1699809149\n|move|p1a: MAJOR GAS|Sludge Bomb|p2a: Fezandipiti\n|-damage|p2a: Fezandipiti|38\/100 par\n|move|p2a: Fezandipiti|Calm Mind|p2a: Fezandipiti\n|-boost|p2a: Fezandipiti|spa|1\n|-boost|p2a: Fezandipiti|spd|1\n|\n|-heal|p1a: MAJOR GAS|99\/100|[from] item: Leftovers\n|upkeep\n|turn|50\n|j| Due Lipa\n|\n|t:|1699809158\n|move|p1a: MAJOR GAS|Haze|p1a: MAJOR GAS\n|-clearallboost\n|move|p2a: Fezandipiti|Moonblast|p1a: MAJOR GAS\n|-resisted|p1a: MAJOR GAS\n|-damage|p1a: MAJOR GAS|87\/100\n|\n|-heal|p1a: MAJOR GAS|93\/100|[from] item: Leftovers\n|upkeep\n|turn|51\n|c| Due Lipa|turno 50 \ud83d\ude2d\ud83d\ude2d\ud83d\ude2d\n|c| LuichoX|esta es la atraccion\n|c| LuichoX|HJASDJA\n|\n|t:|1699809179\n|switch|p2a: Tinkaton|Tinkaton, F, shiny|54\/100 par\n|-damage|p2a: Tinkaton|48\/100 par|[from] Stealth Rock\n|-ability|p2a: Tinkaton|Mold Breaker\n|move|p1a: MAJOR GAS|Sludge Bomb|p2a: Tinkaton\n|-immune|p2a: Tinkaton\n|\n|-heal|p1a: MAJOR GAS|99\/100|[from] item: Leftovers\n|upkeep\n|turn|52\n|c| Due Lipa|new worst game of all times just dropped\n|\n|t:|1699809202\n|switch|p1a: Marin Kawasaki|Clefable, F|95\/100\n|switch|p2a: Pelipper|Pelipper, F|78\/100\n|-weather|RainDance|[from] ability: Drizzle|[of] p2a: Pelipper\n|\n|-weather|RainDance|[upkeep]\n|upkeep\n|turn|53\n|\n|t:|1699809228\n|move|p1a: Marin Kawasaki|Moonblast|p2a: Pelipper\n|-damage|p2a: Pelipper|33\/100\n|-unboost|p2a: Pelipper|spa|1\n|move|p2a: Pelipper|Surf|p1a: Marin Kawasaki\n|-damage|p1a: Marin Kawasaki|68\/100\n|\n|-weather|RainDance|[upkeep]\n|upkeep\n|turn|54\n|\n|t:|1699809237\n|move|p1a: Marin Kawasaki|Moonblast|p2a: Pelipper\n|-damage|p2a: Pelipper|0 fnt\n|faint|p2a: Pelipper\n|\n|-weather|RainDance|[upkeep]\n|upkeep\n|\n|t:|1699809259\n|switch|p2a: Tinkaton|Tinkaton, F, shiny|48\/100 par\n|-damage|p2a: Tinkaton|41\/100 par|[from] Stealth Rock\n|-ability|p2a: Tinkaton|Mold Breaker\n|turn|55\n|\n|t:|1699809268\n|move|p1a: Marin Kawasaki|Moonlight|p1a: Marin Kawasaki\n|-heal|p1a: Marin Kawasaki|93\/100\n|move|p2a: Tinkaton|Knock Off|p1a: Marin Kawasaki\n|-resisted|p1a: Marin Kawasaki\n|-damage|p1a: Marin Kawasaki|88\/100\n|\n|-weather|RainDance|[upkeep]\n|upkeep\n|turn|56\n|\n|t:|1699809277\n|move|p1a: Marin Kawasaki|Moonblast|p2a: Tinkaton\n|-resisted|p2a: Tinkaton\n|-damage|p2a: Tinkaton|32\/100 par\n|move|p2a: Tinkaton|Knock Off|p1a: Marin Kawasaki\n|-resisted|p1a: Marin Kawasaki\n|-damage|p1a: Marin Kawasaki|84\/100\n|\n|-weather|none\n|upkeep\n|turn|57\n|\n|t:|1699809287\n|move|p1a: Marin Kawasaki|Moonblast|p2a: Tinkaton\n|-resisted|p2a: Tinkaton\n|-damage|p2a: Tinkaton|21\/100 par\n|move|p2a: Tinkaton|Gigaton Hammer|p1a: Marin Kawasaki\n|-supereffective|p1a: Marin Kawasaki\n|-damage|p1a: Marin Kawasaki|10\/100\n|\n|upkeep\n|turn|58\n|\n|t:|1699809297\n|move|p1a: Marin Kawasaki|Moonlight|p1a: Marin Kawasaki\n|-heal|p1a: Marin Kawasaki|60\/100\n|move|p2a: Tinkaton|Encore|p1a: Marin Kawasaki\n|-start|p1a: Marin Kawasaki|Encore\n|\n|upkeep\n|turn|59\n|\n|t:|1699809314\n|move|p1a: Marin Kawasaki|Moonlight|p1a: Marin Kawasaki\n|-heal|p1a: Marin Kawasaki|100\/100\n|cant|p2a: Tinkaton|par\n|\n|upkeep\n|turn|60\n|\n|t:|1699809326\n|switch|p1a: Kingoobit|Kingambit, F|100\/100\n|-damage|p1a: Kingoobit|94\/100|[from] Stealth Rock\n|-activate|p1a: Kingoobit|ability: Supreme Overlord\n|-start|p1a: Kingoobit|fallen2|[silent]\n|move|p2a: Tinkaton|Gigaton Hammer|p1a: Kingoobit\n|-resisted|p1a: Kingoobit\n|-damage|p1a: Kingoobit|79\/100\n|\n|upkeep\n|turn|61\n|\n|t:|1699809339\n|move|p1a: Kingoobit|Iron Head|p2a: Tinkaton\n|-damage|p2a: Tinkaton|0 fnt\n|faint|p2a: Tinkaton\n|\n|upkeep\n|\n|t:|1699809345\n|switch|p2a: Fezandipiti|Fezandipiti, M|38\/100 par\n|-damage|p2a: Fezandipiti|25\/100 par|[from] Stealth Rock\n|turn|62\n|\n|t:|1699809352\n|move|p1a: Kingoobit|Iron Head|p2a: Fezandipiti\n|-supereffective|p2a: Fezandipiti\n|-damage|p2a: Fezandipiti|0 fnt\n|faint|p2a: Fezandipiti\n|\n|upkeep\n|\n|t:|1699809357\n|switch|p2a: Wo-Chien|Wo-Chien|85\/100\n|-damage|p2a: Wo-Chien|72\/100|[from] Stealth Rock\n|-ability|p2a: Wo-Chien|Tablets of Ruin\n|turn|63\n|\n|t:|1699809367\n|-end|p1a: Kingoobit|fallen2|[silent]\n|switch|p1a: Marin Kawasaki|Clefable, F|100\/100\n|-terastallize|p2a: Wo-Chien|Poison\n|move|p2a: Wo-Chien|Leech Seed|p1a: Marin Kawasaki\n|-start|p1a: Marin Kawasaki|move: Leech Seed\n|\n|-heal|p2a: Wo-Chien|79\/100|[from] item: Leftovers\n|upkeep\n|turn|64\n|c| Due Lipa|x scissors gambit\n|c| LuichoX|joever\n|\n|t:|1699809384\n|move|p2a: Wo-Chien|Protect|p2a: Wo-Chien\n|-singleturn|p2a: Wo-Chien|Protect\n|move|p1a: Marin Kawasaki|Knock Off|p2a: Wo-Chien\n|-activate|p2a: Wo-Chien|move: Protect\n|\n|-heal|p2a: Wo-Chien|85\/100|[from] item: Leftovers\n|upkeep\n|turn|65\n|c| Due Lipa|\ud83d\ude2d\ud83d\ude2d\ud83d\ude2d\n|\n|t:|1699809392\n|move|p2a: Wo-Chien|Power Whip|p1a: Marin Kawasaki\n|-damage|p1a: Marin Kawasaki|74\/100\n|move|p1a: Marin Kawasaki|Knock Off|p2a: Wo-Chien\n|-damage|p2a: Wo-Chien|75\/100\n|-enditem|p2a: Wo-Chien|Leftovers|[from] move: Knock Off|[of] p1a: Marin Kawasaki\n|\n|upkeep\n|turn|66\n|c| Due Lipa|este game nunca va a terminar\n|c| LuichoX|ya no tiene lefties\n|\n|t:|1699809400\n|switch|p1a: MAJOR GAS|Weezing, F|99\/100\n|-damage|p1a: MAJOR GAS|87\/100|[from] Stealth Rock\n|move|p2a: Wo-Chien|Power Whip|p1a: MAJOR GAS\n|-resisted|p1a: MAJOR GAS\n|-damage|p1a: MAJOR GAS|71\/100\n|\n|-heal|p1a: MAJOR GAS|77\/100|[from] item: Leftovers\n|upkeep\n|turn|67\n|c| LuichoX|falta poco\n|c| LuichoX|aqui viene el willo\n|c| LuichoX|it joever\n|\n|t:|1699809413\n|move|p2a: Wo-Chien|Protect|p2a: Wo-Chien\n|-singleturn|p2a: Wo-Chien|Protect\n|move|p1a: MAJOR GAS|Will-O-Wisp|p2a: Wo-Chien\n|-activate|p2a: Wo-Chien|move: Protect\n|\n|-heal|p1a: MAJOR GAS|83\/100|[from] item: Leftovers\n|upkeep\n|turn|68\n|c| LuG_18|poco (70 turnos)\n|c| Due Lipa|JAJAJAJAJAJA\n|\n|t:|1699809426\n|move|p2a: Wo-Chien|Knock Off|p1a: MAJOR GAS\n|-damage|p1a: MAJOR GAS|58\/100\n|-enditem|p1a: MAJOR GAS|Leftovers|[from] move: Knock Off|[of] p2a: Wo-Chien\n|move|p1a: MAJOR GAS|Will-O-Wisp|p2a: Wo-Chien\n|-status|p2a: Wo-Chien|brn\n|\n|-damage|p2a: Wo-Chien|69\/100 brn|[from] brn\n|upkeep\n|turn|69\n|\n|t:|1699809435\n|move|p2a: Wo-Chien|Leech Seed|p1a: MAJOR GAS\n|-start|p1a: MAJOR GAS|move: Leech Seed\n|move|p1a: MAJOR GAS|Pain Split|p2a: Wo-Chien\n|-sethp|p2a: Wo-Chien|60\/100 brn|[from] move: Pain Split|[silent]\n|-sethp|p1a: MAJOR GAS|68\/100|[from] move: Pain Split\n|\n|-damage|p1a: MAJOR GAS|55\/100|[from] Leech Seed|[of] p2a: Wo-Chien\n|-heal|p2a: Wo-Chien|71\/100 brn|[silent]\n|-damage|p2a: Wo-Chien|65\/100 brn|[from] brn\n|upkeep\n|turn|70\n|\n|t:|1699809447\n|switch|p1a: Marin Kawasaki|Clefable, F|74\/100\n|move|p2a: Wo-Chien|Power Whip|p1a: Marin Kawasaki\n|-damage|p1a: Marin Kawasaki|58\/100\n|\n|-damage|p2a: Wo-Chien|59\/100 brn|[from] brn\n|upkeep\n|turn|71\n|\n|t:|1699809461\n|move|p2a: Wo-Chien|Leech Seed|p1a: Marin Kawasaki\n|-start|p1a: Marin Kawasaki|move: Leech Seed\n|move|p1a: Marin Kawasaki|Moonlight|p1a: Marin Kawasaki\n|-heal|p1a: Marin Kawasaki|100\/100\n|\n|-damage|p2a: Wo-Chien|53\/100 brn|[from] brn\n|upkeep\n|turn|72\n|\n|t:|1699809469\n|move|p2a: Wo-Chien|Power Whip|p1a: Marin Kawasaki\n|-damage|p1a: Marin Kawasaki|85\/100\n|move|p1a: Marin Kawasaki|Moonblast|p2a: Wo-Chien\n|-resisted|p2a: Wo-Chien\n|-damage|p2a: Wo-Chien|44\/100 brn\n|\n|-damage|p2a: Wo-Chien|38\/100 brn|[from] brn\n|upkeep\n|turn|73\n|\n|t:|1699809478\n|move|p2a: Wo-Chien|Power Whip|p1a: Marin Kawasaki\n|-damage|p1a: Marin Kawasaki|70\/100\n|move|p1a: Marin Kawasaki|Moonblast|p2a: Wo-Chien\n|-resisted|p2a: Wo-Chien\n|-damage|p2a: Wo-Chien|30\/100 brn\n|-unboost|p2a: Wo-Chien|spa|1\n|\n|-damage|p2a: Wo-Chien|24\/100 brn|[from] brn\n|upkeep\n|turn|74\n|\n|t:|1699809489\n|move|p2a: Wo-Chien|Power Whip|p1a: Marin Kawasaki|[miss]\n|-miss|p2a: Wo-Chien|p1a: Marin Kawasaki\n|move|p1a: Marin Kawasaki|Moonblast|p2a: Wo-Chien\n|-resisted|p2a: Wo-Chien\n|-damage|p2a: Wo-Chien|16\/100 brn\n|\n|-damage|p2a: Wo-Chien|10\/100 brn|[from] brn\n|upkeep\n|turn|75\n|c| Due Lipa|road to turno 80\n|\n|t:|1699809501\n|move|p2a: Wo-Chien|Protect|p2a: Wo-Chien\n|-singleturn|p2a: Wo-Chien|Protect\n|move|p1a: Marin Kawasaki|Moonlight|p1a: Marin Kawasaki\n|-heal|p1a: Marin Kawasaki|100\/100\n|\n|-damage|p2a: Wo-Chien|4\/100 brn|[from] brn\n|upkeep\n|turn|76\n|c| LuichoX|pino switchea\n|c| LuichoX|vamos a llegar a turno 80\n|c| LuichoX|si se puede\n|c| Due Lipa|ya\n|c| LuG_18|thiago, vos le pusiste el nick a la Clefable? XD\n|\n|t:|1699809514\n|switch|p1a: Sandy Shamone|Sandy Shocks|20\/100\n|-damage|p1a: Sandy Shamone|14\/100|[from] Stealth Rock\n|move|p2a: Wo-Chien|Protect||[still]\n|-fail|p2a: Wo-Chien\n|\n|-damage|p2a: Wo-Chien|0 fnt|[from] brn\n|faint|p2a: Wo-Chien\n|\n|win|LupinoFTW\n|upkeep\n|c| Due Lipa|its over\n|c| Due Lipa|no fui yo\n|c| LuichoX|NOOO\n|l|\u2606Rookie the Wolf\n","uploadtime":1699809526,"views":12,"p1id":"lupinoftw","p2id":"rookiethewolf","formatid":"gen9ou","rating":0,"private":0,"password":""}