{"id":"gen9ou-1996765952","p1":"Opera34340","p2":"PhoenixTheYokai","format":"[Gen 9] OU","log":"|j|\u2606Opera34340\n|j|\u2606PhoenixTheYokai\n|t:|1700721594\n|gametype|singles\n|player|p1|Opera34340|az|1281\n|player|p2|PhoenixTheYokai|sabrina-masters|1200\n|teamsize|p1|6\n|teamsize|p2|6\n|gen|9\n|tier|[Gen 9] OU\n|rated|\n|rule|Sleep Clause Mod: Limit one foe put to sleep\n|rule|Species Clause: Limit one of each Pok\u00e9mon\n|rule|OHKO Clause: OHKO moves are banned\n|rule|Evasion Items Clause: Evasion items are banned\n|rule|Evasion Moves Clause: Evasion moves are banned\n|rule|Endless Battle Clause: Forcing endless battles is banned\n|rule|HP Percentage Mod: HP is shown in percentages\n|clearpoke\n|poke|p1|Kingambit, F|\n|poke|p1|Glimmora, F|\n|poke|p1|Zamazenta-*|\n|poke|p1|Iron Valiant|\n|poke|p1|Iron Moth|\n|poke|p1|Ogerpon-Wellspring, F|\n|poke|p2|Ninetales-Alola, F|\n|poke|p2|Sandslash-Alola, M|\n|poke|p2|Slowking-Galar, M|\n|poke|p2|Chandelure, F|\n|poke|p2|Avalugg, F|\n|poke|p2|Rotom-Frost|\n|teampreview\n|\n|t:|1700721603\n|start\n|switch|p1a: Iron Moth|Iron Moth|100\/100\n|switch|p2a: Slowking|Slowking-Galar, M|100\/100\n|-enditem|p1a: Iron Moth|Booster Energy\n|-activate|p1a: Iron Moth|ability: Quark Drive|[fromitem]\n|-start|p1a: Iron Moth|quarkdrivespe\n|turn|1\n|\n|t:|1700721613\n|move|p1a: Iron Moth|Fiery Dance|p2a: Slowking\n|-damage|p2a: Slowking|71\/100\n|move|p2a: Slowking|Eerie Spell|p1a: Iron Moth\n|-supereffective|p1a: Iron Moth\n|-damage|p1a: Iron Moth|24\/100\n|-activate|p1a: Iron Moth|move: Eerie Spell|Fiery Dance|3\n|\n|upkeep\n|turn|2\n|\n|t:|1700721622\n|-end|p1a: Iron Moth|Quark Drive|[silent]\n|switch|p1a: Kingambit|Kingambit, F|100\/100\n|move|p2a: Slowking|Future Sight|p1a: Kingambit\n|-start|p2a: Slowking|move: Future Sight\n|\n|upkeep\n|turn|3\n|\n|t:|1700721626\n|move|p1a: Kingambit|Kowtow Cleave|p2a: Slowking\n|-supereffective|p2a: Slowking\n|-damage|p2a: Slowking|0 fnt\n|faint|p2a: Slowking\n|\n|upkeep\n|\n|t:|1700721632\n|switch|p2a: Avalugg|Avalugg, F|100\/100\n|turn|4\n|\n|t:|1700721635\n|move|p1a: Kingambit|Iron Head|p2a: Avalugg\n|-supereffective|p2a: Avalugg\n|-damage|p2a: Avalugg|63\/100\n|move|p2a: Avalugg|Iron Defense|p2a: Avalugg\n|-boost|p2a: Avalugg|def|2\n|\n|-end|p1a: Kingambit|move: Future Sight\n|-immune|p1a: Kingambit\n|upkeep\n|turn|5\n|\n|t:|1700721644\n|move|p1a: Kingambit|Swords Dance|p1a: Kingambit\n|-boost|p1a: Kingambit|atk|2\n|move|p2a: Avalugg|Body Press|p1a: Kingambit\n|-supereffective|p1a: Kingambit\n|-damage|p1a: Kingambit|0 fnt\n|faint|p1a: Kingambit\n|-end|p1a: Kingambit|fallenundefined|[silent]\n|\n|upkeep\n|\n|t:|1700721647\n|switch|p1a: Zamazenta|Zamazenta, shiny|100\/100\n|-ability|p1a: Zamazenta|Dauntless Shield|boost\n|-boost|p1a: Zamazenta|def|1\n|turn|6\n|\n|t:|1700721653\n|move|p1a: Zamazenta|Iron Defense|p1a: Zamazenta\n|-boost|p1a: Zamazenta|def|2\n|move|p2a: Avalugg|Iron Defense|p2a: Avalugg\n|-boost|p2a: Avalugg|def|2\n|\n|upkeep\n|turn|7\n|\n|t:|1700721659\n|move|p1a: Zamazenta|Iron Defense|p1a: Zamazenta\n|-boost|p1a: Zamazenta|def|2\n|move|p2a: Avalugg|Body Press|p1a: Zamazenta\n|-damage|p1a: Zamazenta|72\/100\n|\n|-heal|p1a: Zamazenta|78\/100|[from] item: Leftovers\n|upkeep\n|turn|8\n|\n|t:|1700721668\n|move|p1a: Zamazenta|Body Press|p2a: Avalugg\n|-supereffective|p2a: Avalugg\n|-damage|p2a: Avalugg|30\/100\n|move|p2a: Avalugg|Body Press|p1a: Zamazenta\n|-damage|p1a: Zamazenta|51\/100\n|\n|-heal|p1a: Zamazenta|57\/100|[from] item: Leftovers\n|upkeep\n|turn|9\n|\n|t:|1700721675\n|switch|p2a: Chandelure|Chandelure, F|100\/100\n|move|p1a: Zamazenta|Body Press|p2a: Chandelure\n|-immune|p2a: Chandelure\n|\n|-heal|p1a: Zamazenta|63\/100|[from] item: Leftovers\n|upkeep\n|turn|10\n|\n|t:|1700721686\n|move|p1a: Zamazenta|Crunch|p2a: Chandelure\n|-supereffective|p2a: Chandelure\n|-damage|p2a: Chandelure|29\/100\n|move|p2a: Chandelure|Overheat|p1a: Zamazenta\n|-damage|p1a: Zamazenta|0 fnt\n|-unboost|p2a: Chandelure|spa|2\n|faint|p1a: Zamazenta\n|\n|upkeep\n|\n|t:|1700721695\n|switch|p1a: Iron Valiant|Iron Valiant|100\/100\n|-enditem|p1a: Iron Valiant|Booster Energy\n|-activate|p1a: Iron Valiant|ability: Quark Drive|[fromitem]\n|-start|p1a: Iron Valiant|quarkdrivespe\n|turn|11\n|\n|t:|1700721707\n|switch|p2a: Avalugg|Avalugg, F|30\/100\n|move|p1a: Iron Valiant|Psyshock|p2a: Avalugg\n|-damage|p2a: Avalugg|18\/100\n|\n|upkeep\n|turn|12\n|\n|t:|1700721713\n|move|p1a: Iron Valiant|Moonblast|p2a: Avalugg\n|-damage|p2a: Avalugg|0 fnt\n|faint|p2a: Avalugg\n|\n|upkeep\n|\n|t:|1700721720\n|switch|p2a: Ninetales|Ninetales-Alola, F|100\/100\n|-weather|Snow|[from] ability: Snow Warning|[of] p2a: Ninetales\n|turn|13\n|\n|t:|1700721725\n|move|p1a: Iron Valiant|Hypnosis|p2a: Ninetales\n|-status|p2a: Ninetales|slp|[from] move: Hypnosis\n|cant|p2a: Ninetales|slp\n|\n|-weather|Snow|[upkeep]\n|upkeep\n|turn|14\n|\n|t:|1700721735\n|-end|p1a: Iron Valiant|Quark Drive|[silent]\n|switch|p1a: Glimmora|Glimmora, F|100\/100\n|cant|p2a: Ninetales|slp\n|\n|-weather|Snow|[upkeep]\n|upkeep\n|turn|15\n|\n|t:|1700721741\n|-curestatus|p2a: Ninetales|slp|[msg]\n|move|p2a: Ninetales|Aurora Veil|p2a: Ninetales\n|-sidestart|p2: PhoenixTheYokai|move: Aurora Veil\n|move|p1a: Glimmora|Sludge Wave|p2a: Ninetales\n|-supereffective|p2a: Ninetales\n|-damage|p2a: Ninetales|37\/100\n|\n|-weather|Snow|[upkeep]\n|upkeep\n|turn|16\n|\n|t:|1700721750\n|move|p2a: Ninetales|Blizzard|p1a: Glimmora\n|-damage|p1a: Glimmora|44\/100\n|move|p1a: Glimmora|Earth Power|p2a: Ninetales\n|-damage|p2a: Ninetales|17\/100\n|-unboost|p2a: Ninetales|spd|1\n|\n|-weather|Snow|[upkeep]\n|upkeep\n|turn|17\n|\n|t:|1700721760\n|move|p2a: Ninetales|Blizzard|p1a: Glimmora\n|-damage|p1a: Glimmora|0 fnt\n|faint|p1a: Glimmora\n|\n|-weather|none\n|upkeep\n|\n|t:|1700721768\n|switch|p1a: Iron Moth|Iron Moth|24\/100\n|turn|18\n|\n|t:|1700721777\n|switch|p2a: Chandelure|Chandelure, F|29\/100\n|move|p1a: Iron Moth|Fiery Dance|p2a: Chandelure\n|-start|p2a: Chandelure|ability: Flash Fire\n|\n|upkeep\n|turn|19\n|\n|t:|1700721790\n|-end|p1a: Iron Moth|Quark Drive|[silent]\n|switch|p1a: Ogerpon|Ogerpon-Wellspring, F|100\/100\n|move|p2a: Chandelure|Shadow Ball|p1a: Ogerpon\n|-damage|p1a: Ogerpon|8\/100\n|\n|upkeep\n|turn|20\n|\n|t:|1700721796\n|move|p1a: Ogerpon|Ivy Cudgel|p2a: Chandelure|[anim] Ivy Cudgel Water\n|-supereffective|p2a: Chandelure\n|-damage|p2a: Chandelure|0 fnt\n|faint|p2a: Chandelure\n|\n|upkeep\n|\n|t:|1700721801\n|switch|p2a: Ninetales|Ninetales-Alola, F|17\/100\n|-weather|Snow|[from] ability: Snow Warning|[of] p2a: Ninetales\n|turn|21\n|\n|t:|1700721807\n|move|p1a: Ogerpon|Ivy Cudgel|p2a: Ninetales|[anim] Ivy Cudgel Water\n|-damage|p2a: Ninetales|0 fnt\n|faint|p2a: Ninetales\n|\n|-weather|Snow|[upkeep]\n|upkeep\n|\n|t:|1700721813\n|switch|p2a: Sandslash|Sandslash-Alola, M|100\/100\n|turn|22\n|\n|t:|1700721828\n|move|p2a: Sandslash|Iron Head|p1a: Ogerpon\n|-resisted|p1a: Ogerpon\n|-damage|p1a: Ogerpon|0 fnt\n|faint|p1a: Ogerpon\n|\n|-weather|Snow|[upkeep]\n|-sideend|p2: PhoenixTheYokai|move: Aurora Veil\n|upkeep\n|\n|t:|1700721832\n|switch|p1a: Iron Valiant|Iron Valiant|100\/100\n|turn|23\n|\n|t:|1700721850\n|-end|p1a: Iron Valiant|Quark Drive|[silent]\n|switch|p1a: Iron Moth|Iron Moth|24\/100\n|move|p2a: Sandslash|Iron Head|p1a: Iron Moth\n|-resisted|p1a: Iron Moth\n|-damage|p1a: Iron Moth|0 fnt\n|faint|p1a: Iron Moth\n|-end|p1a: Iron Moth|Quark Drive|[silent]\n|\n|-weather|Snow|[upkeep]\n|upkeep\n|\n|t:|1700721858\n|switch|p1a: Iron Valiant|Iron Valiant|100\/100\n|turn|24\n|\n|t:|1700721863\n|-terastallize|p1a: Iron Valiant|Fairy\n|move|p2a: Sandslash|Iron Head|p1a: Iron Valiant\n|-supereffective|p1a: Iron Valiant\n|-damage|p1a: Iron Valiant|0 fnt\n|faint|p1a: Iron Valiant\n|-end|p1a: Iron Valiant|Quark Drive|[silent]\n|\n|win|PhoenixTheYokai\n|raw|Opera34340's rating: 1281 &rarr; <strong>1250<\/strong><br \/>(-31 for losing)\n|raw|PhoenixTheYokai's rating: 1200 &rarr; <strong>1231<\/strong><br \/>(+31 for winning)\n|l|\u2606Opera34340\n","uploadtime":1700721870,"views":3,"p1id":"opera34340","p2id":"phoenixtheyokai","formatid":"gen9ou","rating":1231,"private":0,"password":""}