{"id":"gen9ou-1997220701","p1":"HGKGJHGHJ","p2":"camygonzapancake","format":"[Gen 9] OU","log":"|j|\u2606HGKGJHGHJ\n|j|\u2606camygonzapancake\n|t:|1700777062\n|gametype|singles\n|player|p1|HGKGJHGHJ|1|1144\n|player|p2|camygonzapancake|caitlin|1175\n|teamsize|p1|6\n|teamsize|p2|6\n|gen|9\n|tier|[Gen 9] OU\n|rated|\n|rule|Sleep Clause Mod: Limit one foe put to sleep\n|rule|Species Clause: Limit one of each Pok\u00e9mon\n|rule|OHKO Clause: OHKO moves are banned\n|rule|Evasion Items Clause: Evasion items are banned\n|rule|Evasion Moves Clause: Evasion moves are banned\n|rule|Endless Battle Clause: Forcing endless battles is banned\n|rule|HP Percentage Mod: HP is shown in percentages\n|clearpoke\n|poke|p1|Ditto|\n|poke|p1|Manaphy|\n|poke|p1|Garganacl, M|\n|poke|p1|Cresselia, F|\n|poke|p1|Zapdos|\n|poke|p1|Greninja-*, M|\n|poke|p2|Ceruledge, F|\n|poke|p2|Meowscarada, F|\n|poke|p2|Kilowattrel, M|\n|poke|p2|Grafaiai, M|\n|poke|p2|Tauros-Paldea-Aqua, M|\n|poke|p2|Iron Moth|\n|teampreview\n|\n|t:|1700777083\n|start\n|switch|p1a: Zapdos|Zapdos|100\/100\n|switch|p2a: Grafaiai|Grafaiai, M|100\/100\n|turn|1\n|\n|t:|1700777090\n|switch|p1a: Garganacl|Garganacl, M|100\/100\n|move|p2a: Grafaiai|Toxic|p1a: Garganacl\n|-immune|p1a: Garganacl|[from] ability: Purifying Salt\n|\n|upkeep\n|turn|2\n|\n|t:|1700777118\n|move|p2a: Grafaiai|Taunt|p1a: Garganacl\n|-start|p1a: Garganacl|move: Taunt\n|move|p1a: Garganacl|Salt Cure|p2a: Grafaiai\n|-damage|p2a: Grafaiai|73\/100\n|-start|p2a: Grafaiai|Salt Cure\n|\n|-damage|p2a: Grafaiai|61\/100|[from] Salt Cure\n|upkeep\n|turn|3\n|\n|t:|1700777148\n|move|p2a: Grafaiai|Parting Shot|p1a: Garganacl\n|-unboost|p1a: Garganacl|atk|1\n|-unboost|p1a: Garganacl|spa|1\n|\n|t:|1700777190\n|switch|p2a: Meowscarada|Meowscarada, F|100\/100|[from] Parting Shot\n|move|p1a: Garganacl|Salt Cure|p2a: Meowscarada\n|-damage|p2a: Meowscarada|85\/100\n|-start|p2a: Meowscarada|Salt Cure\n|\n|-damage|p2a: Meowscarada|73\/100|[from] Salt Cure\n|upkeep\n|turn|4\n|\n|t:|1700777201\n|switch|p1a: Zapdos|Zapdos|100\/100\n|move|p2a: Meowscarada|Flower Trick|p1a: Zapdos\n|-start|p2a: Meowscarada|typechange|Grass|[from] ability: Protean\n|-resisted|p1a: Zapdos\n|-crit|p1a: Zapdos\n|-damage|p1a: Zapdos|64\/100\n|\n|-damage|p2a: Meowscarada|61\/100|[from] Salt Cure\n|upkeep\n|turn|5\n|\n|t:|1700777214\n|switch|p2a: Kilowattrel|Kilowattrel, M|100\/100\n|move|p1a: Zapdos|Roost|p1a: Zapdos\n|-heal|p1a: Zapdos|100\/100\n|-singleturn|p1a: Zapdos|move: Roost\n|\n|upkeep\n|turn|6\n|\n|t:|1700777226\n|switch|p1a: Garganacl|Garganacl, M|100\/100\n|move|p2a: Kilowattrel|Thunderbolt|p1a: Garganacl\n|-damage|p1a: Garganacl|75\/100\n|\n|-heal|p1a: Garganacl|81\/100|[from] item: Leftovers\n|upkeep\n|turn|7\n|\n|t:|1700777234\n|move|p2a: Kilowattrel|Volt Switch|p1a: Garganacl\n|-damage|p1a: Garganacl|62\/100\n|\n|t:|1700777244\n|switch|p2a: Tauros|Tauros-Paldea-Aqua, M|100\/100|[from] Volt Switch\n|-ability|p2a: Tauros|Intimidate|boost\n|-unboost|p1a: Garganacl|atk|1\n|move|p1a: Garganacl|Salt Cure|p2a: Tauros\n|-resisted|p2a: Tauros\n|-crit|p2a: Tauros\n|-damage|p2a: Tauros|90\/100\n|-start|p2a: Tauros|Salt Cure\n|\n|-heal|p1a: Garganacl|68\/100|[from] item: Leftovers\n|-damage|p2a: Tauros|65\/100|[from] Salt Cure\n|upkeep\n|turn|8\n|\n|t:|1700777259\n|switch|p1a: Manaphy|Manaphy|100\/100\n|move|p2a: Tauros|Close Combat|p1a: Manaphy\n|-damage|p1a: Manaphy|63\/100\n|-unboost|p2a: Tauros|def|1\n|-unboost|p2a: Tauros|spd|1\n|\n|-heal|p1a: Manaphy|70\/100|[from] item: Leftovers\n|-damage|p2a: Tauros|40\/100|[from] Salt Cure\n|upkeep\n|turn|9\n|\n|t:|1700777271\n|switch|p2a: Kilowattrel|Kilowattrel, M|100\/100\n|move|p1a: Manaphy|Scald|p2a: Kilowattrel\n|-damage|p2a: Kilowattrel|52\/100\n|\n|-heal|p1a: Manaphy|76\/100|[from] item: Leftovers\n|upkeep\n|turn|10\n|\n|t:|1700777280\n|switch|p1a: Garganacl|Garganacl, M|68\/100\n|move|p2a: Kilowattrel|Thunder Wave|p1a: Garganacl\n|-immune|p1a: Garganacl|[from] ability: Purifying Salt\n|\n|-heal|p1a: Garganacl|74\/100|[from] item: Leftovers\n|upkeep\n|turn|11\n|\n|t:|1700777289\n|move|p2a: Kilowattrel|Volt Switch|p1a: Garganacl\n|-damage|p1a: Garganacl|53\/100\n|\n|t:|1700777297\n|switch|p2a: Tauros|Tauros-Paldea-Aqua, M|40\/100|[from] Volt Switch\n|-ability|p2a: Tauros|Intimidate|boost\n|-unboost|p1a: Garganacl|atk|1\n|move|p1a: Garganacl|Salt Cure|p2a: Tauros\n|-resisted|p2a: Tauros\n|-damage|p2a: Tauros|36\/100\n|-start|p2a: Tauros|Salt Cure\n|\n|-heal|p1a: Garganacl|59\/100|[from] item: Leftovers\n|-damage|p2a: Tauros|12\/100|[from] Salt Cure\n|upkeep\n|turn|12\n|\n|t:|1700777318\n|switch|p1a: Zapdos|Zapdos|100\/100\n|move|p2a: Tauros|Liquidation|p1a: Zapdos\n|-damage|p1a: Zapdos|56\/100\n|\n|-damage|p2a: Tauros|0 fnt|[from] Salt Cure\n|faint|p2a: Tauros\n|upkeep\n|\n|t:|1700777331\n|switch|p2a: Grafaiai|Grafaiai, M|61\/100\n|turn|13\n|\n|t:|1700777336\n|switch|p1a: Garganacl|Garganacl, M|59\/100\n|move|p2a: Grafaiai|Toxic|p1a: Garganacl\n|-immune|p1a: Garganacl|[from] ability: Purifying Salt\n|\n|-heal|p1a: Garganacl|66\/100|[from] item: Leftovers\n|upkeep\n|turn|14\n|\n|t:|1700777346\n|move|p2a: Grafaiai|Parting Shot|p1a: Garganacl\n|-unboost|p1a: Garganacl|atk|1\n|-unboost|p1a: Garganacl|spa|1\n|\n|t:|1700777368\n|switch|p2a: Meowscarada|Meowscarada, F|61\/100|[from] Parting Shot\n|move|p1a: Garganacl|Salt Cure|p2a: Meowscarada\n|-damage|p2a: Meowscarada|46\/100\n|-start|p2a: Meowscarada|Salt Cure\n|\n|-heal|p1a: Garganacl|72\/100|[from] item: Leftovers\n|-damage|p2a: Meowscarada|34\/100|[from] Salt Cure\n|upkeep\n|turn|15\n|\n|t:|1700777380\n|switch|p1a: Zapdos|Zapdos|56\/100\n|move|p2a: Meowscarada|Knock Off|p1a: Zapdos\n|-start|p2a: Meowscarada|typechange|Dark|[from] ability: Protean\n|-damage|p1a: Zapdos|0 fnt\n|-enditem|p1a: Zapdos|Heavy-Duty Boots|[from] move: Knock Off|[of] p2a: Meowscarada\n|faint|p1a: Zapdos\n|\n|-damage|p2a: Meowscarada|22\/100|[from] Salt Cure\n|upkeep\n|\n|t:|1700777388\n|switch|p1a: Greninja|Greninja, M|100\/100\n|turn|16\n|\n|t:|1700777393\n|switch|p2a: Grafaiai|Grafaiai, M|61\/100\n|-terastallize|p1a: Greninja|Water\n|move|p1a: Greninja|Water Shuriken|p2a: Grafaiai\n|-damage|p2a: Grafaiai|40\/100\n|-damage|p2a: Grafaiai|20\/100\n|-hitcount|p2a: Grafaiai|2\n|-damage|p1a: Greninja|91\/100|[from] item: Life Orb\n|\n|upkeep\n|turn|17\n|\n|t:|1700777406\n|move|p1a: Greninja|Water Shuriken|p2a: Grafaiai\n|-damage|p2a: Grafaiai|0 fnt\n|faint|p2a: Grafaiai\n|-ability|p1a: Greninja|Battle Bond|boost\n|-boost|p1a: Greninja|atk|1\n|-boost|p1a: Greninja|spa|1\n|-boost|p1a: Greninja|spe|1\n|-activate|p1a: Greninja|ability: Battle Bond\n|-hitcount|p2: Grafaiai|1\n|-damage|p1a: Greninja|81\/100|[from] item: Life Orb\n|\n|upkeep\n|\n|t:|1700777415\n|switch|p2a: Ceruledge|Ceruledge, F|100\/100\n|turn|18\n|\n|t:|1700777420\n|move|p1a: Greninja|Surf|p2a: Ceruledge\n|-supereffective|p2a: Ceruledge\n|-damage|p2a: Ceruledge|0 fnt\n|faint|p2a: Ceruledge\n|-damage|p1a: Greninja|71\/100|[from] item: Life Orb\n|\n|upkeep\n|\n|t:|1700777434\n|switch|p2a: Kilowattrel|Kilowattrel, M|52\/100\n|turn|19\n|\n|t:|1700777440\n|move|p1a: Greninja|Ice Beam|p2a: Kilowattrel\n|-supereffective|p2a: Kilowattrel\n|-damage|p2a: Kilowattrel|0 fnt\n|faint|p2a: Kilowattrel\n|-damage|p1a: Greninja|61\/100|[from] item: Life Orb\n|\n|upkeep\n|inactive|Battle timer is ON: inactive players will automatically lose when time's up. (requested by HGKGJHGHJ)\n|\n|t:|1700777466\n|switch|p2a: Iron Moth|Iron Moth|100\/100\n|-enditem|p2a: Iron Moth|Booster Energy\n|-activate|p2a: Iron Moth|ability: Quark Drive|[fromitem]\n|-start|p2a: Iron Moth|quarkdrivespa\n|turn|20\n|\n|t:|1700777471\n|move|p1a: Greninja|Surf|p2a: Iron Moth\n|-supereffective|p2a: Iron Moth\n|-damage|p2a: Iron Moth|0 fnt\n|faint|p2a: Iron Moth\n|-end|p2a: Iron Moth|Quark Drive|[silent]\n|-damage|p1a: Greninja|51\/100|[from] item: Life Orb\n|\n|upkeep\n|\n|t:|1700777486\n|switch|p2a: Meowscarada|Meowscarada, F|22\/100\n|turn|21\n|\n|t:|1700777492\n|move|p1a: Greninja|Ice Beam|p2a: Meowscarada\n|-supereffective|p2a: Meowscarada\n|-damage|p2a: Meowscarada|0 fnt\n|faint|p2a: Meowscarada\n|-damage|p1a: Greninja|42\/100|[from] item: Life Orb\n|\n|win|HGKGJHGHJ\n|raw|HGKGJHGHJ's rating: 1144 &rarr; <strong>1171<\/strong><br \/>(+27 for winning)\n|raw|camygonzapancake's rating: 1175 &rarr; <strong>1148<\/strong><br \/>(-27 for losing)\n|l|\u2606camygonzapancake\n","uploadtime":1700777544,"views":8,"p1id":"hgkgjhghj","p2id":"camygonzapancake","formatid":"gen9ou","rating":1148,"private":0,"password":""}