{"id":"gen9ou-1994894358","p1":"perol","p2":"Willooversace","format":"[Gen 9] OU","log":"|j|\u2606perol\n|j|\u2606Willooversace\n|t:|1700502449\n|gametype|singles\n|player|p1|perol|alder|1472\n|player|p2|Willooversace|n|1427\n|teamsize|p1|6\n|teamsize|p2|6\n|gen|9\n|tier|[Gen 9] OU\n|rated|\n|rule|Sleep Clause Mod: Limit one foe put to sleep\n|rule|Species Clause: Limit one of each Pok\u00e9mon\n|rule|OHKO Clause: OHKO moves are banned\n|rule|Evasion Items Clause: Evasion items are banned\n|rule|Evasion Moves Clause: Evasion moves are banned\n|rule|Endless Battle Clause: Forcing endless battles is banned\n|rule|HP Percentage Mod: HP is shown in percentages\n|clearpoke\n|poke|p1|Gholdengo|\n|poke|p1|Garganacl, M|\n|poke|p1|Samurott-Hisui, F|\n|poke|p1|Ogerpon-Wellspring, F|\n|poke|p1|Slowking-Galar, F|\n|poke|p1|Landorus-Therian, M|\n|poke|p2|Zamazenta-*|\n|poke|p2|Great Tusk|\n|poke|p2|Slowking-Galar, M|\n|poke|p2|Dragapult, M|\n|poke|p2|Samurott-Hisui, F|\n|poke|p2|Kingambit, F|\n|teampreview\n|\n|t:|1700502458\n|start\n|switch|p1a: Samurott|Samurott-Hisui, F|100\/100\n|switch|p2a: Samurott|Samurott-Hisui, F|100\/100\n|turn|1\n|c|\u2606perol|Did we battle this morning?\n|\n|t:|1700502470\n|move|p2a: Samurott|Ceaseless Edge|p1a: Samurott\n|-resisted|p1a: Samurott\n|-damage|p1a: Samurott|74\/100\n|-sidestart|p1: perol|Spikes\n|move|p1a: Samurott|Ceaseless Edge|p2a: Samurott|[miss]\n|-miss|p1a: Samurott|p2a: Samurott\n|\n|-heal|p1a: Samurott|81\/100|[from] item: Leftovers\n|upkeep\n|turn|2\n|\n|t:|1700502480\n|move|p1a: Samurott|Ceaseless Edge|p2a: Samurott\n|-resisted|p2a: Samurott\n|-damage|p2a: Samurott|72\/100\n|-sidestart|p2: Willooversace|Spikes\n|move|p2a: Samurott|Ceaseless Edge|p1a: Samurott\n|-resisted|p1a: Samurott\n|-damage|p1a: Samurott|54\/100\n|-sidestart|p1: perol|Spikes\n|\n|-heal|p1a: Samurott|61\/100|[from] item: Leftovers\n|upkeep\n|turn|3\n|\n|t:|1700502490\n|move|p2a: Samurott|Razor Shell|p1a: Samurott\n|-resisted|p1a: Samurott\n|-damage|p1a: Samurott|27\/100\n|move|p1a: Samurott|Ceaseless Edge|p2a: Samurott\n|-resisted|p2a: Samurott\n|-damage|p2a: Samurott|43\/100\n|-sidestart|p2: Willooversace|Spikes\n|\n|-heal|p1a: Samurott|34\/100|[from] item: Leftovers\n|upkeep\n|turn|4\n|\n|t:|1700502500\n|move|p1a: Samurott|Sacred Sword|p2a: Samurott\n|-supereffective|p2a: Samurott\n|-damage|p2a: Samurott|0 fnt\n|faint|p2a: Samurott\n|\n|-heal|p1a: Samurott|40\/100|[from] item: Leftovers\n|upkeep\n|\n|t:|1700502515\n|switch|p2a: Great Tusk|Great Tusk|100\/100\n|-damage|p2a: Great Tusk|84\/100|[from] Spikes\n|turn|5\n|inactive|Battle timer is ON: inactive players will automatically lose when time's up. (requested by perol)\n|\n|t:|1700502521\n|move|p1a: Samurott|Aqua Cutter|p2a: Great Tusk\n|-supereffective|p2a: Great Tusk\n|-damage|p2a: Great Tusk|41\/100\n|move|p2a: Great Tusk|Knock Off|p1a: Samurott\n|-resisted|p1a: Samurott\n|-damage|p1a: Samurott|22\/100\n|-enditem|p1a: Samurott|Leftovers|[from] move: Knock Off|[of] p2a: Great Tusk\n|\n|-heal|p2a: Great Tusk|47\/100|[from] item: Leftovers\n|upkeep\n|turn|6\n|\n|t:|1700502532\n|switch|p1a: Gholdengo|Gholdengo|100\/100\n|-item|p1a: Gholdengo|Air Balloon\n|move|p2a: Great Tusk|Rapid Spin|p1a: Gholdengo\n|-immune|p1a: Gholdengo\n|\n|-heal|p2a: Great Tusk|53\/100|[from] item: Leftovers\n|upkeep\n|turn|7\n|\n|t:|1700502542\n|-end|p2a: Great Tusk|Protosynthesis|[silent]\n|switch|p2a: Slowking|Slowking-Galar, M|100\/100\n|move|p1a: Gholdengo|Dazzling Gleam|p2a: Slowking\n|-resisted|p2a: Slowking\n|-damage|p2a: Slowking|93\/100\n|\n|upkeep\n|turn|8\n|\n|t:|1700502550\n|switch|p1a: Samurott|Samurott-Hisui, F|22\/100\n|-damage|p1a: Samurott|6\/100|[from] Spikes\n|move|p2a: Slowking|Chilly Reception|p2a: Slowking\n|-weather|Snow\n|\n|t:|1700502559\n|switch|p2a: Great Tusk|Great Tusk|53\/100|[from] Chilly Reception\n|-damage|p2a: Great Tusk|37\/100|[from] Spikes\n|\n|-weather|Snow|[upkeep]\n|-heal|p2a: Great Tusk|43\/100|[from] item: Leftovers\n|upkeep\n|turn|9\n|\n|t:|1700502567\n|move|p1a: Samurott|Aqua Cutter|p2a: Great Tusk\n|-supereffective|p2a: Great Tusk\n|-damage|p2a: Great Tusk|0 fnt\n|faint|p2a: Great Tusk\n|-end|p2a: Great Tusk|Protosynthesis|[silent]\n|\n|-weather|Snow|[upkeep]\n|upkeep\n|\n|t:|1700502581\n|switch|p2a: Dragapult|Dragapult, M|100\/100\n|-damage|p2a: Dragapult|84\/100|[from] Spikes\n|turn|10\n|\n|t:|1700502589\n|switch|p1a: Landorus|Landorus-Therian, M|100\/100\n|-ability|p1a: Landorus|Intimidate|boost\n|-unboost|p2a: Dragapult|atk|1\n|move|p2a: Dragapult|Shadow Ball|p1a: Landorus\n|-damage|p1a: Landorus|48\/100\n|-unboost|p1a: Landorus|spd|1\n|\n|-weather|Snow|[upkeep]\n|upkeep\n|turn|11\n|\n|t:|1700502599\n|switch|p1a: Garganacl|Garganacl, M|100\/100\n|-damage|p1a: Garganacl|84\/100|[from] Spikes\n|move|p2a: Dragapult|Shadow Ball|p1a: Garganacl\n|-damage|p1a: Garganacl|66\/100\n|-unboost|p1a: Garganacl|spd|1\n|\n|-weather|Snow|[upkeep]\n|-heal|p1a: Garganacl|73\/100|[from] item: Leftovers\n|upkeep\n|turn|12\n|\n|t:|1700502614\n|switch|p2a: Zamazenta|Zamazenta|100\/100\n|-damage|p2a: Zamazenta|84\/100|[from] Spikes\n|-ability|p2a: Zamazenta|Dauntless Shield|boost\n|-boost|p2a: Zamazenta|def|1\n|move|p1a: Garganacl|Salt Cure|p2a: Zamazenta\n|-resisted|p2a: Zamazenta\n|-damage|p2a: Zamazenta|80\/100\n|-start|p2a: Zamazenta|Salt Cure\n|\n|-weather|none\n|-heal|p2a: Zamazenta|87\/100|[from] item: Leftovers\n|-heal|p1a: Garganacl|79\/100|[from] item: Leftovers\n|-damage|p2a: Zamazenta|74\/100|[from] Salt Cure\n|upkeep\n|turn|13\n|\n|t:|1700502628\n|switch|p1a: Slowking|Slowking-Galar, F|100\/100\n|-damage|p1a: Slowking|84\/100|[from] Spikes\n|move|p2a: Zamazenta|Crunch|p1a: Slowking\n|-supereffective|p1a: Slowking\n|-damage|p1a: Slowking|37\/100\n|\n|-heal|p2a: Zamazenta|80\/100|[from] item: Leftovers\n|-heal|p1a: Slowking|43\/100|[from] item: Black Sludge\n|-damage|p2a: Zamazenta|68\/100|[from] Salt Cure\n|upkeep\n|turn|14\n|\n|t:|1700502640\n|switch|p2a: Dragapult|Dragapult, M|84\/100\n|-damage|p2a: Dragapult|68\/100|[from] Spikes\n|switch|p1a: Landorus|Landorus-Therian, M|48\/100\n|-ability|p1a: Landorus|Intimidate|boost\n|-unboost|p2a: Dragapult|atk|1\n|\n|upkeep\n|turn|15\n|\n|t:|1700502653\n|switch|p1a: Samurott|Samurott-Hisui, F|6\/100\n|-damage|p1a: Samurott|0 fnt|[from] Spikes\n|faint|p1a: Samurott\n|move|p2a: Dragapult|Draco Meteor|p1: Samurott|[notarget]\n|-fail|p2a: Dragapult\n|\n|upkeep\n|\n|t:|1700502664\n|switch|p1a: Gholdengo|Gholdengo|100\/100\n|-item|p1a: Gholdengo|Air Balloon\n|turn|16\n|\n|t:|1700502675\n|switch|p2a: Kingambit|Kingambit, F|100\/100\n|-damage|p2a: Kingambit|84\/100|[from] Spikes\n|-activate|p2a: Kingambit|ability: Supreme Overlord\n|-start|p2a: Kingambit|fallen2|[silent]\n|move|p1a: Gholdengo|Shadow Ball|p2a: Kingambit\n|-resisted|p2a: Kingambit\n|-damage|p2a: Kingambit|64\/100\n|\n|-heal|p2a: Kingambit|70\/100|[from] item: Leftovers\n|upkeep\n|turn|17\n|\n|t:|1700502699\n|switch|p1a: Landorus|Landorus-Therian, M|48\/100\n|-ability|p1a: Landorus|Intimidate|boost\n|-unboost|p2a: Kingambit|atk|1\n|move|p2a: Kingambit|Kowtow Cleave|p1a: Landorus\n|-damage|p1a: Landorus|22\/100\n|-damage|p2a: Kingambit|53\/100|[from] item: Rocky Helmet|[of] p1a: Landorus\n|\n|-heal|p2a: Kingambit|59\/100|[from] item: Leftovers\n|upkeep\n|turn|18\n|\n|t:|1700502713\n|-end|p2a: Kingambit|fallen2|[silent]\n|switch|p2a: Zamazenta|Zamazenta|68\/100\n|-damage|p2a: Zamazenta|51\/100|[from] Spikes\n|move|p1a: Landorus|Stealth Rock|p2a: Zamazenta\n|-sidestart|p2: Willooversace|move: Stealth Rock\n|\n|-heal|p2a: Zamazenta|58\/100|[from] item: Leftovers\n|upkeep\n|turn|19\n|\n|t:|1700502723\n|move|p2a: Zamazenta|Iron Defense|p2a: Zamazenta\n|-boost|p2a: Zamazenta|def|2\n|move|p1a: Landorus|Earth Power|p2a: Zamazenta\n|-damage|p2a: Zamazenta|30\/100\n|\n|-heal|p2a: Zamazenta|36\/100|[from] item: Leftovers\n|upkeep\n|turn|20\n|\n|t:|1700502731\n|move|p2a: Zamazenta|Body Press|p1a: Landorus\n|-resisted|p1a: Landorus\n|-damage|p1a: Landorus|0 fnt\n|-damage|p2a: Zamazenta|19\/100|[from] item: Rocky Helmet|[of] p1a: Landorus\n|faint|p1a: Landorus\n|\n|-heal|p2a: Zamazenta|26\/100|[from] item: Leftovers\n|upkeep\n|\n|t:|1700502746\n|switch|p1a: Gholdengo|Gholdengo|100\/100\n|-item|p1a: Gholdengo|Air Balloon\n|turn|21\n|\n|t:|1700502755\n|-terastallize|p1a: Gholdengo|Fairy\n|move|p2a: Zamazenta|Crunch|p1a: Gholdengo\n|-resisted|p1a: Gholdengo\n|-damage|p1a: Gholdengo|94\/100\n|-enditem|p1a: Gholdengo|Air Balloon\n|move|p1a: Gholdengo|Dazzling Gleam|p2a: Zamazenta\n|-supereffective|p2a: Zamazenta\n|-damage|p2a: Zamazenta|0 fnt\n|faint|p2a: Zamazenta\n|\n|upkeep\n|\n|t:|1700502765\n|switch|p2a: Kingambit|Kingambit, F|59\/100\n|-damage|p2a: Kingambit|43\/100|[from] Spikes\n|-damage|p2a: Kingambit|37\/100|[from] Stealth Rock\n|-activate|p2a: Kingambit|ability: Supreme Overlord\n|-start|p2a: Kingambit|fallen3|[silent]\n|turn|22\n|\n|t:|1700502772\n|move|p1a: Gholdengo|Dazzling Gleam|p2a: Kingambit\n|-damage|p2a: Kingambit|0 fnt\n|faint|p2a: Kingambit\n|-end|p2a: Kingambit|fallen3|[silent]\n|\n|upkeep\n|-message|Willooversace forfeited.\n|\n|win|perol\n|raw|perol's rating: 1472 &rarr; <strong>1489<\/strong><br \/>(+17 for winning)\n|raw|Willooversace's rating: 1427 &rarr; <strong>1410<\/strong><br \/>(-17 for losing)\n|l|\u2606Willooversace\n","uploadtime":1700502817,"views":9,"p1id":"perol","p2id":"willooversace","formatid":"gen9ou","rating":1410,"private":0,"password":""}