{"id":"gen9ou-1997109263","p1":"Steez Ibanez","p2":"CaptainGrungo","format":"[Gen 9] OU","log":"|j|\u2606Steez Ibanez\n|j|\u2606CaptainGrungo\n|t:|1700765424\n|gametype|singles\n|player|p1|Steez Ibanez|lance-gen2|1869\n|player|p2|CaptainGrungo|plasmagrunt|1861\n|teamsize|p1|6\n|teamsize|p2|6\n|gen|9\n|tier|[Gen 9] OU\n|rated|\n|rule|Sleep Clause Mod: Limit one foe put to sleep\n|rule|Species Clause: Limit one of each Pok\u00e9mon\n|rule|OHKO Clause: OHKO moves are banned\n|rule|Evasion Items Clause: Evasion items are banned\n|rule|Evasion Moves Clause: Evasion moves are banned\n|rule|Endless Battle Clause: Forcing endless battles is banned\n|rule|HP Percentage Mod: HP is shown in percentages\n|clearpoke\n|poke|p1|Dragapult, M|\n|poke|p1|Zapdos|\n|poke|p1|Kingambit, M|\n|poke|p1|Iron Moth|\n|poke|p1|Ting-Lu|\n|poke|p1|Samurott-Hisui, M|\n|poke|p2|Iron Valiant|\n|poke|p2|Goodra-Hisui, M|\n|poke|p2|Okidogi, M|\n|poke|p2|Glimmora, F|\n|poke|p2|Yanmega, M|\n|poke|p2|Garganacl, M|\n|teampreview\n|\n|t:|1700765434\n|start\n|switch|p1a: Clicker|Ting-Lu|100\/100\n|switch|p2a: Yanmega|Yanmega, M|100\/100\n|-ability|p1a: Clicker|Vessel of Ruin\n|turn|1\n|\n|t:|1700765440\n|-terastallize|p1a: Clicker|Poison\n|move|p2a: Yanmega|Bug Buzz|p1a: Clicker\n|-resisted|p1a: Clicker\n|-damage|p1a: Clicker|90\/100\n|move|p1a: Clicker|Stealth Rock|p2a: Yanmega\n|-sidestart|p2: CaptainGrungo|move: Stealth Rock\n|\n|-heal|p1a: Clicker|96\/100|[from] item: Leftovers\n|-ability|p2a: Yanmega|Speed Boost|boost\n|-boost|p2a: Yanmega|spe|1\n|upkeep\n|turn|2\n|\n|t:|1700765448\n|move|p2a: Yanmega|Air Slash|p1a: Clicker\n|-damage|p1a: Clicker|78\/100\n|cant|p1a: Clicker|flinch\n|\n|-heal|p1a: Clicker|85\/100|[from] item: Leftovers\n|-ability|p2a: Yanmega|Speed Boost|boost\n|-boost|p2a: Yanmega|spe|1\n|upkeep\n|turn|3\n|\n|t:|1700765455\n|move|p2a: Yanmega|Air Slash|p1a: Clicker\n|-damage|p1a: Clicker|69\/100\n|move|p1a: Clicker|Whirlwind|p2a: Yanmega\n|drag|p2a: Okidogi|Okidogi, M|100\/100\n|-damage|p2a: Okidogi|94\/100|[from] Stealth Rock\n|\n|-heal|p2a: Okidogi|100\/100|[from] item: Leftovers\n|-heal|p1a: Clicker|75\/100|[from] item: Leftovers\n|upkeep\n|turn|4\n|\n|t:|1700765464\n|move|p2a: Okidogi|Knock Off|p1a: Clicker\n|-damage|p1a: Clicker|55\/100\n|-enditem|p1a: Clicker|Leftovers|[from] move: Knock Off|[of] p2a: Okidogi\n|move|p1a: Clicker|Earthquake|p2a: Okidogi\n|-supereffective|p2a: Okidogi\n|-damage|p2a: Okidogi|44\/100\n|\n|-heal|p2a: Okidogi|50\/100|[from] item: Leftovers\n|upkeep\n|turn|5\n|\n|t:|1700765472\n|switch|p2a: Yanmega|Yanmega, M|100\/100\n|move|p1a: Clicker|Earthquake|p2a: Yanmega\n|-immune|p2a: Yanmega\n|\n|upkeep\n|turn|6\n|\n|t:|1700765478\n|switch|p1a: Zeus|Zapdos|100\/100\n|move|p2a: Yanmega|Air Slash|p1a: Zeus\n|-resisted|p1a: Zeus\n|-damage|p1a: Zeus|82\/100\n|\n|-ability|p2a: Yanmega|Speed Boost|boost\n|-boost|p2a: Yanmega|spe|1\n|upkeep\n|turn|7\n|\n|t:|1700765485\n|-terastallize|p2a: Yanmega|Ice\n|move|p2a: Yanmega|Tera Blast|p1a: Zeus|[anim] Tera Blast Ice\n|-supereffective|p1a: Zeus\n|-damage|p1a: Zeus|4\/100\n|move|p1a: Zeus|Volt Switch|p2a: Yanmega\n|-damage|p2a: Yanmega|52\/100\n|\n|t:|1700765495\n|switch|p1a: Amaterasu|Iron Moth|100\/100|[from] Volt Switch\n|\n|-ability|p2a: Yanmega|Speed Boost|boost\n|-boost|p2a: Yanmega|spe|1\n|upkeep\n|turn|8\n|\n|t:|1700765501\n|switch|p2a: Goodra|Goodra-Hisui, M|100\/100\n|-damage|p2a: Goodra|94\/100|[from] Stealth Rock\n|move|p1a: Amaterasu|Flamethrower|p2a: Goodra\n|-damage|p2a: Goodra|74\/100\n|-status|p2a: Goodra|brn\n|\n|-damage|p2a: Goodra|68\/100 brn|[from] brn\n|upkeep\n|turn|9\n|\n|t:|1700765510\n|-end|p1a: Amaterasu|Quark Drive|[silent]\n|switch|p1a: Darth Tyranus|Samurott-Hisui, M|100\/100\n|move|p2a: Goodra|Earthquake|p1a: Darth Tyranus\n|-damage|p1a: Darth Tyranus|84\/100\n|\n|-damage|p2a: Goodra|62\/100 brn|[from] brn\n|upkeep\n|turn|10\n|\n|t:|1700765518\n|move|p1a: Darth Tyranus|Ceaseless Edge|p2a: Goodra\n|-damage|p2a: Goodra|22\/100 brn\n|-ability|p2a: Goodra|Gooey\n|-unboost|p1a: Darth Tyranus|spe|1\n|-sidestart|p2: CaptainGrungo|Spikes\n|move|p2a: Goodra|Dragon Tail|p1a: Darth Tyranus\n|-damage|p1a: Darth Tyranus|68\/100\n|drag|p1a: Clicker|Ting-Lu, tera:Poison|55\/100\n|-ability|p1a: Clicker|Vessel of Ruin\n|\n|-damage|p2a: Goodra|16\/100 brn|[from] brn\n|upkeep\n|turn|11\n|\n|t:|1700765529\n|switch|p1a: Darth Tyranus|Samurott-Hisui, M|68\/100\n|move|p2a: Goodra|Earthquake|p1a: Darth Tyranus\n|-damage|p1a: Darth Tyranus|51\/100\n|\n|-damage|p2a: Goodra|10\/100 brn|[from] brn\n|upkeep\n|turn|12\n|\n|t:|1700765537\n|move|p1a: Darth Tyranus|Ceaseless Edge|p2a: Goodra\n|-damage|p2a: Goodra|0 fnt\n|-ability|p2a: Goodra|Gooey\n|-unboost|p1a: Darth Tyranus|spe|1\n|-sidestart|p2: CaptainGrungo|Spikes\n|faint|p2a: Goodra\n|\n|upkeep\n|\n|t:|1700765547\n|switch|p2a: Glimmora|Glimmora, F|100\/100\n|-damage|p2a: Glimmora|88\/100|[from] Stealth Rock\n|-damage|p2a: Glimmora|72\/100|[from] Spikes\n|turn|13\n|\n|t:|1700765553\n|switch|p1a: Final Boss|Kingambit, M|100\/100\n|move|p2a: Glimmora|Spikes|p1a: Final Boss\n|-sidestart|p1: Steez Ibanez|Spikes\n|\n|upkeep\n|turn|14\n|\n|t:|1700765567\n|switch|p2a: Okidogi|Okidogi, M|50\/100\n|-damage|p2a: Okidogi|44\/100|[from] Stealth Rock\n|-damage|p2a: Okidogi|27\/100|[from] Spikes\n|move|p1a: Final Boss|Iron Head|p2a: Okidogi\n|-damage|p2a: Okidogi|0 fnt\n|faint|p2a: Okidogi\n|\n|upkeep\n|\n|t:|1700765577\n|switch|p2a: Iron Valiant|Iron Valiant|100\/100\n|-damage|p2a: Iron Valiant|94\/100|[from] Stealth Rock\n|-damage|p2a: Iron Valiant|78\/100|[from] Spikes\n|-enditem|p2a: Iron Valiant|Booster Energy\n|-activate|p2a: Iron Valiant|ability: Quark Drive|[fromitem]\n|-start|p2a: Iron Valiant|quarkdrivespe\n|turn|15\n|\n|t:|1700765586\n|-end|p1a: Final Boss|fallenundefined|[silent]\n|switch|p1a: Zeus|Zapdos|4\/100\n|move|p2a: Iron Valiant|Close Combat|p1a: Zeus\n|-resisted|p1a: Zeus\n|-crit|p1a: Zeus\n|-damage|p1a: Zeus|0 fnt\n|-unboost|p2a: Iron Valiant|def|1\n|-unboost|p2a: Iron Valiant|spd|1\n|faint|p1a: Zeus\n|\n|upkeep\n|\n|t:|1700765591\n|switch|p1a: Amaterasu|Iron Moth|100\/100\n|turn|16\n|\n|t:|1700765599\n|-end|p2a: Iron Valiant|Quark Drive|[silent]\n|switch|p2a: Garganacl|Garganacl, M|100\/100\n|-damage|p2a: Garganacl|88\/100|[from] Stealth Rock\n|-damage|p2a: Garganacl|72\/100|[from] Spikes\n|move|p1a: Amaterasu|Flamethrower|p2a: Garganacl\n|-resisted|p2a: Garganacl\n|-damage|p2a: Garganacl|55\/100\n|\n|upkeep\n|turn|17\n|\n|t:|1700765609\n|-end|p1a: Amaterasu|Quark Drive|[silent]\n|switch|p1a: Darth Tyranus|Samurott-Hisui, M|51\/100\n|move|p2a: Garganacl|Iron Defense|p2a: Garganacl\n|-boost|p2a: Garganacl|def|2\n|\n|upkeep\n|turn|18\n|\n|t:|1700765615\n|move|p1a: Darth Tyranus|Swords Dance|p1a: Darth Tyranus\n|-boost|p1a: Darth Tyranus|atk|2\n|move|p2a: Garganacl|Stealth Rock|p1a: Darth Tyranus\n|-sidestart|p1: Steez Ibanez|move: Stealth Rock\n|\n|upkeep\n|turn|19\n|\n|t:|1700765620\n|move|p1a: Darth Tyranus|Aqua Cutter|p2a: Garganacl\n|-supereffective|p2a: Garganacl\n|-damage|p2a: Garganacl|0 fnt\n|faint|p2a: Garganacl\n|\n|upkeep\n|\n|t:|1700765625\n|switch|p2a: Yanmega|Yanmega, M, tera:Ice|52\/100\n|turn|20\n|\n|t:|1700765629\n|move|p1a: Darth Tyranus|Sucker Punch|p2a: Yanmega\n|-damage|p2a: Yanmega|0 fnt\n|faint|p2a: Yanmega\n|\n|upkeep\n|j| EloStatusDead\n|-message|CaptainGrungo forfeited.\n|\n|win|Steez Ibanez\n|raw|Steez Ibanez's rating: 1869 &rarr; <strong>1889<\/strong><br \/>(+20 for winning)\n|raw|CaptainGrungo's rating: 1861 &rarr; <strong>1841<\/strong><br \/>(-20 for losing)\n|l|\u2606CaptainGrungo\n|l|\u2606Steez Ibanez\n|c| EloStatusDead|gg\n|l| EloStatusDead\n|j| Heihachi Mishima\n","uploadtime":1700765710,"views":15,"p1id":"steezibanez","p2id":"captaingrungo","formatid":"gen9ou","rating":1841,"private":0,"password":""}