{"id":"gen9ou-1988641348","p1":"azurviz","p2":"zLayton","format":"[Gen 9] OU","log":"|j|\u2606azurviz\n|j|\u2606zLayton\n|t:|1699745212\n|gametype|singles\n|player|p1|azurviz|teacher|\n|player|p2|zLayton|juan|\n|teamsize|p1|6\n|teamsize|p2|6\n|gen|9\n|tier|[Gen 9] OU\n|rule|Sleep Clause Mod: Limit one foe put to sleep\n|rule|Species Clause: Limit one of each Pok\u00e9mon\n|rule|OHKO Clause: OHKO moves are banned\n|rule|Evasion Items Clause: Evasion items are banned\n|rule|Evasion Moves Clause: Evasion moves are banned\n|rule|Endless Battle Clause: Forcing endless battles is banned\n|rule|HP Percentage Mod: HP is shown in percentages\n|clearpoke\n|poke|p1|Rotom|\n|poke|p1|Vaporeon, M|\n|poke|p1|Gholdengo|\n|poke|p1|Gliscor, F|\n|poke|p1|Hoopa-Unbound|\n|poke|p1|Ribombee, M|\n|poke|p2|Hatterene, F|\n|poke|p2|Drifblim, M|\n|poke|p2|Empoleon, F|\n|poke|p2|Rillaboom, F|\n|poke|p2|Sneasler, F|\n|poke|p2|Zoroark, F|\n|teampreview\n|\n|t:|1699745245\n|start\n|switch|p1a: Rotom|Rotom|100\/100\n|switch|p2a: Hatterene|Hatterene, F|100\/100\n|turn|1\n|\n|t:|1699745296\n|switch|p2a: Sneasler|Sneasler, F|100\/100\n|move|p1a: Rotom|Trick|p2a: Sneasler\n|-activate|p1a: Rotom|move: Trick|[of] p2a: Sneasler\n|-item|p2a: Sneasler|Choice Scarf|[from] move: Trick\n|-item|p1a: Rotom|Choice Band|[from] move: Trick\n|\n|upkeep\n|turn|2\n|\n|t:|1699745306\n|switch|p1a: Vaporeon|Vaporeon, M|100\/100\n|move|p2a: Sneasler|Knock Off|p1a: Vaporeon\n|-damage|p1a: Vaporeon|54\/100\n|-enditem|p1a: Vaporeon|Leftovers|[from] move: Knock Off|[of] p2a: Sneasler\n|\n|upkeep\n|turn|3\n|\n|t:|1699745320\n|switch|p2a: Empoleon|Empoleon, F|100\/100\n|move|p1a: Vaporeon|Wish|p1a: Vaporeon\n|\n|upkeep\n|turn|4\n|\n|t:|1699745333\n|move|p1a: Vaporeon|Flip Turn|p2a: Empoleon\n|-resisted|p2a: Empoleon\n|-damage|p2a: Empoleon|94\/100\n|\n|t:|1699745340\n|switch|p1a: Ribombee|Ribombee, M|100\/100|[from] Flip Turn\n|move|p2a: Empoleon|Stealth Rock|p1a: Ribombee\n|-sidestart|p1: azurviz|move: Stealth Rock\n|\n|upkeep\n|turn|5\n|\n|t:|1699745381\n|move|p1a: Ribombee|Sticky Web|p2a: Empoleon\n|-sidestart|p2: zLayton|move: Sticky Web\n|move|p2a: Empoleon|Surf|p1a: Ribombee\n|-damage|p1a: Ribombee|18\/100\n|\n|upkeep\n|turn|6\n|\n|t:|1699745428\n|switch|p1a: Vaporeon|Vaporeon, M|54\/100\n|-damage|p1a: Vaporeon|42\/100|[from] Stealth Rock\n|move|p2a: Empoleon|Surf|p1a: Vaporeon\n|-heal|p1a: Vaporeon|67\/100|[from] ability: Water Absorb|[of] p2a: Empoleon\n|\n|upkeep\n|turn|7\n|\n|t:|1699745447\n|move|p1a: Vaporeon|Wish|p1a: Vaporeon\n|move|p2a: Empoleon|Grass Knot|p1a: Vaporeon\n|-supereffective|p1a: Vaporeon\n|-damage|p1a: Vaporeon|43\/100\n|\n|upkeep\n|turn|8\n|\n|t:|1699745504\n|switch|p2a: Drifblim|Drifblim, M|100\/100\n|move|p1a: Vaporeon|Scald|p2a: Drifblim\n|-damage|p2a: Drifblim|69\/100\n|\n|-heal|p1a: Vaporeon|93\/100|[from] move: Wish|[wisher] Vaporeon\n|-status|p2a: Drifblim|brn|[from] item: Flame Orb\n|upkeep\n|turn|9\n|\n|t:|1699745543\n|move|p1a: Vaporeon|Wish|p1a: Vaporeon\n|move|p2a: Drifblim|Trick Room|p2a: Drifblim\n|-fieldstart|move: Trick Room|[of] p2a: Drifblim\n|\n|-damage|p2a: Drifblim|63\/100 brn|[from] brn\n|upkeep\n|turn|10\n|\n|t:|1699745560\n|move|p2a: Drifblim|Strength Sap|p1a: Vaporeon\n|-unboost|p1a: Vaporeon|atk|1\n|-heal|p2a: Drifblim|92\/100 brn\n|move|p1a: Vaporeon|Flip Turn|p2a: Drifblim\n|-damage|p2a: Drifblim|80\/100 brn\n|\n|t:|1699745596\n|switch|p1a: Rotom|Rotom|100\/100|[from] Flip Turn\n|-damage|p1a: Rotom|88\/100|[from] Stealth Rock\n|\n|-heal|p1a: Rotom|100\/100|[from] move: Wish|[wisher] Vaporeon\n|-damage|p2a: Drifblim|74\/100 brn|[from] brn\n|upkeep\n|turn|11\n|\n|t:|1699745632\n|-terastallize|p2a: Drifblim|Fighting\n|move|p2a: Drifblim|Shadow Ball|p1a: Rotom\n|-supereffective|p1a: Rotom\n|-damage|p1a: Rotom|0 fnt\n|faint|p1a: Rotom\n|\n|-damage|p2a: Drifblim|68\/100 brn|[from] brn\n|upkeep\n|\n|t:|1699745648\n|switch|p1a: Vaporeon|Vaporeon, M|93\/100\n|-damage|p1a: Vaporeon|81\/100|[from] Stealth Rock\n|turn|12\n|\n|t:|1699745654\n|move|p2a: Drifblim|Shadow Ball|p1a: Vaporeon\n|-damage|p1a: Vaporeon|54\/100\n|move|p1a: Vaporeon|Wish|p1a: Vaporeon\n|\n|-damage|p2a: Drifblim|62\/100 brn|[from] brn\n|upkeep\n|turn|13\n|\n|t:|1699745664\n|move|p2a: Drifblim|Strength Sap|p1a: Vaporeon\n|-unboost|p1a: Vaporeon|atk|1\n|-heal|p2a: Drifblim|91\/100 brn\n|move|p1a: Vaporeon|Scald|p2a: Drifblim\n|-damage|p2a: Drifblim|60\/100 brn\n|\n|-heal|p1a: Vaporeon|100\/100|[from] move: Wish|[wisher] Vaporeon\n|-damage|p2a: Drifblim|54\/100 brn|[from] brn\n|-fieldend|move: Trick Room\n|upkeep\n|turn|14\n|\n|t:|1699745671\n|move|p1a: Vaporeon|Scald|p2a: Drifblim\n|-damage|p2a: Drifblim|26\/100 brn\n|move|p2a: Drifblim|Trick Room|p2a: Drifblim\n|-fieldstart|move: Trick Room|[of] p2a: Drifblim\n|\n|-damage|p2a: Drifblim|20\/100 brn|[from] brn\n|upkeep\n|turn|15\n|\n|t:|1699745677\n|move|p2a: Drifblim|Strength Sap|p1a: Vaporeon\n|-unboost|p1a: Vaporeon|atk|1\n|-heal|p2a: Drifblim|39\/100 brn\n|move|p1a: Vaporeon|Scald|p2a: Drifblim\n|-crit|p2a: Drifblim\n|-damage|p2a: Drifblim|0 fnt\n|faint|p2a: Drifblim\n|\n|upkeep\n|\n|t:|1699745811\n|switch|p2a: Rillaboom|Rillaboom, F|100\/100\n|-activate|p2a: Rillaboom|move: Sticky Web\n|-unboost|p2a: Rillaboom|spe|1\n|-fieldstart|move: Grassy Terrain|[from] ability: Grassy Surge|[of] p2a: Rillaboom\n|turn|16\n|\n|t:|1699745869\n|switch|p1a: Gholdengo|Gholdengo|100\/100\n|-damage|p1a: Gholdengo|94\/100|[from] Stealth Rock\n|move|p2a: Rillaboom|Wood Hammer|p1a: Gholdengo\n|-resisted|p1a: Gholdengo\n|-damage|p1a: Gholdengo|67\/100\n|-damage|p2a: Rillaboom|91\/100|[from] Recoil\n|\n|-heal|p2a: Rillaboom|97\/100|[from] Grassy Terrain\n|-heal|p1a: Gholdengo|73\/100|[from] Grassy Terrain\n|upkeep\n|turn|17\n|\n|t:|1699745886\n|switch|p2a: Hatterene|Hatterene, F|100\/100\n|-activate|p2a: Hatterene|move: Sticky Web\n|-unboost|p2a: Hatterene|spe|1\n|move|p1a: Gholdengo|Recover|p1a: Gholdengo\n|-heal|p1a: Gholdengo|100\/100\n|\n|upkeep\n|turn|18\n|\n|t:|1699745905\n|switch|p1a: Vaporeon|Vaporeon, M|100\/100\n|-damage|p1a: Vaporeon|88\/100|[from] Stealth Rock\n|move|p2a: Hatterene|Mystical Fire|p1a: Vaporeon\n|-resisted|p1a: Vaporeon\n|-crit|p1a: Vaporeon\n|-damage|p1a: Vaporeon|77\/100\n|-unboost|p1a: Vaporeon|spa|1\n|\n|-heal|p1a: Vaporeon|83\/100|[from] Grassy Terrain\n|-fieldend|move: Trick Room\n|upkeep\n|turn|19\n|\n|t:|1699745963\n|move|p1a: Vaporeon|Scald|p2a: Hatterene\n|-damage|p2a: Hatterene|80\/100\n|-status|p2a: Hatterene|brn\n|move|p2a: Hatterene|Trick Room|p2a: Hatterene\n|-fieldstart|move: Trick Room|[of] p2a: Hatterene\n|\n|-heal|p2a: Hatterene|86\/100 brn|[from] Grassy Terrain\n|-heal|p1a: Vaporeon|89\/100|[from] Grassy Terrain\n|-damage|p2a: Hatterene|80\/100 brn|[from] brn\n|upkeep\n|turn|20\n|\n|t:|1699745973\n|move|p2a: Hatterene|Psyshock|p1a: Vaporeon\n|-damage|p1a: Vaporeon|41\/100\n|move|p1a: Vaporeon|Wish|p1a: Vaporeon\n|\n|-heal|p2a: Hatterene|86\/100 brn|[from] Grassy Terrain\n|-heal|p1a: Vaporeon|47\/100|[from] Grassy Terrain\n|-damage|p2a: Hatterene|80\/100 brn|[from] brn\n|-fieldend|move: Grassy Terrain\n|upkeep\n|turn|21\n|\n|t:|1699746042\n|switch|p1a: Ribombee|Ribombee, M|18\/100\n|-damage|p1a: Ribombee|0 fnt|[from] Stealth Rock\n|faint|p1a: Ribombee\n|move|p2a: Hatterene|Dazzling Gleam|p1: Ribombee|[notarget]\n|-fail|p2a: Hatterene\n|\n|-damage|p2a: Hatterene|74\/100 brn|[from] brn\n|upkeep\n|\n|t:|1699746074\n|switch|p1a: Gholdengo|Gholdengo|100\/100\n|-damage|p1a: Gholdengo|94\/100|[from] Stealth Rock\n|turn|22\n|\n|t:|1699746168\n|move|p2a: Hatterene|Mystical Fire|p1a: Gholdengo\n|-supereffective|p1a: Gholdengo\n|-damage|p1a: Gholdengo|38\/100\n|-unboost|p1a: Gholdengo|spa|1\n|move|p1a: Gholdengo|Shadow Ball|p2a: Hatterene\n|-supereffective|p2a: Hatterene\n|-damage|p2a: Hatterene|24\/100 brn\n|\n|-damage|p2a: Hatterene|18\/100 brn|[from] brn\n|upkeep\n|turn|23\n|\n|t:|1699746185\n|switch|p1a: Vaporeon|Vaporeon, M|47\/100\n|-damage|p1a: Vaporeon|35\/100|[from] Stealth Rock\n|move|p2a: Hatterene|Mystical Fire|p1a: Vaporeon\n|-resisted|p1a: Vaporeon\n|-damage|p1a: Vaporeon|27\/100\n|-unboost|p1a: Vaporeon|spa|1\n|\n|-damage|p2a: Hatterene|12\/100 brn|[from] brn\n|-fieldend|move: Trick Room\n|upkeep\n|turn|24\n|\n|t:|1699746215\n|move|p1a: Vaporeon|Scald|p2a: Hatterene\n|-damage|p2a: Hatterene|0 fnt\n|faint|p2a: Hatterene\n|\n|upkeep\n|\n|t:|1699746263\n|switch|p2a: Sneasler|Sneasler, F|100\/100\n|-activate|p2a: Sneasler|move: Sticky Web\n|-unboost|p2a: Sneasler|spe|1\n|turn|25\n|\n|t:|1699746311\n|move|p2a: Sneasler|Close Combat|p1a: Vaporeon\n|-damage|p1a: Vaporeon|0 fnt\n|-unboost|p2a: Sneasler|def|1\n|-unboost|p2a: Sneasler|spd|1\n|faint|p1a: Vaporeon\n|\n|upkeep\n|\n|t:|1699746330\n|switch|p1a: Gliscor|Gliscor, F|100\/100\n|-damage|p1a: Gliscor|88\/100|[from] Stealth Rock\n|turn|26\n|\n|t:|1699746385\n|switch|p2a: Rillaboom|Rillaboom, F|97\/100\n|-activate|p2a: Rillaboom|move: Sticky Web\n|-unboost|p2a: Rillaboom|spe|1\n|-fieldstart|move: Grassy Terrain|[from] ability: Grassy Surge|[of] p2a: Rillaboom\n|move|p1a: Gliscor|Earthquake|p2a: Rillaboom\n|-resisted|p2a: Rillaboom\n|-damage|p2a: Rillaboom|86\/100\n|\n|-heal|p2a: Rillaboom|92\/100|[from] Grassy Terrain\n|-status|p1a: Gliscor|tox|[from] item: Toxic Orb\n|upkeep\n|turn|27\n|\n|t:|1699746410\n|move|p1a: Gliscor|Gunk Shot|p2a: Rillaboom\n|-supereffective|p2a: Rillaboom\n|-damage|p2a: Rillaboom|17\/100\n|move|p2a: Rillaboom|Swords Dance|p2a: Rillaboom\n|-boost|p2a: Rillaboom|atk|2\n|\n|-heal|p2a: Rillaboom|23\/100|[from] Grassy Terrain\n|-heal|p1a: Gliscor|100\/100 tox|[from] ability: Poison Heal\n|upkeep\n|turn|28\n|\n|t:|1699746422\n|move|p2a: Rillaboom|Grassy Glide|p1a: Gliscor\n|-damage|p1a: Gliscor|22\/100 tox\n|move|p1a: Gliscor|Knock Off|p2a: Rillaboom\n|-crit|p2a: Rillaboom\n|-damage|p2a: Rillaboom|0 fnt\n|-enditem|p2a: Rillaboom|Lum Berry|[from] move: Knock Off|[of] p1a: Gliscor\n|faint|p2a: Rillaboom\n|\n|-heal|p1a: Gliscor|34\/100 tox|[from] ability: Poison Heal\n|upkeep\n|\n|t:|1699746465\n|switch|p2a: Sneasler|Sneasler, F|100\/100\n|-activate|p2a: Sneasler|move: Sticky Web\n|-unboost|p2a: Sneasler|spe|1\n|turn|29\n|\n|t:|1699746471\n|move|p2a: Sneasler|Knock Off|p1a: Gliscor\n|-damage|p1a: Gliscor|0 fnt\n|-enditem|p1a: Gliscor|Toxic Orb|[from] move: Knock Off|[of] p2a: Sneasler\n|faint|p1a: Gliscor\n|\n|upkeep\n|\n|t:|1699746487\n|switch|p1a: Hoopa|Hoopa-Unbound|100\/100\n|-damage|p1a: Hoopa|88\/100|[from] Stealth Rock\n|turn|30\n|c|\u2606azurviz|dios protejeme\n|\n|t:|1699746552\n|switch|p2a: Empoleon|Empoleon, F|94\/100\n|-activate|p2a: Empoleon|move: Sticky Web\n|-unboost|p2a: Empoleon|spe|1\n|-ability|p2a: Empoleon|Competitive|boost\n|-boost|p2a: Empoleon|spa|2\n|move|p1a: Hoopa|Focus Blast|p2a: Empoleon\n|-supereffective|p2a: Empoleon\n|-damage|p2a: Empoleon|3\/100\n|\n|-heal|p1a: Hoopa|94\/100|[from] Grassy Terrain\n|-heal|p2a: Empoleon|9\/100|[from] Grassy Terrain\n|-fieldend|move: Grassy Terrain\n|upkeep\n|turn|31\n|\n|t:|1699746571\n|move|p1a: Hoopa|Focus Blast|p2a: Empoleon\n|-supereffective|p2a: Empoleon\n|-damage|p2a: Empoleon|0 fnt\n|faint|p2a: Empoleon\n|\n|upkeep\n|c|\u2606zLayton|protegeme\n|\n|t:|1699746589\n|switch|p2a: Sneasler|Sneasler, F|100\/100\n|-activate|p2a: Sneasler|move: Sticky Web\n|-unboost|p2a: Sneasler|spe|1\n|turn|32\n|\n|t:|1699746592\n|move|p1a: Hoopa|Focus Blast|p2a: Sneasler|[miss]\n|-miss|p1a: Hoopa|p2a: Sneasler\n|move|p2a: Sneasler|U-turn|p1a: Hoopa\n|-supereffective|p1a: Hoopa\n|-damage|p1a: Hoopa|0 fnt\n|faint|p1a: Hoopa\n|c|\u2606zLayton|oh no\n|c|\u2606azurviz|:O\n|c|\u2606zLayton|sorry :(\n|\n|t:|1699746602\n|switch|p2a: Sneasler|Sneasler, F|100\/100|[from] U-turn\n|-activate|p2a: Sneasler|move: Sticky Web\n|-unboost|p2a: Sneasler|spe|1\n|\n|upkeep\n|\n|t:|1699746604\n|switch|p1a: Gholdengo|Gholdengo|38\/100\n|-damage|p1a: Gholdengo|32\/100|[from] Stealth Rock\n|turn|33\n|\n|t:|1699746610\n|move|p2a: Sneasler|Fling|p1a: Gholdengo\n|-supereffective|p1a: Gholdengo\n|-enditem|p1a: Gholdengo|Colbur Berry|[eat]\n|-enditem|p1a: Gholdengo|Colbur Berry|[weaken]\n|-damage|p1a: Gholdengo|0 fnt\n|-enditem|p2a: Sneasler|Big Nugget|[from] move: Fling\n|faint|p1a: Gholdengo\n|\n|win|zLayton\n|c|\u2606zLayton|gg\n|c|\u2606azurviz|gg\n","uploadtime":1699746617,"views":31,"p1id":"azurviz","p2id":"zlayton","formatid":"gen9ou","rating":0,"private":0,"password":""}