{"id":"gen9ou-1989376569","p1":"BeardoftheRed","p2":"CRIPPYwitdaGRIPPY","format":"[Gen 9] OU","log":"|j|\u2606BeardoftheRed\n|j|\u2606CRIPPYwitdaGRIPPY\n|t:|1699842534\n|gametype|singles\n|player|p1|BeardoftheRed|101|\n|player|p2|CRIPPYwitdaGRIPPY|caitlin|\n|teamsize|p1|6\n|teamsize|p2|6\n|gen|9\n|tier|[Gen 9] OU\n|rule|Sleep Clause Mod: Limit one foe put to sleep\n|rule|Species Clause: Limit one of each Pok\u00e9mon\n|rule|OHKO Clause: OHKO moves are banned\n|rule|Evasion Items Clause: Evasion items are banned\n|rule|Evasion Moves Clause: Evasion moves are banned\n|rule|Endless Battle Clause: Forcing endless battles is banned\n|rule|HP Percentage Mod: HP is shown in percentages\n|clearpoke\n|poke|p1|Corviknight, F|\n|poke|p1|Zapdos|\n|poke|p1|Salamence, F|\n|poke|p1|Toedscruel, F|\n|poke|p1|Fezandipiti, M|\n|poke|p1|Gengar, F|\n|poke|p2|Greninja-*, M|\n|poke|p2|Ceruledge, F|\n|poke|p2|Great Tusk|\n|poke|p2|Iron Leaves|\n|poke|p2|Bellibolt, M|\n|poke|p2|Dragalge, M|\n|teampreview\n|inactive|Battle timer is ON: inactive players will automatically lose when time's up. (requested by BeardoftheRed)\n|j| S3PP1\n|\n|t:|1699842544\n|start\n|switch|p1a: Fezandipiti|Fezandipiti, M|100\/100\n|switch|p2a: blackboi|Greninja, M, shiny|100\/100\n|turn|1\n|\n|t:|1699842559\n|move|p2a: blackboi|Blizzard|p1a: Fezandipiti|[miss]\n|-start|p2a: blackboi|typechange|Ice|[from] ability: Protean\n|-miss|p2a: blackboi|p1a: Fezandipiti\n|move|p1a: Fezandipiti|Gunk Shot|p2a: blackboi\n|-damage|p2a: blackboi|16\/100\n|-status|p2a: blackboi|tox|[from] ability: Toxic Chain|[of] p1a: Fezandipiti\n|\n|-damage|p2a: blackboi|10\/100 tox|[from] psn\n|upkeep\n|turn|2\n|\n|t:|1699842580\n|move|p2a: blackboi|Hydro Pump|p1a: Fezandipiti|[miss]\n|-miss|p2a: blackboi|p1a: Fezandipiti\n|move|p1a: Fezandipiti|Play Rough|p2a: blackboi\n|-damage|p2a: blackboi|0 fnt\n|faint|p2a: blackboi\n|\n|upkeep\n|\n|t:|1699842597\n|switch|p2a: great must|Great Tusk|100\/100\n|turn|3\n|\n|t:|1699842620\n|move|p1a: Fezandipiti|Gunk Shot|p2a: great must\n|-resisted|p2a: great must\n|-damage|p2a: great must|84\/100\n|-status|p2a: great must|psn\n|move|p2a: great must|Knock Off|p1a: Fezandipiti\n|-resisted|p1a: Fezandipiti\n|-damage|p1a: Fezandipiti|77\/100\n|-enditem|p1a: Fezandipiti|Leftovers|[from] move: Knock Off|[of] p2a: great must\n|\n|-heal|p2a: great must|90\/100 psn|[from] item: Leftovers\n|-damage|p2a: great must|77\/100 psn|[from] psn\n|upkeep\n|turn|4\n|\n|t:|1699842630\n|move|p1a: Fezandipiti|Venoshock|p2a: great must\n|-resisted|p2a: great must\n|-damage|p2a: great must|53\/100 psn\n|move|p2a: great must|Close Combat|p1a: Fezandipiti\n|-resisted|p1a: Fezandipiti\n|-damage|p1a: Fezandipiti|54\/100\n|-unboost|p2a: great must|def|1\n|-unboost|p2a: great must|spd|1\n|\n|-heal|p2a: great must|59\/100 psn|[from] item: Leftovers\n|-damage|p2a: great must|46\/100 psn|[from] psn\n|upkeep\n|turn|5\n|\n|t:|1699842645\n|move|p1a: Fezandipiti|Moonblast|p2a: great must\n|-supereffective|p2a: great must\n|-damage|p2a: great must|0 fnt\n|faint|p2a: great must\n|-end|p2a: great must|Protosynthesis|[silent]\n|\n|upkeep\n|inactive|CRIPPYwitdaGRIPPY has 270 seconds left.\n|\n|t:|1699842657\n|switch|p2a: fire man|Ceruledge, F|100\/100\n|turn|6\n|\n|t:|1699842662\n|move|p1a: Fezandipiti|Gunk Shot|p2a: fire man\n|-resisted|p2a: fire man\n|-damage|p2a: fire man|63\/100\n|-status|p2a: fire man|psn\n|-ability|p2a: fire man|Weak Armor|boost\n|-unboost|p2a: fire man|def|1\n|-boost|p2a: fire man|spe|2\n|move|p2a: fire man|Fire Blast|p1a: Fezandipiti\n|-damage|p1a: Fezandipiti|34\/100\n|\n|-damage|p2a: fire man|51\/100 psn|[from] psn\n|upkeep\n|turn|7\n|\n|t:|1699842678\n|move|p2a: fire man|Fire Blast|p1a: Fezandipiti\n|-damage|p1a: Fezandipiti|13\/100\n|move|p1a: Fezandipiti|Venoshock|p2a: fire man\n|-resisted|p2a: fire man\n|-damage|p2a: fire man|30\/100 psn\n|\n|-damage|p2a: fire man|18\/100 psn|[from] psn\n|upkeep\n|turn|8\n|\n|t:|1699842694\n|move|p2a: fire man|Close Combat|p1a: Fezandipiti\n|-resisted|p1a: Fezandipiti\n|-damage|p1a: Fezandipiti|0 fnt\n|-unboost|p2a: fire man|def|1\n|-unboost|p2a: fire man|spd|1\n|faint|p1a: Fezandipiti\n|\n|-damage|p2a: fire man|6\/100 psn|[from] psn\n|upkeep\n|\n|t:|1699842702\n|switch|p1a: Corviknight|Corviknight, F|100\/100\n|-ability|p1a: Corviknight|Pressure\n|turn|9\n|\n|t:|1699842710\n|move|p2a: fire man|Fire Blast|p1a: Corviknight\n|-supereffective|p1a: Corviknight\n|-damage|p1a: Corviknight|58\/100\n|-status|p1a: Corviknight|brn\n|move|p1a: Corviknight|Body Press|p2a: fire man\n|-immune|p2a: fire man\n|\n|-damage|p2a: fire man|0 fnt|[from] psn\n|faint|p2a: fire man\n|-damage|p1a: Corviknight|52\/100 brn|[from] brn\n|upkeep\n|\n|t:|1699842727\n|switch|p2a: Phycodurus eques|Dragalge, M|100\/100\n|turn|10\n|\n|t:|1699842731\n|move|p1a: Corviknight|Roost|p1a: Corviknight\n|-heal|p1a: Corviknight|100\/100 brn\n|-singleturn|p1a: Corviknight|move: Roost\n|move|p2a: Phycodurus eques|Draco Meteor|p1a: Corviknight\n|-resisted|p1a: Corviknight\n|-damage|p1a: Corviknight|68\/100 brn\n|-unboost|p2a: Phycodurus eques|spa|2\n|\n|-damage|p1a: Corviknight|62\/100 brn|[from] brn\n|upkeep\n|turn|11\n|\n|t:|1699842748\n|move|p1a: Corviknight|Brave Bird|p2a: Phycodurus eques\n|-damage|p2a: Phycodurus eques|81\/100\n|-damage|p1a: Corviknight|56\/100 brn|[from] Recoil\n|move|p2a: Phycodurus eques|Gunk Shot|p1a: Corviknight\n|-immune|p1a: Corviknight\n|\n|-heal|p2a: Phycodurus eques|87\/100|[from] item: Leftovers\n|-damage|p1a: Corviknight|50\/100 brn|[from] brn\n|upkeep\n|turn|12\n|\n|t:|1699842758\n|move|p1a: Corviknight|Roost|p1a: Corviknight\n|-heal|p1a: Corviknight|100\/100 brn\n|-singleturn|p1a: Corviknight|move: Roost\n|move|p2a: Phycodurus eques|Draco Meteor|p1a: Corviknight\n|-resisted|p1a: Corviknight\n|-damage|p1a: Corviknight|83\/100 brn\n|-unboost|p2a: Phycodurus eques|spa|2\n|\n|-heal|p2a: Phycodurus eques|93\/100|[from] item: Leftovers\n|-damage|p1a: Corviknight|77\/100 brn|[from] brn\n|upkeep\n|turn|13\n|\n|t:|1699842769\n|switch|p1a: Salamence|Salamence, F|100\/100\n|-ability|p1a: Salamence|Intimidate|boost\n|-unboost|p2a: Phycodurus eques|atk|1\n|switch|p2a: ironpuss|Iron Leaves|100\/100\n|\n|upkeep\n|turn|14\n|\n|t:|1699842785\n|-terastallize|p1a: Salamence|Dragon\n|move|p2a: ironpuss|Psyblade|p1a: Salamence\n|-damage|p1a: Salamence|35\/100\n|-damage|p2a: ironpuss|91\/100|[from] item: Life Orb\n|move|p1a: Salamence|Dragon Dance|p1a: Salamence\n|-boost|p1a: Salamence|atk|1\n|-boost|p1a: Salamence|spe|1\n|\n|-heal|p1a: Salamence|41\/100|[from] item: Leftovers\n|upkeep\n|turn|15\n|\n|t:|1699842794\n|move|p1a: Salamence|Double-Edge|p2a: ironpuss\n|-damage|p2a: ironpuss|9\/100\n|-damage|p1a: Salamence|15\/100|[from] Recoil\n|move|p2a: ironpuss|Psyblade|p1a: Salamence\n|-damage|p1a: Salamence|0 fnt\n|faint|p1a: Salamence\n|-damage|p2a: ironpuss|0 fnt|[from] item: Life Orb\n|faint|p2a: ironpuss\n|-end|p2a: ironpuss|Quark Drive|[silent]\n|\n|upkeep\n|\n|t:|1699842808\n|switch|p2a: bellybussy|Bellibolt, M|100\/100\n|switch|p1a: Toedscruel|Toedscruel, F|100\/100\n|turn|16\n|\n|t:|1699842822\n|move|p1a: Toedscruel|Sludge Bomb|p2a: bellybussy\n|-damage|p2a: bellybussy|79\/100\n|-start|p2a: bellybussy|Charge|Sludge Bomb|[from] ability: Electromorphosis\n|move|p2a: bellybussy|Thunder|p1a: Toedscruel\n|-immune|p1a: Toedscruel\n|-end|p2a: bellybussy|Charge|[silent]\n|\n|upkeep\n|turn|17\n|\n|t:|1699842830\n|switch|p2a: Phycodurus eques|Dragalge, M|93\/100\n|move|p1a: Toedscruel|Earth Power|p2a: Phycodurus eques\n|-supereffective|p2a: Phycodurus eques\n|-damage|p2a: Phycodurus eques|38\/100\n|\n|-heal|p2a: Phycodurus eques|44\/100|[from] item: Leftovers\n|upkeep\n|turn|18\n|\n|t:|1699842842\n|move|p1a: Toedscruel|Earth Power|p2a: Phycodurus eques\n|-supereffective|p2a: Phycodurus eques\n|-damage|p2a: Phycodurus eques|0 fnt\n|faint|p2a: Phycodurus eques\n|\n|upkeep\n|\n|t:|1699842847\n|switch|p2a: bellybussy|Bellibolt, M|79\/100\n|turn|19\n|\n|t:|1699842854\n|switch|p1a: Gengar|Gengar, F|100\/100\n|move|p2a: bellybussy|Muddy Water|p1a: Gengar\n|-damage|p1a: Gengar|66\/100\n|-unboost|p1a: Gengar|accuracy|1\n|-start|p2a: bellybussy|Disable|Muddy Water|[from] ability: Cursed Body|[of] p1a: Gengar\n|\n|-heal|p1a: Gengar|73\/100|[from] item: Leftovers\n|upkeep\n|turn|20\n|\n|t:|1699842866\n|move|p1a: Gengar|Shadow Ball|p2a: bellybussy|[miss]\n|-miss|p1a: Gengar|p2a: bellybussy\n|move|p2a: bellybussy|Toxic|p1a: Gengar\n|-immune|p1a: Gengar\n|\n|-heal|p1a: Gengar|79\/100|[from] item: Leftovers\n|upkeep\n|turn|21\n|\n|t:|1699842875\n|move|p1a: Gengar|Focus Blast|p2a: bellybussy\n|-damage|p2a: bellybussy|42\/100\n|-start|p2a: bellybussy|Charge|Focus Blast|[from] ability: Electromorphosis\n|move|p2a: bellybussy|Parabolic Charge|p1a: Gengar\n|-damage|p1a: Gengar|0 fnt\n|-heal|p2a: bellybussy|67\/100|[from] drain|[of] p1a: Gengar\n|faint|p1a: Gengar\n|-end|p2a: bellybussy|Charge|[silent]\n|\n|upkeep\n|\n|t:|1699842887\n|switch|p1a: Corviknight|Corviknight, F|77\/100 brn\n|-ability|p1a: Corviknight|Pressure\n|turn|22\n|\n|t:|1699842896\n|move|p1a: Corviknight|Body Press|p2a: bellybussy\n|-damage|p2a: bellybussy|59\/100\n|-start|p2a: bellybussy|Charge|Body Press|[from] ability: Electromorphosis\n|move|p2a: bellybussy|Thunder|p1a: Corviknight\n|-supereffective|p1a: Corviknight\n|-damage|p1a: Corviknight|0 fnt\n|faint|p1a: Corviknight\n|-end|p2a: bellybussy|Charge|[silent]\n|\n|-end|p2a: bellybussy|Disable\n|upkeep\n|\n|t:|1699842901\n|switch|p1a: Toedscruel|Toedscruel, F|100\/100\n|turn|23\n|\n|t:|1699842908\n|move|p1a: Toedscruel|Earth Power|p2a: bellybussy\n|-supereffective|p2a: bellybussy\n|-damage|p2a: bellybussy|0 fnt\n|faint|p2a: bellybussy\n|\n|win|BeardoftheRed\n|l|\u2606CRIPPYwitdaGRIPPY\n|l|\u2606BeardoftheRed\n","uploadtime":1699843626,"views":24,"p1id":"beardofthered","p2id":"crippywitdagrippy","formatid":"gen9ou","rating":0,"private":0,"password":""}