{"id":"gen9ou-1988944883","p1":"d18l","p2":"agency paid actor","format":"[Gen 9] OU","log":"|j|\u2606d18l\n|j|\u2606agency paid actor\n|t:|1699792376\n|gametype|singles\n|player|p1|d18l|backpacker|1809\n|player|p2|agency paid actor|rocketgruntf|1688\n|teamsize|p1|6\n|teamsize|p2|6\n|gen|9\n|tier|[Gen 9] OU\n|rated|\n|rule|Sleep Clause Mod: Limit one foe put to sleep\n|rule|Species Clause: Limit one of each Pok\u00e9mon\n|rule|OHKO Clause: OHKO moves are banned\n|rule|Evasion Items Clause: Evasion items are banned\n|rule|Evasion Moves Clause: Evasion moves are banned\n|rule|Endless Battle Clause: Forcing endless battles is banned\n|rule|HP Percentage Mod: HP is shown in percentages\n|clearpoke\n|poke|p1|Ribombee, F|\n|poke|p1|Gholdengo|\n|poke|p1|Great Tusk|\n|poke|p1|Kingambit, F|\n|poke|p1|Ogerpon-Wellspring, F|\n|poke|p1|Iron Moth|\n|poke|p2|Glimmora, M|\n|poke|p2|Magnezone|\n|poke|p2|Iron Leaves|\n|poke|p2|Iron Valiant|\n|poke|p2|Landorus-Therian, M|\n|poke|p2|Dragonite, F|\n|teampreview\n|inactive|Battle timer is ON: inactive players will automatically lose when time's up. (requested by agency paid actor)\n|\n|t:|1699792381\n|start\n|switch|p1a: Ribombee|Ribombee, F|100\/100\n|switch|p2a: Magnezone|Magnezone|100\/100\n|turn|1\n|\n|t:|1699792385\n|move|p1a: Ribombee|Sticky Web|p2a: Magnezone\n|-sidestart|p2: agency paid actor|move: Sticky Web\n|move|p2a: Magnezone|Volt Switch|p1a: Ribombee\n|-enditem|p1a: Ribombee|Focus Sash\n|-damage|p1a: Ribombee|1\/100\n|\n|t:|1699792388\n|switch|p2a: Glimmora|Glimmora, M|100\/100|[from] Volt Switch\n|-activate|p2a: Glimmora|move: Sticky Web\n|-unboost|p2a: Glimmora|spe|1\n|\n|upkeep\n|turn|2\n|\n|t:|1699792391\n|switch|p1a: Gholdengo|Gholdengo|100\/100\n|-item|p1a: Gholdengo|Air Balloon\n|move|p2a: Glimmora|Mortal Spin|p1a: Gholdengo\n|-immune|p1a: Gholdengo\n|\n|upkeep\n|turn|3\n|\n|t:|1699792399\n|switch|p2a: Landorus|Landorus-Therian, M|100\/100\n|-ability|p2a: Landorus|Intimidate|boost\n|-unboost|p1a: Gholdengo|atk|1\n|move|p1a: Gholdengo|Shadow Ball|p2a: Landorus\n|-damage|p2a: Landorus|48\/100\n|\n|upkeep\n|turn|4\n|\n|t:|1699792427\n|switch|p1a: Ribombee|Ribombee, F|1\/100\n|move|p2a: Landorus|U-turn|p1a: Ribombee\n|-resisted|p1a: Ribombee\n|-damage|p1a: Ribombee|0 fnt\n|faint|p1a: Ribombee\n|\n|t:|1699792438\n|switch|p2a: Magnezone|Magnezone|100\/100|[from] U-turn\n|-activate|p2a: Magnezone|move: Sticky Web\n|-unboost|p2a: Magnezone|spe|1\n|\n|upkeep\n|inactive|d18l has 120 seconds left.\n|inactive|d18l has 90 seconds left.\n|\n|t:|1699792505\n|switch|p1a: Ogerpon|Ogerpon-Wellspring, F|100\/100\n|turn|5\n|\n|t:|1699792512\n|move|p1a: Ogerpon|Ivy Cudgel|p2a: Magnezone\n|-damage|p2a: Magnezone|35\/100\n|move|p2a: Magnezone|Volt Switch|p1a: Ogerpon\n|-damage|p1a: Ogerpon|36\/100\n|j| angrrry\n|\n|t:|1699792519\n|switch|p2a: Dragonite|Dragonite, F|100\/100|[from] Volt Switch\n|\n|upkeep\n|turn|6\n|inactive|d18l has 90 seconds left.\n|\n|t:|1699792528\n|move|p1a: Ogerpon|Ivy Cudgel|p2a: Dragonite\n|-resisted|p2a: Dragonite\n|-damage|p2a: Dragonite|85\/100\n|move|p2a: Dragonite|Dragon Dance|p2a: Dragonite\n|-boost|p2a: Dragonite|atk|1\n|-boost|p2a: Dragonite|spe|1\n|\n|upkeep\n|turn|7\n|\n|t:|1699792530\n|move|p2a: Dragonite|Extreme Speed|p1a: Ogerpon\n|-damage|p1a: Ogerpon|0 fnt\n|faint|p1a: Ogerpon\n|\n|upkeep\n|\n|t:|1699792533\n|switch|p1a: Great Tusk|Great Tusk|100\/100\n|-enditem|p1a: Great Tusk|Booster Energy\n|-activate|p1a: Great Tusk|ability: Protosynthesis|[fromitem]\n|-start|p1a: Great Tusk|protosynthesisspe\n|turn|8\n|\n|t:|1699792543\n|switch|p2a: Landorus|Landorus-Therian, M|48\/100\n|-ability|p2a: Landorus|Intimidate|boost\n|-unboost|p1a: Great Tusk|atk|1\n|move|p1a: Great Tusk|Bulk Up|p1a: Great Tusk\n|-boost|p1a: Great Tusk|atk|1\n|-boost|p1a: Great Tusk|def|1\n|\n|upkeep\n|turn|9\n|inactive|d18l has 90 seconds left.\n|\n|t:|1699792579\n|move|p2a: Landorus|Grass Knot|p1a: Great Tusk\n|-supereffective|p1a: Great Tusk\n|-damage|p1a: Great Tusk|20\/100\n|move|p1a: Great Tusk|Ice Spinner|p2a: Landorus\n|-supereffective|p2a: Landorus\n|-damage|p2a: Landorus|0 fnt\n|faint|p2a: Landorus\n|\n|upkeep\n|\n|t:|1699792586\n|switch|p2a: Dragonite|Dragonite, F|85\/100\n|turn|10\n|\n|t:|1699792604\n|-terastallize|p2a: Dragonite|Normal\n|move|p1a: Great Tusk|Ice Spinner|p2a: Dragonite\n|-damage|p2a: Dragonite|59\/100\n|move|p2a: Dragonite|Dragon Dance|p2a: Dragonite\n|-boost|p2a: Dragonite|atk|1\n|-boost|p2a: Dragonite|spe|1\n|\n|upkeep\n|turn|11\n|\n|t:|1699792607\n|move|p2a: Dragonite|Extreme Speed|p1a: Great Tusk\n|-damage|p1a: Great Tusk|0 fnt\n|faint|p1a: Great Tusk\n|-end|p1a: Great Tusk|Protosynthesis|[silent]\n|\n|upkeep\n|\n|t:|1699792616\n|switch|p1a: Kingambit|Kingambit, F|100\/100\n|-activate|p1a: Kingambit|ability: Supreme Overlord\n|-start|p1a: Kingambit|fallen3|[silent]\n|turn|12\n|\n|t:|1699792622\n|-terastallize|p1a: Kingambit|Dark\n|move|p2a: Dragonite|Earthquake|p1a: Kingambit\n|-damage|p1a: Kingambit|47\/100\n|move|p1a: Kingambit|Kowtow Cleave|p2a: Dragonite\n|-damage|p2a: Dragonite|0 fnt\n|faint|p2a: Dragonite\n|\n|upkeep\n|\n|t:|1699792628\n|switch|p2a: Glimmora|Glimmora, M|100\/100\n|-activate|p2a: Glimmora|move: Sticky Web\n|-unboost|p2a: Glimmora|spe|1\n|turn|13\n|\n|t:|1699792636\n|-end|p1a: Kingambit|fallen3|[silent]\n|switch|p1a: Gholdengo|Gholdengo|100\/100\n|-item|p1a: Gholdengo|Air Balloon\n|move|p2a: Glimmora|Energy Ball|p1a: Gholdengo\n|-resisted|p1a: Gholdengo\n|-damage|p1a: Gholdengo|87\/100\n|-enditem|p1a: Gholdengo|Air Balloon\n|\n|upkeep\n|turn|14\n|\n|t:|1699792641\n|move|p1a: Gholdengo|Shadow Ball|p2a: Glimmora\n|-damage|p2a: Glimmora|53\/100\n|move|p2a: Glimmora|Earth Power|p1a: Gholdengo\n|-supereffective|p1a: Gholdengo\n|-damage|p1a: Gholdengo|30\/100\n|\n|upkeep\n|turn|15\n|\n|t:|1699792646\n|move|p1a: Gholdengo|Make It Rain|p2a: Glimmora\n|-supereffective|p2a: Glimmora\n|-damage|p2a: Glimmora|0 fnt\n|-unboost|p1a: Gholdengo|spa|1\n|faint|p2a: Glimmora\n|\n|upkeep\n|\n|t:|1699792664\n|switch|p2a: Magnezone|Magnezone|35\/100\n|-activate|p2a: Magnezone|move: Sticky Web\n|-unboost|p2a: Magnezone|spe|1\n|turn|16\n|\n|t:|1699792673\n|switch|p1a: Kingambit|Kingambit, F, tera:Dark|47\/100\n|-activate|p1a: Kingambit|ability: Supreme Overlord\n|-start|p1a: Kingambit|fallen3|[silent]\n|move|p2a: Magnezone|Volt Switch|p1a: Kingambit\n|-damage|p1a: Kingambit|0 fnt\n|faint|p1a: Kingambit\n|-end|p1a: Kingambit|fallen3|[silent]\n|\n|t:|1699792681\n|switch|p2a: Iron Leaves|Iron Leaves|100\/100|[from] Volt Switch\n|-activate|p2a: Iron Leaves|move: Sticky Web\n|-unboost|p2a: Iron Leaves|spe|1\n|-enditem|p2a: Iron Leaves|Booster Energy\n|-activate|p2a: Iron Leaves|ability: Quark Drive|[fromitem]\n|-start|p2a: Iron Leaves|quarkdriveatk\n|\n|upkeep\n|\n|t:|1699792702\n|switch|p1a: Gholdengo|Gholdengo|30\/100\n|turn|17\n|\n|t:|1699792705\n|-end|p2a: Iron Leaves|Quark Drive|[silent]\n|switch|p2a: Magnezone|Magnezone|35\/100\n|-activate|p2a: Magnezone|move: Sticky Web\n|-unboost|p2a: Magnezone|spe|1\n|move|p1a: Gholdengo|Shadow Ball|p2a: Magnezone\n|-damage|p2a: Magnezone|0 fnt\n|faint|p2a: Magnezone\n|\n|upkeep\n|\n|t:|1699792707\n|switch|p2a: Iron Valiant|Iron Valiant|100\/100\n|-activate|p2a: Iron Valiant|move: Sticky Web\n|-unboost|p2a: Iron Valiant|spe|1\n|-enditem|p2a: Iron Valiant|Booster Energy\n|-activate|p2a: Iron Valiant|ability: Quark Drive|[fromitem]\n|-start|p2a: Iron Valiant|quarkdrivespa\n|turn|18\n|\n|t:|1699792711\n|move|p1a: Gholdengo|Recover|p1a: Gholdengo\n|-heal|p1a: Gholdengo|81\/100\n|move|p2a: Iron Valiant|Knock Off|p1a: Gholdengo\n|-supereffective|p1a: Gholdengo\n|-damage|p1a: Gholdengo|53\/100\n|\n|upkeep\n|turn|19\n|\n|t:|1699792715\n|move|p1a: Gholdengo|Recover|p1a: Gholdengo\n|-heal|p1a: Gholdengo|100\/100\n|move|p2a: Iron Valiant|Thunderbolt|p1a: Gholdengo\n|-damage|p1a: Gholdengo|62\/100\n|\n|upkeep\n|turn|20\n|\n|t:|1699792719\n|move|p1a: Gholdengo|Nasty Plot|p1a: Gholdengo\n|-boost|p1a: Gholdengo|spa|2\n|move|p2a: Iron Valiant|Thunderbolt|p1a: Gholdengo\n|-crit|p1a: Gholdengo\n|-damage|p1a: Gholdengo|9\/100\n|\n|upkeep\n|turn|21\n|j| galefang\n|\n|t:|1699792723\n|move|p1a: Gholdengo|Make It Rain|p2a: Iron Valiant\n|-supereffective|p2a: Iron Valiant\n|-damage|p2a: Iron Valiant|0 fnt\n|-unboost|p1a: Gholdengo|spa|1\n|faint|p2a: Iron Valiant\n|-end|p2a: Iron Valiant|Quark Drive|[silent]\n|\n|upkeep\n|\n|t:|1699792725\n|switch|p2a: Iron Leaves|Iron Leaves|100\/100\n|-activate|p2a: Iron Leaves|move: Sticky Web\n|-unboost|p2a: Iron Leaves|spe|1\n|turn|22\n|\n|t:|1699792727\n|move|p1a: Gholdengo|Shadow Ball|p2a: Iron Leaves\n|-supereffective|p2a: Iron Leaves\n|-damage|p2a: Iron Leaves|0 fnt\n|faint|p2a: Iron Leaves\n|-end|p2a: Iron Leaves|Quark Drive|[silent]\n|\n|win|d18l\n|raw|d18l's rating: 1809 &rarr; <strong>1822<\/strong><br \/>(+13 for winning)\n|raw|agency paid actor's rating: 1673 &rarr; <strong>1660<\/strong><br \/>(-13 for losing)\n|l|\u2606agency paid actor\n|l| galefang\n","uploadtime":1699792758,"views":11,"p1id":"d18l","p2id":"agencypaidactor","formatid":"gen9ou","rating":1660,"private":0,"password":""}