{"id":"gen9ou-1991031223","p1":"Corvinights","p2":"Carbolo","format":"[Gen 9] OU","log":"|j|\u2606Corvinights\n|j|\u2606Carbolo\n|t:|1700031187\n|gametype|singles\n|player|p1|Corvinights|hiker-gen4|1338\n|player|p2|Carbolo|tate|1234\n|teamsize|p1|6\n|teamsize|p2|6\n|gen|9\n|tier|[Gen 9] OU\n|rated|\n|rule|Sleep Clause Mod: Limit one foe put to sleep\n|rule|Species Clause: Limit one of each Pok\u00e9mon\n|rule|OHKO Clause: OHKO moves are banned\n|rule|Evasion Items Clause: Evasion items are banned\n|rule|Evasion Moves Clause: Evasion moves are banned\n|rule|Endless Battle Clause: Forcing endless battles is banned\n|rule|HP Percentage Mod: HP is shown in percentages\n|clearpoke\n|poke|p1|Goodra-Hisui, F|\n|poke|p1|Grimmsnarl, M|\n|poke|p1|Avalugg, M|\n|poke|p1|Rillaboom, M|\n|poke|p1|Inteleon, M|\n|poke|p1|Armarouge, M|\n|poke|p2|Dragapult, M|\n|poke|p2|Gholdengo|\n|poke|p2|Sneasler, F|\n|poke|p2|Great Tusk|\n|poke|p2|Meowscarada, F|\n|poke|p2|Iron Valiant|\n|teampreview\n|\n|t:|1700031203\n|start\n|switch|p1a: Avalugg|Avalugg, M|100\/100\n|switch|p2a: Gholdengo|Gholdengo|100\/100\n|turn|1\n|c|\u2606Carbolo|Interesting team\n|\n|t:|1700031216\n|switch|p1a: Iron Heart|Goodra-Hisui, F|100\/100\n|move|p2a: Gholdengo|Make It Rain|p1a: Iron Heart\n|-resisted|p1a: Iron Heart\n|-damage|p1a: Iron Heart|87\/100\n|-unboost|p2a: Gholdengo|spa|1\n|\n|upkeep\n|turn|2\n|inactive|Battle timer is ON: inactive players will automatically lose when time's up. (requested by Carbolo)\n|\n|t:|1700031232\n|switch|p2a: Great Tusk|Great Tusk|100\/100\n|move|p1a: Iron Heart|Earthquake|p2a: Great Tusk\n|-damage|p2a: Great Tusk|84\/100\n|\n|upkeep\n|turn|3\n|\n|t:|1700031241\n|switch|p1a: Rillaboom|Rillaboom, M|100\/100\n|-fieldstart|move: Grassy Terrain|[from] ability: Grassy Surge|[of] p1a: Rillaboom\n|move|p2a: Great Tusk|Knock Off|p1a: Rillaboom\n|-damage|p1a: Rillaboom|68\/100\n|-enditem|p1a: Rillaboom|Choice Band|[from] move: Knock Off|[of] p2a: Great Tusk\n|\n|-heal|p2a: Great Tusk|90\/100|[from] Grassy Terrain\n|-heal|p1a: Rillaboom|74\/100|[from] Grassy Terrain\n|upkeep\n|turn|4\n|\n|t:|1700031257\n|move|p2a: Great Tusk|Rapid Spin|p1a: Rillaboom\n|-damage|p1a: Rillaboom|57\/100\n|-boost|p2a: Great Tusk|spe|1\n|move|p1a: Rillaboom|U-turn|p2a: Great Tusk\n|-resisted|p2a: Great Tusk\n|-damage|p2a: Great Tusk|81\/100\n|\n|t:|1700031263\n|switch|p1a: Avalugg|Avalugg, M|100\/100|[from] U-turn\n|\n|-heal|p2a: Great Tusk|87\/100|[from] Grassy Terrain\n|upkeep\n|turn|5\n|\n|t:|1700031271\n|move|p2a: Great Tusk|Close Combat|p1a: Avalugg\n|-supereffective|p1a: Avalugg\n|-damage|p1a: Avalugg|46\/100\n|-unboost|p2a: Great Tusk|def|1\n|-unboost|p2a: Great Tusk|spd|1\n|move|p1a: Avalugg|Iron Defense|p1a: Avalugg\n|-boost|p1a: Avalugg|def|2\n|\n|-heal|p2a: Great Tusk|93\/100|[from] Grassy Terrain\n|-heal|p1a: Avalugg|52\/100|[from] Grassy Terrain\n|upkeep\n|turn|6\n|\n|t:|1700031282\n|move|p2a: Great Tusk|Close Combat|p1a: Avalugg\n|-supereffective|p1a: Avalugg\n|-damage|p1a: Avalugg|27\/100\n|-unboost|p2a: Great Tusk|def|1\n|-unboost|p2a: Great Tusk|spd|1\n|move|p1a: Avalugg|Recover|p1a: Avalugg\n|-heal|p1a: Avalugg|77\/100\n|\n|-heal|p2a: Great Tusk|99\/100|[from] Grassy Terrain\n|-heal|p1a: Avalugg|83\/100|[from] Grassy Terrain\n|upkeep\n|turn|7\n|\n|t:|1700031293\n|move|p2a: Great Tusk|Close Combat|p1a: Avalugg\n|-supereffective|p1a: Avalugg\n|-damage|p1a: Avalugg|57\/100\n|-unboost|p2a: Great Tusk|def|1\n|-unboost|p2a: Great Tusk|spd|1\n|move|p1a: Avalugg|Body Press|p2a: Great Tusk\n|-damage|p2a: Great Tusk|0 fnt\n|faint|p2a: Great Tusk\n|-end|p2a: Great Tusk|Protosynthesis|[silent]\n|\n|-heal|p1a: Avalugg|63\/100|[from] Grassy Terrain\n|-fieldend|move: Grassy Terrain\n|upkeep\n|\n|t:|1700031305\n|switch|p2a: Gholdengo|Gholdengo|100\/100\n|turn|8\n|\n|t:|1700031313\n|switch|p1a: Iron Heart|Goodra-Hisui, F|87\/100\n|move|p2a: Gholdengo|Focus Blast|p1a: Iron Heart\n|-supereffective|p1a: Iron Heart\n|-damage|p1a: Iron Heart|48\/100\n|\n|upkeep\n|turn|9\n|\n|t:|1700031323\n|switch|p2a: Sneasler|Sneasler, F|100\/100\n|-item|p2a: Sneasler|Air Balloon\n|move|p1a: Iron Heart|Earthquake|p2a: Sneasler\n|-immune|p2a: Sneasler\n|\n|upkeep\n|turn|10\n|\n|t:|1700031347\n|switch|p1a: Loki|Grimmsnarl, M|100\/100\n|move|p2a: Sneasler|Swords Dance|p2a: Sneasler\n|-boost|p2a: Sneasler|atk|2\n|\n|upkeep\n|turn|11\n|inactive|Carbolo has 120 seconds left.\n|\n|t:|1700031368\n|switch|p2a: Meowscarada|Meowscarada, F|100\/100\n|move|p1a: Loki|Reflect|p1a: Loki\n|-sidestart|p1: Corvinights|Reflect\n|\n|upkeep\n|turn|12\n|\n|t:|1700031380\n|switch|p1a: Iron Heart|Goodra-Hisui, F|48\/100\n|move|p2a: Meowscarada|Flower Trick|p1a: Iron Heart\n|-start|p2a: Meowscarada|typechange|Grass|[from] ability: Protean\n|-ability|p1a: Iron Heart|Sap Sipper|boost\n|-boost|p1a: Iron Heart|atk|1\n|\n|upkeep\n|turn|13\n|inactive|Carbolo has 120 seconds left.\n|\n|t:|1700031396\n|switch|p2a: Gholdengo|Gholdengo|100\/100\n|move|p1a: Iron Heart|Ice Beam|p2a: Gholdengo\n|-resisted|p2a: Gholdengo\n|-damage|p2a: Gholdengo|88\/100\n|\n|upkeep\n|turn|14\n|inactive|Carbolo has 120 seconds left.\n|\n|t:|1700031416\n|move|p2a: Gholdengo|Shadow Ball|p1a: Iron Heart\n|-damage|p1a: Iron Heart|29\/100\n|move|p1a: Iron Heart|Earthquake|p2a: Gholdengo\n|-supereffective|p2a: Gholdengo\n|-damage|p2a: Gholdengo|4\/100\n|\n|upkeep\n|turn|15\n|\n|t:|1700031424\n|move|p2a: Gholdengo|Shadow Ball|p1a: Iron Heart\n|-damage|p1a: Iron Heart|9\/100\n|-unboost|p1a: Iron Heart|spd|1\n|move|p1a: Iron Heart|Earthquake|p2a: Gholdengo\n|-supereffective|p2a: Gholdengo\n|-damage|p2a: Gholdengo|0 fnt\n|faint|p2a: Gholdengo\n|\n|upkeep\n|\n|t:|1700031434\n|switch|p2a: Sneasler|Sneasler, F|100\/100\n|-item|p2a: Sneasler|Air Balloon\n|turn|16\n|\n|t:|1700031441\n|move|p2a: Sneasler|Swords Dance|p2a: Sneasler\n|-boost|p2a: Sneasler|atk|2\n|move|p1a: Iron Heart|Heavy Slam|p2a: Sneasler\n|-damage|p2a: Sneasler|0 fnt\n|-enditem|p2a: Sneasler|Air Balloon\n|faint|p2a: Sneasler\n|\n|upkeep\n|inactive|Carbolo has 120 seconds left.\n|\n|t:|1700031450\n|switch|p2a: Meowscarada|Meowscarada, F|100\/100\n|turn|17\n|\n|t:|1700031457\n|move|p2a: Meowscarada|Play Rough|p1a: Iron Heart\n|-start|p2a: Meowscarada|typechange|Fairy|[from] ability: Protean\n|-damage|p1a: Iron Heart|0 fnt\n|faint|p1a: Iron Heart\n|\n|upkeep\n|\n|t:|1700031467\n|switch|p1a: Rillaboom|Rillaboom, M|57\/100\n|-fieldstart|move: Grassy Terrain|[from] ability: Grassy Surge|[of] p1a: Rillaboom\n|turn|18\n|\n|t:|1700031472\n|move|p1a: Rillaboom|Grassy Glide|p2a: Meowscarada\n|-damage|p2a: Meowscarada|42\/100\n|move|p2a: Meowscarada|Play Rough|p1a: Rillaboom\n|-damage|p1a: Rillaboom|27\/100\n|\n|-heal|p2a: Meowscarada|48\/100|[from] Grassy Terrain\n|-heal|p1a: Rillaboom|33\/100|[from] Grassy Terrain\n|-sideend|p1: Corvinights|Reflect\n|upkeep\n|turn|19\n|\n|t:|1700031485\n|switch|p2a: Dragapult|Dragapult, M|100\/100\n|move|p1a: Rillaboom|Grassy Glide|p2a: Dragapult\n|-resisted|p2a: Dragapult\n|-damage|p2a: Dragapult|72\/100\n|\n|-heal|p2a: Dragapult|78\/100|[from] Grassy Terrain\n|-heal|p2a: Dragapult|84\/100|[from] item: Leftovers\n|-heal|p1a: Rillaboom|39\/100|[from] Grassy Terrain\n|upkeep\n|turn|20\n|\n|t:|1700031499\n|move|p2a: Dragapult|Dragon Darts|p1a: Rillaboom\n|-damage|p1a: Rillaboom|15\/100\n|-anim|p2a: Dragapult|Dragon Darts|p1a: Rillaboom\n|-crit|p1a: Rillaboom\n|-damage|p1a: Rillaboom|0 fnt\n|faint|p1a: Rillaboom\n|\n|-heal|p2a: Dragapult|90\/100|[from] Grassy Terrain\n|-heal|p2a: Dragapult|96\/100|[from] item: Leftovers\n|upkeep\n|\n|t:|1700031510\n|switch|p1a: Loki|Grimmsnarl, M|100\/100\n|turn|21\n|\n|t:|1700031532\n|move|p2a: Dragapult|Dragon Dance|p2a: Dragapult\n|-boost|p2a: Dragapult|atk|1\n|-boost|p2a: Dragapult|spe|1\n|move|p1a: Loki|Spirit Break|p2a: Dragapult\n|-supereffective|p2a: Dragapult\n|-damage|p2a: Dragapult|11\/100\n|-unboost|p2a: Dragapult|spa|1\n|\n|-heal|p2a: Dragapult|17\/100|[from] Grassy Terrain\n|-heal|p2a: Dragapult|23\/100|[from] item: Leftovers\n|upkeep\n|turn|22\n|\n|t:|1700031552\n|move|p1a: Loki|Reflect|p1a: Loki\n|-sidestart|p1: Corvinights|Reflect\n|move|p2a: Dragapult|Phantom Force||[still]\n|-prepare|p2a: Dragapult|Phantom Force\n|\n|-heal|p2a: Dragapult|29\/100|[from] item: Leftovers\n|-fieldend|move: Grassy Terrain\n|upkeep\n|turn|23\n|\n|t:|1700031559\n|move|p1a: Loki|Light Screen|p1a: Loki\n|-sidestart|p1: Corvinights|move: Light Screen\n|move|p2a: Dragapult|Phantom Force|p1a: Loki|[from]lockedmove\n|-resisted|p1a: Loki\n|-damage|p1a: Loki|70\/100\n|\n|-heal|p2a: Dragapult|35\/100|[from] item: Leftovers\n|upkeep\n|turn|24\n|\n|t:|1700031568\n|move|p2a: Dragapult|Phantom Force||[still]\n|-prepare|p2a: Dragapult|Phantom Force\n|move|p1a: Loki|Spirit Break|p2a: Dragapult|[miss]\n|-miss|p1a: Loki|p2a: Dragapult\n|\n|-heal|p2a: Dragapult|41\/100|[from] item: Leftovers\n|upkeep\n|turn|25\n|\n|t:|1700031576\n|move|p2a: Dragapult|Phantom Force|p1a: Loki|[from]lockedmove\n|-resisted|p1a: Loki\n|-damage|p1a: Loki|37\/100\n|move|p1a: Loki|Spirit Break|p2a: Dragapult\n|-supereffective|p2a: Dragapult\n|-damage|p2a: Dragapult|0 fnt\n|faint|p2a: Dragapult\n|\n|upkeep\n|\n|t:|1700031592\n|switch|p2a: Meowscarada|Meowscarada, F|48\/100\n|turn|26\n|\n|t:|1700031597\n|move|p2a: Meowscarada|Flower Trick|p1a: Loki\n|-start|p2a: Meowscarada|typechange|Grass|[from] ability: Protean\n|-crit|p1a: Loki\n|-damage|p1a: Loki|0 fnt\n|faint|p1a: Loki\n|\n|upkeep\n|\n|t:|1700031604\n|switch|p1a: Avalugg|Avalugg, M|63\/100\n|turn|27\n|\n|t:|1700031609\n|move|p2a: Meowscarada|Flower Trick|p1a: Avalugg\n|-crit|p1a: Avalugg\n|-damage|p1a: Avalugg|34\/100\n|move|p1a: Avalugg|Body Press|p2a: Meowscarada\n|-damage|p2a: Meowscarada|0 fnt\n|faint|p2a: Meowscarada\n|\n|upkeep\n|\n|t:|1700031618\n|switch|p2a: Iron Valiant|Iron Valiant|100\/100\n|-enditem|p2a: Iron Valiant|Booster Energy\n|-activate|p2a: Iron Valiant|ability: Quark Drive|[fromitem]\n|-start|p2a: Iron Valiant|quarkdrivespe\n|turn|28\n|\n|t:|1700031625\n|move|p2a: Iron Valiant|Calm Mind|p2a: Iron Valiant\n|-boost|p2a: Iron Valiant|spa|1\n|-boost|p2a: Iron Valiant|spd|1\n|move|p1a: Avalugg|Recover|p1a: Avalugg\n|-heal|p1a: Avalugg|84\/100\n|\n|upkeep\n|turn|29\n|\n|t:|1700031632\n|move|p2a: Iron Valiant|Calm Mind|p2a: Iron Valiant\n|-boost|p2a: Iron Valiant|spa|1\n|-boost|p2a: Iron Valiant|spd|1\n|move|p1a: Avalugg|Body Press|p2a: Iron Valiant\n|-resisted|p2a: Iron Valiant\n|-damage|p2a: Iron Valiant|75\/100\n|\n|-sideend|p1: Corvinights|Reflect\n|upkeep\n|turn|30\n|\n|t:|1700031641\n|switch|p1a: Inteleon|Inteleon, M|100\/100\n|move|p2a: Iron Valiant|Calm Mind|p2a: Iron Valiant\n|-boost|p2a: Iron Valiant|spa|1\n|-boost|p2a: Iron Valiant|spd|1\n|\n|-sideend|p1: Corvinights|move: Light Screen\n|upkeep\n|turn|31\n|\n|t:|1700031649\n|-terastallize|p1a: Inteleon|Water\n|move|p2a: Iron Valiant|Moonblast|p1a: Inteleon\n|-damage|p1a: Inteleon|0 fnt\n|faint|p1a: Inteleon\n|\n|upkeep\n|\n|t:|1700031654\n|switch|p1a: Armarouge|Armarouge, M|100\/100\n|turn|32\n|\n|t:|1700031666\n|-terastallize|p2a: Iron Valiant|Fairy\n|move|p2a: Iron Valiant|Shadow Ball|p1a: Armarouge\n|-supereffective|p1a: Armarouge\n|-damage|p1a: Armarouge|0 fnt\n|faint|p1a: Armarouge\n|\n|upkeep\n|-message|Corvinights forfeited.\n|\n|win|Carbolo\n|raw|Corvinights's rating: 1338 &rarr; <strong>1312<\/strong><br \/>(-26 for losing)\n|raw|Carbolo's rating: 1234 &rarr; <strong>1266<\/strong><br \/>(+32 for winning)\n|l|\u2606Corvinights\n","uploadtime":1700031682,"views":20,"p1id":"corvinights","p2id":"carbolo","formatid":"gen9ou","rating":1266,"private":0,"password":""}