{"id":"gen9ou-1994358522","p1":"Pokenada","p2":"FartyMc6","format":"[Gen 9] OU","log":"|j|\u2606Pokenada\n|j|\u2606FartyMc6\n|t:|1700434858\n|gametype|singles\n|player|p1|Pokenada|elesa|1035\n|player|p2|FartyMc6|brycenman|1048\n|teamsize|p1|6\n|teamsize|p2|6\n|gen|9\n|tier|[Gen 9] OU\n|rated|\n|rule|Sleep Clause Mod: Limit one foe put to sleep\n|rule|Species Clause: Limit one of each Pok\u00e9mon\n|rule|OHKO Clause: OHKO moves are banned\n|rule|Evasion Items Clause: Evasion items are banned\n|rule|Evasion Moves Clause: Evasion moves are banned\n|rule|Endless Battle Clause: Forcing endless battles is banned\n|rule|HP Percentage Mod: HP is shown in percentages\n|clearpoke\n|poke|p1|Yanmega, F|\n|poke|p1|Crawdaunt, M|\n|poke|p1|Thundurus-Therian, M|\n|poke|p1|Mienshao, F|\n|poke|p1|Toedscruel, F|\n|poke|p1|Ambipom, F|\n|poke|p2|Gholdengo|\n|poke|p2|Dondozo, F|\n|poke|p2|Great Tusk|\n|poke|p2|Articuno|\n|poke|p2|Hatterene, F|\n|poke|p2|Cinderace, M|\n|teampreview\n|inactive|Battle timer is ON: inactive players will automatically lose when time's up. (requested by FartyMc6)\n|inactive|Pokenada also wants the timer to be on.\n|\n|t:|1700434874\n|start\n|switch|p1a: Yanmega|Yanmega, F|100\/100\n|switch|p2a: Hatterene|Hatterene, F|100\/100\n|turn|1\n|inactive|FartyMc6 has 120 seconds left.\n|\n|t:|1700434909\n|switch|p2a: Cinderace|Cinderace, M|100\/100\n|move|p1a: Yanmega|Swords Dance|p1a: Yanmega\n|-boost|p1a: Yanmega|atk|2\n|\n|-ability|p1a: Yanmega|Speed Boost|boost\n|-boost|p1a: Yanmega|spe|1\n|upkeep\n|turn|2\n|\n|t:|1700434915\n|move|p2a: Cinderace|Flame Charge|p1a: Yanmega\n|-supereffective|p1a: Yanmega\n|-damage|p1a: Yanmega|41\/100\n|-boost|p2a: Cinderace|spe|1\n|move|p1a: Yanmega|Dual Wingbeat|p2a: Cinderace\n|-damage|p2a: Cinderace|56\/100\n|-damage|p2a: Cinderace|16\/100\n|-hitcount|p2a: Cinderace|2\n|\n|-ability|p1a: Yanmega|Speed Boost|boost\n|-boost|p1a: Yanmega|spe|1\n|upkeep\n|turn|3\n|\n|t:|1700434927\n|switch|p1a: Mienshao|Mienshao, F|100\/100\n|move|p2a: Cinderace|Flame Charge|p1a: Mienshao\n|-damage|p1a: Mienshao|56\/100\n|-boost|p2a: Cinderace|spe|1\n|\n|upkeep\n|turn|4\n|\n|t:|1700434938\n|switch|p2a: Gholdengo|Gholdengo|100\/100\n|move|p1a: Mienshao|Vacuum Wave|p2a: Gholdengo\n|-immune|p2a: Gholdengo\n|\n|upkeep\n|turn|5\n|\n|t:|1700434948\n|move|p1a: Mienshao|Calm Mind|p1a: Mienshao\n|-boost|p1a: Mienshao|spa|1\n|-boost|p1a: Mienshao|spd|1\n|move|p2a: Gholdengo|Thunder Wave|p1a: Mienshao\n|-status|p1a: Mienshao|par\n|\n|upkeep\n|turn|6\n|\n|t:|1700434959\n|switch|p1a: Toedscruel|Toedscruel, F|100\/100\n|move|p2a: Gholdengo|Shadow Ball|p1a: Toedscruel\n|-damage|p1a: Toedscruel|57\/100\n|-unboost|p1a: Toedscruel|spd|1\n|\n|upkeep\n|turn|7\n|\n|t:|1700434972\n|switch|p2a: Articuno|Articuno|100\/100\n|-ability|p2a: Articuno|Pressure\n|move|p1a: Toedscruel|Knock Off|p2a: Articuno\n|-damage|p2a: Articuno|78\/100\n|-enditem|p2a: Articuno|Life Orb|[from] move: Knock Off|[of] p1a: Toedscruel\n|\n|upkeep\n|turn|8\n|\n|t:|1700434982\n|switch|p1a: Mienshao|Mienshao, F|89\/100 par\n|move|p2a: Articuno|Freeze-Dry|p1a: Mienshao\n|-damage|p1a: Mienshao|32\/100 par\n|\n|upkeep\n|turn|9\n|\n|t:|1700434994\n|move|p1a: Mienshao|Vacuum Wave|p2a: Articuno\n|-damage|p2a: Articuno|62\/100\n|move|p2a: Articuno|Freeze-Dry|p1a: Mienshao\n|-damage|p1a: Mienshao|0 fnt\n|faint|p1a: Mienshao\n|\n|upkeep\n|\n|t:|1700435000\n|switch|p1a: Ambipom|Ambipom, F|100\/100\n|turn|10\n|\n|t:|1700435010\n|move|p1a: Ambipom|Nasty Plot|p1a: Ambipom\n|-boost|p1a: Ambipom|spa|2\n|move|p2a: Articuno|Tailwind|p2a: Articuno\n|-sidestart|p2: FartyMc6|move: Tailwind\n|\n|upkeep\n|turn|11\n|\n|t:|1700435018\n|move|p2a: Articuno|Air Slash|p1a: Ambipom\n|-damage|p1a: Ambipom|46\/100\n|move|p1a: Ambipom|Swift|p2a: Articuno\n|-enditem|p1a: Ambipom|Normal Gem|[from] gem\n|-damage|p2a: Articuno|2\/100\n|\n|upkeep\n|turn|12\n|\n|t:|1700435027\n|move|p2a: Articuno|Air Slash|p1a: Ambipom\n|-damage|p1a: Ambipom|0 fnt\n|faint|p1a: Ambipom\n|\n|upkeep\n|\n|t:|1700435030\n|switch|p1a: Toedscruel|Toedscruel, F|57\/100\n|turn|13\n|\n|t:|1700435033\n|move|p2a: Articuno|Freeze-Dry|p1a: Toedscruel\n|-supereffective|p1a: Toedscruel\n|-damage|p1a: Toedscruel|0 fnt\n|faint|p1a: Toedscruel\n|\n|-sideend|p2: FartyMc6|move: Tailwind\n|upkeep\n|\n|t:|1700435035\n|switch|p1a: Yanmega|Yanmega, F|41\/100\n|turn|14\n|\n|t:|1700435061\n|switch|p2a: Gholdengo|Gholdengo|100\/100\n|move|p1a: Yanmega|Leech Life|p2a: Gholdengo\n|-resisted|p2a: Gholdengo\n|-damage|p2a: Gholdengo|94\/100\n|-heal|p1a: Yanmega|45\/100|[from] drain|[of] p2a: Gholdengo\n|\n|-heal|p2a: Gholdengo|99\/100|[from] item: Leftovers\n|-ability|p1a: Yanmega|Speed Boost|boost\n|-boost|p1a: Yanmega|spe|1\n|upkeep\n|turn|15\n|\n|t:|1700435069\n|move|p1a: Yanmega|Crunch|p2a: Gholdengo\n|-supereffective|p2a: Gholdengo\n|-damage|p2a: Gholdengo|65\/100\n|move|p2a: Gholdengo|Thunder Wave|p1a: Yanmega\n|-status|p1a: Yanmega|par\n|\n|-heal|p2a: Gholdengo|71\/100|[from] item: Leftovers\n|-ability|p1a: Yanmega|Speed Boost|boost\n|-boost|p1a: Yanmega|spe|1\n|upkeep\n|turn|16\n|\n|t:|1700435078\n|cant|p1a: Yanmega|par\n|move|p2a: Gholdengo|Shadow Ball|p1a: Yanmega\n|-damage|p1a: Yanmega|0 fnt\n|faint|p1a: Yanmega\n|\n|-heal|p2a: Gholdengo|77\/100|[from] item: Leftovers\n|upkeep\n|\n|t:|1700435084\n|switch|p1a: Crawdaunt|Crawdaunt, M|100\/100\n|turn|17\n|c|\u2606FartyMc6|yikes\n|\n|t:|1700435095\n|move|p2a: Gholdengo|Thunder Wave|p1a: Crawdaunt\n|-status|p1a: Crawdaunt|par\n|move|p1a: Crawdaunt|Dark Pulse|p2a: Gholdengo\n|-supereffective|p2a: Gholdengo\n|-damage|p2a: Gholdengo|0 fnt\n|faint|p2a: Gholdengo\n|-damage|p1a: Crawdaunt|90\/100 par|[from] item: Life Orb\n|\n|upkeep\n|\n|t:|1700435104\n|switch|p2a: Articuno|Articuno|2\/100\n|-ability|p2a: Articuno|Pressure\n|turn|18\n|\n|t:|1700435107\n|move|p2a: Articuno|Freeze-Dry|p1a: Crawdaunt\n|-supereffective|p1a: Crawdaunt\n|-damage|p1a: Crawdaunt|0 fnt\n|faint|p1a: Crawdaunt\n|\n|upkeep\n|\n|t:|1700435109\n|switch|p1a: Thundurus|Thundurus-Therian, M|100\/100\n|turn|19\n|\n|t:|1700435119\n|move|p1a: Thundurus|Acrobatics|p2a: Articuno\n|-damage|p2a: Articuno|0 fnt\n|faint|p2a: Articuno\n|\n|upkeep\n|\n|t:|1700435131\n|switch|p2a: Cinderace|Cinderace, M|16\/100\n|turn|20\n|\n|t:|1700435143\n|move|p2a: Cinderace|Gunk Shot|p1a: Thundurus\n|-start|p2a: Cinderace|typechange|Poison|[from] ability: Libero\n|-damage|p1a: Thundurus|18\/100\n|-enditem|p1a: Thundurus|Sitrus Berry|[eat]\n|-heal|p1a: Thundurus|43\/100|[from] item: Sitrus Berry\n|move|p1a: Thundurus|Bulk Up|p1a: Thundurus\n|-boost|p1a: Thundurus|atk|1\n|-boost|p1a: Thundurus|def|1\n|\n|upkeep\n|turn|21\n|\n|t:|1700435150\n|-terastallize|p1a: Thundurus|Flying\n|move|p2a: Cinderace|Gunk Shot|p1a: Thundurus\n|-damage|p1a: Thundurus|0 fnt\n|faint|p1a: Thundurus\n|\n|win|FartyMc6\n|raw|Pokenada's rating: 1035 &rarr; <strong>1020<\/strong><br \/>(-15 for losing)\n|raw|FartyMc6's rating: 1048 &rarr; <strong>1080<\/strong><br \/>(+32 for winning)\n|l|\u2606Pokenada\n|c|\u2606FartyMc6|gg chungus\n","uploadtime":1700435164,"views":13,"p1id":"pokenada","p2id":"fartymc6","formatid":"gen9ou","rating":1020,"private":0,"password":""}