{"id":"gen9ou-1993230389","p1":"cats suck","p2":"Theimpactassault","format":"[Gen 9] OU","log":"|j|\u2606cats suck\n|j|\u2606Theimpactassault\n|t:|1700281264\n|gametype|singles\n|player|p1|cats suck|battlegirl-gen4|1367\n|player|p2|Theimpactassault|hilda|1404\n|teamsize|p1|6\n|teamsize|p2|6\n|gen|9\n|tier|[Gen 9] OU\n|rated|\n|rule|Sleep Clause Mod: Limit one foe put to sleep\n|rule|Species Clause: Limit one of each Pok\u00e9mon\n|rule|OHKO Clause: OHKO moves are banned\n|rule|Evasion Items Clause: Evasion items are banned\n|rule|Evasion Moves Clause: Evasion moves are banned\n|rule|Endless Battle Clause: Forcing endless battles is banned\n|rule|HP Percentage Mod: HP is shown in percentages\n|clearpoke\n|poke|p1|Iron Valiant|\n|poke|p1|Iron Treads|\n|poke|p1|Hawlucha, M|\n|poke|p1|Regidrago|\n|poke|p1|Pincurchin, M|\n|poke|p1|Iron Moth|\n|poke|p2|Samurott-Hisui, F|\n|poke|p2|Arcanine-Hisui, M|\n|poke|p2|Corviknight, F|\n|poke|p2|Clodsire, M|\n|poke|p2|Forretress, F|\n|poke|p2|Meowscarada, F|\n|teampreview\n|\n|t:|1700281274\n|start\n|switch|p1a: Iron Treads|Iron Treads, shiny|100\/100\n|switch|p2a: Meowscarada|Meowscarada, F|100\/100\n|-item|p1a: Iron Treads|Air Balloon\n|turn|1\n|\n|t:|1700281286\n|move|p2a: Meowscarada|U-turn|p1a: Iron Treads\n|-start|p2a: Meowscarada|typechange|Bug|[from] ability: Protean\n|-resisted|p1a: Iron Treads\n|-damage|p1a: Iron Treads|87\/100\n|-enditem|p1a: Iron Treads|Air Balloon\n|\n|t:|1700281289\n|switch|p2a: Forretress|Forretress, F|100\/100|[from] U-turn\n|move|p1a: Iron Treads|Iron Head|p2a: Forretress\n|-resisted|p2a: Forretress\n|-damage|p2a: Forretress|89\/100\n|\n|upkeep\n|turn|2\n|\n|t:|1700281297\n|-end|p1a: Iron Treads|Quark Drive|[silent]\n|switch|p1a: Iron Moth|Iron Moth|100\/100\n|move|p2a: Forretress|Stealth Rock|p1a: Iron Moth\n|-sidestart|p1: cats suck|move: Stealth Rock\n|\n|upkeep\n|turn|3\n|\n|t:|1700281303\n|-end|p1a: Iron Moth|Quark Drive|[silent]\n|switch|p1a: Iron Treads|Iron Treads, shiny|87\/100\n|-damage|p1a: Iron Treads|84\/100|[from] Stealth Rock\n|switch|p2a: Clodsire|Clodsire, M|100\/100\n|\n|upkeep\n|turn|4\n|\n|t:|1700281310\n|-terastallize|p1a: Iron Treads|Ghost\n|move|p2a: Clodsire|Protect|p2a: Clodsire\n|-singleturn|p2a: Clodsire|Protect\n|move|p1a: Iron Treads|Rapid Spin|p2a: Clodsire\n|-activate|p2a: Clodsire|move: Protect\n|\n|upkeep\n|turn|5\n|\n|t:|1700281317\n|move|p1a: Iron Treads|Rapid Spin|p2a: Clodsire\n|-damage|p2a: Clodsire|82\/100\n|-boost|p1a: Iron Treads|spe|1\n|-sideend|p1: cats suck|Stealth Rock|[from] move: Rapid Spin|[of] p1a: Iron Treads\n|move|p2a: Clodsire|Toxic|p1a: Iron Treads\n|-status|p1a: Iron Treads|tox\n|\n|-heal|p2a: Clodsire|88\/100|[from] item: Black Sludge\n|-damage|p1a: Iron Treads|78\/100 tox|[from] psn\n|upkeep\n|turn|6\n|\n|t:|1700281319\n|move|p2a: Clodsire|Protect|p2a: Clodsire\n|-singleturn|p2a: Clodsire|Protect\n|move|p1a: Iron Treads|Stealth Rock|p2a: Clodsire\n|-sidestart|p2: Theimpactassault|move: Stealth Rock\n|\n|-heal|p2a: Clodsire|94\/100|[from] item: Black Sludge\n|-damage|p1a: Iron Treads|65\/100 tox|[from] psn\n|upkeep\n|turn|7\n|\n|t:|1700281325\n|-end|p1a: Iron Treads|Quark Drive|[silent]\n|switch|p1a: Pincurchin|Pincurchin, M|100\/100\n|-fieldstart|move: Electric Terrain|[from] ability: Electric Surge|[of] p1a: Pincurchin\n|switch|p2a: Forretress|Forretress, F|89\/100\n|\n|upkeep\n|turn|8\n|\n|t:|1700281334\n|switch|p1a: Hawlucha|Hawlucha, M|100\/100\n|-enditem|p1a: Hawlucha|Electric Seed\n|-boost|p1a: Hawlucha|def|1|[from] item: Electric Seed\n|move|p2a: Forretress|Stealth Rock|p1a: Hawlucha\n|-sidestart|p1: cats suck|move: Stealth Rock\n|\n|upkeep\n|turn|9\n|\n|t:|1700281339\n|switch|p2a: Corviknight|Corviknight, F|100\/100\n|-damage|p2a: Corviknight|88\/100|[from] Stealth Rock\n|-ability|p2a: Corviknight|Pressure\n|move|p1a: Hawlucha|Swords Dance|p1a: Hawlucha\n|-boost|p1a: Hawlucha|atk|2\n|\n|-heal|p2a: Corviknight|94\/100|[from] item: Leftovers\n|upkeep\n|turn|10\n|\n|t:|1700281343\n|move|p1a: Hawlucha|Swords Dance|p1a: Hawlucha\n|-boost|p1a: Hawlucha|atk|2\n|move|p2a: Corviknight|Iron Defense|p2a: Corviknight\n|-boost|p2a: Corviknight|def|2\n|\n|-heal|p2a: Corviknight|100\/100|[from] item: Leftovers\n|upkeep\n|turn|11\n|\n|t:|1700281346\n|move|p1a: Hawlucha|Fire Punch|p2a: Corviknight\n|-supereffective|p2a: Corviknight\n|-damage|p2a: Corviknight|60\/100\n|move|p2a: Corviknight|Substitute|p2a: Corviknight\n|-start|p2a: Corviknight|Substitute\n|-damage|p2a: Corviknight|35\/100\n|\n|-heal|p2a: Corviknight|41\/100|[from] item: Leftovers\n|upkeep\n|turn|12\n|\n|t:|1700281351\n|move|p1a: Hawlucha|Fire Punch|p2a: Corviknight\n|-supereffective|p2a: Corviknight\n|-end|p2a: Corviknight|Substitute\n|move|p2a: Corviknight|Iron Defense|p2a: Corviknight\n|-boost|p2a: Corviknight|def|2\n|\n|-heal|p2a: Corviknight|47\/100|[from] item: Leftovers\n|upkeep\n|turn|13\n|\n|t:|1700281353\n|move|p1a: Hawlucha|Fire Punch|p2a: Corviknight\n|-supereffective|p2a: Corviknight\n|-damage|p2a: Corviknight|17\/100\n|move|p2a: Corviknight|Roost|p2a: Corviknight\n|-heal|p2a: Corviknight|67\/100\n|-singleturn|p2a: Corviknight|move: Roost\n|\n|-heal|p2a: Corviknight|74\/100|[from] item: Leftovers\n|upkeep\n|turn|14\n|\n|t:|1700281356\n|move|p1a: Hawlucha|Swords Dance|p1a: Hawlucha\n|-boost|p1a: Hawlucha|atk|2\n|move|p2a: Corviknight|Iron Defense|p2a: Corviknight\n|-boost|p2a: Corviknight|def|2\n|\n|-heal|p2a: Corviknight|80\/100|[from] item: Leftovers\n|-fieldend|move: Electric Terrain\n|upkeep\n|turn|15\n|\n|t:|1700281358\n|move|p1a: Hawlucha|Fire Punch|p2a: Corviknight\n|-supereffective|p2a: Corviknight\n|-damage|p2a: Corviknight|51\/100\n|move|p2a: Corviknight|Substitute|p2a: Corviknight\n|-start|p2a: Corviknight|Substitute\n|-damage|p2a: Corviknight|26\/100\n|\n|-heal|p2a: Corviknight|33\/100|[from] item: Leftovers\n|upkeep\n|turn|16\n|\n|t:|1700281364\n|move|p1a: Hawlucha|Fire Punch|p2a: Corviknight\n|-supereffective|p2a: Corviknight\n|-end|p2a: Corviknight|Substitute\n|move|p2a: Corviknight|Roost|p2a: Corviknight\n|-heal|p2a: Corviknight|83\/100\n|-singleturn|p2a: Corviknight|move: Roost\n|\n|-heal|p2a: Corviknight|89\/100|[from] item: Leftovers\n|upkeep\n|turn|17\n|\n|t:|1700281366\n|move|p1a: Hawlucha|Fire Punch|p2a: Corviknight\n|-supereffective|p2a: Corviknight\n|-damage|p2a: Corviknight|60\/100\n|move|p2a: Corviknight|Substitute|p2a: Corviknight\n|-start|p2a: Corviknight|Substitute\n|-damage|p2a: Corviknight|35\/100\n|\n|-heal|p2a: Corviknight|42\/100|[from] item: Leftovers\n|upkeep\n|turn|18\n|\n|t:|1700281369\n|move|p1a: Hawlucha|Fire Punch|p2a: Corviknight\n|-supereffective|p2a: Corviknight\n|-end|p2a: Corviknight|Substitute\n|move|p2a: Corviknight|Roost|p2a: Corviknight\n|-heal|p2a: Corviknight|92\/100\n|-singleturn|p2a: Corviknight|move: Roost\n|\n|-heal|p2a: Corviknight|98\/100|[from] item: Leftovers\n|upkeep\n|turn|19\n|\n|t:|1700281370\n|move|p1a: Hawlucha|Fire Punch|p2a: Corviknight\n|-supereffective|p2a: Corviknight\n|-damage|p2a: Corviknight|71\/100\n|move|p2a: Corviknight|Substitute|p2a: Corviknight\n|-start|p2a: Corviknight|Substitute\n|-damage|p2a: Corviknight|46\/100\n|\n|-heal|p2a: Corviknight|52\/100|[from] item: Leftovers\n|upkeep\n|turn|20\n|\n|t:|1700281374\n|move|p1a: Hawlucha|Fire Punch|p2a: Corviknight\n|-supereffective|p2a: Corviknight\n|-end|p2a: Corviknight|Substitute\n|move|p2a: Corviknight|Substitute|p2a: Corviknight\n|-start|p2a: Corviknight|Substitute\n|-damage|p2a: Corviknight|27\/100\n|\n|-heal|p2a: Corviknight|33\/100|[from] item: Leftovers\n|upkeep\n|turn|21\n|\n|t:|1700281378\n|move|p1a: Hawlucha|Fire Punch|p2a: Corviknight\n|-supereffective|p2a: Corviknight\n|-end|p2a: Corviknight|Substitute\n|move|p2a: Corviknight|Substitute|p2a: Corviknight\n|-start|p2a: Corviknight|Substitute\n|-damage|p2a: Corviknight|8\/100\n|\n|-heal|p2a: Corviknight|15\/100|[from] item: Leftovers\n|upkeep\n|turn|22\n|\n|t:|1700281379\n|move|p1a: Hawlucha|Fire Punch|p2a: Corviknight\n|-supereffective|p2a: Corviknight\n|-end|p2a: Corviknight|Substitute\n|move|p2a: Corviknight|Roost|p2a: Corviknight\n|-heal|p2a: Corviknight|65\/100\n|-singleturn|p2a: Corviknight|move: Roost\n|\n|-heal|p2a: Corviknight|71\/100|[from] item: Leftovers\n|upkeep\n|turn|23\n|\n|t:|1700281381\n|move|p1a: Hawlucha|Fire Punch|p2a: Corviknight\n|-supereffective|p2a: Corviknight\n|-damage|p2a: Corviknight|42\/100\n|move|p2a: Corviknight|Roost|p2a: Corviknight\n|-heal|p2a: Corviknight|92\/100\n|-singleturn|p2a: Corviknight|move: Roost\n|\n|-heal|p2a: Corviknight|98\/100|[from] item: Leftovers\n|upkeep\n|turn|24\n|\n|t:|1700281385\n|move|p1a: Hawlucha|Close Combat|p2a: Corviknight\n|-damage|p2a: Corviknight|64\/100\n|-unboost|p1a: Hawlucha|def|1\n|-unboost|p1a: Hawlucha|spd|1\n|move|p2a: Corviknight|Substitute|p2a: Corviknight\n|-start|p2a: Corviknight|Substitute\n|-damage|p2a: Corviknight|39\/100\n|\n|-heal|p2a: Corviknight|45\/100|[from] item: Leftovers\n|upkeep\n|turn|25\n|\n|t:|1700281390\n|move|p1a: Hawlucha|Acrobatics|p2a: Corviknight\n|-resisted|p2a: Corviknight\n|-activate|p2a: Corviknight|move: Substitute|[damage]\n|move|p2a: Corviknight|Substitute|p2a: Corviknight\n|-fail|p2a: Corviknight|move: Substitute\n|\n|-heal|p2a: Corviknight|52\/100|[from] item: Leftovers\n|upkeep\n|turn|26\n|\n|t:|1700281393\n|move|p1a: Hawlucha|Acrobatics|p2a: Corviknight\n|-resisted|p2a: Corviknight\n|-crit|p2a: Corviknight\n|-end|p2a: Corviknight|Substitute\n|move|p2a: Corviknight|Body Press|p1a: Hawlucha\n|-resisted|p1a: Hawlucha\n|-damage|p1a: Hawlucha|44\/100\n|\n|-heal|p2a: Corviknight|58\/100|[from] item: Leftovers\n|upkeep\n|turn|27\n|\n|t:|1700281396\n|move|p1a: Hawlucha|Close Combat|p2a: Corviknight\n|-damage|p2a: Corviknight|25\/100\n|-unboost|p1a: Hawlucha|def|1\n|-unboost|p1a: Hawlucha|spd|1\n|move|p2a: Corviknight|Body Press|p1a: Hawlucha\n|-resisted|p1a: Hawlucha\n|-damage|p1a: Hawlucha|0 fnt\n|faint|p1a: Hawlucha\n|\n|-heal|p2a: Corviknight|31\/100|[from] item: Leftovers\n|upkeep\n|\n|t:|1700281398\n|switch|p1a: Iron Treads|Iron Treads, shiny, tera:Ghost|65\/100 tox\n|-damage|p1a: Iron Treads|53\/100 tox|[from] Stealth Rock\n|turn|28\n|-message|cats suck forfeited.\n|\n|win|Theimpactassault\n|raw|cats suck's rating: 1367 &rarr; <strong>1349<\/strong><br \/>(-18 for losing)\n|raw|Theimpactassault's rating: 1404 &rarr; <strong>1422<\/strong><br \/>(+18 for winning)\n|l|\u2606cats suck\n","uploadtime":1700281411,"views":12,"p1id":"catssuck","p2id":"theimpactassault","formatid":"gen9ou","rating":1349,"private":0,"password":""}