{"id":"gen9ou-1993059997","p1":"Rookie22","p2":"CyberH3","format":"[Gen 9] OU","log":"|j|\u2606Rookie22\n|j|\u2606CyberH3\n|t:|1700260276\n|gametype|singles\n|player|p1|Rookie22|iris-gen5bw2|1358\n|player|p2|CyberH3|mars|1398\n|teamsize|p1|6\n|teamsize|p2|6\n|gen|9\n|tier|[Gen 9] OU\n|rated|\n|rule|Sleep Clause Mod: Limit one foe put to sleep\n|rule|Species Clause: Limit one of each Pok\u00e9mon\n|rule|OHKO Clause: OHKO moves are banned\n|rule|Evasion Items Clause: Evasion items are banned\n|rule|Evasion Moves Clause: Evasion moves are banned\n|rule|Endless Battle Clause: Forcing endless battles is banned\n|rule|HP Percentage Mod: HP is shown in percentages\n|clearpoke\n|poke|p1|Dragapult, M|\n|poke|p1|Great Tusk|\n|poke|p1|Azumarill, M|\n|poke|p1|Kingambit, F|\n|poke|p1|Meowscarada, M|\n|poke|p1|Zapdos|\n|poke|p2|Goodra-Hisui, M|\n|poke|p2|Scizor, F|\n|poke|p2|Mimikyu, F|\n|poke|p2|Iron Valiant|\n|poke|p2|Talonflame, F|\n|poke|p2|Lokix, M|\n|teampreview\n|\n|t:|1700260292\n|start\n|switch|p1a: Great Tusk|Great Tusk|100\/100\n|switch|p2a: Snailtare|Goodra-Hisui, M|100\/100\n|turn|1\n|\n|t:|1700260301\n|move|p1a: Great Tusk|Stealth Rock|p2a: Snailtare\n|-sidestart|p2: CyberH3|move: Stealth Rock\n|move|p2a: Snailtare|Ice Beam|p1a: Great Tusk\n|-supereffective|p1a: Great Tusk\n|-damage|p1a: Great Tusk|17\/100\n|\n|-heal|p1a: Great Tusk|23\/100|[from] item: Leftovers\n|upkeep\n|turn|2\n|\n|t:|1700260309\n|move|p2a: Snailtare|Protect|p2a: Snailtare\n|-singleturn|p2a: Snailtare|Protect\n|move|p1a: Great Tusk|Earthquake|p2a: Snailtare\n|-activate|p2a: Snailtare|move: Protect\n|\n|-heal|p1a: Great Tusk|29\/100|[from] item: Leftovers\n|upkeep\n|turn|3\n|\n|t:|1700260321\n|move|p1a: Great Tusk|Earthquake|p2a: Snailtare\n|-supereffective|p2a: Snailtare\n|-damage|p2a: Snailtare|0 fnt\n|faint|p2a: Snailtare\n|\n|-heal|p1a: Great Tusk|35\/100|[from] item: Leftovers\n|upkeep\n|\n|t:|1700260327\n|switch|p2a: The XO|Talonflame, F|100\/100\n|-damage|p2a: The XO|51\/100|[from] Stealth Rock\n|turn|4\n|c|\u2606Rookie22|aie where are the boots haha\n|\n|t:|1700260362\n|-end|p1a: Great Tusk|Protosynthesis|[silent]\n|switch|p1a: Zapdos|Zapdos|100\/100\n|move|p2a: The XO|Will-O-Wisp|p1a: Zapdos\n|-status|p1a: Zapdos|brn\n|\n|-heal|p2a: The XO|57\/100|[from] item: Leftovers\n|-damage|p1a: Zapdos|94\/100 brn|[from] brn\n|upkeep\n|turn|5\n|\n|t:|1700260371\n|move|p2a: The XO|Flare Blitz|p1a: Zapdos\n|-crit|p1a: Zapdos\n|-damage|p1a: Zapdos|13\/100 brn\n|-status|p2a: The XO|par|[from] ability: Static|[of] p1a: Zapdos\n|-damage|p2a: The XO|28\/100 par|[from] Recoil\n|move|p1a: Zapdos|Thunderbolt|p2a: The XO\n|-supereffective|p2a: The XO\n|-damage|p2a: The XO|0 fnt\n|faint|p2a: The XO\n|\n|-damage|p1a: Zapdos|6\/100 brn|[from] brn\n|upkeep\n|\n|t:|1700260379\n|switch|p2a: Eat With Scissors|Scizor, F|100\/100\n|-damage|p2a: Eat With Scissors|88\/100|[from] Stealth Rock\n|turn|6\n|\n|t:|1700260402\n|switch|p1a: Dragapult|Dragapult, M|100\/100\n|move|p2a: Eat With Scissors|Bullet Punch|p1a: Dragapult\n|-damage|p1a: Dragapult|42\/100\n|-damage|p2a: Eat With Scissors|78\/100|[from] item: Life Orb\n|\n|upkeep\n|turn|7\n|\n|t:|1700260410\n|-terastallize|p1a: Dragapult|Fire\n|move|p2a: Eat With Scissors|Bullet Punch|p1a: Dragapult\n|-resisted|p1a: Dragapult\n|-damage|p1a: Dragapult|10\/100\n|-damage|p2a: Eat With Scissors|68\/100|[from] item: Life Orb\n|move|p1a: Dragapult|Flamethrower|p2a: Eat With Scissors\n|-supereffective|p2a: Eat With Scissors\n|-damage|p2a: Eat With Scissors|0 fnt\n|faint|p2a: Eat With Scissors\n|\n|upkeep\n|\n|t:|1700260418\n|switch|p2a: Morf LeRosh|Lokix, M|100\/100\n|-damage|p2a: Morf LeRosh|76\/100|[from] Stealth Rock\n|turn|8\n|\n|t:|1700260428\n|switch|p1a: Zapdos|Zapdos|6\/100 brn\n|move|p2a: Morf LeRosh|First Impression|p1a: Zapdos\n|-resisted|p1a: Zapdos\n|-damage|p1a: Zapdos|0 fnt\n|-status|p2a: Morf LeRosh|par|[from] ability: Static|[of] p1a: Zapdos\n|faint|p1a: Zapdos\n|-damage|p2a: Morf LeRosh|66\/100 par|[from] item: Life Orb\n|\n|upkeep\n|\n|t:|1700260437\n|switch|p1a: Azumarill|Azumarill, M|100\/100\n|turn|9\n|\n|t:|1700260441\n|move|p2a: Morf LeRosh|U-turn|p1a: Azumarill\n|-resisted|p1a: Azumarill\n|-damage|p1a: Azumarill|63\/100\n|-damage|p2a: Morf LeRosh|56\/100 par|[from] item: Life Orb\n|\n|t:|1700260444\n|switch|p2a: OHAYOLLIE|Mimikyu, F|100\/100|[from] U-turn\n|-damage|p2a: OHAYOLLIE|88\/100|[from] Stealth Rock\n|move|p1a: Azumarill|Play Rough|p2a: OHAYOLLIE\n|-activate|p2a: OHAYOLLIE|ability: Disguise\n|-damage|p2a: OHAYOLLIE|88\/100\n|detailschange|p2a: OHAYOLLIE|Mimikyu-Busted, F\n|-damage|p2a: OHAYOLLIE|76\/100|[from] pokemon: Mimikyu-Busted\n|\n|upkeep\n|turn|10\n|\n|t:|1700260455\n|move|p2a: OHAYOLLIE|Play Rough|p1a: Azumarill\n|-damage|p1a: Azumarill|16\/100\n|-unboost|p1a: Azumarill|atk|1\n|-enditem|p1a: Azumarill|Sitrus Berry|[eat]\n|-heal|p1a: Azumarill|41\/100|[from] item: Sitrus Berry\n|-damage|p2a: OHAYOLLIE|66\/100|[from] item: Life Orb\n|move|p1a: Azumarill|Play Rough|p2a: OHAYOLLIE\n|-damage|p2a: OHAYOLLIE|1\/100\n|\n|upkeep\n|turn|11\n|\n|t:|1700260465\n|move|p1a: Azumarill|Aqua Jet|p2a: OHAYOLLIE\n|-damage|p2a: OHAYOLLIE|0 fnt\n|faint|p2a: OHAYOLLIE\n|\n|upkeep\n|\n|t:|1700260471\n|switch|p2a: Morf LeRosh|Lokix, M|56\/100 par\n|-damage|p2a: Morf LeRosh|31\/100 par|[from] Stealth Rock\n|turn|12\n|\n|t:|1700260477\n|switch|p1a: Kingambit|Kingambit, F|100\/100\n|-activate|p1a: Kingambit|ability: Supreme Overlord\n|-start|p1a: Kingambit|fallen1|[silent]\n|move|p2a: Morf LeRosh|First Impression|p1a: Kingambit\n|-damage|p1a: Kingambit|62\/100\n|-damage|p2a: Morf LeRosh|21\/100 par|[from] item: Life Orb\n|\n|upkeep\n|turn|13\n|\n|t:|1700260486\n|move|p2a: Morf LeRosh|Axe Kick|p1a: Kingambit\n|-supereffective|p1a: Kingambit\n|-damage|p1a: Kingambit|0 fnt\n|faint|p1a: Kingambit\n|-end|p1a: Kingambit|fallen1|[silent]\n|-damage|p2a: Morf LeRosh|11\/100 par|[from] item: Life Orb\n|\n|upkeep\n|\n|t:|1700260492\n|switch|p1a: Dragapult|Dragapult, M, tera:Fire|10\/100\n|turn|14\n|\n|t:|1700260497\n|move|p1a: Dragapult|Flamethrower|p2a: Morf LeRosh\n|-supereffective|p2a: Morf LeRosh\n|-damage|p2a: Morf LeRosh|0 fnt\n|faint|p2a: Morf LeRosh\n|\n|upkeep\n|\n|t:|1700260498\n|switch|p2a: R-TRUS|Iron Valiant|100\/100\n|-damage|p2a: R-TRUS|94\/100|[from] Stealth Rock\n|-enditem|p2a: R-TRUS|Booster Energy\n|-activate|p2a: R-TRUS|ability: Quark Drive|[fromitem]\n|-start|p2a: R-TRUS|quarkdrivespe\n|turn|15\n|\n|t:|1700260528\n|switch|p1a: Great Tusk|Great Tusk|35\/100\n|move|p2a: R-TRUS|Moonblast|p1a: Great Tusk\n|-supereffective|p1a: Great Tusk\n|-damage|p1a: Great Tusk|0 fnt\n|faint|p1a: Great Tusk\n|-end|p1a: Great Tusk|Protosynthesis|[silent]\n|\n|upkeep\n|\n|t:|1700260536\n|switch|p1a: Azumarill|Azumarill, M|41\/100\n|turn|16\n|\n|t:|1700260541\n|-terastallize|p2a: R-TRUS|Steel\n|move|p2a: R-TRUS|Moonblast|p1a: Azumarill\n|-damage|p1a: Azumarill|0 fnt\n|faint|p1a: Azumarill\n|\n|upkeep\n|\n|t:|1700260547\n|switch|p1a: Meowscarada|Meowscarada, M|100\/100\n|turn|17\n|\n|t:|1700260550\n|move|p2a: R-TRUS|Moonblast|p1a: Meowscarada\n|-supereffective|p1a: Meowscarada\n|-damage|p1a: Meowscarada|0 fnt\n|faint|p1a: Meowscarada\n|\n|upkeep\n|\n|t:|1700260555\n|switch|p1a: Dragapult|Dragapult, M, tera:Fire|10\/100\n|turn|18\n|\n|t:|1700260558\n|move|p2a: R-TRUS|Aura Sphere|p1a: Dragapult\n|-damage|p1a: Dragapult|0 fnt\n|faint|p1a: Dragapult\n|\n|win|CyberH3\n|raw|Rookie22's rating: 1358 &rarr; <strong>1340<\/strong><br \/>(-18 for losing)\n|raw|CyberH3's rating: 1398 &rarr; <strong>1416<\/strong><br \/>(+18 for winning)\n|c|\u2606CyberH3|gg\n|l|\u2606Rookie22\n","uploadtime":1700260565,"views":12,"p1id":"rookie22","p2id":"cyberh3","formatid":"gen9ou","rating":1340,"private":0,"password":""}