{"id":"gen9ou-1995141299","p1":"obsoah","p2":"Lardoh","format":"[Gen 9] OU","log":"|j|\u2606obsoah\n|j|\u2606Lardoh\n|t:|1700527173\n|gametype|singles\n|player|p1|obsoah|101|1429\n|player|p2|Lardoh|1|1494\n|teamsize|p1|6\n|teamsize|p2|6\n|gen|9\n|tier|[Gen 9] OU\n|rated|\n|rule|Sleep Clause Mod: Limit one foe put to sleep\n|rule|Species Clause: Limit one of each Pok\u00e9mon\n|rule|OHKO Clause: OHKO moves are banned\n|rule|Evasion Items Clause: Evasion items are banned\n|rule|Evasion Moves Clause: Evasion moves are banned\n|rule|Endless Battle Clause: Forcing endless battles is banned\n|rule|HP Percentage Mod: HP is shown in percentages\n|clearpoke\n|poke|p1|Kingambit, F|\n|poke|p1|Great Tusk|\n|poke|p1|Dragapult, M|\n|poke|p1|Ogerpon-Wellspring, F|\n|poke|p1|Blissey, F|\n|poke|p1|Zapdos|\n|poke|p2|Hatterene, F|\n|poke|p2|Maushold|\n|poke|p2|Torkoal, M|\n|poke|p2|Hoopa-Unbound|\n|poke|p2|Ursaluna, M|\n|poke|p2|Indeedee, M|\n|teampreview\n|inactive|Battle timer is ON: inactive players will automatically lose when time's up. (requested by Lardoh)\n|\n|t:|1700527189\n|start\n|switch|p1a: Dragapult|Dragapult, M|100\/100\n|switch|p2a: Young Shelldon|Torkoal, M|100\/100\n|-weather|SunnyDay|[from] ability: Drought|[of] p2a: Young Shelldon\n|turn|1\n|\n|t:|1700527198\n|switch|p2a: Ursaluna|Ursaluna, M|100\/100\n|move|p1a: Dragapult|Draco Meteor|p2a: Ursaluna\n|-damage|p2a: Ursaluna|23\/100\n|-unboost|p1a: Dragapult|spa|2\n|\n|-weather|SunnyDay|[upkeep]\n|-status|p2a: Ursaluna|brn|[from] item: Flame Orb\n|upkeep\n|turn|2\n|\n|t:|1700527205\n|switch|p2a: Mrs. Cooper|Hatterene, F, shiny|100\/100\n|move|p1a: Dragapult|Draco Meteor|p2a: Mrs. Cooper\n|-immune|p2a: Mrs. Cooper\n|\n|-weather|SunnyDay|[upkeep]\n|upkeep\n|turn|3\n|\n|t:|1700527212\n|switch|p1a: Blissey|Blissey, F|100\/100\n|switch|p2a: Ursaluna|Ursaluna, M|23\/100 brn\n|\n|-weather|SunnyDay|[upkeep]\n|-damage|p2a: Ursaluna|16\/100 brn|[from] brn\n|upkeep\n|turn|4\n|\n|t:|1700527225\n|switch|p1a: Great Tusk|Great Tusk|100\/100\n|-activate|p1a: Great Tusk|ability: Protosynthesis\n|-start|p1a: Great Tusk|protosynthesisspe\n|move|p2a: Ursaluna|Facade|p1a: Great Tusk\n|-damage|p1a: Great Tusk|18\/100\n|\n|-weather|SunnyDay|[upkeep]\n|-heal|p1a: Great Tusk|24\/100|[from] item: Leftovers\n|-damage|p2a: Ursaluna|10\/100 brn|[from] brn\n|upkeep\n|turn|5\n|\n|t:|1700527243\n|switch|p2a: Young Shelldon|Torkoal, M|100\/100\n|move|p1a: Great Tusk|Knock Off|p2a: Young Shelldon\n|-damage|p2a: Young Shelldon|78\/100\n|-enditem|p2a: Young Shelldon|Choice Specs|[from] move: Knock Off|[of] p1a: Great Tusk\n|\n|-weather|none\n|-end|p1a: Great Tusk|Protosynthesis\n|-heal|p1a: Great Tusk|31\/100|[from] item: Leftovers\n|upkeep\n|turn|6\n|\n|t:|1700527257\n|move|p1a: Great Tusk|Earthquake|p2a: Young Shelldon\n|-supereffective|p2a: Young Shelldon\n|-damage|p2a: Young Shelldon|13\/100\n|move|p2a: Young Shelldon|Flamethrower|p1a: Great Tusk\n|-damage|p1a: Great Tusk|0 fnt\n|faint|p1a: Great Tusk\n|-end|p1a: Great Tusk|Protosynthesis|[silent]\n|\n|upkeep\n|\n|t:|1700527262\n|switch|p1a: Dragapult|Dragapult, M|100\/100\n|turn|7\n|\n|t:|1700527271\n|move|p1a: Dragapult|Shadow Ball|p2a: Young Shelldon\n|-damage|p2a: Young Shelldon|0 fnt\n|faint|p2a: Young Shelldon\n|\n|upkeep\n|\n|t:|1700527274\n|switch|p2a: FamWenSheldonIsOn|Maushold, shiny|100\/100\n|turn|8\n|\n|t:|1700527281\n|switch|p1a: Zapdos|Zapdos|100\/100\n|move|p2a: FamWenSheldonIsOn|Population Bomb|p1a: Zapdos\n|-damage|p1a: Zapdos|91\/100\n|-damage|p1a: Zapdos|81\/100\n|-status|p2a: FamWenSheldonIsOn|par|[from] ability: Static|[of] p1a: Zapdos\n|-damage|p1a: Zapdos|73\/100\n|-damage|p1a: Zapdos|64\/100\n|-damage|p1a: Zapdos|54\/100\n|-damage|p1a: Zapdos|45\/100\n|-damage|p1a: Zapdos|36\/100\n|-damage|p1a: Zapdos|28\/100\n|-damage|p1a: Zapdos|18\/100\n|-damage|p1a: Zapdos|9\/100\n|-hitcount|p1a: Zapdos|10\n|\n|upkeep\n|turn|9\n|\n|t:|1700527286\n|move|p1a: Zapdos|Roost|p1a: Zapdos\n|-heal|p1a: Zapdos|59\/100\n|-singleturn|p1a: Zapdos|move: Roost\n|move|p2a: FamWenSheldonIsOn|Population Bomb|p1a: Zapdos\n|-damage|p1a: Zapdos|49\/100\n|-damage|p1a: Zapdos|40\/100\n|-crit|p1a: Zapdos\n|-damage|p1a: Zapdos|27\/100\n|-damage|p1a: Zapdos|17\/100\n|-damage|p1a: Zapdos|8\/100\n|-damage|p1a: Zapdos|0 fnt\n|faint|p1a: Zapdos\n|-hitcount|p1: Zapdos|6\n|\n|upkeep\n|\n|t:|1700527296\n|switch|p1a: Dragapult|Dragapult, M|100\/100\n|turn|10\n|\n|t:|1700527304\n|move|p1a: Dragapult|Flamethrower|p2a: FamWenSheldonIsOn\n|-damage|p2a: FamWenSheldonIsOn|44\/100 par\n|move|p2a: FamWenSheldonIsOn|Population Bomb|p1a: Dragapult\n|-immune|p1a: Dragapult\n|\n|upkeep\n|turn|11\n|\n|t:|1700527310\n|switch|p2a: Georgie|Hoopa-Unbound|100\/100\n|move|p1a: Dragapult|Flamethrower|p2a: Georgie\n|-damage|p2a: Georgie|72\/100\n|\n|upkeep\n|turn|12\n|\n|t:|1700527313\n|switch|p1a: Blissey|Blissey, F|100\/100\n|move|p2a: Georgie|Trick Room|p2a: Georgie\n|-fieldstart|move: Trick Room|[of] p2a: Georgie\n|\n|upkeep\n|turn|13\n|\n|t:|1700527331\n|-terastallize|p1a: Blissey|Ghost\n|move|p1a: Blissey|Seismic Toss|p2a: Georgie\n|-damage|p2a: Georgie|45\/100\n|move|p2a: Georgie|Drain Punch|p1a: Blissey\n|-immune|p1a: Blissey\n|\n|upkeep\n|turn|14\n|\n|t:|1700527341\n|move|p1a: Blissey|Seismic Toss|p2a: Georgie\n|-damage|p2a: Georgie|18\/100\n|move|p2a: Georgie|Hyperspace Fury|p1a: Blissey\n|-supereffective|p1a: Blissey\n|-damage|p1a: Blissey|0 fnt\n|-unboost|p2a: Georgie|def|1\n|faint|p1a: Blissey\n|\n|upkeep\n|\n|t:|1700527349\n|switch|p1a: Kingambit|Kingambit, F|100\/100\n|-activate|p1a: Kingambit|ability: Supreme Overlord\n|-start|p1a: Kingambit|fallen3|[silent]\n|turn|15\n|\n|t:|1700527371\n|switch|p2a: Mrs. Cooper|Hatterene, F, shiny|100\/100\n|move|p1a: Kingambit|Sucker Punch||[still]\n|-fail|p1a: Kingambit\n|\n|upkeep\n|turn|16\n|\n|t:|1700527382\n|move|p2a: Mrs. Cooper|Healing Wish|p2a: Mrs. Cooper\n|faint|p2a: Mrs. Cooper\n|move|p1a: Kingambit|Swords Dance|p1a: Kingambit\n|-boost|p1a: Kingambit|atk|2\n|\n|-fieldend|move: Trick Room\n|upkeep\n|\n|t:|1700527386\n|switch|p2a: Georgie|Hoopa-Unbound|18\/100\n|-heal|p2a: Georgie|100\/100|[from] move: Healing Wish\n|turn|17\n|\n|t:|1700527391\n|move|p1a: Kingambit|Iron Head|p2a: Georgie\n|-enditem|p2a: Georgie|Focus Sash\n|-damage|p2a: Georgie|1\/100\n|cant|p2a: Georgie|flinch\n|\n|upkeep\n|turn|18\n|\n|t:|1700527398\n|move|p1a: Kingambit|Iron Head|p2a: Georgie\n|-damage|p2a: Georgie|0 fnt\n|faint|p2a: Georgie\n|\n|upkeep\n|\n|t:|1700527403\n|switch|p2a: Indeedee|Indeedee, M|100\/100\n|-fieldstart|move: Psychic Terrain|[from] ability: Psychic Surge|[of] p2a: Indeedee\n|turn|19\n|\n|t:|1700527414\n|move|p1a: Kingambit|Kowtow Cleave|p2a: Indeedee\n|-supereffective|p2a: Indeedee\n|-enditem|p2a: Indeedee|Focus Sash\n|-damage|p2a: Indeedee|1\/100\n|move|p2a: Indeedee|Trick Room|p2a: Indeedee\n|-fieldstart|move: Trick Room|[of] p2a: Indeedee\n|\n|upkeep\n|turn|20\n|\n|t:|1700527422\n|move|p1a: Kingambit|Kowtow Cleave|p2a: Indeedee\n|-supereffective|p2a: Indeedee\n|-damage|p2a: Indeedee|0 fnt\n|faint|p2a: Indeedee\n|\n|upkeep\n|\n|t:|1700527425\n|switch|p2a: Ursaluna|Ursaluna, M|10\/100 brn\n|turn|21\n|\n|t:|1700527432\n|move|p2a: Ursaluna|Headlong Rush|p1a: Kingambit\n|-supereffective|p1a: Kingambit\n|-damage|p1a: Kingambit|0 fnt\n|-unboost|p2a: Ursaluna|def|1\n|-unboost|p2a: Ursaluna|spd|1\n|faint|p1a: Kingambit\n|-end|p1a: Kingambit|fallen3|[silent]\n|\n|-damage|p2a: Ursaluna|4\/100 brn|[from] brn\n|upkeep\n|\n|t:|1700527436\n|switch|p1a: Ogerpon|Ogerpon-Wellspring, F|100\/100\n|turn|22\n|\n|t:|1700527446\n|switch|p1a: Dragapult|Dragapult, M|100\/100\n|move|p2a: Ursaluna|Crunch|p1a: Dragapult\n|-supereffective|p1a: Dragapult\n|-damage|p1a: Dragapult|0 fnt\n|faint|p1a: Dragapult\n|\n|-damage|p2a: Ursaluna|0 fnt|[from] brn\n|faint|p2a: Ursaluna\n|upkeep\n|\n|t:|1700527451\n|switch|p2a: FamWenSheldonIsOn|Maushold, shiny|44\/100 par\n|switch|p1a: Ogerpon|Ogerpon-Wellspring, F|100\/100\n|turn|23\n|\n|t:|1700527457\n|move|p2a: FamWenSheldonIsOn|Population Bomb|p1a: Ogerpon\n|-damage|p1a: Ogerpon|87\/100\n|-damage|p1a: Ogerpon|72\/100\n|-damage|p1a: Ogerpon|57\/100\n|-damage|p1a: Ogerpon|43\/100\n|-damage|p1a: Ogerpon|28\/100\n|-damage|p1a: Ogerpon|14\/100\n|-damage|p1a: Ogerpon|0 fnt\n|faint|p1a: Ogerpon\n|-hitcount|p1: Ogerpon|7\n|\n|win|Lardoh\n|raw|obsoah's rating: 1429 &rarr; <strong>1413<\/strong><br \/>(-16 for losing)\n|raw|Lardoh's rating: 1494 &rarr; <strong>1510<\/strong><br \/>(+16 for winning)\n|c|\u2606Lardoh|Gg\n|l|\u2606obsoah\n|l|\u2606Lardoh\n|j|\u2606Lardoh\n|player|p2|Lardoh|1\n","uploadtime":1700527485,"views":5,"p1id":"obsoah","p2id":"lardoh","formatid":"gen9ou","rating":1413,"private":0,"password":""}