{"id":"gen9ou-1993026680","p1":"LouisGiS","p2":"bruc3wi11is","format":"[Gen 9] OU","log":"|j|\u2606LouisGiS\n|j|\u2606bruc3wi11is\n|t:|1700256802\n|gametype|singles\n|player|p1|LouisGiS|170|1238\n|player|p2|bruc3wi11is|102|1214\n|teamsize|p1|6\n|teamsize|p2|6\n|gen|9\n|tier|[Gen 9] OU\n|rated|\n|rule|Sleep Clause Mod: Limit one foe put to sleep\n|rule|Species Clause: Limit one of each Pok\u00e9mon\n|rule|OHKO Clause: OHKO moves are banned\n|rule|Evasion Items Clause: Evasion items are banned\n|rule|Evasion Moves Clause: Evasion moves are banned\n|rule|Endless Battle Clause: Forcing endless battles is banned\n|rule|HP Percentage Mod: HP is shown in percentages\n|clearpoke\n|poke|p1|Glimmora, M|\n|poke|p1|Quaquaval, M|\n|poke|p1|Great Tusk|\n|poke|p1|Rillaboom, M|\n|poke|p1|Enamorus, F|\n|poke|p1|Gholdengo|\n|poke|p2|Kingambit, M|\n|poke|p2|Pelipper, F|\n|poke|p2|Manaphy|\n|poke|p2|Iron Valiant|\n|poke|p2|Weezing-Galar, M|\n|poke|p2|Landorus-Therian, M|\n|teampreview\n|inactive|Battle timer is ON: inactive players will automatically lose when time's up. (requested by bruc3wi11is)\n|\n|t:|1700256814\n|start\n|switch|p1a: Cancer|Glimmora, M|100\/100\n|switch|p2a: Pelipper|Pelipper, F|100\/100\n|-weather|RainDance|[from] ability: Drizzle|[of] p2a: Pelipper\n|turn|1\n|\n|t:|1700256825\n|move|p1a: Cancer|Stealth Rock|p2a: Pelipper\n|-sidestart|p2: bruc3wi11is|move: Stealth Rock\n|move|p2a: Pelipper|Surf|p1a: Cancer\n|-supereffective|p1a: Cancer\n|-enditem|p1a: Cancer|Focus Sash\n|-damage|p1a: Cancer|1\/100\n|\n|-weather|RainDance|[upkeep]\n|upkeep\n|turn|2\n|\n|t:|1700256834\n|move|p1a: Cancer|Power Gem|p2a: Pelipper\n|-supereffective|p2a: Pelipper\n|-crit|p2a: Pelipper\n|-damage|p2a: Pelipper|0 fnt\n|faint|p2a: Pelipper\n|\n|-weather|RainDance|[upkeep]\n|upkeep\n|\n|t:|1700256842\n|switch|p2a: Manaphy|Manaphy|100\/100\n|-damage|p2a: Manaphy|88\/100|[from] Stealth Rock\n|turn|3\n|\n|t:|1700256848\n|move|p2a: Manaphy|Surf|p1a: Cancer\n|-supereffective|p1a: Cancer\n|-damage|p1a: Cancer|0 fnt\n|faint|p1a: Cancer\n|\n|-weather|RainDance|[upkeep]\n|-heal|p2a: Manaphy|94\/100|[from] item: Leftovers\n|upkeep\n|\n|t:|1700256852\n|switch|p1a: AnulKarnage|Gholdengo|100\/100\n|turn|4\n|\n|t:|1700256856\n|switch|p2a: Kingambit|Kingambit, M|100\/100\n|-damage|p2a: Kingambit|94\/100|[from] Stealth Rock\n|-activate|p2a: Kingambit|ability: Supreme Overlord\n|-start|p2a: Kingambit|fallen1|[silent]\n|move|p1a: AnulKarnage|Thunderbolt|p2a: Kingambit\n|-damage|p2a: Kingambit|55\/100\n|\n|-weather|RainDance|[upkeep]\n|upkeep\n|turn|5\n|\n|t:|1700256864\n|switch|p1a: Babare|Great Tusk|100\/100\n|-end|p2a: Kingambit|fallen1|[silent]\n|switch|p2a: Weezing|Weezing-Galar, M|100\/100\n|-ability|p2a: Weezing|Neutralizing Gas\n|-damage|p2a: Weezing|88\/100|[from] Stealth Rock\n|\n|-weather|RainDance|[upkeep]\n|-heal|p2a: Weezing|94\/100|[from] item: Leftovers\n|upkeep\n|turn|6\n|\n|t:|1700256879\n|move|p1a: Babare|Knock Off|p2a: Weezing\n|-resisted|p2a: Weezing\n|-damage|p2a: Weezing|84\/100\n|-enditem|p2a: Weezing|Leftovers|[from] move: Knock Off|[of] p1a: Babare\n|move|p2a: Weezing|Defog|p1a: Babare\n|-unboost|p1a: Babare|evasion|1\n|-sideend|p2: bruc3wi11is|Stealth Rock|[from] move: Defog|[of] p2a: Weezing\n|\n|-weather|RainDance|[upkeep]\n|upkeep\n|turn|7\n|\n|t:|1700256894\n|-end|p1a: Babare|Protosynthesis|[silent]\n|switch|p1a: Mummy|Enamorus, F|100\/100\n|move|p2a: Weezing|Strange Steam|p1a: Mummy\n|-damage|p1a: Mummy|61\/100\n|\n|-weather|RainDance|[upkeep]\n|upkeep\n|turn|8\n|\n|t:|1700256904\n|move|p1a: Mummy|Psychic|p2a: Weezing\n|-supereffective|p2a: Weezing\n|-damage|p2a: Weezing|0 fnt\n|faint|p2a: Weezing\n|-end|p2a: Weezing|ability: Neutralizing Gas\n|\n|-weather|none\n|upkeep\n|\n|t:|1700256927\n|switch|p2a: Kingambit|Kingambit, M|55\/100\n|-activate|p2a: Kingambit|ability: Supreme Overlord\n|-start|p2a: Kingambit|fallen2|[silent]\n|turn|9\n|\n|t:|1700256932\n|switch|p1a: Babare|Great Tusk|100\/100\n|move|p2a: Kingambit|Sucker Punch||[still]\n|-fail|p2a: Kingambit\n|\n|upkeep\n|turn|10\n|\n|t:|1700256944\n|-end|p2a: Kingambit|fallen2|[silent]\n|switch|p2a: Landorus|Landorus-Therian, M|100\/100\n|-ability|p2a: Landorus|Intimidate|boost\n|-unboost|p1a: Babare|atk|1\n|move|p1a: Babare|Close Combat|p2a: Landorus\n|-resisted|p2a: Landorus\n|-damage|p2a: Landorus|78\/100\n|-unboost|p1a: Babare|def|1\n|-unboost|p1a: Babare|spd|1\n|\n|-heal|p2a: Landorus|84\/100|[from] item: Leftovers\n|upkeep\n|turn|11\n|\n|t:|1700256954\n|-end|p1a: Babare|Protosynthesis|[silent]\n|switch|p1a: Rillaboom|Rillaboom, M|100\/100\n|-fieldstart|move: Grassy Terrain|[from] ability: Grassy Surge|[of] p1a: Rillaboom\n|move|p2a: Landorus|Earthquake|p1a: Rillaboom\n|-resisted|p1a: Rillaboom\n|-damage|p1a: Rillaboom|84\/100\n|\n|-heal|p2a: Landorus|90\/100|[from] item: Leftovers\n|-heal|p1a: Rillaboom|91\/100|[from] Grassy Terrain\n|upkeep\n|turn|12\n|\n|t:|1700256975\n|move|p2a: Landorus|Earthquake|p1a: Rillaboom\n|-resisted|p1a: Rillaboom\n|-damage|p1a: Rillaboom|76\/100\n|move|p1a: Rillaboom|Wood Hammer|p2a: Landorus\n|-damage|p2a: Landorus|0 fnt\n|faint|p2a: Landorus\n|-damage|p1a: Rillaboom|48\/100|[from] Recoil\n|\n|-heal|p1a: Rillaboom|54\/100|[from] Grassy Terrain\n|upkeep\n|\n|t:|1700256980\n|switch|p2a: Iron Valiant|Iron Valiant|100\/100\n|-enditem|p2a: Iron Valiant|Booster Energy\n|-activate|p2a: Iron Valiant|ability: Quark Drive|[fromitem]\n|-start|p2a: Iron Valiant|quarkdrivespe\n|turn|13\n|\n|t:|1700256992\n|switch|p1a: AnulKarnage|Gholdengo|100\/100\n|-terastallize|p2a: Iron Valiant|Steel\n|move|p2a: Iron Valiant|Swords Dance|p2a: Iron Valiant\n|-boost|p2a: Iron Valiant|atk|2\n|\n|upkeep\n|turn|14\n|\n|t:|1700257002\n|move|p2a: Iron Valiant|Knock Off|p1a: AnulKarnage\n|-supereffective|p1a: AnulKarnage\n|-damage|p1a: AnulKarnage|0 fnt\n|-enditem|p1a: AnulKarnage|Choice Scarf|[from] move: Knock Off|[of] p2a: Iron Valiant\n|faint|p1a: AnulKarnage\n|\n|upkeep\n|\n|t:|1700257006\n|switch|p1a: Jean-Duck|Quaquaval, M|100\/100\n|turn|15\n|\n|t:|1700257010\n|-terastallize|p1a: Jean-Duck|Water\n|move|p2a: Iron Valiant|Spirit Break|p1a: Jean-Duck\n|-damage|p1a: Jean-Duck|0 fnt\n|faint|p1a: Jean-Duck\n|\n|-fieldend|move: Grassy Terrain\n|upkeep\n|\n|t:|1700257019\n|switch|p1a: Mummy|Enamorus, F|61\/100\n|turn|16\n|c|\u2606bruc3wi11is|\ud83d\udc4d\n|\n|t:|1700257035\n|move|p2a: Iron Valiant|Spirit Break|p1a: Mummy\n|-damage|p1a: Mummy|0 fnt\n|faint|p1a: Mummy\n|\n|upkeep\n|\n|t:|1700257040\n|switch|p1a: Rillaboom|Rillaboom, M|54\/100\n|-fieldstart|move: Grassy Terrain|[from] ability: Grassy Surge|[of] p1a: Rillaboom\n|turn|17\n|\n|t:|1700257043\n|move|p1a: Rillaboom|Grassy Glide|p2a: Iron Valiant\n|-resisted|p2a: Iron Valiant\n|-damage|p2a: Iron Valiant|63\/100\n|move|p2a: Iron Valiant|Spirit Break|p1a: Rillaboom\n|-damage|p1a: Rillaboom|0 fnt\n|faint|p1a: Rillaboom\n|\n|-heal|p2a: Iron Valiant|70\/100|[from] Grassy Terrain\n|upkeep\n|\n|t:|1700257047\n|switch|p1a: Babare|Great Tusk|100\/100\n|turn|18\n|\n|t:|1700257051\n|move|p2a: Iron Valiant|Spirit Break|p1a: Babare\n|-supereffective|p1a: Babare\n|-damage|p1a: Babare|0 fnt\n|faint|p1a: Babare\n|-end|p1a: Babare|Protosynthesis|[silent]\n|\n|win|bruc3wi11is\n|raw|LouisGiS's rating: 1238 &rarr; <strong>1211<\/strong><br \/>(-27 for losing)\n|raw|bruc3wi11is's rating: 1214 &rarr; <strong>1241<\/strong><br \/>(+27 for winning)\n|l|\u2606LouisGiS\n","uploadtime":1700257124,"views":18,"p1id":"louisgis","p2id":"bruc3wi11is","formatid":"gen9ou","rating":1211,"private":0,"password":""}