{"id":"gen9ou-1997695983","p1":"Um3 Akaza","p2":"ratatta17","format":"[Gen 9] OU","log":"|j|\u203dUm3 Akaza\n|j|\u2606ratatta17\n|t:|1700842791\n|gametype|singles\n|player|p1|Um3 Akaza|steven|1528\n|player|p2|ratatta17|1|1453\n|teamsize|p1|6\n|teamsize|p2|6\n|gen|9\n|tier|[Gen 9] OU\n|rated|\n|rule|Sleep Clause Mod: Limit one foe put to sleep\n|rule|Species Clause: Limit one of each Pok\u00e9mon\n|rule|OHKO Clause: OHKO moves are banned\n|rule|Evasion Items Clause: Evasion items are banned\n|rule|Evasion Moves Clause: Evasion moves are banned\n|rule|Endless Battle Clause: Forcing endless battles is banned\n|rule|HP Percentage Mod: HP is shown in percentages\n|clearpoke\n|poke|p1|Heatran, F|\n|poke|p1|Tornadus-Therian, M|\n|poke|p1|Ogerpon-Cornerstone, F|\n|poke|p1|Great Tusk|\n|poke|p1|Hatterene, F|\n|poke|p1|Toxapex, F|\n|poke|p2|Azumarill, F|\n|poke|p2|Staraptor, M|\n|poke|p2|Toedscruel, F|\n|poke|p2|Skeledirge, F|\n|poke|p2|Ninetales-Alola, M|\n|poke|p2|Iron Valiant|\n|teampreview\n|inactive|Battle timer is ON: inactive players will automatically lose when time's up. (requested by Um3 Akaza)\n|\n|t:|1700842800\n|start\n|switch|p1a: Ogerpon|Ogerpon-Cornerstone, F|100\/100\n|switch|p2a: Staraptor|Staraptor, M|100\/100\n|-ability|p2a: Staraptor|Intimidate|boost\n|-unboost|p1a: Ogerpon|atk|1\n|turn|1\n|\n|t:|1700842803\n|move|p2a: Staraptor|Final Gambit|p1a: Ogerpon\n|-ability|p1a: Ogerpon|Sturdy\n|-damage|p1a: Ogerpon|1\/100\n|faint|p2a: Staraptor\n|move|p1a: Ogerpon|Ivy Cudgel|p2: Staraptor|[notarget]\n|-fail|p1a: Ogerpon\n|\n|upkeep\n|\n|t:|1700842805\n|switch|p2a: Ninetales|Ninetales-Alola, M|100\/100\n|-weather|Snow|[from] ability: Snow Warning|[of] p2a: Ninetales\n|turn|2\n|\n|t:|1700842810\n|move|p2a: Ninetales|Ice Shard|p1a: Ogerpon\n|-supereffective|p1a: Ogerpon\n|-damage|p1a: Ogerpon|0 fnt\n|faint|p1a: Ogerpon\n|\n|-weather|Snow|[upkeep]\n|upkeep\n|\n|t:|1700842813\n|switch|p1a: Heatran|Heatran, F|100\/100\n|turn|3\n|\n|t:|1700842817\n|move|p2a: Ninetales|Aurora Veil|p2a: Ninetales\n|-sidestart|p2: ratatta17|move: Aurora Veil\n|move|p1a: Heatran|Magma Storm|p2a: Ninetales\n|-supereffective|p2a: Ninetales\n|-damage|p2a: Ninetales|58\/100\n|-activate|p2a: Ninetales|move: Magma Storm|[of] p1a: Heatran\n|\n|-weather|Snow|[upkeep]\n|-damage|p2a: Ninetales|46\/100|[from] move: Magma Storm|[partiallytrapped]\n|upkeep\n|turn|4\n|\n|t:|1700842824\n|move|p1a: Heatran|Protect|p1a: Heatran\n|-singleturn|p1a: Heatran|Protect\n|move|p2a: Ninetales|Encore|p1a: Heatran\n|-activate|p1a: Heatran|move: Protect\n|\n|-weather|Snow|[upkeep]\n|-damage|p2a: Ninetales|34\/100|[from] move: Magma Storm|[partiallytrapped]\n|upkeep\n|turn|5\n|\n|t:|1700842830\n|switch|p1a: Hatterene|Hatterene, F|100\/100\n|move|p2a: Ninetales|Freeze-Dry|p1a: Hatterene\n|-crit|p1a: Hatterene\n|-damage|p1a: Hatterene|67\/100\n|\n|-weather|Snow|[upkeep]\n|-heal|p1a: Hatterene|73\/100|[from] item: Leftovers\n|-end|p2a: Ninetales|Magma Storm|[partiallytrapped]|[silent]\n|upkeep\n|turn|6\n|\n|t:|1700842836\n|switch|p2a: Toedscruel|Toedscruel, F|100\/100\n|move|p1a: Hatterene|Nuzzle|p2a: Toedscruel\n|-immune|p2a: Toedscruel\n|\n|-weather|none\n|-heal|p1a: Hatterene|78\/100|[from] item: Leftovers\n|upkeep\n|turn|7\n|\n|t:|1700842839\n|move|p1a: Hatterene|Calm Mind|p1a: Hatterene\n|-boost|p1a: Hatterene|spa|1\n|-boost|p1a: Hatterene|spd|1\n|move|p2a: Toedscruel|Spore|p1a: Hatterene\n|-status|p1a: Hatterene|slp|[from] move: Spore\n|\n|-heal|p1a: Hatterene|84\/100 slp|[from] item: Leftovers\n|upkeep\n|turn|8\n|\n|t:|1700842843\n|cant|p1a: Hatterene|slp\n|move|p2a: Toedscruel|Leech Seed|p1a: Hatterene\n|-start|p1a: Hatterene|move: Leech Seed\n|\n|-heal|p1a: Hatterene|90\/100 slp|[from] item: Leftovers\n|-damage|p1a: Hatterene|78\/100 slp|[from] Leech Seed|[of] p2a: Toedscruel\n|upkeep\n|turn|9\n|\n|t:|1700842848\n|switch|p1a: Tornadus|Tornadus-Therian, M|100\/100\n|move|p2a: Toedscruel|Knock Off|p1a: Tornadus\n|-damage|p1a: Tornadus|83\/100\n|-enditem|p1a: Tornadus|Assault Vest|[from] move: Knock Off|[of] p2a: Toedscruel\n|\n|upkeep\n|turn|10\n|\n|t:|1700842853\n|move|p1a: Tornadus|Bleakwind Storm|p2a: Toedscruel\n|-supereffective|p2a: Toedscruel\n|-damage|p2a: Toedscruel|77\/100\n|-unboost|p2a: Toedscruel|spe|1\n|move|p2a: Toedscruel|Leech Seed|p1a: Tornadus\n|-start|p1a: Tornadus|move: Leech Seed\n|\n|-heal|p2a: Toedscruel|83\/100|[from] item: Leftovers\n|-damage|p1a: Tornadus|70\/100|[from] Leech Seed|[of] p2a: Toedscruel\n|-heal|p2a: Toedscruel|96\/100|[silent]\n|-sideend|p2: ratatta17|move: Aurora Veil\n|upkeep\n|turn|11\n|\n|t:|1700842861\n|switch|p2a: Ninetales|Ninetales-Alola, M|34\/100\n|-weather|Snow|[from] ability: Snow Warning|[of] p2a: Ninetales\n|move|p1a: Tornadus|U-turn|p2a: Ninetales\n|-resisted|p2a: Ninetales\n|-damage|p2a: Ninetales|30\/100\n|\n|t:|1700842865\n|switch|p1a: Heatran|Heatran, F|100\/100|[from] U-turn\n|\n|-weather|Snow|[upkeep]\n|upkeep\n|turn|12\n|\n|t:|1700842868\n|move|p2a: Ninetales|Aurora Veil|p2a: Ninetales\n|-sidestart|p2: ratatta17|move: Aurora Veil\n|move|p1a: Heatran|Taunt|p2a: Ninetales\n|-start|p2a: Ninetales|move: Taunt\n|\n|-weather|Snow|[upkeep]\n|upkeep\n|turn|13\n|\n|t:|1700842874\n|switch|p2a: Toedscruel|Toedscruel, F|96\/100\n|move|p1a: Heatran|Magma Storm|p2a: Toedscruel|[miss]\n|-miss|p1a: Heatran|p2a: Toedscruel\n|\n|-weather|Snow|[upkeep]\n|-heal|p2a: Toedscruel|100\/100|[from] item: Leftovers\n|upkeep\n|turn|14\n|\n|t:|1700842878\n|move|p2a: Toedscruel|Knock Off|p1a: Heatran\n|-damage|p1a: Heatran|87\/100\n|-status|p2a: Toedscruel|brn|[from] ability: Flame Body|[of] p1a: Heatran\n|-enditem|p1a: Heatran|Leftovers|[from] move: Knock Off|[of] p2a: Toedscruel\n|move|p1a: Heatran|Magma Storm|p2a: Toedscruel\n|-supereffective|p2a: Toedscruel\n|-damage|p2a: Toedscruel|77\/100 brn\n|-activate|p2a: Toedscruel|move: Magma Storm|[of] p1a: Heatran\n|\n|-weather|Snow|[upkeep]\n|-heal|p2a: Toedscruel|83\/100 brn|[from] item: Leftovers\n|-damage|p2a: Toedscruel|77\/100 brn|[from] brn\n|-damage|p2a: Toedscruel|65\/100 brn|[from] move: Magma Storm|[partiallytrapped]\n|upkeep\n|turn|15\n|\n|t:|1700842897\n|move|p1a: Heatran|Protect|p1a: Heatran\n|-singleturn|p1a: Heatran|Protect\n|move|p2a: Toedscruel|Rapid Spin|p1a: Heatran\n|-activate|p1a: Heatran|move: Protect\n|\n|-weather|none\n|-heal|p2a: Toedscruel|71\/100 brn|[from] item: Leftovers\n|-damage|p2a: Toedscruel|65\/100 brn|[from] brn\n|-damage|p2a: Toedscruel|52\/100 brn|[from] move: Magma Storm|[partiallytrapped]\n|upkeep\n|turn|16\n|\n|t:|1700842899\n|move|p1a: Heatran|Magma Storm|p2a: Toedscruel\n|-supereffective|p2a: Toedscruel\n|-damage|p2a: Toedscruel|25\/100 brn\n|move|p2a: Toedscruel|Leech Seed|p1a: Heatran\n|-start|p1a: Heatran|move: Leech Seed\n|\n|-heal|p2a: Toedscruel|31\/100 brn|[from] item: Leftovers\n|-damage|p1a: Heatran|75\/100|[from] Leech Seed|[of] p2a: Toedscruel\n|-heal|p2a: Toedscruel|44\/100 brn|[silent]\n|-damage|p2a: Toedscruel|38\/100 brn|[from] brn\n|-damage|p2a: Toedscruel|26\/100 brn|[from] move: Magma Storm|[partiallytrapped]\n|upkeep\n|turn|17\n|\n|t:|1700842903\n|move|p2a: Toedscruel|Rapid Spin|p1a: Heatran\n|-resisted|p1a: Heatran\n|-damage|p1a: Heatran|73\/100\n|-boost|p2a: Toedscruel|spe|1\n|-end|p2a: Toedscruel|Magma Storm|[partiallytrapped]\n|move|p1a: Heatran|Magma Storm|p2a: Toedscruel|[miss]\n|-miss|p1a: Heatran|p2a: Toedscruel\n|\n|-heal|p2a: Toedscruel|32\/100 brn|[from] item: Leftovers\n|-damage|p1a: Heatran|61\/100|[from] Leech Seed|[of] p2a: Toedscruel\n|-heal|p2a: Toedscruel|45\/100 brn|[silent]\n|-damage|p2a: Toedscruel|39\/100 brn|[from] brn\n|upkeep\n|turn|18\n|\n|t:|1700842910\n|move|p2a: Toedscruel|Knock Off|p1a: Heatran\n|-damage|p1a: Heatran|56\/100\n|move|p1a: Heatran|Magma Storm|p2a: Toedscruel\n|-supereffective|p2a: Toedscruel\n|-damage|p2a: Toedscruel|12\/100 brn\n|-activate|p2a: Toedscruel|move: Magma Storm|[of] p1a: Heatran\n|\n|-heal|p2a: Toedscruel|18\/100 brn|[from] item: Leftovers\n|-damage|p1a: Heatran|44\/100|[from] Leech Seed|[of] p2a: Toedscruel\n|-heal|p2a: Toedscruel|32\/100 brn|[silent]\n|-damage|p2a: Toedscruel|25\/100 brn|[from] brn\n|-damage|p2a: Toedscruel|13\/100 brn|[from] move: Magma Storm|[partiallytrapped]\n|upkeep\n|turn|19\n|\n|t:|1700842913\n|move|p1a: Heatran|Protect|p1a: Heatran\n|-singleturn|p1a: Heatran|Protect\n|move|p2a: Toedscruel|Rapid Spin|p1a: Heatran\n|-activate|p1a: Heatran|move: Protect\n|\n|-heal|p2a: Toedscruel|19\/100 brn|[from] item: Leftovers\n|-damage|p1a: Heatran|32\/100|[from] Leech Seed|[of] p2a: Toedscruel\n|-heal|p2a: Toedscruel|32\/100 brn|[silent]\n|-damage|p2a: Toedscruel|26\/100 brn|[from] brn\n|-damage|p2a: Toedscruel|14\/100 brn|[from] move: Magma Storm|[partiallytrapped]\n|-sideend|p2: ratatta17|move: Aurora Veil\n|upkeep\n|turn|20\n|\n|t:|1700842918\n|move|p2a: Toedscruel|Knock Off|p1a: Heatran\n|-damage|p1a: Heatran|27\/100\n|move|p1a: Heatran|Magma Storm|p2a: Toedscruel\n|-supereffective|p2a: Toedscruel\n|-damage|p2a: Toedscruel|0 fnt\n|faint|p2a: Toedscruel\n|\n|upkeep\n|\n|t:|1700842921\n|switch|p2a: Iron Valiant|Iron Valiant|100\/100\n|turn|21\n|\n|t:|1700842923\n|move|p2a: Iron Valiant|Aura Sphere|p1a: Heatran\n|-supereffective|p1a: Heatran\n|-damage|p1a: Heatran|0 fnt\n|faint|p1a: Heatran\n|-damage|p2a: Iron Valiant|91\/100|[from] item: Life Orb\n|\n|upkeep\n|\n|t:|1700842927\n|switch|p1a: Tornadus|Tornadus-Therian, M|100\/100\n|turn|22\n|inactive|ratatta17 has 120 seconds left.\n|\n|t:|1700842983\n|move|p2a: Iron Valiant|Thunderbolt|p1a: Tornadus\n|-supereffective|p1a: Tornadus\n|-damage|p1a: Tornadus|29\/100\n|-damage|p2a: Iron Valiant|81\/100|[from] item: Life Orb\n|move|p1a: Tornadus|Bleakwind Storm|p2a: Iron Valiant\n|-supereffective|p2a: Iron Valiant\n|-damage|p2a: Iron Valiant|0 fnt\n|faint|p2a: Iron Valiant\n|-end|p2a: Iron Valiant|Quark Drive|[silent]\n|\n|upkeep\n|\n|t:|1700842990\n|switch|p2a: Skeledirge|Skeledirge, F|100\/100\n|turn|23\n|\n|t:|1700842996\n|move|p1a: Tornadus|U-turn|p2a: Skeledirge\n|-resisted|p2a: Skeledirge\n|-damage|p2a: Skeledirge|98\/100\n|\n|t:|1700842998\n|switch|p1a: Toxapex|Toxapex, F|100\/100|[from] U-turn\n|move|p2a: Skeledirge|Torch Song|p1a: Toxapex\n|-resisted|p1a: Toxapex\n|-damage|p1a: Toxapex|91\/100\n|-boost|p2a: Skeledirge|spa|1\n|\n|-heal|p2a: Skeledirge|100\/100|[from] item: Leftovers\n|-heal|p1a: Toxapex|97\/100|[from] item: Leftovers\n|upkeep\n|turn|24\n|\n|t:|1700843001\n|move|p2a: Skeledirge|Will-O-Wisp|p1a: Toxapex|[miss]\n|-miss|p2a: Skeledirge|p1a: Toxapex\n|move|p1a: Toxapex|Haze|p1a: Toxapex\n|-clearallboost\n|\n|-heal|p1a: Toxapex|100\/100|[from] item: Leftovers\n|upkeep\n|turn|25\n|\n|t:|1700843004\n|move|p2a: Skeledirge|Will-O-Wisp|p1a: Toxapex\n|-status|p1a: Toxapex|brn\n|move|p1a: Toxapex|Surf|p2a: Skeledirge\n|-supereffective|p2a: Skeledirge\n|-damage|p2a: Skeledirge|72\/100\n|\n|-heal|p2a: Skeledirge|78\/100|[from] item: Leftovers\n|-damage|p1a: Toxapex|95\/100 brn|[from] brn\n|upkeep\n|turn|26\n|\n|t:|1700843009\n|move|p2a: Skeledirge|Torch Song|p1a: Toxapex\n|-resisted|p1a: Toxapex\n|-damage|p1a: Toxapex|86\/100 brn\n|-boost|p2a: Skeledirge|spa|1\n|move|p1a: Toxapex|Surf|p2a: Skeledirge\n|-supereffective|p2a: Skeledirge\n|-damage|p2a: Skeledirge|49\/100\n|\n|-heal|p2a: Skeledirge|55\/100|[from] item: Leftovers\n|-heal|p1a: Toxapex|92\/100 brn|[from] item: Leftovers\n|-damage|p1a: Toxapex|86\/100 brn|[from] brn\n|upkeep\n|turn|27\n|\n|t:|1700843013\n|switch|p1a: Great Tusk|Great Tusk, shiny|100\/100\n|move|p2a: Skeledirge|Torch Song|p1a: Great Tusk\n|-damage|p1a: Great Tusk|37\/100\n|-boost|p2a: Skeledirge|spa|1\n|\n|-heal|p1a: Great Tusk|43\/100|[from] item: Leftovers\n|-heal|p2a: Skeledirge|61\/100|[from] item: Leftovers\n|upkeep\n|turn|28\n|\n|t:|1700843038\n|-terastallize|p2a: Skeledirge|Dragon\n|move|p1a: Great Tusk|Earthquake|p2a: Skeledirge\n|-damage|p2a: Skeledirge|26\/100\n|move|p2a: Skeledirge|Slack Off|p2a: Skeledirge\n|-heal|p2a: Skeledirge|76\/100\n|\n|-heal|p1a: Great Tusk|50\/100|[from] item: Leftovers\n|-heal|p2a: Skeledirge|83\/100|[from] item: Leftovers\n|upkeep\n|turn|29\n|\n|t:|1700843048\n|move|p1a: Great Tusk|Ice Spinner|p2a: Skeledirge\n|-supereffective|p2a: Skeledirge\n|-damage|p2a: Skeledirge|45\/100\n|move|p2a: Skeledirge|Will-O-Wisp|p1a: Great Tusk\n|-status|p1a: Great Tusk|brn\n|\n|-heal|p1a: Great Tusk|56\/100 brn|[from] item: Leftovers\n|-heal|p2a: Skeledirge|51\/100|[from] item: Leftovers\n|-damage|p1a: Great Tusk|50\/100 brn|[from] brn\n|upkeep\n|turn|30\n|\n|t:|1700843055\n|-end|p1a: Great Tusk|Protosynthesis|[silent]\n|switch|p1a: Tornadus|Tornadus-Therian, M|62\/100\n|move|p2a: Skeledirge|Slack Off|p2a: Skeledirge\n|-heal|p2a: Skeledirge|100\/100\n|\n|upkeep\n|turn|31\n|\n|t:|1700843059\n|move|p1a: Tornadus|Bleakwind Storm|p2a: Skeledirge\n|-damage|p2a: Skeledirge|76\/100\n|-unboost|p2a: Skeledirge|spe|1\n|move|p2a: Skeledirge|Torch Song|p1a: Tornadus\n|-damage|p1a: Tornadus|10\/100\n|-boost|p2a: Skeledirge|spa|1\n|\n|-heal|p2a: Skeledirge|82\/100|[from] item: Leftovers\n|upkeep\n|turn|32\n|-message|Um3 Akaza forfeited.\n|\n|win|ratatta17\n|raw|Um3 Akaza's rating: 1528 &rarr; <strong>1504<\/strong><br \/>(-24 for losing)\n|raw|ratatta17's rating: 1453 &rarr; <strong>1477<\/strong><br \/>(+24 for winning)\n|l|\u203dUm3 Akaza\n","uploadtime":1700843103,"views":6,"p1id":"um3akaza","p2id":"ratatta17","formatid":"gen9ou","rating":1477,"private":0,"password":""}