{"id":"gen9ou-1994970040","p1":"Thomahawks","p2":"kirroz","format":"[Gen 9] OU","log":"|j|\u2606Thomahawks\n|j|\u2606kirroz\n|t:|1700509116\n|gametype|singles\n|player|p1|Thomahawks|alder|1248\n|player|p2|kirroz|giovanni|1240\n|teamsize|p1|6\n|teamsize|p2|6\n|gen|9\n|tier|[Gen 9] OU\n|rated|\n|rule|Sleep Clause Mod: Limit one foe put to sleep\n|rule|Species Clause: Limit one of each Pok\u00e9mon\n|rule|OHKO Clause: OHKO moves are banned\n|rule|Evasion Items Clause: Evasion items are banned\n|rule|Evasion Moves Clause: Evasion moves are banned\n|rule|Endless Battle Clause: Forcing endless battles is banned\n|rule|HP Percentage Mod: HP is shown in percentages\n|clearpoke\n|poke|p1|Iron Moth|\n|poke|p1|Ninetales-Alola, F|\n|poke|p1|Hatterene, F|\n|poke|p1|Ting-Lu|\n|poke|p1|Garchomp, F|\n|poke|p1|Rillaboom, F|\n|poke|p2|Dragonite, F|\n|poke|p2|Iron Moth|\n|poke|p2|Greninja-*, M|\n|poke|p2|Hatterene, F|\n|poke|p2|Toxapex, F|\n|poke|p2|Corviknight, F|\n|teampreview\n|\n|t:|1700509146\n|start\n|switch|p1a: Kurama|Ninetales-Alola, F, shiny|100\/100\n|switch|p2a: Iron Moth|Iron Moth|100\/100\n|-weather|Snow|[from] ability: Snow Warning|[of] p1a: Kurama\n|turn|1\n|\n|t:|1700509161\n|move|p2a: Iron Moth|Overheat|p1a: Kurama\n|-supereffective|p1a: Kurama\n|-damage|p1a: Kurama|0 fnt\n|-unboost|p2a: Iron Moth|spa|2\n|faint|p1a: Kurama\n|\n|-weather|Snow|[upkeep]\n|upkeep\n|\n|t:|1700509174\n|switch|p1a: Ting-Lu|Ting-Lu|100\/100\n|-ability|p1a: Ting-Lu|Vessel of Ruin\n|turn|2\n|\n|t:|1700509183\n|-end|p2a: Iron Moth|Quark Drive|[silent]\n|switch|p2a: Requiem|Greninja, M, shiny|100\/100\n|move|p1a: Ting-Lu|Stealth Rock|p2a: Requiem\n|-sidestart|p2: kirroz|move: Stealth Rock\n|\n|-weather|Snow|[upkeep]\n|upkeep\n|turn|3\n|\n|t:|1700509189\n|move|p2a: Requiem|Blizzard|p1a: Ting-Lu\n|-start|p2a: Requiem|typechange|Ice|[from] ability: Protean\n|-supereffective|p1a: Ting-Lu\n|-damage|p1a: Ting-Lu|33\/100\n|-enditem|p1a: Ting-Lu|Red Card|[of] p2a: Requiem\n|drag|p2a: Piesitos|Hatterene, F, shiny|100\/100\n|-damage|p2a: Piesitos|88\/100|[from] Stealth Rock\n|move|p1a: Ting-Lu|Whirlwind|p2a: Piesitos\n|move|p2a: Piesitos|Whirlwind|p1a: Ting-Lu|[from]ability: Magic Bounce\n|drag|p1a: Iron Moth|Iron Moth|100\/100\n|-enditem|p1a: Iron Moth|Booster Energy\n|-activate|p1a: Iron Moth|ability: Quark Drive|[fromitem]\n|-start|p1a: Iron Moth|quarkdrivespe\n|\n|-weather|Snow|[upkeep]\n|upkeep\n|turn|4\n|\n|t:|1700509203\n|move|p1a: Iron Moth|Fiery Dance|p2a: Piesitos\n|-damage|p2a: Piesitos|59\/100\n|move|p2a: Piesitos|Psyshock|p1a: Iron Moth\n|-supereffective|p1a: Iron Moth\n|-damage|p1a: Iron Moth|0 fnt\n|faint|p1a: Iron Moth\n|-end|p1a: Iron Moth|Quark Drive|[silent]\n|\n|-weather|Snow|[upkeep]\n|upkeep\n|\n|t:|1700509219\n|switch|p1a: Rillaboom|Rillaboom, F|100\/100\n|-fieldstart|move: Grassy Terrain|[from] ability: Grassy Surge|[of] p1a: Rillaboom\n|turn|5\n|\n|t:|1700509226\n|move|p1a: Rillaboom|U-turn|p2a: Piesitos\n|-damage|p2a: Piesitos|3\/100\n|\n|t:|1700509228\n|switch|p1a: Bubblizz|Hatterene, F|100\/100|[from] U-turn\n|-enditem|p1a: Bubblizz|Grassy Seed\n|-boost|p1a: Bubblizz|def|1|[from] item: Grassy Seed\n|move|p2a: Piesitos|Draining Kiss|p1a: Bubblizz\n|-damage|p1a: Bubblizz|72\/100\n|-heal|p2a: Piesitos|28\/100|[from] drain|[of] p1a: Bubblizz\n|\n|-weather|none\n|-heal|p1a: Bubblizz|78\/100|[from] Grassy Terrain\n|-heal|p2a: Piesitos|34\/100|[from] Grassy Terrain\n|upkeep\n|turn|6\n|\n|t:|1700509238\n|switch|p2a: Corviknight|Corviknight, F|100\/100\n|-damage|p2a: Corviknight|88\/100|[from] Stealth Rock\n|move|p1a: Bubblizz|Substitute|p1a: Bubblizz\n|-start|p1a: Bubblizz|Substitute\n|-damage|p1a: Bubblizz|53\/100\n|\n|-heal|p1a: Bubblizz|59\/100|[from] Grassy Terrain\n|upkeep\n|turn|7\n|\n|t:|1700509241\n|move|p2a: Corviknight|Defog|p1a: Bubblizz\n|move|p1a: Bubblizz|Defog|p2a: Corviknight|[from]ability: Magic Bounce\n|-ability|p2a: Corviknight|Mirror Armor\n|-unboost|p1a: Bubblizz|evasion|1\n|-sideend|p2: kirroz|Stealth Rock|[from] move: Defog|[of] p1a: Bubblizz\n|-fieldend|move: Grassy Terrain\n|move|p1a: Bubblizz|Calm Mind|p1a: Bubblizz\n|-boost|p1a: Bubblizz|spa|1\n|-boost|p1a: Bubblizz|spd|1\n|\n|upkeep\n|turn|8\n|\n|t:|1700509250\n|move|p2a: Corviknight|U-turn|p1a: Bubblizz\n|-activate|p1a: Bubblizz|move: Substitute|[damage]\n|\n|t:|1700509270\n|switch|p2a: Requiem|Greninja, M, shiny|100\/100|[from] U-turn\n|move|p1a: Bubblizz|Calm Mind|p1a: Bubblizz\n|-boost|p1a: Bubblizz|spa|1\n|-boost|p1a: Bubblizz|spd|1\n|\n|upkeep\n|turn|9\n|\n|t:|1700509277\n|move|p2a: Requiem|Dark Pulse|p1a: Bubblizz\n|-start|p2a: Requiem|typechange|Dark|[from] ability: Protean\n|-end|p1a: Bubblizz|Substitute\n|move|p1a: Bubblizz|Draining Kiss|p2a: Requiem\n|-supereffective|p2a: Requiem\n|-damage|p2a: Requiem|0 fnt\n|-heal|p1a: Bubblizz|100\/100|[from] drain|[of] p2a: Requiem\n|faint|p2a: Requiem\n|\n|upkeep\n|\n|t:|1700509285\n|switch|p2a: Serafin|Dragonite, F|100\/100\n|turn|10\n|\n|t:|1700509301\n|move|p2a: Serafin|Iron Head|p1a: Bubblizz\n|-supereffective|p1a: Bubblizz\n|-damage|p1a: Bubblizz|65\/100\n|cant|p1a: Bubblizz|flinch\n|\n|upkeep\n|turn|11\n|\n|t:|1700509307\n|move|p2a: Serafin|Iron Head|p1a: Bubblizz\n|-supereffective|p1a: Bubblizz\n|-damage|p1a: Bubblizz|30\/100\n|move|p1a: Bubblizz|Draining Kiss|p2a: Serafin\n|-supereffective|p2a: Serafin\n|-crit|p2a: Serafin\n|-damage|p2a: Serafin|35\/100\n|-heal|p1a: Bubblizz|80\/100|[from] drain|[of] p2a: Serafin\n|-enditem|p2a: Serafin|Weakness Policy\n|-boost|p2a: Serafin|atk|2|[from] item: Weakness Policy\n|-boost|p2a: Serafin|spa|2|[from] item: Weakness Policy\n|\n|upkeep\n|turn|12\n|\n|t:|1700509318\n|move|p2a: Serafin|Iron Head|p1a: Bubblizz\n|-supereffective|p1a: Bubblizz\n|-damage|p1a: Bubblizz|10\/100\n|cant|p1a: Bubblizz|flinch\n|\n|upkeep\n|turn|13\n|\n|t:|1700509353\n|move|p2a: Serafin|Extreme Speed|p1a: Bubblizz\n|-damage|p1a: Bubblizz|0 fnt\n|faint|p1a: Bubblizz\n|\n|upkeep\n|\n|t:|1700509356\n|switch|p1a: Garchomp|Garchomp, F|100\/100\n|turn|14\n|\n|t:|1700509380\n|move|p1a: Garchomp|Scale Shot|p2a: Serafin\n|-supereffective|p2a: Serafin\n|-damage|p2a: Serafin|5\/100\n|-supereffective|p2a: Serafin\n|-damage|p2a: Serafin|0 fnt\n|faint|p2a: Serafin\n|-hitcount|p2: Serafin|2\n|-unboost|p1a: Garchomp|def|1\n|-boost|p1a: Garchomp|spe|1\n|\n|upkeep\n|\n|t:|1700509393\n|switch|p2a: Piesitos|Hatterene, F, shiny|34\/100\n|turn|15\n|\n|t:|1700509409\n|move|p1a: Garchomp|Earthquake|p2a: Piesitos\n|-damage|p2a: Piesitos|0 fnt\n|faint|p2a: Piesitos\n|\n|upkeep\n|\n|t:|1700509417\n|switch|p2a: Bunker|Toxapex, F|100\/100\n|turn|16\n|\n|t:|1700509423\n|move|p1a: Garchomp|Swords Dance|p1a: Garchomp\n|-boost|p1a: Garchomp|atk|2\n|move|p2a: Bunker|Haze|p2a: Bunker\n|-clearallboost\n|\n|upkeep\n|turn|17\n|\n|t:|1700509449\n|move|p1a: Garchomp|Swords Dance|p1a: Garchomp\n|-boost|p1a: Garchomp|atk|2\n|move|p2a: Bunker|Toxic|p1a: Garchomp\n|-status|p1a: Garchomp|tox\n|\n|-damage|p1a: Garchomp|94\/100 tox|[from] psn\n|upkeep\n|turn|18\n|\n|t:|1700509458\n|move|p1a: Garchomp|Earthquake|p2a: Bunker\n|-supereffective|p2a: Bunker\n|-damage|p2a: Bunker|0 fnt\n|faint|p2a: Bunker\n|\n|-heal|p1a: Garchomp|100\/100 tox|[from] item: Leftovers\n|-damage|p1a: Garchomp|88\/100 tox|[from] psn\n|upkeep\n|\n|t:|1700509466\n|switch|p2a: Iron Moth|Iron Moth|100\/100\n|turn|19\n|\n|t:|1700509483\n|-terastallize|p2a: Iron Moth|Flying\n|move|p2a: Iron Moth|Psychic|p1a: Garchomp\n|-crit|p1a: Garchomp\n|-damage|p1a: Garchomp|29\/100 tox\n|move|p1a: Garchomp|Earthquake|p2a: Iron Moth\n|-immune|p2a: Iron Moth\n|\n|-heal|p1a: Garchomp|36\/100 tox|[from] item: Leftovers\n|-damage|p1a: Garchomp|17\/100 tox|[from] psn\n|upkeep\n|turn|20\n|\n|t:|1700509490\n|move|p2a: Iron Moth|Psychic|p1a: Garchomp\n|-damage|p1a: Garchomp|0 fnt\n|faint|p1a: Garchomp\n|\n|upkeep\n|\n|t:|1700509497\n|switch|p1a: Ting-Lu|Ting-Lu|33\/100\n|-ability|p1a: Ting-Lu|Vessel of Ruin\n|turn|21\n|\n|t:|1700509500\n|-end|p2a: Iron Moth|Quark Drive|[silent]\n|switch|p2a: Corviknight|Corviknight, F|88\/100\n|move|p1a: Ting-Lu|Ruination|p2a: Corviknight\n|-damage|p2a: Corviknight|44\/100\n|\n|upkeep\n|turn|22\n|\n|t:|1700509513\n|move|p2a: Corviknight|Body Press|p1a: Ting-Lu\n|-supereffective|p1a: Ting-Lu\n|-damage|p1a: Ting-Lu|2\/100\n|move|p1a: Ting-Lu|Stealth Rock|p2a: Corviknight\n|-sidestart|p2: kirroz|move: Stealth Rock\n|\n|upkeep\n|turn|23\n|\n|t:|1700509522\n|move|p2a: Corviknight|Roost|p2a: Corviknight\n|-heal|p2a: Corviknight|95\/100\n|-singleturn|p2a: Corviknight|move: Roost\n|move|p1a: Ting-Lu|Whirlwind|p2a: Corviknight\n|drag|p2a: Iron Moth|Iron Moth, tera:Flying|100\/100\n|-damage|p2a: Iron Moth|76\/100|[from] Stealth Rock\n|\n|upkeep\n|turn|24\n|\n|t:|1700509529\n|move|p2a: Iron Moth|Sludge Wave|p1a: Ting-Lu\n|-resisted|p1a: Ting-Lu\n|-damage|p1a: Ting-Lu|0 fnt\n|faint|p1a: Ting-Lu\n|\n|upkeep\n|\n|t:|1700509533\n|switch|p1a: Rillaboom|Rillaboom, F|100\/100\n|-fieldstart|move: Grassy Terrain|[from] ability: Grassy Surge|[of] p1a: Rillaboom\n|turn|25\n|\n|t:|1700509548\n|-terastallize|p1a: Rillaboom|Grass\n|move|p2a: Iron Moth|Sludge Wave|p1a: Rillaboom\n|-supereffective|p1a: Rillaboom\n|-damage|p1a: Rillaboom|0 fnt\n|faint|p1a: Rillaboom\n|\n|win|kirroz\n|raw|Thomahawks's rating: 1248 &rarr; <strong>1222<\/strong><br \/>(-26 for losing)\n|raw|kirroz's rating: 1240 &rarr; <strong>1266<\/strong><br \/>(+26 for winning)\n|l|\u2606Thomahawks\n","uploadtime":1700509557,"views":9,"p1id":"thomahawks","p2id":"kirroz","formatid":"gen9ou","rating":1222,"private":0,"password":""}