{"id":"gen9ou-1992378541","p1":"fireator","p2":"B1RKSY","format":"[Gen 9] OU","log":"|j|\u2606fireator\n|j|\u2606B1RKSY\n|t:|1700180682\n|gametype|singles\n|player|p1|fireator|gambler|1661\n|player|p2|B1RKSY|cynthia-gen4|1543\n|teamsize|p1|6\n|teamsize|p2|6\n|gen|9\n|tier|[Gen 9] OU\n|rated|\n|rule|Sleep Clause Mod: Limit one foe put to sleep\n|rule|Species Clause: Limit one of each Pok\u00e9mon\n|rule|OHKO Clause: OHKO moves are banned\n|rule|Evasion Items Clause: Evasion items are banned\n|rule|Evasion Moves Clause: Evasion moves are banned\n|rule|Endless Battle Clause: Forcing endless battles is banned\n|rule|HP Percentage Mod: HP is shown in percentages\n|clearpoke\n|poke|p1|Iron Valiant|\n|poke|p1|Walking Wake|\n|poke|p1|Great Tusk|\n|poke|p1|Zamazenta-*|\n|poke|p1|Torkoal, M|\n|poke|p1|Hatterene, F|\n|poke|p2|Torkoal, F|\n|poke|p2|Walking Wake|\n|poke|p2|Glimmora, F|\n|poke|p2|Zoroark-Hisui, F|\n|poke|p2|Great Tusk|\n|poke|p2|Zapdos|\n|teampreview\n|\n|t:|1700180725\n|start\n|switch|p1a: Walking Wake|Walking Wake|100\/100\n|switch|p2a: Glimmora|Glimmora, F|100\/100\n|turn|1\n|\n|t:|1700180735\n|-terastallize|p2a: Glimmora|Fairy\n|move|p2a: Glimmora|Tera Blast|p1a: Walking Wake|[anim] Tera Blast Fairy\n|-supereffective|p1a: Walking Wake\n|-damage|p1a: Walking Wake|0 fnt\n|faint|p1a: Walking Wake\n|-end|p1a: Walking Wake|Protosynthesis|[silent]\n|-damage|p2a: Glimmora|91\/100|[from] item: Life Orb\n|\n|upkeep\n|\n|t:|1700180746\n|switch|p1a: Hatterene|Hatterene, F|100\/100\n|turn|2\n|\n|t:|1700180751\n|move|p2a: Glimmora|Shadow Ball|p1a: Hatterene\n|-supereffective|p1a: Hatterene\n|-damage|p1a: Hatterene|22\/100\n|-damage|p2a: Glimmora|81\/100|[from] item: Life Orb\n|move|p1a: Hatterene|Nuzzle|p2a: Glimmora\n|-damage|p2a: Glimmora|73\/100\n|-status|p2a: Glimmora|par\n|replace|p2a: Zoroark|Zoroark-Hisui, F\n|-end|p2a: Zoroark|Illusion\n|\n|upkeep\n|turn|3\n|\n|t:|1700180760\n|move|p2a: Zoroark|Shadow Ball|p1a: Hatterene\n|-supereffective|p1a: Hatterene\n|-damage|p1a: Hatterene|0 fnt\n|faint|p1a: Hatterene\n|-damage|p2a: Zoroark|63\/100 par|[from] item: Life Orb\n|\n|upkeep\n|\n|t:|1700180764\n|switch|p1a: Iron Valiant|Iron Valiant|100\/100\n|-enditem|p1a: Iron Valiant|Booster Energy\n|-activate|p1a: Iron Valiant|ability: Quark Drive|[fromitem]\n|-start|p1a: Iron Valiant|quarkdrivespe\n|turn|4\n|\n|t:|1700180769\n|move|p1a: Iron Valiant|Spirit Break|p2a: Zoroark\n|-damage|p2a: Zoroark|0 fnt\n|faint|p2a: Zoroark\n|\n|upkeep\n|\n|t:|1700180773\n|switch|p2a: Glimmora|Glimmora, F|100\/100\n|turn|5\n|\n|t:|1700180778\n|move|p1a: Iron Valiant|Spirit Break|p2a: Glimmora\n|-resisted|p2a: Glimmora\n|-damage|p2a: Glimmora|76\/100\n|-unboost|p2a: Glimmora|spa|1\n|-activate|p2a: Glimmora|ability: Toxic Debris\n|-sidestart|p1: fireator|move: Toxic Spikes\n|move|p2a: Glimmora|Sludge Wave|p1a: Iron Valiant\n|-supereffective|p1a: Iron Valiant\n|-damage|p1a: Iron Valiant|0 fnt\n|faint|p1a: Iron Valiant\n|-end|p1a: Iron Valiant|Quark Drive|[silent]\n|\n|upkeep\n|\n|t:|1700180784\n|switch|p1a: Great Tusk|Great Tusk|100\/100\n|-status|p1a: Great Tusk|psn\n|turn|6\n|\n|t:|1700180790\n|move|p1a: Great Tusk|Close Combat|p2a: Glimmora\n|-damage|p2a: Glimmora|0 fnt\n|-unboost|p1a: Great Tusk|def|1\n|-unboost|p1a: Great Tusk|spd|1\n|-activate|p2a: Glimmora|ability: Toxic Debris\n|-sidestart|p1: fireator|move: Toxic Spikes\n|faint|p2a: Glimmora\n|-damage|p1a: Great Tusk|91\/100 psn|[from] item: Life Orb\n|\n|-damage|p1a: Great Tusk|78\/100 psn|[from] psn\n|upkeep\n|\n|t:|1700180800\n|switch|p2a: Zapdos|Zapdos|100\/100\n|turn|7\n|\n|t:|1700180803\n|move|p2a: Zapdos|Hurricane|p1a: Great Tusk|[miss]\n|-miss|p2a: Zapdos|p1a: Great Tusk\n|move|p1a: Great Tusk|Ice Spinner|p2a: Zapdos\n|-supereffective|p2a: Zapdos\n|-damage|p2a: Zapdos|37\/100\n|-damage|p1a: Great Tusk|68\/100 psn|[from] item: Life Orb\n|\n|-damage|p1a: Great Tusk|56\/100 psn|[from] psn\n|upkeep\n|turn|8\n|\n|t:|1700180811\n|move|p2a: Zapdos|Hurricane|p1a: Great Tusk\n|-supereffective|p1a: Great Tusk\n|-damage|p1a: Great Tusk|0 fnt\n|faint|p1a: Great Tusk\n|-end|p1a: Great Tusk|Protosynthesis|[silent]\n|\n|upkeep\n|\n|t:|1700180814\n|switch|p1a: Torkoal|Torkoal, M|100\/100\n|-status|p1a: Torkoal|tox\n|-weather|SunnyDay|[from] ability: Drought|[of] p1a: Torkoal\n|turn|9\n|\n|t:|1700180820\n|move|p2a: Zapdos|Discharge|p1a: Torkoal\n|-damage|p1a: Torkoal|54\/100 tox\n|move|p1a: Torkoal|Rapid Spin|p2a: Zapdos\n|-damage|p2a: Zapdos|28\/100\n|-boost|p1a: Torkoal|spe|1\n|-sideend|p1: fireator|Toxic Spikes|[from] move: Rapid Spin|[of] p1a: Torkoal\n|\n|-weather|SunnyDay|[upkeep]\n|-damage|p1a: Torkoal|48\/100 tox|[from] psn\n|upkeep\n|turn|10\n|\n|t:|1700180829\n|move|p2a: Zapdos|Discharge|p1a: Torkoal\n|-damage|p1a: Torkoal|0 fnt\n|faint|p1a: Torkoal\n|\n|-weather|SunnyDay|[upkeep]\n|upkeep\n|\n|t:|1700180832\n|switch|p1a: Zamazenta|Zamazenta|100\/100\n|-ability|p1a: Zamazenta|Dauntless Shield|boost\n|-boost|p1a: Zamazenta|def|1\n|turn|11\n|\n|t:|1700180838\n|move|p1a: Zamazenta|Substitute|p1a: Zamazenta\n|-start|p1a: Zamazenta|Substitute\n|-damage|p1a: Zamazenta|76\/100\n|move|p2a: Zapdos|Hurricane|p1a: Zamazenta|[miss]\n|-miss|p2a: Zapdos|p1a: Zamazenta\n|\n|-weather|SunnyDay|[upkeep]\n|-heal|p1a: Zamazenta|82\/100|[from] item: Leftovers\n|upkeep\n|turn|12\n|\n|t:|1700180847\n|-terastallize|p1a: Zamazenta|Steel\n|move|p1a: Zamazenta|Iron Defense|p1a: Zamazenta\n|-boost|p1a: Zamazenta|def|2\n|move|p2a: Zapdos|Discharge|p1a: Zamazenta\n|-crit|p1a: Zamazenta\n|-end|p1a: Zamazenta|Substitute\n|\n|-weather|SunnyDay|[upkeep]\n|-heal|p1a: Zamazenta|88\/100|[from] item: Leftovers\n|upkeep\n|turn|13\n|\n|t:|1700180855\n|move|p1a: Zamazenta|Substitute|p1a: Zamazenta\n|-start|p1a: Zamazenta|Substitute\n|-damage|p1a: Zamazenta|63\/100\n|move|p2a: Zapdos|Heat Wave|p1a: Zamazenta\n|-supereffective|p1a: Zamazenta\n|-end|p1a: Zamazenta|Substitute\n|\n|-weather|SunnyDay|[upkeep]\n|-heal|p1a: Zamazenta|69\/100|[from] item: Leftovers\n|upkeep\n|turn|14\n|\n|t:|1700180863\n|move|p1a: Zamazenta|Substitute|p1a: Zamazenta\n|-start|p1a: Zamazenta|Substitute\n|-damage|p1a: Zamazenta|44\/100\n|move|p2a: Zapdos|Heat Wave|p1a: Zamazenta\n|-supereffective|p1a: Zamazenta\n|-end|p1a: Zamazenta|Substitute\n|\n|-weather|SunnyDay|[upkeep]\n|-heal|p1a: Zamazenta|50\/100|[from] item: Leftovers\n|upkeep\n|turn|15\n|\n|t:|1700180870\n|move|p1a: Zamazenta|Substitute|p1a: Zamazenta\n|-start|p1a: Zamazenta|Substitute\n|-damage|p1a: Zamazenta|26\/100\n|move|p2a: Zapdos|Heat Wave|p1a: Zamazenta|[miss]\n|-miss|p2a: Zapdos|p1a: Zamazenta\n|\n|-weather|SunnyDay|[upkeep]\n|-heal|p1a: Zamazenta|32\/100|[from] item: Leftovers\n|upkeep\n|turn|16\n|\n|t:|1700180877\n|move|p1a: Zamazenta|Body Press|p2a: Zapdos\n|-resisted|p2a: Zapdos\n|-damage|p2a: Zapdos|0 fnt\n|-status|p1a: Zamazenta|par|[from] ability: Static|[of] p2a: Zapdos\n|faint|p2a: Zapdos\n|\n|-weather|none\n|-heal|p1a: Zamazenta|38\/100 par|[from] item: Leftovers\n|upkeep\n|\n|t:|1700180887\n|switch|p2a: Torkoal|Torkoal, F|100\/100\n|-weather|SunnyDay|[from] ability: Drought|[of] p2a: Torkoal\n|turn|17\n|\n|t:|1700180896\n|cant|p1a: Zamazenta|par\n|move|p2a: Torkoal|Lava Plume|p1a: Zamazenta\n|-supereffective|p1a: Zamazenta\n|-end|p1a: Zamazenta|Substitute\n|\n|-weather|SunnyDay|[upkeep]\n|-heal|p1a: Zamazenta|44\/100 par|[from] item: Leftovers\n|upkeep\n|turn|18\n|\n|t:|1700180903\n|move|p1a: Zamazenta|Body Press|p2a: Torkoal\n|-damage|p2a: Torkoal|15\/100\n|move|p2a: Torkoal|Lava Plume|p1a: Zamazenta\n|-supereffective|p1a: Zamazenta\n|-damage|p1a: Zamazenta|0 fnt\n|faint|p1a: Zamazenta\n|\n|win|B1RKSY\n|raw|fireator's rating: 1661 &rarr; <strong>1634<\/strong><br \/>(-27 for losing)\n|raw|B1RKSY's rating: 1543 &rarr; <strong>1570<\/strong><br \/>(+27 for winning)\n|l|\u2606fireator\n","uploadtime":1700180911,"views":17,"p1id":"fireator","p2id":"b1rksy","formatid":"gen9ou","rating":1570,"private":0,"password":""}