{"id":"gen9ou-1994764562","p1":"jhonatasRD","p2":"danz12","format":"[Gen 9] OU","log":"|j|\u2606jhonatasRD\n|j|\u2606danz12\n|t:|1700490472\n|gametype|singles\n|player|p1|jhonatasRD|170|1100\n|player|p2|danz12|nate|1187\n|teamsize|p1|6\n|teamsize|p2|6\n|gen|9\n|tier|[Gen 9] OU\n|rated|\n|rule|Sleep Clause Mod: Limit one foe put to sleep\n|rule|Species Clause: Limit one of each Pok\u00e9mon\n|rule|OHKO Clause: OHKO moves are banned\n|rule|Evasion Items Clause: Evasion items are banned\n|rule|Evasion Moves Clause: Evasion moves are banned\n|rule|Endless Battle Clause: Forcing endless battles is banned\n|rule|HP Percentage Mod: HP is shown in percentages\n|clearpoke\n|poke|p1|Muk-Alola, M|\n|poke|p1|Gyarados, F|\n|poke|p1|Hatterene, F|\n|poke|p1|Infernape, M|\n|poke|p1|Rotom-Wash|\n|poke|p1|Wo-Chien|\n|poke|p2|Garganacl, M|\n|poke|p2|Clodsire, M|\n|poke|p2|Moltres-Galar|\n|poke|p2|Ceruledge, F|\n|poke|p2|Meowscarada, M|\n|poke|p2|Dragapult, F|\n|teampreview\n|inactive|Battle timer is ON: inactive players will automatically lose when time's up. (requested by danz12)\n|\n|t:|1700490480\n|start\n|switch|p1a: Gyarados|Gyarados, F|100\/100\n|switch|p2a: Meowscarada|Meowscarada, M|100\/100\n|-ability|p1a: Gyarados|Intimidate|boost\n|-unboost|p2a: Meowscarada|atk|1\n|turn|1\n|\n|t:|1700490501\n|switch|p1a: Muk|Muk-Alola, M|100\/100\n|move|p2a: Meowscarada|U-turn|p1a: Muk\n|-start|p2a: Meowscarada|typechange|Bug|[from] ability: Protean\n|-damage|p1a: Muk|79\/100\n|\n|t:|1700490509\n|switch|p2a: Moltres|Moltres-Galar, shiny|100\/100|[from] U-turn\n|\n|-heal|p1a: Muk|86\/100|[from] item: Leftovers\n|upkeep\n|turn|2\n|\n|t:|1700490520\n|move|p2a: Moltres|Agility|p2a: Moltres\n|-boost|p2a: Moltres|spe|2\n|move|p1a: Muk|Sludge Bomb|p2a: Moltres\n|-damage|p2a: Moltres|83\/100\n|\n|-heal|p1a: Muk|92\/100|[from] item: Leftovers\n|upkeep\n|turn|3\n|\n|t:|1700490535\n|move|p2a: Moltres|Nasty Plot|p2a: Moltres\n|-boost|p2a: Moltres|spa|2\n|move|p1a: Muk|Sludge Bomb|p2a: Moltres\n|-damage|p2a: Moltres|66\/100\n|\n|-heal|p1a: Muk|98\/100|[from] item: Leftovers\n|upkeep\n|turn|4\n|\n|t:|1700490543\n|move|p2a: Moltres|Hurricane|p1a: Muk\n|-damage|p1a: Muk|9\/100\n|move|p1a: Muk|Sludge Bomb|p2a: Moltres\n|-damage|p2a: Moltres|48\/100\n|-ability|p2a: Moltres|Berserk|boost\n|-boost|p2a: Moltres|spa|1\n|\n|-heal|p1a: Muk|15\/100|[from] item: Leftovers\n|upkeep\n|turn|5\n|\n|t:|1700490559\n|move|p2a: Moltres|Fiery Wrath|p1a: Muk\n|-resisted|p1a: Muk\n|-damage|p1a: Muk|0 fnt\n|faint|p1a: Muk\n|\n|upkeep\n|\n|t:|1700490574\n|switch|p1a: Infernape|Infernape, M|100\/100\n|turn|6\n|\n|t:|1700490579\n|move|p1a: Infernape|Fake Out|p2a: Moltres\n|-damage|p2a: Moltres|33\/100\n|cant|p2a: Moltres|flinch\n|\n|upkeep\n|turn|7\n|\n|t:|1700490599\n|move|p2a: Moltres|Hurricane|p1a: Infernape|[miss]\n|-miss|p2a: Moltres|p1a: Infernape\n|move|p1a: Infernape|Poison Jab|p2a: Moltres\n|-damage|p2a: Moltres|6\/100\n|-status|p2a: Moltres|psn\n|\n|-damage|p2a: Moltres|0 fnt|[from] psn\n|faint|p2a: Moltres\n|upkeep\n|\n|t:|1700490608\n|switch|p2a: Ceruledge|Ceruledge, F|100\/100\n|turn|8\n|\n|t:|1700490624\n|switch|p1a: Gyarados|Gyarados, F|100\/100\n|-ability|p1a: Gyarados|Intimidate|boost\n|-unboost|p2a: Ceruledge|atk|1\n|move|p2a: Ceruledge|Swords Dance|p2a: Ceruledge\n|-boost|p2a: Ceruledge|atk|2\n|\n|upkeep\n|turn|9\n|inactive|jhonatasRD has 120 seconds left.\n|\n|t:|1700490642\n|move|p2a: Ceruledge|Poltergeist|p1a: Gyarados\n|-activate|p1a: Gyarados|move: Poltergeist|Leftovers\n|-damage|p1a: Gyarados|0 fnt\n|faint|p1a: Gyarados\n|-damage|p2a: Ceruledge|91\/100|[from] item: Life Orb\n|\n|upkeep\n|inactive|jhonatasRD has 120 seconds left.\n|\n|t:|1700490656\n|switch|p1a: Rotom|Rotom-Wash|100\/100\n|turn|10\n|inactive|jhonatasRD has 120 seconds left.\n|\n|t:|1700490665\n|move|p1a: Rotom|Hydro Pump|p2a: Ceruledge|[miss]\n|-miss|p1a: Rotom|p2a: Ceruledge\n|move|p2a: Ceruledge|Poltergeist|p1a: Rotom\n|-activate|p1a: Rotom|move: Poltergeist|Leftovers\n|-damage|p1a: Rotom|0 fnt\n|faint|p1a: Rotom\n|-damage|p2a: Ceruledge|81\/100|[from] item: Life Orb\n|\n|upkeep\n|inactive|jhonatasRD has 120 seconds left.\n|-message|jhonatasRD forfeited.\n|\n|win|danz12\n|raw|jhonatasRD's rating: 1100 &rarr; <strong>1081<\/strong><br \/>(-19 for losing)\n|raw|danz12's rating: 1187 &rarr; <strong>1206<\/strong><br \/>(+19 for winning)\n|l|\u2606jhonatasRD\n","uploadtime":1700490677,"views":4,"p1id":"jhonatasrd","p2id":"danz12","formatid":"gen9ou","rating":1081,"private":0,"password":""}