{"id":"gen9ou-1995658306","p1":"NZuber","p2":"nioio","format":"[Gen 9] OU","log":"|j|\u2606NZuber\n|j|\u2606nioio\n|t:|1700591480\n|gametype|singles\n|player|p1|NZuber|101|1071\n|player|p2|nioio|1|1000\n|teamsize|p1|6\n|teamsize|p2|6\n|gen|9\n|tier|[Gen 9] OU\n|rated|\n|rule|Sleep Clause Mod: Limit one foe put to sleep\n|rule|Species Clause: Limit one of each Pok\u00e9mon\n|rule|OHKO Clause: OHKO moves are banned\n|rule|Evasion Items Clause: Evasion items are banned\n|rule|Evasion Moves Clause: Evasion moves are banned\n|rule|Endless Battle Clause: Forcing endless battles is banned\n|rule|HP Percentage Mod: HP is shown in percentages\n|clearpoke\n|poke|p1|Ogerpon-Cornerstone, F|\n|poke|p1|Kingambit, F|\n|poke|p1|Iron Moth|\n|poke|p1|Rillaboom, M|\n|poke|p1|Ceruledge, M|\n|poke|p1|Iron Hands|\n|poke|p2|Hatterene, F|\n|poke|p2|Iron Hands|\n|poke|p2|Dragapult, M|\n|poke|p2|Corviknight, M|\n|poke|p2|Landorus-Therian, M|\n|poke|p2|Samurott-Hisui, F|\n|teampreview\n|inactive|Battle timer is ON: inactive players will automatically lose when time's up. (requested by nioio)\n|\n|t:|1700591498\n|start\n|switch|p1a: Ogerpon|Ogerpon-Cornerstone, F|100\/100\n|switch|p2a: Dragapult|Dragapult, M, shiny|100\/100\n|turn|1\n|\n|t:|1700591514\n|move|p2a: Dragapult|Reflect|p2a: Dragapult\n|-sidestart|p2: nioio|Reflect\n|move|p1a: Ogerpon|Spikes|p2a: Dragapult\n|-sidestart|p2: nioio|Spikes\n|\n|upkeep\n|turn|2\n|\n|t:|1700591521\n|move|p2a: Dragapult|U-turn|p1a: Ogerpon\n|-supereffective|p1a: Ogerpon\n|-damage|p1a: Ogerpon|55\/100\n|\n|t:|1700591526\n|switch|p2a: Hatterene|Hatterene, F, shiny|100\/100|[from] U-turn\n|-damage|p2a: Hatterene|88\/100|[from] Spikes\n|move|p1a: Ogerpon|Spikes|p2a: Hatterene\n|move|p2a: Hatterene|Spikes|p1a: Ogerpon|[from]ability: Magic Bounce\n|-sidestart|p1: NZuber|Spikes\n|\n|-heal|p2a: Hatterene|94\/100|[from] item: Leftovers\n|upkeep\n|turn|3\n|\n|t:|1700591535\n|move|p1a: Ogerpon|Ivy Cudgel|p2a: Hatterene|[anim] Ivy Cudgel Rock\n|-damage|p2a: Hatterene|70\/100\n|move|p2a: Hatterene|Calm Mind|p2a: Hatterene\n|-boost|p2a: Hatterene|spa|1\n|-boost|p2a: Hatterene|spd|1\n|\n|-heal|p2a: Hatterene|76\/100|[from] item: Leftovers\n|upkeep\n|turn|4\n|\n|t:|1700591541\n|move|p1a: Ogerpon|Ivy Cudgel|p2a: Hatterene|[anim] Ivy Cudgel Rock\n|-damage|p2a: Hatterene|54\/100\n|move|p2a: Hatterene|Calm Mind|p2a: Hatterene\n|-boost|p2a: Hatterene|spa|1\n|-boost|p2a: Hatterene|spd|1\n|\n|-heal|p2a: Hatterene|60\/100|[from] item: Leftovers\n|upkeep\n|turn|5\n|\n|t:|1700591546\n|move|p1a: Ogerpon|Ivy Cudgel|p2a: Hatterene|[anim] Ivy Cudgel Rock\n|-damage|p2a: Hatterene|37\/100\n|move|p2a: Hatterene|Calm Mind|p2a: Hatterene\n|-boost|p2a: Hatterene|spa|1\n|-boost|p2a: Hatterene|spd|1\n|\n|-heal|p2a: Hatterene|43\/100|[from] item: Leftovers\n|upkeep\n|turn|6\n|\n|t:|1700591555\n|move|p1a: Ogerpon|Ivy Cudgel|p2a: Hatterene|[anim] Ivy Cudgel Rock\n|-damage|p2a: Hatterene|19\/100\n|move|p2a: Hatterene|Calm Mind|p2a: Hatterene\n|-boost|p2a: Hatterene|spa|1\n|-boost|p2a: Hatterene|spd|1\n|\n|-heal|p2a: Hatterene|25\/100|[from] item: Leftovers\n|upkeep\n|turn|7\n|\n|t:|1700591565\n|move|p1a: Ogerpon|Ivy Cudgel|p2a: Hatterene|[anim] Ivy Cudgel Rock\n|-damage|p2a: Hatterene|1\/100\n|move|p2a: Hatterene|Draining Kiss|p1a: Ogerpon\n|-damage|p1a: Ogerpon|0 fnt\n|-heal|p2a: Hatterene|39\/100|[from] drain|[of] p1a: Ogerpon\n|faint|p1a: Ogerpon\n|\n|-heal|p2a: Hatterene|45\/100|[from] item: Leftovers\n|upkeep\n|\n|t:|1700591582\n|switch|p1a: Ceruledge|Ceruledge, M|100\/100\n|-damage|p1a: Ceruledge|88\/100|[from] Spikes\n|turn|8\n|\n|t:|1700591597\n|-terastallize|p2a: Hatterene|Fire\n|move|p1a: Ceruledge|Shadow Sneak|p2a: Hatterene\n|-damage|p2a: Hatterene|37\/100\n|move|p2a: Hatterene|Stored Power|p1a: Ceruledge\n|-damage|p1a: Ceruledge|0 fnt\n|faint|p1a: Ceruledge\n|\n|-heal|p2a: Hatterene|43\/100|[from] item: Leftovers\n|-sideend|p2: nioio|Reflect\n|upkeep\n|inactive|NZuber has 120 seconds left.\n|\n|t:|1700591631\n|switch|p1a: Iron Moth|Iron Moth|100\/100\n|-damage|p1a: Iron Moth|88\/100|[from] Spikes\n|-enditem|p1a: Iron Moth|Booster Energy\n|-activate|p1a: Iron Moth|ability: Quark Drive|[fromitem]\n|-start|p1a: Iron Moth|quarkdrivespe\n|turn|9\n|\n|t:|1700591640\n|move|p1a: Iron Moth|Sludge Wave|p2a: Hatterene\n|-damage|p2a: Hatterene|26\/100\n|move|p2a: Hatterene|Stored Power|p1a: Iron Moth\n|-supereffective|p1a: Iron Moth\n|-damage|p1a: Iron Moth|0 fnt\n|faint|p1a: Iron Moth\n|-end|p1a: Iron Moth|Quark Drive|[silent]\n|\n|-heal|p2a: Hatterene|32\/100|[from] item: Leftovers\n|upkeep\n|-message|NZuber forfeited.\n|\n|win|nioio\n|raw|NZuber's rating: 1071 &rarr; <strong>1046<\/strong><br \/>(-25 for losing)\n|raw|nioio's rating: 1000 &rarr; <strong>1048<\/strong><br \/>(+48 for winning)\n|l|\u2606NZuber\n|l|\u2606nioio\n|j|\u2606nioio\n|player|p2|nioio|1\n|c|\u2606nioio|huh\n|l|\u2606nioio\n|player|p2|\n|j|\u2606nioio\n|player|p2|nioio|1\n|l|\u2606nioio\n|player|p2|\n|j|\u2606nioio\n|player|p2|nioio|1\n","uploadtime":1700591808,"views":2,"p1id":"nzuber","p2id":"nioio","formatid":"gen9ou","rating":1046,"private":0,"password":""}