{"id":"gen9ou-1995978732","p1":"FreeedTheDolfin","p2":"Jambees","format":"[Gen 9] OU","log":"|j|\u2606FreeedTheDolfin\n|j|\u2606Jambees\n|t:|1700624598\n|gametype|singles\n|player|p1|FreeedTheDolfin|169|\n|player|p2|Jambees|marnie-masters|\n|teamsize|p1|6\n|teamsize|p2|6\n|gen|9\n|tier|[Gen 9] OU\n|rule|Sleep Clause Mod: Limit one foe put to sleep\n|rule|Species Clause: Limit one of each Pok\u00e9mon\n|rule|OHKO Clause: OHKO moves are banned\n|rule|Evasion Items Clause: Evasion items are banned\n|rule|Evasion Moves Clause: Evasion moves are banned\n|rule|Endless Battle Clause: Forcing endless battles is banned\n|rule|HP Percentage Mod: HP is shown in percentages\n|clearpoke\n|poke|p1|Meowscarada, F|\n|poke|p1|Slowking-Galar, F|\n|poke|p1|Cetitan, M|\n|poke|p1|Sandslash-Alola, F|\n|poke|p1|Moltres-Galar|\n|poke|p1|Indeedee, M|\n|poke|p2|Hawlucha, F|\n|poke|p2|Pincurchin, M|\n|poke|p2|Typhlosion-Hisui, F|\n|poke|p2|Iron Jugulis|\n|poke|p2|Lokix, F|\n|poke|p2|Revavroom, F|\n|teampreview\n|j| poggerwog\n|j| lieb330\n|j| edicts\n|c| edicts|give us some damn time\n|j| KINGTONY6\n|c| edicts|so we can do an intro\n|c| edicts|pls?\n|inactive|Battle timer is ON: inactive players will automatically lose when time's up. (requested by FreeedTheDolfin)\n|inactiveoff|Battle timer is now OFF.\n|c|\u2606Jambees|lemme know when to go\n|c| edicts|we are good\n|c|\u2606FreeedTheDolfin|ok\n|\n|t:|1700624752\n|start\n|switch|p1a: Indeedee|Indeedee, M|100\/100\n|switch|p2a: Mouth Titties|Pincurchin, M, shiny|100\/100\n|-fieldstart|move: Psychic Terrain|[from] ability: Psychic Surge|[of] p1a: Indeedee\n|-fieldstart|move: Electric Terrain|[from] ability: Electric Surge|[of] p2a: Mouth Titties\n|turn|1\n|\n|t:|1700624768\n|switch|p1a: Slowking|Slowking-Galar, F|100\/100\n|move|p2a: Mouth Titties|Thunder Wave|p1a: Slowking\n|-status|p1a: Slowking|par\n|\n|upkeep\n|turn|2\n|\n|t:|1700624778\n|move|p2a: Mouth Titties|Zing Zap|p1a: Slowking\n|-damage|p1a: Slowking|60\/100 par\n|move|p1a: Slowking|Chilly Reception|p1a: Slowking\n|-weather|Snow\n|\n|t:|1700624784\n|switch|p1a: Indeedee|Indeedee, M|100\/100|[from] Chilly Reception\n|-fieldstart|move: Psychic Terrain|[from] ability: Psychic Surge|[of] p1a: Indeedee\n|\n|-weather|Snow|[upkeep]\n|upkeep\n|turn|3\n|\n|t:|1700624806\n|switch|p2a: Toku Sentai|Lokix, F|100\/100\n|move|p1a: Indeedee|Dazzling Gleam|p2a: Toku Sentai\n|-supereffective|p2a: Toku Sentai\n|-damage|p2a: Toku Sentai|24\/100\n|\n|-weather|Snow|[upkeep]\n|upkeep\n|turn|4\n|\n|t:|1700624819\n|switch|p1a: Sandslash|Sandslash-Alola, F|100\/100\n|switch|p2a: LightningMcGroomer|Revavroom, F, shiny|100\/100\n|-item|p2a: LightningMcGroomer|Air Balloon\n|\n|-weather|Snow|[upkeep]\n|upkeep\n|turn|5\n|\n|t:|1700624829\n|move|p1a: Sandslash|Stealth Rock|p2a: LightningMcGroomer\n|-sidestart|p2: Jambees|move: Stealth Rock\n|move|p2a: LightningMcGroomer|Shift Gear|p2a: LightningMcGroomer\n|-boost|p2a: LightningMcGroomer|spe|2\n|-boost|p2a: LightningMcGroomer|atk|1\n|\n|-weather|Snow|[upkeep]\n|upkeep\n|turn|6\n|\n|t:|1700624863\n|switch|p1a: Moltres|Moltres-Galar|100\/100\n|move|p2a: LightningMcGroomer|Shift Gear|p2a: LightningMcGroomer\n|-boost|p2a: LightningMcGroomer|spe|2\n|-boost|p2a: LightningMcGroomer|atk|1\n|\n|-weather|Snow|[upkeep]\n|upkeep\n|turn|7\n|\n|t:|1700624884\n|move|p2a: LightningMcGroomer|Iron Head|p1a: Moltres\n|-damage|p1a: Moltres|0 fnt\n|faint|p1a: Moltres\n|\n|-weather|Snow|[upkeep]\n|upkeep\n|\n|t:|1700624914\n|switch|p1a: Meowscarada|Meowscarada, F|100\/100\n|turn|8\n|\n|t:|1700624921\n|move|p2a: LightningMcGroomer|Iron Head|p1a: Meowscarada\n|-enditem|p1a: Meowscarada|Focus Sash\n|-damage|p1a: Meowscarada|1\/100\n|move|p1a: Meowscarada|U-turn|p2a: LightningMcGroomer\n|-start|p1a: Meowscarada|typechange|Bug|[from] ability: Protean\n|-resisted|p2a: LightningMcGroomer\n|-damage|p2a: LightningMcGroomer|90\/100\n|-enditem|p2a: LightningMcGroomer|Air Balloon\n|\n|t:|1700624932\n|switch|p1a: Sandslash|Sandslash-Alola, F|100\/100|[from] U-turn\n|\n|-weather|Snow|[upkeep]\n|upkeep\n|turn|9\n|\n|t:|1700624939\n|move|p2a: LightningMcGroomer|High Horsepower|p1a: Sandslash\n|-supereffective|p1a: Sandslash\n|-damage|p1a: Sandslash|8\/100\n|move|p1a: Sandslash|Earthquake|p2a: LightningMcGroomer\n|-supereffective|p2a: LightningMcGroomer\n|-damage|p2a: LightningMcGroomer|0 fnt\n|faint|p2a: LightningMcGroomer\n|\n|-weather|none\n|-fieldend|move: Psychic Terrain\n|upkeep\n|\n|t:|1700624951\n|switch|p2a: Mouth Titties|Pincurchin, M, shiny|100\/100\n|-damage|p2a: Mouth Titties|88\/100|[from] Stealth Rock\n|-fieldstart|move: Electric Terrain|[from] ability: Electric Surge|[of] p2a: Mouth Titties\n|turn|10\n|\n|t:|1700624964\n|switch|p1a: Slowking|Slowking-Galar, F|93\/100 par\n|move|p2a: Mouth Titties|Spikes|p1a: Slowking\n|-sidestart|p1: FreeedTheDolfin|Spikes\n|\n|upkeep\n|turn|11\n|\n|t:|1700624982\n|switch|p2a: Toku Sentai|Lokix, F|24\/100\n|-damage|p2a: Toku Sentai|0 fnt|[from] Stealth Rock\n|faint|p2a: Toku Sentai\n|move|p1a: Slowking|Chilly Reception|p1a: Slowking\n|-weather|Snow\n|\n|t:|1700624990\n|switch|p1a: Indeedee|Indeedee, M|100\/100|[from] Chilly Reception\n|-damage|p1a: Indeedee|88\/100|[from] Spikes\n|-fieldstart|move: Psychic Terrain|[from] ability: Psychic Surge|[of] p1a: Indeedee\n|\n|-weather|Snow|[upkeep]\n|upkeep\n|\n|t:|1700625005\n|switch|p2a: Mouth Titties|Pincurchin, M, shiny|88\/100\n|-damage|p2a: Mouth Titties|76\/100|[from] Stealth Rock\n|-fieldstart|move: Electric Terrain|[from] ability: Electric Surge|[of] p2a: Mouth Titties\n|turn|12\n|\n|t:|1700625029\n|move|p1a: Indeedee|Dazzling Gleam|p2a: Mouth Titties\n|-damage|p2a: Mouth Titties|51\/100\n|move|p2a: Mouth Titties|Spikes|p1a: Indeedee\n|-sidestart|p1: FreeedTheDolfin|Spikes\n|\n|-weather|Snow|[upkeep]\n|upkeep\n|turn|13\n|\n|t:|1700625039\n|move|p1a: Indeedee|Dazzling Gleam|p2a: Mouth Titties\n|-damage|p2a: Mouth Titties|27\/100\n|move|p2a: Mouth Titties|Recover|p2a: Mouth Titties\n|-heal|p2a: Mouth Titties|77\/100\n|\n|-weather|Snow|[upkeep]\n|upkeep\n|turn|14\n|\n|t:|1700625051\n|move|p1a: Indeedee|Encore|p2a: Mouth Titties\n|-start|p2a: Mouth Titties|Encore\n|move|p2a: Mouth Titties|Recover|p2a: Mouth Titties\n|-heal|p2a: Mouth Titties|100\/100\n|\n|-weather|Snow|[upkeep]\n|upkeep\n|turn|15\n|\n|t:|1700625082\n|move|p1a: Indeedee|Healing Wish|p1a: Indeedee\n|faint|p1a: Indeedee\n|move|p2a: Mouth Titties|Recover||[still]\n|-fail|p2a: Mouth Titties|heal\n|\n|-weather|Snow|[upkeep]\n|upkeep\n|\n|t:|1700625087\n|switch|p1a: Sandslash|Sandslash-Alola, F|8\/100\n|-heal|p1a: Sandslash|100\/100|[from] move: Healing Wish\n|-damage|p1a: Sandslash|84\/100|[from] Spikes\n|turn|16\n|\n|t:|1700625096\n|move|p1a: Sandslash|Rapid Spin|p2a: Mouth Titties\n|-damage|p2a: Mouth Titties|82\/100\n|-boost|p1a: Sandslash|spe|1\n|-sideend|p1: FreeedTheDolfin|Spikes|[from] move: Rapid Spin|[of] p1a: Sandslash\n|move|p2a: Mouth Titties|Recover|p2a: Mouth Titties\n|-heal|p2a: Mouth Titties|100\/100\n|\n|-weather|Snow|[upkeep]\n|-end|p2a: Mouth Titties|Encore\n|upkeep\n|turn|17\n|\n|t:|1700625110\n|-terastallize|p2a: Mouth Titties|Flying\n|move|p1a: Sandslash|Ice Spinner|p2a: Mouth Titties\n|-supereffective|p2a: Mouth Titties\n|-damage|p2a: Mouth Titties|9\/100\n|-fieldend|move: Electric Terrain\n|move|p2a: Mouth Titties|Thunder Wave|p1a: Sandslash\n|-status|p1a: Sandslash|par\n|\n|-weather|Snow|[upkeep]\n|upkeep\n|turn|18\n|\n|t:|1700625126\n|cant|p1a: Sandslash|par\n|move|p2a: Mouth Titties|Recover|p2a: Mouth Titties\n|-heal|p2a: Mouth Titties|59\/100\n|\n|-weather|none\n|upkeep\n|turn|19\n|\n|t:|1700625138\n|switch|p1a: Slowking|Slowking-Galar, F|100\/100 par\n|switch|p2a: Highphlosion|Typhlosion-Hisui, F, shiny|100\/100\n|-damage|p2a: Highphlosion|76\/100|[from] Stealth Rock\n|\n|upkeep\n|turn|20\n|\n|t:|1700625149\n|move|p2a: Highphlosion|Infernal Parade|p1a: Slowking\n|-supereffective|p1a: Slowking\n|-damage|p1a: Slowking|0 fnt\n|faint|p1a: Slowking\n|\n|upkeep\n|\n|t:|1700625181\n|switch|p1a: Cetitan|Cetitan, M|100\/100\n|turn|21\n|\n|t:|1700625202\n|switch|p2a: Mouth Titties|Pincurchin, M, shiny, tera:Flying|59\/100\n|-damage|p2a: Mouth Titties|34\/100|[from] Stealth Rock\n|-fieldstart|move: Electric Terrain|[from] ability: Electric Surge|[of] p2a: Mouth Titties\n|-terastallize|p1a: Cetitan|Fairy\n|move|p1a: Cetitan|Ice Spinner|p2a: Mouth Titties\n|-supereffective|p2a: Mouth Titties\n|-damage|p2a: Mouth Titties|0 fnt\n|-fieldend|move: Electric Terrain\n|faint|p2a: Mouth Titties\n|\n|upkeep\n|\n|t:|1700625231\n|switch|p2a: Highphlosion|Typhlosion-Hisui, F, shiny|76\/100\n|-damage|p2a: Highphlosion|51\/100|[from] Stealth Rock\n|turn|22\n|\n|t:|1700625236\n|move|p2a: Highphlosion|Shadow Ball|p1a: Cetitan\n|-damage|p1a: Cetitan|51\/100\n|move|p1a: Cetitan|Earthquake|p2a: Highphlosion\n|-supereffective|p2a: Highphlosion\n|-damage|p2a: Highphlosion|0 fnt\n|faint|p2a: Highphlosion\n|\n|upkeep\n|\n|t:|1700625247\n|switch|p2a: Iron Deepthroat|Iron Jugulis|100\/100\n|-damage|p2a: Iron Deepthroat|75\/100|[from] Stealth Rock\n|turn|23\n|\n|t:|1700625253\n|move|p2a: Iron Deepthroat|Hurricane|p1a: Cetitan\n|-damage|p1a: Cetitan|0 fnt\n|faint|p1a: Cetitan\n|-damage|p2a: Iron Deepthroat|66\/100|[from] item: Life Orb\n|\n|upkeep\n|c| lieb330|these names\n|\n|t:|1700625263\n|switch|p1a: Meowscarada|Meowscarada, F|1\/100\n|turn|24\n|\n|t:|1700625277\n|move|p1a: Meowscarada|Thunder Punch|p2a: Iron Deepthroat\n|-start|p1a: Meowscarada|typechange|Electric|[from] ability: Protean\n|-supereffective|p2a: Iron Deepthroat\n|-damage|p2a: Iron Deepthroat|0 fnt\n|faint|p2a: Iron Deepthroat\n|-end|p2a: Iron Deepthroat|Quark Drive|[silent]\n|\n|upkeep\n|\n|t:|1700625283\n|switch|p2a: Chicken Wig|Hawlucha, F|100\/100\n|-damage|p2a: Chicken Wig|88\/100|[from] Stealth Rock\n|turn|25\n|\n|t:|1700625288\n|move|p1a: Meowscarada|Thunder Punch|p2a: Chicken Wig\n|-supereffective|p2a: Chicken Wig\n|-damage|p2a: Chicken Wig|0 fnt\n|faint|p2a: Chicken Wig\n|\n|win|FreeedTheDolfin\n|l|\u2606FreeedTheDolfin\n|c| lieb330|that was a really good game\n|l| lieb330\n|l| poggerwog\n|l|\u2606Jambees\n","uploadtime":1700625315,"views":17,"p1id":"freeedthedolfin","p2id":"jambees","formatid":"gen9ou","rating":0,"private":0,"password":""}