{"id":"gen9ou-1998072074","p1":"Agencyyy","p2":"BillNy","format":"[Gen 9] OU","log":"|j|\u2606Agencyyy\n|j|\u2606BillNy\n|t:|1700886890\n|gametype|singles\n|player|p1|Agencyyy|170|1274\n|player|p2|BillNy|2|1279\n|teamsize|p1|6\n|teamsize|p2|6\n|gen|9\n|tier|[Gen 9] OU\n|rated|\n|rule|Sleep Clause Mod: Limit one foe put to sleep\n|rule|Species Clause: Limit one of each Pok\u00e9mon\n|rule|OHKO Clause: OHKO moves are banned\n|rule|Evasion Items Clause: Evasion items are banned\n|rule|Evasion Moves Clause: Evasion moves are banned\n|rule|Endless Battle Clause: Forcing endless battles is banned\n|rule|HP Percentage Mod: HP is shown in percentages\n|clearpoke\n|poke|p1|Pelipper, F|\n|poke|p1|Barraskewda, F|\n|poke|p1|Landorus-Therian, M|\n|poke|p1|Glimmora, F|\n|poke|p1|Zamazenta-*|\n|poke|p1|Manaphy|\n|poke|p2|Great Tusk|\n|poke|p2|Slowking-Galar, M|\n|poke|p2|Samurott-Hisui, F|\n|poke|p2|Dragapult, M|\n|poke|p2|Heatran, F|\n|poke|p2|Hatterene, F|\n|teampreview\n|\n|t:|1700886907\n|start\n|switch|p1a: Glimmora|Glimmora, F|100\/100\n|switch|p2a: Samurott|Samurott-Hisui, F|100\/100\n|turn|1\n|\n|t:|1700886915\n|move|p1a: Glimmora|Dazzling Gleam|p2a: Samurott\n|-supereffective|p2a: Samurott\n|-damage|p2a: Samurott|19\/100\n|move|p2a: Samurott|Ceaseless Edge|p1a: Glimmora\n|-damage|p1a: Glimmora|44\/100\n|-activate|p1a: Glimmora|ability: Toxic Debris\n|-sidestart|p2: BillNy|move: Toxic Spikes\n|-sidestart|p1: Agencyyy|Spikes\n|\n|upkeep\n|turn|2\n|\n|t:|1700886926\n|move|p2a: Samurott|Aqua Jet|p1a: Glimmora\n|-supereffective|p1a: Glimmora\n|-damage|p1a: Glimmora|0 fnt\n|-activate|p1a: Glimmora|ability: Toxic Debris\n|-sidestart|p2: BillNy|move: Toxic Spikes\n|faint|p1a: Glimmora\n|\n|upkeep\n|\n|t:|1700886933\n|switch|p1a: Pelipper|Pelipper, F|100\/100\n|-weather|RainDance|[from] ability: Drizzle|[of] p1a: Pelipper\n|turn|3\n|\n|t:|1700886939\n|move|p2a: Samurott|Ceaseless Edge|p1a: Pelipper\n|-damage|p1a: Pelipper|53\/100\n|-sidestart|p1: Agencyyy|Spikes\n|move|p1a: Pelipper|U-turn|p2a: Samurott\n|-supereffective|p2a: Samurott\n|-damage|p2a: Samurott|0 fnt\n|faint|p2a: Samurott\n|\n|t:|1700886942\n|switch|p1a: Barraskewda|Barraskewda, F|100\/100|[from] U-turn\n|-damage|p1a: Barraskewda|84\/100|[from] Spikes\n|\n|-weather|RainDance|[upkeep]\n|upkeep\n|\n|t:|1700886963\n|switch|p2a: Great Tusk|Great Tusk|100\/100\n|-status|p2a: Great Tusk|tox\n|turn|4\n|\n|t:|1700886971\n|-terastallize|p1a: Barraskewda|Water\n|-terastallize|p2a: Great Tusk|Water\n|move|p1a: Barraskewda|Liquidation|p2a: Great Tusk\n|-resisted|p2a: Great Tusk\n|-damage|p2a: Great Tusk|68\/100 tox\n|move|p2a: Great Tusk|Close Combat|p1a: Barraskewda\n|-damage|p1a: Barraskewda|0 fnt\n|-unboost|p2a: Great Tusk|def|1\n|-unboost|p2a: Great Tusk|spd|1\n|faint|p1a: Barraskewda\n|\n|-weather|RainDance|[upkeep]\n|-heal|p2a: Great Tusk|74\/100 tox|[from] item: Leftovers\n|-damage|p2a: Great Tusk|68\/100 tox|[from] psn\n|upkeep\n|\n|t:|1700886979\n|switch|p1a: Manaphy|Manaphy|100\/100\n|-damage|p1a: Manaphy|84\/100|[from] Spikes\n|turn|5\n|\n|t:|1700886989\n|move|p1a: Manaphy|Tail Glow|p1a: Manaphy\n|-boost|p1a: Manaphy|spa|3\n|move|p2a: Great Tusk|Close Combat|p1a: Manaphy\n|-damage|p1a: Manaphy|43\/100\n|-unboost|p2a: Great Tusk|def|1\n|-unboost|p2a: Great Tusk|spd|1\n|\n|-weather|RainDance|[upkeep]\n|-heal|p1a: Manaphy|49\/100|[from] item: Leftovers\n|-heal|p2a: Great Tusk|74\/100 tox|[from] item: Leftovers\n|-damage|p2a: Great Tusk|62\/100 tox|[from] psn\n|upkeep\n|turn|6\n|\n|t:|1700887004\n|move|p1a: Manaphy|Rest|p1a: Manaphy\n|-status|p1a: Manaphy|slp|[from] move: Rest\n|-heal|p1a: Manaphy|100\/100 slp|[silent]\n|move|p2a: Great Tusk|Close Combat|p1a: Manaphy\n|-damage|p1a: Manaphy|56\/100 slp\n|-unboost|p2a: Great Tusk|def|1\n|-unboost|p2a: Great Tusk|spd|1\n|\n|-weather|RainDance|[upkeep]\n|-activate|p1a: Manaphy|ability: Hydration\n|-curestatus|p1a: Manaphy|slp|[msg]\n|-heal|p1a: Manaphy|62\/100|[from] item: Leftovers\n|-heal|p2a: Great Tusk|68\/100 tox|[from] item: Leftovers\n|-damage|p2a: Great Tusk|50\/100 tox|[from] psn\n|upkeep\n|turn|7\n|\n|t:|1700887013\n|-end|p2a: Great Tusk|Protosynthesis|[silent]\n|switch|p2a: Slowking|Slowking-Galar, M|100\/100\n|-sideend|p2: BillNy|move: Toxic Spikes|[of] p2a: Slowking\n|move|p1a: Manaphy|Scald|p2a: Slowking\n|-damage|p2a: Slowking|16\/100\n|\n|-weather|RainDance|[upkeep]\n|-heal|p1a: Manaphy|68\/100|[from] item: Leftovers\n|upkeep\n|turn|8\n|\n|t:|1700887019\n|switch|p2a: Great Tusk|Great Tusk, tera:Water|50\/100 tox\n|move|p1a: Manaphy|Scald|p2a: Great Tusk\n|-resisted|p2a: Great Tusk\n|-damage|p2a: Great Tusk|0 fnt\n|faint|p2a: Great Tusk\n|-end|p2a: Great Tusk|Protosynthesis|[silent]\n|\n|-weather|RainDance|[upkeep]\n|-heal|p1a: Manaphy|74\/100|[from] item: Leftovers\n|upkeep\n|\n|t:|1700887030\n|switch|p2a: Dragapult|Dragapult, M|100\/100\n|turn|9\n|\n|t:|1700887035\n|move|p2a: Dragapult|Substitute|p2a: Dragapult\n|-start|p2a: Dragapult|Substitute\n|-damage|p2a: Dragapult|76\/100\n|move|p1a: Manaphy|Rest|p1a: Manaphy\n|-status|p1a: Manaphy|slp|[from] move: Rest\n|-heal|p1a: Manaphy|100\/100 slp|[silent]\n|\n|-weather|RainDance|[upkeep]\n|-activate|p1a: Manaphy|ability: Hydration\n|-curestatus|p1a: Manaphy|slp|[msg]\n|upkeep\n|turn|10\n|\n|t:|1700887043\n|move|p2a: Dragapult|Dragon Dance|p2a: Dragapult\n|-boost|p2a: Dragapult|atk|1\n|-boost|p2a: Dragapult|spe|1\n|move|p1a: Manaphy|Scald|p2a: Dragapult\n|-resisted|p2a: Dragapult\n|-end|p2a: Dragapult|Substitute\n|\n|-weather|none\n|upkeep\n|turn|11\n|\n|t:|1700887049\n|move|p2a: Dragapult|Dragon Dance|p2a: Dragapult\n|-boost|p2a: Dragapult|atk|1\n|-boost|p2a: Dragapult|spe|1\n|move|p1a: Manaphy|Scald|p2a: Dragapult\n|-resisted|p2a: Dragapult\n|-damage|p2a: Dragapult|13\/100\n|-status|p2a: Dragapult|brn\n|\n|-damage|p2a: Dragapult|7\/100 brn|[from] brn\n|upkeep\n|turn|12\n|c|\u2606BillNy|fuuuuckkkk offf\n|\n|t:|1700887064\n|switch|p1a: Landorus|Landorus-Therian, M|100\/100\n|-ability|p1a: Landorus|Intimidate|boost\n|-unboost|p2a: Dragapult|atk|1\n|move|p2a: Dragapult|Dragon Darts|p1a: Landorus\n|-damage|p1a: Landorus|78\/100\n|-anim|p2a: Dragapult|Dragon Darts|p1a: Landorus\n|-damage|p1a: Landorus|57\/100\n|\n|-damage|p2a: Dragapult|1\/100 brn|[from] brn\n|upkeep\n|turn|13\n|\n|t:|1700887073\n|move|p2a: Dragapult|Dragon Darts|p1a: Landorus\n|-damage|p1a: Landorus|37\/100\n|-anim|p2a: Dragapult|Dragon Darts|p1a: Landorus\n|-damage|p1a: Landorus|15\/100\n|move|p1a: Landorus|Nasty Plot|p1a: Landorus\n|-boost|p1a: Landorus|spa|2\n|-enditem|p2a: Dragapult|Mirror Herb\n|-boost|p2a: Dragapult|spa|2|[from] item: Mirror Herb\n|\n|-damage|p2a: Dragapult|0 fnt|[from] brn\n|faint|p2a: Dragapult\n|upkeep\n|\n|t:|1700887083\n|switch|p2a: Heatran|Heatran, F|100\/100\n|-item|p2a: Heatran|Air Balloon\n|turn|14\n|\n|t:|1700887090\n|move|p1a: Landorus|Tera Blast|p2a: Heatran\n|-resisted|p2a: Heatran\n|-damage|p2a: Heatran|81\/100\n|-enditem|p2a: Heatran|Air Balloon\n|move|p2a: Heatran|Overheat|p1a: Landorus\n|-damage|p1a: Landorus|0 fnt\n|-unboost|p2a: Heatran|spa|2\n|faint|p1a: Landorus\n|\n|upkeep\n|\n|t:|1700887096\n|switch|p1a: Pelipper|Pelipper, F|53\/100\n|-weather|RainDance|[from] ability: Drizzle|[of] p1a: Pelipper\n|turn|15\n|\n|t:|1700887104\n|switch|p2a: Hatterene|Hatterene, F|100\/100\n|move|p1a: Pelipper|U-turn|p2a: Hatterene\n|-crit|p2a: Hatterene\n|-damage|p2a: Hatterene|85\/100\n|\n|t:|1700887107\n|switch|p1a: Manaphy|Manaphy|100\/100|[from] U-turn\n|-damage|p1a: Manaphy|84\/100|[from] Spikes\n|\n|-weather|RainDance|[upkeep]\n|-heal|p1a: Manaphy|90\/100|[from] item: Leftovers\n|-heal|p2a: Hatterene|91\/100|[from] item: Leftovers\n|upkeep\n|turn|16\n|\n|t:|1700887117\n|move|p1a: Manaphy|Tail Glow|p1a: Manaphy\n|-boost|p1a: Manaphy|spa|3\n|move|p2a: Hatterene|Calm Mind|p2a: Hatterene\n|-boost|p2a: Hatterene|spa|1\n|-boost|p2a: Hatterene|spd|1\n|\n|-weather|RainDance|[upkeep]\n|-heal|p1a: Manaphy|96\/100|[from] item: Leftovers\n|-heal|p2a: Hatterene|97\/100|[from] item: Leftovers\n|upkeep\n|turn|17\n|\n|t:|1700887120\n|move|p1a: Manaphy|Scald|p2a: Hatterene\n|-damage|p2a: Hatterene|0 fnt\n|faint|p2a: Hatterene\n|\n|-weather|RainDance|[upkeep]\n|-heal|p1a: Manaphy|100\/100|[from] item: Leftovers\n|upkeep\n|\n|t:|1700887129\n|switch|p2a: Heatran|Heatran, F|81\/100\n|turn|18\n|\n|t:|1700887134\n|move|p1a: Manaphy|Scald|p2a: Heatran\n|-supereffective|p2a: Heatran\n|-damage|p2a: Heatran|0 fnt\n|faint|p2a: Heatran\n|\n|-weather|RainDance|[upkeep]\n|upkeep\n|\n|t:|1700887140\n|switch|p2a: Slowking|Slowking-Galar, M|50\/100\n|turn|19\n|\n|t:|1700887144\n|move|p1a: Manaphy|Scald|p2a: Slowking\n|-damage|p2a: Slowking|0 fnt\n|faint|p2a: Slowking\n|\n|win|Agencyyy\n|raw|Agencyyy's rating: 1274 &rarr; <strong>1299<\/strong><br \/>(+25 for winning)\n|raw|BillNy's rating: 1279 &rarr; <strong>1254<\/strong><br \/>(-25 for losing)\n","uploadtime":1700887063,"views":1,"p1id":"agencyyy","p2id":"billny","formatid":"gen9ou","rating":1254,"private":0,"password":""}