{"id":"gen9ou-1988416527","p1":"Escapegoat123","p2":"knexhawk2","format":"[Gen 9] OU","log":"|j|\u2606Escapegoat123\n|j|\u2606knexhawk2\n|t:|1699720597\n|gametype|singles\n|player|p1|Escapegoat123|2|1750\n|player|p2|knexhawk2|red-masters|1903\n|teamsize|p1|6\n|teamsize|p2|6\n|gen|9\n|tier|[Gen 9] OU\n|rated|\n|rule|Sleep Clause Mod: Limit one foe put to sleep\n|rule|Species Clause: Limit one of each Pok\u00e9mon\n|rule|OHKO Clause: OHKO moves are banned\n|rule|Evasion Items Clause: Evasion items are banned\n|rule|Evasion Moves Clause: Evasion moves are banned\n|rule|Endless Battle Clause: Forcing endless battles is banned\n|rule|HP Percentage Mod: HP is shown in percentages\n|clearpoke\n|poke|p1|Gliscor, F|\n|poke|p1|Clefable, F|\n|poke|p1|Dondozo, F|\n|poke|p1|Ditto|\n|poke|p1|Blissey, F|\n|poke|p1|Heatran, F|\n|poke|p2|Goodra-Hisui, F|\n|poke|p2|Blissey, F|\n|poke|p2|Dondozo, M|\n|poke|p2|Cyclizar, F|\n|poke|p2|Alomomola, F|\n|poke|p2|Clodsire, F|\n|teampreview\n|inactive|Battle timer is ON: inactive players will automatically lose when time's up. (requested by Escapegoat123)\n|\n|t:|1699720611\n|start\n|switch|p1a: Ditto|Ditto|100\/100\n|switch|p2a: Alomomola|Alomomola, F|100\/100\n|-transform|p1a: Ditto|p2a: Alomomola|[from] ability: Imposter\n|turn|1\n|\n|t:|1699720619\n|move|p1a: Ditto|Whirlpool|p2a: Alomomola|[miss]\n|-miss|p1a: Ditto|p2a: Alomomola\n|move|p2a: Alomomola|Whirlpool|p1a: Ditto\n|-resisted|p1a: Ditto\n|-damage|p1a: Ditto|94\/100\n|-activate|p1a: Ditto|move: Whirlpool|[of] p2a: Alomomola\n|\n|-damage|p1a: Ditto|81\/100|[from] move: Whirlpool|[partiallytrapped]\n|upkeep\n|turn|2\n|\n|t:|1699720624\n|move|p2a: Alomomola|Scald|p1a: Ditto\n|-resisted|p1a: Ditto\n|-damage|p1a: Ditto|68\/100\n|move|p1a: Ditto|Wish|p1a: Ditto\n|\n|-damage|p1a: Ditto|55\/100|[from] move: Whirlpool|[partiallytrapped]\n|upkeep\n|turn|3\n|\n|t:|1699720630\n|switch|p2a: Cyclizar|Cyclizar, F|100\/100\n|move|p1a: Ditto|Scald|p2a: Cyclizar\n|-resisted|p2a: Cyclizar\n|-damage|p2a: Cyclizar|94\/100\n|\n|-heal|p1a: Ditto|100\/100|[from] move: Wish|[wisher] Ditto\n|-end|p1a: Ditto|Whirlpool|[partiallytrapped]|[silent]\n|upkeep\n|turn|4\n|\n|t:|1699720637\n|switch|p1a: Clefable|Clefable, F|100\/100\n|move|p2a: Cyclizar|Knock Off|p1a: Clefable\n|-resisted|p1a: Clefable\n|-damage|p1a: Clefable|93\/100\n|-damage|p2a: Cyclizar|78\/100|[from] item: Rocky Helmet|[of] p1a: Clefable\n|-enditem|p1a: Clefable|Rocky Helmet|[from] move: Knock Off|[of] p2a: Cyclizar\n|\n|upkeep\n|turn|5\n|\n|t:|1699720642\n|move|p2a: Cyclizar|U-turn|p1a: Clefable\n|-resisted|p1a: Clefable\n|-damage|p1a: Clefable|87\/100\n|\n|t:|1699720644\n|switch|p2a: Goodra|Goodra-Hisui, F|100\/100|[from] U-turn\n|move|p1a: Clefable|Wish|p1a: Clefable\n|\n|upkeep\n|turn|6\n|\n|t:|1699720649\n|switch|p1a: Ditto|Ditto|100\/100\n|-transform|p1a: Ditto|p2a: Goodra|[from] ability: Imposter\n|move|p2a: Goodra|Knock Off|p1a: Ditto\n|-damage|p1a: Ditto|85\/100\n|-enditem|p1a: Ditto|Heavy-Duty Boots|[from] move: Knock Off|[of] p2a: Goodra\n|\n|-heal|p1a: Ditto|100\/100|[from] move: Wish|[wisher] Clefable\n|upkeep\n|turn|7\n|\n|t:|1699720664\n|switch|p1a: Gliscor|Gliscor, F|100\/100\n|switch|p2a: Alomomola|Alomomola, F|100\/100\n|\n|-status|p1a: Gliscor|tox|[from] item: Toxic Orb\n|upkeep\n|turn|8\n|\n|t:|1699720667\n|move|p1a: Gliscor|Toxic|p2a: Alomomola\n|-status|p2a: Alomomola|tox\n|move|p2a: Alomomola|Whirlpool|p1a: Gliscor\n|-supereffective|p1a: Gliscor\n|-damage|p1a: Gliscor|83\/100 tox\n|-activate|p1a: Gliscor|move: Whirlpool|[of] p2a: Alomomola\n|\n|-heal|p1a: Gliscor|96\/100 tox|[from] ability: Poison Heal\n|-damage|p2a: Alomomola|94\/100 tox|[from] psn\n|-damage|p1a: Gliscor|83\/100 tox|[from] move: Whirlpool|[partiallytrapped]\n|upkeep\n|turn|9\n|\n|t:|1699720681\n|move|p1a: Gliscor|Protect|p1a: Gliscor\n|-singleturn|p1a: Gliscor|Protect\n|move|p2a: Alomomola|Wish|p2a: Alomomola\n|\n|-heal|p1a: Gliscor|96\/100 tox|[from] ability: Poison Heal\n|-damage|p2a: Alomomola|82\/100 tox|[from] psn\n|-damage|p1a: Gliscor|83\/100 tox|[from] move: Whirlpool|[partiallytrapped]\n|upkeep\n|turn|10\n|\n|t:|1699720685\n|move|p1a: Gliscor|Knock Off|p2a: Alomomola\n|-damage|p2a: Alomomola|71\/100 tox\n|-enditem|p2a: Alomomola|Heavy-Duty Boots|[from] move: Knock Off|[of] p1a: Gliscor\n|move|p2a: Alomomola|Scald|p1a: Gliscor\n|-supereffective|p1a: Gliscor\n|-damage|p1a: Gliscor|47\/100 tox\n|\n|-heal|p2a: Alomomola|100\/100 tox|[from] move: Wish|[wisher] Alomomola\n|-heal|p1a: Gliscor|60\/100 tox|[from] ability: Poison Heal\n|-damage|p2a: Alomomola|82\/100 tox|[from] psn\n|-damage|p1a: Gliscor|47\/100 tox|[from] move: Whirlpool|[partiallytrapped]\n|upkeep\n|turn|11\n|\n|t:|1699720695\n|move|p1a: Gliscor|Protect|p1a: Gliscor\n|-singleturn|p1a: Gliscor|Protect\n|move|p2a: Alomomola|Wish|p2a: Alomomola\n|\n|-heal|p1a: Gliscor|60\/100 tox|[from] ability: Poison Heal\n|-damage|p2a: Alomomola|57\/100 tox|[from] psn\n|-damage|p1a: Gliscor|47\/100 tox|[from] move: Whirlpool|[partiallytrapped]\n|upkeep\n|turn|12\n|\n|t:|1699720705\n|move|p1a: Gliscor|Spikes|p2a: Alomomola\n|-sidestart|p2: knexhawk2|Spikes\n|move|p2a: Alomomola|Scald|p1a: Gliscor\n|-supereffective|p1a: Gliscor\n|-damage|p1a: Gliscor|15\/100 tox\n|\n|-heal|p2a: Alomomola|100\/100 tox|[from] move: Wish|[wisher] Alomomola\n|-heal|p1a: Gliscor|27\/100 tox|[from] ability: Poison Heal\n|-damage|p2a: Alomomola|70\/100 tox|[from] psn\n|-damage|p1a: Gliscor|15\/100 tox|[from] move: Whirlpool|[partiallytrapped]\n|upkeep\n|turn|13\n|\n|t:|1699720715\n|move|p1a: Gliscor|Protect|p1a: Gliscor\n|-singleturn|p1a: Gliscor|Protect\n|move|p2a: Alomomola|Wish|p2a: Alomomola\n|\n|-heal|p1a: Gliscor|27\/100 tox|[from] ability: Poison Heal\n|-damage|p2a: Alomomola|33\/100 tox|[from] psn\n|-end|p1a: Gliscor|Whirlpool|[partiallytrapped]\n|upkeep\n|turn|14\n|\n|t:|1699720721\n|switch|p1a: Clefable|Clefable, F|87\/100\n|switch|p2a: Blissey|Blissey, F|100\/100\n|\n|upkeep\n|turn|15\n|\n|t:|1699720724\n|move|p1a: Clefable|Knock Off|p2a: Blissey\n|-damage|p2a: Blissey|85\/100\n|-enditem|p2a: Blissey|Heavy-Duty Boots|[from] move: Knock Off|[of] p1a: Clefable\n|move|p2a: Blissey|Stealth Rock|p1a: Clefable\n|-sidestart|p1: Escapegoat123|move: Stealth Rock\n|\n|upkeep\n|turn|16\n|\n|t:|1699720730\n|switch|p1a: Blissey|Blissey, F|100\/100\n|move|p2a: Blissey|Seismic Toss|p1a: Blissey\n|-damage|p1a: Blissey|85\/100\n|\n|upkeep\n|turn|17\n|\n|t:|1699720735\n|switch|p2a: Clodsire|Clodsire, F|100\/100\n|move|p1a: Blissey|Stealth Rock|p2a: Clodsire\n|-sidestart|p2: knexhawk2|move: Stealth Rock\n|\n|upkeep\n|turn|18\n|\n|t:|1699720741\n|switch|p1a: Ditto|Ditto|100\/100\n|-damage|p1a: Ditto|88\/100|[from] Stealth Rock\n|-transform|p1a: Ditto|p2a: Clodsire|[from] ability: Imposter\n|move|p2a: Clodsire|Spikes|p1a: Ditto\n|-sidestart|p1: Escapegoat123|Spikes\n|\n|upkeep\n|turn|19\n|j| westcottike\n|\n|t:|1699720751\n|move|p1a: Ditto|Spikes|p2a: Clodsire\n|-sidestart|p2: knexhawk2|Spikes\n|move|p2a: Clodsire|Spikes|p1a: Ditto\n|-sidestart|p1: Escapegoat123|Spikes\n|\n|upkeep\n|turn|20\n|\n|t:|1699720758\n|move|p2a: Clodsire|Spikes|p1a: Ditto\n|-sidestart|p1: Escapegoat123|Spikes\n|move|p1a: Ditto|Spikes|p2a: Clodsire\n|-sidestart|p2: knexhawk2|Spikes\n|\n|upkeep\n|turn|21\n|\n|t:|1699720761\n|switch|p1a: Gliscor|Gliscor, F|27\/100 tox\n|-damage|p1a: Gliscor|15\/100 tox|[from] Stealth Rock\n|switch|p2a: Goodra|Goodra-Hisui, F|100\/100\n|\n|-heal|p1a: Gliscor|27\/100 tox|[from] ability: Poison Heal\n|upkeep\n|turn|22\n|l|\u2606Escapegoat123\n|inactive|Escapegoat123 disconnected and has a minute to reconnect!\n|player|p1|\n|j| jdbysjwwh\n|inactive|Escapegoat123 has 30 seconds to reconnect!\n|inactive|Escapegoat123 has 20 seconds to reconnect!\n|j|\u2606Escapegoat123\n|inactive|Escapegoat123 reconnected and has 95 seconds left.\n|player|p1|Escapegoat123|2\n|inactive|Escapegoat123 has 90 seconds left.\n|\n|t:|1699720826\n|switch|p2a: Alomomola|Alomomola, F|66\/100 tox\n|-damage|p2a: Alomomola|41\/100 tox|[from] Spikes\n|-damage|p2a: Alomomola|29\/100 tox|[from] Stealth Rock\n|move|p1a: Gliscor|Knock Off|p2a: Alomomola\n|-damage|p2a: Alomomola|21\/100 tox\n|\n|-heal|p1a: Gliscor|40\/100 tox|[from] ability: Poison Heal\n|-damage|p2a: Alomomola|15\/100 tox|[from] psn\n|upkeep\n|turn|23\n|inactive|Escapegoat123 has 90 seconds left.\n|\n|t:|1699720844\n|-terastallize|p2a: Alomomola|Flying\n|move|p1a: Gliscor|Protect|p1a: Gliscor\n|-singleturn|p1a: Gliscor|Protect\n|move|p2a: Alomomola|Protect||[still]\n|-fail|p2a: Alomomola\n|\n|-heal|p1a: Gliscor|52\/100 tox|[from] ability: Poison Heal\n|-damage|p2a: Alomomola|2\/100 tox|[from] psn\n|upkeep\n|turn|24\n|j| bobify\n|\n|t:|1699720854\n|switch|p2a: Blissey|Blissey, F|85\/100\n|-damage|p2a: Blissey|60\/100|[from] Spikes\n|-damage|p2a: Blissey|47\/100|[from] Stealth Rock\n|move|p1a: Gliscor|Knock Off|p2a: Blissey\n|-damage|p2a: Blissey|33\/100\n|\n|-heal|p1a: Gliscor|65\/100 tox|[from] ability: Poison Heal\n|upkeep\n|turn|25\n|j| oRinNeGa7V1\n|j| Goopui\n|\n|t:|1699720859\n|move|p1a: Gliscor|Toxic|p2a: Blissey\n|-status|p2a: Blissey|tox\n|move|p2a: Blissey|Soft-Boiled|p2a: Blissey\n|-heal|p2a: Blissey|83\/100 tox\n|\n|-heal|p1a: Gliscor|77\/100 tox|[from] ability: Poison Heal\n|-damage|p2a: Blissey|77\/100 tox|[from] psn\n|upkeep\n|turn|26\n|\n|t:|1699720863\n|move|p1a: Gliscor|Knock Off|p2a: Blissey\n|-damage|p2a: Blissey|62\/100 tox\n|move|p2a: Blissey|Heal Bell|p2a: Blissey\n|-activate|p2a: Blissey|move: Heal Bell\n|-curestatus|p2a: Blissey|tox|[msg]\n|-curestatus|p2: Alomomola|tox|[msg]\n|\n|-heal|p1a: Gliscor|90\/100 tox|[from] ability: Poison Heal\n|upkeep\n|turn|27\n|\n|t:|1699720869\n|move|p1a: Gliscor|Toxic|p2a: Blissey\n|-status|p2a: Blissey|tox\n|move|p2a: Blissey|Seismic Toss|p1a: Gliscor\n|-damage|p1a: Gliscor|61\/100 tox\n|\n|-heal|p1a: Gliscor|74\/100 tox|[from] ability: Poison Heal\n|-damage|p2a: Blissey|56\/100 tox|[from] psn\n|upkeep\n|turn|28\n|\n|t:|1699720881\n|switch|p1a: Clefable|Clefable, F|87\/100\n|move|p2a: Blissey|Soft-Boiled|p2a: Blissey\n|-heal|p2a: Blissey|100\/100 tox\n|\n|-damage|p2a: Blissey|88\/100 tox|[from] psn\n|upkeep\n|turn|29\n|j| oracio7420\n|\n|t:|1699720890\n|move|p1a: Clefable|Wish|p1a: Clefable\n|move|p2a: Blissey|Seismic Toss|p1a: Clefable\n|-damage|p1a: Clefable|62\/100\n|\n|-damage|p2a: Blissey|70\/100 tox|[from] psn\n|upkeep\n|turn|30\n|\n|t:|1699720894\n|-curestatus|p2a: Blissey|tox|[from] ability: Natural Cure\n|switch|p2a: Cyclizar|Cyclizar, F|100\/100\n|move|p1a: Clefable|Knock Off|p2a: Cyclizar\n|-damage|p2a: Cyclizar|80\/100\n|-enditem|p2a: Cyclizar|Heavy-Duty Boots|[from] move: Knock Off|[of] p1a: Clefable\n|\n|-heal|p1a: Clefable|100\/100|[from] move: Wish|[wisher] Clefable\n|upkeep\n|turn|31\n|\n|t:|1699720904\n|move|p1a: Clefable|Protect|p1a: Clefable\n|-singleturn|p1a: Clefable|Protect\n|move|p2a: Cyclizar|Rapid Spin|p1a: Clefable\n|-activate|p1a: Clefable|move: Protect\n|\n|upkeep\n|turn|32\n|\n|t:|1699720907\n|move|p2a: Cyclizar|Rapid Spin|p1a: Clefable\n|-damage|p1a: Clefable|88\/100\n|-boost|p2a: Cyclizar|spe|1\n|-sideend|p2: knexhawk2|Spikes|[from] move: Rapid Spin|[of] p2a: Cyclizar\n|-sideend|p2: knexhawk2|Stealth Rock|[from] move: Rapid Spin|[of] p2a: Cyclizar\n|move|p1a: Clefable|Moonblast|p2a: Cyclizar\n|-supereffective|p2a: Cyclizar\n|-damage|p2a: Cyclizar|19\/100\n|-unboost|p2a: Cyclizar|spa|1\n|\n|upkeep\n|turn|33\n|\n|t:|1699720915\n|move|p2a: Cyclizar|U-turn|p1a: Clefable\n|-resisted|p1a: Clefable\n|-damage|p1a: Clefable|82\/100\n|\n|t:|1699720919\n|switch|p2a: Blissey|Blissey, F|70\/100|[from] U-turn\n|move|p1a: Clefable|Wish|p1a: Clefable\n|\n|upkeep\n|turn|34\n|inactive|Escapegoat123 has 120 seconds left.\n|\n|t:|1699720961\n|switch|p1a: Blissey|Blissey, F|85\/100\n|switch|p2a: Cyclizar|Cyclizar, F|53\/100\n|\n|-heal|p1a: Blissey|100\/100|[from] move: Wish|[wisher] Clefable\n|upkeep\n|turn|35\n|\n|t:|1699720968\n|switch|p1a: Clefable|Clefable, F|82\/100\n|move|p2a: Cyclizar|Knock Off|p1a: Clefable\n|-resisted|p1a: Clefable\n|-crit|p1a: Clefable\n|-damage|p1a: Clefable|75\/100\n|\n|upkeep\n|turn|36\n|\n|t:|1699720974\n|move|p2a: Cyclizar|U-turn|p1a: Clefable\n|-resisted|p1a: Clefable\n|-damage|p1a: Clefable|69\/100\n|\n|t:|1699720976\n|switch|p2a: Blissey|Blissey, F|70\/100|[from] U-turn\n|move|p1a: Clefable|Wish|p1a: Clefable\n|\n|upkeep\n|turn|37\n|l| bobify\n|\n|t:|1699720990\n|switch|p1a: Gliscor|Gliscor, F|74\/100 tox\n|-damage|p1a: Gliscor|61\/100 tox|[from] Stealth Rock\n|move|p2a: Blissey|Seismic Toss|p1a: Gliscor\n|-damage|p1a: Gliscor|33\/100 tox\n|\n|-heal|p1a: Gliscor|89\/100 tox|[from] move: Wish|[wisher] Clefable\n|-heal|p1a: Gliscor|100\/100 tox|[from] ability: Poison Heal\n|upkeep\n|turn|38\n|\n|t:|1699720996\n|switch|p2a: Alomomola|Alomomola, F, tera:Flying|36\/100\n|move|p1a: Gliscor|Spikes|p2a: Alomomola\n|-sidestart|p2: knexhawk2|Spikes\n|\n|upkeep\n|turn|39\n|\n|t:|1699721003\n|switch|p2a: Dondozo|Dondozo, M|100\/100\n|move|p1a: Gliscor|Toxic|p2a: Dondozo\n|-status|p2a: Dondozo|tox\n|\n|-damage|p2a: Dondozo|94\/100 tox|[from] psn\n|upkeep\n|turn|40\n|\n|t:|1699721006\n|switch|p2a: Alomomola|Alomomola, F, tera:Flying|69\/100\n|move|p1a: Gliscor|Knock Off|p2a: Alomomola\n|-damage|p2a: Alomomola|62\/100\n|\n|upkeep\n|turn|41\n|\n|t:|1699721008\n|move|p1a: Gliscor|Toxic|p2a: Alomomola\n|-status|p2a: Alomomola|tox\n|move|p2a: Alomomola|Whirlpool|p1a: Gliscor\n|-supereffective|p1a: Gliscor\n|-damage|p1a: Gliscor|85\/100 tox\n|-activate|p1a: Gliscor|move: Whirlpool|[of] p2a: Alomomola\n|\n|-heal|p1a: Gliscor|98\/100 tox|[from] ability: Poison Heal\n|-damage|p2a: Alomomola|56\/100 tox|[from] psn\n|-damage|p1a: Gliscor|85\/100 tox|[from] move: Whirlpool|[partiallytrapped]\n|upkeep\n|turn|42\n|\n|t:|1699721010\n|move|p1a: Gliscor|Protect|p1a: Gliscor\n|-singleturn|p1a: Gliscor|Protect\n|move|p2a: Alomomola|Wish|p2a: Alomomola\n|\n|-heal|p1a: Gliscor|98\/100 tox|[from] ability: Poison Heal\n|-damage|p2a: Alomomola|43\/100 tox|[from] psn\n|-damage|p1a: Gliscor|85\/100 tox|[from] move: Whirlpool|[partiallytrapped]\n|upkeep\n|turn|43\n|\n|t:|1699721012\n|move|p1a: Gliscor|Spikes|p2a: Alomomola\n|-sidestart|p2: knexhawk2|Spikes\n|move|p2a: Alomomola|Scald|p1a: Gliscor\n|-supereffective|p1a: Gliscor\n|-damage|p1a: Gliscor|49\/100 tox\n|\n|-heal|p2a: Alomomola|93\/100 tox|[from] move: Wish|[wisher] Alomomola\n|-heal|p1a: Gliscor|62\/100 tox|[from] ability: Poison Heal\n|-damage|p2a: Alomomola|75\/100 tox|[from] psn\n|-damage|p1a: Gliscor|49\/100 tox|[from] move: Whirlpool|[partiallytrapped]\n|upkeep\n|turn|44\n|\n|t:|1699721015\n|move|p1a: Gliscor|Protect|p1a: Gliscor\n|-singleturn|p1a: Gliscor|Protect\n|move|p2a: Alomomola|Wish|p2a: Alomomola\n|\n|-heal|p1a: Gliscor|62\/100 tox|[from] ability: Poison Heal\n|-damage|p2a: Alomomola|50\/100 tox|[from] psn\n|-damage|p1a: Gliscor|49\/100 tox|[from] move: Whirlpool|[partiallytrapped]\n|upkeep\n|turn|45\n|\n|t:|1699721018\n|move|p1a: Gliscor|Spikes|p2a: Alomomola\n|-sidestart|p2: knexhawk2|Spikes\n|move|p2a: Alomomola|Scald|p1a: Gliscor\n|-supereffective|p1a: Gliscor\n|-damage|p1a: Gliscor|16\/100 tox\n|\n|-heal|p2a: Alomomola|99\/100 tox|[from] move: Wish|[wisher] Alomomola\n|-heal|p1a: Gliscor|29\/100 tox|[from] ability: Poison Heal\n|-damage|p2a: Alomomola|69\/100 tox|[from] psn\n|-end|p1a: Gliscor|Whirlpool|[partiallytrapped]\n|upkeep\n|turn|46\n|\n|t:|1699721026\n|switch|p2a: Cyclizar|Cyclizar, F|86\/100\n|-damage|p2a: Cyclizar|61\/100|[from] Spikes\n|move|p1a: Gliscor|Protect||[still]\n|-fail|p1a: Gliscor\n|\n|-heal|p1a: Gliscor|41\/100 tox|[from] ability: Poison Heal\n|upkeep\n|turn|47\n|\n|t:|1699721031\n|switch|p2a: Alomomola|Alomomola, F, tera:Flying|100\/100 tox\n|switch|p1a: Clefable|Clefable, F|69\/100\n|\n|-damage|p2a: Alomomola|94\/100 tox|[from] psn\n|upkeep\n|turn|48\n|\n|t:|1699721039\n|switch|p2a: Blissey|Blissey, F|70\/100\n|-damage|p2a: Blissey|45\/100|[from] Spikes\n|move|p1a: Clefable|Wish|p1a: Clefable\n|\n|upkeep\n|turn|49\n|\n|t:|1699721045\n|switch|p1a: Gliscor|Gliscor, F|41\/100 tox\n|-damage|p1a: Gliscor|29\/100 tox|[from] Stealth Rock\n|move|p2a: Blissey|Seismic Toss|p1a: Gliscor\n|-damage|p1a: Gliscor|0 fnt\n|faint|p1a: Gliscor\n|\n|upkeep\n|c|\u2606knexhawk2|what\n|\n|t:|1699721049\n|switch|p1a: Heatran|Heatran, F|100\/100\n|-damage|p1a: Heatran|88\/100|[from] Stealth Rock\n|-item|p1a: Heatran|Air Balloon\n|turn|50\n|c|\u2606Escapegoat123|I missclicked\n|c|\u2606knexhawk2|why tf did u do that\n|c|\u2606knexhawk2|okay\n|c|\u2606Escapegoat123|It was rthe bliss ahhh\n|\n|t:|1699721071\n|switch|p2a: Cyclizar|Cyclizar, F|94\/100\n|-damage|p2a: Cyclizar|69\/100|[from] Spikes\n|move|p1a: Heatran|Magma Storm|p2a: Cyclizar\n|-resisted|p2a: Cyclizar\n|-damage|p2a: Cyclizar|47\/100\n|-activate|p2a: Cyclizar|move: Magma Storm|[of] p1a: Heatran\n|\n|-damage|p2a: Cyclizar|35\/100|[from] move: Magma Storm|[partiallytrapped]\n|upkeep\n|turn|51\n|c|\u2606knexhawk2|about to say you have a like 99.5% win chance mu\n|c|\u2606knexhawk2|unless u do that\n|inactive|Escapegoat123 has 120 seconds left.\n|j| iajdg\n|j| debilos\n|inactive|Escapegoat123 has 90 seconds left.\n|c|\u2606Escapegoat123|Ik, i made this team in part to counter stall haha\n|j| CMBoise\n|\n|t:|1699721125\n|move|p2a: Cyclizar|Rapid Spin|p1a: Heatran\n|-resisted|p1a: Heatran\n|-damage|p1a: Heatran|82\/100\n|-boost|p2a: Cyclizar|spe|1\n|-enditem|p1a: Heatran|Air Balloon\n|-sideend|p2: knexhawk2|Spikes|[from] move: Rapid Spin|[of] p2a: Cyclizar\n|-end|p2a: Cyclizar|Magma Storm|[partiallytrapped]\n|move|p1a: Heatran|Magma Storm|p2a: Cyclizar\n|-resisted|p2a: Cyclizar\n|-damage|p2a: Cyclizar|12\/100\n|-activate|p2a: Cyclizar|move: Magma Storm|[of] p1a: Heatran\n|\n|-damage|p2a: Cyclizar|0 fnt|[from] move: Magma Storm|[partiallytrapped]\n|faint|p2a: Cyclizar\n|upkeep\n|j| Mr.Fuji245\n|\n|t:|1699721134\n|switch|p2a: Dondozo|Dondozo, M|94\/100 tox\n|turn|52\n|\n|t:|1699721142\n|switch|p1a: Dondozo|Dondozo, F|100\/100\n|move|p2a: Dondozo|Waterfall|p1a: Dondozo\n|-resisted|p1a: Dondozo\n|-damage|p1a: Dondozo|94\/100\n|\n|-damage|p2a: Dondozo|88\/100 tox|[from] psn\n|upkeep\n|turn|53\n|\n|t:|1699721153\n|switch|p2a: Alomomola|Alomomola, F, tera:Flying|100\/100 tox\n|move|p1a: Dondozo|Body Press|p2a: Alomomola\n|-resisted|p2a: Alomomola\n|-damage|p2a: Alomomola|93\/100 tox\n|\n|-damage|p2a: Alomomola|87\/100 tox|[from] psn\n|upkeep\n|turn|54\n|\n|t:|1699721160\n|switch|p1a: Clefable|Clefable, F|69\/100\n|move|p2a: Alomomola|Scald|p1a: Clefable\n|-damage|p1a: Clefable|55\/100\n|\n|-damage|p2a: Alomomola|75\/100 tox|[from] psn\n|upkeep\n|turn|55\n|\n|t:|1699721165\n|switch|p2a: Blissey|Blissey, F|45\/100\n|move|p1a: Clefable|Wish|p1a: Clefable\n|\n|upkeep\n|turn|56\n|\n|t:|1699721169\n|move|p1a: Clefable|Protect|p1a: Clefable\n|-singleturn|p1a: Clefable|Protect\n|move|p2a: Blissey|Soft-Boiled|p2a: Blissey\n|-heal|p2a: Blissey|95\/100\n|\n|-heal|p1a: Clefable|100\/100|[from] move: Wish|[wisher] Clefable\n|upkeep\n|turn|57\n|\n|t:|1699721173\n|move|p1a: Clefable|Wish|p1a: Clefable\n|move|p2a: Blissey|Heal Bell|p2a: Blissey\n|-activate|p2a: Blissey|move: Heal Bell\n|-curestatus|p2: Alomomola|tox|[msg]\n|-curestatus|p2: Dondozo|tox|[msg]\n|\n|upkeep\n|turn|58\n|l| CMBoise\n|\n|t:|1699721176\n|switch|p1a: Heatran|Heatran, F|82\/100\n|-damage|p1a: Heatran|69\/100|[from] Stealth Rock\n|-damage|p1a: Heatran|44\/100|[from] Spikes\n|move|p2a: Blissey|Seismic Toss|p1a: Heatran\n|-damage|p1a: Heatran|18\/100\n|\n|-heal|p1a: Heatran|69\/100|[from] move: Wish|[wisher] Clefable\n|upkeep\n|turn|59\n|\n|t:|1699721186\n|move|p1a: Heatran|Stealth Rock|p2a: Blissey\n|-sidestart|p2: knexhawk2|move: Stealth Rock\n|move|p2a: Blissey|Seismic Toss|p1a: Heatran\n|-damage|p1a: Heatran|44\/100\n|\n|upkeep\n|turn|60\n|\n|t:|1699721193\n|switch|p1a: Ditto|Ditto|88\/100\n|-damage|p1a: Ditto|75\/100|[from] Stealth Rock\n|-damage|p1a: Ditto|50\/100|[from] Spikes\n|-transform|p1a: Ditto|p2a: Blissey|[from] ability: Imposter\n|move|p2a: Blissey|Seismic Toss|p1a: Ditto\n|-damage|p1a: Ditto|16\/100\n|\n|upkeep\n|turn|61\n|\n|t:|1699721201\n|move|p1a: Ditto|Seismic Toss|p2a: Blissey\n|-damage|p2a: Blissey|79\/100\n|move|p2a: Blissey|Seismic Toss|p1a: Ditto\n|-damage|p1a: Ditto|0 fnt\n|faint|p1a: Ditto\n|\n|upkeep\n|\n|t:|1699721204\n|switch|p1a: Dondozo|Dondozo, F|94\/100\n|turn|62\n|c|\u2606Escapegoat123|I gotta go I am not played well gg\n|c|\u2606knexhawk2|gg\n|\n|t:|1699721227\n|switch|p2a: Alomomola|Alomomola, F, tera:Flying|100\/100\n|-damage|p2a: Alomomola|76\/100|[from] Stealth Rock\n|move|p1a: Dondozo|Body Press|p2a: Alomomola\n|-resisted|p2a: Alomomola\n|-damage|p2a: Alomomola|68\/100\n|\n|upkeep\n|turn|63\n|-message|Escapegoat123 forfeited.\n|\n|win|knexhawk2\n|raw|Escapegoat123's rating: 1727 &rarr; <strong>1716<\/strong><br \/>(-11 for losing)\n|raw|knexhawk2's rating: 1903 &rarr; <strong>1914<\/strong><br \/>(+11 for winning)\n|l|\u2606Escapegoat123\n|l| oRinNeGa7V1\n|l|\u2606knexhawk2\n","uploadtime":1699721238,"views":15,"p1id":"escapegoat123","p2id":"knexhawk2","formatid":"gen9ou","rating":1716,"private":0,"password":""}