{"id":"gen9ou-1991036342","p1":"ziyi1117","p2":"lyken 53","format":"[Gen 9] OU","log":"|j|\u2606ziyi1117\n|j|\u2606lyken 53\n|t:|1700032156\n|gametype|singles\n|player|p1|ziyi1117|linebacker|1201\n|player|p2|lyken 53|2|1114\n|teamsize|p1|6\n|teamsize|p2|6\n|gen|9\n|tier|[Gen 9] OU\n|rated|\n|rule|Sleep Clause Mod: Limit one foe put to sleep\n|rule|Species Clause: Limit one of each Pok\u00e9mon\n|rule|OHKO Clause: OHKO moves are banned\n|rule|Evasion Items Clause: Evasion items are banned\n|rule|Evasion Moves Clause: Evasion moves are banned\n|rule|Endless Battle Clause: Forcing endless battles is banned\n|rule|HP Percentage Mod: HP is shown in percentages\n|clearpoke\n|poke|p1|Great Tusk|\n|poke|p1|Mandibuzz, F|\n|poke|p1|Heatran, M|\n|poke|p1|Iron Valiant|\n|poke|p1|Gholdengo|\n|poke|p1|Greninja-*, M|\n|poke|p2|Typhlosion-Hisui, F|\n|poke|p2|Pelipper, F|\n|poke|p2|Barraskewda, F|\n|poke|p2|Jolteon, M|\n|poke|p2|Maushold-Four|\n|poke|p2|Sneasler, F|\n|teampreview\n|inactive|Battle timer is ON: inactive players will automatically lose when time's up. (requested by lyken 53)\n|\n|t:|1700032174\n|start\n|switch|p1a: Mandibuzz|Mandibuzz, F|100\/100\n|switch|p2a: Pelipper|Pelipper, F|100\/100\n|-weather|RainDance|[from] ability: Drizzle|[of] p2a: Pelipper\n|turn|1\n|\n|t:|1700032193\n|move|p1a: Mandibuzz|Toxic|p2a: Pelipper\n|-status|p2a: Pelipper|tox\n|move|p2a: Pelipper|U-turn|p1a: Mandibuzz\n|-damage|p1a: Mandibuzz|96\/100\n|-damage|p2a: Pelipper|84\/100 tox|[from] item: Rocky Helmet|[of] p1a: Mandibuzz\n|\n|t:|1700032216\n|switch|p2a: Barraskewda|Barraskewda, F|100\/100|[from] U-turn\n|\n|-weather|RainDance|[upkeep]\n|upkeep\n|turn|2\n|\n|t:|1700032229\n|move|p2a: Barraskewda|Liquidation|p1a: Mandibuzz\n|-damage|p1a: Mandibuzz|41\/100\n|-damage|p2a: Barraskewda|84\/100|[from] item: Rocky Helmet|[of] p1a: Mandibuzz\n|move|p1a: Mandibuzz|Foul Play|p2a: Barraskewda\n|-damage|p2a: Barraskewda|0 fnt\n|faint|p2a: Barraskewda\n|\n|-weather|RainDance|[upkeep]\n|upkeep\n|\n|t:|1700032235\n|switch|p2a: Jolteon|Jolteon, M|100\/100\n|turn|3\n|\n|t:|1700032241\n|switch|p1a: Great Tusk|Great Tusk|100\/100\n|move|p2a: Jolteon|Calm Mind|p2a: Jolteon\n|-boost|p2a: Jolteon|spa|1\n|-boost|p2a: Jolteon|spd|1\n|\n|-weather|RainDance|[upkeep]\n|upkeep\n|turn|4\n|\n|t:|1700032250\n|-terastallize|p2a: Jolteon|Ice\n|move|p2a: Jolteon|Tera Blast|p1a: Great Tusk|[anim] Tera Blast Ice\n|-supereffective|p1a: Great Tusk\n|-damage|p1a: Great Tusk|12\/100\n|move|p1a: Great Tusk|Headlong Rush|p2a: Jolteon\n|-damage|p2a: Jolteon|0 fnt\n|-unboost|p1a: Great Tusk|def|1\n|-unboost|p1a: Great Tusk|spd|1\n|faint|p2a: Jolteon\n|\n|-weather|RainDance|[upkeep]\n|upkeep\n|\n|t:|1700032268\n|switch|p2a: Maushold|Maushold-Four|100\/100\n|turn|5\n|\n|t:|1700032279\n|move|p2a: Maushold|Population Bomb|p1a: Great Tusk\n|-damage|p1a: Great Tusk|1\/100\n|-damage|p1a: Great Tusk|0 fnt\n|faint|p1a: Great Tusk\n|-end|p1a: Great Tusk|Protosynthesis|[silent]\n|-hitcount|p1: Great Tusk|2\n|\n|-weather|RainDance|[upkeep]\n|upkeep\n|\n|t:|1700032289\n|switch|p1a: Mandibuzz|Mandibuzz, F|41\/100\n|turn|6\n|\n|t:|1700032297\n|move|p2a: Maushold|Population Bomb|p1a: Mandibuzz\n|-damage|p1a: Mandibuzz|34\/100\n|-damage|p2a: Maushold|84\/100|[from] item: Rocky Helmet|[of] p1a: Mandibuzz\n|-damage|p1a: Mandibuzz|28\/100\n|-damage|p2a: Maushold|67\/100|[from] item: Rocky Helmet|[of] p1a: Mandibuzz\n|-damage|p1a: Mandibuzz|22\/100\n|-damage|p2a: Maushold|51\/100|[from] item: Rocky Helmet|[of] p1a: Mandibuzz\n|-damage|p1a: Mandibuzz|16\/100\n|-damage|p2a: Maushold|34\/100|[from] item: Rocky Helmet|[of] p1a: Mandibuzz\n|-damage|p1a: Mandibuzz|10\/100\n|-damage|p2a: Maushold|17\/100|[from] item: Rocky Helmet|[of] p1a: Mandibuzz\n|-damage|p1a: Mandibuzz|4\/100\n|-damage|p2a: Maushold|1\/100|[from] item: Rocky Helmet|[of] p1a: Mandibuzz\n|-damage|p1a: Mandibuzz|0 fnt\n|-damage|p2a: Maushold|0 fnt|[from] item: Rocky Helmet|[of] p1a: Mandibuzz\n|faint|p1a: Mandibuzz\n|faint|p2a: Maushold\n|-hitcount|p1: Mandibuzz|7\n|\n|-weather|RainDance|[upkeep]\n|upkeep\n|\n|t:|1700032326\n|switch|p2a: Pelipper|Pelipper, F|84\/100 tox\n|switch|p1a: Gholdengo|Gholdengo|100\/100\n|turn|7\n|\n|t:|1700032346\n|move|p1a: Gholdengo|Thunderbolt|p2a: Pelipper\n|-supereffective|p2a: Pelipper\n|-damage|p2a: Pelipper|0 fnt\n|faint|p2a: Pelipper\n|\n|-weather|RainDance|[upkeep]\n|upkeep\n|inactive|lyken 53 has 120 seconds left.\n|\n|t:|1700032370\n|switch|p2a: Sneasler|Sneasler, F|100\/100\n|turn|8\n|\n|t:|1700032386\n|-terastallize|p1a: Gholdengo|Flying\n|move|p2a: Sneasler|Acrobatics|p1a: Gholdengo\n|-damage|p1a: Gholdengo|76\/100\n|move|p1a: Gholdengo|Make It Rain|p2a: Sneasler\n|-damage|p2a: Sneasler|8\/100\n|-unboost|p1a: Gholdengo|spa|1\n|\n|-weather|none\n|upkeep\n|turn|9\n|\n|t:|1700032398\n|move|p2a: Sneasler|Dire Claw|p1a: Gholdengo\n|-damage|p1a: Gholdengo|28\/100\n|move|p1a: Gholdengo|Shadow Ball|p2a: Sneasler\n|-damage|p2a: Sneasler|0 fnt\n|faint|p2a: Sneasler\n|\n|upkeep\n|inactive|lyken 53 has 120 seconds left.\n|\n|t:|1700032429\n|switch|p2a: Typhlosion|Typhlosion-Hisui, F, shiny|100\/100\n|-item|p1a: Gholdengo|Covert Cloak|[from] ability: Frisk|[of] p2a: Typhlosion|[identify]\n|turn|10\n|\n|t:|1700032443\n|move|p2a: Typhlosion|Eruption|p1a: Gholdengo\n|-damage|p1a: Gholdengo|0 fnt\n|faint|p1a: Gholdengo\n|\n|upkeep\n|\n|t:|1700032449\n|switch|p1a: Heatran|Heatran, M|100\/100\n|turn|11\n|inactive|lyken 53 has 120 seconds left.\n|-message|lyken 53 forfeited.\n|\n|win|ziyi1117\n|raw|ziyi1117's rating: 1201 &rarr; <strong>1220<\/strong><br \/>(+19 for winning)\n|raw|lyken 53's rating: 1114 &rarr; <strong>1095<\/strong><br \/>(-19 for losing)\n|l|\u2606lyken 53\n","uploadtime":1700032868,"views":8,"p1id":"ziyi1117","p2id":"lyken53","formatid":"gen9ou","rating":1095,"private":0,"password":""}