{"id":"gen9ou-1988435591","p1":"the small cow","p2":"Skaraptor2.1","format":"[Gen 9] OU","log":"|j|\u2606the small cow\n|j|\u2606Skaraptor2.1\n|t:|1699722679\n|gametype|singles\n|player|p1|the small cow|bruno|1370\n|player|p2|Skaraptor2.1|emma|1345\n|teamsize|p1|6\n|teamsize|p2|6\n|gen|9\n|tier|[Gen 9] OU\n|rated|\n|rule|Sleep Clause Mod: Limit one foe put to sleep\n|rule|Species Clause: Limit one of each Pok\u00e9mon\n|rule|OHKO Clause: OHKO moves are banned\n|rule|Evasion Items Clause: Evasion items are banned\n|rule|Evasion Moves Clause: Evasion moves are banned\n|rule|Endless Battle Clause: Forcing endless battles is banned\n|rule|HP Percentage Mod: HP is shown in percentages\n|clearpoke\n|poke|p1|Landorus-Therian, M|\n|poke|p1|Thundurus-Therian, M|\n|poke|p1|Samurott-Hisui, F|\n|poke|p1|Iron Valiant|\n|poke|p1|Dragonite, F|\n|poke|p1|Ogerpon-Wellspring, F|\n|poke|p2|Iron Jugulis|\n|poke|p2|Ogerpon-Wellspring, F|\n|poke|p2|Tinkaton, F|\n|poke|p2|Iron Moth|\n|poke|p2|Great Tusk|\n|poke|p2|Dragapult, F|\n|teampreview\n|inactive|Battle timer is ON: inactive players will automatically lose when time's up. (requested by Skaraptor2.1)\n|\n|t:|1699722688\n|start\n|switch|p1a: Landorus|Landorus-Therian, M|100\/100\n|switch|p2a: TWINKATON|Tinkaton, F|100\/100\n|-ability|p1a: Landorus|Intimidate|boost\n|-unboost|p2a: TWINKATON|atk|1\n|-item|p2a: TWINKATON|Air Balloon\n|turn|1\n|\n|t:|1699722691\n|move|p1a: Landorus|U-turn|p2a: TWINKATON\n|-resisted|p2a: TWINKATON\n|-damage|p2a: TWINKATON|93\/100\n|-enditem|p2a: TWINKATON|Air Balloon\n|-enditem|p1a: Landorus|Choice Scarf|[silent]|[from] ability: Pickpocket|[of] p1a: Landorus\n|-item|p2a: TWINKATON|Choice Scarf|[from] ability: Pickpocket|[of] p1a: Landorus\n|\n|t:|1699722697\n|switch|p1a: Samurott|Samurott-Hisui, F|100\/100|[from] U-turn\n|move|p2a: TWINKATON|Stealth Rock|p1a: Samurott\n|-sidestart|p1: the small cow|move: Stealth Rock\n|\n|upkeep\n|turn|2\n|\n|t:|1699722705\n|switch|p2a: Trans... former|Iron Jugulis|100\/100\n|-enditem|p2a: Trans... former|Booster Energy\n|-activate|p2a: Trans... former|ability: Quark Drive|[fromitem]\n|-start|p2a: Trans... former|quarkdrivespe\n|move|p1a: Samurott|Ceaseless Edge|p2a: Trans... former\n|-resisted|p2a: Trans... former\n|-damage|p2a: Trans... former|70\/100\n|-sidestart|p2: Skaraptor2.1|Spikes\n|\n|upkeep\n|turn|3\n|\n|t:|1699722711\n|move|p2a: Trans... former|Hurricane|p1a: Samurott\n|-damage|p1a: Samurott|18\/100\n|move|p1a: Samurott|Ceaseless Edge|p2a: Trans... former\n|-resisted|p2a: Trans... former\n|-damage|p2a: Trans... former|39\/100\n|-sidestart|p2: Skaraptor2.1|Spikes\n|\n|upkeep\n|turn|4\n|\n|t:|1699722718\n|move|p1a: Samurott|Aqua Jet|p2a: Trans... former\n|-crit|p2a: Trans... former\n|-damage|p2a: Trans... former|4\/100\n|move|p2a: Trans... former|Earth Power|p1a: Samurott\n|-damage|p1a: Samurott|0 fnt\n|faint|p1a: Samurott\n|\n|upkeep\n|\n|t:|1699722724\n|switch|p1a: Dragonite|Dragonite, F|100\/100\n|turn|5\n|\n|t:|1699722729\n|move|p1a: Dragonite|Extreme Speed|p2a: Trans... former\n|-damage|p2a: Trans... former|0 fnt\n|faint|p2a: Trans... former\n|-end|p2a: Trans... former|Quark Drive|[silent]\n|\n|upkeep\n|\n|t:|1699722735\n|switch|p2a: Be Gay Do Crime|Great Tusk|100\/100\n|-damage|p2a: Be Gay Do Crime|84\/100|[from] Spikes\n|-enditem|p2a: Be Gay Do Crime|Booster Energy\n|-activate|p2a: Be Gay Do Crime|ability: Protosynthesis|[fromitem]\n|-start|p2a: Be Gay Do Crime|protosynthesisspe\n|turn|6\n|\n|t:|1699722747\n|move|p2a: Be Gay Do Crime|Rapid Spin|p1a: Dragonite\n|-damage|p1a: Dragonite|93\/100\n|-boost|p2a: Be Gay Do Crime|spe|1\n|-sideend|p2: Skaraptor2.1|Spikes|[from] move: Rapid Spin|[of] p2a: Be Gay Do Crime\n|move|p1a: Dragonite|Ice Spinner|p2a: Be Gay Do Crime\n|-supereffective|p2a: Be Gay Do Crime\n|-damage|p2a: Be Gay Do Crime|43\/100\n|\n|upkeep\n|turn|7\n|inactive|Skaraptor2.1 has 120 seconds left.\n|\n|t:|1699722781\n|move|p2a: Be Gay Do Crime|Ice Spinner|p1a: Dragonite\n|-supereffective|p1a: Dragonite\n|-damage|p1a: Dragonite|4\/100\n|move|p1a: Dragonite|Ice Spinner|p2a: Be Gay Do Crime\n|-supereffective|p2a: Be Gay Do Crime\n|-damage|p2a: Be Gay Do Crime|8\/100\n|\n|upkeep\n|turn|8\n|\n|t:|1699722787\n|move|p1a: Dragonite|Extreme Speed|p2a: Be Gay Do Crime\n|-damage|p2a: Be Gay Do Crime|0 fnt\n|faint|p2a: Be Gay Do Crime\n|-end|p2a: Be Gay Do Crime|Protosynthesis|[silent]\n|\n|upkeep\n|\n|t:|1699722793\n|switch|p2a: Drag Queen|Dragapult, F|100\/100\n|turn|9\n|\n|t:|1699722796\n|move|p2a: Drag Queen|U-turn|p1a: Dragonite\n|-resisted|p1a: Dragonite\n|-damage|p1a: Dragonite|0 fnt\n|faint|p1a: Dragonite\n|\n|t:|1699722799\n|switch|p2a: Transfem|Ogerpon-Wellspring, F|100\/100|[from] U-turn\n|\n|upkeep\n|\n|t:|1699722812\n|switch|p1a: Thundurus|Thundurus-Therian, M|100\/100\n|turn|10\n|\n|t:|1699722821\n|move|p2a: Transfem|Ivy Cudgel|p1a: Thundurus\n|-damage|p1a: Thundurus|10\/100\n|move|p1a: Thundurus|Thunderbolt|p2a: Transfem\n|-damage|p2a: Transfem|44\/100\n|-status|p2a: Transfem|par\n|\n|upkeep\n|turn|11\n|\n|t:|1699722826\n|move|p1a: Thundurus|Thunderbolt|p2a: Transfem\n|-damage|p2a: Transfem|0 fnt\n|faint|p2a: Transfem\n|\n|upkeep\n|\n|t:|1699722831\n|switch|p2a: Solar Panels|Iron Moth|100\/100\n|-enditem|p2a: Solar Panels|Booster Energy\n|-activate|p2a: Solar Panels|ability: Quark Drive|[fromitem]\n|-start|p2a: Solar Panels|quarkdrivespe\n|turn|12\n|\n|t:|1699722835\n|move|p2a: Solar Panels|Fiery Dance|p1a: Thundurus\n|-damage|p1a: Thundurus|0 fnt\n|faint|p1a: Thundurus\n|\n|upkeep\n|\n|t:|1699722839\n|switch|p1a: Landorus|Landorus-Therian, M|100\/100\n|-damage|p1a: Landorus|88\/100|[from] Stealth Rock\n|-ability|p1a: Landorus|Intimidate|boost\n|-unboost|p2a: Solar Panels|atk|1\n|turn|13\n|\n|t:|1699722843\n|-terastallize|p2a: Solar Panels|Grass\n|move|p2a: Solar Panels|Fiery Dance|p1a: Landorus\n|-damage|p1a: Landorus|32\/100\n|-boost|p2a: Solar Panels|spa|1\n|move|p1a: Landorus|Earthquake|p2a: Solar Panels\n|-resisted|p2a: Solar Panels\n|-damage|p2a: Solar Panels|60\/100\n|\n|upkeep\n|turn|14\n|\n|t:|1699722851\n|move|p2a: Solar Panels|Fiery Dance|p1a: Landorus\n|-damage|p1a: Landorus|0 fnt\n|-boost|p2a: Solar Panels|spa|1\n|faint|p1a: Landorus\n|\n|upkeep\n|\n|t:|1699722858\n|switch|p1a: Iron Valiant|Iron Valiant|100\/100\n|-damage|p1a: Iron Valiant|94\/100|[from] Stealth Rock\n|-enditem|p1a: Iron Valiant|Booster Energy\n|-activate|p1a: Iron Valiant|ability: Quark Drive|[fromitem]\n|-start|p1a: Iron Valiant|quarkdrivespe\n|turn|15\n|\n|t:|1699722865\n|-terastallize|p1a: Iron Valiant|Ghost\n|move|p1a: Iron Valiant|Shadow Ball|p2a: Solar Panels\n|-damage|p2a: Solar Panels|22\/100\n|move|p2a: Solar Panels|Sludge Wave|p1a: Iron Valiant\n|-resisted|p1a: Iron Valiant\n|-damage|p1a: Iron Valiant|12\/100\n|\n|upkeep\n|turn|16\n|\n|t:|1699722872\n|move|p1a: Iron Valiant|Shadow Ball|p2a: Solar Panels\n|-damage|p2a: Solar Panels|0 fnt\n|faint|p2a: Solar Panels\n|-end|p2a: Solar Panels|Quark Drive|[silent]\n|\n|upkeep\n|\n|t:|1699722875\n|switch|p2a: TWINKATON|Tinkaton, F|93\/100\n|turn|17\n|\n|t:|1699722880\n|move|p1a: Iron Valiant|Shadow Ball|p2a: TWINKATON\n|-damage|p2a: TWINKATON|57\/100\n|move|p2a: TWINKATON|Play Rough|p1a: Iron Valiant\n|-damage|p1a: Iron Valiant|0 fnt\n|faint|p1a: Iron Valiant\n|-end|p1a: Iron Valiant|Quark Drive|[silent]\n|\n|upkeep\n|\n|t:|1699722885\n|switch|p1a: Ogerpon|Ogerpon-Wellspring, F|100\/100\n|-damage|p1a: Ogerpon|88\/100|[from] Stealth Rock\n|turn|18\n|\n|t:|1699722889\n|move|p2a: TWINKATON|Play Rough|p1a: Ogerpon|[miss]\n|-miss|p2a: TWINKATON|p1a: Ogerpon\n|move|p1a: Ogerpon|Trailblaze|p2a: TWINKATON\n|-resisted|p2a: TWINKATON\n|-damage|p2a: TWINKATON|38\/100\n|-boost|p1a: Ogerpon|spe|1\n|\n|upkeep\n|turn|19\n|\n|t:|1699722901\n|move|p2a: TWINKATON|Play Rough|p1a: Ogerpon\n|-damage|p1a: Ogerpon|56\/100\n|move|p1a: Ogerpon|Ivy Cudgel|p2a: TWINKATON\n|-damage|p2a: TWINKATON|0 fnt\n|faint|p2a: TWINKATON\n|\n|upkeep\n|inactive|Skaraptor2.1 has 120 seconds left.\n|\n|t:|1699722934\n|switch|p2a: Drag Queen|Dragapult, F|100\/100\n|turn|20\n|\n|t:|1699722937\n|move|p1a: Ogerpon|Play Rough|p2a: Drag Queen\n|-supereffective|p2a: Drag Queen\n|-damage|p2a: Drag Queen|0 fnt\n|faint|p2a: Drag Queen\n|\n|win|the small cow\n|raw|the small cow's rating: 1370 &rarr; <strong>1389<\/strong><br \/>(+19 for winning)\n|raw|Skaraptor2.1's rating: 1345 &rarr; <strong>1326<\/strong><br \/>(-19 for losing)\n","uploadtime":1699722941,"views":15,"p1id":"thesmallcow","p2id":"skaraptor21","formatid":"gen9ou","rating":1326,"private":0,"password":""}