{"id":"gen9ou-1991699216","p1":"beeboop4","p2":"nba baltoy","format":"[Gen 9] OU","log":"|j|\u2606beeboop4\n|j|\u2606nba baltoy\n|t:|1700104106\n|gametype|singles\n|player|p1|beeboop4|lucas-gen4pt|1394\n|player|p2|nba baltoy|shauntal|1514\n|teamsize|p1|6\n|teamsize|p2|6\n|gen|9\n|tier|[Gen 9] OU\n|rated|\n|rule|Sleep Clause Mod: Limit one foe put to sleep\n|rule|Species Clause: Limit one of each Pok\u00e9mon\n|rule|OHKO Clause: OHKO moves are banned\n|rule|Evasion Items Clause: Evasion items are banned\n|rule|Evasion Moves Clause: Evasion moves are banned\n|rule|Endless Battle Clause: Forcing endless battles is banned\n|rule|HP Percentage Mod: HP is shown in percentages\n|clearpoke\n|poke|p1|Greninja-*, M|\n|poke|p1|Glastrier|\n|poke|p1|Iron Hands|\n|poke|p1|Torterra, M|\n|poke|p1|Kingambit, F|\n|poke|p1|Zapdos|\n|poke|p2|Tornadus-Therian, M|\n|poke|p2|Scizor, M|\n|poke|p2|Great Tusk|\n|poke|p2|Skeledirge, F|\n|poke|p2|Heatran, F|\n|poke|p2|Thundurus-Therian, M|\n|teampreview\n|inactive|Battle timer is ON: inactive players will automatically lose when time's up. (requested by nba baltoy)\n|\n|t:|1700104119\n|start\n|switch|p1a: Torterra|Torterra, M|100\/100\n|switch|p2a: Tornadus|Tornadus-Therian, M|100\/100\n|turn|1\n|\n|t:|1700104127\n|-terastallize|p1a: Torterra|Electric\n|move|p2a: Tornadus|U-turn|p1a: Torterra\n|-damage|p1a: Torterra|89\/100\n|\n|t:|1700104135\n|switch|p2a: Great Tusk|Great Tusk|100\/100|[from] U-turn\n|move|p1a: Torterra|Shell Smash|p1a: Torterra\n|-unboost|p1a: Torterra|def|1\n|-unboost|p1a: Torterra|spd|1\n|-boost|p1a: Torterra|atk|2\n|-boost|p1a: Torterra|spa|2\n|-boost|p1a: Torterra|spe|2\n|-enditem|p1a: Torterra|White Herb\n|-clearnegativeboost|p1a: Torterra|[silent]\n|\n|upkeep\n|turn|2\n|c|\u2606beeboop4|bro\n|c|\u2606nba baltoy|hello\n|\n|t:|1700104163\n|move|p1a: Torterra|Giga Drain|p2a: Great Tusk\n|-supereffective|p2a: Great Tusk\n|-damage|p2a: Great Tusk|0 fnt\n|-heal|p1a: Torterra|100\/100|[from] drain|[of] p2a: Great Tusk\n|faint|p2a: Great Tusk\n|-end|p2a: Great Tusk|Protosynthesis|[silent]\n|\n|upkeep\n|c|\u2606beeboop4|i came wit dat special tera boost\n|c|\u2606nba baltoy|woag\n|inactive|nba baltoy has 120 seconds left.\n|c|\u2606nba baltoy|first time ive seen a special tort\n|c|\u2606beeboop4|yur yur\n|\n|t:|1700104191\n|switch|p2a: Tornadus|Tornadus-Therian, M|100\/100\n|turn|3\n|c|\u2606beeboop4|special tort nice for tusk and corviknight\n|c|\u2606nba baltoy|faxx\n|\n|t:|1700104208\n|move|p1a: Torterra|Tera Blast|p2a: Tornadus|[anim] Tera Blast Electric\n|-supereffective|p2a: Tornadus\n|-damage|p2a: Tornadus|19\/100\n|move|p2a: Tornadus|U-turn|p1a: Torterra\n|-crit|p1a: Torterra\n|-damage|p1a: Torterra|82\/100\n|\n|t:|1700104219\n|switch|p2a: Skeledirge|Skeledirge, F|100\/100|[from] U-turn\n|\n|upkeep\n|turn|4\n|c|\u2606beeboop4|dat tornadus fat\n|c|\u2606nba baltoy|av haha\n|\n|t:|1700104240\n|move|p1a: Torterra|Headlong Rush|p2a: Skeledirge\n|-supereffective|p2a: Skeledirge\n|-damage|p2a: Skeledirge|54\/100\n|-unboost|p1a: Torterra|def|1\n|-unboost|p1a: Torterra|spd|1\n|move|p2a: Skeledirge|Torch Song|p1a: Torterra\n|-damage|p1a: Torterra|52\/100\n|-boost|p2a: Skeledirge|spa|1\n|\n|upkeep\n|turn|5\n|c|\u2606beeboop4|damn\n|\n|t:|1700104249\n|move|p1a: Torterra|Tera Blast|p2a: Skeledirge|[anim] Tera Blast Electric\n|-damage|p2a: Skeledirge|25\/100\n|move|p2a: Skeledirge|Slack Off|p2a: Skeledirge\n|-heal|p2a: Skeledirge|75\/100\n|\n|upkeep\n|turn|6\n|c|\u2606beeboop4|unaware\n|c|\u2606beeboop4|mf\n|inactive|beeboop4 has 120 seconds left.\n|c|\u2606nba baltoy|my dirge is mad clueless\n|inactive|beeboop4 has 90 seconds left.\n|c|\u2606beeboop4|clueless dirge a big problem\n|inactive|beeboop4 has 60 seconds left.\n|\n|t:|1700104341\n|switch|p1a: Greninja|Greninja, M|100\/100\n|move|p2a: Skeledirge|Slack Off|p2a: Skeledirge\n|-heal|p2a: Skeledirge|100\/100\n|\n|upkeep\n|turn|7\n|\n|t:|1700104348\n|switch|p2a: Tornadus|Tornadus-Therian, M|52\/100\n|move|p1a: Greninja|Hydro Pump|p2a: Tornadus\n|-damage|p2a: Tornadus|20\/100\n|\n|upkeep\n|turn|8\n|inactive|nba baltoy has 120 seconds left.\n|c|\u2606beeboop4|bad\n|c|\u2606beeboop4|very bad mistake\n|c|\u2606nba baltoy|gulp\n|c|\u2606beeboop4|bruh dont u turn\n|\n|t:|1700104381\n|move|p1a: Greninja|Ice Beam|p2a: Tornadus\n|-supereffective|p2a: Tornadus\n|-damage|p2a: Tornadus|0 fnt\n|faint|p2a: Tornadus\n|-ability|p1a: Greninja|Battle Bond|boost\n|-boost|p1a: Greninja|atk|1\n|-boost|p1a: Greninja|spa|1\n|-boost|p1a: Greninja|spe|1\n|-activate|p1a: Greninja|ability: Battle Bond\n|\n|upkeep\n|inactive|nba baltoy has 90 seconds left.\n|c|\u2606beeboop4|BRO WHAT DID I SAY\n|inactive|nba baltoy has 60 seconds left.\n|\n|t:|1700104436\n|switch|p2a: Heatran|Heatran, F|100\/100\n|turn|9\n|inactive|beeboop4 has 90 seconds left.\n|\n|t:|1700104449\n|-terastallize|p2a: Heatran|Grass\n|move|p1a: Greninja|Hydro Pump|p2a: Heatran\n|-resisted|p2a: Heatran\n|-damage|p2a: Heatran|80\/100\n|move|p2a: Heatran|Earth Power|p1a: Greninja\n|-damage|p1a: Greninja|57\/100\n|\n|-heal|p2a: Heatran|86\/100|[from] item: Leftovers\n|upkeep\n|turn|10\n|c|\u2606beeboop4|tera grass on dat boi\n|\n|t:|1700104456\n|move|p1a: Greninja|Ice Beam|p2a: Heatran\n|-supereffective|p2a: Heatran\n|-damage|p2a: Heatran|39\/100\n|move|p2a: Heatran|Earth Power|p1a: Greninja\n|-damage|p1a: Greninja|16\/100\n|\n|-heal|p2a: Heatran|46\/100|[from] item: Leftovers\n|upkeep\n|turn|11\n|\n|t:|1700104459\n|move|p1a: Greninja|Ice Beam|p2a: Heatran\n|-supereffective|p2a: Heatran\n|-damage|p2a: Heatran|0 fnt\n|faint|p2a: Heatran\n|\n|upkeep\n|\n|t:|1700104464\n|switch|p2a: Scizor|Scizor, M|100\/100\n|turn|12\n|\n|t:|1700104473\n|switch|p1a: Zapdos|Zapdos|100\/100\n|-ability|p1a: Zapdos|Pressure\n|move|p2a: Scizor|Bullet Punch|p1a: Zapdos\n|-resisted|p1a: Zapdos\n|-damage|p1a: Zapdos|85\/100\n|\n|upkeep\n|turn|13\n|\n|t:|1700104477\n|switch|p2a: Thundurus|Thundurus-Therian, M|100\/100\n|move|p1a: Zapdos|Rain Dance|p1a: Zapdos\n|-weather|RainDance\n|\n|-weather|RainDance|[upkeep]\n|upkeep\n|turn|14\n|inactive|nba baltoy has 90 seconds left.\n|\n|t:|1700104495\n|switch|p1a: Iron Hands|Iron Hands|100\/100\n|move|p2a: Thundurus|Taunt|p1a: Iron Hands\n|-start|p1a: Iron Hands|move: Taunt\n|\n|-weather|RainDance|[upkeep]\n|upkeep\n|turn|15\n|\n|t:|1700104507\n|move|p2a: Thundurus|Volt Switch|p1a: Iron Hands\n|-resisted|p1a: Iron Hands\n|-damage|p1a: Iron Hands|90\/100\n|\n|t:|1700104510\n|switch|p2a: Skeledirge|Skeledirge, F|100\/100|[from] Volt Switch\n|move|p1a: Iron Hands|Ice Punch|p2a: Skeledirge\n|-resisted|p2a: Skeledirge\n|-damage|p2a: Skeledirge|91\/100\n|\n|-weather|RainDance|[upkeep]\n|upkeep\n|turn|16\n|inactive|nba baltoy has 90 seconds left.\n|\n|t:|1700104524\n|-end|p1a: Iron Hands|Quark Drive|[silent]\n|switch|p1a: Zapdos|Zapdos|85\/100\n|-ability|p1a: Zapdos|Pressure\n|move|p2a: Skeledirge|Will-O-Wisp|p1a: Zapdos|[miss]\n|-miss|p2a: Skeledirge|p1a: Zapdos\n|\n|-weather|RainDance|[upkeep]\n|upkeep\n|turn|17\n|\n|t:|1700104536\n|switch|p2a: Thundurus|Thundurus-Therian, M|100\/100\n|move|p1a: Zapdos|Thunder|p2a: Thundurus\n|-immune|p2a: Thundurus|[from] ability: Volt Absorb\n|\n|-weather|none\n|upkeep\n|turn|18\n|\n|t:|1700104556\n|switch|p1a: Glastrier|Glastrier|100\/100\n|move|p2a: Thundurus|Taunt|p1a: Glastrier\n|-start|p1a: Glastrier|move: Taunt\n|\n|upkeep\n|turn|19\n|\n|t:|1700104563\n|move|p2a: Thundurus|Volt Switch|p1a: Glastrier\n|-crit|p1a: Glastrier\n|-damage|p1a: Glastrier|54\/100\n|\n|t:|1700104572\n|switch|p2a: Skeledirge|Skeledirge, F|91\/100|[from] Volt Switch\n|move|p1a: Glastrier|Icicle Crash|p2a: Skeledirge\n|-resisted|p2a: Skeledirge\n|-damage|p2a: Skeledirge|67\/100\n|\n|upkeep\n|turn|20\n|\n|t:|1700104598\n|switch|p1a: Iron Hands|Iron Hands|90\/100\n|move|p2a: Skeledirge|Torch Song|p1a: Iron Hands\n|-damage|p1a: Iron Hands|73\/100\n|-boost|p2a: Skeledirge|spa|1\n|\n|upkeep\n|turn|21\n|\n|t:|1700104607\n|move|p2a: Skeledirge|Will-O-Wisp|p1a: Iron Hands\n|-status|p1a: Iron Hands|brn\n|move|p1a: Iron Hands|Earthquake|p2a: Skeledirge\n|-supereffective|p2a: Skeledirge\n|-damage|p2a: Skeledirge|44\/100\n|\n|-damage|p1a: Iron Hands|67\/100 brn|[from] brn\n|upkeep\n|turn|22\n|\n|t:|1700104620\n|-end|p1a: Iron Hands|Quark Drive|[silent]\n|switch|p1a: Zapdos|Zapdos|85\/100\n|-ability|p1a: Zapdos|Pressure\n|move|p2a: Skeledirge|Slack Off|p2a: Skeledirge\n|-heal|p2a: Skeledirge|94\/100\n|\n|upkeep\n|turn|23\n|\n|t:|1700104629\n|switch|p1a: Kingambit|Kingambit, F|100\/100\n|move|p2a: Skeledirge|Will-O-Wisp|p1a: Kingambit\n|-status|p1a: Kingambit|brn\n|\n|-damage|p1a: Kingambit|94\/100 brn|[from] brn\n|upkeep\n|turn|24\n|c|\u2606beeboop4|damn\n|c|\u2606beeboop4|i tried to bait the switch so hard\n|inactive|beeboop4 has 120 seconds left.\n|c|\u2606nba baltoy|my backs against the wall i gotta pull some crazy shiet lmao\n|\n|t:|1700104667\n|-end|p1a: Kingambit|fallenundefined|[silent]\n|switch|p1a: Zapdos|Zapdos|85\/100\n|-ability|p1a: Zapdos|Pressure\n|move|p2a: Skeledirge|Torch Song|p1a: Zapdos\n|-damage|p1a: Zapdos|39\/100\n|-boost|p2a: Skeledirge|spa|1\n|\n|upkeep\n|turn|25\n|\n|t:|1700104679\n|move|p1a: Zapdos|Rain Dance|p1a: Zapdos\n|-weather|RainDance\n|move|p2a: Skeledirge|Torch Song|p1a: Zapdos\n|-damage|p1a: Zapdos|11\/100\n|-boost|p2a: Skeledirge|spa|1\n|\n|-weather|RainDance|[upkeep]\n|upkeep\n|turn|26\n|\n|t:|1700104686\n|switch|p2a: Thundurus|Thundurus-Therian, M|100\/100\n|move|p1a: Zapdos|Hurricane|p2a: Thundurus\n|-resisted|p2a: Thundurus\n|-damage|p2a: Thundurus|58\/100\n|\n|-weather|RainDance|[upkeep]\n|upkeep\n|turn|27\n|\n|t:|1700104697\n|switch|p1a: Torterra|Torterra, M, tera:Electric|52\/100\n|move|p2a: Thundurus|Volt Switch|p1a: Torterra\n|-resisted|p1a: Torterra\n|-damage|p1a: Torterra|31\/100\n|\n|t:|1700104713\n|switch|p2a: Scizor|Scizor, M|100\/100|[from] Volt Switch\n|\n|-weather|RainDance|[upkeep]\n|upkeep\n|turn|28\n|inactive|nba baltoy has 120 seconds left.\n|\n|t:|1700104734\n|switch|p2a: Thundurus|Thundurus-Therian, M|58\/100\n|move|p1a: Torterra|Tera Blast|p2a: Thundurus|[anim] Tera Blast Electric\n|-heal|p2a: Thundurus|83\/100|[from] ability: Volt Absorb|[of] p1a: Torterra\n|\n|-weather|RainDance|[upkeep]\n|upkeep\n|turn|29\n|\n|t:|1700104743\n|move|p2a: Thundurus|Psychic|p1a: Torterra\n|-damage|p1a: Torterra|0 fnt\n|faint|p1a: Torterra\n|\n|-weather|none\n|upkeep\n|\n|t:|1700104754\n|switch|p1a: Glastrier|Glastrier|54\/100\n|turn|30\n|\n|t:|1700104769\n|move|p2a: Thundurus|Volt Switch|p1a: Glastrier\n|-damage|p1a: Glastrier|21\/100\n|\n|t:|1700104772\n|switch|p2a: Skeledirge|Skeledirge, F|94\/100|[from] Volt Switch\n|move|p1a: Glastrier|High Horsepower|p2a: Skeledirge\n|-supereffective|p2a: Skeledirge\n|-damage|p2a: Skeledirge|24\/100\n|\n|upkeep\n|turn|31\n|c|\u2606beeboop4|ya\n|\n|t:|1700104784\n|move|p2a: Skeledirge|Torch Song|p1a: Glastrier\n|-supereffective|p1a: Glastrier\n|-crit|p1a: Glastrier\n|-damage|p1a: Glastrier|0 fnt\n|-boost|p2a: Skeledirge|spa|1\n|faint|p1a: Glastrier\n|\n|upkeep\n|c|\u2606beeboop4|ya das right mothrefucker\n|c|\u2606beeboop4|shit\n|\n|t:|1700104793\n|switch|p1a: Greninja|Greninja, M|16\/100\n|turn|32\n|\n|t:|1700104804\n|move|p1a: Greninja|Hydro Pump|p2a: Skeledirge\n|-supereffective|p2a: Skeledirge\n|-damage|p2a: Skeledirge|0 fnt\n|faint|p2a: Skeledirge\n|\n|upkeep\n|\n|t:|1700104807\n|switch|p2a: Scizor|Scizor, M|100\/100\n|turn|33\n|\n|t:|1700104822\n|switch|p1a: Iron Hands|Iron Hands|67\/100 brn\n|move|p2a: Scizor|Bullet Punch|p1a: Iron Hands\n|-resisted|p1a: Iron Hands\n|-damage|p1a: Iron Hands|55\/100 brn\n|\n|-damage|p1a: Iron Hands|49\/100 brn|[from] brn\n|upkeep\n|turn|34\n|\n|t:|1700104831\n|switch|p2a: Thundurus|Thundurus-Therian, M|83\/100\n|move|p1a: Iron Hands|Drain Punch|p2a: Thundurus\n|-resisted|p2a: Thundurus\n|-damage|p2a: Thundurus|66\/100\n|-heal|p1a: Iron Hands|55\/100 brn|[from] drain|[of] p2a: Thundurus\n|\n|-damage|p1a: Iron Hands|48\/100 brn|[from] brn\n|upkeep\n|turn|35\n|\n|t:|1700104847\n|move|p2a: Thundurus|Psychic|p1a: Iron Hands\n|-supereffective|p1a: Iron Hands\n|-damage|p1a: Iron Hands|10\/100 brn\n|move|p1a: Iron Hands|Ice Punch|p2a: Thundurus\n|-supereffective|p2a: Thundurus\n|-damage|p2a: Thundurus|19\/100\n|\n|-damage|p1a: Iron Hands|4\/100 brn|[from] brn\n|upkeep\n|turn|36\n|\n|t:|1700104860\n|move|p2a: Thundurus|Psychic|p1a: Iron Hands\n|-supereffective|p1a: Iron Hands\n|-damage|p1a: Iron Hands|0 fnt\n|faint|p1a: Iron Hands\n|-end|p1a: Iron Hands|Quark Drive|[silent]\n|\n|upkeep\n|\n|t:|1700104862\n|switch|p1a: Greninja|Greninja, M|16\/100\n|turn|37\n|\n|t:|1700104867\n|move|p1a: Greninja|Water Shuriken|p2a: Thundurus\n|-damage|p2a: Thundurus|9\/100\n|-damage|p2a: Thundurus|0 fnt\n|faint|p2a: Thundurus\n|-hitcount|p2: Thundurus|2\n|\n|upkeep\n|\n|t:|1700104870\n|switch|p2a: Scizor|Scizor, M|100\/100\n|turn|38\n|\n|t:|1700104878\n|move|p2a: Scizor|Bullet Punch|p1a: Greninja\n|-resisted|p1a: Greninja\n|-damage|p1a: Greninja|0 fnt\n|faint|p1a: Greninja\n|\n|upkeep\n|\n|t:|1700104880\n|switch|p1a: Zapdos|Zapdos|11\/100\n|-ability|p1a: Zapdos|Pressure\n|turn|39\n|c|\u2606beeboop4|damn\n|c|\u2606beeboop4|i think i blew it\n|c|\u2606beeboop4|motherfucker\n|\n|t:|1700104896\n|move|p2a: Scizor|Knock Off|p1a: Zapdos\n|-damage|p1a: Zapdos|0 fnt\n|-enditem|p1a: Zapdos|Heavy-Duty Boots|[from] move: Knock Off|[of] p2a: Scizor\n|faint|p1a: Zapdos\n|\n|upkeep\n|\n|t:|1700104898\n|switch|p1a: Kingambit|Kingambit, F|94\/100 brn\n|-activate|p1a: Kingambit|ability: Supreme Overlord\n|-start|p1a: Kingambit|fallen5|[silent]\n|turn|40\n|\n|t:|1700104905\n|move|p2a: Scizor|Close Combat|p1a: Kingambit\n|-supereffective|p1a: Kingambit\n|-damage|p1a: Kingambit|0 fnt\n|-unboost|p2a: Scizor|def|1\n|-unboost|p2a: Scizor|spd|1\n|faint|p1a: Kingambit\n|-end|p1a: Kingambit|fallen5|[silent]\n|\n|win|nba baltoy\n|raw|beeboop4's rating: 1394 &rarr; <strong>1381<\/strong><br \/>(-13 for losing)\n|raw|nba baltoy's rating: 1514 &rarr; <strong>1527<\/strong><br \/>(+13 for winning)\n|c|\u2606nba baltoy|ggs man\n|c|\u2606beeboop4|rippppppppppp\n","uploadtime":1700104911,"views":16,"p1id":"beeboop4","p2id":"nbabaltoy","formatid":"gen9ou","rating":1381,"private":0,"password":""}