{"id":"gen9ou-1992848254","p1":"UrSheerForce","p2":"low ladder leg","format":"[Gen 9] OU","log":"|j|\u2606UrSheerForce\n|j|\u2606low ladder leg\n|t:|1700240671\n|gametype|singles\n|player|p1|UrSheerForce|bruno-gen2|1609\n|player|p2|low ladder leg|ballguy|1552\n|teamsize|p1|6\n|teamsize|p2|6\n|gen|9\n|tier|[Gen 9] OU\n|rated|\n|rule|Sleep Clause Mod: Limit one foe put to sleep\n|rule|Species Clause: Limit one of each Pok\u00e9mon\n|rule|OHKO Clause: OHKO moves are banned\n|rule|Evasion Items Clause: Evasion items are banned\n|rule|Evasion Moves Clause: Evasion moves are banned\n|rule|Endless Battle Clause: Forcing endless battles is banned\n|rule|HP Percentage Mod: HP is shown in percentages\n|clearpoke\n|poke|p1|Munkidori, M|\n|poke|p1|Rillaboom, F|\n|poke|p1|Empoleon, M|\n|poke|p1|Dragonite, F|\n|poke|p1|Muk-Alola, F|\n|poke|p1|Great Tusk|\n|poke|p2|Meowscarada, M|\n|poke|p2|Zapdos|\n|poke|p2|Garganacl, F|\n|poke|p2|Slowking-Galar, M|\n|poke|p2|Samurott-Hisui, F|\n|poke|p2|Zamazenta-*|\n|teampreview\n|inactive|Battle timer is ON: inactive players will automatically lose when time's up. (requested by UrSheerForce)\n|\n|t:|1700240678\n|start\n|switch|p1a: Mojo Jojo|Munkidori, M|100\/100\n|switch|p2a: Slowking|Slowking-Galar, M|100\/100\n|turn|1\n|\n|t:|1700240688\n|move|p1a: Mojo Jojo|U-turn|p2a: Slowking\n|-damage|p2a: Slowking|89\/100\n|\n|t:|1700240690\n|switch|p1a: Certified Eater|Muk-Alola, F|100\/100|[from] U-turn\n|move|p2a: Slowking|Future Sight|p1a: Certified Eater\n|-start|p2a: Slowking|move: Future Sight\n|\n|upkeep\n|turn|2\n|\n|t:|1700240698\n|move|p1a: Certified Eater|Knock Off|p2a: Slowking\n|-supereffective|p2a: Slowking\n|-damage|p2a: Slowking|15\/100\n|-enditem|p2a: Slowking|Heavy-Duty Boots|[from] move: Knock Off|[of] p1a: Certified Eater\n|move|p2a: Slowking|Chilly Reception|p2a: Slowking\n|-weather|Snow\n|\n|t:|1700240708\n|switch|p2a: Garganacl|Garganacl, F|100\/100|[from] Chilly Reception\n|\n|-weather|Snow|[upkeep]\n|upkeep\n|turn|3\n|\n|t:|1700240714\n|move|p1a: Certified Eater|Drain Punch|p2a: Garganacl\n|-supereffective|p2a: Garganacl\n|-damage|p2a: Garganacl|74\/100\n|move|p2a: Garganacl|Salt Cure|p1a: Certified Eater\n|-damage|p1a: Certified Eater|85\/100\n|-start|p1a: Certified Eater|Salt Cure\n|\n|-weather|Snow|[upkeep]\n|-end|p1a: Certified Eater|move: Future Sight\n|-immune|p1a: Certified Eater\n|-heal|p1a: Certified Eater|91\/100|[from] item: Black Sludge\n|-heal|p2a: Garganacl|80\/100|[from] item: Leftovers\n|-damage|p1a: Certified Eater|79\/100|[from] Salt Cure\n|upkeep\n|turn|4\n|\n|t:|1700240719\n|move|p1a: Certified Eater|Knock Off|p2a: Garganacl\n|-damage|p2a: Garganacl|57\/100\n|-enditem|p2a: Garganacl|Leftovers|[from] move: Knock Off|[of] p1a: Certified Eater\n|move|p2a: Garganacl|Iron Defense|p2a: Garganacl\n|-boost|p2a: Garganacl|def|2\n|\n|-weather|Snow|[upkeep]\n|-heal|p1a: Certified Eater|85\/100|[from] item: Black Sludge\n|-damage|p1a: Certified Eater|72\/100|[from] Salt Cure\n|upkeep\n|turn|5\n|\n|t:|1700240731\n|switch|p1a: Mojo Jojo|Munkidori, M|100\/100\n|move|p2a: Garganacl|Recover|p2a: Garganacl\n|-heal|p2a: Garganacl|100\/100\n|\n|-weather|Snow|[upkeep]\n|upkeep\n|turn|6\n|\n|t:|1700240755\n|switch|p2a: Slowking|Slowking-Galar, M|49\/100\n|move|p1a: Mojo Jojo|Focus Blast|p2a: Slowking\n|-resisted|p2a: Slowking\n|-crit|p2a: Slowking\n|-damage|p2a: Slowking|40\/100\n|\n|-weather|none\n|upkeep\n|turn|7\n|\n|t:|1700240758\n|switch|p1a: Certified Eater|Muk-Alola, F|72\/100\n|move|p2a: Slowking|Chilly Reception|p2a: Slowking\n|-weather|Snow\n|\n|t:|1700240762\n|switch|p2a: Garganacl|Garganacl, F|100\/100|[from] Chilly Reception\n|\n|-weather|Snow|[upkeep]\n|-heal|p1a: Certified Eater|78\/100|[from] item: Black Sludge\n|upkeep\n|turn|8\n|\n|t:|1700240774\n|switch|p1a: Donphan-Therian|Great Tusk|100\/100\n|move|p2a: Garganacl|Salt Cure|p1a: Donphan-Therian\n|-resisted|p1a: Donphan-Therian\n|-damage|p1a: Donphan-Therian|99\/100\n|-start|p1a: Donphan-Therian|Salt Cure\n|\n|-weather|Snow|[upkeep]\n|-damage|p1a: Donphan-Therian|87\/100|[from] Salt Cure\n|upkeep\n|turn|9\n|\n|t:|1700240782\n|switch|p2a: Zapdos|Zapdos|100\/100\n|move|p1a: Donphan-Therian|Stealth Rock|p2a: Zapdos\n|-sidestart|p2: low ladder leg|move: Stealth Rock\n|\n|-weather|Snow|[upkeep]\n|-damage|p1a: Donphan-Therian|74\/100|[from] Salt Cure\n|upkeep\n|turn|10\n|\n|t:|1700240786\n|-end|p1a: Donphan-Therian|Protosynthesis|[silent]\n|switch|p1a: Certified Eater|Muk-Alola, F|78\/100\n|move|p2a: Zapdos|Hurricane|p1a: Certified Eater|[miss]\n|-miss|p2a: Zapdos|p1a: Certified Eater\n|\n|-weather|Snow|[upkeep]\n|-heal|p1a: Certified Eater|85\/100|[from] item: Black Sludge\n|upkeep\n|turn|11\n|\n|t:|1700240792\n|move|p1a: Certified Eater|Protect|p1a: Certified Eater\n|-singleturn|p1a: Certified Eater|Protect\n|move|p2a: Zapdos|U-turn|p1a: Certified Eater\n|-activate|p1a: Certified Eater|move: Protect\n|\n|-weather|none\n|-heal|p1a: Certified Eater|91\/100|[from] item: Black Sludge\n|upkeep\n|turn|12\n|\n|t:|1700240801\n|move|p2a: Zapdos|U-turn|p1a: Certified Eater\n|-damage|p1a: Certified Eater|76\/100\n|\n|t:|1700240804\n|switch|p2a: Garganacl|Garganacl, F|100\/100|[from] U-turn\n|-damage|p2a: Garganacl|88\/100|[from] Stealth Rock\n|move|p1a: Certified Eater|Knock Off|p2a: Garganacl\n|-damage|p2a: Garganacl|72\/100\n|\n|-heal|p1a: Certified Eater|82\/100|[from] item: Black Sludge\n|upkeep\n|turn|13\n|\n|t:|1700240826\n|switch|p1a: Arctic Emperor|Empoleon, M|100\/100\n|move|p2a: Garganacl|Salt Cure|p1a: Arctic Emperor\n|-resisted|p1a: Arctic Emperor\n|-crit|p1a: Arctic Emperor\n|-damage|p1a: Arctic Emperor|90\/100\n|-start|p1a: Arctic Emperor|Salt Cure\n|\n|-damage|p1a: Arctic Emperor|65\/100|[from] Salt Cure\n|upkeep\n|turn|14\n|\n|t:|1700240833\n|move|p1a: Arctic Emperor|Flip Turn|p2a: Garganacl\n|-supereffective|p2a: Garganacl\n|-damage|p2a: Garganacl|50\/100\n|\n|t:|1700240837\n|switch|p1a: Certified Eater|Muk-Alola, F|82\/100|[from] Flip Turn\n|move|p2a: Garganacl|Recover|p2a: Garganacl\n|-heal|p2a: Garganacl|99\/100\n|\n|-heal|p1a: Certified Eater|88\/100|[from] item: Black Sludge\n|upkeep\n|turn|15\n|\n|t:|1700240839\n|move|p1a: Certified Eater|Drain Punch|p2a: Garganacl\n|-supereffective|p2a: Garganacl\n|-damage|p2a: Garganacl|74\/100\n|-heal|p1a: Certified Eater|99\/100|[from] drain|[of] p2a: Garganacl\n|move|p2a: Garganacl|Salt Cure|p1a: Certified Eater\n|-damage|p1a: Certified Eater|85\/100\n|-start|p1a: Certified Eater|Salt Cure\n|\n|-heal|p1a: Certified Eater|92\/100|[from] item: Black Sludge\n|-damage|p1a: Certified Eater|79\/100|[from] Salt Cure\n|upkeep\n|turn|16\n|\n|t:|1700240846\n|move|p1a: Certified Eater|Drain Punch|p2a: Garganacl\n|-supereffective|p2a: Garganacl\n|-damage|p2a: Garganacl|50\/100\n|-heal|p1a: Certified Eater|91\/100|[from] drain|[of] p2a: Garganacl\n|move|p2a: Garganacl|Iron Defense|p2a: Garganacl\n|-boost|p2a: Garganacl|def|2\n|\n|-heal|p1a: Certified Eater|97\/100|[from] item: Black Sludge\n|-damage|p1a: Certified Eater|85\/100|[from] Salt Cure\n|upkeep\n|turn|17\n|\n|t:|1700240853\n|switch|p1a: Arctic Emperor|Empoleon, M|65\/100\n|move|p2a: Garganacl|Recover|p2a: Garganacl\n|-heal|p2a: Garganacl|100\/100\n|\n|upkeep\n|turn|18\n|\n|t:|1700240859\n|move|p1a: Arctic Emperor|Hydro Pump|p2a: Garganacl\n|-supereffective|p2a: Garganacl\n|-damage|p2a: Garganacl|0 fnt\n|faint|p2a: Garganacl\n|\n|upkeep\n|\n|t:|1700240866\n|switch|p2a: Zapdos|Zapdos|100\/100\n|turn|19\n|\n|t:|1700240871\n|switch|p1a: Certified Eater|Muk-Alola, F|85\/100\n|move|p2a: Zapdos|Discharge|p1a: Certified Eater\n|-damage|p1a: Certified Eater|65\/100\n|\n|-heal|p1a: Certified Eater|71\/100|[from] item: Black Sludge\n|upkeep\n|turn|20\n|\n|t:|1700240876\n|move|p2a: Zapdos|U-turn|p1a: Certified Eater\n|-damage|p1a: Certified Eater|57\/100\n|\n|t:|1700240879\n|switch|p2a: Samurott|Samurott-Hisui, F|100\/100|[from] U-turn\n|move|p1a: Certified Eater|Knock Off|p2a: Samurott\n|-resisted|p2a: Samurott\n|-damage|p2a: Samurott|76\/100\n|-enditem|p2a: Samurott|Heavy-Duty Boots|[from] move: Knock Off|[of] p1a: Certified Eater\n|\n|-heal|p1a: Certified Eater|63\/100|[from] item: Black Sludge\n|upkeep\n|turn|21\n|\n|t:|1700240888\n|move|p1a: Certified Eater|Protect|p1a: Certified Eater\n|-singleturn|p1a: Certified Eater|Protect\n|move|p2a: Samurott|Swords Dance|p2a: Samurott\n|-boost|p2a: Samurott|atk|2\n|\n|-heal|p1a: Certified Eater|69\/100|[from] item: Black Sludge\n|upkeep\n|turn|22\n|inactive|UrSheerForce has 120 seconds left.\n|\n|t:|1700240928\n|switch|p1a: Arctic Emperor|Empoleon, M|65\/100\n|move|p2a: Samurott|Razor Shell|p1a: Arctic Emperor\n|-resisted|p1a: Arctic Emperor\n|-damage|p1a: Arctic Emperor|6\/100\n|-unboost|p1a: Arctic Emperor|def|1\n|-ability|p1a: Arctic Emperor|Competitive|boost\n|-boost|p1a: Arctic Emperor|spa|2\n|\n|upkeep\n|turn|23\n|inactive|UrSheerForce has 120 seconds left.\n|inactive|low ladder leg has 120 seconds left.\n|\n|t:|1700240959\n|move|p2a: Samurott|Ceaseless Edge|p1a: Arctic Emperor\n|-damage|p1a: Arctic Emperor|0 fnt\n|-sidestart|p1: UrSheerForce|Spikes\n|faint|p1a: Arctic Emperor\n|\n|upkeep\n|\n|t:|1700240962\n|switch|p1a: Navigator|Dragonite, F|100\/100\n|turn|24\n|inactive|low ladder leg has 120 seconds left.\n|\n|t:|1700240978\n|-terastallize|p1a: Navigator|Normal\n|move|p1a: Navigator|Extreme Speed|p2a: Samurott\n|-damage|p2a: Samurott|0 fnt\n|faint|p2a: Samurott\n|\n|upkeep\n|inactive|low ladder leg has 120 seconds left.\n|\n|t:|1700240989\n|switch|p2a: Zamazenta|Zamazenta|100\/100\n|-ability|p2a: Zamazenta|Dauntless Shield|boost\n|-boost|p2a: Zamazenta|def|1\n|turn|25\n|\n|t:|1700240993\n|switch|p1a: Mojo Jojo|Munkidori, M|100\/100\n|-damage|p1a: Mojo Jojo|88\/100|[from] Spikes\n|move|p2a: Zamazenta|Close Combat|p1a: Mojo Jojo\n|-resisted|p1a: Mojo Jojo\n|-damage|p1a: Mojo Jojo|65\/100\n|-unboost|p2a: Zamazenta|def|1\n|-unboost|p2a: Zamazenta|spd|1\n|\n|upkeep\n|turn|26\n|\n|t:|1700241005\n|switch|p2a: Slowking|Slowking-Galar, M|73\/100\n|-damage|p2a: Slowking|61\/100|[from] Stealth Rock\n|move|p1a: Mojo Jojo|U-turn|p2a: Slowking\n|-damage|p2a: Slowking|48\/100\n|\n|t:|1700241014\n|switch|p1a: Donphan-Therian|Great Tusk|74\/100|[from] U-turn\n|-damage|p1a: Donphan-Therian|62\/100|[from] Spikes\n|\n|upkeep\n|turn|27\n|\n|t:|1700241017\n|switch|p2a: Zapdos|Zapdos|100\/100\n|move|p1a: Donphan-Therian|Rapid Spin|p2a: Zapdos\n|-damage|p2a: Zapdos|88\/100\n|-boost|p1a: Donphan-Therian|spe|1\n|-sideend|p1: UrSheerForce|Spikes|[from] move: Rapid Spin|[of] p1a: Donphan-Therian\n|\n|upkeep\n|turn|28\n|\n|t:|1700241021\n|move|p1a: Donphan-Therian|Ice Spinner|p2a: Zapdos\n|-supereffective|p2a: Zapdos\n|-damage|p2a: Zapdos|56\/100\n|move|p2a: Zapdos|Hurricane|p1a: Donphan-Therian|[miss]\n|-miss|p2a: Zapdos|p1a: Donphan-Therian\n|\n|upkeep\n|turn|29\n|\n|t:|1700241025\n|-end|p1a: Donphan-Therian|Protosynthesis|[silent]\n|switch|p1a: Certified Eater|Muk-Alola, F|69\/100\n|move|p2a: Zapdos|Roost|p2a: Zapdos\n|-heal|p2a: Zapdos|100\/100\n|-singleturn|p2a: Zapdos|move: Roost\n|\n|-heal|p1a: Certified Eater|75\/100|[from] item: Black Sludge\n|upkeep\n|turn|30\n|\n|t:|1700241039\n|move|p1a: Certified Eater|Protect|p1a: Certified Eater\n|-singleturn|p1a: Certified Eater|Protect\n|move|p2a: Zapdos|U-turn|p1a: Certified Eater\n|-activate|p1a: Certified Eater|move: Protect\n|\n|-heal|p1a: Certified Eater|81\/100|[from] item: Black Sludge\n|upkeep\n|turn|31\n|\n|t:|1700241043\n|move|p2a: Zapdos|U-turn|p1a: Certified Eater\n|-damage|p1a: Certified Eater|67\/100\n|\n|t:|1700241047\n|switch|p2a: Zamazenta|Zamazenta|100\/100|[from] U-turn\n|move|p1a: Certified Eater|Knock Off|p2a: Zamazenta\n|-resisted|p2a: Zamazenta\n|-damage|p2a: Zamazenta|84\/100\n|-status|p2a: Zamazenta|psn|[from] ability: Poison Touch|[of] p1a: Certified Eater\n|-enditem|p2a: Zamazenta|Heavy-Duty Boots|[from] move: Knock Off|[of] p1a: Certified Eater\n|\n|-heal|p1a: Certified Eater|73\/100|[from] item: Black Sludge\n|-damage|p2a: Zamazenta|72\/100 psn|[from] psn\n|upkeep\n|turn|32\n|\n|t:|1700241051\n|move|p1a: Certified Eater|Protect|p1a: Certified Eater\n|-singleturn|p1a: Certified Eater|Protect\n|move|p2a: Zamazenta|Close Combat|p1a: Certified Eater\n|-activate|p1a: Certified Eater|move: Protect\n|\n|-heal|p1a: Certified Eater|79\/100|[from] item: Black Sludge\n|-damage|p2a: Zamazenta|60\/100 psn|[from] psn\n|upkeep\n|turn|33\n|\n|t:|1700241058\n|switch|p1a: Donphan-Therian|Great Tusk|62\/100\n|move|p2a: Zamazenta|Close Combat|p1a: Donphan-Therian\n|-damage|p1a: Donphan-Therian|36\/100\n|-unboost|p2a: Zamazenta|def|1\n|-unboost|p2a: Zamazenta|spd|1\n|-damage|p2a: Zamazenta|43\/100 psn|[from] item: Rocky Helmet|[of] p1a: Donphan-Therian\n|\n|-damage|p2a: Zamazenta|31\/100 psn|[from] psn\n|upkeep\n|turn|34\n|\n|t:|1700241064\n|move|p2a: Zamazenta|Close Combat|p1a: Donphan-Therian\n|-damage|p1a: Donphan-Therian|8\/100\n|-unboost|p2a: Zamazenta|def|1\n|-unboost|p2a: Zamazenta|spd|1\n|-damage|p2a: Zamazenta|14\/100 psn|[from] item: Rocky Helmet|[of] p1a: Donphan-Therian\n|move|p1a: Donphan-Therian|Ice Spinner|p2a: Zamazenta\n|-damage|p2a: Zamazenta|0 fnt\n|faint|p2a: Zamazenta\n|\n|upkeep\n|\n|t:|1700241069\n|switch|p2a: Meowscarada|Meowscarada, M|100\/100\n|turn|35\n|\n|t:|1700241089\n|move|p2a: Meowscarada|Flower Trick|p1a: Donphan-Therian\n|-supereffective|p1a: Donphan-Therian\n|-crit|p1a: Donphan-Therian\n|-damage|p1a: Donphan-Therian|0 fnt\n|faint|p1a: Donphan-Therian\n|-end|p1a: Donphan-Therian|Protosynthesis|[silent]\n|\n|upkeep\n|inactive|UrSheerForce has 120 seconds left.\n|\n|t:|1700241117\n|switch|p1a: Nature\u2019s Nuke|Rillaboom, F, shiny|100\/100\n|-fieldstart|move: Grassy Terrain|[from] ability: Grassy Surge|[of] p1a: Nature\u2019s Nuke\n|turn|36\n|\n|t:|1700241122\n|move|p2a: Meowscarada|U-turn|p1a: Nature\u2019s Nuke\n|-supereffective|p1a: Nature\u2019s Nuke\n|-damage|p1a: Nature\u2019s Nuke|55\/100\n|\n|t:|1700241124\n|switch|p2a: Zapdos|Zapdos|100\/100|[from] U-turn\n|move|p1a: Nature\u2019s Nuke|Knock Off|p2a: Zapdos\n|-damage|p2a: Zapdos|74\/100\n|-enditem|p2a: Zapdos|Heavy-Duty Boots|[from] move: Knock Off|[of] p1a: Nature\u2019s Nuke\n|\n|-heal|p1a: Nature\u2019s Nuke|61\/100|[from] Grassy Terrain\n|upkeep\n|turn|37\n|\n|t:|1700241134\n|switch|p1a: Mojo Jojo|Munkidori, M|65\/100\n|move|p2a: Zapdos|Hurricane|p1a: Mojo Jojo\n|-damage|p1a: Mojo Jojo|10\/100\n|\n|-heal|p1a: Mojo Jojo|16\/100|[from] Grassy Terrain\n|upkeep\n|turn|38\n|\n|t:|1700241142\n|move|p1a: Mojo Jojo|U-turn|p2a: Zapdos\n|-resisted|p2a: Zapdos\n|-damage|p2a: Zapdos|69\/100\n|\n|t:|1700241145\n|switch|p1a: Certified Eater|Muk-Alola, F|79\/100|[from] U-turn\n|move|p2a: Zapdos|U-turn|p1a: Certified Eater\n|-damage|p1a: Certified Eater|65\/100\n|\n|t:|1700241162\n|switch|p2a: Slowking|Slowking-Galar, M|82\/100|[from] U-turn\n|-damage|p2a: Slowking|69\/100|[from] Stealth Rock\n|\n|-heal|p1a: Certified Eater|71\/100|[from] Grassy Terrain\n|-heal|p1a: Certified Eater|77\/100|[from] item: Black Sludge\n|-heal|p2a: Slowking|75\/100|[from] Grassy Terrain\n|upkeep\n|turn|39\n|\n|t:|1700241167\n|move|p1a: Certified Eater|Knock Off|p2a: Slowking\n|-supereffective|p2a: Slowking\n|-damage|p2a: Slowking|26\/100\n|move|p2a: Slowking|Chilly Reception|p2a: Slowking\n|-weather|Snow\n|\n|t:|1700241170\n|switch|p2a: Zapdos|Zapdos|69\/100|[from] Chilly Reception\n|-damage|p2a: Zapdos|45\/100|[from] Stealth Rock\n|\n|-weather|Snow|[upkeep]\n|-heal|p1a: Certified Eater|84\/100|[from] Grassy Terrain\n|-heal|p1a: Certified Eater|90\/100|[from] item: Black Sludge\n|upkeep\n|turn|40\n|\n|t:|1700241180\n|move|p2a: Zapdos|Roost|p2a: Zapdos\n|-heal|p2a: Zapdos|95\/100\n|-singleturn|p2a: Zapdos|move: Roost\n|move|p1a: Certified Eater|Poison Jab|p2a: Zapdos\n|-damage|p2a: Zapdos|72\/100\n|-status|p2a: Zapdos|psn\n|\n|-weather|Snow|[upkeep]\n|-heal|p2a: Zapdos|78\/100 psn|[from] Grassy Terrain\n|-heal|p1a: Certified Eater|96\/100|[from] Grassy Terrain\n|-heal|p1a: Certified Eater|100\/100|[from] item: Black Sludge\n|-damage|p2a: Zapdos|66\/100 psn|[from] psn\n|-fieldend|move: Grassy Terrain\n|upkeep\n|turn|41\n|\n|t:|1700241199\n|move|p2a: Zapdos|Discharge|p1a: Certified Eater\n|-damage|p1a: Certified Eater|80\/100\n|move|p1a: Certified Eater|Poison Jab|p2a: Zapdos\n|-damage|p2a: Zapdos|42\/100 psn\n|\n|-weather|Snow|[upkeep]\n|-heal|p1a: Certified Eater|86\/100|[from] item: Black Sludge\n|-damage|p2a: Zapdos|30\/100 psn|[from] psn\n|upkeep\n|turn|42\n|-message|low ladder leg forfeited.\n|\n|win|UrSheerForce\n|raw|UrSheerForce's rating: 1609 &rarr; <strong>1626<\/strong><br \/>(+17 for winning)\n|raw|low ladder leg's rating: 1552 &rarr; <strong>1535<\/strong><br \/>(-17 for losing)\n|l|\u2606low ladder leg\n","uploadtime":1700241223,"views":15,"p1id":"ursheerforce","p2id":"lowladderleg","formatid":"gen9ou","rating":1535,"private":0,"password":""}