{"id":"gen9ou-1992610508","p1":"keythx","p2":"air force wans","format":"[Gen 9] OU","log":"|j|\u2606keythx\n|j|\u2606air force wans\n|t:|1700214337\n|gametype|singles\n|player|p1|keythx|scientist-gen4|1318\n|player|p2|air force wans|unknown|1409\n|teamsize|p1|6\n|teamsize|p2|6\n|gen|9\n|tier|[Gen 9] OU\n|rated|\n|rule|Sleep Clause Mod: Limit one foe put to sleep\n|rule|Species Clause: Limit one of each Pok\u00e9mon\n|rule|OHKO Clause: OHKO moves are banned\n|rule|Evasion Items Clause: Evasion items are banned\n|rule|Evasion Moves Clause: Evasion moves are banned\n|rule|Endless Battle Clause: Forcing endless battles is banned\n|rule|HP Percentage Mod: HP is shown in percentages\n|clearpoke\n|poke|p1|Gholdengo|\n|poke|p1|Great Tusk|\n|poke|p1|Heatran, M|\n|poke|p1|Walking Wake|\n|poke|p1|Manaphy|\n|poke|p1|Ogerpon-Wellspring, F|\n|poke|p2|Rillaboom, F|\n|poke|p2|Empoleon, M|\n|poke|p2|Enamorus, F|\n|poke|p2|Sneasler, M|\n|poke|p2|Hawlucha, M|\n|poke|p2|Heatran, F|\n|teampreview\n|inactive|Battle timer is ON: inactive players will automatically lose when time's up. (requested by keythx)\n|\n|t:|1700214363\n|start\n|switch|p1a: Manaphy|Manaphy|100\/100\n|switch|p2a: Rillaboom|Rillaboom, F|100\/100\n|-fieldstart|move: Grassy Terrain|[from] ability: Grassy Surge|[of] p2a: Rillaboom\n|turn|1\n|\n|t:|1700214382\n|-terastallize|p1a: Manaphy|Poison\n|move|p1a: Manaphy|Take Heart|p1a: Manaphy\n|-boost|p1a: Manaphy|spa|1\n|-boost|p1a: Manaphy|spd|1\n|move|p2a: Rillaboom|U-turn|p1a: Manaphy\n|-resisted|p1a: Manaphy\n|-damage|p1a: Manaphy|88\/100\n|\n|t:|1700214386\n|switch|p2a: Hawlucha|Hawlucha, M|100\/100|[from] U-turn\n|-enditem|p2a: Hawlucha|Grassy Seed\n|-boost|p2a: Hawlucha|def|1|[from] item: Grassy Seed\n|\n|-heal|p1a: Manaphy|94\/100|[from] Grassy Terrain\n|-heal|p1a: Manaphy|99\/100|[from] item: Leftovers\n|upkeep\n|turn|2\n|\n|t:|1700214391\n|move|p2a: Hawlucha|Encore|p1a: Manaphy\n|-start|p1a: Manaphy|Encore\n|move|p1a: Manaphy|Take Heart|p1a: Manaphy\n|-boost|p1a: Manaphy|spa|1\n|-boost|p1a: Manaphy|spd|1\n|\n|-heal|p1a: Manaphy|100\/100|[from] Grassy Terrain\n|upkeep\n|turn|3\n|\n|t:|1700214402\n|move|p2a: Hawlucha|Swords Dance|p2a: Hawlucha\n|-boost|p2a: Hawlucha|atk|2\n|move|p1a: Manaphy|Take Heart|p1a: Manaphy\n|-boost|p1a: Manaphy|spa|1\n|-boost|p1a: Manaphy|spd|1\n|\n|upkeep\n|turn|4\n|\n|t:|1700214404\n|move|p2a: Hawlucha|Swords Dance|p2a: Hawlucha\n|-boost|p2a: Hawlucha|atk|2\n|move|p1a: Manaphy|Take Heart|p1a: Manaphy\n|-boost|p1a: Manaphy|spa|1\n|-boost|p1a: Manaphy|spd|1\n|\n|-end|p1a: Manaphy|Encore\n|upkeep\n|turn|5\n|\n|t:|1700214408\n|move|p2a: Hawlucha|Encore|p1a: Manaphy\n|-start|p1a: Manaphy|Encore\n|move|p1a: Manaphy|Take Heart|p1a: Manaphy\n|-boost|p1a: Manaphy|spa|1\n|-boost|p1a: Manaphy|spd|1\n|\n|-fieldend|move: Grassy Terrain\n|upkeep\n|turn|6\n|\n|t:|1700214412\n|switch|p1a: Gholdengo|Gholdengo|100\/100\n|move|p2a: Hawlucha|Swords Dance|p2a: Hawlucha\n|-boost|p2a: Hawlucha|atk|2\n|\n|upkeep\n|turn|7\n|\n|t:|1700214416\n|-terastallize|p2a: Hawlucha|Flying\n|move|p2a: Hawlucha|Acrobatics|p1a: Gholdengo\n|-resisted|p1a: Gholdengo\n|-crit|p1a: Gholdengo\n|-damage|p1a: Gholdengo|0 fnt\n|faint|p1a: Gholdengo\n|\n|upkeep\n|-message|keythx forfeited.\n|\n|win|air force wans\n|raw|keythx's rating: 1318 &rarr; <strong>1303<\/strong><br \/>(-15 for losing)\n|raw|air force wans's rating: 1409 &rarr; <strong>1424<\/strong><br \/>(+15 for winning)\n|l|\u2606keythx\n","uploadtime":1700214435,"views":38,"p1id":"keythx","p2id":"airforcewans","formatid":"gen9ou","rating":1303,"private":0,"password":""}