{"id":"gen9ou-1994881461","p1":"Tiranito","p2":"Ghoulish champ","format":"[Gen 9] OU","log":"|j|\u2606Tiranito\n|j|\u2606Ghoulish champ\n|t:|1700501301\n|gametype|singles\n|player|p1|Tiranito|winona|1462\n|player|p2|Ghoulish champ|allister|1522\n|teamsize|p1|6\n|teamsize|p2|6\n|gen|9\n|tier|[Gen 9] OU\n|rated|\n|rule|Sleep Clause Mod: Limit one foe put to sleep\n|rule|Species Clause: Limit one of each Pok\u00e9mon\n|rule|OHKO Clause: OHKO moves are banned\n|rule|Evasion Items Clause: Evasion items are banned\n|rule|Evasion Moves Clause: Evasion moves are banned\n|rule|Endless Battle Clause: Forcing endless battles is banned\n|rule|HP Percentage Mod: HP is shown in percentages\n|clearpoke\n|poke|p1|Quagsire, F|\n|poke|p1|Corviknight, M|\n|poke|p1|Skeledirge, F|\n|poke|p1|Rotom-Wash|\n|poke|p1|Enamorus-Therian, F|\n|poke|p1|Kingambit, F|\n|poke|p2|Glimmora, M|\n|poke|p2|Iron Valiant|\n|poke|p2|Iron Moth|\n|poke|p2|Zamazenta-*|\n|poke|p2|Greninja-*, M|\n|poke|p2|Kingambit, M|\n|teampreview\n|inactive|Battle timer is ON: inactive players will automatically lose when time's up. (requested by Ghoulish champ)\n|inactive|Tiranito also wants the timer to be on.\n|\n|t:|1700501319\n|start\n|switch|p1a: Rotom|Rotom-Wash|100\/100\n|switch|p2a: Glimmora|Glimmora, M|100\/100\n|turn|1\n|\n|t:|1700501325\n|move|p1a: Rotom|Volt Switch|p2a: Glimmora\n|-damage|p2a: Glimmora|54\/100\n|\n|t:|1700501328\n|switch|p1a: Corviknight|Corviknight, M|100\/100|[from] Volt Switch\n|-ability|p1a: Corviknight|Pressure\n|move|p2a: Glimmora|Stealth Rock|p1a: Corviknight\n|-sidestart|p1: Tiranito|move: Stealth Rock\n|\n|upkeep\n|turn|2\n|inactive|Ghoulish champ has 120 seconds left.\n|\n|t:|1700501361\n|switch|p2a: Iron Moth|Iron Moth|100\/100\n|-enditem|p2a: Iron Moth|Booster Energy\n|-activate|p2a: Iron Moth|ability: Quark Drive|[fromitem]\n|-start|p2a: Iron Moth|quarkdrivespe\n|move|p1a: Corviknight|Defog|p2a: Iron Moth\n|-unboost|p2a: Iron Moth|evasion|1\n|-sideend|p1: Tiranito|Stealth Rock|[from] move: Defog|[of] p1a: Corviknight\n|\n|upkeep\n|turn|3\n|\n|t:|1700501370\n|move|p2a: Iron Moth|Fiery Dance|p1a: Corviknight\n|-supereffective|p1a: Corviknight\n|-damage|p1a: Corviknight|37\/100\n|move|p1a: Corviknight|U-turn|p2a: Iron Moth\n|-resisted|p2a: Iron Moth\n|-damage|p2a: Iron Moth|95\/100\n|\n|t:|1700501375\n|switch|p1a: Skeledirge|Skeledirge, F|100\/100|[from] U-turn\n|\n|upkeep\n|turn|4\n|inactive|Ghoulish champ has 120 seconds left.\n|\n|t:|1700501404\n|-end|p2a: Iron Moth|Quark Drive|[silent]\n|switch|p2a: Glimmora|Glimmora, M|54\/100\n|move|p1a: Skeledirge|Shadow Ball|p2a: Glimmora\n|-damage|p2a: Glimmora|8\/100\n|\n|upkeep\n|turn|5\n|inactive|Ghoulish champ has 120 seconds left.\n|\n|t:|1700501412\n|move|p2a: Glimmora|Earth Power|p1a: Skeledirge\n|-supereffective|p1a: Skeledirge\n|-damage|p1a: Skeledirge|36\/100\n|move|p1a: Skeledirge|Shadow Ball|p2a: Glimmora\n|-damage|p2a: Glimmora|0 fnt\n|faint|p2a: Glimmora\n|\n|upkeep\n|inactive|Ghoulish champ has 120 seconds left.\n|\n|t:|1700501423\n|switch|p2a: Greninja|Greninja, M|100\/100\n|turn|6\n|inactive|Ghoulish champ has 120 seconds left.\n|\n|t:|1700501429\n|switch|p1a: Kingambit|Kingambit, F|100\/100\n|move|p2a: Greninja|Dark Pulse|p1a: Kingambit\n|-resisted|p1a: Kingambit\n|-damage|p1a: Kingambit|78\/100\n|-damage|p2a: Greninja|91\/100|[from] item: Life Orb\n|\n|upkeep\n|turn|7\n|inactive|Ghoulish champ has 120 seconds left.\n|\n|t:|1700501441\n|switch|p2a: Zamazenta|Zamazenta|100\/100\n|-ability|p2a: Zamazenta|Dauntless Shield|boost\n|-boost|p2a: Zamazenta|def|1\n|-end|p1a: Kingambit|fallenundefined|[silent]\n|switch|p1a: Rotom|Rotom-Wash|100\/100\n|\n|upkeep\n|turn|8\n|inactive|Ghoulish champ has 120 seconds left.\n|\n|t:|1700501454\n|switch|p2a: Iron Moth|Iron Moth|95\/100\n|move|p1a: Rotom|Trick|p2a: Iron Moth\n|-activate|p1a: Rotom|move: Trick|[of] p2a: Iron Moth\n|-item|p2a: Iron Moth|Choice Scarf|[from] move: Trick\n|-enditem|p1a: Rotom|Choice Scarf|[silent]|[from] move: Trick\n|\n|upkeep\n|turn|9\n|inactive|Ghoulish champ has 120 seconds left.\n|\n|t:|1700501469\n|move|p2a: Iron Moth|Fiery Dance|p1a: Rotom\n|-resisted|p1a: Rotom\n|-damage|p1a: Rotom|75\/100\n|-boost|p2a: Iron Moth|spa|1\n|move|p1a: Rotom|Hydro Pump|p2a: Iron Moth\n|-supereffective|p2a: Iron Moth\n|-damage|p2a: Iron Moth|0 fnt\n|faint|p2a: Iron Moth\n|-end|p2a: Iron Moth|Quark Drive|[silent]\n|\n|upkeep\n|inactive|Ghoulish champ has 120 seconds left.\n|\n|t:|1700501488\n|switch|p2a: Iron Valiant|Iron Valiant|100\/100\n|-enditem|p2a: Iron Valiant|Booster Energy\n|-activate|p2a: Iron Valiant|ability: Quark Drive|[fromitem]\n|-start|p2a: Iron Valiant|quarkdrivespe\n|turn|10\n|\n|t:|1700501495\n|move|p2a: Iron Valiant|Calm Mind|p2a: Iron Valiant\n|-boost|p2a: Iron Valiant|spa|1\n|-boost|p2a: Iron Valiant|spd|1\n|move|p1a: Rotom|Volt Switch|p2a: Iron Valiant\n|-damage|p2a: Iron Valiant|60\/100\n|\n|t:|1700501497\n|switch|p1a: Quagsire|Quagsire, F|100\/100|[from] Volt Switch\n|\n|upkeep\n|turn|11\n|\n|t:|1700501505\n|move|p2a: Iron Valiant|Moonblast|p1a: Quagsire\n|-damage|p1a: Quagsire|61\/100\n|-unboost|p1a: Quagsire|spa|1\n|move|p1a: Quagsire|Toxic|p2a: Iron Valiant\n|-status|p2a: Iron Valiant|tox\n|\n|-heal|p1a: Quagsire|68\/100|[from] item: Leftovers\n|-damage|p2a: Iron Valiant|54\/100 tox|[from] psn\n|upkeep\n|turn|12\n|\n|t:|1700501512\n|move|p2a: Iron Valiant|Psyshock|p1a: Quagsire\n|-crit|p1a: Quagsire\n|-damage|p1a: Quagsire|25\/100\n|move|p1a: Quagsire|Recover|p1a: Quagsire\n|-heal|p1a: Quagsire|75\/100\n|\n|-heal|p1a: Quagsire|81\/100|[from] item: Leftovers\n|-damage|p2a: Iron Valiant|41\/100 tox|[from] psn\n|upkeep\n|turn|13\n|\n|t:|1700501520\n|move|p2a: Iron Valiant|Moonblast|p1a: Quagsire\n|-damage|p1a: Quagsire|43\/100\n|move|p1a: Quagsire|Recover|p1a: Quagsire\n|-heal|p1a: Quagsire|93\/100\n|\n|-heal|p1a: Quagsire|99\/100|[from] item: Leftovers\n|-damage|p2a: Iron Valiant|23\/100 tox|[from] psn\n|upkeep\n|turn|14\n|\n|t:|1700501528\n|move|p2a: Iron Valiant|Moonblast|p1a: Quagsire\n|-damage|p1a: Quagsire|58\/100\n|move|p1a: Quagsire|Recover|p1a: Quagsire\n|-heal|p1a: Quagsire|100\/100\n|\n|-damage|p2a: Iron Valiant|0 fnt|[from] psn\n|faint|p2a: Iron Valiant\n|-end|p2a: Iron Valiant|Quark Drive|[silent]\n|upkeep\n|\n|t:|1700501536\n|switch|p2a: Greninja|Greninja, M|91\/100\n|turn|15\n|\n|t:|1700501541\n|move|p2a: Greninja|Dark Pulse|p1a: Quagsire\n|-damage|p1a: Quagsire|60\/100\n|-damage|p2a: Greninja|81\/100|[from] item: Life Orb\n|move|p1a: Quagsire|Toxic|p2a: Greninja\n|-status|p2a: Greninja|tox\n|\n|-heal|p1a: Quagsire|66\/100|[from] item: Leftovers\n|-damage|p2a: Greninja|75\/100 tox|[from] psn\n|upkeep\n|turn|16\n|\n|t:|1700501552\n|move|p2a: Greninja|Hydro Pump|p1a: Quagsire\n|-damage|p1a: Quagsire|10\/100\n|-damage|p2a: Greninja|65\/100 tox|[from] item: Life Orb\n|move|p1a: Quagsire|Recover|p1a: Quagsire\n|-heal|p1a: Quagsire|60\/100\n|\n|-heal|p1a: Quagsire|66\/100|[from] item: Leftovers\n|-damage|p2a: Greninja|53\/100 tox|[from] psn\n|upkeep\n|turn|17\n|\n|t:|1700501566\n|switch|p2a: Zamazenta|Zamazenta|100\/100\n|switch|p1a: Rotom|Rotom-Wash|75\/100\n|\n|upkeep\n|turn|18\n|\n|t:|1700501577\n|move|p2a: Zamazenta|Body Press|p1a: Rotom\n|-damage|p1a: Rotom|30\/100\n|move|p1a: Rotom|Trick|p2a: Zamazenta\n|-activate|p1a: Rotom|move: Trick|[of] p2a: Zamazenta\n|-enditem|p2a: Zamazenta|Leftovers|[silent]|[from] move: Trick\n|-item|p1a: Rotom|Leftovers|[from] move: Trick\n|\n|-heal|p1a: Rotom|37\/100|[from] item: Leftovers\n|upkeep\n|turn|19\n|\n|t:|1700501592\n|switch|p1a: Skeledirge|Skeledirge, F|36\/100\n|move|p2a: Zamazenta|Iron Defense|p2a: Zamazenta\n|-boost|p2a: Zamazenta|def|2\n|\n|upkeep\n|turn|20\n|\n|t:|1700501598\n|move|p2a: Zamazenta|Crunch|p1a: Skeledirge\n|-supereffective|p1a: Skeledirge\n|-damage|p1a: Skeledirge|4\/100\n|move|p1a: Skeledirge|Slack Off|p1a: Skeledirge\n|-heal|p1a: Skeledirge|54\/100\n|\n|upkeep\n|turn|21\n|\n|t:|1700501607\n|move|p2a: Zamazenta|Stone Edge|p1a: Skeledirge\n|-supereffective|p1a: Skeledirge\n|-damage|p1a: Skeledirge|12\/100\n|move|p1a: Skeledirge|Slack Off|p1a: Skeledirge\n|-heal|p1a: Skeledirge|63\/100\n|\n|upkeep\n|turn|22\n|\n|t:|1700501630\n|-terastallize|p2a: Zamazenta|Fire\n|move|p2a: Zamazenta|Crunch|p1a: Skeledirge\n|-supereffective|p1a: Skeledirge\n|-damage|p1a: Skeledirge|32\/100\n|move|p1a: Skeledirge|Torch Song|p2a: Zamazenta\n|-resisted|p2a: Zamazenta\n|-damage|p2a: Zamazenta|87\/100\n|-boost|p1a: Skeledirge|spa|1\n|\n|upkeep\n|turn|23\n|\n|t:|1700501640\n|move|p2a: Zamazenta|Stone Edge|p1a: Skeledirge|[miss]\n|-miss|p2a: Zamazenta|p1a: Skeledirge\n|move|p1a: Skeledirge|Slack Off|p1a: Skeledirge\n|-heal|p1a: Skeledirge|82\/100\n|\n|upkeep\n|turn|24\n|\n|t:|1700501646\n|move|p2a: Zamazenta|Crunch|p1a: Skeledirge\n|-supereffective|p1a: Skeledirge\n|-damage|p1a: Skeledirge|54\/100\n|move|p1a: Skeledirge|Shadow Ball|p2a: Zamazenta\n|-damage|p2a: Zamazenta|47\/100\n|\n|upkeep\n|turn|25\n|\n|t:|1700501655\n|move|p2a: Zamazenta|Crunch|p1a: Skeledirge\n|-supereffective|p1a: Skeledirge\n|-damage|p1a: Skeledirge|22\/100\n|move|p1a: Skeledirge|Slack Off|p1a: Skeledirge\n|-heal|p1a: Skeledirge|72\/100\n|\n|upkeep\n|turn|26\n|\n|t:|1700501662\n|move|p2a: Zamazenta|Crunch|p1a: Skeledirge\n|-supereffective|p1a: Skeledirge\n|-damage|p1a: Skeledirge|42\/100\n|move|p1a: Skeledirge|Slack Off|p1a: Skeledirge\n|-heal|p1a: Skeledirge|92\/100\n|\n|upkeep\n|turn|27\n|\n|t:|1700501668\n|move|p2a: Zamazenta|Crunch|p1a: Skeledirge\n|-supereffective|p1a: Skeledirge\n|-damage|p1a: Skeledirge|60\/100\n|move|p1a: Skeledirge|Shadow Ball|p2a: Zamazenta\n|-damage|p2a: Zamazenta|1\/100\n|\n|upkeep\n|turn|28\n|\n|t:|1700501676\n|move|p2a: Zamazenta|Stone Edge|p1a: Skeledirge\n|-supereffective|p1a: Skeledirge\n|-damage|p1a: Skeledirge|19\/100\n|move|p1a: Skeledirge|Shadow Ball|p2a: Zamazenta\n|-damage|p2a: Zamazenta|0 fnt\n|faint|p2a: Zamazenta\n|\n|upkeep\n|\n|t:|1700501683\n|switch|p2a: Greninja|Greninja, M|53\/100 tox\n|turn|29\n|\n|t:|1700501690\n|switch|p1a: Rotom|Rotom-Wash|37\/100\n|move|p2a: Greninja|Dark Pulse|p1a: Rotom\n|-damage|p1a: Rotom|0 fnt\n|faint|p1a: Rotom\n|-ability|p2a: Greninja|Battle Bond|boost\n|-boost|p2a: Greninja|atk|1\n|-boost|p2a: Greninja|spa|1\n|-boost|p2a: Greninja|spe|1\n|-activate|p2a: Greninja|ability: Battle Bond\n|-damage|p2a: Greninja|43\/100 tox|[from] item: Life Orb\n|\n|-damage|p2a: Greninja|37\/100 tox|[from] psn\n|upkeep\n|\n|t:|1700501695\n|switch|p1a: Quagsire|Quagsire, F|66\/100\n|turn|30\n|\n|t:|1700501702\n|move|p2a: Greninja|Hydro Pump|p1a: Quagsire\n|-damage|p1a: Quagsire|16\/100\n|-damage|p2a: Greninja|28\/100 tox|[from] item: Life Orb\n|move|p1a: Quagsire|Recover|p1a: Quagsire\n|-heal|p1a: Quagsire|66\/100\n|\n|-heal|p1a: Quagsire|72\/100|[from] item: Leftovers\n|-damage|p2a: Greninja|16\/100 tox|[from] psn\n|upkeep\n|turn|31\n|\n|t:|1700501709\n|move|p2a: Greninja|Ice Beam|p1a: Quagsire\n|-damage|p1a: Quagsire|44\/100\n|-status|p1a: Quagsire|frz\n|-damage|p2a: Greninja|6\/100 tox|[from] item: Life Orb\n|cant|p1a: Quagsire|frz\n|\n|-heal|p1a: Quagsire|50\/100 frz|[from] item: Leftovers\n|-damage|p2a: Greninja|0 fnt|[from] psn\n|faint|p2a: Greninja\n|upkeep\n|\n|t:|1700501717\n|switch|p2a: Kingambit|Kingambit, M|100\/100\n|-activate|p2a: Kingambit|ability: Supreme Overlord\n|-start|p2a: Kingambit|fallen5|[silent]\n|turn|32\n|\n|t:|1700501724\n|move|p2a: Kingambit|Swords Dance|p2a: Kingambit\n|-boost|p2a: Kingambit|atk|2\n|cant|p1a: Quagsire|frz\n|\n|-heal|p1a: Quagsire|56\/100 frz|[from] item: Leftovers\n|upkeep\n|turn|33\n|\n|t:|1700501744\n|move|p2a: Kingambit|Kowtow Cleave|p1a: Quagsire\n|-damage|p1a: Quagsire|0 fnt\n|faint|p1a: Quagsire\n|\n|upkeep\n|\n|t:|1700501767\n|switch|p1a: Kingambit|Kingambit, F|78\/100\n|-activate|p1a: Kingambit|ability: Supreme Overlord\n|-start|p1a: Kingambit|fallen2|[silent]\n|turn|34\n|\n|t:|1700501772\n|move|p2a: Kingambit|Kowtow Cleave|p1a: Kingambit\n|-resisted|p1a: Kingambit\n|-damage|p1a: Kingambit|25\/100\n|move|p1a: Kingambit|Iron Head|p2a: Kingambit\n|-resisted|p2a: Kingambit\n|-crit|p2a: Kingambit\n|-damage|p2a: Kingambit|65\/100\n|\n|upkeep\n|turn|35\n|\n|t:|1700501781\n|move|p1a: Kingambit|Sucker Punch|p2a: Kingambit\n|-resisted|p2a: Kingambit\n|-damage|p2a: Kingambit|44\/100\n|move|p2a: Kingambit|Kowtow Cleave|p1a: Kingambit\n|-resisted|p1a: Kingambit\n|-damage|p1a: Kingambit|0 fnt\n|faint|p1a: Kingambit\n|-end|p1a: Kingambit|fallen2|[silent]\n|\n|upkeep\n|\n|t:|1700501789\n|switch|p1a: Corviknight|Corviknight, M|37\/100\n|-ability|p1a: Corviknight|Pressure\n|turn|36\n|\n|t:|1700501798\n|move|p2a: Kingambit|Kowtow Cleave|p1a: Corviknight\n|-damage|p1a: Corviknight|0 fnt\n|-damage|p2a: Kingambit|28\/100|[from] item: Rocky Helmet|[of] p1a: Corviknight\n|faint|p1a: Corviknight\n|\n|upkeep\n|\n|t:|1700501805\n|switch|p1a: Enamorus|Enamorus-Therian, F|100\/100\n|turn|37\n|\n|t:|1700501809\n|-terastallize|p1a: Enamorus|Steel\n|move|p2a: Kingambit|Iron Head|p1a: Enamorus\n|-resisted|p1a: Enamorus\n|-damage|p1a: Enamorus|34\/100\n|cant|p1a: Enamorus|flinch\n|\n|-heal|p1a: Enamorus|40\/100|[from] item: Leftovers\n|upkeep\n|turn|38\n|\n|t:|1700501818\n|move|p2a: Kingambit|Kowtow Cleave|p1a: Enamorus\n|-damage|p1a: Enamorus|0 fnt\n|faint|p1a: Enamorus\n|\n|upkeep\n|\n|t:|1700501820\n|switch|p1a: Skeledirge|Skeledirge, F|19\/100\n|turn|39\n|\n|t:|1700501825\n|move|p2a: Kingambit|Kowtow Cleave|p1a: Skeledirge\n|-supereffective|p1a: Skeledirge\n|-damage|p1a: Skeledirge|0 fnt\n|faint|p1a: Skeledirge\n|\n|win|Ghoulish champ\n|raw|Tiranito's rating: 1462 &rarr; <strong>1445<\/strong><br \/>(-17 for losing)\n|raw|Ghoulish champ's rating: 1522 &rarr; <strong>1539<\/strong><br \/>(+17 for winning)\n|l|\u2606Tiranito\n","uploadtime":1700501834,"views":61,"p1id":"tiranito","p2id":"ghoulishchamp","formatid":"gen9ou","rating":1445,"private":0,"password":""}