{"id":"gen9ou-1993518902","p1":"Crystal December","p2":"VanhominTesting","format":"[Gen 9] OU","log":"|j|\u2606Crystal December\n|j|\u2606VanhominTesting\n|t:|1700327312\n|gametype|singles\n|player|p1|Crystal December|emmet|1072\n|player|p2|VanhominTesting|scientist-gen4|1089\n|teamsize|p1|6\n|teamsize|p2|6\n|gen|9\n|tier|[Gen 9] OU\n|rated|\n|rule|Sleep Clause Mod: Limit one foe put to sleep\n|rule|Species Clause: Limit one of each Pok\u00e9mon\n|rule|OHKO Clause: OHKO moves are banned\n|rule|Evasion Items Clause: Evasion items are banned\n|rule|Evasion Moves Clause: Evasion moves are banned\n|rule|Endless Battle Clause: Forcing endless battles is banned\n|rule|HP Percentage Mod: HP is shown in percentages\n|clearpoke\n|poke|p1|Dragapult, F|\n|poke|p1|Sandy Shocks|\n|poke|p1|Rotom-Wash|\n|poke|p1|Kingambit, F|\n|poke|p1|Cinderace, M|\n|poke|p1|Great Tusk|\n|poke|p2|Ninetales-Alola, F|\n|poke|p2|Zapdos|\n|poke|p2|Garganacl, M|\n|poke|p2|Ursaluna, F|\n|poke|p2|Toxapex, F|\n|poke|p2|Ditto|\n|teampreview\n|l|\u2606Crystal December\n|player|p1|\n|inactive|Battle timer is ON: inactive players will automatically lose when time's up. (requested by VanhominTesting)\n|inactive|Crystal December has 30 seconds to reconnect!\n|j|\u2606Crystal December\n|inactive|Crystal December reconnected and has 120 seconds left.\n|player|p1|Crystal December|emmet\n|\n|t:|1700327393\n|start\n|switch|p1a: Kingambit|Kingambit, F|100\/100\n|switch|p2a: Zapdos|Zapdos|100\/100\n|-ability|p2a: Zapdos|Pressure\n|turn|1\n|l|\u2606Crystal December\n|inactive|Crystal December disconnected and has a minute to reconnect!\n|player|p1|\n|inactive|Crystal December has 30 seconds to reconnect!\n|inactive|VanhominTesting has 120 seconds left.\n|j|\u2606Crystal December\n|inactive|Crystal December reconnected and has 120 seconds left.\n|player|p1|Crystal December|emmet\n|\n|t:|1700327430\n|move|p2a: Zapdos|Heat Wave|p1a: Kingambit\n|-supereffective|p1a: Kingambit\n|-damage|p1a: Kingambit|37\/100\n|move|p1a: Kingambit|Swords Dance|p1a: Kingambit\n|-boost|p1a: Kingambit|atk|2\n|\n|-heal|p1a: Kingambit|43\/100|[from] item: Leftovers\n|upkeep\n|turn|2\n|inactive|Crystal December has 120 seconds left.\n|inactive|VanhominTesting has 120 seconds left.\n|\n|t:|1700327470\n|-terastallize|p1a: Kingambit|Fire\n|move|p1a: Kingambit|Sucker Punch|p2a: Zapdos\n|-damage|p2a: Zapdos|8\/100\n|move|p2a: Zapdos|Heat Wave|p1a: Kingambit\n|-resisted|p1a: Kingambit\n|-damage|p1a: Kingambit|24\/100\n|\n|-heal|p2a: Zapdos|14\/100|[from] item: Leftovers\n|-heal|p1a: Kingambit|31\/100|[from] item: Leftovers\n|upkeep\n|turn|3\n|inactive|Crystal December has 120 seconds left.\n|\n|t:|1700327483\n|move|p2a: Zapdos|Roost|p2a: Zapdos\n|-heal|p2a: Zapdos|64\/100\n|-singleturn|p2a: Zapdos|move: Roost\n|move|p1a: Kingambit|Iron Head|p2a: Zapdos\n|-resisted|p2a: Zapdos\n|-damage|p2a: Zapdos|8\/100\n|\n|-heal|p2a: Zapdos|14\/100|[from] item: Leftovers\n|-heal|p1a: Kingambit|37\/100|[from] item: Leftovers\n|upkeep\n|turn|4\n|inactive|Crystal December has 120 seconds left.\n|inactive|VanhominTesting has 90 seconds left.\n|\n|t:|1700327526\n|move|p2a: Zapdos|Thunderbolt|p1a: Kingambit\n|-damage|p1a: Kingambit|0 fnt\n|faint|p1a: Kingambit\n|-end|p1a: Kingambit|fallenundefined|[silent]\n|\n|-heal|p2a: Zapdos|20\/100|[from] item: Leftovers\n|upkeep\n|\n|t:|1700327537\n|switch|p1a: Dragapult|Dragapult, F|100\/100\n|turn|5\n|\n|t:|1700327544\n|move|p1a: Dragapult|Will-O-Wisp|p2a: Zapdos\n|-status|p2a: Zapdos|brn\n|move|p2a: Zapdos|Volt Switch|p1a: Dragapult\n|-resisted|p1a: Dragapult\n|-damage|p1a: Dragapult|77\/100\n|\n|t:|1700327554\n|switch|p2a: Ninetales|Ninetales-Alola, F|100\/100|[from] Volt Switch\n|-weather|Snow|[from] ability: Snow Warning|[of] p2a: Ninetales\n|\n|-weather|Snow|[upkeep]\n|-heal|p1a: Dragapult|83\/100|[from] item: Leftovers\n|upkeep\n|turn|6\n|\n|t:|1700327566\n|move|p1a: Dragapult|Will-O-Wisp|p2a: Ninetales\n|-status|p2a: Ninetales|brn\n|move|p2a: Ninetales|Aurora Veil|p2a: Ninetales\n|-sidestart|p2: VanhominTesting|move: Aurora Veil\n|\n|-weather|Snow|[upkeep]\n|-heal|p1a: Dragapult|89\/100|[from] item: Leftovers\n|-damage|p2a: Ninetales|95\/100 brn|[from] brn\n|upkeep\n|turn|7\n|inactive|Crystal December has 120 seconds left.\n|\n|t:|1700327585\n|switch|p1a: Rotom|Rotom-Wash|100\/100\n|move|p2a: Ninetales|Blizzard|p1a: Rotom\n|-resisted|p1a: Rotom\n|-damage|p1a: Rotom|84\/100\n|\n|-weather|Snow|[upkeep]\n|-heal|p1a: Rotom|90\/100|[from] item: Leftovers\n|-damage|p2a: Ninetales|89\/100 brn|[from] brn\n|upkeep\n|turn|8\n|inactive|Crystal December has 120 seconds left.\n|\n|t:|1700327602\n|move|p2a: Ninetales|Moonblast|p1a: Rotom\n|-damage|p1a: Rotom|60\/100\n|move|p1a: Rotom|Volt Switch|p2a: Ninetales\n|-damage|p2a: Ninetales|74\/100 brn\n|\n|t:|1700327608\n|switch|p1a: Cinderace|Cinderace, M|100\/100|[from] Volt Switch\n|\n|-weather|Snow|[upkeep]\n|-damage|p2a: Ninetales|68\/100 brn|[from] brn\n|upkeep\n|turn|9\n|inactive|Crystal December has 120 seconds left.\n|\n|t:|1700327620\n|switch|p2a: Aristotle|Toxapex, F|100\/100\n|move|p1a: Cinderace|Court Change|p1a: Cinderace\n|-swapsideconditions\n|-activate|p1a: Cinderace|move: Court Change\n|\n|-weather|none\n|upkeep\n|turn|10\n|inactive|Crystal December has 120 seconds left.\n|\n|t:|1700327630\n|move|p1a: Cinderace|Will-O-Wisp|p2a: Aristotle\n|-status|p2a: Aristotle|brn\n|move|p2a: Aristotle|Toxic|p1a: Cinderace\n|-status|p1a: Cinderace|tox\n|\n|-damage|p1a: Cinderace|94\/100 tox|[from] psn\n|-damage|p2a: Aristotle|94\/100 brn|[from] brn\n|upkeep\n|turn|11\n|inactive|Crystal December has 120 seconds left.\n|\n|t:|1700327639\n|move|p1a: Cinderace|U-turn|p2a: Aristotle\n|-resisted|p2a: Aristotle\n|-damage|p2a: Aristotle|88\/100 brn\n|inactive|Crystal December has 120 seconds left.\n|\n|t:|1700327659\n|switch|p1a: Dragapult|Dragapult, F|89\/100|[from] U-turn\n|move|p2a: Aristotle|Chilling Water|p1a: Dragapult\n|-resisted|p1a: Dragapult\n|-damage|p1a: Dragapult|86\/100\n|-unboost|p1a: Dragapult|atk|1\n|\n|-heal|p1a: Dragapult|92\/100|[from] item: Leftovers\n|-heal|p2a: Aristotle|94\/100 brn|[from] item: Black Sludge\n|-damage|p2a: Aristotle|88\/100 brn|[from] brn\n|upkeep\n|turn|12\n|\n|t:|1700327676\n|move|p1a: Dragapult|Hex|p2a: Aristotle\n|-damage|p2a: Aristotle|43\/100 brn\n|move|p2a: Aristotle|Toxic|p1a: Dragapult\n|-status|p1a: Dragapult|tox\n|\n|-heal|p1a: Dragapult|98\/100 tox|[from] item: Leftovers\n|-heal|p2a: Aristotle|49\/100 brn|[from] item: Black Sludge\n|-damage|p1a: Dragapult|92\/100 tox|[from] psn\n|-damage|p2a: Aristotle|43\/100 brn|[from] brn\n|upkeep\n|turn|13\n|\n|t:|1700327689\n|move|p2a: Aristotle|Protect|p2a: Aristotle\n|-singleturn|p2a: Aristotle|Protect\n|move|p1a: Dragapult|Hex|p2a: Aristotle\n|-activate|p2a: Aristotle|move: Protect\n|\n|-heal|p1a: Dragapult|98\/100 tox|[from] item: Leftovers\n|-heal|p2a: Aristotle|49\/100 brn|[from] item: Black Sludge\n|-damage|p1a: Dragapult|86\/100 tox|[from] psn\n|-damage|p2a: Aristotle|43\/100 brn|[from] brn\n|-sideend|p1: Crystal December|move: Aurora Veil\n|upkeep\n|turn|14\n|\n|t:|1700327700\n|switch|p2a: Makwa|Ursaluna, F|100\/100\n|move|p1a: Dragapult|Hex|p2a: Makwa\n|-immune|p2a: Makwa\n|\n|-heal|p1a: Dragapult|92\/100 tox|[from] item: Leftovers\n|-damage|p1a: Dragapult|74\/100 tox|[from] psn\n|-status|p2a: Makwa|brn|[from] item: Flame Orb\n|upkeep\n|turn|15\n|c|\u2606Crystal December|gg, I need to go\n|\n|t:|1700327714\n|move|p1a: Dragapult|Dragon Darts|p2a: Makwa\n|-damage|p2a: Makwa|91\/100 brn\n|-anim|p1a: Dragapult|Dragon Darts|p2a: Makwa\n|-damage|p2a: Makwa|81\/100 brn\n|move|p2a: Makwa|Headlong Rush|p1a: Dragapult\n|-damage|p1a: Dragapult|0 fnt\n|-unboost|p2a: Makwa|def|1\n|-unboost|p2a: Makwa|spd|1\n|faint|p1a: Dragapult\n|\n|-damage|p2a: Makwa|75\/100 brn|[from] brn\n|upkeep\n|-message|Crystal December forfeited.\n|\n|win|VanhominTesting\n|raw|Crystal December's rating: 1072 &rarr; <strong>1052<\/strong><br \/>(-20 for losing)\n|raw|VanhominTesting's rating: 1089 &rarr; <strong>1114<\/strong><br \/>(+25 for winning)\n","uploadtime":1700327727,"views":11,"p1id":"crystaldecember","p2id":"vanhomintesting","formatid":"gen9ou","rating":1052,"private":0,"password":""}