{"id":"gen9ou-1993868855","p1":"wooloo supremacy","p2":"Nizzaye","format":"[Gen 9] OU","log":"|j|\u2606wooloo supremacy\n|j|\u2606Nizzaye\n|t:|1700367644\n|gametype|singles\n|player|p1|wooloo supremacy|adaman|1728\n|player|p2|Nizzaye|169|1618\n|teamsize|p1|6\n|teamsize|p2|6\n|gen|9\n|tier|[Gen 9] OU\n|rated|\n|rule|Sleep Clause Mod: Limit one foe put to sleep\n|rule|Species Clause: Limit one of each Pok\u00e9mon\n|rule|OHKO Clause: OHKO moves are banned\n|rule|Evasion Items Clause: Evasion items are banned\n|rule|Evasion Moves Clause: Evasion moves are banned\n|rule|Endless Battle Clause: Forcing endless battles is banned\n|rule|HP Percentage Mod: HP is shown in percentages\n|clearpoke\n|poke|p1|Great Tusk|\n|poke|p1|Hatterene, F|\n|poke|p1|Dondozo, F|\n|poke|p1|Mandibuzz, F|\n|poke|p1|Heatran, M|\n|poke|p1|Dragapult, M|\n|poke|p2|Great Tusk|\n|poke|p2|Walking Wake|\n|poke|p2|Torkoal, M|\n|poke|p2|Gholdengo|\n|poke|p2|Hatterene, F|\n|poke|p2|Meowscarada, F|\n|teampreview\n|inactive|Battle timer is ON: inactive players will automatically lose when time's up. (requested by wooloo supremacy)\n|\n|t:|1700367659\n|start\n|switch|p1a: Heatran|Heatran, M|100\/100\n|switch|p2a: Meowscarada|Meowscarada, F|100\/100\n|turn|1\n|\n|t:|1700367663\n|move|p2a: Meowscarada|Low Kick|p1a: Heatran\n|-start|p2a: Meowscarada|typechange|Fighting|[from] ability: Protean\n|-supereffective|p1a: Heatran\n|-damage|p1a: Heatran|0 fnt\n|-status|p2a: Meowscarada|brn|[from] ability: Flame Body|[of] p1a: Heatran\n|faint|p1a: Heatran\n|\n|-damage|p2a: Meowscarada|94\/100 brn|[from] brn\n|upkeep\n|\n|t:|1700367669\n|switch|p1a: Dragapult|Dragapult, M|100\/100\n|turn|2\n|\n|t:|1700367690\n|switch|p2a: Torkoal|Torkoal, M|100\/100\n|-weather|SunnyDay|[from] ability: Drought|[of] p2a: Torkoal\n|move|p1a: Dragapult|Shadow Ball|p2a: Torkoal\n|-damage|p2a: Torkoal|52\/100\n|\n|-weather|SunnyDay|[upkeep]\n|upkeep\n|turn|3\n|\n|t:|1700367703\n|switch|p2a: Meowscarada|Meowscarada, F|94\/100 brn\n|-terastallize|p1a: Dragapult|Ghost\n|move|p1a: Dragapult|Shadow Ball|p2a: Meowscarada\n|-resisted|p2a: Meowscarada\n|-damage|p2a: Meowscarada|32\/100 brn\n|\n|-weather|SunnyDay|[upkeep]\n|-damage|p2a: Meowscarada|26\/100 brn|[from] brn\n|upkeep\n|turn|4\n|\n|t:|1700367711\n|switch|p1a: Mandibuzz|Mandibuzz, F|100\/100\n|move|p2a: Meowscarada|Knock Off|p1a: Mandibuzz\n|-start|p2a: Meowscarada|typechange|Dark|[from] ability: Protean\n|-resisted|p1a: Mandibuzz\n|-damage|p1a: Mandibuzz|93\/100\n|-enditem|p1a: Mandibuzz|Heavy-Duty Boots|[from] move: Knock Off|[of] p2a: Meowscarada\n|\n|-weather|SunnyDay|[upkeep]\n|-damage|p2a: Meowscarada|20\/100 brn|[from] brn\n|upkeep\n|turn|5\n|\n|t:|1700367723\n|switch|p2a: Walking Wake|Walking Wake|100\/100\n|-activate|p2a: Walking Wake|ability: Protosynthesis\n|-start|p2a: Walking Wake|protosynthesisspa\n|move|p1a: Mandibuzz|U-turn|p2a: Walking Wake\n|-damage|p2a: Walking Wake|88\/100\n|\n|t:|1700367728\n|switch|p1a: Dragapult|Dragapult, M, tera:Ghost|100\/100|[from] U-turn\n|\n|-weather|SunnyDay|[upkeep]\n|upkeep\n|turn|6\n|\n|t:|1700367733\n|switch|p1a: Hatterene|Hatterene, F|100\/100\n|-terastallize|p2a: Walking Wake|Water\n|move|p2a: Walking Wake|Hydro Steam|p1a: Hatterene\n|-damage|p1a: Hatterene|0 fnt\n|faint|p1a: Hatterene\n|\n|-weather|SunnyDay|[upkeep]\n|upkeep\n|\n|t:|1700367740\n|switch|p1a: Dragapult|Dragapult, M, tera:Ghost|100\/100\n|turn|7\n|\n|t:|1700367742\n|move|p1a: Dragapult|Shadow Ball|p2a: Walking Wake\n|-damage|p2a: Walking Wake|0 fnt\n|faint|p2a: Walking Wake\n|-end|p2a: Walking Wake|Protosynthesis|[silent]\n|\n|-weather|SunnyDay|[upkeep]\n|upkeep\n|\n|t:|1700367750\n|switch|p2a: Great Tusk|Great Tusk|100\/100\n|-activate|p2a: Great Tusk|ability: Protosynthesis\n|-start|p2a: Great Tusk|protosynthesisatk\n|turn|8\n|\n|t:|1700367757\n|move|p1a: Dragapult|Shadow Ball|p2a: Great Tusk\n|-damage|p2a: Great Tusk|0 fnt\n|faint|p2a: Great Tusk\n|-end|p2a: Great Tusk|Protosynthesis|[silent]\n|\n|-weather|SunnyDay|[upkeep]\n|upkeep\n|-message|Nizzaye forfeited.\n|\n|win|wooloo supremacy\n|raw|wooloo supremacy's rating: 1705 &rarr; <strong>1720<\/strong><br \/>(+15 for winning)\n|raw|Nizzaye's rating: 1618 &rarr; <strong>1603<\/strong><br \/>(-15 for losing)\n|l|\u2606Nizzaye\n","uploadtime":1700367777,"views":15,"p1id":"wooloosupremacy","p2id":"nizzaye","formatid":"gen9ou","rating":1603,"private":0,"password":""}