{"id":"gen9ou-1991963991","p1":"JavaSmoov","p2":"Petergriffinonline","format":"[Gen 9] OU","log":"|j|\u2606JavaSmoov\n|j|\u2606Petergriffinonline\n|t:|1700143133\n|gametype|singles\n|player|p1|JavaSmoov|2|1304\n|player|p2|Petergriffinonline|crasherwake|1329\n|teamsize|p1|6\n|teamsize|p2|6\n|gen|9\n|tier|[Gen 9] OU\n|rated|\n|rule|Sleep Clause Mod: Limit one foe put to sleep\n|rule|Species Clause: Limit one of each Pok\u00e9mon\n|rule|OHKO Clause: OHKO moves are banned\n|rule|Evasion Items Clause: Evasion items are banned\n|rule|Evasion Moves Clause: Evasion moves are banned\n|rule|Endless Battle Clause: Forcing endless battles is banned\n|rule|HP Percentage Mod: HP is shown in percentages\n|clearpoke\n|poke|p1|Rillaboom, M|\n|poke|p1|Ribombee, M|\n|poke|p1|Gholdengo|\n|poke|p1|Samurott-Hisui, M|\n|poke|p1|Ursaluna, F|\n|poke|p1|Iron Moth|\n|poke|p2|Rillaboom, M|\n|poke|p2|Greninja-*, M|\n|poke|p2|Sneasler, M|\n|poke|p2|Slowking-Galar, M|\n|poke|p2|Heatran, F|\n|poke|p2|Great Tusk|\n|teampreview\n|inactive|Battle timer is ON: inactive players will automatically lose when time's up. (requested by JavaSmoov)\n|inactive|Petergriffinonline has 120 seconds left.\n|\n|t:|1700143175\n|start\n|switch|p1a: Ribombee|Ribombee, M|100\/100\n|switch|p2a: Great Tusk|Great Tusk|100\/100\n|-enditem|p2a: Great Tusk|Booster Energy\n|-activate|p2a: Great Tusk|ability: Protosynthesis|[fromitem]\n|-start|p2a: Great Tusk|protosynthesisspe\n|turn|1\n|\n|t:|1700143200\n|move|p2a: Great Tusk|Bulk Up|p2a: Great Tusk\n|-boost|p2a: Great Tusk|atk|1\n|-boost|p2a: Great Tusk|def|1\n|move|p1a: Ribombee|Moonblast|p2a: Great Tusk\n|-supereffective|p2a: Great Tusk\n|-damage|p2a: Great Tusk|0 fnt\n|faint|p2a: Great Tusk\n|-end|p2a: Great Tusk|Protosynthesis|[silent]\n|\n|upkeep\n|\n|t:|1700143204\n|switch|p2a: Heatran|Heatran, F, shiny|100\/100\n|turn|2\n|\n|t:|1700143208\n|move|p1a: Ribombee|Stun Spore|p2a: Heatran\n|-status|p2a: Heatran|par\n|move|p2a: Heatran|Magma Storm|p1a: Ribombee\n|-supereffective|p1a: Ribombee\n|-enditem|p1a: Ribombee|Focus Sash\n|-damage|p1a: Ribombee|1\/100\n|-activate|p1a: Ribombee|move: Magma Storm|[of] p2a: Heatran\n|\n|-damage|p1a: Ribombee|0 fnt|[from] move: Magma Storm|[partiallytrapped]\n|faint|p1a: Ribombee\n|upkeep\n|\n|t:|1700143213\n|switch|p1a: Samurott|Samurott-Hisui, M|100\/100\n|turn|3\n|\n|t:|1700143216\n|switch|p2a: Rillaboom|Rillaboom, M|100\/100\n|-fieldstart|move: Grassy Terrain|[from] ability: Grassy Surge|[of] p2a: Rillaboom\n|move|p1a: Samurott|Ceaseless Edge|p2a: Rillaboom\n|-damage|p2a: Rillaboom|40\/100\n|-sidestart|p2: Petergriffinonline|Spikes\n|\n|-heal|p2a: Rillaboom|46\/100|[from] Grassy Terrain\n|upkeep\n|turn|4\n|\n|t:|1700143221\n|switch|p1a: Iron Moth|Iron Moth|100\/100\n|-enditem|p1a: Iron Moth|Booster Energy\n|-activate|p1a: Iron Moth|ability: Quark Drive|[fromitem]\n|-start|p1a: Iron Moth|quarkdrivespe\n|move|p2a: Rillaboom|U-turn|p1a: Iron Moth\n|-resisted|p1a: Iron Moth\n|-damage|p1a: Iron Moth|91\/100\n|\n|t:|1700143224\n|switch|p2a: Slowking|Slowking-Galar, M|100\/100|[from] U-turn\n|-damage|p2a: Slowking|88\/100|[from] Spikes\n|\n|-heal|p1a: Iron Moth|97\/100|[from] Grassy Terrain\n|-heal|p2a: Slowking|94\/100|[from] Grassy Terrain\n|upkeep\n|turn|5\n|\n|t:|1700143232\n|move|p1a: Iron Moth|Fiery Dance|p2a: Slowking\n|-damage|p2a: Slowking|75\/100\n|-boost|p1a: Iron Moth|spa|1\n|move|p2a: Slowking|Future Sight|p1a: Iron Moth\n|-start|p2a: Slowking|move: Future Sight\n|\n|-heal|p1a: Iron Moth|100\/100|[from] Grassy Terrain\n|-heal|p2a: Slowking|81\/100|[from] Grassy Terrain\n|upkeep\n|turn|6\n|\n|t:|1700143236\n|move|p1a: Iron Moth|Psychic|p2a: Slowking\n|-damage|p2a: Slowking|59\/100\n|move|p2a: Slowking|Sludge Bomb|p1a: Iron Moth\n|-resisted|p1a: Iron Moth\n|-damage|p1a: Iron Moth|79\/100\n|\n|-heal|p1a: Iron Moth|85\/100|[from] Grassy Terrain\n|-heal|p2a: Slowking|65\/100|[from] Grassy Terrain\n|upkeep\n|turn|7\n|\n|t:|1700143242\n|move|p1a: Iron Moth|Fiery Dance|p2a: Slowking\n|-damage|p2a: Slowking|35\/100\n|-boost|p1a: Iron Moth|spa|1\n|move|p2a: Slowking|Flamethrower|p1a: Iron Moth\n|-resisted|p1a: Iron Moth\n|-damage|p1a: Iron Moth|69\/100\n|\n|-end|p1a: Iron Moth|move: Future Sight\n|-supereffective|p1a: Iron Moth\n|-damage|p1a: Iron Moth|0 fnt\n|faint|p1a: Iron Moth\n|-end|p1a: Iron Moth|Quark Drive|[silent]\n|-heal|p2a: Slowking|41\/100|[from] Grassy Terrain\n|-fieldend|move: Grassy Terrain\n|upkeep\n|\n|t:|1700143248\n|switch|p1a: Samurott|Samurott-Hisui, M|100\/100\n|turn|8\n|\n|t:|1700143254\n|switch|p2a: Rillaboom|Rillaboom, M|46\/100\n|-fieldstart|move: Grassy Terrain|[from] ability: Grassy Surge|[of] p2a: Rillaboom\n|move|p1a: Samurott|Ceaseless Edge|p2a: Rillaboom|[miss]\n|-miss|p1a: Samurott|p2a: Rillaboom\n|\n|-heal|p2a: Rillaboom|52\/100|[from] Grassy Terrain\n|upkeep\n|turn|9\n|\n|t:|1700143258\n|move|p2a: Rillaboom|Grassy Glide|p1a: Samurott\n|-supereffective|p1a: Samurott\n|-damage|p1a: Samurott|0 fnt\n|faint|p1a: Samurott\n|\n|-heal|p2a: Rillaboom|58\/100|[from] Grassy Terrain\n|upkeep\n|\n|t:|1700143263\n|switch|p1a: Ursaluna|Ursaluna, F|100\/100\n|turn|10\n|\n|t:|1700143269\n|-terastallize|p1a: Ursaluna|Fairy\n|move|p2a: Rillaboom|Knock Off|p1a: Ursaluna\n|-resisted|p1a: Ursaluna\n|-damage|p1a: Ursaluna|87\/100\n|-enditem|p1a: Ursaluna|Flame Orb|[from] move: Knock Off|[of] p2a: Rillaboom\n|move|p1a: Ursaluna|Trailblaze|p2a: Rillaboom\n|-resisted|p2a: Rillaboom\n|-damage|p2a: Rillaboom|47\/100\n|-boost|p1a: Ursaluna|spe|1\n|\n|-heal|p1a: Ursaluna|93\/100|[from] Grassy Terrain\n|-heal|p2a: Rillaboom|53\/100|[from] Grassy Terrain\n|upkeep\n|turn|11\n|-message|JavaSmoov forfeited.\n|\n|win|Petergriffinonline\n|raw|JavaSmoov's rating: 1304 &rarr; <strong>1285<\/strong><br \/>(-19 for losing)\n|raw|Petergriffinonline's rating: 1329 &rarr; <strong>1348<\/strong><br \/>(+19 for winning)\n|l|\u2606JavaSmoov\n","uploadtime":1700143287,"views":11,"p1id":"javasmoov","p2id":"petergriffinonline","formatid":"gen9ou","rating":1285,"private":0,"password":""}