{"id":"gen9ou-1989284263","p1":"dfgffdgfd","p2":"Germaninurbasement","format":"[Gen 9] OU","log":"|j|\u2606dfgffdgfd\n|j|\u2606Germaninurbasement\n|t:|1699831779\n|gametype|singles\n|player|p1|dfgffdgfd|101|1000\n|player|p2|Germaninurbasement|cress|1046\n|teamsize|p1|6\n|teamsize|p2|6\n|gen|9\n|tier|[Gen 9] OU\n|rated|\n|rule|Sleep Clause Mod: Limit one foe put to sleep\n|rule|Species Clause: Limit one of each Pok\u00e9mon\n|rule|OHKO Clause: OHKO moves are banned\n|rule|Evasion Items Clause: Evasion items are banned\n|rule|Evasion Moves Clause: Evasion moves are banned\n|rule|Endless Battle Clause: Forcing endless battles is banned\n|rule|HP Percentage Mod: HP is shown in percentages\n|clearpoke\n|poke|p1|Ninetales-Alola, M|\n|poke|p1|Great Tusk|\n|poke|p1|Hatterene, F|\n|poke|p1|Iron Moth|\n|poke|p1|Zamazenta-*|\n|poke|p1|Dragonite, F|\n|poke|p2|Ogerpon-Wellspring, F|\n|poke|p2|Glimmora, M|\n|poke|p2|Gholdengo|\n|poke|p2|Heatran, M|\n|poke|p2|Bisharp, F|\n|poke|p2|Espeon, M|\n|teampreview\n|inactive|Battle timer is ON: inactive players will automatically lose when time's up. (requested by Germaninurbasement)\n|\n|t:|1699831802\n|start\n|switch|p1a: Dragonite|Dragonite, F|100\/100\n|switch|p2a: Glimmora|Glimmora, M|100\/100\n|turn|1\n|\n|t:|1699831809\n|switch|p1a: Hatterene|Hatterene, F|100\/100\n|move|p2a: Glimmora|Toxic|p1a: Hatterene\n|move|p1a: Hatterene|Toxic|p2a: Glimmora|[from]ability: Magic Bounce\n|-immune|p2a: Glimmora\n|\n|upkeep\n|turn|2\n|\n|t:|1699831818\n|switch|p2a: Espeon|Espeon, M, shiny|100\/100\n|move|p1a: Hatterene|Psyshock|p2a: Espeon\n|-resisted|p2a: Espeon\n|-damage|p2a: Espeon|74\/100\n|\n|upkeep\n|turn|3\n|\n|t:|1699831828\n|move|p2a: Espeon|Future Sight|p1a: Hatterene\n|-start|p2a: Espeon|move: Future Sight\n|move|p1a: Hatterene|Calm Mind|p1a: Hatterene\n|-boost|p1a: Hatterene|spa|1\n|-boost|p1a: Hatterene|spd|1\n|\n|upkeep\n|turn|4\n|\n|t:|1699831833\n|move|p2a: Espeon|Calm Mind|p2a: Espeon\n|-boost|p2a: Espeon|spa|1\n|-boost|p2a: Espeon|spd|1\n|move|p1a: Hatterene|Calm Mind|p1a: Hatterene\n|-boost|p1a: Hatterene|spa|1\n|-boost|p1a: Hatterene|spd|1\n|\n|upkeep\n|turn|5\n|\n|t:|1699831836\n|move|p2a: Espeon|Calm Mind|p2a: Espeon\n|-boost|p2a: Espeon|spa|1\n|-boost|p2a: Espeon|spd|1\n|move|p1a: Hatterene|Calm Mind|p1a: Hatterene\n|-boost|p1a: Hatterene|spa|1\n|-boost|p1a: Hatterene|spd|1\n|\n|-end|p1a: Hatterene|move: Future Sight\n|-resisted|p1a: Hatterene\n|-damage|p1a: Hatterene|69\/100\n|-heal|p1a: Hatterene|75\/100|[from] item: Leftovers\n|upkeep\n|turn|6\n|\n|t:|1699831839\n|move|p2a: Espeon|Calm Mind|p2a: Espeon\n|-boost|p2a: Espeon|spa|1\n|-boost|p2a: Espeon|spd|1\n|move|p1a: Hatterene|Calm Mind|p1a: Hatterene\n|-boost|p1a: Hatterene|spa|1\n|-boost|p1a: Hatterene|spd|1\n|\n|-heal|p1a: Hatterene|81\/100|[from] item: Leftovers\n|upkeep\n|turn|7\n|\n|t:|1699831844\n|move|p2a: Espeon|Future Sight|p1a: Hatterene\n|-start|p2a: Espeon|move: Future Sight\n|move|p1a: Hatterene|Calm Mind|p1a: Hatterene\n|-boost|p1a: Hatterene|spa|1\n|-boost|p1a: Hatterene|spd|1\n|\n|-heal|p1a: Hatterene|87\/100|[from] item: Leftovers\n|upkeep\n|turn|8\n|\n|t:|1699831848\n|move|p2a: Espeon|Calm Mind|p2a: Espeon\n|-boost|p2a: Espeon|spa|1\n|-boost|p2a: Espeon|spd|1\n|move|p1a: Hatterene|Psyshock|p2a: Espeon\n|-resisted|p2a: Espeon\n|-damage|p2a: Espeon|0 fnt\n|faint|p2a: Espeon\n|\n|-heal|p1a: Hatterene|93\/100|[from] item: Leftovers\n|upkeep\n|\n|t:|1699831855\n|switch|p2a: Bisharp|Bisharp, F|100\/100\n|turn|9\n|\n|t:|1699831864\n|-terastallize|p1a: Hatterene|Water\n|move|p2a: Bisharp|Iron Head|p1a: Hatterene\n|-resisted|p1a: Hatterene\n|-damage|p1a: Hatterene|80\/100\n|cant|p1a: Hatterene|flinch\n|\n|-end|p1a: Hatterene|move: Future Sight\n|-damage|p1a: Hatterene|59\/100\n|-heal|p1a: Hatterene|65\/100|[from] item: Leftovers\n|upkeep\n|turn|10\n|\n|t:|1699831872\n|move|p2a: Bisharp|Sucker Punch|p1a: Hatterene\n|-damage|p1a: Hatterene|40\/100\n|move|p1a: Hatterene|Draining Kiss|p2a: Bisharp\n|-damage|p2a: Bisharp|42\/100\n|-heal|p1a: Hatterene|78\/100|[from] drain|[of] p2a: Bisharp\n|\n|-heal|p1a: Hatterene|84\/100|[from] item: Leftovers\n|upkeep\n|turn|11\n|\n|t:|1699831878\n|switch|p2a: Gholdengo|Gholdengo|100\/100\n|move|p1a: Hatterene|Draining Kiss|p2a: Gholdengo\n|-resisted|p2a: Gholdengo\n|-damage|p2a: Gholdengo|64\/100\n|-heal|p1a: Hatterene|100\/100|[from] drain|[of] p2a: Gholdengo\n|\n|upkeep\n|turn|12\n|\n|t:|1699831885\n|move|p2a: Gholdengo|Trick|p1a: Hatterene\n|-activate|p2a: Gholdengo|move: Trick|[of] p1a: Hatterene\n|-item|p1a: Hatterene|Choice Scarf|[from] move: Trick\n|-item|p2a: Gholdengo|Leftovers|[from] move: Trick\n|move|p1a: Hatterene|Mystical Fire|p2a: Gholdengo\n|-supereffective|p2a: Gholdengo\n|-damage|p2a: Gholdengo|0 fnt\n|faint|p2a: Gholdengo\n|\n|upkeep\n|\n|t:|1699831891\n|switch|p2a: Heatran|Heatran, M|100\/100\n|-item|p2a: Heatran|Air Balloon\n|turn|13\n|\n|t:|1699831901\n|switch|p1a: Zamazenta|Zamazenta|100\/100\n|-ability|p1a: Zamazenta|Dauntless Shield|boost\n|-boost|p1a: Zamazenta|def|1\n|move|p2a: Heatran|Will-O-Wisp|p1a: Zamazenta|[miss]\n|-miss|p2a: Heatran|p1a: Zamazenta\n|\n|upkeep\n|turn|14\n|\n|t:|1699831908\n|move|p1a: Zamazenta|Substitute|p1a: Zamazenta\n|-start|p1a: Zamazenta|Substitute\n|-damage|p1a: Zamazenta|75\/100\n|move|p2a: Heatran|Will-O-Wisp||[still]\n|-fail|p2a: Heatran\n|\n|-heal|p1a: Zamazenta|82\/100|[from] item: Leftovers\n|upkeep\n|turn|15\n|\n|t:|1699831912\n|move|p1a: Zamazenta|Iron Defense|p1a: Zamazenta\n|-boost|p1a: Zamazenta|def|2\n|move|p2a: Heatran|Magma Storm|p1a: Zamazenta\n|-end|p1a: Zamazenta|Substitute\n|\n|-heal|p1a: Zamazenta|88\/100|[from] item: Leftovers\n|upkeep\n|turn|16\n|\n|t:|1699831919\n|move|p1a: Zamazenta|Body Press|p2a: Heatran\n|-supereffective|p2a: Heatran\n|-damage|p2a: Heatran|0 fnt\n|-enditem|p2a: Heatran|Air Balloon\n|faint|p2a: Heatran\n|\n|-heal|p1a: Zamazenta|94\/100|[from] item: Leftovers\n|upkeep\n|\n|t:|1699831923\n|switch|p2a: Glimmora|Glimmora, M|100\/100\n|turn|17\n|\n|t:|1699831932\n|move|p1a: Zamazenta|Substitute|p1a: Zamazenta\n|-start|p1a: Zamazenta|Substitute\n|-damage|p1a: Zamazenta|69\/100\n|move|p2a: Glimmora|Toxic||[still]\n|-fail|p2a: Glimmora\n|\n|-heal|p1a: Zamazenta|75\/100|[from] item: Leftovers\n|upkeep\n|turn|18\n|\n|t:|1699831938\n|move|p1a: Zamazenta|Body Press|p2a: Glimmora\n|-damage|p2a: Glimmora|20\/100\n|-activate|p2a: Glimmora|ability: Toxic Debris\n|-sidestart|p1: dfgffdgfd|move: Toxic Spikes\n|move|p2a: Glimmora|Stealth Rock|p1a: Zamazenta\n|-sidestart|p1: dfgffdgfd|move: Stealth Rock\n|\n|-heal|p1a: Zamazenta|81\/100|[from] item: Leftovers\n|upkeep\n|turn|19\n|\n|t:|1699831947\n|move|p1a: Zamazenta|Body Press|p2a: Glimmora\n|-damage|p2a: Glimmora|0 fnt\n|-activate|p2a: Glimmora|ability: Toxic Debris\n|-sidestart|p1: dfgffdgfd|move: Toxic Spikes\n|faint|p2a: Glimmora\n|\n|-heal|p1a: Zamazenta|88\/100|[from] item: Leftovers\n|upkeep\n|\n|t:|1699831949\n|switch|p2a: Bisharp|Bisharp, F|42\/100\n|turn|20\n|\n|t:|1699831952\n|move|p1a: Zamazenta|Iron Defense|p1a: Zamazenta\n|-boost|p1a: Zamazenta|def|2\n|move|p2a: Bisharp|Iron Head|p1a: Zamazenta\n|-activate|p1a: Zamazenta|move: Substitute|[damage]\n|\n|-heal|p1a: Zamazenta|94\/100|[from] item: Leftovers\n|upkeep\n|turn|21\n|\n|t:|1699831960\n|move|p2a: Bisharp|Sucker Punch|p1a: Zamazenta\n|-resisted|p1a: Zamazenta\n|-activate|p1a: Zamazenta|move: Substitute|[damage]\n|move|p1a: Zamazenta|Body Press|p2a: Bisharp\n|-supereffective|p2a: Bisharp\n|-damage|p2a: Bisharp|0 fnt\n|faint|p2a: Bisharp\n|\n|-heal|p1a: Zamazenta|99\/100|[from] item: Leftovers\n|upkeep\n|\n|t:|1699831962\n|switch|p2a: Best Girl|Ogerpon-Wellspring, F|100\/100\n|turn|22\n|\n|t:|1699831967\n|-terastallize|p2a: Best Girl|Water\n|detailschange|p2a: Best Girl|Ogerpon-Wellspring-Tera, F, tera:Water\n|-ability|p2a: Best Girl|Embody Aspect (Wellspring)|boost\n|-boost|p2a: Best Girl|spd|1\n|move|p1a: Zamazenta|Body Press|p2a: Best Girl\n|-damage|p2a: Best Girl|0 fnt\n|faint|p2a: Best Girl\n|\n|win|dfgffdgfd\n|raw|dfgffdgfd's rating: 1000 &rarr; <strong>1045<\/strong><br \/>(+45 for winning)\n|raw|Germaninurbasement's rating: 1046 &rarr; <strong>1027<\/strong><br \/>(-19 for losing)\n","uploadtime":1699831972,"views":18,"p1id":"dfgffdgfd","p2id":"germaninurbasement","formatid":"gen9ou","rating":1027,"private":0,"password":""}