{"id":"gen9ou-1989142298","p1":"Aggron","p2":"taw","format":"[Gen 9] OU","log":"|j|\u2606Aggron\n|j|\u2606taw\n|t:|1699816736\n|gametype|singles\n|player|p1|Aggron|pokefan-gen4|1804\n|player|p2|taw|alder|1695\n|teamsize|p1|6\n|teamsize|p2|6\n|gen|9\n|tier|[Gen 9] OU\n|rated|\n|rule|Sleep Clause Mod: Limit one foe put to sleep\n|rule|Species Clause: Limit one of each Pok\u00e9mon\n|rule|OHKO Clause: OHKO moves are banned\n|rule|Evasion Items Clause: Evasion items are banned\n|rule|Evasion Moves Clause: Evasion moves are banned\n|rule|Endless Battle Clause: Forcing endless battles is banned\n|rule|HP Percentage Mod: HP is shown in percentages\n|clearpoke\n|poke|p1|Sinistcha-Masterpiece|\n|poke|p1|Tyranitar, F|\n|poke|p1|Heatran, F|\n|poke|p1|Rillaboom, F|\n|poke|p1|Sneasler, F|\n|poke|p1|Samurott-Hisui, M|\n|poke|p2|Azelf|\n|poke|p2|Gholdengo|\n|poke|p2|Samurott-Hisui, M|\n|poke|p2|Iron Moth|\n|poke|p2|Zamazenta-*|\n|poke|p2|Great Tusk|\n|teampreview\n|inactive|Battle timer is ON: inactive players will automatically lose when time's up. (requested by Aggron)\n|\n|t:|1699816748\n|start\n|switch|p1a: Sneasler|Sneasler, F|100\/100\n|switch|p2a: Samurott|Samurott-Hisui, M|100\/100\n|turn|1\n|\n|t:|1699816754\n|move|p1a: Sneasler|Fake Out|p2a: Samurott\n|-damage|p2a: Samurott|81\/100\n|cant|p2a: Samurott|flinch\n|\n|upkeep\n|turn|2\n|\n|t:|1699816759\n|move|p2a: Samurott|Ceaseless Edge|p1a: Sneasler\n|-resisted|p1a: Sneasler\n|-damage|p1a: Sneasler|61\/100\n|-sidestart|p1: Aggron|Spikes\n|move|p1a: Sneasler|U-turn|p2a: Samurott\n|-supereffective|p2a: Samurott\n|-damage|p2a: Samurott|24\/100\n|-status|p2a: Samurott|psn|[from] ability: Poison Touch|[of] p1a: Sneasler\n|\n|t:|1699816783\n|switch|p1a: Rillaboom|Rillaboom, F|100\/100|[from] U-turn\n|-damage|p1a: Rillaboom|88\/100|[from] Spikes\n|-fieldstart|move: Grassy Terrain|[from] ability: Grassy Surge|[of] p1a: Rillaboom\n|\n|-heal|p2a: Samurott|30\/100 psn|[from] Grassy Terrain\n|-heal|p1a: Rillaboom|94\/100|[from] Grassy Terrain\n|-damage|p2a: Samurott|18\/100 psn|[from] psn\n|upkeep\n|turn|3\n|\n|t:|1699816793\n|switch|p2a: Zamazenta|Zamazenta|100\/100\n|-ability|p2a: Zamazenta|Dauntless Shield|boost\n|-boost|p2a: Zamazenta|def|1\n|move|p1a: Rillaboom|Grassy Glide|p2a: Zamazenta\n|-damage|p2a: Zamazenta|76\/100\n|\n|-heal|p2a: Zamazenta|82\/100|[from] Grassy Terrain\n|-heal|p2a: Zamazenta|88\/100|[from] item: Leftovers\n|-heal|p1a: Rillaboom|100\/100|[from] Grassy Terrain\n|upkeep\n|turn|4\n|\n|t:|1699816803\n|switch|p1a: Sinistcha|Sinistcha-Masterpiece|100\/100\n|move|p2a: Zamazenta|Substitute|p2a: Zamazenta\n|-start|p2a: Zamazenta|Substitute\n|-damage|p2a: Zamazenta|63\/100\n|\n|-heal|p2a: Zamazenta|69\/100|[from] Grassy Terrain\n|-heal|p2a: Zamazenta|76\/100|[from] item: Leftovers\n|upkeep\n|turn|5\n|\n|t:|1699816812\n|move|p2a: Zamazenta|Crunch|p1a: Sinistcha\n|-supereffective|p1a: Sinistcha\n|-damage|p1a: Sinistcha|73\/100\n|move|p1a: Sinistcha|Matcha Gotcha|p2a: Zamazenta\n|-end|p2a: Zamazenta|Substitute\n|-heal|p1a: Sinistcha|87\/100|[from] drain|[of] p2a: Zamazenta\n|\n|-heal|p2a: Zamazenta|82\/100|[from] Grassy Terrain\n|-heal|p2a: Zamazenta|88\/100|[from] item: Leftovers\n|-heal|p1a: Sinistcha|93\/100|[from] Grassy Terrain\n|upkeep\n|turn|6\n|\n|t:|1699816825\n|switch|p2a: Azelf|Azelf, shiny|100\/100\n|move|p1a: Sinistcha|Hex|p2a: Azelf\n|-supereffective|p2a: Azelf\n|-damage|p2a: Azelf|11\/100\n|\n|-heal|p1a: Sinistcha|99\/100|[from] Grassy Terrain\n|-fieldend|move: Grassy Terrain\n|upkeep\n|turn|7\n|\n|t:|1699816833\n|switch|p1a: Tyranitar|Tyranitar, F|100\/100\n|-weather|Sandstorm|[from] ability: Sand Stream|[of] p1a: Tyranitar\n|move|p2a: Azelf|Stealth Rock|p1a: Tyranitar\n|-sidestart|p1: Aggron|move: Stealth Rock\n|\n|-weather|Sandstorm|[upkeep]\n|-damage|p2a: Azelf|5\/100|[from] Sandstorm\n|upkeep\n|turn|8\n|\n|t:|1699816841\n|switch|p1a: Sinistcha|Sinistcha-Masterpiece|99\/100\n|move|p2a: Azelf|Taunt|p1a: Sinistcha\n|-start|p1a: Sinistcha|move: Taunt\n|\n|-weather|Sandstorm|[upkeep]\n|-damage|p2a: Azelf|0 fnt|[from] Sandstorm\n|-damage|p1a: Sinistcha|93\/100|[from] Sandstorm\n|faint|p2a: Azelf\n|upkeep\n|\n|t:|1699816850\n|switch|p2a: Gholdengo|Gholdengo|100\/100\n|turn|9\n|\n|t:|1699816857\n|switch|p1a: Heatran|Heatran, F|100\/100\n|-damage|p1a: Heatran|88\/100|[from] Stealth Rock\n|-item|p1a: Heatran|Air Balloon\n|move|p2a: Gholdengo|Shadow Ball|p1a: Heatran\n|-damage|p1a: Heatran|45\/100\n|-unboost|p1a: Heatran|spd|1\n|-enditem|p1a: Heatran|Air Balloon\n|\n|-weather|Sandstorm|[upkeep]\n|upkeep\n|turn|10\n|\n|t:|1699816868\n|move|p2a: Gholdengo|Shadow Ball|p1a: Heatran\n|-damage|p1a: Heatran|0 fnt\n|faint|p1a: Heatran\n|\n|-weather|Sandstorm|[upkeep]\n|upkeep\n|\n|t:|1699816870\n|switch|p1a: Samurott|Samurott-Hisui, M|100\/100\n|turn|11\n|\n|t:|1699816885\n|switch|p2a: Samurott|Samurott-Hisui, M|18\/100 psn\n|move|p1a: Samurott|Ceaseless Edge|p2a: Samurott\n|-resisted|p2a: Samurott\n|-damage|p2a: Samurott|0 fnt\n|-sidestart|p2: taw|Spikes\n|faint|p2a: Samurott\n|\n|-weather|none\n|upkeep\n|\n|t:|1699816893\n|switch|p2a: Great Tusk|Great Tusk|100\/100\n|-damage|p2a: Great Tusk|88\/100|[from] Spikes\n|turn|12\n|\n|t:|1699816901\n|switch|p1a: Sinistcha|Sinistcha-Masterpiece|93\/100\n|move|p2a: Great Tusk|Ice Spinner|p1a: Sinistcha\n|-supereffective|p1a: Sinistcha\n|-damage|p1a: Sinistcha|59\/100\n|\n|upkeep\n|turn|13\n|\n|t:|1699816921\n|move|p2a: Great Tusk|Ice Spinner|p1a: Sinistcha\n|-supereffective|p1a: Sinistcha\n|-damage|p1a: Sinistcha|26\/100\n|move|p1a: Sinistcha|Matcha Gotcha|p2a: Great Tusk|[miss]\n|-miss|p1a: Sinistcha|p2a: Great Tusk\n|\n|upkeep\n|turn|14\n|\n|t:|1699816927\n|-terastallize|p1a: Sinistcha|Poison\n|move|p2a: Great Tusk|Ice Spinner|p1a: Sinistcha\n|-damage|p1a: Sinistcha|8\/100\n|move|p1a: Sinistcha|Matcha Gotcha|p2a: Great Tusk|[miss]\n|-miss|p1a: Sinistcha|p2a: Great Tusk\n|\n|upkeep\n|turn|15\n|\n|t:|1699816939\n|move|p2a: Great Tusk|Rapid Spin|p1a: Sinistcha\n|-damage|p1a: Sinistcha|0 fnt\n|-boost|p2a: Great Tusk|spe|1\n|-sideend|p2: taw|Spikes|[from] move: Rapid Spin|[of] p2a: Great Tusk\n|faint|p1a: Sinistcha\n|\n|upkeep\n|\n|t:|1699816945\n|switch|p1a: Rillaboom|Rillaboom, F|100\/100\n|-damage|p1a: Rillaboom|88\/100|[from] Spikes\n|-damage|p1a: Rillaboom|76\/100|[from] Stealth Rock\n|-fieldstart|move: Grassy Terrain|[from] ability: Grassy Surge|[of] p1a: Rillaboom\n|turn|16\n|-message|Aggron forfeited.\n|\n|win|taw\n|raw|Aggron's rating: 1804 &rarr; <strong>1778<\/strong><br \/>(-26 for losing)\n|raw|taw's rating: 1695 &rarr; <strong>1721<\/strong><br \/>(+26 for winning)\n|l|\u2606Aggron\n","uploadtime":1699816965,"views":19,"p1id":"aggron","p2id":"taw","formatid":"gen9ou","rating":1721,"private":0,"password":""}