{"id":"gen9ou-2000007977","p1":"Edubnosfera2","p2":"BoundbyTheTusklow","format":"[Gen 9] OU","log":"|j|\u2606Edubnosfera2\n|j|\u2606BoundbyTheTusklow\n|t:|1701140517\n|gametype|singles\n|player|p1|Edubnosfera2|n|1309\n|player|p2|BoundbyTheTusklow|galacticgrunt|1253\n|teamsize|p1|6\n|teamsize|p2|6\n|gen|9\n|tier|[Gen 9] OU\n|rated|\n|rule|Sleep Clause Mod: Limit one foe put to sleep\n|rule|Species Clause: Limit one of each Pok\u00e9mon\n|rule|OHKO Clause: OHKO moves are banned\n|rule|Evasion Items Clause: Evasion items are banned\n|rule|Evasion Moves Clause: Evasion moves are banned\n|rule|Endless Battle Clause: Forcing endless battles is banned\n|rule|HP Percentage Mod: HP is shown in percentages\n|clearpoke\n|poke|p1|Samurott-Hisui, F|\n|poke|p1|Gholdengo|\n|poke|p1|Great Tusk|\n|poke|p1|Alomomola, F|\n|poke|p1|Dragonite, F|\n|poke|p1|Iron Valiant|\n|poke|p2|Greninja-*, F|\n|poke|p2|Dragonite, M|\n|poke|p2|Amoonguss, M|\n|poke|p2|Heatran, F|\n|poke|p2|Mandibuzz, F|\n|poke|p2|Kingambit, M|\n|teampreview\n|\n|t:|1701140526\n|start\n|switch|p1a: Gholdengo|Gholdengo|100\/100\n|switch|p2a: Greninja|Greninja, F, shiny|100\/100\n|turn|1\n|\n|t:|1701140532\n|switch|p1a: Samurott|Samurott-Hisui, F|100\/100\n|move|p2a: Greninja|Dark Pulse|p1a: Samurott\n|-start|p2a: Greninja|typechange|Dark|[from] ability: Protean\n|-resisted|p1a: Samurott\n|-crit|p1a: Samurott\n|-damage|p1a: Samurott|83\/100\n|\n|upkeep\n|turn|2\n|\n|t:|1701140541\n|switch|p2a: Mandibuzz|Mandibuzz, F|100\/100\n|move|p1a: Samurott|Ceaseless Edge|p2a: Mandibuzz\n|-resisted|p2a: Mandibuzz\n|-damage|p2a: Mandibuzz|88\/100\n|-sidestart|p2: BoundbyTheTusklow|Spikes\n|\n|upkeep\n|turn|3\n|\n|t:|1701140549\n|move|p1a: Samurott|Razor Shell|p2a: Mandibuzz\n|-damage|p2a: Mandibuzz|61\/100\n|move|p2a: Mandibuzz|Knock Off|p1a: Samurott\n|-resisted|p1a: Samurott\n|-damage|p1a: Samurott|69\/100\n|-enditem|p1a: Samurott|Assault Vest|[from] move: Knock Off|[of] p2a: Mandibuzz\n|\n|upkeep\n|turn|4\n|\n|t:|1701140559\n|move|p1a: Samurott|Razor Shell|p2a: Mandibuzz\n|-damage|p2a: Mandibuzz|34\/100\n|move|p2a: Mandibuzz|Roost|p2a: Mandibuzz\n|-heal|p2a: Mandibuzz|84\/100\n|-singleturn|p2a: Mandibuzz|move: Roost\n|\n|upkeep\n|turn|5\n|\n|t:|1701140564\n|move|p1a: Samurott|Razor Shell|p2a: Mandibuzz\n|-damage|p2a: Mandibuzz|56\/100\n|move|p2a: Mandibuzz|Defog|p1a: Samurott\n|-unboost|p1a: Samurott|evasion|1\n|-sideend|p2: BoundbyTheTusklow|Spikes|[from] move: Defog|[of] p2a: Mandibuzz\n|\n|upkeep\n|turn|6\n|\n|t:|1701140568\n|move|p1a: Samurott|Razor Shell|p2a: Mandibuzz\n|-damage|p2a: Mandibuzz|30\/100\n|move|p2a: Mandibuzz|Roost|p2a: Mandibuzz\n|-heal|p2a: Mandibuzz|80\/100\n|-singleturn|p2a: Mandibuzz|move: Roost\n|\n|upkeep\n|turn|7\n|\n|t:|1701140571\n|move|p1a: Samurott|Razor Shell|p2a: Mandibuzz\n|-damage|p2a: Mandibuzz|52\/100\n|move|p2a: Mandibuzz|U-turn|p1a: Samurott\n|-supereffective|p1a: Samurott\n|-damage|p1a: Samurott|45\/100\n|\n|t:|1701140581\n|switch|p2a: Greninja|Greninja, F, shiny|100\/100|[from] U-turn\n|\n|upkeep\n|turn|8\n|\n|t:|1701140603\n|switch|p1a: Gholdengo|Gholdengo|100\/100\n|move|p2a: Greninja|U-turn|p1a: Gholdengo\n|-start|p2a: Greninja|typechange|Bug|[from] ability: Protean\n|-resisted|p1a: Gholdengo\n|-damage|p1a: Gholdengo|94\/100\n|\n|t:|1701140613\n|switch|p2a: Dragonite|Dragonite, M, shiny|100\/100|[from] U-turn\n|\n|upkeep\n|turn|9\n|\n|t:|1701140621\n|move|p1a: Gholdengo|Trick|p2a: Dragonite\n|-activate|p1a: Gholdengo|move: Trick|[of] p2a: Dragonite\n|-item|p2a: Dragonite|Choice Scarf|[from] move: Trick\n|-item|p1a: Gholdengo|Heavy-Duty Boots|[from] move: Trick\n|move|p2a: Dragonite|Earthquake|p1a: Gholdengo\n|-supereffective|p1a: Gholdengo\n|-damage|p1a: Gholdengo|11\/100\n|\n|upkeep\n|turn|10\n|\n|t:|1701140632\n|switch|p2a: Heatran|Heatran, F|100\/100\n|switch|p1a: Alomomola|Alomomola, F|100\/100\n|\n|upkeep\n|turn|11\n|\n|t:|1701140637\n|move|p2a: Heatran|Stealth Rock|p1a: Alomomola\n|-sidestart|p1: Edubnosfera2|move: Stealth Rock\n|move|p1a: Alomomola|Whirlpool|p2a: Heatran\n|-supereffective|p2a: Heatran\n|-crit|p2a: Heatran\n|-damage|p2a: Heatran|83\/100\n|-activate|p2a: Heatran|move: Whirlpool|[of] p1a: Alomomola\n|\n|-heal|p2a: Heatran|90\/100|[from] item: Leftovers\n|-damage|p2a: Heatran|77\/100|[from] move: Whirlpool|[partiallytrapped]\n|upkeep\n|turn|12\n|\n|t:|1701140641\n|move|p2a: Heatran|Protect|p2a: Heatran\n|-singleturn|p2a: Heatran|Protect\n|move|p1a: Alomomola|Wish|p1a: Alomomola\n|\n|-heal|p2a: Heatran|83\/100|[from] item: Leftovers\n|-damage|p2a: Heatran|71\/100|[from] move: Whirlpool|[partiallytrapped]\n|upkeep\n|turn|13\n|\n|t:|1701140646\n|move|p2a: Heatran|Magma Storm|p1a: Alomomola\n|-resisted|p1a: Alomomola\n|-damage|p1a: Alomomola|73\/100\n|-activate|p1a: Alomomola|move: Magma Storm|[of] p2a: Heatran\n|move|p1a: Alomomola|Scald|p2a: Heatran\n|-supereffective|p2a: Heatran\n|-damage|p2a: Heatran|46\/100\n|\n|-heal|p1a: Alomomola|100\/100|[from] move: Wish|[wisher] Alomomola\n|-heal|p2a: Heatran|52\/100|[from] item: Leftovers\n|-damage|p2a: Heatran|40\/100|[from] move: Whirlpool|[partiallytrapped]\n|-damage|p1a: Alomomola|88\/100|[from] move: Magma Storm|[partiallytrapped]\n|upkeep\n|turn|14\n|\n|t:|1701140656\n|move|p2a: Heatran|Protect|p2a: Heatran\n|-singleturn|p2a: Heatran|Protect\n|move|p1a: Alomomola|Wish|p1a: Alomomola\n|\n|-heal|p2a: Heatran|46\/100|[from] item: Leftovers\n|-damage|p2a: Heatran|34\/100|[from] move: Whirlpool|[partiallytrapped]\n|-damage|p1a: Alomomola|76\/100|[from] move: Magma Storm|[partiallytrapped]\n|upkeep\n|turn|15\n|\n|t:|1701140671\n|move|p2a: Heatran|Earth Power|p1a: Alomomola\n|-damage|p1a: Alomomola|43\/100\n|move|p1a: Alomomola|Flip Turn|p2a: Heatran\n|-supereffective|p2a: Heatran\n|-damage|p2a: Heatran|16\/100\n|\n|t:|1701140684\n|switch|p1a: Samurott|Samurott-Hisui, F|45\/100|[from] Flip Turn\n|-damage|p1a: Samurott|33\/100|[from] Stealth Rock\n|\n|-heal|p1a: Samurott|100\/100|[from] move: Wish|[wisher] Alomomola\n|-heal|p2a: Heatran|22\/100|[from] item: Leftovers\n|-end|p2a: Heatran|Whirlpool|[partiallytrapped]|[silent]\n|upkeep\n|turn|16\n|\n|t:|1701140688\n|move|p2a: Heatran|Protect|p2a: Heatran\n|-singleturn|p2a: Heatran|Protect\n|move|p1a: Samurott|Ceaseless Edge|p2a: Heatran\n|-activate|p2a: Heatran|move: Protect\n|\n|-heal|p2a: Heatran|28\/100|[from] item: Leftovers\n|upkeep\n|turn|17\n|\n|t:|1701140690\n|switch|p2a: Mandibuzz|Mandibuzz, F|52\/100\n|move|p1a: Samurott|Ceaseless Edge|p2a: Mandibuzz\n|-resisted|p2a: Mandibuzz\n|-damage|p2a: Mandibuzz|39\/100\n|-sidestart|p2: BoundbyTheTusklow|Spikes\n|\n|upkeep\n|turn|18\n|\n|t:|1701140693\n|move|p1a: Samurott|Flip Turn|p2a: Mandibuzz\n|-damage|p2a: Mandibuzz|25\/100\n|\n|t:|1701140696\n|switch|p1a: Great Tusk|Great Tusk|100\/100|[from] Flip Turn\n|move|p2a: Mandibuzz|Roost|p2a: Mandibuzz\n|-heal|p2a: Mandibuzz|75\/100\n|-singleturn|p2a: Mandibuzz|move: Roost\n|\n|upkeep\n|turn|19\n|\n|t:|1701140701\n|move|p1a: Great Tusk|Stealth Rock|p2a: Mandibuzz\n|-sidestart|p2: BoundbyTheTusklow|move: Stealth Rock\n|move|p2a: Mandibuzz|Roost|p2a: Mandibuzz\n|-heal|p2a: Mandibuzz|100\/100\n|-singleturn|p2a: Mandibuzz|move: Roost\n|\n|upkeep\n|turn|20\n|\n|t:|1701140707\n|move|p1a: Great Tusk|Knock Off|p2a: Mandibuzz\n|-resisted|p2a: Mandibuzz\n|-damage|p2a: Mandibuzz|92\/100\n|-enditem|p2a: Mandibuzz|Heavy-Duty Boots|[from] move: Knock Off|[of] p1a: Great Tusk\n|move|p2a: Mandibuzz|Knock Off|p1a: Great Tusk\n|-resisted|p1a: Great Tusk\n|-damage|p1a: Great Tusk|95\/100\n|-enditem|p1a: Great Tusk|Heavy-Duty Boots|[from] move: Knock Off|[of] p2a: Mandibuzz\n|\n|upkeep\n|turn|21\n|\n|t:|1701140720\n|-end|p1a: Great Tusk|Protosynthesis|[silent]\n|switch|p1a: Alomomola|Alomomola, F|77\/100\n|-damage|p1a: Alomomola|64\/100|[from] Stealth Rock\n|move|p2a: Mandibuzz|Knock Off|p1a: Alomomola\n|-crit|p1a: Alomomola\n|-damage|p1a: Alomomola|47\/100\n|-damage|p2a: Mandibuzz|75\/100|[from] item: Rocky Helmet|[of] p1a: Alomomola\n|-enditem|p1a: Alomomola|Rocky Helmet|[from] move: Knock Off|[of] p2a: Mandibuzz\n|\n|upkeep\n|turn|22\n|\n|t:|1701140725\n|move|p2a: Mandibuzz|Defog|p1a: Alomomola\n|-unboost|p1a: Alomomola|evasion|1\n|-sideend|p1: Edubnosfera2|Stealth Rock|[from] move: Defog|[of] p2a: Mandibuzz\n|-sideend|p2: BoundbyTheTusklow|Spikes|[from] move: Defog|[of] p2a: Mandibuzz\n|-sideend|p2: BoundbyTheTusklow|Stealth Rock|[from] move: Defog|[of] p2a: Mandibuzz\n|move|p1a: Alomomola|Wish|p1a: Alomomola\n|\n|upkeep\n|turn|23\n|\n|t:|1701140729\n|move|p2a: Mandibuzz|U-turn|p1a: Alomomola\n|-damage|p1a: Alomomola|42\/100\n|\n|t:|1701140732\n|switch|p2a: Amoonguss|Amoonguss, M|100\/100|[from] U-turn\n|move|p1a: Alomomola|Whirlpool|p2a: Amoonguss\n|-resisted|p2a: Amoonguss\n|-damage|p2a: Amoonguss|98\/100\n|-activate|p2a: Amoonguss|move: Whirlpool|[of] p1a: Alomomola\n|-enditem|p2a: Amoonguss|Red Card|[of] p1a: Alomomola\n|drag|p1a: Great Tusk|Great Tusk|95\/100\n|\n|-heal|p1a: Great Tusk|100\/100|[from] move: Wish|[wisher] Alomomola\n|-end|p2a: Amoonguss|Whirlpool|[partiallytrapped]|[silent]\n|upkeep\n|turn|24\n|\n|t:|1701140749\n|move|p1a: Great Tusk|Stealth Rock|p2a: Amoonguss\n|-sidestart|p2: BoundbyTheTusklow|move: Stealth Rock\n|move|p2a: Amoonguss|Grass Knot|p1a: Great Tusk\n|-supereffective|p1a: Great Tusk\n|-damage|p1a: Great Tusk|3\/100\n|\n|upkeep\n|turn|25\n|\n|t:|1701140770\n|move|p1a: Great Tusk|Earthquake|p2a: Amoonguss\n|-damage|p2a: Amoonguss|52\/100\n|move|p2a: Amoonguss|Giga Drain|p1a: Great Tusk\n|-supereffective|p1a: Great Tusk\n|-damage|p1a: Great Tusk|0 fnt\n|-heal|p2a: Amoonguss|53\/100|[from] drain|[of] p1a: Great Tusk\n|faint|p1a: Great Tusk\n|-end|p1a: Great Tusk|Protosynthesis|[silent]\n|\n|upkeep\n|\n|t:|1701140786\n|switch|p1a: Gholdengo|Gholdengo|11\/100\n|turn|26\n|\n|t:|1701140794\n|move|p1a: Gholdengo|Shadow Ball|p2a: Amoonguss\n|-crit|p2a: Amoonguss\n|-damage|p2a: Amoonguss|10\/100\n|move|p2a: Amoonguss|Giga Drain|p1a: Gholdengo\n|-resisted|p1a: Gholdengo\n|-damage|p1a: Gholdengo|0 fnt\n|-heal|p2a: Amoonguss|14\/100|[from] drain|[of] p1a: Gholdengo\n|faint|p1a: Gholdengo\n|\n|upkeep\n|\n|t:|1701140799\n|switch|p1a: Samurott|Samurott-Hisui, F|100\/100\n|turn|27\n|\n|t:|1701140807\n|switch|p2a: Heatran|Heatran, F|28\/100\n|-damage|p2a: Heatran|16\/100|[from] Stealth Rock\n|move|p1a: Samurott|Ceaseless Edge|p2a: Heatran\n|-damage|p2a: Heatran|0 fnt\n|-sidestart|p2: BoundbyTheTusklow|Spikes\n|faint|p2a: Heatran\n|\n|upkeep\n|\n|t:|1701140815\n|switch|p2a: Mandibuzz|Mandibuzz, F|75\/100\n|-damage|p2a: Mandibuzz|50\/100|[from] Stealth Rock\n|turn|28\n|\n|t:|1701140820\n|move|p1a: Samurott|Flip Turn|p2a: Mandibuzz\n|-damage|p2a: Mandibuzz|35\/100\n|\n|t:|1701140825\n|switch|p1a: Dragonite|Dragonite, F|100\/100|[from] Flip Turn\n|move|p2a: Mandibuzz|Roost|p2a: Mandibuzz\n|-heal|p2a: Mandibuzz|85\/100\n|-singleturn|p2a: Mandibuzz|move: Roost\n|\n|upkeep\n|turn|29\n|\n|t:|1701140828\n|move|p1a: Dragonite|Dragon Dance|p1a: Dragonite\n|-boost|p1a: Dragonite|atk|1\n|-boost|p1a: Dragonite|spe|1\n|move|p2a: Mandibuzz|Defog|p1a: Dragonite\n|-unboost|p1a: Dragonite|evasion|1\n|-sideend|p2: BoundbyTheTusklow|Spikes|[from] move: Defog|[of] p2a: Mandibuzz\n|-sideend|p2: BoundbyTheTusklow|Stealth Rock|[from] move: Defog|[of] p2a: Mandibuzz\n|\n|upkeep\n|turn|30\n|\n|t:|1701140831\n|move|p1a: Dragonite|Dragon Dance|p1a: Dragonite\n|-boost|p1a: Dragonite|atk|1\n|-boost|p1a: Dragonite|spe|1\n|move|p2a: Mandibuzz|U-turn|p1a: Dragonite\n|-resisted|p1a: Dragonite\n|-damage|p1a: Dragonite|98\/100\n|\n|t:|1701140835\n|switch|p2a: Dragonite|Dragonite, M, shiny|100\/100|[from] U-turn\n|\n|upkeep\n|turn|31\n|\n|t:|1701140841\n|move|p1a: Dragonite|Extreme Speed|p2a: Dragonite\n|-damage|p2a: Dragonite|69\/100\n|move|p2a: Dragonite|Dragon Claw|p1a: Dragonite\n|-supereffective|p1a: Dragonite\n|-damage|p1a: Dragonite|0 fnt\n|faint|p1a: Dragonite\n|\n|upkeep\n|\n|t:|1701140849\n|switch|p1a: Samurott|Samurott-Hisui, F|100\/100\n|turn|32\n|\n|t:|1701140853\n|move|p2a: Dragonite|Dragon Claw|p1a: Samurott\n|-damage|p1a: Samurott|43\/100\n|move|p1a: Samurott|Ceaseless Edge|p2a: Dragonite\n|-damage|p2a: Dragonite|22\/100\n|-sidestart|p2: BoundbyTheTusklow|Spikes\n|\n|upkeep\n|turn|33\n|\n|t:|1701140857\n|move|p1a: Samurott|Sucker Punch|p2a: Dragonite\n|-damage|p2a: Dragonite|0 fnt\n|faint|p2a: Dragonite\n|\n|upkeep\n|\n|t:|1701140863\n|switch|p2a: Greninja|Greninja, F, shiny|100\/100\n|-damage|p2a: Greninja|88\/100|[from] Spikes\n|turn|34\n|\n|t:|1701140865\n|move|p2a: Greninja|U-turn|p1a: Samurott\n|-start|p2a: Greninja|typechange|Bug|[from] ability: Protean\n|-supereffective|p1a: Samurott\n|-damage|p1a: Samurott|0 fnt\n|faint|p1a: Samurott\n|\n|t:|1701140870\n|switch|p2a: Amoonguss|Amoonguss, M|48\/100|[from] U-turn\n|-damage|p2a: Amoonguss|35\/100|[from] Spikes\n|\n|upkeep\n|\n|t:|1701140879\n|switch|p1a: Alomomola|Alomomola, F|75\/100\n|turn|35\n|\n|t:|1701140884\n|switch|p2a: Mandibuzz|Mandibuzz, F|85\/100\n|-terastallize|p1a: Alomomola|Steel\n|move|p1a: Alomomola|Whirlpool|p2a: Mandibuzz\n|-damage|p2a: Mandibuzz|80\/100\n|-activate|p2a: Mandibuzz|move: Whirlpool|[of] p1a: Alomomola\n|\n|-damage|p2a: Mandibuzz|68\/100|[from] move: Whirlpool|[partiallytrapped]\n|upkeep\n|turn|36\n|\n|t:|1701140891\n|move|p2a: Mandibuzz|Defog|p1a: Alomomola\n|-unboost|p1a: Alomomola|evasion|1\n|-sideend|p2: BoundbyTheTusklow|Spikes|[from] move: Defog|[of] p2a: Mandibuzz\n|move|p1a: Alomomola|Wish|p1a: Alomomola\n|\n|-damage|p2a: Mandibuzz|55\/100|[from] move: Whirlpool|[partiallytrapped]\n|upkeep\n|turn|37\n|\n|t:|1701140892\n|move|p2a: Mandibuzz|Roost|p2a: Mandibuzz\n|-heal|p2a: Mandibuzz|100\/100\n|-singleturn|p2a: Mandibuzz|move: Roost\n|move|p1a: Alomomola|Scald|p2a: Mandibuzz\n|-damage|p2a: Mandibuzz|89\/100\n|\n|-heal|p1a: Alomomola|100\/100|[from] move: Wish|[wisher] Alomomola\n|-damage|p2a: Mandibuzz|77\/100|[from] move: Whirlpool|[partiallytrapped]\n|upkeep\n|turn|38\n|\n|t:|1701140896\n|move|p2a: Mandibuzz|U-turn|p1a: Alomomola\n|-resisted|p1a: Alomomola\n|-damage|p1a: Alomomola|98\/100\n|\n|t:|1701140900\n|switch|p2a: Kingambit|Kingambit, M|100\/100|[from] U-turn\n|-activate|p2a: Kingambit|ability: Supreme Overlord\n|-start|p2a: Kingambit|fallen2|[silent]\n|move|p1a: Alomomola|Scald|p2a: Kingambit\n|-damage|p2a: Kingambit|86\/100\n|\n|upkeep\n|turn|39\n|\n|t:|1701140904\n|move|p1a: Alomomola|Scald|p2a: Kingambit\n|-damage|p2a: Kingambit|74\/100\n|-status|p2a: Kingambit|brn\n|move|p2a: Kingambit|Low Kick|p1a: Alomomola\n|-supereffective|p1a: Alomomola\n|-damage|p1a: Alomomola|74\/100\n|\n|-damage|p2a: Kingambit|68\/100 brn|[from] brn\n|upkeep\n|turn|40\n|\n|t:|1701140909\n|move|p1a: Alomomola|Whirlpool|p2a: Kingambit\n|-damage|p2a: Kingambit|62\/100 brn\n|-activate|p2a: Kingambit|move: Whirlpool|[of] p1a: Alomomola\n|move|p2a: Kingambit|Low Kick|p1a: Alomomola\n|-supereffective|p1a: Alomomola\n|-damage|p1a: Alomomola|50\/100\n|\n|-damage|p2a: Kingambit|55\/100 brn|[from] brn\n|-damage|p2a: Kingambit|43\/100 brn|[from] move: Whirlpool|[partiallytrapped]\n|upkeep\n|turn|41\n|\n|t:|1701140916\n|move|p1a: Alomomola|Wish|p1a: Alomomola\n|move|p2a: Kingambit|Low Kick|p1a: Alomomola\n|-supereffective|p1a: Alomomola\n|-damage|p1a: Alomomola|26\/100\n|\n|-damage|p2a: Kingambit|37\/100 brn|[from] brn\n|-damage|p2a: Kingambit|25\/100 brn|[from] move: Whirlpool|[partiallytrapped]\n|upkeep\n|turn|42\n|\n|t:|1701140921\n|move|p1a: Alomomola|Scald|p2a: Kingambit\n|-damage|p2a: Kingambit|11\/100 brn\n|move|p2a: Kingambit|Low Kick|p1a: Alomomola\n|-supereffective|p1a: Alomomola\n|-damage|p1a: Alomomola|3\/100\n|\n|-heal|p1a: Alomomola|53\/100|[from] move: Wish|[wisher] Alomomola\n|-damage|p2a: Kingambit|5\/100 brn|[from] brn\n|-damage|p2a: Kingambit|0 fnt|[from] move: Whirlpool|[partiallytrapped]\n|faint|p2a: Kingambit\n|-end|p2a: Kingambit|fallen2|[silent]\n|upkeep\n|\n|t:|1701140927\n|switch|p2a: Greninja|Greninja, F, shiny|88\/100\n|turn|43\n|\n|t:|1701140936\n|-terastallize|p2a: Greninja|Water\n|move|p2a: Greninja|Surf|p1a: Alomomola\n|-damage|p1a: Alomomola|0 fnt\n|faint|p1a: Alomomola\n|\n|upkeep\n|\n|t:|1701140939\n|switch|p1a: Iron Valiant|Iron Valiant|100\/100\n|-enditem|p1a: Iron Valiant|Booster Energy\n|-activate|p1a: Iron Valiant|ability: Quark Drive|[fromitem]\n|-start|p1a: Iron Valiant|quarkdrivespe\n|turn|44\n|\n|t:|1701140942\n|move|p2a: Greninja|Surf|p1a: Iron Valiant\n|-damage|p1a: Iron Valiant|0 fnt\n|faint|p1a: Iron Valiant\n|-end|p1a: Iron Valiant|Quark Drive|[silent]\n|\n|win|BoundbyTheTusklow\n|raw|Edubnosfera2's rating: 1309 &rarr; <strong>1286<\/strong><br \/>(-23 for losing)\n|raw|BoundbyTheTusklow's rating: 1253 &rarr; <strong>1282<\/strong><br \/>(+29 for winning)\n|l|\u2606Edubnosfera2\n","uploadtime":1701140954,"views":3,"p1id":"edubnosfera2","p2id":"boundbythetusklow","formatid":"gen9ou","rating":1282,"private":0,"password":""}