{"id":"gen9ou-1992337192","p1":"dreadway","p2":"MegaCrazy","format":"[Gen 9] OU","log":"|j|\u2606dreadway\n|j|\u2606MegaCrazy\n|t:|1700176107\n|gametype|singles\n|player|p1|dreadway|102|1385\n|player|p2|MegaCrazy|169|1337\n|teamsize|p1|6\n|teamsize|p2|6\n|gen|9\n|tier|[Gen 9] OU\n|rated|\n|rule|Sleep Clause Mod: Limit one foe put to sleep\n|rule|Species Clause: Limit one of each Pok\u00e9mon\n|rule|OHKO Clause: OHKO moves are banned\n|rule|Evasion Items Clause: Evasion items are banned\n|rule|Evasion Moves Clause: Evasion moves are banned\n|rule|Endless Battle Clause: Forcing endless battles is banned\n|rule|HP Percentage Mod: HP is shown in percentages\n|clearpoke\n|poke|p1|Corviknight, M|\n|poke|p1|Lokix, M|\n|poke|p1|Sneasler, F|\n|poke|p1|Ogerpon-Wellspring, F|\n|poke|p1|Zoroark-Hisui, M|\n|poke|p1|Landorus-Therian, M|\n|poke|p2|Pelipper, M|\n|poke|p2|Manaphy|\n|poke|p2|Ogerpon-Wellspring, F|\n|poke|p2|Walking Wake|\n|poke|p2|Basculegion, M|\n|poke|p2|Corviknight, M|\n|teampreview\n|c|\u2606MegaCrazy|gl hf\n|c|\u2606dreadway|u2 bro\n|\n|t:|1700176150\n|start\n|switch|p1a: Landorus|Landorus-Therian, M|100\/100\n|switch|p2a: Pelipper|Pelipper, M|100\/100\n|-ability|p1a: Landorus|Intimidate|boost\n|-unboost|p2a: Pelipper|atk|1\n|-weather|RainDance|[from] ability: Drizzle|[of] p2a: Pelipper\n|turn|1\n|\n|t:|1700176160\n|move|p1a: Landorus|U-turn|p2a: Pelipper\n|-resisted|p2a: Pelipper\n|-damage|p2a: Pelipper|89\/100\n|\n|t:|1700176163\n|switch|p1a: Ogerpon|Ogerpon-Wellspring, F|100\/100|[from] U-turn\n|move|p2a: Pelipper|Hydro Pump|p1a: Ogerpon\n|-immune|p1a: Ogerpon|[from] ability: Water Absorb\n|\n|-weather|RainDance|[upkeep]\n|upkeep\n|turn|2\n|\n|t:|1700176170\n|move|p1a: Ogerpon|Encore|p2a: Pelipper\n|-start|p2a: Pelipper|Encore\n|move|p2a: Pelipper|Hydro Pump|p1a: Ogerpon\n|-immune|p1a: Ogerpon|[from] ability: Water Absorb\n|\n|-weather|RainDance|[upkeep]\n|upkeep\n|turn|3\n|\n|t:|1700176187\n|switch|p2a: Corviknight|Corviknight, M|100\/100\n|-ability|p2a: Corviknight|Pressure\n|move|p1a: Ogerpon|Ivy Cudgel|p2a: Corviknight|[anim] Ivy Cudgel Water\n|-crit|p2a: Corviknight\n|-damage|p2a: Corviknight|24\/100\n|\n|-weather|RainDance|[upkeep]\n|-heal|p2a: Corviknight|31\/100|[from] item: Leftovers\n|upkeep\n|turn|4\n|c|\u2606dreadway|sry\n|\n|t:|1700176196\n|switch|p2a: Basculegion|Basculegion, M|100\/100\n|move|p1a: Ogerpon|Ivy Cudgel|p2a: Basculegion|[anim] Ivy Cudgel Water\n|-resisted|p2a: Basculegion\n|-damage|p2a: Basculegion|42\/100\n|\n|-weather|RainDance|[upkeep]\n|upkeep\n|turn|5\n|\n|t:|1700176206\n|move|p2a: Basculegion|Phantom Force||[still]\n|-prepare|p2a: Basculegion|Phantom Force\n|move|p1a: Ogerpon|Horn Leech|p2a: Basculegion|[miss]\n|-miss|p1a: Ogerpon|p2a: Basculegion\n|\n|-weather|none\n|upkeep\n|turn|6\n|c|\u2606MegaCrazy|NP it happens\n|\n|t:|1700176213\n|switch|p1a: Corviknight|Corviknight, M|100\/100\n|-ability|p1a: Corviknight|Pressure\n|move|p2a: Basculegion|Phantom Force|p1a: Corviknight|[from]lockedmove\n|-damage|p1a: Corviknight|61\/100\n|-damage|p2a: Basculegion|26\/100|[from] item: Rocky Helmet|[of] p1a: Corviknight\n|\n|upkeep\n|turn|7\n|\n|t:|1700176220\n|switch|p2a: Corviknight|Corviknight, M|31\/100\n|-ability|p2a: Corviknight|Pressure\n|move|p1a: Corviknight|U-turn|p2a: Corviknight\n|-resisted|p2a: Corviknight\n|-crit|p2a: Corviknight\n|-damage|p2a: Corviknight|28\/100\n|\n|t:|1700176227\n|switch|p1a: Ogerpon|Ogerpon-Wellspring, F|100\/100|[from] U-turn\n|\n|-heal|p2a: Corviknight|34\/100|[from] item: Leftovers\n|upkeep\n|turn|8\n|\n|t:|1700176234\n|move|p1a: Ogerpon|Shadow Ball|p2a: Corviknight\n|-damage|p2a: Corviknight|0 fnt\n|faint|p2a: Corviknight\n|\n|upkeep\n|\n|t:|1700176242\n|switch|p2a: Ogerpon|Ogerpon-Wellspring, F|100\/100\n|turn|9\n|\n|t:|1700176248\n|move|p1a: Ogerpon|U-turn|p2a: Ogerpon\n|-supereffective|p2a: Ogerpon\n|-damage|p2a: Ogerpon|60\/100\n|\n|t:|1700176254\n|switch|p1a: Corviknight|Corviknight, M|61\/100|[from] U-turn\n|-ability|p1a: Corviknight|Pressure\n|move|p2a: Ogerpon|Trailblaze|p1a: Corviknight\n|-resisted|p1a: Corviknight\n|-damage|p1a: Corviknight|57\/100\n|-boost|p2a: Ogerpon|spe|1\n|-damage|p2a: Ogerpon|43\/100|[from] item: Rocky Helmet|[of] p1a: Corviknight\n|\n|upkeep\n|turn|10\n|\n|t:|1700176265\n|move|p2a: Ogerpon|Ivy Cudgel|p1a: Corviknight|[anim] Ivy Cudgel Water\n|-damage|p1a: Corviknight|23\/100\n|move|p1a: Corviknight|U-turn|p2a: Ogerpon\n|-supereffective|p2a: Ogerpon\n|-damage|p2a: Ogerpon|4\/100\n|\n|t:|1700176269\n|switch|p1a: Sneasler|Sneasler, F|100\/100|[from] U-turn\n|\n|upkeep\n|turn|11\n|\n|t:|1700176272\n|move|p1a: Sneasler|U-turn|p2a: Ogerpon\n|-supereffective|p2a: Ogerpon\n|-damage|p2a: Ogerpon|0 fnt\n|faint|p2a: Ogerpon\n|\n|t:|1700176275\n|switch|p1a: Landorus|Landorus-Therian, M|100\/100|[from] U-turn\n|\n|upkeep\n|c|\u2606MegaCrazy|gg\n|-message|MegaCrazy forfeited.\n|\n|win|dreadway\n|raw|dreadway's rating: 1385 &rarr; <strong>1402<\/strong><br \/>(+17 for winning)\n|raw|MegaCrazy's rating: 1337 &rarr; <strong>1320<\/strong><br \/>(-17 for losing)\n|l|\u2606MegaCrazy\n|c|\u2606dreadway|gg\n","uploadtime":1700176307,"views":7,"p1id":"dreadway","p2id":"megacrazy","formatid":"gen9ou","rating":1320,"private":0,"password":""}