{"id":"gen9ou-1997701935","p1":"UptherewithDavid","p2":"VbMqEFOE1HivWKPMU4","format":"[Gen 9] OU","log":"|j|\u2606UptherewithDavid\n|j|\u2606VbMqEFOE1HivWKPMU4\n|t:|1700843452\n|gametype|singles\n|player|p1|UptherewithDavid|veteran|1093\n|player|p2|VbMqEFOE1HivWKPMU4|169|1000\n|teamsize|p1|6\n|teamsize|p2|6\n|gen|9\n|tier|[Gen 9] OU\n|rated|\n|rule|Sleep Clause Mod: Limit one foe put to sleep\n|rule|Species Clause: Limit one of each Pok\u00e9mon\n|rule|OHKO Clause: OHKO moves are banned\n|rule|Evasion Items Clause: Evasion items are banned\n|rule|Evasion Moves Clause: Evasion moves are banned\n|rule|Endless Battle Clause: Forcing endless battles is banned\n|rule|HP Percentage Mod: HP is shown in percentages\n|clearpoke\n|poke|p1|Kingambit, F|\n|poke|p1|Ogerpon-Cornerstone, F|\n|poke|p1|Glimmora, M|\n|poke|p1|Tyranitar, F|\n|poke|p1|Cinderace, F|\n|poke|p1|Rotom-Wash|\n|poke|p2|Manaphy|\n|poke|p2|Kingambit, M|\n|poke|p2|Ribombee, M|\n|poke|p2|Gholdengo|\n|poke|p2|Iron Moth|\n|poke|p2|Ogerpon-Wellspring, F|\n|teampreview\n|inactive|Battle timer is ON: inactive players will automatically lose when time's up. (requested by VbMqEFOE1HivWKPMU4)\n|\n|t:|1700843455\n|start\n|switch|p1a: Glimmora|Glimmora, M|100\/100\n|switch|p2a: Ribombee|Ribombee, M, shiny|100\/100\n|turn|1\n|\n|t:|1700843469\n|switch|p1a: Tyranitar|Tyranitar, F|100\/100\n|-weather|Sandstorm|[from] ability: Sand Stream|[of] p1a: Tyranitar\n|move|p2a: Ribombee|Psychic|p1a: Tyranitar\n|-immune|p1a: Tyranitar\n|\n|-weather|Sandstorm|[upkeep]\n|-damage|p2a: Ribombee|94\/100|[from] Sandstorm\n|upkeep\n|turn|2\n|\n|t:|1700843478\n|move|p2a: Ribombee|Sticky Web|p1a: Tyranitar\n|-sidestart|p1: UptherewithDavid|move: Sticky Web\n|move|p1a: Tyranitar|Stone Edge|p2a: Ribombee|[miss]\n|-miss|p1a: Tyranitar|p2a: Ribombee\n|\n|-weather|Sandstorm|[upkeep]\n|-damage|p2a: Ribombee|88\/100|[from] Sandstorm\n|upkeep\n|turn|3\n|\n|t:|1700843486\n|move|p2a: Ribombee|Stun Spore|p1a: Tyranitar|[miss]\n|-miss|p2a: Ribombee|p1a: Tyranitar\n|move|p1a: Tyranitar|Stone Edge|p2a: Ribombee|[miss]\n|-miss|p1a: Tyranitar|p2a: Ribombee\n|\n|-weather|Sandstorm|[upkeep]\n|-damage|p2a: Ribombee|82\/100|[from] Sandstorm\n|upkeep\n|turn|4\n|c|\u2606UptherewithDavid|Visibility must be bad\n|\n|t:|1700843505\n|move|p2a: Ribombee|Stun Spore|p1a: Tyranitar\n|-status|p1a: Tyranitar|par\n|move|p1a: Tyranitar|Stone Edge|p2a: Ribombee\n|-supereffective|p2a: Ribombee\n|-crit|p2a: Ribombee\n|-damage|p2a: Ribombee|0 fnt\n|faint|p2a: Ribombee\n|\n|-weather|Sandstorm|[upkeep]\n|upkeep\n|\n|t:|1700843509\n|switch|p2a: Manaphy|Manaphy|100\/100\n|turn|5\n|\n|t:|1700843517\n|move|p2a: Manaphy|Acid Armor|p2a: Manaphy\n|-boost|p2a: Manaphy|def|2\n|cant|p1a: Tyranitar|par\n|\n|-weather|Sandstorm|[upkeep]\n|-damage|p2a: Manaphy|94\/100|[from] Sandstorm\n|-heal|p2a: Manaphy|100\/100|[from] item: Leftovers\n|upkeep\n|turn|6\n|\n|t:|1700843526\n|move|p2a: Manaphy|Take Heart|p2a: Manaphy\n|-boost|p2a: Manaphy|spa|1\n|-boost|p2a: Manaphy|spd|1\n|move|p1a: Tyranitar|Knock Off|p2a: Manaphy\n|-damage|p2a: Manaphy|77\/100\n|-enditem|p2a: Manaphy|Leftovers|[from] move: Knock Off|[of] p1a: Tyranitar\n|\n|-weather|Sandstorm|[upkeep]\n|-damage|p2a: Manaphy|70\/100|[from] Sandstorm\n|upkeep\n|turn|7\n|\n|t:|1700843536\n|move|p2a: Manaphy|Acid Armor|p2a: Manaphy\n|-boost|p2a: Manaphy|def|2\n|move|p1a: Tyranitar|Ice Punch|p2a: Manaphy\n|-resisted|p2a: Manaphy\n|-damage|p2a: Manaphy|66\/100\n|\n|-weather|Sandstorm|[upkeep]\n|-damage|p2a: Manaphy|60\/100|[from] Sandstorm\n|upkeep\n|turn|8\n|\n|t:|1700843547\n|switch|p1a: Rotom|Rotom-Wash|100\/100\n|move|p2a: Manaphy|Take Heart|p2a: Manaphy\n|-boost|p2a: Manaphy|spa|1\n|-boost|p2a: Manaphy|spd|1\n|\n|-weather|none\n|upkeep\n|turn|9\n|\n|t:|1700843561\n|move|p2a: Manaphy|Stored Power|p1a: Rotom\n|-damage|p1a: Rotom|0 fnt\n|faint|p1a: Rotom\n|\n|upkeep\n|\n|t:|1700843571\n|switch|p1a: Glimmora|Glimmora, M|100\/100\n|-activate|p1a: Glimmora|move: Sticky Web\n|-unboost|p1a: Glimmora|spe|1\n|turn|10\n|\n|t:|1700843578\n|move|p2a: Manaphy|Scald|p1a: Glimmora\n|-supereffective|p1a: Glimmora\n|-enditem|p1a: Glimmora|Focus Sash\n|-damage|p1a: Glimmora|1\/100\n|move|p1a: Glimmora|Energy Ball|p2a: Manaphy\n|-supereffective|p2a: Manaphy\n|-damage|p2a: Manaphy|31\/100\n|\n|upkeep\n|turn|11\n|\n|t:|1700843592\n|switch|p1a: Kingambit|Kingambit, F|100\/100\n|-activate|p1a: Kingambit|move: Sticky Web\n|-unboost|p1a: Kingambit|spe|1\n|-activate|p1a: Kingambit|ability: Supreme Overlord\n|-start|p1a: Kingambit|fallen1|[silent]\n|move|p2a: Manaphy|Scald|p1a: Kingambit\n|-damage|p1a: Kingambit|6\/100\n|\n|upkeep\n|turn|12\n|\n|t:|1700843602\n|move|p1a: Kingambit|Sucker Punch|p2a: Manaphy\n|-damage|p2a: Manaphy|13\/100\n|move|p2a: Manaphy|Scald|p1a: Kingambit\n|-crit|p1a: Kingambit\n|-damage|p1a: Kingambit|0 fnt\n|faint|p1a: Kingambit\n|-end|p1a: Kingambit|fallen1|[silent]\n|\n|upkeep\n|\n|t:|1700843610\n|switch|p1a: Cinderace|Cinderace, F|100\/100\n|turn|13\n|\n|t:|1700843616\n|move|p1a: Cinderace|Pyro Ball|p2a: Manaphy\n|-resisted|p2a: Manaphy\n|-damage|p2a: Manaphy|3\/100\n|move|p2a: Manaphy|Scald|p1a: Cinderace\n|-supereffective|p1a: Cinderace\n|-damage|p1a: Cinderace|0 fnt\n|faint|p1a: Cinderace\n|\n|upkeep\n|\n|t:|1700843624\n|switch|p1a: Ogerpon|Ogerpon-Cornerstone, F|100\/100\n|-activate|p1a: Ogerpon|move: Sticky Web\n|-unboost|p1a: Ogerpon|spe|1\n|turn|14\n|\n|t:|1700843632\n|move|p2a: Manaphy|Stored Power|p1a: Ogerpon\n|-ability|p1a: Ogerpon|Sturdy\n|-damage|p1a: Ogerpon|1\/100\n|move|p1a: Ogerpon|Horn Leech|p2a: Manaphy\n|-supereffective|p2a: Manaphy\n|-damage|p2a: Manaphy|0 fnt\n|-heal|p1a: Ogerpon|2\/100|[from] drain|[of] p2a: Manaphy\n|faint|p2a: Manaphy\n|\n|upkeep\n|\n|t:|1700843645\n|switch|p2a: Ogerpon|Ogerpon-Wellspring, F|100\/100\n|turn|15\n|\n|t:|1700843651\n|switch|p1a: Glimmora|Glimmora, M|1\/100\n|-activate|p1a: Glimmora|move: Sticky Web\n|-unboost|p1a: Glimmora|spe|1\n|move|p2a: Ogerpon|Ivy Cudgel|p1a: Glimmora|[anim] Ivy Cudgel Water\n|-supereffective|p1a: Glimmora\n|-damage|p1a: Glimmora|0 fnt\n|-activate|p1a: Glimmora|ability: Toxic Debris\n|-sidestart|p2: VbMqEFOE1HivWKPMU4|move: Toxic Spikes\n|faint|p1a: Glimmora\n|\n|upkeep\n|\n|t:|1700843663\n|switch|p1a: Tyranitar|Tyranitar, F|100\/100 par\n|-activate|p1a: Tyranitar|move: Sticky Web\n|-unboost|p1a: Tyranitar|spe|1\n|-weather|Sandstorm|[from] ability: Sand Stream|[of] p1a: Tyranitar\n|turn|16\n|\n|t:|1700843673\n|-terastallize|p2a: Ogerpon|Water\n|detailschange|p2a: Ogerpon|Ogerpon-Wellspring-Tera, F, tera:Water\n|-ability|p2a: Ogerpon|Embody Aspect (Wellspring)|boost\n|-boost|p2a: Ogerpon|spd|1\n|-terastallize|p1a: Tyranitar|Ice\n|move|p2a: Ogerpon|Ivy Cudgel|p1a: Tyranitar|[anim] Ivy Cudgel Water\n|-damage|p1a: Tyranitar|27\/100 par\n|move|p1a: Tyranitar|Stone Edge|p2a: Ogerpon|[miss]\n|-miss|p1a: Tyranitar|p2a: Ogerpon\n|\n|-weather|Sandstorm|[upkeep]\n|-damage|p2a: Ogerpon|95\/100|[from] Sandstorm\n|-damage|p1a: Tyranitar|21\/100 par|[from] Sandstorm\n|upkeep\n|turn|17\n|\n|t:|1700843687\n|move|p2a: Ogerpon|Ivy Cudgel|p1a: Tyranitar|[anim] Ivy Cudgel Water\n|-crit|p1a: Tyranitar\n|-damage|p1a: Tyranitar|0 fnt\n|faint|p1a: Tyranitar\n|\n|-weather|Sandstorm|[upkeep]\n|-damage|p2a: Ogerpon|89\/100|[from] Sandstorm\n|upkeep\n|l|\u2606UptherewithDavid\n|inactive|UptherewithDavid disconnected and has a minute to reconnect!\n|player|p1|\n|inactive|UptherewithDavid has 30 seconds to reconnect!\n|inactive|UptherewithDavid has 20 seconds to reconnect!\n|inactive|UptherewithDavid has 15 seconds to reconnect!\n|inactive|UptherewithDavid has 10 seconds to reconnect!\n|inactive|UptherewithDavid has 5 seconds to reconnect!\n|-message|UptherewithDavid lost due to inactivity.\n|\n|win|VbMqEFOE1HivWKPMU4\n|raw|UptherewithDavid's rating: 1093 &rarr; <strong>1063<\/strong><br \/>(-30 for losing)\n|raw|VbMqEFOE1HivWKPMU4's rating: 1000 &rarr; <strong>1050<\/strong><br \/>(+50 for winning)\n","uploadtime":1700843756,"views":4,"p1id":"uptherewithdavid","p2id":"vbmqefoe1hivwkpmu4","formatid":"gen9ou","rating":1050,"private":0,"password":""}