{"id":"gen9ou-1990498659","p1":"DareDevilHbh","p2":"IsaiahZX7","format":"[Gen 9] OU","log":"|j|\u2606DareDevilHbh\n|j|\u2606IsaiahZX7\n|t:|1699976397\n|gametype|singles\n|player|p1|DareDevilHbh|1|1159\n|player|p2|IsaiahZX7|cynthia|1099\n|teamsize|p1|6\n|teamsize|p2|6\n|gen|9\n|tier|[Gen 9] OU\n|rated|\n|rule|Sleep Clause Mod: Limit one foe put to sleep\n|rule|Species Clause: Limit one of each Pok\u00e9mon\n|rule|OHKO Clause: OHKO moves are banned\n|rule|Evasion Items Clause: Evasion items are banned\n|rule|Evasion Moves Clause: Evasion moves are banned\n|rule|Endless Battle Clause: Forcing endless battles is banned\n|rule|HP Percentage Mod: HP is shown in percentages\n|clearpoke\n|poke|p1|Great Tusk|\n|poke|p1|Torkoal, M|\n|poke|p1|Ceruledge, M|\n|poke|p1|Hatterene, F|\n|poke|p1|Brute Bonnet|\n|poke|p1|Walking Wake|\n|poke|p2|Dragapult, M|\n|poke|p2|Heatran, M|\n|poke|p2|Great Tusk|\n|poke|p2|Amoonguss, M|\n|poke|p2|Weavile, M|\n|poke|p2|Enamorus, F|\n|teampreview\n|\n|t:|1699976415\n|start\n|switch|p1a: Torkoal|Torkoal, M, shiny|100\/100\n|switch|p2a: Hot Chunk|Heatran, M, shiny|100\/100\n|-item|p2a: Hot Chunk|Air Balloon\n|-weather|SunnyDay|[from] ability: Drought|[of] p1a: Torkoal\n|turn|1\n|\n|t:|1699976428\n|switch|p1a: Hatterene|Hatterene, F|100\/100\n|move|p2a: Hot Chunk|Will-O-Wisp|p1a: Hatterene\n|move|p1a: Hatterene|Will-O-Wisp|p2a: Hot Chunk|[from]ability: Magic Bounce\n|-start|p2a: Hot Chunk|ability: Flash Fire\n|\n|-weather|SunnyDay|[upkeep]\n|upkeep\n|turn|2\n|\n|t:|1699976441\n|switch|p1a: Walking Wake|Walking Wake|100\/100\n|-activate|p1a: Walking Wake|ability: Protosynthesis\n|-start|p1a: Walking Wake|protosynthesisspe\n|move|p2a: Hot Chunk|Magma Storm|p1a: Walking Wake\n|-resisted|p1a: Walking Wake\n|-damage|p1a: Walking Wake|67\/100\n|-activate|p1a: Walking Wake|move: Magma Storm|[of] p2a: Hot Chunk\n|\n|-weather|SunnyDay|[upkeep]\n|-damage|p1a: Walking Wake|54\/100|[from] move: Magma Storm|[partiallytrapped]\n|upkeep\n|turn|3\n|\n|t:|1699976453\n|-end|p2a: Hot Chunk|ability: Flash Fire|[silent]\n|switch|p2a: Amanita Phalloides|Amoonguss, M, shiny|100\/100\n|move|p1a: Walking Wake|Hydro Steam|p2a: Amanita Phalloides\n|-resisted|p2a: Amanita Phalloides\n|-damage|p2a: Amanita Phalloides|76\/100\n|-enditem|p2a: Amanita Phalloides|Red Card|[of] p1a: Walking Wake\n|-end|p1a: Walking Wake|Protosynthesis|[silent]\n|drag|p1a: Hatterene|Hatterene, F|100\/100\n|\n|-weather|SunnyDay|[upkeep]\n|upkeep\n|turn|4\n|\n|t:|1699976471\n|move|p1a: Hatterene|Mystical Fire|p2a: Amanita Phalloides\n|-supereffective|p2a: Amanita Phalloides\n|-damage|p2a: Amanita Phalloides|30\/100\n|-unboost|p2a: Amanita Phalloides|spa|1\n|move|p2a: Amanita Phalloides|Sludge Bomb|p1a: Hatterene\n|-supereffective|p1a: Hatterene\n|-damage|p1a: Hatterene|59\/100\n|-enditem|p1a: Hatterene|Eject Button\n|\n|t:|1699976480\n|switch|p1a: Walking Wake|Walking Wake|54\/100\n|-activate|p1a: Walking Wake|ability: Protosynthesis\n|-start|p1a: Walking Wake|protosynthesisspe\n|\n|-weather|SunnyDay|[upkeep]\n|upkeep\n|turn|5\n|\n|t:|1699976498\n|switch|p2a: Hot Chunk|Heatran, M, shiny|100\/100\n|-item|p2a: Hot Chunk|Air Balloon\n|move|p1a: Walking Wake|Flamethrower|p2a: Hot Chunk\n|-start|p2a: Hot Chunk|ability: Flash Fire\n|\n|-weather|SunnyDay|[upkeep]\n|upkeep\n|turn|6\n|\n|t:|1699976509\n|-end|p2a: Hot Chunk|ability: Flash Fire|[silent]\n|switch|p2a: Amanita Phalloides|Amoonguss, M, shiny|64\/100\n|move|p1a: Walking Wake|Hydro Steam|p2a: Amanita Phalloides\n|-resisted|p2a: Amanita Phalloides\n|-damage|p2a: Amanita Phalloides|39\/100\n|-damage|p1a: Walking Wake|45\/100|[from] item: Life Orb\n|\n|-weather|SunnyDay|[upkeep]\n|upkeep\n|turn|7\n|\n|t:|1699976519\n|switch|p2a: Jonathan Crane|Dragapult, M|100\/100\n|move|p1a: Walking Wake|Flamethrower|p2a: Jonathan Crane\n|-resisted|p2a: Jonathan Crane\n|-damage|p2a: Jonathan Crane|53\/100\n|-damage|p1a: Walking Wake|35\/100|[from] item: Life Orb\n|\n|-weather|SunnyDay|[upkeep]\n|upkeep\n|turn|8\n|\n|t:|1699976542\n|-end|p1a: Walking Wake|Protosynthesis|[silent]\n|switch|p1a: Brute Bonnet|Brute Bonnet|100\/100\n|-activate|p1a: Brute Bonnet|ability: Protosynthesis\n|-start|p1a: Brute Bonnet|protosynthesisatk\n|switch|p2a: Lovetolos|Enamorus, F|100\/100\n|\n|-weather|none\n|-end|p1a: Brute Bonnet|Protosynthesis\n|upkeep\n|turn|9\n|\n|t:|1699976557\n|-end|p1a: Brute Bonnet|Protosynthesis|[silent]\n|switch|p1a: Torkoal|Torkoal, M, shiny|100\/100\n|-weather|SunnyDay|[from] ability: Drought|[of] p1a: Torkoal\n|move|p2a: Lovetolos|Calm Mind|p2a: Lovetolos\n|-boost|p2a: Lovetolos|spa|1\n|-boost|p2a: Lovetolos|spd|1\n|\n|-weather|SunnyDay|[upkeep]\n|upkeep\n|turn|10\n|\n|t:|1699976564\n|move|p2a: Lovetolos|Earth Power|p1a: Torkoal\n|-supereffective|p1a: Torkoal\n|-damage|p1a: Torkoal|6\/100\n|move|p1a: Torkoal|Yawn|p2a: Lovetolos\n|-start|p2a: Lovetolos|move: Yawn|[of] p1a: Torkoal\n|\n|-weather|SunnyDay|[upkeep]\n|upkeep\n|turn|11\n|inactive|Battle timer is ON: inactive players will automatically lose when time's up. (requested by DareDevilHbh)\n|\n|t:|1699976603\n|switch|p2a: Hot Chunk|Heatran, M, shiny|100\/100\n|-item|p2a: Hot Chunk|Air Balloon\n|switch|p1a: Brute Bonnet|Brute Bonnet|100\/100\n|-activate|p1a: Brute Bonnet|ability: Protosynthesis\n|-start|p1a: Brute Bonnet|protosynthesisatk\n|\n|-weather|SunnyDay|[upkeep]\n|upkeep\n|turn|12\n|\n|t:|1699976616\n|switch|p2a: Amanita Phalloides|Amoonguss, M, shiny|72\/100\n|move|p1a: Brute Bonnet|Spore|p2a: Amanita Phalloides\n|-immune|p2a: Amanita Phalloides\n|\n|-weather|SunnyDay|[upkeep]\n|upkeep\n|turn|13\n|\n|t:|1699976630\n|move|p1a: Brute Bonnet|Crunch|p2a: Amanita Phalloides\n|-damage|p2a: Amanita Phalloides|16\/100\n|move|p2a: Amanita Phalloides|Sludge Bomb|p1a: Brute Bonnet\n|-supereffective|p1a: Brute Bonnet\n|-damage|p1a: Brute Bonnet|54\/100\n|\n|-weather|SunnyDay|[upkeep]\n|upkeep\n|turn|14\n|\n|t:|1699976637\n|switch|p2a: Dumbo|Great Tusk, shiny|100\/100\n|-activate|p2a: Dumbo|ability: Protosynthesis\n|-start|p2a: Dumbo|protosynthesisatk\n|move|p1a: Brute Bonnet|Crunch|p2a: Dumbo\n|-resisted|p2a: Dumbo\n|-damage|p2a: Dumbo|82\/100\n|\n|-weather|SunnyDay|[upkeep]\n|-heal|p2a: Dumbo|88\/100|[from] item: Leftovers\n|upkeep\n|turn|15\n|\n|t:|1699976646\n|-terastallize|p2a: Dumbo|Steel\n|move|p2a: Dumbo|Rapid Spin|p1a: Brute Bonnet\n|-damage|p1a: Brute Bonnet|31\/100\n|-boost|p2a: Dumbo|spe|1\n|move|p1a: Brute Bonnet|Bullet Seed|p2a: Dumbo\n|-resisted|p2a: Dumbo\n|-damage|p2a: Dumbo|82\/100\n|-resisted|p2a: Dumbo\n|-damage|p2a: Dumbo|76\/100\n|-resisted|p2a: Dumbo\n|-damage|p2a: Dumbo|71\/100\n|-resisted|p2a: Dumbo\n|-damage|p2a: Dumbo|64\/100\n|-hitcount|p2a: Dumbo|4\n|\n|-weather|SunnyDay|[upkeep]\n|-heal|p2a: Dumbo|71\/100|[from] item: Leftovers\n|upkeep\n|turn|16\n|\n|t:|1699976652\n|move|p2a: Dumbo|Ice Spinner|p1a: Brute Bonnet\n|-supereffective|p1a: Brute Bonnet\n|-damage|p1a: Brute Bonnet|0 fnt\n|faint|p1a: Brute Bonnet\n|-end|p1a: Brute Bonnet|Protosynthesis|[silent]\n|\n|-weather|none\n|-end|p2a: Dumbo|Protosynthesis\n|-heal|p2a: Dumbo|77\/100|[from] item: Leftovers\n|upkeep\n|\n|t:|1699976656\n|switch|p1a: Torkoal|Torkoal, M, shiny|6\/100\n|-weather|SunnyDay|[from] ability: Drought|[of] p1a: Torkoal\n|-activate|p2a: Dumbo|ability: Protosynthesis\n|-start|p2a: Dumbo|protosynthesisatk\n|turn|17\n|\n|t:|1699976665\n|move|p2a: Dumbo|Rapid Spin|p1a: Torkoal\n|-damage|p1a: Torkoal|0 fnt\n|-boost|p2a: Dumbo|spe|1\n|faint|p1a: Torkoal\n|\n|-weather|SunnyDay|[upkeep]\n|-heal|p2a: Dumbo|83\/100|[from] item: Leftovers\n|upkeep\n|\n|t:|1699976668\n|switch|p1a: Hatterene|Hatterene, F|59\/100\n|turn|18\n|\n|t:|1699976674\n|move|p2a: Dumbo|Earthquake|p1a: Hatterene\n|-damage|p1a: Hatterene|0 fnt\n|faint|p1a: Hatterene\n|\n|-weather|SunnyDay|[upkeep]\n|-heal|p2a: Dumbo|89\/100|[from] item: Leftovers\n|upkeep\n|\n|t:|1699976677\n|switch|p1a: Walking Wake|Walking Wake|35\/100\n|-activate|p1a: Walking Wake|ability: Protosynthesis\n|-start|p1a: Walking Wake|protosynthesisspe\n|turn|19\n|\n|t:|1699976683\n|move|p1a: Walking Wake|Hydro Steam|p2a: Dumbo\n|-damage|p2a: Dumbo|0 fnt\n|faint|p2a: Dumbo\n|-end|p2a: Dumbo|Protosynthesis|[silent]\n|-damage|p1a: Walking Wake|25\/100|[from] item: Life Orb\n|\n|-weather|SunnyDay|[upkeep]\n|upkeep\n|\n|t:|1699976688\n|switch|p2a: Amanita Phalloides|Amoonguss, M, shiny|49\/100\n|turn|20\n|\n|t:|1699976699\n|switch|p2a: Jonathan Crane|Dragapult, M|53\/100\n|move|p1a: Walking Wake|Flamethrower|p2a: Jonathan Crane\n|-resisted|p2a: Jonathan Crane\n|-damage|p2a: Jonathan Crane|4\/100\n|-damage|p1a: Walking Wake|16\/100|[from] item: Life Orb\n|\n|-weather|SunnyDay|[upkeep]\n|upkeep\n|turn|21\n|\n|t:|1699976711\n|move|p1a: Walking Wake|Hydro Steam|p2a: Jonathan Crane\n|-resisted|p2a: Jonathan Crane\n|-damage|p2a: Jonathan Crane|0 fnt\n|faint|p2a: Jonathan Crane\n|-damage|p1a: Walking Wake|6\/100|[from] item: Life Orb\n|\n|-weather|SunnyDay|[upkeep]\n|upkeep\n|\n|t:|1699976714\n|switch|p2a: TMafia|Weavile, M|100\/100\n|turn|22\n|\n|t:|1699976719\n|move|p2a: TMafia|Ice Shard|p1a: Walking Wake\n|-damage|p1a: Walking Wake|0 fnt\n|faint|p1a: Walking Wake\n|-end|p1a: Walking Wake|Protosynthesis|[silent]\n|\n|-weather|SunnyDay|[upkeep]\n|upkeep\n|\n|t:|1699976722\n|switch|p1a: Great Tusk|Great Tusk, shiny|100\/100\n|-activate|p1a: Great Tusk|ability: Protosynthesis\n|-start|p1a: Great Tusk|protosynthesisdef\n|turn|23\n|\n|t:|1699976729\n|-end|p1a: Great Tusk|Protosynthesis|[silent]\n|switch|p1a: Ceruledge|Ceruledge, M, shiny|100\/100\n|move|p2a: TMafia|Icicle Crash|p1a: Ceruledge\n|-resisted|p1a: Ceruledge\n|-damage|p1a: Ceruledge|67\/100\n|-ability|p1a: Ceruledge|Weak Armor|boost\n|-unboost|p1a: Ceruledge|def|1\n|-boost|p1a: Ceruledge|spe|2\n|\n|-weather|SunnyDay|[upkeep]\n|upkeep\n|turn|24\n|\n|t:|1699976732\n|move|p1a: Ceruledge|Swords Dance|p1a: Ceruledge\n|-boost|p1a: Ceruledge|atk|2\n|move|p2a: TMafia|Knock Off|p1a: Ceruledge\n|-supereffective|p1a: Ceruledge\n|-damage|p1a: Ceruledge|0 fnt\n|-enditem|p1a: Ceruledge|Focus Sash|[from] move: Knock Off|[of] p2a: TMafia\n|faint|p1a: Ceruledge\n|\n|-weather|none\n|upkeep\n|-message|DareDevilHbh forfeited.\n|\n|win|IsaiahZX7\n|raw|DareDevilHbh's rating: 1159 &rarr; <strong>1130<\/strong><br \/>(-29 for losing)\n|raw|IsaiahZX7's rating: 1099 &rarr; <strong>1128<\/strong><br \/>(+29 for winning)\n|l|\u2606DareDevilHbh\n","uploadtime":1699976808,"views":12,"p1id":"daredevilhbh","p2id":"isaiahzx7","formatid":"gen9ou","rating":1128,"private":0,"password":""}