{"id":"gen9ou-1997358255","p1":"everywhere eddie","p2":"ManwitchX","format":"[Gen 9] OU","log":"|j|\u2606everywhere eddie\n|j|\u2606ManwitchX\n|t:|1700793779\n|gametype|singles\n|player|p1|everywhere eddie|larry|1230\n|player|p2|ManwitchX|169|1312\n|teamsize|p1|6\n|teamsize|p2|6\n|gen|9\n|tier|[Gen 9] OU\n|rated|\n|rule|Sleep Clause Mod: Limit one foe put to sleep\n|rule|Species Clause: Limit one of each Pok\u00e9mon\n|rule|OHKO Clause: OHKO moves are banned\n|rule|Evasion Items Clause: Evasion items are banned\n|rule|Evasion Moves Clause: Evasion moves are banned\n|rule|Endless Battle Clause: Forcing endless battles is banned\n|rule|HP Percentage Mod: HP is shown in percentages\n|clearpoke\n|poke|p1|Sandy Shocks|\n|poke|p1|Garchomp, F|\n|poke|p1|Cinderace, F|\n|poke|p1|Tornadus-Therian, M|\n|poke|p1|Amoonguss, M|\n|poke|p1|Kingambit, M|\n|poke|p2|Glimmora, M|\n|poke|p2|Iron Moth|\n|poke|p2|Great Tusk|\n|poke|p2|Kingambit, M|\n|poke|p2|Kommo-o, F|\n|poke|p2|Amoonguss, F|\n|teampreview\n|\n|t:|1700793783\n|start\n|switch|p1a: Garchomp|Garchomp, F|100\/100\n|switch|p2a: Glimmora|Glimmora, M|100\/100\n|turn|1\n|\n|t:|1700793790\n|move|p1a: Garchomp|Earthquake|p2a: Glimmora\n|-supereffective|p2a: Glimmora\n|-enditem|p2a: Glimmora|Focus Sash\n|-damage|p2a: Glimmora|1\/100\n|-activate|p2a: Glimmora|ability: Toxic Debris\n|-sidestart|p1: everywhere eddie|move: Toxic Spikes\n|move|p2a: Glimmora|Stealth Rock|p1a: Garchomp\n|-sidestart|p1: everywhere eddie|move: Stealth Rock\n|\n|upkeep\n|turn|2\n|\n|t:|1700793799\n|move|p2a: Glimmora|Sludge Bomb|p1a: Garchomp\n|-resisted|p1a: Garchomp\n|-damage|p1a: Garchomp|75\/100\n|move|p1a: Garchomp|Dragon Tail|p2a: Glimmora\n|-damage|p2a: Glimmora|0 fnt\n|-activate|p2a: Glimmora|ability: Toxic Debris\n|-sidestart|p1: everywhere eddie|move: Toxic Spikes\n|faint|p2a: Glimmora\n|\n|upkeep\n|\n|t:|1700793810\n|switch|p2a: Iron Moth|Iron Moth|100\/100\n|-enditem|p2a: Iron Moth|Booster Energy\n|-activate|p2a: Iron Moth|ability: Quark Drive|[fromitem]\n|-start|p2a: Iron Moth|quarkdrivespa\n|turn|3\n|\n|t:|1700793815\n|move|p2a: Iron Moth|Dazzling Gleam|p1a: Garchomp\n|-supereffective|p1a: Garchomp\n|-damage|p1a: Garchomp|3\/100\n|move|p1a: Garchomp|Earthquake|p2a: Iron Moth\n|-supereffective|p2a: Iron Moth\n|-damage|p2a: Iron Moth|0 fnt\n|faint|p2a: Iron Moth\n|-end|p2a: Iron Moth|Quark Drive|[silent]\n|\n|upkeep\n|\n|t:|1700793825\n|switch|p2a: Great Tusk|Great Tusk|100\/100\n|turn|4\n|\n|t:|1700793830\n|move|p2a: Great Tusk|Rapid Spin|p1a: Garchomp\n|-damage|p1a: Garchomp|0 fnt\n|-boost|p2a: Great Tusk|spe|1\n|-damage|p2a: Great Tusk|88\/100|[from] ability: Rough Skin|[of] p1a: Garchomp\n|-damage|p2a: Great Tusk|72\/100|[from] item: Rocky Helmet|[of] p1a: Garchomp\n|faint|p1a: Garchomp\n|\n|-heal|p2a: Great Tusk|78\/100|[from] item: Leftovers\n|upkeep\n|\n|t:|1700793841\n|switch|p1a: Tornadus|Tornadus-Therian, M|100\/100\n|turn|5\n|\n|t:|1700793848\n|move|p2a: Great Tusk|Ice Spinner|p1a: Tornadus\n|-supereffective|p1a: Tornadus\n|-damage|p1a: Tornadus|25\/100\n|move|p1a: Tornadus|Bleakwind Storm|p2a: Great Tusk\n|-supereffective|p2a: Great Tusk\n|-damage|p2a: Great Tusk|0 fnt\n|faint|p2a: Great Tusk\n|-end|p2a: Great Tusk|Protosynthesis|[silent]\n|\n|upkeep\n|\n|t:|1700793858\n|switch|p2a: Kommo-o|Kommo-o, F|100\/100\n|turn|6\n|\n|t:|1700793867\n|-terastallize|p2a: Kommo-o|Steel\n|move|p1a: Tornadus|U-turn|p2a: Kommo-o\n|-resisted|p2a: Kommo-o\n|-damage|p2a: Kommo-o|93\/100\n|inactive|Battle timer is ON: inactive players will automatically lose when time's up. (requested by ManwitchX)\n|\n|t:|1700793872\n|switch|p1a: Cinderace|Cinderace, F|100\/100|[from] U-turn\n|move|p2a: Kommo-o|Substitute|p2a: Kommo-o\n|-start|p2a: Kommo-o|Substitute\n|-damage|p2a: Kommo-o|69\/100\n|\n|upkeep\n|turn|7\n|\n|t:|1700793878\n|move|p1a: Cinderace|Court Change|p1a: Cinderace\n|-start|p1a: Cinderace|typechange|Normal|[from] ability: Libero\n|-swapsideconditions\n|-activate|p1a: Cinderace|move: Court Change\n|move|p2a: Kommo-o|Substitute|p2a: Kommo-o\n|-fail|p2a: Kommo-o|move: Substitute\n|\n|upkeep\n|turn|8\n|\n|t:|1700793885\n|move|p1a: Cinderace|Pyro Ball|p2a: Kommo-o\n|-immune|p2a: Kommo-o|[from] ability: Bulletproof\n|move|p2a: Kommo-o|Belly Drum|p2a: Kommo-o\n|-damage|p2a: Kommo-o|19\/100\n|-setboost|p2a: Kommo-o|atk|6|[from] move: Belly Drum\n|-enditem|p2a: Kommo-o|Salac Berry|[eat]\n|-boost|p2a: Kommo-o|spe|1|[from] item: Salac Berry\n|\n|upkeep\n|turn|9\n|c|\u2606ManwitchX|misclick fuck\n|\n|t:|1700793895\n|move|p2a: Kommo-o|Drain Punch|p1a: Cinderace\n|-supereffective|p1a: Cinderace\n|-damage|p1a: Cinderace|0 fnt\n|-heal|p2a: Kommo-o|71\/100|[from] drain|[of] p1a: Cinderace\n|faint|p1a: Cinderace\n|\n|upkeep\n|\n|t:|1700793904\n|switch|p1a: Tornadus|Tornadus-Therian, M|58\/100\n|turn|10\n|\n|t:|1700793911\n|move|p2a: Kommo-o|Dragon Claw|p1a: Tornadus\n|-damage|p1a: Tornadus|0 fnt\n|faint|p1a: Tornadus\n|\n|upkeep\n|-message|everywhere eddie forfeited.\n|\n|win|ManwitchX\n|raw|everywhere eddie's rating: 1230 &rarr; <strong>1211<\/strong><br \/>(-19 for losing)\n|raw|ManwitchX's rating: 1312 &rarr; <strong>1327<\/strong><br \/>(+15 for winning)\n|l|\u2606everywhere eddie\n","uploadtime":1700793889,"views":5,"p1id":"everywhereeddie","p2id":"manwitchx","formatid":"gen9ou","rating":1211,"private":0,"password":""}