{"id":"gen9ou-1993510116","p1":"Endicurus Rage","p2":"blanket towel","format":"[Gen 9] OU","log":"|j|\u2606Endicurus Rage\n|j|\u2606blanket towel\n|t:|1700326343\n|gametype|singles\n|player|p1|Endicurus Rage|veteran|1152\n|player|p2|blanket towel|serena-masters2|1096\n|teamsize|p1|6\n|teamsize|p2|6\n|gen|9\n|tier|[Gen 9] OU\n|rated|\n|rule|Sleep Clause Mod: Limit one foe put to sleep\n|rule|Species Clause: Limit one of each Pok\u00e9mon\n|rule|OHKO Clause: OHKO moves are banned\n|rule|Evasion Items Clause: Evasion items are banned\n|rule|Evasion Moves Clause: Evasion moves are banned\n|rule|Endless Battle Clause: Forcing endless battles is banned\n|rule|HP Percentage Mod: HP is shown in percentages\n|clearpoke\n|poke|p1|Breloom, F|\n|poke|p1|Slowking-Galar, F|\n|poke|p1|Zamazenta-*|\n|poke|p1|Meowscarada, F|\n|poke|p1|Hydreigon, M|\n|poke|p1|Ceruledge, M|\n|poke|p2|Maushold-Four|\n|poke|p2|Samurott-Hisui, M|\n|poke|p2|Great Tusk|\n|poke|p2|Garganacl, F|\n|poke|p2|Cinderace, F|\n|poke|p2|Thundurus-Therian, M|\n|teampreview\n|\n|t:|1700326359\n|start\n|switch|p1a: Breloom|Breloom, F, shiny|100\/100\n|switch|p2a: Cinderace|Cinderace, F|100\/100\n|turn|1\n|\n|t:|1700326375\n|switch|p1a: Ceruledge|Ceruledge, M|100\/100\n|move|p2a: Cinderace|Pyro Ball|p1a: Ceruledge\n|-start|p1a: Ceruledge|ability: Flash Fire\n|\n|upkeep\n|turn|2\n|\n|t:|1700326381\n|move|p2a: Cinderace|Sucker Punch||[still]\n|-fail|p2a: Cinderace\n|move|p1a: Ceruledge|Bulk Up|p1a: Ceruledge\n|-boost|p1a: Ceruledge|atk|1\n|-boost|p1a: Ceruledge|def|1\n|\n|upkeep\n|turn|3\n|\n|t:|1700326387\n|move|p2a: Cinderace|U-turn|p1a: Ceruledge\n|-start|p2a: Cinderace|typechange|Bug|[from] ability: Libero\n|-resisted|p1a: Ceruledge\n|-damage|p1a: Ceruledge|93\/100\n|\n|t:|1700326402\n|switch|p2a: Thundurus|Thundurus-Therian, M|100\/100|[from] U-turn\n|move|p1a: Ceruledge|Bulk Up|p1a: Ceruledge\n|-boost|p1a: Ceruledge|atk|1\n|-boost|p1a: Ceruledge|def|1\n|\n|upkeep\n|turn|4\n|\n|t:|1700326412\n|move|p2a: Thundurus|Volt Switch|p1a: Ceruledge\n|-damage|p1a: Ceruledge|19\/100\n|\n|t:|1700326418\n|switch|p2a: Cinderace|Cinderace, F|100\/100|[from] Volt Switch\n|move|p1a: Ceruledge|Bitter Blade|p2a: Cinderace\n|-resisted|p2a: Cinderace\n|-damage|p2a: Cinderace|0 fnt\n|-heal|p1a: Ceruledge|71\/100|[from] drain|[of] p2a: Cinderace\n|faint|p2a: Cinderace\n|\n|upkeep\n|\n|t:|1700326427\n|switch|p2a: Great Tusk|Great Tusk|100\/100\n|-enditem|p2a: Great Tusk|Booster Energy\n|-activate|p2a: Great Tusk|ability: Protosynthesis|[fromitem]\n|-start|p2a: Great Tusk|protosynthesisatk\n|turn|5\n|\n|t:|1700326433\n|move|p2a: Great Tusk|Headlong Rush|p1a: Ceruledge\n|-supereffective|p1a: Ceruledge\n|-damage|p1a: Ceruledge|0 fnt\n|-unboost|p2a: Great Tusk|def|1\n|-unboost|p2a: Great Tusk|spd|1\n|faint|p1a: Ceruledge\n|\n|upkeep\n|\n|t:|1700326450\n|switch|p1a: Slowking|Slowking-Galar, F|100\/100\n|turn|6\n|\n|t:|1700326459\n|move|p2a: Great Tusk|Headlong Rush|p1a: Slowking\n|-supereffective|p1a: Slowking\n|-damage|p1a: Slowking|0 fnt\n|-unboost|p2a: Great Tusk|def|1\n|-unboost|p2a: Great Tusk|spd|1\n|faint|p1a: Slowking\n|\n|upkeep\n|\n|t:|1700326467\n|switch|p1a: Hydreigon|Hydreigon, M|100\/100\n|turn|7\n|\n|t:|1700326476\n|move|p1a: Hydreigon|Flash Cannon|p2a: Great Tusk\n|-damage|p2a: Great Tusk|0 fnt\n|faint|p2a: Great Tusk\n|-end|p2a: Great Tusk|Protosynthesis|[silent]\n|\n|upkeep\n|\n|t:|1700326486\n|switch|p2a: Samurott|Samurott-Hisui, M|100\/100\n|turn|8\n|\n|t:|1700326492\n|move|p2a: Samurott|Sacred Sword|p1a: Hydreigon\n|-supereffective|p1a: Hydreigon\n|-damage|p1a: Hydreigon|6\/100\n|move|p1a: Hydreigon|Flash Cannon|p2a: Samurott\n|-resisted|p2a: Samurott\n|-damage|p2a: Samurott|71\/100\n|\n|upkeep\n|turn|9\n|\n|t:|1700326502\n|switch|p1a: Zamazenta|Zamazenta|100\/100\n|-ability|p1a: Zamazenta|Dauntless Shield|boost\n|-boost|p1a: Zamazenta|def|1\n|move|p2a: Samurott|Sacred Sword|p1a: Zamazenta\n|-damage|p1a: Zamazenta|67\/100\n|\n|-heal|p1a: Zamazenta|73\/100|[from] item: Leftovers\n|upkeep\n|turn|10\n|\n|t:|1700326510\n|switch|p2a: Thundurus|Thundurus-Therian, M|100\/100\n|move|p1a: Zamazenta|Iron Defense|p1a: Zamazenta\n|-boost|p1a: Zamazenta|def|2\n|\n|-heal|p1a: Zamazenta|79\/100|[from] item: Leftovers\n|upkeep\n|turn|11\n|\n|t:|1700326527\n|-terastallize|p2a: Thundurus|Flying\n|move|p1a: Zamazenta|Substitute|p1a: Zamazenta\n|-start|p1a: Zamazenta|Substitute\n|-damage|p1a: Zamazenta|55\/100\n|move|p2a: Thundurus|Tera Blast|p1a: Zamazenta|[anim] Tera Blast Flying\n|-supereffective|p1a: Zamazenta\n|-end|p1a: Zamazenta|Substitute\n|\n|-heal|p1a: Zamazenta|61\/100|[from] item: Leftovers\n|upkeep\n|turn|12\n|\n|t:|1700326535\n|move|p1a: Zamazenta|Body Press|p2a: Thundurus\n|-resisted|p2a: Thundurus\n|-damage|p2a: Thundurus|37\/100\n|move|p2a: Thundurus|Tera Blast|p1a: Zamazenta|[anim] Tera Blast Flying\n|-supereffective|p1a: Zamazenta\n|-damage|p1a: Zamazenta|0 fnt\n|faint|p1a: Zamazenta\n|\n|upkeep\n|\n|t:|1700326545\n|switch|p1a: Meowscarada|Meowscarada, F|100\/100\n|turn|13\n|\n|t:|1700326556\n|-terastallize|p1a: Meowscarada|Grass\n|move|p1a: Meowscarada|Flower Trick|p2a: Thundurus\n|-resisted|p2a: Thundurus\n|-crit|p2a: Thundurus\n|-damage|p2a: Thundurus|0 fnt\n|faint|p2a: Thundurus\n|\n|upkeep\n|\n|t:|1700326565\n|switch|p2a: Maushold|Maushold-Four|100\/100\n|turn|14\n|\n|t:|1700326580\n|move|p1a: Meowscarada|Flower Trick|p2a: Maushold\n|-crit|p2a: Maushold\n|-damage|p2a: Maushold|0 fnt\n|faint|p2a: Maushold\n|\n|upkeep\n|\n|t:|1700326586\n|switch|p2a: Samurott|Samurott-Hisui, M|71\/100\n|turn|15\n|c|\u2606blanket towel|gg\n|\n|t:|1700326591\n|move|p2a: Samurott|Sacred Sword|p1a: Meowscarada\n|-damage|p1a: Meowscarada|41\/100\n|move|p1a: Meowscarada|Flower Trick|p2a: Samurott\n|-supereffective|p2a: Samurott\n|-crit|p2a: Samurott\n|-damage|p2a: Samurott|0 fnt\n|faint|p2a: Samurott\n|\n|upkeep\n|\n|t:|1700326596\n|switch|p2a: Garganacl|Garganacl, F|100\/100\n|turn|16\n|c|\u2606Endicurus Rage|gg\n|\n|t:|1700326601\n|move|p1a: Meowscarada|Flower Trick|p2a: Garganacl\n|-supereffective|p2a: Garganacl\n|-crit|p2a: Garganacl\n|-damage|p2a: Garganacl|0 fnt\n|faint|p2a: Garganacl\n|\n|win|Endicurus Rage\n|raw|Endicurus Rage's rating: 1152 &rarr; <strong>1173<\/strong><br \/>(+21 for winning)\n|raw|blanket towel's rating: 1096 &rarr; <strong>1075<\/strong><br \/>(-21 for losing)\n","uploadtime":1700326606,"views":8,"p1id":"endicurusrage","p2id":"blankettowel","formatid":"gen9ou","rating":1075,"private":0,"password":""}