{"id":"gen9ou-1997719423","p1":"Exclusivamente","p2":"underc","format":"[Gen 9] OU","log":"|j|\u2606Exclusivamente\n|j|\u2606underc\n|t:|1700845381\n|gametype|singles\n|player|p1|Exclusivamente|2|1361\n|player|p2|underc|winona|1387\n|teamsize|p1|6\n|teamsize|p2|6\n|gen|9\n|tier|[Gen 9] OU\n|rated|\n|rule|Sleep Clause Mod: Limit one foe put to sleep\n|rule|Species Clause: Limit one of each Pok\u00e9mon\n|rule|OHKO Clause: OHKO moves are banned\n|rule|Evasion Items Clause: Evasion items are banned\n|rule|Evasion Moves Clause: Evasion moves are banned\n|rule|Endless Battle Clause: Forcing endless battles is banned\n|rule|HP Percentage Mod: HP is shown in percentages\n|clearpoke\n|poke|p1|Walking Wake|\n|poke|p1|Maushold-Four|\n|poke|p1|Dragonite, M|\n|poke|p1|Weezing-Galar, F|\n|poke|p1|Great Tusk|\n|poke|p1|Muk-Alola, F|\n|poke|p2|Arcanine-Hisui, M|\n|poke|p2|Greninja-*, M|\n|poke|p2|Corviknight, F|\n|poke|p2|Iron Hands|\n|poke|p2|Slowking-Galar, M|\n|poke|p2|Landorus-Therian, M|\n|teampreview\n|inactive|Battle timer is ON: inactive players will automatically lose when time's up. (requested by underc)\n|c|\u2606Exclusivamente|Sav's team\n|inactive|Exclusivamente has 120 seconds left.\n|inactive|underc has 120 seconds left.\n|c|\u2606underc|fun team\n|c|\u2606Exclusivamente|true\n|c|\u2606underc|am i good?\n|inactive|underc has 90 seconds left.\n|c|\u2606underc|prob not\n|c|\u2606Exclusivamente|don't know lol\n|\n|t:|1700845467\n|start\n|switch|p1a: Walking Wake|Walking Wake|100\/100\n|switch|p2a: Iron Hands|Iron Hands|100\/100\n|turn|1\n|\n|t:|1700845474\n|-end|p1a: Walking Wake|Protosynthesis|[silent]\n|switch|p1a: Weezing|Weezing-Galar, F|100\/100\n|-ability|p1a: Weezing|Neutralizing Gas\n|move|p2a: Iron Hands|Fake Out|p1a: Weezing\n|-damage|p1a: Weezing|89\/100\n|\n|-heal|p1a: Weezing|95\/100|[from] item: Black Sludge\n|upkeep\n|turn|2\n|\n|t:|1700845486\n|-end|p2a: Iron Hands|Quark Drive|[silent]\n|switch|p2a: Slowking|Slowking-Galar, M|100\/100\n|move|p1a: Weezing|Will-O-Wisp|p2a: Slowking\n|-status|p2a: Slowking|brn\n|\n|-heal|p1a: Weezing|100\/100|[from] item: Black Sludge\n|-damage|p2a: Slowking|94\/100 brn|[from] brn\n|upkeep\n|turn|3\n|\n|t:|1700845496\n|-end|p1a: Weezing|ability: Neutralizing Gas\n|switch|p1a: Muk|Muk-Alola, F|100\/100\n|move|p2a: Slowking|Future Sight|p1a: Muk\n|-start|p2a: Slowking|move: Future Sight\n|\n|-damage|p2a: Slowking|88\/100 brn|[from] brn\n|upkeep\n|turn|4\n|\n|t:|1700845502\n|switch|p2a: Landorus|Landorus-Therian, M|100\/100\n|-ability|p2a: Landorus|Intimidate|boost\n|-unboost|p1a: Muk|atk|1\n|move|p1a: Muk|Knock Off|p2a: Landorus\n|-damage|p2a: Landorus|82\/100\n|-status|p2a: Landorus|psn|[from] ability: Poison Touch|[of] p1a: Muk\n|-enditem|p2a: Landorus|Leftovers|[from] move: Knock Off|[of] p1a: Muk\n|\n|-damage|p2a: Landorus|70\/100 psn|[from] psn\n|upkeep\n|turn|5\n|\n|t:|1700845514\n|move|p1a: Muk|Protect|p1a: Muk\n|-singleturn|p1a: Muk|Protect\n|move|p2a: Landorus|Earth Power|p1a: Muk\n|-activate|p1a: Muk|move: Protect\n|\n|-end|p1a: Muk|move: Future Sight\n|-immune|p1a: Muk\n|-damage|p2a: Landorus|58\/100 psn|[from] psn\n|upkeep\n|turn|6\n|\n|t:|1700845532\n|move|p2a: Landorus|Stealth Rock|p1a: Muk\n|-sidestart|p1: Exclusivamente|move: Stealth Rock\n|move|p1a: Muk|Knock Off|p2a: Landorus\n|-damage|p2a: Landorus|46\/100 psn\n|\n|-damage|p2a: Landorus|34\/100 psn|[from] psn\n|upkeep\n|turn|7\n|\n|t:|1700845542\n|switch|p2a: Iron Hands|Iron Hands|100\/100\n|move|p1a: Muk|Knock Off|p2a: Iron Hands\n|-resisted|p2a: Iron Hands\n|-damage|p2a: Iron Hands|94\/100\n|-status|p2a: Iron Hands|psn|[from] ability: Poison Touch|[of] p1a: Muk\n|-enditem|p2a: Iron Hands|Assault Vest|[from] move: Knock Off|[of] p1a: Muk\n|\n|-damage|p2a: Iron Hands|81\/100 psn|[from] psn\n|upkeep\n|turn|8\n|\n|t:|1700845554\n|move|p1a: Muk|Protect|p1a: Muk\n|-singleturn|p1a: Muk|Protect\n|move|p2a: Iron Hands|Fake Out|p1a: Muk\n|-activate|p1a: Muk|move: Protect\n|\n|-damage|p2a: Iron Hands|69\/100 psn|[from] psn\n|upkeep\n|turn|9\n|\n|t:|1700845568\n|switch|p1a: Great Tusk|Great Tusk|100\/100\n|-damage|p1a: Great Tusk|98\/100|[from] Stealth Rock\n|move|p2a: Iron Hands|Wild Charge|p1a: Great Tusk\n|-immune|p1a: Great Tusk\n|\n|-damage|p2a: Iron Hands|56\/100 psn|[from] psn\n|upkeep\n|turn|10\n|\n|t:|1700845579\n|-end|p1a: Great Tusk|Protosynthesis|[silent]\n|switch|p1a: Maushold|Maushold-Four|100\/100\n|-damage|p1a: Maushold|88\/100|[from] Stealth Rock\n|-end|p2a: Iron Hands|Quark Drive|[silent]\n|switch|p2a: Landorus|Landorus-Therian, M|34\/100 psn\n|-ability|p2a: Landorus|Intimidate|boost\n|-unboost|p1a: Maushold|atk|1\n|\n|-damage|p2a: Landorus|21\/100 psn|[from] psn\n|upkeep\n|turn|11\n|\n|t:|1700845588\n|move|p1a: Maushold|Tidy Up|p1a: Maushold\n|-sideend|p1: Exclusivamente|Stealth Rock\n|-activate|p1a: Maushold|move: Tidy Up\n|-boost|p1a: Maushold|atk|1\n|-boost|p1a: Maushold|spe|1\n|move|p2a: Landorus|Earth Power|p1a: Maushold\n|-damage|p1a: Maushold|36\/100\n|\n|-damage|p2a: Landorus|9\/100 psn|[from] psn\n|upkeep\n|turn|12\n|\n|t:|1700845598\n|switch|p2a: Corviknight|Corviknight, F|100\/100\n|-ability|p2a: Corviknight|Pressure\n|move|p1a: Maushold|Bite|p2a: Corviknight\n|-crit|p2a: Corviknight\n|-damage|p2a: Corviknight|82\/100\n|-damage|p1a: Maushold|20\/100|[from] item: Rocky Helmet|[of] p2a: Corviknight\n|\n|upkeep\n|turn|13\n|\n|t:|1700845610\n|move|p1a: Maushold|Tidy Up|p1a: Maushold\n|-boost|p1a: Maushold|atk|1\n|-boost|p1a: Maushold|spe|1\n|move|p2a: Corviknight|U-turn|p1a: Maushold\n|-damage|p1a: Maushold|0 fnt\n|faint|p1a: Maushold\n|\n|t:|1700845629\n|switch|p2a: Slowking|Slowking-Galar, M|100\/100 brn|[from] U-turn\n|\n|-damage|p2a: Slowking|94\/100 brn|[from] brn\n|upkeep\n|\n|t:|1700845636\n|switch|p1a: Muk|Muk-Alola, F|100\/100\n|turn|14\n|\n|t:|1700845642\n|switch|p2a: Landorus|Landorus-Therian, M|9\/100 psn\n|-ability|p2a: Landorus|Intimidate|boost\n|-unboost|p1a: Muk|atk|1\n|move|p1a: Muk|Knock Off|p2a: Landorus\n|-damage|p2a: Landorus|0 fnt\n|faint|p2a: Landorus\n|\n|upkeep\n|\n|t:|1700845645\n|switch|p2a: Iron Hands|Iron Hands|56\/100 psn\n|turn|15\n|\n|t:|1700845658\n|move|p1a: Muk|Protect|p1a: Muk\n|-singleturn|p1a: Muk|Protect\n|move|p2a: Iron Hands|Fake Out|p1a: Muk\n|-activate|p1a: Muk|move: Protect\n|\n|-damage|p2a: Iron Hands|44\/100 psn|[from] psn\n|upkeep\n|turn|16\n|\n|t:|1700845667\n|switch|p1a: Great Tusk|Great Tusk|98\/100\n|move|p2a: Iron Hands|Wild Charge|p1a: Great Tusk\n|-immune|p1a: Great Tusk\n|\n|-damage|p2a: Iron Hands|31\/100 psn|[from] psn\n|upkeep\n|turn|17\n|\n|t:|1700845675\n|-end|p2a: Iron Hands|Quark Drive|[silent]\n|switch|p2a: Corviknight|Corviknight, F|82\/100\n|-ability|p2a: Corviknight|Pressure\n|move|p1a: Great Tusk|Knock Off|p2a: Corviknight\n|-damage|p2a: Corviknight|51\/100\n|-damage|p1a: Great Tusk|81\/100|[from] item: Rocky Helmet|[of] p2a: Corviknight\n|-enditem|p2a: Corviknight|Rocky Helmet|[from] move: Knock Off|[of] p1a: Great Tusk\n|\n|upkeep\n|turn|18\n|\n|t:|1700845694\n|-end|p1a: Great Tusk|Protosynthesis|[silent]\n|switch|p1a: Weezing|Weezing-Galar, F|100\/100\n|-ability|p1a: Weezing|Neutralizing Gas\n|move|p2a: Corviknight|Roost|p2a: Corviknight\n|-heal|p2a: Corviknight|100\/100\n|-singleturn|p2a: Corviknight|move: Roost\n|\n|upkeep\n|turn|19\n|\n|t:|1700845706\n|-end|p1a: Weezing|ability: Neutralizing Gas\n|-ability|p2a: Corviknight|Pressure\n|switch|p1a: Muk|Muk-Alola, F|100\/100\n|move|p2a: Corviknight|U-turn|p1a: Muk\n|-damage|p1a: Muk|84\/100\n|\n|t:|1700845716\n|switch|p2a: Arcanine|Arcanine-Hisui, M|100\/100|[from] U-turn\n|\n|-heal|p1a: Muk|90\/100|[from] item: Leftovers\n|upkeep\n|turn|20\n|\n|t:|1700845725\n|move|p1a: Muk|Protect|p1a: Muk\n|-singleturn|p1a: Muk|Protect\n|move|p2a: Arcanine|Head Smash|p1a: Muk\n|-activate|p1a: Muk|move: Protect\n|\n|-heal|p1a: Muk|96\/100|[from] item: Leftovers\n|upkeep\n|turn|21\n|\n|t:|1700845735\n|switch|p2a: Greninja|Greninja, M|100\/100\n|switch|p1a: Great Tusk|Great Tusk|81\/100\n|\n|upkeep\n|turn|22\n|\n|t:|1700845746\n|-end|p1a: Great Tusk|Protosynthesis|[silent]\n|switch|p1a: Muk|Muk-Alola, F|96\/100\n|move|p2a: Greninja|Hydro Pump|p1a: Muk\n|-damage|p1a: Muk|54\/100\n|\n|-heal|p1a: Muk|60\/100|[from] item: Leftovers\n|upkeep\n|turn|23\n|\n|t:|1700845756\n|switch|p2a: Iron Hands|Iron Hands|31\/100 psn\n|move|p1a: Muk|Knock Off|p2a: Iron Hands\n|-resisted|p2a: Iron Hands\n|-damage|p2a: Iron Hands|24\/100 psn\n|\n|-heal|p1a: Muk|66\/100|[from] item: Leftovers\n|-damage|p2a: Iron Hands|12\/100 psn|[from] psn\n|upkeep\n|turn|24\n|\n|t:|1700845764\n|move|p1a: Muk|Protect|p1a: Muk\n|-singleturn|p1a: Muk|Protect\n|move|p2a: Iron Hands|Fake Out|p1a: Muk\n|-activate|p1a: Muk|move: Protect\n|\n|-heal|p1a: Muk|72\/100|[from] item: Leftovers\n|-damage|p2a: Iron Hands|0 fnt|[from] psn\n|faint|p2a: Iron Hands\n|-end|p2a: Iron Hands|Quark Drive|[silent]\n|upkeep\n|\n|t:|1700845767\n|switch|p2a: Arcanine|Arcanine-Hisui, M|100\/100\n|turn|25\n|\n|t:|1700845784\n|switch|p1a: Weezing|Weezing-Galar, F|100\/100\n|-ability|p1a: Weezing|Neutralizing Gas\n|move|p2a: Arcanine|Flare Blitz|p1a: Weezing\n|-damage|p1a: Weezing|37\/100\n|-damage|p2a: Arcanine|79\/100|[from] Recoil\n|\n|-heal|p1a: Weezing|43\/100|[from] item: Black Sludge\n|upkeep\n|turn|26\n|\n|t:|1700845798\n|-end|p1a: Weezing|ability: Neutralizing Gas\n|switch|p1a: Walking Wake|Walking Wake|100\/100\n|move|p2a: Arcanine|Flare Blitz|p1a: Walking Wake\n|-resisted|p1a: Walking Wake\n|-damage|p1a: Walking Wake|77\/100\n|\n|upkeep\n|turn|27\n|\n|t:|1700845809\n|-end|p1a: Walking Wake|Protosynthesis|[silent]\n|switch|p1a: Muk|Muk-Alola, F|72\/100\n|switch|p2a: Slowking|Slowking-Galar, M|100\/100 brn\n|\n|-heal|p1a: Muk|78\/100|[from] item: Leftovers\n|-damage|p2a: Slowking|94\/100 brn|[from] brn\n|upkeep\n|turn|28\n|\n|t:|1700845831\n|switch|p1a: Weezing|Weezing-Galar, F|43\/100\n|-ability|p1a: Weezing|Neutralizing Gas\n|move|p2a: Slowking|Chilly Reception|p2a: Slowking\n|-weather|Snow\n|\n|t:|1700845835\n|switch|p2a: Arcanine|Arcanine-Hisui, M|79\/100|[from] Chilly Reception\n|\n|-weather|Snow|[upkeep]\n|-heal|p1a: Weezing|49\/100|[from] item: Black Sludge\n|upkeep\n|turn|29\n|\n|t:|1700845843\n|move|p2a: Arcanine|Head Smash|p1a: Weezing\n|-damage|p1a: Weezing|0 fnt\n|faint|p1a: Weezing\n|-end|p1a: Weezing|ability: Neutralizing Gas\n|\n|-weather|Snow|[upkeep]\n|upkeep\n|\n|t:|1700845850\n|switch|p1a: Walking Wake|Walking Wake|77\/100\n|turn|30\n|\n|t:|1700845854\n|switch|p2a: Slowking|Slowking-Galar, M|94\/100 brn\n|-terastallize|p1a: Walking Wake|Water\n|move|p1a: Walking Wake|Hydro Steam|p2a: Slowking\n|-damage|p2a: Slowking|47\/100 brn\n|\n|-weather|Snow|[upkeep]\n|-damage|p2a: Slowking|41\/100 brn|[from] brn\n|upkeep\n|turn|31\n|\n|t:|1700845865\n|move|p1a: Walking Wake|Hydro Steam|p2a: Slowking\n|-damage|p2a: Slowking|0 fnt\n|faint|p2a: Slowking\n|\n|-weather|Snow|[upkeep]\n|upkeep\n|\n|t:|1700845875\n|switch|p2a: Corviknight|Corviknight, F|100\/100\n|-ability|p2a: Corviknight|Pressure\n|turn|32\n|\n|t:|1700845879\n|move|p1a: Walking Wake|Hydro Steam|p2a: Corviknight\n|-damage|p2a: Corviknight|17\/100\n|move|p2a: Corviknight|Body Press|p1a: Walking Wake\n|-damage|p1a: Walking Wake|49\/100\n|\n|-weather|none\n|upkeep\n|turn|33\n|\n|t:|1700845887\n|move|p1a: Walking Wake|Hydro Steam|p2a: Corviknight\n|-damage|p2a: Corviknight|0 fnt\n|faint|p2a: Corviknight\n|\n|upkeep\n|\n|t:|1700845894\n|switch|p2a: Greninja|Greninja, M|100\/100\n|turn|34\n|\n|t:|1700845907\n|-end|p1a: Walking Wake|Protosynthesis|[silent]\n|switch|p1a: Muk|Muk-Alola, F|78\/100\n|move|p2a: Greninja|Dark Pulse|p1a: Muk\n|-resisted|p1a: Muk\n|-damage|p1a: Muk|61\/100\n|\n|-heal|p1a: Muk|67\/100|[from] item: Leftovers\n|upkeep\n|turn|35\n|\n|t:|1700845915\n|move|p2a: Greninja|Dark Pulse|p1a: Muk\n|-resisted|p1a: Muk\n|-damage|p1a: Muk|51\/100\n|move|p1a: Muk|Knock Off|p2a: Greninja\n|-resisted|p2a: Greninja\n|-damage|p2a: Greninja|70\/100\n|-status|p2a: Greninja|psn|[from] ability: Poison Touch|[of] p1a: Muk\n|-enditem|p2a: Greninja|Choice Specs|[from] move: Knock Off|[of] p1a: Muk\n|\n|-heal|p1a: Muk|57\/100|[from] item: Leftovers\n|-damage|p2a: Greninja|58\/100 psn|[from] psn\n|upkeep\n|turn|36\n|\n|t:|1700845927\n|move|p2a: Greninja|Hydro Pump|p1a: Muk\n|-damage|p1a: Muk|30\/100\n|move|p1a: Muk|Knock Off|p2a: Greninja\n|-resisted|p2a: Greninja\n|-damage|p2a: Greninja|37\/100 psn\n|\n|-heal|p1a: Muk|36\/100|[from] item: Leftovers\n|-damage|p2a: Greninja|24\/100 psn|[from] psn\n|upkeep\n|turn|37\n|\n|t:|1700845936\n|move|p1a: Muk|Protect|p1a: Muk\n|-singleturn|p1a: Muk|Protect\n|move|p2a: Greninja|Hydro Pump|p1a: Muk\n|-activate|p1a: Muk|move: Protect\n|\n|-heal|p1a: Muk|42\/100|[from] item: Leftovers\n|-damage|p2a: Greninja|12\/100 psn|[from] psn\n|upkeep\n|turn|38\n|-message|underc forfeited.\n|\n|win|Exclusivamente\n|raw|Exclusivamente's rating: 1361 &rarr; <strong>1382<\/strong><br \/>(+21 for winning)\n|raw|underc's rating: 1387 &rarr; <strong>1366<\/strong><br \/>(-21 for losing)\n|l|\u2606underc\n|c|\u2606Exclusivamente|gg\n","uploadtime":1700845951,"views":7,"p1id":"exclusivamente","p2id":"underc","formatid":"gen9ou","rating":1366,"private":0,"password":""}