{"id":"gen9ou-1997624009","p1":"NDSNEZ xhz","p2":"lianyunbai","format":"[Gen 9] OU","log":"|j|\u2606NDSNEZ xhz\n|j|\u2606lianyunbai\n|t:|1700834384\n|gametype|singles\n|player|p1|NDSNEZ xhz|cyclistf|\n|player|p2|lianyunbai|elesa|\n|teamsize|p1|6\n|teamsize|p2|6\n|gen|9\n|tier|[Gen 9] OU\n|rated|Tournament battle\n|rule|Sleep Clause Mod: Limit one foe put to sleep\n|rule|Species Clause: Limit one of each Pok\u00e9mon\n|rule|OHKO Clause: OHKO moves are banned\n|rule|Evasion Items Clause: Evasion items are banned\n|rule|Evasion Moves Clause: Evasion moves are banned\n|rule|Endless Battle Clause: Forcing endless battles is banned\n|rule|HP Percentage Mod: HP is shown in percentages\n|clearpoke\n|poke|p1|Kingambit, M|\n|poke|p1|Glimmora, F|\n|poke|p1|Zamazenta-*|\n|poke|p1|Iron Valiant|\n|poke|p1|Iron Moth|\n|poke|p1|Ogerpon-Wellspring, F|\n|poke|p2|Tyranitar, F|\n|poke|p2|Heatran, F|\n|poke|p2|Sinistcha-Masterpiece|\n|poke|p2|Rillaboom, F|\n|poke|p2|Great Tusk|\n|poke|p2|Samurott-Hisui, F|\n|teampreview\n|inactive|Battle timer is ON: inactive players will automatically lose when time's up. (requested by lianyunbai)\n|j|@taoke\n|c|\u2606lianyunbai|\u4f60\u8fd9\u961f\u4f0d\n|c|\u2606lianyunbai|\u4e0d\u662f\u6211\u7684\u5417\n|j| Rrrrjhyh\n|\n|t:|1700834415\n|start\n|switch|p1a: Glimmora|Glimmora, F|100\/100\n|switch|p2a: Great Tusk|Great Tusk|100\/100\n|turn|1\n|j| jzhuc1841\n|c| jzhuc1841|\u7ecf\u5178\u516d\u4eba\u7ec4\n|c| jzhuc1841|\u8c01\u90fd\u6709\n|c|\u2606NDSNEZ xhz|\u4e0d\u662fsample\u5417\n|inactive|NDSNEZ xhz has 120 seconds left.\n|\n|t:|1700834452\n|switch|p1a: Iron Valiant|Iron Valiant|100\/100\n|-enditem|p1a: Iron Valiant|Booster Energy\n|-activate|p1a: Iron Valiant|ability: Quark Drive|[fromitem]\n|-start|p1a: Iron Valiant|quarkdrivespe\n|move|p2a: Great Tusk|Rapid Spin|p1a: Iron Valiant\n|-damage|p1a: Iron Valiant|75\/100\n|-boost|p2a: Great Tusk|spe|1\n|\n|upkeep\n|turn|2\n|\n|t:|1700834466\n|-terastallize|p2a: Great Tusk|Steel\n|move|p1a: Iron Valiant|Moonblast|p2a: Great Tusk\n|-resisted|p2a: Great Tusk\n|-damage|p2a: Great Tusk|64\/100\n|move|p2a: Great Tusk|Rapid Spin|p1a: Iron Valiant\n|-damage|p1a: Iron Valiant|50\/100\n|-boost|p2a: Great Tusk|spe|1\n|\n|-heal|p2a: Great Tusk|70\/100|[from] item: Leftovers\n|upkeep\n|turn|3\n|\n|t:|1700834473\n|move|p2a: Great Tusk|Headlong Rush|p1a: Iron Valiant\n|-damage|p1a: Iron Valiant|0 fnt\n|-unboost|p2a: Great Tusk|def|1\n|-unboost|p2a: Great Tusk|spd|1\n|faint|p1a: Iron Valiant\n|-end|p1a: Iron Valiant|Quark Drive|[silent]\n|\n|-heal|p2a: Great Tusk|77\/100|[from] item: Leftovers\n|upkeep\n|\n|t:|1700834479\n|switch|p1a: Zamazenta|Zamazenta, shiny|100\/100\n|-ability|p1a: Zamazenta|Dauntless Shield|boost\n|-boost|p1a: Zamazenta|def|1\n|turn|4\n|\n|t:|1700834487\n|-end|p2a: Great Tusk|Protosynthesis|[silent]\n|switch|p2a: Sinistcha|Sinistcha-Masterpiece|100\/100\n|move|p1a: Zamazenta|Crunch|p2a: Sinistcha\n|-supereffective|p2a: Sinistcha\n|-damage|p2a: Sinistcha|59\/100\n|\n|-heal|p2a: Sinistcha|66\/100|[from] item: Leftovers\n|upkeep\n|turn|5\n|\n|t:|1700834492\n|switch|p1a: Iron Moth|Iron Moth|100\/100\n|-enditem|p1a: Iron Moth|Booster Energy\n|-activate|p1a: Iron Moth|ability: Quark Drive|[fromitem]\n|-start|p1a: Iron Moth|quarkdrivespe\n|move|p2a: Sinistcha|Matcha Gotcha|p1a: Iron Moth\n|-resisted|p1a: Iron Moth\n|-damage|p1a: Iron Moth|91\/100\n|-heal|p2a: Sinistcha|70\/100|[from] drain|[of] p1a: Iron Moth\n|\n|-heal|p2a: Sinistcha|76\/100|[from] item: Leftovers\n|upkeep\n|turn|6\n|\n|t:|1700834498\n|-end|p1a: Iron Moth|Quark Drive|[silent]\n|switch|p1a: Glimmora|Glimmora, F|100\/100\n|switch|p2a: Heatran|Heatran, F|100\/100\n|-item|p2a: Heatran|Air Balloon\n|\n|upkeep\n|turn|7\n|\n|t:|1700834507\n|move|p1a: Glimmora|Stealth Rock|p2a: Heatran\n|-sidestart|p2: lianyunbai|move: Stealth Rock\n|move|p2a: Heatran|Earth Power|p1a: Glimmora\n|-supereffective|p1a: Glimmora\n|-enditem|p1a: Glimmora|Focus Sash\n|-damage|p1a: Glimmora|1\/100\n|\n|upkeep\n|turn|8\n|\n|t:|1700834514\n|switch|p2a: Samurott|Samurott-Hisui, F|100\/100\n|move|p1a: Glimmora|Power Gem|p2a: Samurott\n|-damage|p2a: Samurott|42\/100\n|\n|upkeep\n|turn|9\n|\n|t:|1700834519\n|move|p2a: Samurott|Sucker Punch|p1a: Glimmora\n|-damage|p1a: Glimmora|0 fnt\n|-activate|p1a: Glimmora|ability: Toxic Debris\n|-sidestart|p2: lianyunbai|move: Toxic Spikes\n|faint|p1a: Glimmora\n|\n|upkeep\n|\n|t:|1700834521\n|switch|p1a: Ogerpon|Ogerpon-Wellspring, F|100\/100\n|turn|10\n|\n|t:|1700834525\n|move|p1a: Ogerpon|Power Whip|p2a: Samurott\n|-supereffective|p2a: Samurott\n|-damage|p2a: Samurott|0 fnt\n|faint|p2a: Samurott\n|\n|upkeep\n|\n|t:|1700834529\n|switch|p2a: Sinistcha|Sinistcha-Masterpiece|76\/100\n|-damage|p2a: Sinistcha|63\/100|[from] Stealth Rock\n|-status|p2a: Sinistcha|psn\n|turn|11\n|\n|t:|1700834534\n|move|p1a: Ogerpon|Knock Off|p2a: Sinistcha\n|-supereffective|p2a: Sinistcha\n|-damage|p2a: Sinistcha|6\/100 psn\n|-enditem|p2a: Sinistcha|Leftovers|[from] move: Knock Off|[of] p1a: Ogerpon\n|move|p2a: Sinistcha|Strength Sap|p1a: Ogerpon\n|-unboost|p1a: Ogerpon|atk|1\n|-heal|p2a: Sinistcha|100\/100 psn\n|\n|-damage|p2a: Sinistcha|88\/100 psn|[from] psn\n|upkeep\n|turn|12\n|\n|t:|1700834539\n|switch|p1a: Iron Moth|Iron Moth|91\/100\n|move|p2a: Sinistcha|Matcha Gotcha|p1a: Iron Moth\n|-resisted|p1a: Iron Moth\n|-damage|p1a: Iron Moth|82\/100\n|-heal|p2a: Sinistcha|92\/100 psn|[from] drain|[of] p1a: Iron Moth\n|\n|-damage|p2a: Sinistcha|80\/100 psn|[from] psn\n|upkeep\n|turn|13\n|j| hbgzd\n|\n|t:|1700834543\n|switch|p2a: Heatran|Heatran, F|100\/100\n|-damage|p2a: Heatran|88\/100|[from] Stealth Rock\n|-item|p2a: Heatran|Air Balloon\n|move|p1a: Iron Moth|Sludge Wave|p2a: Heatran\n|-immune|p2a: Heatran\n|\n|upkeep\n|turn|14\n|\n|t:|1700834554\n|-end|p1a: Iron Moth|Quark Drive|[silent]\n|switch|p1a: Ogerpon|Ogerpon-Wellspring, F|100\/100\n|move|p2a: Heatran|Earth Power|p1a: Ogerpon\n|-resisted|p1a: Ogerpon\n|-damage|p1a: Ogerpon|85\/100\n|\n|upkeep\n|turn|15\n|\n|t:|1700834560\n|switch|p2a: Sinistcha|Sinistcha-Masterpiece|80\/100 psn\n|-damage|p2a: Sinistcha|67\/100 psn|[from] Stealth Rock\n|move|p1a: Ogerpon|Swords Dance|p1a: Ogerpon\n|-boost|p1a: Ogerpon|atk|2\n|\n|-damage|p2a: Sinistcha|55\/100 psn|[from] psn\n|upkeep\n|turn|16\n|\n|t:|1700834564\n|move|p1a: Ogerpon|Knock Off|p2a: Sinistcha\n|-supereffective|p2a: Sinistcha\n|-damage|p2a: Sinistcha|0 fnt\n|faint|p2a: Sinistcha\n|\n|upkeep\n|\n|t:|1700834571\n|switch|p2a: Rillaboom|Rillaboom, F|100\/100\n|-damage|p2a: Rillaboom|88\/100|[from] Stealth Rock\n|-status|p2a: Rillaboom|psn\n|-fieldstart|move: Grassy Terrain|[from] ability: Grassy Surge|[of] p2a: Rillaboom\n|turn|17\n|j| Ruin sword\n|\n|t:|1700834575\n|switch|p1a: Iron Moth|Iron Moth|82\/100\n|move|p2a: Rillaboom|Grassy Glide|p1a: Iron Moth\n|-resisted|p1a: Iron Moth\n|-damage|p1a: Iron Moth|59\/100\n|\n|-heal|p1a: Iron Moth|65\/100|[from] Grassy Terrain\n|-heal|p2a: Rillaboom|94\/100 psn|[from] Grassy Terrain\n|-damage|p2a: Rillaboom|82\/100 psn|[from] psn\n|upkeep\n|turn|18\n|\n|t:|1700834585\n|switch|p2a: Tyranitar|Tyranitar, F|100\/100\n|-damage|p2a: Tyranitar|88\/100|[from] Stealth Rock\n|-status|p2a: Tyranitar|psn\n|-weather|Sandstorm|[from] ability: Sand Stream|[of] p2a: Tyranitar\n|move|p1a: Iron Moth|Dazzling Gleam|p2a: Tyranitar\n|-supereffective|p2a: Tyranitar\n|-damage|p2a: Tyranitar|68\/100 psn\n|\n|-weather|Sandstorm|[upkeep]\n|-damage|p1a: Iron Moth|59\/100|[from] Sandstorm\n|-heal|p1a: Iron Moth|65\/100|[from] Grassy Terrain\n|-heal|p2a: Tyranitar|74\/100 psn|[from] Grassy Terrain\n|-damage|p2a: Tyranitar|62\/100 psn|[from] psn\n|upkeep\n|turn|19\n|\n|t:|1700834596\n|move|p1a: Iron Moth|Dazzling Gleam|p2a: Tyranitar\n|-supereffective|p2a: Tyranitar\n|-damage|p2a: Tyranitar|43\/100 psn\n|move|p2a: Tyranitar|Earth Power|p1a: Iron Moth\n|-supereffective|p1a: Iron Moth\n|-damage|p1a: Iron Moth|0 fnt\n|faint|p1a: Iron Moth\n|-end|p1a: Iron Moth|Quark Drive|[silent]\n|\n|-weather|Sandstorm|[upkeep]\n|-heal|p2a: Tyranitar|49\/100 psn|[from] Grassy Terrain\n|-damage|p2a: Tyranitar|37\/100 psn|[from] psn\n|upkeep\n|\n|t:|1700834599\n|switch|p1a: Zamazenta|Zamazenta, shiny|100\/100\n|turn|20\n|\n|t:|1700834605\n|move|p1a: Zamazenta|Iron Defense|p1a: Zamazenta\n|-boost|p1a: Zamazenta|def|2\n|move|p2a: Tyranitar|Foul Play|p1a: Zamazenta\n|-resisted|p1a: Zamazenta\n|-damage|p1a: Zamazenta|91\/100\n|\n|-weather|Sandstorm|[upkeep]\n|-damage|p1a: Zamazenta|85\/100|[from] Sandstorm\n|-heal|p1a: Zamazenta|91\/100|[from] Grassy Terrain\n|-heal|p1a: Zamazenta|97\/100|[from] item: Leftovers\n|-heal|p2a: Tyranitar|43\/100 psn|[from] Grassy Terrain\n|-damage|p2a: Tyranitar|30\/100 psn|[from] psn\n|upkeep\n|turn|21\n|\n|t:|1700834608\n|move|p1a: Zamazenta|Iron Defense|p1a: Zamazenta\n|-boost|p1a: Zamazenta|def|2\n|move|p2a: Tyranitar|Ice Beam|p1a: Zamazenta\n|-crit|p1a: Zamazenta\n|-damage|p1a: Zamazenta|61\/100\n|\n|-weather|Sandstorm|[upkeep]\n|-damage|p1a: Zamazenta|55\/100|[from] Sandstorm\n|-heal|p1a: Zamazenta|61\/100|[from] Grassy Terrain\n|-heal|p1a: Zamazenta|67\/100|[from] item: Leftovers\n|-heal|p2a: Tyranitar|37\/100 psn|[from] Grassy Terrain\n|-damage|p2a: Tyranitar|24\/100 psn|[from] psn\n|-fieldend|move: Grassy Terrain\n|upkeep\n|turn|22\n|\n|t:|1700834611\n|move|p1a: Zamazenta|Body Press|p2a: Tyranitar\n|-supereffective|p2a: Tyranitar\n|-damage|p2a: Tyranitar|0 fnt\n|faint|p2a: Tyranitar\n|\n|-weather|none\n|-heal|p1a: Zamazenta|73\/100|[from] item: Leftovers\n|upkeep\n|c| jzhuc1841|\u56fd\u4ea7\u73ed\uff1f\n|\n|t:|1700834615\n|switch|p2a: Great Tusk|Great Tusk, tera:Steel|77\/100\n|-damage|p2a: Great Tusk|70\/100|[from] Stealth Rock\n|turn|23\n|-message|lianyunbai forfeited.\n|\n|win|NDSNEZ xhz\n|n|\u2606NDSNEZ xhz|ndsnezxhz\n|n|\u2606lianyunbai|lianyunbai\n|n|+taoke|taoke\n|n| Rrrrjhyh|rrrrjhyh\n|n| jzhuc1841|jzhuc1841\n|n| hbgzd|hbgzd\n|n| Ruin sword|ruinsword\n","uploadtime":1700834619,"views":1,"p1id":"ndsnezxhz","p2id":"lianyunbai","formatid":"gen9ou","rating":0,"private":0,"password":""}