{"id":"gen9ou-2000365236","p1":"Phase512","p2":"casakikas","format":"[Gen 9] OU","log":"|j|\u2606Phase512\n|j|\u2606casakikas\n|t:|1701188647\n|gametype|singles\n|player|p1|Phase512|lady|1460\n|player|p2|casakikas|265|1374\n|teamsize|p1|6\n|teamsize|p2|6\n|gen|9\n|tier|[Gen 9] OU\n|rated|\n|rule|Sleep Clause Mod: Limit one foe put to sleep\n|rule|Species Clause: Limit one of each Pok\u00e9mon\n|rule|OHKO Clause: OHKO moves are banned\n|rule|Evasion Items Clause: Evasion items are banned\n|rule|Evasion Moves Clause: Evasion moves are banned\n|rule|Endless Battle Clause: Forcing endless battles is banned\n|rule|HP Percentage Mod: HP is shown in percentages\n|clearpoke\n|poke|p1|Glimmora, M|\n|poke|p1|Gholdengo|\n|poke|p1|Ogerpon-Wellspring, F|\n|poke|p1|Kingambit, M|\n|poke|p1|Iron Moth|\n|poke|p1|Enamorus, F|\n|poke|p2|Manaphy|\n|poke|p2|Kingambit, M|\n|poke|p2|Ribombee, F|\n|poke|p2|Gholdengo|\n|poke|p2|Iron Moth|\n|poke|p2|Ogerpon-Wellspring, F|\n|teampreview\n|\n|t:|1701188678\n|start\n|switch|p1a: Glimmora|Glimmora, M|100\/100\n|switch|p2a: awyp|Kingambit, M|100\/100\n|turn|1\n|inactive|Battle timer is ON: inactive players will automatically lose when time's up. (requested by Phase512)\n|\n|t:|1701188691\n|move|p1a: Glimmora|Earth Power|p2a: awyp\n|-supereffective|p2a: awyp\n|-damage|p2a: awyp|27\/100\n|move|p2a: awyp|Swords Dance|p2a: awyp\n|-boost|p2a: awyp|atk|2\n|\n|upkeep\n|turn|2\n|\n|t:|1701188700\n|-terastallize|p2a: awyp|Flying\n|move|p1a: Glimmora|Earth Power|p2a: awyp\n|-immune|p2a: awyp\n|move|p2a: awyp|Kowtow Cleave|p1a: Glimmora\n|-enditem|p1a: Glimmora|Focus Sash\n|-damage|p1a: Glimmora|1\/100\n|-activate|p1a: Glimmora|ability: Toxic Debris\n|-sidestart|p2: casakikas|move: Toxic Spikes\n|\n|upkeep\n|turn|3\n|\n|t:|1701188709\n|move|p2a: awyp|Sucker Punch||[still]\n|-fail|p2a: awyp\n|move|p1a: Glimmora|Stealth Rock|p2a: awyp\n|-sidestart|p2: casakikas|move: Stealth Rock\n|\n|upkeep\n|turn|4\n|\n|t:|1701188714\n|move|p1a: Glimmora|Mortal Spin|p2a: awyp\n|-damage|p2a: awyp|22\/100\n|-status|p2a: awyp|psn\n|move|p2a: awyp|Kowtow Cleave|p1a: Glimmora\n|-damage|p1a: Glimmora|0 fnt\n|-activate|p1a: Glimmora|ability: Toxic Debris\n|-sidestart|p2: casakikas|move: Toxic Spikes\n|faint|p1a: Glimmora\n|\n|-damage|p2a: awyp|10\/100 psn|[from] psn\n|upkeep\n|\n|t:|1701188727\n|switch|p1a: Iron Moth|Iron Moth|100\/100\n|-enditem|p1a: Iron Moth|Booster Energy\n|-activate|p1a: Iron Moth|ability: Quark Drive|[fromitem]\n|-start|p1a: Iron Moth|quarkdrivespe\n|turn|5\n|\n|t:|1701188733\n|move|p1a: Iron Moth|Substitute|p1a: Iron Moth\n|-start|p1a: Iron Moth|Substitute\n|-damage|p1a: Iron Moth|76\/100\n|move|p2a: awyp|Kowtow Cleave|p1a: Iron Moth\n|-end|p1a: Iron Moth|Substitute\n|\n|-damage|p2a: awyp|0 fnt|[from] psn\n|faint|p2a: awyp\n|-end|p2a: awyp|fallenundefined|[silent]\n|upkeep\n|\n|t:|1701188763\n|switch|p2a: scarlet|Iron Moth|100\/100\n|-sideend|p2: casakikas|move: Toxic Spikes|[of] p2a: scarlet\n|-damage|p2a: scarlet|76\/100|[from] Stealth Rock\n|-enditem|p2a: scarlet|Booster Energy\n|-activate|p2a: scarlet|ability: Quark Drive|[fromitem]\n|-start|p2a: scarlet|quarkdrivespe\n|turn|6\n|\n|t:|1701188770\n|move|p1a: Iron Moth|Fiery Dance|p2a: scarlet\n|-resisted|p2a: scarlet\n|-damage|p2a: scarlet|56\/100\n|move|p2a: scarlet|Fiery Dance|p1a: Iron Moth\n|-resisted|p1a: Iron Moth\n|-damage|p1a: Iron Moth|56\/100\n|\n|upkeep\n|turn|7\n|\n|t:|1701188776\n|move|p1a: Iron Moth|Fiery Dance|p2a: scarlet\n|-resisted|p2a: scarlet\n|-damage|p2a: scarlet|35\/100\n|move|p2a: scarlet|Substitute|p2a: scarlet\n|-start|p2a: scarlet|Substitute\n|-damage|p2a: scarlet|10\/100\n|\n|upkeep\n|turn|8\n|\n|t:|1701188783\n|move|p2a: scarlet|Fiery Dance|p1a: Iron Moth\n|-resisted|p1a: Iron Moth\n|-damage|p1a: Iron Moth|33\/100\n|move|p1a: Iron Moth|Fiery Dance|p2a: scarlet\n|-resisted|p2a: scarlet\n|-activate|p2a: scarlet|move: Substitute|[damage]\n|-boost|p1a: Iron Moth|spa|1\n|\n|upkeep\n|turn|9\n|\n|t:|1701188791\n|move|p1a: Iron Moth|Fiery Dance|p2a: scarlet\n|-resisted|p2a: scarlet\n|-end|p2a: scarlet|Substitute\n|-boost|p1a: Iron Moth|spa|1\n|move|p2a: scarlet|Fiery Dance|p1a: Iron Moth\n|-resisted|p1a: Iron Moth\n|-damage|p1a: Iron Moth|12\/100\n|-boost|p2a: scarlet|spa|1\n|\n|upkeep\n|turn|10\n|\n|t:|1701188798\n|move|p2a: scarlet|Fiery Dance|p1a: Iron Moth\n|-resisted|p1a: Iron Moth\n|-damage|p1a: Iron Moth|0 fnt\n|-boost|p2a: scarlet|spa|1\n|faint|p1a: Iron Moth\n|-end|p1a: Iron Moth|Quark Drive|[silent]\n|\n|upkeep\n|c|\u2606Phase512|what a luck\n|\n|t:|1701188818\n|switch|p1a: Kingambit|Kingambit, M|100\/100\n|-activate|p1a: Kingambit|ability: Supreme Overlord\n|-start|p1a: Kingambit|fallen2|[silent]\n|turn|11\n|\n|t:|1701188826\n|move|p1a: Kingambit|Sucker Punch||[still]\n|-fail|p1a: Kingambit\n|move|p2a: scarlet|Substitute|p2a: scarlet\n|-fail|p2a: scarlet|move: Substitute|[weak]\n|\n|upkeep\n|turn|12\n|\n|t:|1701188832\n|move|p1a: Kingambit|Sucker Punch|p2a: scarlet\n|-damage|p2a: scarlet|0 fnt\n|faint|p2a: scarlet\n|-end|p2a: scarlet|Quark Drive|[silent]\n|\n|upkeep\n|\n|t:|1701188835\n|switch|p2a: wildfiree|Ribombee, F|100\/100\n|-damage|p2a: wildfiree|76\/100|[from] Stealth Rock\n|turn|13\n|\n|t:|1701188839\n|move|p2a: wildfiree|Sticky Web|p1a: Kingambit\n|-sidestart|p1: Phase512|move: Sticky Web\n|move|p1a: Kingambit|Iron Head|p2a: wildfiree\n|-supereffective|p2a: wildfiree\n|-damage|p2a: wildfiree|0 fnt\n|faint|p2a: wildfiree\n|\n|upkeep\n|\n|t:|1701188852\n|switch|p2a: HPDARKEAGLE|Manaphy|100\/100\n|-damage|p2a: HPDARKEAGLE|88\/100|[from] Stealth Rock\n|turn|14\n|\n|t:|1701188875\n|move|p2a: HPDARKEAGLE|Tail Glow|p2a: HPDARKEAGLE\n|-boost|p2a: HPDARKEAGLE|spa|3\n|move|p1a: Kingambit|Kowtow Cleave|p2a: HPDARKEAGLE\n|-damage|p2a: HPDARKEAGLE|22\/100\n|\n|-heal|p2a: HPDARKEAGLE|28\/100|[from] item: Leftovers\n|upkeep\n|turn|15\n|inactive|casakikas has 120 seconds left.\n|\n|t:|1701188914\n|move|p2a: HPDARKEAGLE|Tail Glow|p2a: HPDARKEAGLE\n|-boost|p2a: HPDARKEAGLE|spa|3\n|move|p1a: Kingambit|Kowtow Cleave|p2a: HPDARKEAGLE\n|-damage|p2a: HPDARKEAGLE|0 fnt\n|faint|p2a: HPDARKEAGLE\n|\n|upkeep\n|\n|t:|1701188919\n|switch|p2a: faya|Ogerpon-Wellspring, F|100\/100\n|-damage|p2a: faya|88\/100|[from] Stealth Rock\n|turn|16\n|\n|t:|1701188933\n|move|p2a: faya|Swords Dance|p2a: faya\n|-boost|p2a: faya|atk|2\n|move|p1a: Kingambit|Kowtow Cleave|p2a: faya\n|-damage|p2a: faya|0 fnt\n|faint|p2a: faya\n|\n|upkeep\n|\n|t:|1701188939\n|switch|p2a: wessin|Gholdengo|100\/100\n|-damage|p2a: wessin|94\/100|[from] Stealth Rock\n|-item|p2a: wessin|Air Balloon\n|turn|17\n|-message|casakikas forfeited.\n|\n|win|Phase512\n|raw|Phase512's rating: 1460 &rarr; <strong>1475<\/strong><br \/>(+15 for winning)\n|raw|casakikas's rating: 1374 &rarr; <strong>1359<\/strong><br \/>(-15 for losing)\n|l|\u2606casakikas\n","uploadtime":1701188949,"views":6,"p1id":"phase512","p2id":"casakikas","formatid":"gen9ou","rating":1359,"private":0,"password":""}