{"id":"gen9ou-1992729772","p1":"TheNutmeg33","p2":"Chagos Archipelago","format":"[Gen 9] OU","log":"|j|\u2606TheNutmeg33\n|j|\u2606Chagos Archipelago\n|t:|1700229944\n|gametype|singles\n|player|p1|TheNutmeg33|170|1495\n|player|p2|Chagos Archipelago|barry|1509\n|teamsize|p1|6\n|teamsize|p2|6\n|gen|9\n|tier|[Gen 9] OU\n|rated|\n|rule|Sleep Clause Mod: Limit one foe put to sleep\n|rule|Species Clause: Limit one of each Pok\u00e9mon\n|rule|OHKO Clause: OHKO moves are banned\n|rule|Evasion Items Clause: Evasion items are banned\n|rule|Evasion Moves Clause: Evasion moves are banned\n|rule|Endless Battle Clause: Forcing endless battles is banned\n|rule|HP Percentage Mod: HP is shown in percentages\n|clearpoke\n|poke|p1|Iron Moth|\n|poke|p1|Great Tusk|\n|poke|p1|Ceruledge, F|\n|poke|p1|Garganacl, M|\n|poke|p1|Clodsire, F|\n|poke|p1|Corviknight, M|\n|poke|p2|Ogerpon-Cornerstone, F|\n|poke|p2|Ribombee, M|\n|poke|p2|Kingambit, F|\n|poke|p2|Gholdengo|\n|poke|p2|Iron Moth|\n|poke|p2|Manaphy|\n|teampreview\n|inactive|Battle timer is ON: inactive players will automatically lose when time's up. (requested by TheNutmeg33)\n|\n|t:|1700229961\n|start\n|switch|p1a: Garganacl|Garganacl, M, shiny|100\/100\n|switch|p2a: Ogerpon|Ogerpon-Cornerstone, F|100\/100\n|turn|1\n|\n|t:|1700229967\n|-terastallize|p1a: Garganacl|Ghost\n|move|p2a: Ogerpon|Swords Dance|p2a: Ogerpon\n|-boost|p2a: Ogerpon|atk|2\n|move|p1a: Garganacl|Salt Cure|p2a: Ogerpon\n|-damage|p2a: Ogerpon|82\/100\n|-start|p2a: Ogerpon|Salt Cure\n|\n|-damage|p2a: Ogerpon|70\/100|[from] Salt Cure\n|upkeep\n|turn|2\n|j| IRLFloofy\n|\n|t:|1700229972\n|switch|p1a: Corviknight|Corviknight, M, shiny|100\/100\n|-ability|p1a: Corviknight|Pressure\n|move|p2a: Ogerpon|Knock Off|p1a: Corviknight\n|-damage|p1a: Corviknight|51\/100\n|-damage|p2a: Ogerpon|53\/100|[from] item: Rocky Helmet|[of] p1a: Corviknight\n|-enditem|p1a: Corviknight|Rocky Helmet|[from] move: Knock Off|[of] p2a: Ogerpon\n|\n|-damage|p2a: Ogerpon|41\/100|[from] Salt Cure\n|upkeep\n|turn|3\n|\n|t:|1700229976\n|move|p2a: Ogerpon|Ivy Cudgel|p1a: Corviknight|[anim] Ivy Cudgel Rock\n|-damage|p1a: Corviknight|0 fnt\n|faint|p1a: Corviknight\n|\n|-damage|p2a: Ogerpon|29\/100|[from] Salt Cure\n|upkeep\n|\n|t:|1700229980\n|switch|p1a: Ceruledge|Ceruledge, F|100\/100\n|turn|4\n|\n|t:|1700229987\n|move|p2a: Ogerpon|Ivy Cudgel|p1a: Ceruledge|[anim] Ivy Cudgel Rock\n|-supereffective|p1a: Ceruledge\n|-enditem|p1a: Ceruledge|Focus Sash\n|-damage|p1a: Ceruledge|1\/100\n|-ability|p1a: Ceruledge|Weak Armor|boost\n|-unboost|p1a: Ceruledge|def|1\n|-boost|p1a: Ceruledge|spe|2\n|move|p1a: Ceruledge|Swords Dance|p1a: Ceruledge\n|-boost|p1a: Ceruledge|atk|2\n|\n|-damage|p2a: Ogerpon|16\/100|[from] Salt Cure\n|upkeep\n|turn|5\n|\n|t:|1700229994\n|move|p1a: Ceruledge|Shadow Sneak|p2a: Ogerpon\n|-damage|p2a: Ogerpon|0 fnt\n|faint|p2a: Ogerpon\n|\n|upkeep\n|\n|t:|1700229999\n|switch|p2a: Ribombee|Ribombee, M, shiny|100\/100\n|turn|6\n|\n|t:|1700230005\n|move|p1a: Ceruledge|Bitter Blade|p2a: Ribombee\n|-supereffective|p2a: Ribombee\n|-enditem|p2a: Ribombee|Focus Sash\n|-damage|p2a: Ribombee|1\/100\n|-heal|p1a: Ceruledge|46\/100|[from] drain|[of] p2a: Ribombee\n|move|p2a: Ribombee|Moonblast|p1a: Ceruledge\n|-resisted|p1a: Ceruledge\n|-damage|p1a: Ceruledge|20\/100\n|\n|upkeep\n|turn|7\n|-message|Chagos Archipelago forfeited.\n|\n|win|TheNutmeg33\n|raw|TheNutmeg33's rating: 1495 &rarr; <strong>1516<\/strong><br \/>(+21 for winning)\n|raw|Chagos Archipelago's rating: 1509 &rarr; <strong>1488<\/strong><br \/>(-21 for losing)\n|l|\u2606Chagos Archipelago\n|l| IRLFloofy\n","uploadtime":1700230041,"views":19,"p1id":"thenutmeg33","p2id":"chagosarchipelago","formatid":"gen9ou","rating":1488,"private":0,"password":""}