{"id":"gen9ou-1990608688","p1":"PLAYB0I R0BBIE B","p2":"Pyrose44","format":"[Gen 9] OU","log":"|j|\u2606PLAYB0I R0BBIE B\n|j|\u2606Pyrose44\n|t:|1699985395\n|gametype|singles\n|player|p1|PLAYB0I R0BBIE B|eusine|1383\n|player|p2|Pyrose44|clown|1316\n|teamsize|p1|6\n|teamsize|p2|6\n|gen|9\n|tier|[Gen 9] OU\n|rated|\n|rule|Sleep Clause Mod: Limit one foe put to sleep\n|rule|Species Clause: Limit one of each Pok\u00e9mon\n|rule|OHKO Clause: OHKO moves are banned\n|rule|Evasion Items Clause: Evasion items are banned\n|rule|Evasion Moves Clause: Evasion moves are banned\n|rule|Endless Battle Clause: Forcing endless battles is banned\n|rule|HP Percentage Mod: HP is shown in percentages\n|clearpoke\n|poke|p1|Meowscarada, F|\n|poke|p1|Thundurus-Therian, M|\n|poke|p1|Sneasler, F|\n|poke|p1|Dragapult, F|\n|poke|p1|Heatran, F|\n|poke|p1|Great Tusk|\n|poke|p2|Gholdengo|\n|poke|p2|Great Tusk|\n|poke|p2|Dragonite, M|\n|poke|p2|Clefable, M|\n|poke|p2|Ogerpon-Wellspring, F|\n|poke|p2|Iron Moth|\n|teampreview\n|\n|t:|1699985404\n|start\n|switch|p1a: SICKO MODE|Meowscarada, F|100\/100\n|switch|p2a: Clefable|Clefable, M|100\/100\n|turn|1\n|\n|t:|1699985409\n|move|p1a: SICKO MODE|U-turn|p2a: Clefable\n|-start|p1a: SICKO MODE|typechange|Bug|[from] ability: Protean\n|-resisted|p2a: Clefable\n|-damage|p2a: Clefable|87\/100\n|\n|t:|1699985412\n|switch|p1a: WHO? WHAT!|Sneasler, F|100\/100|[from] U-turn\n|-item|p1a: WHO? WHAT!|Air Balloon\n|move|p2a: Clefable|Reflect|p2a: Clefable\n|-sidestart|p2: Pyrose44|Reflect\n|\n|upkeep\n|turn|2\n|\n|t:|1699985418\n|move|p1a: WHO? WHAT!|Swords Dance|p1a: WHO? WHAT!\n|-boost|p1a: WHO? WHAT!|atk|2\n|move|p2a: Clefable|Psychic|p1a: WHO? WHAT!\n|-supereffective|p1a: WHO? WHAT!\n|-damage|p1a: WHO? WHAT!|0 fnt\n|-enditem|p1a: WHO? WHAT!|Air Balloon\n|faint|p1a: WHO? WHAT!\n|\n|upkeep\n|inactive|Battle timer is ON: inactive players will automatically lose when time's up. (requested by PLAYB0I R0BBIE B)\n|\n|t:|1699985428\n|switch|p1a: ASTROTHUNDER|Thundurus-Therian, M|100\/100\n|turn|3\n|\n|t:|1699985441\n|move|p1a: ASTROTHUNDER|Volt Switch|p2a: Clefable\n|-damage|p2a: Clefable|36\/100\n|\n|t:|1699985447\n|switch|p1a: 5% TINT|Heatran, F|100\/100|[from] Volt Switch\n|-item|p1a: 5% TINT|Air Balloon\n|move|p2a: Clefable|Light Screen|p2a: Clefable\n|-sidestart|p2: Pyrose44|move: Light Screen\n|\n|upkeep\n|turn|4\n|\n|t:|1699985456\n|move|p1a: 5% TINT|Magma Storm|p2a: Clefable|[miss]\n|-miss|p1a: 5% TINT|p2a: Clefable\n|move|p2a: Clefable|Moonblast|p1a: 5% TINT\n|-resisted|p1a: 5% TINT\n|-damage|p1a: 5% TINT|93\/100\n|-enditem|p1a: 5% TINT|Air Balloon\n|\n|upkeep\n|turn|5\n|\n|t:|1699985471\n|switch|p2a: Great Tusk|Great Tusk, shiny|100\/100\n|move|p1a: 5% TINT|Magma Storm|p2a: Great Tusk\n|-damage|p2a: Great Tusk|63\/100\n|-activate|p2a: Great Tusk|move: Magma Storm|[of] p1a: 5% TINT\n|\n|-heal|p2a: Great Tusk|69\/100|[from] item: Leftovers\n|-damage|p2a: Great Tusk|57\/100|[from] move: Magma Storm|[partiallytrapped]\n|upkeep\n|turn|6\n|\n|t:|1699985483\n|switch|p1a: ASTROTHUNDER|Thundurus-Therian, M|100\/100\n|move|p2a: Great Tusk|Bulk Up|p2a: Great Tusk\n|-boost|p2a: Great Tusk|atk|1\n|-boost|p2a: Great Tusk|def|1\n|\n|-heal|p2a: Great Tusk|63\/100|[from] item: Leftovers\n|-end|p2a: Great Tusk|Magma Storm|[partiallytrapped]|[silent]\n|upkeep\n|turn|7\n|\n|t:|1699985495\n|move|p1a: ASTROTHUNDER|Grass Knot|p2a: Great Tusk\n|-supereffective|p2a: Great Tusk\n|-damage|p2a: Great Tusk|0 fnt\n|faint|p2a: Great Tusk\n|-end|p2a: Great Tusk|Protosynthesis|[silent]\n|\n|upkeep\n|\n|t:|1699985505\n|switch|p2a: Dragonite|Dragonite, M|100\/100\n|turn|8\n|\n|t:|1699985513\n|switch|p1a: NO BYSTANDERS|Dragapult, F|100\/100\n|move|p2a: Dragonite|Substitute|p2a: Dragonite\n|-start|p2a: Dragonite|Substitute\n|-damage|p2a: Dragonite|76\/100\n|\n|-heal|p2a: Dragonite|82\/100|[from] item: Leftovers\n|-sideend|p2: Pyrose44|Reflect\n|upkeep\n|turn|9\n|\n|t:|1699985523\n|-terastallize|p2a: Dragonite|Normal\n|move|p1a: NO BYSTANDERS|Thunder Wave|p2a: Dragonite\n|-status|p2a: Dragonite|par\n|move|p2a: Dragonite|Ice Spinner|p1a: NO BYSTANDERS\n|-supereffective|p1a: NO BYSTANDERS\n|-damage|p1a: NO BYSTANDERS|23\/100\n|\n|-heal|p2a: Dragonite|88\/100 par|[from] item: Leftovers\n|upkeep\n|turn|10\n|\n|t:|1699985532\n|move|p1a: NO BYSTANDERS|U-turn|p2a: Dragonite\n|-damage|p2a: Dragonite|72\/100 par\n|\n|t:|1699985538\n|switch|p1a: YOSEMITE|Great Tusk|100\/100|[from] U-turn\n|move|p2a: Dragonite|Ice Spinner|p1a: YOSEMITE\n|-supereffective|p1a: YOSEMITE\n|-damage|p1a: YOSEMITE|65\/100\n|\n|-heal|p2a: Dragonite|78\/100 par|[from] item: Leftovers\n|-sideend|p2: Pyrose44|move: Light Screen\n|upkeep\n|turn|11\n|\n|t:|1699985547\n|move|p1a: YOSEMITE|Close Combat|p2a: Dragonite\n|-supereffective|p2a: Dragonite\n|-end|p2a: Dragonite|Substitute\n|-unboost|p1a: YOSEMITE|def|1\n|-unboost|p1a: YOSEMITE|spd|1\n|cant|p2a: Dragonite|par\n|\n|-heal|p2a: Dragonite|84\/100 par|[from] item: Leftovers\n|upkeep\n|turn|12\n|\n|t:|1699985559\n|switch|p2a: Clefable|Clefable, M|36\/100\n|move|p1a: YOSEMITE|Close Combat|p2a: Clefable\n|-resisted|p2a: Clefable\n|-damage|p2a: Clefable|11\/100\n|-unboost|p1a: YOSEMITE|def|1\n|-unboost|p1a: YOSEMITE|spd|1\n|\n|upkeep\n|turn|13\n|\n|t:|1699985567\n|move|p1a: YOSEMITE|Rapid Spin|p2a: Clefable\n|-damage|p2a: Clefable|0 fnt\n|-boost|p1a: YOSEMITE|spe|1\n|faint|p2a: Clefable\n|\n|upkeep\n|\n|t:|1699985573\n|switch|p2a: Ogerpon|Ogerpon-Wellspring, F|100\/100\n|turn|14\n|\n|t:|1699985581\n|-end|p1a: YOSEMITE|Protosynthesis|[silent]\n|switch|p1a: NO BYSTANDERS|Dragapult, F|23\/100\n|move|p2a: Ogerpon|Ivy Cudgel|p1a: NO BYSTANDERS|[anim] Ivy Cudgel Water\n|-resisted|p1a: NO BYSTANDERS\n|-damage|p1a: NO BYSTANDERS|0 fnt\n|faint|p1a: NO BYSTANDERS\n|\n|upkeep\n|\n|t:|1699985583\n|switch|p1a: SICKO MODE|Meowscarada, F|100\/100\n|turn|15\n|\n|t:|1699985592\n|switch|p2a: Dragonite|Dragonite, M, tera:Normal|84\/100 par\n|move|p1a: SICKO MODE|U-turn|p2a: Dragonite\n|-start|p1a: SICKO MODE|typechange|Bug|[from] ability: Protean\n|-damage|p2a: Dragonite|56\/100 par\n|\n|t:|1699985599\n|switch|p1a: YOSEMITE|Great Tusk|65\/100|[from] U-turn\n|\n|-heal|p2a: Dragonite|62\/100 par|[from] item: Leftovers\n|upkeep\n|turn|16\n|\n|t:|1699985607\n|move|p1a: YOSEMITE|Ice Spinner|p2a: Dragonite\n|-damage|p2a: Dragonite|36\/100 par\n|move|p2a: Dragonite|Ice Spinner|p1a: YOSEMITE\n|-supereffective|p1a: YOSEMITE\n|-damage|p1a: YOSEMITE|28\/100\n|\n|-heal|p2a: Dragonite|42\/100 par|[from] item: Leftovers\n|upkeep\n|turn|17\n|\n|t:|1699985622\n|move|p1a: YOSEMITE|Headlong Rush|p2a: Dragonite\n|-damage|p2a: Dragonite|0 fnt\n|-unboost|p1a: YOSEMITE|def|1\n|-unboost|p1a: YOSEMITE|spd|1\n|faint|p2a: Dragonite\n|\n|upkeep\n|\n|t:|1699985642\n|switch|p2a: Iron Moth|Iron Moth|100\/100\n|-enditem|p2a: Iron Moth|Booster Energy\n|-activate|p2a: Iron Moth|ability: Quark Drive|[fromitem]\n|-start|p2a: Iron Moth|quarkdrivespe\n|turn|18\n|\n|t:|1699985647\n|-end|p1a: YOSEMITE|Protosynthesis|[silent]\n|switch|p1a: 5% TINT|Heatran, F|93\/100\n|move|p2a: Iron Moth|Air Slash|p1a: 5% TINT\n|-resisted|p1a: 5% TINT\n|-damage|p1a: 5% TINT|82\/100\n|\n|upkeep\n|turn|19\n|\n|t:|1699985654\n|move|p2a: Iron Moth|Substitute|p2a: Iron Moth\n|-start|p2a: Iron Moth|Substitute\n|-damage|p2a: Iron Moth|76\/100\n|move|p1a: 5% TINT|Magma Storm|p2a: Iron Moth\n|-resisted|p2a: Iron Moth\n|-end|p2a: Iron Moth|Substitute\n|\n|upkeep\n|turn|20\n|\n|t:|1699985662\n|-end|p2a: Iron Moth|Quark Drive|[silent]\n|switch|p2a: Ogerpon|Ogerpon-Wellspring, F|100\/100\n|move|p1a: 5% TINT|Earth Power|p2a: Ogerpon\n|-resisted|p2a: Ogerpon\n|-damage|p2a: Ogerpon|81\/100\n|\n|upkeep\n|turn|21\n|\n|t:|1699985670\n|switch|p1a: YOSEMITE|Great Tusk|28\/100\n|move|p2a: Ogerpon|Swords Dance|p2a: Ogerpon\n|-boost|p2a: Ogerpon|atk|2\n|\n|upkeep\n|turn|22\n|\n|t:|1699985675\n|move|p2a: Ogerpon|Horn Leech|p1a: YOSEMITE\n|-supereffective|p1a: YOSEMITE\n|-damage|p1a: YOSEMITE|0 fnt\n|-heal|p2a: Ogerpon|98\/100|[from] drain|[of] p1a: YOSEMITE\n|faint|p1a: YOSEMITE\n|-end|p1a: YOSEMITE|Protosynthesis|[silent]\n|\n|upkeep\n|\n|t:|1699985677\n|switch|p1a: SICKO MODE|Meowscarada, F|100\/100\n|turn|23\n|\n|t:|1699985683\n|move|p1a: SICKO MODE|U-turn|p2a: Ogerpon\n|-start|p1a: SICKO MODE|typechange|Bug|[from] ability: Protean\n|-supereffective|p2a: Ogerpon\n|-damage|p2a: Ogerpon|12\/100\n|\n|t:|1699985688\n|switch|p1a: ASTROTHUNDER|Thundurus-Therian, M|100\/100|[from] U-turn\n|move|p2a: Ogerpon|Ivy Cudgel|p1a: ASTROTHUNDER|[anim] Ivy Cudgel Water\n|-damage|p1a: ASTROTHUNDER|0 fnt\n|faint|p1a: ASTROTHUNDER\n|\n|upkeep\n|\n|t:|1699985690\n|switch|p1a: SICKO MODE|Meowscarada, F|100\/100\n|turn|24\n|\n|t:|1699985696\n|move|p1a: SICKO MODE|Knock Off|p2a: Ogerpon\n|-start|p1a: SICKO MODE|typechange|Dark|[from] ability: Protean\n|-damage|p2a: Ogerpon|0 fnt\n|faint|p2a: Ogerpon\n|\n|upkeep\n|\n|t:|1699985707\n|switch|p2a: Gholdengo|Gholdengo|100\/100\n|turn|25\n|\n|t:|1699985714\n|switch|p2a: Iron Moth|Iron Moth|76\/100\n|move|p1a: SICKO MODE|Knock Off|p2a: Iron Moth\n|-damage|p2a: Iron Moth|30\/100\n|\n|upkeep\n|turn|26\n|\n|t:|1699985721\n|move|p1a: SICKO MODE|Knock Off|p2a: Iron Moth\n|-damage|p2a: Iron Moth|0 fnt\n|faint|p2a: Iron Moth\n|-end|p2a: Iron Moth|Quark Drive|[silent]\n|\n|upkeep\n|\n|t:|1699985724\n|switch|p2a: Gholdengo|Gholdengo|100\/100\n|turn|27\n|\n|t:|1699985727\n|move|p1a: SICKO MODE|Knock Off|p2a: Gholdengo\n|-supereffective|p2a: Gholdengo\n|-damage|p2a: Gholdengo|7\/100\n|-enditem|p2a: Gholdengo|Choice Specs|[from] move: Knock Off|[of] p1a: SICKO MODE\n|move|p2a: Gholdengo|Make It Rain|p1a: SICKO MODE\n|-damage|p1a: SICKO MODE|0 fnt\n|-unboost|p2a: Gholdengo|spa|1\n|faint|p1a: SICKO MODE\n|\n|upkeep\n|\n|t:|1699985730\n|switch|p1a: 5% TINT|Heatran, F|82\/100\n|turn|28\n|c|\u2606PLAYB0I R0BBIE B|gg\n|\n|t:|1699985741\n|move|p2a: Gholdengo|Shadow Ball|p1a: 5% TINT\n|-damage|p1a: 5% TINT|54\/100\n|move|p1a: 5% TINT|Earth Power|p2a: Gholdengo\n|-supereffective|p2a: Gholdengo\n|-damage|p2a: Gholdengo|0 fnt\n|faint|p2a: Gholdengo\n|\n|win|PLAYB0I R0BBIE B\n|raw|PLAYB0I R0BBIE B's rating: 1383 &rarr; <strong>1399<\/strong><br \/>(+16 for winning)\n|raw|Pyrose44's rating: 1316 &rarr; <strong>1300<\/strong><br \/>(-16 for losing)\n","uploadtime":1699985746,"views":11,"p1id":"playb0ir0bbieb","p2id":"pyrose44","formatid":"gen9ou","rating":1300,"private":0,"password":""}