{"id":"gen9ou-2000541302","p1":"Khleopatra","p2":"Slopandslimeher","format":"[Gen 9] OU","log":"|j|\u2606Khleopatra\n|j|\u2606Slopandslimeher\n|t:|1701203674\n|gametype|singles\n|player|p1|Khleopatra|2|1338\n|player|p2|Slopandslimeher|colress|1416\n|teamsize|p1|6\n|teamsize|p2|6\n|gen|9\n|tier|[Gen 9] OU\n|rated|\n|rule|Sleep Clause Mod: Limit one foe put to sleep\n|rule|Species Clause: Limit one of each Pok\u00e9mon\n|rule|OHKO Clause: OHKO moves are banned\n|rule|Evasion Items Clause: Evasion items are banned\n|rule|Evasion Moves Clause: Evasion moves are banned\n|rule|Endless Battle Clause: Forcing endless battles is banned\n|rule|HP Percentage Mod: HP is shown in percentages\n|clearpoke\n|poke|p1|Glimmora, F|\n|poke|p1|Tyranitar, M|\n|poke|p1|Corviknight, M|\n|poke|p1|Ogerpon-Cornerstone, F|\n|poke|p1|Gastrodon, F|\n|poke|p1|Kingambit, F|\n|poke|p2|Zapdos-Galar|\n|poke|p2|Goodra-Hisui, F|\n|poke|p2|Basculegion, M|\n|poke|p2|Samurott-Hisui, F|\n|poke|p2|Zamazenta-*|\n|poke|p2|Thundurus-Therian, M|\n|teampreview\n|inactive|Battle timer is ON: inactive players will automatically lose when time's up. (requested by Khleopatra)\n|\n|t:|1701203691\n|start\n|switch|p1a: Glimmora|Glimmora, F|100\/100\n|switch|p2a: Thundurus|Thundurus-Therian, M|100\/100\n|turn|1\n|\n|t:|1701203700\n|move|p2a: Thundurus|Volt Switch|p1a: Glimmora\n|-damage|p1a: Glimmora|40\/100\n|\n|t:|1701203706\n|switch|p2a: Goodra|Goodra-Hisui, F|100\/100|[from] Volt Switch\n|move|p1a: Glimmora|Power Gem|p2a: Goodra\n|-resisted|p2a: Goodra\n|-damage|p2a: Goodra|92\/100\n|\n|upkeep\n|turn|2\n|\n|t:|1701203716\n|move|p1a: Glimmora|Earth Power|p2a: Goodra\n|-supereffective|p2a: Goodra\n|-damage|p2a: Goodra|64\/100\n|-unboost|p2a: Goodra|spd|1\n|move|p2a: Goodra|Flash Cannon|p1a: Glimmora\n|-supereffective|p1a: Glimmora\n|-damage|p1a: Glimmora|0 fnt\n|faint|p1a: Glimmora\n|\n|upkeep\n|\n|t:|1701203726\n|switch|p1a: Tyranitar|Tyranitar, M|100\/100\n|-weather|Sandstorm|[from] ability: Sand Stream|[of] p1a: Tyranitar\n|turn|3\n|\n|t:|1701203734\n|switch|p2a: Zamazenta|Zamazenta|100\/100\n|-ability|p2a: Zamazenta|Dauntless Shield|boost\n|-boost|p2a: Zamazenta|def|1\n|move|p1a: Tyranitar|Knock Off|p2a: Zamazenta\n|-resisted|p2a: Zamazenta\n|-damage|p2a: Zamazenta|83\/100\n|-enditem|p2a: Zamazenta|Choice Band|[from] move: Knock Off|[of] p1a: Tyranitar\n|\n|-weather|Sandstorm|[upkeep]\n|-damage|p2a: Zamazenta|77\/100|[from] Sandstorm\n|upkeep\n|turn|4\n|\n|t:|1701203750\n|switch|p2a: Thundurus|Thundurus-Therian, M|100\/100\n|switch|p1a: Corviknight|Corviknight, M|100\/100\n|\n|-weather|Sandstorm|[upkeep]\n|-damage|p2a: Thundurus|94\/100|[from] Sandstorm\n|upkeep\n|turn|5\n|\n|t:|1701203763\n|switch|p2a: Zapdos|Zapdos-Galar|100\/100\n|switch|p1a: Gastrodon|Gastrodon, F|100\/100\n|\n|-weather|Sandstorm|[upkeep]\n|-damage|p2a: Zapdos|94\/100|[from] Sandstorm\n|-heal|p2a: Zapdos|100\/100|[from] item: Leftovers\n|upkeep\n|turn|6\n|\n|t:|1701203773\n|move|p2a: Zapdos|Substitute|p2a: Zapdos\n|-start|p2a: Zapdos|Substitute\n|-damage|p2a: Zapdos|76\/100\n|move|p1a: Gastrodon|Ice Beam|p2a: Zapdos\n|-supereffective|p2a: Zapdos\n|-end|p2a: Zapdos|Substitute\n|\n|-weather|Sandstorm|[upkeep]\n|-damage|p2a: Zapdos|69\/100|[from] Sandstorm\n|-heal|p2a: Zapdos|76\/100|[from] item: Leftovers\n|upkeep\n|turn|7\n|\n|t:|1701203784\n|-terastallize|p2a: Zapdos|Steel\n|move|p2a: Zapdos|Substitute|p2a: Zapdos\n|-start|p2a: Zapdos|Substitute\n|-damage|p2a: Zapdos|51\/100\n|move|p1a: Gastrodon|Ice Beam|p2a: Zapdos\n|-resisted|p2a: Zapdos\n|-crit|p2a: Zapdos\n|-activate|p2a: Zapdos|move: Substitute|[damage]\n|\n|-weather|none\n|-heal|p2a: Zapdos|57\/100|[from] item: Leftovers\n|upkeep\n|turn|8\n|\n|t:|1701203796\n|move|p2a: Zapdos|Thunderous Kick|p1a: Gastrodon\n|-damage|p1a: Gastrodon|53\/100\n|-unboost|p1a: Gastrodon|def|1\n|move|p1a: Gastrodon|Surf|p2a: Zapdos\n|-end|p2a: Zapdos|Substitute\n|\n|-heal|p2a: Zapdos|63\/100|[from] item: Leftovers\n|upkeep\n|turn|9\n|\n|t:|1701203807\n|switch|p1a: Corviknight|Corviknight, M|100\/100\n|move|p2a: Zapdos|Thunderous Kick|p1a: Corviknight\n|-damage|p1a: Corviknight|72\/100\n|-ability|p1a: Corviknight|Mirror Armor\n|-unboost|p2a: Zapdos|def|1\n|-ability|p2a: Zapdos|Defiant|boost\n|-boost|p2a: Zapdos|atk|2\n|\n|-heal|p2a: Zapdos|69\/100|[from] item: Leftovers\n|-heal|p1a: Corviknight|78\/100|[from] item: Leftovers\n|upkeep\n|turn|10\n|\n|t:|1701203831\n|switch|p2a: Thundurus|Thundurus-Therian, M|94\/100\n|move|p1a: Corviknight|Body Press|p2a: Thundurus\n|-resisted|p2a: Thundurus\n|-damage|p2a: Thundurus|75\/100\n|\n|-heal|p1a: Corviknight|84\/100|[from] item: Leftovers\n|upkeep\n|turn|11\n|\n|t:|1701203842\n|switch|p2a: Samurott|Samurott-Hisui, F, shiny|100\/100\n|switch|p1a: Tyranitar|Tyranitar, M|100\/100\n|-weather|Sandstorm|[from] ability: Sand Stream|[of] p1a: Tyranitar\n|\n|-weather|Sandstorm|[upkeep]\n|-damage|p2a: Samurott|94\/100|[from] Sandstorm\n|upkeep\n|turn|12\n|\n|t:|1701203855\n|switch|p1a: Gastrodon|Gastrodon, F|53\/100\n|move|p2a: Samurott|Sacred Sword|p1a: Gastrodon\n|-damage|p1a: Gastrodon|18\/100\n|\n|-weather|Sandstorm|[upkeep]\n|-damage|p2a: Samurott|88\/100|[from] Sandstorm\n|upkeep\n|turn|13\n|\n|t:|1701203865\n|move|p2a: Samurott|Ceaseless Edge|p1a: Gastrodon\n|-damage|p1a: Gastrodon|0 fnt\n|-sidestart|p1: Khleopatra|Spikes\n|faint|p1a: Gastrodon\n|\n|-weather|Sandstorm|[upkeep]\n|-damage|p2a: Samurott|82\/100|[from] Sandstorm\n|upkeep\n|\n|t:|1701203873\n|switch|p1a: Ogerpon|Ogerpon-Cornerstone, F|100\/100\n|-damage|p1a: Ogerpon|88\/100|[from] Spikes\n|turn|14\n|\n|t:|1701203880\n|switch|p2a: Goodra|Goodra-Hisui, F|64\/100\n|move|p1a: Ogerpon|Horn Leech|p2a: Goodra\n|-ability|p2a: Goodra|Sap Sipper|boost\n|-boost|p2a: Goodra|atk|1\n|\n|-weather|Sandstorm|[upkeep]\n|upkeep\n|turn|15\n|\n|t:|1701203899\n|move|p1a: Ogerpon|Ivy Cudgel|p2a: Goodra|[anim] Ivy Cudgel Rock\n|-resisted|p2a: Goodra\n|-damage|p2a: Goodra|40\/100\n|move|p2a: Goodra|Dragon Tail|p1a: Ogerpon\n|-damage|p1a: Ogerpon|56\/100\n|drag|p1a: Tyranitar|Tyranitar, M|100\/100\n|-damage|p1a: Tyranitar|88\/100|[from] Spikes\n|\n|-weather|none\n|upkeep\n|turn|16\n|\n|t:|1701203912\n|switch|p2a: Zamazenta|Zamazenta|77\/100\n|move|p1a: Tyranitar|Earthquake|p2a: Zamazenta\n|-damage|p2a: Zamazenta|45\/100\n|\n|upkeep\n|turn|17\n|\n|t:|1701203925\n|move|p2a: Zamazenta|Close Combat|p1a: Tyranitar\n|-supereffective|p1a: Tyranitar\n|-damage|p1a: Tyranitar|0 fnt\n|-unboost|p2a: Zamazenta|def|1\n|-unboost|p2a: Zamazenta|spd|1\n|faint|p1a: Tyranitar\n|\n|upkeep\n|\n|t:|1701203935\n|switch|p1a: Ogerpon|Ogerpon-Cornerstone, F|56\/100\n|-damage|p1a: Ogerpon|44\/100|[from] Spikes\n|turn|18\n|\n|t:|1701203941\n|move|p2a: Zamazenta|Close Combat|p1a: Ogerpon\n|-supereffective|p1a: Ogerpon\n|-damage|p1a: Ogerpon|0 fnt\n|-unboost|p2a: Zamazenta|def|1\n|-unboost|p2a: Zamazenta|spd|1\n|faint|p1a: Ogerpon\n|\n|upkeep\n|\n|t:|1701203948\n|switch|p1a: Corviknight|Corviknight, M|84\/100\n|turn|19\n|\n|t:|1701203959\n|move|p2a: Zamazenta|Close Combat|p1a: Corviknight\n|-damage|p1a: Corviknight|43\/100\n|-unboost|p2a: Zamazenta|def|1\n|-unboost|p2a: Zamazenta|spd|1\n|move|p1a: Corviknight|Body Press|p2a: Zamazenta\n|-damage|p2a: Zamazenta|0 fnt\n|faint|p2a: Zamazenta\n|\n|-heal|p1a: Corviknight|50\/100|[from] item: Leftovers\n|upkeep\n|\n|t:|1701203962\n|switch|p2a: Basculegion|Basculegion, M|100\/100\n|turn|20\n|\n|t:|1701203981\n|move|p2a: Basculegion|Wave Crash|p1a: Corviknight\n|-damage|p1a: Corviknight|0 fnt\n|faint|p1a: Corviknight\n|-damage|p2a: Basculegion|84\/100|[from] Recoil\n|\n|upkeep\n|\n|t:|1701203988\n|switch|p1a: Kingambit|Kingambit, F|100\/100\n|-damage|p1a: Kingambit|88\/100|[from] Spikes\n|-activate|p1a: Kingambit|ability: Supreme Overlord\n|-start|p1a: Kingambit|fallen5|[silent]\n|turn|21\n|\n|t:|1701203995\n|move|p2a: Basculegion|Wave Crash|p1a: Kingambit\n|-damage|p1a: Kingambit|0 fnt\n|faint|p1a: Kingambit\n|-end|p1a: Kingambit|fallen5|[silent]\n|-damage|p2a: Basculegion|55\/100|[from] Recoil\n|\n|win|Slopandslimeher\n|raw|Khleopatra's rating: 1338 &rarr; <strong>1322<\/strong><br \/>(-16 for losing)\n|raw|Slopandslimeher's rating: 1416 &rarr; <strong>1432<\/strong><br \/>(+16 for winning)\n","uploadtime":1701204004,"views":5,"p1id":"khleopatra","p2id":"slopandslimeher","formatid":"gen9ou","rating":1322,"private":0,"password":""}