{"id":"gen9ou-1995258603","p1":"Khakas1","p2":"liaoya","format":"[Gen 9] OU","log":"|j|\u2606Khakas1\n|j|\u2606liaoya\n|t:|1700542482\n|gametype|singles\n|player|p1|Khakas1|101|1548\n|player|p2|liaoya|petrel|1519\n|teamsize|p1|6\n|teamsize|p2|6\n|gen|9\n|tier|[Gen 9] OU\n|rated|\n|rule|Sleep Clause Mod: Limit one foe put to sleep\n|rule|Species Clause: Limit one of each Pok\u00e9mon\n|rule|OHKO Clause: OHKO moves are banned\n|rule|Evasion Items Clause: Evasion items are banned\n|rule|Evasion Moves Clause: Evasion moves are banned\n|rule|Endless Battle Clause: Forcing endless battles is banned\n|rule|HP Percentage Mod: HP is shown in percentages\n|clearpoke\n|poke|p1|Ogerpon, F|\n|poke|p1|Skeledirge, M|\n|poke|p1|Gyarados, M|\n|poke|p1|Corviknight, F|\n|poke|p1|Ting-Lu|\n|poke|p1|Iron Valiant|\n|poke|p2|Drifblim, F|\n|poke|p2|Garganacl, F|\n|poke|p2|Umbreon, M|\n|poke|p2|Rotom-Wash|\n|poke|p2|Glimmora, F|\n|poke|p2|Espeon, F|\n|teampreview\n|inactive|Battle timer is ON: inactive players will automatically lose when time's up. (requested by liaoya)\n|\n|t:|1700542493\n|start\n|switch|p1a: Ting-Lu|Ting-Lu|100\/100\n|switch|p2a: Rotom|Rotom-Wash|100\/100\n|-ability|p1a: Ting-Lu|Vessel of Ruin\n|turn|1\n|\n|t:|1700542504\n|switch|p2a: Espeon|Espeon, F|100\/100\n|move|p1a: Ting-Lu|Ruination|p2a: Espeon\n|-damage|p2a: Espeon|50\/100\n|\n|upkeep\n|turn|2\n|\n|t:|1700542511\n|move|p2a: Espeon|Trick|p1a: Ting-Lu\n|-activate|p2a: Espeon|move: Trick|[of] p1a: Ting-Lu\n|-item|p1a: Ting-Lu|Choice Scarf|[from] move: Trick\n|-item|p2a: Espeon|Leftovers|[from] move: Trick\n|move|p1a: Ting-Lu|Earthquake|p2a: Espeon\n|-damage|p2a: Espeon|6\/100\n|\n|-heal|p2a: Espeon|12\/100|[from] item: Leftovers\n|upkeep\n|turn|3\n|\n|t:|1700542532\n|switch|p2a: Rotom|Rotom-Wash|100\/100\n|switch|p1a: Corviknight|Corviknight, F|100\/100\n|-ability|p1a: Corviknight|Pressure\n|\n|upkeep\n|turn|4\n|inactive|Khakas1 has 120 seconds left.\n|\n|t:|1700542558\n|switch|p1a: Skeledirge|Skeledirge, M|100\/100\n|move|p2a: Rotom|Trick|p1a: Skeledirge\n|-activate|p2a: Rotom|move: Trick|[of] p1a: Skeledirge\n|-item|p1a: Skeledirge|Choice Scarf|[from] move: Trick\n|-item|p2a: Rotom|Heavy-Duty Boots|[from] move: Trick\n|\n|upkeep\n|turn|5\n|inactive|Khakas1 has 120 seconds left.\n|\n|t:|1700542589\n|switch|p1a: Corviknight|Corviknight, F|100\/100\n|-ability|p1a: Corviknight|Pressure\n|move|p2a: Rotom|Hydro Pump|p1a: Corviknight\n|-damage|p1a: Corviknight|56\/100\n|\n|upkeep\n|turn|6\n|inactive|Khakas1 has 90 seconds left.\n|\n|t:|1700542622\n|switch|p1a: Ting-Lu|Ting-Lu|100\/100\n|-ability|p1a: Ting-Lu|Vessel of Ruin\n|move|p2a: Rotom|Will-O-Wisp|p1a: Ting-Lu|[miss]\n|-miss|p2a: Rotom|p1a: Ting-Lu\n|\n|upkeep\n|turn|7\n|\n|t:|1700542637\n|move|p2a: Rotom|Hydro Pump|p1a: Ting-Lu\n|-supereffective|p1a: Ting-Lu\n|-damage|p1a: Ting-Lu|60\/100\n|move|p1a: Ting-Lu|Stone Edge|p2a: Rotom|[miss]\n|-miss|p1a: Ting-Lu|p2a: Rotom\n|\n|upkeep\n|turn|8\n|\n|t:|1700542646\n|switch|p1a: Ogerpon|Ogerpon, F|100\/100\n|move|p2a: Rotom|Will-O-Wisp|p1a: Ogerpon\n|-status|p1a: Ogerpon|brn\n|\n|-damage|p1a: Ogerpon|95\/100 brn|[from] brn\n|upkeep\n|turn|9\n|\n|t:|1700542663\n|switch|p2a: Umbreon|Umbreon, M, shiny|100\/100\n|move|p1a: Ogerpon|Knock Off|p2a: Umbreon\n|-resisted|p2a: Umbreon\n|-crit|p2a: Umbreon\n|-damage|p2a: Umbreon|89\/100\n|-enditem|p2a: Umbreon|Leftovers|[from] move: Knock Off|[of] p1a: Ogerpon\n|\n|-damage|p1a: Ogerpon|89\/100 brn|[from] brn\n|upkeep\n|turn|10\n|inactive|Khakas1 has 60 seconds left.\n|\n|t:|1700542694\n|switch|p1a: Corviknight|Corviknight, F|56\/100\n|-ability|p1a: Corviknight|Pressure\n|move|p2a: Umbreon|Wish|p2a: Umbreon\n|\n|upkeep\n|turn|11\n|inactive|Khakas1 has 60 seconds left.\n|\n|t:|1700542704\n|switch|p2a: Drifblim|Drifblim, F|100\/100\n|move|p1a: Corviknight|U-turn|p2a: Drifblim\n|-resisted|p2a: Drifblim\n|-damage|p2a: Drifblim|95\/100\n|inactive|Khakas1 has 60 seconds left.\n|\n|t:|1700542735\n|switch|p1a: Iron Valiant|Iron Valiant|100\/100|[from] U-turn\n|-enditem|p1a: Iron Valiant|Booster Energy\n|-activate|p1a: Iron Valiant|ability: Quark Drive|[fromitem]\n|-start|p1a: Iron Valiant|quarkdrivespe\n|\n|-heal|p2a: Drifblim|100\/100|[from] move: Wish|[wisher] Umbreon\n|upkeep\n|turn|12\n|\n|t:|1700542747\n|switch|p2a: Espeon|Espeon, F|12\/100\n|move|p1a: Iron Valiant|Thunderbolt|p2a: Espeon\n|-damage|p2a: Espeon|0 fnt\n|faint|p2a: Espeon\n|\n|upkeep\n|\n|t:|1700542754\n|switch|p2a: Glimmora|Glimmora, F|100\/100\n|turn|13\n|\n|t:|1700542763\n|-end|p1a: Iron Valiant|Quark Drive|[silent]\n|switch|p1a: Ting-Lu|Ting-Lu|60\/100\n|-ability|p1a: Ting-Lu|Vessel of Ruin\n|move|p2a: Glimmora|Mortal Spin|p1a: Ting-Lu\n|-resisted|p1a: Ting-Lu\n|-damage|p1a: Ting-Lu|58\/100\n|-status|p1a: Ting-Lu|psn\n|\n|-damage|p1a: Ting-Lu|46\/100 psn|[from] psn\n|upkeep\n|turn|14\n|\n|t:|1700542772\n|switch|p2a: Rotom|Rotom-Wash|100\/100\n|move|p1a: Ting-Lu|Stealth Rock|p2a: Rotom\n|-sidestart|p2: liaoya|move: Stealth Rock\n|\n|-damage|p1a: Ting-Lu|33\/100 psn|[from] psn\n|upkeep\n|turn|15\n|\n|t:|1700542778\n|move|p2a: Rotom|Hydro Pump|p1a: Ting-Lu\n|-supereffective|p1a: Ting-Lu\n|-damage|p1a: Ting-Lu|0 fnt\n|faint|p1a: Ting-Lu\n|\n|upkeep\n|\n|t:|1700542794\n|switch|p1a: Ogerpon|Ogerpon, F|89\/100 brn\n|turn|16\n|\n|t:|1700542802\n|switch|p2a: Glimmora|Glimmora, F|100\/100\n|-damage|p2a: Glimmora|88\/100|[from] Stealth Rock\n|move|p1a: Ogerpon|U-turn|p2a: Glimmora\n|-resisted|p2a: Glimmora\n|-damage|p2a: Glimmora|80\/100\n|-activate|p2a: Glimmora|ability: Toxic Debris\n|-sidestart|p1: Khakas1|move: Toxic Spikes\n|inactive|Khakas1 has 30 seconds left.\n|inactive|Khakas1 has 20 seconds left.\n|\n|t:|1700542839\n|switch|p1a: Gyarados|Gyarados, M|100\/100|[from] U-turn\n|-ability|p1a: Gyarados|Intimidate|boost\n|-unboost|p2a: Glimmora|atk|1\n|\n|upkeep\n|turn|17\n|inactive|Khakas1 has 30 seconds left this turn.\n|\n|t:|1700542848\n|move|p1a: Gyarados|Waterfall|p2a: Glimmora\n|-supereffective|p2a: Glimmora\n|-damage|p2a: Glimmora|17\/100\n|-activate|p2a: Glimmora|ability: Toxic Debris\n|-sidestart|p1: Khakas1|move: Toxic Spikes\n|move|p2a: Glimmora|Mortal Spin|p1a: Gyarados\n|-damage|p1a: Gyarados|96\/100\n|-status|p1a: Gyarados|psn\n|-sideend|p2: liaoya|Stealth Rock|[from] move: Mortal Spin|[of] p2a: Glimmora\n|\n|-heal|p1a: Gyarados|100\/100 psn|[from] item: Leftovers\n|-damage|p1a: Gyarados|88\/100 psn|[from] psn\n|upkeep\n|turn|18\n|inactive|Khakas1 has 30 seconds left.\n|\n|t:|1700542860\n|switch|p2a: Rotom|Rotom-Wash|100\/100\n|move|p1a: Gyarados|Dragon Dance|p1a: Gyarados\n|-boost|p1a: Gyarados|atk|1\n|-boost|p1a: Gyarados|spe|1\n|\n|-heal|p1a: Gyarados|94\/100 psn|[from] item: Leftovers\n|-damage|p1a: Gyarados|82\/100 psn|[from] psn\n|upkeep\n|turn|19\n|inactive|Khakas1 has 30 seconds left.\n|\n|t:|1700542874\n|move|p1a: Gyarados|Waterfall|p2a: Rotom\n|-resisted|p2a: Rotom\n|-damage|p2a: Rotom|68\/100\n|move|p2a: Rotom|Volt Switch|p1a: Gyarados\n|-supereffective|p1a: Gyarados\n|-damage|p1a: Gyarados|0 fnt\n|faint|p1a: Gyarados\n|inactive|Khakas1 has 30 seconds left this turn.\n|l|\u2606liaoya\n|inactive|liaoya disconnected and has a minute to reconnect!\n|player|p2|\n|j|\u2606liaoya\n|inactive|liaoya reconnected and has 125 seconds left.\n|player|p2|liaoya|petrel\n|inactive|liaoya has 120 seconds left.\n|\n|t:|1700542909\n|switch|p2a: Drifblim|Drifblim, F|100\/100|[from] Volt Switch\n|\n|upkeep\n|inactive|Khakas1 has 30 seconds left.\n|\n|t:|1700542922\n|switch|p1a: Corviknight|Corviknight, F|56\/100\n|-ability|p1a: Corviknight|Pressure\n|turn|20\n|inactive|Khakas1 has 30 seconds left.\n|\n|t:|1700542929\n|move|p2a: Drifblim|Trick|p1a: Corviknight\n|-activate|p2a: Drifblim|move: Trick|[of] p1a: Corviknight\n|-item|p1a: Corviknight|Choice Scarf|[from] move: Trick\n|-item|p2a: Drifblim|Rocky Helmet|[from] move: Trick\n|move|p1a: Corviknight|Defog|p2a: Drifblim\n|-unboost|p2a: Drifblim|evasion|1\n|-sideend|p1: Khakas1|Toxic Spikes|[from] move: Defog|[of] p1a: Corviknight\n|\n|upkeep\n|turn|21\n|inactive|Khakas1 has 30 seconds left.\n|inactive|Khakas1 has 20 seconds left.\n|\n|t:|1700542952\n|switch|p2a: Rotom|Rotom-Wash|68\/100\n|switch|p1a: Skeledirge|Skeledirge, M|100\/100\n|\n|upkeep\n|turn|22\n|inactive|Khakas1 has 30 seconds left this turn.\n|inactive|Khakas1 has 20 seconds left.\n|\n|t:|1700542964\n|move|p1a: Skeledirge|Hex|p2a: Rotom\n|-damage|p2a: Rotom|42\/100\n|move|p2a: Rotom|Hydro Pump|p1a: Skeledirge|[miss]\n|-miss|p2a: Rotom|p1a: Skeledirge\n|\n|upkeep\n|turn|23\n|inactive|Khakas1 has 30 seconds left this turn.\n|\n|t:|1700542970\n|move|p1a: Skeledirge|Hex|p2a: Rotom\n|-damage|p2a: Rotom|14\/100\n|move|p2a: Rotom|Hydro Pump|p1a: Skeledirge\n|-supereffective|p1a: Skeledirge\n|-damage|p1a: Skeledirge|33\/100\n|\n|upkeep\n|turn|24\n|inactive|Khakas1 has 30 seconds left.\n|\n|t:|1700542975\n|move|p1a: Skeledirge|Hex|p2a: Rotom\n|-damage|p2a: Rotom|0 fnt\n|faint|p2a: Rotom\n|\n|upkeep\n|\n|t:|1700542981\n|switch|p2a: Umbreon|Umbreon, M, shiny|89\/100\n|turn|25\n|inactive|Khakas1 has 30 seconds left.\n|\n|t:|1700543004\n|switch|p1a: Ogerpon|Ogerpon, F|89\/100 brn\n|move|p2a: Umbreon|Wish|p2a: Umbreon\n|\n|-damage|p1a: Ogerpon|83\/100 brn|[from] brn\n|upkeep\n|turn|26\n|c|\u2606liaoya|gg\n|inactive|Khakas1 has 30 seconds left.\n|\n|t:|1700543018\n|move|p1a: Ogerpon|Ivy Cudgel|p2a: Umbreon\n|-damage|p2a: Umbreon|60\/100\n|move|p2a: Umbreon|Foul Play|p1a: Ogerpon\n|-damage|p1a: Ogerpon|15\/100 brn\n|\n|-heal|p2a: Umbreon|100\/100|[from] move: Wish|[wisher] Umbreon\n|-damage|p1a: Ogerpon|9\/100 brn|[from] brn\n|upkeep\n|turn|27\n|inactive|Khakas1 has 30 seconds left.\n|\n|t:|1700543033\n|switch|p1a: Skeledirge|Skeledirge, M|33\/100\n|move|p2a: Umbreon|Wish|p2a: Umbreon\n|\n|upkeep\n|turn|28\n|\n|t:|1700543038\n|move|p1a: Skeledirge|Slack Off|p1a: Skeledirge\n|-heal|p1a: Skeledirge|83\/100\n|move|p2a: Umbreon|Foul Play|p1a: Skeledirge\n|-supereffective|p1a: Skeledirge\n|-damage|p1a: Skeledirge|51\/100\n|\n|upkeep\n|turn|29\n|\n|t:|1700543046\n|move|p1a: Skeledirge|Slack Off|p1a: Skeledirge\n|-heal|p1a: Skeledirge|100\/100\n|move|p2a: Umbreon|Wish|p2a: Umbreon\n|\n|upkeep\n|turn|30\n|\n|t:|1700543058\n|switch|p1a: Ogerpon|Ogerpon, F|9\/100 brn\n|switch|p2a: Glimmora|Glimmora, F|17\/100\n|\n|-heal|p2a: Glimmora|70\/100|[from] move: Wish|[wisher] Umbreon\n|-damage|p1a: Ogerpon|3\/100 brn|[from] brn\n|upkeep\n|turn|31\n|inactive|Khakas1 has 30 seconds left.\n|\n|t:|1700543080\n|move|p1a: Ogerpon|U-turn|p2a: Glimmora\n|-resisted|p2a: Glimmora\n|-damage|p2a: Glimmora|63\/100\n|-activate|p2a: Glimmora|ability: Toxic Debris\n|-sidestart|p1: Khakas1|move: Toxic Spikes\n|inactive|Khakas1 has 30 seconds left.\n|\n|t:|1700543086\n|switch|p1a: Corviknight|Corviknight, F|56\/100|[from] U-turn\n|-ability|p1a: Corviknight|Pressure\n|move|p2a: Glimmora|Stealth Rock|p1a: Corviknight\n|-sidestart|p1: Khakas1|move: Stealth Rock\n|\n|upkeep\n|turn|32\n|\n|t:|1700543093\n|move|p1a: Corviknight|Defog|p2a: Glimmora\n|-unboost|p2a: Glimmora|evasion|1\n|-sideend|p1: Khakas1|Toxic Spikes|[from] move: Defog|[of] p1a: Corviknight\n|-sideend|p1: Khakas1|Stealth Rock|[from] move: Defog|[of] p1a: Corviknight\n|move|p2a: Glimmora|Stealth Rock|p1a: Corviknight\n|-sidestart|p1: Khakas1|move: Stealth Rock\n|\n|upkeep\n|turn|33\n|\n|t:|1700543099\n|move|p1a: Corviknight|Defog|p2a: Glimmora\n|-unboost|p2a: Glimmora|evasion|1\n|-sideend|p1: Khakas1|Stealth Rock|[from] move: Defog|[of] p1a: Corviknight\n|move|p2a: Glimmora|Stealth Rock|p1a: Corviknight\n|-sidestart|p1: Khakas1|move: Stealth Rock\n|\n|upkeep\n|turn|34\n|\n|t:|1700543106\n|move|p1a: Corviknight|Defog|p2a: Glimmora\n|-unboost|p2a: Glimmora|evasion|1\n|-sideend|p1: Khakas1|Stealth Rock|[from] move: Defog|[of] p1a: Corviknight\n|move|p2a: Glimmora|Mortal Spin|p1a: Corviknight\n|-immune|p1a: Corviknight\n|\n|upkeep\n|turn|35\n|inactive|Khakas1 has 30 seconds left.\n|\n|t:|1700543132\n|switch|p1a: Ogerpon|Ogerpon, F|3\/100 brn\n|move|p2a: Glimmora|Stealth Rock|p1a: Ogerpon\n|-sidestart|p1: Khakas1|move: Stealth Rock\n|\n|-damage|p1a: Ogerpon|0 fnt|[from] brn\n|faint|p1a: Ogerpon\n|upkeep\n|inactive|Khakas1 has 30 seconds left.\n|\n|t:|1700543138\n|switch|p1a: Iron Valiant|Iron Valiant|100\/100\n|-damage|p1a: Iron Valiant|94\/100|[from] Stealth Rock\n|turn|36\n|inactive|Khakas1 has 30 seconds left.\n|\n|t:|1700543151\n|move|p1a: Iron Valiant|Moonblast|p2a: Glimmora\n|-resisted|p2a: Glimmora\n|-damage|p2a: Glimmora|38\/100\n|move|p2a: Glimmora|Mortal Spin|p1a: Iron Valiant\n|-supereffective|p1a: Iron Valiant\n|-damage|p1a: Iron Valiant|79\/100\n|-status|p1a: Iron Valiant|psn\n|\n|-damage|p1a: Iron Valiant|67\/100 psn|[from] psn\n|upkeep\n|turn|37\n|\n|t:|1700543161\n|switch|p2a: Garganacl|Garganacl, F, shiny|100\/100\n|move|p1a: Iron Valiant|Psyshock|p2a: Garganacl\n|-damage|p2a: Garganacl|84\/100\n|\n|-heal|p2a: Garganacl|90\/100|[from] item: Leftovers\n|-damage|p1a: Iron Valiant|54\/100 psn|[from] psn\n|upkeep\n|turn|38\n|\n|t:|1700543170\n|move|p1a: Iron Valiant|Close Combat|p2a: Garganacl\n|-supereffective|p2a: Garganacl\n|-damage|p2a: Garganacl|23\/100\n|-unboost|p1a: Iron Valiant|def|1\n|-unboost|p1a: Iron Valiant|spd|1\n|move|p2a: Garganacl|Salt Cure|p1a: Iron Valiant\n|-resisted|p1a: Iron Valiant\n|-damage|p1a: Iron Valiant|42\/100 psn\n|-start|p1a: Iron Valiant|Salt Cure\n|\n|-heal|p2a: Garganacl|29\/100|[from] item: Leftovers\n|-damage|p1a: Iron Valiant|29\/100 psn|[from] psn\n|-damage|p1a: Iron Valiant|17\/100 psn|[from] Salt Cure\n|upkeep\n|turn|39\n|\n|t:|1700543182\n|-terastallize|p2a: Garganacl|Ghost\n|move|p1a: Iron Valiant|Thunderbolt|p2a: Garganacl\n|-damage|p2a: Garganacl|11\/100\n|move|p2a: Garganacl|Recover|p2a: Garganacl\n|-heal|p2a: Garganacl|61\/100\n|\n|-heal|p2a: Garganacl|67\/100|[from] item: Leftovers\n|-damage|p1a: Iron Valiant|4\/100 psn|[from] psn\n|-damage|p1a: Iron Valiant|0 fnt|[from] Salt Cure\n|faint|p1a: Iron Valiant\n|-end|p1a: Iron Valiant|Quark Drive|[silent]\n|upkeep\n|inactive|Khakas1 has 30 seconds left.\n|\n|t:|1700543203\n|switch|p1a: Skeledirge|Skeledirge, M|100\/100\n|-damage|p1a: Skeledirge|76\/100|[from] Stealth Rock\n|turn|40\n|inactive|Khakas1 has 30 seconds left.\n|\n|t:|1700543211\n|move|p1a: Skeledirge|Torch Song|p2a: Garganacl\n|-damage|p2a: Garganacl|49\/100\n|-boost|p1a: Skeledirge|spa|1\n|move|p2a: Garganacl|Salt Cure|p1a: Skeledirge\n|-supereffective|p1a: Skeledirge\n|-damage|p1a: Skeledirge|52\/100\n|-start|p1a: Skeledirge|Salt Cure\n|\n|-heal|p2a: Garganacl|55\/100|[from] item: Leftovers\n|-damage|p1a: Skeledirge|40\/100|[from] Salt Cure\n|upkeep\n|turn|41\n|c|\u2606Khakas1|nice team bro\n|inactive|Khakas1 has 30 seconds left.\n|\n|t:|1700543223\n|move|p1a: Skeledirge|Torch Song|p2a: Garganacl\n|-damage|p2a: Garganacl|25\/100\n|-boost|p1a: Skeledirge|spa|1\n|move|p2a: Garganacl|Recover|p2a: Garganacl\n|-heal|p2a: Garganacl|75\/100\n|\n|-heal|p2a: Garganacl|81\/100|[from] item: Leftovers\n|-damage|p1a: Skeledirge|28\/100|[from] Salt Cure\n|upkeep\n|turn|42\n|\n|t:|1700543232\n|move|p1a: Skeledirge|Torch Song|p2a: Garganacl\n|-damage|p2a: Garganacl|41\/100\n|-boost|p1a: Skeledirge|spa|1\n|move|p2a: Garganacl|Recover|p2a: Garganacl\n|-heal|p2a: Garganacl|91\/100\n|\n|-heal|p2a: Garganacl|98\/100|[from] item: Leftovers\n|-damage|p1a: Skeledirge|15\/100|[from] Salt Cure\n|upkeep\n|turn|43\n|\n|t:|1700543242\n|move|p1a: Skeledirge|Torch Song|p2a: Garganacl\n|-damage|p2a: Garganacl|46\/100\n|-boost|p1a: Skeledirge|spa|1\n|move|p2a: Garganacl|Recover|p2a: Garganacl\n|-heal|p2a: Garganacl|96\/100\n|\n|-heal|p2a: Garganacl|100\/100|[from] item: Leftovers\n|-damage|p1a: Skeledirge|3\/100|[from] Salt Cure\n|upkeep\n|turn|44\n|\n|t:|1700543251\n|move|p1a: Skeledirge|Torch Song|p2a: Garganacl\n|-damage|p2a: Garganacl|42\/100\n|-boost|p1a: Skeledirge|spa|1\n|move|p2a: Garganacl|Recover|p2a: Garganacl\n|-heal|p2a: Garganacl|92\/100\n|\n|-heal|p2a: Garganacl|99\/100|[from] item: Leftovers\n|-damage|p1a: Skeledirge|0 fnt|[from] Salt Cure\n|faint|p1a: Skeledirge\n|upkeep\n|\n|t:|1700543261\n|switch|p1a: Corviknight|Corviknight, F|56\/100\n|-damage|p1a: Corviknight|44\/100|[from] Stealth Rock\n|-ability|p1a: Corviknight|Pressure\n|turn|45\n|\n|t:|1700543271\n|move|p1a: Corviknight|U-turn|p2a: Garganacl\n|-resisted|p2a: Garganacl\n|-damage|p2a: Garganacl|94\/100\n|move|p2a: Garganacl|Salt Cure|p1a: Corviknight\n|-damage|p1a: Corviknight|36\/100\n|-start|p1a: Corviknight|Salt Cure\n|\n|-heal|p2a: Garganacl|99\/100|[from] item: Leftovers\n|-damage|p1a: Corviknight|11\/100|[from] Salt Cure\n|upkeep\n|turn|46\n|\n|t:|1700543280\n|switch|p2a: Glimmora|Glimmora, F|38\/100\n|move|p1a: Corviknight|U-turn|p2a: Glimmora\n|-resisted|p2a: Glimmora\n|-damage|p2a: Glimmora|33\/100\n|-activate|p2a: Glimmora|ability: Toxic Debris\n|-sidestart|p1: Khakas1|move: Toxic Spikes\n|\n|-damage|p1a: Corviknight|0 fnt|[from] Salt Cure\n|faint|p1a: Corviknight\n|\n|win|liaoya\n|upkeep\n|raw|Khakas1's rating: 1548 &rarr; <strong>1526<\/strong><br \/>(-22 for losing)\n|raw|liaoya's rating: 1519 &rarr; <strong>1541<\/strong><br \/>(+22 for winning)\n","uploadtime":1700543285,"views":2,"p1id":"khakas1","p2id":"liaoya","formatid":"gen9ou","rating":1526,"private":0,"password":""}