{"id":"gen9ou-1995675544","p1":"LordBlzer","p2":"TheZalmancer","format":"[Gen 9] OU","log":"|j|\u2606LordBlzer\n|j|\u2606TheZalmancer\n|t:|1700592964\n|gametype|singles\n|player|p1|LordBlzer|candice|1285\n|player|p2|TheZalmancer|skyla|1354\n|teamsize|p1|6\n|teamsize|p2|6\n|gen|9\n|tier|[Gen 9] OU\n|rated|\n|rule|Sleep Clause Mod: Limit one foe put to sleep\n|rule|Species Clause: Limit one of each Pok\u00e9mon\n|rule|OHKO Clause: OHKO moves are banned\n|rule|Evasion Items Clause: Evasion items are banned\n|rule|Evasion Moves Clause: Evasion moves are banned\n|rule|Endless Battle Clause: Forcing endless battles is banned\n|rule|HP Percentage Mod: HP is shown in percentages\n|clearpoke\n|poke|p1|Ursaluna, M|\n|poke|p1|Slowking-Galar, F|\n|poke|p1|Kingambit, F|\n|poke|p1|Cresselia, F|\n|poke|p1|Dragonite, F|\n|poke|p1|Great Tusk|\n|poke|p2|Ogerpon-Wellspring, F|\n|poke|p2|Ninetales-Alola, F|\n|poke|p2|Corviknight, F|\n|poke|p2|Slowking-Galar, F|\n|poke|p2|Dragapult, F|\n|poke|p2|Zamazenta-*|\n|teampreview\n|\n|t:|1700592977\n|start\n|switch|p1a: Slowking|Slowking-Galar, F|100\/100\n|switch|p2a: Dragapult|Dragapult, F|100\/100\n|turn|1\n|\n|t:|1700593011\n|move|p2a: Dragapult|U-turn|p1a: Slowking\n|-damage|p1a: Slowking|79\/100\n|\n|t:|1700593013\n|switch|p2a: Ninetales|Ninetales-Alola, F, shiny|100\/100|[from] U-turn\n|-weather|Snow|[from] ability: Snow Warning|[of] p2a: Ninetales\n|move|p1a: Slowking|Trick Room|p1a: Slowking\n|-fieldstart|move: Trick Room|[of] p1a: Slowking\n|\n|-weather|Snow|[upkeep]\n|upkeep\n|turn|2\n|\n|t:|1700593022\n|move|p1a: Slowking|Chilly Reception|p1a: Slowking\n|\n|t:|1700593025\n|switch|p1a: Kingambit|Kingambit, F|100\/100|[from] Chilly Reception\n|move|p2a: Ninetales|Aurora Veil|p2a: Ninetales\n|-sidestart|p2: TheZalmancer|move: Aurora Veil\n|\n|-weather|Snow|[upkeep]\n|upkeep\n|turn|3\n|\n|t:|1700593031\n|switch|p2a: Corviknight|Corviknight, F, shiny|100\/100\n|-ability|p2a: Corviknight|Pressure\n|move|p1a: Kingambit|Iron Head|p2a: Corviknight\n|-resisted|p2a: Corviknight\n|-damage|p2a: Corviknight|93\/100\n|\n|-weather|Snow|[upkeep]\n|-heal|p2a: Corviknight|99\/100|[from] item: Leftovers\n|upkeep\n|turn|4\n|\n|t:|1700593045\n|-end|p1a: Kingambit|fallenundefined|[silent]\n|switch|p1a: Dragonite|Dragonite, F|100\/100\n|move|p2a: Corviknight|U-turn|p1a: Dragonite\n|-resisted|p1a: Dragonite\n|-damage|p1a: Dragonite|96\/100\n|\n|t:|1700593060\n|switch|p2a: Slowking|Slowking-Galar, F|100\/100|[from] U-turn\n|\n|-weather|Snow|[upkeep]\n|upkeep\n|turn|5\n|\n|t:|1700593065\n|move|p2a: Slowking|Nasty Plot|p2a: Slowking\n|-boost|p2a: Slowking|spa|2\n|move|p1a: Dragonite|Earthquake|p2a: Slowking\n|-supereffective|p2a: Slowking\n|-damage|p2a: Slowking|49\/100\n|\n|-weather|none\n|-heal|p2a: Slowking|55\/100|[from] item: Leftovers\n|-fieldend|move: Trick Room\n|upkeep\n|turn|6\n|\n|t:|1700593079\n|switch|p2a: Corviknight|Corviknight, F, shiny|99\/100\n|-ability|p2a: Corviknight|Pressure\n|move|p1a: Dragonite|Earthquake|p2a: Corviknight\n|-immune|p2a: Corviknight\n|\n|-heal|p2a: Corviknight|100\/100|[from] item: Leftovers\n|upkeep\n|turn|7\n|\n|t:|1700593087\n|switch|p1a: Cresselia|Cresselia, F|100\/100\n|move|p2a: Corviknight|U-turn|p1a: Cresselia\n|-supereffective|p1a: Cresselia\n|-damage|p1a: Cresselia|78\/100\n|\n|t:|1700593107\n|switch|p2a: Slowking|Slowking-Galar, F|88\/100|[from] U-turn\n|\n|-heal|p1a: Cresselia|85\/100|[from] item: Leftovers\n|-heal|p2a: Slowking|94\/100|[from] item: Leftovers\n|upkeep\n|turn|8\n|\n|t:|1700593122\n|switch|p1a: Ursaluna|Ursaluna, M|100\/100\n|move|p2a: Slowking|Nasty Plot|p2a: Slowking\n|-boost|p2a: Slowking|spa|2\n|\n|-heal|p2a: Slowking|100\/100|[from] item: Leftovers\n|-status|p1a: Ursaluna|brn|[from] item: Flame Orb\n|upkeep\n|turn|9\n|\n|t:|1700593132\n|move|p1a: Ursaluna|Crunch|p2a: Slowking\n|-supereffective|p2a: Slowking\n|-damage|p2a: Slowking|46\/100\n|-unboost|p2a: Slowking|def|1\n|move|p2a: Slowking|Trick Room|p2a: Slowking\n|-fieldstart|move: Trick Room|[of] p2a: Slowking\n|\n|-heal|p2a: Slowking|52\/100|[from] item: Leftovers\n|-damage|p1a: Ursaluna|94\/100 brn|[from] brn\n|-sideend|p2: TheZalmancer|move: Aurora Veil\n|upkeep\n|turn|10\n|\n|t:|1700593147\n|switch|p2a: Zamazenta|Zamazenta|100\/100\n|-ability|p2a: Zamazenta|Dauntless Shield|boost\n|-boost|p2a: Zamazenta|def|1\n|switch|p1a: Slowking|Slowking-Galar, F|100\/100\n|\n|upkeep\n|turn|11\n|\n|t:|1700593158\n|move|p1a: Slowking|Psychic|p2a: Zamazenta\n|-supereffective|p2a: Zamazenta\n|-damage|p2a: Zamazenta|21\/100\n|move|p2a: Zamazenta|Crunch|p1a: Slowking\n|-supereffective|p1a: Slowking\n|-damage|p1a: Slowking|23\/100\n|\n|upkeep\n|turn|12\n|\n|t:|1700593166\n|switch|p2a: Corviknight|Corviknight, F, shiny|100\/100\n|-ability|p2a: Corviknight|Pressure\n|move|p1a: Slowking|Chilly Reception|p1a: Slowking\n|-weather|Snow\n|\n|t:|1700593175\n|switch|p1a: Kingambit|Kingambit, F|100\/100|[from] Chilly Reception\n|\n|-weather|Snow|[upkeep]\n|upkeep\n|turn|13\n|\n|t:|1700593179\n|move|p1a: Kingambit|Kowtow Cleave|p2a: Corviknight\n|-damage|p2a: Corviknight|71\/100\n|move|p2a: Corviknight|Body Press|p1a: Kingambit\n|-supereffective|p1a: Kingambit\n|-damage|p1a: Kingambit|26\/100\n|\n|-weather|Snow|[upkeep]\n|-heal|p1a: Kingambit|32\/100|[from] item: Leftovers\n|-heal|p2a: Corviknight|77\/100|[from] item: Leftovers\n|-fieldend|move: Trick Room\n|upkeep\n|turn|14\n|\n|t:|1700593190\n|-end|p1a: Kingambit|fallenundefined|[silent]\n|switch|p1a: Slowking|Slowking-Galar, F|57\/100\n|move|p2a: Corviknight|U-turn|p1a: Slowking\n|-damage|p1a: Slowking|43\/100\n|\n|t:|1700593196\n|switch|p2a: Zamazenta|Zamazenta|21\/100|[from] U-turn\n|\n|-weather|Snow|[upkeep]\n|upkeep\n|turn|15\n|\n|t:|1700593205\n|switch|p1a: Kingambit|Kingambit, F|32\/100\n|move|p2a: Zamazenta|Crunch|p1a: Kingambit\n|-resisted|p1a: Kingambit\n|-damage|p1a: Kingambit|19\/100\n|\n|-weather|Snow|[upkeep]\n|-heal|p1a: Kingambit|25\/100|[from] item: Leftovers\n|upkeep\n|turn|16\n|\n|t:|1700593215\n|switch|p2a: Corviknight|Corviknight, F, shiny|77\/100\n|-ability|p2a: Corviknight|Pressure\n|move|p1a: Kingambit|Sucker Punch||[still]\n|-fail|p1a: Kingambit\n|\n|-weather|none\n|-heal|p2a: Corviknight|83\/100|[from] item: Leftovers\n|-heal|p1a: Kingambit|31\/100|[from] item: Leftovers\n|upkeep\n|turn|17\n|\n|t:|1700593225\n|-end|p1a: Kingambit|fallenundefined|[silent]\n|switch|p1a: Slowking|Slowking-Galar, F|76\/100\n|move|p2a: Corviknight|U-turn|p1a: Slowking\n|-damage|p1a: Slowking|64\/100\n|\n|t:|1700593235\n|switch|p2a: Ninetales|Ninetales-Alola, F, shiny|100\/100|[from] U-turn\n|-weather|Snow|[from] ability: Snow Warning|[of] p2a: Ninetales\n|\n|-weather|Snow|[upkeep]\n|upkeep\n|turn|18\n|\n|t:|1700593243\n|move|p2a: Ninetales|Aurora Veil|p2a: Ninetales\n|-sidestart|p2: TheZalmancer|move: Aurora Veil\n|move|p1a: Slowking|Sludge Bomb|p2a: Ninetales\n|-supereffective|p2a: Ninetales\n|-damage|p2a: Ninetales|62\/100\n|\n|-weather|Snow|[upkeep]\n|upkeep\n|turn|19\n|\n|t:|1700593254\n|switch|p2a: Slowking|Slowking-Galar, F|85\/100\n|move|p1a: Slowking|Trick Room|p1a: Slowking\n|-fieldstart|move: Trick Room|[of] p1a: Slowking\n|\n|-weather|Snow|[upkeep]\n|-heal|p2a: Slowking|91\/100|[from] item: Leftovers\n|upkeep\n|turn|20\n|\n|t:|1700593261\n|move|p2a: Slowking|Nasty Plot|p2a: Slowking\n|-boost|p2a: Slowking|spa|2\n|move|p1a: Slowking|Psychic|p2a: Slowking\n|-damage|p2a: Slowking|73\/100\n|\n|-weather|Snow|[upkeep]\n|-heal|p2a: Slowking|79\/100|[from] item: Leftovers\n|upkeep\n|turn|21\n|\n|t:|1700593269\n|switch|p1a: Kingambit|Kingambit, F|31\/100\n|move|p2a: Slowking|Nasty Plot|p2a: Slowking\n|-boost|p2a: Slowking|spa|2\n|\n|-weather|none\n|-heal|p2a: Slowking|86\/100|[from] item: Leftovers\n|-heal|p1a: Kingambit|37\/100|[from] item: Leftovers\n|upkeep\n|turn|22\n|\n|t:|1700593278\n|-terastallize|p2a: Slowking|Ground\n|move|p2a: Slowking|Tera Blast|p1a: Kingambit|[anim] Tera Blast Ground\n|-supereffective|p1a: Kingambit\n|-damage|p1a: Kingambit|0 fnt\n|faint|p1a: Kingambit\n|-end|p1a: Kingambit|fallenundefined|[silent]\n|\n|-heal|p2a: Slowking|92\/100|[from] item: Leftovers\n|upkeep\n|\n|t:|1700593289\n|switch|p1a: Cresselia|Cresselia, F|85\/100\n|turn|23\n|\n|t:|1700593293\n|move|p2a: Slowking|Shadow Ball|p1a: Cresselia\n|-supereffective|p1a: Cresselia\n|-damage|p1a: Cresselia|7\/100\n|move|p1a: Cresselia|Moonblast|p2a: Slowking\n|-damage|p2a: Slowking|85\/100\n|\n|-heal|p2a: Slowking|91\/100|[from] item: Leftovers\n|-heal|p1a: Cresselia|14\/100|[from] item: Leftovers\n|-fieldend|move: Trick Room\n|upkeep\n|turn|24\n|\n|t:|1700593303\n|move|p1a: Cresselia|Moonlight|p1a: Cresselia\n|-heal|p1a: Cresselia|64\/100\n|move|p2a: Slowking|Trick Room|p2a: Slowking\n|-fieldstart|move: Trick Room|[of] p2a: Slowking\n|\n|-heal|p2a: Slowking|97\/100|[from] item: Leftovers\n|-heal|p1a: Cresselia|70\/100|[from] item: Leftovers\n|upkeep\n|turn|25\n|\n|t:|1700593311\n|switch|p1a: Ursaluna|Ursaluna, M|94\/100 brn\n|move|p2a: Slowking|Shadow Ball|p1a: Ursaluna\n|-immune|p1a: Ursaluna\n|\n|-heal|p2a: Slowking|100\/100|[from] item: Leftovers\n|-damage|p1a: Ursaluna|88\/100 brn|[from] brn\n|-sideend|p2: TheZalmancer|move: Aurora Veil\n|upkeep\n|turn|26\n|\n|t:|1700593319\n|move|p2a: Slowking|Tera Blast|p1a: Ursaluna|[anim] Tera Blast Ground\n|-damage|p1a: Ursaluna|0 fnt\n|faint|p1a: Ursaluna\n|\n|upkeep\n|-message|LordBlzer forfeited.\n|\n|win|TheZalmancer\n|raw|LordBlzer's rating: 1285 &rarr; <strong>1265<\/strong><br \/>(-20 for losing)\n|raw|TheZalmancer's rating: 1354 &rarr; <strong>1370<\/strong><br \/>(+16 for winning)\n|l|\u2606LordBlzer\n|c|\u2606TheZalmancer|ggs\n","uploadtime":1700593340,"views":1,"p1id":"lordblzer","p2id":"thezalmancer","formatid":"gen9ou","rating":1265,"private":0,"password":""}