{"id":"gen9ou-1996552395","p1":"Sencopion","p2":"Horse95","format":"[Gen 9] OU","log":"|j|\u2606Sencopion\n|j|\u2606Horse95\n|t:|1700693489\n|gametype|singles\n|player|p1|Sencopion|roxie|\n|player|p2|Horse95|colress|\n|teamsize|p1|2\n|teamsize|p2|3\n|gen|9\n|tier|[Gen 9] OU\n|rule|Sleep Clause Mod: Limit one foe put to sleep\n|rule|Species Clause: Limit one of each Pok\u00e9mon\n|rule|OHKO Clause: OHKO moves are banned\n|rule|Evasion Items Clause: Evasion items are banned\n|rule|Evasion Moves Clause: Evasion moves are banned\n|rule|Endless Battle Clause: Forcing endless battles is banned\n|rule|HP Percentage Mod: HP is shown in percentages\n|clearpoke\n|poke|p1|Arcanine-Hisui, F|\n|poke|p1|Corviknight, F|\n|poke|p2|Kommo-o, M|\n|poke|p2|Iron Hands|\n|poke|p2|Rotom-Heat|\n|teampreview\n|inactive|Battle timer is ON: inactive players will automatically lose when time's up. (requested by Sencopion)\n|c|\u2606Horse95|glhf\n|c|\u2606Sencopion|glhf\n|\n|t:|1700693507\n|start\n|switch|p1a: Arcanine|Arcanine-Hisui, F|100\/100\n|switch|p2a: Kommo-o|Kommo-o, M|100\/100\n|turn|1\n|j| Tubaguia_Ofc\n|\n|t:|1700693520\n|move|p1a: Arcanine|Psychic Fangs|p2a: Kommo-o\n|-supereffective|p2a: Kommo-o\n|-damage|p2a: Kommo-o|52\/100\n|-damage|p1a: Arcanine|91\/100|[from] item: Life Orb\n|move|p2a: Kommo-o|Iron Defense|p2a: Kommo-o\n|-boost|p2a: Kommo-o|def|2\n|\n|-heal|p2a: Kommo-o|58\/100|[from] item: Leftovers\n|upkeep\n|turn|2\n|\n|t:|1700693537\n|switch|p1a: Corviknight|Corviknight, F|100\/100\n|-ability|p1a: Corviknight|Pressure\n|-terastallize|p2a: Kommo-o|Fire\n|move|p2a: Kommo-o|Body Press|p1a: Corviknight\n|-damage|p1a: Corviknight|32\/100\n|\n|-heal|p2a: Kommo-o|64\/100|[from] item: Leftovers\n|-heal|p1a: Corviknight|38\/100|[from] item: Leftovers\n|upkeep\n|turn|3\n|\n|t:|1700693550\n|move|p2a: Kommo-o|Body Press|p1a: Corviknight\n|-damage|p1a: Corviknight|0 fnt\n|faint|p1a: Corviknight\n|\n|-heal|p2a: Kommo-o|70\/100|[from] item: Leftovers\n|upkeep\n|\n|t:|1700693554\n|switch|p1a: Arcanine|Arcanine-Hisui, F|91\/100\n|turn|4\n|\n|t:|1700693563\n|-terastallize|p1a: Arcanine|Rock\n|move|p1a: Arcanine|Head Smash|p2a: Kommo-o\n|-supereffective|p2a: Kommo-o\n|-damage|p2a: Kommo-o|0 fnt\n|faint|p2a: Kommo-o\n|-damage|p1a: Arcanine|81\/100|[from] item: Life Orb\n|\n|upkeep\n|j| MtyMiltanks\n|\n|t:|1700693570\n|switch|p2a: Iron Hands|Iron Hands|100\/100\n|turn|5\n|\n|t:|1700693578\n|move|p1a: Arcanine|Flare Blitz|p2a: Iron Hands\n|-damage|p2a: Iron Hands|58\/100\n|-damage|p1a: Arcanine|71\/100|[from] item: Life Orb\n|move|p2a: Iron Hands|Drain Punch|p1a: Arcanine\n|-supereffective|p1a: Arcanine\n|-damage|p1a: Arcanine|0 fnt\n|-heal|p2a: Iron Hands|82\/100|[from] drain|[of] p1a: Arcanine\n|faint|p1a: Arcanine\n|\n|win|Horse95\n|c|\u2606Sencopion|gg wp\n|c|\u2606Horse95|gg\n|c|\u2606Horse95|my frind\n|l| Tubaguia_Ofc\n|c|\u2606Horse95|friend\n|l|\u2606Sencopion\n","uploadtime":1700693596,"views":35,"p1id":"sencopion","p2id":"horse95","formatid":"gen9ou","rating":0,"private":0,"password":""}