{"id":"gen9ou-1996883848","p1":"PhoenixZ6106","p2":"Citrusfunk","format":"[Gen 9] OU","log":"|j|\u2606PhoenixZ6106\n|j|\u2606Citrusfunk\n|t:|1700740038\n|gametype|singles\n|player|p1|PhoenixZ6106|maid|1098\n|player|p2|Citrusfunk|alec-anime|1095\n|teamsize|p1|6\n|teamsize|p2|6\n|gen|9\n|tier|[Gen 9] OU\n|rated|\n|rule|Sleep Clause Mod: Limit one foe put to sleep\n|rule|Species Clause: Limit one of each Pok\u00e9mon\n|rule|OHKO Clause: OHKO moves are banned\n|rule|Evasion Items Clause: Evasion items are banned\n|rule|Evasion Moves Clause: Evasion moves are banned\n|rule|Endless Battle Clause: Forcing endless battles is banned\n|rule|HP Percentage Mod: HP is shown in percentages\n|clearpoke\n|poke|p1|Kingambit, M|\n|poke|p1|Ceruledge, M|\n|poke|p1|Great Tusk|\n|poke|p1|Ogerpon-Wellspring, F|\n|poke|p1|Iron Hands|\n|poke|p1|Ting-Lu|\n|poke|p2|Iron Valiant|\n|poke|p2|Kingambit, M|\n|poke|p2|Gyarados, M|\n|poke|p2|Ninetales-Alola, F|\n|poke|p2|Espeon, F|\n|poke|p2|Oricorio, M|\n|teampreview\n|inactive|Battle timer is ON: inactive players will automatically lose when time's up. (requested by PhoenixZ6106)\n|\n|t:|1700740046\n|start\n|switch|p1a: Ting-Lu|Ting-Lu|100\/100\n|switch|p2a: cool ass freezer|Ninetales-Alola, F|100\/100\n|-weather|Snow|[from] ability: Snow Warning|[of] p2a: cool ass freezer\n|-ability|p1a: Ting-Lu|Vessel of Ruin\n|turn|1\n|\n|t:|1700740051\n|switch|p2a: Bambi|Espeon, F|100\/100\n|move|p1a: Ting-Lu|Taunt|p2a: Bambi\n|move|p2a: Bambi|Taunt|p1a: Ting-Lu|[from]ability: Magic Bounce\n|-start|p1a: Ting-Lu|move: Taunt\n|\n|-weather|Snow|[upkeep]\n|upkeep\n|turn|2\n|\n|t:|1700740066\n|switch|p2a: cool ass freezer|Ninetales-Alola, F|100\/100\n|switch|p1a: Kingambit|Kingambit, M, shiny|100\/100\n|\n|-weather|Snow|[upkeep]\n|upkeep\n|turn|3\n|\n|t:|1700740071\n|move|p2a: cool ass freezer|Aurora Veil|p2a: cool ass freezer\n|-sidestart|p2: Citrusfunk|move: Aurora Veil\n|move|p1a: Kingambit|Swords Dance|p1a: Kingambit\n|-boost|p1a: Kingambit|atk|2\n|\n|-weather|Snow|[upkeep]\n|upkeep\n|turn|4\n|\n|t:|1700740075\n|move|p2a: cool ass freezer|Moonblast|p1a: Kingambit\n|-damage|p1a: Kingambit|60\/100\n|-unboost|p1a: Kingambit|spa|1\n|move|p1a: Kingambit|Kowtow Cleave|p2a: cool ass freezer\n|-resisted|p2a: cool ass freezer\n|-damage|p2a: cool ass freezer|76\/100\n|\n|-weather|Snow|[upkeep]\n|-heal|p1a: Kingambit|66\/100|[from] item: Leftovers\n|upkeep\n|turn|5\n|\n|t:|1700740082\n|move|p1a: Kingambit|Sucker Punch|p2a: cool ass freezer\n|-resisted|p2a: cool ass freezer\n|-damage|p2a: cool ass freezer|54\/100\n|move|p2a: cool ass freezer|Moonblast|p1a: Kingambit\n|-damage|p1a: Kingambit|26\/100\n|-unboost|p1a: Kingambit|spa|1\n|\n|-weather|none\n|-heal|p1a: Kingambit|32\/100|[from] item: Leftovers\n|upkeep\n|turn|6\n|\n|t:|1700740092\n|-end|p1a: Kingambit|fallenundefined|[silent]\n|switch|p1a: Iron Hands|Iron Hands, shiny|100\/100\n|move|p2a: cool ass freezer|Moonblast|p1a: Iron Hands\n|-supereffective|p1a: Iron Hands\n|-damage|p1a: Iron Hands|64\/100\n|\n|upkeep\n|turn|7\n|\n|t:|1700740097\n|move|p2a: cool ass freezer|Extrasensory|p1a: Iron Hands\n|-supereffective|p1a: Iron Hands\n|-damage|p1a: Iron Hands|42\/100\n|move|p1a: Iron Hands|Heavy Slam|p2a: cool ass freezer\n|-supereffective|p2a: cool ass freezer\n|-damage|p2a: cool ass freezer|0 fnt\n|faint|p2a: cool ass freezer\n|\n|upkeep\n|\n|t:|1700740104\n|switch|p2a: Nemo|Gyarados, M, shiny|100\/100\n|-ability|p2a: Nemo|Intimidate|boost\n|-unboost|p1a: Iron Hands|atk|1\n|turn|8\n|\n|t:|1700740122\n|-terastallize|p2a: Nemo|Ground\n|move|p2a: Nemo|Dragon Dance|p2a: Nemo\n|-boost|p2a: Nemo|atk|1\n|-boost|p2a: Nemo|spe|1\n|move|p1a: Iron Hands|Wild Charge|p2a: Nemo\n|-immune|p2a: Nemo\n|\n|upkeep\n|turn|9\n|\n|t:|1700740132\n|move|p2a: Nemo|Dragon Dance|p2a: Nemo\n|-boost|p2a: Nemo|atk|1\n|-boost|p2a: Nemo|spe|1\n|move|p1a: Iron Hands|Drain Punch|p2a: Nemo\n|-damage|p2a: Nemo|83\/100\n|-heal|p1a: Iron Hands|48\/100|[from] drain|[of] p2a: Nemo\n|\n|upkeep\n|turn|10\n|\n|t:|1700740141\n|move|p2a: Nemo|Earthquake|p1a: Iron Hands\n|-supereffective|p1a: Iron Hands\n|-damage|p1a: Iron Hands|0 fnt\n|faint|p1a: Iron Hands\n|-end|p1a: Iron Hands|Quark Drive|[silent]\n|\n|-sideend|p2: Citrusfunk|move: Aurora Veil\n|upkeep\n|\n|t:|1700740143\n|switch|p1a: Ogerpon|Ogerpon-Wellspring, F|100\/100\n|turn|11\n|\n|t:|1700740150\n|move|p1a: Ogerpon|Spiky Shield|p1a: Ogerpon\n|-singleturn|p1a: Ogerpon|move: Protect\n|move|p2a: Nemo|Earthquake|p1a: Ogerpon\n|-activate|p1a: Ogerpon|move: Protect\n|\n|upkeep\n|turn|12\n|\n|t:|1700740162\n|move|p2a: Nemo|Earthquake|p1a: Ogerpon\n|-resisted|p1a: Ogerpon\n|-damage|p1a: Ogerpon|22\/100\n|move|p1a: Ogerpon|Ivy Cudgel|p2a: Nemo|[anim] Ivy Cudgel Water\n|-supereffective|p2a: Nemo\n|-damage|p2a: Nemo|0 fnt\n|faint|p2a: Nemo\n|\n|upkeep\n|\n|t:|1700740175\n|switch|p2a: Sukuna|Kingambit, M|100\/100\n|-activate|p2a: Sukuna|ability: Supreme Overlord\n|-start|p2a: Sukuna|fallen2|[silent]\n|turn|13\n|\n|t:|1700740184\n|switch|p1a: Ting-Lu|Ting-Lu|100\/100\n|-ability|p1a: Ting-Lu|Vessel of Ruin\n|move|p2a: Sukuna|Swords Dance|p2a: Sukuna\n|-boost|p2a: Sukuna|atk|2\n|\n|upkeep\n|turn|14\n|\n|t:|1700740195\n|switch|p1a: Ceruledge|Ceruledge, M|100\/100\n|move|p2a: Sukuna|Kowtow Cleave|p1a: Ceruledge\n|-supereffective|p1a: Ceruledge\n|-enditem|p1a: Ceruledge|Focus Sash\n|-damage|p1a: Ceruledge|1\/100\n|-ability|p1a: Ceruledge|Weak Armor|boost\n|-unboost|p1a: Ceruledge|def|1\n|-boost|p1a: Ceruledge|spe|2\n|\n|upkeep\n|turn|15\n|\n|t:|1700740203\n|-terastallize|p1a: Ceruledge|Ghost\n|move|p2a: Sukuna|Sucker Punch|p1a: Ceruledge\n|-supereffective|p1a: Ceruledge\n|-damage|p1a: Ceruledge|0 fnt\n|faint|p1a: Ceruledge\n|\n|upkeep\n|\n|t:|1700740209\n|switch|p1a: Great Tusk|Great Tusk|100\/100\n|-enditem|p1a: Great Tusk|Booster Energy\n|-activate|p1a: Great Tusk|ability: Protosynthesis|[fromitem]\n|-start|p1a: Great Tusk|protosynthesisspe\n|turn|16\n|\n|t:|1700740214\n|-end|p2a: Sukuna|fallen2|[silent]\n|switch|p2a: Oricorio|Oricorio, M|100\/100\n|move|p1a: Great Tusk|Headlong Rush|p2a: Oricorio\n|-immune|p2a: Oricorio\n|\n|upkeep\n|turn|17\n|\n|t:|1700740219\n|move|p1a: Great Tusk|Ice Spinner|p2a: Oricorio\n|-damage|p2a: Oricorio|65\/100\n|move|p2a: Oricorio|Quiver Dance|p2a: Oricorio\n|-boost|p2a: Oricorio|spa|1\n|-boost|p2a: Oricorio|spd|1\n|-boost|p2a: Oricorio|spe|1\n|\n|upkeep\n|turn|18\n|\n|t:|1700740227\n|move|p1a: Great Tusk|Ice Spinner|p2a: Oricorio\n|-damage|p2a: Oricorio|31\/100\n|move|p2a: Oricorio|Air Slash|p1a: Great Tusk\n|-supereffective|p1a: Great Tusk\n|-damage|p1a: Great Tusk|0 fnt\n|faint|p1a: Great Tusk\n|-end|p1a: Great Tusk|Protosynthesis|[silent]\n|\n|upkeep\n|\n|t:|1700740232\n|switch|p1a: Ogerpon|Ogerpon-Wellspring, F|22\/100\n|turn|19\n|\n|t:|1700740239\n|move|p1a: Ogerpon|Spiky Shield|p1a: Ogerpon\n|-singleturn|p1a: Ogerpon|move: Protect\n|move|p2a: Oricorio|Revelation Dance|p1a: Ogerpon\n|-activate|p1a: Ogerpon|move: Protect\n|\n|upkeep\n|turn|20\n|\n|t:|1700740243\n|move|p2a: Oricorio|Revelation Dance|p1a: Ogerpon\n|-damage|p1a: Ogerpon|0 fnt\n|faint|p1a: Ogerpon\n|\n|upkeep\n|\n|t:|1700740248\n|switch|p1a: Ting-Lu|Ting-Lu|100\/100\n|-ability|p1a: Ting-Lu|Vessel of Ruin\n|turn|21\n|\n|t:|1700740251\n|move|p2a: Oricorio|Icy Wind|p1a: Ting-Lu\n|-supereffective|p1a: Ting-Lu\n|-damage|p1a: Ting-Lu|76\/100\n|-unboost|p1a: Ting-Lu|spe|1\n|move|p1a: Ting-Lu|Spikes|p2a: Oricorio\n|-sidestart|p2: Citrusfunk|Spikes\n|\n|-heal|p1a: Ting-Lu|83\/100|[from] item: Leftovers\n|upkeep\n|turn|22\n|\n|t:|1700740256\n|move|p2a: Oricorio|Quiver Dance|p2a: Oricorio\n|-boost|p2a: Oricorio|spa|1\n|-boost|p2a: Oricorio|spd|1\n|-boost|p2a: Oricorio|spe|1\n|move|p1a: Ting-Lu|Spikes|p2a: Oricorio\n|-sidestart|p2: Citrusfunk|Spikes\n|\n|-heal|p1a: Ting-Lu|89\/100|[from] item: Leftovers\n|upkeep\n|turn|23\n|\n|t:|1700740259\n|move|p2a: Oricorio|Icy Wind|p1a: Ting-Lu\n|-supereffective|p1a: Ting-Lu\n|-damage|p1a: Ting-Lu|57\/100\n|-unboost|p1a: Ting-Lu|spe|1\n|move|p1a: Ting-Lu|Whirlwind|p2a: Oricorio\n|drag|p2a: T-800|Iron Valiant, shiny|100\/100\n|-damage|p2a: T-800|84\/100|[from] Spikes\n|-enditem|p2a: T-800|Booster Energy\n|-activate|p2a: T-800|ability: Quark Drive|[fromitem]\n|-start|p2a: T-800|quarkdrivespe\n|\n|-heal|p1a: Ting-Lu|63\/100|[from] item: Leftovers\n|upkeep\n|turn|24\n|\n|t:|1700740265\n|move|p2a: T-800|Drain Punch|p1a: Ting-Lu\n|-supereffective|p1a: Ting-Lu\n|-damage|p1a: Ting-Lu|16\/100\n|-heal|p2a: T-800|100\/100|[from] drain|[of] p1a: Ting-Lu\n|move|p1a: Ting-Lu|Spikes|p2a: T-800\n|-sidestart|p2: Citrusfunk|Spikes\n|\n|-heal|p1a: Ting-Lu|23\/100|[from] item: Leftovers\n|upkeep\n|turn|25\n|\n|t:|1700740271\n|move|p2a: T-800|Spirit Break|p1a: Ting-Lu\n|-supereffective|p1a: Ting-Lu\n|-damage|p1a: Ting-Lu|0 fnt\n|faint|p1a: Ting-Lu\n|\n|upkeep\n|\n|t:|1700740273\n|switch|p1a: Kingambit|Kingambit, M, shiny|32\/100\n|-activate|p1a: Kingambit|ability: Supreme Overlord\n|-start|p1a: Kingambit|fallen5|[silent]\n|turn|26\n|\n|t:|1700740277\n|move|p1a: Kingambit|Sucker Punch|p2a: T-800\n|-resisted|p2a: T-800\n|-damage|p2a: T-800|80\/100\n|move|p2a: T-800|Drain Punch|p1a: Kingambit\n|-supereffective|p1a: Kingambit\n|-damage|p1a: Kingambit|0 fnt\n|-heal|p2a: T-800|100\/100|[from] drain|[of] p1a: Kingambit\n|faint|p1a: Kingambit\n|-end|p1a: Kingambit|fallen5|[silent]\n|\n|win|Citrusfunk\n|raw|PhoenixZ6106's rating: 1098 &rarr; <strong>1073<\/strong><br \/>(-25 for losing)\n|raw|Citrusfunk's rating: 1095 &rarr; <strong>1121<\/strong><br \/>(+26 for winning)\n|l|\u2606PhoenixZ6106\n|c|\u2606Citrusfunk|Gg\n","uploadtime":1700740295,"views":15,"p1id":"phoenixz6106","p2id":"citrusfunk","formatid":"gen9ou","rating":1073,"private":0,"password":""}