{"id":"gen9ou-1989387759","p1":"SS_Wobblewok","p2":"Ligmisius","format":"[Gen 9] OU","log":"|j|\u2606SS_Wobblewok\n|j|\u2606Ligmisius\n|t:|1699843867\n|gametype|singles\n|player|p1|SS_Wobblewok|parasollady|1104\n|player|p2|Ligmisius|wattson|1000\n|teamsize|p1|6\n|teamsize|p2|6\n|gen|9\n|tier|[Gen 9] OU\n|rated|\n|rule|Sleep Clause Mod: Limit one foe put to sleep\n|rule|Species Clause: Limit one of each Pok\u00e9mon\n|rule|OHKO Clause: OHKO moves are banned\n|rule|Evasion Items Clause: Evasion items are banned\n|rule|Evasion Moves Clause: Evasion moves are banned\n|rule|Endless Battle Clause: Forcing endless battles is banned\n|rule|HP Percentage Mod: HP is shown in percentages\n|clearpoke\n|poke|p1|Rillaboom, M|\n|poke|p1|Zapdos|\n|poke|p1|Dragonite, M|\n|poke|p1|Cinderace, M|\n|poke|p1|Dragapult, F|\n|poke|p1|Great Tusk|\n|poke|p2|Clodsire, F|\n|poke|p2|Dondozo, F|\n|poke|p2|Alomomola, F|\n|poke|p2|Toxapex, F|\n|poke|p2|Blissey, F|\n|poke|p2|Talonflame, F|\n|teampreview\n|inactive|Battle timer is ON: inactive players will automatically lose when time's up. (requested by SS_Wobblewok)\n|\n|t:|1699843894\n|start\n|switch|p1a: Dragapult|Dragapult, F|100\/100\n|switch|p2a: Glop|Toxapex, F|100\/100\n|turn|1\n|\n|t:|1699843905\n|switch|p1a: Zapdos|Zapdos|100\/100\n|move|p2a: Glop|Toxic|p1a: Zapdos\n|-status|p1a: Zapdos|tox\n|\n|-damage|p1a: Zapdos|94\/100 tox|[from] psn\n|upkeep\n|turn|2\n|\n|t:|1699843919\n|switch|p2a: Brep|Clodsire, F|100\/100\n|move|p1a: Zapdos|Thunderbolt|p2a: Brep\n|-immune|p2a: Brep\n|\n|-damage|p1a: Zapdos|82\/100 tox|[from] psn\n|upkeep\n|turn|3\n|\n|t:|1699843941\n|switch|p1a: Great Tusk|Great Tusk|100\/100\n|move|p2a: Brep|Haze|p2a: Brep\n|-clearallboost\n|\n|upkeep\n|turn|4\n|\n|t:|1699843953\n|switch|p2a: Brop|Dondozo, F|100\/100\n|move|p1a: Great Tusk|Headlong Rush|p2a: Brop\n|-damage|p2a: Brop|71\/100\n|-unboost|p1a: Great Tusk|def|1\n|-unboost|p1a: Great Tusk|spd|1\n|\n|upkeep\n|turn|5\n|\n|t:|1699843961\n|-end|p1a: Great Tusk|Protosynthesis|[silent]\n|switch|p1a: incredible gassy|Rillaboom, M, shiny|100\/100\n|-fieldstart|move: Grassy Terrain|[from] ability: Grassy Surge|[of] p1a: incredible gassy\n|move|p2a: Brop|Liquidation|p1a: incredible gassy\n|-resisted|p1a: incredible gassy\n|-damage|p1a: incredible gassy|84\/100\n|\n|-heal|p1a: incredible gassy|90\/100|[from] Grassy Terrain\n|-heal|p2a: Brop|77\/100|[from] Grassy Terrain\n|upkeep\n|turn|6\n|\n|t:|1699843972\n|switch|p2a: Snop|Talonflame, F|100\/100\n|move|p1a: incredible gassy|Wood Hammer|p2a: Snop\n|-resisted|p2a: Snop\n|-damage|p2a: Snop|67\/100\n|-damage|p1a: incredible gassy|78\/100|[from] Recoil\n|\n|-heal|p1a: incredible gassy|84\/100|[from] Grassy Terrain\n|upkeep\n|turn|7\n|\n|t:|1699843981\n|switch|p1a: Great Tusk|Great Tusk|100\/100\n|move|p2a: Snop|Flamethrower|p1a: Great Tusk\n|-damage|p1a: Great Tusk|61\/100\n|-status|p1a: Great Tusk|brn\n|\n|-heal|p1a: Great Tusk|67\/100 brn|[from] Grassy Terrain\n|-heal|p1a: Great Tusk|73\/100 brn|[from] item: Leftovers\n|-damage|p1a: Great Tusk|67\/100 brn|[from] brn\n|upkeep\n|turn|8\n|\n|t:|1699844006\n|move|p2a: Snop|Roost|p2a: Snop\n|-heal|p2a: Snop|100\/100\n|-singleturn|p2a: Snop|move: Roost\n|move|p1a: Great Tusk|Ice Spinner|p2a: Snop\n|-resisted|p2a: Snop\n|-damage|p2a: Snop|92\/100\n|-fieldend|move: Grassy Terrain\n|\n|-heal|p1a: Great Tusk|73\/100 brn|[from] item: Leftovers\n|-damage|p1a: Great Tusk|67\/100 brn|[from] brn\n|upkeep\n|turn|9\n|\n|t:|1699844015\n|-end|p1a: Great Tusk|Protosynthesis|[silent]\n|switch|p1a: Dragapult|Dragapult, F|100\/100\n|move|p2a: Snop|Flamethrower|p1a: Dragapult\n|-resisted|p1a: Dragapult\n|-damage|p1a: Dragapult|84\/100\n|\n|upkeep\n|turn|10\n|\n|t:|1699844030\n|switch|p2a: Glop|Toxapex, F|100\/100\n|move|p1a: Dragapult|Hydro Pump|p2a: Glop|[miss]\n|-miss|p1a: Dragapult|p2a: Glop\n|\n|upkeep\n|turn|11\n|\n|t:|1699844053\n|switch|p1a: Dragonite|Dragonite, M|100\/100\n|move|p2a: Glop|Infestation|p1a: Dragonite\n|-resisted|p1a: Dragonite\n|-damage|p1a: Dragonite|99\/100\n|-activate|p1a: Dragonite|move: Infestation|[of] p2a: Glop\n|\n|-damage|p1a: Dragonite|87\/100|[from] move: Infestation|[partiallytrapped]\n|upkeep\n|turn|12\n|\n|t:|1699844060\n|-terastallize|p2a: Glop|Fairy\n|move|p1a: Dragonite|Dragon Dance|p1a: Dragonite\n|-boost|p1a: Dragonite|atk|1\n|-boost|p1a: Dragonite|spe|1\n|move|p2a: Glop|Toxic|p1a: Dragonite\n|-status|p1a: Dragonite|tox\n|\n|-damage|p1a: Dragonite|81\/100 tox|[from] psn\n|-damage|p1a: Dragonite|69\/100 tox|[from] move: Infestation|[partiallytrapped]\n|upkeep\n|turn|13\n|\n|t:|1699844070\n|move|p1a: Dragonite|Dragon Dance|p1a: Dragonite\n|-boost|p1a: Dragonite|atk|1\n|-boost|p1a: Dragonite|spe|1\n|move|p2a: Glop|Haze|p2a: Glop\n|-clearallboost\n|\n|-damage|p1a: Dragonite|57\/100 tox|[from] psn\n|-damage|p1a: Dragonite|44\/100 tox|[from] move: Infestation|[partiallytrapped]\n|upkeep\n|turn|14\n|\n|t:|1699844079\n|move|p1a: Dragonite|Earthquake|p2a: Glop\n|-damage|p2a: Glop|78\/100\n|move|p2a: Glop|Haze|p2a: Glop\n|-clearallboost\n|\n|-damage|p1a: Dragonite|26\/100 tox|[from] psn\n|-damage|p1a: Dragonite|13\/100 tox|[from] move: Infestation|[partiallytrapped]\n|upkeep\n|turn|15\n|\n|t:|1699844086\n|move|p1a: Dragonite|Earthquake|p2a: Glop\n|-damage|p2a: Glop|56\/100\n|move|p2a: Glop|Recover|p2a: Glop\n|-heal|p2a: Glop|100\/100\n|\n|-damage|p1a: Dragonite|0 fnt|[from] psn\n|faint|p1a: Dragonite\n|upkeep\n|\n|t:|1699844091\n|switch|p1a: Cinderace|Cinderace, M|100\/100\n|turn|16\n|\n|t:|1699844099\n|move|p1a: Cinderace|Gunk Shot|p2a: Glop\n|-start|p1a: Cinderace|typechange|Poison|[from] ability: Libero\n|-supereffective|p2a: Glop\n|-damage|p2a: Glop|35\/100\n|-status|p2a: Glop|psn\n|move|p2a: Glop|Toxic|p1a: Cinderace\n|-immune|p1a: Cinderace\n|\n|-damage|p2a: Glop|23\/100 psn|[from] psn\n|upkeep\n|turn|17\n|\n|t:|1699844112\n|switch|p2a: Brep|Clodsire, F|100\/100\n|move|p1a: Cinderace|Gunk Shot|p2a: Brep\n|-resisted|p2a: Brep\n|-damage|p2a: Brep|85\/100\n|\n|upkeep\n|turn|18\n|\n|t:|1699844120\n|move|p1a: Cinderace|U-turn|p2a: Brep\n|-resisted|p2a: Brep\n|-damage|p2a: Brep|72\/100\n|\n|t:|1699844131\n|switch|p1a: Dragapult|Dragapult, F|84\/100|[from] U-turn\n|move|p2a: Brep|Earthquake|p1a: Dragapult\n|-damage|p1a: Dragapult|44\/100\n|\n|upkeep\n|turn|19\n|\n|t:|1699844142\n|move|p1a: Dragapult|Draco Meteor|p2a: Brep\n|-damage|p2a: Brep|23\/100\n|-unboost|p1a: Dragapult|spa|2\n|move|p2a: Brep|Toxic|p1a: Dragapult\n|-status|p1a: Dragapult|tox\n|\n|-damage|p1a: Dragapult|38\/100 tox|[from] psn\n|upkeep\n|turn|20\n|\n|t:|1699844152\n|move|p1a: Dragapult|Draco Meteor|p2a: Brep\n|-damage|p2a: Brep|0 fnt\n|-unboost|p1a: Dragapult|spa|2\n|faint|p2a: Brep\n|\n|-damage|p1a: Dragapult|26\/100 tox|[from] psn\n|upkeep\n|\n|t:|1699844159\n|switch|p2a: Glop|Toxapex, F, tera:Fairy|56\/100 psn\n|turn|21\n|\n|t:|1699844167\n|switch|p1a: Cinderace|Cinderace, M|100\/100\n|move|p2a: Glop|Recover|p2a: Glop\n|-heal|p2a: Glop|100\/100 psn\n|\n|-damage|p2a: Glop|88\/100 psn|[from] psn\n|upkeep\n|turn|22\n|\n|t:|1699844191\n|move|p1a: Cinderace|Gunk Shot|p2a: Glop\n|-start|p1a: Cinderace|typechange|Poison|[from] ability: Libero\n|-supereffective|p2a: Glop\n|-damage|p2a: Glop|19\/100 psn\n|move|p2a: Glop|Infestation|p1a: Cinderace\n|-resisted|p1a: Cinderace\n|-damage|p1a: Cinderace|99\/100\n|-activate|p1a: Cinderace|move: Infestation|[of] p2a: Glop\n|\n|-damage|p2a: Glop|6\/100 psn|[from] psn\n|-damage|p1a: Cinderace|86\/100|[from] move: Infestation|[partiallytrapped]\n|upkeep\n|turn|23\n|\n|t:|1699844207\n|move|p1a: Cinderace|U-turn|p2a: Glop\n|-resisted|p2a: Glop\n|-damage|p2a: Glop|0 fnt\n|faint|p2a: Glop\n|\n|t:|1699844213\n|switch|p1a: incredible gassy|Rillaboom, M, shiny|84\/100|[from] U-turn\n|-fieldstart|move: Grassy Terrain|[from] ability: Grassy Surge|[of] p1a: incredible gassy\n|\n|-heal|p1a: incredible gassy|91\/100|[from] Grassy Terrain\n|upkeep\n|\n|t:|1699844222\n|switch|p2a: Snop|Talonflame, F|92\/100\n|turn|24\n|\n|t:|1699844234\n|switch|p1a: Dragapult|Dragapult, F|26\/100 tox\n|move|p2a: Snop|Flamethrower|p1a: Dragapult\n|-resisted|p1a: Dragapult\n|-damage|p1a: Dragapult|8\/100 tox\n|\n|-heal|p1a: Dragapult|14\/100 tox|[from] Grassy Terrain\n|-damage|p1a: Dragapult|8\/100 tox|[from] psn\n|upkeep\n|turn|25\n|\n|t:|1699844248\n|switch|p2a: Brop|Dondozo, F|77\/100\n|move|p1a: Dragapult|Draco Meteor|p2a: Brop\n|-damage|p2a: Brop|1\/100\n|-unboost|p1a: Dragapult|spa|2\n|\n|-heal|p1a: Dragapult|14\/100 tox|[from] Grassy Terrain\n|-heal|p2a: Brop|7\/100|[from] Grassy Terrain\n|-damage|p1a: Dragapult|2\/100 tox|[from] psn\n|upkeep\n|turn|26\n|\n|t:|1699844261\n|move|p1a: Dragapult|Draco Meteor|p2a: Brop\n|-damage|p2a: Brop|0 fnt\n|-unboost|p1a: Dragapult|spa|2\n|faint|p2a: Brop\n|\n|-heal|p1a: Dragapult|8\/100 tox|[from] Grassy Terrain\n|-damage|p1a: Dragapult|0 fnt|[from] psn\n|faint|p1a: Dragapult\n|upkeep\n|\n|t:|1699844285\n|switch|p1a: Cinderace|Cinderace, M|86\/100\n|switch|p2a: Snop|Talonflame, F|92\/100\n|turn|27\n|\n|t:|1699844292\n|move|p1a: Cinderace|U-turn|p2a: Snop\n|-start|p1a: Cinderace|typechange|Bug|[from] ability: Libero\n|-resisted|p2a: Snop\n|-damage|p2a: Snop|82\/100\n|-status|p1a: Cinderace|brn|[from] ability: Flame Body|[of] p2a: Snop\n|\n|t:|1699844295\n|switch|p1a: Zapdos|Zapdos|82\/100 tox|[from] U-turn\n|move|p2a: Snop|Will-O-Wisp|p1a: Zapdos|[miss]\n|-miss|p2a: Snop|p1a: Zapdos\n|\n|-damage|p1a: Zapdos|76\/100 tox|[from] psn\n|-fieldend|move: Grassy Terrain\n|upkeep\n|turn|28\n|\n|t:|1699844307\n|switch|p2a: Snep|Blissey, F|100\/100\n|move|p1a: Zapdos|Thunderbolt|p2a: Snep\n|-damage|p2a: Snep|87\/100\n|\n|-damage|p1a: Zapdos|64\/100 tox|[from] psn\n|upkeep\n|turn|29\n|\n|t:|1699844323\n|switch|p1a: Great Tusk|Great Tusk|67\/100 brn\n|move|p2a: Snep|Shadow Ball|p1a: Great Tusk\n|-damage|p1a: Great Tusk|43\/100 brn\n|\n|-heal|p1a: Great Tusk|50\/100 brn|[from] item: Leftovers\n|-damage|p1a: Great Tusk|43\/100 brn|[from] brn\n|upkeep\n|turn|30\n|\n|t:|1699844341\n|switch|p2a: Glep|Alomomola, F|100\/100\n|move|p1a: Great Tusk|Close Combat|p2a: Glep\n|-damage|p2a: Glep|84\/100\n|-unboost|p1a: Great Tusk|def|1\n|-unboost|p1a: Great Tusk|spd|1\n|\n|-heal|p1a: Great Tusk|50\/100 brn|[from] item: Leftovers\n|-damage|p1a: Great Tusk|43\/100 brn|[from] brn\n|upkeep\n|turn|31\n|\n|t:|1699844347\n|move|p1a: Great Tusk|Close Combat|p2a: Glep\n|-damage|p2a: Glep|67\/100\n|-unboost|p1a: Great Tusk|def|1\n|-unboost|p1a: Great Tusk|spd|1\n|move|p2a: Glep|Whirlpool|p1a: Great Tusk\n|-supereffective|p1a: Great Tusk\n|-damage|p1a: Great Tusk|4\/100 brn\n|-activate|p1a: Great Tusk|move: Whirlpool|[of] p2a: Glep\n|\n|-heal|p1a: Great Tusk|10\/100 brn|[from] item: Leftovers\n|-damage|p1a: Great Tusk|4\/100 brn|[from] brn\n|-damage|p1a: Great Tusk|0 fnt|[from] move: Whirlpool|[partiallytrapped]\n|faint|p1a: Great Tusk\n|-end|p1a: Great Tusk|Protosynthesis|[silent]\n|upkeep\n|\n|t:|1699844351\n|switch|p1a: incredible gassy|Rillaboom, M, shiny|91\/100\n|-fieldstart|move: Grassy Terrain|[from] ability: Grassy Surge|[of] p1a: incredible gassy\n|turn|32\n|\n|t:|1699844359\n|switch|p2a: Snop|Talonflame, F|82\/100\n|move|p1a: incredible gassy|Grassy Glide|p2a: Snop\n|-resisted|p2a: Snop\n|-damage|p2a: Snop|64\/100\n|-status|p1a: incredible gassy|brn|[from] ability: Flame Body|[of] p2a: Snop\n|\n|-heal|p1a: incredible gassy|97\/100 brn|[from] Grassy Terrain\n|-damage|p1a: incredible gassy|91\/100 brn|[from] brn\n|upkeep\n|turn|33\n|\n|t:|1699844384\n|switch|p1a: Cinderace|Cinderace, M|86\/100 brn\n|move|p2a: Snop|Roost|p2a: Snop\n|-heal|p2a: Snop|100\/100\n|-singleturn|p2a: Snop|move: Roost\n|\n|-heal|p1a: Cinderace|92\/100 brn|[from] Grassy Terrain\n|-damage|p1a: Cinderace|86\/100 brn|[from] brn\n|upkeep\n|turn|34\n|\n|t:|1699844394\n|switch|p2a: Glep|Alomomola, F|99\/100\n|move|p1a: Cinderace|U-turn|p2a: Glep\n|-start|p1a: Cinderace|typechange|Bug|[from] ability: Libero\n|-damage|p2a: Glep|92\/100\n|\n|t:|1699844402\n|switch|p1a: Zapdos|Zapdos|64\/100 tox|[from] U-turn\n|\n|-heal|p2a: Glep|98\/100|[from] Grassy Terrain\n|-damage|p1a: Zapdos|58\/100 tox|[from] psn\n|upkeep\n|turn|35\n|\n|t:|1699844412\n|switch|p2a: Snep|Blissey, F|87\/100\n|move|p1a: Zapdos|Thunderbolt|p2a: Snep\n|-damage|p2a: Snep|72\/100\n|\n|-heal|p2a: Snep|78\/100|[from] Grassy Terrain\n|-damage|p1a: Zapdos|46\/100 tox|[from] psn\n|upkeep\n|turn|36\n|\n|t:|1699844423\n|move|p1a: Zapdos|Roost|p1a: Zapdos\n|-heal|p1a: Zapdos|97\/100 tox\n|-singleturn|p1a: Zapdos|move: Roost\n|move|p2a: Snep|Shadow Ball|p1a: Zapdos\n|-damage|p1a: Zapdos|82\/100 tox\n|\n|-heal|p1a: Zapdos|88\/100 tox|[from] Grassy Terrain\n|-heal|p2a: Snep|84\/100|[from] Grassy Terrain\n|-damage|p1a: Zapdos|70\/100 tox|[from] psn\n|-fieldend|move: Grassy Terrain\n|upkeep\n|turn|37\n|\n|t:|1699844437\n|switch|p1a: Cinderace|Cinderace, M|86\/100 brn\n|move|p2a: Snep|Stealth Rock|p1a: Cinderace\n|-sidestart|p1: SS_Wobblewok|move: Stealth Rock\n|\n|-damage|p1a: Cinderace|80\/100 brn|[from] brn\n|upkeep\n|turn|38\n|\n|t:|1699844444\n|switch|p2a: Glep|Alomomola, F|100\/100\n|move|p1a: Cinderace|High Jump Kick|p2a: Glep\n|-start|p1a: Cinderace|typechange|Fighting|[from] ability: Libero\n|-damage|p2a: Glep|83\/100\n|\n|-damage|p1a: Cinderace|74\/100 brn|[from] brn\n|upkeep\n|turn|39\n|\n|t:|1699844462\n|move|p1a: Cinderace|High Jump Kick|p2a: Glep\n|-damage|p2a: Glep|66\/100\n|move|p2a: Glep|Whirlpool|p1a: Cinderace\n|-damage|p1a: Cinderace|65\/100 brn\n|-activate|p1a: Cinderace|move: Whirlpool|[of] p2a: Glep\n|\n|-damage|p1a: Cinderace|59\/100 brn|[from] brn\n|-damage|p1a: Cinderace|47\/100 brn|[from] move: Whirlpool|[partiallytrapped]\n|upkeep\n|turn|40\n|\n|t:|1699844471\n|move|p1a: Cinderace|U-turn|p2a: Glep\n|-damage|p2a: Glep|60\/100\n|\n|t:|1699844475\n|switch|p1a: incredible gassy|Rillaboom, M, shiny|91\/100 brn|[from] U-turn\n|-damage|p1a: incredible gassy|78\/100 brn|[from] Stealth Rock\n|-fieldstart|move: Grassy Terrain|[from] ability: Grassy Surge|[of] p1a: incredible gassy\n|move|p2a: Glep|Wish|p2a: Glep\n|\n|-heal|p1a: incredible gassy|84\/100 brn|[from] Grassy Terrain\n|-heal|p2a: Glep|66\/100|[from] Grassy Terrain\n|-damage|p1a: incredible gassy|78\/100 brn|[from] brn\n|upkeep\n|turn|41\n|\n|t:|1699844482\n|-terastallize|p1a: incredible gassy|Grass\n|move|p2a: Glep|Protect|p2a: Glep\n|-singleturn|p2a: Glep|Protect\n|move|p1a: incredible gassy|Wood Hammer|p2a: Glep\n|-activate|p2a: Glep|move: Protect\n|\n|-heal|p2a: Glep|100\/100|[from] move: Wish|[wisher] Glep\n|-heal|p1a: incredible gassy|84\/100 brn|[from] Grassy Terrain\n|-damage|p1a: incredible gassy|78\/100 brn|[from] brn\n|upkeep\n|turn|42\n|\n|t:|1699844490\n|switch|p2a: Snop|Talonflame, F|100\/100\n|move|p1a: incredible gassy|Wood Hammer|p2a: Snop\n|-resisted|p2a: Snop\n|-damage|p2a: Snop|78\/100\n|-damage|p1a: incredible gassy|70\/100 brn|[from] Recoil\n|\n|-heal|p1a: incredible gassy|76\/100 brn|[from] Grassy Terrain\n|-damage|p1a: incredible gassy|70\/100 brn|[from] brn\n|upkeep\n|turn|43\n|\n|t:|1699844497\n|move|p2a: Snop|Flamethrower|p1a: incredible gassy\n|-supereffective|p1a: incredible gassy\n|-damage|p1a: incredible gassy|3\/100 brn\n|move|p1a: incredible gassy|Wood Hammer|p2a: Snop\n|-resisted|p2a: Snop\n|-damage|p2a: Snop|54\/100\n|-damage|p1a: incredible gassy|0 fnt|[from] Recoil\n|faint|p1a: incredible gassy\n|\n|upkeep\n|\n|t:|1699844505\n|switch|p1a: Zapdos|Zapdos|70\/100 tox\n|turn|44\n|\n|t:|1699844511\n|move|p2a: Snop|Roost|p2a: Snop\n|-heal|p2a: Snop|100\/100\n|-singleturn|p2a: Snop|move: Roost\n|move|p1a: Zapdos|Thunderbolt|p2a: Snop\n|-damage|p2a: Snop|39\/100\n|\n|-heal|p2a: Snop|45\/100|[from] Grassy Terrain\n|-damage|p1a: Zapdos|64\/100 tox|[from] psn\n|-fieldend|move: Grassy Terrain\n|upkeep\n|turn|45\n|\n|t:|1699844522\n|switch|p2a: Snep|Blissey, F|84\/100\n|move|p1a: Zapdos|Thunderbolt|p2a: Snep\n|-damage|p2a: Snep|70\/100\n|\n|-damage|p1a: Zapdos|52\/100 tox|[from] psn\n|upkeep\n|turn|46\n|\n|t:|1699844530\n|move|p1a: Zapdos|Hurricane|p2a: Snep\n|-damage|p2a: Snep|52\/100\n|move|p2a: Snep|Shadow Ball|p1a: Zapdos\n|-damage|p1a: Zapdos|39\/100 tox\n|\n|-damage|p1a: Zapdos|21\/100 tox|[from] psn\n|upkeep\n|turn|47\n|\n|t:|1699844536\n|move|p1a: Zapdos|Volt Switch|p2a: Snep\n|-damage|p2a: Snep|42\/100\n|\n|t:|1699844539\n|switch|p1a: Cinderace|Cinderace, M|47\/100 brn|[from] Volt Switch\n|move|p2a: Snep|Soft-Boiled|p2a: Snep\n|-heal|p2a: Snep|92\/100\n|\n|-damage|p1a: Cinderace|41\/100 brn|[from] brn\n|upkeep\n|turn|48\n|\n|t:|1699844548\n|switch|p2a: Glep|Alomomola, F|100\/100\n|move|p1a: Cinderace|High Jump Kick|p2a: Glep\n|-start|p1a: Cinderace|typechange|Fighting|[from] ability: Libero\n|-damage|p2a: Glep|84\/100\n|\n|-damage|p1a: Cinderace|35\/100 brn|[from] brn\n|upkeep\n|turn|49\n|c|\u2606Ligmisius|gg\n|\n|t:|1699844571\n|move|p1a: Cinderace|U-turn|p2a: Glep\n|-damage|p2a: Glep|78\/100\n|c|\u2606SS_Wobblewok|gg\n|c|\u2606SS_Wobblewok|i hate that fish\n|c|\u2606SS_Wobblewok|my biggest opp\n|\n|t:|1699844584\n|switch|p1a: Zapdos|Zapdos|21\/100 tox|[from] U-turn\n|move|p2a: Glep|Whirlpool|p1a: Zapdos\n|-damage|p1a: Zapdos|14\/100 tox\n|-activate|p1a: Zapdos|move: Whirlpool|[of] p2a: Glep\n|\n|-damage|p1a: Zapdos|8\/100 tox|[from] psn\n|-damage|p1a: Zapdos|0 fnt|[from] move: Whirlpool|[partiallytrapped]\n|faint|p1a: Zapdos\n|upkeep\n|\n|t:|1699844587\n|switch|p1a: Cinderace|Cinderace, M|35\/100 brn\n|turn|50\n|\n|t:|1699844596\n|move|p1a: Cinderace|High Jump Kick|p2a: Glep\n|-start|p1a: Cinderace|typechange|Fighting|[from] ability: Libero\n|-damage|p2a: Glep|62\/100\n|move|p2a: Glep|Whirlpool|p1a: Cinderace\n|-damage|p1a: Cinderace|26\/100 brn\n|-activate|p1a: Cinderace|move: Whirlpool|[of] p2a: Glep\n|\n|-damage|p1a: Cinderace|20\/100 brn|[from] brn\n|-damage|p1a: Cinderace|7\/100 brn|[from] move: Whirlpool|[partiallytrapped]\n|upkeep\n|turn|51\n|c|\u2606Ligmisius|the regen goes crazy\n|\n|t:|1699844610\n|move|p2a: Glep|Protect|p2a: Glep\n|-singleturn|p2a: Glep|Protect\n|move|p1a: Cinderace|High Jump Kick|p2a: Glep\n|-activate|p2a: Glep|move: Protect\n|-damage|p1a: Cinderace|0 fnt|[from] highjumpkick\n|faint|p1a: Cinderace\n|\n|win|Ligmisius\n|raw|SS_Wobblewok's rating: 1104 &rarr; <strong>1072<\/strong><br \/>(-32 for losing)\n|raw|Ligmisius's rating: 1000 &rarr; <strong>1052<\/strong><br \/>(+52 for winning)\n","uploadtime":1699844621,"views":24,"p1id":"sswobblewok","p2id":"ligmisius","formatid":"gen9ou","rating":1052,"private":0,"password":""}