{"id":"gen9ou-1997714543","p1":"Ticobrasil","p2":"fropop","format":"[Gen 9] OU","log":"|j|\u2606Ticobrasil\n|j|\u2606fropop\n|t:|1700844834\n|gametype|singles\n|player|p1|Ticobrasil|lucas|1525\n|player|p2|fropop|n|1527\n|teamsize|p1|6\n|teamsize|p2|6\n|gen|9\n|tier|[Gen 9] OU\n|rated|\n|rule|Sleep Clause Mod: Limit one foe put to sleep\n|rule|Species Clause: Limit one of each Pok\u00e9mon\n|rule|OHKO Clause: OHKO moves are banned\n|rule|Evasion Items Clause: Evasion items are banned\n|rule|Evasion Moves Clause: Evasion moves are banned\n|rule|Endless Battle Clause: Forcing endless battles is banned\n|rule|HP Percentage Mod: HP is shown in percentages\n|clearpoke\n|poke|p1|Landorus-Therian, M|\n|poke|p1|Scizor, M|\n|poke|p1|Garchomp, M|\n|poke|p1|Meowscarada, F|\n|poke|p1|Ceruledge, M|\n|poke|p1|Ninetales-Alola, F|\n|poke|p2|Goodra-Hisui, F|\n|poke|p2|Alomomola, M|\n|poke|p2|Rillaboom, F|\n|poke|p2|Zapdos|\n|poke|p2|Cinderace, F|\n|poke|p2|Volcanion|\n|teampreview\n|\n|t:|1700844845\n|start\n|switch|p1a: Meowscarada|Meowscarada, F|100\/100\n|switch|p2a: Goodra|Goodra-Hisui, F|100\/100\n|turn|1\n|\n|t:|1700844862\n|switch|p2a: Zapdos|Zapdos|100\/100\n|move|p1a: Meowscarada|Knock Off|p2a: Zapdos\n|-start|p1a: Meowscarada|typechange|Dark|[from] ability: Protean\n|-damage|p2a: Zapdos|49\/100\n|-enditem|p2a: Zapdos|Heavy-Duty Boots|[from] move: Knock Off|[of] p1a: Meowscarada\n|\n|upkeep\n|turn|2\n|\n|t:|1700844894\n|move|p1a: Meowscarada|Knock Off|p2a: Zapdos\n|-damage|p2a: Zapdos|17\/100\n|-status|p1a: Meowscarada|par|[from] ability: Static|[of] p2a: Zapdos\n|move|p2a: Zapdos|Roost|p2a: Zapdos\n|-heal|p2a: Zapdos|68\/100\n|-singleturn|p2a: Zapdos|move: Roost\n|\n|upkeep\n|turn|3\n|\n|t:|1700844904\n|switch|p1a: Garchomp|Garchomp, M, shiny|100\/100\n|move|p2a: Zapdos|Roost|p2a: Zapdos\n|-heal|p2a: Zapdos|100\/100\n|-singleturn|p2a: Zapdos|move: Roost\n|\n|upkeep\n|turn|4\n|\n|t:|1700844912\n|move|p1a: Garchomp|Swords Dance|p1a: Garchomp\n|-boost|p1a: Garchomp|atk|2\n|move|p2a: Zapdos|Hurricane|p1a: Garchomp|[miss]\n|-miss|p2a: Zapdos|p1a: Garchomp\n|\n|upkeep\n|turn|5\n|\n|t:|1700844927\n|move|p1a: Garchomp|Scale Shot|p2a: Zapdos\n|-damage|p2a: Zapdos|81\/100\n|-damage|p2a: Zapdos|61\/100\n|-damage|p2a: Zapdos|41\/100\n|-crit|p2a: Zapdos\n|-damage|p2a: Zapdos|11\/100\n|-damage|p2a: Zapdos|0 fnt\n|faint|p2a: Zapdos\n|-hitcount|p2: Zapdos|5\n|-unboost|p1a: Garchomp|def|1\n|-boost|p1a: Garchomp|spe|1\n|\n|upkeep\n|\n|t:|1700844945\n|switch|p2a: Goodra|Goodra-Hisui, F|100\/100\n|turn|6\n|\n|t:|1700844950\n|-terastallize|p2a: Goodra|Flying\n|move|p1a: Garchomp|Earthquake|p2a: Goodra\n|-immune|p2a: Goodra\n|move|p2a: Goodra|Ice Beam|p1a: Garchomp\n|-supereffective|p1a: Garchomp\n|-damage|p1a: Garchomp|0 fnt\n|faint|p1a: Garchomp\n|\n|upkeep\n|\n|t:|1700844956\n|switch|p1a: Ninetales|Ninetales-Alola, F|100\/100\n|-weather|Snow|[from] ability: Snow Warning|[of] p1a: Ninetales\n|turn|7\n|\n|t:|1700844963\n|move|p1a: Ninetales|Freeze-Dry|p2a: Goodra\n|-supereffective|p2a: Goodra\n|-damage|p2a: Goodra|75\/100\n|move|p2a: Goodra|Flash Cannon|p1a: Ninetales\n|-supereffective|p1a: Ninetales\n|-damage|p1a: Ninetales|0 fnt\n|faint|p1a: Ninetales\n|\n|-weather|Snow|[upkeep]\n|upkeep\n|\n|t:|1700844968\n|switch|p1a: Landorus|Landorus-Therian, M|100\/100\n|-ability|p1a: Landorus|Intimidate|boost\n|-unboost|p2a: Goodra|atk|1\n|turn|8\n|\n|t:|1700844978\n|move|p1a: Landorus|Stone Edge|p2a: Goodra\n|-supereffective|p2a: Goodra\n|-crit|p2a: Goodra\n|-damage|p2a: Goodra|0 fnt\n|faint|p2a: Goodra\n|\n|-weather|Snow|[upkeep]\n|upkeep\n|\n|t:|1700844997\n|switch|p2a: Volcanion|Volcanion|100\/100\n|turn|9\n|\n|t:|1700845005\n|move|p1a: Landorus|Stone Edge|p2a: Volcanion\n|-supereffective|p2a: Volcanion\n|-damage|p2a: Volcanion|38\/100\n|move|p2a: Volcanion|Steam Eruption|p1a: Landorus\n|-supereffective|p1a: Landorus\n|-damage|p1a: Landorus|0 fnt\n|faint|p1a: Landorus\n|\n|-weather|Snow|[upkeep]\n|upkeep\n|\n|t:|1700845013\n|switch|p1a: Meowscarada|Meowscarada, F|100\/100 par\n|turn|10\n|\n|t:|1700845018\n|move|p1a: Meowscarada|Thunder Punch|p2a: Volcanion\n|-start|p1a: Meowscarada|typechange|Electric|[from] ability: Protean\n|-supereffective|p2a: Volcanion\n|-damage|p2a: Volcanion|0 fnt\n|faint|p2a: Volcanion\n|\n|-weather|Snow|[upkeep]\n|upkeep\n|\n|t:|1700845034\n|switch|p2a: Rillaboom|Rillaboom, F|100\/100\n|-fieldstart|move: Grassy Terrain|[from] ability: Grassy Surge|[of] p2a: Rillaboom\n|turn|11\n|\n|t:|1700845041\n|switch|p1a: Scizor|Scizor, M|100\/100\n|move|p2a: Rillaboom|Knock Off|p1a: Scizor\n|-damage|p1a: Scizor|48\/100\n|-enditem|p1a: Scizor|Leftovers|[from] move: Knock Off|[of] p2a: Rillaboom\n|\n|-weather|none\n|-heal|p1a: Scizor|54\/100|[from] Grassy Terrain\n|upkeep\n|turn|12\n|\n|t:|1700845052\n|switch|p2a: Cinderace|Cinderace, F|100\/100\n|move|p1a: Scizor|U-turn|p2a: Cinderace\n|-resisted|p2a: Cinderace\n|-damage|p2a: Cinderace|75\/100\n|\n|t:|1700845064\n|switch|p1a: Ceruledge|Ceruledge, M|100\/100|[from] U-turn\n|\n|-heal|p2a: Cinderace|81\/100|[from] Grassy Terrain\n|upkeep\n|turn|13\n|\n|t:|1700845087\n|move|p2a: Cinderace|U-turn|p1a: Ceruledge\n|-start|p2a: Cinderace|typechange|Bug|[from] ability: Libero\n|-resisted|p1a: Ceruledge\n|-damage|p1a: Ceruledge|92\/100\n|-ability|p1a: Ceruledge|Weak Armor|boost\n|-unboost|p1a: Ceruledge|def|1\n|-boost|p1a: Ceruledge|spe|2\n|\n|t:|1700845094\n|switch|p2a: Alomomola|Alomomola, M|100\/100|[from] U-turn\n|move|p1a: Ceruledge|Swords Dance|p1a: Ceruledge\n|-boost|p1a: Ceruledge|atk|2\n|\n|-heal|p1a: Ceruledge|98\/100|[from] Grassy Terrain\n|upkeep\n|turn|14\n|\n|t:|1700845105\n|-terastallize|p1a: Ceruledge|Bug\n|move|p1a: Ceruledge|Close Combat|p2a: Alomomola\n|-damage|p2a: Alomomola|50\/100\n|-unboost|p1a: Ceruledge|def|1\n|-unboost|p1a: Ceruledge|spd|1\n|move|p2a: Alomomola|Flip Turn|p1a: Ceruledge\n|-damage|p1a: Ceruledge|54\/100\n|-ability|p1a: Ceruledge|Weak Armor|boost\n|-unboost|p1a: Ceruledge|def|1\n|-boost|p1a: Ceruledge|spe|2\n|\n|t:|1700845117\n|switch|p2a: Rillaboom|Rillaboom, F|100\/100|[from] Flip Turn\n|\n|-heal|p1a: Ceruledge|60\/100|[from] Grassy Terrain\n|upkeep\n|turn|15\n|\n|t:|1700845131\n|move|p1a: Ceruledge|Shadow Sneak|p2a: Rillaboom\n|-damage|p2a: Rillaboom|54\/100\n|move|p2a: Rillaboom|Grassy Glide|p1a: Ceruledge\n|-resisted|p1a: Ceruledge\n|-damage|p1a: Ceruledge|0 fnt\n|faint|p1a: Ceruledge\n|\n|-heal|p2a: Rillaboom|60\/100|[from] Grassy Terrain\n|-fieldend|move: Grassy Terrain\n|upkeep\n|\n|t:|1700845137\n|switch|p1a: Scizor|Scizor, M|54\/100\n|turn|16\n|\n|t:|1700845145\n|switch|p2a: Alomomola|Alomomola, M|83\/100\n|move|p1a: Scizor|U-turn|p2a: Alomomola\n|-damage|p2a: Alomomola|58\/100\n|\n|t:|1700845148\n|switch|p1a: Meowscarada|Meowscarada, F|100\/100 par|[from] U-turn\n|\n|upkeep\n|turn|17\n|\n|t:|1700845160\n|move|p2a: Alomomola|Protect|p2a: Alomomola\n|-singleturn|p2a: Alomomola|Protect\n|move|p1a: Meowscarada|Thunder Punch|p2a: Alomomola\n|-start|p1a: Meowscarada|typechange|Electric|[from] ability: Protean\n|-activate|p2a: Alomomola|move: Protect\n|\n|upkeep\n|turn|18\n|\n|t:|1700845177\n|switch|p1a: Scizor|Scizor, M|54\/100\n|switch|p2a: Cinderace|Cinderace, F|81\/100\n|\n|upkeep\n|turn|19\n|\n|t:|1700845192\n|move|p2a: Cinderace|Pyro Ball|p1a: Scizor\n|-supereffective|p1a: Scizor\n|-damage|p1a: Scizor|0 fnt\n|faint|p1a: Scizor\n|\n|upkeep\n|\n|t:|1700845194\n|switch|p1a: Meowscarada|Meowscarada, F|100\/100 par\n|turn|20\n|-message|Ticobrasil forfeited.\n|\n|win|fropop\n|raw|Ticobrasil's rating: 1525 &rarr; <strong>1505<\/strong><br \/>(-20 for losing)\n|raw|fropop's rating: 1527 &rarr; <strong>1547<\/strong><br \/>(+20 for winning)\n|l|\u2606Ticobrasil\n","uploadtime":1700845202,"views":2,"p1id":"ticobrasil","p2id":"fropop","formatid":"gen9ou","rating":1505,"private":0,"password":""}