{"id":"gen9ou-1997317837","p1":"Tyguy0923","p2":"ratatta17","format":"[Gen 9] OU","log":"|j|\u2606Tyguy0923\n|j|\u2606ratatta17\n|t:|1700788706\n|gametype|singles\n|player|p1|Tyguy0923|265|1480\n|player|p2|ratatta17|265|1549\n|teamsize|p1|6\n|teamsize|p2|6\n|gen|9\n|tier|[Gen 9] OU\n|rated|\n|rule|Sleep Clause Mod: Limit one foe put to sleep\n|rule|Species Clause: Limit one of each Pok\u00e9mon\n|rule|OHKO Clause: OHKO moves are banned\n|rule|Evasion Items Clause: Evasion items are banned\n|rule|Evasion Moves Clause: Evasion moves are banned\n|rule|Endless Battle Clause: Forcing endless battles is banned\n|rule|HP Percentage Mod: HP is shown in percentages\n|clearpoke\n|poke|p1|Ting-Lu|\n|poke|p1|Garchomp, M|\n|poke|p1|Cinderace, F|\n|poke|p1|Gholdengo|\n|poke|p1|Ogerpon-Wellspring, F|\n|poke|p1|Corviknight, M|\n|poke|p2|Azumarill, M|\n|poke|p2|Staraptor, M|\n|poke|p2|Toedscruel, F|\n|poke|p2|Skeledirge, M|\n|poke|p2|Ninetales-Alola, M|\n|poke|p2|Iron Valiant|\n|teampreview\n|inactive|Battle timer is ON: inactive players will automatically lose when time's up. (requested by ratatta17)\n|\n|t:|1700788726\n|start\n|switch|p1a: Ting-Lu|Ting-Lu|100\/100\n|switch|p2a: Staraptor|Staraptor, M|100\/100\n|-ability|p2a: Staraptor|Intimidate|boost\n|-unboost|p1a: Ting-Lu|atk|1\n|-ability|p1a: Ting-Lu|Vessel of Ruin\n|turn|1\n|\n|t:|1700788737\n|move|p2a: Staraptor|U-turn|p1a: Ting-Lu\n|-supereffective|p1a: Ting-Lu\n|-crit|p1a: Ting-Lu\n|-damage|p1a: Ting-Lu|71\/100\n|\n|t:|1700788739\n|switch|p2a: Toedscruel|Toedscruel, F|100\/100|[from] U-turn\n|move|p1a: Ting-Lu|Stealth Rock|p2a: Toedscruel\n|-sidestart|p2: ratatta17|move: Stealth Rock\n|\n|-heal|p1a: Ting-Lu|78\/100|[from] item: Leftovers\n|upkeep\n|turn|2\n|\n|t:|1700788751\n|move|p1a: Ting-Lu|Spikes|p2a: Toedscruel\n|-sidestart|p2: ratatta17|Spikes\n|move|p2a: Toedscruel|Spore|p1a: Ting-Lu\n|-status|p1a: Ting-Lu|slp|[from] move: Spore\n|\n|-heal|p1a: Ting-Lu|84\/100 slp|[from] item: Leftovers\n|upkeep\n|turn|3\n|\n|t:|1700788760\n|move|p2a: Toedscruel|Rapid Spin|p1a: Ting-Lu\n|-damage|p1a: Ting-Lu|79\/100 slp\n|-boost|p2a: Toedscruel|spe|1\n|-sideend|p2: ratatta17|Spikes|[from] move: Rapid Spin|[of] p2a: Toedscruel\n|-sideend|p2: ratatta17|Stealth Rock|[from] move: Rapid Spin|[of] p2a: Toedscruel\n|cant|p1a: Ting-Lu|slp\n|\n|-heal|p1a: Ting-Lu|86\/100 slp|[from] item: Leftovers\n|upkeep\n|turn|4\n|\n|t:|1700788771\n|move|p2a: Toedscruel|Knock Off|p1a: Ting-Lu\n|-resisted|p1a: Ting-Lu\n|-damage|p1a: Ting-Lu|82\/100 slp\n|-enditem|p1a: Ting-Lu|Leftovers|[from] move: Knock Off|[of] p2a: Toedscruel\n|cant|p1a: Ting-Lu|slp\n|\n|upkeep\n|turn|5\n|\n|t:|1700788781\n|move|p2a: Toedscruel|Leech Seed|p1a: Ting-Lu\n|-start|p1a: Ting-Lu|move: Leech Seed\n|cant|p1a: Ting-Lu|slp\n|\n|-damage|p1a: Ting-Lu|69\/100 slp|[from] Leech Seed|[of] p2a: Toedscruel\n|upkeep\n|turn|6\n|\n|t:|1700788793\n|move|p2a: Toedscruel|Spore|p1a: Ting-Lu\n|-fail|p1a: Ting-Lu|slp\n|-curestatus|p1a: Ting-Lu|slp|[msg]\n|move|p1a: Ting-Lu|Whirlwind|p2a: Toedscruel\n|drag|p2a: Iron Valiant|Iron Valiant|100\/100\n|\n|-damage|p1a: Ting-Lu|57\/100|[from] Leech Seed|[of] p2a: Iron Valiant\n|upkeep\n|turn|7\n|\n|t:|1700788822\n|switch|p1a: Corviknight|Corviknight, M|100\/100\n|-ability|p1a: Corviknight|Pressure\n|move|p2a: Iron Valiant|Moonblast|p1a: Corviknight\n|-resisted|p1a: Corviknight\n|-damage|p1a: Corviknight|73\/100\n|-damage|p2a: Iron Valiant|91\/100|[from] item: Life Orb\n|\n|-heal|p1a: Corviknight|79\/100|[from] item: Leftovers\n|upkeep\n|turn|8\n|inactive|Tyguy0923 has 120 seconds left.\n|\n|t:|1700788841\n|-end|p2a: Iron Valiant|Quark Drive|[silent]\n|switch|p2a: Skeledirge|Skeledirge, M|100\/100\n|move|p1a: Corviknight|U-turn|p2a: Skeledirge\n|-resisted|p2a: Skeledirge\n|-damage|p2a: Skeledirge|98\/100\n|inactive|Tyguy0923 has 120 seconds left.\n|\n|t:|1700788865\n|switch|p1a: Ting-Lu|Ting-Lu|57\/100|[from] U-turn\n|-ability|p1a: Ting-Lu|Vessel of Ruin\n|\n|-heal|p2a: Skeledirge|100\/100|[from] item: Leftovers\n|upkeep\n|turn|9\n|\n|t:|1700788877\n|switch|p2a: Toedscruel|Toedscruel, F|100\/100\n|move|p1a: Ting-Lu|Stealth Rock|p2a: Toedscruel\n|-sidestart|p2: ratatta17|move: Stealth Rock\n|\n|upkeep\n|turn|10\n|\n|t:|1700788895\n|switch|p1a: Ogerpon|Ogerpon-Wellspring, F|100\/100\n|move|p2a: Toedscruel|Spore|p1a: Ogerpon\n|-immune|p1a: Ogerpon\n|\n|upkeep\n|turn|11\n|inactive|Tyguy0923 has 90 seconds left.\n|\n|t:|1700788917\n|move|p1a: Ogerpon|Knock Off|p2a: Toedscruel\n|-damage|p2a: Toedscruel|65\/100\n|-enditem|p2a: Toedscruel|Leftovers|[from] move: Knock Off|[of] p1a: Ogerpon\n|move|p2a: Toedscruel|Rapid Spin|p1a: Ogerpon\n|-damage|p1a: Ogerpon|89\/100\n|-boost|p2a: Toedscruel|spe|1\n|-sideend|p2: ratatta17|Stealth Rock|[from] move: Rapid Spin|[of] p2a: Toedscruel\n|\n|upkeep\n|turn|12\n|inactive|Tyguy0923 has 90 seconds left.\n|\n|t:|1700788933\n|switch|p2a: Staraptor|Staraptor, M|100\/100\n|-ability|p2a: Staraptor|Intimidate|boost\n|-unboost|p1a: Ogerpon|atk|1\n|move|p1a: Ogerpon|Swords Dance|p1a: Ogerpon\n|-boost|p1a: Ogerpon|atk|2\n|\n|upkeep\n|turn|13\n|inactive|Tyguy0923 has 90 seconds left.\n|\n|t:|1700788945\n|-terastallize|p1a: Ogerpon|Water\n|detailschange|p1a: Ogerpon|Ogerpon-Wellspring-Tera, F, tera:Water\n|-ability|p1a: Ogerpon|Embody Aspect (Wellspring)|boost\n|-boost|p1a: Ogerpon|spd|1\n|move|p2a: Staraptor|Final Gambit|p1a: Ogerpon\n|-damage|p1a: Ogerpon|0 fnt\n|faint|p2a: Staraptor\n|faint|p1a: Ogerpon\n|\n|upkeep\n|inactive|Tyguy0923 has 90 seconds left.\n|\n|t:|1700788964\n|switch|p1a: Garchomp|Garchomp, M|100\/100\n|switch|p2a: Toedscruel|Toedscruel, F|65\/100\n|turn|14\n|\n|t:|1700788985\n|move|p1a: Garchomp|Earthquake|p2a: Toedscruel\n|-resisted|p2a: Toedscruel\n|-damage|p2a: Toedscruel|47\/100\n|move|p2a: Toedscruel|Spore|p1a: Garchomp\n|-status|p1a: Garchomp|slp|[from] move: Spore\n|\n|upkeep\n|turn|15\n|\n|t:|1700788994\n|move|p2a: Toedscruel|Leech Seed|p1a: Garchomp\n|-start|p1a: Garchomp|move: Leech Seed\n|cant|p1a: Garchomp|slp\n|\n|-damage|p1a: Garchomp|88\/100 slp|[from] Leech Seed|[of] p2a: Toedscruel\n|-heal|p2a: Toedscruel|61\/100|[silent]\n|upkeep\n|turn|16\n|\n|t:|1700789006\n|move|p2a: Toedscruel|Knock Off|p1a: Garchomp\n|-damage|p1a: Garchomp|77\/100 slp\n|-damage|p2a: Toedscruel|49\/100|[from] ability: Rough Skin|[of] p1a: Garchomp\n|-damage|p2a: Toedscruel|32\/100|[from] item: Rocky Helmet|[of] p1a: Garchomp\n|-enditem|p1a: Garchomp|Rocky Helmet|[from] move: Knock Off|[of] p2a: Toedscruel\n|cant|p1a: Garchomp|slp\n|\n|-damage|p1a: Garchomp|65\/100 slp|[from] Leech Seed|[of] p2a: Toedscruel\n|-heal|p2a: Toedscruel|47\/100|[silent]\n|upkeep\n|turn|17\n|\n|t:|1700789018\n|move|p2a: Toedscruel|Spore|p1a: Garchomp\n|-fail|p1a: Garchomp|slp\n|-curestatus|p1a: Garchomp|slp|[msg]\n|move|p1a: Garchomp|Dragon Tail|p2a: Toedscruel|[miss]\n|-miss|p1a: Garchomp|p2a: Toedscruel\n|\n|-damage|p1a: Garchomp|52\/100|[from] Leech Seed|[of] p2a: Toedscruel\n|-heal|p2a: Toedscruel|61\/100|[silent]\n|upkeep\n|turn|18\n|\n|t:|1700789033\n|switch|p1a: Corviknight|Corviknight, M|79\/100\n|-ability|p1a: Corviknight|Pressure\n|move|p2a: Toedscruel|Spore|p1a: Corviknight\n|-status|p1a: Corviknight|slp|[from] move: Spore\n|\n|-heal|p1a: Corviknight|85\/100 slp|[from] item: Leftovers\n|upkeep\n|turn|19\n|-message|Tyguy0923 forfeited.\n|\n|win|ratatta17\n|raw|Tyguy0923's rating: 1480 &rarr; <strong>1464<\/strong><br \/>(-16 for losing)\n|raw|ratatta17's rating: 1549 &rarr; <strong>1565<\/strong><br \/>(+16 for winning)\n|l|\u2606Tyguy0923\n","uploadtime":1700789057,"views":6,"p1id":"tyguy0923","p2id":"ratatta17","formatid":"gen9ou","rating":1464,"private":0,"password":""}