{"id":"gen9ou-1990396814","p1":"Rubz15","p2":"CheetosD","format":"[Gen 9] OU","log":"|j|\u2606Rubz15\n|j|\u2606CheetosD\n|t:|1699966620\n|gametype|singles\n|player|p1|Rubz15|101|1047\n|player|p2|CheetosD|2|1119\n|teamsize|p1|6\n|teamsize|p2|6\n|gen|9\n|tier|[Gen 9] OU\n|rated|\n|rule|Sleep Clause Mod: Limit one foe put to sleep\n|rule|Species Clause: Limit one of each Pok\u00e9mon\n|rule|OHKO Clause: OHKO moves are banned\n|rule|Evasion Items Clause: Evasion items are banned\n|rule|Evasion Moves Clause: Evasion moves are banned\n|rule|Endless Battle Clause: Forcing endless battles is banned\n|rule|HP Percentage Mod: HP is shown in percentages\n|clearpoke\n|poke|p1|Kingambit, M|\n|poke|p1|Samurott-Hisui, F|\n|poke|p1|Ninetales-Alola, M|\n|poke|p1|Cinderace, F|\n|poke|p1|Dragapult, M|\n|poke|p1|Iron Treads|\n|poke|p2|Mandibuzz, F|\n|poke|p2|Krookodile, F|\n|poke|p2|Azelf|\n|poke|p2|Ogerpon-Wellspring, F|\n|poke|p2|Rillaboom, M|\n|poke|p2|Enamorus, F|\n|teampreview\n|inactive|Battle timer is ON: inactive players will automatically lose when time's up. (requested by CheetosD)\n|\n|t:|1699966626\n|start\n|switch|p1a: Cinderace|Cinderace, F|100\/100\n|switch|p2a: Azelf|Azelf|100\/100\n|turn|1\n|\n|t:|1699966633\n|move|p1a: Cinderace|Gunk Shot|p2a: Azelf\n|-start|p1a: Cinderace|typechange|Poison|[from] ability: Libero\n|-damage|p2a: Azelf|8\/100\n|-damage|p1a: Cinderace|91\/100|[from] item: Life Orb\n|move|p2a: Azelf|Reflect|p2a: Azelf\n|-sidestart|p2: CheetosD|Reflect\n|\n|upkeep\n|turn|2\n|\n|t:|1699966642\n|move|p1a: Cinderace|Pyro Ball|p2a: Azelf\n|-damage|p2a: Azelf|0 fnt\n|faint|p2a: Azelf\n|-damage|p1a: Cinderace|81\/100|[from] item: Life Orb\n|\n|upkeep\n|\n|t:|1699966644\n|switch|p2a: Krookodile|Krookodile, F|100\/100\n|turn|3\n|\n|t:|1699966648\n|move|p1a: Cinderace|U-turn|p2a: Krookodile\n|-supereffective|p2a: Krookodile\n|-damage|p2a: Krookodile|66\/100\n|-damage|p1a: Cinderace|71\/100|[from] item: Life Orb\n|\n|t:|1699966662\n|switch|p1a: Samurott|Samurott-Hisui, F, shiny|100\/100|[from] U-turn\n|move|p2a: Krookodile|Scale Shot|p1a: Samurott\n|-damage|p1a: Samurott|90\/100\n|-damage|p1a: Samurott|80\/100\n|-damage|p1a: Samurott|69\/100\n|-hitcount|p1a: Samurott|3\n|-unboost|p2a: Krookodile|def|1\n|-boost|p2a: Krookodile|spe|1\n|\n|-heal|p1a: Samurott|75\/100|[from] item: Leftovers\n|upkeep\n|turn|4\n|\n|t:|1699966671\n|move|p2a: Krookodile|Close Combat|p1a: Samurott\n|-supereffective|p1a: Samurott\n|-damage|p1a: Samurott|0 fnt\n|-unboost|p2a: Krookodile|def|1\n|-unboost|p2a: Krookodile|spd|1\n|faint|p1a: Samurott\n|-ability|p2a: Krookodile|Moxie|boost\n|-boost|p2a: Krookodile|atk|1\n|\n|upkeep\n|\n|t:|1699966682\n|switch|p1a: Dragapult|Dragapult, M|100\/100\n|turn|5\n|\n|t:|1699966686\n|move|p2a: Krookodile|Scale Shot|p1a: Dragapult\n|-supereffective|p1a: Dragapult\n|-damage|p1a: Dragapult|68\/100\n|-supereffective|p1a: Dragapult\n|-damage|p1a: Dragapult|34\/100\n|-supereffective|p1a: Dragapult\n|-damage|p1a: Dragapult|0 fnt\n|faint|p1a: Dragapult\n|-ability|p2a: Krookodile|Moxie|boost\n|-boost|p2a: Krookodile|atk|1\n|-hitcount|p1: Dragapult|3\n|-unboost|p2a: Krookodile|def|1\n|-boost|p2a: Krookodile|spe|1\n|\n|upkeep\n|\n|t:|1699966692\n|switch|p1a: Ninetales|Ninetales-Alola, M, shiny|100\/100\n|-weather|Snow|[from] ability: Snow Warning|[of] p1a: Ninetales\n|turn|6\n|l|\u2606Rubz15\n|inactive|Rubz15 disconnected and has a minute to reconnect!\n|player|p1|\n|inactive|Rubz15 has 30 seconds to reconnect!\n|inactive|Rubz15 has 20 seconds to reconnect!\n|inactive|Rubz15 has 15 seconds to reconnect!\n|inactive|Rubz15 has 10 seconds to reconnect!\n|inactive|Rubz15 has 5 seconds to reconnect!\n|-message|Rubz15 lost due to inactivity.\n|\n|win|CheetosD\n|raw|Rubz15's rating: 1047 &rarr; <strong>1033<\/strong><br \/>(-14 for losing)\n|raw|CheetosD's rating: 1119 &rarr; <strong>1139<\/strong><br \/>(+20 for winning)\n","uploadtime":1699966764,"views":13,"p1id":"rubz15","p2id":"cheetosd","formatid":"gen9ou","rating":1033,"private":0,"password":""}