{"id":"gen9ou-1990412847","p1":"Anfora34","p2":"Pachydon","format":"[Gen 9] OU","log":"|j|\u2606Anfora34\n|j|\u2606Pachydon\n|t:|1699968383\n|gametype|singles\n|player|p1|Anfora34|lucas|1322\n|player|p2|Pachydon|266|1319\n|teamsize|p1|6\n|teamsize|p2|6\n|gen|9\n|tier|[Gen 9] OU\n|rated|\n|rule|Sleep Clause Mod: Limit one foe put to sleep\n|rule|Species Clause: Limit one of each Pok\u00e9mon\n|rule|OHKO Clause: OHKO moves are banned\n|rule|Evasion Items Clause: Evasion items are banned\n|rule|Evasion Moves Clause: Evasion moves are banned\n|rule|Endless Battle Clause: Forcing endless battles is banned\n|rule|HP Percentage Mod: HP is shown in percentages\n|clearpoke\n|poke|p1|Garchomp, F|\n|poke|p1|Rotom-Heat|\n|poke|p1|Mandibuzz, F|\n|poke|p1|Shaymin|\n|poke|p1|Goodra-Hisui, F|\n|poke|p1|Weavile, F|\n|poke|p2|Zapdos|\n|poke|p2|Great Tusk|\n|poke|p2|Ogerpon-Cornerstone, F|\n|poke|p2|Decidueye-Hisui, F|\n|poke|p2|Gholdengo|\n|poke|p2|Hatterene, F|\n|teampreview\n|\n|t:|1699968425\n|start\n|switch|p1a: Weavile|Weavile, F|100\/100\n|switch|p2a: Ogerpon|Ogerpon-Cornerstone, F|100\/100\n|turn|1\n|\n|t:|1699968445\n|switch|p1a: Shaymin|Shaymin|100\/100\n|move|p2a: Ogerpon|Ivy Cudgel|p1a: Shaymin|[anim] Ivy Cudgel Rock\n|-crit|p1a: Shaymin\n|-damage|p1a: Shaymin|30\/100\n|\n|-heal|p1a: Shaymin|36\/100|[from] item: Leftovers\n|upkeep\n|turn|2\n|l|\u2606Anfora34\n|player|p1|\n|\n|t:|1699968454\n|move|p2a: Ogerpon|Ivy Cudgel|p1a: Shaymin|[anim] Ivy Cudgel Rock\n|-damage|p1a: Shaymin|0 fnt\n|faint|p1a: Shaymin\n|\n|upkeep\n|j|\u2606Anfora34\n|player|p1|Anfora34|lucas\n|\n|t:|1699968466\n|switch|p1a: Garchomp|Garchomp, F|100\/100\n|turn|3\n|\n|t:|1699968470\n|move|p2a: Ogerpon|Spikes|p1a: Garchomp\n|-sidestart|p1: Anfora34|Spikes\n|move|p1a: Garchomp|Swords Dance|p1a: Garchomp\n|-boost|p1a: Garchomp|atk|2\n|\n|upkeep\n|turn|4\n|\n|t:|1699968473\n|move|p2a: Ogerpon|Encore|p1a: Garchomp\n|-start|p1a: Garchomp|Encore\n|move|p1a: Garchomp|Swords Dance|p1a: Garchomp\n|-boost|p1a: Garchomp|atk|2\n|\n|upkeep\n|turn|5\n|\n|t:|1699968488\n|switch|p2a: Gholdengo|Gholdengo|100\/100\n|switch|p1a: Rotom|Rotom-Heat|100\/100\n|\n|upkeep\n|turn|6\n|\n|t:|1699968497\n|switch|p2a: Hatterene|Hatterene, F|100\/100\n|move|p1a: Rotom|Will-O-Wisp|p2a: Hatterene\n|move|p2a: Hatterene|Will-O-Wisp|p1a: Rotom|[from]ability: Magic Bounce|[miss]\n|-miss|p2a: Hatterene|p1a: Rotom\n|\n|upkeep\n|turn|7\n|\n|t:|1699968505\n|switch|p1a: Goodra|Goodra-Hisui, F|100\/100\n|-damage|p1a: Goodra|88\/100|[from] Spikes\n|move|p2a: Hatterene|Mystical Fire|p1a: Goodra\n|-damage|p1a: Goodra|70\/100\n|-unboost|p1a: Goodra|spa|1\n|\n|-heal|p1a: Goodra|76\/100|[from] item: Leftovers\n|upkeep\n|turn|8\n|\n|t:|1699968510\n|move|p1a: Goodra|Curse|p1a: Goodra\n|-unboost|p1a: Goodra|spe|1\n|-boost|p1a: Goodra|atk|1\n|-boost|p1a: Goodra|def|1\n|move|p2a: Hatterene|Nuzzle|p1a: Goodra\n|-resisted|p1a: Goodra\n|-damage|p1a: Goodra|74\/100\n|-status|p1a: Goodra|par\n|\n|-heal|p1a: Goodra|80\/100 par|[from] item: Leftovers\n|upkeep\n|turn|9\n|\n|t:|1699968515\n|switch|p2a: Great Tusk|Great Tusk|100\/100\n|cant|p1a: Goodra|par\n|\n|-heal|p1a: Goodra|86\/100 par|[from] item: Leftovers\n|upkeep\n|turn|10\n|\n|t:|1699968522\n|switch|p1a: Rotom|Rotom-Heat|100\/100\n|move|p2a: Great Tusk|Close Combat|p1a: Rotom\n|-damage|p1a: Rotom|0 fnt\n|-unboost|p2a: Great Tusk|def|1\n|-unboost|p2a: Great Tusk|spd|1\n|faint|p1a: Rotom\n|-damage|p2a: Great Tusk|91\/100|[from] item: Life Orb\n|\n|upkeep\n|\n|t:|1699968532\n|switch|p1a: Mandibuzz|Mandibuzz, F|100\/100\n|turn|11\n|\n|t:|1699968542\n|-end|p2a: Great Tusk|Protosynthesis|[silent]\n|switch|p2a: Zapdos|Zapdos|100\/100\n|move|p1a: Mandibuzz|Defog|p2a: Zapdos\n|-unboost|p2a: Zapdos|evasion|1\n|-sideend|p1: Anfora34|Spikes|[from] move: Defog|[of] p1a: Mandibuzz\n|\n|upkeep\n|turn|12\n|\n|t:|1699968548\n|move|p2a: Zapdos|Hurricane|p1a: Mandibuzz\n|-damage|p1a: Mandibuzz|46\/100\n|move|p1a: Mandibuzz|Toxic|p2a: Zapdos\n|-status|p2a: Zapdos|tox\n|\n|-damage|p2a: Zapdos|94\/100 tox|[from] psn\n|upkeep\n|turn|13\n|\n|t:|1699968552\n|move|p2a: Zapdos|Discharge|p1a: Mandibuzz\n|-supereffective|p1a: Mandibuzz\n|-damage|p1a: Mandibuzz|0 fnt\n|faint|p1a: Mandibuzz\n|\n|-damage|p2a: Zapdos|82\/100 tox|[from] psn\n|upkeep\n|\n|t:|1699968556\n|switch|p1a: Garchomp|Garchomp, F|100\/100\n|turn|14\n|\n|t:|1699968561\n|switch|p2a: Ogerpon|Ogerpon-Cornerstone, F|100\/100\n|move|p1a: Garchomp|Swords Dance|p1a: Garchomp\n|-boost|p1a: Garchomp|atk|2\n|\n|upkeep\n|turn|15\n|inactive|Battle timer is ON: inactive players will automatically lose when time's up. (requested by Anfora34)\n|\n|t:|1699968564\n|switch|p1a: Goodra|Goodra-Hisui, F|86\/100 par\n|move|p2a: Ogerpon|Encore||[still]\n|-fail|p2a: Ogerpon\n|\n|-heal|p1a: Goodra|92\/100 par|[from] item: Leftovers\n|upkeep\n|turn|16\n|\n|t:|1699968574\n|switch|p2a: Great Tusk|Great Tusk|91\/100\n|cant|p1a: Goodra|par\n|\n|-heal|p1a: Goodra|98\/100 par|[from] item: Leftovers\n|upkeep\n|turn|17\n|\n|t:|1699968584\n|move|p2a: Great Tusk|Rapid Spin|p1a: Goodra\n|-resisted|p1a: Goodra\n|-damage|p1a: Goodra|86\/100 par\n|-boost|p2a: Great Tusk|spe|1\n|-damage|p2a: Great Tusk|81\/100|[from] item: Life Orb\n|move|p1a: Goodra|Dragon Claw|p2a: Great Tusk\n|-damage|p2a: Great Tusk|54\/100\n|\n|-heal|p1a: Goodra|93\/100 par|[from] item: Leftovers\n|upkeep\n|turn|18\n|\n|t:|1699968592\n|move|p2a: Great Tusk|Close Combat|p1a: Goodra\n|-supereffective|p1a: Goodra\n|-damage|p1a: Goodra|0 fnt\n|-unboost|p2a: Great Tusk|def|1\n|-unboost|p2a: Great Tusk|spd|1\n|faint|p1a: Goodra\n|-damage|p2a: Great Tusk|44\/100|[from] item: Life Orb\n|\n|upkeep\n|\n|t:|1699968596\n|switch|p1a: Garchomp|Garchomp, F|100\/100\n|turn|19\n|\n|t:|1699968604\n|move|p2a: Great Tusk|Close Combat|p1a: Garchomp\n|-damage|p1a: Garchomp|17\/100\n|-unboost|p2a: Great Tusk|def|1\n|-unboost|p2a: Great Tusk|spd|1\n|-damage|p2a: Great Tusk|32\/100|[from] ability: Rough Skin|[of] p1a: Garchomp\n|-damage|p2a: Great Tusk|22\/100|[from] item: Life Orb\n|move|p1a: Garchomp|Scale Shot|p2a: Great Tusk\n|-damage|p2a: Great Tusk|3\/100\n|-damage|p2a: Great Tusk|0 fnt\n|faint|p2a: Great Tusk\n|-end|p2a: Great Tusk|Protosynthesis|[silent]\n|-hitcount|p2: Great Tusk|2\n|-unboost|p1a: Garchomp|def|1\n|-boost|p1a: Garchomp|spe|1\n|\n|upkeep\n|\n|t:|1699968617\n|switch|p2a: Hatterene|Hatterene, F|100\/100\n|turn|20\n|\n|t:|1699968625\n|-terastallize|p1a: Garchomp|Steel\n|move|p1a: Garchomp|Iron Head|p2a: Hatterene\n|-supereffective|p2a: Hatterene\n|-damage|p2a: Hatterene|6\/100\n|move|p2a: Hatterene|Draining Kiss|p1a: Garchomp\n|-resisted|p1a: Garchomp\n|-damage|p1a: Garchomp|2\/100\n|-heal|p2a: Hatterene|18\/100|[from] drain|[of] p1a: Garchomp\n|-damage|p2a: Hatterene|6\/100|[from] ability: Rough Skin|[of] p1a: Garchomp\n|\n|-heal|p2a: Hatterene|12\/100|[from] item: Leftovers\n|upkeep\n|turn|21\n|\n|t:|1699968630\n|move|p1a: Garchomp|Iron Head|p2a: Hatterene\n|-supereffective|p2a: Hatterene\n|-damage|p2a: Hatterene|0 fnt\n|faint|p2a: Hatterene\n|\n|upkeep\n|\n|t:|1699968632\n|switch|p2a: Decidueye|Decidueye-Hisui, F|100\/100\n|turn|22\n|\n|t:|1699968637\n|move|p1a: Garchomp|Scale Shot|p2a: Decidueye\n|-damage|p2a: Decidueye|83\/100\n|-damage|p2a: Decidueye|67\/100\n|-crit|p2a: Decidueye\n|-damage|p2a: Decidueye|43\/100\n|-damage|p2a: Decidueye|26\/100\n|-hitcount|p2a: Decidueye|4\n|-unboost|p1a: Garchomp|def|1\n|-boost|p1a: Garchomp|spe|1\n|move|p2a: Decidueye|Trailblaze|p1a: Garchomp\n|-resisted|p1a: Garchomp\n|-damage|p1a: Garchomp|0 fnt\n|-boost|p2a: Decidueye|spe|1\n|-damage|p2a: Decidueye|13\/100|[from] ability: Rough Skin|[of] p1a: Garchomp\n|faint|p1a: Garchomp\n|\n|-heal|p2a: Decidueye|20\/100|[from] item: Leftovers\n|upkeep\n|\n|t:|1699968645\n|switch|p1a: Weavile|Weavile, F|100\/100\n|turn|23\n|\n|t:|1699968651\n|move|p1a: Weavile|Aerial Ace|p2a: Decidueye\n|-supereffective|p2a: Decidueye\n|-damage|p2a: Decidueye|0 fnt\n|faint|p2a: Decidueye\n|\n|upkeep\n|\n|t:|1699968654\n|switch|p2a: Ogerpon|Ogerpon-Cornerstone, F|100\/100\n|turn|24\n|\n|t:|1699968659\n|move|p1a: Weavile|Icicle Crash|p2a: Ogerpon\n|-supereffective|p2a: Ogerpon\n|-crit|p2a: Ogerpon\n|-ability|p2a: Ogerpon|Sturdy\n|-damage|p2a: Ogerpon|1\/100\n|move|p2a: Ogerpon|Ivy Cudgel|p1a: Weavile|[anim] Ivy Cudgel Rock\n|-supereffective|p1a: Weavile\n|-enditem|p1a: Weavile|Focus Sash\n|-damage|p1a: Weavile|1\/100\n|\n|upkeep\n|turn|25\n|\n|t:|1699968669\n|move|p1a: Weavile|Knock Off|p2a: Ogerpon\n|-damage|p2a: Ogerpon|0 fnt\n|faint|p2a: Ogerpon\n|\n|upkeep\n|\n|t:|1699968671\n|switch|p2a: Gholdengo|Gholdengo|100\/100\n|turn|26\n|\n|t:|1699968674\n|-terastallize|p2a: Gholdengo|Water\n|move|p1a: Weavile|Knock Off|p2a: Gholdengo\n|-damage|p2a: Gholdengo|44\/100\n|-enditem|p2a: Gholdengo|Choice Specs|[from] move: Knock Off|[of] p1a: Weavile\n|move|p2a: Gholdengo|Shadow Ball|p1a: Weavile\n|-resisted|p1a: Weavile\n|-damage|p1a: Weavile|0 fnt\n|faint|p1a: Weavile\n|\n|win|Pachydon\n|raw|Anfora34's rating: 1322 &rarr; <strong>1302<\/strong><br \/>(-20 for losing)\n|raw|Pachydon's rating: 1319 &rarr; <strong>1339<\/strong><br \/>(+20 for winning)\n","uploadtime":1699968683,"views":9,"p1id":"anfora34","p2id":"pachydon","formatid":"gen9ou","rating":1302,"private":0,"password":""}