{"id":"gen9ou-1996668130","p1":"pyr0joe","p2":"dogwearingdurag","format":"[Gen 9] OU","log":"|j|\u2606pyr0joe\n|j|\u2606dogwearingdurag\n|t:|1700707363\n|gametype|singles\n|player|p1|pyr0joe|102|1469\n|player|p2|dogwearingdurag|swimmer-gen4|1482\n|teamsize|p1|6\n|teamsize|p2|6\n|gen|9\n|tier|[Gen 9] OU\n|rated|\n|rule|Sleep Clause Mod: Limit one foe put to sleep\n|rule|Species Clause: Limit one of each Pok\u00e9mon\n|rule|OHKO Clause: OHKO moves are banned\n|rule|Evasion Items Clause: Evasion items are banned\n|rule|Evasion Moves Clause: Evasion moves are banned\n|rule|Endless Battle Clause: Forcing endless battles is banned\n|rule|HP Percentage Mod: HP is shown in percentages\n|clearpoke\n|poke|p1|Dragapult, F|\n|poke|p1|Garganacl, M|\n|poke|p1|Great Tusk|\n|poke|p1|Kingambit, M|\n|poke|p1|Meowscarada, F|\n|poke|p1|Dondozo, M|\n|poke|p2|Zapdos|\n|poke|p2|Gholdengo|\n|poke|p2|Weavile, F|\n|poke|p2|Milotic, F|\n|poke|p2|Great Tusk|\n|poke|p2|Dragapult, F|\n|teampreview\n|inactive|Battle timer is ON: inactive players will automatically lose when time's up. (requested by dogwearingdurag)\n|\n|t:|1700707372\n|start\n|switch|p1a: Dragapult|Dragapult, F|100\/100\n|switch|p2a: Dragapult|Dragapult, F|100\/100\n|turn|1\n|\n|t:|1700707379\n|switch|p2a: Milotic|Milotic, F|100\/100\n|move|p1a: Dragapult|U-turn|p2a: Milotic\n|-damage|p2a: Milotic|84\/100\n|\n|t:|1700707381\n|switch|p1a: Meowscarada|Meowscarada, F|100\/100|[from] U-turn\n|\n|-heal|p2a: Milotic|90\/100|[from] item: Leftovers\n|upkeep\n|turn|2\n|\n|t:|1700707385\n|switch|p2a: Zapdos|Zapdos|100\/100\n|move|p1a: Meowscarada|U-turn|p2a: Zapdos\n|-start|p1a: Meowscarada|typechange|Bug|[from] ability: Protean\n|-resisted|p2a: Zapdos\n|-damage|p2a: Zapdos|88\/100\n|\n|t:|1700707388\n|switch|p1a: Garganacl|Garganacl, M|100\/100|[from] U-turn\n|\n|upkeep\n|turn|3\n|\n|t:|1700707393\n|switch|p2a: Great Tusk|Great Tusk|100\/100\n|move|p1a: Garganacl|Salt Cure|p2a: Great Tusk\n|-resisted|p2a: Great Tusk\n|-damage|p2a: Great Tusk|98\/100\n|-start|p2a: Great Tusk|Salt Cure\n|\n|-heal|p2a: Great Tusk|100\/100|[from] item: Leftovers\n|-damage|p2a: Great Tusk|88\/100|[from] Salt Cure\n|upkeep\n|turn|4\n|\n|t:|1700707396\n|switch|p1a: Great Tusk|Great Tusk|100\/100\n|move|p2a: Great Tusk|Stealth Rock|p1a: Great Tusk\n|-sidestart|p1: pyr0joe|move: Stealth Rock\n|\n|-heal|p2a: Great Tusk|94\/100|[from] item: Leftovers\n|-damage|p2a: Great Tusk|82\/100|[from] Salt Cure\n|upkeep\n|turn|5\n|\n|t:|1700707399\n|-end|p2a: Great Tusk|Protosynthesis|[silent]\n|switch|p2a: Zapdos|Zapdos|88\/100\n|move|p1a: Great Tusk|Knock Off|p2a: Zapdos\n|-damage|p2a: Zapdos|67\/100\n|-enditem|p2a: Zapdos|Heavy-Duty Boots|[from] move: Knock Off|[of] p1a: Great Tusk\n|\n|upkeep\n|turn|6\n|\n|t:|1700707406\n|move|p2a: Zapdos|Hurricane|p1a: Great Tusk\n|-supereffective|p1a: Great Tusk\n|-damage|p1a: Great Tusk|0 fnt\n|faint|p1a: Great Tusk\n|-end|p1a: Great Tusk|Protosynthesis|[silent]\n|\n|upkeep\n|\n|t:|1700707407\n|switch|p1a: Garganacl|Garganacl, M|100\/100\n|-damage|p1a: Garganacl|88\/100|[from] Stealth Rock\n|turn|7\n|\n|t:|1700707409\n|move|p2a: Zapdos|Volt Switch|p1a: Garganacl\n|-damage|p1a: Garganacl|69\/100\n|\n|t:|1700707412\n|switch|p2a: Great Tusk|Great Tusk|82\/100|[from] Volt Switch\n|move|p1a: Garganacl|Salt Cure|p2a: Great Tusk\n|-resisted|p2a: Great Tusk\n|-crit|p2a: Great Tusk\n|-damage|p2a: Great Tusk|78\/100\n|-start|p2a: Great Tusk|Salt Cure\n|\n|-heal|p2a: Great Tusk|85\/100|[from] item: Leftovers\n|-heal|p1a: Garganacl|75\/100|[from] item: Leftovers\n|-damage|p2a: Great Tusk|72\/100|[from] Salt Cure\n|upkeep\n|turn|8\n|\n|t:|1700707415\n|move|p1a: Garganacl|Protect|p1a: Garganacl\n|-singleturn|p1a: Garganacl|Protect\n|move|p2a: Great Tusk|Headlong Rush|p1a: Garganacl\n|-activate|p1a: Garganacl|move: Protect\n|\n|-heal|p2a: Great Tusk|78\/100|[from] item: Leftovers\n|-heal|p1a: Garganacl|82\/100|[from] item: Leftovers\n|-damage|p2a: Great Tusk|66\/100|[from] Salt Cure\n|upkeep\n|turn|9\n|\n|t:|1700707421\n|switch|p1a: Dondozo|Dondozo, M|100\/100\n|-damage|p1a: Dondozo|88\/100|[from] Stealth Rock\n|move|p2a: Great Tusk|Headlong Rush|p1a: Dondozo\n|-damage|p1a: Dondozo|66\/100\n|-unboost|p2a: Great Tusk|def|1\n|-unboost|p2a: Great Tusk|spd|1\n|-damage|p2a: Great Tusk|49\/100|[from] item: Rocky Helmet|[of] p1a: Dondozo\n|\n|-heal|p2a: Great Tusk|56\/100|[from] item: Leftovers\n|-damage|p2a: Great Tusk|43\/100|[from] Salt Cure\n|upkeep\n|turn|10\n|\n|t:|1700707424\n|-end|p2a: Great Tusk|Protosynthesis|[silent]\n|switch|p2a: Zapdos|Zapdos|67\/100\n|switch|p1a: Dragapult|Dragapult, F|100\/100\n|-damage|p1a: Dragapult|88\/100|[from] Stealth Rock\n|\n|upkeep\n|turn|11\n|\n|t:|1700707428\n|switch|p2a: Milotic|Milotic, F|90\/100\n|move|p1a: Dragapult|Shadow Ball|p2a: Milotic\n|-damage|p2a: Milotic|63\/100\n|-unboost|p2a: Milotic|spd|1\n|\n|-heal|p2a: Milotic|69\/100|[from] item: Leftovers\n|upkeep\n|turn|12\n|\n|t:|1700707448\n|switch|p2a: Weavile|Weavile, F|100\/100\n|move|p1a: Dragapult|Shadow Ball|p2a: Weavile\n|-resisted|p2a: Weavile\n|-damage|p2a: Weavile|63\/100\n|\n|upkeep\n|turn|13\n|\n|t:|1700707452\n|switch|p1a: Dondozo|Dondozo, M|66\/100\n|-damage|p1a: Dondozo|54\/100|[from] Stealth Rock\n|move|p2a: Weavile|Swords Dance|p2a: Weavile\n|-boost|p2a: Weavile|atk|2\n|\n|upkeep\n|turn|14\n|\n|t:|1700707455\n|move|p2a: Weavile|Knock Off|p1a: Dondozo\n|-damage|p1a: Dondozo|32\/100\n|-damage|p2a: Weavile|47\/100|[from] item: Rocky Helmet|[of] p1a: Dondozo\n|-enditem|p1a: Dondozo|Rocky Helmet|[from] move: Knock Off|[of] p2a: Weavile\n|move|p1a: Dondozo|Rest|p1a: Dondozo\n|-status|p1a: Dondozo|slp|[from] move: Rest\n|-heal|p1a: Dondozo|100\/100 slp|[silent]\n|\n|upkeep\n|turn|15\n|\n|t:|1700707458\n|switch|p2a: Zapdos|Zapdos|67\/100\n|cant|p1a: Dondozo|slp\n|move|p1a: Dondozo|Sleep Talk|p1a: Dondozo\n|move|p1a: Dondozo|Rest||[from]move: Sleep Talk|[still]\n|-fail|p1a: Dondozo\n|\n|upkeep\n|turn|16\n|\n|t:|1700707462\n|switch|p1a: Garganacl|Garganacl, M|82\/100\n|-damage|p1a: Garganacl|69\/100|[from] Stealth Rock\n|move|p2a: Zapdos|Volt Switch|p1a: Garganacl\n|-damage|p1a: Garganacl|51\/100\n|\n|t:|1700707464\n|switch|p2a: Gholdengo|Gholdengo|100\/100|[from] Volt Switch\n|-item|p2a: Gholdengo|Air Balloon\n|\n|-heal|p1a: Garganacl|57\/100|[from] item: Leftovers\n|upkeep\n|turn|17\n|\n|t:|1700707469\n|-terastallize|p1a: Garganacl|Water\n|move|p2a: Gholdengo|Make It Rain|p1a: Garganacl\n|-resisted|p1a: Garganacl\n|-damage|p1a: Garganacl|35\/100\n|-unboost|p2a: Gholdengo|spa|1\n|move|p1a: Garganacl|Salt Cure|p2a: Gholdengo\n|-resisted|p2a: Gholdengo\n|-damage|p2a: Gholdengo|94\/100\n|-start|p2a: Gholdengo|Salt Cure\n|-enditem|p2a: Gholdengo|Air Balloon\n|\n|-heal|p1a: Garganacl|41\/100|[from] item: Leftovers\n|-damage|p2a: Gholdengo|69\/100|[from] Salt Cure\n|upkeep\n|turn|18\n|\n|t:|1700707473\n|switch|p2a: Zapdos|Zapdos|67\/100\n|move|p1a: Garganacl|Salt Cure|p2a: Zapdos\n|-supereffective|p2a: Zapdos\n|-damage|p2a: Zapdos|47\/100\n|-start|p2a: Zapdos|Salt Cure\n|\n|-heal|p1a: Garganacl|48\/100|[from] item: Leftovers\n|-damage|p2a: Zapdos|35\/100|[from] Salt Cure\n|upkeep\n|turn|19\n|\n|t:|1700707476\n|move|p1a: Garganacl|Protect|p1a: Garganacl\n|-singleturn|p1a: Garganacl|Protect\n|move|p2a: Zapdos|Volt Switch|p1a: Garganacl\n|-activate|p1a: Garganacl|move: Protect\n|\n|-heal|p1a: Garganacl|54\/100|[from] item: Leftovers\n|-damage|p2a: Zapdos|22\/100|[from] Salt Cure\n|upkeep\n|turn|20\n|\n|t:|1700707478\n|move|p2a: Zapdos|Roost|p2a: Zapdos\n|-heal|p2a: Zapdos|72\/100\n|-singleturn|p2a: Zapdos|move: Roost\n|move|p1a: Garganacl|Recover|p1a: Garganacl\n|-heal|p1a: Garganacl|100\/100\n|\n|-damage|p2a: Zapdos|60\/100|[from] Salt Cure\n|upkeep\n|turn|21\n|\n|t:|1700707480\n|move|p2a: Zapdos|Volt Switch|p1a: Garganacl\n|-supereffective|p1a: Garganacl\n|-damage|p1a: Garganacl|60\/100\n|\n|t:|1700707490\n|switch|p2a: Weavile|Weavile, F|47\/100|[from] Volt Switch\n|move|p1a: Garganacl|Salt Cure|p2a: Weavile\n|-supereffective|p2a: Weavile\n|-damage|p2a: Weavile|0 fnt\n|faint|p2a: Weavile\n|\n|-heal|p1a: Garganacl|67\/100|[from] item: Leftovers\n|upkeep\n|\n|t:|1700707492\n|switch|p2a: Zapdos|Zapdos|60\/100\n|turn|22\n|\n|t:|1700707494\n|move|p1a: Garganacl|Protect|p1a: Garganacl\n|-singleturn|p1a: Garganacl|Protect\n|move|p2a: Zapdos|Volt Switch|p1a: Garganacl\n|-activate|p1a: Garganacl|move: Protect\n|\n|-heal|p1a: Garganacl|73\/100|[from] item: Leftovers\n|upkeep\n|turn|23\n|\n|t:|1700707496\n|move|p2a: Zapdos|Volt Switch|p1a: Garganacl\n|-supereffective|p1a: Garganacl\n|-damage|p1a: Garganacl|34\/100\n|\n|t:|1700707505\n|switch|p2a: Dragapult|Dragapult, F|100\/100|[from] Volt Switch\n|move|p1a: Garganacl|Salt Cure|p2a: Dragapult\n|-damage|p2a: Dragapult|81\/100\n|-start|p2a: Dragapult|Salt Cure\n|\n|-heal|p1a: Garganacl|40\/100|[from] item: Leftovers\n|-damage|p2a: Dragapult|69\/100|[from] Salt Cure\n|upkeep\n|turn|24\n|\n|t:|1700707509\n|-terastallize|p2a: Dragapult|Dragon\n|move|p1a: Garganacl|Protect|p1a: Garganacl\n|-singleturn|p1a: Garganacl|Protect\n|move|p2a: Dragapult|Dragon Darts|p1a: Garganacl\n|-activate|p1a: Garganacl|move: Protect\n|\n|-heal|p1a: Garganacl|46\/100|[from] item: Leftovers\n|-damage|p2a: Dragapult|57\/100|[from] Salt Cure\n|upkeep\n|turn|25\n|\n|t:|1700707513\n|switch|p1a: Kingambit|Kingambit, M|100\/100\n|-damage|p1a: Kingambit|94\/100|[from] Stealth Rock\n|-activate|p1a: Kingambit|ability: Supreme Overlord\n|-start|p1a: Kingambit|fallen1|[silent]\n|move|p2a: Dragapult|Dragon Darts|p1a: Kingambit\n|-resisted|p1a: Kingambit\n|-crit|p1a: Kingambit\n|-damage|p1a: Kingambit|74\/100\n|-anim|p2a: Dragapult|Dragon Darts|p1a: Kingambit\n|-resisted|p1a: Kingambit\n|-damage|p1a: Kingambit|60\/100\n|\n|-heal|p1a: Kingambit|66\/100|[from] item: Leftovers\n|-damage|p2a: Dragapult|45\/100|[from] Salt Cure\n|upkeep\n|turn|26\n|\n|t:|1700707516\n|switch|p2a: Great Tusk|Great Tusk|43\/100\n|move|p1a: Kingambit|Iron Head|p2a: Great Tusk\n|-crit|p2a: Great Tusk\n|-damage|p2a: Great Tusk|0 fnt\n|faint|p2a: Great Tusk\n|-end|p2a: Great Tusk|Protosynthesis|[silent]\n|\n|-heal|p1a: Kingambit|73\/100|[from] item: Leftovers\n|upkeep\n|\n|t:|1700707519\n|switch|p2a: Zapdos|Zapdos|60\/100\n|turn|27\n|\n|t:|1700707523\n|-end|p1a: Kingambit|fallen1|[silent]\n|switch|p1a: Dragapult|Dragapult, F|88\/100\n|-damage|p1a: Dragapult|76\/100|[from] Stealth Rock\n|move|p2a: Zapdos|Thunder Wave|p1a: Dragapult\n|-status|p1a: Dragapult|par\n|\n|upkeep\n|turn|28\n|\n|t:|1700707530\n|move|p2a: Zapdos|Volt Switch|p1a: Dragapult\n|-resisted|p1a: Dragapult\n|-damage|p1a: Dragapult|57\/100 par\n|\n|t:|1700707533\n|switch|p2a: Milotic|Milotic, F|69\/100|[from] Volt Switch\n|move|p1a: Dragapult|Draco Meteor|p2a: Milotic\n|-damage|p2a: Milotic|27\/100\n|-unboost|p1a: Dragapult|spa|2\n|\n|-heal|p2a: Milotic|33\/100|[from] item: Leftovers\n|upkeep\n|turn|29\n|\n|t:|1700707535\n|switch|p1a: Meowscarada|Meowscarada, F|100\/100\n|-damage|p1a: Meowscarada|88\/100|[from] Stealth Rock\n|move|p2a: Milotic|Recover|p2a: Milotic\n|-heal|p2a: Milotic|83\/100\n|\n|-heal|p2a: Milotic|90\/100|[from] item: Leftovers\n|upkeep\n|turn|30\n|\n|t:|1700707540\n|switch|p1a: Garganacl|Garganacl, M, tera:Water|46\/100\n|-damage|p1a: Garganacl|34\/100|[from] Stealth Rock\n|switch|p2a: Zapdos|Zapdos|60\/100\n|\n|-heal|p1a: Garganacl|40\/100|[from] item: Leftovers\n|upkeep\n|turn|31\n|\n|t:|1700707542\n|move|p1a: Garganacl|Protect|p1a: Garganacl\n|-singleturn|p1a: Garganacl|Protect\n|move|p2a: Zapdos|Volt Switch|p1a: Garganacl\n|-activate|p1a: Garganacl|move: Protect\n|\n|-heal|p1a: Garganacl|46\/100|[from] item: Leftovers\n|upkeep\n|turn|32\n|\n|t:|1700707544\n|move|p2a: Zapdos|Volt Switch|p1a: Garganacl\n|-supereffective|p1a: Garganacl\n|-damage|p1a: Garganacl|10\/100\n|\n|t:|1700707555\n|switch|p2a: Gholdengo|Gholdengo|69\/100|[from] Volt Switch\n|move|p1a: Garganacl|Recover|p1a: Garganacl\n|-heal|p1a: Garganacl|60\/100\n|\n|-heal|p1a: Garganacl|66\/100|[from] item: Leftovers\n|upkeep\n|turn|33\n|\n|t:|1700707561\n|move|p2a: Gholdengo|Nasty Plot|p2a: Gholdengo\n|-boost|p2a: Gholdengo|spa|2\n|move|p1a: Garganacl|Salt Cure|p2a: Gholdengo\n|-resisted|p2a: Gholdengo\n|-damage|p2a: Gholdengo|63\/100\n|-start|p2a: Gholdengo|Salt Cure\n|\n|-heal|p1a: Garganacl|72\/100|[from] item: Leftovers\n|-damage|p2a: Gholdengo|38\/100|[from] Salt Cure\n|upkeep\n|turn|34\n|\n|t:|1700707567\n|move|p2a: Gholdengo|Recover|p2a: Gholdengo\n|-heal|p2a: Gholdengo|88\/100\n|move|p1a: Garganacl|Salt Cure|p2a: Gholdengo\n|-resisted|p2a: Gholdengo\n|-crit|p2a: Gholdengo\n|-damage|p2a: Gholdengo|78\/100\n|\n|-heal|p1a: Garganacl|78\/100|[from] item: Leftovers\n|-damage|p2a: Gholdengo|53\/100|[from] Salt Cure\n|upkeep\n|turn|35\n|\n|t:|1700707569\n|move|p2a: Gholdengo|Nasty Plot|p2a: Gholdengo\n|-boost|p2a: Gholdengo|spa|2\n|move|p1a: Garganacl|Curse|p1a: Garganacl\n|-unboost|p1a: Garganacl|spe|1\n|-boost|p1a: Garganacl|atk|1\n|-boost|p1a: Garganacl|def|1\n|\n|-heal|p1a: Garganacl|85\/100|[from] item: Leftovers\n|-damage|p2a: Gholdengo|28\/100|[from] Salt Cure\n|upkeep\n|turn|36\n|\n|t:|1700707572\n|move|p2a: Gholdengo|Recover|p2a: Gholdengo\n|-heal|p2a: Gholdengo|78\/100\n|move|p1a: Garganacl|Salt Cure|p2a: Gholdengo\n|-resisted|p2a: Gholdengo\n|-damage|p2a: Gholdengo|69\/100\n|\n|-heal|p1a: Garganacl|91\/100|[from] item: Leftovers\n|-damage|p2a: Gholdengo|44\/100|[from] Salt Cure\n|upkeep\n|turn|37\n|\n|t:|1700707576\n|move|p1a: Garganacl|Protect|p1a: Garganacl\n|-singleturn|p1a: Garganacl|Protect\n|move|p2a: Gholdengo|Shadow Ball|p1a: Garganacl\n|-activate|p1a: Garganacl|move: Protect\n|\n|-heal|p1a: Garganacl|97\/100|[from] item: Leftovers\n|-damage|p2a: Gholdengo|19\/100|[from] Salt Cure\n|upkeep\n|turn|38\n|\n|t:|1700707578\n|move|p2a: Gholdengo|Recover|p2a: Gholdengo\n|-heal|p2a: Gholdengo|69\/100\n|move|p1a: Garganacl|Salt Cure|p2a: Gholdengo\n|-resisted|p2a: Gholdengo\n|-damage|p2a: Gholdengo|59\/100\n|\n|-heal|p1a: Garganacl|100\/100|[from] item: Leftovers\n|-damage|p2a: Gholdengo|34\/100|[from] Salt Cure\n|upkeep\n|turn|39\n|\n|t:|1700707580\n|move|p1a: Garganacl|Protect|p1a: Garganacl\n|-singleturn|p1a: Garganacl|Protect\n|move|p2a: Gholdengo|Shadow Ball|p1a: Garganacl\n|-activate|p1a: Garganacl|move: Protect\n|\n|-damage|p2a: Gholdengo|9\/100|[from] Salt Cure\n|upkeep\n|turn|40\n|\n|t:|1700707583\n|move|p2a: Gholdengo|Shadow Ball|p1a: Garganacl\n|-damage|p1a: Garganacl|52\/100\n|move|p1a: Garganacl|Salt Cure|p2a: Gholdengo\n|-resisted|p2a: Gholdengo\n|-damage|p2a: Gholdengo|0 fnt\n|faint|p2a: Gholdengo\n|\n|-heal|p1a: Garganacl|58\/100|[from] item: Leftovers\n|upkeep\n|\n|t:|1700707586\n|switch|p2a: Zapdos|Zapdos|60\/100\n|turn|41\n|\n|t:|1700707589\n|move|p1a: Garganacl|Protect|p1a: Garganacl\n|-singleturn|p1a: Garganacl|Protect\n|move|p2a: Zapdos|Volt Switch|p1a: Garganacl\n|-activate|p1a: Garganacl|move: Protect\n|\n|-heal|p1a: Garganacl|65\/100|[from] item: Leftovers\n|upkeep\n|turn|42\n|\n|t:|1700707591\n|move|p2a: Zapdos|Volt Switch|p1a: Garganacl\n|-supereffective|p1a: Garganacl\n|-damage|p1a: Garganacl|25\/100\n|\n|t:|1700707596\n|switch|p2a: Dragapult|Dragapult, F, tera:Dragon|45\/100|[from] Volt Switch\n|move|p1a: Garganacl|Salt Cure|p2a: Dragapult\n|-damage|p2a: Dragapult|18\/100\n|-start|p2a: Dragapult|Salt Cure\n|\n|-heal|p1a: Garganacl|32\/100|[from] item: Leftovers\n|-damage|p2a: Dragapult|6\/100|[from] Salt Cure\n|upkeep\n|turn|43\n|\n|t:|1700707598\n|move|p1a: Garganacl|Protect|p1a: Garganacl\n|-singleturn|p1a: Garganacl|Protect\n|move|p2a: Dragapult|U-turn|p1a: Garganacl\n|-activate|p1a: Garganacl|move: Protect\n|\n|-heal|p1a: Garganacl|38\/100|[from] item: Leftovers\n|-damage|p2a: Dragapult|0 fnt|[from] Salt Cure\n|faint|p2a: Dragapult\n|upkeep\n|\n|t:|1700707600\n|switch|p2a: Zapdos|Zapdos|60\/100\n|turn|44\n|\n|t:|1700707605\n|switch|p1a: Meowscarada|Meowscarada, F|88\/100\n|-damage|p1a: Meowscarada|76\/100|[from] Stealth Rock\n|move|p2a: Zapdos|Volt Switch|p1a: Meowscarada\n|-resisted|p1a: Meowscarada\n|-damage|p1a: Meowscarada|55\/100\n|c|\u2606dogwearingdurag|Dude I hate this mon\n|c|\u2606pyr0joe|which one\n|\n|t:|1700707613\n|switch|p2a: Milotic|Milotic, F|90\/100|[from] Volt Switch\n|\n|-heal|p2a: Milotic|96\/100|[from] item: Leftovers\n|upkeep\n|turn|45\n|c|\u2606pyr0joe|garg?\n|\n|t:|1700707617\n|move|p1a: Meowscarada|Flower Trick|p2a: Milotic\n|-start|p1a: Meowscarada|typechange|Grass|[from] ability: Protean\n|-supereffective|p2a: Milotic\n|-crit|p2a: Milotic\n|-damage|p2a: Milotic|0 fnt\n|faint|p2a: Milotic\n|\n|upkeep\n|\n|t:|1700707619\n|switch|p2a: Zapdos|Zapdos|60\/100\n|turn|46\n|\n|t:|1700707623\n|switch|p1a: Dondozo|Dondozo, M|100\/100 slp\n|-damage|p1a: Dondozo|88\/100 slp|[from] Stealth Rock\n|move|p2a: Zapdos|Roost|p2a: Zapdos\n|-heal|p2a: Zapdos|100\/100\n|-singleturn|p2a: Zapdos|move: Roost\n|\n|upkeep\n|turn|47\n|\n|t:|1700707625\n|move|p2a: Zapdos|Volt Switch|p1a: Dondozo\n|-supereffective|p1a: Dondozo\n|-damage|p1a: Dondozo|28\/100 slp\n|cant|p1a: Dondozo|slp\n|move|p1a: Dondozo|Sleep Talk|p1a: Dondozo\n|move|p1a: Dondozo|Rest||[from]move: Sleep Talk|[still]\n|-fail|p1a: Dondozo\n|\n|upkeep\n|turn|48\n|\n|t:|1700707627\n|move|p2a: Zapdos|Volt Switch|p1a: Dondozo\n|-supereffective|p1a: Dondozo\n|-damage|p1a: Dondozo|0 fnt\n|faint|p1a: Dondozo\n|\n|upkeep\n|\n|t:|1700707630\n|switch|p1a: Meowscarada|Meowscarada, F|55\/100\n|-damage|p1a: Meowscarada|43\/100|[from] Stealth Rock\n|turn|49\n|\n|t:|1700707634\n|move|p1a: Meowscarada|Trick|p2a: Zapdos\n|-start|p1a: Meowscarada|typechange|Psychic|[from] ability: Protean\n|-activate|p1a: Meowscarada|move: Trick|[of] p2a: Zapdos\n|-item|p2a: Zapdos|Choice Scarf|[from] move: Trick\n|-enditem|p1a: Meowscarada|Choice Scarf|[silent]|[from] move: Trick\n|move|p2a: Zapdos|Roost||[still]\n|-fail|p2a: Zapdos|heal\n|\n|upkeep\n|turn|50\n|c|\u2606dogwearingdurag|Man\n|c|\u2606pyr0joe|my bad\n|\n|t:|1700707643\n|move|p2a: Zapdos|Roost||[still]\n|-fail|p2a: Zapdos|heal\n|move|p1a: Meowscarada|U-turn|p2a: Zapdos\n|-resisted|p2a: Zapdos\n|-damage|p2a: Zapdos|92\/100\n|\n|t:|1700707646\n|switch|p1a: Garganacl|Garganacl, M, tera:Water|38\/100|[from] U-turn\n|-damage|p1a: Garganacl|25\/100|[from] Stealth Rock\n|\n|-heal|p1a: Garganacl|32\/100|[from] item: Leftovers\n|upkeep\n|turn|51\n|-message|dogwearingdurag forfeited.\n|\n|win|pyr0joe\n|raw|pyr0joe's rating: 1469 &rarr; <strong>1490<\/strong><br \/>(+21 for winning)\n|raw|dogwearingdurag's rating: 1482 &rarr; <strong>1461<\/strong><br \/>(-21 for losing)\n|l|\u2606dogwearingdurag\n|c|\u2606pyr0joe|gg\n","uploadtime":1700707653,"views":3,"p1id":"pyr0joe","p2id":"dogwearingdurag","formatid":"gen9ou","rating":1461,"private":0,"password":""}