{"id":"gen9ou-1995049081","p1":"Beach Babe Yuki","p2":"fregene97","format":"[Gen 9] OU","log":"|j|\u2606Beach Babe Yuki\n|j|\u2606fregene97\n|t:|1700517061\n|gametype|singles\n|player|p1|Beach Babe Yuki|swimmerf-gen4|1072\n|player|p2|fregene97|harlequin|1054\n|teamsize|p1|6\n|teamsize|p2|6\n|gen|9\n|tier|[Gen 9] OU\n|rated|\n|rule|Sleep Clause Mod: Limit one foe put to sleep\n|rule|Species Clause: Limit one of each Pok\u00e9mon\n|rule|OHKO Clause: OHKO moves are banned\n|rule|Evasion Items Clause: Evasion items are banned\n|rule|Evasion Moves Clause: Evasion moves are banned\n|rule|Endless Battle Clause: Forcing endless battles is banned\n|rule|HP Percentage Mod: HP is shown in percentages\n|clearpoke\n|poke|p1|Dondozo, F|\n|poke|p1|Gyarados, M|\n|poke|p1|Ogerpon-Wellspring, F|\n|poke|p1|Empoleon, F|\n|poke|p1|Pelipper, F|\n|poke|p1|Walking Wake|\n|poke|p2|Samurott-Hisui, F|\n|poke|p2|Great Tusk|\n|poke|p2|Kingambit, F|\n|poke|p2|Iron Moth|\n|poke|p2|Hoopa-Unbound|\n|poke|p2|Tornadus-Therian, M|\n|teampreview\n|\n|t:|1700517068\n|start\n|switch|p1a: Empoleon|Empoleon, F|100\/100\n|switch|p2a: Walter Tevis|Kingambit, F, shiny|100\/100\n|turn|1\n|\n|t:|1700517084\n|-terastallize|p2a: Walter Tevis|Electric\n|move|p2a: Walter Tevis|Tera Blast|p1a: Empoleon|[anim] Tera Blast Electric\n|-supereffective|p1a: Empoleon\n|-damage|p1a: Empoleon|0 fnt\n|faint|p1a: Empoleon\n|\n|upkeep\n|\n|t:|1700517090\n|switch|p1a: Gyarados|Gyarados, M|100\/100\n|turn|2\n|\n|t:|1700517105\n|-terastallize|p1a: Gyarados|Ground\n|move|p1a: Gyarados|Dragon Dance|p1a: Gyarados\n|-boost|p1a: Gyarados|atk|1\n|-boost|p1a: Gyarados|spe|1\n|move|p2a: Walter Tevis|Tera Blast|p1a: Gyarados|[anim] Tera Blast Electric\n|-immune|p1a: Gyarados\n|\n|upkeep\n|turn|3\n|\n|t:|1700517113\n|move|p1a: Gyarados|Earthquake|p2a: Walter Tevis\n|-supereffective|p2a: Walter Tevis\n|-damage|p2a: Walter Tevis|0 fnt\n|faint|p2a: Walter Tevis\n|-end|p2a: Walter Tevis|fallenundefined|[silent]\n|-ability|p1a: Gyarados|Moxie|boost\n|-boost|p1a: Gyarados|atk|1\n|\n|upkeep\n|\n|t:|1700517138\n|switch|p2a: Sekiro|Samurott-Hisui, F, shiny|100\/100\n|turn|4\n|\n|t:|1700517145\n|move|p1a: Gyarados|Earthquake|p2a: Sekiro\n|-damage|p2a: Sekiro|6\/100\n|move|p2a: Sekiro|Hydro Pump|p1a: Gyarados|[miss]\n|-miss|p2a: Sekiro|p1a: Gyarados\n|\n|upkeep\n|turn|5\n|\n|t:|1700517160\n|move|p2a: Sekiro|Aqua Jet|p1a: Gyarados\n|-supereffective|p1a: Gyarados\n|-damage|p1a: Gyarados|55\/100\n|-enditem|p1a: Gyarados|Red Card|[of] p2a: Sekiro\n|drag|p2a: Vantablack|Iron Moth, shiny|100\/100\n|move|p1a: Gyarados|Crunch|p2a: Vantablack\n|-damage|p2a: Vantablack|21\/100\n|\n|upkeep\n|turn|6\n|\n|t:|1700517165\n|move|p1a: Gyarados|Crunch|p2a: Vantablack\n|-damage|p2a: Vantablack|0 fnt\n|faint|p2a: Vantablack\n|-end|p2a: Vantablack|Quark Drive|[silent]\n|-ability|p1a: Gyarados|Moxie|boost\n|-boost|p1a: Gyarados|atk|1\n|\n|upkeep\n|\n|t:|1700517170\n|switch|p2a: Nezha|Hoopa-Unbound|100\/100\n|turn|7\n|\n|t:|1700517198\n|move|p1a: Gyarados|Earthquake|p2a: Nezha\n|-damage|p2a: Nezha|0 fnt\n|faint|p2a: Nezha\n|-ability|p1a: Gyarados|Moxie|boost\n|-boost|p1a: Gyarados|atk|1\n|\n|upkeep\n|\n|t:|1700517202\n|switch|p2a: Dumbo|Great Tusk, shiny|100\/100\n|turn|8\n|\n|t:|1700517211\n|move|p1a: Gyarados|Waterfall|p2a: Dumbo\n|-supereffective|p2a: Dumbo\n|-damage|p2a: Dumbo|0 fnt\n|faint|p2a: Dumbo\n|-end|p2a: Dumbo|Protosynthesis|[silent]\n|-ability|p1a: Gyarados|Moxie|boost\n|-boost|p1a: Gyarados|atk|1\n|\n|upkeep\n|\n|t:|1700517215\n|switch|p2a: Birb|Tornadus-Therian, M, shiny|100\/100\n|turn|9\n|\n|t:|1700517218\n|move|p1a: Gyarados|Waterfall|p2a: Birb\n|-damage|p2a: Birb|0 fnt\n|faint|p2a: Birb\n|-ability|p1a: Gyarados|Moxie|boost\n|-boost|p1a: Gyarados|atk|1\n|\n|upkeep\n|\n|t:|1700517220\n|switch|p2a: Sekiro|Samurott-Hisui, F, shiny|6\/100\n|turn|10\n|\n|t:|1700517224\n|move|p2a: Sekiro|Aqua Jet|p1a: Gyarados\n|-supereffective|p1a: Gyarados\n|-damage|p1a: Gyarados|10\/100\n|move|p1a: Gyarados|Earthquake|p2a: Sekiro\n|-damage|p2a: Sekiro|0 fnt\n|faint|p2a: Sekiro\n|\n|win|Beach Babe Yuki\n|raw|Beach Babe Yuki's rating: 1072 &rarr; <strong>1100<\/strong><br \/>(+28 for winning)\n|raw|fregene97's rating: 1054 &rarr; <strong>1037<\/strong><br \/>(-17 for losing)\n","uploadtime":1700517230,"views":5,"p1id":"beachbabeyuki","p2id":"fregene97","formatid":"gen9ou","rating":1037,"private":0,"password":""}