{"id":"gen9ou-1990574368","p1":"OUVT TOSHI","p2":"A GuardeiVoar","format":"[Gen 9] OU","log":"|j|\u2606OUVT TOSHI\n|j|\u2606A GuardeiVoar\n|t:|1699982628\n|gametype|singles\n|player|p1|OUVT TOSHI|palmer|1751\n|player|p2|A GuardeiVoar|marnie-masters3|1681\n|teamsize|p1|6\n|teamsize|p2|6\n|gen|9\n|tier|[Gen 9] OU\n|rated|\n|rule|Sleep Clause Mod: Limit one foe put to sleep\n|rule|Species Clause: Limit one of each Pok\u00e9mon\n|rule|OHKO Clause: OHKO moves are banned\n|rule|Evasion Items Clause: Evasion items are banned\n|rule|Evasion Moves Clause: Evasion moves are banned\n|rule|Endless Battle Clause: Forcing endless battles is banned\n|rule|HP Percentage Mod: HP is shown in percentages\n|clearpoke\n|poke|p1|Ogerpon-Wellspring, F|\n|poke|p1|Zamazenta-*|\n|poke|p1|Ting-Lu|\n|poke|p1|Iron Moth|\n|poke|p1|Zapdos|\n|poke|p1|Ursaluna, F|\n|poke|p2|Manaphy|\n|poke|p2|Kingambit, M|\n|poke|p2|Ribombee, M|\n|poke|p2|Gholdengo|\n|poke|p2|Iron Moth|\n|poke|p2|Ogerpon-Wellspring, F|\n|teampreview\n|j| Julio Potencia\n|\n|t:|1699982644\n|start\n|switch|p1a: Iron Moth|Iron Moth|100\/100\n|switch|p2a: wildfiree|Ribombee, M, shiny|100\/100\n|-enditem|p1a: Iron Moth|Booster Energy\n|-activate|p1a: Iron Moth|ability: Quark Drive|[fromitem]\n|-start|p1a: Iron Moth|quarkdrivespe\n|turn|1\n|\n|t:|1699982651\n|switch|p2a: scarlet|Iron Moth|100\/100\n|-enditem|p2a: scarlet|Booster Energy\n|-activate|p2a: scarlet|ability: Quark Drive|[fromitem]\n|-start|p2a: scarlet|quarkdrivespe\n|move|p1a: Iron Moth|Fiery Dance|p2a: scarlet\n|-resisted|p2a: scarlet\n|-damage|p2a: scarlet|80\/100\n|\n|upkeep\n|turn|2\n|j| ewew3r\n|\n|t:|1699982660\n|move|p2a: scarlet|Psychic|p1a: Iron Moth\n|-supereffective|p1a: Iron Moth\n|-damage|p1a: Iron Moth|38\/100\n|move|p1a: Iron Moth|Psychic|p2a: scarlet\n|-supereffective|p2a: scarlet\n|-damage|p2a: scarlet|14\/100\n|\n|upkeep\n|turn|3\n|\n|t:|1699982667\n|move|p1a: Iron Moth|Fiery Dance|p2a: scarlet\n|-resisted|p2a: scarlet\n|-damage|p2a: scarlet|0 fnt\n|faint|p2a: scarlet\n|-end|p2a: scarlet|Quark Drive|[silent]\n|\n|upkeep\n|\n|t:|1699982676\n|switch|p2a: HPDARKEAGLE|Manaphy|100\/100\n|turn|4\n|\n|t:|1699982683\n|-end|p1a: Iron Moth|Quark Drive|[silent]\n|switch|p1a: Ogerpon|Ogerpon-Wellspring, F|100\/100\n|move|p2a: HPDARKEAGLE|Scald|p1a: Ogerpon\n|-immune|p1a: Ogerpon|[from] ability: Water Absorb\n|\n|upkeep\n|turn|5\n|\n|t:|1699982685\n|switch|p2a: wildfiree|Ribombee, M, shiny|100\/100\n|move|p1a: Ogerpon|Swords Dance|p1a: Ogerpon\n|-boost|p1a: Ogerpon|atk|2\n|\n|upkeep\n|turn|6\n|\n|t:|1699982694\n|move|p2a: wildfiree|Sticky Web|p1a: Ogerpon\n|-sidestart|p1: OUVT TOSHI|move: Sticky Web\n|move|p1a: Ogerpon|U-turn|p2a: wildfiree\n|-resisted|p2a: wildfiree\n|-damage|p2a: wildfiree|49\/100\n|\n|t:|1699982700\n|switch|p1a: Ursaluna|Ursaluna, F|100\/100|[from] U-turn\n|-activate|p1a: Ursaluna|move: Sticky Web\n|-unboost|p1a: Ursaluna|spe|1\n|\n|-status|p1a: Ursaluna|brn|[from] item: Flame Orb\n|upkeep\n|turn|7\n|\n|t:|1699982722\n|move|p2a: wildfiree|Moonblast|p1a: Ursaluna\n|-damage|p1a: Ursaluna|60\/100 brn\n|-unboost|p1a: Ursaluna|spa|1\n|move|p1a: Ursaluna|Fire Punch|p2a: wildfiree\n|-supereffective|p2a: wildfiree\n|-damage|p2a: wildfiree|0 fnt\n|faint|p2a: wildfiree\n|\n|-damage|p1a: Ursaluna|54\/100 brn|[from] brn\n|upkeep\n|\n|t:|1699982726\n|switch|p2a: faya|Ogerpon-Wellspring, F|100\/100\n|turn|8\n|\n|t:|1699982733\n|move|p2a: faya|Ivy Cudgel|p1a: Ursaluna|[anim] Ivy Cudgel Water\n|-supereffective|p1a: Ursaluna\n|-damage|p1a: Ursaluna|0 fnt\n|faint|p1a: Ursaluna\n|\n|upkeep\n|\n|t:|1699982742\n|switch|p1a: Ogerpon|Ogerpon-Wellspring, F|100\/100\n|-activate|p1a: Ogerpon|move: Sticky Web\n|-unboost|p1a: Ogerpon|spe|1\n|turn|9\n|\n|t:|1699982761\n|move|p2a: faya|Swords Dance|p2a: faya\n|-boost|p2a: faya|atk|2\n|move|p1a: Ogerpon|U-turn|p2a: faya\n|-supereffective|p2a: faya\n|-damage|p2a: faya|33\/100\n|\n|t:|1699982766\n|switch|p1a: Zamazenta|Zamazenta|100\/100|[from] U-turn\n|-ability|p1a: Zamazenta|Dauntless Shield|boost\n|-boost|p1a: Zamazenta|def|1\n|\n|upkeep\n|turn|10\n|\n|t:|1699982772\n|move|p1a: Zamazenta|Close Combat|p2a: faya\n|-damage|p2a: faya|0 fnt\n|-unboost|p1a: Zamazenta|def|1\n|-unboost|p1a: Zamazenta|spd|1\n|faint|p2a: faya\n|\n|upkeep\n|\n|t:|1699982774\n|switch|p2a: wessin|Gholdengo|100\/100\n|-item|p2a: wessin|Air Balloon\n|turn|11\n|\n|t:|1699982781\n|switch|p1a: Ting-Lu|Ting-Lu|100\/100\n|-activate|p1a: Ting-Lu|move: Sticky Web\n|-unboost|p1a: Ting-Lu|spe|1\n|-ability|p1a: Ting-Lu|Vessel of Ruin\n|move|p2a: wessin|Nasty Plot|p2a: wessin\n|-boost|p2a: wessin|spa|2\n|\n|upkeep\n|turn|12\n|\n|t:|1699982784\n|move|p2a: wessin|Make It Rain|p1a: Ting-Lu\n|-damage|p1a: Ting-Lu|48\/100\n|-unboost|p2a: wessin|spa|1\n|move|p1a: Ting-Lu|Ruination|p2a: wessin\n|-damage|p2a: wessin|50\/100\n|-enditem|p2a: wessin|Air Balloon\n|\n|-heal|p1a: Ting-Lu|54\/100|[from] item: Leftovers\n|upkeep\n|turn|13\n|\n|t:|1699982795\n|move|p2a: wessin|Make It Rain|p1a: Ting-Lu\n|-damage|p1a: Ting-Lu|11\/100\n|-unboost|p2a: wessin|spa|1\n|move|p1a: Ting-Lu|Earthquake|p2a: wessin\n|-supereffective|p2a: wessin\n|-damage|p2a: wessin|0 fnt\n|faint|p2a: wessin\n|\n|-heal|p1a: Ting-Lu|18\/100|[from] item: Leftovers\n|upkeep\n|\n|t:|1699982809\n|switch|p2a: awyp|Kingambit, M|100\/100\n|-activate|p2a: awyp|ability: Supreme Overlord\n|-start|p2a: awyp|fallen4|[silent]\n|turn|14\n|\n|t:|1699982812\n|move|p2a: awyp|Low Kick|p1a: Ting-Lu\n|-supereffective|p1a: Ting-Lu\n|-damage|p1a: Ting-Lu|0 fnt\n|faint|p1a: Ting-Lu\n|\n|upkeep\n|\n|t:|1699982826\n|switch|p1a: Zamazenta|Zamazenta|100\/100\n|turn|15\n|\n|t:|1699982835\n|-terastallize|p2a: awyp|Flying\n|move|p1a: Zamazenta|Close Combat|p2a: awyp\n|-resisted|p2a: awyp\n|-damage|p2a: awyp|75\/100\n|-unboost|p1a: Zamazenta|def|1\n|-unboost|p1a: Zamazenta|spd|1\n|move|p2a: awyp|Swords Dance|p2a: awyp\n|-boost|p2a: awyp|atk|2\n|\n|upkeep\n|turn|16\n|\n|t:|1699982843\n|-terastallize|p1a: Zamazenta|Ice\n|move|p1a: Zamazenta|Tera Blast|p2a: awyp|[anim] Tera Blast Ice\n|-supereffective|p2a: awyp\n|-damage|p2a: awyp|7\/100\n|move|p2a: awyp|Low Kick|p1a: Zamazenta\n|-supereffective|p1a: Zamazenta\n|-damage|p1a: Zamazenta|0 fnt\n|faint|p1a: Zamazenta\n|\n|upkeep\n|\n|t:|1699982850\n|switch|p1a: Zapdos|Zapdos|100\/100\n|turn|17\n|\n|t:|1699982864\n|move|p2a: awyp|Sucker Punch|p1a: Zapdos\n|-damage|p1a: Zapdos|0 fnt\n|-status|p2a: awyp|par|[from] ability: Static|[of] p1a: Zapdos\n|faint|p1a: Zapdos\n|\n|upkeep\n|\n|t:|1699982872\n|switch|p1a: Iron Moth|Iron Moth|38\/100\n|-activate|p1a: Iron Moth|move: Sticky Web\n|-unboost|p1a: Iron Moth|spe|1\n|turn|18\n|\n|t:|1699982877\n|move|p1a: Iron Moth|Fiery Dance|p2a: awyp\n|-damage|p2a: awyp|0 fnt\n|faint|p2a: awyp\n|-end|p2a: awyp|fallen4|[silent]\n|\n|upkeep\n|\n|t:|1699982878\n|switch|p2a: HPDARKEAGLE|Manaphy|100\/100\n|turn|19\n|\n|t:|1699982883\n|-end|p1a: Iron Moth|Quark Drive|[silent]\n|switch|p1a: Ogerpon|Ogerpon-Wellspring, F|100\/100\n|-activate|p1a: Ogerpon|move: Sticky Web\n|-unboost|p1a: Ogerpon|spe|1\n|move|p2a: HPDARKEAGLE|Acid Armor|p2a: HPDARKEAGLE\n|-boost|p2a: HPDARKEAGLE|def|2\n|\n|upkeep\n|turn|20\n|\n|t:|1699982888\n|move|p2a: HPDARKEAGLE|Acid Armor|p2a: HPDARKEAGLE\n|-boost|p2a: HPDARKEAGLE|def|2\n|move|p1a: Ogerpon|Swords Dance|p1a: Ogerpon\n|-boost|p1a: Ogerpon|atk|2\n|\n|upkeep\n|turn|21\n|\n|t:|1699982894\n|move|p2a: HPDARKEAGLE|Stored Power|p1a: Ogerpon\n|-damage|p1a: Ogerpon|64\/100\n|move|p1a: Ogerpon|Ivy Cudgel|p2a: HPDARKEAGLE|[anim] Ivy Cudgel Water\n|-resisted|p2a: HPDARKEAGLE\n|-damage|p2a: HPDARKEAGLE|83\/100\n|\n|-heal|p2a: HPDARKEAGLE|89\/100|[from] item: Leftovers\n|upkeep\n|turn|22\n|\n|t:|1699982899\n|move|p2a: HPDARKEAGLE|Stored Power|p1a: Ogerpon\n|-damage|p1a: Ogerpon|24\/100\n|move|p1a: Ogerpon|Horn Leech|p2a: HPDARKEAGLE\n|-supereffective|p2a: HPDARKEAGLE\n|-damage|p2a: HPDARKEAGLE|32\/100\n|-heal|p1a: Ogerpon|58\/100|[from] drain|[of] p2a: HPDARKEAGLE\n|\n|-heal|p2a: HPDARKEAGLE|39\/100|[from] item: Leftovers\n|upkeep\n|turn|23\n|\n|t:|1699982909\n|move|p2a: HPDARKEAGLE|Stored Power|p1a: Ogerpon\n|-damage|p1a: Ogerpon|20\/100\n|move|p1a: Ogerpon|Horn Leech|p2a: HPDARKEAGLE\n|-supereffective|p2a: HPDARKEAGLE\n|-damage|p2a: HPDARKEAGLE|0 fnt\n|-heal|p1a: Ogerpon|43\/100|[from] drain|[of] p2a: HPDARKEAGLE\n|faint|p2a: HPDARKEAGLE\n|\n|win|OUVT TOSHI\n|raw|OUVT TOSHI's rating: 1751 &rarr; <strong>1767<\/strong><br \/>(+16 for winning)\n|raw|A GuardeiVoar's rating: 1681 &rarr; <strong>1665<\/strong><br \/>(-16 for losing)\n|l|\u2606A GuardeiVoar\n|l| Julio Potencia\n|c|\u2606OUVT TOSHI|gg\n","uploadtime":1699982925,"views":6,"p1id":"ouvttoshi","p2id":"aguardeivoar","formatid":"gen9ou","rating":1665,"private":0,"password":""}