{"id":"gen9ou-2000444553","p1":"alkazoth","p2":"RedWave2024","format":"[Gen 9] OU","log":"|j|\u2606alkazoth\n|j|\u2606RedWave2024\n|t:|1701195361\n|gametype|singles\n|player|p1|alkazoth|ballguy|1525\n|player|p2|RedWave2024|fairytalegirl|1414\n|teamsize|p1|6\n|teamsize|p2|6\n|gen|9\n|tier|[Gen 9] OU\n|rated|\n|rule|Sleep Clause Mod: Limit one foe put to sleep\n|rule|Species Clause: Limit one of each Pok\u00e9mon\n|rule|OHKO Clause: OHKO moves are banned\n|rule|Evasion Items Clause: Evasion items are banned\n|rule|Evasion Moves Clause: Evasion moves are banned\n|rule|Endless Battle Clause: Forcing endless battles is banned\n|rule|HP Percentage Mod: HP is shown in percentages\n|clearpoke\n|poke|p1|Great Tusk|\n|poke|p1|Bellibolt, F|\n|poke|p1|Milotic, F|\n|poke|p1|Heatran, M|\n|poke|p1|Sinistcha-Masterpiece|\n|poke|p1|Dragapult, F|\n|poke|p2|Polteageist-Antique|\n|poke|p2|Gardevoir, M|\n|poke|p2|Salamence, M|\n|poke|p2|Corviknight, M|\n|poke|p2|Regidrago|\n|poke|p2|Alomomola, M|\n|teampreview\n|c|\u2606RedWave2024|When I see someone with that avatar I think I stumbled upon the final boss\n|inactive|Battle timer is ON: inactive players will automatically lose when time's up. (requested by alkazoth)\n|c|\u2606alkazoth|because you have\n|\n|t:|1701195401\n|start\n|switch|p1a: Bellibolt|Bellibolt, F|100\/100\n|switch|p2a: Alomomola|Alomomola, M|100\/100\n|turn|1\n|c|\u2606alkazoth|the strongest trainer in the game, ball guy\n|\n|t:|1701195414\n|move|p1a: Bellibolt|Toxic|p2a: Alomomola\n|-status|p2a: Alomomola|tox\n|move|p2a: Alomomola|Mirror Coat||[still]\n|-fail|p2a: Alomomola\n|\n|-damage|p2a: Alomomola|94\/100 tox|[from] psn\n|upkeep\n|turn|2\n|inactive|alkazoth has 120 seconds left.\n|\n|t:|1701195446\n|switch|p1a: Milotic|Milotic, F|100\/100\n|move|p2a: Alomomola|Wish|p2a: Alomomola\n|\n|-damage|p2a: Alomomola|82\/100 tox|[from] psn\n|upkeep\n|turn|3\n|\n|t:|1701195454\n|switch|p2a: Gardevoir|Gardevoir, M|100\/100\n|-ability|p2a: Gardevoir|Marvel Scale|[from] ability: Trace|[of] p1a: Milotic\n|move|p1a: Milotic|Scald|p2a: Gardevoir\n|-damage|p2a: Gardevoir|75\/100\n|\n|-heal|p2a: Gardevoir|100\/100|[from] move: Wish|[wisher] Alomomola\n|upkeep\n|turn|4\n|\n|t:|1701195462\n|move|p1a: Milotic|Scald|p2a: Gardevoir\n|-damage|p2a: Gardevoir|78\/100\n|move|p2a: Gardevoir|Future Sight|p1a: Milotic\n|-start|p2a: Gardevoir|move: Future Sight\n|\n|upkeep\n|turn|5\n|\n|t:|1701195467\n|switch|p1a: Heatran|Heatran, M|100\/100\n|move|p2a: Gardevoir|Wish|p2a: Gardevoir\n|\n|upkeep\n|turn|6\n|\n|t:|1701195474\n|switch|p2a: Regidrago|Regidrago|100\/100\n|move|p1a: Heatran|Stealth Rock|p2a: Regidrago\n|-sidestart|p2: RedWave2024|move: Stealth Rock\n|\n|-end|p1a: Heatran|move: Future Sight\n|-resisted|p1a: Heatran\n|-damage|p1a: Heatran|85\/100\n|-heal|p1a: Heatran|91\/100|[from] item: Leftovers\n|upkeep\n|turn|7\n|\n|t:|1701195487\n|switch|p1a: Sinistcha|Sinistcha-Masterpiece|100\/100\n|move|p2a: Regidrago|Focus Energy|p2a: Regidrago\n|-start|p2a: Regidrago|move: Focus Energy\n|\n|upkeep\n|turn|8\n|\n|t:|1701195497\n|move|p2a: Regidrago|Draco Meteor|p1a: Sinistcha\n|-crit|p1a: Sinistcha\n|-damage|p1a: Sinistcha|0 fnt\n|-unboost|p2a: Regidrago|spa|2\n|faint|p1a: Sinistcha\n|\n|upkeep\n|\n|t:|1701195504\n|switch|p1a: Dragapult|Dragapult, F|100\/100\n|turn|9\n|\n|t:|1701195515\n|-terastallize|p1a: Dragapult|Fairy\n|-terastallize|p2a: Regidrago|Poison\n|move|p1a: Dragapult|Dragon Darts|p2a: Regidrago\n|-damage|p2a: Regidrago|78\/100\n|-anim|p1a: Dragapult|Dragon Darts|p2a: Regidrago\n|-damage|p2a: Regidrago|54\/100\n|move|p2a: Regidrago|Draco Meteor|p1a: Dragapult\n|-immune|p1a: Dragapult\n|\n|upkeep\n|turn|10\n|\n|t:|1701195525\n|move|p1a: Dragapult|Will-O-Wisp|p2a: Regidrago\n|-status|p2a: Regidrago|brn\n|move|p2a: Regidrago|Tera Blast|p1a: Dragapult|[anim] Tera Blast Poison\n|-supereffective|p1a: Dragapult\n|-crit|p1a: Dragapult\n|-damage|p1a: Dragapult|57\/100\n|\n|-damage|p2a: Regidrago|48\/100 brn|[from] brn\n|upkeep\n|turn|11\n|\n|t:|1701195528\n|move|p1a: Dragapult|Hex|p2a: Regidrago\n|-damage|p2a: Regidrago|0 fnt\n|faint|p2a: Regidrago\n|\n|upkeep\n|\n|t:|1701195536\n|switch|p2a: Gardevoir|Gardevoir, M|78\/100\n|-damage|p2a: Gardevoir|66\/100|[from] Stealth Rock\n|-ability|p2a: Gardevoir|Infiltrator|[from] ability: Trace|[of] p1a: Dragapult\n|turn|12\n|\n|t:|1701195542\n|move|p1a: Dragapult|U-turn|p2a: Gardevoir\n|-damage|p2a: Gardevoir|47\/100\n|-enditem|p2a: Gardevoir|Kee Berry|[eat]\n|-boost|p2a: Gardevoir|def|1|[from] item: Kee Berry\n|\n|t:|1701195548\n|switch|p1a: Heatran|Heatran, M|91\/100|[from] U-turn\n|move|p2a: Gardevoir|Future Sight|p1a: Heatran\n|-start|p2a: Gardevoir|move: Future Sight\n|\n|-heal|p1a: Heatran|97\/100|[from] item: Leftovers\n|upkeep\n|turn|13\n|\n|t:|1701195554\n|switch|p2a: Alomomola|Alomomola, M|100\/100 tox\n|-damage|p2a: Alomomola|88\/100 tox|[from] Stealth Rock\n|move|p1a: Heatran|Magma Storm|p2a: Alomomola\n|-resisted|p2a: Alomomola\n|-damage|p2a: Alomomola|73\/100 tox\n|-activate|p2a: Alomomola|move: Magma Storm|[of] p1a: Heatran\n|\n|-heal|p1a: Heatran|100\/100|[from] item: Leftovers\n|-damage|p2a: Alomomola|67\/100 tox|[from] psn\n|-damage|p2a: Alomomola|54\/100 tox|[from] move: Magma Storm|[partiallytrapped]\n|upkeep\n|turn|14\n|\n|t:|1701195564\n|move|p1a: Heatran|Taunt|p2a: Alomomola\n|-start|p2a: Alomomola|move: Taunt\n|move|p2a: Alomomola|Whirlpool|p1a: Heatran\n|-supereffective|p1a: Heatran\n|-damage|p1a: Heatran|92\/100\n|-activate|p1a: Heatran|move: Whirlpool|[of] p2a: Alomomola\n|\n|-end|p1a: Heatran|move: Future Sight\n|-resisted|p1a: Heatran\n|-damage|p1a: Heatran|77\/100\n|-heal|p1a: Heatran|83\/100|[from] item: Leftovers\n|-damage|p2a: Alomomola|42\/100 tox|[from] psn\n|-damage|p1a: Heatran|66\/100|[from] move: Whirlpool|[partiallytrapped]\n|-damage|p2a: Alomomola|30\/100 tox|[from] move: Magma Storm|[partiallytrapped]\n|upkeep\n|turn|15\n|\n|t:|1701195573\n|move|p1a: Heatran|Earth Power|p2a: Alomomola\n|-damage|p2a: Alomomola|11\/100 tox\n|move|p2a: Alomomola|Bounce||[still]\n|-prepare|p2a: Alomomola|Bounce\n|\n|-heal|p1a: Heatran|72\/100|[from] item: Leftovers\n|-damage|p2a: Alomomola|0 fnt|[from] psn\n|faint|p2a: Alomomola\n|-end|p1a: Heatran|Whirlpool|[partiallytrapped]|[silent]\n|upkeep\n|\n|t:|1701195577\n|switch|p2a: Polteageist|Polteageist-Antique, shiny|100\/100\n|-damage|p2a: Polteageist|88\/100|[from] Stealth Rock\n|turn|16\n|\n|t:|1701195584\n|move|p1a: Heatran|Magma Storm|p2a: Polteageist\n|-damage|p2a: Polteageist|45\/100\n|-activate|p2a: Polteageist|move: Magma Storm|[of] p1a: Heatran\n|move|p2a: Polteageist|Shell Smash|p2a: Polteageist\n|-unboost|p2a: Polteageist|def|1\n|-unboost|p2a: Polteageist|spd|1\n|-boost|p2a: Polteageist|atk|2\n|-boost|p2a: Polteageist|spa|2\n|-boost|p2a: Polteageist|spe|2\n|-enditem|p2a: Polteageist|White Herb\n|-clearnegativeboost|p2a: Polteageist|[silent]\n|\n|-heal|p1a: Heatran|79\/100|[from] item: Leftovers\n|-damage|p2a: Polteageist|33\/100|[from] move: Magma Storm|[partiallytrapped]\n|upkeep\n|turn|17\n|\n|t:|1701195597\n|move|p2a: Polteageist|Strength Sap|p1a: Heatran\n|-unboost|p1a: Heatran|atk|1\n|-heal|p2a: Polteageist|87\/100\n|move|p1a: Heatran|Earth Power|p2a: Polteageist\n|-damage|p2a: Polteageist|59\/100\n|-start|p1a: Heatran|Disable|Earth Power|[from] ability: Cursed Body|[of] p2a: Polteageist\n|\n|-heal|p1a: Heatran|85\/100|[from] item: Leftovers\n|-damage|p2a: Polteageist|47\/100|[from] move: Magma Storm|[partiallytrapped]\n|upkeep\n|turn|18\n|\n|t:|1701195607\n|move|p2a: Polteageist|Shadow Ball|p1a: Heatran\n|-damage|p1a: Heatran|36\/100\n|-unboost|p1a: Heatran|spd|1\n|move|p1a: Heatran|Magma Storm|p2a: Polteageist\n|-damage|p2a: Polteageist|8\/100\n|\n|-heal|p1a: Heatran|42\/100|[from] item: Leftovers\n|-damage|p2a: Polteageist|0 fnt|[from] move: Magma Storm|[partiallytrapped]\n|faint|p2a: Polteageist\n|upkeep\n|\n|t:|1701195613\n|switch|p2a: Salamence|Salamence, M|100\/100\n|-damage|p2a: Salamence|76\/100|[from] Stealth Rock\n|-ability|p2a: Salamence|Intimidate|boost\n|-unboost|p1a: Heatran|atk|1\n|turn|19\n|\n|t:|1701195619\n|switch|p1a: Bellibolt|Bellibolt, F|100\/100\n|move|p2a: Salamence|Focus Energy|p2a: Salamence\n|-start|p2a: Salamence|move: Focus Energy\n|\n|upkeep\n|turn|20\n|\n|t:|1701195622\n|move|p2a: Salamence|Draco Meteor|p1a: Bellibolt|[miss]\n|-miss|p2a: Salamence|p1a: Bellibolt\n|move|p1a: Bellibolt|Toxic|p2a: Salamence\n|-status|p2a: Salamence|tox\n|\n|-damage|p2a: Salamence|70\/100 tox|[from] psn\n|upkeep\n|turn|21\n|\n|t:|1701195624\n|move|p2a: Salamence|Draco Meteor|p1a: Bellibolt\n|-crit|p1a: Bellibolt\n|-damage|p1a: Bellibolt|14\/100\n|-unboost|p2a: Salamence|spa|2\n|-start|p1a: Bellibolt|Charge|Draco Meteor|[from] ability: Electromorphosis\n|move|p1a: Bellibolt|Parabolic Charge|p2a: Salamence\n|-damage|p2a: Salamence|20\/100 tox\n|-heal|p1a: Bellibolt|37\/100|[from] drain|[of] p2a: Salamence\n|-end|p1a: Bellibolt|Charge|[silent]\n|\n|-damage|p2a: Salamence|8\/100 tox|[from] psn\n|upkeep\n|turn|22\n|\n|t:|1701195635\n|switch|p1a: Milotic|Milotic, F|100\/100\n|move|p2a: Salamence|Hurricane|p1a: Milotic|[miss]\n|-miss|p2a: Salamence|p1a: Milotic\n|\n|-damage|p2a: Salamence|0 fnt|[from] psn\n|faint|p2a: Salamence\n|upkeep\n|c|\u2606RedWave2024|tragic\n|\n|t:|1701195643\n|switch|p2a: Corviknight|Corviknight, M, shiny|100\/100\n|-damage|p2a: Corviknight|88\/100|[from] Stealth Rock\n|turn|23\n|\n|t:|1701195645\n|switch|p1a: Bellibolt|Bellibolt, F|37\/100\n|move|p2a: Corviknight|Agility|p2a: Corviknight\n|-boost|p2a: Corviknight|spe|2\n|\n|upkeep\n|turn|24\n|\n|t:|1701195648\n|move|p2a: Corviknight|Bulk Up|p2a: Corviknight\n|-boost|p2a: Corviknight|atk|1\n|-boost|p2a: Corviknight|def|1\n|move|p1a: Bellibolt|Parabolic Charge|p2a: Corviknight\n|-supereffective|p2a: Corviknight\n|-damage|p2a: Corviknight|57\/100\n|-heal|p1a: Bellibolt|51\/100|[from] drain|[of] p2a: Corviknight\n|-enditem|p2a: Corviknight|Maranga Berry|[eat]\n|-boost|p2a: Corviknight|spd|1|[from] item: Maranga Berry\n|\n|upkeep\n|turn|25\n|\n|t:|1701195656\n|switch|p1a: Milotic|Milotic, F|100\/100\n|move|p2a: Corviknight|Roost|p2a: Corviknight\n|-heal|p2a: Corviknight|100\/100\n|-singleturn|p2a: Corviknight|move: Roost\n|\n|upkeep\n|turn|26\n|\n|t:|1701195659\n|move|p2a: Corviknight|Bulk Up|p2a: Corviknight\n|-boost|p2a: Corviknight|atk|1\n|-boost|p2a: Corviknight|def|1\n|move|p1a: Milotic|Haze|p1a: Milotic\n|-clearallboost\n|\n|upkeep\n|turn|27\n|\n|t:|1701195667\n|switch|p2a: Gardevoir|Gardevoir, M|47\/100\n|-damage|p2a: Gardevoir|35\/100|[from] Stealth Rock\n|-ability|p2a: Gardevoir|Marvel Scale|[from] ability: Trace|[of] p1a: Milotic\n|move|p1a: Milotic|Scald|p2a: Gardevoir\n|-damage|p2a: Gardevoir|12\/100\n|\n|upkeep\n|turn|28\n|c|\u2606RedWave2024|gg\n|-message|RedWave2024 forfeited.\n|\n|win|alkazoth\n|raw|alkazoth's rating: 1525 &rarr; <strong>1539<\/strong><br \/>(+14 for winning)\n|raw|RedWave2024's rating: 1414 &rarr; <strong>1400<\/strong><br \/>(-14 for losing)\n|c|\u2606alkazoth|gg\n|l|\u2606RedWave2024\n","uploadtime":1701195680,"views":6,"p1id":"alkazoth","p2id":"redwave2024","formatid":"gen9ou","rating":1400,"private":0,"password":""}