{"id":"gen9ou-1994431117","p1":"DoubleWarp","p2":"aimgaming","format":"[Gen 9] OU","log":"|j|\u2606DoubleWarp\n|j|\u2606aimgaming\n|t:|1700443153\n|gametype|singles\n|player|p1|DoubleWarp|169|1410\n|player|p2|aimgaming|gentleman-gen4|1379\n|teamsize|p1|6\n|teamsize|p2|6\n|gen|9\n|tier|[Gen 9] OU\n|rated|\n|rule|Sleep Clause Mod: Limit one foe put to sleep\n|rule|Species Clause: Limit one of each Pok\u00e9mon\n|rule|OHKO Clause: OHKO moves are banned\n|rule|Evasion Items Clause: Evasion items are banned\n|rule|Evasion Moves Clause: Evasion moves are banned\n|rule|Endless Battle Clause: Forcing endless battles is banned\n|rule|HP Percentage Mod: HP is shown in percentages\n|clearpoke\n|poke|p1|Torkoal, M|\n|poke|p1|Walking Wake|\n|poke|p1|Meowscarada, F|\n|poke|p1|Corviknight, M|\n|poke|p1|Clodsire, M|\n|poke|p1|Zamazenta-*|\n|poke|p2|Volcanion|\n|poke|p2|Thundurus-Therian, M|\n|poke|p2|Chesnaught, F|\n|poke|p2|Hatterene, F|\n|poke|p2|Dragapult, F|\n|poke|p2|Blissey, F|\n|teampreview\n|inactive|Battle timer is ON: inactive players will automatically lose when time's up. (requested by aimgaming)\n|c|\u2606aimgaming|glhf!\n|\n|t:|1700443171\n|start\n|switch|p1a: Torkoal|Torkoal, M|100\/100\n|switch|p2a: Volcanion|Volcanion|100\/100\n|-weather|SunnyDay|[from] ability: Drought|[of] p1a: Torkoal\n|turn|1\n|\n|t:|1700443180\n|switch|p1a: Clodsire|Clodsire, M|100\/100\n|move|p2a: Volcanion|Earth Power|p1a: Clodsire\n|-supereffective|p1a: Clodsire\n|-damage|p1a: Clodsire|65\/100\n|\n|-weather|SunnyDay|[upkeep]\n|-heal|p1a: Clodsire|71\/100|[from] item: Leftovers\n|upkeep\n|turn|2\n|\n|t:|1700443202\n|move|p2a: Volcanion|Flamethrower|p1a: Clodsire\n|-damage|p1a: Clodsire|32\/100\n|move|p1a: Clodsire|Toxic|p2a: Volcanion\n|-status|p2a: Volcanion|tox\n|\n|-weather|SunnyDay|[upkeep]\n|-heal|p1a: Clodsire|38\/100|[from] item: Leftovers\n|-damage|p2a: Volcanion|94\/100 tox|[from] psn\n|upkeep\n|turn|3\n|\n|t:|1700443208\n|move|p2a: Volcanion|Flamethrower|p1a: Clodsire\n|-damage|p1a: Clodsire|0 fnt\n|faint|p1a: Clodsire\n|\n|-weather|SunnyDay|[upkeep]\n|-damage|p2a: Volcanion|82\/100 tox|[from] psn\n|upkeep\n|\n|t:|1700443216\n|switch|p1a: Walking Wake|Walking Wake|100\/100\n|-activate|p1a: Walking Wake|ability: Protosynthesis\n|-start|p1a: Walking Wake|protosynthesisspa\n|turn|4\n|\n|t:|1700443237\n|switch|p2a: Blissey|Blissey, F|100\/100\n|move|p1a: Walking Wake|Flamethrower|p2a: Blissey\n|-damage|p2a: Blissey|65\/100\n|\n|-weather|SunnyDay|[upkeep]\n|upkeep\n|turn|5\n|\n|t:|1700443243\n|move|p1a: Walking Wake|Flamethrower|p2a: Blissey\n|-damage|p2a: Blissey|34\/100\n|move|p2a: Blissey|Trick|p1a: Walking Wake\n|-activate|p2a: Blissey|move: Trick|[of] p1a: Walking Wake\n|-item|p1a: Walking Wake|Lagging Tail|[from] move: Trick\n|-item|p2a: Blissey|Choice Specs|[from] move: Trick\n|\n|-weather|SunnyDay|[upkeep]\n|upkeep\n|turn|6\n|\n|t:|1700443251\n|-end|p1a: Walking Wake|Protosynthesis|[silent]\n|switch|p1a: Meowscarada|Meowscarada, F|100\/100\n|move|p2a: Blissey|Stealth Rock|p1a: Meowscarada\n|-sidestart|p1: DoubleWarp|move: Stealth Rock\n|\n|-weather|SunnyDay|[upkeep]\n|upkeep\n|turn|7\n|\n|t:|1700443262\n|switch|p2a: Chesnaught|Chesnaught, F|100\/100\n|move|p1a: Meowscarada|Knock Off|p2a: Chesnaught\n|-start|p1a: Meowscarada|typechange|Dark|[from] ability: Protean\n|-resisted|p2a: Chesnaught\n|-damage|p2a: Chesnaught|76\/100\n|-enditem|p2a: Chesnaught|Leftovers|[from] move: Knock Off|[of] p1a: Meowscarada\n|\n|-weather|SunnyDay|[upkeep]\n|upkeep\n|turn|8\n|\n|t:|1700443269\n|switch|p1a: Corviknight|Corviknight, M|100\/100\n|-damage|p1a: Corviknight|88\/100|[from] Stealth Rock\n|-ability|p1a: Corviknight|Pressure\n|move|p2a: Chesnaught|Bulk Up|p2a: Chesnaught\n|-boost|p2a: Chesnaught|atk|1\n|-boost|p2a: Chesnaught|def|1\n|\n|-weather|none\n|upkeep\n|turn|9\n|\n|t:|1700443274\n|move|p1a: Corviknight|Defog|p2a: Chesnaught\n|-unboost|p2a: Chesnaught|evasion|1\n|-sideend|p1: DoubleWarp|Stealth Rock|[from] move: Defog|[of] p1a: Corviknight\n|move|p2a: Chesnaught|Knock Off|p1a: Corviknight\n|-damage|p1a: Corviknight|60\/100\n|-damage|p2a: Chesnaught|59\/100|[from] item: Rocky Helmet|[of] p1a: Corviknight\n|-enditem|p1a: Corviknight|Rocky Helmet|[from] move: Knock Off|[of] p2a: Chesnaught\n|\n|upkeep\n|turn|10\n|\n|t:|1700443287\n|move|p1a: Corviknight|U-turn|p2a: Chesnaught\n|-damage|p2a: Chesnaught|52\/100\n|\n|t:|1700443289\n|switch|p1a: Torkoal|Torkoal, M|100\/100|[from] U-turn\n|-weather|SunnyDay|[from] ability: Drought|[of] p1a: Torkoal\n|move|p2a: Chesnaught|Drain Punch|p1a: Torkoal\n|-damage|p1a: Torkoal|70\/100\n|-heal|p2a: Chesnaught|66\/100|[from] drain|[of] p1a: Torkoal\n|\n|-weather|SunnyDay|[upkeep]\n|upkeep\n|turn|11\n|\n|t:|1700443297\n|move|p2a: Chesnaught|Knock Off|p1a: Torkoal\n|-crit|p1a: Torkoal\n|-damage|p1a: Torkoal|31\/100\n|-enditem|p1a: Torkoal|Heat Rock|[from] move: Knock Off|[of] p2a: Chesnaught\n|move|p1a: Torkoal|Yawn|p2a: Chesnaught\n|-start|p2a: Chesnaught|move: Yawn|[of] p1a: Torkoal\n|\n|-weather|SunnyDay|[upkeep]\n|upkeep\n|turn|12\n|\n|t:|1700443302\n|move|p2a: Chesnaught|Drain Punch|p1a: Torkoal\n|-damage|p1a: Torkoal|0 fnt\n|-heal|p2a: Chesnaught|80\/100|[from] drain|[of] p1a: Torkoal\n|faint|p1a: Torkoal\n|\n|-weather|SunnyDay|[upkeep]\n|-end|p2a: Chesnaught|move: Yawn|[silent]\n|-status|p2a: Chesnaught|slp\n|upkeep\n|\n|t:|1700443306\n|switch|p1a: Walking Wake|Walking Wake|100\/100\n|-activate|p1a: Walking Wake|ability: Protosynthesis\n|-start|p1a: Walking Wake|protosynthesisspa\n|turn|13\n|\n|t:|1700443323\n|cant|p2a: Chesnaught|slp\n|move|p1a: Walking Wake|Flamethrower|p2a: Chesnaught\n|-supereffective|p2a: Chesnaught\n|-damage|p2a: Chesnaught|0 fnt\n|faint|p2a: Chesnaught\n|\n|-weather|SunnyDay|[upkeep]\n|upkeep\n|\n|t:|1700443327\n|switch|p2a: Blissey|Blissey, F|34\/100\n|turn|14\n|\n|t:|1700443331\n|move|p2a: Blissey|Soft-Boiled|p2a: Blissey\n|-heal|p2a: Blissey|84\/100\n|move|p1a: Walking Wake|Flamethrower|p2a: Blissey\n|-damage|p2a: Blissey|63\/100\n|\n|-weather|SunnyDay|[upkeep]\n|upkeep\n|turn|15\n|\n|t:|1700443336\n|switch|p2a: Volcanion|Volcanion|82\/100 tox\n|move|p1a: Walking Wake|Flamethrower|p2a: Volcanion\n|-resisted|p2a: Volcanion\n|-damage|p2a: Volcanion|72\/100 tox\n|\n|-weather|SunnyDay|[upkeep]\n|-damage|p2a: Volcanion|66\/100 tox|[from] psn\n|upkeep\n|turn|16\n|\n|t:|1700443344\n|-end|p1a: Walking Wake|Protosynthesis|[silent]\n|switch|p1a: Meowscarada|Meowscarada, F|100\/100\n|move|p2a: Volcanion|Flamethrower|p1a: Meowscarada\n|-supereffective|p1a: Meowscarada\n|-damage|p1a: Meowscarada|0 fnt\n|faint|p1a: Meowscarada\n|\n|-weather|SunnyDay|[upkeep]\n|-damage|p2a: Volcanion|54\/100 tox|[from] psn\n|upkeep\n|\n|t:|1700443354\n|switch|p1a: Walking Wake|Walking Wake|100\/100\n|-activate|p1a: Walking Wake|ability: Protosynthesis\n|-start|p1a: Walking Wake|protosynthesisspa\n|turn|17\n|\n|t:|1700443375\n|move|p2a: Volcanion|Earth Power|p1a: Walking Wake\n|-damage|p1a: Walking Wake|61\/100\n|-unboost|p1a: Walking Wake|spd|1\n|move|p1a: Walking Wake|Dragon Pulse|p2a: Volcanion\n|-damage|p2a: Volcanion|18\/100 tox\n|\n|-weather|none\n|-end|p1a: Walking Wake|Protosynthesis\n|-damage|p2a: Volcanion|0 fnt|[from] psn\n|faint|p2a: Volcanion\n|upkeep\n|\n|t:|1700443378\n|switch|p2a: Dragapult|Dragapult, F|100\/100\n|turn|18\n|\n|t:|1700443387\n|-end|p1a: Walking Wake|Protosynthesis|[silent]\n|switch|p1a: Corviknight|Corviknight, M|60\/100\n|-ability|p1a: Corviknight|Pressure\n|move|p2a: Dragapult|U-turn|p1a: Corviknight\n|-resisted|p1a: Corviknight\n|-damage|p1a: Corviknight|54\/100\n|\n|t:|1700443391\n|switch|p2a: Thundurus|Thundurus-Therian, M|100\/100|[from] U-turn\n|\n|upkeep\n|turn|19\n|\n|t:|1700443395\n|switch|p1a: Walking Wake|Walking Wake|61\/100\n|move|p2a: Thundurus|U-turn|p1a: Walking Wake\n|-damage|p1a: Walking Wake|44\/100\n|\n|t:|1700443398\n|switch|p2a: Dragapult|Dragapult, F|100\/100|[from] U-turn\n|\n|upkeep\n|turn|20\n|\n|t:|1700443402\n|move|p2a: Dragapult|Dragon Darts|p1a: Walking Wake\n|-supereffective|p1a: Walking Wake\n|-damage|p1a: Walking Wake|0 fnt\n|faint|p1a: Walking Wake\n|-end|p1a: Walking Wake|Protosynthesis|[silent]\n|\n|upkeep\n|\n|t:|1700443404\n|switch|p1a: Zamazenta|Zamazenta|100\/100\n|-ability|p1a: Zamazenta|Dauntless Shield|boost\n|-boost|p1a: Zamazenta|def|1\n|turn|21\n|\n|t:|1700443411\n|switch|p2a: Hatterene|Hatterene, F|100\/100\n|move|p1a: Zamazenta|Iron Defense|p1a: Zamazenta\n|-boost|p1a: Zamazenta|def|2\n|\n|upkeep\n|turn|22\n|\n|t:|1700443419\n|-terastallize|p1a: Zamazenta|Steel\n|move|p1a: Zamazenta|Heavy Slam|p2a: Hatterene\n|-supereffective|p2a: Hatterene\n|-damage|p2a: Hatterene|0 fnt\n|-damage|p1a: Zamazenta|84\/100|[from] item: Rocky Helmet|[of] p2a: Hatterene\n|faint|p2a: Hatterene\n|\n|-heal|p1a: Zamazenta|90\/100|[from] item: Leftovers\n|upkeep\n|\n|t:|1700443431\n|switch|p2a: Thundurus|Thundurus-Therian, M|100\/100\n|turn|23\n|\n|t:|1700443442\n|-terastallize|p2a: Thundurus|Electric\n|move|p1a: Zamazenta|Crunch|p2a: Thundurus\n|-crit|p2a: Thundurus\n|-damage|p2a: Thundurus|52\/100\n|move|p2a: Thundurus|Thunderbolt|p1a: Zamazenta\n|-damage|p1a: Zamazenta|37\/100\n|\n|-heal|p1a: Zamazenta|43\/100|[from] item: Leftovers\n|upkeep\n|turn|24\n|\n|t:|1700443453\n|move|p1a: Zamazenta|Body Press|p2a: Thundurus\n|-damage|p2a: Thundurus|0 fnt\n|faint|p2a: Thundurus\n|\n|-heal|p1a: Zamazenta|49\/100|[from] item: Leftovers\n|upkeep\n|\n|t:|1700443458\n|switch|p2a: Dragapult|Dragapult, F|100\/100\n|turn|25\n|\n|t:|1700443462\n|move|p2a: Dragapult|Fire Blast|p1a: Zamazenta\n|-supereffective|p1a: Zamazenta\n|-damage|p1a: Zamazenta|12\/100\n|move|p1a: Zamazenta|Crunch|p2a: Dragapult\n|-supereffective|p2a: Dragapult\n|-damage|p2a: Dragapult|36\/100\n|-unboost|p2a: Dragapult|def|1\n|\n|-heal|p1a: Zamazenta|18\/100|[from] item: Leftovers\n|upkeep\n|turn|26\n|\n|t:|1700443469\n|move|p2a: Dragapult|Fire Blast|p1a: Zamazenta|[miss]\n|-miss|p2a: Dragapult|p1a: Zamazenta\n|move|p1a: Zamazenta|Crunch|p2a: Dragapult\n|-supereffective|p2a: Dragapult\n|-damage|p2a: Dragapult|0 fnt\n|faint|p2a: Dragapult\n|\n|-heal|p1a: Zamazenta|24\/100|[from] item: Leftovers\n|upkeep\n|c|\u2606aimgaming|gg\n|\n|t:|1700443474\n|switch|p2a: Blissey|Blissey, F|63\/100\n|turn|27\n|c|\u2606DoubleWarp|gg\n|c|\u2606DoubleWarp|wp\n|\n|t:|1700443479\n|move|p1a: Zamazenta|Body Press|p2a: Blissey\n|-supereffective|p2a: Blissey\n|-damage|p2a: Blissey|0 fnt\n|faint|p2a: Blissey\n|\n|win|DoubleWarp\n|raw|DoubleWarp's rating: 1410 &rarr; <strong>1428<\/strong><br \/>(+18 for winning)\n|raw|aimgaming's rating: 1379 &rarr; <strong>1361<\/strong><br \/>(-18 for losing)\n|c|\u2606aimgaming|wp indeed\n","uploadtime":1700443494,"views":9,"p1id":"doublewarp","p2id":"aimgaming","formatid":"gen9ou","rating":1361,"private":0,"password":""}