{"id":"gen9ou-2000110741","p1":"dingjiongtao","p2":"Dontgoobme","format":"[Gen 9] OU","log":"|j|\u2606dingjiongtao\n|j|\u2606Dontgoobme\n|t:|1701156755\n|gametype|singles\n|player|p1|dingjiongtao|169|1132\n|player|p2|Dontgoobme|266|1114\n|teamsize|p1|6\n|teamsize|p2|6\n|gen|9\n|tier|[Gen 9] OU\n|rated|\n|rule|Sleep Clause Mod: Limit one foe put to sleep\n|rule|Species Clause: Limit one of each Pok\u00e9mon\n|rule|OHKO Clause: OHKO moves are banned\n|rule|Evasion Items Clause: Evasion items are banned\n|rule|Evasion Moves Clause: Evasion moves are banned\n|rule|Endless Battle Clause: Forcing endless battles is banned\n|rule|HP Percentage Mod: HP is shown in percentages\n|clearpoke\n|poke|p1|Dondozo, M|\n|poke|p1|Kingambit, F|\n|poke|p1|Ogerpon-Wellspring, F|\n|poke|p1|Ting-Lu|\n|poke|p1|Munkidori, M|\n|poke|p1|Skeledirge, M|\n|poke|p2|Sinistcha|\n|poke|p2|Rillaboom, M|\n|poke|p2|Heatran, M|\n|poke|p2|Samurott-Hisui, M|\n|poke|p2|Zamazenta-*|\n|poke|p2|Hatterene, F|\n|teampreview\n|\n|t:|1701156768\n|start\n|switch|p1a: Ting-Lu|Ting-Lu|100\/100\n|switch|p2a: Samurott|Samurott-Hisui, M|100\/100\n|-ability|p1a: Ting-Lu|Vessel of Ruin\n|turn|1\n|\n|t:|1701156777\n|move|p2a: Samurott|Sacred Sword|p1a: Ting-Lu\n|-supereffective|p1a: Ting-Lu\n|-damage|p1a: Ting-Lu|57\/100\n|move|p1a: Ting-Lu|Stealth Rock|p2a: Samurott\n|-sidestart|p2: Dontgoobme|move: Stealth Rock\n|\n|-heal|p1a: Ting-Lu|63\/100|[from] item: Leftovers\n|upkeep\n|turn|2\n|\n|t:|1701156785\n|move|p2a: Samurott|Ceaseless Edge|p1a: Ting-Lu\n|-resisted|p1a: Ting-Lu\n|-damage|p1a: Ting-Lu|52\/100\n|-sidestart|p1: dingjiongtao|Spikes\n|move|p1a: Ting-Lu|Spikes|p2a: Samurott\n|-sidestart|p2: Dontgoobme|Spikes\n|\n|-heal|p1a: Ting-Lu|58\/100|[from] item: Leftovers\n|upkeep\n|turn|3\n|inactive|Battle timer is ON: inactive players will automatically lose when time's up. (requested by Dontgoobme)\n|\n|t:|1701156793\n|move|p2a: Samurott|Sacred Sword|p1a: Ting-Lu\n|-supereffective|p1a: Ting-Lu\n|-damage|p1a: Ting-Lu|17\/100\n|move|p1a: Ting-Lu|Spikes|p2a: Samurott\n|-sidestart|p2: Dontgoobme|Spikes\n|\n|-heal|p1a: Ting-Lu|23\/100|[from] item: Leftovers\n|upkeep\n|turn|4\n|\n|t:|1701156803\n|move|p2a: Samurott|Razor Shell|p1a: Ting-Lu\n|-supereffective|p1a: Ting-Lu\n|-damage|p1a: Ting-Lu|0 fnt\n|faint|p1a: Ting-Lu\n|\n|upkeep\n|\n|t:|1701156824\n|switch|p1a: Ogerpon|Ogerpon-Wellspring, F|100\/100\n|-damage|p1a: Ogerpon|88\/100|[from] Spikes\n|turn|5\n|\n|t:|1701156832\n|move|p1a: Ogerpon|Horn Leech|p2a: Samurott\n|-supereffective|p2a: Samurott\n|-damage|p2a: Samurott|0 fnt\n|-heal|p1a: Ogerpon|100\/100|[from] drain|[of] p2a: Samurott\n|faint|p2a: Samurott\n|\n|upkeep\n|\n|t:|1701156840\n|switch|p2a: Sinistcha|Sinistcha|100\/100\n|-damage|p2a: Sinistcha|88\/100|[from] Stealth Rock\n|-damage|p2a: Sinistcha|72\/100|[from] Spikes\n|turn|6\n|\n|t:|1701156848\n|switch|p2a: Rillaboom|Rillaboom, M|100\/100\n|-damage|p2a: Rillaboom|88\/100|[from] Stealth Rock\n|-damage|p2a: Rillaboom|72\/100|[from] Spikes\n|-fieldstart|move: Grassy Terrain|[from] ability: Grassy Surge|[of] p2a: Rillaboom\n|move|p1a: Ogerpon|Taunt|p2a: Rillaboom\n|-start|p2a: Rillaboom|move: Taunt\n|\n|-heal|p2a: Rillaboom|78\/100|[from] Grassy Terrain\n|-heal|p2a: Rillaboom|84\/100|[from] item: Leftovers\n|upkeep\n|turn|7\n|\n|t:|1701156863\n|switch|p1a: Skeledirge|Skeledirge, M|100\/100\n|-damage|p1a: Skeledirge|88\/100|[from] Spikes\n|move|p2a: Rillaboom|U-turn|p1a: Skeledirge\n|-resisted|p1a: Skeledirge\n|-damage|p1a: Skeledirge|84\/100\n|\n|t:|1701156868\n|switch|p2a: Zamazenta|Zamazenta|100\/100|[from] U-turn\n|-damage|p2a: Zamazenta|94\/100|[from] Stealth Rock\n|-damage|p2a: Zamazenta|78\/100|[from] Spikes\n|-ability|p2a: Zamazenta|Dauntless Shield|boost\n|-boost|p2a: Zamazenta|def|1\n|\n|-heal|p2a: Zamazenta|84\/100|[from] Grassy Terrain\n|-heal|p2a: Zamazenta|90\/100|[from] item: Leftovers\n|-heal|p1a: Skeledirge|91\/100|[from] Grassy Terrain\n|-heal|p1a: Skeledirge|97\/100|[from] item: Leftovers\n|upkeep\n|turn|8\n|\n|t:|1701156881\n|move|p2a: Zamazenta|Substitute|p2a: Zamazenta\n|-start|p2a: Zamazenta|Substitute\n|-damage|p2a: Zamazenta|65\/100\n|move|p1a: Skeledirge|Will-O-Wisp||[still]\n|-fail|p1a: Skeledirge\n|\n|-heal|p2a: Zamazenta|72\/100|[from] Grassy Terrain\n|-heal|p2a: Zamazenta|78\/100|[from] item: Leftovers\n|-heal|p1a: Skeledirge|100\/100|[from] Grassy Terrain\n|upkeep\n|turn|9\n|\n|t:|1701156892\n|move|p2a: Zamazenta|Crunch|p1a: Skeledirge\n|-supereffective|p1a: Skeledirge\n|-damage|p1a: Skeledirge|77\/100\n|move|p1a: Skeledirge|Shadow Ball|p2a: Zamazenta\n|-end|p2a: Zamazenta|Substitute\n|\n|-heal|p2a: Zamazenta|84\/100|[from] Grassy Terrain\n|-heal|p2a: Zamazenta|90\/100|[from] item: Leftovers\n|-heal|p1a: Skeledirge|83\/100|[from] Grassy Terrain\n|-heal|p1a: Skeledirge|89\/100|[from] item: Leftovers\n|upkeep\n|turn|10\n|\n|t:|1701156904\n|switch|p2a: Heatran|Heatran, M|100\/100\n|-damage|p2a: Heatran|88\/100|[from] Stealth Rock\n|-damage|p2a: Heatran|71\/100|[from] Spikes\n|move|p1a: Skeledirge|Torch Song|p2a: Heatran\n|-start|p2a: Heatran|ability: Flash Fire\n|\n|-heal|p2a: Heatran|78\/100|[from] Grassy Terrain\n|-heal|p2a: Heatran|84\/100|[from] item: Leftovers\n|-heal|p1a: Skeledirge|95\/100|[from] Grassy Terrain\n|-heal|p1a: Skeledirge|100\/100|[from] item: Leftovers\n|-fieldend|move: Grassy Terrain\n|upkeep\n|turn|11\n|\n|t:|1701156921\n|move|p2a: Heatran|Magma Storm|p1a: Skeledirge\n|-resisted|p1a: Skeledirge\n|-damage|p1a: Skeledirge|68\/100\n|-activate|p1a: Skeledirge|move: Magma Storm|[of] p2a: Heatran\n|move|p1a: Skeledirge|Shadow Ball|p2a: Heatran\n|-damage|p2a: Heatran|64\/100\n|\n|-heal|p2a: Heatran|70\/100|[from] item: Leftovers\n|-heal|p1a: Skeledirge|74\/100|[from] item: Leftovers\n|-damage|p1a: Skeledirge|61\/100|[from] move: Magma Storm|[partiallytrapped]\n|upkeep\n|turn|12\n|\n|t:|1701156932\n|move|p2a: Heatran|Earth Power|p1a: Skeledirge\n|-supereffective|p1a: Skeledirge\n|-damage|p1a: Skeledirge|7\/100\n|move|p1a: Skeledirge|Shadow Ball|p2a: Heatran\n|-damage|p2a: Heatran|50\/100\n|\n|-heal|p2a: Heatran|56\/100|[from] item: Leftovers\n|-heal|p1a: Skeledirge|13\/100|[from] item: Leftovers\n|-damage|p1a: Skeledirge|1\/100|[from] move: Magma Storm|[partiallytrapped]\n|upkeep\n|turn|13\n|\n|t:|1701156945\n|move|p2a: Heatran|Earth Power|p1a: Skeledirge\n|-supereffective|p1a: Skeledirge\n|-damage|p1a: Skeledirge|0 fnt\n|faint|p1a: Skeledirge\n|\n|-heal|p2a: Heatran|62\/100|[from] item: Leftovers\n|upkeep\n|\n|t:|1701156952\n|switch|p1a: Ogerpon|Ogerpon-Wellspring, F|100\/100\n|-damage|p1a: Ogerpon|88\/100|[from] Spikes\n|turn|14\n|\n|t:|1701156957\n|-terastallize|p2a: Heatran|Bug\n|move|p1a: Ogerpon|Ivy Cudgel|p2a: Heatran|[anim] Ivy Cudgel Water\n|-damage|p2a: Heatran|11\/100\n|move|p2a: Heatran|Magma Storm|p1a: Ogerpon\n|-damage|p1a: Ogerpon|16\/100\n|-activate|p1a: Ogerpon|move: Magma Storm|[of] p2a: Heatran\n|\n|-heal|p2a: Heatran|18\/100|[from] item: Leftovers\n|-damage|p1a: Ogerpon|4\/100|[from] move: Magma Storm|[partiallytrapped]\n|upkeep\n|turn|15\n|\n|t:|1701156967\n|move|p1a: Ogerpon|Ivy Cudgel|p2a: Heatran|[anim] Ivy Cudgel Water\n|-damage|p2a: Heatran|0 fnt\n|faint|p2a: Heatran\n|\n|-end|p1a: Ogerpon|Magma Storm|[partiallytrapped]|[silent]\n|upkeep\n|\n|t:|1701156976\n|switch|p2a: Zamazenta|Zamazenta|90\/100\n|-damage|p2a: Zamazenta|84\/100|[from] Stealth Rock\n|-damage|p2a: Zamazenta|67\/100|[from] Spikes\n|turn|16\n|\n|t:|1701156981\n|move|p2a: Zamazenta|Crunch|p1a: Ogerpon\n|-damage|p1a: Ogerpon|0 fnt\n|faint|p1a: Ogerpon\n|\n|-heal|p2a: Zamazenta|74\/100|[from] item: Leftovers\n|upkeep\n|\n|t:|1701156987\n|switch|p1a: Munkidori|Munkidori, M|100\/100\n|-damage|p1a: Munkidori|88\/100|[from] Spikes\n|turn|17\n|\n|t:|1701156994\n|switch|p2a: Hatterene|Hatterene, F|100\/100\n|-damage|p2a: Hatterene|88\/100|[from] Stealth Rock\n|-damage|p2a: Hatterene|72\/100|[from] Spikes\n|move|p1a: Munkidori|Trick|p2a: Hatterene\n|-activate|p1a: Munkidori|move: Trick|[of] p2a: Hatterene\n|-item|p2a: Hatterene|Choice Specs|[from] move: Trick\n|-item|p1a: Munkidori|Leftovers|[from] move: Trick\n|\n|-heal|p1a: Munkidori|94\/100|[from] item: Leftovers\n|upkeep\n|turn|18\n|l|\u2606Dontgoobme\n|inactive|Dontgoobme disconnected and has a minute to reconnect!\n|player|p2|\n|inactive|Dontgoobme has 30 seconds to reconnect!\n|j|\u2606Dontgoobme\n|inactive|Dontgoobme reconnected and has 95 seconds left.\n|player|p2|Dontgoobme|266\n|\n|t:|1701157054\n|move|p1a: Munkidori|Parting Shot|p2a: Hatterene\n|move|p2a: Hatterene|Parting Shot|p1a: Munkidori|[from]ability: Magic Bounce\n|-unboost|p1a: Munkidori|atk|1\n|-unboost|p1a: Munkidori|spa|1\n|\n|t:|1701157063\n|switch|p2a: Sinistcha|Sinistcha|72\/100|[from] Parting Shot\n|-damage|p2a: Sinistcha|59\/100|[from] Stealth Rock\n|-damage|p2a: Sinistcha|43\/100|[from] Spikes\n|\n|-heal|p1a: Munkidori|99\/100|[from] item: Leftovers\n|upkeep\n|turn|19\n|\n|t:|1701157072\n|move|p1a: Munkidori|Parting Shot|p2a: Sinistcha\n|-unboost|p2a: Sinistcha|atk|1\n|-unboost|p2a: Sinistcha|spa|1\n|\n|t:|1701157076\n|switch|p1a: Kingambit|Kingambit, F|100\/100|[from] Parting Shot\n|-damage|p1a: Kingambit|88\/100|[from] Spikes\n|-activate|p1a: Kingambit|ability: Supreme Overlord\n|-start|p1a: Kingambit|fallen3|[silent]\n|move|p2a: Sinistcha|Strength Sap|p1a: Kingambit\n|-unboost|p1a: Kingambit|atk|1\n|-heal|p2a: Sinistcha|100\/100\n|\n|upkeep\n|turn|20\n|\n|t:|1701157095\n|switch|p2a: Hatterene|Hatterene, F|72\/100\n|-damage|p2a: Hatterene|59\/100|[from] Stealth Rock\n|-damage|p2a: Hatterene|43\/100|[from] Spikes\n|move|p1a: Kingambit|Kowtow Cleave|p2a: Hatterene\n|-damage|p2a: Hatterene|9\/100\n|\n|upkeep\n|turn|21\n|\n|t:|1701157111\n|move|p1a: Kingambit|Kowtow Cleave|p2a: Hatterene\n|-damage|p2a: Hatterene|0 fnt\n|faint|p2a: Hatterene\n|\n|upkeep\n|\n|t:|1701157115\n|switch|p2a: Zamazenta|Zamazenta|74\/100\n|-damage|p2a: Zamazenta|67\/100|[from] Stealth Rock\n|-damage|p2a: Zamazenta|51\/100|[from] Spikes\n|turn|22\n|\n|t:|1701157127\n|-end|p1a: Kingambit|fallen3|[silent]\n|switch|p1a: Munkidori|Munkidori, M|99\/100\n|-damage|p1a: Munkidori|88\/100|[from] Spikes\n|move|p2a: Zamazenta|Substitute|p2a: Zamazenta\n|-start|p2a: Zamazenta|Substitute\n|-damage|p2a: Zamazenta|26\/100\n|\n|-heal|p2a: Zamazenta|32\/100|[from] item: Leftovers\n|-heal|p1a: Munkidori|94\/100|[from] item: Leftovers\n|upkeep\n|turn|23\n|\n|t:|1701157138\n|move|p2a: Zamazenta|Crunch|p1a: Munkidori\n|-supereffective|p1a: Munkidori\n|-damage|p1a: Munkidori|36\/100\n|move|p1a: Munkidori|Psyshock|p2a: Zamazenta\n|-supereffective|p2a: Zamazenta\n|-end|p2a: Zamazenta|Substitute\n|\n|-heal|p2a: Zamazenta|38\/100|[from] item: Leftovers\n|-heal|p1a: Munkidori|42\/100|[from] item: Leftovers\n|upkeep\n|turn|24\n|\n|t:|1701157148\n|move|p2a: Zamazenta|Crunch|p1a: Munkidori\n|-supereffective|p1a: Munkidori\n|-damage|p1a: Munkidori|0 fnt\n|faint|p1a: Munkidori\n|\n|-heal|p2a: Zamazenta|45\/100|[from] item: Leftovers\n|upkeep\n|\n|t:|1701157157\n|switch|p1a: Kingambit|Kingambit, F|88\/100\n|-damage|p1a: Kingambit|76\/100|[from] Spikes\n|-activate|p1a: Kingambit|ability: Supreme Overlord\n|-start|p1a: Kingambit|fallen4|[silent]\n|turn|25\n|\n|t:|1701157166\n|-terastallize|p1a: Kingambit|Poison\n|move|p2a: Zamazenta|Substitute|p2a: Zamazenta\n|-start|p2a: Zamazenta|Substitute\n|-damage|p2a: Zamazenta|20\/100\n|move|p1a: Kingambit|Tera Blast|p2a: Zamazenta|[anim] Tera Blast Poison\n|-end|p2a: Zamazenta|Substitute\n|\n|-heal|p2a: Zamazenta|26\/100|[from] item: Leftovers\n|upkeep\n|turn|26\n|\n|t:|1701157176\n|move|p2a: Zamazenta|Crunch|p1a: Kingambit\n|-damage|p1a: Kingambit|58\/100\n|move|p1a: Kingambit|Tera Blast|p2a: Zamazenta|[anim] Tera Blast Poison\n|-damage|p2a: Zamazenta|0 fnt\n|faint|p2a: Zamazenta\n|\n|upkeep\n|\n|t:|1701157184\n|switch|p2a: Sinistcha|Sinistcha|100\/100\n|-damage|p2a: Sinistcha|88\/100|[from] Stealth Rock\n|-damage|p2a: Sinistcha|72\/100|[from] Spikes\n|turn|27\n|\n|t:|1701157189\n|move|p2a: Sinistcha|Strength Sap|p1a: Kingambit\n|-unboost|p1a: Kingambit|atk|1\n|-heal|p2a: Sinistcha|100\/100\n|move|p1a: Kingambit|Kowtow Cleave|p2a: Sinistcha\n|-supereffective|p2a: Sinistcha\n|-damage|p2a: Sinistcha|27\/100\n|\n|upkeep\n|turn|28\n|\n|t:|1701157197\n|move|p1a: Kingambit|Sucker Punch||[still]\n|-fail|p1a: Kingambit\n|move|p2a: Sinistcha|Strength Sap|p1a: Kingambit\n|-unboost|p1a: Kingambit|atk|1\n|-heal|p2a: Sinistcha|100\/100\n|\n|upkeep\n|turn|29\n|\n|t:|1701157203\n|move|p2a: Sinistcha|Strength Sap|p1a: Kingambit\n|-unboost|p1a: Kingambit|atk|1\n|move|p1a: Kingambit|Kowtow Cleave|p2a: Sinistcha\n|-supereffective|p2a: Sinistcha\n|-damage|p2a: Sinistcha|55\/100\n|\n|upkeep\n|turn|30\n|\n|t:|1701157214\n|move|p2a: Sinistcha|Strength Sap|p1a: Kingambit\n|-unboost|p1a: Kingambit|atk|1\n|-heal|p2a: Sinistcha|100\/100\n|move|p1a: Kingambit|Iron Head|p2a: Sinistcha\n|-damage|p2a: Sinistcha|83\/100\n|\n|upkeep\n|turn|31\n|\n|t:|1701157221\n|-end|p1a: Kingambit|fallen4|[silent]\n|switch|p1a: Dondozo|Dondozo, M, shiny|100\/100\n|-damage|p1a: Dondozo|88\/100|[from] Spikes\n|move|p2a: Sinistcha|Calm Mind|p2a: Sinistcha\n|-boost|p2a: Sinistcha|spa|1\n|-boost|p2a: Sinistcha|spd|1\n|\n|upkeep\n|turn|32\n|\n|t:|1701157234\n|move|p2a: Sinistcha|Matcha Gotcha|p1a: Dondozo|[miss]\n|-miss|p2a: Sinistcha|p1a: Dondozo\n|move|p1a: Dondozo|Heavy Slam|p2a: Sinistcha\n|-damage|p2a: Sinistcha|47\/100\n|-damage|p1a: Dondozo|78\/100|[from] item: Life Orb\n|\n|upkeep\n|turn|33\n|\n|t:|1701157243\n|switch|p1a: Kingambit|Kingambit, F, tera:Poison|58\/100\n|-damage|p1a: Kingambit|46\/100|[from] Spikes\n|-activate|p1a: Kingambit|ability: Supreme Overlord\n|-start|p1a: Kingambit|fallen4|[silent]\n|move|p2a: Sinistcha|Strength Sap|p1a: Kingambit\n|-unboost|p1a: Kingambit|atk|1\n|-heal|p2a: Sinistcha|100\/100\n|\n|upkeep\n|turn|34\n|\n|t:|1701157256\n|move|p2a: Sinistcha|Strength Sap|p1a: Kingambit\n|-unboost|p1a: Kingambit|atk|1\n|move|p1a: Kingambit|Kowtow Cleave|p2a: Sinistcha\n|-supereffective|p2a: Sinistcha\n|-damage|p2a: Sinistcha|43\/100\n|\n|upkeep\n|turn|35\n|\n|t:|1701157264\n|move|p2a: Sinistcha|Strength Sap|p1a: Kingambit\n|-unboost|p1a: Kingambit|atk|1\n|-heal|p2a: Sinistcha|100\/100\n|move|p1a: Kingambit|Kowtow Cleave|p2a: Sinistcha\n|-supereffective|p2a: Sinistcha\n|-damage|p2a: Sinistcha|56\/100\n|\n|upkeep\n|turn|36\n|\n|t:|1701157271\n|move|p2a: Sinistcha|Strength Sap|p1a: Kingambit\n|-unboost|p1a: Kingambit|atk|1\n|-heal|p2a: Sinistcha|100\/100\n|move|p1a: Kingambit|Kowtow Cleave|p2a: Sinistcha\n|-supereffective|p2a: Sinistcha\n|-damage|p2a: Sinistcha|62\/100\n|\n|upkeep\n|turn|37\n|\n|t:|1701157278\n|move|p2a: Sinistcha|Shadow Ball|p1a: Kingambit\n|-damage|p1a: Kingambit|18\/100\n|-unboost|p1a: Kingambit|spd|1\n|move|p1a: Kingambit|Kowtow Cleave|p2a: Sinistcha\n|-supereffective|p2a: Sinistcha\n|-damage|p2a: Sinistcha|25\/100\n|\n|upkeep\n|turn|38\n|\n|t:|1701157286\n|move|p1a: Kingambit|Sucker Punch||[still]\n|-fail|p1a: Kingambit\n|move|p2a: Sinistcha|Strength Sap|p1a: Kingambit\n|-unboost|p1a: Kingambit|atk|1\n|-heal|p2a: Sinistcha|64\/100\n|\n|upkeep\n|turn|39\n|\n|t:|1701157293\n|-end|p1a: Kingambit|fallen4|[silent]\n|switch|p1a: Dondozo|Dondozo, M, shiny|78\/100\n|-damage|p1a: Dondozo|66\/100|[from] Spikes\n|move|p2a: Sinistcha|Matcha Gotcha|p1a: Dondozo\n|-supereffective|p1a: Dondozo\n|-damage|p1a: Dondozo|1\/100\n|-heal|p2a: Sinistcha|100\/100|[from] drain|[of] p1a: Dondozo\n|\n|upkeep\n|turn|40\n|-message|dingjiongtao forfeited.\n|\n|win|Dontgoobme\n|raw|dingjiongtao's rating: 1132 &rarr; <strong>1106<\/strong><br \/>(-26 for losing)\n|raw|Dontgoobme's rating: 1114 &rarr; <strong>1140<\/strong><br \/>(+26 for winning)\n|l|\u2606dingjiongtao\n|c|\u2606Dontgoobme|The goobary\n","uploadtime":1701157316,"views":2,"p1id":"dingjiongtao","p2id":"dontgoobme","formatid":"gen9ou","rating":1106,"private":0,"password":""}