{"id":"gen9ou-2000556042","p1":"Betinho","p2":"burgercute","format":"[Gen 9] OU","log":"|j|\u2606Betinho\n|j|\u2606burgercute\n|t:|1701204985\n|gametype|singles\n|player|p1|Betinho|veteran|1346\n|player|p2|burgercute|iris|1316\n|teamsize|p1|6\n|teamsize|p2|6\n|gen|9\n|tier|[Gen 9] OU\n|rated|\n|rule|Sleep Clause Mod: Limit one foe put to sleep\n|rule|Species Clause: Limit one of each Pok\u00e9mon\n|rule|OHKO Clause: OHKO moves are banned\n|rule|Evasion Items Clause: Evasion items are banned\n|rule|Evasion Moves Clause: Evasion moves are banned\n|rule|Endless Battle Clause: Forcing endless battles is banned\n|rule|HP Percentage Mod: HP is shown in percentages\n|clearpoke\n|poke|p1|Pelipper, F|\n|poke|p1|Kilowattrel, F|\n|poke|p1|Vaporeon, F|\n|poke|p1|Barraskewda, M|\n|poke|p1|Great Tusk|\n|poke|p1|Tinkaton, F|\n|poke|p2|Indeedee, M|\n|poke|p2|Toedscruel, F|\n|poke|p2|Pelipper, M|\n|poke|p2|Floatzel, M|\n|poke|p2|Polteageist|\n|poke|p2|Forretress, M|\n|teampreview\n|inactive|Battle timer is ON: inactive players will automatically lose when time's up. (requested by burgercute)\n|\n|t:|1701205003\n|start\n|switch|p1a: Great Tusk|Great Tusk|100\/100\n|switch|p2a: Toedscruel|Toedscruel, F|100\/100\n|turn|1\n|\n|t:|1701205013\n|switch|p2a: Forretress|Forretress, M, shiny|100\/100\n|-terastallize|p1a: Great Tusk|Steel\n|move|p1a: Great Tusk|Ice Spinner|p2a: Forretress\n|-resisted|p2a: Forretress\n|-damage|p2a: Forretress|93\/100\n|-damage|p1a: Great Tusk|84\/100|[from] item: Rocky Helmet|[of] p2a: Forretress\n|\n|upkeep\n|turn|2\n|\n|t:|1701205021\n|move|p1a: Great Tusk|Headlong Rush|p2a: Forretress\n|-damage|p2a: Forretress|56\/100\n|-unboost|p1a: Great Tusk|def|1\n|-unboost|p1a: Great Tusk|spd|1\n|-damage|p1a: Great Tusk|68\/100|[from] item: Rocky Helmet|[of] p2a: Forretress\n|move|p2a: Forretress|Body Press|p1a: Great Tusk\n|-supereffective|p1a: Great Tusk\n|-damage|p1a: Great Tusk|0 fnt\n|faint|p1a: Great Tusk\n|-end|p1a: Great Tusk|Protosynthesis|[silent]\n|\n|upkeep\n|\n|t:|1701205034\n|switch|p1a: Pelipper|Pelipper, F|100\/100\n|-weather|RainDance|[from] ability: Drizzle|[of] p1a: Pelipper\n|turn|3\n|\n|t:|1701205038\n|move|p1a: Pelipper|Surf|p2a: Forretress\n|-damage|p2a: Forretress|0 fnt\n|faint|p2a: Forretress\n|\n|-weather|RainDance|[upkeep]\n|upkeep\n|\n|t:|1701205049\n|switch|p2a: Indeedee|Indeedee, M|100\/100\n|-fieldstart|move: Psychic Terrain|[from] ability: Psychic Surge|[of] p2a: Indeedee\n|turn|4\n|\n|t:|1701205053\n|move|p2a: Indeedee|Psychic|p1a: Pelipper\n|-crit|p1a: Pelipper\n|-damage|p1a: Pelipper|0 fnt\n|faint|p1a: Pelipper\n|\n|-weather|RainDance|[upkeep]\n|upkeep\n|\n|t:|1701205061\n|switch|p1a: Tinkaton|Tinkaton, F|100\/100\n|-ability|p1a: Tinkaton|Mold Breaker\n|turn|5\n|\n|t:|1701205066\n|switch|p2a: Toedscruel|Toedscruel, F|100\/100\n|move|p1a: Tinkaton|Gigaton Hammer|p2a: Toedscruel\n|-damage|p2a: Toedscruel|40\/100\n|\n|-weather|RainDance|[upkeep]\n|-heal|p2a: Toedscruel|46\/100|[from] item: Leftovers\n|upkeep\n|turn|6\n|\n|t:|1701205083\n|switch|p2a: Pelipper|Pelipper, M|100\/100\n|move|p1a: Tinkaton|Ice Hammer|p2a: Pelipper\n|-damage|p2a: Pelipper|81\/100\n|-unboost|p1a: Tinkaton|spe|1\n|\n|-weather|RainDance|[upkeep]\n|upkeep\n|turn|7\n|\n|t:|1701205092\n|switch|p1a: Vaporeon|Vaporeon, F|100\/100\n|move|p2a: Pelipper|Hurricane|p1a: Vaporeon\n|-damage|p1a: Vaporeon|73\/100\n|-start|p1a: Vaporeon|confusion\n|\n|-weather|RainDance|[upkeep]\n|-heal|p1a: Vaporeon|79\/100|[from] item: Leftovers\n|upkeep\n|turn|8\n|\n|t:|1701205101\n|-activate|p1a: Vaporeon|confusion\n|move|p1a: Vaporeon|Scald|p2a: Pelipper\n|-resisted|p2a: Pelipper\n|-damage|p2a: Pelipper|44\/100\n|-status|p2a: Pelipper|brn\n|move|p2a: Pelipper|U-turn|p1a: Vaporeon\n|-damage|p1a: Vaporeon|75\/100\n|\n|t:|1701205104\n|switch|p2a: Free Wave Crash|Floatzel, M, shiny|100\/100|[from] U-turn\n|\n|-weather|RainDance|[upkeep]\n|-heal|p1a: Vaporeon|81\/100|[from] item: Leftovers\n|upkeep\n|turn|9\n|\n|t:|1701205112\n|-terastallize|p2a: Free Wave Crash|Grass\n|-end|p1a: Vaporeon|confusion\n|move|p1a: Vaporeon|Protect|p1a: Vaporeon\n|-singleturn|p1a: Vaporeon|Protect\n|move|p2a: Free Wave Crash|Tera Blast|p1a: Vaporeon|[anim] Tera Blast Grass\n|-activate|p1a: Vaporeon|move: Protect\n|\n|-weather|RainDance|[upkeep]\n|-heal|p1a: Vaporeon|88\/100|[from] item: Leftovers\n|upkeep\n|turn|10\n|\n|t:|1701205127\n|switch|p1a: Tinkaton|Tinkaton, F|100\/100\n|-ability|p1a: Tinkaton|Mold Breaker\n|move|p2a: Free Wave Crash|Tera Blast|p1a: Tinkaton|[anim] Tera Blast Grass\n|-resisted|p1a: Tinkaton\n|-damage|p1a: Tinkaton|67\/100\n|\n|-weather|none\n|upkeep\n|turn|11\n|\n|t:|1701205136\n|switch|p2a: Pelipper|Pelipper, M|44\/100 brn\n|-weather|RainDance|[from] ability: Drizzle|[of] p2a: Pelipper\n|move|p1a: Tinkaton|Ice Hammer|p2a: Pelipper\n|-damage|p2a: Pelipper|24\/100 brn\n|-unboost|p1a: Tinkaton|spe|1\n|\n|-weather|RainDance|[upkeep]\n|-damage|p2a: Pelipper|18\/100 brn|[from] brn\n|-fieldend|move: Psychic Terrain\n|upkeep\n|turn|12\n|\n|t:|1701205146\n|switch|p1a: Vaporeon|Vaporeon, F|88\/100\n|move|p2a: Pelipper|Hurricane|p1a: Vaporeon\n|-damage|p1a: Vaporeon|60\/100\n|\n|-weather|RainDance|[upkeep]\n|-heal|p1a: Vaporeon|66\/100|[from] item: Leftovers\n|-damage|p2a: Pelipper|12\/100 brn|[from] brn\n|upkeep\n|turn|13\n|\n|t:|1701205155\n|switch|p2a: Toedscruel|Toedscruel, F|46\/100\n|move|p1a: Vaporeon|Wish|p1a: Vaporeon\n|\n|-weather|RainDance|[upkeep]\n|-heal|p2a: Toedscruel|52\/100|[from] item: Leftovers\n|-heal|p1a: Vaporeon|73\/100|[from] item: Leftovers\n|upkeep\n|turn|14\n|\n|t:|1701205165\n|move|p1a: Vaporeon|Scald|p2a: Toedscruel\n|-damage|p2a: Toedscruel|27\/100\n|move|p2a: Toedscruel|Spore|p1a: Vaporeon\n|-status|p1a: Vaporeon|slp|[from] move: Spore\n|\n|-weather|RainDance|[upkeep]\n|-heal|p1a: Vaporeon|100\/100 slp|[from] move: Wish|[wisher] Vaporeon\n|-heal|p2a: Toedscruel|33\/100|[from] item: Leftovers\n|upkeep\n|turn|15\n|\n|t:|1701205181\n|cant|p1a: Vaporeon|slp\n|move|p2a: Toedscruel|Leech Seed|p1a: Vaporeon\n|-start|p1a: Vaporeon|move: Leech Seed\n|\n|-weather|RainDance|[upkeep]\n|-heal|p2a: Toedscruel|39\/100|[from] item: Leftovers\n|-damage|p1a: Vaporeon|88\/100 slp|[from] Leech Seed|[of] p2a: Toedscruel\n|-heal|p2a: Toedscruel|55\/100|[silent]\n|upkeep\n|turn|16\n|\n|t:|1701205188\n|cant|p1a: Vaporeon|slp\n|move|p2a: Toedscruel|Leech Seed|p1a: Vaporeon|[miss]\n|-miss|p2a: Toedscruel|p1a: Vaporeon\n|\n|-weather|RainDance|[upkeep]\n|-heal|p2a: Toedscruel|61\/100|[from] item: Leftovers\n|-heal|p1a: Vaporeon|94\/100 slp|[from] item: Leftovers\n|-damage|p1a: Vaporeon|82\/100 slp|[from] Leech Seed|[of] p2a: Toedscruel\n|-heal|p2a: Toedscruel|77\/100|[silent]\n|upkeep\n|turn|17\n|\n|t:|1701205198\n|-curestatus|p1a: Vaporeon|slp|[msg]\n|move|p1a: Vaporeon|Wish|p1a: Vaporeon\n|move|p2a: Toedscruel|Spore|p1a: Vaporeon\n|-status|p1a: Vaporeon|slp|[from] move: Spore\n|\n|-weather|RainDance|[upkeep]\n|-heal|p2a: Toedscruel|83\/100|[from] item: Leftovers\n|-heal|p1a: Vaporeon|88\/100 slp|[from] item: Leftovers\n|-damage|p1a: Vaporeon|75\/100 slp|[from] Leech Seed|[of] p2a: Toedscruel\n|-heal|p2a: Toedscruel|99\/100|[silent]\n|upkeep\n|turn|18\n|\n|t:|1701205208\n|switch|p2a: Free Wave Crash|Floatzel, M, shiny, tera:Grass|100\/100\n|switch|p1a: Tinkaton|Tinkaton, F|67\/100\n|-ability|p1a: Tinkaton|Mold Breaker\n|\n|-weather|none\n|-heal|p1a: Tinkaton|100\/100|[from] move: Wish|[wisher] Vaporeon\n|upkeep\n|turn|19\n|\n|t:|1701205224\n|switch|p2a: Indeedee|Indeedee, M|100\/100\n|-fieldstart|move: Psychic Terrain|[from] ability: Psychic Surge|[of] p2a: Indeedee\n|move|p1a: Tinkaton|Gigaton Hammer|p2a: Indeedee\n|-damage|p2a: Indeedee|10\/100\n|\n|upkeep\n|turn|20\n|\n|t:|1701205235\n|move|p1a: Tinkaton|Ice Hammer|p2a: Indeedee\n|-damage|p2a: Indeedee|0 fnt\n|-unboost|p1a: Tinkaton|spe|1\n|faint|p2a: Indeedee\n|\n|upkeep\n|\n|t:|1701205239\n|switch|p2a: Tea Time|Polteageist, shiny|100\/100\n|turn|21\n|\n|t:|1701205244\n|switch|p1a: Vaporeon|Vaporeon, F|75\/100 slp\n|move|p2a: Tea Time|Shell Smash|p2a: Tea Time\n|-unboost|p2a: Tea Time|def|1\n|-unboost|p2a: Tea Time|spd|1\n|-boost|p2a: Tea Time|atk|2\n|-boost|p2a: Tea Time|spa|2\n|-boost|p2a: Tea Time|spe|2\n|\n|-heal|p1a: Vaporeon|82\/100 slp|[from] item: Leftovers\n|upkeep\n|turn|22\n|\n|t:|1701205253\n|move|p2a: Tea Time|Shell Smash|p2a: Tea Time\n|-unboost|p2a: Tea Time|def|1\n|-unboost|p2a: Tea Time|spd|1\n|-boost|p2a: Tea Time|atk|2\n|-boost|p2a: Tea Time|spa|2\n|-boost|p2a: Tea Time|spe|2\n|cant|p1a: Vaporeon|slp\n|\n|-heal|p1a: Vaporeon|88\/100 slp|[from] item: Leftovers\n|upkeep\n|turn|23\n|\n|t:|1701205261\n|move|p2a: Tea Time|Stored Power|p1a: Vaporeon\n|-damage|p1a: Vaporeon|0 fnt\n|faint|p1a: Vaporeon\n|\n|upkeep\n|\n|t:|1701205269\n|switch|p1a: Kilowattrel|Kilowattrel, F|100\/100\n|turn|24\n|\n|t:|1701205273\n|move|p2a: Tea Time|Stored Power|p1a: Kilowattrel\n|-enditem|p1a: Kilowattrel|Focus Sash\n|-damage|p1a: Kilowattrel|1\/100\n|move|p1a: Kilowattrel|Thunderbolt|p2a: Tea Time\n|-damage|p2a: Tea Time|10\/100\n|\n|upkeep\n|turn|25\n|\n|t:|1701205281\n|move|p2a: Tea Time|Shadow Ball|p1a: Kilowattrel\n|-damage|p1a: Kilowattrel|0 fnt\n|faint|p1a: Kilowattrel\n|\n|upkeep\n|\n|t:|1701205285\n|switch|p1a: Barraskewda|Barraskewda, M|100\/100\n|turn|26\n|\n|t:|1701205289\n|move|p1a: Barraskewda|Aqua Jet|p2a: Tea Time\n|-activate|p2a: Tea Time|move: Psychic Terrain\n|move|p2a: Tea Time|Stored Power|p1a: Barraskewda\n|-damage|p1a: Barraskewda|0 fnt\n|faint|p1a: Barraskewda\n|\n|-fieldend|move: Psychic Terrain\n|upkeep\n|c|\u2606burgercute|hehehe\\\n|-message|Betinho forfeited.\n|\n|win|burgercute\n|raw|Betinho's rating: 1346 &rarr; <strong>1324<\/strong><br \/>(-22 for losing)\n|raw|burgercute's rating: 1316 &rarr; <strong>1338<\/strong><br \/>(+22 for winning)\n|l|\u2606Betinho\n","uploadtime":1701205305,"views":0,"p1id":"betinho","p2id":"burgercute","formatid":"gen9ou","rating":1324,"private":0,"password":""}