{"id":"gen9ou-1989914917","p1":"Choice Bandington","p2":"littensalt","format":"[Gen 9] OU","log":"|j|\u2606Choice Bandington\n|j|\u2606littensalt\n|t:|1699906360\n|gametype|singles\n|player|p1|Choice Bandington|teammagmagruntm-gen3|1344\n|player|p2|littensalt|calem|1377\n|teamsize|p1|6\n|teamsize|p2|6\n|gen|9\n|tier|[Gen 9] OU\n|rated|\n|rule|Sleep Clause Mod: Limit one foe put to sleep\n|rule|Species Clause: Limit one of each Pok\u00e9mon\n|rule|OHKO Clause: OHKO moves are banned\n|rule|Evasion Items Clause: Evasion items are banned\n|rule|Evasion Moves Clause: Evasion moves are banned\n|rule|Endless Battle Clause: Forcing endless battles is banned\n|rule|HP Percentage Mod: HP is shown in percentages\n|clearpoke\n|poke|p1|Rillaboom, F|\n|poke|p1|Sneasler, F|\n|poke|p1|Ogerpon-Wellspring, F|\n|poke|p1|Manaphy|\n|poke|p1|Hatterene, F|\n|poke|p1|Cinderace, F|\n|poke|p2|Thundurus-Therian, M|\n|poke|p2|Weezing-Galar, M|\n|poke|p2|Cinderace, M|\n|poke|p2|Dragapult, F|\n|poke|p2|Greninja-*, M|\n|poke|p2|Zamazenta-*|\n|teampreview\n|inactive|Battle timer is ON: inactive players will automatically lose when time's up. (requested by Choice Bandington)\n|\n|t:|1699906375\n|start\n|switch|p1a: Lewandowski|Cinderace, F, shiny|100\/100\n|switch|p2a: 5g|Thundurus-Therian, M, shiny|100\/100\n|turn|1\n|\n|t:|1699906380\n|move|p1a: Lewandowski|U-turn|p2a: 5g\n|-resisted|p2a: 5g\n|-damage|p2a: 5g|83\/100\n|\n|t:|1699906382\n|switch|p1a: Monke|Rillaboom, F|100\/100|[from] U-turn\n|-fieldstart|move: Grassy Terrain|[from] ability: Grassy Surge|[of] p1a: Monke\n|move|p2a: 5g|Volt Switch|p1a: Monke\n|-resisted|p1a: Monke\n|-damage|p1a: Monke|59\/100\n|\n|t:|1699906385\n|switch|p2a: wheezy outta here|Weezing-Galar, M, shiny|100\/100|[from] Volt Switch\n|-ability|p2a: wheezy outta here|Neutralizing Gas\n|\n|-heal|p1a: Monke|65\/100|[from] Grassy Terrain\n|upkeep\n|turn|2\n|\n|t:|1699906388\n|move|p1a: Monke|Knock Off|p2a: wheezy outta here\n|-resisted|p2a: wheezy outta here\n|-damage|p2a: wheezy outta here|83\/100\n|-damage|p1a: Monke|48\/100|[from] item: Rocky Helmet|[of] p2a: wheezy outta here\n|-enditem|p2a: wheezy outta here|Rocky Helmet|[from] move: Knock Off|[of] p1a: Monke\n|move|p2a: wheezy outta here|Will-O-Wisp|p1a: Monke\n|-status|p1a: Monke|brn\n|\n|-heal|p1a: Monke|55\/100 brn|[from] Grassy Terrain\n|-heal|p2a: wheezy outta here|89\/100|[from] Grassy Terrain\n|-damage|p1a: Monke|48\/100 brn|[from] brn\n|upkeep\n|turn|3\n|\n|t:|1699906393\n|switch|p1a: Saint Laurent Hatt|Hatterene, F|100\/100\n|-enditem|p1a: Saint Laurent Hatt|Grassy Seed\n|-boost|p1a: Saint Laurent Hatt|def|1|[from] item: Grassy Seed\n|move|p2a: wheezy outta here|Strange Steam|p1a: Saint Laurent Hatt\n|-damage|p1a: Saint Laurent Hatt|71\/100\n|-start|p1a: Saint Laurent Hatt|confusion\n|\n|-heal|p2a: wheezy outta here|95\/100|[from] Grassy Terrain\n|-heal|p1a: Saint Laurent Hatt|77\/100|[from] Grassy Terrain\n|upkeep\n|turn|4\n|\n|t:|1699906397\n|move|p2a: wheezy outta here|Haze|p2a: wheezy outta here\n|-clearallboost\n|-activate|p1a: Saint Laurent Hatt|confusion\n|-damage|p1a: Saint Laurent Hatt|71\/100|[from] confusion\n|\n|-heal|p2a: wheezy outta here|100\/100|[from] Grassy Terrain\n|-heal|p1a: Saint Laurent Hatt|77\/100|[from] Grassy Terrain\n|upkeep\n|turn|5\n|\n|t:|1699906406\n|-end|p2a: wheezy outta here|ability: Neutralizing Gas\n|switch|p2a: FRANCHISE|Cinderace, M|100\/100\n|-activate|p1a: Saint Laurent Hatt|confusion\n|-damage|p1a: Saint Laurent Hatt|70\/100|[from] confusion\n|\n|-heal|p1a: Saint Laurent Hatt|76\/100|[from] Grassy Terrain\n|-fieldend|move: Grassy Terrain\n|upkeep\n|turn|6\n|\n|t:|1699906413\n|move|p2a: FRANCHISE|Pyro Ball|p1a: Saint Laurent Hatt\n|-damage|p1a: Saint Laurent Hatt|28\/100\n|-end|p1a: Saint Laurent Hatt|confusion\n|move|p1a: Saint Laurent Hatt|Nuzzle|p2a: FRANCHISE\n|-damage|p2a: FRANCHISE|95\/100\n|-status|p2a: FRANCHISE|par\n|\n|upkeep\n|turn|7\n|\n|t:|1699906420\n|move|p2a: FRANCHISE|Pyro Ball|p1a: Saint Laurent Hatt\n|-damage|p1a: Saint Laurent Hatt|0 fnt\n|faint|p1a: Saint Laurent Hatt\n|\n|upkeep\n|\n|t:|1699906424\n|switch|p1a: Chef Curry|Manaphy, shiny|100\/100\n|turn|8\n|\n|t:|1699906426\n|move|p1a: Chef Curry|Acid Armor|p1a: Chef Curry\n|-boost|p1a: Chef Curry|def|2\n|move|p2a: FRANCHISE|U-turn|p1a: Chef Curry\n|-start|p2a: FRANCHISE|typechange|Bug|[from] ability: Libero\n|-damage|p1a: Chef Curry|87\/100\n|\n|t:|1699906429\n|switch|p2a: wheezy outta here|Weezing-Galar, M, shiny|100\/100|[from] U-turn\n|-ability|p2a: wheezy outta here|Neutralizing Gas\n|\n|-heal|p1a: Chef Curry|93\/100|[from] item: Leftovers\n|upkeep\n|turn|9\n|\n|t:|1699906435\n|move|p1a: Chef Curry|Scald|p2a: wheezy outta here\n|-damage|p2a: wheezy outta here|62\/100\n|-status|p2a: wheezy outta here|brn\n|move|p2a: wheezy outta here|Haze|p2a: wheezy outta here\n|-clearallboost\n|\n|-heal|p1a: Chef Curry|99\/100|[from] item: Leftovers\n|-damage|p2a: wheezy outta here|56\/100 brn|[from] brn\n|upkeep\n|turn|10\n|\n|t:|1699906438\n|move|p1a: Chef Curry|Take Heart|p1a: Chef Curry\n|-boost|p1a: Chef Curry|spa|1\n|-boost|p1a: Chef Curry|spd|1\n|move|p2a: wheezy outta here|Pain Split|p1a: Chef Curry\n|-sethp|p1a: Chef Curry|73\/100|[from] move: Pain Split|[silent]\n|-sethp|p2a: wheezy outta here|88\/100 brn|[from] move: Pain Split\n|\n|-heal|p1a: Chef Curry|79\/100|[from] item: Leftovers\n|-damage|p2a: wheezy outta here|82\/100 brn|[from] brn\n|upkeep\n|turn|11\n|\n|t:|1699906442\n|move|p1a: Chef Curry|Scald|p2a: wheezy outta here\n|-damage|p2a: wheezy outta here|31\/100 brn\n|move|p2a: wheezy outta here|Haze|p2a: wheezy outta here\n|-clearallboost\n|\n|-heal|p1a: Chef Curry|85\/100|[from] item: Leftovers\n|-damage|p2a: wheezy outta here|25\/100 brn|[from] brn\n|upkeep\n|turn|12\n|\n|t:|1699906445\n|move|p1a: Chef Curry|Scald|p2a: wheezy outta here\n|-damage|p2a: wheezy outta here|0 fnt\n|faint|p2a: wheezy outta here\n|-end|p2a: wheezy outta here|ability: Neutralizing Gas\n|\n|-heal|p1a: Chef Curry|92\/100|[from] item: Leftovers\n|upkeep\n|\n|t:|1699906452\n|switch|p2a: KIDS SEE GHOST|Dragapult, F, shiny|100\/100\n|turn|13\n|\n|t:|1699906456\n|move|p2a: KIDS SEE GHOST|Draco Meteor|p1a: Chef Curry\n|-damage|p1a: Chef Curry|23\/100\n|-unboost|p2a: KIDS SEE GHOST|spa|2\n|move|p1a: Chef Curry|Take Heart|p1a: Chef Curry\n|-boost|p1a: Chef Curry|spa|1\n|-boost|p1a: Chef Curry|spd|1\n|\n|-heal|p1a: Chef Curry|29\/100|[from] item: Leftovers\n|upkeep\n|turn|14\n|\n|t:|1699906463\n|switch|p2a: 5g|Thundurus-Therian, M, shiny|83\/100\n|move|p1a: Chef Curry|Stored Power|p2a: 5g\n|-damage|p2a: 5g|57\/100\n|\n|-heal|p1a: Chef Curry|36\/100|[from] item: Leftovers\n|upkeep\n|turn|15\n|\n|t:|1699906468\n|switch|p1a: Monke|Rillaboom, F|48\/100 brn\n|-fieldstart|move: Grassy Terrain|[from] ability: Grassy Surge|[of] p1a: Monke\n|move|p2a: 5g|Volt Switch|p1a: Monke\n|-resisted|p1a: Monke\n|-damage|p1a: Monke|10\/100 brn\n|\n|t:|1699906470\n|switch|p2a: FRANCHISE|Cinderace, M|95\/100 par|[from] Volt Switch\n|\n|-heal|p1a: Monke|17\/100 brn|[from] Grassy Terrain\n|-heal|p2a: FRANCHISE|100\/100 par|[from] Grassy Terrain\n|-damage|p1a: Monke|10\/100 brn|[from] brn\n|upkeep\n|turn|16\n|\n|t:|1699906474\n|move|p1a: Monke|Grassy Glide|p2a: FRANCHISE\n|-resisted|p2a: FRANCHISE\n|-damage|p2a: FRANCHISE|79\/100 par\n|cant|p2a: FRANCHISE|par\n|\n|-heal|p1a: Monke|17\/100 brn|[from] Grassy Terrain\n|-heal|p2a: FRANCHISE|85\/100 par|[from] Grassy Terrain\n|-damage|p1a: Monke|10\/100 brn|[from] brn\n|upkeep\n|turn|17\n|\n|t:|1699906480\n|move|p1a: Monke|Grassy Glide|p2a: FRANCHISE\n|-resisted|p2a: FRANCHISE\n|-damage|p2a: FRANCHISE|62\/100 par\n|move|p2a: FRANCHISE|Pyro Ball|p1a: Monke\n|-supereffective|p1a: Monke\n|-damage|p1a: Monke|0 fnt\n|faint|p1a: Monke\n|\n|-heal|p2a: FRANCHISE|68\/100 par|[from] Grassy Terrain\n|upkeep\n|\n|t:|1699906483\n|switch|p1a: Ogre Poon|Ogerpon-Wellspring, F|100\/100\n|turn|18\n|\n|t:|1699906487\n|move|p1a: Ogre Poon|Ivy Cudgel|p2a: FRANCHISE\n|-supereffective|p2a: FRANCHISE\n|-damage|p2a: FRANCHISE|0 fnt\n|faint|p2a: FRANCHISE\n|\n|upkeep\n|\n|t:|1699906493\n|switch|p2a: KIDS SEE GHOST|Dragapult, F, shiny|100\/100\n|turn|19\n|\n|t:|1699906497\n|-terastallize|p1a: Ogre Poon|Water\n|detailschange|p1a: Ogre Poon|Ogerpon-Wellspring-Tera, F, tera:Water\n|-ability|p1a: Ogre Poon|Embody Aspect (Wellspring)|boost\n|-boost|p1a: Ogre Poon|spd|1\n|move|p2a: KIDS SEE GHOST|Draco Meteor|p1a: Ogre Poon|[miss]\n|-miss|p2a: KIDS SEE GHOST|p1a: Ogre Poon\n|move|p1a: Ogre Poon|Swords Dance|p1a: Ogre Poon\n|-boost|p1a: Ogre Poon|atk|2\n|\n|-fieldend|move: Grassy Terrain\n|upkeep\n|turn|20\n|\n|t:|1699906504\n|move|p2a: KIDS SEE GHOST|Draco Meteor|p1a: Ogre Poon\n|-damage|p1a: Ogre Poon|29\/100\n|-unboost|p2a: KIDS SEE GHOST|spa|2\n|move|p1a: Ogre Poon|Ivy Cudgel|p2a: KIDS SEE GHOST\n|-resisted|p2a: KIDS SEE GHOST\n|-crit|p2a: KIDS SEE GHOST\n|-damage|p2a: KIDS SEE GHOST|0 fnt\n|faint|p2a: KIDS SEE GHOST\n|\n|upkeep\n|\n|t:|1699906511\n|switch|p2a: N95|Greninja, M|100\/100\n|turn|21\n|\n|t:|1699906515\n|move|p2a: N95|Dark Pulse|p1a: Ogre Poon\n|-damage|p1a: Ogre Poon|0 fnt\n|faint|p1a: Ogre Poon\n|-ability|p2a: N95|Battle Bond|boost\n|-boost|p2a: N95|atk|1\n|-boost|p2a: N95|spa|1\n|-boost|p2a: N95|spe|1\n|-activate|p2a: N95|ability: Battle Bond\n|-damage|p2a: N95|91\/100|[from] item: Life Orb\n|\n|upkeep\n|\n|t:|1699906519\n|switch|p1a: Lewandowski|Cinderace, F, shiny|100\/100\n|turn|22\n|\n|t:|1699906521\n|move|p2a: N95|Hydro Pump|p1a: Lewandowski\n|-supereffective|p1a: Lewandowski\n|-damage|p1a: Lewandowski|0 fnt\n|faint|p1a: Lewandowski\n|-damage|p2a: N95|81\/100|[from] item: Life Orb\n|\n|upkeep\n|\n|t:|1699906522\n|switch|p1a: Steez Lord|Sneasler, F|100\/100\n|turn|23\n|\n|t:|1699906524\n|move|p2a: N95|Hydro Pump|p1a: Steez Lord\n|-damage|p1a: Steez Lord|0 fnt\n|faint|p1a: Steez Lord\n|-damage|p2a: N95|71\/100|[from] item: Life Orb\n|\n|upkeep\n|\n|t:|1699906526\n|switch|p1a: Chef Curry|Manaphy, shiny|36\/100\n|turn|24\n|\n|t:|1699906527\n|move|p2a: N95|Dark Pulse|p1a: Chef Curry\n|-damage|p1a: Chef Curry|0 fnt\n|faint|p1a: Chef Curry\n|-damage|p2a: N95|61\/100|[from] item: Life Orb\n|\n|win|littensalt\n|raw|Choice Bandington's rating: 1344 &rarr; <strong>1326<\/strong><br \/>(-18 for losing)\n|raw|littensalt's rating: 1377 &rarr; <strong>1395<\/strong><br \/>(+18 for winning)\n|l|\u2606Choice Bandington\n|c|\u2606littensalt|ggwp\n","uploadtime":1699906538,"views":14,"p1id":"choicebandington","p2id":"littensalt","formatid":"gen9ou","rating":1326,"private":0,"password":""}