{"id":"gen9ou-1996216009","p1":"natiakane","p2":"Senhor de Canavial","format":"[Gen 9] OU","log":"|j|\u2606natiakane\n|j|\u2606Senhor de Canavial\n|t:|1700660210\n|gametype|singles\n|player|p1|natiakane|dahlia|\n|player|p2|Senhor de Canavial|101|\n|teamsize|p1|6\n|teamsize|p2|6\n|gen|9\n|tier|[Gen 9] OU\n|rule|Sleep Clause Mod: Limit one foe put to sleep\n|rule|Species Clause: Limit one of each Pok\u00e9mon\n|rule|OHKO Clause: OHKO moves are banned\n|rule|Evasion Items Clause: Evasion items are banned\n|rule|Evasion Moves Clause: Evasion moves are banned\n|rule|Endless Battle Clause: Forcing endless battles is banned\n|rule|HP Percentage Mod: HP is shown in percentages\n|clearpoke\n|poke|p1|Garchomp, F|\n|poke|p1|Slither Wing|\n|poke|p1|Gyarados, M|\n|poke|p1|Tsareena, F|\n|poke|p1|Moltres-Galar|\n|poke|p1|Skeledirge, M|\n|poke|p2|Cloyster, M|\n|poke|p2|Bronzong|\n|poke|p2|Mimikyu, M|\n|poke|p2|Salamence, M|\n|poke|p2|Sylveon, M|\n|poke|p2|Talonflame, F|\n|teampreview\n|inactive|Battle timer is ON: inactive players will automatically lose when time's up. (requested by natiakane)\n|inactive|Senhor de Canavial has 270 seconds left.\n|\n|t:|1700660257\n|start\n|switch|p1a: Moltres|Moltres-Galar|100\/100\n|switch|p2a: Sylveon|Sylveon, M|100\/100\n|turn|1\n|\n|t:|1700660264\n|move|p1a: Moltres|U-turn|p2a: Sylveon\n|-resisted|p2a: Sylveon\n|-damage|p2a: Sylveon|93\/100\n|\n|t:|1700660269\n|switch|p1a: Skeledirge|Skeledirge, M|100\/100|[from] U-turn\n|move|p2a: Sylveon|Hyper Voice|p1a: Skeledirge\n|-resisted|p1a: Skeledirge\n|-damage|p1a: Skeledirge|70\/100\n|\n|-heal|p1a: Skeledirge|76\/100|[from] item: Leftovers\n|upkeep\n|turn|2\n|inactive|Senhor de Canavial has 270 seconds left.\n|\n|t:|1700660316\n|move|p1a: Skeledirge|Will-O-Wisp|p2a: Sylveon\n|-status|p2a: Sylveon|brn\n|move|p2a: Sylveon|Shadow Ball|p1a: Skeledirge\n|-supereffective|p1a: Skeledirge\n|-damage|p1a: Skeledirge|17\/100\n|\n|-heal|p1a: Skeledirge|23\/100|[from] item: Leftovers\n|-damage|p2a: Sylveon|87\/100 brn|[from] brn\n|upkeep\n|turn|3\n|inactive|Senhor de Canavial has 240 seconds left.\n|\n|t:|1700660343\n|switch|p2a: Talonflame|Talonflame, F|100\/100\n|move|p1a: Skeledirge|Slack Off|p1a: Skeledirge\n|-heal|p1a: Skeledirge|73\/100\n|\n|-heal|p1a: Skeledirge|79\/100|[from] item: Leftovers\n|upkeep\n|turn|4\n|inactive|Senhor de Canavial has 240 seconds left.\n|\n|t:|1700660362\n|switch|p1a: Garchomp|Garchomp, F|100\/100\n|move|p2a: Talonflame|Dual Wingbeat|p1a: Garchomp\n|-damage|p1a: Garchomp|93\/100\n|-damage|p2a: Talonflame|88\/100|[from] ability: Rough Skin|[of] p1a: Garchomp\n|-damage|p2a: Talonflame|71\/100|[from] item: Rocky Helmet|[of] p1a: Garchomp\n|-damage|p1a: Garchomp|86\/100\n|-damage|p2a: Talonflame|59\/100|[from] ability: Rough Skin|[of] p1a: Garchomp\n|-damage|p2a: Talonflame|42\/100|[from] item: Rocky Helmet|[of] p1a: Garchomp\n|-hitcount|p1a: Garchomp|2\n|\n|-heal|p2a: Talonflame|48\/100|[from] item: Leftovers\n|upkeep\n|turn|5\n|inactive|Senhor de Canavial has 240 seconds left.\n|\n|t:|1700660373\n|move|p2a: Talonflame|Will-O-Wisp|p1a: Garchomp\n|-status|p1a: Garchomp|brn\n|move|p1a: Garchomp|Stealth Rock|p2a: Talonflame\n|-sidestart|p2: Senhor de Canavial|move: Stealth Rock\n|\n|-heal|p2a: Talonflame|54\/100|[from] item: Leftovers\n|-damage|p1a: Garchomp|80\/100 brn|[from] brn\n|upkeep\n|turn|6\n|inactive|Senhor de Canavial has 240 seconds left.\n|\n|t:|1700660383\n|move|p2a: Talonflame|Bulk Up|p2a: Talonflame\n|-boost|p2a: Talonflame|atk|1\n|-boost|p2a: Talonflame|def|1\n|move|p1a: Garchomp|Dragon Tail|p2a: Talonflame\n|-damage|p2a: Talonflame|44\/100\n|drag|p2a: Mimikyu|Mimikyu, M|100\/100\n|-damage|p2a: Mimikyu|88\/100|[from] Stealth Rock\n|\n|-damage|p1a: Garchomp|74\/100 brn|[from] brn\n|upkeep\n|turn|7\n|inactive|Senhor de Canavial has 240 seconds left.\n|\n|t:|1700660403\n|move|p2a: Mimikyu|Play Rough|p1a: Garchomp\n|-supereffective|p1a: Garchomp\n|-damage|p1a: Garchomp|15\/100 brn\n|-damage|p2a: Mimikyu|76\/100|[from] ability: Rough Skin|[of] p1a: Garchomp\n|-damage|p2a: Mimikyu|59\/100|[from] item: Rocky Helmet|[of] p1a: Garchomp\n|-damage|p2a: Mimikyu|50\/100|[from] item: Life Orb\n|move|p1a: Garchomp|Earthquake|p2a: Mimikyu\n|-activate|p2a: Mimikyu|ability: Disguise\n|-damage|p2a: Mimikyu|50\/100\n|detailschange|p2a: Mimikyu|Mimikyu-Busted, M\n|-damage|p2a: Mimikyu|37\/100|[from] pokemon: Mimikyu-Busted\n|\n|-damage|p1a: Garchomp|9\/100 brn|[from] brn\n|upkeep\n|turn|8\n|inactive|Senhor de Canavial has 210 seconds left.\n|\n|t:|1700660442\n|switch|p1a: Skeledirge|Skeledirge, M|79\/100\n|move|p2a: Mimikyu|Swords Dance|p2a: Mimikyu\n|-boost|p2a: Mimikyu|atk|2\n|\n|-heal|p1a: Skeledirge|85\/100|[from] item: Leftovers\n|upkeep\n|turn|9\n|inactive|Senhor de Canavial has 210 seconds left.\n|\n|t:|1700660452\n|switch|p1a: Moltres|Moltres-Galar|100\/100\n|move|p2a: Mimikyu|Shadow Sneak|p1a: Moltres\n|-resisted|p1a: Moltres\n|-damage|p1a: Moltres|75\/100\n|-damage|p2a: Mimikyu|27\/100|[from] item: Life Orb\n|\n|upkeep\n|turn|10\n|inactive|Senhor de Canavial has 210 seconds left.\n|\n|t:|1700660469\n|switch|p1a: Skeledirge|Skeledirge, M|85\/100\n|move|p2a: Mimikyu|Swords Dance|p2a: Mimikyu\n|-boost|p2a: Mimikyu|atk|2\n|\n|-heal|p1a: Skeledirge|91\/100|[from] item: Leftovers\n|upkeep\n|turn|11\n|\n|t:|1700660478\n|move|p2a: Mimikyu|Play Rough|p1a: Skeledirge\n|-resisted|p1a: Skeledirge\n|-damage|p1a: Skeledirge|77\/100\n|-damage|p2a: Mimikyu|17\/100|[from] item: Life Orb\n|move|p1a: Skeledirge|Slack Off|p1a: Skeledirge\n|-heal|p1a: Skeledirge|100\/100\n|\n|upkeep\n|turn|12\n|inactive|Senhor de Canavial has 210 seconds left.\n|\n|t:|1700660493\n|move|p2a: Mimikyu|Shadow Sneak|p1a: Skeledirge\n|-supereffective|p1a: Skeledirge\n|-damage|p1a: Skeledirge|74\/100\n|-damage|p2a: Mimikyu|7\/100|[from] item: Life Orb\n|move|p1a: Skeledirge|Torch Song|p2a: Mimikyu\n|-damage|p2a: Mimikyu|0 fnt\n|-boost|p1a: Skeledirge|spa|1\n|faint|p2a: Mimikyu\n|\n|-heal|p1a: Skeledirge|80\/100|[from] item: Leftovers\n|upkeep\n|inactive|Senhor de Canavial has 210 seconds left.\n|\n|t:|1700660526\n|switch|p2a: Sylveon|Sylveon, M|87\/100 brn\n|-damage|p2a: Sylveon|74\/100 brn|[from] Stealth Rock\n|turn|13\n|\n|t:|1700660530\n|move|p1a: Skeledirge|Hex|p2a: Sylveon\n|-crit|p2a: Sylveon\n|-damage|p2a: Sylveon|23\/100 brn\n|move|p2a: Sylveon|Shadow Ball|p1a: Skeledirge\n|-supereffective|p1a: Skeledirge\n|-damage|p1a: Skeledirge|19\/100\n|\n|-heal|p1a: Skeledirge|25\/100|[from] item: Leftovers\n|-damage|p2a: Sylveon|17\/100 brn|[from] brn\n|upkeep\n|turn|14\n|\n|t:|1700660554\n|move|p1a: Skeledirge|Hex|p2a: Sylveon\n|-damage|p2a: Sylveon|0 fnt\n|faint|p2a: Sylveon\n|\n|-heal|p1a: Skeledirge|31\/100|[from] item: Leftovers\n|upkeep\n|\n|t:|1700660573\n|switch|p2a: Cloyster|Cloyster, M|100\/100\n|-damage|p2a: Cloyster|76\/100|[from] Stealth Rock\n|turn|15\n|\n|t:|1700660582\n|move|p2a: Cloyster|Rock Blast|p1a: Skeledirge\n|-supereffective|p1a: Skeledirge\n|-damage|p1a: Skeledirge|19\/100\n|-supereffective|p1a: Skeledirge\n|-damage|p1a: Skeledirge|7\/100\n|-supereffective|p1a: Skeledirge\n|-damage|p1a: Skeledirge|0 fnt\n|faint|p1a: Skeledirge\n|-hitcount|p1: Skeledirge|3\n|\n|upkeep\n|\n|t:|1700660586\n|switch|p1a: Moltres|Moltres-Galar|75\/100\n|turn|16\n|\n|t:|1700660598\n|move|p1a: Moltres|Fiery Wrath|p2a: Cloyster\n|-damage|p2a: Cloyster|0 fnt\n|faint|p2a: Cloyster\n|\n|upkeep\n|\n|t:|1700660613\n|switch|p2a: Bronzong|Bronzong|100\/100\n|-damage|p2a: Bronzong|94\/100|[from] Stealth Rock\n|turn|17\n|\n|t:|1700660626\n|-terastallize|p2a: Bronzong|Electric\n|move|p1a: Moltres|Fiery Wrath|p2a: Bronzong\n|-damage|p2a: Bronzong|38\/100\n|move|p2a: Bronzong|Light Screen|p2a: Bronzong\n|-sidestart|p2: Senhor de Canavial|move: Light Screen\n|\n|-heal|p2a: Bronzong|44\/100|[from] item: Leftovers\n|upkeep\n|turn|18\n|inactive|Senhor de Canavial has 180 seconds left.\n|inactive|Senhor de Canavial has 150 seconds left.\n|\n|t:|1700660689\n|move|p1a: Moltres|Fiery Wrath|p2a: Bronzong\n|-damage|p2a: Bronzong|16\/100\n|move|p2a: Bronzong|Stealth Rock|p1a: Moltres\n|-sidestart|p1: natiakane|move: Stealth Rock\n|\n|-heal|p2a: Bronzong|22\/100|[from] item: Leftovers\n|upkeep\n|turn|19\n|\n|t:|1700660696\n|move|p1a: Moltres|Fiery Wrath|p2a: Bronzong\n|-damage|p2a: Bronzong|0 fnt\n|faint|p2a: Bronzong\n|\n|upkeep\n|\n|t:|1700660699\n|switch|p2a: N DA TERAAAA|Salamence, M|100\/100\n|-damage|p2a: N DA TERAAAA|76\/100|[from] Stealth Rock\n|turn|20\n|\n|t:|1700660707\n|switch|p1a: Gyarados|Gyarados, M|100\/100\n|-damage|p1a: Gyarados|75\/100|[from] Stealth Rock\n|-ability|p1a: Gyarados|Intimidate|boost\n|-unboost|p2a: N DA TERAAAA|atk|1\n|move|p2a: N DA TERAAAA|Dragon Dance|p2a: N DA TERAAAA\n|-boost|p2a: N DA TERAAAA|atk|1\n|-boost|p2a: N DA TERAAAA|spe|1\n|\n|upkeep\n|turn|21\n|inactive|Senhor de Canavial has 150 seconds left.\n|\n|t:|1700660722\n|move|p2a: N DA TERAAAA|Dragon Dance|p2a: N DA TERAAAA\n|-boost|p2a: N DA TERAAAA|atk|1\n|-boost|p2a: N DA TERAAAA|spe|1\n|move|p1a: Gyarados|Taunt|p2a: N DA TERAAAA\n|-start|p2a: N DA TERAAAA|move: Taunt\n|\n|-sideend|p2: Senhor de Canavial|move: Light Screen\n|upkeep\n|turn|22\n|inactive|Senhor de Canavial has 150 seconds left.\n|\n|t:|1700660752\n|switch|p1a: Garchomp|Garchomp, F|9\/100 brn\n|-damage|p1a: Garchomp|3\/100 brn|[from] Stealth Rock\n|move|p2a: N DA TERAAAA|Dual Wingbeat|p1a: Garchomp\n|-damage|p1a: Garchomp|0 fnt\n|-damage|p2a: N DA TERAAAA|63\/100|[from] ability: Rough Skin|[of] p1a: Garchomp\n|-damage|p2a: N DA TERAAAA|47\/100|[from] item: Rocky Helmet|[of] p1a: Garchomp\n|faint|p1a: Garchomp\n|-ability|p2a: N DA TERAAAA|Moxie|boost\n|-boost|p2a: N DA TERAAAA|atk|1\n|-hitcount|p1: Garchomp|1\n|\n|upkeep\n|\n|t:|1700660761\n|switch|p1a: Gyarados|Gyarados, M|75\/100\n|-damage|p1a: Gyarados|50\/100|[from] Stealth Rock\n|-ability|p1a: Gyarados|Intimidate|boost\n|-unboost|p2a: N DA TERAAAA|atk|1\n|turn|23\n|\n|t:|1700660767\n|move|p2a: N DA TERAAAA|Dual Wingbeat|p1a: Gyarados\n|-damage|p1a: Gyarados|17\/100\n|-damage|p1a: Gyarados|0 fnt\n|faint|p1a: Gyarados\n|-ability|p2a: N DA TERAAAA|Moxie|boost\n|-boost|p2a: N DA TERAAAA|atk|1\n|-hitcount|p1: Gyarados|2\n|\n|upkeep\n|\n|t:|1700660769\n|switch|p1a: Tsareena|Tsareena, F|100\/100\n|-damage|p1a: Tsareena|88\/100|[from] Stealth Rock\n|turn|24\n|inactive|Senhor de Canavial has 150 seconds left.\n|\n|t:|1700660781\n|-terastallize|p1a: Tsareena|Fire\n|move|p2a: N DA TERAAAA|Dual Wingbeat|p1a: Tsareena\n|-damage|p1a: Tsareena|39\/100\n|-damage|p1a: Tsareena|0 fnt\n|faint|p1a: Tsareena\n|-ability|p2a: N DA TERAAAA|Moxie|boost\n|-boost|p2a: N DA TERAAAA|atk|1\n|-hitcount|p1: Tsareena|2\n|\n|-end|p2a: N DA TERAAAA|move: Taunt\n|upkeep\n|c|\u2606natiakane|Gg\n|\n|t:|1700660795\n|switch|p1a: Slither Wing|Slither Wing|100\/100\n|-damage|p1a: Slither Wing|88\/100|[from] Stealth Rock\n|-enditem|p1a: Slither Wing|Booster Energy\n|-activate|p1a: Slither Wing|ability: Protosynthesis|[fromitem]\n|-start|p1a: Slither Wing|protosynthesisatk\n|turn|25\n|c|\u2606Senhor de Canavial|vc pode mandar pra gnt?\n|c|\u2606Senhor de Canavial|to no pc do estagio\n|\n|t:|1700660802\n|move|p2a: N DA TERAAAA|Outrage|p1a: Slither Wing\n|-damage|p1a: Slither Wing|0 fnt\n|faint|p1a: Slither Wing\n|-end|p1a: Slither Wing|Protosynthesis|[silent]\n|-ability|p2a: N DA TERAAAA|Moxie|boost\n|-boost|p2a: N DA TERAAAA|atk|1\n|\n|upkeep\n|c|\u2606natiakane|Mando\n|\n|t:|1700660805\n|switch|p1a: Moltres|Moltres-Galar|75\/100\n|-damage|p1a: Moltres|50\/100|[from] Stealth Rock\n|turn|26\n|\n|t:|1700660811\n|move|p2a: N DA TERAAAA|Outrage|p1a: Moltres|[from]lockedmove\n|-damage|p1a: Moltres|0 fnt\n|faint|p1a: Moltres\n|\n|win|Senhor de Canavial\n|c|\u2606Senhor de Canavial|gg , obg\n","uploadtime":1700660814,"views":29,"p1id":"natiakane","p2id":"senhordecanavial","formatid":"gen9ou","rating":0,"private":0,"password":""}