{"id":"gen9ou-1988972740","p1":"Rubz15","p2":"wyverbal","format":"[Gen 9] OU","log":"|j|\u2606Rubz15\n|j|\u2606wyverbal\n|t:|1699796723\n|gametype|singles\n|player|p1|Rubz15|102|1117\n|player|p2|wyverbal|2|1193\n|teamsize|p1|6\n|teamsize|p2|6\n|gen|9\n|tier|[Gen 9] OU\n|rated|\n|rule|Sleep Clause Mod: Limit one foe put to sleep\n|rule|Species Clause: Limit one of each Pok\u00e9mon\n|rule|OHKO Clause: OHKO moves are banned\n|rule|Evasion Items Clause: Evasion items are banned\n|rule|Evasion Moves Clause: Evasion moves are banned\n|rule|Endless Battle Clause: Forcing endless battles is banned\n|rule|HP Percentage Mod: HP is shown in percentages\n|clearpoke\n|poke|p1|Rillaboom, M|\n|poke|p1|Weavile, F|\n|poke|p1|Iron Treads|\n|poke|p1|Fezandipiti, M|\n|poke|p1|Walking Wake|\n|poke|p1|Dragapult, F|\n|poke|p2|Zamazenta-*|\n|poke|p2|Kommo-o, F|\n|poke|p2|Ceruledge, M|\n|poke|p2|Tornadus, M|\n|poke|p2|Greninja-*, M|\n|poke|p2|Sandslash, M|\n|teampreview\n|inactive|Battle timer is ON: inactive players will automatically lose when time's up. (requested by wyverbal)\n|\n|t:|1699796738\n|start\n|switch|p1a: Weavile|Weavile, F|100\/100\n|switch|p2a: Zamazenta|Zamazenta, shiny|100\/100\n|-ability|p2a: Zamazenta|Dauntless Shield|boost\n|-boost|p2a: Zamazenta|def|1\n|-ability|p1a: Weavile|Pressure\n|turn|1\n|\n|t:|1699796752\n|-terastallize|p1a: Weavile|Fairy\n|move|p2a: Zamazenta|Light Screen|p2a: Zamazenta\n|-sidestart|p2: wyverbal|move: Light Screen\n|move|p1a: Weavile|Poison Jab|p2a: Zamazenta\n|-damage|p2a: Zamazenta|78\/100\n|\n|upkeep\n|turn|2\n|\n|t:|1699796759\n|move|p2a: Zamazenta|Iron Head|p1a: Weavile\n|-supereffective|p1a: Weavile\n|-damage|p1a: Weavile|24\/100\n|move|p1a: Weavile|Poison Jab|p2a: Zamazenta\n|-damage|p2a: Zamazenta|56\/100\n|\n|upkeep\n|turn|3\n|\n|t:|1699796765\n|switch|p1a: Walking Wake|Walking Wake|100\/100\n|-enditem|p1a: Walking Wake|Booster Energy\n|-activate|p1a: Walking Wake|ability: Protosynthesis|[fromitem]\n|-start|p1a: Walking Wake|protosynthesisspa\n|move|p2a: Zamazenta|Iron Head|p1a: Walking Wake\n|-resisted|p1a: Walking Wake\n|-damage|p1a: Walking Wake|89\/100\n|\n|upkeep\n|turn|4\n|\n|t:|1699796775\n|move|p2a: Zamazenta|Body Press|p1a: Walking Wake\n|-damage|p1a: Walking Wake|41\/100\n|move|p1a: Walking Wake|Flamethrower|p2a: Zamazenta\n|-damage|p2a: Zamazenta|40\/100\n|\n|upkeep\n|turn|5\n|\n|t:|1699796786\n|move|p2a: Zamazenta|Iron Head|p1a: Walking Wake\n|-resisted|p1a: Walking Wake\n|-damage|p1a: Walking Wake|30\/100\n|move|p1a: Walking Wake|Hydro Pump|p2a: Zamazenta|[miss]\n|-miss|p1a: Walking Wake|p2a: Zamazenta\n|\n|upkeep\n|turn|6\n|\n|t:|1699796792\n|move|p2a: Zamazenta|Body Press|p1a: Walking Wake\n|-damage|p1a: Walking Wake|0 fnt\n|faint|p1a: Walking Wake\n|-end|p1a: Walking Wake|Protosynthesis|[silent]\n|\n|upkeep\n|\n|t:|1699796795\n|switch|p1a: Rillaboom|Rillaboom, M|100\/100\n|-fieldstart|move: Grassy Terrain|[from] ability: Grassy Surge|[of] p1a: Rillaboom\n|turn|7\n|\n|t:|1699796801\n|move|p2a: Zamazenta|Reflect|p2a: Zamazenta\n|-sidestart|p2: wyverbal|Reflect\n|move|p1a: Rillaboom|Drain Punch|p2a: Zamazenta\n|-crit|p2a: Zamazenta\n|-damage|p2a: Zamazenta|6\/100\n|\n|-heal|p2a: Zamazenta|13\/100|[from] Grassy Terrain\n|upkeep\n|turn|8\n|\n|t:|1699796813\n|switch|p2a: Ceruledge|Ceruledge, M, shiny|100\/100\n|move|p1a: Rillaboom|Grassy Glide|p2a: Ceruledge\n|-resisted|p2a: Ceruledge\n|-damage|p2a: Ceruledge|86\/100\n|\n|-heal|p2a: Ceruledge|92\/100|[from] Grassy Terrain\n|-sideend|p2: wyverbal|move: Light Screen\n|upkeep\n|turn|9\n|\n|t:|1699796831\n|move|p2a: Ceruledge|Swords Dance|p2a: Ceruledge\n|-boost|p2a: Ceruledge|atk|2\n|move|p1a: Rillaboom|Knock Off|p2a: Ceruledge\n|-supereffective|p2a: Ceruledge\n|-damage|p2a: Ceruledge|39\/100\n|-enditem|p2a: Ceruledge|Heavy-Duty Boots|[from] move: Knock Off|[of] p1a: Rillaboom\n|\n|-heal|p2a: Ceruledge|45\/100|[from] Grassy Terrain\n|upkeep\n|turn|10\n|\n|t:|1699796841\n|move|p2a: Ceruledge|Bitter Blade|p1a: Rillaboom\n|-supereffective|p1a: Rillaboom\n|-damage|p1a: Rillaboom|0 fnt\n|-heal|p2a: Ceruledge|100\/100|[from] drain|[of] p1a: Rillaboom\n|faint|p1a: Rillaboom\n|\n|upkeep\n|\n|t:|1699796849\n|switch|p1a: Weavile|Weavile, F, tera:Fairy|24\/100\n|-ability|p1a: Weavile|Pressure\n|turn|11\n|\n|t:|1699796854\n|move|p2a: Ceruledge|Shadow Sneak|p1a: Weavile\n|-damage|p1a: Weavile|0 fnt\n|faint|p1a: Weavile\n|\n|-fieldend|move: Grassy Terrain\n|upkeep\n|\n|t:|1699796859\n|switch|p1a: Dragapult|Dragapult, F, shiny|100\/100\n|turn|12\n|\n|t:|1699796864\n|-terastallize|p2a: Ceruledge|Ghost\n|move|p1a: Dragapult|Sucker Punch|p2a: Ceruledge\n|-supereffective|p2a: Ceruledge\n|-damage|p2a: Ceruledge|65\/100\n|move|p2a: Ceruledge|Shadow Sneak|p1a: Dragapult\n|-supereffective|p1a: Dragapult\n|-damage|p1a: Dragapult|0 fnt\n|faint|p1a: Dragapult\n|\n|upkeep\n|\n|t:|1699796869\n|switch|p1a: Fezandipiti|Fezandipiti, M|100\/100\n|turn|13\n|\n|t:|1699796877\n|move|p1a: Fezandipiti|Shadow Claw|p2a: Ceruledge\n|-supereffective|p2a: Ceruledge\n|-damage|p2a: Ceruledge|38\/100\n|-status|p2a: Ceruledge|tox|[from] ability: Toxic Chain|[of] p1a: Fezandipiti\n|move|p2a: Ceruledge|Bitter Blade|p1a: Fezandipiti\n|-damage|p1a: Fezandipiti|0 fnt\n|-heal|p2a: Ceruledge|93\/100 tox|[from] drain|[of] p1a: Fezandipiti\n|faint|p1a: Fezandipiti\n|\n|-damage|p2a: Ceruledge|86\/100 tox|[from] psn\n|upkeep\n|\n|t:|1699796882\n|switch|p1a: Iron Treads|Iron Treads, shiny|100\/100\n|-enditem|p1a: Iron Treads|Booster Energy\n|-activate|p1a: Iron Treads|ability: Quark Drive|[fromitem]\n|-start|p1a: Iron Treads|quarkdriveatk\n|turn|14\n|\n|t:|1699796892\n|move|p1a: Iron Treads|Iron Head|p2a: Ceruledge\n|-damage|p2a: Ceruledge|51\/100 tox\n|move|p2a: Ceruledge|Bitter Blade|p1a: Iron Treads\n|-supereffective|p1a: Iron Treads\n|-damage|p1a: Iron Treads|0 fnt\n|-heal|p2a: Ceruledge|100\/100 tox|[from] drain|[of] p1a: Iron Treads\n|faint|p1a: Iron Treads\n|-end|p1a: Iron Treads|Quark Drive|[silent]\n|\n|win|wyverbal\n|raw|Rubz15's rating: 1117 &rarr; <strong>1097<\/strong><br \/>(-20 for losing)\n|raw|wyverbal's rating: 1193 &rarr; <strong>1213<\/strong><br \/>(+20 for winning)\n|l|\u2606Rubz15\n","uploadtime":1699796902,"views":9,"p1id":"rubz15","p2id":"wyverbal","formatid":"gen9ou","rating":1097,"private":0,"password":""}