{"id":"gen9ou-1994036800","p1":"vansh12","p2":"L0night","format":"[Gen 9] OU","log":"|j|\u2606vansh12\n|j|\u2606L0night\n|t:|1700397745\n|gametype|singles\n|player|p1|vansh12|265|1086\n|player|p2|L0night|1|1021\n|teamsize|p1|6\n|teamsize|p2|6\n|gen|9\n|tier|[Gen 9] OU\n|rated|\n|rule|Sleep Clause Mod: Limit one foe put to sleep\n|rule|Species Clause: Limit one of each Pok\u00e9mon\n|rule|OHKO Clause: OHKO moves are banned\n|rule|Evasion Items Clause: Evasion items are banned\n|rule|Evasion Moves Clause: Evasion moves are banned\n|rule|Endless Battle Clause: Forcing endless battles is banned\n|rule|HP Percentage Mod: HP is shown in percentages\n|clearpoke\n|poke|p1|Greninja-*, M|\n|poke|p1|Meowscarada, M|\n|poke|p1|Gholdengo|\n|poke|p1|Ceruledge, M|\n|poke|p1|Enamorus, F|\n|poke|p1|Corviknight, M|\n|poke|p2|Clefable, F|\n|poke|p2|Clodsire, M|\n|poke|p2|Ceruledge, M|\n|poke|p2|Dragapult, M|\n|poke|p2|Great Tusk|\n|poke|p2|Corviknight, F|\n|teampreview\n|\n|t:|1700397791\n|start\n|switch|p1a: Ceruledge|Ceruledge, M|100\/100\n|switch|p2a: Clefable|Clefable, F|100\/100\n|turn|1\n|\n|t:|1700397802\n|move|p1a: Ceruledge|Swords Dance|p1a: Ceruledge\n|-boost|p1a: Ceruledge|atk|2\n|move|p2a: Clefable|Knock Off|p1a: Ceruledge\n|-supereffective|p1a: Ceruledge\n|-damage|p1a: Ceruledge|58\/100\n|-ability|p1a: Ceruledge|Weak Armor|boost\n|-unboost|p1a: Ceruledge|def|1\n|-boost|p1a: Ceruledge|spe|2\n|-enditem|p1a: Ceruledge|Focus Sash|[from] move: Knock Off|[of] p2a: Clefable\n|\n|upkeep\n|turn|2\n|\n|t:|1700397832\n|move|p1a: Ceruledge|Bitter Blade|p2a: Clefable\n|-damage|p2a: Clefable|0 fnt\n|-heal|p1a: Ceruledge|100\/100|[from] drain|[of] p2a: Clefable\n|faint|p2a: Clefable\n|\n|upkeep\n|\n|t:|1700397845\n|switch|p2a: Great Tusk|Great Tusk|100\/100\n|turn|3\n|\n|t:|1700397867\n|-terastallize|p1a: Ceruledge|Flying\n|move|p1a: Ceruledge|Poltergeist|p2a: Great Tusk\n|-activate|p2a: Great Tusk|move: Poltergeist|Leftovers\n|-damage|p2a: Great Tusk|29\/100\n|move|p2a: Great Tusk|Headlong Rush|p1a: Ceruledge\n|-immune|p1a: Ceruledge\n|\n|-heal|p2a: Great Tusk|36\/100|[from] item: Leftovers\n|upkeep\n|turn|4\n|\n|t:|1700397897\n|-end|p2a: Great Tusk|Protosynthesis|[silent]\n|switch|p2a: Corviknight|Corviknight, F|100\/100\n|move|p1a: Ceruledge|Poltergeist|p2a: Corviknight\n|-activate|p2a: Corviknight|move: Poltergeist|Rocky Helmet\n|-damage|p2a: Corviknight|25\/100\n|\n|upkeep\n|turn|5\n|\n|t:|1700397926\n|move|p1a: Ceruledge|Bitter Blade|p2a: Corviknight\n|-supereffective|p2a: Corviknight\n|-damage|p2a: Corviknight|0 fnt\n|-damage|p1a: Ceruledge|84\/100|[from] item: Rocky Helmet|[of] p2a: Corviknight\n|faint|p2a: Corviknight\n|\n|upkeep\n|\n|t:|1700397934\n|switch|p2a: Clodsire|Clodsire, M|100\/100\n|turn|6\n|\n|t:|1700397941\n|move|p1a: Ceruledge|Swords Dance|p1a: Ceruledge\n|-boost|p1a: Ceruledge|atk|2\n|move|p2a: Clodsire|Toxic|p1a: Ceruledge\n|-status|p1a: Ceruledge|tox\n|\n|-damage|p1a: Ceruledge|78\/100 tox|[from] psn\n|upkeep\n|turn|7\n|\n|t:|1700397952\n|move|p1a: Ceruledge|Bitter Blade|p2a: Clodsire\n|-damage|p2a: Clodsire|0 fnt\n|-heal|p1a: Ceruledge|100\/100 tox|[from] drain|[of] p2a: Clodsire\n|faint|p2a: Clodsire\n|\n|-damage|p1a: Ceruledge|88\/100 tox|[from] psn\n|upkeep\n|-message|L0night forfeited.\n|\n|win|vansh12\n|raw|vansh12's rating: 1086 &rarr; <strong>1108<\/strong><br \/>(+22 for winning)\n|raw|L0night's rating: 1021 &rarr; <strong>1010<\/strong><br \/>(-11 for losing)\n|l|\u2606L0night\n","uploadtime":1700397962,"views":6,"p1id":"vansh12","p2id":"l0night","formatid":"gen9ou","rating":1010,"private":0,"password":""}