{"id":"gen9ou-1997010278","p1":"asdkrf","p2":"Angel_Oceanpart","format":"[Gen 9] OU","log":"|j|\u2606asdkrf\n|j|\u2606Angel_Oceanpart\n|t:|1700755336\n|gametype|singles\n|player|p1|asdkrf|266|1188\n|player|p2|Angel_Oceanpart|preschoolerf|1298\n|teamsize|p1|6\n|teamsize|p2|6\n|gen|9\n|tier|[Gen 9] OU\n|rated|\n|rule|Sleep Clause Mod: Limit one foe put to sleep\n|rule|Species Clause: Limit one of each Pok\u00e9mon\n|rule|OHKO Clause: OHKO moves are banned\n|rule|Evasion Items Clause: Evasion items are banned\n|rule|Evasion Moves Clause: Evasion moves are banned\n|rule|Endless Battle Clause: Forcing endless battles is banned\n|rule|HP Percentage Mod: HP is shown in percentages\n|clearpoke\n|poke|p1|Kommo-o, M|\n|poke|p1|Weavile, F|\n|poke|p1|Mimikyu, M|\n|poke|p1|Jirachi|\n|poke|p1|Salamence, F|\n|poke|p1|Landorus-Therian, M|\n|poke|p2|Ditto|\n|poke|p2|Alomomola, M|\n|poke|p2|Corviknight, F|\n|poke|p2|Heatran, F|\n|poke|p2|Pawmot, M|\n|poke|p2|Zoroark, M|\n|teampreview\n|\n|t:|1700755350\n|start\n|switch|p1a: G1!5c0r|Landorus-Therian, M|100\/100\n|switch|p2a: Retry|Pawmot, M|100\/100\n|-ability|p1a: G1!5c0r|Intimidate|boost\n|-unboost|p2a: Retry|atk|1\n|turn|1\n|\n|t:|1700755359\n|switch|p1a: Mew2|Jirachi, shiny|100\/100\n|move|p2a: Retry|U-turn|p1a: Mew2\n|-damage|p1a: Mew2|85\/100\n|\n|t:|1700755369\n|switch|p2a: Betrayal|Heatran, F|100\/100|[from] U-turn\n|\n|upkeep\n|turn|2\n|c|\u2606asdkrf|pawmot was zoruark\n|\n|t:|1700755382\n|switch|p1a: G1!5c0r|Landorus-Therian, M|100\/100\n|-ability|p1a: G1!5c0r|Intimidate|boost\n|-unboost|p2a: Betrayal|atk|1\n|move|p2a: Betrayal|Overheat|p1a: G1!5c0r\n|-damage|p1a: G1!5c0r|0 fnt\n|-unboost|p2a: Betrayal|spa|2\n|faint|p1a: G1!5c0r\n|\n|upkeep\n|c|\u2606Angel_Oceanpart|idk\n|c|\u2606asdkrf|pawmot doesnt have utrn\n|inactive|Battle timer is ON: inactive players will automatically lose when time's up. (requested by Angel_Oceanpart)\n|c|\u2606Angel_Oceanpart|XD\n|\n|t:|1700755407\n|switch|p1a: 2ttut3r M4n3|Mimikyu, M, shiny|100\/100\n|turn|3\n|\n|t:|1700755414\n|switch|p2a: Forgive|Corviknight, F|100\/100\n|-ability|p2a: Forgive|Pressure\n|move|p1a: 2ttut3r M4n3|Swords Dance|p1a: 2ttut3r M4n3\n|-boost|p1a: 2ttut3r M4n3|atk|2\n|\n|upkeep\n|turn|4\n|\n|t:|1700755425\n|move|p1a: 2ttut3r M4n3|Swords Dance|p1a: 2ttut3r M4n3\n|-boost|p1a: 2ttut3r M4n3|atk|2\n|move|p2a: Forgive|U-turn|p1a: 2ttut3r M4n3\n|-activate|p1a: 2ttut3r M4n3|ability: Disguise\n|-damage|p1a: 2ttut3r M4n3|100\/100\n|detailschange|p1a: 2ttut3r M4n3|Mimikyu-Busted, M, shiny\n|-damage|p1a: 2ttut3r M4n3|88\/100|[from] pokemon: Mimikyu-Busted\n|\n|t:|1700755428\n|switch|p2a: Tori|Ditto|100\/100|[from] U-turn\n|-transform|p2a: Tori|p1a: 2ttut3r M4n3|[from] ability: Imposter\n|\n|upkeep\n|turn|5\n|\n|t:|1700755438\n|-terastallize|p2a: Tori|Fairy\n|move|p1a: 2ttut3r M4n3|Shadow Sneak|p2a: Tori\n|-damage|p2a: Tori|12\/100\n|-enditem|p2a: Tori|Red Card|[of] p1a: 2ttut3r M4n3\n|drag|p1a: K0r4D0n|Kommo-o, M, shiny|100\/100\n|move|p2a: Tori|Shadow Sneak|p1a: K0r4D0n\n|-damage|p1a: K0r4D0n|50\/100\n|\n|upkeep\n|turn|6\n|\n|t:|1700755445\n|switch|p1a: Mew2|Jirachi, shiny|85\/100\n|move|p2a: Tori|Shadow Sneak|p1a: Mew2\n|-supereffective|p1a: Mew2\n|-damage|p1a: Mew2|0 fnt\n|faint|p1a: Mew2\n|\n|upkeep\n|\n|t:|1700755451\n|switch|p1a: Ch3!n P40|Weavile, F|100\/100\n|-ability|p1a: Ch3!n P40|Pressure\n|turn|7\n|\n|t:|1700755468\n|switch|p2a: Tora|Alomomola, M|100\/100\n|move|p1a: Ch3!n P40|Ice Shard|p2a: Tora\n|-resisted|p2a: Tora\n|-damage|p2a: Tora|90\/100\n|-enditem|p2a: Tora|Red Card|[of] p1a: Ch3!n P40\n|drag|p1a: K0r4D0n|Kommo-o, M, shiny|50\/100\n|\n|upkeep\n|turn|8\n|\n|t:|1700755478\n|move|p1a: K0r4D0n|Dragon Dance|p1a: K0r4D0n\n|-boost|p1a: K0r4D0n|atk|1\n|-boost|p1a: K0r4D0n|spe|1\n|move|p2a: Tora|Wish|p2a: Tora\n|\n|upkeep\n|turn|9\n|\n|t:|1700755483\n|move|p1a: K0r4D0n|Dragon Dance|p1a: K0r4D0n\n|-boost|p1a: K0r4D0n|atk|1\n|-boost|p1a: K0r4D0n|spe|1\n|move|p2a: Tora|Flip Turn|p1a: K0r4D0n\n|-resisted|p1a: K0r4D0n\n|-damage|p1a: K0r4D0n|43\/100\n|\n|t:|1700755486\n|switch|p2a: Tori|Ditto, tera:Fairy|12\/100|[from] Flip Turn\n|-transform|p2a: Tori|p1a: K0r4D0n|[from] ability: Imposter\n|\n|-heal|p2a: Tori|98\/100|[from] move: Wish|[wisher] Tora\n|upkeep\n|turn|10\n|\n|t:|1700755504\n|move|p1a: K0r4D0n|Iron Head|p2a: Tori\n|-supereffective|p2a: Tori\n|-crit|p2a: Tori\n|-damage|p2a: Tori|0 fnt\n|faint|p2a: Tori\n|\n|upkeep\n|\n|t:|1700755519\n|switch|p2a: Forgive|Corviknight, F|100\/100\n|-ability|p2a: Forgive|Pressure\n|turn|11\n|\n|t:|1700755524\n|move|p1a: K0r4D0n|Drain Punch|p2a: Forgive\n|-damage|p2a: Forgive|52\/100\n|-heal|p1a: K0r4D0n|76\/100|[from] drain|[of] p2a: Forgive\n|-enditem|p2a: Forgive|Red Card|[of] p1a: K0r4D0n\n|drag|p1a: 2ttut3r M4n3|Mimikyu-Busted, M, shiny|88\/100\n|move|p2a: Forgive|U-turn|p1a: 2ttut3r M4n3\n|-resisted|p1a: 2ttut3r M4n3\n|-damage|p1a: 2ttut3r M4n3|82\/100\n|\n|t:|1700755545\n|switch|p2a: Betrayal|Heatran, F|100\/100|[from] U-turn\n|\n|upkeep\n|turn|12\n|\n|t:|1700755550\n|move|p1a: 2ttut3r M4n3|Drain Punch|p2a: Betrayal\n|-supereffective|p2a: Betrayal\n|-damage|p2a: Betrayal|47\/100\n|-heal|p1a: 2ttut3r M4n3|100\/100|[from] drain|[of] p2a: Betrayal\n|-damage|p1a: 2ttut3r M4n3|91\/100|[from] item: Life Orb\n|move|p2a: Betrayal|Overheat|p1a: 2ttut3r M4n3\n|-damage|p1a: 2ttut3r M4n3|0 fnt\n|-unboost|p2a: Betrayal|spa|2\n|faint|p1a: 2ttut3r M4n3\n|\n|upkeep\n|\n|t:|1700755560\n|switch|p1a: 5n0r!ng m00n|Salamence, F|100\/100\n|-ability|p1a: 5n0r!ng m00n|Intimidate|boost\n|-unboost|p2a: Betrayal|atk|1\n|turn|13\n|\n|t:|1700755569\n|switch|p2a: Tora|Alomomola, M|100\/100\n|-terastallize|p1a: 5n0r!ng m00n|Dragon\n|move|p1a: 5n0r!ng m00n|Draco Meteor|p2a: Tora\n|-damage|p2a: Tora|5\/100\n|-unboost|p1a: 5n0r!ng m00n|spa|2\n|\n|upkeep\n|turn|14\n|c|\u2606Angel_Oceanpart|spatk huh\n|c|\u2606asdkrf|yep\n|\n|t:|1700755587\n|switch|p2a: Forgive|Corviknight, F|52\/100\n|-ability|p2a: Forgive|Pressure\n|move|p1a: 5n0r!ng m00n|Draco Meteor|p2a: Forgive\n|-resisted|p2a: Forgive\n|-damage|p2a: Forgive|25\/100\n|-unboost|p1a: 5n0r!ng m00n|spa|2\n|\n|upkeep\n|turn|15\n|c|\u2606asdkrf|suprisng\n|c|\u2606Angel_Oceanpart|yeah\n|\n|t:|1700755597\n|switch|p1a: K0r4D0n|Kommo-o, M, shiny|76\/100\n|move|p2a: Forgive|Roost|p2a: Forgive\n|-heal|p2a: Forgive|75\/100\n|-singleturn|p2a: Forgive|move: Roost\n|\n|upkeep\n|turn|16\n|\n|t:|1700755606\n|move|p1a: K0r4D0n|Drain Punch|p2a: Forgive\n|-damage|p2a: Forgive|51\/100\n|-heal|p1a: K0r4D0n|93\/100|[from] drain|[of] p2a: Forgive\n|move|p2a: Forgive|Brave Bird|p1a: K0r4D0n\n|-supereffective|p1a: K0r4D0n\n|-damage|p1a: K0r4D0n|18\/100\n|-damage|p2a: Forgive|33\/100|[from] Recoil\n|\n|upkeep\n|turn|17\n|\n|t:|1700755618\n|move|p1a: K0r4D0n|Drain Punch|p2a: Forgive\n|-damage|p2a: Forgive|10\/100\n|-heal|p1a: K0r4D0n|33\/100|[from] drain|[of] p2a: Forgive\n|move|p2a: Forgive|Brave Bird|p1a: K0r4D0n\n|-supereffective|p1a: K0r4D0n\n|-damage|p1a: K0r4D0n|0 fnt\n|faint|p1a: K0r4D0n\n|-damage|p2a: Forgive|3\/100|[from] Recoil\n|\n|upkeep\n|\n|t:|1700755628\n|switch|p1a: 5n0r!ng m00n|Salamence, F, tera:Dragon|100\/100\n|-ability|p1a: 5n0r!ng m00n|Intimidate|boost\n|-unboost|p2a: Forgive|atk|1\n|turn|18\n|\n|t:|1700755636\n|move|p1a: 5n0r!ng m00n|Hyper Voice|p2a: Forgive\n|-resisted|p2a: Forgive\n|-damage|p2a: Forgive|0 fnt\n|faint|p2a: Forgive\n|\n|upkeep\n|\n|t:|1700755653\n|switch|p2a: Tora|Alomomola, M|38\/100\n|turn|19\n|\n|t:|1700755657\n|switch|p2a: Betrayal|Heatran, F|47\/100\n|move|p1a: 5n0r!ng m00n|Hyper Voice|p2a: Betrayal\n|-resisted|p2a: Betrayal\n|-damage|p2a: Betrayal|32\/100\n|\n|upkeep\n|turn|20\n|\n|t:|1700755669\n|move|p1a: 5n0r!ng m00n|Hyper Voice|p2a: Betrayal\n|-resisted|p2a: Betrayal\n|-damage|p2a: Betrayal|18\/100\n|move|p2a: Betrayal|Flash Cannon|p1a: 5n0r!ng m00n\n|-damage|p1a: 5n0r!ng m00n|20\/100\n|-unboost|p1a: 5n0r!ng m00n|spd|1\n|\n|upkeep\n|turn|21\n|c|\u2606asdkrf|specs\n|\n|t:|1700755676\n|move|p1a: 5n0r!ng m00n|Hyper Voice|p2a: Betrayal\n|-resisted|p2a: Betrayal\n|-damage|p2a: Betrayal|2\/100\n|move|p2a: Betrayal|Flash Cannon|p1a: 5n0r!ng m00n\n|-damage|p1a: 5n0r!ng m00n|0 fnt\n|faint|p1a: 5n0r!ng m00n\n|\n|upkeep\n|\n|t:|1700755683\n|switch|p1a: Ch3!n P40|Weavile, F|100\/100\n|-ability|p1a: Ch3!n P40|Pressure\n|turn|22\n|c|\u2606Angel_Oceanpart|yeah thought so from the dmg alo took\n|\n|t:|1700755698\n|move|p1a: Ch3!n P40|Knock Off|p2a: Betrayal\n|-damage|p2a: Betrayal|0 fnt\n|-enditem|p2a: Betrayal|Choice Specs|[from] move: Knock Off|[of] p1a: Ch3!n P40\n|faint|p2a: Betrayal\n|\n|upkeep\n|\n|t:|1700755715\n|switch|p2a: Retry|Pawmot, M|100\/100\n|turn|23\n|\n|t:|1700755718\n|move|p1a: Ch3!n P40|Knock Off|p2a: Retry\n|-resisted|p2a: Retry\n|-damage|p2a: Retry|58\/100\n|-enditem|p2a: Retry|Leppa Berry|[from] move: Knock Off|[of] p1a: Ch3!n P40\n|move|p2a: Retry|Close Combat|p1a: Ch3!n P40\n|-supereffective|p1a: Ch3!n P40\n|-damage|p1a: Ch3!n P40|0 fnt\n|-unboost|p2a: Retry|def|1\n|-unboost|p2a: Retry|spd|1\n|faint|p1a: Ch3!n P40\n|\n|win|Angel_Oceanpart\n|raw|asdkrf's rating: 1188 &rarr; <strong>1171<\/strong><br \/>(-17 for losing)\n|raw|Angel_Oceanpart's rating: 1298 &rarr; <strong>1315<\/strong><br \/>(+17 for winning)\n|c|\u2606asdkrf|gg\n|c|\u2606Angel_Oceanpart|gg wp\n|l|\u2606asdkrf\n","uploadtime":1700755728,"views":1,"p1id":"asdkrf","p2id":"angeloceanpart","formatid":"gen9ou","rating":1171,"private":0,"password":""}