{"id":"gen9ou-1991490918","p1":"Sensei Milia","p2":"Supierre","format":"[Gen 9] OU","log":"|j|\u2606Sensei Milia\n|j|\u2606Supierre\n|t:|1700081761\n|gametype|singles\n|player|p1|Sensei Milia|swimmerf|1211\n|player|p2|Supierre|brock|1106\n|teamsize|p1|6\n|teamsize|p2|6\n|gen|9\n|tier|[Gen 9] OU\n|rated|\n|rule|Sleep Clause Mod: Limit one foe put to sleep\n|rule|Species Clause: Limit one of each Pok\u00e9mon\n|rule|OHKO Clause: OHKO moves are banned\n|rule|Evasion Items Clause: Evasion items are banned\n|rule|Evasion Moves Clause: Evasion moves are banned\n|rule|Endless Battle Clause: Forcing endless battles is banned\n|rule|HP Percentage Mod: HP is shown in percentages\n|clearpoke\n|poke|p1|Heatran, M|\n|poke|p1|Garganacl, M|\n|poke|p1|Ceruledge, F|\n|poke|p1|Clodsire, M|\n|poke|p1|Breloom, M|\n|poke|p1|Clefable, M|\n|poke|p2|Garchomp, M|\n|poke|p2|Quaquaval, F|\n|poke|p2|Graveler-Alola, F|\n|poke|p2|Kleavor, F|\n|poke|p2|Ogerpon, F|\n|poke|p2|Frosmoth, F|\n|teampreview\n|inactive|Battle timer is ON: inactive players will automatically lose when time's up. (requested by Supierre)\n|\n|t:|1700081777\n|start\n|switch|p1a: Breloom|Breloom, M|100\/100\n|switch|p2a: Frosmoth|Frosmoth, F, shiny|100\/100\n|turn|1\n|inactive|Sensei Milia has 120 seconds left.\n|inactive|Supierre has 120 seconds left.\n|\n|t:|1700081817\n|-terastallize|p2a: Frosmoth|Water\n|move|p2a: Frosmoth|Bug Buzz|p1a: Breloom\n|-damage|p1a: Breloom|48\/100\n|move|p1a: Breloom|Spore|p2a: Frosmoth\n|-status|p2a: Frosmoth|slp|[from] move: Spore\n|\n|-status|p1a: Breloom|tox|[from] item: Toxic Orb\n|upkeep\n|turn|2\n|inactive|Sensei Milia has 120 seconds left.\n|inactive|Supierre has 120 seconds left.\n|\n|t:|1700081831\n|cant|p2a: Frosmoth|slp\n|move|p1a: Breloom|Bulk Up|p1a: Breloom\n|-boost|p1a: Breloom|atk|1\n|-boost|p1a: Breloom|def|1\n|\n|-heal|p1a: Breloom|61\/100 tox|[from] ability: Poison Heal\n|upkeep\n|turn|3\n|inactive|Supierre has 120 seconds left.\n|\n|t:|1700081837\n|-curestatus|p2a: Frosmoth|slp|[msg]\n|move|p2a: Frosmoth|Quiver Dance|p2a: Frosmoth\n|-boost|p2a: Frosmoth|spa|1\n|-boost|p2a: Frosmoth|spd|1\n|-boost|p2a: Frosmoth|spe|1\n|move|p1a: Breloom|Thunder Punch|p2a: Frosmoth\n|-supereffective|p2a: Frosmoth\n|-enditem|p2a: Frosmoth|Focus Sash\n|-damage|p2a: Frosmoth|1\/100\n|\n|-heal|p1a: Breloom|73\/100 tox|[from] ability: Poison Heal\n|upkeep\n|turn|4\n|inactive|Supierre has 120 seconds left.\n|\n|t:|1700081848\n|switch|p1a: Ceruledge|Ceruledge, F|100\/100\n|move|p2a: Frosmoth|Bug Buzz|p1a: Ceruledge\n|-resisted|p1a: Ceruledge\n|-damage|p1a: Ceruledge|83\/100\n|\n|upkeep\n|turn|5\n|inactive|Supierre has 120 seconds left.\n|\n|t:|1700081865\n|move|p1a: Ceruledge|Shadow Sneak|p2a: Frosmoth\n|-damage|p2a: Frosmoth|0 fnt\n|faint|p2a: Frosmoth\n|\n|upkeep\n|\n|t:|1700081875\n|switch|p2a: Kleavor|Kleavor, F|100\/100\n|turn|6\n|\n|t:|1700081883\n|move|p2a: Kleavor|Stone Axe|p1a: Ceruledge\n|-supereffective|p1a: Ceruledge\n|-damage|p1a: Ceruledge|0 fnt\n|-sidestart|p1: Sensei Milia|move: Stealth Rock\n|faint|p1a: Ceruledge\n|\n|upkeep\n|\n|t:|1700081897\n|switch|p1a: Clodsire|Clodsire, M|100\/100\n|-damage|p1a: Clodsire|94\/100|[from] Stealth Rock\n|turn|7\n|\n|t:|1700081916\n|switch|p2a: Garchomp|Garchomp, M|100\/100\n|move|p1a: Clodsire|Toxic|p2a: Garchomp\n|-status|p2a: Garchomp|tox\n|-enditem|p2a: Garchomp|Lum Berry|[eat]\n|-curestatus|p2a: Garchomp|tox|[msg]\n|\n|-heal|p1a: Clodsire|100\/100|[from] item: Leftovers\n|upkeep\n|turn|8\n|\n|t:|1700081926\n|move|p1a: Clodsire|Protect|p1a: Clodsire\n|-singleturn|p1a: Clodsire|Protect\n|move|p2a: Garchomp|Swords Dance|p2a: Garchomp\n|-boost|p2a: Garchomp|atk|2\n|\n|upkeep\n|turn|9\n|\n|t:|1700081940\n|move|p2a: Garchomp|Earthquake|p1a: Clodsire\n|-supereffective|p1a: Clodsire\n|-damage|p1a: Clodsire|0 fnt\n|faint|p1a: Clodsire\n|\n|upkeep\n|\n|t:|1700081945\n|switch|p1a: Heatran|Heatran, M, shiny|100\/100\n|-damage|p1a: Heatran|88\/100|[from] Stealth Rock\n|-item|p1a: Heatran|Air Balloon\n|turn|10\n|\n|t:|1700081958\n|move|p2a: Garchomp|Scale Shot|p1a: Heatran\n|-resisted|p1a: Heatran\n|-damage|p1a: Heatran|76\/100\n|-enditem|p1a: Heatran|Air Balloon\n|-resisted|p1a: Heatran\n|-damage|p1a: Heatran|66\/100\n|-resisted|p1a: Heatran\n|-damage|p1a: Heatran|55\/100\n|-hitcount|p1a: Heatran|3\n|-unboost|p2a: Garchomp|def|1\n|-boost|p2a: Garchomp|spe|1\n|move|p1a: Heatran|Magma Storm|p2a: Garchomp\n|-resisted|p2a: Garchomp\n|-damage|p2a: Garchomp|69\/100\n|-activate|p2a: Garchomp|move: Magma Storm|[of] p1a: Heatran\n|\n|-damage|p2a: Garchomp|57\/100|[from] move: Magma Storm|[partiallytrapped]\n|upkeep\n|turn|11\n|\n|t:|1700081973\n|move|p2a: Garchomp|Earthquake|p1a: Heatran\n|-supereffective|p1a: Heatran\n|-damage|p1a: Heatran|0 fnt\n|faint|p1a: Heatran\n|\n|-end|p2a: Garchomp|Magma Storm|[partiallytrapped]|[silent]\n|upkeep\n|\n|t:|1700081981\n|switch|p1a: Garganacl|Garganacl, M, shiny|100\/100\n|-damage|p1a: Garganacl|88\/100|[from] Stealth Rock\n|turn|12\n|\n|t:|1700081986\n|-terastallize|p1a: Garganacl|Water\n|move|p2a: Garchomp|Earthquake|p1a: Garganacl\n|-damage|p1a: Garganacl|20\/100\n|move|p1a: Garganacl|Iron Defense|p1a: Garganacl\n|-boost|p1a: Garganacl|def|2\n|\n|-heal|p1a: Garganacl|26\/100|[from] item: Leftovers\n|upkeep\n|turn|13\n|\n|t:|1700081998\n|move|p2a: Garchomp|Earthquake|p1a: Garganacl\n|-damage|p1a: Garganacl|0 fnt\n|faint|p1a: Garganacl\n|\n|upkeep\n|-message|Sensei Milia forfeited.\n|\n|win|Supierre\n|raw|Sensei Milia's rating: 1211 &rarr; <strong>1179<\/strong><br \/>(-32 for losing)\n|raw|Supierre's rating: 1106 &rarr; <strong>1138<\/strong><br \/>(+32 for winning)\n|l|\u2606Sensei Milia\n","uploadtime":1700082010,"views":26,"p1id":"senseimilia","p2id":"supierre","formatid":"gen9ou","rating":1138,"private":0,"password":""}