{"id":"gen9ou-1999658761","p1":"JabobFrog2","p2":"Mythic's Shadow","format":"[Gen 9] OU","log":"|j|\u2606JabobFrog2\n|j|\u2606Mythic's Shadow\n|t:|1701105339\n|gametype|singles\n|player|p1|JabobFrog2|blackbelt|1063\n|player|p2|Mythic's Shadow|tate|1134\n|teamsize|p1|6\n|teamsize|p2|6\n|gen|9\n|tier|[Gen 9] OU\n|rated|\n|rule|Sleep Clause Mod: Limit one foe put to sleep\n|rule|Species Clause: Limit one of each Pok\u00e9mon\n|rule|OHKO Clause: OHKO moves are banned\n|rule|Evasion Items Clause: Evasion items are banned\n|rule|Evasion Moves Clause: Evasion moves are banned\n|rule|Endless Battle Clause: Forcing endless battles is banned\n|rule|HP Percentage Mod: HP is shown in percentages\n|clearpoke\n|poke|p1|Poliwrath, F|\n|poke|p1|Pelipper, M|\n|poke|p1|Rillaboom, F|\n|poke|p1|Iron Treads|\n|poke|p1|Zapdos|\n|poke|p1|Iron Moth|\n|poke|p2|Polteageist|\n|poke|p2|Ogerpon-Wellspring, F|\n|poke|p2|Ribombee, M|\n|poke|p2|Quaquaval, M|\n|poke|p2|Hatterene, F|\n|poke|p2|Kingambit, M|\n|teampreview\n|inactive|Battle timer is ON: inactive players will automatically lose when time's up. (requested by Mythic's Shadow)\n|\n|t:|1701105349\n|start\n|switch|p1a: Pelipper|Pelipper, M|100\/100\n|switch|p2a: Polteageist|Polteageist, shiny|100\/100\n|-weather|RainDance|[from] ability: Drizzle|[of] p1a: Pelipper\n|turn|1\n|\n|t:|1701105356\n|move|p2a: Polteageist|Shell Smash|p2a: Polteageist\n|-unboost|p2a: Polteageist|def|1\n|-unboost|p2a: Polteageist|spd|1\n|-boost|p2a: Polteageist|atk|2\n|-boost|p2a: Polteageist|spa|2\n|-boost|p2a: Polteageist|spe|2\n|move|p1a: Pelipper|Surf|p2a: Polteageist\n|-damage|p2a: Polteageist|21\/100\n|\n|-weather|RainDance|[upkeep]\n|upkeep\n|turn|2\n|\n|t:|1701105363\n|switch|p1a: Iron Treads|Iron Treads|100\/100\n|move|p2a: Polteageist|Stored Power|p1a: Iron Treads\n|-resisted|p1a: Iron Treads\n|-damage|p1a: Iron Treads|49\/100\n|\n|-weather|RainDance|[upkeep]\n|upkeep\n|turn|3\n|\n|t:|1701105373\n|move|p2a: Polteageist|Stored Power|p1a: Iron Treads\n|-resisted|p1a: Iron Treads\n|-damage|p1a: Iron Treads|0 fnt\n|faint|p1a: Iron Treads\n|-end|p1a: Iron Treads|Quark Drive|[silent]\n|\n|-weather|RainDance|[upkeep]\n|upkeep\n|\n|t:|1701105375\n|switch|p1a: Rillaboom|Rillaboom, F|100\/100\n|-fieldstart|move: Grassy Terrain|[from] ability: Grassy Surge|[of] p1a: Rillaboom\n|turn|4\n|\n|t:|1701105387\n|switch|p2a: Kingambit|Kingambit, M|100\/100\n|move|p1a: Rillaboom|Grassy Glide|p2a: Kingambit\n|-resisted|p2a: Kingambit\n|-damage|p2a: Kingambit|79\/100\n|\n|-weather|RainDance|[upkeep]\n|-heal|p2a: Kingambit|85\/100|[from] Grassy Terrain\n|upkeep\n|turn|5\n|\n|t:|1701105398\n|switch|p1a: Poliwrath|Poliwrath, F|100\/100\n|move|p2a: Kingambit|Swords Dance|p2a: Kingambit\n|-boost|p2a: Kingambit|atk|2\n|\n|-weather|RainDance|[upkeep]\n|-heal|p2a: Kingambit|91\/100|[from] Grassy Terrain\n|upkeep\n|turn|6\n|\n|t:|1701105404\n|switch|p2a: Ribombee|Ribombee, M|100\/100\n|move|p1a: Poliwrath|Belly Drum|p1a: Poliwrath\n|-damage|p1a: Poliwrath|50\/100\n|-setboost|p1a: Poliwrath|atk|6|[from] move: Belly Drum\n|-enditem|p1a: Poliwrath|Sitrus Berry|[eat]\n|-heal|p1a: Poliwrath|75\/100|[from] item: Sitrus Berry\n|\n|-weather|RainDance|[upkeep]\n|-heal|p1a: Poliwrath|82\/100|[from] Grassy Terrain\n|upkeep\n|turn|7\n|\n|t:|1701105413\n|-terastallize|p1a: Poliwrath|Poison\n|move|p1a: Poliwrath|Tera Blast|p2a: Ribombee|[anim] Tera Blast Poison\n|-supereffective|p2a: Ribombee\n|-enditem|p2a: Ribombee|Focus Sash\n|-damage|p2a: Ribombee|1\/100\n|move|p2a: Ribombee|Stun Spore|p1a: Poliwrath|[miss]\n|-miss|p2a: Ribombee|p1a: Poliwrath\n|\n|-weather|RainDance|[upkeep]\n|-heal|p1a: Poliwrath|88\/100|[from] Grassy Terrain\n|-heal|p2a: Ribombee|7\/100|[from] Grassy Terrain\n|upkeep\n|turn|8\n|\n|t:|1701105421\n|move|p1a: Poliwrath|Tera Blast|p2a: Ribombee|[anim] Tera Blast Poison\n|-supereffective|p2a: Ribombee\n|-damage|p2a: Ribombee|0 fnt\n|faint|p2a: Ribombee\n|\n|-weather|none\n|-heal|p1a: Poliwrath|94\/100|[from] Grassy Terrain\n|-fieldend|move: Grassy Terrain\n|upkeep\n|\n|t:|1701105437\n|switch|p2a: Polteageist|Polteageist, shiny|21\/100\n|turn|9\n|\n|t:|1701105443\n|move|p1a: Poliwrath|Liquidation|p2a: Polteageist\n|-damage|p2a: Polteageist|0 fnt\n|faint|p2a: Polteageist\n|\n|upkeep\n|\n|t:|1701105446\n|switch|p2a: Quaquaval|Quaquaval, M|100\/100\n|turn|10\n|\n|t:|1701105458\n|move|p2a: Quaquaval|Knock Off|p1a: Poliwrath\n|-damage|p1a: Poliwrath|69\/100\n|move|p1a: Poliwrath|Drain Punch|p2a: Quaquaval\n|-damage|p2a: Quaquaval|0 fnt\n|-heal|p1a: Poliwrath|100\/100|[from] drain|[of] p2a: Quaquaval\n|faint|p2a: Quaquaval\n|\n|upkeep\n|\n|t:|1701105463\n|switch|p2a: Kingambit|Kingambit, M|91\/100\n|turn|11\n|\n|t:|1701105482\n|-terastallize|p2a: Kingambit|Dark\n|move|p2a: Kingambit|Sucker Punch|p1a: Poliwrath\n|-damage|p1a: Poliwrath|21\/100\n|-damage|p2a: Kingambit|81\/100|[from] item: Life Orb\n|move|p1a: Poliwrath|Drain Punch|p2a: Kingambit\n|-supereffective|p2a: Kingambit\n|-damage|p2a: Kingambit|0 fnt\n|-heal|p1a: Poliwrath|72\/100|[from] drain|[of] p2a: Kingambit\n|faint|p2a: Kingambit\n|\n|upkeep\n|-message|Mythic's Shadow forfeited.\n|\n|win|JabobFrog2\n|raw|JabobFrog2's rating: 1063 &rarr; <strong>1100<\/strong><br \/>(+37 for winning)\n|raw|Mythic&apos;s Shadow's rating: 1134 &rarr; <strong>1104<\/strong><br \/>(-30 for losing)\n|l|\u2606Mythic's Shadow\n","uploadtime":1701105496,"views":3,"p1id":"jabobfrog2","p2id":"mythicsshadow","formatid":"gen9ou","rating":1100,"private":0,"password":""}