{"id":"gen9ou-1991639821","p1":"fresh yes","p2":"kurohorro","format":"[Gen 9] OU","log":"|j|\u2606fresh yes\n|j|\u2606kurohorro\n|t:|1700097268\n|gametype|singles\n|player|p1|fresh yes|shauntal|1279\n|player|p2|kurohorro|266|1267\n|teamsize|p1|6\n|teamsize|p2|6\n|gen|9\n|tier|[Gen 9] OU\n|rated|\n|rule|Sleep Clause Mod: Limit one foe put to sleep\n|rule|Species Clause: Limit one of each Pok\u00e9mon\n|rule|OHKO Clause: OHKO moves are banned\n|rule|Evasion Items Clause: Evasion items are banned\n|rule|Evasion Moves Clause: Evasion moves are banned\n|rule|Endless Battle Clause: Forcing endless battles is banned\n|rule|HP Percentage Mod: HP is shown in percentages\n|clearpoke\n|poke|p1|Indeedee-F, F|\n|poke|p1|Sneasler, F|\n|poke|p1|Goodra, F|\n|poke|p1|Iron Hands|\n|poke|p1|Armarouge, M|\n|poke|p1|Garchomp, M|\n|poke|p2|Glimmora, M|\n|poke|p2|Gholdengo|\n|poke|p2|Ogerpon-Wellspring, F|\n|poke|p2|Kingambit, M|\n|poke|p2|Iron Moth|\n|poke|p2|Enamorus, F|\n|teampreview\n|inactive|Battle timer is ON: inactive players will automatically lose when time's up. (requested by fresh yes)\n|\n|t:|1700097275\n|start\n|switch|p1a: za hando|Iron Hands|100\/100\n|switch|p2a: Glimmora|Glimmora, M|100\/100\n|turn|1\n|\n|t:|1700097283\n|move|p2a: Glimmora|Earth Power|p1a: za hando\n|-supereffective|p1a: za hando\n|-damage|p1a: za hando|57\/100\n|move|p1a: za hando|Swords Dance|p1a: za hando\n|-boost|p1a: za hando|atk|2\n|\n|upkeep\n|turn|2\n|\n|t:|1700097288\n|move|p2a: Glimmora|Earth Power|p1a: za hando\n|-supereffective|p1a: za hando\n|-damage|p1a: za hando|7\/100\n|move|p1a: za hando|Drain Punch|p2a: Glimmora\n|-enditem|p2a: Glimmora|Focus Sash\n|-damage|p2a: Glimmora|1\/100\n|-heal|p1a: za hando|41\/100|[from] drain|[of] p2a: Glimmora\n|-activate|p2a: Glimmora|ability: Toxic Debris\n|-sidestart|p1: fresh yes|move: Toxic Spikes\n|-heal|p1a: za hando|49\/100|[from] item: Shell Bell|[of] p2a: Glimmora\n|\n|upkeep\n|turn|3\n|\n|t:|1700097294\n|move|p2a: Glimmora|Earth Power|p1a: za hando\n|-supereffective|p1a: za hando\n|-damage|p1a: za hando|0 fnt\n|faint|p1a: za hando\n|-end|p1a: za hando|Quark Drive|[silent]\n|\n|upkeep\n|\n|t:|1700097319\n|switch|p1a: cannon|Armarouge, M|100\/100\n|-status|p1a: cannon|psn\n|turn|4\n|\n|t:|1700097332\n|move|p2a: Glimmora|Earth Power|p1a: cannon\n|-supereffective|p1a: cannon\n|-damage|p1a: cannon|16\/100 psn\n|move|p1a: cannon|Expanding Force|p2a: Glimmora\n|-supereffective|p2a: Glimmora\n|-damage|p2a: Glimmora|0 fnt\n|faint|p2a: Glimmora\n|\n|-damage|p1a: cannon|4\/100 psn|[from] psn\n|upkeep\n|j| mommy weavile\n|l| mommy weavile\n|\n|t:|1700097346\n|switch|p2a: Kingambit|Kingambit, M|100\/100\n|-activate|p2a: Kingambit|ability: Supreme Overlord\n|-start|p2a: Kingambit|fallen1|[silent]\n|turn|5\n|\n|t:|1700097355\n|move|p2a: Kingambit|Sucker Punch|p1a: cannon\n|-supereffective|p1a: cannon\n|-damage|p1a: cannon|0 fnt\n|faint|p1a: cannon\n|\n|upkeep\n|\n|t:|1700097358\n|switch|p1a: sneezer|Sneasler, F|100\/100\n|-sideend|p1: fresh yes|move: Toxic Spikes|[of] p1a: sneezer\n|turn|6\n|\n|t:|1700097366\n|-end|p2a: Kingambit|fallen1|[silent]\n|switch|p2a: Gholdengo|Gholdengo|100\/100\n|-item|p2a: Gholdengo|Air Balloon\n|move|p1a: sneezer|Swords Dance|p1a: sneezer\n|-boost|p1a: sneezer|atk|2\n|\n|upkeep\n|turn|7\n|\n|t:|1700097375\n|move|p1a: sneezer|Shadow Claw|p2a: Gholdengo\n|-supereffective|p2a: Gholdengo\n|-damage|p2a: Gholdengo|0 fnt\n|-enditem|p2a: Gholdengo|Air Balloon\n|faint|p2a: Gholdengo\n|\n|upkeep\n|\n|t:|1700097391\n|switch|p2a: Enamorus|Enamorus, F|100\/100\n|turn|8\n|\n|t:|1700097400\n|switch|p1a: priorities|Indeedee-F, F|100\/100\n|-fieldstart|move: Psychic Terrain|[from] ability: Psychic Surge|[of] p1a: priorities\n|move|p2a: Enamorus|Moonblast|p1a: priorities\n|-damage|p1a: priorities|54\/100\n|\n|upkeep\n|turn|9\n|\n|t:|1700097411\n|move|p2a: Enamorus|Moonblast|p1a: priorities\n|-damage|p1a: priorities|9\/100\n|move|p1a: priorities|Hyper Voice|p2a: Enamorus\n|-damage|p2a: Enamorus|39\/100\n|\n|upkeep\n|turn|10\n|\n|t:|1700097416\n|move|p2a: Enamorus|Moonblast|p1a: priorities\n|-damage|p1a: priorities|0 fnt\n|faint|p1a: priorities\n|\n|upkeep\n|\n|t:|1700097418\n|switch|p1a: sneezer|Sneasler, F|100\/100\n|-enditem|p1a: sneezer|Psychic Seed\n|-boost|p1a: sneezer|spd|1|[from] item: Psychic Seed\n|turn|11\n|\n|t:|1700097448\n|move|p1a: sneezer|Acrobatics|p2a: Enamorus\n|-damage|p2a: Enamorus|0 fnt\n|faint|p2a: Enamorus\n|\n|upkeep\n|\n|t:|1700097457\n|switch|p2a: Iron Moth|Iron Moth|100\/100\n|-enditem|p2a: Iron Moth|Booster Energy\n|-activate|p2a: Iron Moth|ability: Quark Drive|[fromitem]\n|-start|p2a: Iron Moth|quarkdrivespe\n|turn|12\n|\n|t:|1700097470\n|move|p1a: sneezer|Swords Dance|p1a: sneezer\n|-boost|p1a: sneezer|atk|2\n|move|p2a: Iron Moth|Sludge Wave|p1a: sneezer\n|-resisted|p1a: sneezer\n|-damage|p1a: sneezer|78\/100\n|\n|upkeep\n|turn|13\n|\n|t:|1700097477\n|-terastallize|p2a: Iron Moth|Ground\n|move|p1a: sneezer|Acrobatics|p2a: Iron Moth\n|-damage|p2a: Iron Moth|0 fnt\n|faint|p2a: Iron Moth\n|-end|p2a: Iron Moth|Quark Drive|[silent]\n|\n|upkeep\n|\n|t:|1700097484\n|switch|p2a: Ogerpon|Ogerpon-Wellspring, F|100\/100\n|turn|14\n|\n|t:|1700097495\n|move|p1a: sneezer|Acrobatics|p2a: Ogerpon\n|-supereffective|p2a: Ogerpon\n|-damage|p2a: Ogerpon|0 fnt\n|faint|p2a: Ogerpon\n|\n|upkeep\n|\n|t:|1700097498\n|switch|p2a: Kingambit|Kingambit, M|100\/100\n|-activate|p2a: Kingambit|ability: Supreme Overlord\n|-start|p2a: Kingambit|fallen5|[silent]\n|turn|15\n|\n|t:|1700097511\n|move|p2a: Kingambit|Sucker Punch|p1a: sneezer\n|-activate|p1a: sneezer|move: Psychic Terrain\n|move|p1a: sneezer|Close Combat|p2a: Kingambit\n|-supereffective|p2a: Kingambit\n|-damage|p2a: Kingambit|0 fnt\n|-unboost|p1a: sneezer|def|1\n|-unboost|p1a: sneezer|spd|1\n|faint|p2a: Kingambit\n|-end|p2a: Kingambit|fallen5|[silent]\n|\n|win|fresh yes\n|raw|fresh yes's rating: 1279 &rarr; <strong>1303<\/strong><br \/>(+24 for winning)\n|raw|kurohorro's rating: 1267 &rarr; <strong>1243<\/strong><br \/>(-24 for losing)\n|l|\u2606fresh yes\n|j|\u2606fresh yes\n|player|p1|fresh yes|shauntal\n|l|\u2606kurohorro\n","uploadtime":1700097522,"views":11,"p1id":"freshyes","p2id":"kurohorro","formatid":"gen9ou","rating":1243,"private":0,"password":""}