{"id":"gen9ou-1998212774","p1":"endersOverlord","p2":"Graciepie","format":"[Gen 9] OU","log":"|j|\u2606endersOverlord\n|j|\u2606Graciepie\n|t:|1700913681\n|gametype|singles\n|player|p1|endersOverlord|colress|\n|player|p2|Graciepie|265|\n|teamsize|p1|6\n|teamsize|p2|6\n|gen|9\n|tier|[Gen 9] OU\n|rule|Sleep Clause Mod: Limit one foe put to sleep\n|rule|Species Clause: Limit one of each Pok\u00e9mon\n|rule|OHKO Clause: OHKO moves are banned\n|rule|Evasion Items Clause: Evasion items are banned\n|rule|Evasion Moves Clause: Evasion moves are banned\n|rule|Endless Battle Clause: Forcing endless battles is banned\n|rule|HP Percentage Mod: HP is shown in percentages\n|clearpoke\n|poke|p1|Rotom-Wash|\n|poke|p1|Tinkaton, F|\n|poke|p1|Iron Hands|\n|poke|p1|Hydreigon, F|\n|poke|p1|Iron Moth|\n|poke|p1|Ogerpon, F|\n|poke|p2|Ribombee, F|\n|poke|p2|Slither Wing|\n|poke|p2|Lokix, F|\n|poke|p2|Ninetales-Alola, F|\n|poke|p2|Forretress, M|\n|poke|p2|Yanmega, M|\n|teampreview\n|\n|t:|1700913705\n|start\n|switch|p1a: Cal-Gone|Rotom-Wash, shiny|100\/100\n|switch|p2a: Spooky bittt|Lokix, F|100\/100\n|turn|1\n|\n|t:|1700913726\n|move|p2a: Spooky bittt|X-Scissor|p1a: Cal-Gone\n|-damage|p1a: Cal-Gone|73\/100\n|move|p1a: Cal-Gone|Electric Terrain|p1a: Cal-Gone\n|-fieldstart|move: Electric Terrain\n|\n|upkeep\n|turn|2\n|\n|t:|1700913743\n|move|p2a: Spooky bittt|Leech Life|p1a: Cal-Gone\n|-damage|p1a: Cal-Gone|44\/100\n|move|p1a: Cal-Gone|Volt Switch|p2a: Spooky bittt\n|-damage|p2a: Spooky bittt|52\/100\n|\n|t:|1700913750\n|switch|p1a: Ra-Moon|Iron Moth, shiny|100\/100|[from] Volt Switch\n|-activate|p1a: Ra-Moon|ability: Quark Drive\n|-start|p1a: Ra-Moon|quarkdrivespa\n|\n|upkeep\n|turn|3\n|\n|t:|1700913781\n|switch|p2a: Roar XD|Slither Wing|100\/100\n|-terastallize|p1a: Ra-Moon|Fire\n|move|p1a: Ra-Moon|Fiery Dance|p2a: Roar XD\n|-supereffective|p2a: Roar XD\n|-damage|p2a: Roar XD|0 fnt\n|-boost|p1a: Ra-Moon|spa|1\n|faint|p2a: Roar XD\n|-end|p2a: Roar XD|Protosynthesis|[silent]\n|\n|upkeep\n|\n|t:|1700913806\n|switch|p2a: SPEEEED|Yanmega, M|100\/100\n|turn|4\n|\n|t:|1700913812\n|move|p1a: Ra-Moon|Fiery Dance|p2a: SPEEEED\n|-supereffective|p2a: SPEEEED\n|-damage|p2a: SPEEEED|0 fnt\n|-boost|p1a: Ra-Moon|spa|1\n|faint|p2a: SPEEEED\n|\n|upkeep\n|\n|t:|1700913818\n|switch|p2a: Barbie|Ninetales-Alola, F|100\/100\n|-weather|Snow|[from] ability: Snow Warning|[of] p2a: Barbie\n|turn|5\n|\n|t:|1700913824\n|-terastallize|p2a: Barbie|Bug\n|move|p1a: Ra-Moon|Fiery Dance|p2a: Barbie\n|-supereffective|p2a: Barbie\n|-damage|p2a: Barbie|0 fnt\n|-boost|p1a: Ra-Moon|spa|1\n|faint|p2a: Barbie\n|\n|-weather|Snow|[upkeep]\n|upkeep\n|\n|t:|1700913835\n|switch|p2a: My boy :)|Ribombee, F|100\/100\n|turn|6\n|\n|t:|1700913843\n|move|p1a: Ra-Moon|Fiery Dance|p2a: My boy :)\n|-supereffective|p2a: My boy :)\n|-damage|p2a: My boy :)|0 fnt\n|-boost|p1a: Ra-Moon|spa|1\n|faint|p2a: My boy :)\n|\n|-weather|Snow|[upkeep]\n|upkeep\n|\n|t:|1700913849\n|switch|p2a: Spooky bittt|Lokix, F|52\/100\n|turn|7\n|\n|t:|1700913857\n|move|p1a: Ra-Moon|Fiery Dance|p2a: Spooky bittt\n|-supereffective|p2a: Spooky bittt\n|-damage|p2a: Spooky bittt|0 fnt\n|-boost|p1a: Ra-Moon|spa|1\n|faint|p2a: Spooky bittt\n|\n|-weather|Snow|[upkeep]\n|upkeep\n|\n|t:|1700913864\n|switch|p2a: O_O|Forretress, M|100\/100\n|turn|8\n|\n|t:|1700913868\n|move|p1a: Ra-Moon|Fiery Dance|p2a: O_O\n|-supereffective|p2a: O_O\n|-ability|p2a: O_O|Sturdy\n|-damage|p2a: O_O|1\/100\n|move|p2a: O_O|Counter||[still]\n|-fail|p2a: O_O\n|\n|-weather|Snow|[upkeep]\n|-fieldend|move: Electric Terrain\n|-end|p1a: Ra-Moon|Quark Drive\n|upkeep\n|turn|9\n|\n|t:|1700913880\n|move|p1a: Ra-Moon|Fiery Dance|p2a: O_O\n|-supereffective|p2a: O_O\n|-damage|p2a: O_O|0 fnt\n|faint|p2a: O_O\n|\n|win|endersOverlord\n","uploadtime":1700913887,"views":2,"p1id":"endersoverlord","p2id":"graciepie","formatid":"gen9ou","rating":0,"private":0,"password":""}