{"id":"gen9ou-1995826340","p1":"themusiqking","p2":"EQ&CRIT","format":"[Gen 9] OU","log":"|j|\u2606themusiqking\n|j|\u2606EQ&CRIT\n|t:|1700606968\n|gametype|singles\n|player|p1|themusiqking|2|1279\n|player|p2|EQ&CRIT|leon-tower|1258\n|teamsize|p1|6\n|teamsize|p2|6\n|gen|9\n|tier|[Gen 9] OU\n|rated|\n|rule|Sleep Clause Mod: Limit one foe put to sleep\n|rule|Species Clause: Limit one of each Pok\u00e9mon\n|rule|OHKO Clause: OHKO moves are banned\n|rule|Evasion Items Clause: Evasion items are banned\n|rule|Evasion Moves Clause: Evasion moves are banned\n|rule|Endless Battle Clause: Forcing endless battles is banned\n|rule|HP Percentage Mod: HP is shown in percentages\n|clearpoke\n|poke|p1|Scizor, M|\n|poke|p1|Dondozo, F|\n|poke|p1|Zamazenta-*|\n|poke|p1|Garganacl, M|\n|poke|p1|Cresselia, F|\n|poke|p1|Walking Wake|\n|poke|p2|Sinistcha|\n|poke|p2|Samurott-Hisui, F|\n|poke|p2|Arcanine-Hisui, M|\n|poke|p2|Weavile, M|\n|poke|p2|Hatterene, F|\n|poke|p2|Cinderace, F|\n|teampreview\n|inactive|Battle timer is ON: inactive players will automatically lose when time's up. (requested by EQ&CRIT)\n|\n|t:|1700606980\n|start\n|switch|p1a: Scizor|Scizor, M|100\/100\n|switch|p2a: Samurott|Samurott-Hisui, F|100\/100\n|turn|1\n|\n|t:|1700606984\n|move|p2a: Samurott|Ceaseless Edge|p1a: Scizor\n|-damage|p1a: Scizor|61\/100\n|-sidestart|p1: themusiqking|Spikes\n|move|p1a: Scizor|Pounce|p2a: Samurott\n|-supereffective|p2a: Samurott\n|-enditem|p2a: Samurott|Focus Sash\n|-damage|p2a: Samurott|1\/100\n|-unboost|p2a: Samurott|spe|1\n|\n|-heal|p1a: Scizor|67\/100|[from] item: Leftovers\n|upkeep\n|turn|2\n|\n|t:|1700606997\n|move|p2a: Samurott|Sucker Punch|p1a: Scizor\n|-damage|p1a: Scizor|35\/100\n|move|p1a: Scizor|Bullet Punch|p2a: Samurott\n|-resisted|p2a: Samurott\n|-damage|p2a: Samurott|0 fnt\n|faint|p2a: Samurott\n|\n|-heal|p1a: Scizor|41\/100|[from] item: Leftovers\n|upkeep\n|\n|t:|1700607011\n|switch|p2a: Cinderace|Cinderace, F|100\/100\n|turn|3\n|inactive|themusiqking has 120 seconds left.\n|\n|t:|1700607044\n|switch|p1a: Garganacl|Garganacl, M|100\/100\n|-damage|p1a: Garganacl|88\/100|[from] Spikes\n|move|p2a: Cinderace|Pyro Ball|p1a: Garganacl\n|-resisted|p1a: Garganacl\n|-damage|p1a: Garganacl|71\/100\n|\n|-heal|p1a: Garganacl|77\/100|[from] item: Leftovers\n|upkeep\n|turn|4\n|inactive|themusiqking has 120 seconds left.\n|\n|t:|1700607067\n|move|p2a: Cinderace|U-turn|p1a: Garganacl\n|-start|p2a: Cinderace|typechange|Bug|[from] ability: Libero\n|-damage|p1a: Garganacl|56\/100\n|\n|t:|1700607071\n|switch|p2a: Sinistcha|Sinistcha|100\/100|[from] U-turn\n|move|p1a: Garganacl|Salt Cure|p2a: Sinistcha\n|-damage|p2a: Sinistcha|87\/100\n|-start|p2a: Sinistcha|Salt Cure\n|\n|-heal|p2a: Sinistcha|94\/100|[from] item: Leftovers\n|-heal|p1a: Garganacl|62\/100|[from] item: Leftovers\n|-damage|p2a: Sinistcha|81\/100|[from] Salt Cure\n|upkeep\n|turn|5\n|inactive|themusiqking has 120 seconds left.\n|\n|t:|1700607082\n|move|p2a: Sinistcha|Matcha Gotcha|p1a: Garganacl\n|-supereffective|p1a: Garganacl\n|-damage|p1a: Garganacl|0 fnt\n|-heal|p2a: Sinistcha|100\/100|[from] drain|[of] p1a: Garganacl\n|faint|p1a: Garganacl\n|\n|-damage|p2a: Sinistcha|88\/100|[from] Salt Cure\n|upkeep\n|\n|t:|1700607099\n|switch|p1a: Scizor|Scizor, M|41\/100\n|-damage|p1a: Scizor|29\/100|[from] Spikes\n|turn|6\n|\n|t:|1700607103\n|move|p2a: Sinistcha|Shadow Ball|p1a: Scizor\n|-crit|p1a: Scizor\n|-damage|p1a: Scizor|0 fnt\n|faint|p1a: Scizor\n|\n|-heal|p2a: Sinistcha|94\/100|[from] item: Leftovers\n|-damage|p2a: Sinistcha|82\/100|[from] Salt Cure\n|upkeep\n|\n|t:|1700607107\n|switch|p1a: Walking Wake|Walking Wake|100\/100\n|-damage|p1a: Walking Wake|88\/100|[from] Spikes\n|turn|7\n|\n|t:|1700607110\n|move|p1a: Walking Wake|Flamethrower|p2a: Sinistcha\n|-supereffective|p2a: Sinistcha\n|-damage|p2a: Sinistcha|44\/100\n|move|p2a: Sinistcha|Matcha Gotcha|p1a: Walking Wake\n|-damage|p1a: Walking Wake|33\/100\n|-heal|p2a: Sinistcha|70\/100|[from] drain|[of] p1a: Walking Wake\n|\n|-heal|p2a: Sinistcha|77\/100|[from] item: Leftovers\n|-damage|p2a: Sinistcha|64\/100|[from] Salt Cure\n|upkeep\n|turn|8\n|\n|t:|1700607117\n|move|p1a: Walking Wake|Flamethrower|p2a: Sinistcha\n|-supereffective|p2a: Sinistcha\n|-damage|p2a: Sinistcha|28\/100\n|move|p2a: Sinistcha|Shadow Ball|p1a: Walking Wake\n|-damage|p1a: Walking Wake|0 fnt\n|faint|p1a: Walking Wake\n|-end|p1a: Walking Wake|Protosynthesis|[silent]\n|\n|-heal|p2a: Sinistcha|34\/100|[from] item: Leftovers\n|-damage|p2a: Sinistcha|21\/100|[from] Salt Cure\n|upkeep\n|\n|t:|1700607129\n|switch|p1a: Zamazenta|Zamazenta|100\/100\n|-damage|p1a: Zamazenta|88\/100|[from] Spikes\n|-ability|p1a: Zamazenta|Dauntless Shield|boost\n|-boost|p1a: Zamazenta|def|1\n|turn|9\n|\n|t:|1700607136\n|move|p1a: Zamazenta|Iron Defense|p1a: Zamazenta\n|-boost|p1a: Zamazenta|def|2\n|move|p2a: Sinistcha|Strength Sap|p1a: Zamazenta\n|-unboost|p1a: Zamazenta|atk|1\n|-heal|p2a: Sinistcha|100\/100\n|\n|-heal|p1a: Zamazenta|94\/100|[from] item: Leftovers\n|-damage|p2a: Sinistcha|88\/100|[from] Salt Cure\n|upkeep\n|turn|10\n|\n|t:|1700607148\n|switch|p2a: Hatterene|Hatterene, F|100\/100\n|move|p1a: Zamazenta|Trailblaze|p2a: Hatterene\n|-damage|p2a: Hatterene|90\/100\n|-boost|p1a: Zamazenta|spe|1\n|\n|-heal|p1a: Zamazenta|100\/100|[from] item: Leftovers\n|-heal|p2a: Hatterene|96\/100|[from] item: Leftovers\n|upkeep\n|turn|11\n|\n|t:|1700607156\n|move|p1a: Zamazenta|Crunch|p2a: Hatterene\n|-damage|p2a: Hatterene|80\/100\n|move|p2a: Hatterene|Nuzzle|p1a: Zamazenta\n|-damage|p1a: Zamazenta|99\/100\n|-status|p1a: Zamazenta|par\n|\n|-heal|p1a: Zamazenta|100\/100 par|[from] item: Leftovers\n|-heal|p2a: Hatterene|86\/100|[from] item: Leftovers\n|upkeep\n|turn|12\n|inactive|themusiqking has 120 seconds left.\n|\n|t:|1700607214\n|move|p1a: Zamazenta|Crunch|p2a: Hatterene\n|-damage|p2a: Hatterene|70\/100\n|move|p2a: Hatterene|Draining Kiss|p1a: Zamazenta\n|-supereffective|p1a: Zamazenta\n|-damage|p1a: Zamazenta|57\/100 par\n|-heal|p2a: Hatterene|100\/100|[from] drain|[of] p1a: Zamazenta\n|\n|-heal|p1a: Zamazenta|63\/100 par|[from] item: Leftovers\n|upkeep\n|turn|13\n|\n|t:|1700607222\n|switch|p1a: Cresselia|Cresselia, F|100\/100\n|move|p2a: Hatterene|Draining Kiss|p1a: Cresselia\n|-damage|p1a: Cresselia|83\/100\n|\n|upkeep\n|turn|14\n|\n|t:|1700607236\n|switch|p2a: Weavile|Weavile, M|100\/100\n|-ability|p2a: Weavile|Pressure\n|move|p1a: Cresselia|Calm Mind|p1a: Cresselia\n|-boost|p1a: Cresselia|spa|1\n|-boost|p1a: Cresselia|spd|1\n|\n|upkeep\n|turn|15\n|\n|t:|1700607242\n|-terastallize|p1a: Cresselia|Electric\n|move|p2a: Weavile|Knock Off|p1a: Cresselia\n|-damage|p1a: Cresselia|49\/100\n|-enditem|p1a: Cresselia|Covert Cloak|[from] move: Knock Off|[of] p2a: Weavile\n|move|p1a: Cresselia|Thunderbolt|p2a: Weavile\n|-crit|p2a: Weavile\n|-damage|p2a: Weavile|6\/100\n|-status|p2a: Weavile|par\n|\n|upkeep\n|turn|16\n|\n|t:|1700607256\n|move|p1a: Cresselia|Moonlight|p1a: Cresselia\n|-heal|p1a: Cresselia|99\/100\n|cant|p2a: Weavile|par\n|\n|upkeep\n|turn|17\n|\n|t:|1700607262\n|cant|p2a: Weavile|par\n|move|p1a: Cresselia|Thunderbolt|p2a: Weavile\n|-damage|p2a: Weavile|0 fnt\n|faint|p2a: Weavile\n|\n|upkeep\n|\n|t:|1700607273\n|switch|p2a: Cinderace|Cinderace, F|100\/100\n|turn|18\n|inactive|themusiqking has 120 seconds left.\n|\n|t:|1700607289\n|move|p2a: Cinderace|Swords Dance|p2a: Cinderace\n|-start|p2a: Cinderace|typechange|Normal|[from] ability: Libero\n|-boost|p2a: Cinderace|atk|2\n|move|p1a: Cresselia|Calm Mind|p1a: Cresselia\n|-boost|p1a: Cresselia|spa|1\n|-boost|p1a: Cresselia|spd|1\n|\n|upkeep\n|turn|19\n|\n|t:|1700607297\n|move|p2a: Cinderace|Pyro Ball|p1a: Cresselia\n|-damage|p1a: Cresselia|44\/100\n|move|p1a: Cresselia|Stored Power|p2a: Cinderace\n|-damage|p2a: Cinderace|6\/100\n|\n|upkeep\n|turn|20\n|inactive|themusiqking has 120 seconds left.\n|inactive|themusiqking has 90 seconds left.\n|\n|t:|1700607338\n|switch|p1a: Dondozo|Dondozo, F|100\/100\n|-damage|p1a: Dondozo|88\/100|[from] Spikes\n|move|p2a: Cinderace|Pyro Ball|p1a: Dondozo\n|-resisted|p1a: Dondozo\n|-damage|p1a: Dondozo|77\/100\n|\n|-heal|p1a: Dondozo|83\/100|[from] item: Leftovers\n|upkeep\n|turn|21\n|inactive|themusiqking has 90 seconds left.\n|\n|t:|1700607358\n|move|p2a: Cinderace|U-turn|p1a: Dondozo\n|-damage|p1a: Dondozo|71\/100\n|\n|t:|1700607365\n|switch|p2a: Sinistcha|Sinistcha|88\/100|[from] U-turn\n|move|p1a: Dondozo|Body Press|p2a: Sinistcha\n|-immune|p2a: Sinistcha\n|\n|-heal|p2a: Sinistcha|94\/100|[from] item: Leftovers\n|-heal|p1a: Dondozo|77\/100|[from] item: Leftovers\n|upkeep\n|turn|22\n|inactive|themusiqking has 90 seconds left.\n|-message|themusiqking forfeited.\n|\n|win|EQ&CRIT\n|raw|themusiqking's rating: 1279 &rarr; <strong>1252<\/strong><br \/>(-27 for losing)\n|raw|EQ&amp;CRIT's rating: 1258 &rarr; <strong>1285<\/strong><br \/>(+27 for winning)\n|l|\u2606themusiqking\n","uploadtime":1700607393,"views":12,"p1id":"themusiqking","p2id":"eqcrit","formatid":"gen9ou","rating":1252,"private":0,"password":""}