{"id":"gen9ou-1992095985","p1":"lucius6769","p2":"littensalt","format":"[Gen 9] OU","log":"|j|\u2606lucius6769\n|j|\u2606littensalt\n|t:|1700154739\n|gametype|singles\n|player|p1|lucius6769|101|1354\n|player|p2|littensalt|calem|1342\n|teamsize|p1|6\n|teamsize|p2|6\n|gen|9\n|tier|[Gen 9] OU\n|rated|\n|rule|Sleep Clause Mod: Limit one foe put to sleep\n|rule|Species Clause: Limit one of each Pok\u00e9mon\n|rule|OHKO Clause: OHKO moves are banned\n|rule|Evasion Items Clause: Evasion items are banned\n|rule|Evasion Moves Clause: Evasion moves are banned\n|rule|Endless Battle Clause: Forcing endless battles is banned\n|rule|HP Percentage Mod: HP is shown in percentages\n|clearpoke\n|poke|p1|Dragapult, F|\n|poke|p1|Cinderace, F|\n|poke|p1|Iron Moth|\n|poke|p1|Ogerpon-Wellspring, F|\n|poke|p1|Gholdengo|\n|poke|p1|Glimmora, F|\n|poke|p2|Thundurus-Therian, M|\n|poke|p2|Weezing-Galar, M|\n|poke|p2|Cinderace, M|\n|poke|p2|Dragapult, F|\n|poke|p2|Greninja-*, M|\n|poke|p2|Zamazenta-*|\n|teampreview\n|\n|t:|1700154746\n|start\n|switch|p1a: Glimmora|Glimmora, F|100\/100\n|switch|p2a: wheezy outta here|Weezing-Galar, M, shiny|100\/100\n|-ability|p2a: wheezy outta here|Neutralizing Gas\n|turn|1\n|\n|t:|1700154753\n|-end|p2a: wheezy outta here|ability: Neutralizing Gas\n|switch|p2a: 5g|Thundurus-Therian, M, shiny|100\/100\n|move|p1a: Glimmora|Earth Power|p2a: 5g\n|-immune|p2a: 5g\n|\n|upkeep\n|turn|2\n|\n|t:|1700154762\n|move|p2a: 5g|Volt Switch|p1a: Glimmora\n|-damage|p1a: Glimmora|8\/100\n|\n|t:|1700154771\n|switch|p2a: N95|Greninja, M|100\/100|[from] Volt Switch\n|move|p1a: Glimmora|Stealth Rock|p2a: N95\n|-sidestart|p2: littensalt|move: Stealth Rock\n|\n|upkeep\n|turn|3\n|\n|t:|1700154780\n|switch|p1a: Ogerpon|Ogerpon-Wellspring, F|100\/100\n|move|p2a: N95|Dark Pulse|p1a: Ogerpon\n|-crit|p1a: Ogerpon\n|-damage|p1a: Ogerpon|22\/100\n|-damage|p2a: N95|91\/100|[from] item: Life Orb\n|\n|upkeep\n|turn|4\n|\n|t:|1700154789\n|move|p2a: N95|Dark Pulse|p1a: Ogerpon\n|-damage|p1a: Ogerpon|0 fnt\n|faint|p1a: Ogerpon\n|-ability|p2a: N95|Battle Bond|boost\n|-boost|p2a: N95|atk|1\n|-boost|p2a: N95|spa|1\n|-boost|p2a: N95|spe|1\n|-activate|p2a: N95|ability: Battle Bond\n|-damage|p2a: N95|81\/100|[from] item: Life Orb\n|\n|upkeep\n|\n|t:|1700154805\n|switch|p1a: Iron Moth|Iron Moth|100\/100\n|-enditem|p1a: Iron Moth|Booster Energy\n|-activate|p1a: Iron Moth|ability: Quark Drive|[fromitem]\n|-start|p1a: Iron Moth|quarkdrivespe\n|turn|5\n|\n|t:|1700154812\n|move|p2a: N95|Dark Pulse|p1a: Iron Moth\n|-damage|p1a: Iron Moth|34\/100\n|-damage|p2a: N95|71\/100|[from] item: Life Orb\n|move|p1a: Iron Moth|Dazzling Gleam|p2a: N95\n|-supereffective|p2a: N95\n|-damage|p2a: N95|0 fnt\n|faint|p2a: N95\n|\n|upkeep\n|\n|t:|1700154821\n|switch|p2a: FRANCHISE|Cinderace, M|100\/100\n|turn|6\n|\n|t:|1700154826\n|-terastallize|p1a: Iron Moth|Ground\n|move|p1a: Iron Moth|Tera Blast|p2a: FRANCHISE|[anim] Tera Blast Ground\n|-supereffective|p2a: FRANCHISE\n|-crit|p2a: FRANCHISE\n|-damage|p2a: FRANCHISE|0 fnt\n|faint|p2a: FRANCHISE\n|\n|upkeep\n|\n|t:|1700154839\n|switch|p2a: 5g|Thundurus-Therian, M, shiny|100\/100\n|-damage|p2a: 5g|76\/100|[from] Stealth Rock\n|turn|7\n|\n|t:|1700154846\n|move|p1a: Iron Moth|Sludge Wave|p2a: 5g\n|-damage|p2a: 5g|15\/100\n|move|p2a: 5g|Dark Pulse|p1a: Iron Moth\n|-damage|p1a: Iron Moth|0 fnt\n|faint|p1a: Iron Moth\n|-end|p1a: Iron Moth|Quark Drive|[silent]\n|\n|upkeep\n|\n|t:|1700154858\n|switch|p1a: Glimmora|Glimmora, F|8\/100\n|turn|8\n|\n|t:|1700154863\n|move|p2a: 5g|Dark Pulse|p1a: Glimmora\n|-damage|p1a: Glimmora|0 fnt\n|faint|p1a: Glimmora\n|\n|upkeep\n|\n|t:|1700154870\n|switch|p1a: Pyrobut|Cinderace, F|100\/100\n|turn|9\n|\n|t:|1700154875\n|move|p1a: Pyrobut|Pyro Ball|p2a: 5g\n|-damage|p2a: 5g|0 fnt\n|faint|p2a: 5g\n|\n|upkeep\n|\n|t:|1700154886\n|switch|p2a: wheezy outta here|Weezing-Galar, M, shiny|100\/100\n|-ability|p2a: wheezy outta here|Neutralizing Gas\n|-damage|p2a: wheezy outta here|88\/100|[from] Stealth Rock\n|turn|10\n|\n|t:|1700154893\n|move|p1a: Pyrobut|Pyro Ball|p2a: wheezy outta here\n|-damage|p2a: wheezy outta here|53\/100\n|-status|p2a: wheezy outta here|brn\n|move|p2a: wheezy outta here|Pain Split|p1a: Pyrobut\n|-sethp|p1a: Pyrobut|79\/100|[from] move: Pain Split|[silent]\n|-sethp|p2a: wheezy outta here|72\/100 brn|[from] move: Pain Split\n|\n|-damage|p2a: wheezy outta here|66\/100 brn|[from] brn\n|upkeep\n|turn|11\n|\n|t:|1700154903\n|switch|p1a: Gholdengo|Gholdengo|100\/100\n|-item|p1a: Gholdengo|Air Balloon\n|move|p2a: wheezy outta here|Pain Split|p1a: Gholdengo\n|-sethp|p1a: Gholdengo|79\/100|[from] move: Pain Split|[silent]\n|-sethp|p2a: wheezy outta here|91\/100 brn|[from] move: Pain Split\n|\n|-damage|p2a: wheezy outta here|84\/100 brn|[from] brn\n|upkeep\n|turn|12\n|\n|t:|1700154918\n|-end|p2a: wheezy outta here|ability: Neutralizing Gas\n|switch|p2a: KIDS SEE GHOST|Dragapult, F, shiny|100\/100\n|-damage|p2a: KIDS SEE GHOST|88\/100|[from] Stealth Rock\n|move|p1a: Gholdengo|Shadow Ball|p2a: KIDS SEE GHOST\n|-supereffective|p2a: KIDS SEE GHOST\n|-damage|p2a: KIDS SEE GHOST|0 fnt\n|faint|p2a: KIDS SEE GHOST\n|\n|upkeep\n|\n|t:|1700154924\n|switch|p2a: november|Zamazenta|100\/100\n|-damage|p2a: november|94\/100|[from] Stealth Rock\n|-ability|p2a: november|Dauntless Shield|boost\n|-boost|p2a: november|def|1\n|turn|13\n|\n|t:|1700154935\n|move|p2a: november|Crunch|p1a: Gholdengo\n|-supereffective|p1a: Gholdengo\n|-damage|p1a: Gholdengo|35\/100\n|-enditem|p1a: Gholdengo|Air Balloon\n|move|p1a: Gholdengo|Make It Rain|p2a: november\n|-damage|p2a: november|36\/100\n|-unboost|p1a: Gholdengo|spa|1\n|\n|-heal|p2a: november|42\/100|[from] item: Leftovers\n|upkeep\n|turn|14\n|\n|t:|1700154947\n|move|p2a: november|Crunch|p1a: Gholdengo\n|-supereffective|p1a: Gholdengo\n|-damage|p1a: Gholdengo|0 fnt\n|faint|p1a: Gholdengo\n|\n|-heal|p2a: november|48\/100|[from] item: Leftovers\n|upkeep\n|\n|t:|1700154959\n|switch|p1a: Lanssorien|Dragapult, F|100\/100\n|turn|15\n|\n|t:|1700154962\n|move|p1a: Lanssorien|Draco Meteor|p2a: november|[miss]\n|-miss|p1a: Lanssorien|p2a: november\n|move|p2a: november|Crunch|p1a: Lanssorien\n|-supereffective|p1a: Lanssorien\n|-damage|p1a: Lanssorien|39\/100\n|\n|-heal|p2a: november|55\/100|[from] item: Leftovers\n|upkeep\n|turn|16\n|\n|t:|1700154977\n|-terastallize|p2a: november|Steel\n|move|p1a: Lanssorien|Draco Meteor|p2a: november\n|-resisted|p2a: november\n|-damage|p2a: november|23\/100\n|-unboost|p1a: Lanssorien|spa|2\n|move|p2a: november|Substitute|p2a: november\n|-fail|p2a: november|move: Substitute|[weak]\n|\n|-heal|p2a: november|30\/100|[from] item: Leftovers\n|upkeep\n|turn|17\n|\n|t:|1700154989\n|move|p1a: Lanssorien|Draco Meteor|p2a: november\n|-resisted|p2a: november\n|-damage|p2a: november|12\/100\n|-unboost|p1a: Lanssorien|spa|2\n|move|p2a: november|Crunch|p1a: Lanssorien\n|-supereffective|p1a: Lanssorien\n|-damage|p1a: Lanssorien|0 fnt\n|faint|p1a: Lanssorien\n|\n|-heal|p2a: november|18\/100|[from] item: Leftovers\n|upkeep\n|\n|t:|1700155001\n|switch|p1a: Pyrobut|Cinderace, F|79\/100\n|turn|18\n|\n|t:|1700155007\n|move|p2a: november|Body Press|p1a: Pyrobut\n|-damage|p1a: Pyrobut|12\/100\n|move|p1a: Pyrobut|Pyro Ball|p2a: november\n|-supereffective|p2a: november\n|-damage|p2a: november|0 fnt\n|faint|p2a: november\n|\n|upkeep\n|\n|t:|1700155009\n|switch|p2a: wheezy outta here|Weezing-Galar, M, shiny|84\/100 brn\n|-ability|p2a: wheezy outta here|Neutralizing Gas\n|-damage|p2a: wheezy outta here|72\/100 brn|[from] Stealth Rock\n|turn|19\n|\n|t:|1700155020\n|move|p1a: Pyrobut|Pyro Ball|p2a: wheezy outta here\n|-damage|p2a: wheezy outta here|36\/100 brn\n|move|p2a: wheezy outta here|Strange Steam|p1a: Pyrobut\n|-resisted|p1a: Pyrobut\n|-damage|p1a: Pyrobut|0 fnt\n|faint|p1a: Pyrobut\n|\n|win|littensalt\n|raw|lucius6769's rating: 1354 &rarr; <strong>1333<\/strong><br \/>(-21 for losing)\n|raw|littensalt's rating: 1342 &rarr; <strong>1363<\/strong><br \/>(+21 for winning)\n|c|\u2606littensalt|ggwp\n|l|\u2606lucius6769\n","uploadtime":1700155032,"views":7,"p1id":"lucius6769","p2id":"littensalt","formatid":"gen9ou","rating":1333,"private":0,"password":""}