{"id":"gen9ou-1995448220","p1":"CatMaster18","p2":"dilkem","format":"[Gen 9] OU","log":"|j|\u2606CatMaster18\n|j|\u203ddilkem\n|t:|1700571969\n|gametype|singles\n|player|p1|CatMaster18|170|1282\n|player|p2|dilkem|worker|1359\n|teamsize|p1|6\n|teamsize|p2|6\n|gen|9\n|tier|[Gen 9] OU\n|rated|\n|rule|Sleep Clause Mod: Limit one foe put to sleep\n|rule|Species Clause: Limit one of each Pok\u00e9mon\n|rule|OHKO Clause: OHKO moves are banned\n|rule|Evasion Items Clause: Evasion items are banned\n|rule|Evasion Moves Clause: Evasion moves are banned\n|rule|Endless Battle Clause: Forcing endless battles is banned\n|rule|HP Percentage Mod: HP is shown in percentages\n|clearpoke\n|poke|p1|Iron Moth|\n|poke|p1|Ogerpon-Wellspring, F|\n|poke|p1|Kingambit, M|\n|poke|p1|Ribombee, M|\n|poke|p1|Great Tusk|\n|poke|p1|Zapdos|\n|poke|p2|Slowbro, M|\n|poke|p2|Diancie|\n|poke|p2|Slither Wing|\n|poke|p2|Donphan, M|\n|poke|p2|Arcanine-Hisui, F|\n|poke|p2|Revavroom, M|\n|teampreview\n|\n|t:|1700571978\n|start\n|switch|p1a: Ribombee|Ribombee, M, shiny|100\/100\n|switch|p2a: Revavroom|Revavroom, M|100\/100\n|turn|1\n|inactive|Battle timer is ON: inactive players will automatically lose when time's up. (requested by dilkem)\n|\n|t:|1700571988\n|move|p1a: Ribombee|Stun Spore|p2a: Revavroom\n|-status|p2a: Revavroom|par\n|cant|p2a: Revavroom|par\n|\n|upkeep\n|turn|2\n|\n|t:|1700571994\n|move|p1a: Ribombee|Sticky Web|p2a: Revavroom\n|-sidestart|p2: dilkem|move: Sticky Web\n|cant|p2a: Revavroom|par\n|\n|upkeep\n|turn|3\n|\n|t:|1700572003\n|move|p1a: Ribombee|Psychic|p2a: Revavroom\n|-damage|p2a: Revavroom|77\/100 par\n|cant|p2a: Revavroom|par\n|\n|-heal|p2a: Revavroom|83\/100 par|[from] item: Black Sludge\n|upkeep\n|turn|4\n|c|\u2606CatMaster18|Damm triple para\n|\n|t:|1700572014\n|switch|p1a: Lord|Kingambit, M, shiny|100\/100\n|cant|p2a: Revavroom|par\n|\n|-heal|p2a: Revavroom|89\/100 par|[from] item: Black Sludge\n|upkeep\n|turn|5\n|c|\u2606CatMaster18|4 paras in a row wtf\n|\n|t:|1700572026\n|move|p1a: Lord|Swords Dance|p1a: Lord\n|-boost|p1a: Lord|atk|2\n|move|p2a: Revavroom|Parting Shot|p1a: Lord\n|-unboost|p1a: Lord|atk|1\n|-unboost|p1a: Lord|spa|1\n|\n|t:|1700572032\n|switch|p2a: Slither Wing|Slither Wing|100\/100|[from] Parting Shot\n|-activate|p2a: Slither Wing|move: Sticky Web\n|-unboost|p2a: Slither Wing|spe|1\n|\n|upkeep\n|turn|6\n|inactive|CatMaster18 has 120 seconds left.\n|\n|t:|1700572062\n|-terastallize|p1a: Lord|Ghost\n|move|p1a: Lord|Iron Head|p2a: Slither Wing\n|-crit|p2a: Slither Wing\n|-damage|p2a: Slither Wing|0 fnt\n|faint|p2a: Slither Wing\n|-end|p2a: Slither Wing|Protosynthesis|[silent]\n|\n|upkeep\n|\n|t:|1700572082\n|switch|p2a: Donphan|Donphan, M|100\/100\n|-activate|p2a: Donphan|move: Sticky Web\n|-unboost|p2a: Donphan|spe|1\n|turn|7\n|\n|t:|1700572095\n|move|p1a: Lord|Swords Dance|p1a: Lord\n|-boost|p1a: Lord|atk|2\n|move|p2a: Donphan|Earthquake|p1a: Lord\n|-damage|p1a: Lord|58\/100\n|\n|upkeep\n|turn|8\n|inactive|CatMaster18 has 120 seconds left.\n|\n|t:|1700572113\n|move|p1a: Lord|Kowtow Cleave|p2a: Donphan\n|-ability|p2a: Donphan|Sturdy\n|-damage|p2a: Donphan|1\/100\n|move|p2a: Donphan|Earthquake|p1a: Lord\n|-damage|p1a: Lord|15\/100\n|\n|-heal|p2a: Donphan|7\/100|[from] item: Leftovers\n|upkeep\n|turn|9\n|\n|t:|1700572128\n|move|p2a: Donphan|Ice Shard|p1a: Lord\n|-damage|p1a: Lord|3\/100\n|move|p1a: Lord|Iron Head|p2a: Donphan\n|-damage|p2a: Donphan|0 fnt\n|faint|p2a: Donphan\n|\n|upkeep\n|\n|t:|1700572135\n|switch|p2a: Revavroom|Revavroom, M|89\/100 par\n|-activate|p2a: Revavroom|move: Sticky Web\n|-unboost|p2a: Revavroom|spe|1\n|turn|10\n|\n|t:|1700572142\n|move|p1a: Lord|Kowtow Cleave|p2a: Revavroom\n|-damage|p2a: Revavroom|0 fnt\n|faint|p2a: Revavroom\n|\n|upkeep\n|\n|t:|1700572146\n|switch|p2a: Arcanine|Arcanine-Hisui, F|100\/100\n|-activate|p2a: Arcanine|move: Sticky Web\n|-unboost|p2a: Arcanine|spe|1\n|turn|11\n|\n|t:|1700572160\n|move|p2a: Arcanine|Flare Blitz|p1a: Lord\n|-damage|p1a: Lord|0 fnt\n|faint|p1a: Lord\n|-end|p1a: Lord|fallenundefined|[silent]\n|\n|upkeep\n|c|\u2606CatMaster18|Ur scarfed\n|\n|t:|1700572173\n|switch|p1a: Iron Moth|Iron Moth|100\/100\n|-enditem|p1a: Iron Moth|Booster Energy\n|-activate|p1a: Iron Moth|ability: Quark Drive|[fromitem]\n|-start|p1a: Iron Moth|quarkdrivespe\n|turn|12\n|\n|t:|1700572192\n|move|p1a: Iron Moth|Substitute|p1a: Iron Moth\n|-start|p1a: Iron Moth|Substitute\n|-damage|p1a: Iron Moth|76\/100\n|move|p2a: Arcanine|Flare Blitz|p1a: Iron Moth\n|-resisted|p1a: Iron Moth\n|-end|p1a: Iron Moth|Substitute\n|\n|upkeep\n|turn|13\n|\n|t:|1700572205\n|move|p1a: Iron Moth|Sludge Wave|p2a: Arcanine\n|-resisted|p2a: Arcanine\n|-damage|p2a: Arcanine|73\/100\n|move|p2a: Arcanine|Flare Blitz|p1a: Iron Moth\n|-resisted|p1a: Iron Moth\n|-damage|p1a: Iron Moth|32\/100\n|\n|upkeep\n|turn|14\n|\n|t:|1700572212\n|move|p1a: Iron Moth|Energy Ball|p2a: Arcanine\n|-damage|p2a: Arcanine|36\/100\n|move|p2a: Arcanine|Flare Blitz|p1a: Iron Moth\n|-resisted|p1a: Iron Moth\n|-damage|p1a: Iron Moth|0 fnt\n|faint|p1a: Iron Moth\n|-end|p1a: Iron Moth|Quark Drive|[silent]\n|\n|upkeep\n|\n|t:|1700572227\n|switch|p1a: Ogerpon|Ogerpon-Wellspring, F|100\/100\n|turn|15\n|\n|t:|1700572235\n|move|p1a: Ogerpon|Ivy Cudgel|p2a: Arcanine|[anim] Ivy Cudgel Water\n|-supereffective|p2a: Arcanine\n|-damage|p2a: Arcanine|0 fnt\n|faint|p2a: Arcanine\n|\n|upkeep\n|\n|t:|1700572247\n|switch|p2a: Diancie|Diancie|100\/100\n|-activate|p2a: Diancie|move: Sticky Web\n|-fail|p2a: Diancie|unboost|[from] ability: Clear Body|[of] p2a: Diancie\n|turn|16\n|inactive|CatMaster18 has 120 seconds left.\n|\n|t:|1700572281\n|-terastallize|p2a: Diancie|Grass\n|move|p1a: Ogerpon|Power Whip|p2a: Diancie\n|-resisted|p2a: Diancie\n|-damage|p2a: Diancie|73\/100\n|move|p2a: Diancie|Trick Room|p2a: Diancie\n|-fieldstart|move: Trick Room|[of] p2a: Diancie\n|\n|-heal|p2a: Diancie|79\/100|[from] item: Leftovers\n|upkeep\n|turn|17\n|inactive|CatMaster18 has 120 seconds left.\n|\n|t:|1700572295\n|move|p2a: Diancie|Moonblast|p1a: Ogerpon\n|-damage|p1a: Ogerpon|47\/100\n|-unboost|p1a: Ogerpon|spa|1\n|move|p1a: Ogerpon|Play Rough|p2a: Diancie\n|-damage|p2a: Diancie|48\/100\n|\n|-heal|p2a: Diancie|54\/100|[from] item: Leftovers\n|upkeep\n|turn|18\n|\n|t:|1700572304\n|move|p2a: Diancie|Moonblast|p1a: Ogerpon\n|-crit|p1a: Ogerpon\n|-damage|p1a: Ogerpon|0 fnt\n|faint|p1a: Ogerpon\n|\n|-heal|p2a: Diancie|61\/100|[from] item: Leftovers\n|upkeep\n|inactive|CatMaster18 has 120 seconds left.\n|\n|t:|1700572315\n|switch|p1a: Ribombee|Ribombee, M, shiny|100\/100\n|turn|19\n|inactive|CatMaster18 has 120 seconds left.\n|\n|t:|1700572332\n|move|p2a: Diancie|Moonblast|p1a: Ribombee\n|-damage|p1a: Ribombee|27\/100\n|move|p1a: Ribombee|Moonblast|p2a: Diancie\n|-damage|p2a: Diancie|28\/100\n|\n|-heal|p2a: Diancie|34\/100|[from] item: Leftovers\n|upkeep\n|turn|20\n|inactive|CatMaster18 has 120 seconds left.\n|\n|t:|1700572341\n|move|p2a: Diancie|Moonblast|p1a: Ribombee\n|-damage|p1a: Ribombee|0 fnt\n|faint|p1a: Ribombee\n|\n|-heal|p2a: Diancie|41\/100|[from] item: Leftovers\n|-fieldend|move: Trick Room\n|upkeep\n|inactive|CatMaster18 has 120 seconds left.\n|\n|t:|1700572348\n|switch|p1a: Great Tusk|Great Tusk, shiny|100\/100\n|turn|21\n|\n|t:|1700572354\n|move|p1a: Great Tusk|Headlong Rush|p2a: Diancie\n|-resisted|p2a: Diancie\n|-damage|p2a: Diancie|15\/100\n|-unboost|p1a: Great Tusk|def|1\n|-unboost|p1a: Great Tusk|spd|1\n|move|p2a: Diancie|Trick Room|p2a: Diancie\n|-fieldstart|move: Trick Room|[of] p2a: Diancie\n|\n|-heal|p2a: Diancie|21\/100|[from] item: Leftovers\n|upkeep\n|turn|22\n|c|\u2606CatMaster18|I forgot about the tera\n|c|\u2606CatMaster18|No way\n|inactive|CatMaster18 has 120 seconds left.\n|\n|t:|1700572371\n|move|p2a: Diancie|Moonblast|p1a: Great Tusk\n|-supereffective|p1a: Great Tusk\n|-damage|p1a: Great Tusk|0 fnt\n|faint|p1a: Great Tusk\n|-end|p1a: Great Tusk|Protosynthesis|[silent]\n|\n|-heal|p2a: Diancie|27\/100|[from] item: Leftovers\n|upkeep\n|inactive|CatMaster18 has 120 seconds left.\n|\n|t:|1700572377\n|switch|p1a: Zapdos|Zapdos|100\/100\n|turn|23\n|\n|t:|1700572381\n|move|p2a: Diancie|Power Gem|p1a: Zapdos\n|-supereffective|p1a: Zapdos\n|-damage|p1a: Zapdos|9\/100\n|move|p1a: Zapdos|Hurricane|p2a: Diancie|[miss]\n|-miss|p1a: Zapdos|p2a: Diancie\n|\n|-heal|p2a: Diancie|33\/100|[from] item: Leftovers\n|upkeep\n|turn|24\n|-message|CatMaster18 forfeited.\n|\n|win|dilkem\n|raw|CatMaster18's rating: 1282 &rarr; <strong>1262<\/strong><br \/>(-20 for losing)\n|raw|dilkem's rating: 1359 &rarr; <strong>1375<\/strong><br \/>(+16 for winning)\n|l|\u2606CatMaster18\n","uploadtime":1700572395,"views":1,"p1id":"catmaster18","p2id":"dilkem","formatid":"gen9ou","rating":1262,"private":0,"password":""}