{"id":"gen9ou-1995285616","p1":"zxyuiop","p2":"mcgriddlesoe","format":"[Gen 9] OU","log":"|j|\u2606zxyuiop\n|j|\u2606mcgriddlesoe\n|t:|1700546927\n|gametype|singles\n|player|p1|zxyuiop|picnicker|1111\n|player|p2|mcgriddlesoe|roughneck-gen4|1211\n|teamsize|p1|6\n|teamsize|p2|6\n|gen|9\n|tier|[Gen 9] OU\n|rated|\n|rule|Sleep Clause Mod: Limit one foe put to sleep\n|rule|Species Clause: Limit one of each Pok\u00e9mon\n|rule|OHKO Clause: OHKO moves are banned\n|rule|Evasion Items Clause: Evasion items are banned\n|rule|Evasion Moves Clause: Evasion moves are banned\n|rule|Endless Battle Clause: Forcing endless battles is banned\n|rule|HP Percentage Mod: HP is shown in percentages\n|clearpoke\n|poke|p1|Heatran, M|\n|poke|p1|Rillaboom, M|\n|poke|p1|Zapdos|\n|poke|p1|Garchomp, F|\n|poke|p1|Ogerpon-Wellspring, F|\n|poke|p1|Iron Treads|\n|poke|p2|Lokix, F|\n|poke|p2|Ogerpon-Wellspring, F|\n|poke|p2|Corviknight, M|\n|poke|p2|Zoroark-Hisui, M|\n|poke|p2|Great Tusk|\n|poke|p2|Ceruledge, M|\n|teampreview\n|inactive|Battle timer is ON: inactive players will automatically lose when time's up. (requested by mcgriddlesoe)\n|\n|t:|1700546956\n|start\n|switch|p1a: Garchomp|Garchomp, F|100\/100\n|switch|p2a: Oger|Ogerpon-Wellspring, F|100\/100\n|turn|1\n|\n|t:|1700546969\n|move|p2a: Oger|Ivy Cudgel|p1a: Garchomp|[anim] Ivy Cudgel Water\n|-damage|p1a: Garchomp|47\/100\n|move|p1a: Garchomp|Stealth Rock|p2a: Oger\n|-sidestart|p2: mcgriddlesoe|move: Stealth Rock\n|\n|upkeep\n|turn|2\n|\n|t:|1700546979\n|switch|p1a: Ogerpon|Ogerpon-Wellspring, F|100\/100\n|move|p2a: Oger|Horn Leech|p1a: Ogerpon\n|-damage|p1a: Ogerpon|44\/100\n|\n|upkeep\n|turn|3\n|\n|t:|1700546993\n|switch|p1a: Rillaboom|Rillaboom, M|100\/100\n|-fieldstart|move: Grassy Terrain|[from] ability: Grassy Surge|[of] p1a: Rillaboom\n|move|p2a: Oger|Horn Leech|p1a: Rillaboom\n|-resisted|p1a: Rillaboom\n|-damage|p1a: Rillaboom|74\/100\n|\n|-heal|p1a: Rillaboom|80\/100|[from] Grassy Terrain\n|upkeep\n|turn|4\n|\n|t:|1700547005\n|switch|p2a: Dark Knight|Corviknight, M|100\/100\n|-damage|p2a: Dark Knight|88\/100|[from] Stealth Rock\n|-ability|p2a: Dark Knight|Pressure\n|move|p1a: Rillaboom|Grassy Glide|p2a: Dark Knight\n|-resisted|p2a: Dark Knight\n|-damage|p2a: Dark Knight|80\/100\n|-damage|p1a: Rillaboom|64\/100|[from] item: Rocky Helmet|[of] p2a: Dark Knight\n|-damage|p1a: Rillaboom|54\/100|[from] item: Life Orb\n|\n|-heal|p1a: Rillaboom|60\/100|[from] Grassy Terrain\n|upkeep\n|turn|5\n|\n|t:|1700547025\n|switch|p1a: Zapdos|Zapdos|100\/100\n|move|p2a: Dark Knight|Defog|p1a: Zapdos\n|-unboost|p1a: Zapdos|evasion|1\n|-sideend|p2: mcgriddlesoe|Stealth Rock|[from] move: Defog|[of] p2a: Dark Knight\n|-fieldend|move: Grassy Terrain\n|\n|upkeep\n|turn|6\n|\n|t:|1700547033\n|move|p1a: Zapdos|Discharge|p2a: Dark Knight\n|-supereffective|p2a: Dark Knight\n|-damage|p2a: Dark Knight|0 fnt\n|faint|p2a: Dark Knight\n|\n|upkeep\n|\n|t:|1700547040\n|switch|p2a: Pablo|Lokix, F|100\/100\n|turn|7\n|\n|t:|1700547050\n|move|p2a: Pablo|Shadow Ball|p1a: Zapdos\n|-damage|p1a: Zapdos|62\/100\n|move|p1a: Zapdos|Volt Switch|p2a: Pablo\n|-damage|p2a: Pablo|17\/100\n|replace|p2a: Gottem|Zoroark-Hisui, M\n|-end|p2a: Gottem|Illusion\n|\n|t:|1700547067\n|switch|p1a: Rillaboom|Rillaboom, M|60\/100|[from] Volt Switch\n|-fieldstart|move: Grassy Terrain|[from] ability: Grassy Surge|[of] p1a: Rillaboom\n|\n|-heal|p2a: Gottem|23\/100|[from] Grassy Terrain\n|-heal|p1a: Rillaboom|66\/100|[from] Grassy Terrain\n|upkeep\n|turn|8\n|inactive|mcgriddlesoe has 120 seconds left.\n|\n|t:|1700547104\n|move|p1a: Rillaboom|Grassy Glide|p2a: Gottem\n|-damage|p2a: Gottem|0 fnt\n|faint|p2a: Gottem\n|-damage|p1a: Rillaboom|56\/100|[from] item: Life Orb\n|\n|-heal|p1a: Rillaboom|62\/100|[from] Grassy Terrain\n|upkeep\n|\n|t:|1700547107\n|switch|p2a: Pablo|Lokix, F|100\/100\n|turn|9\n|\n|t:|1700547115\n|switch|p1a: Heatran|Heatran, M|100\/100\n|move|p2a: Pablo|U-turn|p1a: Heatran\n|-resisted|p1a: Heatran\n|-damage|p1a: Heatran|84\/100\n|\n|t:|1700547124\n|switch|p2a: Oger|Ogerpon-Wellspring, F|100\/100|[from] U-turn\n|\n|-heal|p1a: Heatran|91\/100|[from] Grassy Terrain\n|-heal|p1a: Heatran|97\/100|[from] item: Leftovers\n|upkeep\n|turn|10\n|\n|t:|1700547135\n|switch|p1a: Rillaboom|Rillaboom, M|62\/100\n|move|p2a: Oger|U-turn|p1a: Rillaboom\n|-supereffective|p1a: Rillaboom\n|-damage|p1a: Rillaboom|14\/100\n|\n|t:|1700547145\n|switch|p2a: Pablo|Lokix, F|100\/100|[from] U-turn\n|\n|-heal|p1a: Rillaboom|21\/100|[from] Grassy Terrain\n|upkeep\n|turn|11\n|\n|t:|1700547165\n|move|p1a: Rillaboom|Fake Out|p2a: Pablo\n|-damage|p2a: Pablo|71\/100\n|-damage|p1a: Rillaboom|11\/100|[from] item: Life Orb\n|cant|p2a: Pablo|flinch\n|\n|-heal|p2a: Pablo|77\/100|[from] Grassy Terrain\n|-heal|p1a: Rillaboom|17\/100|[from] Grassy Terrain\n|-fieldend|move: Grassy Terrain\n|upkeep\n|turn|12\n|\n|t:|1700547178\n|switch|p1a: Zapdos|Zapdos|62\/100\n|move|p2a: Pablo|First Impression||[still]\n|-hint|First Impression only works on your first turn out.\n|-fail|p2a: Pablo\n|\n|upkeep\n|turn|13\n|\n|t:|1700547200\n|switch|p2a: Deadass|Ceruledge, M|100\/100\n|move|p1a: Zapdos|Discharge|p2a: Deadass\n|-damage|p2a: Deadass|52\/100\n|-status|p2a: Deadass|par\n|\n|upkeep\n|turn|14\n|\n|t:|1700547211\n|move|p1a: Zapdos|Volt Switch|p2a: Deadass\n|-damage|p2a: Deadass|4\/100 par\n|\n|t:|1700547216\n|switch|p1a: Rillaboom|Rillaboom, M|17\/100|[from] Volt Switch\n|-fieldstart|move: Grassy Terrain|[from] ability: Grassy Surge|[of] p1a: Rillaboom\n|move|p2a: Deadass|Poltergeist|p1a: Rillaboom\n|-activate|p1a: Rillaboom|move: Poltergeist|Life Orb\n|-damage|p1a: Rillaboom|0 fnt\n|faint|p1a: Rillaboom\n|\n|-heal|p2a: Deadass|10\/100 par|[from] Grassy Terrain\n|upkeep\n|\n|t:|1700547230\n|switch|p1a: Ogerpon|Ogerpon-Wellspring, F|44\/100\n|turn|15\n|\n|t:|1700547250\n|move|p2a: Deadass|Shadow Sneak|p1a: Ogerpon\n|-damage|p1a: Ogerpon|12\/100\n|move|p1a: Ogerpon|Ivy Cudgel|p2a: Deadass|[anim] Ivy Cudgel Water\n|-supereffective|p2a: Deadass\n|-damage|p2a: Deadass|0 fnt\n|faint|p2a: Deadass\n|\n|-heal|p1a: Ogerpon|18\/100|[from] Grassy Terrain\n|upkeep\n|\n|t:|1700547268\n|switch|p2a: Medium Tusk|Great Tusk|100\/100\n|-enditem|p2a: Medium Tusk|Booster Energy\n|-activate|p2a: Medium Tusk|ability: Protosynthesis|[fromitem]\n|-start|p2a: Medium Tusk|protosynthesisatk\n|turn|16\n|\n|t:|1700547277\n|-terastallize|p1a: Ogerpon|Water\n|detailschange|p1a: Ogerpon|Ogerpon-Wellspring-Tera, F, tera:Water\n|-ability|p1a: Ogerpon|Embody Aspect (Wellspring)|boost\n|-boost|p1a: Ogerpon|spd|1\n|move|p1a: Ogerpon|Ivy Cudgel|p2a: Medium Tusk|[anim] Ivy Cudgel Water\n|-supereffective|p2a: Medium Tusk\n|-damage|p2a: Medium Tusk|0 fnt\n|faint|p2a: Medium Tusk\n|-end|p2a: Medium Tusk|Protosynthesis|[silent]\n|\n|-heal|p1a: Ogerpon|24\/100|[from] Grassy Terrain\n|upkeep\n|\n|t:|1700547289\n|switch|p2a: Pablo|Lokix, F|77\/100\n|turn|17\n|\n|t:|1700547300\n|move|p2a: Pablo|First Impression|p1a: Ogerpon\n|-damage|p1a: Ogerpon|0 fnt\n|faint|p1a: Ogerpon\n|\n|-heal|p2a: Pablo|83\/100|[from] Grassy Terrain\n|upkeep\n|\n|t:|1700547309\n|switch|p1a: Zapdos|Zapdos|62\/100\n|turn|18\n|\n|t:|1700547316\n|move|p2a: Pablo|First Impression||[still]\n|-hint|First Impression only works on your first turn out.\n|-fail|p2a: Pablo\n|move|p1a: Zapdos|Discharge|p2a: Pablo\n|-damage|p2a: Pablo|0 fnt\n|faint|p2a: Pablo\n|\n|-fieldend|move: Grassy Terrain\n|upkeep\n|\n|t:|1700547321\n|switch|p2a: Oger|Ogerpon-Wellspring, F|100\/100\n|turn|19\n|\n|t:|1700547328\n|-terastallize|p2a: Oger|Water\n|detailschange|p2a: Oger|Ogerpon-Wellspring-Tera, F, tera:Water\n|-ability|p2a: Oger|Embody Aspect (Wellspring)|boost\n|-boost|p2a: Oger|spd|1\n|move|p2a: Oger|Ivy Cudgel|p1a: Zapdos|[anim] Ivy Cudgel Water\n|-damage|p1a: Zapdos|0 fnt\n|faint|p1a: Zapdos\n|\n|upkeep\n|\n|t:|1700547338\n|switch|p1a: Garchomp|Garchomp, F|47\/100\n|turn|20\n|\n|t:|1700547345\n|move|p2a: Oger|Ivy Cudgel|p1a: Garchomp|[anim] Ivy Cudgel Water\n|-crit|p1a: Garchomp\n|-damage|p1a: Garchomp|0 fnt\n|faint|p1a: Garchomp\n|\n|upkeep\n|\n|t:|1700547350\n|switch|p1a: Iron Treads|Iron Treads|100\/100\n|turn|21\n|\n|t:|1700547356\n|move|p2a: Oger|Ivy Cudgel|p1a: Iron Treads|[anim] Ivy Cudgel Water\n|-supereffective|p1a: Iron Treads\n|-damage|p1a: Iron Treads|0 fnt\n|faint|p1a: Iron Treads\n|-end|p1a: Iron Treads|Quark Drive|[silent]\n|\n|upkeep\n|\n|t:|1700547362\n|switch|p1a: Heatran|Heatran, M|97\/100\n|turn|22\n|\n|t:|1700547367\n|move|p2a: Oger|Ivy Cudgel|p1a: Heatran|[anim] Ivy Cudgel Water\n|-supereffective|p1a: Heatran\n|-damage|p1a: Heatran|0 fnt\n|faint|p1a: Heatran\n|\n|win|mcgriddlesoe\n|raw|zxyuiop's rating: 1129 &rarr; <strong>1110<\/strong><br \/>(-19 for losing)\n|raw|mcgriddlesoe's rating: 1211 &rarr; <strong>1230<\/strong><br \/>(+19 for winning)\n","uploadtime":1700547371,"views":3,"p1id":"zxyuiop","p2id":"mcgriddlesoe","formatid":"gen9ou","rating":1110,"private":0,"password":""}