{"id":"gen9ou-2000046247","p1":"Zoax","p2":"brilliance12345678","format":"[Gen 9] OU","log":"|j|\u2606Zoax\n|j|\u2606brilliance12345678\n|t:|1701145609\n|gametype|singles\n|player|p1|Zoax|1|1387\n|player|p2|brilliance12345678|psychic-gen4|1492\n|teamsize|p1|6\n|teamsize|p2|6\n|gen|9\n|tier|[Gen 9] OU\n|rated|\n|rule|Sleep Clause Mod: Limit one foe put to sleep\n|rule|Species Clause: Limit one of each Pok\u00e9mon\n|rule|OHKO Clause: OHKO moves are banned\n|rule|Evasion Items Clause: Evasion items are banned\n|rule|Evasion Moves Clause: Evasion moves are banned\n|rule|Endless Battle Clause: Forcing endless battles is banned\n|rule|HP Percentage Mod: HP is shown in percentages\n|clearpoke\n|poke|p1|Gholdengo|\n|poke|p1|Ceruledge, M|\n|poke|p1|Klefki, F|\n|poke|p1|Mandibuzz, F|\n|poke|p1|Dragonite, M|\n|poke|p1|Ogerpon-Wellspring, F|\n|poke|p2|Ribombee, F|\n|poke|p2|Gholdengo|\n|poke|p2|Enamorus, F|\n|poke|p2|Iron Moth|\n|poke|p2|Great Tusk|\n|poke|p2|Kingambit, M|\n|teampreview\n|\n|t:|1701145629\n|start\n|switch|p1a: Klefki|Klefki, F|100\/100\n|switch|p2a: Ribombee|Ribombee, F|100\/100\n|turn|1\n|inactive|Battle timer is ON: inactive players will automatically lose when time's up. (requested by brilliance12345678)\n|\n|t:|1701145635\n|move|p1a: Klefki|Thunder Wave|p2a: Ribombee\n|-status|p2a: Ribombee|par\n|move|p2a: Ribombee|Sticky Web|p1a: Klefki\n|-sidestart|p1: Zoax|move: Sticky Web\n|\n|upkeep\n|turn|2\n|\n|t:|1701145641\n|move|p1a: Klefki|Light Screen|p1a: Klefki\n|-sidestart|p1: Zoax|move: Light Screen\n|move|p2a: Ribombee|U-turn|p1a: Klefki\n|-resisted|p1a: Klefki\n|-damage|p1a: Klefki|96\/100\n|\n|t:|1701145647\n|switch|p2a: Cheese string|Gholdengo|100\/100|[from] U-turn\n|-item|p2a: Cheese string|Air Balloon\n|\n|upkeep\n|turn|3\n|\n|t:|1701145659\n|switch|p1a: Dragonite|Dragonite, M|100\/100\n|move|p2a: Cheese string|Nasty Plot|p2a: Cheese string\n|-boost|p2a: Cheese string|spa|2\n|\n|upkeep\n|turn|4\n|\n|t:|1701145677\n|move|p2a: Cheese string|Shadow Ball|p1a: Dragonite\n|-damage|p1a: Dragonite|78\/100\n|-unboost|p1a: Dragonite|spd|1\n|move|p1a: Dragonite|Fire Blast|p2a: Cheese string|[miss]\n|-miss|p1a: Dragonite|p2a: Cheese string\n|\n|upkeep\n|turn|5\n|\n|t:|1701145689\n|move|p2a: Cheese string|Shadow Ball|p1a: Dragonite\n|-damage|p1a: Dragonite|7\/100\n|move|p1a: Dragonite|Fire Blast|p2a: Cheese string\n|-supereffective|p2a: Cheese string\n|-damage|p2a: Cheese string|2\/100\n|-status|p2a: Cheese string|brn\n|-enditem|p2a: Cheese string|Air Balloon\n|-damage|p1a: Dragonite|0 fnt|[from] item: Life Orb\n|faint|p1a: Dragonite\n|\n|-damage|p2a: Cheese string|0 fnt|[from] brn\n|faint|p2a: Cheese string\n|upkeep\n|inactive|brilliance12345678 has 120 seconds left.\n|\n|t:|1701145730\n|switch|p2a: Great Tusk|Great Tusk|100\/100\n|switch|p1a: Mandibuzz|Mandibuzz, F|100\/100\n|-enditem|p2a: Great Tusk|Booster Energy\n|-activate|p2a: Great Tusk|ability: Protosynthesis|[fromitem]\n|-start|p2a: Great Tusk|protosynthesisatk\n|turn|6\n|\n|t:|1701145739\n|move|p2a: Great Tusk|Ice Spinner|p1a: Mandibuzz\n|-supereffective|p1a: Mandibuzz\n|-damage|p1a: Mandibuzz|62\/100\n|move|p1a: Mandibuzz|Toxic|p2a: Great Tusk\n|-status|p2a: Great Tusk|tox\n|\n|-heal|p1a: Mandibuzz|68\/100|[from] item: Leftovers\n|-damage|p2a: Great Tusk|94\/100 tox|[from] psn\n|upkeep\n|turn|7\n|\n|t:|1701145749\n|move|p2a: Great Tusk|Close Combat|p1a: Mandibuzz\n|-damage|p1a: Mandibuzz|26\/100\n|-unboost|p2a: Great Tusk|def|1\n|-unboost|p2a: Great Tusk|spd|1\n|move|p1a: Mandibuzz|Defog|p2a: Great Tusk\n|-unboost|p2a: Great Tusk|evasion|1\n|-sideend|p1: Zoax|Sticky Web|[from] move: Defog|[of] p1a: Mandibuzz\n|\n|-heal|p1a: Mandibuzz|32\/100|[from] item: Leftovers\n|-damage|p2a: Great Tusk|82\/100 tox|[from] psn\n|upkeep\n|turn|8\n|inactive|brilliance12345678 has 120 seconds left.\n|\n|t:|1701145774\n|switch|p1a: Ceruledge|Ceruledge, M|100\/100\n|move|p2a: Great Tusk|Close Combat|p1a: Ceruledge\n|-immune|p1a: Ceruledge\n|\n|-damage|p2a: Great Tusk|63\/100 tox|[from] psn\n|upkeep\n|turn|9\n|\n|t:|1701145783\n|move|p2a: Great Tusk|Earthquake|p1a: Ceruledge\n|-supereffective|p1a: Ceruledge\n|-enditem|p1a: Ceruledge|Focus Sash\n|-damage|p1a: Ceruledge|1\/100\n|-ability|p1a: Ceruledge|Weak Armor|boost\n|-unboost|p1a: Ceruledge|def|1\n|-boost|p1a: Ceruledge|spe|2\n|move|p1a: Ceruledge|Swords Dance|p1a: Ceruledge\n|-boost|p1a: Ceruledge|atk|2\n|\n|-damage|p2a: Great Tusk|39\/100 tox|[from] psn\n|-sideend|p1: Zoax|move: Light Screen\n|upkeep\n|turn|10\n|inactive|brilliance12345678 has 120 seconds left.\n|\n|t:|1701145802\n|move|p1a: Ceruledge|Bitter Blade|p2a: Great Tusk\n|-damage|p2a: Great Tusk|0 fnt\n|-heal|p1a: Ceruledge|25\/100|[from] drain|[of] p2a: Great Tusk\n|faint|p2a: Great Tusk\n|-end|p2a: Great Tusk|Protosynthesis|[silent]\n|\n|upkeep\n|\n|t:|1701145804\n|switch|p2a: Kingambit|Kingambit, M|100\/100\n|-activate|p2a: Kingambit|ability: Supreme Overlord\n|-start|p2a: Kingambit|fallen2|[silent]\n|turn|11\n|\n|t:|1701145812\n|move|p2a: Kingambit|Sucker Punch||[still]\n|-fail|p2a: Kingambit\n|move|p1a: Ceruledge|Destiny Bond|p1a: Ceruledge\n|-singlemove|p1a: Ceruledge|Destiny Bond\n|\n|upkeep\n|turn|12\n|inactive|brilliance12345678 has 120 seconds left.\n|\n|t:|1701145846\n|-end|p2a: Kingambit|fallen2|[silent]\n|switch|p2a: MOONBLAST|Enamorus, F|100\/100\n|move|p1a: Ceruledge|Bitter Blade|p2a: MOONBLAST\n|-damage|p2a: MOONBLAST|0 fnt\n|-heal|p1a: Ceruledge|75\/100|[from] drain|[of] p2a: MOONBLAST\n|faint|p2a: MOONBLAST\n|\n|upkeep\n|\n|t:|1701145848\n|switch|p2a: Ribombee|Ribombee, F|100\/100 par\n|turn|13\n|\n|t:|1701145859\n|move|p1a: Ceruledge|Bitter Blade|p2a: Ribombee\n|-supereffective|p2a: Ribombee\n|-enditem|p2a: Ribombee|Focus Sash\n|-damage|p2a: Ribombee|1\/100 par\n|-heal|p1a: Ceruledge|100\/100|[from] drain|[of] p2a: Ribombee\n|cant|p2a: Ribombee|par\n|\n|upkeep\n|turn|14\n|inactive|brilliance12345678 has 120 seconds left.\n|\n|t:|1701145881\n|move|p1a: Ceruledge|Bitter Blade|p2a: Ribombee\n|-supereffective|p2a: Ribombee\n|-damage|p2a: Ribombee|0 fnt\n|faint|p2a: Ribombee\n|\n|upkeep\n|\n|t:|1701145886\n|switch|p2a: Kingambit|Kingambit, M|100\/100\n|-activate|p2a: Kingambit|ability: Supreme Overlord\n|-start|p2a: Kingambit|fallen4|[silent]\n|turn|15\n|inactive|brilliance12345678 has 120 seconds left.\n|\n|t:|1701145895\n|move|p2a: Kingambit|Sucker Punch|p1a: Ceruledge\n|-supereffective|p1a: Ceruledge\n|-damage|p1a: Ceruledge|0 fnt\n|faint|p1a: Ceruledge\n|\n|upkeep\n|\n|t:|1701145912\n|switch|p1a: Ogerpon|Ogerpon-Wellspring, F|100\/100\n|turn|16\n|\n|t:|1701145919\n|-terastallize|p1a: Ogerpon|Water\n|detailschange|p1a: Ogerpon|Ogerpon-Wellspring-Tera, F, tera:Water\n|-ability|p1a: Ogerpon|Embody Aspect (Wellspring)|boost\n|-boost|p1a: Ogerpon|spd|1\n|-terastallize|p2a: Kingambit|Dark\n|move|p1a: Ogerpon|Ivy Cudgel|p2a: Kingambit|[anim] Ivy Cudgel Water\n|-damage|p2a: Kingambit|48\/100\n|move|p2a: Kingambit|Kowtow Cleave|p1a: Ogerpon\n|-damage|p1a: Ogerpon|0 fnt\n|faint|p1a: Ogerpon\n|\n|upkeep\n|\n|t:|1701145933\n|switch|p1a: Mandibuzz|Mandibuzz, F|32\/100\n|turn|17\n|inactive|brilliance12345678 has 120 seconds left.\n|\n|t:|1701145983\n|move|p1a: Mandibuzz|Roost|p1a: Mandibuzz\n|-heal|p1a: Mandibuzz|82\/100\n|-singleturn|p1a: Mandibuzz|move: Roost\n|move|p2a: Kingambit|Iron Head|p1a: Mandibuzz\n|-damage|p1a: Mandibuzz|47\/100\n|\n|-heal|p1a: Mandibuzz|53\/100|[from] item: Leftovers\n|upkeep\n|turn|18\n|\n|t:|1701145992\n|move|p1a: Mandibuzz|Toxic|p2a: Kingambit\n|-status|p2a: Kingambit|tox\n|move|p2a: Kingambit|Iron Head|p1a: Mandibuzz\n|-damage|p1a: Mandibuzz|19\/100\n|\n|-heal|p1a: Mandibuzz|25\/100|[from] item: Leftovers\n|-damage|p2a: Kingambit|41\/100 tox|[from] psn\n|upkeep\n|turn|19\n|\n|t:|1701146002\n|-end|p2a: Kingambit|fallen4|[silent]\n|switch|p2a: Iron Moth|Iron Moth|100\/100\n|-enditem|p2a: Iron Moth|Booster Energy\n|-activate|p2a: Iron Moth|ability: Quark Drive|[fromitem]\n|-start|p2a: Iron Moth|quarkdrivespa\n|move|p1a: Mandibuzz|Roost|p1a: Mandibuzz\n|-heal|p1a: Mandibuzz|75\/100\n|-singleturn|p1a: Mandibuzz|move: Roost\n|\n|-heal|p1a: Mandibuzz|81\/100|[from] item: Leftovers\n|upkeep\n|turn|20\n|inactive|brilliance12345678 has 90 seconds left.\n|\n|t:|1701146034\n|move|p2a: Iron Moth|Dazzling Gleam|p1a: Mandibuzz\n|-supereffective|p1a: Mandibuzz\n|-damage|p1a: Mandibuzz|15\/100\n|move|p1a: Mandibuzz|Toxic|p2a: Iron Moth\n|-immune|p2a: Iron Moth\n|\n|-heal|p1a: Mandibuzz|21\/100|[from] item: Leftovers\n|upkeep\n|turn|21\n|\n|t:|1701146050\n|move|p2a: Iron Moth|Fiery Dance|p1a: Mandibuzz\n|-damage|p1a: Mandibuzz|0 fnt\n|-boost|p2a: Iron Moth|spa|1\n|faint|p1a: Mandibuzz\n|\n|upkeep\n|\n|t:|1701146057\n|switch|p1a: Klefki|Klefki, F|96\/100\n|turn|22\n|\n|t:|1701146061\n|move|p1a: Klefki|Thunder Wave|p2a: Iron Moth\n|-status|p2a: Iron Moth|par\n|move|p2a: Iron Moth|Fiery Dance|p1a: Klefki\n|-supereffective|p1a: Klefki\n|-damage|p1a: Klefki|0 fnt\n|faint|p1a: Klefki\n|\n|upkeep\n|\n|t:|1701146069\n|switch|p1a: Gholdengo|Gholdengo|100\/100\n|-item|p1a: Gholdengo|Air Balloon\n|turn|23\n|\n|t:|1701146073\n|move|p1a: Gholdengo|Nasty Plot|p1a: Gholdengo\n|-boost|p1a: Gholdengo|spa|2\n|cant|p2a: Iron Moth|par\n|\n|upkeep\n|turn|24\n|\n|t:|1701146081\n|move|p1a: Gholdengo|Shadow Ball|p2a: Iron Moth\n|-damage|p2a: Iron Moth|0 fnt\n|faint|p2a: Iron Moth\n|-end|p2a: Iron Moth|Quark Drive|[silent]\n|\n|upkeep\n|\n|t:|1701146085\n|switch|p2a: Kingambit|Kingambit, M, tera:Dark|41\/100 tox\n|-activate|p2a: Kingambit|ability: Supreme Overlord\n|-start|p2a: Kingambit|fallen5|[silent]\n|turn|25\n|\n|t:|1701146091\n|move|p2a: Kingambit|Sucker Punch||[still]\n|-fail|p2a: Kingambit\n|move|p1a: Gholdengo|Nasty Plot|p1a: Gholdengo\n|-boost|p1a: Gholdengo|spa|2\n|\n|-damage|p2a: Kingambit|35\/100 tox|[from] psn\n|upkeep\n|turn|26\n|\n|t:|1701146100\n|move|p2a: Kingambit|Sucker Punch|p1a: Gholdengo\n|-supereffective|p1a: Gholdengo\n|-damage|p1a: Gholdengo|0 fnt\n|-enditem|p1a: Gholdengo|Air Balloon\n|faint|p1a: Gholdengo\n|\n|win|brilliance12345678\n|raw|Zoax's rating: 1387 &rarr; <strong>1373<\/strong><br \/>(-14 for losing)\n|raw|brilliance12345678's rating: 1492 &rarr; <strong>1506<\/strong><br \/>(+14 for winning)\n","uploadtime":1701146108,"views":17,"p1id":"zoax","p2id":"brilliance12345678","formatid":"gen9ou","rating":1373,"private":0,"password":""}