{"id":"gen9ou-1995273689","p1":"Aeziolu","p2":"PizzaTowerEpic","format":"[Gen 9] OU","log":"|j|\u2606Aeziolu\n|j|\u2606PizzaTowerEpic\n|t:|1700544949\n|gametype|singles\n|player|p1|Aeziolu|wally|\n|player|p2|PizzaTowerEpic|baker|\n|teamsize|p1|6\n|teamsize|p2|6\n|gen|9\n|tier|[Gen 9] OU\n|rule|Sleep Clause Mod: Limit one foe put to sleep\n|rule|Species Clause: Limit one of each Pok\u00e9mon\n|rule|OHKO Clause: OHKO moves are banned\n|rule|Evasion Items Clause: Evasion items are banned\n|rule|Evasion Moves Clause: Evasion moves are banned\n|rule|Endless Battle Clause: Forcing endless battles is banned\n|rule|HP Percentage Mod: HP is shown in percentages\n|clearpoke\n|poke|p1|Sandy Shocks|\n|poke|p1|Enamorus, F|\n|poke|p1|Dragapult, M|\n|poke|p1|Flapple, F|\n|poke|p1|Ursaluna, M|\n|poke|p1|Garganacl, M|\n|poke|p2|Greninja-*, M|\n|poke|p2|Jirachi|\n|poke|p2|Lucario, M|\n|poke|p2|Basculegion-F, F|\n|poke|p2|Gengar, M|\n|poke|p2|Mew|\n|teampreview\n|\n|t:|1700544960\n|start\n|switch|p1a: Sandy Shocks|Sandy Shocks|100\/100\n|switch|p2a: The Pope|Greninja, M|100\/100\n|turn|1\n|\n|t:|1700544967\n|move|p2a: The Pope|Spikes|p1a: Sandy Shocks\n|-start|p2a: The Pope|typechange|Ground|[from] ability: Protean\n|-sidestart|p1: Aeziolu|Spikes\n|move|p1a: Sandy Shocks|Volt Switch|p2a: The Pope\n|-immune|p2a: The Pope\n|\n|upkeep\n|turn|2\n|\n|t:|1700544974\n|move|p2a: The Pope|Spikes|p1a: Sandy Shocks\n|-sidestart|p1: Aeziolu|Spikes\n|move|p1a: Sandy Shocks|Earth Power|p2a: The Pope\n|-damage|p2a: The Pope|26\/100\n|\n|upkeep\n|turn|3\n|\n|t:|1700544979\n|move|p2a: The Pope|U-turn|p1a: Sandy Shocks\n|-damage|p1a: Sandy Shocks|85\/100\n|\n|t:|1700544985\n|switch|p2a: The Shope|Mew|100\/100|[from] U-turn\n|move|p1a: Sandy Shocks|Earth Power|p2a: The Shope\n|-damage|p2a: The Shope|60\/100\n|\n|-heal|p2a: The Shope|66\/100|[from] item: Leftovers\n|upkeep\n|turn|4\n|j| DeepestButton\n|\n|t:|1700544999\n|move|p1a: Sandy Shocks|Volt Switch|p2a: The Shope\n|-damage|p2a: The Shope|37\/100\n|\n|t:|1700545002\n|-end|p1a: Sandy Shocks|Protosynthesis|[silent]\n|switch|p1a: Enamorus|Enamorus, F|100\/100|[from] Volt Switch\n|move|p2a: The Shope|Dragon Dance|p2a: The Shope\n|-boost|p2a: The Shope|atk|1\n|-boost|p2a: The Shope|spe|1\n|\n|-heal|p2a: The Shope|43\/100|[from] item: Leftovers\n|upkeep\n|turn|5\n|\n|t:|1700545015\n|move|p2a: The Shope|Play Rough|p1a: Enamorus\n|-damage|p1a: Enamorus|28\/100\n|move|p1a: Enamorus|Moonblast|p2a: The Shope\n|-damage|p2a: The Shope|0 fnt\n|faint|p2a: The Shope\n|\n|-heal|p1a: Enamorus|34\/100|[from] item: Leftovers\n|upkeep\n|\n|t:|1700545029\n|switch|p2a: The Mope|Jirachi|100\/100\n|turn|6\n|\n|t:|1700545037\n|move|p1a: Enamorus|Earth Power|p2a: The Mope\n|-supereffective|p2a: The Mope\n|-damage|p2a: The Mope|41\/100\n|move|p2a: The Mope|Light Screen|p2a: The Mope\n|-sidestart|p2: PizzaTowerEpic|move: Light Screen\n|\n|-heal|p1a: Enamorus|40\/100|[from] item: Leftovers\n|upkeep\n|turn|7\n|\n|t:|1700545051\n|switch|p2a: The Nope|Basculegion-F, F|100\/100\n|move|p1a: Enamorus|Earth Power|p2a: The Nope\n|-damage|p2a: The Nope|82\/100\n|\n|-heal|p1a: Enamorus|47\/100|[from] item: Leftovers\n|-heal|p2a: The Nope|88\/100|[from] item: Leftovers\n|upkeep\n|turn|8\n|\n|t:|1700545070\n|move|p1a: Enamorus|Moonblast|p2a: The Nope\n|-damage|p2a: The Nope|62\/100\n|move|p2a: The Nope|Rain Dance|p2a: The Nope\n|-weather|RainDance\n|\n|-weather|RainDance|[upkeep]\n|-heal|p1a: Enamorus|53\/100|[from] item: Leftovers\n|-heal|p2a: The Nope|68\/100|[from] item: Leftovers\n|upkeep\n|turn|9\n|\n|t:|1700545091\n|move|p1a: Enamorus|Moonblast|p2a: The Nope\n|-damage|p2a: The Nope|41\/100\n|-unboost|p2a: The Nope|spa|1\n|move|p2a: The Nope|Ice Beam|p1a: Enamorus\n|-supereffective|p1a: Enamorus\n|-damage|p1a: Enamorus|0 fnt\n|faint|p1a: Enamorus\n|\n|-weather|RainDance|[upkeep]\n|-heal|p2a: The Nope|48\/100|[from] item: Leftovers\n|upkeep\n|\n|t:|1700545106\n|switch|p1a: Dragapult|Dragapult, M|100\/100\n|-damage|p1a: Dragapult|84\/100|[from] Spikes\n|turn|10\n|\n|t:|1700545111\n|switch|p2a: The Pope|Greninja, M|26\/100\n|move|p1a: Dragapult|Phantom Force||[still]\n|-prepare|p1a: Dragapult|Phantom Force\n|\n|-weather|RainDance|[upkeep]\n|upkeep\n|turn|11\n|\n|t:|1700545132\n|move|p1a: Dragapult|Phantom Force|p2a: The Pope|[from]lockedmove\n|-resisted|p2a: The Pope\n|-damage|p2a: The Pope|0 fnt\n|faint|p2a: The Pope\n|\n|-weather|RainDance|[upkeep]\n|upkeep\n|\n|t:|1700545139\n|switch|p2a: The Sope|Lucario, M|100\/100\n|turn|12\n|\n|t:|1700545166\n|switch|p1a: Sandy Shocks|Sandy Shocks|85\/100\n|-damage|p1a: Sandy Shocks|69\/100|[from] Spikes\n|move|p2a: The Sope|Dragon Pulse|p1a: Sandy Shocks\n|-damage|p1a: Sandy Shocks|37\/100\n|\n|-weather|none\n|upkeep\n|turn|13\n|\n|t:|1700545180\n|move|p2a: The Sope|Dragon Pulse|p1a: Sandy Shocks\n|-damage|p1a: Sandy Shocks|3\/100\n|move|p1a: Sandy Shocks|Thunder Wave|p2a: The Sope\n|-status|p2a: The Sope|par\n|\n|-sideend|p2: PizzaTowerEpic|move: Light Screen\n|upkeep\n|turn|14\n|\n|t:|1700545186\n|move|p1a: Sandy Shocks|Earth Power|p2a: The Sope\n|-supereffective|p2a: The Sope\n|-damage|p2a: The Sope|0 fnt\n|faint|p2a: The Sope\n|\n|upkeep\n|j| Augodyne\n|\n|t:|1700545193\n|switch|p2a: The Scary Gope|Gengar, M|100\/100\n|turn|15\n|\n|t:|1700545204\n|move|p2a: The Scary Gope|Shadow Ball|p1a: Sandy Shocks\n|-damage|p1a: Sandy Shocks|0 fnt\n|faint|p1a: Sandy Shocks\n|-end|p1a: Sandy Shocks|Protosynthesis|[silent]\n|\n|upkeep\n|\n|t:|1700545206\n|switch|p1a: Dragapult|Dragapult, M|84\/100\n|-damage|p1a: Dragapult|68\/100|[from] Spikes\n|turn|16\n|\n|t:|1700545214\n|move|p1a: Dragapult|Phantom Force||[still]\n|-prepare|p1a: Dragapult|Phantom Force\n|move|p2a: The Scary Gope|Shadow Ball|p1a: Dragapult|[miss]\n|-miss|p2a: The Scary Gope|p1a: Dragapult\n|\n|upkeep\n|turn|17\n|\n|t:|1700545217\n|move|p1a: Dragapult|Phantom Force|p2a: The Scary Gope|[from]lockedmove\n|-supereffective|p2a: The Scary Gope\n|-damage|p2a: The Scary Gope|0 fnt\n|-start|p1a: Dragapult|Disable|Phantom Force|[from] ability: Cursed Body|[of] p2a: The Scary Gope\n|faint|p2a: The Scary Gope\n|\n|upkeep\n|\n|t:|1700545224\n|switch|p2a: The Mope|Jirachi|41\/100\n|turn|18\n|\n|t:|1700545231\n|switch|p1a: Flapple|Flapple, F|100\/100\n|-damage|p1a: Flapple|84\/100|[from] Spikes\n|move|p2a: The Mope|Reflect|p2a: The Mope\n|-sidestart|p2: PizzaTowerEpic|Reflect\n|\n|upkeep\n|turn|19\n|\n|t:|1700545242\n|move|p2a: The Mope|Meteor Mash|p1a: Flapple\n|-crit|p1a: Flapple\n|-damage|p1a: Flapple|0 fnt\n|-boost|p2a: The Mope|atk|1\n|faint|p1a: Flapple\n|\n|upkeep\n|\n|t:|1700545252\n|switch|p1a: Ursaluna|Ursaluna, M|100\/100\n|-damage|p1a: Ursaluna|84\/100|[from] Spikes\n|turn|20\n|\n|t:|1700545255\n|move|p2a: The Mope|Drain Punch|p1a: Ursaluna\n|-supereffective|p1a: Ursaluna\n|-damage|p1a: Ursaluna|26\/100\n|-heal|p2a: The Mope|72\/100|[from] drain|[of] p1a: Ursaluna\n|move|p1a: Ursaluna|Earthquake|p2a: The Mope\n|-supereffective|p2a: The Mope\n|-damage|p2a: The Mope|12\/100\n|\n|upkeep\n|turn|21\n|\n|t:|1700545263\n|move|p2a: The Mope|Meteor Mash|p1a: Ursaluna\n|-damage|p1a: Ursaluna|0 fnt\n|faint|p1a: Ursaluna\n|\n|upkeep\n|\n|t:|1700545268\n|switch|p1a: Dragapult|Dragapult, M|68\/100\n|-damage|p1a: Dragapult|51\/100|[from] Spikes\n|turn|22\n|\n|t:|1700545272\n|move|p1a: Dragapult|Phantom Force||[still]\n|-prepare|p1a: Dragapult|Phantom Force\n|move|p2a: The Mope|Meteor Mash|p1a: Dragapult|[miss]\n|-miss|p2a: The Mope|p1a: Dragapult\n|\n|upkeep\n|turn|23\n|\n|t:|1700545275\n|move|p1a: Dragapult|Phantom Force|p2a: The Mope|[from]lockedmove\n|-supereffective|p2a: The Mope\n|-damage|p2a: The Mope|0 fnt\n|faint|p2a: The Mope\n|\n|upkeep\n|\n|t:|1700545279\n|switch|p2a: The Nope|Basculegion-F, F|48\/100\n|turn|24\n|\n|t:|1700545288\n|switch|p1a: Garganacl|Garganacl, M|100\/100\n|-damage|p1a: Garganacl|84\/100|[from] Spikes\n|move|p2a: The Nope|Aqua Jet|p1a: Garganacl\n|-supereffective|p1a: Garganacl\n|-damage|p1a: Garganacl|62\/100\n|\n|-heal|p2a: The Nope|54\/100|[from] item: Leftovers\n|upkeep\n|turn|25\n|\n|t:|1700545302\n|move|p2a: The Nope|Rain Dance|p2a: The Nope\n|-weather|RainDance\n|move|p1a: Garganacl|Salt Cure|p2a: The Nope\n|-damage|p2a: The Nope|47\/100\n|-start|p2a: The Nope|Salt Cure\n|\n|-weather|RainDance|[upkeep]\n|-heal|p2a: The Nope|53\/100|[from] item: Leftovers\n|-damage|p2a: The Nope|28\/100|[from] Salt Cure\n|-sideend|p2: PizzaTowerEpic|Reflect\n|upkeep\n|turn|26\n|\n|t:|1700545308\n|move|p2a: The Nope|Hydro Pump|p1a: Garganacl\n|-supereffective|p1a: Garganacl\n|-damage|p1a: Garganacl|0 fnt\n|faint|p1a: Garganacl\n|\n|-weather|RainDance|[upkeep]\n|-heal|p2a: The Nope|34\/100|[from] item: Leftovers\n|-damage|p2a: The Nope|9\/100|[from] Salt Cure\n|upkeep\n|\n|t:|1700545315\n|switch|p1a: Dragapult|Dragapult, M|51\/100\n|-damage|p1a: Dragapult|35\/100|[from] Spikes\n|turn|27\n|\n|t:|1700545319\n|move|p2a: The Nope|Aqua Jet|p1a: Dragapult\n|-resisted|p1a: Dragapult\n|-damage|p1a: Dragapult|17\/100\n|move|p1a: Dragapult|Phantom Force||[still]\n|-prepare|p1a: Dragapult|Phantom Force\n|\n|-weather|RainDance|[upkeep]\n|-heal|p2a: The Nope|15\/100|[from] item: Leftovers\n|-damage|p2a: The Nope|0 fnt|[from] Salt Cure\n|faint|p2a: The Nope\n|\n|win|Aeziolu\n|upkeep\n","uploadtime":1700545422,"views":18,"p1id":"aeziolu","p2id":"pizzatowerepic","formatid":"gen9ou","rating":0,"private":0,"password":""}