{"id":"gen9ou-1993776885","p1":"j3zter","p2":"BL153","format":"[Gen 9] OU","log":"|j|\u2606j3zter\n|j|\u2606BL153\n|t:|1700355970\n|gametype|singles\n|player|p1|j3zter|ethan|1287\n|player|p2|BL153|nate|1378\n|teamsize|p1|6\n|teamsize|p2|6\n|gen|9\n|tier|[Gen 9] OU\n|rated|\n|rule|Sleep Clause Mod: Limit one foe put to sleep\n|rule|Species Clause: Limit one of each Pok\u00e9mon\n|rule|OHKO Clause: OHKO moves are banned\n|rule|Evasion Items Clause: Evasion items are banned\n|rule|Evasion Moves Clause: Evasion moves are banned\n|rule|Endless Battle Clause: Forcing endless battles is banned\n|rule|HP Percentage Mod: HP is shown in percentages\n|clearpoke\n|poke|p1|Mamoswine, M|\n|poke|p1|Milotic, M|\n|poke|p1|Meowscarada, M|\n|poke|p1|Iron Moth|\n|poke|p1|Corviknight, F|\n|poke|p1|Garchomp, F|\n|poke|p2|Cinderace, M|\n|poke|p2|Rillaboom, M|\n|poke|p2|Inteleon, M|\n|poke|p2|Charizard, M|\n|poke|p2|Dragapult, M|\n|poke|p2|Avalugg, M|\n|teampreview\n|c|\u2606BL153|hf\n|c|\u2606BL153|Lets have a CHAMPION TIME\n|\n|t:|1700356001\n|start\n|switch|p1a: Swine Flu|Mamoswine, M|100\/100\n|switch|p2a: Cinderace|Cinderace, M|100\/100\n|turn|1\n|c|\u2606j3zter|ill try oomfie\n|\n|t:|1700356026\n|switch|p2a: Avalugg|Avalugg, M|100\/100\n|move|p1a: Swine Flu|Earthquake|p2a: Avalugg\n|-damage|p2a: Avalugg|77\/100\n|\n|upkeep\n|turn|2\n|\n|t:|1700356033\n|move|p1a: Swine Flu|Stealth Rock|p2a: Avalugg\n|-sidestart|p2: BL153|move: Stealth Rock\n|move|p2a: Avalugg|Body Press|p1a: Swine Flu\n|-supereffective|p1a: Swine Flu\n|-damage|p1a: Swine Flu|12\/100\n|\n|upkeep\n|turn|3\n|\n|t:|1700356050\n|switch|p1a: Gorgeous|Milotic, M, shiny|100\/100\n|move|p2a: Avalugg|Rapid Spin|p1a: Gorgeous\n|-damage|p1a: Gorgeous|90\/100\n|-boost|p2a: Avalugg|spe|1\n|-sideend|p2: BL153|Stealth Rock|[from] move: Rapid Spin|[of] p2a: Avalugg\n|\n|-heal|p1a: Gorgeous|96\/100|[from] item: Leftovers\n|upkeep\n|turn|4\n|\n|t:|1700356070\n|switch|p2a: Rillaboom|Rillaboom, M|100\/100\n|-fieldstart|move: Grassy Terrain|[from] ability: Grassy Surge|[of] p2a: Rillaboom\n|-enditem|p2a: Rillaboom|Grassy Seed\n|-boost|p2a: Rillaboom|def|1|[from] item: Grassy Seed\n|move|p1a: Gorgeous|Scald|p2a: Rillaboom\n|-resisted|p2a: Rillaboom\n|-damage|p2a: Rillaboom|84\/100\n|\n|-heal|p2a: Rillaboom|90\/100|[from] Grassy Terrain\n|-heal|p1a: Gorgeous|100\/100|[from] Grassy Terrain\n|upkeep\n|turn|5\n|\n|t:|1700356084\n|switch|p1a: BIRD|Corviknight, F|100\/100\n|-ability|p1a: BIRD|Pressure\n|move|p2a: Rillaboom|Swords Dance|p2a: Rillaboom\n|-boost|p2a: Rillaboom|atk|2\n|\n|-heal|p2a: Rillaboom|96\/100|[from] Grassy Terrain\n|upkeep\n|turn|6\n|\n|t:|1700356098\n|move|p2a: Rillaboom|Acrobatics|p1a: BIRD\n|-resisted|p1a: BIRD\n|-damage|p1a: BIRD|76\/100\n|-damage|p2a: Rillaboom|80\/100|[from] item: Rocky Helmet|[of] p1a: BIRD\n|move|p1a: BIRD|Brave Bird|p2a: Rillaboom\n|-supereffective|p2a: Rillaboom\n|-damage|p2a: Rillaboom|25\/100\n|-damage|p1a: BIRD|60\/100|[from] Recoil\n|\n|-heal|p2a: Rillaboom|31\/100|[from] Grassy Terrain\n|upkeep\n|turn|7\n|\n|t:|1700356125\n|switch|p2a: Avalugg|Avalugg, M|77\/100\n|move|p1a: BIRD|Roost|p1a: BIRD\n|-heal|p1a: BIRD|100\/100\n|-singleturn|p1a: BIRD|move: Roost\n|\n|-heal|p2a: Avalugg|83\/100|[from] Grassy Terrain\n|upkeep\n|turn|8\n|\n|t:|1700356139\n|switch|p1a: M.O.T.H.R.A|Iron Moth|100\/100\n|-enditem|p1a: M.O.T.H.R.A|Booster Energy\n|-activate|p1a: M.O.T.H.R.A|ability: Quark Drive|[fromitem]\n|-start|p1a: M.O.T.H.R.A|quarkdrivespa\n|move|p2a: Avalugg|Avalanche|p1a: M.O.T.H.R.A\n|-resisted|p1a: M.O.T.H.R.A\n|-damage|p1a: M.O.T.H.R.A|81\/100\n|\n|-heal|p1a: M.O.T.H.R.A|87\/100|[from] Grassy Terrain\n|-heal|p2a: Avalugg|90\/100|[from] Grassy Terrain\n|-fieldend|move: Grassy Terrain\n|upkeep\n|turn|9\n|\n|t:|1700356154\n|switch|p2a: Cinderace|Cinderace, M|100\/100\n|move|p1a: M.O.T.H.R.A|Fiery Dance|p2a: Cinderace\n|-resisted|p2a: Cinderace\n|-damage|p2a: Cinderace|71\/100\n|-boost|p1a: M.O.T.H.R.A|spa|1\n|\n|upkeep\n|turn|10\n|\n|t:|1700356163\n|move|p2a: Cinderace|Zen Headbutt|p1a: M.O.T.H.R.A\n|-start|p2a: Cinderace|typechange|Psychic|[from] ability: Libero\n|-supereffective|p1a: M.O.T.H.R.A\n|-damage|p1a: M.O.T.H.R.A|0 fnt\n|faint|p1a: M.O.T.H.R.A\n|-end|p1a: M.O.T.H.R.A|Quark Drive|[silent]\n|\n|upkeep\n|\n|t:|1700356170\n|switch|p1a: Phantom|Meowscarada, M|100\/100\n|turn|11\n|\n|t:|1700356197\n|switch|p2a: Avalugg|Avalugg, M|90\/100\n|move|p1a: Phantom|Knock Off|p2a: Avalugg\n|-start|p1a: Phantom|typechange|Dark|[from] ability: Protean\n|-damage|p2a: Avalugg|70\/100\n|-enditem|p2a: Avalugg|Heavy-Duty Boots|[from] move: Knock Off|[of] p1a: Phantom\n|\n|upkeep\n|turn|12\n|\n|t:|1700356209\n|switch|p1a: Gorgeous|Milotic, M, shiny|100\/100\n|move|p2a: Avalugg|Recover|p2a: Avalugg\n|-heal|p2a: Avalugg|100\/100\n|\n|upkeep\n|turn|13\n|\n|t:|1700356215\n|switch|p2a: Inteleon|Inteleon, M|100\/100\n|move|p1a: Gorgeous|Scald|p2a: Inteleon\n|-resisted|p2a: Inteleon\n|-damage|p2a: Inteleon|76\/100\n|\n|upkeep\n|turn|14\n|\n|t:|1700356233\n|move|p2a: Inteleon|U-turn|p1a: Gorgeous\n|-damage|p1a: Gorgeous|91\/100\n|\n|t:|1700356236\n|switch|p2a: Rillaboom|Rillaboom, M|31\/100|[from] U-turn\n|-fieldstart|move: Grassy Terrain|[from] ability: Grassy Surge|[of] p2a: Rillaboom\n|move|p1a: Gorgeous|Scald|p2a: Rillaboom\n|-resisted|p2a: Rillaboom\n|-damage|p2a: Rillaboom|14\/100\n|\n|-heal|p2a: Rillaboom|20\/100|[from] Grassy Terrain\n|-heal|p1a: Gorgeous|97\/100|[from] Grassy Terrain\n|-heal|p1a: Gorgeous|100\/100|[from] item: Leftovers\n|upkeep\n|turn|15\n|c|\u2606BL153|RILLABOOM bring the house down!\n|\n|t:|1700356277\n|switch|p2a: Dragapult|Dragapult, M|100\/100\n|switch|p1a: BIRD|Corviknight, F|100\/100\n|-ability|p1a: BIRD|Pressure\n|\n|upkeep\n|turn|16\n|c|\u2606BL153|Can u tell my teams theme?\n|c|\u2606BL153|:p\n|c|\u2606j3zter|i dont get it\n|\n|t:|1700356329\n|switch|p1a: Phantom|Meowscarada, M|100\/100\n|move|p2a: Dragapult|Flamethrower|p1a: Phantom\n|-supereffective|p1a: Phantom\n|-damage|p1a: Phantom|4\/100\n|-damage|p2a: Dragapult|90\/100|[from] item: Life Orb\n|\n|-heal|p1a: Phantom|10\/100|[from] Grassy Terrain\n|-heal|p2a: Dragapult|97\/100|[from] Grassy Terrain\n|upkeep\n|turn|17\n|c|\u2606BL153|Leon\n|\n|t:|1700356347\n|switch|p2a: Avalugg|Avalugg, M|100\/100\n|move|p1a: Phantom|Knock Off|p2a: Avalugg\n|-start|p1a: Phantom|typechange|Dark|[from] ability: Protean\n|-damage|p2a: Avalugg|87\/100\n|\n|-heal|p1a: Phantom|16\/100|[from] Grassy Terrain\n|-heal|p2a: Avalugg|93\/100|[from] Grassy Terrain\n|upkeep\n|turn|18\n|c|\u2606BL153|from sword and shield\n|c|\u2606j3zter|ic\n|\n|t:|1700356362\n|switch|p1a: BIRD|Corviknight, F|100\/100\n|-ability|p1a: BIRD|Pressure\n|move|p2a: Avalugg|Avalanche|p1a: BIRD\n|-damage|p1a: BIRD|86\/100\n|-damage|p2a: Avalugg|76\/100|[from] item: Rocky Helmet|[of] p1a: BIRD\n|\n|-heal|p2a: Avalugg|82\/100|[from] Grassy Terrain\n|-fieldend|move: Grassy Terrain\n|upkeep\n|turn|19\n|\n|t:|1700356375\n|switch|p2a: Dragapult|Dragapult, M|97\/100\n|move|p1a: BIRD|Iron Head|p2a: Dragapult\n|-damage|p2a: Dragapult|58\/100\n|\n|upkeep\n|turn|20\n|\n|t:|1700356386\n|switch|p1a: Gorgeous|Milotic, M, shiny|100\/100\n|move|p2a: Dragapult|Shadow Ball|p1a: Gorgeous\n|-damage|p1a: Gorgeous|67\/100\n|-damage|p2a: Dragapult|48\/100|[from] item: Life Orb\n|\n|-heal|p1a: Gorgeous|73\/100|[from] item: Leftovers\n|upkeep\n|turn|21\n|\n|t:|1700356397\n|move|p2a: Dragapult|Dragon Darts|p1a: Gorgeous\n|-damage|p1a: Gorgeous|53\/100\n|-anim|p2a: Dragapult|Dragon Darts|p1a: Gorgeous\n|-damage|p1a: Gorgeous|35\/100\n|-damage|p2a: Dragapult|38\/100|[from] item: Life Orb\n|move|p1a: Gorgeous|Ice Beam|p2a: Dragapult\n|-supereffective|p2a: Dragapult\n|-damage|p2a: Dragapult|0 fnt\n|faint|p2a: Dragapult\n|\n|-heal|p1a: Gorgeous|41\/100|[from] item: Leftovers\n|upkeep\n|\n|t:|1700356409\n|switch|p2a: Cinderace|Cinderace, M|71\/100\n|turn|22\n|\n|t:|1700356414\n|move|p2a: Cinderace|High Jump Kick|p1a: Gorgeous\n|-start|p2a: Cinderace|typechange|Fighting|[from] ability: Libero\n|-damage|p1a: Gorgeous|0 fnt\n|faint|p1a: Gorgeous\n|\n|upkeep\n|\n|t:|1700356425\n|switch|p1a: BIRD|Corviknight, F|86\/100\n|-ability|p1a: BIRD|Pressure\n|turn|23\n|\n|t:|1700356436\n|switch|p2a: Avalugg|Avalugg, M|82\/100\n|move|p1a: BIRD|Brave Bird|p2a: Avalugg\n|-damage|p2a: Avalugg|66\/100\n|-damage|p1a: BIRD|81\/100|[from] Recoil\n|\n|upkeep\n|turn|24\n|\n|t:|1700356441\n|move|p1a: BIRD|Iron Head|p2a: Avalugg\n|-supereffective|p2a: Avalugg\n|-damage|p2a: Avalugg|45\/100\n|move|p2a: Avalugg|Recover|p2a: Avalugg\n|-heal|p2a: Avalugg|95\/100\n|\n|upkeep\n|turn|25\n|\n|t:|1700356447\n|move|p1a: BIRD|Iron Head|p2a: Avalugg\n|-supereffective|p2a: Avalugg\n|-damage|p2a: Avalugg|72\/100\n|move|p2a: Avalugg|Avalanche|p1a: BIRD\n|-damage|p1a: BIRD|55\/100\n|-damage|p2a: Avalugg|56\/100|[from] item: Rocky Helmet|[of] p1a: BIRD\n|\n|upkeep\n|turn|26\n|\n|t:|1700356452\n|move|p1a: BIRD|Roost|p1a: BIRD\n|-heal|p1a: BIRD|100\/100\n|-singleturn|p1a: BIRD|move: Roost\n|move|p2a: Avalugg|Recover|p2a: Avalugg\n|-heal|p2a: Avalugg|100\/100\n|\n|upkeep\n|turn|27\n|\n|t:|1700356467\n|switch|p2a: Cinderace|Cinderace, M|71\/100\n|move|p1a: BIRD|Iron Head|p2a: Cinderace\n|-resisted|p2a: Cinderace\n|-damage|p2a: Cinderace|53\/100\n|\n|upkeep\n|turn|28\n|c|\u2606BL153|Kick back into action Cinderace!\n|c|\u2606BL153|Bring the HEAT\n|\n|t:|1700356484\n|switch|p1a: Cynthia|Garchomp, F|100\/100\n|move|p2a: Cinderace|Pyro Ball|p1a: Cynthia\n|-resisted|p1a: Cynthia\n|-damage|p1a: Cynthia|72\/100\n|\n|upkeep\n|turn|29\n|\n|t:|1700356498\n|switch|p2a: Rillaboom|Rillaboom, M|20\/100\n|-fieldstart|move: Grassy Terrain|[from] ability: Grassy Surge|[of] p2a: Rillaboom\n|move|p1a: Cynthia|Swords Dance|p1a: Cynthia\n|-boost|p1a: Cynthia|atk|2\n|\n|-heal|p1a: Cynthia|78\/100|[from] Grassy Terrain\n|-heal|p2a: Rillaboom|26\/100|[from] Grassy Terrain\n|upkeep\n|turn|30\n|\n|t:|1700356505\n|move|p2a: Rillaboom|Grassy Glide|p1a: Cynthia\n|-damage|p1a: Cynthia|40\/100\n|-damage|p2a: Rillaboom|14\/100|[from] ability: Rough Skin|[of] p1a: Cynthia\n|move|p1a: Cynthia|Stone Edge|p2a: Rillaboom|[miss]\n|-miss|p1a: Cynthia|p2a: Rillaboom\n|\n|-heal|p1a: Cynthia|46\/100|[from] Grassy Terrain\n|-heal|p2a: Rillaboom|20\/100|[from] Grassy Terrain\n|upkeep\n|turn|31\n|\n|t:|1700356516\n|move|p2a: Rillaboom|Grassy Glide|p1a: Cynthia\n|-damage|p1a: Cynthia|7\/100\n|-damage|p2a: Rillaboom|7\/100|[from] ability: Rough Skin|[of] p1a: Cynthia\n|move|p1a: Cynthia|Stone Edge|p2a: Rillaboom\n|-damage|p2a: Rillaboom|0 fnt\n|faint|p2a: Rillaboom\n|\n|-heal|p1a: Cynthia|13\/100|[from] Grassy Terrain\n|upkeep\n|\n|t:|1700356525\n|switch|p2a: Inteleon|Inteleon, M|76\/100\n|turn|32\n|c|\u2606BL153|well challenger well done u evened it up\n|c|\u2606BL153|But dont think this over just yet!\n|\n|t:|1700356543\n|switch|p1a: BIRD|Corviknight, F|100\/100\n|-ability|p1a: BIRD|Pressure\n|move|p2a: Inteleon|Ice Beam|p1a: BIRD\n|-damage|p1a: BIRD|68\/100\n|\n|-heal|p2a: Inteleon|82\/100|[from] Grassy Terrain\n|upkeep\n|turn|33\n|\n|t:|1700356554\n|move|p2a: Inteleon|Ice Beam|p1a: BIRD\n|-damage|p1a: BIRD|35\/100\n|move|p1a: BIRD|Roost|p1a: BIRD\n|-heal|p1a: BIRD|85\/100\n|-singleturn|p1a: BIRD|move: Roost\n|\n|-heal|p2a: Inteleon|88\/100|[from] Grassy Terrain\n|-heal|p1a: BIRD|91\/100|[from] Grassy Terrain\n|-fieldend|move: Grassy Terrain\n|upkeep\n|turn|34\n|\n|t:|1700356561\n|move|p2a: Inteleon|Ice Beam|p1a: BIRD\n|-damage|p1a: BIRD|60\/100\n|move|p1a: BIRD|Brave Bird|p2a: Inteleon\n|-damage|p2a: Inteleon|27\/100\n|-damage|p1a: BIRD|46\/100|[from] Recoil\n|\n|upkeep\n|turn|35\n|\n|t:|1700356567\n|switch|p2a: Charizard|Charizard, M|100\/100\n|move|p1a: BIRD|Roost|p1a: BIRD\n|-heal|p1a: BIRD|96\/100\n|-singleturn|p1a: BIRD|move: Roost\n|\n|upkeep\n|turn|36\n|c|\u2606BL153|Now heres my ace LETS SHOW HIM A CHAMPION TIME\n|c|\u2606BL153|Charizard!\n|\n|t:|1700356588\n|switch|p1a: Swine Flu|Mamoswine, M|12\/100\n|move|p2a: Charizard|Fire Blast|p1a: Swine Flu\n|-supereffective|p1a: Swine Flu\n|-damage|p1a: Swine Flu|0 fnt\n|faint|p1a: Swine Flu\n|\n|upkeep\n|\n|t:|1700356591\n|switch|p1a: Cynthia|Garchomp, F|13\/100\n|turn|37\n|\n|t:|1700356597\n|switch|p2a: Avalugg|Avalugg, M|100\/100\n|move|p1a: Cynthia|Stone Edge|p2a: Avalugg\n|-supereffective|p2a: Avalugg\n|-damage|p2a: Avalugg|72\/100\n|\n|upkeep\n|turn|38\n|\n|t:|1700356607\n|switch|p1a: BIRD|Corviknight, F|96\/100\n|-ability|p1a: BIRD|Pressure\n|move|p2a: Avalugg|Avalanche|p1a: BIRD\n|-damage|p1a: BIRD|82\/100\n|-damage|p2a: Avalugg|55\/100|[from] item: Rocky Helmet|[of] p1a: BIRD\n|\n|upkeep\n|turn|39\n|\n|t:|1700356611\n|move|p1a: BIRD|Iron Head|p2a: Avalugg\n|-supereffective|p2a: Avalugg\n|-damage|p2a: Avalugg|33\/100\n|move|p2a: Avalugg|Recover|p2a: Avalugg\n|-heal|p2a: Avalugg|83\/100\n|\n|upkeep\n|turn|40\n|\n|t:|1700356616\n|switch|p2a: Charizard|Charizard, M|100\/100\n|move|p1a: BIRD|Iron Head|p2a: Charizard\n|-resisted|p2a: Charizard\n|-damage|p2a: Charizard|83\/100\n|\n|upkeep\n|turn|41\n|\n|t:|1700356621\n|move|p2a: Charizard|Fire Blast|p1a: BIRD\n|-supereffective|p1a: BIRD\n|-damage|p1a: BIRD|0 fnt\n|faint|p1a: BIRD\n|\n|upkeep\n|\n|t:|1700356625\n|switch|p1a: Cynthia|Garchomp, F|13\/100\n|turn|42\n|c|\u2606BL153|Charizard is my most trusted partner for a reason\n|c|\u2606BL153|He never lets me down!\n|\n|t:|1700356653\n|move|p1a: Cynthia|Swords Dance|p1a: Cynthia\n|-boost|p1a: Cynthia|atk|2\n|move|p2a: Charizard|Dragon Pulse|p1a: Cynthia\n|-supereffective|p1a: Cynthia\n|-damage|p1a: Cynthia|0 fnt\n|faint|p1a: Cynthia\n|\n|upkeep\n|\n|t:|1700356656\n|switch|p1a: Phantom|Meowscarada, M|16\/100\n|turn|43\n|c|\u2606j3zter|damn\n|c|\u2606j3zter|i suspected a switch\n|c|\u2606j3zter|gg shawty\n|c|\u2606BL153|ik\n|c|\u2606BL153|gg bro\n|-message|j3zter forfeited.\n|\n|win|BL153\n|raw|j3zter's rating: 1287 &rarr; <strong>1268<\/strong><br \/>(-19 for losing)\n|raw|BL153's rating: 1378 &rarr; <strong>1393<\/strong><br \/>(+15 for winning)\n|l|\u2606j3zter\n|c|\u2606BL153|The winner is LEON!\n","uploadtime":1700356688,"views":16,"p1id":"j3zter","p2id":"bl153","formatid":"gen9ou","rating":1268,"private":0,"password":""}