{"id":"gen9ou-1990929071","p1":"41udson","p2":"AgentYeetus","format":"[Gen 9] OU","log":"|j|\u260641udson\n|j|\u2606AgentYeetus\n|t:|1700016250\n|gametype|singles\n|player|p1|41udson|n-masters|1377\n|player|p2|AgentYeetus|265|1235\n|teamsize|p1|6\n|teamsize|p2|6\n|gen|9\n|tier|[Gen 9] OU\n|rated|\n|rule|Sleep Clause Mod: Limit one foe put to sleep\n|rule|Species Clause: Limit one of each Pok\u00e9mon\n|rule|OHKO Clause: OHKO moves are banned\n|rule|Evasion Items Clause: Evasion items are banned\n|rule|Evasion Moves Clause: Evasion moves are banned\n|rule|Endless Battle Clause: Forcing endless battles is banned\n|rule|HP Percentage Mod: HP is shown in percentages\n|clearpoke\n|poke|p1|Toxapex, F|\n|poke|p1|Garganacl, F|\n|poke|p1|Great Tusk|\n|poke|p1|Rillaboom, M|\n|poke|p1|Hoopa-Unbound|\n|poke|p1|Moltres|\n|poke|p2|Great Tusk|\n|poke|p2|Iron Moth|\n|poke|p2|Ting-Lu|\n|poke|p2|Amoonguss, F|\n|poke|p2|Gholdengo|\n|poke|p2|Kingambit, M|\n|teampreview\n|inactive|Battle timer is ON: inactive players will automatically lose when time's up. (requested by AgentYeetus)\n|c|\u260641udson|gl hf\n|c|\u2606AgentYeetus|thx\n|c|\u2606AgentYeetus|nice team btw\n|inactive|AgentYeetus has 120 seconds left.\n|\n|t:|1700016285\n|start\n|switch|p1a: Hoopa|Hoopa-Unbound|100\/100\n|switch|p2a: Ting-Lu|Ting-Lu|100\/100\n|-ability|p2a: Ting-Lu|Vessel of Ruin\n|turn|1\n|\n|t:|1700016292\n|move|p1a: Hoopa|Drain Punch|p2a: Ting-Lu\n|-supereffective|p2a: Ting-Lu\n|-damage|p2a: Ting-Lu|64\/100\n|move|p2a: Ting-Lu|Stealth Rock|p1a: Hoopa\n|-sidestart|p1: 41udson|move: Stealth Rock\n|\n|-heal|p2a: Ting-Lu|70\/100|[from] item: Leftovers\n|upkeep\n|turn|2\n|\n|t:|1700016300\n|-terastallize|p2a: Ting-Lu|Poison\n|move|p1a: Hoopa|Drain Punch|p2a: Ting-Lu\n|-resisted|p2a: Ting-Lu\n|-damage|p2a: Ting-Lu|61\/100\n|move|p2a: Ting-Lu|Whirlwind|p1a: Hoopa\n|drag|p1a: Toxapex|Toxapex, F|100\/100\n|-damage|p1a: Toxapex|88\/100|[from] Stealth Rock\n|\n|-heal|p2a: Ting-Lu|67\/100|[from] item: Leftovers\n|upkeep\n|turn|3\n|\n|t:|1700016321\n|move|p2a: Ting-Lu|Spikes|p1a: Toxapex\n|-sidestart|p1: 41udson|Spikes\n|move|p1a: Toxapex|Surf|p2a: Ting-Lu\n|-damage|p2a: Ting-Lu|60\/100\n|\n|-heal|p2a: Ting-Lu|66\/100|[from] item: Leftovers\n|upkeep\n|turn|4\n|\n|t:|1700016329\n|switch|p1a: Great Tusk|Great Tusk|100\/100\n|-damage|p1a: Great Tusk|98\/100|[from] Stealth Rock\n|-damage|p1a: Great Tusk|85\/100|[from] Spikes\n|move|p2a: Ting-Lu|Spikes|p1a: Great Tusk\n|-sidestart|p1: 41udson|Spikes\n|\n|-heal|p1a: Great Tusk|91\/100|[from] item: Leftovers\n|-heal|p2a: Ting-Lu|72\/100|[from] item: Leftovers\n|upkeep\n|turn|5\n|\n|t:|1700016340\n|switch|p2a: Gholdengo|Gholdengo, shiny|100\/100\n|-item|p2a: Gholdengo|Air Balloon\n|move|p1a: Great Tusk|Knock Off|p2a: Gholdengo\n|-supereffective|p2a: Gholdengo\n|-damage|p2a: Gholdengo|62\/100\n|-enditem|p2a: Gholdengo|Air Balloon\n|\n|-heal|p1a: Great Tusk|98\/100|[from] item: Leftovers\n|upkeep\n|turn|6\n|\n|t:|1700016350\n|move|p1a: Great Tusk|Earthquake|p2a: Gholdengo\n|-supereffective|p2a: Gholdengo\n|-damage|p2a: Gholdengo|3\/100\n|move|p2a: Gholdengo|Make It Rain|p1a: Great Tusk\n|-damage|p1a: Great Tusk|25\/100\n|-unboost|p2a: Gholdengo|spa|1\n|\n|-heal|p1a: Great Tusk|31\/100|[from] item: Leftovers\n|upkeep\n|turn|7\n|\n|t:|1700016364\n|move|p1a: Great Tusk|Knock Off|p2a: Gholdengo\n|-supereffective|p2a: Gholdengo\n|-damage|p2a: Gholdengo|0 fnt\n|faint|p2a: Gholdengo\n|\n|-heal|p1a: Great Tusk|37\/100|[from] item: Leftovers\n|upkeep\n|\n|t:|1700016369\n|switch|p2a: Iron Moth|Iron Moth|100\/100\n|turn|8\n|\n|t:|1700016385\n|-end|p1a: Great Tusk|Protosynthesis|[silent]\n|switch|p1a: Garganacl|Garganacl, F|100\/100\n|-damage|p1a: Garganacl|88\/100|[from] Stealth Rock\n|-damage|p1a: Garganacl|72\/100|[from] Spikes\n|move|p2a: Iron Moth|Fiery Dance|p1a: Garganacl\n|-resisted|p1a: Garganacl\n|-damage|p1a: Garganacl|49\/100\n|-boost|p2a: Iron Moth|spa|1\n|\n|-heal|p1a: Garganacl|55\/100|[from] item: Leftovers\n|upkeep\n|turn|9\n|\n|t:|1700016395\n|move|p1a: Garganacl|Protect|p1a: Garganacl\n|-singleturn|p1a: Garganacl|Protect\n|move|p2a: Iron Moth|Fiery Dance|p1a: Garganacl\n|-activate|p1a: Garganacl|move: Protect\n|\n|-heal|p1a: Garganacl|62\/100|[from] item: Leftovers\n|upkeep\n|turn|10\n|\n|t:|1700016403\n|move|p2a: Iron Moth|Fiery Dance|p1a: Garganacl\n|-resisted|p1a: Garganacl\n|-damage|p1a: Garganacl|30\/100\n|move|p1a: Garganacl|Recover|p1a: Garganacl\n|-heal|p1a: Garganacl|80\/100\n|\n|-heal|p1a: Garganacl|86\/100|[from] item: Leftovers\n|upkeep\n|turn|11\n|\n|t:|1700016414\n|-end|p2a: Iron Moth|Quark Drive|[silent]\n|switch|p2a: Great Tusk|Great Tusk|100\/100\n|move|p1a: Garganacl|Salt Cure|p2a: Great Tusk\n|-resisted|p2a: Great Tusk\n|-damage|p2a: Great Tusk|98\/100\n|-start|p2a: Great Tusk|Salt Cure\n|\n|-heal|p1a: Garganacl|92\/100|[from] item: Leftovers\n|-damage|p2a: Great Tusk|86\/100|[from] Salt Cure\n|upkeep\n|turn|12\n|\n|t:|1700016425\n|move|p1a: Garganacl|Protect|p1a: Garganacl\n|-singleturn|p1a: Garganacl|Protect\n|move|p2a: Great Tusk|Headlong Rush|p1a: Garganacl\n|-activate|p1a: Garganacl|move: Protect\n|\n|-heal|p1a: Garganacl|99\/100|[from] item: Leftovers\n|-damage|p2a: Great Tusk|73\/100|[from] Salt Cure\n|upkeep\n|turn|13\n|\n|t:|1700016433\n|switch|p1a: Moltres|Moltres|100\/100\n|move|p2a: Great Tusk|Headlong Rush|p1a: Moltres\n|-immune|p1a: Moltres\n|\n|-damage|p2a: Great Tusk|61\/100|[from] Salt Cure\n|upkeep\n|turn|14\n|\n|t:|1700016443\n|-end|p2a: Great Tusk|Protosynthesis|[silent]\n|switch|p2a: Iron Moth|Iron Moth|100\/100\n|move|p1a: Moltres|Hurricane|p2a: Iron Moth\n|-damage|p2a: Iron Moth|53\/100\n|\n|upkeep\n|turn|15\n|\n|t:|1700016449\n|move|p2a: Iron Moth|Sludge Wave|p1a: Moltres\n|-damage|p1a: Moltres|44\/100\n|move|p1a: Moltres|Hurricane|p2a: Iron Moth|[miss]\n|-miss|p1a: Moltres|p2a: Iron Moth\n|\n|upkeep\n|turn|16\n|\n|t:|1700016455\n|switch|p1a: Garganacl|Garganacl, F|99\/100\n|-damage|p1a: Garganacl|86\/100|[from] Stealth Rock\n|-damage|p1a: Garganacl|70\/100|[from] Spikes\n|move|p2a: Iron Moth|Sludge Wave|p1a: Garganacl\n|-resisted|p1a: Garganacl\n|-damage|p1a: Garganacl|43\/100\n|\n|-heal|p1a: Garganacl|49\/100|[from] item: Leftovers\n|upkeep\n|turn|17\n|\n|t:|1700016469\n|-end|p2a: Iron Moth|Quark Drive|[silent]\n|switch|p2a: Kingambit|Kingambit, M|100\/100\n|-activate|p2a: Kingambit|ability: Supreme Overlord\n|-start|p2a: Kingambit|fallen1|[silent]\n|move|p1a: Garganacl|Salt Cure|p2a: Kingambit\n|-resisted|p2a: Kingambit\n|-damage|p2a: Kingambit|95\/100\n|-start|p2a: Kingambit|Salt Cure\n|\n|-heal|p1a: Garganacl|55\/100|[from] item: Leftovers\n|-damage|p2a: Kingambit|70\/100|[from] Salt Cure\n|upkeep\n|turn|18\n|\n|t:|1700016490\n|-end|p2a: Kingambit|fallen1|[silent]\n|switch|p2a: Ting-Lu|Ting-Lu, tera:Poison|72\/100\n|-ability|p2a: Ting-Lu|Vessel of Ruin\n|switch|p1a: Toxapex|Toxapex, F|100\/100\n|-damage|p1a: Toxapex|88\/100|[from] Stealth Rock\n|-damage|p1a: Toxapex|72\/100|[from] Spikes\n|\n|-heal|p2a: Ting-Lu|78\/100|[from] item: Leftovers\n|upkeep\n|turn|19\n|\n|t:|1700016507\n|switch|p1a: Moltres|Moltres|44\/100\n|move|p2a: Ting-Lu|Earthquake|p1a: Moltres\n|-immune|p1a: Moltres\n|\n|-heal|p2a: Ting-Lu|85\/100|[from] item: Leftovers\n|upkeep\n|turn|20\n|\n|t:|1700016515\n|switch|p2a: Iron Moth|Iron Moth|53\/100\n|move|p1a: Moltres|Roost|p1a: Moltres\n|-heal|p1a: Moltres|94\/100\n|-singleturn|p1a: Moltres|move: Roost\n|\n|upkeep\n|turn|21\n|\n|t:|1700016522\n|move|p2a: Iron Moth|Sludge Wave|p1a: Moltres\n|-damage|p1a: Moltres|39\/100\n|move|p1a: Moltres|Hurricane|p2a: Iron Moth\n|-damage|p2a: Iron Moth|3\/100\n|\n|upkeep\n|turn|22\n|\n|t:|1700016544\n|switch|p1a: Garganacl|Garganacl, F|55\/100\n|-damage|p1a: Garganacl|43\/100|[from] Stealth Rock\n|-damage|p1a: Garganacl|26\/100|[from] Spikes\n|move|p2a: Iron Moth|Sludge Wave|p1a: Garganacl\n|-resisted|p1a: Garganacl\n|-crit|p1a: Garganacl\n|-damage|p1a: Garganacl|0 fnt\n|faint|p1a: Garganacl\n|\n|upkeep\n|c|\u2606AgentYeetus|damn\n|inactive|41udson has 120 seconds left.\n|\n|t:|1700016571\n|switch|p1a: Rillaboom|Rillaboom, M|100\/100\n|-damage|p1a: Rillaboom|88\/100|[from] Stealth Rock\n|-damage|p1a: Rillaboom|72\/100|[from] Spikes\n|-fieldstart|move: Grassy Terrain|[from] ability: Grassy Surge|[of] p1a: Rillaboom\n|turn|23\n|\n|t:|1700016577\n|move|p1a: Rillaboom|Grassy Glide|p2a: Iron Moth\n|-resisted|p2a: Iron Moth\n|-damage|p2a: Iron Moth|0 fnt\n|faint|p2a: Iron Moth\n|-end|p2a: Iron Moth|Quark Drive|[silent]\n|\n|-heal|p1a: Rillaboom|78\/100|[from] Grassy Terrain\n|upkeep\n|\n|t:|1700016583\n|switch|p2a: Amoonguss|Amoonguss, F|100\/100\n|turn|24\n|inactive|41udson has 120 seconds left.\n|\n|t:|1700016594\n|switch|p1a: Toxapex|Toxapex, F|100\/100\n|-damage|p1a: Toxapex|88\/100|[from] Stealth Rock\n|-damage|p1a: Toxapex|72\/100|[from] Spikes\n|move|p2a: Amoonguss|Sludge Bomb|p1a: Toxapex\n|-resisted|p1a: Toxapex\n|-damage|p1a: Toxapex|61\/100\n|\n|-heal|p1a: Toxapex|67\/100|[from] Grassy Terrain\n|upkeep\n|turn|25\n|inactive|41udson has 120 seconds left.\n|\n|t:|1700016606\n|move|p1a: Toxapex|Baneful Bunker|p1a: Toxapex\n|-singleturn|p1a: Toxapex|move: Protect\n|move|p2a: Amoonguss|Spore|p1a: Toxapex\n|-activate|p1a: Toxapex|move: Protect\n|\n|-heal|p1a: Toxapex|74\/100|[from] Grassy Terrain\n|upkeep\n|turn|26\n|inactive|41udson has 120 seconds left.\n|\n|t:|1700016620\n|move|p1a: Toxapex|Toxic Spikes|p2a: Amoonguss\n|-sidestart|p2: AgentYeetus|move: Toxic Spikes\n|move|p2a: Amoonguss|Spore|p1a: Toxapex\n|-status|p1a: Toxapex|slp|[from] move: Spore\n|\n|-heal|p1a: Toxapex|80\/100 slp|[from] Grassy Terrain\n|upkeep\n|turn|27\n|\n|t:|1700016627\n|switch|p1a: Moltres|Moltres|39\/100\n|switch|p2a: Ting-Lu|Ting-Lu, tera:Poison|85\/100\n|-sideend|p2: AgentYeetus|move: Toxic Spikes|[of] p2a: Ting-Lu\n|-ability|p2a: Ting-Lu|Vessel of Ruin\n|\n|-heal|p2a: Ting-Lu|91\/100|[from] Grassy Terrain\n|-heal|p2a: Ting-Lu|97\/100|[from] item: Leftovers\n|-fieldend|move: Grassy Terrain\n|upkeep\n|turn|28\n|\n|t:|1700016636\n|move|p1a: Moltres|Roost|p1a: Moltres\n|-heal|p1a: Moltres|89\/100\n|-singleturn|p1a: Moltres|move: Roost\n|move|p2a: Ting-Lu|Spikes|p1a: Moltres\n|-sidestart|p1: 41udson|Spikes\n|\n|-heal|p2a: Ting-Lu|100\/100|[from] item: Leftovers\n|upkeep\n|turn|29\n|\n|t:|1700016648\n|move|p1a: Moltres|Will-O-Wisp|p2a: Ting-Lu|[miss]\n|-miss|p1a: Moltres|p2a: Ting-Lu\n|move|p2a: Ting-Lu|Whirlwind|p1a: Moltres\n|drag|p1a: Hoopa|Hoopa-Unbound|100\/100\n|-damage|p1a: Hoopa|88\/100|[from] Stealth Rock\n|-damage|p1a: Hoopa|63\/100|[from] Spikes\n|\n|upkeep\n|turn|30\n|\n|t:|1700016656\n|move|p1a: Hoopa|Psychic|p2a: Ting-Lu\n|-supereffective|p2a: Ting-Lu\n|-damage|p2a: Ting-Lu|56\/100\n|move|p2a: Ting-Lu|Earthquake|p1a: Hoopa\n|-damage|p1a: Hoopa|9\/100\n|\n|-heal|p2a: Ting-Lu|62\/100|[from] item: Leftovers\n|upkeep\n|turn|31\n|\n|t:|1700016664\n|switch|p2a: Kingambit|Kingambit, M|70\/100\n|-activate|p2a: Kingambit|ability: Supreme Overlord\n|-start|p2a: Kingambit|fallen2|[silent]\n|move|p1a: Hoopa|Drain Punch|p2a: Kingambit\n|-supereffective|p2a: Kingambit\n|-damage|p2a: Kingambit|0 fnt\n|-heal|p1a: Hoopa|48\/100|[from] drain|[of] p2a: Kingambit\n|faint|p2a: Kingambit\n|-end|p2a: Kingambit|fallen2|[silent]\n|\n|upkeep\n|c|\u260641udson|huge\n|c|\u2606AgentYeetus|insane play ngl\n|inactive|AgentYeetus has 120 seconds left.\n|c|\u2606AgentYeetus|huh, you're only making me realize how a large portion of my team is weak against psychic\n|\n|t:|1700016714\n|switch|p2a: Great Tusk|Great Tusk|61\/100\n|turn|32\n|\n|t:|1700016729\n|switch|p1a: Rillaboom|Rillaboom, M|78\/100\n|-damage|p1a: Rillaboom|66\/100|[from] Stealth Rock\n|-damage|p1a: Rillaboom|41\/100|[from] Spikes\n|-fieldstart|move: Grassy Terrain|[from] ability: Grassy Surge|[of] p1a: Rillaboom\n|move|p2a: Great Tusk|Knock Off|p1a: Rillaboom\n|-damage|p1a: Rillaboom|1\/100\n|-enditem|p1a: Rillaboom|Choice Band|[from] move: Knock Off|[of] p2a: Great Tusk\n|\n|-heal|p1a: Rillaboom|7\/100|[from] Grassy Terrain\n|-heal|p2a: Great Tusk|67\/100|[from] Grassy Terrain\n|upkeep\n|turn|33\n|c|\u2606AgentYeetus|...\n|\n|t:|1700016743\n|move|p1a: Rillaboom|U-turn|p2a: Great Tusk\n|-resisted|p2a: Great Tusk\n|-damage|p2a: Great Tusk|58\/100\n|c|\u260641udson|yeah...\n|inactive|41udson has 120 seconds left.\n|\n|t:|1700016781\n|switch|p1a: Toxapex|Toxapex, F|100\/100 slp|[from] U-turn\n|-damage|p1a: Toxapex|88\/100 slp|[from] Stealth Rock\n|-damage|p1a: Toxapex|63\/100 slp|[from] Spikes\n|move|p2a: Great Tusk|Ice Spinner|p1a: Toxapex\n|-resisted|p1a: Toxapex\n|-damage|p1a: Toxapex|54\/100 slp\n|-damage|p2a: Great Tusk|42\/100|[from] item: Rocky Helmet|[of] p1a: Toxapex\n|-fieldend|move: Grassy Terrain\n|\n|upkeep\n|turn|34\n|inactive|41udson has 120 seconds left.\n|inactive|AgentYeetus has 120 seconds left.\n|\n|t:|1700016799\n|move|p2a: Great Tusk|Headlong Rush|p1a: Toxapex\n|-supereffective|p1a: Toxapex\n|-damage|p1a: Toxapex|0 fnt\n|-unboost|p2a: Great Tusk|def|1\n|-unboost|p2a: Great Tusk|spd|1\n|-damage|p2a: Great Tusk|25\/100|[from] item: Rocky Helmet|[of] p1a: Toxapex\n|faint|p1a: Toxapex\n|\n|upkeep\n|inactive|41udson has 120 seconds left.\n|\n|t:|1700016806\n|switch|p1a: Great Tusk|Great Tusk|37\/100\n|-damage|p1a: Great Tusk|34\/100|[from] Stealth Rock\n|-damage|p1a: Great Tusk|9\/100|[from] Spikes\n|turn|35\n|\n|t:|1700016811\n|move|p2a: Great Tusk|Ice Spinner|p1a: Great Tusk\n|-supereffective|p1a: Great Tusk\n|-damage|p1a: Great Tusk|0 fnt\n|faint|p1a: Great Tusk\n|-end|p1a: Great Tusk|Protosynthesis|[silent]\n|\n|upkeep\n|\n|t:|1700016819\n|switch|p1a: Moltres|Moltres|89\/100\n|turn|36\n|\n|t:|1700016823\n|move|p2a: Great Tusk|Knock Off|p1a: Moltres\n|-damage|p1a: Moltres|55\/100\n|-enditem|p1a: Moltres|Heavy-Duty Boots|[from] move: Knock Off|[of] p2a: Great Tusk\n|move|p1a: Moltres|Flamethrower|p2a: Great Tusk\n|-damage|p2a: Great Tusk|0 fnt\n|faint|p2a: Great Tusk\n|-end|p2a: Great Tusk|Protosynthesis|[silent]\n|\n|upkeep\n|\n|t:|1700016830\n|switch|p2a: Ting-Lu|Ting-Lu, tera:Poison|62\/100\n|-ability|p2a: Ting-Lu|Vessel of Ruin\n|turn|37\n|\n|t:|1700016839\n|move|p1a: Moltres|Roost|p1a: Moltres\n|-heal|p1a: Moltres|100\/100\n|-singleturn|p1a: Moltres|move: Roost\n|move|p2a: Ting-Lu|Whirlwind|p1a: Moltres\n|drag|p1a: Rillaboom|Rillaboom, M|7\/100\n|-damage|p1a: Rillaboom|0 fnt|[from] Stealth Rock\n|faint|p1a: Rillaboom\n|\n|-heal|p2a: Ting-Lu|68\/100|[from] item: Leftovers\n|upkeep\n|\n|t:|1700016852\n|switch|p1a: Hoopa|Hoopa-Unbound|48\/100\n|-damage|p1a: Hoopa|36\/100|[from] Stealth Rock\n|-damage|p1a: Hoopa|11\/100|[from] Spikes\n|turn|38\n|\n|t:|1700016864\n|-terastallize|p1a: Hoopa|Psychic\n|move|p1a: Hoopa|Psychic|p2a: Ting-Lu\n|-supereffective|p2a: Ting-Lu\n|-damage|p2a: Ting-Lu|8\/100\n|move|p2a: Ting-Lu|Earthquake|p1a: Hoopa\n|-damage|p1a: Hoopa|0 fnt\n|faint|p1a: Hoopa\n|\n|-heal|p2a: Ting-Lu|14\/100|[from] item: Leftovers\n|upkeep\n|\n|t:|1700016870\n|switch|p1a: Moltres|Moltres|100\/100\n|-damage|p1a: Moltres|51\/100|[from] Stealth Rock\n|turn|39\n|\n|t:|1700016880\n|move|p1a: Moltres|Flamethrower|p2a: Ting-Lu\n|-damage|p2a: Ting-Lu|0 fnt\n|faint|p2a: Ting-Lu\n|\n|upkeep\n|\n|t:|1700016883\n|switch|p2a: Amoonguss|Amoonguss, F|100\/100\n|turn|40\n|c|\u2606AgentYeetus|this is now or never at this point\n|c|\u2606AgentYeetus|let's make it count\n|c|\u260641udson|question is: can i knock out this\n|c|\u260641udson|it truly is anyone's game\n|inactive|41udson has 120 seconds left.\n|\n|t:|1700016922\n|move|p1a: Moltres|Roost|p1a: Moltres\n|-heal|p1a: Moltres|100\/100\n|-singleturn|p1a: Moltres|move: Roost\n|move|p2a: Amoonguss|Spore|p1a: Moltres\n|-status|p1a: Moltres|slp|[from] move: Spore\n|\n|upkeep\n|turn|41\n|inactive|41udson has 120 seconds left.\n|\n|t:|1700016929\n|cant|p1a: Moltres|slp\n|move|p2a: Amoonguss|Sludge Bomb|p1a: Moltres\n|-damage|p1a: Moltres|81\/100 slp\n|\n|upkeep\n|turn|42\n|\n|t:|1700016934\n|cant|p1a: Moltres|slp\n|move|p2a: Amoonguss|Sludge Bomb|p1a: Moltres\n|-damage|p1a: Moltres|61\/100 slp\n|\n|upkeep\n|turn|43\n|\n|t:|1700016940\n|-curestatus|p1a: Moltres|slp|[msg]\n|move|p1a: Moltres|Hurricane|p2a: Amoonguss\n|-supereffective|p2a: Amoonguss\n|-crit|p2a: Amoonguss\n|-damage|p2a: Amoonguss|0 fnt\n|faint|p2a: Amoonguss\n|\n|win|41udson\n|raw|41udson's rating: 1377 &rarr; <strong>1389<\/strong><br \/>(+12 for winning)\n|raw|AgentYeetus's rating: 1235 &rarr; <strong>1220<\/strong><br \/>(-15 for losing)\n|c|\u2606AgentYeetus|gg\n|c|\u260641udson|oh i could\n|c|\u260641udson|gg\n|c|\u2606AgentYeetus|great game\n|c|\u260641udson|thnx\n|c|\u2606AgentYeetus|one of the most entertaining I've had in a while\n|c|\u2606AgentYeetus|lol\n|c|\u260641udson|you were a really good opponent\n|c|\u260641udson|lol\n","uploadtime":1700016977,"views":9,"p1id":"41udson","p2id":"agentyeetus","formatid":"gen9ou","rating":1220,"private":0,"password":""}