{"id":"gen9ou-1992353906","p1":"Abracadaver","p2":"MicrowaveHeart","format":"[Gen 9] OU","log":"|j|\u2606Abracadaver\n|j|\u2606MicrowaveHeart\n|t:|1700177911\n|gametype|singles\n|player|p1|Abracadaver|102|1520\n|player|p2|MicrowaveHeart|hilda|1541\n|teamsize|p1|6\n|teamsize|p2|6\n|gen|9\n|tier|[Gen 9] OU\n|rated|\n|rule|Sleep Clause Mod: Limit one foe put to sleep\n|rule|Species Clause: Limit one of each Pok\u00e9mon\n|rule|OHKO Clause: OHKO moves are banned\n|rule|Evasion Items Clause: Evasion items are banned\n|rule|Evasion Moves Clause: Evasion moves are banned\n|rule|Endless Battle Clause: Forcing endless battles is banned\n|rule|HP Percentage Mod: HP is shown in percentages\n|clearpoke\n|poke|p1|Heatran, M|\n|poke|p1|Landorus-Therian, M|\n|poke|p1|Umbreon, M|\n|poke|p1|Gastrodon, M|\n|poke|p1|Zapdos|\n|poke|p1|Dragonite, F|\n|poke|p2|Kleavor, M|\n|poke|p2|Iron Moth|\n|poke|p2|Weezing-Galar, F|\n|poke|p2|Ogerpon-Wellspring, F|\n|poke|p2|Gholdengo|\n|poke|p2|Cresselia, F|\n|teampreview\n|inactive|Battle timer is ON: inactive players will automatically lose when time's up. (requested by Abracadaver)\n|\n|t:|1700177931\n|start\n|switch|p1a: Landorus|Landorus-Therian, M|100\/100\n|switch|p2a: Kleavor|Kleavor, M, shiny|100\/100\n|-ability|p1a: Landorus|Intimidate|boost\n|-unboost|p2a: Kleavor|atk|1\n|turn|1\n|\n|t:|1700177942\n|move|p2a: Kleavor|Stone Axe|p1a: Landorus\n|-damage|p1a: Landorus|64\/100\n|-sidestart|p1: Abracadaver|move: Stealth Rock\n|move|p1a: Landorus|Earthquake|p2a: Kleavor\n|-damage|p2a: Kleavor|26\/100\n|\n|upkeep\n|turn|2\n|\n|t:|1700177951\n|switch|p2a: Cresselia|Cresselia, F|100\/100\n|move|p1a: Landorus|Earthquake|p2a: Cresselia\n|-immune|p2a: Cresselia|[from] ability: Levitate\n|\n|upkeep\n|turn|3\n|\n|t:|1700177963\n|switch|p1a: Umbreon|Umbreon, M, shiny|100\/100\n|-damage|p1a: Umbreon|88\/100|[from] Stealth Rock\n|move|p2a: Cresselia|Psychic|p1a: Umbreon\n|-immune|p1a: Umbreon\n|\n|-heal|p1a: Umbreon|94\/100|[from] item: Leftovers\n|upkeep\n|turn|4\n|\n|t:|1700177974\n|move|p2a: Cresselia|Thunder Wave|p1a: Umbreon\n|-status|p1a: Umbreon|par\n|-activate|p1a: Umbreon|ability: Synchronize\n|-status|p2a: Cresselia|par\n|move|p1a: Umbreon|Wish|p1a: Umbreon\n|\n|-heal|p1a: Umbreon|99\/100 par|[from] item: Leftovers\n|upkeep\n|turn|5\n|\n|t:|1700177989\n|switch|p2a: Kleavor|Kleavor, M, shiny|26\/100\n|cant|p1a: Umbreon|par\n|\n|-heal|p1a: Umbreon|100\/100 par|[from] move: Wish|[wisher] Umbreon\n|upkeep\n|turn|6\n|\n|t:|1700177997\n|move|p2a: Kleavor|U-turn|p1a: Umbreon\n|-supereffective|p1a: Umbreon\n|-crit|p1a: Umbreon\n|-damage|p1a: Umbreon|15\/100 par\n|\n|t:|1700178006\n|switch|p2a: Ogerpon|Ogerpon-Wellspring, F|100\/100|[from] U-turn\n|move|p1a: Umbreon|Foul Play|p2a: Ogerpon\n|-damage|p2a: Ogerpon|35\/100\n|\n|-heal|p1a: Umbreon|21\/100 par|[from] item: Leftovers\n|upkeep\n|turn|7\n|c|\u2606Abracadaver|this game..... lpm\n|\n|t:|1700178027\n|move|p2a: Ogerpon|Horn Leech|p1a: Umbreon\n|-damage|p1a: Umbreon|0 fnt\n|-heal|p2a: Ogerpon|48\/100|[from] drain|[of] p1a: Umbreon\n|faint|p1a: Umbreon\n|\n|upkeep\n|\n|t:|1700178034\n|switch|p1a: Landorus|Landorus-Therian, M|64\/100\n|-damage|p1a: Landorus|51\/100|[from] Stealth Rock\n|-ability|p1a: Landorus|Intimidate|boost\n|-unboost|p2a: Ogerpon|atk|1\n|turn|8\n|inactive|MicrowaveHeart has 120 seconds left.\n|\n|t:|1700178074\n|switch|p2a: Cresselia|Cresselia, F|100\/100 par\n|move|p1a: Landorus|U-turn|p2a: Cresselia\n|-supereffective|p2a: Cresselia\n|-damage|p2a: Cresselia|61\/100 par\n|\n|t:|1700178081\n|switch|p1a: Dragonite|Dragonite, F|100\/100|[from] U-turn\n|-damage|p1a: Dragonite|76\/100|[from] Stealth Rock\n|\n|-heal|p2a: Cresselia|67\/100 par|[from] item: Leftovers\n|upkeep\n|turn|9\n|inactive|MicrowaveHeart has 120 seconds left.\n|\n|t:|1700178096\n|move|p1a: Dragonite|Dragon Dance|p1a: Dragonite\n|-boost|p1a: Dragonite|atk|1\n|-boost|p1a: Dragonite|spe|1\n|move|p2a: Cresselia|Thunder Wave|p1a: Dragonite|[miss]\n|-miss|p2a: Cresselia|p1a: Dragonite\n|\n|-heal|p2a: Cresselia|73\/100 par|[from] item: Leftovers\n|upkeep\n|turn|10\n|inactive|MicrowaveHeart has 120 seconds left.\n|\n|t:|1700178107\n|move|p1a: Dragonite|Dragon Dance|p1a: Dragonite\n|-boost|p1a: Dragonite|atk|1\n|-boost|p1a: Dragonite|spe|1\n|move|p2a: Cresselia|Thunder Wave|p1a: Dragonite\n|-status|p1a: Dragonite|par\n|\n|-heal|p2a: Cresselia|79\/100 par|[from] item: Leftovers\n|upkeep\n|turn|11\n|\n|t:|1700178116\n|move|p1a: Dragonite|Dragon Dance|p1a: Dragonite\n|-boost|p1a: Dragonite|atk|1\n|-boost|p1a: Dragonite|spe|1\n|move|p2a: Cresselia|Moonblast|p1a: Dragonite\n|-supereffective|p1a: Dragonite\n|-damage|p1a: Dragonite|30\/100 par\n|-enditem|p1a: Dragonite|Weakness Policy\n|-boost|p1a: Dragonite|atk|2|[from] item: Weakness Policy\n|-boost|p1a: Dragonite|spa|2|[from] item: Weakness Policy\n|\n|-heal|p2a: Cresselia|85\/100 par|[from] item: Leftovers\n|upkeep\n|turn|12\n|\n|t:|1700178127\n|-terastallize|p1a: Dragonite|Normal\n|move|p1a: Dragonite|Extreme Speed|p2a: Cresselia\n|-damage|p2a: Cresselia|0 fnt\n|faint|p2a: Cresselia\n|\n|upkeep\n|inactive|MicrowaveHeart has 120 seconds left.\n|\n|t:|1700178159\n|switch|p2a: Kleavor|Kleavor, M, shiny|26\/100\n|turn|13\n|\n|t:|1700178164\n|move|p1a: Dragonite|Extreme Speed|p2a: Kleavor\n|-resisted|p2a: Kleavor\n|-damage|p2a: Kleavor|0 fnt\n|faint|p2a: Kleavor\n|\n|upkeep\n|\n|t:|1700178178\n|switch|p2a: Weezing|Weezing-Galar, F|100\/100\n|-ability|p2a: Weezing|Neutralizing Gas\n|turn|14\n|\n|t:|1700178182\n|move|p1a: Dragonite|Extreme Speed|p2a: Weezing\n|-damage|p2a: Weezing|0 fnt\n|faint|p2a: Weezing\n|-end|p2a: Weezing|ability: Neutralizing Gas\n|\n|upkeep\n|inactive|MicrowaveHeart has 120 seconds left.\n|\n|t:|1700178189\n|switch|p2a: Iron Moth|Iron Moth|100\/100\n|-enditem|p2a: Iron Moth|Booster Energy\n|-activate|p2a: Iron Moth|ability: Quark Drive|[fromitem]\n|-start|p2a: Iron Moth|quarkdrivespe\n|turn|15\n|\n|t:|1700178197\n|cant|p1a: Dragonite|par\n|move|p2a: Iron Moth|Sludge Wave|p1a: Dragonite\n|-damage|p1a: Dragonite|0 fnt\n|faint|p1a: Dragonite\n|\n|upkeep\n|\n|t:|1700178209\n|switch|p1a: Landorus|Landorus-Therian, M|51\/100\n|-damage|p1a: Landorus|39\/100|[from] Stealth Rock\n|-ability|p1a: Landorus|Intimidate|boost\n|-unboost|p2a: Iron Moth|atk|1\n|turn|16\n|inactive|MicrowaveHeart has 120 seconds left.\n|\n|t:|1700178230\n|switch|p1a: Heatran|Heatran, M|100\/100\n|-damage|p1a: Heatran|88\/100|[from] Stealth Rock\n|-item|p1a: Heatran|Air Balloon\n|move|p2a: Iron Moth|Substitute|p2a: Iron Moth\n|-start|p2a: Iron Moth|Substitute\n|-damage|p2a: Iron Moth|76\/100\n|\n|upkeep\n|turn|17\n|inactive|MicrowaveHeart has 120 seconds left.\n|\n|t:|1700178247\n|move|p2a: Iron Moth|Tera Blast|p1a: Heatran\n|-resisted|p1a: Heatran\n|-damage|p1a: Heatran|77\/100\n|-enditem|p1a: Heatran|Air Balloon\n|move|p1a: Heatran|Stealth Rock|p2a: Iron Moth\n|-sidestart|p2: MicrowaveHeart|move: Stealth Rock\n|\n|upkeep\n|turn|18\n|inactive|MicrowaveHeart has 120 seconds left.\n|\n|t:|1700178257\n|-terastallize|p2a: Iron Moth|Ground\n|move|p2a: Iron Moth|Tera Blast|p1a: Heatran|[anim] Tera Blast Ground\n|-supereffective|p1a: Heatran\n|-damage|p1a: Heatran|0 fnt\n|faint|p1a: Heatran\n|\n|upkeep\n|\n|t:|1700178268\n|switch|p1a: Zapdos|Zapdos|100\/100\n|turn|19\n|\n|t:|1700178274\n|move|p2a: Iron Moth|Fiery Dance|p1a: Zapdos\n|-damage|p1a: Zapdos|53\/100\n|-boost|p2a: Iron Moth|spa|1\n|move|p1a: Zapdos|Heat Wave|p2a: Iron Moth\n|-end|p2a: Iron Moth|Substitute\n|\n|upkeep\n|turn|20\n|\n|t:|1700178287\n|move|p2a: Iron Moth|Fiery Dance|p1a: Zapdos\n|-damage|p1a: Zapdos|0 fnt\n|faint|p1a: Zapdos\n|\n|upkeep\n|\n|t:|1700178292\n|switch|p1a: Gastrodon|Gastrodon, M|100\/100\n|-damage|p1a: Gastrodon|94\/100|[from] Stealth Rock\n|turn|21\n|inactive|MicrowaveHeart has 120 seconds left.\n|\n|t:|1700178318\n|move|p2a: Iron Moth|Substitute|p2a: Iron Moth\n|-start|p2a: Iron Moth|Substitute\n|-damage|p2a: Iron Moth|51\/100\n|move|p1a: Gastrodon|Hydro Pump|p2a: Iron Moth|[miss]\n|-miss|p1a: Gastrodon|p2a: Iron Moth\n|\n|-heal|p1a: Gastrodon|100\/100|[from] item: Leftovers\n|upkeep\n|turn|22\n|\n|t:|1700178328\n|move|p2a: Iron Moth|Tera Blast|p1a: Gastrodon|[anim] Tera Blast Ground\n|-crit|p1a: Gastrodon\n|-damage|p1a: Gastrodon|24\/100\n|move|p1a: Gastrodon|Ice Beam|p2a: Iron Moth\n|-supereffective|p2a: Iron Moth\n|-end|p2a: Iron Moth|Substitute\n|\n|-heal|p1a: Gastrodon|31\/100|[from] item: Leftovers\n|upkeep\n|turn|23\n|c|\u2606Abracadaver|Hahahaha\n|c|\u2606Abracadaver|fuck this shit\n|\n|t:|1700178350\n|move|p2a: Iron Moth|Tera Blast|p1a: Gastrodon|[anim] Tera Blast Ground\n|-damage|p1a: Gastrodon|0 fnt\n|faint|p1a: Gastrodon\n|\n|upkeep\n|\n|t:|1700178356\n|switch|p1a: Landorus|Landorus-Therian, M|39\/100\n|-damage|p1a: Landorus|26\/100|[from] Stealth Rock\n|-ability|p1a: Landorus|Intimidate|boost\n|-unboost|p2a: Iron Moth|atk|1\n|turn|24\n|c|\u2606Abracadaver|What a fucking piece of stupid shit\n|n|\u203dAbracadaver|abracadaver\n|c|&|\/log Abracadaver was locked from talking by Artemis. (\u2606Abracadaver: What a fucking piece of stupid shit)\n|c|&|\/raw <small>This action was done automatically. Want to learn more about the AI? <a href=\"https:\/\/www.smogon.com\/forums\/threads\/3570628\/#post-9056769\">Visit the information thread<\/a>.<\/small>\n|\n|t:|1700178374\n|move|p2a: Iron Moth|Fiery Dance|p1a: Landorus\n|-damage|p1a: Landorus|0 fnt\n|faint|p1a: Landorus\n|\n|win|MicrowaveHeart\n|raw|Abracadaver's rating: 1520 &rarr; <strong>1501<\/strong><br \/>(-19 for losing)\n|raw|MicrowaveHeart's rating: 1541 &rarr; <strong>1560<\/strong><br \/>(+19 for winning)\n","uploadtime":1700178349,"views":7,"p1id":"abracadaver","p2id":"microwaveheart","formatid":"gen9ou","rating":1501,"private":0,"password":""}