{"id":"gen9ou-2000615478","p1":"NobleThief","p2":"Tera Bug Blast","format":"[Gen 9] OU","log":"|j|\u2606NobleThief\n|j|\u2606Tera Bug Blast\n|t:|1701210790\n|gametype|singles\n|player|p1|NobleThief|170|1320\n|player|p2|Tera Bug Blast|bugcatcher-gen4dp|1362\n|teamsize|p1|6\n|teamsize|p2|6\n|gen|9\n|tier|[Gen 9] OU\n|rated|\n|rule|Sleep Clause Mod: Limit one foe put to sleep\n|rule|Species Clause: Limit one of each Pok\u00e9mon\n|rule|OHKO Clause: OHKO moves are banned\n|rule|Evasion Items Clause: Evasion items are banned\n|rule|Evasion Moves Clause: Evasion moves are banned\n|rule|Endless Battle Clause: Forcing endless battles is banned\n|rule|HP Percentage Mod: HP is shown in percentages\n|clearpoke\n|poke|p1|Great Tusk|\n|poke|p1|Kingambit, F|\n|poke|p1|Clefable, M|\n|poke|p1|Iron Moth|\n|poke|p1|Dondozo, M|\n|poke|p1|Zapdos|\n|poke|p2|Dragapult, F|\n|poke|p2|Hatterene, F|\n|poke|p2|Clodsire, F|\n|poke|p2|Scizor, F|\n|poke|p2|Moltres|\n|poke|p2|Empoleon, M|\n|teampreview\n|inactive|Battle timer is ON: inactive players will automatically lose when time's up. (requested by NobleThief)\n|\n|t:|1701210816\n|start\n|switch|p1a: Great Tusk|Great Tusk|100\/100\n|switch|p2a: Hatterene|Hatterene, F|100\/100\n|turn|1\n|\n|t:|1701210825\n|-end|p1a: Great Tusk|Protosynthesis|[silent]\n|switch|p1a: Iron Moth|Iron Moth|100\/100\n|-enditem|p1a: Iron Moth|Booster Energy\n|-activate|p1a: Iron Moth|ability: Quark Drive|[fromitem]\n|-start|p1a: Iron Moth|quarkdrivespa\n|move|p2a: Hatterene|Draining Kiss|p1a: Iron Moth\n|-resisted|p1a: Iron Moth\n|-damage|p1a: Iron Moth|95\/100\n|\n|upkeep\n|turn|2\n|\n|t:|1701210840\n|switch|p2a: Clodsire|Clodsire, F|100\/100\n|move|p1a: Iron Moth|Sludge Wave|p2a: Clodsire\n|-resisted|p2a: Clodsire\n|-damage|p2a: Clodsire|90\/100\n|\n|-heal|p2a: Clodsire|96\/100|[from] item: Leftovers\n|upkeep\n|turn|3\n|\n|t:|1701210861\n|-terastallize|p1a: Iron Moth|Flying\n|move|p1a: Iron Moth|Fiery Dance|p2a: Clodsire\n|-damage|p2a: Clodsire|54\/100\n|move|p2a: Clodsire|Earthquake|p1a: Iron Moth\n|-immune|p1a: Iron Moth\n|\n|-heal|p2a: Clodsire|60\/100|[from] item: Leftovers\n|upkeep\n|turn|4\n|\n|t:|1701210869\n|move|p1a: Iron Moth|Fiery Dance|p2a: Clodsire\n|-damage|p2a: Clodsire|23\/100\n|-boost|p1a: Iron Moth|spa|1\n|move|p2a: Clodsire|Toxic|p1a: Iron Moth\n|-status|p1a: Iron Moth|tox\n|\n|-heal|p2a: Clodsire|29\/100|[from] item: Leftovers\n|-damage|p1a: Iron Moth|89\/100 tox|[from] psn\n|upkeep\n|turn|5\n|\n|t:|1701210892\n|switch|p2a: Dragapult|Dragapult, F|100\/100\n|move|p1a: Iron Moth|Fiery Dance|p2a: Dragapult\n|-resisted|p2a: Dragapult\n|-damage|p2a: Dragapult|42\/100\n|-boost|p1a: Iron Moth|spa|1\n|\n|-damage|p1a: Iron Moth|77\/100 tox|[from] psn\n|upkeep\n|turn|6\n|\n|t:|1701210904\n|move|p2a: Dragapult|Draco Meteor|p1a: Iron Moth\n|-damage|p1a: Iron Moth|0 fnt\n|-unboost|p2a: Dragapult|spa|2\n|faint|p1a: Iron Moth\n|-end|p1a: Iron Moth|Quark Drive|[silent]\n|\n|upkeep\n|\n|t:|1701210918\n|switch|p1a: Great Tusk|Great Tusk|100\/100\n|turn|7\n|\n|t:|1701210924\n|move|p2a: Dragapult|Draco Meteor|p1a: Great Tusk|[miss]\n|-miss|p2a: Dragapult|p1a: Great Tusk\n|move|p1a: Great Tusk|Stealth Rock|p2a: Dragapult\n|-sidestart|p2: Tera Bug Blast|move: Stealth Rock\n|\n|upkeep\n|turn|8\n|\n|t:|1701210948\n|switch|p2a: Moltres|Moltres|100\/100\n|move|p1a: Great Tusk|Ice Spinner|p2a: Moltres\n|-damage|p2a: Moltres|74\/100\n|\n|upkeep\n|turn|9\n|\n|t:|1701210962\n|-end|p1a: Great Tusk|Protosynthesis|[silent]\n|switch|p1a: Dondozo|Dondozo, M|100\/100\n|move|p2a: Moltres|U-turn|p1a: Dondozo\n|-damage|p1a: Dondozo|94\/100\n|\n|t:|1701210972\n|switch|p2a: Clodsire|Clodsire, F|29\/100|[from] U-turn\n|-damage|p2a: Clodsire|23\/100|[from] Stealth Rock\n|\n|-heal|p1a: Dondozo|99\/100|[from] item: Leftovers\n|-heal|p2a: Clodsire|29\/100|[from] item: Leftovers\n|upkeep\n|turn|10\n|\n|t:|1701210989\n|switch|p1a: Kingambit|Kingambit, F|100\/100\n|-activate|p1a: Kingambit|ability: Supreme Overlord\n|-start|p1a: Kingambit|fallen1|[silent]\n|move|p2a: Clodsire|Recover|p2a: Clodsire\n|-heal|p2a: Clodsire|79\/100\n|\n|-heal|p2a: Clodsire|85\/100|[from] item: Leftovers\n|upkeep\n|turn|11\n|\n|t:|1701211000\n|-end|p1a: Kingambit|fallen1|[silent]\n|switch|p1a: Zapdos|Zapdos|100\/100\n|-ability|p1a: Zapdos|Pressure\n|move|p2a: Clodsire|Earthquake|p1a: Zapdos\n|-immune|p1a: Zapdos\n|\n|-heal|p2a: Clodsire|92\/100|[from] item: Leftovers\n|upkeep\n|turn|12\n|\n|t:|1701211009\n|switch|p1a: Clefable|Clefable, M|100\/100\n|move|p2a: Clodsire|Toxic|p1a: Clefable\n|-status|p1a: Clefable|tox\n|\n|-heal|p2a: Clodsire|98\/100|[from] item: Leftovers\n|upkeep\n|turn|13\n|\n|t:|1701211026\n|switch|p2a: Scizor|Scizor, F|100\/100\n|-damage|p2a: Scizor|88\/100|[from] Stealth Rock\n|move|p1a: Clefable|Wish|p1a: Clefable\n|\n|upkeep\n|turn|14\n|\n|t:|1701211037\n|switch|p1a: Dondozo|Dondozo, M|99\/100\n|move|p2a: Scizor|U-turn|p1a: Dondozo\n|-damage|p1a: Dondozo|74\/100\n|inactive|Tera Bug Blast has 120 seconds left.\n|\n|t:|1701211065\n|switch|p2a: Clodsire|Clodsire, F|98\/100|[from] U-turn\n|-damage|p2a: Clodsire|92\/100|[from] Stealth Rock\n|\n|-heal|p1a: Dondozo|100\/100|[from] move: Wish|[wisher] Clefable\n|-heal|p2a: Clodsire|98\/100|[from] item: Leftovers\n|upkeep\n|turn|15\n|inactive|Tera Bug Blast has 120 seconds left.\n|\n|t:|1701211079\n|move|p1a: Dondozo|Body Press|p2a: Clodsire\n|-resisted|p2a: Clodsire\n|-damage|p2a: Clodsire|87\/100\n|move|p2a: Clodsire|Spikes|p1a: Dondozo\n|-sidestart|p1: NobleThief|Spikes\n|\n|-heal|p2a: Clodsire|93\/100|[from] item: Leftovers\n|upkeep\n|turn|16\n|inactive|Tera Bug Blast has 120 seconds left.\n|\n|t:|1701211088\n|move|p1a: Dondozo|Body Press|p2a: Clodsire\n|-resisted|p2a: Clodsire\n|-damage|p2a: Clodsire|83\/100\n|move|p2a: Clodsire|Spikes|p1a: Dondozo\n|-sidestart|p1: NobleThief|Spikes\n|\n|-heal|p2a: Clodsire|89\/100|[from] item: Leftovers\n|upkeep\n|turn|17\n|\n|t:|1701211095\n|switch|p1a: Great Tusk|Great Tusk|100\/100\n|-damage|p1a: Great Tusk|84\/100|[from] Spikes\n|move|p2a: Clodsire|Spikes|p1a: Great Tusk\n|-sidestart|p1: NobleThief|Spikes\n|\n|-heal|p1a: Great Tusk|90\/100|[from] item: Leftovers\n|-heal|p2a: Clodsire|95\/100|[from] item: Leftovers\n|upkeep\n|turn|18\n|\n|t:|1701211104\n|move|p1a: Great Tusk|Rapid Spin|p2a: Clodsire\n|-damage|p2a: Clodsire|81\/100\n|-boost|p1a: Great Tusk|spe|1\n|-sideend|p1: NobleThief|Spikes|[from] move: Rapid Spin|[of] p1a: Great Tusk\n|move|p2a: Clodsire|Toxic|p1a: Great Tusk\n|-status|p1a: Great Tusk|tox\n|\n|-heal|p1a: Great Tusk|96\/100 tox|[from] item: Leftovers\n|-heal|p2a: Clodsire|87\/100|[from] item: Leftovers\n|-damage|p1a: Great Tusk|90\/100 tox|[from] psn\n|upkeep\n|turn|19\n|\n|t:|1701211120\n|switch|p2a: Moltres|Moltres|74\/100\n|move|p1a: Great Tusk|Rapid Spin|p2a: Moltres\n|-damage|p2a: Moltres|56\/100\n|-boost|p1a: Great Tusk|spe|1\n|\n|-heal|p1a: Great Tusk|96\/100 tox|[from] item: Leftovers\n|-damage|p1a: Great Tusk|84\/100 tox|[from] psn\n|upkeep\n|turn|20\n|\n|t:|1701211133\n|-end|p1a: Great Tusk|Protosynthesis|[silent]\n|switch|p1a: Dondozo|Dondozo, M|100\/100\n|move|p2a: Moltres|Roost|p2a: Moltres\n|-heal|p2a: Moltres|100\/100\n|-singleturn|p2a: Moltres|move: Roost\n|\n|upkeep\n|turn|21\n|\n|t:|1701211140\n|move|p2a: Moltres|Will-O-Wisp|p1a: Dondozo\n|-status|p1a: Dondozo|brn\n|move|p1a: Dondozo|Liquidation|p2a: Moltres\n|-supereffective|p2a: Moltres\n|-damage|p2a: Moltres|72\/100\n|-unboost|p2a: Moltres|def|1\n|\n|-damage|p1a: Dondozo|94\/100 brn|[from] brn\n|upkeep\n|turn|22\n|\n|t:|1701211152\n|switch|p1a: Clefable|Clefable, M|100\/100 tox\n|move|p2a: Moltres|U-turn|p1a: Clefable\n|-resisted|p1a: Clefable\n|-damage|p1a: Clefable|95\/100 tox\n|\n|t:|1701211162\n|switch|p2a: Hatterene|Hatterene, F|100\/100|[from] U-turn\n|-damage|p2a: Hatterene|88\/100|[from] Stealth Rock\n|\n|-heal|p1a: Clefable|100\/100 tox|[from] item: Leftovers\n|-heal|p2a: Hatterene|94\/100|[from] item: Leftovers\n|upkeep\n|turn|23\n|\n|t:|1701211174\n|move|p1a: Clefable|Thunder Wave|p2a: Hatterene\n|move|p2a: Hatterene|Thunder Wave||[from]ability: Magic Bounce|[still]\n|-fail|p2a: Hatterene\n|move|p2a: Hatterene|Calm Mind|p2a: Hatterene\n|-boost|p2a: Hatterene|spa|1\n|-boost|p2a: Hatterene|spd|1\n|\n|-heal|p2a: Hatterene|99\/100|[from] item: Leftovers\n|upkeep\n|turn|24\n|\n|t:|1701211184\n|move|p1a: Clefable|Wish|p1a: Clefable\n|move|p2a: Hatterene|Calm Mind|p2a: Hatterene\n|-boost|p2a: Hatterene|spa|1\n|-boost|p2a: Hatterene|spd|1\n|\n|-heal|p2a: Hatterene|100\/100|[from] item: Leftovers\n|upkeep\n|turn|25\n|\n|t:|1701211191\n|switch|p1a: Dondozo|Dondozo, M|94\/100 brn\n|move|p2a: Hatterene|Draining Kiss|p1a: Dondozo\n|-damage|p1a: Dondozo|73\/100 brn\n|\n|-heal|p1a: Dondozo|100\/100 brn|[from] move: Wish|[wisher] Clefable\n|-damage|p1a: Dondozo|94\/100 brn|[from] brn\n|upkeep\n|turn|26\n|\n|t:|1701211203\n|move|p1a: Dondozo|Rest|p1a: Dondozo\n|-status|p1a: Dondozo|slp|[from] move: Rest\n|-heal|p1a: Dondozo|100\/100 slp|[silent]\n|move|p2a: Hatterene|Psyshock|p1a: Dondozo\n|-damage|p1a: Dondozo|86\/100 slp\n|\n|-heal|p1a: Dondozo|92\/100 slp|[from] item: Leftovers\n|upkeep\n|turn|27\n|\n|t:|1701211228\n|switch|p2a: Scizor|Scizor, F|88\/100\n|-damage|p2a: Scizor|76\/100|[from] Stealth Rock\n|cant|p1a: Dondozo|slp\n|move|p1a: Dondozo|Sleep Talk|p1a: Dondozo\n|move|p1a: Dondozo|Rest||[from]move: Sleep Talk|[still]\n|-fail|p1a: Dondozo\n|\n|-heal|p1a: Dondozo|98\/100 slp|[from] item: Leftovers\n|upkeep\n|turn|28\n|\n|t:|1701211237\n|move|p2a: Scizor|Defog|p1a: Dondozo\n|-unboost|p1a: Dondozo|evasion|1\n|-sideend|p2: Tera Bug Blast|Stealth Rock|[from] move: Defog|[of] p2a: Scizor\n|cant|p1a: Dondozo|slp\n|move|p1a: Dondozo|Sleep Talk|p1a: Dondozo\n|move|p1a: Dondozo|Liquidation|p2a: Scizor|[from]move: Sleep Talk\n|-crit|p2a: Scizor\n|-damage|p2a: Scizor|21\/100\n|\n|-heal|p1a: Dondozo|100\/100 slp|[from] item: Leftovers\n|upkeep\n|turn|29\n|\n|t:|1701211253\n|switch|p2a: Empoleon|Empoleon, M|100\/100\n|-curestatus|p1a: Dondozo|slp|[msg]\n|move|p1a: Dondozo|Liquidation|p2a: Empoleon\n|-resisted|p2a: Empoleon\n|-damage|p2a: Empoleon|91\/100\n|-damage|p1a: Dondozo|84\/100|[from] item: Rocky Helmet|[of] p2a: Empoleon\n|\n|-heal|p1a: Dondozo|90\/100|[from] item: Leftovers\n|upkeep\n|turn|30\n|\n|t:|1701211264\n|move|p2a: Empoleon|Stealth Rock|p1a: Dondozo\n|-sidestart|p1: NobleThief|move: Stealth Rock\n|move|p1a: Dondozo|Body Press|p2a: Empoleon\n|-supereffective|p2a: Empoleon\n|-damage|p2a: Empoleon|54\/100\n|-damage|p1a: Dondozo|73\/100|[from] item: Rocky Helmet|[of] p2a: Empoleon\n|\n|-heal|p1a: Dondozo|79\/100|[from] item: Leftovers\n|upkeep\n|turn|31\n|\n|t:|1701211273\n|move|p2a: Empoleon|Flip Turn|p1a: Dondozo\n|-resisted|p1a: Dondozo\n|-damage|p1a: Dondozo|75\/100\n|\n|t:|1701211278\n|switch|p2a: Clodsire|Clodsire, F|87\/100|[from] Flip Turn\n|move|p1a: Dondozo|Body Press|p2a: Clodsire\n|-resisted|p2a: Clodsire\n|-damage|p2a: Clodsire|77\/100\n|\n|-heal|p1a: Dondozo|82\/100|[from] item: Leftovers\n|-heal|p2a: Clodsire|83\/100|[from] item: Leftovers\n|upkeep\n|turn|32\n|\n|t:|1701211299\n|switch|p1a: Clefable|Clefable, M|100\/100 tox\n|move|p2a: Clodsire|Earthquake|p1a: Clefable\n|-crit|p1a: Clefable\n|-damage|p1a: Clefable|67\/100 tox\n|\n|-heal|p1a: Clefable|73\/100 tox|[from] item: Leftovers\n|-heal|p2a: Clodsire|89\/100|[from] item: Leftovers\n|upkeep\n|turn|33\n|\n|t:|1701211308\n|move|p1a: Clefable|Wish|p1a: Clefable\n|move|p2a: Clodsire|Earthquake|p1a: Clefable\n|-damage|p1a: Clefable|52\/100 tox\n|\n|-heal|p1a: Clefable|58\/100 tox|[from] item: Leftovers\n|-heal|p2a: Clodsire|96\/100|[from] item: Leftovers\n|upkeep\n|turn|34\n|\n|t:|1701211317\n|move|p1a: Clefable|Thunder Wave|p2a: Clodsire\n|-immune|p2a: Clodsire\n|move|p2a: Clodsire|Toxic|p1a: Clefable\n|-fail|p1a: Clefable|tox\n|\n|-heal|p1a: Clefable|100\/100 tox|[from] move: Wish|[wisher] Clefable\n|-heal|p2a: Clodsire|100\/100|[from] item: Leftovers\n|upkeep\n|turn|35\n|\n|t:|1701211327\n|move|p1a: Clefable|Moonblast|p2a: Clodsire\n|-resisted|p2a: Clodsire\n|-damage|p2a: Clodsire|90\/100\n|move|p2a: Clodsire|Earthquake|p1a: Clefable\n|-damage|p1a: Clefable|80\/100 tox\n|\n|-heal|p1a: Clefable|86\/100 tox|[from] item: Leftovers\n|-heal|p2a: Clodsire|97\/100|[from] item: Leftovers\n|upkeep\n|turn|36\n|\n|t:|1701211345\n|switch|p2a: Empoleon|Empoleon, M|54\/100\n|move|p1a: Clefable|Thunder Wave|p2a: Empoleon\n|-status|p2a: Empoleon|par\n|\n|-heal|p1a: Clefable|92\/100 tox|[from] item: Leftovers\n|upkeep\n|turn|37\n|\n|t:|1701211357\n|switch|p1a: Dondozo|Dondozo, M|82\/100\n|-damage|p1a: Dondozo|69\/100|[from] Stealth Rock\n|cant|p2a: Empoleon|par\n|\n|-heal|p1a: Dondozo|75\/100|[from] item: Leftovers\n|upkeep\n|turn|38\n|\n|t:|1701211368\n|switch|p2a: Moltres|Moltres|72\/100\n|move|p1a: Dondozo|Body Press|p2a: Moltres\n|-resisted|p2a: Moltres\n|-damage|p2a: Moltres|57\/100\n|\n|-heal|p1a: Dondozo|81\/100|[from] item: Leftovers\n|upkeep\n|turn|39\n|\n|t:|1701211377\n|move|p2a: Moltres|Will-O-Wisp|p1a: Dondozo\n|-status|p1a: Dondozo|brn\n|move|p1a: Dondozo|Liquidation|p2a: Moltres\n|-supereffective|p2a: Moltres\n|-damage|p2a: Moltres|30\/100\n|\n|-heal|p1a: Dondozo|88\/100 brn|[from] item: Leftovers\n|-damage|p1a: Dondozo|81\/100 brn|[from] brn\n|upkeep\n|turn|40\n|\n|t:|1701211387\n|move|p2a: Moltres|Roost|p2a: Moltres\n|-heal|p2a: Moltres|80\/100\n|-singleturn|p2a: Moltres|move: Roost\n|move|p1a: Dondozo|Liquidation|p2a: Moltres\n|-supereffective|p2a: Moltres\n|-damage|p2a: Moltres|53\/100\n|\n|-heal|p1a: Dondozo|88\/100 brn|[from] item: Leftovers\n|-damage|p1a: Dondozo|81\/100 brn|[from] brn\n|upkeep\n|turn|41\n|\n|t:|1701211406\n|move|p2a: Moltres|Roost|p2a: Moltres\n|-heal|p2a: Moltres|100\/100\n|-singleturn|p2a: Moltres|move: Roost\n|move|p1a: Dondozo|Rest|p1a: Dondozo\n|-status|p1a: Dondozo|slp|[from] move: Rest\n|-heal|p1a: Dondozo|100\/100 slp|[silent]\n|\n|upkeep\n|turn|42\n|\n|t:|1701211418\n|move|p2a: Moltres|U-turn|p1a: Dondozo\n|-damage|p1a: Dondozo|94\/100 slp\n|\n|t:|1701211421\n|switch|p2a: Empoleon|Empoleon, M|54\/100 par|[from] U-turn\n|cant|p1a: Dondozo|slp\n|move|p1a: Dondozo|Sleep Talk|p1a: Dondozo\n|move|p1a: Dondozo|Liquidation|p2a: Empoleon|[from]move: Sleep Talk\n|-resisted|p2a: Empoleon\n|-damage|p2a: Empoleon|44\/100 par\n|-damage|p1a: Dondozo|77\/100 slp|[from] item: Rocky Helmet|[of] p2a: Empoleon\n|\n|-heal|p1a: Dondozo|84\/100 slp|[from] item: Leftovers\n|upkeep\n|turn|43\n|\n|t:|1701211432\n|cant|p1a: Dondozo|slp\n|move|p1a: Dondozo|Sleep Talk|p1a: Dondozo\n|move|p1a: Dondozo|Liquidation|p2a: Empoleon|[from]move: Sleep Talk\n|-resisted|p2a: Empoleon\n|-damage|p2a: Empoleon|32\/100 par\n|-unboost|p2a: Empoleon|def|1\n|-ability|p2a: Empoleon|Competitive|boost\n|-boost|p2a: Empoleon|spa|2\n|-damage|p1a: Dondozo|67\/100 slp|[from] item: Rocky Helmet|[of] p2a: Empoleon\n|cant|p2a: Empoleon|par\n|\n|-heal|p1a: Dondozo|73\/100 slp|[from] item: Leftovers\n|upkeep\n|turn|44\n|\n|t:|1701211451\n|switch|p2a: Dragapult|Dragapult, F|42\/100\n|-curestatus|p1a: Dondozo|slp|[msg]\n|move|p1a: Dondozo|Body Press|p2a: Dragapult\n|-immune|p2a: Dragapult\n|\n|-heal|p1a: Dondozo|79\/100|[from] item: Leftovers\n|upkeep\n|turn|45\n|\n|t:|1701211461\n|switch|p1a: Zapdos|Zapdos|100\/100\n|-ability|p1a: Zapdos|Pressure\n|move|p2a: Dragapult|U-turn|p1a: Zapdos\n|-resisted|p1a: Zapdos\n|-damage|p1a: Zapdos|92\/100\n|\n|t:|1701211475\n|switch|p2a: Clodsire|Clodsire, F|97\/100|[from] U-turn\n|\n|-heal|p2a: Clodsire|100\/100|[from] item: Leftovers\n|upkeep\n|turn|46\n|\n|t:|1701211481\n|switch|p1a: Clefable|Clefable, M|92\/100 tox\n|move|p2a: Clodsire|Spikes|p1a: Clefable\n|-sidestart|p1: NobleThief|Spikes\n|\n|-heal|p1a: Clefable|98\/100 tox|[from] item: Leftovers\n|upkeep\n|turn|47\n|\n|t:|1701211487\n|move|p1a: Clefable|Wish|p1a: Clefable\n|move|p2a: Clodsire|Spikes|p1a: Clefable\n|-sidestart|p1: NobleThief|Spikes\n|\n|-heal|p1a: Clefable|100\/100 tox|[from] item: Leftovers\n|upkeep\n|turn|48\n|\n|t:|1701211493\n|switch|p1a: Great Tusk|Great Tusk|84\/100 tox\n|-damage|p1a: Great Tusk|81\/100 tox|[from] Stealth Rock\n|-damage|p1a: Great Tusk|65\/100 tox|[from] Spikes\n|move|p2a: Clodsire|Earthquake|p1a: Great Tusk\n|-damage|p1a: Great Tusk|44\/100 tox\n|\n|-heal|p1a: Great Tusk|97\/100 tox|[from] move: Wish|[wisher] Clefable\n|-heal|p1a: Great Tusk|100\/100 tox|[from] item: Leftovers\n|-damage|p1a: Great Tusk|94\/100 tox|[from] psn\n|upkeep\n|turn|49\n|\n|t:|1701211520\n|switch|p2a: Dragapult|Dragapult, F|42\/100\n|move|p1a: Great Tusk|Stealth Rock|p2a: Dragapult\n|-sidestart|p2: Tera Bug Blast|move: Stealth Rock\n|\n|-heal|p1a: Great Tusk|100\/100 tox|[from] item: Leftovers\n|-damage|p1a: Great Tusk|88\/100 tox|[from] psn\n|upkeep\n|turn|50\n|\n|t:|1701211530\n|-end|p1a: Great Tusk|Protosynthesis|[silent]\n|switch|p1a: Clefable|Clefable, M|100\/100 tox\n|move|p2a: Dragapult|Draco Meteor|p1a: Clefable\n|-immune|p1a: Clefable\n|\n|upkeep\n|turn|51\n|\n|t:|1701211543\n|switch|p2a: Hatterene|Hatterene, F|100\/100\n|-damage|p2a: Hatterene|88\/100|[from] Stealth Rock\n|move|p1a: Clefable|Wish|p1a: Clefable\n|\n|-heal|p2a: Hatterene|94\/100|[from] item: Leftovers\n|upkeep\n|turn|52\n|\n|t:|1701211559\n|switch|p1a: Dondozo|Dondozo, M|79\/100\n|-damage|p1a: Dondozo|67\/100|[from] Stealth Rock\n|-damage|p1a: Dondozo|50\/100|[from] Spikes\n|move|p2a: Hatterene|Draining Kiss|p1a: Dondozo\n|-damage|p1a: Dondozo|28\/100\n|-heal|p2a: Hatterene|100\/100|[from] drain|[of] p1a: Dondozo\n|\n|-heal|p1a: Dondozo|67\/100|[from] move: Wish|[wisher] Clefable\n|-heal|p1a: Dondozo|73\/100|[from] item: Leftovers\n|upkeep\n|turn|53\n|\n|t:|1701211571\n|move|p1a: Dondozo|Liquidation|p2a: Hatterene\n|-damage|p2a: Hatterene|76\/100\n|move|p2a: Hatterene|Nuzzle|p1a: Dondozo\n|-supereffective|p1a: Dondozo\n|-damage|p1a: Dondozo|69\/100\n|-status|p1a: Dondozo|par\n|\n|-heal|p2a: Hatterene|82\/100|[from] item: Leftovers\n|-heal|p1a: Dondozo|75\/100 par|[from] item: Leftovers\n|upkeep\n|turn|54\n|\n|t:|1701211585\n|move|p2a: Hatterene|Draining Kiss|p1a: Dondozo\n|-damage|p1a: Dondozo|53\/100 par\n|-heal|p2a: Hatterene|100\/100|[from] drain|[of] p1a: Dondozo\n|move|p1a: Dondozo|Rest|p1a: Dondozo\n|-status|p1a: Dondozo|slp|[from] move: Rest\n|-heal|p1a: Dondozo|100\/100 slp|[silent]\n|\n|upkeep\n|turn|55\n|\n|t:|1701211594\n|switch|p2a: Empoleon|Empoleon, M|32\/100 par\n|-damage|p2a: Empoleon|26\/100 par|[from] Stealth Rock\n|cant|p1a: Dondozo|slp\n|move|p1a: Dondozo|Sleep Talk|p1a: Dondozo\n|move|p1a: Dondozo|Rest||[from]move: Sleep Talk|[still]\n|-fail|p1a: Dondozo\n|\n|upkeep\n|turn|56\n|\n|t:|1701211602\n|cant|p1a: Dondozo|slp\n|move|p1a: Dondozo|Sleep Talk|p1a: Dondozo\n|move|p1a: Dondozo|Rest||[from]move: Sleep Talk|[still]\n|-fail|p1a: Dondozo\n|move|p2a: Empoleon|Roost|p2a: Empoleon\n|-heal|p2a: Empoleon|76\/100 par\n|-singleturn|p2a: Empoleon|move: Roost\n|\n|upkeep\n|turn|57\n|\n|t:|1701211610\n|-curestatus|p1a: Dondozo|slp|[msg]\n|move|p1a: Dondozo|Body Press|p2a: Empoleon\n|-supereffective|p2a: Empoleon\n|-damage|p2a: Empoleon|34\/100 par\n|-damage|p1a: Dondozo|84\/100|[from] item: Rocky Helmet|[of] p2a: Empoleon\n|move|p2a: Empoleon|Flip Turn|p1a: Dondozo\n|-resisted|p1a: Dondozo\n|-damage|p1a: Dondozo|80\/100\n|\n|t:|1701211619\n|switch|p2a: Dragapult|Dragapult, F|42\/100|[from] Flip Turn\n|-damage|p2a: Dragapult|30\/100|[from] Stealth Rock\n|\n|-heal|p1a: Dondozo|86\/100|[from] item: Leftovers\n|upkeep\n|turn|58\n|\n|t:|1701211629\n|move|p2a: Dragapult|Thunderbolt|p1a: Dondozo\n|-supereffective|p1a: Dondozo\n|-damage|p1a: Dondozo|6\/100\n|move|p1a: Dondozo|Rest|p1a: Dondozo\n|-status|p1a: Dondozo|slp|[from] move: Rest\n|-heal|p1a: Dondozo|100\/100 slp|[silent]\n|\n|upkeep\n|turn|59\n|\n|t:|1701211643\n|switch|p2a: Moltres|Moltres|100\/100\n|switch|p1a: Great Tusk|Great Tusk|88\/100 tox\n|-damage|p1a: Great Tusk|85\/100 tox|[from] Stealth Rock\n|-damage|p1a: Great Tusk|69\/100 tox|[from] Spikes\n|\n|-heal|p1a: Great Tusk|75\/100 tox|[from] item: Leftovers\n|-damage|p1a: Great Tusk|69\/100 tox|[from] psn\n|upkeep\n|turn|60\n|\n|t:|1701211656\n|move|p1a: Great Tusk|Rapid Spin|p2a: Moltres\n|-damage|p2a: Moltres|83\/100\n|-boost|p1a: Great Tusk|spe|1\n|-sideend|p1: NobleThief|Spikes|[from] move: Rapid Spin|[of] p1a: Great Tusk\n|-sideend|p1: NobleThief|Stealth Rock|[from] move: Rapid Spin|[of] p1a: Great Tusk\n|move|p2a: Moltres|Flamethrower|p1a: Great Tusk\n|-damage|p1a: Great Tusk|10\/100 tox\n|\n|-heal|p1a: Great Tusk|16\/100 tox|[from] item: Leftovers\n|-damage|p1a: Great Tusk|4\/100 tox|[from] psn\n|upkeep\n|turn|61\n|\n|t:|1701211668\n|-end|p1a: Great Tusk|Protosynthesis|[silent]\n|switch|p1a: Zapdos|Zapdos|92\/100\n|-ability|p1a: Zapdos|Pressure\n|move|p2a: Moltres|U-turn|p1a: Zapdos\n|-resisted|p1a: Zapdos\n|-damage|p1a: Zapdos|86\/100\n|\n|t:|1701211675\n|switch|p2a: Clodsire|Clodsire, F|100\/100|[from] U-turn\n|-damage|p2a: Clodsire|94\/100|[from] Stealth Rock\n|\n|-heal|p2a: Clodsire|100\/100|[from] item: Leftovers\n|upkeep\n|turn|62\n|\n|t:|1701211682\n|switch|p1a: Great Tusk|Great Tusk|4\/100 tox\n|move|p2a: Clodsire|Spikes|p1a: Great Tusk\n|-sidestart|p1: NobleThief|Spikes\n|\n|-heal|p1a: Great Tusk|10\/100 tox|[from] item: Leftovers\n|-damage|p1a: Great Tusk|4\/100 tox|[from] psn\n|upkeep\n|turn|63\n|\n|t:|1701211698\n|move|p1a: Great Tusk|Headlong Rush|p2a: Clodsire\n|-supereffective|p2a: Clodsire\n|-damage|p2a: Clodsire|4\/100\n|-unboost|p1a: Great Tusk|def|1\n|-unboost|p1a: Great Tusk|spd|1\n|move|p2a: Clodsire|Spikes|p1a: Great Tusk\n|-sidestart|p1: NobleThief|Spikes\n|\n|-heal|p1a: Great Tusk|10\/100 tox|[from] item: Leftovers\n|-heal|p2a: Clodsire|11\/100|[from] item: Leftovers\n|-damage|p1a: Great Tusk|0 fnt|[from] psn\n|faint|p1a: Great Tusk\n|-end|p1a: Great Tusk|Protosynthesis|[silent]\n|upkeep\n|\n|t:|1701211711\n|switch|p1a: Kingambit|Kingambit, F|100\/100\n|-damage|p1a: Kingambit|84\/100|[from] Spikes\n|-activate|p1a: Kingambit|ability: Supreme Overlord\n|-start|p1a: Kingambit|fallen2|[silent]\n|turn|64\n|\n|t:|1701211725\n|switch|p2a: Scizor|Scizor, F|21\/100\n|-damage|p2a: Scizor|9\/100|[from] Stealth Rock\n|move|p1a: Kingambit|Kowtow Cleave|p2a: Scizor\n|-damage|p2a: Scizor|0 fnt\n|faint|p2a: Scizor\n|\n|-heal|p1a: Kingambit|90\/100|[from] item: Leftovers\n|upkeep\n|\n|t:|1701211738\n|switch|p2a: Moltres|Moltres|83\/100\n|turn|65\n|\n|t:|1701211747\n|-end|p1a: Kingambit|fallen2|[silent]\n|switch|p1a: Clefable|Clefable, M|100\/100 tox\n|move|p2a: Moltres|Flamethrower|p1a: Clefable\n|-damage|p1a: Clefable|65\/100 tox\n|\n|-heal|p1a: Clefable|72\/100 tox|[from] item: Leftovers\n|upkeep\n|turn|66\n|\n|t:|1701211756\n|move|p2a: Moltres|Flamethrower|p1a: Clefable\n|-damage|p1a: Clefable|36\/100 tox\n|move|p1a: Clefable|Wish|p1a: Clefable\n|\n|-heal|p1a: Clefable|42\/100 tox|[from] item: Leftovers\n|upkeep\n|turn|67\n|\n|t:|1701211773\n|switch|p2a: Empoleon|Empoleon, M|34\/100 par\n|-damage|p2a: Empoleon|28\/100 par|[from] Stealth Rock\n|move|p1a: Clefable|Protect||[still]\n|-fail|p1a: Clefable\n|\n|-heal|p1a: Clefable|92\/100 tox|[from] move: Wish|[wisher] Clefable\n|-heal|p1a: Clefable|98\/100 tox|[from] item: Leftovers\n|upkeep\n|turn|68\n|\n|t:|1701211784\n|move|p1a: Clefable|Moonblast|p2a: Empoleon\n|-resisted|p2a: Empoleon\n|-damage|p2a: Empoleon|13\/100 par\n|move|p2a: Empoleon|Stealth Rock|p1a: Clefable\n|-sidestart|p1: NobleThief|move: Stealth Rock\n|\n|-heal|p1a: Clefable|100\/100 tox|[from] item: Leftovers\n|upkeep\n|turn|69\n|\n|t:|1701211791\n|switch|p2a: Moltres|Moltres|83\/100\n|move|p1a: Clefable|Moonblast|p2a: Moltres\n|-resisted|p2a: Moltres\n|-damage|p2a: Moltres|68\/100\n|\n|upkeep\n|turn|70\n|\n|t:|1701211803\n|move|p2a: Moltres|U-turn|p1a: Clefable\n|-resisted|p1a: Clefable\n|-damage|p1a: Clefable|95\/100 tox\n|\n|t:|1701211812\n|switch|p2a: Hatterene|Hatterene, F|100\/100|[from] U-turn\n|-damage|p2a: Hatterene|88\/100|[from] Stealth Rock\n|move|p1a: Clefable|Thunder Wave|p2a: Hatterene\n|move|p2a: Hatterene|Thunder Wave||[from]ability: Magic Bounce|[still]\n|-fail|p2a: Hatterene\n|\n|-heal|p1a: Clefable|100\/100 tox|[from] item: Leftovers\n|-heal|p2a: Hatterene|94\/100|[from] item: Leftovers\n|upkeep\n|turn|71\n|\n|t:|1701211824\n|move|p1a: Clefable|Wish|p1a: Clefable\n|move|p2a: Hatterene|Calm Mind|p2a: Hatterene\n|-boost|p2a: Hatterene|spa|1\n|-boost|p2a: Hatterene|spd|1\n|\n|-heal|p2a: Hatterene|99\/100|[from] item: Leftovers\n|upkeep\n|turn|72\n|\n|t:|1701211836\n|switch|p1a: Dondozo|Dondozo, M|100\/100 slp\n|-damage|p1a: Dondozo|84\/100 slp|[from] Spikes\n|-damage|p1a: Dondozo|71\/100 slp|[from] Stealth Rock\n|move|p2a: Hatterene|Nuzzle|p1a: Dondozo\n|-supereffective|p1a: Dondozo\n|-damage|p1a: Dondozo|67\/100 slp\n|\n|-heal|p1a: Dondozo|100\/100 slp|[from] move: Wish|[wisher] Clefable\n|-heal|p2a: Hatterene|100\/100|[from] item: Leftovers\n|upkeep\n|turn|73\n|\n|t:|1701211847\n|cant|p1a: Dondozo|slp\n|move|p1a: Dondozo|Sleep Talk|p1a: Dondozo\n|move|p1a: Dondozo|Body Press|p2a: Hatterene|[from]move: Sleep Talk\n|-resisted|p2a: Hatterene\n|-damage|p2a: Hatterene|95\/100\n|move|p2a: Hatterene|Draining Kiss|p1a: Dondozo\n|-damage|p1a: Dondozo|79\/100 slp\n|-heal|p2a: Hatterene|100\/100|[from] drain|[of] p1a: Dondozo\n|\n|-heal|p1a: Dondozo|86\/100 slp|[from] item: Leftovers\n|upkeep\n|turn|74\n|\n|t:|1701211858\n|cant|p1a: Dondozo|slp\n|move|p1a: Dondozo|Sleep Talk|p1a: Dondozo\n|move|p1a: Dondozo|Liquidation|p2a: Hatterene|[from]move: Sleep Talk\n|-damage|p2a: Hatterene|78\/100\n|move|p2a: Hatterene|Draining Kiss|p1a: Dondozo\n|-damage|p1a: Dondozo|64\/100 slp\n|-heal|p2a: Hatterene|100\/100|[from] drain|[of] p1a: Dondozo\n|\n|-heal|p1a: Dondozo|70\/100 slp|[from] item: Leftovers\n|upkeep\n|turn|75\n|\n|t:|1701211873\n|-curestatus|p1a: Dondozo|slp|[msg]\n|move|p1a: Dondozo|Liquidation|p2a: Hatterene\n|-damage|p2a: Hatterene|78\/100\n|move|p2a: Hatterene|Nuzzle|p1a: Dondozo\n|-supereffective|p1a: Dondozo\n|-damage|p1a: Dondozo|66\/100\n|-status|p1a: Dondozo|par\n|\n|-heal|p2a: Hatterene|84\/100|[from] item: Leftovers\n|-heal|p1a: Dondozo|72\/100 par|[from] item: Leftovers\n|upkeep\n|turn|76\n|\n|t:|1701211884\n|move|p2a: Hatterene|Calm Mind|p2a: Hatterene\n|-boost|p2a: Hatterene|spa|1\n|-boost|p2a: Hatterene|spd|1\n|move|p1a: Dondozo|Liquidation|p2a: Hatterene\n|-damage|p2a: Hatterene|62\/100\n|\n|-heal|p2a: Hatterene|67\/100|[from] item: Leftovers\n|-heal|p1a: Dondozo|78\/100 par|[from] item: Leftovers\n|upkeep\n|turn|77\n|\n|t:|1701211893\n|move|p2a: Hatterene|Draining Kiss|p1a: Dondozo\n|-damage|p1a: Dondozo|55\/100 par\n|-heal|p2a: Hatterene|95\/100|[from] drain|[of] p1a: Dondozo\n|move|p1a: Dondozo|Rest|p1a: Dondozo\n|-status|p1a: Dondozo|slp|[from] move: Rest\n|-heal|p1a: Dondozo|100\/100 slp|[silent]\n|\n|-heal|p2a: Hatterene|100\/100|[from] item: Leftovers\n|upkeep\n|turn|78\n|\n|t:|1701211903\n|cant|p1a: Dondozo|slp\n|move|p1a: Dondozo|Sleep Talk|p1a: Dondozo\n|move|p1a: Dondozo|Rest||[from]move: Sleep Talk|[still]\n|-fail|p1a: Dondozo\n|move|p2a: Hatterene|Draining Kiss|p1a: Dondozo\n|-damage|p1a: Dondozo|78\/100 slp\n|\n|-heal|p1a: Dondozo|84\/100 slp|[from] item: Leftovers\n|upkeep\n|turn|79\n|\n|t:|1701211913\n|cant|p1a: Dondozo|slp\n|move|p1a: Dondozo|Sleep Talk|p1a: Dondozo\n|move|p1a: Dondozo|Body Press|p2a: Hatterene|[from]move: Sleep Talk\n|-resisted|p2a: Hatterene\n|-damage|p2a: Hatterene|95\/100\n|move|p2a: Hatterene|Psyshock|p1a: Dondozo\n|-damage|p1a: Dondozo|70\/100 slp\n|\n|-heal|p1a: Dondozo|76\/100 slp|[from] item: Leftovers\n|-heal|p2a: Hatterene|100\/100|[from] item: Leftovers\n|upkeep\n|turn|80\n|\n|t:|1701211926\n|-curestatus|p1a: Dondozo|slp|[msg]\n|move|p1a: Dondozo|Liquidation|p2a: Hatterene\n|-damage|p2a: Hatterene|75\/100\n|move|p2a: Hatterene|Psyshock|p1a: Dondozo\n|-damage|p1a: Dondozo|58\/100\n|\n|-heal|p1a: Dondozo|65\/100|[from] item: Leftovers\n|-heal|p2a: Hatterene|81\/100|[from] item: Leftovers\n|upkeep\n|turn|81\n|\n|t:|1701211937\n|move|p1a: Dondozo|Body Press|p2a: Hatterene\n|-resisted|p2a: Hatterene\n|-damage|p2a: Hatterene|75\/100\n|move|p2a: Hatterene|Psyshock|p1a: Dondozo\n|-damage|p1a: Dondozo|49\/100\n|\n|-heal|p1a: Dondozo|55\/100|[from] item: Leftovers\n|-heal|p2a: Hatterene|81\/100|[from] item: Leftovers\n|upkeep\n|turn|82\n|\n|t:|1701211945\n|move|p1a: Dondozo|Rest|p1a: Dondozo\n|-status|p1a: Dondozo|slp|[from] move: Rest\n|-heal|p1a: Dondozo|100\/100 slp|[silent]\n|move|p2a: Hatterene|Nuzzle|p1a: Dondozo\n|-supereffective|p1a: Dondozo\n|-damage|p1a: Dondozo|97\/100 slp\n|\n|-heal|p1a: Dondozo|100\/100 slp|[from] item: Leftovers\n|-heal|p2a: Hatterene|87\/100|[from] item: Leftovers\n|upkeep\n|turn|83\n|\n|t:|1701211969\n|switch|p2a: Clodsire|Clodsire, F|11\/100\n|-damage|p2a: Clodsire|4\/100|[from] Stealth Rock\n|cant|p1a: Dondozo|slp\n|move|p1a: Dondozo|Sleep Talk|p1a: Dondozo\n|move|p1a: Dondozo|Liquidation|p2a: Clodsire|[from]move: Sleep Talk\n|-supereffective|p2a: Clodsire\n|-damage|p2a: Clodsire|0 fnt\n|faint|p2a: Clodsire\n|\n|upkeep\n|\n|t:|1701211978\n|switch|p2a: Dragapult|Dragapult, F|30\/100\n|-damage|p2a: Dragapult|18\/100|[from] Stealth Rock\n|turn|84\n|\n|t:|1701211984\n|switch|p1a: Clefable|Clefable, M|100\/100 tox\n|move|p2a: Dragapult|Thunderbolt|p1a: Clefable\n|-crit|p1a: Clefable\n|-damage|p1a: Clefable|45\/100 tox\n|\n|-heal|p1a: Clefable|51\/100 tox|[from] item: Leftovers\n|upkeep\n|turn|85\n|\n|t:|1701211996\n|switch|p2a: Moltres|Moltres|68\/100\n|move|p1a: Clefable|Protect||[still]\n|-fail|p1a: Clefable\n|\n|-heal|p1a: Clefable|57\/100 tox|[from] item: Leftovers\n|upkeep\n|turn|86\n|\n|t:|1701212006\n|move|p1a: Clefable|Protect|p1a: Clefable\n|-singleturn|p1a: Clefable|Protect\n|move|p2a: Moltres|U-turn|p1a: Clefable\n|-activate|p1a: Clefable|move: Protect\n|\n|-heal|p1a: Clefable|63\/100 tox|[from] item: Leftovers\n|upkeep\n|turn|87\n|\n|t:|1701212019\n|move|p2a: Moltres|Roost|p2a: Moltres\n|-heal|p2a: Moltres|100\/100\n|-singleturn|p2a: Moltres|move: Roost\n|move|p1a: Clefable|Wish|p1a: Clefable\n|\n|-heal|p1a: Clefable|69\/100 tox|[from] item: Leftovers\n|upkeep\n|turn|88\n|\n|t:|1701212029\n|move|p2a: Moltres|Flamethrower|p1a: Clefable\n|-damage|p1a: Clefable|34\/100 tox\n|move|p1a: Clefable|Thunder Wave|p2a: Moltres\n|-status|p2a: Moltres|par\n|\n|-heal|p1a: Clefable|84\/100 tox|[from] move: Wish|[wisher] Clefable\n|-heal|p1a: Clefable|90\/100 tox|[from] item: Leftovers\n|upkeep\n|turn|89\n|\n|t:|1701212039\n|switch|p2a: Hatterene|Hatterene, F|87\/100\n|-damage|p2a: Hatterene|75\/100|[from] Stealth Rock\n|move|p1a: Clefable|Wish|p1a: Clefable\n|\n|-heal|p1a: Clefable|96\/100 tox|[from] item: Leftovers\n|-heal|p2a: Hatterene|81\/100|[from] item: Leftovers\n|upkeep\n|turn|90\n|\n|t:|1701212047\n|switch|p1a: Zapdos|Zapdos|86\/100\n|-ability|p1a: Zapdos|Pressure\n|move|p2a: Hatterene|Draining Kiss|p1a: Zapdos\n|-damage|p1a: Zapdos|65\/100\n|-heal|p2a: Hatterene|99\/100|[from] drain|[of] p1a: Zapdos\n|\n|-heal|p1a: Zapdos|100\/100|[from] move: Wish|[wisher] Clefable\n|-heal|p2a: Hatterene|100\/100|[from] item: Leftovers\n|upkeep\n|turn|91\n|\n|t:|1701212059\n|move|p1a: Zapdos|Discharge|p2a: Hatterene\n|-damage|p2a: Hatterene|64\/100\n|move|p2a: Hatterene|Calm Mind|p2a: Hatterene\n|-boost|p2a: Hatterene|spa|1\n|-boost|p2a: Hatterene|spd|1\n|\n|-heal|p2a: Hatterene|70\/100|[from] item: Leftovers\n|upkeep\n|turn|92\n|\n|t:|1701212066\n|move|p1a: Zapdos|Discharge|p2a: Hatterene\n|-crit|p2a: Hatterene\n|-damage|p2a: Hatterene|11\/100\n|-status|p2a: Hatterene|par\n|move|p2a: Hatterene|Calm Mind|p2a: Hatterene\n|-boost|p2a: Hatterene|spa|1\n|-boost|p2a: Hatterene|spd|1\n|\n|-heal|p2a: Hatterene|17\/100 par|[from] item: Leftovers\n|upkeep\n|turn|93\n|\n|t:|1701212075\n|move|p1a: Zapdos|Discharge|p2a: Hatterene\n|-damage|p2a: Hatterene|0 fnt\n|faint|p2a: Hatterene\n|\n|upkeep\n|\n|t:|1701212081\n|switch|p2a: Dragapult|Dragapult, F|18\/100\n|-damage|p2a: Dragapult|6\/100|[from] Stealth Rock\n|turn|94\n|\n|t:|1701212090\n|switch|p1a: Kingambit|Kingambit, F|90\/100\n|-damage|p1a: Kingambit|74\/100|[from] Spikes\n|-damage|p1a: Kingambit|68\/100|[from] Stealth Rock\n|-activate|p1a: Kingambit|ability: Supreme Overlord\n|-start|p1a: Kingambit|fallen2|[silent]\n|-terastallize|p2a: Dragapult|Ghost\n|move|p2a: Dragapult|Shadow Ball|p1a: Kingambit\n|-resisted|p1a: Kingambit\n|-damage|p1a: Kingambit|30\/100\n|-unboost|p1a: Kingambit|spd|1\n|\n|-heal|p1a: Kingambit|36\/100|[from] item: Leftovers\n|upkeep\n|turn|95\n|\n|t:|1701212105\n|switch|p2a: Moltres|Moltres|100\/100 par\n|move|p1a: Kingambit|Sucker Punch||[still]\n|-fail|p1a: Kingambit\n|\n|-heal|p1a: Kingambit|42\/100|[from] item: Leftovers\n|upkeep\n|turn|96\n|c|\u2606Tera Bug Blast|gg\n|inactive|Tera Bug Blast has 120 seconds left.\n|c|\u2606Tera Bug Blast|Needed Hat\n|-message|Tera Bug Blast forfeited.\n|\n|win|NobleThief\n|raw|NobleThief's rating: 1320 &rarr; <strong>1342<\/strong><br \/>(+22 for winning)\n|raw|Tera Bug Blast's rating: 1362 &rarr; <strong>1340<\/strong><br \/>(-22 for losing)\n|l|\u2606Tera Bug Blast\n","uploadtime":1701212132,"views":9,"p1id":"noblethief","p2id":"terabugblast","formatid":"gen9ou","rating":1340,"private":0,"password":""}