{"id":"gen9ou-1993957291","p1":"Men Hugging","p2":"evin","format":"[Gen 9] OU","log":"|j|\u2606Men Hugging\n|j|\u2606evin\n|t:|1700382619\n|gametype|singles\n|player|p1|Men Hugging|swimmer-gen4|1443\n|player|p2|evin|1|1531\n|teamsize|p1|6\n|teamsize|p2|6\n|gen|9\n|tier|[Gen 9] OU\n|rated|\n|rule|Sleep Clause Mod: Limit one foe put to sleep\n|rule|Species Clause: Limit one of each Pok\u00e9mon\n|rule|OHKO Clause: OHKO moves are banned\n|rule|Evasion Items Clause: Evasion items are banned\n|rule|Evasion Moves Clause: Evasion moves are banned\n|rule|Endless Battle Clause: Forcing endless battles is banned\n|rule|HP Percentage Mod: HP is shown in percentages\n|clearpoke\n|poke|p1|Ogerpon, F|\n|poke|p1|Moltres|\n|poke|p1|Great Tusk|\n|poke|p1|Kingambit, F|\n|poke|p1|Greninja-*, M|\n|poke|p1|Dragapult, F|\n|poke|p2|Ninetales-Alola, M|\n|poke|p2|Ceruledge, F|\n|poke|p2|Sandslash-Alola, M|\n|poke|p2|Great Tusk|\n|poke|p2|Thundurus, M|\n|poke|p2|Toxapex, F|\n|teampreview\n|inactive|Battle timer is ON: inactive players will automatically lose when time's up. (requested by Men Hugging)\n|\n|t:|1700382637\n|start\n|switch|p1a: Dragapult|Dragapult, F|100\/100\n|switch|p2a: Ninetales|Ninetales-Alola, M|100\/100\n|-weather|Snow|[from] ability: Snow Warning|[of] p2a: Ninetales\n|turn|1\n|\n|t:|1700382650\n|move|p1a: Dragapult|U-turn|p2a: Ninetales\n|-resisted|p2a: Ninetales\n|-damage|p2a: Ninetales|92\/100\n|\n|t:|1700382653\n|switch|p1a: Moltres|Moltres|100\/100|[from] U-turn\n|move|p2a: Ninetales|Moonblast|p1a: Moltres\n|-resisted|p1a: Moltres\n|-damage|p1a: Moltres|82\/100\n|-unboost|p1a: Moltres|spa|1\n|\n|-weather|Snow|[upkeep]\n|upkeep\n|turn|2\n|\n|t:|1700382658\n|switch|p2a: Ceruledge|Ceruledge, F|100\/100\n|move|p1a: Moltres|Flamethrower|p2a: Ceruledge\n|-start|p2a: Ceruledge|ability: Flash Fire\n|\n|-weather|Snow|[upkeep]\n|upkeep\n|turn|3\n|\n|t:|1700382675\n|move|p2a: Ceruledge|Poltergeist|p1a: Moltres\n|-activate|p1a: Moltres|move: Poltergeist|Heavy-Duty Boots\n|-damage|p1a: Moltres|36\/100\n|move|p1a: Moltres|U-turn|p2a: Ceruledge\n|-resisted|p2a: Ceruledge\n|-damage|p2a: Ceruledge|96\/100\n|\n|t:|1700382688\n|switch|p1a: Dragapult|Dragapult, F|100\/100|[from] U-turn\n|\n|-weather|Snow|[upkeep]\n|upkeep\n|turn|4\n|\n|t:|1700382698\n|-terastallize|p2a: Ceruledge|Ice\n|move|p1a: Dragapult|Shadow Ball|p2a: Ceruledge\n|-damage|p2a: Ceruledge|30\/100\n|move|p2a: Ceruledge|Poltergeist|p1a: Dragapult|[miss]\n|-miss|p2a: Ceruledge|p1a: Dragapult\n|\n|-weather|Snow|[upkeep]\n|upkeep\n|turn|5\n|\n|t:|1700382703\n|move|p2a: Ceruledge|Shadow Sneak|p1a: Dragapult\n|-supereffective|p1a: Dragapult\n|-damage|p1a: Dragapult|34\/100\n|move|p1a: Dragapult|Shadow Ball|p2a: Ceruledge\n|-damage|p2a: Ceruledge|0 fnt\n|faint|p2a: Ceruledge\n|\n|-weather|Snow|[upkeep]\n|upkeep\n|\n|t:|1700382712\n|switch|p2a: Sandslash|Sandslash-Alola, M|100\/100\n|turn|6\n|\n|t:|1700382726\n|switch|p1a: Great Tusk|Great Tusk|100\/100\n|move|p2a: Sandslash|Icicle Crash|p1a: Great Tusk\n|-supereffective|p1a: Great Tusk\n|-damage|p1a: Great Tusk|31\/100\n|-damage|p2a: Sandslash|91\/100|[from] item: Life Orb\n|\n|-weather|Snow|[upkeep]\n|-heal|p1a: Great Tusk|37\/100|[from] item: Leftovers\n|upkeep\n|turn|7\n|\n|t:|1700382731\n|move|p2a: Sandslash|Icicle Crash|p1a: Great Tusk\n|-supereffective|p1a: Great Tusk\n|-damage|p1a: Great Tusk|0 fnt\n|faint|p1a: Great Tusk\n|-end|p1a: Great Tusk|Protosynthesis|[silent]\n|-damage|p2a: Sandslash|81\/100|[from] item: Life Orb\n|\n|-weather|Snow|[upkeep]\n|upkeep\n|inactive|Men Hugging has 120 seconds left.\n|inactive|Men Hugging has 90 seconds left.\n|\n|t:|1700382799\n|switch|p1a: Kingambit|Kingambit, F|100\/100\n|-activate|p1a: Kingambit|ability: Supreme Overlord\n|-start|p1a: Kingambit|fallen1|[silent]\n|turn|8\n|\n|t:|1700382804\n|move|p2a: Sandslash|Earthquake|p1a: Kingambit\n|-supereffective|p1a: Kingambit\n|-damage|p1a: Kingambit|33\/100\n|-damage|p2a: Sandslash|71\/100|[from] item: Life Orb\n|move|p1a: Kingambit|Iron Head|p2a: Sandslash\n|-damage|p2a: Sandslash|37\/100\n|\n|-weather|none\n|-heal|p1a: Kingambit|39\/100|[from] item: Leftovers\n|upkeep\n|turn|9\n|\n|t:|1700382816\n|switch|p2a: Ninetales|Ninetales-Alola, M|92\/100\n|-weather|Snow|[from] ability: Snow Warning|[of] p2a: Ninetales\n|-end|p1a: Kingambit|fallen1|[silent]\n|switch|p1a: Moltres|Moltres|36\/100\n|\n|-weather|Snow|[upkeep]\n|upkeep\n|turn|10\n|\n|t:|1700382822\n|switch|p2a: Thundurus|Thundurus, M|100\/100\n|move|p1a: Moltres|Roost|p1a: Moltres\n|-heal|p1a: Moltres|86\/100\n|-singleturn|p1a: Moltres|move: Roost\n|\n|-weather|Snow|[upkeep]\n|upkeep\n|turn|11\n|\n|t:|1700382842\n|switch|p1a: Kingambit|Kingambit, F|39\/100\n|-activate|p1a: Kingambit|ability: Supreme Overlord\n|-start|p1a: Kingambit|fallen1|[silent]\n|move|p2a: Thundurus|Weather Ball|p1a: Kingambit\n|-resisted|p1a: Kingambit\n|-damage|p1a: Kingambit|20\/100\n|\n|-weather|Snow|[upkeep]\n|-heal|p1a: Kingambit|27\/100|[from] item: Leftovers\n|upkeep\n|turn|12\n|\n|t:|1700382852\n|switch|p2a: Great Tusk|Great Tusk|100\/100\n|move|p1a: Kingambit|Iron Head|p2a: Great Tusk\n|-damage|p2a: Great Tusk|75\/100\n|\n|-weather|Snow|[upkeep]\n|-heal|p2a: Great Tusk|81\/100|[from] item: Leftovers\n|-heal|p1a: Kingambit|33\/100|[from] item: Leftovers\n|upkeep\n|turn|13\n|\n|t:|1700382859\n|-end|p1a: Kingambit|fallen1|[silent]\n|switch|p1a: Moltres|Moltres|86\/100\n|move|p2a: Great Tusk|Earthquake|p1a: Moltres\n|-immune|p1a: Moltres\n|\n|-weather|Snow|[upkeep]\n|-heal|p2a: Great Tusk|87\/100|[from] item: Leftovers\n|upkeep\n|turn|14\n|\n|t:|1700382863\n|-end|p2a: Great Tusk|Protosynthesis|[silent]\n|switch|p2a: Thundurus|Thundurus, M|100\/100\n|move|p1a: Moltres|Will-O-Wisp|p2a: Thundurus\n|-status|p2a: Thundurus|brn\n|\n|-weather|Snow|[upkeep]\n|-damage|p2a: Thundurus|94\/100 brn|[from] brn\n|upkeep\n|turn|15\n|\n|t:|1700382875\n|move|p2a: Thundurus|Discharge|p1a: Moltres\n|-supereffective|p1a: Moltres\n|-damage|p1a: Moltres|3\/100\n|move|p1a: Moltres|U-turn|p2a: Thundurus\n|-resisted|p2a: Thundurus\n|-damage|p2a: Thundurus|83\/100 brn\n|inactive|Men Hugging has 120 seconds left.\n|\n|t:|1700382892\n|switch|p1a: Gooberpon|Ogerpon, F|100\/100|[from] U-turn\n|\n|-weather|Snow|[upkeep]\n|-damage|p2a: Thundurus|77\/100 brn|[from] brn\n|upkeep\n|turn|16\n|\n|t:|1700382896\n|move|p2a: Thundurus|Weather Ball|p1a: Gooberpon\n|-supereffective|p1a: Gooberpon\n|-damage|p1a: Gooberpon|25\/100\n|move|p1a: Gooberpon|Swords Dance|p1a: Gooberpon\n|-boost|p1a: Gooberpon|atk|2\n|\n|-weather|none\n|-damage|p2a: Thundurus|71\/100 brn|[from] brn\n|upkeep\n|turn|17\n|\n|t:|1700382910\n|-terastallize|p1a: Gooberpon|Grass\n|detailschange|p1a: Gooberpon|Ogerpon-Teal-Tera, F, tera:Grass\n|-ability|p1a: Gooberpon|Embody Aspect (Teal)|boost\n|-boost|p1a: Gooberpon|spe|1\n|move|p1a: Gooberpon|Knock Off|p2a: Thundurus\n|-damage|p2a: Thundurus|0 fnt\n|-enditem|p2a: Thundurus|Heavy-Duty Boots|[from] move: Knock Off|[of] p1a: Gooberpon\n|faint|p2a: Thundurus\n|\n|upkeep\n|\n|t:|1700382917\n|switch|p2a: Great Tusk|Great Tusk|87\/100\n|turn|18\n|\n|t:|1700382920\n|move|p1a: Gooberpon|Power Whip|p2a: Great Tusk\n|-supereffective|p2a: Great Tusk\n|-damage|p2a: Great Tusk|0 fnt\n|faint|p2a: Great Tusk\n|-end|p2a: Great Tusk|Protosynthesis|[silent]\n|\n|upkeep\n|\n|t:|1700382924\n|switch|p2a: Toxapex|Toxapex, F|100\/100\n|turn|19\n|\n|t:|1700382929\n|move|p1a: Gooberpon|Power Whip|p2a: Toxapex\n|-damage|p2a: Toxapex|0 fnt\n|faint|p2a: Toxapex\n|\n|upkeep\n|inactive|evin has 120 seconds left.\n|\n|t:|1700382963\n|switch|p2a: Ninetales|Ninetales-Alola, M|92\/100\n|-weather|Snow|[from] ability: Snow Warning|[of] p2a: Ninetales\n|turn|20\n|inactive|evin has 120 seconds left.\n|\n|t:|1700382979\n|move|p1a: Gooberpon|Power Whip|p2a: Ninetales\n|-damage|p2a: Ninetales|0 fnt\n|faint|p2a: Ninetales\n|\n|-weather|Snow|[upkeep]\n|upkeep\n|\n|t:|1700382982\n|switch|p2a: Sandslash|Sandslash-Alola, M|37\/100\n|turn|21\n|\n|t:|1700382991\n|move|p1a: Gooberpon|Knock Off|p2a: Sandslash\n|-damage|p2a: Sandslash|0 fnt\n|-enditem|p2a: Sandslash|Life Orb|[from] move: Knock Off|[of] p1a: Gooberpon\n|faint|p2a: Sandslash\n|\n|win|Men Hugging\n|raw|Men Hugging's rating: 1443 &rarr; <strong>1468<\/strong><br \/>(+25 for winning)\n|raw|evin's rating: 1531 &rarr; <strong>1506<\/strong><br \/>(-25 for losing)\n|l|\u2606evin\n","uploadtime":1700383107,"views":34,"p1id":"menhugging","p2id":"evin","formatid":"gen9ou","rating":1468,"private":0,"password":""}