{"id":"gen9ou-1998239752","p1":"endersOverlord","p2":"Mumblin'Penguin","format":"[Gen 9] OU","log":"|j|\u2606endersOverlord\n|j|\u2606Mumblin'Penguin\n|t:|1700918218\n|gametype|singles\n|player|p1|endersOverlord|colress|\n|player|p2|Mumblin'Penguin|teamrocket|\n|teamsize|p1|6\n|teamsize|p2|6\n|gen|9\n|tier|[Gen 9] OU\n|rule|Sleep Clause Mod: Limit one foe put to sleep\n|rule|Species Clause: Limit one of each Pok\u00e9mon\n|rule|OHKO Clause: OHKO moves are banned\n|rule|Evasion Items Clause: Evasion items are banned\n|rule|Evasion Moves Clause: Evasion moves are banned\n|rule|Endless Battle Clause: Forcing endless battles is banned\n|rule|HP Percentage Mod: HP is shown in percentages\n|clearpoke\n|poke|p1|Rotom-Wash|\n|poke|p1|Tinkaton, F|\n|poke|p1|Iron Hands|\n|poke|p1|Hydreigon, F|\n|poke|p1|Iron Moth|\n|poke|p1|Ogerpon, F|\n|poke|p2|Glimmora, F|\n|poke|p2|Ogerpon-Cornerstone, F|\n|poke|p2|Arcanine-Hisui, M|\n|poke|p2|Tyranitar, F|\n|poke|p2|Garganacl, M|\n|poke|p2|Kleavor, M|\n|teampreview\n|\n|t:|1700918233\n|start\n|switch|p1a: Cal-Gone|Rotom-Wash, shiny|100\/100\n|switch|p2a: Arcanine|Arcanine-Hisui, M|100\/100\n|turn|1\n|\n|t:|1700918243\n|switch|p2a: Tyranitar|Tyranitar, F|100\/100\n|-weather|Sandstorm|[from] ability: Sand Stream|[of] p2a: Tyranitar\n|move|p1a: Cal-Gone|Hydro Pump|p2a: Tyranitar|[miss]\n|-miss|p1a: Cal-Gone|p2a: Tyranitar\n|\n|-weather|Sandstorm|[upkeep]\n|-damage|p1a: Cal-Gone|94\/100|[from] Sandstorm\n|upkeep\n|turn|2\n|\n|t:|1700918253\n|move|p1a: Cal-Gone|Hydro Pump|p2a: Tyranitar\n|-supereffective|p2a: Tyranitar\n|-damage|p2a: Tyranitar|81\/100\n|move|p2a: Tyranitar|Stone Edge|p1a: Cal-Gone\n|-damage|p1a: Cal-Gone|59\/100\n|\n|-weather|Sandstorm|[upkeep]\n|-damage|p1a: Cal-Gone|53\/100|[from] Sandstorm\n|upkeep\n|turn|3\n|\n|t:|1700918265\n|move|p1a: Cal-Gone|Volt Switch|p2a: Tyranitar\n|-damage|p2a: Tyranitar|73\/100\n|\n|t:|1700918277\n|switch|p1a: Mr. Electric|Iron Hands, shiny|100\/100|[from] Volt Switch\n|move|p2a: Tyranitar|Stone Edge|p1a: Mr. Electric\n|-resisted|p1a: Mr. Electric\n|-damage|p1a: Mr. Electric|89\/100\n|\n|-weather|Sandstorm|[upkeep]\n|-damage|p1a: Mr. Electric|83\/100|[from] Sandstorm\n|-heal|p1a: Mr. Electric|89\/100|[from] item: Leftovers\n|upkeep\n|turn|4\n|\n|t:|1700918291\n|move|p2a: Tyranitar|Earthquake|p1a: Mr. Electric\n|-supereffective|p1a: Mr. Electric\n|-damage|p1a: Mr. Electric|61\/100\n|move|p1a: Mr. Electric|Drain Punch|p2a: Tyranitar\n|-supereffective|p2a: Tyranitar\n|-crit|p2a: Tyranitar\n|-damage|p2a: Tyranitar|0 fnt\n|-heal|p1a: Mr. Electric|90\/100|[from] drain|[of] p2a: Tyranitar\n|faint|p2a: Tyranitar\n|\n|-weather|Sandstorm|[upkeep]\n|-damage|p1a: Mr. Electric|84\/100|[from] Sandstorm\n|-heal|p1a: Mr. Electric|90\/100|[from] item: Leftovers\n|upkeep\n|\n|t:|1700918302\n|switch|p2a: Glimmora|Glimmora, F|100\/100\n|turn|5\n|\n|t:|1700918309\n|move|p2a: Glimmora|Earth Power|p1a: Mr. Electric\n|-supereffective|p1a: Mr. Electric\n|-damage|p1a: Mr. Electric|35\/100\n|move|p1a: Mr. Electric|Drain Punch|p2a: Glimmora\n|-damage|p2a: Glimmora|56\/100\n|-heal|p1a: Mr. Electric|48\/100|[from] drain|[of] p2a: Glimmora\n|-activate|p2a: Glimmora|ability: Toxic Debris\n|-sidestart|p1: endersOverlord|move: Toxic Spikes\n|\n|-weather|none\n|-heal|p1a: Mr. Electric|54\/100|[from] item: Leftovers\n|upkeep\n|turn|6\n|\n|t:|1700918328\n|-terastallize|p1a: Mr. Electric|Water\n|move|p2a: Glimmora|Energy Ball|p1a: Mr. Electric\n|-supereffective|p1a: Mr. Electric\n|-damage|p1a: Mr. Electric|0 fnt\n|faint|p1a: Mr. Electric\n|-end|p1a: Mr. Electric|Quark Drive|[silent]\n|\n|upkeep\n|\n|t:|1700918335\n|switch|p1a: Ra-Moon|Iron Moth, shiny|100\/100\n|-sideend|p1: endersOverlord|move: Toxic Spikes|[of] p1a: Ra-Moon\n|turn|7\n|\n|t:|1700918347\n|move|p1a: Ra-Moon|Energy Ball|p2a: Glimmora\n|-damage|p2a: Glimmora|0 fnt\n|faint|p2a: Glimmora\n|\n|upkeep\n|\n|t:|1700918357\n|switch|p2a: Arcanine|Arcanine-Hisui, M|100\/100\n|turn|8\n|\n|t:|1700918360\n|move|p2a: Arcanine|Head Smash|p1a: Ra-Moon\n|-supereffective|p1a: Ra-Moon\n|-damage|p1a: Ra-Moon|0 fnt\n|faint|p1a: Ra-Moon\n|-end|p1a: Ra-Moon|Quark Drive|[silent]\n|\n|upkeep\n|\n|t:|1700918365\n|switch|p1a: Cal-Gone|Rotom-Wash, shiny|53\/100\n|turn|9\n|\n|t:|1700918368\n|move|p2a: Arcanine|Head Smash|p1a: Cal-Gone\n|-damage|p1a: Cal-Gone|0 fnt\n|faint|p1a: Cal-Gone\n|\n|upkeep\n|\n|t:|1700918374\n|switch|p1a: Doubletap|Tinkaton, F|100\/100\n|-ability|p1a: Doubletap|Mold Breaker\n|turn|10\n|\n|t:|1700918381\n|switch|p2a: Garganacl|Garganacl, M|100\/100\n|move|p1a: Doubletap|Thunder Wave|p2a: Garganacl\n|-status|p2a: Garganacl|par\n|\n|upkeep\n|turn|11\n|\n|t:|1700918392\n|move|p1a: Doubletap|Gigaton Hammer|p2a: Garganacl\n|-supereffective|p2a: Garganacl\n|-damage|p2a: Garganacl|47\/100 par\n|move|p2a: Garganacl|Salt Cure|p1a: Doubletap\n|-resisted|p1a: Doubletap\n|-damage|p1a: Doubletap|93\/100\n|-start|p1a: Doubletap|Salt Cure\n|\n|-heal|p1a: Doubletap|99\/100|[from] item: Leftovers\n|-heal|p2a: Garganacl|53\/100 par|[from] item: Leftovers\n|-damage|p1a: Doubletap|74\/100|[from] Salt Cure\n|upkeep\n|turn|12\n|\n|t:|1700918405\n|switch|p1a: Ogerpon|Ogerpon, F|100\/100\n|move|p2a: Garganacl|Iron Defense|p2a: Garganacl\n|-boost|p2a: Garganacl|def|2\n|\n|-heal|p2a: Garganacl|59\/100 par|[from] item: Leftovers\n|upkeep\n|turn|13\n|\n|t:|1700918416\n|move|p1a: Ogerpon|Ivy Cudgel|p2a: Garganacl\n|-supereffective|p2a: Garganacl\n|-damage|p2a: Garganacl|12\/100 par\n|move|p2a: Garganacl|Body Press|p1a: Ogerpon\n|-damage|p1a: Ogerpon|36\/100\n|\n|-heal|p2a: Garganacl|19\/100 par|[from] item: Leftovers\n|upkeep\n|turn|14\n|\n|t:|1700918425\n|move|p1a: Ogerpon|Ivy Cudgel|p2a: Garganacl\n|-supereffective|p2a: Garganacl\n|-crit|p2a: Garganacl\n|-damage|p2a: Garganacl|0 fnt\n|faint|p2a: Garganacl\n|\n|upkeep\n|\n|t:|1700918436\n|switch|p2a: Ogerpon|Ogerpon-Cornerstone, F|100\/100\n|turn|15\n|\n|t:|1700918442\n|move|p1a: Ogerpon|Ivy Cudgel|p2a: Ogerpon\n|-damage|p2a: Ogerpon|5\/100\n|move|p2a: Ogerpon|Ivy Cudgel|p1a: Ogerpon|[anim] Ivy Cudgel Rock\n|-damage|p1a: Ogerpon|0 fnt\n|faint|p1a: Ogerpon\n|\n|upkeep\n|\n|t:|1700918450\n|switch|p1a: Harmonia|Hydreigon, F|100\/100\n|turn|16\n|\n|t:|1700918457\n|-terastallize|p2a: Ogerpon|Rock\n|detailschange|p2a: Ogerpon|Ogerpon-Cornerstone-Tera, F, tera:Rock\n|-ability|p2a: Ogerpon|Embody Aspect (Cornerstone)|boost\n|-boost|p2a: Ogerpon|def|1\n|move|p2a: Ogerpon|Ivy Cudgel|p1a: Harmonia|[anim] Ivy Cudgel Rock\n|-damage|p1a: Harmonia|14\/100\n|move|p1a: Harmonia|Earth Power|p2a: Ogerpon\n|-supereffective|p2a: Ogerpon\n|-damage|p2a: Ogerpon|0 fnt\n|faint|p2a: Ogerpon\n|-damage|p1a: Harmonia|4\/100|[from] item: Life Orb\n|\n|upkeep\n|\n|t:|1700918468\n|switch|p2a: Arcanine|Arcanine-Hisui, M|100\/100\n|turn|17\n|\n|t:|1700918474\n|switch|p2a: Kleavor|Kleavor, M|100\/100\n|move|p1a: Harmonia|Earth Power|p2a: Kleavor\n|-damage|p2a: Kleavor|31\/100\n|-damage|p1a: Harmonia|0 fnt|[from] item: Life Orb\n|faint|p1a: Harmonia\n|\n|upkeep\n|\n|t:|1700918482\n|switch|p1a: Doubletap|Tinkaton, F|74\/100\n|-ability|p1a: Doubletap|Mold Breaker\n|turn|18\n|\n|t:|1700918488\n|move|p2a: Kleavor|Close Combat|p1a: Doubletap\n|-damage|p1a: Doubletap|29\/100\n|-unboost|p2a: Kleavor|def|1\n|-unboost|p2a: Kleavor|spd|1\n|move|p1a: Doubletap|Thunder Wave|p2a: Kleavor\n|-status|p2a: Kleavor|par\n|\n|-heal|p1a: Doubletap|35\/100|[from] item: Leftovers\n|upkeep\n|turn|19\n|\n|t:|1700918497\n|move|p1a: Doubletap|Gigaton Hammer|p2a: Kleavor\n|-supereffective|p2a: Kleavor\n|-damage|p2a: Kleavor|0 fnt\n|faint|p2a: Kleavor\n|\n|-heal|p1a: Doubletap|41\/100|[from] item: Leftovers\n|upkeep\n|\n|t:|1700918503\n|switch|p2a: Arcanine|Arcanine-Hisui, M|100\/100\n|turn|20\n|\n|t:|1700918506\n|move|p2a: Arcanine|Flare Blitz|p1a: Doubletap\n|-supereffective|p1a: Doubletap\n|-damage|p1a: Doubletap|0 fnt\n|faint|p1a: Doubletap\n|\n|win|Mumblin'Penguin\n","uploadtime":1700918515,"views":21,"p1id":"endersoverlord","p2id":"mumblinpenguin","formatid":"gen9ou","rating":0,"private":0,"password":""}