{"id":"gen9ou-1998366959","p1":"Magiquaza","p2":"Cloakedbymist","format":"[Gen 9] OU","log":"|j|\u2606Magiquaza\n|j|\u2606Cloakedbymist\n|inactive|Battle timer is ON: inactive players will automatically lose when time's up.\n|t:|1700934398\n|gametype|singles\n|player|p1|Magiquaza|morty-masters|\n|player|p2|Cloakedbymist|giovanni|\n|teamsize|p1|4\n|teamsize|p2|4\n|gen|9\n|tier|[Gen 9] OU\n|rated|Tournament battle\n|rule|Sleep Clause Mod: Limit one foe put to sleep\n|rule|Species Clause: Limit one of each Pok\u00e9mon\n|rule|OHKO Clause: OHKO moves are banned\n|rule|Evasion Items Clause: Evasion items are banned\n|rule|Evasion Moves Clause: Evasion moves are banned\n|rule|Endless Battle Clause: Forcing endless battles is banned\n|rule|HP Percentage Mod: HP is shown in percentages\n|clearpoke\n|poke|p1|Sneasel-Hisui, F|\n|poke|p1|Dragonite, M|\n|poke|p1|Shellder, M|\n|poke|p1|Floette, F|\n|poke|p2|Yanma, F|\n|poke|p2|Krookodile, M|\n|poke|p2|Clauncher, F|\n|poke|p2|Sinistea|\n|teampreview\n|inactive|Magiquaza also wants the timer to be on.\n|j|*Lady Monita \u2746\n|c|\u2606Cloakedbymist|gkhf\n|j| TS E4 G-Man\n|j| Dddddsf\n|c|\u2606Cloakedbymist|glhf\n|j| Im dumb srly\n|l| TS E4 G-Man\n|\n|t:|1700934412\n|start\n|switch|p1a: Shellder|Shellder, M|100\/100\n|switch|p2a: Blur|Yanma, F, shiny|100\/100\n|turn|1\n|l| Dddddsf\n|\n|t:|1700934418\n|move|p2a: Blur|Bug Buzz|p1a: Shellder\n|-crit|p1a: Shellder\n|-damage|p1a: Shellder|0 fnt\n|faint|p1a: Shellder\n|\n|-ability|p2a: Blur|Speed Boost|boost\n|-boost|p2a: Blur|spe|1\n|upkeep\n|c|\u2606Cloakedbymist|thats unlucky\n|\n|t:|1700934431\n|switch|p1a: Floette|Floette, F|100\/100\n|turn|2\n|\n|t:|1700934436\n|move|p2a: Blur|Bug Buzz|p1a: Floette\n|-resisted|p1a: Floette\n|-damage|p1a: Floette|81\/100\n|move|p1a: Floette|Calm Mind|p1a: Floette\n|-boost|p1a: Floette|spa|1\n|-boost|p1a: Floette|spd|1\n|\n|-ability|p2a: Blur|Speed Boost|boost\n|-boost|p2a: Blur|spe|1\n|upkeep\n|turn|3\n|j|^HEAVY-DUTY B0OTY\n|\n|t:|1700934443\n|switch|p2a: Krook|Krookodile, M|100\/100\n|move|p1a: Floette|Wish|p1a: Floette\n|\n|upkeep\n|turn|4\n|\n|t:|1700934451\n|move|p2a: Krook|Gunk Shot|p1a: Floette\n|-supereffective|p1a: Floette\n|-damage|p1a: Floette|19\/100\n|move|p1a: Floette|Moonblast|p2a: Krook\n|-supereffective|p2a: Krook\n|-damage|p2a: Krook|0 fnt\n|faint|p2a: Krook\n|\n|-heal|p1a: Floette|69\/100|[from] move: Wish|[wisher] Floette\n|upkeep\n|\n|t:|1700934467\n|switch|p2a: British|Sinistea, shiny|100\/100\n|turn|5\n|\n|t:|1700934479\n|move|p2a: British|Shell Smash|p2a: British\n|-unboost|p2a: British|def|1\n|-unboost|p2a: British|spd|1\n|-boost|p2a: British|atk|2\n|-boost|p2a: British|spa|2\n|-boost|p2a: British|spe|2\n|move|p1a: Floette|Wish|p1a: Floette\n|\n|upkeep\n|turn|6\n|\n|t:|1700934486\n|move|p2a: British|Psyshock|p1a: Floette\n|-damage|p1a: Floette|37\/100\n|move|p1a: Floette|Moonblast|p2a: British\n|-enditem|p2a: British|Focus Sash\n|-damage|p2a: British|1\/100\n|\n|-heal|p1a: Floette|87\/100|[from] move: Wish|[wisher] Floette\n|upkeep\n|turn|7\n|\n|t:|1700934496\n|move|p2a: British|Shadow Ball|p1a: Floette\n|-damage|p1a: Floette|60\/100\n|move|p1a: Floette|Moonblast|p2a: British\n|-damage|p2a: British|0 fnt\n|faint|p2a: British\n|\n|upkeep\n|\n|t:|1700934501\n|switch|p2a: Shiro|Clauncher, F, shiny|100\/100\n|turn|8\n|l| Im dumb srly\n|\n|t:|1700934520\n|move|p2a: Shiro|Water Pulse|p1a: Floette\n|-damage|p1a: Floette|39\/100\n|move|p1a: Floette|Wish|p1a: Floette\n|\n|upkeep\n|turn|9\n|\n|t:|1700934524\n|move|p2a: Shiro|Water Pulse|p1a: Floette\n|-damage|p1a: Floette|20\/100\n|move|p1a: Floette|Calm Mind|p1a: Floette\n|-boost|p1a: Floette|spa|1\n|-boost|p1a: Floette|spd|1\n|\n|-heal|p1a: Floette|70\/100|[from] move: Wish|[wisher] Floette\n|upkeep\n|turn|10\n|\n|t:|1700934528\n|move|p2a: Shiro|Water Pulse|p1a: Floette\n|-damage|p1a: Floette|54\/100\n|move|p1a: Floette|Wish|p1a: Floette\n|\n|upkeep\n|turn|11\n|\n|t:|1700934532\n|move|p2a: Shiro|Water Pulse|p1a: Floette\n|-damage|p1a: Floette|40\/100\n|move|p1a: Floette|Calm Mind|p1a: Floette\n|-boost|p1a: Floette|spa|1\n|-boost|p1a: Floette|spd|1\n|\n|-heal|p1a: Floette|90\/100|[from] move: Wish|[wisher] Floette\n|upkeep\n|turn|12\n|\n|t:|1700934539\n|move|p2a: Shiro|Water Pulse|p1a: Floette\n|-damage|p1a: Floette|77\/100\n|move|p1a: Floette|Wish|p1a: Floette\n|\n|upkeep\n|turn|13\n|c|\u2606Cloakedbymist|confus\n|\n|t:|1700934546\n|move|p2a: Shiro|Water Pulse|p1a: Floette\n|-damage|p1a: Floette|63\/100\n|move|p1a: Floette|Moonblast|p2a: Shiro\n|-damage|p2a: Shiro|0 fnt\n|faint|p2a: Shiro\n|\n|-heal|p1a: Floette|100\/100|[from] move: Wish|[wisher] Floette\n|upkeep\n|c|\u2606Cloakedbymist|confuse\n|c|\u2606Magiquaza|bruh I don't even use my dnite and sneasel\n|\n|t:|1700934556\n|switch|p2a: Blur|Yanma, F, shiny|100\/100\n|turn|14\n|\n|t:|1700934561\n|move|p2a: Blur|Air Slash|p1a: Floette\n|-damage|p1a: Floette|89\/100\n|move|p1a: Floette|Moonblast|p2a: Blur\n|-damage|p2a: Blur|0 fnt\n|faint|p2a: Blur\n|\n|win|Magiquaza\n|n|\u2606Magiquaza|magiquaza\n|n|\u2606Cloakedbymist|cloakedbymist\n|n|*Lady Monita \u2746|ladymonita\n|n| HEAVY-DUTY B0OTY|heavydutyb0oty\n","uploadtime":1700934562,"views":2,"p1id":"magiquaza","p2id":"cloakedbymist","formatid":"gen9ou","rating":0,"private":0,"password":""}