{"id":"gen9ou-1997917631","p1":"Wandis","p2":"Poison Ivy Thorns","format":"[Gen 9] OU","log":"|j|\u2606Wandis\n|j|\u2606Poison Ivy Thorns\n|t:|1700867260\n|gametype|singles\n|player|p1|Wandis|argenta|1569\n|player|p2|Poison Ivy Thorns|magmagruntf|1488\n|teamsize|p1|6\n|teamsize|p2|6\n|gen|9\n|tier|[Gen 9] OU\n|rated|\n|rule|Sleep Clause Mod: Limit one foe put to sleep\n|rule|Species Clause: Limit one of each Pok\u00e9mon\n|rule|OHKO Clause: OHKO moves are banned\n|rule|Evasion Items Clause: Evasion items are banned\n|rule|Evasion Moves Clause: Evasion moves are banned\n|rule|Endless Battle Clause: Forcing endless battles is banned\n|rule|HP Percentage Mod: HP is shown in percentages\n|clearpoke\n|poke|p1|Goodra, F|\n|poke|p1|Toxapex, F|\n|poke|p1|Mimikyu, M|\n|poke|p1|Garganacl, F|\n|poke|p1|Hatterene, F|\n|poke|p1|Landorus-Therian, M|\n|poke|p2|Mew|\n|poke|p2|Enamorus, F|\n|poke|p2|Heatran, M|\n|poke|p2|Mandibuzz, F|\n|poke|p2|Dragapult, M|\n|poke|p2|Great Tusk|\n|teampreview\n|inactive|Battle timer is ON: inactive players will automatically lose when time's up. (requested by Poison Ivy Thorns)\n|inactive|Wandis has 120 seconds left.\n|\n|t:|1700867299\n|start\n|switch|p1a: Piedritas|Garganacl, F, shiny|100\/100\n|switch|p2a: Mew|Mew|100\/100\n|turn|1\n|\n|t:|1700867306\n|move|p2a: Mew|Psychic|p1a: Piedritas\n|-damage|p1a: Piedritas|58\/100\n|move|p1a: Piedritas|Salt Cure|p2a: Mew\n|-damage|p2a: Mew|87\/100\n|-start|p2a: Mew|Salt Cure\n|\n|-heal|p1a: Piedritas|64\/100|[from] item: Leftovers\n|-damage|p2a: Mew|75\/100|[from] Salt Cure\n|upkeep\n|turn|2\n|\n|t:|1700867315\n|switch|p2a: Great Tusk|Great Tusk|100\/100\n|move|p1a: Piedritas|Recover|p1a: Piedritas\n|-heal|p1a: Piedritas|100\/100\n|\n|upkeep\n|turn|3\n|\n|t:|1700867325\n|switch|p1a: TePetoElCulo|Landorus-Therian, M, shiny|100\/100\n|-ability|p1a: TePetoElCulo|Intimidate|boost\n|-unboost|p2a: Great Tusk|atk|1\n|move|p2a: Great Tusk|Earthquake|p1a: TePetoElCulo\n|-immune|p1a: TePetoElCulo\n|\n|upkeep\n|turn|4\n|\n|t:|1700867331\n|move|p2a: Great Tusk|Rapid Spin|p1a: TePetoElCulo\n|-damage|p1a: TePetoElCulo|92\/100\n|-boost|p2a: Great Tusk|spe|1\n|-damage|p2a: Great Tusk|84\/100|[from] item: Rocky Helmet|[of] p1a: TePetoElCulo\n|move|p1a: TePetoElCulo|Bulk Up|p1a: TePetoElCulo\n|-boost|p1a: TePetoElCulo|atk|1\n|-boost|p1a: TePetoElCulo|def|1\n|\n|-heal|p2a: Great Tusk|90\/100|[from] item: Leftovers\n|upkeep\n|turn|5\n|\n|t:|1700867343\n|-end|p2a: Great Tusk|Protosynthesis|[silent]\n|switch|p2a: Mew|Mew|75\/100\n|move|p1a: TePetoElCulo|Smack Down|p2a: Mew\n|-damage|p2a: Mew|52\/100\n|\n|upkeep\n|turn|6\n|\n|t:|1700867349\n|move|p2a: Mew|Ice Beam|p1a: TePetoElCulo\n|-supereffective|p1a: TePetoElCulo\n|-damage|p1a: TePetoElCulo|0 fnt\n|faint|p1a: TePetoElCulo\n|\n|upkeep\n|\n|t:|1700867356\n|switch|p1a: PikachuDe1\u20ac|Mimikyu, M, shiny|100\/100\n|turn|7\n|\n|t:|1700867359\n|move|p2a: Mew|Ice Beam|p1a: PikachuDe1\u20ac\n|-activate|p1a: PikachuDe1\u20ac|ability: Disguise\n|-damage|p1a: PikachuDe1\u20ac|100\/100\n|detailschange|p1a: PikachuDe1\u20ac|Mimikyu-Busted, M, shiny\n|-damage|p1a: PikachuDe1\u20ac|88\/100|[from] pokemon: Mimikyu-Busted\n|move|p1a: PikachuDe1\u20ac|Swords Dance|p1a: PikachuDe1\u20ac\n|-boost|p1a: PikachuDe1\u20ac|atk|2\n|\n|upkeep\n|turn|8\n|\n|t:|1700867370\n|switch|p2a: Great Tusk|Great Tusk|90\/100\n|move|p1a: PikachuDe1\u20ac|Shadow Sneak|p2a: Great Tusk\n|-damage|p2a: Great Tusk|58\/100\n|-damage|p1a: PikachuDe1\u20ac|78\/100|[from] item: Life Orb\n|\n|-heal|p2a: Great Tusk|64\/100|[from] item: Leftovers\n|upkeep\n|turn|9\n|\n|t:|1700867377\n|-end|p2a: Great Tusk|Protosynthesis|[silent]\n|switch|p2a: Heatran|Heatran, M|100\/100\n|move|p1a: PikachuDe1\u20ac|Play Rough|p2a: Heatran|[miss]\n|-miss|p1a: PikachuDe1\u20ac|p2a: Heatran\n|\n|upkeep\n|turn|10\n|\n|t:|1700867383\n|-terastallize|p1a: PikachuDe1\u20ac|Fighting\n|move|p1a: PikachuDe1\u20ac|Drain Punch|p2a: Heatran\n|-supereffective|p2a: Heatran\n|-damage|p2a: Heatran|0 fnt\n|-heal|p1a: PikachuDe1\u20ac|100\/100|[from] drain|[of] p2a: Heatran\n|faint|p2a: Heatran\n|-damage|p1a: PikachuDe1\u20ac|91\/100|[from] item: Life Orb\n|\n|upkeep\n|\n|t:|1700867392\n|switch|p2a: Enamorus|Enamorus, F|100\/100\n|turn|11\n|\n|t:|1700867403\n|switch|p1a: Apestosa|Toxapex, F, shiny|100\/100\n|move|p2a: Enamorus|Moonblast|p1a: Apestosa\n|-resisted|p1a: Apestosa\n|-damage|p1a: Apestosa|82\/100\n|\n|upkeep\n|turn|12\n|\n|t:|1700867410\n|switch|p2a: Mew|Mew|52\/100\n|move|p1a: Apestosa|Toxic|p2a: Mew\n|-status|p2a: Mew|tox\n|-activate|p2a: Mew|ability: Synchronize\n|-immune|p1a: Apestosa\n|\n|-damage|p2a: Mew|45\/100 tox|[from] psn\n|upkeep\n|turn|13\n|\n|t:|1700867422\n|move|p1a: Apestosa|Baneful Bunker|p1a: Apestosa\n|-singleturn|p1a: Apestosa|move: Protect\n|move|p2a: Mew|Psychic|p1a: Apestosa\n|-activate|p1a: Apestosa|move: Protect\n|\n|-damage|p2a: Mew|33\/100 tox|[from] psn\n|upkeep\n|turn|14\n|\n|t:|1700867433\n|switch|p2a: Enamorus|Enamorus, F|100\/100\n|switch|p1a: Babosa|Goodra, F, shiny|100\/100\n|\n|upkeep\n|turn|15\n|\n|t:|1700867439\n|move|p2a: Enamorus|Moonblast|p1a: Babosa\n|-supereffective|p1a: Babosa\n|-damage|p1a: Babosa|57\/100\n|move|p1a: Babosa|Acid Spray|p2a: Enamorus\n|-supereffective|p2a: Enamorus\n|-damage|p2a: Enamorus|60\/100\n|-boost|p2a: Enamorus|spd|2\n|\n|upkeep\n|turn|16\n|\n|t:|1700867446\n|move|p2a: Enamorus|Moonblast|p1a: Babosa\n|-supereffective|p1a: Babosa\n|-crit|p1a: Babosa\n|-damage|p1a: Babosa|0 fnt\n|faint|p1a: Babosa\n|\n|upkeep\n|\n|t:|1700867452\n|switch|p1a: Piedritas|Garganacl, F, shiny|100\/100\n|turn|17\n|\n|t:|1700867460\n|switch|p2a: Mew|Mew|33\/100 tox\n|move|p1a: Piedritas|Salt Cure|p2a: Mew\n|-damage|p2a: Mew|19\/100 tox\n|-start|p2a: Mew|Salt Cure\n|\n|-damage|p2a: Mew|13\/100 tox|[from] psn\n|-damage|p2a: Mew|0 fnt|[from] Salt Cure\n|faint|p2a: Mew\n|upkeep\n|\n|t:|1700867465\n|switch|p2a: Great Tusk|Great Tusk|64\/100\n|turn|18\n|\n|t:|1700867473\n|switch|p1a: Influencer|Hatterene, F, shiny|100\/100\n|move|p2a: Great Tusk|Earthquake|p1a: Influencer\n|-damage|p1a: Influencer|60\/100\n|\n|-heal|p2a: Great Tusk|70\/100|[from] item: Leftovers\n|-heal|p1a: Influencer|66\/100|[from] item: Leftovers\n|upkeep\n|turn|19\n|\n|t:|1700867491\n|-end|p2a: Great Tusk|Protosynthesis|[silent]\n|switch|p2a: Mandibuzz|Mandibuzz, F|100\/100\n|move|p1a: Influencer|Draining Kiss|p2a: Mandibuzz\n|-supereffective|p2a: Mandibuzz\n|-damage|p2a: Mandibuzz|62\/100\n|-heal|p1a: Influencer|100\/100|[from] drain|[of] p2a: Mandibuzz\n|\n|upkeep\n|turn|20\n|\n|t:|1700867498\n|move|p2a: Mandibuzz|Foul Play|p1a: Influencer\n|-damage|p1a: Influencer|81\/100\n|move|p1a: Influencer|Calm Mind|p1a: Influencer\n|-boost|p1a: Influencer|spa|1\n|-boost|p1a: Influencer|spd|1\n|\n|-heal|p1a: Influencer|87\/100|[from] item: Leftovers\n|upkeep\n|turn|21\n|\n|t:|1700867505\n|switch|p2a: Dragapult|Dragapult, M|100\/100\n|move|p1a: Influencer|Draining Kiss|p2a: Dragapult\n|-supereffective|p2a: Dragapult\n|-damage|p2a: Dragapult|9\/100\n|-heal|p1a: Influencer|100\/100|[from] drain|[of] p2a: Dragapult\n|\n|upkeep\n|turn|22\n|\n|t:|1700867513\n|move|p2a: Dragapult|Phantom Force||[still]\n|-prepare|p2a: Dragapult|Phantom Force\n|-enditem|p2a: Dragapult|Power Herb\n|-anim|p2a: Dragapult|Phantom Force|p1a: Influencer\n|-supereffective|p1a: Influencer\n|-damage|p1a: Influencer|21\/100\n|move|p1a: Influencer|Draining Kiss|p2a: Dragapult\n|-supereffective|p2a: Dragapult\n|-damage|p2a: Dragapult|0 fnt\n|-heal|p1a: Influencer|28\/100|[from] drain|[of] p2a: Dragapult\n|faint|p2a: Dragapult\n|\n|-heal|p1a: Influencer|34\/100|[from] item: Leftovers\n|upkeep\n|\n|t:|1700867519\n|switch|p2a: Great Tusk|Great Tusk|70\/100\n|turn|23\n|\n|t:|1700867527\n|move|p2a: Great Tusk|Earthquake|p1a: Influencer\n|-damage|p1a: Influencer|0 fnt\n|faint|p1a: Influencer\n|\n|-heal|p2a: Great Tusk|76\/100|[from] item: Leftovers\n|upkeep\n|\n|t:|1700867537\n|switch|p1a: PikachuDe1\u20ac|Mimikyu-Busted, M, shiny, tera:Fighting|91\/100\n|turn|24\n|\n|t:|1700867547\n|-terastallize|p2a: Great Tusk|Steel\n|move|p1a: PikachuDe1\u20ac|Play Rough|p2a: Great Tusk\n|-resisted|p2a: Great Tusk\n|-damage|p2a: Great Tusk|60\/100\n|-damage|p1a: PikachuDe1\u20ac|81\/100|[from] item: Life Orb\n|move|p2a: Great Tusk|Earthquake|p1a: PikachuDe1\u20ac\n|-damage|p1a: PikachuDe1\u20ac|0 fnt\n|faint|p1a: PikachuDe1\u20ac\n|\n|-heal|p2a: Great Tusk|66\/100|[from] item: Leftovers\n|upkeep\n|\n|t:|1700867560\n|switch|p1a: Piedritas|Garganacl, F, shiny|100\/100\n|turn|25\n|\n|t:|1700867565\n|move|p2a: Great Tusk|Earthquake|p1a: Piedritas\n|-supereffective|p1a: Piedritas\n|-damage|p1a: Piedritas|25\/100\n|move|p1a: Piedritas|Salt Cure|p2a: Great Tusk\n|-resisted|p2a: Great Tusk\n|-damage|p2a: Great Tusk|60\/100\n|-start|p2a: Great Tusk|Salt Cure\n|\n|-heal|p2a: Great Tusk|67\/100|[from] item: Leftovers\n|-heal|p1a: Piedritas|31\/100|[from] item: Leftovers\n|-damage|p2a: Great Tusk|42\/100|[from] Salt Cure\n|upkeep\n|turn|26\n|\n|t:|1700867576\n|move|p2a: Great Tusk|Earthquake|p1a: Piedritas\n|-supereffective|p1a: Piedritas\n|-damage|p1a: Piedritas|0 fnt\n|faint|p1a: Piedritas\n|\n|-heal|p2a: Great Tusk|48\/100|[from] item: Leftovers\n|-damage|p2a: Great Tusk|23\/100|[from] Salt Cure\n|upkeep\n|\n|t:|1700867586\n|switch|p1a: Apestosa|Toxapex, F, shiny|100\/100\n|turn|27\n|\n|t:|1700867594\n|-end|p2a: Great Tusk|Protosynthesis|[silent]\n|switch|p2a: Mandibuzz|Mandibuzz, F|62\/100\n|move|p1a: Apestosa|Toxic|p2a: Mandibuzz\n|-status|p2a: Mandibuzz|tox\n|\n|-damage|p2a: Mandibuzz|56\/100 tox|[from] psn\n|upkeep\n|turn|28\n|\n|t:|1700867602\n|move|p2a: Mandibuzz|Foul Play|p1a: Apestosa\n|-damage|p1a: Apestosa|90\/100\n|-damage|p2a: Mandibuzz|40\/100 tox|[from] item: Rocky Helmet|[of] p1a: Apestosa\n|move|p1a: Apestosa|Chilling Water|p2a: Mandibuzz\n|-damage|p2a: Mandibuzz|31\/100 tox\n|-unboost|p2a: Mandibuzz|atk|1\n|\n|-damage|p2a: Mandibuzz|18\/100 tox|[from] psn\n|upkeep\n|turn|29\n|\n|t:|1700867612\n|move|p2a: Mandibuzz|Foul Play|p1a: Apestosa\n|-damage|p1a: Apestosa|79\/100\n|-damage|p2a: Mandibuzz|2\/100 tox|[from] item: Rocky Helmet|[of] p1a: Apestosa\n|move|p1a: Apestosa|Recover|p1a: Apestosa\n|-heal|p1a: Apestosa|100\/100\n|\n|-damage|p2a: Mandibuzz|0 fnt|[from] psn\n|faint|p2a: Mandibuzz\n|upkeep\n|\n|t:|1700867616\n|switch|p2a: Great Tusk|Great Tusk, tera:Steel|23\/100\n|turn|30\n|\n|t:|1700867622\n|move|p2a: Great Tusk|Earthquake|p1a: Apestosa\n|-supereffective|p1a: Apestosa\n|-crit|p1a: Apestosa\n|-damage|p1a: Apestosa|0 fnt\n|faint|p1a: Apestosa\n|\n|win|Poison Ivy Thorns\n|raw|Wandis's rating: 1569 &rarr; <strong>1544<\/strong><br \/>(-25 for losing)\n|raw|Poison Ivy Thorns's rating: 1488 &rarr; <strong>1513<\/strong><br \/>(+25 for winning)\n|c|\u2606Poison Ivy Thorns|gg\n","uploadtime":1700867628,"views":3,"p1id":"wandis","p2id":"poisonivythorns","formatid":"gen9ou","rating":1513,"private":0,"password":""}