{"id":"gen9ou-1990584520","p1":"PLAYB0I R0BBIE B","p2":"boltaway","format":"[Gen 9] OU","log":"|j|\u2606PLAYB0I R0BBIE B\n|j|\u203dboltaway\n|t:|1699983442\n|gametype|singles\n|player|p1|PLAYB0I R0BBIE B|eusine|1395\n|player|p2|boltaway|nemona-s|1503\n|teamsize|p1|6\n|teamsize|p2|6\n|gen|9\n|tier|[Gen 9] OU\n|rated|\n|rule|Sleep Clause Mod: Limit one foe put to sleep\n|rule|Species Clause: Limit one of each Pok\u00e9mon\n|rule|OHKO Clause: OHKO moves are banned\n|rule|Evasion Items Clause: Evasion items are banned\n|rule|Evasion Moves Clause: Evasion moves are banned\n|rule|Endless Battle Clause: Forcing endless battles is banned\n|rule|HP Percentage Mod: HP is shown in percentages\n|clearpoke\n|poke|p1|Meowscarada, F|\n|poke|p1|Thundurus-Therian, M|\n|poke|p1|Dragapult, F|\n|poke|p1|Heatran, F|\n|poke|p1|Great Tusk|\n|poke|p1|Fezandipiti, M|\n|poke|p2|Manaphy|\n|poke|p2|Heatran, F|\n|poke|p2|Ogerpon, F|\n|poke|p2|Weavile, M|\n|poke|p2|Gholdengo|\n|poke|p2|Landorus-Therian, M|\n|teampreview\n|inactive|Battle timer is ON: inactive players will automatically lose when time's up. (requested by boltaway)\n|j| Mr. Globlin\n|\n|t:|1699983457\n|start\n|switch|p1a: NO BYSTANDERS|Dragapult, F|100\/100\n|switch|p2a: Landorus|Landorus-Therian, M|100\/100\n|-ability|p2a: Landorus|Intimidate|boost\n|-unboost|p1a: NO BYSTANDERS|atk|1\n|turn|1\n|\n|t:|1699983464\n|switch|p2a: Heatran|Heatran, F|100\/100\n|move|p1a: NO BYSTANDERS|U-turn|p2a: Heatran\n|-resisted|p2a: Heatran\n|-damage|p2a: Heatran|98\/100\n|\n|t:|1699983469\n|switch|p1a: 5% TINT|Heatran, F|100\/100|[from] U-turn\n|-item|p1a: 5% TINT|Air Balloon\n|\n|-heal|p2a: Heatran|100\/100|[from] item: Leftovers\n|upkeep\n|turn|2\n|\n|t:|1699983475\n|switch|p2a: Manaphy|Manaphy|100\/100\n|move|p1a: 5% TINT|Earth Power|p2a: Manaphy\n|-damage|p2a: Manaphy|86\/100\n|\n|upkeep\n|turn|3\n|\n|t:|1699983479\n|switch|p1a: WHO? WHAT!|Fezandipiti, M|100\/100\n|move|p2a: Manaphy|U-turn|p1a: WHO? WHAT!\n|-resisted|p1a: WHO? WHAT!\n|-damage|p1a: WHO? WHAT!|98\/100\n|\n|t:|1699983486\n|switch|p2a: Heatran|Heatran, F|100\/100|[from] U-turn\n|\n|upkeep\n|turn|4\n|\n|t:|1699983490\n|move|p1a: WHO? WHAT!|Taunt|p2a: Heatran\n|-start|p2a: Heatran|move: Taunt\n|cant|p2a: Heatran|move: Taunt|Taunt\n|\n|upkeep\n|turn|5\n|\n|t:|1699983497\n|switch|p1a: 5% TINT|Heatran, F|100\/100\n|-item|p1a: 5% TINT|Air Balloon\n|move|p2a: Heatran|Earth Power|p1a: 5% TINT\n|-immune|p1a: 5% TINT\n|\n|upkeep\n|turn|6\n|\n|t:|1699983507\n|switch|p2a: Manaphy|Manaphy|86\/100\n|move|p1a: 5% TINT|Stealth Rock|p2a: Manaphy\n|-sidestart|p2: boltaway|move: Stealth Rock\n|\n|upkeep\n|turn|7\n|\n|t:|1699983513\n|switch|p1a: WHO? WHAT!|Fezandipiti, M|98\/100\n|move|p2a: Manaphy|Knock Off|p1a: WHO? WHAT!\n|-resisted|p1a: WHO? WHAT!\n|-damage|p1a: WHO? WHAT!|89\/100\n|-enditem|p1a: WHO? WHAT!|Covert Cloak|[from] move: Knock Off|[of] p2a: Manaphy\n|\n|upkeep\n|turn|8\n|\n|t:|1699983521\n|switch|p2a: Heatran|Heatran, F|100\/100\n|-damage|p2a: Heatran|88\/100|[from] Stealth Rock\n|move|p1a: WHO? WHAT!|Taunt|p2a: Heatran\n|-start|p2a: Heatran|move: Taunt\n|\n|-heal|p2a: Heatran|94\/100|[from] item: Leftovers\n|upkeep\n|turn|9\n|\n|t:|1699983529\n|switch|p1a: 5% TINT|Heatran, F|100\/100\n|-item|p1a: 5% TINT|Air Balloon\n|move|p2a: Heatran|Magma Storm|p1a: 5% TINT\n|-start|p1a: 5% TINT|ability: Flash Fire\n|\n|-heal|p2a: Heatran|100\/100|[from] item: Leftovers\n|upkeep\n|turn|10\n|\n|t:|1699983536\n|switch|p2a: Manaphy|Manaphy|86\/100\n|-damage|p2a: Manaphy|74\/100|[from] Stealth Rock\n|move|p1a: 5% TINT|Magma Storm|p2a: Manaphy|[miss]\n|-miss|p1a: 5% TINT|p2a: Manaphy\n|\n|upkeep\n|turn|11\n|\n|t:|1699983545\n|-end|p1a: 5% TINT|ability: Flash Fire|[silent]\n|switch|p1a: WHO? WHAT!|Fezandipiti, M|89\/100\n|move|p2a: Manaphy|U-turn|p1a: WHO? WHAT!\n|-resisted|p1a: WHO? WHAT!\n|-damage|p1a: WHO? WHAT!|87\/100\n|\n|t:|1699983553\n|switch|p2a: Landorus|Landorus-Therian, M|100\/100|[from] U-turn\n|-damage|p2a: Landorus|88\/100|[from] Stealth Rock\n|-ability|p2a: Landorus|Intimidate|boost\n|-unboost|p1a: WHO? WHAT!|atk|1\n|\n|-heal|p2a: Landorus|94\/100|[from] item: Leftovers\n|upkeep\n|turn|12\n|\n|t:|1699983559\n|switch|p1a: YOSEMITE|Great Tusk|100\/100\n|move|p2a: Landorus|Stealth Rock|p1a: YOSEMITE\n|-sidestart|p1: PLAYB0I R0BBIE B|move: Stealth Rock\n|\n|-heal|p2a: Landorus|99\/100|[from] item: Leftovers\n|upkeep\n|turn|13\n|\n|t:|1699983566\n|switch|p2a: Manaphy|Manaphy|74\/100\n|-damage|p2a: Manaphy|61\/100|[from] Stealth Rock\n|move|p1a: YOSEMITE|Ice Spinner|p2a: Manaphy\n|-resisted|p2a: Manaphy\n|-crit|p2a: Manaphy\n|-damage|p2a: Manaphy|43\/100\n|\n|upkeep\n|turn|14\n|\n|t:|1699983570\n|-end|p1a: YOSEMITE|Protosynthesis|[silent]\n|switch|p1a: WHO? WHAT!|Fezandipiti, M|87\/100\n|-damage|p1a: WHO? WHAT!|74\/100|[from] Stealth Rock\n|move|p2a: Manaphy|Scald|p1a: WHO? WHAT!\n|-damage|p1a: WHO? WHAT!|52\/100\n|-status|p1a: WHO? WHAT!|brn\n|\n|-damage|p1a: WHO? WHAT!|46\/100 brn|[from] brn\n|upkeep\n|turn|15\n|\n|t:|1699983576\n|switch|p2a: Heatran|Heatran, F|100\/100\n|-damage|p2a: Heatran|88\/100|[from] Stealth Rock\n|move|p1a: WHO? WHAT!|Taunt|p2a: Heatran\n|-start|p2a: Heatran|move: Taunt\n|\n|-heal|p2a: Heatran|94\/100|[from] item: Leftovers\n|-damage|p1a: WHO? WHAT!|40\/100 brn|[from] brn\n|upkeep\n|turn|16\n|\n|t:|1699983580\n|switch|p1a: 5% TINT|Heatran, F|100\/100\n|-damage|p1a: 5% TINT|88\/100|[from] Stealth Rock\n|-item|p1a: 5% TINT|Air Balloon\n|switch|p2a: Manaphy|Manaphy|43\/100\n|-damage|p2a: Manaphy|30\/100|[from] Stealth Rock\n|\n|upkeep\n|turn|17\n|\n|t:|1699983591\n|switch|p1a: WHO? WHAT!|Fezandipiti, M|40\/100 brn\n|-damage|p1a: WHO? WHAT!|28\/100 brn|[from] Stealth Rock\n|move|p2a: Manaphy|U-turn|p1a: WHO? WHAT!\n|-resisted|p1a: WHO? WHAT!\n|-damage|p1a: WHO? WHAT!|25\/100 brn\n|\n|t:|1699983595\n|switch|p2a: Landorus|Landorus-Therian, M|99\/100|[from] U-turn\n|-damage|p2a: Landorus|88\/100|[from] Stealth Rock\n|-ability|p2a: Landorus|Intimidate|boost\n|-unboost|p1a: WHO? WHAT!|atk|1\n|\n|-heal|p2a: Landorus|94\/100|[from] item: Leftovers\n|-damage|p1a: WHO? WHAT!|19\/100 brn|[from] brn\n|upkeep\n|turn|18\n|\n|t:|1699983600\n|move|p1a: WHO? WHAT!|Moonblast|p2a: Landorus\n|-damage|p2a: Landorus|68\/100\n|move|p2a: Landorus|U-turn|p1a: WHO? WHAT!\n|-resisted|p1a: WHO? WHAT!\n|-damage|p1a: WHO? WHAT!|14\/100 brn\n|\n|t:|1699983609\n|switch|p2a: Weavile|Weavile, M|100\/100|[from] U-turn\n|-ability|p2a: Weavile|Pressure\n|\n|-damage|p1a: WHO? WHAT!|8\/100 brn|[from] brn\n|upkeep\n|turn|19\n|\n|t:|1699983615\n|move|p2a: Weavile|Ice Shard|p1a: WHO? WHAT!\n|-damage|p1a: WHO? WHAT!|0 fnt\n|faint|p1a: WHO? WHAT!\n|\n|upkeep\n|\n|t:|1699983641\n|switch|p1a: SICKO MODE|Meowscarada, F|100\/100\n|-damage|p1a: SICKO MODE|88\/100|[from] Stealth Rock\n|turn|20\n|\n|t:|1699983662\n|-terastallize|p2a: Weavile|Ice\n|move|p2a: Weavile|Swords Dance|p2a: Weavile\n|-boost|p2a: Weavile|atk|2\n|move|p1a: SICKO MODE|U-turn|p2a: Weavile\n|-start|p1a: SICKO MODE|typechange|Bug|[from] ability: Protean\n|-damage|p2a: Weavile|23\/100\n|\n|t:|1699983668\n|switch|p1a: 5% TINT|Heatran, F|88\/100|[from] U-turn\n|-damage|p1a: 5% TINT|76\/100|[from] Stealth Rock\n|-item|p1a: 5% TINT|Air Balloon\n|\n|upkeep\n|turn|21\n|\n|t:|1699983674\n|move|p2a: Weavile|Low Kick|p1a: 5% TINT\n|-supereffective|p1a: 5% TINT\n|-damage|p1a: 5% TINT|0 fnt\n|-enditem|p1a: 5% TINT|Air Balloon\n|faint|p1a: 5% TINT\n|\n|upkeep\n|\n|t:|1699983684\n|switch|p1a: NO BYSTANDERS|Dragapult, F|100\/100\n|turn|22\n|\n|t:|1699983692\n|-terastallize|p1a: NO BYSTANDERS|Fairy\n|move|p2a: Weavile|Ice Shard|p1a: NO BYSTANDERS\n|-damage|p1a: NO BYSTANDERS|21\/100\n|move|p1a: NO BYSTANDERS|Hex|p2a: Weavile\n|-damage|p2a: Weavile|0 fnt\n|faint|p2a: Weavile\n|\n|upkeep\n|\n|t:|1699983706\n|switch|p2a: Heatran|Heatran, F|94\/100\n|-damage|p2a: Heatran|82\/100|[from] Stealth Rock\n|turn|23\n|\n|t:|1699983714\n|switch|p1a: YOSEMITE|Great Tusk|100\/100\n|move|p2a: Heatran|Magma Storm|p1a: YOSEMITE\n|-damage|p1a: YOSEMITE|35\/100\n|-activate|p1a: YOSEMITE|move: Magma Storm|[of] p2a: Heatran\n|\n|-heal|p2a: Heatran|88\/100|[from] item: Leftovers\n|-damage|p1a: YOSEMITE|23\/100|[from] move: Magma Storm|[partiallytrapped]\n|upkeep\n|turn|24\n|\n|t:|1699983720\n|switch|p2a: Gholdengo|Gholdengo|100\/100\n|-damage|p2a: Gholdengo|94\/100|[from] Stealth Rock\n|-item|p2a: Gholdengo|Air Balloon\n|move|p1a: YOSEMITE|Headlong Rush|p2a: Gholdengo\n|-immune|p2a: Gholdengo\n|\n|-end|p1a: YOSEMITE|Magma Storm|[partiallytrapped]|[silent]\n|upkeep\n|turn|25\n|\n|t:|1699983733\n|move|p1a: YOSEMITE|Ice Spinner|p2a: Gholdengo\n|-resisted|p2a: Gholdengo\n|-damage|p2a: Gholdengo|79\/100\n|-enditem|p2a: Gholdengo|Air Balloon\n|move|p2a: Gholdengo|Hex|p1a: YOSEMITE\n|-damage|p1a: YOSEMITE|0 fnt\n|faint|p1a: YOSEMITE\n|-end|p1a: YOSEMITE|Protosynthesis|[silent]\n|\n|upkeep\n|\n|t:|1699983738\n|switch|p1a: ASTROTHUNDER|Thundurus-Therian, M|100\/100\n|-damage|p1a: ASTROTHUNDER|75\/100|[from] Stealth Rock\n|turn|26\n|\n|t:|1699983751\n|switch|p2a: Manaphy|Manaphy|30\/100\n|-damage|p2a: Manaphy|18\/100|[from] Stealth Rock\n|move|p1a: ASTROTHUNDER|Volt Switch|p2a: Manaphy\n|-supereffective|p2a: Manaphy\n|-damage|p2a: Manaphy|0 fnt\n|faint|p2a: Manaphy\n|\n|t:|1699983755\n|switch|p1a: SICKO MODE|Meowscarada, F|88\/100|[from] Volt Switch\n|-damage|p1a: SICKO MODE|76\/100|[from] Stealth Rock\n|\n|upkeep\n|\n|t:|1699983765\n|switch|p2a: Landorus|Landorus-Therian, M|68\/100\n|-damage|p2a: Landorus|56\/100|[from] Stealth Rock\n|-ability|p2a: Landorus|Intimidate|boost\n|-unboost|p1a: SICKO MODE|atk|1\n|turn|27\n|\n|t:|1699983770\n|move|p1a: SICKO MODE|Flower Trick|p2a: Landorus\n|-start|p1a: SICKO MODE|typechange|Grass|[from] ability: Protean\n|-crit|p2a: Landorus\n|-damage|p2a: Landorus|0 fnt\n|faint|p2a: Landorus\n|\n|upkeep\n|\n|t:|1699983783\n|switch|p2a: Ogerpon|Ogerpon, F|100\/100\n|turn|28\n|\n|t:|1699983789\n|switch|p1a: ASTROTHUNDER|Thundurus-Therian, M|75\/100\n|-damage|p1a: ASTROTHUNDER|50\/100|[from] Stealth Rock\n|move|p2a: Ogerpon|Swords Dance|p2a: Ogerpon\n|-boost|p2a: Ogerpon|atk|2\n|\n|upkeep\n|turn|29\n|\n|t:|1699983795\n|move|p2a: Ogerpon|Ivy Cudgel|p1a: ASTROTHUNDER\n|-resisted|p1a: ASTROTHUNDER\n|-damage|p1a: ASTROTHUNDER|0 fnt\n|faint|p1a: ASTROTHUNDER\n|\n|upkeep\n|\n|t:|1699983800\n|switch|p1a: SICKO MODE|Meowscarada, F|76\/100\n|-damage|p1a: SICKO MODE|64\/100|[from] Stealth Rock\n|turn|30\n|\n|t:|1699983806\n|move|p1a: SICKO MODE|U-turn|p2a: Ogerpon\n|-start|p1a: SICKO MODE|typechange|Bug|[from] ability: Protean\n|-supereffective|p2a: Ogerpon\n|-damage|p2a: Ogerpon|0 fnt\n|faint|p2a: Ogerpon\n|\n|t:|1699983809\n|switch|p1a: NO BYSTANDERS|Dragapult, F, tera:Fairy|21\/100|[from] U-turn\n|\n|upkeep\n|\n|t:|1699983817\n|switch|p2a: Heatran|Heatran, F|88\/100\n|-damage|p2a: Heatran|76\/100|[from] Stealth Rock\n|turn|31\n|\n|t:|1699983821\n|move|p1a: NO BYSTANDERS|Thunder Wave|p2a: Heatran|[miss]\n|-miss|p1a: NO BYSTANDERS|p2a: Heatran\n|move|p2a: Heatran|Earth Power|p1a: NO BYSTANDERS\n|-damage|p1a: NO BYSTANDERS|0 fnt\n|faint|p1a: NO BYSTANDERS\n|\n|-heal|p2a: Heatran|82\/100|[from] item: Leftovers\n|upkeep\n|\n|t:|1699983824\n|switch|p1a: SICKO MODE|Meowscarada, F|64\/100\n|-damage|p1a: SICKO MODE|51\/100|[from] Stealth Rock\n|turn|32\n|\n|t:|1699983837\n|move|p1a: SICKO MODE|Knock Off|p2a: Heatran\n|-start|p1a: SICKO MODE|typechange|Dark|[from] ability: Protean\n|-damage|p2a: Heatran|22\/100\n|-enditem|p2a: Heatran|Leftovers|[from] move: Knock Off|[of] p1a: SICKO MODE\n|move|p2a: Heatran|Magma Storm|p1a: SICKO MODE\n|-damage|p1a: SICKO MODE|0 fnt\n|faint|p1a: SICKO MODE\n|\n|win|boltaway\n|raw|PLAYB0I R0BBIE B's rating: 1395 &rarr; <strong>1381<\/strong><br \/>(-14 for losing)\n|raw|boltaway's rating: 1503 &rarr; <strong>1517<\/strong><br \/>(+14 for winning)\n|l|\u2606PLAYB0I R0BBIE B\n|l| Mr. Globlin\n","uploadtime":1699983852,"views":5,"p1id":"playb0ir0bbieb","p2id":"boltaway","formatid":"gen9ou","rating":1381,"private":0,"password":""}