{"id":"gen9ou-1993611639","p1":"schmoepesci","p2":"RadReaper","format":"[Gen 9] OU","log":"|j|\u2606schmoepesci\n|j|\u2606RadReaper\n|t:|1700337364\n|gametype|singles\n|player|p1|schmoepesci|cynthia-gen4|1081\n|player|p2|RadReaper|bugcatcher-gen4dp|1050\n|teamsize|p1|6\n|teamsize|p2|6\n|gen|9\n|tier|[Gen 9] OU\n|rated|\n|rule|Sleep Clause Mod: Limit one foe put to sleep\n|rule|Species Clause: Limit one of each Pok\u00e9mon\n|rule|OHKO Clause: OHKO moves are banned\n|rule|Evasion Items Clause: Evasion items are banned\n|rule|Evasion Moves Clause: Evasion moves are banned\n|rule|Endless Battle Clause: Forcing endless battles is banned\n|rule|HP Percentage Mod: HP is shown in percentages\n|clearpoke\n|poke|p1|Dragonite, F|\n|poke|p1|Fezandipiti, M|\n|poke|p1|Tauros-Paldea-Aqua, M|\n|poke|p1|Hoopa-Unbound|\n|poke|p1|Dudunsparce-*, F|\n|poke|p1|Decidueye, F|\n|poke|p2|Articuno-Galar|\n|poke|p2|Landorus-Therian, M|\n|poke|p2|Mamoswine, M|\n|poke|p2|Hoopa-Unbound|\n|poke|p2|Weezing, F|\n|poke|p2|Typhlosion-Hisui, F|\n|teampreview\n|\n|t:|1700337372\n|start\n|switch|p1a: TAMAGO|Fezandipiti, M|100\/100\n|switch|p2a: Landorus|Landorus-Therian, M|100\/100\n|-ability|p2a: Landorus|Intimidate|boost\n|-unboost|p1a: TAMAGO|atk|1\n|turn|1\n|\n|t:|1700337382\n|move|p1a: TAMAGO|U-turn|p2a: Landorus\n|-resisted|p2a: Landorus\n|-damage|p2a: Landorus|96\/100\n|-damage|p1a: TAMAGO|84\/100|[from] item: Rocky Helmet|[of] p2a: Landorus\n|\n|t:|1700337391\n|switch|p1a: WASABI|Tauros-Paldea-Aqua, M|100\/100|[from] U-turn\n|-ability|p1a: WASABI|Intimidate|boost\n|-unboost|p2a: Landorus|atk|1\n|move|p2a: Landorus|Stealth Rock|p1a: WASABI\n|-sidestart|p1: schmoepesci|move: Stealth Rock\n|\n|upkeep\n|turn|2\n|\n|t:|1700337406\n|move|p1a: WASABI|Protect|p1a: WASABI\n|-singleturn|p1a: WASABI|Protect\n|move|p2a: Landorus|U-turn|p1a: WASABI\n|-activate|p1a: WASABI|move: Protect\n|\n|upkeep\n|turn|3\n|\n|t:|1700337414\n|move|p1a: WASABI|Trailblaze|p2a: Landorus\n|-damage|p2a: Landorus|86\/100\n|-boost|p1a: WASABI|spe|1\n|-damage|p1a: WASABI|84\/100|[from] item: Rocky Helmet|[of] p2a: Landorus\n|move|p2a: Landorus|U-turn|p1a: WASABI\n|-resisted|p1a: WASABI\n|-damage|p1a: WASABI|79\/100\n|-damage|p2a: Landorus|70\/100|[from] item: Rocky Helmet|[of] p1a: WASABI\n|\n|t:|1700337424\n|switch|p2a: Hoopa|Hoopa-Unbound|100\/100|[from] U-turn\n|\n|upkeep\n|turn|4\n|\n|t:|1700337433\n|move|p1a: WASABI|Protect|p1a: WASABI\n|-singleturn|p1a: WASABI|Protect\n|move|p2a: Hoopa|Zen Headbutt|p1a: WASABI\n|-activate|p1a: WASABI|move: Protect\n|\n|upkeep\n|turn|5\n|\n|t:|1700337442\n|switch|p1a: HONEY LEMON|Hoopa-Unbound|100\/100\n|-damage|p1a: HONEY LEMON|88\/100|[from] Stealth Rock\n|move|p2a: Hoopa|Zen Headbutt|p1a: HONEY LEMON\n|-immune|p1a: HONEY LEMON\n|\n|upkeep\n|turn|6\n|\n|t:|1700337461\n|-terastallize|p2a: Hoopa|Dark\n|move|p1a: HONEY LEMON|Hyperspace Fury|p2a: Hoopa\n|-resisted|p2a: Hoopa\n|-damage|p2a: Hoopa|49\/100\n|-unboost|p1a: HONEY LEMON|def|1\n|move|p2a: Hoopa|Hyperspace Fury|p1a: HONEY LEMON\n|-damage|p1a: HONEY LEMON|0 fnt\n|-unboost|p2a: Hoopa|def|1\n|faint|p1a: HONEY LEMON\n|\n|upkeep\n|\n|t:|1700337493\n|switch|p1a: BAYMAX|Dragonite, F|100\/100\n|turn|7\n|inactive|Battle timer is ON: inactive players will automatically lose when time's up. (requested by RadReaper)\n|\n|t:|1700337520\n|move|p2a: Hoopa|Hyperspace Fury|p1a: BAYMAX\n|-damage|p1a: BAYMAX|57\/100\n|-unboost|p2a: Hoopa|def|1\n|move|p1a: BAYMAX|Earthquake|p2a: Hoopa\n|-damage|p2a: Hoopa|0 fnt\n|faint|p2a: Hoopa\n|\n|upkeep\n|c|\u2606RadReaper|why u name ur pokemo like this\n|\n|t:|1700337526\n|switch|p2a: Mamoswine|Mamoswine, M|100\/100\n|turn|8\n|\n|t:|1700337532\n|switch|p1a: WASABI|Tauros-Paldea-Aqua, M|79\/100\n|-damage|p1a: WASABI|73\/100|[from] Stealth Rock\n|-ability|p1a: WASABI|Intimidate|boost\n|-unboost|p2a: Mamoswine|atk|1\n|move|p2a: Mamoswine|Ice Shard|p1a: WASABI\n|-resisted|p1a: WASABI\n|-damage|p1a: WASABI|68\/100\n|\n|upkeep\n|turn|9\n|c|\u2606RadReaper|strange\n|\n|t:|1700337555\n|switch|p2a: Weezing|Weezing, F, shiny|100\/100\n|-ability|p2a: Weezing|Neutralizing Gas\n|move|p1a: WASABI|Trailblaze|p2a: Weezing\n|-resisted|p2a: Weezing\n|-damage|p2a: Weezing|96\/100\n|-boost|p1a: WASABI|spe|1\n|\n|-heal|p2a: Weezing|100\/100|[from] item: Black Sludge\n|upkeep\n|turn|10\n|inactive|schmoepesci has 120 seconds left.\n|\n|t:|1700337576\n|move|p1a: WASABI|Wave Crash|p2a: Weezing\n|-damage|p2a: Weezing|72\/100\n|-damage|p1a: WASABI|59\/100|[from] Recoil\n|move|p2a: Weezing|Toxic|p1a: WASABI\n|-status|p1a: WASABI|tox\n|\n|-heal|p2a: Weezing|78\/100|[from] item: Black Sludge\n|-damage|p1a: WASABI|53\/100 tox|[from] psn\n|upkeep\n|turn|11\n|c|\u2606RadReaper|you're going to die to weezing now\n|\n|t:|1700337585\n|move|p1a: WASABI|Wave Crash|p2a: Weezing\n|-damage|p2a: Weezing|48\/100\n|-damage|p1a: WASABI|43\/100 tox|[from] Recoil\n|move|p2a: Weezing|Toxic Spikes|p1a: WASABI\n|-sidestart|p1: schmoepesci|move: Toxic Spikes\n|\n|-heal|p2a: Weezing|54\/100|[from] item: Black Sludge\n|-damage|p1a: WASABI|31\/100 tox|[from] psn\n|upkeep\n|turn|12\n|c|\u2606schmoepesci|lmao\n|\n|t:|1700337597\n|move|p2a: Weezing|Protect|p2a: Weezing\n|-singleturn|p2a: Weezing|Protect\n|move|p1a: WASABI|Wave Crash|p2a: Weezing\n|-activate|p2a: Weezing|move: Protect\n|\n|-heal|p2a: Weezing|60\/100|[from] item: Black Sludge\n|-damage|p1a: WASABI|12\/100 tox|[from] psn\n|upkeep\n|turn|13\n|\n|t:|1700337605\n|move|p1a: WASABI|Wave Crash|p2a: Weezing\n|-damage|p2a: Weezing|30\/100\n|-damage|p1a: WASABI|3\/100 tox|[from] Recoil\n|move|p2a: Weezing|Toxic Spikes|p1a: WASABI\n|-sidestart|p1: schmoepesci|move: Toxic Spikes\n|\n|-heal|p2a: Weezing|36\/100|[from] item: Black Sludge\n|-damage|p1a: WASABI|0 fnt|[from] psn\n|faint|p1a: WASABI\n|upkeep\n|c|\u2606RadReaper|told u\n|inactive|schmoepesci has 120 seconds left.\n|\n|t:|1700337641\n|switch|p1a: TAMAGO|Fezandipiti, M|84\/100\n|-damage|p1a: TAMAGO|71\/100|[from] Stealth Rock\n|-sideend|p1: schmoepesci|move: Toxic Spikes|[of] p1a: TAMAGO\n|turn|14\n|\n|t:|1700337650\n|move|p1a: TAMAGO|Taunt|p2a: Weezing\n|-start|p2a: Weezing|move: Taunt\n|cant|p2a: Weezing|move: Taunt|Pain Split\n|\n|-heal|p2a: Weezing|42\/100|[from] item: Black Sludge\n|upkeep\n|turn|15\n|inactive|schmoepesci has 120 seconds left.\n|\n|t:|1700337663\n|-end|p2a: Weezing|ability: Neutralizing Gas\n|switch|p2a: Landorus|Landorus-Therian, M|70\/100\n|-ability|p2a: Landorus|Intimidate|boost\n|-unboost|p1a: TAMAGO|atk|1\n|move|p1a: TAMAGO|Dual Wingbeat|p2a: Landorus\n|-damage|p2a: Landorus|62\/100\n|-damage|p1a: TAMAGO|55\/100|[from] item: Rocky Helmet|[of] p2a: Landorus\n|-damage|p2a: Landorus|55\/100\n|-damage|p1a: TAMAGO|38\/100|[from] item: Rocky Helmet|[of] p2a: Landorus\n|-hitcount|p2a: Landorus|2\n|\n|upkeep\n|turn|16\n|inactive|schmoepesci has 120 seconds left.\n|\n|t:|1700337683\n|move|p1a: TAMAGO|Taunt|p2a: Landorus\n|-start|p2a: Landorus|move: Taunt\n|move|p2a: Landorus|Earthquake|p1a: TAMAGO\n|-supereffective|p1a: TAMAGO\n|-damage|p1a: TAMAGO|0 fnt\n|faint|p1a: TAMAGO\n|\n|upkeep\n|c|\u2606RadReaper|nice taunt\n|\n|t:|1700337696\n|switch|p1a: BAYMAX|Dragonite, F|57\/100\n|turn|17\n|\n|t:|1700337703\n|move|p1a: BAYMAX|Dragon Dance|p1a: BAYMAX\n|-boost|p1a: BAYMAX|atk|1\n|-boost|p1a: BAYMAX|spe|1\n|move|p2a: Landorus|U-turn|p1a: BAYMAX\n|-resisted|p1a: BAYMAX\n|-damage|p1a: BAYMAX|44\/100\n|\n|t:|1700337708\n|switch|p2a: Mamoswine|Mamoswine, M|100\/100|[from] U-turn\n|\n|upkeep\n|turn|18\n|c|\u2606RadReaper|gg probably\n|inactive|schmoepesci has 120 seconds left.\n|c|\u2606RadReaper|i think this is unwinnable for u now\n|c|\u2606schmoepesci|probably yea\n|c|\u2606RadReaper|mamo checks ur whole team\n|c|\u2606schmoepesci|im sorta distracted so yea\n|inactive|schmoepesci has 90 seconds left.\n|\n|t:|1700337755\n|-terastallize|p1a: BAYMAX|Normal\n|move|p2a: Mamoswine|Ice Shard|p1a: BAYMAX\n|-damage|p1a: BAYMAX|23\/100\n|move|p1a: BAYMAX|Dragon Dance|p1a: BAYMAX\n|-boost|p1a: BAYMAX|atk|1\n|-boost|p1a: BAYMAX|spe|1\n|\n|upkeep\n|turn|19\n|inactive|schmoepesci has 90 seconds left.\n|\n|t:|1700337765\n|move|p1a: BAYMAX|Extreme Speed|p2a: Mamoswine\n|-damage|p2a: Mamoswine|1\/100\n|move|p2a: Mamoswine|Haze|p2a: Mamoswine\n|-clearallboost\n|\n|upkeep\n|turn|20\n|\n|t:|1700337770\n|move|p1a: BAYMAX|Extreme Speed|p2a: Mamoswine\n|-crit|p2a: Mamoswine\n|-damage|p2a: Mamoswine|0 fnt\n|faint|p2a: Mamoswine\n|\n|upkeep\n|\n|t:|1700337783\n|switch|p2a: Articuno|Articuno-Galar, shiny|100\/100\n|turn|21\n|inactive|schmoepesci has 90 seconds left.\n|\n|t:|1700337810\n|move|p2a: Articuno|Calm Mind|p2a: Articuno\n|-boost|p2a: Articuno|spa|1\n|-boost|p2a: Articuno|spd|1\n|move|p1a: BAYMAX|Dragon Dance|p1a: BAYMAX\n|-boost|p1a: BAYMAX|atk|1\n|-boost|p1a: BAYMAX|spe|1\n|\n|upkeep\n|turn|22\n|inactive|schmoepesci has 90 seconds left.\n|\n|t:|1700337828\n|move|p1a: BAYMAX|Ice Spinner|p2a: Articuno\n|-supereffective|p2a: Articuno\n|-damage|p2a: Articuno|0 fnt\n|faint|p2a: Articuno\n|\n|upkeep\n|\n|t:|1700337839\n|switch|p2a: Typhlosion|Typhlosion-Hisui, F|100\/100\n|turn|23\n|inactive|schmoepesci has 90 seconds left.\n|\n|t:|1700337849\n|move|p1a: BAYMAX|Earthquake|p2a: Typhlosion\n|-supereffective|p2a: Typhlosion\n|-damage|p2a: Typhlosion|0 fnt\n|faint|p2a: Typhlosion\n|\n|upkeep\n|\n|t:|1700337858\n|switch|p2a: Weezing|Weezing, F, shiny|42\/100\n|-ability|p2a: Weezing|Neutralizing Gas\n|turn|24\n|\n|t:|1700337868\n|move|p1a: BAYMAX|Earthquake|p2a: Weezing\n|-supereffective|p2a: Weezing\n|-damage|p2a: Weezing|0 fnt\n|faint|p2a: Weezing\n|-end|p2a: Weezing|ability: Neutralizing Gas\n|\n|upkeep\n|\n|t:|1700337872\n|switch|p2a: Landorus|Landorus-Therian, M|55\/100\n|-ability|p2a: Landorus|Intimidate|boost\n|-unboost|p1a: BAYMAX|atk|1\n|turn|25\n|\n|t:|1700337879\n|move|p1a: BAYMAX|Ice Spinner|p2a: Landorus\n|-supereffective|p2a: Landorus\n|-damage|p2a: Landorus|0 fnt\n|-damage|p1a: BAYMAX|7\/100|[from] item: Rocky Helmet|[of] p2a: Landorus\n|faint|p2a: Landorus\n|\n|win|schmoepesci\n|raw|schmoepesci's rating: 1081 &rarr; <strong>1106<\/strong><br \/>(+25 for winning)\n|raw|RadReaper's rating: 1050 &rarr; <strong>1034<\/strong><br \/>(-16 for losing)\n|c|\u2606schmoepesci|lmao\n|c|\u2606RadReaper|gg\n|c|\u2606RadReaper|random sweep from nothing\n|l|\u2606RadReaper\n","uploadtime":1700337909,"views":17,"p1id":"schmoepesci","p2id":"radreaper","formatid":"gen9ou","rating":1034,"private":0,"password":""}