{"id":"gen9ou-1991514389","p1":"Srglz","p2":"Vizen","format":"[Gen 9] OU","log":"|j|\u2606Srglz\n|j|\u2606Vizen\n|t:|1700083934\n|gametype|singles\n|player|p1|Srglz|265|1051\n|player|p2|Vizen|101|1122\n|teamsize|p1|6\n|teamsize|p2|6\n|gen|9\n|tier|[Gen 9] OU\n|rated|\n|rule|Sleep Clause Mod: Limit one foe put to sleep\n|rule|Species Clause: Limit one of each Pok\u00e9mon\n|rule|OHKO Clause: OHKO moves are banned\n|rule|Evasion Items Clause: Evasion items are banned\n|rule|Evasion Moves Clause: Evasion moves are banned\n|rule|Endless Battle Clause: Forcing endless battles is banned\n|rule|HP Percentage Mod: HP is shown in percentages\n|clearpoke\n|poke|p1|Cloyster, M|\n|poke|p1|Lucario, F|\n|poke|p1|Skeledirge, F|\n|poke|p1|Decidueye-Hisui, M|\n|poke|p1|Indeedee, M|\n|poke|p1|Rillaboom, F|\n|poke|p2|Ogerpon-Wellspring, F|\n|poke|p2|Okidogi, M|\n|poke|p2|Cinderace, M|\n|poke|p2|Corviknight, M|\n|poke|p2|Zapdos|\n|poke|p2|Ting-Lu|\n|teampreview\n|inactive|Battle timer is ON: inactive players will automatically lose when time's up. (requested by Srglz)\n|inactive|Vizen has 120 seconds left.\n|inactive|Vizen has 90 seconds left.\n|inactive|Vizen has 60 seconds left.\n|\n|t:|1700084036\n|start\n|switch|p1a: Cloyster|Cloyster, M|100\/100\n|switch|p2a: Zapdos|Zapdos|100\/100\n|turn|1\n|inactive|Vizen has 120 seconds left.\n|\n|t:|1700084065\n|switch|p1a: Skeledirge|Skeledirge, F|100\/100\n|move|p2a: Zapdos|Thunderbolt|p1a: Skeledirge\n|-damage|p1a: Skeledirge|67\/100\n|\n|-heal|p1a: Skeledirge|73\/100|[from] item: Leftovers\n|upkeep\n|turn|2\n|inactive|Srglz has 120 seconds left.\n|\n|t:|1700084081\n|move|p2a: Zapdos|U-turn|p1a: Skeledirge\n|-resisted|p1a: Skeledirge\n|-damage|p1a: Skeledirge|71\/100\n|\n|t:|1700084091\n|switch|p2a: Cinderace|Cinderace, M|100\/100|[from] U-turn\n|move|p1a: Skeledirge|Torch Song|p2a: Cinderace\n|-resisted|p2a: Cinderace\n|-damage|p2a: Cinderace|78\/100\n|-boost|p1a: Skeledirge|spa|1\n|\n|-heal|p1a: Skeledirge|77\/100|[from] item: Leftovers\n|upkeep\n|turn|3\n|inactive|Srglz has 120 seconds left.\n|\n|t:|1700084109\n|move|p2a: Cinderace|Sucker Punch|p1a: Skeledirge\n|-start|p2a: Cinderace|typechange|Dark|[from] ability: Libero\n|-supereffective|p1a: Skeledirge\n|-damage|p1a: Skeledirge|24\/100\n|move|p1a: Skeledirge|Torch Song|p2a: Cinderace\n|-damage|p2a: Cinderace|14\/100\n|-boost|p1a: Skeledirge|spa|1\n|\n|-heal|p1a: Skeledirge|30\/100|[from] item: Leftovers\n|upkeep\n|turn|4\n|inactive|Srglz has 120 seconds left.\n|\n|t:|1700084125\n|move|p2a: Cinderace|U-turn|p1a: Skeledirge\n|-resisted|p1a: Skeledirge\n|-damage|p1a: Skeledirge|25\/100\n|inactive|Vizen has 90 seconds left.\n|\n|t:|1700084135\n|switch|p2a: Zapdos|Zapdos|100\/100|[from] U-turn\n|move|p1a: Skeledirge|Slack Off|p1a: Skeledirge\n|-heal|p1a: Skeledirge|75\/100\n|\n|-heal|p1a: Skeledirge|81\/100|[from] item: Leftovers\n|upkeep\n|turn|5\n|inactive|Vizen has 90 seconds left.\n|\n|t:|1700084151\n|move|p2a: Zapdos|Hurricane|p1a: Skeledirge\n|-damage|p1a: Skeledirge|41\/100\n|move|p1a: Skeledirge|Torch Song|p2a: Zapdos\n|-damage|p2a: Zapdos|26\/100\n|-boost|p1a: Skeledirge|spa|1\n|\n|-heal|p1a: Skeledirge|47\/100|[from] item: Leftovers\n|upkeep\n|turn|6\n|inactive|Vizen has 90 seconds left.\n|\n|t:|1700084162\n|move|p2a: Zapdos|Hurricane|p1a: Skeledirge\n|-damage|p1a: Skeledirge|7\/100\n|-start|p1a: Skeledirge|confusion\n|-activate|p1a: Skeledirge|confusion\n|move|p1a: Skeledirge|Slack Off|p1a: Skeledirge\n|-heal|p1a: Skeledirge|57\/100\n|\n|-heal|p1a: Skeledirge|63\/100|[from] item: Leftovers\n|upkeep\n|turn|7\n|inactive|Vizen has 90 seconds left.\n|\n|t:|1700084172\n|move|p2a: Zapdos|U-turn|p1a: Skeledirge\n|-resisted|p1a: Skeledirge\n|-damage|p1a: Skeledirge|60\/100\n|\n|t:|1700084175\n|switch|p2a: Ogerpon|Ogerpon-Wellspring, F|100\/100|[from] U-turn\n|-end|p1a: Skeledirge|confusion\n|move|p1a: Skeledirge|Slack Off|p1a: Skeledirge\n|-heal|p1a: Skeledirge|100\/100\n|\n|upkeep\n|turn|8\n|inactive|Vizen has 90 seconds left.\n|\n|t:|1700084191\n|-terastallize|p2a: Ogerpon|Water\n|detailschange|p2a: Ogerpon|Ogerpon-Wellspring-Tera, F, tera:Water\n|-ability|p2a: Ogerpon|Embody Aspect (Wellspring)|boost\n|-boost|p2a: Ogerpon|spd|1\n|-terastallize|p1a: Skeledirge|Ghost\n|move|p2a: Ogerpon|Ivy Cudgel|p1a: Skeledirge|[anim] Ivy Cudgel Water\n|-crit|p1a: Skeledirge\n|-damage|p1a: Skeledirge|0 fnt\n|faint|p1a: Skeledirge\n|\n|upkeep\n|\n|t:|1700084208\n|switch|p1a: Rillaboom|Rillaboom, F|100\/100\n|-fieldstart|move: Grassy Terrain|[from] ability: Grassy Surge|[of] p1a: Rillaboom\n|-enditem|p1a: Rillaboom|Grassy Seed\n|-boost|p1a: Rillaboom|def|1|[from] item: Grassy Seed\n|turn|9\n|inactive|Vizen has 90 seconds left.\n|inactive|Vizen has 60 seconds left.\n|\n|t:|1700084274\n|switch|p2a: Zapdos|Zapdos|26\/100\n|move|p1a: Rillaboom|Wood Hammer|p2a: Zapdos\n|-resisted|p2a: Zapdos\n|-damage|p2a: Zapdos|0 fnt\n|-status|p1a: Rillaboom|par|[from] ability: Static|[of] p2a: Zapdos\n|faint|p2a: Zapdos\n|-damage|p1a: Rillaboom|93\/100 par|[from] Recoil\n|\n|-heal|p1a: Rillaboom|99\/100 par|[from] Grassy Terrain\n|upkeep\n|\n|t:|1700084285\n|switch|p2a: Okidogi|Okidogi, M|100\/100\n|turn|10\n|\n|t:|1700084296\n|move|p2a: Okidogi|Knock Off|p1a: Rillaboom\n|-damage|p1a: Rillaboom|85\/100 par\n|move|p1a: Rillaboom|Acrobatics|p2a: Okidogi\n|-supereffective|p2a: Okidogi\n|-damage|p2a: Okidogi|38\/100\n|\n|-heal|p2a: Okidogi|44\/100|[from] Grassy Terrain\n|-heal|p2a: Okidogi|50\/100|[from] item: Leftovers\n|-heal|p1a: Rillaboom|91\/100 par|[from] Grassy Terrain\n|upkeep\n|turn|11\n|\n|t:|1700084309\n|move|p2a: Okidogi|Drain Punch|p1a: Rillaboom\n|-damage|p1a: Rillaboom|69\/100 par\n|-heal|p2a: Okidogi|60\/100|[from] drain|[of] p1a: Rillaboom\n|move|p1a: Rillaboom|Acrobatics|p2a: Okidogi\n|-supereffective|p2a: Okidogi\n|-damage|p2a: Okidogi|3\/100\n|\n|-heal|p2a: Okidogi|9\/100|[from] Grassy Terrain\n|-heal|p2a: Okidogi|15\/100|[from] item: Leftovers\n|-heal|p1a: Rillaboom|75\/100 par|[from] Grassy Terrain\n|upkeep\n|turn|12\n|\n|t:|1700084322\n|switch|p2a: Corviknight|Corviknight, M|100\/100\n|-ability|p2a: Corviknight|Pressure\n|move|p1a: Rillaboom|Grassy Glide|p2a: Corviknight\n|-resisted|p2a: Corviknight\n|-damage|p2a: Corviknight|95\/100\n|-damage|p1a: Rillaboom|59\/100 par|[from] item: Rocky Helmet|[of] p2a: Corviknight\n|\n|-heal|p1a: Rillaboom|65\/100 par|[from] Grassy Terrain\n|upkeep\n|turn|13\n|\n|t:|1700084346\n|switch|p1a: Lucario|Lucario, F|100\/100\n|move|p2a: Corviknight|U-turn|p1a: Lucario\n|-resisted|p1a: Lucario\n|-damage|p1a: Lucario|97\/100\n|inactive|Vizen has 30 seconds left.\n|\n|t:|1700084377\n|switch|p2a: Cinderace|Cinderace, M|14\/100|[from] U-turn\n|\n|-heal|p2a: Cinderace|20\/100|[from] Grassy Terrain\n|-heal|p1a: Lucario|100\/100|[from] Grassy Terrain\n|-fieldend|move: Grassy Terrain\n|upkeep\n|turn|14\n|inactive|Vizen has 30 seconds left.\n|\n|t:|1700084385\n|move|p1a: Lucario|Extreme Speed|p2a: Cinderace\n|-damage|p2a: Cinderace|0 fnt\n|faint|p2a: Cinderace\n|-damage|p1a: Lucario|91\/100|[from] item: Life Orb\n|\n|upkeep\n|inactive|Vizen has 30 seconds left.\n|inactive|Vizen has 20 seconds left.\n|inactive|Vizen has 15 seconds left.\n|inactive|Vizen has 10 seconds left.\n|\n|t:|1700084410\n|switch|p2a: Corviknight|Corviknight, M|95\/100\n|-ability|p2a: Corviknight|Pressure\n|turn|15\n|inactive|Vizen has 20 seconds left this turn.\n|\n|t:|1700084416\n|move|p1a: Lucario|Swords Dance|p1a: Lucario\n|-boost|p1a: Lucario|atk|2\n|move|p2a: Corviknight|Iron Defense|p2a: Corviknight\n|-boost|p2a: Corviknight|def|2\n|\n|upkeep\n|turn|16\n|inactive|Vizen has 30 seconds left this turn.\n|\n|t:|1700084430\n|move|p1a: Lucario|Swords Dance|p1a: Lucario\n|-boost|p1a: Lucario|atk|2\n|move|p2a: Corviknight|Iron Defense|p2a: Corviknight\n|-boost|p2a: Corviknight|def|2\n|\n|upkeep\n|turn|17\n|\n|t:|1700084436\n|move|p1a: Lucario|Swords Dance|p1a: Lucario\n|-boost|p1a: Lucario|atk|2\n|move|p2a: Corviknight|Body Press|p1a: Lucario\n|-supereffective|p1a: Lucario\n|-damage|p1a: Lucario|0 fnt\n|faint|p1a: Lucario\n|\n|upkeep\n|\n|t:|1700084447\n|switch|p1a: Indeedee|Indeedee, M|100\/100\n|-fieldstart|move: Psychic Terrain|[from] ability: Psychic Surge|[of] p1a: Indeedee\n|turn|18\n|\n|t:|1700084460\n|move|p1a: Indeedee|Psychic|p2a: Corviknight\n|-resisted|p2a: Corviknight\n|-damage|p2a: Corviknight|67\/100\n|move|p2a: Corviknight|Body Press|p1a: Indeedee\n|-damage|p1a: Indeedee|0 fnt\n|faint|p1a: Indeedee\n|\n|upkeep\n|\n|t:|1700084478\n|switch|p1a: Cloyster|Cloyster, M|100\/100\n|turn|19\n|\n|t:|1700084492\n|move|p1a: Cloyster|Shell Smash|p1a: Cloyster\n|-unboost|p1a: Cloyster|def|1\n|-unboost|p1a: Cloyster|spd|1\n|-boost|p1a: Cloyster|atk|2\n|-boost|p1a: Cloyster|spa|2\n|-boost|p1a: Cloyster|spe|2\n|-enditem|p1a: Cloyster|White Herb\n|-clearnegativeboost|p1a: Cloyster|[silent]\n|move|p2a: Corviknight|Body Press|p1a: Cloyster\n|-supereffective|p1a: Cloyster\n|-damage|p1a: Cloyster|0 fnt\n|faint|p1a: Cloyster\n|\n|upkeep\n|-message|Srglz forfeited.\n|\n|win|Vizen\n|raw|Srglz's rating: 1051 &rarr; <strong>1037<\/strong><br \/>(-14 for losing)\n|raw|Vizen's rating: 1122 &rarr; <strong>1142<\/strong><br \/>(+20 for winning)\n|l|\u2606Srglz\n","uploadtime":1700084509,"views":7,"p1id":"srglz","p2id":"vizen","formatid":"gen9ou","rating":1037,"private":0,"password":""}