{"id":"gen9ou-1993682422","p1":"ducktruck","p2":"7TsHuV6TCT9lthwv","format":"[Gen 9] OU","log":"|j|\u2606ducktruck\n|j|\u26067TsHuV6TCT9lthwv\n|t:|1700345068\n|gametype|singles\n|player|p1|ducktruck|firebreather|1253\n|player|p2|7TsHuV6TCT9lthwv|170|1196\n|teamsize|p1|6\n|teamsize|p2|6\n|gen|9\n|tier|[Gen 9] OU\n|rated|\n|rule|Sleep Clause Mod: Limit one foe put to sleep\n|rule|Species Clause: Limit one of each Pok\u00e9mon\n|rule|OHKO Clause: OHKO moves are banned\n|rule|Evasion Items Clause: Evasion items are banned\n|rule|Evasion Moves Clause: Evasion moves are banned\n|rule|Endless Battle Clause: Forcing endless battles is banned\n|rule|HP Percentage Mod: HP is shown in percentages\n|clearpoke\n|poke|p1|Sandy Shocks|\n|poke|p1|Torkoal, M|\n|poke|p1|Gholdengo|\n|poke|p1|Dragonite, M|\n|poke|p1|Brute Bonnet|\n|poke|p1|Kingambit, M|\n|poke|p2|Maushold|\n|poke|p2|Samurott-Hisui, M|\n|poke|p2|Kingambit, F|\n|poke|p2|Garganacl, M|\n|poke|p2|Amoonguss, M|\n|poke|p2|Weavile, F|\n|teampreview\n|inactive|Battle timer is ON: inactive players will automatically lose when time's up. (requested by ducktruck)\n|\n|t:|1700345082\n|start\n|switch|p1a: Sideshow Bob|Sandy Shocks|100\/100\n|switch|p2a: Samurott|Samurott-Hisui, M, shiny|100\/100\n|turn|1\n|\n|t:|1700345089\n|move|p1a: Sideshow Bob|Thunder|p2a: Samurott|[miss]\n|-miss|p1a: Sideshow Bob|p2a: Samurott\n|move|p2a: Samurott|Aqua Cutter|p1a: Sideshow Bob\n|-supereffective|p1a: Sideshow Bob\n|-damage|p1a: Sideshow Bob|0 fnt\n|faint|p1a: Sideshow Bob\n|-end|p1a: Sideshow Bob|Protosynthesis|[silent]\n|\n|upkeep\n|\n|t:|1700345093\n|switch|p1a: Doom Shroom|Brute Bonnet|100\/100\n|turn|2\n|\n|t:|1700345098\n|move|p2a: Samurott|Ceaseless Edge|p1a: Doom Shroom\n|-resisted|p1a: Doom Shroom\n|-damage|p1a: Doom Shroom|75\/100\n|-sidestart|p1: ducktruck|Spikes\n|move|p1a: Doom Shroom|Bullet Seed|p2a: Samurott\n|-supereffective|p2a: Samurott\n|-damage|p2a: Samurott|70\/100\n|-supereffective|p2a: Samurott\n|-damage|p2a: Samurott|37\/100\n|-supereffective|p2a: Samurott\n|-damage|p2a: Samurott|4\/100\n|-supereffective|p2a: Samurott\n|-damage|p2a: Samurott|0 fnt\n|faint|p2a: Samurott\n|-hitcount|p2: Samurott|4\n|\n|upkeep\n|\n|t:|1700345105\n|switch|p2a: Weavile|Weavile, F|100\/100\n|-ability|p2a: Weavile|Pressure\n|turn|3\n|\n|t:|1700345114\n|move|p2a: Weavile|Ice Spinner|p1a: Doom Shroom\n|-supereffective|p1a: Doom Shroom\n|-damage|p1a: Doom Shroom|6\/100\n|move|p1a: Doom Shroom|Close Combat|p2a: Weavile\n|-supereffective|p2a: Weavile\n|-damage|p2a: Weavile|0 fnt\n|-unboost|p1a: Doom Shroom|def|1\n|-unboost|p1a: Doom Shroom|spd|1\n|faint|p2a: Weavile\n|\n|upkeep\n|\n|t:|1700345131\n|switch|p2a: Kingambit|Kingambit, F|100\/100\n|-activate|p2a: Kingambit|ability: Supreme Overlord\n|-start|p2a: Kingambit|fallen2|[silent]\n|turn|4\n|\n|t:|1700345134\n|move|p2a: Kingambit|Sucker Punch||[still]\n|-fail|p2a: Kingambit\n|move|p1a: Doom Shroom|Spore|p2a: Kingambit\n|-status|p2a: Kingambit|slp|[from] move: Spore\n|\n|upkeep\n|turn|5\n|\n|t:|1700345142\n|-end|p2a: Kingambit|fallen2|[silent]\n|switch|p2a: Garganacl|Garganacl, M|100\/100\n|-end|p1a: Doom Shroom|Protosynthesis|[silent]\n|switch|p1a: Oatmeal|Torkoal, M|100\/100\n|-damage|p1a: Oatmeal|88\/100|[from] Spikes\n|-weather|SunnyDay|[from] ability: Drought|[of] p1a: Oatmeal\n|\n|-weather|SunnyDay|[upkeep]\n|upkeep\n|turn|6\n|\n|t:|1700345148\n|move|p2a: Garganacl|Salt Cure|p1a: Oatmeal\n|-supereffective|p1a: Oatmeal\n|-damage|p1a: Oatmeal|70\/100\n|-start|p1a: Oatmeal|Salt Cure\n|move|p1a: Oatmeal|Rapid Spin|p2a: Garganacl\n|-resisted|p2a: Garganacl\n|-damage|p2a: Garganacl|97\/100\n|-boost|p1a: Oatmeal|spe|1\n|-sideend|p1: ducktruck|Spikes|[from] move: Rapid Spin|[of] p1a: Oatmeal\n|\n|-weather|SunnyDay|[upkeep]\n|-heal|p2a: Garganacl|100\/100|[from] item: Leftovers\n|-damage|p1a: Oatmeal|58\/100|[from] Salt Cure\n|upkeep\n|turn|7\n|\n|t:|1700345158\n|move|p1a: Oatmeal|Stealth Rock|p2a: Garganacl\n|-sidestart|p2: 7TsHuV6TCT9lthwv|move: Stealth Rock\n|move|p2a: Garganacl|Iron Defense|p2a: Garganacl\n|-boost|p2a: Garganacl|def|2\n|\n|-weather|SunnyDay|[upkeep]\n|-damage|p1a: Oatmeal|46\/100|[from] Salt Cure\n|upkeep\n|turn|8\n|\n|t:|1700345168\n|move|p1a: Oatmeal|Lava Plume|p2a: Garganacl\n|-resisted|p2a: Garganacl\n|-damage|p2a: Garganacl|89\/100\n|move|p2a: Garganacl|Iron Defense|p2a: Garganacl\n|-boost|p2a: Garganacl|def|2\n|\n|-weather|SunnyDay|[upkeep]\n|-heal|p2a: Garganacl|95\/100|[from] item: Leftovers\n|-damage|p1a: Oatmeal|33\/100|[from] Salt Cure\n|upkeep\n|turn|9\n|\n|t:|1700345174\n|switch|p1a: Keeper|Gholdengo|100\/100\n|-item|p1a: Keeper|Air Balloon\n|move|p2a: Garganacl|Iron Defense|p2a: Garganacl\n|-boost|p2a: Garganacl|def|2\n|\n|-weather|SunnyDay|[upkeep]\n|-heal|p2a: Garganacl|100\/100|[from] item: Leftovers\n|upkeep\n|turn|10\n|\n|t:|1700345179\n|move|p1a: Keeper|Make It Rain|p2a: Garganacl\n|-supereffective|p2a: Garganacl\n|-damage|p2a: Garganacl|15\/100\n|-unboost|p1a: Keeper|spa|1\n|move|p2a: Garganacl|Salt Cure|p1a: Keeper\n|-resisted|p1a: Keeper\n|-damage|p1a: Keeper|93\/100\n|-start|p1a: Keeper|Salt Cure\n|-enditem|p1a: Keeper|Air Balloon\n|\n|-weather|SunnyDay|[upkeep]\n|-heal|p2a: Garganacl|22\/100|[from] item: Leftovers\n|-damage|p1a: Keeper|68\/100|[from] Salt Cure\n|upkeep\n|turn|11\n|\n|t:|1700345196\n|move|p1a: Keeper|Make It Rain|p2a: Garganacl\n|-supereffective|p2a: Garganacl\n|-damage|p2a: Garganacl|0 fnt\n|-unboost|p1a: Keeper|spa|1\n|faint|p2a: Garganacl\n|\n|-weather|SunnyDay|[upkeep]\n|-damage|p1a: Keeper|43\/100|[from] Salt Cure\n|upkeep\n|\n|t:|1700345203\n|switch|p2a: Maushold|Maushold|100\/100\n|-damage|p2a: Maushold|88\/100|[from] Stealth Rock\n|turn|12\n|\n|t:|1700345206\n|switch|p1a: Dillbob|Dragonite, M, shiny|100\/100\n|move|p2a: Maushold|Tidy Up|p2a: Maushold\n|-sideend|p2: 7TsHuV6TCT9lthwv|Stealth Rock\n|-activate|p2a: Maushold|move: Tidy Up\n|-boost|p2a: Maushold|atk|1\n|-boost|p2a: Maushold|spe|1\n|\n|-weather|none\n|upkeep\n|turn|13\n|\n|t:|1700345216\n|-terastallize|p2a: Maushold|Ghost\n|move|p2a: Maushold|Population Bomb|p1a: Dillbob\n|-damage|p1a: Dillbob|92\/100\n|-damage|p1a: Dillbob|74\/100\n|-damage|p1a: Dillbob|57\/100\n|-damage|p1a: Dillbob|38\/100\n|-damage|p1a: Dillbob|18\/100\n|-damage|p1a: Dillbob|0 fnt\n|faint|p1a: Dillbob\n|-hitcount|p1: Dillbob|6\n|\n|upkeep\n|\n|t:|1700345222\n|switch|p1a: Doom Shroom|Brute Bonnet|6\/100\n|turn|14\n|\n|t:|1700345228\n|move|p1a: Doom Shroom|Sucker Punch|p2a: Maushold\n|-supereffective|p2a: Maushold\n|-damage|p2a: Maushold|0 fnt\n|faint|p2a: Maushold\n|\n|upkeep\n|\n|t:|1700345232\n|switch|p2a: Kingambit|Kingambit, F|100\/100 slp\n|-activate|p2a: Kingambit|ability: Supreme Overlord\n|-start|p2a: Kingambit|fallen4|[silent]\n|turn|15\n|\n|t:|1700345237\n|-end|p2a: Kingambit|fallen4|[silent]\n|switch|p2a: Amoonguss|Amoonguss, M, shiny|100\/100\n|move|p1a: Doom Shroom|Close Combat|p2a: Amoonguss\n|-resisted|p2a: Amoonguss\n|-damage|p2a: Amoonguss|84\/100\n|-unboost|p1a: Doom Shroom|def|1\n|-unboost|p1a: Doom Shroom|spd|1\n|-enditem|p2a: Amoonguss|Red Card|[of] p1a: Doom Shroom\n|-end|p1a: Doom Shroom|Protosynthesis|[silent]\n|drag|p1a: Oatmeal|Torkoal, M|33\/100\n|-weather|SunnyDay|[from] ability: Drought|[of] p1a: Oatmeal\n|\n|-weather|SunnyDay|[upkeep]\n|upkeep\n|turn|16\n|\n|t:|1700345247\n|move|p2a: Amoonguss|Spore|p1a: Oatmeal\n|-status|p1a: Oatmeal|slp|[from] move: Spore\n|cant|p1a: Oatmeal|slp\n|\n|-weather|SunnyDay|[upkeep]\n|upkeep\n|turn|17\n|\n|t:|1700345250\n|switch|p2a: Kingambit|Kingambit, F|100\/100 slp\n|-activate|p2a: Kingambit|ability: Supreme Overlord\n|-start|p2a: Kingambit|fallen4|[silent]\n|switch|p1a: Keeper|Gholdengo|43\/100\n|\n|-weather|SunnyDay|[upkeep]\n|upkeep\n|turn|18\n|\n|t:|1700345259\n|-end|p2a: Kingambit|fallen4|[silent]\n|switch|p2a: Amoonguss|Amoonguss, M, shiny|100\/100\n|-terastallize|p1a: Keeper|Fairy\n|move|p1a: Keeper|Dazzling Gleam|p2a: Amoonguss\n|-resisted|p2a: Amoonguss\n|-damage|p2a: Amoonguss|80\/100\n|\n|-weather|SunnyDay|[upkeep]\n|upkeep\n|turn|19\n|\n|t:|1700345265\n|move|p1a: Keeper|Psyshock|p2a: Amoonguss\n|-supereffective|p2a: Amoonguss\n|-damage|p2a: Amoonguss|39\/100\n|move|p2a: Amoonguss|Sludge Bomb|p1a: Keeper\n|-supereffective|p1a: Keeper\n|-damage|p1a: Keeper|0 fnt\n|faint|p1a: Keeper\n|\n|-weather|SunnyDay|[upkeep]\n|upkeep\n|\n|t:|1700345278\n|switch|p1a: Win Condition|Kingambit, M|100\/100\n|-activate|p1a: Win Condition|ability: Supreme Overlord\n|-start|p1a: Win Condition|fallen3|[silent]\n|-item|p1a: Win Condition|Air Balloon\n|turn|20\n|\n|t:|1700345289\n|move|p1a: Win Condition|Kowtow Cleave|p2a: Amoonguss\n|-damage|p2a: Amoonguss|0 fnt\n|faint|p2a: Amoonguss\n|\n|-weather|SunnyDay|[upkeep]\n|upkeep\n|\n|t:|1700345293\n|switch|p2a: Kingambit|Kingambit, F|100\/100 slp\n|-activate|p2a: Kingambit|ability: Supreme Overlord\n|-start|p2a: Kingambit|fallen5|[silent]\n|turn|21\n|\n|t:|1700345297\n|-end|p1a: Win Condition|fallen3|[silent]\n|switch|p1a: Oatmeal|Torkoal, M|33\/100 slp\n|cant|p2a: Kingambit|slp\n|\n|-weather|SunnyDay|[upkeep]\n|upkeep\n|turn|22\n|\n|t:|1700345301\n|cant|p2a: Kingambit|slp\n|-curestatus|p1a: Oatmeal|slp|[msg]\n|move|p1a: Oatmeal|Lava Plume|p2a: Kingambit\n|-supereffective|p2a: Kingambit\n|-damage|p2a: Kingambit|0 fnt\n|faint|p2a: Kingambit\n|-end|p2a: Kingambit|fallen5|[silent]\n|\n|win|ducktruck\n|raw|ducktruck's rating: 1253 &rarr; <strong>1274<\/strong><br \/>(+21 for winning)\n|raw|7TsHuV6TCT9lthwv's rating: 1196 &rarr; <strong>1175<\/strong><br \/>(-21 for losing)\n|l|\u26067TsHuV6TCT9lthwv\n|c|\u2606ducktruck|gg\n","uploadtime":1700345310,"views":8,"p1id":"ducktruck","p2id":"7tshuv6tct9lthwv","formatid":"gen9ou","rating":1175,"private":0,"password":""}