{"id":"gen9ou-1996815521","p1":"Pekashew64","p2":"moolacat","format":"[Gen 9] OU","log":"|j|\u2606Pekashew64\n|j|\u2606moolacat\n|t:|1700729870\n|gametype|singles\n|player|p1|Pekashew64|tuber|1397\n|player|p2|moolacat|gardenia|1446\n|teamsize|p1|6\n|teamsize|p2|6\n|gen|9\n|tier|[Gen 9] OU\n|rated|\n|rule|Sleep Clause Mod: Limit one foe put to sleep\n|rule|Species Clause: Limit one of each Pok\u00e9mon\n|rule|OHKO Clause: OHKO moves are banned\n|rule|Evasion Items Clause: Evasion items are banned\n|rule|Evasion Moves Clause: Evasion moves are banned\n|rule|Endless Battle Clause: Forcing endless battles is banned\n|rule|HP Percentage Mod: HP is shown in percentages\n|clearpoke\n|poke|p1|Conkeldurr, M|\n|poke|p1|Gholdengo|\n|poke|p1|Cinderace, F|\n|poke|p1|Zapdos|\n|poke|p1|Kingambit, M|\n|poke|p1|Slowking, M|\n|poke|p2|Scizor, M|\n|poke|p2|Empoleon, F|\n|poke|p2|Kilowattrel, M|\n|poke|p2|Lokix, F|\n|poke|p2|Decidueye-Hisui, F|\n|poke|p2|Hydreigon, F|\n|teampreview\n|inactive|Battle timer is ON: inactive players will automatically lose when time's up. (requested by moolacat)\n|\n|t:|1700729882\n|start\n|switch|p1a: Conkeldurr|Conkeldurr, M|100\/100\n|switch|p2a: Kilowattrel|Kilowattrel, M|100\/100\n|turn|1\n|\n|t:|1700729896\n|-terastallize|p1a: Conkeldurr|Steel\n|move|p2a: Kilowattrel|Hurricane|p1a: Conkeldurr|[miss]\n|-miss|p2a: Kilowattrel|p1a: Conkeldurr\n|move|p1a: Conkeldurr|Knock Off|p2a: Kilowattrel\n|-crit|p2a: Kilowattrel\n|-damage|p2a: Kilowattrel|2\/100\n|-enditem|p2a: Kilowattrel|Choice Specs|[from] move: Knock Off|[of] p1a: Conkeldurr\n|\n|-status|p1a: Conkeldurr|brn|[from] item: Flame Orb\n|upkeep\n|turn|2\n|\n|t:|1700729901\n|move|p1a: Conkeldurr|Mach Punch|p2a: Kilowattrel\n|-resisted|p2a: Kilowattrel\n|-damage|p2a: Kilowattrel|0 fnt\n|faint|p2a: Kilowattrel\n|\n|-damage|p1a: Conkeldurr|95\/100 brn|[from] brn\n|upkeep\n|\n|t:|1700729909\n|switch|p2a: silver bullet|Scizor, M, shiny|100\/100\n|turn|3\n|\n|t:|1700729916\n|switch|p1a: Zapdos|Zapdos|100\/100\n|move|p2a: silver bullet|Close Combat|p1a: Zapdos\n|-resisted|p1a: Zapdos\n|-damage|p1a: Zapdos|61\/100\n|-unboost|p2a: silver bullet|def|1\n|-unboost|p2a: silver bullet|spd|1\n|\n|upkeep\n|turn|4\n|\n|t:|1700729926\n|switch|p2a: imperial|Empoleon, F|100\/100\n|move|p1a: Zapdos|Heat Wave|p2a: imperial\n|-damage|p2a: imperial|78\/100\n|\n|upkeep\n|turn|5\n|\n|t:|1700729931\n|switch|p2a: anger|Hydreigon, F|100\/100\n|move|p1a: Zapdos|Volt Switch|p2a: anger\n|-resisted|p2a: anger\n|-damage|p2a: anger|81\/100\n|\n|t:|1700729939\n|switch|p1a: Conkeldurr|Conkeldurr, M, tera:Steel|95\/100 brn|[from] Volt Switch\n|\n|-damage|p1a: Conkeldurr|89\/100 brn|[from] brn\n|upkeep\n|turn|6\n|\n|t:|1700729948\n|move|p1a: Conkeldurr|Mach Punch|p2a: anger\n|-supereffective|p2a: anger\n|-damage|p2a: anger|8\/100\n|move|p2a: anger|Earth Power|p1a: Conkeldurr\n|-supereffective|p1a: Conkeldurr\n|-damage|p1a: Conkeldurr|24\/100 brn\n|\n|-damage|p1a: Conkeldurr|18\/100 brn|[from] brn\n|upkeep\n|turn|7\n|\n|t:|1700729955\n|switch|p2a: silver bullet|Scizor, M, shiny|100\/100\n|move|p1a: Conkeldurr|Mach Punch|p2a: silver bullet\n|-damage|p2a: silver bullet|68\/100\n|\n|-damage|p1a: Conkeldurr|12\/100 brn|[from] brn\n|upkeep\n|turn|8\n|\n|t:|1700729962\n|switch|p1a: Slowking|Slowking, M|100\/100\n|move|p2a: silver bullet|Bullet Punch|p1a: Slowking\n|-resisted|p1a: Slowking\n|-damage|p1a: Slowking|81\/100\n|\n|-heal|p1a: Slowking|87\/100|[from] item: Leftovers\n|upkeep\n|turn|9\n|\n|t:|1700729968\n|switch|p2a: weeaboo|Decidueye-Hisui, F|100\/100\n|move|p1a: Slowking|Future Sight|p2a: weeaboo\n|-start|p1a: Slowking|move: Future Sight\n|\n|-heal|p1a: Slowking|93\/100|[from] item: Leftovers\n|upkeep\n|turn|10\n|\n|t:|1700729973\n|switch|p1a: Zapdos|Zapdos|61\/100\n|move|p2a: weeaboo|Leaf Blade|p1a: Zapdos\n|-resisted|p1a: Zapdos\n|-damage|p1a: Zapdos|34\/100\n|\n|upkeep\n|turn|11\n|\n|t:|1700729985\n|switch|p2a: imperial|Empoleon, F|78\/100\n|move|p1a: Zapdos|Roost|p1a: Zapdos\n|-heal|p1a: Zapdos|84\/100\n|-singleturn|p1a: Zapdos|move: Roost\n|\n|-end|p2a: imperial|move: Future Sight\n|-resisted|p2a: imperial\n|-damage|p2a: imperial|63\/100\n|upkeep\n|turn|12\n|\n|t:|1700729995\n|move|p1a: Zapdos|Volt Switch|p2a: imperial\n|-supereffective|p2a: imperial\n|-damage|p2a: imperial|15\/100\n|\n|t:|1700729999\n|switch|p1a: Slowking|Slowking, M|100\/100|[from] Volt Switch\n|move|p2a: imperial|Blizzard|p1a: Slowking\n|-resisted|p1a: Slowking\n|-damage|p1a: Slowking|85\/100\n|\n|-heal|p1a: Slowking|92\/100|[from] item: Leftovers\n|upkeep\n|turn|13\n|\n|t:|1700730006\n|switch|p2a: kick back|Lokix, F|100\/100\n|move|p1a: Slowking|Future Sight|p2a: kick back\n|-start|p1a: Slowking|move: Future Sight\n|\n|-heal|p1a: Slowking|98\/100|[from] item: Leftovers\n|upkeep\n|turn|14\n|\n|t:|1700730010\n|move|p2a: kick back|First Impression|p1a: Slowking\n|-supereffective|p1a: Slowking\n|-crit|p1a: Slowking\n|-damage|p1a: Slowking|0 fnt\n|faint|p1a: Slowking\n|-damage|p2a: kick back|91\/100|[from] item: Life Orb\n|\n|upkeep\n|\n|t:|1700730015\n|switch|p1a: Conkeldurr|Conkeldurr, M, tera:Steel|12\/100 brn\n|turn|15\n|\n|t:|1700730018\n|move|p2a: kick back|Sucker Punch|p1a: Conkeldurr\n|-damage|p1a: Conkeldurr|0 fnt\n|faint|p1a: Conkeldurr\n|-damage|p2a: kick back|81\/100|[from] item: Life Orb\n|\n|-end|p2a: kick back|move: Future Sight\n|-immune|p2a: kick back\n|upkeep\n|\n|t:|1700730024\n|switch|p1a: Cinderace|Cinderace, F|100\/100\n|turn|16\n|\n|t:|1700730030\n|switch|p2a: anger|Hydreigon, F|8\/100\n|move|p1a: Cinderace|Pyro Ball|p2a: anger\n|-resisted|p2a: anger\n|-damage|p2a: anger|0 fnt\n|faint|p2a: anger\n|\n|upkeep\n|\n|t:|1700730033\n|switch|p2a: imperial|Empoleon, F|15\/100\n|turn|17\n|\n|t:|1700730036\n|move|p2a: imperial|Vacuum Wave|p1a: Cinderace\n|-damage|p1a: Cinderace|83\/100\n|move|p1a: Cinderace|Pyro Ball|p2a: imperial\n|-damage|p2a: imperial|0 fnt\n|faint|p2a: imperial\n|\n|upkeep\n|\n|t:|1700730039\n|switch|p2a: kick back|Lokix, F|81\/100\n|turn|18\n|\n|t:|1700730049\n|switch|p1a: Zapdos|Zapdos|84\/100\n|move|p2a: kick back|First Impression|p1a: Zapdos\n|-resisted|p1a: Zapdos\n|-damage|p1a: Zapdos|21\/100\n|-damage|p2a: kick back|71\/100|[from] item: Life Orb\n|\n|upkeep\n|turn|19\n|\n|t:|1700730055\n|move|p2a: kick back|Sucker Punch||[still]\n|-fail|p2a: kick back\n|move|p1a: Zapdos|Roost|p1a: Zapdos\n|-heal|p1a: Zapdos|71\/100\n|-singleturn|p1a: Zapdos|move: Roost\n|\n|upkeep\n|turn|20\n|\n|t:|1700730059\n|switch|p2a: silver bullet|Scizor, M, shiny|68\/100\n|move|p1a: Zapdos|Heat Wave|p2a: silver bullet\n|-supereffective|p2a: silver bullet\n|-damage|p2a: silver bullet|0 fnt\n|faint|p2a: silver bullet\n|\n|upkeep\n|\n|t:|1700730063\n|switch|p2a: kick back|Lokix, F|71\/100\n|turn|21\n|\n|t:|1700730068\n|move|p2a: kick back|First Impression|p1a: Zapdos\n|-resisted|p1a: Zapdos\n|-crit|p1a: Zapdos\n|-damage|p1a: Zapdos|0 fnt\n|faint|p1a: Zapdos\n|-damage|p2a: kick back|61\/100|[from] item: Life Orb\n|\n|upkeep\n|\n|t:|1700730072\n|switch|p1a: Cinderace|Cinderace, F|83\/100\n|turn|22\n|\n|t:|1700730077\n|move|p2a: kick back|Sucker Punch||[still]\n|-fail|p2a: kick back\n|move|p1a: Cinderace|Will-O-Wisp|p2a: kick back\n|-status|p2a: kick back|brn\n|\n|-damage|p2a: kick back|55\/100 brn|[from] brn\n|upkeep\n|turn|23\n|\n|t:|1700730083\n|move|p1a: Cinderace|Pyro Ball|p2a: kick back|[miss]\n|-miss|p1a: Cinderace|p2a: kick back\n|move|p2a: kick back|Axe Kick|p1a: Cinderace\n|-damage|p1a: Cinderace|50\/100\n|-damage|p2a: kick back|45\/100 brn|[from] item: Life Orb\n|\n|-damage|p2a: kick back|39\/100 brn|[from] brn\n|upkeep\n|turn|24\n|\n|t:|1700730086\n|move|p2a: kick back|Sucker Punch|p1a: Cinderace\n|-damage|p1a: Cinderace|23\/100\n|-damage|p2a: kick back|29\/100 brn|[from] item: Life Orb\n|move|p1a: Cinderace|Pyro Ball|p2a: kick back\n|-supereffective|p2a: kick back\n|-damage|p2a: kick back|0 fnt\n|faint|p2a: kick back\n|\n|upkeep\n|\n|t:|1700730088\n|switch|p2a: weeaboo|Decidueye-Hisui, F|100\/100\n|turn|25\n|\n|t:|1700730091\n|move|p2a: weeaboo|Sucker Punch|p1a: Cinderace\n|-damage|p1a: Cinderace|0 fnt\n|faint|p1a: Cinderace\n|\n|upkeep\n|\n|t:|1700730096\n|switch|p1a: Gholdengo|Gholdengo|100\/100\n|turn|26\n|\n|t:|1700730101\n|move|p1a: Gholdengo|Dazzling Gleam|p2a: weeaboo\n|-supereffective|p2a: weeaboo\n|-damage|p2a: weeaboo|52\/100\n|move|p2a: weeaboo|Triple Arrows|p1a: Gholdengo\n|-supereffective|p1a: Gholdengo\n|-damage|p1a: Gholdengo|0 fnt\n|faint|p1a: Gholdengo\n|\n|-heal|p2a: weeaboo|58\/100|[from] item: Leftovers\n|upkeep\n|\n|t:|1700730106\n|switch|p1a: Kingambit|Kingambit, M|100\/100\n|-activate|p1a: Kingambit|ability: Supreme Overlord\n|-start|p1a: Kingambit|fallen5|[silent]\n|turn|27\n|\n|t:|1700730109\n|move|p1a: Kingambit|Sucker Punch|p2a: weeaboo\n|-resisted|p2a: weeaboo\n|-damage|p2a: weeaboo|22\/100\n|move|p2a: weeaboo|Triple Arrows|p1a: Kingambit\n|-supereffective|p1a: Kingambit\n|-crit|p1a: Kingambit\n|-damage|p1a: Kingambit|0 fnt\n|faint|p1a: Kingambit\n|-end|p1a: Kingambit|fallen5|[silent]\n|\n|win|moolacat\n|raw|Pekashew64's rating: 1397 &rarr; <strong>1380<\/strong><br \/>(-17 for losing)\n|raw|moolacat's rating: 1446 &rarr; <strong>1463<\/strong><br \/>(+17 for winning)\n|l|\u2606Pekashew64\n","uploadtime":1700730115,"views":2,"p1id":"pekashew64","p2id":"moolacat","formatid":"gen9ou","rating":1380,"private":0,"password":""}