{"id":"gen9ou-1994395381","p1":"Irly","p2":"Drampa\u5927Raivoso","format":"[Gen 9] OU","log":"|j|\u2606Irly\n|j|\u2606Drampa\u5927Raivoso\n|inactive|Battle timer is ON: inactive players will automatically lose when time's up.\n|t:|1700439038\n|gametype|singles\n|player|p1|Irly|dawn-masters3|\n|player|p2|Drampa\u5927Raivoso|n-masters|\n|teamsize|p1|6\n|teamsize|p2|6\n|gen|9\n|tier|[Gen 9] OU\n|rated|Tournament battle\n|rule|Sleep Clause Mod: Limit one foe put to sleep\n|rule|Species Clause: Limit one of each Pok\u00e9mon\n|rule|OHKO Clause: OHKO moves are banned\n|rule|Evasion Items Clause: Evasion items are banned\n|rule|Evasion Moves Clause: Evasion moves are banned\n|rule|Endless Battle Clause: Forcing endless battles is banned\n|rule|HP Percentage Mod: HP is shown in percentages\n|clearpoke\n|poke|p1|Iron Jugulis|\n|poke|p1|Ogerpon-Wellspring, F|\n|poke|p1|Tinkaton, F|\n|poke|p1|Iron Moth|\n|poke|p1|Great Tusk|\n|poke|p1|Dragapult, F|\n|poke|p2|Kingambit, M|\n|poke|p2|Glimmora, F|\n|poke|p2|Zamazenta-*|\n|poke|p2|Iron Valiant|\n|poke|p2|Iron Moth|\n|poke|p2|Ogerpon-Wellspring, F|\n|teampreview\n|inactive|Irly also wants the timer to be on.\n|inactive|Drampa\u5927Raivoso also wants the timer to be on.\n|c|\u2606Irly|oi\n|c|\u2606Irly|que time legal\n|c|\u2606Irly|que gera\u00e7\u00e3o ruim\n|c|\u2606Irly|pqp\n|inactive|Drampa\u5927Raivoso has 120 seconds left.\n|c|\u2606Drampa\u5927Raivoso|Fa\u00e7o suas palavras as minhas\n|inactive|Drampa\u5927Raivoso has 90 seconds left.\n|c|\u2606Drampa\u5927Raivoso|porem nessa gen n\u00e3o tem dyna\n|c|\u2606Irly|tem tera\n|c|\u2606Drampa\u5927Raivoso|isso j\u00e1 \u00e9 \u00f3timo\n|c|\u2606Irly|escolha seu veneno\n|\n|t:|1700439111\n|start\n|switch|p1a: Iron Jugulis|Iron Jugulis|100\/100\n|switch|p2a: Maskara|Ogerpon-Wellspring, F|100\/100\n|-enditem|p1a: Iron Jugulis|Booster Energy\n|-activate|p1a: Iron Jugulis|ability: Quark Drive|[fromitem]\n|-start|p1a: Iron Jugulis|quarkdrivespe\n|turn|1\n|c|\u2606Drampa\u5927Raivoso|tera\n|\n|t:|1700439121\n|switch|p2a: Fr\u00f4|Glimmora, F|100\/100\n|move|p1a: Iron Jugulis|Hurricane|p2a: Fr\u00f4|[miss]\n|-miss|p1a: Iron Jugulis|p2a: Fr\u00f4\n|\n|upkeep\n|turn|2\n|\n|t:|1700439125\n|move|p1a: Iron Jugulis|Taunt|p2a: Fr\u00f4\n|-start|p2a: Fr\u00f4|move: Taunt\n|cant|p2a: Fr\u00f4|move: Taunt|Stealth Rock\n|\n|upkeep\n|turn|3\n|c|\u2606Drampa\u5927Raivoso|chato\n|\n|t:|1700439133\n|move|p1a: Iron Jugulis|Earth Power|p2a: Fr\u00f4\n|-supereffective|p2a: Fr\u00f4\n|-enditem|p2a: Fr\u00f4|Focus Sash\n|-damage|p2a: Fr\u00f4|1\/100\n|move|p2a: Fr\u00f4|Power Gem|p1a: Iron Jugulis\n|-supereffective|p1a: Iron Jugulis\n|-damage|p1a: Iron Jugulis|0 fnt\n|faint|p1a: Iron Jugulis\n|-end|p1a: Iron Jugulis|Quark Drive|[silent]\n|\n|upkeep\n|\n|t:|1700439143\n|switch|p1a: Iron Moth|Iron Moth|100\/100\n|-enditem|p1a: Iron Moth|Booster Energy\n|-activate|p1a: Iron Moth|ability: Quark Drive|[fromitem]\n|-start|p1a: Iron Moth|quarkdrivespe\n|turn|4\n|j|+ghiteoff\n|\n|t:|1700439151\n|move|p1a: Iron Moth|Fiery Dance|p2a: Fr\u00f4\n|-resisted|p2a: Fr\u00f4\n|-damage|p2a: Fr\u00f4|0 fnt\n|faint|p2a: Fr\u00f4\n|\n|upkeep\n|inactive|Drampa\u5927Raivoso has 120 seconds left.\n|\n|t:|1700439185\n|switch|p2a: Kaiser|Zamazenta|100\/100\n|-ability|p2a: Kaiser|Dauntless Shield|boost\n|-boost|p2a: Kaiser|def|1\n|turn|5\n|inactive|Irly has 120 seconds left.\n|inactive|Irly has 90 seconds left.\n|\n|t:|1700439260\n|move|p1a: Iron Moth|Dazzling Gleam|p2a: Kaiser\n|-supereffective|p2a: Kaiser\n|-damage|p2a: Kaiser|51\/100\n|move|p2a: Kaiser|Stone Edge|p1a: Iron Moth\n|-supereffective|p1a: Iron Moth\n|-damage|p1a: Iron Moth|11\/100\n|\n|-heal|p2a: Kaiser|57\/100|[from] item: Leftovers\n|upkeep\n|turn|6\n|c|\u2606Irly|pera\n|c|\u2606Irly|sou burro\n|\n|t:|1700439275\n|move|p1a: Iron Moth|Psychic|p2a: Kaiser\n|-supereffective|p2a: Kaiser\n|-damage|p2a: Kaiser|4\/100\n|-unboost|p2a: Kaiser|spd|1\n|move|p2a: Kaiser|Body Press|p1a: Iron Moth\n|-resisted|p1a: Iron Moth\n|-damage|p1a: Iron Moth|0 fnt\n|faint|p1a: Iron Moth\n|-end|p1a: Iron Moth|Quark Drive|[silent]\n|\n|-heal|p2a: Kaiser|11\/100|[from] item: Leftovers\n|upkeep\n|inactive|Irly has 90 seconds left.\n|c|\u2606Drampa\u5927Raivoso|dg e psychic\n|\n|t:|1700439295\n|switch|p1a: TWINKATON|Tinkaton, F|100\/100\n|-item|p1a: TWINKATON|Air Balloon\n|turn|7\n|c|\u2606Drampa\u5927Raivoso|o cara \u00e9 o batman, cheio dos preparo\n|\n|t:|1700439310\n|move|p2a: Kaiser|Body Press|p1a: TWINKATON\n|-damage|p1a: TWINKATON|44\/100\n|-enditem|p1a: TWINKATON|Air Balloon\n|-enditem|p2a: Kaiser|Leftovers|[silent]|[from] ability: Pickpocket|[of] p2a: Kaiser\n|-item|p1a: TWINKATON|Leftovers|[from] ability: Pickpocket|[of] p2a: Kaiser\n|move|p1a: TWINKATON|Play Rough|p2a: Kaiser\n|-supereffective|p2a: Kaiser\n|-damage|p2a: Kaiser|0 fnt\n|faint|p2a: Kaiser\n|\n|-heal|p1a: TWINKATON|50\/100|[from] item: Leftovers\n|upkeep\n|\n|t:|1700439319\n|switch|p2a: Mothra 2099|Iron Moth|100\/100\n|-enditem|p2a: Mothra 2099|Booster Energy\n|-activate|p2a: Mothra 2099|ability: Quark Drive|[fromitem]\n|-start|p2a: Mothra 2099|quarkdrivespe\n|turn|8\n|inactive|Irly has 90 seconds left.\n|\n|t:|1700439334\n|move|p2a: Mothra 2099|Substitute|p2a: Mothra 2099\n|-start|p2a: Mothra 2099|Substitute\n|-damage|p2a: Mothra 2099|76\/100\n|move|p1a: TWINKATON|Thunder Wave||[still]\n|-fail|p1a: TWINKATON\n|\n|-heal|p1a: TWINKATON|56\/100|[from] item: Leftovers\n|upkeep\n|turn|9\n|\n|t:|1700439340\n|move|p2a: Mothra 2099|Fiery Dance|p1a: TWINKATON\n|-supereffective|p1a: TWINKATON\n|-damage|p1a: TWINKATON|0 fnt\n|faint|p1a: TWINKATON\n|\n|upkeep\n|\n|t:|1700439347\n|switch|p1a: Great Tusk|Great Tusk|100\/100\n|-enditem|p1a: Great Tusk|Booster Energy\n|-activate|p1a: Great Tusk|ability: Protosynthesis|[fromitem]\n|-start|p1a: Great Tusk|protosynthesisspe\n|turn|10\n|c|\u2606Drampa\u5927Raivoso|cad\u00ea meu buff\n|\n|t:|1700439358\n|-terastallize|p1a: Great Tusk|Poison\n|move|p2a: Mothra 2099|Dazzling Gleam|p1a: Great Tusk\n|-resisted|p1a: Great Tusk\n|-damage|p1a: Great Tusk|83\/100\n|move|p1a: Great Tusk|Rapid Spin|p2a: Mothra 2099\n|-activate|p2a: Mothra 2099|move: Substitute|[damage]\n|-boost|p1a: Great Tusk|spe|1\n|\n|upkeep\n|turn|11\n|c|\u2606Irly|nao quebrou\n|\n|t:|1700439365\n|move|p1a: Great Tusk|Rapid Spin|p2a: Mothra 2099\n|-end|p2a: Mothra 2099|Substitute\n|-boost|p1a: Great Tusk|spe|1\n|move|p2a: Mothra 2099|Fiery Dance|p1a: Great Tusk\n|-damage|p1a: Great Tusk|34\/100\n|-boost|p2a: Mothra 2099|spa|1\n|\n|upkeep\n|turn|12\n|\n|t:|1700439372\n|move|p1a: Great Tusk|Headlong Rush|p2a: Mothra 2099\n|-supereffective|p2a: Mothra 2099\n|-damage|p2a: Mothra 2099|0 fnt\n|-unboost|p1a: Great Tusk|def|1\n|-unboost|p1a: Great Tusk|spd|1\n|faint|p2a: Mothra 2099\n|-end|p2a: Mothra 2099|Quark Drive|[silent]\n|\n|upkeep\n|\n|t:|1700439388\n|switch|p2a: Maskara|Ogerpon-Wellspring, F|100\/100\n|turn|13\n|inactive|Irly has 120 seconds left.\n|\n|t:|1700439396\n|move|p1a: Great Tusk|Ice Spinner|p2a: Maskara\n|-damage|p2a: Maskara|68\/100\n|move|p2a: Maskara|Ivy Cudgel|p1a: Great Tusk|[anim] Ivy Cudgel Water\n|-damage|p1a: Great Tusk|0 fnt\n|faint|p1a: Great Tusk\n|-end|p1a: Great Tusk|Protosynthesis|[silent]\n|\n|upkeep\n|\n|t:|1700439400\n|switch|p1a: Dragapult|Dragapult, F|100\/100\n|turn|14\n|\n|t:|1700439403\n|move|p1a: Dragapult|Shadow Ball|p2a: Maskara\n|-damage|p2a: Maskara|8\/100\n|move|p2a: Maskara|Knock Off|p1a: Dragapult\n|-supereffective|p1a: Dragapult\n|-damage|p1a: Dragapult|4\/100\n|-enditem|p1a: Dragapult|Choice Specs|[from] move: Knock Off|[of] p2a: Maskara\n|\n|upkeep\n|turn|15\n|\n|t:|1700439411\n|move|p1a: Dragapult|U-turn|p2a: Maskara\n|-supereffective|p2a: Maskara\n|-damage|p2a: Maskara|0 fnt\n|faint|p2a: Maskara\n|c|\u2606Irly|perdi\n|c|\u2606Irly|gg\n|\n|t:|1700439415\n|switch|p1a: Ogerpon|Ogerpon-Wellspring, F|100\/100|[from] U-turn\n|\n|upkeep\n|\n|t:|1700439418\n|switch|p2a: 2B|Iron Valiant|100\/100\n|-enditem|p2a: 2B|Booster Energy\n|-activate|p2a: 2B|ability: Quark Drive|[fromitem]\n|-start|p2a: 2B|quarkdrivespe\n|turn|16\n|\n|t:|1700439423\n|move|p2a: 2B|Thunderbolt|p1a: Ogerpon\n|-damage|p1a: Ogerpon|67\/100\n|move|p1a: Ogerpon|Ivy Cudgel|p2a: 2B|[anim] Ivy Cudgel Water\n|-crit|p2a: 2B\n|-damage|p2a: 2B|0 fnt\n|faint|p2a: 2B\n|-end|p2a: 2B|Quark Drive|[silent]\n|\n|upkeep\n|\n|t:|1700439427\n|switch|p2a: Musashi|Kingambit, M|100\/100\n|-activate|p2a: Musashi|ability: Supreme Overlord\n|-start|p2a: Musashi|fallen5|[silent]\n|turn|17\n|\n|t:|1700439430\n|move|p1a: Ogerpon|Ivy Cudgel|p2a: Musashi|[anim] Ivy Cudgel Water\n|-damage|p2a: Musashi|51\/100\n|move|p2a: Musashi|Kowtow Cleave|p1a: Ogerpon\n|-damage|p1a: Ogerpon|0 fnt\n|faint|p1a: Ogerpon\n|\n|upkeep\n|\n|t:|1700439433\n|switch|p1a: Dragapult|Dragapult, F|4\/100\n|turn|18\n|\n|t:|1700439436\n|move|p2a: Musashi|Sucker Punch|p1a: Dragapult\n|-supereffective|p1a: Dragapult\n|-damage|p1a: Dragapult|0 fnt\n|faint|p1a: Dragapult\n|\n|win|Drampa\u5927Raivoso\n|n|\u2606Irly|irly\n|n|\u2606Drampa\u5927Raivoso|dramparaivoso\n|n| ghiteoff|ghiteoff\n|c|\u2606Drampa\u5927Raivoso|gg\n|l|\u2606Drampa\u5927Raivoso\n|l|\u2606Irly\n|l| ghiteoff\n","uploadtime":1700439444,"views":7,"p1id":"irly","p2id":"dramparaivoso","formatid":"gen9ou","rating":0,"private":0,"password":""}