{"id":"gen9ou-1992626054","p1":"redwolf58","p2":"ShittyDitch69","format":"[Gen 9] OU","log":"|j|\u2606redwolf58\n|j|\u2606ShittyDitch69\n|t:|1700216828\n|gametype|singles\n|player|p1|redwolf58|ethan|1142\n|player|p2|ShittyDitch69|2|1199\n|teamsize|p1|6\n|teamsize|p2|6\n|gen|9\n|tier|[Gen 9] OU\n|rated|\n|rule|Sleep Clause Mod: Limit one foe put to sleep\n|rule|Species Clause: Limit one of each Pok\u00e9mon\n|rule|OHKO Clause: OHKO moves are banned\n|rule|Evasion Items Clause: Evasion items are banned\n|rule|Evasion Moves Clause: Evasion moves are banned\n|rule|Endless Battle Clause: Forcing endless battles is banned\n|rule|HP Percentage Mod: HP is shown in percentages\n|clearpoke\n|poke|p1|Munkidori, M|\n|poke|p1|Kingambit, M|\n|poke|p1|Great Tusk|\n|poke|p1|Cinderace, M|\n|poke|p1|Rillaboom, F|\n|poke|p1|Toxapex, F|\n|poke|p2|Dragapult, F|\n|poke|p2|Breloom, F|\n|poke|p2|Ribombee, M|\n|poke|p2|Toxapex, F|\n|poke|p2|Scizor, F|\n|poke|p2|Conkeldurr, F|\n|teampreview\n|inactive|Battle timer is ON: inactive players will automatically lose when time's up. (requested by redwolf58)\n|\n|t:|1700216847\n|start\n|switch|p1a: Cinderace|Cinderace, M|100\/100\n|switch|p2a: Dragapult|Dragapult, F|100\/100\n|turn|1\n|\n|t:|1700216850\n|-terastallize|p2a: Dragapult|Dragon\n|move|p1a: Cinderace|Sucker Punch|p2a: Dragapult\n|-start|p1a: Cinderace|typechange|Dark|[from] ability: Libero\n|-damage|p2a: Dragapult|48\/100\n|move|p2a: Dragapult|Draco Meteor|p1a: Cinderace\n|-damage|p1a: Cinderace|0 fnt\n|-unboost|p2a: Dragapult|spa|2\n|faint|p1a: Cinderace\n|\n|upkeep\n|\n|t:|1700216864\n|switch|p1a: Kingambit|Kingambit, M|100\/100\n|-activate|p1a: Kingambit|ability: Supreme Overlord\n|-start|p1a: Kingambit|fallen1|[silent]\n|turn|2\n|\n|t:|1700216866\n|switch|p2a: Conkeldurr|Conkeldurr, F|100\/100\n|move|p1a: Kingambit|Swords Dance|p1a: Kingambit\n|-boost|p1a: Kingambit|atk|2\n|\n|-status|p2a: Conkeldurr|brn|[from] item: Flame Orb\n|upkeep\n|turn|3\n|\n|t:|1700216874\n|-terastallize|p1a: Kingambit|Fairy\n|move|p1a: Kingambit|Iron Head|p2a: Conkeldurr\n|-damage|p2a: Conkeldurr|0 fnt\n|faint|p2a: Conkeldurr\n|-damage|p1a: Kingambit|91\/100|[from] item: Life Orb\n|\n|upkeep\n|\n|t:|1700216879\n|switch|p2a: Scizor|Scizor, F|100\/100\n|turn|4\n|\n|t:|1700216883\n|move|p2a: Scizor|Bullet Punch|p1a: Kingambit\n|-supereffective|p1a: Kingambit\n|-damage|p1a: Kingambit|42\/100\n|move|p1a: Kingambit|Kowtow Cleave|p2a: Scizor\n|-damage|p2a: Scizor|0 fnt\n|faint|p2a: Scizor\n|-damage|p1a: Kingambit|32\/100|[from] item: Life Orb\n|\n|upkeep\n|\n|t:|1700216892\n|switch|p2a: Toxapex|Toxapex, F|100\/100\n|turn|5\n|\n|t:|1700216896\n|move|p1a: Kingambit|Iron Head|p2a: Toxapex\n|-resisted|p2a: Toxapex\n|-damage|p2a: Toxapex|43\/100\n|-damage|p1a: Kingambit|22\/100|[from] item: Life Orb\n|move|p2a: Toxapex|Surf|p1a: Kingambit\n|-damage|p1a: Kingambit|0 fnt\n|faint|p1a: Kingambit\n|-end|p1a: Kingambit|fallen1|[silent]\n|\n|upkeep\n|\n|t:|1700216902\n|switch|p1a: Munkidori|Munkidori, M|100\/100\n|turn|6\n|\n|t:|1700216908\n|switch|p2a: Ribombee|Ribombee, M|100\/100\n|move|p1a: Munkidori|Psychic|p2a: Ribombee\n|-damage|p2a: Ribombee|23\/100\n|\n|upkeep\n|turn|7\n|\n|t:|1700216914\n|move|p2a: Ribombee|Bug Buzz|p1a: Munkidori\n|-damage|p1a: Munkidori|35\/100\n|move|p1a: Munkidori|Sludge Wave|p2a: Ribombee\n|-supereffective|p2a: Ribombee\n|-damage|p2a: Ribombee|0 fnt\n|faint|p2a: Ribombee\n|\n|upkeep\n|\n|t:|1700216919\n|switch|p2a: Dragapult|Dragapult, F, tera:Dragon|48\/100\n|turn|8\n|\n|t:|1700216925\n|move|p2a: Dragapult|Shadow Ball|p1a: Munkidori\n|-supereffective|p1a: Munkidori\n|-damage|p1a: Munkidori|0 fnt\n|faint|p1a: Munkidori\n|\n|upkeep\n|\n|t:|1700216930\n|switch|p1a: Rhyan|Great Tusk|100\/100\n|-enditem|p1a: Rhyan|Booster Energy\n|-activate|p1a: Rhyan|ability: Protosynthesis|[fromitem]\n|-start|p1a: Rhyan|protosynthesisatk\n|turn|9\n|\n|t:|1700216934\n|move|p2a: Dragapult|Shadow Ball|p1a: Rhyan\n|-damage|p1a: Rhyan|24\/100\n|move|p1a: Rhyan|Ice Spinner|p2a: Dragapult\n|-supereffective|p2a: Dragapult\n|-damage|p2a: Dragapult|0 fnt\n|faint|p2a: Dragapult\n|\n|upkeep\n|\n|t:|1700216940\n|switch|p2a: Breloom|Breloom, F|100\/100\n|turn|10\n|\n|t:|1700216942\n|move|p2a: Breloom|Mach Punch|p1a: Rhyan\n|-damage|p1a: Rhyan|0 fnt\n|faint|p1a: Rhyan\n|-end|p1a: Rhyan|Protosynthesis|[silent]\n|\n|upkeep\n|\n|t:|1700216947\n|switch|p1a: Toxapex|Toxapex, F|100\/100\n|turn|11\n|\n|t:|1700216950\n|switch|p2a: Toxapex|Toxapex, F|77\/100\n|move|p1a: Toxapex|Toxic|p2a: Toxapex\n|-immune|p2a: Toxapex\n|\n|upkeep\n|turn|12\n|\n|t:|1700216954\n|move|p1a: Toxapex|Hydro Pump|p2a: Toxapex\n|-resisted|p2a: Toxapex\n|-damage|p2a: Toxapex|70\/100\n|move|p2a: Toxapex|Pounce|p1a: Toxapex\n|-resisted|p1a: Toxapex\n|-damage|p1a: Toxapex|98\/100\n|-unboost|p1a: Toxapex|spe|1\n|\n|-heal|p1a: Toxapex|100\/100|[from] item: Black Sludge\n|upkeep\n|turn|13\n|\n|t:|1700216960\n|switch|p1a: Rillaboom|Rillaboom, F|100\/100\n|-fieldstart|move: Grassy Terrain|[from] ability: Grassy Surge|[of] p1a: Rillaboom\n|move|p2a: Toxapex|Ice Beam|p1a: Rillaboom\n|-supereffective|p1a: Rillaboom\n|-damage|p1a: Rillaboom|47\/100\n|\n|-heal|p1a: Rillaboom|53\/100|[from] Grassy Terrain\n|-heal|p2a: Toxapex|76\/100|[from] Grassy Terrain\n|upkeep\n|turn|14\n|\n|t:|1700216966\n|move|p1a: Rillaboom|Grassy Glide|p2a: Toxapex\n|-damage|p2a: Toxapex|41\/100\n|-damage|p1a: Rillaboom|43\/100|[from] item: Life Orb\n|move|p2a: Toxapex|Sludge Bomb|p1a: Rillaboom\n|-supereffective|p1a: Rillaboom\n|-damage|p1a: Rillaboom|0 fnt\n|faint|p1a: Rillaboom\n|\n|-heal|p2a: Toxapex|47\/100|[from] Grassy Terrain\n|upkeep\n|\n|t:|1700216971\n|switch|p1a: Toxapex|Toxapex, F|100\/100\n|turn|15\n|-message|redwolf58 forfeited.\n|\n|win|ShittyDitch69\n|raw|redwolf58's rating: 1142 &rarr; <strong>1121<\/strong><br \/>(-21 for losing)\n|raw|ShittyDitch69's rating: 1199 &rarr; <strong>1220<\/strong><br \/>(+21 for winning)\n|l|\u2606redwolf58\n","uploadtime":1700216978,"views":8,"p1id":"redwolf58","p2id":"shittyditch69","formatid":"gen9ou","rating":1121,"private":0,"password":""}