{"id":"gen9ou-1998375239","p1":"Duckycrater","p2":"liaoya","format":"[Gen 9] OU","log":"|j|\u2606Duckycrater\n|j|\u2606liaoya\n|t:|1700935305\n|gametype|singles\n|player|p1|Duckycrater|101|1641\n|player|p2|liaoya|petrel|1576\n|teamsize|p1|6\n|teamsize|p2|6\n|gen|9\n|tier|[Gen 9] OU\n|rated|\n|rule|Sleep Clause Mod: Limit one foe put to sleep\n|rule|Species Clause: Limit one of each Pok\u00e9mon\n|rule|OHKO Clause: OHKO moves are banned\n|rule|Evasion Items Clause: Evasion items are banned\n|rule|Evasion Moves Clause: Evasion moves are banned\n|rule|Endless Battle Clause: Forcing endless battles is banned\n|rule|HP Percentage Mod: HP is shown in percentages\n|clearpoke\n|poke|p1|Clefable, F|\n|poke|p1|Alomomola, M|\n|poke|p1|Blissey, F|\n|poke|p1|Clodsire, M|\n|poke|p1|Dondozo, M|\n|poke|p1|Amoonguss, F|\n|poke|p2|Drifblim, M|\n|poke|p2|Garganacl, M|\n|poke|p2|Umbreon, F|\n|poke|p2|Rotom-Wash|\n|poke|p2|Glimmora, M|\n|poke|p2|Espeon, F|\n|teampreview\n|inactive|Battle timer is ON: inactive players will automatically lose when time's up. (requested by Duckycrater)\n|j| el plugg\n|l| el plugg\n|\n|t:|1700935320\n|start\n|switch|p1a: Clefable|Clefable, F|100\/100\n|switch|p2a: Rotom|Rotom-Wash|100\/100\n|turn|1\n|\n|t:|1700935324\n|move|p1a: Clefable|Protect|p1a: Clefable\n|-singleturn|p1a: Clefable|Protect\n|move|p2a: Rotom|Trick|p1a: Clefable\n|-activate|p1a: Clefable|move: Protect\n|\n|upkeep\n|turn|2\n|\n|t:|1700935330\n|switch|p1a: Amoonguss|Amoonguss, F|100\/100\n|move|p2a: Rotom|Trick|p1a: Amoonguss\n|-activate|p2a: Rotom|move: Trick|[of] p1a: Amoonguss\n|-item|p1a: Amoonguss|Choice Scarf|[from] move: Trick\n|-item|p2a: Rotom|Heavy-Duty Boots|[from] move: Trick\n|\n|upkeep\n|turn|3\n|\n|t:|1700935337\n|switch|p2a: Espeon|Espeon, F|100\/100\n|move|p1a: Amoonguss|Giga Drain|p2a: Espeon\n|-damage|p2a: Espeon|76\/100\n|\n|upkeep\n|turn|4\n|\n|t:|1700935342\n|switch|p1a: Blissey|Blissey, F|100\/100\n|move|p2a: Espeon|Trick|p1a: Blissey\n|-activate|p2a: Espeon|move: Trick|[of] p1a: Blissey\n|-item|p1a: Blissey|Choice Scarf|[from] move: Trick\n|-item|p2a: Espeon|Heavy-Duty Boots|[from] move: Trick\n|\n|upkeep\n|turn|5\n|\n|t:|1700935350\n|move|p2a: Espeon|Psyshock|p1a: Blissey\n|-damage|p1a: Blissey|38\/100\n|move|p1a: Blissey|Seismic Toss|p2a: Espeon\n|-damage|p2a: Espeon|46\/100\n|\n|upkeep\n|turn|6\n|\n|t:|1700935360\n|switch|p2a: Drifblim|Drifblim, M|100\/100\n|switch|p1a: Clefable|Clefable, F|100\/100\n|\n|upkeep\n|turn|7\n|\n|t:|1700935364\n|switch|p1a: Blissey|Blissey, F|38\/100\n|move|p2a: Drifblim|Trick|p1a: Blissey\n|-activate|p2a: Drifblim|move: Trick|[of] p1a: Blissey\n|-item|p1a: Blissey|Choice Scarf|[from] move: Trick\n|-item|p2a: Drifblim|Choice Scarf|[from] move: Trick\n|\n|upkeep\n|turn|8\n|\n|t:|1700935374\n|switch|p2a: Garganacl|Garganacl, M, shiny|100\/100\n|move|p1a: Blissey|Soft-Boiled|p1a: Blissey\n|-heal|p1a: Blissey|88\/100\n|\n|upkeep\n|turn|9\n|\n|t:|1700935377\n|switch|p1a: Clefable|Clefable, F|100\/100\n|move|p2a: Garganacl|Salt Cure|p1a: Clefable\n|-damage|p1a: Clefable|89\/100\n|-start|p1a: Clefable|Salt Cure\n|\n|-heal|p1a: Clefable|95\/100|[from] item: Leftovers\n|upkeep\n|turn|10\n|\n|t:|1700935387\n|switch|p2a: Drifblim|Drifblim, M|100\/100\n|move|p1a: Clefable|Moonblast|p2a: Drifblim\n|-damage|p2a: Drifblim|58\/100\n|\n|-heal|p1a: Clefable|100\/100|[from] item: Leftovers\n|upkeep\n|turn|11\n|\n|t:|1700935399\n|switch|p2a: Rotom|Rotom-Wash|100\/100\n|switch|p1a: Blissey|Blissey, F|88\/100\n|\n|upkeep\n|turn|12\n|\n|t:|1700935404\n|move|p2a: Rotom|Volt Switch|p1a: Blissey\n|-damage|p1a: Blissey|80\/100\n|\n|t:|1700935411\n|switch|p2a: Garganacl|Garganacl, M, shiny|100\/100|[from] Volt Switch\n|move|p1a: Blissey|Stealth Rock|p2a: Garganacl\n|-sidestart|p2: liaoya|move: Stealth Rock\n|\n|upkeep\n|turn|13\n|\n|t:|1700935415\n|switch|p1a: Clefable|Clefable, F|100\/100\n|move|p2a: Garganacl|Salt Cure|p1a: Clefable\n|-damage|p1a: Clefable|90\/100\n|-start|p1a: Clefable|Salt Cure\n|\n|-heal|p1a: Clefable|96\/100|[from] item: Leftovers\n|upkeep\n|turn|14\n|\n|t:|1700935424\n|switch|p2a: Glimmora|Glimmora, M|100\/100\n|-damage|p2a: Glimmora|88\/100|[from] Stealth Rock\n|move|p1a: Clefable|Knock Off|p2a: Glimmora\n|-damage|p2a: Glimmora|76\/100\n|-activate|p2a: Glimmora|ability: Toxic Debris\n|-sidestart|p1: Duckycrater|move: Toxic Spikes\n|-enditem|p2a: Glimmora|Focus Sash|[from] move: Knock Off|[of] p1a: Clefable\n|\n|-heal|p1a: Clefable|100\/100|[from] item: Leftovers\n|upkeep\n|turn|15\n|\n|t:|1700935430\n|switch|p1a: Amoonguss|Amoonguss, F|100\/100\n|-sideend|p1: Duckycrater|move: Toxic Spikes|[of] p1a: Amoonguss\n|move|p2a: Glimmora|Mortal Spin|p1a: Amoonguss\n|-damage|p1a: Amoonguss|96\/100\n|-sideend|p2: liaoya|Stealth Rock|[from] move: Mortal Spin|[of] p2a: Glimmora\n|\n|upkeep\n|turn|16\n|\n|t:|1700935436\n|switch|p2a: Espeon|Espeon, F|46\/100\n|move|p1a: Amoonguss|Giga Drain|p2a: Espeon\n|-damage|p2a: Espeon|24\/100\n|-heal|p1a: Amoonguss|100\/100|[from] drain|[of] p2a: Espeon\n|\n|upkeep\n|turn|17\n|\n|t:|1700935450\n|move|p2a: Espeon|Psyshock|p1a: Amoonguss\n|-supereffective|p1a: Amoonguss\n|-damage|p1a: Amoonguss|55\/100\n|move|p1a: Amoonguss|Giga Drain|p2a: Espeon\n|-damage|p2a: Espeon|0 fnt\n|-heal|p1a: Amoonguss|64\/100|[from] drain|[of] p2a: Espeon\n|faint|p2a: Espeon\n|\n|upkeep\n|\n|t:|1700935461\n|switch|p2a: Garganacl|Garganacl, M, shiny|100\/100\n|turn|18\n|\n|t:|1700935473\n|switch|p2a: Drifblim|Drifblim, M|58\/100\n|switch|p1a: Clefable|Clefable, F|100\/100\n|\n|upkeep\n|turn|19\n|\n|t:|1700935482\n|switch|p1a: Blissey|Blissey, F|80\/100\n|move|p2a: Drifblim|Trick|p1a: Blissey\n|-activate|p2a: Drifblim|move: Trick|[of] p1a: Blissey\n|-item|p1a: Blissey|Choice Scarf|[from] move: Trick\n|-item|p2a: Drifblim|Choice Scarf|[from] move: Trick\n|\n|upkeep\n|turn|20\n|\n|t:|1700935489\n|switch|p2a: Glimmora|Glimmora, M|76\/100\n|move|p1a: Blissey|Stealth Rock|p2a: Glimmora\n|-sidestart|p2: liaoya|move: Stealth Rock\n|\n|upkeep\n|turn|21\n|\n|t:|1700935493\n|switch|p1a: Amoonguss|Amoonguss, F|97\/100\n|move|p2a: Glimmora|Mortal Spin|p1a: Amoonguss\n|-crit|p1a: Amoonguss\n|-damage|p1a: Amoonguss|90\/100\n|-sideend|p2: liaoya|Stealth Rock|[from] move: Mortal Spin|[of] p2a: Glimmora\n|\n|upkeep\n|turn|22\n|\n|t:|1700935504\n|switch|p2a: Garganacl|Garganacl, M, shiny|100\/100\n|move|p1a: Amoonguss|Toxic|p2a: Garganacl\n|-immune|p2a: Garganacl|[from] ability: Purifying Salt\n|\n|upkeep\n|turn|23\n|\n|t:|1700935512\n|switch|p1a: Clefable|Clefable, F|100\/100\n|move|p2a: Garganacl|Salt Cure|p1a: Clefable\n|-damage|p1a: Clefable|91\/100\n|-start|p1a: Clefable|Salt Cure\n|\n|-heal|p1a: Clefable|97\/100|[from] item: Leftovers\n|upkeep\n|turn|24\n|\n|t:|1700935524\n|switch|p2a: Glimmora|Glimmora, M|76\/100\n|move|p1a: Clefable|Moonblast|p2a: Glimmora\n|-resisted|p2a: Glimmora\n|-damage|p2a: Glimmora|58\/100\n|-unboost|p2a: Glimmora|spa|1\n|\n|-heal|p1a: Clefable|100\/100|[from] item: Leftovers\n|upkeep\n|turn|25\n|\n|t:|1700935530\n|switch|p1a: Amoonguss|Amoonguss, F|100\/100\n|move|p2a: Glimmora|Light Screen|p2a: Glimmora\n|-sidestart|p2: liaoya|move: Light Screen\n|\n|upkeep\n|turn|26\n|\n|t:|1700935533\n|switch|p2a: Garganacl|Garganacl, M, shiny|100\/100\n|move|p1a: Amoonguss|Giga Drain|p2a: Garganacl\n|-supereffective|p2a: Garganacl\n|-damage|p2a: Garganacl|84\/100\n|\n|-heal|p2a: Garganacl|90\/100|[from] item: Leftovers\n|upkeep\n|turn|27\n|\n|t:|1700935537\n|switch|p1a: Clefable|Clefable, F|100\/100\n|move|p2a: Garganacl|Salt Cure|p1a: Clefable\n|-damage|p1a: Clefable|90\/100\n|-start|p1a: Clefable|Salt Cure\n|\n|-heal|p1a: Clefable|96\/100|[from] item: Leftovers\n|-heal|p2a: Garganacl|97\/100|[from] item: Leftovers\n|upkeep\n|turn|28\n|\n|t:|1700935544\n|switch|p2a: Rotom|Rotom-Wash|100\/100\n|move|p1a: Clefable|Knock Off|p2a: Rotom\n|-damage|p2a: Rotom|83\/100\n|-enditem|p2a: Rotom|Heavy-Duty Boots|[from] move: Knock Off|[of] p1a: Clefable\n|\n|-heal|p1a: Clefable|100\/100|[from] item: Leftovers\n|upkeep\n|turn|29\n|\n|t:|1700935553\n|switch|p1a: Blissey|Blissey, F|80\/100\n|move|p2a: Rotom|Will-O-Wisp|p1a: Blissey\n|-status|p1a: Blissey|brn\n|\n|-damage|p1a: Blissey|74\/100 brn|[from] brn\n|-sideend|p2: liaoya|move: Light Screen\n|upkeep\n|turn|30\n|\n|t:|1700935563\n|move|p2a: Rotom|Volt Switch|p1a: Blissey\n|-damage|p1a: Blissey|65\/100 brn\n|\n|t:|1700935568\n|switch|p2a: Glimmora|Glimmora, M|58\/100|[from] Volt Switch\n|move|p1a: Blissey|Seismic Toss|p2a: Glimmora\n|-damage|p2a: Glimmora|31\/100\n|-activate|p2a: Glimmora|ability: Toxic Debris\n|-sidestart|p1: Duckycrater|move: Toxic Spikes\n|\n|-damage|p1a: Blissey|58\/100 brn|[from] brn\n|upkeep\n|turn|31\n|\n|t:|1700935579\n|switch|p2a: Drifblim|Drifblim, M|58\/100\n|-curestatus|p1a: Blissey|brn|[from] ability: Natural Cure\n|switch|p1a: Amoonguss|Amoonguss, F|100\/100\n|-sideend|p1: Duckycrater|move: Toxic Spikes|[of] p1a: Amoonguss\n|\n|upkeep\n|turn|32\n|\n|t:|1700935587\n|switch|p2a: Garganacl|Garganacl, M, shiny|97\/100\n|move|p1a: Amoonguss|Giga Drain|p2a: Garganacl\n|-supereffective|p2a: Garganacl\n|-damage|p2a: Garganacl|66\/100\n|\n|-heal|p2a: Garganacl|73\/100|[from] item: Leftovers\n|upkeep\n|turn|33\n|\n|t:|1700935591\n|switch|p1a: Clefable|Clefable, F|100\/100\n|move|p2a: Garganacl|Salt Cure|p1a: Clefable\n|-damage|p1a: Clefable|90\/100\n|-start|p1a: Clefable|Salt Cure\n|\n|-heal|p1a: Clefable|96\/100|[from] item: Leftovers\n|-heal|p2a: Garganacl|79\/100|[from] item: Leftovers\n|upkeep\n|turn|34\n|\n|t:|1700935598\n|switch|p2a: Rotom|Rotom-Wash|83\/100\n|move|p1a: Clefable|Moonblast|p2a: Rotom\n|-damage|p2a: Rotom|48\/100\n|\n|-heal|p1a: Clefable|100\/100|[from] item: Leftovers\n|upkeep\n|turn|35\n|\n|t:|1700935605\n|move|p1a: Clefable|Protect|p1a: Clefable\n|-singleturn|p1a: Clefable|Protect\n|move|p2a: Rotom|Hydro Pump|p1a: Clefable\n|-activate|p1a: Clefable|move: Protect\n|\n|upkeep\n|turn|36\n|\n|t:|1700935611\n|switch|p1a: Amoonguss|Amoonguss, F|100\/100\n|move|p2a: Rotom|Will-O-Wisp|p1a: Amoonguss\n|-status|p1a: Amoonguss|brn\n|\n|-damage|p1a: Amoonguss|94\/100 brn|[from] brn\n|upkeep\n|turn|37\n|\n|t:|1700935619\n|switch|p2a: Umbreon|Umbreon, F, shiny|100\/100\n|move|p1a: Amoonguss|Giga Drain|p2a: Umbreon\n|-damage|p2a: Umbreon|87\/100\n|-heal|p1a: Amoonguss|100\/100 brn|[from] drain|[of] p2a: Umbreon\n|\n|-heal|p2a: Umbreon|93\/100|[from] item: Leftovers\n|-damage|p1a: Amoonguss|94\/100 brn|[from] brn\n|upkeep\n|turn|38\n|\n|t:|1700935626\n|switch|p1a: Clefable|Clefable, F|100\/100\n|move|p2a: Umbreon|Wish|p2a: Umbreon\n|\n|-heal|p2a: Umbreon|99\/100|[from] item: Leftovers\n|upkeep\n|turn|39\n|\n|t:|1700935634\n|move|p2a: Umbreon|Yawn|p1a: Clefable\n|-start|p1a: Clefable|move: Yawn|[of] p2a: Umbreon\n|move|p1a: Clefable|Knock Off|p2a: Umbreon\n|-resisted|p2a: Umbreon\n|-damage|p2a: Umbreon|94\/100\n|-enditem|p2a: Umbreon|Leftovers|[from] move: Knock Off|[of] p1a: Clefable\n|\n|-heal|p2a: Umbreon|100\/100|[from] move: Wish|[wisher] Umbreon\n|upkeep\n|turn|40\n|\n|t:|1700935641\n|switch|p1a: Clodsire|Clodsire, M|100\/100\n|move|p2a: Umbreon|Wish|p2a: Umbreon\n|\n|upkeep\n|turn|41\n|\n|t:|1700935646\n|switch|p2a: Rotom|Rotom-Wash|48\/100\n|move|p1a: Clodsire|Spikes|p2a: Rotom\n|-sidestart|p2: liaoya|Spikes\n|\n|-heal|p2a: Rotom|100\/100|[from] move: Wish|[wisher] Umbreon\n|upkeep\n|turn|42\n|\n|t:|1700935652\n|switch|p1a: Amoonguss|Amoonguss, F|100\/100 brn\n|move|p2a: Rotom|Will-O-Wisp|p1a: Amoonguss\n|-fail|p1a: Amoonguss|brn\n|\n|-damage|p1a: Amoonguss|94\/100 brn|[from] brn\n|upkeep\n|turn|43\n|\n|t:|1700935656\n|move|p2a: Rotom|Volt Switch|p1a: Amoonguss\n|-resisted|p1a: Amoonguss\n|-damage|p1a: Amoonguss|79\/100 brn\n|\n|t:|1700935660\n|switch|p2a: Garganacl|Garganacl, M, shiny|79\/100|[from] Volt Switch\n|-damage|p2a: Garganacl|66\/100|[from] Spikes\n|move|p1a: Amoonguss|Toxic|p2a: Garganacl\n|-immune|p2a: Garganacl|[from] ability: Purifying Salt\n|\n|-heal|p2a: Garganacl|73\/100|[from] item: Leftovers\n|-damage|p1a: Amoonguss|73\/100 brn|[from] brn\n|upkeep\n|turn|44\n|\n|t:|1700935664\n|switch|p1a: Clefable|Clefable, F|100\/100\n|move|p2a: Garganacl|Salt Cure|p1a: Clefable\n|-damage|p1a: Clefable|90\/100\n|-start|p1a: Clefable|Salt Cure\n|\n|-heal|p1a: Clefable|96\/100|[from] item: Leftovers\n|-heal|p2a: Garganacl|79\/100|[from] item: Leftovers\n|upkeep\n|turn|45\n|\n|t:|1700935670\n|switch|p2a: Rotom|Rotom-Wash|100\/100\n|move|p1a: Clefable|Moonblast|p2a: Rotom\n|-damage|p2a: Rotom|70\/100\n|\n|-heal|p1a: Clefable|100\/100|[from] item: Leftovers\n|upkeep\n|turn|46\n|\n|t:|1700935678\n|move|p2a: Rotom|Volt Switch|p1a: Clefable\n|-damage|p1a: Clefable|69\/100\n|\n|t:|1700935685\n|switch|p2a: Drifblim|Drifblim, M|58\/100|[from] Volt Switch\n|move|p1a: Clefable|Moonblast|p2a: Drifblim\n|-damage|p2a: Drifblim|17\/100\n|\n|-heal|p1a: Clefable|75\/100|[from] item: Leftovers\n|upkeep\n|turn|47\n|\n|t:|1700935693\n|switch|p2a: Garganacl|Garganacl, M, shiny|79\/100\n|-damage|p2a: Garganacl|66\/100|[from] Spikes\n|move|p1a: Clefable|Protect||[still]\n|-fail|p1a: Clefable\n|\n|-heal|p1a: Clefable|81\/100|[from] item: Leftovers\n|-heal|p2a: Garganacl|73\/100|[from] item: Leftovers\n|upkeep\n|turn|48\n|\n|t:|1700935699\n|move|p1a: Clefable|Moonblast|p2a: Garganacl\n|-damage|p2a: Garganacl|50\/100\n|-unboost|p2a: Garganacl|spa|1\n|move|p2a: Garganacl|Salt Cure|p1a: Clefable\n|-damage|p1a: Clefable|70\/100\n|\n|-heal|p1a: Clefable|76\/100|[from] item: Leftovers\n|-heal|p2a: Garganacl|56\/100|[from] item: Leftovers\n|upkeep\n|turn|49\n|\n|t:|1700935702\n|move|p1a: Clefable|Moonblast|p2a: Garganacl\n|-damage|p2a: Garganacl|35\/100\n|move|p2a: Garganacl|Recover|p2a: Garganacl\n|-heal|p2a: Garganacl|85\/100\n|\n|-heal|p1a: Clefable|82\/100|[from] item: Leftovers\n|-heal|p2a: Garganacl|92\/100|[from] item: Leftovers\n|upkeep\n|turn|50\n|\n|t:|1700935708\n|move|p1a: Clefable|Moonblast|p2a: Garganacl\n|-damage|p2a: Garganacl|70\/100\n|move|p2a: Garganacl|Iron Defense|p2a: Garganacl\n|-boost|p2a: Garganacl|def|2\n|\n|-heal|p1a: Clefable|88\/100|[from] item: Leftovers\n|-heal|p2a: Garganacl|76\/100|[from] item: Leftovers\n|upkeep\n|turn|51\n|\n|t:|1700935712\n|move|p1a: Clefable|Knock Off|p2a: Garganacl\n|-damage|p2a: Garganacl|71\/100\n|-enditem|p2a: Garganacl|Leftovers|[from] move: Knock Off|[of] p1a: Clefable\n|move|p2a: Garganacl|Iron Defense|p2a: Garganacl\n|-boost|p2a: Garganacl|def|2\n|\n|-heal|p1a: Clefable|94\/100|[from] item: Leftovers\n|upkeep\n|turn|52\n|\n|t:|1700935713\n|move|p1a: Clefable|Moonblast|p2a: Garganacl\n|-damage|p2a: Garganacl|50\/100\n|-unboost|p2a: Garganacl|spa|1\n|move|p2a: Garganacl|Body Press|p1a: Clefable\n|-resisted|p1a: Clefable\n|-damage|p1a: Clefable|70\/100\n|\n|-heal|p1a: Clefable|76\/100|[from] item: Leftovers\n|upkeep\n|turn|53\n|\n|t:|1700935716\n|move|p1a: Clefable|Moonblast|p2a: Garganacl\n|-damage|p2a: Garganacl|31\/100\n|move|p2a: Garganacl|Recover|p2a: Garganacl\n|-heal|p2a: Garganacl|81\/100\n|\n|-heal|p1a: Clefable|82\/100|[from] item: Leftovers\n|upkeep\n|turn|54\n|\n|t:|1700935719\n|switch|p1a: Dondozo|Dondozo, M|100\/100\n|move|p2a: Garganacl|Body Press|p1a: Dondozo\n|-damage|p1a: Dondozo|90\/100\n|\n|upkeep\n|turn|55\n|\n|t:|1700935725\n|switch|p1a: Clefable|Clefable, F|82\/100\n|move|p2a: Garganacl|Salt Cure|p1a: Clefable\n|-damage|p1a: Clefable|72\/100\n|-start|p1a: Clefable|Salt Cure\n|\n|-heal|p1a: Clefable|78\/100|[from] item: Leftovers\n|upkeep\n|turn|56\n|\n|t:|1700935729\n|move|p1a: Clefable|Protect|p1a: Clefable\n|-singleturn|p1a: Clefable|Protect\n|move|p2a: Garganacl|Salt Cure|p1a: Clefable\n|-activate|p1a: Clefable|move: Protect\n|\n|-heal|p1a: Clefable|84\/100|[from] item: Leftovers\n|upkeep\n|turn|57\n|\n|t:|1700935735\n|move|p1a: Clefable|Wish|p1a: Clefable\n|move|p2a: Garganacl|Body Press|p1a: Clefable\n|-resisted|p1a: Clefable\n|-crit|p1a: Clefable\n|-damage|p1a: Clefable|45\/100\n|\n|-heal|p1a: Clefable|52\/100|[from] item: Leftovers\n|upkeep\n|turn|58\n|\n|t:|1700935741\n|switch|p2a: Glimmora|Glimmora, M|31\/100\n|-damage|p2a: Glimmora|18\/100|[from] Spikes\n|move|p1a: Clefable|Moonblast|p2a: Glimmora\n|-resisted|p2a: Glimmora\n|-damage|p2a: Glimmora|0 fnt\n|faint|p2a: Glimmora\n|\n|-heal|p1a: Clefable|100\/100|[from] move: Wish|[wisher] Clefable\n|upkeep\n|\n|t:|1700935747\n|switch|p2a: Drifblim|Drifblim, M|17\/100\n|turn|59\n|\n|t:|1700935752\n|switch|p1a: Blissey|Blissey, F|58\/100\n|move|p2a: Drifblim|Defog|p1a: Blissey\n|-unboost|p1a: Blissey|evasion|1\n|-sideend|p2: liaoya|Spikes|[from] move: Defog|[of] p2a: Drifblim\n|\n|upkeep\n|turn|60\n|\n|t:|1700935758\n|switch|p2a: Garganacl|Garganacl, M, shiny|81\/100\n|move|p1a: Blissey|Stealth Rock|p2a: Garganacl\n|-sidestart|p2: liaoya|move: Stealth Rock\n|\n|upkeep\n|turn|61\n|c|\u2606Duckycrater|choice scarf defog\n|\n|t:|1700935771\n|switch|p1a: Clefable|Clefable, F|100\/100\n|move|p2a: Garganacl|Salt Cure|p1a: Clefable\n|-damage|p1a: Clefable|89\/100\n|-start|p1a: Clefable|Salt Cure\n|\n|-heal|p1a: Clefable|95\/100|[from] item: Leftovers\n|upkeep\n|turn|62\n|\n|t:|1700935778\n|switch|p2a: Rotom|Rotom-Wash|70\/100\n|-damage|p2a: Rotom|57\/100|[from] Stealth Rock\n|move|p1a: Clefable|Moonblast|p2a: Rotom\n|-damage|p2a: Rotom|25\/100\n|\n|-heal|p1a: Clefable|100\/100|[from] item: Leftovers\n|upkeep\n|turn|63\n|\n|t:|1700935783\n|move|p2a: Rotom|Volt Switch|p1a: Clefable\n|-damage|p1a: Clefable|69\/100\n|\n|t:|1700935786\n|switch|p2a: Garganacl|Garganacl, M, shiny|81\/100|[from] Volt Switch\n|-damage|p2a: Garganacl|69\/100|[from] Stealth Rock\n|move|p1a: Clefable|Moonblast|p2a: Garganacl\n|-crit|p2a: Garganacl\n|-damage|p2a: Garganacl|38\/100\n|\n|-heal|p1a: Clefable|75\/100|[from] item: Leftovers\n|upkeep\n|turn|64\n|c|\u2606Duckycrater|choice scarf defog on a rocks weak mon no less\n|\n|t:|1700935796\n|move|p1a: Clefable|Moonblast|p2a: Garganacl\n|-damage|p2a: Garganacl|18\/100\n|move|p2a: Garganacl|Recover|p2a: Garganacl\n|-heal|p2a: Garganacl|68\/100\n|\n|-heal|p1a: Clefable|81\/100|[from] item: Leftovers\n|upkeep\n|turn|65\n|\n|t:|1700935802\n|move|p1a: Clefable|Moonblast|p2a: Garganacl\n|-damage|p2a: Garganacl|48\/100\n|move|p2a: Garganacl|Salt Cure|p1a: Clefable\n|-damage|p1a: Clefable|71\/100\n|\n|-heal|p1a: Clefable|77\/100|[from] item: Leftovers\n|upkeep\n|turn|66\n|\n|t:|1700935805\n|move|p1a: Clefable|Knock Off|p2a: Garganacl\n|-damage|p2a: Garganacl|40\/100\n|move|p2a: Garganacl|Recover|p2a: Garganacl\n|-heal|p2a: Garganacl|90\/100\n|\n|-heal|p1a: Clefable|83\/100|[from] item: Leftovers\n|upkeep\n|turn|67\n|\n|t:|1700935811\n|move|p1a: Clefable|Knock Off|p2a: Garganacl\n|-damage|p2a: Garganacl|83\/100\n|move|p2a: Garganacl|Iron Defense|p2a: Garganacl\n|-boost|p2a: Garganacl|def|2\n|\n|-heal|p1a: Clefable|89\/100|[from] item: Leftovers\n|upkeep\n|turn|68\n|\n|t:|1700935815\n|switch|p1a: Alomomola|Alomomola, M|100\/100\n|move|p2a: Garganacl|Iron Defense|p2a: Garganacl\n|-boost|p2a: Garganacl|def|2\n|\n|upkeep\n|turn|69\n|\n|t:|1700935818\n|move|p1a: Alomomola|Flip Turn|p2a: Garganacl\n|-supereffective|p2a: Garganacl\n|-damage|p2a: Garganacl|75\/100\n|\n|t:|1700935821\n|switch|p1a: Clefable|Clefable, F|89\/100|[from] Flip Turn\n|move|p2a: Garganacl|Salt Cure|p1a: Clefable\n|-damage|p1a: Clefable|79\/100\n|-start|p1a: Clefable|Salt Cure\n|\n|-heal|p1a: Clefable|85\/100|[from] item: Leftovers\n|upkeep\n|turn|70\n|\n|t:|1700935826\n|switch|p1a: Alomomola|Alomomola, M|100\/100\n|move|p2a: Garganacl|Body Press|p1a: Alomomola\n|-damage|p1a: Alomomola|66\/100\n|\n|upkeep\n|turn|71\n|\n|t:|1700935831\n|switch|p1a: Clefable|Clefable, F|85\/100\n|move|p2a: Garganacl|Iron Defense|p2a: Garganacl\n|-boost|p2a: Garganacl|def|2\n|\n|-heal|p1a: Clefable|91\/100|[from] item: Leftovers\n|upkeep\n|turn|72\n|\n|t:|1700935834\n|switch|p1a: Alomomola|Alomomola, M|99\/100\n|move|p2a: Garganacl|Body Press|p1a: Alomomola\n|-damage|p1a: Alomomola|51\/100\n|\n|upkeep\n|turn|73\n|\n|t:|1700935840\n|move|p1a: Alomomola|Protect|p1a: Alomomola\n|-singleturn|p1a: Alomomola|Protect\n|move|p2a: Garganacl|Body Press|p1a: Alomomola\n|-activate|p1a: Alomomola|move: Protect\n|\n|upkeep\n|turn|74\n|\n|t:|1700935844\n|switch|p1a: Clefable|Clefable, F|91\/100\n|move|p2a: Garganacl|Body Press|p1a: Clefable\n|-resisted|p1a: Clefable\n|-damage|p1a: Clefable|58\/100\n|\n|-heal|p1a: Clefable|64\/100|[from] item: Leftovers\n|upkeep\n|turn|75\n|\n|t:|1700935848\n|move|p1a: Clefable|Wish|p1a: Clefable\n|move|p2a: Garganacl|Body Press|p1a: Clefable\n|-resisted|p1a: Clefable\n|-damage|p1a: Clefable|32\/100\n|\n|-heal|p1a: Clefable|38\/100|[from] item: Leftovers\n|upkeep\n|turn|76\n|\n|t:|1700935851\n|move|p1a: Clefable|Protect|p1a: Clefable\n|-singleturn|p1a: Clefable|Protect\n|move|p2a: Garganacl|Body Press|p1a: Clefable\n|-activate|p1a: Clefable|move: Protect\n|\n|-heal|p1a: Clefable|88\/100|[from] move: Wish|[wisher] Clefable\n|-heal|p1a: Clefable|94\/100|[from] item: Leftovers\n|upkeep\n|turn|77\n|\n|t:|1700935853\n|move|p1a: Clefable|Wish|p1a: Clefable\n|move|p2a: Garganacl|Body Press|p1a: Clefable\n|-resisted|p1a: Clefable\n|-damage|p1a: Clefable|59\/100\n|\n|-heal|p1a: Clefable|65\/100|[from] item: Leftovers\n|upkeep\n|turn|78\n|\n|t:|1700935860\n|move|p1a: Clefable|Protect|p1a: Clefable\n|-singleturn|p1a: Clefable|Protect\n|move|p2a: Garganacl|Iron Defense|p2a: Garganacl\n|-boost|p2a: Garganacl|def|0\n|\n|-heal|p1a: Clefable|100\/100|[from] move: Wish|[wisher] Clefable\n|upkeep\n|turn|79\n|\n|t:|1700935863\n|move|p1a: Clefable|Wish|p1a: Clefable\n|move|p2a: Garganacl|Iron Defense|p2a: Garganacl\n|-boost|p2a: Garganacl|def|0\n|\n|upkeep\n|turn|80\n|\n|t:|1700935867\n|move|p1a: Clefable|Knock Off|p2a: Garganacl\n|-damage|p2a: Garganacl|74\/100\n|move|p2a: Garganacl|Body Press|p1a: Clefable\n|-resisted|p1a: Clefable\n|-damage|p1a: Clefable|69\/100\n|\n|-heal|p1a: Clefable|100\/100|[from] move: Wish|[wisher] Clefable\n|upkeep\n|turn|81\n|\n|t:|1700935870\n|switch|p1a: Alomomola|Alomomola, M|84\/100\n|move|p2a: Garganacl|Iron Defense|p2a: Garganacl\n|-boost|p2a: Garganacl|def|0\n|\n|upkeep\n|turn|82\n|\n|t:|1700935874\n|switch|p1a: Clefable|Clefable, F|100\/100\n|move|p2a: Garganacl|Body Press|p1a: Clefable\n|-resisted|p1a: Clefable\n|-damage|p1a: Clefable|65\/100\n|\n|-heal|p1a: Clefable|71\/100|[from] item: Leftovers\n|upkeep\n|turn|83\n|\n|t:|1700935879\n|switch|p2a: Umbreon|Umbreon, F, shiny|100\/100\n|-damage|p2a: Umbreon|88\/100|[from] Stealth Rock\n|move|p1a: Clefable|Protect||[still]\n|-fail|p1a: Clefable\n|\n|-heal|p1a: Clefable|77\/100|[from] item: Leftovers\n|upkeep\n|turn|84\n|\n|t:|1700935883\n|move|p2a: Umbreon|Wish|p2a: Umbreon\n|move|p1a: Clefable|Knock Off|p2a: Umbreon\n|-resisted|p2a: Umbreon\n|-damage|p2a: Umbreon|85\/100\n|\n|-heal|p1a: Clefable|83\/100|[from] item: Leftovers\n|upkeep\n|turn|85\n|\n|t:|1700935890\n|switch|p1a: Alomomola|Alomomola, M|100\/100\n|move|p2a: Umbreon|Yawn|p1a: Alomomola\n|-start|p1a: Alomomola|move: Yawn|[of] p2a: Umbreon\n|\n|-heal|p2a: Umbreon|100\/100|[from] move: Wish|[wisher] Umbreon\n|upkeep\n|turn|86\n|\n|t:|1700935896\n|switch|p1a: Clodsire|Clodsire, M|100\/100\n|move|p2a: Umbreon|Wish|p2a: Umbreon\n|\n|upkeep\n|turn|87\n|\n|t:|1700935899\n|switch|p2a: Garganacl|Garganacl, M, shiny|74\/100\n|-damage|p2a: Garganacl|61\/100|[from] Stealth Rock\n|move|p1a: Clodsire|Spikes|p2a: Garganacl\n|-sidestart|p2: liaoya|Spikes\n|\n|-heal|p2a: Garganacl|100\/100|[from] move: Wish|[wisher] Umbreon\n|upkeep\n|turn|88\n|\n|t:|1700935909\n|switch|p2a: Rotom|Rotom-Wash|25\/100\n|-damage|p2a: Rotom|13\/100|[from] Stealth Rock\n|move|p1a: Clodsire|Spikes|p2a: Rotom\n|-sidestart|p2: liaoya|Spikes\n|\n|upkeep\n|turn|89\n|\n|t:|1700935912\n|move|p2a: Rotom|Will-O-Wisp|p1a: Clodsire\n|-status|p1a: Clodsire|brn\n|move|p1a: Clodsire|Spikes|p2a: Rotom\n|-sidestart|p2: liaoya|Spikes\n|\n|-damage|p1a: Clodsire|94\/100 brn|[from] brn\n|upkeep\n|turn|90\n|\n|t:|1700935915\n|switch|p1a: Blissey|Blissey, F|58\/100\n|move|p2a: Rotom|Hydro Pump|p1a: Blissey\n|-damage|p1a: Blissey|45\/100\n|\n|upkeep\n|turn|91\n|\n|t:|1700935919\n|move|p2a: Rotom|Volt Switch|p1a: Blissey\n|-damage|p1a: Blissey|36\/100\n|\n|t:|1700935921\n|switch|p2a: Garganacl|Garganacl, M, shiny|100\/100|[from] Volt Switch\n|-damage|p2a: Garganacl|88\/100|[from] Stealth Rock\n|-damage|p2a: Garganacl|63\/100|[from] Spikes\n|move|p1a: Blissey|Soft-Boiled|p1a: Blissey\n|-heal|p1a: Blissey|86\/100\n|\n|upkeep\n|turn|92\n|\n|t:|1700935925\n|switch|p1a: Alomomola|Alomomola, M|100\/100\n|move|p2a: Garganacl|Iron Defense|p2a: Garganacl\n|-boost|p2a: Garganacl|def|2\n|\n|upkeep\n|turn|93\n|\n|t:|1700935930\n|move|p1a: Alomomola|Scald|p2a: Garganacl\n|-supereffective|p2a: Garganacl\n|-damage|p2a: Garganacl|45\/100\n|move|p2a: Garganacl|Iron Defense|p2a: Garganacl\n|-boost|p2a: Garganacl|def|2\n|\n|upkeep\n|turn|94\n|\n|t:|1700935933\n|move|p1a: Alomomola|Scald|p2a: Garganacl\n|-supereffective|p2a: Garganacl\n|-damage|p2a: Garganacl|26\/100\n|move|p2a: Garganacl|Body Press|p1a: Alomomola\n|-damage|p1a: Alomomola|65\/100\n|\n|upkeep\n|turn|95\n|\n|t:|1700935940\n|switch|p1a: Clefable|Clefable, F|83\/100\n|move|p2a: Garganacl|Recover|p2a: Garganacl\n|-heal|p2a: Garganacl|76\/100\n|\n|-heal|p1a: Clefable|89\/100|[from] item: Leftovers\n|upkeep\n|turn|96\n|\n|t:|1700935946\n|move|p1a: Clefable|Wish|p1a: Clefable\n|move|p2a: Garganacl|Iron Defense|p2a: Garganacl\n|-boost|p2a: Garganacl|def|2\n|\n|-heal|p1a: Clefable|95\/100|[from] item: Leftovers\n|upkeep\n|turn|97\n|\n|t:|1700935949\n|switch|p1a: Alomomola|Alomomola, M|98\/100\n|move|p2a: Garganacl|Iron Defense|p2a: Garganacl\n|-boost|p2a: Garganacl|def|0\n|\n|-heal|p1a: Alomomola|100\/100|[from] move: Wish|[wisher] Clefable\n|upkeep\n|turn|98\n|\n|t:|1700935954\n|move|p1a: Alomomola|Protect|p1a: Alomomola\n|-singleturn|p1a: Alomomola|Protect\n|move|p2a: Garganacl|Iron Defense|p2a: Garganacl\n|-boost|p2a: Garganacl|def|0\n|\n|upkeep\n|turn|99\n|\n|t:|1700935957\n|switch|p1a: Clefable|Clefable, F|95\/100\n|move|p2a: Garganacl|Body Press|p1a: Clefable\n|-resisted|p1a: Clefable\n|-damage|p1a: Clefable|62\/100\n|\n|-heal|p1a: Clefable|68\/100|[from] item: Leftovers\n|upkeep\n|turn|100\n|\n|t:|1700935961\n|move|p1a: Clefable|Wish|p1a: Clefable\n|move|p2a: Garganacl|Salt Cure|p1a: Clefable\n|-damage|p1a: Clefable|57\/100\n|-start|p1a: Clefable|Salt Cure\n|\n|-heal|p1a: Clefable|63\/100|[from] item: Leftovers\n|upkeep\n|turn|101\n|-message|liaoya forfeited.\n|\n|win|Duckycrater\n|raw|Duckycrater's rating: 1641 &rarr; <strong>1657<\/strong><br \/>(+16 for winning)\n|raw|liaoya's rating: 1576 &rarr; <strong>1560<\/strong><br \/>(-16 for losing)\n|l|\u2606liaoya\n","uploadtime":1700935972,"views":0,"p1id":"duckycrater","p2id":"liaoya","formatid":"gen9ou","rating":1560,"private":0,"password":""}