{"id":"gen9ou-1994182906","p1":"fawaboi","p2":"podarakia44","format":"[Gen 9] OU","log":"|j|\u2606fawaboi\n|j|\u2606podarakia44\n|t:|1700416300\n|gametype|singles\n|player|p1|fawaboi|2|1108\n|player|p2|podarakia44|flannery|1156\n|teamsize|p1|6\n|teamsize|p2|6\n|gen|9\n|tier|[Gen 9] OU\n|rated|\n|rule|Sleep Clause Mod: Limit one foe put to sleep\n|rule|Species Clause: Limit one of each Pok\u00e9mon\n|rule|OHKO Clause: OHKO moves are banned\n|rule|Evasion Items Clause: Evasion items are banned\n|rule|Evasion Moves Clause: Evasion moves are banned\n|rule|Endless Battle Clause: Forcing endless battles is banned\n|rule|HP Percentage Mod: HP is shown in percentages\n|clearpoke\n|poke|p1|Alomomola, M|\n|poke|p1|Kingambit, F|\n|poke|p1|Blissey, F|\n|poke|p1|Thundurus-Therian, M|\n|poke|p1|Zamazenta-*|\n|poke|p1|Maushold-Four|\n|poke|p2|Tinkaton, F|\n|poke|p2|Skeledirge, M|\n|poke|p2|Zamazenta-*|\n|poke|p2|Greninja-*, M|\n|poke|p2|Zapdos|\n|poke|p2|Great Tusk|\n|teampreview\n|inactive|Battle timer is ON: inactive players will automatically lose when time's up. (requested by fawaboi)\n|\n|t:|1700416310\n|start\n|switch|p1a: Maushold|Maushold-Four|100\/100\n|switch|p2a: ranga|Zamazenta|100\/100\n|-ability|p2a: ranga|Dauntless Shield|boost\n|-boost|p2a: ranga|def|1\n|turn|1\n|\n|t:|1700416319\n|switch|p1a: Thundurus|Thundurus-Therian, M|100\/100\n|move|p2a: ranga|Body Press|p1a: Thundurus\n|-resisted|p1a: Thundurus\n|-damage|p1a: Thundurus|65\/100\n|\n|upkeep\n|turn|2\n|\n|t:|1700416326\n|move|p2a: ranga|Iron Defense|p2a: ranga\n|-boost|p2a: ranga|def|2\n|move|p1a: Thundurus|Knock Off|p2a: ranga\n|-resisted|p2a: ranga\n|-damage|p2a: ranga|97\/100\n|-enditem|p2a: ranga|Leftovers|[from] move: Knock Off|[of] p1a: Thundurus\n|\n|upkeep\n|turn|3\n|\n|t:|1700416335\n|move|p2a: ranga|Iron Defense|p2a: ranga\n|-boost|p2a: ranga|def|2\n|move|p1a: Thundurus|Thunderbolt|p2a: ranga\n|-damage|p2a: ranga|46\/100\n|\n|upkeep\n|turn|4\n|\n|t:|1700416341\n|move|p2a: ranga|Body Press|p1a: Thundurus\n|-resisted|p1a: Thundurus\n|-damage|p1a: Thundurus|0 fnt\n|faint|p1a: Thundurus\n|\n|upkeep\n|\n|t:|1700416352\n|switch|p1a: Alomomola|Alomomola, M|100\/100\n|turn|5\n|\n|t:|1700416359\n|move|p2a: ranga|Body Press|p1a: Alomomola\n|-damage|p1a: Alomomola|16\/100\n|move|p1a: Alomomola|Scald|p2a: ranga\n|-crit|p2a: ranga\n|-damage|p2a: ranga|27\/100\n|\n|-heal|p1a: Alomomola|22\/100|[from] item: Leftovers\n|upkeep\n|turn|6\n|\n|t:|1700416372\n|move|p1a: Alomomola|Protect|p1a: Alomomola\n|-singleturn|p1a: Alomomola|Protect\n|move|p2a: ranga|Body Press|p1a: Alomomola\n|-activate|p1a: Alomomola|move: Protect\n|\n|-heal|p1a: Alomomola|28\/100|[from] item: Leftovers\n|upkeep\n|turn|7\n|\n|t:|1700416381\n|move|p2a: ranga|Body Press|p1a: Alomomola\n|-damage|p1a: Alomomola|0 fnt\n|faint|p1a: Alomomola\n|\n|upkeep\n|\n|t:|1700416386\n|switch|p1a: Maushold|Maushold-Four|100\/100\n|turn|8\n|\n|t:|1700416392\n|move|p2a: ranga|Body Press|p1a: Maushold\n|-supereffective|p1a: Maushold\n|-damage|p1a: Maushold|0 fnt\n|faint|p1a: Maushold\n|\n|upkeep\n|\n|t:|1700416398\n|switch|p1a: Zamazenta|Zamazenta|100\/100\n|-ability|p1a: Zamazenta|Dauntless Shield|boost\n|-boost|p1a: Zamazenta|def|1\n|turn|9\n|\n|t:|1700416410\n|move|p1a: Zamazenta|Iron Defense|p1a: Zamazenta\n|-boost|p1a: Zamazenta|def|2\n|move|p2a: ranga|Body Press|p1a: Zamazenta\n|-damage|p1a: Zamazenta|67\/100\n|\n|-heal|p1a: Zamazenta|73\/100|[from] item: Leftovers\n|upkeep\n|turn|10\n|\n|t:|1700416421\n|switch|p2a: kitrino peos|Zapdos, shiny|100\/100\n|move|p1a: Zamazenta|Iron Defense|p1a: Zamazenta\n|-boost|p1a: Zamazenta|def|2\n|\n|-heal|p1a: Zamazenta|80\/100|[from] item: Leftovers\n|upkeep\n|turn|11\n|\n|t:|1700416428\n|-terastallize|p1a: Zamazenta|Fighting\n|move|p1a: Zamazenta|Body Press|p2a: kitrino peos\n|-resisted|p2a: kitrino peos\n|-damage|p2a: kitrino peos|5\/100\n|move|p2a: kitrino peos|Hurricane|p1a: Zamazenta\n|-supereffective|p1a: Zamazenta\n|-damage|p1a: Zamazenta|0 fnt\n|faint|p1a: Zamazenta\n|\n|upkeep\n|\n|t:|1700416437\n|switch|p1a: Kingambit|Kingambit, F|100\/100\n|-activate|p1a: Kingambit|ability: Supreme Overlord\n|-start|p1a: Kingambit|fallen4|[silent]\n|turn|12\n|\n|t:|1700416441\n|move|p2a: kitrino peos|Roost|p2a: kitrino peos\n|-heal|p2a: kitrino peos|55\/100\n|-singleturn|p2a: kitrino peos|move: Roost\n|move|p1a: Kingambit|Kowtow Cleave|p2a: kitrino peos\n|-damage|p2a: kitrino peos|0 fnt\n|-status|p1a: Kingambit|par|[from] ability: Static|[of] p2a: kitrino peos\n|faint|p2a: kitrino peos\n|\n|upkeep\n|\n|t:|1700416452\n|switch|p2a: ranga|Zamazenta|27\/100\n|turn|13\n|\n|t:|1700416457\n|cant|p1a: Kingambit|par\n|move|p2a: ranga|Body Press|p1a: Kingambit\n|-supereffective|p1a: Kingambit\n|-crit|p1a: Kingambit\n|-damage|p1a: Kingambit|0 fnt\n|faint|p1a: Kingambit\n|-end|p1a: Kingambit|fallen4|[silent]\n|\n|upkeep\n|\n|t:|1700416463\n|switch|p1a: Blissey|Blissey, F|100\/100\n|turn|14\n|\n|t:|1700416467\n|move|p2a: ranga|Body Press|p1a: Blissey\n|-supereffective|p1a: Blissey\n|-damage|p1a: Blissey|0 fnt\n|faint|p1a: Blissey\n|\n|win|podarakia44\n|raw|fawaboi's rating: 1108 &rarr; <strong>1086<\/strong><br \/>(-22 for losing)\n|raw|podarakia44's rating: 1156 &rarr; <strong>1178<\/strong><br \/>(+22 for winning)\n|l|\u2606fawaboi\n","uploadtime":1700416481,"views":14,"p1id":"fawaboi","p2id":"podarakia44","formatid":"gen9ou","rating":1086,"private":0,"password":""}