{"id":"gen9ou-1994843072","p1":"GoatjoGlazer","p2":"QuackBarz","format":"[Gen 9] OU","log":"|j|\u2606GoatjoGlazer\n|j|\u2606QuackBarz\n|t:|1700497871\n|gametype|singles\n|player|p1|GoatjoGlazer|lusamine-nihilego|1195\n|player|p2|QuackBarz|265|1229\n|teamsize|p1|6\n|teamsize|p2|6\n|gen|9\n|tier|[Gen 9] OU\n|rated|\n|rule|Sleep Clause Mod: Limit one foe put to sleep\n|rule|Species Clause: Limit one of each Pok\u00e9mon\n|rule|OHKO Clause: OHKO moves are banned\n|rule|Evasion Items Clause: Evasion items are banned\n|rule|Evasion Moves Clause: Evasion moves are banned\n|rule|Endless Battle Clause: Forcing endless battles is banned\n|rule|HP Percentage Mod: HP is shown in percentages\n|clearpoke\n|poke|p1|Slowking-Galar, M|\n|poke|p1|Dipplin, M|\n|poke|p1|Glimmora, M|\n|poke|p1|Iron Valiant|\n|poke|p1|Kommo-o, M|\n|poke|p1|Ogerpon-Wellspring, F|\n|poke|p2|Gastrodon, F|\n|poke|p2|Landorus-Therian, M|\n|poke|p2|Mandibuzz, F|\n|poke|p2|Gengar, F|\n|poke|p2|Zapdos|\n|poke|p2|Weavile, M|\n|teampreview\n|\n|t:|1700497877\n|start\n|switch|p1a: Aki bp|Glimmora, M|100\/100\n|switch|p2a: Gengar|Gengar, F|100\/100\n|turn|1\n|\n|t:|1700497949\n|move|p2a: Gengar|Focus Blast|p1a: Aki bp\n|-damage|p1a: Aki bp|52\/100\n|move|p1a: Aki bp|Earth Power|p2a: Gengar\n|-supereffective|p2a: Gengar\n|-damage|p2a: Gengar|21\/100\n|\n|upkeep\n|turn|2\n|inactive|Battle timer is ON: inactive players will automatically lose when time's up. (requested by GoatjoGlazer)\n|\n|t:|1700497986\n|switch|p2a: Zapdos|Zapdos|100\/100\n|move|p1a: Aki bp|Earth Power|p2a: Zapdos\n|-immune|p2a: Zapdos\n|\n|upkeep\n|turn|3\n|\n|t:|1700498001\n|move|p2a: Zapdos|Thunder|p1a: Aki bp\n|-damage|p1a: Aki bp|0 fnt\n|faint|p1a: Aki bp\n|-damage|p2a: Zapdos|91\/100|[from] item: Life Orb\n|\n|upkeep\n|\n|t:|1700498017\n|switch|p1a: Kenjaku|Slowking-Galar, M, shiny|100\/100\n|turn|4\n|\n|t:|1700498026\n|move|p2a: Zapdos|Thunder|p1a: Kenjaku\n|-damage|p1a: Kenjaku|35\/100\n|-status|p1a: Kenjaku|par\n|-damage|p2a: Zapdos|81\/100|[from] item: Life Orb\n|cant|p1a: Kenjaku|par\n|\n|-heal|p1a: Kenjaku|41\/100 par|[from] item: Leftovers\n|upkeep\n|turn|5\n|\n|t:|1700498051\n|switch|p1a: Dripplin|Dipplin, M|100\/100\n|move|p2a: Zapdos|Tailwind|p2a: Zapdos\n|-sidestart|p2: QuackBarz|move: Tailwind\n|\n|upkeep\n|turn|6\n|\n|t:|1700498068\n|-terastallize|p1a: Dripplin|Dragon\n|move|p2a: Zapdos|Hurricane|p1a: Dripplin\n|-damage|p1a: Dripplin|40\/100\n|-start|p1a: Dripplin|confusion\n|-damage|p2a: Zapdos|71\/100|[from] item: Life Orb\n|-activate|p1a: Dripplin|confusion\n|move|p1a: Dripplin|Draco Meteor|p2a: Zapdos\n|-damage|p2a: Zapdos|0 fnt\n|-unboost|p1a: Dripplin|spa|2\n|faint|p2a: Zapdos\n|\n|upkeep\n|\n|t:|1700498076\n|switch|p2a: Weavile|Weavile, M|100\/100\n|turn|7\n|\n|t:|1700498081\n|switch|p1a: Kenjaku|Slowking-Galar, M, shiny|74\/100 par\n|move|p2a: Weavile|Swords Dance|p2a: Weavile\n|-boost|p2a: Weavile|atk|2\n|\n|-heal|p1a: Kenjaku|80\/100 par|[from] item: Leftovers\n|upkeep\n|turn|8\n|\n|t:|1700498089\n|move|p2a: Weavile|Knock Off|p1a: Kenjaku\n|-supereffective|p1a: Kenjaku\n|-damage|p1a: Kenjaku|0 fnt\n|-enditem|p1a: Kenjaku|Leftovers|[from] move: Knock Off|[of] p2a: Weavile\n|faint|p1a: Kenjaku\n|\n|-sideend|p2: QuackBarz|move: Tailwind\n|upkeep\n|\n|t:|1700498095\n|switch|p1a: Goatjo|Iron Valiant|100\/100\n|-enditem|p1a: Goatjo|Booster Energy\n|-activate|p1a: Goatjo|ability: Quark Drive|[fromitem]\n|-start|p1a: Goatjo|quarkdrivespe\n|turn|9\n|\n|t:|1700498113\n|-terastallize|p2a: Weavile|Fairy\n|move|p1a: Goatjo|Aura Sphere|p2a: Weavile\n|-resisted|p2a: Weavile\n|-damage|p2a: Weavile|74\/100\n|move|p2a: Weavile|Icicle Crash|p1a: Goatjo\n|-damage|p1a: Goatjo|0 fnt\n|faint|p1a: Goatjo\n|-end|p1a: Goatjo|Quark Drive|[silent]\n|\n|upkeep\n|\n|t:|1700498117\n|switch|p1a: TuskActIV|Kommo-o, M, shiny|100\/100\n|turn|10\n|\n|t:|1700498120\n|move|p2a: Weavile|Icicle Crash|p1a: TuskActIV\n|-supereffective|p1a: TuskActIV\n|-damage|p1a: TuskActIV|0 fnt\n|faint|p1a: TuskActIV\n|\n|upkeep\n|\n|t:|1700498124\n|switch|p1a: Dripplin|Dipplin, M, tera:Dragon|40\/100\n|turn|11\n|\n|t:|1700498126\n|move|p2a: Weavile|Ice Shard|p1a: Dripplin\n|-supereffective|p1a: Dripplin\n|-damage|p1a: Dripplin|0 fnt\n|faint|p1a: Dripplin\n|\n|upkeep\n|-message|GoatjoGlazer forfeited.\n|\n|win|QuackBarz\n|raw|GoatjoGlazer's rating: 1195 &rarr; <strong>1174<\/strong><br \/>(-21 for losing)\n|raw|QuackBarz's rating: 1244 &rarr; <strong>1265<\/strong><br \/>(+21 for winning)\n|l|\u2606GoatjoGlazer\n","uploadtime":1700498134,"views":5,"p1id":"goatjoglazer","p2id":"quackbarz","formatid":"gen9ou","rating":1174,"private":0,"password":""}