{"id":"gen9ou-2000242179","p1":"testing a funni3","p2":"Meliodassgr","format":"[Gen 9] OU","log":"|j|\u2606testing a funni3\n|j|\u2606Meliodassgr\n|t:|1701176608\n|gametype|singles\n|player|p1|testing a funni3|unknownf|1339\n|player|p2|Meliodassgr|unknown|1340\n|teamsize|p1|6\n|teamsize|p2|6\n|gen|9\n|tier|[Gen 9] OU\n|rated|\n|rule|Sleep Clause Mod: Limit one foe put to sleep\n|rule|Species Clause: Limit one of each Pok\u00e9mon\n|rule|OHKO Clause: OHKO moves are banned\n|rule|Evasion Items Clause: Evasion items are banned\n|rule|Evasion Moves Clause: Evasion moves are banned\n|rule|Endless Battle Clause: Forcing endless battles is banned\n|rule|HP Percentage Mod: HP is shown in percentages\n|clearpoke\n|poke|p1|Walking Wake|\n|poke|p1|Maushold-Four|\n|poke|p1|Dragonite, F|\n|poke|p1|Weezing-Galar, M|\n|poke|p1|Great Tusk|\n|poke|p1|Muk-Alola, F|\n|poke|p2|Lokix, M|\n|poke|p2|Ribombee, M|\n|poke|p2|Gholdengo|\n|poke|p2|Moltres|\n|poke|p2|Ogerpon-Wellspring, F|\n|poke|p2|Conkeldurr, F|\n|teampreview\n|\n|t:|1701176618\n|start\n|switch|p1a: Maushold|Maushold-Four|100\/100\n|switch|p2a: Lokix|Lokix, M|100\/100\n|turn|1\n|\n|t:|1701176628\n|switch|p1a: Weezing|Weezing-Galar, M|100\/100\n|move|p2a: Lokix|First Impression|p1a: Weezing\n|-resisted|p1a: Weezing\n|-damage|p1a: Weezing|67\/100\n|\n|upkeep\n|turn|2\n|\n|t:|1701176638\n|switch|p2a: Ribombee|Ribombee, M|100\/100\n|move|p1a: Weezing|Strange Steam|p2a: Ribombee\n|-enditem|p2a: Ribombee|Focus Sash\n|-damage|p2a: Ribombee|1\/100\n|\n|upkeep\n|turn|3\n|\n|t:|1701176645\n|move|p2a: Ribombee|Sticky Web|p1a: Weezing\n|-sidestart|p1: testing a funni3|move: Sticky Web\n|move|p1a: Weezing|Strange Steam|p2a: Ribombee\n|-damage|p2a: Ribombee|0 fnt\n|faint|p2a: Ribombee\n|\n|upkeep\n|\n|t:|1701176649\n|switch|p2a: Gholdengo|Gholdengo|100\/100\n|-item|p2a: Gholdengo|Air Balloon\n|turn|4\n|\n|t:|1701176655\n|switch|p1a: Walking Wake|Walking Wake|100\/100\n|-activate|p1a: Walking Wake|move: Sticky Web\n|-unboost|p1a: Walking Wake|spe|1\n|move|p2a: Gholdengo|Nasty Plot|p2a: Gholdengo\n|-boost|p2a: Gholdengo|spa|2\n|\n|upkeep\n|turn|5\n|\n|t:|1701176663\n|move|p1a: Walking Wake|Flamethrower|p2a: Gholdengo\n|-supereffective|p2a: Gholdengo\n|-damage|p2a: Gholdengo|27\/100\n|-status|p2a: Gholdengo|brn\n|-enditem|p2a: Gholdengo|Air Balloon\n|move|p2a: Gholdengo|Shadow Ball|p1a: Walking Wake\n|-damage|p1a: Walking Wake|7\/100\n|\n|-damage|p2a: Gholdengo|21\/100 brn|[from] brn\n|upkeep\n|turn|6\n|\n|t:|1701176670\n|switch|p2a: Ogerpon|Ogerpon-Wellspring, F|100\/100\n|move|p1a: Walking Wake|Flamethrower|p2a: Ogerpon\n|-damage|p2a: Ogerpon|66\/100\n|\n|upkeep\n|turn|7\n|\n|t:|1701176676\n|-end|p1a: Walking Wake|Protosynthesis|[silent]\n|switch|p1a: Dragonite|Dragonite, F|100\/100\n|move|p2a: Ogerpon|Ivy Cudgel|p1a: Dragonite|[anim] Ivy Cudgel Water\n|-resisted|p1a: Dragonite\n|-damage|p1a: Dragonite|86\/100\n|\n|upkeep\n|turn|8\n|\n|t:|1701176680\n|switch|p2a: Moltres|Moltres|100\/100\n|move|p1a: Dragonite|Extreme Speed|p2a: Moltres\n|-damage|p2a: Moltres|54\/100\n|\n|upkeep\n|turn|9\n|\n|t:|1701176694\n|switch|p1a: Muk|Muk-Alola, F|100\/100\n|-activate|p1a: Muk|move: Sticky Web\n|-unboost|p1a: Muk|spe|1\n|move|p2a: Moltres|Will-O-Wisp|p1a: Muk\n|-status|p1a: Muk|brn\n|\n|-damage|p1a: Muk|94\/100 brn|[from] brn\n|upkeep\n|turn|10\n|\n|t:|1701176698\n|move|p2a: Moltres|Roost|p2a: Moltres\n|-heal|p2a: Moltres|100\/100\n|-singleturn|p2a: Moltres|move: Roost\n|move|p1a: Muk|Knock Off|p2a: Moltres\n|-damage|p2a: Moltres|84\/100\n|-enditem|p2a: Moltres|Heavy-Duty Boots|[from] move: Knock Off|[of] p1a: Muk\n|\n|-heal|p1a: Muk|100\/100 brn|[from] item: Black Sludge\n|-damage|p1a: Muk|94\/100 brn|[from] brn\n|upkeep\n|turn|11\n|\n|t:|1701176705\n|move|p1a: Muk|Protect|p1a: Muk\n|-singleturn|p1a: Muk|Protect\n|move|p2a: Moltres|U-turn|p1a: Muk\n|-activate|p1a: Muk|move: Protect\n|\n|-heal|p1a: Muk|100\/100 brn|[from] item: Black Sludge\n|-damage|p1a: Muk|94\/100 brn|[from] brn\n|upkeep\n|turn|12\n|\n|t:|1701176712\n|move|p2a: Moltres|U-turn|p1a: Muk\n|-damage|p1a: Muk|80\/100 brn\n|\n|t:|1701176726\n|switch|p2a: Conkeldurr|Conkeldurr, F|100\/100|[from] U-turn\n|move|p1a: Muk|Knock Off|p2a: Conkeldurr\n|-resisted|p2a: Conkeldurr\n|-damage|p2a: Conkeldurr|93\/100\n|-enditem|p2a: Conkeldurr|Flame Orb|[from] move: Knock Off|[of] p1a: Muk\n|\n|-heal|p1a: Muk|86\/100 brn|[from] item: Black Sludge\n|-damage|p1a: Muk|80\/100 brn|[from] brn\n|upkeep\n|turn|13\n|\n|t:|1701176736\n|switch|p1a: Great Tusk|Great Tusk|100\/100\n|-activate|p1a: Great Tusk|move: Sticky Web\n|-unboost|p1a: Great Tusk|spe|1\n|move|p2a: Conkeldurr|Drain Punch|p1a: Great Tusk\n|-damage|p1a: Great Tusk|77\/100\n|-heal|p2a: Conkeldurr|100\/100|[from] drain|[of] p1a: Great Tusk\n|-damage|p2a: Conkeldurr|84\/100|[from] item: Rocky Helmet|[of] p1a: Great Tusk\n|\n|upkeep\n|turn|14\n|\n|t:|1701176741\n|switch|p2a: Gholdengo|Gholdengo|21\/100 brn\n|move|p1a: Great Tusk|Rapid Spin|p2a: Gholdengo\n|-immune|p2a: Gholdengo\n|\n|-damage|p2a: Gholdengo|15\/100 brn|[from] brn\n|upkeep\n|turn|15\n|\n|t:|1701176747\n|-end|p1a: Great Tusk|Protosynthesis|[silent]\n|switch|p1a: Muk|Muk-Alola, F|80\/100 brn\n|-activate|p1a: Muk|move: Sticky Web\n|-unboost|p1a: Muk|spe|1\n|move|p2a: Gholdengo|Shadow Ball|p1a: Muk\n|-resisted|p1a: Muk\n|-damage|p1a: Muk|67\/100 brn\n|\n|-heal|p1a: Muk|73\/100 brn|[from] item: Black Sludge\n|-damage|p2a: Gholdengo|9\/100 brn|[from] brn\n|-damage|p1a: Muk|67\/100 brn|[from] brn\n|upkeep\n|turn|16\n|\n|t:|1701176759\n|switch|p2a: Moltres|Moltres|84\/100\n|move|p1a: Muk|Knock Off|p2a: Moltres\n|-damage|p2a: Moltres|72\/100\n|\n|-heal|p1a: Muk|73\/100 brn|[from] item: Black Sludge\n|-damage|p1a: Muk|67\/100 brn|[from] brn\n|upkeep\n|turn|17\n|\n|t:|1701176777\n|move|p1a: Muk|Protect|p1a: Muk\n|-singleturn|p1a: Muk|Protect\n|move|p2a: Moltres|Flamethrower|p1a: Muk\n|-activate|p1a: Muk|move: Protect\n|\n|-heal|p1a: Muk|73\/100 brn|[from] item: Black Sludge\n|-damage|p1a: Muk|67\/100 brn|[from] brn\n|upkeep\n|turn|18\n|\n|t:|1701176783\n|move|p2a: Moltres|Flamethrower|p1a: Muk\n|-damage|p1a: Muk|45\/100 brn\n|move|p1a: Muk|Poison Jab|p2a: Moltres\n|-damage|p2a: Moltres|58\/100\n|-status|p2a: Moltres|psn\n|\n|-heal|p1a: Muk|51\/100 brn|[from] item: Black Sludge\n|-damage|p2a: Moltres|46\/100 psn|[from] psn\n|-damage|p1a: Muk|45\/100 brn|[from] brn\n|upkeep\n|turn|19\n|inactive|Battle timer is ON: inactive players will automatically lose when time's up. (requested by Meliodassgr)\n|\n|t:|1701176805\n|move|p1a: Muk|Protect|p1a: Muk\n|-singleturn|p1a: Muk|Protect\n|move|p2a: Moltres|Roost|p2a: Moltres\n|-heal|p2a: Moltres|96\/100 psn\n|-singleturn|p2a: Moltres|move: Roost\n|\n|-heal|p1a: Muk|51\/100 brn|[from] item: Black Sludge\n|-damage|p2a: Moltres|84\/100 psn|[from] psn\n|-damage|p1a: Muk|45\/100 brn|[from] brn\n|upkeep\n|turn|20\n|\n|t:|1701176818\n|switch|p1a: Dragonite|Dragonite, F|86\/100\n|move|p2a: Moltres|Flamethrower|p1a: Dragonite\n|-resisted|p1a: Dragonite\n|-damage|p1a: Dragonite|69\/100\n|\n|-damage|p2a: Moltres|71\/100 psn|[from] psn\n|upkeep\n|turn|21\n|\n|t:|1701176822\n|move|p1a: Dragonite|Outrage|p2a: Moltres\n|-damage|p2a: Moltres|0 fnt\n|faint|p2a: Moltres\n|\n|upkeep\n|\n|t:|1701176834\n|switch|p2a: Lokix|Lokix, M|100\/100\n|turn|22\n|\n|t:|1701176838\n|move|p2a: Lokix|First Impression|p1a: Dragonite\n|-resisted|p1a: Dragonite\n|-damage|p1a: Dragonite|5\/100\n|move|p1a: Dragonite|Outrage|p2a: Lokix|[from]lockedmove\n|-damage|p2a: Lokix|0 fnt\n|faint|p2a: Lokix\n|-start|p1a: Dragonite|confusion|[fatigue]\n|\n|upkeep\n|\n|t:|1701176844\n|switch|p2a: Gholdengo|Gholdengo|9\/100 brn\n|turn|23\n|\n|t:|1701176855\n|switch|p1a: Muk|Muk-Alola, F|45\/100 brn\n|-activate|p1a: Muk|move: Sticky Web\n|-unboost|p1a: Muk|spe|1\n|move|p2a: Gholdengo|Make It Rain|p1a: Muk\n|-damage|p1a: Muk|4\/100 brn\n|-unboost|p2a: Gholdengo|spa|1\n|\n|-heal|p1a: Muk|10\/100 brn|[from] item: Black Sludge\n|-damage|p2a: Gholdengo|3\/100 brn|[from] brn\n|-damage|p1a: Muk|4\/100 brn|[from] brn\n|upkeep\n|turn|24\n|\n|t:|1701176861\n|move|p1a: Muk|Protect|p1a: Muk\n|-singleturn|p1a: Muk|Protect\n|move|p2a: Gholdengo|Make It Rain|p1a: Muk\n|-activate|p1a: Muk|move: Protect\n|\n|-heal|p1a: Muk|10\/100 brn|[from] item: Black Sludge\n|-damage|p2a: Gholdengo|0 fnt|[from] brn\n|faint|p2a: Gholdengo\n|-damage|p1a: Muk|4\/100 brn|[from] brn\n|upkeep\n|\n|t:|1701176869\n|switch|p2a: Conkeldurr|Conkeldurr, F|84\/100\n|turn|25\n|\n|t:|1701176873\n|move|p2a: Conkeldurr|Mach Punch|p1a: Muk\n|-damage|p1a: Muk|0 fnt\n|faint|p1a: Muk\n|\n|upkeep\n|\n|t:|1701176878\n|switch|p1a: Weezing|Weezing-Galar, M|67\/100\n|turn|26\n|\n|t:|1701176889\n|move|p1a: Weezing|Sludge Bomb|p2a: Conkeldurr\n|-damage|p2a: Conkeldurr|20\/100\n|move|p2a: Conkeldurr|Knock Off|p1a: Weezing\n|-resisted|p1a: Weezing\n|-damage|p1a: Weezing|48\/100\n|-enditem|p1a: Weezing|Choice Specs|[from] move: Knock Off|[of] p2a: Conkeldurr\n|\n|upkeep\n|turn|27\n|\n|t:|1701176896\n|move|p1a: Weezing|Sludge Bomb|p2a: Conkeldurr\n|-damage|p2a: Conkeldurr|0 fnt\n|faint|p2a: Conkeldurr\n|\n|upkeep\n|\n|t:|1701176899\n|switch|p2a: Ogerpon|Ogerpon-Wellspring, F|66\/100\n|turn|28\n|\n|t:|1701176903\n|-terastallize|p2a: Ogerpon|Water\n|detailschange|p2a: Ogerpon|Ogerpon-Wellspring-Tera, F, tera:Water\n|-ability|p2a: Ogerpon|Embody Aspect (Wellspring)|boost\n|-boost|p2a: Ogerpon|spd|1\n|move|p2a: Ogerpon|Ivy Cudgel|p1a: Weezing|[anim] Ivy Cudgel Water\n|-damage|p1a: Weezing|0 fnt\n|faint|p1a: Weezing\n|\n|upkeep\n|\n|t:|1701176907\n|switch|p1a: Dragonite|Dragonite, F|5\/100\n|turn|29\n|\n|t:|1701176911\n|-terastallize|p1a: Dragonite|Normal\n|move|p1a: Dragonite|Extreme Speed|p2a: Ogerpon\n|-damage|p2a: Ogerpon|0 fnt\n|faint|p2a: Ogerpon\n|\n|win|testing a funni3\n|raw|testing a funni3's rating: 1339 &rarr; <strong>1359<\/strong><br \/>(+20 for winning)\n|raw|Meliodassgr's rating: 1340 &rarr; <strong>1320<\/strong><br \/>(-20 for losing)\n|l|\u2606Meliodassgr\n","uploadtime":1701176919,"views":5,"p1id":"testingafunni3","p2id":"meliodassgr","formatid":"gen9ou","rating":1320,"private":0,"password":""}