{"id":"gen9ou-1998226879","p1":"Gear Fifth Luffy","p2":"mexicanpasta","format":"[Gen 9] OU","log":"|j|\u2606Gear Fifth Luffy\n|j|\u2606mexicanpasta\n|inactive|Battle timer is ON: inactive players will automatically lose when time's up.\n|t:|1700916099\n|gametype|singles\n|player|p1|Gear Fifth Luffy|gentleman-gen4|\n|player|p2|mexicanpasta|parasollady|\n|teamsize|p1|3\n|teamsize|p2|3\n|gen|9\n|tier|[Gen 9] OU\n|rated|Tournament battle\n|rule|Sleep Clause Mod: Limit one foe put to sleep\n|rule|Species Clause: Limit one of each Pok\u00e9mon\n|rule|OHKO Clause: OHKO moves are banned\n|rule|Evasion Items Clause: Evasion items are banned\n|rule|Evasion Moves Clause: Evasion moves are banned\n|rule|Endless Battle Clause: Forcing endless battles is banned\n|rule|HP Percentage Mod: HP is shown in percentages\n|clearpoke\n|poke|p1|Clawitzer, F|\n|poke|p1|Luxio, F|\n|poke|p1|Pawmot, F|\n|poke|p2|Breloom, F|\n|poke|p2|Hippopotas, F|\n|poke|p2|Cetitan, F|\n|teampreview\n|j|*Lady Monita \u2746\n|inactive|mexicanpasta also wants the timer to be on.\n|j| WooperLeTrooper\n|\n|t:|1700916111\n|start\n|switch|p1a: Luxio|Luxio, F|100\/100\n|switch|p2a: Breloom|Breloom, F|100\/100\n|turn|1\n|\n|t:|1700916125\n|move|p2a: Breloom|Swords Dance|p2a: Breloom\n|-boost|p2a: Breloom|atk|2\n|move|p1a: Luxio|Play Rough|p2a: Breloom\n|-supereffective|p2a: Breloom\n|-damage|p2a: Breloom|22\/100\n|\n|-status|p1a: Luxio|brn|[from] item: Flame Orb\n|upkeep\n|turn|2\n|\n|t:|1700916141\n|move|p2a: Breloom|Bullet Seed|p1a: Luxio\n|-damage|p1a: Luxio|26\/100 brn\n|-damage|p1a: Luxio|0 fnt\n|faint|p1a: Luxio\n|-hitcount|p1: Luxio|2\n|\n|upkeep\n|j| Leo1x\n|\n|t:|1700916147\n|switch|p1a: Clawitzer|Clawitzer, F|100\/100\n|turn|3\n|\n|t:|1700916167\n|-terastallize|p1a: Clawitzer|Dragon\n|move|p1a: Clawitzer|Dragon Pulse|p2a: Breloom\n|-damage|p2a: Breloom|0 fnt\n|faint|p2a: Breloom\n|\n|upkeep\n|\n|t:|1700916179\n|switch|p2a: Cetitan|Cetitan, F|100\/100\n|turn|4\n|j| Piccolodaimaojr\n|j| CrusaderOfCalamity\n|\n|t:|1700916208\n|move|p1a: Clawitzer|Dragon Pulse|p2a: Cetitan\n|-damage|p2a: Cetitan|35\/100\n|-enditem|p2a: Cetitan|Sitrus Berry|[eat]\n|-heal|p2a: Cetitan|60\/100|[from] item: Sitrus Berry\n|move|p2a: Cetitan|Belly Drum|p2a: Cetitan\n|-damage|p2a: Cetitan|10\/100\n|-setboost|p2a: Cetitan|atk|6|[from] move: Belly Drum\n|\n|upkeep\n|turn|5\n|\n|t:|1700916218\n|-terastallize|p2a: Cetitan|Ice\n|move|p2a: Cetitan|Ice Shard|p1a: Clawitzer\n|-supereffective|p1a: Clawitzer\n|-damage|p1a: Clawitzer|0 fnt\n|faint|p1a: Clawitzer\n|\n|upkeep\n|\n|t:|1700916224\n|switch|p1a: Pawmot|Pawmot, F|100\/100\n|turn|6\n|\n|t:|1700916227\n|move|p1a: Pawmot|Mach Punch|p2a: Cetitan\n|-supereffective|p2a: Cetitan\n|-damage|p2a: Cetitan|0 fnt\n|faint|p2a: Cetitan\n|\n|upkeep\n|\n|t:|1700916229\n|switch|p2a: Hippopotas|Hippopotas, F|100\/100\n|-weather|Sandstorm|[from] ability: Sand Stream|[of] p2a: Hippopotas\n|turn|7\n|\n|t:|1700916242\n|move|p1a: Pawmot|Ice Punch|p2a: Hippopotas\n|-supereffective|p2a: Hippopotas\n|-damage|p2a: Hippopotas|69\/100\n|move|p2a: Hippopotas|Earthquake|p1a: Pawmot\n|-supereffective|p1a: Pawmot\n|-damage|p1a: Pawmot|19\/100\n|\n|-weather|Sandstorm|[upkeep]\n|-damage|p1a: Pawmot|13\/100|[from] Sandstorm\n|-heal|p1a: Pawmot|19\/100|[from] item: Leftovers\n|upkeep\n|turn|8\n|j| Grrrryeah\n|j| grolim\n|l| Grrrryeah\n|l| grolim\n|\n|t:|1700916258\n|move|p1a: Pawmot|Revival Blessing|p1a: Pawmot\n|\n|t:|1700916259\n|-heal|p1: Clawitzer|50\/100|[from] move: Revival Blessing\n|move|p2a: Hippopotas|Earthquake|p1a: Pawmot\n|-supereffective|p1a: Pawmot\n|-damage|p1a: Pawmot|0 fnt\n|faint|p1a: Pawmot\n|\n|-weather|Sandstorm|[upkeep]\n|upkeep\n|\n|t:|1700916266\n|switch|p1a: Clawitzer|Clawitzer, F|50\/100\n|turn|9\n|c|\u2606Gear Fifth Luffy|gg\n|\n|t:|1700916271\n|move|p1a: Clawitzer|Water Pulse|p2a: Hippopotas\n|-supereffective|p2a: Hippopotas\n|-damage|p2a: Hippopotas|0 fnt\n|faint|p2a: Hippopotas\n|\n|win|Gear Fifth Luffy\n|n|\u2606Gear Fifth Luffy|gearfifthluffy\n|n|\u2606mexicanpasta|mexicanpasta\n|n|*Lady Monita \u2746|ladymonita\n|n| WooperLeTrooper|wooperletrooper\n|n| Leo1x|leo1x\n|n| Piccolodaimaojr|piccolodaimaojr\n|n| CrusaderOfCalamity|crusaderofcalamity\n","uploadtime":1700916272,"views":6,"p1id":"gearfifthluffy","p2id":"mexicanpasta","formatid":"gen9ou","rating":0,"private":0,"password":""}