{"id":"gen9ou-1991842398","p1":"Flayeur","p2":"Gooaah","format":"[Gen 9] OU","log":"|j|\u2606Flayeur\n|j|\u2606Gooaah\n|t:|1700126935\n|gametype|singles\n|player|p1|Flayeur|palmer|1128\n|player|p2|Gooaah|veteranf|1209\n|teamsize|p1|6\n|teamsize|p2|6\n|gen|9\n|tier|[Gen 9] OU\n|rated|\n|rule|Sleep Clause Mod: Limit one foe put to sleep\n|rule|Species Clause: Limit one of each Pok\u00e9mon\n|rule|OHKO Clause: OHKO moves are banned\n|rule|Evasion Items Clause: Evasion items are banned\n|rule|Evasion Moves Clause: Evasion moves are banned\n|rule|Endless Battle Clause: Forcing endless battles is banned\n|rule|HP Percentage Mod: HP is shown in percentages\n|clearpoke\n|poke|p1|Infernape, M|\n|poke|p1|Garchomp, F|\n|poke|p1|Rotom-Wash|\n|poke|p1|Corviknight, F|\n|poke|p1|Cresselia, F|\n|poke|p1|Weavile, F|\n|poke|p2|Ninetales, F|\n|poke|p2|Walking Wake|\n|poke|p2|Lilligant-Hisui, F|\n|poke|p2|Skeledirge, M|\n|poke|p2|Great Tusk|\n|poke|p2|Torkoal, M|\n|teampreview\n|inactive|Battle timer is ON: inactive players will automatically lose when time's up. (requested by Gooaah)\n|\n|t:|1700126949\n|start\n|switch|p1a: Rotom|Rotom-Wash|100\/100\n|switch|p2a: Torkoal|Torkoal, M|100\/100\n|-weather|SunnyDay|[from] ability: Drought|[of] p2a: Torkoal\n|turn|1\n|\n|t:|1700126961\n|move|p1a: Rotom|Volt Switch|p2a: Torkoal\n|-damage|p2a: Torkoal|64\/100\n|\n|t:|1700126968\n|switch|p1a: Infernape|Infernape, M|100\/100|[from] Volt Switch\n|move|p2a: Torkoal|Yawn|p1a: Infernape\n|-start|p1a: Infernape|move: Yawn|[of] p2a: Torkoal\n|\n|-weather|SunnyDay|[upkeep]\n|upkeep\n|turn|2\n|\n|t:|1700126976\n|move|p1a: Infernape|U-turn|p2a: Torkoal\n|-resisted|p2a: Torkoal\n|-damage|p2a: Torkoal|58\/100\n|\n|t:|1700126983\n|switch|p1a: Cresselia|Cresselia, F|100\/100|[from] U-turn\n|move|p2a: Torkoal|Stealth Rock|p1a: Cresselia\n|-sidestart|p1: Flayeur|move: Stealth Rock\n|\n|-weather|SunnyDay|[upkeep]\n|upkeep\n|turn|3\n|\n|t:|1700126991\n|move|p1a: Cresselia|Psychic|p2a: Torkoal\n|-damage|p2a: Torkoal|25\/100\n|move|p2a: Torkoal|Yawn|p1a: Cresselia\n|-start|p1a: Cresselia|move: Yawn|[of] p2a: Torkoal\n|\n|-weather|SunnyDay|[upkeep]\n|upkeep\n|turn|4\n|\n|t:|1700126999\n|switch|p1a: Rotom|Rotom-Wash|100\/100\n|-damage|p1a: Rotom|88\/100|[from] Stealth Rock\n|move|p2a: Torkoal|Lava Plume|p1a: Rotom\n|-resisted|p1a: Rotom\n|-damage|p1a: Rotom|70\/100\n|\n|-weather|SunnyDay|[upkeep]\n|-heal|p1a: Rotom|76\/100|[from] item: Leftovers\n|upkeep\n|turn|5\n|\n|t:|1700127009\n|move|p1a: Rotom|Hydro Pump|p2a: Torkoal\n|-supereffective|p2a: Torkoal\n|-damage|p2a: Torkoal|0 fnt\n|faint|p2a: Torkoal\n|\n|-weather|SunnyDay|[upkeep]\n|-heal|p1a: Rotom|82\/100|[from] item: Leftovers\n|upkeep\n|\n|t:|1700127012\n|switch|p2a: Lilligant|Lilligant-Hisui, F|100\/100\n|turn|6\n|\n|t:|1700127019\n|switch|p1a: Corviknight|Corviknight, F|100\/100\n|-damage|p1a: Corviknight|88\/100|[from] Stealth Rock\n|-ability|p1a: Corviknight|Pressure\n|move|p2a: Lilligant|Solar Blade||[still]\n|-prepare|p2a: Lilligant|Solar Blade\n|-anim|p2a: Lilligant|Solar Blade|p1a: Corviknight\n|-resisted|p1a: Corviknight\n|-damage|p1a: Corviknight|80\/100\n|-damage|p2a: Lilligant|84\/100|[from] item: Rocky Helmet|[of] p1a: Corviknight\n|\n|-weather|SunnyDay|[upkeep]\n|-heal|p2a: Lilligant|90\/100|[from] item: Leftovers\n|upkeep\n|turn|7\n|\n|t:|1700127034\n|switch|p2a: Skeledirge|Skeledirge, M|100\/100\n|move|p1a: Corviknight|Brave Bird|p2a: Skeledirge\n|-damage|p2a: Skeledirge|67\/100\n|-damage|p1a: Corviknight|68\/100|[from] Recoil\n|\n|-weather|SunnyDay|[upkeep]\n|upkeep\n|turn|8\n|\n|t:|1700127044\n|switch|p1a: Rotom|Rotom-Wash|82\/100\n|-damage|p1a: Rotom|70\/100|[from] Stealth Rock\n|move|p2a: Skeledirge|Will-O-Wisp|p1a: Rotom\n|-status|p1a: Rotom|brn\n|\n|-weather|none\n|-heal|p1a: Rotom|76\/100 brn|[from] item: Leftovers\n|-damage|p1a: Rotom|70\/100 brn|[from] brn\n|upkeep\n|turn|9\n|\n|t:|1700127056\n|-terastallize|p2a: Skeledirge|Fairy\n|move|p1a: Rotom|Hydro Pump|p2a: Skeledirge\n|-damage|p2a: Skeledirge|38\/100\n|move|p2a: Skeledirge|Slack Off|p2a: Skeledirge\n|-heal|p2a: Skeledirge|88\/100\n|\n|-heal|p1a: Rotom|76\/100 brn|[from] item: Leftovers\n|-damage|p1a: Rotom|70\/100 brn|[from] brn\n|upkeep\n|turn|10\n|\n|t:|1700127069\n|move|p1a: Rotom|Volt Switch|p2a: Skeledirge\n|-damage|p2a: Skeledirge|71\/100\n|\n|t:|1700127072\n|switch|p1a: Corviknight|Corviknight, F|68\/100|[from] Volt Switch\n|-damage|p1a: Corviknight|56\/100|[from] Stealth Rock\n|-ability|p1a: Corviknight|Pressure\n|move|p2a: Skeledirge|Hex|p1a: Corviknight\n|-damage|p1a: Corviknight|32\/100\n|\n|upkeep\n|turn|11\n|\n|t:|1700127082\n|move|p1a: Corviknight|Brave Bird|p2a: Skeledirge\n|-crit|p2a: Skeledirge\n|-damage|p2a: Skeledirge|22\/100\n|-damage|p1a: Corviknight|15\/100|[from] Recoil\n|move|p2a: Skeledirge|Torch Song|p1a: Corviknight\n|-supereffective|p1a: Corviknight\n|-damage|p1a: Corviknight|0 fnt\n|-boost|p2a: Skeledirge|spa|1\n|faint|p1a: Corviknight\n|\n|upkeep\n|inactive|Flayeur has 120 seconds left.\n|\n|t:|1700127112\n|switch|p1a: Garchomp|Garchomp, F|100\/100\n|-damage|p1a: Garchomp|94\/100|[from] Stealth Rock\n|turn|12\n|\n|t:|1700127118\n|switch|p2a: Ninetales|Ninetales, F|100\/100\n|-weather|SunnyDay|[from] ability: Drought|[of] p2a: Ninetales\n|move|p1a: Garchomp|Poison Jab|p2a: Ninetales\n|-damage|p2a: Ninetales|57\/100\n|\n|-weather|SunnyDay|[upkeep]\n|upkeep\n|turn|13\n|\n|t:|1700127127\n|move|p2a: Ninetales|Will-O-Wisp|p1a: Garchomp\n|-status|p1a: Garchomp|brn\n|move|p1a: Garchomp|Swords Dance|p1a: Garchomp\n|-boost|p1a: Garchomp|atk|2\n|\n|-weather|SunnyDay|[upkeep]\n|-damage|p1a: Garchomp|88\/100 brn|[from] brn\n|upkeep\n|turn|14\n|\n|t:|1700127139\n|move|p2a: Ninetales|Solar Beam||[still]\n|-prepare|p2a: Ninetales|Solar Beam\n|-anim|p2a: Ninetales|Solar Beam|p1a: Garchomp\n|-damage|p1a: Garchomp|54\/100 brn\n|move|p1a: Garchomp|Scale Shot|p2a: Ninetales\n|-damage|p2a: Ninetales|34\/100\n|-damage|p2a: Ninetales|11\/100\n|-damage|p2a: Ninetales|0 fnt\n|faint|p2a: Ninetales\n|-hitcount|p2: Ninetales|3\n|-unboost|p1a: Garchomp|def|1\n|-boost|p1a: Garchomp|spe|1\n|\n|-weather|SunnyDay|[upkeep]\n|-damage|p1a: Garchomp|48\/100 brn|[from] brn\n|upkeep\n|\n|t:|1700127144\n|switch|p2a: Lilligant|Lilligant-Hisui, F|90\/100\n|turn|15\n|\n|t:|1700127160\n|move|p2a: Lilligant|Ice Spinner|p1a: Garchomp\n|-supereffective|p1a: Garchomp\n|-damage|p1a: Garchomp|0 fnt\n|-damage|p2a: Lilligant|78\/100|[from] ability: Rough Skin|[of] p1a: Garchomp\n|faint|p1a: Garchomp\n|\n|-weather|SunnyDay|[upkeep]\n|-heal|p2a: Lilligant|84\/100|[from] item: Leftovers\n|upkeep\n|\n|t:|1700127175\n|switch|p1a: Infernape|Infernape, M|100\/100\n|-damage|p1a: Infernape|88\/100|[from] Stealth Rock\n|turn|16\n|\n|t:|1700127181\n|switch|p2a: Great Tusk|Great Tusk|100\/100\n|-activate|p2a: Great Tusk|ability: Protosynthesis\n|-start|p2a: Great Tusk|protosynthesisatk\n|move|p1a: Infernape|Flare Blitz|p2a: Great Tusk\n|-damage|p2a: Great Tusk|41\/100\n|-damage|p1a: Infernape|64\/100|[from] Recoil\n|\n|-weather|SunnyDay|[upkeep]\n|upkeep\n|turn|17\n|\n|t:|1700127191\n|move|p1a: Infernape|Flare Blitz|p2a: Great Tusk\n|-damage|p2a: Great Tusk|0 fnt\n|faint|p2a: Great Tusk\n|-end|p2a: Great Tusk|Protosynthesis|[silent]\n|-damage|p1a: Infernape|47\/100|[from] Recoil\n|\n|-weather|SunnyDay|[upkeep]\n|upkeep\n|\n|t:|1700127196\n|switch|p2a: Walking Wake|Walking Wake|100\/100\n|-activate|p2a: Walking Wake|ability: Protosynthesis\n|-start|p2a: Walking Wake|protosynthesisspa\n|turn|18\n|\n|t:|1700127205\n|switch|p1a: Rotom|Rotom-Wash|70\/100 brn\n|-damage|p1a: Rotom|57\/100 brn|[from] Stealth Rock\n|move|p2a: Walking Wake|Hydro Steam|p1a: Rotom\n|-resisted|p1a: Rotom\n|-damage|p1a: Rotom|17\/100 brn\n|\n|-weather|SunnyDay|[upkeep]\n|-heal|p1a: Rotom|24\/100 brn|[from] item: Leftovers\n|-damage|p1a: Rotom|17\/100 brn|[from] brn\n|upkeep\n|turn|19\n|\n|t:|1700127217\n|move|p2a: Walking Wake|Hydro Steam|p1a: Rotom\n|-resisted|p1a: Rotom\n|-damage|p1a: Rotom|0 fnt\n|faint|p1a: Rotom\n|\n|-weather|none\n|-end|p2a: Walking Wake|Protosynthesis\n|upkeep\n|\n|t:|1700127225\n|switch|p1a: Cresselia|Cresselia, F|100\/100\n|-damage|p1a: Cresselia|88\/100|[from] Stealth Rock\n|turn|20\n|\n|t:|1700127236\n|-end|p2a: Walking Wake|Protosynthesis|[silent]\n|switch|p2a: Skeledirge|Skeledirge, M, tera:Fairy|22\/100\n|-terastallize|p1a: Cresselia|Fairy\n|move|p1a: Cresselia|Calm Mind|p1a: Cresselia\n|-boost|p1a: Cresselia|spa|1\n|-boost|p1a: Cresselia|spd|1\n|\n|-heal|p1a: Cresselia|94\/100|[from] item: Leftovers\n|upkeep\n|turn|21\n|\n|t:|1700127254\n|move|p1a: Cresselia|Moonblast|p2a: Skeledirge\n|-damage|p2a: Skeledirge|5\/100\n|move|p2a: Skeledirge|Slack Off|p2a: Skeledirge\n|-heal|p2a: Skeledirge|55\/100\n|\n|-heal|p1a: Cresselia|99\/100|[from] item: Leftovers\n|upkeep\n|turn|22\n|\n|t:|1700127265\n|move|p1a: Cresselia|Calm Mind|p1a: Cresselia\n|-boost|p1a: Cresselia|spa|1\n|-boost|p1a: Cresselia|spd|1\n|move|p2a: Skeledirge|Slack Off|p2a: Skeledirge\n|-heal|p2a: Skeledirge|100\/100\n|\n|-heal|p1a: Cresselia|100\/100|[from] item: Leftovers\n|upkeep\n|turn|23\n|\n|t:|1700127273\n|move|p1a: Cresselia|Calm Mind|p1a: Cresselia\n|-boost|p1a: Cresselia|spa|1\n|-boost|p1a: Cresselia|spd|1\n|move|p2a: Skeledirge|Will-O-Wisp|p1a: Cresselia\n|-status|p1a: Cresselia|brn\n|\n|-damage|p1a: Cresselia|94\/100 brn|[from] brn\n|upkeep\n|turn|24\n|\n|t:|1700127281\n|move|p1a: Cresselia|Calm Mind|p1a: Cresselia\n|-boost|p1a: Cresselia|spa|1\n|-boost|p1a: Cresselia|spd|1\n|move|p2a: Skeledirge|Hex|p1a: Cresselia\n|-damage|p1a: Cresselia|61\/100 brn\n|\n|-heal|p1a: Cresselia|67\/100 brn|[from] item: Leftovers\n|-damage|p1a: Cresselia|61\/100 brn|[from] brn\n|upkeep\n|turn|25\n|\n|t:|1700127291\n|move|p1a: Cresselia|Calm Mind|p1a: Cresselia\n|-boost|p1a: Cresselia|spa|1\n|-boost|p1a: Cresselia|spd|1\n|move|p2a: Skeledirge|Hex|p1a: Cresselia\n|-damage|p1a: Cresselia|31\/100 brn\n|\n|-heal|p1a: Cresselia|37\/100 brn|[from] item: Leftovers\n|-damage|p1a: Cresselia|31\/100 brn|[from] brn\n|upkeep\n|turn|26\n|\n|t:|1700127301\n|move|p1a: Cresselia|Moonlight|p1a: Cresselia\n|-heal|p1a: Cresselia|81\/100 brn\n|move|p2a: Skeledirge|Hex|p1a: Cresselia\n|-damage|p1a: Cresselia|51\/100 brn\n|\n|-heal|p1a: Cresselia|57\/100 brn|[from] item: Leftovers\n|-damage|p1a: Cresselia|51\/100 brn|[from] brn\n|upkeep\n|turn|27\n|\n|t:|1700127317\n|move|p1a: Cresselia|Psychic|p2a: Skeledirge\n|-damage|p2a: Skeledirge|83\/100\n|move|p2a: Skeledirge|Torch Song|p1a: Cresselia\n|-damage|p1a: Cresselia|32\/100 brn\n|-boost|p2a: Skeledirge|spa|1\n|\n|-heal|p1a: Cresselia|38\/100 brn|[from] item: Leftovers\n|-damage|p1a: Cresselia|32\/100 brn|[from] brn\n|upkeep\n|turn|28\n|\n|t:|1700127328\n|move|p1a: Cresselia|Moonlight|p1a: Cresselia\n|-heal|p1a: Cresselia|82\/100 brn\n|move|p2a: Skeledirge|Torch Song|p1a: Cresselia\n|-damage|p1a: Cresselia|53\/100 brn\n|-boost|p2a: Skeledirge|spa|1\n|\n|-heal|p1a: Cresselia|59\/100 brn|[from] item: Leftovers\n|-damage|p1a: Cresselia|53\/100 brn|[from] brn\n|upkeep\n|turn|29\n|\n|t:|1700127339\n|move|p1a: Cresselia|Moonblast|p2a: Skeledirge\n|-damage|p2a: Skeledirge|63\/100\n|-unboost|p2a: Skeledirge|spa|1\n|move|p2a: Skeledirge|Torch Song|p1a: Cresselia\n|-damage|p1a: Cresselia|23\/100 brn\n|-boost|p2a: Skeledirge|spa|1\n|\n|-heal|p1a: Cresselia|29\/100 brn|[from] item: Leftovers\n|-damage|p1a: Cresselia|23\/100 brn|[from] brn\n|upkeep\n|turn|30\n|\n|t:|1700127350\n|move|p1a: Cresselia|Moonblast|p2a: Skeledirge\n|-damage|p2a: Skeledirge|44\/100\n|-unboost|p2a: Skeledirge|spa|1\n|move|p2a: Skeledirge|Slack Off|p2a: Skeledirge\n|-heal|p2a: Skeledirge|94\/100\n|\n|-heal|p1a: Cresselia|29\/100 brn|[from] item: Leftovers\n|-damage|p1a: Cresselia|23\/100 brn|[from] brn\n|upkeep\n|turn|31\n|\n|t:|1700127361\n|move|p1a: Cresselia|Moonlight|p1a: Cresselia\n|-heal|p1a: Cresselia|73\/100 brn\n|move|p2a: Skeledirge|Torch Song|p1a: Cresselia\n|-damage|p1a: Cresselia|46\/100 brn\n|-boost|p2a: Skeledirge|spa|1\n|\n|-heal|p1a: Cresselia|52\/100 brn|[from] item: Leftovers\n|-damage|p1a: Cresselia|46\/100 brn|[from] brn\n|upkeep\n|turn|32\n|\n|t:|1700127372\n|move|p1a: Cresselia|Moonblast|p2a: Skeledirge\n|-damage|p2a: Skeledirge|76\/100\n|-unboost|p2a: Skeledirge|spa|1\n|move|p2a: Skeledirge|Torch Song|p1a: Cresselia\n|-damage|p1a: Cresselia|18\/100 brn\n|-boost|p2a: Skeledirge|spa|1\n|\n|-heal|p1a: Cresselia|24\/100 brn|[from] item: Leftovers\n|-damage|p1a: Cresselia|18\/100 brn|[from] brn\n|upkeep\n|turn|33\n|\n|t:|1700127386\n|move|p1a: Cresselia|Moonblast|p2a: Skeledirge\n|-damage|p2a: Skeledirge|57\/100\n|move|p2a: Skeledirge|Torch Song|p1a: Cresselia\n|-damage|p1a: Cresselia|0 fnt\n|-boost|p2a: Skeledirge|spa|1\n|faint|p1a: Cresselia\n|\n|upkeep\n|\n|t:|1700127402\n|switch|p1a: Weavile|Weavile, F|100\/100\n|-damage|p1a: Weavile|76\/100|[from] Stealth Rock\n|-ability|p1a: Weavile|Pressure\n|turn|34\n|\n|t:|1700127409\n|move|p1a: Weavile|Icicle Crash|p2a: Skeledirge\n|-damage|p2a: Skeledirge|4\/100\n|move|p2a: Skeledirge|Slack Off|p2a: Skeledirge\n|-heal|p2a: Skeledirge|54\/100\n|\n|upkeep\n|turn|35\n|\n|t:|1700127416\n|move|p1a: Weavile|Icicle Crash|p2a: Skeledirge\n|-damage|p2a: Skeledirge|4\/100\n|cant|p2a: Skeledirge|flinch\n|\n|upkeep\n|turn|36\n|\n|t:|1700127423\n|move|p1a: Weavile|Icicle Crash|p2a: Skeledirge\n|-damage|p2a: Skeledirge|0 fnt\n|faint|p2a: Skeledirge\n|\n|upkeep\n|\n|t:|1700127431\n|switch|p2a: Walking Wake|Walking Wake|100\/100\n|turn|37\n|\n|t:|1700127436\n|move|p2a: Walking Wake|Flamethrower|p1a: Weavile\n|-supereffective|p1a: Weavile\n|-damage|p1a: Weavile|0 fnt\n|faint|p1a: Weavile\n|\n|upkeep\n|\n|t:|1700127444\n|switch|p1a: Infernape|Infernape, M|47\/100\n|-damage|p1a: Infernape|35\/100|[from] Stealth Rock\n|turn|38\n|\n|t:|1700127449\n|-end|p2a: Walking Wake|Protosynthesis|[silent]\n|switch|p2a: Lilligant|Lilligant-Hisui, F|84\/100\n|move|p1a: Infernape|Close Combat|p2a: Lilligant\n|-damage|p2a: Lilligant|0 fnt\n|-unboost|p1a: Infernape|def|1\n|-unboost|p1a: Infernape|spd|1\n|faint|p2a: Lilligant\n|\n|upkeep\n|\n|t:|1700127451\n|switch|p2a: Walking Wake|Walking Wake|100\/100\n|turn|39\n|\n|t:|1700127460\n|move|p2a: Walking Wake|Hydro Steam|p1a: Infernape\n|-supereffective|p1a: Infernape\n|-damage|p1a: Infernape|0 fnt\n|faint|p1a: Infernape\n|\n|win|Gooaah\n|raw|Flayeur's rating: 1128 &rarr; <strong>1109<\/strong><br \/>(-19 for losing)\n|raw|Gooaah's rating: 1209 &rarr; <strong>1228<\/strong><br \/>(+19 for winning)\n|c|\u2606Flayeur|Gg\n|l|\u2606Flayeur\n","uploadtime":1700127478,"views":15,"p1id":"flayeur","p2id":"gooaah","formatid":"gen9ou","rating":1109,"private":0,"password":""}