{"id":"gen9ou-1996460230","p1":"TAlmighty","p2":"Z-pokemaster2000","format":"[Gen 9] OU","log":"|j|\u2606TAlmighty\n|j|\u2606Z-pokemaster2000\n|t:|1700684151\n|gametype|singles\n|player|p1|TAlmighty|blue|1658\n|player|p2|Z-pokemaster2000|veteran|1695\n|teamsize|p1|6\n|teamsize|p2|6\n|gen|9\n|tier|[Gen 9] OU\n|rated|\n|rule|Sleep Clause Mod: Limit one foe put to sleep\n|rule|Species Clause: Limit one of each Pok\u00e9mon\n|rule|OHKO Clause: OHKO moves are banned\n|rule|Evasion Items Clause: Evasion items are banned\n|rule|Evasion Moves Clause: Evasion moves are banned\n|rule|Endless Battle Clause: Forcing endless battles is banned\n|rule|HP Percentage Mod: HP is shown in percentages\n|clearpoke\n|poke|p1|Iron Moth|\n|poke|p1|Samurott-Hisui, M|\n|poke|p1|Great Tusk|\n|poke|p1|Gholdengo|\n|poke|p1|Enamorus-Therian, F|\n|poke|p1|Azelf|\n|poke|p2|Okidogi, M|\n|poke|p2|Clefable, F|\n|poke|p2|Great Tusk|\n|poke|p2|Grimmsnarl, M|\n|poke|p2|Sinistcha-Masterpiece|\n|poke|p2|Ogerpon-Wellspring, F|\n|teampreview\n|inactive|Battle timer is ON: inactive players will automatically lose when time's up. (requested by Z-pokemaster2000)\n|\n|t:|1700684160\n|start\n|switch|p1a: Azelf|Azelf, shiny|100\/100\n|switch|p2a: Okidogi|Okidogi, M|100\/100\n|turn|1\n|\n|t:|1700684167\n|switch|p2a: Grimmsnarl|Grimmsnarl, M, shiny|100\/100\n|move|p1a: Azelf|Stealth Rock|p2a: Grimmsnarl\n|-sidestart|p2: Z-pokemaster2000|move: Stealth Rock\n|\n|upkeep\n|turn|2\n|\n|t:|1700684173\n|move|p2a: Grimmsnarl|Light Screen|p2a: Grimmsnarl\n|-sidestart|p2: Z-pokemaster2000|move: Light Screen\n|move|p1a: Azelf|Taunt|p2a: Grimmsnarl\n|-start|p2a: Grimmsnarl|move: Taunt\n|\n|upkeep\n|turn|3\n|\n|t:|1700684187\n|switch|p2a: Ogerpon|Ogerpon-Wellspring, F|100\/100\n|-damage|p2a: Ogerpon|88\/100|[from] Stealth Rock\n|move|p1a: Azelf|Knock Off|p2a: Ogerpon\n|-damage|p2a: Ogerpon|68\/100\n|\n|upkeep\n|turn|4\n|\n|t:|1700684194\n|move|p1a: Azelf|Explosion|p2a: Ogerpon\n|-damage|p2a: Ogerpon|0 fnt\n|faint|p1a: Azelf\n|faint|p2a: Ogerpon\n|\n|upkeep\n|\n|t:|1700684209\n|switch|p1a: Asta|Gholdengo|100\/100\n|switch|p2a: Great Tusk|Great Tusk|100\/100\n|-damage|p2a: Great Tusk|97\/100|[from] Stealth Rock\n|turn|5\n|\n|t:|1700684221\n|move|p2a: Great Tusk|Headlong Rush|p1a: Asta\n|-supereffective|p1a: Asta\n|-enditem|p1a: Asta|Shuca Berry|[eat]\n|-enditem|p1a: Asta|Shuca Berry|[weaken]\n|-damage|p1a: Asta|52\/100\n|-unboost|p2a: Great Tusk|def|1\n|-unboost|p2a: Great Tusk|spd|1\n|move|p1a: Asta|Make It Rain|p2a: Great Tusk\n|-damage|p2a: Great Tusk|33\/100\n|-unboost|p1a: Asta|spa|1\n|\n|-heal|p2a: Great Tusk|39\/100|[from] item: Leftovers\n|upkeep\n|turn|6\n|\n|t:|1700684236\n|switch|p1a: Charmy|Enamorus-Therian, F|100\/100\n|move|p2a: Great Tusk|Rapid Spin|p1a: Charmy\n|-damage|p1a: Charmy|87\/100\n|-boost|p2a: Great Tusk|spe|1\n|-sideend|p2: Z-pokemaster2000|Stealth Rock|[from] move: Rapid Spin|[of] p2a: Great Tusk\n|\n|-heal|p2a: Great Tusk|46\/100|[from] item: Leftovers\n|upkeep\n|turn|7\n|\n|t:|1700684249\n|-end|p2a: Great Tusk|Protosynthesis|[silent]\n|switch|p2a: Okidogi|Okidogi, M|100\/100\n|move|p1a: Charmy|Moonblast|p2a: Okidogi\n|-damage|p2a: Okidogi|85\/100\n|\n|upkeep\n|turn|8\n|\n|t:|1700684260\n|switch|p1a: Asta|Gholdengo|52\/100\n|move|p2a: Okidogi|Knock Off|p1a: Asta\n|-supereffective|p1a: Asta\n|-damage|p1a: Asta|11\/100\n|\n|upkeep\n|turn|9\n|\n|t:|1700684267\n|move|p1a: Asta|Recover|p1a: Asta\n|-heal|p1a: Asta|61\/100\n|move|p2a: Okidogi|Knock Off|p1a: Asta\n|-supereffective|p1a: Asta\n|-crit|p1a: Asta\n|-damage|p1a: Asta|1\/100\n|\n|-sideend|p2: Z-pokemaster2000|move: Light Screen\n|upkeep\n|turn|10\n|\n|t:|1700684279\n|switch|p2a: Great Tusk|Great Tusk|46\/100\n|move|p1a: Asta|Recover|p1a: Asta\n|-heal|p1a: Asta|51\/100\n|\n|-heal|p2a: Great Tusk|52\/100|[from] item: Leftovers\n|upkeep\n|turn|11\n|\n|t:|1700684284\n|move|p2a: Great Tusk|Headlong Rush|p1a: Asta\n|-supereffective|p1a: Asta\n|-damage|p1a: Asta|0 fnt\n|-unboost|p2a: Great Tusk|def|1\n|-unboost|p2a: Great Tusk|spd|1\n|faint|p1a: Asta\n|\n|-heal|p2a: Great Tusk|58\/100|[from] item: Leftovers\n|upkeep\n|\n|t:|1700684291\n|switch|p1a: Charmy|Enamorus-Therian, F|87\/100\n|turn|12\n|\n|t:|1700684299\n|-end|p2a: Great Tusk|Protosynthesis|[silent]\n|switch|p2a: Grimmsnarl|Grimmsnarl, M, shiny|100\/100\n|move|p1a: Charmy|Moonblast|p2a: Grimmsnarl\n|-supereffective|p2a: Grimmsnarl\n|-damage|p2a: Grimmsnarl|27\/100\n|\n|upkeep\n|turn|13\n|\n|t:|1700684307\n|move|p2a: Grimmsnarl|Parting Shot|p1a: Charmy\n|-unboost|p1a: Charmy|atk|1\n|-unboost|p1a: Charmy|spa|1\n|\n|t:|1700684310\n|switch|p2a: Okidogi|Okidogi, M|85\/100|[from] Parting Shot\n|move|p1a: Charmy|Moonblast|p2a: Okidogi\n|-damage|p2a: Okidogi|67\/100\n|\n|upkeep\n|turn|14\n|\n|t:|1700684318\n|switch|p1a: Clay|Great Tusk|100\/100\n|move|p2a: Okidogi|Poison Fang|p1a: Clay\n|-resisted|p1a: Clay\n|-damage|p1a: Clay|92\/100\n|-status|p1a: Clay|tox\n|-damage|p2a: Okidogi|50\/100|[from] item: Rocky Helmet|[of] p1a: Clay\n|\n|-damage|p1a: Clay|86\/100 tox|[from] psn\n|upkeep\n|turn|15\n|\n|t:|1700684333\n|switch|p2a: Sinistcha|Sinistcha-Masterpiece|100\/100\n|move|p1a: Clay|Knock Off|p2a: Sinistcha\n|-supereffective|p2a: Sinistcha\n|-damage|p2a: Sinistcha|63\/100\n|-enditem|p2a: Sinistcha|Kee Berry|[from] move: Knock Off|[of] p1a: Clay\n|\n|-damage|p1a: Clay|74\/100 tox|[from] psn\n|upkeep\n|turn|16\n|\n|t:|1700684342\n|-end|p1a: Clay|Protosynthesis|[silent]\n|switch|p1a: Rain|Samurott-Hisui, M, shiny|100\/100\n|move|p2a: Sinistcha|Matcha Gotcha|p1a: Rain\n|-supereffective|p1a: Rain\n|-damage|p1a: Rain|6\/100\n|-heal|p2a: Sinistcha|100\/100|[from] drain|[of] p1a: Rain\n|\n|upkeep\n|turn|17\n|\n|t:|1700684352\n|move|p1a: Rain|Ceaseless Edge|p2a: Sinistcha\n|-supereffective|p2a: Sinistcha\n|-damage|p2a: Sinistcha|24\/100\n|-sidestart|p2: Z-pokemaster2000|Spikes\n|move|p2a: Sinistcha|Strength Sap|p1a: Rain\n|-unboost|p1a: Rain|atk|1\n|-heal|p2a: Sinistcha|100\/100\n|\n|upkeep\n|turn|18\n|\n|t:|1700684363\n|move|p1a: Rain|Ceaseless Edge|p2a: Sinistcha\n|-supereffective|p2a: Sinistcha\n|-damage|p2a: Sinistcha|46\/100\n|-sidestart|p2: Z-pokemaster2000|Spikes\n|move|p2a: Sinistcha|Strength Sap|p1a: Rain\n|-unboost|p1a: Rain|atk|1\n|-heal|p2a: Sinistcha|100\/100\n|\n|upkeep\n|turn|19\n|\n|t:|1700684375\n|switch|p1a: Sol|Iron Moth|100\/100\n|-enditem|p1a: Sol|Booster Energy\n|-activate|p1a: Sol|ability: Quark Drive|[fromitem]\n|-start|p1a: Sol|quarkdrivespa\n|move|p2a: Sinistcha|Calm Mind|p2a: Sinistcha\n|-boost|p2a: Sinistcha|spa|1\n|-boost|p2a: Sinistcha|spd|1\n|\n|upkeep\n|turn|20\n|\n|t:|1700684385\n|move|p1a: Sol|Fiery Dance|p2a: Sinistcha\n|-supereffective|p2a: Sinistcha\n|-damage|p2a: Sinistcha|55\/100\n|move|p2a: Sinistcha|Scald|p1a: Sol\n|-supereffective|p1a: Sol\n|-damage|p1a: Sol|43\/100\n|\n|upkeep\n|turn|21\n|\n|t:|1700684395\n|move|p1a: Sol|Fiery Dance|p2a: Sinistcha\n|-supereffective|p2a: Sinistcha\n|-damage|p2a: Sinistcha|9\/100\n|move|p2a: Sinistcha|Scald|p1a: Sol\n|-supereffective|p1a: Sol\n|-damage|p1a: Sol|0 fnt\n|faint|p1a: Sol\n|-end|p1a: Sol|Quark Drive|[silent]\n|\n|upkeep\n|\n|t:|1700684414\n|switch|p1a: Clay|Great Tusk|74\/100 tox\n|turn|22\n|\n|t:|1700684421\n|move|p1a: Clay|Knock Off|p2a: Sinistcha\n|-supereffective|p2a: Sinistcha\n|-damage|p2a: Sinistcha|0 fnt\n|faint|p2a: Sinistcha\n|\n|-damage|p1a: Clay|67\/100 tox|[from] psn\n|upkeep\n|\n|t:|1700684425\n|switch|p2a: Great Tusk|Great Tusk|58\/100\n|-damage|p2a: Great Tusk|41\/100|[from] Spikes\n|turn|23\n|\n|t:|1700684452\n|move|p1a: Clay|Ice Spinner|p2a: Great Tusk\n|-supereffective|p2a: Great Tusk\n|-damage|p2a: Great Tusk|8\/100\n|move|p2a: Great Tusk|Rapid Spin|p1a: Clay\n|-damage|p1a: Clay|56\/100 tox\n|-boost|p2a: Great Tusk|spe|1\n|-damage|p2a: Great Tusk|0 fnt|[from] item: Rocky Helmet|[of] p1a: Clay\n|faint|p2a: Great Tusk\n|-end|p2a: Great Tusk|Protosynthesis|[silent]\n|\n|-damage|p1a: Clay|44\/100 tox|[from] psn\n|upkeep\n|\n|t:|1700684465\n|switch|p2a: Grimmsnarl|Grimmsnarl, M, shiny|27\/100\n|-damage|p2a: Grimmsnarl|10\/100|[from] Spikes\n|turn|24\n|\n|t:|1700684484\n|move|p2a: Grimmsnarl|Light Screen|p2a: Grimmsnarl\n|-sidestart|p2: Z-pokemaster2000|move: Light Screen\n|move|p1a: Clay|Earthquake|p2a: Grimmsnarl\n|-damage|p2a: Grimmsnarl|0 fnt\n|faint|p2a: Grimmsnarl\n|\n|-damage|p1a: Clay|25\/100 tox|[from] psn\n|upkeep\n|\n|t:|1700684490\n|switch|p2a: Luna|Clefable, F, shiny|100\/100\n|-damage|p2a: Luna|84\/100|[from] Spikes\n|turn|25\n|j| dfghhhg\n|\n|t:|1700684499\n|move|p1a: Clay|Knock Off|p2a: Luna\n|-resisted|p2a: Luna\n|-damage|p2a: Luna|72\/100\n|-enditem|p2a: Luna|Leftovers|[from] move: Knock Off|[of] p1a: Clay\n|move|p2a: Luna|Cosmic Power|p2a: Luna\n|-boost|p2a: Luna|def|1\n|-boost|p2a: Luna|spd|1\n|\n|-damage|p1a: Clay|0 fnt|[from] psn\n|faint|p1a: Clay\n|-end|p1a: Clay|Protosynthesis|[silent]\n|upkeep\n|\n|t:|1700684512\n|switch|p1a: Charmy|Enamorus-Therian, F|87\/100\n|turn|26\n|\n|t:|1700684523\n|move|p2a: Luna|Cosmic Power|p2a: Luna\n|-boost|p2a: Luna|def|1\n|-boost|p2a: Luna|spd|1\n|move|p1a: Charmy|Sludge Bomb|p2a: Luna\n|-supereffective|p2a: Luna\n|-damage|p2a: Luna|61\/100\n|\n|upkeep\n|turn|27\n|\n|t:|1700684537\n|-terastallize|p2a: Luna|Poison\n|move|p2a: Luna|Cosmic Power|p2a: Luna\n|-boost|p2a: Luna|def|1\n|-boost|p2a: Luna|spd|1\n|move|p1a: Charmy|Sludge Bomb|p2a: Luna\n|-resisted|p2a: Luna\n|-damage|p2a: Luna|59\/100\n|\n|upkeep\n|turn|28\n|inactive|TAlmighty has 120 seconds left.\n|\n|t:|1700684558\n|switch|p1a: Rain|Samurott-Hisui, M, shiny|6\/100\n|move|p2a: Luna|Cosmic Power|p2a: Luna\n|-boost|p2a: Luna|def|1\n|-boost|p2a: Luna|spd|1\n|\n|upkeep\n|turn|29\n|inactive|TAlmighty has 120 seconds left.\n|\n|t:|1700684569\n|move|p1a: Rain|Sacred Sword|p2a: Luna\n|-resisted|p2a: Luna\n|-damage|p2a: Luna|40\/100\n|move|p2a: Luna|Moonlight|p2a: Luna\n|-heal|p2a: Luna|90\/100\n|\n|upkeep\n|turn|30\n|\n|t:|1700684576\n|move|p1a: Rain|Sacred Sword|p2a: Luna\n|-resisted|p2a: Luna\n|-damage|p2a: Luna|73\/100\n|move|p2a: Luna|Charge Beam|p1a: Rain\n|-supereffective|p1a: Rain\n|-damage|p1a: Rain|0 fnt\n|faint|p1a: Rain\n|\n|upkeep\n|\n|t:|1700684582\n|switch|p1a: Charmy|Enamorus-Therian, F|87\/100\n|turn|31\n|\n|t:|1700684591\n|-terastallize|p1a: Charmy|Steel\n|move|p2a: Luna|Cosmic Power|p2a: Luna\n|-boost|p2a: Luna|def|1\n|-boost|p2a: Luna|spd|1\n|move|p1a: Charmy|Earth Power|p2a: Luna\n|-supereffective|p2a: Luna\n|-damage|p2a: Luna|67\/100\n|\n|-sideend|p2: Z-pokemaster2000|move: Light Screen\n|upkeep\n|turn|32\n|\n|t:|1700684609\n|move|p2a: Luna|Moonlight|p2a: Luna\n|-heal|p2a: Luna|100\/100\n|move|p1a: Charmy|Earth Power|p2a: Luna\n|-supereffective|p2a: Luna\n|-damage|p2a: Luna|87\/100\n|\n|upkeep\n|turn|33\n|c|\u2606TAlmighty|This was a easy game I threw, really thought you would've did something different previous turns.\n|c|\u2606TAlmighty|gg\n|-message|TAlmighty forfeited.\n|\n|win|Z-pokemaster2000\n|raw|TAlmighty's rating: 1658 &rarr; <strong>1640<\/strong><br \/>(-18 for losing)\n|raw|Z-pokemaster2000's rating: 1695 &rarr; <strong>1713<\/strong><br \/>(+18 for winning)\n|l|\u2606TAlmighty\n|l|\u2606Z-pokemaster2000\n|j|\u2606Z-pokemaster2000\n|player|p2|Z-pokemaster2000|veteran\n","uploadtime":1700684658,"views":5,"p1id":"talmighty","p2id":"zpokemaster2000","formatid":"gen9ou","rating":1640,"private":0,"password":""}