{"id":"gen9ou-1990955424","p1":"Ojen","p2":"CyberH3","format":"[Gen 9] OU","log":"|j|\u2606Ojen\n|j|\u2606CyberH3\n|t:|1700019434\n|gametype|singles\n|player|p1|Ojen|2|1121\n|player|p2|CyberH3|mars|1219\n|teamsize|p1|6\n|teamsize|p2|6\n|gen|9\n|tier|[Gen 9] OU\n|rated|\n|rule|Sleep Clause Mod: Limit one foe put to sleep\n|rule|Species Clause: Limit one of each Pok\u00e9mon\n|rule|OHKO Clause: OHKO moves are banned\n|rule|Evasion Items Clause: Evasion items are banned\n|rule|Evasion Moves Clause: Evasion moves are banned\n|rule|Endless Battle Clause: Forcing endless battles is banned\n|rule|HP Percentage Mod: HP is shown in percentages\n|clearpoke\n|poke|p1|Sneasler, M|\n|poke|p1|Dragonite, M|\n|poke|p1|Rillaboom, F|\n|poke|p1|Gholdengo|\n|poke|p1|Great Tusk|\n|poke|p1|Ting-Lu|\n|poke|p2|Goodra-Hisui, F|\n|poke|p2|Scizor, F|\n|poke|p2|Mimikyu, M|\n|poke|p2|Thundurus, M|\n|poke|p2|Azelf|\n|poke|p2|Dragapult, M|\n|teampreview\n|\n|t:|1700019441\n|start\n|switch|p1a: Ting-Lu|Ting-Lu|100\/100\n|switch|p2a: Snailtare|Goodra-Hisui, F|100\/100\n|-ability|p1a: Ting-Lu|Vessel of Ruin\n|turn|1\n|\n|t:|1700019451\n|move|p2a: Snailtare|Hydro Pump|p1a: Ting-Lu\n|-supereffective|p1a: Ting-Lu\n|-damage|p1a: Ting-Lu|59\/100\n|-enditem|p1a: Ting-Lu|Red Card|[of] p2a: Snailtare\n|drag|p2a: Asacoco|Thundurus, M|100\/100\n|move|p1a: Ting-Lu|Taunt|p2a: Asacoco\n|-start|p2a: Asacoco|move: Taunt\n|\n|upkeep\n|turn|2\n|\n|t:|1700019461\n|move|p2a: Asacoco|Grass Knot|p1a: Ting-Lu\n|-supereffective|p1a: Ting-Lu\n|-damage|p1a: Ting-Lu|17\/100\n|move|p1a: Ting-Lu|Stealth Rock|p2a: Asacoco\n|-sidestart|p2: CyberH3|move: Stealth Rock\n|\n|upkeep\n|turn|3\n|\n|t:|1700019473\n|move|p2a: Asacoco|Grass Knot|p1a: Ting-Lu\n|-supereffective|p1a: Ting-Lu\n|-damage|p1a: Ting-Lu|0 fnt\n|faint|p1a: Ting-Lu\n|\n|-end|p2a: Asacoco|move: Taunt\n|upkeep\n|\n|t:|1700019501\n|switch|p1a: Rillaboom|Rillaboom, F|100\/100\n|-fieldstart|move: Grassy Terrain|[from] ability: Grassy Surge|[of] p1a: Rillaboom\n|turn|4\n|\n|t:|1700019507\n|move|p2a: Asacoco|Thunder Wave|p1a: Rillaboom\n|-status|p1a: Rillaboom|par\n|cant|p1a: Rillaboom|par\n|\n|upkeep\n|turn|5\n|\n|t:|1700019516\n|switch|p2a: Eat With Scissors|Scizor, F|100\/100\n|-damage|p2a: Eat With Scissors|88\/100|[from] Stealth Rock\n|move|p1a: Rillaboom|Knock Off|p2a: Eat With Scissors\n|-damage|p2a: Eat With Scissors|57\/100\n|-enditem|p2a: Eat With Scissors|Life Orb|[from] move: Knock Off|[of] p1a: Rillaboom\n|\n|-heal|p2a: Eat With Scissors|63\/100|[from] Grassy Terrain\n|upkeep\n|turn|6\n|\n|t:|1700019526\n|move|p2a: Eat With Scissors|Dual Wingbeat|p1a: Rillaboom\n|-supereffective|p1a: Rillaboom\n|-damage|p1a: Rillaboom|50\/100 par\n|-supereffective|p1a: Rillaboom\n|-damage|p1a: Rillaboom|0 fnt\n|faint|p1a: Rillaboom\n|-hitcount|p1: Rillaboom|2\n|\n|-heal|p2a: Eat With Scissors|69\/100|[from] Grassy Terrain\n|upkeep\n|\n|t:|1700019544\n|switch|p1a: Sneasler|Sneasler, M, shiny|100\/100\n|-enditem|p1a: Sneasler|Grassy Seed\n|-boost|p1a: Sneasler|def|1|[from] item: Grassy Seed\n|turn|7\n|\n|t:|1700019549\n|-terastallize|p1a: Sneasler|Flying\n|move|p2a: Eat With Scissors|Bullet Punch|p1a: Sneasler\n|-damage|p1a: Sneasler|58\/100\n|move|p1a: Sneasler|Swords Dance|p1a: Sneasler\n|-boost|p1a: Sneasler|atk|2\n|\n|-heal|p2a: Eat With Scissors|75\/100|[from] Grassy Terrain\n|upkeep\n|turn|8\n|\n|t:|1700019562\n|move|p2a: Eat With Scissors|Bullet Punch|p1a: Sneasler\n|-damage|p1a: Sneasler|15\/100\n|move|p1a: Sneasler|Close Combat|p2a: Eat With Scissors\n|-damage|p2a: Eat With Scissors|0 fnt\n|-unboost|p1a: Sneasler|def|1\n|-unboost|p1a: Sneasler|spd|1\n|faint|p2a: Eat With Scissors\n|\n|-fieldend|move: Grassy Terrain\n|upkeep\n|\n|t:|1700019567\n|switch|p2a: OHAYOLLIE|Mimikyu, M|100\/100\n|-damage|p2a: OHAYOLLIE|88\/100|[from] Stealth Rock\n|turn|9\n|\n|t:|1700019582\n|move|p2a: OHAYOLLIE|Shadow Sneak|p1a: Sneasler\n|-damage|p1a: Sneasler|0 fnt\n|faint|p1a: Sneasler\n|-damage|p2a: OHAYOLLIE|78\/100|[from] item: Life Orb\n|\n|upkeep\n|\n|t:|1700019591\n|switch|p1a: Great Tusk|Great Tusk|100\/100\n|-enditem|p1a: Great Tusk|Booster Energy\n|-activate|p1a: Great Tusk|ability: Protosynthesis|[fromitem]\n|-start|p1a: Great Tusk|protosynthesisatk\n|turn|10\n|\n|t:|1700019600\n|move|p2a: OHAYOLLIE|Swords Dance|p2a: OHAYOLLIE\n|-boost|p2a: OHAYOLLIE|atk|2\n|move|p1a: Great Tusk|Headlong Rush|p2a: OHAYOLLIE\n|-activate|p2a: OHAYOLLIE|ability: Disguise\n|-damage|p2a: OHAYOLLIE|78\/100\n|-unboost|p1a: Great Tusk|def|1\n|-unboost|p1a: Great Tusk|spd|1\n|detailschange|p2a: OHAYOLLIE|Mimikyu-Busted, M\n|-damage|p2a: OHAYOLLIE|66\/100|[from] pokemon: Mimikyu-Busted\n|\n|upkeep\n|turn|11\n|\n|t:|1700019610\n|move|p2a: OHAYOLLIE|Play Rough|p1a: Great Tusk\n|-supereffective|p1a: Great Tusk\n|-damage|p1a: Great Tusk|0 fnt\n|faint|p1a: Great Tusk\n|-end|p1a: Great Tusk|Protosynthesis|[silent]\n|-damage|p2a: OHAYOLLIE|56\/100|[from] item: Life Orb\n|\n|upkeep\n|\n|t:|1700019620\n|switch|p1a: Gholdengo|Gholdengo, shiny|100\/100\n|turn|12\n|\n|t:|1700019624\n|-terastallize|p2a: OHAYOLLIE|Ghost\n|move|p2a: OHAYOLLIE|Shadow Sneak|p1a: Gholdengo\n|-supereffective|p1a: Gholdengo\n|-crit|p1a: Gholdengo\n|-damage|p1a: Gholdengo|0 fnt\n|faint|p1a: Gholdengo\n|-damage|p2a: OHAYOLLIE|46\/100|[from] item: Life Orb\n|\n|upkeep\n|-message|Ojen forfeited.\n|\n|win|CyberH3\n|raw|Ojen's rating: 1121 &rarr; <strong>1103<\/strong><br \/>(-18 for losing)\n|raw|CyberH3's rating: 1219 &rarr; <strong>1237<\/strong><br \/>(+18 for winning)\n|l|\u2606Ojen\n","uploadtime":1700019637,"views":17,"p1id":"ojen","p2id":"cyberh3","formatid":"gen9ou","rating":1103,"private":0,"password":""}