{"id":"gen9ou-1989365947","p1":"Redshad","p2":"ianlazerbeem","format":"[Gen 9] OU","log":"|j|\u2606Redshad\n|j|\u2606ianlazerbeem\n|t:|1699841293\n|gametype|singles\n|player|p1|Redshad|ingo|1391\n|player|p2|ianlazerbeem|rosa|1488\n|teamsize|p1|6\n|teamsize|p2|6\n|gen|9\n|tier|[Gen 9] OU\n|rated|\n|rule|Sleep Clause Mod: Limit one foe put to sleep\n|rule|Species Clause: Limit one of each Pok\u00e9mon\n|rule|OHKO Clause: OHKO moves are banned\n|rule|Evasion Items Clause: Evasion items are banned\n|rule|Evasion Moves Clause: Evasion moves are banned\n|rule|Endless Battle Clause: Forcing endless battles is banned\n|rule|HP Percentage Mod: HP is shown in percentages\n|clearpoke\n|poke|p1|Torkoal, F|\n|poke|p1|Cinderace, F|\n|poke|p1|Great Tusk|\n|poke|p1|Dragapult, F|\n|poke|p1|Kingambit, M|\n|poke|p1|Walking Wake|\n|poke|p2|Clefable, M|\n|poke|p2|Alomomola, M|\n|poke|p2|Blissey, F|\n|poke|p2|Clodsire, F|\n|poke|p2|Dondozo, M|\n|poke|p2|Amoonguss, F|\n|teampreview\n|j| Freakkkkkkkkkkk\n|\n|t:|1699841314\n|start\n|switch|p1a: Messi|Cinderace, F|100\/100\n|switch|p2a: Clodsire|Clodsire, F|100\/100\n|turn|1\n|inactive|Battle timer is ON: inactive players will automatically lose when time's up. (requested by ianlazerbeem)\n|c| Freakkkkkkkkkkk|Bro why you using a stall team \ud83d\udc80\n|\n|t:|1699841328\n|switch|p2a: Alomomola|Alomomola, M|100\/100\n|move|p1a: Messi|Pyro Ball|p2a: Alomomola\n|-resisted|p2a: Alomomola\n|-damage|p2a: Alomomola|85\/100\n|\n|upkeep\n|turn|2\n|\n|t:|1699841338\n|switch|p1a: Koraidon at Home|Torkoal, F|100\/100\n|-weather|SunnyDay|[from] ability: Drought|[of] p1a: Koraidon at Home\n|move|p2a: Alomomola|Flip Turn|p1a: Koraidon at Home\n|-supereffective|p1a: Koraidon at Home\n|-damage|p1a: Koraidon at Home|90\/100\n|\n|t:|1699841343\n|switch|p2a: Clodsire|Clodsire, F|100\/100|[from] Flip Turn\n|\n|-weather|SunnyDay|[upkeep]\n|upkeep\n|turn|3\n|c| Freakkkkkkkkkkk|Bro finna be the most annoying dude to fight\n|\n|t:|1699841347\n|move|p1a: Koraidon at Home|Stealth Rock|p2a: Clodsire\n|-sidestart|p2: ianlazerbeem|move: Stealth Rock\n|move|p2a: Clodsire|Spikes|p1a: Koraidon at Home\n|-sidestart|p1: Redshad|Spikes\n|\n|-weather|SunnyDay|[upkeep]\n|upkeep\n|turn|4\n|c|\u2606Redshad|I am aware\n|c|\u2606Redshad|God\n|c|\u2606Redshad|pray for me\n|\n|t:|1699841360\n|move|p1a: Koraidon at Home|Rapid Spin|p2a: Clodsire\n|-damage|p2a: Clodsire|90\/100\n|-boost|p1a: Koraidon at Home|spe|1\n|-sideend|p1: Redshad|Spikes|[from] move: Rapid Spin|[of] p1a: Koraidon at Home\n|move|p2a: Clodsire|Poison Jab|p1a: Koraidon at Home\n|-damage|p1a: Koraidon at Home|77\/100\n|\n|-weather|SunnyDay|[upkeep]\n|upkeep\n|turn|5\n|\n|t:|1699841364\n|switch|p1a: OU Prince|Great Tusk|100\/100\n|-activate|p1a: OU Prince|ability: Protosynthesis\n|-start|p1a: OU Prince|protosynthesisatk\n|move|p2a: Clodsire|Spikes|p1a: OU Prince\n|-sidestart|p1: Redshad|Spikes\n|\n|-weather|SunnyDay|[upkeep]\n|upkeep\n|turn|6\n|\n|t:|1699841378\n|switch|p2a: Dondozo|Dondozo, M|100\/100\n|move|p1a: OU Prince|Earthquake|p2a: Dondozo\n|-damage|p2a: Dondozo|70\/100\n|\n|-weather|SunnyDay|[upkeep]\n|upkeep\n|turn|7\n|\n|t:|1699841385\n|move|p1a: OU Prince|Rapid Spin|p2a: Dondozo\n|-damage|p2a: Dondozo|60\/100\n|-boost|p1a: OU Prince|spe|1\n|-sideend|p1: Redshad|Spikes|[from] move: Rapid Spin|[of] p1a: OU Prince\n|move|p2a: Dondozo|Waterfall|p1a: OU Prince\n|-supereffective|p1a: OU Prince\n|-damage|p1a: OU Prince|79\/100\n|\n|-weather|SunnyDay|[upkeep]\n|-heal|p1a: OU Prince|85\/100|[from] item: Leftovers\n|upkeep\n|turn|8\n|c|\u2606ianlazerbeem|If you're so mad forfeit\n|\n|t:|1699841412\n|move|p1a: OU Prince|Close Combat|p2a: Dondozo\n|-damage|p2a: Dondozo|24\/100\n|-unboost|p1a: OU Prince|def|1\n|-unboost|p1a: OU Prince|spd|1\n|move|p2a: Dondozo|Body Press|p1a: OU Prince\n|-damage|p1a: OU Prince|64\/100\n|\n|-weather|SunnyDay|[upkeep]\n|-heal|p1a: OU Prince|70\/100|[from] item: Leftovers\n|upkeep\n|turn|9\n|c|\u2606Redshad|I'm not mad; Just mildly annoyed\n|\n|t:|1699841430\n|-end|p1a: OU Prince|Protosynthesis|[silent]\n|switch|p1a: THE PULT|Dragapult, F|100\/100\n|switch|p2a: Alomomola|Alomomola, M|100\/100\n|\n|-weather|none\n|upkeep\n|turn|10\n|c|\u2606ianlazerbeem|Well I'm using it because I'm a stall player\n|c|\u2606ianlazerbeem|nuch like how you are using an HO team\n|inactive|ianlazerbeem has 120 seconds left.\n|\n|t:|1699841459\n|switch|p2a: Amoonguss|Amoonguss, F|100\/100\n|move|p1a: THE PULT|Thunder Wave|p2a: Amoonguss\n|-status|p2a: Amoonguss|par\n|\n|upkeep\n|turn|11\n|c|\u2606Redshad|I understand\n|c| Freakkkkkkkkkkk|Nah blissey and Amoonggus in the same team is wild \ud83d\udc80\ud83d\ude4f\n|c|\u2606Redshad|I just hate fighting against Stall. Not to the point its unfun but\n|c|\u2606Redshad|why?\n|c|\u2606Redshad|Genuine curiosity here\n|c|\u2606Redshad|no malice.\n|\n|t:|1699841489\n|move|p1a: THE PULT|U-turn|p2a: Amoonguss\n|-damage|p2a: Amoonguss|88\/100 par\n|\n|t:|1699841491\n|switch|p1a: Koraidon at Home|Torkoal, F|77\/100|[from] U-turn\n|-weather|SunnyDay|[from] ability: Drought|[of] p1a: Koraidon at Home\n|move|p2a: Amoonguss|Foul Play|p1a: Koraidon at Home\n|-damage|p1a: Koraidon at Home|65\/100\n|\n|-weather|SunnyDay|[upkeep]\n|upkeep\n|turn|12\n|inactiveoff|Battle timer is now OFF.\n|\n|t:|1699841507\n|switch|p2a: Clodsire|Clodsire, F|90\/100\n|move|p1a: Koraidon at Home|Eruption|p2a: Clodsire\n|-damage|p2a: Clodsire|66\/100\n|\n|-weather|SunnyDay|[upkeep]\n|upkeep\n|turn|13\n|\n|t:|1699841515\n|switch|p1a: OU Prince|Great Tusk|70\/100\n|-activate|p1a: OU Prince|ability: Protosynthesis\n|-start|p1a: OU Prince|protosynthesisatk\n|move|p2a: Clodsire|Spikes|p1a: OU Prince\n|-sidestart|p1: Redshad|Spikes\n|\n|-weather|SunnyDay|[upkeep]\n|-heal|p1a: OU Prince|77\/100|[from] item: Leftovers\n|upkeep\n|turn|14\n|c|\u2606ianlazerbeem|A lot of the time when I play more proactive playstyles I choke\n|c|\u2606ianlazerbeem|i tend to play very carefully and cautiously and stall rewards rather than punishes that\n|\n|t:|1699841549\n|switch|p2a: Alomomola|Alomomola, M|100\/100\n|move|p1a: OU Prince|Earthquake|p2a: Alomomola\n|-damage|p2a: Alomomola|63\/100\n|\n|-weather|SunnyDay|[upkeep]\n|-heal|p1a: OU Prince|83\/100|[from] item: Leftovers\n|upkeep\n|turn|15\n|\n|t:|1699841574\n|-end|p1a: OU Prince|Protosynthesis|[silent]\n|switch|p1a: THE PULT|Dragapult, F|100\/100\n|move|p2a: Alomomola|Wish|p2a: Alomomola\n|\n|-weather|SunnyDay|[upkeep]\n|upkeep\n|turn|16\n|c|\u2606Redshad|Completely understandable tbh\n|c|\u2606ianlazerbeem|@Freakkkkkkkkkkk we will see how it goes I am a moonguss skeptic as well\n|\n|t:|1699841612\n|switch|p2a: Blissey|Blissey, F|100\/100\n|move|p1a: THE PULT|U-turn|p2a: Blissey\n|-damage|p2a: Blissey|68\/100\n|c|\u2606Redshad|Safety over anything is Stall huh\n|c|\u2606Redshad|Understandable\n|c|\u2606Redshad|!dt Blissey\n|raw|<div class=\"message\"><ul class=\"utilichart\"><li class=\"result\"><span class=\"col numcol\">OU<\/span> <span class=\"col iconcol\"><psicon pokemon=\"blissey\"\/><\/span> <span class=\"col pokemonnamecol\" style=\"white-space:nowrap\"><a href=\"https:\/\/dex.pokemonshowdown.com\/pokemon\/blissey\" target=\"_blank\">Blissey<\/a><\/span> <span class=\"col typecol\"><img src=\"https:\/\/play.pokemonshowdown.com\/sprites\/types\/Normal.png\" alt=\"Normal\" height=\"14\" width=\"32\"><\/span> <span style=\"float:left;min-height:26px\"><span class=\"col twoabilitycol\">Natural Cure<br \/>Serene Grace<\/span><span class=\"col abilitycol\"><em>Healer<\/em><\/span><\/span><span style=\"float:left;min-height:26px\"><span class=\"col statcol\"><em>HP<\/em><br \/>255<\/span> <span class=\"col statcol\"><em>Atk<\/em><br \/>10<\/span> <span class=\"col statcol\"><em>Def<\/em><br \/>10<\/span> <span class=\"col statcol\"><em>SpA<\/em><br \/>75<\/span> <span class=\"col statcol\"><em>SpD<\/em><br \/>135<\/span> <span class=\"col statcol\"><em>Spe<\/em><br \/>55<\/span> <span class=\"col bstcol\"><em>BST<br \/>540<\/em><\/span> <\/span><\/li><li style=\"clear:both\"><\/li><\/ul><\/div>\n|raw|<font size=\"1\"><font color=\"#686868\">Dex#:<\/font> 242&nbsp;|&ThickSpace;<font color=\"#686868\">Gen:<\/font> 2&nbsp;|&ThickSpace;<font color=\"#686868\">Height:<\/font> 1.5 m&nbsp;|&ThickSpace;<font color=\"#686868\">Weight:<\/font> 46.8 kg <em>(60 BP)<\/em>&nbsp;|&ThickSpace;<font color=\"#686868\">Dex Colour:<\/font> Pink&nbsp;|&ThickSpace;<font color=\"#686868\">Egg Group(s):<\/font> Fairy&nbsp;|&ThickSpace;<font color=\"#686868\">Pre-Evolution:<\/font> Chansey&nbsp;|&ThickSpace;<font color=\"#686868\">Does Not Evolve<\/font><\/font>\n\n|c|\u2606ianlazerbeem|Plus with balance especially if you get one turn wrong you're fucked, I choke a log\n|\n|t:|1699841643\n|switch|p1a: Messi|Cinderace, F|100\/100|[from] U-turn\n|\n|-weather|SunnyDay|[upkeep]\n|-heal|p2a: Blissey|100\/100|[from] move: Wish|[wisher] Alomomola\n|upkeep\n|turn|17\n|c|\u2606ianlazerbeem|lot\n|c|\u2606Redshad|I understand tbh.\n|\n|t:|1699841656\n|switch|p2a: Alomomola|Alomomola, M|96\/100\n|move|p1a: Messi|Pyro Ball|p2a: Alomomola\n|-resisted|p2a: Alomomola\n|-damage|p2a: Alomomola|74\/100\n|\n|-weather|SunnyDay|[upkeep]\n|upkeep\n|turn|18\n|\n|t:|1699841682\n|move|p1a: Messi|Sucker Punch||[still]\n|-fail|p1a: Messi\n|move|p2a: Alomomola|Wish|p2a: Alomomola\n|\n|-weather|none\n|upkeep\n|turn|19\n|c|\u2606ianlazerbeem|To an extent, it's also just very logical which I appreciate\n|\n|t:|1699841690\n|switch|p1a: Koraidon at Home|Torkoal, F|65\/100\n|-damage|p1a: Koraidon at Home|53\/100|[from] Spikes\n|-weather|SunnyDay|[from] ability: Drought|[of] p1a: Koraidon at Home\n|move|p2a: Alomomola|Wish||[still]\n|-fail|p2a: Alomomola\n|\n|-weather|SunnyDay|[upkeep]\n|-heal|p2a: Alomomola|100\/100|[from] move: Wish|[wisher] Alomomola\n|upkeep\n|turn|20\n|\n|t:|1699841694\n|switch|p2a: Clodsire|Clodsire, F|66\/100\n|move|p1a: Koraidon at Home|Rapid Spin|p2a: Clodsire\n|-damage|p2a: Clodsire|55\/100\n|-boost|p1a: Koraidon at Home|spe|1\n|-sideend|p1: Redshad|Spikes|[from] move: Rapid Spin|[of] p1a: Koraidon at Home\n|\n|-weather|SunnyDay|[upkeep]\n|upkeep\n|turn|21\n|c|\u2606ianlazerbeem|Fuck misclicked\n|\n|t:|1699841707\n|switch|p1a: THE PULT|Dragapult, F|100\/100\n|move|p2a: Clodsire|Recover|p2a: Clodsire\n|-heal|p2a: Clodsire|100\/100\n|\n|-weather|SunnyDay|[upkeep]\n|upkeep\n|turn|22\n|\n|t:|1699841716\n|switch|p2a: Blissey|Blissey, F|100\/100\n|move|p1a: THE PULT|Draco Meteor|p2a: Blissey\n|-damage|p2a: Blissey|85\/100\n|-unboost|p1a: THE PULT|spa|2\n|\n|-weather|SunnyDay|[upkeep]\n|upkeep\n|turn|23\n|\n|t:|1699841722\n|move|p1a: THE PULT|U-turn|p2a: Blissey\n|-crit|p2a: Blissey\n|-damage|p2a: Blissey|34\/100\n|c|\u2606Redshad|HUGE\n|\n|t:|1699841729\n|switch|p1a: Messi|Cinderace, F|100\/100|[from] U-turn\n|move|p2a: Blissey|Stealth Rock|p1a: Messi\n|-sidestart|p1: Redshad|move: Stealth Rock\n|\n|-weather|SunnyDay|[upkeep]\n|upkeep\n|turn|24\n|\n|t:|1699841733\n|switch|p2a: Alomomola|Alomomola, M|100\/100\n|move|p1a: Messi|Pyro Ball|p2a: Alomomola\n|-resisted|p2a: Alomomola\n|-damage|p2a: Alomomola|76\/100\n|\n|-weather|SunnyDay|[upkeep]\n|upkeep\n|turn|25\n|\n|t:|1699841736\n|move|p1a: Messi|Will-O-Wisp|p2a: Alomomola\n|-status|p2a: Alomomola|brn\n|move|p2a: Alomomola|Wish|p2a: Alomomola\n|\n|-weather|SunnyDay|[upkeep]\n|-damage|p2a: Alomomola|70\/100 brn|[from] brn\n|upkeep\n|turn|26\n|\n|t:|1699841751\n|switch|p1a: OU Prince|Great Tusk|83\/100\n|-damage|p1a: OU Prince|80\/100|[from] Stealth Rock\n|-activate|p1a: OU Prince|ability: Protosynthesis\n|-start|p1a: OU Prince|protosynthesisatk\n|move|p2a: Alomomola|Flip Turn|p1a: OU Prince\n|-supereffective|p1a: OU Prince\n|-damage|p1a: OU Prince|74\/100\n|\n|t:|1699841761\n|switch|p2a: Dondozo|Dondozo, M|24\/100|[from] Flip Turn\n|\n|-weather|none\n|-end|p1a: OU Prince|Protosynthesis\n|-heal|p2a: Dondozo|77\/100|[from] move: Wish|[wisher] Alomomola\n|-heal|p1a: OU Prince|80\/100|[from] item: Leftovers\n|upkeep\n|turn|27\n|\n|t:|1699841766\n|move|p1a: OU Prince|Rapid Spin|p2a: Dondozo\n|-damage|p2a: Dondozo|69\/100\n|-boost|p1a: OU Prince|spe|1\n|-sideend|p1: Redshad|Stealth Rock|[from] move: Rapid Spin|[of] p1a: OU Prince\n|move|p2a: Dondozo|Waterfall|p1a: OU Prince\n|-supereffective|p1a: OU Prince\n|-damage|p1a: OU Prince|36\/100\n|\n|-heal|p1a: OU Prince|42\/100|[from] item: Leftovers\n|upkeep\n|turn|28\n|\n|t:|1699841771\n|-end|p1a: OU Prince|Protosynthesis|[silent]\n|switch|p1a: Koraidon at Home|Torkoal, F|53\/100\n|-weather|SunnyDay|[from] ability: Drought|[of] p1a: Koraidon at Home\n|move|p2a: Dondozo|Waterfall|p1a: Koraidon at Home\n|-supereffective|p1a: Koraidon at Home\n|-damage|p1a: Koraidon at Home|35\/100\n|\n|-weather|SunnyDay|[upkeep]\n|upkeep\n|turn|29\n|l| Freakkkkkkkkkkk\n|\n|t:|1699841787\n|switch|p1a: THE PULT|Dragapult, F|100\/100\n|switch|p2a: Clodsire|Clodsire, F|100\/100\n|\n|-weather|SunnyDay|[upkeep]\n|upkeep\n|turn|30\n|c|\u2606ianlazerbeem|Another thing I like about stall is it's good for learning, over time you spend a lot of time seeing every possibility of what every Pok\u00e9mon can do and how to respond\n|\n|t:|1699841827\n|move|p1a: THE PULT|U-turn|p2a: Clodsire\n|-resisted|p2a: Clodsire\n|-damage|p2a: Clodsire|91\/100\n|\n|t:|1699841834\n|switch|p1a: OU Prince|Great Tusk|42\/100|[from] U-turn\n|-activate|p1a: OU Prince|ability: Protosynthesis\n|-start|p1a: OU Prince|protosynthesisatk\n|move|p2a: Clodsire|Spikes|p1a: OU Prince\n|-sidestart|p1: Redshad|Spikes\n|\n|-weather|SunnyDay|[upkeep]\n|-heal|p1a: OU Prince|48\/100|[from] item: Leftovers\n|upkeep\n|turn|31\n|c|\u2606Redshad|I think I see the appeal now\n|\n|t:|1699841846\n|switch|p2a: Alomomola|Alomomola, M|100\/100 brn\n|move|p1a: OU Prince|Earthquake|p2a: Alomomola\n|-damage|p2a: Alomomola|66\/100 brn\n|\n|-weather|SunnyDay|[upkeep]\n|-heal|p1a: OU Prince|55\/100|[from] item: Leftovers\n|-damage|p2a: Alomomola|60\/100 brn|[from] brn\n|upkeep\n|turn|32\n|c|\u2606Redshad|Its a passive playstyle that relies on looking at what your opponent does and responding accordingly\n|c|\u2606Redshad|opposite to HO which is the equivalent of opening the door with a shotgun on hand\n|\n|t:|1699841878\n|-end|p1a: OU Prince|Protosynthesis|[silent]\n|switch|p1a: THE PULT|Dragapult, F|100\/100\n|switch|p2a: Dondozo|Dondozo, M|69\/100\n|\n|-weather|SunnyDay|[upkeep]\n|upkeep\n|turn|33\n|c|\u2606ianlazerbeem|If you do mons discords highvoltag3 has a really good stall discord for learning and sharing\n|\n|t:|1699841908\n|switch|p2a: Amoonguss|Amoonguss, F|100\/100 par\n|move|p1a: THE PULT|Thunder Wave|p2a: Amoonguss\n|-fail|p2a: Amoonguss|par\n|\n|-weather|SunnyDay|[upkeep]\n|upkeep\n|turn|34\n|c|\u2606Redshad|Huh!\n|c|\u2606Redshad|Thanks mate.\n|\n|t:|1699841918\n|move|p1a: THE PULT|Hex|p2a: Amoonguss\n|-damage|p2a: Amoonguss|49\/100 par\n|move|p2a: Amoonguss|Spore|p1a: THE PULT\n|-status|p1a: THE PULT|slp|[from] move: Spore\n|\n|-weather|SunnyDay|[upkeep]\n|upkeep\n|turn|35\n|\n|t:|1699841927\n|switch|p2a: Blissey|Blissey, F|34\/100\n|cant|p1a: THE PULT|slp\n|\n|-weather|none\n|upkeep\n|turn|36\n|\n|t:|1699841932\n|-curestatus|p1a: THE PULT|slp|[msg]\n|move|p1a: THE PULT|U-turn|p2a: Blissey\n|-damage|p2a: Blissey|3\/100\n|\n|t:|1699841937\n|switch|p1a: Koraidon at Home|Torkoal, F|35\/100|[from] U-turn\n|-damage|p1a: Koraidon at Home|23\/100|[from] Spikes\n|-weather|SunnyDay|[from] ability: Drought|[of] p1a: Koraidon at Home\n|move|p2a: Blissey|Soft-Boiled|p2a: Blissey\n|-heal|p2a: Blissey|53\/100\n|\n|-weather|SunnyDay|[upkeep]\n|upkeep\n|turn|37\n|\n|t:|1699841941\n|move|p2a: Blissey|Soft-Boiled|p2a: Blissey\n|-heal|p2a: Blissey|100\/100\n|move|p1a: Koraidon at Home|Rapid Spin|p2a: Blissey\n|-damage|p2a: Blissey|80\/100\n|-boost|p1a: Koraidon at Home|spe|1\n|-sideend|p1: Redshad|Spikes|[from] move: Rapid Spin|[of] p1a: Koraidon at Home\n|\n|-weather|SunnyDay|[upkeep]\n|upkeep\n|turn|38\n|\n|t:|1699841949\n|switch|p1a: Messi|Cinderace, F|100\/100\n|move|p2a: Blissey|Seismic Toss|p1a: Messi\n|-damage|p1a: Messi|67\/100\n|\n|-weather|SunnyDay|[upkeep]\n|upkeep\n|turn|39\n|c|\u2606ianlazerbeem|You can't just play reactively cause then you'll get doubled on and lose too - there is still the prediction element but it is less nerve wracking\n|\n|t:|1699841997\n|switch|p1a: Jurassic World|Walking Wake|100\/100\n|-activate|p1a: Jurassic World|ability: Protosynthesis\n|-start|p1a: Jurassic World|protosynthesisspe\n|switch|p2a: Alomomola|Alomomola, M|93\/100 brn\n|\n|-weather|SunnyDay|[upkeep]\n|-damage|p2a: Alomomola|87\/100 brn|[from] brn\n|upkeep\n|turn|40\n|c|\u2606Redshad|I see the appeal now.\n|c|\u2606Redshad|Thank you, I actually see the use in it now.\n|\n|t:|1699842014\n|move|p1a: Jurassic World|Hydro Steam|p2a: Alomomola\n|-resisted|p2a: Alomomola\n|-damage|p2a: Alomomola|30\/100 brn\n|move|p2a: Alomomola|Mirror Coat|p1a: Jurassic World\n|-damage|p1a: Jurassic World|0 fnt\n|faint|p1a: Jurassic World\n|-end|p1a: Jurassic World|Protosynthesis|[silent]\n|\n|-weather|SunnyDay|[upkeep]\n|-damage|p2a: Alomomola|24\/100 brn|[from] brn\n|upkeep\n|c|\u2606Redshad|alright fuck.\n|\n|t:|1699842024\n|switch|p1a: THE PULT|Dragapult, F|100\/100\n|turn|41\n|c|\u2606ianlazerbeem|Awww glad i could help\n|c|\u2606ianlazerbeem|btw you catch that play \ud83d\ude0e\n|\n|t:|1699842047\n|switch|p2a: Blissey|Blissey, F|80\/100\n|move|p1a: THE PULT|U-turn|p2a: Blissey\n|-damage|p2a: Blissey|49\/100\n|c|\u2606Redshad|did not expect the\n|c|\u2606Redshad|mirror coat alom\n|\n|t:|1699842063\n|switch|p1a: OU Prince|Great Tusk|55\/100|[from] U-turn\n|-activate|p1a: OU Prince|ability: Protosynthesis\n|-start|p1a: OU Prince|protosynthesisatk\n|\n|-weather|SunnyDay|[upkeep]\n|-heal|p1a: OU Prince|61\/100|[from] item: Leftovers\n|upkeep\n|turn|42\n|\n|t:|1699842099\n|switch|p2a: Clefable|Clefable, M|100\/100\n|move|p1a: OU Prince|Earthquake|p2a: Clefable\n|-damage|p2a: Clefable|51\/100\n|\n|-weather|SunnyDay|[upkeep]\n|-heal|p1a: OU Prince|67\/100|[from] item: Leftovers\n|-heal|p2a: Clefable|57\/100|[from] item: Leftovers\n|upkeep\n|turn|43\n|\n|t:|1699842116\n|move|p2a: Clefable|Protect|p2a: Clefable\n|-singleturn|p2a: Clefable|Protect\n|move|p1a: OU Prince|Earthquake|p2a: Clefable\n|-activate|p2a: Clefable|move: Protect\n|\n|-weather|none\n|-end|p1a: OU Prince|Protosynthesis\n|-heal|p1a: OU Prince|73\/100|[from] item: Leftovers\n|-heal|p2a: Clefable|63\/100|[from] item: Leftovers\n|upkeep\n|turn|44\n|c|\u2606ianlazerbeem|Didn't even know she could learn it until tofay\n|c|\u2606Redshad|well me neither\n|c|\u2606ianlazerbeem|leng loi made this team she recently hit #1 with that tinkaton Jugulis team\n|\n|t:|1699842165\n|-end|p1a: OU Prince|Protosynthesis|[silent]\n|switch|p1a: Koraidon at Home|Torkoal, F|23\/100\n|-weather|SunnyDay|[from] ability: Drought|[of] p1a: Koraidon at Home\n|switch|p2a: Alomomola|Alomomola, M|57\/100 brn\n|\n|-weather|SunnyDay|[upkeep]\n|-damage|p2a: Alomomola|51\/100 brn|[from] brn\n|upkeep\n|turn|45\n|\n|t:|1699842187\n|switch|p1a: THE PULT|Dragapult, F|100\/100\n|move|p2a: Alomomola|Wish|p2a: Alomomola\n|\n|-weather|SunnyDay|[upkeep]\n|-damage|p2a: Alomomola|44\/100 brn|[from] brn\n|upkeep\n|turn|46\n|\n|t:|1699842198\n|switch|p2a: Blissey|Blissey, F|49\/100\n|move|p1a: THE PULT|U-turn|p2a: Blissey\n|-damage|p2a: Blissey|18\/100\n|\n|t:|1699842206\n|switch|p1a: Messi|Cinderace, F|67\/100|[from] U-turn\n|\n|-weather|SunnyDay|[upkeep]\n|-heal|p2a: Blissey|55\/100|[from] move: Wish|[wisher] Alomomola\n|upkeep\n|turn|47\n|inactive|Battle timer is ON: inactive players will automatically lose when time's up. (requested by ianlazerbeem)\n|c|\u2606Redshad|huh...\n|\n|t:|1699842219\n|switch|p2a: Alomomola|Alomomola, M|78\/100 brn\n|move|p1a: Messi|Pyro Ball|p2a: Alomomola\n|-resisted|p2a: Alomomola\n|-damage|p2a: Alomomola|53\/100 brn\n|\n|-weather|SunnyDay|[upkeep]\n|-damage|p2a: Alomomola|47\/100 brn|[from] brn\n|upkeep\n|turn|48\n|\n|t:|1699842226\n|switch|p2a: Clodsire|Clodsire, F|91\/100\n|move|p1a: Messi|Pyro Ball|p2a: Clodsire\n|-damage|p2a: Clodsire|0 fnt\n|faint|p2a: Clodsire\n|\n|-weather|SunnyDay|[upkeep]\n|upkeep\n|c|\u2606ianlazerbeem|Shit\n|c|\u2606Redshad|MASSIVE READ\n|\n|t:|1699842236\n|switch|p2a: Dondozo|Dondozo, M|69\/100\n|turn|49\n|\n|t:|1699842241\n|move|p1a: Messi|Will-O-Wisp|p2a: Dondozo|[miss]\n|-miss|p1a: Messi|p2a: Dondozo\n|move|p2a: Dondozo|Body Press|p1a: Messi\n|-damage|p1a: Messi|24\/100\n|\n|-weather|SunnyDay|[upkeep]\n|upkeep\n|turn|50\n|c|\u2606Redshad|MASSIVE LOSS\n|\n|t:|1699842248\n|move|p1a: Messi|Will-O-Wisp|p2a: Dondozo\n|-status|p2a: Dondozo|brn\n|move|p2a: Dondozo|Body Press|p1a: Messi\n|-damage|p1a: Messi|6\/100\n|\n|-weather|SunnyDay|[upkeep]\n|-damage|p2a: Dondozo|63\/100 brn|[from] brn\n|upkeep\n|turn|51\n|\n|t:|1699842258\n|switch|p1a: THE PULT|Dragapult, F|100\/100\n|move|p2a: Dondozo|Rest|p2a: Dondozo\n|-status|p2a: Dondozo|slp|[from] move: Rest\n|-heal|p2a: Dondozo|100\/100 slp|[silent]\n|\n|-weather|none\n|upkeep\n|turn|52\n|\n|t:|1699842274\n|switch|p2a: Blissey|Blissey, F|55\/100\n|move|p1a: THE PULT|Draco Meteor|p2a: Blissey\n|-damage|p2a: Blissey|38\/100\n|-unboost|p1a: THE PULT|spa|2\n|\n|upkeep\n|turn|53\n|\n|t:|1699842279\n|move|p1a: THE PULT|Thunder Wave|p2a: Blissey\n|-status|p2a: Blissey|par\n|cant|p2a: Blissey|par\n|\n|upkeep\n|turn|54\n|\n|t:|1699842283\n|move|p1a: THE PULT|U-turn|p2a: Blissey\n|-damage|p2a: Blissey|5\/100 par\n|\n|t:|1699842285\n|switch|p1a: Koraidon at Home|Torkoal, F|23\/100|[from] U-turn\n|-weather|SunnyDay|[from] ability: Drought|[of] p1a: Koraidon at Home\n|cant|p2a: Blissey|par\n|\n|-weather|SunnyDay|[upkeep]\n|upkeep\n|turn|55\n|c|\u2606ianlazerbeem|That might be gg\n|\n|t:|1699842304\n|-curestatus|p2a: Blissey|par|[from] ability: Natural Cure\n|switch|p2a: Clefable|Clefable, M|63\/100\n|move|p1a: Koraidon at Home|Eruption|p2a: Clefable\n|-damage|p2a: Clefable|48\/100\n|\n|-weather|SunnyDay|[upkeep]\n|-heal|p2a: Clefable|55\/100|[from] item: Leftovers\n|upkeep\n|turn|56\n|\n|t:|1699842314\n|switch|p1a: THE PULT|Dragapult, F|100\/100\n|move|p2a: Clefable|Wish|p2a: Clefable\n|\n|-weather|SunnyDay|[upkeep]\n|-heal|p2a: Clefable|61\/100|[from] item: Leftovers\n|upkeep\n|turn|57\n|\n|t:|1699842325\n|move|p2a: Clefable|Protect|p2a: Clefable\n|-singleturn|p2a: Clefable|Protect\n|move|p1a: THE PULT|Thunder Wave|p2a: Clefable\n|-activate|p2a: Clefable|move: Protect\n|\n|-weather|SunnyDay|[upkeep]\n|-heal|p2a: Clefable|100\/100|[from] move: Wish|[wisher] Clefable\n|upkeep\n|turn|58\n|c|\u2606Redshad|i think this is the hardest i've thought in a match\n|\n|t:|1699842335\n|switch|p2a: Alomomola|Alomomola, M|80\/100 brn\n|move|p1a: THE PULT|Thunder Wave||[still]\n|-fail|p1a: THE PULT\n|\n|-weather|SunnyDay|[upkeep]\n|-damage|p2a: Alomomola|74\/100 brn|[from] brn\n|upkeep\n|turn|59\n|\n|t:|1699842337\n|move|p1a: THE PULT|Hex|p2a: Alomomola\n|-damage|p2a: Alomomola|3\/100 brn\n|move|p2a: Alomomola|Wish|p2a: Alomomola\n|\n|-weather|SunnyDay|[upkeep]\n|-damage|p2a: Alomomola|0 fnt|[from] brn\n|faint|p2a: Alomomola\n|upkeep\n|c|\u2606ianlazerbeem|Ok yeah\n|c|\u2606ianlazerbeem|well it was nice talking to you have a good night\n|-message|ianlazerbeem forfeited.\n|\n|win|Redshad\n|raw|Redshad's rating: 1391 &rarr; <strong>1416<\/strong><br \/>(+25 for winning)\n|raw|ianlazerbeem's rating: 1488 &rarr; <strong>1463<\/strong><br \/>(-25 for losing)\n|c|\u2606Redshad|Have a good night mate. IT was a real nice one\n|c|\u2606Redshad|Good luck on your matches\n|c|\u2606Redshad|Real nice guy\n|c|\u2606ianlazerbeem|You too Gl on your nexy\n|c|\u2606ianlazerbeem|Appreciate it you too\n|c|\u2606Redshad|hell yeah!\n|c|\u2606ianlazerbeem|i got nervous\n|c|\u2606Redshad|Good night mate\n|c|\u2606ianlazerbeem|Cheers\n|c|\u2606Redshad|Cheers\n|l|\u2606Redshad\n|l|\u2606ianlazerbeem\n|j|\u2606ianlazerbeem\n|player|p2|ianlazerbeem|rosa\n","uploadtime":1699842406,"views":15,"p1id":"redshad","p2id":"ianlazerbeem","formatid":"gen9ou","rating":1416,"private":0,"password":""}