{"id":"gen9ou-1993316789","p1":"Zapsuki","p2":"Ray-1055","format":"[Gen 9] OU","log":"|j|\u2606Zapsuki\n|j|\u2606Ray-1055\n|t:|1700296881\n|gametype|singles\n|player|p1|Zapsuki|serena-masters2|1568\n|player|p2|Ray-1055|2|1648\n|teamsize|p1|6\n|teamsize|p2|6\n|gen|9\n|tier|[Gen 9] OU\n|rated|\n|rule|Sleep Clause Mod: Limit one foe put to sleep\n|rule|Species Clause: Limit one of each Pok\u00e9mon\n|rule|OHKO Clause: OHKO moves are banned\n|rule|Evasion Items Clause: Evasion items are banned\n|rule|Evasion Moves Clause: Evasion moves are banned\n|rule|Endless Battle Clause: Forcing endless battles is banned\n|rule|HP Percentage Mod: HP is shown in percentages\n|clearpoke\n|poke|p1|Dragonite, F|\n|poke|p1|Garchomp, M|\n|poke|p1|Kommo-o, F|\n|poke|p1|Dragapult, M|\n|poke|p1|Tinkaton, F|\n|poke|p1|Walking Wake|\n|poke|p2|Ceruledge, M|\n|poke|p2|Iron Moth|\n|poke|p2|Glimmora, M|\n|poke|p2|Great Tusk|\n|poke|p2|Ogerpon-Wellspring, F|\n|poke|p2|Iron Valiant|\n|teampreview\n|inactive|Battle timer is ON: inactive players will automatically lose when time's up. (requested by Zapsuki)\n|\n|t:|1700296892\n|start\n|switch|p1a: Walking Wake|Walking Wake|100\/100\n|switch|p2a: Glimmora|Glimmora, M|100\/100\n|turn|1\n|\n|t:|1700296899\n|switch|p2a: Ogerpon|Ogerpon-Wellspring, F|100\/100\n|move|p1a: Walking Wake|Scald|p2a: Ogerpon\n|-immune|p2a: Ogerpon|[from] ability: Water Absorb\n|\n|upkeep\n|turn|2\n|\n|t:|1700296906\n|move|p2a: Ogerpon|Trailblaze|p1a: Walking Wake\n|-damage|p1a: Walking Wake|69\/100\n|-boost|p2a: Ogerpon|spe|1\n|move|p1a: Walking Wake|Draco Meteor|p2a: Ogerpon|[miss]\n|-miss|p1a: Walking Wake|p2a: Ogerpon\n|\n|upkeep\n|turn|3\n|\n|t:|1700296924\n|-end|p1a: Walking Wake|Protosynthesis|[silent]\n|switch|p1a: Garchomp|Garchomp, M|100\/100\n|move|p2a: Ogerpon|Power Whip|p1a: Garchomp|[miss]\n|-miss|p2a: Ogerpon|p1a: Garchomp\n|\n|upkeep\n|turn|4\n|\n|t:|1700296930\n|move|p2a: Ogerpon|Swords Dance|p2a: Ogerpon\n|-boost|p2a: Ogerpon|atk|2\n|move|p1a: Garchomp|Dragon Tail|p2a: Ogerpon\n|-damage|p2a: Ogerpon|64\/100\n|drag|p2a: Bite-de-fer|Iron Moth|100\/100\n|-enditem|p2a: Bite-de-fer|Booster Energy\n|-activate|p2a: Bite-de-fer|ability: Quark Drive|[fromitem]\n|-start|p2a: Bite-de-fer|quarkdrivespe\n|\n|upkeep\n|turn|5\n|\n|t:|1700296936\n|-terastallize|p2a: Bite-de-fer|Flying\n|move|p2a: Bite-de-fer|Fiery Dance|p1a: Garchomp\n|-resisted|p1a: Garchomp\n|-damage|p1a: Garchomp|83\/100\n|-boost|p2a: Bite-de-fer|spa|1\n|move|p1a: Garchomp|Earthquake|p2a: Bite-de-fer\n|-immune|p2a: Bite-de-fer\n|\n|upkeep\n|turn|6\n|\n|t:|1700296945\n|move|p2a: Bite-de-fer|Substitute|p2a: Bite-de-fer\n|-start|p2a: Bite-de-fer|Substitute\n|-damage|p2a: Bite-de-fer|76\/100\n|move|p1a: Garchomp|Dragon Tail|p2a: Bite-de-fer\n|-end|p2a: Bite-de-fer|Substitute\n|\n|upkeep\n|turn|7\n|\n|t:|1700296951\n|move|p2a: Bite-de-fer|Dazzling Gleam|p1a: Garchomp\n|-supereffective|p1a: Garchomp\n|-damage|p1a: Garchomp|10\/100\n|move|p1a: Garchomp|Dragon Tail|p2a: Bite-de-fer\n|-damage|p2a: Bite-de-fer|38\/100\n|-end|p2a: Bite-de-fer|Quark Drive|[silent]\n|drag|p2a: Malva|Ceruledge, M|100\/100\n|\n|upkeep\n|turn|8\n|\n|t:|1700296958\n|move|p1a: Garchomp|Stealth Rock|p2a: Malva\n|-sidestart|p2: Ray-1055|move: Stealth Rock\n|move|p2a: Malva|Poltergeist|p1a: Garchomp\n|-activate|p1a: Garchomp|move: Poltergeist|Rocky Helmet\n|-crit|p1a: Garchomp\n|-damage|p1a: Garchomp|0 fnt\n|faint|p1a: Garchomp\n|\n|upkeep\n|\n|t:|1700296977\n|switch|p1a: Walking Wake|Walking Wake|69\/100\n|turn|9\n|\n|t:|1700296982\n|move|p1a: Walking Wake|Draco Meteor|p2a: Malva\n|-damage|p2a: Malva|27\/100\n|-unboost|p1a: Walking Wake|spa|2\n|-enditem|p1a: Walking Wake|Eject Pack\n|inactive|Zapsuki has 120 seconds left.\n|\n|t:|1700297018\n|-end|p1a: Walking Wake|Protosynthesis|[silent]\n|switch|p1a: Dragonite|Dragonite, F|100\/100\n|move|p2a: Malva|Poltergeist|p1a: Dragonite\n|-activate|p1a: Dragonite|move: Poltergeist|Heavy-Duty Boots\n|-damage|p1a: Dragonite|68\/100\n|\n|upkeep\n|turn|10\n|\n|t:|1700297043\n|move|p2a: Malva|Poltergeist|p1a: Dragonite\n|-activate|p1a: Dragonite|move: Poltergeist|Heavy-Duty Boots\n|-damage|p1a: Dragonite|3\/100\n|move|p1a: Dragonite|Dragon Dance|p1a: Dragonite\n|-boost|p1a: Dragonite|atk|1\n|-boost|p1a: Dragonite|spe|1\n|\n|upkeep\n|turn|11\n|\n|t:|1700297050\n|move|p2a: Malva|Shadow Sneak|p1a: Dragonite\n|-damage|p1a: Dragonite|0 fnt\n|faint|p1a: Dragonite\n|\n|upkeep\n|\n|t:|1700297052\n|switch|p1a: Walking Wake|Walking Wake|69\/100\n|turn|12\n|\n|t:|1700297055\n|move|p2a: Malva|Shadow Sneak|p1a: Walking Wake\n|-damage|p1a: Walking Wake|47\/100\n|move|p1a: Walking Wake|Scald|p2a: Malva\n|-supereffective|p2a: Malva\n|-damage|p2a: Malva|0 fnt\n|faint|p2a: Malva\n|\n|upkeep\n|\n|t:|1700297064\n|switch|p2a: Iron Valiant|Iron Valiant|100\/100\n|-damage|p2a: Iron Valiant|94\/100|[from] Stealth Rock\n|-enditem|p2a: Iron Valiant|Booster Energy\n|-activate|p2a: Iron Valiant|ability: Quark Drive|[fromitem]\n|-start|p2a: Iron Valiant|quarkdrivespe\n|turn|13\n|\n|t:|1700297076\n|-terastallize|p1a: Walking Wake|Poison\n|move|p2a: Iron Valiant|Swords Dance|p2a: Iron Valiant\n|-boost|p2a: Iron Valiant|atk|2\n|move|p1a: Walking Wake|Tera Blast|p2a: Iron Valiant|[anim] Tera Blast Poison\n|-supereffective|p2a: Iron Valiant\n|-damage|p2a: Iron Valiant|0 fnt\n|faint|p2a: Iron Valiant\n|-end|p2a: Iron Valiant|Quark Drive|[silent]\n|\n|upkeep\n|\n|t:|1700297085\n|switch|p2a: Ogerpon|Ogerpon-Wellspring, F|64\/100\n|-damage|p2a: Ogerpon|52\/100|[from] Stealth Rock\n|turn|14\n|\n|t:|1700297099\n|-end|p1a: Walking Wake|Protosynthesis|[silent]\n|switch|p1a: Kommo-o|Kommo-o, F|100\/100\n|move|p2a: Ogerpon|Ivy Cudgel|p1a: Kommo-o|[anim] Ivy Cudgel Water\n|-resisted|p1a: Kommo-o\n|-damage|p1a: Kommo-o|73\/100\n|\n|upkeep\n|turn|15\n|\n|t:|1700297118\n|move|p2a: Ogerpon|Ivy Cudgel|p1a: Kommo-o|[anim] Ivy Cudgel Water\n|-resisted|p1a: Kommo-o\n|-damage|p1a: Kommo-o|42\/100\n|move|p1a: Kommo-o|Clangorous Soul|p1a: Kommo-o\n|-boost|p1a: Kommo-o|atk|1\n|-boost|p1a: Kommo-o|def|1\n|-boost|p1a: Kommo-o|spa|1\n|-boost|p1a: Kommo-o|spd|1\n|-boost|p1a: Kommo-o|spe|1\n|-damage|p1a: Kommo-o|9\/100\n|\n|upkeep\n|turn|16\n|\n|t:|1700297132\n|move|p1a: Kommo-o|Close Combat|p2a: Ogerpon\n|-damage|p2a: Ogerpon|0 fnt\n|-unboost|p1a: Kommo-o|def|1\n|-unboost|p1a: Kommo-o|spd|1\n|faint|p2a: Ogerpon\n|\n|upkeep\n|\n|t:|1700297134\n|switch|p2a: Great Tusk|Great Tusk|100\/100\n|-damage|p2a: Great Tusk|98\/100|[from] Stealth Rock\n|turn|17\n|\n|t:|1700297136\n|move|p1a: Kommo-o|Clanging Scales|p2a: Great Tusk\n|-damage|p2a: Great Tusk|0 fnt\n|faint|p2a: Great Tusk\n|-end|p2a: Great Tusk|Protosynthesis|[silent]\n|-unboost|p1a: Kommo-o|def|1\n|\n|upkeep\n|\n|t:|1700297140\n|switch|p2a: Glimmora|Glimmora, M|100\/100\n|-damage|p2a: Glimmora|88\/100|[from] Stealth Rock\n|turn|18\n|\n|t:|1700297144\n|move|p1a: Kommo-o|Clanging Scales|p2a: Glimmora\n|-damage|p2a: Glimmora|0 fnt\n|faint|p2a: Glimmora\n|-unboost|p1a: Kommo-o|def|1\n|\n|upkeep\n|-message|Ray-1055 forfeited.\n|\n|win|Zapsuki\n|raw|Zapsuki's rating: 1568 &rarr; <strong>1593<\/strong><br \/>(+25 for winning)\n|raw|Ray-1055's rating: 1648 &rarr; <strong>1623<\/strong><br \/>(-25 for losing)\n|l|\u2606Ray-1055\n","uploadtime":1700297152,"views":13,"p1id":"zapsuki","p2id":"ray1055","formatid":"gen9ou","rating":1593,"private":0,"password":""}