{"id":"gen9ou-1991833274","p1":"K hamza","p2":"Mithrandir202","format":"[Gen 9] OU","log":"|j|\u2606K hamza\n|j|\u2606Mithrandir202\n|t:|1700125392\n|gametype|singles\n|player|p1|K hamza|dragontamer|1346\n|player|p2|Mithrandir202|101|1329\n|teamsize|p1|6\n|teamsize|p2|6\n|gen|9\n|tier|[Gen 9] OU\n|rated|\n|rule|Sleep Clause Mod: Limit one foe put to sleep\n|rule|Species Clause: Limit one of each Pok\u00e9mon\n|rule|OHKO Clause: OHKO moves are banned\n|rule|Evasion Items Clause: Evasion items are banned\n|rule|Evasion Moves Clause: Evasion moves are banned\n|rule|Endless Battle Clause: Forcing endless battles is banned\n|rule|HP Percentage Mod: HP is shown in percentages\n|clearpoke\n|poke|p1|Ogerpon-Wellspring, F|\n|poke|p1|Rillaboom, M|\n|poke|p1|Iron Moth|\n|poke|p1|Dragapult, M|\n|poke|p1|Great Tusk|\n|poke|p1|Ribombee, M|\n|poke|p2|Zapdos|\n|poke|p2|Slowking-Galar, F|\n|poke|p2|Samurott-Hisui, F|\n|poke|p2|Great Tusk|\n|poke|p2|Iron Valiant|\n|poke|p2|Kingambit, M|\n|teampreview\n|inactive|Battle timer is ON: inactive players will automatically lose when time's up. (requested by Mithrandir202)\n|\n|t:|1700125401\n|start\n|switch|p1a: Ribombee|Ribombee, M|100\/100\n|switch|p2a: Zapdos|Zapdos|100\/100\n|turn|1\n|\n|t:|1700125410\n|move|p1a: Ribombee|Quiver Dance|p1a: Ribombee\n|-boost|p1a: Ribombee|spa|1\n|-boost|p1a: Ribombee|spd|1\n|-boost|p1a: Ribombee|spe|1\n|move|p2a: Zapdos|Hurricane|p1a: Ribombee\n|-supereffective|p1a: Ribombee\n|-enditem|p1a: Ribombee|Focus Sash\n|-damage|p1a: Ribombee|1\/100\n|\n|upkeep\n|turn|2\n|\n|t:|1700125420\n|move|p1a: Ribombee|Sticky Web|p2a: Zapdos\n|-sidestart|p2: Mithrandir202|move: Sticky Web\n|move|p2a: Zapdos|U-turn|p1a: Ribombee\n|-resisted|p1a: Ribombee\n|-damage|p1a: Ribombee|0 fnt\n|faint|p1a: Ribombee\n|\n|t:|1700125426\n|switch|p2a: Slowking|Slowking-Galar, F|100\/100|[from] U-turn\n|\n|upkeep\n|\n|t:|1700125436\n|switch|p1a: Great Tusk|Great Tusk|100\/100\n|turn|3\n|\n|t:|1700125454\n|move|p1a: Great Tusk|Knock Off|p2a: Slowking\n|-supereffective|p2a: Slowking\n|-damage|p2a: Slowking|44\/100\n|-enditem|p2a: Slowking|Heavy-Duty Boots|[from] move: Knock Off|[of] p1a: Great Tusk\n|move|p2a: Slowking|Future Sight|p1a: Great Tusk\n|-start|p2a: Slowking|move: Future Sight\n|\n|upkeep\n|turn|4\n|\n|t:|1700125461\n|switch|p2a: Zapdos|Zapdos|100\/100\n|move|p1a: Great Tusk|Knock Off|p2a: Zapdos\n|-damage|p2a: Zapdos|63\/100\n|-enditem|p2a: Zapdos|Heavy-Duty Boots|[from] move: Knock Off|[of] p1a: Great Tusk\n|\n|upkeep\n|turn|5\n|\n|t:|1700125476\n|move|p2a: Zapdos|U-turn|p1a: Great Tusk\n|-resisted|p1a: Great Tusk\n|-damage|p1a: Great Tusk|96\/100\n|\n|t:|1700125479\n|switch|p2a: Great Tusk|Great Tusk|100\/100|[from] U-turn\n|-activate|p2a: Great Tusk|move: Sticky Web\n|-unboost|p2a: Great Tusk|spe|1\n|move|p1a: Great Tusk|Rapid Spin|p2a: Great Tusk\n|-damage|p2a: Great Tusk|91\/100\n|-boost|p1a: Great Tusk|spe|1\n|\n|-end|p1a: Great Tusk|move: Future Sight\n|-supereffective|p1a: Great Tusk\n|-damage|p1a: Great Tusk|19\/100\n|-heal|p2a: Great Tusk|97\/100|[from] item: Leftovers\n|upkeep\n|turn|6\n|\n|t:|1700125493\n|-end|p1a: Great Tusk|Protosynthesis|[silent]\n|switch|p1a: Dragapult|Dragapult, M|100\/100\n|move|p2a: Great Tusk|Rapid Spin|p1a: Dragapult\n|-immune|p1a: Dragapult\n|\n|-heal|p2a: Great Tusk|100\/100|[from] item: Leftovers\n|upkeep\n|turn|7\n|\n|t:|1700125512\n|-end|p2a: Great Tusk|Protosynthesis|[silent]\n|switch|p2a: Samurott|Samurott-Hisui, F|100\/100\n|-activate|p2a: Samurott|move: Sticky Web\n|-unboost|p2a: Samurott|spe|1\n|move|p1a: Dragapult|Dragon Darts|p2a: Samurott\n|-damage|p2a: Samurott|63\/100\n|-anim|p1a: Dragapult|Dragon Darts|p2a: Samurott\n|-damage|p2a: Samurott|29\/100\n|\n|upkeep\n|turn|8\n|\n|t:|1700125535\n|move|p1a: Dragapult|Dragon Darts|p2a: Samurott\n|-damage|p2a: Samurott|0 fnt\n|faint|p2a: Samurott\n|\n|upkeep\n|\n|t:|1700125538\n|switch|p2a: Great Tusk|Great Tusk|100\/100\n|-activate|p2a: Great Tusk|move: Sticky Web\n|-unboost|p2a: Great Tusk|spe|1\n|turn|9\n|\n|t:|1700125546\n|-terastallize|p1a: Dragapult|Dragon\n|move|p1a: Dragapult|Dragon Darts|p2a: Great Tusk\n|-damage|p2a: Great Tusk|84\/100\n|-anim|p1a: Dragapult|Dragon Darts|p2a: Great Tusk\n|-damage|p2a: Great Tusk|66\/100\n|move|p2a: Great Tusk|Knock Off|p1a: Dragapult\n|-damage|p1a: Dragapult|60\/100\n|-enditem|p1a: Dragapult|Leftovers|[from] move: Knock Off|[of] p2a: Great Tusk\n|\n|-heal|p2a: Great Tusk|73\/100|[from] item: Leftovers\n|upkeep\n|turn|10\n|\n|t:|1700125575\n|move|p1a: Dragapult|Dragon Darts|p2a: Great Tusk\n|-damage|p2a: Great Tusk|56\/100\n|-anim|p1a: Dragapult|Dragon Darts|p2a: Great Tusk\n|-damage|p2a: Great Tusk|40\/100\n|move|p2a: Great Tusk|Rapid Spin|p1a: Dragapult\n|-damage|p1a: Dragapult|40\/100\n|-boost|p2a: Great Tusk|spe|1\n|-sideend|p2: Mithrandir202|Sticky Web|[from] move: Rapid Spin|[of] p2a: Great Tusk\n|\n|-heal|p2a: Great Tusk|47\/100|[from] item: Leftovers\n|upkeep\n|turn|11\n|\n|t:|1700125586\n|move|p1a: Dragapult|Dragon Darts|p2a: Great Tusk\n|-damage|p2a: Great Tusk|30\/100\n|-anim|p1a: Dragapult|Dragon Darts|p2a: Great Tusk\n|-damage|p2a: Great Tusk|13\/100\n|move|p2a: Great Tusk|Earthquake|p1a: Dragapult\n|-damage|p1a: Dragapult|0 fnt\n|faint|p1a: Dragapult\n|\n|-heal|p2a: Great Tusk|19\/100|[from] item: Leftovers\n|upkeep\n|\n|t:|1700125604\n|switch|p1a: Ogerpon|Ogerpon-Wellspring, F|100\/100\n|turn|12\n|\n|t:|1700125631\n|-end|p2a: Great Tusk|Protosynthesis|[silent]\n|switch|p2a: Slowking|Slowking-Galar, F|77\/100\n|move|p1a: Ogerpon|Trailblaze|p2a: Slowking\n|-resisted|p2a: Slowking\n|-damage|p2a: Slowking|66\/100\n|-boost|p1a: Ogerpon|spe|1\n|\n|upkeep\n|turn|13\n|inactive|Mithrandir202 has 120 seconds left.\n|\n|t:|1700125650\n|move|p1a: Ogerpon|Ivy Cudgel|p2a: Slowking|[anim] Ivy Cudgel Water\n|-damage|p2a: Slowking|21\/100\n|move|p2a: Slowking|Sludge Bomb|p1a: Ogerpon\n|-supereffective|p1a: Ogerpon\n|-damage|p1a: Ogerpon|27\/100\n|-status|p1a: Ogerpon|psn\n|\n|-damage|p1a: Ogerpon|15\/100 psn|[from] psn\n|upkeep\n|turn|14\n|\n|t:|1700125659\n|move|p1a: Ogerpon|Ivy Cudgel|p2a: Slowking|[anim] Ivy Cudgel Water\n|-damage|p2a: Slowking|0 fnt\n|faint|p2a: Slowking\n|\n|-damage|p1a: Ogerpon|2\/100 psn|[from] psn\n|upkeep\n|\n|t:|1700125665\n|switch|p2a: Iron Valiant|Iron Valiant|100\/100\n|-enditem|p2a: Iron Valiant|Booster Energy\n|-activate|p2a: Iron Valiant|ability: Quark Drive|[fromitem]\n|-start|p2a: Iron Valiant|quarkdrivespe\n|turn|15\n|\n|t:|1700125670\n|move|p2a: Iron Valiant|Moonblast|p1a: Ogerpon\n|-damage|p1a: Ogerpon|0 fnt\n|faint|p1a: Ogerpon\n|\n|upkeep\n|\n|t:|1700125677\n|switch|p1a: Rillaboom|Rillaboom, M|100\/100\n|-fieldstart|move: Grassy Terrain|[from] ability: Grassy Surge|[of] p1a: Rillaboom\n|turn|16\n|\n|t:|1700125681\n|-end|p2a: Iron Valiant|Quark Drive|[silent]\n|switch|p2a: Zapdos|Zapdos|63\/100\n|move|p1a: Rillaboom|Grassy Glide|p2a: Zapdos\n|-resisted|p2a: Zapdos\n|-damage|p2a: Zapdos|33\/100\n|\n|upkeep\n|turn|17\n|\n|t:|1700125689\n|move|p1a: Rillaboom|Grassy Glide|p2a: Zapdos\n|-resisted|p2a: Zapdos\n|-damage|p2a: Zapdos|1\/100\n|-status|p1a: Rillaboom|par|[from] ability: Static|[of] p2a: Zapdos\n|move|p2a: Zapdos|Roost|p2a: Zapdos\n|-heal|p2a: Zapdos|51\/100\n|-singleturn|p2a: Zapdos|move: Roost\n|\n|-heal|p2a: Zapdos|57\/100|[from] Grassy Terrain\n|upkeep\n|turn|18\n|\n|t:|1700125700\n|switch|p1a: Iron Moth|Iron Moth|100\/100\n|-enditem|p1a: Iron Moth|Booster Energy\n|-activate|p1a: Iron Moth|ability: Quark Drive|[fromitem]\n|-start|p1a: Iron Moth|quarkdrivespe\n|move|p2a: Zapdos|Roost|p2a: Zapdos\n|-heal|p2a: Zapdos|100\/100\n|-singleturn|p2a: Zapdos|move: Roost\n|\n|upkeep\n|turn|19\n|\n|t:|1700125709\n|move|p1a: Iron Moth|Fiery Dance|p2a: Zapdos\n|-damage|p2a: Zapdos|58\/100\n|move|p2a: Zapdos|Discharge|p1a: Iron Moth\n|-damage|p1a: Iron Moth|56\/100\n|\n|-heal|p1a: Iron Moth|62\/100|[from] Grassy Terrain\n|upkeep\n|turn|20\n|\n|t:|1700125718\n|move|p1a: Iron Moth|Fiery Dance|p2a: Zapdos\n|-damage|p2a: Zapdos|22\/100\n|move|p2a: Zapdos|Roost|p2a: Zapdos\n|-heal|p2a: Zapdos|72\/100\n|-singleturn|p2a: Zapdos|move: Roost\n|\n|-heal|p1a: Iron Moth|68\/100|[from] Grassy Terrain\n|-heal|p2a: Zapdos|78\/100|[from] Grassy Terrain\n|-fieldend|move: Grassy Terrain\n|upkeep\n|turn|21\n|c|\u2606K hamza|Fuck em voosts\n|\n|t:|1700125730\n|move|p1a: Iron Moth|Fiery Dance|p2a: Zapdos\n|-damage|p2a: Zapdos|41\/100\n|-boost|p1a: Iron Moth|spa|1\n|move|p2a: Zapdos|Discharge|p1a: Iron Moth\n|-damage|p1a: Iron Moth|25\/100\n|-status|p1a: Iron Moth|par\n|\n|upkeep\n|turn|22\n|inactive|Mithrandir202 has 120 seconds left.\n|\n|t:|1700125785\n|cant|p1a: Iron Moth|par\n|move|p2a: Zapdos|Discharge|p1a: Iron Moth\n|-damage|p1a: Iron Moth|0 fnt\n|faint|p1a: Iron Moth\n|-end|p1a: Iron Moth|Quark Drive|[silent]\n|\n|upkeep\n|\n|t:|1700125802\n|switch|p1a: Rillaboom|Rillaboom, M|100\/100 par\n|-fieldstart|move: Grassy Terrain|[from] ability: Grassy Surge|[of] p1a: Rillaboom\n|turn|23\n|c|\u2606K hamza|Gg man\n|\n|t:|1700125808\n|cant|p1a: Rillaboom|par\n|move|p2a: Zapdos|Roost|p2a: Zapdos\n|-heal|p2a: Zapdos|92\/100\n|-singleturn|p2a: Zapdos|move: Roost\n|\n|-heal|p2a: Zapdos|98\/100|[from] Grassy Terrain\n|upkeep\n|turn|24\n|-message|K hamza forfeited.\n|\n|win|Mithrandir202\n|raw|K hamza's rating: 1346 &rarr; <strong>1325<\/strong><br \/>(-21 for losing)\n|raw|Mithrandir202's rating: 1329 &rarr; <strong>1350<\/strong><br \/>(+21 for winning)\n|l|\u2606K hamza\n","uploadtime":1700125729,"views":7,"p1id":"khamza","p2id":"mithrandir202","formatid":"gen9ou","rating":1325,"private":0,"password":""}