{"id":"gen9ou-1994007358","p1":"N1ck24V","p2":"black the builder","format":"[Gen 9] OU","log":"|j|\u2606N1ck24V\n|j|\u2606black the builder\n|t:|1700392461\n|gametype|singles\n|player|p1|N1ck24V|shadowtriad|1206\n|player|p2|black the builder|102|1193\n|teamsize|p1|6\n|teamsize|p2|6\n|gen|9\n|tier|[Gen 9] OU\n|rated|\n|rule|Sleep Clause Mod: Limit one foe put to sleep\n|rule|Species Clause: Limit one of each Pok\u00e9mon\n|rule|OHKO Clause: OHKO moves are banned\n|rule|Evasion Items Clause: Evasion items are banned\n|rule|Evasion Moves Clause: Evasion moves are banned\n|rule|Endless Battle Clause: Forcing endless battles is banned\n|rule|HP Percentage Mod: HP is shown in percentages\n|clearpoke\n|poke|p1|Ditto|\n|poke|p1|Clodsire, M|\n|poke|p1|Azumarill, F|\n|poke|p1|Maushold-Four|\n|poke|p1|Ambipom, M|\n|poke|p1|Arboliva, F|\n|poke|p2|Mandibuzz, F|\n|poke|p2|Jirachi|\n|poke|p2|Garchomp, M|\n|poke|p2|Slowking-Galar, F|\n|poke|p2|Ogerpon, F|\n|poke|p2|Tauros-Paldea-Aqua, M|\n|teampreview\n|inactive|Battle timer is ON: inactive players will automatically lose when time's up. (requested by N1ck24V)\n|\n|t:|1700392467\n|start\n|switch|p1a: Luffy|Ambipom, M, shiny|100\/100\n|switch|p2a: Happy|Jirachi|100\/100\n|turn|1\n|\n|t:|1700392473\n|move|p1a: Luffy|Fake Out|p2a: Happy\n|-resisted|p2a: Happy\n|-damage|p2a: Happy|82\/100\n|-damage|p1a: Luffy|91\/100|[from] item: Life Orb\n|cant|p2a: Happy|flinch\n|\n|-heal|p2a: Happy|89\/100|[from] item: Leftovers\n|upkeep\n|turn|2\n|\n|t:|1700392488\n|move|p1a: Luffy|Last Resort|p2a: Happy\n|-resisted|p2a: Happy\n|-damage|p2a: Happy|48\/100\n|-damage|p1a: Luffy|81\/100|[from] item: Life Orb\n|move|p2a: Happy|Doom Desire|p1a: Luffy\n|-start|p2a: Happy|Doom Desire\n|\n|-heal|p2a: Happy|54\/100|[from] item: Leftovers\n|upkeep\n|turn|3\n|\n|t:|1700392507\n|move|p1a: Luffy|Last Resort|p2a: Happy\n|-resisted|p2a: Happy\n|-damage|p2a: Happy|16\/100\n|-damage|p1a: Luffy|71\/100|[from] item: Life Orb\n|move|p2a: Happy|Aura Sphere|p1a: Luffy\n|-supereffective|p1a: Luffy\n|-damage|p1a: Luffy|0 fnt\n|faint|p1a: Luffy\n|\n|-heal|p2a: Happy|22\/100|[from] item: Leftovers\n|upkeep\n|\n|t:|1700392522\n|switch|p1a: NewJeans|Ditto, shiny|100\/100\n|-transform|p1a: NewJeans|p2a: Happy|[from] ability: Imposter\n|turn|4\n|\n|t:|1700392540\n|switch|p2a: Slowking|Slowking-Galar, F|100\/100\n|move|p1a: NewJeans|Aura Sphere|p2a: Slowking\n|-resisted|p2a: Slowking\n|-damage|p2a: Slowking|96\/100\n|\n|-end|p1a: NewJeans|move: Doom Desire\n|-resisted|p1a: NewJeans\n|-damage|p1a: NewJeans|69\/100\n|-heal|p2a: Slowking|100\/100|[from] item: Black Sludge\n|upkeep\n|turn|5\n|\n|t:|1700392551\n|switch|p1a: Sir Clod|Clodsire, M|100\/100\n|move|p2a: Slowking|Trick|p1a: Sir Clod\n|-activate|p2a: Slowking|move: Trick|[of] p1a: Sir Clod\n|-item|p1a: Sir Clod|Black Sludge|[from] move: Trick\n|-item|p2a: Slowking|Leftovers|[from] move: Trick\n|\n|upkeep\n|turn|6\n|\n|t:|1700392559\n|move|p1a: Sir Clod|Earthquake|p2a: Slowking\n|-supereffective|p2a: Slowking\n|-damage|p2a: Slowking|59\/100\n|move|p2a: Slowking|Future Sight|p1a: Sir Clod\n|-start|p2a: Slowking|move: Future Sight\n|\n|-heal|p2a: Slowking|65\/100|[from] item: Leftovers\n|upkeep\n|turn|7\n|\n|t:|1700392569\n|switch|p2a: Garchomp|Garchomp, M|100\/100\n|move|p1a: Sir Clod|Earthquake|p2a: Garchomp\n|-damage|p2a: Garchomp|75\/100\n|\n|-heal|p2a: Garchomp|82\/100|[from] item: Leftovers\n|upkeep\n|turn|8\n|\n|t:|1700392576\n|move|p1a: Sir Clod|Protect|p1a: Sir Clod\n|-singleturn|p1a: Sir Clod|Protect\n|move|p2a: Garchomp|Dragon Tail|p1a: Sir Clod\n|-activate|p1a: Sir Clod|move: Protect\n|\n|-end|p1a: Sir Clod|move: Future Sight\n|-supereffective|p1a: Sir Clod\n|-damage|p1a: Sir Clod|48\/100\n|-heal|p2a: Garchomp|88\/100|[from] item: Leftovers\n|-heal|p1a: Sir Clod|54\/100|[from] item: Black Sludge\n|upkeep\n|turn|9\n|\n|t:|1700392587\n|switch|p2a: Slowking|Slowking-Galar, F|99\/100\n|switch|p1a: Mary|Azumarill, F|100\/100\n|\n|-heal|p2a: Slowking|100\/100|[from] item: Leftovers\n|upkeep\n|turn|10\n|\n|t:|1700392597\n|move|p1a: Mary|Belly Drum|p1a: Mary\n|-damage|p1a: Mary|50\/100\n|-setboost|p1a: Mary|atk|6|[from] move: Belly Drum\n|-enditem|p1a: Mary|Sitrus Berry|[eat]\n|-heal|p1a: Mary|75\/100|[from] item: Sitrus Berry\n|move|p2a: Slowking|Future Sight|p1a: Mary\n|-start|p2a: Slowking|move: Future Sight\n|\n|upkeep\n|turn|11\n|\n|t:|1700392612\n|switch|p2a: Happy|Jirachi|22\/100\n|move|p1a: Mary|Liquidation|p2a: Happy\n|-damage|p2a: Happy|0 fnt\n|faint|p2a: Happy\n|\n|upkeep\n|\n|t:|1700392615\n|switch|p2a: Ogerpon|Ogerpon, F|100\/100\n|turn|12\n|\n|t:|1700392626\n|move|p1a: Mary|Aqua Jet|p2a: Ogerpon\n|-resisted|p2a: Ogerpon\n|-damage|p2a: Ogerpon|32\/100\n|move|p2a: Ogerpon|Ivy Cudgel|p1a: Mary\n|-supereffective|p1a: Mary\n|-crit|p1a: Mary\n|-damage|p1a: Mary|0 fnt\n|faint|p1a: Mary\n|\n|-hint|Future Sight did not hit because the target is fainted.\n|upkeep\n|\n|t:|1700392637\n|switch|p1a: NewJeans|Ditto, shiny|69\/100\n|-transform|p1a: NewJeans|p2a: Ogerpon|[from] ability: Imposter\n|turn|13\n|inactive|black the builder has 120 seconds left.\n|inactive|N1ck24V has 120 seconds left.\n|\n|t:|1700392684\n|switch|p2a: Slowking|Slowking-Galar, F|100\/100\n|move|p1a: NewJeans|Ivy Cudgel|p2a: Slowking\n|-resisted|p2a: Slowking\n|-damage|p2a: Slowking|82\/100\n|\n|-heal|p2a: Slowking|88\/100|[from] item: Leftovers\n|upkeep\n|turn|14\n|inactive|black the builder has 120 seconds left.\n|\n|t:|1700392702\n|switch|p1a: Sir Clod|Clodsire, M|54\/100\n|move|p2a: Slowking|Future Sight|p1a: Sir Clod\n|-start|p2a: Slowking|move: Future Sight\n|\n|-heal|p1a: Sir Clod|60\/100|[from] item: Black Sludge\n|-heal|p2a: Slowking|94\/100|[from] item: Leftovers\n|upkeep\n|turn|15\n|inactive|black the builder has 120 seconds left.\n|\n|t:|1700392709\n|move|p1a: Sir Clod|Recover|p1a: Sir Clod\n|-heal|p1a: Sir Clod|100\/100\n|move|p2a: Slowking|Chilly Reception|p2a: Slowking\n|-weather|Snow\n|inactive|black the builder has 120 seconds left.\n|\n|t:|1700392714\n|switch|p2a: Garchomp|Garchomp, M|88\/100|[from] Chilly Reception\n|\n|-weather|Snow|[upkeep]\n|-heal|p2a: Garchomp|94\/100|[from] item: Leftovers\n|upkeep\n|turn|16\n|\n|t:|1700392719\n|move|p1a: Sir Clod|Protect|p1a: Sir Clod\n|-singleturn|p1a: Sir Clod|Protect\n|move|p2a: Garchomp|Earthquake|p1a: Sir Clod\n|-activate|p1a: Sir Clod|move: Protect\n|\n|-weather|Snow|[upkeep]\n|-end|p1a: Sir Clod|move: Future Sight\n|-supereffective|p1a: Sir Clod\n|-damage|p1a: Sir Clod|47\/100\n|-heal|p2a: Garchomp|99\/100|[from] item: Leftovers\n|-heal|p1a: Sir Clod|53\/100|[from] item: Black Sludge\n|upkeep\n|turn|17\n|\n|t:|1700392734\n|move|p1a: Sir Clod|Toxic|p2a: Garchomp\n|-status|p2a: Garchomp|tox\n|move|p2a: Garchomp|Dragon Tail|p1a: Sir Clod\n|-damage|p1a: Sir Clod|25\/100\n|drag|p1a: Olivia|Arboliva, F|100\/100\n|\n|-weather|Snow|[upkeep]\n|-heal|p2a: Garchomp|100\/100 tox|[from] item: Leftovers\n|-damage|p2a: Garchomp|94\/100 tox|[from] psn\n|upkeep\n|turn|18\n|\n|t:|1700392743\n|move|p1a: Olivia|Substitute|p1a: Olivia\n|-start|p1a: Olivia|Substitute\n|-damage|p1a: Olivia|75\/100\n|move|p2a: Garchomp|Dragon Tail|p1a: Olivia\n|-end|p1a: Olivia|Substitute\n|\n|-weather|Snow|[upkeep]\n|-heal|p2a: Garchomp|100\/100 tox|[from] item: Leftovers\n|-damage|p2a: Garchomp|88\/100 tox|[from] psn\n|upkeep\n|turn|19\n|\n|t:|1700392752\n|move|p1a: Olivia|Substitute|p1a: Olivia\n|-start|p1a: Olivia|Substitute\n|-damage|p1a: Olivia|50\/100\n|-enditem|p1a: Olivia|Sitrus Berry|[eat]\n|-heal|p1a: Olivia|75\/100|[from] item: Sitrus Berry\n|move|p2a: Garchomp|Dragon Tail|p1a: Olivia\n|-end|p1a: Olivia|Substitute\n|\n|-weather|none\n|-heal|p2a: Garchomp|94\/100 tox|[from] item: Leftovers\n|-damage|p2a: Garchomp|76\/100 tox|[from] psn\n|upkeep\n|turn|20\n|\n|t:|1700392762\n|switch|p2a: Slowking|Slowking-Galar, F|100\/100\n|move|p1a: Olivia|Substitute|p1a: Olivia\n|-start|p1a: Olivia|Substitute\n|-damage|p1a: Olivia|50\/100\n|\n|-item|p1a: Olivia|Sitrus Berry|[from] ability: Harvest\n|upkeep\n|-enditem|p1a: Olivia|Sitrus Berry|[eat]\n|-heal|p1a: Olivia|75\/100|[from] item: Sitrus Berry\n|turn|21\n|\n|t:|1700392772\n|move|p1a: Olivia|Leech Seed|p2a: Slowking|[miss]\n|-miss|p1a: Olivia|p2a: Slowking\n|move|p2a: Slowking|Future Sight|p1a: Olivia\n|-start|p2a: Slowking|move: Future Sight\n|\n|upkeep\n|turn|22\n|\n|t:|1700392777\n|move|p1a: Olivia|Leech Seed|p2a: Slowking\n|-start|p2a: Slowking|move: Leech Seed\n|move|p2a: Slowking|Ice Beam|p1a: Olivia\n|-supereffective|p1a: Olivia\n|-end|p1a: Olivia|Substitute\n|\n|-damage|p2a: Slowking|88\/100|[from] Leech Seed|[of] p1a: Olivia\n|-heal|p1a: Olivia|90\/100|[silent]\n|upkeep\n|turn|23\n|\n|t:|1700392787\n|-terastallize|p1a: Olivia|Fire\n|move|p1a: Olivia|Substitute|p1a: Olivia\n|-start|p1a: Olivia|Substitute\n|-damage|p1a: Olivia|65\/100\n|move|p2a: Slowking|Ice Beam|p1a: Olivia\n|-resisted|p1a: Olivia\n|-activate|p1a: Olivia|move: Substitute|[damage]\n|\n|-end|p1a: Olivia|move: Future Sight\n|-end|p1a: Olivia|Substitute\n|-heal|p2a: Slowking|94\/100|[from] item: Leftovers\n|-damage|p2a: Slowking|82\/100|[from] Leech Seed|[of] p1a: Olivia\n|-heal|p1a: Olivia|79\/100|[silent]\n|-item|p1a: Olivia|Sitrus Berry|[from] ability: Harvest\n|upkeep\n|turn|24\n|\n|t:|1700392800\n|move|p1a: Olivia|Tera Blast|p2a: Slowking|[anim] Tera Blast Fire\n|-damage|p2a: Slowking|50\/100\n|move|p2a: Slowking|Future Sight|p1a: Olivia\n|-start|p2a: Slowking|move: Future Sight\n|\n|-heal|p2a: Slowking|56\/100|[from] item: Leftovers\n|-damage|p2a: Slowking|44\/100|[from] Leech Seed|[of] p1a: Olivia\n|-heal|p1a: Olivia|93\/100|[silent]\n|upkeep\n|turn|25\n|\n|t:|1700392808\n|move|p1a: Olivia|Substitute|p1a: Olivia\n|-start|p1a: Olivia|Substitute\n|-damage|p1a: Olivia|68\/100\n|move|p2a: Slowking|Chilly Reception|p2a: Slowking\n|-weather|Snow\n|\n|t:|1700392817\n|switch|p2a: Garchomp|Garchomp, M|76\/100 tox|[from] Chilly Reception\n|\n|-weather|Snow|[upkeep]\n|-heal|p2a: Garchomp|82\/100 tox|[from] item: Leftovers\n|-damage|p2a: Garchomp|76\/100 tox|[from] psn\n|upkeep\n|turn|26\n|\n|t:|1700392824\n|move|p2a: Garchomp|Earthquake|p1a: Olivia\n|-supereffective|p1a: Olivia\n|-end|p1a: Olivia|Substitute\n|move|p1a: Olivia|Giga Drain|p2a: Garchomp\n|-damage|p2a: Garchomp|48\/100 tox\n|-heal|p1a: Olivia|85\/100|[from] drain|[of] p2a: Garchomp\n|\n|-weather|Snow|[upkeep]\n|-end|p1a: Olivia|move: Future Sight\n|-damage|p1a: Olivia|41\/100\n|-enditem|p1a: Olivia|Sitrus Berry|[eat]\n|-heal|p1a: Olivia|66\/100|[from] item: Sitrus Berry\n|-heal|p2a: Garchomp|54\/100 tox|[from] item: Leftovers\n|-damage|p2a: Garchomp|42\/100 tox|[from] psn\n|-item|p1a: Olivia|Sitrus Berry|[from] ability: Harvest\n|upkeep\n|turn|27\n|\n|t:|1700392850\n|switch|p1a: NewJeans|Ditto, shiny|69\/100\n|-transform|p1a: NewJeans|p2a: Garchomp|[from] ability: Imposter\n|move|p2a: Garchomp|Earthquake|p1a: NewJeans\n|-damage|p1a: NewJeans|15\/100\n|\n|-weather|Snow|[upkeep]\n|-heal|p2a: Garchomp|48\/100 tox|[from] item: Leftovers\n|-damage|p2a: Garchomp|29\/100 tox|[from] psn\n|upkeep\n|turn|28\n|\n|t:|1700392864\n|switch|p2a: Mandibuzz|Mandibuzz, F|100\/100\n|move|p1a: NewJeans|Dragon Tail|p2a: Mandibuzz\n|-damage|p2a: Mandibuzz|85\/100\n|drag|p2a: Slowking|Slowking-Galar, F|77\/100\n|\n|-weather|Snow|[upkeep]\n|-heal|p2a: Slowking|83\/100|[from] item: Leftovers\n|upkeep\n|turn|29\n|\n|t:|1700392875\n|switch|p1a: Sir Clod|Clodsire, M|25\/100\n|move|p2a: Slowking|Future Sight|p1a: Sir Clod\n|-start|p2a: Slowking|move: Future Sight\n|\n|-weather|none\n|-heal|p1a: Sir Clod|31\/100|[from] item: Black Sludge\n|-heal|p2a: Slowking|89\/100|[from] item: Leftovers\n|upkeep\n|turn|30\n|\n|t:|1700392882\n|move|p1a: Sir Clod|Recover|p1a: Sir Clod\n|-heal|p1a: Sir Clod|81\/100\n|move|p2a: Slowking|Chilly Reception|p2a: Slowking\n|-weather|Snow\n|\n|t:|1700392884\n|switch|p2a: Garchomp|Garchomp, M|29\/100 tox|[from] Chilly Reception\n|\n|-weather|Snow|[upkeep]\n|-heal|p2a: Garchomp|35\/100 tox|[from] item: Leftovers\n|-heal|p1a: Sir Clod|87\/100|[from] item: Black Sludge\n|-damage|p2a: Garchomp|29\/100 tox|[from] psn\n|upkeep\n|turn|31\n|\n|t:|1700392893\n|move|p1a: Sir Clod|Protect|p1a: Sir Clod\n|-singleturn|p1a: Sir Clod|Protect\n|move|p2a: Garchomp|Rest|p2a: Garchomp\n|-status|p2a: Garchomp|slp|[from] move: Rest\n|-heal|p2a: Garchomp|100\/100 slp|[silent]\n|\n|-weather|Snow|[upkeep]\n|-end|p1a: Sir Clod|move: Future Sight\n|-supereffective|p1a: Sir Clod\n|-damage|p1a: Sir Clod|38\/100\n|-heal|p1a: Sir Clod|44\/100|[from] item: Black Sludge\n|upkeep\n|turn|32\n|\n|t:|1700392907\n|cant|p2a: Garchomp|slp\n|move|p2a: Garchomp|Sleep Talk|p2a: Garchomp\n|move|p2a: Garchomp|Rest||[from]move: Sleep Talk|[still]\n|-fail|p2a: Garchomp\n|move|p1a: Sir Clod|Recover|p1a: Sir Clod\n|-heal|p1a: Sir Clod|94\/100\n|\n|-weather|Snow|[upkeep]\n|-heal|p1a: Sir Clod|99\/100|[from] item: Black Sludge\n|upkeep\n|turn|33\n|\n|t:|1700392934\n|move|p1a: Sir Clod|Protect|p1a: Sir Clod\n|-singleturn|p1a: Sir Clod|Protect\n|cant|p2a: Garchomp|slp\n|move|p2a: Garchomp|Sleep Talk|p2a: Garchomp\n|move|p2a: Garchomp|Rest||[from]move: Sleep Talk|[still]\n|-fail|p2a: Garchomp\n|\n|-weather|Snow|[upkeep]\n|-heal|p1a: Sir Clod|100\/100|[from] item: Black Sludge\n|upkeep\n|turn|34\n|\n|t:|1700392942\n|-curestatus|p2a: Garchomp|slp|[msg]\n|move|p2a: Garchomp|Earthquake|p1a: Sir Clod\n|-supereffective|p1a: Sir Clod\n|-damage|p1a: Sir Clod|1\/100\n|move|p1a: Sir Clod|Toxic|p2a: Garchomp\n|-status|p2a: Garchomp|tox\n|\n|-weather|none\n|-heal|p1a: Sir Clod|7\/100|[from] item: Black Sludge\n|-damage|p2a: Garchomp|94\/100 tox|[from] psn\n|upkeep\n|turn|35\n|\n|t:|1700392953\n|move|p1a: Sir Clod|Protect|p1a: Sir Clod\n|-singleturn|p1a: Sir Clod|Protect\n|move|p2a: Garchomp|Earthquake|p1a: Sir Clod\n|-activate|p1a: Sir Clod|move: Protect\n|\n|-heal|p2a: Garchomp|100\/100 tox|[from] item: Leftovers\n|-heal|p1a: Sir Clod|13\/100|[from] item: Black Sludge\n|-damage|p2a: Garchomp|88\/100 tox|[from] psn\n|upkeep\n|turn|36\n|\n|t:|1700392966\n|move|p2a: Garchomp|Earthquake|p1a: Sir Clod\n|-supereffective|p1a: Sir Clod\n|-damage|p1a: Sir Clod|0 fnt\n|faint|p1a: Sir Clod\n|\n|-heal|p2a: Garchomp|94\/100 tox|[from] item: Leftovers\n|-damage|p2a: Garchomp|76\/100 tox|[from] psn\n|upkeep\n|\n|t:|1700392977\n|switch|p1a: NewJeans|Ditto, shiny|15\/100\n|-transform|p1a: NewJeans|p2a: Garchomp|[from] ability: Imposter\n|turn|37\n|inactive|N1ck24V has 120 seconds left.\n|inactive|black the builder has 120 seconds left.\n|\n|t:|1700393028\n|move|p1a: NewJeans|Rest|p1a: NewJeans\n|-status|p1a: NewJeans|slp|[from] move: Rest\n|-heal|p1a: NewJeans|100\/100 slp|[silent]\n|move|p2a: Garchomp|Earthquake|p1a: NewJeans\n|-damage|p1a: NewJeans|51\/100 slp\n|\n|-heal|p2a: Garchomp|82\/100 tox|[from] item: Leftovers\n|-damage|p2a: Garchomp|57\/100 tox|[from] psn\n|upkeep\n|turn|38\n|inactive|N1ck24V has 120 seconds left.\n|\n|t:|1700393041\n|switch|p1a: Olivia|Arboliva, F, tera:Fire|66\/100\n|move|p2a: Garchomp|Dragon Tail|p1a: Olivia\n|-damage|p1a: Olivia|37\/100\n|-enditem|p1a: Olivia|Sitrus Berry|[eat]\n|-heal|p1a: Olivia|62\/100|[from] item: Sitrus Berry\n|drag|p1a: Maur Maur|Maushold-Four|100\/100\n|\n|-heal|p2a: Garchomp|63\/100 tox|[from] item: Leftovers\n|-damage|p2a: Garchomp|32\/100 tox|[from] psn\n|upkeep\n|turn|39\n|inactive|N1ck24V has 120 seconds left.\n|\n|t:|1700393052\n|move|p1a: Maur Maur|Population Bomb|p2a: Garchomp\n|-damage|p2a: Garchomp|22\/100 tox\n|-damage|p1a: Maur Maur|88\/100|[from] ability: Rough Skin|[of] p2a: Garchomp\n|-hitcount|p2a: Garchomp|1\n|move|p2a: Garchomp|Rest|p2a: Garchomp\n|-status|p2a: Garchomp|slp|[from] move: Rest\n|-heal|p2a: Garchomp|100\/100 slp|[silent]\n|\n|upkeep\n|turn|40\n|inactive|N1ck24V has 120 seconds left.\n|c|\u2606black the builder|do you not have wide lens lol\n|c|\u2606N1ck24V|HOW\n|c|\u2606N1ck24V|I HAD 99%\n|\n|t:|1700393089\n|switch|p1a: NewJeans|Ditto, shiny|51\/100 slp\n|-transform|p1a: NewJeans|p2a: Garchomp|[from] ability: Imposter\n|cant|p2a: Garchomp|slp\n|move|p2a: Garchomp|Sleep Talk|p2a: Garchomp\n|move|p2a: Garchomp|Rest||[from]move: Sleep Talk|[still]\n|-fail|p2a: Garchomp\n|\n|upkeep\n|turn|41\n|inactive|black the builder has 120 seconds left.\n|\n|t:|1700393098\n|cant|p1a: NewJeans|slp\n|move|p1a: NewJeans|Sleep Talk|p1a: NewJeans\n|move|p1a: NewJeans|Rest||[from]move: Sleep Talk|[still]\n|-fail|p1a: NewJeans\n|cant|p2a: Garchomp|slp\n|move|p2a: Garchomp|Sleep Talk|p2a: Garchomp\n|move|p2a: Garchomp|Rest||[from]move: Sleep Talk|[still]\n|-fail|p2a: Garchomp\n|\n|upkeep\n|turn|42\n|\n|t:|1700393108\n|cant|p1a: NewJeans|slp\n|move|p1a: NewJeans|Sleep Talk|p1a: NewJeans\n|move|p1a: NewJeans|Earthquake|p2a: Garchomp|[from]move: Sleep Talk\n|-damage|p2a: Garchomp|65\/100 slp\n|-curestatus|p2a: Garchomp|slp|[msg]\n|move|p2a: Garchomp|Earthquake|p1a: NewJeans\n|-damage|p1a: NewJeans|0 fnt\n|faint|p1a: NewJeans\n|\n|-heal|p2a: Garchomp|72\/100|[from] item: Leftovers\n|upkeep\n|\n|t:|1700393120\n|switch|p1a: Maur Maur|Maushold-Four|88\/100\n|turn|43\n|\n|t:|1700393124\n|move|p1a: Maur Maur|Population Bomb|p2a: Garchomp\n|-damage|p2a: Garchomp|62\/100\n|-damage|p1a: Maur Maur|76\/100|[from] ability: Rough Skin|[of] p2a: Garchomp\n|-damage|p2a: Garchomp|52\/100\n|-damage|p1a: Maur Maur|63\/100|[from] ability: Rough Skin|[of] p2a: Garchomp\n|-damage|p2a: Garchomp|42\/100\n|-damage|p1a: Maur Maur|51\/100|[from] ability: Rough Skin|[of] p2a: Garchomp\n|-damage|p2a: Garchomp|32\/100\n|-damage|p1a: Maur Maur|38\/100|[from] ability: Rough Skin|[of] p2a: Garchomp\n|-damage|p2a: Garchomp|23\/100\n|-damage|p1a: Maur Maur|26\/100|[from] ability: Rough Skin|[of] p2a: Garchomp\n|-damage|p2a: Garchomp|14\/100\n|-damage|p1a: Maur Maur|13\/100|[from] ability: Rough Skin|[of] p2a: Garchomp\n|-damage|p2a: Garchomp|5\/100\n|-damage|p1a: Maur Maur|1\/100|[from] ability: Rough Skin|[of] p2a: Garchomp\n|-damage|p2a: Garchomp|0 fnt\n|-damage|p1a: Maur Maur|0 fnt|[from] ability: Rough Skin|[of] p2a: Garchomp\n|faint|p2a: Garchomp\n|faint|p1a: Maur Maur\n|-hitcount|p2: Garchomp|8\n|\n|upkeep\n|\n|t:|1700393152\n|switch|p1a: Olivia|Arboliva, F, tera:Fire|62\/100\n|switch|p2a: Ogerpon|Ogerpon, F|32\/100\n|turn|44\n|\n|t:|1700393157\n|move|p2a: Ogerpon|Knock Off|p1a: Olivia\n|-damage|p1a: Olivia|39\/100\n|move|p1a: Olivia|Substitute|p1a: Olivia\n|-start|p1a: Olivia|Substitute\n|-damage|p1a: Olivia|14\/100\n|\n|upkeep\n|turn|45\n|\n|t:|1700393164\n|move|p2a: Ogerpon|Superpower|p1a: Olivia\n|-end|p1a: Olivia|Substitute\n|-unboost|p2a: Ogerpon|atk|1\n|-unboost|p2a: Ogerpon|def|1\n|move|p1a: Olivia|Tera Blast|p2a: Ogerpon|[anim] Tera Blast Fire\n|-supereffective|p2a: Ogerpon\n|-damage|p2a: Ogerpon|0 fnt\n|faint|p2a: Ogerpon\n|\n|-item|p1a: Olivia|Sitrus Berry|[from] ability: Harvest\n|upkeep\n|-enditem|p1a: Olivia|Sitrus Berry|[eat]\n|-heal|p1a: Olivia|39\/100|[from] item: Sitrus Berry\n|inactive|black the builder has 120 seconds left.\n|\n|t:|1700393217\n|switch|p2a: Tauros|Tauros-Paldea-Aqua, M|100\/100\n|-ability|p2a: Tauros|Intimidate|boost\n|-unboost|p1a: Olivia|atk|1\n|turn|46\n|\n|t:|1700393221\n|move|p2a: Tauros|Raging Bull|p1a: Olivia\n|-supereffective|p1a: Olivia\n|-damage|p1a: Olivia|0 fnt\n|faint|p1a: Olivia\n|\n|win|black the builder\n|raw|N1ck24V's rating: 1206 &rarr; <strong>1180<\/strong><br \/>(-26 for losing)\n|raw|black the builder's rating: 1193 &rarr; <strong>1219<\/strong><br \/>(+26 for winning)\n|c|\u2606black the builder|gg\n","uploadtime":1700393228,"views":7,"p1id":"n1ck24v","p2id":"blackthebuilder","formatid":"gen9ou","rating":1180,"private":0,"password":""}