{"id":"gen9ou-1997834893","p1":"ironlady24","p2":"LegacyShowden","format":"[Gen 9] OU","log":"|j|\u2606ironlady24\n|j|\u2606LegacyShowden\n|t:|1700857838\n|gametype|singles\n|player|p1|ironlady24|2|1509\n|player|p2|LegacyShowden|rosa|1599\n|teamsize|p1|6\n|teamsize|p2|6\n|gen|9\n|tier|[Gen 9] OU\n|rated|\n|rule|Sleep Clause Mod: Limit one foe put to sleep\n|rule|Species Clause: Limit one of each Pok\u00e9mon\n|rule|OHKO Clause: OHKO moves are banned\n|rule|Evasion Items Clause: Evasion items are banned\n|rule|Evasion Moves Clause: Evasion moves are banned\n|rule|Endless Battle Clause: Forcing endless battles is banned\n|rule|HP Percentage Mod: HP is shown in percentages\n|clearpoke\n|poke|p1|Kingambit, F|\n|poke|p1|Cinderace, M|\n|poke|p1|Great Tusk|\n|poke|p1|Toxapex, F|\n|poke|p1|Dragapult, F|\n|poke|p1|Iron Valiant|\n|poke|p2|Great Tusk|\n|poke|p2|Samurott-Hisui, M|\n|poke|p2|Dragapult, M|\n|poke|p2|Enamorus, F|\n|poke|p2|Heatran, M|\n|poke|p2|Gholdengo|\n|teampreview\n|inactive|Battle timer is ON: inactive players will automatically lose when time's up. (requested by LegacyShowden)\n|\n|t:|1700857843\n|start\n|switch|p1a: Great Tusk|Great Tusk|100\/100\n|switch|p2a: Dragapult|Dragapult, M, shiny|100\/100\n|-enditem|p1a: Great Tusk|Booster Energy\n|-activate|p1a: Great Tusk|ability: Protosynthesis|[fromitem]\n|-start|p1a: Great Tusk|protosynthesisatk\n|turn|1\n|\n|t:|1700857847\n|move|p2a: Dragapult|Draco Meteor|p1a: Great Tusk\n|-damage|p1a: Great Tusk|0 fnt\n|-unboost|p2a: Dragapult|spa|2\n|faint|p1a: Great Tusk\n|-end|p1a: Great Tusk|Protosynthesis|[silent]\n|\n|upkeep\n|\n|t:|1700857858\n|switch|p1a: Iron Valiant|Iron Valiant|100\/100\n|-enditem|p1a: Iron Valiant|Booster Energy\n|-activate|p1a: Iron Valiant|ability: Quark Drive|[fromitem]\n|-start|p1a: Iron Valiant|quarkdrivespe\n|turn|2\n|\n|t:|1700857862\n|switch|p2a: Gholdengo|Gholdengo|100\/100\n|-item|p2a: Gholdengo|Air Balloon\n|move|p1a: Iron Valiant|Calm Mind|p1a: Iron Valiant\n|-boost|p1a: Iron Valiant|spa|1\n|-boost|p1a: Iron Valiant|spd|1\n|\n|upkeep\n|turn|3\n|\n|t:|1700857868\n|move|p1a: Iron Valiant|Thunderbolt|p2a: Gholdengo\n|-damage|p2a: Gholdengo|56\/100\n|-enditem|p2a: Gholdengo|Air Balloon\n|move|p2a: Gholdengo|Thunder Wave|p1a: Iron Valiant\n|-status|p1a: Iron Valiant|par\n|\n|upkeep\n|turn|4\n|\n|t:|1700857877\n|-end|p1a: Iron Valiant|Quark Drive|[silent]\n|switch|p1a: Toxapex|Toxapex, F|100\/100\n|move|p2a: Gholdengo|Recover|p2a: Gholdengo\n|-heal|p2a: Gholdengo|100\/100\n|\n|upkeep\n|turn|5\n|\n|t:|1700857881\n|switch|p1a: Cinderace|Cinderace, M|100\/100\n|move|p2a: Gholdengo|Thunder Wave|p1a: Cinderace\n|-status|p1a: Cinderace|par\n|\n|upkeep\n|turn|6\n|\n|t:|1700857888\n|switch|p2a: Heatran|Heatran, M, shiny|100\/100\n|move|p1a: Cinderace|Pyro Ball|p2a: Heatran\n|-start|p2a: Heatran|ability: Flash Fire\n|\n|upkeep\n|turn|7\n|\n|t:|1700857892\n|move|p2a: Heatran|Magma Storm|p1a: Cinderace\n|-resisted|p1a: Cinderace\n|-damage|p1a: Cinderace|61\/100 par\n|-activate|p1a: Cinderace|move: Magma Storm|[of] p2a: Heatran\n|move|p1a: Cinderace|High Jump Kick|p2a: Heatran\n|-start|p1a: Cinderace|typechange|Fighting|[from] ability: Libero\n|-supereffective|p2a: Heatran\n|-damage|p2a: Heatran|22\/100\n|\n|-heal|p2a: Heatran|28\/100|[from] item: Leftovers\n|-damage|p1a: Cinderace|49\/100 par|[from] move: Magma Storm|[partiallytrapped]\n|upkeep\n|turn|8\n|\n|t:|1700857905\n|move|p2a: Heatran|Magma Storm|p1a: Cinderace\n|-damage|p1a: Cinderace|0 fnt\n|faint|p1a: Cinderace\n|\n|-heal|p2a: Heatran|35\/100|[from] item: Leftovers\n|upkeep\n|\n|t:|1700857908\n|switch|p1a: Dragapult|Dragapult, F|100\/100\n|turn|9\n|\n|t:|1700857913\n|move|p1a: Dragapult|Dragon Dance|p1a: Dragapult\n|-boost|p1a: Dragapult|atk|1\n|-boost|p1a: Dragapult|spe|1\n|move|p2a: Heatran|Stealth Rock|p1a: Dragapult\n|-sidestart|p1: ironlady24|move: Stealth Rock\n|\n|-heal|p2a: Heatran|41\/100|[from] item: Leftovers\n|upkeep\n|turn|10\n|\n|t:|1700857933\n|-terastallize|p1a: Dragapult|Ghost\n|move|p1a: Dragapult|Tera Blast|p2a: Heatran|[anim] Tera Blast Ghost\n|-damage|p2a: Heatran|0 fnt\n|faint|p2a: Heatran\n|-damage|p1a: Dragapult|91\/100|[from] item: Life Orb\n|\n|upkeep\n|inactive|LegacyShowden has 120 seconds left.\n|j| SpiderKing3261\n|\n|t:|1700857972\n|switch|p2a: Samurott|Samurott-Hisui, M|100\/100\n|turn|11\n|\n|t:|1700857975\n|move|p2a: Samurott|Sucker Punch|p1a: Dragapult\n|-supereffective|p1a: Dragapult\n|-damage|p1a: Dragapult|0 fnt\n|faint|p1a: Dragapult\n|\n|upkeep\n|\n|t:|1700857981\n|switch|p1a: Kingambit|Kingambit, F|100\/100\n|-damage|p1a: Kingambit|94\/100|[from] Stealth Rock\n|-activate|p1a: Kingambit|ability: Supreme Overlord\n|-start|p1a: Kingambit|fallen3|[silent]\n|turn|12\n|\n|t:|1700857984\n|switch|p2a: Great Tusk|Great Tusk|100\/100\n|move|p1a: Kingambit|Swords Dance|p1a: Kingambit\n|-boost|p1a: Kingambit|atk|2\n|\n|-heal|p1a: Kingambit|100\/100|[from] item: Leftovers\n|upkeep\n|turn|13\n|\n|t:|1700857988\n|move|p2a: Great Tusk|Rapid Spin|p1a: Kingambit\n|-resisted|p1a: Kingambit\n|-damage|p1a: Kingambit|95\/100\n|-boost|p2a: Great Tusk|spe|1\n|move|p1a: Kingambit|Iron Head|p2a: Great Tusk\n|-damage|p2a: Great Tusk|16\/100\n|-damage|p1a: Kingambit|78\/100|[from] item: Rocky Helmet|[of] p2a: Great Tusk\n|\n|-heal|p1a: Kingambit|84\/100|[from] item: Leftovers\n|upkeep\n|turn|14\n|\n|t:|1700857994\n|move|p1a: Kingambit|Sucker Punch|p2a: Great Tusk\n|-resisted|p2a: Great Tusk\n|-damage|p2a: Great Tusk|0 fnt\n|-damage|p1a: Kingambit|68\/100|[from] item: Rocky Helmet|[of] p2a: Great Tusk\n|faint|p2a: Great Tusk\n|-end|p2a: Great Tusk|Protosynthesis|[silent]\n|\n|-heal|p1a: Kingambit|74\/100|[from] item: Leftovers\n|upkeep\n|\n|t:|1700857999\n|switch|p2a: Samurott|Samurott-Hisui, M|100\/100\n|turn|15\n|l| SpiderKing3261\n|\n|t:|1700858004\n|-end|p1a: Kingambit|fallen3|[silent]\n|switch|p1a: Toxapex|Toxapex, F|100\/100\n|-damage|p1a: Toxapex|88\/100|[from] Stealth Rock\n|move|p2a: Samurott|Sacred Sword|p1a: Toxapex\n|-resisted|p1a: Toxapex\n|-damage|p1a: Toxapex|70\/100\n|\n|-heal|p1a: Toxapex|76\/100|[from] item: Leftovers\n|upkeep\n|turn|16\n|\n|t:|1700858009\n|switch|p2a: Gholdengo|Gholdengo|100\/100\n|switch|p1a: Kingambit|Kingambit, F|74\/100\n|-damage|p1a: Kingambit|68\/100|[from] Stealth Rock\n|-activate|p1a: Kingambit|ability: Supreme Overlord\n|-start|p1a: Kingambit|fallen3|[silent]\n|\n|-heal|p1a: Kingambit|74\/100|[from] item: Leftovers\n|upkeep\n|turn|17\n|\n|t:|1700858015\n|switch|p2a: Enamorus|Enamorus, F|100\/100\n|move|p1a: Kingambit|Swords Dance|p1a: Kingambit\n|-boost|p1a: Kingambit|atk|2\n|\n|-heal|p1a: Kingambit|80\/100|[from] item: Leftovers\n|upkeep\n|turn|18\n|\n|t:|1700858018\n|move|p2a: Enamorus|Substitute|p2a: Enamorus\n|-start|p2a: Enamorus|Substitute\n|-damage|p2a: Enamorus|76\/100\n|move|p1a: Kingambit|Iron Head|p2a: Enamorus\n|-supereffective|p2a: Enamorus\n|-end|p2a: Enamorus|Substitute\n|\n|-heal|p2a: Enamorus|82\/100|[from] item: Leftovers\n|-heal|p1a: Kingambit|86\/100|[from] item: Leftovers\n|upkeep\n|turn|19\n|\n|t:|1700858023\n|move|p2a: Enamorus|Substitute|p2a: Enamorus\n|-start|p2a: Enamorus|Substitute\n|-damage|p2a: Enamorus|57\/100\n|move|p1a: Kingambit|Iron Head|p2a: Enamorus\n|-supereffective|p2a: Enamorus\n|-end|p2a: Enamorus|Substitute\n|\n|-heal|p2a: Enamorus|63\/100|[from] item: Leftovers\n|-heal|p1a: Kingambit|92\/100|[from] item: Leftovers\n|upkeep\n|turn|20\n|\n|t:|1700858028\n|move|p2a: Enamorus|Substitute|p2a: Enamorus\n|-start|p2a: Enamorus|Substitute\n|-damage|p2a: Enamorus|38\/100\n|move|p1a: Kingambit|Iron Head|p2a: Enamorus\n|-supereffective|p2a: Enamorus\n|-end|p2a: Enamorus|Substitute\n|\n|-heal|p2a: Enamorus|44\/100|[from] item: Leftovers\n|-heal|p1a: Kingambit|99\/100|[from] item: Leftovers\n|upkeep\n|turn|21\n|\n|t:|1700858031\n|move|p2a: Enamorus|Earth Power|p1a: Kingambit\n|-supereffective|p1a: Kingambit\n|-damage|p1a: Kingambit|34\/100\n|move|p1a: Kingambit|Iron Head|p2a: Enamorus\n|-supereffective|p2a: Enamorus\n|-damage|p2a: Enamorus|0 fnt\n|faint|p2a: Enamorus\n|\n|-heal|p1a: Kingambit|40\/100|[from] item: Leftovers\n|upkeep\n|\n|t:|1700858034\n|switch|p2a: Samurott|Samurott-Hisui, M|100\/100\n|turn|22\n|\n|t:|1700858039\n|-end|p1a: Kingambit|fallen3|[silent]\n|switch|p1a: Toxapex|Toxapex, F|100\/100\n|-damage|p1a: Toxapex|88\/100|[from] Stealth Rock\n|move|p2a: Samurott|Aqua Cutter|p1a: Toxapex\n|-resisted|p1a: Toxapex\n|-damage|p1a: Toxapex|64\/100\n|\n|-heal|p1a: Toxapex|71\/100|[from] item: Leftovers\n|upkeep\n|turn|23\n|\n|t:|1700858045\n|switch|p2a: Gholdengo|Gholdengo|100\/100\n|move|p1a: Toxapex|Baneful Bunker||[still]\n|-fail|p1a: Toxapex\n|\n|-heal|p1a: Toxapex|77\/100|[from] item: Leftovers\n|upkeep\n|turn|24\n|\n|t:|1700858048\n|move|p2a: Gholdengo|Thunder Wave|p1a: Toxapex|[miss]\n|-miss|p2a: Gholdengo|p1a: Toxapex\n|move|p1a: Toxapex|Chilling Water|p2a: Gholdengo\n|-damage|p2a: Gholdengo|90\/100\n|-unboost|p2a: Gholdengo|atk|1\n|\n|-heal|p1a: Toxapex|83\/100|[from] item: Leftovers\n|upkeep\n|turn|25\n|\n|t:|1700858052\n|switch|p1a: Iron Valiant|Iron Valiant|100\/100 par\n|-damage|p1a: Iron Valiant|94\/100 par|[from] Stealth Rock\n|move|p2a: Gholdengo|Thunder Wave|p1a: Iron Valiant\n|-fail|p1a: Iron Valiant|par\n|\n|upkeep\n|turn|26\n|\n|t:|1700858054\n|move|p2a: Gholdengo|Hex|p1a: Iron Valiant\n|-damage|p1a: Iron Valiant|0 fnt\n|faint|p1a: Iron Valiant\n|-end|p1a: Iron Valiant|Quark Drive|[silent]\n|\n|upkeep\n|\n|t:|1700858058\n|switch|p1a: Kingambit|Kingambit, F|40\/100\n|-damage|p1a: Kingambit|34\/100|[from] Stealth Rock\n|-activate|p1a: Kingambit|ability: Supreme Overlord\n|-start|p1a: Kingambit|fallen4|[silent]\n|turn|27\n|\n|t:|1700858063\n|move|p2a: Gholdengo|Thunder Wave|p1a: Kingambit\n|-status|p1a: Kingambit|par\n|move|p1a: Kingambit|Iron Head|p2a: Gholdengo\n|-resisted|p2a: Gholdengo\n|-damage|p2a: Gholdengo|66\/100\n|\n|-heal|p1a: Kingambit|40\/100 par|[from] item: Leftovers\n|upkeep\n|turn|28\n|\n|t:|1700858089\n|switch|p2a: Dragapult|Dragapult, M, shiny|100\/100\n|cant|p1a: Kingambit|par\n|\n|-heal|p1a: Kingambit|46\/100 par|[from] item: Leftovers\n|upkeep\n|turn|29\n|\n|t:|1700858091\n|move|p1a: Kingambit|Sucker Punch|p2a: Dragapult\n|-supereffective|p2a: Dragapult\n|-damage|p2a: Dragapult|0 fnt\n|faint|p2a: Dragapult\n|\n|-heal|p1a: Kingambit|52\/100 par|[from] item: Leftovers\n|upkeep\n|\n|t:|1700858094\n|switch|p2a: Samurott|Samurott-Hisui, M|100\/100\n|turn|30\n|\n|t:|1700858097\n|-end|p1a: Kingambit|fallen4|[silent]\n|switch|p1a: Toxapex|Toxapex, F|100\/100\n|-damage|p1a: Toxapex|88\/100|[from] Stealth Rock\n|move|p2a: Samurott|Sacred Sword|p1a: Toxapex\n|-resisted|p1a: Toxapex\n|-damage|p1a: Toxapex|69\/100\n|\n|-heal|p1a: Toxapex|75\/100|[from] item: Leftovers\n|upkeep\n|turn|31\n|\n|t:|1700858103\n|switch|p2a: Gholdengo|Gholdengo|66\/100\n|switch|p1a: Kingambit|Kingambit, F|52\/100 par\n|-damage|p1a: Kingambit|46\/100 par|[from] Stealth Rock\n|-activate|p1a: Kingambit|ability: Supreme Overlord\n|-start|p1a: Kingambit|fallen4|[silent]\n|\n|-heal|p1a: Kingambit|52\/100 par|[from] item: Leftovers\n|upkeep\n|turn|32\n|\n|t:|1700858111\n|-terastallize|p2a: Gholdengo|Steel\n|move|p2a: Gholdengo|Hex|p1a: Kingambit\n|-resisted|p1a: Kingambit\n|-damage|p1a: Kingambit|22\/100 par\n|move|p1a: Kingambit|Iron Head|p2a: Gholdengo\n|-resisted|p2a: Gholdengo\n|-damage|p2a: Gholdengo|45\/100\n|\n|-heal|p1a: Kingambit|28\/100 par|[from] item: Leftovers\n|upkeep\n|turn|33\n|\n|t:|1700858119\n|move|p1a: Kingambit|Sucker Punch||[still]\n|-fail|p1a: Kingambit\n|move|p2a: Gholdengo|Recover|p2a: Gholdengo\n|-heal|p2a: Gholdengo|95\/100\n|\n|-heal|p1a: Kingambit|35\/100 par|[from] item: Leftovers\n|upkeep\n|turn|34\n|\n|t:|1700858122\n|-end|p1a: Kingambit|fallen4|[silent]\n|switch|p1a: Toxapex|Toxapex, F|100\/100\n|-damage|p1a: Toxapex|88\/100|[from] Stealth Rock\n|move|p2a: Gholdengo|Hex|p1a: Toxapex\n|-crit|p1a: Toxapex\n|-damage|p1a: Toxapex|53\/100\n|\n|-heal|p1a: Toxapex|59\/100|[from] item: Leftovers\n|upkeep\n|turn|35\n|\n|t:|1700858126\n|move|p2a: Gholdengo|Thunder Wave|p1a: Toxapex\n|-status|p1a: Toxapex|par\n|move|p1a: Toxapex|Recover|p1a: Toxapex\n|-heal|p1a: Toxapex|100\/100 par\n|\n|upkeep\n|turn|36\n|\n|t:|1700858129\n|move|p2a: Gholdengo|Hex|p1a: Toxapex\n|-damage|p1a: Toxapex|52\/100 par\n|move|p1a: Toxapex|Chilling Water|p2a: Gholdengo\n|-damage|p2a: Gholdengo|84\/100\n|-unboost|p2a: Gholdengo|atk|1\n|\n|-heal|p1a: Toxapex|58\/100 par|[from] item: Leftovers\n|upkeep\n|turn|37\n|\n|t:|1700858135\n|move|p2a: Gholdengo|Hex|p1a: Toxapex\n|-damage|p1a: Toxapex|10\/100 par\n|move|p1a: Toxapex|Chilling Water|p2a: Gholdengo\n|-damage|p2a: Gholdengo|74\/100\n|-unboost|p2a: Gholdengo|atk|1\n|\n|-heal|p1a: Toxapex|16\/100 par|[from] item: Leftovers\n|upkeep\n|turn|38\n|\n|t:|1700858138\n|move|p2a: Gholdengo|Hex|p1a: Toxapex\n|-damage|p1a: Toxapex|0 fnt\n|faint|p1a: Toxapex\n|\n|upkeep\n|\n|t:|1700858140\n|switch|p1a: Kingambit|Kingambit, F|35\/100 par\n|-damage|p1a: Kingambit|28\/100 par|[from] Stealth Rock\n|-activate|p1a: Kingambit|ability: Supreme Overlord\n|-start|p1a: Kingambit|fallen5|[silent]\n|turn|39\n|\n|t:|1700858143\n|move|p2a: Gholdengo|Hex|p1a: Kingambit\n|-resisted|p1a: Kingambit\n|-damage|p1a: Kingambit|2\/100 par\n|cant|p1a: Kingambit|par\n|\n|-heal|p1a: Kingambit|8\/100 par|[from] item: Leftovers\n|upkeep\n|turn|40\n|\n|t:|1700858145\n|cant|p1a: Kingambit|par\n|move|p2a: Gholdengo|Hex|p1a: Kingambit\n|-resisted|p1a: Kingambit\n|-damage|p1a: Kingambit|0 fnt\n|faint|p1a: Kingambit\n|-end|p1a: Kingambit|fallen5|[silent]\n|\n|win|LegacyShowden\n|raw|ironlady24's rating: 1509 &rarr; <strong>1494<\/strong><br \/>(-15 for losing)\n|raw|LegacyShowden's rating: 1599 &rarr; <strong>1614<\/strong><br \/>(+15 for winning)\n|l|\u2606ironlady24\n","uploadtime":1700858152,"views":3,"p1id":"ironlady24","p2id":"legacyshowden","formatid":"gen9ou","rating":1494,"private":0,"password":""}