{"id":"gen9ou-1990797737","p1":"Turkitty","p2":"thebigclimb","format":"[Gen 9] OU","log":"|j|\u2606Turkitty\n|j|\u2606thebigclimb\n|inactive|Battle timer is ON: inactive players will automatically lose when time's up.\n|t:|1700001854\n|gametype|singles\n|player|p1|Turkitty|janitor|\n|player|p2|thebigclimb|jessiejames-gen1|\n|teamsize|p1|6\n|teamsize|p2|6\n|gen|9\n|tier|[Gen 9] OU\n|rated|Tournament battle\n|rule|Sleep Clause Mod: Limit one foe put to sleep\n|rule|Species Clause: Limit one of each Pok\u00e9mon\n|rule|OHKO Clause: OHKO moves are banned\n|rule|Evasion Items Clause: Evasion items are banned\n|rule|Evasion Moves Clause: Evasion moves are banned\n|rule|Endless Battle Clause: Forcing endless battles is banned\n|rule|HP Percentage Mod: HP is shown in percentages\n|clearpoke\n|poke|p1|Ribombee, M|\n|poke|p1|Great Tusk|\n|poke|p1|Calyrex-Shadow|\n|poke|p1|Kingambit, F|\n|poke|p1|Gholdengo|\n|poke|p1|Iron Valiant|\n|poke|p2|Calyrex-Shadow|\n|poke|p2|Ribombee, M|\n|poke|p2|Great Tusk|\n|poke|p2|Cinderace, M|\n|poke|p2|Kingambit, M|\n|poke|p2|Gholdengo|\n|teampreview\n|c|\u2606Turkitty|glhf :D\n|\n|t:|1700001871\n|start\n|switch|p1a: Great Tusk|Great Tusk|100\/100\n|switch|p2a: Ribombee|Ribombee, M|100\/100\n|turn|1\n|\n|t:|1700001885\n|move|p2a: Ribombee|Moonblast|p1a: Great Tusk\n|-supereffective|p1a: Great Tusk\n|-enditem|p1a: Great Tusk|Roseli Berry|[eat]\n|-enditem|p1a: Great Tusk|Roseli Berry|[weaken]\n|-damage|p1a: Great Tusk|38\/100\n|-unboost|p1a: Great Tusk|spa|1\n|move|p1a: Great Tusk|Rapid Spin|p2a: Ribombee\n|-damage|p2a: Ribombee|67\/100\n|-boost|p1a: Great Tusk|spe|1\n|\n|upkeep\n|turn|2\n|\n|t:|1700001898\n|switch|p2a: Great Tusk|Great Tusk|100\/100\n|move|p1a: Great Tusk|Heavy Slam|p2a: Great Tusk\n|-damage|p2a: Great Tusk|90\/100\n|\n|upkeep\n|turn|3\n|j| TheNewBrends11@!\n|\n|t:|1700001921\n|move|p1a: Great Tusk|Knock Off|p2a: Great Tusk\n|-resisted|p2a: Great Tusk\n|-crit|p2a: Great Tusk\n|-damage|p2a: Great Tusk|71\/100\n|-enditem|p2a: Great Tusk|Heavy-Duty Boots|[from] move: Knock Off|[of] p1a: Great Tusk\n|move|p2a: Great Tusk|Headlong Rush|p1a: Great Tusk\n|-damage|p1a: Great Tusk|0 fnt\n|-unboost|p2a: Great Tusk|def|1\n|-unboost|p2a: Great Tusk|spd|1\n|faint|p1a: Great Tusk\n|-end|p1a: Great Tusk|Protosynthesis|[silent]\n|\n|upkeep\n|\n|t:|1700001925\n|switch|p1a: Ribombee|Ribombee, M|100\/100\n|turn|4\n|j| Shucklepilled\n|j|#UnovX\n|\n|t:|1700001939\n|-end|p2a: Great Tusk|Protosynthesis|[silent]\n|switch|p2a: Cinderace|Cinderace, M|100\/100\n|move|p1a: Ribombee|Trick|p2a: Cinderace\n|-activate|p1a: Ribombee|move: Trick|[of] p2a: Cinderace\n|-item|p2a: Cinderace|Choice Scarf|[from] move: Trick\n|-item|p1a: Ribombee|Heavy-Duty Boots|[from] move: Trick\n|\n|upkeep\n|turn|5\n|c|#UnovX|huh\n|c|#UnovX|since when\n|\n|t:|1700001965\n|switch|p1a: Gholdengo|Gholdengo|100\/100\n|-item|p1a: Gholdengo|Air Balloon\n|move|p2a: Cinderace|Pyro Ball|p1a: Gholdengo|[miss]\n|-miss|p2a: Cinderace|p1a: Gholdengo\n|\n|upkeep\n|turn|6\n|c| TheNewBrends11|oof\n|\n|t:|1700001972\n|move|p2a: Cinderace|Pyro Ball|p1a: Gholdengo|[miss]\n|-miss|p2a: Cinderace|p1a: Gholdengo\n|move|p1a: Gholdengo|Shadow Ball|p2a: Cinderace\n|-damage|p2a: Cinderace|42\/100\n|\n|upkeep\n|turn|7\n|c|#UnovX|lol\n|c|#UnovX|blind cinderace\n|c| TheNewBrends11|probably two flare blitzes would have it dead\n|\n|t:|1700001985\n|move|p2a: Cinderace|Pyro Ball|p1a: Gholdengo\n|-supereffective|p1a: Gholdengo\n|-damage|p1a: Gholdengo|0 fnt\n|-enditem|p1a: Gholdengo|Air Balloon\n|faint|p1a: Gholdengo\n|\n|upkeep\n|c|\u2606thebigclimb|homi crosseyed\n|\n|t:|1700001990\n|switch|p1a: Calyrex|Calyrex-Shadow|100\/100\n|-ability|p1a: Calyrex|As One\n|-ability|p1a: Calyrex|Unnerve\n|turn|8\n|c| TheNewBrends11|at least it only took 58%\n|\n|t:|1700002016\n|move|p1a: Calyrex|Shadow Ball|p2a: Cinderace\n|-damage|p2a: Cinderace|0 fnt\n|faint|p2a: Cinderace\n|-ability|p1a: Calyrex|Grim Neigh|boost\n|-boost|p1a: Calyrex|spa|1\n|\n|upkeep\n|\n|t:|1700002023\n|switch|p2a: Kingambit|Kingambit, M|100\/100\n|-activate|p2a: Kingambit|ability: Supreme Overlord\n|-start|p2a: Kingambit|fallen1|[silent]\n|turn|9\n|c|#UnovX|should have taken 0 ngl\n|\n|t:|1700002036\n|switch|p1a: Ribombee|Ribombee, M|100\/100\n|-end|p2a: Kingambit|fallen1|[silent]\n|switch|p2a: Ribombee|Ribombee, M|67\/100\n|\n|upkeep\n|turn|10\n|j|@Disorient\n|\n|t:|1700002048\n|move|p2a: Ribombee|Sticky Web|p1a: Ribombee\n|-sidestart|p1: Turkitty|move: Sticky Web\n|move|p1a: Ribombee|Sticky Web|p2a: Ribombee\n|-sidestart|p2: thebigclimb|move: Sticky Web\n|\n|upkeep\n|turn|11\n|\n|t:|1700002057\n|move|p1a: Ribombee|Stun Spore|p2a: Ribombee\n|-status|p2a: Ribombee|par\n|move|p2a: Ribombee|Moonblast|p1a: Ribombee\n|-damage|p1a: Ribombee|31\/100\n|\n|upkeep\n|turn|12\n|\n|t:|1700002064\n|move|p1a: Ribombee|Moonblast|p2a: Ribombee\n|-damage|p2a: Ribombee|0 fnt\n|faint|p2a: Ribombee\n|\n|upkeep\n|l|@Disorient\n|\n|t:|1700002074\n|switch|p2a: Gholdengo|Gholdengo|100\/100\n|-activate|p2a: Gholdengo|move: Sticky Web\n|-unboost|p2a: Gholdengo|spe|1\n|turn|13\n|\n|t:|1700002081\n|switch|p1a: Kingambit|Kingambit, F|100\/100\n|-activate|p1a: Kingambit|move: Sticky Web\n|-unboost|p1a: Kingambit|spe|1\n|-activate|p1a: Kingambit|ability: Supreme Overlord\n|-start|p1a: Kingambit|fallen2|[silent]\n|move|p2a: Gholdengo|Shadow Ball|p1a: Kingambit\n|-resisted|p1a: Kingambit\n|-damage|p1a: Kingambit|75\/100\n|\n|upkeep\n|turn|14\n|\n|t:|1700002090\n|switch|p2a: Great Tusk|Great Tusk|71\/100\n|-activate|p2a: Great Tusk|move: Sticky Web\n|-unboost|p2a: Great Tusk|spe|1\n|move|p1a: Kingambit|Iron Head|p2a: Great Tusk\n|-damage|p2a: Great Tusk|31\/100\n|\n|upkeep\n|turn|15\n|\n|t:|1700002104\n|-end|p1a: Kingambit|fallen2|[silent]\n|switch|p1a: Ribombee|Ribombee, M|31\/100\n|move|p2a: Great Tusk|Rapid Spin|p1a: Ribombee\n|-damage|p1a: Ribombee|0 fnt\n|-boost|p2a: Great Tusk|spe|1\n|-sideend|p2: thebigclimb|Sticky Web|[from] move: Rapid Spin|[of] p2a: Great Tusk\n|faint|p1a: Ribombee\n|\n|upkeep\n|\n|t:|1700002106\n|switch|p1a: Calyrex|Calyrex-Shadow|100\/100\n|-ability|p1a: Calyrex|As One\n|-ability|p1a: Calyrex|Unnerve\n|-activate|p1a: Calyrex|move: Sticky Web\n|-unboost|p1a: Calyrex|spe|1\n|turn|16\n|c|\u2606thebigclimb|?\n|c|#UnovX|rip thats game\n|\n|t:|1700002118\n|move|p1a: Calyrex|Shadow Ball|p2a: Great Tusk\n|-damage|p2a: Great Tusk|0 fnt\n|faint|p2a: Great Tusk\n|-end|p2a: Great Tusk|Protosynthesis|[silent]\n|-ability|p1a: Calyrex|Grim Neigh|boost\n|-boost|p1a: Calyrex|spa|1\n|\n|upkeep\n|j|#SetsuStsna\n|\n|t:|1700002125\n|switch|p2a: Gholdengo|Gholdengo|100\/100\n|turn|17\n|\n|t:|1700002136\n|move|p2a: Gholdengo|Focus Blast|p1a: Calyrex\n|-immune|p1a: Calyrex\n|move|p1a: Calyrex|Shadow Ball|p2a: Gholdengo\n|-supereffective|p2a: Gholdengo\n|-damage|p2a: Gholdengo|0 fnt\n|faint|p2a: Gholdengo\n|-ability|p1a: Calyrex|Grim Neigh|boost\n|-boost|p1a: Calyrex|spa|1\n|\n|upkeep\n|\n|t:|1700002145\n|switch|p2a: Calyrex|Calyrex-Shadow|100\/100\n|-ability|p2a: Calyrex|As One\n|-ability|p2a: Calyrex|Unnerve\n|turn|18\n|\n|t:|1700002161\n|move|p2a: Calyrex|Astral Barrage|p1a: Calyrex\n|-supereffective|p1a: Calyrex\n|-damage|p1a: Calyrex|0 fnt\n|faint|p1a: Calyrex\n|-ability|p2a: Calyrex|Grim Neigh|boost\n|-boost|p2a: Calyrex|spa|1\n|\n|upkeep\n|\n|t:|1700002164\n|switch|p1a: Kingambit|Kingambit, F|75\/100\n|-activate|p1a: Kingambit|move: Sticky Web\n|-unboost|p1a: Kingambit|spe|1\n|-activate|p1a: Kingambit|ability: Supreme Overlord\n|-start|p1a: Kingambit|fallen4|[silent]\n|turn|19\n|\n|t:|1700002174\n|-terastallize|p2a: Calyrex|Fighting\n|-terastallize|p1a: Kingambit|Fighting\n|move|p1a: Kingambit|Sucker Punch|p2a: Calyrex\n|-resisted|p2a: Calyrex\n|-damage|p2a: Calyrex|64\/100\n|move|p2a: Calyrex|Tera Blast|p1a: Kingambit|[anim] Tera Blast Fighting\n|-damage|p1a: Kingambit|0 fnt\n|faint|p1a: Kingambit\n|-end|p1a: Kingambit|fallen4|[silent]\n|-ability|p2a: Calyrex|Grim Neigh|boost\n|-boost|p2a: Calyrex|spa|1\n|\n|upkeep\n|\n|t:|1700002179\n|switch|p1a: Iron Valiant|Iron Valiant|100\/100\n|-activate|p1a: Iron Valiant|move: Sticky Web\n|-unboost|p1a: Iron Valiant|spe|1\n|-enditem|p1a: Iron Valiant|Booster Energy\n|-activate|p1a: Iron Valiant|ability: Quark Drive|[fromitem]\n|-start|p1a: Iron Valiant|quarkdriveatk\n|turn|20\n|c|\u2606Turkitty|gg\n|c|\u2606thebigclimb|gg\n|\n|t:|1700002190\n|move|p2a: Calyrex|Astral Barrage|p1a: Iron Valiant\n|-damage|p1a: Iron Valiant|0 fnt\n|faint|p1a: Iron Valiant\n|-end|p1a: Iron Valiant|Quark Drive|[silent]\n|\n|win|thebigclimb\n|n|\u2606Turkitty|turkitty\n|n|\u2606thebigclimb|thebigclimb\n|n| TheNewBrends11@!|thenewbrends11\n|n| Shucklepilled|shucklepilled\n|n|+UnovX|unovx\n|n|%SetsuStsna|setsustsna\n|l|\u2606Turkitty\n|l|\u2606thebigclimb\n|l|%SetsuStsna\n|l| Shucklepilled\n|j|+Disorient\n|l|+Disorient\n","uploadtime":1700003118,"views":15,"p1id":"turkitty","p2id":"thebigclimb","formatid":"gen9ou","rating":0,"private":0,"password":""}