{"id":"gen9ou-1995864500","p1":"Americo 1515","p2":"Zulneily","format":"[Gen 9] OU","log":"|j|\u2606Americo 1515\n|j|\u2606Zulneily\n|t:|1700611108\n|gametype|singles\n|player|p1|Americo 1515|bruno|1185\n|player|p2|Zulneily|hilda-wonderlauncher|1243\n|teamsize|p1|6\n|teamsize|p2|6\n|gen|9\n|tier|[Gen 9] OU\n|rated|\n|rule|Sleep Clause Mod: Limit one foe put to sleep\n|rule|Species Clause: Limit one of each Pok\u00e9mon\n|rule|OHKO Clause: OHKO moves are banned\n|rule|Evasion Items Clause: Evasion items are banned\n|rule|Evasion Moves Clause: Evasion moves are banned\n|rule|Endless Battle Clause: Forcing endless battles is banned\n|rule|HP Percentage Mod: HP is shown in percentages\n|clearpoke\n|poke|p1|Rotom-Wash|\n|poke|p1|Dragonite, M|\n|poke|p1|Gengar, M|\n|poke|p1|Ceruledge, M|\n|poke|p1|Mandibuzz, F|\n|poke|p1|Greninja-*, M|\n|poke|p2|Great Tusk|\n|poke|p2|Gholdengo|\n|poke|p2|Ogerpon, F|\n|poke|p2|Iron Moth|\n|poke|p2|Gastrodon-East, M|\n|poke|p2|Enamorus, F|\n|teampreview\n|inactive|Battle timer is ON: inactive players will automatically lose when time's up. (requested by Americo 1515)\n|\n|t:|1700611114\n|start\n|switch|p1a: Gengar|Gengar, M, shiny|100\/100\n|switch|p2a: Enamorus|Enamorus, F|100\/100\n|turn|1\n|\n|t:|1700611127\n|move|p2a: Enamorus|Earth Power|p1a: Gengar\n|-supereffective|p1a: Gengar\n|-crit|p1a: Gengar\n|-enditem|p1a: Gengar|Focus Sash\n|-damage|p1a: Gengar|1\/100\n|move|p1a: Gengar|Sludge Bomb|p2a: Enamorus\n|-supereffective|p2a: Enamorus\n|-damage|p2a: Enamorus|0 fnt\n|faint|p2a: Enamorus\n|\n|upkeep\n|\n|t:|1700611143\n|switch|p2a: Gastrodon|Gastrodon-East, M|100\/100\n|turn|2\n|\n|t:|1700611148\n|move|p1a: Gengar|Energy Ball|p2a: Gastrodon\n|-supereffective|p2a: Gastrodon\n|-damage|p2a: Gastrodon|19\/100\n|move|p2a: Gastrodon|Yawn|p1a: Gengar\n|-start|p1a: Gengar|move: Yawn|[of] p2a: Gastrodon\n|\n|-heal|p2a: Gastrodon|25\/100|[from] item: Leftovers\n|upkeep\n|turn|3\n|\n|t:|1700611159\n|switch|p1a: Mandibuzz|Mandibuzz, F, shiny|100\/100\n|move|p2a: Gastrodon|Surf|p1a: Mandibuzz\n|-damage|p1a: Mandibuzz|80\/100\n|\n|-heal|p2a: Gastrodon|31\/100|[from] item: Leftovers\n|upkeep\n|turn|4\n|\n|t:|1700611168\n|switch|p2a: Gholdengo|Gholdengo|100\/100\n|move|p1a: Mandibuzz|Toxic|p2a: Gholdengo\n|-immune|p2a: Gholdengo|[from] ability: Good as Gold\n|\n|upkeep\n|turn|5\n|\n|t:|1700611179\n|move|p2a: Gholdengo|Nasty Plot|p2a: Gholdengo\n|-boost|p2a: Gholdengo|spa|2\n|move|p1a: Mandibuzz|Foul Play|p2a: Gholdengo\n|-supereffective|p2a: Gholdengo\n|-damage|p2a: Gholdengo|70\/100\n|\n|upkeep\n|turn|6\n|\n|t:|1700611193\n|move|p2a: Gholdengo|Make It Rain|p1a: Mandibuzz\n|-damage|p1a: Mandibuzz|0 fnt\n|-unboost|p2a: Gholdengo|spa|1\n|faint|p1a: Mandibuzz\n|-damage|p2a: Gholdengo|60\/100|[from] item: Life Orb\n|\n|upkeep\n|\n|t:|1700611205\n|switch|p1a: Gengar|Gengar, M, shiny|1\/100\n|turn|7\n|\n|t:|1700611219\n|switch|p2a: Gastrodon|Gastrodon-East, M|31\/100\n|move|p1a: Gengar|Shadow Ball|p2a: Gastrodon\n|-damage|p2a: Gastrodon|5\/100\n|\n|-heal|p2a: Gastrodon|12\/100|[from] item: Leftovers\n|upkeep\n|turn|8\n|\n|t:|1700611229\n|move|p1a: Gengar|Shadow Ball|p2a: Gastrodon\n|-damage|p2a: Gastrodon|0 fnt\n|faint|p2a: Gastrodon\n|\n|upkeep\n|\n|t:|1700611235\n|switch|p2a: Iron Moth|Iron Moth|100\/100\n|-enditem|p2a: Iron Moth|Booster Energy\n|-activate|p2a: Iron Moth|ability: Quark Drive|[fromitem]\n|-start|p2a: Iron Moth|quarkdrivespe\n|turn|9\n|\n|t:|1700611241\n|move|p2a: Iron Moth|Fiery Dance|p1a: Gengar\n|-damage|p1a: Gengar|0 fnt\n|-boost|p2a: Iron Moth|spa|1\n|faint|p1a: Gengar\n|\n|upkeep\n|\n|t:|1700611250\n|switch|p1a: Rotom|Rotom-Wash|100\/100\n|turn|10\n|\n|t:|1700611257\n|move|p2a: Iron Moth|Energy Ball|p1a: Rotom\n|-supereffective|p1a: Rotom\n|-damage|p1a: Rotom|0 fnt\n|faint|p1a: Rotom\n|\n|upkeep\n|\n|t:|1700611265\n|switch|p1a: Ceruledge|Ceruledge, M, shiny|100\/100\n|turn|11\n|\n|t:|1700611270\n|move|p2a: Iron Moth|Sludge Wave|p1a: Ceruledge\n|-resisted|p1a: Ceruledge\n|-damage|p1a: Ceruledge|55\/100\n|move|p1a: Ceruledge|Psycho Cut|p2a: Iron Moth\n|-supereffective|p2a: Iron Moth\n|-damage|p2a: Iron Moth|21\/100\n|\n|-heal|p1a: Ceruledge|61\/100|[from] item: Leftovers\n|upkeep\n|turn|12\n|\n|t:|1700611280\n|move|p1a: Ceruledge|Shadow Sneak|p2a: Iron Moth\n|-damage|p2a: Iron Moth|0 fnt\n|faint|p2a: Iron Moth\n|-end|p2a: Iron Moth|Quark Drive|[silent]\n|\n|-heal|p1a: Ceruledge|68\/100|[from] item: Leftovers\n|upkeep\n|\n|t:|1700611286\n|switch|p2a: Great Tusk|Great Tusk|100\/100\n|turn|13\n|\n|t:|1700611290\n|switch|p1a: Dragonite|Dragonite, M|100\/100\n|move|p2a: Great Tusk|Knock Off|p1a: Dragonite\n|-damage|p1a: Dragonite|85\/100\n|-enditem|p1a: Dragonite|Leftovers|[from] move: Knock Off|[of] p2a: Great Tusk\n|\n|upkeep\n|turn|14\n|\n|t:|1700611300\n|move|p1a: Dragonite|Ice Beam|p2a: Great Tusk\n|-supereffective|p2a: Great Tusk\n|-damage|p2a: Great Tusk|33\/100\n|move|p2a: Great Tusk|Stealth Rock|p1a: Dragonite\n|-sidestart|p1: Americo 1515|move: Stealth Rock\n|\n|-heal|p2a: Great Tusk|39\/100|[from] item: Leftovers\n|upkeep\n|turn|15\n|\n|t:|1700611309\n|-end|p2a: Great Tusk|Protosynthesis|[silent]\n|switch|p2a: Gholdengo|Gholdengo|60\/100\n|move|p1a: Dragonite|Ice Beam|p2a: Gholdengo\n|-resisted|p2a: Gholdengo\n|-damage|p2a: Gholdengo|50\/100\n|\n|upkeep\n|turn|16\n|\n|t:|1700611317\n|move|p1a: Dragonite|Thunder|p2a: Gholdengo\n|-damage|p2a: Gholdengo|26\/100\n|move|p2a: Gholdengo|Recover|p2a: Gholdengo\n|-heal|p2a: Gholdengo|76\/100\n|\n|upkeep\n|turn|17\n|\n|t:|1700611325\n|move|p1a: Dragonite|Thunder|p2a: Gholdengo\n|-damage|p2a: Gholdengo|52\/100\n|-status|p2a: Gholdengo|par\n|move|p2a: Gholdengo|Nasty Plot|p2a: Gholdengo\n|-boost|p2a: Gholdengo|spa|2\n|\n|upkeep\n|turn|18\n|\n|t:|1700611334\n|move|p1a: Dragonite|Thunder|p2a: Gholdengo\n|-damage|p2a: Gholdengo|28\/100 par\n|move|p2a: Gholdengo|Recover|p2a: Gholdengo\n|-heal|p2a: Gholdengo|78\/100 par\n|\n|upkeep\n|turn|19\n|\n|t:|1700611342\n|move|p1a: Dragonite|Thunder|p2a: Gholdengo\n|-damage|p2a: Gholdengo|55\/100 par\n|cant|p2a: Gholdengo|par\n|\n|upkeep\n|turn|20\n|\n|t:|1700611350\n|move|p1a: Dragonite|Thunder|p2a: Gholdengo|[miss]\n|-miss|p1a: Dragonite|p2a: Gholdengo\n|cant|p2a: Gholdengo|par\n|\n|upkeep\n|turn|21\n|\n|t:|1700611357\n|move|p1a: Dragonite|Thunder|p2a: Gholdengo\n|-damage|p2a: Gholdengo|29\/100 par\n|move|p2a: Gholdengo|Recover|p2a: Gholdengo\n|-heal|p2a: Gholdengo|79\/100 par\n|\n|upkeep\n|turn|22\n|\n|t:|1700611365\n|move|p1a: Dragonite|Thunder|p2a: Gholdengo\n|-damage|p2a: Gholdengo|52\/100 par\n|move|p2a: Gholdengo|Make It Rain|p1a: Dragonite\n|-damage|p1a: Dragonite|0 fnt\n|-unboost|p2a: Gholdengo|spa|1\n|faint|p1a: Dragonite\n|-damage|p2a: Gholdengo|42\/100 par|[from] item: Life Orb\n|\n|upkeep\n|\n|t:|1700611377\n|switch|p1a: Greninja|Greninja, M|100\/100\n|-damage|p1a: Greninja|88\/100|[from] Stealth Rock\n|turn|23\n|\n|t:|1700611382\n|move|p1a: Greninja|Dark Pulse|p2a: Gholdengo\n|-supereffective|p2a: Gholdengo\n|-damage|p2a: Gholdengo|0 fnt\n|faint|p2a: Gholdengo\n|-ability|p1a: Greninja|Battle Bond|boost\n|-boost|p1a: Greninja|atk|1\n|-boost|p1a: Greninja|spa|1\n|-boost|p1a: Greninja|spe|1\n|-activate|p1a: Greninja|ability: Battle Bond\n|\n|upkeep\n|\n|t:|1700611390\n|switch|p2a: Ogerpon|Ogerpon, F|100\/100\n|turn|24\n|\n|t:|1700611397\n|-terastallize|p2a: Ogerpon|Grass\n|detailschange|p2a: Ogerpon|Ogerpon-Teal-Tera, F, tera:Grass\n|-ability|p2a: Ogerpon|Embody Aspect (Teal)|boost\n|-boost|p2a: Ogerpon|spe|1\n|move|p2a: Ogerpon|Ivy Cudgel|p1a: Greninja\n|-supereffective|p1a: Greninja\n|-damage|p1a: Greninja|0 fnt\n|faint|p1a: Greninja\n|\n|upkeep\n|\n|t:|1700611408\n|switch|p1a: Ceruledge|Ceruledge, M, shiny|68\/100\n|-damage|p1a: Ceruledge|43\/100|[from] Stealth Rock\n|turn|25\n|\n|t:|1700611413\n|move|p2a: Ogerpon|Ivy Cudgel|p1a: Ceruledge\n|-resisted|p1a: Ceruledge\n|-damage|p1a: Ceruledge|0 fnt\n|faint|p1a: Ceruledge\n|\n|win|Zulneily\n|raw|Americo 1515's rating: 1185 &rarr; <strong>1164<\/strong><br \/>(-21 for losing)\n|raw|Zulneily's rating: 1243 &rarr; <strong>1264<\/strong><br \/>(+21 for winning)\n","uploadtime":1700611424,"views":5,"p1id":"americo1515","p2id":"zulneily","formatid":"gen9ou","rating":1164,"private":0,"password":""}