{"id":"gen9ou-1995009356","p1":"TheFIFA2.0","p2":"PLAYB0I R0BBIE B","format":"[Gen 9] OU","log":"|j|\u2606TheFIFA2.0\n|j|\u2606PLAYB0I R0BBIE B\n|t:|1700512984\n|gametype|singles\n|player|p1|TheFIFA2.0|gentleman-gen4|1350\n|player|p2|PLAYB0I R0BBIE B|eusine|1264\n|teamsize|p1|6\n|teamsize|p2|6\n|gen|9\n|tier|[Gen 9] OU\n|rated|\n|rule|Sleep Clause Mod: Limit one foe put to sleep\n|rule|Species Clause: Limit one of each Pok\u00e9mon\n|rule|OHKO Clause: OHKO moves are banned\n|rule|Evasion Items Clause: Evasion items are banned\n|rule|Evasion Moves Clause: Evasion moves are banned\n|rule|Endless Battle Clause: Forcing endless battles is banned\n|rule|HP Percentage Mod: HP is shown in percentages\n|clearpoke\n|poke|p1|Torkoal, M|\n|poke|p1|Walking Wake|\n|poke|p1|Great Tusk|\n|poke|p1|Cinderace, M|\n|poke|p1|Zamazenta-*|\n|poke|p1|Sandy Shocks|\n|poke|p2|Meowscarada, F|\n|poke|p2|Heatran, F|\n|poke|p2|Thundurus-Therian, M|\n|poke|p2|Dragapult, F|\n|poke|p2|Great Tusk|\n|poke|p2|Azumarill, F|\n|teampreview\n|\n|t:|1700512998\n|start\n|switch|p1a: Sandy Shocks|Sandy Shocks|100\/100\n|switch|p2a: YOSEMITE|Great Tusk|100\/100\n|turn|1\n|inactive|Battle timer is ON: inactive players will automatically lose when time's up. (requested by TheFIFA2.0)\n|\n|t:|1700513021\n|-terastallize|p1a: Sandy Shocks|Fairy\n|move|p1a: Sandy Shocks|Tera Blast|p2a: YOSEMITE|[anim] Tera Blast Fairy\n|-supereffective|p2a: YOSEMITE\n|-damage|p2a: YOSEMITE|0 fnt\n|faint|p2a: YOSEMITE\n|-end|p2a: YOSEMITE|Protosynthesis|[silent]\n|\n|upkeep\n|\n|t:|1700513037\n|switch|p2a: ASTROTHUNDER|Thundurus-Therian, M|100\/100\n|turn|2\n|\n|t:|1700513056\n|-end|p1a: Sandy Shocks|Protosynthesis|[silent]\n|switch|p1a: Zamazenta|Zamazenta|100\/100\n|-ability|p1a: Zamazenta|Dauntless Shield|boost\n|-boost|p1a: Zamazenta|def|1\n|-terastallize|p2a: ASTROTHUNDER|Flying\n|move|p2a: ASTROTHUNDER|Tera Blast|p1a: Zamazenta|[anim] Tera Blast Flying\n|-supereffective|p1a: Zamazenta\n|-damage|p1a: Zamazenta|0 fnt\n|faint|p1a: Zamazenta\n|\n|upkeep\n|inactive|TheFIFA2.0 has 120 seconds left.\n|\n|t:|1700513083\n|switch|p1a: Torkoal|Torkoal, M|100\/100\n|-weather|SunnyDay|[from] ability: Drought|[of] p1a: Torkoal\n|turn|3\n|\n|t:|1700513090\n|move|p2a: ASTROTHUNDER|Tera Blast|p1a: Torkoal|[anim] Tera Blast Flying\n|-damage|p1a: Torkoal|0 fnt\n|faint|p1a: Torkoal\n|\n|-weather|SunnyDay|[upkeep]\n|upkeep\n|\n|t:|1700513098\n|switch|p1a: Walking Wake|Walking Wake|100\/100\n|-activate|p1a: Walking Wake|ability: Protosynthesis\n|-start|p1a: Walking Wake|protosynthesisspe\n|turn|4\n|\n|t:|1700513106\n|switch|p2a: CAN'T SAY|Azumarill, F|100\/100\n|move|p1a: Walking Wake|Hydro Steam|p2a: CAN'T SAY\n|-resisted|p2a: CAN'T SAY\n|-damage|p2a: CAN'T SAY|80\/100\n|\n|-weather|SunnyDay|[upkeep]\n|upkeep\n|turn|5\n|\n|t:|1700513119\n|move|p2a: CAN'T SAY|Play Rough|p1a: Walking Wake|[miss]\n|-miss|p2a: CAN'T SAY|p1a: Walking Wake\n|move|p1a: Walking Wake|Roar|p2a: CAN'T SAY\n|drag|p2a: 5% TINT|Heatran, F|100\/100\n|-item|p2a: 5% TINT|Air Balloon\n|\n|-weather|SunnyDay|[upkeep]\n|upkeep\n|turn|6\n|\n|t:|1700513133\n|switch|p2a: CAN'T SAY|Azumarill, F|80\/100\n|move|p1a: Walking Wake|Hydro Steam|p2a: CAN'T SAY\n|-resisted|p2a: CAN'T SAY\n|-damage|p2a: CAN'T SAY|59\/100\n|\n|-weather|SunnyDay|[upkeep]\n|upkeep\n|turn|7\n|\n|t:|1700513145\n|-end|p1a: Walking Wake|Protosynthesis|[silent]\n|switch|p1a: Sandy Shocks|Sandy Shocks, tera:Fairy|100\/100\n|-activate|p1a: Sandy Shocks|ability: Protosynthesis\n|-start|p1a: Sandy Shocks|protosynthesisspa\n|move|p2a: CAN'T SAY|Play Rough|p1a: Sandy Shocks\n|-damage|p1a: Sandy Shocks|37\/100\n|-unboost|p1a: Sandy Shocks|atk|1\n|\n|-weather|SunnyDay|[upkeep]\n|upkeep\n|turn|8\n|\n|t:|1700513169\n|switch|p2a: 5% TINT|Heatran, F|100\/100\n|-item|p2a: 5% TINT|Air Balloon\n|move|p1a: Sandy Shocks|Tera Blast|p2a: 5% TINT|[anim] Tera Blast Fairy\n|-resisted|p2a: 5% TINT\n|-damage|p2a: 5% TINT|88\/100\n|-enditem|p2a: 5% TINT|Air Balloon\n|\n|-weather|SunnyDay|[upkeep]\n|upkeep\n|turn|9\n|\n|t:|1700513184\n|-end|p1a: Sandy Shocks|Protosynthesis|[silent]\n|switch|p1a: Cinderace|Cinderace, M|100\/100\n|move|p2a: 5% TINT|Earth Power|p1a: Cinderace\n|-supereffective|p1a: Cinderace\n|-damage|p1a: Cinderace|11\/100\n|\n|-weather|SunnyDay|[upkeep]\n|upkeep\n|turn|10\n|\n|t:|1700513193\n|switch|p2a: NO BYSTANDERS|Dragapult, F|100\/100\n|move|p1a: Cinderace|U-turn|p2a: NO BYSTANDERS\n|-start|p1a: Cinderace|typechange|Bug|[from] ability: Libero\n|-resisted|p2a: NO BYSTANDERS\n|-damage|p2a: NO BYSTANDERS|70\/100\n|\n|t:|1700513204\n|switch|p1a: Sandy Shocks|Sandy Shocks, tera:Fairy|37\/100|[from] U-turn\n|-activate|p1a: Sandy Shocks|ability: Protosynthesis\n|-start|p1a: Sandy Shocks|protosynthesisspa\n|\n|-weather|none\n|-end|p1a: Sandy Shocks|Protosynthesis\n|upkeep\n|turn|11\n|\n|t:|1700513216\n|move|p1a: Sandy Shocks|Tera Blast|p2a: NO BYSTANDERS|[anim] Tera Blast Fairy\n|-supereffective|p2a: NO BYSTANDERS\n|-damage|p2a: NO BYSTANDERS|0 fnt\n|faint|p2a: NO BYSTANDERS\n|\n|upkeep\n|\n|t:|1700513221\n|switch|p2a: CAN'T SAY|Azumarill, F|59\/100\n|turn|12\n|\n|t:|1700513226\n|move|p2a: CAN'T SAY|Aqua Jet|p1a: Sandy Shocks\n|-damage|p1a: Sandy Shocks|6\/100\n|move|p1a: Sandy Shocks|Tera Blast|p2a: CAN'T SAY|[anim] Tera Blast Fairy\n|-crit|p2a: CAN'T SAY\n|-damage|p2a: CAN'T SAY|18\/100\n|\n|upkeep\n|turn|13\n|\n|t:|1700513236\n|move|p2a: CAN'T SAY|Aqua Jet|p1a: Sandy Shocks\n|-damage|p1a: Sandy Shocks|0 fnt\n|faint|p1a: Sandy Shocks\n|-end|p1a: Sandy Shocks|Protosynthesis|[silent]\n|\n|upkeep\n|\n|t:|1700513244\n|switch|p1a: Walking Wake|Walking Wake|100\/100\n|turn|14\n|\n|t:|1700513252\n|move|p1a: Walking Wake|Hydro Steam|p2a: CAN'T SAY\n|-resisted|p2a: CAN'T SAY\n|-damage|p2a: CAN'T SAY|4\/100\n|move|p2a: CAN'T SAY|Play Rough|p1a: Walking Wake\n|-supereffective|p1a: Walking Wake\n|-damage|p1a: Walking Wake|0 fnt\n|faint|p1a: Walking Wake\n|-end|p1a: Walking Wake|Protosynthesis|[silent]\n|\n|upkeep\n|\n|t:|1700513264\n|switch|p1a: Cinderace|Cinderace, M|11\/100\n|turn|15\n|\n|t:|1700513269\n|move|p1a: Cinderace|Sucker Punch|p2a: CAN'T SAY\n|-start|p1a: Cinderace|typechange|Dark|[from] ability: Libero\n|-resisted|p2a: CAN'T SAY\n|-damage|p2a: CAN'T SAY|0 fnt\n|faint|p2a: CAN'T SAY\n|\n|upkeep\n|\n|t:|1700513272\n|switch|p2a: SICKO MODE|Meowscarada, F|100\/100\n|turn|16\n|\n|t:|1700513286\n|move|p2a: SICKO MODE|U-turn|p1a: Cinderace\n|-start|p2a: SICKO MODE|typechange|Bug|[from] ability: Protean\n|-supereffective|p1a: Cinderace\n|-damage|p1a: Cinderace|0 fnt\n|faint|p1a: Cinderace\n|\n|t:|1700513300\n|switch|p2a: ASTROTHUNDER|Thundurus-Therian, M, tera:Flying|100\/100|[from] U-turn\n|\n|upkeep\n|-message|TheFIFA2.0 forfeited.\n|l|\u2606TheFIFA2.0\n|inactive|TheFIFA2.0 disconnected and has a minute to reconnect!\n|player|p1|\n|\n|win|PLAYB0I R0BBIE B\n|raw|TheFIFA2.0's rating: 1350 &rarr; <strong>1325<\/strong><br \/>(-25 for losing)\n|raw|PLAYB0I R0BBIE B's rating: 1264 &rarr; <strong>1295<\/strong><br \/>(+31 for winning)\n","uploadtime":1700513317,"views":7,"p1id":"thefifa20","p2id":"playb0ir0bbieb","formatid":"gen9ou","rating":1295,"private":0,"password":""}