{"id":"gen9ou-1993278712","p1":"telarre","p2":"Charmalane","format":"[Gen 9] OU","log":"|j|\u2606telarre\n|j|\u2606Charmalane\n|t:|1700289105\n|gametype|singles\n|player|p1|telarre|schoolkidf-gen4|1576\n|player|p2|Charmalane|brawly|1534\n|teamsize|p1|6\n|teamsize|p2|6\n|gen|9\n|tier|[Gen 9] OU\n|rated|\n|rule|Sleep Clause Mod: Limit one foe put to sleep\n|rule|Species Clause: Limit one of each Pok\u00e9mon\n|rule|OHKO Clause: OHKO moves are banned\n|rule|Evasion Items Clause: Evasion items are banned\n|rule|Evasion Moves Clause: Evasion moves are banned\n|rule|Endless Battle Clause: Forcing endless battles is banned\n|rule|HP Percentage Mod: HP is shown in percentages\n|clearpoke\n|poke|p1|Rillaboom, M|\n|poke|p1|Iron Valiant|\n|poke|p1|Kingambit, F|\n|poke|p1|Skeledirge, M|\n|poke|p1|Toxapex, M|\n|poke|p1|Great Tusk|\n|poke|p2|Pelipper, M|\n|poke|p2|Barraskewda, M|\n|poke|p2|Zapdos|\n|poke|p2|Kingambit, M|\n|poke|p2|Iron Treads|\n|poke|p2|Slowking-Galar, M|\n|teampreview\n|\n|t:|1700289121\n|start\n|switch|p1a: Toxapex|Toxapex, M|100\/100\n|switch|p2a: Phoenix|Pelipper, M|100\/100\n|-weather|RainDance|[from] ability: Drizzle|[of] p2a: Phoenix\n|turn|1\n|\n|t:|1700289134\n|switch|p2a: Nautilus|Slowking-Galar, M|100\/100\n|move|p1a: Toxapex|Infestation|p2a: Nautilus\n|-crit|p2a: Nautilus\n|-damage|p2a: Nautilus|98\/100\n|-activate|p2a: Nautilus|move: Infestation|[of] p1a: Toxapex\n|\n|-weather|RainDance|[upkeep]\n|-damage|p2a: Nautilus|86\/100|[from] move: Infestation|[partiallytrapped]\n|upkeep\n|turn|2\n|\n|t:|1700289138\n|move|p1a: Toxapex|Surf|p2a: Nautilus\n|-damage|p2a: Nautilus|72\/100\n|move|p2a: Nautilus|Future Sight|p1a: Toxapex\n|-start|p2a: Nautilus|move: Future Sight\n|\n|-weather|RainDance|[upkeep]\n|-damage|p2a: Nautilus|60\/100|[from] move: Infestation|[partiallytrapped]\n|upkeep\n|turn|3\n|\n|t:|1700289149\n|switch|p1a: Kingambit|Kingambit, F|100\/100\n|move|p2a: Nautilus|Surf|p1a: Kingambit\n|-damage|p1a: Kingambit|59\/100\n|\n|-weather|RainDance|[upkeep]\n|-heal|p1a: Kingambit|65\/100|[from] item: Leftovers\n|-end|p2a: Nautilus|Infestation|[partiallytrapped]|[silent]\n|upkeep\n|turn|4\n|\n|t:|1700289162\n|switch|p2a: Androidon|Iron Treads|100\/100\n|move|p1a: Kingambit|Swords Dance|p1a: Kingambit\n|-boost|p1a: Kingambit|atk|2\n|\n|-weather|RainDance|[upkeep]\n|-end|p1a: Kingambit|move: Future Sight\n|-immune|p1a: Kingambit\n|-heal|p1a: Kingambit|71\/100|[from] item: Leftovers\n|upkeep\n|turn|5\n|\n|t:|1700289171\n|move|p2a: Androidon|Earthquake|p1a: Kingambit\n|-supereffective|p1a: Kingambit\n|-damage|p1a: Kingambit|13\/100\n|move|p1a: Kingambit|Low Kick|p2a: Androidon\n|-supereffective|p2a: Androidon\n|-damage|p2a: Androidon|0 fnt\n|faint|p2a: Androidon\n|-end|p2a: Androidon|Quark Drive|[silent]\n|\n|-weather|RainDance|[upkeep]\n|-heal|p1a: Kingambit|20\/100|[from] item: Leftovers\n|upkeep\n|\n|t:|1700289190\n|switch|p2a: Enguarde|Barraskewda, M|100\/100\n|turn|6\n|\n|t:|1700289196\n|-end|p1a: Kingambit|fallenundefined|[silent]\n|switch|p1a: Toxapex|Toxapex, M|100\/100\n|move|p2a: Enguarde|Aqua Jet|p1a: Toxapex\n|-resisted|p1a: Toxapex\n|-damage|p1a: Toxapex|86\/100\n|-damage|p2a: Enguarde|84\/100|[from] item: Rocky Helmet|[of] p1a: Toxapex\n|\n|-weather|RainDance|[upkeep]\n|upkeep\n|turn|7\n|\n|t:|1700289200\n|switch|p2a: Nautilus|Slowking-Galar, M|93\/100\n|move|p1a: Toxapex|Infestation|p2a: Nautilus\n|-damage|p2a: Nautilus|91\/100\n|-activate|p2a: Nautilus|move: Infestation|[of] p1a: Toxapex\n|\n|-weather|RainDance|[upkeep]\n|-damage|p2a: Nautilus|79\/100|[from] move: Infestation|[partiallytrapped]\n|upkeep\n|turn|8\n|\n|t:|1700289206\n|switch|p1a: Great Tusk|Great Tusk|100\/100\n|move|p2a: Nautilus|Future Sight|p1a: Great Tusk\n|-start|p2a: Nautilus|move: Future Sight\n|\n|-weather|none\n|-end|p2a: Nautilus|Infestation|[partiallytrapped]|[silent]\n|upkeep\n|turn|9\n|\n|t:|1700289213\n|switch|p2a: Phoenix|Pelipper, M|100\/100\n|-weather|RainDance|[from] ability: Drizzle|[of] p2a: Phoenix\n|move|p1a: Great Tusk|Knock Off|p2a: Phoenix\n|-damage|p2a: Phoenix|72\/100\n|-enditem|p2a: Phoenix|Damp Rock|[from] move: Knock Off|[of] p1a: Great Tusk\n|\n|-weather|RainDance|[upkeep]\n|upkeep\n|turn|10\n|\n|t:|1700289230\n|-end|p1a: Great Tusk|Protosynthesis|[silent]\n|switch|p1a: Kingambit|Kingambit, F|20\/100\n|move|p2a: Phoenix|Surf|p1a: Kingambit\n|-crit|p1a: Kingambit\n|-damage|p1a: Kingambit|0 fnt\n|faint|p1a: Kingambit\n|-end|p1a: Kingambit|fallenundefined|[silent]\n|\n|-weather|RainDance|[upkeep]\n|-hint|Future Sight did not hit because the target is fainted.\n|upkeep\n|\n|t:|1700289244\n|switch|p1a: Rillaboom|Rillaboom, M|100\/100\n|-fieldstart|move: Grassy Terrain|[from] ability: Grassy Surge|[of] p1a: Rillaboom\n|turn|11\n|\n|t:|1700289250\n|move|p1a: Rillaboom|Swords Dance|p1a: Rillaboom\n|-boost|p1a: Rillaboom|atk|2\n|move|p2a: Phoenix|Hurricane|p1a: Rillaboom\n|-supereffective|p1a: Rillaboom\n|-damage|p1a: Rillaboom|1\/100\n|\n|-weather|RainDance|[upkeep]\n|-heal|p1a: Rillaboom|8\/100|[from] Grassy Terrain\n|upkeep\n|turn|12\n|\n|t:|1700289271\n|move|p1a: Rillaboom|Knock Off|p2a: Phoenix\n|-crit|p2a: Phoenix\n|-damage|p2a: Phoenix|1\/100\n|-damage|p1a: Rillaboom|0 fnt|[from] item: Life Orb\n|faint|p1a: Rillaboom\n|move|p2a: Phoenix|U-turn|p1: Rillaboom|[notarget]\n|-fail|p2a: Phoenix\n|\n|-weather|RainDance|[upkeep]\n|upkeep\n|\n|t:|1700289276\n|switch|p1a: Great Tusk|Great Tusk|100\/100\n|turn|13\n|\n|t:|1700289286\n|switch|p2a: Chocobo|Zapdos|100\/100\n|move|p1a: Great Tusk|Rapid Spin|p2a: Chocobo\n|-damage|p2a: Chocobo|80\/100\n|-boost|p1a: Great Tusk|spe|1\n|\n|-weather|RainDance|[upkeep]\n|upkeep\n|turn|14\n|\n|t:|1700289292\n|-end|p1a: Great Tusk|Protosynthesis|[silent]\n|switch|p1a: Toxapex|Toxapex, M|100\/100\n|move|p2a: Chocobo|Hurricane|p1a: Toxapex\n|-damage|p1a: Toxapex|56\/100\n|\n|-weather|RainDance|[upkeep]\n|-heal|p1a: Toxapex|62\/100|[from] Grassy Terrain\n|upkeep\n|turn|15\n|\n|t:|1700289298\n|-terastallize|p1a: Toxapex|Fairy\n|move|p2a: Chocobo|Thunder|p1a: Toxapex\n|-damage|p1a: Toxapex|15\/100\n|move|p1a: Toxapex|Toxic|p2a: Chocobo\n|-status|p2a: Chocobo|tox\n|\n|-weather|RainDance|[upkeep]\n|-heal|p1a: Toxapex|21\/100|[from] Grassy Terrain\n|-damage|p2a: Chocobo|73\/100 tox|[from] psn\n|-fieldend|move: Grassy Terrain\n|upkeep\n|turn|16\n|\n|t:|1700289305\n|switch|p1a: Skeledirge|Skeledirge, M|100\/100\n|move|p2a: Chocobo|Hurricane|p1a: Skeledirge\n|-damage|p1a: Skeledirge|49\/100\n|-start|p1a: Skeledirge|confusion\n|\n|-weather|none\n|-damage|p2a: Chocobo|61\/100 tox|[from] psn\n|upkeep\n|turn|17\n|\n|t:|1700289309\n|switch|p2a: Phoenix|Pelipper, M|1\/100\n|-weather|RainDance|[from] ability: Drizzle|[of] p2a: Phoenix\n|-activate|p1a: Skeledirge|confusion\n|move|p1a: Skeledirge|Slack Off|p1a: Skeledirge\n|-heal|p1a: Skeledirge|99\/100\n|\n|-weather|RainDance|[upkeep]\n|upkeep\n|turn|18\n|\n|t:|1700289314\n|-activate|p1a: Skeledirge|confusion\n|-damage|p1a: Skeledirge|94\/100|[from] confusion\n|move|p2a: Phoenix|Roost|p2a: Phoenix\n|-heal|p2a: Phoenix|51\/100\n|-singleturn|p2a: Phoenix|move: Roost\n|\n|-weather|RainDance|[upkeep]\n|upkeep\n|turn|19\n|\n|t:|1700289339\n|-end|p1a: Skeledirge|confusion\n|move|p1a: Skeledirge|Shadow Ball|p2a: Phoenix\n|-damage|p2a: Phoenix|4\/100\n|-unboost|p2a: Phoenix|spd|1\n|move|p2a: Phoenix|Surf|p1a: Skeledirge\n|-supereffective|p1a: Skeledirge\n|-damage|p1a: Skeledirge|7\/100\n|\n|-weather|RainDance|[upkeep]\n|upkeep\n|turn|20\n|\n|t:|1700289357\n|switch|p2a: Nautilus|Slowking-Galar, M|100\/100\n|move|p1a: Skeledirge|Shadow Ball|p2a: Nautilus\n|-supereffective|p2a: Nautilus\n|-damage|p2a: Nautilus|70\/100\n|\n|-weather|RainDance|[upkeep]\n|upkeep\n|turn|21\n|\n|t:|1700289360\n|move|p1a: Skeledirge|Slack Off|p1a: Skeledirge\n|-heal|p1a: Skeledirge|57\/100\n|move|p2a: Nautilus|Surf|p1a: Skeledirge\n|-supereffective|p1a: Skeledirge\n|-damage|p1a: Skeledirge|0 fnt\n|faint|p1a: Skeledirge\n|\n|-weather|none\n|upkeep\n|\n|t:|1700289363\n|switch|p1a: Great Tusk|Great Tusk|100\/100\n|turn|22\n|\n|t:|1700289369\n|switch|p2a: Phoenix|Pelipper, M|4\/100\n|-weather|RainDance|[from] ability: Drizzle|[of] p2a: Phoenix\n|move|p1a: Great Tusk|Bulk Up|p1a: Great Tusk\n|-boost|p1a: Great Tusk|atk|1\n|-boost|p1a: Great Tusk|def|1\n|\n|-weather|RainDance|[upkeep]\n|upkeep\n|turn|23\n|\n|t:|1700289379\n|move|p1a: Great Tusk|Rapid Spin|p2a: Phoenix\n|-damage|p2a: Phoenix|0 fnt\n|-boost|p1a: Great Tusk|spe|1\n|faint|p2a: Phoenix\n|\n|-weather|RainDance|[upkeep]\n|upkeep\n|\n|t:|1700289387\n|switch|p2a: Chocobo|Zapdos|61\/100 tox\n|turn|24\n|\n|t:|1700289393\n|-end|p1a: Great Tusk|Protosynthesis|[silent]\n|switch|p1a: Toxapex|Toxapex, M, tera:Fairy|54\/100\n|move|p2a: Chocobo|Hurricane|p1a: Toxapex\n|-damage|p1a: Toxapex|7\/100\n|\n|-weather|RainDance|[upkeep]\n|-damage|p2a: Chocobo|55\/100 tox|[from] psn\n|upkeep\n|turn|25\n|\n|t:|1700289406\n|move|p2a: Chocobo|Roost|p2a: Chocobo\n|-heal|p2a: Chocobo|100\/100 tox\n|-singleturn|p2a: Chocobo|move: Roost\n|move|p1a: Toxapex|Surf|p2a: Chocobo\n|-damage|p2a: Chocobo|66\/100 tox\n|\n|-weather|RainDance|[upkeep]\n|-damage|p2a: Chocobo|53\/100 tox|[from] psn\n|upkeep\n|turn|26\n|\n|t:|1700289411\n|move|p2a: Chocobo|Hurricane|p1a: Toxapex\n|-crit|p1a: Toxapex\n|-damage|p1a: Toxapex|0 fnt\n|faint|p1a: Toxapex\n|\n|-weather|none\n|-damage|p2a: Chocobo|35\/100 tox|[from] psn\n|upkeep\n|\n|t:|1700289414\n|switch|p1a: Iron Valiant|Iron Valiant|100\/100\n|-enditem|p1a: Iron Valiant|Booster Energy\n|-activate|p1a: Iron Valiant|ability: Quark Drive|[fromitem]\n|-start|p1a: Iron Valiant|quarkdrivespe\n|turn|27\n|\n|t:|1700289426\n|switch|p2a: Nautilus|Slowking-Galar, M|100\/100\n|move|p1a: Iron Valiant|Moonblast|p2a: Nautilus\n|-resisted|p2a: Nautilus\n|-damage|p2a: Nautilus|90\/100\n|\n|upkeep\n|turn|28\n|\n|t:|1700289435\n|move|p1a: Iron Valiant|Calm Mind|p1a: Iron Valiant\n|-boost|p1a: Iron Valiant|spa|1\n|-boost|p1a: Iron Valiant|spd|1\n|move|p2a: Nautilus|Sludge Bomb|p1a: Iron Valiant\n|-supereffective|p1a: Iron Valiant\n|-damage|p1a: Iron Valiant|8\/100\n|-status|p1a: Iron Valiant|psn\n|\n|-damage|p1a: Iron Valiant|0 fnt|[from] psn\n|faint|p1a: Iron Valiant\n|-end|p1a: Iron Valiant|Quark Drive|[silent]\n|upkeep\n|\n|t:|1700289441\n|switch|p1a: Great Tusk|Great Tusk|100\/100\n|turn|29\n|-message|telarre forfeited.\n|\n|win|Charmalane\n|raw|telarre's rating: 1576 &rarr; <strong>1554<\/strong><br \/>(-22 for losing)\n|raw|Charmalane's rating: 1534 &rarr; <strong>1556<\/strong><br \/>(+22 for winning)\n|l|\u2606telarre\n","uploadtime":1700289457,"views":10,"p1id":"telarre","p2id":"charmalane","formatid":"gen9ou","rating":1554,"private":0,"password":""}