{"id":"gen9ou-1994175565","p1":"Cachxlot","p2":"Master MatMart","format":"[Gen 9] OU","log":"|j|\u2606Cachxlot\n|j|\u2606Master MatMart\n|t:|1700415522\n|gametype|singles\n|player|p1|Cachxlot|mars|1119\n|player|p2|Master MatMart|byron|1192\n|teamsize|p1|6\n|teamsize|p2|6\n|gen|9\n|tier|[Gen 9] OU\n|rated|\n|rule|Sleep Clause Mod: Limit one foe put to sleep\n|rule|Species Clause: Limit one of each Pok\u00e9mon\n|rule|OHKO Clause: OHKO moves are banned\n|rule|Evasion Items Clause: Evasion items are banned\n|rule|Evasion Moves Clause: Evasion moves are banned\n|rule|Endless Battle Clause: Forcing endless battles is banned\n|rule|HP Percentage Mod: HP is shown in percentages\n|clearpoke\n|poke|p1|Dragapult, M|\n|poke|p1|Munkidori, M|\n|poke|p1|Great Tusk|\n|poke|p1|Gholdengo|\n|poke|p1|Samurott-Hisui, F|\n|poke|p1|Zapdos|\n|poke|p2|Masquerain, M|\n|poke|p2|Dragapult, M|\n|poke|p2|Breloom, M|\n|poke|p2|Gholdengo|\n|poke|p2|Kingambit, M|\n|poke|p2|Azumarill, M|\n|teampreview\n|inactive|Battle timer is ON: inactive players will automatically lose when time's up. (requested by Master MatMart)\n|\n|t:|1700415554\n|start\n|switch|p1a: Dragapult|Dragapult, M, shiny|100\/100\n|switch|p2a: Sticky Fingers|Masquerain, M|100\/100\n|-ability|p2a: Sticky Fingers|Intimidate|boost\n|-unboost|p1a: Dragapult|atk|1\n|turn|1\n|\n|t:|1700415562\n|move|p1a: Dragapult|U-turn|p2a: Sticky Fingers\n|-resisted|p2a: Sticky Fingers\n|-damage|p2a: Sticky Fingers|81\/100\n|\n|t:|1700415566\n|switch|p1a: Gholdengo|Gholdengo, shiny|100\/100|[from] U-turn\n|move|p2a: Sticky Fingers|Sticky Web|p1a: Gholdengo\n|-sidestart|p1: Cachxlot|move: Sticky Web\n|\n|upkeep\n|turn|2\n|\n|t:|1700415572\n|move|p2a: Sticky Fingers|U-turn|p1a: Gholdengo\n|-resisted|p1a: Gholdengo\n|-crit|p1a: Gholdengo\n|-damage|p1a: Gholdengo|96\/100\n|\n|t:|1700415589\n|switch|p2a: Conqueror's Haki|Kingambit, M|100\/100|[from] U-turn\n|move|p1a: Gholdengo|Nasty Plot|p1a: Gholdengo\n|-boost|p1a: Gholdengo|spa|2\n|\n|upkeep\n|turn|3\n|\n|t:|1700415600\n|switch|p1a: Great Tusk|Great Tusk, shiny|100\/100\n|-activate|p1a: Great Tusk|move: Sticky Web\n|-unboost|p1a: Great Tusk|spe|1\n|move|p2a: Conqueror's Haki|Swords Dance|p2a: Conqueror's Haki\n|-boost|p2a: Conqueror's Haki|atk|2\n|\n|upkeep\n|turn|4\n|c|\u2606Master MatMart|!weak great tusk\n|c| Master MatMart|\/raw <div class=\"infobox\">Great Tusk (ignoring abilities):<br \/><span class=\"message-effect-weak\">Weaknesses<\/span>: Fairy, Flying, Grass, Ice, Psychic, Water<br \/><span class=\"message-effect-resist\">Resistances<\/span>: Bug, Dark, Poison, <b>Rock<\/b><br \/><span class=\"message-effect-immune\">Immunities<\/span>: Electric, Sandstorm damage<\/div>\n|\n|t:|1700415621\n|-terastallize|p2a: Conqueror's Haki|Dark\n|move|p2a: Conqueror's Haki|Iron Head|p1a: Great Tusk\n|-damage|p1a: Great Tusk|51\/100\n|move|p1a: Great Tusk|Earthquake|p2a: Conqueror's Haki\n|-damage|p2a: Conqueror's Haki|66\/100\n|\n|-heal|p1a: Great Tusk|57\/100|[from] item: Leftovers\n|upkeep\n|turn|5\n|\n|t:|1700415638\n|-end|p1a: Great Tusk|Protosynthesis|[silent]\n|switch|p1a: Zapdos|Zapdos, shiny|100\/100\n|move|p2a: Conqueror's Haki|Swords Dance|p2a: Conqueror's Haki\n|-boost|p2a: Conqueror's Haki|atk|2\n|\n|upkeep\n|turn|6\n|\n|t:|1700415645\n|move|p1a: Zapdos|Hurricane|p2a: Conqueror's Haki\n|-damage|p2a: Conqueror's Haki|12\/100\n|-start|p2a: Conqueror's Haki|confusion\n|-activate|p2a: Conqueror's Haki|confusion\n|move|p2a: Conqueror's Haki|Kowtow Cleave|p1a: Zapdos\n|-damage|p1a: Zapdos|0 fnt\n|faint|p1a: Zapdos\n|\n|upkeep\n|\n|t:|1700415654\n|switch|p1a: Samurott|Samurott-Hisui, F, shiny|100\/100\n|-activate|p1a: Samurott|move: Sticky Web\n|-unboost|p1a: Samurott|spe|1\n|turn|7\n|\n|t:|1700415658\n|-activate|p2a: Conqueror's Haki|confusion\n|-damage|p2a: Conqueror's Haki|0 fnt|[from] confusion\n|faint|p2a: Conqueror's Haki\n|-end|p2a: Conqueror's Haki|fallenundefined|[silent]\n|move|p1a: Samurott|Aqua Jet|p2: Conqueror's Haki|[notarget]\n|-fail|p1a: Samurott\n|\n|upkeep\n|\n|t:|1700415667\n|switch|p2a: PVZ|Breloom, M|100\/100\n|turn|8\n|\n|t:|1700415676\n|move|p2a: PVZ|Spore|p1a: Samurott\n|-status|p1a: Samurott|slp|[from] move: Spore\n|cant|p1a: Samurott|slp\n|\n|upkeep\n|turn|9\n|\n|t:|1700415683\n|switch|p1a: Munkidori|Munkidori, M|100\/100\n|move|p2a: PVZ|Bulldoze|p1a: Munkidori\n|-supereffective|p1a: Munkidori\n|-damage|p1a: Munkidori|0 fnt\n|faint|p1a: Munkidori\n|\n|upkeep\n|c|\u2606Cachxlot|you are an african monkey\n|c|\u2606Cachxlot|black man\n|-message|Cachxlot forfeited.\n|\n|win|Master MatMart\n|raw|Cachxlot's rating: 1119 &rarr; <strong>1099<\/strong><br \/>(-20 for losing)\n|raw|Master MatMart's rating: 1192 &rarr; <strong>1212<\/strong><br \/>(+20 for winning)\n","uploadtime":1700415695,"views":6,"p1id":"cachxlot","p2id":"mastermatmart","formatid":"gen9ou","rating":1099,"private":0,"password":""}