{"id":"gen9ou-1995686110","p1":"Shaheen85800","p2":"manoxitte","format":"[Gen 9] OU","log":"|j|\u2606Shaheen85800\n|j|\u2606manoxitte\n|inactive|Battle timer is ON: inactive players will automatically lose when time's up.\n|t:|1700593885\n|gametype|singles\n|player|p1|Shaheen85800|workerice|\n|player|p2|manoxitte|roxie|\n|teamsize|p1|6\n|teamsize|p2|6\n|gen|9\n|tier|[Gen 9] OU\n|rated|Tournament battle\n|rule|Sleep Clause Mod: Limit one foe put to sleep\n|rule|Species Clause: Limit one of each Pok\u00e9mon\n|rule|OHKO Clause: OHKO moves are banned\n|rule|Evasion Items Clause: Evasion items are banned\n|rule|Evasion Moves Clause: Evasion moves are banned\n|rule|Endless Battle Clause: Forcing endless battles is banned\n|rule|HP Percentage Mod: HP is shown in percentages\n|clearpoke\n|poke|p1|Mimikyu, M|\n|poke|p1|Falinks|\n|poke|p1|Samurott-Hisui, M|\n|poke|p1|Zoroark-Hisui, M|\n|poke|p1|Lokix, M|\n|poke|p1|Dipplin, M|\n|poke|p2|Enamorus, F|\n|poke|p2|Iron Treads|\n|poke|p2|Slowking-Galar, M|\n|poke|p2|Zapdos|\n|poke|p2|Dragapult, F|\n|poke|p2|Kingambit, M|\n|teampreview\n|inactive|Shaheen85800 also wants the timer to be on.\n|inactive|manoxitte also wants the timer to be on.\n|j| ilovenosgov\n|c|\u2606Shaheen85800|glhf\n|c|\u2606manoxitte|Glhf\n|inactive|manoxitte has 120 seconds left.\n|\n|t:|1700593929\n|start\n|switch|p1a: Familinks|Falinks, shiny|100\/100\n|switch|p2a: Zapdos|Zapdos|100\/100\n|turn|1\n|\n|t:|1700593939\n|-terastallize|p1a: Familinks|Steel\n|move|p1a: Familinks|No Retreat|p1a: Familinks\n|-boost|p1a: Familinks|atk|1\n|-boost|p1a: Familinks|def|1\n|-boost|p1a: Familinks|spa|1\n|-boost|p1a: Familinks|spd|1\n|-boost|p1a: Familinks|spe|1\n|-start|p1a: Familinks|move: No Retreat\n|move|p2a: Zapdos|Hurricane|p1a: Familinks|[miss]\n|-miss|p2a: Zapdos|p1a: Familinks\n|\n|upkeep\n|turn|2\n|j| Frankl1faitseslace\n|\n|t:|1700593949\n|move|p1a: Familinks|Rock Slide|p2a: Zapdos\n|-supereffective|p2a: Zapdos\n|-damage|p2a: Zapdos|31\/100\n|move|p2a: Zapdos|Discharge|p1a: Familinks\n|-damage|p1a: Familinks|54\/100\n|\n|-heal|p1a: Familinks|60\/100|[from] item: Leftovers\n|upkeep\n|turn|3\n|\n|t:|1700593975\n|-terastallize|p2a: Zapdos|Steel\n|move|p1a: Familinks|Rock Slide|p2a: Zapdos\n|-resisted|p2a: Zapdos\n|-damage|p2a: Zapdos|15\/100\n|move|p2a: Zapdos|Roost|p2a: Zapdos\n|-heal|p2a: Zapdos|65\/100\n|\n|-heal|p1a: Familinks|66\/100|[from] item: Leftovers\n|upkeep\n|turn|4\n|j| tf\n|inactive|manoxitte has 120 seconds left.\n|\n|t:|1700593990\n|switch|p2a: Slowking|Slowking-Galar, M|100\/100\n|move|p1a: Familinks|Close Combat|p2a: Slowking\n|-resisted|p2a: Slowking\n|-damage|p2a: Slowking|80\/100\n|-unboost|p1a: Familinks|def|1\n|-unboost|p1a: Familinks|spd|1\n|\n|-heal|p1a: Familinks|72\/100|[from] item: Leftovers\n|-heal|p2a: Slowking|86\/100|[from] item: Black Sludge\n|upkeep\n|turn|5\n|inactive|manoxitte has 120 seconds left.\n|\n|t:|1700594008\n|switch|p2a: Zapdos|Zapdos, tera:Steel|65\/100\n|move|p1a: Familinks|Megahorn|p2a: Zapdos\n|-resisted|p2a: Zapdos\n|-damage|p2a: Zapdos|40\/100\n|\n|-heal|p1a: Familinks|78\/100|[from] item: Leftovers\n|upkeep\n|turn|6\n|inactive|manoxitte has 120 seconds left.\n|\n|t:|1700594017\n|switch|p2a: Slowking|Slowking-Galar, M|100\/100\n|move|p1a: Familinks|Megahorn|p2a: Slowking\n|-damage|p2a: Slowking|48\/100\n|\n|-heal|p1a: Familinks|84\/100|[from] item: Leftovers\n|-heal|p2a: Slowking|54\/100|[from] item: Black Sludge\n|upkeep\n|turn|7\n|inactive|manoxitte has 120 seconds left.\n|\n|t:|1700594030\n|switch|p2a: Zapdos|Zapdos, tera:Steel|40\/100\n|move|p1a: Familinks|Rock Slide|p2a: Zapdos\n|-resisted|p2a: Zapdos\n|-damage|p2a: Zapdos|22\/100\n|\n|-heal|p1a: Familinks|89\/100|[from] item: Leftovers\n|upkeep\n|turn|8\n|\n|t:|1700594040\n|move|p1a: Familinks|Megahorn|p2a: Zapdos\n|-resisted|p2a: Zapdos\n|-damage|p2a: Zapdos|0 fnt\n|-status|p1a: Familinks|par|[from] ability: Static|[of] p2a: Zapdos\n|faint|p2a: Zapdos\n|\n|-heal|p1a: Familinks|95\/100 par|[from] item: Leftovers\n|upkeep\n|inactive|manoxitte has 120 seconds left.\n|\n|t:|1700594061\n|switch|p2a: Enamorus|Enamorus, F|100\/100\n|turn|9\n|\n|t:|1700594065\n|move|p2a: Enamorus|Superpower|p1a: Familinks\n|-supereffective|p1a: Familinks\n|-damage|p1a: Familinks|2\/100 par\n|-boost|p2a: Enamorus|atk|1\n|-boost|p2a: Enamorus|def|1\n|move|p1a: Familinks|Rock Slide|p2a: Enamorus\n|-supereffective|p2a: Enamorus\n|-damage|p2a: Enamorus|26\/100\n|\n|-heal|p1a: Familinks|8\/100 par|[from] item: Leftovers\n|upkeep\n|turn|10\n|inactive|manoxitte has 120 seconds left.\n|\n|t:|1700594080\n|move|p2a: Enamorus|Superpower|p1a: Familinks\n|-supereffective|p1a: Familinks\n|-damage|p1a: Familinks|0 fnt\n|-boost|p2a: Enamorus|atk|1\n|-boost|p2a: Enamorus|def|1\n|faint|p1a: Familinks\n|\n|upkeep\n|\n|t:|1700594103\n|switch|p1a: Iron Bug|Lokix, M, shiny|100\/100\n|turn|11\n|\n|t:|1700594116\n|move|p2a: Enamorus|Play Rough|p1a: Iron Bug\n|-damage|p1a: Iron Bug|0 fnt\n|replace|p1a: Surprise|Zoroark-Hisui, M, shiny\n|-end|p1a: Surprise|Illusion\n|faint|p1a: Surprise\n|\n|upkeep\n|\n|t:|1700594125\n|switch|p1a: Mimikyu|Mimikyu, M|100\/100\n|turn|12\n|\n|t:|1700594132\n|move|p2a: Enamorus|Play Rough|p1a: Mimikyu\n|-activate|p1a: Mimikyu|ability: Disguise\n|-damage|p1a: Mimikyu|100\/100\n|detailschange|p1a: Mimikyu|Mimikyu-Busted, M\n|-damage|p1a: Mimikyu|88\/100|[from] pokemon: Mimikyu-Busted\n|move|p1a: Mimikyu|Shadow Claw|p2a: Enamorus\n|-crit|p2a: Enamorus\n|-damage|p2a: Enamorus|0 fnt\n|faint|p2a: Enamorus\n|\n|-heal|p1a: Mimikyu|94\/100|[from] item: Leftovers\n|upkeep\n|\n|t:|1700594147\n|switch|p2a: Slowking|Slowking-Galar, M|87\/100\n|turn|13\n|\n|t:|1700594163\n|switch|p1a: Yoshi|Samurott-Hisui, M, shiny|100\/100\n|move|p2a: Slowking|Sludge Bomb|p1a: Yoshi\n|-damage|p1a: Yoshi|53\/100\n|\n|-heal|p1a: Yoshi|59\/100|[from] item: Leftovers\n|-heal|p2a: Slowking|93\/100|[from] item: Black Sludge\n|upkeep\n|turn|14\n|inactive|manoxitte has 120 seconds left.\n|\n|t:|1700594190\n|switch|p2a: Iron Treads|Iron Treads|100\/100\n|-enditem|p2a: Iron Treads|Booster Energy\n|-activate|p2a: Iron Treads|ability: Quark Drive|[fromitem]\n|-start|p2a: Iron Treads|quarkdrivespe\n|move|p1a: Yoshi|Ceaseless Edge|p2a: Iron Treads\n|-damage|p2a: Iron Treads|61\/100\n|-sidestart|p2: manoxitte|Spikes\n|\n|-heal|p1a: Yoshi|65\/100|[from] item: Leftovers\n|upkeep\n|turn|15\n|inactive|manoxitte has 120 seconds left.\n|\n|t:|1700594215\n|move|p2a: Iron Treads|Stealth Rock|p1a: Yoshi\n|-sidestart|p1: Shaheen85800|move: Stealth Rock\n|move|p1a: Yoshi|Aqua Cutter|p2a: Iron Treads\n|-supereffective|p2a: Iron Treads\n|-damage|p2a: Iron Treads|0 fnt\n|faint|p2a: Iron Treads\n|-end|p2a: Iron Treads|Quark Drive|[silent]\n|\n|-heal|p1a: Yoshi|72\/100|[from] item: Leftovers\n|upkeep\n|\n|t:|1700594228\n|switch|p2a: Dragapult|Dragapult, F|100\/100\n|-damage|p2a: Dragapult|88\/100|[from] Spikes\n|turn|16\n|\n|t:|1700594239\n|move|p2a: Dragapult|Draco Meteor|p1a: Yoshi\n|-damage|p1a: Yoshi|0 fnt\n|-unboost|p2a: Dragapult|spa|2\n|faint|p1a: Yoshi\n|-damage|p2a: Dragapult|78\/100|[from] item: Life Orb\n|\n|upkeep\n|\n|t:|1700594249\n|switch|p1a: Mimikyu|Mimikyu-Busted, M|94\/100\n|-damage|p1a: Mimikyu|82\/100|[from] Stealth Rock\n|turn|17\n|\n|t:|1700594257\n|move|p2a: Dragapult|U-turn|p1a: Mimikyu\n|-resisted|p1a: Mimikyu\n|-damage|p1a: Mimikyu|73\/100\n|-damage|p2a: Dragapult|69\/100|[from] item: Life Orb\n|\n|t:|1700594262\n|switch|p2a: Kingambit|Kingambit, M|100\/100|[from] U-turn\n|-damage|p2a: Kingambit|88\/100|[from] Spikes\n|-activate|p2a: Kingambit|ability: Supreme Overlord\n|-start|p2a: Kingambit|fallen3|[silent]\n|move|p1a: Mimikyu|Play Rough|p2a: Kingambit\n|-damage|p2a: Kingambit|64\/100\n|\n|-heal|p1a: Mimikyu|79\/100|[from] item: Leftovers\n|-heal|p2a: Kingambit|70\/100|[from] item: Leftovers\n|upkeep\n|turn|18\n|\n|t:|1700594277\n|move|p1a: Mimikyu|Swords Dance|p1a: Mimikyu\n|-boost|p1a: Mimikyu|atk|2\n|move|p2a: Kingambit|Iron Head|p1a: Mimikyu\n|-supereffective|p1a: Mimikyu\n|-damage|p1a: Mimikyu|0 fnt\n|faint|p1a: Mimikyu\n|\n|-heal|p2a: Kingambit|76\/100|[from] item: Leftovers\n|upkeep\n|\n|t:|1700594281\n|switch|p1a: Iron Bug|Lokix, M, shiny|100\/100\n|-damage|p1a: Iron Bug|76\/100|[from] Stealth Rock\n|turn|19\n|inactive|manoxitte has 120 seconds left.\n|c|\u2606Shaheen85800|gg tz gagn\u00e9\n|\n|t:|1700594297\n|switch|p1a: Dracolombia|Dipplin, M, shiny|100\/100\n|-damage|p1a: Dracolombia|88\/100|[from] Stealth Rock\n|-end|p2a: Kingambit|fallen3|[silent]\n|switch|p2a: Slowking|Slowking-Galar, M|100\/100\n|-damage|p2a: Slowking|88\/100|[from] Spikes\n|\n|-heal|p2a: Slowking|94\/100|[from] item: Black Sludge\n|upkeep\n|turn|20\n|\n|t:|1700594310\n|move|p1a: Dracolombia|Tera Blast|p2a: Slowking\n|-damage|p2a: Slowking|80\/100\n|move|p2a: Slowking|Sludge Bomb|p1a: Dracolombia\n|-supereffective|p1a: Dracolombia\n|-damage|p1a: Dracolombia|44\/100\n|\n|-heal|p2a: Slowking|86\/100|[from] item: Black Sludge\n|upkeep\n|turn|21\n|\n|t:|1700594319\n|move|p1a: Dracolombia|Draco Meteor|p2a: Slowking\n|-damage|p2a: Slowking|53\/100\n|-unboost|p1a: Dracolombia|spa|2\n|move|p2a: Slowking|Sludge Bomb|p1a: Dracolombia\n|-supereffective|p1a: Dracolombia\n|-damage|p1a: Dracolombia|0 fnt\n|faint|p1a: Dracolombia\n|\n|-heal|p2a: Slowking|59\/100|[from] item: Black Sludge\n|upkeep\n|\n|t:|1700594322\n|switch|p1a: Iron Bug|Lokix, M, shiny|76\/100\n|-damage|p1a: Iron Bug|51\/100|[from] Stealth Rock\n|turn|22\n|inactive|manoxitte has 120 seconds left.\n|\n|t:|1700594341\n|move|p1a: Iron Bug|Throat Chop|p2a: Slowking\n|-supereffective|p2a: Slowking\n|-damage|p2a: Slowking|0 fnt\n|faint|p2a: Slowking\n|\n|-heal|p1a: Iron Bug|57\/100|[from] item: Leftovers\n|upkeep\n|\n|t:|1700594355\n|switch|p2a: Dragapult|Dragapult, F|69\/100\n|-damage|p2a: Dragapult|56\/100|[from] Spikes\n|turn|23\n|\n|t:|1700594365\n|move|p1a: Iron Bug|Sucker Punch|p2a: Dragapult\n|-supereffective|p2a: Dragapult\n|-damage|p2a: Dragapult|0 fnt\n|faint|p2a: Dragapult\n|\n|-heal|p1a: Iron Bug|63\/100|[from] item: Leftovers\n|upkeep\n|c|\u2606manoxitte|Gg\n|\n|t:|1700594375\n|switch|p2a: Kingambit|Kingambit, M|76\/100\n|-damage|p2a: Kingambit|64\/100|[from] Spikes\n|-activate|p2a: Kingambit|ability: Supreme Overlord\n|-start|p2a: Kingambit|fallen5|[silent]\n|turn|24\n|c|\u2606Shaheen85800|gg\n|inactive|manoxitte has 120 seconds left.\n|\n|t:|1700594384\n|move|p2a: Kingambit|Sucker Punch|p1a: Iron Bug\n|-resisted|p1a: Iron Bug\n|-damage|p1a: Iron Bug|24\/100\n|move|p1a: Iron Bug|X-Scissor|p2a: Kingambit\n|-damage|p2a: Kingambit|36\/100\n|\n|-heal|p1a: Iron Bug|30\/100|[from] item: Leftovers\n|-heal|p2a: Kingambit|43\/100|[from] item: Leftovers\n|upkeep\n|turn|25\n|inactive|manoxitte has 120 seconds left.\n|\n|t:|1700594396\n|move|p1a: Iron Bug|Swords Dance|p1a: Iron Bug\n|-boost|p1a: Iron Bug|atk|2\n|move|p2a: Kingambit|Iron Head|p1a: Iron Bug\n|-damage|p1a: Iron Bug|0 fnt\n|faint|p1a: Iron Bug\n|\n|win|manoxitte\n|n|\u2606Shaheen85800|shaheen85800\n|n|\u2606manoxitte|manoxitte\n|n| ilovenosgov|ilovenosgov\n|n| Frankl1faitseslace|frankl1faitseslace\n|n| tf|tf\n","uploadtime":1700594397,"views":1,"p1id":"shaheen85800","p2id":"manoxitte","formatid":"gen9ou","rating":0,"private":0,"password":""}