{"id":"gen9ou-1992375431","p1":"Lasagana Crustle","p2":"yakuza mars","format":"[Gen 9] OU","log":"|j|\u2606Lasagana Crustle\n|j|\u2606yakuza mars\n|t:|1700180323\n|gametype|singles\n|player|p1|Lasagana Crustle|saguaro|1000\n|player|p2|yakuza mars|265|1000\n|teamsize|p1|6\n|teamsize|p2|6\n|gen|9\n|tier|[Gen 9] OU\n|rated|\n|rule|Sleep Clause Mod: Limit one foe put to sleep\n|rule|Species Clause: Limit one of each Pok\u00e9mon\n|rule|OHKO Clause: OHKO moves are banned\n|rule|Evasion Items Clause: Evasion items are banned\n|rule|Evasion Moves Clause: Evasion moves are banned\n|rule|Endless Battle Clause: Forcing endless battles is banned\n|rule|HP Percentage Mod: HP is shown in percentages\n|clearpoke\n|poke|p1|Dondozo, F|\n|poke|p1|Blissey, F|\n|poke|p1|Ting-Lu|\n|poke|p1|Clefable, F|\n|poke|p1|Corviknight, M|\n|poke|p1|Toxapex, M|\n|poke|p2|Zapdos|\n|poke|p2|Gholdengo|\n|poke|p2|Iron Valiant|\n|poke|p2|Landorus-Therian, M|\n|poke|p2|Cinderace, M|\n|poke|p2|Dragapult, M|\n|teampreview\n|inactive|Battle timer is ON: inactive players will automatically lose when time's up. (requested by yakuza mars)\n|\n|t:|1700180331\n|start\n|switch|p1a: Ting-Lu|Ting-Lu|100\/100\n|switch|p2a: simba|Landorus-Therian, M, shiny|100\/100\n|-ability|p2a: simba|Intimidate|boost\n|-unboost|p1a: Ting-Lu|atk|1\n|-ability|p1a: Ting-Lu|Vessel of Ruin\n|turn|1\n|\n|t:|1700180340\n|move|p2a: simba|Taunt|p1a: Ting-Lu\n|-start|p1a: Ting-Lu|move: Taunt\n|move|p1a: Ting-Lu|Throat Chop|p2a: simba\n|-crit|p2a: simba\n|-damage|p2a: simba|42\/100\n|-start|p2a: simba|Throat Chop|[silent]\n|-damage|p1a: Ting-Lu|84\/100|[from] item: Rocky Helmet|[of] p2a: simba\n|\n|upkeep\n|turn|2\n|\n|t:|1700180348\n|switch|p1a: Corviknight|Corviknight, M|100\/100\n|move|p2a: simba|Stealth Rock|p1a: Corviknight\n|-sidestart|p1: Lasagana Crustle|move: Stealth Rock\n|\n|-end|p2a: simba|Throat Chop|[silent]\n|upkeep\n|turn|3\n|\n|t:|1700180360\n|switch|p1a: Dondozo|Dondozo, F|100\/100\n|-damage|p1a: Dondozo|88\/100|[from] Stealth Rock\n|move|p2a: simba|Taunt|p1a: Dondozo\n|-start|p1a: Dondozo|move: Taunt\n|\n|upkeep\n|turn|4\n|\n|t:|1700180369\n|move|p2a: simba|U-turn|p1a: Dondozo\n|-damage|p1a: Dondozo|75\/100\n|\n|t:|1700180373\n|switch|p2a: biggest bird|Zapdos, shiny|100\/100|[from] U-turn\n|move|p1a: Dondozo|Wave Crash|p2a: biggest bird\n|-damage|p2a: biggest bird|26\/100\n|-status|p1a: Dondozo|par|[from] ability: Static|[of] p2a: biggest bird\n|-damage|p1a: Dondozo|56\/100 par|[from] Recoil\n|\n|upkeep\n|turn|5\n|\n|t:|1700180381\n|switch|p1a: Ting-Lu|Ting-Lu|84\/100\n|-damage|p1a: Ting-Lu|78\/100|[from] Stealth Rock\n|-ability|p1a: Ting-Lu|Vessel of Ruin\n|move|p2a: biggest bird|Volt Switch|p1a: Ting-Lu\n|-immune|p1a: Ting-Lu\n|\n|upkeep\n|turn|6\n|\n|t:|1700180395\n|move|p2a: biggest bird|Roost|p2a: biggest bird\n|-heal|p2a: biggest bird|76\/100\n|-singleturn|p2a: biggest bird|move: Roost\n|move|p1a: Ting-Lu|Throat Chop|p2a: biggest bird\n|-damage|p2a: biggest bird|16\/100\n|-start|p2a: biggest bird|Throat Chop|[silent]\n|\n|upkeep\n|turn|7\n|\n|t:|1700180408\n|switch|p2a: god|Iron Valiant|100\/100\n|-enditem|p2a: god|Booster Energy\n|-activate|p2a: god|ability: Quark Drive|[fromitem]\n|-start|p2a: god|quarkdrivespe\n|move|p1a: Ting-Lu|Throat Chop|p2a: god\n|-resisted|p2a: god\n|-damage|p2a: god|83\/100\n|-start|p2a: god|Throat Chop|[silent]\n|\n|upkeep\n|turn|8\n|\n|t:|1700180412\n|switch|p1a: Toxapex|Toxapex, M|100\/100\n|-damage|p1a: Toxapex|88\/100|[from] Stealth Rock\n|move|p2a: god|Encore||[still]\n|-fail|p2a: god\n|\n|-end|p2a: god|Throat Chop|[silent]\n|upkeep\n|turn|9\n|\n|t:|1700180418\n|move|p2a: god|Knock Off|p1a: Toxapex\n|-damage|p1a: Toxapex|62\/100\n|-enditem|p1a: Toxapex|Choice Band|[from] move: Knock Off|[of] p2a: god\n|move|p1a: Toxapex|Liquidation|p2a: god\n|-damage|p2a: god|41\/100\n|-unboost|p2a: god|def|1\n|\n|upkeep\n|turn|10\n|\n|t:|1700180431\n|-end|p2a: god|Quark Drive|[silent]\n|switch|p2a: biggest bird|Zapdos, shiny|16\/100\n|move|p1a: Toxapex|Liquidation|p2a: biggest bird\n|-damage|p2a: biggest bird|0 fnt\n|faint|p2a: biggest bird\n|\n|upkeep\n|\n|t:|1700180437\n|switch|p2a: mozzy man|Gholdengo|100\/100\n|turn|11\n|\n|t:|1700180441\n|switch|p1a: Blissey|Blissey, F|100\/100\n|-damage|p1a: Blissey|88\/100|[from] Stealth Rock\n|move|p2a: mozzy man|Nasty Plot|p2a: mozzy man\n|-boost|p2a: mozzy man|spa|2\n|\n|upkeep\n|turn|12\n|\n|t:|1700180454\n|move|p2a: mozzy man|Nasty Plot|p2a: mozzy man\n|-boost|p2a: mozzy man|spa|2\n|move|p1a: Blissey|Flamethrower|p2a: mozzy man\n|-supereffective|p2a: mozzy man\n|-damage|p2a: mozzy man|18\/100\n|\n|upkeep\n|turn|13\n|\n|t:|1700180463\n|move|p2a: mozzy man|Make It Rain|p1a: Blissey\n|-damage|p1a: Blissey|17\/100\n|-unboost|p2a: mozzy man|spa|1\n|move|p1a: Blissey|Flamethrower|p2a: mozzy man\n|-supereffective|p2a: mozzy man\n|-damage|p2a: mozzy man|0 fnt\n|faint|p2a: mozzy man\n|\n|upkeep\n|\n|t:|1700180472\n|switch|p2a: god|Iron Valiant|41\/100\n|turn|14\n|\n|t:|1700180479\n|switch|p1a: Toxapex|Toxapex, M|95\/100\n|-damage|p1a: Toxapex|83\/100|[from] Stealth Rock\n|move|p2a: god|Close Combat|p1a: Toxapex\n|-resisted|p1a: Toxapex\n|-damage|p1a: Toxapex|59\/100\n|-unboost|p2a: god|def|1\n|-unboost|p2a: god|spd|1\n|\n|upkeep\n|turn|15\n|\n|t:|1700180488\n|move|p2a: god|Swords Dance|p2a: god\n|-boost|p2a: god|atk|2\n|move|p1a: Toxapex|Poison Jab|p2a: god\n|-supereffective|p2a: god\n|-damage|p2a: god|0 fnt\n|faint|p2a: god\n|-end|p2a: god|Quark Drive|[silent]\n|\n|upkeep\n|\n|t:|1700180495\n|switch|p2a: simba|Landorus-Therian, M, shiny|42\/100\n|-ability|p2a: simba|Intimidate|boost\n|-unboost|p1a: Toxapex|atk|1\n|turn|16\n|\n|t:|1700180502\n|switch|p1a: Corviknight|Corviknight, M|100\/100\n|-damage|p1a: Corviknight|88\/100|[from] Stealth Rock\n|move|p2a: simba|Earthquake|p1a: Corviknight\n|-immune|p1a: Corviknight\n|\n|-heal|p1a: Corviknight|94\/100|[from] item: Leftovers\n|upkeep\n|turn|17\n|\n|t:|1700180509\n|switch|p2a: bugs bunny|Cinderace, M|100\/100\n|move|p1a: Corviknight|Bulk Up|p1a: Corviknight\n|-boost|p1a: Corviknight|atk|1\n|-boost|p1a: Corviknight|def|1\n|\n|-heal|p1a: Corviknight|100\/100|[from] item: Leftovers\n|upkeep\n|turn|18\n|\n|t:|1700180514\n|-terastallize|p1a: Corviknight|Fairy\n|move|p2a: bugs bunny|Pyro Ball|p1a: Corviknight\n|-damage|p1a: Corviknight|67\/100\n|move|p1a: Corviknight|Agility|p1a: Corviknight\n|-boost|p1a: Corviknight|spe|2\n|\n|-heal|p1a: Corviknight|73\/100|[from] item: Leftovers\n|upkeep\n|turn|19\n|-message|yakuza mars forfeited.\n|\n|win|Lasagana Crustle\n|raw|Lasagana Crustle's rating: 1000 &rarr; <strong>1040<\/strong><br \/>(+40 for winning)\n|raw|yakuza mars's rating: 1000 &rarr; <strong>1000<\/strong><br \/>(+0 for losing)\n|l|\u2606yakuza mars\n","uploadtime":1700180525,"views":15,"p1id":"lasaganacrustle","p2id":"yakuzamars","formatid":"gen9ou","rating":1000,"private":0,"password":""}