{"id":"gen9ou-1989497914","p1":"sorrow132","p2":"Bruh Wobuffet","format":"[Gen 9] OU","log":"|j|\u2606sorrow132\n|j|\u2606Bruh Wobuffet\n|t:|1699860812\n|gametype|singles\n|player|p1|sorrow132|102|1636\n|player|p2|Bruh Wobuffet|leon|1547\n|teamsize|p1|6\n|teamsize|p2|6\n|gen|9\n|tier|[Gen 9] OU\n|rated|\n|rule|Sleep Clause Mod: Limit one foe put to sleep\n|rule|Species Clause: Limit one of each Pok\u00e9mon\n|rule|OHKO Clause: OHKO moves are banned\n|rule|Evasion Items Clause: Evasion items are banned\n|rule|Evasion Moves Clause: Evasion moves are banned\n|rule|Endless Battle Clause: Forcing endless battles is banned\n|rule|HP Percentage Mod: HP is shown in percentages\n|clearpoke\n|poke|p1|Weezing-Galar, F|\n|poke|p1|Dondozo, F|\n|poke|p1|Clefable, M|\n|poke|p1|Donphan, F|\n|poke|p1|Moltres|\n|poke|p1|Clodsire, M|\n|poke|p2|Cinderace, M|\n|poke|p2|Great Tusk|\n|poke|p2|Clefable, M|\n|poke|p2|Corviknight, F|\n|poke|p2|Zapdos|\n|poke|p2|Slowking-Galar, F|\n|teampreview\n|inactive|Battle timer is ON: inactive players will automatically lose when time's up. (requested by Bruh Wobuffet)\n|\n|t:|1699860821\n|start\n|switch|p1a: Moltres|Moltres, shiny|100\/100\n|switch|p2a: I hate webs|Zapdos|100\/100\n|turn|1\n|j| Bad Dragoon\n|\n|t:|1699860832\n|switch|p1a: Clodsire|Clodsire, M, shiny|100\/100\n|move|p2a: I hate webs|Volt Switch|p1a: Clodsire\n|-immune|p1a: Clodsire\n|\n|upkeep\n|turn|2\n|\n|t:|1699860839\n|switch|p2a: I hate Rocks|Corviknight, F|100\/100\n|-ability|p2a: I hate Rocks|Pressure\n|move|p1a: Clodsire|Poison Jab|p2a: I hate Rocks\n|-immune|p2a: I hate Rocks\n|\n|upkeep\n|turn|3\n|\n|t:|1699860844\n|switch|p1a: Moltres|Moltres, shiny|100\/100\n|move|p2a: I hate Rocks|U-turn|p1a: Moltres\n|-resisted|p1a: Moltres\n|-damage|p1a: Moltres|98\/100\n|\n|t:|1699860852\n|switch|p2a: I hate spikes|Clefable, M|100\/100|[from] U-turn\n|\n|upkeep\n|turn|4\n|\n|t:|1699860865\n|switch|p1a: Weezing|Weezing-Galar, F, shiny|100\/100\n|-ability|p1a: Weezing|Neutralizing Gas\n|move|p2a: I hate spikes|Stealth Rock|p1a: Weezing\n|-sidestart|p1: sorrow132|move: Stealth Rock\n|\n|upkeep\n|turn|5\n|\n|t:|1699860874\n|switch|p2a: I hate glimmora|Slowking-Galar, F|100\/100\n|move|p1a: Weezing|Defog|p2a: I hate glimmora\n|-unboost|p2a: I hate glimmora|evasion|1\n|-sideend|p1: sorrow132|Stealth Rock|[from] move: Defog|[of] p1a: Weezing\n|\n|upkeep\n|turn|6\n|j| redmix21\n|\n|t:|1699860880\n|move|p1a: Weezing|Will-O-Wisp|p2a: I hate glimmora\n|-status|p2a: I hate glimmora|brn\n|move|p2a: I hate glimmora|Future Sight|p1a: Weezing\n|-start|p2a: I hate glimmora|move: Future Sight\n|\n|-damage|p2a: I hate glimmora|94\/100 brn|[from] brn\n|upkeep\n|turn|7\n|\n|t:|1699860888\n|-end|p1a: Weezing|ability: Neutralizing Gas\n|switch|p1a: Clodsire|Clodsire, M, shiny|100\/100\n|move|p2a: I hate glimmora|Sludge Bomb|p1a: Clodsire\n|-resisted|p1a: Clodsire\n|-damage|p1a: Clodsire|96\/100\n|\n|-heal|p1a: Clodsire|100\/100|[from] item: Leftovers\n|-damage|p2a: I hate glimmora|88\/100 brn|[from] brn\n|upkeep\n|turn|8\n|\n|t:|1699860898\n|switch|p2a: I hate Rocks|Corviknight, F|100\/100\n|-ability|p2a: I hate Rocks|Pressure\n|move|p1a: Clodsire|Recover||[still]\n|-fail|p1a: Clodsire|heal\n|\n|-end|p1a: Clodsire|move: Future Sight\n|-supereffective|p1a: Clodsire\n|-damage|p1a: Clodsire|51\/100\n|-heal|p1a: Clodsire|58\/100|[from] item: Leftovers\n|upkeep\n|turn|9\n|\n|t:|1699860904\n|switch|p1a: Moltres|Moltres, shiny|98\/100\n|move|p2a: I hate Rocks|U-turn|p1a: Moltres\n|-resisted|p1a: Moltres\n|-damage|p1a: Moltres|96\/100\n|\n|t:|1699860908\n|switch|p2a: I hate webs|Zapdos|100\/100|[from] U-turn\n|\n|upkeep\n|turn|10\n|\n|t:|1699860914\n|switch|p1a: Clodsire|Clodsire, M, shiny|58\/100\n|move|p2a: I hate webs|Hurricane|p1a: Clodsire\n|-damage|p1a: Clodsire|16\/100\n|-damage|p2a: I hate webs|91\/100|[from] item: Life Orb\n|\n|-heal|p1a: Clodsire|22\/100|[from] item: Leftovers\n|upkeep\n|turn|11\n|\n|t:|1699860920\n|switch|p1a: Clefable|Clefable, M, shiny|100\/100\n|move|p2a: I hate webs|Hurricane|p1a: Clefable\n|-damage|p1a: Clefable|49\/100\n|-damage|p2a: I hate webs|81\/100|[from] item: Life Orb\n|\n|-heal|p1a: Clefable|55\/100|[from] item: Leftovers\n|upkeep\n|turn|12\n|\n|t:|1699860927\n|move|p2a: I hate webs|Volt Switch|p1a: Clefable\n|-damage|p1a: Clefable|24\/100\n|-damage|p2a: I hate webs|71\/100|[from] item: Life Orb\n|\n|t:|1699860932\n|switch|p2a: I hate glimmora|Slowking-Galar, F|100\/100 brn|[from] Volt Switch\n|move|p1a: Clefable|Wish|p1a: Clefable\n|\n|-heal|p1a: Clefable|30\/100|[from] item: Leftovers\n|-damage|p2a: I hate glimmora|94\/100 brn|[from] brn\n|upkeep\n|turn|13\n|\n|t:|1699860946\n|move|p1a: Clefable|Protect|p1a: Clefable\n|-singleturn|p1a: Clefable|Protect\n|move|p2a: I hate glimmora|Future Sight|p1a: Clefable\n|-start|p2a: I hate glimmora|move: Future Sight\n|\n|-heal|p1a: Clefable|80\/100|[from] move: Wish|[wisher] Clefable\n|-heal|p1a: Clefable|86\/100|[from] item: Leftovers\n|-damage|p2a: I hate glimmora|88\/100 brn|[from] brn\n|upkeep\n|turn|14\n|\n|t:|1699860955\n|-terastallize|p1a: Clefable|Water\n|move|p1a: Clefable|Knock Off|p2a: I hate glimmora\n|-supereffective|p2a: I hate glimmora\n|-damage|p2a: I hate glimmora|55\/100 brn\n|-enditem|p2a: I hate glimmora|Assault Vest|[from] move: Knock Off|[of] p1a: Clefable\n|move|p2a: I hate glimmora|Surf|p1a: Clefable\n|-resisted|p1a: Clefable\n|-damage|p1a: Clefable|77\/100\n|\n|-heal|p1a: Clefable|83\/100|[from] item: Leftovers\n|-damage|p2a: I hate glimmora|49\/100 brn|[from] brn\n|upkeep\n|turn|15\n|\n|t:|1699860970\n|switch|p2a: I hate spikes|Clefable, M|100\/100\n|move|p1a: Clefable|Wish|p1a: Clefable\n|\n|-end|p1a: Clefable|move: Future Sight\n|-damage|p1a: Clefable|51\/100\n|-heal|p1a: Clefable|57\/100|[from] item: Leftovers\n|upkeep\n|turn|16\n|\n|t:|1699860976\n|switch|p1a: Clodsire|Clodsire, M, shiny|22\/100\n|move|p2a: I hate spikes|Stealth Rock|p1a: Clodsire\n|-sidestart|p1: sorrow132|move: Stealth Rock\n|\n|-heal|p1a: Clodsire|65\/100|[from] move: Wish|[wisher] Clefable\n|-heal|p1a: Clodsire|71\/100|[from] item: Leftovers\n|upkeep\n|turn|17\n|l| Bad Dragoon\n|\n|t:|1699860985\n|switch|p2a: I hate Rocks|Corviknight, F|100\/100\n|-ability|p2a: I hate Rocks|Pressure\n|switch|p1a: Moltres|Moltres, shiny|96\/100\n|\n|upkeep\n|turn|18\n|\n|t:|1699860991\n|switch|p2a: I hate glimmora|Slowking-Galar, F|82\/100 brn\n|move|p1a: Moltres|Will-O-Wisp|p2a: I hate glimmora\n|-fail|p2a: I hate glimmora|brn\n|\n|-damage|p2a: I hate glimmora|76\/100 brn|[from] brn\n|upkeep\n|turn|19\n|\n|t:|1699861004\n|switch|p1a: Donphan|Donphan, F, shiny|100\/100\n|move|p2a: I hate glimmora|Future Sight|p1a: Donphan\n|-start|p2a: I hate glimmora|move: Future Sight\n|\n|-damage|p2a: I hate glimmora|70\/100 brn|[from] brn\n|upkeep\n|turn|20\n|\n|t:|1699861014\n|switch|p2a: I hate spikes|Clefable, M|100\/100\n|move|p1a: Donphan|Rapid Spin|p2a: I hate spikes\n|-damage|p2a: I hate spikes|90\/100\n|-boost|p1a: Donphan|spe|1\n|-sideend|p1: sorrow132|Stealth Rock|[from] move: Rapid Spin|[of] p1a: Donphan\n|\n|-heal|p2a: I hate spikes|96\/100|[from] item: Leftovers\n|upkeep\n|turn|21\n|\n|t:|1699861024\n|switch|p1a: Clefable|Clefable, M, shiny, tera:Water|57\/100\n|switch|p2a: I hate gliscor|Great Tusk|100\/100\n|\n|-end|p1a: Clefable|move: Future Sight\n|-damage|p1a: Clefable|25\/100\n|-heal|p1a: Clefable|31\/100|[from] item: Leftovers\n|upkeep\n|turn|22\n|inactive|sorrow132 has 120 seconds left.\n|\n|t:|1699861058\n|switch|p1a: Moltres|Moltres, shiny|96\/100\n|move|p2a: I hate gliscor|Knock Off|p1a: Moltres\n|-damage|p1a: Moltres|77\/100\n|-status|p2a: I hate gliscor|brn|[from] ability: Flame Body|[of] p1a: Moltres\n|-enditem|p1a: Moltres|Heavy-Duty Boots|[from] move: Knock Off|[of] p2a: I hate gliscor\n|\n|-damage|p2a: I hate gliscor|94\/100 brn|[from] brn\n|upkeep\n|turn|23\n|inactive|sorrow132 has 120 seconds left.\n|\n|t:|1699861070\n|-end|p2a: I hate gliscor|Protosynthesis|[silent]\n|switch|p2a: I hate spikes|Clefable, M|96\/100\n|move|p1a: Moltres|Air Slash|p2a: I hate spikes\n|-damage|p2a: I hate spikes|65\/100\n|\n|-heal|p2a: I hate spikes|71\/100|[from] item: Leftovers\n|upkeep\n|turn|24\n|\n|t:|1699861079\n|switch|p2a: I hate glimmora|Slowking-Galar, F|100\/100 brn\n|move|p1a: Moltres|Will-O-Wisp|p2a: I hate glimmora\n|-fail|p2a: I hate glimmora|brn\n|\n|-damage|p2a: I hate glimmora|94\/100 brn|[from] brn\n|upkeep\n|turn|25\n|\n|t:|1699861085\n|move|p1a: Moltres|Air Slash|p2a: I hate glimmora\n|-damage|p2a: I hate glimmora|74\/100 brn\n|move|p2a: I hate glimmora|Future Sight|p1a: Moltres\n|-start|p2a: I hate glimmora|move: Future Sight\n|\n|-damage|p2a: I hate glimmora|68\/100 brn|[from] brn\n|upkeep\n|turn|26\n|\n|t:|1699861096\n|switch|p1a: Dondozo|Dondozo, F, shiny|100\/100\n|move|p2a: I hate glimmora|Surf|p1a: Dondozo\n|-resisted|p1a: Dondozo\n|-damage|p1a: Dondozo|93\/100\n|\n|-heal|p1a: Dondozo|99\/100|[from] item: Leftovers\n|-damage|p2a: I hate glimmora|62\/100 brn|[from] brn\n|upkeep\n|turn|27\n|\n|t:|1699861106\n|move|p1a: Dondozo|Wave Crash|p2a: I hate glimmora\n|-damage|p2a: I hate glimmora|20\/100 brn\n|-damage|p1a: Dondozo|88\/100|[from] Recoil\n|move|p2a: I hate glimmora|Surf|p1a: Dondozo\n|-resisted|p1a: Dondozo\n|-damage|p1a: Dondozo|80\/100\n|\n|-end|p1a: Dondozo|move: Future Sight\n|-crit|p1a: Dondozo\n|-damage|p1a: Dondozo|31\/100\n|-heal|p1a: Dondozo|37\/100|[from] item: Leftovers\n|-damage|p2a: I hate glimmora|14\/100 brn|[from] brn\n|upkeep\n|turn|28\n|j| Bad Dragoon\n|l| Bad Dragoon\n|\n|t:|1699861116\n|switch|p2a: I hate spikes|Clefable, M|71\/100\n|move|p1a: Dondozo|Rest|p1a: Dondozo\n|-status|p1a: Dondozo|slp|[from] move: Rest\n|-heal|p1a: Dondozo|100\/100 slp|[silent]\n|\n|-heal|p2a: I hate spikes|77\/100|[from] item: Leftovers\n|upkeep\n|turn|29\n|\n|t:|1699861130\n|switch|p1a: Donphan|Donphan, F, shiny|100\/100\n|move|p2a: I hate spikes|Wish|p2a: I hate spikes\n|\n|-heal|p2a: I hate spikes|83\/100|[from] item: Leftovers\n|upkeep\n|turn|30\n|\n|t:|1699861143\n|switch|p2a: I hate webs|Zapdos|71\/100\n|move|p1a: Donphan|Knock Off|p2a: I hate webs\n|-damage|p2a: I hate webs|41\/100\n|-enditem|p2a: I hate webs|Life Orb|[from] move: Knock Off|[of] p1a: Donphan\n|\n|-heal|p2a: I hate webs|100\/100|[from] move: Wish|[wisher] I hate spikes\n|upkeep\n|turn|31\n|\n|t:|1699861157\n|move|p2a: I hate webs|Hurricane|p1a: Donphan|[miss]\n|-miss|p2a: I hate webs|p1a: Donphan\n|move|p1a: Donphan|Stealth Rock|p2a: I hate webs\n|-sidestart|p2: Bruh Wobuffet|move: Stealth Rock\n|\n|upkeep\n|turn|32\n|\n|t:|1699861162\n|switch|p1a: Clodsire|Clodsire, M, shiny|71\/100\n|move|p2a: I hate webs|Hurricane|p1a: Clodsire\n|-damage|p1a: Clodsire|40\/100\n|\n|-heal|p1a: Clodsire|46\/100|[from] item: Leftovers\n|upkeep\n|turn|33\n|\n|t:|1699861171\n|switch|p2a: I hate gliscor|Great Tusk|94\/100 brn\n|-damage|p2a: I hate gliscor|91\/100 brn|[from] Stealth Rock\n|move|p1a: Clodsire|Recover|p1a: Clodsire\n|-heal|p1a: Clodsire|96\/100\n|\n|-heal|p1a: Clodsire|100\/100|[from] item: Leftovers\n|-damage|p2a: I hate gliscor|85\/100 brn|[from] brn\n|upkeep\n|turn|34\n|\n|t:|1699861177\n|switch|p1a: Moltres|Moltres, shiny|77\/100\n|move|p2a: I hate gliscor|Rapid Spin|p1a: Moltres\n|-damage|p1a: Moltres|72\/100\n|-boost|p2a: I hate gliscor|spe|1\n|-sideend|p2: Bruh Wobuffet|Stealth Rock|[from] move: Rapid Spin|[of] p2a: I hate gliscor\n|\n|-damage|p2a: I hate gliscor|79\/100 brn|[from] brn\n|upkeep\n|turn|35\n|\n|t:|1699861190\n|-end|p2a: I hate gliscor|Protosynthesis|[silent]\n|switch|p2a: I hate spikes|Clefable, M|83\/100\n|move|p1a: Moltres|Flamethrower|p2a: I hate spikes\n|-damage|p2a: I hate spikes|47\/100\n|\n|-heal|p2a: I hate spikes|53\/100|[from] item: Leftovers\n|upkeep\n|turn|36\n|\n|t:|1699861195\n|move|p1a: Moltres|Will-O-Wisp|p2a: I hate spikes\n|-status|p2a: I hate spikes|brn\n|move|p2a: I hate spikes|Wish|p2a: I hate spikes\n|\n|-heal|p2a: I hate spikes|59\/100 brn|[from] item: Leftovers\n|upkeep\n|turn|37\n|\n|t:|1699861203\n|move|p1a: Moltres|Roost|p1a: Moltres\n|-heal|p1a: Moltres|100\/100\n|-singleturn|p1a: Moltres|move: Roost\n|move|p2a: I hate spikes|Stealth Rock|p1a: Moltres\n|-sidestart|p1: sorrow132|move: Stealth Rock\n|\n|-heal|p2a: I hate spikes|100\/100 brn|[from] move: Wish|[wisher] I hate spikes\n|upkeep\n|turn|38\n|\n|t:|1699861211\n|switch|p1a: Donphan|Donphan, F, shiny|100\/100\n|switch|p2a: I hate webs|Zapdos|100\/100\n|\n|upkeep\n|turn|39\n|\n|t:|1699861218\n|move|p2a: I hate webs|Hurricane|p1a: Donphan\n|-damage|p1a: Donphan|46\/100\n|move|p1a: Donphan|Rapid Spin|p2a: I hate webs\n|-damage|p2a: I hate webs|84\/100\n|-boost|p1a: Donphan|spe|1\n|-sideend|p1: sorrow132|Stealth Rock|[from] move: Rapid Spin|[of] p1a: Donphan\n|\n|upkeep\n|turn|40\n|\n|t:|1699861242\n|switch|p1a: Clodsire|Clodsire, M, shiny|100\/100\n|move|p2a: I hate webs|Hurricane|p1a: Clodsire\n|-damage|p1a: Clodsire|69\/100\n|\n|-heal|p1a: Clodsire|75\/100|[from] item: Leftovers\n|upkeep\n|turn|41\n|\n|t:|1699861256\n|switch|p2a: I hate Rocks|Corviknight, F|100\/100\n|-ability|p2a: I hate Rocks|Pressure\n|move|p1a: Clodsire|Spikes|p2a: I hate Rocks\n|-sidestart|p2: Bruh Wobuffet|Spikes\n|\n|-heal|p1a: Clodsire|81\/100|[from] item: Leftovers\n|upkeep\n|turn|42\n|\n|t:|1699861262\n|switch|p1a: Moltres|Moltres, shiny|100\/100\n|move|p2a: I hate Rocks|Defog|p1a: Moltres\n|-unboost|p1a: Moltres|evasion|1\n|-sideend|p2: Bruh Wobuffet|Spikes|[from] move: Defog|[of] p2a: I hate Rocks\n|\n|upkeep\n|turn|43\n|\n|t:|1699861273\n|switch|p2a: I hate spikes|Clefable, M|100\/100 brn\n|move|p1a: Moltres|Flamethrower|p2a: I hate spikes\n|-damage|p2a: I hate spikes|65\/100 brn\n|\n|-heal|p2a: I hate spikes|71\/100 brn|[from] item: Leftovers\n|upkeep\n|turn|44\n|\n|t:|1699861281\n|switch|p1a: Clefable|Clefable, M, shiny, tera:Water|31\/100\n|move|p2a: I hate spikes|Wish|p2a: I hate spikes\n|\n|-heal|p2a: I hate spikes|77\/100 brn|[from] item: Leftovers\n|-heal|p1a: Clefable|37\/100|[from] item: Leftovers\n|upkeep\n|turn|45\n|\n|t:|1699861284\n|move|p2a: I hate spikes|Moonblast|p1a: Clefable\n|-damage|p1a: Clefable|16\/100\n|move|p1a: Clefable|Wish|p1a: Clefable\n|\n|-heal|p2a: I hate spikes|100\/100 brn|[from] move: Wish|[wisher] I hate spikes\n|-heal|p1a: Clefable|22\/100|[from] item: Leftovers\n|upkeep\n|turn|46\n|\n|t:|1699861289\n|move|p1a: Clefable|Protect|p1a: Clefable\n|-singleturn|p1a: Clefable|Protect\n|move|p2a: I hate spikes|Wish|p2a: I hate spikes\n|\n|-heal|p1a: Clefable|72\/100|[from] move: Wish|[wisher] Clefable\n|-heal|p1a: Clefable|78\/100|[from] item: Leftovers\n|upkeep\n|turn|47\n|\n|t:|1699861293\n|switch|p2a: I hate glimmora|Slowking-Galar, F|47\/100 brn\n|move|p1a: Clefable|Knock Off|p2a: I hate glimmora\n|-supereffective|p2a: I hate glimmora\n|-damage|p2a: I hate glimmora|25\/100 brn\n|\n|-heal|p2a: I hate glimmora|75\/100 brn|[from] move: Wish|[wisher] I hate spikes\n|-heal|p1a: Clefable|84\/100|[from] item: Leftovers\n|-damage|p2a: I hate glimmora|69\/100 brn|[from] brn\n|upkeep\n|turn|48\n|\n|t:|1699861301\n|move|p1a: Clefable|Wish|p1a: Clefable\n|move|p2a: I hate glimmora|Future Sight|p1a: Clefable\n|-start|p2a: I hate glimmora|move: Future Sight\n|\n|-heal|p1a: Clefable|90\/100|[from] item: Leftovers\n|-damage|p2a: I hate glimmora|63\/100 brn|[from] brn\n|upkeep\n|turn|49\n|\n|t:|1699861306\n|switch|p1a: Donphan|Donphan, F, shiny|46\/100\n|move|p2a: I hate glimmora|Sludge Bomb|p1a: Donphan\n|-resisted|p1a: Donphan\n|-damage|p1a: Donphan|27\/100\n|\n|-heal|p1a: Donphan|78\/100|[from] move: Wish|[wisher] Clefable\n|-damage|p2a: I hate glimmora|57\/100 brn|[from] brn\n|upkeep\n|turn|50\n|\n|t:|1699861315\n|switch|p1a: Dondozo|Dondozo, F, shiny|100\/100 slp\n|switch|p2a: I hate spikes|Clefable, M|100\/100 brn\n|\n|-end|p1a: Dondozo|move: Future Sight\n|-damage|p1a: Dondozo|69\/100 slp\n|-heal|p1a: Dondozo|75\/100 slp|[from] item: Leftovers\n|upkeep\n|turn|51\n|\n|t:|1699861322\n|move|p2a: I hate spikes|Stealth Rock|p1a: Dondozo\n|-sidestart|p1: sorrow132|move: Stealth Rock\n|cant|p1a: Dondozo|slp\n|\n|-heal|p1a: Dondozo|81\/100 slp|[from] item: Leftovers\n|upkeep\n|turn|52\n|\n|t:|1699861328\n|switch|p2a: I hate webs|Zapdos|84\/100\n|switch|p1a: Weezing|Weezing-Galar, F, shiny|100\/100\n|-ability|p1a: Weezing|Neutralizing Gas\n|-damage|p1a: Weezing|88\/100|[from] Stealth Rock\n|\n|-heal|p1a: Weezing|94\/100|[from] item: Leftovers\n|upkeep\n|turn|53\n|\n|t:|1699861337\n|-end|p1a: Weezing|ability: Neutralizing Gas\n|switch|p1a: Clodsire|Clodsire, M, shiny|81\/100\n|-damage|p1a: Clodsire|75\/100|[from] Stealth Rock\n|move|p2a: I hate webs|Volt Switch|p1a: Clodsire\n|-immune|p1a: Clodsire\n|\n|-heal|p1a: Clodsire|81\/100|[from] item: Leftovers\n|upkeep\n|turn|54\n|\n|t:|1699861351\n|switch|p2a: I hate Rocks|Corviknight, F|100\/100\n|-ability|p2a: I hate Rocks|Pressure\n|move|p1a: Clodsire|Spikes|p2a: I hate Rocks\n|-sidestart|p2: Bruh Wobuffet|Spikes\n|\n|-heal|p1a: Clodsire|88\/100|[from] item: Leftovers\n|upkeep\n|turn|55\n|\n|t:|1699861357\n|move|p2a: I hate Rocks|Defog|p1a: Clodsire\n|-unboost|p1a: Clodsire|evasion|1\n|-sideend|p1: sorrow132|Stealth Rock|[from] move: Defog|[of] p2a: I hate Rocks\n|-sideend|p2: Bruh Wobuffet|Spikes|[from] move: Defog|[of] p2a: I hate Rocks\n|move|p1a: Clodsire|Spikes|p2a: I hate Rocks\n|-sidestart|p2: Bruh Wobuffet|Spikes\n|\n|-heal|p1a: Clodsire|94\/100|[from] item: Leftovers\n|upkeep\n|turn|56\n|\n|t:|1699861366\n|switch|p1a: Moltres|Moltres, shiny|100\/100\n|move|p2a: I hate Rocks|Defog|p1a: Moltres\n|-unboost|p1a: Moltres|evasion|1\n|-sideend|p2: Bruh Wobuffet|Spikes|[from] move: Defog|[of] p2a: I hate Rocks\n|\n|upkeep\n|turn|57\n|\n|t:|1699861371\n|switch|p2a: I hate spikes|Clefable, M|100\/100 brn\n|move|p1a: Moltres|Flamethrower|p2a: I hate spikes\n|-damage|p2a: I hate spikes|68\/100 brn\n|\n|-heal|p2a: I hate spikes|74\/100 brn|[from] item: Leftovers\n|upkeep\n|turn|58\n|\n|t:|1699861375\n|move|p1a: Moltres|Air Slash|p2a: I hate spikes\n|-damage|p2a: I hate spikes|46\/100 brn\n|cant|p2a: I hate spikes|flinch\n|\n|-heal|p2a: I hate spikes|52\/100 brn|[from] item: Leftovers\n|upkeep\n|turn|59\n|\n|t:|1699861379\n|move|p1a: Moltres|Air Slash|p2a: I hate spikes\n|-crit|p2a: I hate spikes\n|-damage|p2a: I hate spikes|9\/100 brn\n|move|p2a: I hate spikes|Wish|p2a: I hate spikes\n|\n|-heal|p2a: I hate spikes|15\/100 brn|[from] item: Leftovers\n|upkeep\n|turn|60\n|\n|t:|1699861384\n|move|p2a: I hate spikes|Protect|p2a: I hate spikes\n|-singleturn|p2a: I hate spikes|Protect\n|move|p1a: Moltres|Air Slash|p2a: I hate spikes\n|-activate|p2a: I hate spikes|move: Protect\n|\n|-heal|p2a: I hate spikes|65\/100 brn|[from] move: Wish|[wisher] I hate spikes\n|-heal|p2a: I hate spikes|71\/100 brn|[from] item: Leftovers\n|upkeep\n|turn|61\n|\n|t:|1699861386\n|move|p1a: Moltres|Air Slash|p2a: I hate spikes\n|-damage|p2a: I hate spikes|40\/100 brn\n|move|p2a: I hate spikes|Wish|p2a: I hate spikes\n|\n|-heal|p2a: I hate spikes|46\/100 brn|[from] item: Leftovers\n|upkeep\n|turn|62\n|\n|t:|1699861391\n|switch|p1a: Weezing|Weezing-Galar, F, shiny|94\/100\n|-ability|p1a: Weezing|Neutralizing Gas\n|move|p2a: I hate spikes|Protect||[still]\n|-fail|p2a: I hate spikes\n|\n|-heal|p2a: I hate spikes|96\/100 brn|[from] move: Wish|[wisher] I hate spikes\n|-heal|p1a: Weezing|99\/100|[from] item: Leftovers\n|-heal|p2a: I hate spikes|100\/100 brn|[from] item: Leftovers\n|-damage|p2a: I hate spikes|94\/100 brn|[from] brn\n|upkeep\n|turn|63\n|\n|t:|1699861397\n|switch|p2a: I hate glimmora|Slowking-Galar, F|90\/100 brn\n|move|p1a: Weezing|Sludge Bomb|p2a: I hate glimmora\n|-resisted|p2a: I hate glimmora\n|-damage|p2a: I hate glimmora|82\/100 brn\n|\n|-heal|p1a: Weezing|100\/100|[from] item: Leftovers\n|-damage|p2a: I hate glimmora|76\/100 brn|[from] brn\n|upkeep\n|turn|64\n|\n|t:|1699861407\n|-end|p1a: Weezing|ability: Neutralizing Gas\n|switch|p1a: Dondozo|Dondozo, F, shiny|81\/100 slp\n|move|p2a: I hate glimmora|Future Sight|p1a: Dondozo\n|-start|p2a: I hate glimmora|move: Future Sight\n|\n|-heal|p1a: Dondozo|87\/100 slp|[from] item: Leftovers\n|-damage|p2a: I hate glimmora|70\/100 brn|[from] brn\n|upkeep\n|turn|65\n|\n|t:|1699861417\n|switch|p2a: I hate webs|Zapdos|84\/100\n|cant|p1a: Dondozo|slp\n|\n|-heal|p1a: Dondozo|94\/100 slp|[from] item: Leftovers\n|upkeep\n|turn|66\n|\n|t:|1699861436\n|move|p2a: I hate webs|Hurricane|p1a: Dondozo\n|-damage|p1a: Dondozo|58\/100 slp\n|-start|p1a: Dondozo|confusion\n|-curestatus|p1a: Dondozo|slp|[msg]\n|-activate|p1a: Dondozo|confusion\n|move|p1a: Dondozo|Rest|p1a: Dondozo\n|-status|p1a: Dondozo|slp|[from] move: Rest\n|-heal|p1a: Dondozo|100\/100 slp|[silent]\n|\n|-end|p1a: Dondozo|move: Future Sight\n|-damage|p1a: Dondozo|70\/100 slp\n|-heal|p1a: Dondozo|76\/100 slp|[from] item: Leftovers\n|upkeep\n|turn|67\n|\n|t:|1699861451\n|switch|p1a: Clodsire|Clodsire, M, shiny|94\/100\n|move|p2a: I hate webs|Hurricane|p1a: Clodsire\n|-damage|p1a: Clodsire|63\/100\n|-start|p1a: Clodsire|confusion\n|\n|-heal|p1a: Clodsire|69\/100|[from] item: Leftovers\n|upkeep\n|turn|68\n|\n|t:|1699861457\n|switch|p2a: I hate Rocks|Corviknight, F|100\/100\n|-ability|p2a: I hate Rocks|Pressure\n|-activate|p1a: Clodsire|confusion\n|move|p1a: Clodsire|Spikes|p2a: I hate Rocks\n|-sidestart|p2: Bruh Wobuffet|Spikes\n|\n|-heal|p1a: Clodsire|75\/100|[from] item: Leftovers\n|upkeep\n|turn|69\n|\n|t:|1699861467\n|switch|p1a: Moltres|Moltres, shiny|100\/100\n|move|p2a: I hate Rocks|Defog|p1a: Moltres\n|-unboost|p1a: Moltres|evasion|1\n|-sideend|p2: Bruh Wobuffet|Spikes|[from] move: Defog|[of] p2a: I hate Rocks\n|\n|upkeep\n|turn|70\n|\n|t:|1699861477\n|switch|p2a: I hate glimmora|Slowking-Galar, F|100\/100 brn\n|move|p1a: Moltres|Flamethrower|p2a: I hate glimmora\n|-damage|p2a: I hate glimmora|74\/100 brn\n|\n|-damage|p2a: I hate glimmora|68\/100 brn|[from] brn\n|upkeep\n|turn|71\n|\n|t:|1699861481\n|move|p1a: Moltres|Air Slash|p2a: I hate glimmora\n|-damage|p2a: I hate glimmora|48\/100 brn\n|move|p2a: I hate glimmora|Future Sight|p1a: Moltres\n|-start|p2a: I hate glimmora|move: Future Sight\n|\n|-damage|p2a: I hate glimmora|42\/100 brn|[from] brn\n|upkeep\n|turn|72\n|\n|t:|1699861486\n|switch|p2a: I hate spikes|Clefable, M|94\/100 brn\n|move|p1a: Moltres|Flamethrower|p2a: I hate spikes\n|-damage|p2a: I hate spikes|60\/100 brn\n|\n|-heal|p2a: I hate spikes|66\/100 brn|[from] item: Leftovers\n|upkeep\n|turn|73\n|\n|t:|1699861490\n|switch|p1a: Clefable|Clefable, M, shiny, tera:Water|90\/100\n|move|p2a: I hate spikes|Wish|p2a: I hate spikes\n|\n|-end|p1a: Clefable|move: Future Sight\n|-damage|p1a: Clefable|54\/100\n|-heal|p1a: Clefable|60\/100|[from] item: Leftovers\n|-heal|p2a: I hate spikes|72\/100 brn|[from] item: Leftovers\n|upkeep\n|turn|74\n|\n|t:|1699861500\n|switch|p2a: I hate webs|Zapdos|84\/100\n|move|p1a: Clefable|Knock Off|p2a: I hate webs\n|-damage|p2a: I hate webs|73\/100\n|-status|p1a: Clefable|par|[from] ability: Static|[of] p2a: I hate webs\n|\n|-heal|p2a: I hate webs|100\/100|[from] move: Wish|[wisher] I hate spikes\n|-heal|p1a: Clefable|66\/100 par|[from] item: Leftovers\n|upkeep\n|turn|75\n|\n|t:|1699861511\n|switch|p1a: Clodsire|Clodsire, M, shiny|75\/100\n|move|p2a: I hate webs|Thunderbolt|p1a: Clodsire\n|-immune|p1a: Clodsire\n|\n|-heal|p1a: Clodsire|82\/100|[from] item: Leftovers\n|upkeep\n|turn|76\n|\n|t:|1699861530\n|switch|p2a: I hate Rocks|Corviknight, F|100\/100\n|-ability|p2a: I hate Rocks|Pressure\n|move|p1a: Clodsire|Poison Jab|p2a: I hate Rocks\n|-immune|p2a: I hate Rocks\n|\n|-heal|p1a: Clodsire|88\/100|[from] item: Leftovers\n|upkeep\n|turn|77\n|\n|t:|1699861534\n|switch|p1a: Moltres|Moltres, shiny|100\/100\n|move|p2a: I hate Rocks|U-turn|p1a: Moltres\n|-resisted|p1a: Moltres\n|-damage|p1a: Moltres|98\/100\n|-status|p2a: I hate Rocks|brn|[from] ability: Flame Body|[of] p1a: Moltres\n|\n|t:|1699861537\n|switch|p2a: I hate webs|Zapdos|100\/100|[from] U-turn\n|\n|upkeep\n|turn|78\n|\n|t:|1699861548\n|switch|p2a: I hate glimmora|Slowking-Galar, F|76\/100 brn\n|move|p1a: Moltres|Will-O-Wisp|p2a: I hate glimmora\n|-fail|p2a: I hate glimmora|brn\n|\n|-damage|p2a: I hate glimmora|70\/100 brn|[from] brn\n|upkeep\n|turn|79\n|\n|t:|1699861553\n|move|p1a: Moltres|Air Slash|p2a: I hate glimmora\n|-damage|p2a: I hate glimmora|49\/100 brn\n|move|p2a: I hate glimmora|Future Sight|p1a: Moltres\n|-start|p2a: I hate glimmora|move: Future Sight\n|\n|-damage|p2a: I hate glimmora|43\/100 brn|[from] brn\n|upkeep\n|turn|80\n|\n|t:|1699861558\n|switch|p2a: I hate spikes|Clefable, M|72\/100 brn\n|move|p1a: Moltres|Will-O-Wisp|p2a: I hate spikes\n|-fail|p2a: I hate spikes|brn\n|\n|-heal|p2a: I hate spikes|78\/100 brn|[from] item: Leftovers\n|upkeep\n|turn|81\n|\n|t:|1699861562\n|switch|p1a: Clefable|Clefable, M, shiny, tera:Water|66\/100 par\n|move|p2a: I hate spikes|Stealth Rock|p1a: Clefable\n|-sidestart|p1: sorrow132|move: Stealth Rock\n|\n|-end|p1a: Clefable|move: Future Sight\n|-damage|p1a: Clefable|32\/100 par\n|-heal|p2a: I hate spikes|84\/100 brn|[from] item: Leftovers\n|-heal|p1a: Clefable|38\/100 par|[from] item: Leftovers\n|upkeep\n|turn|82\n|\n|t:|1699861568\n|move|p2a: I hate spikes|Moonblast|p1a: Clefable\n|-damage|p1a: Clefable|19\/100 par\n|move|p1a: Clefable|Wish|p1a: Clefable\n|\n|-heal|p2a: I hate spikes|90\/100 brn|[from] item: Leftovers\n|-heal|p1a: Clefable|25\/100 par|[from] item: Leftovers\n|upkeep\n|turn|83\n|\n|t:|1699861574\n|switch|p2a: I hate glimmora|Slowking-Galar, F|76\/100 brn\n|move|p1a: Clefable|Protect||[still]\n|-fail|p1a: Clefable\n|\n|-heal|p1a: Clefable|75\/100 par|[from] move: Wish|[wisher] Clefable\n|-heal|p1a: Clefable|81\/100 par|[from] item: Leftovers\n|-damage|p2a: I hate glimmora|70\/100 brn|[from] brn\n|upkeep\n|turn|84\n|\n|t:|1699861587\n|switch|p1a: Dondozo|Dondozo, F, shiny|76\/100 slp\n|-damage|p1a: Dondozo|63\/100 slp|[from] Stealth Rock\n|move|p2a: I hate glimmora|Future Sight|p1a: Dondozo\n|-start|p2a: I hate glimmora|move: Future Sight\n|\n|-heal|p1a: Dondozo|69\/100 slp|[from] item: Leftovers\n|-damage|p2a: I hate glimmora|64\/100 brn|[from] brn\n|upkeep\n|turn|85\n|\n|t:|1699861593\n|cant|p1a: Dondozo|slp\n|move|p2a: I hate glimmora|Sludge Bomb|p1a: Dondozo\n|-damage|p1a: Dondozo|46\/100 slp\n|\n|-heal|p1a: Dondozo|52\/100 slp|[from] item: Leftovers\n|-damage|p2a: I hate glimmora|58\/100 brn|[from] brn\n|upkeep\n|turn|86\n|\n|t:|1699861599\n|cant|p1a: Dondozo|slp\n|move|p2a: I hate glimmora|Sludge Bomb|p1a: Dondozo\n|-damage|p1a: Dondozo|30\/100 slp\n|\n|-end|p1a: Dondozo|move: Future Sight\n|-damage|p1a: Dondozo|0 fnt\n|faint|p1a: Dondozo\n|-damage|p2a: I hate glimmora|52\/100 brn|[from] brn\n|upkeep\n|\n|t:|1699861614\n|switch|p1a: Clodsire|Clodsire, M, shiny|88\/100\n|-damage|p1a: Clodsire|82\/100|[from] Stealth Rock\n|turn|87\n|\n|t:|1699861620\n|switch|p2a: I hate Rocks|Corviknight, F|100\/100 brn\n|-ability|p2a: I hate Rocks|Pressure\n|move|p1a: Clodsire|Spikes|p2a: I hate Rocks\n|-sidestart|p2: Bruh Wobuffet|Spikes\n|\n|-heal|p1a: Clodsire|88\/100|[from] item: Leftovers\n|-damage|p2a: I hate Rocks|94\/100 brn|[from] brn\n|upkeep\n|turn|88\n|\n|t:|1699861626\n|switch|p1a: Clefable|Clefable, M, shiny, tera:Water|81\/100 par\n|move|p2a: I hate Rocks|Defog|p1a: Clefable\n|-unboost|p1a: Clefable|evasion|1\n|-sideend|p1: sorrow132|Stealth Rock|[from] move: Defog|[of] p2a: I hate Rocks\n|-sideend|p2: Bruh Wobuffet|Spikes|[from] move: Defog|[of] p2a: I hate Rocks\n|\n|-heal|p1a: Clefable|87\/100 par|[from] item: Leftovers\n|-damage|p2a: I hate Rocks|88\/100 brn|[from] brn\n|upkeep\n|turn|89\n|\n|t:|1699861632\n|move|p2a: I hate Rocks|U-turn|p1a: Clefable\n|-damage|p1a: Clefable|80\/100 par\n|\n|t:|1699861638\n|switch|p2a: I hate ghold|Cinderace, M|100\/100|[from] U-turn\n|move|p1a: Clefable|Knock Off|p2a: I hate ghold\n|-crit|p2a: I hate ghold\n|-damage|p2a: I hate ghold|65\/100\n|-enditem|p2a: I hate ghold|Heavy-Duty Boots|[from] move: Knock Off|[of] p1a: Clefable\n|\n|-heal|p1a: Clefable|86\/100 par|[from] item: Leftovers\n|upkeep\n|turn|90\n|\n|t:|1699861646\n|switch|p1a: Moltres|Moltres, shiny|98\/100\n|move|p2a: I hate ghold|U-turn|p1a: Moltres\n|-start|p2a: I hate ghold|typechange|Bug|[from] ability: Libero\n|-resisted|p1a: Moltres\n|-damage|p1a: Moltres|92\/100\n|-status|p2a: I hate ghold|brn|[from] ability: Flame Body|[of] p1a: Moltres\n|\n|t:|1699861650\n|switch|p2a: I hate webs|Zapdos|100\/100|[from] U-turn\n|\n|upkeep\n|turn|91\n|\n|t:|1699861676\n|move|p2a: I hate webs|Hurricane|p1a: Moltres|[miss]\n|-miss|p2a: I hate webs|p1a: Moltres\n|move|p1a: Moltres|Will-O-Wisp|p2a: I hate webs\n|-status|p2a: I hate webs|brn\n|\n|-damage|p2a: I hate webs|94\/100 brn|[from] brn\n|upkeep\n|turn|92\n|\n|t:|1699861681\n|switch|p1a: Clodsire|Clodsire, M, shiny|88\/100\n|move|p2a: I hate webs|Volt Switch|p1a: Clodsire\n|-immune|p1a: Clodsire\n|\n|-heal|p1a: Clodsire|94\/100|[from] item: Leftovers\n|-damage|p2a: I hate webs|88\/100 brn|[from] brn\n|upkeep\n|turn|93\n|\n|t:|1699861688\n|switch|p2a: I hate glimmora|Slowking-Galar, F|85\/100 brn\n|move|p1a: Clodsire|Spikes|p2a: I hate glimmora\n|-sidestart|p2: Bruh Wobuffet|Spikes\n|\n|-heal|p1a: Clodsire|99\/100|[from] item: Leftovers\n|-damage|p2a: I hate glimmora|79\/100 brn|[from] brn\n|upkeep\n|turn|94\n|\n|t:|1699861692\n|move|p2a: I hate glimmora|Future Sight|p1a: Clodsire\n|-start|p2a: I hate glimmora|move: Future Sight\n|move|p1a: Clodsire|Spikes|p2a: I hate glimmora\n|-sidestart|p2: Bruh Wobuffet|Spikes\n|\n|-heal|p1a: Clodsire|100\/100|[from] item: Leftovers\n|-damage|p2a: I hate glimmora|73\/100 brn|[from] brn\n|upkeep\n|turn|95\n|\n|t:|1699861695\n|switch|p2a: I hate Rocks|Corviknight, F|88\/100 brn\n|-ability|p2a: I hate Rocks|Pressure\n|switch|p1a: Clefable|Clefable, M, shiny, tera:Water|86\/100 par\n|\n|-heal|p1a: Clefable|92\/100 par|[from] item: Leftovers\n|-damage|p2a: I hate Rocks|82\/100 brn|[from] brn\n|upkeep\n|turn|96\n|\n|t:|1699861699\n|move|p2a: I hate Rocks|Defog|p1a: Clefable\n|-unboost|p1a: Clefable|evasion|1\n|-sideend|p2: Bruh Wobuffet|Spikes|[from] move: Defog|[of] p2a: I hate Rocks\n|move|p1a: Clefable|Knock Off|p2a: I hate Rocks\n|-damage|p2a: I hate Rocks|72\/100 brn\n|-enditem|p2a: I hate Rocks|Rocky Helmet|[from] move: Knock Off|[of] p1a: Clefable\n|\n|-end|p1a: Clefable|move: Future Sight\n|-damage|p1a: Clefable|57\/100 par\n|-heal|p1a: Clefable|63\/100 par|[from] item: Leftovers\n|-damage|p2a: I hate Rocks|66\/100 brn|[from] brn\n|upkeep\n|turn|97\n|\n|t:|1699861707\n|move|p2a: I hate Rocks|Roost|p2a: I hate Rocks\n|-heal|p2a: I hate Rocks|100\/100 brn\n|-singleturn|p2a: I hate Rocks|move: Roost\n|move|p1a: Clefable|Wish|p1a: Clefable\n|\n|-heal|p1a: Clefable|69\/100 par|[from] item: Leftovers\n|-damage|p2a: I hate Rocks|94\/100 brn|[from] brn\n|upkeep\n|turn|98\n|\n|t:|1699861713\n|switch|p2a: I hate webs|Zapdos|88\/100 brn\n|switch|p1a: Donphan|Donphan, F, shiny|78\/100\n|\n|-heal|p1a: Donphan|100\/100|[from] move: Wish|[wisher] Clefable\n|-damage|p2a: I hate webs|82\/100 brn|[from] brn\n|upkeep\n|turn|99\n|\n|t:|1699861720\n|move|p2a: I hate webs|Hurricane|p1a: Donphan\n|-damage|p1a: Donphan|43\/100\n|-start|p1a: Donphan|confusion\n|-activate|p1a: Donphan|confusion\n|move|p1a: Donphan|Stealth Rock|p2a: I hate webs\n|-sidestart|p2: Bruh Wobuffet|move: Stealth Rock\n|\n|-damage|p2a: I hate webs|76\/100 brn|[from] brn\n|upkeep\n|turn|100\n|\n|t:|1699861727\n|switch|p1a: Clodsire|Clodsire, M, shiny|100\/100\n|move|p2a: I hate webs|Hurricane|p1a: Clodsire\n|-damage|p1a: Clodsire|71\/100\n|\n|-heal|p1a: Clodsire|77\/100|[from] item: Leftovers\n|-damage|p2a: I hate webs|69\/100 brn|[from] brn\n|upkeep\n|turn|101\n|\n|t:|1699861735\n|switch|p2a: I hate Rocks|Corviknight, F|94\/100 brn\n|-damage|p2a: I hate Rocks|82\/100 brn|[from] Stealth Rock\n|-ability|p2a: I hate Rocks|Pressure\n|switch|p1a: Moltres|Moltres, shiny|92\/100\n|\n|-damage|p2a: I hate Rocks|75\/100 brn|[from] brn\n|upkeep\n|turn|102\n|\n|t:|1699861745\n|switch|p2a: I hate ghold|Cinderace, M|65\/100 brn\n|-damage|p2a: I hate ghold|40\/100 brn|[from] Stealth Rock\n|move|p1a: Moltres|Flamethrower|p2a: I hate ghold\n|-resisted|p2a: I hate ghold\n|-damage|p2a: I hate ghold|15\/100 brn\n|\n|-damage|p2a: I hate ghold|9\/100 brn|[from] brn\n|upkeep\n|turn|103\n|\n|t:|1699861754\n|move|p2a: I hate ghold|Court Change|p2a: I hate ghold\n|-start|p2a: I hate ghold|typechange|Normal|[from] ability: Libero\n|-swapsideconditions\n|-activate|p2a: I hate ghold|move: Court Change\n|move|p1a: Moltres|Roost|p1a: Moltres\n|-heal|p1a: Moltres|100\/100\n|-singleturn|p1a: Moltres|move: Roost\n|\n|-damage|p2a: I hate ghold|3\/100 brn|[from] brn\n|upkeep\n|turn|104\n|\n|t:|1699861762\n|move|p2a: I hate ghold|U-turn|p1a: Moltres\n|-resisted|p1a: Moltres\n|-damage|p1a: Moltres|99\/100\n|\n|t:|1699861765\n|switch|p2a: I hate webs|Zapdos|69\/100 brn|[from] U-turn\n|move|p1a: Moltres|Flamethrower|p2a: I hate webs\n|-damage|p2a: I hate webs|24\/100 brn\n|\n|-damage|p2a: I hate webs|17\/100 brn|[from] brn\n|upkeep\n|turn|105\n|\n|t:|1699861778\n|move|p2a: I hate webs|Roost|p2a: I hate webs\n|-heal|p2a: I hate webs|67\/100 brn\n|-singleturn|p2a: I hate webs|move: Roost\n|move|p1a: Moltres|Flamethrower|p2a: I hate webs\n|-damage|p2a: I hate webs|22\/100 brn\n|\n|-damage|p2a: I hate webs|15\/100 brn|[from] brn\n|upkeep\n|turn|106\n|\n|t:|1699861788\n|switch|p1a: Clodsire|Clodsire, M, shiny|77\/100\n|-damage|p1a: Clodsire|71\/100|[from] Stealth Rock\n|move|p2a: I hate webs|Roost|p2a: I hate webs\n|-heal|p2a: I hate webs|66\/100 brn\n|-singleturn|p2a: I hate webs|move: Roost\n|\n|-heal|p1a: Clodsire|77\/100|[from] item: Leftovers\n|-damage|p2a: I hate webs|59\/100 brn|[from] brn\n|upkeep\n|turn|107\n|\n|t:|1699861796\n|switch|p2a: I hate Rocks|Corviknight, F|75\/100 brn\n|-ability|p2a: I hate Rocks|Pressure\n|move|p1a: Clodsire|Spikes|p2a: I hate Rocks\n|-sidestart|p2: Bruh Wobuffet|Spikes\n|\n|-heal|p1a: Clodsire|83\/100|[from] item: Leftovers\n|-damage|p2a: I hate Rocks|69\/100 brn|[from] brn\n|upkeep\n|turn|108\n|inactive|Bruh Wobuffet has 120 seconds left.\n|\n|t:|1699861838\n|switch|p1a: Clefable|Clefable, M, shiny, tera:Water|69\/100 par\n|move|p2a: I hate Rocks|U-turn|p1a: Clefable\n|-damage|p1a: Clefable|60\/100 par\n|\n|t:|1699861853\n|switch|p2a: I hate glimmora|Slowking-Galar, F|100\/100 brn|[from] U-turn\n|-damage|p2a: I hate glimmora|88\/100 brn|[from] Spikes\n|\n|-heal|p1a: Clefable|66\/100 par|[from] item: Leftovers\n|-damage|p2a: I hate glimmora|82\/100 brn|[from] brn\n|upkeep\n|turn|109\n|\n|t:|1699861875\n|move|p2a: I hate glimmora|Future Sight|p1a: Clefable\n|-start|p2a: I hate glimmora|move: Future Sight\n|move|p1a: Clefable|Wish|p1a: Clefable\n|\n|-heal|p1a: Clefable|72\/100 par|[from] item: Leftovers\n|-damage|p2a: I hate glimmora|76\/100 brn|[from] brn\n|upkeep\n|turn|110\n|\n|t:|1699861882\n|switch|p2a: I hate spikes|Clefable, M|90\/100 brn\n|switch|p1a: Donphan|Donphan, F, shiny|43\/100\n|\n|-heal|p1a: Donphan|95\/100|[from] move: Wish|[wisher] Clefable\n|-heal|p2a: I hate spikes|96\/100 brn|[from] item: Leftovers\n|upkeep\n|turn|111\n|\n|t:|1699861892\n|move|p2a: I hate spikes|Wish|p2a: I hate spikes\n|move|p1a: Donphan|Stealth Rock|p2a: I hate spikes\n|-sidestart|p2: Bruh Wobuffet|move: Stealth Rock\n|\n|-end|p1a: Donphan|move: Future Sight\n|-damage|p1a: Donphan|48\/100\n|-heal|p2a: I hate spikes|100\/100 brn|[from] item: Leftovers\n|upkeep\n|turn|112\n|\n|t:|1699861900\n|switch|p2a: I hate Rocks|Corviknight, F|69\/100 brn\n|-damage|p2a: I hate Rocks|57\/100 brn|[from] Stealth Rock\n|-ability|p2a: I hate Rocks|Pressure\n|move|p1a: Donphan|Rapid Spin|p2a: I hate Rocks\n|-resisted|p2a: I hate Rocks\n|-damage|p2a: I hate Rocks|52\/100 brn\n|-boost|p1a: Donphan|spe|1\n|-sideend|p1: sorrow132|Stealth Rock|[from] move: Rapid Spin|[of] p1a: Donphan\n|\n|-heal|p2a: I hate Rocks|100\/100 brn|[from] move: Wish|[wisher] I hate spikes\n|-damage|p2a: I hate Rocks|94\/100 brn|[from] brn\n|upkeep\n|turn|113\n|\n|t:|1699861913\n|switch|p1a: Clefable|Clefable, M, shiny, tera:Water|72\/100 par\n|move|p2a: I hate Rocks|Defog|p1a: Clefable\n|-unboost|p1a: Clefable|evasion|1\n|-sideend|p2: Bruh Wobuffet|Spikes|[from] move: Defog|[of] p2a: I hate Rocks\n|-sideend|p2: Bruh Wobuffet|Stealth Rock|[from] move: Defog|[of] p2a: I hate Rocks\n|\n|-heal|p1a: Clefable|78\/100 par|[from] item: Leftovers\n|-damage|p2a: I hate Rocks|88\/100 brn|[from] brn\n|upkeep\n|turn|114\n|\n|t:|1699861917\n|move|p2a: I hate Rocks|U-turn|p1a: Clefable\n|-damage|p1a: Clefable|70\/100 par\n|\n|t:|1699861922\n|switch|p2a: I hate spikes|Clefable, M|100\/100 brn|[from] U-turn\n|move|p1a: Clefable|Wish|p1a: Clefable\n|\n|-heal|p1a: Clefable|76\/100 par|[from] item: Leftovers\n|upkeep\n|turn|115\n|\n|t:|1699861928\n|switch|p1a: Donphan|Donphan, F, shiny|48\/100\n|move|p2a: I hate spikes|Wish|p2a: I hate spikes\n|\n|-heal|p1a: Donphan|99\/100|[from] move: Wish|[wisher] Clefable\n|upkeep\n|turn|116\n|\n|t:|1699861932\n|switch|p2a: I hate webs|Zapdos|59\/100 brn\n|move|p1a: Donphan|Stealth Rock|p2a: I hate webs\n|-sidestart|p2: Bruh Wobuffet|move: Stealth Rock\n|\n|-heal|p2a: I hate webs|100\/100 brn|[from] move: Wish|[wisher] I hate spikes\n|-damage|p2a: I hate webs|94\/100 brn|[from] brn\n|upkeep\n|turn|117\n|\n|t:|1699861946\n|switch|p1a: Clodsire|Clodsire, M, shiny|83\/100\n|move|p2a: I hate webs|Hurricane|p1a: Clodsire\n|-damage|p1a: Clodsire|53\/100\n|\n|-heal|p1a: Clodsire|59\/100|[from] item: Leftovers\n|-damage|p2a: I hate webs|88\/100 brn|[from] brn\n|upkeep\n|turn|118\n|\n|t:|1699861957\n|switch|p2a: I hate Rocks|Corviknight, F|88\/100 brn\n|-damage|p2a: I hate Rocks|75\/100 brn|[from] Stealth Rock\n|-ability|p2a: I hate Rocks|Pressure\n|move|p1a: Clodsire|Recover|p1a: Clodsire\n|-heal|p1a: Clodsire|100\/100\n|\n|-damage|p2a: I hate Rocks|69\/100 brn|[from] brn\n|upkeep\n|turn|119\n|\n|t:|1699861962\n|switch|p1a: Donphan|Donphan, F, shiny|99\/100\n|move|p2a: I hate Rocks|Defog|p1a: Donphan\n|-unboost|p1a: Donphan|evasion|1\n|-sideend|p2: Bruh Wobuffet|Stealth Rock|[from] move: Defog|[of] p2a: I hate Rocks\n|\n|-damage|p2a: I hate Rocks|63\/100 brn|[from] brn\n|upkeep\n|turn|120\n|\n|t:|1699861968\n|move|p2a: I hate Rocks|Roost|p2a: I hate Rocks\n|-heal|p2a: I hate Rocks|100\/100 brn\n|-singleturn|p2a: I hate Rocks|move: Roost\n|move|p1a: Donphan|Stealth Rock|p2a: I hate Rocks\n|-sidestart|p2: Bruh Wobuffet|move: Stealth Rock\n|\n|-damage|p2a: I hate Rocks|94\/100 brn|[from] brn\n|upkeep\n|turn|121\n|\n|t:|1699861973\n|move|p2a: I hate Rocks|Defog|p1a: Donphan\n|-unboost|p1a: Donphan|evasion|1\n|-sideend|p2: Bruh Wobuffet|Stealth Rock|[from] move: Defog|[of] p2a: I hate Rocks\n|move|p1a: Donphan|Rapid Spin|p2a: I hate Rocks\n|-resisted|p2a: I hate Rocks\n|-damage|p2a: I hate Rocks|90\/100 brn\n|-boost|p1a: Donphan|spe|1\n|\n|-damage|p2a: I hate Rocks|84\/100 brn|[from] brn\n|upkeep\n|turn|122\n|\n|t:|1699861977\n|move|p1a: Donphan|Stealth Rock|p2a: I hate Rocks\n|-sidestart|p2: Bruh Wobuffet|move: Stealth Rock\n|move|p2a: I hate Rocks|U-turn|p1a: Donphan\n|-damage|p1a: Donphan|95\/100\n|\n|t:|1699861979\n|switch|p2a: I hate gliscor|Great Tusk|79\/100 brn|[from] U-turn\n|-damage|p2a: I hate gliscor|76\/100 brn|[from] Stealth Rock\n|\n|-damage|p2a: I hate gliscor|70\/100 brn|[from] brn\n|upkeep\n|turn|123\n|\n|t:|1699861985\n|move|p2a: I hate gliscor|Knock Off|p1a: Donphan\n|-damage|p1a: Donphan|85\/100\n|-enditem|p1a: Donphan|Heavy-Duty Boots|[from] move: Knock Off|[of] p2a: I hate gliscor\n|move|p1a: Donphan|Knock Off|p2a: I hate gliscor\n|-resisted|p2a: I hate gliscor\n|-damage|p2a: I hate gliscor|62\/100 brn\n|-damage|p1a: Donphan|68\/100|[from] item: Rocky Helmet|[of] p2a: I hate gliscor\n|-enditem|p2a: I hate gliscor|Rocky Helmet|[from] move: Knock Off|[of] p1a: Donphan\n|\n|-damage|p2a: I hate gliscor|56\/100 brn|[from] brn\n|upkeep\n|turn|124\n|\n|t:|1699861997\n|move|p2a: I hate gliscor|Rapid Spin|p1a: Donphan\n|-damage|p1a: Donphan|64\/100\n|-boost|p2a: I hate gliscor|spe|1\n|-sideend|p2: Bruh Wobuffet|Stealth Rock|[from] move: Rapid Spin|[of] p2a: I hate gliscor\n|move|p1a: Donphan|Earthquake|p2a: I hate gliscor\n|-damage|p2a: I hate gliscor|32\/100 brn\n|\n|-damage|p2a: I hate gliscor|25\/100 brn|[from] brn\n|upkeep\n|turn|125\n|inactive|Bruh Wobuffet has 120 seconds left.\n|\n|t:|1699862007\n|-end|p2a: I hate gliscor|Protosynthesis|[silent]\n|switch|p2a: I hate webs|Zapdos|88\/100 brn\n|switch|p1a: Moltres|Moltres, shiny|99\/100\n|\n|-damage|p2a: I hate webs|82\/100 brn|[from] brn\n|upkeep\n|turn|126\n|inactive|Bruh Wobuffet has 120 seconds left.\n|\n|t:|1699862014\n|switch|p2a: I hate gliscor|Great Tusk|25\/100 brn\n|switch|p1a: Clodsire|Clodsire, M, shiny|100\/100\n|\n|-damage|p2a: I hate gliscor|19\/100 brn|[from] brn\n|upkeep\n|turn|127\n|inactive|Bruh Wobuffet has 120 seconds left.\n|\n|t:|1699862022\n|switch|p1a: Weezing|Weezing-Galar, F, shiny|100\/100\n|-ability|p1a: Weezing|Neutralizing Gas\n|move|p2a: I hate gliscor|Endeavor|p1a: Weezing\n|-damage|p1a: Weezing|22\/100\n|\n|-heal|p1a: Weezing|28\/100|[from] item: Leftovers\n|-damage|p2a: I hate gliscor|13\/100 brn|[from] brn\n|upkeep\n|turn|128\n|inactive|Bruh Wobuffet has 120 seconds left.\n|\n|t:|1699862035\n|-end|p2a: I hate gliscor|Protosynthesis|[silent]\n|switch|p2a: I hate spikes|Clefable, M|100\/100 brn\n|move|p1a: Weezing|Sludge Bomb|p2a: I hate spikes\n|-supereffective|p2a: I hate spikes\n|-damage|p2a: I hate spikes|50\/100 brn\n|\n|-heal|p2a: I hate spikes|56\/100 brn|[from] item: Leftovers\n|-heal|p1a: Weezing|34\/100|[from] item: Leftovers\n|-damage|p2a: I hate spikes|50\/100 brn|[from] brn\n|upkeep\n|turn|129\n|\n|t:|1699862045\n|-terastallize|p2a: I hate spikes|Water\n|move|p1a: Weezing|Pain Split|p2a: I hate spikes\n|-sethp|p2a: I hate spikes|39\/100 brn|[from] move: Pain Split|[silent]\n|-sethp|p1a: Weezing|46\/100|[from] move: Pain Split\n|move|p2a: I hate spikes|Wish|p2a: I hate spikes\n|\n|-heal|p1a: Weezing|52\/100|[from] item: Leftovers\n|-heal|p2a: I hate spikes|45\/100 brn|[from] item: Leftovers\n|-damage|p2a: I hate spikes|39\/100 brn|[from] brn\n|upkeep\n|turn|130\n|\n|t:|1699862054\n|move|p1a: Weezing|Sludge Bomb|p2a: I hate spikes\n|-damage|p2a: I hate spikes|12\/100 brn\n|move|p2a: I hate spikes|Stealth Rock|p1a: Weezing\n|-sidestart|p1: sorrow132|move: Stealth Rock\n|\n|-heal|p2a: I hate spikes|62\/100 brn|[from] move: Wish|[wisher] I hate spikes\n|-heal|p2a: I hate spikes|68\/100 brn|[from] item: Leftovers\n|-heal|p1a: Weezing|58\/100|[from] item: Leftovers\n|-damage|p2a: I hate spikes|62\/100 brn|[from] brn\n|upkeep\n|turn|131\n|\n|t:|1699862058\n|move|p2a: I hate spikes|Wish|p2a: I hate spikes\n|move|p1a: Weezing|Defog|p2a: I hate spikes\n|-unboost|p2a: I hate spikes|evasion|1\n|-sideend|p1: sorrow132|Stealth Rock|[from] move: Defog|[of] p1a: Weezing\n|\n|-heal|p1a: Weezing|64\/100|[from] item: Leftovers\n|-heal|p2a: I hate spikes|68\/100 brn|[from] item: Leftovers\n|-damage|p2a: I hate spikes|62\/100 brn|[from] brn\n|upkeep\n|turn|132\n|inactive|Bruh Wobuffet has 120 seconds left.\n|\n|t:|1699862067\n|switch|p2a: I hate gliscor|Great Tusk|13\/100 brn\n|move|p1a: Weezing|Sludge Bomb|p2a: I hate gliscor\n|-resisted|p2a: I hate gliscor\n|-damage|p2a: I hate gliscor|0 fnt\n|faint|p2a: I hate gliscor\n|-end|p2a: I hate gliscor|Protosynthesis|[silent]\n|\n|-heal|p1a: Weezing|70\/100|[from] item: Leftovers\n|upkeep\n|inactive|Bruh Wobuffet has 120 seconds left.\n|\n|t:|1699862076\n|switch|p2a: I hate webs|Zapdos|82\/100 brn\n|turn|133\n|inactive|Bruh Wobuffet has 120 seconds left.\n|\n|t:|1699862083\n|switch|p2a: I hate glimmora|Slowking-Galar, F|100\/100 brn\n|-end|p1a: Weezing|ability: Neutralizing Gas\n|switch|p1a: Clodsire|Clodsire, M, shiny|100\/100\n|\n|-damage|p2a: I hate glimmora|94\/100 brn|[from] brn\n|upkeep\n|turn|134\n|inactive|Bruh Wobuffet has 120 seconds left.\n|\n|t:|1699862089\n|move|p2a: I hate glimmora|Future Sight|p1a: Clodsire\n|-start|p2a: I hate glimmora|move: Future Sight\n|move|p1a: Clodsire|Earthquake|p2a: I hate glimmora\n|-supereffective|p2a: I hate glimmora\n|-damage|p2a: I hate glimmora|43\/100 brn\n|\n|-damage|p2a: I hate glimmora|37\/100 brn|[from] brn\n|upkeep\n|turn|135\n|\n|t:|1699862093\n|switch|p2a: I hate Rocks|Corviknight, F|84\/100 brn\n|-ability|p2a: I hate Rocks|Pressure\n|move|p1a: Clodsire|Spikes|p2a: I hate Rocks\n|-sidestart|p2: Bruh Wobuffet|Spikes\n|\n|-damage|p2a: I hate Rocks|77\/100 brn|[from] brn\n|upkeep\n|turn|136\n|\n|t:|1699862100\n|switch|p1a: Clefable|Clefable, M, shiny, tera:Water|76\/100 par\n|move|p2a: I hate Rocks|Defog|p1a: Clefable\n|-unboost|p1a: Clefable|evasion|1\n|-sideend|p2: Bruh Wobuffet|Spikes|[from] move: Defog|[of] p2a: I hate Rocks\n|\n|-end|p1a: Clefable|move: Future Sight\n|-damage|p1a: Clefable|44\/100 par\n|-heal|p1a: Clefable|50\/100 par|[from] item: Leftovers\n|-damage|p2a: I hate Rocks|71\/100 brn|[from] brn\n|upkeep\n|turn|137\n|\n|t:|1699862104\n|move|p2a: I hate Rocks|Brave Bird|p1a: Clefable\n|-damage|p1a: Clefable|29\/100 par\n|-damage|p2a: I hate Rocks|64\/100 brn|[from] Recoil\n|move|p1a: Clefable|Wish|p1a: Clefable\n|\n|-heal|p1a: Clefable|36\/100 par|[from] item: Leftovers\n|-damage|p2a: I hate Rocks|58\/100 brn|[from] brn\n|upkeep\n|turn|138\n|\n|t:|1699862110\n|switch|p2a: I hate spikes|Clefable, M, tera:Water|62\/100 brn\n|move|p1a: Clefable|Moonblast|p2a: I hate spikes\n|-damage|p2a: I hate spikes|30\/100 brn\n|-unboost|p2a: I hate spikes|spa|1\n|\n|-heal|p1a: Clefable|86\/100 par|[from] move: Wish|[wisher] Clefable\n|-heal|p2a: I hate spikes|36\/100 brn|[from] item: Leftovers\n|-heal|p1a: Clefable|92\/100 par|[from] item: Leftovers\n|upkeep\n|turn|139\n|\n|t:|1699862116\n|move|p2a: I hate spikes|Wish|p2a: I hate spikes\n|move|p1a: Clefable|Knock Off|p2a: I hate spikes\n|-damage|p2a: I hate spikes|24\/100 brn\n|-enditem|p2a: I hate spikes|Leftovers|[from] move: Knock Off|[of] p1a: Clefable\n|\n|-heal|p1a: Clefable|98\/100 par|[from] item: Leftovers\n|upkeep\n|turn|140\n|\n|t:|1699862124\n|move|p2a: I hate spikes|Protect|p2a: I hate spikes\n|-singleturn|p2a: I hate spikes|Protect\n|move|p1a: Clefable|Wish|p1a: Clefable\n|\n|-heal|p2a: I hate spikes|74\/100 brn|[from] move: Wish|[wisher] I hate spikes\n|-heal|p1a: Clefable|100\/100 par|[from] item: Leftovers\n|upkeep\n|turn|141\n|\n|t:|1699862132\n|switch|p1a: Donphan|Donphan, F, shiny|64\/100\n|move|p2a: I hate spikes|Moonblast|p1a: Donphan\n|-damage|p1a: Donphan|44\/100\n|\n|-heal|p1a: Donphan|95\/100|[from] move: Wish|[wisher] Clefable\n|upkeep\n|turn|142\n|\n|t:|1699862141\n|switch|p2a: I hate Rocks|Corviknight, F|58\/100 brn\n|-ability|p2a: I hate Rocks|Pressure\n|move|p1a: Donphan|Stealth Rock|p2a: I hate Rocks\n|-sidestart|p2: Bruh Wobuffet|move: Stealth Rock\n|\n|-damage|p2a: I hate Rocks|52\/100 brn|[from] brn\n|upkeep\n|turn|143\n|\n|t:|1699862145\n|move|p2a: I hate Rocks|Roost|p2a: I hate Rocks\n|-heal|p2a: I hate Rocks|100\/100 brn\n|-singleturn|p2a: I hate Rocks|move: Roost\n|move|p1a: Donphan|Earthquake|p2a: I hate Rocks\n|-supereffective|p2a: I hate Rocks\n|-damage|p2a: I hate Rocks|53\/100 brn\n|\n|-damage|p2a: I hate Rocks|47\/100 brn|[from] brn\n|upkeep\n|turn|144\n|\n|t:|1699862154\n|move|p2a: I hate Rocks|Defog|p1a: Donphan\n|-unboost|p1a: Donphan|evasion|1\n|-sideend|p2: Bruh Wobuffet|Stealth Rock|[from] move: Defog|[of] p2a: I hate Rocks\n|move|p1a: Donphan|Stealth Rock|p2a: I hate Rocks\n|-sidestart|p2: Bruh Wobuffet|move: Stealth Rock\n|\n|-damage|p2a: I hate Rocks|41\/100 brn|[from] brn\n|upkeep\n|turn|145\n|\n|t:|1699862160\n|move|p2a: I hate Rocks|Defog|p1a: Donphan\n|-unboost|p1a: Donphan|evasion|1\n|-sideend|p2: Bruh Wobuffet|Stealth Rock|[from] move: Defog|[of] p2a: I hate Rocks\n|move|p1a: Donphan|Earthquake|p2a: I hate Rocks\n|-immune|p2a: I hate Rocks\n|\n|-damage|p2a: I hate Rocks|35\/100 brn|[from] brn\n|upkeep\n|turn|146\n|\n|t:|1699862164\n|move|p2a: I hate Rocks|Roost|p2a: I hate Rocks\n|-heal|p2a: I hate Rocks|85\/100 brn\n|-singleturn|p2a: I hate Rocks|move: Roost\n|move|p1a: Donphan|Earthquake|p2a: I hate Rocks\n|-supereffective|p2a: I hate Rocks\n|-damage|p2a: I hate Rocks|38\/100 brn\n|\n|-damage|p2a: I hate Rocks|32\/100 brn|[from] brn\n|upkeep\n|turn|147\n|\n|t:|1699862169\n|move|p2a: I hate Rocks|U-turn|p1a: Donphan\n|-damage|p1a: Donphan|90\/100\n|\n|t:|1699862174\n|switch|p2a: I hate webs|Zapdos|82\/100 brn|[from] U-turn\n|move|p1a: Donphan|Stealth Rock|p2a: I hate webs\n|-sidestart|p2: Bruh Wobuffet|move: Stealth Rock\n|\n|-damage|p2a: I hate webs|76\/100 brn|[from] brn\n|upkeep\n|turn|148\n|\n|t:|1699862186\n|switch|p2a: I hate Rocks|Corviknight, F|32\/100 brn\n|-damage|p2a: I hate Rocks|19\/100 brn|[from] Stealth Rock\n|-ability|p2a: I hate Rocks|Pressure\n|switch|p1a: Clodsire|Clodsire, M, shiny|100\/100\n|\n|-damage|p2a: I hate Rocks|13\/100 brn|[from] brn\n|upkeep\n|turn|149\n|\n|t:|1699862189\n|move|p2a: I hate Rocks|Roost|p2a: I hate Rocks\n|-heal|p2a: I hate Rocks|63\/100 brn\n|-singleturn|p2a: I hate Rocks|move: Roost\n|move|p1a: Clodsire|Earthquake|p2a: I hate Rocks\n|-supereffective|p2a: I hate Rocks\n|-damage|p2a: I hate Rocks|29\/100 brn\n|\n|-damage|p2a: I hate Rocks|22\/100 brn|[from] brn\n|upkeep\n|turn|150\n|\n|t:|1699862198\n|move|p2a: I hate Rocks|Defog|p1a: Clodsire\n|-unboost|p1a: Clodsire|evasion|1\n|-sideend|p2: Bruh Wobuffet|Stealth Rock|[from] move: Defog|[of] p2a: I hate Rocks\n|move|p1a: Clodsire|Earthquake|p2a: I hate Rocks\n|-immune|p2a: I hate Rocks\n|\n|-damage|p2a: I hate Rocks|16\/100 brn|[from] brn\n|upkeep\n|turn|151\n|\n|t:|1699862206\n|move|p2a: I hate Rocks|Roost|p2a: I hate Rocks\n|-heal|p2a: I hate Rocks|66\/100 brn\n|-singleturn|p2a: I hate Rocks|move: Roost\n|move|p1a: Clodsire|Earthquake|p2a: I hate Rocks\n|-supereffective|p2a: I hate Rocks\n|-damage|p2a: I hate Rocks|33\/100 brn\n|\n|-damage|p2a: I hate Rocks|27\/100 brn|[from] brn\n|upkeep\n|turn|152\n|\n|t:|1699862212\n|switch|p2a: I hate spikes|Clefable, M, tera:Water|74\/100 brn\n|move|p1a: Clodsire|Earthquake|p2a: I hate spikes\n|-damage|p2a: I hate spikes|52\/100 brn\n|\n|upkeep\n|turn|153\n|\n|t:|1699862217\n|move|p2a: I hate spikes|Wish|p2a: I hate spikes\n|move|p1a: Clodsire|Spikes|p2a: I hate spikes\n|-sidestart|p2: Bruh Wobuffet|Spikes\n|\n|upkeep\n|turn|154\n|\n|t:|1699862222\n|switch|p2a: I hate Rocks|Corviknight, F|27\/100 brn\n|-ability|p2a: I hate Rocks|Pressure\n|move|p1a: Clodsire|Spikes|p2a: I hate Rocks\n|-sidestart|p2: Bruh Wobuffet|Spikes\n|\n|-heal|p2a: I hate Rocks|76\/100 brn|[from] move: Wish|[wisher] I hate spikes\n|-damage|p2a: I hate Rocks|70\/100 brn|[from] brn\n|upkeep\n|turn|155\n|\n|t:|1699862229\n|switch|p1a: Moltres|Moltres, shiny|99\/100\n|move|p2a: I hate Rocks|Defog|p1a: Moltres\n|-unboost|p1a: Moltres|evasion|1\n|-sideend|p2: Bruh Wobuffet|Spikes|[from] move: Defog|[of] p2a: I hate Rocks\n|\n|-damage|p2a: I hate Rocks|64\/100 brn|[from] brn\n|upkeep\n|turn|156\n|\n|t:|1699862240\n|switch|p2a: I hate glimmora|Slowking-Galar, F|70\/100 brn\n|move|p1a: Moltres|Flamethrower|p2a: I hate glimmora\n|-damage|p2a: I hate glimmora|45\/100 brn\n|\n|-damage|p2a: I hate glimmora|39\/100 brn|[from] brn\n|upkeep\n|turn|157\n|\n|t:|1699862246\n|move|p1a: Moltres|Air Slash|p2a: I hate glimmora\n|-damage|p2a: I hate glimmora|17\/100 brn\n|move|p2a: I hate glimmora|Future Sight|p1a: Moltres\n|-start|p2a: I hate glimmora|move: Future Sight\n|\n|-damage|p2a: I hate glimmora|11\/100 brn|[from] brn\n|upkeep\n|turn|158\n|\n|t:|1699862252\n|switch|p2a: I hate ghold|Cinderace, M|3\/100 brn\n|move|p1a: Moltres|Flamethrower|p2a: I hate ghold\n|-resisted|p2a: I hate ghold\n|-damage|p2a: I hate ghold|0 fnt\n|faint|p2a: I hate ghold\n|\n|upkeep\n|\n|t:|1699862257\n|switch|p2a: I hate webs|Zapdos|76\/100 brn\n|turn|159\n|\n|t:|1699862271\n|switch|p1a: Donphan|Donphan, F, shiny|90\/100\n|move|p2a: I hate webs|Thunderbolt|p1a: Donphan\n|-immune|p1a: Donphan\n|\n|-end|p1a: Donphan|move: Future Sight\n|-damage|p1a: Donphan|44\/100\n|-damage|p2a: I hate webs|69\/100 brn|[from] brn\n|upkeep\n|turn|160\n|\n|t:|1699862284\n|switch|p2a: I hate spikes|Clefable, M, tera:Water|52\/100 brn\n|switch|p1a: Clodsire|Clodsire, M, shiny|100\/100\n|\n|upkeep\n|turn|161\n|\n|t:|1699862290\n|move|p2a: I hate spikes|Wish|p2a: I hate spikes\n|move|p1a: Clodsire|Earthquake|p2a: I hate spikes\n|-damage|p2a: I hate spikes|29\/100 brn\n|\n|upkeep\n|turn|162\n|\n|t:|1699862295\n|move|p2a: I hate spikes|Stealth Rock|p1a: Clodsire\n|-sidestart|p1: sorrow132|move: Stealth Rock\n|move|p1a: Clodsire|Poison Jab|p2a: I hate spikes\n|-damage|p2a: I hate spikes|13\/100 brn\n|\n|-heal|p2a: I hate spikes|63\/100 brn|[from] move: Wish|[wisher] I hate spikes\n|upkeep\n|turn|163\n|\n|t:|1699862300\n|move|p2a: I hate spikes|Wish|p2a: I hate spikes\n|move|p1a: Clodsire|Recover||[still]\n|-fail|p1a: Clodsire|heal\n|\n|upkeep\n|turn|164\n|\n|t:|1699862304\n|switch|p2a: I hate glimmora|Slowking-Galar, F|44\/100 brn\n|move|p1a: Clodsire|Spikes|p2a: I hate glimmora\n|-sidestart|p2: Bruh Wobuffet|Spikes\n|\n|-heal|p2a: I hate glimmora|94\/100 brn|[from] move: Wish|[wisher] I hate spikes\n|-damage|p2a: I hate glimmora|88\/100 brn|[from] brn\n|upkeep\n|turn|165\n|\n|t:|1699862311\n|move|p2a: I hate glimmora|Future Sight|p1a: Clodsire\n|-start|p2a: I hate glimmora|move: Future Sight\n|move|p1a: Clodsire|Earthquake|p2a: I hate glimmora\n|-supereffective|p2a: I hate glimmora\n|-damage|p2a: I hate glimmora|33\/100 brn\n|\n|-damage|p2a: I hate glimmora|27\/100 brn|[from] brn\n|upkeep\n|turn|166\n|\n|t:|1699862316\n|switch|p2a: I hate webs|Zapdos|69\/100 brn\n|move|p1a: Clodsire|Spikes|p2a: I hate webs\n|-sidestart|p2: Bruh Wobuffet|Spikes\n|\n|-damage|p2a: I hate webs|63\/100 brn|[from] brn\n|upkeep\n|turn|167\n|\n|t:|1699862324\n|move|p2a: I hate webs|Hurricane|p1a: Clodsire|[miss]\n|-miss|p2a: I hate webs|p1a: Clodsire\n|move|p1a: Clodsire|Recover||[still]\n|-fail|p1a: Clodsire|heal\n|\n|-end|p1a: Clodsire|move: Future Sight\n|-supereffective|p1a: Clodsire\n|-crit|p1a: Clodsire\n|-damage|p1a: Clodsire|22\/100\n|-heal|p1a: Clodsire|28\/100|[from] item: Leftovers\n|-damage|p2a: I hate webs|57\/100 brn|[from] brn\n|upkeep\n|turn|168\n|\n|t:|1699862329\n|switch|p1a: Clefable|Clefable, M, shiny, tera:Water|100\/100 par\n|move|p2a: I hate webs|Hurricane|p1a: Clefable\n|-damage|p1a: Clefable|60\/100 par\n|\n|-heal|p1a: Clefable|66\/100 par|[from] item: Leftovers\n|-damage|p2a: I hate webs|51\/100 brn|[from] brn\n|upkeep\n|turn|169\n|\n|t:|1699862340\n|move|p1a: Clefable|Protect|p1a: Clefable\n|-singleturn|p1a: Clefable|Protect\n|move|p2a: I hate webs|Thunderbolt|p1a: Clefable\n|-activate|p1a: Clefable|move: Protect\n|\n|-heal|p1a: Clefable|72\/100 par|[from] item: Leftovers\n|-damage|p2a: I hate webs|44\/100 brn|[from] brn\n|upkeep\n|turn|170\n|\n|t:|1699862350\n|switch|p1a: Donphan|Donphan, F, shiny|44\/100\n|-damage|p1a: Donphan|38\/100|[from] Stealth Rock\n|move|p2a: I hate webs|Roost|p2a: I hate webs\n|-heal|p2a: I hate webs|95\/100 brn\n|-singleturn|p2a: I hate webs|move: Roost\n|\n|-damage|p2a: I hate webs|88\/100 brn|[from] brn\n|upkeep\n|turn|171\n|\n|t:|1699862361\n|switch|p1a: Clefable|Clefable, M, shiny, tera:Water|72\/100 par\n|move|p2a: I hate webs|Thunderbolt|p1a: Clefable\n|-supereffective|p1a: Clefable\n|-damage|p1a: Clefable|6\/100 par\n|\n|-heal|p1a: Clefable|12\/100 par|[from] item: Leftovers\n|-damage|p2a: I hate webs|82\/100 brn|[from] brn\n|upkeep\n|turn|172\n|j| TeamTest74528\n|\n|t:|1699862369\n|cant|p1a: Clefable|par\n|move|p2a: I hate webs|Thunderbolt|p1a: Clefable\n|-supereffective|p1a: Clefable\n|-damage|p1a: Clefable|0 fnt\n|faint|p1a: Clefable\n|\n|-damage|p2a: I hate webs|76\/100 brn|[from] brn\n|upkeep\n|j| t-modesty\n|\n|t:|1699862388\n|switch|p1a: Donphan|Donphan, F, shiny|38\/100\n|-damage|p1a: Donphan|31\/100|[from] Stealth Rock\n|turn|173\n|\n|t:|1699862399\n|switch|p2a: I hate Rocks|Corviknight, F|64\/100 brn\n|-ability|p2a: I hate Rocks|Pressure\n|move|p1a: Donphan|Stealth Rock|p2a: I hate Rocks\n|-sidestart|p2: Bruh Wobuffet|move: Stealth Rock\n|\n|-damage|p2a: I hate Rocks|57\/100 brn|[from] brn\n|upkeep\n|turn|174\n|inactive|sorrow132 has 120 seconds left.\n|\n|t:|1699862413\n|move|p2a: I hate Rocks|U-turn|p1a: Donphan\n|-damage|p1a: Donphan|27\/100\n|\n|t:|1699862417\n|switch|p2a: I hate spikes|Clefable, M, tera:Water|63\/100 brn|[from] U-turn\n|move|p1a: Donphan|Knock Off|p2a: I hate spikes\n|-damage|p2a: I hate spikes|51\/100 brn\n|\n|upkeep\n|turn|175\n|\n|t:|1699862431\n|switch|p2a: I hate webs|Zapdos|76\/100 brn\n|-damage|p2a: I hate webs|51\/100 brn|[from] Stealth Rock\n|switch|p1a: Clodsire|Clodsire, M, shiny|28\/100\n|-damage|p1a: Clodsire|22\/100|[from] Stealth Rock\n|\n|-heal|p1a: Clodsire|28\/100|[from] item: Leftovers\n|-damage|p2a: I hate webs|45\/100 brn|[from] brn\n|upkeep\n|turn|176\n|inactive|sorrow132 has 120 seconds left.\n|\n|t:|1699862449\n|move|p2a: I hate webs|Hurricane|p1a: Clodsire|[miss]\n|-miss|p2a: I hate webs|p1a: Clodsire\n|move|p1a: Clodsire|Recover|p1a: Clodsire\n|-heal|p1a: Clodsire|78\/100\n|\n|-heal|p1a: Clodsire|84\/100|[from] item: Leftovers\n|-damage|p2a: I hate webs|39\/100 brn|[from] brn\n|upkeep\n|turn|177\n|c|\u2606Bruh Wobuffet|smh\n|c|\u2606Bruh Wobuffet|sigh\n|inactive|Bruh Wobuffet has 120 seconds left.\n|c|\u2606sorrow132|Rip\n|c|\u2606Bruh Wobuffet|all come down to a miss\n|\n|t:|1699862476\n|switch|p2a: I hate glimmora|Slowking-Galar, F|60\/100 brn\n|-damage|p2a: I hate glimmora|44\/100 brn|[from] Spikes\n|-damage|p2a: I hate glimmora|31\/100 brn|[from] Stealth Rock\n|move|p1a: Clodsire|Spikes|p2a: I hate glimmora\n|-sidestart|p2: Bruh Wobuffet|Spikes\n|\n|-heal|p1a: Clodsire|90\/100|[from] item: Leftovers\n|-damage|p2a: I hate glimmora|25\/100 brn|[from] brn\n|upkeep\n|turn|178\n|inactive|sorrow132 has 120 seconds left.\n|l| t-modesty\n|c|\u2606sorrow132|Fr that was the moment\n|\n|t:|1699862488\n|switch|p2a: I hate Rocks|Corviknight, F|57\/100 brn\n|-damage|p2a: I hate Rocks|45\/100 brn|[from] Stealth Rock\n|-ability|p2a: I hate Rocks|Pressure\n|move|p1a: Clodsire|Earthquake|p2a: I hate Rocks\n|-immune|p2a: I hate Rocks\n|\n|-heal|p1a: Clodsire|97\/100|[from] item: Leftovers\n|-damage|p2a: I hate Rocks|39\/100 brn|[from] brn\n|upkeep\n|turn|179\n|\n|t:|1699862494\n|move|p2a: I hate Rocks|Defog|p1a: Clodsire\n|-unboost|p1a: Clodsire|evasion|1\n|-sideend|p1: sorrow132|Stealth Rock|[from] move: Defog|[of] p2a: I hate Rocks\n|-sideend|p2: Bruh Wobuffet|Spikes|[from] move: Defog|[of] p2a: I hate Rocks\n|-sideend|p2: Bruh Wobuffet|Stealth Rock|[from] move: Defog|[of] p2a: I hate Rocks\n|move|p1a: Clodsire|Spikes|p2a: I hate Rocks\n|-sidestart|p2: Bruh Wobuffet|Spikes\n|\n|-heal|p1a: Clodsire|100\/100|[from] item: Leftovers\n|-damage|p2a: I hate Rocks|32\/100 brn|[from] brn\n|upkeep\n|turn|180\n|inactive|sorrow132 has 120 seconds left.\n|\n|t:|1699862503\n|switch|p1a: Moltres|Moltres, shiny|99\/100\n|move|p2a: I hate Rocks|Defog|p1a: Moltres\n|-unboost|p1a: Moltres|evasion|1\n|-sideend|p2: Bruh Wobuffet|Spikes|[from] move: Defog|[of] p2a: I hate Rocks\n|\n|-damage|p2a: I hate Rocks|26\/100 brn|[from] brn\n|upkeep\n|turn|181\n|\n|t:|1699862513\n|switch|p2a: I hate glimmora|Slowking-Galar, F|59\/100 brn\n|move|p1a: Moltres|Flamethrower|p2a: I hate glimmora\n|-damage|p2a: I hate glimmora|33\/100 brn\n|\n|-damage|p2a: I hate glimmora|27\/100 brn|[from] brn\n|upkeep\n|turn|182\n|\n|t:|1699862519\n|move|p1a: Moltres|Flamethrower|p2a: I hate glimmora\n|-damage|p2a: I hate glimmora|4\/100 brn\n|move|p2a: I hate glimmora|Future Sight|p1a: Moltres\n|-start|p2a: I hate glimmora|move: Future Sight\n|\n|-damage|p2a: I hate glimmora|0 fnt|[from] brn\n|faint|p2a: I hate glimmora\n|upkeep\n|\n|t:|1699862523\n|switch|p2a: I hate webs|Zapdos|39\/100 brn\n|turn|183\n|inactive|sorrow132 has 120 seconds left.\n|\n|t:|1699862534\n|switch|p1a: Donphan|Donphan, F, shiny|27\/100\n|move|p2a: I hate webs|Hurricane|p1a: Donphan\n|-damage|p1a: Donphan|0 fnt\n|faint|p1a: Donphan\n|\n|-damage|p2a: I hate webs|32\/100 brn|[from] brn\n|upkeep\n|inactive|sorrow132 has 120 seconds left.\n|\n|t:|1699862540\n|switch|p1a: Clodsire|Clodsire, M, shiny|100\/100\n|turn|184\n|\n|t:|1699862543\n|switch|p2a: I hate spikes|Clefable, M, tera:Water|51\/100 brn\n|move|p1a: Clodsire|Spikes|p2a: I hate spikes\n|-sidestart|p2: Bruh Wobuffet|Spikes\n|\n|-end|p1a: Clodsire|move: Future Sight\n|-supereffective|p1a: Clodsire\n|-damage|p1a: Clodsire|48\/100\n|-heal|p1a: Clodsire|55\/100|[from] item: Leftovers\n|upkeep\n|turn|185\n|inactive|sorrow132 has 120 seconds left.\n|\n|t:|1699862556\n|move|p2a: I hate spikes|Stealth Rock|p1a: Clodsire\n|-sidestart|p1: sorrow132|move: Stealth Rock\n|move|p1a: Clodsire|Earthquake|p2a: I hate spikes\n|-damage|p2a: I hate spikes|29\/100 brn\n|\n|-heal|p1a: Clodsire|61\/100|[from] item: Leftovers\n|upkeep\n|turn|186\n|\n|t:|1699862563\n|move|p2a: I hate spikes|Wish|p2a: I hate spikes\n|move|p1a: Clodsire|Spikes|p2a: I hate spikes\n|-sidestart|p2: Bruh Wobuffet|Spikes\n|\n|-heal|p1a: Clodsire|67\/100|[from] item: Leftovers\n|upkeep\n|turn|187\n|\n|t:|1699862572\n|switch|p2a: I hate Rocks|Corviknight, F|26\/100 brn\n|-ability|p2a: I hate Rocks|Pressure\n|move|p1a: Clodsire|Recover|p1a: Clodsire\n|-heal|p1a: Clodsire|100\/100\n|\n|-heal|p2a: I hate Rocks|75\/100 brn|[from] move: Wish|[wisher] I hate spikes\n|-damage|p2a: I hate Rocks|69\/100 brn|[from] brn\n|upkeep\n|turn|188\n|\n|t:|1699862585\n|switch|p1a: Weezing|Weezing-Galar, F, shiny|70\/100\n|-ability|p1a: Weezing|Neutralizing Gas\n|-damage|p1a: Weezing|58\/100|[from] Stealth Rock\n|move|p2a: I hate Rocks|U-turn|p1a: Weezing\n|-resisted|p1a: Weezing\n|-damage|p1a: Weezing|57\/100\n|\n|t:|1699862592\n|switch|p2a: I hate webs|Zapdos|32\/100 brn|[from] U-turn\n|\n|-heal|p1a: Weezing|63\/100|[from] item: Leftovers\n|-damage|p2a: I hate webs|26\/100 brn|[from] brn\n|upkeep\n|turn|189\n|\n|t:|1699862601\n|move|p2a: I hate webs|Roost|p2a: I hate webs\n|-heal|p2a: I hate webs|76\/100 brn\n|-singleturn|p2a: I hate webs|move: Roost\n|move|p1a: Weezing|Defog|p2a: I hate webs\n|-unboost|p2a: I hate webs|evasion|1\n|-sideend|p2: Bruh Wobuffet|Spikes|[from] move: Defog|[of] p1a: Weezing\n|-sideend|p1: sorrow132|Stealth Rock|[from] move: Defog|[of] p1a: Weezing\n|\n|-heal|p1a: Weezing|69\/100|[from] item: Leftovers\n|-damage|p2a: I hate webs|70\/100 brn|[from] brn\n|upkeep\n|turn|190\n|inactive|Bruh Wobuffet has 90 seconds left.\n|\n|t:|1699862617\n|switch|p2a: I hate spikes|Clefable, M, tera:Water|29\/100 brn\n|-end|p1a: Weezing|ability: Neutralizing Gas\n|switch|p1a: Clodsire|Clodsire, M, shiny|100\/100\n|\n|upkeep\n|turn|191\n|\n|t:|1699862628\n|move|p2a: I hate spikes|Stealth Rock|p1a: Clodsire\n|-sidestart|p1: sorrow132|move: Stealth Rock\n|move|p1a: Clodsire|Poison Jab|p2a: I hate spikes\n|-damage|p2a: I hate spikes|12\/100 brn\n|\n|upkeep\n|turn|192\n|\n|t:|1699862632\n|switch|p2a: I hate Rocks|Corviknight, F|69\/100 brn\n|-ability|p2a: I hate Rocks|Pressure\n|move|p1a: Clodsire|Poison Jab|p2a: I hate Rocks\n|-immune|p2a: I hate Rocks\n|\n|-damage|p2a: I hate Rocks|63\/100 brn|[from] brn\n|upkeep\n|turn|193\n|\n|t:|1699862641\n|move|p2a: I hate Rocks|Brave Bird|p1a: Clodsire\n|-damage|p1a: Clodsire|79\/100\n|-damage|p2a: I hate Rocks|55\/100 brn|[from] Recoil\n|move|p1a: Clodsire|Poison Jab|p2a: I hate Rocks\n|-immune|p2a: I hate Rocks\n|\n|-heal|p1a: Clodsire|85\/100|[from] item: Leftovers\n|-damage|p2a: I hate Rocks|48\/100 brn|[from] brn\n|upkeep\n|turn|194\n|\n|t:|1699862648\n|move|p2a: I hate Rocks|Roost|p2a: I hate Rocks\n|-heal|p2a: I hate Rocks|98\/100 brn\n|-singleturn|p2a: I hate Rocks|move: Roost\n|move|p1a: Clodsire|Poison Jab|p2a: I hate Rocks\n|-immune|p2a: I hate Rocks\n|\n|-heal|p1a: Clodsire|91\/100|[from] item: Leftovers\n|-damage|p2a: I hate Rocks|92\/100 brn|[from] brn\n|upkeep\n|turn|195\n|\n|t:|1699862653\n|switch|p1a: Weezing|Weezing-Galar, F, shiny|69\/100\n|-ability|p1a: Weezing|Neutralizing Gas\n|-damage|p1a: Weezing|56\/100|[from] Stealth Rock\n|move|p2a: I hate Rocks|Brave Bird|p1a: Weezing\n|-damage|p1a: Weezing|45\/100\n|-damage|p2a: I hate Rocks|89\/100 brn|[from] Recoil\n|\n|-heal|p1a: Weezing|50\/100|[from] item: Leftovers\n|-damage|p2a: I hate Rocks|83\/100 brn|[from] brn\n|upkeep\n|turn|196\n|\n|t:|1699862667\n|switch|p2a: I hate spikes|Clefable, M, tera:Water|12\/100 brn\n|move|p1a: Weezing|Defog|p2a: I hate spikes\n|-unboost|p2a: I hate spikes|evasion|1\n|-sideend|p1: sorrow132|Stealth Rock|[from] move: Defog|[of] p1a: Weezing\n|\n|-heal|p1a: Weezing|56\/100|[from] item: Leftovers\n|-damage|p2a: I hate spikes|6\/100 brn|[from] brn\n|upkeep\n|turn|197\n|inactive|sorrow132 has 90 seconds left.\n|\n|t:|1699862681\n|switch|p2a: I hate webs|Zapdos|70\/100 brn\n|move|p1a: Weezing|Sludge Bomb|p2a: I hate webs\n|-damage|p2a: I hate webs|40\/100 brn\n|\n|-heal|p1a: Weezing|62\/100|[from] item: Leftovers\n|-damage|p2a: I hate webs|34\/100 brn|[from] brn\n|upkeep\n|turn|198\n|\n|t:|1699862688\n|-end|p1a: Weezing|ability: Neutralizing Gas\n|switch|p1a: Clodsire|Clodsire, M, shiny|91\/100\n|move|p2a: I hate webs|Roost|p2a: I hate webs\n|-heal|p2a: I hate webs|84\/100 brn\n|-singleturn|p2a: I hate webs|move: Roost\n|\n|-heal|p1a: Clodsire|97\/100|[from] item: Leftovers\n|-damage|p2a: I hate webs|78\/100 brn|[from] brn\n|upkeep\n|turn|199\n|\n|t:|1699862694\n|switch|p2a: I hate Rocks|Corviknight, F|83\/100 brn\n|-ability|p2a: I hate Rocks|Pressure\n|move|p1a: Clodsire|Poison Jab|p2a: I hate Rocks\n|-immune|p2a: I hate Rocks\n|\n|-heal|p1a: Clodsire|100\/100|[from] item: Leftovers\n|-damage|p2a: I hate Rocks|76\/100 brn|[from] brn\n|upkeep\n|turn|200\n|inactive|Bruh Wobuffet has 60 seconds left.\n|\n|t:|1699862705\n|switch|p1a: Moltres|Moltres, shiny|99\/100\n|move|p2a: I hate Rocks|Defog|p1a: Moltres\n|-unboost|p1a: Moltres|evasion|1\n|\n|-damage|p2a: I hate Rocks|70\/100 brn|[from] brn\n|upkeep\n|turn|201\n|\n|t:|1699862715\n|switch|p2a: I hate spikes|Clefable, M, tera:Water|6\/100 brn\n|move|p1a: Moltres|Flamethrower|p2a: I hate spikes\n|-resisted|p2a: I hate spikes\n|-damage|p2a: I hate spikes|0 fnt\n|faint|p2a: I hate spikes\n|\n|upkeep\n|\n|t:|1699862717\n|switch|p2a: I hate webs|Zapdos|78\/100 brn\n|turn|202\n|\n|t:|1699862722\n|switch|p2a: I hate Rocks|Corviknight, F|70\/100 brn\n|-ability|p2a: I hate Rocks|Pressure\n|switch|p1a: Clodsire|Clodsire, M, shiny|100\/100\n|\n|-damage|p2a: I hate Rocks|64\/100 brn|[from] brn\n|upkeep\n|turn|203\n|inactive|sorrow132 has 90 seconds left.\n|inactive|Bruh Wobuffet has 60 seconds left.\n|\n|t:|1699862727\n|move|p2a: I hate Rocks|U-turn|p1a: Clodsire\n|-resisted|p1a: Clodsire\n|-damage|p1a: Clodsire|96\/100\n|\n|t:|1699862730\n|switch|p2a: I hate webs|Zapdos|78\/100 brn|[from] U-turn\n|move|p1a: Clodsire|Poison Jab|p2a: I hate webs\n|-damage|p2a: I hate webs|53\/100 brn\n|\n|-heal|p1a: Clodsire|100\/100|[from] item: Leftovers\n|-damage|p2a: I hate webs|46\/100 brn|[from] brn\n|upkeep\n|turn|204\n|\n|t:|1699862735\n|move|p2a: I hate webs|Roost|p2a: I hate webs\n|-heal|p2a: I hate webs|96\/100 brn\n|-singleturn|p2a: I hate webs|move: Roost\n|move|p1a: Clodsire|Earthquake|p2a: I hate webs\n|-supereffective|p2a: I hate webs\n|-crit|p2a: I hate webs\n|-damage|p2a: I hate webs|4\/100 brn\n|\n|-damage|p2a: I hate webs|0 fnt|[from] brn\n|faint|p2a: I hate webs\n|upkeep\n|c|\u2606Bruh Wobuffet|gg\n|inactive|Bruh Wobuffet has 60 seconds left.\n|c|\u2606sorrow132|Gg\n|-message|Bruh Wobuffet forfeited.\n|\n|win|sorrow132\n|raw|sorrow132's rating: 1636 &rarr; <strong>1651<\/strong><br \/>(+15 for winning)\n|raw|Bruh Wobuffet's rating: 1547 &rarr; <strong>1532<\/strong><br \/>(-15 for losing)\n|c|\u2606sorrow132|That was such a good game\n|c|\u2606sorrow132|Ty\n","uploadtime":1699862749,"views":15,"p1id":"sorrow132","p2id":"bruhwobuffet","formatid":"gen9ou","rating":1532,"private":0,"password":""}