{"id":"gen9ou-1991976407","p1":"gcugt","p2":"Imanjoneser","format":"[Gen 9] OU","log":"|j|\u2606gcugt\n|j|\u2606Imanjoneser\n|t:|1700144341\n|gametype|singles\n|player|p1|gcugt|firebreather|1000\n|player|p2|Imanjoneser|bugcatcher-gen4dp|1082\n|teamsize|p1|6\n|teamsize|p2|6\n|gen|9\n|tier|[Gen 9] OU\n|rated|\n|rule|Sleep Clause Mod: Limit one foe put to sleep\n|rule|Species Clause: Limit one of each Pok\u00e9mon\n|rule|OHKO Clause: OHKO moves are banned\n|rule|Evasion Items Clause: Evasion items are banned\n|rule|Evasion Moves Clause: Evasion moves are banned\n|rule|Endless Battle Clause: Forcing endless battles is banned\n|rule|HP Percentage Mod: HP is shown in percentages\n|clearpoke\n|poke|p1|Clefable, M|\n|poke|p1|Slowbro, F|\n|poke|p1|Garganacl, F|\n|poke|p1|Dragapult, M|\n|poke|p1|Iron Hands|\n|poke|p1|Charizard, F|\n|poke|p2|Maushold-Four|\n|poke|p2|Ambipom, F|\n|poke|p2|Snorlax, F|\n|poke|p2|Staraptor, M|\n|poke|p2|Ditto|\n|poke|p2|Farigiraf, F|\n|teampreview\n|\n|t:|1700144348\n|start\n|switch|p1a: Garganacl|Garganacl, F|100\/100\n|switch|p2a: Ambipom|Ambipom, F, shiny|100\/100\n|turn|1\n|\n|t:|1700144367\n|move|p2a: Ambipom|Fake Out|p1a: Garganacl\n|-enditem|p2a: Ambipom|Normal Gem|[from] gem\n|-resisted|p1a: Garganacl\n|-damage|p1a: Garganacl|90\/100\n|move|p1a: Garganacl|Salt Cure|p2a: Ambipom\n|-damage|p2a: Ambipom|76\/100\n|-start|p2a: Ambipom|Salt Cure\n|\n|-damage|p2a: Ambipom|64\/100|[from] Salt Cure\n|upkeep\n|turn|2\n|\n|t:|1700144379\n|move|p2a: Ambipom|Thief|p1a: Garganacl\n|-damage|p1a: Garganacl|73\/100\n|-enditem|p1a: Garganacl|Covert Cloak|[silent]|[from] move: Thief|[of] p2a: Ambipom\n|-item|p2a: Ambipom|Covert Cloak|[from] move: Thief|[of] p1a: Garganacl\n|move|p1a: Garganacl|Iron Defense|p1a: Garganacl\n|-boost|p1a: Garganacl|def|2\n|\n|-damage|p2a: Ambipom|52\/100|[from] Salt Cure\n|upkeep\n|turn|3\n|\n|t:|1700144386\n|switch|p2a: Ditto|Ditto, shiny|100\/100\n|-transform|p2a: Ditto|p1a: Garganacl|[from] ability: Imposter\n|move|p1a: Garganacl|Iron Defense|p1a: Garganacl\n|-boost|p1a: Garganacl|def|2\n|\n|upkeep\n|turn|4\n|\n|t:|1700144396\n|move|p2a: Ditto|Iron Defense|p2a: Ditto\n|-boost|p2a: Ditto|def|2\n|move|p1a: Garganacl|Body Press|p2a: Ditto\n|-supereffective|p2a: Ditto\n|-damage|p2a: Ditto|58\/100\n|\n|-heal|p2a: Ditto|64\/100|[from] item: Leftovers\n|upkeep\n|turn|5\n|\n|t:|1700144404\n|move|p1a: Garganacl|Body Press|p2a: Ditto\n|-supereffective|p2a: Ditto\n|-damage|p2a: Ditto|18\/100\n|move|p2a: Ditto|Body Press|p1a: Garganacl\n|-supereffective|p1a: Garganacl\n|-damage|p1a: Garganacl|44\/100\n|\n|-heal|p2a: Ditto|24\/100|[from] item: Leftovers\n|upkeep\n|turn|6\n|\n|t:|1700144429\n|move|p1a: Garganacl|Body Press|p2a: Ditto\n|-supereffective|p2a: Ditto\n|-damage|p2a: Ditto|0 fnt\n|faint|p2a: Ditto\n|\n|upkeep\n|\n|t:|1700144436\n|switch|p2a: Staraptor|Staraptor, M, shiny|100\/100\n|-ability|p2a: Staraptor|Intimidate|boost\n|-unboost|p1a: Garganacl|atk|1\n|turn|7\n|\n|t:|1700144460\n|move|p2a: Staraptor|Final Gambit|p1a: Garganacl\n|-damage|p1a: Garganacl|0 fnt\n|faint|p2a: Staraptor\n|faint|p1a: Garganacl\n|\n|upkeep\n|\n|t:|1700144479\n|switch|p2a: Ambipom|Ambipom, F, shiny|52\/100\n|switch|p1a: Clefable|Clefable, M|100\/100\n|turn|8\n|\n|t:|1700144491\n|move|p2a: Ambipom|Fake Out|p1a: Clefable\n|-damage|p1a: Clefable|80\/100\n|-enditem|p1a: Clefable|Kee Berry|[eat]\n|-boost|p1a: Clefable|def|1|[from] item: Kee Berry\n|cant|p1a: Clefable|flinch\n|\n|upkeep\n|turn|9\n|\n|t:|1700144501\n|move|p2a: Ambipom|Taunt|p1a: Clefable\n|-start|p1a: Clefable|move: Taunt\n|move|p1a: Clefable|Fire Blast|p2a: Ambipom\n|-damage|p2a: Ambipom|9\/100\n|\n|upkeep\n|turn|10\n|c|\u2606Imanjoneser|Interesting dude I love your team!\n|\n|t:|1700144519\n|move|p2a: Ambipom|Knock Off|p1a: Clefable\n|-resisted|p1a: Clefable\n|-damage|p1a: Clefable|75\/100\n|move|p1a: Clefable|Moonblast|p2a: Ambipom\n|-damage|p2a: Ambipom|0 fnt\n|faint|p2a: Ambipom\n|\n|upkeep\n|\n|t:|1700144541\n|switch|p2a: Snorlax|Snorlax, F, shiny|100\/100\n|turn|11\n|\n|t:|1700144548\n|switch|p1a: Iron Hands|Iron Hands|100\/100\n|move|p2a: Snorlax|Trailblaze|p1a: Iron Hands\n|-damage|p1a: Iron Hands|90\/100\n|-boost|p2a: Snorlax|spe|1\n|\n|upkeep\n|turn|12\n|\n|t:|1700144573\n|-terastallize|p2a: Snorlax|Poison\n|move|p2a: Snorlax|Belly Drum|p2a: Snorlax\n|-damage|p2a: Snorlax|51\/100\n|-setboost|p2a: Snorlax|atk|6|[from] move: Belly Drum\n|move|p1a: Iron Hands|Ice Punch|p2a: Snorlax\n|-damage|p2a: Snorlax|20\/100\n|-status|p2a: Snorlax|frz\n|-enditem|p2a: Snorlax|Sitrus Berry|[eat]\n|-heal|p2a: Snorlax|45\/100 frz|[from] item: Sitrus Berry\n|\n|upkeep\n|turn|13\n|c|\u2606Imanjoneser|OMG COME ON MAN XD\n|\n|t:|1700144598\n|cant|p2a: Snorlax|frz\n|move|p1a: Iron Hands|Ice Punch|p2a: Snorlax\n|-damage|p2a: Snorlax|11\/100 frz\n|\n|upkeep\n|turn|14\n|\n|t:|1700144605\n|-end|p1a: Iron Hands|Quark Drive|[silent]\n|switch|p1a: Slowbro|Slowbro, F|100\/100\n|-curestatus|p2a: Snorlax|frz|[msg]\n|move|p2a: Snorlax|Earthquake|p1a: Slowbro\n|-damage|p1a: Slowbro|15\/100\n|\n|upkeep\n|turn|15\n|c|\u2606Imanjoneser|My gosh\n|\n|t:|1700144625\n|move|p2a: Snorlax|Trailblaze|p1a: Slowbro\n|-supereffective|p1a: Slowbro\n|-damage|p1a: Slowbro|0 fnt\n|-boost|p2a: Snorlax|spe|1\n|-damage|p2a: Snorlax|0 fnt|[from] item: Rocky Helmet|[of] p1a: Slowbro\n|faint|p1a: Slowbro\n|faint|p2a: Snorlax\n|\n|upkeep\n|\n|t:|1700144637\n|switch|p2a: Farigiraf|Farigiraf, F, shiny|100\/100\n|switch|p1a: Clefable|Clefable, M|75\/100\n|turn|16\n|\n|t:|1700144649\n|move|p2a: Farigiraf|Nasty Plot|p2a: Farigiraf\n|-boost|p2a: Farigiraf|spa|2\n|move|p1a: Clefable|Moonblast|p2a: Farigiraf\n|-damage|p2a: Farigiraf|72\/100\n|-unboost|p2a: Farigiraf|spa|1\n|\n|-heal|p2a: Farigiraf|78\/100|[from] item: Leftovers\n|upkeep\n|turn|17\n|\n|t:|1700144661\n|move|p2a: Farigiraf|Nasty Plot|p2a: Farigiraf\n|-boost|p2a: Farigiraf|spa|2\n|move|p1a: Clefable|Fire Blast|p2a: Farigiraf\n|-damage|p2a: Farigiraf|55\/100\n|\n|-heal|p2a: Farigiraf|61\/100|[from] item: Leftovers\n|upkeep\n|turn|18\n|\n|t:|1700144674\n|switch|p1a: Charizard|Charizard, F|100\/100\n|move|p2a: Farigiraf|Twin Beam|p1a: Charizard\n|-damage|p1a: Charizard|43\/100\n|-damage|p1a: Charizard|0 fnt\n|faint|p1a: Charizard\n|-hitcount|p1: Charizard|2\n|\n|-heal|p2a: Farigiraf|67\/100|[from] item: Leftovers\n|upkeep\n|\n|t:|1700144684\n|switch|p1a: Iron Hands|Iron Hands|90\/100\n|turn|19\n|\n|t:|1700144689\n|move|p2a: Farigiraf|Twin Beam|p1a: Iron Hands\n|-supereffective|p1a: Iron Hands\n|-damage|p1a: Iron Hands|42\/100\n|-supereffective|p1a: Iron Hands\n|-damage|p1a: Iron Hands|0 fnt\n|faint|p1a: Iron Hands\n|-end|p1a: Iron Hands|Quark Drive|[silent]\n|-hitcount|p1: Iron Hands|2\n|\n|-heal|p2a: Farigiraf|73\/100|[from] item: Leftovers\n|upkeep\n|\n|t:|1700144697\n|switch|p1a: Dragapult|Dragapult, M|100\/100\n|turn|20\n|\n|t:|1700144716\n|move|p1a: Dragapult|Phantom Force||[still]\n|-prepare|p1a: Dragapult|Phantom Force\n|move|p2a: Farigiraf|Twin Beam|p1a: Dragapult|[miss]\n|-miss|p2a: Farigiraf|p1a: Dragapult\n|\n|-heal|p2a: Farigiraf|79\/100|[from] item: Leftovers\n|upkeep\n|turn|21\n|\n|t:|1700144726\n|move|p1a: Dragapult|Phantom Force|p2a: Farigiraf|[from]lockedmove\n|-immune|p2a: Farigiraf\n|move|p2a: Farigiraf|Twin Beam|p1a: Dragapult\n|-crit|p1a: Dragapult\n|-damage|p1a: Dragapult|4\/100\n|-crit|p1a: Dragapult\n|-damage|p1a: Dragapult|0 fnt\n|faint|p1a: Dragapult\n|-hitcount|p1: Dragapult|2\n|\n|-heal|p2a: Farigiraf|85\/100|[from] item: Leftovers\n|upkeep\n|c|\u2606Imanjoneser|:0\n|\n|t:|1700144736\n|switch|p1a: Clefable|Clefable, M|75\/100\n|turn|22\n|c|\u2606Imanjoneser|Beautiful Giraffe well done!\n|\n|t:|1700144748\n|-terastallize|p1a: Clefable|Fairy\n|move|p1a: Clefable|Moonlight|p1a: Clefable\n|-heal|p1a: Clefable|100\/100\n|move|p2a: Farigiraf|Twin Beam|p1a: Clefable\n|-damage|p1a: Clefable|83\/100\n|-damage|p1a: Clefable|65\/100\n|-hitcount|p1a: Clefable|2\n|\n|-heal|p2a: Farigiraf|91\/100|[from] item: Leftovers\n|upkeep\n|turn|23\n|\n|t:|1700144769\n|move|p2a: Farigiraf|Twin Beam|p1a: Clefable\n|-damage|p1a: Clefable|46\/100\n|-damage|p1a: Clefable|28\/100\n|-hitcount|p1a: Clefable|2\n|move|p1a: Clefable|Fire Blast|p2a: Farigiraf\n|-damage|p2a: Farigiraf|66\/100\n|\n|-heal|p2a: Farigiraf|72\/100|[from] item: Leftovers\n|upkeep\n|turn|24\n|\n|t:|1700144780\n|move|p1a: Clefable|Moonlight|p1a: Clefable\n|-heal|p1a: Clefable|78\/100\n|move|p2a: Farigiraf|Twin Beam|p1a: Clefable\n|-damage|p1a: Clefable|61\/100\n|-damage|p1a: Clefable|42\/100\n|-hitcount|p1a: Clefable|2\n|\n|-heal|p2a: Farigiraf|78\/100|[from] item: Leftovers\n|upkeep\n|turn|25\n|\n|t:|1700144792\n|move|p1a: Clefable|Fire Blast|p2a: Farigiraf\n|-damage|p2a: Farigiraf|56\/100\n|move|p2a: Farigiraf|Twin Beam|p1a: Clefable\n|-damage|p1a: Clefable|26\/100\n|-damage|p1a: Clefable|7\/100\n|-hitcount|p1a: Clefable|2\n|\n|-heal|p2a: Farigiraf|62\/100|[from] item: Leftovers\n|upkeep\n|turn|26\n|\n|t:|1700144805\n|move|p2a: Farigiraf|Twin Beam|p1a: Clefable\n|-damage|p1a: Clefable|0 fnt\n|faint|p1a: Clefable\n|-hitcount|p1: Clefable|1\n|\n|win|Imanjoneser\n|raw|gcugt's rating: 1000 &rarr; <strong>1000<\/strong><br \/>(+0 for losing)\n|raw|Imanjoneser's rating: 1082 &rarr; <strong>1103<\/strong><br \/>(+21 for winning)\n|c|\u2606Imanjoneser|gg!\n|l|\u2606gcugt\n","uploadtime":1700144815,"views":29,"p1id":"gcugt","p2id":"imanjoneser","formatid":"gen9ou","rating":1000,"private":0,"password":""}