{"id":"gen9ou-1999906349","p1":"Daevank5","p2":"Yobeto","format":"[Gen 9] OU","log":"|j|\u2606Daevank5\n|j|\u2606Yobeto\n|t:|1701128579\n|gametype|singles\n|player|p1|Daevank5|workerice|1971\n|player|p2|Yobeto|266|1868\n|teamsize|p1|6\n|teamsize|p2|6\n|gen|9\n|tier|[Gen 9] OU\n|rated|\n|rule|Sleep Clause Mod: Limit one foe put to sleep\n|rule|Species Clause: Limit one of each Pok\u00e9mon\n|rule|OHKO Clause: OHKO moves are banned\n|rule|Evasion Items Clause: Evasion items are banned\n|rule|Evasion Moves Clause: Evasion moves are banned\n|rule|Endless Battle Clause: Forcing endless battles is banned\n|rule|HP Percentage Mod: HP is shown in percentages\n|clearpoke\n|poke|p1|Tornadus-Therian, M|\n|poke|p1|Meowscarada, F|\n|poke|p1|Garchomp, F|\n|poke|p1|Gholdengo|\n|poke|p1|Mandibuzz, F|\n|poke|p1|Slowking-Galar, F|\n|poke|p2|Ogerpon-Cornerstone, F|\n|poke|p2|Garchomp, M|\n|poke|p2|Kingambit, F|\n|poke|p2|Dragapult, M|\n|poke|p2|Gholdengo|\n|poke|p2|Dragonite, F|\n|teampreview\n|inactive|Battle timer is ON: inactive players will automatically lose when time's up. (requested by Yobeto)\n|j| tiktoko\n|\n|t:|1701128598\n|start\n|switch|p1a: Tornadus|Tornadus-Therian, M|100\/100\n|switch|p2a: Dragapult|Dragapult, M|100\/100\n|turn|1\n|\n|t:|1701128605\n|move|p2a: Dragapult|U-turn|p1a: Tornadus\n|-resisted|p1a: Tornadus\n|-damage|p1a: Tornadus|91\/100\n|\n|t:|1701128609\n|switch|p2a: Garchomp|Garchomp, M, shiny|100\/100|[from] U-turn\n|move|p1a: Tornadus|Knock Off|p2a: Garchomp\n|-damage|p2a: Garchomp|79\/100\n|-damage|p1a: Tornadus|79\/100|[from] ability: Rough Skin|[of] p2a: Garchomp\n|-damage|p1a: Tornadus|62\/100|[from] item: Rocky Helmet|[of] p2a: Garchomp\n|-enditem|p2a: Garchomp|Rocky Helmet|[from] move: Knock Off|[of] p1a: Tornadus\n|\n|upkeep\n|turn|2\n|\n|t:|1701128616\n|move|p1a: Tornadus|Taunt|p2a: Garchomp\n|-start|p2a: Garchomp|move: Taunt\n|cant|p2a: Garchomp|move: Taunt|Stealth Rock\n|\n|upkeep\n|turn|3\n|\n|t:|1701128621\n|-terastallize|p2a: Garchomp|Fairy\n|move|p1a: Tornadus|Bleakwind Storm|p2a: Garchomp\n|-damage|p2a: Garchomp|40\/100\n|-unboost|p2a: Garchomp|spe|1\n|move|p2a: Garchomp|Tera Blast|p1a: Tornadus|[anim] Tera Blast Fairy\n|-damage|p1a: Tornadus|14\/100\n|\n|upkeep\n|turn|4\n|j| xxCOALLAxx\n|inactive|Daevank5 has 120 seconds left.\n|\n|t:|1701128661\n|switch|p1a: Slowking|Slowking-Galar, F|100\/100\n|switch|p2a: Dragapult|Dragapult, M|100\/100\n|\n|upkeep\n|turn|5\n|inactive|Daevank5 has 120 seconds left.\n|\n|t:|1701128668\n|move|p2a: Dragapult|Shadow Ball|p1a: Slowking\n|-supereffective|p1a: Slowking\n|-damage|p1a: Slowking|33\/100\n|move|p1a: Slowking|Sludge Bomb|p2a: Dragapult\n|-resisted|p2a: Dragapult\n|-damage|p2a: Dragapult|76\/100\n|-status|p2a: Dragapult|psn\n|\n|-damage|p2a: Dragapult|64\/100 psn|[from] psn\n|upkeep\n|turn|6\n|\n|t:|1701128678\n|switch|p2a: Garchomp|Garchomp, M, shiny, tera:Fairy|40\/100\n|switch|p1a: Mandibuzz|Mandibuzz, F|100\/100\n|\n|upkeep\n|turn|7\n|\n|t:|1701128686\n|switch|p1a: Gholdengo|Gholdengo|100\/100\n|move|p2a: Garchomp|Tera Blast|p1a: Gholdengo|[anim] Tera Blast Fairy\n|-resisted|p1a: Gholdengo\n|-crit|p1a: Gholdengo\n|-damage|p1a: Gholdengo|65\/100\n|\n|upkeep\n|turn|8\n|\n|t:|1701128693\n|switch|p2a: Kingambit|Kingambit, F, shiny|100\/100\n|-item|p2a: Kingambit|Air Balloon\n|move|p1a: Gholdengo|Make It Rain|p2a: Kingambit\n|-resisted|p2a: Kingambit\n|-damage|p2a: Kingambit|70\/100\n|-unboost|p1a: Gholdengo|spa|1\n|-enditem|p2a: Kingambit|Air Balloon\n|\n|upkeep\n|turn|9\n|\n|t:|1701128697\n|switch|p1a: Garchomp|Garchomp, F|100\/100\n|-end|p2a: Kingambit|fallenundefined|[silent]\n|switch|p2a: Garchomp|Garchomp, M, shiny, tera:Fairy|40\/100\n|\n|upkeep\n|turn|10\n|\n|t:|1701128706\n|switch|p1a: Gholdengo|Gholdengo|65\/100\n|move|p2a: Garchomp|Tera Blast|p1a: Gholdengo|[anim] Tera Blast Fairy\n|-resisted|p1a: Gholdengo\n|-damage|p1a: Gholdengo|40\/100\n|\n|upkeep\n|turn|11\n|j| vegemite360\n|\n|t:|1701128709\n|switch|p2a: Kingambit|Kingambit, F, shiny|70\/100\n|move|p1a: Gholdengo|Make It Rain|p2a: Kingambit\n|-resisted|p2a: Kingambit\n|-damage|p2a: Kingambit|40\/100\n|-unboost|p1a: Gholdengo|spa|1\n|\n|upkeep\n|turn|12\n|\n|t:|1701128713\n|switch|p1a: Garchomp|Garchomp, F|100\/100\n|move|p2a: Kingambit|Swords Dance|p2a: Kingambit\n|-boost|p2a: Kingambit|atk|2\n|\n|upkeep\n|turn|13\n|\n|t:|1701128723\n|move|p1a: Garchomp|Spikes|p2a: Kingambit\n|-sidestart|p2: Yobeto|Spikes\n|move|p2a: Kingambit|Kowtow Cleave|p1a: Garchomp\n|-damage|p1a: Garchomp|35\/100\n|-damage|p2a: Kingambit|27\/100|[from] ability: Rough Skin|[of] p1a: Garchomp\n|-damage|p2a: Kingambit|11\/100|[from] item: Rocky Helmet|[of] p1a: Garchomp\n|\n|upkeep\n|turn|14\n|j| AvaIWillWinYou\n|\n|t:|1701128734\n|move|p1a: Garchomp|Stealth Rock|p2a: Kingambit\n|-sidestart|p2: Yobeto|move: Stealth Rock\n|move|p2a: Kingambit|Kowtow Cleave|p1a: Garchomp\n|-damage|p1a: Garchomp|0 fnt\n|-damage|p2a: Kingambit|0 fnt|[from] ability: Rough Skin|[of] p1a: Garchomp\n|faint|p1a: Garchomp\n|faint|p2a: Kingambit\n|-end|p2a: Kingambit|fallenundefined|[silent]\n|\n|upkeep\n|\n|t:|1701128741\n|switch|p1a: Tornadus|Tornadus-Therian, M|47\/100\n|switch|p2a: Dragapult|Dragapult, M|64\/100 psn\n|-damage|p2a: Dragapult|51\/100 psn|[from] Spikes\n|-damage|p2a: Dragapult|39\/100 psn|[from] Stealth Rock\n|turn|15\n|\n|t:|1701128751\n|switch|p1a: Slowking|Slowking-Galar, F|67\/100\n|move|p2a: Dragapult|Draco Meteor|p1a: Slowking\n|-damage|p1a: Slowking|19\/100\n|-unboost|p2a: Dragapult|spa|2\n|\n|-damage|p2a: Dragapult|27\/100 psn|[from] psn\n|upkeep\n|turn|16\n|\n|t:|1701128760\n|switch|p2a: Garchomp|Garchomp, M, shiny, tera:Fairy|40\/100\n|-damage|p2a: Garchomp|27\/100|[from] Spikes\n|-damage|p2a: Garchomp|15\/100|[from] Stealth Rock\n|switch|p1a: Tornadus|Tornadus-Therian, M|80\/100\n|\n|upkeep\n|turn|17\n|\n|t:|1701128765\n|move|p1a: Tornadus|Bleakwind Storm|p2a: Garchomp|[miss]\n|-miss|p1a: Tornadus|p2a: Garchomp\n|move|p2a: Garchomp|Stealth Rock|p1a: Tornadus\n|-sidestart|p1: Daevank5|move: Stealth Rock\n|\n|upkeep\n|turn|18\n|\n|t:|1701128769\n|move|p1a: Tornadus|Bleakwind Storm|p2a: Garchomp\n|-damage|p2a: Garchomp|0 fnt\n|faint|p2a: Garchomp\n|\n|upkeep\n|\n|t:|1701128772\n|switch|p2a: Dragapult|Dragapult, M|27\/100 psn\n|-damage|p2a: Dragapult|14\/100 psn|[from] Spikes\n|-damage|p2a: Dragapult|2\/100 psn|[from] Stealth Rock\n|turn|19\n|\n|t:|1701128778\n|switch|p1a: Slowking|Slowking-Galar, F|52\/100\n|move|p2a: Dragapult|Draco Meteor|p1a: Slowking\n|-damage|p1a: Slowking|0 fnt\n|-unboost|p2a: Dragapult|spa|2\n|faint|p1a: Slowking\n|\n|-damage|p2a: Dragapult|0 fnt|[from] psn\n|faint|p2a: Dragapult\n|upkeep\n|\n|t:|1701128790\n|switch|p2a: Dragonite|Dragonite, F|100\/100\n|switch|p1a: Tornadus|Tornadus-Therian, M|100\/100\n|turn|20\n|\n|t:|1701128793\n|move|p2a: Dragonite|Extreme Speed|p1a: Tornadus\n|-damage|p1a: Tornadus|67\/100\n|move|p1a: Tornadus|Taunt|p2a: Dragonite\n|-start|p2a: Dragonite|move: Taunt\n|\n|upkeep\n|turn|21\n|\n|t:|1701128800\n|move|p2a: Dragonite|Extreme Speed|p1a: Tornadus\n|-damage|p1a: Tornadus|35\/100\n|move|p1a: Tornadus|U-turn|p2a: Dragonite\n|-resisted|p2a: Dragonite\n|-damage|p2a: Dragonite|97\/100\n|\n|t:|1701128802\n|switch|p1a: Mandibuzz|Mandibuzz, F|100\/100|[from] U-turn\n|\n|upkeep\n|turn|22\n|\n|t:|1701128807\n|switch|p2a: Gholdengo|Gholdengo, shiny|100\/100\n|move|p1a: Mandibuzz|Foul Play|p2a: Gholdengo\n|-supereffective|p2a: Gholdengo\n|-damage|p2a: Gholdengo|67\/100\n|\n|upkeep\n|turn|23\n|\n|t:|1701128815\n|move|p2a: Gholdengo|Make It Rain|p1a: Mandibuzz\n|-damage|p1a: Mandibuzz|40\/100\n|-unboost|p2a: Gholdengo|spa|1\n|move|p1a: Mandibuzz|U-turn|p2a: Gholdengo\n|-resisted|p2a: Gholdengo\n|-damage|p2a: Gholdengo|64\/100\n|\n|t:|1701128821\n|switch|p1a: Meowscarada|Meowscarada, F|100\/100|[from] U-turn\n|\n|upkeep\n|turn|24\n|\n|t:|1701128828\n|move|p1a: Meowscarada|U-turn|p2a: Gholdengo\n|-resisted|p2a: Gholdengo\n|-damage|p2a: Gholdengo|58\/100\n|j| NicksRokaya\n|\n|t:|1701128829\n|switch|p1a: Tornadus|Tornadus-Therian, M|68\/100|[from] U-turn\n|move|p2a: Gholdengo|Make It Rain|p1a: Tornadus\n|-damage|p1a: Tornadus|22\/100\n|-unboost|p2a: Gholdengo|spa|1\n|\n|upkeep\n|turn|25\n|\n|t:|1701128842\n|move|p1a: Tornadus|U-turn|p2a: Gholdengo\n|-resisted|p2a: Gholdengo\n|-damage|p2a: Gholdengo|54\/100\n|\n|t:|1701128844\n|switch|p1a: Meowscarada|Meowscarada, F|100\/100|[from] U-turn\n|move|p2a: Gholdengo|Make It Rain|p1a: Meowscarada\n|-damage|p1a: Meowscarada|47\/100\n|-unboost|p2a: Gholdengo|spa|1\n|\n|upkeep\n|turn|26\n|\n|t:|1701128855\n|move|p1a: Meowscarada|U-turn|p2a: Gholdengo\n|-resisted|p2a: Gholdengo\n|-damage|p2a: Gholdengo|48\/100\n|\n|t:|1701128857\n|switch|p1a: Tornadus|Tornadus-Therian, M|55\/100|[from] U-turn\n|move|p2a: Gholdengo|Nasty Plot|p2a: Gholdengo\n|-boost|p2a: Gholdengo|spa|2\n|\n|upkeep\n|turn|27\n|\n|t:|1701128867\n|move|p1a: Tornadus|Knock Off|p2a: Gholdengo\n|-supereffective|p2a: Gholdengo\n|-damage|p2a: Gholdengo|0 fnt\n|-enditem|p2a: Gholdengo|Heavy-Duty Boots|[from] move: Knock Off|[of] p1a: Tornadus\n|faint|p2a: Gholdengo\n|\n|upkeep\n|\n|t:|1701128876\n|switch|p2a: Dragonite|Dragonite, F|97\/100\n|turn|28\n|\n|t:|1701128881\n|move|p2a: Dragonite|Extreme Speed|p1a: Tornadus\n|-damage|p1a: Tornadus|20\/100\n|move|p1a: Tornadus|Taunt|p2a: Dragonite\n|-start|p2a: Dragonite|move: Taunt\n|\n|upkeep\n|turn|29\n|\n|t:|1701128895\n|switch|p1a: Meowscarada|Meowscarada, F|47\/100\n|move|p2a: Dragonite|Earthquake|p1a: Meowscarada\n|-resisted|p1a: Meowscarada\n|-damage|p1a: Meowscarada|15\/100\n|\n|upkeep\n|turn|30\n|\n|t:|1701128909\n|move|p2a: Dragonite|Extreme Speed|p1a: Meowscarada\n|-damage|p1a: Meowscarada|0 fnt\n|faint|p1a: Meowscarada\n|\n|upkeep\n|\n|t:|1701128911\n|switch|p1a: Mandibuzz|Mandibuzz, F|40\/100\n|turn|31\n|\n|t:|1701128915\n|switch|p2a: Ogerpon|Ogerpon-Cornerstone, F|100\/100\n|-damage|p2a: Ogerpon|88\/100|[from] Spikes\n|-damage|p2a: Ogerpon|76\/100|[from] Stealth Rock\n|move|p1a: Mandibuzz|Roost|p1a: Mandibuzz\n|-heal|p1a: Mandibuzz|90\/100\n|-singleturn|p1a: Mandibuzz|move: Roost\n|\n|upkeep\n|turn|32\n|\n|t:|1701128929\n|switch|p1a: Tornadus|Tornadus-Therian, M|53\/100\n|move|p2a: Ogerpon|Ivy Cudgel|p1a: Tornadus|[anim] Ivy Cudgel Rock\n|-supereffective|p1a: Tornadus\n|-damage|p1a: Tornadus|0 fnt\n|faint|p1a: Tornadus\n|\n|upkeep\n|\n|t:|1701128930\n|switch|p1a: Gholdengo|Gholdengo|40\/100\n|-damage|p1a: Gholdengo|34\/100|[from] Stealth Rock\n|turn|33\n|\n|t:|1701128933\n|switch|p2a: Dragonite|Dragonite, F|97\/100\n|move|p1a: Gholdengo|Make It Rain|p2a: Dragonite\n|-damage|p2a: Dragonite|38\/100\n|-unboost|p1a: Gholdengo|spa|1\n|\n|upkeep\n|turn|34\n|\n|t:|1701128945\n|-terastallize|p1a: Gholdengo|Steel\n|move|p1a: Gholdengo|Make It Rain|p2a: Dragonite\n|-damage|p2a: Dragonite|0 fnt\n|-unboost|p1a: Gholdengo|spa|1\n|faint|p2a: Dragonite\n|\n|upkeep\n|\n|t:|1701128951\n|switch|p2a: Ogerpon|Ogerpon-Cornerstone, F|76\/100\n|-damage|p2a: Ogerpon|64\/100|[from] Spikes\n|-damage|p2a: Ogerpon|51\/100|[from] Stealth Rock\n|turn|35\n|\n|t:|1701128963\n|switch|p1a: Mandibuzz|Mandibuzz, F|90\/100\n|move|p2a: Ogerpon|Knock Off|p1a: Mandibuzz\n|-resisted|p1a: Mandibuzz\n|-damage|p1a: Mandibuzz|78\/100\n|-enditem|p1a: Mandibuzz|Heavy-Duty Boots|[from] move: Knock Off|[of] p2a: Ogerpon\n|\n|upkeep\n|turn|36\n|\n|t:|1701128966\n|move|p2a: Ogerpon|Ivy Cudgel|p1a: Mandibuzz|[anim] Ivy Cudgel Rock\n|-supereffective|p1a: Mandibuzz\n|-damage|p1a: Mandibuzz|16\/100\n|move|p1a: Mandibuzz|Foul Play|p2a: Ogerpon\n|-damage|p2a: Ogerpon|0 fnt\n|faint|p2a: Ogerpon\n|\n|win|Daevank5\n|raw|Daevank5's rating: 1971 &rarr; <strong>1985<\/strong><br \/>(+14 for winning)\n|raw|Yobeto's rating: 1868 &rarr; <strong>1854<\/strong><br \/>(-14 for losing)\n|l|\u2606Daevank5\n|l| AvaIWillWinYou\n|l| tiktoko\n","uploadtime":1701128995,"views":15,"p1id":"daevank5","p2id":"yobeto","formatid":"gen9ou","rating":1854,"private":0,"password":""}