{"id":"gen9ou-1989083059","p1":"SE4GUL","p2":"sowalemonz","format":"[Gen 9] OU","log":"|j|\u2606SE4GUL\n|j|\u203dsowalemonz\n|t:|1699810308\n|gametype|singles\n|player|p1|SE4GUL|101|1066\n|player|p2|sowalemonz|battlegirl-gen4|1000\n|teamsize|p1|6\n|teamsize|p2|6\n|gen|9\n|tier|[Gen 9] OU\n|rated|\n|rule|Sleep Clause Mod: Limit one foe put to sleep\n|rule|Species Clause: Limit one of each Pok\u00e9mon\n|rule|OHKO Clause: OHKO moves are banned\n|rule|Evasion Items Clause: Evasion items are banned\n|rule|Evasion Moves Clause: Evasion moves are banned\n|rule|Endless Battle Clause: Forcing endless battles is banned\n|rule|HP Percentage Mod: HP is shown in percentages\n|clearpoke\n|poke|p1|Luxray, F|\n|poke|p1|Infernape, M|\n|poke|p1|Gastrodon-East, F|\n|poke|p1|Garchomp, M|\n|poke|p1|Torterra, M|\n|poke|p1|Drifblim, M|\n|poke|p2|Blissey, F|\n|poke|p2|Toxapex, F|\n|poke|p2|Ribombee, M|\n|poke|p2|Grimmsnarl, M|\n|poke|p2|Avalugg, M|\n|poke|p2|Cinderace, F|\n|teampreview\n|inactive|Battle timer is ON: inactive players will automatically lose when time's up. (requested by sowalemonz)\n|\n|t:|1699810319\n|start\n|switch|p1a: Torterra|Torterra, M|100\/100\n|switch|p2a: Blissey|Blissey, F|100\/100\n|turn|1\n|\n|t:|1699810325\n|move|p1a: Torterra|Body Press|p2a: Blissey\n|-supereffective|p2a: Blissey\n|-damage|p2a: Blissey|53\/100\n|move|p2a: Blissey|Blizzard|p1a: Torterra|[miss]\n|-miss|p2a: Blissey|p1a: Torterra\n|\n|upkeep\n|turn|2\n|\n|t:|1699810332\n|-terastallize|p1a: Torterra|Fairy\n|move|p1a: Torterra|Body Press|p2a: Blissey\n|-supereffective|p2a: Blissey\n|-damage|p2a: Blissey|4\/100\n|move|p2a: Blissey|Blizzard|p1a: Torterra\n|-damage|p1a: Torterra|73\/100\n|-status|p1a: Torterra|frz\n|\n|upkeep\n|turn|3\n|\n|t:|1699810346\n|switch|p2a: Grimmsnarl|Grimmsnarl, M|100\/100\n|cant|p1a: Torterra|frz\n|\n|upkeep\n|turn|4\n|\n|t:|1699810354\n|move|p2a: Grimmsnarl|Reflect|p2a: Grimmsnarl\n|-sidestart|p2: sowalemonz|Reflect\n|cant|p1a: Torterra|frz\n|\n|upkeep\n|turn|5\n|\n|t:|1699810362\n|move|p2a: Grimmsnarl|Parting Shot|p1a: Torterra\n|-unboost|p1a: Torterra|atk|1\n|-unboost|p1a: Torterra|spa|1\n|\n|t:|1699810367\n|switch|p2a: Ribombee|Ribombee, M|100\/100|[from] Parting Shot\n|cant|p1a: Torterra|frz\n|\n|upkeep\n|turn|6\n|\n|t:|1699810381\n|move|p2a: Ribombee|Quiver Dance|p2a: Ribombee\n|-boost|p2a: Ribombee|spa|1\n|-boost|p2a: Ribombee|spd|1\n|-boost|p2a: Ribombee|spe|1\n|cant|p1a: Torterra|frz\n|\n|upkeep\n|turn|7\n|\n|t:|1699810391\n|move|p2a: Ribombee|Quiver Dance|p2a: Ribombee\n|-boost|p2a: Ribombee|spa|1\n|-boost|p2a: Ribombee|spd|1\n|-boost|p2a: Ribombee|spe|1\n|cant|p1a: Torterra|frz\n|\n|upkeep\n|turn|8\n|\n|t:|1699810397\n|move|p2a: Ribombee|Quiver Dance|p2a: Ribombee\n|-boost|p2a: Ribombee|spa|1\n|-boost|p2a: Ribombee|spd|1\n|-boost|p2a: Ribombee|spe|1\n|cant|p1a: Torterra|frz\n|\n|upkeep\n|turn|9\n|\n|t:|1699810402\n|move|p2a: Ribombee|Quiver Dance|p2a: Ribombee\n|-boost|p2a: Ribombee|spa|1\n|-boost|p2a: Ribombee|spd|1\n|-boost|p2a: Ribombee|spe|1\n|cant|p1a: Torterra|frz\n|\n|upkeep\n|turn|10\n|\n|t:|1699810408\n|move|p2a: Ribombee|Quiver Dance|p2a: Ribombee\n|-boost|p2a: Ribombee|spa|1\n|-boost|p2a: Ribombee|spd|1\n|-boost|p2a: Ribombee|spe|1\n|-curestatus|p1a: Torterra|frz|[msg]\n|move|p1a: Torterra|Earthquake|p2a: Ribombee\n|-resisted|p2a: Ribombee\n|-damage|p2a: Ribombee|87\/100\n|\n|upkeep\n|turn|11\n|\n|t:|1699810416\n|move|p2a: Ribombee|Quiver Dance|p2a: Ribombee\n|-boost|p2a: Ribombee|spa|1\n|-boost|p2a: Ribombee|spd|1\n|-boost|p2a: Ribombee|spe|1\n|move|p1a: Torterra|Body Press|p2a: Ribombee\n|-resisted|p2a: Ribombee\n|-damage|p2a: Ribombee|81\/100\n|\n|-sideend|p2: sowalemonz|Reflect\n|upkeep\n|turn|12\n|\n|t:|1699810425\n|move|p2a: Ribombee|Psychic|p1a: Torterra\n|-damage|p1a: Torterra|0 fnt\n|faint|p1a: Torterra\n|-damage|p2a: Ribombee|71\/100|[from] item: Life Orb\n|\n|upkeep\n|\n|t:|1699810431\n|switch|p1a: Drifblim|Drifblim, M|100\/100\n|turn|13\n|\n|t:|1699810438\n|move|p2a: Ribombee|Moonblast|p1a: Drifblim\n|-damage|p1a: Drifblim|0 fnt\n|faint|p1a: Drifblim\n|-damage|p2a: Ribombee|61\/100|[from] item: Life Orb\n|\n|upkeep\n|\n|t:|1699810450\n|switch|p1a: Gastrodon|Gastrodon-East, F|100\/100\n|turn|14\n|\n|t:|1699810456\n|move|p2a: Ribombee|Moonblast|p1a: Gastrodon\n|-damage|p1a: Gastrodon|0 fnt\n|faint|p1a: Gastrodon\n|-damage|p2a: Ribombee|51\/100|[from] item: Life Orb\n|\n|upkeep\n|\n|t:|1699810464\n|switch|p1a: Infernape|Infernape, M|100\/100\n|turn|15\n|\n|t:|1699810469\n|move|p2a: Ribombee|Psychic|p1a: Infernape\n|-supereffective|p1a: Infernape\n|-enditem|p1a: Infernape|Focus Sash\n|-damage|p1a: Infernape|1\/100\n|-unboost|p1a: Infernape|spd|1\n|-damage|p2a: Ribombee|41\/100|[from] item: Life Orb\n|move|p1a: Infernape|Flamethrower|p2a: Ribombee\n|-supereffective|p2a: Ribombee\n|-damage|p2a: Ribombee|0 fnt\n|faint|p2a: Ribombee\n|\n|upkeep\n|\n|t:|1699810487\n|switch|p2a: Toxapex|Toxapex, F|100\/100\n|turn|16\n|\n|t:|1699810497\n|switch|p1a: Luxray|Luxray, F, shiny|100\/100\n|-ability|p1a: Luxray|Intimidate|boost\n|-unboost|p2a: Toxapex|atk|1\n|move|p2a: Toxapex|Liquidation|p1a: Luxray\n|-damage|p1a: Luxray|59\/100\n|\n|upkeep\n|turn|17\n|\n|t:|1699810510\n|switch|p2a: Avalugg|Avalugg, M|100\/100\n|move|p1a: Luxray|Wild Charge|p2a: Avalugg\n|-damage|p2a: Avalugg|80\/100\n|-damage|p1a: Luxray|53\/100|[from] Recoil\n|\n|-heal|p2a: Avalugg|87\/100|[from] item: Leftovers\n|upkeep\n|turn|18\n|\n|t:|1699810526\n|switch|p1a: Garchomp|Garchomp, M|100\/100\n|move|p2a: Avalugg|Earthquake|p1a: Garchomp\n|-damage|p1a: Garchomp|75\/100\n|\n|-heal|p2a: Avalugg|93\/100|[from] item: Leftovers\n|upkeep\n|turn|19\n|\n|t:|1699810536\n|move|p1a: Garchomp|Iron Head|p2a: Avalugg\n|-supereffective|p2a: Avalugg\n|-damage|p2a: Avalugg|70\/100\n|cant|p2a: Avalugg|flinch\n|\n|-heal|p2a: Avalugg|76\/100|[from] item: Leftovers\n|upkeep\n|turn|20\n|\n|t:|1699810544\n|move|p1a: Garchomp|Earthquake|p2a: Avalugg\n|-damage|p2a: Avalugg|57\/100\n|move|p2a: Avalugg|Avalanche|p1a: Garchomp\n|-supereffective|p1a: Garchomp\n|-enditem|p1a: Garchomp|Yache Berry|[eat]\n|-enditem|p1a: Garchomp|Yache Berry|[weaken]\n|-damage|p1a: Garchomp|0 fnt\n|-damage|p2a: Avalugg|44\/100|[from] ability: Rough Skin|[of] p1a: Garchomp\n|faint|p1a: Garchomp\n|\n|-heal|p2a: Avalugg|50\/100|[from] item: Leftovers\n|upkeep\n|\n|t:|1699810555\n|switch|p1a: Infernape|Infernape, M|1\/100\n|turn|21\n|\n|t:|1699810559\n|move|p1a: Infernape|Close Combat|p2a: Avalugg\n|-supereffective|p2a: Avalugg\n|-damage|p2a: Avalugg|7\/100\n|-unboost|p1a: Infernape|def|1\n|-unboost|p1a: Infernape|spd|1\n|move|p2a: Avalugg|Rapid Spin|p1a: Infernape\n|-damage|p1a: Infernape|0 fnt\n|-boost|p2a: Avalugg|spe|1\n|faint|p1a: Infernape\n|\n|-heal|p2a: Avalugg|13\/100|[from] item: Leftovers\n|upkeep\n|\n|t:|1699810570\n|switch|p1a: Luxray|Luxray, F, shiny|53\/100\n|-ability|p1a: Luxray|Intimidate|boost\n|-fail|p2a: Avalugg|unboost|Attack|[from] ability: Own Tempo|[of] p2a: Avalugg\n|turn|22\n|\n|t:|1699810575\n|switch|p2a: Grimmsnarl|Grimmsnarl, M|100\/100\n|move|p1a: Luxray|Psychic Fangs|p2a: Grimmsnarl\n|-immune|p2a: Grimmsnarl\n|\n|upkeep\n|turn|23\n|\n|t:|1699810582\n|move|p2a: Grimmsnarl|Reflect|p2a: Grimmsnarl\n|-sidestart|p2: sowalemonz|Reflect\n|move|p1a: Luxray|Wild Charge|p2a: Grimmsnarl\n|-damage|p2a: Grimmsnarl|70\/100\n|-damage|p1a: Luxray|44\/100|[from] Recoil\n|\n|upkeep\n|turn|24\n|\n|t:|1699810589\n|move|p2a: Grimmsnarl|Parting Shot|p1a: Luxray\n|-unboost|p1a: Luxray|atk|1\n|-unboost|p1a: Luxray|spa|1\n|\n|t:|1699810596\n|switch|p2a: Avalugg|Avalugg, M|13\/100|[from] Parting Shot\n|move|p1a: Luxray|Thunderbolt|p2a: Avalugg\n|-damage|p2a: Avalugg|0 fnt\n|faint|p2a: Avalugg\n|\n|upkeep\n|\n|t:|1699810607\n|switch|p2a: Grimmsnarl|Grimmsnarl, M|70\/100\n|turn|25\n|\n|t:|1699810613\n|move|p2a: Grimmsnarl|Parting Shot|p1a: Luxray\n|-unboost|p1a: Luxray|atk|1\n|-unboost|p1a: Luxray|spa|1\n|\n|t:|1699810617\n|switch|p2a: Toxapex|Toxapex, F|100\/100|[from] Parting Shot\n|move|p1a: Luxray|Thunderbolt|p2a: Toxapex\n|-supereffective|p2a: Toxapex\n|-damage|p2a: Toxapex|70\/100\n|\n|upkeep\n|turn|26\n|\n|t:|1699810626\n|switch|p2a: Grimmsnarl|Grimmsnarl, M|70\/100\n|move|p1a: Luxray|Psychic Fangs|p2a: Grimmsnarl\n|-immune|p2a: Grimmsnarl\n|\n|upkeep\n|turn|27\n|-activate|p1a: Luxray|item: Quick Claw\n|\n|t:|1699810634\n|move|p2a: Grimmsnarl|Light Screen|p2a: Grimmsnarl\n|-sidestart|p2: sowalemonz|move: Light Screen\n|move|p1a: Luxray|Wild Charge|p2a: Grimmsnarl\n|-damage|p2a: Grimmsnarl|55\/100\n|-damage|p1a: Luxray|40\/100|[from] Recoil\n|\n|upkeep\n|turn|28\n|\n|t:|1699810642\n|move|p2a: Grimmsnarl|Parting Shot|p1a: Luxray\n|-unboost|p1a: Luxray|atk|1\n|-unboost|p1a: Luxray|spa|1\n|\n|t:|1699810649\n|switch|p2a: Blissey|Blissey, F|4\/100|[from] Parting Shot\n|move|p1a: Luxray|Thunderbolt|p2a: Blissey\n|-damage|p2a: Blissey|1\/100\n|\n|upkeep\n|turn|29\n|c|\u2606SE4GUL|hurry up and finish it\n|\n|t:|1699810666\n|switch|p2a: Cinderace|Cinderace, F|100\/100\n|move|p1a: Luxray|Thunderbolt|p2a: Cinderace\n|-damage|p2a: Cinderace|91\/100\n|\n|upkeep\n|turn|30\n|\n|t:|1699810671\n|move|p2a: Cinderace|Pyro Ball|p1a: Luxray\n|-damage|p1a: Luxray|0 fnt\n|faint|p1a: Luxray\n|-damage|p2a: Cinderace|81\/100|[from] item: Life Orb\n|\n|win|sowalemonz\n|raw|SE4GUL's rating: 1066 &rarr; <strong>1042<\/strong><br \/>(-24 for losing)\n|raw|sowalemonz's rating: 1000 &rarr; <strong>1048<\/strong><br \/>(+48 for winning)\n|l|\u2606SE4GUL\n","uploadtime":1699810679,"views":18,"p1id":"se4gul","p2id":"sowalemonz","formatid":"gen9ou","rating":1042,"private":0,"password":""}