{"id":"gen9ou-1992229119","p1":"JamesDHerce","p2":"2022 flare","format":"[Gen 9] OU","log":"|j|\u2606JamesDHerce\n|j|\u26062022 flare\n|t:|1700165795\n|gametype|singles\n|player|p1|JamesDHerce|hilbert|1212\n|player|p2|2022 flare|skierf-gen4dp|1173\n|teamsize|p1|6\n|teamsize|p2|6\n|gen|9\n|tier|[Gen 9] OU\n|rated|\n|rule|Sleep Clause Mod: Limit one foe put to sleep\n|rule|Species Clause: Limit one of each Pok\u00e9mon\n|rule|OHKO Clause: OHKO moves are banned\n|rule|Evasion Items Clause: Evasion items are banned\n|rule|Evasion Moves Clause: Evasion moves are banned\n|rule|Endless Battle Clause: Forcing endless battles is banned\n|rule|HP Percentage Mod: HP is shown in percentages\n|clearpoke\n|poke|p1|Ceruledge, M|\n|poke|p1|Enamorus, F|\n|poke|p1|Corviknight, F|\n|poke|p1|Great Tusk|\n|poke|p1|Samurott-Hisui, M|\n|poke|p1|Iron Moth|\n|poke|p2|Ribombee, M|\n|poke|p2|Manaphy|\n|poke|p2|Gholdengo|\n|poke|p2|Iron Moth|\n|poke|p2|Kingambit, F|\n|poke|p2|Great Tusk|\n|teampreview\n|inactive|Battle timer is ON: inactive players will automatically lose when time's up. (requested by JamesDHerce)\n|\n|t:|1700165804\n|start\n|switch|p1a: Great Tusk|Great Tusk|100\/100\n|switch|p2a: Ribombee|Ribombee, M, shiny|100\/100\n|turn|1\n|\n|t:|1700165809\n|switch|p2a: Gholdengo|Gholdengo, shiny|100\/100\n|move|p1a: Great Tusk|Rapid Spin|p2a: Gholdengo\n|-immune|p2a: Gholdengo\n|\n|upkeep\n|turn|2\n|\n|t:|1700165818\n|switch|p2a: Great Tusk|Great Tusk, shiny|100\/100\n|-enditem|p2a: Great Tusk|Booster Energy\n|-activate|p2a: Great Tusk|ability: Protosynthesis|[fromitem]\n|-start|p2a: Great Tusk|protosynthesisspe\n|move|p1a: Great Tusk|Headlong Rush|p2a: Great Tusk\n|-damage|p2a: Great Tusk|68\/100\n|-unboost|p1a: Great Tusk|def|1\n|-unboost|p1a: Great Tusk|spd|1\n|\n|upkeep\n|turn|3\n|\n|t:|1700165828\n|-end|p1a: Great Tusk|Protosynthesis|[silent]\n|switch|p1a: Corviknight|Corviknight, F|100\/100\n|-ability|p1a: Corviknight|Pressure\n|move|p2a: Great Tusk|Ice Spinner|p1a: Corviknight\n|-damage|p1a: Corviknight|85\/100\n|\n|-heal|p1a: Corviknight|91\/100|[from] item: Leftovers\n|upkeep\n|turn|4\n|\n|t:|1700165854\n|move|p2a: Great Tusk|Bulk Up|p2a: Great Tusk\n|-boost|p2a: Great Tusk|atk|1\n|-boost|p2a: Great Tusk|def|1\n|move|p1a: Corviknight|Brave Bird|p2a: Great Tusk\n|-supereffective|p2a: Great Tusk\n|-damage|p2a: Great Tusk|39\/100\n|-damage|p1a: Corviknight|80\/100|[from] Recoil\n|\n|-heal|p1a: Corviknight|87\/100|[from] item: Leftovers\n|upkeep\n|turn|5\n|\n|t:|1700165862\n|move|p2a: Great Tusk|Bulk Up|p2a: Great Tusk\n|-boost|p2a: Great Tusk|atk|1\n|-boost|p2a: Great Tusk|def|1\n|move|p1a: Corviknight|Brave Bird|p2a: Great Tusk\n|-supereffective|p2a: Great Tusk\n|-damage|p2a: Great Tusk|16\/100\n|-damage|p1a: Corviknight|79\/100|[from] Recoil\n|\n|-heal|p1a: Corviknight|85\/100|[from] item: Leftovers\n|upkeep\n|turn|6\n|\n|t:|1700165868\n|move|p2a: Great Tusk|Ice Spinner|p1a: Corviknight\n|-damage|p1a: Corviknight|52\/100\n|move|p1a: Corviknight|Brave Bird|p2a: Great Tusk\n|-supereffective|p2a: Great Tusk\n|-damage|p2a: Great Tusk|0 fnt\n|faint|p2a: Great Tusk\n|-end|p2a: Great Tusk|Protosynthesis|[silent]\n|-damage|p1a: Corviknight|47\/100|[from] Recoil\n|\n|-heal|p1a: Corviknight|53\/100|[from] item: Leftovers\n|upkeep\n|\n|t:|1700165873\n|switch|p2a: Iron Moth|Iron Moth, shiny|100\/100\n|-enditem|p2a: Iron Moth|Booster Energy\n|-activate|p2a: Iron Moth|ability: Quark Drive|[fromitem]\n|-start|p2a: Iron Moth|quarkdrivespa\n|turn|7\n|\n|t:|1700165880\n|switch|p1a: Samurott|Samurott-Hisui, M, shiny|100\/100\n|move|p2a: Iron Moth|Fiery Dance|p1a: Samurott\n|-resisted|p1a: Samurott\n|-damage|p1a: Samurott|58\/100\n|-boost|p2a: Iron Moth|spa|1\n|\n|upkeep\n|turn|8\n|\n|t:|1700165890\n|move|p1a: Samurott|Flip Turn|p2a: Iron Moth\n|-supereffective|p2a: Iron Moth\n|-damage|p2a: Iron Moth|3\/100\n|\n|t:|1700165901\n|switch|p1a: Corviknight|Corviknight, F|53\/100|[from] Flip Turn\n|-ability|p1a: Corviknight|Pressure\n|move|p2a: Iron Moth|Energy Ball|p1a: Corviknight\n|-resisted|p1a: Corviknight\n|-damage|p1a: Corviknight|38\/100\n|\n|-heal|p1a: Corviknight|44\/100|[from] item: Leftovers\n|upkeep\n|turn|9\n|\n|t:|1700165904\n|move|p2a: Iron Moth|Fiery Dance|p1a: Corviknight\n|-supereffective|p1a: Corviknight\n|-damage|p1a: Corviknight|0 fnt\n|-boost|p2a: Iron Moth|spa|1\n|faint|p1a: Corviknight\n|\n|upkeep\n|\n|t:|1700165907\n|switch|p1a: Ceruledge|Ceruledge, M|100\/100\n|turn|10\n|\n|t:|1700165915\n|move|p1a: Ceruledge|Shadow Sneak|p2a: Iron Moth\n|-damage|p2a: Iron Moth|0 fnt\n|faint|p2a: Iron Moth\n|-end|p2a: Iron Moth|Quark Drive|[silent]\n|\n|upkeep\n|\n|t:|1700165919\n|switch|p2a: Manaphy|Manaphy, shiny|100\/100\n|turn|11\n|\n|t:|1700165924\n|switch|p1a: Enamorus|Enamorus, F|100\/100\n|move|p2a: Manaphy|Surf|p1a: Enamorus\n|-damage|p1a: Enamorus|63\/100\n|\n|upkeep\n|turn|12\n|\n|t:|1700165930\n|move|p1a: Enamorus|Superpower|p2a: Manaphy\n|-damage|p2a: Manaphy|62\/100\n|-boost|p1a: Enamorus|atk|1\n|-boost|p1a: Enamorus|def|1\n|move|p2a: Manaphy|Ice Beam|p1a: Enamorus\n|-supereffective|p1a: Enamorus\n|-damage|p1a: Enamorus|7\/100\n|\n|-heal|p2a: Manaphy|69\/100|[from] item: Leftovers\n|upkeep\n|turn|13\n|\n|t:|1700165938\n|move|p1a: Enamorus|Superpower|p2a: Manaphy\n|-damage|p2a: Manaphy|14\/100\n|-boost|p1a: Enamorus|atk|1\n|-boost|p1a: Enamorus|def|1\n|move|p2a: Manaphy|Ice Beam|p1a: Enamorus\n|-supereffective|p1a: Enamorus\n|-damage|p1a: Enamorus|0 fnt\n|faint|p1a: Enamorus\n|\n|-heal|p2a: Manaphy|20\/100|[from] item: Leftovers\n|upkeep\n|\n|t:|1700165945\n|switch|p1a: Iron Moth|Iron Moth|100\/100\n|-enditem|p1a: Iron Moth|Booster Energy\n|-activate|p1a: Iron Moth|ability: Quark Drive|[fromitem]\n|-start|p1a: Iron Moth|quarkdrivespa\n|turn|14\n|\n|t:|1700165949\n|move|p1a: Iron Moth|Energy Ball|p2a: Manaphy\n|-supereffective|p2a: Manaphy\n|-damage|p2a: Manaphy|0 fnt\n|faint|p2a: Manaphy\n|\n|upkeep\n|\n|t:|1700165952\n|switch|p2a: Ribombee|Ribombee, M, shiny|100\/100\n|turn|15\n|\n|t:|1700165958\n|move|p2a: Ribombee|Sticky Web|p1a: Iron Moth\n|-sidestart|p1: JamesDHerce|move: Sticky Web\n|move|p1a: Iron Moth|Fiery Dance|p2a: Ribombee\n|-supereffective|p2a: Ribombee\n|-enditem|p2a: Ribombee|Focus Sash\n|-damage|p2a: Ribombee|1\/100\n|\n|upkeep\n|turn|16\n|\n|t:|1700165962\n|move|p2a: Ribombee|Psychic|p1a: Iron Moth\n|-supereffective|p1a: Iron Moth\n|-damage|p1a: Iron Moth|49\/100\n|move|p1a: Iron Moth|Fiery Dance|p2a: Ribombee\n|-supereffective|p2a: Ribombee\n|-damage|p2a: Ribombee|0 fnt\n|-boost|p1a: Iron Moth|spa|1\n|faint|p2a: Ribombee\n|\n|upkeep\n|\n|t:|1700165969\n|switch|p2a: Kingambit|Kingambit, F, shiny|100\/100\n|-activate|p2a: Kingambit|ability: Supreme Overlord\n|-start|p2a: Kingambit|fallen4|[silent]\n|turn|17\n|\n|t:|1700165973\n|move|p2a: Kingambit|Sucker Punch|p1a: Iron Moth\n|-damage|p1a: Iron Moth|0 fnt\n|faint|p1a: Iron Moth\n|-end|p1a: Iron Moth|Quark Drive|[silent]\n|\n|upkeep\n|\n|t:|1700165975\n|switch|p1a: Great Tusk|Great Tusk|100\/100\n|-activate|p1a: Great Tusk|move: Sticky Web\n|-unboost|p1a: Great Tusk|spe|1\n|turn|18\n|\n|t:|1700165980\n|-terastallize|p2a: Kingambit|Flying\n|move|p2a: Kingambit|Swords Dance|p2a: Kingambit\n|-boost|p2a: Kingambit|atk|2\n|move|p1a: Great Tusk|Headlong Rush|p2a: Kingambit\n|-immune|p2a: Kingambit\n|\n|upkeep\n|turn|19\n|\n|t:|1700165991\n|move|p2a: Kingambit|Iron Head|p1a: Great Tusk\n|-damage|p1a: Great Tusk|21\/100\n|move|p1a: Great Tusk|Ice Spinner|p2a: Kingambit\n|-supereffective|p2a: Kingambit\n|-damage|p2a: Kingambit|63\/100\n|\n|upkeep\n|turn|20\n|\n|t:|1700165997\n|move|p2a: Kingambit|Iron Head|p1a: Great Tusk\n|-damage|p1a: Great Tusk|0 fnt\n|faint|p1a: Great Tusk\n|-end|p1a: Great Tusk|Protosynthesis|[silent]\n|\n|upkeep\n|\n|t:|1700165999\n|switch|p1a: Samurott|Samurott-Hisui, M, shiny|58\/100\n|-activate|p1a: Samurott|move: Sticky Web\n|-unboost|p1a: Samurott|spe|1\n|turn|21\n|\n|t:|1700166002\n|move|p2a: Kingambit|Sucker Punch|p1a: Samurott\n|-resisted|p1a: Samurott\n|-damage|p1a: Samurott|0 fnt\n|faint|p1a: Samurott\n|\n|upkeep\n|\n|t:|1700166004\n|switch|p1a: Ceruledge|Ceruledge, M|100\/100\n|-activate|p1a: Ceruledge|move: Sticky Web\n|-unboost|p1a: Ceruledge|spe|1\n|turn|22\n|\n|t:|1700166007\n|move|p2a: Kingambit|Kowtow Cleave|p1a: Ceruledge\n|-supereffective|p1a: Ceruledge\n|-enditem|p1a: Ceruledge|Focus Sash\n|-damage|p1a: Ceruledge|1\/100\n|-ability|p1a: Ceruledge|Weak Armor|boost\n|-unboost|p1a: Ceruledge|def|1\n|-boost|p1a: Ceruledge|spe|2\n|move|p1a: Ceruledge|Swords Dance|p1a: Ceruledge\n|-boost|p1a: Ceruledge|atk|2\n|\n|upkeep\n|turn|23\n|\n|t:|1700166019\n|move|p2a: Kingambit|Sucker Punch|p1a: Ceruledge\n|-supereffective|p1a: Ceruledge\n|-damage|p1a: Ceruledge|0 fnt\n|faint|p1a: Ceruledge\n|\n|win|2022 flare\n|raw|JamesDHerce's rating: 1212 &rarr; <strong>1183<\/strong><br \/>(-29 for losing)\n|raw|2022 flare's rating: 1149 &rarr; <strong>1178<\/strong><br \/>(+29 for winning)\n|l|\u2606JamesDHerce\n|c|\u26062022 flare|nice\n","uploadtime":1700166025,"views":7,"p1id":"jamesdherce","p2id":"2022flare","formatid":"gen9ou","rating":1178,"private":0,"password":""}