{"id":"gen9ou-1993179838","p1":"Mr.X&Y97","p2":"CapnTophat","format":"[Gen 9] OU","log":"|j|\u2606Mr.X&Y97\n|j|\u2606CapnTophat\n|t:|1700274571\n|gametype|singles\n|player|p1|Mr.X&Y97|ingo|1470\n|player|p2|CapnTophat|wallace|1543\n|teamsize|p1|6\n|teamsize|p2|6\n|gen|9\n|tier|[Gen 9] OU\n|rated|\n|rule|Sleep Clause Mod: Limit one foe put to sleep\n|rule|Species Clause: Limit one of each Pok\u00e9mon\n|rule|OHKO Clause: OHKO moves are banned\n|rule|Evasion Items Clause: Evasion items are banned\n|rule|Evasion Moves Clause: Evasion moves are banned\n|rule|Endless Battle Clause: Forcing endless battles is banned\n|rule|HP Percentage Mod: HP is shown in percentages\n|clearpoke\n|poke|p1|Conkeldurr, M|\n|poke|p1|Dragonite, M|\n|poke|p1|Iron Moth|\n|poke|p1|Heatran, F|\n|poke|p1|Weavile, M|\n|poke|p1|Weezing-Galar, F|\n|poke|p2|Great Tusk|\n|poke|p2|Kingambit, M|\n|poke|p2|Iron Hands|\n|poke|p2|Iron Valiant|\n|poke|p2|Ting-Lu|\n|poke|p2|Toxapex, M|\n|teampreview\n|inactive|Battle timer is ON: inactive players will automatically lose when time's up. (requested by CapnTophat)\n|inactive|Mr.X&Y97 also wants the timer to be on.\n|\n|t:|1700274589\n|start\n|switch|p1a: Heatran|Heatran, F|100\/100\n|switch|p2a: Great Tusk|Great Tusk|100\/100\n|-item|p1a: Heatran|Air Balloon\n|turn|1\n|\n|t:|1700274615\n|switch|p1a: Dragonite|Dragonite, M|100\/100\n|move|p2a: Great Tusk|Knock Off|p1a: Dragonite\n|-damage|p1a: Dragonite|86\/100\n|-enditem|p1a: Dragonite|Heavy-Duty Boots|[from] move: Knock Off|[of] p2a: Great Tusk\n|\n|upkeep\n|turn|2\n|\n|t:|1700274620\n|move|p1a: Dragonite|Dragon Dance|p1a: Dragonite\n|-boost|p1a: Dragonite|atk|1\n|-boost|p1a: Dragonite|spe|1\n|move|p2a: Great Tusk|Stealth Rock|p1a: Dragonite\n|-sidestart|p1: Mr.X&Y97|move: Stealth Rock\n|\n|upkeep\n|turn|3\n|\n|t:|1700274634\n|-terastallize|p1a: Dragonite|Normal\n|move|p1a: Dragonite|Dragon Dance|p1a: Dragonite\n|-boost|p1a: Dragonite|atk|1\n|-boost|p1a: Dragonite|spe|1\n|move|p2a: Great Tusk|Knock Off|p1a: Dragonite\n|-damage|p1a: Dragonite|66\/100\n|\n|upkeep\n|turn|4\n|\n|t:|1700274639\n|move|p1a: Dragonite|Roost|p1a: Dragonite\n|-heal|p1a: Dragonite|100\/100\n|move|p2a: Great Tusk|Earthquake|p1a: Dragonite\n|-damage|p1a: Dragonite|80\/100\n|\n|upkeep\n|turn|5\n|\n|t:|1700274644\n|move|p1a: Dragonite|Dragon Dance|p1a: Dragonite\n|-boost|p1a: Dragonite|atk|1\n|-boost|p1a: Dragonite|spe|1\n|move|p2a: Great Tusk|Earthquake|p1a: Dragonite\n|-damage|p1a: Dragonite|39\/100\n|\n|upkeep\n|turn|6\n|\n|t:|1700274649\n|move|p1a: Dragonite|Roost|p1a: Dragonite\n|-heal|p1a: Dragonite|90\/100\n|move|p2a: Great Tusk|Earthquake|p1a: Dragonite\n|-damage|p1a: Dragonite|48\/100\n|\n|upkeep\n|turn|7\n|\n|t:|1700274652\n|move|p1a: Dragonite|Roost|p1a: Dragonite\n|-heal|p1a: Dragonite|99\/100\n|move|p2a: Great Tusk|Earthquake|p1a: Dragonite\n|-damage|p1a: Dragonite|53\/100\n|\n|upkeep\n|turn|8\n|\n|t:|1700274658\n|move|p1a: Dragonite|Roost|p1a: Dragonite\n|-heal|p1a: Dragonite|100\/100\n|move|p2a: Great Tusk|Rapid Spin|p1a: Dragonite\n|-damage|p1a: Dragonite|93\/100\n|-boost|p2a: Great Tusk|spe|1\n|\n|upkeep\n|turn|9\n|\n|t:|1700274662\n|move|p1a: Dragonite|Dragon Dance|p1a: Dragonite\n|-boost|p1a: Dragonite|atk|1\n|-boost|p1a: Dragonite|spe|1\n|move|p2a: Great Tusk|Earthquake|p1a: Dragonite\n|-damage|p1a: Dragonite|52\/100\n|\n|upkeep\n|turn|10\n|\n|t:|1700274666\n|move|p1a: Dragonite|Roost|p1a: Dragonite\n|-heal|p1a: Dragonite|100\/100\n|move|p2a: Great Tusk|Earthquake|p1a: Dragonite\n|-damage|p1a: Dragonite|77\/100\n|\n|upkeep\n|turn|11\n|\n|t:|1700274671\n|move|p1a: Dragonite|Extreme Speed|p2a: Great Tusk\n|-damage|p2a: Great Tusk|30\/100\n|move|p2a: Great Tusk|Earthquake|p1a: Dragonite\n|-crit|p1a: Dragonite\n|-damage|p1a: Dragonite|12\/100\n|\n|-heal|p2a: Great Tusk|37\/100|[from] item: Leftovers\n|upkeep\n|turn|12\n|\n|t:|1700274678\n|-terastallize|p2a: Great Tusk|Steel\n|move|p1a: Dragonite|Roost|p1a: Dragonite\n|-heal|p1a: Dragonite|62\/100\n|move|p2a: Great Tusk|Earthquake|p1a: Dragonite\n|-damage|p1a: Dragonite|20\/100\n|\n|-heal|p2a: Great Tusk|43\/100|[from] item: Leftovers\n|upkeep\n|turn|13\n|\n|t:|1700274684\n|move|p1a: Dragonite|Earthquake|p2a: Great Tusk\n|-supereffective|p2a: Great Tusk\n|-damage|p2a: Great Tusk|0 fnt\n|faint|p2a: Great Tusk\n|-end|p2a: Great Tusk|Protosynthesis|[silent]\n|\n|upkeep\n|\n|t:|1700274688\n|switch|p2a: Iron Hands|Iron Hands|100\/100\n|turn|14\n|\n|t:|1700274690\n|move|p1a: Dragonite|Earthquake|p2a: Iron Hands\n|-supereffective|p2a: Iron Hands\n|-damage|p2a: Iron Hands|0 fnt\n|faint|p2a: Iron Hands\n|-end|p2a: Iron Hands|Quark Drive|[silent]\n|\n|upkeep\n|\n|t:|1700274696\n|switch|p2a: Ting-Lu|Ting-Lu|100\/100\n|-ability|p2a: Ting-Lu|Vessel of Ruin\n|turn|15\n|\n|t:|1700274700\n|move|p1a: Dragonite|Extreme Speed|p2a: Ting-Lu\n|-damage|p2a: Ting-Lu|21\/100\n|move|p2a: Ting-Lu|Earthquake|p1a: Dragonite\n|-damage|p1a: Dragonite|0 fnt\n|faint|p1a: Dragonite\n|\n|-heal|p2a: Ting-Lu|27\/100|[from] item: Leftovers\n|upkeep\n|\n|t:|1700274710\n|switch|p1a: Conkeldurr|Conkeldurr, M|100\/100\n|-damage|p1a: Conkeldurr|94\/100|[from] Stealth Rock\n|turn|16\n|\n|t:|1700274717\n|move|p1a: Conkeldurr|Knock Off|p2a: Ting-Lu\n|-resisted|p2a: Ting-Lu\n|-damage|p2a: Ting-Lu|16\/100\n|-enditem|p2a: Ting-Lu|Leftovers|[from] move: Knock Off|[of] p1a: Conkeldurr\n|move|p2a: Ting-Lu|Ruination|p1a: Conkeldurr\n|-damage|p1a: Conkeldurr|47\/100\n|\n|-status|p1a: Conkeldurr|brn|[from] item: Flame Orb\n|upkeep\n|turn|17\n|\n|t:|1700274724\n|switch|p2a: Toxapex|Toxapex, M|100\/100\n|move|p1a: Conkeldurr|Mach Punch|p2a: Toxapex\n|-resisted|p2a: Toxapex\n|-crit|p2a: Toxapex\n|-damage|p2a: Toxapex|83\/100\n|\n|-damage|p1a: Conkeldurr|41\/100 brn|[from] brn\n|upkeep\n|turn|18\n|\n|t:|1700274729\n|move|p1a: Conkeldurr|Facade|p2a: Toxapex\n|-damage|p2a: Toxapex|27\/100\n|move|p2a: Toxapex|Surf|p1a: Conkeldurr\n|-damage|p1a: Conkeldurr|18\/100 brn\n|\n|-damage|p1a: Conkeldurr|12\/100 brn|[from] brn\n|upkeep\n|turn|19\n|\n|t:|1700274734\n|switch|p2a: Ting-Lu|Ting-Lu|16\/100\n|-ability|p2a: Ting-Lu|Vessel of Ruin\n|move|p1a: Conkeldurr|Facade|p2a: Ting-Lu\n|-damage|p2a: Ting-Lu|0 fnt\n|faint|p2a: Ting-Lu\n|\n|-damage|p1a: Conkeldurr|6\/100 brn|[from] brn\n|upkeep\n|\n|t:|1700274747\n|switch|p2a: Toxapex|Toxapex, M|61\/100\n|turn|20\n|\n|t:|1700274749\n|move|p1a: Conkeldurr|Facade|p2a: Toxapex\n|-damage|p2a: Toxapex|11\/100\n|move|p2a: Toxapex|Recover|p2a: Toxapex\n|-heal|p2a: Toxapex|61\/100\n|\n|-damage|p1a: Conkeldurr|0 fnt|[from] brn\n|faint|p1a: Conkeldurr\n|upkeep\n|inactive|Mr.X&Y97 has 120 seconds left.\n|\n|t:|1700274786\n|switch|p1a: Weezing|Weezing-Galar, F|100\/100\n|-ability|p1a: Weezing|Neutralizing Gas\n|turn|21\n|\n|t:|1700274790\n|move|p1a: Weezing|Taunt|p2a: Toxapex\n|-start|p2a: Toxapex|move: Taunt\n|move|p2a: Toxapex|Surf|p1a: Weezing\n|-damage|p1a: Weezing|76\/100\n|\n|upkeep\n|turn|22\n|\n|t:|1700274793\n|move|p1a: Weezing|Defog|p2a: Toxapex\n|-unboost|p2a: Toxapex|evasion|1\n|-sideend|p1: Mr.X&Y97|Stealth Rock|[from] move: Defog|[of] p1a: Weezing\n|move|p2a: Toxapex|Surf|p1a: Weezing\n|-damage|p1a: Weezing|49\/100\n|\n|upkeep\n|turn|23\n|\n|t:|1700274800\n|move|p1a: Weezing|Will-O-Wisp|p2a: Toxapex\n|-status|p2a: Toxapex|brn\n|move|p2a: Toxapex|Surf|p1a: Weezing\n|-damage|p1a: Weezing|23\/100\n|\n|-damage|p2a: Toxapex|55\/100 brn|[from] brn\n|-end|p2a: Toxapex|move: Taunt\n|upkeep\n|turn|24\n|\n|t:|1700274806\n|move|p1a: Weezing|Taunt|p2a: Toxapex\n|-start|p2a: Toxapex|move: Taunt\n|move|p2a: Toxapex|Surf|p1a: Weezing\n|-damage|p1a: Weezing|0 fnt\n|faint|p1a: Weezing\n|-end|p1a: Weezing|ability: Neutralizing Gas\n|\n|-damage|p2a: Toxapex|49\/100 brn|[from] brn\n|upkeep\n|inactive|Mr.X&Y97 has 120 seconds left.\n|\n|t:|1700274836\n|switch|p1a: Heatran|Heatran, F|100\/100\n|-item|p1a: Heatran|Air Balloon\n|turn|25\n|\n|t:|1700274844\n|move|p1a: Heatran|Stealth Rock|p2a: Toxapex\n|-sidestart|p2: CapnTophat|move: Stealth Rock\n|move|p2a: Toxapex|Surf|p1a: Heatran\n|-supereffective|p1a: Heatran\n|-damage|p1a: Heatran|76\/100\n|-enditem|p1a: Heatran|Air Balloon\n|\n|-damage|p2a: Toxapex|42\/100 brn|[from] brn\n|upkeep\n|turn|26\n|\n|t:|1700274848\n|move|p1a: Heatran|Earth Power|p2a: Toxapex\n|-supereffective|p2a: Toxapex\n|-damage|p2a: Toxapex|1\/100 brn\n|move|p2a: Toxapex|Surf|p1a: Heatran\n|-supereffective|p1a: Heatran\n|-damage|p1a: Heatran|52\/100\n|\n|-damage|p2a: Toxapex|0 fnt|[from] brn\n|faint|p2a: Toxapex\n|upkeep\n|\n|t:|1700274854\n|switch|p2a: Iron Valiant|Iron Valiant|100\/100\n|-damage|p2a: Iron Valiant|94\/100|[from] Stealth Rock\n|-enditem|p2a: Iron Valiant|Booster Energy\n|-activate|p2a: Iron Valiant|ability: Quark Drive|[fromitem]\n|-start|p2a: Iron Valiant|quarkdrivespe\n|turn|27\n|\n|t:|1700274859\n|move|p2a: Iron Valiant|Thunderbolt|p1a: Heatran\n|-crit|p1a: Heatran\n|-damage|p1a: Heatran|23\/100\n|move|p1a: Heatran|Magma Storm|p2a: Iron Valiant\n|-damage|p2a: Iron Valiant|15\/100\n|-activate|p2a: Iron Valiant|move: Magma Storm|[of] p1a: Heatran\n|\n|-damage|p2a: Iron Valiant|3\/100|[from] move: Magma Storm|[partiallytrapped]\n|upkeep\n|turn|28\n|\n|t:|1700274866\n|move|p2a: Iron Valiant|Thunderbolt|p1a: Heatran\n|-damage|p1a: Heatran|6\/100\n|move|p1a: Heatran|Earth Power|p2a: Iron Valiant\n|-damage|p2a: Iron Valiant|0 fnt\n|faint|p2a: Iron Valiant\n|-end|p2a: Iron Valiant|Quark Drive|[silent]\n|\n|upkeep\n|\n|t:|1700274869\n|switch|p2a: Kingambit|Kingambit, M|100\/100\n|-damage|p2a: Kingambit|94\/100|[from] Stealth Rock\n|-activate|p2a: Kingambit|ability: Supreme Overlord\n|-start|p2a: Kingambit|fallen5|[silent]\n|turn|29\n|\n|t:|1700274873\n|move|p2a: Kingambit|Sucker Punch|p1a: Heatran\n|-damage|p1a: Heatran|0 fnt\n|faint|p1a: Heatran\n|\n|-heal|p2a: Kingambit|100\/100|[from] item: Leftovers\n|upkeep\n|\n|t:|1700274877\n|switch|p1a: Weavile|Weavile, M|100\/100\n|-ability|p1a: Weavile|Pressure\n|turn|30\n|\n|t:|1700274881\n|move|p1a: Weavile|Low Kick|p2a: Kingambit\n|-supereffective|p2a: Kingambit\n|-crit|p2a: Kingambit\n|-damage|p2a: Kingambit|0 fnt\n|faint|p2a: Kingambit\n|-end|p2a: Kingambit|fallen5|[silent]\n|\n|win|Mr.X&Y97\n|raw|Mr.X&amp;Y97's rating: 1470 &rarr; <strong>1494<\/strong><br \/>(+24 for winning)\n|raw|CapnTophat's rating: 1543 &rarr; <strong>1519<\/strong><br \/>(-24 for losing)\n|l|\u2606CapnTophat\n","uploadtime":1700274888,"views":13,"p1id":"mrxy97","p2id":"capntophat","formatid":"gen9ou","rating":1494,"private":0,"password":""}