{"id":"gen9ou-1989349682","p1":"1owercase","p2":"Zed lepplin","format":"[Gen 9] OU","log":"|j|\u26061owercase\n|j|\u2606Zed lepplin\n|t:|1699839371\n|gametype|singles\n|player|p1|1owercase|flannery|1676\n|player|p2|Zed lepplin|265|1589\n|teamsize|p1|6\n|teamsize|p2|6\n|gen|9\n|tier|[Gen 9] OU\n|rated|\n|rule|Sleep Clause Mod: Limit one foe put to sleep\n|rule|Species Clause: Limit one of each Pok\u00e9mon\n|rule|OHKO Clause: OHKO moves are banned\n|rule|Evasion Items Clause: Evasion items are banned\n|rule|Evasion Moves Clause: Evasion moves are banned\n|rule|Endless Battle Clause: Forcing endless battles is banned\n|rule|HP Percentage Mod: HP is shown in percentages\n|clearpoke\n|poke|p1|Rillaboom, M|\n|poke|p1|Sneasler, F|\n|poke|p1|Sandy Shocks|\n|poke|p1|Samurott-Hisui, F|\n|poke|p1|Ceruledge, F|\n|poke|p1|Hatterene, F|\n|poke|p2|Cinderace, M|\n|poke|p2|Great Tusk|\n|poke|p2|Lokix, F|\n|poke|p2|Ogerpon-Wellspring, F|\n|poke|p2|Heatran, F|\n|poke|p2|Greninja-*, F|\n|teampreview\n|inactive|Battle timer is ON: inactive players will automatically lose when time's up. (requested by 1owercase)\n|\n|t:|1699839387\n|start\n|switch|p1a: Sandy Shocks|Sandy Shocks|100\/100\n|switch|p2a: Lokix|Lokix, F|100\/100\n|-enditem|p1a: Sandy Shocks|Booster Energy\n|-activate|p1a: Sandy Shocks|ability: Protosynthesis|[fromitem]\n|-start|p1a: Sandy Shocks|protosynthesisspe\n|turn|1\n|\n|t:|1699839393\n|-terastallize|p2a: Lokix|Bug\n|move|p1a: Sandy Shocks|Stealth Rock|p2a: Lokix\n|-sidestart|p2: Zed lepplin|move: Stealth Rock\n|move|p2a: Lokix|Leech Life|p1a: Sandy Shocks\n|-crit|p1a: Sandy Shocks\n|-damage|p1a: Sandy Shocks|0 fnt\n|faint|p1a: Sandy Shocks\n|-end|p1a: Sandy Shocks|Protosynthesis|[silent]\n|\n|upkeep\n|\n|t:|1699839415\n|switch|p1a: Hatterene|Hatterene, F|100\/100\n|turn|2\n|j| FaronAan\n|\n|t:|1699839434\n|move|p2a: Lokix|Swords Dance|p2a: Lokix\n|-boost|p2a: Lokix|atk|2\n|move|p1a: Hatterene|Nuzzle|p2a: Lokix\n|-damage|p2a: Lokix|94\/100\n|-status|p2a: Lokix|par\n|\n|upkeep\n|turn|3\n|\n|t:|1699839440\n|move|p2a: Lokix|Leech Life|p1a: Hatterene\n|-damage|p1a: Hatterene|0 fnt\n|-heal|p2a: Lokix|100\/100 par|[from] drain|[of] p1a: Hatterene\n|faint|p1a: Hatterene\n|\n|upkeep\n|\n|t:|1699839447\n|switch|p1a: Rillaboom|Rillaboom, M|100\/100\n|-fieldstart|move: Grassy Terrain|[from] ability: Grassy Surge|[of] p1a: Rillaboom\n|turn|4\n|\n|t:|1699839453\n|move|p1a: Rillaboom|Wood Hammer|p2a: Lokix\n|-resisted|p2a: Lokix\n|-damage|p2a: Lokix|8\/100 par\n|-damage|p1a: Rillaboom|79\/100|[from] Recoil\n|move|p2a: Lokix|Leech Life|p1a: Rillaboom\n|-supereffective|p1a: Rillaboom\n|-damage|p1a: Rillaboom|0 fnt\n|-heal|p2a: Lokix|63\/100 par|[from] drain|[of] p1a: Rillaboom\n|faint|p1a: Rillaboom\n|\n|-heal|p2a: Lokix|69\/100 par|[from] Grassy Terrain\n|upkeep\n|\n|t:|1699839459\n|switch|p1a: Sneasler|Sneasler, F|100\/100\n|-enditem|p1a: Sneasler|Grassy Seed\n|-boost|p1a: Sneasler|def|1|[from] item: Grassy Seed\n|turn|5\n|\n|t:|1699839473\n|switch|p2a: Great Tusk|Great Tusk|100\/100\n|-damage|p2a: Great Tusk|98\/100|[from] Stealth Rock\n|-enditem|p2a: Great Tusk|Booster Energy\n|-activate|p2a: Great Tusk|ability: Protosynthesis|[fromitem]\n|-start|p2a: Great Tusk|protosynthesisspe\n|move|p1a: Sneasler|Acrobatics|p2a: Great Tusk\n|-supereffective|p2a: Great Tusk\n|-damage|p2a: Great Tusk|48\/100\n|\n|-heal|p2a: Great Tusk|54\/100|[from] Grassy Terrain\n|upkeep\n|turn|6\n|\n|t:|1699839490\n|move|p1a: Sneasler|Swords Dance|p1a: Sneasler\n|-boost|p1a: Sneasler|atk|2\n|move|p2a: Great Tusk|Headlong Rush|p1a: Sneasler\n|-supereffective|p1a: Sneasler\n|-damage|p1a: Sneasler|0 fnt\n|-unboost|p2a: Great Tusk|def|1\n|-unboost|p2a: Great Tusk|spd|1\n|faint|p1a: Sneasler\n|\n|-heal|p2a: Great Tusk|61\/100|[from] Grassy Terrain\n|upkeep\n|\n|t:|1699839495\n|switch|p1a: Ceruledge|Ceruledge, F|100\/100\n|turn|7\n|\n|t:|1699839502\n|-terastallize|p1a: Ceruledge|Fairy\n|move|p2a: Great Tusk|Headlong Rush|p1a: Ceruledge\n|-damage|p1a: Ceruledge|43\/100\n|-unboost|p2a: Great Tusk|def|1\n|-unboost|p2a: Great Tusk|spd|1\n|move|p1a: Ceruledge|Bitter Blade|p2a: Great Tusk\n|-damage|p2a: Great Tusk|3\/100\n|-heal|p1a: Ceruledge|78\/100|[from] drain|[of] p2a: Great Tusk\n|\n|-heal|p2a: Great Tusk|9\/100|[from] Grassy Terrain\n|-heal|p1a: Ceruledge|84\/100|[from] Grassy Terrain\n|upkeep\n|turn|8\n|\n|t:|1699839511\n|move|p1a: Ceruledge|Shadow Sneak|p2a: Great Tusk\n|-damage|p2a: Great Tusk|0 fnt\n|faint|p2a: Great Tusk\n|-end|p2a: Great Tusk|Protosynthesis|[silent]\n|\n|-heal|p1a: Ceruledge|91\/100|[from] Grassy Terrain\n|-fieldend|move: Grassy Terrain\n|upkeep\n|\n|t:|1699839524\n|switch|p2a: Greninja|Greninja, F|100\/100\n|-damage|p2a: Greninja|88\/100|[from] Stealth Rock\n|turn|9\n|\n|t:|1699839530\n|switch|p1a: Samurott|Samurott-Hisui, F|100\/100\n|move|p2a: Greninja|Gunk Shot|p1a: Samurott\n|-start|p2a: Greninja|typechange|Poison|[from] ability: Protean\n|-damage|p1a: Samurott|60\/100\n|\n|upkeep\n|turn|10\n|\n|t:|1699839540\n|switch|p2a: Ogerpon|Ogerpon-Wellspring, F|100\/100\n|-damage|p2a: Ogerpon|88\/100|[from] Stealth Rock\n|move|p1a: Samurott|Ceaseless Edge|p2a: Ogerpon\n|-damage|p2a: Ogerpon|34\/100\n|-sidestart|p2: Zed lepplin|Spikes\n|\n|upkeep\n|turn|11\n|\n|t:|1699839544\n|switch|p1a: Ceruledge|Ceruledge, F, tera:Fairy|91\/100\n|move|p2a: Ogerpon|Horn Leech|p1a: Ceruledge\n|-damage|p1a: Ceruledge|40\/100\n|-heal|p2a: Ogerpon|64\/100|[from] drain|[of] p1a: Ceruledge\n|\n|upkeep\n|turn|12\n|-message|1owercase forfeited.\n|\n|win|Zed lepplin\n|raw|1owercase's rating: 1676 &rarr; <strong>1651<\/strong><br \/>(-25 for losing)\n|raw|Zed lepplin's rating: 1589 &rarr; <strong>1614<\/strong><br \/>(+25 for winning)\n|l|\u26061owercase\n","uploadtime":1699839556,"views":6,"p1id":"1owercase","p2id":"zedlepplin","formatid":"gen9ou","rating":1614,"private":0,"password":""}