{"id":"gen9ou-1989886004","p1":"Welcometoearth420","p2":"Rooshibi","format":"[Gen 9] OU","log":"|j|\u2606Welcometoearth420\n|j|\u2606Rooshibi\n|t:|1699903903\n|gametype|singles\n|player|p1|Welcometoearth420|265|1577\n|player|p2|Rooshibi|jasmine|1542\n|teamsize|p1|6\n|teamsize|p2|6\n|gen|9\n|tier|[Gen 9] OU\n|rated|\n|rule|Sleep Clause Mod: Limit one foe put to sleep\n|rule|Species Clause: Limit one of each Pok\u00e9mon\n|rule|OHKO Clause: OHKO moves are banned\n|rule|Evasion Items Clause: Evasion items are banned\n|rule|Evasion Moves Clause: Evasion moves are banned\n|rule|Endless Battle Clause: Forcing endless battles is banned\n|rule|HP Percentage Mod: HP is shown in percentages\n|clearpoke\n|poke|p1|Corviknight, M|\n|poke|p1|Dragapult, M|\n|poke|p1|Slowking-Galar, M|\n|poke|p1|Mandibuzz, F|\n|poke|p1|Iron Valiant|\n|poke|p1|Milotic, F|\n|poke|p2|Iron Jugulis|\n|poke|p2|Ogerpon-Wellspring, F|\n|poke|p2|Tinkaton, F|\n|poke|p2|Iron Moth|\n|poke|p2|Great Tusk|\n|poke|p2|Dragapult, M|\n|teampreview\n|inactive|Battle timer is ON: inactive players will automatically lose when time's up. (requested by Rooshibi)\n|\n|t:|1699903910\n|start\n|switch|p1a: Dragapult|Dragapult, M|100\/100\n|switch|p2a: Tinkaton|Tinkaton, F|100\/100\n|-item|p2a: Tinkaton|Air Balloon\n|turn|1\n|inactive|Rooshibi has 120 seconds left.\n|\n|t:|1699903943\n|move|p1a: Dragapult|U-turn|p2a: Tinkaton\n|-resisted|p2a: Tinkaton\n|-damage|p2a: Tinkaton|96\/100\n|-enditem|p2a: Tinkaton|Air Balloon\n|-enditem|p1a: Dragapult|Choice Specs|[silent]|[from] ability: Pickpocket|[of] p1a: Dragapult\n|-item|p2a: Tinkaton|Choice Specs|[from] ability: Pickpocket|[of] p1a: Dragapult\n|\n|t:|1699903948\n|switch|p1a: Corviknight|Corviknight, M|100\/100|[from] U-turn\n|move|p2a: Tinkaton|Thunder Wave|p1a: Corviknight\n|-status|p1a: Corviknight|par\n|\n|upkeep\n|turn|2\n|\n|t:|1699903960\n|switch|p2a: Iron Moth|Iron Moth|100\/100\n|-enditem|p2a: Iron Moth|Booster Energy\n|-activate|p2a: Iron Moth|ability: Quark Drive|[fromitem]\n|-start|p2a: Iron Moth|quarkdrivespe\n|move|p1a: Corviknight|Body Press|p2a: Iron Moth\n|-resisted|p2a: Iron Moth\n|-damage|p2a: Iron Moth|83\/100\n|\n|upkeep\n|turn|3\n|\n|t:|1699903966\n|switch|p1a: Milotic|Milotic, F|100\/100\n|move|p2a: Iron Moth|Fiery Dance|p1a: Milotic\n|-resisted|p1a: Milotic\n|-damage|p1a: Milotic|90\/100\n|-boost|p2a: Iron Moth|spa|1\n|\n|upkeep\n|turn|4\n|\n|t:|1699903971\n|move|p2a: Iron Moth|Sludge Wave|p1a: Milotic\n|-damage|p1a: Milotic|53\/100\n|move|p1a: Milotic|Scald|p2a: Iron Moth\n|-supereffective|p2a: Iron Moth\n|-damage|p2a: Iron Moth|23\/100\n|\n|upkeep\n|turn|5\n|\n|t:|1699903977\n|move|p2a: Iron Moth|Sludge Wave|p1a: Milotic\n|-damage|p1a: Milotic|11\/100\n|-status|p1a: Milotic|psn\n|move|p1a: Milotic|Recover|p1a: Milotic\n|-heal|p1a: Milotic|61\/100 psn\n|\n|-damage|p1a: Milotic|49\/100 psn|[from] psn\n|upkeep\n|turn|6\n|\n|t:|1699903982\n|move|p2a: Iron Moth|Sludge Wave|p1a: Milotic\n|-damage|p1a: Milotic|8\/100 psn\n|move|p1a: Milotic|Flip Turn|p2a: Iron Moth\n|-supereffective|p2a: Iron Moth\n|-damage|p2a: Iron Moth|0 fnt\n|faint|p2a: Iron Moth\n|-end|p2a: Iron Moth|Quark Drive|[silent]\n|\n|t:|1699903993\n|switch|p1a: Dragapult|Dragapult, M|100\/100|[from] Flip Turn\n|\n|upkeep\n|\n|t:|1699904009\n|switch|p2a: Iron Jugulis|Iron Jugulis|100\/100\n|-enditem|p2a: Iron Jugulis|Booster Energy\n|-activate|p2a: Iron Jugulis|ability: Quark Drive|[fromitem]\n|-start|p2a: Iron Jugulis|quarkdrivespe\n|turn|7\n|\n|t:|1699904020\n|switch|p1a: Slowking|Slowking-Galar, M|100\/100\n|move|p2a: Iron Jugulis|Knock Off|p1a: Slowking\n|-supereffective|p1a: Slowking\n|-damage|p1a: Slowking|48\/100\n|-enditem|p1a: Slowking|Assault Vest|[from] move: Knock Off|[of] p2a: Iron Jugulis\n|\n|upkeep\n|turn|8\n|\n|t:|1699904026\n|move|p2a: Iron Jugulis|Earth Power|p1a: Slowking\n|-supereffective|p1a: Slowking\n|-damage|p1a: Slowking|15\/100\n|move|p1a: Slowking|Sludge Bomb|p2a: Iron Jugulis\n|-damage|p2a: Iron Jugulis|56\/100\n|\n|upkeep\n|turn|9\n|\n|t:|1699904033\n|switch|p1a: Iron Valiant|Iron Valiant|100\/100\n|-enditem|p1a: Iron Valiant|Booster Energy\n|-activate|p1a: Iron Valiant|ability: Quark Drive|[fromitem]\n|-start|p1a: Iron Valiant|quarkdrivespe\n|move|p2a: Iron Jugulis|Knock Off|p1a: Iron Valiant\n|-resisted|p1a: Iron Valiant\n|-damage|p1a: Iron Valiant|94\/100\n|\n|upkeep\n|turn|10\n|\n|t:|1699904043\n|move|p1a: Iron Valiant|Spirit Break|p2a: Iron Jugulis\n|-supereffective|p2a: Iron Jugulis\n|-damage|p2a: Iron Jugulis|0 fnt\n|faint|p2a: Iron Jugulis\n|-end|p2a: Iron Jugulis|Quark Drive|[silent]\n|\n|upkeep\n|\n|t:|1699904052\n|switch|p2a: Great Tusk|Great Tusk|100\/100\n|-enditem|p2a: Great Tusk|Booster Energy\n|-activate|p2a: Great Tusk|ability: Protosynthesis|[fromitem]\n|-start|p2a: Great Tusk|protosynthesisspe\n|turn|11\n|\n|t:|1699904056\n|-terastallize|p2a: Great Tusk|Poison\n|move|p1a: Iron Valiant|Swords Dance|p1a: Iron Valiant\n|-boost|p1a: Iron Valiant|atk|2\n|move|p2a: Great Tusk|Rapid Spin|p1a: Iron Valiant\n|-damage|p1a: Iron Valiant|77\/100\n|-boost|p2a: Great Tusk|spe|1\n|\n|upkeep\n|turn|12\n|\n|t:|1699904062\n|-terastallize|p1a: Iron Valiant|Dark\n|move|p2a: Great Tusk|Headlong Rush|p1a: Iron Valiant\n|-damage|p1a: Iron Valiant|14\/100\n|-unboost|p2a: Great Tusk|def|1\n|-unboost|p2a: Great Tusk|spd|1\n|move|p1a: Iron Valiant|Knock Off|p2a: Great Tusk\n|-damage|p2a: Great Tusk|33\/100\n|\n|upkeep\n|turn|13\n|\n|t:|1699904076\n|-end|p1a: Iron Valiant|Quark Drive|[silent]\n|switch|p1a: Mandibuzz|Mandibuzz, F|100\/100\n|move|p2a: Great Tusk|Ice Spinner|p1a: Mandibuzz\n|-supereffective|p1a: Mandibuzz\n|-damage|p1a: Mandibuzz|73\/100\n|\n|upkeep\n|turn|14\n|\n|t:|1699904083\n|move|p2a: Great Tusk|Bulk Up|p2a: Great Tusk\n|-boost|p2a: Great Tusk|atk|1\n|-boost|p2a: Great Tusk|def|1\n|move|p1a: Mandibuzz|Foul Play|p2a: Great Tusk\n|-damage|p2a: Great Tusk|0 fnt\n|faint|p2a: Great Tusk\n|-end|p2a: Great Tusk|Protosynthesis|[silent]\n|\n|upkeep\n|\n|t:|1699904090\n|switch|p2a: Dragapult|Dragapult, M|100\/100\n|turn|15\n|\n|t:|1699904109\n|switch|p1a: Iron Valiant|Iron Valiant, tera:Dark|14\/100\n|move|p2a: Dragapult|Thunderbolt|p1a: Iron Valiant\n|-damage|p1a: Iron Valiant|0 fnt\n|faint|p1a: Iron Valiant\n|-end|p1a: Iron Valiant|Quark Drive|[silent]\n|\n|upkeep\n|\n|t:|1699904115\n|switch|p1a: Dragapult|Dragapult, M|100\/100\n|turn|16\n|\n|t:|1699904117\n|switch|p2a: Tinkaton|Tinkaton, F|96\/100\n|move|p1a: Dragapult|Shadow Ball|p2a: Tinkaton\n|-damage|p2a: Tinkaton|64\/100\n|\n|upkeep\n|turn|17\n|\n|t:|1699904125\n|switch|p1a: Slowking|Slowking-Galar, M|48\/100\n|move|p2a: Tinkaton|Stealth Rock|p1a: Slowking\n|-sidestart|p1: Welcometoearth420|move: Stealth Rock\n|\n|upkeep\n|turn|18\n|\n|t:|1699904128\n|switch|p2a: Dragapult|Dragapult, M|100\/100\n|move|p1a: Slowking|Flamethrower|p2a: Dragapult\n|-resisted|p2a: Dragapult\n|-damage|p2a: Dragapult|84\/100\n|\n|upkeep\n|turn|19\n|\n|t:|1699904134\n|switch|p1a: Mandibuzz|Mandibuzz, F|73\/100\n|move|p2a: Dragapult|Shadow Ball|p1a: Mandibuzz\n|-resisted|p1a: Mandibuzz\n|-damage|p1a: Mandibuzz|51\/100\n|\n|upkeep\n|turn|20\n|\n|t:|1699904139\n|move|p2a: Dragapult|Shadow Ball|p1a: Mandibuzz\n|-resisted|p1a: Mandibuzz\n|-damage|p1a: Mandibuzz|30\/100\n|-unboost|p1a: Mandibuzz|spd|1\n|move|p1a: Mandibuzz|Foul Play|p2a: Dragapult\n|-supereffective|p2a: Dragapult\n|-crit|p2a: Dragapult\n|-damage|p2a: Dragapult|0 fnt\n|faint|p2a: Dragapult\n|\n|upkeep\n|\n|t:|1699904145\n|switch|p2a: Ogerpon|Ogerpon-Wellspring, F|100\/100\n|turn|21\n|\n|t:|1699904150\n|move|p2a: Ogerpon|Ivy Cudgel|p1a: Mandibuzz\n|-damage|p1a: Mandibuzz|0 fnt\n|faint|p1a: Mandibuzz\n|\n|upkeep\n|\n|t:|1699904154\n|switch|p1a: Corviknight|Corviknight, M|100\/100 par\n|-damage|p1a: Corviknight|88\/100 par|[from] Stealth Rock\n|turn|22\n|\n|t:|1699904167\n|move|p2a: Ogerpon|Ivy Cudgel|p1a: Corviknight\n|-damage|p1a: Corviknight|52\/100 par\n|move|p1a: Corviknight|Brave Bird|p2a: Ogerpon\n|-supereffective|p2a: Ogerpon\n|-crit|p2a: Ogerpon\n|-damage|p2a: Ogerpon|0 fnt\n|faint|p2a: Ogerpon\n|-damage|p1a: Corviknight|27\/100 par|[from] Recoil\n|\n|upkeep\n|-message|Rooshibi forfeited.\n|\n|win|Welcometoearth420\n|raw|Welcometoearth420's rating: 1577 &rarr; <strong>1595<\/strong><br \/>(+18 for winning)\n|raw|Rooshibi's rating: 1542 &rarr; <strong>1524<\/strong><br \/>(-18 for losing)\n|l|\u2606Rooshibi\n","uploadtime":1699904176,"views":15,"p1id":"welcometoearth420","p2id":"rooshibi","formatid":"gen9ou","rating":1524,"private":0,"password":""}