{"id":"gen9ou-1996580263","p1":"Meeses Gangeeses","p2":"SCHIZODROOLER98","format":"[Gen 9] OU","log":"|j|\u2606Meeses Gangeeses\n|j|\u2606SCHIZODROOLER98\n|t:|1700696667\n|gametype|singles\n|player|p1|Meeses Gangeeses|266|1577\n|player|p2|SCHIZODROOLER98|medium|1584\n|teamsize|p1|6\n|teamsize|p2|6\n|gen|9\n|tier|[Gen 9] OU\n|rated|\n|rule|Sleep Clause Mod: Limit one foe put to sleep\n|rule|Species Clause: Limit one of each Pok\u00e9mon\n|rule|OHKO Clause: OHKO moves are banned\n|rule|Evasion Items Clause: Evasion items are banned\n|rule|Evasion Moves Clause: Evasion moves are banned\n|rule|Endless Battle Clause: Forcing endless battles is banned\n|rule|HP Percentage Mod: HP is shown in percentages\n|clearpoke\n|poke|p1|Ogerpon, F|\n|poke|p1|Moltres|\n|poke|p1|Great Tusk|\n|poke|p1|Kingambit, M|\n|poke|p1|Greninja-*, M|\n|poke|p1|Dragapult, F|\n|poke|p2|Ninetales-Alola, F|\n|poke|p2|Slowbro-Galar, M|\n|poke|p2|Enamorus-Therian, F|\n|poke|p2|Iron Hands|\n|poke|p2|Kingambit, M|\n|poke|p2|Ceruledge, F|\n|teampreview\n|\n|t:|1700696677\n|start\n|switch|p1a: Kingambit|Kingambit, M|100\/100\n|switch|p2a: ASTAGHFIRULLAH|Enamorus-Therian, F, shiny|100\/100\n|turn|1\n|\n|t:|1700696686\n|switch|p2a: HE JUST LIKE ME FR|Kingambit, M|100\/100\n|move|p1a: Kingambit|Iron Head|p2a: HE JUST LIKE ME FR\n|-resisted|p2a: HE JUST LIKE ME FR\n|-damage|p2a: HE JUST LIKE ME FR|82\/100\n|\n|upkeep\n|turn|2\n|\n|t:|1700696694\n|-end|p1a: Kingambit|fallenundefined|[silent]\n|switch|p1a: Great Tusk|Great Tusk|100\/100\n|-end|p2a: HE JUST LIKE ME FR|fallenundefined|[silent]\n|switch|p2a: SKILL ISSUE|Slowbro-Galar, M, shiny|100\/100\n|\n|upkeep\n|turn|3\n|\n|t:|1700696698\n|switch|p2a: MIDWEST FURFEST|Ninetales-Alola, F, shiny|100\/100\n|-weather|Snow|[from] ability: Snow Warning|[of] p2a: MIDWEST FURFEST\n|move|p1a: Great Tusk|Stealth Rock|p2a: MIDWEST FURFEST\n|-sidestart|p2: SCHIZODROOLER98|move: Stealth Rock\n|\n|-weather|Snow|[upkeep]\n|upkeep\n|turn|4\n|\n|t:|1700696708\n|-end|p1a: Great Tusk|Protosynthesis|[silent]\n|switch|p1a: Kingambit|Kingambit, M|100\/100\n|move|p2a: MIDWEST FURFEST|Aurora Veil|p2a: MIDWEST FURFEST\n|-sidestart|p2: SCHIZODROOLER98|move: Aurora Veil\n|\n|-weather|Snow|[upkeep]\n|upkeep\n|turn|5\n|\n|t:|1700696714\n|-end|p1a: Kingambit|fallenundefined|[silent]\n|switch|p1a: Moltres|Moltres|100\/100\n|move|p2a: MIDWEST FURFEST|Hypnosis|p1a: Moltres|[miss]\n|-miss|p2a: MIDWEST FURFEST|p1a: Moltres\n|\n|-weather|Snow|[upkeep]\n|upkeep\n|turn|6\n|\n|t:|1700696726\n|switch|p2a: SKILL ISSUE|Slowbro-Galar, M, shiny|100\/100\n|-damage|p2a: SKILL ISSUE|88\/100|[from] Stealth Rock\n|move|p1a: Moltres|Flamethrower|p2a: SKILL ISSUE\n|-damage|p2a: SKILL ISSUE|68\/100\n|\n|-weather|Snow|[upkeep]\n|upkeep\n|turn|7\n|inactive|Battle timer is ON: inactive players will automatically lose when time's up. (requested by SCHIZODROOLER98)\n|\n|t:|1700696733\n|move|p1a: Moltres|Flamethrower|p2a: SKILL ISSUE\n|-crit|p2a: SKILL ISSUE\n|-damage|p2a: SKILL ISSUE|11\/100\n|move|p2a: SKILL ISSUE|Nasty Plot|p2a: SKILL ISSUE\n|-boost|p2a: SKILL ISSUE|spa|2\n|\n|-weather|none\n|upkeep\n|turn|8\n|\n|t:|1700696740\n|move|p1a: Moltres|Flamethrower|p2a: SKILL ISSUE\n|-damage|p2a: SKILL ISSUE|0 fnt\n|faint|p2a: SKILL ISSUE\n|\n|upkeep\n|\n|t:|1700696743\n|switch|p2a: JOHN DARKSOULS|Ceruledge, F|100\/100\n|-damage|p2a: JOHN DARKSOULS|76\/100|[from] Stealth Rock\n|turn|9\n|\n|t:|1700696747\n|move|p1a: Moltres|U-turn|p2a: JOHN DARKSOULS\n|-resisted|p2a: JOHN DARKSOULS\n|-damage|p2a: JOHN DARKSOULS|74\/100\n|\n|t:|1700696757\n|switch|p1a: Great Tusk|Great Tusk|100\/100|[from] U-turn\n|move|p2a: JOHN DARKSOULS|Swords Dance|p2a: JOHN DARKSOULS\n|-boost|p2a: JOHN DARKSOULS|atk|2\n|\n|upkeep\n|turn|10\n|\n|t:|1700696762\n|move|p1a: Great Tusk|Earthquake|p2a: JOHN DARKSOULS\n|-supereffective|p2a: JOHN DARKSOULS\n|-damage|p2a: JOHN DARKSOULS|13\/100\n|move|p2a: JOHN DARKSOULS|Bitter Blade|p1a: Great Tusk\n|-damage|p1a: Great Tusk|34\/100\n|-heal|p2a: JOHN DARKSOULS|49\/100|[from] drain|[of] p1a: Great Tusk\n|\n|-heal|p1a: Great Tusk|40\/100|[from] item: Leftovers\n|upkeep\n|turn|11\n|\n|t:|1700696768\n|move|p1a: Great Tusk|Earthquake|p2a: JOHN DARKSOULS\n|-supereffective|p2a: JOHN DARKSOULS\n|-damage|p2a: JOHN DARKSOULS|0 fnt\n|faint|p2a: JOHN DARKSOULS\n|\n|-heal|p1a: Great Tusk|46\/100|[from] item: Leftovers\n|-sideend|p2: SCHIZODROOLER98|move: Aurora Veil\n|upkeep\n|\n|t:|1700696771\n|switch|p2a: MIDWEST FURFEST|Ninetales-Alola, F, shiny|100\/100\n|-damage|p2a: MIDWEST FURFEST|76\/100|[from] Stealth Rock\n|-weather|Snow|[from] ability: Snow Warning|[of] p2a: MIDWEST FURFEST\n|turn|12\n|\n|t:|1700696792\n|-end|p1a: Great Tusk|Protosynthesis|[silent]\n|switch|p1a: Moltres|Moltres|100\/100\n|move|p2a: MIDWEST FURFEST|Aurora Veil|p2a: MIDWEST FURFEST\n|-sidestart|p2: SCHIZODROOLER98|move: Aurora Veil\n|\n|-weather|Snow|[upkeep]\n|upkeep\n|turn|13\n|\n|t:|1700696802\n|switch|p2a: ASTAGHFIRULLAH|Enamorus-Therian, F, shiny|100\/100\n|-damage|p2a: ASTAGHFIRULLAH|76\/100|[from] Stealth Rock\n|move|p1a: Moltres|Will-O-Wisp|p2a: ASTAGHFIRULLAH\n|-status|p2a: ASTAGHFIRULLAH|brn\n|\n|-weather|Snow|[upkeep]\n|-damage|p2a: ASTAGHFIRULLAH|70\/100 brn|[from] brn\n|upkeep\n|turn|14\n|-activate|p2a: ASTAGHFIRULLAH|item: Quick Claw\n|\n|t:|1700696809\n|move|p2a: ASTAGHFIRULLAH|Calm Mind|p2a: ASTAGHFIRULLAH\n|-boost|p2a: ASTAGHFIRULLAH|spa|1\n|-boost|p2a: ASTAGHFIRULLAH|spd|1\n|move|p1a: Moltres|Flamethrower|p2a: ASTAGHFIRULLAH\n|-damage|p2a: ASTAGHFIRULLAH|57\/100 brn\n|\n|-weather|Snow|[upkeep]\n|-damage|p2a: ASTAGHFIRULLAH|51\/100 brn|[from] brn\n|upkeep\n|turn|15\n|\n|t:|1700696814\n|move|p1a: Moltres|Flamethrower|p2a: ASTAGHFIRULLAH\n|-damage|p2a: ASTAGHFIRULLAH|38\/100 brn\n|move|p2a: ASTAGHFIRULLAH|Calm Mind|p2a: ASTAGHFIRULLAH\n|-boost|p2a: ASTAGHFIRULLAH|spa|1\n|-boost|p2a: ASTAGHFIRULLAH|spd|1\n|\n|-weather|Snow|[upkeep]\n|-damage|p2a: ASTAGHFIRULLAH|32\/100 brn|[from] brn\n|upkeep\n|turn|16\n|-activate|p2a: ASTAGHFIRULLAH|item: Quick Claw\n|\n|t:|1700696820\n|move|p2a: ASTAGHFIRULLAH|Moonblast|p1a: Moltres\n|-resisted|p1a: Moltres\n|-crit|p1a: Moltres\n|-damage|p1a: Moltres|22\/100\n|move|p1a: Moltres|Flamethrower|p2a: ASTAGHFIRULLAH\n|-damage|p2a: ASTAGHFIRULLAH|22\/100 brn\n|\n|-weather|none\n|-damage|p2a: ASTAGHFIRULLAH|16\/100 brn|[from] brn\n|upkeep\n|turn|17\n|\n|t:|1700696826\n|move|p1a: Moltres|Roost|p1a: Moltres\n|-heal|p1a: Moltres|72\/100\n|-singleturn|p1a: Moltres|move: Roost\n|move|p2a: ASTAGHFIRULLAH|Earth Power|p1a: Moltres\n|-supereffective|p1a: Moltres\n|-damage|p1a: Moltres|0 fnt\n|faint|p1a: Moltres\n|\n|-damage|p2a: ASTAGHFIRULLAH|10\/100 brn|[from] brn\n|upkeep\n|\n|t:|1700696838\n|switch|p1a: Kingambit|Kingambit, M|100\/100\n|-activate|p1a: Kingambit|ability: Supreme Overlord\n|-start|p1a: Kingambit|fallen1|[silent]\n|turn|18\n|\n|t:|1700696841\n|move|p1a: Kingambit|Sucker Punch|p2a: ASTAGHFIRULLAH\n|-resisted|p2a: ASTAGHFIRULLAH\n|-damage|p2a: ASTAGHFIRULLAH|0 fnt\n|faint|p2a: ASTAGHFIRULLAH\n|\n|upkeep\n|\n|t:|1700696844\n|switch|p2a: HE JUST LIKE ME FR|Kingambit, M|82\/100\n|-damage|p2a: HE JUST LIKE ME FR|76\/100|[from] Stealth Rock\n|-activate|p2a: HE JUST LIKE ME FR|ability: Supreme Overlord\n|-start|p2a: HE JUST LIKE ME FR|fallen3|[silent]\n|turn|19\n|-activate|p2a: HE JUST LIKE ME FR|item: Quick Claw\n|\n|t:|1700696852\n|-end|p1a: Kingambit|fallen1|[silent]\n|switch|p1a: Great Tusk|Great Tusk|46\/100\n|move|p2a: HE JUST LIKE ME FR|Swords Dance|p2a: HE JUST LIKE ME FR\n|-boost|p2a: HE JUST LIKE ME FR|atk|2\n|\n|-heal|p1a: Great Tusk|53\/100|[from] item: Leftovers\n|-sideend|p2: SCHIZODROOLER98|move: Aurora Veil\n|upkeep\n|turn|20\n|\n|t:|1700696860\n|-terastallize|p2a: HE JUST LIKE ME FR|Dark\n|move|p1a: Great Tusk|Earthquake|p2a: HE JUST LIKE ME FR\n|-damage|p2a: HE JUST LIKE ME FR|40\/100\n|move|p2a: HE JUST LIKE ME FR|Iron Head|p1a: Great Tusk\n|-damage|p1a: Great Tusk|0 fnt\n|faint|p1a: Great Tusk\n|-end|p1a: Great Tusk|Protosynthesis|[silent]\n|\n|upkeep\n|\n|t:|1700696870\n|switch|p1a: Kingambit|Kingambit, M|100\/100\n|-activate|p1a: Kingambit|ability: Supreme Overlord\n|-start|p1a: Kingambit|fallen2|[silent]\n|turn|21\n|\n|t:|1700696872\n|move|p1a: Kingambit|Iron Head|p2a: HE JUST LIKE ME FR\n|-damage|p2a: HE JUST LIKE ME FR|1\/100\n|cant|p2a: HE JUST LIKE ME FR|flinch\n|\n|upkeep\n|turn|22\n|c|\u2606SCHIZODROOLER98|pff\n|\n|t:|1700696881\n|move|p1a: Kingambit|Iron Head|p2a: HE JUST LIKE ME FR\n|-damage|p2a: HE JUST LIKE ME FR|0 fnt\n|faint|p2a: HE JUST LIKE ME FR\n|-end|p2a: HE JUST LIKE ME FR|fallen3|[silent]\n|\n|upkeep\n|\n|t:|1700696883\n|switch|p2a: MIDWEST FURFEST|Ninetales-Alola, F, shiny|76\/100\n|-damage|p2a: MIDWEST FURFEST|51\/100|[from] Stealth Rock\n|-weather|Snow|[from] ability: Snow Warning|[of] p2a: MIDWEST FURFEST\n|turn|23\n|\n|t:|1700696887\n|move|p2a: MIDWEST FURFEST|Aurora Veil|p2a: MIDWEST FURFEST\n|-sidestart|p2: SCHIZODROOLER98|move: Aurora Veil\n|move|p1a: Kingambit|Iron Head|p2a: MIDWEST FURFEST\n|-supereffective|p2a: MIDWEST FURFEST\n|-crit|p2a: MIDWEST FURFEST\n|-damage|p2a: MIDWEST FURFEST|0 fnt\n|faint|p2a: MIDWEST FURFEST\n|\n|-weather|Snow|[upkeep]\n|upkeep\n|\n|t:|1700696889\n|switch|p2a: DEEZ HANDS|Iron Hands|100\/100\n|-damage|p2a: DEEZ HANDS|94\/100|[from] Stealth Rock\n|turn|24\n|\n|t:|1700696899\n|move|p1a: Kingambit|Kowtow Cleave|p2a: DEEZ HANDS\n|-resisted|p2a: DEEZ HANDS\n|-damage|p2a: DEEZ HANDS|85\/100\n|move|p2a: DEEZ HANDS|Swords Dance|p2a: DEEZ HANDS\n|-boost|p2a: DEEZ HANDS|atk|2\n|\n|-weather|Snow|[upkeep]\n|upkeep\n|turn|25\n|\n|t:|1700696905\n|move|p1a: Kingambit|Kowtow Cleave|p2a: DEEZ HANDS\n|-resisted|p2a: DEEZ HANDS\n|-damage|p2a: DEEZ HANDS|75\/100\n|move|p2a: DEEZ HANDS|Drain Punch|p1a: Kingambit\n|-supereffective|p1a: Kingambit\n|-damage|p1a: Kingambit|0 fnt\n|-heal|p2a: DEEZ HANDS|100\/100|[from] drain|[of] p1a: Kingambit\n|faint|p1a: Kingambit\n|-end|p1a: Kingambit|fallen2|[silent]\n|\n|-weather|Snow|[upkeep]\n|upkeep\n|\n|t:|1700696912\n|switch|p1a: Dragapult|Dragapult, F|100\/100\n|turn|26\n|\n|t:|1700696924\n|move|p1a: Dragapult|Shadow Ball|p2a: DEEZ HANDS\n|-damage|p2a: DEEZ HANDS|57\/100\n|-unboost|p2a: DEEZ HANDS|spd|1\n|move|p2a: DEEZ HANDS|Ice Punch|p1a: Dragapult\n|-supereffective|p1a: Dragapult\n|-damage|p1a: Dragapult|0 fnt\n|faint|p1a: Dragapult\n|\n|-weather|Snow|[upkeep]\n|upkeep\n|\n|t:|1700696930\n|switch|p1a: Greninja|Greninja, M|100\/100\n|turn|27\n|\n|t:|1700696937\n|-terastallize|p1a: Greninja|Water\n|move|p1a: Greninja|Hydro Pump|p2a: DEEZ HANDS|[miss]\n|-miss|p1a: Greninja|p2a: DEEZ HANDS\n|move|p2a: DEEZ HANDS|Drain Punch|p1a: Greninja\n|-damage|p1a: Greninja|0 fnt\n|-heal|p2a: DEEZ HANDS|86\/100|[from] drain|[of] p1a: Greninja\n|faint|p1a: Greninja\n|\n|-weather|none\n|upkeep\n|c|\u2606Meeses Gangeeses|Sad\n|\n|t:|1700696953\n|switch|p1a: Ogerpon|Ogerpon, F|100\/100\n|turn|28\n|c|\u2606SCHIZODROOLER98|truly\n|\n|t:|1700696961\n|move|p1a: Ogerpon|Power Whip|p2a: DEEZ HANDS\n|-damage|p2a: DEEZ HANDS|63\/100\n|move|p2a: DEEZ HANDS|Drain Punch|p1a: Ogerpon\n|-damage|p1a: Ogerpon|0 fnt\n|-heal|p2a: DEEZ HANDS|94\/100|[from] drain|[of] p1a: Ogerpon\n|faint|p1a: Ogerpon\n|\n|win|SCHIZODROOLER98\n|raw|Meeses Gangeeses's rating: 1577 &rarr; <strong>1557<\/strong><br \/>(-20 for losing)\n|raw|SCHIZODROOLER98's rating: 1584 &rarr; <strong>1604<\/strong><br \/>(+20 for winning)\n|l|\u2606Meeses Gangeeses\n","uploadtime":1700696974,"views":2,"p1id":"meesesgangeeses","p2id":"schizodrooler98","formatid":"gen9ou","rating":1557,"private":0,"password":""}