{"id":"gen9ou-1990694467","p1":"Dman20345","p2":"Arin64","format":"[Gen 9] OU","log":"|j|\u2606Dman20345\n|j|\u2606Arin64\n|t:|1699992414\n|gametype|singles\n|player|p1|Dman20345|tuberf|1045\n|player|p2|Arin64|1|1121\n|teamsize|p1|6\n|teamsize|p2|6\n|gen|9\n|tier|[Gen 9] OU\n|rated|\n|rule|Sleep Clause Mod: Limit one foe put to sleep\n|rule|Species Clause: Limit one of each Pok\u00e9mon\n|rule|OHKO Clause: OHKO moves are banned\n|rule|Evasion Items Clause: Evasion items are banned\n|rule|Evasion Moves Clause: Evasion moves are banned\n|rule|Endless Battle Clause: Forcing endless battles is banned\n|rule|HP Percentage Mod: HP is shown in percentages\n|clearpoke\n|poke|p1|Slaking, M|\n|poke|p1|Typhlosion-Hisui, F|\n|poke|p1|Bronzong|\n|poke|p1|Kommo-o, M|\n|poke|p1|Lokix, F|\n|poke|p1|Azumarill, M|\n|poke|p2|Clefable, F|\n|poke|p2|Zapdos|\n|poke|p2|Ogerpon-Cornerstone, F|\n|poke|p2|Great Tusk|\n|poke|p2|Gholdengo|\n|poke|p2|Crawdaunt, F|\n|teampreview\n|inactive|Battle timer is ON: inactive players will automatically lose when time's up. (requested by Arin64)\n|\n|t:|1699992429\n|start\n|switch|p1a: Bronzong|Bronzong|100\/100\n|switch|p2a: Clefable|Clefable, F|100\/100\n|turn|1\n|\n|t:|1699992440\n|-terastallize|p1a: Bronzong|Electric\n|move|p2a: Clefable|Stealth Rock|p1a: Bronzong\n|-sidestart|p1: Dman20345|move: Stealth Rock\n|move|p1a: Bronzong|Calm Mind|p1a: Bronzong\n|-boost|p1a: Bronzong|spa|1\n|-boost|p1a: Bronzong|spd|1\n|\n|upkeep\n|turn|2\n|\n|t:|1699992447\n|move|p2a: Clefable|Calm Mind|p2a: Clefable\n|-boost|p2a: Clefable|spa|1\n|-boost|p2a: Clefable|spd|1\n|move|p1a: Bronzong|Calm Mind|p1a: Bronzong\n|-boost|p1a: Bronzong|spa|1\n|-boost|p1a: Bronzong|spd|1\n|\n|upkeep\n|turn|3\n|\n|t:|1699992453\n|move|p2a: Clefable|Calm Mind|p2a: Clefable\n|-boost|p2a: Clefable|spa|1\n|-boost|p2a: Clefable|spd|1\n|move|p1a: Bronzong|Flash Cannon|p2a: Clefable\n|-supereffective|p2a: Clefable\n|-damage|p2a: Clefable|85\/100\n|\n|-heal|p2a: Clefable|91\/100|[from] item: Leftovers\n|upkeep\n|turn|4\n|\n|t:|1699992458\n|move|p2a: Clefable|Calm Mind|p2a: Clefable\n|-boost|p2a: Clefable|spa|1\n|-boost|p2a: Clefable|spd|1\n|move|p1a: Bronzong|Calm Mind|p1a: Bronzong\n|-boost|p1a: Bronzong|spa|1\n|-boost|p1a: Bronzong|spd|1\n|\n|-heal|p2a: Clefable|97\/100|[from] item: Leftovers\n|upkeep\n|turn|5\n|\n|t:|1699992477\n|move|p2a: Clefable|Calm Mind|p2a: Clefable\n|-boost|p2a: Clefable|spa|1\n|-boost|p2a: Clefable|spd|1\n|move|p1a: Bronzong|Calm Mind|p1a: Bronzong\n|-boost|p1a: Bronzong|spa|1\n|-boost|p1a: Bronzong|spd|1\n|\n|-heal|p2a: Clefable|100\/100|[from] item: Leftovers\n|upkeep\n|turn|6\n|\n|t:|1699992481\n|move|p2a: Clefable|Calm Mind|p2a: Clefable\n|-boost|p2a: Clefable|spa|1\n|-boost|p2a: Clefable|spd|1\n|move|p1a: Bronzong|Calm Mind|p1a: Bronzong\n|-boost|p1a: Bronzong|spa|1\n|-boost|p1a: Bronzong|spd|1\n|\n|upkeep\n|turn|7\n|\n|t:|1699992484\n|move|p2a: Clefable|Calm Mind|p2a: Clefable\n|-boost|p2a: Clefable|spa|1\n|-boost|p2a: Clefable|spd|1\n|move|p1a: Bronzong|Calm Mind|p1a: Bronzong\n|-boost|p1a: Bronzong|spa|1\n|-boost|p1a: Bronzong|spd|1\n|\n|upkeep\n|turn|8\n|\n|t:|1699992486\n|move|p2a: Clefable|Moonblast|p1a: Bronzong\n|-crit|p1a: Bronzong\n|-damage|p1a: Bronzong|0 fnt\n|faint|p1a: Bronzong\n|\n|upkeep\n|l|\u2606Dman20345\n|inactive|Dman20345 disconnected and has a minute to reconnect!\n|player|p1|\n|c|\u2606Arin64|HAHAH\n|c|\u2606Arin64|that was really funny brah\n|inactive|Dman20345 has 30 seconds to reconnect!\n|inactive|Dman20345 has 20 seconds to reconnect!\n|inactive|Dman20345 has 15 seconds to reconnect!\n|inactive|Dman20345 has 10 seconds to reconnect!\n|inactive|Dman20345 has 5 seconds to reconnect!\n|-message|Dman20345 lost due to inactivity.\n|\n|win|Arin64\n|raw|Dman20345's rating: 1045 &rarr; <strong>1032<\/strong><br \/>(-13 for losing)\n|raw|Arin64's rating: 1121 &rarr; <strong>1141<\/strong><br \/>(+20 for winning)\n","uploadtime":1699992630,"views":13,"p1id":"dman20345","p2id":"arin64","formatid":"gen9ou","rating":1032,"private":0,"password":""}