{"id":"gen9ou-1995003115","p1":"gcy9","p2":"LegacyShowden","format":"[Gen 9] OU","log":"|j|\u2606gcy9\n|j|\u2606LegacyShowden\n|t:|1700512373\n|gametype|singles\n|player|p1|gcy9|2|1559\n|player|p2|LegacyShowden|rosa|1567\n|teamsize|p1|6\n|teamsize|p2|6\n|gen|9\n|tier|[Gen 9] OU\n|rated|\n|rule|Sleep Clause Mod: Limit one foe put to sleep\n|rule|Species Clause: Limit one of each Pok\u00e9mon\n|rule|OHKO Clause: OHKO moves are banned\n|rule|Evasion Items Clause: Evasion items are banned\n|rule|Evasion Moves Clause: Evasion moves are banned\n|rule|Endless Battle Clause: Forcing endless battles is banned\n|rule|HP Percentage Mod: HP is shown in percentages\n|clearpoke\n|poke|p1|Mandibuzz, F|\n|poke|p1|Jirachi|\n|poke|p1|Garchomp, M|\n|poke|p1|Slowking-Galar, F|\n|poke|p1|Ogerpon, F|\n|poke|p1|Tauros-Paldea-Aqua, M|\n|poke|p2|Great Tusk|\n|poke|p2|Samurott-Hisui, M|\n|poke|p2|Dragapult, M|\n|poke|p2|Gholdengo|\n|poke|p2|Heatran, M|\n|poke|p2|Rillaboom, M|\n|teampreview\n|inactive|Battle timer is ON: inactive players will automatically lose when time's up. (requested by LegacyShowden)\n|\n|t:|1700512388\n|start\n|switch|p1a: Happy|Jirachi|100\/100\n|switch|p2a: Dragapult|Dragapult, M, shiny|100\/100\n|turn|1\n|\n|t:|1700512411\n|switch|p2a: Gholdengo|Gholdengo|100\/100\n|-item|p2a: Gholdengo|Air Balloon\n|switch|p1a: Mandibuzz|Mandibuzz, F|100\/100\n|\n|upkeep\n|turn|2\n|\n|t:|1700512430\n|move|p2a: Gholdengo|Thunder Wave|p1a: Mandibuzz\n|-status|p1a: Mandibuzz|par\n|cant|p1a: Mandibuzz|par\n|\n|upkeep\n|turn|3\n|\n|t:|1700512439\n|switch|p2a: Heatran|Heatran, M, shiny|100\/100\n|move|p1a: Mandibuzz|Foul Play|p2a: Heatran\n|-damage|p2a: Heatran|82\/100\n|\n|-heal|p2a: Heatran|88\/100|[from] item: Leftovers\n|upkeep\n|turn|4\n|\n|t:|1700512448\n|switch|p1a: Garchomp|Garchomp, M|100\/100\n|move|p2a: Heatran|Magma Storm|p1a: Garchomp|[miss]\n|-miss|p2a: Heatran|p1a: Garchomp\n|\n|-heal|p2a: Heatran|94\/100|[from] item: Leftovers\n|upkeep\n|turn|5\n|\n|t:|1700512458\n|switch|p2a: Great Tusk|Great Tusk|100\/100\n|move|p1a: Garchomp|Dragon Tail|p2a: Great Tusk\n|-damage|p2a: Great Tusk|80\/100\n|-end|p2a: Great Tusk|Protosynthesis|[silent]\n|drag|p2a: Heatran|Heatran, M, shiny|94\/100\n|\n|-heal|p2a: Heatran|99\/100|[from] item: Leftovers\n|upkeep\n|turn|6\n|\n|t:|1700512464\n|switch|p2a: Great Tusk|Great Tusk|80\/100\n|move|p1a: Garchomp|Earthquake|p2a: Great Tusk\n|-damage|p2a: Great Tusk|47\/100\n|-enditem|p2a: Great Tusk|Sitrus Berry|[eat]\n|-heal|p2a: Great Tusk|71\/100|[from] item: Sitrus Berry\n|\n|upkeep\n|turn|7\n|\n|t:|1700512474\n|switch|p1a: Mandibuzz|Mandibuzz, F|100\/100 par\n|move|p2a: Great Tusk|Ice Spinner|p1a: Mandibuzz\n|-supereffective|p1a: Mandibuzz\n|-damage|p1a: Mandibuzz|70\/100 par\n|\n|upkeep\n|turn|8\n|\n|t:|1700512478\n|-end|p2a: Great Tusk|Protosynthesis|[silent]\n|switch|p2a: Heatran|Heatran, M, shiny|99\/100\n|switch|p1a: Tauros|Tauros-Paldea-Aqua, M|100\/100\n|-ability|p1a: Tauros|Intimidate|boost\n|-unboost|p2a: Heatran|atk|1\n|\n|-heal|p2a: Heatran|100\/100|[from] item: Leftovers\n|upkeep\n|turn|9\n|\n|t:|1700512492\n|move|p1a: Tauros|Body Press|p2a: Heatran\n|-supereffective|p2a: Heatran\n|-damage|p2a: Heatran|35\/100\n|move|p2a: Heatran|Will-O-Wisp|p1a: Tauros|[miss]\n|-miss|p2a: Heatran|p1a: Tauros\n|\n|-heal|p2a: Heatran|41\/100|[from] item: Leftovers\n|upkeep\n|turn|10\n|\n|t:|1700512502\n|switch|p2a: Dragapult|Dragapult, M, shiny|100\/100\n|move|p1a: Tauros|Raging Bull|p2a: Dragapult\n|-resisted|p2a: Dragapult\n|-damage|p2a: Dragapult|77\/100\n|\n|upkeep\n|turn|11\n|\n|t:|1700512509\n|move|p1a: Tauros|Protect|p1a: Tauros\n|-singleturn|p1a: Tauros|Protect\n|move|p2a: Dragapult|Draco Meteor|p1a: Tauros\n|-activate|p1a: Tauros|move: Protect\n|\n|upkeep\n|turn|12\n|\n|t:|1700512520\n|switch|p2a: Heatran|Heatran, M, shiny|41\/100\n|switch|p1a: Slowking|Slowking-Galar, F|100\/100\n|\n|-heal|p2a: Heatran|48\/100|[from] item: Leftovers\n|upkeep\n|turn|13\n|\n|t:|1700512532\n|move|p2a: Heatran|Stealth Rock|p1a: Slowking\n|-sidestart|p1: gcy9|move: Stealth Rock\n|move|p1a: Slowking|Chilly Reception|p1a: Slowking\n|-weather|Snow\n|\n|t:|1700512537\n|switch|p1a: Garchomp|Garchomp, M|100\/100|[from] Chilly Reception\n|-damage|p1a: Garchomp|94\/100|[from] Stealth Rock\n|\n|-weather|Snow|[upkeep]\n|-heal|p1a: Garchomp|100\/100|[from] item: Leftovers\n|-heal|p2a: Heatran|54\/100|[from] item: Leftovers\n|upkeep\n|turn|14\n|\n|t:|1700512545\n|move|p1a: Garchomp|Earthquake|p2a: Heatran\n|-supereffective|p2a: Heatran\n|-damage|p2a: Heatran|0 fnt\n|faint|p2a: Heatran\n|\n|-weather|Snow|[upkeep]\n|upkeep\n|\n|t:|1700512555\n|switch|p2a: Great Tusk|Great Tusk|71\/100\n|turn|15\n|\n|t:|1700512565\n|switch|p1a: Mandibuzz|Mandibuzz, F|70\/100 par\n|move|p2a: Great Tusk|Ice Spinner|p1a: Mandibuzz\n|-supereffective|p1a: Mandibuzz\n|-damage|p1a: Mandibuzz|39\/100 par\n|\n|-weather|Snow|[upkeep]\n|upkeep\n|turn|16\n|\n|t:|1700512570\n|move|p2a: Great Tusk|Ice Spinner|p1a: Mandibuzz\n|-supereffective|p1a: Mandibuzz\n|-damage|p1a: Mandibuzz|9\/100 par\n|move|p1a: Mandibuzz|Roost|p1a: Mandibuzz\n|-heal|p1a: Mandibuzz|59\/100 par\n|-singleturn|p1a: Mandibuzz|move: Roost\n|\n|-weather|Snow|[upkeep]\n|upkeep\n|turn|17\n|\n|t:|1700512578\n|-end|p2a: Great Tusk|Protosynthesis|[silent]\n|switch|p2a: Gholdengo|Gholdengo|100\/100\n|-item|p2a: Gholdengo|Air Balloon\n|move|p1a: Mandibuzz|Roost|p1a: Mandibuzz\n|-heal|p1a: Mandibuzz|100\/100 par\n|-singleturn|p1a: Mandibuzz|move: Roost\n|\n|-weather|none\n|upkeep\n|turn|18\n|\n|t:|1700512597\n|switch|p1a: Garchomp|Garchomp, M|100\/100\n|-damage|p1a: Garchomp|94\/100|[from] Stealth Rock\n|move|p2a: Gholdengo|Hex|p1a: Garchomp\n|-damage|p1a: Garchomp|76\/100\n|\n|-heal|p1a: Garchomp|82\/100|[from] item: Leftovers\n|upkeep\n|turn|19\n|\n|t:|1700512605\n|move|p2a: Gholdengo|Hex|p1a: Garchomp\n|-damage|p1a: Garchomp|63\/100\n|move|p1a: Garchomp|Dragon Tail|p2a: Gholdengo\n|-resisted|p2a: Gholdengo\n|-damage|p2a: Gholdengo|91\/100\n|-enditem|p2a: Gholdengo|Air Balloon\n|drag|p2a: Great Tusk|Great Tusk|71\/100\n|\n|-heal|p1a: Garchomp|69\/100|[from] item: Leftovers\n|upkeep\n|turn|20\n|\n|t:|1700512617\n|switch|p1a: Mandibuzz|Mandibuzz, F|100\/100 par\n|move|p2a: Great Tusk|Ice Spinner|p1a: Mandibuzz\n|-supereffective|p1a: Mandibuzz\n|-damage|p1a: Mandibuzz|70\/100 par\n|\n|upkeep\n|turn|21\n|\n|t:|1700512623\n|move|p2a: Great Tusk|Close Combat|p1a: Mandibuzz\n|-damage|p1a: Mandibuzz|31\/100 par\n|-unboost|p2a: Great Tusk|def|1\n|-unboost|p2a: Great Tusk|spd|1\n|move|p1a: Mandibuzz|Defog|p2a: Great Tusk\n|-unboost|p2a: Great Tusk|evasion|1\n|-sideend|p1: gcy9|Stealth Rock|[from] move: Defog|[of] p1a: Mandibuzz\n|\n|upkeep\n|turn|22\n|\n|t:|1700512636\n|switch|p1a: Tauros|Tauros-Paldea-Aqua, M|100\/100\n|-ability|p1a: Tauros|Intimidate|boost\n|-unboost|p2a: Great Tusk|atk|1\n|move|p2a: Great Tusk|Close Combat|p1a: Tauros\n|-damage|p1a: Tauros|73\/100\n|-unboost|p2a: Great Tusk|def|1\n|-unboost|p2a: Great Tusk|spd|1\n|\n|-heal|p1a: Tauros|80\/100|[from] item: Leftovers\n|upkeep\n|turn|23\n|\n|t:|1700512649\n|-end|p2a: Great Tusk|Protosynthesis|[silent]\n|switch|p2a: Dragapult|Dragapult, M, shiny|77\/100\n|move|p1a: Tauros|Raging Bull|p2a: Dragapult\n|-resisted|p2a: Dragapult\n|-damage|p2a: Dragapult|55\/100\n|\n|-heal|p1a: Tauros|86\/100|[from] item: Leftovers\n|upkeep\n|turn|24\n|\n|t:|1700512660\n|move|p1a: Tauros|Protect|p1a: Tauros\n|-singleturn|p1a: Tauros|Protect\n|move|p2a: Dragapult|Draco Meteor|p1a: Tauros\n|-activate|p1a: Tauros|move: Protect\n|\n|-heal|p1a: Tauros|92\/100|[from] item: Leftovers\n|upkeep\n|turn|25\n|\n|t:|1700512676\n|switch|p2a: Gholdengo|Gholdengo|91\/100\n|switch|p1a: Slowking|Slowking-Galar, F|100\/100\n|\n|upkeep\n|turn|26\n|\n|t:|1700512689\n|switch|p1a: Garchomp|Garchomp, M|69\/100\n|move|p2a: Gholdengo|Thunder Wave|p1a: Garchomp\n|-immune|p1a: Garchomp\n|\n|-heal|p1a: Garchomp|75\/100|[from] item: Leftovers\n|upkeep\n|turn|27\n|\n|t:|1700512696\n|switch|p2a: Rillaboom|Rillaboom, M|100\/100\n|-fieldstart|move: Grassy Terrain|[from] ability: Grassy Surge|[of] p2a: Rillaboom\n|move|p1a: Garchomp|Earthquake|p2a: Rillaboom\n|-resisted|p2a: Rillaboom\n|-damage|p2a: Rillaboom|89\/100\n|\n|-heal|p2a: Rillaboom|96\/100|[from] Grassy Terrain\n|-heal|p1a: Garchomp|81\/100|[from] Grassy Terrain\n|-heal|p1a: Garchomp|88\/100|[from] item: Leftovers\n|upkeep\n|turn|28\n|\n|t:|1700512712\n|switch|p1a: Slowking|Slowking-Galar, F|100\/100\n|move|p2a: Rillaboom|Swords Dance|p2a: Rillaboom\n|-boost|p2a: Rillaboom|atk|2\n|\n|-heal|p2a: Rillaboom|100\/100|[from] Grassy Terrain\n|upkeep\n|turn|29\n|\n|t:|1700512724\n|move|p2a: Rillaboom|U-turn|p1a: Slowking\n|-damage|p1a: Slowking|63\/100\n|\n|t:|1700512730\n|switch|p2a: Gholdengo|Gholdengo|91\/100|[from] U-turn\n|move|p1a: Slowking|Future Sight|p2a: Gholdengo\n|-start|p1a: Slowking|move: Future Sight\n|\n|-heal|p2a: Gholdengo|97\/100|[from] Grassy Terrain\n|-heal|p1a: Slowking|69\/100|[from] Grassy Terrain\n|-heal|p1a: Slowking|75\/100|[from] item: Black Sludge\n|upkeep\n|turn|30\n|\n|t:|1700512737\n|switch|p1a: Garchomp|Garchomp, M|88\/100\n|move|p2a: Gholdengo|Hex|p1a: Garchomp\n|-damage|p1a: Garchomp|70\/100\n|\n|-heal|p1a: Garchomp|76\/100|[from] Grassy Terrain\n|-heal|p1a: Garchomp|82\/100|[from] item: Leftovers\n|-heal|p2a: Gholdengo|100\/100|[from] Grassy Terrain\n|upkeep\n|turn|31\n|\n|t:|1700512744\n|move|p2a: Gholdengo|Hex|p1a: Garchomp\n|-damage|p1a: Garchomp|63\/100\n|move|p1a: Garchomp|Dragon Tail|p2a: Gholdengo\n|-resisted|p2a: Gholdengo\n|-damage|p2a: Gholdengo|92\/100\n|drag|p2a: Dragapult|Dragapult, M, shiny|55\/100\n|\n|-end|p2a: Dragapult|move: Future Sight\n|-damage|p2a: Dragapult|0 fnt\n|faint|p2a: Dragapult\n|-heal|p1a: Garchomp|70\/100|[from] Grassy Terrain\n|-heal|p1a: Garchomp|76\/100|[from] item: Leftovers\n|-fieldend|move: Grassy Terrain\n|upkeep\n|-message|LegacyShowden forfeited.\n|l|\u2606LegacyShowden\n|inactive|LegacyShowden disconnected and has a minute to reconnect!\n|player|p2|\n|\n|win|gcy9\n|raw|gcy9's rating: 1559 &rarr; <strong>1579<\/strong><br \/>(+20 for winning)\n|raw|LegacyShowden's rating: 1567 &rarr; <strong>1547<\/strong><br \/>(-20 for losing)\n","uploadtime":1700512770,"views":15,"p1id":"gcy9","p2id":"legacyshowden","formatid":"gen9ou","rating":1547,"private":0,"password":""}