{"id":"gen9ou-1994694141","p1":"Skaraptor2.1","p2":"Samiaou","format":"[Gen 9] OU","log":"|j|\u2606Skaraptor2.1\n|j|\u2606Samiaou\n|t:|1700482090\n|gametype|singles\n|player|p1|Skaraptor2.1|bodybuilderf-gen9|1368\n|player|p2|Samiaou|volo|1464\n|teamsize|p1|6\n|teamsize|p2|6\n|gen|9\n|tier|[Gen 9] OU\n|rated|\n|rule|Sleep Clause Mod: Limit one foe put to sleep\n|rule|Species Clause: Limit one of each Pok\u00e9mon\n|rule|OHKO Clause: OHKO moves are banned\n|rule|Evasion Items Clause: Evasion items are banned\n|rule|Evasion Moves Clause: Evasion moves are banned\n|rule|Endless Battle Clause: Forcing endless battles is banned\n|rule|HP Percentage Mod: HP is shown in percentages\n|clearpoke\n|poke|p1|Ribombee, M|\n|poke|p1|Ogerpon-Wellspring, F|\n|poke|p1|Great Tusk|\n|poke|p1|Zamazenta-*|\n|poke|p1|Iron Valiant|\n|poke|p1|Kingambit, F|\n|poke|p2|Kingambit, F|\n|poke|p2|Great Tusk|\n|poke|p2|Dragapult, F|\n|poke|p2|Ogerpon-Wellspring, F|\n|poke|p2|Blissey, F|\n|poke|p2|Zapdos|\n|teampreview\n|inactive|Battle timer is ON: inactive players will automatically lose when time's up. (requested by Skaraptor2.1)\n|\n|t:|1700482097\n|start\n|switch|p1a: Transfem|Ogerpon-Wellspring, F|100\/100\n|switch|p2a: Scalpereur|Zapdos|100\/100\n|turn|1\n|\n|t:|1700482101\n|move|p1a: Transfem|Ivy Cudgel|p2a: Scalpereur|[anim] Ivy Cudgel Water\n|-damage|p2a: Scalpereur|53\/100\n|move|p2a: Scalpereur|Volt Switch|p1a: Transfem\n|-damage|p1a: Transfem|65\/100\n|\n|t:|1700482126\n|switch|p2a: Lanssorien|Ogerpon-Wellspring, F|100\/100|[from] Volt Switch\n|\n|upkeep\n|turn|2\n|\n|t:|1700482135\n|move|p1a: Transfem|Horn Leech|p2a: Lanssorien\n|-damage|p2a: Lanssorien|40\/100\n|-heal|p1a: Transfem|95\/100|[from] drain|[of] p2a: Lanssorien\n|move|p2a: Lanssorien|U-turn|p1a: Transfem\n|-supereffective|p1a: Transfem\n|-damage|p1a: Transfem|22\/100\n|\n|t:|1700482143\n|switch|p2a: Ogerpon du Puits|Dragapult, F|100\/100|[from] U-turn\n|\n|upkeep\n|turn|3\n|\n|t:|1700482146\n|move|p2a: Ogerpon du Puits|U-turn|p1a: Transfem\n|-supereffective|p1a: Transfem\n|-damage|p1a: Transfem|0 fnt\n|faint|p1a: Transfem\n|\n|t:|1700482154\n|switch|p2a: Scalpereur|Zapdos|53\/100|[from] U-turn\n|\n|upkeep\n|\n|t:|1700482161\n|switch|p1a: Bigender|Iron Valiant|100\/100\n|-enditem|p1a: Bigender|Booster Energy\n|-activate|p1a: Bigender|ability: Quark Drive|[fromitem]\n|-start|p1a: Bigender|quarkdrivespe\n|turn|4\n|\n|t:|1700482173\n|-terastallize|p1a: Bigender|Electric\n|move|p1a: Bigender|Moonblast|p2a: Scalpereur\n|-damage|p2a: Scalpereur|9\/100\n|move|p2a: Scalpereur|Volt Switch|p1a: Bigender\n|-resisted|p1a: Bigender\n|-damage|p1a: Bigender|74\/100\n|\n|t:|1700482176\n|switch|p2a: Fort-Ivoire|Blissey, F|100\/100|[from] Volt Switch\n|\n|upkeep\n|turn|5\n|\n|t:|1700482200\n|move|p1a: Bigender|Calm Mind|p1a: Bigender\n|-boost|p1a: Bigender|spa|1\n|-boost|p1a: Bigender|spd|1\n|move|p2a: Fort-Ivoire|Seismic Toss|p1a: Bigender\n|-damage|p1a: Bigender|39\/100\n|\n|upkeep\n|turn|6\n|\n|t:|1700482221\n|move|p1a: Bigender|Calm Mind|p1a: Bigender\n|-boost|p1a: Bigender|spa|1\n|-boost|p1a: Bigender|spd|1\n|move|p2a: Fort-Ivoire|Seismic Toss|p1a: Bigender\n|-damage|p1a: Bigender|4\/100\n|\n|upkeep\n|turn|7\n|\n|t:|1700482224\n|move|p1a: Bigender|Destiny Bond|p1a: Bigender\n|-singlemove|p1a: Bigender|Destiny Bond\n|move|p2a: Fort-Ivoire|Seismic Toss|p1a: Bigender\n|-damage|p1a: Bigender|0 fnt\n|faint|p1a: Bigender\n|-activate|p1a: Bigender|move: Destiny Bond\n|-end|p1a: Bigender|Quark Drive|[silent]\n|faint|p2a: Fort-Ivoire\n|\n|upkeep\n|\n|t:|1700482243\n|switch|p1a: Twink|Ribombee, M|100\/100\n|switch|p2a: Ogerpon du Puits|Dragapult, F|100\/100\n|turn|8\n|c|\u2606Skaraptor2.1|We call that the \u201cno fucking Blisseys\u201d strat where I\u2019m from\n|\n|t:|1700482248\n|move|p2a: Ogerpon du Puits|U-turn|p1a: Twink\n|-resisted|p1a: Twink\n|-damage|p1a: Twink|86\/100\n|c|\u2606Samiaou|that sure is nice\n|c|\u2606Samiaou|anyway I don't needed Blissey anymore I think\n|\n|t:|1700482275\n|switch|p2a: Leuphorie|Great Tusk|100\/100|[from] U-turn\n|move|p1a: Twink|Stun Spore|p2a: Leuphorie\n|-status|p2a: Leuphorie|par\n|\n|upkeep\n|turn|9\n|\n|t:|1700482283\n|move|p1a: Twink|Moonblast|p2a: Leuphorie\n|-supereffective|p2a: Leuphorie\n|-damage|p2a: Leuphorie|20\/100 par\n|-unboost|p2a: Leuphorie|spa|1\n|move|p2a: Leuphorie|Rapid Spin|p1a: Twink\n|-damage|p1a: Twink|63\/100\n|-boost|p2a: Leuphorie|spe|1\n|\n|-heal|p2a: Leuphorie|26\/100 par|[from] item: Leftovers\n|upkeep\n|turn|10\n|\n|t:|1700482290\n|move|p1a: Twink|Moonblast|p2a: Leuphorie\n|-supereffective|p2a: Leuphorie\n|-damage|p2a: Leuphorie|0 fnt\n|faint|p2a: Leuphorie\n|-end|p2a: Leuphorie|Protosynthesis|[silent]\n|\n|upkeep\n|\n|t:|1700482292\n|switch|p2a: Ogerpon du Puits|Dragapult, F|100\/100\n|turn|11\n|\n|t:|1700482295\n|move|p2a: Ogerpon du Puits|Flamethrower|p1a: Twink\n|-supereffective|p1a: Twink\n|-damage|p1a: Twink|0 fnt\n|faint|p1a: Twink\n|\n|upkeep\n|\n|t:|1700482298\n|switch|p1a: Raging Queer|Great Tusk|100\/100\n|turn|12\n|\n|t:|1700482307\n|switch|p2a: Scalpereur|Zapdos|9\/100\n|move|p1a: Raging Queer|Knock Off|p2a: Scalpereur\n|-damage|p2a: Scalpereur|0 fnt\n|-status|p1a: Raging Queer|par|[from] ability: Static|[of] p2a: Scalpereur\n|-enditem|p2a: Scalpereur|Heavy-Duty Boots|[from] move: Knock Off|[of] p1a: Raging Queer\n|faint|p2a: Scalpereur\n|\n|upkeep\n|\n|t:|1700482310\n|switch|p2a: Ogerpon du Puits|Dragapult, F|100\/100\n|turn|13\n|\n|t:|1700482314\n|move|p2a: Ogerpon du Puits|Flamethrower|p1a: Raging Queer\n|-damage|p1a: Raging Queer|70\/100 par\n|move|p1a: Raging Queer|Knock Off|p2a: Ogerpon du Puits\n|-supereffective|p2a: Ogerpon du Puits\n|-damage|p2a: Ogerpon du Puits|21\/100\n|-enditem|p2a: Ogerpon du Puits|Choice Specs|[from] move: Knock Off|[of] p1a: Raging Queer\n|\n|upkeep\n|turn|14\n|j| KangkongNation\n|l| KangkongNation\n|\n|t:|1700482325\n|move|p2a: Ogerpon du Puits|Draco Meteor|p1a: Raging Queer\n|-damage|p1a: Raging Queer|23\/100 par\n|-unboost|p2a: Ogerpon du Puits|spa|2\n|move|p1a: Raging Queer|Knock Off|p2a: Ogerpon du Puits\n|-supereffective|p2a: Ogerpon du Puits\n|-damage|p2a: Ogerpon du Puits|0 fnt\n|faint|p2a: Ogerpon du Puits\n|\n|upkeep\n|\n|t:|1700482330\n|switch|p2a: Lanssorien|Ogerpon-Wellspring, F|40\/100\n|turn|15\n|\n|t:|1700482349\n|move|p2a: Lanssorien|Ivy Cudgel|p1a: Raging Queer|[anim] Ivy Cudgel Water\n|-supereffective|p1a: Raging Queer\n|-damage|p1a: Raging Queer|0 fnt\n|faint|p1a: Raging Queer\n|-end|p1a: Raging Queer|Protosynthesis|[silent]\n|\n|upkeep\n|\n|t:|1700482351\n|switch|p1a: Defender of Trans|Zamazenta, shiny|100\/100\n|-ability|p1a: Defender of Trans|Dauntless Shield|boost\n|-boost|p1a: Defender of Trans|def|1\n|turn|16\n|\n|t:|1700482355\n|move|p1a: Defender of Trans|Body Press|p2a: Lanssorien\n|-damage|p2a: Lanssorien|0 fnt\n|faint|p2a: Lanssorien\n|\n|upkeep\n|\n|t:|1700482358\n|switch|p2a: Electhor|Kingambit, F|100\/100\n|-activate|p2a: Electhor|ability: Supreme Overlord\n|-start|p2a: Electhor|fallen5|[silent]\n|turn|17\n|\n|t:|1700482364\n|-terastallize|p2a: Electhor|Dark\n|move|p1a: Defender of Trans|Iron Defense|p1a: Defender of Trans\n|-boost|p1a: Defender of Trans|def|2\n|move|p2a: Electhor|Iron Head|p1a: Defender of Trans\n|-damage|p1a: Defender of Trans|81\/100\n|\n|-heal|p1a: Defender of Trans|87\/100|[from] item: Leftovers\n|upkeep\n|turn|18\n|\n|t:|1700482368\n|move|p1a: Defender of Trans|Iron Defense|p1a: Defender of Trans\n|-boost|p1a: Defender of Trans|def|2\n|move|p2a: Electhor|Iron Head|p1a: Defender of Trans\n|-damage|p1a: Defender of Trans|74\/100\n|\n|-heal|p1a: Defender of Trans|81\/100|[from] item: Leftovers\n|upkeep\n|turn|19\n|c|\u2606Samiaou|gg\n|\n|t:|1700482373\n|move|p1a: Defender of Trans|Body Press|p2a: Electhor\n|-supereffective|p2a: Electhor\n|-crit|p2a: Electhor\n|-damage|p2a: Electhor|0 fnt\n|faint|p2a: Electhor\n|-end|p2a: Electhor|fallen5|[silent]\n|\n|win|Skaraptor2.1\n|raw|Skaraptor2.1's rating: 1368 &rarr; <strong>1393<\/strong><br \/>(+25 for winning)\n|raw|Samiaou's rating: 1464 &rarr; <strong>1439<\/strong><br \/>(-25 for losing)\n|l|\u2606Samiaou\n","uploadtime":1700482385,"views":4,"p1id":"skaraptor21","p2id":"samiaou","formatid":"gen9ou","rating":1393,"private":0,"password":""}