{"id":"gen9ou-1990835386","p1":"SDK04","p2":"Username momento","format":"[Gen 9] OU","log":"|j|\u2606SDK04\n|j|\u2606Username momento\n|inactive|Battle timer is ON: inactive players will automatically lose when time's up.\n|t:|1700005795\n|gametype|singles\n|player|p1|SDK04|unknown|\n|player|p2|Username momento|ninjaboy|\n|teamsize|p1|6\n|teamsize|p2|6\n|gen|9\n|tier|[Gen 9] OU\n|rated|Tournament battle\n|rule|Sleep Clause Mod: Limit one foe put to sleep\n|rule|Species Clause: Limit one of each Pok\u00e9mon\n|rule|OHKO Clause: OHKO moves are banned\n|rule|Evasion Items Clause: Evasion items are banned\n|rule|Evasion Moves Clause: Evasion moves are banned\n|rule|Endless Battle Clause: Forcing endless battles is banned\n|rule|HP Percentage Mod: HP is shown in percentages\n|clearpoke\n|poke|p1|Ninetales-Alola, M|\n|poke|p1|Ogerpon-Wellspring, F|\n|poke|p1|Mew|\n|poke|p1|Kingambit, M|\n|poke|p1|Gholdengo|\n|poke|p1|Salamence, M|\n|poke|p2|Meowscarada, M|\n|poke|p2|Kingambit, M|\n|poke|p2|Zapdos|\n|poke|p2|Zamazenta-*|\n|poke|p2|Great Tusk|\n|poke|p2|Iron Moth|\n|teampreview\n|j| spiderkitty410\n|j| TheBrocideon\n|j| Chimeling\n|c| spiderkitty410|rematch right?\n|l|\u2606SDK04\n|inactive|SDK04 disconnected and has a minute to reconnect!\n|player|p1|\n|c|\u2606Username momento|Think so\n|j|\u2606SDK04\n|inactive|SDK04 reconnected and has 125 seconds left.\n|player|p1|SDK04|unknown\n|inactive|SDK04 has 120 seconds left.\n|l| TheBrocideon\n|c|\u2606Username momento|Intense rematch\n|inactive|SDK04 has 90 seconds left.\n|inactive|SDK04 has 60 seconds left.\n|inactive|SDK04 has 30 seconds left.\n|inactive|SDK04 has 20 seconds left.\n|c|\u2606Username momento|I've fought this guy several times. See him on the ladder and in recordings often\n|inactive|SDK04 has 15 seconds left.\n|l|\u2606SDK04\n|inactive|SDK04 disconnected and has a minute to reconnect!\n|player|p1|\n|inactive|SDK04 has 10 seconds left.\n|j|\u2606SDK04\n|inactive|SDK04 reconnected and has 10 seconds left.\n|player|p1|SDK04|unknown\n|\n|t:|1700005938\n|start\n|switch|p1a: cool window|Ninetales-Alola, M|100\/100\n|switch|p2a: Meowscarada|Meowscarada, M|100\/100\n|-weather|Snow|[from] ability: Snow Warning|[of] p1a: cool window\n|turn|1\n|c|\u2606Username momento|Come on, hurry up\n|\n|t:|1700005943\n|move|p2a: Meowscarada|Knock Off|p1a: cool window\n|-start|p2a: Meowscarada|typechange|Dark|[from] ability: Protean\n|-resisted|p1a: cool window\n|-damage|p1a: cool window|74\/100\n|-enditem|p1a: cool window|Light Clay|[from] move: Knock Off|[of] p2a: Meowscarada\n|move|p1a: cool window|Aurora Veil|p1a: cool window\n|-sidestart|p1: SDK04|move: Aurora Veil\n|\n|-weather|Snow|[upkeep]\n|upkeep\n|turn|2\n|\n|t:|1700005946\n|switch|p2a: Kingambit|Kingambit, M|100\/100\n|switch|p1a: I miss Himiko\u2026|Salamence, M|100\/100\n|\n|-weather|Snow|[upkeep]\n|upkeep\n|turn|3\n|\n|t:|1700005951\n|-end|p2a: Kingambit|fallenundefined|[silent]\n|switch|p2a: Zapdos|Zapdos|100\/100\n|move|p1a: I miss Himiko\u2026|Dragon Dance|p1a: I miss Himiko\u2026\n|-boost|p1a: I miss Himiko\u2026|atk|1\n|-boost|p1a: I miss Himiko\u2026|spe|1\n|\n|-weather|Snow|[upkeep]\n|upkeep\n|turn|4\n|j| Shucklepilled\n|c|\u2606SDK04|Wifi crapping out a little\n|c|\u2606SDK04|Sorry bout that\n|\n|t:|1700005963\n|move|p1a: I miss Himiko\u2026|Dragon Dance|p1a: I miss Himiko\u2026\n|-boost|p1a: I miss Himiko\u2026|atk|1\n|-boost|p1a: I miss Himiko\u2026|spe|1\n|move|p2a: Zapdos|Discharge|p1a: I miss Himiko\u2026\n|-damage|p1a: I miss Himiko\u2026|81\/100\n|\n|-weather|Snow|[upkeep]\n|upkeep\n|turn|5\n|c|\u2606Username momento|all fine\n|\n|t:|1700005969\n|move|p1a: I miss Himiko\u2026|Dragon Dance|p1a: I miss Himiko\u2026\n|-boost|p1a: I miss Himiko\u2026|atk|1\n|-boost|p1a: I miss Himiko\u2026|spe|1\n|move|p2a: Zapdos|Discharge|p1a: I miss Himiko\u2026\n|-damage|p1a: I miss Himiko\u2026|63\/100\n|\n|-weather|none\n|-sideend|p1: SDK04|move: Aurora Veil\n|upkeep\n|turn|6\n|\n|t:|1700005973\n|-terastallize|p1a: I miss Himiko\u2026|Flying\n|move|p1a: I miss Himiko\u2026|Dual Wingbeat|p2a: Zapdos\n|-resisted|p2a: Zapdos\n|-crit|p2a: Zapdos\n|-damage|p2a: Zapdos|55\/100\n|-resisted|p2a: Zapdos\n|-damage|p2a: Zapdos|26\/100\n|-hitcount|p2a: Zapdos|2\n|move|p2a: Zapdos|Discharge|p1a: I miss Himiko\u2026\n|-supereffective|p1a: I miss Himiko\u2026\n|-damage|p1a: I miss Himiko\u2026|0 fnt\n|faint|p1a: I miss Himiko\u2026\n|\n|-heal|p2a: Zapdos|32\/100|[from] item: Leftovers\n|upkeep\n|inactive|SDK04 has 120 seconds left.\n|\n|t:|1700005978\n|switch|p1a: cool window|Ninetales-Alola, M|74\/100\n|-weather|Snow|[from] ability: Snow Warning|[of] p1a: cool window\n|turn|7\n|l| Shucklepilled\n|c|\u2606Username momento|I mean I was going for a para but that works too\n|\n|t:|1700005989\n|move|p1a: cool window|Aurora Veil|p1a: cool window\n|-sidestart|p1: SDK04|move: Aurora Veil\n|move|p2a: Zapdos|Roost|p2a: Zapdos\n|-heal|p2a: Zapdos|82\/100\n|-singleturn|p2a: Zapdos|move: Roost\n|\n|-weather|Snow|[upkeep]\n|-heal|p2a: Zapdos|89\/100|[from] item: Leftovers\n|upkeep\n|turn|8\n|\n|t:|1700006005\n|switch|p2a: Kingambit|Kingambit, M|100\/100\n|move|p1a: cool window|Freeze-Dry|p2a: Kingambit\n|-resisted|p2a: Kingambit\n|-damage|p2a: Kingambit|90\/100\n|\n|-weather|Snow|[upkeep]\n|-heal|p2a: Kingambit|96\/100|[from] item: Leftovers\n|upkeep\n|turn|9\n|c|\u2606SDK04|Ah shit, gotta leave the place I\u2019m connected to rn\n|c|\u2606SDK04|Might have to forfeit\n|\n|t:|1700006023\n|move|p1a: cool window|Freeze-Dry|p2a: Kingambit\n|-resisted|p2a: Kingambit\n|-damage|p2a: Kingambit|86\/100\n|move|p2a: Kingambit|Kowtow Cleave|p1a: cool window\n|-resisted|p1a: cool window\n|-damage|p1a: cool window|64\/100\n|\n|-weather|Snow|[upkeep]\n|-heal|p2a: Kingambit|92\/100|[from] item: Leftovers\n|upkeep\n|turn|10\n|c|\u2606Username momento|Man\n|\n|t:|1700006029\n|move|p1a: cool window|Encore|p2a: Kingambit\n|-start|p2a: Kingambit|Encore\n|move|p2a: Kingambit|Kowtow Cleave|p1a: cool window\n|-resisted|p1a: cool window\n|-damage|p1a: cool window|54\/100\n|\n|-weather|Snow|[upkeep]\n|-heal|p2a: Kingambit|98\/100|[from] item: Leftovers\n|upkeep\n|turn|11\n|\n|t:|1700006033\n|switch|p1a: \u201cI win\u201d button|Ogerpon-Wellspring, F|100\/100\n|-end|p2a: Kingambit|fallenundefined|[silent]\n|switch|p2a: Iron Moth|Iron Moth|100\/100\n|-enditem|p2a: Iron Moth|Booster Energy\n|-activate|p2a: Iron Moth|ability: Quark Drive|[fromitem]\n|-start|p2a: Iron Moth|quarkdrivespe\n|\n|-weather|none\n|-sideend|p1: SDK04|move: Aurora Veil\n|upkeep\n|turn|12\n|\n|t:|1700006037\n|move|p2a: Iron Moth|Sludge Wave|p1a: \u201cI win\u201d button\n|-supereffective|p1a: \u201cI win\u201d button\n|-damage|p1a: \u201cI win\u201d button|0 fnt\n|faint|p1a: \u201cI win\u201d button\n|\n|upkeep\n|\n|t:|1700006040\n|switch|p1a: cool window|Ninetales-Alola, M|54\/100\n|-weather|Snow|[from] ability: Snow Warning|[of] p1a: cool window\n|turn|13\n|\n|t:|1700006043\n|move|p2a: Iron Moth|Fiery Dance|p1a: cool window\n|-supereffective|p1a: cool window\n|-damage|p1a: cool window|0 fnt\n|-boost|p2a: Iron Moth|spa|1\n|faint|p1a: cool window\n|\n|-weather|Snow|[upkeep]\n|upkeep\n|\n|t:|1700006044\n|switch|p1a: Cheese Demon|Mew|100\/100\n|turn|14\n|l| Chimeling\n|\n|t:|1700006048\n|move|p2a: Iron Moth|Fiery Dance|p1a: Cheese Demon\n|-damage|p1a: Cheese Demon|39\/100\n|move|p1a: Cheese Demon|Agility|p1a: Cheese Demon\n|-boost|p1a: Cheese Demon|spe|2\n|\n|-weather|Snow|[upkeep]\n|-heal|p1a: Cheese Demon|45\/100|[from] item: Leftovers\n|upkeep\n|turn|15\n|\n|t:|1700006053\n|move|p1a: Cheese Demon|Calm Mind|p1a: Cheese Demon\n|-boost|p1a: Cheese Demon|spa|1\n|-boost|p1a: Cheese Demon|spd|1\n|move|p2a: Iron Moth|Sludge Wave|p1a: Cheese Demon\n|-damage|p1a: Cheese Demon|0 fnt\n|faint|p1a: Cheese Demon\n|\n|-weather|Snow|[upkeep]\n|upkeep\n|c|\u2606SDK04|ggw\n|c|\u2606SDK04|p\n|c|\u2606Username momento|gg\n|c|\u2606Username momento|thx man\n|-message|SDK04 forfeited.\n|\n|win|Username momento\n|n|\u2606Username momento|usernamemomento\n|n| spiderkitty410|spiderkitty410\n|n|\u2606SDK04|sdk04\n","uploadtime":1700006088,"views":13,"p1id":"sdk04","p2id":"usernamemomento","formatid":"gen9ou","rating":0,"private":0,"password":""}