{"id":"gen9ou-1996459461","p1":"Nyles Morales","p2":"thunderdog_32","format":"[Gen 9] OU","log":"|j|\u2606Nyles Morales\n|j|\u2606thunderdog_32\n|t:|1700684074\n|gametype|singles\n|player|p1|Nyles Morales|carmine|1192\n|player|p2|thunderdog_32|2|1256\n|teamsize|p1|6\n|teamsize|p2|6\n|gen|9\n|tier|[Gen 9] OU\n|rated|\n|rule|Sleep Clause Mod: Limit one foe put to sleep\n|rule|Species Clause: Limit one of each Pok\u00e9mon\n|rule|OHKO Clause: OHKO moves are banned\n|rule|Evasion Items Clause: Evasion items are banned\n|rule|Evasion Moves Clause: Evasion moves are banned\n|rule|Endless Battle Clause: Forcing endless battles is banned\n|rule|HP Percentage Mod: HP is shown in percentages\n|clearpoke\n|poke|p1|Mimikyu, F|\n|poke|p1|Ribombee, F|\n|poke|p1|Greninja-*, M|\n|poke|p1|Kingambit, M|\n|poke|p1|Dragapult, M|\n|poke|p1|Great Tusk|\n|poke|p2|Landorus-Therian, M|\n|poke|p2|Heatran, F|\n|poke|p2|Ogerpon-Wellspring, F|\n|poke|p2|Zapdos|\n|poke|p2|Dragapult, M|\n|poke|p2|Ribombee, M|\n|teampreview\n|inactive|Battle timer is ON: inactive players will automatically lose when time's up. (requested by Nyles Morales)\n|\n|t:|1700684093\n|start\n|switch|p1a: Greninja|Greninja, M|100\/100\n|switch|p2a: Heatran|Heatran, F|100\/100\n|turn|1\n|\n|t:|1700684101\n|switch|p2a: Ogerpon|Ogerpon-Wellspring, F|100\/100\n|move|p1a: Greninja|Spikes|p2a: Ogerpon\n|-start|p1a: Greninja|typechange|Ground|[from] ability: Protean\n|-sidestart|p2: thunderdog_32|Spikes\n|\n|upkeep\n|turn|2\n|\n|t:|1700684115\n|switch|p1a: Ribombee|Ribombee, F|100\/100\n|move|p2a: Ogerpon|Ivy Cudgel|p1a: Ribombee|[anim] Ivy Cudgel Water\n|-enditem|p1a: Ribombee|Focus Sash\n|-damage|p1a: Ribombee|1\/100\n|\n|upkeep\n|turn|3\n|\n|t:|1700684121\n|move|p1a: Ribombee|Sticky Web|p2a: Ogerpon\n|-sidestart|p2: thunderdog_32|move: Sticky Web\n|move|p2a: Ogerpon|U-turn|p1a: Ribombee\n|-resisted|p1a: Ribombee\n|-damage|p1a: Ribombee|0 fnt\n|faint|p1a: Ribombee\n|\n|t:|1700684136\n|switch|p2a: Heatran|Heatran, F|100\/100|[from] U-turn\n|-damage|p2a: Heatran|88\/100|[from] Spikes\n|-activate|p2a: Heatran|move: Sticky Web\n|-unboost|p2a: Heatran|spe|1\n|\n|-heal|p2a: Heatran|94\/100|[from] item: Leftovers\n|upkeep\n|\n|t:|1700684146\n|switch|p1a: Great Tusk|Great Tusk|100\/100\n|turn|4\n|\n|t:|1700684149\n|switch|p2a: Landorus|Landorus-Therian, M|100\/100\n|-ability|p2a: Landorus|Intimidate|boost\n|-unboost|p1a: Great Tusk|atk|1\n|move|p1a: Great Tusk|Earthquake|p2a: Landorus\n|-immune|p2a: Landorus\n|\n|upkeep\n|turn|5\n|\n|t:|1700684153\n|move|p2a: Landorus|Substitute|p2a: Landorus\n|-start|p2a: Landorus|Substitute\n|-damage|p2a: Landorus|76\/100\n|move|p1a: Great Tusk|Knock Off|p2a: Landorus\n|-activate|p2a: Landorus|move: Substitute|[damage]\n|\n|-heal|p2a: Landorus|82\/100|[from] item: Leftovers\n|upkeep\n|turn|6\n|\n|t:|1700684160\n|move|p2a: Landorus|Grass Knot|p1a: Great Tusk\n|-supereffective|p1a: Great Tusk\n|-damage|p1a: Great Tusk|25\/100\n|-damage|p2a: Landorus|65\/100|[from] item: Rocky Helmet|[of] p1a: Great Tusk\n|move|p1a: Great Tusk|Stealth Rock|p2a: Landorus\n|-sidestart|p2: thunderdog_32|move: Stealth Rock\n|\n|-heal|p2a: Landorus|71\/100|[from] item: Leftovers\n|upkeep\n|turn|7\n|\n|t:|1700684165\n|move|p2a: Landorus|Grass Knot|p1a: Great Tusk\n|-supereffective|p1a: Great Tusk\n|-damage|p1a: Great Tusk|0 fnt\n|-damage|p2a: Landorus|54\/100|[from] item: Rocky Helmet|[of] p1a: Great Tusk\n|faint|p1a: Great Tusk\n|-end|p1a: Great Tusk|Protosynthesis|[silent]\n|\n|-heal|p2a: Landorus|60\/100|[from] item: Leftovers\n|upkeep\n|\n|t:|1700684166\n|switch|p1a: Greninja|Greninja, M|100\/100\n|turn|8\n|\n|t:|1700684172\n|move|p1a: Greninja|Water Shuriken|p2a: Landorus\n|-start|p1a: Greninja|typechange|Water|[from] ability: Protean\n|-supereffective|p2a: Landorus\n|-end|p2a: Landorus|Substitute\n|-supereffective|p2a: Landorus\n|-damage|p2a: Landorus|32\/100\n|-supereffective|p2a: Landorus\n|-damage|p2a: Landorus|2\/100\n|-hitcount|p2a: Landorus|3\n|move|p2a: Landorus|Earthquake|p1a: Greninja\n|-damage|p1a: Greninja|11\/100\n|\n|-heal|p2a: Landorus|8\/100|[from] item: Leftovers\n|upkeep\n|turn|9\n|\n|t:|1700684179\n|switch|p2a: Ogerpon|Ogerpon-Wellspring, F|100\/100\n|-damage|p2a: Ogerpon|88\/100|[from] Spikes\n|-activate|p2a: Ogerpon|move: Sticky Web\n|-unboost|p2a: Ogerpon|spe|1\n|-damage|p2a: Ogerpon|76\/100|[from] Stealth Rock\n|move|p1a: Greninja|Water Shuriken|p2a: Ogerpon\n|-heal|p2a: Ogerpon|100\/100|[from] ability: Water Absorb|[of] p1a: Greninja\n|\n|upkeep\n|turn|10\n|\n|t:|1700684182\n|move|p1a: Greninja|Water Shuriken|p2a: Ogerpon\n|-immune|p2a: Ogerpon|[from] ability: Water Absorb\n|move|p2a: Ogerpon|U-turn|p1a: Greninja\n|-damage|p1a: Greninja|0 fnt\n|faint|p1a: Greninja\n|\n|t:|1700684192\n|switch|p2a: Zapdos|Zapdos|100\/100|[from] U-turn\n|\n|upkeep\n|\n|t:|1700684199\n|switch|p1a: Dragapult|Dragapult, M, shiny|100\/100\n|turn|11\n|\n|t:|1700684205\n|move|p1a: Dragapult|Draco Meteor|p2a: Zapdos\n|-damage|p2a: Zapdos|5\/100\n|-unboost|p1a: Dragapult|spa|2\n|move|p2a: Zapdos|Hurricane|p1a: Dragapult\n|-damage|p1a: Dragapult|36\/100\n|\n|upkeep\n|turn|12\n|\n|t:|1700684209\n|switch|p2a: Ribombee|Ribombee, M|100\/100\n|-damage|p2a: Ribombee|88\/100|[from] Spikes\n|-activate|p2a: Ribombee|move: Sticky Web\n|-unboost|p2a: Ribombee|spe|1\n|-damage|p2a: Ribombee|63\/100|[from] Stealth Rock\n|move|p1a: Dragapult|Draco Meteor|p2a: Ribombee\n|-immune|p2a: Ribombee\n|\n|upkeep\n|turn|13\n|\n|t:|1700684216\n|switch|p1a: Kingambit|Kingambit, M, shiny|100\/100\n|-activate|p1a: Kingambit|ability: Supreme Overlord\n|-start|p1a: Kingambit|fallen3|[silent]\n|move|p2a: Ribombee|Sticky Web|p1a: Kingambit\n|-sidestart|p1: Nyles Morales|move: Sticky Web\n|\n|upkeep\n|turn|14\n|\n|t:|1700684223\n|move|p2a: Ribombee|Moonblast|p1a: Kingambit\n|-damage|p1a: Kingambit|55\/100\n|move|p1a: Kingambit|Iron Head|p2a: Ribombee\n|-supereffective|p2a: Ribombee\n|-damage|p2a: Ribombee|0 fnt\n|faint|p2a: Ribombee\n|\n|-heal|p1a: Kingambit|61\/100|[from] item: Leftovers\n|upkeep\n|\n|t:|1700684228\n|switch|p2a: Landorus|Landorus-Therian, M|8\/100\n|-damage|p2a: Landorus|0 fnt|[from] Stealth Rock\n|faint|p2a: Landorus\n|\n|t:|1700684236\n|switch|p2a: Zapdos|Zapdos|5\/100\n|turn|15\n|\n|t:|1700684244\n|move|p2a: Zapdos|Roost|p2a: Zapdos\n|-heal|p2a: Zapdos|55\/100\n|-singleturn|p2a: Zapdos|move: Roost\n|move|p1a: Kingambit|Iron Head|p2a: Zapdos\n|-resisted|p2a: Zapdos\n|-damage|p2a: Zapdos|29\/100\n|\n|-heal|p1a: Kingambit|67\/100|[from] item: Leftovers\n|upkeep\n|turn|16\n|\n|t:|1700684247\n|move|p2a: Zapdos|Roost|p2a: Zapdos\n|-heal|p2a: Zapdos|79\/100\n|-singleturn|p2a: Zapdos|move: Roost\n|move|p1a: Kingambit|Swords Dance|p1a: Kingambit\n|-boost|p1a: Kingambit|atk|2\n|\n|-heal|p1a: Kingambit|73\/100|[from] item: Leftovers\n|upkeep\n|turn|17\n|\n|t:|1700684250\n|move|p2a: Zapdos|Heat Wave|p1a: Kingambit\n|-supereffective|p1a: Kingambit\n|-damage|p1a: Kingambit|14\/100\n|-status|p1a: Kingambit|brn\n|move|p1a: Kingambit|Iron Head|p2a: Zapdos\n|-resisted|p2a: Zapdos\n|-damage|p2a: Zapdos|53\/100\n|\n|-heal|p1a: Kingambit|20\/100 brn|[from] item: Leftovers\n|-damage|p1a: Kingambit|14\/100 brn|[from] brn\n|upkeep\n|turn|18\n|\n|t:|1700684257\n|move|p1a: Kingambit|Sucker Punch|p2a: Zapdos\n|-damage|p2a: Zapdos|7\/100\n|move|p2a: Zapdos|Heat Wave|p1a: Kingambit\n|-supereffective|p1a: Kingambit\n|-damage|p1a: Kingambit|0 fnt\n|faint|p1a: Kingambit\n|-end|p1a: Kingambit|fallen3|[silent]\n|\n|upkeep\n|\n|t:|1700684261\n|switch|p1a: Mimikyu|Mimikyu, F|100\/100\n|-activate|p1a: Mimikyu|move: Sticky Web\n|-unboost|p1a: Mimikyu|spe|1\n|turn|19\n|\n|t:|1700684270\n|move|p2a: Zapdos|Volt Switch|p1a: Mimikyu\n|-activate|p1a: Mimikyu|ability: Disguise\n|-damage|p1a: Mimikyu|100\/100\n|detailschange|p1a: Mimikyu|Mimikyu-Busted, F\n|-damage|p1a: Mimikyu|88\/100|[from] pokemon: Mimikyu-Busted\n|\n|t:|1700684273\n|switch|p2a: Heatran|Heatran, F|94\/100|[from] Volt Switch\n|-damage|p2a: Heatran|82\/100|[from] Spikes\n|-activate|p2a: Heatran|move: Sticky Web\n|-unboost|p2a: Heatran|spe|1\n|-damage|p2a: Heatran|69\/100|[from] Stealth Rock\n|move|p1a: Mimikyu|Swords Dance|p1a: Mimikyu\n|-boost|p1a: Mimikyu|atk|2\n|\n|-heal|p2a: Heatran|76\/100|[from] item: Leftovers\n|upkeep\n|turn|20\n|\n|t:|1700684283\n|move|p1a: Mimikyu|Drain Punch|p2a: Heatran\n|-supereffective|p2a: Heatran\n|-damage|p2a: Heatran|0 fnt\n|-heal|p1a: Mimikyu|100\/100|[from] drain|[of] p2a: Heatran\n|faint|p2a: Heatran\n|-damage|p1a: Mimikyu|91\/100|[from] item: Life Orb\n|\n|upkeep\n|\n|t:|1700684293\n|switch|p2a: Ogerpon|Ogerpon-Wellspring, F|100\/100\n|-damage|p2a: Ogerpon|88\/100|[from] Spikes\n|-activate|p2a: Ogerpon|move: Sticky Web\n|-unboost|p2a: Ogerpon|spe|1\n|-damage|p2a: Ogerpon|76\/100|[from] Stealth Rock\n|turn|21\n|\n|t:|1700684298\n|-terastallize|p2a: Ogerpon|Water\n|detailschange|p2a: Ogerpon|Ogerpon-Wellspring-Tera, F, tera:Water\n|-ability|p2a: Ogerpon|Embody Aspect (Wellspring)|boost\n|-boost|p2a: Ogerpon|spd|1\n|-terastallize|p1a: Mimikyu|Ghost\n|move|p1a: Mimikyu|Shadow Sneak|p2a: Ogerpon\n|-damage|p2a: Ogerpon|0 fnt\n|faint|p2a: Ogerpon\n|-damage|p1a: Mimikyu|81\/100|[from] item: Life Orb\n|\n|upkeep\n|-message|thunderdog_32 forfeited.\n|\n|win|Nyles Morales\n|raw|Nyles Morales's rating: 1192 &rarr; <strong>1222<\/strong><br \/>(+30 for winning)\n|raw|thunderdog_32's rating: 1256 &rarr; <strong>1226<\/strong><br \/>(-30 for losing)\n|l|\u2606thunderdog_32\n","uploadtime":1700684318,"views":16,"p1id":"nylesmorales","p2id":"thunderdog32","formatid":"gen9ou","rating":1222,"private":0,"password":""}