{"id":"gen9ou-1994937292","p1":"FartyMc6","p2":"1v6 lucario","format":"[Gen 9] OU","log":"|j|\u2606FartyMc6\n|j|\u26061v6 lucario\n|t:|1700506263\n|gametype|singles\n|player|p1|FartyMc6|brycenman|1112\n|player|p2|1v6 lucario|veteran|1000\n|teamsize|p1|6\n|teamsize|p2|2\n|gen|9\n|tier|[Gen 9] OU\n|rated|\n|rule|Sleep Clause Mod: Limit one foe put to sleep\n|rule|Species Clause: Limit one of each Pok\u00e9mon\n|rule|OHKO Clause: OHKO moves are banned\n|rule|Evasion Items Clause: Evasion items are banned\n|rule|Evasion Moves Clause: Evasion moves are banned\n|rule|Endless Battle Clause: Forcing endless battles is banned\n|rule|HP Percentage Mod: HP is shown in percentages\n|clearpoke\n|poke|p1|Gholdengo|\n|poke|p1|Dondozo, F|\n|poke|p1|Great Tusk|\n|poke|p1|Articuno|\n|poke|p1|Hatterene, F|\n|poke|p1|Cinderace, M|\n|poke|p2|Azumarill, F|\n|poke|p2|Lucario, M|\n|teampreview\n|inactive|Battle timer is ON: inactive players will automatically lose when time's up. (requested by FartyMc6)\n|\n|t:|1700506283\n|start\n|switch|p1a: Articuno|Articuno|100\/100\n|switch|p2a: 1st sweeper|Azumarill, F|100\/100\n|-ability|p1a: Articuno|Pressure\n|turn|1\n|\n|t:|1700506291\n|move|p1a: Articuno|Freeze-Dry|p2a: 1st sweeper\n|-supereffective|p2a: 1st sweeper\n|-damage|p2a: 1st sweeper|50\/100\n|-enditem|p2a: 1st sweeper|Sitrus Berry|[eat]\n|-heal|p2a: 1st sweeper|75\/100|[from] item: Sitrus Berry\n|-damage|p1a: Articuno|91\/100|[from] item: Life Orb\n|move|p2a: 1st sweeper|Perish Song|p2a: 1st sweeper\n|-start|p1a: Articuno|perish3|[silent]\n|-start|p2a: 1st sweeper|perish3|[silent]\n|-fieldactivate|move: Perish Song\n|\n|-start|p1a: Articuno|perish3\n|-start|p2a: 1st sweeper|perish3\n|upkeep\n|turn|2\n|c|\u2606FartyMc6|shet\n|c|\u2606FartyMc6|youre gonna make me cry\n|\n|t:|1700506309\n|move|p1a: Articuno|Tailwind|p1a: Articuno\n|-sidestart|p1: FartyMc6|move: Tailwind\n|move|p2a: 1st sweeper|Perish Song||[still]\n|-fail|p2a: 1st sweeper\n|\n|-start|p1a: Articuno|perish2\n|-start|p2a: 1st sweeper|perish2\n|upkeep\n|turn|3\n|\n|t:|1700506320\n|switch|p1a: Dondozo|Dondozo, F|100\/100\n|move|p2a: 1st sweeper|Substitute|p2a: 1st sweeper\n|-start|p2a: 1st sweeper|Substitute\n|-damage|p2a: 1st sweeper|50\/100\n|\n|-start|p2a: 1st sweeper|perish1\n|upkeep\n|turn|4\n|\n|t:|1700506326\n|move|p1a: Dondozo|Curse|p1a: Dondozo\n|-unboost|p1a: Dondozo|spe|1\n|-boost|p1a: Dondozo|atk|1\n|-boost|p1a: Dondozo|def|1\n|move|p2a: 1st sweeper|Belly Drum||[still]\n|-fail|p2a: 1st sweeper\n|\n|-start|p2a: 1st sweeper|perish0\n|faint|p2a: 1st sweeper\n|upkeep\n|\n|t:|1700506329\n|switch|p2a: real sweeper :)|Lucario, M|100\/100\n|turn|5\n|\n|t:|1700506334\n|move|p2a: real sweeper :)|Copycat|p2a: real sweeper :)\n|move|p2a: real sweeper :)|Belly Drum|p2a: real sweeper :)|[from]move: Copycat\n|-damage|p2a: real sweeper :)|51\/100\n|-setboost|p2a: real sweeper :)|atk|6|[from] move: Belly Drum\n|move|p1a: Dondozo|Yawn|p2a: real sweeper :)\n|-start|p2a: real sweeper :)|move: Yawn|[of] p1a: Dondozo\n|\n|-sideend|p1: FartyMc6|move: Tailwind\n|upkeep\n|turn|6\n|\n|t:|1700506351\n|move|p2a: real sweeper :)|Close Combat|p1a: Dondozo\n|-damage|p1a: Dondozo|85\/100\n|-unboost|p2a: real sweeper :)|def|1\n|-unboost|p2a: real sweeper :)|spd|1\n|move|p1a: Dondozo|Curse|p1a: Dondozo\n|-unboost|p1a: Dondozo|spe|1\n|-boost|p1a: Dondozo|atk|1\n|-boost|p1a: Dondozo|def|1\n|\n|-end|p2a: real sweeper :)|move: Yawn|[silent]\n|-status|p2a: real sweeper :)|slp\n|upkeep\n|turn|7\n|-message|1v6 lucario forfeited.\n|\n|win|FartyMc6\n|raw|FartyMc6's rating: 1112 &rarr; <strong>1129<\/strong><br \/>(+17 for winning)\n|raw|1v6 lucario's rating: 1000 &rarr; <strong>1000<\/strong><br \/>(+0 for losing)\n|l|\u26061v6 lucario\n|c|\u2606FartyMc6|jk\n|c|\u2606FartyMc6|youre the sad one\n","uploadtime":1700506376,"views":8,"p1id":"fartymc6","p2id":"1v6lucario","formatid":"gen9ou","rating":1000,"private":0,"password":""}