{"id":"gen9ou-1995921775","p1":"Onte bad","p2":"Juoske","format":"[Gen 9] OU","log":"|j|\u2606Onte bad\n|j|\u2606Juoske\n|t:|1700617694\n|gametype|singles\n|player|p1|Onte bad|169|1227\n|player|p2|Juoske|acetrainer-gen4dp|1238\n|teamsize|p1|6\n|teamsize|p2|6\n|gen|9\n|tier|[Gen 9] OU\n|rated|\n|rule|Sleep Clause Mod: Limit one foe put to sleep\n|rule|Species Clause: Limit one of each Pok\u00e9mon\n|rule|OHKO Clause: OHKO moves are banned\n|rule|Evasion Items Clause: Evasion items are banned\n|rule|Evasion Moves Clause: Evasion moves are banned\n|rule|Endless Battle Clause: Forcing endless battles is banned\n|rule|HP Percentage Mod: HP is shown in percentages\n|clearpoke\n|poke|p1|Regidrago|\n|poke|p1|Ribombee, M|\n|poke|p1|Scizor, F|\n|poke|p1|Slowking-Galar, F|\n|poke|p1|Breloom, F|\n|poke|p1|Quaquaval, F|\n|poke|p2|Samurott-Hisui, M|\n|poke|p2|Gholdengo|\n|poke|p2|Ceruledge, F|\n|poke|p2|Rillaboom, F|\n|poke|p2|Zamazenta-*|\n|poke|p2|Great Tusk|\n|teampreview\n|n|\u2606Juoske|juoske\n|\n|t:|1700617712\n|start\n|switch|p1a: Ribombee|Ribombee, M|100\/100\n|switch|p2a: Ceruledge|Ceruledge, F|100\/100\n|turn|1\n|\n|t:|1700617726\n|move|p1a: Ribombee|Sticky Web|p2a: Ceruledge\n|-sidestart|p2: Juoske|move: Sticky Web\n|move|p2a: Ceruledge|Bitter Blade|p1a: Ribombee\n|-supereffective|p1a: Ribombee\n|-enditem|p1a: Ribombee|Focus Sash\n|-damage|p1a: Ribombee|1\/100\n|\n|upkeep\n|turn|2\n|\n|t:|1700617741\n|move|p2a: Ceruledge|Shadow Sneak|p1a: Ribombee\n|-damage|p1a: Ribombee|0 fnt\n|faint|p1a: Ribombee\n|\n|upkeep\n|\n|t:|1700617754\n|switch|p1a: Quaquaval|Quaquaval, F|100\/100\n|turn|3\n|\n|t:|1700617758\n|move|p1a: Quaquaval|Aqua Step|p2a: Ceruledge\n|-supereffective|p2a: Ceruledge\n|-enditem|p2a: Ceruledge|Focus Sash\n|-damage|p2a: Ceruledge|1\/100\n|-boost|p1a: Quaquaval|spe|1\n|-ability|p2a: Ceruledge|Weak Armor|boost\n|-unboost|p2a: Ceruledge|def|1\n|-boost|p2a: Ceruledge|spe|2\n|move|p2a: Ceruledge|Bitter Blade|p1a: Quaquaval\n|-resisted|p1a: Quaquaval\n|-damage|p1a: Quaquaval|72\/100\n|-heal|p2a: Ceruledge|16\/100|[from] drain|[of] p1a: Quaquaval\n|\n|upkeep\n|turn|4\n|\n|t:|1700617770\n|move|p2a: Ceruledge|Destiny Bond|p2a: Ceruledge\n|-singlemove|p2a: Ceruledge|Destiny Bond\n|move|p1a: Quaquaval|Aqua Step|p2a: Ceruledge\n|-supereffective|p2a: Ceruledge\n|-damage|p2a: Ceruledge|0 fnt\n|-boost|p1a: Quaquaval|spe|1\n|faint|p2a: Ceruledge\n|-activate|p2a: Ceruledge|move: Destiny Bond\n|faint|p1a: Quaquaval\n|\n|upkeep\n|\n|t:|1700617776\n|switch|p1a: Scizor|Scizor, F|100\/100\n|switch|p2a: Zamazenta|Zamazenta|100\/100\n|-activate|p2a: Zamazenta|move: Sticky Web\n|-unboost|p2a: Zamazenta|spe|1\n|-ability|p2a: Zamazenta|Dauntless Shield|boost\n|-boost|p2a: Zamazenta|def|1\n|turn|5\n|\n|t:|1700617780\n|move|p2a: Zamazenta|Iron Defense|p2a: Zamazenta\n|-boost|p2a: Zamazenta|def|2\n|move|p1a: Scizor|U-turn|p2a: Zamazenta\n|-resisted|p2a: Zamazenta\n|-damage|p2a: Zamazenta|91\/100\n|\n|t:|1700617783\n|switch|p1a: Regidrago|Regidrago|100\/100|[from] U-turn\n|\n|-heal|p2a: Zamazenta|97\/100|[from] item: Leftovers\n|upkeep\n|turn|6\n|\n|t:|1700617789\n|-terastallize|p1a: Regidrago|Dragon\n|move|p1a: Regidrago|Dragon Energy|p2a: Zamazenta\n|-damage|p2a: Zamazenta|0 fnt\n|faint|p2a: Zamazenta\n|\n|upkeep\n|\n|t:|1700617796\n|switch|p2a: Great Tusk|Great Tusk|100\/100\n|-activate|p2a: Great Tusk|move: Sticky Web\n|-unboost|p2a: Great Tusk|spe|1\n|-enditem|p2a: Great Tusk|Booster Energy\n|-activate|p2a: Great Tusk|ability: Protosynthesis|[fromitem]\n|-start|p2a: Great Tusk|protosynthesisdef\n|turn|7\n|\n|t:|1700617801\n|move|p1a: Regidrago|Dragon Energy|p2a: Great Tusk\n|-damage|p2a: Great Tusk|0 fnt\n|faint|p2a: Great Tusk\n|-end|p2a: Great Tusk|Protosynthesis|[silent]\n|\n|upkeep\n|\n|t:|1700617813\n|switch|p2a: Gholdengo|Gholdengo|100\/100\n|-activate|p2a: Gholdengo|move: Sticky Web\n|-unboost|p2a: Gholdengo|spe|1\n|turn|8\n|inactive|Battle timer is ON: inactive players will automatically lose when time's up. (requested by Juoske)\n|inactive|Onte bad has 120 seconds left.\n|\n|t:|1700617885\n|switch|p1a: Slowking|Slowking-Galar, F|100\/100\n|move|p2a: Gholdengo|Shadow Ball|p1a: Slowking\n|-supereffective|p1a: Slowking\n|-damage|p1a: Slowking|53\/100\n|-unboost|p1a: Slowking|spd|1\n|\n|upkeep\n|turn|9\n|\n|t:|1700617891\n|switch|p1a: Scizor|Scizor, F|100\/100\n|move|p2a: Gholdengo|Shadow Ball|p1a: Scizor\n|-damage|p1a: Scizor|47\/100\n|\n|upkeep\n|turn|10\n|\n|t:|1700617897\n|move|p1a: Scizor|Bullet Punch|p2a: Gholdengo\n|-resisted|p2a: Gholdengo\n|-damage|p2a: Gholdengo|72\/100\n|move|p2a: Gholdengo|Shadow Ball|p1a: Scizor\n|-damage|p1a: Scizor|0 fnt\n|faint|p1a: Scizor\n|\n|upkeep\n|inactive|Onte bad has 120 seconds left.\n|\n|t:|1700617943\n|switch|p1a: Regidrago|Regidrago, tera:Dragon|100\/100\n|turn|11\n|\n|t:|1700617946\n|move|p2a: Gholdengo|Shadow Ball|p1a: Regidrago\n|-damage|p1a: Regidrago|53\/100\n|move|p1a: Regidrago|Dragon Energy|p2a: Gholdengo\n|-resisted|p2a: Gholdengo\n|-damage|p2a: Gholdengo|10\/100\n|\n|upkeep\n|turn|12\n|inactive|Onte bad has 120 seconds left.\n|\n|t:|1700617951\n|move|p2a: Gholdengo|Shadow Ball|p1a: Regidrago\n|-damage|p1a: Regidrago|9\/100\n|move|p1a: Regidrago|Dragon Energy|p2a: Gholdengo\n|-resisted|p2a: Gholdengo\n|-damage|p2a: Gholdengo|1\/100\n|\n|upkeep\n|turn|13\n|\n|t:|1700617954\n|move|p2a: Gholdengo|Shadow Ball|p1a: Regidrago\n|-damage|p1a: Regidrago|0 fnt\n|faint|p1a: Regidrago\n|\n|upkeep\n|\n|t:|1700617960\n|switch|p1a: Slowking|Slowking-Galar, F|86\/100\n|turn|14\n|\n|t:|1700617963\n|move|p2a: Gholdengo|Shadow Ball|p1a: Slowking\n|-supereffective|p1a: Slowking\n|-damage|p1a: Slowking|37\/100\n|move|p1a: Slowking|Flamethrower|p2a: Gholdengo\n|-supereffective|p2a: Gholdengo\n|-damage|p2a: Gholdengo|0 fnt\n|faint|p2a: Gholdengo\n|\n|upkeep\n|\n|t:|1700617968\n|switch|p2a: Samurott|Samurott-Hisui, M, shiny|100\/100\n|-activate|p2a: Samurott|move: Sticky Web\n|-unboost|p2a: Samurott|spe|1\n|turn|15\n|\n|t:|1700617977\n|switch|p1a: Breloom|Breloom, F|100\/100\n|move|p2a: Samurott|Ceaseless Edge|p1a: Breloom\n|-resisted|p1a: Breloom\n|-damage|p1a: Breloom|51\/100\n|-sidestart|p1: Onte bad|Spikes\n|\n|upkeep\n|turn|16\n|\n|t:|1700617988\n|switch|p2a: Rillaboom|Rillaboom, F|100\/100\n|-activate|p2a: Rillaboom|move: Sticky Web\n|-unboost|p2a: Rillaboom|spe|1\n|-fieldstart|move: Grassy Terrain|[from] ability: Grassy Surge|[of] p2a: Rillaboom\n|move|p1a: Breloom|Bullet Seed|p2a: Rillaboom\n|-resisted|p2a: Rillaboom\n|-damage|p2a: Rillaboom|87\/100\n|-resisted|p2a: Rillaboom\n|-damage|p2a: Rillaboom|72\/100\n|-hitcount|p2a: Rillaboom|2\n|\n|-heal|p1a: Breloom|57\/100|[from] Grassy Terrain\n|-heal|p2a: Rillaboom|78\/100|[from] Grassy Terrain\n|upkeep\n|turn|17\n|\n|t:|1700617997\n|move|p1a: Breloom|Mach Punch|p2a: Rillaboom\n|-damage|p2a: Rillaboom|44\/100\n|move|p2a: Rillaboom|Swords Dance|p2a: Rillaboom\n|-boost|p2a: Rillaboom|atk|2\n|\n|-heal|p1a: Breloom|63\/100|[from] Grassy Terrain\n|-heal|p2a: Rillaboom|50\/100|[from] Grassy Terrain\n|upkeep\n|turn|18\n|\n|t:|1700618004\n|switch|p1a: Slowking|Slowking-Galar, F|71\/100\n|-damage|p1a: Slowking|58\/100|[from] Spikes\n|move|p2a: Rillaboom|Drain Punch|p1a: Slowking\n|-resisted|p1a: Slowking\n|-damage|p1a: Slowking|41\/100\n|-heal|p2a: Rillaboom|60\/100|[from] drain|[of] p1a: Slowking\n|-damage|p2a: Rillaboom|50\/100|[from] item: Life Orb\n|\n|-heal|p2a: Rillaboom|57\/100|[from] Grassy Terrain\n|-heal|p1a: Slowking|47\/100|[from] Grassy Terrain\n|upkeep\n|turn|19\n|\n|t:|1700618019\n|move|p2a: Rillaboom|Knock Off|p1a: Slowking\n|-supereffective|p1a: Slowking\n|-damage|p1a: Slowking|0 fnt\n|-enditem|p1a: Slowking|Assault Vest|[from] move: Knock Off|[of] p2a: Rillaboom\n|faint|p1a: Slowking\n|-damage|p2a: Rillaboom|47\/100|[from] item: Life Orb\n|\n|-heal|p2a: Rillaboom|53\/100|[from] Grassy Terrain\n|upkeep\n|\n|t:|1700618021\n|switch|p1a: Breloom|Breloom, F|63\/100\n|-damage|p1a: Breloom|51\/100|[from] Spikes\n|turn|20\n|\n|t:|1700618026\n|move|p2a: Rillaboom|Grassy Glide|p1a: Breloom\n|-resisted|p1a: Breloom\n|-damage|p1a: Breloom|0 fnt\n|faint|p1a: Breloom\n|-damage|p2a: Rillaboom|43\/100|[from] item: Life Orb\n|\n|win|Juoske\n|raw|Onte bad's rating: 1227 &rarr; <strong>1203<\/strong><br \/>(-24 for losing)\n|raw|Juoske's rating: 1238 &rarr; <strong>1262<\/strong><br \/>(+24 for winning)\n|c|\u2606Onte bad|ggs\n","uploadtime":1700618031,"views":0,"p1id":"ontebad","p2id":"juoske","formatid":"gen9ou","rating":1203,"private":0,"password":""}