{"id":"gen9ou-1993180553","p1":"NeoHeart108","p2":"jimola","format":"[Gen 9] OU","log":"|j|\u2606NeoHeart108\n|j|\u2606jimola\n|t:|1700274657\n|gametype|singles\n|player|p1|NeoHeart108|pokemonrangerf-gen4|1435\n|player|p2|jimola|169|1556\n|teamsize|p1|6\n|teamsize|p2|6\n|gen|9\n|tier|[Gen 9] OU\n|rated|\n|rule|Sleep Clause Mod: Limit one foe put to sleep\n|rule|Species Clause: Limit one of each Pok\u00e9mon\n|rule|OHKO Clause: OHKO moves are banned\n|rule|Evasion Items Clause: Evasion items are banned\n|rule|Evasion Moves Clause: Evasion moves are banned\n|rule|Endless Battle Clause: Forcing endless battles is banned\n|rule|HP Percentage Mod: HP is shown in percentages\n|clearpoke\n|poke|p1|Kommo-o, M|\n|poke|p1|Samurott-Hisui, M|\n|poke|p1|Empoleon, F|\n|poke|p1|Glimmora, M|\n|poke|p1|Dragapult, F|\n|poke|p1|Great Tusk|\n|poke|p2|Ribombee, M|\n|poke|p2|Gholdengo|\n|poke|p2|Gallade, M|\n|poke|p2|Ogerpon, F|\n|poke|p2|Glimmora, M|\n|poke|p2|Walking Wake|\n|teampreview\n|inactive|Battle timer is ON: inactive players will automatically lose when time's up. (requested by NeoHeart108)\n|inactive|jimola has 120 seconds left.\n|\n|t:|1700274717\n|start\n|switch|p1a: Geeta Gouda|Glimmora, M|100\/100\n|switch|p2a: Walking Wake|Walking Wake|100\/100\n|turn|1\n|\n|t:|1700274743\n|-terastallize|p1a: Geeta Gouda|Fairy\n|move|p1a: Geeta Gouda|Dazzling Gleam|p2a: Walking Wake\n|-supereffective|p2a: Walking Wake\n|-damage|p2a: Walking Wake|1\/100\n|move|p2a: Walking Wake|Hydro Steam|p1a: Geeta Gouda\n|-damage|p1a: Geeta Gouda|20\/100\n|\n|upkeep\n|turn|2\n|inactive|jimola has 120 seconds left.\n|\n|t:|1700274782\n|-end|p2a: Walking Wake|Protosynthesis|[silent]\n|switch|p2a: Glimmora|Glimmora, M|100\/100\n|move|p1a: Geeta Gouda|Dazzling Gleam|p2a: Glimmora\n|-resisted|p2a: Glimmora\n|-damage|p2a: Glimmora|69\/100\n|\n|upkeep\n|turn|3\n|inactive|jimola has 120 seconds left.\n|\n|t:|1700274793\n|move|p1a: Geeta Gouda|Dazzling Gleam|p2a: Glimmora\n|-resisted|p2a: Glimmora\n|-damage|p2a: Glimmora|39\/100\n|move|p2a: Glimmora|Earth Power|p1a: Geeta Gouda\n|-damage|p1a: Geeta Gouda|0 fnt\n|faint|p1a: Geeta Gouda\n|-damage|p2a: Glimmora|29\/100|[from] item: Life Orb\n|\n|upkeep\n|\n|t:|1700274802\n|switch|p1a: Floorence|Samurott-Hisui, M|100\/100\n|turn|4\n|\n|t:|1700274810\n|move|p2a: Glimmora|Dazzling Gleam|p1a: Floorence\n|-supereffective|p1a: Floorence\n|-damage|p1a: Floorence|44\/100\n|-damage|p2a: Glimmora|19\/100|[from] item: Life Orb\n|move|p1a: Floorence|Ceaseless Edge|p2a: Glimmora\n|-damage|p2a: Glimmora|0 fnt\n|-activate|p2a: Glimmora|ability: Toxic Debris\n|-sidestart|p1: NeoHeart108|move: Toxic Spikes\n|-sidestart|p2: jimola|Spikes\n|faint|p2a: Glimmora\n|\n|upkeep\n|\n|t:|1700274817\n|switch|p2a: Ribombee|Ribombee, M|100\/100\n|-damage|p2a: Ribombee|88\/100|[from] Spikes\n|turn|5\n|\n|t:|1700274826\n|move|p2a: Ribombee|Sticky Web|p1a: Floorence\n|-sidestart|p1: NeoHeart108|move: Sticky Web\n|move|p1a: Floorence|Aqua Cutter|p2a: Ribombee\n|-damage|p2a: Ribombee|0 fnt\n|faint|p2a: Ribombee\n|\n|upkeep\n|\n|t:|1700274843\n|switch|p2a: Ogerpon|Ogerpon, F|100\/100\n|-damage|p2a: Ogerpon|88\/100|[from] Spikes\n|turn|6\n|\n|t:|1700274847\n|move|p2a: Ogerpon|Ivy Cudgel|p1a: Floorence\n|-supereffective|p1a: Floorence\n|-damage|p1a: Floorence|0 fnt\n|faint|p1a: Floorence\n|-damage|p2a: Ogerpon|78\/100|[from] item: Life Orb\n|\n|upkeep\n|\n|t:|1700274854\n|switch|p1a: Count Handson|Empoleon, F|100\/100\n|-item|p1a: Count Handson|Air Balloon\n|turn|7\n|\n|t:|1700274883\n|move|p2a: Ogerpon|Swords Dance|p2a: Ogerpon\n|-boost|p2a: Ogerpon|atk|2\n|move|p1a: Count Handson|Ice Beam|p2a: Ogerpon\n|-supereffective|p2a: Ogerpon\n|-damage|p2a: Ogerpon|12\/100\n|\n|upkeep\n|turn|8\n|\n|t:|1700274898\n|move|p2a: Ogerpon|Ivy Cudgel|p1a: Count Handson\n|-crit|p1a: Count Handson\n|-damage|p1a: Count Handson|0 fnt\n|-enditem|p1a: Count Handson|Air Balloon\n|faint|p1a: Count Handson\n|-damage|p2a: Ogerpon|2\/100|[from] item: Life Orb\n|\n|upkeep\n|\n|t:|1700274902\n|switch|p1a: Kimono|Kommo-o, M|100\/100\n|-status|p1a: Kimono|psn\n|-enditem|p1a: Kimono|Lum Berry|[eat]\n|-curestatus|p1a: Kimono|psn|[msg]\n|-activate|p1a: Kimono|move: Sticky Web\n|-unboost|p1a: Kimono|spe|1\n|turn|9\n|\n|t:|1700274908\n|move|p2a: Ogerpon|Superpower|p1a: Kimono\n|-damage|p1a: Kimono|21\/100\n|-unboost|p2a: Ogerpon|atk|1\n|-unboost|p2a: Ogerpon|def|1\n|-damage|p2a: Ogerpon|0 fnt|[from] item: Life Orb\n|faint|p2a: Ogerpon\n|move|p1a: Kimono|Clangorous Soul||[still]\n|-fail|p1a: Kimono\n|\n|upkeep\n|\n|t:|1700274920\n|switch|p2a: Gallade|Gallade, M|100\/100\n|-damage|p2a: Gallade|88\/100|[from] Spikes\n|turn|10\n|\n|t:|1700274925\n|move|p2a: Gallade|Psycho Cut|p1a: Kimono\n|-supereffective|p1a: Kimono\n|-crit|p1a: Kimono\n|-damage|p1a: Kimono|0 fnt\n|faint|p1a: Kimono\n|\n|upkeep\n|\n|t:|1700274927\n|switch|p1a: Teraphantom|Great Tusk|100\/100\n|-status|p1a: Teraphantom|psn\n|-activate|p1a: Teraphantom|move: Sticky Web\n|-unboost|p1a: Teraphantom|spe|1\n|turn|11\n|\n|t:|1700274934\n|move|p2a: Gallade|Psycho Cut|p1a: Teraphantom\n|-supereffective|p1a: Teraphantom\n|-damage|p1a: Teraphantom|0 fnt\n|faint|p1a: Teraphantom\n|-end|p1a: Teraphantom|Protosynthesis|[silent]\n|\n|upkeep\n|\n|t:|1700274936\n|switch|p1a: Lizzy|Dragapult, F|100\/100\n|-status|p1a: Lizzy|psn\n|-activate|p1a: Lizzy|move: Sticky Web\n|-fail|p1a: Lizzy|unboost|[from] ability: Clear Body|[of] p1a: Lizzy\n|turn|12\n|\n|t:|1700274941\n|move|p1a: Lizzy|Dragon Dance|p1a: Lizzy\n|-boost|p1a: Lizzy|atk|1\n|-boost|p1a: Lizzy|spe|1\n|move|p2a: Gallade|Psycho Cut|p1a: Lizzy\n|-damage|p1a: Lizzy|0 fnt\n|faint|p1a: Lizzy\n|\n|win|jimola\n|raw|NeoHeart108's rating: 1435 &rarr; <strong>1422<\/strong><br \/>(-13 for losing)\n|raw|jimola's rating: 1556 &rarr; <strong>1569<\/strong><br \/>(+13 for winning)\n|l|\u2606NeoHeart108\n","uploadtime":1700274958,"views":35,"p1id":"neoheart108","p2id":"jimola","formatid":"gen9ou","rating":1422,"private":0,"password":""}