{"id":"gen9ou-1990977648","p1":"CoolMeDownB","p2":"Eucalipto69!","format":"[Gen 9] OU","log":"|j|\u2606CoolMeDownB\n|j|\u2606Eucalipto69!\n|t:|1700022389\n|gametype|singles\n|player|p1|CoolMeDownB|crasherwake|1688\n|player|p2|Eucalipto69!|alder|1664\n|teamsize|p1|6\n|teamsize|p2|6\n|gen|9\n|tier|[Gen 9] OU\n|rated|\n|rule|Sleep Clause Mod: Limit one foe put to sleep\n|rule|Species Clause: Limit one of each Pok\u00e9mon\n|rule|OHKO Clause: OHKO moves are banned\n|rule|Evasion Items Clause: Evasion items are banned\n|rule|Evasion Moves Clause: Evasion moves are banned\n|rule|Endless Battle Clause: Forcing endless battles is banned\n|rule|HP Percentage Mod: HP is shown in percentages\n|clearpoke\n|poke|p1|Samurott-Hisui, M|\n|poke|p1|Great Tusk|\n|poke|p1|Kingambit, F|\n|poke|p1|Slowking-Galar, M|\n|poke|p1|Ninetales-Alola, F|\n|poke|p1|Dragapult, F|\n|poke|p2|Scizor, F|\n|poke|p2|Dragapult, F|\n|poke|p2|Kilowattrel, M|\n|poke|p2|Samurott-Hisui, M|\n|poke|p2|Great Tusk|\n|poke|p2|Ogerpon-Cornerstone, F|\n|teampreview\n|c|\u2606CoolMeDownB|gl\n|inactive|Battle timer is ON: inactive players will automatically lose when time's up. (requested by Eucalipto69!)\n|\n|t:|1700022401\n|start\n|switch|p1a: rapid spin me rn|Dragapult, F|100\/100\n|switch|p2a: Ogerpon|Ogerpon-Cornerstone, F|100\/100\n|turn|1\n|\n|t:|1700022405\n|switch|p2a: Scizor|Scizor, F|100\/100\n|move|p1a: rapid spin me rn|Shadow Ball|p2a: Scizor\n|-damage|p2a: Scizor|33\/100\n|-unboost|p2a: Scizor|spd|1\n|\n|upkeep\n|turn|2\n|j| yacht\n|\n|t:|1700022408\n|switch|p2a: Samurott|Samurott-Hisui, M, shiny|100\/100\n|move|p1a: rapid spin me rn|Shadow Ball|p2a: Samurott\n|-resisted|p2a: Samurott\n|-damage|p2a: Samurott|80\/100\n|\n|upkeep\n|turn|3\n|\n|t:|1700022414\n|switch|p1a: best mon|Samurott-Hisui, M|100\/100\n|move|p2a: Samurott|Aqua Cutter|p1a: best mon\n|-resisted|p1a: best mon\n|-damage|p1a: best mon|80\/100\n|\n|upkeep\n|turn|4\n|\n|t:|1700022419\n|switch|p2a: Great Tusk|Great Tusk|100\/100\n|move|p1a: best mon|Ceaseless Edge|p2a: Great Tusk\n|-resisted|p2a: Great Tusk\n|-damage|p2a: Great Tusk|92\/100\n|-damage|p1a: best mon|63\/100|[from] item: Rocky Helmet|[of] p2a: Great Tusk\n|-sidestart|p2: Eucalipto69!|Spikes\n|\n|upkeep\n|turn|5\n|\n|t:|1700022424\n|switch|p1a: rapid spin me rn|Dragapult, F|100\/100\n|move|p2a: Great Tusk|Earthquake|p1a: rapid spin me rn\n|-damage|p1a: rapid spin me rn|44\/100\n|\n|upkeep\n|turn|6\n|\n|t:|1700022432\n|-end|p2a: Great Tusk|Protosynthesis|[silent]\n|switch|p2a: Scizor|Scizor, F|33\/100\n|move|p1a: rapid spin me rn|Shadow Ball|p2a: Scizor\n|-damage|p2a: Scizor|0 fnt\n|faint|p2a: Scizor\n|\n|upkeep\n|j| Porycomingback\n|\n|t:|1700022436\n|switch|p2a: Samurott|Samurott-Hisui, M, shiny|80\/100\n|-damage|p2a: Samurott|67\/100|[from] Spikes\n|turn|7\n|\n|t:|1700022444\n|switch|p1a: best mon|Samurott-Hisui, M|63\/100\n|move|p2a: Samurott|Sacred Sword|p1a: best mon\n|-supereffective|p1a: best mon\n|-damage|p1a: best mon|0 fnt\n|-damage|p2a: Samurott|50\/100|[from] item: Rocky Helmet|[of] p1a: best mon\n|faint|p1a: best mon\n|\n|upkeep\n|\n|t:|1700022448\n|switch|p1a: rapid spin me rn|Dragapult, F|44\/100\n|turn|8\n|j| Noob 0_o\n|\n|t:|1700022455\n|move|p1a: rapid spin me rn|Shadow Ball|p2a: Samurott\n|-resisted|p2a: Samurott\n|-damage|p2a: Samurott|29\/100\n|move|p2a: Samurott|Ceaseless Edge|p1a: rapid spin me rn\n|-supereffective|p1a: rapid spin me rn\n|-damage|p1a: rapid spin me rn|0 fnt\n|-sidestart|p1: CoolMeDownB|Spikes\n|faint|p1a: rapid spin me rn\n|\n|upkeep\n|\n|t:|1700022474\n|switch|p1a: Elsa|Ninetales-Alola, F, shiny|100\/100\n|-damage|p1a: Elsa|88\/100|[from] Spikes\n|-weather|Snow|[from] ability: Snow Warning|[of] p1a: Elsa\n|turn|9\n|\n|t:|1700022479\n|move|p1a: Elsa|Freeze-Dry|p2a: Samurott\n|-supereffective|p2a: Samurott\n|-damage|p2a: Samurott|0 fnt\n|faint|p2a: Samurott\n|\n|-weather|Snow|[upkeep]\n|upkeep\n|j| Meditate Golisopod\n|\n|t:|1700022484\n|switch|p2a: Ogerpon|Ogerpon-Cornerstone, F|100\/100\n|-damage|p2a: Ogerpon|88\/100|[from] Spikes\n|turn|10\n|\n|t:|1700022491\n|move|p2a: Ogerpon|Ivy Cudgel|p1a: Elsa|[anim] Ivy Cudgel Rock\n|-supereffective|p1a: Elsa\n|-damage|p1a: Elsa|0 fnt\n|faint|p1a: Elsa\n|\n|-weather|Snow|[upkeep]\n|upkeep\n|\n|t:|1700022499\n|switch|p1a: big guy|Great Tusk, shiny|100\/100\n|-damage|p1a: big guy|88\/100|[from] Spikes\n|turn|11\n|\n|t:|1700022501\n|switch|p2a: Great Tusk|Great Tusk|92\/100\n|-damage|p2a: Great Tusk|80\/100|[from] Spikes\n|move|p1a: big guy|Headlong Rush|p2a: Great Tusk\n|-damage|p2a: Great Tusk|47\/100\n|-unboost|p1a: big guy|def|1\n|-unboost|p1a: big guy|spd|1\n|-damage|p1a: big guy|71\/100|[from] item: Rocky Helmet|[of] p2a: Great Tusk\n|\n|-weather|Snow|[upkeep]\n|upkeep\n|turn|12\n|\n|t:|1700022507\n|move|p1a: big guy|Rapid Spin|p2a: Great Tusk\n|-damage|p2a: Great Tusk|39\/100\n|-boost|p1a: big guy|spe|1\n|-damage|p1a: big guy|55\/100|[from] item: Rocky Helmet|[of] p2a: Great Tusk\n|-sideend|p1: CoolMeDownB|Spikes|[from] move: Rapid Spin|[of] p1a: big guy\n|move|p2a: Great Tusk|Rapid Spin|p1a: big guy\n|-damage|p1a: big guy|40\/100\n|-boost|p2a: Great Tusk|spe|1\n|-sideend|p2: Eucalipto69!|Spikes|[from] move: Rapid Spin|[of] p2a: Great Tusk\n|\n|-weather|Snow|[upkeep]\n|upkeep\n|turn|13\n|\n|t:|1700022517\n|-end|p2a: Great Tusk|Protosynthesis|[silent]\n|switch|p2a: Kilowattrel|Kilowattrel, M|100\/100\n|move|p1a: big guy|Headlong Rush|p2a: Kilowattrel\n|-immune|p2a: Kilowattrel\n|\n|-weather|none\n|upkeep\n|turn|14\n|\n|t:|1700022523\n|move|p2a: Kilowattrel|Air Slash|p1a: big guy\n|-supereffective|p1a: big guy\n|-damage|p1a: big guy|0 fnt\n|faint|p1a: big guy\n|-end|p1a: big guy|Protosynthesis|[silent]\n|\n|upkeep\n|\n|t:|1700022526\n|switch|p1a: big head|Slowking-Galar, M|100\/100\n|turn|15\n|\n|t:|1700022533\n|switch|p2a: Dragapult|Dragapult, F|100\/100\n|move|p1a: big head|Future Sight|p2a: Dragapult\n|-start|p1a: big head|move: Future Sight\n|\n|upkeep\n|turn|16\n|\n|t:|1700022538\n|move|p2a: Dragapult|Will-O-Wisp|p1a: big head\n|-status|p1a: big head|brn\n|move|p1a: big head|Eerie Spell|p2a: Dragapult\n|-damage|p2a: Dragapult|56\/100\n|-activate|p2a: Dragapult|move: Eerie Spell|Will-O-Wisp|3\n|\n|-heal|p2a: Dragapult|62\/100|[from] item: Leftovers\n|-damage|p1a: big head|94\/100 brn|[from] brn\n|upkeep\n|turn|17\n|\n|t:|1700022547\n|move|p2a: Dragapult|Hex|p1a: big head\n|-supereffective|p1a: big head\n|-damage|p1a: big head|54\/100 brn\n|move|p1a: big head|Eerie Spell|p2a: Dragapult\n|-damage|p2a: Dragapult|14\/100\n|-activate|p2a: Dragapult|move: Eerie Spell|Hex|3\n|\n|-end|p2a: Dragapult|move: Future Sight\n|-damage|p2a: Dragapult|0 fnt\n|faint|p2a: Dragapult\n|-damage|p1a: big head|48\/100 brn|[from] brn\n|upkeep\n|l| Meditate Golisopod\n|\n|t:|1700022551\n|switch|p2a: Great Tusk|Great Tusk|39\/100\n|turn|18\n|\n|t:|1700022554\n|move|p2a: Great Tusk|Earthquake|p1a: big head\n|-supereffective|p1a: big head\n|-damage|p1a: big head|0 fnt\n|faint|p1a: big head\n|\n|upkeep\n|\n|t:|1700022556\n|switch|p1a: brb sacking 5|Kingambit, F|100\/100\n|-activate|p1a: brb sacking 5|ability: Supreme Overlord\n|-start|p1a: brb sacking 5|fallen5|[silent]\n|turn|19\n|\n|t:|1700022560\n|-terastallize|p1a: brb sacking 5|Flying\n|move|p2a: Great Tusk|Earthquake|p1a: brb sacking 5\n|-immune|p1a: brb sacking 5\n|move|p1a: brb sacking 5|Swords Dance|p1a: brb sacking 5\n|-boost|p1a: brb sacking 5|atk|2\n|\n|upkeep\n|turn|20\n|\n|t:|1700022566\n|move|p2a: Great Tusk|Ice Spinner|p1a: brb sacking 5\n|-supereffective|p1a: brb sacking 5\n|-damage|p1a: brb sacking 5|68\/100\n|move|p1a: brb sacking 5|Iron Head|p2a: Great Tusk\n|-damage|p2a: Great Tusk|0 fnt\n|-damage|p1a: brb sacking 5|52\/100|[from] item: Rocky Helmet|[of] p2a: Great Tusk\n|faint|p2a: Great Tusk\n|-end|p2a: Great Tusk|Protosynthesis|[silent]\n|\n|upkeep\n|\n|t:|1700022578\n|switch|p2a: Kilowattrel|Kilowattrel, M|100\/100\n|turn|21\n|\n|t:|1700022581\n|move|p1a: brb sacking 5|Sucker Punch|p2a: Kilowattrel\n|-damage|p2a: Kilowattrel|0 fnt\n|faint|p2a: Kilowattrel\n|\n|upkeep\n|\n|t:|1700022583\n|switch|p2a: Ogerpon|Ogerpon-Cornerstone, F|88\/100\n|turn|22\n|\n|t:|1700022585\n|move|p1a: brb sacking 5|Sucker Punch||[still]\n|-fail|p1a: brb sacking 5\n|move|p2a: Ogerpon|Encore|p1a: brb sacking 5\n|-start|p1a: brb sacking 5|Encore\n|\n|upkeep\n|turn|23\n|c|\u2606CoolMeDownB|gg\n|\n|t:|1700022589\n|move|p1a: brb sacking 5|Sucker Punch||[still]\n|-fail|p1a: brb sacking 5\n|move|p2a: Ogerpon|Swords Dance|p2a: Ogerpon\n|-boost|p2a: Ogerpon|atk|2\n|\n|upkeep\n|turn|24\n|\n|t:|1700022593\n|move|p1a: brb sacking 5|Sucker Punch||[still]\n|-fail|p1a: brb sacking 5\n|move|p2a: Ogerpon|Swords Dance|p2a: Ogerpon\n|-boost|p2a: Ogerpon|atk|2\n|\n|upkeep\n|turn|25\n|\n|t:|1700022597\n|move|p1a: brb sacking 5|Sucker Punch||[still]\n|-fail|p1a: brb sacking 5\n|move|p2a: Ogerpon|Swords Dance|p2a: Ogerpon\n|-boost|p2a: Ogerpon|atk|2\n|\n|-end|p1a: brb sacking 5|Encore\n|upkeep\n|turn|26\n|\n|t:|1700022599\n|move|p2a: Ogerpon|Encore|p1a: brb sacking 5\n|-start|p1a: brb sacking 5|Encore\n|move|p1a: brb sacking 5|Sucker Punch||[still]\n|-fail|p1a: brb sacking 5\n|\n|upkeep\n|turn|27\n|\n|t:|1700022603\n|move|p1a: brb sacking 5|Sucker Punch||[still]\n|-fail|p1a: brb sacking 5\n|move|p2a: Ogerpon|Swords Dance|p2a: Ogerpon\n|-boost|p2a: Ogerpon|atk|0\n|\n|upkeep\n|turn|28\n|\n|t:|1700022607\n|move|p1a: brb sacking 5|Sucker Punch||[still]\n|-fail|p1a: brb sacking 5\n|move|p2a: Ogerpon|Swords Dance|p2a: Ogerpon\n|-boost|p2a: Ogerpon|atk|0\n|\n|-end|p1a: brb sacking 5|Encore\n|upkeep\n|turn|29\n|-message|CoolMeDownB forfeited.\n|\n|win|Eucalipto69!\n|raw|CoolMeDownB's rating: 1688 &rarr; <strong>1667<\/strong><br \/>(-21 for losing)\n|raw|Eucalipto69!'s rating: 1664 &rarr; <strong>1685<\/strong><br \/>(+21 for winning)\n|l| yacht\n|l|\u2606CoolMeDownB\n|l| Noob 0_o\n|c|\u2606Eucalipto69!|Gg xd\n","uploadtime":1700022630,"views":17,"p1id":"coolmedownb","p2id":"eucalipto69","formatid":"gen9ou","rating":1667,"private":0,"password":""}