{"id":"gen9ou-1995870118","p1":"guzmfran","p2":"austinsemple","format":"[Gen 9] OU","log":"|j|\u2606guzmfran\n|j|\u2606austinsemple\n|t:|1700611762\n|gametype|singles\n|player|p1|guzmfran|ninjaboy|\n|player|p2|austinsemple|blackbelt-gen4dp|\n|teamsize|p1|4\n|teamsize|p2|4\n|gen|9\n|tier|[Gen 9] OU\n|rule|Sleep Clause Mod: Limit one foe put to sleep\n|rule|Species Clause: Limit one of each Pok\u00e9mon\n|rule|OHKO Clause: OHKO moves are banned\n|rule|Evasion Items Clause: Evasion items are banned\n|rule|Evasion Moves Clause: Evasion moves are banned\n|rule|Endless Battle Clause: Forcing endless battles is banned\n|rule|HP Percentage Mod: HP is shown in percentages\n|clearpoke\n|poke|p1|Gholdengo|\n|poke|p1|Dragonite, F|\n|poke|p1|Skeledirge, F|\n|poke|p1|Corviknight, F|\n|poke|p2|Venomoth, F|\n|poke|p2|Clefable, M|\n|poke|p2|Gastrodon, F|\n|poke|p2|Goodra-Hisui, F|\n|teampreview\n|inactive|Battle timer is ON: inactive players will automatically lose when time's up. (requested by austinsemple)\n|\n|t:|1700611791\n|start\n|switch|p1a: Corviknight|Corviknight, F|100\/100\n|switch|p2a: Gastrodon|Gastrodon, F|100\/100\n|-ability|p1a: Corviknight|Pressure\n|turn|1\n|\n|t:|1700611807\n|switch|p2a: Venomoth|Venomoth, F|100\/100\n|move|p1a: Corviknight|Bulk Up|p1a: Corviknight\n|-boost|p1a: Corviknight|atk|1\n|-boost|p1a: Corviknight|def|1\n|\n|upkeep\n|turn|2\n|j| Horse95\n|\n|t:|1700611815\n|move|p2a: Venomoth|Sleep Powder|p1a: Corviknight\n|-status|p1a: Corviknight|slp|[from] move: Sleep Powder\n|cant|p1a: Corviknight|slp\n|\n|upkeep\n|turn|3\n|\n|t:|1700611829\n|switch|p2a: Clefable|Clefable, M|100\/100\n|switch|p1a: Skeledirge|Skeledirge, F|100\/100\n|\n|-status|p2a: Clefable|brn|[from] item: Flame Orb\n|upkeep\n|turn|4\n|\n|t:|1700611844\n|move|p1a: Skeledirge|Torch Song|p2a: Clefable\n|-damage|p2a: Clefable|75\/100 brn\n|-boost|p1a: Skeledirge|spa|1\n|move|p2a: Clefable|Cosmic Power|p2a: Clefable\n|-boost|p2a: Clefable|def|1\n|-boost|p2a: Clefable|spd|1\n|\n|upkeep\n|turn|5\n|\n|t:|1700611852\n|move|p1a: Skeledirge|Torch Song|p2a: Clefable\n|-damage|p2a: Clefable|37\/100 brn\n|-boost|p1a: Skeledirge|spa|1\n|move|p2a: Clefable|Cosmic Power|p2a: Clefable\n|-boost|p2a: Clefable|def|1\n|-boost|p2a: Clefable|spd|1\n|\n|upkeep\n|turn|6\n|\n|t:|1700611860\n|move|p1a: Skeledirge|Torch Song|p2a: Clefable\n|-damage|p2a: Clefable|0 fnt\n|-boost|p1a: Skeledirge|spa|1\n|faint|p2a: Clefable\n|\n|upkeep\n|\n|t:|1700611865\n|switch|p2a: Gastrodon|Gastrodon, F|100\/100\n|turn|7\n|\n|t:|1700611873\n|-terastallize|p1a: Skeledirge|Water\n|move|p1a: Skeledirge|Torch Song|p2a: Gastrodon\n|-resisted|p2a: Gastrodon\n|-damage|p2a: Gastrodon|66\/100\n|-boost|p1a: Skeledirge|spa|1\n|move|p2a: Gastrodon|Clear Smog|p1a: Skeledirge\n|-damage|p1a: Skeledirge|89\/100\n|-clearboost|p1a: Skeledirge\n|\n|-heal|p1a: Skeledirge|95\/100|[from] item: Leftovers\n|-heal|p2a: Gastrodon|72\/100|[from] item: Leftovers\n|upkeep\n|turn|8\n|\n|t:|1700611887\n|move|p1a: Skeledirge|Will-O-Wisp|p2a: Gastrodon\n|-status|p2a: Gastrodon|brn\n|move|p2a: Gastrodon|Earth Power|p1a: Skeledirge\n|-damage|p1a: Skeledirge|66\/100\n|\n|-heal|p1a: Skeledirge|72\/100|[from] item: Leftovers\n|-heal|p2a: Gastrodon|78\/100 brn|[from] item: Leftovers\n|-damage|p2a: Gastrodon|72\/100 brn|[from] brn\n|upkeep\n|turn|9\n|\n|t:|1700611899\n|switch|p1a: Dragonite|Dragonite, F|100\/100\n|move|p2a: Gastrodon|Earth Power|p1a: Dragonite\n|-immune|p1a: Dragonite\n|\n|-heal|p2a: Gastrodon|78\/100 brn|[from] item: Leftovers\n|-damage|p2a: Gastrodon|72\/100 brn|[from] brn\n|upkeep\n|turn|10\n|\n|t:|1700611909\n|move|p1a: Dragonite|Dragon Dance|p1a: Dragonite\n|-boost|p1a: Dragonite|atk|1\n|-boost|p1a: Dragonite|spe|1\n|move|p2a: Gastrodon|Chilling Water|p1a: Dragonite\n|-resisted|p1a: Dragonite\n|-damage|p1a: Dragonite|94\/100\n|-unboost|p1a: Dragonite|atk|1\n|\n|-heal|p2a: Gastrodon|78\/100 brn|[from] item: Leftovers\n|-damage|p2a: Gastrodon|72\/100 brn|[from] brn\n|upkeep\n|turn|11\n|\n|t:|1700611922\n|move|p1a: Dragonite|Outrage|p2a: Gastrodon\n|-damage|p2a: Gastrodon|4\/100 brn\n|move|p2a: Gastrodon|Clear Smog|p1a: Dragonite\n|-damage|p1a: Dragonite|77\/100\n|-clearboost|p1a: Dragonite\n|\n|-heal|p2a: Gastrodon|10\/100 brn|[from] item: Leftovers\n|-damage|p2a: Gastrodon|4\/100 brn|[from] brn\n|upkeep\n|turn|12\n|\n|t:|1700611934\n|move|p1a: Dragonite|Outrage|p2a: Gastrodon|[from]lockedmove\n|-damage|p2a: Gastrodon|0 fnt\n|faint|p2a: Gastrodon\n|\n|upkeep\n|\n|t:|1700611936\n|switch|p2a: Goodra|Goodra-Hisui, F|100\/100\n|turn|13\n|\n|t:|1700611941\n|move|p1a: Dragonite|Outrage|p2a: Goodra|[from]lockedmove\n|-damage|p2a: Goodra|38\/100\n|-start|p1a: Dragonite|confusion|[fatigue]\n|move|p2a: Goodra|Curse|p2a: Goodra\n|-unboost|p2a: Goodra|spe|1\n|-boost|p2a: Goodra|atk|1\n|-boost|p2a: Goodra|def|1\n|\n|-heal|p2a: Goodra|44\/100|[from] item: Leftovers\n|upkeep\n|turn|14\n|\n|t:|1700611958\n|switch|p1a: Skeledirge|Skeledirge, F, tera:Water|72\/100\n|-terastallize|p2a: Goodra|Bug\n|move|p2a: Goodra|Curse|p2a: Goodra\n|-unboost|p2a: Goodra|spe|1\n|-boost|p2a: Goodra|atk|1\n|-boost|p2a: Goodra|def|1\n|\n|-heal|p1a: Skeledirge|78\/100|[from] item: Leftovers\n|-heal|p2a: Goodra|50\/100|[from] item: Leftovers\n|upkeep\n|turn|15\n|\n|t:|1700611970\n|move|p1a: Skeledirge|Torch Song|p2a: Goodra\n|-supereffective|p2a: Goodra\n|-damage|p2a: Goodra|22\/100\n|-boost|p1a: Skeledirge|spa|1\n|move|p2a: Goodra|Thunder Punch|p1a: Skeledirge\n|-supereffective|p1a: Skeledirge\n|-damage|p1a: Skeledirge|51\/100\n|\n|-heal|p1a: Skeledirge|57\/100|[from] item: Leftovers\n|-heal|p2a: Goodra|28\/100|[from] item: Leftovers\n|upkeep\n|turn|16\n|\n|t:|1700611981\n|move|p1a: Skeledirge|Torch Song|p2a: Goodra\n|-supereffective|p2a: Goodra\n|-damage|p2a: Goodra|0 fnt\n|-boost|p1a: Skeledirge|spa|1\n|faint|p2a: Goodra\n|\n|-heal|p1a: Skeledirge|63\/100|[from] item: Leftovers\n|upkeep\n|\n|t:|1700611983\n|switch|p2a: Venomoth|Venomoth, F|100\/100\n|turn|17\n|\n|t:|1700611992\n|switch|p1a: Gholdengo|Gholdengo|100\/100\n|move|p2a: Venomoth|Sleep Powder|p1a: Gholdengo\n|-immune|p1a: Gholdengo|[from] ability: Good as Gold\n|\n|upkeep\n|turn|18\n|\n|t:|1700611999\n|move|p2a: Venomoth|Quiver Dance|p2a: Venomoth\n|-boost|p2a: Venomoth|spa|1\n|-boost|p2a: Venomoth|spd|1\n|-boost|p2a: Venomoth|spe|1\n|move|p1a: Gholdengo|Thunder Wave|p2a: Venomoth\n|-status|p2a: Venomoth|par\n|\n|upkeep\n|turn|19\n|\n|t:|1700612007\n|move|p2a: Venomoth|Quiver Dance|p2a: Venomoth\n|-boost|p2a: Venomoth|spa|1\n|-boost|p2a: Venomoth|spd|1\n|-boost|p2a: Venomoth|spe|1\n|move|p1a: Gholdengo|Hex|p2a: Venomoth\n|-damage|p2a: Venomoth|46\/100 par\n|\n|-heal|p2a: Venomoth|52\/100 par|[from] item: Leftovers\n|upkeep\n|turn|20\n|\n|t:|1700612016\n|move|p2a: Venomoth|Quiver Dance|p2a: Venomoth\n|-boost|p2a: Venomoth|spa|1\n|-boost|p2a: Venomoth|spd|1\n|-boost|p2a: Venomoth|spe|1\n|move|p1a: Gholdengo|Make It Rain|p2a: Venomoth\n|-damage|p2a: Venomoth|12\/100 par\n|-unboost|p1a: Gholdengo|spa|1\n|\n|-heal|p2a: Venomoth|18\/100 par|[from] item: Leftovers\n|upkeep\n|turn|21\n|j| Notgeeta101\n|\n|t:|1700612029\n|cant|p2a: Venomoth|par\n|move|p1a: Gholdengo|Hex|p2a: Venomoth\n|-damage|p2a: Venomoth|0 fnt\n|faint|p2a: Venomoth\n|\n|win|guzmfran\n","uploadtime":1700612037,"views":35,"p1id":"guzmfran","p2id":"austinsemple","formatid":"gen9ou","rating":0,"private":0,"password":""}