{"id":"gen9ou-1989294163","p1":"littensalt","p2":"Leonardobug","format":"[Gen 9] OU","log":"|j|\u2606littensalt\n|j|\u2606Leonardobug\n|t:|1699832925\n|gametype|singles\n|player|p1|littensalt|calem|1308\n|player|p2|Leonardobug|benga|1309\n|teamsize|p1|6\n|teamsize|p2|6\n|gen|9\n|tier|[Gen 9] OU\n|rated|\n|rule|Sleep Clause Mod: Limit one foe put to sleep\n|rule|Species Clause: Limit one of each Pok\u00e9mon\n|rule|OHKO Clause: OHKO moves are banned\n|rule|Evasion Items Clause: Evasion items are banned\n|rule|Evasion Moves Clause: Evasion moves are banned\n|rule|Endless Battle Clause: Forcing endless battles is banned\n|rule|HP Percentage Mod: HP is shown in percentages\n|clearpoke\n|poke|p1|Thundurus-Therian, M|\n|poke|p1|Weezing-Galar, M|\n|poke|p1|Cinderace, F|\n|poke|p1|Dragapult, F|\n|poke|p1|Greninja-*, M|\n|poke|p1|Zamazenta-*|\n|poke|p2|Breloom, M|\n|poke|p2|Ribombee, M|\n|poke|p2|Gholdengo|\n|poke|p2|Landorus-Therian, M|\n|poke|p2|Sneasler, F|\n|poke|p2|Corviknight, F|\n|teampreview\n|inactive|Battle timer is ON: inactive players will automatically lose when time's up. (requested by Leonardobug)\n|\n|t:|1699832932\n|start\n|switch|p1a: FRANCHISE|Cinderace, F|100\/100\n|switch|p2a: Ribombee|Ribombee, M|100\/100\n|turn|1\n|\n|t:|1699832938\n|move|p2a: Ribombee|Stun Spore|p1a: FRANCHISE\n|-status|p1a: FRANCHISE|par\n|move|p1a: FRANCHISE|Pyro Ball|p2a: Ribombee\n|-supereffective|p2a: Ribombee\n|-enditem|p2a: Ribombee|Focus Sash\n|-damage|p2a: Ribombee|1\/100\n|\n|upkeep\n|turn|2\n|\n|t:|1699832949\n|switch|p2a: Landorus|Landorus-Therian, M|100\/100\n|-ability|p2a: Landorus|Intimidate|boost\n|-unboost|p1a: FRANCHISE|atk|1\n|move|p1a: FRANCHISE|Pyro Ball|p2a: Landorus\n|-damage|p2a: Landorus|62\/100\n|\n|upkeep\n|turn|3\n|\n|t:|1699832956\n|switch|p1a: Thundurus|Thundurus-Therian, M, shiny|100\/100\n|move|p2a: Landorus|Stone Edge|p1a: Thundurus\n|-supereffective|p1a: Thundurus\n|-damage|p1a: Thundurus|0 fnt\n|faint|p1a: Thundurus\n|\n|upkeep\n|\n|t:|1699832972\n|switch|p1a: N95|Greninja, M|100\/100\n|turn|4\n|\n|t:|1699832978\n|switch|p2a: Corviknight|Corviknight, F|100\/100\n|move|p1a: N95|Hydro Pump|p2a: Corviknight\n|-damage|p2a: Corviknight|59\/100\n|-damage|p1a: N95|91\/100|[from] item: Life Orb\n|\n|-heal|p2a: Corviknight|66\/100|[from] item: Leftovers\n|upkeep\n|turn|5\n|\n|t:|1699832983\n|move|p1a: N95|Dark Pulse|p2a: Corviknight\n|-damage|p2a: Corviknight|32\/100\n|-damage|p1a: N95|81\/100|[from] item: Life Orb\n|move|p2a: Corviknight|U-turn|p1a: N95\n|-supereffective|p1a: N95\n|-damage|p1a: N95|34\/100\n|\n|t:|1699832992\n|switch|p2a: Ribombee|Ribombee, M|1\/100|[from] U-turn\n|\n|upkeep\n|turn|6\n|\n|t:|1699832995\n|move|p1a: N95|Water Shuriken|p2a: Ribombee\n|-damage|p2a: Ribombee|0 fnt\n|faint|p2a: Ribombee\n|-ability|p1a: N95|Battle Bond|boost\n|-boost|p1a: N95|atk|1\n|-boost|p1a: N95|spa|1\n|-boost|p1a: N95|spe|1\n|-activate|p1a: N95|ability: Battle Bond\n|-hitcount|p2: Ribombee|1\n|-damage|p1a: N95|24\/100|[from] item: Life Orb\n|\n|upkeep\n|\n|t:|1699832999\n|switch|p2a: Sneasler|Sneasler, F|100\/100\n|turn|7\n|\n|t:|1699833001\n|move|p2a: Sneasler|Fake Out|p1a: N95\n|-enditem|p2a: Sneasler|Normal Gem|[from] gem\n|-damage|p1a: N95|0 fnt\n|faint|p1a: N95\n|\n|upkeep\n|\n|t:|1699833007\n|switch|p1a: wheezy outta here|Weezing-Galar, M, shiny|100\/100\n|-ability|p1a: wheezy outta here|Neutralizing Gas\n|turn|8\n|\n|t:|1699833016\n|move|p2a: Sneasler|Dire Claw|p1a: wheezy outta here\n|-damage|p1a: wheezy outta here|70\/100\n|-damage|p2a: Sneasler|84\/100|[from] item: Rocky Helmet|[of] p1a: wheezy outta here\n|move|p1a: wheezy outta here|Will-O-Wisp|p2a: Sneasler\n|-status|p2a: Sneasler|brn\n|\n|-damage|p2a: Sneasler|78\/100 brn|[from] brn\n|upkeep\n|turn|9\n|\n|t:|1699833027\n|-end|p1a: wheezy outta here|ability: Neutralizing Gas\n|switch|p1a: FRANCHISE|Cinderace, F|100\/100 par\n|move|p2a: Sneasler|Dire Claw|p1a: FRANCHISE\n|-damage|p1a: FRANCHISE|65\/100 par\n|\n|-damage|p2a: Sneasler|72\/100 brn|[from] brn\n|upkeep\n|turn|10\n|\n|t:|1699833037\n|move|p2a: Sneasler|Close Combat|p1a: FRANCHISE\n|-damage|p1a: FRANCHISE|17\/100 par\n|-unboost|p2a: Sneasler|def|1\n|-unboost|p2a: Sneasler|spd|1\n|move|p1a: FRANCHISE|Pyro Ball|p2a: Sneasler\n|-damage|p2a: Sneasler|0 fnt\n|faint|p2a: Sneasler\n|\n|upkeep\n|\n|t:|1699833049\n|switch|p2a: Landorus|Landorus-Therian, M|62\/100\n|-ability|p2a: Landorus|Intimidate|boost\n|-unboost|p1a: FRANCHISE|atk|1\n|turn|11\n|\n|t:|1699833053\n|move|p1a: FRANCHISE|Sucker Punch|p2a: Landorus\n|-start|p1a: FRANCHISE|typechange|Dark|[from] ability: Libero\n|-damage|p2a: Landorus|39\/100\n|move|p2a: Landorus|Rock Tomb|p1a: FRANCHISE\n|-damage|p1a: FRANCHISE|0 fnt\n|faint|p1a: FRANCHISE\n|\n|upkeep\n|\n|t:|1699833060\n|switch|p1a: KIDS SEE GHOST|Dragapult, F, shiny|100\/100\n|turn|12\n|\n|t:|1699833066\n|move|p1a: KIDS SEE GHOST|Shadow Ball|p2a: Landorus\n|-damage|p2a: Landorus|7\/100\n|move|p2a: Landorus|U-turn|p1a: KIDS SEE GHOST\n|-resisted|p1a: KIDS SEE GHOST\n|-damage|p1a: KIDS SEE GHOST|87\/100\n|\n|t:|1699833071\n|switch|p2a: Breloom|Breloom, M|100\/100|[from] U-turn\n|\n|-status|p2a: Breloom|tox|[from] item: Toxic Orb\n|upkeep\n|turn|13\n|\n|t:|1699833075\n|switch|p1a: wheezy outta here|Weezing-Galar, M, shiny|70\/100\n|-ability|p1a: wheezy outta here|Neutralizing Gas\n|move|p2a: Breloom|Spore|p1a: wheezy outta here\n|-status|p1a: wheezy outta here|slp|[from] move: Spore\n|\n|-damage|p2a: Breloom|94\/100 tox|[from] psn\n|upkeep\n|turn|14\n|\n|t:|1699833085\n|switch|p2a: Gholdengo|Gholdengo|100\/100\n|-item|p2a: Gholdengo|Air Balloon\n|cant|p1a: wheezy outta here|slp\n|\n|upkeep\n|turn|15\n|\n|t:|1699833101\n|-end|p1a: wheezy outta here|ability: Neutralizing Gas\n|switch|p1a: Zamazenta|Zamazenta|100\/100\n|-ability|p1a: Zamazenta|Dauntless Shield|boost\n|-boost|p1a: Zamazenta|def|1\n|move|p2a: Gholdengo|Make It Rain|p1a: Zamazenta\n|-crit|p1a: Zamazenta\n|-damage|p1a: Zamazenta|24\/100\n|-unboost|p2a: Gholdengo|spa|1\n|\n|-heal|p1a: Zamazenta|30\/100|[from] item: Leftovers\n|upkeep\n|turn|16\n|\n|t:|1699833114\n|move|p1a: Zamazenta|Crunch|p2a: Gholdengo\n|-supereffective|p2a: Gholdengo\n|-damage|p2a: Gholdengo|55\/100\n|-enditem|p2a: Gholdengo|Air Balloon\n|move|p2a: Gholdengo|Make It Rain|p1a: Zamazenta\n|-damage|p1a: Zamazenta|0 fnt\n|-unboost|p2a: Gholdengo|spa|1\n|faint|p1a: Zamazenta\n|\n|upkeep\n|\n|t:|1699833121\n|switch|p1a: KIDS SEE GHOST|Dragapult, F, shiny|87\/100\n|turn|17\n|\n|t:|1699833131\n|switch|p2a: Landorus|Landorus-Therian, M|7\/100\n|-ability|p2a: Landorus|Intimidate|boost\n|-unboost|p1a: KIDS SEE GHOST|atk|1\n|-terastallize|p1a: KIDS SEE GHOST|Ghost\n|move|p1a: KIDS SEE GHOST|Shadow Ball|p2a: Landorus\n|-damage|p2a: Landorus|0 fnt\n|faint|p2a: Landorus\n|\n|upkeep\n|\n|t:|1699833140\n|switch|p2a: Corviknight|Corviknight, F|32\/100\n|turn|18\n|\n|t:|1699833143\n|move|p1a: KIDS SEE GHOST|Shadow Ball|p2a: Corviknight\n|-damage|p2a: Corviknight|0 fnt\n|faint|p2a: Corviknight\n|\n|upkeep\n|\n|t:|1699833146\n|switch|p2a: Breloom|Breloom, M|94\/100 tox\n|turn|19\n|\n|t:|1699833149\n|move|p1a: KIDS SEE GHOST|Shadow Ball|p2a: Breloom\n|-damage|p2a: Breloom|26\/100 tox\n|move|p2a: Breloom|Leech Seed|p1a: KIDS SEE GHOST\n|-start|p1a: KIDS SEE GHOST|move: Leech Seed\n|\n|-damage|p1a: KIDS SEE GHOST|74\/100|[from] Leech Seed|[of] p2a: Breloom\n|-heal|p2a: Breloom|38\/100 tox|[silent]\n|-heal|p2a: Breloom|50\/100 tox|[from] ability: Poison Heal\n|upkeep\n|turn|20\n|\n|t:|1699833156\n|switch|p1a: wheezy outta here|Weezing-Galar, M, shiny|70\/100 slp\n|-ability|p1a: wheezy outta here|Neutralizing Gas\n|move|p2a: Breloom|Bulk Up|p2a: Breloom\n|-boost|p2a: Breloom|atk|1\n|-boost|p2a: Breloom|def|1\n|\n|-damage|p2a: Breloom|38\/100 tox|[from] psn\n|upkeep\n|turn|21\n|\n|t:|1699833164\n|move|p2a: Breloom|Leech Seed|p1a: wheezy outta here\n|-start|p1a: wheezy outta here|move: Leech Seed\n|cant|p1a: wheezy outta here|slp\n|\n|-damage|p1a: wheezy outta here|58\/100 slp|[from] Leech Seed|[of] p2a: Breloom\n|-heal|p2a: Breloom|50\/100 tox|[silent]\n|-damage|p2a: Breloom|32\/100 tox|[from] psn\n|upkeep\n|turn|22\n|\n|t:|1699833170\n|move|p2a: Breloom|Drain Punch|p1a: wheezy outta here\n|-resisted|p1a: wheezy outta here\n|-damage|p1a: wheezy outta here|50\/100 slp\n|-heal|p2a: Breloom|36\/100 tox|[from] drain|[of] p1a: wheezy outta here\n|-damage|p2a: Breloom|19\/100 tox|[from] item: Rocky Helmet|[of] p1a: wheezy outta here\n|-curestatus|p1a: wheezy outta here|slp|[msg]\n|move|p1a: wheezy outta here|Strange Steam|p2a: Breloom\n|-supereffective|p2a: Breloom\n|-damage|p2a: Breloom|0 fnt\n|faint|p2a: Breloom\n|\n|upkeep\n|\n|t:|1699833178\n|switch|p2a: Gholdengo|Gholdengo|55\/100\n|turn|23\n|\n|t:|1699833182\n|move|p2a: Gholdengo|Shadow Ball|p1a: wheezy outta here\n|-damage|p1a: wheezy outta here|0 fnt\n|faint|p1a: wheezy outta here\n|-end|p1a: wheezy outta here|ability: Neutralizing Gas\n|\n|upkeep\n|\n|t:|1699833185\n|switch|p1a: KIDS SEE GHOST|Dragapult, F, shiny, tera:Ghost|74\/100\n|turn|24\n|\n|t:|1699833191\n|-terastallize|p2a: Gholdengo|Steel\n|move|p1a: KIDS SEE GHOST|Shadow Ball|p2a: Gholdengo\n|-damage|p2a: Gholdengo|0 fnt\n|faint|p2a: Gholdengo\n|\n|win|littensalt\n|raw|littensalt's rating: 1308 &rarr; <strong>1328<\/strong><br \/>(+20 for winning)\n|raw|Leonardobug's rating: 1309 &rarr; <strong>1289<\/strong><br \/>(-20 for losing)\n|l|\u2606Leonardobug\n","uploadtime":1699833201,"views":9,"p1id":"littensalt","p2id":"leonardobug","formatid":"gen9ou","rating":1289,"private":0,"password":""}