{"id":"gen9ou-1991420593","p1":"SonderOfAll","p2":"Dabmast3r","format":"[Gen 9] OU","log":"|j|\u2606SonderOfAll\n|j|\u2606Dabmast3r\n|t:|1700075644\n|gametype|singles\n|player|p1|SonderOfAll|blackbelt-gen4dp|1236\n|player|p2|Dabmast3r|101|1137\n|teamsize|p1|6\n|teamsize|p2|6\n|gen|9\n|tier|[Gen 9] OU\n|rated|\n|rule|Sleep Clause Mod: Limit one foe put to sleep\n|rule|Species Clause: Limit one of each Pok\u00e9mon\n|rule|OHKO Clause: OHKO moves are banned\n|rule|Evasion Items Clause: Evasion items are banned\n|rule|Evasion Moves Clause: Evasion moves are banned\n|rule|Endless Battle Clause: Forcing endless battles is banned\n|rule|HP Percentage Mod: HP is shown in percentages\n|clearpoke\n|poke|p1|Great Tusk|\n|poke|p1|Sinistcha-Masterpiece|\n|poke|p1|Moltres|\n|poke|p1|Weezing-Galar, M|\n|poke|p1|Corviknight, F|\n|poke|p1|Sneasler, F|\n|poke|p2|Ariados, F|\n|poke|p2|Arbok, M|\n|poke|p2|Iron Moth|\n|poke|p2|Toxapex, M|\n|poke|p2|Clodsire, F|\n|poke|p2|Overqwil, F|\n|teampreview\n|inactive|Battle timer is ON: inactive players will automatically lose when time's up. (requested by Dabmast3r)\n|\n|t:|1700075658\n|start\n|switch|p1a: Poison Smogfish|Weezing-Galar, M|100\/100\n|switch|p2a: Iron Moth|Iron Moth|100\/100\n|-ability|p1a: Poison Smogfish|Neutralizing Gas\n|turn|1\n|\n|t:|1700075678\n|-terastallize|p2a: Iron Moth|Fire\n|move|p2a: Iron Moth|Overheat|p1a: Poison Smogfish\n|-damage|p1a: Poison Smogfish|0 fnt\n|-unboost|p2a: Iron Moth|spa|2\n|faint|p1a: Poison Smogfish\n|-end|p1a: Poison Smogfish|ability: Neutralizing Gas\n|\n|upkeep\n|\n|t:|1700075685\n|switch|p1a: Mammoth Trunko|Great Tusk|100\/100\n|turn|2\n|\n|t:|1700075692\n|-end|p2a: Iron Moth|Quark Drive|[silent]\n|switch|p2a: Toxapex|Toxapex, M|100\/100\n|-item|p2a: Toxapex|Air Balloon\n|move|p1a: Mammoth Trunko|Headlong Rush|p2a: Toxapex\n|-immune|p2a: Toxapex\n|\n|upkeep\n|turn|3\n|\n|t:|1700075701\n|-end|p1a: Mammoth Trunko|Protosynthesis|[silent]\n|switch|p1a: Cementree|Sinistcha-Masterpiece|100\/100\n|move|p2a: Toxapex|Iron Defense|p2a: Toxapex\n|-boost|p2a: Toxapex|def|2\n|\n|upkeep\n|turn|4\n|\n|t:|1700075708\n|switch|p2a: Overqwil|Overqwil, F|100\/100\n|move|p1a: Cementree|Calm Mind|p1a: Cementree\n|-boost|p1a: Cementree|spa|1\n|-boost|p1a: Cementree|spd|1\n|\n|upkeep\n|turn|5\n|\n|t:|1700075716\n|-terastallize|p1a: Cementree|Grass\n|move|p2a: Overqwil|Crunch|p1a: Cementree\n|-damage|p1a: Cementree|75\/100\n|-unboost|p1a: Cementree|def|1\n|move|p1a: Cementree|Matcha Gotcha|p2a: Overqwil\n|-resisted|p2a: Overqwil\n|-damage|p2a: Overqwil|48\/100\n|-heal|p1a: Cementree|99\/100|[from] drain|[of] p2a: Overqwil\n|-status|p2a: Overqwil|brn\n|\n|-heal|p1a: Cementree|100\/100|[from] item: Leftovers\n|-damage|p2a: Overqwil|42\/100 brn|[from] brn\n|upkeep\n|turn|6\n|\n|t:|1700075742\n|switch|p2a: Clodsire|Clodsire, F|100\/100\n|move|p1a: Cementree|Calm Mind|p1a: Cementree\n|-boost|p1a: Cementree|spa|1\n|-boost|p1a: Cementree|spd|1\n|\n|upkeep\n|turn|7\n|\n|t:|1700075749\n|move|p1a: Cementree|Matcha Gotcha|p2a: Clodsire\n|-damage|p2a: Clodsire|69\/100\n|-status|p2a: Clodsire|brn\n|move|p2a: Clodsire|Toxic|p1a: Cementree\n|-status|p1a: Cementree|tox\n|\n|-heal|p2a: Clodsire|76\/100 brn|[from] item: Leftovers\n|-damage|p1a: Cementree|94\/100 tox|[from] psn\n|-damage|p2a: Clodsire|69\/100 brn|[from] brn\n|upkeep\n|turn|8\n|\n|t:|1700075766\n|switch|p1a: Cragback|Corviknight, F|100\/100\n|-ability|p1a: Cragback|Pressure\n|move|p2a: Clodsire|Protect||[still]\n|-fail|p2a: Clodsire\n|\n|-heal|p2a: Clodsire|76\/100 brn|[from] item: Leftovers\n|-damage|p2a: Clodsire|69\/100 brn|[from] brn\n|upkeep\n|turn|9\n|inactive|Dabmast3r has 120 seconds left.\n|\n|t:|1700075786\n|switch|p2a: Iron Moth|Iron Moth, tera:Fire|100\/100\n|move|p1a: Cragback|Body Press|p2a: Iron Moth\n|-damage|p2a: Iron Moth|58\/100\n|\n|upkeep\n|turn|10\n|inactive|Dabmast3r has 120 seconds left.\n|\n|t:|1700075795\n|switch|p1a: Brighteye|Moltres|100\/100\n|move|p2a: Iron Moth|Overheat|p1a: Brighteye\n|-resisted|p1a: Brighteye\n|-damage|p1a: Brighteye|31\/100\n|-unboost|p2a: Iron Moth|spa|2\n|\n|upkeep\n|turn|11\n|inactive|Dabmast3r has 120 seconds left.\n|\n|t:|1700075811\n|-end|p2a: Iron Moth|Quark Drive|[silent]\n|switch|p2a: Overqwil|Overqwil, F|42\/100 brn\n|move|p1a: Brighteye|Roost|p1a: Brighteye\n|-heal|p1a: Brighteye|81\/100\n|-singleturn|p1a: Brighteye|move: Roost\n|\n|-damage|p2a: Overqwil|36\/100 brn|[from] brn\n|upkeep\n|turn|12\n|inactive|Dabmast3r has 120 seconds left.\n|\n|t:|1700075821\n|move|p2a: Overqwil|Liquidation|p1a: Brighteye\n|-supereffective|p1a: Brighteye\n|-damage|p1a: Brighteye|63\/100\n|-unboost|p1a: Brighteye|def|1\n|move|p1a: Brighteye|U-turn|p2a: Overqwil\n|-damage|p2a: Overqwil|20\/100 brn\n|\n|t:|1700075831\n|switch|p1a: Mammoth Trunko|Great Tusk|100\/100|[from] U-turn\n|\n|-damage|p2a: Overqwil|14\/100 brn|[from] brn\n|upkeep\n|turn|13\n|\n|t:|1700075837\n|move|p1a: Mammoth Trunko|Knock Off|p2a: Overqwil\n|-resisted|p2a: Overqwil\n|-damage|p2a: Overqwil|0 fnt\n|-enditem|p2a: Overqwil|Choice Scarf|[from] move: Knock Off|[of] p1a: Mammoth Trunko\n|faint|p2a: Overqwil\n|\n|upkeep\n|inactive|Dabmast3r has 120 seconds left.\n|\n|t:|1700075855\n|switch|p2a: Iron Moth|Iron Moth, tera:Fire|58\/100\n|turn|14\n|\n|t:|1700075859\n|move|p1a: Mammoth Trunko|Knock Off|p2a: Iron Moth\n|-damage|p2a: Iron Moth|0 fnt\n|-enditem|p2a: Iron Moth|Choice Specs|[from] move: Knock Off|[of] p1a: Mammoth Trunko\n|faint|p2a: Iron Moth\n|-end|p2a: Iron Moth|Quark Drive|[silent]\n|\n|upkeep\n|inactive|Dabmast3r has 120 seconds left.\n|\n|t:|1700075874\n|switch|p2a: Toxapex|Toxapex, M|100\/100\n|-item|p2a: Toxapex|Air Balloon\n|turn|15\n|inactive|Dabmast3r has 120 seconds left.\n|\n|t:|1700075882\n|move|p1a: Mammoth Trunko|Knock Off|p2a: Toxapex\n|-damage|p2a: Toxapex|81\/100\n|-enditem|p2a: Toxapex|Air Balloon\n|move|p2a: Toxapex|Iron Defense|p2a: Toxapex\n|-boost|p2a: Toxapex|def|2\n|\n|upkeep\n|turn|16\n|\n|t:|1700075891\n|-end|p1a: Mammoth Trunko|Protosynthesis|[silent]\n|switch|p1a: Brighteye|Moltres|63\/100\n|move|p2a: Toxapex|Iron Defense|p2a: Toxapex\n|-boost|p2a: Toxapex|def|2\n|\n|upkeep\n|turn|17\n|\n|t:|1700075897\n|move|p1a: Brighteye|Will-O-Wisp|p2a: Toxapex\n|-status|p2a: Toxapex|brn\n|move|p2a: Toxapex|Infestation|p1a: Brighteye\n|-resisted|p1a: Brighteye\n|-damage|p1a: Brighteye|62\/100\n|-activate|p1a: Brighteye|move: Infestation|[of] p2a: Toxapex\n|\n|-damage|p2a: Toxapex|75\/100 brn|[from] brn\n|-damage|p1a: Brighteye|50\/100|[from] move: Infestation|[partiallytrapped]\n|upkeep\n|turn|18\n|\n|t:|1700075907\n|move|p1a: Brighteye|U-turn|p2a: Toxapex\n|-resisted|p2a: Toxapex\n|-damage|p2a: Toxapex|74\/100 brn\n|\n|t:|1700075910\n|switch|p1a: Cementree|Sinistcha-Masterpiece, tera:Grass|94\/100 tox|[from] U-turn\n|move|p2a: Toxapex|Iron Defense|p2a: Toxapex\n|-boost|p2a: Toxapex|def|2\n|\n|-heal|p1a: Cementree|100\/100 tox|[from] item: Leftovers\n|-damage|p1a: Cementree|94\/100 tox|[from] psn\n|-damage|p2a: Toxapex|67\/100 brn|[from] brn\n|upkeep\n|turn|19\n|\n|t:|1700075922\n|move|p1a: Cementree|Matcha Gotcha|p2a: Toxapex\n|-damage|p2a: Toxapex|28\/100 brn\n|-heal|p1a: Cementree|100\/100 tox|[from] drain|[of] p2a: Toxapex\n|move|p2a: Toxapex|Recover|p2a: Toxapex\n|-heal|p2a: Toxapex|78\/100 brn\n|\n|-damage|p1a: Cementree|88\/100 tox|[from] psn\n|-damage|p2a: Toxapex|72\/100 brn|[from] brn\n|upkeep\n|turn|20\n|inactive|Dabmast3r has 120 seconds left.\n|\n|t:|1700075952\n|switch|p2a: Clodsire|Clodsire, F|69\/100 brn\n|move|p1a: Cementree|Calm Mind|p1a: Cementree\n|-boost|p1a: Cementree|spa|1\n|-boost|p1a: Cementree|spd|1\n|\n|-heal|p1a: Cementree|94\/100 tox|[from] item: Leftovers\n|-heal|p2a: Clodsire|76\/100 brn|[from] item: Leftovers\n|-damage|p1a: Cementree|76\/100 tox|[from] psn\n|-damage|p2a: Clodsire|69\/100 brn|[from] brn\n|upkeep\n|turn|21\n|inactive|Dabmast3r has 120 seconds left.\n|\n|t:|1700075976\n|switch|p1a: Cragback|Corviknight, F|100\/100\n|-ability|p1a: Cragback|Pressure\n|move|p2a: Clodsire|Earthquake|p1a: Cragback\n|-immune|p1a: Cragback\n|\n|-heal|p2a: Clodsire|76\/100 brn|[from] item: Leftovers\n|-damage|p2a: Clodsire|69\/100 brn|[from] brn\n|upkeep\n|turn|22\n|\n|t:|1700075990\n|switch|p2a: Toxapex|Toxapex, M|100\/100 brn\n|move|p1a: Cragback|U-turn|p2a: Toxapex\n|-resisted|p2a: Toxapex\n|-damage|p2a: Toxapex|96\/100 brn\n|\n|t:|1700075996\n|switch|p1a: Mammoth Trunko|Great Tusk|100\/100|[from] U-turn\n|\n|-damage|p2a: Toxapex|90\/100 brn|[from] brn\n|upkeep\n|turn|23\n|inactive|Dabmast3r has 120 seconds left.\n|\n|t:|1700076003\n|move|p2a: Toxapex|Baneful Bunker|p2a: Toxapex\n|-singleturn|p2a: Toxapex|move: Protect\n|move|p1a: Mammoth Trunko|Headlong Rush|p2a: Toxapex\n|-activate|p2a: Toxapex|move: Protect\n|-status|p1a: Mammoth Trunko|psn\n|\n|-damage|p1a: Mammoth Trunko|88\/100 psn|[from] psn\n|-damage|p2a: Toxapex|84\/100 brn|[from] brn\n|upkeep\n|turn|24\n|inactive|Dabmast3r has 120 seconds left.\n|\n|t:|1700076018\n|switch|p2a: Arbok|Arbok, M|100\/100\n|-ability|p2a: Arbok|Intimidate|boost\n|-unboost|p1a: Mammoth Trunko|atk|1\n|move|p1a: Mammoth Trunko|Headlong Rush|p2a: Arbok\n|-supereffective|p2a: Arbok\n|-damage|p2a: Arbok|18\/100\n|-unboost|p1a: Mammoth Trunko|def|1\n|-unboost|p1a: Mammoth Trunko|spd|1\n|\n|-damage|p1a: Mammoth Trunko|76\/100 psn|[from] psn\n|upkeep\n|turn|25\n|inactive|Dabmast3r has 120 seconds left.\n|\n|t:|1700076031\n|move|p1a: Mammoth Trunko|Headlong Rush|p2a: Arbok\n|-supereffective|p2a: Arbok\n|-damage|p2a: Arbok|0 fnt\n|-unboost|p1a: Mammoth Trunko|def|1\n|-unboost|p1a: Mammoth Trunko|spd|1\n|faint|p2a: Arbok\n|\n|-damage|p1a: Mammoth Trunko|63\/100 psn|[from] psn\n|upkeep\n|inactive|Dabmast3r has 120 seconds left.\n|\n|t:|1700076040\n|switch|p2a: Toxapex|Toxapex, M|100\/100 brn\n|turn|26\n|\n|t:|1700076043\n|move|p1a: Mammoth Trunko|Headlong Rush|p2a: Toxapex\n|-supereffective|p2a: Toxapex\n|-damage|p2a: Toxapex|50\/100 brn\n|-unboost|p1a: Mammoth Trunko|def|1\n|-unboost|p1a: Mammoth Trunko|spd|1\n|move|p2a: Toxapex|Infestation|p1a: Mammoth Trunko\n|-resisted|p1a: Mammoth Trunko\n|-damage|p1a: Mammoth Trunko|58\/100 psn\n|-activate|p1a: Mammoth Trunko|move: Infestation|[of] p2a: Toxapex\n|\n|-damage|p1a: Mammoth Trunko|46\/100 psn|[from] psn\n|-damage|p2a: Toxapex|44\/100 brn|[from] brn\n|-damage|p1a: Mammoth Trunko|33\/100 psn|[from] move: Infestation|[partiallytrapped]\n|upkeep\n|turn|27\n|\n|t:|1700076056\n|move|p2a: Toxapex|Baneful Bunker|p2a: Toxapex\n|-singleturn|p2a: Toxapex|move: Protect\n|move|p1a: Mammoth Trunko|Headlong Rush|p2a: Toxapex\n|-activate|p2a: Toxapex|move: Protect\n|\n|-damage|p1a: Mammoth Trunko|21\/100 psn|[from] psn\n|-damage|p2a: Toxapex|38\/100 brn|[from] brn\n|-damage|p1a: Mammoth Trunko|9\/100 psn|[from] move: Infestation|[partiallytrapped]\n|upkeep\n|turn|28\n|\n|t:|1700076067\n|switch|p2a: Ariados|Ariados, F|100\/100\n|move|p1a: Mammoth Trunko|Headlong Rush|p2a: Ariados\n|-damage|p2a: Ariados|49\/100\n|-unboost|p1a: Mammoth Trunko|def|1\n|-unboost|p1a: Mammoth Trunko|spd|1\n|\n|-damage|p1a: Mammoth Trunko|0 fnt|[from] psn\n|faint|p1a: Mammoth Trunko\n|-end|p1a: Mammoth Trunko|Protosynthesis|[silent]\n|upkeep\n|\n|t:|1700076076\n|switch|p1a: Birdbear|Sneasler, F|100\/100\n|turn|29\n|\n|t:|1700076087\n|move|p1a: Birdbear|Fake Out|p2a: Ariados\n|-enditem|p1a: Birdbear|Normal Gem|[from] gem\n|-damage|p2a: Ariados|22\/100\n|cant|p2a: Ariados|flinch\n|\n|upkeep\n|turn|30\n|\n|t:|1700076098\n|move|p1a: Birdbear|Dire Claw|p2a: Ariados\n|-resisted|p2a: Ariados\n|-damage|p2a: Ariados|0 fnt\n|faint|p2a: Ariados\n|\n|upkeep\n|\n|t:|1700076106\n|switch|p2a: Clodsire|Clodsire, F|69\/100 brn\n|turn|31\n|\n|t:|1700076111\n|move|p1a: Birdbear|Night Slash|p2a: Clodsire\n|-damage|p2a: Clodsire|51\/100 brn\n|move|p2a: Clodsire|Earthquake|p1a: Birdbear\n|-supereffective|p1a: Birdbear\n|-damage|p1a: Birdbear|51\/100\n|\n|-heal|p2a: Clodsire|58\/100 brn|[from] item: Leftovers\n|-damage|p2a: Clodsire|51\/100 brn|[from] brn\n|upkeep\n|turn|32\n|\n|t:|1700076122\n|switch|p1a: Brighteye|Moltres|50\/100\n|move|p2a: Clodsire|Recover|p2a: Clodsire\n|-heal|p2a: Clodsire|100\/100 brn\n|\n|-damage|p2a: Clodsire|94\/100 brn|[from] brn\n|upkeep\n|turn|33\n|\n|t:|1700076130\n|move|p1a: Brighteye|U-turn|p2a: Clodsire\n|-resisted|p2a: Clodsire\n|-damage|p2a: Clodsire|90\/100 brn\n|\n|t:|1700076133\n|switch|p1a: Cragback|Corviknight, F|100\/100|[from] U-turn\n|-ability|p1a: Cragback|Pressure\n|move|p2a: Clodsire|Toxic|p1a: Cragback\n|-immune|p1a: Cragback\n|\n|-heal|p2a: Clodsire|96\/100 brn|[from] item: Leftovers\n|-damage|p2a: Clodsire|90\/100 brn|[from] brn\n|upkeep\n|turn|34\n|\n|t:|1700076144\n|switch|p2a: Toxapex|Toxapex, M|71\/100 brn\n|move|p1a: Cragback|Body Press|p2a: Toxapex\n|-resisted|p2a: Toxapex\n|-damage|p2a: Toxapex|63\/100 brn\n|\n|-damage|p2a: Toxapex|57\/100 brn|[from] brn\n|upkeep\n|turn|35\n|\n|t:|1700076160\n|move|p1a: Cragback|U-turn|p2a: Toxapex\n|-resisted|p2a: Toxapex\n|-damage|p2a: Toxapex|53\/100 brn\n|\n|t:|1700076163\n|switch|p1a: Cementree|Sinistcha-Masterpiece, tera:Grass|76\/100 tox|[from] U-turn\n|move|p2a: Toxapex|Recover|p2a: Toxapex\n|-heal|p2a: Toxapex|100\/100 brn\n|\n|-heal|p1a: Cementree|82\/100 tox|[from] item: Leftovers\n|-damage|p1a: Cementree|76\/100 tox|[from] psn\n|-damage|p2a: Toxapex|94\/100 brn|[from] brn\n|upkeep\n|turn|36\n|\n|t:|1700076175\n|move|p1a: Cementree|Matcha Gotcha|p2a: Toxapex\n|-damage|p2a: Toxapex|61\/100 brn\n|-heal|p1a: Cementree|91\/100 tox|[from] drain|[of] p2a: Toxapex\n|move|p2a: Toxapex|Infestation|p1a: Cementree\n|-supereffective|p1a: Cementree\n|-damage|p1a: Cementree|85\/100 tox\n|-activate|p1a: Cementree|move: Infestation|[of] p2a: Toxapex\n|\n|-heal|p1a: Cementree|91\/100 tox|[from] item: Leftovers\n|-damage|p1a: Cementree|79\/100 tox|[from] psn\n|-damage|p2a: Toxapex|54\/100 brn|[from] brn\n|-damage|p1a: Cementree|66\/100 tox|[from] move: Infestation|[partiallytrapped]\n|upkeep\n|turn|37\n|\n|t:|1700076190\n|move|p1a: Cementree|Calm Mind|p1a: Cementree\n|-boost|p1a: Cementree|spa|1\n|-boost|p1a: Cementree|spd|1\n|move|p2a: Toxapex|Recover|p2a: Toxapex\n|-heal|p2a: Toxapex|100\/100 brn\n|\n|-heal|p1a: Cementree|72\/100 tox|[from] item: Leftovers\n|-damage|p1a: Cementree|54\/100 tox|[from] psn\n|-damage|p2a: Toxapex|94\/100 brn|[from] brn\n|-damage|p1a: Cementree|42\/100 tox|[from] move: Infestation|[partiallytrapped]\n|upkeep\n|turn|38\n|\n|t:|1700076201\n|move|p2a: Toxapex|Baneful Bunker|p2a: Toxapex\n|-singleturn|p2a: Toxapex|move: Protect\n|move|p1a: Cementree|Matcha Gotcha|p2a: Toxapex\n|-activate|p2a: Toxapex|move: Protect\n|\n|-heal|p1a: Cementree|48\/100 tox|[from] item: Leftovers\n|-damage|p1a: Cementree|23\/100 tox|[from] psn\n|-damage|p2a: Toxapex|88\/100 brn|[from] brn\n|-damage|p1a: Cementree|11\/100 tox|[from] move: Infestation|[partiallytrapped]\n|upkeep\n|turn|39\n|\n|t:|1700076214\n|switch|p2a: Clodsire|Clodsire, F|90\/100 brn\n|move|p1a: Cementree|Matcha Gotcha|p2a: Clodsire\n|-damage|p2a: Clodsire|56\/100 brn\n|-heal|p1a: Cementree|33\/100 tox|[from] drain|[of] p2a: Clodsire\n|\n|-heal|p1a: Cementree|39\/100 tox|[from] item: Leftovers\n|-heal|p2a: Clodsire|63\/100 brn|[from] item: Leftovers\n|-damage|p1a: Cementree|9\/100 tox|[from] psn\n|-damage|p2a: Clodsire|56\/100 brn|[from] brn\n|-end|p1a: Cementree|Infestation|[partiallytrapped]|[silent]\n|upkeep\n|turn|40\n|\n|t:|1700076227\n|move|p1a: Cementree|Strength Sap|p2a: Clodsire\n|-unboost|p2a: Clodsire|atk|1\n|-heal|p1a: Cementree|63\/100 tox\n|move|p2a: Clodsire|Recover|p2a: Clodsire\n|-heal|p2a: Clodsire|100\/100 brn\n|\n|-heal|p1a: Cementree|69\/100 tox|[from] item: Leftovers\n|-damage|p1a: Cementree|32\/100 tox|[from] psn\n|-damage|p2a: Clodsire|94\/100 brn|[from] brn\n|upkeep\n|turn|41\n|\n|t:|1700076239\n|switch|p1a: Cragback|Corviknight, F|100\/100\n|-ability|p1a: Cragback|Pressure\n|move|p2a: Clodsire|Protect||[still]\n|-fail|p2a: Clodsire\n|\n|-heal|p2a: Clodsire|100\/100 brn|[from] item: Leftovers\n|-damage|p2a: Clodsire|94\/100 brn|[from] brn\n|upkeep\n|turn|42\n|\n|t:|1700076249\n|switch|p2a: Toxapex|Toxapex, M|100\/100 brn\n|move|p1a: Cragback|Body Press|p2a: Toxapex\n|-resisted|p2a: Toxapex\n|-damage|p2a: Toxapex|92\/100 brn\n|\n|-damage|p2a: Toxapex|86\/100 brn|[from] brn\n|upkeep\n|turn|43\n|\n|t:|1700076260\n|move|p1a: Cragback|Body Press|p2a: Toxapex\n|-resisted|p2a: Toxapex\n|-damage|p2a: Toxapex|77\/100 brn\n|move|p2a: Toxapex|Infestation|p1a: Cragback\n|-resisted|p1a: Cragback\n|-damage|p1a: Cragback|99\/100\n|-activate|p1a: Cragback|move: Infestation|[of] p2a: Toxapex\n|-damage|p2a: Toxapex|61\/100 brn|[from] item: Rocky Helmet|[of] p1a: Cragback\n|\n|-damage|p2a: Toxapex|55\/100 brn|[from] brn\n|-damage|p1a: Cragback|88\/100|[from] move: Infestation|[partiallytrapped]\n|upkeep\n|turn|44\n|\n|t:|1700076273\n|move|p1a: Cragback|U-turn|p2a: Toxapex\n|-resisted|p2a: Toxapex\n|-damage|p2a: Toxapex|51\/100 brn\n|\n|t:|1700076278\n|switch|p1a: Birdbear|Sneasler, F|51\/100|[from] U-turn\n|move|p2a: Toxapex|Recover|p2a: Toxapex\n|-heal|p2a: Toxapex|100\/100 brn\n|\n|-damage|p2a: Toxapex|94\/100 brn|[from] brn\n|upkeep\n|turn|45\n|\n|t:|1700076292\n|move|p1a: Birdbear|Fake Out|p2a: Toxapex\n|-damage|p2a: Toxapex|85\/100 brn\n|cant|p2a: Toxapex|flinch\n|\n|-damage|p2a: Toxapex|78\/100 brn|[from] brn\n|upkeep\n|turn|46\n|\n|t:|1700076299\n|switch|p1a: Cragback|Corviknight, F|88\/100\n|-ability|p1a: Cragback|Pressure\n|move|p2a: Toxapex|Iron Defense|p2a: Toxapex\n|-boost|p2a: Toxapex|def|2\n|\n|-damage|p2a: Toxapex|72\/100 brn|[from] brn\n|upkeep\n|turn|47\n|\n|t:|1700076309\n|move|p1a: Cragback|Body Press|p2a: Toxapex\n|-resisted|p2a: Toxapex\n|-damage|p2a: Toxapex|68\/100 brn\n|move|p2a: Toxapex|Infestation|p1a: Cragback\n|-resisted|p1a: Cragback\n|-damage|p1a: Cragback|87\/100\n|-activate|p1a: Cragback|move: Infestation|[of] p2a: Toxapex\n|-damage|p2a: Toxapex|51\/100 brn|[from] item: Rocky Helmet|[of] p1a: Cragback\n|\n|-damage|p2a: Toxapex|45\/100 brn|[from] brn\n|-damage|p1a: Cragback|75\/100|[from] move: Infestation|[partiallytrapped]\n|upkeep\n|turn|48\n|\n|t:|1700076322\n|move|p1a: Cragback|U-turn|p2a: Toxapex\n|-resisted|p2a: Toxapex\n|-damage|p2a: Toxapex|43\/100 brn\n|\n|t:|1700076325\n|switch|p1a: Birdbear|Sneasler, F|51\/100|[from] U-turn\n|move|p2a: Toxapex|Recover|p2a: Toxapex\n|-heal|p2a: Toxapex|93\/100 brn\n|\n|-damage|p2a: Toxapex|87\/100 brn|[from] brn\n|upkeep\n|turn|49\n|\n|t:|1700076334\n|move|p1a: Birdbear|Fake Out|p2a: Toxapex\n|-damage|p2a: Toxapex|82\/100 brn\n|cant|p2a: Toxapex|flinch\n|\n|-damage|p2a: Toxapex|76\/100 brn|[from] brn\n|upkeep\n|turn|50\n|\n|t:|1700076341\n|switch|p1a: Cragback|Corviknight, F|75\/100\n|-ability|p1a: Cragback|Pressure\n|move|p2a: Toxapex|Infestation|p1a: Cragback\n|-resisted|p1a: Cragback\n|-damage|p1a: Cragback|74\/100\n|-activate|p1a: Cragback|move: Infestation|[of] p2a: Toxapex\n|-damage|p2a: Toxapex|60\/100 brn|[from] item: Rocky Helmet|[of] p1a: Cragback\n|\n|-damage|p2a: Toxapex|53\/100 brn|[from] brn\n|-damage|p1a: Cragback|62\/100|[from] move: Infestation|[partiallytrapped]\n|upkeep\n|turn|51\n|\n|t:|1700076355\n|switch|p2a: Clodsire|Clodsire, F|94\/100 brn\n|move|p1a: Cragback|Defog|p2a: Clodsire\n|-unboost|p2a: Clodsire|evasion|1\n|\n|-heal|p2a: Clodsire|100\/100 brn|[from] item: Leftovers\n|-damage|p2a: Clodsire|94\/100 brn|[from] brn\n|-end|p1a: Cragback|Infestation|[partiallytrapped]|[silent]\n|upkeep\n|turn|52\n|\n|t:|1700076371\n|move|p2a: Clodsire|Protect|p2a: Clodsire\n|-singleturn|p2a: Clodsire|Protect\n|move|p1a: Cragback|Body Press|p2a: Clodsire\n|-activate|p2a: Clodsire|move: Protect\n|\n|-heal|p2a: Clodsire|100\/100 brn|[from] item: Leftovers\n|-damage|p2a: Clodsire|94\/100 brn|[from] brn\n|upkeep\n|turn|53\n|\n|t:|1700076384\n|move|p1a: Cragback|U-turn|p2a: Clodsire\n|-resisted|p2a: Clodsire\n|-damage|p2a: Clodsire|90\/100 brn\n|\n|t:|1700076387\n|switch|p1a: Cementree|Sinistcha-Masterpiece, tera:Grass|32\/100 tox|[from] U-turn\n|move|p2a: Clodsire|Earthquake|p1a: Cementree\n|-resisted|p1a: Cementree\n|-damage|p1a: Cementree|28\/100 tox\n|\n|-heal|p1a: Cementree|34\/100 tox|[from] item: Leftovers\n|-heal|p2a: Clodsire|96\/100 brn|[from] item: Leftovers\n|-damage|p1a: Cementree|28\/100 tox|[from] psn\n|-damage|p2a: Clodsire|90\/100 brn|[from] brn\n|upkeep\n|turn|54\n|\n|t:|1700076402\n|move|p2a: Clodsire|Protect|p2a: Clodsire\n|-singleturn|p2a: Clodsire|Protect\n|move|p1a: Cementree|Strength Sap|p2a: Clodsire\n|-activate|p2a: Clodsire|move: Protect\n|\n|-heal|p1a: Cementree|34\/100 tox|[from] item: Leftovers\n|-heal|p2a: Clodsire|96\/100 brn|[from] item: Leftovers\n|-damage|p1a: Cementree|22\/100 tox|[from] psn\n|-damage|p2a: Clodsire|90\/100 brn|[from] brn\n|upkeep\n|turn|55\n|\n|t:|1700076415\n|move|p1a: Cementree|Strength Sap|p2a: Clodsire\n|-unboost|p2a: Clodsire|atk|1\n|-heal|p1a: Cementree|75\/100 tox\n|move|p2a: Clodsire|Earthquake|p1a: Cementree\n|-resisted|p1a: Cementree\n|-damage|p1a: Cementree|72\/100 tox\n|\n|-heal|p1a: Cementree|78\/100 tox|[from] item: Leftovers\n|-heal|p2a: Clodsire|96\/100 brn|[from] item: Leftovers\n|-damage|p1a: Cementree|60\/100 tox|[from] psn\n|-damage|p2a: Clodsire|90\/100 brn|[from] brn\n|upkeep\n|turn|56\n|\n|t:|1700076429\n|switch|p1a: Cragback|Corviknight, F|62\/100\n|-ability|p1a: Cragback|Pressure\n|switch|p2a: Toxapex|Toxapex, M|87\/100 brn\n|\n|-damage|p2a: Toxapex|80\/100 brn|[from] brn\n|upkeep\n|turn|57\n|\n|t:|1700076439\n|move|p1a: Cragback|Defog|p2a: Toxapex\n|-unboost|p2a: Toxapex|evasion|1\n|move|p2a: Toxapex|Infestation|p1a: Cragback\n|-resisted|p1a: Cragback\n|-damage|p1a: Cragback|61\/100\n|-activate|p1a: Cragback|move: Infestation|[of] p2a: Toxapex\n|-damage|p2a: Toxapex|64\/100 brn|[from] item: Rocky Helmet|[of] p1a: Cragback\n|\n|-damage|p2a: Toxapex|58\/100 brn|[from] brn\n|-damage|p1a: Cragback|49\/100|[from] move: Infestation|[partiallytrapped]\n|upkeep\n|turn|58\n|\n|t:|1700076451\n|switch|p2a: Clodsire|Clodsire, F|90\/100 brn\n|move|p1a: Cragback|Roost|p1a: Cragback\n|-heal|p1a: Cragback|99\/100\n|-singleturn|p1a: Cragback|move: Roost\n|\n|-heal|p2a: Clodsire|96\/100 brn|[from] item: Leftovers\n|-damage|p2a: Clodsire|90\/100 brn|[from] brn\n|-end|p1a: Cragback|Infestation|[partiallytrapped]|[silent]\n|upkeep\n|turn|59\n|\n|t:|1700076463\n|move|p1a: Cragback|U-turn|p2a: Clodsire\n|-resisted|p2a: Clodsire\n|-damage|p2a: Clodsire|84\/100 brn\n|\n|t:|1700076466\n|switch|p1a: Cementree|Sinistcha-Masterpiece, tera:Grass|60\/100 tox|[from] U-turn\n|move|p2a: Clodsire|Earthquake|p1a: Cementree\n|-resisted|p1a: Cementree\n|-damage|p1a: Cementree|55\/100 tox\n|\n|-heal|p1a: Cementree|61\/100 tox|[from] item: Leftovers\n|-heal|p2a: Clodsire|90\/100 brn|[from] item: Leftovers\n|-damage|p1a: Cementree|55\/100 tox|[from] psn\n|-damage|p2a: Clodsire|84\/100 brn|[from] brn\n|upkeep\n|turn|60\n|\n|t:|1700076481\n|switch|p2a: Toxapex|Toxapex, M|91\/100 brn\n|move|p1a: Cementree|Calm Mind|p1a: Cementree\n|-boost|p1a: Cementree|spa|1\n|-boost|p1a: Cementree|spd|1\n|\n|-heal|p1a: Cementree|61\/100 tox|[from] item: Leftovers\n|-damage|p1a: Cementree|49\/100 tox|[from] psn\n|-damage|p2a: Toxapex|85\/100 brn|[from] brn\n|upkeep\n|turn|61\n|\n|t:|1700076491\n|move|p1a: Cementree|Matcha Gotcha|p2a: Toxapex\n|-damage|p2a: Toxapex|29\/100 brn\n|-heal|p1a: Cementree|74\/100 tox|[from] drain|[of] p2a: Toxapex\n|move|p2a: Toxapex|Infestation|p1a: Cementree\n|-supereffective|p1a: Cementree\n|-damage|p1a: Cementree|68\/100 tox\n|-activate|p1a: Cementree|move: Infestation|[of] p2a: Toxapex\n|\n|-heal|p1a: Cementree|74\/100 tox|[from] item: Leftovers\n|-damage|p1a: Cementree|56\/100 tox|[from] psn\n|-damage|p2a: Toxapex|23\/100 brn|[from] brn\n|-damage|p1a: Cementree|44\/100 tox|[from] move: Infestation|[partiallytrapped]\n|upkeep\n|turn|62\n|\n|t:|1700076505\n|switch|p2a: Clodsire|Clodsire, F|84\/100 brn\n|move|p1a: Cementree|Matcha Gotcha|p2a: Clodsire\n|-damage|p2a: Clodsire|54\/100 brn\n|-heal|p1a: Cementree|64\/100 tox|[from] drain|[of] p2a: Clodsire\n|\n|-heal|p1a: Cementree|70\/100 tox|[from] item: Leftovers\n|-heal|p2a: Clodsire|60\/100 brn|[from] item: Leftovers\n|-damage|p1a: Cementree|46\/100 tox|[from] psn\n|-damage|p2a: Clodsire|54\/100 brn|[from] brn\n|-end|p1a: Cementree|Infestation|[partiallytrapped]|[silent]\n|upkeep\n|turn|63\n|\n|t:|1700076519\n|switch|p1a: Cragback|Corviknight, F|99\/100\n|-ability|p1a: Cragback|Pressure\n|move|p2a: Clodsire|Recover|p2a: Clodsire\n|-heal|p2a: Clodsire|100\/100 brn\n|\n|-damage|p2a: Clodsire|94\/100 brn|[from] brn\n|upkeep\n|turn|64\n|\n|t:|1700076529\n|switch|p2a: Toxapex|Toxapex, M|56\/100 brn\n|move|p1a: Cragback|Body Press|p2a: Toxapex\n|-resisted|p2a: Toxapex\n|-damage|p2a: Toxapex|48\/100 brn\n|\n|-damage|p2a: Toxapex|41\/100 brn|[from] brn\n|upkeep\n|turn|65\n|\n|t:|1700076538\n|switch|p2a: Clodsire|Clodsire, F|94\/100 brn\n|move|p1a: Cragback|U-turn|p2a: Clodsire\n|-resisted|p2a: Clodsire\n|-damage|p2a: Clodsire|89\/100 brn\n|\n|t:|1700076543\n|switch|p1a: Birdbear|Sneasler, F|51\/100|[from] U-turn\n|\n|-heal|p2a: Clodsire|95\/100 brn|[from] item: Leftovers\n|-damage|p2a: Clodsire|89\/100 brn|[from] brn\n|upkeep\n|turn|66\n|\n|t:|1700076550\n|move|p1a: Birdbear|Fake Out|p2a: Clodsire\n|-damage|p2a: Clodsire|77\/100 brn\n|cant|p2a: Clodsire|flinch\n|\n|-heal|p2a: Clodsire|84\/100 brn|[from] item: Leftovers\n|-damage|p2a: Clodsire|77\/100 brn|[from] brn\n|upkeep\n|turn|67\n|\n|t:|1700076559\n|switch|p1a: Cragback|Corviknight, F|99\/100\n|-ability|p1a: Cragback|Pressure\n|move|p2a: Clodsire|Earthquake|p1a: Cragback\n|-immune|p1a: Cragback\n|\n|-heal|p2a: Clodsire|84\/100 brn|[from] item: Leftovers\n|-damage|p2a: Clodsire|77\/100 brn|[from] brn\n|upkeep\n|turn|68\n|\n|t:|1700076569\n|switch|p2a: Toxapex|Toxapex, M|75\/100 brn\n|move|p1a: Cragback|Body Press|p2a: Toxapex\n|-resisted|p2a: Toxapex\n|-damage|p2a: Toxapex|66\/100 brn\n|\n|-damage|p2a: Toxapex|60\/100 brn|[from] brn\n|upkeep\n|turn|69\n|\n|t:|1700076578\n|switch|p2a: Clodsire|Clodsire, F|77\/100 brn\n|move|p1a: Cragback|U-turn|p2a: Clodsire\n|-resisted|p2a: Clodsire\n|-damage|p2a: Clodsire|72\/100 brn\n|\n|t:|1700076583\n|switch|p1a: Birdbear|Sneasler, F|51\/100|[from] U-turn\n|\n|-heal|p2a: Clodsire|79\/100 brn|[from] item: Leftovers\n|-damage|p2a: Clodsire|72\/100 brn|[from] brn\n|upkeep\n|turn|70\n|\n|t:|1700076591\n|switch|p1a: Cragback|Corviknight, F|99\/100\n|-ability|p1a: Cragback|Pressure\n|move|p2a: Clodsire|Protect||[still]\n|-fail|p2a: Clodsire\n|\n|-heal|p2a: Clodsire|79\/100 brn|[from] item: Leftovers\n|-damage|p2a: Clodsire|72\/100 brn|[from] brn\n|upkeep\n|turn|71\n|\n|t:|1700076601\n|move|p2a: Clodsire|Protect|p2a: Clodsire\n|-singleturn|p2a: Clodsire|Protect\n|move|p1a: Cragback|U-turn|p2a: Clodsire\n|-activate|p2a: Clodsire|move: Protect\n|\n|-heal|p2a: Clodsire|79\/100 brn|[from] item: Leftovers\n|-damage|p2a: Clodsire|72\/100 brn|[from] brn\n|upkeep\n|turn|72\n|\n|t:|1700076611\n|switch|p2a: Toxapex|Toxapex, M|93\/100 brn\n|move|p1a: Cragback|Defog|p2a: Toxapex\n|-unboost|p2a: Toxapex|evasion|1\n|\n|-damage|p2a: Toxapex|87\/100 brn|[from] brn\n|upkeep\n|turn|73\n|\n|t:|1700076620\n|move|p1a: Cragback|Body Press|p2a: Toxapex\n|-resisted|p2a: Toxapex\n|-damage|p2a: Toxapex|78\/100 brn\n|move|p2a: Toxapex|Infestation|p1a: Cragback\n|-resisted|p1a: Cragback\n|-damage|p1a: Cragback|98\/100\n|-activate|p1a: Cragback|move: Infestation|[of] p2a: Toxapex\n|-damage|p2a: Toxapex|62\/100 brn|[from] item: Rocky Helmet|[of] p1a: Cragback\n|\n|-damage|p2a: Toxapex|56\/100 brn|[from] brn\n|-damage|p1a: Cragback|86\/100|[from] move: Infestation|[partiallytrapped]\n|upkeep\n|turn|74\n|\n|t:|1700076634\n|move|p2a: Toxapex|Baneful Bunker|p2a: Toxapex\n|-singleturn|p2a: Toxapex|move: Protect\n|move|p1a: Cragback|U-turn|p2a: Toxapex\n|-activate|p2a: Toxapex|move: Protect\n|\n|-damage|p2a: Toxapex|50\/100 brn|[from] brn\n|-damage|p1a: Cragback|74\/100|[from] move: Infestation|[partiallytrapped]\n|upkeep\n|turn|75\n|\n|t:|1700076643\n|switch|p2a: Clodsire|Clodsire, F|72\/100 brn\n|move|p1a: Cragback|U-turn|p2a: Clodsire\n|-resisted|p2a: Clodsire\n|-damage|p2a: Clodsire|67\/100 brn\n|\n|t:|1700076649\n|switch|p1a: Birdbear|Sneasler, F|51\/100|[from] U-turn\n|\n|-heal|p2a: Clodsire|73\/100 brn|[from] item: Leftovers\n|-damage|p2a: Clodsire|67\/100 brn|[from] brn\n|upkeep\n|turn|76\n|\n|t:|1700076656\n|switch|p1a: Cragback|Corviknight, F|74\/100\n|-ability|p1a: Cragback|Pressure\n|move|p2a: Clodsire|Protect||[still]\n|-fail|p2a: Clodsire\n|\n|-heal|p2a: Clodsire|73\/100 brn|[from] item: Leftovers\n|-damage|p2a: Clodsire|67\/100 brn|[from] brn\n|upkeep\n|turn|77\n|\n|t:|1700076666\n|move|p2a: Clodsire|Protect|p2a: Clodsire\n|-singleturn|p2a: Clodsire|Protect\n|move|p1a: Cragback|U-turn|p2a: Clodsire\n|-activate|p2a: Clodsire|move: Protect\n|\n|-heal|p2a: Clodsire|73\/100 brn|[from] item: Leftovers\n|-damage|p2a: Clodsire|67\/100 brn|[from] brn\n|upkeep\n|turn|78\n|\n|t:|1700076677\n|switch|p2a: Toxapex|Toxapex, M|83\/100 brn\n|move|p1a: Cragback|U-turn|p2a: Toxapex\n|-resisted|p2a: Toxapex\n|-damage|p2a: Toxapex|78\/100 brn\n|\n|t:|1700076682\n|switch|p1a: Cementree|Sinistcha-Masterpiece, tera:Grass|46\/100 tox|[from] U-turn\n|\n|-heal|p1a: Cementree|52\/100 tox|[from] item: Leftovers\n|-damage|p1a: Cementree|46\/100 tox|[from] psn\n|-damage|p2a: Toxapex|72\/100 brn|[from] brn\n|upkeep\n|turn|79\n|\n|t:|1700076690\n|move|p1a: Cementree|Matcha Gotcha|p2a: Toxapex|[miss]\n|-miss|p1a: Cementree|p2a: Toxapex\n|move|p2a: Toxapex|Infestation|p1a: Cementree\n|-supereffective|p1a: Cementree\n|-damage|p1a: Cementree|39\/100 tox\n|-activate|p1a: Cementree|move: Infestation|[of] p2a: Toxapex\n|\n|-heal|p1a: Cementree|45\/100 tox|[from] item: Leftovers\n|-damage|p1a: Cementree|33\/100 tox|[from] psn\n|-damage|p2a: Toxapex|66\/100 brn|[from] brn\n|-damage|p1a: Cementree|20\/100 tox|[from] move: Infestation|[partiallytrapped]\n|upkeep\n|turn|80\n|\n|t:|1700076703\n|move|p2a: Toxapex|Baneful Bunker|p2a: Toxapex\n|-singleturn|p2a: Toxapex|move: Protect\n|move|p1a: Cementree|Matcha Gotcha|p2a: Toxapex\n|-activate|p2a: Toxapex|move: Protect\n|\n|-heal|p1a: Cementree|26\/100 tox|[from] item: Leftovers\n|-damage|p1a: Cementree|8\/100 tox|[from] psn\n|-damage|p2a: Toxapex|59\/100 brn|[from] brn\n|-damage|p1a: Cementree|0 fnt|[from] move: Infestation|[partiallytrapped]\n|faint|p1a: Cementree\n|upkeep\n|\n|t:|1700076715\n|switch|p1a: Birdbear|Sneasler, F|51\/100\n|turn|81\n|\n|t:|1700076727\n|move|p2a: Toxapex|Baneful Bunker||[still]\n|-fail|p2a: Toxapex\n|move|p1a: Birdbear|Fake Out|p2a: Toxapex\n|-crit|p2a: Toxapex\n|-damage|p2a: Toxapex|46\/100 brn\n|\n|-damage|p2a: Toxapex|39\/100 brn|[from] brn\n|upkeep\n|turn|82\n|\n|t:|1700076735\n|switch|p1a: Cragback|Corviknight, F|74\/100\n|-ability|p1a: Cragback|Pressure\n|switch|p2a: Clodsire|Clodsire, F|67\/100 brn\n|\n|-heal|p2a: Clodsire|73\/100 brn|[from] item: Leftovers\n|-damage|p2a: Clodsire|67\/100 brn|[from] brn\n|upkeep\n|turn|83\n|\n|t:|1700076745\n|switch|p2a: Toxapex|Toxapex, M|73\/100 brn\n|move|p1a: Cragback|Defog|p2a: Toxapex\n|-unboost|p2a: Toxapex|evasion|1\n|\n|-damage|p2a: Toxapex|66\/100 brn|[from] brn\n|upkeep\n|turn|84\n|\n|t:|1700076754\n|switch|p2a: Clodsire|Clodsire, F|67\/100 brn\n|move|p1a: Cragback|Defog|p2a: Clodsire\n|-unboost|p2a: Clodsire|evasion|1\n|\n|-heal|p2a: Clodsire|73\/100 brn|[from] item: Leftovers\n|-damage|p2a: Clodsire|67\/100 brn|[from] brn\n|upkeep\n|turn|85\n|\n|t:|1700076764\n|switch|p2a: Toxapex|Toxapex, M|99\/100 brn\n|move|p1a: Cragback|Body Press|p2a: Toxapex\n|-resisted|p2a: Toxapex\n|-damage|p2a: Toxapex|91\/100 brn\n|\n|-damage|p2a: Toxapex|85\/100 brn|[from] brn\n|upkeep\n|turn|86\n|\n|t:|1700076773\n|move|p1a: Cragback|U-turn|p2a: Toxapex\n|-resisted|p2a: Toxapex\n|-damage|p2a: Toxapex|80\/100 brn\n|\n|t:|1700076776\n|switch|p1a: Birdbear|Sneasler, F|51\/100|[from] U-turn\n|move|p2a: Toxapex|Infestation|p1a: Birdbear\n|-resisted|p1a: Birdbear\n|-damage|p1a: Birdbear|50\/100\n|-activate|p1a: Birdbear|move: Infestation|[of] p2a: Toxapex\n|\n|-damage|p2a: Toxapex|74\/100 brn|[from] brn\n|-damage|p1a: Birdbear|38\/100|[from] move: Infestation|[partiallytrapped]\n|upkeep\n|turn|87\n|\n|t:|1700076787\n|move|p2a: Toxapex|Baneful Bunker|p2a: Toxapex\n|-singleturn|p2a: Toxapex|move: Protect\n|move|p1a: Birdbear|Fake Out|p2a: Toxapex\n|-activate|p2a: Toxapex|move: Protect\n|\n|-damage|p2a: Toxapex|68\/100 brn|[from] brn\n|-damage|p1a: Birdbear|26\/100|[from] move: Infestation|[partiallytrapped]\n|upkeep\n|turn|88\n|\n|t:|1700076797\n|move|p1a: Birdbear|Night Slash|p2a: Toxapex\n|-damage|p2a: Toxapex|52\/100 brn\n|move|p2a: Toxapex|Recover|p2a: Toxapex\n|-heal|p2a: Toxapex|100\/100 brn\n|\n|-damage|p2a: Toxapex|94\/100 brn|[from] brn\n|-damage|p1a: Birdbear|13\/100|[from] move: Infestation|[partiallytrapped]\n|upkeep\n|turn|89\n|\n|t:|1700076807\n|move|p2a: Toxapex|Baneful Bunker|p2a: Toxapex\n|-singleturn|p2a: Toxapex|move: Protect\n|move|p1a: Birdbear|Night Slash|p2a: Toxapex\n|-activate|p2a: Toxapex|move: Protect\n|\n|-damage|p2a: Toxapex|88\/100 brn|[from] brn\n|-damage|p1a: Birdbear|1\/100|[from] move: Infestation|[partiallytrapped]\n|upkeep\n|turn|90\n|\n|t:|1700076816\n|move|p1a: Birdbear|Night Slash|p2a: Toxapex\n|-damage|p2a: Toxapex|71\/100 brn\n|move|p2a: Toxapex|Iron Defense|p2a: Toxapex\n|-boost|p2a: Toxapex|def|2\n|\n|-damage|p2a: Toxapex|65\/100 brn|[from] brn\n|-damage|p1a: Birdbear|0 fnt|[from] move: Infestation|[partiallytrapped]\n|faint|p1a: Birdbear\n|upkeep\n|\n|t:|1700076825\n|switch|p1a: Cragback|Corviknight, F|74\/100\n|-ability|p1a: Cragback|Pressure\n|turn|91\n|\n|t:|1700076831\n|move|p1a: Cragback|U-turn|p2a: Toxapex\n|-resisted|p2a: Toxapex\n|-damage|p2a: Toxapex|62\/100 brn\n|\n|t:|1700076833\n|switch|p1a: Brighteye|Moltres|50\/100|[from] U-turn\n|move|p2a: Toxapex|Infestation|p1a: Brighteye\n|-resisted|p1a: Brighteye\n|-damage|p1a: Brighteye|49\/100\n|-activate|p1a: Brighteye|move: Infestation|[of] p2a: Toxapex\n|\n|-damage|p2a: Toxapex|56\/100 brn|[from] brn\n|-damage|p1a: Brighteye|37\/100|[from] move: Infestation|[partiallytrapped]\n|upkeep\n|turn|92\n|\n|t:|1700076844\n|move|p2a: Toxapex|Baneful Bunker|p2a: Toxapex\n|-singleturn|p2a: Toxapex|move: Protect\n|move|p1a: Brighteye|Roost|p1a: Brighteye\n|-heal|p1a: Brighteye|87\/100\n|-singleturn|p1a: Brighteye|move: Roost\n|\n|-damage|p2a: Toxapex|50\/100 brn|[from] brn\n|-damage|p1a: Brighteye|74\/100|[from] move: Infestation|[partiallytrapped]\n|upkeep\n|turn|93\n|\n|t:|1700076855\n|move|p2a: Toxapex|Baneful Bunker|p2a: Toxapex\n|-singleturn|p2a: Toxapex|move: Protect\n|move|p1a: Brighteye|U-turn|p2a: Toxapex\n|-activate|p2a: Toxapex|move: Protect\n|-status|p1a: Brighteye|psn\n|\n|-damage|p1a: Brighteye|62\/100 psn|[from] psn\n|-damage|p2a: Toxapex|44\/100 brn|[from] brn\n|-damage|p1a: Brighteye|50\/100 psn|[from] move: Infestation|[partiallytrapped]\n|upkeep\n|turn|94\n|inactive|Dabmast3r has 120 seconds left.\n|\n|t:|1700076866\n|move|p1a: Brighteye|U-turn|p2a: Toxapex\n|-resisted|p2a: Toxapex\n|-damage|p2a: Toxapex|41\/100 brn\n|\n|t:|1700076869\n|switch|p1a: Cragback|Corviknight, F|74\/100|[from] U-turn\n|-ability|p1a: Cragback|Pressure\n|move|p2a: Toxapex|Recover|p2a: Toxapex\n|-heal|p2a: Toxapex|91\/100 brn\n|\n|-damage|p2a: Toxapex|85\/100 brn|[from] brn\n|upkeep\n|turn|95\n|\n|t:|1700076879\n|move|p1a: Cragback|Defog|p2a: Toxapex\n|-unboost|p2a: Toxapex|evasion|1\n|move|p2a: Toxapex|Infestation|p1a: Cragback\n|-resisted|p1a: Cragback\n|-damage|p1a: Cragback|73\/100\n|-activate|p1a: Cragback|move: Infestation|[of] p2a: Toxapex\n|-damage|p2a: Toxapex|69\/100 brn|[from] item: Rocky Helmet|[of] p1a: Cragback\n|\n|-damage|p2a: Toxapex|62\/100 brn|[from] brn\n|-damage|p1a: Cragback|61\/100|[from] move: Infestation|[partiallytrapped]\n|upkeep\n|turn|96\n|inactive|Dabmast3r has 120 seconds left.\n|\n|t:|1700076890\n|move|p2a: Toxapex|Baneful Bunker|p2a: Toxapex\n|-singleturn|p2a: Toxapex|move: Protect\n|move|p1a: Cragback|U-turn|p2a: Toxapex\n|-activate|p2a: Toxapex|move: Protect\n|\n|-damage|p2a: Toxapex|56\/100 brn|[from] brn\n|-damage|p1a: Cragback|49\/100|[from] move: Infestation|[partiallytrapped]\n|upkeep\n|turn|97\n|inactive|Dabmast3r has 120 seconds left.\n|\n|t:|1700076903\n|switch|p2a: Clodsire|Clodsire, F|67\/100 brn\n|move|p1a: Cragback|Roost|p1a: Cragback\n|-heal|p1a: Cragback|99\/100\n|-singleturn|p1a: Cragback|move: Roost\n|\n|-heal|p2a: Clodsire|73\/100 brn|[from] item: Leftovers\n|-damage|p2a: Clodsire|67\/100 brn|[from] brn\n|-end|p1a: Cragback|Infestation|[partiallytrapped]|[silent]\n|upkeep\n|turn|98\n|\n|t:|1700076915\n|switch|p2a: Toxapex|Toxapex, M|89\/100 brn\n|move|p1a: Cragback|Body Press|p2a: Toxapex\n|-resisted|p2a: Toxapex\n|-damage|p2a: Toxapex|81\/100 brn\n|\n|-damage|p2a: Toxapex|75\/100 brn|[from] brn\n|upkeep\n|turn|99\n|\n|t:|1700076924\n|move|p1a: Cragback|U-turn|p2a: Toxapex\n|-resisted|p2a: Toxapex\n|-damage|p2a: Toxapex|71\/100 brn\n|\n|t:|1700076927\n|switch|p1a: Brighteye|Moltres|50\/100 psn|[from] U-turn\n|move|p2a: Toxapex|Iron Defense|p2a: Toxapex\n|-boost|p2a: Toxapex|def|2\n|\n|-damage|p1a: Brighteye|38\/100 psn|[from] psn\n|-damage|p2a: Toxapex|64\/100 brn|[from] brn\n|upkeep\n|turn|100\n|\n|t:|1700076936\n|move|p1a: Brighteye|Roost|p1a: Brighteye\n|-heal|p1a: Brighteye|88\/100 psn\n|-singleturn|p1a: Brighteye|move: Roost\n|move|p2a: Toxapex|Infestation|p1a: Brighteye\n|-resisted|p1a: Brighteye\n|-damage|p1a: Brighteye|86\/100 psn\n|-activate|p1a: Brighteye|move: Infestation|[of] p2a: Toxapex\n|\n|-damage|p1a: Brighteye|74\/100 psn|[from] psn\n|-damage|p2a: Toxapex|58\/100 brn|[from] brn\n|-damage|p1a: Brighteye|62\/100 psn|[from] move: Infestation|[partiallytrapped]\n|upkeep\n|turn|101\n|\n|t:|1700076948\n|move|p2a: Toxapex|Baneful Bunker|p2a: Toxapex\n|-singleturn|p2a: Toxapex|move: Protect\n|move|p1a: Brighteye|U-turn|p2a: Toxapex\n|-activate|p2a: Toxapex|move: Protect\n|\n|-damage|p1a: Brighteye|49\/100 psn|[from] psn\n|-damage|p2a: Toxapex|52\/100 brn|[from] brn\n|-damage|p1a: Brighteye|37\/100 psn|[from] move: Infestation|[partiallytrapped]\n|upkeep\n|turn|102\n|\n|t:|1700076959\n|move|p2a: Toxapex|Baneful Bunker||[still]\n|-fail|p2a: Toxapex\n|move|p1a: Brighteye|Roost|p1a: Brighteye\n|-heal|p1a: Brighteye|87\/100 psn\n|-singleturn|p1a: Brighteye|move: Roost\n|\n|-damage|p1a: Brighteye|75\/100 psn|[from] psn\n|-damage|p2a: Toxapex|46\/100 brn|[from] brn\n|-damage|p1a: Brighteye|63\/100 psn|[from] move: Infestation|[partiallytrapped]\n|upkeep\n|turn|103\n|\n|t:|1700076970\n|switch|p2a: Clodsire|Clodsire, F|67\/100 brn\n|move|p1a: Brighteye|U-turn|p2a: Clodsire\n|-resisted|p2a: Clodsire\n|-damage|p2a: Clodsire|62\/100 brn\n|\n|t:|1700076976\n|switch|p1a: Cragback|Corviknight, F|99\/100|[from] U-turn\n|-ability|p1a: Cragback|Pressure\n|\n|-heal|p2a: Clodsire|68\/100 brn|[from] item: Leftovers\n|-damage|p2a: Clodsire|62\/100 brn|[from] brn\n|upkeep\n|turn|104\n|\n|t:|1700076987\n|move|p2a: Clodsire|Protect|p2a: Clodsire\n|-singleturn|p2a: Clodsire|Protect\n|move|p1a: Cragback|Body Press|p2a: Clodsire\n|-activate|p2a: Clodsire|move: Protect\n|\n|-heal|p2a: Clodsire|68\/100 brn|[from] item: Leftovers\n|-damage|p2a: Clodsire|62\/100 brn|[from] brn\n|upkeep\n|turn|105\n|\n|t:|1700076996\n|switch|p2a: Toxapex|Toxapex, M|79\/100 brn\n|move|p1a: Cragback|Defog|p2a: Toxapex\n|-unboost|p2a: Toxapex|evasion|1\n|\n|-damage|p2a: Toxapex|73\/100 brn|[from] brn\n|upkeep\n|turn|106\n|\n|t:|1700077005\n|move|p1a: Cragback|U-turn|p2a: Toxapex\n|-resisted|p2a: Toxapex\n|-damage|p2a: Toxapex|69\/100 brn\n|\n|t:|1700077007\n|switch|p1a: Brighteye|Moltres|63\/100 psn|[from] U-turn\n|move|p2a: Toxapex|Infestation|p1a: Brighteye\n|-resisted|p1a: Brighteye\n|-damage|p1a: Brighteye|62\/100 psn\n|-activate|p1a: Brighteye|move: Infestation|[of] p2a: Toxapex\n|\n|-damage|p1a: Brighteye|50\/100 psn|[from] psn\n|-damage|p2a: Toxapex|62\/100 brn|[from] brn\n|-damage|p1a: Brighteye|37\/100 psn|[from] move: Infestation|[partiallytrapped]\n|upkeep\n|turn|107\n|\n|t:|1700077020\n|switch|p2a: Clodsire|Clodsire, F|62\/100 brn\n|move|p1a: Brighteye|U-turn|p2a: Clodsire\n|-resisted|p2a: Clodsire\n|-crit|p2a: Clodsire\n|-damage|p2a: Clodsire|54\/100 brn\n|\n|t:|1700077026\n|switch|p1a: Cragback|Corviknight, F|99\/100|[from] U-turn\n|-ability|p1a: Cragback|Pressure\n|\n|-heal|p2a: Clodsire|60\/100 brn|[from] item: Leftovers\n|-damage|p2a: Clodsire|54\/100 brn|[from] brn\n|upkeep\n|turn|108\n|\n|t:|1700077035\n|switch|p2a: Toxapex|Toxapex, M|96\/100 brn\n|move|p1a: Cragback|Defog|p2a: Toxapex\n|-unboost|p2a: Toxapex|evasion|1\n|\n|-damage|p2a: Toxapex|89\/100 brn|[from] brn\n|upkeep\n|turn|109\n|\n|t:|1700077043\n|move|p1a: Cragback|Defog|p2a: Toxapex\n|-unboost|p2a: Toxapex|evasion|1\n|move|p2a: Toxapex|Iron Defense|p2a: Toxapex\n|-boost|p2a: Toxapex|def|2\n|\n|-damage|p2a: Toxapex|83\/100 brn|[from] brn\n|upkeep\n|turn|110\n|\n|t:|1700077051\n|move|p1a: Cragback|Defog|p2a: Toxapex\n|-unboost|p2a: Toxapex|evasion|1\n|move|p2a: Toxapex|Infestation|p1a: Cragback\n|-resisted|p1a: Cragback\n|-damage|p1a: Cragback|98\/100\n|-activate|p1a: Cragback|move: Infestation|[of] p2a: Toxapex\n|-damage|p2a: Toxapex|67\/100 brn|[from] item: Rocky Helmet|[of] p1a: Cragback\n|\n|-damage|p2a: Toxapex|60\/100 brn|[from] brn\n|-damage|p1a: Cragback|86\/100|[from] move: Infestation|[partiallytrapped]\n|upkeep\n|turn|111\n|\n|t:|1700077062\n|move|p1a: Cragback|Defog|p2a: Toxapex\n|-unboost|p2a: Toxapex|evasion|1\n|move|p2a: Toxapex|Iron Defense|p2a: Toxapex\n|-boost|p2a: Toxapex|def|2\n|\n|-damage|p2a: Toxapex|54\/100 brn|[from] brn\n|-damage|p1a: Cragback|73\/100|[from] move: Infestation|[partiallytrapped]\n|upkeep\n|turn|112\n|\n|t:|1700077074\n|move|p2a: Toxapex|Baneful Bunker|p2a: Toxapex\n|-singleturn|p2a: Toxapex|move: Protect\n|move|p1a: Cragback|Defog|p2a: Toxapex\n|-activate|p2a: Toxapex|move: Protect\n|\n|-damage|p2a: Toxapex|48\/100 brn|[from] brn\n|-damage|p1a: Cragback|61\/100|[from] move: Infestation|[partiallytrapped]\n|upkeep\n|turn|113\n|\n|t:|1700077083\n|switch|p2a: Clodsire|Clodsire, F|54\/100 brn\n|move|p1a: Cragback|Defog|p2a: Clodsire\n|-unboost|p2a: Clodsire|evasion|1\n|\n|-heal|p2a: Clodsire|60\/100 brn|[from] item: Leftovers\n|-damage|p2a: Clodsire|54\/100 brn|[from] brn\n|-end|p1a: Cragback|Infestation|[partiallytrapped]|[silent]\n|upkeep\n|turn|114\n|\n|t:|1700077093\n|switch|p2a: Toxapex|Toxapex, M|81\/100 brn\n|move|p1a: Cragback|Defog|p2a: Toxapex\n|-unboost|p2a: Toxapex|evasion|1\n|\n|-damage|p2a: Toxapex|75\/100 brn|[from] brn\n|upkeep\n|turn|115\n|\n|t:|1700077101\n|switch|p2a: Clodsire|Clodsire, F|54\/100 brn\n|move|p1a: Cragback|Defog|p2a: Clodsire\n|-unboost|p2a: Clodsire|evasion|1\n|\n|-heal|p2a: Clodsire|60\/100 brn|[from] item: Leftovers\n|-damage|p2a: Clodsire|54\/100 brn|[from] brn\n|upkeep\n|turn|116\n|inactive|Dabmast3r has 90 seconds left.\n|\n|t:|1700077113\n|switch|p2a: Toxapex|Toxapex, M|100\/100 brn\n|move|p1a: Cragback|Body Press|p2a: Toxapex\n|-resisted|p2a: Toxapex\n|-damage|p2a: Toxapex|93\/100 brn\n|\n|-damage|p2a: Toxapex|87\/100 brn|[from] brn\n|upkeep\n|turn|117\n|inactive|Dabmast3r has 90 seconds left.\n|\n|t:|1700077123\n|move|p1a: Cragback|Defog|p2a: Toxapex\n|-unboost|p2a: Toxapex|evasion|1\n|move|p2a: Toxapex|Infestation|p1a: Cragback\n|-resisted|p1a: Cragback\n|-damage|p1a: Cragback|61\/100\n|-activate|p1a: Cragback|move: Infestation|[of] p2a: Toxapex\n|-damage|p2a: Toxapex|70\/100 brn|[from] item: Rocky Helmet|[of] p1a: Cragback\n|\n|-damage|p2a: Toxapex|64\/100 brn|[from] brn\n|-damage|p1a: Cragback|48\/100|[from] move: Infestation|[partiallytrapped]\n|upkeep\n|turn|118\n|inactive|Dabmast3r has 90 seconds left.\n|\n|t:|1700077134\n|move|p1a: Cragback|Defog|p2a: Toxapex\n|-unboost|p2a: Toxapex|evasion|1\n|move|p2a: Toxapex|Iron Defense|p2a: Toxapex\n|-boost|p2a: Toxapex|def|2\n|\n|-damage|p2a: Toxapex|58\/100 brn|[from] brn\n|-damage|p1a: Cragback|36\/100|[from] move: Infestation|[partiallytrapped]\n|upkeep\n|turn|119\n|\n|t:|1700077143\n|move|p1a: Cragback|Roost|p1a: Cragback\n|-heal|p1a: Cragback|86\/100\n|-singleturn|p1a: Cragback|move: Roost\n|move|p2a: Toxapex|Iron Defense|p2a: Toxapex\n|-boost|p2a: Toxapex|def|2\n|\n|-damage|p2a: Toxapex|51\/100 brn|[from] brn\n|-damage|p1a: Cragback|74\/100|[from] move: Infestation|[partiallytrapped]\n|upkeep\n|turn|120\n|\n|t:|1700077153\n|switch|p2a: Clodsire|Clodsire, F|54\/100 brn\n|move|p1a: Cragback|U-turn|p2a: Clodsire\n|-resisted|p2a: Clodsire\n|-damage|p2a: Clodsire|49\/100 brn\n|\n|t:|1700077157\n|switch|p1a: Brighteye|Moltres|37\/100 psn|[from] U-turn\n|\n|-heal|p2a: Clodsire|55\/100 brn|[from] item: Leftovers\n|-damage|p1a: Brighteye|25\/100 psn|[from] psn\n|-damage|p2a: Clodsire|49\/100 brn|[from] brn\n|upkeep\n|turn|121\n|inactive|Dabmast3r has 90 seconds left.\n|\n|t:|1700077166\n|move|p1a: Brighteye|Flamethrower|p2a: Clodsire\n|-damage|p2a: Clodsire|19\/100 brn\n|move|p2a: Clodsire|Recover|p2a: Clodsire\n|-heal|p2a: Clodsire|69\/100 brn\n|\n|-heal|p2a: Clodsire|75\/100 brn|[from] item: Leftovers\n|-damage|p1a: Brighteye|13\/100 psn|[from] psn\n|-damage|p2a: Clodsire|69\/100 brn|[from] brn\n|upkeep\n|turn|122\n|inactive|Dabmast3r has 90 seconds left.\n|\n|t:|1700077177\n|move|p1a: Brighteye|Roost|p1a: Brighteye\n|-heal|p1a: Brighteye|63\/100 psn\n|-singleturn|p1a: Brighteye|move: Roost\n|move|p2a: Clodsire|Earthquake|p1a: Brighteye\n|-supereffective|p1a: Brighteye\n|-damage|p1a: Brighteye|44\/100 psn\n|\n|-heal|p2a: Clodsire|75\/100 brn|[from] item: Leftovers\n|-damage|p1a: Brighteye|32\/100 psn|[from] psn\n|-damage|p2a: Clodsire|69\/100 brn|[from] brn\n|upkeep\n|turn|123\n|\n|t:|1700077189\n|switch|p1a: Cragback|Corviknight, F|74\/100\n|-ability|p1a: Cragback|Pressure\n|switch|p2a: Toxapex|Toxapex, M|85\/100 brn\n|\n|-damage|p2a: Toxapex|78\/100 brn|[from] brn\n|upkeep\n|turn|124\n|\n|t:|1700077199\n|move|p1a: Cragback|Defog|p2a: Toxapex\n|-unboost|p2a: Toxapex|evasion|1\n|move|p2a: Toxapex|Infestation|p1a: Cragback\n|-resisted|p1a: Cragback\n|-damage|p1a: Cragback|73\/100\n|-activate|p1a: Cragback|move: Infestation|[of] p2a: Toxapex\n|-damage|p2a: Toxapex|62\/100 brn|[from] item: Rocky Helmet|[of] p1a: Cragback\n|\n|-damage|p2a: Toxapex|56\/100 brn|[from] brn\n|-damage|p1a: Cragback|61\/100|[from] move: Infestation|[partiallytrapped]\n|upkeep\n|turn|125\n|\n|t:|1700077215\n|move|p2a: Toxapex|Baneful Bunker|p2a: Toxapex\n|-singleturn|p2a: Toxapex|move: Protect\n|move|p1a: Cragback|U-turn|p2a: Toxapex\n|-activate|p2a: Toxapex|move: Protect\n|\n|-damage|p2a: Toxapex|50\/100 brn|[from] brn\n|-damage|p1a: Cragback|49\/100|[from] move: Infestation|[partiallytrapped]\n|upkeep\n|turn|126\n|\n|t:|1700077226\n|switch|p2a: Clodsire|Clodsire, F|69\/100 brn\n|move|p1a: Cragback|U-turn|p2a: Clodsire\n|-resisted|p2a: Clodsire\n|-damage|p2a: Clodsire|64\/100 brn\n|\n|t:|1700077231\n|switch|p1a: Brighteye|Moltres|32\/100 psn|[from] U-turn\n|\n|-heal|p2a: Clodsire|70\/100 brn|[from] item: Leftovers\n|-damage|p1a: Brighteye|20\/100 psn|[from] psn\n|-damage|p2a: Clodsire|64\/100 brn|[from] brn\n|upkeep\n|turn|127\n|\n|t:|1700077241\n|move|p1a: Brighteye|Roost|p1a: Brighteye\n|-heal|p1a: Brighteye|70\/100 psn\n|-singleturn|p1a: Brighteye|move: Roost\n|move|p2a: Clodsire|Earthquake|p1a: Brighteye\n|-supereffective|p1a: Brighteye\n|-damage|p1a: Brighteye|52\/100 psn\n|\n|-heal|p2a: Clodsire|70\/100 brn|[from] item: Leftovers\n|-damage|p1a: Brighteye|40\/100 psn|[from] psn\n|-damage|p2a: Clodsire|64\/100 brn|[from] brn\n|upkeep\n|turn|128\n|\n|t:|1700077253\n|move|p2a: Clodsire|Protect|p2a: Clodsire\n|-singleturn|p2a: Clodsire|Protect\n|move|p1a: Brighteye|Flamethrower|p2a: Clodsire\n|-activate|p2a: Clodsire|move: Protect\n|\n|-heal|p2a: Clodsire|70\/100 brn|[from] item: Leftovers\n|-damage|p1a: Brighteye|28\/100 psn|[from] psn\n|-damage|p2a: Clodsire|64\/100 brn|[from] brn\n|upkeep\n|turn|129\n|inactive|Dabmast3r has 60 seconds left.\n|\n|t:|1700077264\n|move|p1a: Brighteye|Flamethrower|p2a: Clodsire\n|-damage|p2a: Clodsire|38\/100 brn\n|move|p2a: Clodsire|Earthquake|p1a: Brighteye\n|-immune|p1a: Brighteye\n|\n|-heal|p2a: Clodsire|44\/100 brn|[from] item: Leftovers\n|-damage|p1a: Brighteye|15\/100 psn|[from] psn\n|-damage|p2a: Clodsire|38\/100 brn|[from] brn\n|upkeep\n|turn|130\n|inactive|Dabmast3r has 60 seconds left.\n|\n|t:|1700077277\n|switch|p1a: Cragback|Corviknight, F|49\/100\n|-ability|p1a: Cragback|Pressure\n|move|p2a: Clodsire|Recover|p2a: Clodsire\n|-heal|p2a: Clodsire|88\/100 brn\n|\n|-heal|p2a: Clodsire|94\/100 brn|[from] item: Leftovers\n|-damage|p2a: Clodsire|88\/100 brn|[from] brn\n|upkeep\n|turn|131\n|\n|t:|1700077289\n|switch|p2a: Toxapex|Toxapex, M|83\/100 brn\n|move|p1a: Cragback|U-turn|p2a: Toxapex\n|-resisted|p2a: Toxapex\n|-damage|p2a: Toxapex|78\/100 brn\n|\n|t:|1700077294\n|switch|p1a: Brighteye|Moltres|15\/100 psn|[from] U-turn\n|\n|-damage|p1a: Brighteye|3\/100 psn|[from] psn\n|-damage|p2a: Toxapex|72\/100 brn|[from] brn\n|upkeep\n|turn|132\n|\n|t:|1700077301\n|move|p1a: Brighteye|Roost|p1a: Brighteye\n|-heal|p1a: Brighteye|53\/100 psn\n|-singleturn|p1a: Brighteye|move: Roost\n|move|p2a: Toxapex|Infestation|p1a: Brighteye\n|-resisted|p1a: Brighteye\n|-damage|p1a: Brighteye|52\/100 psn\n|-activate|p1a: Brighteye|move: Infestation|[of] p2a: Toxapex\n|\n|-damage|p1a: Brighteye|40\/100 psn|[from] psn\n|-damage|p2a: Toxapex|66\/100 brn|[from] brn\n|-damage|p1a: Brighteye|27\/100 psn|[from] move: Infestation|[partiallytrapped]\n|upkeep\n|turn|133\n|\n|t:|1700077313\n|move|p2a: Toxapex|Baneful Bunker|p2a: Toxapex\n|-singleturn|p2a: Toxapex|move: Protect\n|move|p1a: Brighteye|Roost|p1a: Brighteye\n|-heal|p1a: Brighteye|78\/100 psn\n|-singleturn|p1a: Brighteye|move: Roost\n|\n|-damage|p1a: Brighteye|65\/100 psn|[from] psn\n|-damage|p2a: Toxapex|60\/100 brn|[from] brn\n|-damage|p1a: Brighteye|53\/100 psn|[from] move: Infestation|[partiallytrapped]\n|upkeep\n|turn|134\n|\n|t:|1700077325\n|move|p1a: Brighteye|U-turn|p2a: Toxapex\n|-resisted|p2a: Toxapex\n|-damage|p2a: Toxapex|55\/100 brn\n|\n|t:|1700077328\n|switch|p1a: Cragback|Corviknight, F|49\/100|[from] U-turn\n|-ability|p1a: Cragback|Pressure\n|move|p2a: Toxapex|Recover|p2a: Toxapex\n|-heal|p2a: Toxapex|100\/100 brn\n|\n|-damage|p2a: Toxapex|94\/100 brn|[from] brn\n|upkeep\n|turn|135\n|\n|t:|1700077342\n|move|p1a: Cragback|U-turn|p2a: Toxapex\n|-resisted|p2a: Toxapex\n|-damage|p2a: Toxapex|90\/100 brn\n|\n|t:|1700077345\n|switch|p1a: Brighteye|Moltres|53\/100 psn|[from] U-turn\n|move|p2a: Toxapex|Iron Defense|p2a: Toxapex\n|-boost|p2a: Toxapex|def|2\n|\n|-damage|p1a: Brighteye|41\/100 psn|[from] psn\n|-damage|p2a: Toxapex|84\/100 brn|[from] brn\n|upkeep\n|turn|136\n|\n|t:|1700077355\n|move|p1a: Brighteye|Flamethrower|p2a: Toxapex\n|-resisted|p2a: Toxapex\n|-damage|p2a: Toxapex|68\/100 brn\n|move|p2a: Toxapex|Infestation|p1a: Brighteye\n|-resisted|p1a: Brighteye\n|-damage|p1a: Brighteye|40\/100 psn\n|-activate|p1a: Brighteye|move: Infestation|[of] p2a: Toxapex\n|\n|-damage|p1a: Brighteye|28\/100 psn|[from] psn\n|-damage|p2a: Toxapex|62\/100 brn|[from] brn\n|-damage|p1a: Brighteye|15\/100 psn|[from] move: Infestation|[partiallytrapped]\n|upkeep\n|turn|137\n|\n|t:|1700077366\n|move|p1a: Brighteye|Flamethrower|p2a: Toxapex\n|-resisted|p2a: Toxapex\n|-damage|p2a: Toxapex|47\/100 brn\n|move|p2a: Toxapex|Iron Defense|p2a: Toxapex\n|-boost|p2a: Toxapex|def|2\n|\n|-damage|p1a: Brighteye|3\/100 psn|[from] psn\n|-damage|p2a: Toxapex|41\/100 brn|[from] brn\n|-damage|p1a: Brighteye|0 fnt|[from] move: Infestation|[partiallytrapped]\n|faint|p1a: Brighteye\n|upkeep\n|\n|t:|1700077376\n|switch|p1a: Cragback|Corviknight, F|49\/100\n|-ability|p1a: Cragback|Pressure\n|turn|138\n|\n|t:|1700077383\n|switch|p2a: Clodsire|Clodsire, F|88\/100 brn\n|move|p1a: Cragback|Body Press|p2a: Clodsire\n|-resisted|p2a: Clodsire\n|-damage|p2a: Clodsire|79\/100 brn\n|\n|-heal|p2a: Clodsire|85\/100 brn|[from] item: Leftovers\n|-damage|p2a: Clodsire|79\/100 brn|[from] brn\n|upkeep\n|turn|139\n|\n|t:|1700077393\n|switch|p2a: Toxapex|Toxapex, M|74\/100 brn\n|move|p1a: Cragback|U-turn|p2a: Toxapex\n|-resisted|p2a: Toxapex\n|-damage|p2a: Toxapex|70\/100 brn\n|\n|-damage|p2a: Toxapex|63\/100 brn|[from] brn\n|upkeep\n|turn|140\n|\n|t:|1700077401\n|switch|p2a: Clodsire|Clodsire, F|79\/100 brn\n|move|p1a: Cragback|U-turn|p2a: Clodsire\n|-resisted|p2a: Clodsire\n|-damage|p2a: Clodsire|74\/100 brn\n|\n|-heal|p2a: Clodsire|80\/100 brn|[from] item: Leftovers\n|-damage|p2a: Clodsire|74\/100 brn|[from] brn\n|upkeep\n|turn|141\n|\n|t:|1700077411\n|switch|p2a: Toxapex|Toxapex, M|97\/100 brn\n|move|p1a: Cragback|U-turn|p2a: Toxapex\n|-resisted|p2a: Toxapex\n|-damage|p2a: Toxapex|93\/100 brn\n|\n|-damage|p2a: Toxapex|86\/100 brn|[from] brn\n|upkeep\n|turn|142\n|\n|t:|1700077420\n|move|p1a: Cragback|U-turn|p2a: Toxapex\n|-resisted|p2a: Toxapex\n|-damage|p2a: Toxapex|82\/100 brn\n|move|p2a: Toxapex|Infestation|p1a: Cragback\n|-resisted|p1a: Cragback\n|-damage|p1a: Cragback|48\/100\n|-activate|p1a: Cragback|move: Infestation|[of] p2a: Toxapex\n|-damage|p2a: Toxapex|66\/100 brn|[from] item: Rocky Helmet|[of] p1a: Cragback\n|\n|-damage|p2a: Toxapex|60\/100 brn|[from] brn\n|-damage|p1a: Cragback|36\/100|[from] move: Infestation|[partiallytrapped]\n|upkeep\n|turn|143\n|\n|t:|1700077430\n|move|p1a: Cragback|U-turn|p2a: Toxapex\n|-resisted|p2a: Toxapex\n|-damage|p2a: Toxapex|55\/100 brn\n|move|p2a: Toxapex|Iron Defense|p2a: Toxapex\n|-boost|p2a: Toxapex|def|2\n|\n|-damage|p2a: Toxapex|49\/100 brn|[from] brn\n|-damage|p1a: Cragback|23\/100|[from] move: Infestation|[partiallytrapped]\n|upkeep\n|turn|144\n|\n|t:|1700077440\n|move|p1a: Cragback|Roost|p1a: Cragback\n|-heal|p1a: Cragback|73\/100\n|-singleturn|p1a: Cragback|move: Roost\n|move|p2a: Toxapex|Iron Defense|p2a: Toxapex\n|-boost|p2a: Toxapex|def|2\n|\n|-damage|p2a: Toxapex|43\/100 brn|[from] brn\n|-damage|p1a: Cragback|61\/100|[from] move: Infestation|[partiallytrapped]\n|upkeep\n|turn|145\n|\n|t:|1700077452\n|move|p1a: Cragback|U-turn|p2a: Toxapex\n|-resisted|p2a: Toxapex\n|-damage|p2a: Toxapex|41\/100 brn\n|move|p2a: Toxapex|Iron Defense|p2a: Toxapex\n|-boost|p2a: Toxapex|def|2\n|\n|-damage|p2a: Toxapex|35\/100 brn|[from] brn\n|-damage|p1a: Cragback|49\/100|[from] move: Infestation|[partiallytrapped]\n|upkeep\n|turn|146\n|inactive|Dabmast3r has 30 seconds left.\n|\n|t:|1700077464\n|switch|p2a: Clodsire|Clodsire, F|74\/100 brn\n|move|p1a: Cragback|Defog|p2a: Clodsire\n|-unboost|p2a: Clodsire|evasion|1\n|\n|-heal|p2a: Clodsire|80\/100 brn|[from] item: Leftovers\n|-damage|p2a: Clodsire|74\/100 brn|[from] brn\n|-end|p1a: Cragback|Infestation|[partiallytrapped]|[silent]\n|upkeep\n|turn|147\n|inactive|Dabmast3r has 30 seconds left.\n|inactive|SonderOfAll has 120 seconds left.\n|\n|t:|1700077474\n|switch|p2a: Toxapex|Toxapex, M|68\/100 brn\n|move|p1a: Cragback|U-turn|p2a: Toxapex\n|-resisted|p2a: Toxapex\n|-damage|p2a: Toxapex|63\/100 brn\n|\n|-damage|p2a: Toxapex|57\/100 brn|[from] brn\n|upkeep\n|turn|148\n|inactive|SonderOfAll has 120 seconds left.\n|inactive|Dabmast3r has 30 seconds left.\n|\n|t:|1700077483\n|switch|p2a: Clodsire|Clodsire, F|74\/100 brn\n|move|p1a: Cragback|Roost|p1a: Cragback\n|-heal|p1a: Cragback|99\/100\n|-singleturn|p1a: Cragback|move: Roost\n|\n|-heal|p2a: Clodsire|80\/100 brn|[from] item: Leftovers\n|-damage|p2a: Clodsire|74\/100 brn|[from] brn\n|upkeep\n|turn|149\n|inactive|SonderOfAll has 120 seconds left.\n|inactive|Dabmast3r has 30 seconds left.\n|\n|t:|1700077493\n|switch|p2a: Toxapex|Toxapex, M|90\/100 brn\n|move|p1a: Cragback|U-turn|p2a: Toxapex\n|-resisted|p2a: Toxapex\n|-damage|p2a: Toxapex|86\/100 brn\n|\n|-damage|p2a: Toxapex|80\/100 brn|[from] brn\n|upkeep\n|turn|150\n|inactive|Dabmast3r has 30 seconds left this turn.\n|inactive|SonderOfAll has 120 seconds left.\n|\n|t:|1700077501\n|switch|p2a: Clodsire|Clodsire, F|74\/100 brn\n|move|p1a: Cragback|Defog|p2a: Clodsire\n|-unboost|p2a: Clodsire|evasion|1\n|\n|-heal|p2a: Clodsire|80\/100 brn|[from] item: Leftovers\n|-damage|p2a: Clodsire|74\/100 brn|[from] brn\n|upkeep\n|turn|151\n|inactive|Dabmast3r has 30 seconds left this turn.\n|inactive|SonderOfAll has 120 seconds left.\n|\n|t:|1700077511\n|switch|p2a: Toxapex|Toxapex, M|100\/100 brn\n|move|p1a: Cragback|Defog|p2a: Toxapex\n|-unboost|p2a: Toxapex|evasion|1\n|\n|-damage|p2a: Toxapex|94\/100 brn|[from] brn\n|upkeep\n|turn|152\n|inactive|Dabmast3r has 30 seconds left this turn.\n|inactive|SonderOfAll has 120 seconds left.\n|\n|t:|1700077519\n|switch|p2a: Clodsire|Clodsire, F|74\/100 brn\n|move|p1a: Cragback|Defog|p2a: Clodsire\n|-unboost|p2a: Clodsire|evasion|1\n|\n|-heal|p2a: Clodsire|80\/100 brn|[from] item: Leftovers\n|-damage|p2a: Clodsire|74\/100 brn|[from] brn\n|upkeep\n|turn|153\n|inactive|Dabmast3r has 30 seconds left this turn.\n|inactive|SonderOfAll has 120 seconds left.\n|inactive|Dabmast3r has 20 seconds left.\n|\n|t:|1700077531\n|switch|p2a: Toxapex|Toxapex, M|100\/100 brn\n|move|p1a: Cragback|Defog|p2a: Toxapex\n|-unboost|p2a: Toxapex|evasion|1\n|\n|-damage|p2a: Toxapex|94\/100 brn|[from] brn\n|upkeep\n|turn|154\n|inactive|Dabmast3r has 25 seconds left this turn.\n|inactive|SonderOfAll has 120 seconds left.\n|inactive|Dabmast3r has 20 seconds left.\n|\n|t:|1700077539\n|switch|p2a: Clodsire|Clodsire, F|74\/100 brn\n|move|p1a: Cragback|U-turn|p2a: Clodsire\n|-resisted|p2a: Clodsire\n|-damage|p2a: Clodsire|69\/100 brn\n|\n|-heal|p2a: Clodsire|75\/100 brn|[from] item: Leftovers\n|-damage|p2a: Clodsire|69\/100 brn|[from] brn\n|upkeep\n|turn|155\n|inactive|Dabmast3r has 25 seconds left this turn.\n|inactive|SonderOfAll has 120 seconds left.\n|inactive|Dabmast3r has 20 seconds left.\n|inactive|Dabmast3r has 15 seconds left.\n|\n|t:|1700077550\n|switch|p2a: Toxapex|Toxapex, M|100\/100 brn\n|move|p1a: Cragback|Body Press|p2a: Toxapex\n|-resisted|p2a: Toxapex\n|-damage|p2a: Toxapex|92\/100 brn\n|\n|-damage|p2a: Toxapex|86\/100 brn|[from] brn\n|upkeep\n|turn|156\n|inactive|Dabmast3r has 20 seconds left this turn.\n|inactive|SonderOfAll has 120 seconds left.\n|inactive|Dabmast3r has 15 seconds left.\n|\n|t:|1700077559\n|move|p1a: Cragback|Defog|p2a: Toxapex\n|-unboost|p2a: Toxapex|evasion|1\n|move|p2a: Toxapex|Iron Defense|p2a: Toxapex\n|-boost|p2a: Toxapex|def|2\n|\n|-damage|p2a: Toxapex|80\/100 brn|[from] brn\n|upkeep\n|turn|157\n|inactive|Dabmast3r has 20 seconds left this turn.\n|inactive|SonderOfAll has 120 seconds left.\n|inactive|Dabmast3r has 15 seconds left.\n|\n|t:|1700077569\n|move|p1a: Cragback|Body Press|p2a: Toxapex\n|-resisted|p2a: Toxapex\n|-damage|p2a: Toxapex|76\/100 brn\n|move|p2a: Toxapex|Iron Defense|p2a: Toxapex\n|-boost|p2a: Toxapex|def|2\n|\n|-damage|p2a: Toxapex|70\/100 brn|[from] brn\n|upkeep\n|turn|158\n|inactive|Dabmast3r has 20 seconds left this turn.\n|inactive|SonderOfAll has 120 seconds left.\n|inactive|Dabmast3r has 15 seconds left.\n|\n|t:|1700077577\n|switch|p2a: Clodsire|Clodsire, F|69\/100 brn\n|move|p1a: Cragback|Roost|p1a: Cragback\n|-heal|p1a: Cragback|100\/100\n|-singleturn|p1a: Cragback|move: Roost\n|\n|-heal|p2a: Clodsire|75\/100 brn|[from] item: Leftovers\n|-damage|p2a: Clodsire|69\/100 brn|[from] brn\n|upkeep\n|turn|159\n|inactive|Dabmast3r has 20 seconds left this turn.\n|inactive|SonderOfAll has 120 seconds left.\n|inactive|Dabmast3r has 15 seconds left.\n|inactive|Dabmast3r has 10 seconds left.\n|\n|t:|1700077590\n|switch|p2a: Toxapex|Toxapex, M|100\/100 brn\n|move|p1a: Cragback|Roost||[still]\n|-fail|p1a: Cragback|heal\n|\n|-damage|p2a: Toxapex|94\/100 brn|[from] brn\n|upkeep\n|turn|160\n|inactive|Dabmast3r has 15 seconds left this turn.\n|inactive|SonderOfAll has 120 seconds left.\n|inactive|Dabmast3r has 10 seconds left.\n|\n|t:|1700077598\n|switch|p2a: Clodsire|Clodsire, F|69\/100 brn\n|move|p1a: Cragback|Roost||[still]\n|-fail|p1a: Cragback|heal\n|\n|-heal|p2a: Clodsire|75\/100 brn|[from] item: Leftovers\n|-damage|p2a: Clodsire|69\/100 brn|[from] brn\n|upkeep\n|turn|161\n|inactive|Dabmast3r has 15 seconds left this turn.\n|inactive|SonderOfAll has 120 seconds left.\n|inactive|Dabmast3r has 10 seconds left.\n|\n|t:|1700077608\n|switch|p2a: Toxapex|Toxapex, M|100\/100 brn\n|-activate|p1a: Cragback|move: Struggle\n|move|p1a: Cragback|Struggle|p2a: Toxapex\n|-damage|p2a: Toxapex|94\/100 brn\n|-damage|p1a: Cragback|75\/100|[from] recoil\n|\n|-damage|p2a: Toxapex|88\/100 brn|[from] brn\n|upkeep\n|turn|162\n|inactive|Dabmast3r has 15 seconds left this turn.\n|inactive|SonderOfAll has 120 seconds left.\n|inactive|Dabmast3r has 10 seconds left.\n|\n|t:|1700077617\n|-activate|p1a: Cragback|move: Struggle\n|move|p1a: Cragback|Struggle|p2a: Toxapex\n|-damage|p2a: Toxapex|82\/100 brn\n|-damage|p1a: Cragback|50\/100|[from] recoil\n|move|p2a: Toxapex|Infestation|p1a: Cragback\n|-resisted|p1a: Cragback\n|-damage|p1a: Cragback|50\/100\n|-activate|p1a: Cragback|move: Infestation|[of] p2a: Toxapex\n|-damage|p2a: Toxapex|65\/100 brn|[from] item: Rocky Helmet|[of] p1a: Cragback\n|\n|-damage|p2a: Toxapex|59\/100 brn|[from] brn\n|-damage|p1a: Cragback|38\/100|[from] move: Infestation|[partiallytrapped]\n|upkeep\n|turn|163\n|inactive|Dabmast3r has 15 seconds left this turn.\n|inactive|SonderOfAll has 120 seconds left.\n|inactive|Dabmast3r has 10 seconds left.\n|inactive|Dabmast3r has 5 seconds left.\n|\n|t:|1700077629\n|-activate|p1a: Cragback|move: Struggle\n|move|p1a: Cragback|Struggle|p2a: Toxapex\n|-damage|p2a: Toxapex|53\/100 brn\n|-damage|p1a: Cragback|13\/100|[from] recoil\n|move|p2a: Toxapex|Iron Defense|p2a: Toxapex\n|-boost|p2a: Toxapex|def|2\n|\n|-damage|p2a: Toxapex|47\/100 brn|[from] brn\n|-damage|p1a: Cragback|0 fnt|[from] move: Infestation|[partiallytrapped]\n|faint|p1a: Cragback\n|\n|win|Dabmast3r\n|upkeep\n|inactive|Dabmast3r has 10 seconds left this turn.\n|raw|SonderOfAll's rating: 1236 &rarr; <strong>1204<\/strong><br \/>(-32 for losing)\n|raw|Dabmast3r's rating: 1137 &rarr; <strong>1169<\/strong><br \/>(+32 for winning)\n|c|\u2606SonderOfAll|Wow.\n|c|\u2606SonderOfAll|That was hell.\n","uploadtime":1700077643,"views":44,"p1id":"sonderofall","p2id":"dabmast3r","formatid":"gen9ou","rating":1169,"private":0,"password":""}