{"id":"gen9ou-1989902554","p1":"SashiBagel","p2":"Comett7778","format":"[Gen 9] OU","log":"|j|\u2606SashiBagel\n|j|\u2606Comett7778\n|t:|1699905291\n|gametype|singles\n|player|p1|SashiBagel|ortega|1152\n|player|p2|Comett7778|hero2-conquest|1096\n|teamsize|p1|6\n|teamsize|p2|6\n|gen|9\n|tier|[Gen 9] OU\n|rated|\n|rule|Sleep Clause Mod: Limit one foe put to sleep\n|rule|Species Clause: Limit one of each Pok\u00e9mon\n|rule|OHKO Clause: OHKO moves are banned\n|rule|Evasion Items Clause: Evasion items are banned\n|rule|Evasion Moves Clause: Evasion moves are banned\n|rule|Endless Battle Clause: Forcing endless battles is banned\n|rule|HP Percentage Mod: HP is shown in percentages\n|clearpoke\n|poke|p1|Ogerpon-Wellspring, F|\n|poke|p1|Gholdengo|\n|poke|p1|Ting-Lu|\n|poke|p1|Heatran, M|\n|poke|p1|Ribombee, M|\n|poke|p1|Slowking-Galar, F|\n|poke|p2|Regidrago|\n|poke|p2|Slowking-Galar, F|\n|poke|p2|Ninetales-Alola, F|\n|poke|p2|Sinistcha-Masterpiece|\n|poke|p2|Mandibuzz, F|\n|poke|p2|Iron Valiant|\n|teampreview\n|inactive|Battle timer is ON: inactive players will automatically lose when time's up. (requested by Comett7778)\n|inactive|SashiBagel also wants the timer to be on.\n|\n|t:|1699905306\n|start\n|switch|p1a: Ribombee|Ribombee, M|100\/100\n|switch|p2a: You Know|Ninetales-Alola, F, shiny|100\/100\n|-weather|Snow|[from] ability: Snow Warning|[of] p2a: You Know\n|turn|1\n|\n|t:|1699905316\n|move|p2a: You Know|Aurora Veil|p2a: You Know\n|-sidestart|p2: Comett7778|move: Aurora Veil\n|move|p1a: Ribombee|Sticky Web|p2a: You Know\n|-sidestart|p2: Comett7778|move: Sticky Web\n|\n|-weather|Snow|[upkeep]\n|upkeep\n|turn|2\n|\n|t:|1699905334\n|switch|p2a: No soup for you!|Slowking-Galar, F|100\/100\n|-activate|p2a: No soup for you!|move: Sticky Web\n|-unboost|p2a: No soup for you!|spe|1\n|switch|p1a: Slowking|Slowking-Galar, F|100\/100\n|\n|-weather|Snow|[upkeep]\n|upkeep\n|turn|3\n|\n|t:|1699905344\n|move|p1a: Slowking|Psychic|p2a: No soup for you!\n|-damage|p2a: No soup for you!|86\/100\n|move|p2a: No soup for you!|Future Sight|p1a: Slowking\n|-start|p2a: No soup for you!|move: Future Sight\n|\n|-weather|Snow|[upkeep]\n|-heal|p2a: No soup for you!|92\/100|[from] item: Black Sludge\n|upkeep\n|turn|4\n|\n|t:|1699905350\n|move|p1a: Slowking|Future Sight|p2a: No soup for you!\n|-start|p1a: Slowking|move: Future Sight\n|move|p2a: No soup for you!|Chilly Reception|p2a: No soup for you!\n|\n|t:|1699905352\n|switch|p2a: UU?!?!|Mandibuzz, F|100\/100|[from] Chilly Reception\n|\n|-weather|Snow|[upkeep]\n|upkeep\n|turn|5\n|\n|t:|1699905357\n|move|p2a: UU?!?!|Defog|p1a: Slowking\n|-unboost|p1a: Slowking|evasion|1\n|-sideend|p2: Comett7778|Sticky Web|[from] move: Defog|[of] p2a: UU?!?!\n|move|p1a: Slowking|Chilly Reception|p1a: Slowking\n|\n|t:|1699905363\n|switch|p1a: Ting-Lu|Ting-Lu|100\/100|[from] Chilly Reception\n|-ability|p1a: Ting-Lu|Vessel of Ruin\n|\n|-weather|none\n|-end|p1a: Ting-Lu|move: Future Sight\n|-immune|p1a: Ting-Lu\n|upkeep\n|turn|6\n|\n|t:|1699905372\n|move|p2a: UU?!?!|U-turn|p1a: Ting-Lu\n|-supereffective|p1a: Ting-Lu\n|-damage|p1a: Ting-Lu|91\/100\n|\n|t:|1699905376\n|switch|p2a: No soup for you!|Slowking-Galar, F|100\/100|[from] U-turn\n|move|p1a: Ting-Lu|Ruination|p2a: No soup for you!\n|-damage|p2a: No soup for you!|50\/100\n|\n|-end|p2a: No soup for you!|move: Future Sight\n|-damage|p2a: No soup for you!|38\/100\n|-heal|p1a: Ting-Lu|97\/100|[from] item: Leftovers\n|-heal|p2a: No soup for you!|44\/100|[from] item: Black Sludge\n|upkeep\n|turn|7\n|\n|t:|1699905387\n|move|p1a: Ting-Lu|Spikes|p2a: No soup for you!\n|-sidestart|p2: Comett7778|Spikes\n|move|p2a: No soup for you!|Toxic|p1a: Ting-Lu\n|-status|p1a: Ting-Lu|tox\n|\n|-heal|p1a: Ting-Lu|100\/100 tox|[from] item: Leftovers\n|-heal|p2a: No soup for you!|50\/100|[from] item: Black Sludge\n|-damage|p1a: Ting-Lu|94\/100 tox|[from] psn\n|upkeep\n|turn|8\n|\n|t:|1699905392\n|move|p1a: Ting-Lu|Spikes|p2a: No soup for you!\n|-sidestart|p2: Comett7778|Spikes\n|move|p2a: No soup for you!|Chilly Reception|p2a: No soup for you!\n|-weather|Snow\n|\n|t:|1699905395\n|switch|p2a: UU?!?!|Mandibuzz, F|100\/100|[from] Chilly Reception\n|\n|-weather|Snow|[upkeep]\n|-heal|p1a: Ting-Lu|100\/100 tox|[from] item: Leftovers\n|-damage|p1a: Ting-Lu|88\/100 tox|[from] psn\n|-sideend|p2: Comett7778|move: Aurora Veil\n|upkeep\n|turn|9\n|\n|t:|1699905398\n|switch|p1a: Gholdengo|Gholdengo|100\/100\n|-item|p1a: Gholdengo|Air Balloon\n|move|p2a: UU?!?!|Knock Off|p1a: Gholdengo\n|-supereffective|p1a: Gholdengo\n|-damage|p1a: Gholdengo|49\/100\n|-enditem|p1a: Gholdengo|Air Balloon\n|\n|-weather|Snow|[upkeep]\n|upkeep\n|turn|10\n|\n|t:|1699905408\n|move|p1a: Gholdengo|Dazzling Gleam|p2a: UU?!?!\n|-supereffective|p2a: UU?!?!\n|-damage|p2a: UU?!?!|67\/100\n|move|p2a: UU?!?!|U-turn|p1a: Gholdengo\n|-resisted|p1a: Gholdengo\n|-damage|p1a: Gholdengo|46\/100\n|\n|t:|1699905411\n|switch|p2a: No soup for you!|Slowking-Galar, F|83\/100|[from] U-turn\n|-damage|p2a: No soup for you!|66\/100|[from] Spikes\n|\n|-weather|Snow|[upkeep]\n|-heal|p2a: No soup for you!|73\/100|[from] item: Black Sludge\n|upkeep\n|turn|11\n|\n|t:|1699905414\n|switch|p1a: Ting-Lu|Ting-Lu|88\/100 tox\n|-ability|p1a: Ting-Lu|Vessel of Ruin\n|move|p2a: No soup for you!|Flamethrower|p1a: Ting-Lu\n|-damage|p1a: Ting-Lu|75\/100 tox\n|\n|-weather|Snow|[upkeep]\n|-heal|p1a: Ting-Lu|81\/100 tox|[from] item: Leftovers\n|-heal|p2a: No soup for you!|79\/100|[from] item: Black Sludge\n|-damage|p1a: Ting-Lu|75\/100 tox|[from] psn\n|upkeep\n|turn|12\n|\n|t:|1699905420\n|move|p1a: Ting-Lu|Spikes|p2a: No soup for you!\n|-sidestart|p2: Comett7778|Spikes\n|move|p2a: No soup for you!|Future Sight|p1a: Ting-Lu\n|-start|p2a: No soup for you!|move: Future Sight\n|\n|-weather|none\n|-heal|p1a: Ting-Lu|81\/100 tox|[from] item: Leftovers\n|-heal|p2a: No soup for you!|85\/100|[from] item: Black Sludge\n|-damage|p1a: Ting-Lu|68\/100 tox|[from] psn\n|upkeep\n|turn|13\n|\n|t:|1699905430\n|move|p2a: No soup for you!|Chilly Reception|p2a: No soup for you!\n|-weather|Snow\n|\n|t:|1699905439\n|switch|p2a: {InsertCoolName}|Iron Valiant|100\/100|[from] Chilly Reception\n|-damage|p2a: {InsertCoolName}|76\/100|[from] Spikes\n|move|p1a: Ting-Lu|Whirlwind|p2a: {InsertCoolName}\n|-end|p2a: {InsertCoolName}|Quark Drive|[silent]\n|drag|p2a: UU?!?!|Mandibuzz, F|67\/100\n|\n|-weather|Snow|[upkeep]\n|-heal|p1a: Ting-Lu|75\/100 tox|[from] item: Leftovers\n|-damage|p1a: Ting-Lu|56\/100 tox|[from] psn\n|upkeep\n|turn|14\n|\n|t:|1699905455\n|move|p2a: UU?!?!|Defog|p1a: Ting-Lu\n|-unboost|p1a: Ting-Lu|evasion|1\n|-sideend|p2: Comett7778|Spikes|[from] move: Defog|[of] p2a: UU?!?!\n|move|p1a: Ting-Lu|Ruination|p2a: UU?!?!\n|-damage|p2a: UU?!?!|34\/100\n|\n|-weather|Snow|[upkeep]\n|-end|p1a: Ting-Lu|move: Future Sight\n|-immune|p1a: Ting-Lu\n|-heal|p1a: Ting-Lu|62\/100 tox|[from] item: Leftovers\n|-damage|p1a: Ting-Lu|37\/100 tox|[from] psn\n|upkeep\n|turn|15\n|\n|t:|1699905462\n|switch|p1a: Ogerpon|Ogerpon-Wellspring, F|100\/100\n|move|p2a: UU?!?!|Roost|p2a: UU?!?!\n|-heal|p2a: UU?!?!|84\/100\n|-singleturn|p2a: UU?!?!|move: Roost\n|\n|-weather|Snow|[upkeep]\n|upkeep\n|turn|16\n|\n|t:|1699905467\n|move|p1a: Ogerpon|Trailblaze|p2a: UU?!?!\n|-resisted|p2a: UU?!?!\n|-damage|p2a: UU?!?!|72\/100\n|-boost|p1a: Ogerpon|spe|1\n|move|p2a: UU?!?!|U-turn|p1a: Ogerpon\n|-supereffective|p1a: Ogerpon\n|-damage|p1a: Ogerpon|73\/100\n|\n|t:|1699905471\n|switch|p2a: Canon Event|Sinistcha-Masterpiece, shiny|100\/100|[from] U-turn\n|\n|-weather|Snow|[upkeep]\n|upkeep\n|turn|17\n|\n|t:|1699905477\n|switch|p1a: Heatran|Heatran, M|100\/100\n|move|p2a: Canon Event|Strength Sap|p1a: Heatran\n|-unboost|p1a: Heatran|atk|1\n|\n|-weather|none\n|upkeep\n|turn|18\n|\n|t:|1699905486\n|switch|p2a: No soup for you!|Slowking-Galar, F|100\/100\n|move|p1a: Heatran|Stealth Rock|p2a: No soup for you!\n|-sidestart|p2: Comett7778|move: Stealth Rock\n|\n|upkeep\n|turn|19\n|\n|t:|1699905495\n|move|p1a: Heatran|Taunt|p2a: No soup for you!\n|-start|p2a: No soup for you!|move: Taunt\n|move|p2a: No soup for you!|Future Sight|p1a: Heatran\n|-start|p2a: No soup for you!|move: Future Sight\n|\n|upkeep\n|turn|20\n|\n|t:|1699905507\n|switch|p2a: UU?!?!|Mandibuzz, F|72\/100\n|move|p1a: Heatran|Lava Plume|p2a: UU?!?!\n|-damage|p2a: UU?!?!|52\/100\n|-status|p2a: UU?!?!|brn\n|\n|-damage|p2a: UU?!?!|46\/100 brn|[from] brn\n|upkeep\n|turn|21\n|\n|t:|1699905518\n|switch|p1a: Ting-Lu|Ting-Lu|37\/100 tox\n|-ability|p1a: Ting-Lu|Vessel of Ruin\n|move|p2a: UU?!?!|Roost|p2a: UU?!?!\n|-heal|p2a: UU?!?!|96\/100 brn\n|-singleturn|p2a: UU?!?!|move: Roost\n|\n|-end|p1a: Ting-Lu|move: Future Sight\n|-immune|p1a: Ting-Lu\n|-heal|p1a: Ting-Lu|43\/100 tox|[from] item: Leftovers\n|-damage|p1a: Ting-Lu|37\/100 tox|[from] psn\n|-damage|p2a: UU?!?!|90\/100 brn|[from] brn\n|upkeep\n|turn|22\n|\n|t:|1699905530\n|switch|p1a: Gholdengo|Gholdengo|46\/100\n|move|p2a: UU?!?!|Defog|p1a: Gholdengo\n|-immune|p1a: Gholdengo|[from] ability: Good as Gold\n|\n|-damage|p2a: UU?!?!|84\/100 brn|[from] brn\n|upkeep\n|turn|23\n|\n|t:|1699905537\n|move|p1a: Gholdengo|Dazzling Gleam|p2a: UU?!?!\n|-supereffective|p2a: UU?!?!\n|-damage|p2a: UU?!?!|50\/100 brn\n|move|p2a: UU?!?!|Knock Off|p1a: Gholdengo\n|-supereffective|p1a: Gholdengo\n|-damage|p1a: Gholdengo|27\/100\n|\n|-damage|p2a: UU?!?!|44\/100 brn|[from] brn\n|upkeep\n|turn|24\n|\n|t:|1699905543\n|move|p1a: Gholdengo|Dazzling Gleam|p2a: UU?!?!\n|-supereffective|p2a: UU?!?!\n|-damage|p2a: UU?!?!|12\/100 brn\n|move|p2a: UU?!?!|Roost|p2a: UU?!?!\n|-heal|p2a: UU?!?!|62\/100 brn\n|-singleturn|p2a: UU?!?!|move: Roost\n|\n|-damage|p2a: UU?!?!|55\/100 brn|[from] brn\n|upkeep\n|turn|25\n|\n|t:|1699905552\n|move|p1a: Gholdengo|Make It Rain|p2a: UU?!?!\n|-damage|p2a: UU?!?!|15\/100 brn\n|-unboost|p1a: Gholdengo|spa|1\n|move|p2a: UU?!?!|Roost|p2a: UU?!?!\n|-heal|p2a: UU?!?!|65\/100 brn\n|-singleturn|p2a: UU?!?!|move: Roost\n|\n|-damage|p2a: UU?!?!|59\/100 brn|[from] brn\n|upkeep\n|turn|26\n|\n|t:|1699905560\n|switch|p1a: Ribombee|Ribombee, M|100\/100\n|move|p2a: UU?!?!|Roost|p2a: UU?!?!\n|-heal|p2a: UU?!?!|100\/100 brn\n|-singleturn|p2a: UU?!?!|move: Roost\n|\n|-damage|p2a: UU?!?!|94\/100 brn|[from] brn\n|upkeep\n|turn|27\n|\n|t:|1699905570\n|move|p1a: Ribombee|Quiver Dance|p1a: Ribombee\n|-boost|p1a: Ribombee|spa|1\n|-boost|p1a: Ribombee|spd|1\n|-boost|p1a: Ribombee|spe|1\n|move|p2a: UU?!?!|U-turn|p1a: Ribombee\n|-resisted|p1a: Ribombee\n|-damage|p1a: Ribombee|95\/100\n|\n|t:|1699905574\n|switch|p2a: No soup for you!|Slowking-Galar, F|100\/100|[from] U-turn\n|-damage|p2a: No soup for you!|88\/100|[from] Stealth Rock\n|\n|-heal|p2a: No soup for you!|94\/100|[from] item: Black Sludge\n|upkeep\n|turn|28\n|\n|t:|1699905597\n|move|p1a: Ribombee|Bug Buzz|p2a: No soup for you!\n|-damage|p2a: No soup for you!|60\/100\n|move|p2a: No soup for you!|Toxic|p1a: Ribombee\n|-status|p1a: Ribombee|tox\n|\n|-heal|p2a: No soup for you!|66\/100|[from] item: Black Sludge\n|-damage|p1a: Ribombee|89\/100 tox|[from] psn\n|upkeep\n|turn|29\n|\n|t:|1699905604\n|switch|p1a: Heatran|Heatran, M|100\/100\n|move|p2a: No soup for you!|Future Sight|p1a: Heatran\n|-start|p2a: No soup for you!|move: Future Sight\n|\n|-heal|p2a: No soup for you!|73\/100|[from] item: Black Sludge\n|upkeep\n|turn|30\n|\n|t:|1699905611\n|switch|p2a: Canon Event|Sinistcha-Masterpiece, shiny|100\/100\n|-damage|p2a: Canon Event|88\/100|[from] Stealth Rock\n|move|p1a: Heatran|Taunt|p2a: Canon Event\n|-start|p2a: Canon Event|move: Taunt\n|\n|-heal|p2a: Canon Event|94\/100|[from] item: Leftovers\n|upkeep\n|turn|31\n|\n|t:|1699905619\n|move|p1a: Heatran|Lava Plume|p2a: Canon Event\n|-supereffective|p2a: Canon Event\n|-damage|p2a: Canon Event|60\/100\n|move|p2a: Canon Event|Shadow Ball|p1a: Heatran\n|-damage|p1a: Heatran|81\/100\n|-unboost|p1a: Heatran|spd|1\n|\n|-end|p1a: Heatran|move: Future Sight\n|-resisted|p1a: Heatran\n|-damage|p1a: Heatran|59\/100\n|-heal|p2a: Canon Event|66\/100|[from] item: Leftovers\n|upkeep\n|turn|32\n|\n|t:|1699905637\n|switch|p1a: Ribombee|Ribombee, M|89\/100 tox\n|move|p2a: Canon Event|Shadow Ball|p1a: Ribombee\n|-damage|p1a: Ribombee|30\/100 tox\n|\n|-heal|p2a: Canon Event|72\/100|[from] item: Leftovers\n|-damage|p1a: Ribombee|23\/100 tox|[from] psn\n|-end|p2a: Canon Event|move: Taunt\n|upkeep\n|turn|33\n|\n|t:|1699905647\n|move|p2a: Canon Event|Protect|p2a: Canon Event\n|-singleturn|p2a: Canon Event|Protect\n|move|p1a: Ribombee|Sticky Web|p2a: Canon Event\n|-sidestart|p2: Comett7778|move: Sticky Web\n|\n|-heal|p2a: Canon Event|78\/100|[from] item: Leftovers\n|-damage|p1a: Ribombee|11\/100 tox|[from] psn\n|upkeep\n|turn|34\n|\n|t:|1699905653\n|switch|p2a: UU?!?!|Mandibuzz, F|94\/100 brn\n|move|p1a: Ribombee|Bug Buzz|p2a: UU?!?!\n|-damage|p2a: UU?!?!|71\/100 brn\n|-unboost|p2a: UU?!?!|spd|1\n|\n|-damage|p1a: Ribombee|0 fnt|[from] psn\n|faint|p1a: Ribombee\n|-damage|p2a: UU?!?!|65\/100 brn|[from] brn\n|upkeep\n|\n|t:|1699905663\n|switch|p1a: Gholdengo|Gholdengo|27\/100\n|turn|35\n|\n|t:|1699905673\n|move|p1a: Gholdengo|Nasty Plot|p1a: Gholdengo\n|-boost|p1a: Gholdengo|spa|2\n|move|p2a: UU?!?!|Roost|p2a: UU?!?!\n|-heal|p2a: UU?!?!|100\/100 brn\n|-singleturn|p2a: UU?!?!|move: Roost\n|\n|-damage|p2a: UU?!?!|94\/100 brn|[from] brn\n|upkeep\n|turn|36\n|\n|t:|1699905678\n|switch|p2a: No soup for you!|Slowking-Galar, F|100\/100\n|-damage|p2a: No soup for you!|88\/100|[from] Stealth Rock\n|-activate|p2a: No soup for you!|move: Sticky Web\n|-unboost|p2a: No soup for you!|spe|1\n|move|p1a: Gholdengo|Dazzling Gleam|p2a: No soup for you!\n|-resisted|p2a: No soup for you!\n|-damage|p2a: No soup for you!|72\/100\n|\n|-heal|p2a: No soup for you!|78\/100|[from] item: Black Sludge\n|upkeep\n|turn|37\n|\n|t:|1699905685\n|move|p1a: Gholdengo|Shadow Ball|p2a: No soup for you!\n|-supereffective|p2a: No soup for you!\n|-damage|p2a: No soup for you!|0 fnt\n|faint|p2a: No soup for you!\n|\n|upkeep\n|\n|t:|1699905690\n|switch|p2a: You Know|Ninetales-Alola, F, shiny|100\/100\n|-damage|p2a: You Know|76\/100|[from] Stealth Rock\n|-activate|p2a: You Know|move: Sticky Web\n|-unboost|p2a: You Know|spe|1\n|-weather|Snow|[from] ability: Snow Warning|[of] p2a: You Know\n|turn|38\n|\n|t:|1699905700\n|move|p1a: Gholdengo|Shadow Ball|p2a: You Know\n|-damage|p2a: You Know|0 fnt\n|faint|p2a: You Know\n|\n|-weather|Snow|[upkeep]\n|upkeep\n|\n|t:|1699905706\n|switch|p2a: {InsertCoolName}|Iron Valiant|76\/100\n|-damage|p2a: {InsertCoolName}|69\/100|[from] Stealth Rock\n|-activate|p2a: {InsertCoolName}|move: Sticky Web\n|-unboost|p2a: {InsertCoolName}|spe|1\n|turn|39\n|\n|t:|1699905711\n|-end|p2a: {InsertCoolName}|Quark Drive|[silent]\n|switch|p2a: UU?!?!|Mandibuzz, F|94\/100 brn\n|move|p1a: Gholdengo|Dazzling Gleam|p2a: UU?!?!\n|-supereffective|p2a: UU?!?!\n|-damage|p2a: UU?!?!|27\/100 brn\n|\n|-weather|Snow|[upkeep]\n|-damage|p2a: UU?!?!|21\/100 brn|[from] brn\n|upkeep\n|turn|40\n|\n|t:|1699905719\n|move|p1a: Gholdengo|Dazzling Gleam|p2a: UU?!?!\n|-supereffective|p2a: UU?!?!\n|-damage|p2a: UU?!?!|0 fnt\n|faint|p2a: UU?!?!\n|\n|-weather|Snow|[upkeep]\n|upkeep\n|\n|t:|1699905726\n|switch|p2a: Canon Event|Sinistcha-Masterpiece, shiny|78\/100\n|-damage|p2a: Canon Event|65\/100|[from] Stealth Rock\n|-activate|p2a: Canon Event|move: Sticky Web\n|-unboost|p2a: Canon Event|spe|1\n|turn|41\n|\n|t:|1699905732\n|move|p2a: Canon Event|Protect|p2a: Canon Event\n|-singleturn|p2a: Canon Event|Protect\n|move|p1a: Gholdengo|Shadow Ball|p2a: Canon Event\n|-activate|p2a: Canon Event|move: Protect\n|\n|-weather|Snow|[upkeep]\n|-heal|p2a: Canon Event|71\/100|[from] item: Leftovers\n|upkeep\n|turn|42\n|-message|Comett7778 forfeited.\n|\n|win|SashiBagel\n|raw|SashiBagel's rating: 1152 &rarr; <strong>1173<\/strong><br \/>(+21 for winning)\n|raw|Comett7778's rating: 1096 &rarr; <strong>1075<\/strong><br \/>(-21 for losing)\n|l|\u2606Comett7778\n|c|\u2606SashiBagel|gg\n","uploadtime":1699905747,"views":14,"p1id":"sashibagel","p2id":"comett7778","formatid":"gen9ou","rating":1075,"private":0,"password":""}