{"id":"gen9ou-1992543115","p1":"zelda003","p2":"Cinny69","format":"[Gen 9] OU","log":"|j|\u2606zelda003\n|j|\u2606Cinny69\n|t:|1700202714\n|gametype|singles\n|player|p1|zelda003|nate|1322\n|player|p2|Cinny69|rika|1351\n|teamsize|p1|6\n|teamsize|p2|6\n|gen|9\n|tier|[Gen 9] OU\n|rated|\n|rule|Sleep Clause Mod: Limit one foe put to sleep\n|rule|Species Clause: Limit one of each Pok\u00e9mon\n|rule|OHKO Clause: OHKO moves are banned\n|rule|Evasion Items Clause: Evasion items are banned\n|rule|Evasion Moves Clause: Evasion moves are banned\n|rule|Endless Battle Clause: Forcing endless battles is banned\n|rule|HP Percentage Mod: HP is shown in percentages\n|clearpoke\n|poke|p1|Mamoswine, M|\n|poke|p1|Corviknight, M|\n|poke|p1|Ribombee, F|\n|poke|p1|Garganacl, M|\n|poke|p1|Dragapult, M|\n|poke|p1|Manaphy|\n|poke|p2|Revavroom, M|\n|poke|p2|Iron Valiant|\n|poke|p2|Hydreigon, M|\n|poke|p2|Zapdos|\n|poke|p2|Great Tusk|\n|poke|p2|Garganacl, F|\n|teampreview\n|inactive|Battle timer is ON: inactive players will automatically lose when time's up. (requested by Cinny69)\n|inactive|zelda003 also wants the timer to be on.\n|\n|t:|1700202730\n|start\n|switch|p1a: Mamoswine|Mamoswine, M|100\/100\n|switch|p2a: Zapdos|Zapdos|100\/100\n|turn|1\n|\n|t:|1700202739\n|move|p1a: Mamoswine|Knock Off|p2a: Zapdos\n|-damage|p2a: Zapdos|61\/100\n|-enditem|p2a: Zapdos|Heavy-Duty Boots|[from] move: Knock Off|[of] p1a: Mamoswine\n|move|p2a: Zapdos|Hurricane|p1a: Mamoswine\n|-damage|p1a: Mamoswine|33\/100\n|-start|p1a: Mamoswine|confusion\n|\n|-heal|p1a: Mamoswine|39\/100|[from] item: Leftovers\n|upkeep\n|turn|2\n|\n|t:|1700202749\n|-activate|p1a: Mamoswine|confusion\n|move|p1a: Mamoswine|Ice Shard|p2a: Zapdos\n|-supereffective|p2a: Zapdos\n|-damage|p2a: Zapdos|14\/100\n|move|p2a: Zapdos|Heat Wave|p1a: Mamoswine\n|-supereffective|p1a: Mamoswine\n|-damage|p1a: Mamoswine|1\/100\n|\n|-heal|p1a: Mamoswine|7\/100|[from] item: Leftovers\n|upkeep\n|turn|3\n|\n|t:|1700202758\n|-end|p1a: Mamoswine|confusion\n|move|p1a: Mamoswine|Ice Shard|p2a: Zapdos\n|-supereffective|p2a: Zapdos\n|-damage|p2a: Zapdos|0 fnt\n|faint|p2a: Zapdos\n|\n|-heal|p1a: Mamoswine|13\/100|[from] item: Leftovers\n|upkeep\n|\n|t:|1700202773\n|switch|p2a: Great Tusk|Great Tusk|100\/100\n|turn|4\n|\n|t:|1700202780\n|move|p1a: Mamoswine|Ice Shard|p2a: Great Tusk\n|-supereffective|p2a: Great Tusk\n|-damage|p2a: Great Tusk|72\/100\n|move|p2a: Great Tusk|Rapid Spin|p1a: Mamoswine\n|-damage|p1a: Mamoswine|0 fnt\n|-boost|p2a: Great Tusk|spe|1\n|faint|p1a: Mamoswine\n|\n|upkeep\n|\n|t:|1700202797\n|switch|p1a: Manaphy|Manaphy|100\/100\n|turn|5\n|\n|t:|1700202801\n|move|p2a: Great Tusk|Headlong Rush|p1a: Manaphy\n|-damage|p1a: Manaphy|45\/100\n|-unboost|p2a: Great Tusk|def|1\n|-unboost|p2a: Great Tusk|spd|1\n|move|p1a: Manaphy|Scald|p2a: Great Tusk\n|-supereffective|p2a: Great Tusk\n|-damage|p2a: Great Tusk|7\/100\n|\n|-heal|p1a: Manaphy|51\/100|[from] item: Leftovers\n|upkeep\n|turn|6\n|\n|t:|1700202811\n|switch|p1a: Corviknight|Corviknight, M|100\/100\n|move|p2a: Great Tusk|Close Combat|p1a: Corviknight\n|-damage|p1a: Corviknight|66\/100\n|-unboost|p2a: Great Tusk|def|1\n|-unboost|p2a: Great Tusk|spd|1\n|\n|-heal|p1a: Corviknight|73\/100|[from] item: Leftovers\n|upkeep\n|turn|7\n|\n|t:|1700202821\n|move|p2a: Great Tusk|Close Combat|p1a: Corviknight\n|-damage|p1a: Corviknight|38\/100\n|-unboost|p2a: Great Tusk|def|1\n|-unboost|p2a: Great Tusk|spd|1\n|move|p1a: Corviknight|Brave Bird|p2a: Great Tusk\n|-supereffective|p2a: Great Tusk\n|-damage|p2a: Great Tusk|0 fnt\n|faint|p2a: Great Tusk\n|-end|p2a: Great Tusk|Protosynthesis|[silent]\n|-damage|p1a: Corviknight|36\/100|[from] Recoil\n|\n|-heal|p1a: Corviknight|42\/100|[from] item: Leftovers\n|upkeep\n|\n|t:|1700202833\n|switch|p2a: Hydreigon|Hydreigon, M, shiny|100\/100\n|turn|8\n|\n|t:|1700202837\n|move|p2a: Hydreigon|Dark Pulse|p1a: Corviknight\n|-damage|p1a: Corviknight|0 fnt\n|faint|p1a: Corviknight\n|\n|upkeep\n|\n|t:|1700202841\n|switch|p1a: Ribombee|Ribombee, F|100\/100\n|turn|9\n|\n|t:|1700202848\n|move|p1a: Ribombee|Quiver Dance|p1a: Ribombee\n|-boost|p1a: Ribombee|spa|1\n|-boost|p1a: Ribombee|spd|1\n|-boost|p1a: Ribombee|spe|1\n|move|p2a: Hydreigon|Tera Blast|p1a: Ribombee\n|-damage|p1a: Ribombee|69\/100\n|\n|upkeep\n|turn|10\n|\n|t:|1700202856\n|-terastallize|p2a: Hydreigon|Poison\n|move|p1a: Ribombee|Moonblast|p2a: Hydreigon\n|-resisted|p2a: Hydreigon\n|-damage|p2a: Hydreigon|68\/100\n|move|p2a: Hydreigon|Tera Blast|p1a: Ribombee|[anim] Tera Blast Poison\n|-supereffective|p1a: Ribombee\n|-crit|p1a: Ribombee\n|-damage|p1a: Ribombee|0 fnt\n|faint|p1a: Ribombee\n|\n|-heal|p2a: Hydreigon|74\/100|[from] item: Leftovers\n|upkeep\n|\n|t:|1700202865\n|switch|p1a: Garganacl|Garganacl, M|100\/100\n|turn|11\n|\n|t:|1700202871\n|move|p2a: Hydreigon|Nasty Plot|p2a: Hydreigon\n|-boost|p2a: Hydreigon|spa|2\n|move|p1a: Garganacl|Salt Cure|p2a: Hydreigon\n|-damage|p2a: Hydreigon|58\/100\n|-start|p2a: Hydreigon|Salt Cure\n|\n|-heal|p2a: Hydreigon|64\/100|[from] item: Leftovers\n|-damage|p2a: Hydreigon|52\/100|[from] Salt Cure\n|upkeep\n|turn|12\n|\n|t:|1700202880\n|move|p1a: Garganacl|Protect|p1a: Garganacl\n|-singleturn|p1a: Garganacl|Protect\n|move|p2a: Hydreigon|Dark Pulse|p1a: Garganacl\n|-activate|p1a: Garganacl|move: Protect\n|\n|-heal|p2a: Hydreigon|58\/100|[from] item: Leftovers\n|-damage|p2a: Hydreigon|45\/100|[from] Salt Cure\n|upkeep\n|turn|13\n|\n|t:|1700202891\n|move|p2a: Hydreigon|Draco Meteor|p1a: Garganacl|[miss]\n|-miss|p2a: Hydreigon|p1a: Garganacl\n|move|p1a: Garganacl|Recover||[still]\n|-fail|p1a: Garganacl|heal\n|\n|-heal|p2a: Hydreigon|52\/100|[from] item: Leftovers\n|-damage|p2a: Hydreigon|39\/100|[from] Salt Cure\n|upkeep\n|turn|14\n|\n|t:|1700202900\n|move|p1a: Garganacl|Protect|p1a: Garganacl\n|-singleturn|p1a: Garganacl|Protect\n|move|p2a: Hydreigon|Dark Pulse|p1a: Garganacl\n|-activate|p1a: Garganacl|move: Protect\n|\n|-heal|p2a: Hydreigon|45\/100|[from] item: Leftovers\n|-damage|p2a: Hydreigon|33\/100|[from] Salt Cure\n|upkeep\n|turn|15\n|\n|t:|1700202909\n|move|p2a: Hydreigon|Draco Meteor|p1a: Garganacl\n|-damage|p1a: Garganacl|0 fnt\n|-unboost|p2a: Hydreigon|spa|2\n|faint|p1a: Garganacl\n|\n|-heal|p2a: Hydreigon|39\/100|[from] item: Leftovers\n|-damage|p2a: Hydreigon|27\/100|[from] Salt Cure\n|upkeep\n|\n|t:|1700202913\n|switch|p1a: Manaphy|Manaphy|51\/100\n|turn|16\n|\n|t:|1700202920\n|move|p2a: Hydreigon|Draco Meteor|p1a: Manaphy\n|-damage|p1a: Manaphy|0 fnt\n|-unboost|p2a: Hydreigon|spa|2\n|faint|p1a: Manaphy\n|\n|-heal|p2a: Hydreigon|33\/100|[from] item: Leftovers\n|-damage|p2a: Hydreigon|21\/100|[from] Salt Cure\n|upkeep\n|\n|t:|1700202924\n|switch|p1a: Dragapult|Dragapult, M|100\/100\n|turn|17\n|\n|t:|1700202931\n|-terastallize|p1a: Dragapult|Steel\n|move|p1a: Dragapult|Dragon Dance|p1a: Dragapult\n|-boost|p1a: Dragapult|atk|1\n|-boost|p1a: Dragapult|spe|1\n|move|p2a: Hydreigon|Draco Meteor|p1a: Dragapult\n|-resisted|p1a: Dragapult\n|-damage|p1a: Dragapult|78\/100\n|-unboost|p2a: Hydreigon|spa|2\n|\n|-heal|p2a: Hydreigon|27\/100|[from] item: Leftovers\n|-damage|p2a: Hydreigon|15\/100|[from] Salt Cure\n|upkeep\n|turn|18\n|\n|t:|1700202945\n|switch|p2a: Garganacl|Garganacl, F|100\/100\n|move|p1a: Dragapult|Phantom Force||[still]\n|-prepare|p1a: Dragapult|Phantom Force\n|\n|upkeep\n|turn|19\n|\n|t:|1700202951\n|move|p1a: Dragapult|Phantom Force|p2a: Garganacl|[from]lockedmove\n|-damage|p2a: Garganacl|66\/100\n|-damage|p1a: Dragapult|68\/100|[from] item: Life Orb\n|move|p2a: Garganacl|Salt Cure|p1a: Dragapult\n|-resisted|p1a: Dragapult\n|-damage|p1a: Dragapult|59\/100\n|-start|p1a: Dragapult|Salt Cure\n|\n|-heal|p2a: Garganacl|72\/100|[from] item: Leftovers\n|-damage|p1a: Dragapult|34\/100|[from] Salt Cure\n|upkeep\n|turn|20\n|\n|t:|1700202963\n|switch|p2a: Iron Valiant|Iron Valiant, shiny|100\/100\n|-enditem|p2a: Iron Valiant|Booster Energy\n|-activate|p2a: Iron Valiant|ability: Quark Drive|[fromitem]\n|-start|p2a: Iron Valiant|quarkdrivespe\n|move|p1a: Dragapult|Dragon Darts|p2a: Iron Valiant\n|-immune|p2a: Iron Valiant\n|\n|-damage|p1a: Dragapult|9\/100|[from] Salt Cure\n|upkeep\n|turn|21\n|c|\u2606Cinny69|Gg\n|\n|t:|1700202976\n|move|p1a: Dragapult|Phantom Force||[still]\n|-prepare|p1a: Dragapult|Phantom Force\n|move|p2a: Iron Valiant|Encore|p1a: Dragapult|[miss]\n|-miss|p2a: Iron Valiant|p1a: Dragapult\n|\n|-damage|p1a: Dragapult|0 fnt|[from] Salt Cure\n|faint|p1a: Dragapult\n|\n|win|Cinny69\n|upkeep\n|raw|zelda003's rating: 1322 &rarr; <strong>1304<\/strong><br \/>(-18 for losing)\n|raw|Cinny69's rating: 1351 &rarr; <strong>1369<\/strong><br \/>(+18 for winning)\n|c|\u2606zelda003|Gg\n|l|\u2606zelda003\n","uploadtime":1700202986,"views":9,"p1id":"zelda003","p2id":"cinny69","formatid":"gen9ou","rating":1304,"private":0,"password":""}