{"id":"gen9ou-2000110771","p1":"DrSliced","p2":"Remioche","format":"[Gen 9] OU","log":"|j|\u2606DrSliced\n|j|\u2606Remioche\n|t:|1701156763\n|gametype|singles\n|player|p1|DrSliced|n-masters|1592\n|player|p2|Remioche|unknown|1698\n|teamsize|p1|6\n|teamsize|p2|6\n|gen|9\n|tier|[Gen 9] OU\n|rated|\n|rule|Sleep Clause Mod: Limit one foe put to sleep\n|rule|Species Clause: Limit one of each Pok\u00e9mon\n|rule|OHKO Clause: OHKO moves are banned\n|rule|Evasion Items Clause: Evasion items are banned\n|rule|Evasion Moves Clause: Evasion moves are banned\n|rule|Endless Battle Clause: Forcing endless battles is banned\n|rule|HP Percentage Mod: HP is shown in percentages\n|clearpoke\n|poke|p1|Decidueye-Hisui, F|\n|poke|p1|Slowking-Galar, M|\n|poke|p1|Heatran, M|\n|poke|p1|Zapdos|\n|poke|p1|Great Tusk|\n|poke|p1|Cinderace, M|\n|poke|p2|Sandy Shocks|\n|poke|p2|Slowking-Galar, F|\n|poke|p2|Dragonite, F|\n|poke|p2|Corviknight, M|\n|poke|p2|Cinderace, M|\n|poke|p2|Iron Valiant|\n|teampreview\n|inactive|Battle timer is ON: inactive players will automatically lose when time's up. (requested by Remioche)\n|inactive|Remioche has 120 seconds left.\n|\n|t:|1701156797\n|start\n|switch|p1a: Decidueye|Decidueye-Hisui, F|100\/100\n|switch|p2a: Kouign Amann|Sandy Shocks|100\/100\n|turn|1\n|\n|t:|1701156810\n|move|p2a: Kouign Amann|Volt Switch|p1a: Decidueye\n|-resisted|p1a: Decidueye\n|-damage|p1a: Decidueye|72\/100\n|inactive|Remioche has 120 seconds left.\n|\n|t:|1701156840\n|-end|p2a: Kouign Amann|Protosynthesis|[silent]\n|switch|p2a: Dragonite|Dragonite, F|100\/100|[from] Volt Switch\n|move|p1a: Decidueye|Triple Arrows|p2a: Dragonite\n|-resisted|p2a: Dragonite\n|-damage|p2a: Dragonite|90\/100\n|-unboost|p2a: Dragonite|def|1\n|\n|upkeep\n|turn|2\n|\n|t:|1701156845\n|move|p2a: Dragonite|Thunder Wave|p1a: Decidueye\n|-status|p1a: Decidueye|par\n|cant|p1a: Decidueye|par\n|\n|upkeep\n|turn|3\n|\n|t:|1701156858\n|switch|p2a: Slowking|Slowking-Galar, F|100\/100\n|move|p1a: Decidueye|Knock Off|p2a: Slowking\n|-supereffective|p2a: Slowking\n|-damage|p2a: Slowking|41\/100\n|-enditem|p2a: Slowking|Leftovers|[from] move: Knock Off|[of] p1a: Decidueye\n|\n|upkeep\n|turn|4\n|\n|t:|1701156867\n|switch|p1a: Heatran|Heatran, M|100\/100\n|move|p2a: Slowking|Chilly Reception|p2a: Slowking\n|-weather|Snow\n|\n|t:|1701156875\n|switch|p2a: Kouign Amann|Sandy Shocks|100\/100|[from] Chilly Reception\n|\n|-weather|Snow|[upkeep]\n|upkeep\n|turn|5\n|\n|t:|1701156878\n|switch|p1a: Decidueye|Decidueye-Hisui, F|72\/100 par\n|move|p2a: Kouign Amann|Volt Switch|p1a: Decidueye\n|-resisted|p1a: Decidueye\n|-damage|p1a: Decidueye|45\/100 par\n|\n|t:|1701156887\n|-end|p2a: Kouign Amann|Protosynthesis|[silent]\n|switch|p2a: Iron Valiant|Iron Valiant|100\/100|[from] Volt Switch\n|\n|-weather|Snow|[upkeep]\n|upkeep\n|turn|6\n|\n|t:|1701156894\n|switch|p1a: Slowking|Slowking-Galar, M|100\/100\n|move|p2a: Iron Valiant|Moonblast|p1a: Slowking\n|-resisted|p1a: Slowking\n|-damage|p1a: Slowking|90\/100\n|-unboost|p1a: Slowking|spa|1\n|\n|-weather|Snow|[upkeep]\n|upkeep\n|turn|7\n|\n|t:|1701156898\n|-end|p2a: Iron Valiant|Quark Drive|[silent]\n|switch|p2a: Slowking|Slowking-Galar, F|75\/100\n|move|p1a: Slowking|Thunder Wave|p2a: Slowking\n|-status|p2a: Slowking|par\n|\n|-weather|Snow|[upkeep]\n|upkeep\n|turn|8\n|\n|t:|1701156902\n|move|p1a: Slowking|Earthquake|p2a: Slowking\n|-supereffective|p2a: Slowking\n|-damage|p2a: Slowking|41\/100 par\n|cant|p2a: Slowking|par\n|\n|-weather|none\n|upkeep\n|turn|9\n|\n|t:|1701156911\n|move|p1a: Slowking|Earthquake|p2a: Slowking\n|-supereffective|p2a: Slowking\n|-damage|p2a: Slowking|10\/100 par\n|move|p2a: Slowking|Chilly Reception|p2a: Slowking\n|-weather|Snow\n|\n|t:|1701156926\n|switch|p2a: Jeaneau|Cinderace, M, shiny|100\/100|[from] Chilly Reception\n|\n|-weather|Snow|[upkeep]\n|upkeep\n|turn|10\n|\n|t:|1701156929\n|move|p2a: Jeaneau|U-turn|p1a: Slowking\n|-start|p2a: Jeaneau|typechange|Bug|[from] ability: Libero\n|-damage|p1a: Slowking|59\/100\n|\n|t:|1701156932\n|switch|p2a: Slowking|Slowking-Galar, F|43\/100 par|[from] U-turn\n|move|p1a: Slowking|Thunder Wave|p2a: Slowking\n|-fail|p2a: Slowking|par\n|\n|-weather|Snow|[upkeep]\n|upkeep\n|turn|11\n|\n|t:|1701156937\n|switch|p2a: Corviknight|Corviknight, M|100\/100\n|-ability|p2a: Corviknight|Pressure\n|move|p1a: Slowking|Earthquake|p2a: Corviknight\n|-immune|p2a: Corviknight\n|\n|-weather|Snow|[upkeep]\n|upkeep\n|turn|12\n|\n|t:|1701156941\n|move|p2a: Corviknight|U-turn|p1a: Slowking\n|-damage|p1a: Slowking|47\/100\n|\n|t:|1701156947\n|switch|p2a: Kouign Amann|Sandy Shocks|100\/100|[from] U-turn\n|move|p1a: Slowking|Chilly Reception|p1a: Slowking\n|\n|t:|1701156955\n|switch|p1a: Decidueye|Decidueye-Hisui, F|45\/100 par|[from] Chilly Reception\n|\n|-weather|Snow|[upkeep]\n|upkeep\n|turn|13\n|\n|t:|1701156960\n|move|p2a: Kouign Amann|Volt Switch|p1a: Decidueye\n|-resisted|p1a: Decidueye\n|-damage|p1a: Decidueye|20\/100 par\n|\n|t:|1701156964\n|-end|p2a: Kouign Amann|Protosynthesis|[silent]\n|switch|p2a: Dragonite|Dragonite, F|90\/100|[from] Volt Switch\n|move|p1a: Decidueye|Roost|p1a: Decidueye\n|-heal|p1a: Decidueye|70\/100 par\n|-singleturn|p1a: Decidueye|move: Roost\n|\n|-weather|none\n|upkeep\n|turn|14\n|\n|t:|1701156971\n|switch|p1a: Zapdos|Zapdos|100\/100\n|move|p2a: Dragonite|Earthquake|p1a: Zapdos\n|-immune|p1a: Zapdos\n|\n|upkeep\n|turn|15\n|\n|t:|1701156975\n|switch|p2a: Slowking|Slowking-Galar, F|76\/100 par\n|move|p1a: Zapdos|Hurricane|p2a: Slowking\n|-damage|p2a: Slowking|44\/100 par\n|\n|upkeep\n|turn|16\n|\n|t:|1701156979\n|move|p1a: Zapdos|Hurricane|p2a: Slowking\n|-damage|p2a: Slowking|9\/100 par\n|move|p2a: Slowking|Chilly Reception|p2a: Slowking\n|-weather|Snow\n|\n|t:|1701156986\n|switch|p2a: Kouign Amann|Sandy Shocks|100\/100|[from] Chilly Reception\n|\n|-weather|Snow|[upkeep]\n|upkeep\n|turn|17\n|\n|t:|1701156991\n|switch|p1a: Great Tusk|Great Tusk|100\/100\n|-enditem|p1a: Great Tusk|Booster Energy\n|-activate|p1a: Great Tusk|ability: Protosynthesis|[fromitem]\n|-start|p1a: Great Tusk|protosynthesisspe\n|-terastallize|p2a: Kouign Amann|Ice\n|move|p2a: Kouign Amann|Tera Blast|p1a: Great Tusk|[anim] Tera Blast Ice\n|-supereffective|p1a: Great Tusk\n|-damage|p1a: Great Tusk|0 fnt\n|faint|p1a: Great Tusk\n|-end|p1a: Great Tusk|Protosynthesis|[silent]\n|\n|-weather|Snow|[upkeep]\n|upkeep\n|\n|t:|1701157001\n|switch|p1a: Cinderace|Cinderace, M|100\/100\n|turn|18\n|\n|t:|1701157007\n|-end|p2a: Kouign Amann|Protosynthesis|[silent]\n|switch|p2a: Dragonite|Dragonite, F|90\/100\n|move|p1a: Cinderace|Swords Dance|p1a: Cinderace\n|-start|p1a: Cinderace|typechange|Normal|[from] ability: Libero\n|-boost|p1a: Cinderace|atk|2\n|\n|-weather|Snow|[upkeep]\n|upkeep\n|turn|19\n|inactive|DrSliced has 120 seconds left.\n|c|\u2606Remioche|why do u play Libero with SD ?\n|inactive|DrSliced has 90 seconds left.\n|\n|t:|1701157068\n|move|p1a: Cinderace|Double-Edge|p2a: Dragonite\n|-damage|p2a: Dragonite|0 fnt\n|faint|p2a: Dragonite\n|-damage|p1a: Cinderace|65\/100|[from] Recoil\n|\n|-weather|Snow|[upkeep]\n|upkeep\n|c|\u2606Remioche|OK\n|\n|t:|1701157077\n|switch|p2a: Iron Valiant|Iron Valiant|100\/100\n|turn|20\n|inactive|DrSliced has 90 seconds left.\n|inactive|Remioche has 120 seconds left.\n|\n|t:|1701157130\n|switch|p1a: Slowking|Slowking-Galar, M|80\/100\n|move|p2a: Iron Valiant|Close Combat|p1a: Slowking\n|-resisted|p1a: Slowking\n|-crit|p1a: Slowking\n|-damage|p1a: Slowking|58\/100\n|-unboost|p2a: Iron Valiant|def|1\n|-unboost|p2a: Iron Valiant|spd|1\n|\n|-weather|none\n|upkeep\n|turn|21\n|\n|t:|1701157135\n|-end|p2a: Iron Valiant|Quark Drive|[silent]\n|switch|p2a: Slowking|Slowking-Galar, F|42\/100 par\n|move|p1a: Slowking|Chilly Reception|p1a: Slowking\n|-weather|Snow\n|inactive|DrSliced has 90 seconds left.\n|\n|t:|1701157166\n|switch|p1a: Cinderace|Cinderace, M|65\/100|[from] Chilly Reception\n|\n|-weather|Snow|[upkeep]\n|upkeep\n|turn|22\n|\n|t:|1701157176\n|move|p1a: Cinderace|Pyro Ball|p2a: Slowking\n|-damage|p2a: Slowking|0 fnt\n|faint|p2a: Slowking\n|\n|-weather|Snow|[upkeep]\n|upkeep\n|\n|t:|1701157182\n|switch|p2a: Jeaneau|Cinderace, M, shiny|100\/100\n|turn|23\n|inactive|DrSliced has 90 seconds left.\n|inactive|Remioche has 120 seconds left.\n|inactive|DrSliced has 60 seconds left.\n|\n|t:|1701157249\n|switch|p1a: Zapdos|Zapdos|100\/100\n|move|p2a: Jeaneau|U-turn|p1a: Zapdos\n|-start|p2a: Jeaneau|typechange|Bug|[from] ability: Libero\n|-resisted|p1a: Zapdos\n|-damage|p1a: Zapdos|81\/100\n|-status|p2a: Jeaneau|par|[from] ability: Static|[of] p1a: Zapdos\n|\n|t:|1701157254\n|switch|p2a: Kouign Amann|Sandy Shocks, tera:Ice|100\/100|[from] U-turn\n|\n|-weather|Snow|[upkeep]\n|upkeep\n|turn|24\n|inactive|DrSliced has 60 seconds left.\n|\n|t:|1701157263\n|switch|p1a: Slowking|Slowking-Galar, M|91\/100\n|move|p2a: Kouign Amann|Earth Power|p1a: Slowking\n|-supereffective|p1a: Slowking\n|-damage|p1a: Slowking|15\/100\n|\n|-weather|Snow|[upkeep]\n|upkeep\n|turn|25\n|\n|t:|1701157274\n|-end|p2a: Kouign Amann|Protosynthesis|[silent]\n|switch|p2a: Jeaneau|Cinderace, M, shiny|100\/100 par\n|switch|p1a: Zapdos|Zapdos|81\/100\n|\n|-weather|none\n|upkeep\n|turn|26\n|\n|t:|1701157281\n|move|p1a: Zapdos|Thunderbolt|p2a: Jeaneau\n|-damage|p2a: Jeaneau|31\/100 par\n|move|p2a: Jeaneau|Pyro Ball|p1a: Zapdos\n|-damage|p1a: Zapdos|6\/100\n|\n|upkeep\n|turn|27\n|inactive|DrSliced has 60 seconds left.\n|\n|t:|1701157307\n|-terastallize|p1a: Zapdos|Water\n|move|p1a: Zapdos|Roost|p1a: Zapdos\n|-heal|p1a: Zapdos|56\/100\n|move|p2a: Jeaneau|Pyro Ball|p1a: Zapdos\n|-resisted|p1a: Zapdos\n|-damage|p1a: Zapdos|20\/100\n|\n|upkeep\n|turn|28\n|inactive|DrSliced has 60 seconds left.\n|\n|t:|1701157315\n|switch|p2a: Kouign Amann|Sandy Shocks, tera:Ice|100\/100\n|move|p1a: Zapdos|Roost|p1a: Zapdos\n|-heal|p1a: Zapdos|70\/100\n|\n|upkeep\n|turn|29\n|\n|t:|1701157323\n|switch|p1a: Decidueye|Decidueye-Hisui, F|70\/100 par\n|move|p2a: Kouign Amann|Thunderbolt|p1a: Decidueye\n|-resisted|p1a: Decidueye\n|-damage|p1a: Decidueye|34\/100 par\n|\n|upkeep\n|turn|30\n|\n|t:|1701157328\n|move|p2a: Kouign Amann|Thunderbolt|p1a: Decidueye\n|-resisted|p1a: Decidueye\n|-damage|p1a: Decidueye|0 fnt\n|faint|p1a: Decidueye\n|\n|upkeep\n|\n|t:|1701157331\n|switch|p1a: Cinderace|Cinderace, M|65\/100\n|turn|31\n|\n|t:|1701157335\n|-end|p2a: Kouign Amann|Protosynthesis|[silent]\n|switch|p2a: Jeaneau|Cinderace, M, shiny|31\/100 par\n|move|p1a: Cinderace|Pyro Ball|p2a: Jeaneau\n|-resisted|p2a: Jeaneau\n|-damage|p2a: Jeaneau|0 fnt\n|faint|p2a: Jeaneau\n|\n|upkeep\n|\n|t:|1701157338\n|switch|p2a: Iron Valiant|Iron Valiant|100\/100\n|turn|32\n|\n|t:|1701157366\n|switch|p1a: Slowking|Slowking-Galar, M|48\/100\n|move|p2a: Iron Valiant|Moonblast|p1a: Slowking\n|-resisted|p1a: Slowking\n|-damage|p1a: Slowking|36\/100\n|\n|upkeep\n|turn|33\n|\n|t:|1701157372\n|-end|p2a: Iron Valiant|Quark Drive|[silent]\n|switch|p2a: Corviknight|Corviknight, M|100\/100\n|-ability|p2a: Corviknight|Pressure\n|move|p1a: Slowking|Thunder Wave|p2a: Corviknight\n|-status|p2a: Corviknight|par\n|\n|upkeep\n|turn|34\n|\n|t:|1701157381\n|move|p2a: Corviknight|Iron Defense|p2a: Corviknight\n|-boost|p2a: Corviknight|def|2\n|move|p1a: Slowking|Chilly Reception|p1a: Slowking\n|-weather|Snow\n|\n|t:|1701157386\n|switch|p1a: Zapdos|Zapdos, tera:Water|70\/100|[from] Chilly Reception\n|\n|-weather|Snow|[upkeep]\n|upkeep\n|turn|35\n|\n|t:|1701157392\n|move|p1a: Zapdos|Thunderbolt|p2a: Corviknight\n|-supereffective|p2a: Corviknight\n|-damage|p2a: Corviknight|8\/100 par\n|move|p2a: Corviknight|U-turn|p1a: Zapdos\n|-damage|p1a: Zapdos|53\/100\n|\n|t:|1701157395\n|switch|p2a: Kouign Amann|Sandy Shocks, tera:Ice|100\/100|[from] U-turn\n|\n|-weather|Snow|[upkeep]\n|upkeep\n|turn|36\n|inactive|Remioche has 120 seconds left.\n|\n|t:|1701157451\n|move|p2a: Kouign Amann|Earth Power|p1a: Zapdos\n|-damage|p1a: Zapdos|0 fnt\n|faint|p1a: Zapdos\n|\n|-weather|Snow|[upkeep]\n|upkeep\n|inactive|DrSliced has 120 seconds left.\n|\n|t:|1701157477\n|switch|p1a: Slowking|Slowking-Galar, M|70\/100\n|turn|37\n|\n|t:|1701157489\n|-end|p2a: Kouign Amann|Protosynthesis|[silent]\n|switch|p2a: Corviknight|Corviknight, M|8\/100 par\n|-ability|p2a: Corviknight|Pressure\n|switch|p1a: Heatran|Heatran, M|100\/100\n|\n|-weather|Snow|[upkeep]\n|-heal|p2a: Corviknight|14\/100 par|[from] item: Leftovers\n|upkeep\n|turn|38\n|\n|t:|1701157501\n|move|p1a: Heatran|Stealth Rock|p2a: Corviknight\n|-sidestart|p2: Remioche|move: Stealth Rock\n|cant|p2a: Corviknight|par\n|\n|-weather|none\n|-heal|p2a: Corviknight|20\/100 par|[from] item: Leftovers\n|upkeep\n|turn|39\n|\n|t:|1701157512\n|move|p1a: Heatran|Magma Storm|p2a: Corviknight|[miss]\n|-miss|p1a: Heatran|p2a: Corviknight\n|move|p2a: Corviknight|Roost|p2a: Corviknight\n|-heal|p2a: Corviknight|70\/100 par\n|-singleturn|p2a: Corviknight|move: Roost\n|\n|-heal|p2a: Corviknight|76\/100 par|[from] item: Leftovers\n|upkeep\n|turn|40\n|\n|t:|1701157515\n|move|p1a: Heatran|Magma Storm|p2a: Corviknight\n|-supereffective|p2a: Corviknight\n|-damage|p2a: Corviknight|0 fnt\n|faint|p2a: Corviknight\n|\n|upkeep\n|\n|t:|1701157519\n|switch|p2a: Kouign Amann|Sandy Shocks, tera:Ice|100\/100\n|-damage|p2a: Kouign Amann|76\/100|[from] Stealth Rock\n|turn|41\n|\n|t:|1701157524\n|move|p2a: Kouign Amann|Earth Power|p1a: Heatran\n|-supereffective|p1a: Heatran\n|-damage|p1a: Heatran|0 fnt\n|faint|p1a: Heatran\n|\n|upkeep\n|\n|t:|1701157529\n|switch|p1a: Cinderace|Cinderace, M|65\/100\n|turn|42\n|\n|t:|1701157534\n|-end|p2a: Kouign Amann|Protosynthesis|[silent]\n|switch|p2a: Iron Valiant|Iron Valiant|100\/100\n|-damage|p2a: Iron Valiant|94\/100|[from] Stealth Rock\n|move|p1a: Cinderace|Pyro Ball|p2a: Iron Valiant\n|-damage|p2a: Iron Valiant|14\/100\n|\n|upkeep\n|turn|43\n|\n|t:|1701157539\n|switch|p1a: Slowking|Slowking-Galar, M|100\/100\n|move|p2a: Iron Valiant|Knock Off|p1a: Slowking\n|-supereffective|p1a: Slowking\n|-damage|p1a: Slowking|41\/100\n|-enditem|p1a: Slowking|Heavy-Duty Boots|[from] move: Knock Off|[of] p2a: Iron Valiant\n|\n|upkeep\n|turn|44\n|\n|t:|1701157552\n|move|p2a: Iron Valiant|Knock Off|p1a: Slowking\n|-supereffective|p1a: Slowking\n|-damage|p1a: Slowking|0 fnt\n|faint|p1a: Slowking\n|\n|upkeep\n|\n|t:|1701157556\n|switch|p1a: Cinderace|Cinderace, M|65\/100\n|turn|45\n|\n|t:|1701157563\n|move|p2a: Iron Valiant|Knock Off|p1a: Cinderace\n|-damage|p1a: Cinderace|14\/100\n|-enditem|p1a: Cinderace|Heavy-Duty Boots|[from] move: Knock Off|[of] p2a: Iron Valiant\n|move|p1a: Cinderace|Pyro Ball|p2a: Iron Valiant\n|-damage|p2a: Iron Valiant|0 fnt\n|faint|p2a: Iron Valiant\n|-end|p2a: Iron Valiant|Quark Drive|[silent]\n|\n|upkeep\n|\n|t:|1701157569\n|switch|p2a: Kouign Amann|Sandy Shocks, tera:Ice|76\/100\n|-damage|p2a: Kouign Amann|51\/100|[from] Stealth Rock\n|turn|46\n|c|\u2606Remioche|gg\n|inactive|DrSliced has 120 seconds left.\n|inactive|DrSliced has 90 seconds left.\n|inactive|DrSliced has 60 seconds left.\n|c|\u2606DrSliced|yo turn off timer rq\n|c|\u2606DrSliced|i gotta do some research\n|inactive|DrSliced has 30 seconds left.\n|inactiveoff|Battle timer is now OFF.\n|c|\u2606DrSliced|Bless\n|c|\u2606DrSliced|LMAO\n|c|\u2606DrSliced|ill explain after\n|inactive|Battle timer is ON: inactive players will automatically lose when time's up. (requested by Remioche)\n|inactive|DrSliced has 30 seconds left.\n|inactiveoff|Battle timer is now OFF.\n|c|\u2606DrSliced|ok heres my dilemma\n|c|\u2606DrSliced|idk if me dying to recoil\n|c|\u2606DrSliced|counts as me losing\n|c|\u2606Remioche|if u click double-edge I loose because I faint first\n|c|\u2606DrSliced|but i dont wanna risk the pyroball accuracy\n|c|\u2606DrSliced|LMFAOOOOOO\n|c|\u2606DrSliced|bet\n|\n|t:|1701157805\n|move|p1a: Cinderace|Double-Edge|p2a: Kouign Amann\n|-start|p1a: Cinderace|typechange|Normal|[from] ability: Libero\n|-damage|p2a: Kouign Amann|0 fnt\n|faint|p2a: Kouign Amann\n|-end|p2a: Kouign Amann|Protosynthesis|[silent]\n|-damage|p1a: Cinderace|0 fnt|[from] Recoil\n|faint|p1a: Cinderace\n|\n|win|DrSliced\n|raw|DrSliced's rating: 1592 &rarr; <strong>1618<\/strong><br \/>(+26 for winning)\n|raw|Remioche's rating: 1698 &rarr; <strong>1672<\/strong><br \/>(-26 for losing)\n|c|\u2606DrSliced|oh my god\n|c|\u2606DrSliced|i genuinely didnt know\n|c|\u2606DrSliced|LMAO\n|c|\u2606DrSliced|gg\n|c|\u2606Remioche|gg\n","uploadtime":1701157821,"views":19,"p1id":"drsliced","p2id":"remioche","formatid":"gen9ou","rating":1618,"private":0,"password":""}