{"id":"gen9ou-1998043546","p1":"Cardo Pixelado","p2":"Imanjoneser","format":"[Gen 9] OU","log":"|j|\u2606Cardo Pixelado\n|j|\u2606Imanjoneser\n|t:|1700882890\n|gametype|singles\n|player|p1|Cardo Pixelado|veteran|\n|player|p2|Imanjoneser|bugcatcher-gen4dp|\n|teamsize|p1|6\n|teamsize|p2|6\n|gen|9\n|tier|[Gen 9] OU\n|rule|Sleep Clause Mod: Limit one foe put to sleep\n|rule|Species Clause: Limit one of each Pok\u00e9mon\n|rule|OHKO Clause: OHKO moves are banned\n|rule|Evasion Items Clause: Evasion items are banned\n|rule|Evasion Moves Clause: Evasion moves are banned\n|rule|Endless Battle Clause: Forcing endless battles is banned\n|rule|HP Percentage Mod: HP is shown in percentages\n|clearpoke\n|poke|p1|Gengar, M|\n|poke|p1|Ninetales-Alola, F|\n|poke|p1|Blissey, F|\n|poke|p1|Cinderace, M|\n|poke|p1|Dragonite, M|\n|poke|p1|Clefable, F|\n|poke|p2|Great Tusk|\n|poke|p2|Gastrodon, M|\n|poke|p2|Sandy Shocks|\n|poke|p2|Torterra, M|\n|poke|p2|Camerupt, M|\n|poke|p2|Mudsdale, M|\n|teampreview\n|c|\u2606Imanjoneser|Heyo\n|c|\u2606Cardo Pixelado|I don't know why, I can't chat in the lobby or accept friend request Q_Q\n|c|\u2606Imanjoneser|That's odd\n|c|\u2606Cardo Pixelado|says that I need to have autoconfirm or something\n|\n|t:|1700882964\n|start\n|switch|p1a: Ninetales|Ninetales-Alola, F|100\/100\n|switch|p2a: Camerupt|Camerupt, M, shiny|100\/100\n|-weather|Snow|[from] ability: Snow Warning|[of] p1a: Ninetales\n|turn|1\n|c|\u2606Imanjoneser|Yeah Idk what's up with that\n|\n|t:|1700882975\n|move|p1a: Ninetales|Aurora Veil|p1a: Ninetales\n|-sidestart|p1: Cardo Pixelado|move: Aurora Veil\n|move|p2a: Camerupt|Trailblaze|p1a: Ninetales\n|-damage|p1a: Ninetales|96\/100\n|-boost|p2a: Camerupt|spe|1\n|\n|-weather|Snow|[upkeep]\n|upkeep\n|turn|2\n|\n|t:|1700882983\n|move|p1a: Ninetales|Freeze-Dry|p2a: Camerupt\n|-damage|p2a: Camerupt|69\/100\n|move|p2a: Camerupt|Sandstorm|p2a: Camerupt\n|-weather|Sandstorm\n|\n|-weather|Sandstorm|[upkeep]\n|-damage|p1a: Ninetales|90\/100|[from] Sandstorm\n|-heal|p2a: Camerupt|75\/100|[from] item: Leftovers\n|upkeep\n|turn|3\n|\n|t:|1700882990\n|move|p1a: Ninetales|Snowscape|p1a: Ninetales\n|-weather|Snow\n|move|p2a: Camerupt|Trailblaze|p1a: Ninetales\n|-damage|p1a: Ninetales|86\/100\n|-boost|p2a: Camerupt|spe|1\n|\n|-weather|Snow|[upkeep]\n|-heal|p2a: Camerupt|81\/100|[from] item: Leftovers\n|upkeep\n|turn|4\n|c|\u2606Imanjoneser|lol no more snow\n|c|\u2606Imanjoneser|XD\n|c|\u2606Cardo Pixelado|#TeamCold\n|\n|t:|1700883010\n|move|p2a: Camerupt|Sandstorm|p2a: Camerupt\n|-weather|Sandstorm\n|move|p1a: Ninetales|Freeze-Dry|p2a: Camerupt\n|-damage|p2a: Camerupt|50\/100\n|\n|-weather|Sandstorm|[upkeep]\n|-damage|p1a: Ninetales|80\/100|[from] Sandstorm\n|-heal|p2a: Camerupt|56\/100|[from] item: Leftovers\n|upkeep\n|turn|5\n|c|\u2606Imanjoneser|Lmao\n|\n|t:|1700883025\n|move|p2a: Camerupt|Lava Plume|p1a: Ninetales\n|-supereffective|p1a: Ninetales\n|-damage|p1a: Ninetales|45\/100\n|move|p1a: Ninetales|Snowscape|p1a: Ninetales\n|-weather|Snow\n|\n|-weather|Snow|[upkeep]\n|-heal|p2a: Camerupt|62\/100|[from] item: Leftovers\n|upkeep\n|turn|6\n|\n|t:|1700883032\n|switch|p1a: Blissey|Blissey, F|100\/100\n|move|p2a: Camerupt|Lava Plume|p1a: Blissey\n|-damage|p1a: Blissey|94\/100\n|\n|-weather|Snow|[upkeep]\n|-heal|p2a: Camerupt|68\/100|[from] item: Leftovers\n|upkeep\n|turn|7\n|c|\u2606Imanjoneser|XD\n|\n|t:|1700883043\n|move|p2a: Camerupt|Sandstorm|p2a: Camerupt\n|-weather|Sandstorm\n|move|p1a: Blissey|Shadow Ball|p2a: Camerupt\n|-damage|p2a: Camerupt|45\/100\n|\n|-weather|Sandstorm|[upkeep]\n|-damage|p1a: Blissey|88\/100|[from] Sandstorm\n|-heal|p2a: Camerupt|51\/100|[from] item: Leftovers\n|upkeep\n|turn|8\n|c|\u2606Imanjoneser|COME BACK HERE XD\n|\n|t:|1700883053\n|move|p2a: Camerupt|Lava Plume|p1a: Blissey\n|-damage|p1a: Blissey|82\/100\n|move|p1a: Blissey|Shadow Ball|p2a: Camerupt\n|-damage|p2a: Camerupt|30\/100\n|\n|-weather|Sandstorm|[upkeep]\n|-damage|p1a: Blissey|76\/100|[from] Sandstorm\n|-heal|p2a: Camerupt|36\/100|[from] item: Leftovers\n|-sideend|p1: Cardo Pixelado|move: Aurora Veil\n|upkeep\n|turn|9\n|c|\u2606Cardo Pixelado|nope\n|c|\u2606Imanjoneser|ok :(\n|c|\u2606Imanjoneser|Guess my camerupts breath smelled\n|\n|t:|1700883082\n|move|p2a: Camerupt|Trailblaze|p1a: Blissey\n|-damage|p1a: Blissey|67\/100\n|-boost|p2a: Camerupt|spe|1\n|move|p1a: Blissey|Shadow Ball|p2a: Camerupt\n|-damage|p2a: Camerupt|14\/100\n|\n|-weather|Sandstorm|[upkeep]\n|-damage|p1a: Blissey|61\/100|[from] Sandstorm\n|-heal|p2a: Camerupt|20\/100|[from] item: Leftovers\n|upkeep\n|turn|10\n|c|\u2606Cardo Pixelado|a little... sulfur to be precise XD\n|c|\u2606Imanjoneser|lmaooo\n|c|\u2606Cardo Pixelado|I need to open my YT channel asap\n|\n|t:|1700883133\n|move|p2a: Camerupt|Lava Plume|p1a: Blissey\n|-damage|p1a: Blissey|47\/100\n|-status|p1a: Blissey|brn\n|move|p1a: Blissey|Shadow Ball|p2a: Camerupt\n|-damage|p2a: Camerupt|0 fnt\n|faint|p2a: Camerupt\n|\n|-weather|Sandstorm|[upkeep]\n|-damage|p1a: Blissey|41\/100 brn|[from] Sandstorm\n|-damage|p1a: Blissey|35\/100 brn|[from] brn\n|upkeep\n|c|\u2606Imanjoneser|Yeah man you should do it\n|\n|t:|1700883154\n|switch|p2a: Gastrodon|Gastrodon, M, shiny|100\/100\n|turn|11\n|c|\u2606Cardo Pixelado|ah this is my Unite and GO! team :D\n|\n|t:|1700883177\n|-curestatus|p1a: Blissey|brn|[from] ability: Natural Cure\n|switch|p1a: Gengar|Gengar, M, shiny|100\/100\n|move|p2a: Gastrodon|Amnesia|p2a: Gastrodon\n|-boost|p2a: Gastrodon|spd|2\n|\n|-weather|none\n|upkeep\n|turn|12\n|c|\u2606Imanjoneser|Oh you play pokemon go competitive?\n|c|\u2606Cardo Pixelado|a little bit\n|\n|t:|1700883191\n|move|p1a: Gengar|Trick|p2a: Gastrodon\n|-activate|p1a: Gengar|move: Trick|[of] p2a: Gastrodon\n|-item|p2a: Gastrodon|Choice Specs|[from] move: Trick\n|-item|p1a: Gengar|Leftovers|[from] move: Trick\n|move|p2a: Gastrodon|Surf|p1a: Gengar\n|-damage|p1a: Gengar|0 fnt\n|-start|p2a: Gastrodon|Disable|Surf|[from] ability: Cursed Body|[of] p1a: Gengar\n|faint|p1a: Gengar\n|\n|upkeep\n|c|\u2606Imanjoneser|Same!\n|c|\u2606Cardo Pixelado|ah shoot\n|\n|t:|1700883205\n|switch|p1a: Ninetales|Ninetales-Alola, F|45\/100\n|-weather|Snow|[from] ability: Snow Warning|[of] p1a: Ninetales\n|turn|13\n|\n|t:|1700883217\n|switch|p2a: Sandy Shocks|Sandy Shocks, shiny|100\/100\n|-enditem|p2a: Sandy Shocks|Booster Energy\n|-activate|p2a: Sandy Shocks|ability: Protosynthesis|[fromitem]\n|-start|p2a: Sandy Shocks|protosynthesisspe\n|-terastallize|p1a: Ninetales|Water\n|move|p1a: Ninetales|Freeze-Dry|p2a: Sandy Shocks\n|-supereffective|p2a: Sandy Shocks\n|-damage|p2a: Sandy Shocks|50\/100\n|-status|p2a: Sandy Shocks|frz\n|\n|-weather|Snow|[upkeep]\n|upkeep\n|turn|14\n|c|\u2606Imanjoneser|Omg here we go again frozen the rest of the battke\n|c|\u2606Imanjoneser|battle\n|\n|t:|1700883246\n|cant|p2a: Sandy Shocks|frz\n|move|p1a: Ninetales|Aurora Veil|p1a: Ninetales\n|-sidestart|p1: Cardo Pixelado|move: Aurora Veil\n|\n|-weather|Snow|[upkeep]\n|upkeep\n|turn|15\n|c|\u2606Cardo Pixelado|hahahahaha feel da power of cold u infidel! XD\n|c|\u2606Imanjoneser|XD\n|\n|t:|1700883267\n|cant|p2a: Sandy Shocks|frz\n|move|p1a: Ninetales|Freeze-Dry|p2a: Sandy Shocks\n|-supereffective|p2a: Sandy Shocks\n|-damage|p2a: Sandy Shocks|3\/100 frz\n|\n|-weather|Snow|[upkeep]\n|upkeep\n|turn|16\n|c|\u2606Imanjoneser|COME ON SANDY\n|\n|t:|1700883279\n|cant|p2a: Sandy Shocks|frz\n|move|p1a: Ninetales|Freeze-Dry|p2a: Sandy Shocks\n|-supereffective|p2a: Sandy Shocks\n|-damage|p2a: Sandy Shocks|0 fnt\n|faint|p2a: Sandy Shocks\n|-end|p2a: Sandy Shocks|Protosynthesis|[silent]\n|\n|-weather|Snow|[upkeep]\n|upkeep\n|c|\u2606Imanjoneser|OMG\n|c|\u2606Imanjoneser|No lol this is insane\n|\n|t:|1700883315\n|switch|p2a: Great Tusk|Great Tusk, shiny|100\/100\n|-enditem|p2a: Great Tusk|Booster Energy\n|-activate|p2a: Great Tusk|ability: Protosynthesis|[fromitem]\n|-start|p2a: Great Tusk|protosynthesisatk\n|turn|17\n|\n|t:|1700883325\n|move|p1a: Ninetales|Freeze-Dry|p2a: Great Tusk\n|-supereffective|p2a: Great Tusk\n|-damage|p2a: Great Tusk|35\/100\n|move|p2a: Great Tusk|Headlong Rush|p1a: Ninetales\n|-damage|p1a: Ninetales|0 fnt\n|-unboost|p2a: Great Tusk|def|1\n|-unboost|p2a: Great Tusk|spd|1\n|faint|p1a: Ninetales\n|\n|-weather|none\n|upkeep\n|c|\u2606Cardo Pixelado|uf\n|c|\u2606Imanjoneser|lol\n|c|\u2606Cardo Pixelado|that hurt like hell\n|\n|t:|1700883343\n|switch|p1a: Clefable|Clefable, F|100\/100\n|turn|18\n|\n|t:|1700883351\n|move|p2a: Great Tusk|Endeavor|p1a: Clefable\n|-damage|p1a: Clefable|33\/100\n|move|p1a: Clefable|Stealth Rock|p2a: Great Tusk\n|-sidestart|p2: Imanjoneser|move: Stealth Rock\n|\n|-heal|p1a: Clefable|39\/100|[from] item: Leftovers\n|upkeep\n|turn|19\n|\n|t:|1700883365\n|move|p2a: Great Tusk|Headlong Rush|p1a: Clefable\n|-damage|p1a: Clefable|5\/100\n|-unboost|p2a: Great Tusk|def|1\n|-unboost|p2a: Great Tusk|spd|1\n|move|p1a: Clefable|Moonlight|p1a: Clefable\n|-heal|p1a: Clefable|55\/100\n|\n|-heal|p1a: Clefable|61\/100|[from] item: Leftovers\n|upkeep\n|turn|20\n|\n|t:|1700883374\n|move|p2a: Great Tusk|Rapid Spin|p1a: Clefable\n|-damage|p1a: Clefable|53\/100\n|-boost|p2a: Great Tusk|spe|1\n|-sideend|p2: Imanjoneser|Stealth Rock|[from] move: Rapid Spin|[of] p2a: Great Tusk\n|move|p1a: Clefable|Moonlight|p1a: Clefable\n|-heal|p1a: Clefable|100\/100\n|\n|upkeep\n|turn|21\n|c|\u2606Imanjoneser|:0\n|\n|t:|1700883382\n|move|p2a: Great Tusk|Endeavor|p1a: Clefable\n|-damage|p1a: Clefable|33\/100\n|move|p1a: Clefable|Moonblast|p2a: Great Tusk\n|-supereffective|p2a: Great Tusk\n|-damage|p2a: Great Tusk|0 fnt\n|faint|p2a: Great Tusk\n|-end|p2a: Great Tusk|Protosynthesis|[silent]\n|\n|-heal|p1a: Clefable|39\/100|[from] item: Leftovers\n|-sideend|p1: Cardo Pixelado|move: Aurora Veil\n|upkeep\n|\n|t:|1700883395\n|switch|p2a: Torterra|Torterra, M, shiny|100\/100\n|turn|22\n|\n|t:|1700883404\n|move|p2a: Torterra|Shell Smash|p2a: Torterra\n|-unboost|p2a: Torterra|def|1\n|-unboost|p2a: Torterra|spd|1\n|-boost|p2a: Torterra|atk|2\n|-boost|p2a: Torterra|spa|2\n|-boost|p2a: Torterra|spe|2\n|-enditem|p2a: Torterra|White Herb\n|-clearnegativeboost|p2a: Torterra|[silent]\n|move|p1a: Clefable|Moonlight|p1a: Clefable\n|-heal|p1a: Clefable|89\/100\n|\n|-heal|p1a: Clefable|95\/100|[from] item: Leftovers\n|upkeep\n|turn|23\n|\n|t:|1700883416\n|move|p2a: Torterra|Earthquake|p1a: Clefable\n|-damage|p1a: Clefable|26\/100\n|move|p1a: Clefable|Moonblast|p2a: Torterra\n|-damage|p2a: Torterra|62\/100\n|\n|-heal|p1a: Clefable|32\/100|[from] item: Leftovers\n|upkeep\n|turn|24\n|\n|t:|1700883423\n|move|p2a: Torterra|Seed Bomb|p1a: Clefable\n|-damage|p1a: Clefable|0 fnt\n|faint|p1a: Clefable\n|\n|upkeep\n|\n|t:|1700883431\n|switch|p1a: Dragonite|Dragonite, M|100\/100\n|turn|25\n|\n|t:|1700883437\n|move|p2a: Torterra|Crunch|p1a: Dragonite\n|-damage|p1a: Dragonite|74\/100\n|move|p1a: Dragonite|Dragon Dance|p1a: Dragonite\n|-boost|p1a: Dragonite|atk|1\n|-boost|p1a: Dragonite|spe|1\n|\n|upkeep\n|turn|26\n|\n|t:|1700883444\n|move|p1a: Dragonite|Extreme Speed|p2a: Torterra\n|-damage|p2a: Torterra|17\/100\n|move|p2a: Torterra|Crunch|p1a: Dragonite\n|-damage|p1a: Dragonite|22\/100\n|\n|upkeep\n|turn|27\n|\n|t:|1700883451\n|move|p2a: Torterra|Crunch|p1a: Dragonite\n|-damage|p1a: Dragonite|0 fnt\n|faint|p1a: Dragonite\n|\n|upkeep\n|c|\u2606Cardo Pixelado|auch\n|\n|t:|1700883460\n|switch|p1a: Cinderace|Cinderace, M|100\/100\n|turn|28\n|\n|t:|1700883466\n|move|p2a: Torterra|Earthquake|p1a: Cinderace\n|-supereffective|p1a: Cinderace\n|-damage|p1a: Cinderace|0 fnt\n|faint|p1a: Cinderace\n|\n|upkeep\n|c|\u2606Imanjoneser|:0\n|c|\u2606Cardo Pixelado|F in the chat for bunny Q_Q\n|\n|t:|1700883483\n|switch|p1a: Blissey|Blissey, F|35\/100\n|turn|29\n|c|\u2606Imanjoneser|XD\n|c|\u2606Imanjoneser|Sorry bad bunny\n|c|\u2606Imanjoneser|It was all Riacks fault\n|c|\u2606Imanjoneser|That's a saying where I'm from\n|c|\u2606Cardo Pixelado|who in 8 hells is Riacks?\n|c|\u2606Imanjoneser|He's a guy responsible for a lot of bad stuff\n|c|\u2606Cardo Pixelado|ohhh, like Maduro in Venezuela? (I'm from there but living in Brazil)\n|c|\u2606Imanjoneser|Sort of but RIACK it's almost supernatural how many things are his fault\n|c|\u2606Cardo Pixelado|jeesh\n|c|\u2606Cardo Pixelado|my condolences\n|c|\u2606Imanjoneser|So if something goes wrong we say it's all RIACKS fault\n|\n|t:|1700883688\n|move|p2a: Torterra|Earthquake|p1a: Blissey\n|-damage|p1a: Blissey|0 fnt\n|faint|p1a: Blissey\n|\n|win|Imanjoneser\n|c|\u2606Cardo Pixelado|Ah, I see why I can't add ppl\n|c|\u2606Cardo Pixelado|I just registered my account today XD\n|c|\u2606Imanjoneser|It's all RIACKS fault you couldn't add people\n|c|\u2606Cardo Pixelado|that's why\n|c|\u2606Cardo Pixelado|just remember my name\n|c|\u2606Imanjoneser|Oh lol\n|c|\u2606Cardo Pixelado|I screenshot this to future reference\n|c|\u2606Imanjoneser|Aye nice!\n|c|\u2606Cardo Pixelado|now Is time to make my knight team :3\n|c|\u2606Cardo Pixelado|all around knights!\n|c|\u2606Imanjoneser|Sounds like it's gonna be a very tough team!\n|c|\u2606Cardo Pixelado|maybe it will be\n|c|\u2606Imanjoneser|:0\n","uploadtime":1700884182,"views":4,"p1id":"cardopixelado","p2id":"imanjoneser","formatid":"gen9ou","rating":0,"private":0,"password":""}