{"id":"gen9ou-1994625408","p1":"FROZHQ","p2":"whatni","format":"[Gen 9] OU","log":"|j|\u2606FROZHQ\n|j|\u2606whatni\n|t:|1700471468\n|gametype|singles\n|player|p1|FROZHQ|lorelei-lgpe|1153\n|player|p2|whatni|acetrainercouple|1050\n|teamsize|p1|6\n|teamsize|p2|6\n|gen|9\n|tier|[Gen 9] OU\n|rated|\n|rule|Sleep Clause Mod: Limit one foe put to sleep\n|rule|Species Clause: Limit one of each Pok\u00e9mon\n|rule|OHKO Clause: OHKO moves are banned\n|rule|Evasion Items Clause: Evasion items are banned\n|rule|Evasion Moves Clause: Evasion moves are banned\n|rule|Endless Battle Clause: Forcing endless battles is banned\n|rule|HP Percentage Mod: HP is shown in percentages\n|clearpoke\n|poke|p1|Great Tusk|\n|poke|p1|Dragapult, F|\n|poke|p1|Corviknight, M|\n|poke|p1|Iron Jugulis|\n|poke|p1|Skeledirge, F|\n|poke|p1|Samurott-Hisui, M|\n|poke|p2|Houndstone, F|\n|poke|p2|Toxapex, M|\n|poke|p2|Breloom, F|\n|poke|p2|Muk, M|\n|poke|p2|Cyclizar, M|\n|poke|p2|Rotom-Wash|\n|teampreview\n|inactive|Battle timer is ON: inactive players will automatically lose when time's up. (requested by whatni)\n|\n|t:|1700471492\n|start\n|switch|p1a: ninjago|Samurott-Hisui, M, shiny|100\/100\n|switch|p2a: rainbow-cake-poo|Muk, M, shiny|100\/100\n|turn|1\n|\n|t:|1700471500\n|move|p1a: ninjago|Knock Off|p2a: rainbow-cake-poo\n|-damage|p2a: rainbow-cake-poo|57\/100\n|-enditem|p2a: rainbow-cake-poo|Black Sludge|[from] move: Knock Off|[of] p1a: ninjago\n|move|p2a: rainbow-cake-poo|Toxic Spikes|p1a: ninjago\n|-sidestart|p1: FROZHQ|move: Toxic Spikes\n|\n|upkeep\n|turn|2\n|\n|t:|1700471506\n|move|p1a: ninjago|Ceaseless Edge|p2a: rainbow-cake-poo|[miss]\n|-miss|p1a: ninjago|p2a: rainbow-cake-poo\n|move|p2a: rainbow-cake-poo|Drain Punch|p1a: ninjago\n|-supereffective|p1a: ninjago\n|-damage|p1a: ninjago|40\/100\n|-heal|p2a: rainbow-cake-poo|80\/100|[from] drain|[of] p1a: ninjago\n|\n|upkeep\n|turn|3\n|\n|t:|1700471511\n|move|p1a: ninjago|Razor Shell|p2a: rainbow-cake-poo\n|-damage|p2a: rainbow-cake-poo|36\/100\n|-unboost|p2a: rainbow-cake-poo|def|1\n|move|p2a: rainbow-cake-poo|Toxic Spikes|p1a: ninjago\n|-sidestart|p1: FROZHQ|move: Toxic Spikes\n|\n|upkeep\n|turn|4\n|\n|t:|1700471519\n|move|p1a: ninjago|Razor Shell|p2a: rainbow-cake-poo\n|-damage|p2a: rainbow-cake-poo|0 fnt\n|faint|p2a: rainbow-cake-poo\n|\n|upkeep\n|\n|t:|1700471522\n|switch|p2a: Breloom|Breloom, F|100\/100\n|turn|5\n|\n|t:|1700471527\n|switch|p1a: Corviknight|Corviknight, M, shiny|100\/100\n|-ability|p1a: Corviknight|Pressure\n|move|p2a: Breloom|Spore|p1a: Corviknight\n|-status|p1a: Corviknight|slp|[from] move: Spore\n|\n|-status|p2a: Breloom|tox|[from] item: Toxic Orb\n|upkeep\n|turn|6\n|\n|t:|1700471537\n|move|p2a: Breloom|Leech Seed|p1a: Corviknight\n|-start|p1a: Corviknight|move: Leech Seed\n|cant|p1a: Corviknight|slp\n|\n|-damage|p1a: Corviknight|88\/100 slp|[from] Leech Seed|[of] p2a: Breloom\n|upkeep\n|turn|7\n|\n|t:|1700471543\n|move|p2a: Breloom|Substitute|p2a: Breloom\n|-start|p2a: Breloom|Substitute\n|-damage|p2a: Breloom|75\/100 tox\n|-curestatus|p1a: Corviknight|slp|[msg]\n|move|p1a: Corviknight|Defog|p2a: Breloom\n|-sideend|p1: FROZHQ|Toxic Spikes|[from] move: Defog|[of] p1a: Corviknight\n|\n|-damage|p1a: Corviknight|76\/100|[from] Leech Seed|[of] p2a: Breloom\n|-heal|p2a: Breloom|91\/100 tox|[silent]\n|-heal|p2a: Breloom|100\/100 tox|[from] ability: Poison Heal\n|upkeep\n|turn|8\n|\n|t:|1700471554\n|move|p2a: Breloom|Protect|p2a: Breloom\n|-singleturn|p2a: Breloom|Protect\n|move|p1a: Corviknight|Roost|p1a: Corviknight\n|-heal|p1a: Corviknight|100\/100\n|-singleturn|p1a: Corviknight|move: Roost\n|\n|-damage|p1a: Corviknight|88\/100|[from] Leech Seed|[of] p2a: Breloom\n|upkeep\n|turn|9\n|\n|t:|1700471562\n|move|p2a: Breloom|Spore|p1a: Corviknight\n|-status|p1a: Corviknight|slp|[from] move: Spore\n|cant|p1a: Corviknight|slp\n|\n|-damage|p1a: Corviknight|76\/100 slp|[from] Leech Seed|[of] p2a: Breloom\n|upkeep\n|turn|10\n|\n|t:|1700471569\n|move|p2a: Breloom|Protect|p2a: Breloom\n|-singleturn|p2a: Breloom|Protect\n|-curestatus|p1a: Corviknight|slp|[msg]\n|move|p1a: Corviknight|U-turn|p2a: Breloom\n|-activate|p2a: Breloom|move: Protect\n|\n|-damage|p1a: Corviknight|64\/100|[from] Leech Seed|[of] p2a: Breloom\n|upkeep\n|turn|11\n|\n|t:|1700471577\n|move|p2a: Breloom|Spore|p1a: Corviknight\n|-status|p1a: Corviknight|slp|[from] move: Spore\n|cant|p1a: Corviknight|slp\n|\n|-damage|p1a: Corviknight|51\/100 slp|[from] Leech Seed|[of] p2a: Breloom\n|upkeep\n|turn|12\n|c|\u2606FROZHQ|YOU'RE SUCH A BITCH\n|\n|t:|1700471585\n|move|p2a: Breloom|Protect|p2a: Breloom\n|-singleturn|p2a: Breloom|Protect\n|-curestatus|p1a: Corviknight|slp|[msg]\n|move|p1a: Corviknight|Roost|p1a: Corviknight\n|-heal|p1a: Corviknight|100\/100\n|-singleturn|p1a: Corviknight|move: Roost\n|\n|-damage|p1a: Corviknight|88\/100|[from] Leech Seed|[of] p2a: Breloom\n|upkeep\n|turn|13\n|l|\u2606whatni\n|inactive|whatni disconnected and has a minute to reconnect!\n|player|p2|\n|inactive|FROZHQ has 120 seconds left.\n|inactive|whatni has 30 seconds to reconnect!\n|inactive|whatni has 20 seconds to reconnect!\n|inactive|whatni has 15 seconds to reconnect!\n|inactive|whatni has 10 seconds to reconnect!\n|inactive|whatni has 5 seconds to reconnect!\n|-message|whatni lost due to inactivity.\n|\n|win|FROZHQ\n|raw|FROZHQ's rating: 1153 &rarr; <strong>1171<\/strong><br \/>(+18 for winning)\n|raw|whatni's rating: 1050 &rarr; <strong>1038<\/strong><br \/>(-12 for losing)\n","uploadtime":1700471585,"views":8,"p1id":"frozhq","p2id":"whatni","formatid":"gen9ou","rating":1038,"private":0,"password":""}