{"id":"gen9ou-1991813256","p1":"Pokemonmasterty","p2":"Icefanngs","format":"[Gen 9] OU","log":"|j|\u2606Pokemonmasterty\n|j|\u2606Icefanngs\n|t:|1700122052\n|gametype|singles\n|player|p1|Pokemonmasterty|170|1112\n|player|p2|Icefanngs|266|1109\n|teamsize|p1|6\n|teamsize|p2|6\n|gen|9\n|tier|[Gen 9] OU\n|rated|\n|rule|Sleep Clause Mod: Limit one foe put to sleep\n|rule|Species Clause: Limit one of each Pok\u00e9mon\n|rule|OHKO Clause: OHKO moves are banned\n|rule|Evasion Items Clause: Evasion items are banned\n|rule|Evasion Moves Clause: Evasion moves are banned\n|rule|Endless Battle Clause: Forcing endless battles is banned\n|rule|HP Percentage Mod: HP is shown in percentages\n|clearpoke\n|poke|p1|Lokix, M|\n|poke|p1|Tauros-Paldea-Blaze, M|\n|poke|p1|Raichu-Alola, M|\n|poke|p1|Salamence, F|\n|poke|p1|Iron Treads|\n|poke|p1|Enamorus, F|\n|poke|p2|Delphox, F|\n|poke|p2|Tsareena, F|\n|poke|p2|Mismagius, F|\n|poke|p2|Sylveon, F|\n|poke|p2|Altaria, F|\n|poke|p2|Milotic, F|\n|teampreview\n|\n|t:|1700122088\n|start\n|switch|p1a: Lokix|Lokix, M|100\/100\n|switch|p2a: Tsareena|Tsareena, F|100\/100\n|turn|1\n|\n|t:|1700122099\n|switch|p2a: Altaria|Altaria, F|100\/100\n|move|p1a: Lokix|First Impression|p2a: Altaria\n|-resisted|p2a: Altaria\n|-damage|p2a: Altaria|71\/100\n|-damage|p1a: Lokix|84\/100|[from] item: Rocky Helmet|[of] p2a: Altaria\n|\n|upkeep\n|turn|2\n|\n|t:|1700122116\n|switch|p1a: Enamorus|Enamorus, F|100\/100\n|move|p2a: Altaria|Draco Meteor|p1a: Enamorus\n|-immune|p1a: Enamorus\n|\n|upkeep\n|turn|3\n|inactive|Battle timer is ON: inactive players will automatically lose when time's up. (requested by Pokemonmasterty)\n|\n|t:|1700122164\n|switch|p2a: Milotic|Milotic, F|100\/100\n|move|p1a: Enamorus|Springtide Storm|p2a: Milotic\n|-damage|p2a: Milotic|62\/100\n|\n|-heal|p2a: Milotic|68\/100|[from] item: Leftovers\n|upkeep\n|turn|4\n|\n|t:|1700122182\n|switch|p1a: Raichu|Raichu-Alola, M|100\/100\n|move|p2a: Milotic|Ice Beam|p1a: Raichu\n|-damage|p1a: Raichu|57\/100\n|\n|-heal|p2a: Milotic|74\/100|[from] item: Leftovers\n|upkeep\n|turn|5\n|\n|t:|1700122190\n|switch|p2a: Tsareena|Tsareena, F|100\/100\n|move|p1a: Raichu|Nasty Plot|p1a: Raichu\n|-boost|p1a: Raichu|spa|2\n|\n|upkeep\n|turn|6\n|inactive|Pokemonmasterty has 120 seconds left.\n|inactive|Icefanngs has 120 seconds left.\n|\n|t:|1700122238\n|-terastallize|p2a: Tsareena|Dark\n|move|p1a: Raichu|Psychic|p2a: Tsareena\n|-immune|p2a: Tsareena\n|move|p2a: Tsareena|Knock Off|p1a: Raichu\n|-supereffective|p1a: Raichu\n|-damage|p1a: Raichu|0 fnt\n|-enditem|p1a: Raichu|Wise Glasses|[from] move: Knock Off|[of] p2a: Tsareena\n|faint|p1a: Raichu\n|\n|upkeep\n|\n|t:|1700122247\n|switch|p1a: Tauros|Tauros-Paldea-Blaze, M|100\/100\n|-ability|p1a: Tauros|Intimidate|boost\n|-unboost|p2a: Tsareena|atk|1\n|turn|7\n|inactive|Icefanngs has 120 seconds left.\n|\n|t:|1700122257\n|switch|p2a: Altaria|Altaria, F|71\/100\n|move|p1a: Tauros|Trailblaze|p2a: Altaria\n|-resisted|p2a: Altaria\n|-damage|p2a: Altaria|68\/100\n|-boost|p1a: Tauros|spe|1\n|-damage|p1a: Tauros|84\/100|[from] item: Rocky Helmet|[of] p2a: Altaria\n|\n|upkeep\n|turn|8\n|inactive|Icefanngs has 120 seconds left.\n|\n|t:|1700122268\n|switch|p1a: Enamorus|Enamorus, F|100\/100\n|move|p2a: Altaria|Roost|p2a: Altaria\n|-heal|p2a: Altaria|100\/100\n|-singleturn|p2a: Altaria|move: Roost\n|\n|upkeep\n|turn|9\n|inactive|Pokemonmasterty has 120 seconds left.\n|\n|t:|1700122277\n|switch|p2a: Sylveon|Sylveon, F|100\/100\n|move|p1a: Enamorus|Springtide Storm|p2a: Sylveon\n|-damage|p2a: Sylveon|74\/100\n|\n|upkeep\n|turn|10\n|\n|t:|1700122284\n|move|p1a: Enamorus|Mystical Fire|p2a: Sylveon\n|-damage|p2a: Sylveon|60\/100\n|-unboost|p2a: Sylveon|spa|1\n|move|p2a: Sylveon|Hyper Voice|p1a: Enamorus\n|-damage|p1a: Enamorus|52\/100\n|\n|-heal|p1a: Enamorus|59\/100|[from] item: Leftovers\n|upkeep\n|turn|11\n|\n|t:|1700122298\n|switch|p2a: Milotic|Milotic, F|74\/100\n|move|p1a: Enamorus|Mystical Fire|p2a: Milotic\n|-resisted|p2a: Milotic\n|-damage|p2a: Milotic|64\/100\n|-unboost|p2a: Milotic|spa|1\n|-ability|p2a: Milotic|Competitive|boost\n|-boost|p2a: Milotic|spa|2\n|\n|-heal|p1a: Enamorus|65\/100|[from] item: Leftovers\n|-heal|p2a: Milotic|70\/100|[from] item: Leftovers\n|upkeep\n|turn|12\n|inactive|Pokemonmasterty has 120 seconds left.\n|\n|t:|1700122333\n|switch|p1a: Iron Treads|Iron Treads|100\/100\n|-item|p1a: Iron Treads|Air Balloon\n|move|p2a: Milotic|Scald|p1a: Iron Treads\n|-supereffective|p1a: Iron Treads\n|-damage|p1a: Iron Treads|0 fnt\n|-enditem|p1a: Iron Treads|Air Balloon\n|faint|p1a: Iron Treads\n|-end|p1a: Iron Treads|Quark Drive|[silent]\n|\n|-heal|p2a: Milotic|76\/100|[from] item: Leftovers\n|upkeep\n|inactive|Pokemonmasterty has 90 seconds left.\n|\n|t:|1700122356\n|switch|p1a: Lokix|Lokix, M|84\/100\n|turn|13\n|\n|t:|1700122362\n|move|p1a: Lokix|Knock Off|p2a: Milotic\n|-damage|p2a: Milotic|21\/100\n|-enditem|p2a: Milotic|Leftovers|[from] move: Knock Off|[of] p1a: Lokix\n|move|p2a: Milotic|Scald|p1a: Lokix\n|-damage|p1a: Lokix|0 fnt\n|faint|p1a: Lokix\n|\n|upkeep\n|inactive|Pokemonmasterty has 90 seconds left.\n|\n|t:|1700122385\n|switch|p1a: Tauros|Tauros-Paldea-Blaze, M|84\/100\n|-ability|p1a: Tauros|Intimidate|boost\n|-unboost|p2a: Milotic|atk|1\n|-ability|p2a: Milotic|Competitive|boost\n|-boost|p2a: Milotic|spa|2\n|turn|14\n|\n|t:|1700122401\n|move|p1a: Tauros|Trailblaze|p2a: Milotic\n|-supereffective|p2a: Milotic\n|-damage|p2a: Milotic|0 fnt\n|-boost|p1a: Tauros|spe|1\n|faint|p2a: Milotic\n|\n|upkeep\n|\n|t:|1700122407\n|switch|p2a: Altaria|Altaria, F|100\/100\n|turn|15\n|\n|t:|1700122413\n|switch|p1a: Enamorus|Enamorus, F|65\/100\n|move|p2a: Altaria|Roar|p1a: Enamorus\n|drag|p1a: Tauros|Tauros-Paldea-Blaze, M|84\/100\n|-ability|p1a: Tauros|Intimidate|boost\n|-unboost|p2a: Altaria|atk|1\n|\n|upkeep\n|turn|16\n|\n|t:|1700122433\n|switch|p1a: Enamorus|Enamorus, F|65\/100\n|switch|p2a: Delphox|Delphox, F|100\/100\n|\n|-heal|p1a: Enamorus|71\/100|[from] item: Leftovers\n|upkeep\n|turn|17\n|inactive|Pokemonmasterty has 120 seconds left.\n|\n|t:|1700122461\n|switch|p1a: Salamence|Salamence, F|100\/100\n|-ability|p1a: Salamence|Intimidate|boost\n|-unboost|p2a: Delphox|atk|1\n|move|p2a: Delphox|Psyshock|p1a: Salamence\n|-damage|p1a: Salamence|56\/100\n|\n|upkeep\n|turn|18\n|\n|t:|1700122476\n|move|p2a: Delphox|Psyshock|p1a: Salamence\n|-damage|p1a: Salamence|12\/100\n|move|p1a: Salamence|Dragon Dance|p1a: Salamence\n|-boost|p1a: Salamence|atk|1\n|-boost|p1a: Salamence|spe|1\n|\n|upkeep\n|turn|19\n|inactive|Pokemonmasterty has 120 seconds left.\n|\n|t:|1700122484\n|move|p1a: Salamence|Dragon Claw|p2a: Delphox\n|-damage|p2a: Delphox|2\/100\n|move|p2a: Delphox|Psyshock|p1a: Salamence\n|-damage|p1a: Salamence|0 fnt\n|faint|p1a: Salamence\n|\n|upkeep\n|inactive|Pokemonmasterty has 120 seconds left.\n|\n|t:|1700122491\n|switch|p1a: Tauros|Tauros-Paldea-Blaze, M|84\/100\n|-ability|p1a: Tauros|Intimidate|boost\n|-unboost|p2a: Delphox|atk|1\n|turn|20\n|\n|t:|1700122498\n|move|p2a: Delphox|Psyshock|p1a: Tauros\n|-supereffective|p1a: Tauros\n|-damage|p1a: Tauros|0 fnt\n|faint|p1a: Tauros\n|\n|upkeep\n|\n|t:|1700122502\n|switch|p1a: Enamorus|Enamorus, F|71\/100\n|turn|21\n|\n|t:|1700122505\n|move|p1a: Enamorus|Draining Kiss|p2a: Delphox\n|-resisted|p2a: Delphox\n|-damage|p2a: Delphox|0 fnt\n|-heal|p1a: Enamorus|72\/100|[from] drain|[of] p2a: Delphox\n|faint|p2a: Delphox\n|\n|-heal|p1a: Enamorus|78\/100|[from] item: Leftovers\n|upkeep\n|inactive|Icefanngs has 120 seconds left.\n|\n|t:|1700122537\n|switch|p2a: Sylveon|Sylveon, F|60\/100\n|turn|22\n|\n|t:|1700122542\n|move|p1a: Enamorus|Mystical Fire|p2a: Sylveon\n|-damage|p2a: Sylveon|48\/100\n|-unboost|p2a: Sylveon|spa|1\n|move|p2a: Sylveon|Hyper Voice|p1a: Enamorus\n|-damage|p1a: Enamorus|34\/100\n|\n|-heal|p1a: Enamorus|41\/100|[from] item: Leftovers\n|upkeep\n|turn|23\n|\n|t:|1700122548\n|move|p1a: Enamorus|Mystical Fire|p2a: Sylveon\n|-damage|p2a: Sylveon|33\/100\n|-unboost|p2a: Sylveon|spa|1\n|move|p2a: Sylveon|Hyper Voice|p1a: Enamorus\n|-damage|p1a: Enamorus|6\/100\n|\n|-heal|p1a: Enamorus|13\/100|[from] item: Leftovers\n|upkeep\n|turn|24\n|c|\u2606Icefanngs|Gg\n|\n|t:|1700122562\n|-terastallize|p1a: Enamorus|Fairy\n|move|p1a: Enamorus|Draining Kiss|p2a: Sylveon\n|-damage|p2a: Sylveon|10\/100\n|-heal|p1a: Enamorus|33\/100|[from] drain|[of] p2a: Sylveon\n|move|p2a: Sylveon|Hyper Voice|p1a: Enamorus\n|-damage|p1a: Enamorus|1\/100\n|\n|-heal|p1a: Enamorus|7\/100|[from] item: Leftovers\n|upkeep\n|turn|25\n|\n|t:|1700122570\n|move|p1a: Enamorus|Draining Kiss|p2a: Sylveon\n|-damage|p2a: Sylveon|0 fnt\n|-heal|p1a: Enamorus|16\/100|[from] drain|[of] p2a: Sylveon\n|faint|p2a: Sylveon\n|\n|-heal|p1a: Enamorus|22\/100|[from] item: Leftovers\n|upkeep\n|\n|t:|1700122572\n|switch|p2a: Mismagius|Mismagius, F|100\/100\n|turn|26\n|\n|t:|1700122578\n|move|p2a: Mismagius|Shadow Ball|p1a: Enamorus\n|-damage|p1a: Enamorus|0 fnt\n|faint|p1a: Enamorus\n|\n|win|Icefanngs\n|raw|Pokemonmasterty's rating: 1112 &rarr; <strong>1087<\/strong><br \/>(-25 for losing)\n|raw|Icefanngs's rating: 1109 &rarr; <strong>1134<\/strong><br \/>(+25 for winning)\n|l|\u2606Pokemonmasterty\n","uploadtime":1700122592,"views":7,"p1id":"pokemonmasterty","p2id":"icefanngs","formatid":"gen9ou","rating":1087,"private":0,"password":""}