{"id":"gen9ou-1992541878","p1":"StazMTA","p2":"grass knot zygarde","format":"[Gen 9] OU","log":"|j|\u2606StazMTA\n|j|\u2606grass knot zygarde\n|t:|1700202487\n|gametype|singles\n|player|p1|StazMTA|iris-gen5bw2|1545\n|player|p2|grass knot zygarde|dawn|1520\n|teamsize|p1|6\n|teamsize|p2|6\n|gen|9\n|tier|[Gen 9] OU\n|rated|\n|rule|Sleep Clause Mod: Limit one foe put to sleep\n|rule|Species Clause: Limit one of each Pok\u00e9mon\n|rule|OHKO Clause: OHKO moves are banned\n|rule|Evasion Items Clause: Evasion items are banned\n|rule|Evasion Moves Clause: Evasion moves are banned\n|rule|Endless Battle Clause: Forcing endless battles is banned\n|rule|HP Percentage Mod: HP is shown in percentages\n|clearpoke\n|poke|p1|Sneasler, F|\n|poke|p1|Rillaboom, M|\n|poke|p1|Enamorus, F|\n|poke|p1|Sandy Shocks|\n|poke|p1|Great Tusk|\n|poke|p1|Gholdengo|\n|poke|p2|Ceruledge, F|\n|poke|p2|Dragonite, M|\n|poke|p2|Iron Valiant|\n|poke|p2|Kingambit, M|\n|poke|p2|Glimmora, M|\n|poke|p2|Ogerpon-Wellspring, F|\n|teampreview\n|inactive|Battle timer is ON: inactive players will automatically lose when time's up. (requested by grass knot zygarde)\n|\n|t:|1700202506\n|start\n|switch|p1a: Great Tusk|Great Tusk|100\/100\n|switch|p2a: Ogerpon|Ogerpon-Wellspring, F|100\/100\n|turn|1\n|\n|t:|1700202519\n|-end|p1a: Great Tusk|Protosynthesis|[silent]\n|switch|p1a: Rillaboom|Rillaboom, M|100\/100\n|-fieldstart|move: Grassy Terrain|[from] ability: Grassy Surge|[of] p1a: Rillaboom\n|move|p2a: Ogerpon|Ivy Cudgel|p1a: Rillaboom|[anim] Ivy Cudgel Water\n|-resisted|p1a: Rillaboom\n|-damage|p1a: Rillaboom|69\/100\n|\n|-heal|p1a: Rillaboom|75\/100|[from] Grassy Terrain\n|upkeep\n|turn|2\n|\n|t:|1700202531\n|switch|p2a: Glimmora|Glimmora, M|100\/100\n|move|p1a: Rillaboom|U-turn|p2a: Glimmora\n|-resisted|p2a: Glimmora\n|-damage|p2a: Glimmora|76\/100\n|-activate|p2a: Glimmora|ability: Toxic Debris\n|-sidestart|p1: StazMTA|move: Toxic Spikes\n|\n|t:|1700202536\n|switch|p1a: Great Tusk|Great Tusk|100\/100|[from] U-turn\n|-status|p1a: Great Tusk|psn\n|\n|-heal|p2a: Glimmora|83\/100|[from] Grassy Terrain\n|-damage|p1a: Great Tusk|88\/100 psn|[from] psn\n|upkeep\n|turn|3\n|\n|t:|1700202544\n|move|p2a: Glimmora|Stealth Rock|p1a: Great Tusk\n|-sidestart|p1: StazMTA|move: Stealth Rock\n|move|p1a: Great Tusk|Rapid Spin|p2a: Glimmora\n|-resisted|p2a: Glimmora\n|-damage|p2a: Glimmora|73\/100\n|-boost|p1a: Great Tusk|spe|1\n|-activate|p2a: Glimmora|ability: Toxic Debris\n|-sidestart|p1: StazMTA|move: Toxic Spikes\n|-sideend|p1: StazMTA|Toxic Spikes|[from] move: Rapid Spin|[of] p1a: Great Tusk\n|-sideend|p1: StazMTA|Stealth Rock|[from] move: Rapid Spin|[of] p1a: Great Tusk\n|\n|-heal|p1a: Great Tusk|94\/100 psn|[from] Grassy Terrain\n|-heal|p1a: Great Tusk|100\/100 psn|[from] item: Leftovers\n|-heal|p2a: Glimmora|80\/100|[from] Grassy Terrain\n|-damage|p1a: Great Tusk|88\/100 psn|[from] psn\n|upkeep\n|turn|4\n|\n|t:|1700202563\n|move|p1a: Great Tusk|Earthquake|p2a: Glimmora\n|-supereffective|p2a: Glimmora\n|-damage|p2a: Glimmora|0 fnt\n|-activate|p2a: Glimmora|ability: Toxic Debris\n|-sidestart|p1: StazMTA|move: Toxic Spikes\n|faint|p2a: Glimmora\n|\n|-heal|p1a: Great Tusk|94\/100 psn|[from] Grassy Terrain\n|-heal|p1a: Great Tusk|100\/100 psn|[from] item: Leftovers\n|-damage|p1a: Great Tusk|88\/100 psn|[from] psn\n|upkeep\n|\n|t:|1700202567\n|switch|p2a: Ceruledge|Ceruledge, F|100\/100\n|turn|5\n|\n|t:|1700202571\n|move|p1a: Great Tusk|Knock Off|p2a: Ceruledge\n|-supereffective|p2a: Ceruledge\n|-damage|p2a: Ceruledge|18\/100\n|-ability|p2a: Ceruledge|Weak Armor|boost\n|-unboost|p2a: Ceruledge|def|1\n|-boost|p2a: Ceruledge|spe|2\n|-enditem|p2a: Ceruledge|Focus Sash|[from] move: Knock Off|[of] p1a: Great Tusk\n|move|p2a: Ceruledge|Swords Dance|p2a: Ceruledge\n|-boost|p2a: Ceruledge|atk|2\n|\n|-heal|p2a: Ceruledge|24\/100|[from] Grassy Terrain\n|-heal|p1a: Great Tusk|94\/100 psn|[from] Grassy Terrain\n|-heal|p1a: Great Tusk|100\/100 psn|[from] item: Leftovers\n|-damage|p1a: Great Tusk|88\/100 psn|[from] psn\n|-fieldend|move: Grassy Terrain\n|upkeep\n|turn|6\n|\n|t:|1700202581\n|move|p2a: Ceruledge|Bitter Blade|p1a: Great Tusk\n|-damage|p1a: Great Tusk|41\/100 psn\n|-heal|p2a: Ceruledge|59\/100|[from] drain|[of] p1a: Great Tusk\n|move|p1a: Great Tusk|Earthquake|p2a: Ceruledge\n|-supereffective|p2a: Ceruledge\n|-damage|p2a: Ceruledge|0 fnt\n|faint|p2a: Ceruledge\n|\n|-heal|p1a: Great Tusk|47\/100 psn|[from] item: Leftovers\n|-damage|p1a: Great Tusk|35\/100 psn|[from] psn\n|upkeep\n|\n|t:|1700202585\n|switch|p2a: Iron Valiant|Iron Valiant|100\/100\n|-enditem|p2a: Iron Valiant|Booster Energy\n|-activate|p2a: Iron Valiant|ability: Quark Drive|[fromitem]\n|-start|p2a: Iron Valiant|quarkdrivespe\n|turn|7\n|\n|t:|1700202599\n|-end|p1a: Great Tusk|Protosynthesis|[silent]\n|switch|p1a: Gholdengo|Gholdengo|100\/100\n|move|p2a: Iron Valiant|Knock Off|p1a: Gholdengo\n|-supereffective|p1a: Gholdengo\n|-damage|p1a: Gholdengo|38\/100\n|-enditem|p1a: Gholdengo|Choice Scarf|[from] move: Knock Off|[of] p2a: Iron Valiant\n|\n|upkeep\n|turn|8\n|\n|t:|1700202617\n|-end|p2a: Iron Valiant|Quark Drive|[silent]\n|switch|p2a: Ogerpon|Ogerpon-Wellspring, F|100\/100\n|move|p1a: Gholdengo|Make It Rain|p2a: Ogerpon\n|-resisted|p2a: Ogerpon\n|-damage|p2a: Ogerpon|62\/100\n|-unboost|p1a: Gholdengo|spa|1\n|\n|upkeep\n|turn|9\n|\n|t:|1700202635\n|move|p2a: Ogerpon|Swords Dance|p2a: Ogerpon\n|-boost|p2a: Ogerpon|atk|2\n|move|p1a: Gholdengo|Shadow Ball|p2a: Ogerpon\n|-damage|p2a: Ogerpon|26\/100\n|\n|upkeep\n|turn|10\n|\n|t:|1700202646\n|move|p2a: Ogerpon|Horn Leech|p1a: Gholdengo\n|-resisted|p1a: Gholdengo\n|-damage|p1a: Gholdengo|0 fnt\n|-heal|p2a: Ogerpon|46\/100|[from] drain|[of] p1a: Gholdengo\n|faint|p1a: Gholdengo\n|\n|upkeep\n|\n|t:|1700202651\n|switch|p1a: Sandy Shocks|Sandy Shocks|100\/100\n|-status|p1a: Sandy Shocks|psn\n|-enditem|p1a: Sandy Shocks|Booster Energy\n|-activate|p1a: Sandy Shocks|ability: Protosynthesis|[fromitem]\n|-start|p1a: Sandy Shocks|protosynthesisspe\n|turn|11\n|\n|t:|1700202655\n|move|p1a: Sandy Shocks|Thunderbolt|p2a: Ogerpon\n|-damage|p2a: Ogerpon|0 fnt\n|faint|p2a: Ogerpon\n|\n|-damage|p1a: Sandy Shocks|88\/100 psn|[from] psn\n|upkeep\n|\n|t:|1700202663\n|switch|p2a: Dragonite|Dragonite, M|100\/100\n|turn|12\n|\n|t:|1700202680\n|move|p1a: Sandy Shocks|Thunderbolt|p2a: Dragonite\n|-damage|p2a: Dragonite|80\/100\n|move|p2a: Dragonite|Dragon Dance|p2a: Dragonite\n|-boost|p2a: Dragonite|atk|1\n|-boost|p2a: Dragonite|spe|1\n|\n|-damage|p1a: Sandy Shocks|76\/100 psn|[from] psn\n|upkeep\n|turn|13\n|\n|t:|1700202702\n|move|p1a: Sandy Shocks|Thunderbolt|p2a: Dragonite\n|-damage|p2a: Dragonite|36\/100\n|-status|p2a: Dragonite|par\n|move|p2a: Dragonite|Dragon Dance|p2a: Dragonite\n|-boost|p2a: Dragonite|atk|1\n|-boost|p2a: Dragonite|spe|1\n|\n|-damage|p1a: Sandy Shocks|63\/100 psn|[from] psn\n|upkeep\n|turn|14\n|\n|t:|1700202713\n|move|p2a: Dragonite|Extreme Speed|p1a: Sandy Shocks\n|-damage|p1a: Sandy Shocks|1\/100 psn\n|move|p1a: Sandy Shocks|Thunderbolt|p2a: Dragonite\n|-damage|p2a: Dragonite|0 fnt\n|faint|p2a: Dragonite\n|\n|-damage|p1a: Sandy Shocks|0 fnt|[from] psn\n|faint|p1a: Sandy Shocks\n|-end|p1a: Sandy Shocks|Protosynthesis|[silent]\n|upkeep\n|c|\u2606grass knot zygarde|aw man everything that could've went wrong did\n|\n|t:|1700202731\n|switch|p1a: Rillaboom|Rillaboom, M|75\/100\n|switch|p2a: Iron Valiant|Iron Valiant|100\/100\n|-status|p1a: Rillaboom|psn\n|-fieldstart|move: Grassy Terrain|[from] ability: Grassy Surge|[of] p1a: Rillaboom\n|turn|15\n|\n|t:|1700202742\n|move|p2a: Iron Valiant|Knock Off|p1a: Rillaboom\n|-damage|p1a: Rillaboom|45\/100 psn\n|-enditem|p1a: Rillaboom|Choice Band|[from] move: Knock Off|[of] p2a: Iron Valiant\n|move|p1a: Rillaboom|Wood Hammer|p2a: Iron Valiant\n|-damage|p2a: Iron Valiant|0 fnt\n|faint|p2a: Iron Valiant\n|-end|p2a: Iron Valiant|Quark Drive|[silent]\n|-damage|p1a: Rillaboom|17\/100 psn|[from] Recoil\n|\n|-heal|p1a: Rillaboom|23\/100 psn|[from] Grassy Terrain\n|-damage|p1a: Rillaboom|11\/100 psn|[from] psn\n|upkeep\n|\n|t:|1700202749\n|switch|p2a: Kingambit|Kingambit, M|100\/100\n|-activate|p2a: Kingambit|ability: Supreme Overlord\n|-start|p2a: Kingambit|fallen5|[silent]\n|turn|16\n|\n|t:|1700202755\n|move|p1a: Rillaboom|Knock Off|p2a: Kingambit\n|-resisted|p2a: Kingambit\n|-damage|p2a: Kingambit|87\/100\n|-enditem|p2a: Kingambit|Leftovers|[from] move: Knock Off|[of] p1a: Rillaboom\n|move|p2a: Kingambit|Swords Dance|p2a: Kingambit\n|-boost|p2a: Kingambit|atk|2\n|\n|-heal|p1a: Rillaboom|17\/100 psn|[from] Grassy Terrain\n|-heal|p2a: Kingambit|93\/100|[from] Grassy Terrain\n|-damage|p1a: Rillaboom|5\/100 psn|[from] psn\n|upkeep\n|turn|17\n|\n|t:|1700202762\n|move|p1a: Rillaboom|Grassy Glide|p2a: Kingambit\n|-resisted|p2a: Kingambit\n|-damage|p2a: Kingambit|79\/100\n|move|p2a: Kingambit|Swords Dance|p2a: Kingambit\n|-boost|p2a: Kingambit|atk|2\n|\n|-heal|p1a: Rillaboom|11\/100 psn|[from] Grassy Terrain\n|-heal|p2a: Kingambit|85\/100|[from] Grassy Terrain\n|-damage|p1a: Rillaboom|0 fnt|[from] psn\n|faint|p1a: Rillaboom\n|upkeep\n|\n|t:|1700202773\n|switch|p1a: Sneasler|Sneasler, F|100\/100\n|-sideend|p1: StazMTA|move: Toxic Spikes|[of] p1a: Sneasler\n|-enditem|p1a: Sneasler|Grassy Seed\n|-boost|p1a: Sneasler|def|1|[from] item: Grassy Seed\n|turn|18\n|\n|t:|1700202794\n|-terastallize|p2a: Kingambit|Fairy\n|move|p1a: Sneasler|Close Combat|p2a: Kingambit\n|-resisted|p2a: Kingambit\n|-crit|p2a: Kingambit\n|-damage|p2a: Kingambit|48\/100\n|-unboost|p1a: Sneasler|def|1\n|-unboost|p1a: Sneasler|spd|1\n|move|p2a: Kingambit|Iron Head|p1a: Sneasler\n|-damage|p1a: Sneasler|0 fnt\n|faint|p1a: Sneasler\n|\n|-heal|p2a: Kingambit|54\/100|[from] Grassy Terrain\n|upkeep\n|inactive|StazMTA has 120 seconds left.\n|\n|t:|1700202816\n|switch|p1a: Enamorus|Enamorus, F|100\/100\n|turn|19\n|inactive|StazMTA has 120 seconds left.\n|\n|t:|1700202824\n|move|p1a: Enamorus|Substitute|p1a: Enamorus\n|-start|p1a: Enamorus|Substitute\n|-damage|p1a: Enamorus|76\/100\n|move|p2a: Kingambit|Iron Head|p1a: Enamorus\n|-supereffective|p1a: Enamorus\n|-end|p1a: Enamorus|Substitute\n|\n|-heal|p2a: Kingambit|60\/100|[from] Grassy Terrain\n|-fieldend|move: Grassy Terrain\n|upkeep\n|turn|20\n|inactive|StazMTA has 120 seconds left.\n|\n|t:|1700202845\n|-terastallize|p1a: Enamorus|Steel\n|move|p1a: Enamorus|Substitute|p1a: Enamorus\n|-start|p1a: Enamorus|Substitute\n|-damage|p1a: Enamorus|51\/100\n|move|p2a: Kingambit|Iron Head|p1a: Enamorus\n|-resisted|p1a: Enamorus\n|-end|p1a: Enamorus|Substitute\n|\n|upkeep\n|turn|21\n|\n|t:|1700202851\n|move|p1a: Enamorus|Moonblast|p2a: Kingambit\n|-damage|p2a: Kingambit|12\/100\n|move|p2a: Kingambit|Iron Head|p1a: Enamorus\n|-resisted|p1a: Enamorus\n|-damage|p1a: Enamorus|0 fnt\n|faint|p1a: Enamorus\n|\n|upkeep\n|\n|t:|1700202857\n|switch|p1a: Great Tusk|Great Tusk|35\/100 psn\n|turn|22\n|inactive|StazMTA has 120 seconds left.\n|\n|t:|1700202865\n|move|p2a: Kingambit|Sucker Punch||[still]\n|-fail|p2a: Kingambit\n|move|p1a: Great Tusk|Bulk Up|p1a: Great Tusk\n|-boost|p1a: Great Tusk|atk|1\n|-boost|p1a: Great Tusk|def|1\n|\n|-heal|p1a: Great Tusk|41\/100 psn|[from] item: Leftovers\n|-damage|p1a: Great Tusk|29\/100 psn|[from] psn\n|upkeep\n|turn|23\n|\n|t:|1700202875\n|move|p2a: Kingambit|Sucker Punch||[still]\n|-fail|p2a: Kingambit\n|move|p1a: Great Tusk|Bulk Up|p1a: Great Tusk\n|-boost|p1a: Great Tusk|atk|1\n|-boost|p1a: Great Tusk|def|1\n|\n|-heal|p1a: Great Tusk|35\/100 psn|[from] item: Leftovers\n|-damage|p1a: Great Tusk|22\/100 psn|[from] psn\n|upkeep\n|turn|24\n|\n|t:|1700202878\n|move|p2a: Kingambit|Sucker Punch|p1a: Great Tusk\n|-resisted|p1a: Great Tusk\n|-damage|p1a: Great Tusk|0 fnt\n|faint|p1a: Great Tusk\n|-end|p1a: Great Tusk|Protosynthesis|[silent]\n|\n|win|grass knot zygarde\n|raw|StazMTA's rating: 1545 &rarr; <strong>1524<\/strong><br \/>(-21 for losing)\n|raw|grass knot zygarde's rating: 1520 &rarr; <strong>1541<\/strong><br \/>(+21 for winning)\n","uploadtime":1700202889,"views":8,"p1id":"stazmta","p2id":"grassknotzygarde","formatid":"gen9ou","rating":1524,"private":0,"password":""}