{"id":"gen9ou-1990862625","p1":"little man skwovet","p2":"The pianist 51","format":"[Gen 9] OU","log":"|j|\u2606little man skwovet\n|j|\u2606The pianist 51\n|t:|1700008806\n|gametype|singles\n|player|p1|little man skwovet|169|1583\n|player|p2|The pianist 51|steven|1673\n|teamsize|p1|6\n|teamsize|p2|6\n|gen|9\n|tier|[Gen 9] OU\n|rated|\n|rule|Sleep Clause Mod: Limit one foe put to sleep\n|rule|Species Clause: Limit one of each Pok\u00e9mon\n|rule|OHKO Clause: OHKO moves are banned\n|rule|Evasion Items Clause: Evasion items are banned\n|rule|Evasion Moves Clause: Evasion moves are banned\n|rule|Endless Battle Clause: Forcing endless battles is banned\n|rule|HP Percentage Mod: HP is shown in percentages\n|clearpoke\n|poke|p1|Sinistcha-Masterpiece|\n|poke|p1|Blissey, F|\n|poke|p1|Clodsire, M|\n|poke|p1|Dondozo, F|\n|poke|p1|Alomomola, F|\n|poke|p1|Clefable, F|\n|poke|p2|Ogerpon-Wellspring, F|\n|poke|p2|Zamazenta-*|\n|poke|p2|Dragonite, F|\n|poke|p2|Gholdengo|\n|poke|p2|Iron Valiant|\n|poke|p2|Glimmora, F|\n|teampreview\n|\n|t:|1700008827\n|start\n|switch|p1a: Blissey|Blissey, F, shiny|100\/100\n|switch|p2a: Gholdengo|Gholdengo|100\/100\n|-item|p2a: Gholdengo|Air Balloon\n|turn|1\n|\n|t:|1700008834\n|move|p2a: Gholdengo|Nasty Plot|p2a: Gholdengo\n|-boost|p2a: Gholdengo|spa|2\n|move|p1a: Blissey|Stealth Rock|p2a: Gholdengo\n|-sidestart|p2: The pianist 51|move: Stealth Rock\n|\n|upkeep\n|turn|2\n|\n|t:|1700008841\n|switch|p1a: Clodsire|Clodsire, M|100\/100\n|move|p2a: Gholdengo|Nasty Plot|p2a: Gholdengo\n|-boost|p2a: Gholdengo|spa|2\n|\n|upkeep\n|turn|3\n|\n|t:|1700008844\n|move|p2a: Gholdengo|Psyshock|p1a: Clodsire\n|-supereffective|p1a: Clodsire\n|-damage|p1a: Clodsire|40\/100\n|move|p1a: Clodsire|Spikes|p2a: Gholdengo\n|-sidestart|p2: The pianist 51|Spikes\n|\n|upkeep\n|turn|4\n|\n|t:|1700008849\n|-terastallize|p1a: Clodsire|Steel\n|move|p2a: Gholdengo|Psyshock|p1a: Clodsire\n|-resisted|p1a: Clodsire\n|-damage|p1a: Clodsire|27\/100\n|move|p1a: Clodsire|Recover|p1a: Clodsire\n|-heal|p1a: Clodsire|77\/100\n|\n|upkeep\n|turn|5\n|\n|t:|1700008873\n|move|p2a: Gholdengo|Shadow Ball|p1a: Clodsire\n|-damage|p1a: Clodsire|54\/100\n|-unboost|p1a: Clodsire|spd|1\n|move|p1a: Clodsire|Amnesia|p1a: Clodsire\n|-boost|p1a: Clodsire|spd|2\n|\n|upkeep\n|turn|6\n|\n|t:|1700008879\n|move|p2a: Gholdengo|Shadow Ball|p1a: Clodsire\n|-damage|p1a: Clodsire|40\/100\n|move|p1a: Clodsire|Recover|p1a: Clodsire\n|-heal|p1a: Clodsire|90\/100\n|\n|upkeep\n|turn|7\n|\n|t:|1700008886\n|move|p2a: Gholdengo|Shadow Ball|p1a: Clodsire\n|-damage|p1a: Clodsire|73\/100\n|move|p1a: Clodsire|Spikes|p2a: Gholdengo\n|-sidestart|p2: The pianist 51|Spikes\n|\n|upkeep\n|turn|8\n|\n|t:|1700008892\n|move|p2a: Gholdengo|Shadow Ball|p1a: Clodsire\n|-damage|p1a: Clodsire|57\/100\n|move|p1a: Clodsire|Amnesia|p1a: Clodsire\n|-boost|p1a: Clodsire|spd|2\n|\n|upkeep\n|turn|9\n|\n|t:|1700008902\n|move|p2a: Gholdengo|Nasty Plot|p2a: Gholdengo\n|-boost|p2a: Gholdengo|spa|2\n|move|p1a: Clodsire|Spikes|p2a: Gholdengo\n|-sidestart|p2: The pianist 51|Spikes\n|\n|upkeep\n|turn|10\n|\n|t:|1700008908\n|move|p2a: Gholdengo|Shadow Ball|p1a: Clodsire\n|-damage|p1a: Clodsire|47\/100\n|move|p1a: Clodsire|Amnesia|p1a: Clodsire\n|-boost|p1a: Clodsire|spd|2\n|\n|upkeep\n|turn|11\n|\n|t:|1700008913\n|move|p2a: Gholdengo|Shadow Ball|p1a: Clodsire\n|-damage|p1a: Clodsire|41\/100\n|move|p1a: Clodsire|Recover|p1a: Clodsire\n|-heal|p1a: Clodsire|91\/100\n|\n|upkeep\n|turn|12\n|\n|t:|1700008918\n|move|p2a: Gholdengo|Shadow Ball|p1a: Clodsire\n|-damage|p1a: Clodsire|84\/100\n|move|p1a: Clodsire|Amnesia|p1a: Clodsire\n|-boost|p1a: Clodsire|spd|1\n|\n|upkeep\n|turn|13\n|\n|t:|1700008933\n|move|p2a: Gholdengo|Shadow Ball|p1a: Clodsire\n|-damage|p1a: Clodsire|78\/100\n|-unboost|p1a: Clodsire|spd|1\n|move|p1a: Clodsire|Spikes||[still]\n|-fail|p1a: Clodsire\n|\n|upkeep\n|turn|14\n|\n|t:|1700008943\n|move|p2a: Gholdengo|Shadow Ball|p1a: Clodsire\n|-damage|p1a: Clodsire|71\/100\n|move|p1a: Clodsire|Amnesia|p1a: Clodsire\n|-boost|p1a: Clodsire|spd|1\n|\n|upkeep\n|turn|15\n|\n|t:|1700008970\n|move|p2a: Gholdengo|Shadow Ball|p1a: Clodsire\n|-damage|p1a: Clodsire|64\/100\n|move|p1a: Clodsire|Spikes||[still]\n|-fail|p1a: Clodsire\n|\n|upkeep\n|turn|16\n|inactive|Battle timer is ON: inactive players will automatically lose when time's up. (requested by The pianist 51)\n|\n|t:|1700008978\n|move|p2a: Gholdengo|Shadow Ball|p1a: Clodsire\n|-damage|p1a: Clodsire|58\/100\n|move|p1a: Clodsire|Spikes||[still]\n|-fail|p1a: Clodsire\n|\n|upkeep\n|turn|17\n|\n|t:|1700008982\n|move|p2a: Gholdengo|Shadow Ball|p1a: Clodsire\n|-damage|p1a: Clodsire|52\/100\n|move|p1a: Clodsire|Spikes||[still]\n|-fail|p1a: Clodsire\n|\n|upkeep\n|turn|18\n|\n|t:|1700008985\n|move|p2a: Gholdengo|Shadow Ball|p1a: Clodsire\n|-damage|p1a: Clodsire|45\/100\n|move|p1a: Clodsire|Spikes||[still]\n|-fail|p1a: Clodsire\n|\n|upkeep\n|turn|19\n|\n|t:|1700008988\n|move|p2a: Gholdengo|Shadow Ball|p1a: Clodsire\n|-damage|p1a: Clodsire|39\/100\n|move|p1a: Clodsire|Spikes||[still]\n|-fail|p1a: Clodsire\n|\n|upkeep\n|turn|20\n|\n|t:|1700008990\n|move|p2a: Gholdengo|Shadow Ball|p1a: Clodsire\n|-damage|p1a: Clodsire|32\/100\n|move|p1a: Clodsire|Recover|p1a: Clodsire\n|-heal|p1a: Clodsire|82\/100\n|\n|upkeep\n|turn|21\n|\n|t:|1700009005\n|move|p2a: Gholdengo|Psyshock|p1a: Clodsire\n|-resisted|p1a: Clodsire\n|-damage|p1a: Clodsire|68\/100\n|move|p1a: Clodsire|Spikes||[still]\n|-fail|p1a: Clodsire\n|\n|upkeep\n|turn|22\n|\n|t:|1700009010\n|move|p2a: Gholdengo|Psyshock|p1a: Clodsire\n|-resisted|p1a: Clodsire\n|-damage|p1a: Clodsire|55\/100\n|move|p1a: Clodsire|Spikes||[still]\n|-fail|p1a: Clodsire\n|\n|upkeep\n|turn|23\n|\n|t:|1700009014\n|move|p2a: Gholdengo|Psyshock|p1a: Clodsire\n|-resisted|p1a: Clodsire\n|-damage|p1a: Clodsire|42\/100\n|move|p1a: Clodsire|Spikes||[still]\n|-fail|p1a: Clodsire\n|\n|upkeep\n|turn|24\n|\n|t:|1700009016\n|move|p2a: Gholdengo|Psyshock|p1a: Clodsire\n|-resisted|p1a: Clodsire\n|-damage|p1a: Clodsire|27\/100\n|move|p1a: Clodsire|Recover|p1a: Clodsire\n|-heal|p1a: Clodsire|78\/100\n|\n|upkeep\n|turn|25\n|\n|t:|1700009022\n|move|p2a: Gholdengo|Psyshock|p1a: Clodsire\n|-resisted|p1a: Clodsire\n|-damage|p1a: Clodsire|64\/100\n|move|p1a: Clodsire|Spikes||[still]\n|-fail|p1a: Clodsire\n|\n|upkeep\n|turn|26\n|\n|t:|1700009026\n|move|p2a: Gholdengo|Psyshock|p1a: Clodsire\n|-resisted|p1a: Clodsire\n|-damage|p1a: Clodsire|50\/100\n|move|p1a: Clodsire|Spikes||[still]\n|-fail|p1a: Clodsire\n|\n|upkeep\n|turn|27\n|\n|t:|1700009034\n|move|p2a: Gholdengo|Make It Rain|p1a: Clodsire\n|-resisted|p1a: Clodsire\n|-damage|p1a: Clodsire|45\/100\n|-unboost|p2a: Gholdengo|spa|1\n|move|p1a: Clodsire|Recover|p1a: Clodsire\n|-heal|p1a: Clodsire|95\/100\n|\n|upkeep\n|turn|28\n|\n|t:|1700009040\n|move|p2a: Gholdengo|Make It Rain|p1a: Clodsire\n|-resisted|p1a: Clodsire\n|-damage|p1a: Clodsire|90\/100\n|-unboost|p2a: Gholdengo|spa|1\n|move|p1a: Clodsire|Spikes||[still]\n|-fail|p1a: Clodsire\n|\n|upkeep\n|turn|29\n|\n|t:|1700009051\n|move|p2a: Gholdengo|Nasty Plot|p2a: Gholdengo\n|-boost|p2a: Gholdengo|spa|2\n|move|p1a: Clodsire|Amnesia|p1a: Clodsire\n|-boost|p1a: Clodsire|spd|0\n|\n|upkeep\n|turn|30\n|\n|t:|1700009055\n|move|p2a: Gholdengo|Psyshock|p1a: Clodsire\n|-resisted|p1a: Clodsire\n|-damage|p1a: Clodsire|77\/100\n|move|p1a: Clodsire|Amnesia|p1a: Clodsire\n|-boost|p1a: Clodsire|spd|0\n|\n|upkeep\n|turn|31\n|\n|t:|1700009058\n|move|p2a: Gholdengo|Psyshock|p1a: Clodsire\n|-resisted|p1a: Clodsire\n|-damage|p1a: Clodsire|63\/100\n|move|p1a: Clodsire|Amnesia|p1a: Clodsire\n|-boost|p1a: Clodsire|spd|0\n|\n|upkeep\n|turn|32\n|\n|t:|1700009065\n|move|p2a: Gholdengo|Psyshock|p1a: Clodsire\n|-resisted|p1a: Clodsire\n|-damage|p1a: Clodsire|51\/100\n|move|p1a: Clodsire|Amnesia|p1a: Clodsire\n|-boost|p1a: Clodsire|spd|0\n|\n|upkeep\n|turn|33\n|\n|t:|1700009078\n|move|p2a: Gholdengo|Make It Rain|p1a: Clodsire\n|-resisted|p1a: Clodsire\n|-crit|p1a: Clodsire\n|-damage|p1a: Clodsire|24\/100\n|-unboost|p2a: Gholdengo|spa|1\n|move|p1a: Clodsire|Amnesia|p1a: Clodsire\n|-boost|p1a: Clodsire|spd|0\n|\n|upkeep\n|turn|34\n|inactive|The pianist 51 has 120 seconds left.\n|\n|t:|1700009123\n|move|p2a: Gholdengo|Make It Rain|p1a: Clodsire\n|-resisted|p1a: Clodsire\n|-damage|p1a: Clodsire|19\/100\n|-unboost|p2a: Gholdengo|spa|1\n|move|p1a: Clodsire|Recover|p1a: Clodsire\n|-heal|p1a: Clodsire|69\/100\n|\n|upkeep\n|turn|35\n|\n|t:|1700009140\n|move|p2a: Gholdengo|Nasty Plot|p2a: Gholdengo\n|-boost|p2a: Gholdengo|spa|2\n|move|p1a: Clodsire|Amnesia|p1a: Clodsire\n|-boost|p1a: Clodsire|spd|0\n|\n|upkeep\n|turn|36\n|inactive|The pianist 51 has 120 seconds left.\n|\n|t:|1700009158\n|move|p2a: Gholdengo|Psyshock|p1a: Clodsire\n|-resisted|p1a: Clodsire\n|-damage|p1a: Clodsire|56\/100\n|move|p1a: Clodsire|Spikes||[still]\n|-fail|p1a: Clodsire\n|\n|upkeep\n|turn|37\n|\n|t:|1700009162\n|move|p2a: Gholdengo|Psyshock|p1a: Clodsire\n|-resisted|p1a: Clodsire\n|-damage|p1a: Clodsire|43\/100\n|move|p1a: Clodsire|Spikes||[still]\n|-fail|p1a: Clodsire\n|\n|upkeep\n|turn|38\n|inactive|The pianist 51 has 120 seconds left.\n|\n|t:|1700009175\n|move|p2a: Gholdengo|Shadow Ball|p1a: Clodsire\n|-damage|p1a: Clodsire|37\/100\n|move|p1a: Clodsire|Recover|p1a: Clodsire\n|-heal|p1a: Clodsire|87\/100\n|\n|upkeep\n|turn|39\n|inactive|The pianist 51 has 120 seconds left.\n|\n|t:|1700009199\n|move|p2a: Gholdengo|Psyshock|p1a: Clodsire\n|-resisted|p1a: Clodsire\n|-damage|p1a: Clodsire|72\/100\n|move|p1a: Clodsire|Spikes||[still]\n|-fail|p1a: Clodsire\n|\n|upkeep\n|turn|40\n|\n|t:|1700009211\n|move|p2a: Gholdengo|Make It Rain|p1a: Clodsire\n|-resisted|p1a: Clodsire\n|-damage|p1a: Clodsire|68\/100\n|-unboost|p2a: Gholdengo|spa|1\n|move|p1a: Clodsire|Spikes||[still]\n|-fail|p1a: Clodsire\n|\n|upkeep\n|turn|41\n|\n|t:|1700009220\n|move|p2a: Gholdengo|Make It Rain|p1a: Clodsire\n|-resisted|p1a: Clodsire\n|-damage|p1a: Clodsire|64\/100\n|-unboost|p2a: Gholdengo|spa|1\n|move|p1a: Clodsire|Poison Jab|p2a: Gholdengo\n|-immune|p2a: Gholdengo\n|\n|upkeep\n|turn|42\n|\n|t:|1700009234\n|move|p2a: Gholdengo|Nasty Plot|p2a: Gholdengo\n|-boost|p2a: Gholdengo|spa|2\n|move|p1a: Clodsire|Poison Jab|p2a: Gholdengo\n|-immune|p2a: Gholdengo\n|\n|upkeep\n|turn|43\n|inactive|The pianist 51 has 120 seconds left.\n|\n|t:|1700009267\n|move|p2a: Gholdengo|Psyshock|p1a: Clodsire\n|-resisted|p1a: Clodsire\n|-damage|p1a: Clodsire|50\/100\n|move|p1a: Clodsire|Poison Jab|p2a: Gholdengo\n|-immune|p2a: Gholdengo\n|\n|upkeep\n|turn|44\n|\n|t:|1700009277\n|move|p2a: Gholdengo|Psyshock|p1a: Clodsire\n|-resisted|p1a: Clodsire\n|-damage|p1a: Clodsire|36\/100\n|move|p1a: Clodsire|Poison Jab|p2a: Gholdengo\n|-immune|p2a: Gholdengo\n|\n|upkeep\n|turn|45\n|inactive|The pianist 51 has 120 seconds left.\n|\n|t:|1700009292\n|move|p2a: Gholdengo|Shadow Ball|p1a: Clodsire\n|-damage|p1a: Clodsire|30\/100\n|move|p1a: Clodsire|Poison Jab|p2a: Gholdengo\n|-immune|p2a: Gholdengo\n|\n|upkeep\n|turn|46\n|\n|t:|1700009297\n|move|p2a: Gholdengo|Shadow Ball|p1a: Clodsire\n|-damage|p1a: Clodsire|24\/100\n|move|p1a: Clodsire|Poison Jab|p2a: Gholdengo\n|-immune|p2a: Gholdengo\n|\n|upkeep\n|turn|47\n|inactive|The pianist 51 has 120 seconds left.\n|\n|t:|1700009315\n|move|p2a: Gholdengo|Nasty Plot|p2a: Gholdengo\n|-boost|p2a: Gholdengo|spa|0\n|move|p1a: Clodsire|Poison Jab|p2a: Gholdengo\n|-immune|p2a: Gholdengo\n|\n|upkeep\n|turn|48\n|\n|t:|1700009319\n|move|p2a: Gholdengo|Nasty Plot|p2a: Gholdengo\n|-boost|p2a: Gholdengo|spa|0\n|move|p1a: Clodsire|Poison Jab|p2a: Gholdengo\n|-immune|p2a: Gholdengo\n|\n|upkeep\n|turn|49\n|\n|t:|1700009321\n|move|p2a: Gholdengo|Nasty Plot|p2a: Gholdengo\n|-boost|p2a: Gholdengo|spa|0\n|move|p1a: Clodsire|Poison Jab|p2a: Gholdengo\n|-immune|p2a: Gholdengo\n|\n|upkeep\n|turn|50\n|\n|t:|1700009323\n|move|p2a: Gholdengo|Nasty Plot|p2a: Gholdengo\n|-boost|p2a: Gholdengo|spa|0\n|move|p1a: Clodsire|Poison Jab|p2a: Gholdengo\n|-immune|p2a: Gholdengo\n|\n|upkeep\n|turn|51\n|\n|t:|1700009326\n|move|p2a: Gholdengo|Nasty Plot|p2a: Gholdengo\n|-boost|p2a: Gholdengo|spa|0\n|move|p1a: Clodsire|Poison Jab|p2a: Gholdengo\n|-immune|p2a: Gholdengo\n|\n|upkeep\n|turn|52\n|\n|t:|1700009328\n|move|p2a: Gholdengo|Nasty Plot|p2a: Gholdengo\n|-boost|p2a: Gholdengo|spa|0\n|move|p1a: Clodsire|Poison Jab|p2a: Gholdengo\n|-immune|p2a: Gholdengo\n|\n|upkeep\n|turn|53\n|\n|t:|1700009330\n|move|p2a: Gholdengo|Nasty Plot|p2a: Gholdengo\n|-boost|p2a: Gholdengo|spa|0\n|move|p1a: Clodsire|Amnesia|p1a: Clodsire\n|-boost|p1a: Clodsire|spd|0\n|\n|upkeep\n|turn|54\n|\n|t:|1700009331\n|move|p2a: Gholdengo|Nasty Plot|p2a: Gholdengo\n|-boost|p2a: Gholdengo|spa|0\n|move|p1a: Clodsire|Amnesia|p1a: Clodsire\n|-boost|p1a: Clodsire|spd|0\n|\n|upkeep\n|turn|55\n|\n|t:|1700009333\n|move|p2a: Gholdengo|Nasty Plot|p2a: Gholdengo\n|-boost|p2a: Gholdengo|spa|0\n|move|p1a: Clodsire|Amnesia|p1a: Clodsire\n|-boost|p1a: Clodsire|spd|0\n|\n|upkeep\n|turn|56\n|\n|t:|1700009334\n|move|p2a: Gholdengo|Nasty Plot|p2a: Gholdengo\n|-boost|p2a: Gholdengo|spa|0\n|move|p1a: Clodsire|Amnesia|p1a: Clodsire\n|-boost|p1a: Clodsire|spd|0\n|\n|upkeep\n|turn|57\n|\n|t:|1700009336\n|move|p2a: Gholdengo|Nasty Plot|p2a: Gholdengo\n|-boost|p2a: Gholdengo|spa|0\n|move|p1a: Clodsire|Amnesia|p1a: Clodsire\n|-boost|p1a: Clodsire|spd|0\n|\n|upkeep\n|turn|58\n|\n|t:|1700009339\n|move|p2a: Gholdengo|Nasty Plot|p2a: Gholdengo\n|-boost|p2a: Gholdengo|spa|0\n|move|p1a: Clodsire|Amnesia|p1a: Clodsire\n|-boost|p1a: Clodsire|spd|0\n|\n|upkeep\n|turn|59\n|\n|t:|1700009342\n|move|p2a: Gholdengo|Nasty Plot|p2a: Gholdengo\n|-boost|p2a: Gholdengo|spa|0\n|move|p1a: Clodsire|Amnesia|p1a: Clodsire\n|-boost|p1a: Clodsire|spd|0\n|\n|upkeep\n|turn|60\n|\n|t:|1700009345\n|move|p2a: Gholdengo|Nasty Plot|p2a: Gholdengo\n|-boost|p2a: Gholdengo|spa|0\n|move|p1a: Clodsire|Amnesia|p1a: Clodsire\n|-boost|p1a: Clodsire|spd|0\n|\n|upkeep\n|turn|61\n|\n|t:|1700009352\n|move|p2a: Gholdengo|Nasty Plot|p2a: Gholdengo\n|-boost|p2a: Gholdengo|spa|0\n|move|p1a: Clodsire|Poison Jab|p2a: Gholdengo\n|-immune|p2a: Gholdengo\n|\n|upkeep\n|turn|62\n|\n|t:|1700009373\n|move|p2a: Gholdengo|Nasty Plot|p2a: Gholdengo\n|-boost|p2a: Gholdengo|spa|0\n|move|p1a: Clodsire|Poison Jab|p2a: Gholdengo\n|-immune|p2a: Gholdengo\n|\n|upkeep\n|turn|63\n|\n|t:|1700009377\n|move|p2a: Gholdengo|Nasty Plot|p2a: Gholdengo\n|-boost|p2a: Gholdengo|spa|0\n|move|p1a: Clodsire|Poison Jab|p2a: Gholdengo\n|-immune|p2a: Gholdengo\n|\n|upkeep\n|turn|64\n|\n|t:|1700009380\n|move|p2a: Gholdengo|Nasty Plot|p2a: Gholdengo\n|-boost|p2a: Gholdengo|spa|0\n|move|p1a: Clodsire|Poison Jab|p2a: Gholdengo\n|-immune|p2a: Gholdengo\n|\n|upkeep\n|turn|65\n|\n|t:|1700009383\n|move|p2a: Gholdengo|Nasty Plot|p2a: Gholdengo\n|-boost|p2a: Gholdengo|spa|0\n|move|p1a: Clodsire|Poison Jab|p2a: Gholdengo\n|-immune|p2a: Gholdengo\n|\n|upkeep\n|turn|66\n|\n|t:|1700009385\n|move|p2a: Gholdengo|Nasty Plot|p2a: Gholdengo\n|-boost|p2a: Gholdengo|spa|0\n|move|p1a: Clodsire|Poison Jab|p2a: Gholdengo\n|-immune|p2a: Gholdengo\n|\n|upkeep\n|turn|67\n|\n|t:|1700009386\n|move|p2a: Gholdengo|Nasty Plot|p2a: Gholdengo\n|-boost|p2a: Gholdengo|spa|0\n|move|p1a: Clodsire|Poison Jab|p2a: Gholdengo\n|-immune|p2a: Gholdengo\n|\n|upkeep\n|turn|68\n|\n|t:|1700009388\n|move|p2a: Gholdengo|Nasty Plot|p2a: Gholdengo\n|-boost|p2a: Gholdengo|spa|0\n|move|p1a: Clodsire|Poison Jab|p2a: Gholdengo\n|-immune|p2a: Gholdengo\n|\n|upkeep\n|turn|69\n|\n|t:|1700009396\n|move|p2a: Gholdengo|Shadow Ball|p1a: Clodsire\n|-damage|p1a: Clodsire|17\/100\n|-unboost|p1a: Clodsire|spd|1\n|move|p1a: Clodsire|Poison Jab|p2a: Gholdengo\n|-immune|p2a: Gholdengo\n|\n|upkeep\n|turn|70\n|\n|t:|1700009403\n|move|p2a: Gholdengo|Shadow Ball|p1a: Clodsire\n|-damage|p1a: Clodsire|11\/100\n|move|p1a: Clodsire|Amnesia|p1a: Clodsire\n|-boost|p1a: Clodsire|spd|1\n|\n|upkeep\n|turn|71\n|\n|t:|1700009409\n|move|p2a: Gholdengo|Shadow Ball|p1a: Clodsire\n|-damage|p1a: Clodsire|4\/100\n|-unboost|p1a: Clodsire|spd|1\n|move|p1a: Clodsire|Amnesia|p1a: Clodsire\n|-boost|p1a: Clodsire|spd|1\n|\n|upkeep\n|turn|72\n|\n|t:|1700009418\n|move|p2a: Gholdengo|Shadow Ball|p1a: Clodsire\n|-damage|p1a: Clodsire|0 fnt\n|faint|p1a: Clodsire\n|\n|upkeep\n|\n|t:|1700009421\n|switch|p1a: Blissey|Blissey, F, shiny|100\/100\n|turn|73\n|\n|t:|1700009426\n|move|p1a: Blissey|Protect|p1a: Blissey\n|-singleturn|p1a: Blissey|Protect\n|move|p2a: Gholdengo|Make It Rain|p1a: Blissey\n|-activate|p1a: Blissey|move: Protect\n|\n|upkeep\n|turn|74\n|\n|t:|1700009438\n|move|p2a: Gholdengo|Shadow Ball|p1a: Blissey\n|-immune|p1a: Blissey\n|move|p1a: Blissey|Soft-Boiled||[still]\n|-fail|p1a: Blissey|heal\n|\n|upkeep\n|turn|75\n|\n|t:|1700009446\n|move|p1a: Blissey|Protect|p1a: Blissey\n|-singleturn|p1a: Blissey|Protect\n|move|p2a: Gholdengo|Nasty Plot|p2a: Gholdengo\n|-boost|p2a: Gholdengo|spa|0\n|\n|upkeep\n|turn|76\n|\n|t:|1700009449\n|move|p2a: Gholdengo|Make It Rain|p1a: Blissey\n|-damage|p1a: Blissey|18\/100\n|-unboost|p2a: Gholdengo|spa|1\n|move|p1a: Blissey|Seismic Toss|p2a: Gholdengo\n|-immune|p2a: Gholdengo\n|\n|upkeep\n|turn|77\n|\n|t:|1700009459\n|move|p2a: Gholdengo|Shadow Ball|p1a: Blissey\n|-immune|p1a: Blissey\n|move|p1a: Blissey|Soft-Boiled|p1a: Blissey\n|-heal|p1a: Blissey|68\/100\n|\n|upkeep\n|turn|78\n|\n|t:|1700009461\n|move|p2a: Gholdengo|Nasty Plot|p2a: Gholdengo\n|-boost|p2a: Gholdengo|spa|1\n|move|p1a: Blissey|Soft-Boiled|p1a: Blissey\n|-heal|p1a: Blissey|100\/100\n|\n|upkeep\n|turn|79\n|\n|t:|1700009465\n|switch|p1a: Alomomola|Alomomola, F, shiny|100\/100\n|move|p2a: Gholdengo|Nasty Plot|p2a: Gholdengo\n|-boost|p2a: Gholdengo|spa|0\n|\n|upkeep\n|turn|80\n|\n|t:|1700009477\n|move|p2a: Gholdengo|Nasty Plot|p2a: Gholdengo\n|-boost|p2a: Gholdengo|spa|0\n|move|p1a: Alomomola|Scald|p2a: Gholdengo\n|-damage|p2a: Gholdengo|83\/100\n|-enditem|p2a: Gholdengo|Air Balloon\n|\n|upkeep\n|turn|81\n|\n|t:|1700009482\n|-activate|p2a: Gholdengo|move: Struggle\n|move|p2a: Gholdengo|Struggle|p1a: Alomomola\n|-damage|p1a: Alomomola|97\/100\n|-damage|p2a: Gholdengo|58\/100|[from] recoil\n|move|p1a: Alomomola|Scald|p2a: Gholdengo\n|-damage|p2a: Gholdengo|43\/100\n|\n|upkeep\n|turn|82\n|\n|t:|1700009494\n|-activate|p2a: Gholdengo|move: Struggle\n|move|p2a: Gholdengo|Struggle|p1a: Alomomola\n|-damage|p1a: Alomomola|93\/100\n|-damage|p2a: Gholdengo|18\/100|[from] recoil\n|move|p1a: Alomomola|Scald|p2a: Gholdengo\n|-damage|p2a: Gholdengo|1\/100\n|\n|upkeep\n|turn|83\n|\n|t:|1700009499\n|-activate|p2a: Gholdengo|move: Struggle\n|move|p2a: Gholdengo|Struggle|p1a: Alomomola\n|-damage|p1a: Alomomola|90\/100\n|-damage|p2a: Gholdengo|0 fnt|[from] recoil\n|faint|p2a: Gholdengo\n|move|p1a: Alomomola|Wish|p1a: Alomomola\n|\n|upkeep\n|\n|t:|1700009503\n|switch|p2a: Glimmora|Glimmora, F|100\/100\n|-damage|p2a: Glimmora|88\/100|[from] Stealth Rock\n|-damage|p2a: Glimmora|63\/100|[from] Spikes\n|turn|84\n|\n|t:|1700009507\n|switch|p1a: Blissey|Blissey, F, shiny|100\/100\n|move|p2a: Glimmora|Mortal Spin|p1a: Blissey\n|-damage|p1a: Blissey|96\/100\n|-status|p1a: Blissey|psn\n|-sideend|p2: The pianist 51|Spikes|[from] move: Mortal Spin|[of] p2a: Glimmora\n|-sideend|p2: The pianist 51|Stealth Rock|[from] move: Mortal Spin|[of] p2a: Glimmora\n|\n|-heal|p1a: Blissey|100\/100 psn|[from] move: Wish|[wisher] Alomomola\n|-damage|p1a: Blissey|88\/100 psn|[from] psn\n|upkeep\n|turn|85\n|\n|t:|1700009512\n|move|p2a: Glimmora|Stealth Rock|p1a: Blissey\n|-sidestart|p1: little man skwovet|move: Stealth Rock\n|move|p1a: Blissey|Seismic Toss|p2a: Glimmora\n|-damage|p2a: Glimmora|31\/100\n|-activate|p2a: Glimmora|ability: Toxic Debris\n|-sidestart|p1: little man skwovet|move: Toxic Spikes\n|\n|-damage|p1a: Blissey|76\/100 psn|[from] psn\n|upkeep\n|turn|86\n|\n|t:|1700009540\n|switch|p2a: Iron Valiant|Iron Valiant|100\/100\n|-enditem|p2a: Iron Valiant|Booster Energy\n|-activate|p2a: Iron Valiant|ability: Quark Drive|[fromitem]\n|-start|p2a: Iron Valiant|quarkdrivespe\n|move|p1a: Blissey|Seismic Toss|p2a: Iron Valiant\n|-damage|p2a: Iron Valiant|66\/100\n|\n|-damage|p1a: Blissey|63\/100 psn|[from] psn\n|upkeep\n|turn|87\n|\n|t:|1700009545\n|-curestatus|p1a: Blissey|psn|[from] ability: Natural Cure\n|switch|p1a: Clefable|Clefable, F|100\/100\n|-status|p1a: Clefable|psn\n|-terastallize|p2a: Iron Valiant|Ghost\n|move|p2a: Iron Valiant|Calm Mind|p2a: Iron Valiant\n|-boost|p2a: Iron Valiant|spa|1\n|-boost|p2a: Iron Valiant|spd|1\n|\n|upkeep\n|turn|88\n|\n|t:|1700009570\n|move|p2a: Iron Valiant|Moonblast|p1a: Clefable\n|-damage|p1a: Clefable|39\/100 psn\n|move|p1a: Clefable|Moonblast|p2a: Iron Valiant\n|-damage|p2a: Iron Valiant|31\/100\n|\n|-heal|p1a: Clefable|45\/100 psn|[from] item: Leftovers\n|upkeep\n|turn|89\n|\n|t:|1700009577\n|switch|p1a: Dondozo|Dondozo, F|100\/100\n|move|p2a: Iron Valiant|Moonblast|p1a: Dondozo\n|-damage|p1a: Dondozo|59\/100\n|\n|upkeep\n|turn|90\n|\n|t:|1700009587\n|switch|p1a: Blissey|Blissey, F, shiny|63\/100\n|move|p2a: Iron Valiant|Moonblast|p1a: Blissey\n|-damage|p1a: Blissey|43\/100\n|-unboost|p1a: Blissey|spa|1\n|\n|upkeep\n|turn|91\n|\n|t:|1700009598\n|move|p2a: Iron Valiant|Calm Mind|p2a: Iron Valiant\n|-boost|p2a: Iron Valiant|spa|1\n|-boost|p2a: Iron Valiant|spd|1\n|move|p1a: Blissey|Soft-Boiled|p1a: Blissey\n|-heal|p1a: Blissey|93\/100\n|\n|upkeep\n|turn|92\n|\n|t:|1700009606\n|switch|p1a: Alomomola|Alomomola, F, shiny|100\/100\n|move|p2a: Iron Valiant|Calm Mind|p2a: Iron Valiant\n|-boost|p2a: Iron Valiant|spa|1\n|-boost|p2a: Iron Valiant|spd|1\n|\n|upkeep\n|turn|93\n|\n|t:|1700009614\n|move|p2a: Iron Valiant|Moonblast|p1a: Alomomola\n|-damage|p1a: Alomomola|0 fnt\n|faint|p1a: Alomomola\n|\n|upkeep\n|\n|t:|1700009616\n|switch|p1a: Dondozo|Dondozo, F|59\/100\n|turn|94\n|\n|t:|1700009623\n|move|p2a: Iron Valiant|Moonblast|p1a: Dondozo\n|-damage|p1a: Dondozo|15\/100\n|move|p1a: Dondozo|Avalanche|p2a: Iron Valiant\n|-damage|p2a: Iron Valiant|0 fnt\n|faint|p2a: Iron Valiant\n|-end|p2a: Iron Valiant|Quark Drive|[silent]\n|\n|upkeep\n|inactive|The pianist 51 has 120 seconds left.\n|\n|t:|1700009654\n|switch|p2a: Zamazenta|Zamazenta|100\/100\n|-ability|p2a: Zamazenta|Dauntless Shield|boost\n|-boost|p2a: Zamazenta|def|1\n|turn|95\n|\n|t:|1700009660\n|switch|p1a: Sinistcha|Sinistcha-Masterpiece|100\/100\n|move|p2a: Zamazenta|Substitute|p2a: Zamazenta\n|-start|p2a: Zamazenta|Substitute\n|-damage|p2a: Zamazenta|76\/100\n|\n|-heal|p2a: Zamazenta|82\/100|[from] item: Leftovers\n|upkeep\n|turn|96\n|\n|t:|1700009664\n|move|p2a: Zamazenta|Crunch|p1a: Sinistcha\n|-supereffective|p1a: Sinistcha\n|-damage|p1a: Sinistcha|70\/100\n|move|p1a: Sinistcha|Matcha Gotcha|p2a: Zamazenta\n|-end|p2a: Zamazenta|Substitute\n|-heal|p1a: Sinistcha|83\/100|[from] drain|[of] p2a: Zamazenta\n|\n|-heal|p2a: Zamazenta|88\/100|[from] item: Leftovers\n|upkeep\n|turn|97\n|inactive|The pianist 51 has 120 seconds left.\n|\n|t:|1700009681\n|move|p2a: Zamazenta|Crunch|p1a: Sinistcha\n|-supereffective|p1a: Sinistcha\n|-damage|p1a: Sinistcha|50\/100\n|move|p1a: Sinistcha|Matcha Gotcha|p2a: Zamazenta\n|-damage|p2a: Zamazenta|60\/100\n|-heal|p1a: Sinistcha|65\/100|[from] drain|[of] p2a: Zamazenta\n|\n|-heal|p2a: Zamazenta|66\/100|[from] item: Leftovers\n|upkeep\n|turn|98\n|inactive|The pianist 51 has 120 seconds left.\n|\n|t:|1700009690\n|move|p2a: Zamazenta|Crunch|p1a: Sinistcha\n|-supereffective|p1a: Sinistcha\n|-damage|p1a: Sinistcha|34\/100\n|-unboost|p1a: Sinistcha|def|1\n|move|p1a: Sinistcha|Strength Sap|p2a: Zamazenta\n|-unboost|p2a: Zamazenta|atk|1\n|-heal|p1a: Sinistcha|100\/100\n|\n|-heal|p2a: Zamazenta|73\/100|[from] item: Leftovers\n|upkeep\n|turn|99\n|inactive|The pianist 51 has 120 seconds left.\n|\n|t:|1700009703\n|switch|p1a: Clefable|Clefable, F|45\/100 psn\n|move|p2a: Zamazenta|Crunch|p1a: Clefable\n|-resisted|p1a: Clefable\n|-damage|p1a: Clefable|40\/100 psn\n|\n|-heal|p2a: Zamazenta|79\/100|[from] item: Leftovers\n|-heal|p1a: Clefable|46\/100 psn|[from] item: Leftovers\n|upkeep\n|turn|100\n|\n|t:|1700009717\n|move|p2a: Zamazenta|Body Press|p1a: Clefable\n|-resisted|p1a: Clefable\n|-damage|p1a: Clefable|22\/100 psn\n|move|p1a: Clefable|Wish|p1a: Clefable\n|\n|-heal|p2a: Zamazenta|85\/100|[from] item: Leftovers\n|-heal|p1a: Clefable|28\/100 psn|[from] item: Leftovers\n|upkeep\n|turn|101\n|\n|t:|1700009726\n|move|p2a: Zamazenta|Body Press|p1a: Clefable\n|-resisted|p1a: Clefable\n|-damage|p1a: Clefable|7\/100 psn\n|move|p1a: Clefable|Moonblast|p2a: Zamazenta\n|-supereffective|p2a: Zamazenta\n|-damage|p2a: Zamazenta|29\/100\n|\n|-heal|p1a: Clefable|57\/100 psn|[from] move: Wish|[wisher] Clefable\n|-heal|p2a: Zamazenta|35\/100|[from] item: Leftovers\n|-heal|p1a: Clefable|63\/100 psn|[from] item: Leftovers\n|upkeep\n|turn|102\n|\n|t:|1700009734\n|switch|p2a: Glimmora|Glimmora, F|31\/100\n|switch|p1a: Sinistcha|Sinistcha-Masterpiece|100\/100\n|\n|upkeep\n|turn|103\n|\n|t:|1700009738\n|switch|p1a: Blissey|Blissey, F, shiny|93\/100\n|move|p2a: Glimmora|Mortal Spin|p1a: Blissey\n|-damage|p1a: Blissey|89\/100\n|-status|p1a: Blissey|psn\n|\n|-damage|p1a: Blissey|76\/100 psn|[from] psn\n|upkeep\n|turn|104\n|\n|t:|1700009764\n|switch|p2a: Zamazenta|Zamazenta|35\/100\n|move|p1a: Blissey|Seismic Toss|p2a: Zamazenta\n|-damage|p2a: Zamazenta|7\/100\n|\n|-heal|p2a: Zamazenta|13\/100|[from] item: Leftovers\n|-damage|p1a: Blissey|64\/100 psn|[from] psn\n|upkeep\n|turn|105\n|\n|t:|1700009772\n|-curestatus|p1a: Blissey|psn|[from] ability: Natural Cure\n|switch|p1a: Clefable|Clefable, F|63\/100 psn\n|move|p2a: Zamazenta|Body Press|p1a: Clefable\n|-resisted|p1a: Clefable\n|-damage|p1a: Clefable|49\/100 psn\n|\n|-heal|p2a: Zamazenta|20\/100|[from] item: Leftovers\n|-heal|p1a: Clefable|55\/100 psn|[from] item: Leftovers\n|upkeep\n|turn|106\n|inactive|The pianist 51 has 90 seconds left.\n|\n|t:|1700009797\n|move|p2a: Zamazenta|Iron Defense|p2a: Zamazenta\n|-boost|p2a: Zamazenta|def|2\n|move|p1a: Clefable|Moonblast|p2a: Zamazenta\n|-supereffective|p2a: Zamazenta\n|-damage|p2a: Zamazenta|0 fnt\n|faint|p2a: Zamazenta\n|\n|-heal|p1a: Clefable|61\/100 psn|[from] item: Leftovers\n|upkeep\n|\n|t:|1700009804\n|switch|p2a: Ogerpon|Ogerpon-Wellspring, F|100\/100\n|turn|107\n|\n|t:|1700009814\n|switch|p1a: Sinistcha|Sinistcha-Masterpiece|100\/100\n|move|p2a: Ogerpon|Swords Dance|p2a: Ogerpon\n|-boost|p2a: Ogerpon|atk|2\n|\n|upkeep\n|turn|108\n|\n|t:|1700009820\n|switch|p2a: Dragonite|Dragonite, F|100\/100\n|move|p1a: Sinistcha|Strength Sap|p2a: Dragonite\n|-unboost|p2a: Dragonite|atk|1\n|\n|upkeep\n|turn|109\n|\n|t:|1700009826\n|move|p2a: Dragonite|Dragon Dance|p2a: Dragonite\n|-boost|p2a: Dragonite|atk|1\n|-boost|p2a: Dragonite|spe|1\n|move|p1a: Sinistcha|Matcha Gotcha|p2a: Dragonite\n|-resisted|p2a: Dragonite\n|-damage|p2a: Dragonite|97\/100\n|\n|upkeep\n|turn|110\n|\n|t:|1700009836\n|move|p2a: Dragonite|Dragon Dance|p2a: Dragonite\n|-boost|p2a: Dragonite|atk|1\n|-boost|p2a: Dragonite|spe|1\n|move|p1a: Sinistcha|Matcha Gotcha|p2a: Dragonite\n|-resisted|p2a: Dragonite\n|-damage|p2a: Dragonite|89\/100\n|-status|p2a: Dragonite|brn\n|\n|-damage|p2a: Dragonite|83\/100 brn|[from] brn\n|upkeep\n|turn|111\n|\n|t:|1700009844\n|move|p2a: Dragonite|Dragon Dance|p2a: Dragonite\n|-boost|p2a: Dragonite|atk|1\n|-boost|p2a: Dragonite|spe|1\n|move|p1a: Sinistcha|Shadow Ball|p2a: Dragonite\n|-damage|p2a: Dragonite|49\/100 brn\n|-unboost|p2a: Dragonite|spd|1\n|\n|-damage|p2a: Dragonite|43\/100 brn|[from] brn\n|upkeep\n|turn|112\n|\n|t:|1700009849\n|move|p2a: Dragonite|Fire Punch|p1a: Sinistcha\n|-supereffective|p1a: Sinistcha\n|-damage|p1a: Sinistcha|77\/100\n|move|p1a: Sinistcha|Shadow Ball|p2a: Dragonite\n|-damage|p2a: Dragonite|0 fnt\n|faint|p2a: Dragonite\n|\n|upkeep\n|inactive|The pianist 51 has 60 seconds left.\n|\n|t:|1700009872\n|switch|p2a: Glimmora|Glimmora, F|31\/100\n|turn|113\n|\n|t:|1700009876\n|switch|p2a: Ogerpon|Ogerpon-Wellspring, F|100\/100\n|switch|p1a: Blissey|Blissey, F, shiny|64\/100\n|\n|upkeep\n|turn|114\n|inactive|The pianist 51 has 60 seconds left.\n|\n|t:|1700009884\n|switch|p1a: Sinistcha|Sinistcha-Masterpiece|77\/100\n|move|p2a: Ogerpon|Swords Dance|p2a: Ogerpon\n|-boost|p2a: Ogerpon|atk|2\n|\n|upkeep\n|turn|115\n|inactive|The pianist 51 has 60 seconds left.\n|\n|t:|1700009896\n|move|p2a: Ogerpon|Ivy Cudgel|p1a: Sinistcha|[anim] Ivy Cudgel Water\n|-resisted|p1a: Sinistcha\n|-crit|p1a: Sinistcha\n|-damage|p1a: Sinistcha|9\/100\n|move|p1a: Sinistcha|Strength Sap|p2a: Ogerpon\n|-unboost|p2a: Ogerpon|atk|1\n|-heal|p1a: Sinistcha|100\/100\n|\n|upkeep\n|turn|116\n|\n|t:|1700009905\n|move|p2a: Ogerpon|Encore|p1a: Sinistcha\n|-start|p1a: Sinistcha|Encore\n|move|p1a: Sinistcha|Strength Sap|p2a: Ogerpon\n|-unboost|p2a: Ogerpon|atk|1\n|\n|upkeep\n|turn|117\n|\n|t:|1700009909\n|switch|p1a: Dondozo|Dondozo, F|15\/100\n|move|p2a: Ogerpon|Swords Dance|p2a: Ogerpon\n|-boost|p2a: Ogerpon|atk|2\n|\n|upkeep\n|turn|118\n|inactive|The pianist 51 has 60 seconds left.\n|\n|t:|1700009924\n|move|p2a: Ogerpon|Power Whip|p1a: Dondozo\n|-supereffective|p1a: Dondozo\n|-damage|p1a: Dondozo|0 fnt\n|faint|p1a: Dondozo\n|\n|upkeep\n|\n|t:|1700009926\n|switch|p1a: Sinistcha|Sinistcha-Masterpiece|100\/100\n|turn|119\n|inactive|The pianist 51 has 60 seconds left.\n|\n|t:|1700009943\n|move|p2a: Ogerpon|Ivy Cudgel|p1a: Sinistcha|[anim] Ivy Cudgel Water\n|-resisted|p1a: Sinistcha\n|-damage|p1a: Sinistcha|61\/100\n|move|p1a: Sinistcha|Foul Play|p2a: Ogerpon\n|-damage|p2a: Ogerpon|18\/100\n|\n|upkeep\n|turn|120\n|\n|t:|1700009954\n|move|p2a: Ogerpon|Ivy Cudgel|p1a: Sinistcha|[anim] Ivy Cudgel Water\n|-resisted|p1a: Sinistcha\n|-damage|p1a: Sinistcha|16\/100\n|move|p1a: Sinistcha|Strength Sap|p2a: Ogerpon\n|-unboost|p2a: Ogerpon|atk|1\n|-heal|p1a: Sinistcha|100\/100\n|\n|upkeep\n|turn|121\n|\n|t:|1700009959\n|switch|p1a: Clefable|Clefable, F|61\/100 psn\n|move|p2a: Ogerpon|Encore||[still]\n|-fail|p2a: Ogerpon\n|\n|-heal|p1a: Clefable|67\/100 psn|[from] item: Leftovers\n|upkeep\n|turn|122\n|inactive|The pianist 51 has 30 seconds left.\n|\n|t:|1700009988\n|move|p2a: Ogerpon|Power Whip|p1a: Clefable\n|-damage|p1a: Clefable|0 fnt\n|faint|p1a: Clefable\n|\n|upkeep\n|\n|t:|1700009991\n|switch|p1a: Sinistcha|Sinistcha-Masterpiece|100\/100\n|turn|123\n|inactive|The pianist 51 has 30 seconds left.\n|\n|t:|1700010004\n|move|p2a: Ogerpon|Power Whip|p1a: Sinistcha\n|-resisted|p1a: Sinistcha\n|-damage|p1a: Sinistcha|62\/100\n|move|p1a: Sinistcha|Shadow Ball|p2a: Ogerpon\n|-damage|p2a: Ogerpon|0 fnt\n|faint|p2a: Ogerpon\n|\n|upkeep\n|\n|t:|1700010007\n|switch|p2a: Glimmora|Glimmora, F|31\/100\n|turn|124\n|\n|t:|1700010013\n|move|p2a: Glimmora|Mortal Spin|p1a: Sinistcha\n|-damage|p1a: Sinistcha|58\/100\n|-status|p1a: Sinistcha|psn\n|move|p1a: Sinistcha|Matcha Gotcha|p2a: Glimmora\n|-damage|p2a: Glimmora|0 fnt\n|-heal|p1a: Sinistcha|73\/100 psn|[from] drain|[of] p2a: Glimmora\n|faint|p2a: Glimmora\n|\n|win|little man skwovet\n|raw|little man skwovet's rating: 1583 &rarr; <strong>1608<\/strong><br \/>(+25 for winning)\n|raw|The pianist 51's rating: 1673 &rarr; <strong>1648<\/strong><br \/>(-25 for losing)\n|c|\u2606little man skwovet|gg\n|c|\u2606The pianist 51|lol\n|c|\u2606The pianist 51|it's not a good game\n|c|\u2606The pianist 51|go to hell\n|l|\u2606The pianist 51\n|c|\u2606little man skwovet|LMAOOO\n|c|\u2606little man skwovet|imagine losing to stall with a cteam\n","uploadtime":1700010024,"views":48,"p1id":"littlemanskwovet","p2id":"thepianist51","formatid":"gen9ou","rating":1608,"private":0,"password":""}