{"id":"gen9ou-1996015271","p1":"ButaYaroSama","p2":"Azamat1404","format":"[Gen 9] OU","log":"|j|\u2606ButaYaroSama\n|j|\u2606Azamat1404\n|t:|1700629660\n|gametype|singles\n|player|p1|ButaYaroSama|101|1173\n|player|p2|Azamat1404|blue|1261\n|teamsize|p1|6\n|teamsize|p2|6\n|gen|9\n|tier|[Gen 9] OU\n|rated|\n|rule|Sleep Clause Mod: Limit one foe put to sleep\n|rule|Species Clause: Limit one of each Pok\u00e9mon\n|rule|OHKO Clause: OHKO moves are banned\n|rule|Evasion Items Clause: Evasion items are banned\n|rule|Evasion Moves Clause: Evasion moves are banned\n|rule|Endless Battle Clause: Forcing endless battles is banned\n|rule|HP Percentage Mod: HP is shown in percentages\n|clearpoke\n|poke|p1|Dudunsparce-*, F|\n|poke|p1|Alomomola, M|\n|poke|p1|Blissey, F|\n|poke|p1|Great Tusk|\n|poke|p1|Hatterene, F|\n|poke|p1|Iron Valiant|\n|poke|p2|Weezing-Galar, M|\n|poke|p2|Volbeat, M|\n|poke|p2|Jirachi|\n|poke|p2|Samurott-Hisui, M|\n|poke|p2|Alomomola, F|\n|poke|p2|Rillaboom, M|\n|teampreview\n|inactive|Battle timer is ON: inactive players will automatically lose when time's up. (requested by ButaYaroSama)\n|\n|t:|1700629668\n|start\n|switch|p1a: Alomomola|Alomomola, M|100\/100\n|switch|p2a: Weezing|Weezing-Galar, M|100\/100\n|-ability|p2a: Weezing|Neutralizing Gas\n|turn|1\n|\n|t:|1700629690\n|move|p1a: Alomomola|Scald|p2a: Weezing\n|-damage|p2a: Weezing|83\/100\n|move|p2a: Weezing|Sludge Bomb|p1a: Alomomola\n|-damage|p1a: Alomomola|66\/100\n|\n|-heal|p2a: Weezing|89\/100|[from] item: Leftovers\n|upkeep\n|turn|2\n|\n|t:|1700629698\n|switch|p1a: Blissey|Blissey, F|100\/100\n|move|p2a: Weezing|Sludge Bomb|p1a: Blissey\n|-damage|p1a: Blissey|91\/100\n|-status|p1a: Blissey|psn\n|\n|-heal|p2a: Weezing|95\/100|[from] item: Leftovers\n|-heal|p1a: Blissey|97\/100 psn|[from] item: Leftovers\n|-damage|p1a: Blissey|85\/100 psn|[from] psn\n|upkeep\n|turn|3\n|\n|t:|1700629712\n|-end|p2a: Weezing|ability: Neutralizing Gas\n|switch|p2a: Rillaboom|Rillaboom, M, shiny|100\/100\n|-fieldstart|move: Grassy Terrain|[from] ability: Grassy Surge|[of] p2a: Rillaboom\n|move|p1a: Blissey|Thunder Wave|p2a: Rillaboom\n|-status|p2a: Rillaboom|par\n|\n|-heal|p1a: Blissey|91\/100 psn|[from] Grassy Terrain\n|-heal|p1a: Blissey|97\/100 psn|[from] item: Leftovers\n|-damage|p1a: Blissey|84\/100 psn|[from] psn\n|upkeep\n|turn|4\n|\n|t:|1700629727\n|-curestatus|p1a: Blissey|psn|[from] ability: Natural Cure\n|switch|p1a: Alomomola|Alomomola, M|66\/100\n|move|p2a: Rillaboom|Knock Off|p1a: Alomomola\n|-damage|p1a: Alomomola|49\/100\n|-damage|p2a: Rillaboom|84\/100 par|[from] item: Rocky Helmet|[of] p1a: Alomomola\n|-enditem|p1a: Alomomola|Rocky Helmet|[from] move: Knock Off|[of] p2a: Rillaboom\n|\n|-heal|p1a: Alomomola|55\/100|[from] Grassy Terrain\n|-heal|p2a: Rillaboom|90\/100 par|[from] Grassy Terrain\n|-heal|p2a: Rillaboom|96\/100 par|[from] item: Leftovers\n|upkeep\n|turn|5\n|\n|t:|1700629738\n|switch|p1a: Dudunsparce|Dudunsparce-Three-Segment, F|100\/100\n|move|p2a: Rillaboom|Leech Seed|p1a: Dudunsparce\n|-start|p1a: Dudunsparce|move: Leech Seed\n|\n|-heal|p2a: Rillaboom|100\/100 par|[from] Grassy Terrain\n|-damage|p1a: Dudunsparce|88\/100|[from] Leech Seed|[of] p2a: Rillaboom\n|upkeep\n|turn|6\n|\n|t:|1700629746\n|switch|p1a: Alomomola|Alomomola, M|88\/100\n|move|p2a: Rillaboom|Knock Off|p1a: Alomomola\n|-damage|p1a: Alomomola|74\/100\n|\n|-heal|p1a: Alomomola|80\/100|[from] Grassy Terrain\n|upkeep\n|turn|7\n|\n|t:|1700629754\n|move|p2a: Rillaboom|Grassy Glide|p1a: Alomomola\n|-supereffective|p1a: Alomomola\n|-damage|p1a: Alomomola|39\/100\n|move|p1a: Alomomola|Flip Turn|p2a: Rillaboom\n|-resisted|p2a: Rillaboom\n|-damage|p2a: Rillaboom|94\/100 par\n|\n|t:|1700629761\n|switch|p1a: Dudunsparce|Dudunsparce-Three-Segment, F|88\/100|[from] Flip Turn\n|\n|-heal|p1a: Dudunsparce|94\/100|[from] Grassy Terrain\n|-heal|p1a: Dudunsparce|100\/100|[from] item: Leftovers\n|-heal|p2a: Rillaboom|99\/100 par|[from] Grassy Terrain\n|-heal|p2a: Rillaboom|100\/100 par|[from] item: Leftovers\n|-fieldend|move: Grassy Terrain\n|upkeep\n|turn|8\n|\n|t:|1700629769\n|move|p1a: Dudunsparce|Substitute|p1a: Dudunsparce\n|-start|p1a: Dudunsparce|Substitute\n|-damage|p1a: Dudunsparce|76\/100\n|move|p2a: Rillaboom|Leech Seed||[still]\n|-fail|p2a: Rillaboom\n|\n|-heal|p1a: Dudunsparce|82\/100|[from] item: Leftovers\n|upkeep\n|turn|9\n|\n|t:|1700629777\n|switch|p2a: Volbeat|Volbeat, M|100\/100\n|move|p1a: Dudunsparce|Headbutt|p2a: Volbeat\n|-damage|p2a: Volbeat|69\/100\n|\n|-heal|p1a: Dudunsparce|88\/100|[from] item: Leftovers\n|upkeep\n|turn|10\n|\n|t:|1700629784\n|move|p2a: Volbeat|Seismic Toss|p1a: Dudunsparce\n|-activate|p1a: Dudunsparce|move: Substitute|[damage]\n|move|p1a: Dudunsparce|Glare|p2a: Volbeat\n|-status|p2a: Volbeat|par\n|\n|-heal|p1a: Dudunsparce|94\/100|[from] item: Leftovers\n|upkeep\n|turn|11\n|\n|t:|1700629791\n|move|p2a: Volbeat|Encore|p1a: Dudunsparce\n|-start|p1a: Dudunsparce|Encore\n|move|p1a: Dudunsparce|Glare|p2a: Volbeat\n|-fail|p2a: Volbeat|par\n|\n|-heal|p1a: Dudunsparce|99\/100|[from] item: Leftovers\n|upkeep\n|turn|12\n|\n|t:|1700629800\n|switch|p1a: Hatterene|Hatterene, F|100\/100\n|switch|p2a: Rillaboom|Rillaboom, M, shiny|100\/100 par\n|-fieldstart|move: Grassy Terrain|[from] ability: Grassy Surge|[of] p2a: Rillaboom\n|\n|upkeep\n|turn|13\n|\n|t:|1700629806\n|move|p2a: Rillaboom|Knock Off|p1a: Hatterene\n|-crit|p1a: Hatterene\n|-damage|p1a: Hatterene|36\/100\n|-enditem|p1a: Hatterene|Leftovers|[from] move: Knock Off|[of] p2a: Rillaboom\n|move|p1a: Hatterene|Mystical Fire|p2a: Rillaboom\n|-supereffective|p2a: Rillaboom\n|-damage|p2a: Rillaboom|43\/100 par\n|-unboost|p2a: Rillaboom|spa|1\n|\n|-heal|p2a: Rillaboom|49\/100 par|[from] Grassy Terrain\n|-heal|p2a: Rillaboom|55\/100 par|[from] item: Leftovers\n|-heal|p1a: Hatterene|42\/100|[from] Grassy Terrain\n|upkeep\n|turn|14\n|\n|t:|1700629818\n|switch|p1a: Dudunsparce|Dudunsparce-Three-Segment, F|99\/100\n|move|p2a: Rillaboom|Grassy Glide|p1a: Dudunsparce\n|-damage|p1a: Dudunsparce|64\/100\n|\n|-heal|p1a: Dudunsparce|71\/100|[from] Grassy Terrain\n|-heal|p1a: Dudunsparce|77\/100|[from] item: Leftovers\n|-heal|p2a: Rillaboom|61\/100 par|[from] Grassy Terrain\n|-heal|p2a: Rillaboom|68\/100 par|[from] item: Leftovers\n|upkeep\n|turn|15\n|\n|t:|1700629828\n|move|p1a: Dudunsparce|Substitute|p1a: Dudunsparce\n|-start|p1a: Dudunsparce|Substitute\n|-damage|p1a: Dudunsparce|52\/100\n|move|p2a: Rillaboom|U-turn|p1a: Dudunsparce\n|-end|p1a: Dudunsparce|Substitute\n|\n|t:|1700629838\n|switch|p2a: Volbeat|Volbeat, M|69\/100 par|[from] U-turn\n|\n|-heal|p1a: Dudunsparce|58\/100|[from] Grassy Terrain\n|-heal|p1a: Dudunsparce|64\/100|[from] item: Leftovers\n|-heal|p2a: Volbeat|75\/100 par|[from] Grassy Terrain\n|upkeep\n|turn|16\n|\n|t:|1700629849\n|switch|p1a: Great Tusk|Great Tusk|100\/100\n|move|p2a: Volbeat|Infestation|p1a: Great Tusk\n|-resisted|p1a: Great Tusk\n|-damage|p1a: Great Tusk|98\/100\n|-activate|p1a: Great Tusk|move: Infestation|[of] p2a: Volbeat\n|\n|-heal|p1a: Great Tusk|100\/100|[from] Grassy Terrain\n|-heal|p2a: Volbeat|81\/100 par|[from] Grassy Terrain\n|-damage|p1a: Great Tusk|84\/100|[from] move: Infestation|[partiallytrapped]\n|-fieldend|move: Grassy Terrain\n|upkeep\n|turn|17\n|\n|t:|1700629868\n|move|p1a: Great Tusk|Rapid Spin|p2a: Volbeat\n|-damage|p2a: Volbeat|58\/100 par\n|-boost|p1a: Great Tusk|spe|1\n|-end|p1a: Great Tusk|Infestation|[partiallytrapped]\n|move|p2a: Volbeat|Seismic Toss|p1a: Great Tusk\n|-damage|p1a: Great Tusk|61\/100\n|\n|-heal|p1a: Great Tusk|67\/100|[from] item: Leftovers\n|upkeep\n|turn|18\n|\n|t:|1700629878\n|switch|p2a: Rillaboom|Rillaboom, M, shiny|68\/100 par\n|-fieldstart|move: Grassy Terrain|[from] ability: Grassy Surge|[of] p2a: Rillaboom\n|move|p1a: Great Tusk|Rapid Spin|p2a: Rillaboom\n|-damage|p2a: Rillaboom|53\/100 par\n|-boost|p1a: Great Tusk|spe|1\n|\n|-heal|p1a: Great Tusk|73\/100|[from] Grassy Terrain\n|-heal|p1a: Great Tusk|80\/100|[from] item: Leftovers\n|-heal|p2a: Rillaboom|59\/100 par|[from] Grassy Terrain\n|-heal|p2a: Rillaboom|65\/100 par|[from] item: Leftovers\n|upkeep\n|turn|19\n|\n|t:|1700629892\n|-end|p1a: Great Tusk|Protosynthesis|[silent]\n|switch|p1a: Blissey|Blissey, F|84\/100\n|cant|p2a: Rillaboom|par\n|\n|-heal|p1a: Blissey|91\/100|[from] Grassy Terrain\n|-heal|p1a: Blissey|97\/100|[from] item: Leftovers\n|-heal|p2a: Rillaboom|72\/100 par|[from] Grassy Terrain\n|-heal|p2a: Rillaboom|78\/100 par|[from] item: Leftovers\n|upkeep\n|turn|20\n|\n|t:|1700629901\n|move|p1a: Blissey|Shadow Ball|p2a: Rillaboom\n|-damage|p2a: Rillaboom|62\/100 par\n|cant|p2a: Rillaboom|par\n|\n|-heal|p1a: Blissey|100\/100|[from] Grassy Terrain\n|-heal|p2a: Rillaboom|68\/100 par|[from] Grassy Terrain\n|-heal|p2a: Rillaboom|74\/100 par|[from] item: Leftovers\n|upkeep\n|turn|21\n|\n|t:|1700629910\n|move|p1a: Blissey|Shadow Ball|p2a: Rillaboom\n|-damage|p2a: Rillaboom|57\/100 par\n|cant|p2a: Rillaboom|par\n|\n|-heal|p2a: Rillaboom|63\/100 par|[from] Grassy Terrain\n|-heal|p2a: Rillaboom|69\/100 par|[from] item: Leftovers\n|upkeep\n|turn|22\n|\n|t:|1700629917\n|move|p1a: Blissey|Shadow Ball|p2a: Rillaboom\n|-damage|p2a: Rillaboom|52\/100 par\n|move|p2a: Rillaboom|Leech Seed|p1a: Blissey\n|-start|p1a: Blissey|move: Leech Seed\n|\n|-heal|p2a: Rillaboom|58\/100 par|[from] Grassy Terrain\n|-heal|p2a: Rillaboom|64\/100 par|[from] item: Leftovers\n|-damage|p1a: Blissey|88\/100|[from] Leech Seed|[of] p2a: Rillaboom\n|-heal|p2a: Rillaboom|87\/100 par|[silent]\n|-fieldend|move: Grassy Terrain\n|upkeep\n|turn|23\n|\n|t:|1700629927\n|switch|p1a: Dudunsparce|Dudunsparce-Three-Segment, F|64\/100\n|cant|p2a: Rillaboom|par\n|\n|-heal|p1a: Dudunsparce|70\/100|[from] item: Leftovers\n|-heal|p2a: Rillaboom|93\/100 par|[from] item: Leftovers\n|upkeep\n|turn|24\n|\n|t:|1700629934\n|move|p1a: Dudunsparce|Headbutt|p2a: Rillaboom\n|-damage|p2a: Rillaboom|71\/100 par\n|cant|p2a: Rillaboom|par\n|\n|-heal|p1a: Dudunsparce|76\/100|[from] item: Leftovers\n|-heal|p2a: Rillaboom|77\/100 par|[from] item: Leftovers\n|upkeep\n|turn|25\n|\n|t:|1700629942\n|move|p1a: Dudunsparce|Headbutt|p2a: Rillaboom\n|-damage|p2a: Rillaboom|55\/100 par\n|cant|p2a: Rillaboom|flinch\n|\n|-heal|p1a: Dudunsparce|83\/100|[from] item: Leftovers\n|-heal|p2a: Rillaboom|61\/100 par|[from] item: Leftovers\n|upkeep\n|turn|26\n|\n|t:|1700629948\n|switch|p2a: Jirachi|Jirachi|100\/100\n|move|p1a: Dudunsparce|Headbutt|p2a: Jirachi\n|-resisted|p2a: Jirachi\n|-damage|p2a: Jirachi|90\/100\n|\n|-heal|p1a: Dudunsparce|89\/100|[from] item: Leftovers\n|upkeep\n|turn|27\n|\n|t:|1700629956\n|move|p2a: Jirachi|Body Slam|p1a: Dudunsparce\n|-damage|p1a: Dudunsparce|68\/100\n|-status|p1a: Dudunsparce|par\n|cant|p1a: Dudunsparce|par\n|\n|-heal|p1a: Dudunsparce|75\/100 par|[from] item: Leftovers\n|upkeep\n|turn|28\n|\n|t:|1700629964\n|switch|p1a: Alomomola|Alomomola, M|73\/100\n|move|p2a: Jirachi|Iron Head|p1a: Alomomola\n|-resisted|p1a: Alomomola\n|-damage|p1a: Alomomola|64\/100\n|\n|upkeep\n|turn|29\n|\n|t:|1700629971\n|switch|p2a: Rillaboom|Rillaboom, M, shiny|61\/100 par\n|-fieldstart|move: Grassy Terrain|[from] ability: Grassy Surge|[of] p2a: Rillaboom\n|move|p1a: Alomomola|Protect||[still]\n|-fail|p1a: Alomomola\n|\n|-heal|p1a: Alomomola|71\/100|[from] Grassy Terrain\n|-heal|p2a: Rillaboom|68\/100 par|[from] Grassy Terrain\n|-heal|p2a: Rillaboom|74\/100 par|[from] item: Leftovers\n|upkeep\n|turn|30\n|\n|t:|1700629983\n|switch|p1a: Blissey|Blissey, F|88\/100\n|cant|p2a: Rillaboom|par\n|\n|-heal|p1a: Blissey|94\/100|[from] Grassy Terrain\n|-heal|p1a: Blissey|99\/100|[from] item: Leftovers\n|-heal|p2a: Rillaboom|80\/100 par|[from] Grassy Terrain\n|-heal|p2a: Rillaboom|86\/100 par|[from] item: Leftovers\n|upkeep\n|turn|31\n|\n|t:|1700629992\n|move|p1a: Blissey|Heal Bell|p1a: Blissey\n|-activate|p1a: Blissey|move: Heal Bell\n|-curestatus|p1: Dudunsparce|par|[msg]\n|cant|p2a: Rillaboom|par\n|\n|-heal|p1a: Blissey|100\/100|[from] Grassy Terrain\n|-heal|p2a: Rillaboom|92\/100 par|[from] Grassy Terrain\n|-heal|p2a: Rillaboom|98\/100 par|[from] item: Leftovers\n|upkeep\n|turn|32\n|\n|t:|1700630002\n|switch|p1a: Dudunsparce|Dudunsparce-Three-Segment, F|75\/100\n|move|p2a: Rillaboom|Knock Off|p1a: Dudunsparce\n|-damage|p1a: Dudunsparce|42\/100\n|-enditem|p1a: Dudunsparce|Leftovers|[from] move: Knock Off|[of] p2a: Rillaboom\n|\n|-heal|p1a: Dudunsparce|48\/100|[from] Grassy Terrain\n|-heal|p2a: Rillaboom|100\/100 par|[from] Grassy Terrain\n|upkeep\n|turn|33\n|\n|t:|1700630010\n|move|p2a: Rillaboom|Grassy Glide|p1a: Dudunsparce\n|-crit|p1a: Dudunsparce\n|-damage|p1a: Dudunsparce|0 fnt\n|faint|p1a: Dudunsparce\n|\n|-fieldend|move: Grassy Terrain\n|upkeep\n|\n|t:|1700630016\n|switch|p1a: Iron Valiant|Iron Valiant|100\/100\n|-enditem|p1a: Iron Valiant|Booster Energy\n|-activate|p1a: Iron Valiant|ability: Quark Drive|[fromitem]\n|-start|p1a: Iron Valiant|quarkdrivespe\n|turn|34\n|\n|t:|1700630022\n|move|p1a: Iron Valiant|Swords Dance|p1a: Iron Valiant\n|-boost|p1a: Iron Valiant|atk|2\n|cant|p2a: Rillaboom|par\n|\n|upkeep\n|turn|35\n|\n|t:|1700630033\n|switch|p2a: Weezing|Weezing-Galar, M|95\/100\n|-ability|p2a: Weezing|Neutralizing Gas\n|move|p1a: Iron Valiant|Knock Off|p2a: Weezing\n|-resisted|p2a: Weezing\n|-damage|p2a: Weezing|71\/100\n|-enditem|p2a: Weezing|Leftovers|[from] move: Knock Off|[of] p1a: Iron Valiant\n|\n|upkeep\n|turn|36\n|\n|t:|1700630054\n|-terastallize|p1a: Iron Valiant|Steel\n|move|p1a: Iron Valiant|Knock Off|p2a: Weezing\n|-resisted|p2a: Weezing\n|-damage|p2a: Weezing|56\/100\n|move|p2a: Weezing|Sludge Bomb|p1a: Iron Valiant\n|-immune|p1a: Iron Valiant\n|\n|upkeep\n|turn|37\n|\n|t:|1700630063\n|move|p1a: Iron Valiant|Knock Off|p2a: Weezing\n|-resisted|p2a: Weezing\n|-damage|p2a: Weezing|41\/100\n|move|p2a: Weezing|Will-O-Wisp|p1a: Iron Valiant\n|-status|p1a: Iron Valiant|brn\n|\n|-damage|p1a: Iron Valiant|94\/100 brn|[from] brn\n|upkeep\n|turn|38\n|\n|t:|1700630071\n|-end|p1a: Iron Valiant|Quark Drive|[silent]\n|switch|p1a: Blissey|Blissey, F|100\/100\n|-end|p2a: Weezing|ability: Neutralizing Gas\n|switch|p2a: Volbeat|Volbeat, M|58\/100 par\n|\n|upkeep\n|turn|39\n|\n|t:|1700630080\n|switch|p2a: Rillaboom|Rillaboom, M, shiny|100\/100 par\n|-fieldstart|move: Grassy Terrain|[from] ability: Grassy Surge|[of] p2a: Rillaboom\n|move|p1a: Blissey|Heal Bell|p1a: Blissey\n|-activate|p1a: Blissey|move: Heal Bell\n|-curestatus|p1: Iron Valiant|brn|[msg]\n|\n|upkeep\n|turn|40\n|\n|t:|1700630091\n|switch|p1a: Hatterene|Hatterene, F|42\/100\n|cant|p2a: Rillaboom|par\n|\n|-heal|p1a: Hatterene|48\/100|[from] Grassy Terrain\n|upkeep\n|turn|41\n|\n|t:|1700630096\n|cant|p2a: Rillaboom|par\n|move|p1a: Hatterene|Mystical Fire|p2a: Rillaboom\n|-supereffective|p2a: Rillaboom\n|-damage|p2a: Rillaboom|39\/100 par\n|-unboost|p2a: Rillaboom|spa|1\n|\n|-heal|p2a: Rillaboom|45\/100 par|[from] Grassy Terrain\n|-heal|p2a: Rillaboom|51\/100 par|[from] item: Leftovers\n|-heal|p1a: Hatterene|54\/100|[from] Grassy Terrain\n|upkeep\n|turn|42\n|\n|t:|1700630106\n|move|p2a: Rillaboom|Grassy Glide|p1a: Hatterene\n|-damage|p1a: Hatterene|12\/100\n|move|p1a: Hatterene|Mystical Fire|p2a: Rillaboom\n|-supereffective|p2a: Rillaboom\n|-damage|p2a: Rillaboom|0 fnt\n|faint|p2a: Rillaboom\n|\n|-heal|p1a: Hatterene|17\/100|[from] Grassy Terrain\n|upkeep\n|\n|t:|1700630116\n|switch|p2a: Samurott|Samurott-Hisui, M|100\/100\n|turn|43\n|\n|t:|1700630122\n|switch|p1a: Alomomola|Alomomola, M|100\/100\n|move|p2a: Samurott|Swords Dance|p2a: Samurott\n|-boost|p2a: Samurott|atk|2\n|\n|-fieldend|move: Grassy Terrain\n|upkeep\n|turn|44\n|\n|t:|1700630130\n|-terastallize|p2a: Samurott|Dark\n|move|p2a: Samurott|Ceaseless Edge|p1a: Alomomola|[miss]\n|-miss|p2a: Samurott|p1a: Alomomola\n|move|p1a: Alomomola|Scald|p2a: Samurott\n|-damage|p2a: Samurott|80\/100\n|\n|upkeep\n|turn|45\n|\n|t:|1700630136\n|move|p2a: Samurott|Ceaseless Edge|p1a: Alomomola\n|-damage|p1a: Alomomola|29\/100\n|-sidestart|p1: ButaYaroSama|Spikes\n|move|p1a: Alomomola|Scald|p2a: Samurott\n|-damage|p2a: Samurott|59\/100\n|\n|upkeep\n|turn|46\n|c|\u2606Azamat1404|Damb\n|c|\u2606Azamat1404|U should buy a lottery ticket\n|\n|t:|1700630152\n|switch|p1a: Hatterene|Hatterene, F|17\/100\n|-damage|p1a: Hatterene|5\/100|[from] Spikes\n|move|p2a: Samurott|Ceaseless Edge|p1a: Hatterene\n|-damage|p1a: Hatterene|0 fnt\n|-sidestart|p1: ButaYaroSama|Spikes\n|faint|p1a: Hatterene\n|\n|upkeep\n|\n|t:|1700630163\n|switch|p1a: Great Tusk|Great Tusk|80\/100\n|-damage|p1a: Great Tusk|63\/100|[from] Spikes\n|turn|47\n|\n|t:|1700630171\n|switch|p2a: Alomomola|Alomomola, F|100\/100\n|move|p1a: Great Tusk|Rapid Spin|p2a: Alomomola\n|-damage|p2a: Alomomola|91\/100\n|-boost|p1a: Great Tusk|spe|1\n|-sideend|p1: ButaYaroSama|Spikes|[from] move: Rapid Spin|[of] p1a: Great Tusk\n|-enditem|p2a: Alomomola|Red Card|[of] p1a: Great Tusk\n|-end|p1a: Great Tusk|Protosynthesis|[silent]\n|drag|p1a: Iron Valiant|Iron Valiant, tera:Steel|94\/100\n|\n|upkeep\n|turn|48\n|\n|t:|1700630181\n|-end|p1a: Iron Valiant|Quark Drive|[silent]\n|switch|p1a: Blissey|Blissey, F|100\/100\n|move|p2a: Alomomola|Flip Turn|p1a: Blissey\n|-damage|p1a: Blissey|87\/100\n|\n|t:|1700630187\n|switch|p2a: Samurott|Samurott-Hisui, M, tera:Dark|59\/100|[from] Flip Turn\n|\n|-heal|p1a: Blissey|94\/100|[from] item: Leftovers\n|upkeep\n|turn|49\n|\n|t:|1700630192\n|move|p2a: Samurott|Aqua Cutter|p1a: Blissey\n|-damage|p1a: Blissey|53\/100\n|move|p1a: Blissey|Thunder Wave|p2a: Samurott\n|-status|p2a: Samurott|par\n|\n|-heal|p1a: Blissey|59\/100|[from] item: Leftovers\n|upkeep\n|turn|50\n|\n|t:|1700630200\n|move|p2a: Samurott|Ceaseless Edge|p1a: Blissey\n|-damage|p1a: Blissey|0 fnt\n|-sidestart|p1: ButaYaroSama|Spikes\n|faint|p1a: Blissey\n|\n|upkeep\n|\n|t:|1700630213\n|switch|p1a: Great Tusk|Great Tusk|63\/100\n|-damage|p1a: Great Tusk|50\/100|[from] Spikes\n|turn|51\n|\n|t:|1700630221\n|switch|p2a: Alomomola|Alomomola, F|100\/100\n|move|p1a: Great Tusk|Rapid Spin|p2a: Alomomola\n|-damage|p2a: Alomomola|93\/100\n|-boost|p1a: Great Tusk|spe|1\n|-sideend|p1: ButaYaroSama|Spikes|[from] move: Rapid Spin|[of] p1a: Great Tusk\n|\n|-heal|p1a: Great Tusk|57\/100|[from] item: Leftovers\n|upkeep\n|turn|52\n|\n|t:|1700630230\n|move|p1a: Great Tusk|Bulk Up|p1a: Great Tusk\n|-boost|p1a: Great Tusk|atk|1\n|-boost|p1a: Great Tusk|def|1\n|move|p2a: Alomomola|Wish|p2a: Alomomola\n|\n|-heal|p1a: Great Tusk|63\/100|[from] item: Leftovers\n|upkeep\n|turn|53\n|\n|t:|1700630236\n|move|p1a: Great Tusk|Bulk Up|p1a: Great Tusk\n|-boost|p1a: Great Tusk|atk|1\n|-boost|p1a: Great Tusk|def|1\n|move|p2a: Alomomola|Flip Turn|p1a: Great Tusk\n|-supereffective|p1a: Great Tusk\n|-damage|p1a: Great Tusk|53\/100\n|\n|t:|1700630247\n|switch|p2a: Volbeat|Volbeat, M|58\/100 par|[from] Flip Turn\n|\n|-heal|p2a: Volbeat|100\/100 par|[from] move: Wish|[wisher] Alomomola\n|-heal|p1a: Great Tusk|59\/100|[from] item: Leftovers\n|upkeep\n|turn|54\n|\n|t:|1700630256\n|-end|p1a: Great Tusk|Protosynthesis|[silent]\n|switch|p1a: Iron Valiant|Iron Valiant, tera:Steel|94\/100\n|cant|p2a: Volbeat|par\n|\n|upkeep\n|turn|55\n|\n|t:|1700630262\n|move|p2a: Volbeat|Thunder Wave|p1a: Iron Valiant\n|-status|p1a: Iron Valiant|par\n|move|p1a: Iron Valiant|Swords Dance|p1a: Iron Valiant\n|-boost|p1a: Iron Valiant|atk|2\n|\n|upkeep\n|turn|56\n|\n|t:|1700630267\n|move|p2a: Volbeat|Encore|p1a: Iron Valiant\n|-start|p1a: Iron Valiant|Encore\n|move|p1a: Iron Valiant|Swords Dance|p1a: Iron Valiant\n|-boost|p1a: Iron Valiant|atk|2\n|\n|upkeep\n|turn|57\n|\n|t:|1700630273\n|-end|p1a: Iron Valiant|Quark Drive|[silent]\n|switch|p1a: Alomomola|Alomomola, M|62\/100\n|move|p2a: Volbeat|Infestation|p1a: Alomomola\n|-damage|p1a: Alomomola|58\/100\n|-activate|p1a: Alomomola|move: Infestation|[of] p2a: Volbeat\n|\n|-damage|p1a: Alomomola|41\/100|[from] move: Infestation|[partiallytrapped]\n|upkeep\n|turn|58\n|\n|t:|1700630279\n|move|p1a: Alomomola|Flip Turn|p2a: Volbeat\n|-damage|p2a: Volbeat|81\/100 par\n|\n|t:|1700630282\n|switch|p1a: Great Tusk|Great Tusk|59\/100|[from] Flip Turn\n|move|p2a: Volbeat|Seismic Toss|p1a: Great Tusk\n|-damage|p1a: Great Tusk|36\/100\n|\n|-heal|p1a: Great Tusk|42\/100|[from] item: Leftovers\n|upkeep\n|turn|59\n|\n|t:|1700630294\n|move|p1a: Great Tusk|Rapid Spin|p2a: Volbeat\n|-damage|p2a: Volbeat|60\/100 par\n|-boost|p1a: Great Tusk|spe|1\n|cant|p2a: Volbeat|par\n|\n|-heal|p1a: Great Tusk|48\/100|[from] item: Leftovers\n|upkeep\n|turn|60\n|\n|t:|1700630301\n|switch|p2a: Alomomola|Alomomola, F|100\/100\n|move|p1a: Great Tusk|Earthquake|p2a: Alomomola\n|-crit|p2a: Alomomola\n|-damage|p2a: Alomomola|59\/100\n|\n|-heal|p1a: Great Tusk|55\/100|[from] item: Leftovers\n|upkeep\n|turn|61\n|\n|t:|1700630308\n|move|p1a: Great Tusk|Bulk Up|p1a: Great Tusk\n|-boost|p1a: Great Tusk|atk|1\n|-boost|p1a: Great Tusk|def|1\n|move|p2a: Alomomola|Flip Turn|p1a: Great Tusk\n|-supereffective|p1a: Great Tusk\n|-damage|p1a: Great Tusk|40\/100\n|\n|t:|1700630311\n|switch|p2a: Volbeat|Volbeat, M|60\/100 par|[from] Flip Turn\n|\n|-heal|p1a: Great Tusk|47\/100|[from] item: Leftovers\n|upkeep\n|turn|62\n|\n|t:|1700630317\n|move|p2a: Volbeat|Encore|p1a: Great Tusk\n|-start|p1a: Great Tusk|Encore\n|move|p1a: Great Tusk|Bulk Up|p1a: Great Tusk\n|-boost|p1a: Great Tusk|atk|1\n|-boost|p1a: Great Tusk|def|1\n|\n|-heal|p1a: Great Tusk|53\/100|[from] item: Leftovers\n|upkeep\n|turn|63\n|\n|t:|1700630324\n|move|p1a: Great Tusk|Bulk Up|p1a: Great Tusk\n|-boost|p1a: Great Tusk|atk|1\n|-boost|p1a: Great Tusk|def|1\n|cant|p2a: Volbeat|par\n|\n|-heal|p1a: Great Tusk|59\/100|[from] item: Leftovers\n|upkeep\n|turn|64\n|\n|t:|1700630330\n|move|p1a: Great Tusk|Bulk Up|p1a: Great Tusk\n|-boost|p1a: Great Tusk|atk|1\n|-boost|p1a: Great Tusk|def|1\n|move|p2a: Volbeat|Infestation|p1a: Great Tusk\n|-resisted|p1a: Great Tusk\n|-damage|p1a: Great Tusk|56\/100\n|-activate|p1a: Great Tusk|move: Infestation|[of] p2a: Volbeat\n|\n|-heal|p1a: Great Tusk|62\/100|[from] item: Leftovers\n|-damage|p1a: Great Tusk|46\/100|[from] move: Infestation|[partiallytrapped]\n|-end|p1a: Great Tusk|Encore\n|upkeep\n|turn|65\n|\n|t:|1700630341\n|move|p2a: Volbeat|Encore|p1a: Great Tusk\n|-start|p1a: Great Tusk|Encore\n|move|p1a: Great Tusk|Bulk Up|p1a: Great Tusk\n|-boost|p1a: Great Tusk|atk|1\n|-boost|p1a: Great Tusk|def|1\n|\n|-heal|p1a: Great Tusk|52\/100|[from] item: Leftovers\n|-damage|p1a: Great Tusk|36\/100|[from] move: Infestation|[partiallytrapped]\n|upkeep\n|turn|66\n|\n|t:|1700630349\n|move|p1a: Great Tusk|Bulk Up|p1a: Great Tusk\n|-boost|p1a: Great Tusk|atk|1\n|-boost|p1a: Great Tusk|def|1\n|move|p2a: Volbeat|Seismic Toss|p1a: Great Tusk\n|-damage|p1a: Great Tusk|12\/100\n|\n|-heal|p1a: Great Tusk|19\/100|[from] item: Leftovers\n|-damage|p1a: Great Tusk|2\/100|[from] move: Infestation|[partiallytrapped]\n|upkeep\n|turn|67\n|\n|t:|1700630358\n|move|p1a: Great Tusk|Bulk Up|p1a: Great Tusk\n|-boost|p1a: Great Tusk|atk|0\n|-boost|p1a: Great Tusk|def|0\n|move|p2a: Volbeat|Seismic Toss|p1a: Great Tusk\n|-damage|p1a: Great Tusk|0 fnt\n|faint|p1a: Great Tusk\n|-end|p1a: Great Tusk|Protosynthesis|[silent]\n|\n|upkeep\n|\n|t:|1700630366\n|switch|p1a: Iron Valiant|Iron Valiant, tera:Steel|94\/100 par\n|turn|68\n|\n|t:|1700630370\n|cant|p1a: Iron Valiant|par\n|move|p2a: Volbeat|Infestation|p1a: Iron Valiant\n|-resisted|p1a: Iron Valiant\n|-crit|p1a: Iron Valiant\n|-damage|p1a: Iron Valiant|88\/100 par\n|-activate|p1a: Iron Valiant|move: Infestation|[of] p2a: Volbeat\n|\n|-damage|p1a: Iron Valiant|72\/100 par|[from] move: Infestation|[partiallytrapped]\n|upkeep\n|turn|69\n|\n|t:|1700630378\n|move|p1a: Iron Valiant|Swords Dance|p1a: Iron Valiant\n|-boost|p1a: Iron Valiant|atk|2\n|move|p2a: Volbeat|Seismic Toss|p1a: Iron Valiant\n|-damage|p1a: Iron Valiant|37\/100 par\n|\n|-damage|p1a: Iron Valiant|20\/100 par|[from] move: Infestation|[partiallytrapped]\n|upkeep\n|turn|70\n|\n|t:|1700630387\n|move|p2a: Volbeat|Encore|p1a: Iron Valiant\n|-start|p1a: Iron Valiant|Encore\n|cant|p1a: Iron Valiant|par\n|\n|-damage|p1a: Iron Valiant|4\/100 par|[from] move: Infestation|[partiallytrapped]\n|upkeep\n|turn|71\n|-message|ButaYaroSama forfeited.\n|\n|win|Azamat1404\n|raw|ButaYaroSama's rating: 1173 &rarr; <strong>1154<\/strong><br \/>(-19 for losing)\n|raw|Azamat1404's rating: 1261 &rarr; <strong>1280<\/strong><br \/>(+19 for winning)\n|l|\u2606ButaYaroSama\n","uploadtime":1700630395,"views":0,"p1id":"butayarosama","p2id":"azamat1404","formatid":"gen9ou","rating":1154,"private":0,"password":""}