{"id":"gen9ou-1995360893","p1":"Skaraptor2.1","p2":"Kikiam n fishball","format":"[Gen 9] OU","log":"|j|\u2606Skaraptor2.1\n|j|\u2606Kikiam n fishball\n|t:|1700559833\n|gametype|singles\n|player|p1|Skaraptor2.1|bodybuilderf-gen9|1291\n|player|p2|Kikiam n fishball|1|1212\n|teamsize|p1|6\n|teamsize|p2|6\n|gen|9\n|tier|[Gen 9] OU\n|rated|\n|rule|Sleep Clause Mod: Limit one foe put to sleep\n|rule|Species Clause: Limit one of each Pok\u00e9mon\n|rule|OHKO Clause: OHKO moves are banned\n|rule|Evasion Items Clause: Evasion items are banned\n|rule|Evasion Moves Clause: Evasion moves are banned\n|rule|Endless Battle Clause: Forcing endless battles is banned\n|rule|HP Percentage Mod: HP is shown in percentages\n|clearpoke\n|poke|p1|Ribombee, M|\n|poke|p1|Ogerpon-Wellspring, F|\n|poke|p1|Great Tusk|\n|poke|p1|Zamazenta-*|\n|poke|p1|Iron Valiant|\n|poke|p1|Kingambit, F|\n|poke|p2|Kingambit, F|\n|poke|p2|Samurott-Hisui, M|\n|poke|p2|Gholdengo|\n|poke|p2|Rillaboom, F|\n|poke|p2|Heatran, M|\n|poke|p2|Walking Wake|\n|teampreview\n|inactive|Battle timer is ON: inactive players will automatically lose when time's up. (requested by Kikiam n fishball)\n|inactive|Skaraptor2.1 also wants the timer to be on.\n|\n|t:|1700559841\n|start\n|switch|p1a: Twink|Ribombee, M|100\/100\n|switch|p2a: Samurott|Samurott-Hisui, M, shiny|100\/100\n|turn|1\n|\n|t:|1700559849\n|move|p1a: Twink|Stun Spore|p2a: Samurott\n|-status|p2a: Samurott|par\n|cant|p2a: Samurott|par\n|\n|upkeep\n|turn|2\n|\n|t:|1700559852\n|move|p1a: Twink|Sticky Web|p2a: Samurott\n|-sidestart|p2: Kikiam n fishball|move: Sticky Web\n|move|p2a: Samurott|Ceaseless Edge|p1a: Twink\n|-resisted|p1a: Twink\n|-damage|p1a: Twink|64\/100\n|-sidestart|p1: Skaraptor2.1|Spikes\n|\n|upkeep\n|turn|3\n|\n|t:|1700559857\n|move|p1a: Twink|Moonblast|p2a: Samurott\n|-supereffective|p2a: Samurott\n|-enditem|p2a: Samurott|Focus Sash\n|-damage|p2a: Samurott|1\/100 par\n|move|p2a: Samurott|Ceaseless Edge|p1a: Twink\n|-resisted|p1a: Twink\n|-damage|p1a: Twink|26\/100\n|-sidestart|p1: Skaraptor2.1|Spikes\n|\n|upkeep\n|turn|4\n|\n|t:|1700559865\n|move|p2a: Samurott|Sucker Punch|p1a: Twink\n|-resisted|p1a: Twink\n|-damage|p1a: Twink|0 fnt\n|faint|p1a: Twink\n|\n|upkeep\n|\n|t:|1700559867\n|switch|p1a: Raging Queer|Great Tusk|100\/100\n|turn|5\n|\n|t:|1700559872\n|switch|p2a: Gholdengo|Gholdengo|100\/100\n|-item|p2a: Gholdengo|Air Balloon\n|move|p1a: Raging Queer|Knock Off|p2a: Gholdengo\n|-supereffective|p2a: Gholdengo\n|-damage|p2a: Gholdengo|36\/100\n|-enditem|p2a: Gholdengo|Air Balloon\n|\n|upkeep\n|turn|6\n|\n|t:|1700559891\n|-terastallize|p2a: Gholdengo|Flying\n|move|p2a: Gholdengo|Make It Rain|p1a: Raging Queer\n|-damage|p1a: Raging Queer|45\/100\n|-unboost|p2a: Gholdengo|spa|1\n|move|p1a: Raging Queer|Earthquake|p2a: Gholdengo\n|-immune|p2a: Gholdengo\n|\n|upkeep\n|turn|7\n|\n|t:|1700559905\n|move|p2a: Gholdengo|Make It Rain|p1a: Raging Queer\n|-damage|p1a: Raging Queer|12\/100\n|-unboost|p2a: Gholdengo|spa|1\n|move|p1a: Raging Queer|Rapid Spin|p2a: Gholdengo\n|-damage|p2a: Gholdengo|20\/100\n|-boost|p1a: Raging Queer|spe|1\n|-sideend|p1: Skaraptor2.1|Spikes|[from] move: Rapid Spin|[of] p1a: Raging Queer\n|\n|upkeep\n|turn|8\n|\n|t:|1700559913\n|move|p1a: Raging Queer|Rapid Spin|p2a: Gholdengo\n|-damage|p2a: Gholdengo|2\/100\n|-boost|p1a: Raging Queer|spe|1\n|move|p2a: Gholdengo|Shadow Ball|p1a: Raging Queer\n|-damage|p1a: Raging Queer|0 fnt\n|faint|p1a: Raging Queer\n|-end|p1a: Raging Queer|Protosynthesis|[silent]\n|\n|upkeep\n|\n|t:|1700559925\n|switch|p1a: Bigender|Iron Valiant|100\/100\n|-enditem|p1a: Bigender|Booster Energy\n|-activate|p1a: Bigender|ability: Quark Drive|[fromitem]\n|-start|p1a: Bigender|quarkdrivespe\n|turn|9\n|\n|t:|1700559933\n|move|p1a: Bigender|Calm Mind|p1a: Bigender\n|-boost|p1a: Bigender|spa|1\n|-boost|p1a: Bigender|spd|1\n|move|p2a: Gholdengo|Shadow Ball|p1a: Bigender\n|-damage|p1a: Bigender|72\/100\n|\n|upkeep\n|turn|10\n|\n|t:|1700559940\n|move|p1a: Bigender|Calm Mind|p1a: Bigender\n|-boost|p1a: Bigender|spa|1\n|-boost|p1a: Bigender|spd|1\n|move|p2a: Gholdengo|Make It Rain|p1a: Bigender\n|-supereffective|p1a: Bigender\n|-damage|p1a: Bigender|12\/100\n|-unboost|p2a: Gholdengo|spa|1\n|\n|upkeep\n|turn|11\n|\n|t:|1700559949\n|move|p1a: Bigender|Moonblast|p2a: Gholdengo\n|-damage|p2a: Gholdengo|0 fnt\n|faint|p2a: Gholdengo\n|\n|upkeep\n|\n|t:|1700559955\n|switch|p2a: Rillaboom|Rillaboom, F|100\/100\n|-activate|p2a: Rillaboom|move: Sticky Web\n|-unboost|p2a: Rillaboom|spe|1\n|-fieldstart|move: Grassy Terrain|[from] ability: Grassy Surge|[of] p2a: Rillaboom\n|turn|12\n|\n|t:|1700559958\n|move|p2a: Rillaboom|Grassy Glide|p1a: Bigender\n|-damage|p1a: Bigender|0 fnt\n|faint|p1a: Bigender\n|-end|p1a: Bigender|Quark Drive|[silent]\n|\n|upkeep\n|\n|t:|1700559963\n|switch|p1a: Defender of Trans|Zamazenta, shiny|100\/100\n|-ability|p1a: Defender of Trans|Dauntless Shield|boost\n|-boost|p1a: Defender of Trans|def|1\n|turn|13\n|\n|t:|1700559977\n|switch|p2a: Walking Wake|Walking Wake|100\/100\n|-activate|p2a: Walking Wake|move: Sticky Web\n|-unboost|p2a: Walking Wake|spe|1\n|move|p1a: Defender of Trans|Iron Defense|p1a: Defender of Trans\n|-boost|p1a: Defender of Trans|def|2\n|\n|upkeep\n|turn|14\n|\n|t:|1700559990\n|move|p1a: Defender of Trans|Body Press|p2a: Walking Wake\n|-damage|p2a: Walking Wake|1\/100\n|move|p2a: Walking Wake|Draco Meteor|p1a: Defender of Trans\n|-damage|p1a: Defender of Trans|21\/100\n|-unboost|p2a: Walking Wake|spa|2\n|\n|-heal|p1a: Defender of Trans|28\/100|[from] Grassy Terrain\n|-heal|p1a: Defender of Trans|34\/100|[from] item: Leftovers\n|-heal|p2a: Walking Wake|7\/100|[from] Grassy Terrain\n|upkeep\n|turn|15\n|\n|t:|1700559998\n|move|p1a: Defender of Trans|Body Press|p2a: Walking Wake\n|-damage|p2a: Walking Wake|0 fnt\n|faint|p2a: Walking Wake\n|-end|p2a: Walking Wake|Protosynthesis|[silent]\n|\n|-heal|p1a: Defender of Trans|40\/100|[from] Grassy Terrain\n|-heal|p1a: Defender of Trans|46\/100|[from] item: Leftovers\n|upkeep\n|\n|t:|1700560028\n|switch|p2a: Heatran|Heatran, M|100\/100\n|-activate|p2a: Heatran|move: Sticky Web\n|-unboost|p2a: Heatran|spe|1\n|turn|16\n|\n|t:|1700560036\n|-terastallize|p1a: Defender of Trans|Fire\n|move|p1a: Defender of Trans|Iron Defense|p1a: Defender of Trans\n|-boost|p1a: Defender of Trans|def|2\n|move|p2a: Heatran|Fire Blast|p1a: Defender of Trans\n|-resisted|p1a: Defender of Trans\n|-crit|p1a: Defender of Trans\n|-damage|p1a: Defender of Trans|0 fnt\n|faint|p1a: Defender of Trans\n|-damage|p2a: Heatran|91\/100|[from] item: Life Orb\n|\n|-heal|p2a: Heatran|97\/100|[from] Grassy Terrain\n|-fieldend|move: Grassy Terrain\n|upkeep\n|\n|t:|1700560044\n|switch|p1a: Transfem|Ogerpon-Wellspring, F|100\/100\n|turn|17\n|\n|t:|1700560050\n|move|p1a: Transfem|Ivy Cudgel|p2a: Heatran|[anim] Ivy Cudgel Water\n|-supereffective|p2a: Heatran\n|-damage|p2a: Heatran|2\/100\n|move|p2a: Heatran|Fire Blast|p1a: Transfem\n|-damage|p1a: Transfem|2\/100\n|-damage|p2a: Heatran|0 fnt|[from] item: Life Orb\n|faint|p2a: Heatran\n|\n|upkeep\n|\n|t:|1700560068\n|switch|p2a: Rillaboom|Rillaboom, F|100\/100\n|-activate|p2a: Rillaboom|move: Sticky Web\n|-unboost|p2a: Rillaboom|spe|1\n|-fieldstart|move: Grassy Terrain|[from] ability: Grassy Surge|[of] p2a: Rillaboom\n|turn|18\n|\n|t:|1700560073\n|move|p2a: Rillaboom|Grassy Glide|p1a: Transfem\n|-damage|p1a: Transfem|0 fnt\n|faint|p1a: Transfem\n|\n|upkeep\n|\n|t:|1700560075\n|switch|p1a: Queengambit|Kingambit, F|100\/100\n|-activate|p1a: Queengambit|ability: Supreme Overlord\n|-start|p1a: Queengambit|fallen5|[silent]\n|turn|19\n|\n|t:|1700560079\n|move|p2a: Rillaboom|Grassy Glide|p1a: Queengambit\n|-resisted|p1a: Queengambit\n|-damage|p1a: Queengambit|81\/100\n|move|p1a: Queengambit|Low Kick|p2a: Rillaboom\n|-damage|p2a: Rillaboom|45\/100\n|\n|-heal|p2a: Rillaboom|51\/100|[from] Grassy Terrain\n|-heal|p1a: Queengambit|88\/100|[from] Grassy Terrain\n|-heal|p1a: Queengambit|94\/100|[from] item: Leftovers\n|upkeep\n|turn|20\n|\n|t:|1700560086\n|switch|p2a: Samurott|Samurott-Hisui, M, shiny|1\/100 par\n|-activate|p2a: Samurott|move: Sticky Web\n|-unboost|p2a: Samurott|spe|1\n|move|p1a: Queengambit|Swords Dance|p1a: Queengambit\n|-boost|p1a: Queengambit|atk|2\n|\n|-heal|p1a: Queengambit|99\/100|[from] Grassy Terrain\n|-heal|p1a: Queengambit|100\/100|[from] item: Leftovers\n|-heal|p2a: Samurott|7\/100 par|[from] Grassy Terrain\n|upkeep\n|turn|21\n|\n|t:|1700560093\n|move|p1a: Queengambit|Sucker Punch|p2a: Samurott\n|-resisted|p2a: Samurott\n|-damage|p2a: Samurott|0 fnt\n|faint|p2a: Samurott\n|\n|upkeep\n|\n|t:|1700560095\n|switch|p2a: Rillaboom|Rillaboom, F|51\/100\n|-activate|p2a: Rillaboom|move: Sticky Web\n|-unboost|p2a: Rillaboom|spe|1\n|turn|22\n|\n|t:|1700560097\n|move|p2a: Rillaboom|Drain Punch|p1a: Queengambit\n|-supereffective|p1a: Queengambit\n|-damage|p1a: Queengambit|0 fnt\n|-heal|p2a: Rillaboom|100\/100|[from] drain|[of] p1a: Queengambit\n|faint|p1a: Queengambit\n|-end|p1a: Queengambit|fallen5|[silent]\n|\n|win|Kikiam n fishball\n|raw|Skaraptor2.1's rating: 1291 &rarr; <strong>1260<\/strong><br \/>(-31 for losing)\n|raw|Kikiam n fishball's rating: 1212 &rarr; <strong>1243<\/strong><br \/>(+31 for winning)\n","uploadtime":1700560101,"views":3,"p1id":"skaraptor21","p2id":"kikiamnfishball","formatid":"gen9ou","rating":1243,"private":0,"password":""}