{"id":"gen9ou-1999400523","p1":"AkidaCrispy","p2":"i liek pink mawns","format":"[Gen 9] OU","log":"|j|\u2606AkidaCrispy\n|j|\u2606i liek pink mawns\n|t:|1701074109\n|gametype|singles\n|player|p1|AkidaCrispy|102|1301\n|player|p2|i liek pink mawns|marnie|1420\n|teamsize|p1|6\n|teamsize|p2|6\n|gen|9\n|tier|[Gen 9] OU\n|rated|\n|rule|Sleep Clause Mod: Limit one foe put to sleep\n|rule|Species Clause: Limit one of each Pok\u00e9mon\n|rule|OHKO Clause: OHKO moves are banned\n|rule|Evasion Items Clause: Evasion items are banned\n|rule|Evasion Moves Clause: Evasion moves are banned\n|rule|Endless Battle Clause: Forcing endless battles is banned\n|rule|HP Percentage Mod: HP is shown in percentages\n|clearpoke\n|poke|p1|Mew|\n|poke|p1|Kingambit, F|\n|poke|p1|Slowking-Galar, F|\n|poke|p1|Dondozo, M|\n|poke|p1|Cyclizar, F|\n|poke|p1|Iron Valiant|\n|poke|p2|Ceruledge, M|\n|poke|p2|Samurott-Hisui, F|\n|poke|p2|Gholdengo|\n|poke|p2|Glimmora, F|\n|poke|p2|Hatterene, F|\n|poke|p2|Iron Valiant|\n|teampreview\n|\n|t:|1701074122\n|start\n|switch|p1a: Iron Valiant|Iron Valiant|100\/100\n|switch|p2a: Samurott|Samurott-Hisui, F|100\/100\n|-enditem|p1a: Iron Valiant|Booster Energy\n|-activate|p1a: Iron Valiant|ability: Quark Drive|[fromitem]\n|-start|p1a: Iron Valiant|quarkdrivespe\n|turn|1\n|\n|t:|1701074131\n|switch|p2a: Hatterene|Hatterene, F|100\/100\n|move|p1a: Iron Valiant|Calm Mind|p1a: Iron Valiant\n|-boost|p1a: Iron Valiant|spa|1\n|-boost|p1a: Iron Valiant|spd|1\n|\n|upkeep\n|turn|2\n|\n|t:|1701074141\n|move|p1a: Iron Valiant|Calm Mind|p1a: Iron Valiant\n|-boost|p1a: Iron Valiant|spa|1\n|-boost|p1a: Iron Valiant|spd|1\n|move|p2a: Hatterene|Nuzzle|p1a: Iron Valiant\n|-damage|p1a: Iron Valiant|95\/100\n|-status|p1a: Iron Valiant|par\n|\n|upkeep\n|turn|3\n|\n|t:|1701074148\n|move|p1a: Iron Valiant|Moonblast|p2a: Hatterene\n|-damage|p2a: Hatterene|0 fnt\n|faint|p2a: Hatterene\n|\n|upkeep\n|\n|t:|1701074157\n|switch|p2a: Glimmora|Glimmora, F|100\/100\n|turn|4\n|\n|t:|1701074162\n|move|p2a: Glimmora|Sludge Wave|p1a: Iron Valiant\n|-supereffective|p1a: Iron Valiant\n|-damage|p1a: Iron Valiant|14\/100 par\n|move|p1a: Iron Valiant|Psyshock|p2a: Glimmora\n|-supereffective|p2a: Glimmora\n|-enditem|p2a: Glimmora|Focus Sash\n|-damage|p2a: Glimmora|1\/100\n|\n|upkeep\n|turn|5\n|\n|t:|1701074196\n|-end|p1a: Iron Valiant|Quark Drive|[silent]\n|switch|p1a: Cyclizar|Cyclizar, F|100\/100\n|move|p2a: Glimmora|Stealth Rock|p1a: Cyclizar\n|-sidestart|p1: AkidaCrispy|move: Stealth Rock\n|\n|upkeep\n|turn|6\n|\n|t:|1701074201\n|switch|p2a: Gholdengo|Gholdengo|100\/100\n|-item|p2a: Gholdengo|Air Balloon\n|move|p1a: Cyclizar|Rapid Spin|p2a: Gholdengo\n|-immune|p2a: Gholdengo\n|\n|upkeep\n|turn|7\n|\n|t:|1701074209\n|switch|p2a: Ceruledge|Ceruledge, M|100\/100\n|move|p1a: Cyclizar|Knock Off|p2a: Ceruledge\n|-supereffective|p2a: Ceruledge\n|-damage|p2a: Ceruledge|38\/100\n|-ability|p2a: Ceruledge|Weak Armor|boost\n|-unboost|p2a: Ceruledge|def|1\n|-boost|p2a: Ceruledge|spe|2\n|-enditem|p2a: Ceruledge|Heavy-Duty Boots|[from] move: Knock Off|[of] p1a: Cyclizar\n|\n|upkeep\n|turn|8\n|\n|t:|1701074219\n|move|p2a: Ceruledge|Close Combat|p1a: Cyclizar\n|-supereffective|p1a: Cyclizar\n|-damage|p1a: Cyclizar|0 fnt\n|-unboost|p2a: Ceruledge|def|1\n|-unboost|p2a: Ceruledge|spd|1\n|faint|p1a: Cyclizar\n|\n|upkeep\n|\n|t:|1701074229\n|switch|p1a: Slowking|Slowking-Galar, F|100\/100\n|turn|9\n|\n|t:|1701074234\n|move|p2a: Ceruledge|Poltergeist|p1a: Slowking\n|-activate|p1a: Slowking|move: Poltergeist|Heavy-Duty Boots\n|-supereffective|p1a: Slowking\n|-damage|p1a: Slowking|21\/100\n|move|p1a: Slowking|Sludge Bomb|p2a: Ceruledge\n|-resisted|p2a: Ceruledge\n|-damage|p2a: Ceruledge|7\/100\n|\n|upkeep\n|turn|10\n|\n|t:|1701074244\n|switch|p1a: Kingambit|Kingambit, F|100\/100\n|-damage|p1a: Kingambit|94\/100|[from] Stealth Rock\n|-activate|p1a: Kingambit|ability: Supreme Overlord\n|-start|p1a: Kingambit|fallen1|[silent]\n|move|p2a: Ceruledge|Bitter Blade|p1a: Kingambit\n|-supereffective|p1a: Kingambit\n|-damage|p1a: Kingambit|15\/100\n|-heal|p2a: Ceruledge|54\/100|[from] drain|[of] p1a: Kingambit\n|\n|upkeep\n|turn|11\n|\n|t:|1701074254\n|move|p1a: Kingambit|Sucker Punch||[still]\n|-fail|p1a: Kingambit\n|move|p2a: Ceruledge|Swords Dance|p2a: Ceruledge\n|-boost|p2a: Ceruledge|atk|2\n|\n|upkeep\n|turn|12\n|\n|t:|1701074259\n|move|p1a: Kingambit|Sucker Punch|p2a: Ceruledge\n|-supereffective|p2a: Ceruledge\n|-damage|p2a: Ceruledge|0 fnt\n|faint|p2a: Ceruledge\n|\n|upkeep\n|\n|t:|1701074264\n|switch|p2a: Samurott|Samurott-Hisui, F|100\/100\n|turn|13\n|\n|t:|1701074270\n|move|p2a: Samurott|Ceaseless Edge|p1a: Kingambit\n|-resisted|p1a: Kingambit\n|-damage|p1a: Kingambit|0 fnt\n|-sidestart|p1: AkidaCrispy|Spikes\n|faint|p1a: Kingambit\n|-end|p1a: Kingambit|fallen1|[silent]\n|\n|upkeep\n|\n|t:|1701074282\n|switch|p1a: Dondozo|Dondozo, M|100\/100\n|-damage|p1a: Dondozo|88\/100|[from] Stealth Rock\n|-damage|p1a: Dondozo|75\/100|[from] Spikes\n|turn|14\n|\n|t:|1701074287\n|move|p2a: Samurott|Ceaseless Edge|p1a: Dondozo\n|-damage|p1a: Dondozo|51\/100\n|-sidestart|p1: AkidaCrispy|Spikes\n|move|p1a: Dondozo|Curse|p1a: Dondozo\n|-unboost|p1a: Dondozo|spe|1\n|-boost|p1a: Dondozo|atk|1\n|-boost|p1a: Dondozo|def|1\n|\n|-heal|p1a: Dondozo|57\/100|[from] item: Leftovers\n|upkeep\n|turn|15\n|\n|t:|1701074297\n|move|p1a: Dondozo|Protect|p1a: Dondozo\n|-singleturn|p1a: Dondozo|Protect\n|move|p2a: Samurott|Ceaseless Edge|p1a: Dondozo\n|-activate|p1a: Dondozo|move: Protect\n|\n|-heal|p1a: Dondozo|63\/100|[from] item: Leftovers\n|upkeep\n|turn|16\n|\n|t:|1701074309\n|move|p2a: Samurott|Ceaseless Edge|p1a: Dondozo\n|-damage|p1a: Dondozo|45\/100\n|-sidestart|p1: AkidaCrispy|Spikes\n|move|p1a: Dondozo|Curse|p1a: Dondozo\n|-unboost|p1a: Dondozo|spe|1\n|-boost|p1a: Dondozo|atk|1\n|-boost|p1a: Dondozo|def|1\n|\n|-heal|p1a: Dondozo|51\/100|[from] item: Leftovers\n|upkeep\n|turn|17\n|\n|t:|1701074324\n|switch|p2a: Glimmora|Glimmora, F|1\/100\n|move|p1a: Dondozo|Body Press|p2a: Glimmora\n|-damage|p2a: Glimmora|0 fnt\n|-activate|p2a: Glimmora|ability: Toxic Debris\n|-sidestart|p1: AkidaCrispy|move: Toxic Spikes\n|faint|p2a: Glimmora\n|\n|-heal|p1a: Dondozo|58\/100|[from] item: Leftovers\n|upkeep\n|\n|t:|1701074328\n|switch|p2a: Gholdengo|Gholdengo|100\/100\n|-item|p2a: Gholdengo|Air Balloon\n|turn|18\n|\n|t:|1701074340\n|move|p2a: Gholdengo|Shadow Ball|p1a: Dondozo\n|-damage|p1a: Dondozo|32\/100\n|move|p1a: Dondozo|Liquidation|p2a: Gholdengo\n|-damage|p2a: Gholdengo|29\/100\n|-enditem|p2a: Gholdengo|Air Balloon\n|\n|-heal|p1a: Dondozo|38\/100|[from] item: Leftovers\n|upkeep\n|turn|19\n|\n|t:|1701074353\n|move|p1a: Dondozo|Protect|p1a: Dondozo\n|-singleturn|p1a: Dondozo|Protect\n|move|p2a: Gholdengo|Shadow Ball|p1a: Dondozo\n|-activate|p1a: Dondozo|move: Protect\n|\n|-heal|p1a: Dondozo|44\/100|[from] item: Leftovers\n|upkeep\n|turn|20\n|\n|t:|1701074363\n|move|p2a: Gholdengo|Shadow Ball|p1a: Dondozo\n|-damage|p1a: Dondozo|17\/100\n|move|p1a: Dondozo|Liquidation|p2a: Gholdengo\n|-damage|p2a: Gholdengo|0 fnt\n|faint|p2a: Gholdengo\n|\n|-heal|p1a: Dondozo|23\/100|[from] item: Leftovers\n|upkeep\n|\n|t:|1701074367\n|switch|p2a: Iron Valiant|Iron Valiant|100\/100\n|-enditem|p2a: Iron Valiant|Booster Energy\n|-activate|p2a: Iron Valiant|ability: Quark Drive|[fromitem]\n|-start|p2a: Iron Valiant|quarkdrivespe\n|turn|21\n|\n|t:|1701074376\n|move|p1a: Dondozo|Protect|p1a: Dondozo\n|-singleturn|p1a: Dondozo|Protect\n|move|p2a: Iron Valiant|Moonblast|p1a: Dondozo\n|-activate|p1a: Dondozo|move: Protect\n|\n|-heal|p1a: Dondozo|29\/100|[from] item: Leftovers\n|upkeep\n|turn|22\n|\n|t:|1701074385\n|switch|p1a: Slowking|Slowking-Galar, F|54\/100\n|-sideend|p1: AkidaCrispy|move: Toxic Spikes|[of] p1a: Slowking\n|move|p2a: Iron Valiant|Thunderbolt|p1a: Slowking\n|-damage|p1a: Slowking|32\/100\n|\n|upkeep\n|turn|23\n|\n|t:|1701074391\n|-end|p2a: Iron Valiant|Quark Drive|[silent]\n|switch|p2a: Samurott|Samurott-Hisui, F|100\/100\n|switch|p1a: Iron Valiant|Iron Valiant|14\/100 par\n|-damage|p1a: Iron Valiant|7\/100 par|[from] Stealth Rock\n|-damage|p1a: Iron Valiant|0 fnt|[from] Spikes\n|faint|p1a: Iron Valiant\n|-end|p1a: Iron Valiant|Quark Drive|[silent]\n|\n|upkeep\n|\n|t:|1701074404\n|switch|p1a: Mew|Mew|100\/100\n|-damage|p1a: Mew|88\/100|[from] Stealth Rock\n|-damage|p1a: Mew|63\/100|[from] Spikes\n|turn|24\n|\n|t:|1701074410\n|move|p2a: Samurott|Ceaseless Edge|p1a: Mew\n|-supereffective|p1a: Mew\n|-damage|p1a: Mew|0 fnt\n|faint|p1a: Mew\n|\n|upkeep\n|\n|t:|1701074419\n|switch|p1a: Dondozo|Dondozo, M|29\/100\n|-damage|p1a: Dondozo|17\/100|[from] Stealth Rock\n|-damage|p1a: Dondozo|0 fnt|[from] Spikes\n|faint|p1a: Dondozo\n|\n|t:|1701074424\n|switch|p1a: Slowking|Slowking-Galar, F|65\/100\n|turn|25\n|\n|t:|1701074443\n|-terastallize|p1a: Slowking|Grass\n|move|p2a: Samurott|Ceaseless Edge|p1a: Slowking|[miss]\n|-miss|p2a: Samurott|p1a: Slowking\n|move|p1a: Slowking|Thunder Wave|p2a: Samurott\n|-status|p2a: Samurott|par\n|\n|upkeep\n|turn|26\n|inactive|Battle timer is ON: inactive players will automatically lose when time's up. (requested by i liek pink mawns)\n|\n|t:|1701074450\n|move|p2a: Samurott|Ceaseless Edge|p1a: Slowking\n|-damage|p1a: Slowking|34\/100\n|move|p1a: Slowking|Sludge Bomb|p2a: Samurott\n|-damage|p2a: Samurott|47\/100 par\n|\n|upkeep\n|turn|27\n|\n|t:|1701074457\n|move|p2a: Samurott|Ceaseless Edge|p1a: Slowking\n|-damage|p1a: Slowking|4\/100\n|move|p1a: Slowking|Future Sight|p2a: Samurott\n|-start|p1a: Slowking|move: Future Sight\n|\n|upkeep\n|turn|28\n|\n|t:|1701074464\n|move|p2a: Samurott|Ceaseless Edge|p1a: Slowking|[miss]\n|-miss|p2a: Samurott|p1a: Slowking\n|move|p1a: Slowking|Sludge Bomb|p2a: Samurott\n|-damage|p2a: Samurott|0 fnt\n|faint|p2a: Samurott\n|\n|upkeep\n|\n|t:|1701074467\n|switch|p2a: Iron Valiant|Iron Valiant|100\/100\n|turn|29\n|\n|t:|1701074474\n|-terastallize|p2a: Iron Valiant|Fairy\n|move|p2a: Iron Valiant|Moonblast|p1a: Slowking\n|-damage|p1a: Slowking|0 fnt\n|faint|p1a: Slowking\n|\n|win|i liek pink mawns\n|raw|AkidaCrispy's rating: 1301 &rarr; <strong>1288<\/strong><br \/>(-13 for losing)\n|raw|i liek pink mawns's rating: 1420 &rarr; <strong>1433<\/strong><br \/>(+13 for winning)\n|l|\u2606AkidaCrispy\n","uploadtime":1701074484,"views":4,"p1id":"akidacrispy","p2id":"iliekpinkmawns","formatid":"gen9ou","rating":1288,"private":0,"password":""}