{"id":"gen9ou-1988259277","p1":"Okay_roomer","p2":"Bagooska irl","format":"[Gen 9] OU","log":"|j|\u2606Okay_roomer\n|j|\u2606Bagooska irl\n|t:|1699696405\n|gametype|singles\n|player|p1|Okay_roomer|101|1353\n|player|p2|Bagooska irl|waitress|1343\n|teamsize|p1|6\n|teamsize|p2|6\n|gen|9\n|tier|[Gen 9] OU\n|rated|\n|rule|Sleep Clause Mod: Limit one foe put to sleep\n|rule|Species Clause: Limit one of each Pok\u00e9mon\n|rule|OHKO Clause: OHKO moves are banned\n|rule|Evasion Items Clause: Evasion items are banned\n|rule|Evasion Moves Clause: Evasion moves are banned\n|rule|Endless Battle Clause: Forcing endless battles is banned\n|rule|HP Percentage Mod: HP is shown in percentages\n|clearpoke\n|poke|p1|Walking Wake|\n|poke|p1|Maushold-Four|\n|poke|p1|Dragonite, F|\n|poke|p1|Weezing-Galar, M|\n|poke|p1|Great Tusk|\n|poke|p1|Muk-Alola, M|\n|poke|p2|Grimmsnarl, M|\n|poke|p2|Slowking-Galar, F|\n|poke|p2|Ogerpon-Wellspring, F|\n|poke|p2|Kingambit, F|\n|poke|p2|Tauros-Paldea-Blaze, M|\n|poke|p2|Dragapult, M|\n|teampreview\n|inactive|Battle timer is ON: inactive players will automatically lose when time's up. (requested by Okay_roomer)\n|\n|t:|1699696414\n|start\n|switch|p1a: Maushold|Maushold-Four|100\/100\n|switch|p2a: Glowking|Slowking-Galar, F|100\/100\n|turn|1\n|\n|t:|1699696424\n|switch|p2a: Dragapult|Dragapult, M|100\/100\n|move|p1a: Maushold|Tidy Up|p1a: Maushold\n|-boost|p1a: Maushold|atk|1\n|-boost|p1a: Maushold|spe|1\n|\n|upkeep\n|turn|2\n|\n|t:|1699696429\n|-terastallize|p1a: Maushold|Steel\n|move|p1a: Maushold|Bite|p2a: Dragapult\n|-supereffective|p2a: Dragapult\n|-damage|p2a: Dragapult|11\/100\n|move|p2a: Dragapult|Draco Meteor|p1a: Maushold\n|-resisted|p1a: Maushold\n|-damage|p1a: Maushold|39\/100\n|-unboost|p2a: Dragapult|spa|2\n|\n|upkeep\n|turn|3\n|\n|t:|1699696439\n|switch|p2a: Tauros|Tauros-Paldea-Blaze, M|100\/100\n|-ability|p2a: Tauros|Intimidate|boost\n|-unboost|p1a: Maushold|atk|1\n|move|p1a: Maushold|Bite|p2a: Tauros\n|-resisted|p2a: Tauros\n|-damage|p2a: Tauros|88\/100\n|\n|upkeep\n|turn|4\n|\n|t:|1699696446\n|switch|p2a: Dragapult|Dragapult, M|11\/100\n|move|p1a: Maushold|Population Bomb|p2a: Dragapult\n|-immune|p2a: Dragapult\n|\n|upkeep\n|turn|5\n|\n|t:|1699696451\n|switch|p2a: Tauros|Tauros-Paldea-Blaze, M|88\/100\n|-ability|p2a: Tauros|Intimidate|boost\n|-unboost|p1a: Maushold|atk|1\n|move|p1a: Maushold|Tidy Up|p1a: Maushold\n|-boost|p1a: Maushold|atk|1\n|-boost|p1a: Maushold|spe|1\n|\n|upkeep\n|turn|6\n|\n|t:|1699696458\n|switch|p2a: Dragapult|Dragapult, M|11\/100\n|move|p1a: Maushold|Population Bomb|p2a: Dragapult\n|-immune|p2a: Dragapult\n|\n|upkeep\n|turn|7\n|\n|t:|1699696464\n|move|p1a: Maushold|Bite|p2a: Dragapult\n|-supereffective|p2a: Dragapult\n|-damage|p2a: Dragapult|0 fnt\n|faint|p2a: Dragapult\n|\n|upkeep\n|\n|t:|1699696466\n|switch|p2a: Tauros|Tauros-Paldea-Blaze, M|88\/100\n|-ability|p2a: Tauros|Intimidate|boost\n|-unboost|p1a: Maushold|atk|1\n|turn|8\n|\n|t:|1699696483\n|switch|p1a: Weezing|Weezing-Galar, M|100\/100\n|move|p2a: Tauros|Earthquake|p1a: Weezing\n|-immune|p1a: Weezing|[from] ability: Levitate\n|\n|upkeep\n|turn|9\n|\n|t:|1699696495\n|switch|p2a: Glowking|Slowking-Galar, F|100\/100\n|move|p1a: Weezing|Shadow Ball|p2a: Glowking\n|-supereffective|p2a: Glowking\n|-damage|p2a: Glowking|46\/100\n|\n|-heal|p2a: Glowking|52\/100|[from] item: Black Sludge\n|upkeep\n|turn|10\n|\n|t:|1699696503\n|switch|p2a: Grimmsnarl|Grimmsnarl, M|100\/100\n|move|p1a: Weezing|Shadow Ball|p2a: Grimmsnarl\n|-resisted|p2a: Grimmsnarl\n|-damage|p2a: Grimmsnarl|88\/100\n|\n|upkeep\n|turn|11\n|\n|t:|1699696507\n|switch|p1a: Maushold|Maushold-Four, tera:Steel|39\/100\n|move|p2a: Grimmsnarl|Reflect|p2a: Grimmsnarl\n|-sidestart|p2: Bagooska irl|Reflect\n|\n|upkeep\n|turn|12\n|\n|t:|1699696515\n|move|p2a: Grimmsnarl|Taunt|p1a: Maushold\n|-start|p1a: Maushold|move: Taunt\n|cant|p1a: Maushold|move: Taunt|Encore\n|\n|upkeep\n|turn|13\n|\n|t:|1699696518\n|move|p2a: Grimmsnarl|Parting Shot|p1a: Maushold\n|-unboost|p1a: Maushold|atk|1\n|-unboost|p1a: Maushold|spa|1\n|\n|t:|1699696520\n|switch|p2a: Tauros|Tauros-Paldea-Blaze, M|88\/100|[from] Parting Shot\n|-ability|p2a: Tauros|Intimidate|boost\n|-unboost|p1a: Maushold|atk|1\n|move|p1a: Maushold|Population Bomb|p2a: Tauros\n|-damage|p2a: Tauros|84\/100\n|-damage|p2a: Tauros|81\/100\n|-damage|p2a: Tauros|78\/100\n|-damage|p2a: Tauros|75\/100\n|-damage|p2a: Tauros|72\/100\n|-damage|p2a: Tauros|69\/100\n|-damage|p2a: Tauros|66\/100\n|-damage|p2a: Tauros|63\/100\n|-damage|p2a: Tauros|59\/100\n|-damage|p2a: Tauros|56\/100\n|-hitcount|p2a: Tauros|10\n|\n|upkeep\n|turn|14\n|\n|t:|1699696528\n|switch|p1a: Weezing|Weezing-Galar, M|100\/100\n|move|p2a: Tauros|Raging Bull|p1a: Weezing\n|-damage|p1a: Weezing|31\/100\n|\n|upkeep\n|turn|15\n|c|\u2606Bagooska irl|The specs scared me\n|c|\u2606Bagooska irl|But yeah\n|\n|t:|1699696550\n|switch|p1a: Walking Wake|Walking Wake|100\/100\n|move|p2a: Tauros|Raging Bull|p1a: Walking Wake\n|-resisted|p1a: Walking Wake\n|-damage|p1a: Walking Wake|84\/100\n|\n|upkeep\n|turn|16\n|\n|t:|1699696557\n|switch|p2a: Grimmsnarl|Grimmsnarl, M|88\/100\n|move|p1a: Walking Wake|Flamethrower|p2a: Grimmsnarl\n|-damage|p2a: Grimmsnarl|65\/100\n|\n|upkeep\n|turn|17\n|\n|t:|1699696560\n|-end|p1a: Walking Wake|Protosynthesis|[silent]\n|switch|p1a: Weezing|Weezing-Galar, M|31\/100\n|move|p2a: Grimmsnarl|Parting Shot|p1a: Weezing\n|-unboost|p1a: Weezing|atk|1\n|-unboost|p1a: Weezing|spa|1\n|\n|t:|1699696563\n|switch|p2a: Tauros|Tauros-Paldea-Blaze, M|56\/100|[from] Parting Shot\n|-ability|p2a: Tauros|Intimidate|boost\n|-unboost|p1a: Weezing|atk|1\n|\n|upkeep\n|turn|18\n|\n|t:|1699696568\n|move|p2a: Tauros|Raging Bull|p1a: Weezing\n|-damage|p1a: Weezing|0 fnt\n|faint|p1a: Weezing\n|\n|-sideend|p2: Bagooska irl|Reflect\n|upkeep\n|\n|t:|1699696570\n|switch|p1a: Walking Wake|Walking Wake|84\/100\n|turn|19\n|\n|t:|1699696573\n|switch|p2a: Grimmsnarl|Grimmsnarl, M|65\/100\n|move|p1a: Walking Wake|Flamethrower|p2a: Grimmsnarl\n|-damage|p2a: Grimmsnarl|43\/100\n|\n|upkeep\n|turn|20\n|\n|t:|1699696576\n|move|p2a: Grimmsnarl|Parting Shot|p1a: Walking Wake\n|-unboost|p1a: Walking Wake|atk|1\n|-unboost|p1a: Walking Wake|spa|1\n|\n|t:|1699696581\n|switch|p2a: Glowking|Slowking-Galar, F|86\/100|[from] Parting Shot\n|move|p1a: Walking Wake|Flamethrower|p2a: Glowking\n|-damage|p2a: Glowking|69\/100\n|\n|-heal|p2a: Glowking|75\/100|[from] item: Black Sludge\n|upkeep\n|turn|21\n|\n|t:|1699696587\n|-end|p1a: Walking Wake|Protosynthesis|[silent]\n|switch|p1a: Muk|Muk-Alola, M|100\/100\n|move|p2a: Glowking|Future Sight|p1a: Muk\n|-start|p2a: Glowking|move: Future Sight\n|\n|-heal|p2a: Glowking|81\/100|[from] item: Black Sludge\n|upkeep\n|turn|22\n|\n|t:|1699696595\n|switch|p2a: Tauros|Tauros-Paldea-Blaze, M|56\/100\n|-ability|p2a: Tauros|Intimidate|boost\n|-unboost|p1a: Muk|atk|1\n|move|p1a: Muk|Drain Punch|p2a: Tauros\n|-damage|p2a: Tauros|42\/100\n|\n|upkeep\n|turn|23\n|\n|t:|1699696603\n|-terastallize|p2a: Tauros|Fighting\n|move|p1a: Muk|Protect|p1a: Muk\n|-singleturn|p1a: Muk|Protect\n|move|p2a: Tauros|Close Combat|p1a: Muk\n|-activate|p1a: Muk|move: Protect\n|\n|-end|p1a: Muk|move: Future Sight\n|-immune|p1a: Muk\n|upkeep\n|turn|24\n|\n|t:|1699696621\n|move|p2a: Tauros|Close Combat|p1a: Muk\n|-damage|p1a: Muk|0 fnt\n|-unboost|p2a: Tauros|def|1\n|-unboost|p2a: Tauros|spd|1\n|faint|p1a: Muk\n|\n|upkeep\n|\n|t:|1699696625\n|switch|p1a: Dragonite|Dragonite, F|100\/100\n|turn|25\n|\n|t:|1699696628\n|switch|p2a: Grimmsnarl|Grimmsnarl, M|43\/100\n|move|p1a: Dragonite|Extreme Speed|p2a: Grimmsnarl\n|-damage|p2a: Grimmsnarl|0 fnt\n|faint|p2a: Grimmsnarl\n|\n|upkeep\n|\n|t:|1699696634\n|switch|p2a: Glowking|Slowking-Galar, F|100\/100\n|turn|26\n|\n|t:|1699696638\n|move|p1a: Dragonite|Extreme Speed|p2a: Glowking\n|-damage|p2a: Glowking|62\/100\n|move|p2a: Glowking|Trick|p1a: Dragonite\n|-activate|p2a: Glowking|move: Trick|[of] p1a: Dragonite\n|-item|p1a: Dragonite|Black Sludge|[from] move: Trick\n|-item|p2a: Glowking|Choice Band|[from] move: Trick\n|\n|-damage|p1a: Dragonite|88\/100|[from] item: Black Sludge\n|upkeep\n|turn|27\n|\n|t:|1699696658\n|move|p1a: Dragonite|Earthquake|p2a: Glowking\n|-supereffective|p2a: Glowking\n|-damage|p2a: Glowking|6\/100\n|move|p2a: Glowking|Chilly Reception|p2a: Glowking\n|-weather|Snow\n|\n|t:|1699696664\n|switch|p2a: Ogerpon|Ogerpon-Wellspring, F|100\/100|[from] Chilly Reception\n|\n|-weather|Snow|[upkeep]\n|-damage|p1a: Dragonite|76\/100|[from] item: Black Sludge\n|upkeep\n|turn|28\n|\n|t:|1699696674\n|move|p1a: Dragonite|Extreme Speed|p2a: Ogerpon\n|-damage|p2a: Ogerpon|59\/100\n|move|p2a: Ogerpon|Play Rough|p1a: Dragonite\n|-supereffective|p1a: Dragonite\n|-damage|p1a: Dragonite|0 fnt\n|faint|p1a: Dragonite\n|\n|-weather|Snow|[upkeep]\n|upkeep\n|\n|t:|1699696680\n|switch|p1a: Maushold|Maushold-Four, tera:Steel|39\/100\n|turn|29\n|\n|t:|1699696699\n|switch|p2a: Glowking|Slowking-Galar, F|39\/100\n|move|p1a: Maushold|Population Bomb|p2a: Glowking\n|-damage|p2a: Glowking|31\/100\n|-damage|p2a: Glowking|22\/100\n|-damage|p2a: Glowking|13\/100\n|-damage|p2a: Glowking|5\/100\n|-damage|p2a: Glowking|0 fnt\n|faint|p2a: Glowking\n|-hitcount|p2: Glowking|5\n|\n|-weather|Snow|[upkeep]\n|upkeep\n|\n|t:|1699696704\n|switch|p2a: Kingambit|Kingambit, F|100\/100\n|-activate|p2a: Kingambit|ability: Supreme Overlord\n|-start|p2a: Kingambit|fallen3|[silent]\n|turn|30\n|\n|t:|1699696710\n|switch|p1a: Great Tusk|Great Tusk|100\/100\n|move|p2a: Kingambit|Iron Head|p1a: Great Tusk\n|-damage|p1a: Great Tusk|71\/100\n|-damage|p2a: Kingambit|84\/100|[from] item: Rocky Helmet|[of] p1a: Great Tusk\n|\n|-weather|Snow|[upkeep]\n|upkeep\n|turn|31\n|\n|t:|1699696717\n|-end|p2a: Kingambit|fallen3|[silent]\n|switch|p2a: Tauros|Tauros-Paldea-Blaze, M, tera:Fighting|42\/100\n|-ability|p2a: Tauros|Intimidate|boost\n|-unboost|p1a: Great Tusk|atk|1\n|move|p1a: Great Tusk|Rapid Spin|p2a: Tauros\n|-damage|p2a: Tauros|32\/100\n|-boost|p1a: Great Tusk|spe|1\n|\n|-weather|none\n|upkeep\n|turn|32\n|\n|t:|1699696723\n|move|p2a: Tauros|Close Combat|p1a: Great Tusk\n|-damage|p1a: Great Tusk|23\/100\n|-unboost|p2a: Tauros|def|1\n|-unboost|p2a: Tauros|spd|1\n|-damage|p2a: Tauros|15\/100|[from] item: Rocky Helmet|[of] p1a: Great Tusk\n|move|p1a: Great Tusk|Earthquake|p2a: Tauros\n|-damage|p2a: Tauros|0 fnt\n|faint|p2a: Tauros\n|\n|upkeep\n|\n|t:|1699696728\n|switch|p2a: Ogerpon|Ogerpon-Wellspring, F|59\/100\n|turn|33\n|\n|t:|1699696752\n|move|p2a: Ogerpon|Power Whip|p1a: Great Tusk\n|-supereffective|p1a: Great Tusk\n|-crit|p1a: Great Tusk\n|-damage|p1a: Great Tusk|0 fnt\n|-damage|p2a: Ogerpon|43\/100|[from] item: Rocky Helmet|[of] p1a: Great Tusk\n|faint|p1a: Great Tusk\n|-end|p1a: Great Tusk|Protosynthesis|[silent]\n|\n|upkeep\n|\n|t:|1699696754\n|switch|p1a: Maushold|Maushold-Four, tera:Steel|39\/100\n|turn|34\n|\n|t:|1699696756\n|switch|p2a: Kingambit|Kingambit, F|84\/100\n|-activate|p2a: Kingambit|ability: Supreme Overlord\n|-start|p2a: Kingambit|fallen4|[silent]\n|move|p1a: Maushold|Population Bomb|p2a: Kingambit\n|-resisted|p2a: Kingambit\n|-damage|p2a: Kingambit|80\/100\n|-resisted|p2a: Kingambit\n|-damage|p2a: Kingambit|75\/100\n|-resisted|p2a: Kingambit\n|-damage|p2a: Kingambit|71\/100\n|-resisted|p2a: Kingambit\n|-crit|p2a: Kingambit\n|-damage|p2a: Kingambit|64\/100\n|-resisted|p2a: Kingambit\n|-damage|p2a: Kingambit|59\/100\n|-resisted|p2a: Kingambit\n|-damage|p2a: Kingambit|54\/100\n|-resisted|p2a: Kingambit\n|-damage|p2a: Kingambit|50\/100\n|-resisted|p2a: Kingambit\n|-damage|p2a: Kingambit|46\/100\n|-resisted|p2a: Kingambit\n|-damage|p2a: Kingambit|41\/100\n|-resisted|p2a: Kingambit\n|-damage|p2a: Kingambit|36\/100\n|-hitcount|p2a: Kingambit|10\n|\n|upkeep\n|turn|35\n|\n|t:|1699696771\n|move|p1a: Maushold|Tidy Up|p1a: Maushold\n|-boost|p1a: Maushold|atk|1\n|-boost|p1a: Maushold|spe|1\n|move|p2a: Kingambit|Iron Head|p1a: Maushold\n|-resisted|p1a: Maushold\n|-damage|p1a: Maushold|0 fnt\n|faint|p1a: Maushold\n|\n|upkeep\n|\n|t:|1699696774\n|switch|p1a: Walking Wake|Walking Wake|84\/100\n|turn|36\n|c|\u2606Bagooska irl|Gg\n|c|\u2606Bagooska irl|Tera steel mouse scary af\n|c|\u2606Bagooska irl|Lol\n|\n|t:|1699696791\n|move|p2a: Kingambit|Sucker Punch|p1a: Walking Wake\n|-damage|p1a: Walking Wake|16\/100\n|move|p1a: Walking Wake|Flamethrower|p2a: Kingambit\n|-supereffective|p2a: Kingambit\n|-damage|p2a: Kingambit|0 fnt\n|faint|p2a: Kingambit\n|-end|p2a: Kingambit|fallen4|[silent]\n|\n|upkeep\n|c|\u2606Okay_roomer|gg\n|\n|t:|1699696794\n|switch|p2a: Ogerpon|Ogerpon-Wellspring, F|43\/100\n|turn|37\n|c|\u2606Okay_roomer|predicted sucker on the last turn, wanted to encore it\n|c|\u2606Okay_roomer|but o well\n|\n|t:|1699696804\n|move|p1a: Walking Wake|Flamethrower|p2a: Ogerpon\n|-damage|p2a: Ogerpon|4\/100\n|move|p2a: Ogerpon|Play Rough|p1a: Walking Wake\n|-supereffective|p1a: Walking Wake\n|-damage|p1a: Walking Wake|0 fnt\n|faint|p1a: Walking Wake\n|-end|p1a: Walking Wake|Protosynthesis|[silent]\n|\n|win|Bagooska irl\n|raw|Okay_roomer's rating: 1353 &rarr; <strong>1332<\/strong><br \/>(-21 for losing)\n|raw|Bagooska irl's rating: 1343 &rarr; <strong>1364<\/strong><br \/>(+21 for winning)\n|c|\u2606Okay_roomer|close\n|c|\u2606Bagooska irl|Yeah ik\n","uploadtime":1699696819,"views":23,"p1id":"okayroomer","p2id":"bagooskairl","formatid":"gen9ou","rating":1332,"private":0,"password":""}