{"id":"gen9ou-1995984362","p1":"Luison","p2":"wooloo supremacy","format":"[Gen 9] OU","log":"|j|\u2606Luison\n|j|\u2606wooloo supremacy\n|t:|1700625325\n|gametype|singles\n|player|p1|Luison|drayden|1585\n|player|p2|wooloo supremacy|adaman|1603\n|teamsize|p1|6\n|teamsize|p2|6\n|gen|9\n|tier|[Gen 9] OU\n|rated|\n|rule|Sleep Clause Mod: Limit one foe put to sleep\n|rule|Species Clause: Limit one of each Pok\u00e9mon\n|rule|OHKO Clause: OHKO moves are banned\n|rule|Evasion Items Clause: Evasion items are banned\n|rule|Evasion Moves Clause: Evasion moves are banned\n|rule|Endless Battle Clause: Forcing endless battles is banned\n|rule|HP Percentage Mod: HP is shown in percentages\n|clearpoke\n|poke|p1|Tinkaton, F|\n|poke|p1|Great Tusk|\n|poke|p1|Skeledirge, M|\n|poke|p1|Zapdos|\n|poke|p1|Kingambit, F|\n|poke|p1|Ogerpon-Wellspring, F|\n|poke|p2|Muk-Alola, M|\n|poke|p2|Rillaboom, F|\n|poke|p2|Dragapult, F|\n|poke|p2|Kingambit, M|\n|poke|p2|Great Tusk|\n|poke|p2|Landorus-Therian, M|\n|teampreview\n|inactive|Battle timer is ON: inactive players will automatically lose when time's up. (requested by wooloo supremacy)\n|\n|t:|1700625336\n|start\n|switch|p1a: Zapdos|Zapdos|100\/100\n|switch|p2a: Landorus|Landorus-Therian, M|100\/100\n|-ability|p2a: Landorus|Intimidate|boost\n|-unboost|p1a: Zapdos|atk|1\n|turn|1\n|\n|t:|1700625342\n|switch|p2a: Muk|Muk-Alola, M|100\/100\n|move|p1a: Zapdos|Hurricane|p2a: Muk\n|-damage|p2a: Muk|65\/100\n|\n|-heal|p2a: Muk|71\/100|[from] item: Black Sludge\n|upkeep\n|turn|2\n|\n|t:|1700625368\n|move|p1a: Zapdos|U-turn|p2a: Muk\n|-damage|p2a: Muk|62\/100\n|\n|t:|1700625371\n|switch|p1a: Tinkaton|Tinkaton, F|100\/100|[from] U-turn\n|-ability|p1a: Tinkaton|Mold Breaker\n|move|p2a: Muk|Knock Off|p1a: Tinkaton\n|-resisted|p1a: Tinkaton\n|-damage|p1a: Tinkaton|78\/100\n|-enditem|p1a: Tinkaton|Leftovers|[from] move: Knock Off|[of] p2a: Muk\n|\n|-heal|p2a: Muk|68\/100|[from] item: Black Sludge\n|upkeep\n|turn|3\n|\n|t:|1700625377\n|switch|p2a: Landorus|Landorus-Therian, M|100\/100\n|-ability|p2a: Landorus|Intimidate|boost\n|-unboost|p1a: Tinkaton|atk|1\n|move|p1a: Tinkaton|Knock Off|p2a: Landorus\n|-crit|p2a: Landorus\n|-damage|p2a: Landorus|79\/100\n|-damage|p1a: Tinkaton|62\/100|[from] item: Rocky Helmet|[of] p2a: Landorus\n|-enditem|p2a: Landorus|Rocky Helmet|[from] move: Knock Off|[of] p1a: Tinkaton\n|\n|upkeep\n|turn|4\n|\n|t:|1700625388\n|switch|p1a: Zapdos|Zapdos|100\/100\n|move|p2a: Landorus|Stealth Rock|p1a: Zapdos\n|-sidestart|p1: Luison|move: Stealth Rock\n|\n|upkeep\n|turn|5\n|\n|t:|1700625393\n|switch|p2a: Muk|Muk-Alola, M|68\/100\n|move|p1a: Zapdos|Discharge|p2a: Muk\n|-damage|p2a: Muk|43\/100\n|-status|p2a: Muk|par\n|\n|-heal|p2a: Muk|49\/100 par|[from] item: Black Sludge\n|upkeep\n|turn|6\n|\n|t:|1700625399\n|move|p1a: Zapdos|U-turn|p2a: Muk\n|-damage|p2a: Muk|34\/100 par\n|\n|t:|1700625402\n|switch|p1a: Great Tusk|Great Tusk|100\/100|[from] U-turn\n|-damage|p1a: Great Tusk|98\/100|[from] Stealth Rock\n|cant|p2a: Muk|par\n|\n|-heal|p2a: Muk|40\/100 par|[from] item: Black Sludge\n|upkeep\n|turn|7\n|\n|t:|1700625416\n|move|p1a: Great Tusk|Ice Spinner|p2a: Muk\n|-damage|p2a: Muk|11\/100 par\n|move|p2a: Muk|Poison Jab|p1a: Great Tusk\n|-resisted|p1a: Great Tusk\n|-damage|p1a: Great Tusk|88\/100\n|-status|p1a: Great Tusk|psn\n|\n|-heal|p2a: Muk|17\/100 par|[from] item: Black Sludge\n|-damage|p1a: Great Tusk|75\/100 psn|[from] psn\n|upkeep\n|turn|8\n|\n|t:|1700625420\n|move|p2a: Muk|Protect|p2a: Muk\n|-singleturn|p2a: Muk|Protect\n|move|p1a: Great Tusk|Rapid Spin|p2a: Muk\n|-activate|p2a: Muk|move: Protect\n|\n|-heal|p2a: Muk|23\/100 par|[from] item: Black Sludge\n|-damage|p1a: Great Tusk|63\/100 psn|[from] psn\n|upkeep\n|turn|9\n|\n|t:|1700625426\n|switch|p2a: Great Tusk|Great Tusk|100\/100\n|move|p1a: Great Tusk|Ice Spinner|p2a: Great Tusk\n|-supereffective|p2a: Great Tusk\n|-damage|p2a: Great Tusk|61\/100\n|\n|-damage|p1a: Great Tusk|51\/100 psn|[from] psn\n|upkeep\n|turn|10\n|\n|t:|1700625430\n|-end|p2a: Great Tusk|Protosynthesis|[silent]\n|switch|p2a: Dragapult|Dragapult, F|100\/100\n|move|p1a: Great Tusk|Rapid Spin|p2a: Dragapult\n|-immune|p2a: Dragapult\n|\n|-damage|p1a: Great Tusk|38\/100 psn|[from] psn\n|upkeep\n|turn|11\n|\n|t:|1700625434\n|-end|p1a: Great Tusk|Protosynthesis|[silent]\n|switch|p1a: Tinkaton|Tinkaton, F|62\/100\n|-damage|p1a: Tinkaton|56\/100|[from] Stealth Rock\n|-ability|p1a: Tinkaton|Mold Breaker\n|move|p2a: Dragapult|Shadow Ball|p1a: Tinkaton\n|-damage|p1a: Tinkaton|19\/100\n|-unboost|p1a: Tinkaton|spd|1\n|\n|upkeep\n|turn|12\n|\n|t:|1700625440\n|move|p2a: Dragapult|Shadow Ball|p1a: Tinkaton\n|-damage|p1a: Tinkaton|0 fnt\n|faint|p1a: Tinkaton\n|\n|upkeep\n|\n|t:|1700625445\n|switch|p1a: Zapdos|Zapdos|100\/100\n|turn|13\n|\n|t:|1700625449\n|switch|p2a: Muk|Muk-Alola, M|23\/100 par\n|move|p1a: Zapdos|Hurricane|p2a: Muk\n|-damage|p2a: Muk|0 fnt\n|faint|p2a: Muk\n|\n|upkeep\n|\n|t:|1700625456\n|switch|p2a: Kingambit|Kingambit, M|100\/100\n|-activate|p2a: Kingambit|ability: Supreme Overlord\n|-start|p2a: Kingambit|fallen1|[silent]\n|turn|14\n|\n|t:|1700625477\n|move|p1a: Zapdos|Discharge|p2a: Kingambit\n|-damage|p2a: Kingambit|52\/100\n|-status|p2a: Kingambit|par\n|move|p2a: Kingambit|Kowtow Cleave|p1a: Zapdos\n|-damage|p1a: Zapdos|0 fnt\n|faint|p1a: Zapdos\n|\n|upkeep\n|\n|t:|1700625485\n|switch|p1a: Great Tusk|Great Tusk|38\/100 psn\n|-damage|p1a: Great Tusk|35\/100 psn|[from] Stealth Rock\n|turn|15\n|inactive|wooloo supremacy has 120 seconds left.\n|\n|t:|1700625525\n|-end|p2a: Kingambit|fallen1|[silent]\n|switch|p2a: Dragapult|Dragapult, F|100\/100\n|move|p1a: Great Tusk|Ice Spinner|p2a: Dragapult\n|-supereffective|p2a: Dragapult\n|-damage|p2a: Dragapult|25\/100\n|\n|-damage|p1a: Great Tusk|23\/100 psn|[from] psn\n|upkeep\n|turn|16\n|\n|t:|1700625531\n|move|p2a: Dragapult|Flamethrower|p1a: Great Tusk\n|-damage|p1a: Great Tusk|0 fnt\n|faint|p1a: Great Tusk\n|-end|p1a: Great Tusk|Protosynthesis|[silent]\n|\n|upkeep\n|\n|t:|1700625539\n|switch|p1a: Skeledirge|Skeledirge, M|100\/100\n|turn|17\n|\n|t:|1700625552\n|switch|p2a: Kingambit|Kingambit, M|52\/100 par\n|-activate|p2a: Kingambit|ability: Supreme Overlord\n|-start|p2a: Kingambit|fallen1|[silent]\n|move|p1a: Skeledirge|Hex|p2a: Kingambit\n|-resisted|p2a: Kingambit\n|-damage|p2a: Kingambit|23\/100 par\n|\n|upkeep\n|turn|18\n|\n|t:|1700625557\n|cant|p2a: Kingambit|par\n|move|p1a: Skeledirge|Torch Song|p2a: Kingambit\n|-supereffective|p2a: Kingambit\n|-crit|p2a: Kingambit\n|-damage|p2a: Kingambit|0 fnt\n|-boost|p1a: Skeledirge|spa|1\n|faint|p2a: Kingambit\n|-end|p2a: Kingambit|fallen1|[silent]\n|\n|upkeep\n|\n|t:|1700625560\n|switch|p2a: Landorus|Landorus-Therian, M|79\/100\n|-ability|p2a: Landorus|Intimidate|boost\n|-unboost|p1a: Skeledirge|atk|1\n|turn|19\n|\n|t:|1700625563\n|move|p2a: Landorus|Earth Power|p1a: Skeledirge\n|-supereffective|p1a: Skeledirge\n|-damage|p1a: Skeledirge|33\/100\n|move|p1a: Skeledirge|Will-O-Wisp|p2a: Landorus\n|-status|p2a: Landorus|brn\n|\n|-damage|p2a: Landorus|73\/100 brn|[from] brn\n|upkeep\n|turn|20\n|\n|t:|1700625567\n|move|p2a: Landorus|Earth Power|p1a: Skeledirge\n|-supereffective|p1a: Skeledirge\n|-damage|p1a: Skeledirge|0 fnt\n|faint|p1a: Skeledirge\n|\n|-damage|p2a: Landorus|67\/100 brn|[from] brn\n|upkeep\n|\n|t:|1700625571\n|switch|p1a: Ogerpon|Ogerpon-Wellspring, F|100\/100\n|-damage|p1a: Ogerpon|88\/100|[from] Stealth Rock\n|turn|21\n|\n|t:|1700625574\n|switch|p2a: Rillaboom|Rillaboom, F|100\/100\n|-fieldstart|move: Grassy Terrain|[from] ability: Grassy Surge|[of] p2a: Rillaboom\n|move|p1a: Ogerpon|Swords Dance|p1a: Ogerpon\n|-boost|p1a: Ogerpon|atk|2\n|\n|-heal|p1a: Ogerpon|94\/100|[from] Grassy Terrain\n|upkeep\n|turn|22\n|\n|t:|1700625579\n|-terastallize|p2a: Rillaboom|Grass\n|move|p2a: Rillaboom|Grassy Glide|p1a: Ogerpon\n|-damage|p1a: Ogerpon|0 fnt\n|faint|p1a: Ogerpon\n|\n|upkeep\n|\n|t:|1700625583\n|switch|p1a: Kingambit|Kingambit, F|100\/100\n|-damage|p1a: Kingambit|94\/100|[from] Stealth Rock\n|-activate|p1a: Kingambit|ability: Supreme Overlord\n|-start|p1a: Kingambit|fallen5|[silent]\n|turn|23\n|\n|t:|1700625588\n|switch|p2a: Landorus|Landorus-Therian, M|67\/100 brn\n|-ability|p2a: Landorus|Intimidate|boost\n|-unboost|p1a: Kingambit|atk|1\n|move|p1a: Kingambit|Swords Dance|p1a: Kingambit\n|-boost|p1a: Kingambit|atk|2\n|\n|-heal|p1a: Kingambit|100\/100|[from] Grassy Terrain\n|-damage|p2a: Landorus|61\/100 brn|[from] brn\n|upkeep\n|turn|24\n|\n|t:|1700625593\n|-terastallize|p1a: Kingambit|Fairy\n|move|p2a: Landorus|Earth Power|p1a: Kingambit\n|-damage|p1a: Kingambit|67\/100\n|move|p1a: Kingambit|Swords Dance|p1a: Kingambit\n|-boost|p1a: Kingambit|atk|2\n|\n|-heal|p1a: Kingambit|73\/100|[from] Grassy Terrain\n|-damage|p2a: Landorus|55\/100 brn|[from] brn\n|upkeep\n|turn|25\n|\n|t:|1700625597\n|move|p2a: Landorus|Earth Power|p1a: Kingambit\n|-damage|p1a: Kingambit|41\/100\n|move|p1a: Kingambit|Kowtow Cleave|p2a: Landorus\n|-damage|p2a: Landorus|0 fnt\n|faint|p2a: Landorus\n|\n|-heal|p1a: Kingambit|47\/100|[from] Grassy Terrain\n|-fieldend|move: Grassy Terrain\n|upkeep\n|\n|t:|1700625599\n|switch|p2a: Great Tusk|Great Tusk|61\/100\n|turn|26\n|\n|t:|1700625601\n|move|p1a: Kingambit|Sucker Punch|p2a: Great Tusk\n|-resisted|p2a: Great Tusk\n|-damage|p2a: Great Tusk|0 fnt\n|faint|p2a: Great Tusk\n|-end|p2a: Great Tusk|Protosynthesis|[silent]\n|\n|upkeep\n|\n|t:|1700625603\n|switch|p2a: Rillaboom|Rillaboom, F, tera:Grass|100\/100\n|-fieldstart|move: Grassy Terrain|[from] ability: Grassy Surge|[of] p2a: Rillaboom\n|turn|27\n|\n|t:|1700625608\n|move|p2a: Rillaboom|Grassy Glide|p1a: Kingambit\n|-damage|p1a: Kingambit|0 fnt\n|faint|p1a: Kingambit\n|-end|p1a: Kingambit|fallen5|[silent]\n|\n|win|wooloo supremacy\n|raw|Luison's rating: 1585 &rarr; <strong>1567<\/strong><br \/>(-18 for losing)\n|raw|wooloo supremacy's rating: 1626 &rarr; <strong>1644<\/strong><br \/>(+18 for winning)\n","uploadtime":1700625612,"views":1,"p1id":"luison","p2id":"wooloosupremacy","formatid":"gen9ou","rating":1567,"private":0,"password":""}