{"id":"gen9ou-1991075142","p1":"NegativeVictoria","p2":"Bookerest","format":"[Gen 9] OU","log":"|j|\u2606NegativeVictoria\n|j|\u2606Bookerest\n|t:|1700038866\n|gametype|singles\n|player|p1|NegativeVictoria|plasmagruntf|1084\n|player|p2|Bookerest|102|1099\n|teamsize|p1|6\n|teamsize|p2|6\n|gen|9\n|tier|[Gen 9] OU\n|rated|\n|rule|Sleep Clause Mod: Limit one foe put to sleep\n|rule|Species Clause: Limit one of each Pok\u00e9mon\n|rule|OHKO Clause: OHKO moves are banned\n|rule|Evasion Items Clause: Evasion items are banned\n|rule|Evasion Moves Clause: Evasion moves are banned\n|rule|Endless Battle Clause: Forcing endless battles is banned\n|rule|HP Percentage Mod: HP is shown in percentages\n|clearpoke\n|poke|p1|Arcanine-Hisui, F|\n|poke|p1|Lilligant-Hisui, F|\n|poke|p1|Torkoal, F|\n|poke|p1|Espeon, F|\n|poke|p1|Iron Moth|\n|poke|p1|Pincurchin, F|\n|poke|p2|Decidueye, M|\n|poke|p2|Maushold|\n|poke|p2|Jirachi|\n|poke|p2|Ditto|\n|poke|p2|Grimmsnarl, M|\n|poke|p2|Talonflame, F|\n|teampreview\n|\n|t:|1700038872\n|start\n|switch|p1a: Torkoal|Torkoal, F|100\/100\n|switch|p2a: Grimmsnarl|Grimmsnarl, M|100\/100\n|-weather|SunnyDay|[from] ability: Drought|[of] p1a: Torkoal\n|turn|1\n|\n|t:|1700038880\n|move|p2a: Grimmsnarl|Light Screen|p2a: Grimmsnarl\n|-sidestart|p2: Bookerest|move: Light Screen\n|move|p1a: Torkoal|Stealth Rock|p2a: Grimmsnarl\n|-sidestart|p2: Bookerest|move: Stealth Rock\n|\n|-weather|SunnyDay|[upkeep]\n|upkeep\n|turn|2\n|\n|t:|1700038891\n|switch|p1a: Lilligant|Lilligant-Hisui, F|100\/100\n|move|p2a: Grimmsnarl|Drain Punch|p1a: Lilligant\n|-damage|p1a: Lilligant|57\/100\n|\n|-weather|SunnyDay|[upkeep]\n|-heal|p1a: Lilligant|63\/100|[from] item: Leftovers\n|upkeep\n|turn|3\n|\n|t:|1700038901\n|move|p1a: Lilligant|Victory Dance|p1a: Lilligant\n|-boost|p1a: Lilligant|atk|1\n|-boost|p1a: Lilligant|def|1\n|-boost|p1a: Lilligant|spe|1\n|move|p2a: Grimmsnarl|Spirit Break|p1a: Lilligant\n|-supereffective|p1a: Lilligant\n|-damage|p1a: Lilligant|0 fnt\n|faint|p1a: Lilligant\n|\n|-weather|SunnyDay|[upkeep]\n|upkeep\n|\n|t:|1700038907\n|switch|p1a: Arcanine|Arcanine-Hisui, F|100\/100\n|turn|4\n|\n|t:|1700038914\n|-terastallize|p1a: Arcanine|Fire\n|move|p2a: Grimmsnarl|Reflect|p2a: Grimmsnarl\n|-sidestart|p2: Bookerest|Reflect\n|move|p1a: Arcanine|Flare Blitz|p2a: Grimmsnarl\n|-damage|p2a: Grimmsnarl|35\/100\n|\n|-weather|SunnyDay|[upkeep]\n|upkeep\n|turn|5\n|\n|t:|1700038922\n|switch|p2a: Talonflame|Talonflame, F|100\/100\n|move|p1a: Arcanine|Flare Blitz|p2a: Talonflame\n|-resisted|p2a: Talonflame\n|-damage|p2a: Talonflame|57\/100\n|\n|-weather|SunnyDay|[upkeep]\n|upkeep\n|turn|6\n|\n|t:|1700038942\n|switch|p1a: Pincurchin|Pincurchin, F|100\/100\n|-fieldstart|move: Electric Terrain|[from] ability: Electric Surge|[of] p1a: Pincurchin\n|move|p2a: Talonflame|Brave Bird|p1a: Pincurchin\n|-resisted|p1a: Pincurchin\n|-damage|p1a: Pincurchin|73\/100\n|-damage|p2a: Talonflame|48\/100|[from] Recoil\n|\n|-weather|SunnyDay|[upkeep]\n|upkeep\n|turn|7\n|\n|t:|1700038955\n|move|p2a: Talonflame|Will-O-Wisp|p1a: Pincurchin\n|-status|p1a: Pincurchin|brn\n|move|p1a: Pincurchin|Toxic Spikes|p2a: Talonflame\n|-sidestart|p2: Bookerest|move: Toxic Spikes\n|\n|-weather|SunnyDay|[upkeep]\n|-damage|p1a: Pincurchin|67\/100 brn|[from] brn\n|upkeep\n|turn|8\n|\n|t:|1700038963\n|move|p2a: Talonflame|Swords Dance|p2a: Talonflame\n|-boost|p2a: Talonflame|atk|2\n|move|p1a: Pincurchin|Toxic Spikes|p2a: Talonflame\n|-sidestart|p2: Bookerest|move: Toxic Spikes\n|\n|-weather|none\n|-damage|p1a: Pincurchin|61\/100 brn|[from] brn\n|-sideend|p2: Bookerest|move: Light Screen\n|upkeep\n|turn|9\n|\n|t:|1700038973\n|move|p2a: Talonflame|Brave Bird|p1a: Pincurchin\n|-resisted|p1a: Pincurchin\n|-damage|p1a: Pincurchin|11\/100 brn\n|-damage|p2a: Talonflame|31\/100|[from] Recoil\n|move|p1a: Pincurchin|Thunderbolt|p2a: Talonflame\n|-supereffective|p2a: Talonflame\n|-damage|p2a: Talonflame|0 fnt\n|faint|p2a: Talonflame\n|\n|-damage|p1a: Pincurchin|5\/100 brn|[from] brn\n|upkeep\n|\n|t:|1700038990\n|switch|p2a: Maushold|Maushold, shiny|100\/100\n|-damage|p2a: Maushold|88\/100|[from] Stealth Rock\n|-status|p2a: Maushold|tox\n|turn|10\n|\n|t:|1700038996\n|move|p2a: Maushold|Tidy Up|p2a: Maushold\n|-sideend|p2: Bookerest|Toxic Spikes\n|-sideend|p2: Bookerest|Stealth Rock\n|-activate|p2a: Maushold|move: Tidy Up\n|-boost|p2a: Maushold|atk|1\n|-boost|p2a: Maushold|spe|1\n|move|p1a: Pincurchin|Spikes|p2a: Maushold\n|-sidestart|p2: Bookerest|Spikes\n|\n|-damage|p2a: Maushold|82\/100 tox|[from] psn\n|-damage|p1a: Pincurchin|0 fnt|[from] brn\n|faint|p1a: Pincurchin\n|upkeep\n|\n|t:|1700039005\n|switch|p1a: Torkoal|Torkoal, F|100\/100\n|-weather|SunnyDay|[from] ability: Drought|[of] p1a: Torkoal\n|turn|11\n|\n|t:|1700039011\n|move|p2a: Maushold|Population Bomb|p1a: Torkoal\n|-damage|p1a: Torkoal|91\/100\n|-damage|p1a: Torkoal|81\/100\n|-damage|p1a: Torkoal|72\/100\n|-damage|p1a: Torkoal|63\/100\n|-damage|p1a: Torkoal|54\/100\n|-damage|p1a: Torkoal|45\/100\n|-damage|p1a: Torkoal|35\/100\n|-damage|p1a: Torkoal|25\/100\n|-damage|p1a: Torkoal|15\/100\n|-damage|p1a: Torkoal|5\/100\n|-hitcount|p1a: Torkoal|10\n|move|p1a: Torkoal|Body Press|p2a: Maushold\n|-supereffective|p2a: Maushold\n|-damage|p2a: Maushold|30\/100 tox\n|\n|-weather|SunnyDay|[upkeep]\n|-damage|p2a: Maushold|17\/100 tox|[from] psn\n|-sideend|p2: Bookerest|Reflect\n|upkeep\n|turn|12\n|\n|t:|1700039017\n|move|p2a: Maushold|Bite|p1a: Torkoal\n|-damage|p1a: Torkoal|0 fnt\n|faint|p1a: Torkoal\n|\n|-weather|SunnyDay|[upkeep]\n|-damage|p2a: Maushold|0 fnt|[from] psn\n|faint|p2a: Maushold\n|upkeep\n|\n|t:|1700039028\n|switch|p2a: Grimmsnarl|Grimmsnarl, M|35\/100\n|switch|p1a: Arcanine|Arcanine-Hisui, F, tera:Fire|100\/100\n|-damage|p2a: Grimmsnarl|23\/100|[from] Spikes\n|turn|13\n|\n|t:|1700039041\n|move|p2a: Grimmsnarl|Light Screen|p2a: Grimmsnarl\n|-sidestart|p2: Bookerest|move: Light Screen\n|move|p1a: Arcanine|Flare Blitz|p2a: Grimmsnarl\n|-damage|p2a: Grimmsnarl|0 fnt\n|faint|p2a: Grimmsnarl\n|\n|-weather|SunnyDay|[upkeep]\n|-fieldend|move: Electric Terrain\n|upkeep\n|\n|t:|1700039049\n|switch|p2a: Ditto|Ditto|100\/100\n|-damage|p2a: Ditto|88\/100|[from] Spikes\n|-transform|p2a: Ditto|p1a: Arcanine|[from] ability: Imposter\n|turn|14\n|inactive|Battle timer is ON: inactive players will automatically lose when time's up. (requested by NegativeVictoria)\n|\n|t:|1700039062\n|move|p1a: Arcanine|Flare Blitz|p2a: Ditto\n|-resisted|p2a: Ditto\n|-damage|p2a: Ditto|51\/100\n|-enditem|p2a: Ditto|Red Card|[of] p1a: Arcanine\n|drag|p1a: Espeon|Espeon, F|100\/100\n|move|p2a: Ditto|Close Combat|p1a: Espeon\n|-resisted|p1a: Espeon\n|-damage|p1a: Espeon|64\/100\n|-unboost|p2a: Ditto|def|1\n|-unboost|p2a: Ditto|spd|1\n|\n|-weather|SunnyDay|[upkeep]\n|upkeep\n|turn|15\n|\n|t:|1700039074\n|move|p1a: Espeon|Weather Ball|p2a: Ditto\n|-resisted|p2a: Ditto\n|-damage|p2a: Ditto|37\/100\n|move|p2a: Ditto|Flare Blitz|p1a: Espeon\n|-damage|p1a: Espeon|0 fnt\n|faint|p1a: Espeon\n|\n|-weather|SunnyDay|[upkeep]\n|upkeep\n|\n|t:|1700039076\n|switch|p1a: Arcanine|Arcanine-Hisui, F, tera:Fire|100\/100\n|turn|16\n|\n|t:|1700039086\n|switch|p2a: Decidueye|Decidueye, M|100\/100\n|-damage|p2a: Decidueye|88\/100|[from] Spikes\n|move|p1a: Arcanine|Flare Blitz|p2a: Decidueye\n|-supereffective|p2a: Decidueye\n|-damage|p2a: Decidueye|0 fnt\n|faint|p2a: Decidueye\n|\n|-weather|SunnyDay|[upkeep]\n|upkeep\n|\n|t:|1700039097\n|switch|p2a: Ditto|Ditto|37\/100\n|-damage|p2a: Ditto|24\/100|[from] Spikes\n|-transform|p2a: Ditto|p1a: Arcanine|[from] ability: Imposter\n|turn|17\n|\n|t:|1700039103\n|move|p1a: Arcanine|Flare Blitz|p2a: Ditto\n|-resisted|p2a: Ditto\n|-damage|p2a: Ditto|0 fnt\n|faint|p2a: Ditto\n|\n|-weather|SunnyDay|[upkeep]\n|upkeep\n|\n|t:|1700039110\n|switch|p2a: Jirachi|Jirachi|100\/100\n|-damage|p2a: Jirachi|88\/100|[from] Spikes\n|turn|18\n|\n|t:|1700039119\n|-terastallize|p2a: Jirachi|Flying\n|move|p1a: Arcanine|Flare Blitz|p2a: Jirachi\n|-damage|p2a: Jirachi|0 fnt\n|faint|p2a: Jirachi\n|\n|win|NegativeVictoria\n|raw|NegativeVictoria's rating: 1084 &rarr; <strong>1113<\/strong><br \/>(+29 for winning)\n|raw|Bookerest's rating: 1099 &rarr; <strong>1073<\/strong><br \/>(-26 for losing)\n","uploadtime":1700039127,"views":15,"p1id":"negativevictoria","p2id":"bookerest","formatid":"gen9ou","rating":1073,"private":0,"password":""}