{"id":"gen9ou-1993172680","p1":"Drifty3.4","p2":"Poison Ivy Thorns","format":"[Gen 9] OU","log":"|j|\u2606Drifty3.4\n|j|\u2606Poison Ivy Thorns\n|t:|1700273653\n|gametype|singles\n|player|p1|Drifty3.4|clown|1241\n|player|p2|Poison Ivy Thorns|will-gen2|1338\n|teamsize|p1|6\n|teamsize|p2|6\n|gen|9\n|tier|[Gen 9] OU\n|rated|\n|rule|Sleep Clause Mod: Limit one foe put to sleep\n|rule|Species Clause: Limit one of each Pok\u00e9mon\n|rule|OHKO Clause: OHKO moves are banned\n|rule|Evasion Items Clause: Evasion items are banned\n|rule|Evasion Moves Clause: Evasion moves are banned\n|rule|Endless Battle Clause: Forcing endless battles is banned\n|rule|HP Percentage Mod: HP is shown in percentages\n|clearpoke\n|poke|p1|Ogerpon-Wellspring, F|\n|poke|p1|Corviknight, M|\n|poke|p1|Dragonite, F|\n|poke|p1|Grimmsnarl, M|\n|poke|p1|Hatterene, F|\n|poke|p1|Thundurus-Therian, M|\n|poke|p2|Okidogi, M|\n|poke|p2|Rotom-Wash|\n|poke|p2|Kingambit, M|\n|poke|p2|Great Tusk|\n|poke|p2|Iron Moth|\n|poke|p2|Salamence, M|\n|teampreview\n|inactive|Battle timer is ON: inactive players will automatically lose when time's up. (requested by Poison Ivy Thorns)\n|inactive|Poison Ivy Thorns has 120 seconds left.\n|\n|t:|1700273685\n|start\n|switch|p1a: Grimmsnarl|Grimmsnarl, M|100\/100\n|switch|p2a: Okidogi|Okidogi, M|100\/100\n|turn|1\n|\n|t:|1700273690\n|move|p1a: Grimmsnarl|Reflect|p1a: Grimmsnarl\n|-sidestart|p1: Drifty3.4|Reflect\n|move|p2a: Okidogi|Poison Jab|p1a: Grimmsnarl\n|-supereffective|p1a: Grimmsnarl\n|-damage|p1a: Grimmsnarl|54\/100\n|-status|p1a: Grimmsnarl|psn\n|\n|-damage|p1a: Grimmsnarl|42\/100 psn|[from] psn\n|upkeep\n|turn|2\n|\n|t:|1700273697\n|move|p1a: Grimmsnarl|Parting Shot|p2a: Okidogi\n|-unboost|p2a: Okidogi|atk|1\n|-unboost|p2a: Okidogi|spa|1\n|\n|t:|1700273702\n|switch|p1a: Corviknight|Corviknight, M|100\/100|[from] Parting Shot\n|-ability|p1a: Corviknight|Pressure\n|move|p2a: Okidogi|Knock Off|p1a: Corviknight\n|-damage|p1a: Corviknight|93\/100\n|-damage|p2a: Okidogi|84\/100|[from] item: Rocky Helmet|[of] p1a: Corviknight\n|-enditem|p1a: Corviknight|Rocky Helmet|[from] move: Knock Off|[of] p2a: Okidogi\n|\n|upkeep\n|turn|3\n|\n|t:|1700273711\n|switch|p2a: Rotom|Rotom-Wash|100\/100\n|move|p1a: Corviknight|U-turn|p2a: Rotom\n|-damage|p2a: Rotom|81\/100\n|\n|t:|1700273716\n|switch|p1a: Grimmsnarl|Grimmsnarl, M|42\/100 psn|[from] U-turn\n|\n|-damage|p1a: Grimmsnarl|29\/100 psn|[from] psn\n|upkeep\n|turn|4\n|\n|t:|1700273723\n|move|p1a: Grimmsnarl|Light Screen|p1a: Grimmsnarl\n|-sidestart|p1: Drifty3.4|move: Light Screen\n|move|p2a: Rotom|Will-O-Wisp|p1a: Grimmsnarl|[miss]\n|-miss|p2a: Rotom|p1a: Grimmsnarl\n|\n|-damage|p1a: Grimmsnarl|17\/100 psn|[from] psn\n|upkeep\n|turn|5\n|\n|t:|1700273728\n|switch|p2a: Okidogi|Okidogi, M|84\/100\n|move|p1a: Grimmsnarl|Parting Shot|p2a: Okidogi\n|-unboost|p2a: Okidogi|atk|1\n|-unboost|p2a: Okidogi|spa|1\n|\n|t:|1700273734\n|switch|p1a: Hatterene|Hatterene, F|100\/100|[from] Parting Shot\n|\n|upkeep\n|turn|6\n|\n|t:|1700273739\n|move|p2a: Okidogi|Poison Jab|p1a: Hatterene\n|-supereffective|p1a: Hatterene\n|-damage|p1a: Hatterene|78\/100\n|move|p1a: Hatterene|Psyshock|p2a: Okidogi\n|-supereffective|p2a: Okidogi\n|-damage|p2a: Okidogi|0 fnt\n|faint|p2a: Okidogi\n|\n|-heal|p1a: Hatterene|84\/100|[from] item: Leftovers\n|upkeep\n|\n|t:|1700273747\n|switch|p2a: Kingambit|Kingambit, M|100\/100\n|turn|7\n|\n|t:|1700273752\n|-terastallize|p1a: Hatterene|Water\n|move|p2a: Kingambit|Iron Head|p1a: Hatterene\n|-resisted|p1a: Hatterene\n|-damage|p1a: Hatterene|70\/100\n|cant|p1a: Hatterene|flinch\n|\n|-heal|p1a: Hatterene|76\/100|[from] item: Leftovers\n|upkeep\n|turn|8\n|\n|t:|1700273760\n|switch|p2a: Rotom|Rotom-Wash|81\/100\n|move|p1a: Hatterene|Mystical Fire|p2a: Rotom\n|-resisted|p2a: Rotom\n|-damage|p2a: Rotom|66\/100\n|-unboost|p2a: Rotom|spa|1\n|\n|-heal|p1a: Hatterene|82\/100|[from] item: Leftovers\n|-sideend|p1: Drifty3.4|Reflect\n|upkeep\n|turn|9\n|\n|t:|1700273786\n|move|p2a: Rotom|Trick|p1a: Hatterene\n|-activate|p2a: Rotom|move: Trick|[of] p1a: Hatterene\n|-item|p1a: Hatterene|Choice Scarf|[from] move: Trick\n|-item|p2a: Rotom|Leftovers|[from] move: Trick\n|move|p1a: Hatterene|Calm Mind|p1a: Hatterene\n|-boost|p1a: Hatterene|spa|1\n|-boost|p1a: Hatterene|spd|1\n|\n|-heal|p2a: Rotom|72\/100|[from] item: Leftovers\n|upkeep\n|turn|10\n|\n|t:|1700273794\n|switch|p1a: Thundurus|Thundurus-Therian, M|100\/100\n|move|p2a: Rotom|Will-O-Wisp|p1a: Thundurus\n|-status|p1a: Thundurus|brn\n|\n|-heal|p2a: Rotom|79\/100|[from] item: Leftovers\n|-damage|p1a: Thundurus|94\/100 brn|[from] brn\n|upkeep\n|turn|11\n|\n|t:|1700273803\n|switch|p2a: Iron Moth|Iron Moth|100\/100\n|-enditem|p2a: Iron Moth|Booster Energy\n|-activate|p2a: Iron Moth|ability: Quark Drive|[fromitem]\n|-start|p2a: Iron Moth|quarkdrivespe\n|move|p1a: Thundurus|Nasty Plot|p1a: Thundurus\n|-boost|p1a: Thundurus|spa|2\n|\n|-damage|p1a: Thundurus|88\/100 brn|[from] brn\n|-sideend|p1: Drifty3.4|move: Light Screen\n|upkeep\n|turn|12\n|\n|t:|1700273812\n|move|p2a: Iron Moth|Sludge Wave|p1a: Thundurus\n|-damage|p1a: Thundurus|21\/100 brn\n|move|p1a: Thundurus|Thunderbolt|p2a: Iron Moth\n|-damage|p2a: Iron Moth|0 fnt\n|faint|p2a: Iron Moth\n|-end|p2a: Iron Moth|Quark Drive|[silent]\n|\n|-damage|p1a: Thundurus|15\/100 brn|[from] brn\n|upkeep\n|\n|t:|1700273816\n|switch|p2a: Kingambit|Kingambit, M|100\/100\n|turn|13\n|\n|t:|1700273821\n|switch|p1a: Corviknight|Corviknight, M|93\/100\n|-ability|p1a: Corviknight|Pressure\n|move|p2a: Kingambit|Sucker Punch||[still]\n|-fail|p2a: Kingambit\n|\n|upkeep\n|turn|14\n|\n|t:|1700273827\n|switch|p2a: Rotom|Rotom-Wash|79\/100\n|move|p1a: Corviknight|Body Press|p2a: Rotom\n|-damage|p2a: Rotom|43\/100\n|\n|-heal|p2a: Rotom|49\/100|[from] item: Leftovers\n|upkeep\n|turn|15\n|\n|t:|1700273835\n|switch|p1a: Thundurus|Thundurus-Therian, M|15\/100 brn\n|move|p2a: Rotom|Hydro Pump|p1a: Thundurus\n|-crit|p1a: Thundurus\n|-damage|p1a: Thundurus|0 fnt\n|faint|p1a: Thundurus\n|\n|-heal|p2a: Rotom|56\/100|[from] item: Leftovers\n|upkeep\n|\n|t:|1700273843\n|switch|p1a: Grimmsnarl|Grimmsnarl, M|17\/100 psn\n|turn|16\n|\n|t:|1700273846\n|move|p1a: Grimmsnarl|Light Screen|p1a: Grimmsnarl\n|-sidestart|p1: Drifty3.4|move: Light Screen\n|move|p2a: Rotom|Volt Switch|p1a: Grimmsnarl\n|-damage|p1a: Grimmsnarl|5\/100 psn\n|\n|t:|1700273852\n|switch|p2a: Salamence|Salamence, M|100\/100|[from] Volt Switch\n|\n|-damage|p1a: Grimmsnarl|0 fnt|[from] psn\n|faint|p1a: Grimmsnarl\n|upkeep\n|\n|t:|1700273861\n|switch|p1a: Hatterene|Hatterene, F, tera:Water|82\/100\n|turn|17\n|\n|t:|1700273869\n|-terastallize|p2a: Salamence|Fire\n|move|p2a: Salamence|Dragon Dance|p2a: Salamence\n|-boost|p2a: Salamence|atk|1\n|-boost|p2a: Salamence|spe|1\n|move|p1a: Hatterene|Draining Kiss|p2a: Salamence\n|-resisted|p2a: Salamence\n|-damage|p2a: Salamence|85\/100\n|-heal|p1a: Hatterene|94\/100|[from] drain|[of] p2a: Salamence\n|\n|upkeep\n|turn|18\n|\n|t:|1700273879\n|switch|p1a: Corviknight|Corviknight, M|93\/100\n|-ability|p1a: Corviknight|Pressure\n|move|p2a: Salamence|Dragon Dance|p2a: Salamence\n|-boost|p2a: Salamence|atk|1\n|-boost|p2a: Salamence|spe|1\n|\n|upkeep\n|turn|19\n|\n|t:|1700273886\n|move|p2a: Salamence|Tera Blast|p1a: Corviknight|[anim] Tera Blast Fire\n|-supereffective|p1a: Corviknight\n|-damage|p1a: Corviknight|0 fnt\n|faint|p1a: Corviknight\n|-ability|p2a: Salamence|Moxie|boost\n|-boost|p2a: Salamence|atk|1\n|\n|upkeep\n|\n|t:|1700273892\n|switch|p1a: Dragonite|Dragonite, F|100\/100\n|turn|20\n|\n|t:|1700273895\n|move|p2a: Salamence|Dragon Claw|p1a: Dragonite\n|-supereffective|p1a: Dragonite\n|-damage|p1a: Dragonite|0 fnt\n|faint|p1a: Dragonite\n|-ability|p2a: Salamence|Moxie|boost\n|-boost|p2a: Salamence|atk|1\n|\n|upkeep\n|-message|Drifty3.4 forfeited.\n|\n|win|Poison Ivy Thorns\n|raw|Drifty3.4's rating: 1241 &rarr; <strong>1223<\/strong><br \/>(-18 for losing)\n|raw|Poison Ivy Thorns's rating: 1338 &rarr; <strong>1353<\/strong><br \/>(+15 for winning)\n|l|\u2606Drifty3.4\n","uploadtime":1700273904,"views":29,"p1id":"drifty34","p2id":"poisonivythorns","formatid":"gen9ou","rating":1223,"private":0,"password":""}