{"id":"gen9ou-1996660025","p1":"TheoneandOri","p2":"Thehombre","format":"[Gen 9] OU","log":"|j|\u2606TheoneandOri\n|j|\u2606Thehombre\n|t:|1700706370\n|gametype|singles\n|player|p1|TheoneandOri|pokemonbreeder-gen4|1146\n|player|p2|Thehombre|265|1133\n|teamsize|p1|6\n|teamsize|p2|6\n|gen|9\n|tier|[Gen 9] OU\n|rated|\n|rule|Sleep Clause Mod: Limit one foe put to sleep\n|rule|Species Clause: Limit one of each Pok\u00e9mon\n|rule|OHKO Clause: OHKO moves are banned\n|rule|Evasion Items Clause: Evasion items are banned\n|rule|Evasion Moves Clause: Evasion moves are banned\n|rule|Endless Battle Clause: Forcing endless battles is banned\n|rule|HP Percentage Mod: HP is shown in percentages\n|clearpoke\n|poke|p1|Ursaluna, F|\n|poke|p1|Eelektross, M|\n|poke|p1|Glimmora, F|\n|poke|p1|Kommo-o, F|\n|poke|p1|Meowscarada, M|\n|poke|p1|Ninetales-Alola, F|\n|poke|p2|Sinistcha|\n|poke|p2|Masquerain, M|\n|poke|p2|Okidogi, M|\n|poke|p2|Heatran, M|\n|poke|p2|Jirachi|\n|poke|p2|Torterra, M|\n|teampreview\n|inactive|Battle timer is ON: inactive players will automatically lose when time's up. (requested by Thehombre)\n|\n|t:|1700706374\n|start\n|switch|p1a: Glimmora|Glimmora, F|100\/100\n|switch|p2a: Masquerain|Masquerain, M|100\/100\n|-ability|p2a: Masquerain|Intimidate|boost\n|-unboost|p1a: Glimmora|atk|1\n|turn|1\n|\n|t:|1700706385\n|move|p1a: Glimmora|Power Gem|p2a: Masquerain\n|-supereffective|p2a: Masquerain\n|-enditem|p2a: Masquerain|Focus Sash\n|-damage|p2a: Masquerain|1\/100\n|move|p2a: Masquerain|Sticky Web|p1a: Glimmora\n|-sidestart|p1: TheoneandOri|move: Sticky Web\n|\n|upkeep\n|turn|2\n|\n|t:|1700706392\n|switch|p2a: Sinistcha|Sinistcha|100\/100\n|move|p1a: Glimmora|Power Gem|p2a: Sinistcha\n|-damage|p2a: Sinistcha|50\/100\n|\n|-heal|p2a: Sinistcha|56\/100|[from] item: Leftovers\n|upkeep\n|turn|3\n|\n|t:|1700706399\n|move|p1a: Glimmora|Sludge Bomb|p2a: Sinistcha\n|-damage|p2a: Sinistcha|5\/100\n|-status|p2a: Sinistcha|psn\n|move|p2a: Sinistcha|Matcha Gotcha|p1a: Glimmora\n|-damage|p1a: Glimmora|46\/100\n|-heal|p2a: Sinistcha|29\/100 psn|[from] drain|[of] p1a: Glimmora\n|\n|-heal|p2a: Sinistcha|35\/100 psn|[from] item: Leftovers\n|-damage|p2a: Sinistcha|23\/100 psn|[from] psn\n|upkeep\n|turn|4\n|\n|t:|1700706410\n|move|p1a: Glimmora|Sludge Bomb|p2a: Sinistcha\n|-damage|p2a: Sinistcha|0 fnt\n|faint|p2a: Sinistcha\n|\n|upkeep\n|\n|t:|1700706415\n|switch|p2a: Jirachi|Jirachi|100\/100\n|turn|5\n|\n|t:|1700706420\n|move|p2a: Jirachi|Flash Cannon|p1a: Glimmora\n|-supereffective|p1a: Glimmora\n|-crit|p1a: Glimmora\n|-damage|p1a: Glimmora|0 fnt\n|faint|p1a: Glimmora\n|\n|upkeep\n|inactive|TheoneandOri has 120 seconds left.\n|\n|t:|1700706466\n|switch|p1a: Ursaluna|Ursaluna, F|100\/100\n|-activate|p1a: Ursaluna|move: Sticky Web\n|-unboost|p1a: Ursaluna|spe|1\n|turn|6\n|\n|t:|1700706474\n|switch|p2a: Masquerain|Masquerain, M|1\/100\n|-ability|p2a: Masquerain|Intimidate|boost\n|-unboost|p1a: Ursaluna|atk|1\n|move|p1a: Ursaluna|Earthquake|p2a: Masquerain\n|-immune|p2a: Masquerain\n|\n|-status|p1a: Ursaluna|brn|[from] item: Flame Orb\n|upkeep\n|turn|7\n|\n|t:|1700706480\n|move|p2a: Masquerain|Ice Beam|p1a: Ursaluna\n|-supereffective|p1a: Ursaluna\n|-damage|p1a: Ursaluna|47\/100 brn\n|move|p1a: Ursaluna|Trailblaze|p2a: Masquerain\n|-resisted|p2a: Masquerain\n|-damage|p2a: Masquerain|0 fnt\n|-boost|p1a: Ursaluna|spe|1\n|faint|p2a: Masquerain\n|\n|-damage|p1a: Ursaluna|41\/100 brn|[from] brn\n|upkeep\n|\n|t:|1700706501\n|switch|p2a: Jirachi|Jirachi|100\/100\n|turn|8\n|inactive|TheoneandOri has 120 seconds left.\n|\n|t:|1700706520\n|move|p2a: Jirachi|Flash Cannon|p1a: Ursaluna\n|-damage|p1a: Ursaluna|9\/100 brn\n|move|p1a: Ursaluna|Earthquake|p2a: Jirachi\n|-supereffective|p2a: Jirachi\n|-damage|p2a: Jirachi|0 fnt\n|faint|p2a: Jirachi\n|\n|-damage|p1a: Ursaluna|3\/100 brn|[from] brn\n|upkeep\n|\n|t:|1700706527\n|switch|p2a: Torterra|Torterra, M|100\/100\n|turn|9\n|\n|t:|1700706530\n|move|p2a: Torterra|Shell Smash|p2a: Torterra\n|-unboost|p2a: Torterra|def|1\n|-unboost|p2a: Torterra|spd|1\n|-boost|p2a: Torterra|atk|2\n|-boost|p2a: Torterra|spa|2\n|-boost|p2a: Torterra|spe|2\n|move|p1a: Ursaluna|Trailblaze|p2a: Torterra\n|-damage|p2a: Torterra|69\/100\n|-boost|p1a: Ursaluna|spe|1\n|\n|-damage|p1a: Ursaluna|0 fnt|[from] brn\n|faint|p1a: Ursaluna\n|upkeep\n|inactive|TheoneandOri has 120 seconds left.\n|\n|t:|1700706566\n|switch|p1a: Meowscarada|Meowscarada, M|100\/100\n|-activate|p1a: Meowscarada|move: Sticky Web\n|-unboost|p1a: Meowscarada|spe|1\n|turn|10\n|\n|t:|1700706571\n|move|p2a: Torterra|Rock Slide|p1a: Meowscarada\n|-damage|p1a: Meowscarada|25\/100\n|cant|p1a: Meowscarada|flinch\n|\n|upkeep\n|turn|11\n|inactive|TheoneandOri has 120 seconds left.\n|\n|t:|1700706579\n|move|p2a: Torterra|Seed Bomb|p1a: Meowscarada\n|-resisted|p1a: Meowscarada\n|-damage|p1a: Meowscarada|0 fnt\n|faint|p1a: Meowscarada\n|\n|upkeep\n|\n|t:|1700706583\n|switch|p1a: Ninetales|Ninetales-Alola, F|100\/100\n|-activate|p1a: Ninetales|move: Sticky Web\n|-unboost|p1a: Ninetales|spe|1\n|-weather|Snow|[from] ability: Snow Warning|[of] p1a: Ninetales\n|turn|12\n|\n|t:|1700706587\n|move|p2a: Torterra|Rock Slide|p1a: Ninetales\n|-supereffective|p1a: Ninetales\n|-damage|p1a: Ninetales|0 fnt\n|faint|p1a: Ninetales\n|\n|-weather|Snow|[upkeep]\n|upkeep\n|\n|t:|1700706590\n|switch|p1a: Eelektross|Eelektross, M|100\/100\n|turn|13\n|\n|t:|1700706596\n|move|p2a: Torterra|Seed Bomb|p1a: Eelektross\n|-damage|p1a: Eelektross|4\/100\n|-enditem|p1a: Eelektross|Aguav Berry|[eat]\n|-heal|p1a: Eelektross|37\/100|[from] item: Aguav Berry\n|move|p1a: Eelektross|Coil|p1a: Eelektross\n|-boost|p1a: Eelektross|atk|1\n|-boost|p1a: Eelektross|def|1\n|-boost|p1a: Eelektross|accuracy|1\n|\n|-weather|Snow|[upkeep]\n|upkeep\n|turn|14\n|\n|t:|1700706600\n|move|p2a: Torterra|Seed Bomb|p1a: Eelektross\n|-damage|p1a: Eelektross|0 fnt\n|faint|p1a: Eelektross\n|\n|-weather|Snow|[upkeep]\n|upkeep\n|\n|t:|1700706603\n|switch|p1a: Kommo-o|Kommo-o, F|100\/100\n|-activate|p1a: Kommo-o|move: Sticky Web\n|-unboost|p1a: Kommo-o|spe|1\n|turn|15\n|\n|t:|1700706610\n|-terastallize|p1a: Kommo-o|Steel\n|move|p2a: Torterra|Earthquake|p1a: Kommo-o\n|-supereffective|p1a: Kommo-o\n|-damage|p1a: Kommo-o|0 fnt\n|faint|p1a: Kommo-o\n|\n|win|Thehombre\n|raw|TheoneandOri's rating: 1146 &rarr; <strong>1120<\/strong><br \/>(-26 for losing)\n|raw|Thehombre's rating: 1133 &rarr; <strong>1159<\/strong><br \/>(+26 for winning)\n","uploadtime":1700706616,"views":2,"p1id":"theoneandori","p2id":"thehombre","formatid":"gen9ou","rating":1120,"private":0,"password":""}