{"id":"gen9ou-1996186444","p1":"darthdecidui","p2":"Miku Nakano ily","format":"[Gen 9] OU","log":"|j|\u2606darthdecidui\n|j|\u2606Miku Nakano ily\n|inactive|Battle timer is ON: inactive players will automatically lose when time's up.\n|t:|1700656632\n|gametype|singles\n|player|p1|darthdecidui|giovanni|\n|player|p2|Miku Nakano ily|red|\n|teamsize|p1|6\n|teamsize|p2|6\n|gen|9\n|tier|[Gen 9] OU\n|rated|Tournament battle\n|rule|Sleep Clause Mod: Limit one foe put to sleep\n|rule|Species Clause: Limit one of each Pok\u00e9mon\n|rule|OHKO Clause: OHKO moves are banned\n|rule|Evasion Items Clause: Evasion items are banned\n|rule|Evasion Moves Clause: Evasion moves are banned\n|rule|Endless Battle Clause: Forcing endless battles is banned\n|rule|HP Percentage Mod: HP is shown in percentages\n|clearpoke\n|poke|p1|Salazzle, F|\n|poke|p1|Rotom-Wash|\n|poke|p1|Hypno, F|\n|poke|p1|Samurott-Hisui, M|\n|poke|p1|Floatzel, M|\n|poke|p1|Ceruledge, F|\n|poke|p2|Salazzle, F|\n|poke|p2|Rotom|\n|poke|p2|Hypno, M|\n|poke|p2|Samurott-Hisui, F|\n|poke|p2|Floatzel, F|\n|poke|p2|Ceruledge, M|\n|teampreview\n|j|*Lady Monita \u2746\n|inactive|Miku Nakano ily also wants the timer to be on.\n|j| mexicanpasta\n|c|\u2606Miku Nakano ily|hf\n|j| T.G.W Galladee\n|c|\u2606darthdecidui|good luck\n|l| mexicanpasta\n|c|\u2606Miku Nakano ily|i forgot I can change rotom forms\n|j| mexicanpasta\n|c|\u2606Miku Nakano ily|lmao\n|\n|t:|1700656657\n|start\n|switch|p1a: Samurott|Samurott-Hisui, M|100\/100\n|switch|p2a: Salazzle|Salazzle, F|100\/100\n|turn|1\n|c|\u2606darthdecidui|Even though you changed Samurott forms XD\n|c|\u2606Miku Nakano ily|ikr\n|\n|t:|1700656675\n|move|p2a: Salazzle|Substitute|p2a: Salazzle\n|-start|p2a: Salazzle|Substitute\n|-damage|p2a: Salazzle|76\/100\n|move|p1a: Samurott|Aqua Cutter|p2a: Salazzle\n|-supereffective|p2a: Salazzle\n|-end|p2a: Salazzle|Substitute\n|\n|-heal|p2a: Salazzle|82\/100|[from] item: Leftovers\n|upkeep\n|turn|2\n|c| T.G.W Galladee|gl boys\n|\n|t:|1700656683\n|move|p2a: Salazzle|Protect|p2a: Salazzle\n|-singleturn|p2a: Salazzle|Protect\n|move|p1a: Samurott|Aqua Cutter|p2a: Salazzle\n|-activate|p2a: Salazzle|move: Protect\n|\n|-heal|p2a: Salazzle|88\/100|[from] item: Leftovers\n|upkeep\n|turn|3\n|\n|t:|1700656691\n|move|p2a: Salazzle|Substitute|p2a: Salazzle\n|-start|p2a: Salazzle|Substitute\n|-damage|p2a: Salazzle|63\/100\n|move|p1a: Samurott|Aqua Cutter|p2a: Salazzle\n|-supereffective|p2a: Salazzle\n|-end|p2a: Salazzle|Substitute\n|\n|-heal|p2a: Salazzle|70\/100|[from] item: Leftovers\n|upkeep\n|turn|4\n|\n|t:|1700656700\n|move|p2a: Salazzle|Protect|p2a: Salazzle\n|-singleturn|p2a: Salazzle|Protect\n|move|p1a: Samurott|Swords Dance|p1a: Samurott\n|-boost|p1a: Samurott|atk|2\n|\n|-heal|p2a: Salazzle|76\/100|[from] item: Leftovers\n|upkeep\n|turn|5\n|\n|t:|1700656711\n|move|p2a: Salazzle|Substitute|p2a: Salazzle\n|-start|p2a: Salazzle|Substitute\n|-damage|p2a: Salazzle|51\/100\n|move|p1a: Samurott|Aqua Cutter|p2a: Salazzle\n|-supereffective|p2a: Salazzle\n|-end|p2a: Salazzle|Substitute\n|\n|-heal|p2a: Salazzle|57\/100|[from] item: Leftovers\n|upkeep\n|turn|6\n|j| dgzdr\n|l| dgzdr\n|\n|t:|1700656721\n|move|p2a: Salazzle|Protect|p2a: Salazzle\n|-singleturn|p2a: Salazzle|Protect\n|move|p1a: Samurott|Aqua Cutter|p2a: Salazzle\n|-activate|p2a: Salazzle|move: Protect\n|\n|-heal|p2a: Salazzle|63\/100|[from] item: Leftovers\n|upkeep\n|turn|7\n|\n|t:|1700656729\n|move|p2a: Salazzle|Substitute|p2a: Salazzle\n|-start|p2a: Salazzle|Substitute\n|-damage|p2a: Salazzle|39\/100\n|move|p1a: Samurott|Ceaseless Edge|p2a: Salazzle\n|-crit|p2a: Salazzle\n|-end|p2a: Salazzle|Substitute\n|-sidestart|p2: Miku Nakano ily|Spikes\n|\n|-heal|p2a: Salazzle|45\/100|[from] item: Leftovers\n|upkeep\n|turn|8\n|\n|t:|1700656737\n|move|p2a: Salazzle|Substitute|p2a: Salazzle\n|-start|p2a: Salazzle|Substitute\n|-damage|p2a: Salazzle|20\/100\n|move|p1a: Samurott|Swords Dance|p1a: Samurott\n|-boost|p1a: Samurott|atk|2\n|\n|-heal|p2a: Salazzle|26\/100|[from] item: Leftovers\n|upkeep\n|turn|9\n|\n|t:|1700656744\n|move|p2a: Salazzle|Toxic|p1a: Samurott\n|-status|p1a: Samurott|tox\n|move|p1a: Samurott|Ceaseless Edge|p2a: Salazzle\n|-end|p2a: Salazzle|Substitute\n|-sidestart|p2: Miku Nakano ily|Spikes\n|\n|-heal|p2a: Salazzle|32\/100|[from] item: Leftovers\n|-damage|p1a: Samurott|94\/100 tox|[from] psn\n|upkeep\n|turn|10\n|\n|t:|1700656753\n|move|p2a: Salazzle|Protect|p2a: Salazzle\n|-singleturn|p2a: Salazzle|Protect\n|move|p1a: Samurott|Ceaseless Edge|p2a: Salazzle\n|-activate|p2a: Salazzle|move: Protect\n|\n|-heal|p2a: Salazzle|39\/100|[from] item: Leftovers\n|-damage|p1a: Samurott|82\/100 tox|[from] psn\n|upkeep\n|turn|11\n|\n|t:|1700656761\n|move|p2a: Salazzle|Substitute|p2a: Salazzle\n|-start|p2a: Salazzle|Substitute\n|-damage|p2a: Salazzle|14\/100\n|move|p1a: Samurott|Ceaseless Edge|p2a: Salazzle\n|-end|p2a: Salazzle|Substitute\n|-sidestart|p2: Miku Nakano ily|Spikes\n|\n|-heal|p2a: Salazzle|20\/100|[from] item: Leftovers\n|-damage|p1a: Samurott|63\/100 tox|[from] psn\n|upkeep\n|turn|12\n|c|\u2606darthdecidui|Well isn't this a fun set to verse lol\n|\n|t:|1700656776\n|move|p2a: Salazzle|Protect|p2a: Salazzle\n|-singleturn|p2a: Salazzle|Protect\n|move|p1a: Samurott|Ceaseless Edge|p2a: Salazzle\n|-activate|p2a: Salazzle|move: Protect\n|\n|-heal|p2a: Salazzle|26\/100|[from] item: Leftovers\n|-damage|p1a: Samurott|38\/100 tox|[from] psn\n|upkeep\n|turn|13\n|c|\u2606Miku Nakano ily|true I'm sorry\n|\n|t:|1700656786\n|move|p2a: Salazzle|Substitute|p2a: Salazzle\n|-start|p2a: Salazzle|Substitute\n|-damage|p2a: Salazzle|1\/100\n|move|p1a: Samurott|Ceaseless Edge|p2a: Salazzle\n|-end|p2a: Salazzle|Substitute\n|\n|-heal|p2a: Salazzle|8\/100|[from] item: Leftovers\n|-damage|p1a: Samurott|7\/100 tox|[from] psn\n|upkeep\n|turn|14\n|\n|t:|1700656794\n|move|p2a: Salazzle|Protect|p2a: Salazzle\n|-singleturn|p2a: Salazzle|Protect\n|move|p1a: Samurott|Aqua Cutter|p2a: Salazzle\n|-activate|p2a: Salazzle|move: Protect\n|\n|-heal|p2a: Salazzle|14\/100|[from] item: Leftovers\n|-damage|p1a: Samurott|0 fnt|[from] psn\n|faint|p1a: Samurott\n|upkeep\n|c|\u2606darthdecidui|All's fair in love and war\n|\n|t:|1700656803\n|switch|p1a: Floatzel|Floatzel, M|100\/100\n|turn|15\n|\n|t:|1700656809\n|move|p2a: Salazzle|Toxic|p1a: Floatzel\n|-status|p1a: Floatzel|tox\n|move|p1a: Floatzel|Flip Turn|p2a: Salazzle\n|-supereffective|p2a: Salazzle\n|-damage|p2a: Salazzle|0 fnt\n|faint|p2a: Salazzle\n|\n|t:|1700656816\n|switch|p1a: Hypno|Hypno, F|100\/100|[from] Flip Turn\n|\n|upkeep\n|\n|t:|1700656819\n|switch|p2a: Hypno|Hypno, M|100\/100\n|-damage|p2a: Hypno|76\/100|[from] Spikes\n|turn|16\n|\n|t:|1700656828\n|move|p2a: Hypno|Light Screen|p2a: Hypno\n|-sidestart|p2: Miku Nakano ily|move: Light Screen\n|move|p1a: Hypno|Light Screen|p1a: Hypno\n|-sidestart|p1: darthdecidui|move: Light Screen\n|\n|upkeep\n|turn|17\n|\n|t:|1700656832\n|move|p2a: Hypno|Encore|p1a: Hypno\n|-start|p1a: Hypno|Encore\n|move|p1a: Hypno|Light Screen||[still]\n|-fail|p1a: Hypno\n|\n|upkeep\n|turn|18\n|\n|t:|1700656839\n|switch|p1a: Ceruledge|Ceruledge, F|100\/100\n|move|p2a: Hypno|Reflect|p2a: Hypno\n|-sidestart|p2: Miku Nakano ily|Reflect\n|\n|upkeep\n|turn|19\n|\n|t:|1700656844\n|move|p1a: Ceruledge|Swords Dance|p1a: Ceruledge\n|-boost|p1a: Ceruledge|atk|2\n|move|p2a: Hypno|Hypnosis|p1a: Ceruledge|[miss]\n|-miss|p2a: Hypno|p1a: Ceruledge\n|\n|upkeep\n|turn|20\n|l| mexicanpasta\n|\n|t:|1700656852\n|move|p1a: Ceruledge|Shadow Sneak|p2a: Hypno\n|-supereffective|p2a: Hypno\n|-damage|p2a: Hypno|9\/100\n|-damage|p1a: Ceruledge|91\/100|[from] item: Life Orb\n|move|p2a: Hypno|Hypnosis|p1a: Ceruledge\n|-status|p1a: Ceruledge|slp|[from] move: Hypnosis\n|\n|upkeep\n|turn|21\n|\n|t:|1700656863\n|switch|p2a: Floatzel|Floatzel, F|100\/100\n|-damage|p2a: Floatzel|76\/100|[from] Spikes\n|cant|p1a: Ceruledge|slp\n|\n|upkeep\n|turn|22\n|\n|t:|1700656870\n|-curestatus|p1a: Ceruledge|slp|[msg]\n|move|p1a: Ceruledge|Shadow Sneak|p2a: Floatzel\n|-damage|p2a: Floatzel|28\/100\n|-damage|p1a: Ceruledge|81\/100|[from] item: Life Orb\n|move|p2a: Floatzel|Wave Crash|p1a: Ceruledge\n|-supereffective|p1a: Ceruledge\n|-damage|p1a: Ceruledge|0 fnt\n|faint|p1a: Ceruledge\n|-damage|p2a: Floatzel|3\/100|[from] Recoil\n|\n|upkeep\n|\n|t:|1700656887\n|switch|p1a: Floatzel|Floatzel, M|100\/100 tox\n|turn|23\n|\n|t:|1700656893\n|move|p1a: Floatzel|Flip Turn|p2a: Floatzel\n|-resisted|p2a: Floatzel\n|-damage|p2a: Floatzel|0 fnt\n|faint|p2a: Floatzel\n|\n|t:|1700656901\n|switch|p1a: Rotom|Rotom-Wash|100\/100|[from] Flip Turn\n|\n|-sideend|p2: Miku Nakano ily|move: Light Screen\n|-sideend|p1: darthdecidui|move: Light Screen\n|upkeep\n|j| lloydninja\n|\n|t:|1700656911\n|switch|p2a: Rotom|Rotom|100\/100\n|turn|24\n|\n|t:|1700656919\n|move|p2a: Rotom|Thunderbolt|p1a: Rotom\n|-damage|p1a: Rotom|54\/100\n|move|p1a: Rotom|Will-O-Wisp|p2a: Rotom\n|-status|p2a: Rotom|brn\n|\n|-damage|p2a: Rotom|94\/100 brn|[from] brn\n|upkeep\n|turn|25\n|c|\u2606darthdecidui|Also, I agree with you, Miku is best girl\n|\n|t:|1700656934\n|move|p2a: Rotom|Volt Switch|p1a: Rotom\n|-damage|p1a: Rotom|11\/100\n|c|\u2606Miku Nakano ily|king\n|\n|t:|1700656939\n|switch|p2a: Hypno|Hypno, M|9\/100|[from] Volt Switch\n|-damage|p2a: Hypno|0 fnt|[from] Spikes\n|faint|p2a: Hypno\n|move|p1a: Rotom|Hex|p2: Hypno|[notarget]\n|-fail|p1a: Rotom\n|\n|-sideend|p2: Miku Nakano ily|Reflect\n|upkeep\n|\n|t:|1700656952\n|switch|p2a: Rotom|Rotom|94\/100 brn\n|turn|26\n|\n|t:|1700656956\n|move|p2a: Rotom|Thunderbolt|p1a: Rotom\n|-damage|p1a: Rotom|0 fnt\n|faint|p1a: Rotom\n|\n|-heal|p2a: Rotom|100\/100 brn|[from] item: Leftovers\n|-damage|p2a: Rotom|94\/100 brn|[from] brn\n|upkeep\n|c|\u2606darthdecidui|This is actually really even\n|\n|t:|1700656966\n|switch|p1a: Floatzel|Floatzel, M|100\/100 tox\n|turn|27\n|\n|t:|1700656975\n|-terastallize|p1a: Floatzel|Water\n|move|p1a: Floatzel|Wave Crash|p2a: Rotom\n|-damage|p2a: Rotom|0 fnt\n|faint|p2a: Rotom\n|-damage|p1a: Floatzel|76\/100 tox|[from] Recoil\n|\n|-damage|p1a: Floatzel|70\/100 tox|[from] psn\n|upkeep\n|\n|t:|1700656981\n|switch|p2a: Samurott|Samurott-Hisui, F|100\/100\n|-damage|p2a: Samurott|76\/100|[from] Spikes\n|turn|28\n|\n|t:|1700656985\n|move|p1a: Floatzel|Wave Crash|p2a: Samurott\n|-resisted|p2a: Samurott\n|-damage|p2a: Samurott|5\/100\n|-damage|p1a: Floatzel|46\/100 tox|[from] Recoil\n|move|p2a: Samurott|Ceaseless Edge|p1a: Floatzel|[miss]\n|-miss|p2a: Samurott|p1a: Floatzel\n|\n|-damage|p1a: Floatzel|34\/100 tox|[from] psn\n|upkeep\n|turn|29\n|\n|t:|1700656994\n|move|p1a: Floatzel|Wave Crash|p2a: Samurott\n|-resisted|p2a: Samurott\n|-damage|p2a: Samurott|0 fnt\n|faint|p2a: Samurott\n|-damage|p1a: Floatzel|33\/100 tox|[from] Recoil\n|\n|-damage|p1a: Floatzel|14\/100 tox|[from] psn\n|upkeep\n|c| T.G.W Galladee|uf\n|c|\u2606Miku Nakano ily|ouch\n|\n|t:|1700656998\n|switch|p2a: Ceruledge|Ceruledge, M|100\/100\n|turn|30\n|c|\u2606darthdecidui|That miss mattered\n|\n|t:|1700657004\n|move|p2a: Ceruledge|Shadow Sneak|p1a: Floatzel\n|-damage|p1a: Floatzel|0 fnt\n|faint|p1a: Floatzel\n|\n|upkeep\n|\n|t:|1700657012\n|switch|p1a: Salazzle|Salazzle, F|100\/100\n|turn|31\n|\n|t:|1700657022\n|move|p1a: Salazzle|Fire Lash|p2a: Ceruledge\n|-resisted|p2a: Ceruledge\n|-damage|p2a: Ceruledge|80\/100\n|-unboost|p2a: Ceruledge|def|1\n|-ability|p2a: Ceruledge|Weak Armor|boost\n|-unboost|p2a: Ceruledge|def|1\n|-boost|p2a: Ceruledge|spe|2\n|move|p2a: Ceruledge|Poltergeist|p1a: Salazzle\n|-activate|p1a: Salazzle|move: Poltergeist|Leftovers\n|-damage|p1a: Salazzle|0 fnt\n|faint|p1a: Salazzle\n|\n|upkeep\n|\n|t:|1700657034\n|switch|p1a: Hypno|Hypno, F|100\/100\n|turn|32\n|c|\u2606darthdecidui|Yeah, gg\n|c|\u2606Miku Nakano ily|gg\n|\n|t:|1700657041\n|move|p2a: Ceruledge|Poltergeist|p1a: Hypno|[miss]\n|-miss|p2a: Ceruledge|p1a: Hypno\n|move|p1a: Hypno|Stored Power|p2a: Ceruledge\n|-damage|p2a: Ceruledge|69\/100\n|\n|upkeep\n|turn|33\n|j| poketough\n|\n|t:|1700657048\n|move|p2a: Ceruledge|Poltergeist|p1a: Hypno\n|-activate|p1a: Hypno|move: Poltergeist|Light Clay\n|-supereffective|p1a: Hypno\n|-damage|p1a: Hypno|0 fnt\n|faint|p1a: Hypno\n|\n|win|Miku Nakano ily\n|n|\u2606darthdecidui|darthdecidui\n|n|\u2606Miku Nakano ily|mikunakanoily\n|n|*Lady Monita \u2746|ladymonita\n|n| T.G.W Galladee|tgwgalladee\n|n| lloydninja|lloydninja\n|n| poketough|poketough\n","uploadtime":1700657049,"views":0,"p1id":"darthdecidui","p2id":"mikunakanoily","formatid":"gen9ou","rating":0,"private":0,"password":""}