{"id":"gen9ou-1991541980","p1":"alt no. 597","p2":"Jeanmilapipe","format":"[Gen 9] OU","log":"|j|\u2606alt no. 597\n|j|\u2606Jeanmilapipe\n|t:|1700086587\n|gametype|singles\n|player|p1|alt no. 597|acetrainersnowf|1692\n|player|p2|Jeanmilapipe|n|1739\n|teamsize|p1|6\n|teamsize|p2|6\n|gen|9\n|tier|[Gen 9] OU\n|rated|\n|rule|Sleep Clause Mod: Limit one foe put to sleep\n|rule|Species Clause: Limit one of each Pok\u00e9mon\n|rule|OHKO Clause: OHKO moves are banned\n|rule|Evasion Items Clause: Evasion items are banned\n|rule|Evasion Moves Clause: Evasion moves are banned\n|rule|Endless Battle Clause: Forcing endless battles is banned\n|rule|HP Percentage Mod: HP is shown in percentages\n|clearpoke\n|poke|p1|Clefable, F|\n|poke|p1|Rillaboom, F|\n|poke|p1|Heatran, M|\n|poke|p1|Great Tusk|\n|poke|p1|Dragapult, F|\n|poke|p1|Kingambit, F|\n|poke|p2|Ceruledge, M|\n|poke|p2|Ogerpon-Wellspring, F|\n|poke|p2|Haxorus, F|\n|poke|p2|Zapdos|\n|poke|p2|Cinderace, F|\n|poke|p2|Iron Valiant|\n|teampreview\n|j| MarburgCOVEbola\n|\n|t:|1700086633\n|start\n|switch|p1a: Heatran|Heatran, M|100\/100\n|switch|p2a: Ogerpon|Ogerpon-Wellspring, F|100\/100\n|-item|p1a: Heatran|Air Balloon\n|turn|1\n|\n|t:|1700086640\n|switch|p1a: Rillaboom|Rillaboom, F|100\/100\n|-fieldstart|move: Grassy Terrain|[from] ability: Grassy Surge|[of] p1a: Rillaboom\n|move|p2a: Ogerpon|Ivy Cudgel|p1a: Rillaboom|[anim] Ivy Cudgel Water\n|-resisted|p1a: Rillaboom\n|-damage|p1a: Rillaboom|72\/100\n|\n|-heal|p1a: Rillaboom|78\/100|[from] Grassy Terrain\n|upkeep\n|turn|2\n|\n|t:|1700086654\n|switch|p2a: Iron Valiant|Iron Valiant|100\/100\n|move|p1a: Rillaboom|U-turn|p2a: Iron Valiant\n|-resisted|p2a: Iron Valiant\n|-damage|p2a: Iron Valiant|89\/100\n|\n|t:|1700086660\n|switch|p1a: Clefable|Clefable, F|100\/100|[from] U-turn\n|\n|-heal|p2a: Iron Valiant|95\/100|[from] Grassy Terrain\n|upkeep\n|turn|3\n|\n|t:|1700086674\n|-end|p2a: Iron Valiant|Quark Drive|[silent]\n|switch|p2a: Ogerpon|Ogerpon-Wellspring, F|100\/100\n|move|p1a: Clefable|Thunder Wave|p2a: Ogerpon\n|-status|p2a: Ogerpon|par\n|\n|upkeep\n|turn|4\n|\n|t:|1700086684\n|switch|p1a: Rillaboom|Rillaboom, F|78\/100\n|move|p2a: Ogerpon|Ivy Cudgel|p1a: Rillaboom|[anim] Ivy Cudgel Water\n|-resisted|p1a: Rillaboom\n|-damage|p1a: Rillaboom|46\/100\n|\n|-heal|p1a: Rillaboom|52\/100|[from] Grassy Terrain\n|upkeep\n|turn|5\n|j| Meelll0\n|\n|t:|1700086696\n|switch|p2a: Zapdos|Zapdos|100\/100\n|move|p1a: Rillaboom|U-turn|p2a: Zapdos\n|-resisted|p2a: Zapdos\n|-damage|p2a: Zapdos|86\/100\n|\n|t:|1700086703\n|switch|p1a: Heatran|Heatran, M|100\/100|[from] U-turn\n|-item|p1a: Heatran|Air Balloon\n|\n|-fieldend|move: Grassy Terrain\n|upkeep\n|turn|6\n|\n|t:|1700086710\n|move|p2a: Zapdos|U-turn|p1a: Heatran\n|-resisted|p1a: Heatran\n|-damage|p1a: Heatran|98\/100\n|-enditem|p1a: Heatran|Air Balloon\n|j| Joltinjoe18\n|\n|t:|1700086714\n|switch|p2a: Ogerpon|Ogerpon-Wellspring, F|100\/100 par|[from] U-turn\n|move|p1a: Heatran|Stealth Rock|p2a: Ogerpon\n|-sidestart|p2: Jeanmilapipe|move: Stealth Rock\n|\n|upkeep\n|turn|7\n|\n|t:|1700086725\n|switch|p1a: Clefable|Clefable, F|100\/100\n|move|p2a: Ogerpon|Ivy Cudgel|p1a: Clefable|[anim] Ivy Cudgel Water\n|-damage|p1a: Clefable|55\/100\n|\n|-heal|p1a: Clefable|61\/100|[from] item: Leftovers\n|upkeep\n|turn|8\n|j| iSHATKKw\n|\n|t:|1700086734\n|cant|p2a: Ogerpon|par\n|move|p1a: Clefable|Moonlight|p1a: Clefable\n|-heal|p1a: Clefable|100\/100\n|\n|upkeep\n|turn|9\n|\n|t:|1700086740\n|cant|p2a: Ogerpon|par\n|move|p1a: Clefable|Moonblast|p2a: Ogerpon\n|-damage|p2a: Ogerpon|65\/100 par\n|\n|upkeep\n|turn|10\n|\n|t:|1700086747\n|move|p2a: Ogerpon|Swords Dance|p2a: Ogerpon\n|-boost|p2a: Ogerpon|atk|2\n|move|p1a: Clefable|Moonblast|p2a: Ogerpon\n|-damage|p2a: Ogerpon|25\/100 par\n|-unboost|p2a: Ogerpon|spa|1\n|\n|upkeep\n|turn|11\n|\n|t:|1700086755\n|move|p2a: Ogerpon|Horn Leech|p1a: Clefable\n|-crit|p1a: Clefable\n|-damage|p1a: Clefable|0 fnt\n|-heal|p2a: Ogerpon|90\/100 par|[from] drain|[of] p1a: Clefable\n|faint|p1a: Clefable\n|\n|upkeep\n|\n|t:|1700086761\n|switch|p1a: Rillaboom|Rillaboom, F|52\/100\n|-fieldstart|move: Grassy Terrain|[from] ability: Grassy Surge|[of] p1a: Rillaboom\n|turn|12\n|\n|t:|1700086766\n|switch|p2a: Zapdos|Zapdos|86\/100\n|move|p1a: Rillaboom|Knock Off|p2a: Zapdos\n|-damage|p2a: Zapdos|50\/100\n|-enditem|p2a: Zapdos|Heavy-Duty Boots|[from] move: Knock Off|[of] p1a: Rillaboom\n|\n|-heal|p1a: Rillaboom|58\/100|[from] Grassy Terrain\n|upkeep\n|turn|13\n|\n|t:|1700086775\n|switch|p1a: Heatran|Heatran, M|98\/100\n|move|p2a: Zapdos|Roost|p2a: Zapdos\n|-heal|p2a: Zapdos|99\/100\n|-singleturn|p2a: Zapdos|move: Roost\n|\n|-heal|p2a: Zapdos|100\/100|[from] Grassy Terrain\n|-heal|p1a: Heatran|100\/100|[from] Grassy Terrain\n|upkeep\n|turn|14\n|j| MiniLarry\n|\n|t:|1700086785\n|move|p2a: Zapdos|U-turn|p1a: Heatran\n|-resisted|p1a: Heatran\n|-damage|p1a: Heatran|98\/100\n|\n|t:|1700086788\n|switch|p2a: Cinderace|Cinderace, F|100\/100|[from] U-turn\n|move|p1a: Heatran|Magma Storm|p2a: Cinderace\n|-resisted|p2a: Cinderace\n|-damage|p2a: Cinderace|70\/100\n|-activate|p2a: Cinderace|move: Magma Storm|[of] p1a: Heatran\n|\n|-heal|p2a: Cinderace|76\/100|[from] Grassy Terrain\n|-heal|p1a: Heatran|100\/100|[from] Grassy Terrain\n|-damage|p2a: Cinderace|63\/100|[from] move: Magma Storm|[partiallytrapped]\n|upkeep\n|turn|15\n|\n|t:|1700086800\n|move|p2a: Cinderace|U-turn|p1a: Heatran\n|-resisted|p1a: Heatran\n|-damage|p1a: Heatran|96\/100\n|\n|t:|1700086803\n|switch|p2a: Ogerpon|Ogerpon-Wellspring, F|90\/100 par|[from] U-turn\n|-damage|p2a: Ogerpon|78\/100 par|[from] Stealth Rock\n|move|p1a: Heatran|Stealth Rock||[still]\n|-fail|p1a: Heatran\n|\n|-heal|p1a: Heatran|100\/100|[from] Grassy Terrain\n|-heal|p2a: Ogerpon|84\/100 par|[from] Grassy Terrain\n|upkeep\n|turn|16\n|\n|t:|1700086814\n|switch|p1a: Rillaboom|Rillaboom, F|58\/100\n|cant|p2a: Ogerpon|par\n|\n|-heal|p1a: Rillaboom|64\/100|[from] Grassy Terrain\n|-heal|p2a: Ogerpon|90\/100 par|[from] Grassy Terrain\n|-fieldend|move: Grassy Terrain\n|upkeep\n|turn|17\n|\n|t:|1700086823\n|switch|p2a: Zapdos|Zapdos|100\/100\n|-damage|p2a: Zapdos|76\/100|[from] Stealth Rock\n|move|p1a: Rillaboom|U-turn|p2a: Zapdos\n|-resisted|p2a: Zapdos\n|-damage|p2a: Zapdos|61\/100\n|\n|t:|1700086827\n|switch|p1a: Dragapult|Dragapult, F|100\/100|[from] U-turn\n|\n|upkeep\n|turn|18\n|\n|t:|1700086833\n|move|p1a: Dragapult|Shadow Ball|p2a: Zapdos\n|-damage|p2a: Zapdos|13\/100\n|move|p2a: Zapdos|Hurricane|p1a: Dragapult\n|-damage|p1a: Dragapult|42\/100\n|-start|p1a: Dragapult|confusion\n|\n|upkeep\n|turn|19\n|\n|t:|1700086842\n|-activate|p1a: Dragapult|confusion\n|move|p1a: Dragapult|Shadow Ball|p2a: Zapdos\n|-damage|p2a: Zapdos|0 fnt\n|faint|p2a: Zapdos\n|\n|upkeep\n|\n|t:|1700086857\n|switch|p2a: Haxorus|Haxorus, F|100\/100\n|-damage|p2a: Haxorus|88\/100|[from] Stealth Rock\n|-ability|p2a: Haxorus|Mold Breaker\n|turn|20\n|\n|t:|1700086862\n|-activate|p1a: Dragapult|confusion\n|-damage|p1a: Dragapult|29\/100|[from] confusion\n|move|p2a: Haxorus|Dragon Dance|p2a: Haxorus\n|-boost|p2a: Haxorus|atk|1\n|-boost|p2a: Haxorus|spe|1\n|\n|upkeep\n|turn|21\n|\n|t:|1700086870\n|move|p2a: Haxorus|Scale Shot|p1a: Dragapult\n|-supereffective|p1a: Dragapult\n|-damage|p1a: Dragapult|0 fnt\n|faint|p1a: Dragapult\n|-hitcount|p1: Dragapult|1\n|-unboost|p2a: Haxorus|def|1\n|-boost|p2a: Haxorus|spe|1\n|\n|upkeep\n|\n|t:|1700086880\n|switch|p1a: Kingambit|Kingambit, F|100\/100\n|-activate|p1a: Kingambit|ability: Supreme Overlord\n|-start|p1a: Kingambit|fallen2|[silent]\n|turn|22\n|\n|t:|1700086884\n|move|p1a: Kingambit|Sucker Punch|p2a: Haxorus\n|-damage|p2a: Haxorus|0 fnt\n|faint|p2a: Haxorus\n|\n|upkeep\n|\n|t:|1700086890\n|switch|p2a: Cinderace|Cinderace, F|63\/100\n|turn|23\n|\n|t:|1700086893\n|-end|p1a: Kingambit|fallen2|[silent]\n|switch|p1a: Heatran|Heatran, M|100\/100\n|move|p2a: Cinderace|Will-O-Wisp|p1a: Heatran\n|-start|p1a: Heatran|ability: Flash Fire\n|\n|upkeep\n|turn|24\n|\n|t:|1700086901\n|move|p2a: Cinderace|Court Change|p2a: Cinderace\n|-swapsideconditions\n|-activate|p2a: Cinderace|move: Court Change\n|move|p1a: Heatran|Magma Storm|p2a: Cinderace\n|-resisted|p2a: Cinderace\n|-damage|p2a: Cinderace|20\/100\n|-activate|p2a: Cinderace|move: Magma Storm|[of] p1a: Heatran\n|\n|-damage|p2a: Cinderace|8\/100|[from] move: Magma Storm|[partiallytrapped]\n|upkeep\n|turn|25\n|\n|t:|1700086909\n|move|p2a: Cinderace|U-turn|p1a: Heatran\n|-resisted|p1a: Heatran\n|-damage|p1a: Heatran|95\/100\n|\n|t:|1700086914\n|switch|p2a: Ogerpon|Ogerpon-Wellspring, F|90\/100 par|[from] U-turn\n|move|p1a: Heatran|Stealth Rock|p2a: Ogerpon\n|-sidestart|p2: Jeanmilapipe|move: Stealth Rock\n|\n|upkeep\n|turn|26\n|\n|t:|1700086938\n|-end|p1a: Heatran|ability: Flash Fire|[silent]\n|switch|p1a: Kingambit|Kingambit, F|100\/100\n|-activate|p1a: Kingambit|ability: Supreme Overlord\n|-start|p1a: Kingambit|fallen2|[silent]\n|move|p2a: Ogerpon|Ivy Cudgel|p1a: Kingambit|[anim] Ivy Cudgel Water\n|-damage|p1a: Kingambit|54\/100\n|\n|upkeep\n|turn|27\n|j| Narusegawa Nagi\n|\n|t:|1700086948\n|move|p2a: Ogerpon|Ivy Cudgel|p1a: Kingambit|[anim] Ivy Cudgel Water\n|-damage|p1a: Kingambit|5\/100\n|move|p1a: Kingambit|Kowtow Cleave|p2a: Ogerpon\n|-damage|p2a: Ogerpon|14\/100 par\n|\n|upkeep\n|turn|28\n|\n|t:|1700086958\n|switch|p2a: Iron Valiant|Iron Valiant|95\/100\n|-damage|p2a: Iron Valiant|89\/100|[from] Stealth Rock\n|move|p1a: Kingambit|Sucker Punch||[still]\n|-fail|p1a: Kingambit\n|\n|upkeep\n|turn|29\n|\n|t:|1700086966\n|move|p2a: Iron Valiant|Moonblast|p1a: Kingambit\n|-damage|p1a: Kingambit|0 fnt\n|faint|p1a: Kingambit\n|-end|p1a: Kingambit|fallen2|[silent]\n|\n|upkeep\n|\n|t:|1700086969\n|switch|p1a: Heatran|Heatran, M|95\/100\n|-damage|p1a: Heatran|83\/100|[from] Stealth Rock\n|turn|30\n|\n|t:|1700086975\n|move|p2a: Iron Valiant|Close Combat|p1a: Heatran\n|-supereffective|p1a: Heatran\n|-damage|p1a: Heatran|0 fnt\n|-unboost|p2a: Iron Valiant|def|1\n|-unboost|p2a: Iron Valiant|spd|1\n|faint|p1a: Heatran\n|\n|upkeep\n|\n|t:|1700086978\n|switch|p1a: Rillaboom|Rillaboom, F|64\/100\n|-damage|p1a: Rillaboom|52\/100|[from] Stealth Rock\n|-fieldstart|move: Grassy Terrain|[from] ability: Grassy Surge|[of] p1a: Rillaboom\n|turn|31\n|\n|t:|1700086987\n|-end|p2a: Iron Valiant|Quark Drive|[silent]\n|switch|p2a: Ogerpon|Ogerpon-Wellspring, F|14\/100 par\n|-damage|p2a: Ogerpon|1\/100 par|[from] Stealth Rock\n|move|p1a: Rillaboom|Grassy Glide|p2a: Ogerpon\n|-damage|p2a: Ogerpon|0 fnt\n|faint|p2a: Ogerpon\n|\n|-heal|p1a: Rillaboom|58\/100|[from] Grassy Terrain\n|upkeep\n|\n|t:|1700086998\n|switch|p2a: Ceruledge|Ceruledge, M|100\/100\n|turn|32\n|\n|t:|1700087006\n|switch|p2a: Iron Valiant|Iron Valiant|89\/100\n|-damage|p2a: Iron Valiant|83\/100|[from] Stealth Rock\n|switch|p1a: Great Tusk|Great Tusk|100\/100\n|-damage|p1a: Great Tusk|98\/100|[from] Stealth Rock\n|-enditem|p1a: Great Tusk|Booster Energy\n|-activate|p1a: Great Tusk|ability: Protosynthesis|[fromitem]\n|-start|p1a: Great Tusk|protosynthesisatk\n|\n|-heal|p2a: Iron Valiant|89\/100|[from] Grassy Terrain\n|-heal|p1a: Great Tusk|100\/100|[from] Grassy Terrain\n|upkeep\n|turn|33\n|\n|t:|1700087029\n|-terastallize|p2a: Iron Valiant|Electric\n|-terastallize|p1a: Great Tusk|Ghost\n|move|p2a: Iron Valiant|Thunderbolt|p1a: Great Tusk\n|-damage|p1a: Great Tusk|31\/100\n|move|p1a: Great Tusk|Rapid Spin|p2a: Iron Valiant\n|-damage|p2a: Iron Valiant|60\/100\n|-boost|p1a: Great Tusk|spe|1\n|-sideend|p1: alt no. 597|Stealth Rock|[from] move: Rapid Spin|[of] p1a: Great Tusk\n|\n|-heal|p1a: Great Tusk|38\/100|[from] Grassy Terrain\n|-heal|p2a: Iron Valiant|66\/100|[from] Grassy Terrain\n|upkeep\n|turn|34\n|c| Joltinjoe18|That interaction was kinda crazy tho\n|j| lgang007\n|\n|t:|1700087082\n|move|p1a: Great Tusk|Headlong Rush|p2a: Iron Valiant\n|-supereffective|p2a: Iron Valiant\n|-damage|p2a: Iron Valiant|0 fnt\n|-unboost|p1a: Great Tusk|def|1\n|-unboost|p1a: Great Tusk|spd|1\n|faint|p2a: Iron Valiant\n|-end|p2a: Iron Valiant|Quark Drive|[silent]\n|\n|-heal|p1a: Great Tusk|44\/100|[from] Grassy Terrain\n|upkeep\n|\n|t:|1700087091\n|switch|p2a: Ceruledge|Ceruledge, M|100\/100\n|turn|35\n|\n|t:|1700087099\n|-end|p1a: Great Tusk|Protosynthesis|[silent]\n|switch|p1a: Rillaboom|Rillaboom, F|58\/100\n|move|p2a: Ceruledge|Swords Dance|p2a: Ceruledge\n|-boost|p2a: Ceruledge|atk|2\n|\n|-heal|p1a: Rillaboom|64\/100|[from] Grassy Terrain\n|-fieldend|move: Grassy Terrain\n|upkeep\n|turn|36\n|\n|t:|1700087109\n|move|p2a: Ceruledge|Bitter Blade|p1a: Rillaboom\n|-supereffective|p1a: Rillaboom\n|-damage|p1a: Rillaboom|0 fnt\n|faint|p1a: Rillaboom\n|\n|upkeep\n|\n|t:|1700087112\n|switch|p1a: Great Tusk|Great Tusk, tera:Ghost|44\/100\n|turn|37\n|\n|t:|1700087117\n|move|p2a: Ceruledge|Shadow Sneak|p1a: Great Tusk\n|-supereffective|p1a: Great Tusk\n|-damage|p1a: Great Tusk|0 fnt\n|faint|p1a: Great Tusk\n|-end|p1a: Great Tusk|Protosynthesis|[silent]\n|\n|win|Jeanmilapipe\n|raw|alt no. 597's rating: 1692 &rarr; <strong>1675<\/strong><br \/>(-17 for losing)\n|raw|Jeanmilapipe's rating: 1739 &rarr; <strong>1756<\/strong><br \/>(+17 for winning)\n|l|\u2606alt no. 597\n|c| iSHATKKw|gg\n|l| Joltinjoe18\n|l| MiniLarry\n|l| Narusegawa Nagi\n|c| iSHATKKw|>Wp\n","uploadtime":1700087156,"views":26,"p1id":"altno597","p2id":"jeanmilapipe","formatid":"gen9ou","rating":1675,"private":0,"password":""}