{"id":"gen9ou-1990986897","p1":"DragonPhoenix333","p2":"dreepy airlines","format":"[Gen 9] OU","log":"|j|\u2606DragonPhoenix333\n|j|\u2606dreepy airlines\n|inactive|Battle timer is ON: inactive players will automatically lose when time's up.\n|t:|1700023722\n|gametype|singles\n|player|p1|DragonPhoenix333|nobunaga-conquest|\n|player|p2|dreepy airlines|dragontamer-gen9|\n|teamsize|p1|6\n|teamsize|p2|6\n|gen|9\n|tier|[Gen 9] OU\n|rated|Tournament battle\n|rule|Sleep Clause Mod: Limit one foe put to sleep\n|rule|Species Clause: Limit one of each Pok\u00e9mon\n|rule|OHKO Clause: OHKO moves are banned\n|rule|Evasion Items Clause: Evasion items are banned\n|rule|Evasion Moves Clause: Evasion moves are banned\n|rule|Endless Battle Clause: Forcing endless battles is banned\n|rule|HP Percentage Mod: HP is shown in percentages\n|rule|Terastal Clause: You cannot Terastallize\n|clearpoke\n|poke|p1|Gholdengo|\n|poke|p1|Dragapult, F|\n|poke|p1|Rillaboom, F|\n|poke|p1|Sneasler, F|\n|poke|p1|Iron Valiant|\n|poke|p1|Kingambit, F|\n|poke|p2|Rillaboom, F|\n|poke|p2|Moltres|\n|poke|p2|Great Tusk|\n|poke|p2|Slowking-Galar, M|\n|poke|p2|Dragapult, M|\n|poke|p2|Kingambit, M|\n|teampreview\n|j|*Lady Monita \u2746\n|j| happysh\n|\n|t:|1700023742\n|start\n|switch|p1a: Pultin' Time|Dragapult, F|100\/100\n|switch|p2a: Dragapult|Dragapult, M|100\/100\n|turn|1\n|c|\u2606DragonPhoenix333|moment\n|\n|t:|1700023748\n|switch|p2a: Kingambit|Kingambit, M|100\/100\n|move|p1a: Pultin' Time|Light Screen|p1a: Pultin' Time\n|-sidestart|p1: DragonPhoenix333|move: Light Screen\n|\n|upkeep\n|turn|2\n|\n|t:|1700023752\n|move|p1a: Pultin' Time|Reflect|p1a: Pultin' Time\n|-sidestart|p1: DragonPhoenix333|Reflect\n|move|p2a: Kingambit|Swords Dance|p2a: Kingambit\n|-boost|p2a: Kingambit|atk|2\n|\n|upkeep\n|turn|3\n|\n|t:|1700023754\n|move|p1a: Pultin' Time|Thunder Wave|p2a: Kingambit|[miss]\n|-miss|p1a: Pultin' Time|p2a: Kingambit\n|move|p2a: Kingambit|Kowtow Cleave|p1a: Pultin' Time\n|-supereffective|p1a: Pultin' Time\n|-damage|p1a: Pultin' Time|0 fnt\n|faint|p1a: Pultin' Time\n|\n|upkeep\n|c|\u2606DragonPhoenix333|rip\n|\n|t:|1700023760\n|switch|p1a: Gallevoir|Iron Valiant|100\/100\n|-enditem|p1a: Gallevoir|Booster Energy\n|-activate|p1a: Gallevoir|ability: Quark Drive|[fromitem]\n|-start|p1a: Gallevoir|quarkdrivespe\n|turn|4\n|\n|t:|1700023769\n|move|p1a: Gallevoir|Focus Blast|p2a: Kingambit\n|-supereffective|p2a: Kingambit\n|-damage|p2a: Kingambit|0 fnt\n|faint|p2a: Kingambit\n|-end|p2a: Kingambit|fallenundefined|[silent]\n|\n|upkeep\n|j| munchkinp\n|c|\u2606DragonPhoenix333|:D\n|\n|t:|1700023774\n|switch|p2a: Slowking|Slowking-Galar, M|100\/100\n|turn|5\n|\n|t:|1700023778\n|move|p1a: Gallevoir|Calm Mind|p1a: Gallevoir\n|-boost|p1a: Gallevoir|spa|1\n|-boost|p1a: Gallevoir|spd|1\n|move|p2a: Slowking|Sludge Bomb|p1a: Gallevoir\n|-supereffective|p1a: Gallevoir\n|-damage|p1a: Gallevoir|57\/100\n|\n|upkeep\n|turn|6\n|\n|t:|1700023782\n|move|p1a: Gallevoir|Psyshock|p2a: Slowking\n|-damage|p2a: Slowking|59\/100\n|move|p2a: Slowking|Sludge Bomb|p1a: Gallevoir\n|-supereffective|p1a: Gallevoir\n|-damage|p1a: Gallevoir|16\/100\n|\n|upkeep\n|turn|7\n|\n|t:|1700023790\n|move|p1a: Gallevoir|Psyshock|p2a: Slowking\n|-damage|p2a: Slowking|16\/100\n|move|p2a: Slowking|Sludge Bomb|p1a: Gallevoir\n|-supereffective|p1a: Gallevoir\n|-damage|p1a: Gallevoir|0 fnt\n|faint|p1a: Gallevoir\n|-end|p1a: Gallevoir|Quark Drive|[silent]\n|\n|upkeep\n|\n|t:|1700023793\n|switch|p1a: string chese|Gholdengo|100\/100\n|turn|8\n|\n|t:|1700023796\n|switch|p2a: Moltres|Moltres|100\/100\n|move|p1a: string chese|Substitute|p1a: string chese\n|-start|p1a: string chese|Substitute\n|-damage|p1a: string chese|75\/100\n|\n|-sideend|p1: DragonPhoenix333|move: Light Screen\n|upkeep\n|turn|9\n|\n|t:|1700023800\n|move|p1a: string chese|Nasty Plot|p1a: string chese\n|-boost|p1a: string chese|spa|2\n|move|p2a: Moltres|Flamethrower|p1a: string chese\n|-supereffective|p1a: string chese\n|-end|p1a: string chese|Substitute\n|\n|-sideend|p1: DragonPhoenix333|Reflect\n|upkeep\n|turn|10\n|\n|t:|1700023803\n|move|p1a: string chese|Shadow Ball|p2a: Moltres\n|-damage|p2a: Moltres|16\/100\n|-unboost|p2a: Moltres|spd|1\n|move|p2a: Moltres|Flamethrower|p1a: string chese\n|-supereffective|p1a: string chese\n|-damage|p1a: string chese|0 fnt\n|faint|p1a: string chese\n|\n|upkeep\n|\n|t:|1700023808\n|switch|p1a: monke|Rillaboom, F|100\/100\n|-fieldstart|move: Grassy Terrain|[from] ability: Grassy Surge|[of] p1a: monke\n|turn|11\n|\n|t:|1700023811\n|move|p1a: monke|Knock Off|p2a: Moltres\n|-crit|p2a: Moltres\n|-damage|p2a: Moltres|0 fnt\n|-enditem|p2a: Moltres|Heavy-Duty Boots|[from] move: Knock Off|[of] p1a: monke\n|faint|p2a: Moltres\n|\n|upkeep\n|\n|t:|1700023825\n|switch|p2a: Dragapult|Dragapult, M|100\/100\n|turn|12\n|\n|t:|1700023837\n|move|p2a: Dragapult|Flamethrower|p1a: monke\n|-supereffective|p1a: monke\n|-damage|p1a: monke|0 fnt\n|faint|p1a: monke\n|\n|upkeep\n|\n|t:|1700023840\n|switch|p1a: hax machina|Sneasler, F|100\/100\n|-enditem|p1a: hax machina|Grassy Seed\n|-boost|p1a: hax machina|def|1|[from] item: Grassy Seed\n|turn|13\n|\n|t:|1700023847\n|move|p1a: hax machina|Lash Out|p2a: Dragapult\n|-supereffective|p2a: Dragapult\n|-damage|p2a: Dragapult|27\/100\n|move|p2a: Dragapult|Flamethrower|p1a: hax machina\n|-damage|p1a: hax machina|55\/100\n|\n|-heal|p1a: hax machina|62\/100|[from] Grassy Terrain\n|-heal|p2a: Dragapult|33\/100|[from] Grassy Terrain\n|upkeep\n|turn|14\n|\n|t:|1700023851\n|switch|p2a: Great Tusk|Great Tusk|100\/100\n|move|p1a: hax machina|Lash Out|p2a: Great Tusk\n|-resisted|p2a: Great Tusk\n|-damage|p2a: Great Tusk|90\/100\n|\n|-heal|p1a: hax machina|68\/100|[from] Grassy Terrain\n|-heal|p2a: Great Tusk|96\/100|[from] Grassy Terrain\n|-heal|p2a: Great Tusk|100\/100|[from] item: Leftovers\n|upkeep\n|turn|15\n|\n|t:|1700023857\n|move|p1a: hax machina|Dire Claw|p2a: Great Tusk\n|-resisted|p2a: Great Tusk\n|-damage|p2a: Great Tusk|84\/100\n|move|p2a: Great Tusk|Headlong Rush|p1a: hax machina\n|-supereffective|p1a: hax machina\n|-damage|p1a: hax machina|0 fnt\n|-unboost|p2a: Great Tusk|def|1\n|-unboost|p2a: Great Tusk|spd|1\n|faint|p1a: hax machina\n|\n|-heal|p2a: Great Tusk|90\/100|[from] Grassy Terrain\n|-heal|p2a: Great Tusk|96\/100|[from] item: Leftovers\n|-fieldend|move: Grassy Terrain\n|upkeep\n|c|\u2606dreepy airlines|gg\n|\n|t:|1700023861\n|switch|p1a: Begin Again|Kingambit, F|100\/100\n|-activate|p1a: Begin Again|ability: Supreme Overlord\n|-start|p1a: Begin Again|fallen5|[silent]\n|turn|16\n|c|\u2606DragonPhoenix333|gg\n|\n|t:|1700023865\n|move|p2a: Great Tusk|Close Combat|p1a: Begin Again\n|-supereffective|p1a: Begin Again\n|-damage|p1a: Begin Again|0 fnt\n|-unboost|p2a: Great Tusk|def|1\n|-unboost|p2a: Great Tusk|spd|1\n|faint|p1a: Begin Again\n|-end|p1a: Begin Again|fallen5|[silent]\n|\n|win|dreepy airlines\n|n|\u2606DragonPhoenix333|dragonphoenix333\n|n|\u2606dreepy airlines|dreepyairlines\n|n|*Lady Monita \u2746|ladymonita\n|n| happysh|happysh\n|n| munchkinp|munchkinp\n","uploadtime":1700023866,"views":6,"p1id":"dragonphoenix333","p2id":"dreepyairlines","formatid":"gen9ou","rating":0,"private":0,"password":""}