{"id":"gen9ou-1994320432","p1":"genesis7","p2":"Joshe444","format":"[Gen 9] OU","log":"|j|\u2606genesis7\n|j|\u2606Joshe444\n|t:|1700430771\n|gametype|singles\n|player|p1|genesis7|#ssdleviathans|1822\n|player|p2|Joshe444|grimsley-masters|1735\n|teamsize|p1|6\n|teamsize|p2|6\n|gen|9\n|tier|[Gen 9] OU\n|rated|\n|rule|Sleep Clause Mod: Limit one foe put to sleep\n|rule|Species Clause: Limit one of each Pok\u00e9mon\n|rule|OHKO Clause: OHKO moves are banned\n|rule|Evasion Items Clause: Evasion items are banned\n|rule|Evasion Moves Clause: Evasion moves are banned\n|rule|Endless Battle Clause: Forcing endless battles is banned\n|rule|HP Percentage Mod: HP is shown in percentages\n|clearpoke\n|poke|p1|Enamorus, F|\n|poke|p1|Dragonite, F|\n|poke|p1|Heatran, F|\n|poke|p1|Rillaboom, F|\n|poke|p1|Samurott-Hisui, F|\n|poke|p1|Great Tusk|\n|poke|p2|Glimmora, F|\n|poke|p2|Meowscarada, F|\n|poke|p2|Iron Moth|\n|poke|p2|Garganacl, M|\n|poke|p2|Gholdengo|\n|poke|p2|Kingambit, F|\n|teampreview\n|\n|t:|1700430787\n|start\n|switch|p1a: Great Tusk|Great Tusk|100\/100\n|switch|p2a: Mike|Meowscarada, F|100\/100\n|turn|1\n|j| Ashfak\n|\n|t:|1700430803\n|-end|p1a: Great Tusk|Protosynthesis|[silent]\n|switch|p1a: Heatran|Heatran, F|100\/100\n|-item|p1a: Heatran|Air Balloon\n|move|p2a: Mike|Flower Trick|p1a: Heatran\n|-start|p2a: Mike|typechange|Grass|[from] ability: Protean\n|-resisted|p1a: Heatran\n|-crit|p1a: Heatran\n|-damage|p1a: Heatran|90\/100\n|-enditem|p1a: Heatran|Air Balloon\n|\n|upkeep\n|turn|2\n|\n|t:|1700430814\n|switch|p2a: ! Mini Boss !|Glimmora, F|100\/100\n|move|p1a: Heatran|Stealth Rock|p2a: ! Mini Boss !\n|-sidestart|p2: Joshe444|move: Stealth Rock\n|\n|upkeep\n|turn|3\n|\n|t:|1700430831\n|switch|p1a: Great Tusk|Great Tusk|100\/100\n|move|p2a: ! Mini Boss !|Stealth Rock|p1a: Great Tusk\n|-sidestart|p1: genesis7|move: Stealth Rock\n|\n|upkeep\n|turn|4\n|\n|t:|1700430837\n|move|p1a: Great Tusk|Earthquake|p2a: ! Mini Boss !\n|-supereffective|p2a: ! Mini Boss !\n|-crit|p2a: ! Mini Boss !\n|-enditem|p2a: ! Mini Boss !|Focus Sash\n|-damage|p2a: ! Mini Boss !|1\/100\n|-activate|p2a: ! Mini Boss !|ability: Toxic Debris\n|-sidestart|p1: genesis7|move: Toxic Spikes\n|move|p2a: ! Mini Boss !|Mortal Spin|p1a: Great Tusk\n|-resisted|p1a: Great Tusk\n|-damage|p1a: Great Tusk|99\/100\n|-status|p1a: Great Tusk|psn\n|-sideend|p2: Joshe444|Stealth Rock|[from] move: Mortal Spin|[of] p2a: ! Mini Boss !\n|\n|-heal|p1a: Great Tusk|100\/100 psn|[from] item: Leftovers\n|-damage|p1a: Great Tusk|88\/100 psn|[from] psn\n|upkeep\n|turn|5\n|\n|t:|1700430848\n|switch|p2a: Y. Jo'on|Gholdengo|100\/100\n|-item|p2a: Y. Jo'on|Air Balloon\n|move|p1a: Great Tusk|Ice Spinner|p2a: Y. Jo'on\n|-resisted|p2a: Y. Jo'on\n|-damage|p2a: Y. Jo'on|88\/100\n|-enditem|p2a: Y. Jo'on|Air Balloon\n|\n|-heal|p1a: Great Tusk|94\/100 psn|[from] item: Leftovers\n|-damage|p1a: Great Tusk|82\/100 psn|[from] psn\n|upkeep\n|turn|6\n|\n|t:|1700430860\n|move|p1a: Great Tusk|Earthquake|p2a: Y. Jo'on\n|-supereffective|p2a: Y. Jo'on\n|-damage|p2a: Y. Jo'on|0 fnt\n|faint|p2a: Y. Jo'on\n|\n|-heal|p1a: Great Tusk|88\/100 psn|[from] item: Leftovers\n|-damage|p1a: Great Tusk|76\/100 psn|[from] psn\n|upkeep\n|j| Ctannn\n|\n|t:|1700430877\n|switch|p2a: Its Look Who It Is|Garganacl, M|100\/100\n|turn|7\n|j| HaxxIsPain\n|\n|t:|1700430891\n|-terastallize|p2a: Its Look Who It Is|Ghost\n|move|p1a: Great Tusk|Rapid Spin|p2a: Its Look Who It Is\n|-immune|p2a: Its Look Who It Is\n|move|p2a: Its Look Who It Is|Iron Defense|p2a: Its Look Who It Is\n|-boost|p2a: Its Look Who It Is|def|2\n|\n|-heal|p1a: Great Tusk|82\/100 psn|[from] item: Leftovers\n|-damage|p1a: Great Tusk|69\/100 psn|[from] psn\n|upkeep\n|turn|8\n|j| Mslaganjaestranja\n|\n|t:|1700430908\n|-end|p1a: Great Tusk|Protosynthesis|[silent]\n|switch|p1a: Rillaboom|Rillaboom, F|100\/100\n|-damage|p1a: Rillaboom|88\/100|[from] Stealth Rock\n|-status|p1a: Rillaboom|psn\n|-fieldstart|move: Grassy Terrain|[from] ability: Grassy Surge|[of] p1a: Rillaboom\n|move|p2a: Its Look Who It Is|Salt Cure|p1a: Rillaboom\n|-damage|p1a: Rillaboom|72\/100 psn\n|-start|p1a: Rillaboom|Salt Cure\n|\n|-heal|p1a: Rillaboom|79\/100 psn|[from] Grassy Terrain\n|-damage|p1a: Rillaboom|66\/100 psn|[from] psn\n|-damage|p1a: Rillaboom|54\/100 psn|[from] Salt Cure\n|upkeep\n|turn|9\n|\n|t:|1700430922\n|move|p1a: Rillaboom|Knock Off|p2a: Its Look Who It Is\n|-supereffective|p2a: Its Look Who It Is\n|-damage|p2a: Its Look Who It Is|62\/100\n|-enditem|p2a: Its Look Who It Is|Leftovers|[from] move: Knock Off|[of] p1a: Rillaboom\n|move|p2a: Its Look Who It Is|Iron Defense|p2a: Its Look Who It Is\n|-boost|p2a: Its Look Who It Is|def|2\n|\n|-heal|p1a: Rillaboom|60\/100 psn|[from] Grassy Terrain\n|-heal|p2a: Its Look Who It Is|69\/100|[from] Grassy Terrain\n|-damage|p1a: Rillaboom|48\/100 psn|[from] psn\n|-damage|p1a: Rillaboom|35\/100 psn|[from] Salt Cure\n|upkeep\n|turn|10\n|\n|t:|1700430930\n|switch|p1a: Heatran|Heatran, F|90\/100\n|-damage|p1a: Heatran|77\/100|[from] Stealth Rock\n|move|p2a: Its Look Who It Is|Salt Cure|p1a: Heatran\n|-damage|p1a: Heatran|66\/100\n|-start|p1a: Heatran|Salt Cure\n|\n|-heal|p1a: Heatran|72\/100|[from] Grassy Terrain\n|-heal|p2a: Its Look Who It Is|75\/100|[from] Grassy Terrain\n|-damage|p1a: Heatran|47\/100|[from] Salt Cure\n|upkeep\n|turn|11\n|l| Ashfak\n|\n|t:|1700430944\n|-terastallize|p1a: Heatran|Grass\n|move|p1a: Heatran|Magma Storm|p2a: Its Look Who It Is|[miss]\n|-miss|p1a: Heatran|p2a: Its Look Who It Is\n|move|p2a: Its Look Who It Is|Body Press|p1a: Heatran\n|-damage|p1a: Heatran|0 fnt\n|faint|p1a: Heatran\n|\n|-heal|p2a: Its Look Who It Is|81\/100|[from] Grassy Terrain\n|upkeep\n|\n|t:|1700430952\n|switch|p1a: Enamorus|Enamorus, F|100\/100\n|-damage|p1a: Enamorus|76\/100|[from] Stealth Rock\n|turn|12\n|\n|t:|1700430960\n|move|p1a: Enamorus|Moonblast|p2a: Its Look Who It Is\n|-damage|p2a: Its Look Who It Is|46\/100\n|move|p2a: Its Look Who It Is|Salt Cure|p1a: Enamorus\n|-supereffective|p1a: Enamorus\n|-damage|p1a: Enamorus|28\/100\n|-start|p1a: Enamorus|Salt Cure\n|\n|-heal|p2a: Its Look Who It Is|52\/100|[from] Grassy Terrain\n|-damage|p1a: Enamorus|15\/100|[from] Salt Cure\n|-fieldend|move: Grassy Terrain\n|upkeep\n|turn|13\n|j| CutePokesOnly\n|\n|t:|1700430970\n|move|p1a: Enamorus|Moonblast|p2a: Its Look Who It Is\n|-damage|p2a: Its Look Who It Is|15\/100\n|move|p2a: Its Look Who It Is|Recover|p2a: Its Look Who It Is\n|-heal|p2a: Its Look Who It Is|65\/100\n|\n|-damage|p1a: Enamorus|3\/100|[from] Salt Cure\n|upkeep\n|turn|14\n|\n|t:|1700430978\n|move|p1a: Enamorus|Moonblast|p2a: Its Look Who It Is\n|-damage|p2a: Its Look Who It Is|25\/100\n|move|p2a: Its Look Who It Is|Recover|p2a: Its Look Who It Is\n|-heal|p2a: Its Look Who It Is|75\/100\n|\n|-damage|p1a: Enamorus|0 fnt|[from] Salt Cure\n|faint|p1a: Enamorus\n|upkeep\n|\n|t:|1700430983\n|switch|p1a: Samurott|Samurott-Hisui, F|100\/100\n|-damage|p1a: Samurott|88\/100|[from] Stealth Rock\n|-status|p1a: Samurott|psn\n|turn|15\n|\n|t:|1700430992\n|move|p1a: Samurott|Ceaseless Edge|p2a: Its Look Who It Is\n|-supereffective|p2a: Its Look Who It Is\n|-damage|p2a: Its Look Who It Is|54\/100\n|-sidestart|p2: Joshe444|Spikes\n|move|p2a: Its Look Who It Is|Body Press|p1a: Samurott\n|-supereffective|p1a: Samurott\n|-damage|p1a: Samurott|0 fnt\n|faint|p1a: Samurott\n|\n|upkeep\n|-message|genesis7 forfeited.\n|\n|win|Joshe444\n|raw|genesis7's rating: 1822 &rarr; <strong>1797<\/strong><br \/>(-25 for losing)\n|raw|Joshe444's rating: 1735 &rarr; <strong>1760<\/strong><br \/>(+25 for winning)\n|l|\u2606genesis7\n|l| HaxxIsPain\n","uploadtime":1700431007,"views":26,"p1id":"genesis7","p2id":"joshe444","formatid":"gen9ou","rating":1760,"private":0,"password":""}