{"id":"gen9ou-1993635998","p1":"Felckon","p2":"Bogus dingle berry","format":"[Gen 9] OU","log":"|j|\u2606Felckon\n|j|\u2606Bogus dingle berry\n|t:|1700340010\n|gametype|singles\n|player|p1|Felckon|acetrainersnow|1310\n|player|p2|Bogus dingle berry|101|1360\n|teamsize|p1|6\n|teamsize|p2|6\n|gen|9\n|tier|[Gen 9] OU\n|rated|\n|rule|Sleep Clause Mod: Limit one foe put to sleep\n|rule|Species Clause: Limit one of each Pok\u00e9mon\n|rule|OHKO Clause: OHKO moves are banned\n|rule|Evasion Items Clause: Evasion items are banned\n|rule|Evasion Moves Clause: Evasion moves are banned\n|rule|Endless Battle Clause: Forcing endless battles is banned\n|rule|HP Percentage Mod: HP is shown in percentages\n|clearpoke\n|poke|p1|Articuno|\n|poke|p1|Ninetales-Alola, F|\n|poke|p1|Corviknight, M|\n|poke|p1|Slowking, F|\n|poke|p1|Dragapult, M|\n|poke|p1|Great Tusk|\n|poke|p2|Ceruledge, M|\n|poke|p2|Dragapult, M|\n|poke|p2|Kingambit, F|\n|poke|p2|Iron Moth|\n|poke|p2|Ogerpon-Wellspring, F|\n|poke|p2|Rillaboom, M|\n|teampreview\n|inactive|Battle timer is ON: inactive players will automatically lose when time's up. (requested by Bogus dingle berry)\n|\n|t:|1700340034\n|start\n|switch|p1a: Great Tusk|Great Tusk|100\/100\n|switch|p2a: Ceruledge|Ceruledge, M|100\/100\n|turn|1\n|\n|t:|1700340044\n|-terastallize|p2a: Ceruledge|Flying\n|move|p1a: Great Tusk|Knock Off|p2a: Ceruledge\n|-damage|p2a: Ceruledge|59\/100\n|-ability|p2a: Ceruledge|Weak Armor|boost\n|-unboost|p2a: Ceruledge|def|1\n|-boost|p2a: Ceruledge|spe|2\n|-enditem|p2a: Ceruledge|Focus Sash|[from] move: Knock Off|[of] p1a: Great Tusk\n|move|p2a: Ceruledge|Swords Dance|p2a: Ceruledge\n|-boost|p2a: Ceruledge|atk|2\n|\n|upkeep\n|turn|2\n|\n|t:|1700340061\n|move|p2a: Ceruledge|Bitter Blade|p1a: Great Tusk\n|-damage|p1a: Great Tusk|38\/100\n|-heal|p2a: Ceruledge|99\/100|[from] drain|[of] p1a: Great Tusk\n|move|p1a: Great Tusk|Close Combat|p2a: Ceruledge\n|-resisted|p2a: Ceruledge\n|-damage|p2a: Ceruledge|40\/100\n|-unboost|p1a: Great Tusk|def|1\n|-unboost|p1a: Great Tusk|spd|1\n|-ability|p2a: Ceruledge|Weak Armor|boost\n|-unboost|p2a: Ceruledge|def|1\n|-boost|p2a: Ceruledge|spe|2\n|\n|upkeep\n|turn|3\n|\n|t:|1700340070\n|move|p2a: Ceruledge|Bitter Blade|p1a: Great Tusk\n|-damage|p1a: Great Tusk|0 fnt\n|-heal|p2a: Ceruledge|64\/100|[from] drain|[of] p1a: Great Tusk\n|faint|p1a: Great Tusk\n|-end|p1a: Great Tusk|Protosynthesis|[silent]\n|\n|upkeep\n|\n|t:|1700340076\n|switch|p1a: Dragapult|Dragapult, M|100\/100\n|turn|4\n|\n|t:|1700340080\n|move|p1a: Dragapult|Sucker Punch|p2a: Ceruledge\n|-damage|p2a: Ceruledge|0 fnt\n|faint|p2a: Ceruledge\n|\n|upkeep\n|\n|t:|1700340090\n|switch|p2a: Iron Moth|Iron Moth|100\/100\n|-enditem|p2a: Iron Moth|Booster Energy\n|-activate|p2a: Iron Moth|ability: Quark Drive|[fromitem]\n|-start|p2a: Iron Moth|quarkdrivespe\n|turn|5\n|\n|t:|1700340099\n|switch|p1a: Slowking|Slowking, F|100\/100\n|move|p2a: Iron Moth|Dazzling Gleam|p1a: Slowking\n|-damage|p1a: Slowking|81\/100\n|\n|upkeep\n|turn|6\n|\n|t:|1700340108\n|move|p2a: Iron Moth|Substitute|p2a: Iron Moth\n|-start|p2a: Iron Moth|Substitute\n|-damage|p2a: Iron Moth|76\/100\n|move|p1a: Slowking|Future Sight|p2a: Iron Moth\n|-start|p1a: Slowking|move: Future Sight\n|\n|upkeep\n|turn|7\n|\n|t:|1700340110\n|move|p2a: Iron Moth|Fiery Dance|p1a: Slowking\n|-resisted|p1a: Slowking\n|-damage|p1a: Slowking|66\/100\n|move|p1a: Slowking|Surf|p2a: Iron Moth\n|-supereffective|p2a: Iron Moth\n|-end|p2a: Iron Moth|Substitute\n|\n|upkeep\n|turn|8\n|\n|t:|1700340114\n|-end|p2a: Iron Moth|Quark Drive|[silent]\n|switch|p2a: Ogerpon|Ogerpon-Wellspring, F|100\/100\n|move|p1a: Slowking|Chilly Reception|p1a: Slowking\n|-weather|Snow\n|\n|t:|1700340117\n|switch|p1a: Articuno|Articuno|100\/100|[from] Chilly Reception\n|-ability|p1a: Articuno|Pressure\n|\n|-weather|Snow|[upkeep]\n|-end|p2a: Ogerpon|move: Future Sight\n|-damage|p2a: Ogerpon|55\/100\n|upkeep\n|turn|9\n|\n|t:|1700340126\n|move|p2a: Ogerpon|Knock Off|p1a: Articuno\n|-damage|p1a: Articuno|74\/100\n|-enditem|p1a: Articuno|Weakness Policy|[from] move: Knock Off|[of] p2a: Ogerpon\n|move|p1a: Articuno|Freeze-Dry|p2a: Ogerpon\n|-supereffective|p2a: Ogerpon\n|-damage|p2a: Ogerpon|0 fnt\n|faint|p2a: Ogerpon\n|\n|-weather|Snow|[upkeep]\n|upkeep\n|\n|t:|1700340131\n|switch|p2a: Iron Moth|Iron Moth|76\/100\n|turn|10\n|\n|t:|1700340141\n|-end|p2a: Iron Moth|Quark Drive|[silent]\n|switch|p2a: Kingambit|Kingambit, F|100\/100\n|-activate|p2a: Kingambit|ability: Supreme Overlord\n|-start|p2a: Kingambit|fallen2|[silent]\n|-terastallize|p1a: Articuno|Ground\n|move|p1a: Articuno|Tera Blast|p2a: Kingambit|[anim] Tera Blast Ground\n|-supereffective|p2a: Kingambit\n|-damage|p2a: Kingambit|41\/100\n|\n|-weather|Snow|[upkeep]\n|upkeep\n|turn|11\n|\n|t:|1700340153\n|move|p2a: Kingambit|Sucker Punch|p1a: Articuno\n|-damage|p1a: Articuno|24\/100\n|move|p1a: Articuno|Tera Blast|p2a: Kingambit|[anim] Tera Blast Ground\n|-supereffective|p2a: Kingambit\n|-damage|p2a: Kingambit|0 fnt\n|faint|p2a: Kingambit\n|-end|p2a: Kingambit|fallen2|[silent]\n|\n|-weather|Snow|[upkeep]\n|upkeep\n|\n|t:|1700340156\n|switch|p2a: Rillaboom|Rillaboom, M|100\/100\n|-fieldstart|move: Grassy Terrain|[from] ability: Grassy Surge|[of] p2a: Rillaboom\n|turn|12\n|\n|t:|1700340159\n|switch|p1a: Dragapult|Dragapult, M|100\/100\n|move|p2a: Rillaboom|Grassy Glide|p1a: Dragapult\n|-resisted|p1a: Dragapult\n|-damage|p1a: Dragapult|66\/100\n|-damage|p2a: Rillaboom|91\/100|[from] item: Life Orb\n|\n|-weather|none\n|-heal|p1a: Dragapult|72\/100|[from] Grassy Terrain\n|-heal|p2a: Rillaboom|97\/100|[from] Grassy Terrain\n|upkeep\n|turn|13\n|\n|t:|1700340166\n|move|p1a: Dragapult|U-turn|p2a: Rillaboom\n|-supereffective|p2a: Rillaboom\n|-damage|p2a: Rillaboom|20\/100\n|\n|t:|1700340168\n|switch|p1a: Corviknight|Corviknight, M|100\/100|[from] U-turn\n|-ability|p1a: Corviknight|Pressure\n|move|p2a: Rillaboom|Knock Off|p1a: Corviknight\n|-damage|p1a: Corviknight|69\/100\n|-damage|p2a: Rillaboom|4\/100|[from] item: Rocky Helmet|[of] p1a: Corviknight\n|-enditem|p1a: Corviknight|Rocky Helmet|[from] move: Knock Off|[of] p2a: Rillaboom\n|-damage|p2a: Rillaboom|0 fnt|[from] item: Life Orb\n|faint|p2a: Rillaboom\n|\n|upkeep\n|\n|t:|1700340171\n|switch|p2a: Iron Moth|Iron Moth|76\/100\n|turn|14\n|\n|t:|1700340176\n|move|p2a: Iron Moth|Fiery Dance|p1a: Corviknight\n|-supereffective|p1a: Corviknight\n|-damage|p1a: Corviknight|0 fnt\n|-boost|p2a: Iron Moth|spa|1\n|faint|p1a: Corviknight\n|\n|-heal|p2a: Iron Moth|82\/100|[from] Grassy Terrain\n|upkeep\n|\n|t:|1700340179\n|switch|p1a: Dragapult|Dragapult, M|72\/100\n|turn|15\n|\n|t:|1700340183\n|move|p1a: Dragapult|Outrage|p2a: Iron Moth\n|-damage|p2a: Iron Moth|0 fnt\n|faint|p2a: Iron Moth\n|-end|p2a: Iron Moth|Quark Drive|[silent]\n|\n|-heal|p1a: Dragapult|78\/100|[from] Grassy Terrain\n|upkeep\n|\n|t:|1700340187\n|switch|p2a: Dragapult|Dragapult, M|100\/100\n|turn|16\n|\n|t:|1700340190\n|move|p1a: Dragapult|Outrage|p2a: Dragapult|[from]lockedmove\n|-supereffective|p2a: Dragapult\n|-damage|p2a: Dragapult|0 fnt\n|faint|p2a: Dragapult\n|-start|p1a: Dragapult|confusion|[fatigue]\n|\n|win|Felckon\n|raw|Felckon's rating: 1310 &rarr; <strong>1333<\/strong><br \/>(+23 for winning)\n|raw|Bogus dingle berry's rating: 1360 &rarr; <strong>1337<\/strong><br \/>(-23 for losing)\n|l|\u2606Bogus dingle berry\n","uploadtime":1700340297,"views":13,"p1id":"felckon","p2id":"bogusdingleberry","formatid":"gen9ou","rating":1333,"private":0,"password":""}