{"id":"gen9ou-1994971018","p1":"ICUPN","p2":"TytamWolf","format":"[Gen 9] OU","log":"|j|\u2606ICUPN\n|j|\u2606TytamWolf\n|t:|1700509201\n|gametype|singles\n|player|p1|ICUPN|scientist|1078\n|player|p2|TytamWolf|riley|1000\n|teamsize|p1|6\n|teamsize|p2|6\n|gen|9\n|tier|[Gen 9] OU\n|rated|\n|rule|Sleep Clause Mod: Limit one foe put to sleep\n|rule|Species Clause: Limit one of each Pok\u00e9mon\n|rule|OHKO Clause: OHKO moves are banned\n|rule|Evasion Items Clause: Evasion items are banned\n|rule|Evasion Moves Clause: Evasion moves are banned\n|rule|Endless Battle Clause: Forcing endless battles is banned\n|rule|HP Percentage Mod: HP is shown in percentages\n|clearpoke\n|poke|p1|Hatterene, F|\n|poke|p1|Goodra-Hisui, M|\n|poke|p1|Glastrier|\n|poke|p1|Gastrodon, F|\n|poke|p1|Spiritomb, M|\n|poke|p1|Vikavolt, M|\n|poke|p2|Ceruledge, M|\n|poke|p2|Iron Valiant|\n|poke|p2|Garchomp, F|\n|poke|p2|Meowscarada, M|\n|poke|p2|Scizor, M|\n|poke|p2|Greninja-*, M|\n|teampreview\n|\n|t:|1700509211\n|start\n|switch|p1a: Hatterene|Hatterene, F|100\/100\n|switch|p2a: Satoshi|Greninja, M, shiny|100\/100\n|turn|1\n|\n|t:|1700509219\n|move|p2a: Satoshi|Dark Pulse|p1a: Hatterene\n|-start|p2a: Satoshi|typechange|Dark|[from] ability: Protean\n|-damage|p1a: Hatterene|63\/100\n|move|p1a: Hatterene|Trick Room|p1a: Hatterene\n|-fieldstart|move: Trick Room|[of] p1a: Hatterene\n|\n|upkeep\n|turn|2\n|\n|t:|1700509228\n|move|p2a: Satoshi|Protect|p2a: Satoshi\n|-singleturn|p2a: Satoshi|Protect\n|move|p1a: Hatterene|Dazzling Gleam|p2a: Satoshi\n|-activate|p2a: Satoshi|move: Protect\n|\n|upkeep\n|turn|3\n|\n|t:|1700509237\n|move|p2a: Satoshi|Water Shuriken|p1a: Hatterene\n|-damage|p1a: Hatterene|59\/100\n|-damage|p1a: Hatterene|54\/100\n|-damage|p1a: Hatterene|49\/100\n|-damage|p1a: Hatterene|45\/100\n|-hitcount|p1a: Hatterene|4\n|move|p1a: Hatterene|Dazzling Gleam|p2a: Satoshi\n|-supereffective|p2a: Satoshi\n|-damage|p2a: Satoshi|0 fnt\n|faint|p2a: Satoshi\n|\n|upkeep\n|\n|t:|1700509250\n|switch|p2a: Axel|Scizor, M, shiny|100\/100\n|turn|4\n|\n|t:|1700509255\n|move|p1a: Hatterene|Mystical Fire|p2a: Axel\n|-supereffective|p2a: Axel\n|-damage|p2a: Axel|0 fnt\n|faint|p2a: Axel\n|\n|upkeep\n|\n|t:|1700509263\n|switch|p2a: Geralt|Ceruledge, M, shiny|100\/100\n|turn|5\n|\n|t:|1700509273\n|move|p1a: Hatterene|Psychic|p2a: Geralt\n|-damage|p2a: Geralt|42\/100\n|move|p2a: Geralt|Iron Head|p1a: Hatterene\n|-supereffective|p1a: Hatterene\n|-damage|p1a: Hatterene|0 fnt\n|faint|p1a: Hatterene\n|-damage|p2a: Geralt|32\/100|[from] item: Life Orb\n|\n|-fieldend|move: Trick Room\n|upkeep\n|\n|t:|1700509281\n|switch|p1a: Spiritomb|Spiritomb, M|100\/100\n|turn|6\n|\n|t:|1700509288\n|-terastallize|p2a: Geralt|Dark\n|move|p2a: Geralt|Psycho Cut|p1a: Spiritomb\n|-immune|p1a: Spiritomb\n|move|p1a: Spiritomb|Trick Room|p1a: Spiritomb\n|-fieldstart|move: Trick Room|[of] p1a: Spiritomb\n|\n|upkeep\n|turn|7\n|\n|t:|1700509297\n|switch|p1a: Gastrodon|Gastrodon, F|100\/100\n|move|p2a: Geralt|Swords Dance|p2a: Geralt\n|-boost|p2a: Geralt|atk|2\n|\n|upkeep\n|turn|8\n|\n|t:|1700509303\n|move|p1a: Gastrodon|Surf|p2a: Geralt\n|-damage|p2a: Geralt|0 fnt\n|faint|p2a: Geralt\n|\n|upkeep\n|\n|t:|1700509308\n|switch|p2a: Kakarot|Meowscarada, M, shiny|100\/100\n|turn|9\n|\n|t:|1700509313\n|switch|p1a: Glastrier|Glastrier|100\/100\n|move|p2a: Kakarot|Flower Trick|p1a: Glastrier\n|-start|p2a: Kakarot|typechange|Grass|[from] ability: Protean\n|-crit|p1a: Glastrier\n|-damage|p1a: Glastrier|67\/100\n|\n|upkeep\n|turn|10\n|\n|t:|1700509325\n|move|p1a: Glastrier|Icicle Crash|p2a: Kakarot\n|-supereffective|p2a: Kakarot\n|-enditem|p2a: Kakarot|Focus Sash\n|-damage|p2a: Kakarot|1\/100\n|move|p2a: Kakarot|U-turn|p1a: Glastrier\n|-damage|p1a: Glastrier|54\/100\n|\n|t:|1700509345\n|switch|p2a: Valiant|Iron Valiant, shiny|100\/100|[from] U-turn\n|-enditem|p2a: Valiant|Booster Energy\n|-activate|p2a: Valiant|ability: Quark Drive|[fromitem]\n|-start|p2a: Valiant|quarkdrivespe\n|\n|-fieldend|move: Trick Room\n|upkeep\n|turn|11\n|\n|t:|1700509361\n|move|p2a: Valiant|Swords Dance|p2a: Valiant\n|-boost|p2a: Valiant|atk|2\n|move|p1a: Glastrier|Double-Edge|p2a: Valiant\n|-damage|p2a: Valiant|40\/100\n|-damage|p1a: Glastrier|40\/100|[from] Recoil\n|\n|upkeep\n|turn|12\n|\n|t:|1700509371\n|move|p2a: Valiant|Aura Sphere|p1a: Glastrier\n|-supereffective|p1a: Glastrier\n|-damage|p1a: Glastrier|0 fnt\n|faint|p1a: Glastrier\n|\n|upkeep\n|\n|t:|1700509378\n|switch|p1a: Goodra|Goodra-Hisui, M|100\/100\n|turn|13\n|\n|t:|1700509384\n|move|p2a: Valiant|Moonblast|p1a: Goodra\n|-damage|p1a: Goodra|76\/100\n|move|p1a: Goodra|Gyro Ball|p2a: Valiant\n|-supereffective|p2a: Valiant\n|-damage|p2a: Valiant|0 fnt\n|faint|p2a: Valiant\n|-end|p2a: Valiant|Quark Drive|[silent]\n|\n|upkeep\n|\n|t:|1700509393\n|switch|p2a: Cynthia|Garchomp, F, shiny|100\/100\n|turn|14\n|\n|t:|1700509399\n|switch|p1a: Vikavolt|Vikavolt, M|100\/100\n|move|p2a: Cynthia|Swords Dance|p2a: Cynthia\n|-boost|p2a: Cynthia|atk|2\n|\n|upkeep\n|turn|15\n|\n|t:|1700509418\n|move|p2a: Cynthia|Stone Edge|p1a: Vikavolt\n|-supereffective|p1a: Vikavolt\n|-damage|p1a: Vikavolt|0 fnt\n|faint|p1a: Vikavolt\n|\n|upkeep\n|\n|t:|1700509431\n|switch|p1a: Spiritomb|Spiritomb, M|100\/100\n|turn|16\n|\n|t:|1700509435\n|move|p2a: Cynthia|Earthquake|p1a: Spiritomb\n|-damage|p1a: Spiritomb|8\/100\n|move|p1a: Spiritomb|Trick Room|p1a: Spiritomb\n|-fieldstart|move: Trick Room|[of] p1a: Spiritomb\n|\n|-heal|p1a: Spiritomb|14\/100|[from] item: Leftovers\n|upkeep\n|turn|17\n|\n|t:|1700509449\n|move|p1a: Spiritomb|Will-O-Wisp|p2a: Cynthia\n|-status|p2a: Cynthia|brn\n|move|p2a: Cynthia|Earthquake|p1a: Spiritomb\n|-damage|p1a: Spiritomb|0 fnt\n|faint|p1a: Spiritomb\n|\n|-damage|p2a: Cynthia|94\/100 brn|[from] brn\n|upkeep\n|\n|t:|1700509461\n|switch|p1a: Gastrodon|Gastrodon, F|100\/100\n|turn|18\n|\n|t:|1700509469\n|-terastallize|p1a: Gastrodon|Ice\n|move|p1a: Gastrodon|Ice Beam|p2a: Cynthia\n|-supereffective|p2a: Cynthia\n|-damage|p2a: Cynthia|0 fnt\n|faint|p2a: Cynthia\n|\n|upkeep\n|\n|t:|1700509479\n|switch|p2a: Kakarot|Meowscarada, M, shiny|1\/100\n|turn|19\n|\n|t:|1700509484\n|move|p1a: Gastrodon|Ice Beam|p2a: Kakarot\n|-supereffective|p2a: Kakarot\n|-damage|p2a: Kakarot|0 fnt\n|faint|p2a: Kakarot\n|\n|win|ICUPN\n|raw|ICUPN's rating: 1078 &rarr; <strong>1100<\/strong><br \/>(+22 for winning)\n|raw|TytamWolf's rating: 1000 &rarr; <strong>1000<\/strong><br \/>(+0 for losing)\n","uploadtime":1700509492,"views":6,"p1id":"icupn","p2id":"tytamwolf","formatid":"gen9ou","rating":1000,"private":0,"password":""}