{"id":"gen9ou-1993383820","p1":"Welcometoearth420","p2":"ShizuOsaka","format":"[Gen 9] OU","log":"|j|\u2606Welcometoearth420\n|j|\u2606ShizuOsaka\n|t:|1700309913\n|gametype|singles\n|player|p1|Welcometoearth420|1|1397\n|player|p2|ShizuOsaka|lady|1518\n|teamsize|p1|6\n|teamsize|p2|6\n|gen|9\n|tier|[Gen 9] OU\n|rated|\n|rule|Sleep Clause Mod: Limit one foe put to sleep\n|rule|Species Clause: Limit one of each Pok\u00e9mon\n|rule|OHKO Clause: OHKO moves are banned\n|rule|Evasion Items Clause: Evasion items are banned\n|rule|Evasion Moves Clause: Evasion moves are banned\n|rule|Endless Battle Clause: Forcing endless battles is banned\n|rule|HP Percentage Mod: HP is shown in percentages\n|clearpoke\n|poke|p1|Corviknight, M|\n|poke|p1|Dragapult, F|\n|poke|p1|Slowking-Galar, F|\n|poke|p1|Zapdos|\n|poke|p1|Iron Valiant|\n|poke|p1|Tornadus-Therian, M|\n|poke|p2|Amoonguss, F|\n|poke|p2|Great Tusk|\n|poke|p2|Samurott-Hisui, F|\n|poke|p2|Jirachi|\n|poke|p2|Haxorus, F|\n|poke|p2|Cinderace, M|\n|teampreview\n|inactive|Battle timer is ON: inactive players will automatically lose when time's up. (requested by ShizuOsaka)\n|inactive|ShizuOsaka has 120 seconds left.\n|\n|t:|1700309961\n|start\n|switch|p1a: Corviknight|Corviknight, M|100\/100\n|switch|p2a: Samurott|Samurott-Hisui, F|100\/100\n|turn|1\n|\n|t:|1700309965\n|move|p2a: Samurott|Knock Off|p1a: Corviknight\n|-damage|p1a: Corviknight|73\/100\n|-damage|p2a: Samurott|84\/100|[from] item: Rocky Helmet|[of] p1a: Corviknight\n|-enditem|p1a: Corviknight|Rocky Helmet|[from] move: Knock Off|[of] p2a: Samurott\n|move|p1a: Corviknight|Body Press|p2a: Samurott\n|-supereffective|p2a: Samurott\n|-damage|p2a: Samurott|20\/100\n|\n|upkeep\n|turn|2\n|\n|t:|1700309977\n|switch|p2a: Jirachi|Jirachi|100\/100\n|move|p1a: Corviknight|Body Press|p2a: Jirachi\n|-damage|p2a: Jirachi|77\/100\n|\n|-heal|p2a: Jirachi|83\/100|[from] item: Leftovers\n|upkeep\n|turn|3\n|\n|t:|1700309986\n|switch|p1a: Zapdos|Zapdos|100\/100\n|-ability|p1a: Zapdos|Pressure\n|move|p2a: Jirachi|Stealth Rock|p1a: Zapdos\n|-sidestart|p1: Welcometoearth420|move: Stealth Rock\n|\n|-heal|p2a: Jirachi|90\/100|[from] item: Leftovers\n|upkeep\n|turn|4\n|\n|t:|1700309996\n|move|p2a: Jirachi|U-turn|p1a: Zapdos\n|-resisted|p1a: Zapdos\n|-damage|p1a: Zapdos|95\/100\n|\n|t:|1700310000\n|switch|p2a: Great Tusk|Great Tusk|100\/100|[from] U-turn\n|move|p1a: Zapdos|Discharge|p2a: Great Tusk\n|-immune|p2a: Great Tusk\n|\n|upkeep\n|turn|5\n|\n|t:|1700310004\n|-end|p2a: Great Tusk|Protosynthesis|[silent]\n|switch|p2a: Samurott|Samurott-Hisui, F|20\/100\n|move|p1a: Zapdos|Hurricane|p2a: Samurott\n|-damage|p2a: Samurott|0 fnt\n|faint|p2a: Samurott\n|\n|upkeep\n|\n|t:|1700310009\n|switch|p2a: Haxorus|Haxorus, F|100\/100\n|-ability|p2a: Haxorus|Mold Breaker\n|turn|6\n|\n|t:|1700310017\n|move|p2a: Haxorus|Swords Dance|p2a: Haxorus\n|-boost|p2a: Haxorus|atk|2\n|move|p1a: Zapdos|Volt Switch|p2a: Haxorus\n|-resisted|p2a: Haxorus\n|-damage|p2a: Haxorus|76\/100\n|\n|t:|1700310022\n|switch|p1a: Dragapult|Dragapult, F|100\/100|[from] Volt Switch\n|-damage|p1a: Dragapult|88\/100|[from] Stealth Rock\n|\n|upkeep\n|turn|7\n|\n|t:|1700310026\n|switch|p2a: Jirachi|Jirachi|90\/100\n|move|p1a: Dragapult|Draco Meteor|p2a: Jirachi\n|-resisted|p2a: Jirachi\n|-damage|p2a: Jirachi|64\/100\n|-unboost|p1a: Dragapult|spa|2\n|\n|-heal|p2a: Jirachi|70\/100|[from] item: Leftovers\n|upkeep\n|turn|8\n|\n|t:|1700310034\n|switch|p1a: Corviknight|Corviknight, M|73\/100\n|-damage|p1a: Corviknight|61\/100|[from] Stealth Rock\n|move|p2a: Jirachi|U-turn|p1a: Corviknight\n|-resisted|p1a: Corviknight\n|-damage|p1a: Corviknight|58\/100\n|\n|t:|1700310036\n|switch|p2a: Haxorus|Haxorus, F|76\/100|[from] U-turn\n|-ability|p2a: Haxorus|Mold Breaker\n|\n|upkeep\n|turn|9\n|\n|t:|1700310042\n|move|p2a: Haxorus|Swords Dance|p2a: Haxorus\n|-boost|p2a: Haxorus|atk|2\n|move|p1a: Corviknight|Defog|p2a: Haxorus\n|-unboost|p2a: Haxorus|evasion|1\n|-sideend|p1: Welcometoearth420|Stealth Rock|[from] move: Defog|[of] p1a: Corviknight\n|\n|upkeep\n|turn|10\n|\n|t:|1700310053\n|move|p2a: Haxorus|Scale Shot|p1a: Corviknight\n|-resisted|p1a: Corviknight\n|-damage|p1a: Corviknight|50\/100\n|-resisted|p1a: Corviknight\n|-damage|p1a: Corviknight|41\/100\n|-resisted|p1a: Corviknight\n|-damage|p1a: Corviknight|32\/100\n|-resisted|p1a: Corviknight\n|-damage|p1a: Corviknight|24\/100\n|-hitcount|p1a: Corviknight|4\n|-unboost|p2a: Haxorus|def|1\n|-boost|p2a: Haxorus|spe|1\n|move|p1a: Corviknight|Roost|p1a: Corviknight\n|-heal|p1a: Corviknight|74\/100\n|-singleturn|p1a: Corviknight|move: Roost\n|\n|upkeep\n|turn|11\n|\n|t:|1700310064\n|move|p2a: Haxorus|Scale Shot|p1a: Corviknight\n|-resisted|p1a: Corviknight\n|-damage|p1a: Corviknight|65\/100\n|-resisted|p1a: Corviknight\n|-crit|p1a: Corviknight\n|-damage|p1a: Corviknight|53\/100\n|-resisted|p1a: Corviknight\n|-damage|p1a: Corviknight|45\/100\n|-resisted|p1a: Corviknight\n|-damage|p1a: Corviknight|36\/100\n|-hitcount|p1a: Corviknight|4\n|-unboost|p2a: Haxorus|def|1\n|-boost|p2a: Haxorus|spe|1\n|move|p1a: Corviknight|Brave Bird|p2a: Haxorus\n|-damage|p2a: Haxorus|0 fnt\n|faint|p2a: Haxorus\n|-damage|p1a: Corviknight|17\/100|[from] Recoil\n|\n|upkeep\n|-message|ShizuOsaka forfeited.\n|\n|win|Welcometoearth420\n|raw|Welcometoearth420's rating: 1397 &rarr; <strong>1424<\/strong><br \/>(+27 for winning)\n|raw|ShizuOsaka's rating: 1518 &rarr; <strong>1491<\/strong><br \/>(-27 for losing)\n|l|\u2606ShizuOsaka\n","uploadtime":1700310072,"views":9,"p1id":"welcometoearth420","p2id":"shizuosaka","formatid":"gen9ou","rating":1424,"private":0,"password":""}