{"id":"gen9ou-1993957615","p1":"OU (Very Popular)","p2":"Seylisensei","format":"[Gen 9] OU","log":"|j|\u2606OU (Very Popular)\n|j|\u2606Seylisensei\n|t:|1700382687\n|gametype|singles\n|player|p1|OU (Very Popular)|hilbert-wonderlauncher|1307\n|player|p2|Seylisensei|ethan|1373\n|teamsize|p1|6\n|teamsize|p2|6\n|gen|9\n|tier|[Gen 9] OU\n|rated|\n|rule|Sleep Clause Mod: Limit one foe put to sleep\n|rule|Species Clause: Limit one of each Pok\u00e9mon\n|rule|OHKO Clause: OHKO moves are banned\n|rule|Evasion Items Clause: Evasion items are banned\n|rule|Evasion Moves Clause: Evasion moves are banned\n|rule|Endless Battle Clause: Forcing endless battles is banned\n|rule|HP Percentage Mod: HP is shown in percentages\n|clearpoke\n|poke|p1|Sneasler, F|\n|poke|p1|Samurott-Hisui, F|\n|poke|p1|Iron Valiant|\n|poke|p1|Corviknight, F|\n|poke|p1|Iron Moth|\n|poke|p1|Rillaboom, F|\n|poke|p2|Kingambit, M|\n|poke|p2|Great Tusk|\n|poke|p2|Dragapult, F|\n|poke|p2|Ogerpon-Wellspring, F|\n|poke|p2|Blissey, F|\n|poke|p2|Zapdos|\n|teampreview\n|inactive|Battle timer is ON: inactive players will automatically lose when time's up. (requested by OU (Very Popular))\n|inactive|Seylisensei has 120 seconds left.\n|\n|t:|1700382732\n|start\n|switch|p1a: Rillaboom|Rillaboom, F|100\/100\n|switch|p2a: N|Zapdos|100\/100\n|-fieldstart|move: Grassy Terrain|[from] ability: Grassy Surge|[of] p1a: Rillaboom\n|turn|1\n|\n|t:|1700382744\n|move|p2a: N|Hurricane|p1a: Rillaboom|[miss]\n|-miss|p2a: N|p1a: Rillaboom\n|move|p1a: Rillaboom|Knock Off|p2a: N\n|-damage|p2a: N|69\/100\n|-enditem|p2a: N|Heavy-Duty Boots|[from] move: Knock Off|[of] p1a: Rillaboom\n|\n|upkeep\n|turn|2\n|\n|t:|1700382753\n|switch|p1a: Corviknight|Corviknight, F|100\/100\n|-ability|p1a: Corviknight|Pressure\n|move|p2a: N|Hurricane|p1a: Corviknight|[miss]\n|-miss|p2a: N|p1a: Corviknight\n|\n|upkeep\n|turn|3\n|\n|t:|1700382762\n|switch|p1a: Iron Valiant|Iron Valiant, shiny|100\/100\n|-enditem|p1a: Iron Valiant|Booster Energy\n|-activate|p1a: Iron Valiant|ability: Quark Drive|[fromitem]\n|-start|p1a: Iron Valiant|quarkdrivespe\n|move|p2a: N|Roost|p2a: N\n|-heal|p2a: N|100\/100\n|-singleturn|p2a: N|move: Roost\n|\n|upkeep\n|turn|4\n|\n|t:|1700382766\n|move|p1a: Iron Valiant|Destiny Bond|p1a: Iron Valiant\n|-singlemove|p1a: Iron Valiant|Destiny Bond\n|move|p2a: N|Hurricane|p1a: Iron Valiant|[miss]\n|-miss|p2a: N|p1a: Iron Valiant\n|\n|upkeep\n|turn|5\n|\n|t:|1700382774\n|move|p1a: Iron Valiant|Moonblast|p2a: N\n|-damage|p2a: N|56\/100\n|move|p2a: N|Heat Wave|p1a: Iron Valiant\n|-damage|p1a: Iron Valiant|49\/100\n|\n|-heal|p1a: Iron Valiant|56\/100|[from] Grassy Terrain\n|-fieldend|move: Grassy Terrain\n|upkeep\n|turn|6\n|\n|t:|1700382789\n|move|p1a: Iron Valiant|Moonblast|p2a: N\n|-damage|p2a: N|8\/100\n|move|p2a: N|Heat Wave|p1a: Iron Valiant\n|-damage|p1a: Iron Valiant|0 fnt\n|faint|p1a: Iron Valiant\n|-end|p1a: Iron Valiant|Quark Drive|[silent]\n|\n|upkeep\n|\n|t:|1700382796\n|switch|p1a: Rillaboom|Rillaboom, F|100\/100\n|-fieldstart|move: Grassy Terrain|[from] ability: Grassy Surge|[of] p1a: Rillaboom\n|turn|7\n|\n|t:|1700382803\n|move|p1a: Rillaboom|Grassy Glide|p2a: N\n|-resisted|p2a: N\n|-damage|p2a: N|0 fnt\n|faint|p2a: N\n|\n|upkeep\n|\n|t:|1700382809\n|switch|p2a: Mpt|Dragapult, F|100\/100\n|turn|8\n|\n|t:|1700382813\n|move|p2a: Mpt|U-turn|p1a: Rillaboom\n|-supereffective|p1a: Rillaboom\n|-damage|p1a: Rillaboom|69\/100\n|\n|t:|1700382823\n|switch|p2a: I|Ogerpon-Wellspring, F|100\/100|[from] U-turn\n|move|p1a: Rillaboom|Knock Off|p2a: I\n|-damage|p2a: I|66\/100\n|\n|-heal|p2a: I|72\/100|[from] Grassy Terrain\n|-heal|p1a: Rillaboom|75\/100|[from] Grassy Terrain\n|upkeep\n|turn|9\n|\n|t:|1700382828\n|switch|p2a: Mpt|Dragapult, F|100\/100\n|move|p1a: Rillaboom|U-turn|p2a: Mpt\n|-resisted|p2a: Mpt\n|-damage|p2a: Mpt|83\/100\n|\n|t:|1700382833\n|switch|p1a: Sneasler|Sneasler, F, shiny|100\/100|[from] U-turn\n|-enditem|p1a: Sneasler|Grassy Seed\n|-boost|p1a: Sneasler|def|1|[from] item: Grassy Seed\n|\n|-heal|p2a: Mpt|89\/100|[from] Grassy Terrain\n|upkeep\n|turn|10\n|\n|t:|1700382840\n|move|p1a: Sneasler|Swords Dance|p1a: Sneasler\n|-boost|p1a: Sneasler|atk|2\n|move|p2a: Mpt|Draco Meteor|p1a: Sneasler\n|-damage|p1a: Sneasler|0 fnt\n|-unboost|p2a: Mpt|spa|2\n|faint|p1a: Sneasler\n|\n|-heal|p2a: Mpt|95\/100|[from] Grassy Terrain\n|upkeep\n|\n|t:|1700382850\n|switch|p1a: Samurott|Samurott-Hisui, F, shiny|100\/100\n|turn|11\n|\n|t:|1700382854\n|switch|p2a: De|Great Tusk|100\/100\n|move|p1a: Samurott|Ceaseless Edge|p2a: De\n|-resisted|p2a: De\n|-damage|p2a: De|86\/100\n|-sidestart|p2: Seylisensei|Spikes\n|\n|-heal|p2a: De|92\/100|[from] Grassy Terrain\n|-heal|p2a: De|99\/100|[from] item: Leftovers\n|-fieldend|move: Grassy Terrain\n|upkeep\n|turn|12\n|\n|t:|1700382863\n|switch|p1a: Corviknight|Corviknight, F|100\/100\n|-ability|p1a: Corviknight|Pressure\n|move|p2a: De|Bulk Up|p2a: De\n|-boost|p2a: De|atk|1\n|-boost|p2a: De|def|1\n|\n|-heal|p2a: De|100\/100|[from] item: Leftovers\n|upkeep\n|turn|13\n|\n|t:|1700382867\n|move|p2a: De|Bulk Up|p2a: De\n|-boost|p2a: De|atk|1\n|-boost|p2a: De|def|1\n|move|p1a: Corviknight|Brave Bird|p2a: De\n|-supereffective|p2a: De\n|-damage|p2a: De|78\/100\n|-damage|p1a: Corviknight|92\/100|[from] Recoil\n|\n|-heal|p2a: De|84\/100|[from] item: Leftovers\n|upkeep\n|turn|14\n|\n|t:|1700382873\n|move|p2a: De|Rapid Spin|p1a: Corviknight\n|-resisted|p1a: Corviknight\n|-crit|p1a: Corviknight\n|-damage|p1a: Corviknight|79\/100\n|-boost|p2a: De|spe|1\n|-damage|p2a: De|68\/100|[from] item: Rocky Helmet|[of] p1a: Corviknight\n|-sideend|p2: Seylisensei|Spikes|[from] move: Rapid Spin|[of] p2a: De\n|move|p1a: Corviknight|Brave Bird|p2a: De\n|-supereffective|p2a: De\n|-damage|p2a: De|45\/100\n|-damage|p1a: Corviknight|71\/100|[from] Recoil\n|\n|-heal|p2a: De|52\/100|[from] item: Leftovers\n|upkeep\n|turn|15\n|\n|t:|1700382882\n|move|p2a: De|Bulk Up|p2a: De\n|-boost|p2a: De|atk|1\n|-boost|p2a: De|def|1\n|move|p1a: Corviknight|Brave Bird|p2a: De\n|-supereffective|p2a: De\n|-damage|p2a: De|32\/100\n|-damage|p1a: Corviknight|64\/100|[from] Recoil\n|\n|-heal|p2a: De|39\/100|[from] item: Leftovers\n|upkeep\n|turn|16\n|\n|t:|1700382886\n|move|p2a: De|Knock Off|p1a: Corviknight\n|-damage|p1a: Corviknight|25\/100\n|-damage|p2a: De|22\/100|[from] item: Rocky Helmet|[of] p1a: Corviknight\n|-enditem|p1a: Corviknight|Rocky Helmet|[from] move: Knock Off|[of] p2a: De\n|move|p1a: Corviknight|Roost|p1a: Corviknight\n|-heal|p1a: Corviknight|75\/100\n|-singleturn|p1a: Corviknight|move: Roost\n|\n|-heal|p2a: De|28\/100|[from] item: Leftovers\n|upkeep\n|turn|17\n|\n|t:|1700382896\n|move|p2a: De|Knock Off|p1a: Corviknight\n|-damage|p1a: Corviknight|48\/100\n|move|p1a: Corviknight|U-turn|p2a: De\n|-resisted|p2a: De\n|-damage|p2a: De|26\/100\n|\n|t:|1700382899\n|switch|p1a: Iron Moth|Iron Moth, shiny|100\/100|[from] U-turn\n|-enditem|p1a: Iron Moth|Booster Energy\n|-activate|p1a: Iron Moth|ability: Quark Drive|[fromitem]\n|-start|p1a: Iron Moth|quarkdrivespe\n|\n|-heal|p2a: De|33\/100|[from] item: Leftovers\n|upkeep\n|turn|18\n|\n|t:|1700382904\n|-end|p2a: De|Protosynthesis|[silent]\n|switch|p2a: O|Blissey, F|100\/100\n|move|p1a: Iron Moth|Fiery Dance|p2a: O\n|-damage|p2a: O|85\/100\n|\n|upkeep\n|turn|19\n|\n|t:|1700382908\n|move|p1a: Iron Moth|Fiery Dance|p2a: O\n|-damage|p2a: O|69\/100\n|move|p2a: O|Stealth Rock|p1a: Iron Moth\n|-sidestart|p1: OU (Very Popular)|move: Stealth Rock\n|\n|upkeep\n|turn|20\n|\n|t:|1700382911\n|move|p1a: Iron Moth|Fiery Dance|p2a: O\n|-damage|p2a: O|53\/100\n|move|p2a: O|Seismic Toss|p1a: Iron Moth\n|-damage|p1a: Iron Moth|67\/100\n|\n|upkeep\n|turn|21\n|\n|t:|1700382915\n|move|p1a: Iron Moth|Fiery Dance|p2a: O\n|-damage|p2a: O|37\/100\n|-boost|p1a: Iron Moth|spa|1\n|move|p2a: O|Soft-Boiled|p2a: O\n|-heal|p2a: O|87\/100\n|\n|upkeep\n|turn|22\n|\n|t:|1700382919\n|move|p1a: Iron Moth|Sludge Wave|p2a: O\n|-damage|p2a: O|60\/100\n|move|p2a: O|Seismic Toss|p1a: Iron Moth\n|-damage|p1a: Iron Moth|34\/100\n|\n|upkeep\n|turn|23\n|\n|t:|1700382924\n|move|p1a: Iron Moth|Sludge Wave|p2a: O\n|-damage|p2a: O|35\/100\n|move|p2a: O|Soft-Boiled|p2a: O\n|-heal|p2a: O|85\/100\n|\n|upkeep\n|turn|24\n|\n|t:|1700382928\n|-end|p1a: Iron Moth|Quark Drive|[silent]\n|switch|p1a: Rillaboom|Rillaboom, F|75\/100\n|-damage|p1a: Rillaboom|62\/100|[from] Stealth Rock\n|-fieldstart|move: Grassy Terrain|[from] ability: Grassy Surge|[of] p1a: Rillaboom\n|move|p2a: O|Seismic Toss|p1a: Rillaboom\n|-damage|p1a: Rillaboom|37\/100\n|\n|-heal|p1a: Rillaboom|43\/100|[from] Grassy Terrain\n|-heal|p2a: O|91\/100|[from] Grassy Terrain\n|upkeep\n|turn|25\n|\n|t:|1700382942\n|switch|p2a: De|Great Tusk|33\/100\n|move|p1a: Rillaboom|U-turn|p2a: De\n|-resisted|p2a: De\n|-crit|p2a: De\n|-damage|p2a: De|20\/100\n|\n|t:|1700382946\n|switch|p1a: Iron Moth|Iron Moth, shiny|34\/100|[from] U-turn\n|-damage|p1a: Iron Moth|9\/100|[from] Stealth Rock\n|\n|-heal|p1a: Iron Moth|15\/100|[from] Grassy Terrain\n|-heal|p2a: De|26\/100|[from] Grassy Terrain\n|-heal|p2a: De|32\/100|[from] item: Leftovers\n|upkeep\n|turn|26\n|\n|t:|1700382950\n|-end|p1a: Iron Moth|Quark Drive|[silent]\n|switch|p1a: Corviknight|Corviknight, F|48\/100\n|-damage|p1a: Corviknight|36\/100|[from] Stealth Rock\n|-ability|p1a: Corviknight|Pressure\n|move|p2a: De|Earthquake|p1a: Corviknight\n|-immune|p1a: Corviknight\n|\n|-heal|p2a: De|38\/100|[from] Grassy Terrain\n|-heal|p2a: De|45\/100|[from] item: Leftovers\n|upkeep\n|turn|27\n|\n|t:|1700382960\n|-end|p2a: De|Protosynthesis|[silent]\n|switch|p2a: Mpt|Dragapult, F|95\/100\n|move|p1a: Corviknight|Roost|p1a: Corviknight\n|-heal|p1a: Corviknight|86\/100\n|-singleturn|p1a: Corviknight|move: Roost\n|\n|-heal|p2a: Mpt|100\/100|[from] Grassy Terrain\n|-heal|p1a: Corviknight|92\/100|[from] Grassy Terrain\n|upkeep\n|turn|28\n|\n|t:|1700382968\n|move|p2a: Mpt|Flamethrower|p1a: Corviknight\n|-supereffective|p1a: Corviknight\n|-damage|p1a: Corviknight|21\/100\n|move|p1a: Corviknight|Defog|p2a: Mpt\n|-unboost|p2a: Mpt|evasion|1\n|-sideend|p1: OU (Very Popular)|Stealth Rock|[from] move: Defog|[of] p1a: Corviknight\n|-fieldend|move: Grassy Terrain\n|\n|upkeep\n|turn|29\n|\n|t:|1700382974\n|switch|p1a: Iron Moth|Iron Moth, shiny|15\/100\n|move|p2a: Mpt|Flamethrower|p1a: Iron Moth\n|-resisted|p1a: Iron Moth\n|-damage|p1a: Iron Moth|0 fnt\n|faint|p1a: Iron Moth\n|-end|p1a: Iron Moth|Quark Drive|[silent]\n|\n|upkeep\n|\n|t:|1700382976\n|switch|p1a: Samurott|Samurott-Hisui, F, shiny|100\/100\n|turn|30\n|\n|t:|1700382982\n|switch|p2a: De|Great Tusk|45\/100\n|move|p1a: Samurott|Ceaseless Edge|p2a: De\n|-resisted|p2a: De\n|-damage|p2a: De|29\/100\n|-sidestart|p2: Seylisensei|Spikes\n|\n|-heal|p2a: De|36\/100|[from] item: Leftovers\n|upkeep\n|turn|31\n|\n|t:|1700382988\n|move|p2a: De|Rapid Spin|p1a: Samurott\n|-damage|p1a: Samurott|81\/100\n|-boost|p2a: De|spe|1\n|-sideend|p2: Seylisensei|Spikes|[from] move: Rapid Spin|[of] p2a: De\n|move|p1a: Samurott|Razor Shell|p2a: De\n|-supereffective|p2a: De\n|-damage|p2a: De|0 fnt\n|faint|p2a: De\n|-end|p2a: De|Protosynthesis|[silent]\n|\n|upkeep\n|\n|t:|1700382994\n|switch|p2a: Mpt|Dragapult, F|100\/100\n|turn|32\n|\n|t:|1700382998\n|move|p1a: Samurott|Sucker Punch|p2a: Mpt\n|-supereffective|p2a: Mpt\n|-damage|p2a: Mpt|7\/100\n|move|p2a: Mpt|Draco Meteor|p1a: Samurott\n|-damage|p1a: Samurott|0 fnt\n|-unboost|p2a: Mpt|spa|2\n|faint|p1a: Samurott\n|\n|upkeep\n|\n|t:|1700383002\n|switch|p1a: Rillaboom|Rillaboom, F|43\/100\n|-fieldstart|move: Grassy Terrain|[from] ability: Grassy Surge|[of] p1a: Rillaboom\n|turn|33\n|\n|t:|1700383006\n|move|p1a: Rillaboom|Grassy Glide|p2a: Mpt\n|-resisted|p2a: Mpt\n|-damage|p2a: Mpt|0 fnt\n|faint|p2a: Mpt\n|\n|-heal|p1a: Rillaboom|49\/100|[from] Grassy Terrain\n|upkeep\n|\n|t:|1700383013\n|switch|p2a: O|Blissey, F|91\/100\n|turn|34\n|\n|t:|1700383016\n|move|p1a: Rillaboom|Knock Off|p2a: O\n|-damage|p2a: O|58\/100\n|-enditem|p2a: O|Heavy-Duty Boots|[from] move: Knock Off|[of] p1a: Rillaboom\n|move|p2a: O|Seismic Toss|p1a: Rillaboom\n|-damage|p1a: Rillaboom|24\/100\n|\n|-heal|p1a: Rillaboom|30\/100|[from] Grassy Terrain\n|-heal|p2a: O|64\/100|[from] Grassy Terrain\n|upkeep\n|turn|35\n|\n|t:|1700383021\n|move|p1a: Rillaboom|Grassy Glide|p2a: O\n|-damage|p2a: O|27\/100\n|move|p2a: O|Soft-Boiled|p2a: O\n|-heal|p2a: O|77\/100\n|\n|-heal|p1a: Rillaboom|36\/100|[from] Grassy Terrain\n|-heal|p2a: O|83\/100|[from] Grassy Terrain\n|upkeep\n|turn|36\n|\n|t:|1700383027\n|move|p1a: Rillaboom|Drain Punch|p2a: O\n|-supereffective|p2a: O\n|-damage|p2a: O|33\/100\n|-heal|p1a: Rillaboom|81\/100|[from] drain|[of] p2a: O\n|move|p2a: O|Seismic Toss|p1a: Rillaboom\n|-damage|p1a: Rillaboom|56\/100\n|\n|-heal|p1a: Rillaboom|62\/100|[from] Grassy Terrain\n|-heal|p2a: O|39\/100|[from] Grassy Terrain\n|upkeep\n|turn|37\n|\n|t:|1700383032\n|move|p1a: Rillaboom|Drain Punch|p2a: O\n|-supereffective|p2a: O\n|-damage|p2a: O|0 fnt\n|-heal|p1a: Rillaboom|97\/100|[from] drain|[of] p2a: O\n|faint|p2a: O\n|\n|-heal|p1a: Rillaboom|100\/100|[from] Grassy Terrain\n|-fieldend|move: Grassy Terrain\n|upkeep\n|\n|t:|1700383039\n|switch|p2a: I|Ogerpon-Wellspring, F|72\/100\n|turn|38\n|\n|t:|1700383044\n|switch|p1a: Corviknight|Corviknight, F|21\/100\n|-ability|p1a: Corviknight|Pressure\n|move|p2a: I|Power Whip|p1a: Corviknight\n|-resisted|p1a: Corviknight\n|-damage|p1a: Corviknight|10\/100\n|\n|upkeep\n|turn|39\n|\n|t:|1700383048\n|move|p2a: I|Ivy Cudgel|p1a: Corviknight|[anim] Ivy Cudgel Water\n|-damage|p1a: Corviknight|0 fnt\n|faint|p1a: Corviknight\n|\n|upkeep\n|\n|t:|1700383051\n|switch|p1a: Rillaboom|Rillaboom, F|100\/100\n|-fieldstart|move: Grassy Terrain|[from] ability: Grassy Surge|[of] p1a: Rillaboom\n|turn|40\n|\n|t:|1700383055\n|move|p1a: Rillaboom|Grassy Glide|p2a: I\n|-damage|p2a: I|24\/100\n|move|p2a: I|U-turn|p1a: Rillaboom\n|-supereffective|p1a: Rillaboom\n|-damage|p1a: Rillaboom|45\/100\n|\n|t:|1700383059\n|switch|p2a: Re|Kingambit, M|100\/100|[from] U-turn\n|-activate|p2a: Re|ability: Supreme Overlord\n|-start|p2a: Re|fallen4|[silent]\n|\n|-heal|p1a: Rillaboom|52\/100|[from] Grassy Terrain\n|upkeep\n|turn|41\n|\n|t:|1700383066\n|-terastallize|p1a: Rillaboom|Fairy\n|-terastallize|p2a: Re|Dark\n|move|p2a: Re|Sucker Punch|p1a: Rillaboom\n|-resisted|p1a: Rillaboom\n|-damage|p1a: Rillaboom|16\/100\n|move|p1a: Rillaboom|Drain Punch|p2a: Re\n|-supereffective|p2a: Re\n|-damage|p2a: Re|57\/100\n|-heal|p1a: Rillaboom|37\/100|[from] drain|[of] p2a: Re\n|\n|-heal|p1a: Rillaboom|43\/100|[from] Grassy Terrain\n|-heal|p2a: Re|63\/100|[from] Grassy Terrain\n|upkeep\n|turn|42\n|\n|t:|1700383075\n|move|p1a: Rillaboom|Grassy Glide|p2a: Re\n|-damage|p2a: Re|33\/100\n|move|p2a: Re|Iron Head|p1a: Rillaboom\n|-supereffective|p1a: Rillaboom\n|-damage|p1a: Rillaboom|0 fnt\n|faint|p1a: Rillaboom\n|\n|win|Seylisensei\n|raw|OU (Very Popular)'s rating: 1331 &rarr; <strong>1313<\/strong><br \/>(-18 for losing)\n|raw|Seylisensei's rating: 1373 &rarr; <strong>1391<\/strong><br \/>(+18 for winning)\n|l|\u2606OU (Very Popular)\n|l|\u2606Seylisensei\n|j|\u2606Seylisensei\n|player|p2|Seylisensei|ethan\n","uploadtime":1700383398,"views":9,"p1id":"ouverypopular","p2id":"seylisensei","formatid":"gen9ou","rating":1313,"private":0,"password":""}