{"id":"gen9ou-1995517379","p1":"zxcvbnmmnbvcx","p2":"cocakk","format":"[Gen 9] OU","log":"|j|\u2606zxcvbnmmnbvcx\n|j|\u2606cocakk\n|t:|1700579078\n|gametype|singles\n|player|p1|zxcvbnmmnbvcx|170|\n|player|p2|cocakk|iris-gen5bw2|\n|teamsize|p1|6\n|teamsize|p2|6\n|gen|9\n|tier|[Gen 9] OU\n|rated|Tournament battle\n|rule|Sleep Clause Mod: Limit one foe put to sleep\n|rule|Species Clause: Limit one of each Pok\u00e9mon\n|rule|OHKO Clause: OHKO moves are banned\n|rule|Evasion Items Clause: Evasion items are banned\n|rule|Evasion Moves Clause: Evasion moves are banned\n|rule|Endless Battle Clause: Forcing endless battles is banned\n|rule|HP Percentage Mod: HP is shown in percentages\n|clearpoke\n|poke|p1|Fezandipiti, M|\n|poke|p1|Landorus-Therian, M|\n|poke|p1|Samurott-Hisui, M|\n|poke|p1|Iron Valiant|\n|poke|p1|Skeledirge, M|\n|poke|p1|Dragapult, M|\n|poke|p2|Rillaboom, F|\n|poke|p2|Cinderace, M|\n|poke|p2|Ogerpon-Cornerstone, F|\n|poke|p2|Kingambit, M|\n|poke|p2|Great Tusk|\n|poke|p2|Iron Valiant|\n|teampreview\n|inactive|Battle timer is ON: inactive players will automatically lose when time's up. (requested by cocakk)\n|\n|t:|1700579091\n|start\n|switch|p1a: Landorus|Landorus-Therian, M|100\/100\n|switch|p2a: Rillaboom|Rillaboom, F|100\/100\n|-fieldstart|move: Grassy Terrain|[from] ability: Grassy Surge|[of] p2a: Rillaboom\n|-ability|p1a: Landorus|Intimidate|boost\n|-unboost|p2a: Rillaboom|atk|1\n|turn|1\n|j| dddzdddq\n|\n|t:|1700579101\n|move|p2a: Rillaboom|U-turn|p1a: Landorus\n|-resisted|p1a: Landorus\n|-damage|p1a: Landorus|91\/100\n|-damage|p2a: Rillaboom|84\/100|[from] item: Rocky Helmet|[of] p1a: Landorus\n|\n|t:|1700579104\n|switch|p2a: Great Tusk|Great Tusk|100\/100|[from] U-turn\n|move|p1a: Landorus|Stealth Rock|p2a: Great Tusk\n|-sidestart|p2: cocakk|move: Stealth Rock\n|\n|upkeep\n|turn|2\n|j| hbgzd\n|\n|t:|1700579120\n|-terastallize|p1a: Landorus|Grass\n|move|p2a: Great Tusk|Ice Spinner|p1a: Landorus\n|-supereffective|p1a: Landorus\n|-damage|p1a: Landorus|55\/100\n|-damage|p2a: Great Tusk|84\/100|[from] item: Rocky Helmet|[of] p1a: Landorus\n|-fieldend|move: Grassy Terrain\n|move|p1a: Landorus|Grass Knot|p2a: Great Tusk\n|-supereffective|p2a: Great Tusk\n|-damage|p2a: Great Tusk|0 fnt\n|-damage|p1a: Landorus|39\/100|[from] item: Rocky Helmet|[of] p2a: Great Tusk\n|faint|p2a: Great Tusk\n|-end|p2a: Great Tusk|Protosynthesis|[silent]\n|\n|upkeep\n|\n|t:|1700579129\n|switch|p2a: Cinderace|Cinderace, M|100\/100\n|turn|3\n|\n|t:|1700579133\n|switch|p1a: Skeledirge|Skeledirge, M|100\/100\n|move|p2a: Cinderace|Pyro Ball|p1a: Skeledirge\n|-resisted|p1a: Skeledirge\n|-damage|p1a: Skeledirge|80\/100\n|\n|upkeep\n|turn|4\n|\n|t:|1700579140\n|move|p2a: Cinderace|Court Change|p2a: Cinderace\n|-swapsideconditions\n|-activate|p2a: Cinderace|move: Court Change\n|move|p1a: Skeledirge|Torch Song|p2a: Cinderace\n|-resisted|p2a: Cinderace\n|-damage|p2a: Cinderace|83\/100\n|-boost|p1a: Skeledirge|spa|1\n|\n|upkeep\n|turn|5\n|c|\u2606zxcvbnmmnbvcx|\u731b\u706bnb\n|\n|t:|1700579164\n|switch|p2a: Ogerpon|Ogerpon-Cornerstone, F|100\/100\n|move|p1a: Skeledirge|Shadow Ball|p2a: Ogerpon\n|-damage|p2a: Ogerpon|46\/100\n|\n|upkeep\n|turn|6\n|l| dddzdddq\n|j| dddzdddq\n|\n|t:|1700579173\n|switch|p1a: Landorus|Landorus-Therian, M, tera:Grass|39\/100\n|-damage|p1a: Landorus|26\/100|[from] Stealth Rock\n|-ability|p1a: Landorus|Intimidate|boost\n|-unboost|p2a: Ogerpon|atk|1\n|move|p2a: Ogerpon|Ivy Cudgel|p1a: Landorus|[anim] Ivy Cudgel Rock\n|-crit|p1a: Landorus\n|-damage|p1a: Landorus|0 fnt\n|faint|p1a: Landorus\n|\n|upkeep\n|\n|t:|1700579182\n|switch|p1a: Iron Valiant|Iron Valiant|100\/100\n|turn|7\n|\n|t:|1700579200\n|switch|p2a: Cinderace|Cinderace, M|83\/100\n|move|p1a: Iron Valiant|Moonblast|p2a: Cinderace\n|-resisted|p2a: Cinderace\n|-damage|p2a: Cinderace|57\/100\n|\n|upkeep\n|turn|8\n|l| hbgzd\n|\n|t:|1700579212\n|-end|p1a: Iron Valiant|Quark Drive|[silent]\n|switch|p1a: Skeledirge|Skeledirge, M|80\/100\n|move|p2a: Cinderace|U-turn|p1a: Skeledirge\n|-resisted|p1a: Skeledirge\n|-damage|p1a: Skeledirge|76\/100\n|l| dddzdddq\n|\n|t:|1700579219\n|switch|p2a: Ogerpon|Ogerpon-Cornerstone, F|46\/100|[from] U-turn\n|\n|upkeep\n|turn|9\n|j| hbgzd\n|\n|t:|1700579230\n|switch|p1a: Iron Valiant|Iron Valiant|100\/100\n|move|p2a: Ogerpon|Ivy Cudgel|p1a: Iron Valiant|[anim] Ivy Cudgel Rock\n|-resisted|p1a: Iron Valiant\n|-damage|p1a: Iron Valiant|65\/100\n|\n|upkeep\n|turn|10\n|\n|t:|1700579237\n|switch|p2a: Cinderace|Cinderace, M|57\/100\n|move|p1a: Iron Valiant|Knock Off|p2a: Cinderace\n|-damage|p2a: Cinderace|21\/100\n|-enditem|p2a: Cinderace|Heavy-Duty Boots|[from] move: Knock Off|[of] p1a: Iron Valiant\n|\n|upkeep\n|turn|11\n|\n|t:|1700579247\n|-end|p1a: Iron Valiant|Quark Drive|[silent]\n|switch|p1a: Skeledirge|Skeledirge, M|76\/100\n|move|p2a: Cinderace|Pyro Ball|p1a: Skeledirge\n|-resisted|p1a: Skeledirge\n|-damage|p1a: Skeledirge|49\/100\n|\n|upkeep\n|turn|12\n|\n|t:|1700579255\n|move|p2a: Cinderace|Pyro Ball|p1a: Skeledirge|[miss]\n|-miss|p2a: Cinderace|p1a: Skeledirge\n|move|p1a: Skeledirge|Slack Off|p1a: Skeledirge\n|-heal|p1a: Skeledirge|99\/100\n|\n|upkeep\n|turn|13\n|\n|t:|1700579265\n|move|p2a: Cinderace|Pyro Ball|p1a: Skeledirge\n|-resisted|p1a: Skeledirge\n|-damage|p1a: Skeledirge|70\/100\n|move|p1a: Skeledirge|Shadow Ball|p2a: Cinderace\n|-crit|p2a: Cinderace\n|-damage|p2a: Cinderace|0 fnt\n|faint|p2a: Cinderace\n|\n|upkeep\n|\n|t:|1700579267\n|switch|p2a: Ogerpon|Ogerpon-Cornerstone, F|46\/100\n|turn|14\n|\n|t:|1700579277\n|switch|p1a: Iron Valiant|Iron Valiant|65\/100\n|move|p2a: Ogerpon|Power Whip|p1a: Iron Valiant\n|-damage|p1a: Iron Valiant|0 fnt\n|faint|p1a: Iron Valiant\n|-end|p1a: Iron Valiant|Quark Drive|[silent]\n|\n|upkeep\n|\n|t:|1700579284\n|switch|p1a: Dragapult|Dragapult, M|100\/100\n|turn|15\n|\n|t:|1700579290\n|switch|p2a: Kingambit|Kingambit, M|100\/100\n|-activate|p2a: Kingambit|ability: Supreme Overlord\n|-start|p2a: Kingambit|fallen2|[silent]\n|move|p1a: Dragapult|Draco Meteor|p2a: Kingambit\n|-resisted|p2a: Kingambit\n|-damage|p2a: Kingambit|70\/100\n|-unboost|p1a: Dragapult|spa|2\n|\n|upkeep\n|turn|16\n|\n|t:|1700579301\n|switch|p1a: Samurott|Samurott-Hisui, M|100\/100\n|move|p2a: Kingambit|Kowtow Cleave|p1a: Samurott\n|-resisted|p1a: Samurott\n|-damage|p1a: Samurott|61\/100\n|\n|upkeep\n|turn|17\n|\n|t:|1700579308\n|-end|p2a: Kingambit|fallen2|[silent]\n|switch|p2a: Rillaboom|Rillaboom, F|84\/100\n|-fieldstart|move: Grassy Terrain|[from] ability: Grassy Surge|[of] p2a: Rillaboom\n|move|p1a: Samurott|Aqua Cutter|p2a: Rillaboom\n|-resisted|p2a: Rillaboom\n|-crit|p2a: Rillaboom\n|-damage|p2a: Rillaboom|39\/100\n|\n|-heal|p2a: Rillaboom|45\/100|[from] Grassy Terrain\n|-heal|p1a: Samurott|67\/100|[from] Grassy Terrain\n|upkeep\n|turn|18\n|\n|t:|1700579312\n|switch|p1a: Fezandipiti|Fezandipiti, M|100\/100\n|-damage|p1a: Fezandipiti|88\/100|[from] Stealth Rock\n|move|p2a: Rillaboom|U-turn|p1a: Fezandipiti\n|-resisted|p1a: Fezandipiti\n|-damage|p1a: Fezandipiti|79\/100\n|\n|t:|1700579316\n|switch|p2a: Ogerpon|Ogerpon-Cornerstone, F|46\/100|[from] U-turn\n|\n|-heal|p2a: Ogerpon|52\/100|[from] Grassy Terrain\n|-heal|p1a: Fezandipiti|85\/100|[from] Grassy Terrain\n|-heal|p1a: Fezandipiti|91\/100|[from] item: Leftovers\n|upkeep\n|turn|19\n|\n|t:|1700579328\n|-terastallize|p2a: Ogerpon|Rock\n|detailschange|p2a: Ogerpon|Ogerpon-Cornerstone-Tera, F, tera:Rock\n|-ability|p2a: Ogerpon|Embody Aspect (Cornerstone)|boost\n|-boost|p2a: Ogerpon|def|1\n|move|p2a: Ogerpon|Ivy Cudgel|p1a: Fezandipiti|[anim] Ivy Cudgel Rock\n|-damage|p1a: Fezandipiti|11\/100\n|move|p1a: Fezandipiti|Moonblast|p2a: Ogerpon\n|-damage|p2a: Ogerpon|21\/100\n|-status|p2a: Ogerpon|tox|[from] ability: Toxic Chain|[of] p1a: Fezandipiti\n|\n|-heal|p2a: Ogerpon|27\/100 tox|[from] Grassy Terrain\n|-heal|p1a: Fezandipiti|17\/100|[from] Grassy Terrain\n|-heal|p1a: Fezandipiti|23\/100|[from] item: Leftovers\n|-damage|p2a: Ogerpon|21\/100 tox|[from] psn\n|upkeep\n|turn|20\n|\n|t:|1700579342\n|move|p2a: Ogerpon|Ivy Cudgel|p1a: Fezandipiti|[anim] Ivy Cudgel Rock\n|-damage|p1a: Fezandipiti|0 fnt\n|faint|p1a: Fezandipiti\n|\n|-heal|p2a: Ogerpon|27\/100 tox|[from] Grassy Terrain\n|-damage|p2a: Ogerpon|15\/100 tox|[from] psn\n|upkeep\n|\n|t:|1700579344\n|switch|p1a: Dragapult|Dragapult, M|100\/100\n|turn|21\n|j| dddzdddq\n|\n|t:|1700579349\n|switch|p2a: Iron Valiant|Iron Valiant|100\/100\n|-enditem|p2a: Iron Valiant|Booster Energy\n|-activate|p2a: Iron Valiant|ability: Quark Drive|[fromitem]\n|-start|p2a: Iron Valiant|quarkdrivespe\n|move|p1a: Dragapult|Hex|p2a: Iron Valiant\n|-damage|p2a: Iron Valiant|47\/100\n|\n|-heal|p2a: Iron Valiant|53\/100|[from] Grassy Terrain\n|-fieldend|move: Grassy Terrain\n|upkeep\n|turn|22\n|\n|t:|1700579355\n|switch|p1a: Samurott|Samurott-Hisui, M|67\/100\n|move|p2a: Iron Valiant|Moonblast|p1a: Samurott\n|-supereffective|p1a: Samurott\n|-damage|p1a: Samurott|0 fnt\n|faint|p1a: Samurott\n|\n|upkeep\n|\n|t:|1700579357\n|switch|p1a: Skeledirge|Skeledirge, M|70\/100\n|turn|23\n|\n|t:|1700579361\n|move|p2a: Iron Valiant|Calm Mind|p2a: Iron Valiant\n|-boost|p2a: Iron Valiant|spa|1\n|-boost|p2a: Iron Valiant|spd|1\n|move|p1a: Skeledirge|Torch Song|p2a: Iron Valiant\n|-damage|p2a: Iron Valiant|0 fnt\n|-boost|p1a: Skeledirge|spa|1\n|faint|p2a: Iron Valiant\n|-end|p2a: Iron Valiant|Quark Drive|[silent]\n|\n|upkeep\n|\n|t:|1700579365\n|switch|p2a: Ogerpon|Ogerpon-Cornerstone-Tera, F, tera:Rock|15\/100 tox\n|-ability|p2a: Ogerpon|Embody Aspect (Cornerstone)|boost\n|-boost|p2a: Ogerpon|def|1\n|turn|24\n|\n|t:|1700579371\n|switch|p1a: Dragapult|Dragapult, M|100\/100\n|move|p2a: Ogerpon|Ivy Cudgel|p1a: Dragapult|[anim] Ivy Cudgel Rock\n|-damage|p1a: Dragapult|2\/100\n|\n|-damage|p2a: Ogerpon|9\/100 tox|[from] psn\n|upkeep\n|turn|25\n|\n|t:|1700579379\n|switch|p2a: Rillaboom|Rillaboom, F|45\/100\n|-fieldstart|move: Grassy Terrain|[from] ability: Grassy Surge|[of] p2a: Rillaboom\n|move|p1a: Dragapult|U-turn|p2a: Rillaboom\n|-supereffective|p2a: Rillaboom\n|-damage|p2a: Rillaboom|10\/100\n|\n|t:|1700579382\n|switch|p1a: Skeledirge|Skeledirge, M|70\/100|[from] U-turn\n|\n|-heal|p2a: Rillaboom|16\/100|[from] Grassy Terrain\n|-heal|p1a: Skeledirge|76\/100|[from] Grassy Terrain\n|upkeep\n|turn|26\n|\n|t:|1700579391\n|move|p2a: Rillaboom|Knock Off|p1a: Skeledirge\n|-supereffective|p1a: Skeledirge\n|-damage|p1a: Skeledirge|0 fnt\n|-enditem|p1a: Skeledirge|Heavy-Duty Boots|[from] move: Knock Off|[of] p2a: Rillaboom\n|faint|p1a: Skeledirge\n|\n|-heal|p2a: Rillaboom|22\/100|[from] Grassy Terrain\n|upkeep\n|\n|t:|1700579394\n|switch|p1a: Dragapult|Dragapult, M|2\/100\n|turn|27\n|\n|t:|1700579397\n|switch|p2a: Kingambit|Kingambit, M|70\/100\n|-activate|p2a: Kingambit|ability: Supreme Overlord\n|-start|p2a: Kingambit|fallen3|[silent]\n|move|p1a: Dragapult|Hex|p2a: Kingambit\n|-resisted|p2a: Kingambit\n|-damage|p2a: Kingambit|53\/100\n|\n|-heal|p1a: Dragapult|8\/100|[from] Grassy Terrain\n|-heal|p2a: Kingambit|60\/100|[from] Grassy Terrain\n|upkeep\n|turn|28\n|\n|t:|1700579400\n|move|p1a: Dragapult|Will-O-Wisp|p2a: Kingambit\n|-status|p2a: Kingambit|brn\n|move|p2a: Kingambit|Kowtow Cleave|p1a: Dragapult\n|-supereffective|p1a: Dragapult\n|-damage|p1a: Dragapult|0 fnt\n|faint|p1a: Dragapult\n|\n|win|cocakk\n|n|\u2606zxcvbnmmnbvcx|zxcvbnmmnbvcx\n|n|\u2606cocakk|cocakk\n|n| hbgzd|hbgzd\n|n| dddzdddq|dddzdddq\n","uploadtime":1700579401,"views":2,"p1id":"zxcvbnmmnbvcx","p2id":"cocakk","formatid":"gen9ou","rating":0,"private":0,"password":""}