{"id":"gen9ou-1996384392","p1":"Anjii.V.","p2":"Thibault56","format":"[Gen 9] OU","log":"|j|\u2606Anjii.V.\n|j|\u2606Thibault56\n|t:|1700676921\n|gametype|singles\n|player|p1|Anjii.V.|guitarist-gen4|1648\n|player|p2|Thibault56|101|1649\n|teamsize|p1|6\n|teamsize|p2|6\n|gen|9\n|tier|[Gen 9] OU\n|rated|\n|rule|Sleep Clause Mod: Limit one foe put to sleep\n|rule|Species Clause: Limit one of each Pok\u00e9mon\n|rule|OHKO Clause: OHKO moves are banned\n|rule|Evasion Items Clause: Evasion items are banned\n|rule|Evasion Moves Clause: Evasion moves are banned\n|rule|Endless Battle Clause: Forcing endless battles is banned\n|rule|HP Percentage Mod: HP is shown in percentages\n|clearpoke\n|poke|p1|Blissey, F|\n|poke|p1|Dondozo, F|\n|poke|p1|Dragapult, F|\n|poke|p1|Hatterene, F|\n|poke|p1|Iron Treads|\n|poke|p1|Thundurus-Therian, M|\n|poke|p2|Thundurus-Therian, M|\n|poke|p2|Great Tusk|\n|poke|p2|Pelipper, F|\n|poke|p2|Barraskewda, F|\n|poke|p2|Amoonguss, M|\n|poke|p2|Heatran, M|\n|teampreview\n|\n|t:|1700676946\n|start\n|switch|p1a: Thundurus|Thundurus-Therian, M|100\/100\n|switch|p2a: Heatran|Heatran, M|100\/100\n|turn|1\n|\n|t:|1700676954\n|move|p1a: Thundurus|Volt Switch|p2a: Heatran\n|-damage|p2a: Heatran|75\/100\n|\n|t:|1700676960\n|switch|p1a: Hatterene|Hatterene, F|100\/100|[from] Volt Switch\n|move|p2a: Heatran|Magma Storm|p1a: Hatterene\n|-damage|p1a: Hatterene|54\/100\n|-activate|p1a: Hatterene|move: Magma Storm|[of] p2a: Heatran\n|\n|-heal|p2a: Heatran|81\/100|[from] item: Leftovers\n|-heal|p1a: Hatterene|60\/100|[from] item: Leftovers\n|-damage|p1a: Hatterene|48\/100|[from] move: Magma Storm|[partiallytrapped]\n|upkeep\n|turn|2\n|\n|t:|1700677017\n|move|p2a: Heatran|Earth Power|p1a: Hatterene\n|-crit|p1a: Hatterene\n|-damage|p1a: Hatterene|5\/100\n|move|p1a: Hatterene|Calm Mind|p1a: Hatterene\n|-boost|p1a: Hatterene|spa|1\n|-boost|p1a: Hatterene|spd|1\n|\n|-heal|p2a: Heatran|87\/100|[from] item: Leftovers\n|-heal|p1a: Hatterene|11\/100|[from] item: Leftovers\n|-damage|p1a: Hatterene|0 fnt|[from] move: Magma Storm|[partiallytrapped]\n|faint|p1a: Hatterene\n|upkeep\n|\n|t:|1700677027\n|switch|p1a: Iron Treads|Iron Treads|100\/100\n|-enditem|p1a: Iron Treads|Booster Energy\n|-activate|p1a: Iron Treads|ability: Quark Drive|[fromitem]\n|-start|p1a: Iron Treads|quarkdrivespe\n|turn|3\n|j| Ruinous Tusk\n|\n|t:|1700677066\n|move|p1a: Iron Treads|Knock Off|p2a: Heatran\n|-damage|p2a: Heatran|61\/100\n|-status|p1a: Iron Treads|brn|[from] ability: Flame Body|[of] p2a: Heatran\n|-enditem|p2a: Heatran|Leftovers|[from] move: Knock Off|[of] p1a: Iron Treads\n|move|p2a: Heatran|Earth Power|p1a: Iron Treads\n|-supereffective|p1a: Iron Treads\n|-damage|p1a: Iron Treads|26\/100 brn\n|\n|-damage|p1a: Iron Treads|20\/100 brn|[from] brn\n|upkeep\n|turn|4\n|\n|t:|1700677078\n|switch|p2a: Great Tusk|Great Tusk|100\/100\n|move|p1a: Iron Treads|Earthquake|p2a: Great Tusk\n|-damage|p2a: Great Tusk|90\/100\n|\n|-damage|p1a: Iron Treads|13\/100 brn|[from] brn\n|upkeep\n|turn|5\n|\n|t:|1700677086\n|move|p1a: Iron Treads|Stealth Rock|p2a: Great Tusk\n|-sidestart|p2: Thibault56|move: Stealth Rock\n|move|p2a: Great Tusk|Rapid Spin|p1a: Iron Treads\n|-resisted|p1a: Iron Treads\n|-damage|p1a: Iron Treads|6\/100 brn\n|-boost|p2a: Great Tusk|spe|1\n|-sideend|p2: Thibault56|Stealth Rock|[from] move: Rapid Spin|[of] p2a: Great Tusk\n|\n|-damage|p1a: Iron Treads|0 fnt|[from] brn\n|faint|p1a: Iron Treads\n|-end|p1a: Iron Treads|Quark Drive|[silent]\n|upkeep\n|\n|t:|1700677094\n|switch|p1a: Thundurus|Thundurus-Therian, M|100\/100\n|turn|6\n|-message|Anjii.V. forfeited.\n|\n|win|Thibault56\n|raw|Anjii.V.'s rating: 1648 &rarr; <strong>1628<\/strong><br \/>(-20 for losing)\n|raw|Thibault56's rating: 1649 &rarr; <strong>1669<\/strong><br \/>(+20 for winning)\n|l|\u2606Anjii.V.\n","uploadtime":1700677116,"views":1,"p1id":"anjiiv","p2id":"thibault56","formatid":"gen9ou","rating":1628,"private":0,"password":""}