{"id":"gen9ou-1990728985","p1":"don japer","p2":"XxDESTblackout","format":"[Gen 9] OU","log":"|j|\u2606don japer\n|j|\u2606XxDESTblackout\n|t:|1699995403\n|gametype|singles\n|player|p1|don japer|oak-gen2|1360\n|player|p2|XxDESTblackout|burglar|1431\n|teamsize|p1|6\n|teamsize|p2|6\n|gen|9\n|tier|[Gen 9] OU\n|rated|\n|rule|Sleep Clause Mod: Limit one foe put to sleep\n|rule|Species Clause: Limit one of each Pok\u00e9mon\n|rule|OHKO Clause: OHKO moves are banned\n|rule|Evasion Items Clause: Evasion items are banned\n|rule|Evasion Moves Clause: Evasion moves are banned\n|rule|Endless Battle Clause: Forcing endless battles is banned\n|rule|HP Percentage Mod: HP is shown in percentages\n|clearpoke\n|poke|p1|Landorus-Therian, M|\n|poke|p1|Slowking-Galar, F|\n|poke|p1|Zamazenta-*|\n|poke|p1|Iron Valiant|\n|poke|p1|Cinderace, F|\n|poke|p1|Greninja-*, M|\n|poke|p2|Heatran, F|\n|poke|p2|Zapdos|\n|poke|p2|Ogerpon-Wellspring, F|\n|poke|p2|Iron Moth|\n|poke|p2|Garchomp, F|\n|poke|p2|Iron Valiant|\n|teampreview\n|inactive|Battle timer is ON: inactive players will automatically lose when time's up. (requested by XxDESTblackout)\n|\n|t:|1699995415\n|start\n|switch|p1a: rodney|Cinderace, F|100\/100\n|switch|p2a: OU Great Again|Garchomp, F, shiny|100\/100\n|turn|1\n|\n|t:|1699995422\n|move|p2a: OU Great Again|Earthquake|p1a: rodney\n|-supereffective|p1a: rodney\n|-damage|p1a: rodney|0 fnt\n|faint|p1a: rodney\n|\n|upkeep\n|\n|t:|1699995426\n|switch|p1a: doggy :)|Landorus-Therian, M, shiny|100\/100\n|-ability|p1a: doggy :)|Intimidate|boost\n|-unboost|p2a: OU Great Again|atk|1\n|turn|2\n|\n|t:|1699995432\n|switch|p2a: Zapdos|Zapdos|100\/100\n|move|p1a: doggy :)|Stealth Rock|p2a: Zapdos\n|-sidestart|p2: XxDESTblackout|move: Stealth Rock\n|\n|upkeep\n|turn|3\n|\n|t:|1699995438\n|switch|p1a: dr dome|Slowking-Galar, F|100\/100\n|move|p2a: Zapdos|Heat Wave|p1a: dr dome\n|-damage|p1a: dr dome|70\/100\n|-status|p1a: dr dome|brn\n|\n|-damage|p1a: dr dome|64\/100 brn|[from] brn\n|upkeep\n|turn|4\n|\n|t:|1699995452\n|switch|p2a: Ogerpon|Ogerpon-Wellspring, F|100\/100\n|-damage|p2a: Ogerpon|88\/100|[from] Stealth Rock\n|move|p1a: dr dome|Future Sight|p2a: Ogerpon\n|-start|p1a: dr dome|move: Future Sight\n|\n|-damage|p1a: dr dome|58\/100 brn|[from] brn\n|upkeep\n|turn|5\n|\n|t:|1699995462\n|switch|p1a: charles|Zamazenta, shiny|100\/100\n|-ability|p1a: charles|Dauntless Shield|boost\n|-boost|p1a: charles|def|1\n|-terastallize|p2a: Ogerpon|Water\n|detailschange|p2a: Ogerpon|Ogerpon-Wellspring-Tera, F, tera:Water\n|-ability|p2a: Ogerpon|Embody Aspect (Wellspring)|boost\n|-boost|p2a: Ogerpon|spd|1\n|move|p2a: Ogerpon|Swords Dance|p2a: Ogerpon\n|-boost|p2a: Ogerpon|atk|2\n|\n|upkeep\n|turn|6\n|\n|t:|1699995473\n|move|p1a: charles|Close Combat|p2a: Ogerpon\n|-damage|p2a: Ogerpon|0 fnt\n|-unboost|p1a: charles|def|1\n|-unboost|p1a: charles|spd|1\n|faint|p2a: Ogerpon\n|\n|-hint|Future Sight did not hit because the target is fainted.\n|upkeep\n|\n|t:|1699995486\n|switch|p2a: Iron Valiant|Iron Valiant, shiny|100\/100\n|-damage|p2a: Iron Valiant|94\/100|[from] Stealth Rock\n|-enditem|p2a: Iron Valiant|Booster Energy\n|-activate|p2a: Iron Valiant|ability: Quark Drive|[fromitem]\n|-start|p2a: Iron Valiant|quarkdrivespe\n|turn|7\n|\n|t:|1699995494\n|switch|p1a: dr dome|Slowking-Galar, F|92\/100 brn\n|move|p2a: Iron Valiant|Calm Mind|p2a: Iron Valiant\n|-boost|p2a: Iron Valiant|spa|1\n|-boost|p2a: Iron Valiant|spd|1\n|\n|-damage|p1a: dr dome|85\/100 brn|[from] brn\n|upkeep\n|turn|8\n|\n|t:|1699995505\n|move|p2a: Iron Valiant|Moonblast|p1a: dr dome\n|-resisted|p1a: dr dome\n|-damage|p1a: dr dome|64\/100 brn\n|move|p1a: dr dome|Sludge Bomb|p2a: Iron Valiant\n|-supereffective|p2a: Iron Valiant\n|-damage|p2a: Iron Valiant|19\/100\n|-status|p2a: Iron Valiant|psn\n|\n|-damage|p2a: Iron Valiant|6\/100 psn|[from] psn\n|-damage|p1a: dr dome|58\/100 brn|[from] brn\n|upkeep\n|turn|9\n|\n|t:|1699995509\n|move|p2a: Iron Valiant|Destiny Bond|p2a: Iron Valiant\n|-singlemove|p2a: Iron Valiant|Destiny Bond\n|move|p1a: dr dome|Future Sight|p2a: Iron Valiant\n|-start|p1a: dr dome|move: Future Sight\n|\n|-damage|p2a: Iron Valiant|0 fnt|[from] psn\n|faint|p2a: Iron Valiant\n|-end|p2a: Iron Valiant|Quark Drive|[silent]\n|-damage|p1a: dr dome|52\/100 brn|[from] brn\n|upkeep\n|\n|t:|1699995516\n|switch|p2a: Heatran|Heatran, F|100\/100\n|-damage|p2a: Heatran|88\/100|[from] Stealth Rock\n|turn|10\n|\n|t:|1699995519\n|switch|p1a: doggy :)|Landorus-Therian, M, shiny|100\/100\n|-ability|p1a: doggy :)|Intimidate|boost\n|-unboost|p2a: Heatran|atk|1\n|move|p2a: Heatran|Earth Power|p1a: doggy :)\n|-immune|p1a: doggy :)\n|\n|upkeep\n|turn|11\n|\n|t:|1699995524\n|move|p1a: doggy :)|U-turn|p2a: Heatran\n|-resisted|p2a: Heatran\n|-damage|p2a: Heatran|83\/100\n|\n|t:|1699995527\n|switch|p1a: charles|Zamazenta, shiny|100\/100|[from] U-turn\n|move|p2a: Heatran|Overheat|p1a: charles\n|-damage|p1a: charles|29\/100\n|-unboost|p2a: Heatran|spa|2\n|\n|-end|p2a: Heatran|move: Future Sight\n|-resisted|p2a: Heatran\n|-damage|p2a: Heatran|72\/100\n|upkeep\n|turn|12\n|\n|t:|1699995533\n|switch|p2a: Zapdos|Zapdos|100\/100\n|-damage|p2a: Zapdos|76\/100|[from] Stealth Rock\n|move|p1a: charles|Close Combat|p2a: Zapdos\n|-resisted|p2a: Zapdos\n|-damage|p2a: Zapdos|20\/100\n|-unboost|p1a: charles|def|1\n|-unboost|p1a: charles|spd|1\n|\n|upkeep\n|turn|13\n|\n|t:|1699995536\n|move|p1a: charles|Close Combat|p2a: Zapdos\n|-resisted|p2a: Zapdos\n|-damage|p2a: Zapdos|0 fnt\n|-unboost|p1a: charles|def|1\n|-unboost|p1a: charles|spd|1\n|-status|p1a: charles|par|[from] ability: Static|[of] p2a: Zapdos\n|faint|p2a: Zapdos\n|\n|upkeep\n|\n|t:|1699995539\n|switch|p2a: Iron Moth|Iron Moth|100\/100\n|-damage|p2a: Iron Moth|76\/100|[from] Stealth Rock\n|-enditem|p2a: Iron Moth|Booster Energy\n|-activate|p2a: Iron Moth|ability: Quark Drive|[fromitem]\n|-start|p2a: Iron Moth|quarkdrivespe\n|turn|14\n|\n|t:|1699995543\n|move|p2a: Iron Moth|Fiery Dance|p1a: charles\n|-damage|p1a: charles|0 fnt\n|-boost|p2a: Iron Moth|spa|1\n|faint|p1a: charles\n|\n|upkeep\n|\n|t:|1699995550\n|switch|p1a: dr dome|Slowking-Galar, F|85\/100 brn\n|turn|15\n|inactive|XxDESTblackout has 120 seconds left.\n|inactive|XxDESTblackout has 90 seconds left.\n|inactive|XxDESTblackout has 60 seconds left.\n|\n|t:|1699995647\n|move|p2a: Iron Moth|Fiery Dance|p1a: dr dome\n|-damage|p1a: dr dome|51\/100 brn\n|move|p1a: dr dome|Future Sight|p2a: Iron Moth\n|-start|p1a: dr dome|move: Future Sight\n|\n|-damage|p1a: dr dome|45\/100 brn|[from] brn\n|upkeep\n|turn|16\n|inactive|XxDESTblackout has 60 seconds left.\n|\n|t:|1699995668\n|-terastallize|p1a: dr dome|Water\n|move|p2a: Iron Moth|Fiery Dance|p1a: dr dome\n|-resisted|p1a: dr dome\n|-damage|p1a: dr dome|27\/100 brn\n|move|p1a: dr dome|Chilly Reception|p1a: dr dome\n|-weather|Snow\n|\n|t:|1699995672\n|switch|p1a: rick roll'em|Greninja, M|100\/100|[from] Chilly Reception\n|\n|-weather|Snow|[upkeep]\n|upkeep\n|turn|17\n|\n|t:|1699995682\n|switch|p1a: dr dome|Slowking-Galar, F, tera:Water|61\/100 brn\n|move|p2a: Iron Moth|Substitute|p2a: Iron Moth\n|-start|p2a: Iron Moth|Substitute\n|-damage|p2a: Iron Moth|51\/100\n|\n|-weather|Snow|[upkeep]\n|-end|p2a: Iron Moth|move: Future Sight\n|-supereffective|p2a: Iron Moth\n|-end|p2a: Iron Moth|Substitute\n|-damage|p1a: dr dome|54\/100 brn|[from] brn\n|upkeep\n|turn|18\n|\n|t:|1699995693\n|move|p2a: Iron Moth|Sludge Wave|p1a: dr dome\n|-damage|p1a: dr dome|13\/100 brn\n|move|p1a: dr dome|Future Sight|p2a: Iron Moth\n|-start|p1a: dr dome|move: Future Sight\n|\n|-weather|Snow|[upkeep]\n|-damage|p1a: dr dome|7\/100 brn|[from] brn\n|upkeep\n|turn|19\n|\n|t:|1699995700\n|move|p2a: Iron Moth|Fiery Dance|p1a: dr dome\n|-resisted|p1a: dr dome\n|-damage|p1a: dr dome|0 fnt\n|faint|p1a: dr dome\n|\n|-weather|Snow|[upkeep]\n|upkeep\n|\n|t:|1699995702\n|switch|p1a: rick roll'em|Greninja, M|100\/100\n|turn|20\n|\n|t:|1699995703\n|move|p1a: rick roll'em|Water Shuriken|p2a: Iron Moth\n|-supereffective|p2a: Iron Moth\n|-damage|p2a: Iron Moth|34\/100\n|-supereffective|p2a: Iron Moth\n|-damage|p2a: Iron Moth|15\/100\n|-hitcount|p2a: Iron Moth|2\n|-damage|p1a: rick roll'em|91\/100|[from] item: Life Orb\n|move|p2a: Iron Moth|Substitute|p2a: Iron Moth\n|-fail|p2a: Iron Moth|move: Substitute|[weak]\n|\n|-weather|none\n|-end|p2a: Iron Moth|move: Future Sight\n|-supereffective|p2a: Iron Moth\n|-damage|p2a: Iron Moth|0 fnt\n|faint|p2a: Iron Moth\n|-end|p2a: Iron Moth|Quark Drive|[silent]\n|upkeep\n|inactive|XxDESTblackout has 90 seconds left.\n|\n|t:|1699995717\n|switch|p2a: OU Great Again|Garchomp, F, shiny|100\/100\n|-damage|p2a: OU Great Again|94\/100|[from] Stealth Rock\n|turn|21\n|\n|t:|1699995724\n|switch|p1a: doggy :)|Landorus-Therian, M, shiny|100\/100\n|-ability|p1a: doggy :)|Intimidate|boost\n|-unboost|p2a: OU Great Again|atk|1\n|move|p2a: OU Great Again|Earthquake|p1a: doggy :)\n|-immune|p1a: doggy :)\n|\n|upkeep\n|turn|22\n|\n|t:|1699995729\n|switch|p2a: Heatran|Heatran, F|72\/100\n|-damage|p2a: Heatran|59\/100|[from] Stealth Rock\n|move|p1a: doggy :)|Earthquake|p2a: Heatran\n|-supereffective|p2a: Heatran\n|-damage|p2a: Heatran|0 fnt\n|faint|p2a: Heatran\n|\n|upkeep\n|\n|t:|1699995730\n|switch|p2a: OU Great Again|Garchomp, F, shiny|94\/100\n|-damage|p2a: OU Great Again|88\/100|[from] Stealth Rock\n|turn|23\n|inactive|XxDESTblackout has 120 seconds left.\n|\n|t:|1699995735\n|move|p2a: OU Great Again|Iron Head|p1a: doggy :)\n|-damage|p1a: doggy :)|81\/100\n|-damage|p2a: OU Great Again|72\/100|[from] item: Rocky Helmet|[of] p1a: doggy :)\n|move|p1a: doggy :)|Earthquake|p2a: OU Great Again\n|-damage|p2a: OU Great Again|22\/100\n|\n|upkeep\n|turn|24\n|\n|t:|1699995737\n|move|p2a: OU Great Again|Iron Head|p1a: doggy :)\n|-damage|p1a: doggy :)|62\/100\n|-damage|p2a: OU Great Again|5\/100|[from] item: Rocky Helmet|[of] p1a: doggy :)\n|move|p1a: doggy :)|Earthquake|p2a: OU Great Again\n|-damage|p2a: OU Great Again|0 fnt\n|faint|p2a: OU Great Again\n|\n|win|don japer\n|raw|don japer's rating: 1360 &rarr; <strong>1384<\/strong><br \/>(+24 for winning)\n|raw|XxDESTblackout's rating: 1431 &rarr; <strong>1407<\/strong><br \/>(-24 for losing)\n|l|\u2606XxDESTblackout\n","uploadtime":1699995744,"views":9,"p1id":"donjaper","p2id":"xxdestblackout","formatid":"gen9ou","rating":1384,"private":0,"password":""}