{"id":"gen9ou-1992573834","p1":"ReDemonic","p2":"fropop","format":"[Gen 9] OU","log":"|j|\u2606ReDemonic\n|j|\u2606fropop\n|t:|1700208297\n|gametype|singles\n|player|p1|ReDemonic|tucker-gen3|1498\n|player|p2|fropop|n|1439\n|teamsize|p1|6\n|teamsize|p2|6\n|gen|9\n|tier|[Gen 9] OU\n|rated|\n|rule|Sleep Clause Mod: Limit one foe put to sleep\n|rule|Species Clause: Limit one of each Pok\u00e9mon\n|rule|OHKO Clause: OHKO moves are banned\n|rule|Evasion Items Clause: Evasion items are banned\n|rule|Evasion Moves Clause: Evasion moves are banned\n|rule|Endless Battle Clause: Forcing endless battles is banned\n|rule|HP Percentage Mod: HP is shown in percentages\n|clearpoke\n|poke|p1|Quaquaval, F|\n|poke|p1|Iron Valiant|\n|poke|p1|Iron Moth|\n|poke|p1|Ogerpon-Wellspring, F|\n|poke|p1|Sneasler, M|\n|poke|p1|Greninja-*, M|\n|poke|p2|Goodra-Hisui, M|\n|poke|p2|Alomomola, F|\n|poke|p2|Rillaboom, M|\n|poke|p2|Zapdos|\n|poke|p2|Cinderace, F|\n|poke|p2|Volcanion|\n|teampreview\n|\n|t:|1700208306\n|start\n|switch|p1a: standonbusiness|Quaquaval, F|100\/100\n|switch|p2a: Goodra|Goodra-Hisui, M|100\/100\n|turn|1\n|\n|t:|1700208319\n|switch|p2a: Zapdos|Zapdos|100\/100\n|move|p1a: standonbusiness|Close Combat|p2a: Zapdos\n|-resisted|p2a: Zapdos\n|-damage|p2a: Zapdos|80\/100\n|-unboost|p1a: standonbusiness|def|1\n|-unboost|p1a: standonbusiness|spd|1\n|\n|upkeep\n|turn|2\n|\n|t:|1700208339\n|switch|p1a: mothar|Iron Moth|100\/100\n|-enditem|p1a: mothar|Booster Energy\n|-activate|p1a: mothar|ability: Quark Drive|[fromitem]\n|-start|p1a: mothar|quarkdrivespa\n|move|p2a: Zapdos|Volt Switch|p1a: mothar\n|-damage|p1a: mothar|68\/100\n|inactive|Battle timer is ON: inactive players will automatically lose when time's up. (requested by fropop)\n|\n|t:|1700208360\n|switch|p2a: Goodra|Goodra-Hisui, M|100\/100|[from] Volt Switch\n|\n|upkeep\n|turn|3\n|\n|t:|1700208367\n|move|p1a: mothar|Fiery Dance|p2a: Goodra\n|-crit|p2a: Goodra\n|-damage|p2a: Goodra|62\/100\n|-boost|p1a: mothar|spa|1\n|move|p2a: Goodra|Earthquake|p1a: mothar\n|-supereffective|p1a: mothar\n|-damage|p1a: mothar|0 fnt\n|faint|p1a: mothar\n|-end|p1a: mothar|Quark Drive|[silent]\n|\n|upkeep\n|\n|t:|1700208375\n|switch|p1a: standonbusiness|Quaquaval, F|100\/100\n|turn|4\n|inactive|fropop has 120 seconds left.\n|\n|t:|1700208424\n|switch|p2a: Rillaboom|Rillaboom, M|100\/100\n|-fieldstart|move: Grassy Terrain|[from] ability: Grassy Surge|[of] p2a: Rillaboom\n|move|p1a: standonbusiness|Aqua Step|p2a: Rillaboom\n|-resisted|p2a: Rillaboom\n|-damage|p2a: Rillaboom|80\/100\n|-boost|p1a: standonbusiness|spe|1\n|\n|-heal|p2a: Rillaboom|86\/100|[from] Grassy Terrain\n|upkeep\n|turn|5\n|\n|t:|1700208439\n|-terastallize|p1a: standonbusiness|Poison\n|move|p2a: Rillaboom|Grassy Glide|p1a: standonbusiness\n|-resisted|p1a: standonbusiness\n|-damage|p1a: standonbusiness|64\/100\n|move|p1a: standonbusiness|Brave Bird|p2a: Rillaboom\n|-supereffective|p2a: Rillaboom\n|-damage|p2a: Rillaboom|0 fnt\n|faint|p2a: Rillaboom\n|-ability|p1a: standonbusiness|Moxie|boost\n|-boost|p1a: standonbusiness|atk|1\n|-damage|p1a: standonbusiness|33\/100|[from] Recoil\n|\n|-heal|p1a: standonbusiness|39\/100|[from] Grassy Terrain\n|upkeep\n|inactive|fropop has 90 seconds left.\n|\n|t:|1700208475\n|switch|p2a: Zapdos|Zapdos|80\/100\n|turn|6\n|\n|t:|1700208482\n|move|p1a: standonbusiness|Knock Off|p2a: Zapdos\n|-damage|p2a: Zapdos|47\/100\n|-status|p1a: standonbusiness|par|[from] ability: Static|[of] p2a: Zapdos\n|-enditem|p1a: standonbusiness|Lum Berry|[eat]\n|-curestatus|p1a: standonbusiness|par|[msg]\n|-enditem|p2a: Zapdos|Heavy-Duty Boots|[from] move: Knock Off|[of] p1a: standonbusiness\n|move|p2a: Zapdos|Volt Switch|p1a: standonbusiness\n|-damage|p1a: standonbusiness|0 fnt\n|faint|p1a: standonbusiness\n|inactive|fropop has 60 seconds left.\n|\n|t:|1700208522\n|switch|p2a: Volcanion|Volcanion|100\/100|[from] Volt Switch\n|\n|upkeep\n|\n|t:|1700208540\n|switch|p1a: not2betrifledwith|Ogerpon-Wellspring, F|100\/100\n|turn|7\n|\n|t:|1700208544\n|move|p1a: not2betrifledwith|Swords Dance|p1a: not2betrifledwith\n|-boost|p1a: not2betrifledwith|atk|2\n|move|p2a: Volcanion|Flamethrower|p1a: not2betrifledwith\n|-damage|p1a: not2betrifledwith|54\/100\n|\n|-heal|p1a: not2betrifledwith|60\/100|[from] Grassy Terrain\n|upkeep\n|turn|8\n|inactive|fropop has 60 seconds left.\n|\n|t:|1700208562\n|switch|p2a: Goodra|Goodra-Hisui, M|62\/100\n|move|p1a: not2betrifledwith|Horn Leech|p2a: Goodra\n|-ability|p2a: Goodra|Sap Sipper|boost\n|-boost|p2a: Goodra|atk|1\n|\n|-heal|p1a: not2betrifledwith|66\/100|[from] Grassy Terrain\n|-heal|p2a: Goodra|68\/100|[from] Grassy Terrain\n|-fieldend|move: Grassy Terrain\n|upkeep\n|turn|9\n|inactive|fropop has 60 seconds left.\n|\n|t:|1700208573\n|move|p1a: not2betrifledwith|Play Rough|p2a: Goodra\n|-damage|p2a: Goodra|5\/100\n|move|p2a: Goodra|Draco Meteor|p1a: not2betrifledwith\n|-damage|p1a: not2betrifledwith|0 fnt\n|-unboost|p2a: Goodra|spa|2\n|faint|p1a: not2betrifledwith\n|\n|upkeep\n|\n|t:|1700208579\n|switch|p1a: Sneasler|Sneasler, M|100\/100\n|turn|10\n|inactive|fropop has 60 seconds left.\n|\n|t:|1700208591\n|switch|p2a: Zapdos|Zapdos|47\/100\n|move|p1a: Sneasler|Close Combat|p2a: Zapdos\n|-resisted|p2a: Zapdos\n|-damage|p2a: Zapdos|25\/100\n|-unboost|p1a: Sneasler|def|1\n|-unboost|p1a: Sneasler|spd|1\n|-status|p1a: Sneasler|par|[from] ability: Static|[of] p2a: Zapdos\n|-enditem|p1a: Sneasler|White Herb\n|-clearnegativeboost|p1a: Sneasler|[silent]\n|\n|upkeep\n|turn|11\n|inactive|fropop has 60 seconds left.\n|\n|t:|1700208608\n|move|p1a: Sneasler|Close Combat|p2a: Zapdos\n|-resisted|p2a: Zapdos\n|-damage|p2a: Zapdos|2\/100\n|-unboost|p1a: Sneasler|def|1\n|-unboost|p1a: Sneasler|spd|1\n|move|p2a: Zapdos|Roost|p2a: Zapdos\n|-heal|p2a: Zapdos|52\/100\n|-singleturn|p2a: Zapdos|move: Roost\n|\n|upkeep\n|turn|12\n|inactive|fropop has 60 seconds left.\n|\n|t:|1700208622\n|cant|p1a: Sneasler|par\n|move|p2a: Zapdos|Roost|p2a: Zapdos\n|-heal|p2a: Zapdos|100\/100\n|-singleturn|p2a: Zapdos|move: Roost\n|\n|upkeep\n|turn|13\n|inactive|fropop has 60 seconds left.\n|\n|t:|1700208629\n|move|p1a: Sneasler|Brick Break|p2a: Zapdos\n|-resisted|p2a: Zapdos\n|-damage|p2a: Zapdos|86\/100\n|move|p2a: Zapdos|Hurricane|p1a: Sneasler\n|-supereffective|p1a: Sneasler\n|-damage|p1a: Sneasler|0 fnt\n|faint|p1a: Sneasler\n|\n|upkeep\n|\n|t:|1700208632\n|switch|p1a: Valiant|Iron Valiant|100\/100\n|-enditem|p1a: Valiant|Booster Energy\n|-activate|p1a: Valiant|ability: Quark Drive|[fromitem]\n|-start|p1a: Valiant|quarkdrivespe\n|turn|14\n|\n|t:|1700208642\n|move|p1a: Valiant|Moonblast|p2a: Zapdos\n|-damage|p2a: Zapdos|40\/100\n|move|p2a: Zapdos|Hurricane|p1a: Valiant\n|-supereffective|p1a: Valiant\n|-damage|p1a: Valiant|0 fnt\n|faint|p1a: Valiant\n|-end|p1a: Valiant|Quark Drive|[silent]\n|\n|upkeep\n|\n|t:|1700208644\n|switch|p1a: Greninja|Greninja, M|100\/100\n|turn|15\n|\n|t:|1700208653\n|move|p1a: Greninja|Dark Pulse|p2a: Zapdos\n|-damage|p2a: Zapdos|0 fnt\n|faint|p2a: Zapdos\n|-ability|p1a: Greninja|Battle Bond|boost\n|-boost|p1a: Greninja|atk|1\n|-boost|p1a: Greninja|spa|1\n|-boost|p1a: Greninja|spe|1\n|-activate|p1a: Greninja|ability: Battle Bond\n|-damage|p1a: Greninja|91\/100|[from] item: Life Orb\n|\n|upkeep\n|\n|t:|1700208665\n|switch|p2a: Alomomola|Alomomola, F|100\/100\n|turn|16\n|\n|t:|1700208669\n|move|p1a: Greninja|Dark Pulse|p2a: Alomomola\n|-damage|p2a: Alomomola|28\/100\n|-damage|p1a: Greninja|81\/100|[from] item: Life Orb\n|move|p2a: Alomomola|Mirror Coat|p1a: Greninja\n|-immune|p1a: Greninja\n|\n|upkeep\n|turn|17\n|inactive|fropop has 90 seconds left.\n|\n|t:|1700208677\n|move|p2a: Alomomola|Protect|p2a: Alomomola\n|-singleturn|p2a: Alomomola|Protect\n|move|p1a: Greninja|Dark Pulse|p2a: Alomomola\n|-activate|p2a: Alomomola|move: Protect\n|\n|upkeep\n|turn|18\n|inactive|fropop has 90 seconds left.\n|c|\u2606ReDemonic|good idea\n|c|\u2606ReDemonic|wrong mon\n|\n|t:|1700208701\n|switch|p2a: Goodra|Goodra-Hisui, M|5\/100\n|move|p1a: Greninja|Dark Pulse|p2a: Goodra\n|-damage|p2a: Goodra|0 fnt\n|faint|p2a: Goodra\n|-damage|p1a: Greninja|71\/100|[from] item: Life Orb\n|\n|upkeep\n|\n|t:|1700208712\n|switch|p2a: Volcanion|Volcanion|100\/100\n|turn|19\n|\n|t:|1700208716\n|move|p1a: Greninja|Dark Pulse|p2a: Volcanion\n|-damage|p2a: Volcanion|41\/100\n|-damage|p1a: Greninja|61\/100|[from] item: Life Orb\n|move|p2a: Volcanion|Haze|p2a: Volcanion\n|-clearallboost\n|\n|upkeep\n|turn|20\n|inactive|fropop has 90 seconds left.\n|\n|t:|1700208742\n|-terastallize|p2a: Volcanion|Dark\n|move|p1a: Greninja|Dark Pulse|p2a: Volcanion\n|-resisted|p2a: Volcanion\n|-damage|p2a: Volcanion|21\/100\n|-damage|p1a: Greninja|51\/100|[from] item: Life Orb\n|move|p2a: Volcanion|Earth Power|p1a: Greninja\n|-damage|p1a: Greninja|8\/100\n|\n|upkeep\n|turn|21\n|\n|t:|1700208752\n|move|p1a: Greninja|Ice Beam|p2a: Volcanion\n|-crit|p2a: Volcanion\n|-damage|p2a: Volcanion|0 fnt\n|faint|p2a: Volcanion\n|-damage|p1a: Greninja|0 fnt|[from] item: Life Orb\n|faint|p1a: Greninja\n|\n|win|fropop\n|raw|ReDemonic's rating: 1498 &rarr; <strong>1475<\/strong><br \/>(-23 for losing)\n|raw|fropop's rating: 1439 &rarr; <strong>1462<\/strong><br \/>(+23 for winning)\n|c|\u2606ReDemonic|what a specific counter\n|c|\u2606ReDemonic|gg\n","uploadtime":1700208763,"views":16,"p1id":"redemonic","p2id":"fropop","formatid":"gen9ou","rating":1462,"private":0,"password":""}