{"id":"gen9ou-1990510740","p1":"OUVT TOSHI","p2":"gaypride13","format":"[Gen 9] OU","log":"|j|\u2606OUVT TOSHI\n|j|\u2606gaypride13\n|t:|1699977424\n|gametype|singles\n|player|p1|OUVT TOSHI|palmer|1728\n|player|p2|gaypride13|swimmer-gen4dp|1768\n|teamsize|p1|6\n|teamsize|p2|6\n|gen|9\n|tier|[Gen 9] OU\n|rated|\n|rule|Sleep Clause Mod: Limit one foe put to sleep\n|rule|Species Clause: Limit one of each Pok\u00e9mon\n|rule|OHKO Clause: OHKO moves are banned\n|rule|Evasion Items Clause: Evasion items are banned\n|rule|Evasion Moves Clause: Evasion moves are banned\n|rule|Endless Battle Clause: Forcing endless battles is banned\n|rule|HP Percentage Mod: HP is shown in percentages\n|clearpoke\n|poke|p1|Ogerpon-Wellspring, F|\n|poke|p1|Zamazenta-*|\n|poke|p1|Ting-Lu|\n|poke|p1|Iron Moth|\n|poke|p1|Zapdos|\n|poke|p1|Ursaluna, F|\n|poke|p2|Garganacl, M|\n|poke|p2|Cinderace, M|\n|poke|p2|Great Tusk|\n|poke|p2|Slowking-Galar, M|\n|poke|p2|Rillaboom, M|\n|poke|p2|Samurott-Hisui, M|\n|teampreview\n|inactive|Battle timer is ON: inactive players will automatically lose when time's up. (requested by gaypride13)\n|\n|t:|1699977447\n|start\n|switch|p1a: Ogerpon|Ogerpon-Wellspring, F|100\/100\n|switch|p2a: Samurott|Samurott-Hisui, M|100\/100\n|turn|1\n|\n|t:|1699977452\n|move|p1a: Ogerpon|U-turn|p2a: Samurott\n|-supereffective|p2a: Samurott\n|-damage|p2a: Samurott|25\/100\n|\n|t:|1699977455\n|switch|p1a: Zapdos|Zapdos|100\/100|[from] U-turn\n|move|p2a: Samurott|Ceaseless Edge|p1a: Zapdos|[miss]\n|-miss|p2a: Samurott|p1a: Zapdos\n|\n|upkeep\n|turn|2\n|j| J\u2019ose Moule\n|j| ibex Stall player\n|\n|t:|1699977463\n|move|p1a: Zapdos|Discharge|p2a: Samurott\n|-supereffective|p2a: Samurott\n|-damage|p2a: Samurott|0 fnt\n|faint|p2a: Samurott\n|\n|upkeep\n|\n|t:|1699977467\n|switch|p2a: Slowking|Slowking-Galar, M|100\/100\n|turn|3\n|\n|t:|1699977470\n|switch|p1a: Ting-Lu|Ting-Lu|100\/100\n|-ability|p1a: Ting-Lu|Vessel of Ruin\n|move|p2a: Slowking|Future Sight|p1a: Ting-Lu\n|-start|p2a: Slowking|move: Future Sight\n|\n|upkeep\n|turn|4\n|\n|t:|1699977479\n|switch|p2a: Great Tusk|Great Tusk|100\/100\n|move|p1a: Ting-Lu|Ruination|p2a: Great Tusk\n|-damage|p2a: Great Tusk|51\/100\n|\n|-heal|p2a: Great Tusk|57\/100|[from] item: Leftovers\n|upkeep\n|turn|5\n|\n|t:|1699977490\n|switch|p1a: Zapdos|Zapdos|100\/100\n|move|p2a: Great Tusk|Knock Off|p1a: Zapdos\n|-damage|p1a: Zapdos|69\/100\n|-enditem|p1a: Zapdos|Heavy-Duty Boots|[from] move: Knock Off|[of] p2a: Great Tusk\n|\n|-end|p1a: Zapdos|move: Future Sight\n|-damage|p1a: Zapdos|15\/100\n|-heal|p2a: Great Tusk|63\/100|[from] item: Leftovers\n|upkeep\n|turn|6\n|\n|t:|1699977500\n|-end|p2a: Great Tusk|Protosynthesis|[silent]\n|switch|p2a: Slowking|Slowking-Galar, M|100\/100\n|move|p1a: Zapdos|Hurricane|p2a: Slowking\n|-damage|p2a: Slowking|68\/100\n|\n|-heal|p2a: Slowking|74\/100|[from] item: Black Sludge\n|upkeep\n|turn|7\n|\n|t:|1699977510\n|move|p1a: Zapdos|Roost|p1a: Zapdos\n|-heal|p1a: Zapdos|65\/100\n|-singleturn|p1a: Zapdos|move: Roost\n|move|p2a: Slowking|Sludge Bomb|p1a: Zapdos\n|-damage|p1a: Zapdos|16\/100\n|\n|-heal|p2a: Slowking|80\/100|[from] item: Black Sludge\n|upkeep\n|turn|8\n|\n|t:|1699977519\n|switch|p1a: Ting-Lu|Ting-Lu|100\/100\n|-ability|p1a: Ting-Lu|Vessel of Ruin\n|move|p2a: Slowking|Future Sight|p1a: Ting-Lu\n|-start|p2a: Slowking|move: Future Sight\n|\n|-heal|p2a: Slowking|86\/100|[from] item: Black Sludge\n|upkeep\n|turn|9\n|\n|t:|1699977527\n|switch|p2a: Rillaboom|Rillaboom, M|100\/100\n|-fieldstart|move: Grassy Terrain|[from] ability: Grassy Surge|[of] p2a: Rillaboom\n|move|p1a: Ting-Lu|Ruination|p2a: Rillaboom\n|-damage|p2a: Rillaboom|51\/100\n|\n|-heal|p2a: Rillaboom|57\/100|[from] Grassy Terrain\n|upkeep\n|turn|10\n|l| ibex Stall player\n|\n|t:|1699977537\n|switch|p1a: Zapdos|Zapdos|16\/100\n|move|p2a: Rillaboom|U-turn|p1a: Zapdos\n|-resisted|p1a: Zapdos\n|-damage|p1a: Zapdos|0 fnt\n|-status|p2a: Rillaboom|par|[from] ability: Static|[of] p1a: Zapdos\n|faint|p1a: Zapdos\n|j| carti > emMIDem\n|\n|t:|1699977546\n|switch|p2a: Cinderace|Cinderace, M|100\/100|[from] U-turn\n|\n|-hint|Future Sight did not hit because the target is fainted.\n|upkeep\n|\n|t:|1699977559\n|switch|p1a: Ursaluna|Ursaluna, F|100\/100\n|turn|11\n|\n|t:|1699977567\n|move|p2a: Cinderace|High Jump Kick|p1a: Ursaluna\n|-start|p2a: Cinderace|typechange|Fighting|[from] ability: Libero\n|-supereffective|p1a: Ursaluna\n|-crit|p1a: Ursaluna\n|-damage|p1a: Ursaluna|0 fnt\n|faint|p1a: Ursaluna\n|\n|upkeep\n|\n|t:|1699977574\n|switch|p1a: Iron Moth|Iron Moth|100\/100\n|-enditem|p1a: Iron Moth|Booster Energy\n|-activate|p1a: Iron Moth|ability: Quark Drive|[fromitem]\n|-start|p1a: Iron Moth|quarkdrivespe\n|turn|12\n|\n|t:|1699977587\n|switch|p2a: Slowking|Slowking-Galar, M|100\/100\n|move|p1a: Iron Moth|Fiery Dance|p2a: Slowking\n|-damage|p2a: Slowking|68\/100\n|-boost|p1a: Iron Moth|spa|1\n|\n|-heal|p2a: Slowking|75\/100|[from] Grassy Terrain\n|-heal|p2a: Slowking|81\/100|[from] item: Black Sludge\n|upkeep\n|turn|13\n|\n|t:|1699977596\n|move|p1a: Iron Moth|Fiery Dance|p2a: Slowking\n|-damage|p2a: Slowking|31\/100\n|move|p2a: Slowking|Future Sight|p1a: Iron Moth\n|-start|p2a: Slowking|move: Future Sight\n|\n|-heal|p2a: Slowking|37\/100|[from] Grassy Terrain\n|-heal|p2a: Slowking|43\/100|[from] item: Black Sludge\n|-fieldend|move: Grassy Terrain\n|upkeep\n|turn|14\n|\n|t:|1699977603\n|switch|p2a: Rillaboom|Rillaboom, M|57\/100 par\n|-fieldstart|move: Grassy Terrain|[from] ability: Grassy Surge|[of] p2a: Rillaboom\n|move|p1a: Iron Moth|Fiery Dance|p2a: Rillaboom\n|-supereffective|p2a: Rillaboom\n|-damage|p2a: Rillaboom|0 fnt\n|-boost|p1a: Iron Moth|spa|1\n|faint|p2a: Rillaboom\n|\n|upkeep\n|\n|t:|1699977612\n|switch|p2a: GOAT|Garganacl, M|100\/100\n|turn|15\n|l| carti > emMIDem\n|l| J\u2019ose Moule\n|\n|t:|1699977619\n|-end|p1a: Iron Moth|Quark Drive|[silent]\n|switch|p1a: Ting-Lu|Ting-Lu|100\/100\n|-ability|p1a: Ting-Lu|Vessel of Ruin\n|move|p2a: GOAT|Recover||[still]\n|-fail|p2a: GOAT|heal\n|\n|-end|p1a: Ting-Lu|move: Future Sight\n|-immune|p1a: Ting-Lu\n|upkeep\n|turn|16\n|\n|t:|1699977630\n|move|p1a: Ting-Lu|Stealth Rock|p2a: GOAT\n|-sidestart|p2: gaypride13|move: Stealth Rock\n|move|p2a: GOAT|Salt Cure|p1a: Ting-Lu\n|-resisted|p1a: Ting-Lu\n|-damage|p1a: Ting-Lu|96\/100\n|-start|p1a: Ting-Lu|Salt Cure\n|\n|-heal|p1a: Ting-Lu|100\/100|[from] Grassy Terrain\n|-damage|p1a: Ting-Lu|88\/100|[from] Salt Cure\n|upkeep\n|turn|17\n|\n|t:|1699977645\n|switch|p1a: Zamazenta|Zamazenta|100\/100\n|-ability|p1a: Zamazenta|Dauntless Shield|boost\n|-boost|p1a: Zamazenta|def|1\n|move|p2a: GOAT|Iron Defense|p2a: GOAT\n|-boost|p2a: GOAT|def|2\n|\n|upkeep\n|turn|18\n|\n|t:|1699977652\n|-terastallize|p2a: GOAT|Ghost\n|move|p1a: Zamazenta|Close Combat|p2a: GOAT\n|-immune|p2a: GOAT\n|move|p2a: GOAT|Salt Cure|p1a: Zamazenta\n|-resisted|p1a: Zamazenta\n|-damage|p1a: Zamazenta|97\/100\n|-start|p1a: Zamazenta|Salt Cure\n|\n|-heal|p1a: Zamazenta|100\/100|[from] Grassy Terrain\n|-damage|p1a: Zamazenta|88\/100|[from] Salt Cure\n|-fieldend|move: Grassy Terrain\n|upkeep\n|turn|19\n|\n|t:|1699977664\n|switch|p1a: Ting-Lu|Ting-Lu|88\/100\n|-ability|p1a: Ting-Lu|Vessel of Ruin\n|move|p2a: GOAT|Body Press|p1a: Ting-Lu\n|-supereffective|p1a: Ting-Lu\n|-damage|p1a: Ting-Lu|15\/100\n|\n|-heal|p1a: Ting-Lu|22\/100|[from] item: Leftovers\n|upkeep\n|turn|20\n|\n|t:|1699977677\n|-terastallize|p1a: Ting-Lu|Ghost\n|move|p2a: GOAT|Body Press|p1a: Ting-Lu\n|-immune|p1a: Ting-Lu\n|move|p1a: Ting-Lu|Whirlwind|p2a: GOAT\n|drag|p2a: Great Tusk|Great Tusk|63\/100\n|-damage|p2a: Great Tusk|60\/100|[from] Stealth Rock\n|\n|-heal|p2a: Great Tusk|66\/100|[from] item: Leftovers\n|-heal|p1a: Ting-Lu|28\/100|[from] item: Leftovers\n|upkeep\n|turn|21\n|inactive|OUVT TOSHI has 120 seconds left.\n|\n|t:|1699977714\n|move|p2a: Great Tusk|Knock Off|p1a: Ting-Lu\n|-supereffective|p1a: Ting-Lu\n|-damage|p1a: Ting-Lu|0 fnt\n|-enditem|p1a: Ting-Lu|Leftovers|[from] move: Knock Off|[of] p2a: Great Tusk\n|faint|p1a: Ting-Lu\n|\n|-heal|p2a: Great Tusk|72\/100|[from] item: Leftovers\n|upkeep\n|\n|t:|1699977721\n|switch|p1a: Ogerpon|Ogerpon-Wellspring, F|100\/100\n|turn|22\n|inactive|OUVT TOSHI has 120 seconds left.\n|\n|t:|1699977728\n|move|p1a: Ogerpon|Ivy Cudgel|p2a: Great Tusk|[anim] Ivy Cudgel Water\n|-supereffective|p2a: Great Tusk\n|-damage|p2a: Great Tusk|0 fnt\n|faint|p2a: Great Tusk\n|-end|p2a: Great Tusk|Protosynthesis|[silent]\n|\n|upkeep\n|\n|t:|1699977742\n|switch|p2a: Cinderace|Cinderace, M|100\/100\n|turn|23\n|inactive|OUVT TOSHI has 120 seconds left.\n|\n|t:|1699977770\n|switch|p1a: Iron Moth|Iron Moth|100\/100\n|move|p2a: Cinderace|Court Change|p2a: Cinderace\n|-start|p2a: Cinderace|typechange|Normal|[from] ability: Libero\n|-swapsideconditions\n|-activate|p2a: Cinderace|move: Court Change\n|\n|upkeep\n|turn|24\n|\n|t:|1699977778\n|move|p2a: Cinderace|U-turn|p1a: Iron Moth\n|-resisted|p1a: Iron Moth\n|-damage|p1a: Iron Moth|92\/100\n|\n|t:|1699977781\n|switch|p2a: Slowking|Slowking-Galar, M|76\/100|[from] U-turn\n|move|p1a: Iron Moth|Fiery Dance|p2a: Slowking\n|-damage|p2a: Slowking|44\/100\n|-boost|p1a: Iron Moth|spa|1\n|\n|-heal|p2a: Slowking|50\/100|[from] item: Black Sludge\n|upkeep\n|turn|25\n|inactive|OUVT TOSHI has 120 seconds left.\n|\n|t:|1699977794\n|move|p1a: Iron Moth|Fiery Dance|p2a: Slowking\n|-damage|p2a: Slowking|1\/100\n|move|p2a: Slowking|Sludge Bomb|p1a: Iron Moth\n|-resisted|p1a: Iron Moth\n|-damage|p1a: Iron Moth|66\/100\n|\n|-heal|p2a: Slowking|7\/100|[from] item: Black Sludge\n|upkeep\n|turn|26\n|inactive|OUVT TOSHI has 120 seconds left.\n|\n|t:|1699977807\n|move|p1a: Iron Moth|Fiery Dance|p2a: Slowking\n|-damage|p2a: Slowking|0 fnt\n|faint|p2a: Slowking\n|\n|upkeep\n|\n|t:|1699977809\n|switch|p2a: Cinderace|Cinderace, M|100\/100\n|turn|27\n|\n|t:|1699977822\n|move|p2a: Cinderace|Pyro Ball|p1a: Iron Moth\n|-resisted|p1a: Iron Moth\n|-crit|p1a: Iron Moth\n|-damage|p1a: Iron Moth|0 fnt\n|faint|p1a: Iron Moth\n|-end|p1a: Iron Moth|Quark Drive|[silent]\n|\n|upkeep\n|inactive|OUVT TOSHI has 120 seconds left.\n|\n|t:|1699977838\n|switch|p1a: Zamazenta|Zamazenta|88\/100\n|turn|28\n|inactive|OUVT TOSHI has 120 seconds left.\n|\n|t:|1699977852\n|move|p1a: Zamazenta|Close Combat|p2a: Cinderace\n|-damage|p2a: Cinderace|16\/100\n|-unboost|p1a: Zamazenta|def|1\n|-unboost|p1a: Zamazenta|spd|1\n|move|p2a: Cinderace|U-turn|p1a: Zamazenta\n|-start|p2a: Cinderace|typechange|Bug|[from] ability: Libero\n|-resisted|p1a: Zamazenta\n|-damage|p1a: Zamazenta|66\/100\n|\n|t:|1699977855\n|switch|p2a: GOAT|Garganacl, M, tera:Ghost|100\/100|[from] U-turn\n|\n|upkeep\n|turn|29\n|\n|t:|1699977864\n|move|p1a: Zamazenta|Crunch|p2a: GOAT\n|-supereffective|p2a: GOAT\n|-damage|p2a: GOAT|69\/100\n|move|p2a: GOAT|Iron Defense|p2a: GOAT\n|-boost|p2a: GOAT|def|2\n|\n|-heal|p2a: GOAT|75\/100|[from] item: Leftovers\n|upkeep\n|turn|30\n|\n|t:|1699977876\n|move|p1a: Zamazenta|Crunch|p2a: GOAT\n|-supereffective|p2a: GOAT\n|-damage|p2a: GOAT|59\/100\n|move|p2a: GOAT|Salt Cure|p1a: Zamazenta\n|-resisted|p1a: Zamazenta\n|-damage|p1a: Zamazenta|56\/100\n|-start|p1a: Zamazenta|Salt Cure\n|\n|-heal|p2a: GOAT|65\/100|[from] item: Leftovers\n|-damage|p1a: Zamazenta|44\/100|[from] Salt Cure\n|upkeep\n|turn|31\n|\n|t:|1699977886\n|move|p1a: Zamazenta|Crunch|p2a: GOAT\n|-supereffective|p2a: GOAT\n|-damage|p2a: GOAT|48\/100\n|move|p2a: GOAT|Recover|p2a: GOAT\n|-heal|p2a: GOAT|98\/100\n|\n|-heal|p2a: GOAT|100\/100|[from] item: Leftovers\n|-damage|p1a: Zamazenta|32\/100|[from] Salt Cure\n|upkeep\n|turn|32\n|\n|t:|1699977895\n|move|p1a: Zamazenta|Crunch|p2a: GOAT\n|-supereffective|p2a: GOAT\n|-damage|p2a: GOAT|84\/100\n|move|p2a: GOAT|Iron Defense|p2a: GOAT\n|-boost|p2a: GOAT|def|2\n|\n|-heal|p2a: GOAT|90\/100|[from] item: Leftovers\n|-damage|p1a: Zamazenta|20\/100|[from] Salt Cure\n|upkeep\n|turn|33\n|\n|t:|1699977904\n|move|p1a: Zamazenta|Crunch|p2a: GOAT\n|-supereffective|p2a: GOAT\n|-damage|p2a: GOAT|78\/100\n|move|p2a: GOAT|Iron Defense|p2a: GOAT\n|-boost|p2a: GOAT|def|2\n|\n|-heal|p2a: GOAT|84\/100|[from] item: Leftovers\n|-damage|p1a: Zamazenta|7\/100|[from] Salt Cure\n|upkeep\n|turn|34\n|\n|t:|1699977912\n|move|p1a: Zamazenta|Crunch|p2a: GOAT\n|-supereffective|p2a: GOAT\n|-damage|p2a: GOAT|75\/100\n|move|p2a: GOAT|Recover|p2a: GOAT\n|-heal|p2a: GOAT|100\/100\n|\n|-damage|p1a: Zamazenta|0 fnt|[from] Salt Cure\n|faint|p1a: Zamazenta\n|upkeep\n|\n|t:|1699977920\n|switch|p1a: Ogerpon|Ogerpon-Wellspring, F|100\/100\n|-damage|p1a: Ogerpon|88\/100|[from] Stealth Rock\n|turn|35\n|\n|t:|1699977924\n|move|p1a: Ogerpon|Swords Dance|p1a: Ogerpon\n|-boost|p1a: Ogerpon|atk|2\n|move|p2a: GOAT|Body Press|p1a: Ogerpon\n|-damage|p1a: Ogerpon|0 fnt\n|faint|p1a: Ogerpon\n|\n|win|gaypride13\n|raw|OUVT TOSHI's rating: 1728 &rarr; <strong>1710<\/strong><br \/>(-18 for losing)\n|raw|gaypride13's rating: 1768 &rarr; <strong>1786<\/strong><br \/>(+18 for winning)\n|c|\u2606OUVT TOSHI|gg\n|l|\u2606gaypride13\n","uploadtime":1699978057,"views":5,"p1id":"ouvttoshi","p2id":"gaypride13","formatid":"gen9ou","rating":1710,"private":0,"password":""}