{"id":"gen9ou-1992954389","p1":"CherryBottomLeft","p2":"angelvaldes","format":"[Gen 9] OU","log":"|j|\u2606CherryBottomLeft\n|j|\u2606angelvaldes\n|t:|1700249943\n|gametype|singles\n|player|p1|CherryBottomLeft|2|1073\n|player|p2|angelvaldes|roxie|1150\n|teamsize|p1|6\n|teamsize|p2|6\n|gen|9\n|tier|[Gen 9] OU\n|rated|\n|rule|Sleep Clause Mod: Limit one foe put to sleep\n|rule|Species Clause: Limit one of each Pok\u00e9mon\n|rule|OHKO Clause: OHKO moves are banned\n|rule|Evasion Items Clause: Evasion items are banned\n|rule|Evasion Moves Clause: Evasion moves are banned\n|rule|Endless Battle Clause: Forcing endless battles is banned\n|rule|HP Percentage Mod: HP is shown in percentages\n|clearpoke\n|poke|p1|Sableye, M|\n|poke|p1|Amoonguss, M|\n|poke|p1|Slowking-Galar, F|\n|poke|p1|Salamence, M|\n|poke|p1|Iron Valiant|\n|poke|p1|Greninja-*, M|\n|poke|p2|Kingambit, M|\n|poke|p2|Glimmora, F|\n|poke|p2|Zamazenta-*|\n|poke|p2|Iron Valiant|\n|poke|p2|Iron Moth|\n|poke|p2|Ogerpon-Wellspring, F|\n|teampreview\n|inactive|Battle timer is ON: inactive players will automatically lose when time's up. (requested by angelvaldes)\n|\n|t:|1700249949\n|start\n|switch|p1a: Sableye|Sableye, M|100\/100\n|switch|p2a: Glimmora|Glimmora, F|100\/100\n|turn|1\n|\n|t:|1700249954\n|move|p1a: Sableye|Light Screen|p1a: Sableye\n|-sidestart|p1: CherryBottomLeft|move: Light Screen\n|move|p2a: Glimmora|Stealth Rock|p1a: Sableye\n|-sidestart|p1: CherryBottomLeft|move: Stealth Rock\n|\n|upkeep\n|turn|2\n|\n|t:|1700249966\n|move|p2a: Glimmora|Earth Power|p1a: Sableye\n|-damage|p1a: Sableye|75\/100\n|move|p1a: Sableye|Knock Off|p2a: Glimmora\n|-damage|p2a: Glimmora|73\/100\n|-activate|p2a: Glimmora|ability: Toxic Debris\n|-sidestart|p1: CherryBottomLeft|move: Toxic Spikes\n|-enditem|p2a: Glimmora|Focus Sash|[from] move: Knock Off|[of] p1a: Sableye\n|\n|upkeep\n|turn|3\n|\n|t:|1700249984\n|move|p1a: Sableye|Reflect|p1a: Sableye\n|-sidestart|p1: CherryBottomLeft|Reflect\n|move|p2a: Glimmora|Power Gem|p1a: Sableye\n|-damage|p1a: Sableye|40\/100\n|\n|upkeep\n|turn|4\n|\n|t:|1700249999\n|switch|p2a: Iron Valiant|Iron Valiant|100\/100\n|-enditem|p2a: Iron Valiant|Booster Energy\n|-activate|p2a: Iron Valiant|ability: Quark Drive|[fromitem]\n|-start|p2a: Iron Valiant|quarkdrivespe\n|switch|p1a: Slowking|Slowking-Galar, F|100\/100\n|-damage|p1a: Slowking|88\/100|[from] Stealth Rock\n|-sideend|p1: CherryBottomLeft|move: Toxic Spikes|[of] p1a: Slowking\n|\n|upkeep\n|turn|5\n|\n|t:|1700250011\n|move|p2a: Iron Valiant|Calm Mind|p2a: Iron Valiant\n|-boost|p2a: Iron Valiant|spa|1\n|-boost|p2a: Iron Valiant|spd|1\n|move|p1a: Slowking|Future Sight|p2a: Iron Valiant\n|-start|p1a: Slowking|move: Future Sight\n|\n|upkeep\n|turn|6\n|\n|t:|1700250016\n|move|p2a: Iron Valiant|Calm Mind|p2a: Iron Valiant\n|-boost|p2a: Iron Valiant|spa|1\n|-boost|p2a: Iron Valiant|spd|1\n|move|p1a: Slowking|Thunder Wave|p2a: Iron Valiant\n|-status|p2a: Iron Valiant|par\n|\n|upkeep\n|turn|7\n|\n|t:|1700250027\n|move|p2a: Iron Valiant|Psyshock|p1a: Slowking\n|-damage|p1a: Slowking|70\/100\n|-enditem|p1a: Slowking|Eject Button\n|\n|t:|1700250057\n|switch|p1a: Sableye|Sableye, M|40\/100\n|-damage|p1a: Sableye|27\/100|[from] Stealth Rock\n|\n|-end|p2a: Iron Valiant|move: Future Sight\n|-supereffective|p2a: Iron Valiant\n|-damage|p2a: Iron Valiant|19\/100 par\n|upkeep\n|turn|8\n|\n|t:|1700250065\n|move|p2a: Iron Valiant|Moonblast|p1a: Sableye\n|-supereffective|p1a: Sableye\n|-crit|p1a: Sableye\n|-damage|p1a: Sableye|0 fnt\n|faint|p1a: Sableye\n|\n|-sideend|p1: CherryBottomLeft|move: Light Screen\n|upkeep\n|\n|t:|1700250071\n|switch|p1a: Slowking|Slowking-Galar, F|100\/100\n|-damage|p1a: Slowking|88\/100|[from] Stealth Rock\n|turn|9\n|\n|t:|1700250085\n|-end|p2a: Iron Valiant|Quark Drive|[silent]\n|switch|p2a: Kingambit|Kingambit, M|100\/100\n|move|p1a: Slowking|Future Sight|p2a: Kingambit\n|-start|p1a: Slowking|move: Future Sight\n|\n|upkeep\n|turn|10\n|\n|t:|1700250090\n|move|p2a: Kingambit|Swords Dance|p2a: Kingambit\n|-boost|p2a: Kingambit|atk|2\n|move|p1a: Slowking|Thunder Wave|p2a: Kingambit\n|-status|p2a: Kingambit|par\n|\n|-sideend|p1: CherryBottomLeft|Reflect\n|upkeep\n|turn|11\n|\n|t:|1700250094\n|cant|p2a: Kingambit|par\n|move|p1a: Slowking|Chilly Reception|p1a: Slowking\n|-weather|Snow\n|\n|t:|1700250097\n|switch|p1a: Iron Valiant|Iron Valiant|100\/100|[from] Chilly Reception\n|-damage|p1a: Iron Valiant|94\/100|[from] Stealth Rock\n|-enditem|p1a: Iron Valiant|Booster Energy\n|-activate|p1a: Iron Valiant|ability: Quark Drive|[fromitem]\n|-start|p1a: Iron Valiant|quarkdrivespe\n|\n|-weather|Snow|[upkeep]\n|-end|p2a: Kingambit|move: Future Sight\n|-immune|p2a: Kingambit\n|upkeep\n|turn|12\n|\n|t:|1700250108\n|-end|p1a: Iron Valiant|Quark Drive|[silent]\n|switch|p1a: Amoonguss|Amoonguss, M|100\/100\n|-damage|p1a: Amoonguss|88\/100|[from] Stealth Rock\n|-terastallize|p2a: Kingambit|Flying\n|cant|p2a: Kingambit|par\n|\n|-weather|Snow|[upkeep]\n|upkeep\n|turn|13\n|\n|t:|1700250117\n|cant|p2a: Kingambit|par\n|move|p1a: Amoonguss|Clear Smog|p2a: Kingambit\n|-damage|p2a: Kingambit|84\/100 par\n|-clearboost|p2a: Kingambit\n|\n|-weather|Snow|[upkeep]\n|upkeep\n|turn|14\n|c|\u2606angelvaldes|wow\n|c|\u2606CherryBottomLeft|unlucky\n|\n|t:|1700250129\n|move|p2a: Kingambit|Swords Dance|p2a: Kingambit\n|-boost|p2a: Kingambit|atk|2\n|move|p1a: Amoonguss|Sludge Bomb|p2a: Kingambit\n|-damage|p2a: Kingambit|53\/100 par\n|\n|-weather|Snow|[upkeep]\n|upkeep\n|turn|15\n|\n|t:|1700250132\n|move|p2a: Kingambit|Kowtow Cleave|p1a: Amoonguss\n|-damage|p1a: Amoonguss|0 fnt\n|faint|p1a: Amoonguss\n|\n|-weather|none\n|upkeep\n|c|\u2606angelvaldes|a lot\n|\n|t:|1700250142\n|switch|p1a: Greninja|Greninja, M|100\/100\n|-damage|p1a: Greninja|88\/100|[from] Stealth Rock\n|turn|16\n|\n|t:|1700250145\n|cant|p2a: Kingambit|par\n|move|p1a: Greninja|Hydro Pump|p2a: Kingambit|[miss]\n|-miss|p1a: Greninja|p2a: Kingambit\n|\n|upkeep\n|turn|17\n|\n|t:|1700250149\n|move|p2a: Kingambit|Sucker Punch|p1a: Greninja\n|-resisted|p1a: Greninja\n|-damage|p1a: Greninja|13\/100\n|move|p1a: Greninja|Hydro Pump|p2a: Kingambit|[miss]\n|-miss|p1a: Greninja|p2a: Kingambit\n|\n|upkeep\n|turn|18\n|\n|t:|1700250155\n|move|p1a: Greninja|Water Shuriken|p2a: Kingambit\n|-damage|p2a: Kingambit|42\/100 par\n|-damage|p2a: Kingambit|32\/100 par\n|-damage|p2a: Kingambit|22\/100 par\n|-hitcount|p2a: Kingambit|3\n|-damage|p1a: Greninja|3\/100|[from] item: Life Orb\n|move|p2a: Kingambit|Sucker Punch||[still]\n|-fail|p2a: Kingambit\n|\n|upkeep\n|turn|19\n|\n|t:|1700250163\n|-end|p2a: Kingambit|fallenundefined|[silent]\n|switch|p2a: Iron Valiant|Iron Valiant|19\/100 par\n|move|p1a: Greninja|Water Shuriken|p2a: Iron Valiant\n|-damage|p2a: Iron Valiant|4\/100 par\n|-damage|p2a: Iron Valiant|0 fnt\n|faint|p2a: Iron Valiant\n|-end|p2a: Iron Valiant|Quark Drive|[silent]\n|-ability|p1a: Greninja|Battle Bond|boost\n|-boost|p1a: Greninja|atk|1\n|-boost|p1a: Greninja|spa|1\n|-boost|p1a: Greninja|spe|1\n|-activate|p1a: Greninja|ability: Battle Bond\n|-hitcount|p2: Iron Valiant|2\n|-damage|p1a: Greninja|0 fnt|[from] item: Life Orb\n|faint|p1a: Greninja\n|\n|upkeep\n|c|\u2606CherryBottomLeft|lol\n|\n|t:|1700250181\n|switch|p1a: Iron Valiant|Iron Valiant|94\/100\n|switch|p2a: Ogerpon|Ogerpon-Wellspring, F|100\/100\n|-damage|p1a: Iron Valiant|88\/100|[from] Stealth Rock\n|turn|20\n|\n|t:|1700250189\n|move|p1a: Iron Valiant|Close Combat|p2a: Ogerpon\n|-damage|p2a: Ogerpon|20\/100\n|-unboost|p1a: Iron Valiant|def|1\n|-unboost|p1a: Iron Valiant|spd|1\n|move|p2a: Ogerpon|Ivy Cudgel|p1a: Iron Valiant|[anim] Ivy Cudgel Water\n|-damage|p1a: Iron Valiant|0 fnt\n|faint|p1a: Iron Valiant\n|-end|p1a: Iron Valiant|Quark Drive|[silent]\n|\n|upkeep\n|\n|t:|1700250193\n|switch|p1a: Slowking|Slowking-Galar, F|100\/100\n|-damage|p1a: Slowking|88\/100|[from] Stealth Rock\n|turn|21\n|\n|t:|1700250207\n|move|p2a: Ogerpon|Knock Off|p1a: Slowking\n|-supereffective|p1a: Slowking\n|-damage|p1a: Slowking|47\/100\n|move|p1a: Slowking|Sludge Bomb|p2a: Ogerpon\n|-supereffective|p2a: Ogerpon\n|-damage|p2a: Ogerpon|0 fnt\n|faint|p2a: Ogerpon\n|\n|upkeep\n|\n|t:|1700250209\n|switch|p2a: Zamazenta|Zamazenta, shiny|100\/100\n|-ability|p2a: Zamazenta|Dauntless Shield|boost\n|-boost|p2a: Zamazenta|def|1\n|turn|22\n|\n|t:|1700250212\n|move|p2a: Zamazenta|Crunch|p1a: Slowking\n|-supereffective|p1a: Slowking\n|-damage|p1a: Slowking|9\/100\n|move|p1a: Slowking|Thunder Wave|p2a: Zamazenta\n|-status|p2a: Zamazenta|par\n|\n|upkeep\n|turn|23\n|\n|t:|1700250218\n|move|p2a: Zamazenta|Crunch|p1a: Slowking\n|-supereffective|p1a: Slowking\n|-damage|p1a: Slowking|0 fnt\n|faint|p1a: Slowking\n|\n|upkeep\n|\n|t:|1700250221\n|switch|p1a: Salamence|Salamence, M|100\/100\n|-damage|p1a: Salamence|76\/100|[from] Stealth Rock\n|-ability|p1a: Salamence|Intimidate|boost\n|-unboost|p2a: Zamazenta|atk|1\n|turn|24\n|\n|t:|1700250229\n|-terastallize|p1a: Salamence|Steel\n|move|p1a: Salamence|Focus Energy|p1a: Salamence\n|-start|p1a: Salamence|move: Focus Energy\n|move|p2a: Zamazenta|Stone Edge|p1a: Salamence\n|-resisted|p1a: Salamence\n|-damage|p1a: Salamence|62\/100\n|\n|upkeep\n|turn|25\n|\n|t:|1700250232\n|move|p1a: Salamence|Draco Meteor|p2a: Zamazenta\n|-crit|p2a: Zamazenta\n|-damage|p2a: Zamazenta|11\/100 par\n|-unboost|p1a: Salamence|spa|2\n|move|p2a: Zamazenta|Body Press|p1a: Salamence\n|-supereffective|p1a: Salamence\n|-damage|p1a: Salamence|0 fnt\n|faint|p1a: Salamence\n|\n|win|angelvaldes\n|raw|CherryBottomLeft's rating: 1073 &rarr; <strong>1057<\/strong><br \/>(-16 for losing)\n|raw|angelvaldes's rating: 1150 &rarr; <strong>1170<\/strong><br \/>(+20 for winning)\n|c|\u2606angelvaldes|wp\n|c|\u2606CherryBottomLeft|gg\n|l|\u2606CherryBottomLeft\n","uploadtime":1700250251,"views":10,"p1id":"cherrybottomleft","p2id":"angelvaldes","formatid":"gen9ou","rating":1057,"private":0,"password":""}