{"id":"gen9ou-1991903755","p1":"jzhuc1841","p2":"finbarfinbarfinbar","format":"[Gen 9] OU","log":"|j|\u2606jzhuc1841\n|j|\u2606finbarfinbarfinbar\n|t:|1700136124\n|gametype|singles\n|player|p1|jzhuc1841|hilbert-wonderlauncher|1509\n|player|p2|finbarfinbarfinbar|valerie|1597\n|teamsize|p1|6\n|teamsize|p2|6\n|gen|9\n|tier|[Gen 9] OU\n|rated|\n|rule|Sleep Clause Mod: Limit one foe put to sleep\n|rule|Species Clause: Limit one of each Pok\u00e9mon\n|rule|OHKO Clause: OHKO moves are banned\n|rule|Evasion Items Clause: Evasion items are banned\n|rule|Evasion Moves Clause: Evasion moves are banned\n|rule|Endless Battle Clause: Forcing endless battles is banned\n|rule|HP Percentage Mod: HP is shown in percentages\n|clearpoke\n|poke|p1|Ogerpon-Wellspring, F|\n|poke|p1|Kingambit, M|\n|poke|p1|Iron Moth|\n|poke|p1|Iron Valiant|\n|poke|p1|Zamazenta-*|\n|poke|p1|Glimmora, F|\n|poke|p2|Ogerpon-Wellspring, F|\n|poke|p2|Corviknight, M|\n|poke|p2|Ting-Lu|\n|poke|p2|Cinderace, F|\n|poke|p2|Zapdos|\n|poke|p2|Okidogi, M|\n|teampreview\n|\n|t:|1700136149\n|start\n|switch|p1a: Glimmora|Glimmora, F|100\/100\n|switch|p2a: Brick|Ting-Lu|100\/100\n|-item|p1a: Glimmora|Air Balloon\n|-ability|p2a: Brick|Vessel of Ruin\n|turn|1\n|\n|t:|1700136167\n|move|p1a: Glimmora|Mortal Spin|p2a: Brick\n|-resisted|p2a: Brick\n|-damage|p2a: Brick|99\/100\n|-status|p2a: Brick|psn\n|move|p2a: Brick|Stone Edge|p1a: Glimmora\n|-damage|p1a: Glimmora|68\/100\n|-activate|p1a: Glimmora|ability: Toxic Debris\n|-sidestart|p2: finbarfinbarfinbar|move: Toxic Spikes\n|-enditem|p1a: Glimmora|Air Balloon\n|\n|-heal|p2a: Brick|100\/100 psn|[from] item: Leftovers\n|-damage|p2a: Brick|88\/100 psn|[from] psn\n|upkeep\n|turn|2\n|\n|t:|1700136175\n|move|p1a: Glimmora|Stealth Rock|p2a: Brick\n|-sidestart|p2: finbarfinbarfinbar|move: Stealth Rock\n|move|p2a: Brick|Earthquake|p1a: Glimmora\n|-supereffective|p1a: Glimmora\n|-damage|p1a: Glimmora|0 fnt\n|-activate|p1a: Glimmora|ability: Toxic Debris\n|-sidestart|p2: finbarfinbarfinbar|move: Toxic Spikes\n|faint|p1a: Glimmora\n|\n|-heal|p2a: Brick|94\/100 psn|[from] item: Leftovers\n|-damage|p2a: Brick|82\/100 psn|[from] psn\n|upkeep\n|\n|t:|1700136186\n|switch|p1a: Ogerpon|Ogerpon-Wellspring, F|100\/100\n|turn|3\n|\n|t:|1700136197\n|switch|p2a: Trent|Corviknight, M|100\/100\n|-damage|p2a: Trent|88\/100|[from] Stealth Rock\n|-ability|p2a: Trent|Pressure\n|move|p1a: Ogerpon|Swords Dance|p1a: Ogerpon\n|-boost|p1a: Ogerpon|atk|2\n|\n|upkeep\n|turn|4\n|\n|t:|1700136214\n|move|p1a: Ogerpon|Ivy Cudgel|p2a: Trent|[anim] Ivy Cudgel Water\n|-damage|p2a: Trent|16\/100\n|move|p2a: Trent|U-turn|p1a: Ogerpon\n|-supereffective|p1a: Ogerpon\n|-damage|p1a: Ogerpon|63\/100\n|\n|t:|1700136219\n|switch|p2a: Rabbit|Cinderace, F|100\/100|[from] U-turn\n|\n|upkeep\n|turn|5\n|\n|t:|1700136225\n|move|p2a: Rabbit|U-turn|p1a: Ogerpon\n|-start|p2a: Rabbit|typechange|Bug|[from] ability: Libero\n|-supereffective|p1a: Ogerpon\n|-damage|p1a: Ogerpon|0 fnt\n|faint|p1a: Ogerpon\n|\n|t:|1700136232\n|switch|p2a: Trent|Corviknight, M|16\/100|[from] U-turn\n|-damage|p2a: Trent|4\/100|[from] Stealth Rock\n|-ability|p2a: Trent|Pressure\n|\n|upkeep\n|\n|t:|1700136236\n|switch|p1a: Iron Moth|Iron Moth|100\/100\n|-enditem|p1a: Iron Moth|Booster Energy\n|-activate|p1a: Iron Moth|ability: Quark Drive|[fromitem]\n|-start|p1a: Iron Moth|quarkdrivespe\n|turn|6\n|\n|t:|1700136246\n|move|p1a: Iron Moth|Fiery Dance|p2a: Trent\n|-supereffective|p2a: Trent\n|-damage|p2a: Trent|0 fnt\n|faint|p2a: Trent\n|\n|upkeep\n|\n|t:|1700136259\n|switch|p2a: Rabbit|Cinderace, F|100\/100\n|turn|7\n|\n|t:|1700136264\n|move|p1a: Iron Moth|Substitute|p1a: Iron Moth\n|-start|p1a: Iron Moth|Substitute\n|-damage|p1a: Iron Moth|76\/100\n|move|p2a: Rabbit|Court Change|p2a: Rabbit\n|-start|p2a: Rabbit|typechange|Normal|[from] ability: Libero\n|-swapsideconditions\n|-activate|p2a: Rabbit|move: Court Change\n|\n|upkeep\n|turn|8\n|\n|t:|1700136272\n|move|p1a: Iron Moth|Sludge Wave|p2a: Rabbit\n|-damage|p2a: Rabbit|33\/100\n|move|p2a: Rabbit|U-turn|p1a: Iron Moth\n|-resisted|p1a: Iron Moth\n|-activate|p1a: Iron Moth|move: Substitute|[damage]\n|\n|t:|1700136278\n|switch|p2a: Brick|Ting-Lu|82\/100 psn|[from] U-turn\n|-ability|p2a: Brick|Vessel of Ruin\n|\n|-heal|p2a: Brick|88\/100 psn|[from] item: Leftovers\n|-damage|p2a: Brick|76\/100 psn|[from] psn\n|upkeep\n|turn|9\n|\n|t:|1700136282\n|move|p1a: Iron Moth|Fiery Dance|p2a: Brick\n|-damage|p2a: Brick|55\/100 psn\n|-boost|p1a: Iron Moth|spa|1\n|move|p2a: Brick|Whirlwind|p1a: Iron Moth\n|-end|p1a: Iron Moth|Quark Drive|[silent]\n|drag|p1a: Iron Valiant|Iron Valiant|100\/100\n|-status|p1a: Iron Valiant|tox\n|-damage|p1a: Iron Valiant|94\/100 tox|[from] Stealth Rock\n|-enditem|p1a: Iron Valiant|Booster Energy\n|-activate|p1a: Iron Valiant|ability: Quark Drive|[fromitem]\n|-start|p1a: Iron Valiant|quarkdrivespe\n|\n|-heal|p2a: Brick|61\/100 psn|[from] item: Leftovers\n|-damage|p1a: Iron Valiant|88\/100 tox|[from] psn\n|-damage|p2a: Brick|49\/100 psn|[from] psn\n|upkeep\n|turn|10\n|\n|t:|1700136304\n|switch|p2a: The Bear|Okidogi, M|100\/100\n|move|p1a: Iron Valiant|Moonblast|p2a: The Bear\n|-damage|p2a: The Bear|67\/100\n|\n|-heal|p2a: The Bear|73\/100|[from] item: Leftovers\n|-damage|p1a: Iron Valiant|76\/100 tox|[from] psn\n|upkeep\n|turn|11\n|\n|t:|1700136311\n|switch|p2a: Brick|Ting-Lu|49\/100 psn\n|-ability|p2a: Brick|Vessel of Ruin\n|move|p1a: Iron Valiant|Psyshock|p2a: Brick\n|-immune|p2a: Brick\n|\n|-heal|p2a: Brick|55\/100 psn|[from] item: Leftovers\n|-damage|p1a: Iron Valiant|57\/100 tox|[from] psn\n|-damage|p2a: Brick|43\/100 psn|[from] psn\n|upkeep\n|turn|12\n|\n|t:|1700136324\n|move|p1a: Iron Valiant|Moonblast|p2a: Brick\n|-supereffective|p2a: Brick\n|-damage|p2a: Brick|0 fnt\n|faint|p2a: Brick\n|\n|-damage|p1a: Iron Valiant|32\/100 tox|[from] psn\n|upkeep\n|\n|t:|1700136328\n|switch|p2a: Rabbit|Cinderace, F|33\/100\n|turn|13\n|\n|t:|1700136333\n|switch|p2a: The Bear|Okidogi, M|73\/100\n|move|p1a: Iron Valiant|Thunderbolt|p2a: The Bear\n|-damage|p2a: The Bear|52\/100\n|\n|-heal|p2a: The Bear|58\/100|[from] item: Leftovers\n|-damage|p1a: Iron Valiant|1\/100 tox|[from] psn\n|upkeep\n|turn|14\n|\n|t:|1700136342\n|switch|p2a: Seagull|Zapdos|100\/100\n|move|p1a: Iron Valiant|Psyshock|p2a: Seagull\n|-damage|p2a: Seagull|68\/100\n|\n|-damage|p1a: Iron Valiant|0 fnt|[from] psn\n|faint|p1a: Iron Valiant\n|-end|p1a: Iron Valiant|Quark Drive|[silent]\n|upkeep\n|\n|t:|1700136348\n|switch|p1a: Iron Moth|Iron Moth|76\/100\n|-sideend|p1: jzhuc1841|move: Toxic Spikes|[of] p1a: Iron Moth\n|-damage|p1a: Iron Moth|51\/100|[from] Stealth Rock\n|turn|15\n|\n|t:|1700136353\n|move|p1a: Iron Moth|Fiery Dance|p2a: Seagull\n|-damage|p2a: Seagull|19\/100\n|move|p2a: Seagull|Hurricane|p1a: Iron Moth\n|-damage|p1a: Iron Moth|0 fnt\n|faint|p1a: Iron Moth\n|-end|p1a: Iron Moth|Quark Drive|[silent]\n|\n|upkeep\n|\n|t:|1700136359\n|switch|p1a: Zamazenta|Zamazenta|100\/100\n|-damage|p1a: Zamazenta|94\/100|[from] Stealth Rock\n|-ability|p1a: Zamazenta|Dauntless Shield|boost\n|-boost|p1a: Zamazenta|def|1\n|turn|16\n|\n|t:|1700136365\n|-terastallize|p1a: Zamazenta|Steel\n|move|p1a: Zamazenta|Substitute|p1a: Zamazenta\n|-start|p1a: Zamazenta|Substitute\n|-damage|p1a: Zamazenta|69\/100\n|move|p2a: Seagull|Hurricane|p1a: Zamazenta|[miss]\n|-miss|p2a: Seagull|p1a: Zamazenta\n|\n|-heal|p1a: Zamazenta|76\/100|[from] item: Leftovers\n|upkeep\n|turn|17\n|\n|t:|1700136371\n|move|p1a: Zamazenta|Body Press|p2a: Seagull\n|-resisted|p2a: Seagull\n|-damage|p2a: Seagull|0 fnt\n|faint|p2a: Seagull\n|\n|-heal|p1a: Zamazenta|82\/100|[from] item: Leftovers\n|upkeep\n|\n|t:|1700136377\n|switch|p2a: The Bear|Okidogi, M|58\/100\n|turn|18\n|\n|t:|1700136382\n|move|p1a: Zamazenta|Iron Defense|p1a: Zamazenta\n|-boost|p1a: Zamazenta|def|2\n|move|p2a: The Bear|Bulk Up|p2a: The Bear\n|-boost|p2a: The Bear|atk|1\n|-boost|p2a: The Bear|def|1\n|\n|-heal|p1a: Zamazenta|88\/100|[from] item: Leftovers\n|-heal|p2a: The Bear|64\/100|[from] item: Leftovers\n|upkeep\n|turn|19\n|\n|t:|1700136387\n|move|p1a: Zamazenta|Body Press|p2a: The Bear\n|-resisted|p2a: The Bear\n|-damage|p2a: The Bear|37\/100\n|move|p2a: The Bear|Bulk Up|p2a: The Bear\n|-boost|p2a: The Bear|atk|1\n|-boost|p2a: The Bear|def|1\n|\n|-heal|p1a: Zamazenta|94\/100|[from] item: Leftovers\n|-heal|p2a: The Bear|43\/100|[from] item: Leftovers\n|upkeep\n|turn|20\n|\n|t:|1700136392\n|move|p1a: Zamazenta|Iron Defense|p1a: Zamazenta\n|-boost|p1a: Zamazenta|def|2\n|move|p2a: The Bear|Drain Punch|p1a: Zamazenta\n|-supereffective|p1a: Zamazenta\n|-activate|p1a: Zamazenta|move: Substitute|[damage]\n|-heal|p2a: The Bear|54\/100|[from] drain|[of] p1a: Zamazenta\n|\n|-heal|p1a: Zamazenta|99\/100|[from] item: Leftovers\n|-heal|p2a: The Bear|60\/100|[from] item: Leftovers\n|upkeep\n|turn|21\n|\n|t:|1700136396\n|move|p1a: Zamazenta|Body Press|p2a: The Bear\n|-resisted|p2a: The Bear\n|-damage|p2a: The Bear|31\/100\n|move|p2a: The Bear|Bulk Up|p2a: The Bear\n|-boost|p2a: The Bear|atk|1\n|-boost|p2a: The Bear|def|1\n|\n|-heal|p1a: Zamazenta|100\/100|[from] item: Leftovers\n|-heal|p2a: The Bear|37\/100|[from] item: Leftovers\n|upkeep\n|turn|22\n|\n|t:|1700136402\n|move|p1a: Zamazenta|Body Press|p2a: The Bear\n|-resisted|p2a: The Bear\n|-damage|p2a: The Bear|13\/100\n|move|p2a: The Bear|Drain Punch|p1a: Zamazenta\n|-supereffective|p1a: Zamazenta\n|-end|p1a: Zamazenta|Substitute\n|-heal|p2a: The Bear|13\/100|[from] drain|[of] p1a: Zamazenta\n|\n|-heal|p2a: The Bear|19\/100|[from] item: Leftovers\n|upkeep\n|turn|23\n|\n|t:|1700136411\n|move|p1a: Zamazenta|Body Press|p2a: The Bear\n|-resisted|p2a: The Bear\n|-damage|p2a: The Bear|0 fnt\n|faint|p2a: The Bear\n|\n|upkeep\n|\n|t:|1700136416\n|switch|p2a: The Police|Ogerpon-Wellspring, F|100\/100\n|turn|24\n|\n|t:|1700136419\n|-terastallize|p2a: The Police|Water\n|detailschange|p2a: The Police|Ogerpon-Wellspring-Tera, F, tera:Water\n|-ability|p2a: The Police|Embody Aspect (Wellspring)|boost\n|-boost|p2a: The Police|spd|1\n|move|p1a: Zamazenta|Body Press|p2a: The Police\n|-damage|p2a: The Police|0 fnt\n|faint|p2a: The Police\n|\n|upkeep\n|-message|finbarfinbarfinbar forfeited.\n|\n|win|jzhuc1841\n|raw|jzhuc1841's rating: 1509 &rarr; <strong>1534<\/strong><br \/>(+25 for winning)\n|raw|finbarfinbarfinbar's rating: 1597 &rarr; <strong>1572<\/strong><br \/>(-25 for losing)\n|l|\u2606finbarfinbarfinbar\n|c|\u2606jzhuc1841|gg\n|l|\u2606jzhuc1841\n|j|\u2606jzhuc1841\n|player|p1|jzhuc1841|hilbert-wonderlauncher\n","uploadtime":1700136568,"views":18,"p1id":"jzhuc1841","p2id":"finbarfinbarfinbar","formatid":"gen9ou","rating":1534,"private":0,"password":""}