{"id":"gen9ou-1993594675","p1":"Valrex","p2":"SaltwaterHydreigon","format":"[Gen 9] OU","log":"|j|\u2606Valrex\n|j|\u2606SaltwaterHydreigon\n|t:|1700335534\n|gametype|singles\n|player|p1|Valrex|clown|1418\n|player|p2|SaltwaterHydreigon|hilbert|1457\n|teamsize|p1|6\n|teamsize|p2|6\n|gen|9\n|tier|[Gen 9] OU\n|rated|\n|rule|Sleep Clause Mod: Limit one foe put to sleep\n|rule|Species Clause: Limit one of each Pok\u00e9mon\n|rule|OHKO Clause: OHKO moves are banned\n|rule|Evasion Items Clause: Evasion items are banned\n|rule|Evasion Moves Clause: Evasion moves are banned\n|rule|Endless Battle Clause: Forcing endless battles is banned\n|rule|HP Percentage Mod: HP is shown in percentages\n|clearpoke\n|poke|p1|Walking Wake|\n|poke|p1|Maushold-Four|\n|poke|p1|Dragonite, F|\n|poke|p1|Weezing-Galar, M|\n|poke|p1|Great Tusk|\n|poke|p1|Muk-Alola, M|\n|poke|p2|Volcanion|\n|poke|p2|Glimmora, F|\n|poke|p2|Ninetales-Alola, M|\n|poke|p2|Kingambit, M|\n|poke|p2|Thundurus-Therian, M|\n|poke|p2|Iron Valiant|\n|teampreview\n|\n|t:|1700335552\n|start\n|switch|p1a: Walking Wake|Walking Wake|100\/100\n|switch|p2a: Doughnut Spider|Volcanion|100\/100\n|turn|1\n|inactive|Battle timer is ON: inactive players will automatically lose when time's up. (requested by SaltwaterHydreigon)\n|\n|t:|1700335561\n|-end|p1a: Walking Wake|Protosynthesis|[silent]\n|switch|p1a: Muk|Muk-Alola, M|100\/100\n|switch|p2a: Ninetales|Ninetales-Alola, M|100\/100\n|-weather|Snow|[from] ability: Snow Warning|[of] p2a: Ninetales\n|\n|-weather|Snow|[upkeep]\n|upkeep\n|turn|2\n|\n|t:|1700335568\n|move|p2a: Ninetales|Aurora Veil|p2a: Ninetales\n|-sidestart|p2: SaltwaterHydreigon|move: Aurora Veil\n|move|p1a: Muk|Poison Jab|p2a: Ninetales\n|-supereffective|p2a: Ninetales\n|-damage|p2a: Ninetales|78\/100\n|\n|-weather|Snow|[upkeep]\n|upkeep\n|turn|3\n|\n|t:|1700335578\n|move|p2a: Ninetales|Dazzling Gleam|p1a: Muk\n|-damage|p1a: Muk|85\/100\n|move|p1a: Muk|Knock Off|p2a: Ninetales\n|-resisted|p2a: Ninetales\n|-damage|p2a: Ninetales|70\/100\n|-enditem|p2a: Ninetales|Light Clay|[from] move: Knock Off|[of] p1a: Muk\n|\n|-weather|Snow|[upkeep]\n|-heal|p1a: Muk|91\/100|[from] item: Black Sludge\n|upkeep\n|turn|4\n|\n|t:|1700335587\n|switch|p2a: Glimmora|Glimmora, F|100\/100\n|move|p1a: Muk|Poison Jab|p2a: Glimmora\n|-resisted|p2a: Glimmora\n|-damage|p2a: Glimmora|96\/100\n|-activate|p2a: Glimmora|ability: Toxic Debris\n|-sidestart|p1: Valrex|move: Toxic Spikes\n|\n|-weather|Snow|[upkeep]\n|-heal|p1a: Muk|97\/100|[from] item: Black Sludge\n|upkeep\n|turn|5\n|\n|t:|1700335606\n|switch|p1a: Weezing|Weezing-Galar, M|100\/100\n|move|p2a: Glimmora|Earth Power|p1a: Weezing\n|-immune|p1a: Weezing|[from] ability: Levitate\n|\n|-weather|none\n|upkeep\n|turn|6\n|\n|t:|1700335627\n|switch|p2a: Doughnut Spider|Volcanion|100\/100\n|switch|p1a: Muk|Muk-Alola, M|97\/100\n|-sideend|p1: Valrex|move: Toxic Spikes|[of] p1a: Muk\n|\n|-heal|p1a: Muk|100\/100|[from] item: Black Sludge\n|upkeep\n|turn|7\n|\n|t:|1700335636\n|move|p1a: Muk|Protect|p1a: Muk\n|-singleturn|p1a: Muk|Protect\n|move|p2a: Doughnut Spider|Earth Power|p1a: Muk\n|-activate|p1a: Muk|move: Protect\n|\n|upkeep\n|turn|8\n|\n|t:|1700335644\n|switch|p1a: Weezing|Weezing-Galar, M|100\/100\n|move|p2a: Doughnut Spider|Steam Eruption|p1a: Weezing\n|-damage|p1a: Weezing|0 fnt\n|faint|p1a: Weezing\n|\n|upkeep\n|\n|t:|1700335672\n|switch|p1a: Great Tusk|Great Tusk|100\/100\n|turn|9\n|\n|t:|1700335677\n|-terastallize|p1a: Great Tusk|Dragon\n|move|p1a: Great Tusk|Earthquake|p2a: Doughnut Spider\n|-supereffective|p2a: Doughnut Spider\n|-damage|p2a: Doughnut Spider|68\/100\n|move|p2a: Doughnut Spider|Steam Eruption|p1a: Great Tusk\n|-resisted|p1a: Great Tusk\n|-damage|p1a: Great Tusk|58\/100\n|\n|-heal|p2a: Doughnut Spider|74\/100|[from] item: Leftovers\n|-sideend|p2: SaltwaterHydreigon|move: Aurora Veil\n|upkeep\n|turn|10\n|\n|t:|1700335688\n|move|p1a: Great Tusk|Stealth Rock|p2a: Doughnut Spider\n|-sidestart|p2: SaltwaterHydreigon|move: Stealth Rock\n|move|p2a: Doughnut Spider|Sludge Bomb|p1a: Great Tusk\n|-damage|p1a: Great Tusk|13\/100\n|\n|-heal|p2a: Doughnut Spider|80\/100|[from] item: Leftovers\n|upkeep\n|turn|11\n|\n|t:|1700335694\n|move|p1a: Great Tusk|Earthquake|p2a: Doughnut Spider\n|-supereffective|p2a: Doughnut Spider\n|-damage|p2a: Doughnut Spider|9\/100\n|move|p2a: Doughnut Spider|Sludge Bomb|p1a: Great Tusk\n|-damage|p1a: Great Tusk|0 fnt\n|faint|p1a: Great Tusk\n|-end|p1a: Great Tusk|Protosynthesis|[silent]\n|\n|-heal|p2a: Doughnut Spider|15\/100|[from] item: Leftovers\n|upkeep\n|\n|t:|1700335703\n|switch|p1a: Dragonite|Dragonite, F|100\/100\n|turn|12\n|\n|t:|1700335713\n|switch|p2a: Ninetales|Ninetales-Alola, M|70\/100\n|-damage|p2a: Ninetales|46\/100|[from] Stealth Rock\n|-weather|Snow|[from] ability: Snow Warning|[of] p2a: Ninetales\n|move|p1a: Dragonite|Extreme Speed|p2a: Ninetales\n|-damage|p2a: Ninetales|8\/100\n|\n|-weather|Snow|[upkeep]\n|upkeep\n|turn|13\n|\n|t:|1700335723\n|move|p1a: Dragonite|Extreme Speed|p2a: Ninetales\n|-damage|p2a: Ninetales|0 fnt\n|faint|p2a: Ninetales\n|\n|-weather|Snow|[upkeep]\n|upkeep\n|\n|t:|1700335729\n|switch|p2a: Glimmora|Glimmora, F|96\/100\n|-damage|p2a: Glimmora|84\/100|[from] Stealth Rock\n|turn|14\n|\n|t:|1700335735\n|switch|p1a: Walking Wake|Walking Wake|100\/100\n|move|p2a: Glimmora|Mortal Spin|p1a: Walking Wake\n|-damage|p1a: Walking Wake|93\/100\n|-status|p1a: Walking Wake|psn\n|-sideend|p2: SaltwaterHydreigon|Stealth Rock|[from] move: Mortal Spin|[of] p2a: Glimmora\n|\n|-weather|Snow|[upkeep]\n|-damage|p1a: Walking Wake|81\/100 psn|[from] psn\n|upkeep\n|turn|15\n|\n|t:|1700335743\n|switch|p2a: Doughnut Spider|Volcanion|15\/100\n|move|p1a: Walking Wake|Hydro Steam|p2a: Doughnut Spider\n|-heal|p2a: Doughnut Spider|40\/100|[from] ability: Water Absorb|[of] p1a: Walking Wake\n|\n|-weather|Snow|[upkeep]\n|-heal|p2a: Doughnut Spider|46\/100|[from] item: Leftovers\n|-damage|p1a: Walking Wake|69\/100 psn|[from] psn\n|upkeep\n|turn|16\n|\n|t:|1700335755\n|-end|p1a: Walking Wake|Protosynthesis|[silent]\n|switch|p1a: Dragonite|Dragonite, F|100\/100\n|move|p2a: Doughnut Spider|Steam Eruption|p1a: Dragonite\n|-resisted|p1a: Dragonite\n|-damage|p1a: Dragonite|86\/100\n|\n|-weather|none\n|-heal|p2a: Doughnut Spider|52\/100|[from] item: Leftovers\n|upkeep\n|turn|17\n|\n|t:|1700335764\n|switch|p2a: Glimmora|Glimmora, F|84\/100\n|move|p1a: Dragonite|Earthquake|p2a: Glimmora\n|-supereffective|p2a: Glimmora\n|-damage|p2a: Glimmora|0 fnt\n|-activate|p2a: Glimmora|ability: Toxic Debris\n|-sidestart|p1: Valrex|move: Toxic Spikes\n|faint|p2a: Glimmora\n|\n|upkeep\n|\n|t:|1700335775\n|switch|p2a: Iron Valiant|Iron Valiant|100\/100\n|-enditem|p2a: Iron Valiant|Booster Energy\n|-activate|p2a: Iron Valiant|ability: Quark Drive|[fromitem]\n|-start|p2a: Iron Valiant|quarkdrivespe\n|turn|18\n|\n|t:|1700335781\n|switch|p1a: Muk|Muk-Alola, M|100\/100\n|-sideend|p1: Valrex|move: Toxic Spikes|[of] p1a: Muk\n|move|p2a: Iron Valiant|Spirit Break|p1a: Muk\n|-damage|p1a: Muk|60\/100\n|-unboost|p1a: Muk|spa|1\n|\n|-heal|p1a: Muk|66\/100|[from] item: Black Sludge\n|upkeep\n|turn|19\n|\n|t:|1700335791\n|move|p1a: Muk|Protect|p1a: Muk\n|-singleturn|p1a: Muk|Protect\n|move|p2a: Iron Valiant|Close Combat|p1a: Muk\n|-activate|p1a: Muk|move: Protect\n|\n|-heal|p1a: Muk|72\/100|[from] item: Black Sludge\n|upkeep\n|turn|20\n|\n|t:|1700335798\n|move|p2a: Iron Valiant|Swords Dance|p2a: Iron Valiant\n|-boost|p2a: Iron Valiant|atk|2\n|move|p1a: Muk|Poison Jab|p2a: Iron Valiant\n|-supereffective|p2a: Iron Valiant\n|-damage|p2a: Iron Valiant|30\/100\n|\n|-heal|p1a: Muk|78\/100|[from] item: Black Sludge\n|upkeep\n|turn|21\n|\n|t:|1700335813\n|switch|p1a: Dragonite|Dragonite, F|86\/100\n|move|p2a: Iron Valiant|Swords Dance|p2a: Iron Valiant\n|-boost|p2a: Iron Valiant|atk|2\n|\n|upkeep\n|turn|22\n|\n|t:|1700335819\n|move|p1a: Dragonite|Extreme Speed|p2a: Iron Valiant\n|-damage|p2a: Iron Valiant|0 fnt\n|faint|p2a: Iron Valiant\n|-end|p2a: Iron Valiant|Quark Drive|[silent]\n|\n|upkeep\n|\n|t:|1700335827\n|switch|p2a: Thundurus|Thundurus-Therian, M|100\/100\n|turn|23\n|\n|t:|1700335840\n|switch|p1a: Muk|Muk-Alola, M|78\/100\n|move|p2a: Thundurus|Wildbolt Storm|p1a: Muk\n|-damage|p1a: Muk|47\/100\n|\n|-heal|p1a: Muk|53\/100|[from] item: Black Sludge\n|upkeep\n|turn|24\n|\n|t:|1700335850\n|move|p1a: Muk|Protect|p1a: Muk\n|-singleturn|p1a: Muk|Protect\n|move|p2a: Thundurus|Nasty Plot|p2a: Thundurus\n|-boost|p2a: Thundurus|spa|2\n|\n|-heal|p1a: Muk|59\/100|[from] item: Black Sludge\n|upkeep\n|turn|25\n|\n|t:|1700335858\n|move|p2a: Thundurus|Wildbolt Storm|p1a: Muk\n|-damage|p1a: Muk|0 fnt\n|faint|p1a: Muk\n|\n|upkeep\n|\n|t:|1700335863\n|switch|p1a: Maushold|Maushold-Four|100\/100\n|turn|26\n|\n|t:|1700335867\n|move|p1a: Maushold|Population Bomb|p2a: Thundurus\n|-damage|p2a: Thundurus|82\/100\n|-damage|p2a: Thundurus|66\/100\n|-damage|p2a: Thundurus|49\/100\n|-damage|p2a: Thundurus|30\/100\n|-damage|p2a: Thundurus|14\/100\n|-enditem|p2a: Thundurus|Salac Berry|[eat]\n|-boost|p2a: Thundurus|spe|1|[from] item: Salac Berry\n|-damage|p2a: Thundurus|0 fnt\n|faint|p2a: Thundurus\n|-hitcount|p2: Thundurus|6\n|\n|upkeep\n|\n|t:|1700335882\n|switch|p2a: Kingambit|Kingambit, M|100\/100\n|-activate|p2a: Kingambit|ability: Supreme Overlord\n|-start|p2a: Kingambit|fallen4|[silent]\n|turn|27\n|\n|t:|1700335893\n|switch|p1a: Walking Wake|Walking Wake|69\/100 psn\n|move|p2a: Kingambit|Swords Dance|p2a: Kingambit\n|-boost|p2a: Kingambit|atk|2\n|\n|-damage|p1a: Walking Wake|56\/100 psn|[from] psn\n|upkeep\n|turn|28\n|\n|t:|1700335900\n|move|p2a: Kingambit|Sucker Punch|p1a: Walking Wake\n|-damage|p1a: Walking Wake|0 fnt\n|faint|p1a: Walking Wake\n|-end|p1a: Walking Wake|Protosynthesis|[silent]\n|\n|upkeep\n|\n|t:|1700335918\n|switch|p1a: Maushold|Maushold-Four|100\/100\n|turn|29\n|\n|t:|1700335921\n|move|p2a: Kingambit|Sucker Punch||[still]\n|-fail|p2a: Kingambit\n|move|p1a: Maushold|Encore|p2a: Kingambit\n|-start|p2a: Kingambit|Encore\n|\n|upkeep\n|turn|30\n|\n|t:|1700335932\n|switch|p1a: Dragonite|Dragonite, F|86\/100\n|-end|p2a: Kingambit|fallen4|[silent]\n|switch|p2a: Doughnut Spider|Volcanion|52\/100\n|\n|-heal|p2a: Doughnut Spider|58\/100|[from] item: Leftovers\n|upkeep\n|turn|31\n|\n|t:|1700335940\n|move|p1a: Dragonite|Earthquake|p2a: Doughnut Spider\n|-supereffective|p2a: Doughnut Spider\n|-damage|p2a: Doughnut Spider|0 fnt\n|faint|p2a: Doughnut Spider\n|\n|upkeep\n|\n|t:|1700335944\n|switch|p2a: Kingambit|Kingambit, M|100\/100\n|-activate|p2a: Kingambit|ability: Supreme Overlord\n|-start|p2a: Kingambit|fallen5|[silent]\n|turn|32\n|\n|t:|1700335949\n|-terastallize|p2a: Kingambit|Flying\n|move|p1a: Dragonite|Earthquake|p2a: Kingambit\n|-immune|p2a: Kingambit\n|move|p2a: Kingambit|Iron Head|p1a: Dragonite\n|-damage|p1a: Dragonite|8\/100\n|\n|upkeep\n|turn|33\n|\n|t:|1700335958\n|switch|p1a: Maushold|Maushold-Four|100\/100\n|move|p2a: Kingambit|Sucker Punch||[still]\n|-fail|p2a: Kingambit\n|\n|upkeep\n|turn|34\n|\n|t:|1700335981\n|move|p1a: Maushold|Encore|p2a: Kingambit\n|-start|p2a: Kingambit|Encore\n|move|p2a: Kingambit|Sucker Punch||[still]\n|-fail|p2a: Kingambit\n|\n|upkeep\n|turn|35\n|\n|t:|1700335986\n|move|p2a: Kingambit|Sucker Punch||[still]\n|-fail|p2a: Kingambit\n|move|p1a: Maushold|Tidy Up|p1a: Maushold\n|-boost|p1a: Maushold|atk|1\n|-boost|p1a: Maushold|spe|1\n|\n|upkeep\n|turn|36\n|inactive|Valrex has 120 seconds left.\n|\n|t:|1700336013\n|move|p2a: Kingambit|Sucker Punch||[still]\n|-fail|p2a: Kingambit\n|move|p1a: Maushold|Tidy Up|p1a: Maushold\n|-boost|p1a: Maushold|atk|1\n|-boost|p1a: Maushold|spe|1\n|\n|-end|p2a: Kingambit|Encore\n|upkeep\n|turn|37\n|\n|t:|1700336020\n|move|p2a: Kingambit|Sucker Punch||[still]\n|-fail|p2a: Kingambit\n|move|p1a: Maushold|Encore|p2a: Kingambit\n|-start|p2a: Kingambit|Encore\n|\n|upkeep\n|turn|38\n|\n|t:|1700336025\n|move|p2a: Kingambit|Sucker Punch||[still]\n|-fail|p2a: Kingambit\n|move|p1a: Maushold|Tidy Up|p1a: Maushold\n|-boost|p1a: Maushold|atk|1\n|-boost|p1a: Maushold|spe|1\n|\n|-end|p2a: Kingambit|Encore\n|upkeep\n|turn|39\n|\n|t:|1700336034\n|move|p1a: Maushold|Population Bomb|p2a: Kingambit\n|-damage|p2a: Kingambit|76\/100\n|-damage|p2a: Kingambit|52\/100\n|-damage|p2a: Kingambit|30\/100\n|-damage|p2a: Kingambit|8\/100\n|-damage|p2a: Kingambit|0 fnt\n|faint|p2a: Kingambit\n|-end|p2a: Kingambit|fallen5|[silent]\n|-hitcount|p2: Kingambit|5\n|\n|win|Valrex\n|raw|Valrex's rating: 1418 &rarr; <strong>1440<\/strong><br \/>(+22 for winning)\n|raw|SaltwaterHydreigon's rating: 1457 &rarr; <strong>1435<\/strong><br \/>(-22 for losing)\n","uploadtime":1700336042,"views":12,"p1id":"valrex","p2id":"saltwaterhydreigon","formatid":"gen9ou","rating":1435,"private":0,"password":""}