{"id":"gen9ou-1995224611","p1":"Steuler","p2":"LuffySwampertIce","format":"[Gen 9] OU","log":"|j|\u2606Steuler\n|j|\u2606LuffySwampertIce\n|t:|1700536734\n|gametype|singles\n|player|p1|Steuler|lance|1302\n|player|p2|LuffySwampertIce|marlon|1305\n|teamsize|p1|6\n|teamsize|p2|6\n|gen|9\n|tier|[Gen 9] OU\n|rated|\n|rule|Sleep Clause Mod: Limit one foe put to sleep\n|rule|Species Clause: Limit one of each Pok\u00e9mon\n|rule|OHKO Clause: OHKO moves are banned\n|rule|Evasion Items Clause: Evasion items are banned\n|rule|Evasion Moves Clause: Evasion moves are banned\n|rule|Endless Battle Clause: Forcing endless battles is banned\n|rule|HP Percentage Mod: HP is shown in percentages\n|clearpoke\n|poke|p1|Dragapult, F|\n|poke|p1|Rillaboom, F|\n|poke|p1|Cinderace, F|\n|poke|p1|Dondozo, M|\n|poke|p1|Great Tusk|\n|poke|p1|Iron Valiant|\n|poke|p2|Clefable, M|\n|poke|p2|Empoleon, M|\n|poke|p2|Arcanine-Hisui, M|\n|poke|p2|Breloom, M|\n|poke|p2|Corviknight, M|\n|poke|p2|Slowking-Galar, M|\n|teampreview\n|inactive|Battle timer is ON: inactive players will automatically lose when time's up. (requested by Steuler)\n|\n|t:|1700536763\n|start\n|switch|p1a: Dragapult|Dragapult, F|100\/100\n|switch|p2a: Empoleon|Empoleon, M, shiny|100\/100\n|turn|1\n|\n|t:|1700536768\n|move|p1a: Dragapult|U-turn|p2a: Empoleon\n|-resisted|p2a: Empoleon\n|-damage|p2a: Empoleon|90\/100\n|-damage|p1a: Dragapult|91\/100|[from] item: Life Orb\n|\n|t:|1700536772\n|switch|p1a: Dondozo|Dondozo, M|100\/100|[from] U-turn\n|move|p2a: Empoleon|Knock Off|p1a: Dondozo\n|-damage|p1a: Dondozo|92\/100\n|-enditem|p1a: Dondozo|Heavy-Duty Boots|[from] move: Knock Off|[of] p2a: Empoleon\n|\n|-heal|p2a: Empoleon|96\/100|[from] item: Leftovers\n|upkeep\n|turn|2\n|\n|t:|1700536778\n|move|p2a: Empoleon|Stealth Rock|p1a: Dondozo\n|-sidestart|p1: Steuler|move: Stealth Rock\n|move|p1a: Dondozo|Body Press|p2a: Empoleon\n|-supereffective|p2a: Empoleon\n|-damage|p2a: Empoleon|39\/100\n|\n|-heal|p2a: Empoleon|46\/100|[from] item: Leftovers\n|upkeep\n|turn|3\n|\n|t:|1700536787\n|switch|p2a: Breloom|Breloom, M, shiny|100\/100\n|move|p1a: Dondozo|Body Press|p2a: Breloom\n|-damage|p2a: Breloom|75\/100\n|\n|-status|p2a: Breloom|tox|[from] item: Toxic Orb\n|upkeep\n|turn|4\n|inactive|Steuler has 120 seconds left.\n|\n|t:|1700536827\n|switch|p1a: Cinderace|Cinderace, F|100\/100\n|move|p2a: Breloom|Spore|p1a: Cinderace\n|-status|p1a: Cinderace|slp|[from] move: Spore\n|\n|-heal|p2a: Breloom|88\/100 tox|[from] ability: Poison Heal\n|upkeep\n|turn|5\n|\n|t:|1700536841\n|cant|p1a: Cinderace|slp\n|move|p2a: Breloom|Leech Seed|p1a: Cinderace\n|-start|p1a: Cinderace|move: Leech Seed\n|\n|-damage|p1a: Cinderace|88\/100 slp|[from] Leech Seed|[of] p2a: Breloom\n|-heal|p2a: Breloom|99\/100 tox|[silent]\n|-heal|p2a: Breloom|100\/100 tox|[from] ability: Poison Heal\n|upkeep\n|turn|6\n|\n|t:|1700536861\n|switch|p2a: Empoleon|Empoleon, M, shiny|46\/100\n|cant|p1a: Cinderace|slp\n|\n|-heal|p2a: Empoleon|52\/100|[from] item: Leftovers\n|-damage|p1a: Cinderace|76\/100 slp|[from] Leech Seed|[of] p2a: Empoleon\n|-heal|p2a: Empoleon|62\/100|[silent]\n|upkeep\n|turn|7\n|inactive|Steuler has 120 seconds left.\n|\n|t:|1700536886\n|switch|p1a: Dondozo|Dondozo, M|92\/100\n|-damage|p1a: Dondozo|80\/100|[from] Stealth Rock\n|move|p2a: Empoleon|Knock Off|p1a: Dondozo\n|-damage|p1a: Dondozo|74\/100\n|\n|-heal|p2a: Empoleon|68\/100|[from] item: Leftovers\n|upkeep\n|turn|8\n|\n|t:|1700536900\n|switch|p2a: Breloom|Breloom, M, shiny|100\/100 tox\n|move|p1a: Dondozo|Body Press|p2a: Breloom\n|-damage|p2a: Breloom|75\/100 tox\n|\n|-heal|p2a: Breloom|88\/100 tox|[from] ability: Poison Heal\n|upkeep\n|turn|9\n|inactive|Steuler has 120 seconds left.\n|\n|t:|1700536911\n|switch|p1a: Cinderace|Cinderace, F|76\/100 slp\n|move|p2a: Breloom|Leech Seed|p1a: Cinderace\n|-start|p1a: Cinderace|move: Leech Seed\n|\n|-damage|p1a: Cinderace|64\/100 slp|[from] Leech Seed|[of] p2a: Breloom\n|-heal|p2a: Breloom|99\/100 tox|[silent]\n|-heal|p2a: Breloom|100\/100 tox|[from] ability: Poison Heal\n|upkeep\n|turn|10\n|\n|t:|1700536921\n|switch|p2a: Empoleon|Empoleon, M, shiny|68\/100\n|-curestatus|p1a: Cinderace|slp|[msg]\n|move|p1a: Cinderace|Court Change|p1a: Cinderace\n|-start|p1a: Cinderace|typechange|Normal|[from] ability: Libero\n|-swapsideconditions\n|-activate|p1a: Cinderace|move: Court Change\n|\n|-heal|p2a: Empoleon|74\/100|[from] item: Leftovers\n|-damage|p1a: Cinderace|51\/100|[from] Leech Seed|[of] p2a: Empoleon\n|-heal|p2a: Empoleon|84\/100|[silent]\n|upkeep\n|turn|11\n|\n|t:|1700536933\n|move|p1a: Cinderace|U-turn|p2a: Empoleon\n|-resisted|p2a: Empoleon\n|-damage|p2a: Empoleon|72\/100\n|\n|t:|1700536939\n|switch|p1a: Rillaboom|Rillaboom, F|100\/100|[from] U-turn\n|-fieldstart|move: Grassy Terrain|[from] ability: Grassy Surge|[of] p1a: Rillaboom\n|move|p2a: Empoleon|Stealth Rock|p1a: Rillaboom\n|-sidestart|p1: Steuler|move: Stealth Rock\n|\n|-heal|p2a: Empoleon|78\/100|[from] Grassy Terrain\n|-heal|p2a: Empoleon|85\/100|[from] item: Leftovers\n|upkeep\n|turn|12\n|\n|t:|1700536953\n|switch|p2a: Corviknight|Corviknight, M, shiny|100\/100\n|-damage|p2a: Corviknight|88\/100|[from] Stealth Rock\n|move|p1a: Rillaboom|Drum Beating|p2a: Corviknight\n|-resisted|p2a: Corviknight\n|-damage|p2a: Corviknight|80\/100\n|-ability|p2a: Corviknight|Mirror Armor\n|-unboost|p1a: Rillaboom|spe|1\n|\n|upkeep\n|turn|13\n|\n|t:|1700536971\n|switch|p1a: Dondozo|Dondozo, M|74\/100\n|-damage|p1a: Dondozo|61\/100|[from] Stealth Rock\n|move|p2a: Corviknight|Defog|p1a: Dondozo\n|-unboost|p1a: Dondozo|evasion|1\n|-sideend|p1: Steuler|Stealth Rock|[from] move: Defog|[of] p2a: Corviknight\n|-sideend|p2: LuffySwampertIce|Stealth Rock|[from] move: Defog|[of] p2a: Corviknight\n|-fieldend|move: Grassy Terrain\n|\n|upkeep\n|turn|14\n|\n|t:|1700536986\n|switch|p2a: Breloom|Breloom, M, shiny|100\/100 tox\n|move|p1a: Dondozo|Rest|p1a: Dondozo\n|-status|p1a: Dondozo|slp|[from] move: Rest\n|-heal|p1a: Dondozo|100\/100 slp|[silent]\n|\n|upkeep\n|turn|15\n|\n|t:|1700536991\n|switch|p1a: Cinderace|Cinderace, F|51\/100\n|move|p2a: Breloom|Leech Seed|p1a: Cinderace\n|-start|p1a: Cinderace|move: Leech Seed\n|\n|-damage|p1a: Cinderace|39\/100|[from] Leech Seed|[of] p2a: Breloom\n|upkeep\n|turn|16\n|inactive|LuffySwampertIce has 120 seconds left.\n|\n|t:|1700537050\n|switch|p2a: Arcanine|Arcanine-Hisui, M|100\/100\n|move|p1a: Cinderace|Pyro Ball|p2a: Arcanine\n|-resisted|p2a: Arcanine\n|-damage|p2a: Arcanine|81\/100\n|\n|-damage|p1a: Cinderace|27\/100|[from] Leech Seed|[of] p2a: Arcanine\n|-heal|p2a: Arcanine|93\/100|[silent]\n|upkeep\n|turn|17\n|inactive|LuffySwampertIce has 90 seconds left.\n|\n|t:|1700537081\n|move|p2a: Arcanine|Extreme Speed|p1a: Cinderace\n|-damage|p1a: Cinderace|0 fnt\n|faint|p1a: Cinderace\n|\n|upkeep\n|\n|t:|1700537090\n|switch|p1a: Great Tusk|Great Tusk|100\/100\n|-enditem|p1a: Great Tusk|Booster Energy\n|-activate|p1a: Great Tusk|ability: Protosynthesis|[fromitem]\n|-start|p1a: Great Tusk|protosynthesisspe\n|turn|18\n|\n|t:|1700537095\n|switch|p2a: Corviknight|Corviknight, M, shiny|80\/100\n|move|p1a: Great Tusk|Bulk Up|p1a: Great Tusk\n|-boost|p1a: Great Tusk|atk|1\n|-boost|p1a: Great Tusk|def|1\n|\n|upkeep\n|turn|19\n|\n|t:|1700537100\n|move|p1a: Great Tusk|Close Combat|p2a: Corviknight\n|-damage|p2a: Corviknight|37\/100\n|-unboost|p1a: Great Tusk|def|1\n|-unboost|p1a: Great Tusk|spd|1\n|-damage|p1a: Great Tusk|84\/100|[from] item: Rocky Helmet|[of] p2a: Corviknight\n|move|p2a: Corviknight|Iron Defense|p2a: Corviknight\n|-boost|p2a: Corviknight|def|2\n|\n|upkeep\n|turn|20\n|\n|t:|1700537113\n|move|p1a: Great Tusk|Bulk Up|p1a: Great Tusk\n|-boost|p1a: Great Tusk|atk|1\n|-boost|p1a: Great Tusk|def|1\n|move|p2a: Corviknight|Roost|p2a: Corviknight\n|-heal|p2a: Corviknight|87\/100\n|-singleturn|p2a: Corviknight|move: Roost\n|\n|upkeep\n|turn|21\n|\n|t:|1700537121\n|move|p1a: Great Tusk|Bulk Up|p1a: Great Tusk\n|-boost|p1a: Great Tusk|atk|1\n|-boost|p1a: Great Tusk|def|1\n|move|p2a: Corviknight|Iron Defense|p2a: Corviknight\n|-boost|p2a: Corviknight|def|2\n|\n|upkeep\n|turn|22\n|inactive|LuffySwampertIce has 120 seconds left.\n|\n|t:|1700537155\n|move|p1a: Great Tusk|Close Combat|p2a: Corviknight\n|-damage|p2a: Corviknight|62\/100\n|-unboost|p1a: Great Tusk|def|1\n|-unboost|p1a: Great Tusk|spd|1\n|-damage|p1a: Great Tusk|67\/100|[from] item: Rocky Helmet|[of] p2a: Corviknight\n|move|p2a: Corviknight|Iron Defense|p2a: Corviknight\n|-boost|p2a: Corviknight|def|2\n|\n|upkeep\n|turn|23\n|inactive|LuffySwampertIce has 90 seconds left.\n|inactive|Steuler has 120 seconds left.\n|\n|t:|1700537203\n|move|p1a: Great Tusk|Bulk Up|p1a: Great Tusk\n|-boost|p1a: Great Tusk|atk|1\n|-boost|p1a: Great Tusk|def|1\n|move|p2a: Corviknight|Roost|p2a: Corviknight\n|-heal|p2a: Corviknight|100\/100\n|-singleturn|p2a: Corviknight|move: Roost\n|\n|upkeep\n|turn|24\n|\n|t:|1700537218\n|move|p1a: Great Tusk|Bulk Up|p1a: Great Tusk\n|-boost|p1a: Great Tusk|atk|1\n|-boost|p1a: Great Tusk|def|1\n|move|p2a: Corviknight|Body Press|p1a: Great Tusk\n|-damage|p1a: Great Tusk|42\/100\n|\n|upkeep\n|turn|25\n|inactive|Steuler has 120 seconds left.\n|\n|t:|1700537225\n|move|p1a: Great Tusk|Close Combat|p2a: Corviknight\n|-damage|p2a: Corviknight|75\/100\n|-unboost|p1a: Great Tusk|def|1\n|-unboost|p1a: Great Tusk|spd|1\n|-damage|p1a: Great Tusk|26\/100|[from] item: Rocky Helmet|[of] p2a: Corviknight\n|move|p2a: Corviknight|Body Press|p1a: Great Tusk\n|-damage|p1a: Great Tusk|0 fnt\n|faint|p1a: Great Tusk\n|-end|p1a: Great Tusk|Protosynthesis|[silent]\n|\n|upkeep\n|inactive|Steuler has 120 seconds left.\n|\n|t:|1700537243\n|switch|p1a: Dragapult|Dragapult, F|91\/100\n|turn|26\n|\n|t:|1700537247\n|switch|p2a: Empoleon|Empoleon, M, shiny|85\/100\n|move|p1a: Dragapult|Flamethrower|p2a: Empoleon\n|-damage|p2a: Empoleon|60\/100\n|-damage|p1a: Dragapult|81\/100|[from] item: Life Orb\n|\n|-heal|p2a: Empoleon|66\/100|[from] item: Leftovers\n|upkeep\n|turn|27\n|\n|t:|1700537251\n|move|p1a: Dragapult|U-turn|p2a: Empoleon\n|-resisted|p2a: Empoleon\n|-damage|p2a: Empoleon|56\/100\n|-damage|p1a: Dragapult|71\/100|[from] item: Life Orb\n|\n|t:|1700537263\n|switch|p1a: Rillaboom|Rillaboom, F|100\/100|[from] U-turn\n|-fieldstart|move: Grassy Terrain|[from] ability: Grassy Surge|[of] p1a: Rillaboom\n|move|p2a: Empoleon|Stealth Rock|p1a: Rillaboom\n|-sidestart|p1: Steuler|move: Stealth Rock\n|\n|-heal|p2a: Empoleon|62\/100|[from] Grassy Terrain\n|-heal|p2a: Empoleon|69\/100|[from] item: Leftovers\n|upkeep\n|turn|28\n|\n|t:|1700537269\n|switch|p2a: Breloom|Breloom, M, shiny|100\/100 tox\n|move|p1a: Rillaboom|Knock Off|p2a: Breloom\n|-resisted|p2a: Breloom\n|-damage|p2a: Breloom|84\/100 tox\n|-enditem|p2a: Breloom|Toxic Orb|[from] move: Knock Off|[of] p1a: Rillaboom\n|\n|-heal|p2a: Breloom|90\/100 tox|[from] Grassy Terrain\n|-heal|p2a: Breloom|100\/100 tox|[from] ability: Poison Heal\n|upkeep\n|turn|29\n|inactive|LuffySwampertIce has 120 seconds left.\n|\n|t:|1700537277\n|move|p2a: Breloom|Mach Punch|p1a: Rillaboom\n|-damage|p1a: Rillaboom|83\/100\n|move|p1a: Rillaboom|U-turn|p2a: Breloom\n|-damage|p2a: Breloom|77\/100 tox\n|\n|t:|1700537289\n|switch|p1a: Iron Valiant|Iron Valiant|100\/100|[from] U-turn\n|-damage|p1a: Iron Valiant|94\/100|[from] Stealth Rock\n|\n|-heal|p1a: Iron Valiant|100\/100|[from] Grassy Terrain\n|-heal|p2a: Breloom|83\/100 tox|[from] Grassy Terrain\n|-heal|p2a: Breloom|95\/100 tox|[from] ability: Poison Heal\n|upkeep\n|turn|30\n|\n|t:|1700537308\n|switch|p2a: Slowking|Slowking-Galar, M|100\/100\n|-terastallize|p1a: Iron Valiant|Fairy\n|move|p1a: Iron Valiant|Moonblast|p2a: Slowking\n|-resisted|p2a: Slowking\n|-damage|p2a: Slowking|74\/100\n|-unboost|p2a: Slowking|spa|1\n|\n|-heal|p2a: Slowking|80\/100|[from] Grassy Terrain\n|upkeep\n|turn|31\n|\n|t:|1700537318\n|-end|p1a: Iron Valiant|Quark Drive|[silent]\n|switch|p1a: Dragapult|Dragapult, F|71\/100\n|-damage|p1a: Dragapult|59\/100|[from] Stealth Rock\n|move|p2a: Slowking|Sludge Bomb|p1a: Dragapult\n|-resisted|p1a: Dragapult\n|-damage|p1a: Dragapult|44\/100\n|\n|-heal|p1a: Dragapult|50\/100|[from] Grassy Terrain\n|-heal|p2a: Slowking|86\/100|[from] Grassy Terrain\n|upkeep\n|turn|32\n|\n|t:|1700537324\n|move|p1a: Dragapult|Shadow Ball|p2a: Slowking\n|-supereffective|p2a: Slowking\n|-damage|p2a: Slowking|30\/100\n|-damage|p1a: Dragapult|40\/100|[from] item: Life Orb\n|move|p2a: Slowking|Future Sight|p1a: Dragapult\n|-start|p2a: Slowking|move: Future Sight\n|\n|-heal|p1a: Dragapult|46\/100|[from] Grassy Terrain\n|-heal|p2a: Slowking|37\/100|[from] Grassy Terrain\n|upkeep\n|turn|33\n|\n|t:|1700537330\n|switch|p2a: Empoleon|Empoleon, M, shiny|69\/100\n|move|p1a: Dragapult|Shadow Ball|p2a: Empoleon\n|-damage|p2a: Empoleon|36\/100\n|-damage|p1a: Dragapult|36\/100|[from] item: Life Orb\n|\n|-heal|p1a: Dragapult|42\/100|[from] Grassy Terrain\n|-heal|p2a: Empoleon|42\/100|[from] Grassy Terrain\n|-heal|p2a: Empoleon|48\/100|[from] item: Leftovers\n|upkeep\n|turn|34\n|\n|t:|1700537337\n|move|p1a: Dragapult|U-turn|p2a: Empoleon\n|-resisted|p2a: Empoleon\n|-damage|p2a: Empoleon|38\/100\n|-damage|p1a: Dragapult|32\/100|[from] item: Life Orb\n|\n|t:|1700537341\n|switch|p1a: Dondozo|Dondozo, M|100\/100 slp|[from] U-turn\n|-damage|p1a: Dondozo|88\/100 slp|[from] Stealth Rock\n|move|p2a: Empoleon|Knock Off|p1a: Dondozo\n|-damage|p1a: Dondozo|82\/100 slp\n|\n|-end|p1a: Dondozo|move: Future Sight\n|-damage|p1a: Dondozo|37\/100 slp\n|-heal|p2a: Empoleon|44\/100|[from] Grassy Terrain\n|-heal|p2a: Empoleon|50\/100|[from] item: Leftovers\n|-heal|p1a: Dondozo|43\/100 slp|[from] Grassy Terrain\n|-fieldend|move: Grassy Terrain\n|upkeep\n|turn|35\n|\n|t:|1700537347\n|move|p2a: Empoleon|Roost|p2a: Empoleon\n|-heal|p2a: Empoleon|99\/100\n|-singleturn|p2a: Empoleon|move: Roost\n|cant|p1a: Dondozo|slp\n|\n|-heal|p2a: Empoleon|100\/100|[from] item: Leftovers\n|upkeep\n|turn|36\n|\n|t:|1700537353\n|switch|p2a: Breloom|Breloom, M, shiny|95\/100 tox\n|cant|p1a: Dondozo|slp\n|\n|-heal|p2a: Breloom|100\/100 tox|[from] ability: Poison Heal\n|upkeep\n|turn|37\n|\n|t:|1700537357\n|move|p2a: Breloom|Seed Bomb|p1a: Dondozo\n|-supereffective|p1a: Dondozo\n|-damage|p1a: Dondozo|12\/100 slp\n|-curestatus|p1a: Dondozo|slp|[msg]\n|move|p1a: Dondozo|Rest|p1a: Dondozo\n|-status|p1a: Dondozo|slp|[from] move: Rest\n|-heal|p1a: Dondozo|100\/100 slp|[silent]\n|\n|upkeep\n|turn|38\n|\n|t:|1700537370\n|switch|p1a: Rillaboom|Rillaboom, F|83\/100\n|-damage|p1a: Rillaboom|70\/100|[from] Stealth Rock\n|-fieldstart|move: Grassy Terrain|[from] ability: Grassy Surge|[of] p1a: Rillaboom\n|move|p2a: Breloom|Seed Bomb|p1a: Rillaboom\n|-resisted|p1a: Rillaboom\n|-damage|p1a: Rillaboom|50\/100\n|\n|-heal|p1a: Rillaboom|56\/100|[from] Grassy Terrain\n|upkeep\n|turn|39\n|inactive|Steuler has 120 seconds left.\n|\n|t:|1700537425\n|move|p1a: Rillaboom|Drum Beating|p2a: Breloom\n|-resisted|p2a: Breloom\n|-damage|p2a: Breloom|77\/100 tox\n|-unboost|p2a: Breloom|spe|1\n|move|p2a: Breloom|Seed Bomb|p1a: Rillaboom\n|-resisted|p1a: Rillaboom\n|-damage|p1a: Rillaboom|34\/100\n|\n|-heal|p1a: Rillaboom|40\/100|[from] Grassy Terrain\n|-heal|p2a: Breloom|83\/100 tox|[from] Grassy Terrain\n|-heal|p2a: Breloom|96\/100 tox|[from] ability: Poison Heal\n|upkeep\n|turn|40\n|inactive|LuffySwampertIce has 120 seconds left.\n|\n|t:|1700537468\n|move|p1a: Rillaboom|Drain Punch|p2a: Breloom\n|-damage|p2a: Breloom|71\/100 tox\n|-heal|p1a: Rillaboom|50\/100|[from] drain|[of] p2a: Breloom\n|move|p2a: Breloom|Seed Bomb|p1a: Rillaboom\n|-resisted|p1a: Rillaboom\n|-damage|p1a: Rillaboom|28\/100\n|\n|-heal|p1a: Rillaboom|34\/100|[from] Grassy Terrain\n|-heal|p2a: Breloom|77\/100 tox|[from] Grassy Terrain\n|-heal|p2a: Breloom|90\/100 tox|[from] ability: Poison Heal\n|upkeep\n|turn|41\n|\n|t:|1700537490\n|switch|p1a: Iron Valiant|Iron Valiant, tera:Fairy|100\/100\n|-damage|p1a: Iron Valiant|88\/100|[from] Stealth Rock\n|move|p2a: Breloom|Seed Bomb|p1a: Iron Valiant\n|-damage|p1a: Iron Valiant|25\/100\n|\n|-heal|p1a: Iron Valiant|32\/100|[from] Grassy Terrain\n|-heal|p2a: Breloom|96\/100 tox|[from] Grassy Terrain\n|-heal|p2a: Breloom|100\/100 tox|[from] ability: Poison Heal\n|upkeep\n|turn|42\n|\n|t:|1700537503\n|switch|p2a: Slowking|Slowking-Galar, M|70\/100\n|move|p1a: Iron Valiant|Shadow Ball|p2a: Slowking\n|-supereffective|p2a: Slowking\n|-damage|p2a: Slowking|23\/100\n|\n|-heal|p1a: Iron Valiant|38\/100|[from] Grassy Terrain\n|-heal|p2a: Slowking|29\/100|[from] Grassy Terrain\n|upkeep\n|turn|43\n|\n|t:|1700537516\n|move|p1a: Iron Valiant|Shadow Ball|p2a: Slowking\n|-supereffective|p2a: Slowking\n|-damage|p2a: Slowking|0 fnt\n|faint|p2a: Slowking\n|\n|-heal|p1a: Iron Valiant|44\/100|[from] Grassy Terrain\n|upkeep\n|\n|t:|1700537524\n|switch|p2a: Empoleon|Empoleon, M, shiny|100\/100\n|turn|44\n|inactive|Steuler has 120 seconds left.\n|\n|t:|1700537534\n|-end|p1a: Iron Valiant|Quark Drive|[silent]\n|switch|p1a: Dondozo|Dondozo, M|100\/100 slp\n|-damage|p1a: Dondozo|88\/100 slp|[from] Stealth Rock\n|move|p2a: Empoleon|Knock Off|p1a: Dondozo\n|-damage|p1a: Dondozo|82\/100 slp\n|\n|-heal|p1a: Dondozo|88\/100 slp|[from] Grassy Terrain\n|upkeep\n|turn|45\n|inactive|Steuler has 120 seconds left.\n|\n|t:|1700537551\n|switch|p2a: Breloom|Breloom, M, shiny|100\/100 tox\n|cant|p1a: Dondozo|slp\n|move|p1a: Dondozo|Sleep Talk|p1a: Dondozo\n|move|p1a: Dondozo|Rest||[from]move: Sleep Talk|[still]\n|-fail|p1a: Dondozo\n|\n|-heal|p1a: Dondozo|95\/100 slp|[from] Grassy Terrain\n|-fieldend|move: Grassy Terrain\n|upkeep\n|turn|46\n|inactive|Steuler has 120 seconds left.\n|inactive|LuffySwampertIce has 120 seconds left.\n|\n|t:|1700537562\n|move|p2a: Breloom|Leech Seed|p1a: Dondozo\n|-start|p1a: Dondozo|move: Leech Seed\n|cant|p1a: Dondozo|slp\n|move|p1a: Dondozo|Sleep Talk|p1a: Dondozo\n|move|p1a: Dondozo|Liquidation|p2a: Breloom|[from]move: Sleep Talk\n|-resisted|p2a: Breloom\n|-damage|p2a: Breloom|87\/100 tox\n|\n|-damage|p1a: Dondozo|82\/100 slp|[from] Leech Seed|[of] p2a: Breloom\n|-heal|p2a: Breloom|100\/100 tox|[silent]\n|upkeep\n|turn|47\n|inactive|LuffySwampertIce has 120 seconds left.\n|inactive|Steuler has 120 seconds left.\n|\n|t:|1700537582\n|switch|p1a: Dragapult|Dragapult, F|32\/100\n|-damage|p1a: Dragapult|20\/100|[from] Stealth Rock\n|move|p2a: Breloom|Seed Bomb|p1a: Dragapult\n|-resisted|p1a: Dragapult\n|-damage|p1a: Dragapult|0 fnt\n|faint|p1a: Dragapult\n|\n|upkeep\n|inactive|Steuler has 120 seconds left.\n|inactive|Steuler has 90 seconds left.\n|inactive|Steuler has 60 seconds left.\n|inactive|Steuler has 30 seconds left.\n|inactive|Steuler has 20 seconds left.\n|inactive|Steuler has 15 seconds left.\n|inactive|Steuler has 10 seconds left.\n|inactive|Steuler has 5 seconds left.\n|-message|Steuler lost due to inactivity.\n|\n|win|LuffySwampertIce\n|raw|Steuler's rating: 1302 &rarr; <strong>1282<\/strong><br \/>(-20 for losing)\n|raw|LuffySwampertIce's rating: 1305 &rarr; <strong>1325<\/strong><br \/>(+20 for winning)\n|l|\u2606LuffySwampertIce\n","uploadtime":1700537831,"views":15,"p1id":"steuler","p2id":"luffyswampertice","formatid":"gen9ou","rating":1282,"private":0,"password":""}