{"id":"gen9ou-1999682499","p1":"Friede275","p2":"chaoticat","format":"[Gen 9] OU","log":"|j|\u2606Friede275\n|j|\u203dchaoticat\n|t:|1701107426\n|gametype|singles\n|player|p1|Friede275|drayden|1047\n|player|p2|chaoticat|266|1134\n|teamsize|p1|6\n|teamsize|p2|6\n|gen|9\n|tier|[Gen 9] OU\n|rated|\n|rule|Sleep Clause Mod: Limit one foe put to sleep\n|rule|Species Clause: Limit one of each Pok\u00e9mon\n|rule|OHKO Clause: OHKO moves are banned\n|rule|Evasion Items Clause: Evasion items are banned\n|rule|Evasion Moves Clause: Evasion moves are banned\n|rule|Endless Battle Clause: Forcing endless battles is banned\n|rule|HP Percentage Mod: HP is shown in percentages\n|clearpoke\n|poke|p1|Dipplin, M|\n|poke|p1|Heatran, M|\n|poke|p1|Dondozo, M|\n|poke|p1|Landorus-Therian, M|\n|poke|p1|Iron Valiant|\n|poke|p1|Corviknight, F|\n|poke|p2|Volcanion|\n|poke|p2|Landorus-Therian, M|\n|poke|p2|Meowscarada, F|\n|poke|p2|Hatterene, F|\n|poke|p2|Thundurus-Therian, M|\n|poke|p2|Weezing-Galar, F|\n|teampreview\n|\n|t:|1701107450\n|start\n|switch|p1a: Corviknight|Corviknight, F|100\/100\n|switch|p2a: Landorus|Landorus-Therian, M|100\/100\n|-ability|p2a: Landorus|Intimidate|boost\n|-ability|p1a: Corviknight|Mirror Armor\n|-unboost|p2a: Landorus|atk|1\n|turn|1\n|\n|t:|1701107467\n|switch|p2a: Volcanion|Volcanion|100\/100\n|move|p1a: Corviknight|Defog|p2a: Volcanion\n|-unboost|p2a: Volcanion|evasion|1\n|\n|upkeep\n|turn|2\n|\n|t:|1701107490\n|switch|p1a: Dondozo|Dondozo, M|100\/100\n|move|p2a: Volcanion|Earthquake|p1a: Dondozo\n|-damage|p1a: Dondozo|80\/100\n|\n|upkeep\n|turn|3\n|inactive|Battle timer is ON: inactive players will automatically lose when time's up. (requested by chaoticat)\n|\n|t:|1701107507\n|move|p2a: Volcanion|Earthquake|p1a: Dondozo\n|-damage|p1a: Dondozo|59\/100\n|move|p1a: Dondozo|Body Press|p2a: Volcanion\n|-crit|p2a: Volcanion\n|-damage|p2a: Volcanion|67\/100\n|\n|upkeep\n|turn|4\n|\n|t:|1701107523\n|switch|p1a: Landorus|Landorus-Therian, M|100\/100\n|-ability|p1a: Landorus|Intimidate|boost\n|-unboost|p2a: Volcanion|atk|1\n|move|p2a: Volcanion|Earthquake|p1a: Landorus\n|-immune|p1a: Landorus\n|\n|upkeep\n|turn|5\n|\n|t:|1701107534\n|switch|p2a: Landorus|Landorus-Therian, M|100\/100\n|-ability|p2a: Landorus|Intimidate|boost\n|-unboost|p1a: Landorus|atk|1\n|move|p1a: Landorus|Grass Knot|p2a: Landorus\n|-damage|p2a: Landorus|78\/100\n|\n|-heal|p2a: Landorus|84\/100|[from] item: Leftovers\n|upkeep\n|turn|6\n|\n|t:|1701107553\n|move|p1a: Landorus|U-turn|p2a: Landorus\n|-resisted|p2a: Landorus\n|-damage|p2a: Landorus|74\/100\n|\n|t:|1701107557\n|switch|p1a: Corviknight|Corviknight, F|100\/100|[from] U-turn\n|move|p2a: Landorus|Nasty Plot|p2a: Landorus\n|-boost|p2a: Landorus|spa|2\n|\n|-heal|p2a: Landorus|79\/100|[from] item: Leftovers\n|upkeep\n|turn|7\n|\n|t:|1701107584\n|switch|p2a: Thundurus|Thundurus-Therian, M|100\/100\n|move|p1a: Corviknight|Brave Bird|p2a: Thundurus\n|-resisted|p2a: Thundurus\n|-damage|p2a: Thundurus|71\/100\n|-damage|p1a: Corviknight|93\/100|[from] Recoil\n|\n|upkeep\n|turn|8\n|inactive|chaoticat has 120 seconds left.\n|\n|t:|1701107601\n|switch|p1a: Heatran|Heatran, M|100\/100\n|move|p2a: Thundurus|Knock Off|p1a: Heatran\n|-damage|p1a: Heatran|77\/100\n|-enditem|p1a: Heatran|Leftovers|[from] move: Knock Off|[of] p2a: Thundurus\n|\n|upkeep\n|turn|9\n|inactive|chaoticat has 120 seconds left.\n|\n|t:|1701107617\n|switch|p2a: Landorus|Landorus-Therian, M|79\/100\n|-ability|p2a: Landorus|Intimidate|boost\n|-unboost|p1a: Heatran|atk|1\n|move|p1a: Heatran|Magma Storm|p2a: Landorus\n|-crit|p2a: Landorus\n|-damage|p2a: Landorus|0 fnt\n|faint|p2a: Landorus\n|\n|upkeep\n|\n|t:|1701107627\n|switch|p2a: Weezing|Weezing-Galar, F|100\/100\n|-fieldstart|move: Misty Terrain|[from] ability: Misty Surge|[of] p2a: Weezing\n|turn|10\n|\n|t:|1701107641\n|switch|p1a: Corviknight|Corviknight, F|93\/100\n|switch|p2a: Volcanion|Volcanion|67\/100\n|\n|upkeep\n|turn|11\n|inactive|Friede275 has 120 seconds left.\n|\n|t:|1701107675\n|switch|p1a: Landorus|Landorus-Therian, M|100\/100\n|-ability|p1a: Landorus|Intimidate|boost\n|-unboost|p2a: Volcanion|atk|1\n|move|p2a: Volcanion|Flare Blitz|p1a: Landorus\n|-damage|p1a: Landorus|31\/100\n|-damage|p2a: Volcanion|47\/100|[from] Recoil\n|\n|-heal|p1a: Landorus|37\/100|[from] item: Leftovers\n|upkeep\n|turn|12\n|inactive|Friede275 has 120 seconds left.\n|\n|t:|1701107691\n|switch|p2a: Thundurus|Thundurus-Therian, M|71\/100\n|-enditem|p2a: Thundurus|Misty Seed\n|-boost|p2a: Thundurus|spd|1|[from] item: Misty Seed\n|move|p1a: Landorus|Grass Knot|p2a: Thundurus\n|-resisted|p2a: Thundurus\n|-crit|p2a: Thundurus\n|-damage|p2a: Thundurus|52\/100\n|\n|-heal|p1a: Landorus|43\/100|[from] item: Leftovers\n|upkeep\n|turn|13\n|inactive|Friede275 has 120 seconds left.\n|\n|t:|1701107716\n|switch|p1a: Corviknight|Corviknight, F|93\/100\n|move|p2a: Thundurus|Agility|p2a: Thundurus\n|-boost|p2a: Thundurus|spe|2\n|\n|upkeep\n|turn|14\n|\n|t:|1701107734\n|move|p2a: Thundurus|Thunder Punch|p1a: Corviknight\n|-supereffective|p1a: Corviknight\n|-damage|p1a: Corviknight|54\/100\n|-status|p1a: Corviknight|par\n|cant|p1a: Corviknight|par\n|\n|upkeep\n|turn|15\n|\n|t:|1701107751\n|move|p2a: Thundurus|Thunder Punch|p1a: Corviknight\n|-supereffective|p1a: Corviknight\n|-damage|p1a: Corviknight|15\/100 par\n|move|p1a: Corviknight|Roost|p1a: Corviknight\n|-heal|p1a: Corviknight|65\/100 par\n|-singleturn|p1a: Corviknight|move: Roost\n|\n|upkeep\n|turn|16\n|inactive|Friede275 has 90 seconds left.\n|\n|t:|1701107771\n|switch|p1a: Heatran|Heatran, M|77\/100\n|move|p2a: Thundurus|Thunder Punch|p1a: Heatran\n|-damage|p1a: Heatran|47\/100\n|\n|upkeep\n|turn|17\n|\n|t:|1701107782\n|switch|p2a: Volcanion|Volcanion|47\/100\n|move|p1a: Heatran|Magma Storm|p2a: Volcanion\n|-resisted|p2a: Volcanion\n|-damage|p2a: Volcanion|32\/100\n|-activate|p2a: Volcanion|move: Magma Storm|[of] p1a: Heatran\n|\n|-damage|p2a: Volcanion|20\/100|[from] move: Magma Storm|[partiallytrapped]\n|-fieldend|Misty Terrain\n|upkeep\n|turn|18\n|inactive|Friede275 has 90 seconds left.\n|\n|t:|1701107804\n|switch|p1a: Corviknight|Corviknight, F|65\/100 par\n|move|p2a: Volcanion|Earthquake|p1a: Corviknight\n|-immune|p1a: Corviknight\n|\n|-end|p2a: Volcanion|Magma Storm|[partiallytrapped]|[silent]\n|upkeep\n|turn|19\n|inactive|Friede275 has 90 seconds left.\n|\n|t:|1701107816\n|switch|p2a: Weezing|Weezing-Galar, F|100\/100\n|-fieldstart|move: Misty Terrain|[from] ability: Misty Surge|[of] p2a: Weezing\n|cant|p1a: Corviknight|par\n|\n|upkeep\n|turn|20\n|inactive|Friede275 has 90 seconds left.\n|\n|t:|1701107838\n|move|p2a: Weezing|Play Rough|p1a: Corviknight\n|-resisted|p1a: Corviknight\n|-damage|p1a: Corviknight|53\/100 par\n|cant|p1a: Corviknight|par\n|\n|upkeep\n|turn|21\n|\n|t:|1701107846\n|switch|p2a: Thundurus|Thundurus-Therian, M|52\/100\n|move|p1a: Corviknight|Roost|p1a: Corviknight\n|-heal|p1a: Corviknight|100\/100 par\n|-singleturn|p1a: Corviknight|move: Roost\n|\n|upkeep\n|turn|22\n|\n|t:|1701107862\n|switch|p1a: Heatran|Heatran, M|47\/100\n|move|p2a: Thundurus|Knock Off|p1a: Heatran\n|-damage|p1a: Heatran|30\/100\n|\n|upkeep\n|turn|23\n|\n|t:|1701107873\n|move|p2a: Thundurus|Thunder Punch|p1a: Heatran\n|-damage|p1a: Heatran|2\/100\n|move|p1a: Heatran|Magma Storm|p2a: Thundurus\n|-damage|p2a: Thundurus|0 fnt\n|faint|p2a: Thundurus\n|\n|upkeep\n|\n|t:|1701107877\n|switch|p2a: Meowscarada|Meowscarada, F|100\/100\n|turn|24\n|\n|t:|1701107894\n|switch|p1a: Dipplin|Dipplin, M|100\/100\n|move|p2a: Meowscarada|Shadow Ball|p1a: Dipplin\n|-start|p2a: Meowscarada|typechange|Ghost|[from] ability: Protean\n|-damage|p1a: Dipplin|79\/100\n|\n|upkeep\n|turn|25\n|\n|t:|1701107908\n|switch|p2a: Hatterene|Hatterene, F|100\/100\n|move|p1a: Dipplin|Protect||[still]\n|-fail|p1a: Dipplin\n|\n|upkeep\n|turn|26\n|\n|t:|1701107920\n|switch|p1a: Corviknight|Corviknight, F|100\/100 par\n|move|p2a: Hatterene|Swords Dance|p2a: Hatterene\n|-boost|p2a: Hatterene|atk|2\n|\n|-fieldend|Misty Terrain\n|upkeep\n|turn|27\n|\n|t:|1701107932\n|move|p2a: Hatterene|Shadow Claw|p1a: Corviknight\n|-damage|p1a: Corviknight|74\/100 par\n|cant|p1a: Corviknight|par\n|\n|upkeep\n|turn|28\n|\n|t:|1701107942\n|switch|p1a: Dondozo|Dondozo, M|59\/100\n|move|p2a: Hatterene|Shadow Claw|p1a: Dondozo\n|-damage|p1a: Dondozo|50\/100\n|\n|upkeep\n|turn|29\n|\n|t:|1701107951\n|move|p1a: Dondozo|Rest|p1a: Dondozo\n|-status|p1a: Dondozo|slp|[from] move: Rest\n|-heal|p1a: Dondozo|100\/100 slp|[silent]\n|move|p2a: Hatterene|Nuzzle|p1a: Dondozo\n|-supereffective|p1a: Dondozo\n|-crit|p1a: Dondozo\n|-damage|p1a: Dondozo|91\/100 slp\n|\n|upkeep\n|turn|30\n|\n|t:|1701107962\n|switch|p2a: Meowscarada|Meowscarada, F|100\/100\n|cant|p1a: Dondozo|slp\n|move|p1a: Dondozo|Sleep Talk|p1a: Dondozo\n|move|p1a: Dondozo|Body Press|p2a: Meowscarada|[from]move: Sleep Talk\n|-supereffective|p2a: Meowscarada\n|-damage|p2a: Meowscarada|12\/100\n|\n|upkeep\n|turn|31\n|\n|t:|1701107979\n|switch|p1a: Dipplin|Dipplin, M|79\/100\n|move|p2a: Meowscarada|Leaf Storm|p1a: Dipplin\n|-start|p2a: Meowscarada|typechange|Grass|[from] ability: Protean\n|-resisted|p1a: Dipplin\n|-damage|p1a: Dipplin|70\/100\n|-unboost|p2a: Meowscarada|spa|2\n|\n|upkeep\n|turn|32\n|\n|t:|1701107991\n|switch|p2a: Weezing|Weezing-Galar, F|100\/100\n|-fieldstart|move: Misty Terrain|[from] ability: Misty Surge|[of] p2a: Weezing\n|move|p1a: Dipplin|Syrup Bomb|p2a: Weezing\n|-resisted|p2a: Weezing\n|-damage|p2a: Weezing|87\/100\n|-start|p2a: Weezing|Syrup Bomb\n|\n|-unboost|p2a: Weezing|spe|1\n|upkeep\n|turn|33\n|\n|t:|1701108011\n|switch|p1a: Landorus|Landorus-Therian, M|43\/100\n|-ability|p1a: Landorus|Intimidate|boost\n|-unboost|p2a: Weezing|atk|1\n|move|p2a: Weezing|Gunk Shot|p1a: Landorus\n|-resisted|p1a: Landorus\n|-damage|p1a: Landorus|21\/100\n|\n|-heal|p1a: Landorus|27\/100|[from] item: Leftovers\n|-unboost|p2a: Weezing|spe|1\n|upkeep\n|turn|34\n|\n|t:|1701108031\n|move|p1a: Landorus|U-turn|p2a: Weezing\n|-resisted|p2a: Weezing\n|-damage|p2a: Weezing|81\/100\n|\n|t:|1701108035\n|switch|p1a: Corviknight|Corviknight, F|74\/100 par|[from] U-turn\n|move|p2a: Weezing|Play Rough|p1a: Corviknight\n|-resisted|p1a: Corviknight\n|-damage|p1a: Corviknight|66\/100 par\n|\n|-unboost|p2a: Weezing|spe|1\n|upkeep\n|turn|35\n|\n|t:|1701108053\n|switch|p2a: Hatterene|Hatterene, F|100\/100\n|move|p1a: Corviknight|Brave Bird|p2a: Hatterene\n|-damage|p2a: Hatterene|57\/100\n|-damage|p1a: Corviknight|55\/100 par|[from] Recoil\n|\n|-heal|p2a: Hatterene|63\/100|[from] item: Leftovers\n|upkeep\n|turn|36\n|\n|t:|1701108066\n|switch|p1a: Dondozo|Dondozo, M|91\/100 slp\n|move|p2a: Hatterene|Play Rough|p1a: Dondozo\n|-damage|p1a: Dondozo|75\/100 slp\n|-unboost|p1a: Dondozo|atk|1\n|\n|-heal|p2a: Hatterene|69\/100|[from] item: Leftovers\n|upkeep\n|turn|37\n|\n|t:|1701108079\n|cant|p1a: Dondozo|slp\n|move|p1a: Dondozo|Sleep Talk|p1a: Dondozo\n|move|p1a: Dondozo|Rest||[from]move: Sleep Talk|[still]\n|-fail|p1a: Dondozo\n|move|p2a: Hatterene|Nuzzle|p1a: Dondozo\n|-supereffective|p1a: Dondozo\n|-damage|p1a: Dondozo|69\/100 slp\n|\n|-heal|p2a: Hatterene|75\/100|[from] item: Leftovers\n|upkeep\n|turn|38\n|inactive|Friede275 has 90 seconds left.\n|\n|t:|1701108096\n|-curestatus|p1a: Dondozo|slp|[msg]\n|move|p1a: Dondozo|Liquidation|p2a: Hatterene\n|-damage|p2a: Hatterene|54\/100\n|-unboost|p2a: Hatterene|def|1\n|move|p2a: Hatterene|Play Rough|p1a: Dondozo\n|-damage|p1a: Dondozo|50\/100\n|\n|-heal|p2a: Hatterene|60\/100|[from] item: Leftovers\n|upkeep\n|turn|39\n|inactive|Friede275 has 90 seconds left.\n|\n|t:|1701108118\n|switch|p2a: Volcanion|Volcanion|20\/100\n|move|p1a: Dondozo|Rest||[still]\n|-fail|p1a: Dondozo\n|\n|-fieldend|Misty Terrain\n|upkeep\n|turn|40\n|inactive|Friede275 has 90 seconds left.\n|\n|t:|1701108139\n|switch|p2a: Weezing|Weezing-Galar, F|81\/100\n|-fieldstart|move: Misty Terrain|[from] ability: Misty Surge|[of] p2a: Weezing\n|switch|p1a: Corviknight|Corviknight, F|55\/100 par\n|\n|upkeep\n|turn|41\n|\n|t:|1701108154\n|switch|p2a: Hatterene|Hatterene, F|60\/100\n|switch|p1a: Dondozo|Dondozo, M|50\/100\n|\n|-heal|p2a: Hatterene|66\/100|[from] item: Leftovers\n|upkeep\n|turn|42\n|\n|t:|1701108167\n|switch|p2a: Volcanion|Volcanion|20\/100\n|move|p1a: Dondozo|Rest||[still]\n|-fail|p1a: Dondozo\n|\n|upkeep\n|turn|43\n|inactive|Friede275 has 90 seconds left.\n|\n|t:|1701108181\n|switch|p2a: Hatterene|Hatterene, F|66\/100\n|move|p1a: Dondozo|Rest||[still]\n|-fail|p1a: Dondozo\n|\n|-heal|p2a: Hatterene|72\/100|[from] item: Leftovers\n|upkeep\n|turn|44\n|inactive|Friede275 has 90 seconds left.\n|\n|t:|1701108196\n|move|p1a: Dondozo|Rest||[still]\n|-fail|p1a: Dondozo\n|move|p2a: Hatterene|Play Rough|p1a: Dondozo\n|-damage|p1a: Dondozo|33\/100\n|\n|-heal|p2a: Hatterene|78\/100|[from] item: Leftovers\n|upkeep\n|turn|45\n|inactive|Friede275 has 90 seconds left.\n|-message|Friede275 forfeited.\n|\n|win|chaoticat\n|raw|Friede275's rating: 1047 &rarr; <strong>1034<\/strong><br \/>(-13 for losing)\n|raw|chaoticat's rating: 1134 &rarr; <strong>1153<\/strong><br \/>(+19 for winning)\n|l|\u2606Friede275\n","uploadtime":1701108211,"views":2,"p1id":"friede275","p2id":"chaoticat","formatid":"gen9ou","rating":1034,"private":0,"password":""}