{"id":"gen9ou-1988810521","p1":"Spacethug22","p2":"Fantasy65","format":"[Gen 9] OU","log":"|j|\u2606Spacethug22\n|j|\u2606Fantasy65\n|t:|1699766503\n|gametype|singles\n|player|p1|Spacethug22|169|1000\n|player|p2|Fantasy65|2|1027\n|teamsize|p1|6\n|teamsize|p2|6\n|gen|9\n|tier|[Gen 9] OU\n|rated|\n|rule|Sleep Clause Mod: Limit one foe put to sleep\n|rule|Species Clause: Limit one of each Pok\u00e9mon\n|rule|OHKO Clause: OHKO moves are banned\n|rule|Evasion Items Clause: Evasion items are banned\n|rule|Evasion Moves Clause: Evasion moves are banned\n|rule|Endless Battle Clause: Forcing endless battles is banned\n|rule|HP Percentage Mod: HP is shown in percentages\n|clearpoke\n|poke|p1|Kingambit, M|\n|poke|p1|Ninetales-Alola, F|\n|poke|p1|Walking Wake|\n|poke|p1|Toxapex, M|\n|poke|p1|Ursaluna, F|\n|poke|p1|Ceruledge, F|\n|poke|p2|Toxapex, F|\n|poke|p2|Ceruledge, F|\n|poke|p2|Dragapult, F|\n|poke|p2|Corviknight, M|\n|poke|p2|Hydreigon, F|\n|poke|p2|Tinkaton, F|\n|teampreview\n|\n|t:|1699766510\n|start\n|switch|p1a: Jack|Walking Wake|100\/100\n|switch|p2a: Toxapex|Toxapex, F|100\/100\n|turn|1\n|\n|t:|1699766518\n|move|p1a: Jack|Dragon Dance|p1a: Jack\n|-boost|p1a: Jack|atk|1\n|-boost|p1a: Jack|spe|1\n|move|p2a: Toxapex|Toxic Spikes|p1a: Jack\n|-sidestart|p1: Spacethug22|move: Toxic Spikes\n|\n|upkeep\n|turn|2\n|\n|t:|1699766522\n|move|p1a: Jack|Dragon Dance|p1a: Jack\n|-boost|p1a: Jack|atk|1\n|-boost|p1a: Jack|spe|1\n|move|p2a: Toxapex|Haze|p2a: Toxapex\n|-clearallboost\n|\n|upkeep\n|turn|3\n|\n|t:|1699766538\n|move|p2a: Toxapex|Baneful Bunker|p2a: Toxapex\n|-singleturn|p2a: Toxapex|move: Protect\n|move|p1a: Jack|Draco Meteor|p2a: Toxapex\n|-activate|p2a: Toxapex|move: Protect\n|\n|upkeep\n|turn|4\n|\n|t:|1699766547\n|switch|p2a: Tinkaton|Tinkaton, F|100\/100\n|-ability|p2a: Tinkaton|Mold Breaker\n|move|p1a: Jack|Draco Meteor|p2a: Tinkaton\n|-immune|p2a: Tinkaton\n|\n|upkeep\n|turn|5\n|\n|t:|1699766561\n|-end|p1a: Jack|Protosynthesis|[silent]\n|switch|p1a: Uncle Bill|Ursaluna, F, shiny|100\/100\n|-status|p1a: Uncle Bill|psn\n|move|p2a: Tinkaton|Thunder Wave|p1a: Uncle Bill\n|-immune|p1a: Uncle Bill\n|\n|-damage|p1a: Uncle Bill|88\/100 psn|[from] psn\n|upkeep\n|turn|6\n|\n|t:|1699766572\n|move|p2a: Tinkaton|Knock Off|p1a: Uncle Bill\n|-damage|p1a: Uncle Bill|75\/100 psn\n|-enditem|p1a: Uncle Bill|Flame Orb|[from] move: Knock Off|[of] p2a: Tinkaton\n|move|p1a: Uncle Bill|Earthquake|p2a: Tinkaton\n|-supereffective|p2a: Tinkaton\n|-damage|p2a: Tinkaton|0 fnt\n|faint|p2a: Tinkaton\n|\n|-damage|p1a: Uncle Bill|63\/100 psn|[from] psn\n|upkeep\n|\n|t:|1699766588\n|switch|p2a: Hydreigon|Hydreigon, F|100\/100\n|turn|7\n|\n|t:|1699766600\n|move|p2a: Hydreigon|Substitute|p2a: Hydreigon\n|-start|p2a: Hydreigon|Substitute\n|-damage|p2a: Hydreigon|76\/100\n|move|p1a: Uncle Bill|Facade|p2a: Hydreigon\n|-end|p2a: Hydreigon|Substitute\n|\n|-heal|p2a: Hydreigon|82\/100|[from] item: Leftovers\n|-damage|p1a: Uncle Bill|51\/100 psn|[from] psn\n|upkeep\n|turn|8\n|\n|t:|1699766612\n|move|p2a: Hydreigon|Substitute|p2a: Hydreigon\n|-start|p2a: Hydreigon|Substitute\n|-damage|p2a: Hydreigon|57\/100\n|move|p1a: Uncle Bill|Facade|p2a: Hydreigon\n|-end|p2a: Hydreigon|Substitute\n|\n|-heal|p2a: Hydreigon|63\/100|[from] item: Leftovers\n|-damage|p1a: Uncle Bill|38\/100 psn|[from] psn\n|upkeep\n|turn|9\n|n|!Spacethug22|spacethug22\n|\n|t:|1699766625\n|move|p2a: Hydreigon|Dark Pulse|p1a: Uncle Bill\n|-damage|p1a: Uncle Bill|4\/100 psn\n|cant|p1a: Uncle Bill|flinch\n|\n|-heal|p2a: Hydreigon|69\/100|[from] item: Leftovers\n|-damage|p1a: Uncle Bill|0 fnt|[from] psn\n|faint|p1a: Uncle Bill\n|upkeep\n|\n|t:|1699766642\n|switch|p1a: Alex|Ninetales-Alola, F, shiny|100\/100\n|-status|p1a: Alex|psn\n|-weather|Snow|[from] ability: Snow Warning|[of] p1a: Alex\n|turn|10\n|\n|t:|1699766665\n|switch|p2a: Ceruledge|Ceruledge, F|100\/100\n|move|p1a: Alex|Blizzard|p2a: Ceruledge\n|-resisted|p2a: Ceruledge\n|-damage|p2a: Ceruledge|80\/100\n|\n|-weather|Snow|[upkeep]\n|-damage|p1a: Alex|88\/100 psn|[from] psn\n|upkeep\n|turn|11\n|\n|t:|1699766679\n|switch|p1a: Kanye West|Toxapex, M, shiny|100\/100\n|-sideend|p1: Spacethug22|move: Toxic Spikes|[of] p1a: Kanye West\n|move|p2a: Ceruledge|Bitter Blade|p1a: Kanye West\n|-resisted|p1a: Kanye West\n|-damage|p1a: Kanye West|89\/100\n|-heal|p2a: Ceruledge|85\/100|[from] drain|[of] p1a: Kanye West\n|\n|-weather|Snow|[upkeep]\n|-heal|p1a: Kanye West|95\/100|[from] item: Black Sludge\n|upkeep\n|turn|12\n|\n|t:|1699766696\n|switch|p2a: Corviknight|Corviknight, M, shiny|100\/100\n|move|p1a: Kanye West|Toxic|p2a: Corviknight\n|-immune|p2a: Corviknight\n|\n|-weather|Snow|[upkeep]\n|-heal|p1a: Kanye West|100\/100|[from] item: Black Sludge\n|upkeep\n|turn|13\n|\n|t:|1699766714\n|move|p2a: Corviknight|Brave Bird|p1a: Kanye West\n|-damage|p1a: Kanye West|79\/100\n|-damage|p2a: Corviknight|95\/100|[from] Recoil\n|move|p1a: Kanye West|Chilling Water|p2a: Corviknight\n|-damage|p2a: Corviknight|85\/100\n|-ability|p2a: Corviknight|Mirror Armor\n|-unboost|p1a: Kanye West|atk|1\n|\n|-weather|Snow|[upkeep]\n|-heal|p1a: Kanye West|86\/100|[from] item: Black Sludge\n|upkeep\n|turn|14\n|\n|t:|1699766729\n|switch|p2a: Toxapex|Toxapex, F|100\/100\n|switch|p1a: Not Pikachoo|Ceruledge, F, shiny|100\/100\n|\n|-weather|none\n|upkeep\n|turn|15\n|\n|t:|1699766742\n|switch|p1a: Drake|Kingambit, M, shiny|100\/100\n|move|p2a: Toxapex|Toxic Spikes|p1a: Drake\n|-sidestart|p1: Spacethug22|move: Toxic Spikes\n|\n|upkeep\n|turn|16\n|\n|t:|1699766750\n|switch|p2a: Hydreigon|Hydreigon, F|69\/100\n|move|p1a: Drake|Swords Dance|p1a: Drake\n|-boost|p1a: Drake|atk|2\n|\n|-heal|p2a: Hydreigon|75\/100|[from] item: Leftovers\n|upkeep\n|turn|17\n|\n|t:|1699766776\n|-terastallize|p2a: Hydreigon|Steel\n|move|p2a: Hydreigon|Substitute|p2a: Hydreigon\n|-start|p2a: Hydreigon|Substitute\n|-damage|p2a: Hydreigon|50\/100\n|move|p1a: Drake|Iron Head|p2a: Hydreigon\n|-resisted|p2a: Hydreigon\n|-end|p2a: Hydreigon|Substitute\n|-damage|p1a: Drake|91\/100|[from] item: Life Orb\n|\n|-heal|p2a: Hydreigon|57\/100|[from] item: Leftovers\n|upkeep\n|turn|18\n|\n|t:|1699766793\n|move|p2a: Hydreigon|Draco Meteor|p1a: Drake\n|-resisted|p1a: Drake\n|-damage|p1a: Drake|61\/100\n|-unboost|p2a: Hydreigon|spa|2\n|move|p1a: Drake|Kowtow Cleave|p2a: Hydreigon\n|-damage|p2a: Hydreigon|0 fnt\n|faint|p2a: Hydreigon\n|-damage|p1a: Drake|51\/100|[from] item: Life Orb\n|\n|upkeep\n|\n|t:|1699766802\n|switch|p2a: Dragapult|Dragapult, F|100\/100\n|turn|19\n|\n|t:|1699766806\n|move|p2a: Dragapult|Will-O-Wisp|p1a: Drake\n|-status|p1a: Drake|brn\n|move|p1a: Drake|Swords Dance|p1a: Drake\n|-boost|p1a: Drake|atk|2\n|\n|-damage|p1a: Drake|45\/100 brn|[from] brn\n|upkeep\n|turn|20\n|\n|t:|1699766824\n|switch|p2a: Toxapex|Toxapex, F|100\/100\n|move|p1a: Drake|Sucker Punch||[still]\n|-fail|p1a: Drake\n|\n|-damage|p1a: Drake|39\/100 brn|[from] brn\n|upkeep\n|turn|21\n|\n|t:|1699766831\n|move|p1a: Drake|Iron Head|p2a: Toxapex\n|-resisted|p2a: Toxapex\n|-damage|p2a: Toxapex|67\/100\n|-damage|p1a: Drake|29\/100 brn|[from] item: Life Orb\n|cant|p2a: Toxapex|flinch\n|\n|-heal|p2a: Toxapex|74\/100|[from] item: Black Sludge\n|-damage|p1a: Drake|23\/100 brn|[from] brn\n|upkeep\n|turn|22\n|\n|t:|1699766839\n|move|p1a: Drake|Kowtow Cleave|p2a: Toxapex\n|-damage|p2a: Toxapex|5\/100\n|-damage|p1a: Drake|13\/100 brn|[from] item: Life Orb\n|move|p2a: Toxapex|Haze|p2a: Toxapex\n|-clearallboost\n|\n|-heal|p2a: Toxapex|12\/100|[from] item: Black Sludge\n|-damage|p1a: Drake|7\/100 brn|[from] brn\n|upkeep\n|turn|23\n|\n|t:|1699766849\n|move|p2a: Toxapex|Baneful Bunker|p2a: Toxapex\n|-singleturn|p2a: Toxapex|move: Protect\n|move|p1a: Drake|Kowtow Cleave|p2a: Toxapex\n|-activate|p2a: Toxapex|move: Protect\n|\n|-heal|p2a: Toxapex|18\/100|[from] item: Black Sludge\n|-damage|p1a: Drake|1\/100 brn|[from] brn\n|upkeep\n|turn|24\n|\n|t:|1699766860\n|switch|p2a: Ceruledge|Ceruledge, F|85\/100\n|move|p1a: Drake|Kowtow Cleave|p2a: Ceruledge\n|-supereffective|p2a: Ceruledge\n|-damage|p2a: Ceruledge|26\/100\n|-ability|p2a: Ceruledge|Weak Armor|boost\n|-unboost|p2a: Ceruledge|def|1\n|-boost|p2a: Ceruledge|spe|2\n|-damage|p1a: Drake|0 fnt|[from] item: Life Orb\n|faint|p1a: Drake\n|\n|upkeep\n|\n|t:|1699766871\n|switch|p1a: Kanye West|Toxapex, M, shiny|100\/100\n|-sideend|p1: Spacethug22|move: Toxic Spikes|[of] p1a: Kanye West\n|turn|25\n|\n|t:|1699766893\n|move|p2a: Ceruledge|Bulk Up|p2a: Ceruledge\n|-boost|p2a: Ceruledge|atk|1\n|-boost|p2a: Ceruledge|def|1\n|move|p1a: Kanye West|Chilling Water|p2a: Ceruledge\n|-supereffective|p2a: Ceruledge\n|-damage|p2a: Ceruledge|6\/100\n|-unboost|p2a: Ceruledge|atk|1\n|\n|upkeep\n|turn|26\n|\n|t:|1699766905\n|move|p2a: Ceruledge|Bitter Blade|p1a: Kanye West\n|-resisted|p1a: Kanye West\n|-damage|p1a: Kanye West|89\/100\n|-heal|p2a: Ceruledge|11\/100|[from] drain|[of] p1a: Kanye West\n|move|p1a: Kanye West|Chilling Water|p2a: Ceruledge\n|-supereffective|p2a: Ceruledge\n|-damage|p2a: Ceruledge|0 fnt\n|faint|p2a: Ceruledge\n|\n|-heal|p1a: Kanye West|95\/100|[from] item: Black Sludge\n|upkeep\n|\n|t:|1699766911\n|switch|p2a: Dragapult|Dragapult, F|100\/100\n|turn|27\n|\n|t:|1699766917\n|move|p2a: Dragapult|Phantom Force||[still]\n|-prepare|p2a: Dragapult|Phantom Force\n|move|p1a: Kanye West|Toxic|p2a: Dragapult\n|-status|p2a: Dragapult|tox\n|\n|-heal|p1a: Kanye West|100\/100|[from] item: Black Sludge\n|-damage|p2a: Dragapult|95\/100 tox|[from] psn\n|upkeep\n|turn|28\n|\n|t:|1699766927\n|move|p1a: Kanye West|Baneful Bunker|p1a: Kanye West\n|-singleturn|p1a: Kanye West|move: Protect\n|move|p2a: Dragapult|Phantom Force|p1a: Kanye West|[from]lockedmove\n|-activate|p1a: Kanye West|move: Phantom Force|[broken]\n|-damage|p1a: Kanye West|67\/100\n|-damage|p2a: Dragapult|85\/100 tox|[from] item: Life Orb\n|\n|-heal|p1a: Kanye West|73\/100|[from] item: Black Sludge\n|-damage|p2a: Dragapult|73\/100 tox|[from] psn\n|upkeep\n|turn|29\n|\n|t:|1699766937\n|move|p2a: Dragapult|Dragon Darts|p1a: Kanye West\n|-damage|p1a: Kanye West|53\/100\n|-anim|p2a: Dragapult|Dragon Darts|p1a: Kanye West\n|-damage|p1a: Kanye West|35\/100\n|-damage|p2a: Dragapult|63\/100 tox|[from] item: Life Orb\n|move|p1a: Kanye West|Recover|p1a: Kanye West\n|-heal|p1a: Kanye West|85\/100\n|\n|-heal|p1a: Kanye West|91\/100|[from] item: Black Sludge\n|-damage|p2a: Dragapult|45\/100 tox|[from] psn\n|upkeep\n|turn|30\n|\n|t:|1699766947\n|move|p2a: Dragapult|Dragon Darts|p1a: Kanye West\n|-damage|p1a: Kanye West|71\/100\n|-anim|p2a: Dragapult|Dragon Darts|p1a: Kanye West\n|-damage|p1a: Kanye West|53\/100\n|-damage|p2a: Dragapult|35\/100 tox|[from] item: Life Orb\n|move|p1a: Kanye West|Recover|p1a: Kanye West\n|-heal|p1a: Kanye West|100\/100\n|\n|-damage|p2a: Dragapult|12\/100 tox|[from] psn\n|upkeep\n|turn|31\n|\n|t:|1699766971\n|move|p2a: Dragapult|Will-O-Wisp|p1a: Kanye West\n|-status|p1a: Kanye West|brn\n|move|p1a: Kanye West|Recover||[still]\n|-fail|p1a: Kanye West|heal\n|\n|-damage|p2a: Dragapult|0 fnt|[from] psn\n|faint|p2a: Dragapult\n|-damage|p1a: Kanye West|94\/100 brn|[from] brn\n|upkeep\n|\n|t:|1699766979\n|switch|p2a: Corviknight|Corviknight, M, shiny|85\/100\n|turn|32\n|-message|Fantasy65 forfeited.\n|\n|win|Spacethug22\n|raw|Spacethug22's rating: 1000 &rarr; <strong>1043<\/strong><br \/>(+43 for winning)\n|raw|Fantasy65's rating: 1027 &rarr; <strong>1012<\/strong><br \/>(-15 for losing)\n","uploadtime":1699766619,"views":9,"p1id":"spacethug22","p2id":"fantasy65","formatid":"gen9ou","rating":1012,"private":0,"password":""}