{"id":"gen9ou-1988248052","p1":"TakeshiKero","p2":"susprize","format":"[Gen 9] OU","log":"|j|\u2606TakeshiKero\n|j|\u2606susprize\n|t:|1699693958\n|gametype|singles\n|player|p1|TakeshiKero|hilbert|\n|player|p2|susprize|pokemaniac|\n|teamsize|p1|6\n|teamsize|p2|6\n|gen|9\n|tier|[Gen 9] OU\n|rule|Sleep Clause Mod: Limit one foe put to sleep\n|rule|Species Clause: Limit one of each Pok\u00e9mon\n|rule|OHKO Clause: OHKO moves are banned\n|rule|Evasion Items Clause: Evasion items are banned\n|rule|Evasion Moves Clause: Evasion moves are banned\n|rule|Endless Battle Clause: Forcing endless battles is banned\n|rule|HP Percentage Mod: HP is shown in percentages\n|clearpoke\n|poke|p1|Milotic, F|\n|poke|p1|Politoed, M|\n|poke|p1|Zapdos|\n|poke|p1|Ribombee, F|\n|poke|p1|Dragapult, M|\n|poke|p1|Scizor, F|\n|poke|p2|Blissey, F|\n|poke|p2|Clefable, M|\n|poke|p2|Mienshao, F|\n|poke|p2|Gengar, M|\n|poke|p2|Slowking, F|\n|poke|p2|Meowscarada, F|\n|teampreview\n|\n|t:|1699693976\n|start\n|switch|p1a: Dragapult|Dragapult, M|100\/100\n|switch|p2a: Slowking|Slowking, F|100\/100\n|turn|1\n|\n|t:|1699694014\n|switch|p2a: Clefable|Clefable, M|100\/100\n|move|p1a: Dragapult|Psychic Fangs|p2a: Clefable\n|-damage|p2a: Clefable|67\/100\n|\n|-heal|p2a: Clefable|73\/100|[from] item: Leftovers\n|upkeep\n|turn|2\n|\n|t:|1699694026\n|move|p1a: Dragapult|Psychic Fangs|p2a: Clefable\n|-damage|p2a: Clefable|41\/100\n|move|p2a: Clefable|Moonblast|p1a: Dragapult\n|-supereffective|p1a: Dragapult\n|-damage|p1a: Dragapult|22\/100\n|\n|-heal|p2a: Clefable|47\/100|[from] item: Leftovers\n|upkeep\n|turn|3\n|\n|t:|1699694035\n|move|p1a: Dragapult|Psychic Fangs|p2a: Clefable\n|-damage|p2a: Clefable|19\/100\n|move|p2a: Clefable|Moonlight|p2a: Clefable\n|-heal|p2a: Clefable|69\/100\n|\n|-heal|p2a: Clefable|75\/100|[from] item: Leftovers\n|upkeep\n|turn|4\n|\n|t:|1699694043\n|switch|p1a: Scizor|Scizor, F|100\/100\n|move|p2a: Clefable|Draining Kiss|p1a: Scizor\n|-resisted|p1a: Scizor\n|-damage|p1a: Scizor|91\/100\n|-heal|p2a: Clefable|81\/100|[from] drain|[of] p1a: Scizor\n|\n|-heal|p2a: Clefable|87\/100|[from] item: Leftovers\n|upkeep\n|turn|5\n|\n|t:|1699694053\n|move|p1a: Scizor|Bullet Punch|p2a: Clefable\n|-supereffective|p2a: Clefable\n|-damage|p2a: Clefable|12\/100\n|move|p2a: Clefable|Moonblast|p1a: Scizor\n|-resisted|p1a: Scizor\n|-damage|p1a: Scizor|74\/100\n|-unboost|p1a: Scizor|spa|1\n|\n|-heal|p2a: Clefable|18\/100|[from] item: Leftovers\n|upkeep\n|turn|6\n|\n|t:|1699694065\n|move|p1a: Scizor|Bullet Punch|p2a: Clefable\n|-supereffective|p2a: Clefable\n|-damage|p2a: Clefable|0 fnt\n|faint|p2a: Clefable\n|\n|upkeep\n|\n|t:|1699694080\n|switch|p2a: Mienshao|Mienshao, F|100\/100\n|turn|7\n|\n|t:|1699694087\n|switch|p1a: Dragapult|Dragapult, M|22\/100\n|move|p2a: Mienshao|Poison Jab|p1a: Dragapult\n|-resisted|p1a: Dragapult\n|-damage|p1a: Dragapult|4\/100\n|-status|p1a: Dragapult|psn\n|\n|-damage|p1a: Dragapult|0 fnt|[from] psn\n|faint|p1a: Dragapult\n|upkeep\n|\n|t:|1699694096\n|switch|p1a: Politoed|Politoed, M, shiny|100\/100\n|-weather|RainDance|[from] ability: Drizzle|[of] p1a: Politoed\n|turn|8\n|\n|t:|1699694104\n|move|p2a: Mienshao|Swords Dance|p2a: Mienshao\n|-boost|p2a: Mienshao|atk|2\n|move|p1a: Politoed|Chilling Water|p2a: Mienshao\n|-damage|p2a: Mienshao|39\/100\n|-unboost|p2a: Mienshao|atk|1\n|\n|-weather|RainDance|[upkeep]\n|-heal|p2a: Mienshao|45\/100|[from] item: Leftovers\n|upkeep\n|turn|9\n|\n|t:|1699694113\n|move|p2a: Mienshao|Close Combat|p1a: Politoed\n|-damage|p1a: Politoed|0 fnt\n|-unboost|p2a: Mienshao|def|1\n|-unboost|p2a: Mienshao|spd|1\n|faint|p1a: Politoed\n|\n|-weather|RainDance|[upkeep]\n|-heal|p2a: Mienshao|51\/100|[from] item: Leftovers\n|upkeep\n|\n|t:|1699694121\n|switch|p1a: Zapdos|Zapdos, shiny|100\/100\n|turn|10\n|\n|t:|1699694131\n|move|p2a: Mienshao|Poison Jab|p1a: Zapdos\n|-damage|p1a: Zapdos|48\/100\n|move|p1a: Zapdos|Hurricane|p2a: Mienshao\n|-supereffective|p2a: Mienshao\n|-damage|p2a: Mienshao|0 fnt\n|faint|p2a: Mienshao\n|\n|-weather|RainDance|[upkeep]\n|upkeep\n|\n|t:|1699694144\n|switch|p2a: Gengar|Gengar, M|100\/100\n|turn|11\n|\n|t:|1699694155\n|move|p2a: Gengar|Poltergeist|p1a: Zapdos\n|-activate|p1a: Zapdos|move: Poltergeist|Magnet\n|-damage|p1a: Zapdos|3\/100\n|move|p1a: Zapdos|Thunder Wave|p2a: Gengar|[miss]\n|-miss|p1a: Zapdos|p2a: Gengar\n|\n|-weather|RainDance|[upkeep]\n|upkeep\n|turn|12\n|\n|t:|1699694165\n|move|p2a: Gengar|Shadow Claw|p1a: Zapdos\n|-damage|p1a: Zapdos|0 fnt\n|faint|p1a: Zapdos\n|\n|-weather|none\n|upkeep\n|\n|t:|1699694171\n|switch|p1a: Ribombee|Ribombee, F|100\/100\n|turn|13\n|\n|t:|1699694175\n|move|p2a: Gengar|Poltergeist|p1a: Ribombee\n|-activate|p1a: Ribombee|move: Poltergeist|Focus Sash\n|-damage|p1a: Ribombee|32\/100\n|move|p1a: Ribombee|Sticky Web|p2a: Gengar\n|-sidestart|p2: susprize|move: Sticky Web\n|\n|upkeep\n|turn|14\n|\n|t:|1699694185\n|move|p2a: Gengar|Sludge Bomb|p1a: Ribombee\n|-supereffective|p1a: Ribombee\n|-damage|p1a: Ribombee|0 fnt\n|faint|p1a: Ribombee\n|\n|upkeep\n|\n|t:|1699694189\n|switch|p1a: Milotic|Milotic, F|100\/100\n|turn|15\n|\n|t:|1699694201\n|-terastallize|p1a: Milotic|Dragon\n|move|p2a: Gengar|Toxic Spikes|p1a: Milotic\n|-sidestart|p1: TakeshiKero|move: Toxic Spikes\n|move|p1a: Milotic|Dragon Tail|p2a: Gengar\n|-damage|p2a: Gengar|75\/100\n|-start|p1a: Milotic|Disable|Dragon Tail|[from] ability: Cursed Body|[of] p2a: Gengar\n|drag|p2a: Slowking|Slowking, F|100\/100\n|-activate|p2a: Slowking|move: Sticky Web\n|-unboost|p2a: Slowking|spe|1\n|\n|upkeep\n|turn|16\n|\n|t:|1699694213\n|move|p1a: Milotic|Scald|p2a: Slowking\n|-resisted|p2a: Slowking\n|-damage|p2a: Slowking|87\/100\n|move|p2a: Slowking|Scald|p1a: Milotic\n|-resisted|p1a: Milotic\n|-damage|p1a: Milotic|85\/100\n|\n|-heal|p1a: Milotic|91\/100|[from] item: Leftovers\n|-heal|p2a: Slowking|93\/100|[from] item: Leftovers\n|upkeep\n|turn|17\n|\n|t:|1699694224\n|switch|p1a: Scizor|Scizor, F|74\/100\n|move|p2a: Slowking|Waterfall|p1a: Scizor\n|-damage|p1a: Scizor|51\/100\n|\n|-heal|p2a: Slowking|99\/100|[from] item: Leftovers\n|upkeep\n|turn|18\n|\n|t:|1699694232\n|move|p1a: Scizor|Bug Bite|p2a: Slowking\n|-supereffective|p2a: Slowking\n|-damage|p2a: Slowking|0 fnt\n|faint|p2a: Slowking\n|\n|upkeep\n|\n|t:|1699694252\n|switch|p2a: Gengar|Gengar, M|75\/100\n|-activate|p2a: Gengar|move: Sticky Web\n|-unboost|p2a: Gengar|spe|1\n|turn|19\n|\n|t:|1699694257\n|move|p1a: Scizor|Bullet Punch|p2a: Gengar\n|-damage|p2a: Gengar|0 fnt\n|faint|p2a: Gengar\n|\n|upkeep\n|\n|t:|1699694262\n|switch|p2a: Blissey|Blissey, F|100\/100\n|-activate|p2a: Blissey|move: Sticky Web\n|-unboost|p2a: Blissey|spe|1\n|turn|20\n|\n|t:|1699694271\n|move|p2a: Blissey|Protect|p2a: Blissey\n|-singleturn|p2a: Blissey|Protect\n|move|p1a: Scizor|Swords Dance|p1a: Scizor\n|-boost|p1a: Scizor|atk|2\n|\n|upkeep\n|turn|21\n|\n|t:|1699694278\n|move|p2a: Blissey|Protect||[still]\n|-fail|p2a: Blissey\n|move|p1a: Scizor|Bullet Punch|p2a: Blissey\n|-damage|p2a: Blissey|41\/100\n|-damage|p1a: Scizor|34\/100|[from] item: Rocky Helmet|[of] p2a: Blissey\n|\n|upkeep\n|turn|22\n|\n|t:|1699694287\n|move|p1a: Scizor|Swords Dance|p1a: Scizor\n|-boost|p1a: Scizor|atk|2\n|move|p2a: Blissey|Dazzling Gleam|p1a: Scizor\n|-resisted|p1a: Scizor\n|-crit|p1a: Scizor\n|-damage|p1a: Scizor|23\/100\n|\n|upkeep\n|turn|23\n|\n|t:|1699694294\n|move|p2a: Blissey|Protect|p2a: Blissey\n|-singleturn|p2a: Blissey|Protect\n|move|p1a: Scizor|Bullet Punch|p2a: Blissey\n|-activate|p2a: Blissey|move: Protect\n|\n|upkeep\n|turn|24\n|\n|t:|1699694301\n|move|p1a: Scizor|Bullet Punch|p2a: Blissey\n|-damage|p2a: Blissey|0 fnt\n|-damage|p1a: Scizor|6\/100|[from] item: Rocky Helmet|[of] p2a: Blissey\n|faint|p2a: Blissey\n|\n|upkeep\n|\n|t:|1699694307\n|switch|p2a: Meowscarada|Meowscarada, F|100\/100\n|-activate|p2a: Meowscarada|move: Sticky Web\n|-unboost|p2a: Meowscarada|spe|1\n|turn|25\n|\n|t:|1699694329\n|move|p2a: Meowscarada|Sucker Punch|p1a: Scizor\n|-start|p2a: Meowscarada|typechange|Dark|[from] ability: Protean\n|-crit|p1a: Scizor\n|-damage|p1a: Scizor|0 fnt\n|faint|p1a: Scizor\n|\n|upkeep\n|\n|t:|1699694333\n|switch|p1a: Milotic|Milotic, F, tera:Dragon|91\/100\n|-status|p1a: Milotic|psn\n|turn|26\n|\n|t:|1699694341\n|move|p2a: Meowscarada|Flower Trick|p1a: Milotic\n|-resisted|p1a: Milotic\n|-crit|p1a: Milotic\n|-damage|p1a: Milotic|77\/100 psn\n|move|p1a: Milotic|Scald|p2a: Meowscarada\n|-damage|p2a: Meowscarada|43\/100\n|-status|p2a: Meowscarada|brn\n|\n|-heal|p2a: Meowscarada|49\/100 brn|[from] item: Leftovers\n|-heal|p1a: Milotic|83\/100 psn|[from] item: Leftovers\n|-damage|p1a: Milotic|71\/100 psn|[from] psn\n|-damage|p2a: Meowscarada|43\/100 brn|[from] brn\n|upkeep\n|turn|27\n|\n|t:|1699694363\n|move|p2a: Meowscarada|Play Rough|p1a: Milotic\n|-supereffective|p1a: Milotic\n|-damage|p1a: Milotic|46\/100 psn\n|move|p1a: Milotic|Scald|p2a: Meowscarada\n|-crit|p2a: Meowscarada\n|-damage|p2a: Meowscarada|0 fnt\n|faint|p2a: Meowscarada\n|\n|win|TakeshiKero\n","uploadtime":1699694375,"views":19,"p1id":"takeshikero","p2id":"susprize","formatid":"gen9ou","rating":0,"private":0,"password":""}