{"id":"gen9ou-1997149185","p1":"Croquette a chat","p2":"Turtwigdabest","format":"[Gen 9] OU","log":"|j|\u2606Croquette a chat\n|j|\u2606Turtwigdabest\n|t:|1700769497\n|gametype|singles\n|player|p1|Croquette a chat|lady-gen4|1173\n|player|p2|Turtwigdabest|hilbert|1140\n|teamsize|p1|6\n|teamsize|p2|6\n|gen|9\n|tier|[Gen 9] OU\n|rated|\n|rule|Sleep Clause Mod: Limit one foe put to sleep\n|rule|Species Clause: Limit one of each Pok\u00e9mon\n|rule|OHKO Clause: OHKO moves are banned\n|rule|Evasion Items Clause: Evasion items are banned\n|rule|Evasion Moves Clause: Evasion moves are banned\n|rule|Endless Battle Clause: Forcing endless battles is banned\n|rule|HP Percentage Mod: HP is shown in percentages\n|clearpoke\n|poke|p1|Enamorus, F|\n|poke|p1|Empoleon, M|\n|poke|p1|Great Tusk|\n|poke|p1|Cinderace, M|\n|poke|p1|Dragonite, F|\n|poke|p1|Meowscarada, F|\n|poke|p2|Skeledirge, M|\n|poke|p2|Kingambit, M|\n|poke|p2|Iron Valiant|\n|poke|p2|Torterra, M|\n|poke|p2|Ninetales-Alola, M|\n|poke|p2|Dragonite, M|\n|teampreview\n|inactive|Battle timer is ON: inactive players will automatically lose when time's up. (requested by Croquette a chat)\n|\n|t:|1700769520\n|start\n|switch|p1a: Cinderace|Cinderace, M|100\/100\n|switch|p2a: Ninetales|Ninetales-Alola, M|100\/100\n|-weather|Snow|[from] ability: Snow Warning|[of] p2a: Ninetales\n|turn|1\n|\n|t:|1700769527\n|move|p1a: Cinderace|Pyro Ball|p2a: Ninetales\n|-supereffective|p2a: Ninetales\n|-damage|p2a: Ninetales|11\/100\n|move|p2a: Ninetales|Aurora Veil|p2a: Ninetales\n|-sidestart|p2: Turtwigdabest|move: Aurora Veil\n|\n|-weather|Snow|[upkeep]\n|upkeep\n|turn|2\n|\n|t:|1700769539\n|move|p1a: Cinderace|Court Change|p1a: Cinderace\n|-swapsideconditions\n|-activate|p1a: Cinderace|move: Court Change\n|move|p2a: Ninetales|Ice Beam|p1a: Cinderace\n|-resisted|p1a: Cinderace\n|-damage|p1a: Cinderace|91\/100\n|-status|p1a: Cinderace|frz\n|\n|-weather|Snow|[upkeep]\n|upkeep\n|turn|3\n|\n|t:|1700769548\n|switch|p2a: Skeledirge|Skeledirge, M|100\/100\n|cant|p1a: Cinderace|frz\n|\n|-weather|Snow|[upkeep]\n|upkeep\n|turn|4\n|\n|t:|1700769556\n|cant|p1a: Cinderace|frz\n|move|p2a: Skeledirge|Torch Song|p1a: Cinderace\n|-resisted|p1a: Cinderace\n|-damage|p1a: Cinderace|78\/100 frz\n|-boost|p2a: Skeledirge|spa|1\n|-curestatus|p1a: Cinderace|frz|[msg]\n|-enditem|p2a: Skeledirge|Throat Spray\n|-boost|p2a: Skeledirge|spa|1|[from] item: Throat Spray\n|\n|-weather|Snow|[upkeep]\n|upkeep\n|turn|5\n|\n|t:|1700769567\n|move|p1a: Cinderace|Sucker Punch|p2a: Skeledirge\n|-supereffective|p2a: Skeledirge\n|-damage|p2a: Skeledirge|64\/100\n|move|p2a: Skeledirge|Shadow Ball|p1a: Cinderace\n|-damage|p1a: Cinderace|22\/100\n|-unboost|p1a: Cinderace|spd|1\n|\n|-weather|none\n|-sideend|p1: Croquette a chat|move: Aurora Veil\n|upkeep\n|turn|6\n|\n|t:|1700769574\n|move|p1a: Cinderace|U-turn|p2a: Skeledirge\n|-resisted|p2a: Skeledirge\n|-damage|p2a: Skeledirge|60\/100\n|\n|t:|1700769580\n|switch|p1a: Meowscarada|Meowscarada, F|100\/100|[from] U-turn\n|move|p2a: Skeledirge|Slack Off|p2a: Skeledirge\n|-heal|p2a: Skeledirge|100\/100\n|\n|upkeep\n|turn|7\n|\n|t:|1700769588\n|-terastallize|p2a: Skeledirge|Fairy\n|move|p1a: Meowscarada|Knock Off|p2a: Skeledirge\n|-start|p1a: Meowscarada|typechange|Dark|[from] ability: Protean\n|-resisted|p2a: Skeledirge\n|-damage|p2a: Skeledirge|81\/100\n|move|p2a: Skeledirge|Tera Blast|p1a: Meowscarada|[anim] Tera Blast Fairy\n|-supereffective|p1a: Meowscarada\n|-damage|p1a: Meowscarada|0 fnt\n|faint|p1a: Meowscarada\n|\n|upkeep\n|\n|t:|1700769617\n|switch|p1a: Enamorus|Enamorus, F|100\/100\n|turn|8\n|\n|t:|1700769624\n|move|p1a: Enamorus|Mystical Fire|p2a: Skeledirge\n|-damage|p2a: Skeledirge|52\/100\n|-unboost|p2a: Skeledirge|spa|1\n|move|p2a: Skeledirge|Torch Song|p1a: Enamorus\n|-damage|p1a: Enamorus|9\/100\n|-boost|p2a: Skeledirge|spa|1\n|\n|upkeep\n|turn|9\n|\n|t:|1700769630\n|move|p1a: Enamorus|Mystical Fire|p2a: Skeledirge\n|-damage|p2a: Skeledirge|22\/100\n|-unboost|p2a: Skeledirge|spa|1\n|move|p2a: Skeledirge|Slack Off|p2a: Skeledirge\n|-heal|p2a: Skeledirge|73\/100\n|\n|upkeep\n|turn|10\n|\n|t:|1700769633\n|move|p1a: Enamorus|Mystical Fire|p2a: Skeledirge\n|-damage|p2a: Skeledirge|43\/100\n|-unboost|p2a: Skeledirge|spa|1\n|move|p2a: Skeledirge|Slack Off|p2a: Skeledirge\n|-heal|p2a: Skeledirge|93\/100\n|\n|upkeep\n|turn|11\n|\n|t:|1700769637\n|move|p1a: Enamorus|Mystical Fire|p2a: Skeledirge\n|-damage|p2a: Skeledirge|67\/100\n|-unboost|p2a: Skeledirge|spa|1\n|move|p2a: Skeledirge|Torch Song|p1a: Enamorus\n|-damage|p1a: Enamorus|0 fnt\n|-boost|p2a: Skeledirge|spa|1\n|faint|p1a: Enamorus\n|\n|upkeep\n|\n|t:|1700769642\n|switch|p1a: Great Tusk|Great Tusk|100\/100\n|turn|12\n|\n|t:|1700769652\n|-terastallize|p1a: Great Tusk|Steel\n|move|p1a: Great Tusk|Rapid Spin|p2a: Skeledirge\n|-damage|p2a: Skeledirge|55\/100\n|-boost|p1a: Great Tusk|spe|1\n|move|p2a: Skeledirge|Tera Blast|p1a: Great Tusk|[anim] Tera Blast Fairy\n|-resisted|p1a: Great Tusk\n|-damage|p1a: Great Tusk|72\/100\n|\n|-heal|p1a: Great Tusk|78\/100|[from] item: Leftovers\n|upkeep\n|turn|13\n|\n|t:|1700769657\n|move|p1a: Great Tusk|Earthquake|p2a: Skeledirge\n|-damage|p2a: Skeledirge|18\/100\n|move|p2a: Skeledirge|Slack Off|p2a: Skeledirge\n|-heal|p2a: Skeledirge|68\/100\n|\n|-heal|p1a: Great Tusk|85\/100|[from] item: Leftovers\n|upkeep\n|turn|14\n|\n|t:|1700769663\n|move|p1a: Great Tusk|Stealth Rock|p2a: Skeledirge\n|-sidestart|p2: Turtwigdabest|move: Stealth Rock\n|move|p2a: Skeledirge|Slack Off|p2a: Skeledirge\n|-heal|p2a: Skeledirge|100\/100\n|\n|-heal|p1a: Great Tusk|91\/100|[from] item: Leftovers\n|upkeep\n|turn|15\n|\n|t:|1700769666\n|move|p1a: Great Tusk|Earthquake|p2a: Skeledirge\n|-damage|p2a: Skeledirge|63\/100\n|move|p2a: Skeledirge|Torch Song|p1a: Great Tusk\n|-supereffective|p1a: Great Tusk\n|-damage|p1a: Great Tusk|0 fnt\n|-boost|p2a: Skeledirge|spa|1\n|faint|p1a: Great Tusk\n|-end|p1a: Great Tusk|Protosynthesis|[silent]\n|\n|upkeep\n|\n|t:|1700769670\n|switch|p1a: Empoleon|Empoleon, M|100\/100\n|turn|16\n|\n|t:|1700769673\n|move|p2a: Skeledirge|Torch Song|p1a: Empoleon\n|-damage|p1a: Empoleon|58\/100\n|-boost|p2a: Skeledirge|spa|1\n|move|p1a: Empoleon|Surf|p2a: Skeledirge\n|-crit|p2a: Skeledirge\n|-damage|p2a: Skeledirge|9\/100\n|\n|upkeep\n|turn|17\n|\n|t:|1700769679\n|move|p2a: Skeledirge|Torch Song|p1a: Empoleon\n|-damage|p1a: Empoleon|7\/100\n|-boost|p2a: Skeledirge|spa|1\n|move|p1a: Empoleon|Surf|p2a: Skeledirge\n|-damage|p2a: Skeledirge|0 fnt\n|faint|p2a: Skeledirge\n|\n|upkeep\n|\n|t:|1700769690\n|switch|p2a: Ninetales|Ninetales-Alola, M|11\/100\n|-damage|p2a: Ninetales|0 fnt|[from] Stealth Rock\n|faint|p2a: Ninetales\n|\n|t:|1700769694\n|switch|p2a: Kingambit|Kingambit, M|100\/100\n|-damage|p2a: Kingambit|94\/100|[from] Stealth Rock\n|-activate|p2a: Kingambit|ability: Supreme Overlord\n|-start|p2a: Kingambit|fallen2|[silent]\n|turn|18\n|\n|t:|1700769700\n|move|p1a: Empoleon|Flip Turn|p2a: Kingambit\n|-damage|p2a: Kingambit|82\/100\n|\n|t:|1700769703\n|switch|p1a: Dragonite|Dragonite, F|100\/100|[from] Flip Turn\n|move|p2a: Kingambit|Swords Dance|p2a: Kingambit\n|-boost|p2a: Kingambit|atk|2\n|\n|upkeep\n|turn|19\n|\n|t:|1700769708\n|move|p2a: Kingambit|Sucker Punch||[still]\n|-fail|p2a: Kingambit\n|move|p1a: Dragonite|Dragon Dance|p1a: Dragonite\n|-boost|p1a: Dragonite|atk|1\n|-boost|p1a: Dragonite|spe|1\n|\n|upkeep\n|turn|20\n|\n|t:|1700769711\n|move|p1a: Dragonite|Dragon Dance|p1a: Dragonite\n|-boost|p1a: Dragonite|atk|1\n|-boost|p1a: Dragonite|spe|1\n|move|p2a: Kingambit|Iron Head|p1a: Dragonite\n|-damage|p1a: Dragonite|23\/100\n|-damage|p2a: Kingambit|72\/100|[from] item: Life Orb\n|\n|upkeep\n|turn|21\n|\n|t:|1700769715\n|move|p2a: Kingambit|Sucker Punch|p1a: Dragonite\n|-damage|p1a: Dragonite|0 fnt\n|faint|p1a: Dragonite\n|-damage|p2a: Kingambit|62\/100|[from] item: Life Orb\n|\n|upkeep\n|\n|t:|1700769717\n|switch|p1a: Empoleon|Empoleon, M|7\/100\n|turn|22\n|\n|t:|1700769721\n|move|p1a: Empoleon|Roost|p1a: Empoleon\n|-heal|p1a: Empoleon|57\/100\n|-singleturn|p1a: Empoleon|move: Roost\n|move|p2a: Kingambit|Kowtow Cleave|p1a: Empoleon\n|-damage|p1a: Empoleon|0 fnt\n|faint|p1a: Empoleon\n|-damage|p2a: Kingambit|52\/100|[from] item: Life Orb\n|\n|upkeep\n|\n|t:|1700769724\n|switch|p1a: Cinderace|Cinderace, M|22\/100\n|turn|23\n|\n|t:|1700769728\n|move|p2a: Kingambit|Sucker Punch||[still]\n|-fail|p2a: Kingambit\n|move|p1a: Cinderace|Court Change|p1a: Cinderace\n|-swapsideconditions\n|-activate|p1a: Cinderace|move: Court Change\n|\n|upkeep\n|turn|24\n|\n|t:|1700769734\n|move|p1a: Cinderace|Pyro Ball|p2a: Kingambit\n|-supereffective|p2a: Kingambit\n|-damage|p2a: Kingambit|0 fnt\n|faint|p2a: Kingambit\n|-end|p2a: Kingambit|fallen2|[silent]\n|\n|upkeep\n|\n|t:|1700769736\n|switch|p2a: Dragonite|Dragonite, M|100\/100\n|turn|25\n|\n|t:|1700769741\n|move|p2a: Dragonite|Extreme Speed|p1a: Cinderace\n|-damage|p1a: Cinderace|0 fnt\n|faint|p1a: Cinderace\n|\n|win|Turtwigdabest\n|raw|Croquette a chat's rating: 1173 &rarr; <strong>1146<\/strong><br \/>(-27 for losing)\n|raw|Turtwigdabest's rating: 1140 &rarr; <strong>1167<\/strong><br \/>(+27 for winning)\n","uploadtime":1700769746,"views":14,"p1id":"croquetteachat","p2id":"turtwigdabest","formatid":"gen9ou","rating":1146,"private":0,"password":""}