{"id":"gen9ou-1997049444","p1":"shern167","p2":"Cruel Crayon","format":"[Gen 9] OU","log":"|j|\u2606shern167\n|j|\u2606Cruel Crayon\n|t:|1700759409\n|gametype|singles\n|player|p1|shern167|169|1142\n|player|p2|Cruel Crayon|102|1185\n|teamsize|p1|6\n|teamsize|p2|6\n|gen|9\n|tier|[Gen 9] OU\n|rated|\n|rule|Sleep Clause Mod: Limit one foe put to sleep\n|rule|Species Clause: Limit one of each Pok\u00e9mon\n|rule|OHKO Clause: OHKO moves are banned\n|rule|Evasion Items Clause: Evasion items are banned\n|rule|Evasion Moves Clause: Evasion moves are banned\n|rule|Endless Battle Clause: Forcing endless battles is banned\n|rule|HP Percentage Mod: HP is shown in percentages\n|clearpoke\n|poke|p1|Gholdengo|\n|poke|p1|Glimmora, M|\n|poke|p1|Iron Moth|\n|poke|p1|Corviknight, F|\n|poke|p1|Blissey, F|\n|poke|p1|Dragonite, F|\n|poke|p2|Ninetales-Alola, M|\n|poke|p2|Garchomp, M|\n|poke|p2|Manaphy|\n|poke|p2|Cinderace, M|\n|poke|p2|Kingambit, F|\n|poke|p2|Iron Valiant|\n|teampreview\n|inactive|Battle timer is ON: inactive players will automatically lose when time's up. (requested by Cruel Crayon)\n|\n|t:|1700759439\n|start\n|switch|p1a: Glimmora|Glimmora, M|100\/100\n|switch|p2a: Ninetales|Ninetales-Alola, M|100\/100\n|-weather|Snow|[from] ability: Snow Warning|[of] p2a: Ninetales\n|turn|1\n|\n|t:|1700759443\n|move|p2a: Ninetales|Aurora Veil|p2a: Ninetales\n|-sidestart|p2: Cruel Crayon|move: Aurora Veil\n|move|p1a: Glimmora|Stealth Rock|p2a: Ninetales\n|-sidestart|p2: Cruel Crayon|move: Stealth Rock\n|\n|-weather|Snow|[upkeep]\n|upkeep\n|turn|2\n|\n|t:|1700759450\n|switch|p2a: Manaphy|Manaphy|100\/100\n|-damage|p2a: Manaphy|88\/100|[from] Stealth Rock\n|move|p1a: Glimmora|Earth Power|p2a: Manaphy\n|-damage|p2a: Manaphy|76\/100\n|\n|-weather|Snow|[upkeep]\n|-heal|p2a: Manaphy|83\/100|[from] item: Leftovers\n|upkeep\n|turn|3\n|\n|t:|1700759457\n|move|p2a: Manaphy|Take Heart|p2a: Manaphy\n|-boost|p2a: Manaphy|spa|1\n|-boost|p2a: Manaphy|spd|1\n|move|p1a: Glimmora|Mortal Spin|p2a: Manaphy\n|-damage|p2a: Manaphy|80\/100\n|-status|p2a: Manaphy|psn\n|\n|-weather|Snow|[upkeep]\n|-heal|p2a: Manaphy|87\/100 psn|[from] item: Leftovers\n|-damage|p2a: Manaphy|74\/100 psn|[from] psn\n|upkeep\n|turn|4\n|\n|t:|1700759471\n|switch|p1a: Blissey|Blissey, F|100\/100\n|move|p2a: Manaphy|Take Heart|p2a: Manaphy\n|-boost|p2a: Manaphy|spa|1\n|-boost|p2a: Manaphy|spd|1\n|-curestatus|p2a: Manaphy|psn|[msg]\n|\n|-weather|Snow|[upkeep]\n|-heal|p2a: Manaphy|80\/100|[from] item: Leftovers\n|upkeep\n|turn|5\n|\n|t:|1700759476\n|move|p2a: Manaphy|Acid Armor|p2a: Manaphy\n|-boost|p2a: Manaphy|def|2\n|move|p1a: Blissey|Seismic Toss|p2a: Manaphy\n|-damage|p2a: Manaphy|55\/100\n|\n|-weather|none\n|-heal|p2a: Manaphy|62\/100|[from] item: Leftovers\n|upkeep\n|turn|6\n|\n|t:|1700759486\n|move|p2a: Manaphy|Scald|p1a: Blissey\n|-damage|p1a: Blissey|77\/100\n|move|p1a: Blissey|Thunder Wave|p2a: Manaphy|[miss]\n|-miss|p1a: Blissey|p2a: Manaphy\n|\n|-heal|p2a: Manaphy|68\/100|[from] item: Leftovers\n|-heal|p1a: Blissey|83\/100|[from] item: Leftovers\n|upkeep\n|turn|7\n|\n|t:|1700759493\n|move|p2a: Manaphy|Take Heart|p2a: Manaphy\n|-boost|p2a: Manaphy|spa|1\n|-boost|p2a: Manaphy|spd|1\n|move|p1a: Blissey|Thunder Wave|p2a: Manaphy\n|-status|p2a: Manaphy|par\n|\n|-heal|p1a: Blissey|89\/100|[from] item: Leftovers\n|-heal|p2a: Manaphy|74\/100 par|[from] item: Leftovers\n|upkeep\n|turn|8\n|\n|t:|1700759499\n|move|p1a: Blissey|Seismic Toss|p2a: Manaphy\n|-damage|p2a: Manaphy|49\/100 par\n|move|p2a: Manaphy|Stored Power|p1a: Blissey\n|-damage|p1a: Blissey|44\/100\n|\n|-heal|p1a: Blissey|50\/100|[from] item: Leftovers\n|-heal|p2a: Manaphy|55\/100 par|[from] item: Leftovers\n|-sideend|p2: Cruel Crayon|move: Aurora Veil\n|upkeep\n|turn|9\n|\n|t:|1700759505\n|move|p1a: Blissey|Seismic Toss|p2a: Manaphy\n|-damage|p2a: Manaphy|30\/100 par\n|move|p2a: Manaphy|Take Heart|p2a: Manaphy\n|-boost|p2a: Manaphy|spa|1\n|-boost|p2a: Manaphy|spd|1\n|-curestatus|p2a: Manaphy|par|[msg]\n|\n|-heal|p2a: Manaphy|37\/100|[from] item: Leftovers\n|-heal|p1a: Blissey|56\/100|[from] item: Leftovers\n|upkeep\n|turn|10\n|\n|t:|1700759510\n|move|p2a: Manaphy|Stored Power|p1a: Blissey\n|-damage|p1a: Blissey|0 fnt\n|faint|p1a: Blissey\n|\n|-heal|p2a: Manaphy|43\/100|[from] item: Leftovers\n|upkeep\n|\n|t:|1700759519\n|switch|p1a: Gholdengo|Gholdengo|100\/100\n|turn|11\n|\n|t:|1700759524\n|move|p1a: Gholdengo|Thunderbolt|p2a: Manaphy\n|-supereffective|p2a: Manaphy\n|-damage|p2a: Manaphy|25\/100\n|move|p2a: Manaphy|Stored Power|p1a: Gholdengo\n|-resisted|p1a: Gholdengo\n|-damage|p1a: Gholdengo|25\/100\n|\n|-heal|p2a: Manaphy|31\/100|[from] item: Leftovers\n|upkeep\n|turn|12\n|\n|t:|1700759530\n|move|p1a: Gholdengo|Thunderbolt|p2a: Manaphy\n|-supereffective|p2a: Manaphy\n|-damage|p2a: Manaphy|14\/100\n|move|p2a: Manaphy|Stored Power|p1a: Gholdengo\n|-resisted|p1a: Gholdengo\n|-damage|p1a: Gholdengo|0 fnt\n|faint|p1a: Gholdengo\n|\n|-heal|p2a: Manaphy|20\/100|[from] item: Leftovers\n|upkeep\n|\n|t:|1700759535\n|switch|p1a: Iron Moth|Iron Moth|100\/100\n|-enditem|p1a: Iron Moth|Booster Energy\n|-activate|p1a: Iron Moth|ability: Quark Drive|[fromitem]\n|-start|p1a: Iron Moth|quarkdrivespa\n|turn|13\n|\n|t:|1700759558\n|move|p1a: Iron Moth|Energy Ball|p2a: Manaphy\n|-supereffective|p2a: Manaphy\n|-damage|p2a: Manaphy|0 fnt\n|faint|p2a: Manaphy\n|\n|upkeep\n|\n|t:|1700759568\n|switch|p2a: Cinderace|Cinderace, M|100\/100\n|turn|14\n|\n|t:|1700759585\n|-end|p1a: Iron Moth|Quark Drive|[silent]\n|switch|p1a: Dragonite|Dragonite, F|100\/100\n|move|p2a: Cinderace|Court Change|p2a: Cinderace\n|-swapsideconditions\n|-activate|p2a: Cinderace|move: Court Change\n|\n|upkeep\n|turn|15\n|\n|t:|1700759589\n|move|p2a: Cinderace|Taunt|p1a: Dragonite\n|-start|p1a: Dragonite|move: Taunt\n|cant|p1a: Dragonite|move: Taunt|Dragon Dance\n|\n|upkeep\n|turn|16\n|\n|t:|1700759595\n|move|p2a: Cinderace|U-turn|p1a: Dragonite\n|-resisted|p1a: Dragonite\n|-damage|p1a: Dragonite|95\/100\n|\n|t:|1700759596\n|switch|p2a: Ninetales|Ninetales-Alola, M|100\/100|[from] U-turn\n|-weather|Snow|[from] ability: Snow Warning|[of] p2a: Ninetales\n|move|p1a: Dragonite|Earthquake|p2a: Ninetales\n|-damage|p2a: Ninetales|65\/100\n|\n|-weather|Snow|[upkeep]\n|-heal|p1a: Dragonite|100\/100|[from] item: Leftovers\n|upkeep\n|turn|17\n|\n|t:|1700759601\n|move|p2a: Ninetales|Aurora Veil|p2a: Ninetales\n|-sidestart|p2: Cruel Crayon|move: Aurora Veil\n|move|p1a: Dragonite|Iron Head|p2a: Ninetales\n|-supereffective|p2a: Ninetales\n|-damage|p2a: Ninetales|12\/100\n|\n|-weather|Snow|[upkeep]\n|-end|p1a: Dragonite|move: Taunt\n|upkeep\n|turn|18\n|\n|t:|1700759610\n|switch|p2a: Iron Valiant|Iron Valiant|100\/100\n|-enditem|p2a: Iron Valiant|Booster Energy\n|-activate|p2a: Iron Valiant|ability: Quark Drive|[fromitem]\n|-start|p2a: Iron Valiant|quarkdrivespe\n|-terastallize|p1a: Dragonite|Dragon\n|move|p1a: Dragonite|Dragon Dance|p1a: Dragonite\n|-boost|p1a: Dragonite|atk|1\n|-boost|p1a: Dragonite|spe|1\n|\n|-weather|Snow|[upkeep]\n|upkeep\n|turn|19\n|\n|t:|1700759621\n|move|p2a: Iron Valiant|Ice Punch|p1a: Dragonite\n|-supereffective|p1a: Dragonite\n|-damage|p1a: Dragonite|74\/100\n|move|p1a: Dragonite|Iron Head|p2a: Iron Valiant\n|-supereffective|p2a: Iron Valiant\n|-damage|p2a: Iron Valiant|49\/100\n|\n|-weather|Snow|[upkeep]\n|-heal|p1a: Dragonite|80\/100|[from] item: Leftovers\n|upkeep\n|turn|20\n|\n|t:|1700759630\n|move|p2a: Iron Valiant|Ice Punch|p1a: Dragonite\n|-supereffective|p1a: Dragonite\n|-damage|p1a: Dragonite|19\/100\n|-status|p1a: Dragonite|frz\n|cant|p1a: Dragonite|frz\n|\n|-weather|none\n|-heal|p1a: Dragonite|25\/100 frz|[from] item: Leftovers\n|upkeep\n|turn|21\n|\n|t:|1700759636\n|move|p2a: Iron Valiant|Ice Punch|p1a: Dragonite\n|-supereffective|p1a: Dragonite\n|-damage|p1a: Dragonite|0 fnt\n|faint|p1a: Dragonite\n|\n|upkeep\n|c|\u2606shern167|Super\n|\n|t:|1700759646\n|switch|p1a: Glimmora|Glimmora, M|100\/100\n|-damage|p1a: Glimmora|88\/100|[from] Stealth Rock\n|turn|22\n|\n|t:|1700759657\n|-end|p2a: Iron Valiant|Quark Drive|[silent]\n|switch|p2a: Garchomp|Garchomp, M|100\/100\n|move|p1a: Glimmora|Mortal Spin|p2a: Garchomp\n|-resisted|p2a: Garchomp\n|-damage|p2a: Garchomp|99\/100\n|-status|p2a: Garchomp|psn\n|-damage|p1a: Glimmora|76\/100|[from] ability: Rough Skin|[of] p2a: Garchomp\n|-sideend|p1: shern167|Stealth Rock|[from] move: Mortal Spin|[of] p1a: Glimmora\n|\n|-heal|p1a: Glimmora|82\/100|[from] item: Black Sludge\n|-damage|p2a: Garchomp|87\/100 psn|[from] psn\n|upkeep\n|turn|23\n|\n|t:|1700759670\n|switch|p1a: Corviknight|Corviknight, F|100\/100\n|move|p2a: Garchomp|Earthquake|p1a: Corviknight\n|-immune|p1a: Corviknight\n|\n|-damage|p2a: Garchomp|74\/100 psn|[from] psn\n|upkeep\n|turn|24\n|\n|t:|1700759678\n|switch|p2a: Cinderace|Cinderace, M|100\/100\n|move|p1a: Corviknight|Defog|p2a: Cinderace\n|-unboost|p2a: Cinderace|evasion|1\n|-sideend|p2: Cruel Crayon|move: Aurora Veil\n|\n|upkeep\n|turn|25\n|\n|t:|1700759685\n|move|p2a: Cinderace|Pyro Ball|p1a: Corviknight\n|-supereffective|p1a: Corviknight\n|-damage|p1a: Corviknight|27\/100\n|move|p1a: Corviknight|Brave Bird|p2a: Cinderace\n|-damage|p2a: Cinderace|48\/100\n|-damage|p1a: Corviknight|14\/100|[from] Recoil\n|\n|upkeep\n|turn|26\n|\n|t:|1700759695\n|switch|p1a: Glimmora|Glimmora, M|82\/100\n|move|p2a: Cinderace|Pyro Ball|p1a: Glimmora\n|-resisted|p1a: Glimmora\n|-damage|p1a: Glimmora|56\/100\n|-activate|p1a: Glimmora|ability: Toxic Debris\n|-sidestart|p2: Cruel Crayon|move: Toxic Spikes\n|\n|-heal|p1a: Glimmora|62\/100|[from] item: Black Sludge\n|upkeep\n|turn|27\n|\n|t:|1700759701\n|move|p2a: Cinderace|Pyro Ball|p1a: Glimmora\n|-resisted|p1a: Glimmora\n|-damage|p1a: Glimmora|38\/100\n|-activate|p1a: Glimmora|ability: Toxic Debris\n|-sidestart|p2: Cruel Crayon|move: Toxic Spikes\n|move|p1a: Glimmora|Earth Power|p2a: Cinderace\n|-supereffective|p2a: Cinderace\n|-damage|p2a: Cinderace|0 fnt\n|faint|p2a: Cinderace\n|\n|-heal|p1a: Glimmora|45\/100|[from] item: Black Sludge\n|upkeep\n|\n|t:|1700759705\n|switch|p2a: Kingambit|Kingambit, F|100\/100\n|-activate|p2a: Kingambit|ability: Supreme Overlord\n|-start|p2a: Kingambit|fallen2|[silent]\n|turn|28\n|\n|t:|1700759715\n|move|p1a: Glimmora|Earth Power|p2a: Kingambit\n|-supereffective|p2a: Kingambit\n|-damage|p2a: Kingambit|47\/100\n|move|p2a: Kingambit|Iron Head|p1a: Glimmora\n|-supereffective|p1a: Glimmora\n|-damage|p1a: Glimmora|0 fnt\n|faint|p1a: Glimmora\n|\n|upkeep\n|\n|t:|1700759722\n|switch|p1a: Corviknight|Corviknight, F|14\/100\n|turn|29\n|\n|t:|1700759724\n|move|p1a: Corviknight|Roost|p1a: Corviknight\n|-heal|p1a: Corviknight|64\/100\n|-singleturn|p1a: Corviknight|move: Roost\n|move|p2a: Kingambit|Kowtow Cleave|p1a: Corviknight\n|-damage|p1a: Corviknight|27\/100\n|-damage|p2a: Kingambit|31\/100|[from] item: Rocky Helmet|[of] p1a: Corviknight\n|\n|upkeep\n|turn|30\n|\n|t:|1700759730\n|move|p2a: Kingambit|Sucker Punch||[still]\n|-fail|p2a: Kingambit\n|move|p1a: Corviknight|Roost|p1a: Corviknight\n|-heal|p1a: Corviknight|77\/100\n|-singleturn|p1a: Corviknight|move: Roost\n|\n|upkeep\n|turn|31\n|\n|t:|1700759735\n|-end|p2a: Kingambit|fallen2|[silent]\n|switch|p2a: Ninetales|Ninetales-Alola, M|12\/100\n|-status|p2a: Ninetales|tox\n|-weather|Snow|[from] ability: Snow Warning|[of] p2a: Ninetales\n|move|p1a: Corviknight|Roost|p1a: Corviknight\n|-heal|p1a: Corviknight|100\/100\n|-singleturn|p1a: Corviknight|move: Roost\n|\n|-weather|Snow|[upkeep]\n|-damage|p2a: Ninetales|6\/100 tox|[from] psn\n|upkeep\n|turn|32\n|\n|t:|1700759759\n|move|p2a: Ninetales|Aurora Veil|p2a: Ninetales\n|-sidestart|p2: Cruel Crayon|move: Aurora Veil\n|move|p1a: Corviknight|Defog|p2a: Ninetales\n|-unboost|p2a: Ninetales|evasion|1\n|-sideend|p2: Cruel Crayon|move: Aurora Veil\n|-sideend|p2: Cruel Crayon|Toxic Spikes|[from] move: Defog|[of] p1a: Corviknight\n|\n|-weather|Snow|[upkeep]\n|-damage|p2a: Ninetales|0 fnt|[from] psn\n|faint|p2a: Ninetales\n|upkeep\n|\n|t:|1700759763\n|switch|p2a: Garchomp|Garchomp, M|74\/100 psn\n|turn|33\n|l|\u2606Cruel Crayon\n|inactive|Cruel Crayon disconnected and has a minute to reconnect!\n|player|p2|\n|inactive|Cruel Crayon has 30 seconds to reconnect!\n|inactive|Cruel Crayon has 20 seconds to reconnect!\n|inactive|Cruel Crayon has 15 seconds to reconnect!\n|inactive|Cruel Crayon has 10 seconds to reconnect!\n|inactive|Cruel Crayon has 5 seconds to reconnect!\n|-message|Cruel Crayon lost due to inactivity.\n|\n|win|shern167\n|raw|shern167's rating: 1142 &rarr; <strong>1170<\/strong><br \/>(+28 for winning)\n|raw|Cruel Crayon's rating: 1185 &rarr; <strong>1157<\/strong><br \/>(-28 for losing)\n","uploadtime":1700759834,"views":11,"p1id":"shern167","p2id":"cruelcrayon","formatid":"gen9ou","rating":1157,"private":0,"password":""}