{"id":"gen9ou-1994000554","p1":"gumboz","p2":"Mouseattack","format":"[Gen 9] OU","log":"|j|\u2606gumboz\n|j|\u2606Mouseattack\n|t:|1700391189\n|gametype|singles\n|player|p1|gumboz|scientist-gen4dp|1343\n|player|p2|Mouseattack|koga|1333\n|teamsize|p1|6\n|teamsize|p2|6\n|gen|9\n|tier|[Gen 9] OU\n|rated|\n|rule|Sleep Clause Mod: Limit one foe put to sleep\n|rule|Species Clause: Limit one of each Pok\u00e9mon\n|rule|OHKO Clause: OHKO moves are banned\n|rule|Evasion Items Clause: Evasion items are banned\n|rule|Evasion Moves Clause: Evasion moves are banned\n|rule|Endless Battle Clause: Forcing endless battles is banned\n|rule|HP Percentage Mod: HP is shown in percentages\n|clearpoke\n|poke|p1|Great Tusk|\n|poke|p1|Walking Wake|\n|poke|p1|Torkoal, F|\n|poke|p1|Gholdengo|\n|poke|p1|Hatterene, F|\n|poke|p1|Leavanny, M|\n|poke|p2|Samurott-Hisui, M|\n|poke|p2|Maushold|\n|poke|p2|Garganacl, F|\n|poke|p2|Kingambit, F|\n|poke|p2|Amoonguss, M|\n|poke|p2|Weavile, F|\n|teampreview\n|inactive|Battle timer is ON: inactive players will automatically lose when time's up. (requested by gumboz)\n|inactive|Mouseattack has 120 seconds left.\n|c|\u2606Mouseattack|Ohhh is this blims team?\n|\n|t:|1700391241\n|start\n|switch|p1a: Gholdengo|Gholdengo|100\/100\n|switch|p2a: \u270f\ufe0f Sharpner|Samurott-Hisui, M, shiny|100\/100\n|turn|1\n|\n|t:|1700391248\n|move|p1a: Gholdengo|Focus Blast|p2a: \u270f\ufe0f Sharpner\n|-supereffective|p2a: \u270f\ufe0f Sharpner\n|-damage|p2a: \u270f\ufe0f Sharpner|0 fnt\n|faint|p2a: \u270f\ufe0f Sharpner\n|\n|upkeep\n|\n|t:|1700391262\n|switch|p2a: China Attacks|Maushold|100\/100\n|turn|2\n|\n|t:|1700391267\n|switch|p1a: Torkoal|Torkoal, F|100\/100\n|-weather|SunnyDay|[from] ability: Drought|[of] p1a: Torkoal\n|-terastallize|p2a: China Attacks|Ghost\n|move|p2a: China Attacks|Tidy Up|p2a: China Attacks\n|-boost|p2a: China Attacks|atk|1\n|-boost|p2a: China Attacks|spe|1\n|\n|-weather|SunnyDay|[upkeep]\n|upkeep\n|turn|3\n|\n|t:|1700391271\n|move|p2a: China Attacks|Population Bomb|p1a: Torkoal\n|-damage|p1a: Torkoal|87\/100\n|-damage|p1a: Torkoal|76\/100\n|-damage|p1a: Torkoal|63\/100\n|-damage|p1a: Torkoal|51\/100\n|-damage|p1a: Torkoal|39\/100\n|-damage|p1a: Torkoal|27\/100\n|-damage|p1a: Torkoal|14\/100\n|-damage|p1a: Torkoal|1\/100\n|-damage|p1a: Torkoal|0 fnt\n|faint|p1a: Torkoal\n|-hitcount|p1: Torkoal|9\n|\n|-weather|SunnyDay|[upkeep]\n|upkeep\n|\n|t:|1700391277\n|switch|p1a: Great Tusk|Great Tusk|100\/100\n|-activate|p1a: Great Tusk|ability: Protosynthesis\n|-start|p1a: Great Tusk|protosynthesisatk\n|turn|4\n|\n|t:|1700391295\n|-terastallize|p1a: Great Tusk|Ghost\n|move|p2a: China Attacks|Population Bomb|p1a: Great Tusk\n|-immune|p1a: Great Tusk\n|move|p1a: Great Tusk|Knock Off|p2a: China Attacks\n|-supereffective|p2a: China Attacks\n|-damage|p2a: China Attacks|0 fnt\n|-enditem|p2a: China Attacks|Wide Lens|[from] move: Knock Off|[of] p1a: Great Tusk\n|faint|p2a: China Attacks\n|\n|-weather|SunnyDay|[upkeep]\n|upkeep\n|\n|t:|1700391304\n|switch|p2a: Masterball|Amoonguss, M, shiny|100\/100\n|turn|5\n|\n|t:|1700391311\n|move|p1a: Great Tusk|Knock Off|p2a: Masterball\n|-damage|p2a: Masterball|52\/100\n|-enditem|p2a: Masterball|Red Card|[from] move: Knock Off|[of] p1a: Great Tusk\n|move|p2a: Masterball|Sludge Bomb|p1a: Great Tusk\n|-resisted|p1a: Great Tusk\n|-damage|p1a: Great Tusk|79\/100\n|\n|-weather|SunnyDay|[upkeep]\n|upkeep\n|turn|6\n|\n|t:|1700391319\n|move|p1a: Great Tusk|Knock Off|p2a: Masterball\n|-damage|p2a: Masterball|19\/100\n|move|p2a: Masterball|Spore|p1a: Great Tusk\n|-status|p1a: Great Tusk|slp|[from] move: Spore\n|\n|-weather|SunnyDay|[upkeep]\n|upkeep\n|turn|7\n|\n|t:|1700391322\n|-end|p1a: Great Tusk|Protosynthesis|[silent]\n|switch|p1a: Walking Wake|Walking Wake|100\/100\n|-activate|p1a: Walking Wake|ability: Protosynthesis\n|-start|p1a: Walking Wake|protosynthesisspe\n|move|p2a: Masterball|Foul Play|p1a: Walking Wake\n|-damage|p1a: Walking Wake|84\/100\n|\n|-weather|SunnyDay|[upkeep]\n|upkeep\n|turn|8\n|\n|t:|1700391330\n|move|p1a: Walking Wake|Hydro Steam|p2a: Masterball\n|-resisted|p2a: Masterball\n|-damage|p2a: Masterball|0 fnt\n|faint|p2a: Masterball\n|\n|-weather|SunnyDay|[upkeep]\n|upkeep\n|\n|t:|1700391337\n|switch|p2a: PinkyPie|Weavile, F, shiny|100\/100\n|-ability|p2a: PinkyPie|Pressure\n|turn|9\n|\n|t:|1700391341\n|move|p2a: PinkyPie|Ice Shard|p1a: Walking Wake\n|-damage|p1a: Walking Wake|61\/100\n|move|p1a: Walking Wake|Hydro Steam|p2a: PinkyPie\n|-damage|p2a: PinkyPie|0 fnt\n|faint|p2a: PinkyPie\n|\n|-weather|none\n|-end|p1a: Walking Wake|Protosynthesis\n|upkeep\n|\n|t:|1700391346\n|switch|p2a: Jon Snow|Kingambit, F|100\/100\n|-activate|p2a: Jon Snow|ability: Supreme Overlord\n|-start|p2a: Jon Snow|fallen4|[silent]\n|turn|10\n|\n|t:|1700391348\n|move|p1a: Walking Wake|Hydro Steam|p2a: Jon Snow\n|-damage|p2a: Jon Snow|34\/100\n|move|p2a: Jon Snow|Swords Dance|p2a: Jon Snow\n|-boost|p2a: Jon Snow|atk|2\n|\n|-heal|p2a: Jon Snow|40\/100|[from] item: Leftovers\n|upkeep\n|turn|11\n|\n|t:|1700391353\n|move|p2a: Jon Snow|Sucker Punch|p1a: Walking Wake\n|-damage|p1a: Walking Wake|0 fnt\n|faint|p1a: Walking Wake\n|-end|p1a: Walking Wake|Protosynthesis|[silent]\n|\n|-heal|p2a: Jon Snow|46\/100|[from] item: Leftovers\n|upkeep\n|\n|t:|1700391369\n|switch|p1a: Leavanny|Leavanny, M|100\/100\n|turn|12\n|\n|t:|1700391374\n|move|p1a: Leavanny|Knock Off|p2a: Jon Snow\n|-resisted|p2a: Jon Snow\n|-damage|p2a: Jon Snow|33\/100\n|-enditem|p2a: Jon Snow|Leftovers|[from] move: Knock Off|[of] p1a: Leavanny\n|move|p2a: Jon Snow|Kowtow Cleave|p1a: Leavanny\n|-damage|p1a: Leavanny|0 fnt\n|faint|p1a: Leavanny\n|\n|upkeep\n|\n|t:|1700391383\n|switch|p1a: Great Tusk|Great Tusk, tera:Ghost|79\/100 slp\n|turn|13\n|\n|t:|1700391390\n|-end|p1a: Great Tusk|Protosynthesis|[silent]\n|switch|p1a: Hatterene|Hatterene, F|100\/100\n|move|p2a: Jon Snow|Kowtow Cleave|p1a: Hatterene\n|-damage|p1a: Hatterene|0 fnt\n|faint|p1a: Hatterene\n|\n|upkeep\n|\n|t:|1700391394\n|switch|p1a: Great Tusk|Great Tusk, tera:Ghost|79\/100 slp\n|turn|14\n|\n|t:|1700391400\n|cant|p1a: Great Tusk|slp\n|move|p2a: Jon Snow|Kowtow Cleave|p1a: Great Tusk\n|-supereffective|p1a: Great Tusk\n|-damage|p1a: Great Tusk|0 fnt\n|faint|p1a: Great Tusk\n|-end|p1a: Great Tusk|Protosynthesis|[silent]\n|\n|upkeep\n|\n|t:|1700391401\n|switch|p1a: Gholdengo|Gholdengo|100\/100\n|turn|15\n|\n|t:|1700391404\n|move|p2a: Jon Snow|Sucker Punch|p1a: Gholdengo\n|-supereffective|p1a: Gholdengo\n|-damage|p1a: Gholdengo|0 fnt\n|faint|p1a: Gholdengo\n|\n|win|Mouseattack\n|raw|gumboz's rating: 1343 &rarr; <strong>1322<\/strong><br \/>(-21 for losing)\n|raw|Mouseattack's rating: 1333 &rarr; <strong>1354<\/strong><br \/>(+21 for winning)\n|l|\u2606gumboz\n","uploadtime":1700391411,"views":9,"p1id":"gumboz","p2id":"mouseattack","formatid":"gen9ou","rating":1322,"private":0,"password":""}