{"id":"gen9ou-1997112640","p1":"pelukas","p2":"Ensndmdj","format":"[Gen 9] OU","log":"|j|\u2606pelukas\n|j|\u2606Ensndmdj\n|t:|1700765760\n|gametype|singles\n|player|p1|pelukas|grimsley|1097\n|player|p2|Ensndmdj|265|1000\n|teamsize|p1|6\n|teamsize|p2|6\n|gen|9\n|tier|[Gen 9] OU\n|rated|\n|rule|Sleep Clause Mod: Limit one foe put to sleep\n|rule|Species Clause: Limit one of each Pok\u00e9mon\n|rule|OHKO Clause: OHKO moves are banned\n|rule|Evasion Items Clause: Evasion items are banned\n|rule|Evasion Moves Clause: Evasion moves are banned\n|rule|Endless Battle Clause: Forcing endless battles is banned\n|rule|HP Percentage Mod: HP is shown in percentages\n|clearpoke\n|poke|p1|Zapdos|\n|poke|p1|Mienshao, F|\n|poke|p1|Ogerpon-Wellspring, F|\n|poke|p1|Hoopa-Unbound|\n|poke|p1|Goodra-Hisui, F|\n|poke|p1|Diancie|\n|poke|p2|Gallade, M|\n|poke|p2|Tinkaton, F|\n|poke|p2|Frosmoth, F|\n|poke|p2|Ambipom, F|\n|poke|p2|Torterra, F|\n|poke|p2|Vikavolt, F|\n|teampreview\n|inactive|Battle timer is ON: inactive players will automatically lose when time's up. (requested by pelukas)\n|\n|t:|1700765766\n|start\n|switch|p1a: Mienshao|Mienshao, F, shiny|100\/100\n|switch|p2a: Vikavolt|Vikavolt, F|100\/100\n|turn|1\n|\n|t:|1700765774\n|move|p1a: Mienshao|Fake Out|p2a: Vikavolt\n|-damage|p2a: Vikavolt|86\/100\n|cant|p2a: Vikavolt|flinch\n|\n|upkeep\n|turn|2\n|\n|t:|1700765777\n|move|p1a: Mienshao|U-turn|p2a: Vikavolt\n|-damage|p2a: Vikavolt|61\/100\n|\n|t:|1700765780\n|switch|p1a: Goodra|Goodra-Hisui, F|100\/100|[from] U-turn\n|move|p2a: Vikavolt|Thunderbolt|p1a: Goodra\n|-resisted|p1a: Goodra\n|-damage|p1a: Goodra|89\/100\n|\n|upkeep\n|turn|3\n|\n|t:|1700765785\n|move|p1a: Goodra|Fire Blast|p2a: Vikavolt\n|-supereffective|p2a: Vikavolt\n|-damage|p2a: Vikavolt|0 fnt\n|faint|p2a: Vikavolt\n|\n|upkeep\n|\n|t:|1700765791\n|switch|p2a: Torterra|Torterra, F|100\/100\n|turn|4\n|\n|t:|1700765798\n|-terastallize|p1a: Goodra|Water\n|move|p2a: Torterra|Earthquake|p1a: Goodra\n|-damage|p1a: Goodra|52\/100\n|move|p1a: Goodra|Fire Blast|p2a: Torterra\n|-supereffective|p2a: Torterra\n|-damage|p2a: Torterra|24\/100\n|\n|-heal|p2a: Torterra|30\/100|[from] item: Leftovers\n|upkeep\n|turn|5\n|\n|t:|1700765811\n|move|p2a: Torterra|Stealth Rock|p1a: Goodra\n|-sidestart|p1: pelukas|move: Stealth Rock\n|move|p1a: Goodra|Draco Meteor|p2a: Torterra\n|-damage|p2a: Torterra|0 fnt\n|-unboost|p1a: Goodra|spa|2\n|faint|p2a: Torterra\n|\n|upkeep\n|\n|t:|1700765817\n|switch|p2a: Ambipom|Ambipom, F|100\/100\n|turn|6\n|\n|t:|1700765823\n|switch|p1a: Zapdos|Zapdos|100\/100\n|move|p2a: Ambipom|Trailblaze|p1a: Zapdos\n|-resisted|p1a: Zapdos\n|-damage|p1a: Zapdos|90\/100\n|-boost|p2a: Ambipom|spe|1\n|\n|upkeep\n|turn|7\n|\n|t:|1700765831\n|move|p2a: Ambipom|Double Hit|p1a: Zapdos\n|-damage|p1a: Zapdos|69\/100\n|-status|p2a: Ambipom|par|[from] ability: Static|[of] p1a: Zapdos\n|-damage|p1a: Zapdos|48\/100\n|-hitcount|p1a: Zapdos|2\n|move|p1a: Zapdos|Heat Wave|p2a: Ambipom\n|-damage|p2a: Ambipom|50\/100 par\n|\n|upkeep\n|turn|8\n|\n|t:|1700765841\n|switch|p2a: Frosmoth|Frosmoth, F|100\/100\n|move|p1a: Zapdos|Heat Wave|p2a: Frosmoth\n|-supereffective|p2a: Frosmoth\n|-damage|p2a: Frosmoth|52\/100\n|\n|upkeep\n|turn|9\n|\n|t:|1700765851\n|-terastallize|p2a: Frosmoth|Water\n|move|p1a: Zapdos|Hurricane|p2a: Frosmoth\n|-damage|p2a: Frosmoth|34\/100\n|-start|p2a: Frosmoth|confusion\n|-activate|p2a: Frosmoth|confusion\n|move|p2a: Frosmoth|Giga Drain|p1a: Zapdos\n|-resisted|p1a: Zapdos\n|-damage|p1a: Zapdos|35\/100\n|-heal|p2a: Frosmoth|42\/100|[from] drain|[of] p1a: Zapdos\n|\n|upkeep\n|turn|10\n|\n|t:|1700765862\n|switch|p1a: Goodra|Goodra-Hisui, F, tera:Water|52\/100\n|-damage|p1a: Goodra|40\/100|[from] Stealth Rock\n|switch|p2a: Tinkaton|Tinkaton, F|100\/100\n|-ability|p2a: Tinkaton|Mold Breaker\n|\n|upkeep\n|turn|11\n|\n|t:|1700765868\n|move|p2a: Tinkaton|Knock Off|p1a: Goodra\n|-damage|p1a: Goodra|11\/100\n|-enditem|p1a: Goodra|Assault Vest|[from] move: Knock Off|[of] p2a: Tinkaton\n|-damage|p2a: Tinkaton|91\/100|[from] item: Life Orb\n|move|p1a: Goodra|Fire Blast|p2a: Tinkaton\n|-supereffective|p2a: Tinkaton\n|-damage|p2a: Tinkaton|30\/100\n|\n|upkeep\n|turn|12\n|\n|t:|1700765877\n|move|p2a: Tinkaton|Gigaton Hammer|p1a: Goodra\n|-resisted|p1a: Goodra\n|-damage|p1a: Goodra|0 fnt\n|faint|p1a: Goodra\n|-damage|p2a: Tinkaton|20\/100|[from] item: Life Orb\n|\n|upkeep\n|\n|t:|1700765879\n|switch|p1a: Ogerpon|Ogerpon-Wellspring, F|100\/100\n|-damage|p1a: Ogerpon|88\/100|[from] Stealth Rock\n|turn|13\n|\n|t:|1700765884\n|move|p2a: Tinkaton|Protect|p2a: Tinkaton\n|-singleturn|p2a: Tinkaton|Protect\n|move|p1a: Ogerpon|Swords Dance|p1a: Ogerpon\n|-boost|p1a: Ogerpon|atk|2\n|\n|upkeep\n|turn|14\n|\n|t:|1700765888\n|move|p1a: Ogerpon|Ivy Cudgel|p2a: Tinkaton|[anim] Ivy Cudgel Water\n|-damage|p2a: Tinkaton|0 fnt\n|faint|p2a: Tinkaton\n|\n|upkeep\n|\n|t:|1700765890\n|switch|p2a: Gallade|Gallade, M|100\/100\n|turn|15\n|\n|t:|1700765894\n|move|p2a: Gallade|Leaf Blade|p1a: Ogerpon\n|-damage|p1a: Ogerpon|32\/100\n|move|p1a: Ogerpon|Play Rough|p2a: Gallade\n|-supereffective|p2a: Gallade\n|-damage|p2a: Gallade|0 fnt\n|faint|p2a: Gallade\n|\n|upkeep\n|\n|t:|1700765897\n|switch|p2a: Ambipom|Ambipom, F|50\/100 par\n|turn|16\n|\n|t:|1700765902\n|move|p2a: Ambipom|Fake Out|p1a: Ogerpon\n|-damage|p1a: Ogerpon|0 fnt\n|faint|p1a: Ogerpon\n|\n|upkeep\n|\n|t:|1700765906\n|switch|p1a: Mienshao|Mienshao, F, shiny|100\/100\n|-damage|p1a: Mienshao|95\/100|[from] Stealth Rock\n|turn|17\n|\n|t:|1700765911\n|move|p1a: Mienshao|Fake Out|p2a: Ambipom\n|-damage|p2a: Ambipom|28\/100 par\n|cant|p2a: Ambipom|flinch\n|\n|upkeep\n|turn|18\n|\n|t:|1700765915\n|move|p1a: Mienshao|Knock Off|p2a: Ambipom\n|-damage|p2a: Ambipom|0 fnt\n|-enditem|p2a: Ambipom|Expert Belt|[from] move: Knock Off|[of] p1a: Mienshao\n|faint|p2a: Ambipom\n|\n|upkeep\n|\n|t:|1700765917\n|switch|p2a: Frosmoth|Frosmoth, F, tera:Water|42\/100\n|turn|19\n|\n|t:|1700765921\n|move|p1a: Mienshao|Close Combat|p2a: Frosmoth\n|-crit|p2a: Frosmoth\n|-damage|p2a: Frosmoth|0 fnt\n|-unboost|p1a: Mienshao|def|1\n|-unboost|p1a: Mienshao|spd|1\n|faint|p2a: Frosmoth\n|\n|win|pelukas\n|raw|pelukas's rating: 1097 &rarr; <strong>1116<\/strong><br \/>(+19 for winning)\n|raw|Ensndmdj's rating: 1000 &rarr; <strong>1000<\/strong><br \/>(+0 for losing)\n|l|\u2606Ensndmdj\n","uploadtime":1700765930,"views":12,"p1id":"pelukas","p2id":"ensndmdj","formatid":"gen9ou","rating":1000,"private":0,"password":""}