{"id":"gen9ou-1988895047","p1":"bebizz","p2":"thatkidmathis","format":"[Gen 9] OU","log":"|j|\u2606bebizz\n|j|\u2606thatkidmathis\n|t:|1699782966\n|gametype|singles\n|player|p1|bebizz|169|1250\n|player|p2|thatkidmathis|hugh|1344\n|teamsize|p1|6\n|teamsize|p2|6\n|gen|9\n|tier|[Gen 9] OU\n|rated|\n|rule|Sleep Clause Mod: Limit one foe put to sleep\n|rule|Species Clause: Limit one of each Pok\u00e9mon\n|rule|OHKO Clause: OHKO moves are banned\n|rule|Evasion Items Clause: Evasion items are banned\n|rule|Evasion Moves Clause: Evasion moves are banned\n|rule|Endless Battle Clause: Forcing endless battles is banned\n|rule|HP Percentage Mod: HP is shown in percentages\n|clearpoke\n|poke|p1|Garganacl, F|\n|poke|p1|Kingambit, F|\n|poke|p1|Ogerpon-Wellspring, F|\n|poke|p1|Gholdengo|\n|poke|p1|Toxapex, M|\n|poke|p1|Dragonite, M|\n|poke|p2|Grimmsnarl, M|\n|poke|p2|Walking Wake|\n|poke|p2|Tornadus-Therian, M|\n|poke|p2|Cinderace, F|\n|poke|p2|Dragapult, F|\n|poke|p2|Zamazenta-*|\n|teampreview\n|\n|t:|1699782973\n|start\n|switch|p1a: Kingambit|Kingambit, F|100\/100\n|switch|p2a: Grimmsnarl|Grimmsnarl, M|100\/100\n|turn|1\n|inactive|Battle timer is ON: inactive players will automatically lose when time's up. (requested by bebizz)\n|\n|t:|1699782979\n|move|p2a: Grimmsnarl|Thunder Wave|p1a: Kingambit\n|-hint|Since gen 7, Dark is immune to Prankster moves.\n|-immune|p1a: Kingambit\n|move|p1a: Kingambit|Swords Dance|p1a: Kingambit\n|-boost|p1a: Kingambit|atk|2\n|\n|upkeep\n|turn|2\n|\n|t:|1699782989\n|switch|p2a: Cinderace|Cinderace, F|100\/100\n|move|p1a: Kingambit|Iron Head|p2a: Cinderace\n|-resisted|p2a: Cinderace\n|-damage|p2a: Cinderace|21\/100\n|-damage|p1a: Kingambit|91\/100|[from] item: Life Orb\n|\n|upkeep\n|turn|3\n|\n|t:|1699782993\n|move|p1a: Kingambit|Sucker Punch||[still]\n|-fail|p1a: Kingambit\n|move|p2a: Cinderace|Will-O-Wisp|p1a: Kingambit\n|-status|p1a: Kingambit|brn\n|\n|-damage|p1a: Kingambit|84\/100 brn|[from] brn\n|upkeep\n|turn|4\n|\n|t:|1699782999\n|switch|p2a: Zamazenta|Zamazenta|100\/100\n|-ability|p2a: Zamazenta|Dauntless Shield|boost\n|-boost|p2a: Zamazenta|def|1\n|move|p1a: Kingambit|Sucker Punch||[still]\n|-fail|p1a: Kingambit\n|\n|-damage|p1a: Kingambit|78\/100 brn|[from] brn\n|upkeep\n|turn|5\n|\n|t:|1699783005\n|move|p2a: Zamazenta|Iron Defense|p2a: Zamazenta\n|-boost|p2a: Zamazenta|def|2\n|move|p1a: Kingambit|Swords Dance|p1a: Kingambit\n|-boost|p1a: Kingambit|atk|2\n|\n|-damage|p1a: Kingambit|72\/100 brn|[from] brn\n|upkeep\n|turn|6\n|\n|t:|1699783010\n|move|p2a: Zamazenta|Body Press|p1a: Kingambit\n|-supereffective|p1a: Kingambit\n|-damage|p1a: Kingambit|0 fnt\n|faint|p1a: Kingambit\n|-end|p1a: Kingambit|fallenundefined|[silent]\n|\n|upkeep\n|\n|t:|1699783018\n|switch|p1a: Gholdengo|Gholdengo|100\/100\n|turn|7\n|\n|t:|1699783022\n|-terastallize|p1a: Gholdengo|Steel\n|move|p1a: Gholdengo|Make It Rain|p2a: Zamazenta\n|-damage|p2a: Zamazenta|14\/100\n|-unboost|p1a: Gholdengo|spa|1\n|move|p2a: Zamazenta|Crunch|p1a: Gholdengo\n|-damage|p1a: Gholdengo|76\/100\n|\n|-heal|p2a: Zamazenta|20\/100|[from] item: Leftovers\n|upkeep\n|turn|8\n|\n|t:|1699783028\n|move|p1a: Gholdengo|Make It Rain|p2a: Zamazenta\n|-damage|p2a: Zamazenta|0 fnt\n|-unboost|p1a: Gholdengo|spa|1\n|faint|p2a: Zamazenta\n|\n|upkeep\n|\n|t:|1699783041\n|switch|p2a: Tornadus|Tornadus-Therian, M|100\/100\n|turn|9\n|\n|t:|1699783045\n|switch|p1a: Toxapex|Toxapex, M|100\/100\n|move|p2a: Tornadus|Focus Blast|p1a: Toxapex\n|-resisted|p1a: Toxapex\n|-damage|p1a: Toxapex|91\/100\n|\n|-heal|p1a: Toxapex|98\/100|[from] item: Black Sludge\n|upkeep\n|turn|10\n|\n|t:|1699783048\n|move|p2a: Tornadus|Knock Off|p1a: Toxapex\n|-damage|p1a: Toxapex|82\/100\n|-enditem|p1a: Toxapex|Black Sludge|[from] move: Knock Off|[of] p2a: Tornadus\n|move|p1a: Toxapex|Toxic Spikes|p2a: Tornadus\n|-sidestart|p2: thatkidmathis|move: Toxic Spikes\n|\n|upkeep\n|turn|11\n|\n|t:|1699783054\n|move|p2a: Tornadus|Bleakwind Storm|p1a: Toxapex\n|-damage|p1a: Toxapex|59\/100\n|-unboost|p1a: Toxapex|spe|1\n|move|p1a: Toxapex|Toxic Spikes|p2a: Tornadus\n|-sidestart|p2: thatkidmathis|move: Toxic Spikes\n|\n|upkeep\n|turn|12\n|\n|t:|1699783059\n|move|p2a: Tornadus|Bleakwind Storm|p1a: Toxapex\n|-damage|p1a: Toxapex|36\/100\n|move|p1a: Toxapex|Recover|p1a: Toxapex\n|-heal|p1a: Toxapex|86\/100\n|\n|upkeep\n|turn|13\n|\n|t:|1699783071\n|move|p2a: Tornadus|U-turn|p1a: Toxapex\n|-resisted|p1a: Toxapex\n|-damage|p1a: Toxapex|80\/100\n|\n|t:|1699783078\n|switch|p2a: Cinderace|Cinderace, F|21\/100|[from] U-turn\n|move|p1a: Toxapex|Recover|p1a: Toxapex\n|-heal|p1a: Toxapex|100\/100\n|\n|upkeep\n|turn|14\n|\n|t:|1699783088\n|switch|p1a: Garganacl|Garganacl, F|100\/100\n|move|p2a: Cinderace|Court Change|p2a: Cinderace\n|-swapsideconditions\n|-activate|p2a: Cinderace|move: Court Change\n|\n|upkeep\n|turn|15\n|\n|t:|1699783093\n|move|p2a: Cinderace|Will-O-Wisp|p1a: Garganacl\n|-immune|p1a: Garganacl|[from] ability: Purifying Salt\n|move|p1a: Garganacl|Salt Cure|p2a: Cinderace\n|-supereffective|p2a: Cinderace\n|-crit|p2a: Cinderace\n|-damage|p2a: Cinderace|0 fnt\n|faint|p2a: Cinderace\n|\n|upkeep\n|\n|t:|1699783102\n|switch|p2a: Walking Wake|Walking Wake|100\/100\n|turn|16\n|\n|t:|1699783106\n|switch|p1a: Ogerpon|Ogerpon-Wellspring, F|100\/100\n|-status|p1a: Ogerpon|tox\n|move|p2a: Walking Wake|Hydro Steam|p1a: Ogerpon\n|-immune|p1a: Ogerpon|[from] ability: Water Absorb\n|\n|-damage|p1a: Ogerpon|95\/100 tox|[from] psn\n|upkeep\n|turn|17\n|\n|t:|1699783110\n|move|p1a: Ogerpon|Horn Leech|p2a: Walking Wake\n|-damage|p2a: Walking Wake|51\/100\n|-heal|p1a: Ogerpon|100\/100 tox|[from] drain|[of] p2a: Walking Wake\n|move|p2a: Walking Wake|Dragon Pulse|p1a: Ogerpon\n|-damage|p1a: Ogerpon|49\/100 tox\n|\n|-damage|p1a: Ogerpon|37\/100 tox|[from] psn\n|upkeep\n|turn|18\n|\n|t:|1699783120\n|-end|p2a: Walking Wake|Protosynthesis|[silent]\n|switch|p2a: Tornadus|Tornadus-Therian, M|100\/100\n|move|p1a: Ogerpon|Horn Leech|p2a: Tornadus\n|-resisted|p2a: Tornadus\n|-damage|p2a: Tornadus|76\/100\n|-heal|p1a: Ogerpon|51\/100 tox|[from] drain|[of] p2a: Tornadus\n|\n|-damage|p1a: Ogerpon|33\/100 tox|[from] psn\n|upkeep\n|turn|19\n|\n|t:|1699783125\n|move|p2a: Tornadus|U-turn|p1a: Ogerpon\n|-supereffective|p1a: Ogerpon\n|-damage|p1a: Ogerpon|0 fnt\n|faint|p1a: Ogerpon\n|\n|t:|1699783139\n|switch|p2a: Grimmsnarl|Grimmsnarl, M|100\/100|[from] U-turn\n|\n|upkeep\n|\n|t:|1699783144\n|switch|p1a: Toxapex|Toxapex, M|100\/100\n|-sideend|p1: bebizz|move: Toxic Spikes|[of] p1a: Toxapex\n|turn|20\n|\n|t:|1699783147\n|move|p2a: Grimmsnarl|Thunder Wave|p1a: Toxapex\n|-status|p1a: Toxapex|par\n|move|p1a: Toxapex|Toxic Spikes|p2a: Grimmsnarl\n|-sidestart|p2: thatkidmathis|move: Toxic Spikes\n|\n|upkeep\n|turn|21\n|\n|t:|1699783149\n|move|p2a: Grimmsnarl|Taunt|p1a: Toxapex\n|-start|p1a: Toxapex|move: Taunt\n|cant|p1a: Toxapex|move: Taunt|Toxic Spikes\n|\n|upkeep\n|turn|22\n|\n|t:|1699783153\n|switch|p1a: Garganacl|Garganacl, F|100\/100\n|move|p2a: Grimmsnarl|Spirit Break|p1a: Garganacl\n|-damage|p1a: Garganacl|84\/100\n|-unboost|p1a: Garganacl|spa|1\n|-damage|p2a: Grimmsnarl|84\/100|[from] item: Rocky Helmet|[of] p1a: Garganacl\n|\n|upkeep\n|turn|23\n|\n|t:|1699783161\n|move|p2a: Grimmsnarl|Taunt|p1a: Garganacl\n|-start|p1a: Garganacl|move: Taunt\n|move|p1a: Garganacl|Salt Cure|p2a: Grimmsnarl\n|-damage|p2a: Grimmsnarl|72\/100\n|-start|p2a: Grimmsnarl|Salt Cure\n|\n|-damage|p2a: Grimmsnarl|60\/100|[from] Salt Cure\n|upkeep\n|turn|24\n|\n|t:|1699783165\n|move|p2a: Grimmsnarl|Parting Shot|p1a: Garganacl\n|-unboost|p1a: Garganacl|atk|1\n|-unboost|p1a: Garganacl|spa|1\n|\n|t:|1699783170\n|switch|p2a: Walking Wake|Walking Wake|51\/100|[from] Parting Shot\n|-status|p2a: Walking Wake|psn\n|move|p1a: Garganacl|Body Press|p2a: Walking Wake\n|-damage|p2a: Walking Wake|17\/100 psn\n|\n|-damage|p2a: Walking Wake|5\/100 psn|[from] psn\n|upkeep\n|turn|25\n|\n|t:|1699783179\n|switch|p1a: Toxapex|Toxapex, M|100\/100 par\n|move|p2a: Walking Wake|Hydro Steam|p1a: Toxapex\n|-resisted|p1a: Toxapex\n|-damage|p1a: Toxapex|87\/100 par\n|\n|-damage|p2a: Walking Wake|0 fnt|[from] psn\n|faint|p2a: Walking Wake\n|-end|p2a: Walking Wake|Protosynthesis|[silent]\n|upkeep\n|\n|t:|1699783185\n|switch|p2a: Dragapult|Dragapult, F|100\/100\n|-status|p2a: Dragapult|psn\n|turn|26\n|\n|t:|1699783191\n|move|p2a: Dragapult|Dragon Dance|p2a: Dragapult\n|-boost|p2a: Dragapult|atk|1\n|-boost|p2a: Dragapult|spe|1\n|move|p1a: Toxapex|Haze|p1a: Toxapex\n|-clearallboost\n|\n|-damage|p2a: Dragapult|88\/100 psn|[from] psn\n|upkeep\n|turn|27\n|\n|t:|1699783194\n|move|p1a: Toxapex|Baneful Bunker|p1a: Toxapex\n|-singleturn|p1a: Toxapex|move: Protect\n|move|p2a: Dragapult|Dragon Dance|p2a: Dragapult\n|-boost|p2a: Dragapult|atk|1\n|-boost|p2a: Dragapult|spe|1\n|\n|-heal|p2a: Dragapult|94\/100 psn|[from] item: Leftovers\n|-damage|p2a: Dragapult|82\/100 psn|[from] psn\n|upkeep\n|turn|28\n|\n|t:|1699783196\n|move|p2a: Dragapult|Psychic Fangs|p1a: Toxapex\n|-supereffective|p1a: Toxapex\n|-damage|p1a: Toxapex|14\/100 par\n|move|p1a: Toxapex|Haze|p1a: Toxapex\n|-clearallboost\n|\n|-heal|p2a: Dragapult|88\/100 psn|[from] item: Leftovers\n|-damage|p2a: Dragapult|76\/100 psn|[from] psn\n|upkeep\n|turn|29\n|\n|t:|1699783202\n|move|p2a: Dragapult|Psychic Fangs|p1a: Toxapex\n|-supereffective|p1a: Toxapex\n|-damage|p1a: Toxapex|0 fnt\n|faint|p1a: Toxapex\n|\n|-heal|p2a: Dragapult|82\/100 psn|[from] item: Leftovers\n|-damage|p2a: Dragapult|69\/100 psn|[from] psn\n|upkeep\n|\n|t:|1699783208\n|switch|p1a: Gholdengo|Gholdengo, tera:Steel|76\/100\n|turn|30\n|\n|t:|1699783238\n|switch|p2a: Tornadus|Tornadus-Therian, M|100\/100\n|move|p1a: Gholdengo|Shadow Ball|p2a: Tornadus\n|-damage|p2a: Tornadus|53\/100\n|\n|upkeep\n|turn|31\n|\n|t:|1699783247\n|switch|p1a: Garganacl|Garganacl, F|84\/100\n|move|p2a: Tornadus|Focus Blast|p1a: Garganacl\n|-supereffective|p1a: Garganacl\n|-damage|p1a: Garganacl|34\/100\n|\n|upkeep\n|turn|32\n|\n|t:|1699783253\n|move|p2a: Tornadus|Focus Blast|p1a: Garganacl\n|-supereffective|p1a: Garganacl\n|-damage|p1a: Garganacl|0 fnt\n|faint|p1a: Garganacl\n|\n|upkeep\n|\n|t:|1699783260\n|switch|p1a: Dragonite|Dragonite, M|100\/100\n|turn|33\n|inactive|thatkidmathis has 120 seconds left.\n|inactive|thatkidmathis has 90 seconds left.\n|n|!bebizz|bebizz\n|inactive|thatkidmathis has 60 seconds left.\n|\n|t:|1699783360\n|move|p2a: Tornadus|Knock Off|p1a: Dragonite\n|-damage|p1a: Dragonite|90\/100\n|-enditem|p1a: Dragonite|Leftovers|[from] move: Knock Off|[of] p2a: Tornadus\n|move|p1a: Dragonite|Dragon Dance|p1a: Dragonite\n|-boost|p1a: Dragonite|atk|1\n|-boost|p1a: Dragonite|spe|1\n|\n|upkeep\n|turn|34\n|inactive|thatkidmathis has 60 seconds left.\n|\n|t:|1699783368\n|move|p1a: Dragonite|Extreme Speed|p2a: Tornadus\n|-damage|p2a: Tornadus|3\/100\n|move|p2a: Tornadus|Bleakwind Storm|p1a: Dragonite\n|-damage|p1a: Dragonite|51\/100\n|\n|upkeep\n|turn|35\n|\n|t:|1699783374\n|move|p1a: Dragonite|Extreme Speed|p2a: Tornadus\n|-damage|p2a: Tornadus|0 fnt\n|faint|p2a: Tornadus\n|\n|upkeep\n|\n|t:|1699783377\n|switch|p2a: Grimmsnarl|Grimmsnarl, M|60\/100\n|-status|p2a: Grimmsnarl|psn\n|turn|36\n|\n|t:|1699783381\n|move|p2a: Grimmsnarl|Thunder Wave|p1a: Dragonite\n|-status|p1a: Dragonite|par\n|move|p1a: Dragonite|Earthquake|p2a: Grimmsnarl\n|-damage|p2a: Grimmsnarl|11\/100 psn\n|\n|-damage|p2a: Grimmsnarl|0 fnt|[from] psn\n|faint|p2a: Grimmsnarl\n|upkeep\n|\n|t:|1699783386\n|switch|p2a: Dragapult|Dragapult, F|69\/100 psn\n|turn|37\n|\n|t:|1699783399\n|move|p2a: Dragapult|Dragon Darts|p1a: Dragonite\n|-supereffective|p1a: Dragonite\n|-damage|p1a: Dragonite|0 fnt\n|faint|p1a: Dragonite\n|\n|-heal|p2a: Dragapult|75\/100 psn|[from] item: Leftovers\n|-damage|p2a: Dragapult|63\/100 psn|[from] psn\n|upkeep\n|\n|t:|1699783407\n|switch|p1a: Gholdengo|Gholdengo, tera:Steel|76\/100\n|turn|38\n|\n|t:|1699783410\n|move|p1a: Gholdengo|Shadow Ball|p2a: Dragapult\n|-supereffective|p2a: Dragapult\n|-damage|p2a: Dragapult|0 fnt\n|faint|p2a: Dragapult\n|\n|win|bebizz\n|raw|bebizz's rating: 1250 &rarr; <strong>1282<\/strong><br \/>(+32 for winning)\n|raw|thatkidmathis's rating: 1344 &rarr; <strong>1319<\/strong><br \/>(-25 for losing)\n","uploadtime":1699783329,"views":10,"p1id":"bebizz","p2id":"thatkidmathis","formatid":"gen9ou","rating":1282,"private":0,"password":""}