{"id":"gen9ou-1995335245","p1":"geniebara","p2":"madzatter","format":"[Gen 9] OU","log":"|j|\u2606geniebara\n|j|\u2606madzatter\n|t:|1700555636\n|gametype|singles\n|player|p1|geniebara|pokekid|1110\n|player|p2|madzatter|hilbert|1076\n|teamsize|p1|6\n|teamsize|p2|6\n|gen|9\n|tier|[Gen 9] OU\n|rated|\n|rule|Sleep Clause Mod: Limit one foe put to sleep\n|rule|Species Clause: Limit one of each Pok\u00e9mon\n|rule|OHKO Clause: OHKO moves are banned\n|rule|Evasion Items Clause: Evasion items are banned\n|rule|Evasion Moves Clause: Evasion moves are banned\n|rule|Endless Battle Clause: Forcing endless battles is banned\n|rule|HP Percentage Mod: HP is shown in percentages\n|clearpoke\n|poke|p1|Oricorio, F|\n|poke|p1|Alomomola, F|\n|poke|p1|Mienshao, M|\n|poke|p1|Greninja-*, M|\n|poke|p1|Rillaboom, F|\n|poke|p1|Great Tusk|\n|poke|p2|Corviknight, F|\n|poke|p2|Ogerpon-Wellspring, F|\n|poke|p2|Kingambit, F|\n|poke|p2|Great Tusk|\n|poke|p2|Iron Valiant|\n|poke|p2|Ninetales-Alola, F|\n|teampreview\n|\n|t:|1700555648\n|start\n|switch|p1a: Oricorio|Oricorio, F, shiny|100\/100\n|switch|p2a: Ninetales|Ninetales-Alola, F|100\/100\n|-weather|Snow|[from] ability: Snow Warning|[of] p2a: Ninetales\n|turn|1\n|inactive|Battle timer is ON: inactive players will automatically lose when time's up. (requested by geniebara)\n|\n|t:|1700555658\n|move|p2a: Ninetales|Aurora Veil|p2a: Ninetales\n|-sidestart|p2: madzatter|move: Aurora Veil\n|move|p1a: Oricorio|Quiver Dance|p1a: Oricorio\n|-boost|p1a: Oricorio|spa|1\n|-boost|p1a: Oricorio|spd|1\n|-boost|p1a: Oricorio|spe|1\n|\n|-weather|Snow|[upkeep]\n|upkeep\n|turn|2\n|\n|t:|1700555661\n|move|p1a: Oricorio|Quiver Dance|p1a: Oricorio\n|-boost|p1a: Oricorio|spa|1\n|-boost|p1a: Oricorio|spd|1\n|-boost|p1a: Oricorio|spe|1\n|move|p2a: Ninetales|Encore|p1a: Oricorio\n|-start|p1a: Oricorio|Encore\n|\n|-weather|Snow|[upkeep]\n|upkeep\n|turn|3\n|\n|t:|1700555670\n|switch|p2a: Ogerpon|Ogerpon-Wellspring, F|100\/100\n|move|p1a: Oricorio|Quiver Dance|p1a: Oricorio\n|-boost|p1a: Oricorio|spa|1\n|-boost|p1a: Oricorio|spd|1\n|-boost|p1a: Oricorio|spe|1\n|\n|-weather|Snow|[upkeep]\n|upkeep\n|turn|4\n|\n|t:|1700555674\n|-terastallize|p1a: Oricorio|Water\n|move|p1a: Oricorio|Quiver Dance|p1a: Oricorio\n|-boost|p1a: Oricorio|spa|1\n|-boost|p1a: Oricorio|spd|1\n|-boost|p1a: Oricorio|spe|1\n|move|p2a: Ogerpon|Ivy Cudgel|p1a: Oricorio|[anim] Ivy Cudgel Water\n|-resisted|p1a: Oricorio\n|-damage|p1a: Oricorio|55\/100\n|\n|-weather|Snow|[upkeep]\n|-heal|p1a: Oricorio|61\/100|[from] item: Leftovers\n|upkeep\n|turn|5\n|\n|t:|1700555677\n|move|p1a: Oricorio|Quiver Dance|p1a: Oricorio\n|-boost|p1a: Oricorio|spa|1\n|-boost|p1a: Oricorio|spd|1\n|-boost|p1a: Oricorio|spe|1\n|move|p2a: Ogerpon|Horn Leech|p1a: Oricorio\n|-supereffective|p1a: Oricorio\n|-damage|p1a: Oricorio|0 fnt\n|faint|p1a: Oricorio\n|\n|-weather|none\n|upkeep\n|-message|geniebara forfeited.\n|\n|win|madzatter\n|raw|geniebara's rating: 1110 &rarr; <strong>1083<\/strong><br \/>(-27 for losing)\n|raw|madzatter's rating: 1076 &rarr; <strong>1107<\/strong><br \/>(+31 for winning)\n|l|\u2606geniebara\n","uploadtime":1700555696,"views":3,"p1id":"geniebara","p2id":"madzatter","formatid":"gen9ou","rating":1083,"private":0,"password":""}