{"id":"gen9ou-1996818812","p1":"tryna cook","p2":"yung taco","format":"[Gen 9] OU","log":"|j|\u2606tryna cook\n|j|\u2606yung taco\n|t:|1700730404\n|gametype|singles\n|player|p1|tryna cook|acetrainersnowf|1605\n|player|p2|yung taco|swimmerf|1504\n|teamsize|p1|6\n|teamsize|p2|6\n|gen|9\n|tier|[Gen 9] OU\n|rated|\n|rule|Sleep Clause Mod: Limit one foe put to sleep\n|rule|Species Clause: Limit one of each Pok\u00e9mon\n|rule|OHKO Clause: OHKO moves are banned\n|rule|Evasion Items Clause: Evasion items are banned\n|rule|Evasion Moves Clause: Evasion moves are banned\n|rule|Endless Battle Clause: Forcing endless battles is banned\n|rule|HP Percentage Mod: HP is shown in percentages\n|clearpoke\n|poke|p1|Ceruledge, M|\n|poke|p1|Corviknight, F|\n|poke|p1|Slowking-Galar, M|\n|poke|p1|Landorus-Therian, M|\n|poke|p1|Dragonite, M|\n|poke|p1|Kingambit, F|\n|poke|p2|Heatran, F|\n|poke|p2|Tornadus-Therian, M|\n|poke|p2|Ogerpon-Cornerstone, F|\n|poke|p2|Great Tusk|\n|poke|p2|Hatterene, F|\n|poke|p2|Toxapex, F|\n|teampreview\n|inactive|Battle timer is ON: inactive players will automatically lose when time's up. (requested by yung taco)\n|\n|t:|1700730428\n|start\n|switch|p1a: Landorus|Landorus-Therian, M|100\/100\n|switch|p2a: Ben|Great Tusk, shiny|100\/100\n|-ability|p1a: Landorus|Intimidate|boost\n|-unboost|p2a: Ben|atk|1\n|turn|1\n|\n|t:|1700730439\n|switch|p1a: Corviknight|Corviknight, F|100\/100\n|-ability|p1a: Corviknight|Pressure\n|-end|p2a: Ben|Protosynthesis|[silent]\n|switch|p2a: Trish|Hatterene, F|100\/100\n|\n|upkeep\n|turn|2\n|j| AntiDinkus\n|\n|t:|1700730448\n|move|p1a: Corviknight|U-turn|p2a: Trish\n|-damage|p2a: Trish|89\/100\n|\n|t:|1700730451\n|switch|p1a: Slowking|Slowking-Galar, M|100\/100|[from] U-turn\n|move|p2a: Trish|Nuzzle|p1a: Slowking\n|-damage|p1a: Slowking|97\/100\n|-status|p1a: Slowking|par\n|\n|-heal|p2a: Trish|95\/100|[from] item: Leftovers\n|upkeep\n|turn|3\n|\n|t:|1700730458\n|switch|p2a: He Ran|Heatran, F|100\/100\n|move|p1a: Slowking|Chilly Reception|p1a: Slowking\n|-weather|Snow\n|\n|t:|1700730464\n|switch|p1a: Landorus|Landorus-Therian, M|100\/100|[from] Chilly Reception\n|-ability|p1a: Landorus|Intimidate|boost\n|-unboost|p2a: He Ran|atk|1\n|\n|-weather|Snow|[upkeep]\n|upkeep\n|turn|4\n|\n|t:|1700730473\n|switch|p2a: Trish|Hatterene, F|95\/100\n|move|p1a: Landorus|U-turn|p2a: Trish\n|-damage|p2a: Trish|75\/100\n|\n|t:|1700730489\n|switch|p1a: Ceruledge|Ceruledge, M|100\/100|[from] U-turn\n|\n|-weather|Snow|[upkeep]\n|-heal|p2a: Trish|81\/100|[from] item: Leftovers\n|upkeep\n|turn|5\n|\n|t:|1700730502\n|move|p1a: Ceruledge|Poltergeist|p2a: Trish\n|-activate|p2a: Trish|move: Poltergeist|Leftovers\n|-supereffective|p2a: Trish\n|-damage|p2a: Trish|0 fnt\n|faint|p2a: Trish\n|\n|-weather|Snow|[upkeep]\n|upkeep\n|\n|t:|1700730516\n|switch|p2a: Ben|Great Tusk, shiny|100\/100\n|turn|6\n|\n|t:|1700730524\n|switch|p1a: Corviknight|Corviknight, F|100\/100\n|-ability|p1a: Corviknight|Pressure\n|move|p2a: Ben|Earthquake|p1a: Corviknight\n|-immune|p1a: Corviknight\n|\n|-weather|Snow|[upkeep]\n|upkeep\n|turn|7\n|\n|t:|1700730527\n|move|p2a: Ben|Stealth Rock|p1a: Corviknight\n|-sidestart|p1: tryna cook|move: Stealth Rock\n|move|p1a: Corviknight|U-turn|p2a: Ben\n|-resisted|p2a: Ben\n|-damage|p2a: Ben|97\/100\n|\n|t:|1700730535\n|switch|p1a: Landorus|Landorus-Therian, M|100\/100|[from] U-turn\n|-damage|p1a: Landorus|88\/100|[from] Stealth Rock\n|-ability|p1a: Landorus|Intimidate|boost\n|-unboost|p2a: Ben|atk|1\n|\n|-weather|none\n|-heal|p1a: Landorus|94\/100|[from] item: Leftovers\n|-heal|p2a: Ben|100\/100|[from] item: Leftovers\n|upkeep\n|turn|8\n|\n|t:|1700730545\n|-end|p2a: Ben|Protosynthesis|[silent]\n|switch|p2a: He Ran|Heatran, F|100\/100\n|move|p1a: Landorus|U-turn|p2a: He Ran\n|-resisted|p2a: He Ran\n|-damage|p2a: He Ran|96\/100\n|\n|t:|1700730550\n|switch|p1a: Dragonite|Dragonite, M|100\/100|[from] U-turn\n|\n|-heal|p2a: He Ran|100\/100|[from] item: Leftovers\n|upkeep\n|turn|9\n|\n|t:|1700730556\n|switch|p2a: Gold|Tornadus-Therian, M|100\/100\n|move|p1a: Dragonite|Draco Meteor|p2a: Gold\n|-damage|p2a: Gold|64\/100\n|-unboost|p1a: Dragonite|spa|2\n|\n|upkeep\n|turn|10\n|\n|t:|1700730567\n|switch|p1a: Slowking|Slowking-Galar, M|100\/100 par\n|move|p2a: Gold|Knock Off|p1a: Slowking\n|-supereffective|p1a: Slowking\n|-crit|p1a: Slowking\n|-damage|p1a: Slowking|36\/100 par\n|-enditem|p1a: Slowking|Heavy-Duty Boots|[from] move: Knock Off|[of] p2a: Gold\n|\n|upkeep\n|turn|11\n|\n|t:|1700730581\n|switch|p1a: Landorus|Landorus-Therian, M|94\/100\n|-damage|p1a: Landorus|82\/100|[from] Stealth Rock\n|-ability|p1a: Landorus|Intimidate|boost\n|-unboost|p2a: Gold|atk|1\n|move|p2a: Gold|Knock Off|p1a: Landorus\n|-damage|p1a: Landorus|69\/100\n|-enditem|p1a: Landorus|Leftovers|[from] move: Knock Off|[of] p2a: Gold\n|\n|upkeep\n|turn|12\n|\n|t:|1700730603\n|switch|p2a: He Ran|Heatran, F|100\/100\n|move|p1a: Landorus|Stealth Rock|p2a: He Ran\n|-sidestart|p2: yung taco|move: Stealth Rock\n|\n|upkeep\n|turn|13\n|\n|t:|1700730614\n|switch|p2a: Ben|Great Tusk, shiny|100\/100\n|-damage|p2a: Ben|97\/100|[from] Stealth Rock\n|move|p1a: Landorus|Earthquake|p2a: Ben\n|-damage|p2a: Ben|76\/100\n|\n|-heal|p2a: Ben|82\/100|[from] item: Leftovers\n|upkeep\n|turn|14\n|j| atec123\n|\n|t:|1700730622\n|move|p1a: Landorus|Grass Knot|p2a: Ben\n|-supereffective|p2a: Ben\n|-damage|p2a: Ben|15\/100\n|move|p2a: Ben|Earthquake|p1a: Landorus\n|-immune|p1a: Landorus\n|\n|-heal|p2a: Ben|21\/100|[from] item: Leftovers\n|upkeep\n|turn|15\n|\n|t:|1700730635\n|-end|p2a: Ben|Protosynthesis|[silent]\n|switch|p2a: Gold|Tornadus-Therian, M|97\/100\n|-damage|p2a: Gold|72\/100|[from] Stealth Rock\n|move|p1a: Landorus|Grass Knot|p2a: Gold\n|-resisted|p2a: Gold\n|-damage|p2a: Gold|67\/100\n|\n|upkeep\n|turn|16\n|\n|t:|1700730641\n|move|p2a: Gold|Bleakwind Storm|p1a: Landorus\n|-damage|p1a: Landorus|32\/100\n|move|p1a: Landorus|U-turn|p2a: Gold\n|-resisted|p2a: Gold\n|-damage|p2a: Gold|54\/100\n|\n|t:|1700730663\n|switch|p1a: Kingambit|Kingambit, F|100\/100|[from] U-turn\n|-damage|p1a: Kingambit|94\/100|[from] Stealth Rock\n|\n|-heal|p1a: Kingambit|100\/100|[from] item: Leftovers\n|upkeep\n|turn|17\n|\n|t:|1700730674\n|move|p2a: Gold|Heat Wave|p1a: Kingambit\n|-supereffective|p1a: Kingambit\n|-damage|p1a: Kingambit|57\/100\n|move|p1a: Kingambit|Kowtow Cleave|p2a: Gold\n|-damage|p2a: Gold|0 fnt\n|faint|p2a: Gold\n|\n|-heal|p1a: Kingambit|63\/100|[from] item: Leftovers\n|upkeep\n|\n|t:|1700730687\n|switch|p2a: Ben|Great Tusk, shiny|21\/100\n|-damage|p2a: Ben|18\/100|[from] Stealth Rock\n|turn|18\n|\n|t:|1700730697\n|-end|p1a: Kingambit|fallenundefined|[silent]\n|switch|p1a: Corviknight|Corviknight, F|100\/100\n|-damage|p1a: Corviknight|88\/100|[from] Stealth Rock\n|-ability|p1a: Corviknight|Pressure\n|move|p2a: Ben|Rapid Spin|p1a: Corviknight\n|-resisted|p1a: Corviknight\n|-damage|p1a: Corviknight|83\/100\n|-boost|p2a: Ben|spe|1\n|-sideend|p2: yung taco|Stealth Rock|[from] move: Rapid Spin|[of] p2a: Ben\n|\n|-heal|p2a: Ben|24\/100|[from] item: Leftovers\n|-heal|p1a: Corviknight|89\/100|[from] item: Leftovers\n|upkeep\n|turn|19\n|\n|t:|1700730705\n|-end|p2a: Ben|Protosynthesis|[silent]\n|switch|p2a: He Ran|Heatran, F|100\/100\n|move|p1a: Corviknight|Body Press|p2a: He Ran\n|-supereffective|p2a: He Ran\n|-damage|p2a: He Ran|57\/100\n|\n|-heal|p2a: He Ran|64\/100|[from] item: Leftovers\n|-heal|p1a: Corviknight|96\/100|[from] item: Leftovers\n|upkeep\n|turn|20\n|\n|t:|1700730720\n|switch|p1a: Slowking|Slowking-Galar, M|69\/100 par\n|-damage|p1a: Slowking|57\/100 par|[from] Stealth Rock\n|move|p2a: He Ran|Protect||[still]\n|-fail|p2a: He Ran\n|\n|-heal|p2a: He Ran|70\/100|[from] item: Leftovers\n|upkeep\n|turn|21\n|\n|t:|1700730727\n|switch|p1a: Landorus|Landorus-Therian, M|32\/100\n|-damage|p1a: Landorus|20\/100|[from] Stealth Rock\n|-ability|p1a: Landorus|Intimidate|boost\n|-unboost|p2a: He Ran|atk|1\n|move|p2a: He Ran|Taunt|p1a: Landorus\n|-start|p1a: Landorus|move: Taunt\n|\n|-heal|p2a: He Ran|76\/100|[from] item: Leftovers\n|upkeep\n|turn|22\n|\n|t:|1700730736\n|move|p2a: He Ran|Protect|p2a: He Ran\n|-singleturn|p2a: He Ran|Protect\n|move|p1a: Landorus|Earthquake|p2a: He Ran\n|-activate|p2a: He Ran|move: Protect\n|\n|-heal|p2a: He Ran|82\/100|[from] item: Leftovers\n|upkeep\n|turn|23\n|\n|t:|1700730749\n|switch|p2a: Joeverpon|Ogerpon-Cornerstone, F|100\/100\n|move|p1a: Landorus|Earthquake|p2a: Joeverpon\n|-damage|p2a: Joeverpon|40\/100\n|\n|-end|p1a: Landorus|move: Taunt\n|upkeep\n|turn|24\n|\n|t:|1700730755\n|move|p2a: Joeverpon|Horn Leech|p1a: Landorus\n|-damage|p1a: Landorus|0 fnt\n|-heal|p2a: Joeverpon|53\/100|[from] drain|[of] p1a: Landorus\n|faint|p1a: Landorus\n|\n|upkeep\n|\n|t:|1700730772\n|switch|p1a: Corviknight|Corviknight, F|96\/100\n|-damage|p1a: Corviknight|83\/100|[from] Stealth Rock\n|-ability|p1a: Corviknight|Pressure\n|turn|25\n|\n|t:|1700730780\n|switch|p2a: Trisha|Toxapex, F|100\/100\n|move|p1a: Corviknight|Body Press|p2a: Trisha\n|-resisted|p2a: Trisha\n|-damage|p2a: Trisha|91\/100\n|\n|-heal|p1a: Corviknight|89\/100|[from] item: Leftovers\n|-heal|p2a: Trisha|97\/100|[from] item: Leftovers\n|upkeep\n|turn|26\n|\n|t:|1700730788\n|move|p1a: Corviknight|U-turn|p2a: Trisha\n|-resisted|p2a: Trisha\n|-damage|p2a: Trisha|92\/100\n|\n|t:|1700730790\n|switch|p1a: Slowking|Slowking-Galar, M|90\/100 par|[from] U-turn\n|-damage|p1a: Slowking|78\/100 par|[from] Stealth Rock\n|move|p2a: Trisha|Toxic Spikes|p1a: Slowking\n|-sidestart|p1: tryna cook|move: Toxic Spikes\n|\n|-heal|p2a: Trisha|98\/100|[from] item: Leftovers\n|upkeep\n|turn|27\n|\n|t:|1700730801\n|switch|p2a: He Ran|Heatran, F|82\/100\n|move|p1a: Slowking|Thunder Wave|p2a: He Ran\n|-status|p2a: He Ran|par\n|\n|-heal|p2a: He Ran|89\/100 par|[from] item: Leftovers\n|upkeep\n|turn|28\n|\n|t:|1700730821\n|move|p2a: He Ran|Taunt|p1a: Slowking\n|-start|p1a: Slowking|move: Taunt\n|cant|p1a: Slowking|move: Taunt|Chilly Reception\n|\n|-heal|p2a: He Ran|95\/100 par|[from] item: Leftovers\n|upkeep\n|turn|29\n|\n|t:|1700730827\n|switch|p1a: Dragonite|Dragonite, M|100\/100\n|move|p2a: He Ran|Magma Storm|p1a: Dragonite|[miss]\n|-miss|p2a: He Ran|p1a: Dragonite\n|\n|-heal|p2a: He Ran|100\/100 par|[from] item: Leftovers\n|upkeep\n|turn|30\n|\n|t:|1700730840\n|-terastallize|p2a: He Ran|Grass\n|move|p1a: Dragonite|Encore|p2a: He Ran\n|-start|p2a: He Ran|Encore\n|cant|p2a: He Ran|par\n|\n|upkeep\n|turn|31\n|\n|t:|1700730845\n|move|p1a: Dragonite|Hurricane|p2a: He Ran\n|-supereffective|p2a: He Ran\n|-damage|p2a: He Ran|34\/100 par\n|move|p2a: He Ran|Magma Storm|p1a: Dragonite\n|-resisted|p1a: Dragonite\n|-damage|p1a: Dragonite|91\/100\n|-activate|p1a: Dragonite|move: Magma Storm|[of] p2a: He Ran\n|\n|-heal|p2a: He Ran|40\/100 par|[from] item: Leftovers\n|-damage|p1a: Dragonite|79\/100|[from] move: Magma Storm|[partiallytrapped]\n|upkeep\n|turn|32\n|\n|t:|1700730860\n|switch|p2a: Trisha|Toxapex, F|100\/100\n|move|p1a: Dragonite|Roost|p1a: Dragonite\n|-heal|p1a: Dragonite|100\/100\n|-singleturn|p1a: Dragonite|move: Roost\n|\n|-end|p1a: Dragonite|Magma Storm|[partiallytrapped]|[silent]\n|upkeep\n|turn|33\n|\n|t:|1700730873\n|switch|p1a: Slowking|Slowking-Galar, M|100\/100 par\n|-damage|p1a: Slowking|88\/100 par|[from] Stealth Rock\n|-sideend|p1: tryna cook|move: Toxic Spikes|[of] p1a: Slowking\n|move|p2a: Trisha|Surf|p1a: Slowking\n|-damage|p1a: Slowking|77\/100 par\n|\n|upkeep\n|turn|34\n|\n|t:|1700730895\n|switch|p1a: Kingambit|Kingambit, F|63\/100\n|-damage|p1a: Kingambit|57\/100|[from] Stealth Rock\n|-activate|p1a: Kingambit|ability: Supreme Overlord\n|-start|p1a: Kingambit|fallen1|[silent]\n|move|p2a: Trisha|Surf|p1a: Kingambit\n|-damage|p1a: Kingambit|38\/100\n|\n|-heal|p1a: Kingambit|44\/100|[from] item: Leftovers\n|upkeep\n|turn|35\n|\n|t:|1700730903\n|move|p1a: Kingambit|Swords Dance|p1a: Kingambit\n|-boost|p1a: Kingambit|atk|2\n|move|p2a: Trisha|Haze|p2a: Trisha\n|-clearallboost\n|\n|-heal|p1a: Kingambit|50\/100|[from] item: Leftovers\n|upkeep\n|turn|36\n|\n|t:|1700730906\n|move|p1a: Kingambit|Swords Dance|p1a: Kingambit\n|-boost|p1a: Kingambit|atk|2\n|move|p2a: Trisha|Surf|p1a: Kingambit\n|-damage|p1a: Kingambit|31\/100\n|\n|-heal|p1a: Kingambit|37\/100|[from] item: Leftovers\n|upkeep\n|turn|37\n|\n|t:|1700730910\n|move|p1a: Kingambit|Kowtow Cleave|p2a: Trisha\n|-damage|p2a: Trisha|23\/100\n|move|p2a: Trisha|Haze|p2a: Trisha\n|-clearallboost\n|\n|-heal|p1a: Kingambit|44\/100|[from] item: Leftovers\n|-heal|p2a: Trisha|29\/100|[from] item: Leftovers\n|upkeep\n|turn|38\n|\n|t:|1700730916\n|switch|p2a: He Ran|Heatran, F, tera:Grass|40\/100 par\n|move|p1a: Kingambit|Kowtow Cleave|p2a: He Ran\n|-damage|p2a: He Ran|0 fnt\n|-status|p1a: Kingambit|brn|[from] ability: Flame Body|[of] p2a: He Ran\n|faint|p2a: He Ran\n|\n|-heal|p1a: Kingambit|50\/100 brn|[from] item: Leftovers\n|-damage|p1a: Kingambit|44\/100 brn|[from] brn\n|upkeep\n|\n|t:|1700730924\n|switch|p2a: Ben|Great Tusk, shiny|24\/100\n|turn|39\n|\n|t:|1700730934\n|move|p2a: Ben|Earthquake|p1a: Kingambit\n|-supereffective|p1a: Kingambit\n|-damage|p1a: Kingambit|0 fnt\n|faint|p1a: Kingambit\n|-end|p1a: Kingambit|fallen1|[silent]\n|\n|-heal|p2a: Ben|31\/100|[from] item: Leftovers\n|upkeep\n|\n|t:|1700730936\n|switch|p1a: Corviknight|Corviknight, F|89\/100\n|-damage|p1a: Corviknight|77\/100|[from] Stealth Rock\n|-ability|p1a: Corviknight|Pressure\n|turn|40\n|\n|t:|1700730949\n|-end|p2a: Ben|Protosynthesis|[silent]\n|switch|p2a: Trisha|Toxapex, F|63\/100\n|move|p1a: Corviknight|Iron Defense|p1a: Corviknight\n|-boost|p1a: Corviknight|def|2\n|\n|-heal|p1a: Corviknight|83\/100|[from] item: Leftovers\n|-heal|p2a: Trisha|68\/100|[from] item: Leftovers\n|upkeep\n|turn|41\n|\n|t:|1700730959\n|move|p1a: Corviknight|U-turn|p2a: Trisha\n|-resisted|p2a: Trisha\n|-damage|p2a: Trisha|63\/100\n|\n|t:|1700730960\n|switch|p1a: Dragonite|Dragonite, M|100\/100|[from] U-turn\n|move|p2a: Trisha|Haze|p2a: Trisha\n|-clearallboost\n|\n|-heal|p2a: Trisha|69\/100|[from] item: Leftovers\n|upkeep\n|turn|42\n|\n|t:|1700730969\n|move|p1a: Dragonite|Encore|p2a: Trisha\n|-start|p2a: Trisha|Encore\n|move|p2a: Trisha|Haze|p2a: Trisha\n|-clearallboost\n|\n|-heal|p2a: Trisha|75\/100|[from] item: Leftovers\n|upkeep\n|turn|43\n|\n|t:|1700730979\n|switch|p2a: Ben|Great Tusk, shiny|31\/100\n|move|p1a: Dragonite|Draco Meteor|p2a: Ben\n|-damage|p2a: Ben|0 fnt\n|-unboost|p1a: Dragonite|spa|2\n|faint|p2a: Ben\n|-end|p2a: Ben|Protosynthesis|[silent]\n|\n|upkeep\n|\n|t:|1700730990\n|switch|p2a: Joeverpon|Ogerpon-Cornerstone, F|53\/100\n|turn|44\n|\n|t:|1700730996\n|-terastallize|p1a: Dragonite|Dragon\n|move|p2a: Joeverpon|Swords Dance|p2a: Joeverpon\n|-boost|p2a: Joeverpon|atk|2\n|move|p1a: Dragonite|Draco Meteor|p2a: Joeverpon\n|-crit|p2a: Joeverpon\n|-damage|p2a: Joeverpon|0 fnt\n|-unboost|p1a: Dragonite|spa|2\n|faint|p2a: Joeverpon\n|\n|upkeep\n|-message|yung taco forfeited.\n|\n|win|tryna cook\n|raw|tryna cook's rating: 1605 &rarr; <strong>1619<\/strong><br \/>(+14 for winning)\n|raw|yung taco's rating: 1504 &rarr; <strong>1490<\/strong><br \/>(-14 for losing)\n|l|\u2606yung taco\n","uploadtime":1700731012,"views":3,"p1id":"trynacook","p2id":"yungtaco","formatid":"gen9ou","rating":1490,"private":0,"password":""}