{"id":"gen9ou-1993429834","p1":"Razorang","p2":"Y2023","format":"[Gen 9] OU","log":"|j|\u2606Razorang\n|j|\u2606Y2023\n|t:|1700316839\n|gametype|singles\n|player|p1|Razorang|jasmine|1429\n|player|p2|Y2023|lucas|1499\n|teamsize|p1|6\n|teamsize|p2|6\n|gen|9\n|tier|[Gen 9] OU\n|rated|\n|rule|Sleep Clause Mod: Limit one foe put to sleep\n|rule|Species Clause: Limit one of each Pok\u00e9mon\n|rule|OHKO Clause: OHKO moves are banned\n|rule|Evasion Items Clause: Evasion items are banned\n|rule|Evasion Moves Clause: Evasion moves are banned\n|rule|Endless Battle Clause: Forcing endless battles is banned\n|rule|HP Percentage Mod: HP is shown in percentages\n|clearpoke\n|poke|p1|Landorus-Therian, M|\n|poke|p1|Arcanine-Hisui, F|\n|poke|p1|Corviknight, M|\n|poke|p1|Ogerpon-Wellspring, F|\n|poke|p1|Thundurus-Therian, M|\n|poke|p1|Garchomp, M|\n|poke|p2|Iron Valiant|\n|poke|p2|Iron Moth|\n|poke|p2|Ogerpon-Wellspring, F|\n|poke|p2|Glimmora, F|\n|poke|p2|Greninja-*, M|\n|poke|p2|Kingambit, M|\n|teampreview\n|inactive|Battle timer is ON: inactive players will automatically lose when time's up. (requested by Y2023)\n|\n|t:|1700316854\n|start\n|switch|p1a: Garchomp|Garchomp, M|100\/100\n|switch|p2a: Lampadaire|Glimmora, F|100\/100\n|turn|1\n|\n|t:|1700316863\n|move|p1a: Garchomp|Swords Dance|p1a: Garchomp\n|-boost|p1a: Garchomp|atk|2\n|move|p2a: Lampadaire|Stealth Rock|p1a: Garchomp\n|-sidestart|p1: Razorang|move: Stealth Rock\n|\n|upkeep\n|turn|2\n|\n|t:|1700316873\n|move|p1a: Garchomp|Scale Shot|p2a: Lampadaire\n|-damage|p2a: Lampadaire|63\/100\n|-activate|p2a: Lampadaire|ability: Toxic Debris\n|-sidestart|p1: Razorang|move: Toxic Spikes\n|-damage|p2a: Lampadaire|26\/100\n|-activate|p2a: Lampadaire|ability: Toxic Debris\n|-sidestart|p1: Razorang|move: Toxic Spikes\n|-damage|p2a: Lampadaire|0 fnt\n|faint|p2a: Lampadaire\n|-hitcount|p2: Lampadaire|3\n|-unboost|p1a: Garchomp|def|1\n|-boost|p1a: Garchomp|spe|1\n|\n|upkeep\n|\n|t:|1700316878\n|switch|p2a: Terminator|Iron Valiant|100\/100\n|-enditem|p2a: Terminator|Booster Energy\n|-activate|p2a: Terminator|ability: Quark Drive|[fromitem]\n|-start|p2a: Terminator|quarkdrivespe\n|turn|3\n|\n|t:|1700316882\n|-terastallize|p1a: Garchomp|Poison\n|move|p2a: Terminator|Moonblast|p1a: Garchomp\n|-resisted|p1a: Garchomp\n|-damage|p1a: Garchomp|74\/100\n|move|p1a: Garchomp|Earthquake|p2a: Terminator\n|-crit|p2a: Terminator\n|-damage|p2a: Terminator|0 fnt\n|faint|p2a: Terminator\n|-end|p2a: Terminator|Quark Drive|[silent]\n|\n|upkeep\n|\n|t:|1700316887\n|switch|p2a: Faux Soleil|Iron Moth|100\/100\n|-enditem|p2a: Faux Soleil|Booster Energy\n|-activate|p2a: Faux Soleil|ability: Quark Drive|[fromitem]\n|-start|p2a: Faux Soleil|quarkdrivespe\n|turn|4\n|\n|t:|1700316898\n|-terastallize|p2a: Faux Soleil|Ground\n|move|p2a: Faux Soleil|Tera Blast|p1a: Garchomp|[anim] Tera Blast Ground\n|-supereffective|p1a: Garchomp\n|-damage|p1a: Garchomp|0 fnt\n|faint|p1a: Garchomp\n|\n|upkeep\n|inactive|Razorang has 120 seconds left.\n|\n|t:|1700316930\n|switch|p1a: Ogerpon|Ogerpon-Wellspring, F|100\/100\n|-damage|p1a: Ogerpon|88\/100|[from] Stealth Rock\n|-status|p1a: Ogerpon|tox\n|turn|5\n|\n|t:|1700316932\n|move|p2a: Faux Soleil|Sludge Wave|p1a: Ogerpon\n|-supereffective|p1a: Ogerpon\n|-damage|p1a: Ogerpon|0 fnt\n|faint|p1a: Ogerpon\n|\n|upkeep\n|inactive|Razorang has 120 seconds left.\n|\n|t:|1700316943\n|switch|p1a: Landorus|Landorus-Therian, M|100\/100\n|-damage|p1a: Landorus|88\/100|[from] Stealth Rock\n|-ability|p1a: Landorus|Intimidate|boost\n|-unboost|p2a: Faux Soleil|atk|1\n|turn|6\n|\n|t:|1700316946\n|move|p2a: Faux Soleil|Fiery Dance|p1a: Landorus\n|-damage|p1a: Landorus|60\/100\n|move|p1a: Landorus|Earthquake|p2a: Faux Soleil\n|-damage|p2a: Faux Soleil|25\/100\n|\n|-heal|p1a: Landorus|66\/100|[from] item: Leftovers\n|upkeep\n|turn|7\n|\n|t:|1700316950\n|move|p2a: Faux Soleil|Fiery Dance|p1a: Landorus\n|-damage|p1a: Landorus|34\/100\n|move|p1a: Landorus|Earthquake|p2a: Faux Soleil\n|-crit|p2a: Faux Soleil\n|-damage|p2a: Faux Soleil|0 fnt\n|faint|p2a: Faux Soleil\n|-end|p2a: Faux Soleil|Quark Drive|[silent]\n|\n|-heal|p1a: Landorus|40\/100|[from] item: Leftovers\n|upkeep\n|\n|t:|1700316954\n|switch|p2a: Sasuke|Greninja, M|100\/100\n|turn|8\n|\n|t:|1700316962\n|switch|p1a: Corviknight|Corviknight, M|100\/100\n|-damage|p1a: Corviknight|88\/100|[from] Stealth Rock\n|-ability|p1a: Corviknight|Pressure\n|move|p2a: Sasuke|Surf|p1a: Corviknight\n|-damage|p1a: Corviknight|39\/100\n|-damage|p2a: Sasuke|91\/100|[from] item: Life Orb\n|\n|upkeep\n|turn|9\n|\n|t:|1700316967\n|move|p2a: Sasuke|Surf|p1a: Corviknight\n|-damage|p1a: Corviknight|0 fnt\n|faint|p1a: Corviknight\n|-ability|p2a: Sasuke|Battle Bond|boost\n|-boost|p2a: Sasuke|atk|1\n|-boost|p2a: Sasuke|spa|1\n|-boost|p2a: Sasuke|spe|1\n|-activate|p2a: Sasuke|ability: Battle Bond\n|-damage|p2a: Sasuke|81\/100|[from] item: Life Orb\n|\n|upkeep\n|\n|t:|1700316981\n|switch|p1a: Landorus|Landorus-Therian, M|40\/100\n|-damage|p1a: Landorus|28\/100|[from] Stealth Rock\n|-ability|p1a: Landorus|Intimidate|boost\n|-unboost|p2a: Sasuke|atk|1\n|turn|10\n|\n|t:|1700316994\n|move|p2a: Sasuke|Surf|p1a: Landorus\n|-supereffective|p1a: Landorus\n|-damage|p1a: Landorus|0 fnt\n|faint|p1a: Landorus\n|-damage|p2a: Sasuke|71\/100|[from] item: Life Orb\n|\n|upkeep\n|\n|t:|1700316995\n|switch|p1a: Arcanine|Arcanine-Hisui, F|100\/100\n|-damage|p1a: Arcanine|76\/100|[from] Stealth Rock\n|-status|p1a: Arcanine|tox\n|turn|11\n|\n|t:|1700316998\n|move|p1a: Arcanine|Extreme Speed|p2a: Sasuke\n|-damage|p2a: Sasuke|25\/100\n|move|p2a: Sasuke|Surf|p1a: Arcanine\n|-supereffective|p1a: Arcanine\n|-crit|p1a: Arcanine\n|-damage|p1a: Arcanine|0 fnt\n|faint|p1a: Arcanine\n|-damage|p2a: Sasuke|15\/100|[from] item: Life Orb\n|\n|upkeep\n|\n|t:|1700317001\n|switch|p1a: Thundurus|Thundurus-Therian, M|100\/100\n|turn|12\n|c|\u2606Razorang|gg\n|\n|t:|1700317003\n|move|p2a: Sasuke|Ice Beam|p1a: Thundurus\n|-supereffective|p1a: Thundurus\n|-damage|p1a: Thundurus|0 fnt\n|faint|p1a: Thundurus\n|-damage|p2a: Sasuke|5\/100|[from] item: Life Orb\n|\n|win|Y2023\n|raw|Razorang's rating: 1429 &rarr; <strong>1413<\/strong><br \/>(-16 for losing)\n|raw|Y2023's rating: 1499 &rarr; <strong>1515<\/strong><br \/>(+16 for winning)\n|c|\u2606Y2023|gg\n|l|\u2606Razorang\n","uploadtime":1700317013,"views":11,"p1id":"razorang","p2id":"y2023","formatid":"gen9ou","rating":1413,"private":0,"password":""}