{"id":"gen9ou-1998111268","p1":"okmn er","p2":"Shinjou Akane","format":"[Gen 9] OU","log":"|j|\u2606okmn er\n|j|\u2606Shinjou Akane\n|t:|1700893255\n|gametype|singles\n|player|p1|okmn er|hilbert|1562\n|player|p2|Shinjou Akane|caitlin|1653\n|teamsize|p1|6\n|teamsize|p2|6\n|gen|9\n|tier|[Gen 9] OU\n|rated|\n|rule|Sleep Clause Mod: Limit one foe put to sleep\n|rule|Species Clause: Limit one of each Pok\u00e9mon\n|rule|OHKO Clause: OHKO moves are banned\n|rule|Evasion Items Clause: Evasion items are banned\n|rule|Evasion Moves Clause: Evasion moves are banned\n|rule|Endless Battle Clause: Forcing endless battles is banned\n|rule|HP Percentage Mod: HP is shown in percentages\n|clearpoke\n|poke|p1|Tyranitar, M|\n|poke|p1|Iron Valiant|\n|poke|p1|Zapdos|\n|poke|p1|Weezing-Galar, M|\n|poke|p1|Glimmora, F|\n|poke|p1|Dragapult, M|\n|poke|p2|Dragapult, M|\n|poke|p2|Iron Moth|\n|poke|p2|Great Tusk|\n|poke|p2|Ogerpon-Wellspring, F|\n|poke|p2|Heatran, M|\n|poke|p2|Slowking-Galar, F|\n|teampreview\n|inactive|Battle timer is ON: inactive players will automatically lose when time's up. (requested by Shinjou Akane)\n|\n|t:|1700893275\n|start\n|switch|p1a: Tyranitar|Tyranitar, M|100\/100\n|switch|p2a: Dragapult|Dragapult, M|100\/100\n|-weather|Sandstorm|[from] ability: Sand Stream|[of] p1a: Tyranitar\n|turn|1\n|\n|t:|1700893279\n|move|p2a: Dragapult|U-turn|p1a: Tyranitar\n|-supereffective|p1a: Tyranitar\n|-damage|p1a: Tyranitar|73\/100\n|\n|t:|1700893281\n|switch|p2a: Great Tusk|Great Tusk|100\/100|[from] U-turn\n|move|p1a: Tyranitar|Knock Off|p2a: Great Tusk\n|-resisted|p2a: Great Tusk\n|-damage|p2a: Great Tusk|81\/100\n|-enditem|p2a: Great Tusk|Heavy-Duty Boots|[from] move: Knock Off|[of] p1a: Tyranitar\n|\n|-weather|Sandstorm|[upkeep]\n|upkeep\n|turn|2\n|j| 0Phux\n|\n|t:|1700893290\n|switch|p1a: Zapdos|Zapdos|100\/100\n|move|p2a: Great Tusk|Headlong Rush|p1a: Zapdos\n|-immune|p1a: Zapdos\n|\n|-weather|Sandstorm|[upkeep]\n|-damage|p1a: Zapdos|94\/100|[from] Sandstorm\n|upkeep\n|turn|3\n|\n|t:|1700893297\n|-end|p2a: Great Tusk|Protosynthesis|[silent]\n|switch|p2a: Slowking|Slowking-Galar, F|100\/100\n|move|p1a: Zapdos|Volt Switch|p2a: Slowking\n|-damage|p2a: Slowking|75\/100\n|\n|t:|1700893306\n|switch|p1a: Tyranitar|Tyranitar, M|73\/100|[from] Volt Switch\n|\n|-weather|Sandstorm|[upkeep]\n|-damage|p2a: Slowking|69\/100|[from] Sandstorm\n|upkeep\n|turn|4\n|\n|t:|1700893312\n|switch|p2a: Great Tusk|Great Tusk|81\/100\n|move|p1a: Tyranitar|Dragon Tail|p2a: Great Tusk|[miss]\n|-miss|p1a: Tyranitar|p2a: Great Tusk\n|\n|-weather|Sandstorm|[upkeep]\n|upkeep\n|turn|5\n|\n|t:|1700893318\n|switch|p1a: Zapdos|Zapdos|94\/100\n|move|p2a: Great Tusk|Knock Off|p1a: Zapdos\n|-damage|p1a: Zapdos|68\/100\n|-status|p2a: Great Tusk|par|[from] ability: Static|[of] p1a: Zapdos\n|-enditem|p1a: Zapdos|Heavy-Duty Boots|[from] move: Knock Off|[of] p2a: Great Tusk\n|\n|-weather|none\n|upkeep\n|turn|6\n|\n|t:|1700893324\n|-end|p2a: Great Tusk|Protosynthesis|[silent]\n|switch|p2a: Slowking|Slowking-Galar, F|100\/100\n|move|p1a: Zapdos|Volt Switch|p2a: Slowking\n|-damage|p2a: Slowking|78\/100\n|\n|t:|1700893330\n|switch|p1a: Glimmora|Glimmora, F|100\/100|[from] Volt Switch\n|\n|upkeep\n|turn|7\n|\n|t:|1700893339\n|switch|p2a: Dragapult|Dragapult, M|100\/100\n|move|p1a: Glimmora|Spikes|p2a: Dragapult\n|-sidestart|p2: Shinjou Akane|Spikes\n|\n|upkeep\n|turn|8\n|j| hersage\n|\n|t:|1700893350\n|switch|p1a: Tyranitar|Tyranitar, M|73\/100\n|-weather|Sandstorm|[from] ability: Sand Stream|[of] p1a: Tyranitar\n|move|p2a: Dragapult|Shadow Ball|p1a: Tyranitar\n|-resisted|p1a: Tyranitar\n|-damage|p1a: Tyranitar|64\/100\n|\n|-weather|Sandstorm|[upkeep]\n|-damage|p2a: Dragapult|95\/100|[from] Sandstorm\n|upkeep\n|turn|9\n|\n|t:|1700893362\n|switch|p2a: Great Tusk|Great Tusk|81\/100 par\n|-damage|p2a: Great Tusk|68\/100 par|[from] Spikes\n|move|p1a: Tyranitar|Dragon Tail|p2a: Great Tusk\n|-damage|p2a: Great Tusk|53\/100 par\n|-end|p2a: Great Tusk|Protosynthesis|[silent]\n|drag|p2a: Ogerpon|Ogerpon-Wellspring, F|100\/100\n|-damage|p2a: Ogerpon|88\/100|[from] Spikes\n|\n|-weather|Sandstorm|[upkeep]\n|-damage|p2a: Ogerpon|82\/100|[from] Sandstorm\n|upkeep\n|turn|10\n|\n|t:|1700893373\n|switch|p1a: Dragapult|Dragapult, M|100\/100\n|move|p2a: Ogerpon|Ivy Cudgel|p1a: Dragapult|[anim] Ivy Cudgel Water\n|-resisted|p1a: Dragapult\n|-crit|p1a: Dragapult\n|-damage|p1a: Dragapult|36\/100\n|\n|-weather|Sandstorm|[upkeep]\n|-damage|p1a: Dragapult|30\/100|[from] Sandstorm\n|-damage|p2a: Ogerpon|76\/100|[from] Sandstorm\n|upkeep\n|turn|11\n|\n|t:|1700893380\n|switch|p2a: Heatran|Heatran, M|100\/100\n|-item|p2a: Heatran|Air Balloon\n|move|p1a: Dragapult|U-turn|p2a: Heatran\n|-resisted|p2a: Heatran\n|-damage|p2a: Heatran|98\/100\n|-status|p1a: Dragapult|brn|[from] ability: Flame Body|[of] p2a: Heatran\n|-enditem|p2a: Heatran|Air Balloon\n|\n|t:|1700893388\n|switch|p1a: Glimmora|Glimmora, F|100\/100|[from] U-turn\n|\n|-weather|Sandstorm|[upkeep]\n|upkeep\n|turn|12\n|\n|t:|1700893397\n|switch|p2a: Slowking|Slowking-Galar, F|100\/100\n|move|p1a: Glimmora|Earth Power|p2a: Slowking\n|-supereffective|p2a: Slowking\n|-damage|p2a: Slowking|52\/100\n|\n|-weather|none\n|upkeep\n|turn|13\n|\n|t:|1700893408\n|move|p1a: Glimmora|Earth Power|p2a: Slowking\n|-supereffective|p2a: Slowking\n|-damage|p2a: Slowking|2\/100\n|-unboost|p2a: Slowking|spd|1\n|move|p2a: Slowking|Chilly Reception|p2a: Slowking\n|-weather|Snow\n|\n|t:|1700893411\n|switch|p2a: Dragapult|Dragapult, M|95\/100|[from] Chilly Reception\n|-damage|p2a: Dragapult|82\/100|[from] Spikes\n|\n|-weather|Snow|[upkeep]\n|upkeep\n|turn|14\n|\n|t:|1700893417\n|switch|p1a: Tyranitar|Tyranitar, M|64\/100\n|-weather|Sandstorm|[from] ability: Sand Stream|[of] p1a: Tyranitar\n|move|p2a: Dragapult|U-turn|p1a: Tyranitar\n|-supereffective|p1a: Tyranitar\n|-damage|p1a: Tyranitar|39\/100\n|\n|t:|1700893421\n|switch|p2a: Great Tusk|Great Tusk|53\/100 par|[from] U-turn\n|-damage|p2a: Great Tusk|41\/100 par|[from] Spikes\n|\n|-weather|Sandstorm|[upkeep]\n|upkeep\n|turn|15\n|\n|t:|1700893430\n|switch|p1a: Zapdos|Zapdos|68\/100\n|move|p2a: Great Tusk|Rapid Spin|p1a: Zapdos\n|-damage|p1a: Zapdos|54\/100\n|-boost|p2a: Great Tusk|spe|1\n|-sideend|p2: Shinjou Akane|Spikes|[from] move: Rapid Spin|[of] p2a: Great Tusk\n|\n|-weather|Sandstorm|[upkeep]\n|-damage|p1a: Zapdos|48\/100|[from] Sandstorm\n|upkeep\n|turn|16\n|\n|t:|1700893441\n|-end|p2a: Great Tusk|Protosynthesis|[silent]\n|switch|p2a: Heatran|Heatran, M|98\/100\n|move|p1a: Zapdos|Hurricane|p2a: Heatran\n|-resisted|p2a: Heatran\n|-damage|p2a: Heatran|78\/100\n|\n|-weather|Sandstorm|[upkeep]\n|-damage|p1a: Zapdos|42\/100|[from] Sandstorm\n|upkeep\n|turn|17\n|\n|t:|1700893454\n|move|p2a: Heatran|Stealth Rock|p1a: Zapdos\n|-sidestart|p1: okmn er|move: Stealth Rock\n|move|p1a: Zapdos|Roost|p1a: Zapdos\n|-heal|p1a: Zapdos|92\/100\n|-singleturn|p1a: Zapdos|move: Roost\n|\n|-weather|Sandstorm|[upkeep]\n|-damage|p1a: Zapdos|86\/100|[from] Sandstorm\n|upkeep\n|turn|18\n|\n|t:|1700893458\n|move|p2a: Heatran|Magma Storm|p1a: Zapdos|[miss]\n|-miss|p2a: Heatran|p1a: Zapdos\n|move|p1a: Zapdos|Volt Switch|p2a: Heatran\n|-damage|p2a: Heatran|51\/100\n|\n|t:|1700893479\n|switch|p1a: Dragapult|Dragapult, M|30\/100 brn|[from] Volt Switch\n|-damage|p1a: Dragapult|18\/100 brn|[from] Stealth Rock\n|\n|-weather|none\n|-damage|p1a: Dragapult|12\/100 brn|[from] brn\n|upkeep\n|turn|19\n|\n|t:|1700893495\n|switch|p2a: Great Tusk|Great Tusk|41\/100 par\n|move|p1a: Dragapult|Shadow Ball|p2a: Great Tusk\n|-damage|p2a: Great Tusk|0 fnt\n|faint|p2a: Great Tusk\n|-end|p2a: Great Tusk|Protosynthesis|[silent]\n|\n|-damage|p1a: Dragapult|6\/100 brn|[from] brn\n|upkeep\n|\n|t:|1700893513\n|switch|p2a: Ogerpon|Ogerpon-Wellspring, F|76\/100\n|turn|20\n|\n|t:|1700893517\n|move|p1a: Dragapult|Shadow Ball|p2a: Ogerpon\n|-damage|p2a: Ogerpon|12\/100\n|move|p2a: Ogerpon|Swords Dance|p2a: Ogerpon\n|-boost|p2a: Ogerpon|atk|2\n|\n|-damage|p1a: Dragapult|0 fnt|[from] brn\n|faint|p1a: Dragapult\n|upkeep\n|\n|t:|1700893546\n|switch|p1a: Iron Valiant|Iron Valiant|100\/100\n|-damage|p1a: Iron Valiant|94\/100|[from] Stealth Rock\n|-enditem|p1a: Iron Valiant|Booster Energy\n|-activate|p1a: Iron Valiant|ability: Quark Drive|[fromitem]\n|-start|p1a: Iron Valiant|quarkdrivespe\n|turn|21\n|\n|t:|1700893553\n|switch|p2a: Slowking|Slowking-Galar, F|35\/100\n|move|p1a: Iron Valiant|Shadow Ball|p2a: Slowking\n|-supereffective|p2a: Slowking\n|-damage|p2a: Slowking|0 fnt\n|faint|p2a: Slowking\n|\n|upkeep\n|\n|t:|1700893560\n|switch|p2a: Iron Moth|Iron Moth|100\/100\n|-enditem|p2a: Iron Moth|Booster Energy\n|-activate|p2a: Iron Moth|ability: Quark Drive|[fromitem]\n|-start|p2a: Iron Moth|quarkdrivespe\n|turn|22\n|\n|t:|1700893570\n|-terastallize|p1a: Iron Valiant|Steel\n|move|p1a: Iron Valiant|Calm Mind|p1a: Iron Valiant\n|-boost|p1a: Iron Valiant|spa|1\n|-boost|p1a: Iron Valiant|spd|1\n|move|p2a: Iron Moth|Fiery Dance|p1a: Iron Valiant\n|-supereffective|p1a: Iron Valiant\n|-damage|p1a: Iron Valiant|4\/100\n|-boost|p2a: Iron Moth|spa|1\n|\n|upkeep\n|turn|23\n|\n|t:|1700893585\n|move|p1a: Iron Valiant|Shadow Ball|p2a: Iron Moth\n|-damage|p2a: Iron Moth|56\/100\n|-unboost|p2a: Iron Moth|spd|1\n|move|p2a: Iron Moth|Fiery Dance|p1a: Iron Valiant\n|-supereffective|p1a: Iron Valiant\n|-crit|p1a: Iron Valiant\n|-damage|p1a: Iron Valiant|0 fnt\n|faint|p1a: Iron Valiant\n|-end|p1a: Iron Valiant|Quark Drive|[silent]\n|\n|upkeep\n|\n|t:|1700893592\n|switch|p1a: Tyranitar|Tyranitar, M|39\/100\n|-damage|p1a: Tyranitar|27\/100|[from] Stealth Rock\n|-weather|Sandstorm|[from] ability: Sand Stream|[of] p1a: Tyranitar\n|turn|24\n|\n|t:|1700893596\n|move|p2a: Iron Moth|Energy Ball|p1a: Tyranitar\n|-supereffective|p1a: Tyranitar\n|-damage|p1a: Tyranitar|0 fnt\n|faint|p1a: Tyranitar\n|\n|-weather|Sandstorm|[upkeep]\n|-damage|p2a: Iron Moth|50\/100|[from] Sandstorm\n|upkeep\n|\n|t:|1700893604\n|switch|p1a: Glimmora|Glimmora, F|100\/100\n|-damage|p1a: Glimmora|88\/100|[from] Stealth Rock\n|turn|25\n|\n|t:|1700893607\n|-terastallize|p2a: Iron Moth|Grass\n|move|p2a: Iron Moth|Energy Ball|p1a: Glimmora\n|-damage|p1a: Glimmora|23\/100\n|move|p1a: Glimmora|Earth Power|p2a: Iron Moth\n|-resisted|p2a: Iron Moth\n|-damage|p2a: Iron Moth|23\/100\n|-unboost|p2a: Iron Moth|spd|1\n|\n|-weather|Sandstorm|[upkeep]\n|-damage|p2a: Iron Moth|17\/100|[from] Sandstorm\n|upkeep\n|turn|26\n|\n|t:|1700893615\n|move|p2a: Iron Moth|Fiery Dance|p1a: Glimmora\n|-resisted|p1a: Glimmora\n|-damage|p1a: Glimmora|0 fnt\n|-boost|p2a: Iron Moth|spa|1\n|faint|p1a: Glimmora\n|\n|-weather|Sandstorm|[upkeep]\n|-damage|p2a: Iron Moth|11\/100|[from] Sandstorm\n|upkeep\n|\n|t:|1700893619\n|switch|p1a: Weezing|Weezing-Galar, M|100\/100\n|-damage|p1a: Weezing|88\/100|[from] Stealth Rock\n|turn|27\n|\n|t:|1700893623\n|move|p2a: Iron Moth|Sludge Wave|p1a: Weezing\n|-damage|p1a: Weezing|0 fnt\n|faint|p1a: Weezing\n|\n|-weather|Sandstorm|[upkeep]\n|-damage|p2a: Iron Moth|5\/100|[from] Sandstorm\n|upkeep\n|\n|t:|1700893627\n|switch|p1a: Zapdos|Zapdos|86\/100\n|-damage|p1a: Zapdos|61\/100|[from] Stealth Rock\n|turn|28\n|\n|t:|1700893629\n|move|p2a: Iron Moth|Sludge Wave|p1a: Zapdos\n|-damage|p1a: Zapdos|0 fnt\n|faint|p1a: Zapdos\n|\n|win|Shinjou Akane\n|raw|okmn er's rating: 1562 &rarr; <strong>1547<\/strong><br \/>(-15 for losing)\n|raw|Shinjou Akane's rating: 1653 &rarr; <strong>1668<\/strong><br \/>(+15 for winning)\n","uploadtime":1700893632,"views":5,"p1id":"okmner","p2id":"shinjouakane","formatid":"gen9ou","rating":1547,"private":0,"password":""}