{"id":"gen9ou-2000431608","p1":"GalacticEclipse999","p2":"Aassadqasd","format":"[Gen 9] OU","log":"|j|\u2606GalacticEclipse999\n|j|\u2606Aassadqasd\n|t:|1701194254\n|gametype|singles\n|player|p1|GalacticEclipse999|spenser-gen3|1068\n|player|p2|Aassadqasd|266|1000\n|teamsize|p1|6\n|teamsize|p2|6\n|gen|9\n|tier|[Gen 9] OU\n|rated|\n|rule|Sleep Clause Mod: Limit one foe put to sleep\n|rule|Species Clause: Limit one of each Pok\u00e9mon\n|rule|OHKO Clause: OHKO moves are banned\n|rule|Evasion Items Clause: Evasion items are banned\n|rule|Evasion Moves Clause: Evasion moves are banned\n|rule|Endless Battle Clause: Forcing endless battles is banned\n|rule|HP Percentage Mod: HP is shown in percentages\n|clearpoke\n|poke|p1|Slowking, M|\n|poke|p1|Samurott-Hisui, F|\n|poke|p1|Cinderace, F|\n|poke|p1|Gholdengo|\n|poke|p1|Iron Valiant|\n|poke|p1|Zapdos|\n|poke|p2|Braixen, M|\n|poke|p2|Furret, M|\n|poke|p2|Glimmora, M|\n|poke|p2|Manaphy|\n|poke|p2|Naclstack, M|\n|poke|p2|Snorlax, F|\n|teampreview\n|\n|t:|1701194262\n|start\n|switch|p1a: Samurott|Samurott-Hisui, F, shiny|100\/100\n|switch|p2a: Glimmora|Glimmora, M|100\/100\n|turn|1\n|\n|t:|1701194269\n|move|p2a: Glimmora|Sludge Wave|p1a: Samurott\n|-damage|p1a: Samurott|39\/100\n|move|p1a: Samurott|Ceaseless Edge|p2a: Glimmora\n|-damage|p2a: Glimmora|59\/100\n|-activate|p2a: Glimmora|ability: Toxic Debris\n|-sidestart|p1: GalacticEclipse999|move: Toxic Spikes\n|-sidestart|p2: Aassadqasd|Spikes\n|\n|upkeep\n|turn|2\n|\n|t:|1701194276\n|move|p1a: Samurott|Aqua Jet|p2a: Glimmora\n|-supereffective|p2a: Glimmora\n|-damage|p2a: Glimmora|15\/100\n|-activate|p2a: Glimmora|ability: Toxic Debris\n|-sidestart|p1: GalacticEclipse999|move: Toxic Spikes\n|move|p2a: Glimmora|Sludge Wave|p1a: Samurott\n|-damage|p1a: Samurott|0 fnt\n|faint|p1a: Samurott\n|\n|upkeep\n|\n|t:|1701194279\n|switch|p1a: Cinderace|Cinderace, F|100\/100\n|turn|3\n|\n|t:|1701194288\n|switch|p2a: Manaphy|Manaphy|100\/100\n|-damage|p2a: Manaphy|88\/100|[from] Spikes\n|move|p1a: Cinderace|Sucker Punch||[still]\n|-fail|p1a: Cinderace\n|\n|-heal|p2a: Manaphy|94\/100|[from] item: Leftovers\n|upkeep\n|turn|4\n|\n|t:|1701194290\n|move|p1a: Cinderace|Court Change|p1a: Cinderace\n|-start|p1a: Cinderace|typechange|Normal|[from] ability: Libero\n|-swapsideconditions\n|-activate|p1a: Cinderace|move: Court Change\n|move|p2a: Manaphy|Acid Armor|p2a: Manaphy\n|-boost|p2a: Manaphy|def|2\n|\n|-heal|p2a: Manaphy|100\/100|[from] item: Leftovers\n|upkeep\n|turn|5\n|\n|t:|1701194295\n|move|p1a: Cinderace|U-turn|p2a: Manaphy\n|-damage|p2a: Manaphy|94\/100\n|\n|t:|1701194299\n|switch|p1a: Zapdos|Zapdos|100\/100|[from] U-turn\n|move|p2a: Manaphy|Take Heart|p2a: Manaphy\n|-boost|p2a: Manaphy|spa|1\n|-boost|p2a: Manaphy|spd|1\n|\n|-heal|p2a: Manaphy|99\/100|[from] item: Leftovers\n|upkeep\n|turn|6\n|\n|t:|1701194305\n|-terastallize|p2a: Manaphy|Poison\n|move|p1a: Zapdos|Thunderbolt|p2a: Manaphy\n|-crit|p2a: Manaphy\n|-damage|p2a: Manaphy|43\/100\n|move|p2a: Manaphy|Take Heart|p2a: Manaphy\n|-boost|p2a: Manaphy|spa|1\n|-boost|p2a: Manaphy|spd|1\n|\n|-heal|p2a: Manaphy|49\/100|[from] item: Leftovers\n|upkeep\n|turn|7\n|\n|t:|1701194312\n|move|p1a: Zapdos|Thunderbolt|p2a: Manaphy\n|-damage|p2a: Manaphy|31\/100\n|move|p2a: Manaphy|Take Heart|p2a: Manaphy\n|-boost|p2a: Manaphy|spa|1\n|-boost|p2a: Manaphy|spd|1\n|\n|-heal|p2a: Manaphy|37\/100|[from] item: Leftovers\n|upkeep\n|turn|8\n|\n|t:|1701194316\n|move|p1a: Zapdos|Hurricane|p2a: Manaphy\n|-damage|p2a: Manaphy|20\/100\n|-start|p2a: Manaphy|confusion\n|-activate|p2a: Manaphy|confusion\n|-damage|p2a: Manaphy|17\/100|[from] confusion\n|\n|-heal|p2a: Manaphy|23\/100|[from] item: Leftovers\n|upkeep\n|turn|9\n|\n|t:|1701194320\n|move|p1a: Zapdos|Thunderbolt|p2a: Manaphy\n|-damage|p2a: Manaphy|7\/100\n|-activate|p2a: Manaphy|confusion\n|move|p2a: Manaphy|Scald|p1a: Zapdos\n|-damage|p1a: Zapdos|25\/100\n|\n|-heal|p2a: Manaphy|14\/100|[from] item: Leftovers\n|upkeep\n|turn|10\n|\n|t:|1701194327\n|move|p1a: Zapdos|Roost|p1a: Zapdos\n|-heal|p1a: Zapdos|76\/100\n|-singleturn|p1a: Zapdos|move: Roost\n|-activate|p2a: Manaphy|confusion\n|move|p2a: Manaphy|Scald|p1a: Zapdos\n|-damage|p1a: Zapdos|0 fnt\n|faint|p1a: Zapdos\n|\n|-heal|p2a: Manaphy|20\/100|[from] item: Leftovers\n|upkeep\n|\n|t:|1701194334\n|switch|p1a: Gholdengo|Gholdengo|100\/100\n|-damage|p1a: Gholdengo|88\/100|[from] Spikes\n|turn|11\n|\n|t:|1701194337\n|-activate|p2a: Manaphy|confusion\n|move|p2a: Manaphy|Scald|p1a: Gholdengo\n|-damage|p1a: Gholdengo|19\/100\n|move|p1a: Gholdengo|Hex|p2a: Manaphy\n|-crit|p2a: Manaphy\n|-damage|p2a: Manaphy|0 fnt\n|faint|p2a: Manaphy\n|\n|-heal|p1a: Gholdengo|25\/100|[from] item: Leftovers\n|upkeep\n|\n|t:|1701194343\n|switch|p2a: Glimmora|Glimmora, M|15\/100\n|-sideend|p2: Aassadqasd|move: Toxic Spikes|[of] p2a: Glimmora\n|turn|12\n|\n|t:|1701194349\n|move|p2a: Glimmora|Earth Power|p1a: Gholdengo\n|-supereffective|p1a: Gholdengo\n|-damage|p1a: Gholdengo|0 fnt\n|faint|p1a: Gholdengo\n|\n|upkeep\n|\n|t:|1701194352\n|switch|p1a: Slowking|Slowking, M|100\/100\n|turn|13\n|\n|t:|1701194356\n|move|p2a: Glimmora|Stealth Rock|p1a: Slowking\n|-sidestart|p1: GalacticEclipse999|move: Stealth Rock\n|move|p1a: Slowking|Scald|p2a: Glimmora\n|-supereffective|p2a: Glimmora\n|-damage|p2a: Glimmora|0 fnt\n|faint|p2a: Glimmora\n|\n|upkeep\n|\n|t:|1701194360\n|switch|p2a: Braixen|Braixen, M|100\/100\n|turn|14\n|\n|t:|1701194366\n|move|p2a: Braixen|Fire Spin|p1a: Slowking\n|-resisted|p1a: Slowking\n|-damage|p1a: Slowking|97\/100\n|-activate|p1a: Slowking|move: Fire Spin|[of] p2a: Braixen\n|move|p1a: Slowking|Scald|p2a: Braixen\n|-supereffective|p2a: Braixen\n|-crit|p2a: Braixen\n|-damage|p2a: Braixen|50\/100\n|\n|-damage|p1a: Slowking|85\/100|[from] move: Fire Spin|[partiallytrapped]\n|upkeep\n|turn|15\n|\n|t:|1701194372\n|move|p2a: Braixen|Wish|p2a: Braixen\n|move|p1a: Slowking|Scald|p2a: Braixen\n|-supereffective|p2a: Braixen\n|-damage|p2a: Braixen|17\/100\n|\n|-damage|p1a: Slowking|72\/100|[from] move: Fire Spin|[partiallytrapped]\n|upkeep\n|turn|16\n|\n|t:|1701194376\n|move|p2a: Braixen|Protect|p2a: Braixen\n|-singleturn|p2a: Braixen|Protect\n|move|p1a: Slowking|Scald|p2a: Braixen\n|-activate|p2a: Braixen|move: Protect\n|\n|-heal|p2a: Braixen|67\/100|[from] move: Wish|[wisher] Braixen\n|-damage|p1a: Slowking|60\/100|[from] move: Fire Spin|[partiallytrapped]\n|upkeep\n|turn|17\n|\n|t:|1701194424\n|move|p2a: Braixen|Wish|p2a: Braixen\n|move|p1a: Slowking|Scald|p2a: Braixen\n|-supereffective|p2a: Braixen\n|-damage|p2a: Braixen|34\/100\n|\n|-damage|p1a: Slowking|47\/100|[from] move: Fire Spin|[partiallytrapped]\n|upkeep\n|turn|18\n|\n|t:|1701194429\n|move|p2a: Braixen|Protect|p2a: Braixen\n|-singleturn|p2a: Braixen|Protect\n|move|p1a: Slowking|Slack Off|p1a: Slowking\n|-heal|p1a: Slowking|97\/100\n|\n|-heal|p2a: Braixen|84\/100|[from] move: Wish|[wisher] Braixen\n|-end|p1a: Slowking|Fire Spin|[partiallytrapped]\n|upkeep\n|turn|19\n|\n|t:|1701194436\n|move|p2a: Braixen|Encore|p1a: Slowking\n|-start|p1a: Slowking|Encore\n|move|p1a: Slowking|Slack Off|p1a: Slowking\n|-heal|p1a: Slowking|100\/100\n|\n|upkeep\n|turn|20\n|\n|t:|1701194440\n|switch|p1a: Cinderace|Cinderace, F|100\/100\n|move|p2a: Braixen|Fire Spin|p1a: Cinderace\n|-resisted|p1a: Cinderace\n|-damage|p1a: Cinderace|93\/100\n|-activate|p1a: Cinderace|move: Fire Spin|[of] p2a: Braixen\n|\n|-damage|p1a: Cinderace|81\/100|[from] move: Fire Spin|[partiallytrapped]\n|upkeep\n|turn|21\n|\n|t:|1701194445\n|move|p2a: Braixen|Protect|p2a: Braixen\n|-singleturn|p2a: Braixen|Protect\n|move|p1a: Cinderace|Court Change|p1a: Cinderace\n|-start|p1a: Cinderace|typechange|Normal|[from] ability: Libero\n|-swapsideconditions\n|-activate|p1a: Cinderace|move: Court Change\n|\n|-damage|p1a: Cinderace|69\/100|[from] move: Fire Spin|[partiallytrapped]\n|upkeep\n|turn|22\n|\n|t:|1701194450\n|move|p1a: Cinderace|Sucker Punch|p2a: Braixen\n|-damage|p2a: Braixen|57\/100\n|move|p2a: Braixen|Fire Spin|p1a: Cinderace\n|-damage|p1a: Cinderace|52\/100\n|\n|-damage|p1a: Cinderace|40\/100|[from] move: Fire Spin|[partiallytrapped]\n|upkeep\n|turn|23\n|\n|t:|1701194456\n|move|p1a: Cinderace|U-turn|p2a: Braixen\n|-resisted|p2a: Braixen\n|-damage|p2a: Braixen|46\/100\n|\n|t:|1701194458\n|switch|p1a: Slowking|Slowking, M|100\/100|[from] U-turn\n|move|p2a: Braixen|Wish|p2a: Braixen\n|\n|upkeep\n|turn|24\n|\n|t:|1701194461\n|move|p2a: Braixen|Protect|p2a: Braixen\n|-singleturn|p2a: Braixen|Protect\n|move|p1a: Slowking|Scald|p2a: Braixen\n|-activate|p2a: Braixen|move: Protect\n|\n|-heal|p2a: Braixen|96\/100|[from] move: Wish|[wisher] Braixen\n|upkeep\n|turn|25\n|\n|t:|1701194467\n|move|p2a: Braixen|Fire Spin|p1a: Slowking\n|-resisted|p1a: Slowking\n|-damage|p1a: Slowking|97\/100\n|-activate|p1a: Slowking|move: Fire Spin|[of] p2a: Braixen\n|move|p1a: Slowking|Scald|p2a: Braixen\n|-supereffective|p2a: Braixen\n|-damage|p2a: Braixen|58\/100\n|\n|-damage|p1a: Slowking|84\/100|[from] move: Fire Spin|[partiallytrapped]\n|upkeep\n|turn|26\n|\n|t:|1701194479\n|move|p2a: Braixen|Wish|p2a: Braixen\n|move|p1a: Slowking|Future Sight|p2a: Braixen\n|-start|p1a: Slowking|move: Future Sight\n|\n|-damage|p1a: Slowking|72\/100|[from] move: Fire Spin|[partiallytrapped]\n|upkeep\n|turn|27\n|\n|t:|1701194482\n|move|p2a: Braixen|Protect|p2a: Braixen\n|-singleturn|p2a: Braixen|Protect\n|move|p1a: Slowking|Slack Off|p1a: Slowking\n|-heal|p1a: Slowking|100\/100\n|\n|-heal|p2a: Braixen|100\/100|[from] move: Wish|[wisher] Braixen\n|-damage|p1a: Slowking|88\/100|[from] move: Fire Spin|[partiallytrapped]\n|upkeep\n|turn|28\n|\n|t:|1701194486\n|move|p2a: Braixen|Protect||[still]\n|-fail|p2a: Braixen\n|move|p1a: Slowking|Scald|p2a: Braixen\n|-supereffective|p2a: Braixen\n|-damage|p2a: Braixen|64\/100\n|\n|-end|p2a: Braixen|move: Future Sight\n|-damage|p2a: Braixen|37\/100\n|-damage|p1a: Slowking|76\/100|[from] move: Fire Spin|[partiallytrapped]\n|upkeep\n|turn|29\n|\n|t:|1701194491\n|move|p2a: Braixen|Wish|p2a: Braixen\n|move|p1a: Slowking|Scald|p2a: Braixen\n|-supereffective|p2a: Braixen\n|-damage|p2a: Braixen|4\/100\n|\n|-end|p1a: Slowking|Fire Spin|[partiallytrapped]\n|upkeep\n|turn|30\n|\n|t:|1701194495\n|move|p2a: Braixen|Protect|p2a: Braixen\n|-singleturn|p2a: Braixen|Protect\n|move|p1a: Slowking|Scald|p2a: Braixen\n|-activate|p2a: Braixen|move: Protect\n|\n|-heal|p2a: Braixen|54\/100|[from] move: Wish|[wisher] Braixen\n|upkeep\n|turn|31\n|\n|t:|1701194502\n|move|p2a: Braixen|Fire Spin|p1a: Slowking|[miss]\n|-miss|p2a: Braixen|p1a: Slowking\n|move|p1a: Slowking|Scald|p2a: Braixen\n|-supereffective|p2a: Braixen\n|-damage|p2a: Braixen|20\/100\n|\n|upkeep\n|turn|32\n|\n|t:|1701194507\n|move|p2a: Braixen|Fire Spin|p1a: Slowking\n|-resisted|p1a: Slowking\n|-damage|p1a: Slowking|72\/100\n|-activate|p1a: Slowking|move: Fire Spin|[of] p2a: Braixen\n|move|p1a: Slowking|Future Sight|p2a: Braixen\n|-start|p1a: Slowking|move: Future Sight\n|\n|-damage|p1a: Slowking|60\/100|[from] move: Fire Spin|[partiallytrapped]\n|upkeep\n|turn|33\n|\n|t:|1701194514\n|move|p2a: Braixen|Encore|p1a: Slowking\n|-start|p1a: Slowking|Encore\n|move|p1a: Slowking|Future Sight||[still]\n|-fail|p1a: Slowking\n|\n|-damage|p1a: Slowking|47\/100|[from] move: Fire Spin|[partiallytrapped]\n|upkeep\n|turn|34\n|\n|t:|1701194520\n|move|p2a: Braixen|Wish|p2a: Braixen\n|move|p1a: Slowking|Future Sight||[still]\n|-fail|p1a: Slowking\n|\n|-end|p2a: Braixen|move: Future Sight\n|-damage|p2a: Braixen|0 fnt\n|faint|p2a: Braixen\n|-end|p1a: Slowking|Fire Spin|[partiallytrapped]|[silent]\n|upkeep\n|\n|t:|1701194525\n|switch|p2a: Furret|Furret, M|100\/100\n|-damage|p2a: Furret|88\/100|[from] Spikes\n|-damage|p2a: Furret|76\/100|[from] Stealth Rock\n|turn|35\n|\n|t:|1701194528\n|move|p2a: Furret|Tidy Up|p2a: Furret\n|-sideend|p2: Aassadqasd|Spikes\n|-sideend|p2: Aassadqasd|Stealth Rock\n|-activate|p2a: Furret|move: Tidy Up\n|-boost|p2a: Furret|atk|1\n|-boost|p2a: Furret|spe|1\n|move|p1a: Slowking|Future Sight|p2a: Furret\n|-start|p1a: Slowking|move: Future Sight\n|\n|-heal|p2a: Furret|100\/100|[from] move: Wish|[wisher] Braixen\n|-end|p1a: Slowking|Encore\n|upkeep\n|turn|36\n|\n|t:|1701194536\n|move|p2a: Furret|Knock Off|p1a: Slowking\n|-supereffective|p1a: Slowking\n|-damage|p1a: Slowking|0 fnt\n|-enditem|p1a: Slowking|Heavy-Duty Boots|[from] move: Knock Off|[of] p2a: Furret\n|faint|p1a: Slowking\n|\n|upkeep\n|\n|t:|1701194540\n|switch|p1a: Iron Valiant|Iron Valiant|100\/100\n|-enditem|p1a: Iron Valiant|Booster Energy\n|-activate|p1a: Iron Valiant|ability: Quark Drive|[fromitem]\n|-start|p1a: Iron Valiant|quarkdrivespe\n|turn|37\n|\n|t:|1701194543\n|move|p1a: Iron Valiant|Close Combat|p2a: Furret\n|-supereffective|p2a: Furret\n|-damage|p2a: Furret|0 fnt\n|-unboost|p1a: Iron Valiant|def|1\n|-unboost|p1a: Iron Valiant|spd|1\n|faint|p2a: Furret\n|\n|-hint|Future Sight did not hit because the target is fainted.\n|upkeep\n|\n|t:|1701194547\n|switch|p2a: Naclstack|Naclstack, M|100\/100\n|turn|38\n|\n|t:|1701194552\n|-end|p1a: Iron Valiant|Quark Drive|[silent]\n|switch|p1a: Cinderace|Cinderace, F|40\/100\n|move|p2a: Naclstack|Earthquake|p1a: Cinderace\n|-supereffective|p1a: Cinderace\n|-damage|p1a: Cinderace|3\/100\n|\n|upkeep\n|turn|39\n|\n|t:|1701194558\n|move|p1a: Cinderace|Pyro Ball|p2a: Naclstack|[miss]\n|-miss|p1a: Cinderace|p2a: Naclstack\n|move|p2a: Naclstack|Salt Cure|p1a: Cinderace\n|-supereffective|p1a: Cinderace\n|-damage|p1a: Cinderace|0 fnt\n|faint|p1a: Cinderace\n|\n|upkeep\n|\n|t:|1701194561\n|switch|p1a: Iron Valiant|Iron Valiant|100\/100\n|turn|40\n|\n|t:|1701194571\n|move|p1a: Iron Valiant|Swords Dance|p1a: Iron Valiant\n|-boost|p1a: Iron Valiant|atk|2\n|move|p2a: Naclstack|Iron Defense|p2a: Naclstack\n|-boost|p2a: Naclstack|def|2\n|\n|upkeep\n|turn|41\n|\n|t:|1701194575\n|move|p1a: Iron Valiant|Knock Off|p2a: Naclstack\n|-damage|p2a: Naclstack|77\/100\n|-enditem|p2a: Naclstack|Eviolite|[from] move: Knock Off|[of] p1a: Iron Valiant\n|move|p2a: Naclstack|Salt Cure|p1a: Iron Valiant\n|-resisted|p1a: Iron Valiant\n|-damage|p1a: Iron Valiant|95\/100\n|-start|p1a: Iron Valiant|Salt Cure\n|\n|-damage|p1a: Iron Valiant|83\/100|[from] Salt Cure\n|upkeep\n|turn|42\n|\n|t:|1701194581\n|move|p1a: Iron Valiant|Swords Dance|p1a: Iron Valiant\n|-boost|p1a: Iron Valiant|atk|2\n|move|p2a: Naclstack|Iron Defense|p2a: Naclstack\n|-boost|p2a: Naclstack|def|2\n|\n|-damage|p1a: Iron Valiant|70\/100|[from] Salt Cure\n|upkeep\n|turn|43\n|\n|t:|1701194583\n|move|p1a: Iron Valiant|Close Combat|p2a: Naclstack\n|-supereffective|p2a: Naclstack\n|-damage|p2a: Naclstack|0 fnt\n|-unboost|p1a: Iron Valiant|def|1\n|-unboost|p1a: Iron Valiant|spd|1\n|faint|p2a: Naclstack\n|\n|-damage|p1a: Iron Valiant|58\/100|[from] Salt Cure\n|upkeep\n|\n|t:|1701194585\n|switch|p2a: Snorlax|Snorlax, F|100\/100\n|turn|44\n|\n|t:|1701194587\n|move|p1a: Iron Valiant|Close Combat|p2a: Snorlax\n|-supereffective|p2a: Snorlax\n|-damage|p2a: Snorlax|0 fnt\n|-unboost|p1a: Iron Valiant|def|1\n|-unboost|p1a: Iron Valiant|spd|1\n|faint|p2a: Snorlax\n|\n|win|GalacticEclipse999\n|raw|GalacticEclipse999's rating: 1068 &rarr; <strong>1092<\/strong><br \/>(+24 for winning)\n|raw|Aassadqasd's rating: 1000 &rarr; <strong>1000<\/strong><br \/>(+0 for losing)\n","uploadtime":1701194593,"views":11,"p1id":"galacticeclipse999","p2id":"aassadqasd","formatid":"gen9ou","rating":1000,"private":0,"password":""}