{"id":"gen9ou-1991250725","p1":"Dingles Apetitosis","p2":"OUHF Zam Zam","format":"[Gen 9] OU","log":"|j|\u2606Dingles Apetitosis\n|j|\u2606OUHF Zam Zam\n|t:|1700061301\n|gametype|singles\n|player|p1|Dingles Apetitosis|102|1794\n|player|p2|OUHF Zam Zam|palmer|1816\n|teamsize|p1|6\n|teamsize|p2|6\n|gen|9\n|tier|[Gen 9] OU\n|rated|\n|rule|Sleep Clause Mod: Limit one foe put to sleep\n|rule|Species Clause: Limit one of each Pok\u00e9mon\n|rule|OHKO Clause: OHKO moves are banned\n|rule|Evasion Items Clause: Evasion items are banned\n|rule|Evasion Moves Clause: Evasion moves are banned\n|rule|Endless Battle Clause: Forcing endless battles is banned\n|rule|HP Percentage Mod: HP is shown in percentages\n|clearpoke\n|poke|p1|Breloom, M|\n|poke|p1|Scizor, F|\n|poke|p1|Zapdos|\n|poke|p1|Ting-Lu|\n|poke|p1|Walking Wake|\n|poke|p1|Cinderace, F|\n|poke|p2|Hatterene, F|\n|poke|p2|Ninetales-Alola, F|\n|poke|p2|Rillaboom, F|\n|poke|p2|Sneasler, F|\n|poke|p2|Ursaluna, F|\n|poke|p2|Alomomola, M|\n|teampreview\n|inactive|Battle timer is ON: inactive players will automatically lose when time's up. (requested by OUHF Zam Zam)\n|j| Mslaganjaestranja\n|j| srtyjj\n|inactive|OUHF Zam Zam has 120 seconds left.\n|\n|t:|1700061336\n|start\n|switch|p1a: Breloom|Breloom, M|100\/100\n|switch|p2a: Rillaboom|Rillaboom, F|100\/100\n|-fieldstart|move: Grassy Terrain|[from] ability: Grassy Surge|[of] p2a: Rillaboom\n|turn|1\n|\n|t:|1700061351\n|switch|p1a: Zapdos|Zapdos|100\/100\n|move|p2a: Rillaboom|U-turn|p1a: Zapdos\n|-resisted|p1a: Zapdos\n|-crit|p1a: Zapdos\n|-damage|p1a: Zapdos|87\/100\n|\n|t:|1700061355\n|switch|p2a: Ursaluna|Ursaluna, F|100\/100|[from] U-turn\n|\n|-status|p2a: Ursaluna|brn|[from] item: Flame Orb\n|upkeep\n|turn|2\n|j| Memento Squad\n|\n|t:|1700061378\n|switch|p1a: Scizor|Scizor, F|100\/100\n|move|p2a: Ursaluna|Facade|p1a: Scizor\n|-resisted|p1a: Scizor\n|-damage|p1a: Scizor|35\/100\n|\n|-heal|p1a: Scizor|41\/100|[from] Grassy Terrain\n|-damage|p2a: Ursaluna|94\/100 brn|[from] brn\n|upkeep\n|turn|3\n|j| Glizzward\n|\n|t:|1700061391\n|switch|p2a: Alomomola|Alomomola, M|100\/100\n|move|p1a: Scizor|Close Combat|p2a: Alomomola\n|-damage|p2a: Alomomola|59\/100\n|-unboost|p1a: Scizor|def|1\n|-unboost|p1a: Scizor|spd|1\n|-enditem|p2a: Alomomola|Red Card|[of] p1a: Scizor\n|drag|p1a: Breloom|Breloom, M|100\/100\n|\n|-heal|p2a: Alomomola|65\/100|[from] Grassy Terrain\n|upkeep\n|turn|4\n|\n|t:|1700061409\n|-terastallize|p2a: Alomomola|Flying\n|move|p1a: Breloom|Bullet Seed|p2a: Alomomola\n|-resisted|p2a: Alomomola\n|-damage|p2a: Alomomola|56\/100\n|-resisted|p2a: Alomomola\n|-damage|p2a: Alomomola|48\/100\n|-resisted|p2a: Alomomola\n|-damage|p2a: Alomomola|40\/100\n|-resisted|p2a: Alomomola\n|-damage|p2a: Alomomola|32\/100\n|-hitcount|p2a: Alomomola|4\n|move|p2a: Alomomola|Acrobatics|p1a: Breloom\n|-supereffective|p1a: Breloom\n|-damage|p1a: Breloom|0 fnt\n|faint|p1a: Breloom\n|\n|upkeep\n|c|\u2606Dingles Apetitosis|wtf\n|c|\u2606OUHF Zam Zam|falling a victim to wellspring\n|inactive|Dingles Apetitosis has 120 seconds left.\n|c|\u2606OUHF Zam Zam|sorry friend\n|\n|t:|1700061433\n|switch|p1a: Zapdos|Zapdos|87\/100\n|turn|5\n|\n|t:|1700061439\n|switch|p2a: Ursaluna|Ursaluna, F|94\/100 brn\n|move|p1a: Zapdos|Hurricane|p2a: Ursaluna\n|-damage|p2a: Ursaluna|54\/100 brn\n|\n|-heal|p2a: Ursaluna|60\/100 brn|[from] Grassy Terrain\n|-damage|p2a: Ursaluna|54\/100 brn|[from] brn\n|upkeep\n|turn|6\n|j| Misuta Zero\n|inactive|Dingles Apetitosis has 120 seconds left.\n|\n|t:|1700061461\n|switch|p1a: Ting-Lu|Ting-Lu|100\/100\n|-ability|p1a: Ting-Lu|Vessel of Ruin\n|move|p2a: Ursaluna|Facade|p1a: Ting-Lu\n|-damage|p1a: Ting-Lu|32\/100\n|\n|-heal|p2a: Ursaluna|60\/100 brn|[from] Grassy Terrain\n|-heal|p1a: Ting-Lu|38\/100|[from] Grassy Terrain\n|-heal|p1a: Ting-Lu|45\/100|[from] item: Leftovers\n|-damage|p2a: Ursaluna|54\/100 brn|[from] brn\n|upkeep\n|turn|7\n|\n|t:|1700061467\n|move|p2a: Ursaluna|Facade|p1a: Ting-Lu\n|-damage|p1a: Ting-Lu|0 fnt\n|faint|p1a: Ting-Lu\n|\n|-heal|p2a: Ursaluna|60\/100 brn|[from] Grassy Terrain\n|-damage|p2a: Ursaluna|54\/100 brn|[from] brn\n|upkeep\n|\n|t:|1700061472\n|switch|p1a: Scizor|Scizor, F|41\/100\n|turn|8\n|j| cheese miestro\n|\n|t:|1700061487\n|switch|p2a: Alomomola|Alomomola, M, tera:Flying|65\/100\n|-terastallize|p1a: Scizor|Steel\n|move|p1a: Scizor|Bullet Punch|p2a: Alomomola\n|-damage|p2a: Alomomola|22\/100\n|\n|-heal|p1a: Scizor|47\/100|[from] Grassy Terrain\n|-fieldend|move: Grassy Terrain\n|upkeep\n|turn|9\n|l| Mslaganjaestranja\n|\n|t:|1700061508\n|switch|p2a: Rillaboom|Rillaboom, F|100\/100\n|-fieldstart|move: Grassy Terrain|[from] ability: Grassy Surge|[of] p2a: Rillaboom\n|move|p1a: Scizor|Bullet Punch|p2a: Rillaboom\n|-damage|p2a: Rillaboom|35\/100\n|\n|-heal|p2a: Rillaboom|41\/100|[from] Grassy Terrain\n|-heal|p1a: Scizor|53\/100|[from] Grassy Terrain\n|upkeep\n|turn|10\n|\n|t:|1700061513\n|move|p2a: Rillaboom|Grassy Glide|p1a: Scizor\n|-resisted|p1a: Scizor\n|-damage|p1a: Scizor|33\/100\n|move|p1a: Scizor|Bullet Punch|p2a: Rillaboom\n|-damage|p2a: Rillaboom|0 fnt\n|faint|p2a: Rillaboom\n|\n|-heal|p1a: Scizor|39\/100|[from] Grassy Terrain\n|upkeep\n|\n|t:|1700061532\n|switch|p2a: Ursaluna|Ursaluna, F|54\/100 brn\n|turn|11\n|inactive|Dingles Apetitosis has 120 seconds left.\n|j| lgang007\n|inactive|Dingles Apetitosis has 90 seconds left.\n|inactive|Dingles Apetitosis has 60 seconds left.\n|\n|t:|1700061634\n|move|p1a: Scizor|Bullet Punch|p2a: Ursaluna\n|-damage|p2a: Ursaluna|0 fnt\n|faint|p2a: Ursaluna\n|\n|-heal|p1a: Scizor|45\/100|[from] Grassy Terrain\n|upkeep\n|\n|t:|1700061638\n|switch|p2a: Sneasler|Sneasler, F|100\/100\n|-enditem|p2a: Sneasler|Grassy Seed\n|-boost|p2a: Sneasler|def|1|[from] item: Grassy Seed\n|turn|12\n|inactive|Dingles Apetitosis has 60 seconds left.\n|\n|t:|1700061644\n|switch|p1a: Zapdos|Zapdos|87\/100\n|move|p2a: Sneasler|Close Combat|p1a: Zapdos\n|-resisted|p1a: Zapdos\n|-damage|p1a: Zapdos|60\/100\n|-unboost|p2a: Sneasler|def|1\n|-unboost|p2a: Sneasler|spd|1\n|\n|upkeep\n|turn|13\n|\n|t:|1700061657\n|switch|p2a: Ninetales|Ninetales-Alola, F|100\/100\n|-weather|Snow|[from] ability: Snow Warning|[of] p2a: Ninetales\n|move|p1a: Zapdos|Volt Switch|p2a: Ninetales\n|-damage|p2a: Ninetales|70\/100\n|\n|t:|1700061660\n|switch|p1a: Scizor|Scizor, F, tera:Steel|45\/100|[from] Volt Switch\n|\n|-weather|Snow|[upkeep]\n|-heal|p2a: Ninetales|76\/100|[from] Grassy Terrain\n|-heal|p1a: Scizor|51\/100|[from] Grassy Terrain\n|upkeep\n|turn|14\n|\n|t:|1700061667\n|switch|p2a: Alomomola|Alomomola, M, tera:Flying|55\/100\n|move|p1a: Scizor|Bullet Punch|p2a: Alomomola\n|-damage|p2a: Alomomola|16\/100\n|\n|-weather|Snow|[upkeep]\n|-heal|p1a: Scizor|58\/100|[from] Grassy Terrain\n|upkeep\n|turn|15\n|\n|t:|1700061671\n|move|p1a: Scizor|Bullet Punch|p2a: Alomomola\n|-damage|p2a: Alomomola|0 fnt\n|faint|p2a: Alomomola\n|\n|-weather|Snow|[upkeep]\n|-heal|p1a: Scizor|64\/100|[from] Grassy Terrain\n|upkeep\n|j| Pirate King Zezima\n|\n|t:|1700061674\n|switch|p2a: Sneasler|Sneasler, F|100\/100\n|turn|16\n|inactive|Dingles Apetitosis has 90 seconds left.\n|\n|t:|1700061712\n|move|p1a: Scizor|Bullet Punch|p2a: Sneasler\n|-damage|p2a: Sneasler|0 fnt\n|faint|p2a: Sneasler\n|\n|-weather|Snow|[upkeep]\n|-heal|p1a: Scizor|70\/100|[from] Grassy Terrain\n|-fieldend|move: Grassy Terrain\n|upkeep\n|c| Memento Squad|wtf\n|c| Memento Squad|so strong\n|c|\u2606OUHF Zam Zam|aight stronk rolls\n|c|\u2606OUHF Zam Zam|gg\n|-message|OUHF Zam Zam forfeited.\n|\n|win|Dingles Apetitosis\n|raw|Dingles Apetitosis's rating: 1813 &rarr; <strong>1833<\/strong><br \/>(+20 for winning)\n|raw|OUHF Zam Zam's rating: 1816 &rarr; <strong>1796<\/strong><br \/>(-20 for losing)\n|l|\u2606OUHF Zam Zam\n|l| Glizzward\n|l| cheese miestro\n|l| Pirate King Zezima\n|l| srtyjj\n","uploadtime":1700061761,"views":8,"p1id":"dinglesapetitosis","p2id":"ouhfzamzam","formatid":"gen9ou","rating":1796,"private":0,"password":""}