{"id":"gen9ou-1989939978","p1":"zack_da_snack","p2":"infinite_nihil","format":"[Gen 9] OU","log":"|j|\u2606zack_da_snack\n|j|\u2606infinite_nihil\n|t:|1699908528\n|gametype|singles\n|player|p1|zack_da_snack|101|1285\n|player|p2|infinite_nihil|1|1348\n|teamsize|p1|6\n|teamsize|p2|6\n|gen|9\n|tier|[Gen 9] OU\n|rated|\n|rule|Sleep Clause Mod: Limit one foe put to sleep\n|rule|Species Clause: Limit one of each Pok\u00e9mon\n|rule|OHKO Clause: OHKO moves are banned\n|rule|Evasion Items Clause: Evasion items are banned\n|rule|Evasion Moves Clause: Evasion moves are banned\n|rule|Endless Battle Clause: Forcing endless battles is banned\n|rule|HP Percentage Mod: HP is shown in percentages\n|clearpoke\n|poke|p1|Sneasler, F|\n|poke|p1|Iron Moth|\n|poke|p1|Haxorus, M|\n|poke|p1|Kleavor, F|\n|poke|p1|Ninetales-Alola, F|\n|poke|p1|Kommo-o, M|\n|poke|p2|Politoed, F|\n|poke|p2|Greninja-*, M|\n|poke|p2|Landorus-Therian, M|\n|poke|p2|Rillaboom, F|\n|poke|p2|Basculegion, M|\n|poke|p2|Iron Jugulis|\n|teampreview\n|inactive|Battle timer is ON: inactive players will automatically lose when time's up. (requested by infinite_nihil)\n|\n|t:|1699908551\n|start\n|switch|p1a: Iron Moth|Iron Moth, shiny|100\/100\n|switch|p2a: Politoed|Politoed, F|100\/100\n|-weather|RainDance|[from] ability: Drizzle|[of] p2a: Politoed\n|-enditem|p1a: Iron Moth|Booster Energy\n|-activate|p1a: Iron Moth|ability: Quark Drive|[fromitem]\n|-start|p1a: Iron Moth|quarkdrivespa\n|turn|1\n|\n|t:|1699908566\n|switch|p2a: Landorus|Landorus-Therian, M|100\/100\n|-ability|p2a: Landorus|Intimidate|boost\n|-unboost|p1a: Iron Moth|atk|1\n|move|p1a: Iron Moth|Energy Ball|p2a: Landorus\n|-damage|p2a: Landorus|57\/100\n|-unboost|p2a: Landorus|spd|1\n|-enditem|p2a: Landorus|Eject Button\n|\n|t:|1699908577\n|switch|p2a: Greninja|Greninja, M|100\/100\n|\n|-weather|RainDance|[upkeep]\n|upkeep\n|turn|2\n|\n|t:|1699908588\n|-terastallize|p1a: Iron Moth|Flying\n|move|p2a: Greninja|Hydro Pump|p1a: Iron Moth\n|-damage|p1a: Iron Moth|0 fnt\n|faint|p1a: Iron Moth\n|-end|p1a: Iron Moth|Quark Drive|[silent]\n|-ability|p2a: Greninja|Battle Bond|boost\n|-boost|p2a: Greninja|atk|1\n|-boost|p2a: Greninja|spa|1\n|-boost|p2a: Greninja|spe|1\n|-activate|p2a: Greninja|ability: Battle Bond\n|-damage|p2a: Greninja|91\/100|[from] item: Life Orb\n|\n|-weather|RainDance|[upkeep]\n|upkeep\n|\n|t:|1699908596\n|switch|p1a: Ninetales|Ninetales-Alola, F, shiny|100\/100\n|-weather|Snow|[from] ability: Snow Warning|[of] p1a: Ninetales\n|turn|3\n|\n|t:|1699908602\n|move|p2a: Greninja|Gunk Shot|p1a: Ninetales\n|-supereffective|p1a: Ninetales\n|-damage|p1a: Ninetales|0 fnt\n|faint|p1a: Ninetales\n|-damage|p2a: Greninja|81\/100|[from] item: Life Orb\n|\n|-weather|Snow|[upkeep]\n|upkeep\n|\n|t:|1699908609\n|switch|p1a: Sneasler|Sneasler, F, shiny|100\/100\n|-item|p1a: Sneasler|Air Balloon\n|turn|4\n|\n|t:|1699908624\n|move|p2a: Greninja|Hydro Pump|p1a: Sneasler|[miss]\n|-miss|p2a: Greninja|p1a: Sneasler\n|move|p1a: Sneasler|Dire Claw|p2a: Greninja\n|-damage|p2a: Greninja|6\/100\n|-status|p2a: Greninja|par\n|\n|-weather|Snow|[upkeep]\n|upkeep\n|turn|5\n|\n|t:|1699908635\n|move|p2a: Greninja|Water Shuriken|p1a: Sneasler\n|-damage|p1a: Sneasler|83\/100\n|-enditem|p1a: Sneasler|Air Balloon\n|-damage|p1a: Sneasler|66\/100\n|-hitcount|p1a: Sneasler|2\n|-damage|p2a: Greninja|0 fnt|[from] item: Life Orb\n|faint|p2a: Greninja\n|move|p1a: Sneasler|Dire Claw|p2: Greninja|[notarget]\n|-fail|p1a: Sneasler\n|\n|-weather|Snow|[upkeep]\n|upkeep\n|\n|t:|1699908648\n|switch|p2a: Politoed|Politoed, F|100\/100\n|-weather|RainDance|[from] ability: Drizzle|[of] p2a: Politoed\n|turn|6\n|\n|t:|1699908651\n|switch|p2a: Landorus|Landorus-Therian, M|57\/100\n|-ability|p2a: Landorus|Intimidate|boost\n|-unboost|p1a: Sneasler|atk|1\n|move|p1a: Sneasler|Dire Claw|p2a: Landorus\n|-resisted|p2a: Landorus\n|-damage|p2a: Landorus|47\/100\n|\n|-weather|RainDance|[upkeep]\n|upkeep\n|turn|7\n|\n|t:|1699908662\n|move|p1a: Sneasler|Dire Claw|p2a: Landorus\n|-resisted|p2a: Landorus\n|-damage|p2a: Landorus|37\/100\n|-status|p2a: Landorus|psn\n|move|p2a: Landorus|U-turn|p1a: Sneasler\n|-resisted|p1a: Sneasler\n|-damage|p1a: Sneasler|57\/100\n|\n|t:|1699908668\n|switch|p2a: Rillaboom|Rillaboom, F|100\/100|[from] U-turn\n|-fieldstart|move: Grassy Terrain|[from] ability: Grassy Surge|[of] p2a: Rillaboom\n|\n|-weather|RainDance|[upkeep]\n|-heal|p1a: Sneasler|63\/100|[from] Grassy Terrain\n|upkeep\n|turn|8\n|\n|t:|1699908674\n|move|p2a: Rillaboom|Grassy Glide|p1a: Sneasler\n|-resisted|p1a: Sneasler\n|-damage|p1a: Sneasler|11\/100\n|move|p1a: Sneasler|Dire Claw|p2a: Rillaboom\n|-supereffective|p2a: Rillaboom\n|-damage|p2a: Rillaboom|40\/100\n|-status|p2a: Rillaboom|slp\n|\n|-weather|RainDance|[upkeep]\n|-heal|p1a: Sneasler|17\/100|[from] Grassy Terrain\n|-heal|p2a: Rillaboom|46\/100 slp|[from] Grassy Terrain\n|upkeep\n|turn|9\n|\n|t:|1699908684\n|switch|p2a: Landorus|Landorus-Therian, M|37\/100 psn\n|-ability|p2a: Landorus|Intimidate|boost\n|-unboost|p1a: Sneasler|atk|1\n|move|p1a: Sneasler|Dire Claw|p2a: Landorus\n|-resisted|p2a: Landorus\n|-damage|p2a: Landorus|29\/100 psn\n|\n|-weather|RainDance|[upkeep]\n|-heal|p1a: Sneasler|23\/100|[from] Grassy Terrain\n|-damage|p2a: Landorus|16\/100 psn|[from] psn\n|upkeep\n|turn|10\n|inactive|zack_da_snack has 120 seconds left.\n|\n|t:|1699908714\n|move|p1a: Sneasler|Dire Claw|p2a: Landorus\n|-resisted|p2a: Landorus\n|-damage|p2a: Landorus|8\/100 psn\n|move|p2a: Landorus|Sandsear Storm|p1a: Sneasler\n|-supereffective|p1a: Sneasler\n|-damage|p1a: Sneasler|0 fnt\n|faint|p1a: Sneasler\n|\n|-weather|RainDance|[upkeep]\n|-damage|p2a: Landorus|0 fnt|[from] psn\n|faint|p2a: Landorus\n|upkeep\n|inactive|zack_da_snack has 120 seconds left.\n|\n|t:|1699908729\n|switch|p1a: Kommo-o|Kommo-o, M, shiny|100\/100\n|switch|p2a: Iron Jugulis|Iron Jugulis|100\/100\n|-enditem|p2a: Iron Jugulis|Booster Energy\n|-activate|p2a: Iron Jugulis|ability: Quark Drive|[fromitem]\n|-start|p2a: Iron Jugulis|quarkdrivespe\n|turn|11\n|\n|t:|1699908734\n|move|p2a: Iron Jugulis|Hurricane|p1a: Kommo-o\n|-supereffective|p1a: Kommo-o\n|-damage|p1a: Kommo-o|0 fnt\n|faint|p1a: Kommo-o\n|\n|-weather|RainDance|[upkeep]\n|-fieldend|move: Grassy Terrain\n|upkeep\n|\n|t:|1699908738\n|switch|p1a: Kleavor|Kleavor, F, shiny|100\/100\n|turn|12\n|\n|t:|1699908745\n|move|p2a: Iron Jugulis|Hurricane|p1a: Kleavor\n|-damage|p1a: Kleavor|51\/100\n|move|p1a: Kleavor|Stone Axe|p2a: Iron Jugulis\n|-supereffective|p2a: Iron Jugulis\n|-damage|p2a: Iron Jugulis|0 fnt\n|-sidestart|p2: infinite_nihil|move: Stealth Rock\n|faint|p2a: Iron Jugulis\n|-end|p2a: Iron Jugulis|Quark Drive|[silent]\n|\n|-weather|RainDance|[upkeep]\n|upkeep\n|\n|t:|1699908757\n|switch|p2a: Rillaboom|Rillaboom, F|46\/100 slp\n|-damage|p2a: Rillaboom|34\/100 slp|[from] Stealth Rock\n|-fieldstart|move: Grassy Terrain|[from] ability: Grassy Surge|[of] p2a: Rillaboom\n|turn|13\n|\n|t:|1699908763\n|cant|p2a: Rillaboom|slp\n|move|p1a: Kleavor|X-Scissor|p2a: Rillaboom\n|-supereffective|p2a: Rillaboom\n|-damage|p2a: Rillaboom|0 fnt\n|faint|p2a: Rillaboom\n|\n|-weather|none\n|-heal|p1a: Kleavor|57\/100|[from] Grassy Terrain\n|upkeep\n|\n|t:|1699908768\n|switch|p2a: Politoed|Politoed, F|100\/100\n|-damage|p2a: Politoed|88\/100|[from] Stealth Rock\n|-weather|RainDance|[from] ability: Drizzle|[of] p2a: Politoed\n|turn|14\n|\n|t:|1699908783\n|move|p1a: Kleavor|X-Scissor|p2a: Politoed\n|-damage|p2a: Politoed|4\/100\n|move|p2a: Politoed|Surf|p1a: Kleavor\n|-supereffective|p1a: Kleavor\n|-damage|p1a: Kleavor|0 fnt\n|faint|p1a: Kleavor\n|\n|-weather|RainDance|[upkeep]\n|-heal|p2a: Politoed|10\/100|[from] Grassy Terrain\n|upkeep\n|\n|t:|1699908788\n|switch|p1a: Haxorus|Haxorus, M, shiny|100\/100\n|-ability|p1a: Haxorus|Mold Breaker\n|turn|15\n|\n|t:|1699908808\n|move|p1a: Haxorus|Earthquake|p2a: Politoed\n|-damage|p2a: Politoed|0 fnt\n|faint|p2a: Politoed\n|\n|-weather|RainDance|[upkeep]\n|upkeep\n|\n|t:|1699908810\n|switch|p2a: Basculegion|Basculegion, M|100\/100\n|-damage|p2a: Basculegion|88\/100|[from] Stealth Rock\n|turn|16\n|\n|t:|1699908820\n|-terastallize|p2a: Basculegion|Water\n|move|p2a: Basculegion|Wave Crash|p1a: Haxorus\n|-resisted|p1a: Haxorus\n|-damage|p1a: Haxorus|0 fnt\n|faint|p1a: Haxorus\n|-damage|p2a: Basculegion|63\/100|[from] Recoil\n|\n|win|infinite_nihil\n|raw|zack_da_snack's rating: 1285 &rarr; <strong>1264<\/strong><br \/>(-21 for losing)\n|raw|infinite_nihil's rating: 1348 &rarr; <strong>1364<\/strong><br \/>(+16 for winning)\n|c|\u2606zack_da_snack|gg\n|c|\u2606infinite_nihil|gg\n|l|\u2606infinite_nihil\n","uploadtime":1699908863,"views":17,"p1id":"zackdasnack","p2id":"infinitenihil","formatid":"gen9ou","rating":1264,"private":0,"password":""}