{"id":"gen9ou-1988414023","p1":"Kunzen","p2":"Anonxx01","format":"[Gen 9] OU","log":"|j|\u2606Kunzen\n|j|\u2606Anonxx01\n|t:|1699720316\n|gametype|singles\n|player|p1|Kunzen|riley|1663\n|player|p2|Anonxx01|bruno-gen1|1640\n|teamsize|p1|6\n|teamsize|p2|6\n|gen|9\n|tier|[Gen 9] OU\n|rated|\n|rule|Sleep Clause Mod: Limit one foe put to sleep\n|rule|Species Clause: Limit one of each Pok\u00e9mon\n|rule|OHKO Clause: OHKO moves are banned\n|rule|Evasion Items Clause: Evasion items are banned\n|rule|Evasion Moves Clause: Evasion moves are banned\n|rule|Endless Battle Clause: Forcing endless battles is banned\n|rule|HP Percentage Mod: HP is shown in percentages\n|clearpoke\n|poke|p1|Rillaboom, F|\n|poke|p1|Armarouge, F|\n|poke|p1|Ogerpon-Cornerstone, F|\n|poke|p1|Kommo-o, M|\n|poke|p1|Iron Treads|\n|poke|p1|Sneasler, M|\n|poke|p2|Brambleghast, M|\n|poke|p2|Ting-Lu|\n|poke|p2|Crawdaunt, F|\n|poke|p2|Scizor, M|\n|poke|p2|Ninetales-Alola, F|\n|poke|p2|Enamorus, F|\n|teampreview\n|inactive|Battle timer is ON: inactive players will automatically lose when time's up. (requested by Anonxx01)\n|\n|t:|1699720333\n|start\n|switch|p1a: Iron Treads|Iron Treads|100\/100\n|switch|p2a: Scizor|Scizor, M|100\/100\n|-enditem|p1a: Iron Treads|Booster Energy\n|-activate|p1a: Iron Treads|ability: Quark Drive|[fromitem]\n|-start|p1a: Iron Treads|quarkdrivespe\n|turn|1\n|j| JaimeLX\n|\n|t:|1699720346\n|switch|p2a: Ting-Lu|Ting-Lu|100\/100\n|-ability|p2a: Ting-Lu|Vessel of Ruin\n|move|p1a: Iron Treads|Stealth Rock|p2a: Ting-Lu\n|-sidestart|p2: Anonxx01|move: Stealth Rock\n|\n|upkeep\n|turn|2\n|\n|t:|1699720350\n|move|p1a: Iron Treads|Earth Power|p2a: Ting-Lu\n|-damage|p2a: Ting-Lu|87\/100\n|move|p2a: Ting-Lu|Stealth Rock|p1a: Iron Treads\n|-sidestart|p1: Kunzen|move: Stealth Rock\n|\n|-heal|p2a: Ting-Lu|93\/100|[from] item: Leftovers\n|upkeep\n|turn|3\n|\n|t:|1699720354\n|move|p1a: Iron Treads|Rapid Spin|p2a: Ting-Lu\n|-damage|p2a: Ting-Lu|86\/100\n|-boost|p1a: Iron Treads|spe|1\n|-sideend|p1: Kunzen|Stealth Rock|[from] move: Rapid Spin|[of] p1a: Iron Treads\n|move|p2a: Ting-Lu|Earthquake|p1a: Iron Treads\n|-supereffective|p1a: Iron Treads\n|-damage|p1a: Iron Treads|40\/100\n|\n|-heal|p2a: Ting-Lu|92\/100|[from] item: Leftovers\n|upkeep\n|turn|4\n|\n|t:|1699720364\n|move|p1a: Iron Treads|Earth Power|p2a: Ting-Lu\n|-damage|p2a: Ting-Lu|76\/100\n|move|p2a: Ting-Lu|Stealth Rock|p1a: Iron Treads\n|-sidestart|p1: Kunzen|move: Stealth Rock\n|\n|-heal|p2a: Ting-Lu|83\/100|[from] item: Leftovers\n|upkeep\n|turn|5\n|\n|t:|1699720367\n|move|p1a: Iron Treads|Rapid Spin|p2a: Ting-Lu\n|-damage|p2a: Ting-Lu|76\/100\n|-boost|p1a: Iron Treads|spe|1\n|-sideend|p1: Kunzen|Stealth Rock|[from] move: Rapid Spin|[of] p1a: Iron Treads\n|move|p2a: Ting-Lu|Earthquake|p1a: Iron Treads\n|-supereffective|p1a: Iron Treads\n|-damage|p1a: Iron Treads|0 fnt\n|faint|p1a: Iron Treads\n|-end|p1a: Iron Treads|Quark Drive|[silent]\n|\n|-heal|p2a: Ting-Lu|82\/100|[from] item: Leftovers\n|upkeep\n|\n|t:|1699720382\n|switch|p1a: Rillaboom|Rillaboom, F|100\/100\n|-fieldstart|move: Grassy Terrain|[from] ability: Grassy Surge|[of] p1a: Rillaboom\n|turn|6\n|inactive|Anonxx01 has 120 seconds left.\n|\n|t:|1699720413\n|switch|p2a: Crawdaunt|Crawdaunt, F|100\/100\n|-damage|p2a: Crawdaunt|88\/100|[from] Stealth Rock\n|move|p1a: Rillaboom|Wood Hammer|p2a: Crawdaunt\n|-supereffective|p2a: Crawdaunt\n|-damage|p2a: Crawdaunt|0 fnt\n|faint|p2a: Crawdaunt\n|-damage|p1a: Rillaboom|75\/100|[from] Recoil\n|\n|-heal|p1a: Rillaboom|81\/100|[from] Grassy Terrain\n|upkeep\n|l| JaimeLX\n|inactive|Anonxx01 has 120 seconds left.\n|\n|t:|1699720420\n|switch|p2a: Brambleghast|Brambleghast, M|100\/100\n|turn|7\n|j| Tiranito\n|\n|t:|1699720441\n|switch|p1a: Armarouge|Armarouge, F|100\/100\n|-enditem|p1a: Armarouge|Grassy Seed\n|-boost|p1a: Armarouge|def|1|[from] item: Grassy Seed\n|move|p2a: Brambleghast|Rapid Spin|p1a: Armarouge\n|-damage|p1a: Armarouge|92\/100\n|-boost|p2a: Brambleghast|spe|1\n|-ability|p1a: Armarouge|Weak Armor|boost\n|-unboost|p1a: Armarouge|def|1\n|-boost|p1a: Armarouge|spe|2\n|-sideend|p2: Anonxx01|Stealth Rock|[from] move: Rapid Spin|[of] p2a: Brambleghast\n|\n|-heal|p1a: Armarouge|98\/100|[from] Grassy Terrain\n|upkeep\n|turn|8\n|\n|t:|1699720459\n|switch|p2a: Ting-Lu|Ting-Lu|82\/100\n|-ability|p2a: Ting-Lu|Vessel of Ruin\n|move|p1a: Armarouge|Calm Mind|p1a: Armarouge\n|-boost|p1a: Armarouge|spa|1\n|-boost|p1a: Armarouge|spd|1\n|\n|-heal|p1a: Armarouge|100\/100|[from] Grassy Terrain\n|-heal|p2a: Ting-Lu|89\/100|[from] Grassy Terrain\n|-heal|p2a: Ting-Lu|95\/100|[from] item: Leftovers\n|upkeep\n|turn|9\n|\n|t:|1699720466\n|move|p1a: Armarouge|Aura Sphere|p2a: Ting-Lu\n|-supereffective|p2a: Ting-Lu\n|-damage|p2a: Ting-Lu|68\/100\n|move|p2a: Ting-Lu|Whirlwind|p1a: Armarouge\n|drag|p1a: Kommo-o|Kommo-o, M|100\/100\n|\n|-heal|p2a: Ting-Lu|74\/100|[from] Grassy Terrain\n|-heal|p2a: Ting-Lu|80\/100|[from] item: Leftovers\n|upkeep\n|turn|10\n|\n|t:|1699720474\n|move|p1a: Kommo-o|Drain Punch|p2a: Ting-Lu\n|-supereffective|p2a: Ting-Lu\n|-damage|p2a: Ting-Lu|50\/100\n|move|p2a: Ting-Lu|Whirlwind|p1a: Kommo-o\n|drag|p1a: Armarouge|Armarouge, F|100\/100\n|\n|-heal|p2a: Ting-Lu|56\/100|[from] Grassy Terrain\n|-heal|p2a: Ting-Lu|62\/100|[from] item: Leftovers\n|-fieldend|move: Grassy Terrain\n|upkeep\n|turn|11\n|\n|t:|1699720481\n|move|p1a: Armarouge|Calm Mind|p1a: Armarouge\n|-boost|p1a: Armarouge|spa|1\n|-boost|p1a: Armarouge|spd|1\n|move|p2a: Ting-Lu|Stealth Rock|p1a: Armarouge\n|-sidestart|p1: Kunzen|move: Stealth Rock\n|\n|-heal|p2a: Ting-Lu|69\/100|[from] item: Leftovers\n|upkeep\n|turn|12\n|j| jdbysjwwh\n|\n|t:|1699720484\n|move|p1a: Armarouge|Aura Sphere|p2a: Ting-Lu\n|-supereffective|p2a: Ting-Lu\n|-damage|p2a: Ting-Lu|40\/100\n|move|p2a: Ting-Lu|Earthquake|p1a: Armarouge\n|-supereffective|p1a: Armarouge\n|-damage|p1a: Armarouge|39\/100\n|-ability|p1a: Armarouge|Weak Armor|boost\n|-unboost|p1a: Armarouge|def|1\n|-boost|p1a: Armarouge|spe|2\n|\n|-heal|p2a: Ting-Lu|46\/100|[from] item: Leftovers\n|upkeep\n|turn|13\n|\n|t:|1699720490\n|move|p1a: Armarouge|Aura Sphere|p2a: Ting-Lu\n|-supereffective|p2a: Ting-Lu\n|-damage|p2a: Ting-Lu|16\/100\n|move|p2a: Ting-Lu|Earthquake|p1a: Armarouge\n|-supereffective|p1a: Armarouge\n|-damage|p1a: Armarouge|0 fnt\n|faint|p1a: Armarouge\n|\n|-heal|p2a: Ting-Lu|23\/100|[from] item: Leftovers\n|upkeep\n|\n|t:|1699720501\n|switch|p1a: Ogerpon|Ogerpon-Cornerstone, F|100\/100\n|-damage|p1a: Ogerpon|88\/100|[from] Stealth Rock\n|turn|14\n|\n|t:|1699720504\n|switch|p2a: Brambleghast|Brambleghast, M|100\/100\n|move|p1a: Ogerpon|Horn Leech|p2a: Brambleghast\n|-resisted|p2a: Brambleghast\n|-damage|p2a: Brambleghast|60\/100\n|-heal|p1a: Ogerpon|100\/100|[from] drain|[of] p2a: Brambleghast\n|\n|upkeep\n|turn|15\n|\n|t:|1699720509\n|move|p1a: Ogerpon|Ivy Cudgel|p2a: Brambleghast\n|-damage|p2a: Brambleghast|0 fnt\n|faint|p2a: Brambleghast\n|\n|upkeep\n|\n|t:|1699720519\n|switch|p2a: Enamorus|Enamorus, F|100\/100\n|turn|16\n|\n|t:|1699720521\n|move|p2a: Enamorus|Healing Wish|p2a: Enamorus\n|faint|p2a: Enamorus\n|move|p1a: Ogerpon|Ivy Cudgel|p2: Enamorus|[notarget]\n|-fail|p1a: Ogerpon\n|\n|upkeep\n|\n|t:|1699720528\n|switch|p2a: Scizor|Scizor, M|100\/100\n|turn|17\n|j| kaedehara\n|\n|t:|1699720556\n|move|p2a: Scizor|Bullet Punch|p1a: Ogerpon\n|-supereffective|p1a: Ogerpon\n|-ability|p1a: Ogerpon|Sturdy\n|-damage|p1a: Ogerpon|1\/100\n|-damage|p2a: Scizor|91\/100|[from] item: Life Orb\n|move|p1a: Ogerpon|Ivy Cudgel|p2a: Scizor\n|-crit|p2a: Scizor\n|-damage|p2a: Scizor|1\/100\n|\n|upkeep\n|turn|18\n|\n|t:|1699720581\n|move|p2a: Scizor|Bullet Punch|p1a: Ogerpon\n|-supereffective|p1a: Ogerpon\n|-damage|p1a: Ogerpon|0 fnt\n|faint|p1a: Ogerpon\n|-damage|p2a: Scizor|0 fnt|[from] item: Life Orb\n|faint|p2a: Scizor\n|\n|upkeep\n|\n|t:|1699720597\n|switch|p1a: Kommo-o|Kommo-o, M|100\/100\n|switch|p2a: Ninetales|Ninetales-Alola, F, shiny|100\/100\n|-weather|Snow|[from] ability: Snow Warning|[of] p2a: Ninetales\n|-damage|p1a: Kommo-o|94\/100|[from] Stealth Rock\n|turn|19\n|inactive|Anonxx01 has 120 seconds left.\n|\n|t:|1699720630\n|-terastallize|p1a: Kommo-o|Fire\n|move|p2a: Ninetales|Aurora Veil|p2a: Ninetales\n|-sidestart|p2: Anonxx01|move: Aurora Veil\n|move|p1a: Kommo-o|Clangorous Soul|p1a: Kommo-o\n|-boost|p1a: Kommo-o|atk|1\n|-boost|p1a: Kommo-o|def|1\n|-boost|p1a: Kommo-o|spa|1\n|-boost|p1a: Kommo-o|spd|1\n|-boost|p1a: Kommo-o|spe|1\n|-damage|p1a: Kommo-o|61\/100\n|\n|-weather|Snow|[upkeep]\n|-heal|p1a: Kommo-o|68\/100|[from] item: Leftovers\n|upkeep\n|turn|20\n|\n|t:|1699720636\n|move|p1a: Kommo-o|Flamethrower|p2a: Ninetales\n|-supereffective|p2a: Ninetales\n|-damage|p2a: Ninetales|44\/100\n|move|p2a: Ninetales|Encore|p1a: Kommo-o\n|-start|p1a: Kommo-o|Encore\n|\n|-weather|Snow|[upkeep]\n|-heal|p1a: Kommo-o|74\/100|[from] item: Leftovers\n|upkeep\n|turn|21\n|\n|t:|1699720641\n|switch|p2a: Ting-Lu|Ting-Lu|23\/100\n|-heal|p2a: Ting-Lu|100\/100|[from] move: Healing Wish\n|-ability|p2a: Ting-Lu|Vessel of Ruin\n|move|p1a: Kommo-o|Flamethrower|p2a: Ting-Lu\n|-damage|p2a: Ting-Lu|87\/100\n|\n|-weather|Snow|[upkeep]\n|-heal|p1a: Kommo-o|80\/100|[from] item: Leftovers\n|-heal|p2a: Ting-Lu|94\/100|[from] item: Leftovers\n|upkeep\n|turn|22\n|j| debilos\n|\n|t:|1699720648\n|move|p1a: Kommo-o|Flamethrower|p2a: Ting-Lu\n|-damage|p2a: Ting-Lu|83\/100\n|move|p2a: Ting-Lu|Earthquake|p1a: Kommo-o\n|-supereffective|p1a: Kommo-o\n|-crit|p1a: Kommo-o\n|-damage|p1a: Kommo-o|0 fnt\n|faint|p1a: Kommo-o\n|\n|-weather|Snow|[upkeep]\n|-heal|p2a: Ting-Lu|89\/100|[from] item: Leftovers\n|upkeep\n|\n|t:|1699720651\n|switch|p1a: Rillaboom|Rillaboom, F|81\/100\n|-damage|p1a: Rillaboom|69\/100|[from] Stealth Rock\n|-fieldstart|move: Grassy Terrain|[from] ability: Grassy Surge|[of] p1a: Rillaboom\n|turn|23\n|\n|t:|1699720656\n|switch|p2a: Ninetales|Ninetales-Alola, F, shiny|44\/100\n|move|p1a: Rillaboom|Wood Hammer|p2a: Ninetales\n|-damage|p2a: Ninetales|0 fnt\n|faint|p2a: Ninetales\n|-damage|p1a: Rillaboom|54\/100|[from] Recoil\n|\n|-weather|none\n|-heal|p1a: Rillaboom|60\/100|[from] Grassy Terrain\n|upkeep\n|\n|t:|1699720663\n|switch|p2a: Ting-Lu|Ting-Lu|89\/100\n|-ability|p2a: Ting-Lu|Vessel of Ruin\n|turn|24\n|\n|t:|1699720671\n|-terastallize|p2a: Ting-Lu|Poison\n|move|p1a: Rillaboom|Wood Hammer|p2a: Ting-Lu\n|-resisted|p2a: Ting-Lu\n|-damage|p2a: Ting-Lu|72\/100\n|-damage|p1a: Rillaboom|52\/100|[from] Recoil\n|move|p2a: Ting-Lu|Stone Edge|p1a: Rillaboom|[miss]\n|-miss|p2a: Ting-Lu|p1a: Rillaboom\n|\n|-heal|p1a: Rillaboom|58\/100|[from] Grassy Terrain\n|-heal|p2a: Ting-Lu|78\/100|[from] Grassy Terrain\n|-heal|p2a: Ting-Lu|84\/100|[from] item: Leftovers\n|upkeep\n|turn|25\n|\n|t:|1699720686\n|switch|p1a: Sneasler|Sneasler, M|100\/100\n|-damage|p1a: Sneasler|94\/100|[from] Stealth Rock\n|-enditem|p1a: Sneasler|Grassy Seed\n|-boost|p1a: Sneasler|def|1|[from] item: Grassy Seed\n|move|p2a: Ting-Lu|Earthquake|p1a: Sneasler\n|-supereffective|p1a: Sneasler\n|-damage|p1a: Sneasler|58\/100\n|\n|-heal|p1a: Sneasler|64\/100|[from] Grassy Terrain\n|-heal|p2a: Ting-Lu|90\/100|[from] Grassy Terrain\n|-heal|p2a: Ting-Lu|97\/100|[from] item: Leftovers\n|upkeep\n|turn|26\n|\n|t:|1699720692\n|move|p1a: Sneasler|Swords Dance|p1a: Sneasler\n|-boost|p1a: Sneasler|atk|2\n|move|p2a: Ting-Lu|Whirlwind|p1a: Sneasler\n|drag|p1a: Rillaboom|Rillaboom, F|58\/100\n|-damage|p1a: Rillaboom|45\/100|[from] Stealth Rock\n|\n|-heal|p1a: Rillaboom|52\/100|[from] Grassy Terrain\n|-heal|p2a: Ting-Lu|100\/100|[from] Grassy Terrain\n|-sideend|p2: Anonxx01|move: Aurora Veil\n|upkeep\n|turn|27\n|\n|t:|1699720700\n|move|p1a: Rillaboom|Knock Off|p2a: Ting-Lu\n|-damage|p2a: Ting-Lu|72\/100\n|-enditem|p2a: Ting-Lu|Leftovers|[from] move: Knock Off|[of] p1a: Rillaboom\n|move|p2a: Ting-Lu|Stone Edge|p1a: Rillaboom\n|-damage|p1a: Rillaboom|26\/100\n|\n|-heal|p1a: Rillaboom|32\/100|[from] Grassy Terrain\n|-heal|p2a: Ting-Lu|78\/100|[from] Grassy Terrain\n|-fieldend|move: Grassy Terrain\n|upkeep\n|turn|28\n|\n|t:|1699720712\n|switch|p1a: Sneasler|Sneasler, M|64\/100\n|-damage|p1a: Sneasler|58\/100|[from] Stealth Rock\n|move|p2a: Ting-Lu|Earthquake|p1a: Sneasler\n|-supereffective|p1a: Sneasler\n|-damage|p1a: Sneasler|0 fnt\n|faint|p1a: Sneasler\n|\n|upkeep\n|\n|t:|1699720715\n|switch|p1a: Rillaboom|Rillaboom, F|32\/100\n|-damage|p1a: Rillaboom|20\/100|[from] Stealth Rock\n|-fieldstart|move: Grassy Terrain|[from] ability: Grassy Surge|[of] p1a: Rillaboom\n|turn|29\n|\n|t:|1699720718\n|move|p1a: Rillaboom|Wood Hammer|p2a: Ting-Lu\n|-resisted|p2a: Ting-Lu\n|-damage|p2a: Ting-Lu|45\/100\n|-damage|p1a: Rillaboom|3\/100|[from] Recoil\n|move|p2a: Ting-Lu|Stone Edge|p1a: Rillaboom|[miss]\n|-miss|p2a: Ting-Lu|p1a: Rillaboom\n|\n|-heal|p1a: Rillaboom|10\/100|[from] Grassy Terrain\n|-heal|p2a: Ting-Lu|51\/100|[from] Grassy Terrain\n|upkeep\n|turn|30\n|\n|t:|1699720721\n|move|p1a: Rillaboom|Wood Hammer|p2a: Ting-Lu\n|-resisted|p2a: Ting-Lu\n|-damage|p2a: Ting-Lu|15\/100\n|-damage|p1a: Rillaboom|0 fnt|[from] Recoil\n|faint|p1a: Rillaboom\n|\n|win|Anonxx01\n|raw|Kunzen's rating: 1663 &rarr; <strong>1642<\/strong><br \/>(-21 for losing)\n|raw|Anonxx01's rating: 1640 &rarr; <strong>1661<\/strong><br \/>(+21 for winning)\n|l|\u2606Kunzen\n|l|\u2606Anonxx01\n","uploadtime":1699720780,"views":17,"p1id":"kunzen","p2id":"anonxx01","formatid":"gen9ou","rating":1642,"private":0,"password":""}