{"id":"gen9ou-1992270916","p1":"Itward_27","p2":"000Epsilon","format":"[Gen 9] OU","log":"|j|\u2606Itward_27\n|j|\u2606000Epsilon\n|t:|1700169577\n|gametype|singles\n|player|p1|Itward_27|alder|1318\n|player|p2|000Epsilon|nate|1341\n|teamsize|p1|6\n|teamsize|p2|6\n|gen|9\n|tier|[Gen 9] OU\n|rated|\n|rule|Sleep Clause Mod: Limit one foe put to sleep\n|rule|Species Clause: Limit one of each Pok\u00e9mon\n|rule|OHKO Clause: OHKO moves are banned\n|rule|Evasion Items Clause: Evasion items are banned\n|rule|Evasion Moves Clause: Evasion moves are banned\n|rule|Endless Battle Clause: Forcing endless battles is banned\n|rule|HP Percentage Mod: HP is shown in percentages\n|clearpoke\n|poke|p1|Alomomola, F|\n|poke|p1|Ogerpon-Wellspring, F|\n|poke|p1|Kingambit, F|\n|poke|p1|Great Tusk|\n|poke|p1|Cinderace, F|\n|poke|p1|Thundurus-Therian, M|\n|poke|p2|Ribombee, M|\n|poke|p2|Iron Moth|\n|poke|p2|Gholdengo|\n|poke|p2|Iron Valiant|\n|poke|p2|Ogerpon-Wellspring, F|\n|poke|p2|Sneasler, M|\n|teampreview\n|inactive|Battle timer is ON: inactive players will automatically lose when time's up. (requested by Itward_27)\n|j| RayBrando\n|\n|t:|1700169591\n|start\n|switch|p1a: Thundurus|Thundurus-Therian, M|100\/100\n|switch|p2a: Ribombee|Ribombee, M|100\/100\n|turn|1\n|\n|t:|1700169596\n|move|p2a: Ribombee|Sticky Web|p1a: Thundurus\n|-sidestart|p1: Itward_27|move: Sticky Web\n|move|p1a: Thundurus|Volt Switch|p2a: Ribombee\n|-damage|p2a: Ribombee|15\/100\n|\n|t:|1700169603\n|switch|p1a: Alomomola|Alomomola, F|100\/100|[from] Volt Switch\n|-activate|p1a: Alomomola|move: Sticky Web\n|-unboost|p1a: Alomomola|spe|1\n|\n|upkeep\n|turn|2\n|\n|t:|1700169609\n|move|p2a: Ribombee|U-turn|p1a: Alomomola\n|-damage|p1a: Alomomola|92\/100\n|-enditem|p1a: Alomomola|Red Card|[of] p2a: Ribombee\n|drag|p2a: Iron Valiant|Iron Valiant|100\/100\n|-enditem|p2a: Iron Valiant|Booster Energy\n|-activate|p2a: Iron Valiant|ability: Quark Drive|[fromitem]\n|-start|p2a: Iron Valiant|quarkdrivespe\n|move|p1a: Alomomola|Acrobatics|p2a: Iron Valiant\n|-supereffective|p2a: Iron Valiant\n|-damage|p2a: Iron Valiant|44\/100\n|\n|upkeep\n|turn|3\n|\n|t:|1700169621\n|move|p2a: Iron Valiant|Thunderbolt|p1a: Alomomola\n|-supereffective|p1a: Alomomola\n|-damage|p1a: Alomomola|34\/100\n|move|p1a: Alomomola|Acrobatics|p2a: Iron Valiant\n|-supereffective|p2a: Iron Valiant\n|-damage|p2a: Iron Valiant|0 fnt\n|faint|p2a: Iron Valiant\n|-end|p2a: Iron Valiant|Quark Drive|[silent]\n|\n|upkeep\n|\n|t:|1700169628\n|switch|p2a: Ogerpon|Ogerpon-Wellspring, F|100\/100\n|turn|4\n|\n|t:|1700169634\n|switch|p1a: Thundurus|Thundurus-Therian, M|100\/100\n|move|p2a: Ogerpon|Horn Leech|p1a: Thundurus\n|-resisted|p1a: Thundurus\n|-damage|p1a: Thundurus|69\/100\n|\n|upkeep\n|turn|5\n|\n|t:|1700169645\n|switch|p2a: Gholdengo|Gholdengo|100\/100\n|-item|p2a: Gholdengo|Air Balloon\n|move|p1a: Thundurus|Volt Switch|p2a: Gholdengo\n|-damage|p2a: Gholdengo|34\/100\n|-enditem|p2a: Gholdengo|Air Balloon\n|\n|t:|1700169658\n|switch|p1a: Cinderace|Cinderace, F|100\/100|[from] Volt Switch\n|\n|upkeep\n|turn|6\n|\n|t:|1700169662\n|move|p1a: Cinderace|Pyro Ball|p2a: Gholdengo\n|-supereffective|p2a: Gholdengo\n|-damage|p2a: Gholdengo|0 fnt\n|faint|p2a: Gholdengo\n|\n|upkeep\n|\n|t:|1700169667\n|switch|p2a: Ribombee|Ribombee, M|15\/100\n|turn|7\n|\n|t:|1700169673\n|move|p2a: Ribombee|Stun Spore|p1a: Cinderace\n|-status|p1a: Cinderace|par\n|move|p1a: Cinderace|Pyro Ball|p2a: Ribombee\n|-supereffective|p2a: Ribombee\n|-damage|p2a: Ribombee|0 fnt\n|faint|p2a: Ribombee\n|\n|upkeep\n|\n|t:|1700169679\n|switch|p2a: Ogerpon|Ogerpon-Wellspring, F|100\/100\n|turn|8\n|\n|t:|1700169698\n|-terastallize|p1a: Cinderace|Grass\n|move|p2a: Ogerpon|Ivy Cudgel|p1a: Cinderace|[anim] Ivy Cudgel Water\n|-resisted|p1a: Cinderace\n|-crit|p1a: Cinderace\n|-damage|p1a: Cinderace|40\/100 par\n|move|p1a: Cinderace|Court Change|p1a: Cinderace\n|-swapsideconditions\n|-activate|p1a: Cinderace|move: Court Change\n|\n|upkeep\n|turn|9\n|\n|t:|1700169709\n|switch|p1a: Ogerpon|Ogerpon-Wellspring, F|100\/100\n|-terastallize|p2a: Ogerpon|Water\n|detailschange|p2a: Ogerpon|Ogerpon-Wellspring-Tera, F, tera:Water\n|-ability|p2a: Ogerpon|Embody Aspect (Wellspring)|boost\n|-boost|p2a: Ogerpon|spd|1\n|move|p2a: Ogerpon|Substitute|p2a: Ogerpon\n|-start|p2a: Ogerpon|Substitute\n|-damage|p2a: Ogerpon|76\/100\n|\n|upkeep\n|turn|10\n|\n|t:|1700169719\n|move|p2a: Ogerpon|Swords Dance|p2a: Ogerpon\n|-boost|p2a: Ogerpon|atk|2\n|move|p1a: Ogerpon|Horn Leech|p2a: Ogerpon\n|-supereffective|p2a: Ogerpon\n|-end|p2a: Ogerpon|Substitute\n|\n|upkeep\n|turn|11\n|\n|t:|1700169727\n|move|p1a: Ogerpon|Horn Leech|p2a: Ogerpon\n|-supereffective|p2a: Ogerpon\n|-damage|p2a: Ogerpon|0 fnt\n|faint|p2a: Ogerpon\n|\n|upkeep\n|-message|000Epsilon forfeited.\n|\n|win|Itward_27\n|raw|Itward_27's rating: 1318 &rarr; <strong>1339<\/strong><br \/>(+21 for winning)\n|raw|000Epsilon's rating: 1341 &rarr; <strong>1320<\/strong><br \/>(-21 for losing)\n|l|\u2606000Epsilon\n|c| RayBrando|gg\n","uploadtime":1700169738,"views":9,"p1id":"itward27","p2id":"000epsilon","formatid":"gen9ou","rating":1320,"private":0,"password":""}