{"id":"gen9ou-1998044370","p1":"hhxhwin","p2":"faraeusm","format":"[Gen 9] OU","log":"|j|\u2606hhxhwin\n|j|\u2606faraeusm\n|t:|1700883002\n|gametype|singles\n|player|p1|hhxhwin|hiker-gen4|1380\n|player|p2|faraeusm|101|1298\n|teamsize|p1|6\n|teamsize|p2|6\n|gen|9\n|tier|[Gen 9] OU\n|rated|\n|rule|Sleep Clause Mod: Limit one foe put to sleep\n|rule|Species Clause: Limit one of each Pok\u00e9mon\n|rule|OHKO Clause: OHKO moves are banned\n|rule|Evasion Items Clause: Evasion items are banned\n|rule|Evasion Moves Clause: Evasion moves are banned\n|rule|Endless Battle Clause: Forcing endless battles is banned\n|rule|HP Percentage Mod: HP is shown in percentages\n|clearpoke\n|poke|p1|Great Tusk|\n|poke|p1|Slither Wing|\n|poke|p1|Walking Wake|\n|poke|p1|Heatran, M|\n|poke|p1|Torkoal, F|\n|poke|p1|Sinistcha|\n|poke|p2|Breloom, M|\n|poke|p2|Landorus-Therian, M|\n|poke|p2|Kingambit, M|\n|poke|p2|Cinderace, M|\n|poke|p2|Zapdos|\n|poke|p2|Samurott-Hisui, M|\n|teampreview\n|\n|t:|1700883009\n|start\n|switch|p1a: \u97f3\u7bb1\u87c0\u4fa0|Slither Wing|100\/100\n|switch|p2a: Zapdos|Zapdos, shiny|100\/100\n|turn|1\n|\n|t:|1700883015\n|-end|p1a: \u97f3\u7bb1\u87c0\u4fa0|Protosynthesis|[silent]\n|switch|p1a: \u56fa\u62c9\u591a|Torkoal, F|100\/100\n|-weather|SunnyDay|[from] ability: Drought|[of] p1a: \u56fa\u62c9\u591a\n|move|p2a: Zapdos|Volt Switch|p1a: \u56fa\u62c9\u591a\n|-damage|p1a: \u56fa\u62c9\u591a|54\/100\n|\n|t:|1700883018\n|switch|p2a: Landorus|Landorus-Therian, M|100\/100|[from] Volt Switch\n|-ability|p2a: Landorus|Intimidate|boost\n|-unboost|p1a: \u56fa\u62c9\u591a|atk|1\n|-enditem|p1a: \u56fa\u62c9\u591a|Eject Pack\n|\n|t:|1700883022\n|switch|p1a: \u56f4\u5dfe\u7c73\u7acb\u9f99|Walking Wake|100\/100\n|-activate|p1a: \u56f4\u5dfe\u7c73\u7acb\u9f99|ability: Protosynthesis\n|-start|p1a: \u56f4\u5dfe\u7c73\u7acb\u9f99|protosynthesisspe\n|\n|-weather|SunnyDay|[upkeep]\n|upkeep\n|turn|2\n|\n|t:|1700883029\n|-terastallize|p1a: \u56f4\u5dfe\u7c73\u7acb\u9f99|Water\n|-terastallize|p2a: Landorus|Flying\n|move|p1a: \u56f4\u5dfe\u7c73\u7acb\u9f99|Hydro Steam|p2a: Landorus\n|-damage|p2a: Landorus|0 fnt\n|faint|p2a: Landorus\n|\n|-weather|SunnyDay|[upkeep]\n|upkeep\n|\n|t:|1700883038\n|switch|p2a: Samurott|Samurott-Hisui, M|100\/100\n|turn|3\n|\n|t:|1700883041\n|move|p1a: \u56f4\u5dfe\u7c73\u7acb\u9f99|Hydro Steam|p2a: Samurott\n|-resisted|p2a: Samurott\n|-damage|p2a: Samurott|12\/100\n|move|p2a: Samurott|Ceaseless Edge|p1a: \u56f4\u5dfe\u7c73\u7acb\u9f99\n|-damage|p1a: \u56f4\u5dfe\u7c73\u7acb\u9f99|52\/100\n|-sidestart|p1: hhxhwin|Spikes\n|\n|-weather|SunnyDay|[upkeep]\n|upkeep\n|turn|4\n|\n|t:|1700883044\n|move|p2a: Samurott|Sucker Punch|p1a: \u56f4\u5dfe\u7c73\u7acb\u9f99\n|-damage|p1a: \u56f4\u5dfe\u7c73\u7acb\u9f99|14\/100\n|move|p1a: \u56f4\u5dfe\u7c73\u7acb\u9f99|Hydro Steam|p2a: Samurott\n|-resisted|p2a: Samurott\n|-damage|p2a: Samurott|0 fnt\n|faint|p2a: Samurott\n|\n|-weather|SunnyDay|[upkeep]\n|upkeep\n|\n|t:|1700883046\n|switch|p2a: Breloom|Breloom, M|100\/100\n|turn|5\n|\n|t:|1700883050\n|-end|p1a: \u56f4\u5dfe\u7c73\u7acb\u9f99|Protosynthesis|[silent]\n|switch|p1a: Sinistcha|Sinistcha|100\/100\n|-damage|p1a: Sinistcha|88\/100|[from] Spikes\n|move|p2a: Breloom|Mach Punch|p1a: Sinistcha\n|-immune|p1a: Sinistcha\n|\n|-weather|none\n|-heal|p1a: Sinistcha|94\/100|[from] item: Leftovers\n|upkeep\n|turn|6\n|\n|t:|1700883059\n|switch|p2a: Cinderace|Cinderace, M|100\/100\n|move|p1a: Sinistcha|Iron Defense|p1a: Sinistcha\n|-boost|p1a: Sinistcha|def|2\n|\n|-heal|p1a: Sinistcha|99\/100|[from] item: Leftovers\n|upkeep\n|turn|7\n|\n|t:|1700883066\n|move|p2a: Cinderace|Pyro Ball|p1a: Sinistcha\n|-supereffective|p1a: Sinistcha\n|-damage|p1a: Sinistcha|64\/100\n|-status|p1a: Sinistcha|brn\n|-damage|p2a: Cinderace|91\/100|[from] item: Life Orb\n|move|p1a: Sinistcha|Iron Defense|p1a: Sinistcha\n|-boost|p1a: Sinistcha|def|2\n|\n|-heal|p1a: Sinistcha|70\/100 brn|[from] item: Leftovers\n|-damage|p1a: Sinistcha|67\/100 brn|[from] brn\n|upkeep\n|turn|8\n|\n|t:|1700883075\n|move|p2a: Cinderace|U-turn|p1a: Sinistcha\n|-start|p2a: Cinderace|typechange|Bug|[from] ability: Libero\n|-damage|p1a: Sinistcha|52\/100 brn\n|-damage|p2a: Cinderace|81\/100|[from] item: Life Orb\n|\n|t:|1700883076\n|switch|p2a: Zapdos|Zapdos, shiny|100\/100|[from] U-turn\n|move|p1a: Sinistcha|Calm Mind|p1a: Sinistcha\n|-boost|p1a: Sinistcha|spa|1\n|-boost|p1a: Sinistcha|spd|1\n|\n|-heal|p1a: Sinistcha|58\/100 brn|[from] item: Leftovers\n|-damage|p1a: Sinistcha|55\/100 brn|[from] brn\n|upkeep\n|turn|9\n|\n|t:|1700883079\n|move|p2a: Zapdos|Hurricane|p1a: Sinistcha|[miss]\n|-miss|p2a: Zapdos|p1a: Sinistcha\n|move|p1a: Sinistcha|Giga Drain|p2a: Zapdos\n|-resisted|p2a: Zapdos\n|-crit|p2a: Zapdos\n|-damage|p2a: Zapdos|48\/100\n|-heal|p1a: Sinistcha|80\/100 brn|[from] drain|[of] p2a: Zapdos\n|\n|-heal|p1a: Sinistcha|86\/100 brn|[from] item: Leftovers\n|-damage|p1a: Sinistcha|83\/100 brn|[from] brn\n|upkeep\n|turn|10\n|\n|t:|1700883082\n|move|p2a: Zapdos|Hurricane|p1a: Sinistcha|[miss]\n|-miss|p2a: Zapdos|p1a: Sinistcha\n|move|p1a: Sinistcha|Giga Drain|p2a: Zapdos\n|-resisted|p2a: Zapdos\n|-damage|p2a: Zapdos|12\/100\n|-heal|p1a: Sinistcha|99\/100 brn|[from] drain|[of] p2a: Zapdos\n|\n|-heal|p1a: Sinistcha|100\/100 brn|[from] item: Leftovers\n|-damage|p1a: Sinistcha|98\/100 brn|[from] brn\n|upkeep\n|turn|11\n|\n|t:|1700883085\n|move|p2a: Zapdos|Hurricane|p1a: Sinistcha|[miss]\n|-miss|p2a: Zapdos|p1a: Sinistcha\n|move|p1a: Sinistcha|Giga Drain|p2a: Zapdos\n|-resisted|p2a: Zapdos\n|-damage|p2a: Zapdos|0 fnt\n|-heal|p1a: Sinistcha|100\/100 brn|[from] drain|[of] p2a: Zapdos\n|faint|p2a: Zapdos\n|\n|-damage|p1a: Sinistcha|98\/100 brn|[from] brn\n|upkeep\n|\n|t:|1700883088\n|switch|p2a: Kingambit|Kingambit, M, shiny|100\/100\n|-activate|p2a: Kingambit|ability: Supreme Overlord\n|-start|p2a: Kingambit|fallen3|[silent]\n|turn|12\n|c|\u2606hhxhwin|sorry\n|c|\u2606faraeusm|its ok\n|\n|t:|1700883097\n|move|p1a: Sinistcha|Giga Drain|p2a: Kingambit\n|-resisted|p2a: Kingambit\n|-damage|p2a: Kingambit|70\/100\n|-heal|p1a: Sinistcha|100\/100 brn|[from] drain|[of] p2a: Kingambit\n|move|p2a: Kingambit|Swords Dance|p2a: Kingambit\n|-boost|p2a: Kingambit|atk|2\n|\n|-heal|p2a: Kingambit|76\/100|[from] item: Leftovers\n|-damage|p1a: Sinistcha|98\/100 brn|[from] brn\n|upkeep\n|turn|13\n|c|\u2606faraeusm|its my last battle\n|\n|t:|1700883111\n|move|p1a: Sinistcha|Giga Drain|p2a: Kingambit\n|-resisted|p2a: Kingambit\n|-damage|p2a: Kingambit|48\/100\n|-heal|p1a: Sinistcha|100\/100 brn|[from] drain|[of] p2a: Kingambit\n|move|p2a: Kingambit|Poison Jab|p1a: Sinistcha\n|-damage|p1a: Sinistcha|77\/100 brn\n|\n|-heal|p1a: Sinistcha|83\/100 brn|[from] item: Leftovers\n|-heal|p2a: Kingambit|54\/100|[from] item: Leftovers\n|-damage|p1a: Sinistcha|80\/100 brn|[from] brn\n|upkeep\n|turn|14\n|\n|t:|1700883119\n|move|p1a: Sinistcha|Calm Mind|p1a: Sinistcha\n|-boost|p1a: Sinistcha|spa|1\n|-boost|p1a: Sinistcha|spd|1\n|move|p2a: Kingambit|Iron Head|p1a: Sinistcha\n|-damage|p1a: Sinistcha|43\/100 brn\n|\n|-heal|p1a: Sinistcha|49\/100 brn|[from] item: Leftovers\n|-heal|p2a: Kingambit|60\/100|[from] item: Leftovers\n|-damage|p1a: Sinistcha|46\/100 brn|[from] brn\n|upkeep\n|turn|15\n|\n|t:|1700883123\n|move|p1a: Sinistcha|Giga Drain|p2a: Kingambit\n|-resisted|p2a: Kingambit\n|-damage|p2a: Kingambit|16\/100\n|-heal|p1a: Sinistcha|71\/100 brn|[from] drain|[of] p2a: Kingambit\n|move|p2a: Kingambit|Iron Head|p1a: Sinistcha\n|-damage|p1a: Sinistcha|30\/100 brn\n|\n|-heal|p1a: Sinistcha|36\/100 brn|[from] item: Leftovers\n|-heal|p2a: Kingambit|22\/100|[from] item: Leftovers\n|-damage|p1a: Sinistcha|33\/100 brn|[from] brn\n|upkeep\n|turn|16\n|\n|t:|1700883126\n|move|p1a: Sinistcha|Giga Drain|p2a: Kingambit\n|-resisted|p2a: Kingambit\n|-damage|p2a: Kingambit|0 fnt\n|-heal|p1a: Sinistcha|46\/100 brn|[from] drain|[of] p2a: Kingambit\n|faint|p2a: Kingambit\n|-end|p2a: Kingambit|fallen3|[silent]\n|\n|-heal|p1a: Sinistcha|52\/100 brn|[from] item: Leftovers\n|-damage|p1a: Sinistcha|49\/100 brn|[from] brn\n|upkeep\n|\n|t:|1700883128\n|switch|p2a: Cinderace|Cinderace, M|81\/100\n|turn|17\n|\n|t:|1700883131\n|move|p2a: Cinderace|High Jump Kick|p1a: Sinistcha\n|-start|p2a: Cinderace|typechange|Fighting|[from] ability: Libero\n|-immune|p1a: Sinistcha\n|-damage|p2a: Cinderace|31\/100|[from] highjumpkick\n|move|p1a: Sinistcha|Giga Drain|p2a: Cinderace\n|-damage|p2a: Cinderace|0 fnt\n|-heal|p1a: Sinistcha|62\/100 brn|[from] drain|[of] p2a: Cinderace\n|faint|p2a: Cinderace\n|\n|-heal|p1a: Sinistcha|68\/100 brn|[from] item: Leftovers\n|-damage|p1a: Sinistcha|65\/100 brn|[from] brn\n|upkeep\n|\n|t:|1700883135\n|switch|p2a: Breloom|Breloom, M|100\/100\n|turn|18\n|\n|t:|1700883138\n|move|p2a: Breloom|Swords Dance|p2a: Breloom\n|-boost|p2a: Breloom|atk|2\n|move|p1a: Sinistcha|Giga Drain|p2a: Breloom\n|-resisted|p2a: Breloom\n|-damage|p2a: Breloom|26\/100\n|-heal|p1a: Sinistcha|93\/100 brn|[from] drain|[of] p2a: Breloom\n|\n|-heal|p1a: Sinistcha|99\/100 brn|[from] item: Leftovers\n|-damage|p1a: Sinistcha|96\/100 brn|[from] brn\n|upkeep\n|turn|19\n|\n|t:|1700883141\n|move|p2a: Breloom|Bullet Seed|p1a: Sinistcha\n|-resisted|p1a: Sinistcha\n|-damage|p1a: Sinistcha|89\/100 brn\n|-resisted|p1a: Sinistcha\n|-damage|p1a: Sinistcha|82\/100 brn\n|-hitcount|p1a: Sinistcha|2\n|-damage|p2a: Breloom|16\/100|[from] item: Life Orb\n|move|p1a: Sinistcha|Giga Drain|p2a: Breloom\n|-resisted|p2a: Breloom\n|-damage|p2a: Breloom|0 fnt\n|-heal|p1a: Sinistcha|88\/100 brn|[from] drain|[of] p2a: Breloom\n|faint|p2a: Breloom\n|\n|win|hhxhwin\n|raw|hhxhwin's rating: 1380 &rarr; <strong>1395<\/strong><br \/>(+15 for winning)\n|raw|faraeusm's rating: 1298 &rarr; <strong>1279<\/strong><br \/>(-19 for losing)\n|l|\u2606faraeusm\n","uploadtime":1700883153,"views":1,"p1id":"hhxhwin","p2id":"faraeusm","formatid":"gen9ou","rating":1279,"private":0,"password":""}