{"id":"gen9ou-2000671604","p1":"tenouttaten123","p2":"FleetFoxxx","format":"[Gen 9] OU","log":"|j|\u2606tenouttaten123\n|j|\u2606FleetFoxxx\n|t:|1701217035\n|gametype|singles\n|player|p1|tenouttaten123|1|1684\n|player|p2|FleetFoxxx|flannery|1729\n|teamsize|p1|6\n|teamsize|p2|6\n|gen|9\n|tier|[Gen 9] OU\n|rated|\n|rule|Sleep Clause Mod: Limit one foe put to sleep\n|rule|Species Clause: Limit one of each Pok\u00e9mon\n|rule|OHKO Clause: OHKO moves are banned\n|rule|Evasion Items Clause: Evasion items are banned\n|rule|Evasion Moves Clause: Evasion moves are banned\n|rule|Endless Battle Clause: Forcing endless battles is banned\n|rule|HP Percentage Mod: HP is shown in percentages\n|clearpoke\n|poke|p1|Dragonite, F|\n|poke|p1|Landorus-Therian, M|\n|poke|p1|Iron Valiant|\n|poke|p1|Walking Wake|\n|poke|p1|Tinkaton, F|\n|poke|p1|Tyranitar, F|\n|poke|p2|Cinderace, M|\n|poke|p2|Ogerpon-Wellspring, F|\n|poke|p2|Iron Valiant|\n|poke|p2|Kingambit, M|\n|poke|p2|Slowking-Galar, M|\n|poke|p2|Ting-Lu|\n|teampreview\n|inactive|Battle timer is ON: inactive players will automatically lose when time's up. (requested by tenouttaten123)\n|\n|t:|1701217082\n|start\n|switch|p1a: Tyranitar|Tyranitar, F|100\/100\n|switch|p2a: Ting-Lu|Ting-Lu|100\/100\n|-weather|Sandstorm|[from] ability: Sand Stream|[of] p1a: Tyranitar\n|-ability|p2a: Ting-Lu|Vessel of Ruin\n|turn|1\n|\n|t:|1701217106\n|switch|p1a: Tinkaton|Tinkaton, F|100\/100\n|-ability|p1a: Tinkaton|Mold Breaker\n|move|p2a: Ting-Lu|Spikes|p1a: Tinkaton\n|-sidestart|p1: tenouttaten123|Spikes\n|\n|-weather|Sandstorm|[upkeep]\n|upkeep\n|turn|2\n|\n|t:|1701217127\n|move|p1a: Tinkaton|Encore|p2a: Ting-Lu\n|-start|p2a: Ting-Lu|Encore\n|move|p2a: Ting-Lu|Spikes|p1a: Tinkaton\n|-sidestart|p1: tenouttaten123|Spikes\n|\n|-weather|Sandstorm|[upkeep]\n|upkeep\n|turn|3\n|\n|t:|1701217130\n|move|p1a: Tinkaton|Stealth Rock|p2a: Ting-Lu\n|-sidestart|p2: FleetFoxxx|move: Stealth Rock\n|move|p2a: Ting-Lu|Spikes|p1a: Tinkaton\n|-sidestart|p1: tenouttaten123|Spikes\n|\n|-weather|Sandstorm|[upkeep]\n|upkeep\n|turn|4\n|\n|t:|1701217146\n|switch|p2a: Cinderace|Cinderace, M, shiny|100\/100\n|move|p1a: Tinkaton|Play Rough|p2a: Cinderace\n|-resisted|p2a: Cinderace\n|-damage|p2a: Cinderace|84\/100\n|\n|-weather|Sandstorm|[upkeep]\n|-damage|p2a: Cinderace|78\/100|[from] Sandstorm\n|upkeep\n|turn|5\n|j| NicksRokaya\n|\n|t:|1701217152\n|switch|p1a: Walking Wake|Walking Wake|100\/100\n|move|p2a: Cinderace|Pyro Ball|p1a: Walking Wake\n|-resisted|p1a: Walking Wake\n|-damage|p1a: Walking Wake|84\/100\n|\n|-weather|none\n|upkeep\n|turn|6\n|\n|t:|1701217160\n|move|p2a: Cinderace|U-turn|p1a: Walking Wake\n|-start|p2a: Cinderace|typechange|Bug|[from] ability: Libero\n|-damage|p1a: Walking Wake|44\/100\n|\n|t:|1701217162\n|switch|p2a: Slowking|Slowking-Galar, M, shiny|100\/100|[from] U-turn\n|-damage|p2a: Slowking|88\/100|[from] Stealth Rock\n|move|p1a: Walking Wake|Draco Meteor|p2a: Slowking\n|-damage|p2a: Slowking|54\/100\n|-unboost|p1a: Walking Wake|spa|2\n|\n|upkeep\n|turn|7\n|\n|t:|1701217169\n|move|p1a: Walking Wake|Knock Off|p2a: Slowking\n|-supereffective|p2a: Slowking\n|-damage|p2a: Slowking|30\/100\n|-enditem|p2a: Slowking|Assault Vest|[from] move: Knock Off|[of] p1a: Walking Wake\n|move|p2a: Slowking|Future Sight|p1a: Walking Wake\n|-start|p2a: Slowking|move: Future Sight\n|\n|upkeep\n|turn|8\n|\n|t:|1701217174\n|move|p1a: Walking Wake|Scald|p2a: Slowking\n|-damage|p2a: Slowking|12\/100\n|move|p2a: Slowking|Flamethrower|p1a: Walking Wake\n|-resisted|p1a: Walking Wake\n|-damage|p1a: Walking Wake|37\/100\n|\n|upkeep\n|turn|9\n|\n|t:|1701217180\n|switch|p2a: Ogerpon|Ogerpon-Wellspring, F|100\/100\n|-damage|p2a: Ogerpon|88\/100|[from] Stealth Rock\n|move|p1a: Walking Wake|Flip Turn|p2a: Ogerpon\n|-heal|p2a: Ogerpon|100\/100|[from] ability: Water Absorb|[of] p1a: Walking Wake\n|\n|-end|p1a: Walking Wake|move: Future Sight\n|-damage|p1a: Walking Wake|0 fnt\n|faint|p1a: Walking Wake\n|-end|p1a: Walking Wake|Protosynthesis|[silent]\n|upkeep\n|\n|t:|1701217184\n|switch|p1a: Landorus|Landorus-Therian, M|100\/100\n|-ability|p1a: Landorus|Intimidate|boost\n|-unboost|p2a: Ogerpon|atk|1\n|turn|10\n|\n|t:|1701217197\n|switch|p2a: Ting-Lu|Ting-Lu|100\/100\n|-damage|p2a: Ting-Lu|94\/100|[from] Stealth Rock\n|-ability|p2a: Ting-Lu|Vessel of Ruin\n|move|p1a: Landorus|U-turn|p2a: Ting-Lu\n|-supereffective|p2a: Ting-Lu\n|-damage|p2a: Ting-Lu|74\/100\n|j| HaxxIsPain\n|\n|t:|1701217211\n|switch|p1a: Iron Valiant|Iron Valiant|100\/100|[from] U-turn\n|-damage|p1a: Iron Valiant|76\/100|[from] Spikes\n|\n|-heal|p2a: Ting-Lu|80\/100|[from] item: Leftovers\n|upkeep\n|turn|11\n|\n|t:|1701217225\n|move|p1a: Iron Valiant|Moonblast|p2a: Ting-Lu\n|-supereffective|p2a: Ting-Lu\n|-damage|p2a: Ting-Lu|0 fnt\n|faint|p2a: Ting-Lu\n|\n|upkeep\n|\n|t:|1701217235\n|switch|p2a: Slowking|Slowking-Galar, M, shiny|46\/100\n|-damage|p2a: Slowking|33\/100|[from] Stealth Rock\n|turn|12\n|\n|t:|1701217259\n|-end|p1a: Iron Valiant|Quark Drive|[silent]\n|switch|p1a: Tinkaton|Tinkaton, F|100\/100\n|-ability|p1a: Tinkaton|Mold Breaker\n|move|p2a: Slowking|Sludge Bomb|p1a: Tinkaton\n|-immune|p1a: Tinkaton\n|\n|upkeep\n|turn|13\n|\n|t:|1701217268\n|switch|p2a: Cinderace|Cinderace, M, shiny|78\/100\n|move|p1a: Tinkaton|Encore||[still]\n|-fail|p1a: Tinkaton\n|\n|upkeep\n|turn|14\n|l| NicksRokaya\n|\n|t:|1701217280\n|switch|p1a: Tyranitar|Tyranitar, F|100\/100\n|-damage|p1a: Tyranitar|76\/100|[from] Spikes\n|-weather|Sandstorm|[from] ability: Sand Stream|[of] p1a: Tyranitar\n|move|p2a: Cinderace|Pyro Ball|p1a: Tyranitar\n|-resisted|p1a: Tyranitar\n|-damage|p1a: Tyranitar|51\/100\n|\n|-weather|Sandstorm|[upkeep]\n|-damage|p2a: Cinderace|72\/100|[from] Sandstorm\n|upkeep\n|turn|15\n|\n|t:|1701217285\n|move|p2a: Cinderace|U-turn|p1a: Tyranitar\n|-start|p2a: Cinderace|typechange|Bug|[from] ability: Libero\n|-supereffective|p1a: Tyranitar\n|-crit|p1a: Tyranitar\n|-damage|p1a: Tyranitar|0 fnt\n|faint|p1a: Tyranitar\n|\n|t:|1701217293\n|switch|p2a: Ogerpon|Ogerpon-Wellspring, F|100\/100|[from] U-turn\n|-damage|p2a: Ogerpon|88\/100|[from] Stealth Rock\n|\n|-weather|Sandstorm|[upkeep]\n|-damage|p2a: Ogerpon|82\/100|[from] Sandstorm\n|upkeep\n|\n|t:|1701217303\n|switch|p1a: Landorus|Landorus-Therian, M|100\/100\n|-ability|p1a: Landorus|Intimidate|boost\n|-unboost|p2a: Ogerpon|atk|1\n|turn|16\n|\n|t:|1701217331\n|switch|p2a: Slowking|Slowking-Galar, M, shiny|67\/100\n|-damage|p2a: Slowking|54\/100|[from] Stealth Rock\n|move|p1a: Landorus|U-turn|p2a: Slowking\n|-damage|p2a: Slowking|35\/100\n|\n|t:|1701217353\n|switch|p1a: Iron Valiant|Iron Valiant|76\/100|[from] U-turn\n|-damage|p1a: Iron Valiant|51\/100|[from] Spikes\n|\n|-weather|Sandstorm|[upkeep]\n|-damage|p1a: Iron Valiant|44\/100|[from] Sandstorm\n|-damage|p2a: Slowking|29\/100|[from] Sandstorm\n|upkeep\n|turn|17\n|inactive|tenouttaten123 has 120 seconds left.\n|\n|t:|1701217381\n|move|p1a: Iron Valiant|Moonblast|p2a: Slowking\n|-resisted|p2a: Slowking\n|-damage|p2a: Slowking|0 fnt\n|faint|p2a: Slowking\n|\n|-weather|Sandstorm|[upkeep]\n|-damage|p1a: Iron Valiant|38\/100|[from] Sandstorm\n|upkeep\n|inactive|FleetFoxxx has 120 seconds left.\n|\n|t:|1701217403\n|switch|p2a: Cinderace|Cinderace, M, shiny|72\/100\n|turn|18\n|\n|t:|1701217405\n|move|p2a: Cinderace|Pyro Ball|p1a: Iron Valiant\n|-damage|p1a: Iron Valiant|0 fnt\n|faint|p1a: Iron Valiant\n|-end|p1a: Iron Valiant|Quark Drive|[silent]\n|\n|-weather|none\n|upkeep\n|\n|t:|1701217412\n|switch|p1a: Landorus|Landorus-Therian, M|100\/100\n|-ability|p1a: Landorus|Intimidate|boost\n|-unboost|p2a: Cinderace|atk|1\n|turn|19\n|inactive|FleetFoxxx has 120 seconds left.\n|\n|t:|1701217443\n|switch|p2a: Ogerpon|Ogerpon-Wellspring, F|82\/100\n|-damage|p2a: Ogerpon|70\/100|[from] Stealth Rock\n|move|p1a: Landorus|Earthquake|p2a: Ogerpon\n|-resisted|p2a: Ogerpon\n|-damage|p2a: Ogerpon|35\/100\n|\n|upkeep\n|turn|20\n|\n|t:|1701217454\n|move|p1a: Landorus|Earthquake|p2a: Ogerpon\n|-resisted|p2a: Ogerpon\n|-damage|p2a: Ogerpon|0 fnt\n|faint|p2a: Ogerpon\n|\n|upkeep\n|inactive|FleetFoxxx has 120 seconds left.\n|j| dfghhhg\n|\n|t:|1701217487\n|switch|p2a: Kingambit|Kingambit, M, shiny|100\/100\n|-damage|p2a: Kingambit|94\/100|[from] Stealth Rock\n|-activate|p2a: Kingambit|ability: Supreme Overlord\n|-start|p2a: Kingambit|fallen3|[silent]\n|turn|21\n|\n|t:|1701217493\n|switch|p1a: Tinkaton|Tinkaton, F|100\/100\n|-ability|p1a: Tinkaton|Mold Breaker\n|-terastallize|p2a: Kingambit|Flying\n|move|p2a: Kingambit|Iron Head|p1a: Tinkaton\n|-damage|p1a: Tinkaton|36\/100\n|\n|-heal|p2a: Kingambit|100\/100|[from] item: Leftovers\n|upkeep\n|turn|22\n|\n|t:|1701217501\n|-end|p2a: Kingambit|fallen3|[silent]\n|switch|p2a: Cinderace|Cinderace, M, shiny|72\/100\n|move|p1a: Tinkaton|Thunder Wave|p2a: Cinderace\n|-status|p2a: Cinderace|par\n|\n|upkeep\n|turn|23\n|\n|t:|1701217507\n|move|p1a: Tinkaton|Play Rough|p2a: Cinderace\n|-resisted|p2a: Cinderace\n|-crit|p2a: Cinderace\n|-damage|p2a: Cinderace|47\/100 par\n|cant|p2a: Cinderace|par\n|\n|upkeep\n|turn|24\n|\n|t:|1701217512\n|move|p1a: Tinkaton|Play Rough|p2a: Cinderace\n|-resisted|p2a: Cinderace\n|-damage|p2a: Cinderace|30\/100 par\n|move|p2a: Cinderace|Pyro Ball|p1a: Tinkaton\n|-supereffective|p1a: Tinkaton\n|-damage|p1a: Tinkaton|0 fnt\n|faint|p1a: Tinkaton\n|\n|upkeep\n|\n|t:|1701217517\n|switch|p1a: Dragonite|Dragonite, F|100\/100\n|turn|25\n|\n|t:|1701217521\n|move|p1a: Dragonite|Dragon Dance|p1a: Dragonite\n|-boost|p1a: Dragonite|atk|1\n|-boost|p1a: Dragonite|spe|1\n|move|p2a: Cinderace|U-turn|p1a: Dragonite\n|-start|p2a: Cinderace|typechange|Bug|[from] ability: Libero\n|-resisted|p1a: Dragonite\n|-damage|p1a: Dragonite|91\/100\n|\n|t:|1701217525\n|switch|p2a: Iron Valiant|Iron Valiant, shiny|100\/100|[from] U-turn\n|-damage|p2a: Iron Valiant|94\/100|[from] Stealth Rock\n|-enditem|p2a: Iron Valiant|Booster Energy\n|-activate|p2a: Iron Valiant|ability: Quark Drive|[fromitem]\n|-start|p2a: Iron Valiant|quarkdrivespe\n|\n|upkeep\n|turn|26\n|\n|t:|1701217530\n|-terastallize|p1a: Dragonite|Normal\n|move|p1a: Dragonite|Extreme Speed|p2a: Iron Valiant\n|-damage|p2a: Iron Valiant|5\/100\n|move|p2a: Iron Valiant|Moonblast|p1a: Dragonite\n|-damage|p1a: Dragonite|40\/100\n|\n|upkeep\n|turn|27\n|\n|t:|1701217537\n|move|p1a: Dragonite|Extreme Speed|p2a: Iron Valiant\n|-damage|p2a: Iron Valiant|0 fnt\n|faint|p2a: Iron Valiant\n|-end|p2a: Iron Valiant|Quark Drive|[silent]\n|\n|upkeep\n|\n|t:|1701217540\n|switch|p2a: Kingambit|Kingambit, M, shiny, tera:Flying|100\/100\n|-damage|p2a: Kingambit|76\/100|[from] Stealth Rock\n|-activate|p2a: Kingambit|ability: Supreme Overlord\n|-start|p2a: Kingambit|fallen4|[silent]\n|turn|28\n|\n|t:|1701217543\n|move|p1a: Dragonite|Ice Spinner|p2a: Kingambit\n|-supereffective|p2a: Kingambit\n|-damage|p2a: Kingambit|0 fnt\n|faint|p2a: Kingambit\n|-end|p2a: Kingambit|fallen4|[silent]\n|\n|upkeep\n|-message|FleetFoxxx forfeited.\n|\n|win|tenouttaten123\n|raw|tenouttaten123's rating: 1684 &rarr; <strong>1705<\/strong><br \/>(+21 for winning)\n|raw|FleetFoxxx's rating: 1694 &rarr; <strong>1673<\/strong><br \/>(-21 for losing)\n|l|\u2606FleetFoxxx\n","uploadtime":1701217601,"views":0,"p1id":"tenouttaten123","p2id":"fleetfoxxx","formatid":"gen9ou","rating":1673,"private":0,"password":""}