{"id":"gen9ou-1989757642","p1":"TheNutmeg33","p2":"Djigne","format":"[Gen 9] OU","log":"|j|\u2606TheNutmeg33\n|j|\u2606Djigne\n|t:|1699893195\n|gametype|singles\n|player|p1|TheNutmeg33|169|1562\n|player|p2|Djigne|norman|1527\n|teamsize|p1|6\n|teamsize|p2|6\n|gen|9\n|tier|[Gen 9] OU\n|rated|\n|rule|Sleep Clause Mod: Limit one foe put to sleep\n|rule|Species Clause: Limit one of each Pok\u00e9mon\n|rule|OHKO Clause: OHKO moves are banned\n|rule|Evasion Items Clause: Evasion items are banned\n|rule|Evasion Moves Clause: Evasion moves are banned\n|rule|Endless Battle Clause: Forcing endless battles is banned\n|rule|HP Percentage Mod: HP is shown in percentages\n|clearpoke\n|poke|p1|Iron Moth|\n|poke|p1|Great Tusk|\n|poke|p1|Garganacl, M|\n|poke|p1|Clodsire, F|\n|poke|p1|Corviknight, M|\n|poke|p1|Rillaboom, M|\n|poke|p2|Samurott-Hisui, F|\n|poke|p2|Mimikyu, M|\n|poke|p2|Garchomp, M|\n|poke|p2|Iron Valiant|\n|poke|p2|Heatran, M|\n|poke|p2|Scizor, M|\n|teampreview\n|inactive|Battle timer is ON: inactive players will automatically lose when time's up. (requested by TheNutmeg33)\n|\n|t:|1699893199\n|start\n|switch|p1a: Corviknight|Corviknight, M, shiny|100\/100\n|switch|p2a: Samurott|Samurott-Hisui, F|100\/100\n|-ability|p1a: Corviknight|Pressure\n|turn|1\n|\n|t:|1699893207\n|move|p2a: Samurott|Knock Off|p1a: Corviknight\n|-damage|p1a: Corviknight|76\/100\n|-damage|p2a: Samurott|84\/100|[from] item: Rocky Helmet|[of] p1a: Corviknight\n|-enditem|p1a: Corviknight|Rocky Helmet|[from] move: Knock Off|[of] p2a: Samurott\n|move|p1a: Corviknight|Brave Bird|p2a: Samurott\n|-damage|p2a: Samurott|36\/100\n|-damage|p1a: Corviknight|64\/100|[from] Recoil\n|\n|upkeep\n|turn|2\n|\n|t:|1699893217\n|move|p2a: Samurott|Ceaseless Edge|p1a: Corviknight\n|-damage|p1a: Corviknight|38\/100\n|-sidestart|p1: TheNutmeg33|Spikes\n|move|p1a: Corviknight|U-turn|p2a: Samurott\n|-supereffective|p2a: Samurott\n|-damage|p2a: Samurott|1\/100\n|\n|t:|1699893222\n|switch|p1a: Great Tusk|Great Tusk, shiny|100\/100|[from] U-turn\n|\n|upkeep\n|turn|3\n|\n|t:|1699893228\n|move|p1a: Great Tusk|Rapid Spin|p2a: Samurott\n|-damage|p2a: Samurott|0 fnt\n|-boost|p1a: Great Tusk|spe|1\n|-sideend|p1: TheNutmeg33|Spikes|[from] move: Rapid Spin|[of] p1a: Great Tusk\n|faint|p2a: Samurott\n|\n|upkeep\n|\n|t:|1699893240\n|switch|p2a: Garchomp|Garchomp, M|100\/100\n|turn|4\n|\n|t:|1699893246\n|move|p1a: Great Tusk|Ice Spinner|p2a: Garchomp\n|-supereffective|p2a: Garchomp\n|-damage|p2a: Garchomp|0 fnt\n|-damage|p1a: Great Tusk|88\/100|[from] ability: Rough Skin|[of] p2a: Garchomp\n|faint|p2a: Garchomp\n|\n|upkeep\n|\n|t:|1699893256\n|switch|p2a: Heatran|Heatran, M|100\/100\n|-item|p2a: Heatran|Air Balloon\n|turn|5\n|\n|t:|1699893263\n|-terastallize|p2a: Heatran|Grass\n|move|p1a: Great Tusk|Close Combat|p2a: Heatran\n|-damage|p2a: Heatran|40\/100\n|-unboost|p1a: Great Tusk|def|1\n|-unboost|p1a: Great Tusk|spd|1\n|-enditem|p2a: Heatran|Air Balloon\n|move|p2a: Heatran|Tera Blast|p1a: Great Tusk|[anim] Tera Blast Grass\n|-supereffective|p1a: Great Tusk\n|-damage|p1a: Great Tusk|0 fnt\n|faint|p1a: Great Tusk\n|-end|p1a: Great Tusk|Protosynthesis|[silent]\n|\n|upkeep\n|\n|t:|1699893273\n|switch|p1a: Iron Moth|Iron Moth|100\/100\n|-enditem|p1a: Iron Moth|Booster Energy\n|-activate|p1a: Iron Moth|ability: Quark Drive|[fromitem]\n|-start|p1a: Iron Moth|quarkdrivespe\n|turn|6\n|inactive|Djigne has 120 seconds left.\n|inactive|Djigne has 90 seconds left.\n|inactive|Djigne has 60 seconds left.\n|inactive|Djigne has 30 seconds left.\n|inactive|Djigne has 20 seconds left.\n|inactive|Djigne has 15 seconds left.\n|inactive|Djigne has 10 seconds left.\n|inactive|Djigne has 5 seconds left.\n|-message|Djigne lost due to inactivity.\n|\n|win|TheNutmeg33\n|raw|TheNutmeg33's rating: 1562 &rarr; <strong>1580<\/strong><br \/>(+18 for winning)\n|raw|Djigne's rating: 1527 &rarr; <strong>1509<\/strong><br \/>(-18 for losing)\n","uploadtime":1699893453,"views":27,"p1id":"thenutmeg33","p2id":"djigne","formatid":"gen9ou","rating":1509,"private":0,"password":""}