{"id":"gen9ou-1992201319","p1":"Godspeed06","p2":"Pineapple AS","format":"[Gen 9] OU","log":"|j|\u2606Godspeed06\n|j|\u2606Pineapple AS\n|t:|1700163402\n|gametype|singles\n|player|p1|Godspeed06|sabrina|1158\n|player|p2|Pineapple AS|linebacker|1165\n|teamsize|p1|6\n|teamsize|p2|6\n|gen|9\n|tier|[Gen 9] OU\n|rated|\n|rule|Sleep Clause Mod: Limit one foe put to sleep\n|rule|Species Clause: Limit one of each Pok\u00e9mon\n|rule|OHKO Clause: OHKO moves are banned\n|rule|Evasion Items Clause: Evasion items are banned\n|rule|Evasion Moves Clause: Evasion moves are banned\n|rule|Endless Battle Clause: Forcing endless battles is banned\n|rule|HP Percentage Mod: HP is shown in percentages\n|clearpoke\n|poke|p1|Milotic, M|\n|poke|p1|Mandibuzz, F|\n|poke|p1|Skeledirge, M|\n|poke|p1|Lokix, F|\n|poke|p1|Gyarados, F|\n|poke|p1|Clefable, F|\n|poke|p2|Arcanine-Hisui, M|\n|poke|p2|Ribombee, F|\n|poke|p2|Ogerpon-Wellspring, F|\n|poke|p2|Gholdengo|\n|poke|p2|Iron Moth|\n|poke|p2|Dragonite, M|\n|teampreview\n|\n|t:|1700163412\n|start\n|switch|p1a: Skeledirge|Skeledirge, M|100\/100\n|switch|p2a: Ribombee|Ribombee, F|100\/100\n|turn|1\n|inactive|Battle timer is ON: inactive players will automatically lose when time's up. (requested by Pineapple AS)\n|\n|t:|1700163419\n|move|p2a: Ribombee|Sticky Web|p1a: Skeledirge\n|-sidestart|p1: Godspeed06|move: Sticky Web\n|move|p1a: Skeledirge|Torch Song|p2a: Ribombee\n|-supereffective|p2a: Ribombee\n|-damage|p2a: Ribombee|3\/100\n|-boost|p1a: Skeledirge|spa|1\n|\n|upkeep\n|turn|2\n|\n|t:|1700163425\n|move|p2a: Ribombee|Stun Spore|p1a: Skeledirge|[miss]\n|-miss|p2a: Ribombee|p1a: Skeledirge\n|move|p1a: Skeledirge|Torch Song|p2a: Ribombee\n|-supereffective|p2a: Ribombee\n|-damage|p2a: Ribombee|0 fnt\n|-boost|p1a: Skeledirge|spa|1\n|faint|p2a: Ribombee\n|\n|upkeep\n|c|\u2606Pineapple AS|yay\n|\n|t:|1700163435\n|switch|p2a: Arcanine|Arcanine-Hisui, M|100\/100\n|turn|3\n|\n|t:|1700163458\n|switch|p1a: Milotic|Milotic, M|100\/100\n|move|p2a: Arcanine|Head Smash|p1a: Milotic\n|-damage|p1a: Milotic|0 fnt\n|faint|p1a: Milotic\n|\n|upkeep\n|\n|t:|1700163467\n|switch|p1a: Gyarados|Gyarados, F|100\/100\n|turn|4\n|\n|t:|1700163476\n|-terastallize|p1a: Gyarados|Ground\n|move|p2a: Arcanine|Head Smash|p1a: Gyarados\n|-resisted|p1a: Gyarados\n|-damage|p1a: Gyarados|33\/100\n|move|p1a: Gyarados|Dragon Dance|p1a: Gyarados\n|-boost|p1a: Gyarados|atk|1\n|-boost|p1a: Gyarados|spe|1\n|\n|-heal|p1a: Gyarados|39\/100|[from] item: Leftovers\n|upkeep\n|turn|5\n|\n|t:|1700163485\n|move|p1a: Gyarados|Earthquake|p2a: Arcanine\n|-supereffective|p2a: Arcanine\n|-damage|p2a: Arcanine|0 fnt\n|faint|p2a: Arcanine\n|-ability|p1a: Gyarados|Moxie|boost\n|-boost|p1a: Gyarados|atk|1\n|\n|-heal|p1a: Gyarados|46\/100|[from] item: Leftovers\n|upkeep\n|\n|t:|1700163491\n|switch|p2a: Dragonite|Dragonite, M|100\/100\n|turn|6\n|\n|t:|1700163499\n|move|p2a: Dragonite|Extreme Speed|p1a: Gyarados\n|-damage|p1a: Gyarados|7\/100\n|move|p1a: Gyarados|Ice Fang|p2a: Dragonite\n|-supereffective|p2a: Dragonite\n|-damage|p2a: Dragonite|1\/100\n|\n|-heal|p1a: Gyarados|13\/100|[from] item: Leftovers\n|upkeep\n|turn|7\n|\n|t:|1700163511\n|move|p2a: Dragonite|Extreme Speed|p1a: Gyarados\n|-damage|p1a: Gyarados|0 fnt\n|faint|p1a: Gyarados\n|\n|upkeep\n|\n|t:|1700163512\n|switch|p1a: Lokix|Lokix, F|100\/100\n|-activate|p1a: Lokix|move: Sticky Web\n|-unboost|p1a: Lokix|spe|1\n|turn|8\n|\n|t:|1700163522\n|move|p2a: Dragonite|Extreme Speed|p1a: Lokix\n|-damage|p1a: Lokix|53\/100\n|move|p1a: Lokix|U-turn|p2a: Dragonite\n|-resisted|p2a: Dragonite\n|-damage|p2a: Dragonite|0 fnt\n|faint|p2a: Dragonite\n|\n|t:|1700163528\n|switch|p1a: Mandibuzz|Mandibuzz, F|100\/100|[from] U-turn\n|\n|upkeep\n|\n|t:|1700163534\n|switch|p2a: Iron Moth|Iron Moth|100\/100\n|-enditem|p2a: Iron Moth|Booster Energy\n|-activate|p2a: Iron Moth|ability: Quark Drive|[fromitem]\n|-start|p2a: Iron Moth|quarkdrivespe\n|turn|9\n|\n|t:|1700163544\n|move|p2a: Iron Moth|Dazzling Gleam|p1a: Mandibuzz\n|-supereffective|p1a: Mandibuzz\n|-damage|p1a: Mandibuzz|58\/100\n|move|p1a: Mandibuzz|Defog|p2a: Iron Moth\n|-unboost|p2a: Iron Moth|evasion|1\n|-sideend|p1: Godspeed06|Sticky Web|[from] move: Defog|[of] p1a: Mandibuzz\n|\n|upkeep\n|turn|10\n|\n|t:|1700163550\n|move|p2a: Iron Moth|Fiery Dance|p1a: Mandibuzz\n|-damage|p1a: Mandibuzz|27\/100\n|move|p1a: Mandibuzz|Roost|p1a: Mandibuzz\n|-heal|p1a: Mandibuzz|77\/100\n|-singleturn|p1a: Mandibuzz|move: Roost\n|\n|upkeep\n|turn|11\n|\n|t:|1700163557\n|switch|p1a: Skeledirge|Skeledirge, M|100\/100\n|move|p2a: Iron Moth|Fiery Dance|p1a: Skeledirge\n|-resisted|p1a: Skeledirge\n|-damage|p1a: Skeledirge|87\/100\n|\n|upkeep\n|turn|12\n|\n|t:|1700163585\n|move|p2a: Iron Moth|Psychic|p1a: Skeledirge\n|-damage|p1a: Skeledirge|66\/100\n|-unboost|p1a: Skeledirge|spd|1\n|move|p1a: Skeledirge|Torch Song|p2a: Iron Moth\n|-resisted|p2a: Iron Moth\n|-damage|p2a: Iron Moth|86\/100\n|-boost|p1a: Skeledirge|spa|1\n|\n|upkeep\n|turn|13\n|\n|t:|1700163594\n|move|p2a: Iron Moth|Fiery Dance|p1a: Skeledirge\n|-resisted|p1a: Skeledirge\n|-damage|p1a: Skeledirge|45\/100\n|-boost|p2a: Iron Moth|spa|1\n|move|p1a: Skeledirge|Torch Song|p2a: Iron Moth\n|-resisted|p2a: Iron Moth\n|-damage|p2a: Iron Moth|61\/100\n|-boost|p1a: Skeledirge|spa|1\n|\n|upkeep\n|turn|14\n|\n|t:|1700163603\n|move|p2a: Iron Moth|Fiery Dance|p1a: Skeledirge\n|-resisted|p1a: Skeledirge\n|-damage|p1a: Skeledirge|22\/100\n|move|p1a: Skeledirge|Slack Off|p1a: Skeledirge\n|-heal|p1a: Skeledirge|73\/100\n|\n|upkeep\n|turn|15\n|\n|t:|1700163611\n|move|p2a: Iron Moth|Fiery Dance|p1a: Skeledirge\n|-resisted|p1a: Skeledirge\n|-damage|p1a: Skeledirge|50\/100\n|-boost|p2a: Iron Moth|spa|1\n|move|p1a: Skeledirge|Hex|p2a: Iron Moth\n|-damage|p2a: Iron Moth|13\/100\n|\n|upkeep\n|turn|16\n|\n|t:|1700163626\n|move|p2a: Iron Moth|Fiery Dance|p1a: Skeledirge\n|-resisted|p1a: Skeledirge\n|-damage|p1a: Skeledirge|28\/100\n|-boost|p2a: Iron Moth|spa|1\n|move|p1a: Skeledirge|Slack Off|p1a: Skeledirge\n|-heal|p1a: Skeledirge|78\/100\n|\n|upkeep\n|turn|17\n|\n|t:|1700163639\n|move|p2a: Iron Moth|Fiery Dance|p1a: Skeledirge\n|-resisted|p1a: Skeledirge\n|-damage|p1a: Skeledirge|55\/100\n|-boost|p2a: Iron Moth|spa|1\n|move|p1a: Skeledirge|Hex|p2a: Iron Moth\n|-damage|p2a: Iron Moth|0 fnt\n|faint|p2a: Iron Moth\n|-end|p2a: Iron Moth|Quark Drive|[silent]\n|\n|upkeep\n|\n|t:|1700163646\n|switch|p2a: Ogerpon|Ogerpon-Wellspring, F|100\/100\n|turn|18\n|\n|t:|1700163659\n|move|p2a: Ogerpon|Ivy Cudgel|p1a: Skeledirge|[anim] Ivy Cudgel Water\n|-supereffective|p1a: Skeledirge\n|-damage|p1a: Skeledirge|0 fnt\n|faint|p1a: Skeledirge\n|\n|upkeep\n|\n|t:|1700163666\n|switch|p1a: Lokix|Lokix, F|53\/100\n|turn|19\n|\n|t:|1700163671\n|switch|p2a: Gholdengo|Gholdengo|100\/100\n|-item|p2a: Gholdengo|Air Balloon\n|move|p1a: Lokix|First Impression|p2a: Gholdengo\n|-resisted|p2a: Gholdengo\n|-damage|p2a: Gholdengo|66\/100\n|-enditem|p2a: Gholdengo|Air Balloon\n|\n|upkeep\n|turn|20\n|\n|t:|1700163690\n|switch|p1a: Mandibuzz|Mandibuzz, F|77\/100\n|move|p2a: Gholdengo|Shadow Ball|p1a: Mandibuzz\n|-resisted|p1a: Mandibuzz\n|-damage|p1a: Mandibuzz|60\/100\n|\n|upkeep\n|turn|21\n|\n|t:|1700163698\n|move|p2a: Gholdengo|Nasty Plot|p2a: Gholdengo\n|-boost|p2a: Gholdengo|spa|2\n|move|p1a: Mandibuzz|Roost|p1a: Mandibuzz\n|-heal|p1a: Mandibuzz|100\/100\n|-singleturn|p1a: Mandibuzz|move: Roost\n|\n|upkeep\n|turn|22\n|\n|t:|1700163704\n|move|p2a: Gholdengo|Nasty Plot|p2a: Gholdengo\n|-boost|p2a: Gholdengo|spa|2\n|move|p1a: Mandibuzz|Foul Play|p2a: Gholdengo\n|-supereffective|p2a: Gholdengo\n|-damage|p2a: Gholdengo|29\/100\n|\n|upkeep\n|turn|23\n|\n|t:|1700163710\n|move|p2a: Gholdengo|Make It Rain|p1a: Mandibuzz\n|-damage|p1a: Mandibuzz|0 fnt\n|-unboost|p2a: Gholdengo|spa|1\n|faint|p1a: Mandibuzz\n|\n|upkeep\n|\n|t:|1700163714\n|switch|p1a: Lokix|Lokix, F|53\/100\n|turn|24\n|\n|t:|1700163722\n|move|p1a: Lokix|Sucker Punch|p2a: Gholdengo\n|-supereffective|p2a: Gholdengo\n|-damage|p2a: Gholdengo|0 fnt\n|faint|p2a: Gholdengo\n|\n|upkeep\n|\n|t:|1700163726\n|switch|p2a: Ogerpon|Ogerpon-Wellspring, F|100\/100\n|turn|25\n|\n|t:|1700163728\n|switch|p1a: Clefable|Clefable, F|100\/100\n|move|p2a: Ogerpon|Encore||[still]\n|-fail|p2a: Ogerpon\n|\n|upkeep\n|turn|26\n|\n|t:|1700163733\n|move|p2a: Ogerpon|Swords Dance|p2a: Ogerpon\n|-boost|p2a: Ogerpon|atk|2\n|move|p1a: Clefable|Wish|p1a: Clefable\n|\n|upkeep\n|turn|27\n|\n|t:|1700163740\n|move|p2a: Ogerpon|Swords Dance|p2a: Ogerpon\n|-boost|p2a: Ogerpon|atk|2\n|move|p1a: Clefable|Moonblast|p2a: Ogerpon\n|-damage|p2a: Ogerpon|61\/100\n|-unboost|p2a: Ogerpon|spa|1\n|\n|upkeep\n|turn|28\n|\n|t:|1700163746\n|move|p2a: Ogerpon|Horn Leech|p1a: Clefable\n|-damage|p1a: Clefable|0 fnt\n|-heal|p2a: Ogerpon|100\/100|[from] drain|[of] p1a: Clefable\n|faint|p1a: Clefable\n|\n|upkeep\n|\n|t:|1700163748\n|switch|p1a: Lokix|Lokix, F|53\/100\n|turn|29\n|\n|t:|1700163753\n|move|p1a: Lokix|First Impression|p2a: Ogerpon\n|-supereffective|p2a: Ogerpon\n|-damage|p2a: Ogerpon|0 fnt\n|faint|p2a: Ogerpon\n|\n|win|Godspeed06\n|raw|Godspeed06's rating: 1158 &rarr; <strong>1184<\/strong><br \/>(+26 for winning)\n|raw|Pineapple AS's rating: 1165 &rarr; <strong>1139<\/strong><br \/>(-26 for losing)\n|l|\u2606Pineapple AS\n","uploadtime":1700163766,"views":17,"p1id":"godspeed06","p2id":"pineappleas","formatid":"gen9ou","rating":1139,"private":0,"password":""}