{"id":"gen9ou-1996013250","p1":"TallGuyInATophat","p2":"massivesket","format":"[Gen 9] OU","log":"|j|\u2606TallGuyInATophat\n|j|\u2606massivesket\n|t:|1700629351\n|gametype|singles\n|player|p1|TallGuyInATophat|gentleman-gen4|1084\n|player|p2|massivesket|medium|1201\n|teamsize|p1|6\n|teamsize|p2|6\n|gen|9\n|tier|[Gen 9] OU\n|rated|\n|rule|Sleep Clause Mod: Limit one foe put to sleep\n|rule|Species Clause: Limit one of each Pok\u00e9mon\n|rule|OHKO Clause: OHKO moves are banned\n|rule|Evasion Items Clause: Evasion items are banned\n|rule|Evasion Moves Clause: Evasion moves are banned\n|rule|Endless Battle Clause: Forcing endless battles is banned\n|rule|HP Percentage Mod: HP is shown in percentages\n|clearpoke\n|poke|p1|Scizor, M|\n|poke|p1|Ribombee, F|\n|poke|p1|Ninetales-Alola, M|\n|poke|p1|Pincurchin, F|\n|poke|p1|Gengar, F|\n|poke|p1|Raichu-Alola, M|\n|poke|p2|Azumarill, M|\n|poke|p2|Iron Moth|\n|poke|p2|Great Tusk|\n|poke|p2|Iron Valiant|\n|poke|p2|Ogerpon-Wellspring, F|\n|poke|p2|Garganacl, M|\n|teampreview\n|inactive|Battle timer is ON: inactive players will automatically lose when time's up. (requested by massivesket)\n|\n|t:|1700629363\n|start\n|switch|p1a: Webster|Ribombee, F, shiny|100\/100\n|switch|p2a: Femboy IX|Azumarill, M, shiny|100\/100\n|turn|1\n|\n|t:|1700629370\n|move|p1a: Webster|Sticky Web|p2a: Femboy IX\n|-sidestart|p2: massivesket|move: Sticky Web\n|move|p2a: Femboy IX|Belly Drum|p2a: Femboy IX\n|-damage|p2a: Femboy IX|50\/100\n|-setboost|p2a: Femboy IX|atk|6|[from] move: Belly Drum\n|-enditem|p2a: Femboy IX|Sitrus Berry|[eat]\n|-heal|p2a: Femboy IX|75\/100|[from] item: Sitrus Berry\n|\n|upkeep\n|turn|2\n|\n|t:|1700629381\n|move|p2a: Femboy IX|Aqua Jet|p1a: Webster\n|-enditem|p1a: Webster|Focus Sash\n|-damage|p1a: Webster|1\/100\n|move|p1a: Webster|Stun Spore|p2a: Femboy IX\n|-status|p2a: Femboy IX|par\n|\n|upkeep\n|turn|3\n|\n|t:|1700629388\n|move|p2a: Femboy IX|Aqua Jet|p1a: Webster\n|-damage|p1a: Webster|0 fnt\n|faint|p1a: Webster\n|\n|upkeep\n|\n|t:|1700629396\n|switch|p1a: Gengar|Gengar, F|100\/100\n|turn|4\n|\n|t:|1700629399\n|move|p2a: Femboy IX|Aqua Jet|p1a: Gengar\n|-damage|p1a: Gengar|0 fnt\n|faint|p1a: Gengar\n|\n|upkeep\n|\n|t:|1700629406\n|switch|p1a: Ironfist|Scizor, M|100\/100\n|turn|5\n|\n|t:|1700629408\n|move|p1a: Ironfist|Bullet Punch|p2a: Femboy IX\n|-damage|p2a: Femboy IX|33\/100 par\n|move|p2a: Femboy IX|Aqua Jet|p1a: Ironfist\n|-crit|p1a: Ironfist\n|-damage|p1a: Ironfist|0 fnt\n|faint|p1a: Ironfist\n|\n|upkeep\n|\n|t:|1700629421\n|switch|p1a: Spectre|Ninetales-Alola, M, shiny|100\/100\n|-weather|Snow|[from] ability: Snow Warning|[of] p1a: Spectre\n|turn|6\n|\n|t:|1700629424\n|move|p2a: Femboy IX|Aqua Jet|p1a: Spectre\n|-damage|p1a: Spectre|0 fnt\n|faint|p1a: Spectre\n|\n|-weather|Snow|[upkeep]\n|upkeep\n|\n|t:|1700629429\n|switch|p1a: Pincurchin|Pincurchin, F|100\/100\n|-fieldstart|move: Electric Terrain|[from] ability: Electric Surge|[of] p1a: Pincurchin\n|turn|7\n|\n|t:|1700629435\n|move|p2a: Femboy IX|Aqua Jet|p1a: Pincurchin\n|-damage|p1a: Pincurchin|0 fnt\n|faint|p1a: Pincurchin\n|\n|-weather|Snow|[upkeep]\n|upkeep\n|\n|t:|1700629440\n|switch|p1a: Raichu|Raichu-Alola, M|100\/100\n|turn|8\n|\n|t:|1700629442\n|move|p2a: Femboy IX|Aqua Jet|p1a: Raichu\n|-damage|p1a: Raichu|0 fnt\n|faint|p1a: Raichu\n|\n|win|massivesket\n|raw|TallGuyInATophat's rating: 1084 &rarr; <strong>1069<\/strong><br \/>(-15 for losing)\n|raw|massivesket's rating: 1201 &rarr; <strong>1218<\/strong><br \/>(+17 for winning)\n","uploadtime":1700629446,"views":1,"p1id":"tallguyinatophat","p2id":"massivesket","formatid":"gen9ou","rating":1069,"private":0,"password":""}