{"id":"gen9ou-1989114576","p1":"ThisIsMaahir","p2":"MicrowaveHeart","format":"[Gen 9] OU","log":"|j|\u2606ThisIsMaahir\n|j|\u2606MicrowaveHeart\n|t:|1699813782\n|gametype|singles\n|player|p1|ThisIsMaahir|drayden|1455\n|player|p2|MicrowaveHeart|hilda|1431\n|teamsize|p1|6\n|teamsize|p2|6\n|gen|9\n|tier|[Gen 9] OU\n|rated|\n|rule|Sleep Clause Mod: Limit one foe put to sleep\n|rule|Species Clause: Limit one of each Pok\u00e9mon\n|rule|OHKO Clause: OHKO moves are banned\n|rule|Evasion Items Clause: Evasion items are banned\n|rule|Evasion Moves Clause: Evasion moves are banned\n|rule|Endless Battle Clause: Forcing endless battles is banned\n|rule|HP Percentage Mod: HP is shown in percentages\n|clearpoke\n|poke|p1|Ogerpon-Cornerstone, F|\n|poke|p1|Kingambit, M|\n|poke|p1|Iron Moth|\n|poke|p1|Rillaboom, M|\n|poke|p1|Ceruledge, M|\n|poke|p1|Great Tusk|\n|poke|p2|Kleavor, M|\n|poke|p2|Iron Moth|\n|poke|p2|Weezing-Galar, M|\n|poke|p2|Ogerpon-Wellspring, F|\n|poke|p2|Landorus-Therian, M|\n|poke|p2|Gholdengo|\n|teampreview\n|\n|t:|1699813789\n|start\n|switch|p1a: Ogerpon|Ogerpon-Cornerstone, F|100\/100\n|switch|p2a: Kleavor|Kleavor, M, shiny|100\/100\n|turn|1\n|\n|t:|1699813798\n|move|p2a: Kleavor|Stone Axe|p1a: Ogerpon\n|-crit|p1a: Ogerpon\n|-damage|p1a: Ogerpon|4\/100\n|-sidestart|p1: ThisIsMaahir|move: Stealth Rock\n|move|p1a: Ogerpon|Spikes|p2a: Kleavor\n|-sidestart|p2: MicrowaveHeart|Spikes\n|\n|upkeep\n|turn|2\n|\n|t:|1699813806\n|switch|p1a: Great Tusk|Great Tusk|100\/100\n|-damage|p1a: Great Tusk|98\/100|[from] Stealth Rock\n|-enditem|p1a: Great Tusk|Booster Energy\n|-activate|p1a: Great Tusk|ability: Protosynthesis|[fromitem]\n|-start|p1a: Great Tusk|protosynthesisspe\n|move|p2a: Kleavor|Stone Axe|p1a: Great Tusk\n|-resisted|p1a: Great Tusk\n|-damage|p1a: Great Tusk|89\/100\n|\n|upkeep\n|turn|3\n|\n|t:|1699813817\n|switch|p2a: Golden Joe|Gholdengo|100\/100\n|-damage|p2a: Golden Joe|88\/100|[from] Spikes\n|move|p1a: Great Tusk|Ice Spinner|p2a: Golden Joe\n|-resisted|p2a: Golden Joe\n|-damage|p2a: Golden Joe|77\/100\n|\n|-heal|p2a: Golden Joe|83\/100|[from] item: Leftovers\n|upkeep\n|turn|4\n|\n|t:|1699813829\n|move|p1a: Great Tusk|Headlong Rush|p2a: Golden Joe\n|-supereffective|p2a: Golden Joe\n|-damage|p2a: Golden Joe|0 fnt\n|-unboost|p1a: Great Tusk|def|1\n|-unboost|p1a: Great Tusk|spd|1\n|faint|p2a: Golden Joe\n|\n|upkeep\n|\n|t:|1699813836\n|switch|p2a: Weezing|Weezing-Galar, M|100\/100\n|-ability|p2a: Weezing|Neutralizing Gas\n|-damage|p2a: Weezing|88\/100|[from] Spikes\n|turn|5\n|\n|t:|1699813845\n|-terastallize|p2a: Weezing|Ghost\n|move|p1a: Great Tusk|Headlong Rush|p2a: Weezing\n|-damage|p2a: Weezing|55\/100\n|-unboost|p1a: Great Tusk|def|1\n|-unboost|p1a: Great Tusk|spd|1\n|move|p2a: Weezing|Will-O-Wisp|p1a: Great Tusk\n|-status|p1a: Great Tusk|brn\n|\n|-heal|p2a: Weezing|61\/100|[from] item: Leftovers\n|-damage|p1a: Great Tusk|83\/100 brn|[from] brn\n|upkeep\n|turn|6\n|\n|t:|1699813874\n|-end|p1a: Great Tusk|Protosynthesis|[silent]\n|switch|p1a: Kingambit|Kingambit, M|100\/100\n|-damage|p1a: Kingambit|94\/100|[from] Stealth Rock\n|move|p2a: Weezing|Strange Steam|p1a: Kingambit\n|-damage|p1a: Kingambit|62\/100\n|\n|-heal|p2a: Weezing|67\/100|[from] item: Leftovers\n|upkeep\n|turn|7\n|\n|t:|1699813883\n|move|p1a: Kingambit|Swords Dance|p1a: Kingambit\n|-boost|p1a: Kingambit|atk|2\n|move|p2a: Weezing|Will-O-Wisp|p1a: Kingambit\n|-status|p1a: Kingambit|brn\n|-enditem|p1a: Kingambit|Lum Berry|[eat]\n|-curestatus|p1a: Kingambit|brn|[msg]\n|\n|-heal|p2a: Weezing|73\/100|[from] item: Leftovers\n|upkeep\n|turn|8\n|\n|t:|1699813894\n|-end|p2a: Weezing|ability: Neutralizing Gas\n|switch|p2a: Landorus|Landorus-Therian, M|100\/100\n|-ability|p2a: Landorus|Intimidate|boost\n|-unboost|p1a: Kingambit|atk|1\n|move|p1a: Kingambit|Kowtow Cleave|p2a: Landorus\n|-damage|p2a: Landorus|17\/100\n|\n|upkeep\n|turn|9\n|\n|t:|1699813911\n|move|p1a: Kingambit|Sucker Punch|p2a: Landorus\n|-damage|p2a: Landorus|0 fnt\n|faint|p2a: Landorus\n|\n|upkeep\n|\n|t:|1699813915\n|switch|p2a: Iron Moth|Iron Moth|100\/100\n|-damage|p2a: Iron Moth|88\/100|[from] Spikes\n|-enditem|p2a: Iron Moth|Booster Energy\n|-activate|p2a: Iron Moth|ability: Quark Drive|[fromitem]\n|-start|p2a: Iron Moth|quarkdrivespe\n|turn|10\n|\n|t:|1699813921\n|move|p2a: Iron Moth|Substitute|p2a: Iron Moth\n|-start|p2a: Iron Moth|Substitute\n|-damage|p2a: Iron Moth|63\/100\n|move|p1a: Kingambit|Kowtow Cleave|p2a: Iron Moth\n|-end|p2a: Iron Moth|Substitute\n|\n|upkeep\n|turn|11\n|\n|t:|1699813939\n|move|p2a: Iron Moth|Substitute|p2a: Iron Moth\n|-start|p2a: Iron Moth|Substitute\n|-damage|p2a: Iron Moth|39\/100\n|move|p1a: Kingambit|Kowtow Cleave|p2a: Iron Moth\n|-end|p2a: Iron Moth|Substitute\n|\n|upkeep\n|turn|12\n|\n|t:|1699813945\n|move|p1a: Kingambit|Sucker Punch|p2a: Iron Moth\n|-crit|p2a: Iron Moth\n|-damage|p2a: Iron Moth|0 fnt\n|faint|p2a: Iron Moth\n|-end|p2a: Iron Moth|Quark Drive|[silent]\n|\n|upkeep\n|\n|t:|1699813950\n|switch|p2a: Kleavor|Kleavor, M, shiny|100\/100\n|-damage|p2a: Kleavor|88\/100|[from] Spikes\n|turn|13\n|\n|t:|1699813960\n|-terastallize|p1a: Kingambit|Fairy\n|move|p2a: Kleavor|Close Combat|p1a: Kingambit\n|-resisted|p1a: Kingambit\n|-damage|p1a: Kingambit|44\/100\n|-unboost|p2a: Kleavor|def|1\n|-unboost|p2a: Kleavor|spd|1\n|move|p1a: Kingambit|Swords Dance|p1a: Kingambit\n|-boost|p1a: Kingambit|atk|2\n|\n|upkeep\n|turn|14\n|-message|MicrowaveHeart forfeited.\n|\n|win|ThisIsMaahir\n|raw|ThisIsMaahir's rating: 1455 &rarr; <strong>1474<\/strong><br \/>(+19 for winning)\n|raw|MicrowaveHeart's rating: 1431 &rarr; <strong>1412<\/strong><br \/>(-19 for losing)\n|l|\u2606MicrowaveHeart\n","uploadtime":1699813980,"views":14,"p1id":"thisismaahir","p2id":"microwaveheart","formatid":"gen9ou","rating":1412,"private":0,"password":""}