{"id":"gen9ou-1998204664","p1":"hollow_Lycoris","p2":"ArchRaccoon32","format":"[Gen 9] OU","log":"|j|\u2606hollow_Lycoris\n|j|\u2606ArchRaccoon32\n|t:|1700912223\n|gametype|singles\n|player|p1|hollow_Lycoris|hilbert-masters|\n|player|p2|ArchRaccoon32|102|\n|teamsize|p1|6\n|teamsize|p2|6\n|gen|9\n|tier|[Gen 9] OU\n|rule|Sleep Clause Mod: Limit one foe put to sleep\n|rule|Species Clause: Limit one of each Pok\u00e9mon\n|rule|OHKO Clause: OHKO moves are banned\n|rule|Evasion Items Clause: Evasion items are banned\n|rule|Evasion Moves Clause: Evasion moves are banned\n|rule|Endless Battle Clause: Forcing endless battles is banned\n|rule|HP Percentage Mod: HP is shown in percentages\n|clearpoke\n|poke|p1|Milotic, F|\n|poke|p1|Torterra, M|\n|poke|p1|Ceruledge, M|\n|poke|p1|Sylveon, F|\n|poke|p1|Zapdos|\n|poke|p1|Forretress, F|\n|poke|p2|Ninetales-Alola, F|\n|poke|p2|Abomasnow, F|\n|poke|p2|Mamoswine, M|\n|poke|p2|Frosmoth, M|\n|poke|p2|Sandslash-Alola, M|\n|poke|p2|Cloyster, F|\n|teampreview\n|\n|t:|1700912236\n|start\n|switch|p1a: Beyblade|Forretress, F|100\/100\n|switch|p2a: Yuki|Ninetales-Alola, F|100\/100\n|-weather|Snow|[from] ability: Snow Warning|[of] p2a: Yuki\n|turn|1\n|\n|t:|1700912244\n|move|p2a: Yuki|Aurora Veil|p2a: Yuki\n|-sidestart|p2: ArchRaccoon32|move: Aurora Veil\n|move|p1a: Beyblade|Stealth Rock|p2a: Yuki\n|-sidestart|p2: ArchRaccoon32|move: Stealth Rock\n|\n|-weather|Snow|[upkeep]\n|upkeep\n|turn|2\n|\n|t:|1700912255\n|move|p2a: Yuki|Encore|p1a: Beyblade\n|-start|p1a: Beyblade|Encore\n|move|p1a: Beyblade|Stealth Rock||[still]\n|-fail|p1a: Beyblade\n|\n|-weather|Snow|[upkeep]\n|upkeep\n|turn|3\n|\n|t:|1700912272\n|switch|p2a: Gojo|Frosmoth, M|100\/100\n|switch|p1a: Flamberge|Ceruledge, M|100\/100\n|\n|-weather|Snow|[upkeep]\n|upkeep\n|turn|4\n|\n|t:|1700912295\n|switch|p2a: The Throngler|Mamoswine, M|100\/100\n|-damage|p2a: The Throngler|88\/100|[from] Stealth Rock\n|move|p1a: Flamberge|Swords Dance|p1a: Flamberge\n|-boost|p1a: Flamberge|atk|2\n|\n|-weather|Snow|[upkeep]\n|upkeep\n|turn|5\n|\n|t:|1700912308\n|move|p1a: Flamberge|Bitter Blade|p2a: The Throngler\n|-supereffective|p2a: The Throngler\n|-damage|p2a: The Throngler|43\/100\n|-damage|p1a: Flamberge|91\/100|[from] item: Life Orb\n|move|p2a: The Throngler|Earthquake|p1a: Flamberge\n|-supereffective|p1a: Flamberge\n|-damage|p1a: Flamberge|0 fnt\n|faint|p1a: Flamberge\n|\n|-weather|none\n|upkeep\n|\n|t:|1700912322\n|switch|p1a: Cetra|Torterra, M|100\/100\n|turn|6\n|\n|t:|1700912338\n|switch|p2a: Evergreen|Abomasnow, F, shiny|100\/100\n|-weather|Snow|[from] ability: Snow Warning|[of] p2a: Evergreen\n|-terastallize|p1a: Cetra|Rock\n|move|p1a: Cetra|Shell Smash|p1a: Cetra\n|-unboost|p1a: Cetra|def|1\n|-unboost|p1a: Cetra|spd|1\n|-boost|p1a: Cetra|atk|2\n|-boost|p1a: Cetra|spa|2\n|-boost|p1a: Cetra|spe|2\n|\n|-weather|Snow|[upkeep]\n|upkeep\n|turn|7\n|\n|t:|1700912351\n|move|p1a: Cetra|Rock Blast|p2a: Evergreen\n|-supereffective|p2a: Evergreen\n|-damage|p2a: Evergreen|76\/100\n|-supereffective|p2a: Evergreen\n|-damage|p2a: Evergreen|53\/100\n|-supereffective|p2a: Evergreen\n|-damage|p2a: Evergreen|28\/100\n|-supereffective|p2a: Evergreen\n|-damage|p2a: Evergreen|5\/100\n|-hitcount|p2a: Evergreen|4\n|move|p2a: Evergreen|Blizzard|p1a: Cetra\n|-damage|p1a: Cetra|23\/100\n|-status|p1a: Cetra|frz\n|\n|-weather|Snow|[upkeep]\n|upkeep\n|turn|8\n|\n|t:|1700912375\n|cant|p1a: Cetra|frz\n|move|p2a: Evergreen|Blizzard|p1a: Cetra\n|-damage|p1a: Cetra|0 fnt\n|faint|p1a: Cetra\n|\n|-weather|Snow|[upkeep]\n|-sideend|p2: ArchRaccoon32|move: Aurora Veil\n|upkeep\n|\n|t:|1700912395\n|switch|p1a: Kapatcir|Zapdos|100\/100\n|turn|9\n|\n|t:|1700912417\n|move|p2a: Evergreen|Leech Seed|p1a: Kapatcir\n|-start|p1a: Kapatcir|move: Leech Seed\n|move|p1a: Kapatcir|Tailwind|p1a: Kapatcir\n|-sidestart|p1: hollow_Lycoris|move: Tailwind\n|\n|-weather|Snow|[upkeep]\n|-damage|p1a: Kapatcir|88\/100|[from] Leech Seed|[of] p2a: Evergreen\n|-heal|p2a: Evergreen|18\/100|[silent]\n|upkeep\n|turn|10\n|\n|t:|1700912430\n|switch|p1a: Aphrodite|Milotic, F|100\/100\n|move|p2a: Evergreen|Blizzard|p1a: Aphrodite\n|-resisted|p1a: Aphrodite\n|-crit|p1a: Aphrodite\n|-damage|p1a: Aphrodite|78\/100\n|\n|-weather|none\n|-status|p1a: Aphrodite|brn|[from] item: Flame Orb\n|upkeep\n|turn|11\n|\n|t:|1700912450\n|switch|p2a: Yuki|Ninetales-Alola, F|100\/100\n|-damage|p2a: Yuki|76\/100|[from] Stealth Rock\n|-weather|Snow|[from] ability: Snow Warning|[of] p2a: Yuki\n|move|p1a: Aphrodite|Scald|p2a: Yuki\n|-damage|p2a: Yuki|48\/100\n|\n|-weather|Snow|[upkeep]\n|-damage|p1a: Aphrodite|72\/100 brn|[from] brn\n|upkeep\n|turn|12\n|\n|t:|1700912462\n|move|p1a: Aphrodite|Scald|p2a: Yuki\n|-damage|p2a: Yuki|20\/100\n|-status|p2a: Yuki|brn\n|move|p2a: Yuki|Aurora Veil|p2a: Yuki\n|-sidestart|p2: ArchRaccoon32|move: Aurora Veil\n|\n|-weather|Snow|[upkeep]\n|-damage|p1a: Aphrodite|66\/100 brn|[from] brn\n|-damage|p2a: Yuki|15\/100 brn|[from] brn\n|-sideend|p1: hollow_Lycoris|move: Tailwind\n|upkeep\n|turn|13\n|\n|t:|1700912474\n|move|p2a: Yuki|Freeze-Dry|p1a: Aphrodite\n|-supereffective|p1a: Aphrodite\n|-damage|p1a: Aphrodite|38\/100 brn\n|move|p1a: Aphrodite|Recover|p1a: Aphrodite\n|-heal|p1a: Aphrodite|88\/100 brn\n|\n|-weather|Snow|[upkeep]\n|-damage|p2a: Yuki|8\/100 brn|[from] brn\n|-damage|p1a: Aphrodite|82\/100 brn|[from] brn\n|upkeep\n|turn|14\n|\n|t:|1700912484\n|move|p2a: Yuki|Freeze-Dry|p1a: Aphrodite\n|-supereffective|p1a: Aphrodite\n|-damage|p1a: Aphrodite|52\/100 brn\n|move|p1a: Aphrodite|Recover|p1a: Aphrodite\n|-heal|p1a: Aphrodite|100\/100 brn\n|\n|-weather|Snow|[upkeep]\n|-damage|p2a: Yuki|2\/100 brn|[from] brn\n|-damage|p1a: Aphrodite|94\/100 brn|[from] brn\n|upkeep\n|turn|15\n|\n|t:|1700912493\n|move|p2a: Yuki|Freeze-Dry|p1a: Aphrodite\n|-supereffective|p1a: Aphrodite\n|-damage|p1a: Aphrodite|65\/100 brn\n|move|p1a: Aphrodite|Scald|p2a: Yuki\n|-crit|p2a: Yuki\n|-damage|p2a: Yuki|0 fnt\n|faint|p2a: Yuki\n|\n|-weather|none\n|-damage|p1a: Aphrodite|59\/100 brn|[from] brn\n|upkeep\n|\n|t:|1700912506\n|switch|p2a: Evergreen|Abomasnow, F, shiny|18\/100\n|-weather|Snow|[from] ability: Snow Warning|[of] p2a: Evergreen\n|turn|16\n|\n|t:|1700912514\n|move|p2a: Evergreen|Giga Drain|p1a: Aphrodite\n|-supereffective|p1a: Aphrodite\n|-damage|p1a: Aphrodite|13\/100 brn\n|-heal|p2a: Evergreen|46\/100|[from] drain|[of] p1a: Aphrodite\n|move|p1a: Aphrodite|Recover|p1a: Aphrodite\n|-heal|p1a: Aphrodite|63\/100 brn\n|\n|-weather|Snow|[upkeep]\n|-damage|p1a: Aphrodite|57\/100 brn|[from] brn\n|upkeep\n|turn|17\n|\n|t:|1700912524\n|switch|p1a: Kapatcir|Zapdos|88\/100\n|move|p2a: Evergreen|Giga Drain|p1a: Kapatcir\n|-resisted|p1a: Kapatcir\n|-damage|p1a: Kapatcir|73\/100\n|-heal|p2a: Evergreen|53\/100|[from] drain|[of] p1a: Kapatcir\n|\n|-weather|Snow|[upkeep]\n|upkeep\n|turn|18\n|\n|t:|1700912541\n|move|p2a: Evergreen|Blizzard|p1a: Kapatcir\n|-supereffective|p1a: Kapatcir\n|-damage|p1a: Kapatcir|0 fnt\n|faint|p1a: Kapatcir\n|\n|-weather|Snow|[upkeep]\n|upkeep\n|\n|t:|1700912553\n|switch|p1a: Beyblade|Forretress, F|100\/100\n|turn|19\n|\n|t:|1700912592\n|switch|p2a: Sonic from Wish|Sandslash-Alola, M, shiny|100\/100\n|move|p1a: Beyblade|Toxic Spikes|p2a: Sonic from Wish\n|-sidestart|p2: ArchRaccoon32|move: Toxic Spikes\n|\n|-weather|Snow|[upkeep]\n|-sideend|p2: ArchRaccoon32|move: Aurora Veil\n|upkeep\n|turn|20\n|\n|t:|1700912606\n|switch|p1a: Aphrodite|Milotic, F|57\/100 brn\n|move|p2a: Sonic from Wish|Rapid Spin|p1a: Aphrodite\n|-crit|p1a: Aphrodite\n|-damage|p1a: Aphrodite|45\/100 brn\n|-boost|p2a: Sonic from Wish|spe|1\n|-sideend|p2: ArchRaccoon32|Toxic Spikes|[from] move: Rapid Spin|[of] p2a: Sonic from Wish\n|-sideend|p2: ArchRaccoon32|Stealth Rock|[from] move: Rapid Spin|[of] p2a: Sonic from Wish\n|\n|-weather|none\n|-damage|p1a: Aphrodite|39\/100 brn|[from] brn\n|upkeep\n|turn|21\n|\n|t:|1700912625\n|move|p2a: Sonic from Wish|Knock Off|p1a: Aphrodite\n|-damage|p1a: Aphrodite|25\/100 brn\n|-enditem|p1a: Aphrodite|Flame Orb|[from] move: Knock Off|[of] p2a: Sonic from Wish\n|move|p1a: Aphrodite|Recover|p1a: Aphrodite\n|-heal|p1a: Aphrodite|75\/100 brn\n|\n|-damage|p1a: Aphrodite|69\/100 brn|[from] brn\n|upkeep\n|turn|22\n|\n|t:|1700912639\n|switch|p2a: Evergreen|Abomasnow, F, shiny|53\/100\n|-weather|Snow|[from] ability: Snow Warning|[of] p2a: Evergreen\n|move|p1a: Aphrodite|Scald|p2a: Evergreen\n|-resisted|p2a: Evergreen\n|-damage|p2a: Evergreen|38\/100\n|\n|-weather|Snow|[upkeep]\n|-damage|p1a: Aphrodite|63\/100 brn|[from] brn\n|upkeep\n|turn|23\n|\n|t:|1700912654\n|switch|p1a: Ribbon|Sylveon, F|100\/100\n|move|p2a: Evergreen|Giga Drain|p1a: Ribbon\n|-damage|p1a: Ribbon|85\/100\n|-heal|p2a: Evergreen|47\/100|[from] drain|[of] p1a: Ribbon\n|\n|-weather|Snow|[upkeep]\n|-heal|p1a: Ribbon|91\/100|[from] item: Leftovers\n|upkeep\n|turn|24\n|\n|t:|1700912687\n|switch|p2a: The Throngler|Mamoswine, M|43\/100\n|move|p1a: Ribbon|Hyper Voice|p2a: The Throngler\n|-damage|p2a: The Throngler|0 fnt\n|faint|p2a: The Throngler\n|\n|-weather|Snow|[upkeep]\n|-heal|p1a: Ribbon|97\/100|[from] item: Leftovers\n|upkeep\n|\n|t:|1700912702\n|switch|p2a: Sonic from Wish|Sandslash-Alola, M, shiny|100\/100\n|turn|25\n|\n|t:|1700912708\n|move|p1a: Ribbon|Protect|p1a: Ribbon\n|-singleturn|p1a: Ribbon|Protect\n|move|p2a: Sonic from Wish|Iron Head|p1a: Ribbon\n|-activate|p1a: Ribbon|move: Protect\n|\n|-weather|Snow|[upkeep]\n|-heal|p1a: Ribbon|100\/100|[from] item: Leftovers\n|upkeep\n|turn|26\n|\n|t:|1700912729\n|switch|p1a: Aphrodite|Milotic, F|63\/100 brn\n|move|p2a: Sonic from Wish|Iron Head|p1a: Aphrodite\n|-resisted|p1a: Aphrodite\n|-damage|p1a: Aphrodite|54\/100 brn\n|\n|-weather|none\n|-damage|p1a: Aphrodite|48\/100 brn|[from] brn\n|upkeep\n|turn|27\n|\n|t:|1700912742\n|switch|p2a: Evergreen|Abomasnow, F, shiny|47\/100\n|-weather|Snow|[from] ability: Snow Warning|[of] p2a: Evergreen\n|move|p1a: Aphrodite|Ice Beam|p2a: Evergreen\n|-damage|p2a: Evergreen|24\/100\n|\n|-weather|Snow|[upkeep]\n|-damage|p1a: Aphrodite|42\/100 brn|[from] brn\n|upkeep\n|turn|28\n|\n|t:|1700912754\n|switch|p1a: Ribbon|Sylveon, F|100\/100\n|move|p2a: Evergreen|Leech Seed|p1a: Ribbon\n|-start|p1a: Ribbon|move: Leech Seed\n|\n|-weather|Snow|[upkeep]\n|-damage|p1a: Ribbon|88\/100|[from] Leech Seed|[of] p2a: Evergreen\n|-heal|p2a: Evergreen|39\/100|[silent]\n|upkeep\n|turn|29\n|\n|t:|1700912764\n|switch|p2a: Sonic from Wish|Sandslash-Alola, M, shiny|100\/100\n|move|p1a: Ribbon|Wish|p1a: Ribbon\n|\n|-weather|Snow|[upkeep]\n|-heal|p1a: Ribbon|94\/100|[from] item: Leftovers\n|-damage|p1a: Ribbon|82\/100|[from] Leech Seed|[of] p2a: Sonic from Wish\n|upkeep\n|turn|30\n|\n|t:|1700912772\n|switch|p1a: Aphrodite|Milotic, F|42\/100 brn\n|move|p2a: Sonic from Wish|Iron Head|p1a: Aphrodite\n|-resisted|p1a: Aphrodite\n|-damage|p1a: Aphrodite|32\/100 brn\n|\n|-weather|Snow|[upkeep]\n|-heal|p1a: Aphrodite|82\/100 brn|[from] move: Wish|[wisher] Ribbon\n|-damage|p1a: Aphrodite|76\/100 brn|[from] brn\n|upkeep\n|turn|31\n|\n|t:|1700912785\n|switch|p2a: Evergreen|Abomasnow, F, shiny|39\/100\n|move|p1a: Aphrodite|Ice Beam|p2a: Evergreen\n|-damage|p2a: Evergreen|16\/100\n|\n|-weather|none\n|-damage|p1a: Aphrodite|70\/100 brn|[from] brn\n|upkeep\n|turn|32\n|\n|t:|1700912802\n|switch|p1a: Ribbon|Sylveon, F|82\/100\n|move|p2a: Evergreen|Giga Drain|p1a: Ribbon\n|-damage|p1a: Ribbon|65\/100\n|-heal|p2a: Evergreen|27\/100|[from] drain|[of] p1a: Ribbon\n|\n|-heal|p1a: Ribbon|71\/100|[from] item: Leftovers\n|upkeep\n|turn|33\n|\n|t:|1700912817\n|switch|p2a: Gojo|Frosmoth, M|100\/100\n|move|p1a: Ribbon|Hyper Voice|p2a: Gojo\n|-damage|p2a: Gojo|76\/100\n|\n|-heal|p1a: Ribbon|77\/100|[from] item: Leftovers\n|upkeep\n|turn|34\n|\n|t:|1700912830\n|move|p2a: Gojo|Quiver Dance|p2a: Gojo\n|-boost|p2a: Gojo|spa|1\n|-boost|p2a: Gojo|spd|1\n|-boost|p2a: Gojo|spe|1\n|move|p1a: Ribbon|Wish|p1a: Ribbon\n|\n|-heal|p1a: Ribbon|83\/100|[from] item: Leftovers\n|upkeep\n|turn|35\n|\n|t:|1700912838\n|switch|p1a: Aphrodite|Milotic, F|70\/100 brn\n|move|p2a: Gojo|Quiver Dance|p2a: Gojo\n|-boost|p2a: Gojo|spa|1\n|-boost|p2a: Gojo|spd|1\n|-boost|p2a: Gojo|spe|1\n|\n|-heal|p1a: Aphrodite|100\/100 brn|[from] move: Wish|[wisher] Ribbon\n|-damage|p1a: Aphrodite|94\/100 brn|[from] brn\n|upkeep\n|turn|36\n|\n|t:|1700912864\n|move|p2a: Gojo|Substitute|p2a: Gojo\n|-start|p2a: Gojo|Substitute\n|-damage|p2a: Gojo|51\/100\n|move|p1a: Aphrodite|Haze|p1a: Aphrodite\n|-clearallboost\n|\n|-damage|p1a: Aphrodite|88\/100 brn|[from] brn\n|upkeep\n|turn|37\n|\n|t:|1700912875\n|move|p2a: Gojo|Ice Beam|p1a: Aphrodite\n|-resisted|p1a: Aphrodite\n|-damage|p1a: Aphrodite|73\/100 brn\n|move|p1a: Aphrodite|Scald|p2a: Gojo\n|-activate|p2a: Gojo|move: Substitute|[damage]\n|\n|-damage|p1a: Aphrodite|67\/100 brn|[from] brn\n|upkeep\n|turn|38\n|\n|t:|1700912888\n|switch|p2a: Evergreen|Abomasnow, F, shiny|27\/100\n|-weather|Snow|[from] ability: Snow Warning|[of] p2a: Evergreen\n|move|p1a: Aphrodite|Scald|p2a: Evergreen\n|-resisted|p2a: Evergreen\n|-damage|p2a: Evergreen|10\/100\n|\n|-weather|Snow|[upkeep]\n|-damage|p1a: Aphrodite|61\/100 brn|[from] brn\n|upkeep\n|turn|39\n|\n|t:|1700912899\n|switch|p1a: Beyblade|Forretress, F|100\/100\n|move|p2a: Evergreen|Leech Seed|p1a: Beyblade|[miss]\n|-miss|p2a: Evergreen|p1a: Beyblade\n|\n|-weather|Snow|[upkeep]\n|upkeep\n|turn|40\n|\n|t:|1700912912\n|move|p2a: Evergreen|Giga Drain|p1a: Beyblade\n|-resisted|p1a: Beyblade\n|-damage|p1a: Beyblade|88\/100\n|-heal|p2a: Evergreen|17\/100|[from] drain|[of] p1a: Beyblade\n|move|p1a: Beyblade|Spikes|p2a: Evergreen\n|-sidestart|p2: ArchRaccoon32|Spikes\n|\n|-weather|Snow|[upkeep]\n|upkeep\n|turn|41\n|\n|t:|1700912921\n|move|p2a: Evergreen|Leech Seed|p1a: Beyblade\n|-start|p1a: Beyblade|move: Leech Seed\n|move|p1a: Beyblade|Rapid Spin|p2a: Evergreen\n|-damage|p2a: Evergreen|8\/100\n|-boost|p1a: Beyblade|spe|1\n|-end|p1a: Beyblade|Leech Seed|[from] move: Rapid Spin|[of] p1a: Beyblade\n|\n|-weather|Snow|[upkeep]\n|upkeep\n|turn|42\n|\n|t:|1700912934\n|switch|p2a: Sonic from Wish|Sandslash-Alola, M, shiny|100\/100\n|move|p1a: Beyblade|Rapid Spin|p2a: Sonic from Wish\n|-resisted|p2a: Sonic from Wish\n|-damage|p2a: Sonic from Wish|97\/100\n|-boost|p1a: Beyblade|spe|1\n|\n|-weather|none\n|upkeep\n|turn|43\n|\n|t:|1700912946\n|switch|p1a: Aphrodite|Milotic, F|61\/100 brn\n|move|p2a: Sonic from Wish|Rapid Spin|p1a: Aphrodite\n|-damage|p1a: Aphrodite|54\/100 brn\n|-boost|p2a: Sonic from Wish|spe|1\n|-sideend|p2: ArchRaccoon32|Spikes|[from] move: Rapid Spin|[of] p2a: Sonic from Wish\n|\n|-damage|p1a: Aphrodite|48\/100 brn|[from] brn\n|upkeep\n|turn|44\n|\n|t:|1700912968\n|move|p2a: Sonic from Wish|Earthquake|p1a: Aphrodite\n|-damage|p1a: Aphrodite|31\/100 brn\n|move|p1a: Aphrodite|Ice Beam|p2a: Sonic from Wish\n|-resisted|p2a: Sonic from Wish\n|-damage|p2a: Sonic from Wish|88\/100\n|\n|-damage|p1a: Aphrodite|25\/100 brn|[from] brn\n|upkeep\n|turn|45\n|\n|t:|1700912979\n|move|p2a: Sonic from Wish|Iron Head|p1a: Aphrodite\n|-resisted|p1a: Aphrodite\n|-crit|p1a: Aphrodite\n|-damage|p1a: Aphrodite|11\/100 brn\n|move|p1a: Aphrodite|Recover|p1a: Aphrodite\n|-heal|p1a: Aphrodite|61\/100 brn\n|\n|-damage|p1a: Aphrodite|55\/100 brn|[from] brn\n|upkeep\n|turn|46\n|\n|t:|1700912989\n|move|p2a: Sonic from Wish|Earthquake|p1a: Aphrodite\n|-damage|p1a: Aphrodite|40\/100 brn\n|move|p1a: Aphrodite|Scald|p2a: Sonic from Wish\n|-damage|p2a: Sonic from Wish|39\/100\n|\n|-damage|p1a: Aphrodite|34\/100 brn|[from] brn\n|upkeep\n|turn|47\n|\n|t:|1700912999\n|move|p2a: Sonic from Wish|Iron Head|p1a: Aphrodite\n|-resisted|p1a: Aphrodite\n|-damage|p1a: Aphrodite|24\/100 brn\n|move|p1a: Aphrodite|Recover|p1a: Aphrodite\n|-heal|p1a: Aphrodite|74\/100 brn\n|\n|-damage|p1a: Aphrodite|68\/100 brn|[from] brn\n|upkeep\n|turn|48\n|\n|t:|1700913016\n|move|p2a: Sonic from Wish|Earthquake|p1a: Aphrodite\n|-damage|p1a: Aphrodite|53\/100 brn\n|move|p1a: Aphrodite|Scald|p2a: Sonic from Wish\n|-crit|p2a: Sonic from Wish\n|-damage|p2a: Sonic from Wish|0 fnt\n|faint|p2a: Sonic from Wish\n|\n|-damage|p1a: Aphrodite|47\/100 brn|[from] brn\n|upkeep\n|\n|t:|1700913026\n|switch|p2a: Evergreen|Abomasnow, F, shiny|8\/100\n|-weather|Snow|[from] ability: Snow Warning|[of] p2a: Evergreen\n|turn|49\n|\n|t:|1700913032\n|switch|p1a: Ribbon|Sylveon, F|83\/100\n|move|p2a: Evergreen|Leech Seed|p1a: Ribbon\n|-start|p1a: Ribbon|move: Leech Seed\n|\n|-weather|Snow|[upkeep]\n|-heal|p1a: Ribbon|89\/100|[from] item: Leftovers\n|-damage|p1a: Ribbon|77\/100|[from] Leech Seed|[of] p2a: Evergreen\n|-heal|p2a: Evergreen|23\/100|[silent]\n|upkeep\n|turn|50\n|\n|t:|1700913057\n|switch|p2a: Gojo|Frosmoth, M|51\/100\n|move|p1a: Ribbon|Hyper Voice|p2a: Gojo\n|-damage|p2a: Gojo|24\/100\n|\n|-weather|Snow|[upkeep]\n|-heal|p1a: Ribbon|83\/100|[from] item: Leftovers\n|-damage|p1a: Ribbon|71\/100|[from] Leech Seed|[of] p2a: Gojo\n|-heal|p2a: Gojo|42\/100|[silent]\n|upkeep\n|turn|51\n|\n|t:|1700913069\n|move|p2a: Gojo|Quiver Dance|p2a: Gojo\n|-boost|p2a: Gojo|spa|1\n|-boost|p2a: Gojo|spd|1\n|-boost|p2a: Gojo|spe|1\n|move|p1a: Ribbon|Wish|p1a: Ribbon\n|\n|-weather|Snow|[upkeep]\n|-heal|p1a: Ribbon|77\/100|[from] item: Leftovers\n|-damage|p1a: Ribbon|64\/100|[from] Leech Seed|[of] p2a: Gojo\n|-heal|p2a: Gojo|59\/100|[silent]\n|upkeep\n|turn|52\n|\n|t:|1700913079\n|switch|p1a: Aphrodite|Milotic, F|47\/100 brn\n|move|p2a: Gojo|Quiver Dance|p2a: Gojo\n|-boost|p2a: Gojo|spa|1\n|-boost|p2a: Gojo|spd|1\n|-boost|p2a: Gojo|spe|1\n|\n|-weather|Snow|[upkeep]\n|-heal|p1a: Aphrodite|97\/100 brn|[from] move: Wish|[wisher] Ribbon\n|-damage|p1a: Aphrodite|91\/100 brn|[from] brn\n|upkeep\n|turn|53\n|\n|t:|1700913094\n|move|p2a: Gojo|Blizzard|p1a: Aphrodite\n|-resisted|p1a: Aphrodite\n|-damage|p1a: Aphrodite|50\/100 brn\n|move|p1a: Aphrodite|Haze|p1a: Aphrodite\n|-clearallboost\n|\n|-weather|none\n|-damage|p1a: Aphrodite|44\/100 brn|[from] brn\n|upkeep\n|turn|54\n|\n|t:|1700913115\n|move|p2a: Gojo|Ice Beam|p1a: Aphrodite\n|-resisted|p1a: Aphrodite\n|-damage|p1a: Aphrodite|28\/100 brn\n|move|p1a: Aphrodite|Scald|p2a: Gojo\n|-damage|p2a: Gojo|41\/100\n|-status|p2a: Gojo|brn\n|\n|-damage|p2a: Gojo|35\/100 brn|[from] brn\n|-damage|p1a: Aphrodite|22\/100 brn|[from] brn\n|upkeep\n|turn|55\n|\n|t:|1700913126\n|move|p2a: Gojo|Ice Beam|p1a: Aphrodite\n|-resisted|p1a: Aphrodite\n|-damage|p1a: Aphrodite|7\/100 brn\n|move|p1a: Aphrodite|Recover|p1a: Aphrodite\n|-heal|p1a: Aphrodite|57\/100 brn\n|\n|-damage|p2a: Gojo|29\/100 brn|[from] brn\n|-damage|p1a: Aphrodite|50\/100 brn|[from] brn\n|upkeep\n|turn|56\n|\n|t:|1700913136\n|move|p2a: Gojo|Ice Beam|p1a: Aphrodite\n|-resisted|p1a: Aphrodite\n|-damage|p1a: Aphrodite|35\/100 brn\n|move|p1a: Aphrodite|Recover|p1a: Aphrodite\n|-heal|p1a: Aphrodite|85\/100 brn\n|\n|-damage|p2a: Gojo|23\/100 brn|[from] brn\n|-damage|p1a: Aphrodite|78\/100 brn|[from] brn\n|upkeep\n|turn|57\n|\n|t:|1700913147\n|move|p2a: Gojo|Ice Beam|p1a: Aphrodite\n|-resisted|p1a: Aphrodite\n|-damage|p1a: Aphrodite|63\/100 brn\n|move|p1a: Aphrodite|Scald|p2a: Gojo\n|-damage|p2a: Gojo|5\/100 brn\n|\n|-damage|p2a: Gojo|0 fnt|[from] brn\n|faint|p2a: Gojo\n|-damage|p1a: Aphrodite|57\/100 brn|[from] brn\n|upkeep\n|\n|t:|1700913157\n|switch|p2a: Evergreen|Abomasnow, F, shiny|23\/100\n|-weather|Snow|[from] ability: Snow Warning|[of] p2a: Evergreen\n|turn|58\n|\n|t:|1700913164\n|switch|p1a: Beyblade|Forretress, F|88\/100\n|move|p2a: Evergreen|Giga Drain|p1a: Beyblade\n|-resisted|p1a: Beyblade\n|-damage|p1a: Beyblade|77\/100\n|-heal|p2a: Evergreen|29\/100|[from] drain|[of] p1a: Beyblade\n|\n|-weather|Snow|[upkeep]\n|upkeep\n|turn|59\n|\n|t:|1700913177\n|move|p2a: Evergreen|Blizzard|p1a: Beyblade\n|-resisted|p1a: Beyblade\n|-damage|p1a: Beyblade|45\/100\n|move|p1a: Beyblade|Rapid Spin|p2a: Evergreen\n|-damage|p2a: Evergreen|21\/100\n|-boost|p1a: Beyblade|spe|1\n|\n|-weather|Snow|[upkeep]\n|upkeep\n|turn|60\n|\n|t:|1700913186\n|move|p2a: Evergreen|Blizzard|p1a: Beyblade\n|-resisted|p1a: Beyblade\n|-damage|p1a: Beyblade|15\/100\n|move|p1a: Beyblade|Rapid Spin|p2a: Evergreen\n|-damage|p2a: Evergreen|12\/100\n|-boost|p1a: Beyblade|spe|1\n|\n|-weather|Snow|[upkeep]\n|upkeep\n|turn|61\n|\n|t:|1700913195\n|move|p2a: Evergreen|Blizzard|p1a: Beyblade\n|-resisted|p1a: Beyblade\n|-damage|p1a: Beyblade|0 fnt\n|faint|p1a: Beyblade\n|\n|-weather|Snow|[upkeep]\n|upkeep\n|\n|t:|1700913200\n|switch|p1a: Ribbon|Sylveon, F|64\/100\n|turn|62\n|\n|t:|1700913222\n|move|p1a: Ribbon|Protect|p1a: Ribbon\n|-singleturn|p1a: Ribbon|Protect\n|move|p2a: Evergreen|Leech Seed|p1a: Ribbon\n|-activate|p1a: Ribbon|move: Protect\n|\n|-weather|none\n|-heal|p1a: Ribbon|70\/100|[from] item: Leftovers\n|upkeep\n|turn|63\n|\n|t:|1700913233\n|move|p2a: Evergreen|Leech Seed|p1a: Ribbon\n|-start|p1a: Ribbon|move: Leech Seed\n|move|p1a: Ribbon|Hyper Voice|p2a: Evergreen\n|-damage|p2a: Evergreen|0 fnt\n|faint|p2a: Evergreen\n|\n|-heal|p1a: Ribbon|76\/100|[from] item: Leftovers\n|upkeep\n|\n|t:|1700913240\n|switch|p2a: The Clussy|Cloyster, F, shiny|100\/100\n|turn|64\n|\n|t:|1700913247\n|move|p2a: The Clussy|Shell Smash|p2a: The Clussy\n|-unboost|p2a: The Clussy|def|1\n|-unboost|p2a: The Clussy|spd|1\n|-boost|p2a: The Clussy|atk|2\n|-boost|p2a: The Clussy|spa|2\n|-boost|p2a: The Clussy|spe|2\n|move|p1a: Ribbon|Wish|p1a: Ribbon\n|\n|-heal|p1a: Ribbon|82\/100|[from] item: Leftovers\n|-damage|p1a: Ribbon|70\/100|[from] Leech Seed|[of] p2a: The Clussy\n|upkeep\n|turn|65\n|\n|t:|1700913264\n|switch|p1a: Aphrodite|Milotic, F|57\/100 brn\n|move|p2a: The Clussy|Rock Blast|p1a: Aphrodite\n|-damage|p1a: Aphrodite|49\/100 brn\n|-damage|p1a: Aphrodite|41\/100 brn\n|-damage|p1a: Aphrodite|33\/100 brn\n|-damage|p1a: Aphrodite|25\/100 brn\n|-damage|p1a: Aphrodite|17\/100 brn\n|-hitcount|p1a: Aphrodite|5\n|\n|-heal|p1a: Aphrodite|67\/100 brn|[from] move: Wish|[wisher] Ribbon\n|-damage|p1a: Aphrodite|61\/100 brn|[from] brn\n|upkeep\n|turn|66\n|\n|t:|1700913286\n|move|p2a: The Clussy|Shell Smash|p2a: The Clussy\n|-unboost|p2a: The Clussy|def|1\n|-unboost|p2a: The Clussy|spd|1\n|-boost|p2a: The Clussy|atk|2\n|-boost|p2a: The Clussy|spa|2\n|-boost|p2a: The Clussy|spe|2\n|move|p1a: Aphrodite|Haze|p1a: Aphrodite\n|-clearallboost\n|\n|-damage|p1a: Aphrodite|55\/100 brn|[from] brn\n|upkeep\n|turn|67\n|\n|t:|1700913299\n|move|p2a: The Clussy|Shell Smash|p2a: The Clussy\n|-unboost|p2a: The Clussy|def|1\n|-unboost|p2a: The Clussy|spd|1\n|-boost|p2a: The Clussy|atk|2\n|-boost|p2a: The Clussy|spa|2\n|-boost|p2a: The Clussy|spe|2\n|move|p1a: Aphrodite|Scald|p2a: The Clussy\n|-resisted|p2a: The Clussy\n|-crit|p2a: The Clussy\n|-damage|p2a: The Clussy|7\/100\n|\n|-damage|p1a: Aphrodite|49\/100 brn|[from] brn\n|upkeep\n|turn|68\n|\n|t:|1700913313\n|move|p2a: The Clussy|Rock Blast|p1a: Aphrodite\n|-damage|p1a: Aphrodite|41\/100 brn\n|-damage|p1a: Aphrodite|33\/100 brn\n|-damage|p1a: Aphrodite|25\/100 brn\n|-damage|p1a: Aphrodite|16\/100 brn\n|-damage|p1a: Aphrodite|9\/100 brn\n|-hitcount|p1a: Aphrodite|5\n|move|p1a: Aphrodite|Scald|p2a: The Clussy\n|-resisted|p2a: The Clussy\n|-damage|p2a: The Clussy|0 fnt\n|faint|p2a: The Clussy\n|\n|win|hollow_Lycoris\n|l|\u2606hollow_Lycoris\n","uploadtime":1700913360,"views":3,"p1id":"hollowlycoris","p2id":"archraccoon32","formatid":"gen9ou","rating":0,"private":0,"password":""}