{"id":"gen9ou-1995464519","p1":"alt no. 599","p2":"KyokySP","format":"[Gen 9] OU","log":"|j|\u2606alt no. 599\n|j|\u203dKyokySP\n|t:|1700573787\n|gametype|singles\n|player|p1|alt no. 599|acetrainersnowf|1589\n|player|p2|KyokySP|gentleman-gen4|1622\n|teamsize|p1|6\n|teamsize|p2|6\n|gen|9\n|tier|[Gen 9] OU\n|rated|\n|rule|Sleep Clause Mod: Limit one foe put to sleep\n|rule|Species Clause: Limit one of each Pok\u00e9mon\n|rule|OHKO Clause: OHKO moves are banned\n|rule|Evasion Items Clause: Evasion items are banned\n|rule|Evasion Moves Clause: Evasion moves are banned\n|rule|Endless Battle Clause: Forcing endless battles is banned\n|rule|HP Percentage Mod: HP is shown in percentages\n|clearpoke\n|poke|p1|Ting-Lu|\n|poke|p1|Landorus-Therian, M|\n|poke|p1|Zapdos|\n|poke|p1|Zamazenta-*|\n|poke|p1|Meowscarada, F|\n|poke|p1|Slowking-Galar, F|\n|poke|p2|Garchomp, F|\n|poke|p2|Greninja-*, M|\n|poke|p2|Dragonite, F|\n|poke|p2|Sandy Shocks|\n|poke|p2|Kingambit, F|\n|poke|p2|Zapdos|\n|teampreview\n|\n|t:|1700573799\n|start\n|switch|p1a: Ting-Lu|Ting-Lu|100\/100\n|switch|p2a: Zapdos|Zapdos|100\/100\n|-ability|p1a: Ting-Lu|Vessel of Ruin\n|turn|1\n|\n|t:|1700573808\n|move|p2a: Zapdos|Hurricane|p1a: Ting-Lu|[miss]\n|-miss|p2a: Zapdos|p1a: Ting-Lu\n|move|p1a: Ting-Lu|Spikes|p2a: Zapdos\n|-sidestart|p2: KyokySP|Spikes\n|\n|upkeep\n|turn|2\n|j| BobbyTheFool\n|\n|t:|1700573814\n|switch|p2a: Garchomp|Garchomp, F|100\/100\n|-damage|p2a: Garchomp|88\/100|[from] Spikes\n|move|p1a: Ting-Lu|Ruination|p2a: Garchomp\n|-damage|p2a: Garchomp|44\/100\n|\n|upkeep\n|turn|3\n|\n|t:|1700573817\n|move|p2a: Garchomp|Stealth Rock|p1a: Ting-Lu\n|-sidestart|p1: alt no. 599|move: Stealth Rock\n|move|p1a: Ting-Lu|Whirlwind|p2a: Garchomp\n|drag|p2a: Sandy Shocks|Sandy Shocks|100\/100\n|-damage|p2a: Sandy Shocks|88\/100|[from] Spikes\n|-enditem|p2a: Sandy Shocks|Booster Energy\n|-activate|p2a: Sandy Shocks|ability: Protosynthesis|[fromitem]\n|-start|p2a: Sandy Shocks|protosynthesisspe\n|\n|upkeep\n|turn|4\n|l| BobbyTheFool\n|\n|t:|1700573826\n|move|p2a: Sandy Shocks|Earth Power|p1a: Ting-Lu\n|-damage|p1a: Ting-Lu|82\/100\n|move|p1a: Ting-Lu|Earthquake|p2a: Sandy Shocks\n|-supereffective|p2a: Sandy Shocks\n|-damage|p2a: Sandy Shocks|5\/100\n|\n|-heal|p1a: Ting-Lu|88\/100|[from] item: Leftovers\n|upkeep\n|turn|5\n|\n|t:|1700573831\n|move|p2a: Sandy Shocks|Earth Power|p1a: Ting-Lu\n|-damage|p1a: Ting-Lu|71\/100\n|move|p1a: Ting-Lu|Earthquake|p2a: Sandy Shocks\n|-supereffective|p2a: Sandy Shocks\n|-damage|p2a: Sandy Shocks|0 fnt\n|faint|p2a: Sandy Shocks\n|-end|p2a: Sandy Shocks|Protosynthesis|[silent]\n|\n|-heal|p1a: Ting-Lu|77\/100|[from] item: Leftovers\n|upkeep\n|\n|t:|1700573838\n|switch|p2a: Garchomp|Garchomp, F|44\/100\n|-damage|p2a: Garchomp|32\/100|[from] Spikes\n|turn|6\n|\n|t:|1700573840\n|move|p2a: Garchomp|Spikes|p1a: Ting-Lu\n|-sidestart|p1: alt no. 599|Spikes\n|move|p1a: Ting-Lu|Earthquake|p2a: Garchomp\n|-damage|p2a: Garchomp|3\/100\n|\n|-heal|p1a: Ting-Lu|83\/100|[from] item: Leftovers\n|upkeep\n|turn|7\n|\n|t:|1700573846\n|move|p2a: Garchomp|Spikes|p1a: Ting-Lu\n|-sidestart|p1: alt no. 599|Spikes\n|move|p1a: Ting-Lu|Earthquake|p2a: Garchomp\n|-crit|p2a: Garchomp\n|-damage|p2a: Garchomp|0 fnt\n|faint|p2a: Garchomp\n|\n|-heal|p1a: Ting-Lu|89\/100|[from] item: Leftovers\n|upkeep\n|\n|t:|1700573851\n|switch|p2a: Greninja|Greninja, M|100\/100\n|-damage|p2a: Greninja|88\/100|[from] Spikes\n|turn|8\n|\n|t:|1700573860\n|move|p2a: Greninja|Low Kick|p1a: Ting-Lu\n|-supereffective|p1a: Ting-Lu\n|-damage|p1a: Ting-Lu|53\/100\n|-damage|p2a: Greninja|78\/100|[from] item: Life Orb\n|move|p1a: Ting-Lu|Earthquake|p2a: Greninja\n|-damage|p2a: Greninja|15\/100\n|\n|-heal|p1a: Ting-Lu|59\/100|[from] item: Leftovers\n|upkeep\n|turn|9\n|\n|t:|1700573866\n|move|p2a: Greninja|Surf|p1a: Ting-Lu\n|-supereffective|p1a: Ting-Lu\n|-damage|p1a: Ting-Lu|18\/100\n|-damage|p2a: Greninja|5\/100|[from] item: Life Orb\n|move|p1a: Ting-Lu|Whirlwind|p2a: Greninja\n|drag|p2a: Kingambit|Kingambit, F|100\/100\n|-damage|p2a: Kingambit|88\/100|[from] Spikes\n|-activate|p2a: Kingambit|ability: Supreme Overlord\n|-start|p2a: Kingambit|fallen2|[silent]\n|\n|-heal|p1a: Ting-Lu|25\/100|[from] item: Leftovers\n|upkeep\n|turn|10\n|\n|t:|1700573874\n|move|p2a: Kingambit|Iron Head|p1a: Ting-Lu\n|-damage|p1a: Ting-Lu|0 fnt\n|faint|p1a: Ting-Lu\n|\n|upkeep\n|\n|t:|1700573881\n|switch|p1a: Landorus|Landorus-Therian, M|100\/100\n|-damage|p1a: Landorus|88\/100|[from] Stealth Rock\n|-ability|p1a: Landorus|Intimidate|boost\n|-unboost|p2a: Kingambit|atk|1\n|turn|11\n|\n|t:|1700573888\n|-end|p2a: Kingambit|fallen2|[silent]\n|switch|p2a: Greninja|Greninja, M|5\/100\n|-damage|p2a: Greninja|0 fnt|[from] Spikes\n|faint|p2a: Greninja\n|move|p1a: Landorus|Stealth Rock|p2: Greninja\n|-sidestart|p2: KyokySP|move: Stealth Rock\n|\n|-heal|p1a: Landorus|94\/100|[from] item: Leftovers\n|upkeep\n|\n|t:|1700573892\n|switch|p2a: Zapdos|Zapdos|100\/100\n|turn|12\n|\n|t:|1700573896\n|switch|p1a: Slowking|Slowking-Galar, F|100\/100\n|move|p2a: Zapdos|Hurricane|p1a: Slowking\n|-damage|p1a: Slowking|64\/100\n|\n|upkeep\n|turn|13\n|\n|t:|1700573903\n|move|p2a: Zapdos|Thunder Wave|p1a: Slowking|[miss]\n|-miss|p2a: Zapdos|p1a: Slowking\n|move|p1a: Slowking|Chilly Reception|p1a: Slowking\n|-weather|Snow\n|\n|t:|1700573907\n|switch|p1a: Meowscarada|Meowscarada, F|100\/100|[from] Chilly Reception\n|\n|-weather|Snow|[upkeep]\n|upkeep\n|turn|14\n|\n|t:|1700573912\n|move|p1a: Meowscarada|Thunder Punch|p2a: Zapdos\n|-start|p1a: Meowscarada|typechange|Electric|[from] ability: Protean\n|-damage|p2a: Zapdos|71\/100\n|move|p2a: Zapdos|Hurricane|p1a: Meowscarada\n|-resisted|p1a: Meowscarada\n|-damage|p1a: Meowscarada|64\/100\n|-start|p1a: Meowscarada|confusion\n|\n|-weather|Snow|[upkeep]\n|upkeep\n|turn|15\n|\n|t:|1700573922\n|-activate|p1a: Meowscarada|confusion\n|-damage|p1a: Meowscarada|46\/100|[from] confusion\n|move|p2a: Zapdos|Roost|p2a: Zapdos\n|-heal|p2a: Zapdos|100\/100\n|-singleturn|p2a: Zapdos|move: Roost\n|\n|-weather|Snow|[upkeep]\n|upkeep\n|turn|16\n|\n|t:|1700573927\n|-activate|p1a: Meowscarada|confusion\n|move|p1a: Meowscarada|Knock Off|p2a: Zapdos\n|-damage|p2a: Zapdos|74\/100\n|-enditem|p2a: Zapdos|Heavy-Duty Boots|[from] move: Knock Off|[of] p1a: Meowscarada\n|move|p2a: Zapdos|Hurricane|p1a: Meowscarada|[miss]\n|-miss|p2a: Zapdos|p1a: Meowscarada\n|\n|-weather|Snow|[upkeep]\n|upkeep\n|turn|17\n|\n|t:|1700573936\n|switch|p1a: Slowking|Slowking-Galar, F|97\/100\n|move|p2a: Zapdos|Hurricane|p1a: Slowking\n|-damage|p1a: Slowking|64\/100\n|\n|-weather|none\n|upkeep\n|turn|18\n|\n|t:|1700573943\n|move|p2a: Zapdos|Thunder Wave|p1a: Slowking\n|-status|p1a: Slowking|par\n|move|p1a: Slowking|Chilly Reception|p1a: Slowking\n|-weather|Snow\n|\n|t:|1700573953\n|switch|p1a: Meowscarada|Meowscarada, F|46\/100|[from] Chilly Reception\n|\n|-weather|Snow|[upkeep]\n|upkeep\n|turn|19\n|\n|t:|1700573958\n|move|p1a: Meowscarada|Thunder Punch|p2a: Zapdos\n|-start|p1a: Meowscarada|typechange|Electric|[from] ability: Protean\n|-damage|p2a: Zapdos|45\/100\n|move|p2a: Zapdos|Roost|p2a: Zapdos\n|-heal|p2a: Zapdos|95\/100\n|-singleturn|p2a: Zapdos|move: Roost\n|\n|-weather|Snow|[upkeep]\n|upkeep\n|turn|20\n|\n|t:|1700573966\n|move|p1a: Meowscarada|U-turn|p2a: Zapdos\n|-resisted|p2a: Zapdos\n|-damage|p2a: Zapdos|85\/100\n|\n|t:|1700573968\n|switch|p1a: Slowking|Slowking-Galar, F|97\/100 par|[from] U-turn\n|move|p2a: Zapdos|Hurricane|p1a: Slowking\n|-damage|p1a: Slowking|63\/100 par\n|\n|-weather|Snow|[upkeep]\n|upkeep\n|turn|21\n|\n|t:|1700573976\n|switch|p1a: Zapdos|Zapdos|100\/100\n|move|p2a: Zapdos|Hurricane|p1a: Zapdos\n|-resisted|p1a: Zapdos\n|-damage|p1a: Zapdos|80\/100\n|\n|-weather|Snow|[upkeep]\n|upkeep\n|turn|22\n|\n|t:|1700573982\n|move|p1a: Zapdos|Volt Switch|p2a: Zapdos\n|-damage|p2a: Zapdos|56\/100\n|\n|t:|1700573986\n|switch|p1a: Slowking|Slowking-Galar, F|97\/100 par|[from] Volt Switch\n|move|p2a: Zapdos|Volt Switch|p1a: Slowking\n|-damage|p1a: Slowking|73\/100 par\n|\n|t:|1700573990\n|switch|p2a: Kingambit|Kingambit, F|88\/100|[from] Volt Switch\n|-damage|p2a: Kingambit|76\/100|[from] Spikes\n|-damage|p2a: Kingambit|70\/100|[from] Stealth Rock\n|-activate|p2a: Kingambit|ability: Supreme Overlord\n|-start|p2a: Kingambit|fallen3|[silent]\n|\n|-weather|none\n|upkeep\n|turn|23\n|\n|t:|1700573994\n|switch|p1a: Landorus|Landorus-Therian, M|94\/100\n|-damage|p1a: Landorus|82\/100|[from] Stealth Rock\n|-ability|p1a: Landorus|Intimidate|boost\n|-unboost|p2a: Kingambit|atk|1\n|move|p2a: Kingambit|Swords Dance|p2a: Kingambit\n|-boost|p2a: Kingambit|atk|2\n|\n|-heal|p1a: Landorus|88\/100|[from] item: Leftovers\n|upkeep\n|turn|24\n|\n|t:|1700574003\n|-terastallize|p2a: Kingambit|Fairy\n|move|p1a: Landorus|U-turn|p2a: Kingambit\n|-resisted|p2a: Kingambit\n|-damage|p2a: Kingambit|61\/100\n|\n|t:|1700574009\n|switch|p1a: Meowscarada|Meowscarada, F|46\/100|[from] U-turn\n|move|p2a: Kingambit|Kowtow Cleave|p1a: Meowscarada\n|-resisted|p1a: Meowscarada\n|-damage|p1a: Meowscarada|0 fnt\n|faint|p1a: Meowscarada\n|\n|upkeep\n|\n|t:|1700574013\n|switch|p1a: Zamazenta|Zamazenta|100\/100\n|-ability|p1a: Zamazenta|Dauntless Shield|boost\n|-boost|p1a: Zamazenta|def|1\n|turn|25\n|\n|t:|1700574041\n|-end|p2a: Kingambit|fallen3|[silent]\n|switch|p2a: Zapdos|Zapdos|56\/100\n|-damage|p2a: Zapdos|31\/100|[from] Stealth Rock\n|move|p1a: Zamazenta|Iron Defense|p1a: Zamazenta\n|-boost|p1a: Zamazenta|def|2\n|\n|upkeep\n|turn|26\n|\n|t:|1700574048\n|move|p1a: Zamazenta|Body Press|p2a: Zapdos\n|-resisted|p2a: Zapdos\n|-damage|p2a: Zapdos|0 fnt\n|faint|p2a: Zapdos\n|\n|upkeep\n|\n|t:|1700574052\n|switch|p2a: Dragonite|Dragonite, F|100\/100\n|turn|27\n|-message|KyokySP forfeited.\n|\n|win|alt no. 599\n|raw|alt no. 599's rating: 1589 &rarr; <strong>1611<\/strong><br \/>(+22 for winning)\n|raw|KyokySP's rating: 1622 &rarr; <strong>1600<\/strong><br \/>(-22 for losing)\n|l|\u203dKyokySP\n","uploadtime":1700574060,"views":2,"p1id":"altno599","p2id":"kyokysp","formatid":"gen9ou","rating":1600,"private":0,"password":""}