{"id":"gen9ou-1998169486","p1":"Jay_Fluxx","p2":"Young2208","format":"[Gen 9] OU","log":"|j|\u2606Jay_Fluxx\n|j|\u2606Young2208\n|t:|1700905280\n|gametype|singles\n|player|p1|Jay_Fluxx|will|1089\n|player|p2|Young2208|101|1157\n|teamsize|p1|6\n|teamsize|p2|6\n|gen|9\n|tier|[Gen 9] OU\n|rated|\n|rule|Sleep Clause Mod: Limit one foe put to sleep\n|rule|Species Clause: Limit one of each Pok\u00e9mon\n|rule|OHKO Clause: OHKO moves are banned\n|rule|Evasion Items Clause: Evasion items are banned\n|rule|Evasion Moves Clause: Evasion moves are banned\n|rule|Endless Battle Clause: Forcing endless battles is banned\n|rule|HP Percentage Mod: HP is shown in percentages\n|clearpoke\n|poke|p1|Cinderace, M|\n|poke|p1|Jirachi|\n|poke|p1|Indeedee-F, F|\n|poke|p1|Ninetales-Alola, M|\n|poke|p1|Dragapult, M|\n|poke|p1|Samurott-Hisui, F|\n|poke|p2|Kingambit, F|\n|poke|p2|Rillaboom, M|\n|poke|p2|Garchomp, M|\n|poke|p2|Ogerpon-Cornerstone, F|\n|poke|p2|Corviknight, F|\n|poke|p2|Greninja-*, M|\n|teampreview\n|inactive|Battle timer is ON: inactive players will automatically lose when time's up. (requested by Jay_Fluxx)\n|\n|t:|1700905289\n|start\n|switch|p1a: Ninetales|Ninetales-Alola, M, shiny|100\/100\n|switch|p2a: Greninja|Greninja, M|100\/100\n|-weather|Snow|[from] ability: Snow Warning|[of] p1a: Ninetales\n|turn|1\n|\n|t:|1700905306\n|switch|p2a: Corviknight|Corviknight, F, shiny|100\/100\n|-ability|p2a: Corviknight|Pressure\n|move|p1a: Ninetales|Aurora Veil|p1a: Ninetales\n|-sidestart|p1: Jay_Fluxx|move: Aurora Veil\n|\n|-weather|Snow|[upkeep]\n|upkeep\n|turn|2\n|\n|t:|1700905313\n|move|p1a: Ninetales|Calm Mind|p1a: Ninetales\n|-boost|p1a: Ninetales|spa|1\n|-boost|p1a: Ninetales|spd|1\n|move|p2a: Corviknight|Brave Bird|p1a: Ninetales\n|-damage|p1a: Ninetales|83\/100\n|-damage|p2a: Corviknight|96\/100|[from] Recoil\n|\n|-weather|Snow|[upkeep]\n|upkeep\n|turn|3\n|\n|t:|1700905324\n|move|p1a: Ninetales|Calm Mind|p1a: Ninetales\n|-boost|p1a: Ninetales|spa|1\n|-boost|p1a: Ninetales|spd|1\n|move|p2a: Corviknight|Brave Bird|p1a: Ninetales\n|-damage|p1a: Ninetales|65\/100\n|-damage|p2a: Corviknight|92\/100|[from] Recoil\n|\n|-weather|Snow|[upkeep]\n|upkeep\n|turn|4\n|\n|t:|1700905335\n|move|p1a: Ninetales|Freeze-Dry|p2a: Corviknight\n|-damage|p2a: Corviknight|41\/100\n|move|p2a: Corviknight|Brave Bird|p1a: Ninetales\n|-damage|p1a: Ninetales|45\/100\n|-damage|p2a: Corviknight|37\/100|[from] Recoil\n|\n|-weather|Snow|[upkeep]\n|upkeep\n|turn|5\n|\n|t:|1700905342\n|move|p1a: Ninetales|Freeze-Dry|p2a: Corviknight\n|-damage|p2a: Corviknight|0 fnt\n|faint|p2a: Corviknight\n|\n|-weather|none\n|upkeep\n|\n|t:|1700905359\n|switch|p2a: Ogerpon|Ogerpon-Cornerstone, F|100\/100\n|turn|6\n|\n|t:|1700905368\n|move|p2a: Ogerpon|Trailblaze|p1a: Ninetales\n|-damage|p1a: Ninetales|22\/100\n|-boost|p2a: Ogerpon|spe|1\n|move|p1a: Ninetales|Freeze-Dry|p2a: Ogerpon\n|-supereffective|p2a: Ogerpon\n|-ability|p2a: Ogerpon|Sturdy\n|-damage|p2a: Ogerpon|1\/100\n|\n|upkeep\n|turn|7\n|\n|t:|1700905382\n|-terastallize|p1a: Ninetales|Steel\n|move|p2a: Ogerpon|Horn Leech|p1a: Ninetales\n|-resisted|p1a: Ninetales\n|-damage|p1a: Ninetales|7\/100\n|-heal|p2a: Ogerpon|8\/100|[from] drain|[of] p1a: Ninetales\n|move|p1a: Ninetales|Freeze-Dry|p2a: Ogerpon\n|-supereffective|p2a: Ogerpon\n|-crit|p2a: Ogerpon\n|-damage|p2a: Ogerpon|0 fnt\n|faint|p2a: Ogerpon\n|\n|upkeep\n|\n|t:|1700905390\n|switch|p2a: Kingambit|Kingambit, F|100\/100\n|-activate|p2a: Kingambit|ability: Supreme Overlord\n|-start|p2a: Kingambit|fallen2|[silent]\n|turn|8\n|\n|t:|1700905407\n|move|p1a: Ninetales|Moonblast|p2a: Kingambit\n|-damage|p2a: Kingambit|30\/100\n|move|p2a: Kingambit|Swords Dance|p2a: Kingambit\n|-boost|p2a: Kingambit|atk|2\n|\n|-sideend|p1: Jay_Fluxx|move: Aurora Veil\n|upkeep\n|turn|9\n|\n|t:|1700905416\n|-terastallize|p2a: Kingambit|Fairy\n|move|p1a: Ninetales|Moonblast|p2a: Kingambit\n|-damage|p2a: Kingambit|0 fnt\n|faint|p2a: Kingambit\n|-end|p2a: Kingambit|fallen2|[silent]\n|\n|upkeep\n|\n|t:|1700905424\n|switch|p2a: Greninja|Greninja, M|100\/100\n|turn|10\n|\n|t:|1700905429\n|move|p2a: Greninja|Dark Pulse|p1a: Ninetales\n|-damage|p1a: Ninetales|0 fnt\n|faint|p1a: Ninetales\n|-ability|p2a: Greninja|Battle Bond|boost\n|-boost|p2a: Greninja|atk|1\n|-boost|p2a: Greninja|spa|1\n|-boost|p2a: Greninja|spe|1\n|-activate|p2a: Greninja|ability: Battle Bond\n|-damage|p2a: Greninja|91\/100|[from] item: Life Orb\n|\n|upkeep\n|\n|t:|1700905439\n|switch|p1a: Samurott|Samurott-Hisui, F, shiny|100\/100\n|turn|11\n|\n|t:|1700905444\n|move|p2a: Greninja|Grass Knot|p1a: Samurott\n|-supereffective|p1a: Samurott\n|-damage|p1a: Samurott|0 fnt\n|faint|p1a: Samurott\n|-damage|p2a: Greninja|81\/100|[from] item: Life Orb\n|\n|upkeep\n|\n|t:|1700905449\n|switch|p1a: Dragapult|Dragapult, M|100\/100\n|turn|12\n|\n|t:|1700905454\n|move|p2a: Greninja|Dark Pulse|p1a: Dragapult\n|-supereffective|p1a: Dragapult\n|-damage|p1a: Dragapult|0 fnt\n|faint|p1a: Dragapult\n|-damage|p2a: Greninja|71\/100|[from] item: Life Orb\n|\n|upkeep\n|\n|t:|1700905466\n|switch|p1a: Indeedee|Indeedee-F, F, shiny|100\/100\n|-fieldstart|move: Psychic Terrain|[from] ability: Psychic Surge|[of] p1a: Indeedee\n|turn|13\n|\n|t:|1700905471\n|move|p2a: Greninja|Dark Pulse|p1a: Indeedee\n|-supereffective|p1a: Indeedee\n|-damage|p1a: Indeedee|0 fnt\n|faint|p1a: Indeedee\n|-damage|p2a: Greninja|61\/100|[from] item: Life Orb\n|\n|upkeep\n|\n|t:|1700905483\n|switch|p1a: Jirachi|Jirachi, shiny|100\/100\n|turn|14\n|\n|t:|1700905488\n|move|p2a: Greninja|Dark Pulse|p1a: Jirachi\n|-supereffective|p1a: Jirachi\n|-damage|p1a: Jirachi|0 fnt\n|faint|p1a: Jirachi\n|-damage|p2a: Greninja|51\/100|[from] item: Life Orb\n|\n|upkeep\n|\n|t:|1700905493\n|switch|p1a: Cinderace|Cinderace, M|100\/100\n|turn|15\n|\n|t:|1700905496\n|move|p2a: Greninja|Hydro Pump|p1a: Cinderace\n|-supereffective|p1a: Cinderace\n|-damage|p1a: Cinderace|0 fnt\n|faint|p1a: Cinderace\n|-damage|p2a: Greninja|42\/100|[from] item: Life Orb\n|\n|win|Young2208\n|raw|Jay_Fluxx's rating: 1089 &rarr; <strong>1070<\/strong><br \/>(-19 for losing)\n|raw|Young2208's rating: 1157 &rarr; <strong>1177<\/strong><br \/>(+20 for winning)\n|l|\u2606Jay_Fluxx\n","uploadtime":1700905506,"views":1,"p1id":"jayfluxx","p2id":"young2208","formatid":"gen9ou","rating":1070,"private":0,"password":""}