{"id":"gen9ou-1991578998","p1":"snotnosezill","p2":"Quakewest1","format":"[Gen 9] OU","log":"|j|\u2606snotnosezill\n|j|\u2606Quakewest1\n|t:|1700090432\n|gametype|singles\n|player|p1|snotnosezill|266|1116\n|player|p2|Quakewest1|170|1201\n|teamsize|p1|6\n|teamsize|p2|6\n|gen|9\n|tier|[Gen 9] OU\n|rated|\n|rule|Sleep Clause Mod: Limit one foe put to sleep\n|rule|Species Clause: Limit one of each Pok\u00e9mon\n|rule|OHKO Clause: OHKO moves are banned\n|rule|Evasion Items Clause: Evasion items are banned\n|rule|Evasion Moves Clause: Evasion moves are banned\n|rule|Endless Battle Clause: Forcing endless battles is banned\n|rule|HP Percentage Mod: HP is shown in percentages\n|clearpoke\n|poke|p1|Torkoal, M|\n|poke|p1|Skeledirge, M|\n|poke|p1|Heatran, F|\n|poke|p1|Walking Wake|\n|poke|p1|Moltres-Galar|\n|poke|p1|Hatterene, F|\n|poke|p2|Blissey, F|\n|poke|p2|Dondozo, F|\n|poke|p2|Enamorus, F|\n|poke|p2|Hoopa-Unbound|\n|poke|p2|Dragapult, M|\n|poke|p2|Talonflame, F|\n|teampreview\n|inactive|Battle timer is ON: inactive players will automatically lose when time's up. (requested by Quakewest1)\n|inactive|snotnosezill has 120 seconds left.\n|\n|t:|1700090494\n|start\n|switch|p1a: Heatran|Heatran, F|100\/100\n|switch|p2a: Blissey|Blissey, F|100\/100\n|-item|p1a: Heatran|Air Balloon\n|turn|1\n|\n|t:|1700090510\n|move|p1a: Heatran|Protect|p1a: Heatran\n|-singleturn|p1a: Heatran|Protect\n|move|p2a: Blissey|Thunder Wave|p1a: Heatran\n|-activate|p1a: Heatran|move: Protect\n|\n|upkeep\n|turn|2\n|\n|t:|1700090516\n|switch|p1a: Hatterene|Hatterene, F|100\/100\n|move|p2a: Blissey|Thunder Wave|p1a: Hatterene\n|move|p1a: Hatterene|Thunder Wave|p2a: Blissey|[from]ability: Magic Bounce\n|-status|p2a: Blissey|par\n|\n|upkeep\n|turn|3\n|\n|t:|1700090538\n|switch|p1a: Moltres|Moltres-Galar|100\/100\n|-curestatus|p2a: Blissey|par|[from] ability: Natural Cure\n|switch|p2a: Dondozo|Dondozo, F|100\/100\n|\n|upkeep\n|turn|4\n|\n|t:|1700090557\n|switch|p2a: Blissey|Blissey, F|100\/100\n|move|p1a: Moltres|Taunt|p2a: Blissey\n|-start|p2a: Blissey|move: Taunt\n|\n|upkeep\n|turn|5\n|\n|t:|1700090564\n|move|p1a: Moltres|Nasty Plot|p1a: Moltres\n|-boost|p1a: Moltres|spa|2\n|move|p2a: Blissey|Seismic Toss|p1a: Moltres\n|-damage|p1a: Moltres|69\/100\n|\n|upkeep\n|turn|6\n|\n|t:|1700090572\n|move|p1a: Moltres|Agility|p1a: Moltres\n|-boost|p1a: Moltres|spe|2\n|move|p2a: Blissey|Seismic Toss|p1a: Moltres\n|-damage|p1a: Moltres|38\/100\n|-ability|p1a: Moltres|Berserk|boost\n|-boost|p1a: Moltres|spa|1\n|-enditem|p1a: Moltres|Sitrus Berry|[eat]\n|-heal|p1a: Moltres|63\/100|[from] item: Sitrus Berry\n|\n|-end|p2a: Blissey|move: Taunt\n|upkeep\n|turn|7\n|inactive|snotnosezill has 120 seconds left.\n|\n|t:|1700090607\n|move|p1a: Moltres|Fiery Wrath|p2a: Blissey\n|-damage|p2a: Blissey|61\/100\n|move|p2a: Blissey|Seismic Toss|p1a: Moltres\n|-damage|p1a: Moltres|32\/100\n|-ability|p1a: Moltres|Berserk|boost\n|-boost|p1a: Moltres|spa|1\n|\n|-heal|p2a: Blissey|67\/100|[from] item: Leftovers\n|upkeep\n|turn|8\n|inactive|snotnosezill has 120 seconds left.\n|\n|t:|1700090634\n|move|p1a: Moltres|Fiery Wrath|p2a: Blissey\n|-damage|p2a: Blissey|22\/100\n|move|p2a: Blissey|Seismic Toss|p1a: Moltres\n|-damage|p1a: Moltres|1\/100\n|\n|-heal|p2a: Blissey|28\/100|[from] item: Leftovers\n|upkeep\n|turn|9\n|\n|t:|1700090644\n|switch|p2a: Dondozo|Dondozo, F|100\/100\n|move|p1a: Moltres|Fiery Wrath|p2a: Dondozo\n|-damage|p2a: Dondozo|56\/100\n|\n|-heal|p2a: Dondozo|62\/100|[from] item: Leftovers\n|upkeep\n|turn|10\n|\n|t:|1700090665\n|switch|p1a: Hatterene|Hatterene, F|100\/100\n|move|p2a: Dondozo|Wave Crash|p1a: Hatterene\n|-damage|p1a: Hatterene|67\/100\n|-damage|p2a: Dondozo|55\/100|[from] Recoil\n|\n|-heal|p1a: Hatterene|73\/100|[from] item: Leftovers\n|-heal|p2a: Dondozo|61\/100|[from] item: Leftovers\n|upkeep\n|turn|11\n|\n|t:|1700090678\n|switch|p2a: Blissey|Blissey, F|28\/100\n|move|p1a: Hatterene|Calm Mind|p1a: Hatterene\n|-boost|p1a: Hatterene|spa|1\n|-boost|p1a: Hatterene|spd|1\n|\n|-heal|p2a: Blissey|34\/100|[from] item: Leftovers\n|-heal|p1a: Hatterene|79\/100|[from] item: Leftovers\n|upkeep\n|turn|12\n|inactive|snotnosezill has 90 seconds left.\n|\n|t:|1700090696\n|move|p2a: Blissey|Soft-Boiled|p2a: Blissey\n|-heal|p2a: Blissey|84\/100\n|move|p1a: Hatterene|Psyshock|p2a: Blissey\n|-damage|p2a: Blissey|23\/100\n|\n|-heal|p2a: Blissey|29\/100|[from] item: Leftovers\n|-heal|p1a: Hatterene|85\/100|[from] item: Leftovers\n|upkeep\n|turn|13\n|\n|t:|1700090710\n|switch|p2a: Hoopa|Hoopa-Unbound|100\/100\n|move|p1a: Hatterene|Calm Mind|p1a: Hatterene\n|-boost|p1a: Hatterene|spa|1\n|-boost|p1a: Hatterene|spd|1\n|\n|-heal|p1a: Hatterene|91\/100|[from] item: Leftovers\n|upkeep\n|turn|14\n|inactive|snotnosezill has 90 seconds left.\n|\n|t:|1700090738\n|move|p2a: Hoopa|Knock Off|p1a: Hatterene\n|-damage|p1a: Hatterene|35\/100\n|-enditem|p1a: Hatterene|Leftovers|[from] move: Knock Off|[of] p2a: Hoopa\n|-damage|p2a: Hoopa|91\/100|[from] item: Life Orb\n|move|p1a: Hatterene|Draining Kiss|p2a: Hoopa\n|-supereffective|p2a: Hoopa\n|-damage|p2a: Hoopa|14\/100\n|-heal|p1a: Hatterene|90\/100|[from] drain|[of] p2a: Hoopa\n|\n|upkeep\n|turn|15\n|\n|t:|1700090753\n|move|p2a: Hoopa|Hyperspace Fury|p1a: Hatterene\n|-damage|p1a: Hatterene|27\/100\n|-unboost|p2a: Hoopa|def|1\n|-damage|p2a: Hoopa|4\/100|[from] item: Life Orb\n|move|p1a: Hatterene|Draining Kiss|p2a: Hoopa\n|-supereffective|p2a: Hoopa\n|-damage|p2a: Hoopa|0 fnt\n|-heal|p1a: Hatterene|30\/100|[from] drain|[of] p2a: Hoopa\n|faint|p2a: Hoopa\n|\n|upkeep\n|inactive|Quakewest1 has 120 seconds left.\n|\n|t:|1700090781\n|switch|p2a: Dondozo|Dondozo, F|61\/100\n|turn|16\n|inactive|snotnosezill has 90 seconds left.\n|\n|t:|1700090786\n|move|p1a: Hatterene|Draining Kiss|p2a: Dondozo\n|-damage|p2a: Dondozo|41\/100\n|-heal|p1a: Hatterene|53\/100|[from] drain|[of] p2a: Dondozo\n|move|p2a: Dondozo|Wave Crash|p1a: Hatterene\n|-damage|p1a: Hatterene|17\/100\n|-damage|p2a: Dondozo|34\/100|[from] Recoil\n|\n|-heal|p2a: Dondozo|40\/100|[from] item: Leftovers\n|upkeep\n|turn|17\n|inactive|snotnosezill has 90 seconds left.\n|\n|t:|1700090802\n|move|p1a: Hatterene|Psyshock|p2a: Dondozo\n|-damage|p2a: Dondozo|23\/100\n|move|p2a: Dondozo|Wave Crash|p1a: Hatterene\n|-damage|p1a: Hatterene|0 fnt\n|faint|p1a: Hatterene\n|-damage|p2a: Dondozo|19\/100|[from] Recoil\n|\n|-heal|p2a: Dondozo|25\/100|[from] item: Leftovers\n|upkeep\n|\n|t:|1700090817\n|switch|p1a: Moltres|Moltres-Galar|1\/100\n|turn|18\n|\n|t:|1700090822\n|move|p1a: Moltres|Fiery Wrath|p2a: Dondozo\n|-damage|p2a: Dondozo|0 fnt\n|faint|p2a: Dondozo\n|\n|upkeep\n|\n|t:|1700090831\n|switch|p2a: Enamorus|Enamorus, F|100\/100\n|turn|19\n|\n|t:|1700090839\n|switch|p1a: Heatran|Heatran, F|100\/100\n|-item|p1a: Heatran|Air Balloon\n|move|p2a: Enamorus|Superpower|p1a: Heatran\n|-supereffective|p1a: Heatran\n|-damage|p1a: Heatran|34\/100\n|-boost|p2a: Enamorus|atk|1\n|-boost|p2a: Enamorus|def|1\n|-enditem|p1a: Heatran|Air Balloon\n|\n|upkeep\n|turn|20\n|\n|t:|1700090850\n|switch|p1a: Skeledirge|Skeledirge, M|100\/100\n|move|p2a: Enamorus|Superpower|p1a: Skeledirge\n|-immune|p1a: Skeledirge\n|\n|upkeep\n|turn|21\n|\n|t:|1700090858\n|move|p2a: Enamorus|Earth Power|p1a: Skeledirge\n|-supereffective|p1a: Skeledirge\n|-damage|p1a: Skeledirge|29\/100\n|move|p1a: Skeledirge|Sing|p2a: Enamorus|[miss]\n|-miss|p1a: Skeledirge|p2a: Enamorus\n|-enditem|p1a: Skeledirge|Blunder Policy\n|-boost|p1a: Skeledirge|spe|2\n|\n|upkeep\n|turn|22\n|\n|t:|1700090866\n|move|p1a: Skeledirge|Sing|p2a: Enamorus|[miss]\n|-miss|p1a: Skeledirge|p2a: Enamorus\n|move|p2a: Enamorus|Earth Power|p1a: Skeledirge\n|-supereffective|p1a: Skeledirge\n|-damage|p1a: Skeledirge|0 fnt\n|faint|p1a: Skeledirge\n|\n|upkeep\n|\n|t:|1700090878\n|switch|p1a: Torkoal|Torkoal, M|100\/100\n|-weather|SunnyDay|[from] ability: Drought|[of] p1a: Torkoal\n|turn|23\n|\n|t:|1700090889\n|switch|p1a: Moltres|Moltres-Galar|1\/100\n|move|p2a: Enamorus|Earth Power|p1a: Moltres\n|-immune|p1a: Moltres\n|\n|-weather|SunnyDay|[upkeep]\n|upkeep\n|turn|24\n|\n|t:|1700090898\n|move|p2a: Enamorus|Earth Power|p1a: Moltres\n|-immune|p1a: Moltres\n|move|p1a: Moltres|Fiery Wrath|p2a: Enamorus\n|-resisted|p2a: Enamorus\n|-damage|p2a: Enamorus|70\/100\n|\n|-weather|SunnyDay|[upkeep]\n|upkeep\n|turn|25\n|\n|t:|1700090907\n|move|p2a: Enamorus|Superpower|p1a: Moltres\n|-damage|p1a: Moltres|0 fnt\n|-boost|p2a: Enamorus|atk|1\n|-boost|p2a: Enamorus|def|1\n|faint|p1a: Moltres\n|\n|-weather|SunnyDay|[upkeep]\n|upkeep\n|\n|t:|1700090917\n|switch|p1a: Walking Wake|Walking Wake|100\/100\n|-activate|p1a: Walking Wake|ability: Protosynthesis\n|-start|p1a: Walking Wake|protosynthesisspa\n|turn|26\n|\n|t:|1700090941\n|-terastallize|p1a: Walking Wake|Fairy\n|-terastallize|p2a: Enamorus|Fairy\n|move|p1a: Walking Wake|Agility|p1a: Walking Wake\n|-boost|p1a: Walking Wake|spe|2\n|move|p2a: Enamorus|Moonblast|p1a: Walking Wake\n|-damage|p1a: Walking Wake|27\/100\n|-unboost|p1a: Walking Wake|spa|1\n|\n|-weather|SunnyDay|[upkeep]\n|upkeep\n|turn|27\n|\n|t:|1700090955\n|move|p1a: Walking Wake|Hydro Steam|p2a: Enamorus\n|-damage|p2a: Enamorus|0 fnt\n|faint|p2a: Enamorus\n|\n|-weather|SunnyDay|[upkeep]\n|upkeep\n|\n|t:|1700090972\n|switch|p2a: Talonflame|Talonflame, F|100\/100\n|turn|28\n|\n|t:|1700090975\n|move|p2a: Talonflame|Air Slash|p1a: Walking Wake|[miss]\n|-miss|p2a: Talonflame|p1a: Walking Wake\n|move|p1a: Walking Wake|Hydro Steam|p2a: Talonflame\n|-supereffective|p2a: Talonflame\n|-damage|p2a: Talonflame|0 fnt\n|faint|p2a: Talonflame\n|\n|-weather|SunnyDay|[upkeep]\n|upkeep\n|\n|t:|1700090985\n|switch|p2a: Dragapult|Dragapult, M|100\/100\n|turn|29\n|\n|t:|1700090990\n|move|p1a: Walking Wake|Dragon Pulse|p2a: Dragapult\n|-supereffective|p2a: Dragapult\n|-damage|p2a: Dragapult|0 fnt\n|faint|p2a: Dragapult\n|\n|-weather|SunnyDay|[upkeep]\n|upkeep\n|\n|t:|1700090996\n|switch|p2a: Blissey|Blissey, F|29\/100\n|turn|30\n|\n|t:|1700091001\n|move|p1a: Walking Wake|Hydro Steam|p2a: Blissey\n|-damage|p2a: Blissey|10\/100\n|move|p2a: Blissey|Seismic Toss|p1a: Walking Wake\n|-damage|p1a: Walking Wake|0 fnt\n|faint|p1a: Walking Wake\n|-end|p1a: Walking Wake|Protosynthesis|[silent]\n|\n|-weather|none\n|-heal|p2a: Blissey|16\/100|[from] item: Leftovers\n|upkeep\n|\n|t:|1700091013\n|switch|p1a: Heatran|Heatran, F|34\/100\n|turn|31\n|\n|t:|1700091017\n|move|p1a: Heatran|Magma Storm|p2a: Blissey\n|-damage|p2a: Blissey|0 fnt\n|faint|p2a: Blissey\n|\n|win|snotnosezill\n|raw|snotnosezill's rating: 1116 &rarr; <strong>1147<\/strong><br \/>(+31 for winning)\n|raw|Quakewest1's rating: 1201 &rarr; <strong>1170<\/strong><br \/>(-31 for losing)\n|l|\u2606Quakewest1\n","uploadtime":1700091023,"views":8,"p1id":"snotnosezill","p2id":"quakewest1","formatid":"gen9ou","rating":1147,"private":0,"password":""}