{"id":"gen9ou-1994935076","p1":"kingston come","p2":"Mr.Incelman","format":"[Gen 9] OU","log":"|j|\u2606kingston come\n|j|\u2606Mr.Incelman\n|t:|1700506069\n|gametype|singles\n|player|p1|kingston come|roughneck|1189\n|player|p2|Mr.Incelman|colress|1221\n|teamsize|p1|6\n|teamsize|p2|6\n|gen|9\n|tier|[Gen 9] OU\n|rated|\n|rule|Sleep Clause Mod: Limit one foe put to sleep\n|rule|Species Clause: Limit one of each Pok\u00e9mon\n|rule|OHKO Clause: OHKO moves are banned\n|rule|Evasion Items Clause: Evasion items are banned\n|rule|Evasion Moves Clause: Evasion moves are banned\n|rule|Endless Battle Clause: Forcing endless battles is banned\n|rule|HP Percentage Mod: HP is shown in percentages\n|clearpoke\n|poke|p1|Salamence, F|\n|poke|p1|Heatran, M|\n|poke|p1|Iron Valiant|\n|poke|p1|Alomomola, F|\n|poke|p1|Slowking-Galar, F|\n|poke|p1|Zapdos|\n|poke|p2|Manaphy|\n|poke|p2|Kingambit, M|\n|poke|p2|Ribombee, F|\n|poke|p2|Gholdengo|\n|poke|p2|Iron Moth|\n|poke|p2|Ogerpon-Wellspring, F|\n|teampreview\n|inactive|Battle timer is ON: inactive players will automatically lose when time's up. (requested by kingston come)\n|inactive|kingston come has 120 seconds left.\n|\n|t:|1700506107\n|start\n|switch|p1a: Alomomola|Alomomola, F|100\/100\n|switch|p2a: wildfiree|Ribombee, F, shiny|100\/100\n|turn|1\n|\n|t:|1700506127\n|move|p2a: wildfiree|Sticky Web|p1a: Alomomola\n|-sidestart|p1: kingston come|move: Sticky Web\n|move|p1a: Alomomola|Flip Turn|p2a: wildfiree\n|-damage|p2a: wildfiree|73\/100\n|\n|t:|1700506137\n|switch|p1a: Salamence|Salamence, F|100\/100|[from] Flip Turn\n|\n|upkeep\n|turn|2\n|\n|t:|1700506142\n|-terastallize|p1a: Salamence|Flying\n|move|p2a: wildfiree|Moonblast|p1a: Salamence\n|-damage|p1a: Salamence|52\/100\n|-unboost|p1a: Salamence|spa|1\n|move|p1a: Salamence|Dragon Dance|p1a: Salamence\n|-boost|p1a: Salamence|atk|1\n|-boost|p1a: Salamence|spe|1\n|\n|upkeep\n|turn|3\n|\n|t:|1700506149\n|move|p1a: Salamence|Dual Wingbeat|p2a: wildfiree\n|-supereffective|p2a: wildfiree\n|-damage|p2a: wildfiree|0 fnt\n|faint|p2a: wildfiree\n|-ability|p1a: Salamence|Moxie|boost\n|-boost|p1a: Salamence|atk|1\n|-hitcount|p2: wildfiree|1\n|\n|upkeep\n|\n|t:|1700506154\n|switch|p2a: scarlet|Iron Moth|100\/100\n|-enditem|p2a: scarlet|Booster Energy\n|-activate|p2a: scarlet|ability: Quark Drive|[fromitem]\n|-start|p2a: scarlet|quarkdrivespe\n|turn|4\n|\n|t:|1700506160\n|move|p2a: scarlet|Fiery Dance|p1a: Salamence\n|-damage|p1a: Salamence|0 fnt\n|-boost|p2a: scarlet|spa|1\n|faint|p1a: Salamence\n|\n|upkeep\n|\n|t:|1700506165\n|switch|p1a: Slowking|Slowking-Galar, F|100\/100\n|-activate|p1a: Slowking|move: Sticky Web\n|-unboost|p1a: Slowking|spe|1\n|turn|5\n|\n|t:|1700506177\n|move|p2a: scarlet|Substitute|p2a: scarlet\n|-start|p2a: scarlet|Substitute\n|-damage|p2a: scarlet|76\/100\n|move|p1a: Slowking|Future Sight|p2a: scarlet\n|-start|p1a: Slowking|move: Future Sight\n|\n|upkeep\n|turn|6\n|\n|t:|1700506182\n|move|p2a: scarlet|Fiery Dance|p1a: Slowking\n|-damage|p1a: Slowking|64\/100\n|move|p1a: Slowking|Chilly Reception|p1a: Slowking\n|-weather|Snow\n|\n|t:|1700506191\n|switch|p1a: Heatran|Heatran, M|100\/100|[from] Chilly Reception\n|-item|p1a: Heatran|Air Balloon\n|\n|-weather|Snow|[upkeep]\n|upkeep\n|turn|7\n|\n|t:|1700506200\n|move|p2a: scarlet|Psychic|p1a: Heatran\n|-resisted|p1a: Heatran\n|-damage|p1a: Heatran|76\/100\n|-enditem|p1a: Heatran|Air Balloon\n|move|p1a: Heatran|Magma Storm|p2a: scarlet\n|-resisted|p2a: scarlet\n|-end|p2a: scarlet|Substitute\n|\n|-weather|Snow|[upkeep]\n|-end|p2a: scarlet|move: Future Sight\n|-supereffective|p2a: scarlet\n|-damage|p2a: scarlet|0 fnt\n|faint|p2a: scarlet\n|-end|p2a: scarlet|Quark Drive|[silent]\n|upkeep\n|\n|t:|1700506206\n|switch|p2a: faya|Ogerpon-Wellspring, F|100\/100\n|turn|8\n|\n|t:|1700506216\n|switch|p1a: Alomomola|Alomomola, F|100\/100\n|-activate|p1a: Alomomola|move: Sticky Web\n|-unboost|p1a: Alomomola|spe|1\n|move|p2a: faya|Swords Dance|p2a: faya\n|-boost|p2a: faya|atk|2\n|\n|-weather|Snow|[upkeep]\n|upkeep\n|turn|9\n|\n|t:|1700506221\n|move|p2a: faya|Power Whip|p1a: Alomomola\n|-supereffective|p1a: Alomomola\n|-crit|p1a: Alomomola\n|-damage|p1a: Alomomola|0 fnt\n|-damage|p2a: faya|84\/100|[from] item: Rocky Helmet|[of] p1a: Alomomola\n|faint|p1a: Alomomola\n|\n|-weather|Snow|[upkeep]\n|upkeep\n|\n|t:|1700506225\n|switch|p1a: Zapdos|Zapdos|100\/100\n|-ability|p1a: Zapdos|Pressure\n|turn|10\n|\n|t:|1700506228\n|-terastallize|p2a: faya|Water\n|detailschange|p2a: faya|Ogerpon-Wellspring-Tera, F, tera:Water\n|-ability|p2a: faya|Embody Aspect (Wellspring)|boost\n|-boost|p2a: faya|spd|1\n|move|p2a: faya|Ivy Cudgel|p1a: Zapdos|[anim] Ivy Cudgel Water\n|-damage|p1a: Zapdos|0 fnt\n|faint|p1a: Zapdos\n|\n|-weather|none\n|upkeep\n|c|\u2606Mr.Incelman|gg incel\n|\n|t:|1700506235\n|switch|p1a: Iron Valiant|Iron Valiant|100\/100\n|-activate|p1a: Iron Valiant|move: Sticky Web\n|-unboost|p1a: Iron Valiant|spe|1\n|-enditem|p1a: Iron Valiant|Booster Energy\n|-activate|p1a: Iron Valiant|ability: Quark Drive|[fromitem]\n|-start|p1a: Iron Valiant|quarkdriveatk\n|turn|11\n|c|\u2606Mr.Incelman|exit from your fucking home\n|c|\u2606Mr.Incelman|do a walk\n|\n|t:|1700506256\n|move|p2a: faya|Ivy Cudgel|p1a: Iron Valiant|[anim] Ivy Cudgel Water\n|-damage|p1a: Iron Valiant|0 fnt\n|faint|p1a: Iron Valiant\n|-end|p1a: Iron Valiant|Quark Drive|[silent]\n|\n|upkeep\n|\n|t:|1700506271\n|switch|p1a: Slowking|Slowking-Galar, F|97\/100\n|-activate|p1a: Slowking|move: Sticky Web\n|-unboost|p1a: Slowking|spe|1\n|turn|12\n|c|\u2606kingston come|keep up the good work kid\n|\n|t:|1700506291\n|move|p2a: faya|Ivy Cudgel|p1a: Slowking|[anim] Ivy Cudgel Water\n|-damage|p1a: Slowking|0 fnt\n|faint|p1a: Slowking\n|\n|upkeep\n|-message|kingston come forfeited.\n|\n|win|Mr.Incelman\n|raw|kingston come's rating: 1189 &rarr; <strong>1166<\/strong><br \/>(-23 for losing)\n|raw|Mr.Incelman's rating: 1221 &rarr; <strong>1244<\/strong><br \/>(+23 for winning)\n|l|\u2606kingston come\n","uploadtime":1700506256,"views":15,"p1id":"kingstoncome","p2id":"mrincelman","formatid":"gen9ou","rating":1166,"private":0,"password":""}