{"id":"gen9ou-1995204870","p1":"Kayleb1718","p2":"Ralts21801","format":"[Gen 9] OU","log":"|j|\u2606Kayleb1718\n|j|\u2606Ralts21801\n|t:|1700534373\n|gametype|singles\n|player|p1|Kayleb1718|lucas-gen4pt|1040\n|player|p2|Ralts21801|265|1033\n|teamsize|p1|6\n|teamsize|p2|6\n|gen|9\n|tier|[Gen 9] OU\n|rated|\n|rule|Sleep Clause Mod: Limit one foe put to sleep\n|rule|Species Clause: Limit one of each Pok\u00e9mon\n|rule|OHKO Clause: OHKO moves are banned\n|rule|Evasion Items Clause: Evasion items are banned\n|rule|Evasion Moves Clause: Evasion moves are banned\n|rule|Endless Battle Clause: Forcing endless battles is banned\n|rule|HP Percentage Mod: HP is shown in percentages\n|clearpoke\n|poke|p1|Zamazenta-*|\n|poke|p1|Dragapult, M|\n|poke|p1|Landorus-Therian, M|\n|poke|p1|Kingambit, F|\n|poke|p1|Great Tusk|\n|poke|p1|Gyarados, M|\n|poke|p2|Fezandipiti, M|\n|poke|p2|Ceruledge, F|\n|poke|p2|Meowscarada, F|\n|poke|p2|Espeon, M|\n|poke|p2|Landorus-Therian, M|\n|poke|p2|Kleavor, M|\n|teampreview\n|\n|t:|1700534378\n|start\n|switch|p1a: Great Tusk|Great Tusk, shiny|100\/100\n|switch|p2a: Kleavor|Kleavor, M|100\/100\n|turn|1\n|\n|t:|1700534386\n|move|p2a: Kleavor|Stone Axe|p1a: Great Tusk|[miss]\n|-miss|p2a: Kleavor|p1a: Great Tusk\n|move|p1a: Great Tusk|Stealth Rock|p2a: Kleavor\n|-sidestart|p2: Ralts21801|move: Stealth Rock\n|\n|upkeep\n|turn|2\n|\n|t:|1700534392\n|move|p2a: Kleavor|Stone Axe|p1a: Great Tusk\n|-resisted|p1a: Great Tusk\n|-damage|p1a: Great Tusk|87\/100\n|-sidestart|p1: Kayleb1718|move: Stealth Rock\n|move|p1a: Great Tusk|High Horsepower|p2a: Kleavor\n|-damage|p2a: Kleavor|40\/100\n|\n|-heal|p1a: Great Tusk|93\/100|[from] item: Leftovers\n|upkeep\n|turn|3\n|inactive|Battle timer is ON: inactive players will automatically lose when time's up. (requested by Kayleb1718)\n|\n|t:|1700534411\n|switch|p2a: Landorus|Landorus-Therian, M|100\/100\n|-damage|p2a: Landorus|88\/100|[from] Stealth Rock\n|-ability|p2a: Landorus|Intimidate|boost\n|-unboost|p1a: Great Tusk|atk|1\n|move|p1a: Great Tusk|Rapid Spin|p2a: Landorus\n|-damage|p2a: Landorus|75\/100\n|-boost|p1a: Great Tusk|spe|1\n|-sideend|p1: Kayleb1718|Stealth Rock|[from] move: Rapid Spin|[of] p1a: Great Tusk\n|\n|-heal|p1a: Great Tusk|99\/100|[from] item: Leftovers\n|upkeep\n|turn|4\n|inactive|Ralts21801 has 120 seconds left.\n|\n|t:|1700534442\n|-end|p1a: Great Tusk|Protosynthesis|[silent]\n|switch|p1a: Gyarados|Gyarados, M, shiny|100\/100\n|switch|p2a: Espeon|Espeon, M|100\/100\n|-damage|p2a: Espeon|88\/100|[from] Stealth Rock\n|\n|-heal|p2a: Espeon|94\/100|[from] item: Leftovers\n|upkeep\n|turn|5\n|inactive|Ralts21801 has 120 seconds left.\n|\n|t:|1700534455\n|move|p2a: Espeon|Psychic|p1a: Gyarados\n|-damage|p1a: Gyarados|59\/100\n|move|p1a: Gyarados|Waterfall|p2a: Espeon\n|-damage|p2a: Espeon|32\/100\n|\n|-heal|p2a: Espeon|38\/100|[from] item: Leftovers\n|-heal|p1a: Gyarados|65\/100|[from] item: Leftovers\n|upkeep\n|turn|6\n|\n|t:|1700534463\n|move|p2a: Espeon|Protect|p2a: Espeon\n|-singleturn|p2a: Espeon|Protect\n|move|p1a: Gyarados|Waterfall|p2a: Espeon\n|-activate|p2a: Espeon|move: Protect\n|\n|-heal|p2a: Espeon|44\/100|[from] item: Leftovers\n|-heal|p1a: Gyarados|71\/100|[from] item: Leftovers\n|upkeep\n|turn|7\n|\n|t:|1700534471\n|move|p2a: Espeon|Wish|p2a: Espeon\n|move|p1a: Gyarados|Waterfall|p2a: Espeon\n|-damage|p2a: Espeon|0 fnt\n|faint|p2a: Espeon\n|-ability|p1a: Gyarados|Moxie|boost\n|-boost|p1a: Gyarados|atk|1\n|\n|-heal|p1a: Gyarados|77\/100|[from] item: Leftovers\n|upkeep\n|\n|t:|1700534480\n|switch|p2a: Fezandipiti|Fezandipiti, M|100\/100\n|-damage|p2a: Fezandipiti|88\/100|[from] Stealth Rock\n|turn|8\n|\n|t:|1700534492\n|move|p2a: Fezandipiti|Tail Slap|p1a: Gyarados|[miss]\n|-miss|p2a: Fezandipiti|p1a: Gyarados\n|move|p1a: Gyarados|Ice Fang|p2a: Fezandipiti\n|-damage|p2a: Fezandipiti|45\/100\n|\n|-heal|p2a: Fezandipiti|97\/100|[from] move: Wish|[wisher] Espeon\n|-heal|p1a: Gyarados|83\/100|[from] item: Leftovers\n|upkeep\n|turn|9\n|\n|t:|1700534500\n|move|p2a: Fezandipiti|Tail Slap|p1a: Gyarados|[miss]\n|-miss|p2a: Fezandipiti|p1a: Gyarados\n|move|p1a: Gyarados|Dragon Dance|p1a: Gyarados\n|-boost|p1a: Gyarados|atk|1\n|-boost|p1a: Gyarados|spe|1\n|\n|-heal|p1a: Gyarados|89\/100|[from] item: Leftovers\n|upkeep\n|turn|10\n|\n|t:|1700534509\n|move|p1a: Gyarados|Ice Fang|p2a: Fezandipiti\n|-damage|p2a: Fezandipiti|43\/100\n|move|p2a: Fezandipiti|Tail Slap|p1a: Gyarados\n|-damage|p1a: Gyarados|80\/100\n|-status|p1a: Gyarados|tox|[from] ability: Toxic Chain|[of] p2a: Fezandipiti\n|-damage|p1a: Gyarados|71\/100 tox\n|-damage|p1a: Gyarados|62\/100 tox\n|-damage|p1a: Gyarados|53\/100 tox\n|-hitcount|p1a: Gyarados|4\n|\n|-heal|p1a: Gyarados|59\/100 tox|[from] item: Leftovers\n|-damage|p1a: Gyarados|53\/100 tox|[from] psn\n|upkeep\n|turn|11\n|\n|t:|1700534524\n|move|p1a: Gyarados|Ice Fang|p2a: Fezandipiti\n|-damage|p2a: Fezandipiti|0 fnt\n|faint|p2a: Fezandipiti\n|-ability|p1a: Gyarados|Moxie|boost\n|-boost|p1a: Gyarados|atk|1\n|\n|-heal|p1a: Gyarados|59\/100 tox|[from] item: Leftovers\n|-damage|p1a: Gyarados|47\/100 tox|[from] psn\n|upkeep\n|\n|t:|1700534537\n|switch|p2a: Kleavor|Kleavor, M|40\/100\n|-damage|p2a: Kleavor|15\/100|[from] Stealth Rock\n|turn|12\n|\n|t:|1700534542\n|move|p1a: Gyarados|Waterfall|p2a: Kleavor\n|-supereffective|p2a: Kleavor\n|-damage|p2a: Kleavor|0 fnt\n|faint|p2a: Kleavor\n|-ability|p1a: Gyarados|Moxie|boost\n|-boost|p1a: Gyarados|atk|1\n|\n|-heal|p1a: Gyarados|53\/100 tox|[from] item: Leftovers\n|-damage|p1a: Gyarados|35\/100 tox|[from] psn\n|upkeep\n|\n|t:|1700534551\n|switch|p2a: Ceruledge|Ceruledge, F|100\/100\n|-damage|p2a: Ceruledge|76\/100|[from] Stealth Rock\n|turn|13\n|\n|t:|1700534558\n|move|p2a: Ceruledge|Poltergeist|p1a: Gyarados\n|-activate|p1a: Gyarados|move: Poltergeist|Leftovers\n|-damage|p1a: Gyarados|0 fnt\n|faint|p1a: Gyarados\n|\n|upkeep\n|\n|t:|1700534565\n|switch|p1a: Landorus|Landorus-Therian, M|100\/100\n|-ability|p1a: Landorus|Intimidate|boost\n|-unboost|p2a: Ceruledge|atk|1\n|turn|14\n|\n|t:|1700534575\n|switch|p2a: Meowscarada|Meowscarada, F|100\/100\n|-damage|p2a: Meowscarada|88\/100|[from] Stealth Rock\n|move|p1a: Landorus|Earthquake|p2a: Meowscarada\n|-resisted|p2a: Meowscarada\n|-damage|p2a: Meowscarada|44\/100\n|\n|upkeep\n|turn|15\n|\n|t:|1700534587\n|-terastallize|p2a: Meowscarada|Grass\n|move|p2a: Meowscarada|Flower Trick|p1a: Landorus\n|-crit|p1a: Landorus\n|-damage|p1a: Landorus|20\/100\n|move|p1a: Landorus|Earthquake|p2a: Meowscarada\n|-resisted|p2a: Meowscarada\n|-damage|p2a: Meowscarada|0 fnt\n|faint|p2a: Meowscarada\n|\n|-heal|p1a: Landorus|27\/100|[from] item: Leftovers\n|upkeep\n|\n|t:|1700534600\n|switch|p2a: Landorus|Landorus-Therian, M|75\/100\n|-damage|p2a: Landorus|63\/100|[from] Stealth Rock\n|-ability|p2a: Landorus|Intimidate|boost\n|-unboost|p1a: Landorus|atk|1\n|turn|16\n|\n|t:|1700534609\n|move|p2a: Landorus|Rock Slide|p1a: Landorus\n|-damage|p1a: Landorus|0 fnt\n|faint|p1a: Landorus\n|\n|upkeep\n|\n|t:|1700534618\n|switch|p1a: Great Tusk|Great Tusk, shiny|99\/100\n|turn|17\n|\n|t:|1700534626\n|move|p2a: Landorus|Earthquake|p1a: Great Tusk\n|-damage|p1a: Great Tusk|60\/100\n|move|p1a: Great Tusk|Brick Break|p2a: Landorus\n|-resisted|p2a: Landorus\n|-damage|p2a: Landorus|40\/100\n|\n|-heal|p1a: Great Tusk|66\/100|[from] item: Leftovers\n|upkeep\n|turn|18\n|\n|t:|1700534641\n|switch|p2a: Ceruledge|Ceruledge, F|76\/100\n|-damage|p2a: Ceruledge|51\/100|[from] Stealth Rock\n|move|p1a: Great Tusk|Brick Break|p2a: Ceruledge\n|-immune|p2a: Ceruledge\n|\n|-heal|p1a: Great Tusk|73\/100|[from] item: Leftovers\n|upkeep\n|turn|19\n|\n|t:|1700534649\n|move|p2a: Ceruledge|Psycho Cut|p1a: Great Tusk\n|-supereffective|p1a: Great Tusk\n|-damage|p1a: Great Tusk|40\/100\n|move|p1a: Great Tusk|High Horsepower|p2a: Ceruledge\n|-supereffective|p2a: Ceruledge\n|-damage|p2a: Ceruledge|0 fnt\n|faint|p2a: Ceruledge\n|\n|-heal|p1a: Great Tusk|46\/100|[from] item: Leftovers\n|upkeep\n|-message|Ralts21801 forfeited.\n|\n|win|Kayleb1718\n|raw|Kayleb1718's rating: 1040 &rarr; <strong>1073<\/strong><br \/>(+33 for winning)\n|raw|Ralts21801's rating: 1033 &rarr; <strong>1018<\/strong><br \/>(-15 for losing)\n|l|\u2606Ralts21801\n","uploadtime":1700534664,"views":6,"p1id":"kayleb1718","p2id":"ralts21801","formatid":"gen9ou","rating":1018,"private":0,"password":""}