{"id":"gen9ou-1994204636","p1":"KestrelOdinson","p2":"SpasDeuzi","format":"[Gen 9] OU","log":"|j|\u2606KestrelOdinson\n|j|\u2606SpasDeuzi\n|t:|1700418656\n|gametype|singles\n|player|p1|KestrelOdinson|n|1068\n|player|p2|SpasDeuzi|169|1127\n|teamsize|p1|6\n|teamsize|p2|6\n|gen|9\n|tier|[Gen 9] OU\n|rated|\n|rule|Sleep Clause Mod: Limit one foe put to sleep\n|rule|Species Clause: Limit one of each Pok\u00e9mon\n|rule|OHKO Clause: OHKO moves are banned\n|rule|Evasion Items Clause: Evasion items are banned\n|rule|Evasion Moves Clause: Evasion moves are banned\n|rule|Endless Battle Clause: Forcing endless battles is banned\n|rule|HP Percentage Mod: HP is shown in percentages\n|clearpoke\n|poke|p1|Tyranitar, F|\n|poke|p1|Grimmsnarl, M|\n|poke|p1|Sinistcha-Masterpiece|\n|poke|p1|Heatran, F|\n|poke|p1|Dudunsparce-*, M|\n|poke|p1|Kingambit, M|\n|poke|p2|Garchomp, M|\n|poke|p2|Maushold-Four|\n|poke|p2|Tyranitar, F|\n|poke|p2|Gyarados, F|\n|poke|p2|Iron Valiant|\n|poke|p2|Grimmsnarl, M|\n|teampreview\n|inactive|Battle timer is ON: inactive players will automatically lose when time's up. (requested by SpasDeuzi)\n|inactive|KestrelOdinson also wants the timer to be on.\n|\n|t:|1700418663\n|start\n|switch|p1a: Sinistcha|Sinistcha-Masterpiece|100\/100\n|switch|p2a: Grimmsnarl|Grimmsnarl, M, shiny|100\/100\n|turn|1\n|\n|t:|1700418673\n|move|p2a: Grimmsnarl|Taunt|p1a: Sinistcha\n|-start|p1a: Sinistcha|move: Taunt\n|cant|p1a: Sinistcha|move: Taunt|Calm Mind\n|\n|upkeep\n|turn|2\n|\n|t:|1700418676\n|move|p2a: Grimmsnarl|Light Screen|p2a: Grimmsnarl\n|-sidestart|p2: SpasDeuzi|move: Light Screen\n|move|p1a: Sinistcha|Matcha Gotcha|p2a: Grimmsnarl\n|-damage|p2a: Grimmsnarl|87\/100\n|\n|upkeep\n|turn|3\n|\n|t:|1700418684\n|switch|p1a: Heatran|Heatran, F|100\/100\n|move|p2a: Grimmsnarl|Reflect|p2a: Grimmsnarl\n|-sidestart|p2: SpasDeuzi|Reflect\n|\n|upkeep\n|turn|4\n|\n|t:|1700418691\n|move|p2a: Grimmsnarl|Parting Shot|p1a: Heatran\n|-unboost|p1a: Heatran|atk|1\n|-unboost|p1a: Heatran|spa|1\n|\n|t:|1700418705\n|switch|p2a: Garchomp|Garchomp, M, shiny|100\/100|[from] Parting Shot\n|move|p1a: Heatran|Magma Storm|p2a: Garchomp\n|-resisted|p2a: Garchomp\n|-damage|p2a: Garchomp|92\/100\n|-activate|p2a: Garchomp|move: Magma Storm|[of] p1a: Heatran\n|\n|-damage|p2a: Garchomp|80\/100|[from] move: Magma Storm|[partiallytrapped]\n|upkeep\n|turn|5\n|\n|t:|1700418716\n|switch|p1a: Sinistcha|Sinistcha-Masterpiece|100\/100\n|move|p2a: Garchomp|Swords Dance|p2a: Garchomp\n|-boost|p2a: Garchomp|atk|2\n|\n|-end|p2a: Garchomp|Magma Storm|[partiallytrapped]|[silent]\n|upkeep\n|turn|6\n|\n|t:|1700418724\n|move|p2a: Garchomp|Scale Shot|p1a: Sinistcha\n|-damage|p1a: Sinistcha|72\/100\n|-damage|p1a: Sinistcha|44\/100\n|-damage|p1a: Sinistcha|20\/100\n|-damage|p1a: Sinistcha|0 fnt\n|faint|p1a: Sinistcha\n|-hitcount|p1: Sinistcha|4\n|-unboost|p2a: Garchomp|def|1\n|-boost|p2a: Garchomp|spe|1\n|\n|upkeep\n|\n|t:|1700418727\n|switch|p1a: Grimmsnarl|Grimmsnarl, M|100\/100\n|turn|7\n|\n|t:|1700418732\n|-terastallize|p2a: Garchomp|Fairy\n|move|p1a: Grimmsnarl|Bulk Up|p1a: Grimmsnarl\n|-boost|p1a: Grimmsnarl|atk|1\n|-boost|p1a: Grimmsnarl|def|1\n|move|p2a: Garchomp|Earthquake|p1a: Grimmsnarl\n|-damage|p1a: Grimmsnarl|19\/100\n|\n|-heal|p1a: Grimmsnarl|25\/100|[from] item: Leftovers\n|upkeep\n|turn|8\n|\n|t:|1700418743\n|move|p1a: Grimmsnarl|Bulk Up|p1a: Grimmsnarl\n|-boost|p1a: Grimmsnarl|atk|1\n|-boost|p1a: Grimmsnarl|def|1\n|move|p2a: Garchomp|Liquidation|p1a: Grimmsnarl\n|-damage|p1a: Grimmsnarl|0 fnt\n|faint|p1a: Grimmsnarl\n|\n|upkeep\n|\n|t:|1700418746\n|switch|p1a: Kingambit|Kingambit, M|100\/100\n|-activate|p1a: Kingambit|ability: Supreme Overlord\n|-start|p1a: Kingambit|fallen2|[silent]\n|turn|9\n|\n|t:|1700418751\n|move|p2a: Garchomp|Earthquake|p1a: Kingambit\n|-supereffective|p1a: Kingambit\n|-crit|p1a: Kingambit\n|-damage|p1a: Kingambit|0 fnt\n|faint|p1a: Kingambit\n|-end|p1a: Kingambit|fallen2|[silent]\n|\n|-sideend|p2: SpasDeuzi|move: Light Screen\n|upkeep\n|\n|t:|1700418754\n|switch|p1a: Dudunsparce|Dudunsparce-Three-Segment, M|100\/100\n|turn|10\n|\n|t:|1700418759\n|move|p2a: Garchomp|Scale Shot|p1a: Dudunsparce|[miss]\n|-miss|p2a: Garchomp|p1a: Dudunsparce\n|move|p1a: Dudunsparce|Coil|p1a: Dudunsparce\n|-boost|p1a: Dudunsparce|atk|1\n|-boost|p1a: Dudunsparce|def|1\n|-boost|p1a: Dudunsparce|accuracy|1\n|\n|-sideend|p2: SpasDeuzi|Reflect\n|upkeep\n|turn|11\n|\n|t:|1700418768\n|move|p2a: Garchomp|Swords Dance|p2a: Garchomp\n|-boost|p2a: Garchomp|atk|2\n|move|p1a: Dudunsparce|Coil|p1a: Dudunsparce\n|-boost|p1a: Dudunsparce|atk|1\n|-boost|p1a: Dudunsparce|def|1\n|-boost|p1a: Dudunsparce|accuracy|1\n|\n|upkeep\n|turn|12\n|\n|t:|1700418776\n|move|p2a: Garchomp|Liquidation|p1a: Dudunsparce\n|-damage|p1a: Dudunsparce|69\/100\n|-unboost|p1a: Dudunsparce|def|1\n|move|p1a: Dudunsparce|Coil|p1a: Dudunsparce\n|-boost|p1a: Dudunsparce|atk|1\n|-boost|p1a: Dudunsparce|def|1\n|-boost|p1a: Dudunsparce|accuracy|1\n|\n|-heal|p1a: Dudunsparce|75\/100|[from] item: Leftovers\n|upkeep\n|turn|13\n|\n|t:|1700418786\n|move|p2a: Garchomp|Scale Shot|p1a: Dudunsparce\n|-damage|p1a: Dudunsparce|62\/100\n|-damage|p1a: Dudunsparce|47\/100\n|-damage|p1a: Dudunsparce|33\/100\n|-damage|p1a: Dudunsparce|19\/100\n|-damage|p1a: Dudunsparce|6\/100\n|-hitcount|p1a: Dudunsparce|5\n|-unboost|p2a: Garchomp|def|1\n|-boost|p2a: Garchomp|spe|1\n|move|p1a: Dudunsparce|Coil|p1a: Dudunsparce\n|-boost|p1a: Dudunsparce|atk|1\n|-boost|p1a: Dudunsparce|def|1\n|-boost|p1a: Dudunsparce|accuracy|1\n|\n|-heal|p1a: Dudunsparce|13\/100|[from] item: Leftovers\n|upkeep\n|turn|14\n|\n|t:|1700418789\n|move|p2a: Garchomp|Liquidation|p1a: Dudunsparce\n|-damage|p1a: Dudunsparce|0 fnt\n|faint|p1a: Dudunsparce\n|\n|upkeep\n|\n|t:|1700418792\n|switch|p1a: Heatran|Heatran, F|100\/100\n|turn|15\n|\n|t:|1700418794\n|move|p2a: Garchomp|Earthquake|p1a: Heatran\n|-supereffective|p1a: Heatran\n|-damage|p1a: Heatran|0 fnt\n|faint|p1a: Heatran\n|\n|upkeep\n|\n|t:|1700418797\n|switch|p1a: Tiffany|Tyranitar, F, shiny|100\/100\n|-weather|Sandstorm|[from] ability: Sand Stream|[of] p1a: Tiffany\n|turn|16\n|\n|t:|1700418800\n|-terastallize|p1a: Tiffany|Ground\n|move|p2a: Garchomp|Liquidation|p1a: Tiffany\n|-supereffective|p1a: Tiffany\n|-damage|p1a: Tiffany|0 fnt\n|faint|p1a: Tiffany\n|\n|win|SpasDeuzi\n|raw|KestrelOdinson's rating: 1068 &rarr; <strong>1051<\/strong><br \/>(-17 for losing)\n|raw|SpasDeuzi's rating: 1127 &rarr; <strong>1148<\/strong><br \/>(+21 for winning)\n|l|\u2606KestrelOdinson\n","uploadtime":1700418810,"views":20,"p1id":"kestrelodinson","p2id":"spasdeuzi","formatid":"gen9ou","rating":1051,"private":0,"password":""}