{"id":"gen9ou-1990811731","p1":"Aspemn","p2":"SokkasmMaximum","format":"[Gen 9] OU","log":"|j|\u2606Aspemn\n|j|\u2606SokkasmMaximum\n|t:|1700003292\n|gametype|singles\n|player|p1|Aspemn|acetrainerf|1271\n|player|p2|SokkasmMaximum|bugcatcher-gen4dp|1175\n|teamsize|p1|6\n|teamsize|p2|6\n|gen|9\n|tier|[Gen 9] OU\n|rated|\n|rule|Sleep Clause Mod: Limit one foe put to sleep\n|rule|Species Clause: Limit one of each Pok\u00e9mon\n|rule|OHKO Clause: OHKO moves are banned\n|rule|Evasion Items Clause: Evasion items are banned\n|rule|Evasion Moves Clause: Evasion moves are banned\n|rule|Endless Battle Clause: Forcing endless battles is banned\n|rule|HP Percentage Mod: HP is shown in percentages\n|clearpoke\n|poke|p1|Typhlosion-Hisui, M|\n|poke|p1|Rillaboom, F|\n|poke|p1|Samurott-Hisui, M|\n|poke|p1|Iron Valiant|\n|poke|p1|Garchomp, M|\n|poke|p1|Corviknight, F|\n|poke|p2|Moltres|\n|poke|p2|Great Tusk|\n|poke|p2|Iron Valiant|\n|poke|p2|Kingambit, M|\n|poke|p2|Ogerpon-Wellspring, F|\n|poke|p2|Slowking-Galar, M|\n|teampreview\n|inactive|Battle timer is ON: inactive players will automatically lose when time's up. (requested by SokkasmMaximum)\n|c|\u2606SokkasmMaximum|Glhf\n|\n|t:|1700003322\n|start\n|switch|p1a: Typhlosion|Typhlosion-Hisui, M|100\/100\n|switch|p2a: Ogerpon|Ogerpon-Wellspring, F|100\/100\n|turn|1\n|\n|t:|1700003342\n|switch|p1a: Corviknight|Corviknight, F, shiny|100\/100\n|-ability|p1a: Corviknight|Pressure\n|move|p2a: Ogerpon|Ivy Cudgel|p1a: Corviknight|[anim] Ivy Cudgel Water\n|-damage|p1a: Corviknight|57\/100\n|\n|-heal|p1a: Corviknight|64\/100|[from] item: Leftovers\n|upkeep\n|turn|2\n|\n|t:|1700003359\n|switch|p2a: Moltres|Moltres|100\/100\n|move|p1a: Corviknight|Roost|p1a: Corviknight\n|-heal|p1a: Corviknight|100\/100\n|-singleturn|p1a: Corviknight|move: Roost\n|\n|upkeep\n|turn|3\n|inactive|SokkasmMaximum has 120 seconds left.\n|\n|t:|1700003390\n|switch|p1a: Samurott|Samurott-Hisui, M, shiny|100\/100\n|move|p2a: Moltres|Will-O-Wisp|p1a: Samurott\n|-status|p1a: Samurott|brn\n|\n|-damage|p1a: Samurott|94\/100 brn|[from] brn\n|upkeep\n|turn|4\n|inactive|SokkasmMaximum has 120 seconds left.\n|\n|t:|1700003400\n|move|p1a: Samurott|Knock Off|p2a: Moltres\n|-damage|p2a: Moltres|84\/100\n|-enditem|p2a: Moltres|Heavy-Duty Boots|[from] move: Knock Off|[of] p1a: Samurott\n|move|p2a: Moltres|U-turn|p1a: Samurott\n|-supereffective|p1a: Samurott\n|-damage|p1a: Samurott|52\/100 brn\n|inactive|SokkasmMaximum has 120 seconds left.\n|\n|t:|1700003415\n|switch|p2a: Ogerpon|Ogerpon-Wellspring, F|100\/100|[from] U-turn\n|\n|-damage|p1a: Samurott|46\/100 brn|[from] brn\n|upkeep\n|turn|5\n|\n|t:|1700003422\n|move|p2a: Ogerpon|Spikes|p1a: Samurott\n|-sidestart|p1: Aspemn|Spikes\n|move|p1a: Samurott|Knock Off|p2a: Ogerpon\n|-damage|p2a: Ogerpon|84\/100\n|\n|-damage|p1a: Samurott|39\/100 brn|[from] brn\n|upkeep\n|turn|6\n|inactive|SokkasmMaximum has 120 seconds left.\n|\n|t:|1700003430\n|move|p2a: Ogerpon|Spikes|p1a: Samurott\n|-sidestart|p1: Aspemn|Spikes\n|move|p1a: Samurott|Ceaseless Edge|p2a: Ogerpon\n|-damage|p2a: Ogerpon|60\/100\n|-sidestart|p2: SokkasmMaximum|Spikes\n|\n|-damage|p1a: Samurott|33\/100 brn|[from] brn\n|upkeep\n|turn|7\n|inactive|SokkasmMaximum has 120 seconds left.\n|\n|t:|1700003440\n|move|p2a: Ogerpon|Spikes|p1a: Samurott\n|-sidestart|p1: Aspemn|Spikes\n|move|p1a: Samurott|Ceaseless Edge|p2a: Ogerpon\n|-damage|p2a: Ogerpon|35\/100\n|-sidestart|p2: SokkasmMaximum|Spikes\n|\n|-damage|p1a: Samurott|27\/100 brn|[from] brn\n|upkeep\n|turn|8\n|inactive|SokkasmMaximum has 120 seconds left.\n|\n|t:|1700003450\n|move|p2a: Ogerpon|Synthesis|p2a: Ogerpon\n|-heal|p2a: Ogerpon|85\/100\n|move|p1a: Samurott|Ceaseless Edge|p2a: Ogerpon\n|-damage|p2a: Ogerpon|63\/100\n|-sidestart|p2: SokkasmMaximum|Spikes\n|\n|-damage|p1a: Samurott|21\/100 brn|[from] brn\n|upkeep\n|turn|9\n|\n|t:|1700003464\n|move|p2a: Ogerpon|Ivy Cudgel|p1a: Samurott|[anim] Ivy Cudgel Water\n|-resisted|p1a: Samurott\n|-damage|p1a: Samurott|0 fnt\n|faint|p1a: Samurott\n|\n|upkeep\n|\n|t:|1700003479\n|switch|p1a: Rillaboom|Rillaboom, F|100\/100\n|-damage|p1a: Rillaboom|76\/100|[from] Spikes\n|-fieldstart|move: Grassy Terrain|[from] ability: Grassy Surge|[of] p1a: Rillaboom\n|turn|10\n|inactive|Aspemn has 120 seconds left.\n|\n|t:|1700003504\n|switch|p2a: Moltres|Moltres|84\/100\n|move|p1a: Rillaboom|Grassy Glide|p2a: Moltres\n|-resisted|p2a: Moltres\n|-damage|p2a: Moltres|75\/100\n|-damage|p1a: Rillaboom|66\/100|[from] item: Life Orb\n|\n|-heal|p1a: Rillaboom|72\/100|[from] Grassy Terrain\n|upkeep\n|turn|11\n|inactive|Aspemn has 120 seconds left.\n|\n|t:|1700003521\n|switch|p1a: Corviknight|Corviknight, F, shiny|100\/100\n|-ability|p1a: Corviknight|Pressure\n|move|p2a: Moltres|U-turn|p1a: Corviknight\n|-resisted|p1a: Corviknight\n|-damage|p1a: Corviknight|97\/100\n|\n|t:|1700003533\n|switch|p2a: Great Tusk|Great Tusk|100\/100|[from] U-turn\n|-damage|p2a: Great Tusk|75\/100|[from] Spikes\n|\n|-heal|p2a: Great Tusk|82\/100|[from] Grassy Terrain\n|-heal|p1a: Corviknight|100\/100|[from] item: Leftovers\n|upkeep\n|turn|12\n|\n|t:|1700003544\n|move|p2a: Great Tusk|Rapid Spin|p1a: Corviknight\n|-resisted|p1a: Corviknight\n|-damage|p1a: Corviknight|95\/100\n|-boost|p2a: Great Tusk|spe|1\n|-sideend|p2: SokkasmMaximum|Spikes|[from] move: Rapid Spin|[of] p2a: Great Tusk\n|move|p1a: Corviknight|Defog|p2a: Great Tusk\n|-unboost|p2a: Great Tusk|evasion|1\n|-sideend|p1: Aspemn|Spikes|[from] move: Defog|[of] p1a: Corviknight\n|-fieldend|move: Grassy Terrain\n|\n|-heal|p1a: Corviknight|100\/100|[from] item: Leftovers\n|upkeep\n|turn|13\n|inactive|Aspemn has 120 seconds left.\n|\n|t:|1700003571\n|switch|p1a: Rillaboom|Rillaboom, F|72\/100\n|-fieldstart|move: Grassy Terrain|[from] ability: Grassy Surge|[of] p1a: Rillaboom\n|move|p2a: Great Tusk|Knock Off|p1a: Rillaboom\n|-damage|p1a: Rillaboom|40\/100\n|-enditem|p1a: Rillaboom|Life Orb|[from] move: Knock Off|[of] p2a: Great Tusk\n|\n|-heal|p2a: Great Tusk|88\/100|[from] Grassy Terrain\n|-heal|p1a: Rillaboom|47\/100|[from] Grassy Terrain\n|upkeep\n|turn|14\n|inactive|SokkasmMaximum has 120 seconds left.\n|\n|t:|1700003590\n|-end|p2a: Great Tusk|Protosynthesis|[silent]\n|switch|p2a: Moltres|Moltres|75\/100\n|move|p1a: Rillaboom|Grassy Glide|p2a: Moltres\n|-resisted|p2a: Moltres\n|-damage|p2a: Moltres|68\/100\n|\n|-heal|p1a: Rillaboom|53\/100|[from] Grassy Terrain\n|upkeep\n|turn|15\n|inactive|SokkasmMaximum has 120 seconds left.\n|inactive|Aspemn has 90 seconds left.\n|\n|t:|1700003618\n|switch|p1a: Iron Valiant|Iron Valiant, shiny|100\/100\n|-enditem|p1a: Iron Valiant|Booster Energy\n|-activate|p1a: Iron Valiant|ability: Quark Drive|[fromitem]\n|-start|p1a: Iron Valiant|quarkdrivespe\n|move|p2a: Moltres|Will-O-Wisp|p1a: Iron Valiant\n|-status|p1a: Iron Valiant|brn\n|\n|-damage|p1a: Iron Valiant|94\/100 brn|[from] brn\n|upkeep\n|turn|16\n|inactive|SokkasmMaximum has 120 seconds left.\n|\n|t:|1700003632\n|switch|p2a: Slowking|Slowking-Galar, M|100\/100\n|move|p1a: Iron Valiant|Thunderbolt|p2a: Slowking\n|-damage|p2a: Slowking|80\/100\n|\n|-heal|p1a: Iron Valiant|100\/100 brn|[from] Grassy Terrain\n|-heal|p2a: Slowking|86\/100|[from] Grassy Terrain\n|-heal|p2a: Slowking|92\/100|[from] item: Leftovers\n|-damage|p1a: Iron Valiant|94\/100 brn|[from] brn\n|upkeep\n|turn|17\n|inactive|SokkasmMaximum has 120 seconds left.\n|inactive|Aspemn has 90 seconds left.\n|\n|t:|1700003656\n|-end|p1a: Iron Valiant|Quark Drive|[silent]\n|switch|p1a: Garchomp|Garchomp, M|100\/100\n|move|p2a: Slowking|Future Sight|p1a: Garchomp\n|-start|p2a: Slowking|move: Future Sight\n|\n|-heal|p2a: Slowking|98\/100|[from] Grassy Terrain\n|-heal|p2a: Slowking|100\/100|[from] item: Leftovers\n|-fieldend|move: Grassy Terrain\n|upkeep\n|turn|18\n|inactive|Aspemn has 90 seconds left.\n|inactive|SokkasmMaximum has 120 seconds left.\n|\n|t:|1700003671\n|switch|p2a: Moltres|Moltres|68\/100\n|move|p1a: Garchomp|Substitute|p1a: Garchomp\n|-start|p1a: Garchomp|Substitute\n|-damage|p1a: Garchomp|76\/100\n|\n|-heal|p1a: Garchomp|82\/100|[from] item: Leftovers\n|upkeep\n|turn|19\n|inactive|Aspemn has 90 seconds left.\n|inactive|SokkasmMaximum has 120 seconds left.\n|\n|t:|1700003683\n|switch|p2a: Great Tusk|Great Tusk|88\/100\n|move|p1a: Garchomp|Swords Dance|p1a: Garchomp\n|-boost|p1a: Garchomp|atk|2\n|\n|-end|p1a: Garchomp|move: Future Sight\n|-crit|p1a: Garchomp\n|-end|p1a: Garchomp|Substitute\n|-heal|p1a: Garchomp|88\/100|[from] item: Leftovers\n|upkeep\n|turn|20\n|inactive|Aspemn has 90 seconds left.\n|inactive|SokkasmMaximum has 120 seconds left.\n|\n|t:|1700003695\n|move|p1a: Garchomp|Earthquake|p2a: Great Tusk\n|-damage|p2a: Great Tusk|23\/100\n|move|p2a: Great Tusk|Ice Spinner|p1a: Garchomp\n|-supereffective|p1a: Garchomp\n|-damage|p1a: Garchomp|0 fnt\n|-damage|p2a: Great Tusk|10\/100|[from] ability: Rough Skin|[of] p1a: Garchomp\n|faint|p1a: Garchomp\n|\n|upkeep\n|inactive|Aspemn has 90 seconds left.\n|\n|t:|1700003709\n|switch|p1a: Typhlosion|Typhlosion-Hisui, M|100\/100\n|turn|21\n|\n|t:|1700003714\n|move|p1a: Typhlosion|Infernal Parade|p2a: Great Tusk\n|-damage|p2a: Great Tusk|0 fnt\n|faint|p2a: Great Tusk\n|-end|p2a: Great Tusk|Protosynthesis|[silent]\n|\n|upkeep\n|\n|t:|1700003723\n|switch|p2a: Kingambit|Kingambit, M|100\/100\n|-activate|p2a: Kingambit|ability: Supreme Overlord\n|-start|p2a: Kingambit|fallen1|[silent]\n|turn|22\n|\n|t:|1700003730\n|switch|p1a: Corviknight|Corviknight, F, shiny|100\/100\n|-ability|p1a: Corviknight|Pressure\n|move|p2a: Kingambit|Sucker Punch||[still]\n|-fail|p2a: Kingambit\n|\n|upkeep\n|turn|23\n|\n|t:|1700003742\n|move|p1a: Corviknight|Body Press|p2a: Kingambit\n|-supereffective|p2a: Kingambit\n|-damage|p2a: Kingambit|40\/100\n|move|p2a: Kingambit|Kowtow Cleave|p1a: Corviknight\n|-damage|p1a: Corviknight|62\/100\n|\n|-heal|p1a: Corviknight|68\/100|[from] item: Leftovers\n|-heal|p2a: Kingambit|47\/100|[from] item: Leftovers\n|upkeep\n|turn|24\n|\n|t:|1700003758\n|switch|p1a: Typhlosion|Typhlosion-Hisui, M|100\/100\n|-end|p2a: Kingambit|fallen1|[silent]\n|switch|p2a: Moltres|Moltres|68\/100\n|\n|upkeep\n|turn|25\n|\n|t:|1700003770\n|move|p1a: Typhlosion|Eruption|p2a: Moltres\n|-resisted|p2a: Moltres\n|-crit|p2a: Moltres\n|-damage|p2a: Moltres|0 fnt\n|faint|p2a: Moltres\n|\n|upkeep\n|\n|t:|1700003787\n|switch|p2a: Slowking|Slowking-Galar, M|100\/100\n|turn|26\n|\n|t:|1700003799\n|switch|p1a: Corviknight|Corviknight, F, shiny|68\/100\n|-ability|p1a: Corviknight|Pressure\n|-terastallize|p2a: Slowking|Water\n|move|p2a: Slowking|Surf|p1a: Corviknight\n|-damage|p1a: Corviknight|44\/100\n|\n|-heal|p1a: Corviknight|50\/100|[from] item: Leftovers\n|upkeep\n|turn|27\n|\n|t:|1700003812\n|move|p1a: Corviknight|Roost|p1a: Corviknight\n|-heal|p1a: Corviknight|99\/100\n|-singleturn|p1a: Corviknight|move: Roost\n|move|p2a: Slowking|Chilly Reception|p2a: Slowking\n|-weather|Snow\n|\n|t:|1700003827\n|switch|p2a: Iron Valiant|Iron Valiant|100\/100|[from] Chilly Reception\n|\n|-weather|Snow|[upkeep]\n|-heal|p1a: Corviknight|100\/100|[from] item: Leftovers\n|upkeep\n|turn|28\n|inactive|Aspemn has 120 seconds left.\n|\n|t:|1700003848\n|switch|p1a: Typhlosion|Typhlosion-Hisui, M|100\/100\n|move|p2a: Iron Valiant|Thunderbolt|p1a: Typhlosion\n|-damage|p1a: Typhlosion|36\/100\n|\n|-weather|Snow|[upkeep]\n|upkeep\n|turn|29\n|\n|t:|1700003861\n|-end|p2a: Iron Valiant|Quark Drive|[silent]\n|switch|p2a: Ogerpon|Ogerpon-Wellspring, F|63\/100\n|move|p1a: Typhlosion|Infernal Parade|p2a: Ogerpon\n|-damage|p2a: Ogerpon|23\/100\n|-status|p2a: Ogerpon|brn\n|\n|-weather|Snow|[upkeep]\n|-damage|p2a: Ogerpon|17\/100 brn|[from] brn\n|upkeep\n|turn|30\n|\n|t:|1700003874\n|switch|p1a: Corviknight|Corviknight, F, shiny|100\/100\n|-ability|p1a: Corviknight|Pressure\n|move|p2a: Ogerpon|Synthesis|p2a: Ogerpon\n|-heal|p2a: Ogerpon|42\/100 brn\n|\n|-weather|Snow|[upkeep]\n|-damage|p2a: Ogerpon|36\/100 brn|[from] brn\n|upkeep\n|turn|31\n|inactive|Aspemn has 120 seconds left.\n|\n|t:|1700003885\n|move|p2a: Ogerpon|Leech Seed|p1a: Corviknight\n|-start|p1a: Corviknight|move: Leech Seed\n|move|p1a: Corviknight|Body Press|p2a: Ogerpon\n|-damage|p2a: Ogerpon|14\/100 brn\n|\n|-weather|none\n|-damage|p1a: Corviknight|88\/100|[from] Leech Seed|[of] p2a: Ogerpon\n|-heal|p2a: Ogerpon|28\/100 brn|[silent]\n|-damage|p2a: Ogerpon|22\/100 brn|[from] brn\n|upkeep\n|turn|32\n|\n|t:|1700003895\n|move|p2a: Ogerpon|Synthesis|p2a: Ogerpon\n|-heal|p2a: Ogerpon|72\/100 brn\n|move|p1a: Corviknight|Body Press|p2a: Ogerpon\n|-crit|p2a: Ogerpon\n|-damage|p2a: Ogerpon|38\/100 brn\n|\n|-heal|p1a: Corviknight|94\/100|[from] item: Leftovers\n|-damage|p1a: Corviknight|82\/100|[from] Leech Seed|[of] p2a: Ogerpon\n|-heal|p2a: Ogerpon|52\/100 brn|[silent]\n|-damage|p2a: Ogerpon|46\/100 brn|[from] brn\n|upkeep\n|turn|33\n|\n|t:|1700003907\n|switch|p1a: Iron Valiant|Iron Valiant, shiny|94\/100 brn\n|move|p2a: Ogerpon|Spikes|p1a: Iron Valiant\n|-sidestart|p1: Aspemn|Spikes\n|\n|-damage|p1a: Iron Valiant|88\/100 brn|[from] brn\n|-damage|p2a: Ogerpon|40\/100 brn|[from] brn\n|upkeep\n|turn|34\n|\n|t:|1700003919\n|move|p1a: Iron Valiant|Moonblast|p2a: Ogerpon\n|-damage|p2a: Ogerpon|0 fnt\n|faint|p2a: Ogerpon\n|\n|-damage|p1a: Iron Valiant|82\/100 brn|[from] brn\n|upkeep\n|\n|t:|1700003926\n|switch|p2a: Slowking|Slowking-Galar, M, tera:Water|100\/100\n|turn|35\n|\n|t:|1700003932\n|move|p1a: Iron Valiant|Thunderbolt|p2a: Slowking\n|-supereffective|p2a: Slowking\n|-damage|p2a: Slowking|64\/100\n|move|p2a: Slowking|Future Sight|p1a: Iron Valiant\n|-start|p2a: Slowking|move: Future Sight\n|\n|-heal|p2a: Slowking|70\/100|[from] item: Leftovers\n|-damage|p1a: Iron Valiant|76\/100 brn|[from] brn\n|upkeep\n|turn|36\n|\n|t:|1700003941\n|move|p1a: Iron Valiant|Thunderbolt|p2a: Slowking\n|-supereffective|p2a: Slowking\n|-damage|p2a: Slowking|34\/100\n|move|p2a: Slowking|Chilly Reception|p2a: Slowking\n|-weather|Snow\n|\n|t:|1700003947\n|switch|p2a: Iron Valiant|Iron Valiant|100\/100|[from] Chilly Reception\n|\n|-weather|Snow|[upkeep]\n|-damage|p1a: Iron Valiant|69\/100 brn|[from] brn\n|upkeep\n|turn|37\n|\n|t:|1700003957\n|-end|p2a: Iron Valiant|Quark Drive|[silent]\n|switch|p2a: Slowking|Slowking-Galar, M, tera:Water|68\/100\n|-end|p1a: Iron Valiant|Quark Drive|[silent]\n|switch|p1a: Corviknight|Corviknight, F, shiny|82\/100\n|-ability|p1a: Corviknight|Pressure\n|\n|-weather|Snow|[upkeep]\n|-end|p1a: Corviknight|move: Future Sight\n|-resisted|p1a: Corviknight\n|-damage|p1a: Corviknight|67\/100\n|-heal|p1a: Corviknight|73\/100|[from] item: Leftovers\n|-heal|p2a: Slowking|74\/100|[from] item: Leftovers\n|upkeep\n|turn|38\n|\n|t:|1700003973\n|move|p1a: Corviknight|Bulk Up|p1a: Corviknight\n|-boost|p1a: Corviknight|atk|1\n|-boost|p1a: Corviknight|def|1\n|move|p2a: Slowking|Future Sight|p1a: Corviknight\n|-start|p2a: Slowking|move: Future Sight\n|\n|-weather|Snow|[upkeep]\n|-heal|p1a: Corviknight|79\/100|[from] item: Leftovers\n|-heal|p2a: Slowking|80\/100|[from] item: Leftovers\n|upkeep\n|turn|39\n|\n|t:|1700003983\n|move|p1a: Corviknight|Bulk Up|p1a: Corviknight\n|-boost|p1a: Corviknight|atk|1\n|-boost|p1a: Corviknight|def|1\n|move|p2a: Slowking|Chilly Reception|p2a: Slowking\n|\n|t:|1700003989\n|switch|p2a: Iron Valiant|Iron Valiant|100\/100|[from] Chilly Reception\n|\n|-weather|Snow|[upkeep]\n|-heal|p1a: Corviknight|86\/100|[from] item: Leftovers\n|upkeep\n|turn|40\n|\n|t:|1700003999\n|move|p2a: Iron Valiant|Thunderbolt|p1a: Corviknight\n|-supereffective|p1a: Corviknight\n|-damage|p1a: Corviknight|28\/100\n|move|p1a: Corviknight|Body Press|p2a: Iron Valiant\n|-resisted|p2a: Iron Valiant\n|-damage|p2a: Iron Valiant|76\/100\n|\n|-weather|none\n|-end|p1a: Corviknight|move: Future Sight\n|-resisted|p1a: Corviknight\n|-damage|p1a: Corviknight|13\/100\n|-heal|p1a: Corviknight|19\/100|[from] item: Leftovers\n|upkeep\n|turn|41\n|\n|t:|1700004016\n|switch|p1a: Typhlosion|Typhlosion-Hisui, M|36\/100\n|-damage|p1a: Typhlosion|24\/100|[from] Spikes\n|move|p2a: Iron Valiant|Thunderbolt|p1a: Typhlosion\n|-damage|p1a: Typhlosion|0 fnt\n|faint|p1a: Typhlosion\n|\n|upkeep\n|\n|t:|1700004023\n|switch|p1a: Iron Valiant|Iron Valiant, shiny|69\/100 brn\n|-damage|p1a: Iron Valiant|57\/100 brn|[from] Spikes\n|turn|42\n|\n|t:|1700004032\n|-end|p2a: Iron Valiant|Quark Drive|[silent]\n|switch|p2a: Slowking|Slowking-Galar, M, tera:Water|100\/100\n|-terastallize|p1a: Iron Valiant|Fairy\n|move|p1a: Iron Valiant|Moonblast|p2a: Slowking\n|-damage|p2a: Slowking|61\/100\n|\n|-heal|p2a: Slowking|67\/100|[from] item: Leftovers\n|-damage|p1a: Iron Valiant|51\/100 brn|[from] brn\n|upkeep\n|turn|43\n|\n|t:|1700004048\n|move|p1a: Iron Valiant|Thunderbolt|p2a: Slowking\n|-supereffective|p2a: Slowking\n|-damage|p2a: Slowking|32\/100\n|-status|p2a: Slowking|par\n|move|p2a: Slowking|Chilly Reception|p2a: Slowking\n|-weather|Snow\n|\n|t:|1700004057\n|switch|p2a: Kingambit|Kingambit, M|47\/100|[from] Chilly Reception\n|-activate|p2a: Kingambit|ability: Supreme Overlord\n|-start|p2a: Kingambit|fallen3|[silent]\n|\n|-weather|Snow|[upkeep]\n|-heal|p2a: Kingambit|53\/100|[from] item: Leftovers\n|-damage|p1a: Iron Valiant|44\/100 brn|[from] brn\n|upkeep\n|turn|44\n|\n|t:|1700004070\n|-end|p2a: Kingambit|fallen3|[silent]\n|switch|p2a: Iron Valiant|Iron Valiant|76\/100\n|move|p1a: Iron Valiant|Close Combat|p2a: Iron Valiant\n|-resisted|p2a: Iron Valiant\n|-damage|p2a: Iron Valiant|59\/100\n|-unboost|p1a: Iron Valiant|def|1\n|-unboost|p1a: Iron Valiant|spd|1\n|\n|-weather|Snow|[upkeep]\n|-damage|p1a: Iron Valiant|38\/100 brn|[from] brn\n|upkeep\n|turn|45\n|\n|t:|1700004082\n|-end|p2a: Iron Valiant|Quark Drive|[silent]\n|switch|p2a: Slowking|Slowking-Galar, M, tera:Water|65\/100 par\n|move|p1a: Iron Valiant|Moonblast|p2a: Slowking\n|-damage|p2a: Slowking|26\/100 par\n|\n|-weather|Snow|[upkeep]\n|-heal|p2a: Slowking|32\/100 par|[from] item: Leftovers\n|-damage|p1a: Iron Valiant|32\/100 brn|[from] brn\n|upkeep\n|turn|46\n|\n|t:|1700004099\n|switch|p2a: Kingambit|Kingambit, M|53\/100\n|-activate|p2a: Kingambit|ability: Supreme Overlord\n|-start|p2a: Kingambit|fallen3|[silent]\n|move|p1a: Iron Valiant|Moonblast|p2a: Kingambit\n|-damage|p2a: Kingambit|0 fnt\n|faint|p2a: Kingambit\n|-end|p2a: Kingambit|fallen3|[silent]\n|\n|-weather|Snow|[upkeep]\n|-damage|p1a: Iron Valiant|26\/100 brn|[from] brn\n|upkeep\n|\n|t:|1700004110\n|switch|p2a: Slowking|Slowking-Galar, M, tera:Water|66\/100 par\n|turn|47\n|\n|t:|1700004117\n|-end|p1a: Iron Valiant|Quark Drive|[silent]\n|switch|p1a: Corviknight|Corviknight, F, shiny|19\/100\n|-ability|p1a: Corviknight|Pressure\n|move|p2a: Slowking|Future Sight|p1a: Corviknight\n|-start|p2a: Slowking|move: Future Sight\n|\n|-weather|none\n|-heal|p1a: Corviknight|25\/100|[from] item: Leftovers\n|-heal|p2a: Slowking|72\/100 par|[from] item: Leftovers\n|upkeep\n|turn|48\n|\n|t:|1700004128\n|move|p1a: Corviknight|Defog|p2a: Slowking\n|-unboost|p2a: Slowking|evasion|1\n|-sideend|p1: Aspemn|Spikes|[from] move: Defog|[of] p1a: Corviknight\n|move|p2a: Slowking|Chilly Reception|p2a: Slowking\n|-weather|Snow\n|\n|t:|1700004134\n|switch|p2a: Iron Valiant|Iron Valiant|59\/100|[from] Chilly Reception\n|\n|-weather|Snow|[upkeep]\n|-heal|p1a: Corviknight|31\/100|[from] item: Leftovers\n|upkeep\n|turn|49\n|\n|t:|1700004144\n|move|p2a: Iron Valiant|Thunderbolt|p1a: Corviknight\n|-supereffective|p1a: Corviknight\n|-damage|p1a: Corviknight|0 fnt\n|faint|p1a: Corviknight\n|\n|-weather|Snow|[upkeep]\n|-hint|Future Sight did not hit because the target is fainted.\n|upkeep\n|\n|t:|1700004149\n|switch|p1a: Iron Valiant|Iron Valiant, shiny, tera:Fairy|26\/100 brn\n|turn|50\n|\n|t:|1700004153\n|-end|p2a: Iron Valiant|Quark Drive|[silent]\n|switch|p2a: Slowking|Slowking-Galar, M, tera:Water|100\/100 par\n|move|p1a: Iron Valiant|Moonblast|p2a: Slowking\n|-damage|p2a: Slowking|60\/100 par\n|\n|-weather|Snow|[upkeep]\n|-heal|p2a: Slowking|66\/100 par|[from] item: Leftovers\n|-damage|p1a: Iron Valiant|20\/100 brn|[from] brn\n|upkeep\n|turn|51\n|\n|t:|1700004163\n|-end|p1a: Iron Valiant|Quark Drive|[silent]\n|switch|p1a: Rillaboom|Rillaboom, F|53\/100\n|-fieldstart|move: Grassy Terrain|[from] ability: Grassy Surge|[of] p1a: Rillaboom\n|move|p2a: Slowking|Future Sight|p1a: Rillaboom\n|-start|p2a: Slowking|move: Future Sight\n|\n|-weather|Snow|[upkeep]\n|-heal|p1a: Rillaboom|59\/100|[from] Grassy Terrain\n|-heal|p2a: Slowking|72\/100 par|[from] Grassy Terrain\n|-heal|p2a: Slowking|78\/100 par|[from] item: Leftovers\n|upkeep\n|turn|52\n|\n|t:|1700004175\n|move|p1a: Rillaboom|Grassy Glide|p2a: Slowking\n|-supereffective|p2a: Slowking\n|-damage|p2a: Slowking|7\/100 par\n|move|p2a: Slowking|Surf|p1a: Rillaboom\n|-resisted|p1a: Rillaboom\n|-damage|p1a: Rillaboom|36\/100\n|\n|-weather|none\n|-heal|p1a: Rillaboom|42\/100|[from] Grassy Terrain\n|-heal|p2a: Slowking|13\/100 par|[from] Grassy Terrain\n|-heal|p2a: Slowking|20\/100 par|[from] item: Leftovers\n|upkeep\n|turn|53\n|\n|t:|1700004190\n|move|p1a: Rillaboom|Grassy Glide|p2a: Slowking\n|-supereffective|p2a: Slowking\n|-damage|p2a: Slowking|0 fnt\n|faint|p2a: Slowking\n|\n|-end|p1a: Rillaboom|move: Future Sight\n|-crit|p1a: Rillaboom\n|-damage|p1a: Rillaboom|0 fnt\n|faint|p1a: Rillaboom\n|upkeep\n|\n|t:|1700004200\n|switch|p1a: Iron Valiant|Iron Valiant, shiny, tera:Fairy|20\/100 brn\n|switch|p2a: Iron Valiant|Iron Valiant|59\/100\n|turn|54\n|\n|t:|1700004206\n|move|p2a: Iron Valiant|Moonblast|p1a: Iron Valiant\n|-damage|p1a: Iron Valiant|0 fnt\n|faint|p1a: Iron Valiant\n|-end|p1a: Iron Valiant|Quark Drive|[silent]\n|\n|win|SokkasmMaximum\n|raw|Aspemn's rating: 1271 &rarr; <strong>1239<\/strong><br \/>(-32 for losing)\n|raw|SokkasmMaximum's rating: 1175 &rarr; <strong>1207<\/strong><br \/>(+32 for winning)\n|c|\u2606Aspemn|gg\n|c|\u2606SokkasmMaximum|Gg\n|l|\u2606Aspemn\n","uploadtime":1700004219,"views":14,"p1id":"aspemn","p2id":"sokkasmmaximum","formatid":"gen9ou","rating":1207,"private":0,"password":""}