{"id":"gen9ou-1997546403","p1":"EoRem","p2":"nngh","format":"[Gen 9] OU","log":"|j|\u2606EoRem\n|j|\u2606nngh\n|t:|1700823446\n|gametype|singles\n|player|p1|EoRem|2|1185\n|player|p2|nngh|scientist-gen4dp|1248\n|teamsize|p1|6\n|teamsize|p2|6\n|gen|9\n|tier|[Gen 9] OU\n|rated|\n|rule|Sleep Clause Mod: Limit one foe put to sleep\n|rule|Species Clause: Limit one of each Pok\u00e9mon\n|rule|OHKO Clause: OHKO moves are banned\n|rule|Evasion Items Clause: Evasion items are banned\n|rule|Evasion Moves Clause: Evasion moves are banned\n|rule|Endless Battle Clause: Forcing endless battles is banned\n|rule|HP Percentage Mod: HP is shown in percentages\n|clearpoke\n|poke|p1|Landorus-Therian, M|\n|poke|p1|Rotom-Wash|\n|poke|p1|Kingambit, F|\n|poke|p1|Ninetales-Alola, F|\n|poke|p1|Dragonite, F|\n|poke|p1|Walking Wake|\n|poke|p2|Greninja-*, M|\n|poke|p2|Samurott-Hisui, F|\n|poke|p2|Ogerpon-Cornerstone, F|\n|poke|p2|Ninetales-Alola, M|\n|poke|p2|Zapdos|\n|poke|p2|Rillaboom, M|\n|teampreview\n|inactive|Battle timer is ON: inactive players will automatically lose when time's up. (requested by EoRem)\n|\n|t:|1700823450\n|start\n|switch|p1a: Rotom|Rotom-Wash|100\/100\n|switch|p2a: Samurott|Samurott-Hisui, F|100\/100\n|turn|1\n|\n|t:|1700823456\n|move|p2a: Samurott|Ceaseless Edge|p1a: Rotom\n|-damage|p1a: Rotom|52\/100\n|-sidestart|p1: EoRem|Spikes\n|move|p1a: Rotom|Will-O-Wisp|p2a: Samurott\n|-status|p2a: Samurott|brn\n|\n|-heal|p1a: Rotom|58\/100|[from] item: Leftovers\n|-damage|p2a: Samurott|94\/100 brn|[from] brn\n|upkeep\n|turn|2\n|\n|t:|1700823465\n|move|p2a: Samurott|Ceaseless Edge|p1a: Rotom\n|-damage|p1a: Rotom|37\/100\n|-sidestart|p1: EoRem|Spikes\n|move|p1a: Rotom|Volt Switch|p2a: Samurott\n|-supereffective|p2a: Samurott\n|-damage|p2a: Samurott|21\/100 brn\n|\n|t:|1700823475\n|switch|p1a: Landorus|Landorus-Therian, M|100\/100|[from] Volt Switch\n|-ability|p1a: Landorus|Intimidate|boost\n|-unboost|p2a: Samurott|atk|1\n|\n|-damage|p2a: Samurott|15\/100 brn|[from] brn\n|upkeep\n|turn|3\n|\n|t:|1700823483\n|move|p2a: Samurott|Aqua Jet|p1a: Landorus\n|-supereffective|p1a: Landorus\n|-damage|p1a: Landorus|92\/100\n|-damage|p2a: Samurott|0 fnt|[from] item: Rocky Helmet|[of] p1a: Landorus\n|faint|p2a: Samurott\n|move|p1a: Landorus|U-turn|p2: Samurott|[notarget]\n|-fail|p1a: Landorus\n|\n|upkeep\n|\n|t:|1700823490\n|switch|p2a: Ninetales|Ninetales-Alola, M|100\/100\n|-weather|Snow|[from] ability: Snow Warning|[of] p2a: Ninetales\n|turn|4\n|\n|t:|1700823495\n|switch|p1a: Rotom|Rotom-Wash|37\/100\n|move|p2a: Ninetales|Aurora Veil|p2a: Ninetales\n|-sidestart|p2: nngh|move: Aurora Veil\n|\n|-weather|Snow|[upkeep]\n|-heal|p1a: Rotom|43\/100|[from] item: Leftovers\n|upkeep\n|turn|5\n|\n|t:|1700823501\n|move|p2a: Ninetales|Freeze-Dry|p1a: Rotom\n|-supereffective|p1a: Rotom\n|-damage|p1a: Rotom|13\/100\n|move|p1a: Rotom|Thunder Wave|p2a: Ninetales\n|-status|p2a: Ninetales|par\n|\n|-weather|Snow|[upkeep]\n|-heal|p1a: Rotom|19\/100|[from] item: Leftovers\n|upkeep\n|turn|6\n|\n|t:|1700823510\n|move|p1a: Rotom|Volt Switch|p2a: Ninetales\n|-damage|p2a: Ninetales|88\/100 par\n|\n|t:|1700823517\n|switch|p1a: Kingambit|Kingambit, F|100\/100|[from] Volt Switch\n|-damage|p1a: Kingambit|84\/100|[from] Spikes\n|cant|p2a: Ninetales|par\n|\n|-weather|Snow|[upkeep]\n|upkeep\n|turn|7\n|\n|t:|1700823533\n|switch|p2a: Ogerpon|Ogerpon-Cornerstone, F|100\/100\n|move|p1a: Kingambit|Kowtow Cleave|p2a: Ogerpon\n|-damage|p2a: Ogerpon|68\/100\n|\n|-weather|Snow|[upkeep]\n|upkeep\n|turn|8\n|\n|t:|1700823542\n|-end|p1a: Kingambit|fallenundefined|[silent]\n|switch|p1a: Landorus|Landorus-Therian, M|92\/100\n|-ability|p1a: Landorus|Intimidate|boost\n|-unboost|p2a: Ogerpon|atk|1\n|move|p2a: Ogerpon|Low Kick|p1a: Landorus\n|-resisted|p1a: Landorus\n|-damage|p1a: Landorus|86\/100\n|-damage|p2a: Ogerpon|51\/100|[from] item: Rocky Helmet|[of] p1a: Landorus\n|\n|-weather|none\n|upkeep\n|turn|9\n|\n|t:|1700823551\n|move|p2a: Ogerpon|Swords Dance|p2a: Ogerpon\n|-boost|p2a: Ogerpon|atk|2\n|move|p1a: Landorus|Stealth Rock|p2a: Ogerpon\n|-sidestart|p2: nngh|move: Stealth Rock\n|\n|upkeep\n|turn|10\n|\n|t:|1700823564\n|switch|p1a: Rotom|Rotom-Wash|19\/100\n|move|p2a: Ogerpon|Power Whip|p1a: Rotom\n|-supereffective|p1a: Rotom\n|-damage|p1a: Rotom|0 fnt\n|faint|p1a: Rotom\n|\n|upkeep\n|inactive|EoRem has 120 seconds left.\n|\n|t:|1700823593\n|switch|p1a: Walking Wake|Walking Wake|100\/100\n|-damage|p1a: Walking Wake|84\/100|[from] Spikes\n|turn|11\n|inactive|EoRem has 120 seconds left.\n|\n|t:|1700823607\n|move|p2a: Ogerpon|Ivy Cudgel|p1a: Walking Wake|[anim] Ivy Cudgel Rock\n|-damage|p1a: Walking Wake|0 fnt\n|faint|p1a: Walking Wake\n|-end|p1a: Walking Wake|Protosynthesis|[silent]\n|\n|-sideend|p2: nngh|move: Aurora Veil\n|upkeep\n|inactive|EoRem has 120 seconds left.\n|\n|t:|1700823612\n|switch|p1a: Kingambit|Kingambit, F|84\/100\n|-damage|p1a: Kingambit|68\/100|[from] Spikes\n|-activate|p1a: Kingambit|ability: Supreme Overlord\n|-start|p1a: Kingambit|fallen2|[silent]\n|turn|12\n|\n|t:|1700823619\n|move|p2a: Ogerpon|Low Kick|p1a: Kingambit\n|-supereffective|p1a: Kingambit\n|-damage|p1a: Kingambit|0 fnt\n|faint|p1a: Kingambit\n|-end|p1a: Kingambit|fallen2|[silent]\n|\n|upkeep\n|\n|t:|1700823623\n|switch|p1a: Dragonite|Dragonite, F|100\/100\n|turn|13\n|\n|t:|1700823634\n|-terastallize|p1a: Dragonite|Normal\n|move|p2a: Ogerpon|Ivy Cudgel|p1a: Dragonite|[anim] Ivy Cudgel Rock\n|-damage|p1a: Dragonite|49\/100\n|move|p1a: Dragonite|Dragon Dance|p1a: Dragonite\n|-boost|p1a: Dragonite|atk|1\n|-boost|p1a: Dragonite|spe|1\n|\n|upkeep\n|turn|14\n|\n|t:|1700823642\n|move|p1a: Dragonite|Extreme Speed|p2a: Ogerpon\n|-resisted|p2a: Ogerpon\n|-damage|p2a: Ogerpon|4\/100\n|move|p2a: Ogerpon|Ivy Cudgel|p1a: Dragonite|[anim] Ivy Cudgel Rock\n|-damage|p1a: Dragonite|0 fnt\n|faint|p1a: Dragonite\n|\n|upkeep\n|\n|t:|1700823649\n|switch|p1a: Landorus|Landorus-Therian, M|86\/100\n|-ability|p1a: Landorus|Intimidate|boost\n|-unboost|p2a: Ogerpon|atk|1\n|turn|15\n|\n|t:|1700823654\n|move|p2a: Ogerpon|Ivy Cudgel|p1a: Landorus|[anim] Ivy Cudgel Rock\n|-damage|p1a: Landorus|46\/100\n|move|p1a: Landorus|U-turn|p2a: Ogerpon\n|-supereffective|p2a: Ogerpon\n|-damage|p2a: Ogerpon|0 fnt\n|faint|p2a: Ogerpon\n|-message|EoRem forfeited.\n|\n|win|nngh\n|raw|EoRem's rating: 1185 &rarr; <strong>1164<\/strong><br \/>(-21 for losing)\n|raw|nngh's rating: 1248 &rarr; <strong>1269<\/strong><br \/>(+21 for winning)\n|l|\u2606EoRem\n|c|\u2606nngh|gg\n","uploadtime":1700823667,"views":21,"p1id":"eorem","p2id":"nngh","formatid":"gen9ou","rating":1164,"private":0,"password":""}