{"id":"gen9ou-1997720661","p1":"Welcometoearth420","p2":"boyu05","format":"[Gen 9] OU","log":"|j|\u2606Welcometoearth420\n|j|\u2606boyu05\n|t:|1700845518\n|gametype|singles\n|player|p1|Welcometoearth420|265|1383\n|player|p2|boyu05|1|1382\n|teamsize|p1|6\n|teamsize|p2|6\n|gen|9\n|tier|[Gen 9] OU\n|rated|\n|rule|Sleep Clause Mod: Limit one foe put to sleep\n|rule|Species Clause: Limit one of each Pok\u00e9mon\n|rule|OHKO Clause: OHKO moves are banned\n|rule|Evasion Items Clause: Evasion items are banned\n|rule|Evasion Moves Clause: Evasion moves are banned\n|rule|Endless Battle Clause: Forcing endless battles is banned\n|rule|HP Percentage Mod: HP is shown in percentages\n|clearpoke\n|poke|p1|Toxapex, M|\n|poke|p1|Gholdengo|\n|poke|p1|Zamazenta-*|\n|poke|p1|Ting-Lu|\n|poke|p1|Zapdos|\n|poke|p1|Slowking-Galar, M|\n|poke|p2|Regidrago|\n|poke|p2|Scizor, M|\n|poke|p2|Heatran, M|\n|poke|p2|Salamence, M|\n|poke|p2|Maushold-Four|\n|poke|p2|Walking Wake|\n|teampreview\n|c|\u2606Welcometoearth420|Don\u2019t use walking wake\n|inactive|Battle timer is ON: inactive players will automatically lose when time's up. (requested by boyu05)\n|\n|t:|1700845538\n|start\n|switch|p1a: Ting-Lu|Ting-Lu|100\/100\n|switch|p2a: Walking Wake|Walking Wake|100\/100\n|-ability|p1a: Ting-Lu|Vessel of Ruin\n|turn|1\n|c|\u2606Welcometoearth420|we need it to drop to uu for the funny\n|\n|t:|1700845551\n|move|p2a: Walking Wake|Surf|p1a: Ting-Lu\n|-supereffective|p1a: Ting-Lu\n|-damage|p1a: Ting-Lu|47\/100\n|move|p1a: Ting-Lu|Stealth Rock|p2a: Walking Wake\n|-sidestart|p2: boyu05|move: Stealth Rock\n|\n|-heal|p1a: Ting-Lu|53\/100|[from] item: Leftovers\n|upkeep\n|turn|2\n|\n|t:|1700845570\n|switch|p1a: Toxapex|Toxapex, M|100\/100\n|move|p2a: Walking Wake|Surf|p1a: Toxapex\n|-resisted|p1a: Toxapex\n|-damage|p1a: Toxapex|74\/100\n|\n|upkeep\n|turn|3\n|c|\u2606boyu05|ngl that wlf\n|c|\u2606boyu05|wld b funny\n|\n|t:|1700845595\n|-end|p2a: Walking Wake|Protosynthesis|[silent]\n|switch|p2a: Maushold|Maushold-Four|100\/100\n|-damage|p2a: Maushold|88\/100|[from] Stealth Rock\n|move|p1a: Toxapex|Toxic|p2a: Maushold\n|-status|p2a: Maushold|tox\n|\n|-damage|p2a: Maushold|82\/100 tox|[from] psn\n|upkeep\n|turn|4\n|\n|t:|1700845602\n|move|p2a: Maushold|Tidy Up|p2a: Maushold\n|-sideend|p2: boyu05|Stealth Rock\n|-activate|p2a: Maushold|move: Tidy Up\n|-boost|p2a: Maushold|atk|1\n|-boost|p2a: Maushold|spe|1\n|move|p1a: Toxapex|Recover|p1a: Toxapex\n|-heal|p1a: Toxapex|100\/100\n|\n|-damage|p2a: Maushold|69\/100 tox|[from] psn\n|upkeep\n|turn|5\n|\n|t:|1700845615\n|move|p2a: Maushold|U-turn|p1a: Toxapex\n|-resisted|p1a: Toxapex\n|-damage|p1a: Toxapex|93\/100\n|\n|t:|1700845622\n|switch|p2a: Regidrago|Regidrago|100\/100|[from] U-turn\n|move|p1a: Toxapex|Surf|p2a: Regidrago\n|-resisted|p2a: Regidrago\n|-damage|p2a: Regidrago|91\/100\n|\n|upkeep\n|turn|6\n|\n|t:|1700845632\n|switch|p1a: Slowking|Slowking-Galar, M|100\/100\n|-terastallize|p2a: Regidrago|Steel\n|move|p2a: Regidrago|Dragon Dance|p2a: Regidrago\n|-boost|p2a: Regidrago|atk|1\n|-boost|p2a: Regidrago|spe|1\n|\n|upkeep\n|turn|7\n|\n|t:|1700845639\n|move|p2a: Regidrago|Dragon Dance|p2a: Regidrago\n|-boost|p2a: Regidrago|atk|1\n|-boost|p2a: Regidrago|spe|1\n|move|p1a: Slowking|Chilly Reception|p1a: Slowking\n|-weather|Snow\n|\n|t:|1700845641\n|switch|p1a: Zamazenta|Zamazenta|100\/100|[from] Chilly Reception\n|-ability|p1a: Zamazenta|Dauntless Shield|boost\n|-boost|p1a: Zamazenta|def|1\n|\n|-weather|Snow|[upkeep]\n|upkeep\n|turn|8\n|\n|t:|1700845645\n|move|p2a: Regidrago|Scale Shot|p1a: Zamazenta\n|-damage|p1a: Zamazenta|82\/100\n|-damage|p1a: Zamazenta|65\/100\n|-damage|p1a: Zamazenta|48\/100\n|-damage|p1a: Zamazenta|30\/100\n|-damage|p1a: Zamazenta|12\/100\n|-hitcount|p1a: Zamazenta|5\n|-unboost|p2a: Regidrago|def|1\n|-boost|p2a: Regidrago|spe|1\n|move|p1a: Zamazenta|Close Combat|p2a: Regidrago\n|-supereffective|p2a: Regidrago\n|-damage|p2a: Regidrago|0 fnt\n|-unboost|p1a: Zamazenta|def|1\n|-unboost|p1a: Zamazenta|spd|1\n|faint|p2a: Regidrago\n|\n|-weather|Snow|[upkeep]\n|upkeep\n|\n|t:|1700845655\n|switch|p2a: Scizor|Scizor, M|100\/100\n|turn|9\n|\n|t:|1700845659\n|switch|p1a: Toxapex|Toxapex, M|100\/100\n|move|p2a: Scizor|Bullet Punch|p1a: Toxapex\n|-resisted|p1a: Toxapex\n|-damage|p1a: Toxapex|89\/100\n|\n|-weather|Snow|[upkeep]\n|upkeep\n|turn|10\n|\n|t:|1700845665\n|move|p2a: Scizor|Knock Off|p1a: Toxapex\n|-damage|p1a: Toxapex|63\/100\n|-enditem|p1a: Toxapex|Heavy-Duty Boots|[from] move: Knock Off|[of] p2a: Scizor\n|move|p1a: Toxapex|Surf|p2a: Scizor\n|-damage|p2a: Scizor|76\/100\n|\n|-weather|Snow|[upkeep]\n|upkeep\n|turn|11\n|\n|t:|1700845672\n|move|p2a: Scizor|U-turn|p1a: Toxapex\n|-resisted|p1a: Toxapex\n|-damage|p1a: Toxapex|51\/100\n|\n|t:|1700845673\n|switch|p2a: Maushold|Maushold-Four|69\/100 tox|[from] U-turn\n|move|p1a: Toxapex|Recover|p1a: Toxapex\n|-heal|p1a: Toxapex|100\/100\n|\n|-weather|none\n|-damage|p2a: Maushold|63\/100 tox|[from] psn\n|upkeep\n|turn|12\n|\n|t:|1700845678\n|move|p2a: Maushold|Tidy Up|p2a: Maushold\n|-boost|p2a: Maushold|atk|1\n|-boost|p2a: Maushold|spe|1\n|move|p1a: Toxapex|Surf|p2a: Maushold\n|-damage|p2a: Maushold|33\/100 tox\n|\n|-damage|p2a: Maushold|21\/100 tox|[from] psn\n|upkeep\n|turn|13\n|\n|t:|1700845682\n|move|p2a: Maushold|Population Bomb|p1a: Toxapex\n|-damage|p1a: Toxapex|90\/100\n|-damage|p1a: Toxapex|79\/100\n|-damage|p1a: Toxapex|69\/100\n|-damage|p1a: Toxapex|58\/100\n|-damage|p1a: Toxapex|46\/100\n|-damage|p1a: Toxapex|34\/100\n|-damage|p1a: Toxapex|23\/100\n|-damage|p1a: Toxapex|12\/100\n|-damage|p1a: Toxapex|1\/100\n|-damage|p1a: Toxapex|0 fnt\n|faint|p1a: Toxapex\n|-hitcount|p1: Toxapex|10\n|\n|-damage|p2a: Maushold|2\/100 tox|[from] psn\n|upkeep\n|\n|t:|1700845685\n|switch|p1a: Gholdengo|Gholdengo|100\/100\n|turn|14\n|\n|t:|1700845695\n|move|p2a: Maushold|Bite|p1a: Gholdengo\n|-supereffective|p1a: Gholdengo\n|-damage|p1a: Gholdengo|31\/100\n|cant|p1a: Gholdengo|flinch\n|\n|-damage|p2a: Maushold|0 fnt|[from] psn\n|faint|p2a: Maushold\n|upkeep\n|\n|t:|1700845709\n|switch|p2a: Walking Wake|Walking Wake|100\/100\n|turn|15\n|\n|t:|1700845715\n|switch|p1a: Slowking|Slowking-Galar, M|100\/100\n|move|p2a: Walking Wake|Surf|p1a: Slowking\n|-damage|p1a: Slowking|64\/100\n|\n|upkeep\n|turn|16\n|\n|t:|1700845721\n|-end|p2a: Walking Wake|Protosynthesis|[silent]\n|switch|p2a: Heatran|Heatran, M|100\/100\n|move|p1a: Slowking|Sludge Bomb|p2a: Heatran\n|-immune|p2a: Heatran\n|\n|upkeep\n|turn|17\n|\n|t:|1700845729\n|switch|p1a: Ting-Lu|Ting-Lu|53\/100\n|-ability|p1a: Ting-Lu|Vessel of Ruin\n|move|p2a: Heatran|Magma Storm|p1a: Ting-Lu\n|-damage|p1a: Ting-Lu|29\/100\n|-activate|p1a: Ting-Lu|move: Magma Storm|[of] p2a: Heatran\n|\n|-heal|p1a: Ting-Lu|36\/100|[from] item: Leftovers\n|-damage|p1a: Ting-Lu|23\/100|[from] move: Magma Storm|[partiallytrapped]\n|upkeep\n|turn|18\n|\n|t:|1700845733\n|move|p2a: Heatran|Flash Cannon|p1a: Ting-Lu\n|-damage|p1a: Ting-Lu|3\/100\n|move|p1a: Ting-Lu|Earthquake|p2a: Heatran\n|-supereffective|p2a: Heatran\n|-damage|p2a: Heatran|0 fnt\n|faint|p2a: Heatran\n|\n|-heal|p1a: Ting-Lu|9\/100|[from] item: Leftovers\n|-end|p1a: Ting-Lu|Magma Storm|[partiallytrapped]|[silent]\n|upkeep\n|\n|t:|1700845741\n|switch|p2a: Scizor|Scizor, M|76\/100\n|turn|19\n|\n|t:|1700845743\n|move|p2a: Scizor|Bullet Punch|p1a: Ting-Lu\n|-damage|p1a: Ting-Lu|0 fnt\n|faint|p1a: Ting-Lu\n|\n|upkeep\n|\n|t:|1700845746\n|switch|p1a: Zapdos|Zapdos|100\/100\n|turn|20\n|\n|t:|1700845751\n|switch|p2a: Walking Wake|Walking Wake|100\/100\n|move|p1a: Zapdos|Hurricane|p2a: Walking Wake\n|-damage|p2a: Walking Wake|49\/100\n|\n|upkeep\n|turn|21\n|\n|t:|1700845763\n|switch|p1a: Slowking|Slowking-Galar, M|97\/100\n|move|p2a: Walking Wake|Draco Meteor|p1a: Slowking\n|-damage|p1a: Slowking|38\/100\n|-unboost|p2a: Walking Wake|spa|2\n|\n|upkeep\n|turn|22\n|\n|t:|1700845770\n|-end|p2a: Walking Wake|Protosynthesis|[silent]\n|switch|p2a: Scizor|Scizor, M|76\/100\n|move|p1a: Slowking|Slack Off|p1a: Slowking\n|-heal|p1a: Slowking|88\/100\n|\n|upkeep\n|turn|23\n|\n|t:|1700845774\n|switch|p1a: Zapdos|Zapdos|100\/100\n|move|p2a: Scizor|Knock Off|p1a: Zapdos\n|-damage|p1a: Zapdos|74\/100\n|-status|p2a: Scizor|par|[from] ability: Static|[of] p1a: Zapdos\n|-enditem|p1a: Zapdos|Heavy-Duty Boots|[from] move: Knock Off|[of] p2a: Scizor\n|\n|upkeep\n|turn|24\n|\n|t:|1700845780\n|move|p1a: Zapdos|Discharge|p2a: Scizor\n|-damage|p2a: Scizor|30\/100 par\n|cant|p2a: Scizor|par\n|\n|upkeep\n|turn|25\n|\n|t:|1700845791\n|move|p1a: Zapdos|Discharge|p2a: Scizor\n|-damage|p2a: Scizor|0 fnt\n|faint|p2a: Scizor\n|\n|upkeep\n|\n|t:|1700845796\n|switch|p2a: Walking Wake|Walking Wake|49\/100\n|turn|26\n|\n|t:|1700845801\n|switch|p1a: Slowking|Slowking-Galar, M|100\/100\n|move|p2a: Walking Wake|Surf|p1a: Slowking\n|-damage|p1a: Slowking|58\/100\n|\n|upkeep\n|turn|27\n|\n|t:|1700845803\n|move|p2a: Walking Wake|Surf|p1a: Slowking\n|-damage|p1a: Slowking|20\/100\n|move|p1a: Slowking|Sludge Bomb|p2a: Walking Wake\n|-damage|p2a: Walking Wake|7\/100\n|\n|upkeep\n|turn|28\n|\n|t:|1700845811\n|move|p2a: Walking Wake|Surf|p1a: Slowking\n|-damage|p1a: Slowking|0 fnt\n|faint|p1a: Slowking\n|\n|upkeep\n|\n|t:|1700845812\n|switch|p1a: Gholdengo|Gholdengo|31\/100\n|turn|29\n|\n|t:|1700845814\n|move|p1a: Gholdengo|Shadow Ball|p2a: Walking Wake\n|-damage|p2a: Walking Wake|0 fnt\n|faint|p2a: Walking Wake\n|-end|p2a: Walking Wake|Protosynthesis|[silent]\n|\n|upkeep\n|\n|t:|1700845817\n|switch|p2a: Salamence|Salamence, M|100\/100\n|-ability|p2a: Salamence|Intimidate|boost\n|-unboost|p1a: Gholdengo|atk|1\n|turn|30\n|\n|t:|1700845821\n|-terastallize|p1a: Gholdengo|Ghost\n|move|p1a: Gholdengo|Shadow Ball|p2a: Salamence\n|-damage|p2a: Salamence|29\/100\n|move|p2a: Salamence|Flamethrower|p1a: Gholdengo\n|-damage|p1a: Gholdengo|0 fnt\n|faint|p1a: Gholdengo\n|\n|upkeep\n|\n|t:|1700845824\n|switch|p1a: Zapdos|Zapdos|74\/100\n|turn|31\n|\n|t:|1700845830\n|move|p2a: Salamence|Hydro Pump|p1a: Zapdos\n|-damage|p1a: Zapdos|39\/100\n|move|p1a: Zapdos|Discharge|p2a: Salamence\n|-damage|p2a: Salamence|0 fnt\n|faint|p2a: Salamence\n|\n|win|Welcometoearth420\n|raw|Welcometoearth420's rating: 1383 &rarr; <strong>1403<\/strong><br \/>(+20 for winning)\n|raw|boyu05's rating: 1382 &rarr; <strong>1362<\/strong><br \/>(-20 for losing)\n","uploadtime":1700845833,"views":2,"p1id":"welcometoearth420","p2id":"boyu05","formatid":"gen9ou","rating":1362,"private":0,"password":""}