{"id":"gen9ou-1991600534","p1":"Dragunoxx","p2":"luiscbc","format":"[Gen 9] OU","log":"|j|\u2606Dragunoxx\n|j|\u2606luiscbc\n|t:|1700092818\n|gametype|singles\n|player|p1|Dragunoxx|florian-bb|1284\n|player|p2|luiscbc|1|1213\n|teamsize|p1|6\n|teamsize|p2|6\n|gen|9\n|tier|[Gen 9] OU\n|rated|\n|rule|Sleep Clause Mod: Limit one foe put to sleep\n|rule|Species Clause: Limit one of each Pok\u00e9mon\n|rule|OHKO Clause: OHKO moves are banned\n|rule|Evasion Items Clause: Evasion items are banned\n|rule|Evasion Moves Clause: Evasion moves are banned\n|rule|Endless Battle Clause: Forcing endless battles is banned\n|rule|HP Percentage Mod: HP is shown in percentages\n|clearpoke\n|poke|p1|Infernape, M|\n|poke|p1|Iron Leaves|\n|poke|p1|Greninja-*, M|\n|poke|p1|Iron Moth|\n|poke|p1|Pincurchin, F|\n|poke|p1|Corviknight, M|\n|poke|p2|Okidogi, M|\n|poke|p2|Ceruledge, F|\n|poke|p2|Umbreon, M|\n|poke|p2|Munkidori, M|\n|poke|p2|Torkoal, M|\n|poke|p2|Typhlosion-Hisui, F|\n|teampreview\n|\n|t:|1700092848\n|start\n|switch|p1a: Pincurchin|Pincurchin, F|100\/100\n|switch|p2a: Don Omar|Torkoal, M|100\/100\n|-weather|SunnyDay|[from] ability: Drought|[of] p2a: Don Omar\n|-fieldstart|move: Electric Terrain|[from] ability: Electric Surge|[of] p1a: Pincurchin\n|turn|1\n|\n|t:|1700092859\n|move|p2a: Don Omar|Stealth Rock|p1a: Pincurchin\n|-sidestart|p1: Dragunoxx|move: Stealth Rock\n|move|p1a: Pincurchin|Scald|p2a: Don Omar\n|-supereffective|p2a: Don Omar\n|-damage|p2a: Don Omar|80\/100\n|\n|-weather|SunnyDay|[upkeep]\n|upkeep\n|turn|2\n|\n|t:|1700092874\n|switch|p2a: Shiba oso|Okidogi, M|100\/100\n|move|p1a: Pincurchin|Scald|p2a: Shiba oso\n|-damage|p2a: Shiba oso|91\/100\n|\n|-weather|SunnyDay|[upkeep]\n|-heal|p2a: Shiba oso|97\/100|[from] item: Black Sludge\n|upkeep\n|turn|3\n|\n|t:|1700092896\n|switch|p1a: Corviknight|Corviknight, M|100\/100\n|-damage|p1a: Corviknight|88\/100|[from] Stealth Rock\n|move|p2a: Shiba oso|High Horsepower|p1a: Corviknight\n|-immune|p1a: Corviknight\n|\n|-weather|SunnyDay|[upkeep]\n|-heal|p2a: Shiba oso|100\/100|[from] item: Black Sludge\n|upkeep\n|turn|4\n|\n|t:|1700092911\n|switch|p2a: black zero|Ceruledge, F|100\/100\n|move|p1a: Corviknight|Defog|p2a: black zero\n|-unboost|p2a: black zero|evasion|1\n|-sideend|p1: Dragunoxx|Stealth Rock|[from] move: Defog|[of] p1a: Corviknight\n|-fieldend|move: Electric Terrain\n|\n|-weather|SunnyDay|[upkeep]\n|upkeep\n|turn|5\n|\n|t:|1700092936\n|switch|p1a: Pincurchin|Pincurchin, F|100\/100\n|-fieldstart|move: Electric Terrain|[from] ability: Electric Surge|[of] p1a: Pincurchin\n|move|p2a: black zero|Swords Dance|p2a: black zero\n|-boost|p2a: black zero|atk|2\n|\n|-weather|SunnyDay|[upkeep]\n|upkeep\n|turn|6\n|\n|t:|1700092946\n|move|p2a: black zero|Bitter Blade|p1a: Pincurchin\n|-damage|p1a: Pincurchin|0 fnt\n|faint|p1a: Pincurchin\n|\n|-weather|SunnyDay|[upkeep]\n|upkeep\n|\n|t:|1700092960\n|switch|p1a: Greninja|Greninja, M|100\/100\n|turn|7\n|\n|t:|1700092964\n|move|p1a: Greninja|Dark Pulse|p2a: black zero\n|-start|p1a: Greninja|typechange|Dark|[from] ability: Protean\n|-supereffective|p2a: black zero\n|-enditem|p2a: black zero|Focus Sash\n|-damage|p2a: black zero|1\/100\n|move|p2a: black zero|Solar Blade||[still]\n|-prepare|p2a: black zero|Solar Blade\n|-anim|p2a: black zero|Solar Blade|p1a: Greninja\n|-damage|p1a: Greninja|0 fnt\n|faint|p1a: Greninja\n|\n|-weather|SunnyDay|[upkeep]\n|upkeep\n|\n|t:|1700092980\n|switch|p1a: Iron Leaves|Iron Leaves|100\/100\n|-activate|p1a: Iron Leaves|ability: Quark Drive\n|-start|p1a: Iron Leaves|quarkdriveatk\n|turn|8\n|\n|t:|1700092985\n|move|p1a: Iron Leaves|Leaf Blade|p2a: black zero\n|-resisted|p2a: black zero\n|-damage|p2a: black zero|0 fnt\n|faint|p2a: black zero\n|-damage|p1a: Iron Leaves|91\/100|[from] item: Life Orb\n|\n|-weather|none\n|upkeep\n|\n|t:|1700092995\n|switch|p2a: Don Omar|Torkoal, M|80\/100\n|-weather|SunnyDay|[from] ability: Drought|[of] p2a: Don Omar\n|turn|9\n|\n|t:|1700093010\n|-terastallize|p1a: Iron Leaves|Fire\n|move|p1a: Iron Leaves|Psyblade|p2a: Don Omar\n|-damage|p2a: Don Omar|17\/100\n|-damage|p1a: Iron Leaves|81\/100|[from] item: Life Orb\n|move|p2a: Don Omar|Stealth Rock|p1a: Iron Leaves\n|-sidestart|p1: Dragunoxx|move: Stealth Rock\n|\n|-weather|SunnyDay|[upkeep]\n|upkeep\n|turn|10\n|\n|t:|1700093028\n|switch|p2a: no hit me|Umbreon, M|100\/100\n|move|p1a: Iron Leaves|Psyblade|p2a: no hit me\n|-immune|p2a: no hit me\n|\n|-weather|SunnyDay|[upkeep]\n|upkeep\n|turn|11\n|\n|t:|1700093036\n|move|p1a: Iron Leaves|Close Combat|p2a: no hit me\n|-supereffective|p2a: no hit me\n|-damage|p2a: no hit me|0 fnt\n|-unboost|p1a: Iron Leaves|def|1\n|-unboost|p1a: Iron Leaves|spd|1\n|faint|p2a: no hit me\n|-damage|p1a: Iron Leaves|71\/100|[from] item: Life Orb\n|\n|-weather|SunnyDay|[upkeep]\n|upkeep\n|\n|t:|1700093049\n|switch|p2a: Vesubio|Typhlosion-Hisui, F|100\/100\n|-item|p1a: Iron Leaves|Life Orb|[from] ability: Frisk|[of] p2a: Vesubio|[identify]\n|turn|12\n|\n|t:|1700093057\n|move|p1a: Iron Leaves|Psyblade|p2a: Vesubio\n|-damage|p2a: Vesubio|0 fnt\n|faint|p2a: Vesubio\n|-damage|p1a: Iron Leaves|61\/100|[from] item: Life Orb\n|\n|-weather|SunnyDay|[upkeep]\n|-fieldend|move: Electric Terrain\n|-end|p1a: Iron Leaves|Quark Drive\n|upkeep\n|\n|t:|1700093065\n|switch|p2a: Shiba oso|Okidogi, M|100\/100\n|turn|13\n|\n|t:|1700093070\n|-terastallize|p2a: Shiba oso|Dark\n|move|p1a: Iron Leaves|Psyblade|p2a: Shiba oso\n|-immune|p2a: Shiba oso\n|move|p2a: Shiba oso|High Horsepower|p1a: Iron Leaves\n|-supereffective|p1a: Iron Leaves\n|-damage|p1a: Iron Leaves|0 fnt\n|faint|p1a: Iron Leaves\n|-end|p1a: Iron Leaves|Quark Drive|[silent]\n|\n|-weather|SunnyDay|[upkeep]\n|-damage|p2a: Shiba oso|88\/100|[from] item: Black Sludge\n|upkeep\n|\n|t:|1700093078\n|switch|p1a: Infernape|Infernape, M|100\/100\n|turn|14\n|\n|t:|1700093088\n|move|p1a: Infernape|Drain Punch|p2a: Shiba oso\n|-supereffective|p2a: Shiba oso\n|-damage|p2a: Shiba oso|22\/100\n|move|p2a: Shiba oso|High Horsepower|p1a: Infernape\n|-supereffective|p1a: Infernape\n|-damage|p1a: Infernape|0 fnt\n|faint|p1a: Infernape\n|\n|-weather|SunnyDay|[upkeep]\n|-damage|p2a: Shiba oso|9\/100|[from] item: Black Sludge\n|upkeep\n|\n|t:|1700093099\n|switch|p1a: Corviknight|Corviknight, M|88\/100\n|-damage|p1a: Corviknight|76\/100|[from] Stealth Rock\n|turn|15\n|\n|t:|1700093107\n|move|p2a: Shiba oso|Drain Punch|p1a: Corviknight\n|-crit|p1a: Corviknight\n|-damage|p1a: Corviknight|37\/100\n|-heal|p2a: Shiba oso|34\/100|[from] drain|[of] p1a: Corviknight\n|-damage|p2a: Shiba oso|17\/100|[from] item: Rocky Helmet|[of] p1a: Corviknight\n|move|p1a: Corviknight|Defog|p2a: Shiba oso\n|-unboost|p2a: Shiba oso|evasion|1\n|-sideend|p1: Dragunoxx|Stealth Rock|[from] move: Defog|[of] p1a: Corviknight\n|\n|-weather|SunnyDay|[upkeep]\n|-damage|p2a: Shiba oso|5\/100|[from] item: Black Sludge\n|upkeep\n|turn|16\n|\n|t:|1700093120\n|move|p2a: Shiba oso|Drain Punch|p1a: Corviknight\n|-damage|p1a: Corviknight|13\/100\n|-heal|p2a: Shiba oso|20\/100|[from] drain|[of] p1a: Corviknight\n|-damage|p2a: Shiba oso|3\/100|[from] item: Rocky Helmet|[of] p1a: Corviknight\n|move|p1a: Corviknight|Roost|p1a: Corviknight\n|-heal|p1a: Corviknight|63\/100\n|-singleturn|p1a: Corviknight|move: Roost\n|\n|-weather|none\n|-damage|p2a: Shiba oso|0 fnt|[from] item: Black Sludge\n|faint|p2a: Shiba oso\n|upkeep\n|\n|t:|1700093134\n|switch|p2a: Don Omar|Torkoal, M|17\/100\n|-weather|SunnyDay|[from] ability: Drought|[of] p2a: Don Omar\n|turn|17\n|\n|t:|1700093141\n|move|p1a: Corviknight|Iron Head|p2a: Don Omar\n|-resisted|p2a: Don Omar\n|-damage|p2a: Don Omar|10\/100\n|cant|p2a: Don Omar|flinch\n|\n|-weather|SunnyDay|[upkeep]\n|upkeep\n|turn|18\n|\n|t:|1700093151\n|move|p1a: Corviknight|U-turn|p2a: Don Omar\n|-resisted|p2a: Don Omar\n|-damage|p2a: Don Omar|5\/100\n|\n|t:|1700093155\n|switch|p1a: Iron Moth|Iron Moth|100\/100|[from] U-turn\n|move|p2a: Don Omar|Stealth Rock|p1a: Iron Moth\n|-sidestart|p1: Dragunoxx|move: Stealth Rock\n|\n|-weather|SunnyDay|[upkeep]\n|upkeep\n|turn|19\n|\n|t:|1700093164\n|move|p1a: Iron Moth|Fiery Dance|p2a: Don Omar\n|-resisted|p2a: Don Omar\n|-damage|p2a: Don Omar|0 fnt\n|faint|p2a: Don Omar\n|\n|-weather|SunnyDay|[upkeep]\n|upkeep\n|\n|t:|1700093171\n|switch|p2a: jaimico|Munkidori, M|100\/100\n|turn|20\n|\n|t:|1700093175\n|move|p2a: jaimico|Psychic|p1a: Iron Moth\n|-supereffective|p1a: Iron Moth\n|-damage|p1a: Iron Moth|7\/100\n|move|p1a: Iron Moth|Fiery Dance|p2a: jaimico\n|-damage|p2a: jaimico|30\/100\n|\n|-weather|SunnyDay|[upkeep]\n|upkeep\n|turn|21\n|\n|t:|1700093184\n|move|p2a: jaimico|Psychic|p1a: Iron Moth\n|-supereffective|p1a: Iron Moth\n|-damage|p1a: Iron Moth|0 fnt\n|faint|p1a: Iron Moth\n|-end|p1a: Iron Moth|Quark Drive|[silent]\n|\n|-weather|SunnyDay|[upkeep]\n|upkeep\n|\n|t:|1700093187\n|switch|p1a: Corviknight|Corviknight, M|63\/100\n|-damage|p1a: Corviknight|51\/100|[from] Stealth Rock\n|turn|22\n|-message|luiscbc forfeited.\n|\n|win|Dragunoxx\n|raw|Dragunoxx's rating: 1284 &rarr; <strong>1304<\/strong><br \/>(+20 for winning)\n|raw|luiscbc's rating: 1213 &rarr; <strong>1193<\/strong><br \/>(-20 for losing)\n|l|\u2606luiscbc\n","uploadtime":1700093195,"views":12,"p1id":"dragunoxx","p2id":"luiscbc","formatid":"gen9ou","rating":1193,"private":0,"password":""}