{"id":"gen9ou-1997949522","p1":"ToastSpirit","p2":"Gondre19","format":"[Gen 9] OU","log":"|j|\u2606ToastSpirit\n|j|\u2606Gondre19\n|t:|1700871092\n|gametype|singles\n|player|p1|ToastSpirit|n|1369\n|player|p2|Gondre19|backpacker|1328\n|teamsize|p1|6\n|teamsize|p2|6\n|gen|9\n|tier|[Gen 9] OU\n|rated|\n|rule|Sleep Clause Mod: Limit one foe put to sleep\n|rule|Species Clause: Limit one of each Pok\u00e9mon\n|rule|OHKO Clause: OHKO moves are banned\n|rule|Evasion Items Clause: Evasion items are banned\n|rule|Evasion Moves Clause: Evasion moves are banned\n|rule|Endless Battle Clause: Forcing endless battles is banned\n|rule|HP Percentage Mod: HP is shown in percentages\n|clearpoke\n|poke|p1|Ninetales-Alola, F|\n|poke|p1|Ogerpon-Wellspring, F|\n|poke|p1|Manaphy|\n|poke|p1|Great Tusk|\n|poke|p1|Gholdengo|\n|poke|p1|Garganacl, M|\n|poke|p2|Amoonguss, M|\n|poke|p2|Gholdengo|\n|poke|p2|Zamazenta-*|\n|poke|p2|Ting-Lu|\n|poke|p2|Zapdos|\n|poke|p2|Slowking, F|\n|teampreview\n|c|\u2606Gondre19|glhf\n|\n|t:|1700871108\n|start\n|switch|p1a: :D|Ninetales-Alola, F|100\/100\n|switch|p2a: Zapdos|Zapdos|100\/100\n|-weather|Snow|[from] ability: Snow Warning|[of] p1a: :D\n|turn|1\n|c|\u2606ToastSpirit|glhf or else\n|\n|t:|1700871116\n|move|p1a: :D|Aurora Veil|p1a: :D\n|-sidestart|p1: ToastSpirit|move: Aurora Veil\n|move|p2a: Zapdos|Volt Switch|p1a: :D\n|-damage|p1a: :D|80\/100\n|\n|t:|1700871123\n|switch|p2a: Gholdengo|Gholdengo|100\/100|[from] Volt Switch\n|\n|-weather|Snow|[upkeep]\n|upkeep\n|turn|2\n|\n|t:|1700871128\n|switch|p1a: cheesestick|Gholdengo|100\/100\n|move|p2a: Gholdengo|Shadow Ball|p1a: cheesestick\n|-supereffective|p1a: cheesestick\n|-damage|p1a: cheesestick|30\/100\n|\n|-weather|Snow|[upkeep]\n|upkeep\n|turn|3\n|\n|t:|1700871135\n|switch|p2a: Ting-Lu|Ting-Lu|100\/100\n|-ability|p2a: Ting-Lu|Vessel of Ruin\n|move|p1a: cheesestick|Shadow Ball|p2a: Ting-Lu\n|-resisted|p2a: Ting-Lu\n|-damage|p2a: Ting-Lu|92\/100\n|\n|-weather|Snow|[upkeep]\n|upkeep\n|turn|4\n|\n|t:|1700871153\n|switch|p1a: elephant|Great Tusk|100\/100\n|move|p2a: Ting-Lu|Stealth Rock|p1a: elephant\n|-sidestart|p1: ToastSpirit|move: Stealth Rock\n|\n|-weather|Snow|[upkeep]\n|upkeep\n|turn|5\n|\n|t:|1700871158\n|move|p1a: elephant|Ice Spinner|p2a: Ting-Lu\n|-supereffective|p2a: Ting-Lu\n|-crit|p2a: Ting-Lu\n|-damage|p2a: Ting-Lu|40\/100\n|move|p2a: Ting-Lu|Ruination|p1a: elephant\n|-damage|p1a: elephant|50\/100\n|\n|-weather|none\n|-heal|p1a: elephant|57\/100|[from] item: Leftovers\n|upkeep\n|turn|6\n|\n|t:|1700871166\n|switch|p2a: Slowking|Slowking, F|100\/100\n|move|p1a: elephant|Rapid Spin|p2a: Slowking\n|-damage|p2a: Slowking|80\/100\n|-boost|p1a: elephant|spe|1\n|-sideend|p1: ToastSpirit|Stealth Rock|[from] move: Rapid Spin|[of] p1a: elephant\n|\n|-heal|p1a: elephant|63\/100|[from] item: Leftovers\n|upkeep\n|turn|7\n|\n|t:|1700871179\n|move|p1a: elephant|Earthquake|p2a: Slowking\n|-damage|p2a: Slowking|22\/100\n|move|p2a: Slowking|Future Sight|p1a: elephant\n|-start|p2a: Slowking|move: Future Sight\n|\n|-heal|p1a: elephant|69\/100|[from] item: Leftovers\n|upkeep\n|turn|8\n|\n|t:|1700871187\n|switch|p2a: Zapdos|Zapdos|100\/100\n|move|p1a: elephant|Ice Spinner|p2a: Zapdos\n|-supereffective|p2a: Zapdos\n|-damage|p2a: Zapdos|29\/100\n|-status|p1a: elephant|par|[from] ability: Static|[of] p2a: Zapdos\n|\n|-heal|p1a: elephant|75\/100 par|[from] item: Leftovers\n|-sideend|p1: ToastSpirit|move: Aurora Veil\n|upkeep\n|turn|9\n|\n|t:|1700871197\n|-end|p1a: elephant|Protosynthesis|[silent]\n|switch|p1a: cheesestick|Gholdengo|30\/100\n|move|p2a: Zapdos|Hurricane|p1a: cheesestick\n|-resisted|p1a: cheesestick\n|-damage|p1a: cheesestick|0 fnt\n|faint|p1a: cheesestick\n|\n|-hint|Future Sight did not hit because the target is fainted.\n|upkeep\n|\n|t:|1700871204\n|switch|p1a: :D|Ninetales-Alola, F|80\/100\n|-weather|Snow|[from] ability: Snow Warning|[of] p1a: :D\n|turn|10\n|\n|t:|1700871212\n|move|p1a: :D|Aurora Veil|p1a: :D\n|-sidestart|p1: ToastSpirit|move: Aurora Veil\n|move|p2a: Zapdos|Volt Switch|p1a: :D\n|-damage|p1a: :D|57\/100\n|\n|t:|1700871217\n|switch|p2a: Gholdengo|Gholdengo|100\/100|[from] Volt Switch\n|\n|-weather|Snow|[upkeep]\n|upkeep\n|turn|11\n|\n|t:|1700871228\n|switch|p1a: salt|Garganacl, M|100\/100\n|move|p2a: Gholdengo|Trick|p1a: salt\n|-activate|p2a: Gholdengo|move: Trick|[of] p1a: salt\n|-item|p1a: salt|Choice Specs|[from] move: Trick\n|-item|p2a: Gholdengo|Leftovers|[from] move: Trick\n|\n|-weather|Snow|[upkeep]\n|upkeep\n|turn|12\n|\n|t:|1700871237\n|move|p2a: Gholdengo|Make It Rain|p1a: salt\n|-supereffective|p1a: salt\n|-damage|p1a: salt|45\/100\n|-unboost|p2a: Gholdengo|spa|1\n|move|p1a: salt|Salt Cure|p2a: Gholdengo\n|-resisted|p2a: Gholdengo\n|-damage|p2a: Gholdengo|93\/100\n|-start|p2a: Gholdengo|Salt Cure\n|\n|-weather|Snow|[upkeep]\n|-heal|p2a: Gholdengo|99\/100|[from] item: Leftovers\n|-damage|p2a: Gholdengo|74\/100|[from] Salt Cure\n|upkeep\n|turn|13\n|\n|t:|1700871251\n|switch|p2a: Amoonguss|Amoonguss, M|100\/100\n|move|p1a: salt|Salt Cure|p2a: Amoonguss\n|-damage|p2a: Amoonguss|90\/100\n|-start|p2a: Amoonguss|Salt Cure\n|\n|-weather|Snow|[upkeep]\n|-damage|p2a: Amoonguss|77\/100|[from] Salt Cure\n|upkeep\n|turn|14\n|\n|t:|1700871259\n|move|p1a: salt|Salt Cure|p2a: Amoonguss\n|-damage|p2a: Amoonguss|67\/100\n|move|p2a: Amoonguss|Giga Drain|p1a: salt\n|-supereffective|p1a: salt\n|-damage|p1a: salt|24\/100\n|-heal|p2a: Amoonguss|77\/100|[from] drain|[of] p1a: salt\n|\n|-weather|none\n|-damage|p2a: Amoonguss|65\/100|[from] Salt Cure\n|upkeep\n|turn|15\n|\n|t:|1700871270\n|switch|p1a: :D|Ninetales-Alola, F|57\/100\n|-weather|Snow|[from] ability: Snow Warning|[of] p1a: :D\n|move|p2a: Amoonguss|Giga Drain|p1a: :D\n|-damage|p1a: :D|43\/100\n|-heal|p2a: Amoonguss|69\/100|[from] drain|[of] p1a: :D\n|\n|-weather|Snow|[upkeep]\n|-damage|p2a: Amoonguss|57\/100|[from] Salt Cure\n|upkeep\n|turn|16\n|\n|t:|1700871280\n|switch|p2a: Slowking|Slowking, F|56\/100\n|move|p1a: :D|Blizzard|p2a: Slowking\n|-resisted|p2a: Slowking\n|-damage|p2a: Slowking|43\/100\n|\n|-weather|Snow|[upkeep]\n|upkeep\n|turn|17\n|\n|t:|1700871286\n|move|p1a: :D|Moonblast|p2a: Slowking\n|-damage|p2a: Slowking|23\/100\n|-unboost|p2a: Slowking|spa|1\n|move|p2a: Slowking|Future Sight|p1a: :D\n|-start|p2a: Slowking|move: Future Sight\n|\n|-weather|Snow|[upkeep]\n|-sideend|p1: ToastSpirit|move: Aurora Veil\n|upkeep\n|turn|18\n|\n|t:|1700871293\n|switch|p2a: Amoonguss|Amoonguss, M|90\/100\n|move|p1a: :D|Aurora Veil|p1a: :D\n|-sidestart|p1: ToastSpirit|move: Aurora Veil\n|\n|-weather|Snow|[upkeep]\n|upkeep\n|turn|19\n|\n|t:|1700871301\n|switch|p1a: salt|Garganacl, M|24\/100\n|switch|p2a: Slowking|Slowking, F|56\/100\n|\n|-weather|none\n|-end|p1a: salt|move: Future Sight\n|-damage|p1a: salt|4\/100\n|upkeep\n|turn|20\n|\n|t:|1700871308\n|move|p1a: salt|Stealth Rock|p2a: Slowking\n|-sidestart|p2: Gondre19|move: Stealth Rock\n|move|p2a: Slowking|Scald|p1a: salt\n|-supereffective|p1a: salt\n|-damage|p1a: salt|0 fnt\n|faint|p1a: salt\n|\n|upkeep\n|\n|t:|1700871316\n|switch|p1a: prince|Manaphy|100\/100\n|turn|21\n|\n|t:|1700871321\n|move|p1a: prince|Tail Glow|p1a: prince\n|-boost|p1a: prince|spa|3\n|move|p2a: Slowking|Future Sight|p1a: prince\n|-start|p2a: Slowking|move: Future Sight\n|\n|upkeep\n|turn|22\n|\n|t:|1700871328\n|move|p1a: prince|Energy Ball|p2a: Slowking\n|-supereffective|p2a: Slowking\n|-damage|p2a: Slowking|0 fnt\n|faint|p2a: Slowking\n|\n|upkeep\n|\n|t:|1700871332\n|switch|p2a: Zapdos|Zapdos|29\/100\n|turn|23\n|\n|t:|1700871340\n|move|p2a: Zapdos|Volt Switch|p1a: prince\n|-supereffective|p1a: prince\n|-damage|p1a: prince|72\/100\n|\n|t:|1700871346\n|switch|p2a: Amoonguss|Amoonguss, M|100\/100|[from] Volt Switch\n|move|p1a: prince|Ice Beam|p2a: Amoonguss\n|-supereffective|p2a: Amoonguss\n|-damage|p2a: Amoonguss|0 fnt\n|faint|p2a: Amoonguss\n|\n|-end|p1a: prince|move: Future Sight\n|-damage|p1a: prince|55\/100\n|-heal|p1a: prince|61\/100|[from] item: Leftovers\n|upkeep\n|\n|t:|1700871351\n|switch|p2a: Ting-Lu|Ting-Lu|40\/100\n|-ability|p2a: Ting-Lu|Vessel of Ruin\n|turn|24\n|\n|t:|1700871359\n|move|p1a: prince|Scald|p2a: Ting-Lu\n|-supereffective|p2a: Ting-Lu\n|-damage|p2a: Ting-Lu|0 fnt\n|faint|p2a: Ting-Lu\n|\n|-heal|p1a: prince|67\/100|[from] item: Leftovers\n|upkeep\n|\n|t:|1700871363\n|switch|p2a: Zapdos|Zapdos|29\/100\n|turn|25\n|\n|t:|1700871370\n|move|p2a: Zapdos|Hurricane|p1a: prince\n|-damage|p1a: prince|44\/100\n|-start|p1a: prince|confusion\n|-activate|p1a: prince|confusion\n|move|p1a: prince|Scald|p2a: Zapdos\n|-damage|p2a: Zapdos|0 fnt\n|faint|p2a: Zapdos\n|\n|-heal|p1a: prince|50\/100|[from] item: Leftovers\n|-sideend|p1: ToastSpirit|move: Aurora Veil\n|upkeep\n|\n|t:|1700871376\n|switch|p2a: Zamazenta|Zamazenta|100\/100\n|-ability|p2a: Zamazenta|Dauntless Shield|boost\n|-boost|p2a: Zamazenta|def|1\n|turn|26\n|\n|t:|1700871385\n|move|p2a: Zamazenta|Close Combat|p1a: prince\n|-damage|p1a: prince|1\/100\n|-unboost|p2a: Zamazenta|def|1\n|-unboost|p2a: Zamazenta|spd|1\n|-activate|p1a: prince|confusion\n|move|p1a: prince|Scald|p2a: Zamazenta\n|-damage|p2a: Zamazenta|0 fnt\n|faint|p2a: Zamazenta\n|\n|-heal|p1a: prince|7\/100|[from] item: Leftovers\n|upkeep\n|\n|t:|1700871389\n|switch|p2a: Gholdengo|Gholdengo|74\/100\n|-damage|p2a: Gholdengo|68\/100|[from] Stealth Rock\n|turn|27\n|c|\u2606Gondre19|gg\n|\n|t:|1700871401\n|move|p2a: Gholdengo|Shadow Ball|p1a: prince\n|-damage|p1a: prince|0 fnt\n|faint|p1a: prince\n|\n|-heal|p2a: Gholdengo|74\/100|[from] item: Leftovers\n|upkeep\n|\n|t:|1700871416\n|switch|p1a: ogre|Ogerpon-Wellspring, F|100\/100\n|turn|28\n|c|\u2606Gondre19|wait what\n|c|\u2606ToastSpirit|manaphy is slow\n|c|\u2606ToastSpirit|well\n|c|\u2606ToastSpirit|mine is\n|\n|t:|1700871436\n|-terastallize|p2a: Gholdengo|Ghost\n|move|p1a: ogre|Knock Off|p2a: Gholdengo\n|-supereffective|p2a: Gholdengo\n|-damage|p2a: Gholdengo|0 fnt\n|-enditem|p2a: Gholdengo|Leftovers|[from] move: Knock Off|[of] p1a: ogre\n|faint|p2a: Gholdengo\n|\n|win|ToastSpirit\n|raw|ToastSpirit's rating: 1369 &rarr; <strong>1387<\/strong><br \/>(+18 for winning)\n|raw|Gondre19's rating: 1328 &rarr; <strong>1310<\/strong><br \/>(-18 for losing)\n|c|\u2606Gondre19|huh\n|c|\u2606ToastSpirit|gg\n|c|\u2606Gondre19|gg\n","uploadtime":1700871446,"views":3,"p1id":"toastspirit","p2id":"gondre19","formatid":"gen9ou","rating":1310,"private":0,"password":""}