{"id":"gen9ou-1993451454","p1":"grass knot zygarde","p2":"Xy1n","format":"[Gen 9] OU","log":"|j|\u2606grass knot zygarde\n|j|\u2606Xy1n\n|t:|1700319565\n|gametype|singles\n|player|p1|grass knot zygarde|dawn|\n|player|p2|Xy1n|marlon|\n|teamsize|p1|6\n|teamsize|p2|6\n|gen|9\n|tier|[Gen 9] OU\n|rule|Sleep Clause Mod: Limit one foe put to sleep\n|rule|Species Clause: Limit one of each Pok\u00e9mon\n|rule|OHKO Clause: OHKO moves are banned\n|rule|Evasion Items Clause: Evasion items are banned\n|rule|Evasion Moves Clause: Evasion moves are banned\n|rule|Endless Battle Clause: Forcing endless battles is banned\n|rule|HP Percentage Mod: HP is shown in percentages\n|clearpoke\n|poke|p1|Meowscarada, M|\n|poke|p1|Zoroark-Hisui, M|\n|poke|p1|Braviary-Hisui, M|\n|poke|p1|Ting-Lu|\n|poke|p1|Zamazenta-*|\n|poke|p1|Iron Treads|\n|poke|p2|Gholdengo|\n|poke|p2|Tyranitar, M|\n|poke|p2|Quaquaval, F|\n|poke|p2|Amoonguss, F|\n|poke|p2|Iron Treads|\n|poke|p2|Iron Valiant|\n|teampreview\n|inactive|Battle timer is ON: inactive players will automatically lose when time's up. (requested by grass knot zygarde)\n|c|\u2606grass knot zygarde|autism team\n|c|\u2606Xy1n|im autistic\n|\n|t:|1700319592\n|start\n|switch|p1a: Braviary|Braviary-Hisui, M, shiny|100\/100\n|switch|p2a: Quaquaval|Quaquaval, F|100\/100\n|turn|1\n|\n|t:|1700319609\n|switch|p2a: Tyranitar|Tyranitar, M|100\/100\n|-weather|Sandstorm|[from] ability: Sand Stream|[of] p2a: Tyranitar\n|move|p1a: Braviary|Will-O-Wisp|p2a: Tyranitar\n|-status|p2a: Tyranitar|brn\n|\n|-weather|Sandstorm|[upkeep]\n|-damage|p1a: Braviary|95\/100|[from] Sandstorm\n|-damage|p2a: Tyranitar|94\/100 brn|[from] brn\n|upkeep\n|turn|2\n|\n|t:|1700319623\n|move|p1a: Braviary|U-turn|p2a: Tyranitar\n|-supereffective|p2a: Tyranitar\n|-damage|p2a: Tyranitar|72\/100 brn\n|\n|t:|1700319631\n|switch|p1a: Ting-Lu|Ting-Lu|100\/100|[from] U-turn\n|-ability|p1a: Ting-Lu|Vessel of Ruin\n|move|p2a: Tyranitar|Stone Edge|p1a: Ting-Lu|[miss]\n|-miss|p2a: Tyranitar|p1a: Ting-Lu\n|\n|-weather|Sandstorm|[upkeep]\n|-damage|p2a: Tyranitar|65\/100 brn|[from] brn\n|upkeep\n|turn|3\n|\n|t:|1700319643\n|switch|p2a: Iron Treads|Iron Treads|100\/100\n|move|p1a: Ting-Lu|Spikes|p2a: Iron Treads\n|-sidestart|p2: Xy1n|Spikes\n|\n|-weather|Sandstorm|[upkeep]\n|upkeep\n|turn|4\n|\n|t:|1700319646\n|move|p2a: Iron Treads|Rapid Spin|p1a: Ting-Lu\n|-damage|p1a: Ting-Lu|95\/100\n|-boost|p2a: Iron Treads|spe|1\n|-sideend|p2: Xy1n|Spikes|[from] move: Rapid Spin|[of] p2a: Iron Treads\n|move|p1a: Ting-Lu|Earthquake|p2a: Iron Treads\n|-supereffective|p2a: Iron Treads\n|-damage|p2a: Iron Treads|57\/100\n|\n|-weather|Sandstorm|[upkeep]\n|-heal|p2a: Iron Treads|63\/100|[from] item: Leftovers\n|-heal|p1a: Ting-Lu|100\/100|[from] item: Leftovers\n|upkeep\n|turn|5\n|\n|t:|1700319655\n|move|p2a: Iron Treads|Stealth Rock|p1a: Ting-Lu\n|-sidestart|p1: grass knot zygarde|move: Stealth Rock\n|move|p1a: Ting-Lu|Earthquake|p2a: Iron Treads\n|-supereffective|p2a: Iron Treads\n|-damage|p2a: Iron Treads|19\/100\n|\n|-weather|none\n|-heal|p2a: Iron Treads|25\/100|[from] item: Leftovers\n|upkeep\n|turn|6\n|inactive|Xy1n has 270 seconds left.\n|\n|t:|1700319689\n|move|p2a: Iron Treads|Earthquake|p1a: Ting-Lu\n|-damage|p1a: Ting-Lu|85\/100\n|move|p1a: Ting-Lu|Earthquake|p2a: Iron Treads\n|-supereffective|p2a: Iron Treads\n|-damage|p2a: Iron Treads|0 fnt\n|faint|p2a: Iron Treads\n|-end|p2a: Iron Treads|Quark Drive|[silent]\n|\n|-heal|p1a: Ting-Lu|91\/100|[from] item: Leftovers\n|upkeep\n|\n|t:|1700319692\n|switch|p2a: Quaquaval|Quaquaval, F|100\/100\n|turn|7\n|\n|t:|1700319701\n|move|p2a: Quaquaval|Aqua Step|p1a: Ting-Lu\n|-supereffective|p1a: Ting-Lu\n|-damage|p1a: Ting-Lu|48\/100\n|-boost|p2a: Quaquaval|spe|1\n|move|p1a: Ting-Lu|Spikes|p2a: Quaquaval\n|-sidestart|p2: Xy1n|Spikes\n|\n|-heal|p1a: Ting-Lu|55\/100|[from] item: Leftovers\n|upkeep\n|turn|8\n|\n|t:|1700319710\n|move|p2a: Quaquaval|Bulk Up|p2a: Quaquaval\n|-boost|p2a: Quaquaval|atk|1\n|-boost|p2a: Quaquaval|def|1\n|move|p1a: Ting-Lu|Whirlwind|p2a: Quaquaval\n|drag|p2a: Tyranitar|Tyranitar, M|65\/100 brn\n|-damage|p2a: Tyranitar|53\/100 brn|[from] Spikes\n|-weather|Sandstorm|[from] ability: Sand Stream|[of] p2a: Tyranitar\n|\n|-weather|Sandstorm|[upkeep]\n|-heal|p1a: Ting-Lu|61\/100|[from] item: Leftovers\n|-damage|p2a: Tyranitar|47\/100 brn|[from] brn\n|upkeep\n|turn|9\n|\n|t:|1700319735\n|move|p2a: Tyranitar|Fire Punch|p1a: Ting-Lu\n|-damage|p1a: Ting-Lu|56\/100\n|move|p1a: Ting-Lu|Earthquake|p2a: Tyranitar\n|-supereffective|p2a: Tyranitar\n|-damage|p2a: Tyranitar|0 fnt\n|faint|p2a: Tyranitar\n|\n|-weather|Sandstorm|[upkeep]\n|-heal|p1a: Ting-Lu|62\/100|[from] item: Leftovers\n|upkeep\n|\n|t:|1700319746\n|switch|p2a: Amoonguss|Amoonguss, F|100\/100\n|-damage|p2a: Amoonguss|88\/100|[from] Spikes\n|turn|10\n|\n|t:|1700319765\n|move|p1a: Ting-Lu|Ruination|p2a: Amoonguss\n|-damage|p2a: Amoonguss|44\/100\n|move|p2a: Amoonguss|Giga Drain|p1a: Ting-Lu\n|-supereffective|p1a: Ting-Lu\n|-damage|p1a: Ting-Lu|36\/100\n|-heal|p2a: Amoonguss|60\/100|[from] drain|[of] p1a: Ting-Lu\n|\n|-weather|Sandstorm|[upkeep]\n|-damage|p2a: Amoonguss|54\/100|[from] Sandstorm\n|-heal|p1a: Ting-Lu|42\/100|[from] item: Leftovers\n|-heal|p2a: Amoonguss|60\/100|[from] item: Black Sludge\n|upkeep\n|turn|11\n|\n|t:|1700319772\n|switch|p1a: Iron Treads|Iron Treads, shiny|100\/100\n|-damage|p1a: Iron Treads|97\/100|[from] Stealth Rock\n|move|p2a: Amoonguss|Toxic|p1a: Iron Treads\n|-immune|p1a: Iron Treads\n|\n|-weather|Sandstorm|[upkeep]\n|-damage|p2a: Amoonguss|54\/100|[from] Sandstorm\n|-heal|p2a: Amoonguss|60\/100|[from] item: Black Sludge\n|upkeep\n|turn|12\n|\n|t:|1700319777\n|move|p1a: Iron Treads|Rapid Spin|p2a: Amoonguss\n|-damage|p2a: Amoonguss|50\/100\n|-boost|p1a: Iron Treads|spe|1\n|-sideend|p1: grass knot zygarde|Stealth Rock|[from] move: Rapid Spin|[of] p1a: Iron Treads\n|move|p2a: Amoonguss|Synthesis|p2a: Amoonguss\n|-heal|p2a: Amoonguss|75\/100\n|\n|-weather|none\n|-heal|p2a: Amoonguss|81\/100|[from] item: Black Sludge\n|upkeep\n|turn|13\n|\n|t:|1700319788\n|switch|p2a: Gholdengo|Gholdengo|100\/100\n|-damage|p2a: Gholdengo|88\/100|[from] Spikes\n|move|p1a: Iron Treads|Volt Switch|p2a: Gholdengo\n|-damage|p2a: Gholdengo|77\/100\n|\n|t:|1700319792\n|-end|p1a: Iron Treads|Quark Drive|[silent]\n|switch|p1a: Meowscarada|Meowscarada, M, shiny|100\/100|[from] Volt Switch\n|\n|-heal|p2a: Gholdengo|84\/100|[from] item: Leftovers\n|upkeep\n|turn|14\n|\n|t:|1700319817\n|-terastallize|p2a: Gholdengo|Steel\n|move|p1a: Meowscarada|Knock Off|p2a: Gholdengo\n|-start|p1a: Meowscarada|typechange|Dark|[from] ability: Protean\n|-damage|p2a: Gholdengo|44\/100\n|-enditem|p2a: Gholdengo|Leftovers|[from] move: Knock Off|[of] p1a: Meowscarada\n|move|p2a: Gholdengo|Make It Rain|p1a: Meowscarada\n|-damage|p1a: Meowscarada|0 fnt\n|-unboost|p2a: Gholdengo|spa|1\n|faint|p1a: Meowscarada\n|\n|upkeep\n|\n|t:|1700319831\n|switch|p1a: Braviary|Braviary-Hisui, M, shiny|100\/100\n|turn|15\n|\n|t:|1700319835\n|move|p1a: Braviary|Heat Wave|p2a: Gholdengo\n|-supereffective|p2a: Gholdengo\n|-damage|p2a: Gholdengo|0 fnt\n|faint|p2a: Gholdengo\n|\n|upkeep\n|\n|t:|1700319843\n|switch|p2a: Iron Valiant|Iron Valiant|100\/100\n|-damage|p2a: Iron Valiant|88\/100|[from] Spikes\n|-enditem|p2a: Iron Valiant|Booster Energy\n|-activate|p2a: Iron Valiant|ability: Quark Drive|[fromitem]\n|-start|p2a: Iron Valiant|quarkdrivespe\n|turn|16\n|\n|t:|1700319851\n|move|p2a: Iron Valiant|Knock Off|p1a: Braviary\n|-supereffective|p1a: Braviary\n|-damage|p1a: Braviary|21\/100\n|-enditem|p1a: Braviary|Life Orb|[from] move: Knock Off|[of] p2a: Iron Valiant\n|move|p1a: Braviary|Psychic|p2a: Iron Valiant\n|-supereffective|p2a: Iron Valiant\n|-damage|p2a: Iron Valiant|0 fnt\n|faint|p2a: Iron Valiant\n|-end|p2a: Iron Valiant|Quark Drive|[silent]\n|\n|upkeep\n|\n|t:|1700319868\n|switch|p2a: Quaquaval|Quaquaval, F|100\/100\n|-damage|p2a: Quaquaval|88\/100|[from] Spikes\n|turn|17\n|\n|t:|1700319875\n|switch|p1a: Zamazenta|Zamazenta, shiny|100\/100\n|-ability|p1a: Zamazenta|Dauntless Shield|boost\n|-boost|p1a: Zamazenta|def|1\n|move|p2a: Quaquaval|Aqua Step|p1a: Zamazenta\n|-damage|p1a: Zamazenta|80\/100\n|-boost|p2a: Quaquaval|spe|1\n|\n|-heal|p1a: Zamazenta|86\/100|[from] item: Leftovers\n|upkeep\n|turn|18\n|\n|t:|1700319888\n|move|p1a: Zamazenta|Body Press|p2a: Quaquaval\n|-damage|p2a: Quaquaval|34\/100\n|move|p2a: Quaquaval|Bulk Up|p2a: Quaquaval\n|-boost|p2a: Quaquaval|atk|1\n|-boost|p2a: Quaquaval|def|1\n|\n|-heal|p1a: Zamazenta|92\/100|[from] item: Leftovers\n|upkeep\n|turn|19\n|\n|t:|1700319892\n|move|p1a: Zamazenta|Body Press|p2a: Quaquaval\n|-damage|p2a: Quaquaval|0 fnt\n|faint|p2a: Quaquaval\n|\n|-heal|p1a: Zamazenta|98\/100|[from] item: Leftovers\n|upkeep\n|\n|t:|1700319894\n|switch|p2a: Amoonguss|Amoonguss, F|100\/100\n|-damage|p2a: Amoonguss|88\/100|[from] Spikes\n|turn|20\n|\n|t:|1700319906\n|switch|p1a: Ting-Lu|Ting-Lu|42\/100\n|-ability|p1a: Ting-Lu|Vessel of Ruin\n|move|p2a: Amoonguss|Giga Drain|p1a: Ting-Lu\n|-supereffective|p1a: Ting-Lu\n|-crit|p1a: Ting-Lu\n|-damage|p1a: Ting-Lu|2\/100\n|-heal|p2a: Amoonguss|100\/100|[from] drain|[of] p1a: Ting-Lu\n|\n|-heal|p1a: Ting-Lu|8\/100|[from] item: Leftovers\n|upkeep\n|turn|21\n|\n|t:|1700319913\n|move|p1a: Ting-Lu|Ruination|p2a: Amoonguss\n|-damage|p2a: Amoonguss|50\/100\n|move|p2a: Amoonguss|Giga Drain|p1a: Ting-Lu\n|-supereffective|p1a: Ting-Lu\n|-damage|p1a: Ting-Lu|0 fnt\n|-heal|p2a: Amoonguss|55\/100|[from] drain|[of] p1a: Ting-Lu\n|faint|p1a: Ting-Lu\n|\n|-heal|p2a: Amoonguss|61\/100|[from] item: Black Sludge\n|upkeep\n|\n|t:|1700319918\n|switch|p1a: Braviary|Braviary-Hisui, M, shiny|21\/100\n|turn|22\n|\n|t:|1700319924\n|-terastallize|p1a: Braviary|Psychic\n|move|p1a: Braviary|Psychic|p2a: Amoonguss\n|-supereffective|p2a: Amoonguss\n|-damage|p2a: Amoonguss|0 fnt\n|faint|p2a: Amoonguss\n|\n|win|grass knot zygarde\n|c|\u2606Xy1n|gg\n|l|\u2606Xy1n\n","uploadtime":1700319940,"views":9,"p1id":"grassknotzygarde","p2id":"xy1n","formatid":"gen9ou","rating":0,"private":0,"password":""}