{"id":"gen9ou-1992511915","p1":"Kidzukaworld","p2":"Speectrum","format":"[Gen 9] OU","log":"|j|\u2606Kidzukaworld\n|j|\u2606Speectrum\n|t:|1700197384\n|gametype|singles\n|player|p1|Kidzukaworld|2|1518\n|player|p2|Speectrum|bellelba|1651\n|teamsize|p1|6\n|teamsize|p2|6\n|gen|9\n|tier|[Gen 9] OU\n|rated|\n|rule|Sleep Clause Mod: Limit one foe put to sleep\n|rule|Species Clause: Limit one of each Pok\u00e9mon\n|rule|OHKO Clause: OHKO moves are banned\n|rule|Evasion Items Clause: Evasion items are banned\n|rule|Evasion Moves Clause: Evasion moves are banned\n|rule|Endless Battle Clause: Forcing endless battles is banned\n|rule|HP Percentage Mod: HP is shown in percentages\n|clearpoke\n|poke|p1|Maushold-Four|\n|poke|p1|Armarouge, F|\n|poke|p1|Great Tusk|\n|poke|p1|Dragapult, F|\n|poke|p1|Ogerpon-Wellspring, F|\n|poke|p1|Gengar, M|\n|poke|p2|Tatsugiri-Droopy, M|\n|poke|p2|Alomomola, M|\n|poke|p2|Iron Valiant|\n|poke|p2|Landorus-Therian, M|\n|poke|p2|Dragapult, M|\n|poke|p2|Slowking-Galar, M|\n|teampreview\n|\n|t:|1700197396\n|start\n|switch|p1a: Gengar|Gengar, M|100\/100\n|switch|p2a: Dragapult|Dragapult, M|100\/100\n|turn|1\n|\n|t:|1700197401\n|move|p2a: Dragapult|U-turn|p1a: Gengar\n|-resisted|p1a: Gengar\n|-damage|p1a: Gengar|92\/100\n|\n|t:|1700197405\n|switch|p2a: Slowking|Slowking-Galar, M|100\/100|[from] U-turn\n|move|p1a: Gengar|Shadow Ball|p2a: Slowking\n|-supereffective|p2a: Slowking\n|-damage|p2a: Slowking|65\/100\n|\n|upkeep\n|turn|2\n|\n|t:|1700197408\n|move|p1a: Gengar|Nasty Plot|p1a: Gengar\n|-boost|p1a: Gengar|spa|2\n|move|p2a: Slowking|Psyshock|p1a: Gengar\n|-supereffective|p1a: Gengar\n|-damage|p1a: Gengar|0 fnt\n|faint|p1a: Gengar\n|\n|upkeep\n|\n|t:|1700197418\n|switch|p1a: Maushold|Maushold-Four|100\/100\n|turn|3\n|\n|t:|1700197421\n|switch|p2a: Dragapult|Dragapult, M|100\/100\n|move|p1a: Maushold|Tidy Up|p1a: Maushold\n|-boost|p1a: Maushold|atk|1\n|-boost|p1a: Maushold|spe|1\n|\n|upkeep\n|turn|4\n|\n|t:|1700197424\n|move|p1a: Maushold|Bite|p2a: Dragapult\n|-supereffective|p2a: Dragapult\n|-damage|p2a: Dragapult|11\/100\n|move|p2a: Dragapult|Thunder Wave|p1a: Maushold\n|-status|p1a: Maushold|par\n|\n|-heal|p2a: Dragapult|17\/100|[from] item: Leftovers\n|upkeep\n|turn|5\n|\n|t:|1700197430\n|switch|p2a: Alomomola|Alomomola, M|100\/100\n|move|p1a: Maushold|Population Bomb|p2a: Alomomola\n|-damage|p2a: Alomomola|91\/100\n|-damage|p2a: Alomomola|82\/100\n|-damage|p2a: Alomomola|73\/100\n|-damage|p2a: Alomomola|63\/100\n|-damage|p2a: Alomomola|53\/100\n|-damage|p2a: Alomomola|44\/100\n|-damage|p2a: Alomomola|35\/100\n|-damage|p2a: Alomomola|25\/100\n|-damage|p2a: Alomomola|15\/100\n|-damage|p2a: Alomomola|5\/100\n|-hitcount|p2a: Alomomola|10\n|-enditem|p2a: Alomomola|Red Card|[of] p1a: Maushold\n|drag|p1a: Ogerpon|Ogerpon-Wellspring, F|100\/100\n|\n|upkeep\n|turn|6\n|\n|t:|1700197438\n|switch|p2a: Dragapult|Dragapult, M|17\/100\n|move|p1a: Ogerpon|Swords Dance|p1a: Ogerpon\n|-boost|p1a: Ogerpon|atk|2\n|\n|-heal|p2a: Dragapult|23\/100|[from] item: Leftovers\n|upkeep\n|turn|7\n|\n|t:|1700197444\n|switch|p1a: Maushold|Maushold-Four|100\/100 par\n|move|p2a: Dragapult|Thunder Wave|p1a: Maushold|[miss]\n|-miss|p2a: Dragapult|p1a: Maushold\n|\n|-heal|p2a: Dragapult|29\/100|[from] item: Leftovers\n|upkeep\n|turn|8\n|\n|t:|1700197446\n|move|p2a: Dragapult|U-turn|p1a: Maushold\n|-damage|p1a: Maushold|74\/100 par\n|\n|t:|1700197449\n|switch|p2a: Landorus|Landorus-Therian, M|100\/100|[from] U-turn\n|-ability|p2a: Landorus|Intimidate|boost\n|-unboost|p1a: Maushold|atk|1\n|cant|p1a: Maushold|par\n|\n|upkeep\n|turn|9\n|\n|t:|1700197452\n|move|p2a: Landorus|Earthquake|p1a: Maushold\n|-damage|p1a: Maushold|0 fnt\n|faint|p1a: Maushold\n|\n|upkeep\n|\n|t:|1700197457\n|switch|p1a: Ogerpon|Ogerpon-Wellspring, F|100\/100\n|turn|10\n|\n|t:|1700197459\n|move|p1a: Ogerpon|Ivy Cudgel|p2a: Landorus|[anim] Ivy Cudgel Water\n|-supereffective|p2a: Landorus\n|-damage|p2a: Landorus|0 fnt\n|faint|p2a: Landorus\n|\n|upkeep\n|\n|t:|1700197462\n|switch|p2a: Dragapult|Dragapult, M|29\/100\n|turn|11\n|\n|t:|1700197467\n|switch|p1a: Great Tusk|Great Tusk|100\/100\n|-enditem|p1a: Great Tusk|Booster Energy\n|-activate|p1a: Great Tusk|ability: Protosynthesis|[fromitem]\n|-start|p1a: Great Tusk|protosynthesisatk\n|move|p2a: Dragapult|Thunder Wave|p1a: Great Tusk\n|-immune|p1a: Great Tusk\n|\n|-heal|p2a: Dragapult|36\/100|[from] item: Leftovers\n|upkeep\n|turn|12\n|\n|t:|1700197475\n|move|p2a: Dragapult|Draco Meteor|p1a: Great Tusk\n|-damage|p1a: Great Tusk|28\/100\n|-unboost|p2a: Dragapult|spa|2\n|move|p1a: Great Tusk|Bulk Up|p1a: Great Tusk\n|-boost|p1a: Great Tusk|atk|1\n|-boost|p1a: Great Tusk|def|1\n|\n|-heal|p2a: Dragapult|42\/100|[from] item: Leftovers\n|upkeep\n|turn|13\n|\n|t:|1700197480\n|move|p2a: Dragapult|Draco Meteor|p1a: Great Tusk\n|-damage|p1a: Great Tusk|0 fnt\n|-unboost|p2a: Dragapult|spa|2\n|faint|p1a: Great Tusk\n|-end|p1a: Great Tusk|Protosynthesis|[silent]\n|\n|-heal|p2a: Dragapult|48\/100|[from] item: Leftovers\n|upkeep\n|\n|t:|1700197483\n|switch|p1a: Dragapult|Dragapult, F|100\/100\n|turn|14\n|\n|t:|1700197488\n|switch|p2a: Alomomola|Alomomola, M|39\/100\n|move|p1a: Dragapult|Dragon Dance|p1a: Dragapult\n|-boost|p1a: Dragapult|atk|1\n|-boost|p1a: Dragapult|spe|1\n|\n|upkeep\n|turn|15\n|\n|t:|1700197495\n|move|p1a: Dragapult|Phantom Force||[still]\n|-prepare|p1a: Dragapult|Phantom Force\n|move|p2a: Alomomola|Scald|p1a: Dragapult|[miss]\n|-miss|p2a: Alomomola|p1a: Dragapult\n|\n|upkeep\n|turn|16\n|\n|t:|1700197512\n|move|p1a: Dragapult|Phantom Force|p2a: Alomomola|[from]lockedmove\n|-damage|p2a: Alomomola|0 fnt\n|faint|p2a: Alomomola\n|-damage|p1a: Dragapult|91\/100|[from] item: Life Orb\n|\n|upkeep\n|\n|t:|1700197517\n|switch|p2a: Tatsugiri|Tatsugiri-Droopy, M|100\/100\n|turn|17\n|\n|t:|1700197522\n|-terastallize|p2a: Tatsugiri|Fairy\n|move|p1a: Dragapult|Dragon Darts|p2a: Tatsugiri\n|-immune|p2a: Tatsugiri\n|move|p2a: Tatsugiri|Draco Meteor|p1a: Dragapult\n|-supereffective|p1a: Dragapult\n|-damage|p1a: Dragapult|0 fnt\n|-unboost|p2a: Tatsugiri|spa|2\n|faint|p1a: Dragapult\n|\n|upkeep\n|\n|t:|1700197527\n|switch|p1a: Ogerpon|Ogerpon-Wellspring, F|100\/100\n|turn|18\n|\n|t:|1700197532\n|switch|p2a: Iron Valiant|Iron Valiant|100\/100\n|-enditem|p2a: Iron Valiant|Booster Energy\n|-activate|p2a: Iron Valiant|ability: Quark Drive|[fromitem]\n|-start|p2a: Iron Valiant|quarkdrivespe\n|move|p1a: Ogerpon|Power Whip|p2a: Iron Valiant\n|-damage|p2a: Iron Valiant|14\/100\n|\n|upkeep\n|turn|19\n|\n|t:|1700197535\n|move|p2a: Iron Valiant|Close Combat|p1a: Ogerpon\n|-damage|p1a: Ogerpon|11\/100\n|-unboost|p2a: Iron Valiant|def|1\n|-unboost|p2a: Iron Valiant|spd|1\n|move|p1a: Ogerpon|Power Whip|p2a: Iron Valiant\n|-damage|p2a: Iron Valiant|0 fnt\n|faint|p2a: Iron Valiant\n|-end|p2a: Iron Valiant|Quark Drive|[silent]\n|\n|upkeep\n|\n|t:|1700197538\n|switch|p2a: Dragapult|Dragapult, M|48\/100\n|turn|20\n|\n|t:|1700197542\n|move|p2a: Dragapult|Hex|p1a: Ogerpon\n|-damage|p1a: Ogerpon|0 fnt\n|faint|p1a: Ogerpon\n|\n|-heal|p2a: Dragapult|54\/100|[from] item: Leftovers\n|upkeep\n|\n|t:|1700197544\n|switch|p1a: Armarouge|Armarouge, F|100\/100\n|turn|21\n|\n|t:|1700197545\n|move|p2a: Dragapult|Hex|p1a: Armarouge\n|-supereffective|p1a: Armarouge\n|-damage|p1a: Armarouge|29\/100\n|-enditem|p1a: Armarouge|Weakness Policy\n|-boost|p1a: Armarouge|atk|2|[from] item: Weakness Policy\n|-boost|p1a: Armarouge|spa|2|[from] item: Weakness Policy\n|move|p1a: Armarouge|Stored Power|p2a: Dragapult\n|-damage|p2a: Dragapult|0 fnt\n|faint|p2a: Dragapult\n|\n|upkeep\n|\n|t:|1700197548\n|switch|p2a: Tatsugiri|Tatsugiri-Droopy, M, tera:Fairy|100\/100\n|turn|22\n|\n|t:|1700197551\n|move|p2a: Tatsugiri|Surf|p1a: Armarouge\n|-supereffective|p1a: Armarouge\n|-damage|p1a: Armarouge|0 fnt\n|faint|p1a: Armarouge\n|\n|win|Speectrum\n|raw|Kidzukaworld's rating: 1518 &rarr; <strong>1505<\/strong><br \/>(-13 for losing)\n|raw|Speectrum's rating: 1651 &rarr; <strong>1664<\/strong><br \/>(+13 for winning)\n|l|\u2606Kidzukaworld\n","uploadtime":1700197570,"views":10,"p1id":"kidzukaworld","p2id":"speectrum","formatid":"gen9ou","rating":1505,"private":0,"password":""}