{"id":"gen9ou-1992745952","p1":"m_in_p_","p2":"smellyrat","format":"[Gen 9] OU","log":"|j|\u203dm_in_p_\n|j|\u2606smellyrat\n|t:|1700231597\n|gametype|singles\n|player|p1|m_in_p_|101|1116\n|player|p2|smellyrat|sabrina|1050\n|teamsize|p1|6\n|teamsize|p2|6\n|gen|9\n|tier|[Gen 9] OU\n|rated|\n|rule|Sleep Clause Mod: Limit one foe put to sleep\n|rule|Species Clause: Limit one of each Pok\u00e9mon\n|rule|OHKO Clause: OHKO moves are banned\n|rule|Evasion Items Clause: Evasion items are banned\n|rule|Evasion Moves Clause: Evasion moves are banned\n|rule|Endless Battle Clause: Forcing endless battles is banned\n|rule|HP Percentage Mod: HP is shown in percentages\n|clearpoke\n|poke|p1|Toxapex, M|\n|poke|p1|Dragapult, M|\n|poke|p1|Meowscarada, M|\n|poke|p1|Cinderace, F|\n|poke|p1|Gholdengo|\n|poke|p1|Hatterene, F|\n|poke|p2|Sinistcha|\n|poke|p2|Cinderace, F|\n|poke|p2|Garganacl, M|\n|poke|p2|Dondozo, M|\n|poke|p2|Sandy Shocks|\n|poke|p2|Meloetta|\n|teampreview\n|\n|t:|1700231619\n|start\n|switch|p1a: Hatterene|Hatterene, F|100\/100\n|switch|p2a: macha|Sinistcha|100\/100\n|turn|1\n|\n|t:|1700231626\n|move|p2a: macha|Shadow Ball|p1a: Hatterene\n|-supereffective|p1a: Hatterene\n|-damage|p1a: Hatterene|6\/100\n|move|p1a: Hatterene|Calm Mind|p1a: Hatterene\n|-boost|p1a: Hatterene|spa|1\n|-boost|p1a: Hatterene|spd|1\n|\n|-heal|p1a: Hatterene|12\/100|[from] item: Leftovers\n|upkeep\n|turn|2\n|\n|t:|1700231636\n|move|p2a: macha|Shadow Ball|p1a: Hatterene\n|-supereffective|p1a: Hatterene\n|-damage|p1a: Hatterene|0 fnt\n|faint|p1a: Hatterene\n|\n|upkeep\n|\n|t:|1700231641\n|switch|p1a: Cinderace|Cinderace, F|100\/100\n|turn|3\n|\n|t:|1700231644\n|switch|p2a: fat|Dondozo, M|100\/100\n|move|p1a: Cinderace|Pyro Ball|p2a: fat\n|-resisted|p2a: fat\n|-damage|p2a: fat|86\/100\n|\n|-heal|p2a: fat|93\/100|[from] item: Leftovers\n|upkeep\n|turn|4\n|\n|t:|1700231652\n|switch|p1a: Meowscarada|Meowscarada, M|100\/100\n|move|p2a: fat|Order Up|p1a: Meowscarada\n|-damage|p1a: Meowscarada|61\/100\n|\n|-heal|p2a: fat|99\/100|[from] item: Leftovers\n|upkeep\n|turn|5\n|\n|t:|1700231660\n|switch|p2a: race|Cinderace, F|100\/100\n|move|p1a: Meowscarada|Leaf Storm|p2a: race\n|-resisted|p2a: race\n|-damage|p2a: race|68\/100\n|-unboost|p1a: Meowscarada|spa|2\n|\n|upkeep\n|turn|6\n|\n|t:|1700231670\n|switch|p1a: Toxapex|Toxapex, M|100\/100\n|move|p2a: race|Pyro Ball|p1a: Toxapex|[miss]\n|-miss|p2a: race|p1a: Toxapex\n|\n|upkeep\n|turn|7\n|\n|t:|1700231678\n|switch|p2a: harry styles|Sandy Shocks|100\/100\n|-enditem|p2a: harry styles|Booster Energy\n|-activate|p2a: harry styles|ability: Protosynthesis|[fromitem]\n|-start|p2a: harry styles|protosynthesisspa\n|move|p1a: Toxapex|Toxic|p2a: harry styles\n|-status|p2a: harry styles|tox\n|\n|-damage|p2a: harry styles|94\/100 tox|[from] psn\n|upkeep\n|turn|8\n|\n|t:|1700231691\n|switch|p1a: Gholdengo|Gholdengo|100\/100\n|-item|p1a: Gholdengo|Air Balloon\n|move|p2a: harry styles|Discharge|p1a: Gholdengo\n|-crit|p1a: Gholdengo\n|-damage|p1a: Gholdengo|17\/100\n|-enditem|p1a: Gholdengo|Air Balloon\n|\n|-damage|p2a: harry styles|82\/100 tox|[from] psn\n|upkeep\n|turn|9\n|\n|t:|1700231708\n|move|p2a: harry styles|Earth Power|p1a: Gholdengo\n|-supereffective|p1a: Gholdengo\n|-damage|p1a: Gholdengo|0 fnt\n|faint|p1a: Gholdengo\n|\n|-damage|p2a: harry styles|64\/100 tox|[from] psn\n|upkeep\n|\n|t:|1700231725\n|switch|p1a: Meowscarada|Meowscarada, M|61\/100\n|turn|10\n|\n|t:|1700231755\n|switch|p1a: Dragapult|Dragapult, M, shiny|100\/100\n|move|p2a: harry styles|Thunder Wave|p1a: Dragapult\n|-status|p1a: Dragapult|par\n|\n|-damage|p2a: harry styles|39\/100 tox|[from] psn\n|upkeep\n|turn|11\n|\n|t:|1700231766\n|move|p2a: harry styles|Earth Power|p1a: Dragapult\n|-damage|p1a: Dragapult|16\/100 par\n|move|p1a: Dragapult|Dragon Darts|p2a: harry styles\n|-damage|p2a: harry styles|0 fnt\n|faint|p2a: harry styles\n|-end|p2a: harry styles|Protosynthesis|[silent]\n|\n|upkeep\n|\n|t:|1700231778\n|switch|p2a: taylor swift|Meloetta|100\/100\n|turn|12\n|\n|t:|1700231790\n|move|p2a: taylor swift|Play Rough|p1a: Dragapult\n|-supereffective|p1a: Dragapult\n|-damage|p1a: Dragapult|0 fnt\n|faint|p1a: Dragapult\n|\n|upkeep\n|\n|t:|1700231796\n|switch|p1a: Toxapex|Toxapex, M|100\/100\n|turn|13\n|\n|t:|1700231800\n|move|p2a: taylor swift|Psychic|p1a: Toxapex\n|-supereffective|p1a: Toxapex\n|-damage|p1a: Toxapex|14\/100\n|-unboost|p1a: Toxapex|spd|1\n|move|p1a: Toxapex|Toxic|p2a: taylor swift\n|-status|p2a: taylor swift|tox\n|\n|-heal|p1a: Toxapex|20\/100|[from] item: Black Sludge\n|-damage|p2a: taylor swift|94\/100 tox|[from] psn\n|upkeep\n|turn|14\n|\n|t:|1700231817\n|switch|p1a: Cinderace|Cinderace, F|100\/100\n|move|p2a: taylor swift|Thunderbolt|p1a: Cinderace\n|-damage|p1a: Cinderace|59\/100\n|\n|-heal|p2a: taylor swift|100\/100 tox|[from] item: Leftovers\n|-damage|p2a: taylor swift|88\/100 tox|[from] psn\n|upkeep\n|turn|15\n|\n|t:|1700231826\n|move|p1a: Cinderace|Pyro Ball|p2a: taylor swift\n|-damage|p2a: taylor swift|29\/100 tox\n|move|p2a: taylor swift|Calm Mind|p2a: taylor swift\n|-boost|p2a: taylor swift|spa|1\n|-boost|p2a: taylor swift|spd|1\n|\n|-heal|p2a: taylor swift|35\/100 tox|[from] item: Leftovers\n|-damage|p2a: taylor swift|16\/100 tox|[from] psn\n|upkeep\n|turn|16\n|\n|t:|1700231846\n|move|p1a: Cinderace|U-turn|p2a: taylor swift\n|-supereffective|p2a: taylor swift\n|-damage|p2a: taylor swift|0 fnt\n|faint|p2a: taylor swift\n|\n|t:|1700231863\n|switch|p1a: Toxapex|Toxapex, M|53\/100|[from] U-turn\n|\n|-heal|p1a: Toxapex|59\/100|[from] item: Black Sludge\n|upkeep\n|\n|t:|1700231886\n|switch|p2a: fat|Dondozo, M|99\/100\n|turn|17\n|\n|t:|1700231891\n|switch|p1a: Meowscarada|Meowscarada, M|61\/100\n|move|p2a: fat|Soak|p1a: Meowscarada\n|-start|p1a: Meowscarada|typechange|Water\n|\n|-heal|p2a: fat|100\/100|[from] item: Leftovers\n|upkeep\n|turn|18\n|\n|t:|1700231903\n|move|p1a: Meowscarada|Leaf Storm|p2a: fat\n|-supereffective|p2a: fat\n|-damage|p2a: fat|41\/100\n|-unboost|p1a: Meowscarada|spa|2\n|move|p2a: fat|Order Up|p1a: Meowscarada\n|-damage|p1a: Meowscarada|22\/100\n|\n|-heal|p2a: fat|47\/100|[from] item: Leftovers\n|upkeep\n|turn|19\n|\n|t:|1700231914\n|move|p1a: Meowscarada|Leaf Storm|p2a: fat\n|-supereffective|p2a: fat\n|-damage|p2a: fat|0 fnt\n|-unboost|p1a: Meowscarada|spa|2\n|faint|p2a: fat\n|\n|upkeep\n|\n|t:|1700231920\n|switch|p2a: macha|Sinistcha|100\/100\n|turn|20\n|\n|t:|1700231924\n|switch|p1a: Cinderace|Cinderace, F|59\/100\n|move|p2a: macha|Matcha Gotcha|p1a: Cinderace\n|-resisted|p1a: Cinderace\n|-damage|p1a: Cinderace|33\/100\n|\n|upkeep\n|turn|21\n|\n|t:|1700231935\n|move|p1a: Cinderace|U-turn|p2a: macha\n|-damage|p2a: macha|83\/100\n|\n|t:|1700231938\n|switch|p1a: Toxapex|Toxapex, M|93\/100|[from] U-turn\n|move|p2a: macha|Foul Play|p1a: Toxapex\n|-damage|p1a: Toxapex|86\/100\n|\n|-heal|p2a: macha|89\/100|[from] item: Leftovers\n|-heal|p1a: Toxapex|93\/100|[from] item: Black Sludge\n|upkeep\n|turn|22\n|\n|t:|1700231947\n|move|p2a: macha|Matcha Gotcha|p1a: Toxapex\n|-damage|p1a: Toxapex|57\/100\n|-heal|p2a: macha|100\/100|[from] drain|[of] p1a: Toxapex\n|move|p1a: Toxapex|Toxic|p2a: macha\n|-status|p2a: macha|tox\n|\n|-heal|p1a: Toxapex|63\/100|[from] item: Black Sludge\n|-damage|p2a: macha|94\/100 tox|[from] psn\n|upkeep\n|turn|23\n|\n|t:|1700231957\n|move|p2a: macha|Matcha Gotcha|p1a: Toxapex\n|-damage|p1a: Toxapex|29\/100\n|-heal|p2a: macha|100\/100 tox|[from] drain|[of] p1a: Toxapex\n|move|p1a: Toxapex|Recover|p1a: Toxapex\n|-heal|p1a: Toxapex|79\/100\n|\n|-heal|p1a: Toxapex|86\/100|[from] item: Black Sludge\n|-damage|p2a: macha|88\/100 tox|[from] psn\n|upkeep\n|turn|24\n|\n|t:|1700231968\n|move|p2a: macha|Matcha Gotcha|p1a: Toxapex\n|-damage|p1a: Toxapex|50\/100\n|-heal|p2a: macha|100\/100 tox|[from] drain|[of] p1a: Toxapex\n|move|p1a: Toxapex|Recover|p1a: Toxapex\n|-heal|p1a: Toxapex|99\/100\n|\n|-heal|p1a: Toxapex|100\/100|[from] item: Black Sludge\n|-damage|p2a: macha|82\/100 tox|[from] psn\n|upkeep\n|turn|25\n|\n|t:|1700231979\n|move|p2a: macha|Energy Ball|p1a: Toxapex\n|-damage|p1a: Toxapex|60\/100\n|move|p1a: Toxapex|Recover|p1a: Toxapex\n|-heal|p1a: Toxapex|100\/100\n|\n|-heal|p2a: macha|88\/100 tox|[from] item: Leftovers\n|-damage|p2a: macha|64\/100 tox|[from] psn\n|upkeep\n|turn|26\n|\n|t:|1700231988\n|-terastallize|p2a: macha|Grass\n|move|p2a: macha|Matcha Gotcha|p1a: Toxapex\n|-damage|p1a: Toxapex|56\/100\n|-heal|p2a: macha|84\/100 tox|[from] drain|[of] p1a: Toxapex\n|-status|p1a: Toxapex|brn\n|move|p1a: Toxapex|Recover|p1a: Toxapex\n|-heal|p1a: Toxapex|100\/100 brn\n|\n|-heal|p2a: macha|90\/100 tox|[from] item: Leftovers\n|-damage|p2a: macha|59\/100 tox|[from] psn\n|-damage|p1a: Toxapex|94\/100 brn|[from] brn\n|upkeep\n|turn|27\n|\n|t:|1700232014\n|move|p2a: macha|Matcha Gotcha|p1a: Toxapex\n|-damage|p1a: Toxapex|45\/100 brn\n|-heal|p2a: macha|81\/100 tox|[from] drain|[of] p1a: Toxapex\n|move|p1a: Toxapex|Haze|p1a: Toxapex\n|-clearallboost\n|\n|-heal|p2a: macha|87\/100 tox|[from] item: Leftovers\n|-heal|p1a: Toxapex|51\/100 brn|[from] item: Black Sludge\n|-damage|p2a: macha|51\/100 tox|[from] psn\n|-damage|p1a: Toxapex|45\/100 brn|[from] brn\n|upkeep\n|turn|28\n|\n|t:|1700232040\n|switch|p1a: Cinderace|Cinderace, F|33\/100\n|move|p2a: macha|Matcha Gotcha|p1a: Cinderace\n|-resisted|p1a: Cinderace\n|-damage|p1a: Cinderace|0 fnt\n|-heal|p2a: macha|68\/100 tox|[from] drain|[of] p1a: Cinderace\n|faint|p1a: Cinderace\n|\n|-heal|p2a: macha|74\/100 tox|[from] item: Leftovers\n|-damage|p2a: macha|31\/100 tox|[from] psn\n|upkeep\n|\n|t:|1700232054\n|switch|p1a: Toxapex|Toxapex, M|78\/100 brn\n|turn|29\n|\n|t:|1700232068\n|move|p2a: macha|Matcha Gotcha|p1a: Toxapex\n|-damage|p1a: Toxapex|34\/100 brn\n|-heal|p2a: macha|50\/100 tox|[from] drain|[of] p1a: Toxapex\n|move|p1a: Toxapex|Recover|p1a: Toxapex\n|-heal|p1a: Toxapex|84\/100 brn\n|\n|-heal|p2a: macha|57\/100 tox|[from] item: Leftovers\n|-heal|p1a: Toxapex|90\/100 brn|[from] item: Black Sludge\n|-damage|p2a: macha|8\/100 tox|[from] psn\n|-damage|p1a: Toxapex|84\/100 brn|[from] brn\n|upkeep\n|turn|30\n|n|!smellyrat|smellyrat\n|inactive|Battle timer is ON: inactive players will automatically lose when time's up. (requested by smellyrat)\n|\n|t:|1700232134\n|move|p2a: macha|Matcha Gotcha|p1a: Toxapex\n|-damage|p1a: Toxapex|39\/100 brn\n|-heal|p2a: macha|28\/100 tox|[from] drain|[of] p1a: Toxapex\n|move|p1a: Toxapex|Surf|p2a: macha\n|-resisted|p2a: macha\n|-damage|p2a: macha|17\/100 tox\n|\n|-heal|p2a: macha|23\/100 tox|[from] item: Leftovers\n|-heal|p1a: Toxapex|45\/100 brn|[from] item: Black Sludge\n|-damage|p2a: macha|0 fnt|[from] psn\n|faint|p2a: macha\n|-damage|p1a: Toxapex|39\/100 brn|[from] brn\n|upkeep\n|\n|t:|1700232149\n|switch|p2a: race|Cinderace, F|68\/100\n|turn|31\n|\n|t:|1700232157\n|move|p2a: race|Rest|p2a: race\n|-start|p2a: race|typechange|Psychic|[from] ability: Libero\n|-status|p2a: race|slp|[from] move: Rest\n|-heal|p2a: race|100\/100 slp|[silent]\n|move|p1a: Toxapex|Toxic||[still]\n|-fail|p1a: Toxapex\n|\n|-heal|p1a: Toxapex|45\/100 brn|[from] item: Black Sludge\n|-damage|p1a: Toxapex|39\/100 brn|[from] brn\n|upkeep\n|turn|32\n|\n|t:|1700232168\n|cant|p2a: race|slp\n|move|p2a: race|Sleep Talk|p2a: race\n|move|p2a: race|Pyro Ball|p1a: Toxapex|[from]move: Sleep Talk\n|-resisted|p1a: Toxapex\n|-damage|p1a: Toxapex|25\/100 brn\n|move|p1a: Toxapex|Surf|p2a: race\n|-damage|p2a: race|74\/100 slp\n|\n|-heal|p1a: Toxapex|31\/100 brn|[from] item: Black Sludge\n|-damage|p1a: Toxapex|25\/100 brn|[from] brn\n|upkeep\n|turn|33\n|\n|t:|1700232181\n|cant|p2a: race|slp\n|move|p1a: Toxapex|Recover|p1a: Toxapex\n|-heal|p1a: Toxapex|75\/100 brn\n|\n|-heal|p1a: Toxapex|81\/100 brn|[from] item: Black Sludge\n|-damage|p1a: Toxapex|75\/100 brn|[from] brn\n|upkeep\n|turn|34\n|\n|t:|1700232188\n|-curestatus|p2a: race|slp|[msg]\n|move|p2a: race|Sleep Talk||[still]\n|-fail|p2a: race\n|move|p1a: Toxapex|Toxic|p2a: race\n|-status|p2a: race|tox\n|\n|-heal|p1a: Toxapex|81\/100 brn|[from] item: Black Sludge\n|-damage|p2a: race|68\/100 tox|[from] psn\n|-damage|p1a: Toxapex|75\/100 brn|[from] brn\n|upkeep\n|turn|35\n|\n|t:|1700232200\n|move|p2a: race|Rest|p2a: race\n|-status|p2a: race|slp|[from] move: Rest\n|-heal|p2a: race|100\/100 slp|[silent]\n|move|p1a: Toxapex|Surf|p2a: race\n|-damage|p2a: race|72\/100 slp\n|\n|-heal|p1a: Toxapex|81\/100 brn|[from] item: Black Sludge\n|-damage|p1a: Toxapex|75\/100 brn|[from] brn\n|upkeep\n|turn|36\n|\n|t:|1700232219\n|cant|p2a: race|slp\n|move|p2a: race|Sleep Talk|p2a: race\n|move|p2a: race|Fire Punch|p1a: Toxapex|[from]move: Sleep Talk\n|-resisted|p1a: Toxapex\n|-damage|p1a: Toxapex|67\/100 brn\n|move|p1a: Toxapex|Surf|p2a: race\n|-damage|p2a: race|43\/100 slp\n|\n|-heal|p1a: Toxapex|73\/100 brn|[from] item: Black Sludge\n|-damage|p1a: Toxapex|67\/100 brn|[from] brn\n|upkeep\n|turn|37\n|j| hahlol bot\n|\n|t:|1700232230\n|cant|p2a: race|slp\n|move|p2a: race|Sleep Talk|p2a: race\n|move|p2a: race|Fire Punch|p1a: Toxapex|[from]move: Sleep Talk\n|-resisted|p1a: Toxapex\n|-damage|p1a: Toxapex|58\/100 brn\n|move|p1a: Toxapex|Surf|p2a: race\n|-damage|p2a: race|16\/100 slp\n|\n|-heal|p1a: Toxapex|64\/100 brn|[from] item: Black Sludge\n|-damage|p1a: Toxapex|58\/100 brn|[from] brn\n|upkeep\n|turn|38\n|\n|t:|1700232241\n|switch|p2a: salt lamp|Garganacl, M|100\/100\n|move|p1a: Toxapex|Surf|p2a: salt lamp\n|-supereffective|p2a: salt lamp\n|-damage|p2a: salt lamp|60\/100\n|\n|-heal|p2a: salt lamp|66\/100|[from] item: Leftovers\n|-heal|p1a: Toxapex|64\/100 brn|[from] item: Black Sludge\n|-damage|p1a: Toxapex|58\/100 brn|[from] brn\n|upkeep\n|turn|39\n|\n|t:|1700232252\n|move|p2a: salt lamp|Salt Cure|p1a: Toxapex\n|-damage|p1a: Toxapex|46\/100 brn\n|-start|p1a: Toxapex|Salt Cure\n|move|p1a: Toxapex|Surf|p2a: salt lamp\n|-supereffective|p2a: salt lamp\n|-damage|p2a: salt lamp|25\/100\n|\n|-heal|p2a: salt lamp|31\/100|[from] item: Leftovers\n|-heal|p1a: Toxapex|52\/100 brn|[from] item: Black Sludge\n|-damage|p1a: Toxapex|46\/100 brn|[from] brn\n|-damage|p1a: Toxapex|21\/100 brn|[from] Salt Cure\n|upkeep\n|turn|40\n|\n|t:|1700232268\n|move|p2a: salt lamp|Rock Polish|p2a: salt lamp\n|-boost|p2a: salt lamp|spe|2\n|move|p1a: Toxapex|Surf|p2a: salt lamp\n|-supereffective|p2a: salt lamp\n|-damage|p2a: salt lamp|0 fnt\n|faint|p2a: salt lamp\n|\n|-heal|p1a: Toxapex|27\/100 brn|[from] item: Black Sludge\n|-damage|p1a: Toxapex|21\/100 brn|[from] brn\n|-damage|p1a: Toxapex|0 fnt|[from] Salt Cure\n|faint|p1a: Toxapex\n|upkeep\n|\n|t:|1700232279\n|switch|p2a: race|Cinderace, F|16\/100 slp\n|switch|p1a: Meowscarada|Meowscarada, M|22\/100\n|turn|41\n|\n|t:|1700232289\n|move|p1a: Meowscarada|Knock Off|p2a: race\n|-damage|p2a: race|0 fnt\n|-enditem|p2a: race|Flame Plate|[from] move: Knock Off|[of] p1a: Meowscarada\n|faint|p2a: race\n|\n|win|m_in_p_\n|raw|m_in_p_'s rating: 1116 &rarr; <strong>1136<\/strong><br \/>(+20 for winning)\n|raw|smellyrat's rating: 1050 &rarr; <strong>1036<\/strong><br \/>(-14 for losing)\n","uploadtime":1700232085,"views":9,"p1id":"minp","p2id":"smellyrat","formatid":"gen9ou","rating":1036,"private":0,"password":""}