{"id":"gen9ou-1988939736","p1":"SushiGengu","p2":"pecurto23","format":"[Gen 9] OU","log":"|j|\u2606SushiGengu\n|j|\u2606pecurto23\n|t:|1699791492\n|gametype|singles\n|player|p1|SushiGengu|whitney|1537\n|player|p2|pecurto23|rosa|1700\n|teamsize|p1|6\n|teamsize|p2|6\n|gen|9\n|tier|[Gen 9] OU\n|rated|\n|rule|Sleep Clause Mod: Limit one foe put to sleep\n|rule|Species Clause: Limit one of each Pok\u00e9mon\n|rule|OHKO Clause: OHKO moves are banned\n|rule|Evasion Items Clause: Evasion items are banned\n|rule|Evasion Moves Clause: Evasion moves are banned\n|rule|Endless Battle Clause: Forcing endless battles is banned\n|rule|HP Percentage Mod: HP is shown in percentages\n|clearpoke\n|poke|p1|Maushold|\n|poke|p1|Rillaboom, M|\n|poke|p1|Sneasler, M|\n|poke|p1|Kingambit, F|\n|poke|p1|Dragonite, M|\n|poke|p1|Garchomp, M|\n|poke|p2|Rillaboom, M|\n|poke|p2|Sneasler, F|\n|poke|p2|Zamazenta-*|\n|poke|p2|Manaphy|\n|poke|p2|Heatran, F|\n|poke|p2|Hatterene, F|\n|teampreview\n|inactive|Battle timer is ON: inactive players will automatically lose when time's up. (requested by SushiGengu)\n|\n|t:|1699791522\n|start\n|switch|p1a: Maushold|Maushold|100\/100\n|switch|p2a: Heatran|Heatran, F|100\/100\n|-item|p2a: Heatran|Air Balloon\n|turn|1\n|\n|t:|1699791540\n|move|p1a: Maushold|Tidy Up|p1a: Maushold\n|-boost|p1a: Maushold|atk|1\n|-boost|p1a: Maushold|spe|1\n|move|p2a: Heatran|Will-O-Wisp|p1a: Maushold\n|-status|p1a: Maushold|brn\n|\n|-damage|p1a: Maushold|94\/100 brn|[from] brn\n|upkeep\n|turn|2\n|\n|t:|1699791553\n|switch|p2a: Rillaboom|Rillaboom, M|100\/100\n|-fieldstart|move: Grassy Terrain|[from] ability: Grassy Surge|[of] p2a: Rillaboom\n|move|p1a: Maushold|Encore||[still]\n|-fail|p1a: Maushold\n|\n|-heal|p1a: Maushold|100\/100 brn|[from] Grassy Terrain\n|-damage|p1a: Maushold|94\/100 brn|[from] brn\n|upkeep\n|turn|3\n|\n|t:|1699791565\n|move|p1a: Maushold|Population Bomb|p2a: Rillaboom\n|-damage|p2a: Rillaboom|92\/100\n|-damage|p2a: Rillaboom|84\/100\n|-damage|p2a: Rillaboom|76\/100\n|-damage|p2a: Rillaboom|68\/100\n|-damage|p2a: Rillaboom|59\/100\n|-crit|p2a: Rillaboom\n|-damage|p2a: Rillaboom|46\/100\n|-damage|p2a: Rillaboom|38\/100\n|-damage|p2a: Rillaboom|30\/100\n|-damage|p2a: Rillaboom|22\/100\n|-damage|p2a: Rillaboom|14\/100\n|-hitcount|p2a: Rillaboom|10\n|move|p2a: Rillaboom|U-turn|p1a: Maushold\n|-damage|p1a: Maushold|33\/100 brn\n|\n|t:|1699791573\n|switch|p2a: Hatterene|Hatterene, F, shiny|100\/100|[from] U-turn\n|-enditem|p2a: Hatterene|Grassy Seed\n|-boost|p2a: Hatterene|def|1|[from] item: Grassy Seed\n|\n|-heal|p1a: Maushold|39\/100 brn|[from] Grassy Terrain\n|-damage|p1a: Maushold|33\/100 brn|[from] brn\n|upkeep\n|turn|4\n|\n|t:|1699791586\n|move|p1a: Maushold|Population Bomb|p2a: Hatterene\n|-damage|p2a: Hatterene|96\/100\n|-damage|p2a: Hatterene|91\/100\n|-damage|p2a: Hatterene|86\/100\n|-damage|p2a: Hatterene|82\/100\n|-damage|p2a: Hatterene|77\/100\n|-damage|p2a: Hatterene|73\/100\n|-damage|p2a: Hatterene|68\/100\n|-damage|p2a: Hatterene|63\/100\n|-damage|p2a: Hatterene|59\/100\n|-damage|p2a: Hatterene|55\/100\n|-hitcount|p2a: Hatterene|10\n|move|p2a: Hatterene|Draining Kiss|p1a: Maushold\n|-damage|p1a: Maushold|0 fnt\n|-heal|p2a: Hatterene|77\/100|[from] drain|[of] p1a: Maushold\n|faint|p1a: Maushold\n|\n|-heal|p2a: Hatterene|83\/100|[from] Grassy Terrain\n|upkeep\n|\n|t:|1699791601\n|switch|p1a: Kingambit|Kingambit, F|100\/100\n|-activate|p1a: Kingambit|ability: Supreme Overlord\n|-start|p1a: Kingambit|fallen1|[silent]\n|-item|p1a: Kingambit|Air Balloon\n|turn|5\n|\n|t:|1699791620\n|switch|p2a: Zamazenta|Zamazenta, shiny|100\/100\n|-ability|p2a: Zamazenta|Dauntless Shield|boost\n|-boost|p2a: Zamazenta|def|1\n|move|p1a: Kingambit|Iron Head|p2a: Zamazenta\n|-damage|p2a: Zamazenta|75\/100\n|\n|-heal|p2a: Zamazenta|82\/100|[from] Grassy Terrain\n|-heal|p2a: Zamazenta|88\/100|[from] item: Leftovers\n|upkeep\n|turn|6\n|\n|t:|1699791640\n|-end|p1a: Kingambit|fallen1|[silent]\n|switch|p1a: Dragonite|Dragonite, M|100\/100\n|move|p2a: Zamazenta|Iron Defense|p2a: Zamazenta\n|-boost|p2a: Zamazenta|def|2\n|\n|-heal|p2a: Zamazenta|94\/100|[from] Grassy Terrain\n|-heal|p2a: Zamazenta|100\/100|[from] item: Leftovers\n|-fieldend|move: Grassy Terrain\n|upkeep\n|turn|7\n|\n|t:|1699791655\n|move|p2a: Zamazenta|Iron Defense|p2a: Zamazenta\n|-boost|p2a: Zamazenta|def|2\n|move|p1a: Dragonite|Ice Beam|p2a: Zamazenta\n|-damage|p2a: Zamazenta|76\/100\n|\n|-heal|p2a: Zamazenta|82\/100|[from] item: Leftovers\n|upkeep\n|turn|8\n|inactive|SushiGengu has 120 seconds left.\n|\n|t:|1699791685\n|move|p2a: Zamazenta|Body Press|p1a: Dragonite\n|-resisted|p1a: Dragonite\n|-damage|p1a: Dragonite|61\/100\n|move|p1a: Dragonite|Ice Beam|p2a: Zamazenta\n|-damage|p2a: Zamazenta|59\/100\n|\n|-heal|p2a: Zamazenta|65\/100|[from] item: Leftovers\n|upkeep\n|turn|9\n|\n|t:|1699791695\n|move|p2a: Zamazenta|Body Press|p1a: Dragonite\n|-resisted|p1a: Dragonite\n|-damage|p1a: Dragonite|0 fnt\n|faint|p1a: Dragonite\n|\n|-heal|p2a: Zamazenta|71\/100|[from] item: Leftovers\n|upkeep\n|inactive|SushiGengu has 120 seconds left.\n|\n|t:|1699791712\n|switch|p1a: Garchomp|Garchomp, M|100\/100\n|turn|10\n|\n|t:|1699791717\n|move|p2a: Zamazenta|Body Press|p1a: Garchomp\n|-damage|p1a: Garchomp|0 fnt\n|-damage|p2a: Zamazenta|59\/100|[from] ability: Rough Skin|[of] p1a: Garchomp\n|faint|p1a: Garchomp\n|\n|-heal|p2a: Zamazenta|65\/100|[from] item: Leftovers\n|upkeep\n|\n|t:|1699791722\n|switch|p1a: Rillaboom|Rillaboom, M|100\/100\n|-fieldstart|move: Grassy Terrain|[from] ability: Grassy Surge|[of] p1a: Rillaboom\n|turn|11\n|\n|t:|1699791727\n|move|p2a: Zamazenta|Body Press|p1a: Rillaboom\n|-damage|p1a: Rillaboom|0 fnt\n|faint|p1a: Rillaboom\n|\n|-heal|p2a: Zamazenta|71\/100|[from] Grassy Terrain\n|-heal|p2a: Zamazenta|77\/100|[from] item: Leftovers\n|upkeep\n|\n|t:|1699791730\n|switch|p1a: Sneasler|Sneasler, M|100\/100\n|-enditem|p1a: Sneasler|Grassy Seed\n|-boost|p1a: Sneasler|def|1|[from] item: Grassy Seed\n|turn|12\n|\n|t:|1699791732\n|move|p1a: Sneasler|Acrobatics|p2a: Zamazenta\n|-supereffective|p2a: Zamazenta\n|-damage|p2a: Zamazenta|60\/100\n|move|p2a: Zamazenta|Body Press|p1a: Sneasler\n|-resisted|p1a: Sneasler\n|-damage|p1a: Sneasler|32\/100\n|\n|-heal|p1a: Sneasler|38\/100|[from] Grassy Terrain\n|-heal|p2a: Zamazenta|66\/100|[from] Grassy Terrain\n|-heal|p2a: Zamazenta|73\/100|[from] item: Leftovers\n|upkeep\n|turn|13\n|-message|SushiGengu forfeited.\n|\n|win|pecurto23\n|raw|SushiGengu's rating: 1537 &rarr; <strong>1526<\/strong><br \/>(-11 for losing)\n|raw|pecurto23's rating: 1700 &rarr; <strong>1711<\/strong><br \/>(+11 for winning)\n|l|\u2606SushiGengu\n","uploadtime":1699791746,"views":17,"p1id":"sushigengu","p2id":"pecurto23","formatid":"gen9ou","rating":1526,"private":0,"password":""}