{"id":"gen9ou-1993094256","p1":"Juroni","p2":"tottees","format":"[Gen 9] OU","log":"|j|\u2606Juroni\n|j|\u2606tottees\n|t:|1700264065\n|gametype|singles\n|player|p1|Juroni|marley|\n|player|p2|tottees|guitarist|\n|teamsize|p1|6\n|teamsize|p2|6\n|gen|9\n|tier|[Gen 9] OU\n|rule|Sleep Clause Mod: Limit one foe put to sleep\n|rule|Species Clause: Limit one of each Pok\u00e9mon\n|rule|OHKO Clause: OHKO moves are banned\n|rule|Evasion Items Clause: Evasion items are banned\n|rule|Evasion Moves Clause: Evasion moves are banned\n|rule|Endless Battle Clause: Forcing endless battles is banned\n|rule|HP Percentage Mod: HP is shown in percentages\n|clearpoke\n|poke|p1|Umbreon, F|\n|poke|p1|Alomomola, F|\n|poke|p1|Ursaluna, F|\n|poke|p1|Corviknight, M|\n|poke|p1|Sinistcha|\n|poke|p1|Ogerpon-Cornerstone, F|\n|poke|p2|Slowking-Galar, M|\n|poke|p2|Iron Hands|\n|poke|p2|Hatterene, F|\n|poke|p2|Vaporeon, F|\n|poke|p2|Revavroom, F|\n|poke|p2|Kommo-o, F|\n|teampreview\n|c|\u2606Juroni|ok here we go\n|c|\u2606Juroni|the battle that will be remembered for centuries\n|\n|t:|1700264112\n|start\n|switch|p1a: Ophelia|Alomomola, F|100\/100\n|switch|p2a: Hatterene|Hatterene, F|100\/100\n|turn|1\n|c|\u2606tottees|lol\n|\n|t:|1700264127\n|move|p1a: Ophelia|Flip Turn|p2a: Hatterene\n|-damage|p2a: Hatterene|86\/100\n|c|\u2606Juroni|I'm already astonished\n|\n|t:|1700264153\n|switch|p1a: Umbriel|Umbreon, F|100\/100|[from] Flip Turn\n|move|p2a: Hatterene|Nuzzle|p1a: Umbriel\n|-damage|p1a: Umbriel|97\/100\n|-status|p1a: Umbriel|par\n|\n|-heal|p2a: Hatterene|92\/100|[from] item: Leftovers\n|-heal|p1a: Umbriel|100\/100 par|[from] item: Leftovers\n|upkeep\n|turn|2\n|c|\u2606tottees|this is so intense\n|\n|t:|1700264177\n|switch|p2a: Iron Hands|Iron Hands|100\/100\n|move|p1a: Umbriel|Foul Play|p2a: Iron Hands\n|-resisted|p2a: Iron Hands\n|-damage|p2a: Iron Hands|85\/100\n|\n|upkeep\n|turn|3\n|\n|t:|1700264186\n|move|p2a: Iron Hands|Swords Dance|p2a: Iron Hands\n|-boost|p2a: Iron Hands|atk|2\n|move|p1a: Umbriel|Toxic|p2a: Iron Hands\n|-status|p2a: Iron Hands|tox\n|\n|-damage|p2a: Iron Hands|79\/100 tox|[from] psn\n|upkeep\n|turn|4\n|c|\u2606Juroni|oh shit\n|\n|t:|1700264197\n|move|p2a: Iron Hands|Drain Punch|p1a: Umbriel\n|-supereffective|p1a: Umbriel\n|-damage|p1a: Umbriel|0 fnt\n|-heal|p2a: Iron Hands|100\/100 tox|[from] drain|[of] p1a: Umbriel\n|faint|p1a: Umbriel\n|-damage|p2a: Iron Hands|91\/100 tox|[from] item: Life Orb\n|\n|-damage|p2a: Iron Hands|78\/100 tox|[from] psn\n|upkeep\n|c|\u2606Juroni|shiiiiit\n|c|\u2606Juroni|uuuh\n|\n|t:|1700264231\n|switch|p1a: Mab|Sinistcha|100\/100\n|turn|5\n|c|\u2606Juroni|p-please don't have ice punch\n|\n|t:|1700264245\n|move|p1a: Mab|Strength Sap|p2a: Iron Hands\n|-unboost|p2a: Iron Hands|atk|1\n|move|p2a: Iron Hands|Thunder Punch|p1a: Mab\n|-resisted|p1a: Mab\n|-damage|p1a: Mab|54\/100\n|-damage|p2a: Iron Hands|69\/100 tox|[from] item: Life Orb\n|\n|-heal|p1a: Mab|60\/100|[from] item: Leftovers\n|-damage|p2a: Iron Hands|50\/100 tox|[from] psn\n|upkeep\n|turn|6\n|\n|t:|1700264259\n|-end|p2a: Iron Hands|Quark Drive|[silent]\n|switch|p2a: Revavroom|Revavroom, F|100\/100\n|move|p1a: Mab|Calm Mind|p1a: Mab\n|-boost|p1a: Mab|spa|1\n|-boost|p1a: Mab|spd|1\n|\n|-heal|p1a: Mab|66\/100|[from] item: Leftovers\n|upkeep\n|turn|7\n|\n|t:|1700264276\n|move|p2a: Revavroom|Shift Gear|p2a: Revavroom\n|-boost|p2a: Revavroom|spe|2\n|-boost|p2a: Revavroom|atk|1\n|move|p1a: Mab|Strength Sap|p2a: Revavroom\n|-unboost|p2a: Revavroom|atk|1\n|-heal|p1a: Mab|100\/100\n|\n|upkeep\n|turn|8\n|\n|t:|1700264286\n|move|p2a: Revavroom|Gunk Shot|p1a: Mab\n|-damage|p1a: Mab|7\/100\n|-status|p1a: Mab|psn\n|-damage|p2a: Revavroom|91\/100|[from] item: Life Orb\n|move|p1a: Mab|Strength Sap|p2a: Revavroom\n|-unboost|p2a: Revavroom|atk|1\n|-heal|p1a: Mab|100\/100 psn\n|\n|-damage|p1a: Mab|88\/100 psn|[from] psn\n|upkeep\n|turn|9\n|c|\u2606Juroni|AAAAAAAAAAAAAAAAAAAAAAA\n|\n|t:|1700264303\n|move|p2a: Revavroom|Gunk Shot|p1a: Mab\n|-damage|p1a: Mab|26\/100 psn\n|-damage|p2a: Revavroom|81\/100|[from] item: Life Orb\n|move|p1a: Mab|Hex|p2a: Revavroom\n|-damage|p2a: Revavroom|0 fnt\n|faint|p2a: Revavroom\n|\n|-heal|p1a: Mab|32\/100 psn|[from] item: Leftovers\n|-damage|p1a: Mab|19\/100 psn|[from] psn\n|upkeep\n|\n|t:|1700264313\n|switch|p2a: Slowking|Slowking-Galar, M|100\/100\n|turn|10\n|\n|t:|1700264344\n|-terastallize|p2a: Slowking|Fairy\n|move|p1a: Mab|Strength Sap|p2a: Slowking\n|-unboost|p2a: Slowking|atk|1\n|-heal|p1a: Mab|62\/100 psn\n|move|p2a: Slowking|Sludge Bomb|p1a: Mab\n|-damage|p1a: Mab|34\/100 psn\n|\n|-heal|p1a: Mab|40\/100 psn|[from] item: Leftovers\n|-damage|p1a: Mab|28\/100 psn|[from] psn\n|upkeep\n|turn|11\n|\n|t:|1700264373\n|switch|p1a: Ophelia|Alomomola, F|100\/100\n|move|p2a: Slowking|Future Sight|p1a: Ophelia\n|-start|p2a: Slowking|move: Future Sight\n|\n|upkeep\n|turn|12\n|\n|t:|1700264396\n|switch|p2a: Hatterene|Hatterene, F|92\/100\n|move|p1a: Ophelia|Wish|p1a: Ophelia\n|\n|-heal|p2a: Hatterene|98\/100|[from] item: Leftovers\n|upkeep\n|turn|13\n|\n|t:|1700264416\n|move|p1a: Ophelia|Flip Turn|p2a: Hatterene\n|-damage|p2a: Hatterene|83\/100\n|\n|t:|1700264423\n|switch|p1a: Mab|Sinistcha|28\/100 psn|[from] Flip Turn\n|move|p2a: Hatterene|Trick Room|p2a: Hatterene\n|-fieldstart|move: Trick Room|[of] p2a: Hatterene\n|\n|-end|p1a: Mab|move: Future Sight\n|-damage|p1a: Mab|0 fnt\n|faint|p1a: Mab\n|-heal|p2a: Hatterene|89\/100|[from] item: Leftovers\n|upkeep\n|c|\u2606tottees|rip\n|\n|t:|1700264454\n|switch|p1a: Titania|Ogerpon-Cornerstone, F|100\/100\n|turn|14\n|\n|t:|1700264467\n|move|p2a: Hatterene|Nuzzle|p1a: Titania\n|-resisted|p1a: Titania\n|-damage|p1a: Titania|98\/100\n|-status|p1a: Titania|par\n|move|p1a: Titania|Ivy Cudgel|p2a: Hatterene|[anim] Ivy Cudgel Rock\n|-crit|p2a: Hatterene\n|-damage|p2a: Hatterene|0 fnt\n|faint|p2a: Hatterene\n|\n|upkeep\n|\n|t:|1700264499\n|switch|p2a: Kommo-o|Kommo-o, F|100\/100\n|turn|15\n|\n|t:|1700264531\n|cant|p1a: Titania|par\n|move|p2a: Kommo-o|Clangorous Soul|p2a: Kommo-o\n|-boost|p2a: Kommo-o|atk|1\n|-boost|p2a: Kommo-o|def|1\n|-boost|p2a: Kommo-o|spa|1\n|-boost|p2a: Kommo-o|spd|1\n|-boost|p2a: Kommo-o|spe|1\n|-damage|p2a: Kommo-o|68\/100\n|-enditem|p2a: Kommo-o|Throat Spray\n|-boost|p2a: Kommo-o|spa|1|[from] item: Throat Spray\n|\n|upkeep\n|turn|16\n|\n|t:|1700264551\n|move|p1a: Titania|Leech Seed|p2a: Kommo-o|[miss]\n|-miss|p1a: Titania|p2a: Kommo-o\n|move|p2a: Kommo-o|Aura Sphere|p1a: Titania\n|-supereffective|p1a: Titania\n|-damage|p1a: Titania|0 fnt\n|faint|p1a: Titania\n|\n|upkeep\n|c|\u2606Juroni|IMPOSSIBLE\n|\n|t:|1700264574\n|switch|p1a: Caliban|Corviknight, M|100\/100\n|-ability|p1a: Caliban|Pressure\n|turn|17\n|\n|t:|1700264581\n|move|p1a: Caliban|Brave Bird|p2a: Kommo-o\n|-supereffective|p2a: Kommo-o\n|-damage|p2a: Kommo-o|20\/100\n|-damage|p1a: Caliban|89\/100|[from] Recoil\n|move|p2a: Kommo-o|Flamethrower|p1a: Caliban\n|-supereffective|p1a: Caliban\n|-damage|p1a: Caliban|0 fnt\n|faint|p1a: Caliban\n|\n|-fieldend|move: Trick Room\n|upkeep\n|c|\u2606Juroni|nooooooooooooooo\n|\n|t:|1700264591\n|switch|p1a: Ophelia|Alomomola, F|100\/100\n|turn|18\n|\n|t:|1700264607\n|move|p2a: Kommo-o|Clanging Scales|p1a: Ophelia\n|-damage|p1a: Ophelia|2\/100\n|-unboost|p2a: Kommo-o|def|1\n|move|p1a: Ophelia|Scald|p2a: Kommo-o\n|-resisted|p2a: Kommo-o\n|-damage|p2a: Kommo-o|17\/100\n|\n|-heal|p1a: Ophelia|8\/100|[from] item: Leftovers\n|upkeep\n|turn|19\n|c|\u2606Juroni|it's joever\n|\n|t:|1700264624\n|move|p2a: Kommo-o|Aura Sphere|p1a: Ophelia\n|-damage|p1a: Ophelia|0 fnt\n|faint|p1a: Ophelia\n|\n|upkeep\n|\n|t:|1700264629\n|switch|p1a: Cordelia|Ursaluna, F|100\/100\n|turn|20\n|\n|t:|1700264639\n|-terastallize|p1a: Cordelia|Normal\n|move|p2a: Kommo-o|Aura Sphere|p1a: Cordelia\n|-supereffective|p1a: Cordelia\n|-damage|p1a: Cordelia|0 fnt\n|faint|p1a: Cordelia\n|\n|win|tottees\n|c|\u2606Juroni|ok gimme a sec\n|c|\u2606tottees|Ok\n|l|\u2606Juroni\n|l|\u2606tottees\n","uploadtime":1700264655,"views":22,"p1id":"juroni","p2id":"tottees","formatid":"gen9ou","rating":0,"private":0,"password":""}