{"id":"gen9ou-1988479833","p1":"GlooEater_","p2":"hdjsjansjqia","format":"[Gen 9] OU","log":"|j|\u2606GlooEater_\n|j|\u2606hdjsjansjqia\n|t:|1699727416\n|gametype|singles\n|player|p1|GlooEater_|hilbert|1079\n|player|p2|hdjsjansjqia|skierf-gen4dp|1000\n|teamsize|p1|6\n|teamsize|p2|6\n|gen|9\n|tier|[Gen 9] OU\n|rated|\n|rule|Sleep Clause Mod: Limit one foe put to sleep\n|rule|Species Clause: Limit one of each Pok\u00e9mon\n|rule|OHKO Clause: OHKO moves are banned\n|rule|Evasion Items Clause: Evasion items are banned\n|rule|Evasion Moves Clause: Evasion moves are banned\n|rule|Endless Battle Clause: Forcing endless battles is banned\n|rule|HP Percentage Mod: HP is shown in percentages\n|clearpoke\n|poke|p1|Ceruledge, M|\n|poke|p1|Ting-Lu|\n|poke|p1|Sneasler, F|\n|poke|p1|Gastrodon-East, M|\n|poke|p1|Dipplin, M|\n|poke|p1|Gholdengo|\n|poke|p2|Hatterene, F|\n|poke|p2|Cresselia, F|\n|poke|p2|Slowking-Galar, M|\n|poke|p2|Ursaluna, M|\n|poke|p2|Glastrier|\n|poke|p2|Kingambit, F|\n|teampreview\n|inactive|Battle timer is ON: inactive players will automatically lose when time's up. (requested by hdjsjansjqia)\n|\n|t:|1699727451\n|start\n|switch|p1a: Gastrodon|Gastrodon-East, M|100\/100\n|switch|p2a: Cresselia|Cresselia, F|100\/100\n|turn|1\n|\n|t:|1699727458\n|move|p1a: Gastrodon|Stealth Rock|p2a: Cresselia\n|-sidestart|p2: hdjsjansjqia|move: Stealth Rock\n|move|p2a: Cresselia|Trick Room|p2a: Cresselia\n|-fieldstart|move: Trick Room|[of] p2a: Cresselia\n|\n|upkeep\n|turn|2\n|\n|t:|1699727470\n|switch|p2a: Ursaluna|Ursaluna, M|100\/100\n|-damage|p2a: Ursaluna|94\/100|[from] Stealth Rock\n|move|p1a: Gastrodon|Spikes|p2a: Ursaluna\n|-sidestart|p2: hdjsjansjqia|Spikes\n|\n|-status|p2a: Ursaluna|brn|[from] item: Flame Orb\n|upkeep\n|turn|3\n|\n|t:|1699727480\n|move|p2a: Ursaluna|Facade|p1a: Gastrodon\n|-damage|p1a: Gastrodon|4\/100\n|move|p1a: Gastrodon|Ice Beam|p2a: Ursaluna\n|-supereffective|p2a: Ursaluna\n|-damage|p2a: Ursaluna|57\/100 brn\n|\n|-heal|p1a: Gastrodon|10\/100|[from] item: Leftovers\n|-damage|p2a: Ursaluna|51\/100 brn|[from] brn\n|upkeep\n|turn|4\n|\n|t:|1699727492\n|switch|p1a: Ceruledge|Ceruledge, M|100\/100\n|move|p2a: Ursaluna|Fire Punch|p1a: Ceruledge\n|-resisted|p1a: Ceruledge\n|-damage|p1a: Ceruledge|69\/100\n|-ability|p1a: Ceruledge|Weak Armor|boost\n|-unboost|p1a: Ceruledge|def|1\n|-boost|p1a: Ceruledge|spe|2\n|\n|-damage|p2a: Ursaluna|45\/100 brn|[from] brn\n|upkeep\n|turn|5\n|\n|t:|1699727510\n|switch|p1a: Ting-Lu|Ting-Lu|100\/100\n|-ability|p1a: Ting-Lu|Vessel of Ruin\n|move|p2a: Ursaluna|Earthquake|p1a: Ting-Lu\n|-damage|p1a: Ting-Lu|53\/100\n|\n|-damage|p2a: Ursaluna|38\/100 brn|[from] brn\n|-fieldend|move: Trick Room\n|upkeep\n|turn|6\n|\n|t:|1699727522\n|move|p1a: Ting-Lu|Body Press|p2a: Ursaluna\n|-supereffective|p2a: Ursaluna\n|-damage|p2a: Ursaluna|6\/100 brn\n|move|p2a: Ursaluna|Facade|p1a: Ting-Lu\n|-damage|p1a: Ting-Lu|0 fnt\n|faint|p1a: Ting-Lu\n|\n|-damage|p2a: Ursaluna|0 fnt|[from] brn\n|faint|p2a: Ursaluna\n|upkeep\n|\n|t:|1699727540\n|switch|p1a: Gastrodon|Gastrodon-East, M|10\/100\n|switch|p2a: Cresselia|Cresselia, F|100\/100\n|-damage|p2a: Cresselia|88\/100|[from] Stealth Rock\n|turn|7\n|\n|t:|1699727546\n|move|p2a: Cresselia|Moonblast|p1a: Gastrodon\n|-damage|p1a: Gastrodon|0 fnt\n|faint|p1a: Gastrodon\n|\n|upkeep\n|\n|t:|1699727551\n|switch|p1a: Ceruledge|Ceruledge, M|69\/100\n|turn|8\n|\n|t:|1699727556\n|move|p1a: Ceruledge|Poltergeist|p2a: Cresselia\n|-activate|p2a: Cresselia|move: Poltergeist|Rocky Helmet\n|-supereffective|p2a: Cresselia\n|-damage|p2a: Cresselia|7\/100\n|-damage|p1a: Ceruledge|59\/100|[from] item: Life Orb\n|move|p2a: Cresselia|Trick Room|p2a: Cresselia\n|-fieldstart|move: Trick Room|[of] p2a: Cresselia\n|\n|upkeep\n|turn|9\n|\n|t:|1699727565\n|move|p2a: Cresselia|Lunar Dance|p2a: Cresselia\n|faint|p2a: Cresselia\n|move|p1a: Ceruledge|Bitter Blade|p2: Cresselia|[notarget]\n|-fail|p1a: Ceruledge\n|\n|upkeep\n|\n|t:|1699727569\n|switch|p2a: The Horse|Glastrier|100\/100\n|turn|10\n|\n|t:|1699727573\n|move|p2a: The Horse|Crunch|p1a: Ceruledge\n|-supereffective|p1a: Ceruledge\n|-damage|p1a: Ceruledge|0 fnt\n|faint|p1a: Ceruledge\n|-ability|p2a: The Horse|Chilling Neigh|boost\n|-boost|p2a: The Horse|atk|1\n|\n|upkeep\n|\n|t:|1699727578\n|switch|p1a: Gholdengo|Gholdengo|100\/100\n|turn|11\n|\n|t:|1699727596\n|switch|p1a: Dipplin|Dipplin, M|100\/100\n|-ability|p1a: Dipplin|Supersweet Syrup\n|-ability|p1a: Dipplin|Supersweet Syrup|boost\n|-unboost|p2a: The Horse|evasion|1\n|move|p2a: The Horse|Crunch|p1a: Dipplin\n|-damage|p1a: Dipplin|72\/100\n|\n|upkeep\n|turn|12\n|\n|t:|1699727615\n|-terastallize|p1a: Dipplin|Steel\n|move|p2a: The Horse|Icicle Crash|p1a: Dipplin\n|-resisted|p1a: Dipplin\n|-damage|p1a: Dipplin|48\/100\n|move|p1a: Dipplin|Dragon Tail|p2a: The Horse\n|-damage|p2a: The Horse|91\/100\n|drag|p2a: Hatterene|Hatterene, F|100\/100\n|-damage|p2a: Hatterene|88\/100|[from] Stealth Rock\n|-damage|p2a: Hatterene|76\/100|[from] Spikes\n|\n|-fieldend|move: Trick Room\n|upkeep\n|turn|13\n|\n|t:|1699727632\n|move|p1a: Dipplin|Giga Drain|p2a: Hatterene\n|-damage|p2a: Hatterene|50\/100\n|-heal|p1a: Dipplin|61\/100|[from] drain|[of] p2a: Hatterene\n|move|p2a: Hatterene|Trick Room|p2a: Hatterene\n|-fieldstart|move: Trick Room|[of] p2a: Hatterene\n|\n|upkeep\n|turn|14\n|\n|t:|1699727639\n|move|p2a: Hatterene|Misty Explosion|p1a: Dipplin\n|-resisted|p1a: Dipplin\n|-damage|p1a: Dipplin|43\/100\n|faint|p2a: Hatterene\n|move|p1a: Dipplin|Syrup Bomb|p2: Hatterene|[notarget]\n|-fail|p1a: Dipplin\n|\n|upkeep\n|\n|t:|1699727643\n|switch|p2a: The Horse|Glastrier|91\/100\n|-heal|p2a: The Horse|100\/100|[from] move: Lunar Dance\n|turn|15\n|\n|t:|1699727648\n|move|p2a: The Horse|Close Combat|p1a: Dipplin\n|-supereffective|p1a: Dipplin\n|-damage|p1a: Dipplin|0 fnt\n|-unboost|p2a: The Horse|def|1\n|-unboost|p2a: The Horse|spd|1\n|faint|p1a: Dipplin\n|-ability|p2a: The Horse|Chilling Neigh|boost\n|-boost|p2a: The Horse|atk|1\n|\n|upkeep\n|\n|t:|1699727656\n|switch|p1a: Gholdengo|Gholdengo|100\/100\n|turn|16\n|\n|t:|1699727665\n|move|p2a: The Horse|Crunch|p1a: Gholdengo\n|-supereffective|p1a: Gholdengo\n|-damage|p1a: Gholdengo|0 fnt\n|faint|p1a: Gholdengo\n|-ability|p2a: The Horse|Chilling Neigh|boost\n|-boost|p2a: The Horse|atk|1\n|\n|upkeep\n|\n|t:|1699727669\n|switch|p1a: Sneasler|Sneasler, F|100\/100\n|turn|17\n|\n|t:|1699727674\n|move|p1a: Sneasler|Fake Out|p2a: The Horse\n|-damage|p2a: The Horse|86\/100\n|cant|p2a: The Horse|flinch\n|\n|-fieldend|move: Trick Room\n|upkeep\n|turn|18\n|\n|t:|1699727684\n|switch|p2a: Slowking|Slowking-Galar, M|100\/100\n|move|p1a: Sneasler|Close Combat|p2a: Slowking\n|-resisted|p2a: Slowking\n|-damage|p2a: Slowking|89\/100\n|-unboost|p1a: Sneasler|def|1\n|-unboost|p1a: Sneasler|spd|1\n|\n|upkeep\n|turn|19\n|\n|t:|1699727695\n|move|p1a: Sneasler|Dire Claw|p2a: Slowking\n|-resisted|p2a: Slowking\n|-damage|p2a: Slowking|72\/100\n|-status|p2a: Slowking|par\n|move|p2a: Slowking|Future Sight|p1a: Sneasler\n|-start|p2a: Slowking|move: Future Sight\n|\n|upkeep\n|turn|20\n|\n|t:|1699727703\n|move|p1a: Sneasler|Fake Out||[still]\n|-hint|Fake Out only works on your first turn out.\n|-fail|p1a: Sneasler\n|move|p2a: Slowking|Chilly Reception|p2a: Slowking\n|-weather|Snow\n|\n|t:|1699727705\n|switch|p2a: The Horse|Glastrier|86\/100|[from] Chilly Reception\n|\n|-weather|Snow|[upkeep]\n|upkeep\n|turn|21\n|\n|t:|1699727712\n|move|p1a: Sneasler|Close Combat|p2a: The Horse\n|-supereffective|p2a: The Horse\n|-damage|p2a: The Horse|21\/100\n|-unboost|p1a: Sneasler|def|1\n|-unboost|p1a: Sneasler|spd|1\n|move|p2a: The Horse|Crunch|p1a: Sneasler\n|-resisted|p1a: Sneasler\n|-damage|p1a: Sneasler|47\/100\n|\n|-weather|Snow|[upkeep]\n|-end|p1a: Sneasler|move: Future Sight\n|-supereffective|p1a: Sneasler\n|-damage|p1a: Sneasler|0 fnt\n|faint|p1a: Sneasler\n|\n|win|hdjsjansjqia\n|upkeep\n|raw|GlooEater_'s rating: 1079 &rarr; <strong>1052<\/strong><br \/>(-27 for losing)\n|raw|hdjsjansjqia's rating: 1000 &rarr; <strong>1049<\/strong><br \/>(+49 for winning)\n","uploadtime":1699727718,"views":27,"p1id":"glooeater","p2id":"hdjsjansjqia","formatid":"gen9ou","rating":1049,"private":0,"password":""}