{"id":"gen9ou-1988304876","p1":"MegaMHX","p2":"EternitySummer4","format":"[Gen 9] OU","log":"|j|\u2606MegaMHX\n|j|\u2606EternitySummer4\n|t:|1699705369\n|gametype|singles\n|player|p1|MegaMHX|n-masters2|1449\n|player|p2|EternitySummer4|colress|1492\n|teamsize|p1|6\n|teamsize|p2|6\n|gen|9\n|tier|[Gen 9] OU\n|rated|\n|rule|Sleep Clause Mod: Limit one foe put to sleep\n|rule|Species Clause: Limit one of each Pok\u00e9mon\n|rule|OHKO Clause: OHKO moves are banned\n|rule|Evasion Items Clause: Evasion items are banned\n|rule|Evasion Moves Clause: Evasion moves are banned\n|rule|Endless Battle Clause: Forcing endless battles is banned\n|rule|HP Percentage Mod: HP is shown in percentages\n|clearpoke\n|poke|p1|Scizor, M|\n|poke|p1|Great Tusk|\n|poke|p1|Greninja-*, M|\n|poke|p1|Sneasler, F|\n|poke|p1|Hatterene, F|\n|poke|p1|Gholdengo|\n|poke|p2|Iron Valiant|\n|poke|p2|Ogerpon-Cornerstone, F|\n|poke|p2|Samurott-Hisui, F|\n|poke|p2|Gholdengo|\n|poke|p2|Cinderace, M|\n|poke|p2|Rillaboom, M|\n|teampreview\n|inactive|Battle timer is ON: inactive players will automatically lose when time's up. (requested by MegaMHX)\n|\n|t:|1699705385\n|start\n|switch|p1a: Scizor|Scizor, M|100\/100\n|switch|p2a: Cinderace|Cinderace, M|100\/100\n|turn|1\n|\n|t:|1699705393\n|switch|p1a: Hatterene|Hatterene, F|100\/100\n|move|p2a: Cinderace|U-turn|p1a: Hatterene\n|-start|p2a: Cinderace|typechange|Bug|[from] ability: Libero\n|-damage|p1a: Hatterene|73\/100\n|\n|t:|1699705411\n|switch|p2a: Gholdengo|Gholdengo|100\/100|[from] U-turn\n|-item|p2a: Gholdengo|Air Balloon\n|\n|-heal|p1a: Hatterene|79\/100|[from] item: Leftovers\n|upkeep\n|turn|2\n|\n|t:|1699705428\n|switch|p1a: Scizor|Scizor, M|100\/100\n|move|p2a: Gholdengo|Focus Blast|p1a: Scizor\n|-damage|p1a: Scizor|60\/100\n|\n|upkeep\n|turn|3\n|\n|t:|1699705437\n|move|p2a: Gholdengo|Shadow Ball|p1a: Scizor\n|-damage|p1a: Scizor|24\/100\n|move|p1a: Scizor|U-turn|p2a: Gholdengo\n|-resisted|p2a: Gholdengo\n|-damage|p2a: Gholdengo|92\/100\n|-enditem|p2a: Gholdengo|Air Balloon\n|\n|t:|1699705442\n|switch|p1a: Gholdengo|Gholdengo|100\/100|[from] U-turn\n|\n|upkeep\n|turn|4\n|\n|t:|1699705448\n|move|p1a: Gholdengo|Shadow Ball|p2a: Gholdengo\n|-supereffective|p2a: Gholdengo\n|-damage|p2a: Gholdengo|14\/100\n|move|p2a: Gholdengo|Shadow Ball|p1a: Gholdengo\n|-supereffective|p1a: Gholdengo\n|-damage|p1a: Gholdengo|0 fnt\n|faint|p1a: Gholdengo\n|\n|upkeep\n|\n|t:|1699705476\n|switch|p1a: Greninja|Greninja, M|100\/100\n|turn|5\n|\n|t:|1699705485\n|switch|p2a: Samurott|Samurott-Hisui, F|100\/100\n|move|p1a: Greninja|Surf|p2a: Samurott\n|-resisted|p2a: Samurott\n|-crit|p2a: Samurott\n|-damage|p2a: Samurott|52\/100\n|-damage|p1a: Greninja|91\/100|[from] item: Life Orb\n|\n|upkeep\n|turn|6\n|\n|t:|1699705506\n|switch|p1a: Sneasler|Sneasler, F|100\/100\n|move|p2a: Samurott|Aqua Cutter|p1a: Sneasler\n|-damage|p1a: Sneasler|25\/100\n|\n|upkeep\n|turn|7\n|\n|t:|1699705514\n|move|p1a: Sneasler|Fake Out|p2a: Samurott\n|-enditem|p1a: Sneasler|Normal Gem|[from] gem\n|-damage|p2a: Samurott|24\/100\n|cant|p2a: Samurott|flinch\n|\n|upkeep\n|turn|8\n|\n|t:|1699705519\n|move|p1a: Sneasler|Dire Claw|p2a: Samurott\n|-damage|p2a: Samurott|0 fnt\n|faint|p2a: Samurott\n|\n|upkeep\n|\n|t:|1699705528\n|switch|p2a: Iron Valiant|Iron Valiant|100\/100\n|-enditem|p2a: Iron Valiant|Booster Energy\n|-activate|p2a: Iron Valiant|ability: Quark Drive|[fromitem]\n|-start|p2a: Iron Valiant|quarkdrivespe\n|turn|9\n|\n|t:|1699705535\n|move|p1a: Sneasler|Dire Claw|p2a: Iron Valiant\n|-supereffective|p2a: Iron Valiant\n|-damage|p2a: Iron Valiant|0 fnt\n|faint|p2a: Iron Valiant\n|-end|p2a: Iron Valiant|Quark Drive|[silent]\n|\n|upkeep\n|\n|t:|1699705542\n|switch|p2a: Rillaboom|Rillaboom, M|100\/100\n|-fieldstart|move: Grassy Terrain|[from] ability: Grassy Surge|[of] p2a: Rillaboom\n|turn|10\n|\n|t:|1699705547\n|-terastallize|p1a: Sneasler|Flying\n|move|p2a: Rillaboom|Grassy Glide|p1a: Sneasler\n|-resisted|p1a: Sneasler\n|-damage|p1a: Sneasler|0 fnt\n|faint|p1a: Sneasler\n|\n|upkeep\n|\n|t:|1699705561\n|switch|p1a: Hatterene|Hatterene, F|79\/100\n|turn|11\n|\n|t:|1699705568\n|move|p2a: Rillaboom|U-turn|p1a: Hatterene\n|-damage|p1a: Hatterene|58\/100\n|\n|t:|1699705571\n|switch|p2a: Ogerpon|Ogerpon-Cornerstone, F|100\/100|[from] U-turn\n|move|p1a: Hatterene|Mystical Fire|p2a: Ogerpon\n|-crit|p2a: Ogerpon\n|-damage|p2a: Ogerpon|60\/100\n|-unboost|p2a: Ogerpon|spa|1\n|\n|-heal|p2a: Ogerpon|66\/100|[from] Grassy Terrain\n|-heal|p1a: Hatterene|64\/100|[from] Grassy Terrain\n|-heal|p1a: Hatterene|70\/100|[from] item: Leftovers\n|upkeep\n|turn|12\n|\n|t:|1699705582\n|move|p2a: Ogerpon|Power Whip|p1a: Hatterene\n|-damage|p1a: Hatterene|0 fnt\n|faint|p1a: Hatterene\n|\n|-heal|p2a: Ogerpon|72\/100|[from] Grassy Terrain\n|upkeep\n|\n|t:|1699705588\n|switch|p1a: Scizor|Scizor, M|24\/100\n|turn|13\n|\n|t:|1699705591\n|move|p1a: Scizor|Bullet Punch|p2a: Ogerpon\n|-supereffective|p2a: Ogerpon\n|-crit|p2a: Ogerpon\n|-damage|p2a: Ogerpon|0 fnt\n|faint|p2a: Ogerpon\n|\n|-heal|p1a: Scizor|30\/100|[from] Grassy Terrain\n|upkeep\n|\n|t:|1699705601\n|switch|p2a: Cinderace|Cinderace, M|100\/100\n|turn|14\n|\n|t:|1699705605\n|move|p2a: Cinderace|Pyro Ball|p1a: Scizor\n|-supereffective|p1a: Scizor\n|-damage|p1a: Scizor|0 fnt\n|faint|p1a: Scizor\n|\n|upkeep\n|\n|t:|1699705609\n|switch|p1a: Great Tusk|Great Tusk|100\/100\n|turn|15\n|\n|t:|1699705615\n|move|p2a: Cinderace|Will-O-Wisp|p1a: Great Tusk|[miss]\n|-miss|p2a: Cinderace|p1a: Great Tusk\n|move|p1a: Great Tusk|Rapid Spin|p2a: Cinderace\n|-damage|p2a: Cinderace|74\/100\n|-boost|p1a: Great Tusk|spe|1\n|\n|-heal|p2a: Cinderace|80\/100|[from] Grassy Terrain\n|upkeep\n|turn|16\n|\n|t:|1699705620\n|-terastallize|p2a: Cinderace|Fairy\n|move|p1a: Great Tusk|Headlong Rush|p2a: Cinderace\n|-damage|p2a: Cinderace|0 fnt\n|-unboost|p1a: Great Tusk|def|1\n|-unboost|p1a: Great Tusk|spd|1\n|faint|p2a: Cinderace\n|\n|upkeep\n|\n|t:|1699705626\n|switch|p2a: Rillaboom|Rillaboom, M|100\/100\n|turn|17\n|\n|t:|1699705630\n|move|p2a: Rillaboom|Grassy Glide|p1a: Great Tusk\n|-supereffective|p1a: Great Tusk\n|-damage|p1a: Great Tusk|5\/100\n|move|p1a: Great Tusk|Ice Spinner|p2a: Rillaboom\n|-supereffective|p2a: Rillaboom\n|-damage|p2a: Rillaboom|46\/100\n|-fieldend|move: Grassy Terrain\n|\n|-heal|p1a: Great Tusk|11\/100|[from] item: Leftovers\n|upkeep\n|turn|18\n|\n|t:|1699705638\n|switch|p2a: Gholdengo|Gholdengo|14\/100\n|move|p1a: Great Tusk|Ice Spinner|p2a: Gholdengo\n|-resisted|p2a: Gholdengo\n|-damage|p2a: Gholdengo|0 fnt\n|faint|p2a: Gholdengo\n|\n|-heal|p1a: Great Tusk|17\/100|[from] item: Leftovers\n|upkeep\n|\n|t:|1699705641\n|switch|p2a: Rillaboom|Rillaboom, M|46\/100\n|-fieldstart|move: Grassy Terrain|[from] ability: Grassy Surge|[of] p2a: Rillaboom\n|turn|19\n|\n|t:|1699705643\n|move|p2a: Rillaboom|Grassy Glide|p1a: Great Tusk\n|-supereffective|p1a: Great Tusk\n|-damage|p1a: Great Tusk|0 fnt\n|faint|p1a: Great Tusk\n|-end|p1a: Great Tusk|Protosynthesis|[silent]\n|\n|-heal|p2a: Rillaboom|52\/100|[from] Grassy Terrain\n|upkeep\n|\n|t:|1699705644\n|switch|p1a: Greninja|Greninja, M|91\/100\n|turn|20\n|\n|t:|1699705646\n|move|p2a: Rillaboom|Grassy Glide|p1a: Greninja\n|-supereffective|p1a: Greninja\n|-damage|p1a: Greninja|0 fnt\n|faint|p1a: Greninja\n|\n|win|EternitySummer4\n|raw|MegaMHX's rating: 1449 &rarr; <strong>1431<\/strong><br \/>(-18 for losing)\n|raw|EternitySummer4's rating: 1492 &rarr; <strong>1510<\/strong><br \/>(+18 for winning)\n","uploadtime":1699705655,"views":22,"p1id":"megamhx","p2id":"eternitysummer4","formatid":"gen9ou","rating":1431,"private":0,"password":""}