{"id":"gen9ou-1998032942","p1":"BreadSandwichz","p2":"Jesusarroz","format":"[Gen 9] OU","log":"|j|\u2606BreadSandwichz\n|j|\u2606Jesusarroz\n|t:|1700881489\n|gametype|singles\n|player|p1|BreadSandwichz|lusamine-nihilego|1192\n|player|p2|Jesusarroz|steven|1134\n|teamsize|p1|6\n|teamsize|p2|6\n|gen|9\n|tier|[Gen 9] OU\n|rated|\n|rule|Sleep Clause Mod: Limit one foe put to sleep\n|rule|Species Clause: Limit one of each Pok\u00e9mon\n|rule|OHKO Clause: OHKO moves are banned\n|rule|Evasion Items Clause: Evasion items are banned\n|rule|Evasion Moves Clause: Evasion moves are banned\n|rule|Endless Battle Clause: Forcing endless battles is banned\n|rule|HP Percentage Mod: HP is shown in percentages\n|clearpoke\n|poke|p1|Lokix, M|\n|poke|p1|Slowking-Galar, M|\n|poke|p1|Ribombee, F|\n|poke|p1|Dragonite, M|\n|poke|p1|Maushold-Four|\n|poke|p1|Iron Moth|\n|poke|p2|Kingambit, F|\n|poke|p2|Quaquaval, M|\n|poke|p2|Sandy Shocks|\n|poke|p2|Walking Wake|\n|poke|p2|Torkoal, M|\n|poke|p2|Great Tusk|\n|teampreview\n|\n|t:|1700881497\n|start\n|switch|p1a: Mirarah Carey|Slowking-Galar, M|100\/100\n|switch|p2a: Torkoal|Torkoal, M|100\/100\n|-weather|SunnyDay|[from] ability: Drought|[of] p2a: Torkoal\n|turn|1\n|\n|t:|1700881514\n|switch|p2a: Great Tusk|Great Tusk|100\/100\n|-activate|p2a: Great Tusk|ability: Protosynthesis\n|-start|p2a: Great Tusk|protosynthesisatk\n|move|p1a: Mirarah Carey|Chilly Reception|p1a: Mirarah Carey\n|-weather|Snow\n|-end|p2a: Great Tusk|Protosynthesis\n|\n|t:|1700881525\n|switch|p1a: Icarus's hell|Iron Moth|100\/100|[from] Chilly Reception\n|-enditem|p1a: Icarus's hell|Booster Energy\n|-activate|p1a: Icarus's hell|ability: Quark Drive|[fromitem]\n|-start|p1a: Icarus's hell|quarkdrivespe\n|\n|-weather|Snow|[upkeep]\n|upkeep\n|turn|2\n|\n|t:|1700881537\n|-terastallize|p1a: Icarus's hell|Flying\n|move|p1a: Icarus's hell|Fiery Dance|p2a: Great Tusk\n|-damage|p2a: Great Tusk|40\/100\n|-boost|p1a: Icarus's hell|spa|1\n|move|p2a: Great Tusk|Headlong Rush|p1a: Icarus's hell\n|-immune|p1a: Icarus's hell\n|\n|-weather|Snow|[upkeep]\n|upkeep\n|turn|3\n|\n|t:|1700881552\n|-end|p2a: Great Tusk|Protosynthesis|[silent]\n|switch|p2a: Torkoal|Torkoal, M|100\/100\n|-weather|SunnyDay|[from] ability: Drought|[of] p2a: Torkoal\n|move|p1a: Icarus's hell|Fiery Dance|p2a: Torkoal\n|-resisted|p2a: Torkoal\n|-damage|p2a: Torkoal|29\/100\n|-boost|p1a: Icarus's hell|spa|1\n|\n|-weather|SunnyDay|[upkeep]\n|upkeep\n|turn|4\n|\n|t:|1700881582\n|move|p1a: Icarus's hell|Fiery Dance|p2a: Torkoal\n|-resisted|p2a: Torkoal\n|-damage|p2a: Torkoal|0 fnt\n|faint|p2a: Torkoal\n|\n|-weather|SunnyDay|[upkeep]\n|upkeep\n|\n|t:|1700881590\n|switch|p2a: Kingambit|Kingambit, F|100\/100\n|turn|5\n|\n|t:|1700881594\n|move|p1a: Icarus's hell|Fiery Dance|p2a: Kingambit\n|-supereffective|p2a: Kingambit\n|-enditem|p2a: Kingambit|Focus Sash\n|-damage|p2a: Kingambit|1\/100\n|-boost|p1a: Icarus's hell|spa|1\n|move|p2a: Kingambit|Swords Dance|p2a: Kingambit\n|-boost|p2a: Kingambit|atk|2\n|\n|-weather|SunnyDay|[upkeep]\n|upkeep\n|turn|6\n|\n|t:|1700881606\n|move|p2a: Kingambit|Sucker Punch||[still]\n|-fail|p2a: Kingambit\n|move|p1a: Icarus's hell|Substitute|p1a: Icarus's hell\n|-start|p1a: Icarus's hell|Substitute\n|-damage|p1a: Icarus's hell|75\/100\n|\n|-weather|SunnyDay|[upkeep]\n|upkeep\n|turn|7\n|-message|Jesusarroz forfeited.\n|\n|win|BreadSandwichz\n|raw|BreadSandwichz's rating: 1192 &rarr; <strong>1213<\/strong><br \/>(+21 for winning)\n|raw|Jesusarroz's rating: 1134 &rarr; <strong>1113<\/strong><br \/>(-21 for losing)\n|l|\u2606Jesusarroz\n","uploadtime":1700881615,"views":1,"p1id":"breadsandwichz","p2id":"jesusarroz","formatid":"gen9ou","rating":1113,"private":0,"password":""}