{"id":"gen9ou-1993786470","p1":"Cafecombolim","p2":"PottieMSD","format":"[Gen 9] OU","log":"|j|\u2606Cafecombolim\n|j|\u2606PottieMSD\n|t:|1700357120\n|gametype|singles\n|player|p1|Cafecombolim|baker|1215\n|player|p2|PottieMSD|lenora|1348\n|teamsize|p1|6\n|teamsize|p2|6\n|gen|9\n|tier|[Gen 9] OU\n|rated|\n|rule|Sleep Clause Mod: Limit one foe put to sleep\n|rule|Species Clause: Limit one of each Pok\u00e9mon\n|rule|OHKO Clause: OHKO moves are banned\n|rule|Evasion Items Clause: Evasion items are banned\n|rule|Evasion Moves Clause: Evasion moves are banned\n|rule|Endless Battle Clause: Forcing endless battles is banned\n|rule|HP Percentage Mod: HP is shown in percentages\n|clearpoke\n|poke|p1|Ninetales-Alola, F|\n|poke|p1|Scizor, M|\n|poke|p1|Mandibuzz, F|\n|poke|p1|Iron Hands|\n|poke|p1|Iron Valiant|\n|poke|p1|Slowking-Galar, F|\n|poke|p2|Gholdengo|\n|poke|p2|Great Tusk|\n|poke|p2|Ninetales-Alola, F|\n|poke|p2|Slowking-Galar, F|\n|poke|p2|Meowscarada, M|\n|poke|p2|Thundurus-Therian, M|\n|teampreview\n|inactive|Battle timer is ON: inactive players will automatically lose when time's up. (requested by PottieMSD)\n|\n|t:|1700357137\n|start\n|switch|p1a: Scizor|Scizor, M|100\/100\n|switch|p2a: Thundurus|Thundurus-Therian, M|100\/100\n|turn|1\n|\n|t:|1700357142\n|move|p2a: Thundurus|Volt Switch|p1a: Scizor\n|-damage|p1a: Scizor|29\/100\n|\n|t:|1700357155\n|switch|p2a: Great Tusk|Great Tusk|100\/100|[from] Volt Switch\n|move|p1a: Scizor|Tailwind|p1a: Scizor\n|-sidestart|p1: Cafecombolim|move: Tailwind\n|\n|-heal|p1a: Scizor|35\/100|[from] item: Leftovers\n|upkeep\n|turn|2\n|\n|t:|1700357162\n|move|p1a: Scizor|U-turn|p2a: Great Tusk\n|-resisted|p2a: Great Tusk\n|-damage|p2a: Great Tusk|88\/100\n|\n|t:|1700357182\n|switch|p1a: Iron Valiant|Iron Valiant|100\/100|[from] U-turn\n|-enditem|p1a: Iron Valiant|Booster Energy\n|-activate|p1a: Iron Valiant|ability: Quark Drive|[fromitem]\n|-start|p1a: Iron Valiant|quarkdrivespe\n|move|p2a: Great Tusk|Stealth Rock|p1a: Iron Valiant\n|-sidestart|p1: Cafecombolim|move: Stealth Rock\n|\n|upkeep\n|turn|3\n|\n|t:|1700357198\n|-end|p2a: Great Tusk|Protosynthesis|[silent]\n|switch|p2a: Slowking|Slowking-Galar, F|100\/100\n|move|p1a: Iron Valiant|Moonblast|p2a: Slowking\n|-resisted|p2a: Slowking\n|-damage|p2a: Slowking|88\/100\n|\n|upkeep\n|turn|4\n|\n|t:|1700357206\n|move|p1a: Iron Valiant|Thunderbolt|p2a: Slowking\n|-damage|p2a: Slowking|70\/100\n|move|p2a: Slowking|Sludge Bomb|p1a: Iron Valiant\n|-supereffective|p1a: Iron Valiant\n|-damage|p1a: Iron Valiant|0 fnt\n|faint|p1a: Iron Valiant\n|-end|p1a: Iron Valiant|Quark Drive|[silent]\n|\n|-sideend|p1: Cafecombolim|move: Tailwind\n|upkeep\n|\n|t:|1700357215\n|switch|p1a: Mandibuzz|Mandibuzz, F|100\/100\n|turn|5\n|\n|t:|1700357232\n|move|p1a: Mandibuzz|U-turn|p2a: Slowking\n|-damage|p2a: Slowking|58\/100\n|inactive|Cafecombolim has 120 seconds left.\n|\n|t:|1700357272\n|switch|p1a: Slowking|Slowking-Galar, F|100\/100|[from] U-turn\n|-damage|p1a: Slowking|88\/100|[from] Stealth Rock\n|move|p2a: Slowking|Sludge Bomb|p1a: Slowking\n|-resisted|p1a: Slowking\n|-damage|p1a: Slowking|75\/100\n|\n|-heal|p1a: Slowking|81\/100|[from] item: Leftovers\n|upkeep\n|turn|6\n|\n|t:|1700357280\n|move|p1a: Slowking|Future Sight|p2a: Slowking\n|-start|p1a: Slowking|move: Future Sight\n|move|p2a: Slowking|Future Sight|p1a: Slowking\n|-start|p2a: Slowking|move: Future Sight\n|\n|-heal|p1a: Slowking|87\/100|[from] item: Leftovers\n|upkeep\n|turn|7\n|\n|t:|1700357294\n|switch|p2a: Meowscarada|Meowscarada, M, shiny|100\/100\n|move|p1a: Slowking|Chilly Reception|p1a: Slowking\n|-weather|Snow\n|-message|Cafecombolim forfeited.\n|\n|win|PottieMSD\n|raw|Cafecombolim's rating: 1215 &rarr; <strong>1199<\/strong><br \/>(-16 for losing)\n|raw|PottieMSD's rating: 1348 &rarr; <strong>1361<\/strong><br \/>(+13 for winning)\n|l|\u2606Cafecombolim\n","uploadtime":1700357326,"views":14,"p1id":"cafecombolim","p2id":"pottiemsd","formatid":"gen9ou","rating":1199,"private":0,"password":""}