{"id":"gen9ou-1990532883","p1":"Bumpkin11","p2":"WettyBoy","format":"[Gen 9] OU","log":"|j|\u2606Bumpkin11\n|j|\u2606WettyBoy\n|t:|1699979252\n|gametype|singles\n|player|p1|Bumpkin11|youngster-gen4dp|1231\n|player|p2|WettyBoy|clair|1169\n|teamsize|p1|6\n|teamsize|p2|6\n|gen|9\n|tier|[Gen 9] OU\n|rated|\n|rule|Sleep Clause Mod: Limit one foe put to sleep\n|rule|Species Clause: Limit one of each Pok\u00e9mon\n|rule|OHKO Clause: OHKO moves are banned\n|rule|Evasion Items Clause: Evasion items are banned\n|rule|Evasion Moves Clause: Evasion moves are banned\n|rule|Endless Battle Clause: Forcing endless battles is banned\n|rule|HP Percentage Mod: HP is shown in percentages\n|clearpoke\n|poke|p1|Amoonguss, M|\n|poke|p1|Great Tusk|\n|poke|p1|Goodra-Hisui, F|\n|poke|p1|Cinderace, F|\n|poke|p1|Thundurus-Therian, M|\n|poke|p1|Walking Wake|\n|poke|p2|Manaphy|\n|poke|p2|Kilowattrel, F|\n|poke|p2|Iron Valiant|\n|poke|p2|Sinistcha|\n|poke|p2|Glimmora, M|\n|poke|p2|Great Tusk|\n|teampreview\n|inactive|Battle timer is ON: inactive players will automatically lose when time's up. (requested by Bumpkin11)\n|inactive|WettyBoy also wants the timer to be on.\n|\n|t:|1699979281\n|start\n|switch|p1a: Cinderace|Cinderace, F|100\/100\n|switch|p2a: Kilowattrel|Kilowattrel, F|100\/100\n|turn|1\n|\n|t:|1699979288\n|move|p2a: Kilowattrel|Discharge|p1a: Cinderace\n|-damage|p1a: Cinderace|60\/100\n|move|p1a: Cinderace|Pyro Ball|p2a: Kilowattrel\n|-damage|p2a: Kilowattrel|8\/100\n|\n|upkeep\n|turn|2\n|inactive|WettyBoy has 120 seconds left.\n|\n|t:|1699979325\n|move|p2a: Kilowattrel|Discharge|p1a: Cinderace\n|-damage|p1a: Cinderace|19\/100\n|-status|p1a: Cinderace|par\n|move|p1a: Cinderace|U-turn|p2a: Kilowattrel\n|-start|p1a: Cinderace|typechange|Bug|[from] ability: Libero\n|-resisted|p2a: Kilowattrel\n|-damage|p2a: Kilowattrel|0 fnt\n|faint|p2a: Kilowattrel\n|\n|t:|1699979338\n|switch|p1a: Thundurus|Thundurus-Therian, M|100\/100|[from] U-turn\n|\n|upkeep\n|inactive|WettyBoy has 120 seconds left.\n|\n|t:|1699979364\n|switch|p2a: Manaphy|Manaphy|100\/100\n|turn|3\n|\n|t:|1699979369\n|-terastallize|p2a: Manaphy|Dragon\n|move|p1a: Thundurus|Volt Switch|p2a: Manaphy\n|-resisted|p2a: Manaphy\n|-damage|p2a: Manaphy|85\/100\n|\n|t:|1699979373\n|switch|p1a: Goodra|Goodra-Hisui, F|100\/100|[from] Volt Switch\n|move|p2a: Manaphy|Ice Beam|p1a: Goodra\n|-damage|p1a: Goodra|82\/100\n|\n|upkeep\n|turn|4\n|\n|t:|1699979378\n|switch|p2a: Glimmora|Glimmora, M|100\/100\n|move|p1a: Goodra|Dragon Tail|p2a: Glimmora\n|-damage|p2a: Glimmora|82\/100\n|-activate|p2a: Glimmora|ability: Toxic Debris\n|-sidestart|p1: Bumpkin11|move: Toxic Spikes\n|drag|p2a: Great Tusk|Great Tusk|100\/100\n|\n|upkeep\n|turn|5\n|\n|t:|1699979390\n|move|p2a: Great Tusk|Headlong Rush|p1a: Goodra\n|-supereffective|p1a: Goodra\n|-damage|p1a: Goodra|18\/100\n|-unboost|p2a: Great Tusk|def|1\n|-unboost|p2a: Great Tusk|spd|1\n|-ability|p1a: Goodra|Gooey\n|-unboost|p2a: Great Tusk|spe|1\n|move|p1a: Goodra|Counter|p2a: Great Tusk\n|-damage|p2a: Great Tusk|0 fnt\n|faint|p2a: Great Tusk\n|-end|p2a: Great Tusk|Protosynthesis|[silent]\n|\n|upkeep\n|\n|t:|1699979406\n|switch|p2a: Manaphy|Manaphy, tera:Dragon|85\/100\n|turn|6\n|\n|t:|1699979409\n|move|p2a: Manaphy|Scald|p1a: Goodra\n|-resisted|p1a: Goodra\n|-damage|p1a: Goodra|4\/100\n|-status|p1a: Goodra|brn\n|move|p1a: Goodra|Dragon Tail|p2a: Manaphy|[miss]\n|-miss|p1a: Goodra|p2a: Manaphy\n|\n|-damage|p1a: Goodra|0 fnt|[from] brn\n|faint|p1a: Goodra\n|upkeep\n|\n|t:|1699979419\n|switch|p1a: Amoonguss|Amoonguss, M|100\/100\n|-sideend|p1: Bumpkin11|move: Toxic Spikes|[of] p1a: Amoonguss\n|turn|7\n|\n|t:|1699979429\n|switch|p2a: Sinistcha|Sinistcha|100\/100\n|move|p1a: Amoonguss|Spore|p2a: Sinistcha\n|-immune|p2a: Sinistcha\n|\n|upkeep\n|turn|8\n|\n|t:|1699979435\n|move|p2a: Sinistcha|Calm Mind|p2a: Sinistcha\n|-boost|p2a: Sinistcha|spa|1\n|-boost|p2a: Sinistcha|spd|1\n|move|p1a: Amoonguss|Sludge Bomb|p2a: Sinistcha\n|-damage|p2a: Sinistcha|85\/100\n|\n|upkeep\n|turn|9\n|\n|t:|1699979440\n|move|p2a: Sinistcha|Shadow Ball|p1a: Amoonguss\n|-damage|p1a: Amoonguss|61\/100\n|-enditem|p1a: Amoonguss|Red Card|[of] p2a: Sinistcha\n|drag|p2a: Glimmora|Glimmora, M|82\/100\n|move|p1a: Amoonguss|Clear Smog|p2a: Glimmora\n|-resisted|p2a: Glimmora\n|-damage|p2a: Glimmora|78\/100\n|-clearboost|p2a: Glimmora\n|\n|upkeep\n|turn|10\n|\n|t:|1699979449\n|move|p2a: Glimmora|Stealth Rock|p1a: Amoonguss\n|-sidestart|p1: Bumpkin11|move: Stealth Rock\n|move|p1a: Amoonguss|Sludge Bomb|p2a: Glimmora\n|-resisted|p2a: Glimmora\n|-damage|p2a: Glimmora|71\/100\n|\n|upkeep\n|turn|11\n|\n|t:|1699979454\n|move|p2a: Glimmora|Mortal Spin|p1a: Amoonguss\n|-damage|p1a: Amoonguss|57\/100\n|move|p1a: Amoonguss|Sludge Bomb|p2a: Glimmora\n|-resisted|p2a: Glimmora\n|-damage|p2a: Glimmora|63\/100\n|\n|upkeep\n|turn|12\n|\n|t:|1699979458\n|move|p2a: Glimmora|Spikes|p1a: Amoonguss\n|-sidestart|p1: Bumpkin11|Spikes\n|move|p1a: Amoonguss|Spore|p2a: Glimmora\n|-status|p2a: Glimmora|slp|[from] move: Spore\n|\n|upkeep\n|turn|13\n|\n|t:|1699979473\n|switch|p2a: Manaphy|Manaphy, tera:Dragon|85\/100\n|switch|p1a: Cinderace|Cinderace, F|19\/100 par\n|\n|upkeep\n|turn|14\n|\n|t:|1699979500\n|switch|p1a: Amoonguss|Amoonguss, M|90\/100\n|-damage|p1a: Amoonguss|78\/100|[from] Stealth Rock\n|-damage|p1a: Amoonguss|65\/100|[from] Spikes\n|move|p2a: Manaphy|Flip Turn|p1a: Amoonguss\n|-resisted|p1a: Amoonguss\n|-damage|p1a: Amoonguss|58\/100\n|\n|t:|1699979514\n|switch|p2a: Sinistcha|Sinistcha|85\/100|[from] Flip Turn\n|\n|upkeep\n|turn|15\n|\n|t:|1699979531\n|move|p2a: Sinistcha|Calm Mind|p2a: Sinistcha\n|-boost|p2a: Sinistcha|spa|1\n|-boost|p2a: Sinistcha|spd|1\n|move|p1a: Amoonguss|Clear Smog|p2a: Sinistcha\n|-damage|p2a: Sinistcha|76\/100\n|-clearboost|p2a: Sinistcha\n|\n|upkeep\n|turn|16\n|\n|t:|1699979545\n|switch|p1a: Great Tusk|Great Tusk|100\/100\n|-damage|p1a: Great Tusk|98\/100|[from] Stealth Rock\n|-damage|p1a: Great Tusk|85\/100|[from] Spikes\n|move|p2a: Sinistcha|Shadow Ball|p1a: Great Tusk\n|-damage|p1a: Great Tusk|35\/100\n|\n|upkeep\n|turn|17\n|\n|t:|1699979554\n|move|p1a: Great Tusk|Knock Off|p2a: Sinistcha\n|-supereffective|p2a: Sinistcha\n|-damage|p2a: Sinistcha|17\/100\n|-enditem|p2a: Sinistcha|Covert Cloak|[from] move: Knock Off|[of] p1a: Great Tusk\n|move|p2a: Sinistcha|Matcha Gotcha|p1a: Great Tusk\n|-supereffective|p1a: Great Tusk\n|-damage|p1a: Great Tusk|0 fnt\n|-heal|p2a: Sinistcha|35\/100|[from] drain|[of] p1a: Great Tusk\n|faint|p1a: Great Tusk\n|-end|p1a: Great Tusk|Protosynthesis|[silent]\n|\n|upkeep\n|\n|t:|1699979562\n|switch|p1a: Thundurus|Thundurus-Therian, M|100\/100\n|turn|18\n|\n|t:|1699979571\n|switch|p2a: Glimmora|Glimmora, M|63\/100 slp\n|-terastallize|p1a: Thundurus|Flying\n|move|p1a: Thundurus|Tera Blast|p2a: Glimmora|[anim] Tera Blast Flying\n|-resisted|p2a: Glimmora\n|-damage|p2a: Glimmora|31\/100 slp\n|\n|upkeep\n|turn|19\n|\n|t:|1699979580\n|move|p1a: Thundurus|Volt Switch|p2a: Glimmora\n|-damage|p2a: Glimmora|0 fnt\n|faint|p2a: Glimmora\n|\n|t:|1699979591\n|switch|p1a: Cinderace|Cinderace, F|19\/100 par|[from] Volt Switch\n|\n|upkeep\n|\n|t:|1699979595\n|switch|p2a: Manaphy|Manaphy, tera:Dragon|85\/100\n|turn|20\n|\n|t:|1699979601\n|move|p2a: Manaphy|Scald|p1a: Cinderace\n|-supereffective|p1a: Cinderace\n|-damage|p1a: Cinderace|0 fnt\n|faint|p1a: Cinderace\n|\n|upkeep\n|\n|t:|1699979614\n|switch|p1a: Thundurus|Thundurus-Therian, M, tera:Flying|100\/100\n|turn|21\n|\n|t:|1699979623\n|move|p1a: Thundurus|Tera Blast|p2a: Manaphy|[anim] Tera Blast Flying\n|-damage|p2a: Manaphy|37\/100\n|move|p2a: Manaphy|Scald|p1a: Thundurus\n|-damage|p1a: Thundurus|21\/100\n|\n|upkeep\n|turn|22\n|\n|t:|1699979629\n|move|p1a: Thundurus|Tera Blast|p2a: Manaphy|[anim] Tera Blast Flying\n|-damage|p2a: Manaphy|0 fnt\n|faint|p2a: Manaphy\n|\n|upkeep\n|\n|t:|1699979632\n|switch|p2a: Iron Valiant|Iron Valiant|100\/100\n|-enditem|p2a: Iron Valiant|Booster Energy\n|-activate|p2a: Iron Valiant|ability: Quark Drive|[fromitem]\n|-start|p2a: Iron Valiant|quarkdrivespe\n|turn|23\n|\n|t:|1699979635\n|switch|p1a: Amoonguss|Amoonguss, M|92\/100\n|-damage|p1a: Amoonguss|79\/100|[from] Stealth Rock\n|-damage|p1a: Amoonguss|67\/100|[from] Spikes\n|move|p2a: Iron Valiant|Moonblast|p1a: Amoonguss\n|-resisted|p1a: Amoonguss\n|-damage|p1a: Amoonguss|45\/100\n|\n|upkeep\n|turn|24\n|\n|t:|1699979643\n|-end|p2a: Iron Valiant|Quark Drive|[silent]\n|switch|p2a: Sinistcha|Sinistcha|35\/100\n|move|p1a: Amoonguss|Sludge Bomb|p2a: Sinistcha\n|-crit|p2a: Sinistcha\n|-damage|p2a: Sinistcha|1\/100\n|\n|upkeep\n|turn|25\n|\n|t:|1699979653\n|move|p2a: Sinistcha|Strength Sap|p1a: Amoonguss\n|-unboost|p1a: Amoonguss|atk|1\n|-heal|p2a: Sinistcha|55\/100\n|move|p1a: Amoonguss|Sludge Bomb|p2a: Sinistcha\n|-damage|p2a: Sinistcha|28\/100\n|\n|upkeep\n|turn|26\n|\n|t:|1699979670\n|switch|p1a: Walking Wake|Walking Wake|100\/100\n|-damage|p1a: Walking Wake|88\/100|[from] Stealth Rock\n|-damage|p1a: Walking Wake|76\/100|[from] Spikes\n|move|p2a: Sinistcha|Shadow Ball|p1a: Walking Wake\n|-damage|p1a: Walking Wake|39\/100\n|\n|upkeep\n|turn|27\n|\n|t:|1699979682\n|move|p1a: Walking Wake|Scald|p2a: Sinistcha\n|-resisted|p2a: Sinistcha\n|-damage|p2a: Sinistcha|1\/100\n|move|p2a: Sinistcha|Matcha Gotcha|p1a: Walking Wake\n|-damage|p1a: Walking Wake|0 fnt\n|-heal|p2a: Sinistcha|20\/100|[from] drain|[of] p1a: Walking Wake\n|faint|p1a: Walking Wake\n|-end|p1a: Walking Wake|Protosynthesis|[silent]\n|\n|upkeep\n|\n|t:|1699979687\n|switch|p1a: Thundurus|Thundurus-Therian, M, tera:Flying|21\/100\n|turn|28\n|\n|t:|1699979692\n|move|p1a: Thundurus|Volt Switch|p2a: Sinistcha\n|-resisted|p2a: Sinistcha\n|-damage|p2a: Sinistcha|3\/100\n|-message|Bumpkin11 forfeited.\n|\n|win|WettyBoy\n|raw|Bumpkin11's rating: 1231 &rarr; <strong>1202<\/strong><br \/>(-29 for losing)\n|raw|WettyBoy's rating: 1169 &rarr; <strong>1198<\/strong><br \/>(+29 for winning)\n|l|\u2606Bumpkin11\n","uploadtime":1699979702,"views":6,"p1id":"bumpkin11","p2id":"wettyboy","formatid":"gen9ou","rating":1198,"private":0,"password":""}