{"id":"gen9ou-1992347394","p1":"Airi Pearl","p2":"1LDK","format":"[Gen 9] OU","log":"|j|\u2606Airi Pearl\n|j|\u26061LDK\n|t:|1700177196\n|gametype|singles\n|player|p1|Airi Pearl|#wcop2023latinamerica2|\n|player|p2|1LDK|jasmine-masters2|\n|teamsize|p1|6\n|teamsize|p2|6\n|gen|9\n|tier|[Gen 9] OU\n|rule|Sleep Clause Mod: Limit one foe put to sleep\n|rule|Species Clause: Limit one of each Pok\u00e9mon\n|rule|OHKO Clause: OHKO moves are banned\n|rule|Evasion Items Clause: Evasion items are banned\n|rule|Evasion Moves Clause: Evasion moves are banned\n|rule|Endless Battle Clause: Forcing endless battles is banned\n|rule|HP Percentage Mod: HP is shown in percentages\n|clearpoke\n|poke|p1|Great Tusk|\n|poke|p1|Ogerpon-Wellspring, F|\n|poke|p1|Dragonite, M|\n|poke|p1|Kingambit, M|\n|poke|p1|Dragapult, M|\n|poke|p1|Slowking-Galar, M|\n|poke|p2|Crawdaunt, F|\n|poke|p2|Zapdos|\n|poke|p2|Cinderace, M|\n|poke|p2|Rillaboom, F|\n|poke|p2|Kingambit, M|\n|poke|p2|Garganacl, M|\n|teampreview\n|inactive|Battle timer is ON: inactive players will automatically lose when time's up. (requested by 1LDK)\n|c|\u26061LDK|buena suerte\n|c|\u2606Airi Pearl|u2\n|inactive|1LDK has 270 seconds left.\n|inactive|1LDK has 240 seconds left.\n|inactive|1LDK has 210 seconds left.\n|inactive|1LDK has 180 seconds left.\n|\n|t:|1700177330\n|start\n|switch|p1a: Dragonite|Dragonite, M, shiny|100\/100\n|switch|p2a: Zapdos|Zapdos|100\/100\n|turn|1\n|\n|t:|1700177345\n|move|p1a: Dragonite|Ice Spinner|p2a: Zapdos\n|-supereffective|p2a: Zapdos\n|-damage|p2a: Zapdos|28\/100\n|move|p2a: Zapdos|Thunder Wave|p1a: Dragonite\n|-status|p1a: Dragonite|par\n|\n|upkeep\n|turn|2\n|inactive|1LDK has 240 seconds left.\n|\n|t:|1700177375\n|switch|p1a: Great Tusk|Great Tusk, shiny|100\/100\n|move|p2a: Zapdos|Volt Switch|p1a: Great Tusk\n|-immune|p1a: Great Tusk\n|\n|upkeep\n|turn|3\n|\n|t:|1700177389\n|move|p1a: Great Tusk|Knock Off|p2a: Zapdos\n|-damage|p2a: Zapdos|9\/100\n|-enditem|p2a: Zapdos|Heavy-Duty Boots|[from] move: Knock Off|[of] p1a: Great Tusk\n|move|p2a: Zapdos|Hurricane|p1a: Great Tusk\n|-supereffective|p1a: Great Tusk\n|-damage|p1a: Great Tusk|0 fnt\n|faint|p1a: Great Tusk\n|-end|p1a: Great Tusk|Protosynthesis|[silent]\n|\n|upkeep\n|\n|t:|1700177394\n|switch|p1a: Dragapult|Dragapult, M, shiny|100\/100\n|turn|4\n|j| tempo di anguria\n|\n|t:|1700177408\n|switch|p2a: Garganacl|Garganacl, M|100\/100\n|move|p1a: Dragapult|Shadow Ball|p2a: Garganacl\n|-damage|p2a: Garganacl|80\/100\n|\n|-heal|p2a: Garganacl|87\/100|[from] item: Leftovers\n|upkeep\n|turn|5\n|c| tempo di anguria|uwu\n|\n|t:|1700177414\n|switch|p1a: Slowking|Slowking-Galar, M, shiny|100\/100\n|move|p2a: Garganacl|Salt Cure|p1a: Slowking\n|-damage|p1a: Slowking|91\/100\n|-start|p1a: Slowking|Salt Cure\n|\n|-heal|p2a: Garganacl|93\/100|[from] item: Leftovers\n|-damage|p1a: Slowking|79\/100|[from] Salt Cure\n|upkeep\n|turn|6\n|\n|t:|1700177420\n|switch|p2a: Crawdaunt|Crawdaunt, F|100\/100\n|move|p1a: Slowking|Future Sight|p2a: Crawdaunt\n|-start|p1a: Slowking|move: Future Sight\n|\n|-damage|p1a: Slowking|66\/100|[from] Salt Cure\n|upkeep\n|turn|7\n|\n|t:|1700177430\n|switch|p1a: Ogerpon|Ogerpon-Wellspring, F|100\/100\n|move|p2a: Crawdaunt|Knock Off|p1a: Ogerpon\n|-damage|p1a: Ogerpon|24\/100\n|-damage|p2a: Crawdaunt|91\/100|[from] item: Life Orb\n|\n|upkeep\n|turn|8\n|\n|t:|1700177445\n|switch|p2a: Zapdos|Zapdos|9\/100\n|move|p1a: Ogerpon|Power Whip|p2a: Zapdos\n|-resisted|p2a: Zapdos\n|-damage|p2a: Zapdos|0 fnt\n|-status|p1a: Ogerpon|par|[from] ability: Static|[of] p2a: Zapdos\n|faint|p2a: Zapdos\n|\n|-hint|Future Sight did not hit because the target is fainted.\n|upkeep\n|inactive|1LDK has 240 seconds left.\n|\n|t:|1700177463\n|switch|p2a: Cinderace|Cinderace, M|100\/100\n|turn|9\n|c|\u2606Airi Pearl|me pasa por usar un team q no he usado ni una sola vez :v\n|\n|t:|1700177467\n|switch|p1a: Dragapult|Dragapult, M, shiny|100\/100\n|move|p2a: Cinderace|U-turn|p1a: Dragapult\n|-resisted|p1a: Dragapult\n|-damage|p1a: Dragapult|89\/100\n|inactive|1LDK has 240 seconds left.\n|\n|t:|1700177478\n|switch|p2a: Garganacl|Garganacl, M|93\/100|[from] U-turn\n|\n|-heal|p2a: Garganacl|99\/100|[from] item: Leftovers\n|upkeep\n|turn|10\n|inactive|1LDK has 240 seconds left.\n|\n|t:|1700177491\n|move|p1a: Dragapult|U-turn|p2a: Garganacl\n|-damage|p2a: Garganacl|87\/100\n|\n|t:|1700177495\n|switch|p1a: Dragonite|Dragonite, M, shiny|100\/100 par|[from] U-turn\n|move|p2a: Garganacl|Salt Cure|p1a: Dragonite\n|-supereffective|p1a: Dragonite\n|-damage|p1a: Dragonite|86\/100 par\n|-start|p1a: Dragonite|Salt Cure\n|\n|-heal|p2a: Garganacl|94\/100|[from] item: Leftovers\n|-damage|p1a: Dragonite|73\/100 par|[from] Salt Cure\n|upkeep\n|turn|11\n|inactive|1LDK has 240 seconds left.\n|inactive|1LDK has 210 seconds left.\n|c| tempo di anguria|No entiendo c\u00f3mo es humanamente posible que en todas las cosas q estoy con Mario se va negativo jajajaja\n|\n|t:|1700177563\n|switch|p2a: Crawdaunt|Crawdaunt, F|91\/100\n|move|p1a: Dragonite|Ice Spinner|p2a: Crawdaunt\n|-resisted|p2a: Crawdaunt\n|-damage|p2a: Crawdaunt|57\/100\n|\n|-damage|p1a: Dragonite|61\/100 par|[from] Salt Cure\n|upkeep\n|turn|12\n|\n|t:|1700177572\n|move|p2a: Crawdaunt|Knock Off|p1a: Dragonite\n|-damage|p1a: Dragonite|0 fnt\n|-enditem|p1a: Dragonite|Choice Band|[from] move: Knock Off|[of] p2a: Crawdaunt\n|faint|p1a: Dragonite\n|-damage|p2a: Crawdaunt|47\/100|[from] item: Life Orb\n|\n|upkeep\n|\n|t:|1700177581\n|switch|p1a: Dragapult|Dragapult, M, shiny|89\/100\n|turn|13\n|inactive|1LDK has 180 seconds left.\n|\n|t:|1700177613\n|switch|p2a: Garganacl|Garganacl, M|94\/100\n|move|p1a: Dragapult|U-turn|p2a: Garganacl\n|-damage|p2a: Garganacl|83\/100\n|\n|t:|1700177618\n|switch|p1a: Kingambit|Kingambit, M, shiny|100\/100|[from] U-turn\n|-activate|p1a: Kingambit|ability: Supreme Overlord\n|-start|p1a: Kingambit|fallen2|[silent]\n|\n|-heal|p2a: Garganacl|89\/100|[from] item: Leftovers\n|upkeep\n|turn|14\n|\n|t:|1700177631\n|move|p1a: Kingambit|Kowtow Cleave|p2a: Garganacl\n|-damage|p2a: Garganacl|50\/100\n|move|p2a: Garganacl|Salt Cure|p1a: Kingambit\n|-resisted|p1a: Kingambit\n|-damage|p1a: Kingambit|95\/100\n|-start|p1a: Kingambit|Salt Cure\n|\n|-heal|p1a: Kingambit|100\/100|[from] item: Leftovers\n|-heal|p2a: Garganacl|56\/100|[from] item: Leftovers\n|-damage|p1a: Kingambit|76\/100|[from] Salt Cure\n|upkeep\n|turn|15\n|inactive|1LDK has 180 seconds left.\n|\n|t:|1700177669\n|-end|p1a: Kingambit|fallen2|[silent]\n|switch|p1a: Ogerpon|Ogerpon-Wellspring, F|24\/100 par\n|move|p2a: Garganacl|Recover|p2a: Garganacl\n|-heal|p2a: Garganacl|100\/100\n|\n|upkeep\n|turn|16\n|\n|t:|1700177679\n|switch|p2a: Cinderace|Cinderace, M|100\/100\n|cant|p1a: Ogerpon|par\n|\n|upkeep\n|turn|17\n|c|\u2606Airi Pearl|kek\n|c|\u2606Airi Pearl|ganaba\n|c|\u2606Airi Pearl|con esa play\n|\n|t:|1700177697\n|switch|p1a: Dragapult|Dragapult, M, shiny|89\/100\n|move|p2a: Cinderace|U-turn|p1a: Dragapult\n|-resisted|p1a: Dragapult\n|-damage|p1a: Dragapult|77\/100\n|\n|t:|1700177726\n|switch|p2a: Garganacl|Garganacl, M|100\/100|[from] U-turn\n|\n|upkeep\n|turn|18\n|\n|t:|1700177732\n|move|p1a: Dragapult|U-turn|p2a: Garganacl\n|-damage|p2a: Garganacl|88\/100\n|\n|t:|1700177735\n|switch|p1a: Slowking|Slowking-Galar, M, shiny|99\/100|[from] U-turn\n|move|p2a: Garganacl|Salt Cure|p1a: Slowking\n|-damage|p1a: Slowking|89\/100\n|-start|p1a: Slowking|Salt Cure\n|\n|-heal|p2a: Garganacl|95\/100|[from] item: Leftovers\n|-damage|p1a: Slowking|77\/100|[from] Salt Cure\n|upkeep\n|turn|19\n|\n|t:|1700177744\n|move|p2a: Garganacl|Curse|p2a: Garganacl\n|-unboost|p2a: Garganacl|spe|1\n|-boost|p2a: Garganacl|atk|1\n|-boost|p2a: Garganacl|def|1\n|move|p1a: Slowking|Grass Knot|p2a: Garganacl\n|-supereffective|p2a: Garganacl\n|-damage|p2a: Garganacl|57\/100\n|\n|-heal|p2a: Garganacl|64\/100|[from] item: Leftovers\n|-damage|p1a: Slowking|64\/100|[from] Salt Cure\n|upkeep\n|turn|20\n|inactive|1LDK has 180 seconds left.\n|\n|t:|1700177757\n|move|p2a: Garganacl|Recover|p2a: Garganacl\n|-heal|p2a: Garganacl|100\/100\n|move|p1a: Slowking|Future Sight|p2a: Garganacl\n|-start|p1a: Slowking|move: Future Sight\n|\n|-damage|p1a: Slowking|52\/100|[from] Salt Cure\n|upkeep\n|turn|21\n|\n|t:|1700177765\n|move|p2a: Garganacl|Salt Cure|p1a: Slowking\n|-damage|p1a: Slowking|38\/100\n|move|p1a: Slowking|Grass Knot|p2a: Garganacl\n|-supereffective|p2a: Garganacl\n|-damage|p2a: Garganacl|63\/100\n|\n|-heal|p2a: Garganacl|69\/100|[from] item: Leftovers\n|-damage|p1a: Slowking|25\/100|[from] Salt Cure\n|upkeep\n|turn|22\n|\n|t:|1700177772\n|switch|p1a: Ogerpon|Ogerpon-Wellspring, F|24\/100 par\n|move|p2a: Garganacl|Recover|p2a: Garganacl\n|-heal|p2a: Garganacl|100\/100\n|\n|-end|p2a: Garganacl|move: Future Sight\n|-damage|p2a: Garganacl|71\/100\n|-heal|p2a: Garganacl|77\/100|[from] item: Leftovers\n|upkeep\n|turn|23\n|\n|t:|1700177782\n|switch|p2a: Cinderace|Cinderace, M|100\/100\n|move|p1a: Ogerpon|Power Whip|p2a: Cinderace\n|-resisted|p2a: Cinderace\n|-damage|p2a: Cinderace|57\/100\n|\n|upkeep\n|turn|24\n|\n|t:|1700177789\n|switch|p1a: Dragapult|Dragapult, M, shiny|77\/100\n|move|p2a: Cinderace|U-turn|p1a: Dragapult\n|-resisted|p1a: Dragapult\n|-damage|p1a: Dragapult|65\/100\n|\n|t:|1700177795\n|switch|p2a: Kingambit|Kingambit, M|100\/100|[from] U-turn\n|-activate|p2a: Kingambit|ability: Supreme Overlord\n|-start|p2a: Kingambit|fallen1|[silent]\n|\n|upkeep\n|turn|25\n|inactive|1LDK has 210 seconds left.\n|\n|t:|1700177826\n|-terastallize|p1a: Dragapult|Fairy\n|move|p1a: Dragapult|Flamethrower|p2a: Kingambit\n|-supereffective|p2a: Kingambit\n|-damage|p2a: Kingambit|23\/100\n|move|p2a: Kingambit|Kowtow Cleave|p1a: Dragapult\n|-resisted|p1a: Dragapult\n|-damage|p1a: Dragapult|32\/100\n|\n|-heal|p2a: Kingambit|29\/100|[from] item: Leftovers\n|upkeep\n|turn|26\n|\n|t:|1700177841\n|switch|p1a: Ogerpon|Ogerpon-Wellspring, F|24\/100 par\n|move|p2a: Kingambit|Sucker Punch||[still]\n|-fail|p2a: Kingambit\n|\n|-heal|p2a: Kingambit|35\/100|[from] item: Leftovers\n|upkeep\n|turn|27\n|c|\u2606Airi Pearl|,\n|c|\u2606Airi Pearl|por que hacen plays de mierdaaaa\n|c|\u2606Airi Pearl|Dios\n|\n|t:|1700177858\n|switch|p1a: Kingambit|Kingambit, M, shiny|76\/100\n|-activate|p1a: Kingambit|ability: Supreme Overlord\n|-start|p1a: Kingambit|fallen2|[silent]\n|-end|p2a: Kingambit|fallen1|[silent]\n|switch|p2a: Cinderace|Cinderace, M|57\/100\n|\n|-heal|p1a: Kingambit|82\/100|[from] item: Leftovers\n|upkeep\n|turn|28\n|c| tempo di anguria|Le\u00eddo\n|c|\u26061LDK|airi\n|c|\u26061LDK|tienes encore\n|inactive|1LDK has 180 seconds left.\n|c|\u26061LDK|tu lo ssabes\n|c|\u26061LDK|yo lo se\n|c|\u26061LDK|todo el mundo lo sabe\n|c|\u26061LDK|no subestimes el cagon pre game\n|\n|t:|1700177895\n|-end|p1a: Kingambit|fallen2|[silent]\n|switch|p1a: Slowking|Slowking-Galar, M, shiny|59\/100\n|move|p2a: Cinderace|Will-O-Wisp|p1a: Slowking\n|-status|p1a: Slowking|brn\n|\n|-damage|p1a: Slowking|53\/100 brn|[from] brn\n|upkeep\n|turn|29\n|c|\u2606Airi Pearl|no tengo encore\n|c|\u2606Airi Pearl|kek\n|c|\u26061LDK|y yo tengo novia\n|c|\u26061LDK|kek\n|inactive|Airi Pearl has 270 seconds left.\n|\n|t:|1700177932\n|move|p2a: Cinderace|U-turn|p1a: Slowking\n|-damage|p1a: Slowking|39\/100 brn\n|\n|t:|1700177935\n|switch|p2a: Crawdaunt|Crawdaunt, F|47\/100|[from] U-turn\n|move|p1a: Slowking|Sludge Bomb|p2a: Crawdaunt\n|-damage|p2a: Crawdaunt|0 fnt\n|faint|p2a: Crawdaunt\n|\n|-damage|p1a: Slowking|33\/100 brn|[from] brn\n|upkeep\n|\n|t:|1700177941\n|switch|p2a: Kingambit|Kingambit, M|35\/100\n|-activate|p2a: Kingambit|ability: Supreme Overlord\n|-start|p2a: Kingambit|fallen2|[silent]\n|turn|30\n|\n|t:|1700177946\n|switch|p1a: Kingambit|Kingambit, M, shiny|82\/100\n|-activate|p1a: Kingambit|ability: Supreme Overlord\n|-start|p1a: Kingambit|fallen2|[silent]\n|move|p2a: Kingambit|Kowtow Cleave|p1a: Kingambit\n|-resisted|p1a: Kingambit\n|-damage|p1a: Kingambit|59\/100\n|\n|-heal|p1a: Kingambit|65\/100|[from] item: Leftovers\n|-heal|p2a: Kingambit|42\/100|[from] item: Leftovers\n|upkeep\n|turn|31\n|inactive|1LDK has 150 seconds left.\n|\n|t:|1700178003\n|move|p1a: Kingambit|Iron Head|p2a: Kingambit\n|-resisted|p2a: Kingambit\n|-damage|p2a: Kingambit|21\/100\n|cant|p2a: Kingambit|flinch\n|\n|-heal|p1a: Kingambit|71\/100|[from] item: Leftovers\n|-heal|p2a: Kingambit|28\/100|[from] item: Leftovers\n|upkeep\n|turn|32\n|\n|t:|1700178009\n|move|p1a: Kingambit|Kowtow Cleave|p2a: Kingambit\n|-resisted|p2a: Kingambit\n|-damage|p2a: Kingambit|4\/100\n|move|p2a: Kingambit|Iron Head|p1a: Kingambit\n|-resisted|p1a: Kingambit\n|-damage|p1a: Kingambit|51\/100\n|\n|-heal|p1a: Kingambit|57\/100|[from] item: Leftovers\n|-heal|p2a: Kingambit|11\/100|[from] item: Leftovers\n|upkeep\n|turn|33\n|\n|t:|1700178015\n|move|p2a: Kingambit|Sucker Punch|p1a: Kingambit\n|-resisted|p1a: Kingambit\n|-damage|p1a: Kingambit|39\/100\n|move|p1a: Kingambit|Kowtow Cleave|p2a: Kingambit\n|-resisted|p2a: Kingambit\n|-damage|p2a: Kingambit|0 fnt\n|faint|p2a: Kingambit\n|-end|p2a: Kingambit|fallen2|[silent]\n|\n|-heal|p1a: Kingambit|45\/100|[from] item: Leftovers\n|upkeep\n|inactive|1LDK has 120 seconds left.\n|\n|t:|1700178057\n|switch|p2a: Rillaboom|Rillaboom, F|100\/100\n|-fieldstart|move: Grassy Terrain|[from] ability: Grassy Surge|[of] p2a: Rillaboom\n|turn|34\n|\n|t:|1700178068\n|-end|p1a: Kingambit|fallen2|[silent]\n|switch|p1a: Ogerpon|Ogerpon-Wellspring, F|24\/100 par\n|move|p2a: Rillaboom|Swords Dance|p2a: Rillaboom\n|-boost|p2a: Rillaboom|atk|2\n|\n|-heal|p1a: Ogerpon|30\/100 par|[from] Grassy Terrain\n|upkeep\n|turn|35\n|\n|t:|1700178080\n|-terastallize|p2a: Rillaboom|Grass\n|move|p2a: Rillaboom|Grassy Glide|p1a: Ogerpon\n|-damage|p1a: Ogerpon|0 fnt\n|faint|p1a: Ogerpon\n|-damage|p2a: Rillaboom|91\/100|[from] item: Life Orb\n|\n|-heal|p2a: Rillaboom|97\/100|[from] Grassy Terrain\n|upkeep\n|c| tempo di anguria|Overpay esos 3k\n|\n|t:|1700178087\n|switch|p1a: Slowking|Slowking-Galar, M, shiny|66\/100 brn\n|turn|36\n|\n|t:|1700178096\n|switch|p1a: Dragapult|Dragapult, M, shiny, tera:Fairy|32\/100\n|move|p2a: Rillaboom|Knock Off|p1a: Dragapult\n|-resisted|p1a: Dragapult\n|-damage|p1a: Dragapult|0 fnt\n|-enditem|p1a: Dragapult|Choice Specs|[from] move: Knock Off|[of] p2a: Rillaboom\n|faint|p1a: Dragapult\n|-damage|p2a: Rillaboom|87\/100|[from] item: Life Orb\n|\n|-heal|p2a: Rillaboom|93\/100|[from] Grassy Terrain\n|upkeep\n|\n|t:|1700178101\n|switch|p1a: Slowking|Slowking-Galar, M, shiny|99\/100 brn\n|turn|37\n|\n|t:|1700178106\n|move|p2a: Rillaboom|Knock Off|p1a: Slowking\n|-supereffective|p1a: Slowking\n|-damage|p1a: Slowking|0 fnt\n|-enditem|p1a: Slowking|Assault Vest|[from] move: Knock Off|[of] p2a: Rillaboom\n|faint|p1a: Slowking\n|-damage|p2a: Rillaboom|83\/100|[from] item: Life Orb\n|\n|-heal|p2a: Rillaboom|89\/100|[from] Grassy Terrain\n|upkeep\n|\n|t:|1700178108\n|switch|p1a: Kingambit|Kingambit, M, shiny|45\/100\n|-activate|p1a: Kingambit|ability: Supreme Overlord\n|-start|p1a: Kingambit|fallen5|[silent]\n|turn|38\n|c|\u26061LDK|gg\n|c|\u2606Airi Pearl|el game estaba ganado\n|c|\u2606Airi Pearl|si no paralizaba\n|c|\u2606Airi Pearl|unlucky\n|\n|t:|1700178133\n|move|p2a: Rillaboom|Grassy Glide|p1a: Kingambit\n|-resisted|p1a: Kingambit\n|-damage|p1a: Kingambit|0 fnt\n|faint|p1a: Kingambit\n|-end|p1a: Kingambit|fallen5|[silent]\n|-damage|p2a: Rillaboom|79\/100|[from] item: Life Orb\n|\n|win|1LDK\n|l| tempo di anguria\n|l|\u2606Airi Pearl\n","uploadtime":1700178138,"views":32,"p1id":"airipearl","p2id":"1ldk","formatid":"gen9ou","rating":0,"private":0,"password":""}