{"id":"gen9ou-1998290167","p1":"989.shadow","p2":"Ashcatchhoe","format":"[Gen 9] OU","log":"|j|\u2606989.shadow\n|j|\u2606Ashcatchhoe\n|t:|1700925329\n|gametype|singles\n|player|p1|989.shadow|170|1056\n|player|p2|Ashcatchhoe|265|1151\n|teamsize|p1|6\n|teamsize|p2|6\n|gen|9\n|tier|[Gen 9] OU\n|rated|\n|rule|Sleep Clause Mod: Limit one foe put to sleep\n|rule|Species Clause: Limit one of each Pok\u00e9mon\n|rule|OHKO Clause: OHKO moves are banned\n|rule|Evasion Items Clause: Evasion items are banned\n|rule|Evasion Moves Clause: Evasion moves are banned\n|rule|Endless Battle Clause: Forcing endless battles is banned\n|rule|HP Percentage Mod: HP is shown in percentages\n|clearpoke\n|poke|p1|Iron Valiant|\n|poke|p1|Ribombee, M|\n|poke|p1|Gholdengo|\n|poke|p1|Rotom-Wash|\n|poke|p1|Kingambit, M|\n|poke|p1|Ogerpon-Wellspring, F|\n|poke|p2|Zamazenta-*|\n|poke|p2|Dragonite, M|\n|poke|p2|Garganacl, M|\n|poke|p2|Zapdos|\n|poke|p2|Kingambit, M|\n|poke|p2|Scizor, M|\n|teampreview\n|inactive|Battle timer is ON: inactive players will automatically lose when time's up. (requested by Ashcatchhoe)\n|\n|t:|1700925337\n|start\n|switch|p1a: Ribombee|Ribombee, M|100\/100\n|switch|p2a: CHEESECAKE|Garganacl, M|100\/100\n|turn|1\n|\n|t:|1700925345\n|move|p1a: Ribombee|Sticky Web|p2a: CHEESECAKE\n|-sidestart|p2: Ashcatchhoe|move: Sticky Web\n|move|p2a: CHEESECAKE|Salt Cure|p1a: Ribombee\n|-supereffective|p1a: Ribombee\n|-damage|p1a: Ribombee|49\/100\n|\n|upkeep\n|turn|2\n|\n|t:|1700925353\n|move|p1a: Ribombee|Moonblast|p2a: CHEESECAKE\n|-damage|p2a: CHEESECAKE|65\/100\n|move|p2a: CHEESECAKE|Iron Defense|p2a: CHEESECAKE\n|-boost|p2a: CHEESECAKE|def|2\n|\n|-heal|p2a: CHEESECAKE|72\/100|[from] item: Leftovers\n|upkeep\n|turn|3\n|\n|t:|1700925374\n|move|p1a: Ribombee|Moonblast|p2a: CHEESECAKE\n|-damage|p2a: CHEESECAKE|33\/100\n|-unboost|p2a: CHEESECAKE|spa|1\n|move|p2a: CHEESECAKE|Salt Cure|p1a: Ribombee\n|-supereffective|p1a: Ribombee\n|-damage|p1a: Ribombee|0 fnt\n|faint|p1a: Ribombee\n|\n|-heal|p2a: CHEESECAKE|40\/100|[from] item: Leftovers\n|upkeep\n|\n|t:|1700925395\n|switch|p1a: Gholdengo|Gholdengo|100\/100\n|-item|p1a: Gholdengo|Air Balloon\n|turn|4\n|\n|t:|1700925401\n|move|p1a: Gholdengo|Make It Rain|p2a: CHEESECAKE\n|-supereffective|p2a: CHEESECAKE\n|-crit|p2a: CHEESECAKE\n|-damage|p2a: CHEESECAKE|0 fnt\n|-unboost|p1a: Gholdengo|spa|1\n|faint|p2a: CHEESECAKE\n|\n|upkeep\n|\n|t:|1700925412\n|switch|p2a: MS.Bubbles|Scizor, M|100\/100\n|-activate|p2a: MS.Bubbles|move: Sticky Web\n|-unboost|p2a: MS.Bubbles|spe|1\n|turn|5\n|\n|t:|1700925418\n|switch|p1a: Rotom|Rotom-Wash|100\/100\n|move|p2a: MS.Bubbles|Knock Off|p1a: Rotom\n|-damage|p1a: Rotom|57\/100\n|-enditem|p1a: Rotom|Choice Band|[from] move: Knock Off|[of] p2a: MS.Bubbles\n|-damage|p2a: MS.Bubbles|91\/100|[from] item: Life Orb\n|\n|upkeep\n|turn|6\n|\n|t:|1700925435\n|move|p1a: Rotom|Will-O-Wisp|p2a: MS.Bubbles\n|-status|p2a: MS.Bubbles|brn\n|move|p2a: MS.Bubbles|Close Combat|p1a: Rotom\n|-damage|p1a: Rotom|30\/100\n|-unboost|p2a: MS.Bubbles|def|1\n|-unboost|p2a: MS.Bubbles|spd|1\n|-damage|p2a: MS.Bubbles|81\/100 brn|[from] item: Life Orb\n|\n|-damage|p2a: MS.Bubbles|75\/100 brn|[from] brn\n|upkeep\n|turn|7\n|\n|t:|1700925446\n|move|p2a: MS.Bubbles|Bullet Punch|p1a: Rotom\n|-resisted|p1a: Rotom\n|-damage|p1a: Rotom|25\/100\n|-damage|p2a: MS.Bubbles|65\/100 brn|[from] item: Life Orb\n|move|p1a: Rotom|Trick|p2a: MS.Bubbles\n|-activate|p1a: Rotom|move: Trick|[of] p2a: MS.Bubbles\n|-enditem|p2a: MS.Bubbles|Life Orb|[silent]|[from] move: Trick\n|-item|p1a: Rotom|Life Orb|[from] move: Trick\n|\n|-damage|p2a: MS.Bubbles|59\/100 brn|[from] brn\n|upkeep\n|turn|8\n|\n|t:|1700925464\n|move|p1a: Rotom|Volt Switch|p2a: MS.Bubbles\n|-damage|p2a: MS.Bubbles|4\/100 brn\n|-damage|p1a: Rotom|15\/100|[from] item: Life Orb\n|\n|t:|1700925473\n|switch|p1a: Iron Valiant|Iron Valiant|100\/100|[from] Volt Switch\n|-enditem|p1a: Iron Valiant|Booster Energy\n|-activate|p1a: Iron Valiant|ability: Quark Drive|[fromitem]\n|-start|p1a: Iron Valiant|quarkdrivespe\n|move|p2a: MS.Bubbles|U-turn|p1a: Iron Valiant\n|-resisted|p1a: Iron Valiant\n|-damage|p1a: Iron Valiant|95\/100\n|\n|t:|1700925483\n|switch|p2a: DOGPOOP|Zamazenta|100\/100|[from] U-turn\n|-activate|p2a: DOGPOOP|move: Sticky Web\n|-unboost|p2a: DOGPOOP|spe|1\n|-ability|p2a: DOGPOOP|Dauntless Shield|boost\n|-boost|p2a: DOGPOOP|def|1\n|\n|upkeep\n|turn|9\n|\n|t:|1700925490\n|-terastallize|p1a: Iron Valiant|Fairy\n|move|p1a: Iron Valiant|Moonblast|p2a: DOGPOOP\n|-supereffective|p2a: DOGPOOP\n|-damage|p2a: DOGPOOP|7\/100\n|move|p2a: DOGPOOP|Iron Head|p1a: Iron Valiant\n|-supereffective|p1a: Iron Valiant\n|-damage|p1a: Iron Valiant|16\/100\n|\n|-heal|p2a: DOGPOOP|13\/100|[from] item: Leftovers\n|upkeep\n|turn|10\n|\n|t:|1700925498\n|-terastallize|p2a: DOGPOOP|Steel\n|move|p1a: Iron Valiant|Moonblast|p2a: DOGPOOP\n|-resisted|p2a: DOGPOOP\n|-damage|p2a: DOGPOOP|0 fnt\n|faint|p2a: DOGPOOP\n|\n|upkeep\n|\n|t:|1700925505\n|switch|p2a: MR.ROACH|Kingambit, M|100\/100\n|-activate|p2a: MR.ROACH|move: Sticky Web\n|-unboost|p2a: MR.ROACH|spe|1\n|-activate|p2a: MR.ROACH|ability: Supreme Overlord\n|-start|p2a: MR.ROACH|fallen2|[silent]\n|turn|11\n|\n|t:|1700925511\n|move|p1a: Iron Valiant|Close Combat|p2a: MR.ROACH\n|-supereffective|p2a: MR.ROACH\n|-damage|p2a: MR.ROACH|0 fnt\n|-unboost|p1a: Iron Valiant|def|1\n|-unboost|p1a: Iron Valiant|spd|1\n|faint|p2a: MR.ROACH\n|-end|p2a: MR.ROACH|fallen2|[silent]\n|\n|upkeep\n|\n|t:|1700925515\n|switch|p2a: Zapdos|Zapdos|100\/100\n|turn|12\n|-message|Ashcatchhoe forfeited.\n|\n|win|989.shadow\n|raw|989.shadow's rating: 1056 &rarr; <strong>1096<\/strong><br \/>(+40 for winning)\n|raw|Ashcatchhoe's rating: 1151 &rarr; <strong>1119<\/strong><br \/>(-32 for losing)\n|l|\u2606Ashcatchhoe\n","uploadtime":1700925522,"views":4,"p1id":"989shadow","p2id":"ashcatchhoe","formatid":"gen9ou","rating":1096,"private":0,"password":""}