{"id":"gen9ou-1997299098","p1":"TigerSpace02","p2":"MoEB_zaktrap182","format":"[Gen 9] OU","log":"|j|\u2606TigerSpace02\n|j|\u2606MoEB_zaktrap182\n|t:|1700786371\n|gametype|singles\n|player|p1|TigerSpace02|blackbelt-gen4dp|\n|player|p2|MoEB_zaktrap182|fisherman-gen4|\n|teamsize|p1|6\n|teamsize|p2|6\n|gen|9\n|tier|[Gen 9] OU\n|rule|Sleep Clause Mod: Limit one foe put to sleep\n|rule|Species Clause: Limit one of each Pok\u00e9mon\n|rule|OHKO Clause: OHKO moves are banned\n|rule|Evasion Items Clause: Evasion items are banned\n|rule|Evasion Moves Clause: Evasion moves are banned\n|rule|Endless Battle Clause: Forcing endless battles is banned\n|rule|HP Percentage Mod: HP is shown in percentages\n|clearpoke\n|poke|p1|Alomomola, F|\n|poke|p1|Weezing-Galar, M|\n|poke|p1|Landorus-Therian, M|\n|poke|p1|Shaymin|\n|poke|p1|Cyclizar, M|\n|poke|p1|Heatran, F|\n|poke|p2|Toxapex, F|\n|poke|p2|Tatsugiri, M|\n|poke|p2|Moltres-Galar|\n|poke|p2|Arboliva, F|\n|poke|p2|Ceruledge, F|\n|poke|p2|Indeedee, M|\n|teampreview\n|inactive|Battle timer is ON: inactive players will automatically lose when time's up. (requested by TigerSpace02)\n|c|\u2606TigerSpace02|glhf\n|\n|t:|1700786395\n|start\n|switch|p1a: Cyclizar|Cyclizar, M, shiny|100\/100\n|switch|p2a: Tatsugiri|Tatsugiri, M, shiny|100\/100\n|turn|1\n|\n|t:|1700786414\n|move|p1a: Cyclizar|U-turn|p2a: Tatsugiri\n|-damage|p2a: Tatsugiri|83\/100\n|\n|t:|1700786426\n|switch|p1a: Weezing|Weezing-Galar, M|100\/100|[from] U-turn\n|-ability|p1a: Weezing|Neutralizing Gas\n|move|p2a: Tatsugiri|Rapid Spin|p1a: Weezing\n|-damage|p1a: Weezing|95\/100\n|-boost|p2a: Tatsugiri|spe|1\n|-damage|p2a: Tatsugiri|73\/100|[from] item: Life Orb\n|\n|upkeep\n|turn|2\n|\n|t:|1700786443\n|move|p2a: Tatsugiri|Nasty Plot|p2a: Tatsugiri\n|-boost|p2a: Tatsugiri|spa|2\n|move|p1a: Weezing|Strange Steam|p2a: Tatsugiri\n|-supereffective|p2a: Tatsugiri\n|-damage|p2a: Tatsugiri|0 fnt\n|faint|p2a: Tatsugiri\n|\n|upkeep\n|\n|t:|1700786461\n|switch|p2a: Toxapex|Toxapex, F, shiny|100\/100\n|turn|3\n|\n|t:|1700786482\n|-end|p1a: Weezing|ability: Neutralizing Gas\n|switch|p1a: Alomomola|Alomomola, F|100\/100\n|move|p2a: Toxapex|Surf|p1a: Alomomola\n|-resisted|p1a: Alomomola\n|-damage|p1a: Alomomola|89\/100\n|-enditem|p1a: Alomomola|Red Card|[of] p2a: Toxapex\n|drag|p2a: Arboliva|Arboliva, F, shiny|100\/100\n|\n|-status|p2a: Arboliva|tox|[from] item: Toxic Orb\n|upkeep\n|turn|4\n|inactive|TigerSpace02 has 270 seconds left.\n|c|\u2606MoEB_zaktrap182|Lol this is my blae\n|c|\u2606MoEB_zaktrap182|Blane tea.\n|c|\u2606MoEB_zaktrap182|Team\n|\n|t:|1700786525\n|switch|p1a: Shaymin|Shaymin|100\/100\n|move|p2a: Arboliva|Leech Seed|p1a: Shaymin\n|-immune|p1a: Shaymin\n|\n|-damage|p2a: Arboliva|94\/100 tox|[from] psn\n|upkeep\n|turn|5\n|c|\u2606TigerSpace02|wdym Blane team\n|inactive|MoEB_zaktrap182 has 270 seconds left.\n|\n|t:|1700786570\n|switch|p2a: Ceruledge|Ceruledge, F, shiny|100\/100\n|move|p1a: Shaymin|Swords Dance|p1a: Shaymin\n|-boost|p1a: Shaymin|atk|2\n|\n|upkeep\n|turn|6\n|inactive|TigerSpace02 has 240 seconds left.\n|c|\u2606MoEB_zaktrap182|It had consequences\n|c|\u2606TigerSpace02|what?\n|c|\u2606TigerSpace02|did u fight Blane?\n|c|\u2606TigerSpace02|did u win?\n|\n|t:|1700786618\n|switch|p1a: Landorus|Landorus-Therian, M|100\/100\n|-ability|p1a: Landorus|Intimidate|boost\n|-unboost|p2a: Ceruledge|atk|1\n|move|p2a: Ceruledge|Swords Dance|p2a: Ceruledge\n|-boost|p2a: Ceruledge|atk|2\n|\n|upkeep\n|turn|7\n|c|\u2606MoEB_zaktrap182|For fate\n|c|\u2606TigerSpace02|ohhh\n|c|\u2606TigerSpace02|isee\n|c|\u2606TigerSpace02|nvm\n|inactive|MoEB_zaktrap182 has 240 seconds left.\n|\n|t:|1700786642\n|move|p1a: Landorus|Stone Edge|p2a: Ceruledge\n|-supereffective|p2a: Ceruledge\n|-crit|p2a: Ceruledge\n|-enditem|p2a: Ceruledge|Focus Sash\n|-damage|p2a: Ceruledge|1\/100\n|-ability|p2a: Ceruledge|Weak Armor|boost\n|-unboost|p2a: Ceruledge|def|1\n|-boost|p2a: Ceruledge|spe|2\n|move|p2a: Ceruledge|Swords Dance|p2a: Ceruledge\n|-boost|p2a: Ceruledge|atk|2\n|\n|upkeep\n|turn|8\n|inactive|MoEB_zaktrap182 has 240 seconds left.\n|\n|t:|1700786653\n|move|p2a: Ceruledge|Endure|p2a: Ceruledge\n|-singleturn|p2a: Ceruledge|move: Endure\n|move|p1a: Landorus|Earthquake|p2a: Ceruledge\n|-supereffective|p2a: Ceruledge\n|-activate|p2a: Ceruledge|move: Endure\n|-damage|p2a: Ceruledge|1\/100\n|-ability|p2a: Ceruledge|Weak Armor|boost\n|-unboost|p2a: Ceruledge|def|1\n|-boost|p2a: Ceruledge|spe|2\n|\n|upkeep\n|turn|9\n|inactive|MoEB_zaktrap182 has 240 seconds left.\n|\n|t:|1700786664\n|move|p2a: Ceruledge|Bitter Blade|p1a: Landorus\n|-damage|p1a: Landorus|0 fnt\n|-heal|p2a: Ceruledge|56\/100|[from] drain|[of] p1a: Landorus\n|faint|p1a: Landorus\n|\n|upkeep\n|\n|t:|1700786680\n|switch|p1a: Alomomola|Alomomola, F|100\/100\n|turn|10\n|\n|t:|1700786688\n|-terastallize|p2a: Ceruledge|Poison\n|move|p2a: Ceruledge|Poison Jab|p1a: Alomomola\n|-damage|p1a: Alomomola|44\/100\n|move|p1a: Alomomola|Flip Turn|p2a: Ceruledge\n|-damage|p2a: Ceruledge|18\/100\n|-ability|p2a: Ceruledge|Weak Armor|boost\n|-unboost|p2a: Ceruledge|def|1\n|-boost|p2a: Ceruledge|spe|2\n|\n|t:|1700786702\n|switch|p1a: Heatran|Heatran, F|100\/100|[from] Flip Turn\n|\n|upkeep\n|turn|11\n|\n|t:|1700786719\n|switch|p2a: Moltres|Moltres-Galar, shiny|100\/100\n|move|p1a: Heatran|Magma Storm|p2a: Moltres\n|-damage|p2a: Moltres|66\/100\n|-activate|p2a: Moltres|move: Magma Storm|[of] p1a: Heatran\n|\n|-damage|p2a: Moltres|53\/100|[from] move: Magma Storm|[partiallytrapped]\n|-status|p2a: Moltres|brn|[from] item: Flame Orb\n|upkeep\n|turn|12\n|\n|t:|1700786735\n|move|p1a: Heatran|Protect|p1a: Heatran\n|-singleturn|p1a: Heatran|Protect\n|move|p2a: Moltres|Fiery Wrath|p1a: Heatran\n|-activate|p1a: Heatran|move: Protect\n|\n|-damage|p2a: Moltres|47\/100 brn|[from] brn\n|-damage|p2a: Moltres|34\/100 brn|[from] move: Magma Storm|[partiallytrapped]\n|upkeep\n|turn|13\n|\n|t:|1700786745\n|switch|p1a: Weezing|Weezing-Galar, M|95\/100\n|-ability|p1a: Weezing|Neutralizing Gas\n|move|p2a: Moltres|Fiery Wrath|p1a: Weezing\n|-resisted|p1a: Weezing\n|-damage|p1a: Weezing|67\/100\n|\n|-damage|p2a: Moltres|28\/100 brn|[from] brn\n|-end|p2a: Moltres|Magma Storm|[partiallytrapped]|[silent]\n|upkeep\n|turn|14\n|\n|t:|1700786759\n|move|p2a: Moltres|Hurricane|p1a: Weezing\n|-damage|p1a: Weezing|0 fnt\n|faint|p1a: Weezing\n|-end|p1a: Weezing|ability: Neutralizing Gas\n|\n|-damage|p2a: Moltres|22\/100 brn|[from] brn\n|upkeep\n|\n|t:|1700786765\n|switch|p1a: Cyclizar|Cyclizar, M, shiny|100\/100\n|turn|15\n|\n|t:|1700786776\n|switch|p2a: Indeedee|Indeedee, M, shiny|100\/100\n|-fieldstart|move: Psychic Terrain|[from] ability: Psychic Surge|[of] p2a: Indeedee\n|move|p1a: Cyclizar|Knock Off|p2a: Indeedee\n|-supereffective|p2a: Indeedee\n|-damage|p2a: Indeedee|51\/100\n|-enditem|p2a: Indeedee|Normal Gem|[from] move: Knock Off|[of] p1a: Cyclizar\n|\n|upkeep\n|turn|16\n|\n|t:|1700786790\n|move|p1a: Cyclizar|U-turn|p2a: Indeedee\n|-supereffective|p2a: Indeedee\n|-damage|p2a: Indeedee|20\/100\n|\n|t:|1700786797\n|switch|p1a: Shaymin|Shaymin|100\/100|[from] U-turn\n|move|p2a: Indeedee|Trick Room|p2a: Indeedee\n|-fieldstart|move: Trick Room|[of] p2a: Indeedee\n|\n|upkeep\n|turn|17\n|inactive|TigerSpace02 has 240 seconds left.\n|\n|t:|1700786816\n|move|p2a: Indeedee|Hyper Voice|p1a: Shaymin\n|-damage|p1a: Shaymin|66\/100\n|move|p1a: Shaymin|Bullet Seed|p2a: Indeedee\n|-damage|p2a: Indeedee|7\/100\n|-damage|p2a: Indeedee|0 fnt\n|faint|p2a: Indeedee\n|-hitcount|p2: Indeedee|2\n|\n|upkeep\n|\n|t:|1700786829\n|switch|p2a: Moltres|Moltres-Galar, shiny|22\/100 brn\n|turn|18\n|inactive|TigerSpace02 has 240 seconds left.\n|\n|t:|1700786851\n|move|p2a: Moltres|Hurricane|p1a: Shaymin\n|-supereffective|p1a: Shaymin\n|-crit|p1a: Shaymin\n|-damage|p1a: Shaymin|0 fnt\n|faint|p1a: Shaymin\n|\n|-damage|p2a: Moltres|16\/100 brn|[from] brn\n|upkeep\n|\n|t:|1700786857\n|switch|p1a: Alomomola|Alomomola, F|78\/100\n|turn|19\n|inactive|TigerSpace02 has 240 seconds left.\n|\n|t:|1700786863\n|move|p1a: Alomomola|Flip Turn|p2a: Moltres\n|-damage|p2a: Moltres|0 fnt\n|faint|p2a: Moltres\n|\n|t:|1700786866\n|switch|p1a: Heatran|Heatran, F|100\/100|[from] Flip Turn\n|\n|-fieldend|move: Psychic Terrain\n|upkeep\n|\n|t:|1700786873\n|switch|p2a: Toxapex|Toxapex, F, shiny|100\/100\n|turn|20\n|\n|t:|1700786884\n|move|p2a: Toxapex|Surf|p1a: Heatran\n|-supereffective|p1a: Heatran\n|-crit|p1a: Heatran\n|-damage|p1a: Heatran|56\/100\n|move|p1a: Heatran|Magma Storm|p2a: Toxapex\n|-resisted|p2a: Toxapex\n|-damage|p2a: Toxapex|86\/100\n|-activate|p2a: Toxapex|move: Magma Storm|[of] p1a: Heatran\n|\n|-heal|p2a: Toxapex|92\/100|[from] item: Black Sludge\n|-heal|p1a: Heatran|63\/100|[from] item: Leftovers\n|-damage|p2a: Toxapex|79\/100|[from] move: Magma Storm|[partiallytrapped]\n|-fieldend|move: Trick Room\n|upkeep\n|turn|21\n|\n|t:|1700786896\n|move|p1a: Heatran|Earth Power|p2a: Toxapex\n|-supereffective|p2a: Toxapex\n|-damage|p2a: Toxapex|39\/100\n|move|p2a: Toxapex|Recover|p2a: Toxapex\n|-heal|p2a: Toxapex|89\/100\n|\n|-heal|p1a: Heatran|69\/100|[from] item: Leftovers\n|-heal|p2a: Toxapex|95\/100|[from] item: Black Sludge\n|-damage|p2a: Toxapex|82\/100|[from] move: Magma Storm|[partiallytrapped]\n|upkeep\n|turn|22\n|\n|t:|1700786907\n|move|p1a: Heatran|Taunt|p2a: Toxapex\n|-start|p2a: Toxapex|move: Taunt\n|move|p2a: Toxapex|Surf|p1a: Heatran\n|-supereffective|p1a: Heatran\n|-damage|p1a: Heatran|40\/100\n|\n|-heal|p1a: Heatran|47\/100|[from] item: Leftovers\n|-heal|p2a: Toxapex|89\/100|[from] item: Black Sludge\n|-damage|p2a: Toxapex|76\/100|[from] move: Magma Storm|[partiallytrapped]\n|upkeep\n|turn|23\n|\n|t:|1700786917\n|move|p1a: Heatran|Earth Power|p2a: Toxapex\n|-supereffective|p2a: Toxapex\n|-damage|p2a: Toxapex|35\/100\n|move|p2a: Toxapex|Surf|p1a: Heatran\n|-supereffective|p1a: Heatran\n|-crit|p1a: Heatran\n|-damage|p1a: Heatran|0 fnt\n|faint|p1a: Heatran\n|\n|-heal|p2a: Toxapex|41\/100|[from] item: Black Sludge\n|-end|p2a: Toxapex|Magma Storm|[partiallytrapped]|[silent]\n|upkeep\n|\n|t:|1700786926\n|switch|p1a: Cyclizar|Cyclizar, M, shiny|100\/100\n|turn|24\n|inactive|TigerSpace02 has 270 seconds left.\n|\n|t:|1700786933\n|move|p1a: Cyclizar|Draco Meteor|p2a: Toxapex\n|-damage|p2a: Toxapex|10\/100\n|-unboost|p1a: Cyclizar|spa|2\n|move|p2a: Toxapex|Sludge Bomb|p1a: Cyclizar\n|-damage|p1a: Cyclizar|83\/100\n|\n|-heal|p2a: Toxapex|17\/100|[from] item: Black Sludge\n|-end|p2a: Toxapex|move: Taunt\n|upkeep\n|turn|25\n|\n|t:|1700786943\n|switch|p2a: Arboliva|Arboliva, F, shiny|94\/100 tox\n|move|p1a: Cyclizar|Knock Off|p2a: Arboliva\n|-damage|p2a: Arboliva|72\/100 tox\n|-fieldstart|move: Grassy Terrain|[from] ability: Seed Sower|[of] p2a: Arboliva\n|-enditem|p2a: Arboliva|Toxic Orb|[from] move: Knock Off|[of] p1a: Cyclizar\n|\n|-heal|p1a: Cyclizar|89\/100|[from] Grassy Terrain\n|-heal|p2a: Arboliva|78\/100 tox|[from] Grassy Terrain\n|-damage|p2a: Arboliva|72\/100 tox|[from] psn\n|upkeep\n|turn|26\n|\n|t:|1700786957\n|move|p1a: Cyclizar|U-turn|p2a: Arboliva\n|-supereffective|p2a: Arboliva\n|-damage|p2a: Arboliva|38\/100 tox\n|\n|t:|1700786960\n|switch|p1a: Alomomola|Alomomola, F|100\/100|[from] U-turn\n|move|p2a: Arboliva|Leech Seed|p1a: Alomomola\n|-start|p1a: Alomomola|move: Leech Seed\n|\n|-heal|p2a: Arboliva|44\/100 tox|[from] Grassy Terrain\n|-damage|p1a: Alomomola|88\/100|[from] Leech Seed|[of] p2a: Arboliva\n|-heal|p2a: Arboliva|66\/100 tox|[silent]\n|-damage|p2a: Arboliva|54\/100 tox|[from] psn\n|upkeep\n|turn|27\n|\n|t:|1700786975\n|switch|p1a: Cyclizar|Cyclizar, M, shiny|100\/100\n|move|p2a: Arboliva|Protect||[still]\n|-fail|p2a: Arboliva\n|\n|-heal|p2a: Arboliva|60\/100 tox|[from] Grassy Terrain\n|-damage|p2a: Arboliva|42\/100 tox|[from] psn\n|upkeep\n|turn|28\n|\n|t:|1700787000\n|switch|p2a: Toxapex|Toxapex, F, shiny|50\/100\n|move|p1a: Cyclizar|Rapid Spin|p2a: Toxapex\n|-damage|p2a: Toxapex|39\/100\n|-boost|p1a: Cyclizar|spe|1\n|\n|-heal|p2a: Toxapex|45\/100|[from] Grassy Terrain\n|-heal|p2a: Toxapex|51\/100|[from] item: Black Sludge\n|upkeep\n|turn|29\n|\n|t:|1700787012\n|move|p2a: Toxapex|Baneful Bunker|p2a: Toxapex\n|-singleturn|p2a: Toxapex|move: Protect\n|move|p1a: Cyclizar|Knock Off|p2a: Toxapex\n|-activate|p2a: Toxapex|move: Protect\n|-status|p1a: Cyclizar|psn\n|\n|-heal|p2a: Toxapex|57\/100|[from] Grassy Terrain\n|-heal|p2a: Toxapex|64\/100|[from] item: Black Sludge\n|-damage|p1a: Cyclizar|88\/100 psn|[from] psn\n|-fieldend|move: Grassy Terrain\n|upkeep\n|turn|30\n|\n|t:|1700787024\n|switch|p2a: Arboliva|Arboliva, F, shiny|42\/100 tox\n|move|p1a: Cyclizar|Knock Off|p2a: Arboliva\n|-damage|p2a: Arboliva|26\/100 tox\n|-fieldstart|move: Grassy Terrain|[from] ability: Seed Sower|[of] p2a: Arboliva\n|\n|-heal|p1a: Cyclizar|94\/100 psn|[from] Grassy Terrain\n|-heal|p2a: Arboliva|32\/100 tox|[from] Grassy Terrain\n|-damage|p1a: Cyclizar|82\/100 psn|[from] psn\n|-damage|p2a: Arboliva|26\/100 tox|[from] psn\n|upkeep\n|turn|31\n|\n|t:|1700787037\n|move|p1a: Cyclizar|Draco Meteor|p2a: Arboliva\n|-damage|p2a: Arboliva|0 fnt\n|-unboost|p1a: Cyclizar|spa|2\n|faint|p2a: Arboliva\n|\n|-heal|p1a: Cyclizar|88\/100 psn|[from] Grassy Terrain\n|-damage|p1a: Cyclizar|75\/100 psn|[from] psn\n|upkeep\n|\n|t:|1700787046\n|switch|p2a: Toxapex|Toxapex, F, shiny|97\/100\n|turn|32\n|\n|t:|1700787057\n|move|p1a: Cyclizar|Knock Off|p2a: Toxapex\n|-damage|p2a: Toxapex|83\/100\n|-enditem|p2a: Toxapex|Black Sludge|[from] move: Knock Off|[of] p1a: Cyclizar\n|move|p2a: Toxapex|Surf|p1a: Cyclizar\n|-resisted|p1a: Cyclizar\n|-damage|p1a: Cyclizar|66\/100 psn\n|\n|-heal|p1a: Cyclizar|72\/100 psn|[from] Grassy Terrain\n|-heal|p2a: Toxapex|90\/100|[from] Grassy Terrain\n|-damage|p1a: Cyclizar|60\/100 psn|[from] psn\n|upkeep\n|turn|33\n|\n|t:|1700787069\n|move|p1a: Cyclizar|U-turn|p2a: Toxapex\n|-resisted|p2a: Toxapex\n|-damage|p2a: Toxapex|84\/100\n|\n|t:|1700787072\n|switch|p1a: Alomomola|Alomomola, F|100\/100|[from] U-turn\n|move|p2a: Toxapex|Sludge Bomb|p1a: Alomomola\n|-damage|p1a: Alomomola|77\/100\n|\n|-heal|p1a: Alomomola|83\/100|[from] Grassy Terrain\n|-heal|p2a: Toxapex|91\/100|[from] Grassy Terrain\n|upkeep\n|turn|34\n|\n|t:|1700787082\n|move|p2a: Toxapex|Baneful Bunker|p2a: Toxapex\n|-singleturn|p2a: Toxapex|move: Protect\n|move|p1a: Alomomola|Scald|p2a: Toxapex\n|-activate|p2a: Toxapex|move: Protect\n|\n|-heal|p1a: Alomomola|89\/100|[from] Grassy Terrain\n|-heal|p2a: Toxapex|97\/100|[from] Grassy Terrain\n|-fieldend|move: Grassy Terrain\n|upkeep\n|turn|35\n|\n|t:|1700787091\n|move|p1a: Alomomola|Scald|p2a: Toxapex\n|-resisted|p2a: Toxapex\n|-damage|p2a: Toxapex|91\/100\n|move|p2a: Toxapex|Sludge Bomb|p1a: Alomomola\n|-damage|p1a: Alomomola|65\/100\n|\n|upkeep\n|turn|36\n|\n|t:|1700787098\n|move|p1a: Alomomola|Wish|p1a: Alomomola\n|move|p2a: Toxapex|Sludge Bomb|p1a: Alomomola\n|-damage|p1a: Alomomola|39\/100\n|-status|p1a: Alomomola|psn\n|\n|-damage|p1a: Alomomola|26\/100 psn|[from] psn\n|upkeep\n|turn|37\n|\n|t:|1700787106\n|move|p1a: Alomomola|Protect|p1a: Alomomola\n|-singleturn|p1a: Alomomola|Protect\n|move|p2a: Toxapex|Sludge Bomb|p1a: Alomomola\n|-activate|p1a: Alomomola|move: Protect\n|\n|-heal|p1a: Alomomola|76\/100 psn|[from] move: Wish|[wisher] Alomomola\n|-damage|p1a: Alomomola|64\/100 psn|[from] psn\n|upkeep\n|turn|38\n|\n|t:|1700787115\n|move|p1a: Alomomola|Wish|p1a: Alomomola\n|move|p2a: Toxapex|Sludge Bomb|p1a: Alomomola\n|-damage|p1a: Alomomola|39\/100 psn\n|\n|-damage|p1a: Alomomola|26\/100 psn|[from] psn\n|upkeep\n|turn|39\n|\n|t:|1700787127\n|switch|p2a: Ceruledge|Ceruledge, F, shiny, tera:Poison|18\/100\n|move|p1a: Alomomola|Protect||[still]\n|-fail|p1a: Alomomola\n|\n|-heal|p1a: Alomomola|76\/100 psn|[from] move: Wish|[wisher] Alomomola\n|-damage|p1a: Alomomola|64\/100 psn|[from] psn\n|upkeep\n|turn|40\n|\n|t:|1700787139\n|move|p2a: Ceruledge|Poison Jab|p1a: Alomomola\n|-damage|p1a: Alomomola|40\/100 psn\n|move|p1a: Alomomola|Flip Turn|p2a: Ceruledge\n|-damage|p2a: Ceruledge|0 fnt\n|faint|p2a: Ceruledge\n|\n|t:|1700787141\n|switch|p1a: Cyclizar|Cyclizar, M, shiny|93\/100 psn|[from] Flip Turn\n|\n|-damage|p1a: Cyclizar|80\/100 psn|[from] psn\n|upkeep\n|\n|t:|1700787150\n|switch|p2a: Toxapex|Toxapex, F, shiny|100\/100\n|turn|41\n|\n|t:|1700787180\n|move|p1a: Cyclizar|Draco Meteor|p2a: Toxapex\n|-damage|p2a: Toxapex|70\/100\n|-unboost|p1a: Cyclizar|spa|2\n|move|p2a: Toxapex|Sludge Bomb|p1a: Cyclizar\n|-damage|p1a: Cyclizar|62\/100 psn\n|\n|-damage|p1a: Cyclizar|49\/100 psn|[from] psn\n|upkeep\n|turn|42\n|c|\u2606MoEB_zaktrap182|The walllll\n|\n|t:|1700787192\n|switch|p1a: Alomomola|Alomomola, F|73\/100 psn\n|move|p2a: Toxapex|Baneful Bunker||[still]\n|-fail|p2a: Toxapex\n|\n|-damage|p1a: Alomomola|61\/100 psn|[from] psn\n|upkeep\n|turn|43\n|\n|t:|1700787199\n|move|p1a: Alomomola|Scald|p2a: Toxapex\n|-resisted|p2a: Toxapex\n|-damage|p2a: Toxapex|65\/100\n|move|p2a: Toxapex|Recover|p2a: Toxapex\n|-heal|p2a: Toxapex|100\/100\n|\n|-damage|p1a: Alomomola|48\/100 psn|[from] psn\n|upkeep\n|turn|44\n|\n|t:|1700787210\n|move|p1a: Alomomola|Wish|p1a: Alomomola\n|move|p2a: Toxapex|Sludge Bomb|p1a: Alomomola\n|-damage|p1a: Alomomola|24\/100 psn\n|\n|-damage|p1a: Alomomola|11\/100 psn|[from] psn\n|upkeep\n|turn|45\n|\n|t:|1700787218\n|move|p1a: Alomomola|Protect|p1a: Alomomola\n|-singleturn|p1a: Alomomola|Protect\n|move|p2a: Toxapex|Recover||[still]\n|-fail|p2a: Toxapex|heal\n|\n|-heal|p1a: Alomomola|61\/100 psn|[from] move: Wish|[wisher] Alomomola\n|-damage|p1a: Alomomola|49\/100 psn|[from] psn\n|upkeep\n|turn|46\n|\n|t:|1700787229\n|move|p1a: Alomomola|Flip Turn|p2a: Toxapex\n|-resisted|p2a: Toxapex\n|-crit|p2a: Toxapex\n|-damage|p2a: Toxapex|92\/100\n|\n|t:|1700787232\n|switch|p1a: Cyclizar|Cyclizar, M, shiny|82\/100 psn|[from] Flip Turn\n|move|p2a: Toxapex|Sludge Bomb|p1a: Cyclizar\n|-damage|p1a: Cyclizar|63\/100 psn\n|\n|-damage|p1a: Cyclizar|50\/100 psn|[from] psn\n|upkeep\n|turn|47\n|\n|t:|1700787241\n|move|p1a: Cyclizar|Draco Meteor|p2a: Toxapex\n|-damage|p2a: Toxapex|65\/100\n|-unboost|p1a: Cyclizar|spa|2\n|move|p2a: Toxapex|Sludge Bomb|p1a: Cyclizar\n|-damage|p1a: Cyclizar|32\/100 psn\n|\n|-damage|p1a: Cyclizar|20\/100 psn|[from] psn\n|upkeep\n|turn|48\n|\n|t:|1700787251\n|move|p1a: Cyclizar|U-turn|p2a: Toxapex\n|-resisted|p2a: Toxapex\n|-damage|p2a: Toxapex|60\/100\n|\n|t:|1700787254\n|switch|p1a: Alomomola|Alomomola, F|82\/100 psn|[from] U-turn\n|move|p2a: Toxapex|Sludge Bomb|p1a: Alomomola\n|-damage|p1a: Alomomola|56\/100 psn\n|\n|-damage|p1a: Alomomola|43\/100 psn|[from] psn\n|upkeep\n|turn|49\n|\n|t:|1700787263\n|move|p1a: Alomomola|Wish|p1a: Alomomola\n|move|p2a: Toxapex|Sludge Bomb|p1a: Alomomola\n|-damage|p1a: Alomomola|17\/100 psn\n|\n|-damage|p1a: Alomomola|4\/100 psn|[from] psn\n|upkeep\n|turn|50\n|\n|t:|1700787272\n|move|p1a: Alomomola|Protect|p1a: Alomomola\n|-singleturn|p1a: Alomomola|Protect\n|move|p2a: Toxapex|Sludge Bomb|p1a: Alomomola\n|-activate|p1a: Alomomola|move: Protect\n|\n|-heal|p1a: Alomomola|54\/100 psn|[from] move: Wish|[wisher] Alomomola\n|-damage|p1a: Alomomola|42\/100 psn|[from] psn\n|upkeep\n|turn|51\n|\n|t:|1700787293\n|move|p2a: Toxapex|Baneful Bunker|p2a: Toxapex\n|-singleturn|p2a: Toxapex|move: Protect\n|move|p1a: Alomomola|Wish|p1a: Alomomola\n|\n|-damage|p1a: Alomomola|30\/100 psn|[from] psn\n|upkeep\n|turn|52\n|\n|t:|1700787299\n|switch|p1a: Cyclizar|Cyclizar, M, shiny|53\/100 psn\n|move|p2a: Toxapex|Recover|p2a: Toxapex\n|-heal|p2a: Toxapex|100\/100\n|\n|-heal|p1a: Cyclizar|100\/100 psn|[from] move: Wish|[wisher] Alomomola\n|-damage|p1a: Cyclizar|88\/100 psn|[from] psn\n|upkeep\n|turn|53\n|\n|t:|1700787309\n|move|p1a: Cyclizar|Draco Meteor|p2a: Toxapex|[miss]\n|-miss|p1a: Cyclizar|p2a: Toxapex\n|move|p2a: Toxapex|Surf|p1a: Cyclizar\n|-resisted|p1a: Cyclizar\n|-damage|p1a: Cyclizar|78\/100 psn\n|\n|-damage|p1a: Cyclizar|66\/100 psn|[from] psn\n|upkeep\n|turn|54\n|\n|t:|1700787338\n|move|p1a: Cyclizar|Draco Meteor|p2a: Toxapex\n|-damage|p2a: Toxapex|73\/100\n|-unboost|p1a: Cyclizar|spa|2\n|move|p2a: Toxapex|Surf|p1a: Cyclizar\n|-resisted|p1a: Cyclizar\n|-damage|p1a: Cyclizar|56\/100 psn\n|\n|-damage|p1a: Cyclizar|44\/100 psn|[from] psn\n|upkeep\n|turn|55\n|\n|t:|1700787348\n|move|p1a: Cyclizar|Draco Meteor|p2a: Toxapex\n|-damage|p2a: Toxapex|58\/100\n|-unboost|p1a: Cyclizar|spa|2\n|move|p2a: Toxapex|Sludge Bomb|p1a: Cyclizar\n|-damage|p1a: Cyclizar|23\/100 psn\n|\n|-damage|p1a: Cyclizar|11\/100 psn|[from] psn\n|upkeep\n|turn|56\n|\n|t:|1700787359\n|switch|p1a: Alomomola|Alomomola, F|63\/100 psn\n|move|p2a: Toxapex|Recover|p2a: Toxapex\n|-heal|p2a: Toxapex|100\/100\n|\n|-damage|p1a: Alomomola|51\/100 psn|[from] psn\n|upkeep\n|turn|57\n|\n|t:|1700787368\n|move|p1a: Alomomola|Wish|p1a: Alomomola\n|move|p2a: Toxapex|Surf|p1a: Alomomola\n|-resisted|p1a: Alomomola\n|-damage|p1a: Alomomola|39\/100 psn\n|\n|-damage|p1a: Alomomola|26\/100 psn|[from] psn\n|upkeep\n|turn|58\n|\n|t:|1700787376\n|move|p1a: Alomomola|Protect|p1a: Alomomola\n|-singleturn|p1a: Alomomola|Protect\n|move|p2a: Toxapex|Surf|p1a: Alomomola\n|-activate|p1a: Alomomola|move: Protect\n|\n|-heal|p1a: Alomomola|76\/100 psn|[from] move: Wish|[wisher] Alomomola\n|-damage|p1a: Alomomola|64\/100 psn|[from] psn\n|upkeep\n|turn|59\n|\n|t:|1700787385\n|move|p1a: Alomomola|Wish|p1a: Alomomola\n|move|p2a: Toxapex|Sludge Bomb|p1a: Alomomola\n|-damage|p1a: Alomomola|39\/100 psn\n|\n|-damage|p1a: Alomomola|26\/100 psn|[from] psn\n|upkeep\n|turn|60\n|\n|t:|1700787392\n|switch|p1a: Cyclizar|Cyclizar, M, shiny|44\/100 psn\n|move|p2a: Toxapex|Surf|p1a: Cyclizar\n|-resisted|p1a: Cyclizar\n|-damage|p1a: Cyclizar|35\/100 psn\n|\n|-heal|p1a: Cyclizar|100\/100 psn|[from] move: Wish|[wisher] Alomomola\n|-damage|p1a: Cyclizar|88\/100 psn|[from] psn\n|upkeep\n|turn|61\n|\n|t:|1700787403\n|move|p2a: Toxapex|Baneful Bunker|p2a: Toxapex\n|-singleturn|p2a: Toxapex|move: Protect\n|move|p1a: Cyclizar|Draco Meteor|p2a: Toxapex\n|-activate|p2a: Toxapex|move: Protect\n|\n|-damage|p1a: Cyclizar|75\/100 psn|[from] psn\n|upkeep\n|turn|62\n|\n|t:|1700787415\n|move|p1a: Cyclizar|Knock Off|p2a: Toxapex\n|-damage|p2a: Toxapex|92\/100\n|move|p2a: Toxapex|Sludge Bomb|p1a: Cyclizar\n|-damage|p1a: Cyclizar|58\/100 psn\n|\n|-damage|p1a: Cyclizar|46\/100 psn|[from] psn\n|upkeep\n|turn|63\n|\n|t:|1700787423\n|switch|p1a: Alomomola|Alomomola, F|60\/100 psn\n|move|p2a: Toxapex|Baneful Bunker||[still]\n|-fail|p2a: Toxapex\n|\n|-damage|p1a: Alomomola|47\/100 psn|[from] psn\n|upkeep\n|turn|64\n|inactive|TigerSpace02 has 270 seconds left.\n|\n|t:|1700787455\n|move|p1a: Alomomola|Wish|p1a: Alomomola\n|move|p2a: Toxapex|Surf|p1a: Alomomola\n|-resisted|p1a: Alomomola\n|-damage|p1a: Alomomola|35\/100 psn\n|\n|-damage|p1a: Alomomola|23\/100 psn|[from] psn\n|upkeep\n|turn|65\n|\n|t:|1700787464\n|move|p1a: Alomomola|Protect|p1a: Alomomola\n|-singleturn|p1a: Alomomola|Protect\n|move|p2a: Toxapex|Baneful Bunker||[still]\n|-fail|p2a: Toxapex\n|\n|-heal|p1a: Alomomola|73\/100 psn|[from] move: Wish|[wisher] Alomomola\n|-damage|p1a: Alomomola|61\/100 psn|[from] psn\n|upkeep\n|turn|66\n|\n|t:|1700787473\n|move|p2a: Toxapex|Baneful Bunker|p2a: Toxapex\n|-singleturn|p2a: Toxapex|move: Protect\n|move|p1a: Alomomola|Scald|p2a: Toxapex\n|-activate|p2a: Toxapex|move: Protect\n|\n|-damage|p1a: Alomomola|48\/100 psn|[from] psn\n|upkeep\n|turn|67\n|\n|t:|1700787482\n|move|p1a: Alomomola|Wish|p1a: Alomomola\n|move|p2a: Toxapex|Recover|p2a: Toxapex\n|-heal|p2a: Toxapex|100\/100\n|\n|-damage|p1a: Alomomola|36\/100 psn|[from] psn\n|upkeep\n|turn|68\n|\n|t:|1700787492\n|move|p1a: Alomomola|Protect|p1a: Alomomola\n|-singleturn|p1a: Alomomola|Protect\n|move|p2a: Toxapex|Surf|p1a: Alomomola\n|-activate|p1a: Alomomola|move: Protect\n|\n|-heal|p1a: Alomomola|86\/100 psn|[from] move: Wish|[wisher] Alomomola\n|-damage|p1a: Alomomola|74\/100 psn|[from] psn\n|upkeep\n|turn|69\n|\n|t:|1700787501\n|move|p1a: Alomomola|Wish|p1a: Alomomola\n|move|p2a: Toxapex|Surf|p1a: Alomomola\n|-resisted|p1a: Alomomola\n|-damage|p1a: Alomomola|61\/100 psn\n|\n|-damage|p1a: Alomomola|48\/100 psn|[from] psn\n|upkeep\n|turn|70\n|\n|t:|1700787522\n|move|p1a: Alomomola|Scald|p2a: Toxapex\n|-resisted|p2a: Toxapex\n|-damage|p2a: Toxapex|96\/100\n|-status|p2a: Toxapex|brn\n|move|p2a: Toxapex|Surf|p1a: Alomomola\n|-resisted|p1a: Alomomola\n|-damage|p1a: Alomomola|37\/100 psn\n|\n|-heal|p1a: Alomomola|87\/100 psn|[from] move: Wish|[wisher] Alomomola\n|-damage|p1a: Alomomola|74\/100 psn|[from] psn\n|-damage|p2a: Toxapex|89\/100 brn|[from] brn\n|upkeep\n|turn|71\n|inactive|TigerSpace02 has 270 seconds left.\n|\n|t:|1700787543\n|move|p1a: Alomomola|Flip Turn|p2a: Toxapex\n|-resisted|p2a: Toxapex\n|-damage|p2a: Toxapex|83\/100 brn\n|inactive|TigerSpace02 has 270 seconds left.\n|\n|t:|1700787549\n|switch|p1a: Cyclizar|Cyclizar, M, shiny|79\/100 psn|[from] Flip Turn\n|move|p2a: Toxapex|Surf|p1a: Cyclizar\n|-resisted|p1a: Cyclizar\n|-damage|p1a: Cyclizar|69\/100 psn\n|\n|-damage|p1a: Cyclizar|56\/100 psn|[from] psn\n|-damage|p2a: Toxapex|77\/100 brn|[from] brn\n|upkeep\n|turn|72\n|\n|t:|1700787559\n|move|p2a: Toxapex|Baneful Bunker|p2a: Toxapex\n|-singleturn|p2a: Toxapex|move: Protect\n|move|p1a: Cyclizar|Knock Off|p2a: Toxapex\n|-activate|p2a: Toxapex|move: Protect\n|\n|-damage|p1a: Cyclizar|44\/100 psn|[from] psn\n|-damage|p2a: Toxapex|71\/100 brn|[from] brn\n|upkeep\n|turn|73\n|\n|t:|1700787569\n|move|p1a: Cyclizar|Knock Off|p2a: Toxapex\n|-damage|p2a: Toxapex|61\/100 brn\n|move|p2a: Toxapex|Recover|p2a: Toxapex\n|-heal|p2a: Toxapex|100\/100 brn\n|\n|-damage|p1a: Cyclizar|31\/100 psn|[from] psn\n|-damage|p2a: Toxapex|94\/100 brn|[from] brn\n|upkeep\n|turn|74\n|\n|t:|1700787578\n|switch|p1a: Alomomola|Alomomola, F|100\/100 psn\n|move|p2a: Toxapex|Baneful Bunker||[still]\n|-fail|p2a: Toxapex\n|\n|-damage|p1a: Alomomola|88\/100 psn|[from] psn\n|-damage|p2a: Toxapex|88\/100 brn|[from] brn\n|upkeep\n|turn|75\n|\n|t:|1700787592\n|move|p1a: Alomomola|Flip Turn|p2a: Toxapex\n|-resisted|p2a: Toxapex\n|-damage|p2a: Toxapex|82\/100 brn\n|\n|t:|1700787595\n|switch|p1a: Cyclizar|Cyclizar, M, shiny|64\/100 psn|[from] Flip Turn\n|move|p2a: Toxapex|Surf|p1a: Cyclizar\n|-resisted|p1a: Cyclizar\n|-damage|p1a: Cyclizar|55\/100 psn\n|\n|-damage|p1a: Cyclizar|42\/100 psn|[from] psn\n|-damage|p2a: Toxapex|76\/100 brn|[from] brn\n|upkeep\n|turn|76\n|\n|t:|1700787605\n|move|p1a: Cyclizar|U-turn|p2a: Toxapex\n|-resisted|p2a: Toxapex\n|-crit|p2a: Toxapex\n|-damage|p2a: Toxapex|69\/100 brn\n|\n|t:|1700787608\n|switch|p1a: Alomomola|Alomomola, F|100\/100 psn|[from] U-turn\n|move|p2a: Toxapex|Surf|p1a: Alomomola\n|-resisted|p1a: Alomomola\n|-damage|p1a: Alomomola|88\/100 psn\n|\n|-damage|p1a: Alomomola|76\/100 psn|[from] psn\n|-damage|p2a: Toxapex|63\/100 brn|[from] brn\n|upkeep\n|turn|77\n|\n|t:|1700787618\n|move|p1a: Alomomola|Wish|p1a: Alomomola\n|move|p2a: Toxapex|Surf|p1a: Alomomola\n|-resisted|p1a: Alomomola\n|-damage|p1a: Alomomola|62\/100 psn\n|\n|-damage|p1a: Alomomola|50\/100 psn|[from] psn\n|-damage|p2a: Toxapex|57\/100 brn|[from] brn\n|upkeep\n|turn|78\n|\n|t:|1700787627\n|move|p1a: Alomomola|Protect|p1a: Alomomola\n|-singleturn|p1a: Alomomola|Protect\n|move|p2a: Toxapex|Recover|p2a: Toxapex\n|-heal|p2a: Toxapex|100\/100 brn\n|\n|-heal|p1a: Alomomola|99\/100 psn|[from] move: Wish|[wisher] Alomomola\n|-damage|p1a: Alomomola|88\/100 psn|[from] psn\n|-damage|p2a: Toxapex|94\/100 brn|[from] brn\n|upkeep\n|turn|79\n|inactive|TigerSpace02 has 270 seconds left.\n|\n|t:|1700787668\n|move|p1a: Alomomola|Wish|p1a: Alomomola\n|move|p2a: Toxapex|Surf|p1a: Alomomola\n|-resisted|p1a: Alomomola\n|-damage|p1a: Alomomola|74\/100 psn\n|\n|-damage|p1a: Alomomola|62\/100 psn|[from] psn\n|-damage|p2a: Toxapex|88\/100 brn|[from] brn\n|upkeep\n|turn|80\n|c|\u2606MoEB_zaktrap182|Im going to struggle kill myself\n|\n|t:|1700787676\n|move|p1a: Alomomola|Scald|p2a: Toxapex\n|-resisted|p2a: Toxapex\n|-damage|p2a: Toxapex|83\/100 brn\n|move|p2a: Toxapex|Surf|p1a: Alomomola\n|-resisted|p1a: Alomomola\n|-damage|p1a: Alomomola|49\/100 psn\n|\n|-heal|p1a: Alomomola|99\/100 psn|[from] move: Wish|[wisher] Alomomola\n|-damage|p1a: Alomomola|87\/100 psn|[from] psn\n|-damage|p2a: Toxapex|76\/100 brn|[from] brn\n|upkeep\n|turn|81\n|inactive|TigerSpace02 has 270 seconds left.\n|c|\u2606MoEB_zaktrap182|Burn might get me first\n|\n|t:|1700787706\n|move|p2a: Toxapex|Baneful Bunker|p2a: Toxapex\n|-singleturn|p2a: Toxapex|move: Protect\n|move|p1a: Alomomola|Scald|p2a: Toxapex\n|-activate|p2a: Toxapex|move: Protect\n|\n|-damage|p1a: Alomomola|74\/100 psn|[from] psn\n|-damage|p2a: Toxapex|70\/100 brn|[from] brn\n|upkeep\n|turn|82\n|c|\u2606TigerSpace02|maybe\n|\n|t:|1700787717\n|move|p1a: Alomomola|Wish|p1a: Alomomola\n|move|p2a: Toxapex|Surf|p1a: Alomomola\n|-resisted|p1a: Alomomola\n|-damage|p1a: Alomomola|62\/100 psn\n|\n|-damage|p1a: Alomomola|50\/100 psn|[from] psn\n|-damage|p2a: Toxapex|64\/100 brn|[from] brn\n|upkeep\n|turn|83\n|\n|t:|1700787727\n|move|p1a: Alomomola|Protect|p1a: Alomomola\n|-singleturn|p1a: Alomomola|Protect\n|move|p2a: Toxapex|Surf|p1a: Alomomola\n|-activate|p1a: Alomomola|move: Protect\n|\n|-heal|p1a: Alomomola|99\/100 psn|[from] move: Wish|[wisher] Alomomola\n|-damage|p1a: Alomomola|88\/100 psn|[from] psn\n|-damage|p2a: Toxapex|58\/100 brn|[from] brn\n|upkeep\n|turn|84\n|inactive|TigerSpace02 has 270 seconds left.\n|\n|t:|1700787737\n|move|p1a: Alomomola|Flip Turn|p2a: Toxapex\n|-resisted|p2a: Toxapex\n|-damage|p2a: Toxapex|52\/100 brn\n|inactive|TigerSpace02 has 270 seconds left.\n|\n|t:|1700787747\n|switch|p1a: Cyclizar|Cyclizar, M, shiny|75\/100 psn|[from] Flip Turn\n|move|p2a: Toxapex|Surf|p1a: Cyclizar\n|-resisted|p1a: Cyclizar\n|-damage|p1a: Cyclizar|67\/100 psn\n|\n|-damage|p1a: Cyclizar|55\/100 psn|[from] psn\n|-damage|p2a: Toxapex|46\/100 brn|[from] brn\n|upkeep\n|turn|85\n|\n|t:|1700787758\n|move|p2a: Toxapex|Baneful Bunker|p2a: Toxapex\n|-singleturn|p2a: Toxapex|move: Protect\n|move|p1a: Cyclizar|Knock Off|p2a: Toxapex\n|-activate|p2a: Toxapex|move: Protect\n|\n|-damage|p1a: Cyclizar|42\/100 psn|[from] psn\n|-damage|p2a: Toxapex|40\/100 brn|[from] brn\n|upkeep\n|turn|86\n|\n|t:|1700787767\n|move|p1a: Cyclizar|U-turn|p2a: Toxapex\n|-resisted|p2a: Toxapex\n|-damage|p2a: Toxapex|35\/100 brn\n|\n|t:|1700787780\n|switch|p1a: Alomomola|Alomomola, F|100\/100 psn|[from] U-turn\n|move|p2a: Toxapex|Surf|p1a: Alomomola\n|-resisted|p1a: Alomomola\n|-damage|p1a: Alomomola|88\/100 psn\n|\n|-damage|p1a: Alomomola|75\/100 psn|[from] psn\n|-damage|p2a: Toxapex|29\/100 brn|[from] brn\n|upkeep\n|turn|87\n|\n|t:|1700787790\n|move|p2a: Toxapex|Baneful Bunker|p2a: Toxapex\n|-singleturn|p2a: Toxapex|move: Protect\n|move|p1a: Alomomola|Wish|p1a: Alomomola\n|\n|-damage|p1a: Alomomola|63\/100 psn|[from] psn\n|-damage|p2a: Toxapex|23\/100 brn|[from] brn\n|upkeep\n|turn|88\n|\n|t:|1700787809\n|move|p2a: Toxapex|Baneful Bunker||[still]\n|-fail|p2a: Toxapex\n|move|p1a: Alomomola|Flip Turn|p2a: Toxapex\n|-resisted|p2a: Toxapex\n|-damage|p2a: Toxapex|17\/100 brn\n|\n|t:|1700787811\n|switch|p1a: Cyclizar|Cyclizar, M, shiny|75\/100 psn|[from] Flip Turn\n|\n|-heal|p1a: Cyclizar|100\/100 psn|[from] move: Wish|[wisher] Alomomola\n|-damage|p1a: Cyclizar|88\/100 psn|[from] psn\n|-damage|p2a: Toxapex|10\/100 brn|[from] brn\n|upkeep\n|turn|89\n|\n|t:|1700787822\n|move|p2a: Toxapex|Baneful Bunker|p2a: Toxapex\n|-singleturn|p2a: Toxapex|move: Protect\n|move|p1a: Cyclizar|Rapid Spin|p2a: Toxapex\n|-activate|p2a: Toxapex|move: Protect\n|\n|-damage|p1a: Cyclizar|75\/100 psn|[from] psn\n|-damage|p2a: Toxapex|4\/100 brn|[from] brn\n|upkeep\n|turn|90\n|inactive|TigerSpace02 has 270 seconds left.\n|\n|t:|1700787853\n|move|p2a: Toxapex|Baneful Bunker||[still]\n|-fail|p2a: Toxapex\n|move|p1a: Cyclizar|Rapid Spin|p2a: Toxapex\n|-damage|p2a: Toxapex|0 fnt\n|-boost|p1a: Cyclizar|spe|1\n|faint|p2a: Toxapex\n|\n|win|TigerSpace02\n|c|\u2606TigerSpace02|ggs\n","uploadtime":1700787862,"views":4,"p1id":"tigerspace02","p2id":"moebzaktrap182","formatid":"gen9ou","rating":0,"private":0,"password":""}