{"id":"gen9ou-1995824313","p1":"Knoll91","p2":"elmagodelpapiss","format":"[Gen 9] OU","log":"|j|\u2606Knoll91\n|j|\u2606elmagodelpapiss\n|t:|1700606760\n|gametype|singles\n|player|p1|Knoll91|hilbert|1456\n|player|p2|elmagodelpapiss|gentleman-gen4|1481\n|teamsize|p1|6\n|teamsize|p2|6\n|gen|9\n|tier|[Gen 9] OU\n|rated|\n|rule|Sleep Clause Mod: Limit one foe put to sleep\n|rule|Species Clause: Limit one of each Pok\u00e9mon\n|rule|OHKO Clause: OHKO moves are banned\n|rule|Evasion Items Clause: Evasion items are banned\n|rule|Evasion Moves Clause: Evasion moves are banned\n|rule|Endless Battle Clause: Forcing endless battles is banned\n|rule|HP Percentage Mod: HP is shown in percentages\n|clearpoke\n|poke|p1|Slowbro, M|\n|poke|p1|Kingambit, M|\n|poke|p1|Dragonite, M|\n|poke|p1|Landorus-Therian, M|\n|poke|p1|Slowking-Galar, M|\n|poke|p1|Ninetales-Alola, M|\n|poke|p2|Kleavor, F|\n|poke|p2|Great Tusk|\n|poke|p2|Slowking-Galar, F|\n|poke|p2|Moltres|\n|poke|p2|Zapdos|\n|poke|p2|Kingambit, F|\n|teampreview\n|\n|t:|1700606794\n|start\n|switch|p1a: Landorus|Landorus-Therian, M|100\/100\n|switch|p2a: Kleavor|Kleavor, F|100\/100\n|-ability|p1a: Landorus|Intimidate|boost\n|-unboost|p2a: Kleavor|atk|1\n|turn|1\n|\n|t:|1700606808\n|move|p2a: Kleavor|Stone Axe|p1a: Landorus\n|-damage|p1a: Landorus|60\/100\n|-sidestart|p1: Knoll91|move: Stealth Rock\n|move|p1a: Landorus|U-turn|p2a: Kleavor\n|-damage|p2a: Kleavor|63\/100\n|\n|t:|1700606816\n|switch|p1a: Slowbro|Slowbro, M|100\/100|[from] U-turn\n|-damage|p1a: Slowbro|88\/100|[from] Stealth Rock\n|\n|upkeep\n|turn|2\n|inactive|Battle timer is ON: inactive players will automatically lose when time's up. (requested by elmagodelpapiss)\n|\n|t:|1700606829\n|switch|p2a: Slowking|Slowking-Galar, F|100\/100\n|move|p1a: Slowbro|Future Sight|p2a: Slowking\n|-start|p1a: Slowbro|move: Future Sight\n|\n|upkeep\n|turn|3\n|\n|t:|1700606839\n|switch|p1a: Kingambit|Kingambit, M|100\/100\n|-damage|p1a: Kingambit|94\/100|[from] Stealth Rock\n|move|p2a: Slowking|Future Sight|p1a: Kingambit\n|-start|p2a: Slowking|move: Future Sight\n|\n|upkeep\n|turn|4\n|\n|t:|1700606852\n|switch|p2a: Kingambit|Kingambit, F|100\/100\n|move|p1a: Kingambit|Kowtow Cleave|p2a: Kingambit\n|-resisted|p2a: Kingambit\n|-damage|p2a: Kingambit|83\/100\n|\n|-end|p2a: Kingambit|move: Future Sight\n|-immune|p2a: Kingambit\n|-heal|p2a: Kingambit|89\/100|[from] item: Leftovers\n|upkeep\n|turn|5\n|\n|t:|1700606863\n|move|p2a: Kingambit|Brick Break|p1a: Kingambit\n|-supereffective|p1a: Kingambit\n|-damage|p1a: Kingambit|5\/100\n|move|p1a: Kingambit|Iron Head|p2a: Kingambit\n|-resisted|p2a: Kingambit\n|-damage|p2a: Kingambit|71\/100\n|\n|-end|p1a: Kingambit|move: Future Sight\n|-immune|p1a: Kingambit\n|-heal|p2a: Kingambit|77\/100|[from] item: Leftovers\n|upkeep\n|turn|6\n|\n|t:|1700606874\n|-end|p1a: Kingambit|fallenundefined|[silent]\n|switch|p1a: Slowbro|Slowbro, M|100\/100\n|-damage|p1a: Slowbro|88\/100|[from] Stealth Rock\n|move|p2a: Kingambit|Sucker Punch||[still]\n|-fail|p2a: Kingambit\n|\n|-heal|p2a: Kingambit|84\/100|[from] item: Leftovers\n|upkeep\n|turn|7\n|\n|t:|1700606884\n|-end|p2a: Kingambit|fallenundefined|[silent]\n|switch|p2a: Slowking|Slowking-Galar, F|100\/100\n|move|p1a: Slowbro|Body Press|p2a: Slowking\n|-resisted|p2a: Slowking\n|-damage|p2a: Slowking|94\/100\n|\n|upkeep\n|turn|8\n|\n|t:|1700606896\n|move|p1a: Slowbro|Future Sight|p2a: Slowking\n|-start|p1a: Slowbro|move: Future Sight\n|move|p2a: Slowking|Future Sight|p1a: Slowbro\n|-start|p2a: Slowking|move: Future Sight\n|\n|upkeep\n|turn|9\n|\n|t:|1700606906\n|move|p1a: Slowbro|Flamethrower|p2a: Slowking\n|-damage|p2a: Slowking|83\/100\n|move|p2a: Slowking|Surf|p1a: Slowbro\n|-resisted|p1a: Slowbro\n|-damage|p1a: Slowbro|72\/100\n|\n|upkeep\n|turn|10\n|\n|t:|1700606923\n|switch|p1a: Kingambit|Kingambit, M|5\/100\n|-damage|p1a: Kingambit|0 fnt|[from] Stealth Rock\n|faint|p1a: Kingambit\n|-end|p1a: Kingambit|fallenundefined|[silent]\n|move|p2a: Slowking|Sludge Bomb|p1: Kingambit|[notarget]\n|-fail|p2a: Slowking\n|\n|-end|p2a: Slowking|move: Future Sight\n|-damage|p2a: Slowking|61\/100\n|-hint|Future Sight did not hit because the target is fainted.\n|upkeep\n|inactive|Knoll91 has 120 seconds left.\n|\n|t:|1700606954\n|switch|p1a: Dragonite|Dragonite, M|100\/100\n|turn|11\n|\n|t:|1700606962\n|switch|p2a: Moltres|Moltres|100\/100\n|move|p1a: Dragonite|Dragon Dance|p1a: Dragonite\n|-boost|p1a: Dragonite|atk|1\n|-boost|p1a: Dragonite|spe|1\n|\n|upkeep\n|turn|12\n|inactive|Knoll91 has 120 seconds left.\n|\n|t:|1700606983\n|-terastallize|p1a: Dragonite|Normal\n|move|p1a: Dragonite|Extreme Speed|p2a: Moltres\n|-damage|p2a: Moltres|31\/100\n|-status|p1a: Dragonite|brn|[from] ability: Flame Body|[of] p2a: Moltres\n|move|p2a: Moltres|Will-O-Wisp|p1a: Dragonite\n|-fail|p1a: Dragonite|brn\n|\n|-damage|p1a: Dragonite|94\/100 brn|[from] brn\n|upkeep\n|turn|13\n|inactive|Knoll91 has 120 seconds left.\n|\n|t:|1700606996\n|move|p1a: Dragonite|Dragon Dance|p1a: Dragonite\n|-boost|p1a: Dragonite|atk|1\n|-boost|p1a: Dragonite|spe|1\n|move|p2a: Moltres|Roost|p2a: Moltres\n|-heal|p2a: Moltres|81\/100\n|-singleturn|p2a: Moltres|move: Roost\n|\n|-damage|p1a: Dragonite|88\/100 brn|[from] brn\n|upkeep\n|turn|14\n|inactive|Knoll91 has 120 seconds left.\n|\n|t:|1700607006\n|move|p1a: Dragonite|Dragon Dance|p1a: Dragonite\n|-boost|p1a: Dragonite|atk|1\n|-boost|p1a: Dragonite|spe|1\n|move|p2a: Moltres|Hurricane|p1a: Dragonite\n|-damage|p1a: Dragonite|44\/100 brn\n|-start|p1a: Dragonite|confusion\n|\n|-damage|p1a: Dragonite|38\/100 brn|[from] brn\n|upkeep\n|turn|15\n|\n|t:|1700607015\n|-activate|p1a: Dragonite|confusion\n|move|p1a: Dragonite|Extreme Speed|p2a: Moltres\n|-damage|p2a: Moltres|21\/100\n|move|p2a: Moltres|Flamethrower|p1a: Dragonite\n|-damage|p1a: Dragonite|5\/100 brn\n|\n|-damage|p1a: Dragonite|0 fnt|[from] brn\n|faint|p1a: Dragonite\n|upkeep\n|inactive|Knoll91 has 120 seconds left.\n|\n|t:|1700607033\n|switch|p1a: Ninetales|Ninetales-Alola, M|100\/100\n|-damage|p1a: Ninetales|76\/100|[from] Stealth Rock\n|-weather|Snow|[from] ability: Snow Warning|[of] p1a: Ninetales\n|turn|16\n|inactive|Knoll91 has 120 seconds left.\n|\n|t:|1700607039\n|move|p1a: Ninetales|Aurora Veil|p1a: Ninetales\n|-sidestart|p1: Knoll91|move: Aurora Veil\n|move|p2a: Moltres|Roost|p2a: Moltres\n|-heal|p2a: Moltres|71\/100\n|-singleturn|p2a: Moltres|move: Roost\n|\n|-weather|Snow|[upkeep]\n|upkeep\n|turn|17\n|\n|t:|1700607047\n|switch|p2a: Slowking|Slowking-Galar, F|94\/100\n|move|p1a: Ninetales|Blizzard|p2a: Slowking\n|-damage|p2a: Slowking|77\/100\n|\n|-weather|Snow|[upkeep]\n|upkeep\n|turn|18\n|\n|t:|1700607058\n|switch|p1a: Landorus|Landorus-Therian, M|60\/100\n|-damage|p1a: Landorus|48\/100|[from] Stealth Rock\n|-ability|p1a: Landorus|Intimidate|boost\n|-unboost|p2a: Slowking|atk|1\n|move|p2a: Slowking|Future Sight|p1a: Landorus\n|-start|p2a: Slowking|move: Future Sight\n|\n|-weather|Snow|[upkeep]\n|upkeep\n|turn|19\n|\n|t:|1700607066\n|switch|p2a: Zapdos|Zapdos, shiny|100\/100\n|move|p1a: Landorus|U-turn|p2a: Zapdos\n|-resisted|p2a: Zapdos\n|-damage|p2a: Zapdos|90\/100\n|-message|Knoll91 forfeited.\n|\n|win|elmagodelpapiss\n|raw|Knoll91's rating: 1456 &rarr; <strong>1437<\/strong><br \/>(-19 for losing)\n|raw|elmagodelpapiss's rating: 1481 &rarr; <strong>1500<\/strong><br \/>(+19 for winning)\n|l|\u2606Knoll91\n","uploadtime":1700607088,"views":14,"p1id":"knoll91","p2id":"elmagodelpapiss","formatid":"gen9ou","rating":1437,"private":0,"password":""}