{"id":"gen9ou-1988818194","p1":"Klamzzzz","p2":"Oshwottking","format":"[Gen 9] OU","log":"|j|\u2606Klamzzzz\n|j|\u2606Oshwottking\n|t:|1699767698\n|gametype|singles\n|player|p1|Klamzzzz|roark|1082\n|player|p2|Oshwottking|silver|1116\n|teamsize|p1|6\n|teamsize|p2|6\n|gen|9\n|tier|[Gen 9] OU\n|rated|\n|rule|Sleep Clause Mod: Limit one foe put to sleep\n|rule|Species Clause: Limit one of each Pok\u00e9mon\n|rule|OHKO Clause: OHKO moves are banned\n|rule|Evasion Items Clause: Evasion items are banned\n|rule|Evasion Moves Clause: Evasion moves are banned\n|rule|Endless Battle Clause: Forcing endless battles is banned\n|rule|HP Percentage Mod: HP is shown in percentages\n|clearpoke\n|poke|p1|Mandibuzz, F|\n|poke|p1|Krookodile, F|\n|poke|p1|Iron Valiant|\n|poke|p1|Breloom, F|\n|poke|p1|Walking Wake|\n|poke|p1|Heatran, M|\n|poke|p2|Ogerpon, F|\n|poke|p2|Blissey, F|\n|poke|p2|Corviknight, F|\n|poke|p2|Volcanion|\n|poke|p2|Great Tusk|\n|poke|p2|Goodra-Hisui, F|\n|teampreview\n|inactive|Battle timer is ON: inactive players will automatically lose when time's up. (requested by Oshwottking)\n|inactive|Oshwottking has 120 seconds left.\n|\n|t:|1699767744\n|start\n|switch|p1a: Krookodile|Krookodile, F|100\/100\n|switch|p2a: Ogerpon|Ogerpon, F|100\/100\n|-ability|p1a: Krookodile|Intimidate|boost\n|-unboost|p2a: Ogerpon|atk|1\n|-ability|p2a: Ogerpon|Defiant|boost\n|-boost|p2a: Ogerpon|atk|2\n|turn|1\n|\n|t:|1699767756\n|-terastallize|p1a: Krookodile|Poison\n|move|p2a: Ogerpon|U-turn|p1a: Krookodile\n|-resisted|p1a: Krookodile\n|-damage|p1a: Krookodile|71\/100\n|\n|t:|1699767765\n|switch|p2a: Corviknight|Corviknight, F|100\/100|[from] U-turn\n|-ability|p2a: Corviknight|Pressure\n|move|p1a: Krookodile|Gunk Shot|p2a: Corviknight\n|-immune|p2a: Corviknight\n|\n|-heal|p1a: Krookodile|77\/100|[from] item: Leftovers\n|upkeep\n|turn|2\n|\n|t:|1699767777\n|move|p1a: Krookodile|Stealth Rock|p2a: Corviknight\n|-sidestart|p2: Oshwottking|move: Stealth Rock\n|move|p2a: Corviknight|U-turn|p1a: Krookodile\n|-resisted|p1a: Krookodile\n|-damage|p1a: Krookodile|67\/100\n|\n|t:|1699767783\n|switch|p2a: Great Tusk|Great Tusk|100\/100|[from] U-turn\n|\n|-heal|p1a: Krookodile|73\/100|[from] item: Leftovers\n|upkeep\n|turn|3\n|\n|t:|1699767794\n|switch|p1a: Mandibuzz|Mandibuzz, F|100\/100\n|move|p2a: Great Tusk|Earthquake|p1a: Mandibuzz\n|-immune|p1a: Mandibuzz\n|\n|upkeep\n|turn|4\n|\n|t:|1699767809\n|move|p2a: Great Tusk|Rapid Spin|p1a: Mandibuzz\n|-damage|p1a: Mandibuzz|92\/100\n|-boost|p2a: Great Tusk|spe|1\n|-damage|p2a: Great Tusk|84\/100|[from] item: Rocky Helmet|[of] p1a: Mandibuzz\n|-sideend|p2: Oshwottking|Stealth Rock|[from] move: Rapid Spin|[of] p2a: Great Tusk\n|move|p1a: Mandibuzz|Foul Play|p2a: Great Tusk\n|-resisted|p2a: Great Tusk\n|-damage|p2a: Great Tusk|73\/100\n|\n|upkeep\n|turn|5\n|\n|t:|1699767822\n|-end|p2a: Great Tusk|Protosynthesis|[silent]\n|switch|p2a: Goodra|Goodra-Hisui, F|100\/100\n|move|p1a: Mandibuzz|Roost|p1a: Mandibuzz\n|-heal|p1a: Mandibuzz|100\/100\n|-singleturn|p1a: Mandibuzz|move: Roost\n|\n|upkeep\n|turn|6\n|\n|t:|1699767830\n|move|p1a: Mandibuzz|U-turn|p2a: Goodra\n|-resisted|p2a: Goodra\n|-damage|p2a: Goodra|95\/100\n|\n|t:|1699767835\n|switch|p1a: Heatran|Heatran, M|100\/100|[from] U-turn\n|move|p2a: Goodra|Ice Beam|p1a: Heatran\n|-resisted|p1a: Heatran\n|-damage|p1a: Heatran|96\/100\n|-status|p1a: Heatran|frz\n|\n|-heal|p1a: Heatran|100\/100 frz|[from] item: Leftovers\n|upkeep\n|turn|7\n|c|\u2606Klamzzzz|lol\n|\n|t:|1699767854\n|switch|p2a: Volcanion|Volcanion|100\/100\n|cant|p1a: Heatran|frz\n|\n|upkeep\n|turn|8\n|\n|t:|1699767868\n|switch|p1a: Walking Wake|Walking Wake|100\/100\n|-enditem|p1a: Walking Wake|Booster Energy\n|-activate|p1a: Walking Wake|ability: Protosynthesis|[fromitem]\n|-start|p1a: Walking Wake|protosynthesisspa\n|move|p2a: Volcanion|Steam Eruption|p1a: Walking Wake\n|-resisted|p1a: Walking Wake\n|-damage|p1a: Walking Wake|81\/100\n|\n|upkeep\n|turn|9\n|\n|t:|1699767879\n|switch|p2a: Goodra|Goodra-Hisui, F|95\/100\n|move|p1a: Walking Wake|Substitute|p1a: Walking Wake\n|-start|p1a: Walking Wake|Substitute\n|-damage|p1a: Walking Wake|56\/100\n|\n|upkeep\n|turn|10\n|\n|t:|1699767891\n|move|p1a: Walking Wake|Dragon Pulse|p2a: Goodra\n|-damage|p2a: Goodra|65\/100\n|move|p2a: Goodra|Ice Beam|p1a: Walking Wake\n|-end|p1a: Walking Wake|Substitute\n|\n|upkeep\n|turn|11\n|\n|t:|1699767905\n|move|p1a: Walking Wake|Dragon Pulse|p2a: Goodra\n|-damage|p2a: Goodra|36\/100\n|move|p2a: Goodra|Ice Beam|p1a: Walking Wake\n|-damage|p1a: Walking Wake|22\/100\n|\n|upkeep\n|turn|12\n|\n|t:|1699767916\n|-end|p1a: Walking Wake|Protosynthesis|[silent]\n|switch|p1a: Heatran|Heatran, M|100\/100 frz\n|switch|p2a: Blissey|Blissey, F|100\/100\n|\n|upkeep\n|turn|13\n|\n|t:|1699767924\n|cant|p1a: Heatran|frz\n|move|p2a: Blissey|Stealth Rock|p1a: Heatran\n|-sidestart|p1: Klamzzzz|move: Stealth Rock\n|\n|upkeep\n|turn|14\n|\n|t:|1699767930\n|switch|p2a: Great Tusk|Great Tusk|73\/100\n|cant|p1a: Heatran|frz\n|\n|upkeep\n|turn|15\n|\n|t:|1699767939\n|switch|p1a: Mandibuzz|Mandibuzz, F|100\/100\n|-damage|p1a: Mandibuzz|76\/100|[from] Stealth Rock\n|move|p2a: Great Tusk|Knock Off|p1a: Mandibuzz\n|-resisted|p1a: Mandibuzz\n|-damage|p1a: Mandibuzz|67\/100\n|-damage|p2a: Great Tusk|56\/100|[from] item: Rocky Helmet|[of] p1a: Mandibuzz\n|-enditem|p1a: Mandibuzz|Rocky Helmet|[from] move: Knock Off|[of] p2a: Great Tusk\n|\n|upkeep\n|turn|16\n|\n|t:|1699767950\n|-end|p2a: Great Tusk|Protosynthesis|[silent]\n|switch|p2a: Corviknight|Corviknight, F|100\/100\n|-ability|p2a: Corviknight|Pressure\n|move|p1a: Mandibuzz|Defog|p2a: Corviknight\n|-unboost|p2a: Corviknight|evasion|1\n|-sideend|p1: Klamzzzz|Stealth Rock|[from] move: Defog|[of] p1a: Mandibuzz\n|\n|upkeep\n|turn|17\n|\n|t:|1699767963\n|move|p1a: Mandibuzz|U-turn|p2a: Corviknight\n|-resisted|p2a: Corviknight\n|-damage|p2a: Corviknight|99\/100\n|-damage|p1a: Mandibuzz|51\/100|[from] item: Rocky Helmet|[of] p2a: Corviknight\n|\n|t:|1699767972\n|switch|p1a: Iron Valiant|Iron Valiant|100\/100|[from] U-turn\n|-enditem|p1a: Iron Valiant|Booster Energy\n|-activate|p1a: Iron Valiant|ability: Quark Drive|[fromitem]\n|-start|p1a: Iron Valiant|quarkdrivespe\n|move|p2a: Corviknight|U-turn|p1a: Iron Valiant\n|-resisted|p1a: Iron Valiant\n|-damage|p1a: Iron Valiant|96\/100\n|\n|t:|1699767993\n|switch|p2a: Volcanion|Volcanion|100\/100|[from] U-turn\n|\n|upkeep\n|turn|18\n|\n|t:|1699768013\n|move|p1a: Iron Valiant|Thunderbolt|p2a: Volcanion\n|-supereffective|p2a: Volcanion\n|-damage|p2a: Volcanion|27\/100\n|move|p2a: Volcanion|Steam Eruption|p1a: Iron Valiant\n|-damage|p1a: Iron Valiant|0 fnt\n|faint|p1a: Iron Valiant\n|-end|p1a: Iron Valiant|Quark Drive|[silent]\n|\n|upkeep\n|\n|t:|1699768022\n|switch|p1a: Breloom|Breloom, F|100\/100\n|turn|19\n|\n|t:|1699768026\n|switch|p2a: Corviknight|Corviknight, F|99\/100\n|-ability|p2a: Corviknight|Pressure\n|move|p1a: Breloom|Bullet Seed|p2a: Corviknight\n|-resisted|p2a: Corviknight\n|-crit|p2a: Corviknight\n|-damage|p2a: Corviknight|94\/100\n|-resisted|p2a: Corviknight\n|-damage|p2a: Corviknight|91\/100\n|-resisted|p2a: Corviknight\n|-damage|p2a: Corviknight|88\/100\n|-resisted|p2a: Corviknight\n|-crit|p2a: Corviknight\n|-damage|p2a: Corviknight|83\/100\n|-resisted|p2a: Corviknight\n|-damage|p2a: Corviknight|80\/100\n|-hitcount|p2a: Corviknight|5\n|\n|upkeep\n|turn|20\n|\n|t:|1699768046\n|switch|p1a: Heatran|Heatran, M|100\/100 frz\n|move|p2a: Corviknight|U-turn|p1a: Heatran\n|-resisted|p1a: Heatran\n|-crit|p1a: Heatran\n|-damage|p1a: Heatran|96\/100 frz\n|\n|t:|1699768050\n|switch|p2a: Volcanion|Volcanion|27\/100|[from] U-turn\n|\n|-heal|p1a: Heatran|100\/100 frz|[from] item: Leftovers\n|upkeep\n|turn|21\n|\n|t:|1699768070\n|switch|p1a: Walking Wake|Walking Wake|22\/100\n|move|p2a: Volcanion|Steam Eruption|p1a: Walking Wake\n|-resisted|p1a: Walking Wake\n|-damage|p1a: Walking Wake|5\/100\n|\n|upkeep\n|turn|22\n|\n|t:|1699768078\n|move|p2a: Volcanion|Steam Eruption|p1a: Walking Wake\n|-resisted|p1a: Walking Wake\n|-damage|p1a: Walking Wake|0 fnt\n|faint|p1a: Walking Wake\n|-end|p1a: Walking Wake|Protosynthesis|[silent]\n|\n|upkeep\n|\n|t:|1699768090\n|switch|p1a: Breloom|Breloom, F|100\/100\n|turn|23\n|\n|t:|1699768098\n|switch|p2a: Goodra|Goodra-Hisui, F|36\/100\n|move|p1a: Breloom|Mach Punch|p2a: Goodra\n|-supereffective|p2a: Goodra\n|-damage|p2a: Goodra|0 fnt\n|faint|p2a: Goodra\n|\n|upkeep\n|\n|t:|1699768106\n|switch|p2a: Corviknight|Corviknight, F|80\/100\n|-ability|p2a: Corviknight|Pressure\n|turn|24\n|\n|t:|1699768112\n|move|p1a: Breloom|Spore|p2a: Corviknight\n|-status|p2a: Corviknight|slp|[from] move: Spore\n|cant|p2a: Corviknight|slp\n|\n|upkeep\n|turn|25\n|\n|t:|1699768120\n|switch|p2a: Great Tusk|Great Tusk|56\/100\n|move|p1a: Breloom|Rock Tomb|p2a: Great Tusk\n|-resisted|p2a: Great Tusk\n|-damage|p2a: Great Tusk|51\/100\n|-unboost|p2a: Great Tusk|spe|1\n|\n|upkeep\n|turn|26\n|\n|t:|1699768137\n|switch|p1a: Mandibuzz|Mandibuzz, F|51\/100\n|-end|p2a: Great Tusk|Protosynthesis|[silent]\n|switch|p2a: Corviknight|Corviknight, F|80\/100 slp\n|-ability|p2a: Corviknight|Pressure\n|\n|upkeep\n|turn|27\n|\n|t:|1699768146\n|switch|p1a: Heatran|Heatran, M|100\/100 frz\n|cant|p2a: Corviknight|slp\n|\n|upkeep\n|turn|28\n|\n|t:|1699768152\n|cant|p1a: Heatran|frz\n|cant|p2a: Corviknight|slp\n|\n|upkeep\n|turn|29\n|\n|t:|1699768158\n|cant|p1a: Heatran|frz\n|-curestatus|p2a: Corviknight|slp|[msg]\n|move|p2a: Corviknight|U-turn|p1a: Heatran\n|-resisted|p1a: Heatran\n|-damage|p1a: Heatran|97\/100 frz\n|\n|t:|1699768164\n|switch|p2a: Blissey|Blissey, F|100\/100|[from] U-turn\n|\n|-heal|p1a: Heatran|100\/100 frz|[from] item: Leftovers\n|upkeep\n|turn|30\n|c|\u2606Oshwottking|they should really nerf freeze like sleep being a 2 turn\n|inactive|Oshwottking has 120 seconds left.\n|\n|t:|1699768202\n|cant|p1a: Heatran|frz\n|move|p2a: Blissey|Stealth Rock|p1a: Heatran\n|-sidestart|p1: Klamzzzz|move: Stealth Rock\n|\n|upkeep\n|turn|31\n|\n|t:|1699768209\n|cant|p1a: Heatran|frz\n|move|p2a: Blissey|Seismic Toss|p1a: Heatran\n|-damage|p1a: Heatran|75\/100 frz\n|\n|-heal|p1a: Heatran|81\/100 frz|[from] item: Leftovers\n|upkeep\n|turn|32\n|\n|t:|1699768218\n|switch|p1a: Breloom|Breloom, F|100\/100\n|-damage|p1a: Breloom|94\/100|[from] Stealth Rock\n|move|p2a: Blissey|Seismic Toss|p1a: Breloom\n|-damage|p1a: Breloom|56\/100\n|\n|upkeep\n|turn|33\n|\n|t:|1699768228\n|switch|p2a: Corviknight|Corviknight, F|80\/100\n|-ability|p2a: Corviknight|Pressure\n|move|p1a: Breloom|Mach Punch|p2a: Corviknight\n|-damage|p2a: Corviknight|59\/100\n|-damage|p1a: Breloom|40\/100|[from] item: Rocky Helmet|[of] p2a: Corviknight\n|\n|upkeep\n|turn|34\n|\n|t:|1699768242\n|move|p1a: Breloom|Rock Tomb|p2a: Corviknight\n|-damage|p2a: Corviknight|38\/100\n|-unboost|p2a: Corviknight|spe|1\n|move|p2a: Corviknight|U-turn|p1a: Breloom\n|-damage|p1a: Breloom|18\/100\n|\n|t:|1699768252\n|switch|p2a: Great Tusk|Great Tusk|51\/100|[from] U-turn\n|\n|upkeep\n|turn|35\n|\n|t:|1699768257\n|move|p1a: Breloom|Spore|p2a: Great Tusk\n|-status|p2a: Great Tusk|slp|[from] move: Spore\n|cant|p2a: Great Tusk|slp\n|\n|upkeep\n|turn|36\n|\n|t:|1699768265\n|-end|p2a: Great Tusk|Protosynthesis|[silent]\n|switch|p2a: Corviknight|Corviknight, F|38\/100\n|-ability|p2a: Corviknight|Pressure\n|move|p1a: Breloom|Bullet Seed|p2a: Corviknight\n|-resisted|p2a: Corviknight\n|-damage|p2a: Corviknight|35\/100\n|-resisted|p2a: Corviknight\n|-crit|p2a: Corviknight\n|-damage|p2a: Corviknight|30\/100\n|-resisted|p2a: Corviknight\n|-damage|p2a: Corviknight|27\/100\n|-resisted|p2a: Corviknight\n|-damage|p2a: Corviknight|24\/100\n|-resisted|p2a: Corviknight\n|-damage|p2a: Corviknight|21\/100\n|-hitcount|p2a: Corviknight|5\n|\n|upkeep\n|turn|37\n|\n|t:|1699768279\n|move|p1a: Breloom|Spore|p2a: Corviknight\n|-message|Sleep Clause Mod activated.\n|-hint|Sleep Clause Mod prevents players from putting more than one of their opponent's Pok\u00e9mon to sleep at a time\n|move|p2a: Corviknight|Roost|p2a: Corviknight\n|-heal|p2a: Corviknight|71\/100\n|-singleturn|p2a: Corviknight|move: Roost\n|\n|upkeep\n|turn|38\n|\n|t:|1699768291\n|move|p1a: Breloom|Rock Tomb|p2a: Corviknight\n|-damage|p2a: Corviknight|52\/100\n|-unboost|p2a: Corviknight|spe|1\n|move|p2a: Corviknight|U-turn|p1a: Breloom\n|-crit|p1a: Breloom\n|-damage|p1a: Breloom|0 fnt\n|faint|p1a: Breloom\n|\n|t:|1699768303\n|switch|p2a: Ogerpon|Ogerpon, F|100\/100|[from] U-turn\n|\n|upkeep\n|\n|t:|1699768307\n|switch|p1a: Krookodile|Krookodile, F, tera:Poison|73\/100\n|-damage|p1a: Krookodile|61\/100|[from] Stealth Rock\n|-ability|p1a: Krookodile|Intimidate|boost\n|-unboost|p2a: Ogerpon|atk|1\n|-ability|p2a: Ogerpon|Defiant|boost\n|-boost|p2a: Ogerpon|atk|2\n|turn|39\n|\n|t:|1699768315\n|move|p2a: Ogerpon|Stomping Tantrum|p1a: Krookodile\n|-supereffective|p1a: Krookodile\n|-damage|p1a: Krookodile|0 fnt\n|faint|p1a: Krookodile\n|\n|upkeep\n|\n|t:|1699768319\n|switch|p1a: Heatran|Heatran, M|81\/100 frz\n|-damage|p1a: Heatran|68\/100 frz|[from] Stealth Rock\n|turn|40\n|\n|t:|1699768324\n|move|p2a: Ogerpon|Stomping Tantrum|p1a: Heatran\n|-supereffective|p1a: Heatran\n|-damage|p1a: Heatran|0 fnt\n|faint|p1a: Heatran\n|\n|upkeep\n|\n|t:|1699768329\n|switch|p1a: Mandibuzz|Mandibuzz, F|51\/100\n|-damage|p1a: Mandibuzz|26\/100|[from] Stealth Rock\n|turn|41\n|\n|t:|1699768335\n|switch|p2a: Volcanion|Volcanion|27\/100\n|move|p1a: Mandibuzz|Foul Play|p2a: Volcanion\n|-damage|p2a: Volcanion|0 fnt\n|faint|p2a: Volcanion\n|\n|upkeep\n|\n|t:|1699768340\n|switch|p2a: Ogerpon|Ogerpon, F|100\/100\n|turn|42\n|\n|t:|1699768347\n|move|p2a: Ogerpon|Ivy Cudgel|p1a: Mandibuzz\n|-resisted|p1a: Mandibuzz\n|-damage|p1a: Mandibuzz|6\/100\n|move|p1a: Mandibuzz|Foul Play|p2a: Ogerpon\n|-damage|p2a: Ogerpon|44\/100\n|\n|upkeep\n|turn|43\n|\n|t:|1699768354\n|move|p2a: Ogerpon|Ivy Cudgel|p1a: Mandibuzz\n|-resisted|p1a: Mandibuzz\n|-damage|p1a: Mandibuzz|0 fnt\n|faint|p1a: Mandibuzz\n|\n|win|Oshwottking\n|raw|Klamzzzz's rating: 1082 &rarr; <strong>1062<\/strong><br \/>(-20 for losing)\n|raw|Oshwottking's rating: 1116 &rarr; <strong>1139<\/strong><br \/>(+23 for winning)\n|l|\u2606Klamzzzz\n","uploadtime":1699768357,"views":11,"p1id":"klamzzzz","p2id":"oshwottking","formatid":"gen9ou","rating":1062,"private":0,"password":""}