{"id":"gen9ou-1997444252","p1":"big goon","p2":"New bornt","format":"[Gen 9] OU","log":"|j|\u2606big goon\n|j|\u2606New bornt\n|t:|1700806256\n|gametype|singles\n|player|p1|big goon|1|1388\n|player|p2|New bornt|swimmer|1349\n|teamsize|p1|6\n|teamsize|p2|6\n|gen|9\n|tier|[Gen 9] OU\n|rated|\n|rule|Sleep Clause Mod: Limit one foe put to sleep\n|rule|Species Clause: Limit one of each Pok\u00e9mon\n|rule|OHKO Clause: OHKO moves are banned\n|rule|Evasion Items Clause: Evasion items are banned\n|rule|Evasion Moves Clause: Evasion moves are banned\n|rule|Endless Battle Clause: Forcing endless battles is banned\n|rule|HP Percentage Mod: HP is shown in percentages\n|clearpoke\n|poke|p1|Greninja-*, M|\n|poke|p1|Great Tusk|\n|poke|p1|Gholdengo|\n|poke|p1|Ribombee, F|\n|poke|p1|Landorus-Therian, M|\n|poke|p1|Ogerpon-Cornerstone, F|\n|poke|p2|Ribombee, F|\n|poke|p2|Gholdengo|\n|poke|p2|Great Tusk|\n|poke|p2|Manaphy|\n|poke|p2|Iron Moth|\n|poke|p2|Dragonite, F|\n|teampreview\n|inactive|Battle timer is ON: inactive players will automatically lose when time's up. (requested by New bornt)\n|\n|t:|1700806272\n|start\n|switch|p1a: Greninja|Greninja, M|100\/100\n|switch|p2a: Arachn\u00e9e|Ribombee, F|100\/100\n|turn|1\n|\n|t:|1700806283\n|-terastallize|p1a: Greninja|Water\n|move|p1a: Greninja|Water Shuriken|p2a: Arachn\u00e9e\n|-damage|p2a: Arachn\u00e9e|81\/100\n|-damage|p2a: Arachn\u00e9e|59\/100\n|-hitcount|p2a: Arachn\u00e9e|2\n|-damage|p1a: Greninja|91\/100|[from] item: Life Orb\n|move|p2a: Arachn\u00e9e|Sticky Web|p1a: Greninja\n|-sidestart|p1: big goon|move: Sticky Web\n|\n|upkeep\n|turn|2\n|\n|t:|1700806293\n|switch|p2a: 2Strong4You|Manaphy|100\/100\n|move|p1a: Greninja|Water Shuriken|p2a: 2Strong4You\n|-resisted|p2a: 2Strong4You\n|-damage|p2a: 2Strong4You|95\/100\n|-resisted|p2a: 2Strong4You\n|-crit|p2a: 2Strong4You\n|-damage|p2a: 2Strong4You|87\/100\n|-hitcount|p2a: 2Strong4You|2\n|-damage|p1a: Greninja|81\/100|[from] item: Life Orb\n|\n|-heal|p2a: 2Strong4You|94\/100|[from] item: Leftovers\n|upkeep\n|turn|3\n|\n|t:|1700806301\n|switch|p1a: Ogerpon|Ogerpon-Cornerstone, F|100\/100\n|-activate|p1a: Ogerpon|move: Sticky Web\n|-unboost|p1a: Ogerpon|spe|1\n|move|p2a: 2Strong4You|Take Heart|p2a: 2Strong4You\n|-boost|p2a: 2Strong4You|spa|1\n|-boost|p2a: 2Strong4You|spd|1\n|\n|-heal|p2a: 2Strong4You|99\/100|[from] item: Leftovers\n|upkeep\n|turn|4\n|\n|t:|1700806307\n|-terastallize|p2a: 2Strong4You|Poison\n|move|p2a: 2Strong4You|Acid Armor|p2a: 2Strong4You\n|-boost|p2a: 2Strong4You|def|2\n|move|p1a: Ogerpon|Encore|p2a: 2Strong4You\n|-start|p2a: 2Strong4You|Encore\n|\n|-heal|p2a: 2Strong4You|100\/100|[from] item: Leftovers\n|upkeep\n|turn|5\n|\n|t:|1700806316\n|switch|p2a: Ganesh|Great Tusk|100\/100\n|move|p1a: Ogerpon|Knock Off|p2a: Ganesh\n|-resisted|p2a: Ganesh\n|-damage|p2a: Ganesh|87\/100\n|-enditem|p2a: Ganesh|Heavy-Duty Boots|[from] move: Knock Off|[of] p1a: Ogerpon\n|\n|upkeep\n|turn|6\n|\n|t:|1700806324\n|move|p2a: Ganesh|Knock Off|p1a: Ogerpon\n|-damage|p1a: Ogerpon|71\/100\n|move|p1a: Ogerpon|Horn Leech|p2a: Ganesh\n|-supereffective|p2a: Ganesh\n|-damage|p2a: Ganesh|28\/100\n|-heal|p1a: Ogerpon|100\/100|[from] drain|[of] p2a: Ganesh\n|\n|upkeep\n|turn|7\n|\n|t:|1700806332\n|move|p2a: Ganesh|Close Combat|p1a: Ogerpon\n|-supereffective|p1a: Ogerpon\n|-ability|p1a: Ogerpon|Sturdy\n|-damage|p1a: Ogerpon|1\/100\n|-unboost|p2a: Ganesh|def|1\n|-unboost|p2a: Ganesh|spd|1\n|move|p1a: Ogerpon|Knock Off|p2a: Ganesh\n|-resisted|p2a: Ganesh\n|-damage|p2a: Ganesh|14\/100\n|\n|upkeep\n|turn|8\n|\n|t:|1700806349\n|move|p2a: Ganesh|Rapid Spin|p1a: Ogerpon\n|-resisted|p1a: Ogerpon\n|-damage|p1a: Ogerpon|0 fnt\n|-boost|p2a: Ganesh|spe|1\n|faint|p1a: Ogerpon\n|\n|upkeep\n|\n|t:|1700806352\n|switch|p1a: Greninja|Greninja, M, tera:Water|81\/100\n|-activate|p1a: Greninja|move: Sticky Web\n|-unboost|p1a: Greninja|spe|1\n|turn|9\n|\n|t:|1700806360\n|-end|p2a: Ganesh|Protosynthesis|[silent]\n|switch|p2a: 2Strong4You|Manaphy, tera:Poison|100\/100\n|move|p1a: Greninja|Water Shuriken|p2a: 2Strong4You\n|-damage|p2a: 2Strong4You|90\/100\n|-damage|p2a: 2Strong4You|78\/100\n|-damage|p2a: 2Strong4You|66\/100\n|-damage|p2a: 2Strong4You|56\/100\n|-damage|p2a: 2Strong4You|46\/100\n|-hitcount|p2a: 2Strong4You|5\n|-damage|p1a: Greninja|71\/100|[from] item: Life Orb\n|\n|-heal|p2a: 2Strong4You|52\/100|[from] item: Leftovers\n|upkeep\n|turn|10\n|\n|t:|1700806370\n|move|p2a: 2Strong4You|Take Heart|p2a: 2Strong4You\n|-boost|p2a: 2Strong4You|spa|1\n|-boost|p2a: 2Strong4You|spd|1\n|move|p1a: Greninja|Surf|p2a: 2Strong4You\n|-damage|p2a: 2Strong4You|13\/100\n|-damage|p1a: Greninja|61\/100|[from] item: Life Orb\n|\n|-heal|p2a: 2Strong4You|19\/100|[from] item: Leftovers\n|upkeep\n|turn|11\n|\n|t:|1700806377\n|move|p1a: Greninja|Water Shuriken|p2a: 2Strong4You\n|-damage|p2a: 2Strong4You|12\/100\n|-damage|p2a: 2Strong4You|6\/100\n|-hitcount|p2a: 2Strong4You|2\n|-damage|p1a: Greninja|51\/100|[from] item: Life Orb\n|move|p2a: 2Strong4You|Stored Power|p1a: Greninja\n|-damage|p1a: Greninja|22\/100\n|\n|-heal|p2a: 2Strong4You|12\/100|[from] item: Leftovers\n|upkeep\n|turn|12\n|\n|t:|1700806383\n|move|p1a: Greninja|Water Shuriken|p2a: 2Strong4You\n|-damage|p2a: 2Strong4You|5\/100\n|-damage|p2a: 2Strong4You|0 fnt\n|faint|p2a: 2Strong4You\n|-ability|p1a: Greninja|Battle Bond|boost\n|-boost|p1a: Greninja|atk|1\n|-boost|p1a: Greninja|spa|1\n|-boost|p1a: Greninja|spe|1\n|-activate|p1a: Greninja|ability: Battle Bond\n|-hitcount|p2: 2Strong4You|2\n|-damage|p1a: Greninja|12\/100|[from] item: Life Orb\n|\n|upkeep\n|\n|t:|1700806384\n|switch|p2a: FlyingPlush|Dragonite, F|100\/100\n|turn|13\n|\n|t:|1700806388\n|switch|p1a: Gholdengo|Gholdengo|100\/100\n|-item|p1a: Gholdengo|Air Balloon\n|move|p2a: FlyingPlush|Extreme Speed|p1a: Gholdengo\n|-immune|p1a: Gholdengo\n|\n|upkeep\n|turn|14\n|\n|t:|1700806404\n|move|p2a: FlyingPlush|Fire Punch|p1a: Gholdengo\n|-supereffective|p1a: Gholdengo\n|-damage|p1a: Gholdengo|44\/100\n|-enditem|p1a: Gholdengo|Air Balloon\n|move|p1a: Gholdengo|Nasty Plot|p1a: Gholdengo\n|-boost|p1a: Gholdengo|spa|2\n|\n|upkeep\n|turn|15\n|\n|t:|1700806412\n|move|p2a: FlyingPlush|Earthquake|p1a: Gholdengo\n|-supereffective|p1a: Gholdengo\n|-damage|p1a: Gholdengo|0 fnt\n|faint|p1a: Gholdengo\n|\n|upkeep\n|\n|t:|1700806415\n|switch|p1a: Ribombee|Ribombee, F|100\/100\n|-activate|p1a: Ribombee|move: Sticky Web\n|-unboost|p1a: Ribombee|spe|1\n|turn|16\n|\n|t:|1700806422\n|move|p2a: FlyingPlush|Fire Punch|p1a: Ribombee\n|-supereffective|p1a: Ribombee\n|-enditem|p1a: Ribombee|Focus Sash\n|-damage|p1a: Ribombee|1\/100\n|move|p1a: Ribombee|Sticky Web|p2a: FlyingPlush\n|-sidestart|p2: New bornt|move: Sticky Web\n|\n|upkeep\n|turn|17\n|\n|t:|1700806426\n|move|p2a: FlyingPlush|Extreme Speed|p1a: Ribombee\n|-crit|p1a: Ribombee\n|-damage|p1a: Ribombee|0 fnt\n|faint|p1a: Ribombee\n|\n|upkeep\n|\n|t:|1700806429\n|switch|p1a: Greninja|Greninja, M, tera:Water|12\/100\n|-activate|p1a: Greninja|move: Sticky Web\n|-unboost|p1a: Greninja|spe|1\n|turn|18\n|\n|t:|1700806432\n|move|p2a: FlyingPlush|Extreme Speed|p1a: Greninja\n|-damage|p1a: Greninja|0 fnt\n|faint|p1a: Greninja\n|\n|upkeep\n|\n|t:|1700806434\n|switch|p1a: Landorus|Landorus-Therian, M|100\/100\n|-ability|p1a: Landorus|Intimidate|boost\n|-unboost|p2a: FlyingPlush|atk|1\n|turn|19\n|\n|t:|1700806440\n|switch|p2a: Ganesh|Great Tusk|14\/100\n|-activate|p2a: Ganesh|move: Sticky Web\n|-unboost|p2a: Ganesh|spe|1\n|move|p1a: Landorus|Smack Down|p2a: Ganesh\n|-resisted|p2a: Ganesh\n|-damage|p2a: Ganesh|10\/100\n|\n|upkeep\n|turn|20\n|\n|t:|1700806447\n|move|p1a: Landorus|Earthquake|p2a: Ganesh\n|-damage|p2a: Ganesh|0 fnt\n|faint|p2a: Ganesh\n|-end|p2a: Ganesh|Protosynthesis|[silent]\n|\n|upkeep\n|\n|t:|1700806458\n|switch|p2a: FlyingPlush|Dragonite, F|100\/100\n|turn|21\n|\n|t:|1700806461\n|move|p1a: Landorus|Smack Down|p2a: FlyingPlush\n|-supereffective|p2a: FlyingPlush\n|-damage|p2a: FlyingPlush|79\/100\n|-start|p2a: FlyingPlush|Smack Down\n|move|p2a: FlyingPlush|Dragon Dance|p2a: FlyingPlush\n|-boost|p2a: FlyingPlush|atk|1\n|-boost|p2a: FlyingPlush|spe|1\n|\n|upkeep\n|turn|22\n|\n|t:|1700806467\n|move|p2a: FlyingPlush|Extreme Speed|p1a: Landorus\n|-damage|p1a: Landorus|46\/100\n|move|p1a: Landorus|Earthquake|p2a: FlyingPlush\n|-damage|p2a: FlyingPlush|20\/100\n|\n|-heal|p1a: Landorus|52\/100|[from] item: Leftovers\n|upkeep\n|turn|23\n|\n|t:|1700806473\n|switch|p1a: Great Tusk|Great Tusk|100\/100\n|-activate|p1a: Great Tusk|move: Sticky Web\n|-unboost|p1a: Great Tusk|spe|1\n|-enditem|p1a: Great Tusk|Booster Energy\n|-activate|p1a: Great Tusk|ability: Protosynthesis|[fromitem]\n|-start|p1a: Great Tusk|protosynthesisdef\n|move|p2a: FlyingPlush|Extreme Speed|p1a: Great Tusk\n|-damage|p1a: Great Tusk|77\/100\n|\n|upkeep\n|turn|24\n|\n|t:|1700806480\n|move|p2a: FlyingPlush|Extreme Speed|p1a: Great Tusk\n|-damage|p1a: Great Tusk|56\/100\n|move|p1a: Great Tusk|Rapid Spin|p2a: FlyingPlush\n|-damage|p2a: FlyingPlush|5\/100\n|-boost|p1a: Great Tusk|spe|1\n|-sideend|p1: big goon|Sticky Web|[from] move: Rapid Spin|[of] p1a: Great Tusk\n|\n|upkeep\n|turn|25\n|\n|t:|1700806493\n|move|p2a: FlyingPlush|Extreme Speed|p1a: Great Tusk\n|-damage|p1a: Great Tusk|33\/100\n|move|p1a: Great Tusk|Knock Off|p2a: FlyingPlush\n|-damage|p2a: FlyingPlush|0 fnt\n|-enditem|p2a: FlyingPlush|Heavy-Duty Boots|[from] move: Knock Off|[of] p1a: Great Tusk\n|faint|p2a: FlyingPlush\n|\n|upkeep\n|\n|t:|1700806501\n|switch|p2a: Ficello|Gholdengo|100\/100\n|-item|p2a: Ficello|Air Balloon\n|turn|26\n|\n|t:|1700806507\n|move|p1a: Great Tusk|Knock Off|p2a: Ficello\n|-supereffective|p2a: Ficello\n|-damage|p2a: Ficello|41\/100\n|-enditem|p2a: Ficello|Air Balloon\n|move|p2a: Ficello|Shadow Ball|p1a: Great Tusk\n|-damage|p1a: Great Tusk|0 fnt\n|faint|p1a: Great Tusk\n|-end|p1a: Great Tusk|Protosynthesis|[silent]\n|\n|upkeep\n|\n|t:|1700806512\n|switch|p1a: Landorus|Landorus-Therian, M|52\/100\n|-ability|p1a: Landorus|Intimidate|boost\n|-unboost|p2a: Ficello|atk|1\n|turn|27\n|inactive|New bornt has 120 seconds left.\n|\n|t:|1700806543\n|move|p1a: Landorus|Earthquake|p2a: Ficello\n|-supereffective|p2a: Ficello\n|-damage|p2a: Ficello|0 fnt\n|faint|p2a: Ficello\n|\n|-heal|p1a: Landorus|58\/100|[from] item: Leftovers\n|upkeep\n|\n|t:|1700806546\n|switch|p2a: Arachn\u00e9e|Ribombee, F|59\/100\n|-activate|p2a: Arachn\u00e9e|move: Sticky Web\n|-unboost|p2a: Arachn\u00e9e|spe|1\n|turn|28\n|\n|t:|1700806554\n|move|p1a: Landorus|Smack Down|p2a: Arachn\u00e9e\n|-supereffective|p2a: Arachn\u00e9e\n|-damage|p2a: Arachn\u00e9e|0 fnt\n|faint|p2a: Arachn\u00e9e\n|\n|-heal|p1a: Landorus|64\/100|[from] item: Leftovers\n|upkeep\n|\n|t:|1700806557\n|switch|p2a: Fear Me|Iron Moth|100\/100\n|-activate|p2a: Fear Me|move: Sticky Web\n|-unboost|p2a: Fear Me|spe|1\n|-enditem|p2a: Fear Me|Booster Energy\n|-activate|p2a: Fear Me|ability: Quark Drive|[fromitem]\n|-start|p2a: Fear Me|quarkdrivespa\n|turn|29\n|\n|t:|1700806561\n|move|p1a: Landorus|Earthquake|p2a: Fear Me\n|-supereffective|p2a: Fear Me\n|-damage|p2a: Fear Me|0 fnt\n|faint|p2a: Fear Me\n|-end|p2a: Fear Me|Quark Drive|[silent]\n|\n|win|big goon\n|raw|big goon's rating: 1388 &rarr; <strong>1406<\/strong><br \/>(+18 for winning)\n|raw|New bornt's rating: 1349 &rarr; <strong>1331<\/strong><br \/>(-18 for losing)\n","uploadtime":1700806569,"views":15,"p1id":"biggoon","p2id":"newbornt","formatid":"gen9ou","rating":1331,"private":0,"password":""}