{"id":"gen9ou-1992102937","p1":"Firemelon66","p2":"GauBoune","format":"[Gen 9] OU","log":"|j|\u2606Firemelon66\n|j|\u2606GauBoune\n|t:|1700155328\n|gametype|singles\n|player|p1|Firemelon66|unknown|1607\n|player|p2|GauBoune|cyclist|1720\n|teamsize|p1|6\n|teamsize|p2|6\n|gen|9\n|tier|[Gen 9] OU\n|rated|\n|rule|Sleep Clause Mod: Limit one foe put to sleep\n|rule|Species Clause: Limit one of each Pok\u00e9mon\n|rule|OHKO Clause: OHKO moves are banned\n|rule|Evasion Items Clause: Evasion items are banned\n|rule|Evasion Moves Clause: Evasion moves are banned\n|rule|Endless Battle Clause: Forcing endless battles is banned\n|rule|HP Percentage Mod: HP is shown in percentages\n|clearpoke\n|poke|p1|Samurott-Hisui, M|\n|poke|p1|Weezing-Galar, M|\n|poke|p1|Slowking-Galar, F|\n|poke|p1|Dragapult, M|\n|poke|p1|Garganacl, M|\n|poke|p1|Thundurus-Therian, M|\n|poke|p2|Maushold|\n|poke|p2|Rillaboom, F|\n|poke|p2|Great Tusk|\n|poke|p2|Heatran, M|\n|poke|p2|Enamorus, F|\n|poke|p2|Kingambit, F|\n|teampreview\n|inactive|Battle timer is ON: inactive players will automatically lose when time's up. (requested by GauBoune)\n|inactive|Firemelon66 also wants the timer to be on.\n|\n|t:|1700155338\n|start\n|switch|p1a: Thundurus|Thundurus-Therian, M|100\/100\n|switch|p2a: Enamorus|Enamorus, F|100\/100\n|turn|1\n|\n|t:|1700155347\n|move|p2a: Enamorus|Moonblast|p1a: Thundurus\n|-damage|p1a: Thundurus|35\/100\n|move|p1a: Thundurus|Sludge Bomb|p2a: Enamorus\n|-supereffective|p2a: Enamorus\n|-damage|p2a: Enamorus|0 fnt\n|faint|p2a: Enamorus\n|\n|upkeep\n|\n|t:|1700155353\n|switch|p2a: Heatran|Heatran, M|100\/100\n|turn|2\n|\n|t:|1700155361\n|switch|p1a: Samurott|Samurott-Hisui, M|100\/100\n|move|p2a: Heatran|Stealth Rock|p1a: Samurott\n|-sidestart|p1: Firemelon66|move: Stealth Rock\n|\n|upkeep\n|turn|3\n|\n|t:|1700155370\n|switch|p2a: Rillaboom|Rillaboom, F|100\/100\n|-fieldstart|move: Grassy Terrain|[from] ability: Grassy Surge|[of] p2a: Rillaboom\n|move|p1a: Samurott|Ceaseless Edge|p2a: Rillaboom\n|-damage|p2a: Rillaboom|45\/100\n|-sidestart|p2: GauBoune|Spikes\n|\n|-heal|p2a: Rillaboom|51\/100|[from] Grassy Terrain\n|upkeep\n|turn|4\n|\n|t:|1700155378\n|switch|p1a: Weezing|Weezing-Galar, M|100\/100\n|-damage|p1a: Weezing|88\/100|[from] Stealth Rock\n|move|p2a: Rillaboom|Grassy Glide|p1a: Weezing\n|-resisted|p1a: Weezing\n|-damage|p1a: Weezing|67\/100\n|\n|-heal|p2a: Rillaboom|57\/100|[from] Grassy Terrain\n|-heal|p1a: Weezing|73\/100|[from] item: Leftovers\n|upkeep\n|turn|5\n|\n|t:|1700155389\n|move|p2a: Rillaboom|Grassy Glide|p1a: Weezing\n|-resisted|p1a: Weezing\n|-damage|p1a: Weezing|54\/100\n|move|p1a: Weezing|Strange Steam|p2a: Rillaboom\n|-damage|p2a: Rillaboom|23\/100\n|\n|-heal|p2a: Rillaboom|29\/100|[from] Grassy Terrain\n|-heal|p1a: Weezing|60\/100|[from] item: Leftovers\n|upkeep\n|turn|6\n|\n|t:|1700155398\n|switch|p2a: Heatran|Heatran, M|100\/100\n|-damage|p2a: Heatran|88\/100|[from] Spikes\n|move|p1a: Weezing|Sludge Bomb|p2a: Heatran\n|-immune|p2a: Heatran\n|\n|-heal|p2a: Heatran|94\/100|[from] Grassy Terrain\n|-heal|p2a: Heatran|100\/100|[from] item: Leftovers\n|-heal|p1a: Weezing|66\/100|[from] item: Leftovers\n|upkeep\n|turn|7\n|\n|t:|1700155405\n|switch|p2a: Rillaboom|Rillaboom, F|29\/100\n|-damage|p2a: Rillaboom|17\/100|[from] Spikes\n|switch|p1a: Samurott|Samurott-Hisui, M|100\/100\n|-damage|p1a: Samurott|88\/100|[from] Stealth Rock\n|\n|-heal|p2a: Rillaboom|23\/100|[from] Grassy Terrain\n|-heal|p1a: Samurott|94\/100|[from] Grassy Terrain\n|-heal|p1a: Samurott|100\/100|[from] item: Leftovers\n|-fieldend|move: Grassy Terrain\n|upkeep\n|turn|8\n|\n|t:|1700155419\n|switch|p2a: Great Tusk|Great Tusk|100\/100\n|-damage|p2a: Great Tusk|88\/100|[from] Spikes\n|move|p1a: Samurott|Ceaseless Edge|p2a: Great Tusk\n|-resisted|p2a: Great Tusk\n|-damage|p2a: Great Tusk|72\/100\n|-sidestart|p2: GauBoune|Spikes\n|\n|-heal|p2a: Great Tusk|78\/100|[from] item: Leftovers\n|upkeep\n|turn|9\n|\n|t:|1700155427\n|switch|p1a: Weezing|Weezing-Galar, M|66\/100\n|-damage|p1a: Weezing|54\/100|[from] Stealth Rock\n|move|p2a: Great Tusk|Ice Spinner|p1a: Weezing\n|-damage|p1a: Weezing|39\/100\n|\n|-heal|p2a: Great Tusk|84\/100|[from] item: Leftovers\n|-heal|p1a: Weezing|45\/100|[from] item: Leftovers\n|upkeep\n|turn|10\n|\n|t:|1700155437\n|-end|p2a: Great Tusk|Protosynthesis|[silent]\n|switch|p2a: Heatran|Heatran, M|100\/100\n|-damage|p2a: Heatran|84\/100|[from] Spikes\n|move|p1a: Weezing|Defog|p2a: Heatran\n|-unboost|p2a: Heatran|evasion|1\n|-sideend|p2: GauBoune|Spikes|[from] move: Defog|[of] p1a: Weezing\n|-sideend|p1: Firemelon66|Stealth Rock|[from] move: Defog|[of] p1a: Weezing\n|\n|-heal|p2a: Heatran|90\/100|[from] item: Leftovers\n|-heal|p1a: Weezing|51\/100|[from] item: Leftovers\n|upkeep\n|turn|11\n|\n|t:|1700155444\n|switch|p1a: Samurott|Samurott-Hisui, M|100\/100\n|move|p2a: Heatran|Magma Storm|p1a: Samurott\n|-resisted|p1a: Samurott\n|-damage|p1a: Samurott|73\/100\n|-activate|p1a: Samurott|move: Magma Storm|[of] p2a: Heatran\n|\n|-heal|p2a: Heatran|96\/100|[from] item: Leftovers\n|-heal|p1a: Samurott|80\/100|[from] item: Leftovers\n|-damage|p1a: Samurott|67\/100|[from] move: Magma Storm|[partiallytrapped]\n|upkeep\n|turn|12\n|\n|t:|1700155451\n|move|p2a: Heatran|Stealth Rock|p1a: Samurott\n|-sidestart|p1: Firemelon66|move: Stealth Rock\n|move|p1a: Samurott|Aqua Cutter|p2a: Heatran\n|-supereffective|p2a: Heatran\n|-crit|p2a: Heatran\n|-damage|p2a: Heatran|0 fnt\n|faint|p2a: Heatran\n|\n|-heal|p1a: Samurott|73\/100|[from] item: Leftovers\n|-end|p1a: Samurott|Magma Storm|[partiallytrapped]|[silent]\n|upkeep\n|\n|t:|1700155455\n|switch|p2a: Rillaboom|Rillaboom, F|23\/100\n|-fieldstart|move: Grassy Terrain|[from] ability: Grassy Surge|[of] p2a: Rillaboom\n|turn|13\n|\n|t:|1700155460\n|switch|p1a: Weezing|Weezing-Galar, M|51\/100\n|-damage|p1a: Weezing|39\/100|[from] Stealth Rock\n|move|p2a: Rillaboom|U-turn|p1a: Weezing\n|-resisted|p1a: Weezing\n|-damage|p1a: Weezing|32\/100\n|\n|t:|1700155467\n|switch|p2a: devindian|Kingambit, F|100\/100|[from] U-turn\n|-activate|p2a: devindian|ability: Supreme Overlord\n|-start|p2a: devindian|fallen2|[silent]\n|\n|-heal|p1a: Weezing|38\/100|[from] item: Leftovers\n|upkeep\n|turn|14\n|\n|t:|1700155474\n|move|p1a: Weezing|Defog|p2a: devindian\n|-unboost|p2a: devindian|evasion|1\n|-sideend|p1: Firemelon66|Stealth Rock|[from] move: Defog|[of] p1a: Weezing\n|-fieldend|move: Grassy Terrain\n|move|p2a: devindian|Iron Head|p1a: Weezing\n|-supereffective|p1a: Weezing\n|-damage|p1a: Weezing|0 fnt\n|faint|p1a: Weezing\n|\n|upkeep\n|\n|t:|1700155480\n|switch|p1a: Garganacl|Garganacl, M|100\/100\n|turn|15\n|\n|t:|1700155486\n|-terastallize|p1a: Garganacl|Flying\n|move|p2a: devindian|Kowtow Cleave|p1a: Garganacl\n|-damage|p1a: Garganacl|59\/100\n|move|p1a: Garganacl|Iron Defense|p1a: Garganacl\n|-boost|p1a: Garganacl|def|2\n|\n|-heal|p1a: Garganacl|65\/100|[from] item: Leftovers\n|upkeep\n|turn|16\n|\n|t:|1700155492\n|move|p2a: devindian|Swords Dance|p2a: devindian\n|-boost|p2a: devindian|atk|2\n|move|p1a: Garganacl|Recover|p1a: Garganacl\n|-heal|p1a: Garganacl|100\/100\n|\n|upkeep\n|turn|17\n|\n|t:|1700155496\n|move|p2a: devindian|Iron Head|p1a: Garganacl\n|-damage|p1a: Garganacl|63\/100\n|move|p1a: Garganacl|Iron Defense|p1a: Garganacl\n|-boost|p1a: Garganacl|def|2\n|\n|-heal|p1a: Garganacl|69\/100|[from] item: Leftovers\n|upkeep\n|turn|18\n|\n|t:|1700155501\n|move|p2a: devindian|Iron Head|p1a: Garganacl\n|-damage|p1a: Garganacl|44\/100\n|cant|p1a: Garganacl|flinch\n|\n|-heal|p1a: Garganacl|50\/100|[from] item: Leftovers\n|upkeep\n|turn|19\n|\n|t:|1700155507\n|-end|p2a: devindian|fallen2|[silent]\n|switch|p2a: Maushold|Maushold|100\/100\n|move|p1a: Garganacl|Recover|p1a: Garganacl\n|-heal|p1a: Garganacl|99\/100\n|\n|-heal|p1a: Garganacl|100\/100|[from] item: Leftovers\n|upkeep\n|turn|20\n|\n|t:|1700155511\n|move|p2a: Maushold|Encore|p1a: Garganacl\n|-start|p1a: Garganacl|Encore\n|move|p1a: Garganacl|Recover||[still]\n|-fail|p1a: Garganacl|heal\n|\n|upkeep\n|turn|21\n|\n|t:|1700155514\n|move|p2a: Maushold|Tidy Up|p2a: Maushold\n|-boost|p2a: Maushold|atk|1\n|-boost|p2a: Maushold|spe|1\n|move|p1a: Garganacl|Recover||[still]\n|-fail|p1a: Garganacl|heal\n|\n|upkeep\n|turn|22\n|\n|t:|1700155516\n|move|p2a: Maushold|Tidy Up|p2a: Maushold\n|-boost|p2a: Maushold|atk|1\n|-boost|p2a: Maushold|spe|1\n|move|p1a: Garganacl|Recover||[still]\n|-fail|p1a: Garganacl|heal\n|\n|-end|p1a: Garganacl|Encore\n|upkeep\n|turn|23\n|\n|t:|1700155517\n|move|p2a: Maushold|Encore|p1a: Garganacl\n|-start|p1a: Garganacl|Encore\n|move|p1a: Garganacl|Recover||[still]\n|-fail|p1a: Garganacl|heal\n|\n|upkeep\n|turn|24\n|\n|t:|1700155519\n|move|p2a: Maushold|Tidy Up|p2a: Maushold\n|-boost|p2a: Maushold|atk|1\n|-boost|p2a: Maushold|spe|1\n|move|p1a: Garganacl|Recover||[still]\n|-fail|p1a: Garganacl|heal\n|\n|upkeep\n|turn|25\n|\n|t:|1700155520\n|move|p2a: Maushold|Tidy Up|p2a: Maushold\n|-boost|p2a: Maushold|atk|1\n|-boost|p2a: Maushold|spe|1\n|move|p1a: Garganacl|Recover||[still]\n|-fail|p1a: Garganacl|heal\n|\n|-end|p1a: Garganacl|Encore\n|upkeep\n|turn|26\n|\n|t:|1700155523\n|move|p2a: Maushold|Encore||[still]\n|-fail|p2a: Maushold\n|move|p1a: Garganacl|Body Press|p2a: Maushold\n|-supereffective|p2a: Maushold\n|-damage|p2a: Maushold|0 fnt\n|faint|p2a: Maushold\n|\n|upkeep\n|c|\u2606GauBoune|I'm so stupid\n|c|\u2606GauBoune|lmao\n|c|\u2606Firemelon66|xD\n|c|\u2606Firemelon66|nah its alr\n|inactive|GauBoune has 120 seconds left.\n|c|\u2606GauBoune|I could just tera ghost I just needed to use my brain for 1 sec ahahah\n|\n|t:|1700155557\n|switch|p2a: Great Tusk|Great Tusk|84\/100\n|turn|27\n|\n|t:|1700155561\n|move|p2a: Great Tusk|Bulk Up|p2a: Great Tusk\n|-boost|p2a: Great Tusk|atk|1\n|-boost|p2a: Great Tusk|def|1\n|move|p1a: Garganacl|Body Press|p2a: Great Tusk\n|-damage|p2a: Great Tusk|55\/100\n|\n|-heal|p2a: Great Tusk|61\/100|[from] item: Leftovers\n|upkeep\n|turn|28\n|\n|t:|1700155564\n|move|p2a: Great Tusk|Rapid Spin|p1a: Garganacl\n|-damage|p1a: Garganacl|95\/100\n|-boost|p2a: Great Tusk|spe|1\n|move|p1a: Garganacl|Salt Cure|p2a: Great Tusk\n|-resisted|p2a: Great Tusk\n|-damage|p2a: Great Tusk|59\/100\n|-start|p2a: Great Tusk|Salt Cure\n|\n|-heal|p2a: Great Tusk|66\/100|[from] item: Leftovers\n|-heal|p1a: Garganacl|100\/100|[from] item: Leftovers\n|-damage|p2a: Great Tusk|53\/100|[from] Salt Cure\n|upkeep\n|turn|29\n|\n|t:|1700155570\n|-terastallize|p2a: Great Tusk|Ice\n|move|p2a: Great Tusk|Ice Spinner|p1a: Garganacl\n|-supereffective|p1a: Garganacl\n|-damage|p1a: Garganacl|78\/100\n|move|p1a: Garganacl|Iron Defense|p1a: Garganacl\n|-boost|p1a: Garganacl|def|2\n|\n|-heal|p2a: Great Tusk|59\/100|[from] item: Leftovers\n|-heal|p1a: Garganacl|84\/100|[from] item: Leftovers\n|-damage|p2a: Great Tusk|47\/100|[from] Salt Cure\n|upkeep\n|turn|30\n|\n|t:|1700155574\n|move|p2a: Great Tusk|Ice Spinner|p1a: Garganacl\n|-supereffective|p1a: Garganacl\n|-damage|p1a: Garganacl|64\/100\n|move|p1a: Garganacl|Body Press|p2a: Great Tusk\n|-supereffective|p2a: Great Tusk\n|-damage|p2a: Great Tusk|0 fnt\n|faint|p2a: Great Tusk\n|-end|p2a: Great Tusk|Protosynthesis|[silent]\n|\n|-heal|p1a: Garganacl|70\/100|[from] item: Leftovers\n|upkeep\n|c|\u2606GauBoune|I might crit lol\n|c|\u2606Firemelon66|xD\n|c|\u2606Firemelon66|i hope not\n|c|\u2606GauBoune|well no\n|c|\u2606GauBoune|gg\n|c|\u2606Firemelon66|gg\n|-message|GauBoune forfeited.\n|\n|win|Firemelon66\n|raw|Firemelon66's rating: 1607 &rarr; <strong>1633<\/strong><br \/>(+26 for winning)\n|raw|GauBoune's rating: 1720 &rarr; <strong>1694<\/strong><br \/>(-26 for losing)\n|l|\u2606GauBoune\n","uploadtime":1700155592,"views":10,"p1id":"firemelon66","p2id":"gauboune","formatid":"gen9ou","rating":1633,"private":0,"password":""}