{"id":"gen9ou-1988257310","p1":"Slo Overdose","p2":"arrdamoin","format":"[Gen 9] OU","log":"|j|\u2606Slo Overdose\n|j|\u2606arrdamoin\n|t:|1699695997\n|gametype|singles\n|player|p1|Slo Overdose|anabel|1449\n|player|p2|arrdamoin|flint|1630\n|teamsize|p1|6\n|teamsize|p2|6\n|gen|9\n|tier|[Gen 9] OU\n|rated|\n|rule|Sleep Clause Mod: Limit one foe put to sleep\n|rule|Species Clause: Limit one of each Pok\u00e9mon\n|rule|OHKO Clause: OHKO moves are banned\n|rule|Evasion Items Clause: Evasion items are banned\n|rule|Evasion Moves Clause: Evasion moves are banned\n|rule|Endless Battle Clause: Forcing endless battles is banned\n|rule|HP Percentage Mod: HP is shown in percentages\n|clearpoke\n|poke|p1|Great Tusk|\n|poke|p1|Sneasler, M|\n|poke|p1|Samurott-Hisui, F|\n|poke|p1|Iron Valiant|\n|poke|p1|Ogerpon-Wellspring, F|\n|poke|p1|Gengar, F|\n|poke|p2|Clefable, M|\n|poke|p2|Gliscor, M|\n|poke|p2|Milotic, F|\n|poke|p2|Mandibuzz, F|\n|poke|p2|Skeledirge, F|\n|poke|p2|Dragapult, F|\n|teampreview\n|inactive|Battle timer is ON: inactive players will automatically lose when time's up. (requested by Slo Overdose)\n|j| zxcvbnm133\n|l| zxcvbnm133\n|\n|t:|1699696018\n|start\n|switch|p1a: Samurott|Samurott-Hisui, F|100\/100\n|switch|p2a: Mandibuzz|Mandibuzz, F|100\/100\n|turn|1\n|\n|t:|1699696022\n|move|p1a: Samurott|Razor Shell|p2a: Mandibuzz\n|-damage|p2a: Mandibuzz|69\/100\n|-unboost|p2a: Mandibuzz|def|1\n|move|p2a: Mandibuzz|Knock Off|p1a: Samurott\n|-resisted|p1a: Samurott\n|-damage|p1a: Samurott|86\/100\n|-enditem|p1a: Samurott|Focus Sash|[from] move: Knock Off|[of] p2a: Mandibuzz\n|\n|upkeep\n|turn|2\n|\n|t:|1699696029\n|switch|p2a: Clefable|Clefable, M|100\/100\n|move|p1a: Samurott|Ceaseless Edge|p2a: Clefable\n|-resisted|p2a: Clefable\n|-damage|p2a: Clefable|81\/100\n|-sidestart|p2: arrdamoin|Spikes\n|\n|-damage|p1a: Samurott|73\/100|[from] item: Sticky Barb\n|upkeep\n|turn|3\n|\n|t:|1699696041\n|move|p1a: Samurott|Razor Shell|p2a: Clefable\n|-damage|p2a: Clefable|33\/100\n|move|p2a: Clefable|Stealth Rock|p1a: Samurott\n|-sidestart|p1: Slo Overdose|move: Stealth Rock\n|\n|-damage|p1a: Samurott|61\/100|[from] item: Sticky Barb\n|upkeep\n|turn|4\n|\n|t:|1699696047\n|move|p1a: Samurott|Ceaseless Edge|p2a: Clefable\n|-resisted|p2a: Clefable\n|-damage|p2a: Clefable|15\/100\n|-sidestart|p2: arrdamoin|Spikes\n|move|p2a: Clefable|Moonlight|p2a: Clefable\n|-heal|p2a: Clefable|65\/100\n|\n|-damage|p1a: Samurott|48\/100|[from] item: Sticky Barb\n|upkeep\n|turn|5\n|\n|t:|1699696051\n|move|p1a: Samurott|Razor Shell|p2a: Clefable\n|-damage|p2a: Clefable|18\/100\n|move|p2a: Clefable|Moonlight|p2a: Clefable\n|-heal|p2a: Clefable|68\/100\n|\n|-damage|p1a: Samurott|36\/100|[from] item: Sticky Barb\n|upkeep\n|turn|6\n|\n|t:|1699696054\n|move|p1a: Samurott|Razor Shell|p2a: Clefable\n|-damage|p2a: Clefable|25\/100\n|-unboost|p2a: Clefable|def|1\n|move|p2a: Clefable|Moonlight|p2a: Clefable\n|-heal|p2a: Clefable|75\/100\n|\n|-damage|p1a: Samurott|23\/100|[from] item: Sticky Barb\n|upkeep\n|turn|7\n|\n|t:|1699696056\n|move|p1a: Samurott|Razor Shell|p2a: Clefable\n|-damage|p2a: Clefable|12\/100\n|move|p2a: Clefable|Moonblast|p1a: Samurott\n|-supereffective|p1a: Samurott\n|-damage|p1a: Samurott|0 fnt\n|faint|p1a: Samurott\n|\n|upkeep\n|\n|t:|1699696067\n|switch|p1a: Great Tusk|Great Tusk|100\/100\n|-damage|p1a: Great Tusk|98\/100|[from] Stealth Rock\n|turn|8\n|\n|t:|1699696070\n|switch|p2a: Dragapult|Dragapult, F|100\/100\n|move|p1a: Great Tusk|Ice Spinner|p2a: Dragapult\n|-supereffective|p2a: Dragapult\n|-damage|p2a: Dragapult|29\/100\n|\n|upkeep\n|turn|9\n|\n|t:|1699696078\n|-end|p1a: Great Tusk|Protosynthesis|[silent]\n|switch|p1a: Iron Valiant|Iron Valiant|100\/100\n|-damage|p1a: Iron Valiant|94\/100|[from] Stealth Rock\n|-enditem|p1a: Iron Valiant|Booster Energy\n|-activate|p1a: Iron Valiant|ability: Quark Drive|[fromitem]\n|-start|p1a: Iron Valiant|quarkdrivespe\n|move|p2a: Dragapult|Will-O-Wisp|p1a: Iron Valiant\n|-status|p1a: Iron Valiant|brn\n|\n|-damage|p1a: Iron Valiant|88\/100 brn|[from] brn\n|upkeep\n|turn|10\n|\n|t:|1699696087\n|switch|p2a: Skeledirge|Skeledirge, F|100\/100\n|move|p1a: Iron Valiant|Shadow Ball|p2a: Skeledirge\n|-supereffective|p2a: Skeledirge\n|-damage|p2a: Skeledirge|59\/100\n|\n|-damage|p1a: Iron Valiant|82\/100 brn|[from] brn\n|upkeep\n|turn|11\n|\n|t:|1699696093\n|move|p1a: Iron Valiant|Taunt|p2a: Skeledirge\n|-start|p2a: Skeledirge|move: Taunt\n|move|p2a: Skeledirge|Torch Song|p1a: Iron Valiant\n|-damage|p1a: Iron Valiant|30\/100 brn\n|-boost|p2a: Skeledirge|spa|1\n|\n|-damage|p1a: Iron Valiant|23\/100 brn|[from] brn\n|upkeep\n|turn|12\n|\n|t:|1699696096\n|move|p1a: Iron Valiant|Shadow Ball|p2a: Skeledirge\n|-supereffective|p2a: Skeledirge\n|-damage|p2a: Skeledirge|13\/100\n|-unboost|p2a: Skeledirge|spd|1\n|move|p2a: Skeledirge|Torch Song|p1a: Iron Valiant\n|-damage|p1a: Iron Valiant|0 fnt\n|-boost|p2a: Skeledirge|spa|1\n|faint|p1a: Iron Valiant\n|-end|p1a: Iron Valiant|Quark Drive|[silent]\n|\n|upkeep\n|\n|t:|1699696117\n|switch|p1a: Ogerpon|Ogerpon-Wellspring, F|100\/100\n|-damage|p1a: Ogerpon|88\/100|[from] Stealth Rock\n|turn|13\n|\n|t:|1699696123\n|move|p1a: Ogerpon|Ivy Cudgel|p2a: Skeledirge\n|-supereffective|p2a: Skeledirge\n|-crit|p2a: Skeledirge\n|-damage|p2a: Skeledirge|0 fnt\n|faint|p2a: Skeledirge\n|\n|upkeep\n|\n|t:|1699696126\n|switch|p2a: Dragapult|Dragapult, F|29\/100\n|turn|14\n|\n|t:|1699696130\n|move|p2a: Dragapult|Will-O-Wisp|p1a: Ogerpon\n|-status|p1a: Ogerpon|brn\n|move|p1a: Ogerpon|Trailblaze|p2a: Dragapult\n|-resisted|p2a: Dragapult\n|-damage|p2a: Dragapult|18\/100\n|-boost|p1a: Ogerpon|spe|1\n|\n|-damage|p1a: Ogerpon|82\/100 brn|[from] brn\n|upkeep\n|turn|15\n|\n|t:|1699696139\n|switch|p2a: Mandibuzz|Mandibuzz, F|69\/100\n|move|p1a: Ogerpon|Ivy Cudgel|p2a: Mandibuzz\n|-damage|p2a: Mandibuzz|50\/100\n|\n|-damage|p1a: Ogerpon|75\/100 brn|[from] brn\n|upkeep\n|turn|16\n|\n|t:|1699696142\n|move|p1a: Ogerpon|Swords Dance|p1a: Ogerpon\n|-boost|p1a: Ogerpon|atk|2\n|move|p2a: Mandibuzz|Roost|p2a: Mandibuzz\n|-heal|p2a: Mandibuzz|99\/100\n|-singleturn|p2a: Mandibuzz|move: Roost\n|\n|-damage|p1a: Ogerpon|69\/100 brn|[from] brn\n|upkeep\n|turn|17\n|\n|t:|1699696145\n|move|p1a: Ogerpon|Swords Dance|p1a: Ogerpon\n|-boost|p1a: Ogerpon|atk|2\n|move|p2a: Mandibuzz|Iron Defense|p2a: Mandibuzz\n|-boost|p2a: Mandibuzz|def|2\n|\n|-damage|p1a: Ogerpon|63\/100 brn|[from] brn\n|upkeep\n|turn|18\n|\n|t:|1699696149\n|move|p1a: Ogerpon|Ivy Cudgel|p2a: Mandibuzz\n|-damage|p2a: Mandibuzz|71\/100\n|move|p2a: Mandibuzz|Iron Defense|p2a: Mandibuzz\n|-boost|p2a: Mandibuzz|def|2\n|\n|-damage|p1a: Ogerpon|57\/100 brn|[from] brn\n|upkeep\n|turn|19\n|\n|t:|1699696153\n|move|p1a: Ogerpon|Ivy Cudgel|p2a: Mandibuzz\n|-damage|p2a: Mandibuzz|53\/100\n|move|p2a: Mandibuzz|Iron Defense|p2a: Mandibuzz\n|-boost|p2a: Mandibuzz|def|2\n|\n|-damage|p1a: Ogerpon|50\/100 brn|[from] brn\n|upkeep\n|turn|20\n|\n|t:|1699696155\n|move|p1a: Ogerpon|Ivy Cudgel|p2a: Mandibuzz\n|-damage|p2a: Mandibuzz|38\/100\n|move|p2a: Mandibuzz|Roost|p2a: Mandibuzz\n|-heal|p2a: Mandibuzz|88\/100\n|-singleturn|p2a: Mandibuzz|move: Roost\n|\n|-damage|p1a: Ogerpon|44\/100 brn|[from] brn\n|upkeep\n|turn|21\n|\n|t:|1699696159\n|move|p1a: Ogerpon|Ivy Cudgel|p2a: Mandibuzz\n|-damage|p2a: Mandibuzz|73\/100\n|move|p2a: Mandibuzz|Roost|p2a: Mandibuzz\n|-heal|p2a: Mandibuzz|100\/100\n|-singleturn|p2a: Mandibuzz|move: Roost\n|\n|-damage|p1a: Ogerpon|38\/100 brn|[from] brn\n|upkeep\n|turn|22\n|\n|t:|1699696160\n|move|p1a: Ogerpon|Ivy Cudgel|p2a: Mandibuzz\n|-damage|p2a: Mandibuzz|87\/100\n|move|p2a: Mandibuzz|Foul Play|p1a: Ogerpon\n|-damage|p1a: Ogerpon|0 fnt\n|faint|p1a: Ogerpon\n|\n|upkeep\n|\n|t:|1699696169\n|switch|p1a: Gengar|Gengar, F|100\/100\n|-damage|p1a: Gengar|88\/100|[from] Stealth Rock\n|turn|23\n|\n|t:|1699696180\n|move|p1a: Gengar|Destiny Bond|p1a: Gengar\n|-singlemove|p1a: Gengar|Destiny Bond\n|move|p2a: Mandibuzz|Knock Off|p1a: Gengar\n|-supereffective|p1a: Gengar\n|-damage|p1a: Gengar|0 fnt\n|-start|p2a: Mandibuzz|Disable|Knock Off|[from] ability: Cursed Body|[of] p1a: Gengar\n|-enditem|p1a: Gengar|Focus Sash|[from] move: Knock Off|[of] p2a: Mandibuzz\n|faint|p1a: Gengar\n|-activate|p1a: Gengar|move: Destiny Bond\n|faint|p2a: Mandibuzz\n|\n|upkeep\n|\n|t:|1699696190\n|switch|p1a: Great Tusk|Great Tusk|98\/100\n|switch|p2a: Dragapult|Dragapult, F|18\/100\n|-damage|p1a: Great Tusk|95\/100|[from] Stealth Rock\n|turn|24\n|\n|t:|1699696196\n|move|p2a: Dragapult|Will-O-Wisp|p1a: Great Tusk|[miss]\n|-miss|p2a: Dragapult|p1a: Great Tusk\n|move|p1a: Great Tusk|Ice Spinner|p2a: Dragapult\n|-supereffective|p2a: Dragapult\n|-damage|p2a: Dragapult|0 fnt\n|faint|p2a: Dragapult\n|\n|upkeep\n|\n|t:|1699696201\n|switch|p2a: Milotic|Milotic, F|100\/100\n|turn|25\n|\n|t:|1699696213\n|move|p1a: Great Tusk|Headlong Rush|p2a: Milotic\n|-damage|p2a: Milotic|40\/100\n|-unboost|p1a: Great Tusk|def|1\n|-unboost|p1a: Great Tusk|spd|1\n|move|p2a: Milotic|Scald|p1a: Great Tusk\n|-supereffective|p1a: Great Tusk\n|-damage|p1a: Great Tusk|0 fnt\n|faint|p1a: Great Tusk\n|-end|p1a: Great Tusk|Protosynthesis|[silent]\n|\n|upkeep\n|\n|t:|1699696216\n|switch|p1a: Sneasler|Sneasler, M|100\/100\n|-damage|p1a: Sneasler|94\/100|[from] Stealth Rock\n|-item|p1a: Sneasler|Air Balloon\n|turn|26\n|\n|t:|1699696241\n|move|p1a: Sneasler|Close Combat|p2a: Milotic\n|-damage|p2a: Milotic|0 fnt\n|-unboost|p1a: Sneasler|def|1\n|-unboost|p1a: Sneasler|spd|1\n|faint|p2a: Milotic\n|\n|upkeep\n|\n|t:|1699696254\n|switch|p2a: Gliscor|Gliscor, M|100\/100\n|turn|27\n|\n|t:|1699696263\n|move|p1a: Sneasler|Swords Dance|p1a: Sneasler\n|-boost|p1a: Sneasler|atk|2\n|move|p2a: Gliscor|Toxic|p1a: Sneasler\n|-immune|p1a: Sneasler\n|\n|-status|p2a: Gliscor|tox|[from] item: Toxic Orb\n|upkeep\n|turn|28\n|\n|t:|1699696270\n|move|p1a: Sneasler|Swords Dance|p1a: Sneasler\n|-boost|p1a: Sneasler|atk|2\n|move|p2a: Gliscor|Earthquake|p1a: Sneasler\n|-immune|p1a: Sneasler\n|\n|upkeep\n|turn|29\n|\n|t:|1699696277\n|move|p1a: Sneasler|Acrobatics|p2a: Gliscor\n|-damage|p2a: Gliscor|52\/100 tox\n|move|p2a: Gliscor|Earthquake|p1a: Sneasler\n|-immune|p1a: Sneasler\n|\n|-heal|p2a: Gliscor|64\/100 tox|[from] ability: Poison Heal\n|upkeep\n|turn|30\n|-message|arrdamoin forfeited.\n|\n|win|Slo Overdose\n|raw|Slo Overdose's rating: 1449 &rarr; <strong>1479<\/strong><br \/>(+30 for winning)\n|raw|arrdamoin's rating: 1630 &rarr; <strong>1600<\/strong><br \/>(-30 for losing)\n|l|\u2606arrdamoin\n","uploadtime":1699696288,"views":25,"p1id":"slooverdose","p2id":"arrdamoin","formatid":"gen9ou","rating":1479,"private":0,"password":""}