{"id":"gen9ou-1997217630","p1":"AllHailLechuguita","p2":"hydroj","format":"[Gen 9] OU","log":"|j|\u2606AllHailLechuguita\n|j|\u2606hydroj\n|t:|1700776719\n|gametype|singles\n|player|p1|AllHailLechuguita|102|1649\n|player|p2|hydroj|169|1570\n|teamsize|p1|6\n|teamsize|p2|6\n|gen|9\n|tier|[Gen 9] OU\n|rated|\n|rule|Sleep Clause Mod: Limit one foe put to sleep\n|rule|Species Clause: Limit one of each Pok\u00e9mon\n|rule|OHKO Clause: OHKO moves are banned\n|rule|Evasion Items Clause: Evasion items are banned\n|rule|Evasion Moves Clause: Evasion moves are banned\n|rule|Endless Battle Clause: Forcing endless battles is banned\n|rule|HP Percentage Mod: HP is shown in percentages\n|clearpoke\n|poke|p1|Ogerpon-Wellspring, F|\n|poke|p1|Ribombee, F|\n|poke|p1|Great Tusk|\n|poke|p1|Kingambit, M|\n|poke|p1|Skeledirge, F|\n|poke|p1|Gholdengo|\n|poke|p2|Hatterene, F|\n|poke|p2|Cinderace, F|\n|poke|p2|Hawlucha, F|\n|poke|p2|Rillaboom, F|\n|poke|p2|Empoleon, M|\n|poke|p2|Kingambit, F|\n|teampreview\n|\n|t:|1700776728\n|start\n|switch|p1a: Ribombee|Ribombee, F, shiny|100\/100\n|switch|p2a: Cinderace|Cinderace, F|100\/100\n|turn|1\n|\n|t:|1700776732\n|switch|p2a: Hatterene|Hatterene, F|100\/100\n|move|p1a: Ribombee|Stun Spore|p2a: Hatterene\n|move|p2a: Hatterene|Stun Spore|p1a: Ribombee|[from]ability: Magic Bounce\n|-status|p1a: Ribombee|par\n|\n|upkeep\n|turn|2\n|\n|t:|1700776741\n|switch|p1a: Kingambit|Kingambit, M|100\/100\n|move|p2a: Hatterene|Mystical Fire|p1a: Kingambit\n|-supereffective|p1a: Kingambit\n|-damage|p1a: Kingambit|54\/100\n|-unboost|p1a: Kingambit|spa|1\n|\n|upkeep\n|turn|3\n|\n|t:|1700776755\n|switch|p2a: Cinderace|Cinderace, F|100\/100\n|move|p1a: Kingambit|Iron Head|p2a: Cinderace\n|-resisted|p2a: Cinderace\n|-damage|p2a: Cinderace|72\/100\n|\n|upkeep\n|turn|4\n|\n|t:|1700776768\n|move|p2a: Cinderace|Will-O-Wisp|p1a: Kingambit\n|-status|p1a: Kingambit|brn\n|-enditem|p1a: Kingambit|Lum Berry|[eat]\n|-curestatus|p1a: Kingambit|brn|[msg]\n|move|p1a: Kingambit|Low Kick|p2a: Cinderace\n|-damage|p2a: Cinderace|46\/100\n|\n|upkeep\n|turn|5\n|\n|t:|1700776773\n|-end|p1a: Kingambit|fallenundefined|[silent]\n|switch|p1a: Ribombee|Ribombee, F, shiny|100\/100 par\n|move|p2a: Cinderace|U-turn|p1a: Ribombee\n|-resisted|p1a: Ribombee\n|-damage|p1a: Ribombee|80\/100 par\n|\n|t:|1700776778\n|switch|p2a: Hatterene|Hatterene, F|100\/100|[from] U-turn\n|\n|upkeep\n|turn|6\n|\n|t:|1700776784\n|cant|p1a: Ribombee|par\n|move|p2a: Hatterene|Mystical Fire|p1a: Ribombee\n|-supereffective|p1a: Ribombee\n|-damage|p1a: Ribombee|5\/100 par\n|\n|upkeep\n|turn|7\n|\n|t:|1700776789\n|move|p1a: Ribombee|Moonblast|p2a: Hatterene\n|-damage|p2a: Hatterene|63\/100\n|move|p2a: Hatterene|Draining Kiss|p1a: Ribombee\n|-damage|p1a: Ribombee|0 fnt\n|-heal|p2a: Hatterene|66\/100|[from] drain|[of] p1a: Ribombee\n|faint|p1a: Ribombee\n|\n|upkeep\n|\n|t:|1700776799\n|switch|p1a: Ogerpon|Ogerpon-Wellspring, F|100\/100\n|turn|8\n|j| OMG WEMBANYAMA\n|\n|t:|1700776805\n|switch|p2a: Rillaboom|Rillaboom, F|100\/100\n|-fieldstart|move: Grassy Terrain|[from] ability: Grassy Surge|[of] p2a: Rillaboom\n|move|p1a: Ogerpon|Swords Dance|p1a: Ogerpon\n|-boost|p1a: Ogerpon|atk|2\n|\n|upkeep\n|turn|9\n|l| OMG WEMBANYAMA\n|\n|t:|1700776811\n|move|p1a: Ogerpon|Horn Leech|p2a: Rillaboom\n|-resisted|p2a: Rillaboom\n|-damage|p2a: Rillaboom|42\/100\n|move|p2a: Rillaboom|Wood Hammer|p1a: Ogerpon\n|-damage|p1a: Ogerpon|0 fnt\n|faint|p1a: Ogerpon\n|-damage|p2a: Rillaboom|13\/100|[from] Recoil\n|\n|-heal|p2a: Rillaboom|19\/100|[from] Grassy Terrain\n|upkeep\n|\n|t:|1700776816\n|switch|p1a: Great Tusk|Great Tusk|100\/100\n|-enditem|p1a: Great Tusk|Booster Energy\n|-activate|p1a: Great Tusk|ability: Protosynthesis|[fromitem]\n|-start|p1a: Great Tusk|protosynthesisatk\n|turn|10\n|\n|t:|1700776829\n|switch|p2a: Hatterene|Hatterene, F|66\/100\n|-enditem|p2a: Hatterene|Grassy Seed\n|-boost|p2a: Hatterene|def|1|[from] item: Grassy Seed\n|move|p1a: Great Tusk|Knock Off|p2a: Hatterene\n|-damage|p2a: Hatterene|48\/100\n|\n|-heal|p2a: Hatterene|54\/100|[from] Grassy Terrain\n|upkeep\n|turn|11\n|\n|t:|1700776838\n|move|p1a: Great Tusk|Headlong Rush|p2a: Hatterene\n|-damage|p2a: Hatterene|8\/100\n|-unboost|p1a: Great Tusk|def|1\n|-unboost|p1a: Great Tusk|spd|1\n|move|p2a: Hatterene|Draining Kiss|p1a: Great Tusk\n|-supereffective|p1a: Great Tusk\n|-damage|p1a: Great Tusk|6\/100\n|-heal|p2a: Hatterene|91\/100|[from] drain|[of] p1a: Great Tusk\n|\n|-heal|p1a: Great Tusk|12\/100|[from] Grassy Terrain\n|-heal|p2a: Hatterene|97\/100|[from] Grassy Terrain\n|upkeep\n|turn|12\n|j| OMG WEMBANYAMA\n|-message|AllHailLechuguita forfeited.\n|\n|win|hydroj\n|raw|AllHailLechuguita's rating: 1649 &rarr; <strong>1625<\/strong><br \/>(-24 for losing)\n|raw|hydroj's rating: 1570 &rarr; <strong>1594<\/strong><br \/>(+24 for winning)\n|l| OMG WEMBANYAMA\n|l|\u2606AllHailLechuguita\n","uploadtime":1700776852,"views":5,"p1id":"allhaillechuguita","p2id":"hydroj","formatid":"gen9ou","rating":1594,"private":0,"password":""}