{"id":"gen9ou-1997471391","p1":"Crusader11","p2":"Pineapple Boiz","format":"[Gen 9] OU","log":"|j|\u2606Crusader11\n|j|\u2606Pineapple Boiz\n|t:|1700811200\n|gametype|singles\n|player|p1|Crusader11|1|1142\n|player|p2|Pineapple Boiz|swimmer-gen4dp|1098\n|teamsize|p1|6\n|teamsize|p2|6\n|gen|9\n|tier|[Gen 9] OU\n|rated|\n|rule|Sleep Clause Mod: Limit one foe put to sleep\n|rule|Species Clause: Limit one of each Pok\u00e9mon\n|rule|OHKO Clause: OHKO moves are banned\n|rule|Evasion Items Clause: Evasion items are banned\n|rule|Evasion Moves Clause: Evasion moves are banned\n|rule|Endless Battle Clause: Forcing endless battles is banned\n|rule|HP Percentage Mod: HP is shown in percentages\n|clearpoke\n|poke|p1|Landorus-Therian, M|\n|poke|p1|Corviknight, F|\n|poke|p1|Zapdos|\n|poke|p1|Gengar, F|\n|poke|p1|Toxapex, F|\n|poke|p1|Scizor, F|\n|poke|p2|Blissey, F|\n|poke|p2|Alomomola, M|\n|poke|p2|Great Tusk|\n|poke|p2|Mandibuzz, F|\n|poke|p2|Rillaboom, M|\n|poke|p2|Heatran, M|\n|teampreview\n|\n|t:|1700811238\n|start\n|switch|p1a: Zapdos|Zapdos|100\/100\n|switch|p2a: Heatran|Heatran, M|100\/100\n|turn|1\n|inactive|Battle timer is ON: inactive players will automatically lose when time's up. (requested by Pineapple Boiz)\n|inactive|Crusader11 has 120 seconds left.\n|\n|t:|1700811297\n|move|p1a: Zapdos|Volt Switch|p2a: Heatran\n|-damage|p2a: Heatran|68\/100\n|\n|t:|1700811301\n|switch|p1a: Landorus|Landorus-Therian, M|100\/100|[from] Volt Switch\n|-ability|p1a: Landorus|Intimidate|boost\n|-unboost|p2a: Heatran|atk|1\n|move|p2a: Heatran|Magma Storm|p1a: Landorus\n|-damage|p1a: Landorus|40\/100\n|-activate|p1a: Landorus|move: Magma Storm|[of] p2a: Heatran\n|\n|-heal|p2a: Heatran|75\/100|[from] item: Leftovers\n|-damage|p1a: Landorus|28\/100|[from] move: Magma Storm|[partiallytrapped]\n|upkeep\n|turn|2\n|\n|t:|1700811319\n|move|p2a: Heatran|Protect|p2a: Heatran\n|-singleturn|p2a: Heatran|Protect\n|move|p1a: Landorus|U-turn|p2a: Heatran\n|-activate|p2a: Heatran|move: Protect\n|\n|-heal|p2a: Heatran|81\/100|[from] item: Leftovers\n|-damage|p1a: Landorus|15\/100|[from] move: Magma Storm|[partiallytrapped]\n|upkeep\n|turn|3\n|\n|t:|1700811334\n|move|p1a: Landorus|Earthquake|p2a: Heatran\n|-supereffective|p2a: Heatran\n|-damage|p2a: Heatran|0 fnt\n|faint|p2a: Heatran\n|\n|-end|p1a: Landorus|Magma Storm|[partiallytrapped]|[silent]\n|upkeep\n|inactive|Pineapple Boiz has 120 seconds left.\n|\n|t:|1700811359\n|switch|p2a: Alomomola|Alomomola, M|100\/100\n|turn|4\n|\n|t:|1700811366\n|move|p1a: Landorus|U-turn|p2a: Alomomola\n|-damage|p2a: Alomomola|85\/100\n|-damage|p1a: Landorus|0 fnt|[from] item: Rocky Helmet|[of] p2a: Alomomola\n|faint|p1a: Landorus\n|move|p2a: Alomomola|Wish|p2a: Alomomola\n|\n|upkeep\n|\n|t:|1700811378\n|switch|p1a: Zapdos|Zapdos|100\/100\n|turn|5\n|inactive|Crusader11 has 120 seconds left.\n|\n|t:|1700811412\n|switch|p2a: Blissey|Blissey, F|100\/100\n|move|p1a: Zapdos|Hurricane|p2a: Blissey|[miss]\n|-miss|p1a: Zapdos|p2a: Blissey\n|\n|upkeep\n|turn|6\n|inactive|Crusader11 has 120 seconds left.\n|\n|t:|1700811444\n|switch|p1a: Corviknight|Corviknight, F|100\/100\n|-ability|p1a: Corviknight|Unnerve\n|move|p2a: Blissey|Thunder Wave|p1a: Corviknight\n|-status|p1a: Corviknight|par\n|\n|upkeep\n|turn|7\n|inactive|Pineapple Boiz has 120 seconds left.\n|\n|t:|1700811477\n|switch|p2a: Mandibuzz|Mandibuzz, F|100\/100\n|move|p1a: Corviknight|Body Press|p2a: Mandibuzz\n|-damage|p2a: Mandibuzz|90\/100\n|\n|upkeep\n|turn|8\n|\n|t:|1700811485\n|move|p2a: Mandibuzz|Foul Play|p1a: Corviknight\n|-damage|p1a: Corviknight|64\/100 par\n|move|p1a: Corviknight|U-turn|p2a: Mandibuzz\n|-damage|p2a: Mandibuzz|79\/100\n|\n|t:|1700811495\n|switch|p1a: Zapdos|Zapdos|100\/100|[from] U-turn\n|\n|upkeep\n|turn|9\n|inactive|Pineapple Boiz has 120 seconds left.\n|\n|t:|1700811511\n|switch|p2a: Blissey|Blissey, F|100\/100\n|move|p1a: Zapdos|Hurricane|p2a: Blissey\n|-damage|p2a: Blissey|74\/100\n|-start|p2a: Blissey|confusion\n|\n|-heal|p2a: Blissey|80\/100|[from] item: Leftovers\n|upkeep\n|turn|10\n|inactive|Pineapple Boiz has 120 seconds left.\n|\n|t:|1700811521\n|switch|p1a: Scizor|Scizor, F|100\/100\n|-activate|p2a: Blissey|confusion\n|move|p2a: Blissey|Seismic Toss|p1a: Scizor\n|-damage|p1a: Scizor|71\/100\n|\n|-heal|p2a: Blissey|86\/100|[from] item: Leftovers\n|upkeep\n|turn|11\n|inactive|Pineapple Boiz has 120 seconds left.\n|inactive|Crusader11 has 90 seconds left.\n|inactive|Crusader11 has 60 seconds left.\n|\n|t:|1700811597\n|switch|p2a: Alomomola|Alomomola, M|100\/100\n|move|p1a: Scizor|Swords Dance|p1a: Scizor\n|-boost|p1a: Scizor|atk|2\n|\n|upkeep\n|turn|12\n|\n|t:|1700811604\n|move|p1a: Scizor|Knock Off|p2a: Alomomola\n|-damage|p2a: Alomomola|58\/100\n|-damage|p1a: Scizor|55\/100|[from] item: Rocky Helmet|[of] p2a: Alomomola\n|-enditem|p2a: Alomomola|Rocky Helmet|[from] move: Knock Off|[of] p1a: Scizor\n|move|p2a: Alomomola|Scald|p1a: Scizor\n|-damage|p1a: Scizor|39\/100\n|-status|p1a: Scizor|brn\n|\n|-damage|p1a: Scizor|33\/100 brn|[from] brn\n|upkeep\n|turn|13\n|inactive|Crusader11 has 60 seconds left.\n|\n|t:|1700811618\n|move|p2a: Alomomola|Protect|p2a: Alomomola\n|-singleturn|p2a: Alomomola|Protect\n|move|p1a: Scizor|Bullet Punch|p2a: Alomomola\n|-activate|p2a: Alomomola|move: Protect\n|\n|-damage|p1a: Scizor|27\/100 brn|[from] brn\n|upkeep\n|turn|14\n|\n|t:|1700811624\n|move|p1a: Scizor|Bullet Punch|p2a: Alomomola\n|-resisted|p2a: Alomomola\n|-damage|p2a: Alomomola|48\/100\n|move|p2a: Alomomola|Wish|p2a: Alomomola\n|\n|-damage|p1a: Scizor|21\/100 brn|[from] brn\n|upkeep\n|turn|15\n|inactive|Crusader11 has 60 seconds left.\n|\n|t:|1700811648\n|switch|p1a: Gengar|Gengar, F|100\/100\n|move|p2a: Alomomola|Flip Turn|p1a: Gengar\n|-damage|p1a: Gengar|69\/100\n|-start|p2a: Alomomola|Disable|Flip Turn|[from] ability: Cursed Body|[of] p1a: Gengar\n|inactive|Pineapple Boiz has 120 seconds left.\n|\n|t:|1700811674\n|switch|p2a: Blissey|Blissey, F|86\/100|[from] Flip Turn\n|\n|-heal|p2a: Blissey|100\/100|[from] move: Wish|[wisher] Alomomola\n|upkeep\n|turn|16\n|inactive|Crusader11 has 60 seconds left.\n|\n|t:|1700811709\n|move|p1a: Gengar|Sludge Bomb|p2a: Blissey\n|-damage|p2a: Blissey|78\/100\n|move|p2a: Blissey|Thunder Wave|p1a: Gengar\n|-status|p1a: Gengar|par\n|\n|-heal|p2a: Blissey|84\/100|[from] item: Leftovers\n|upkeep\n|turn|17\n|inactive|Pineapple Boiz has 120 seconds left.\n|\n|t:|1700811735\n|switch|p2a: Alomomola|Alomomola, M|81\/100\n|move|p1a: Gengar|Sludge Bomb|p2a: Alomomola\n|-damage|p2a: Alomomola|0 fnt\n|faint|p2a: Alomomola\n|\n|upkeep\n|\n|t:|1700811740\n|switch|p2a: Rillaboom|Rillaboom, M|100\/100\n|-fieldstart|move: Grassy Terrain|[from] ability: Grassy Surge|[of] p2a: Rillaboom\n|turn|18\n|\n|t:|1700811758\n|switch|p1a: Zapdos|Zapdos|100\/100\n|move|p2a: Rillaboom|Knock Off|p1a: Zapdos\n|-damage|p1a: Zapdos|40\/100\n|-status|p2a: Rillaboom|par|[from] ability: Static|[of] p1a: Zapdos\n|-enditem|p1a: Zapdos|Choice Specs|[from] move: Knock Off|[of] p2a: Rillaboom\n|\n|upkeep\n|turn|19\n|inactive|Pineapple Boiz has 120 seconds left.\n|\n|t:|1700811773\n|switch|p2a: Blissey|Blissey, F|84\/100\n|move|p1a: Zapdos|Heat Wave|p2a: Blissey\n|-damage|p2a: Blissey|75\/100\n|\n|-heal|p2a: Blissey|81\/100|[from] Grassy Terrain\n|-heal|p2a: Blissey|87\/100|[from] item: Leftovers\n|upkeep\n|turn|20\n|inactive|Pineapple Boiz has 120 seconds left.\n|\n|t:|1700811785\n|switch|p1a: Toxapex|Toxapex, F|100\/100\n|move|p2a: Blissey|Heal Bell|p2a: Blissey\n|-activate|p2a: Blissey|move: Heal Bell\n|-curestatus|p2: Rillaboom|par|[msg]\n|\n|-heal|p2a: Blissey|93\/100|[from] Grassy Terrain\n|-heal|p2a: Blissey|99\/100|[from] item: Leftovers\n|upkeep\n|turn|21\n|inactive|Pineapple Boiz has 120 seconds left.\n|\n|t:|1700811805\n|move|p2a: Blissey|Seismic Toss|p1a: Toxapex\n|-damage|p1a: Toxapex|68\/100\n|move|p1a: Toxapex|Toxic Spikes|p2a: Blissey\n|-sidestart|p2: Pineapple Boiz|move: Toxic Spikes\n|\n|-heal|p2a: Blissey|100\/100|[from] Grassy Terrain\n|-heal|p1a: Toxapex|74\/100|[from] Grassy Terrain\n|-heal|p1a: Toxapex|80\/100|[from] item: Leftovers\n|upkeep\n|turn|22\n|\n|t:|1700811829\n|move|p2a: Blissey|Seismic Toss|p1a: Toxapex\n|-damage|p1a: Toxapex|47\/100\n|move|p1a: Toxapex|Toxic Spikes|p2a: Blissey\n|-sidestart|p2: Pineapple Boiz|move: Toxic Spikes\n|\n|-heal|p1a: Toxapex|53\/100|[from] Grassy Terrain\n|-heal|p1a: Toxapex|60\/100|[from] item: Leftovers\n|-fieldend|move: Grassy Terrain\n|upkeep\n|turn|23\n|inactive|Crusader11 has 30 seconds left.\n|inactive|Crusader11 has 20 seconds left.\n|inactive|Crusader11 has 15 seconds left.\n|\n|t:|1700811875\n|move|p1a: Toxapex|Baneful Bunker|p1a: Toxapex\n|-singleturn|p1a: Toxapex|move: Protect\n|move|p2a: Blissey|Seismic Toss|p1a: Toxapex\n|-activate|p1a: Toxapex|move: Protect\n|-status|p2a: Blissey|psn\n|\n|-heal|p1a: Toxapex|66\/100|[from] item: Leftovers\n|-damage|p2a: Blissey|88\/100 psn|[from] psn\n|upkeep\n|turn|24\n|inactive|Crusader11 has 25 seconds left this turn.\n|inactive|Crusader11 has 20 seconds left.\n|inactive|Crusader11 has 15 seconds left.\n|inactive|Crusader11 has 10 seconds left.\n|\n|t:|1700811891\n|-curestatus|p2a: Blissey|psn|[from] ability: Natural Cure\n|switch|p2a: Mandibuzz|Mandibuzz, F|79\/100\n|move|p1a: Toxapex|Ice Beam|p2a: Mandibuzz\n|-supereffective|p2a: Mandibuzz\n|-damage|p2a: Mandibuzz|57\/100\n|\n|-heal|p1a: Toxapex|72\/100|[from] item: Leftovers\n|upkeep\n|turn|25\n|inactive|Crusader11 has 20 seconds left this turn.\n|inactive|Crusader11 has 15 seconds left.\n|inactive|Crusader11 has 10 seconds left.\n|\n|t:|1700811903\n|move|p1a: Toxapex|Baneful Bunker|p1a: Toxapex\n|-singleturn|p1a: Toxapex|move: Protect\n|move|p2a: Mandibuzz|Roost|p2a: Mandibuzz\n|-heal|p2a: Mandibuzz|100\/100\n|-singleturn|p2a: Mandibuzz|move: Roost\n|\n|-heal|p1a: Toxapex|78\/100|[from] item: Leftovers\n|upkeep\n|turn|26\n|inactive|Crusader11 has 20 seconds left this turn.\n|inactive|Crusader11 has 15 seconds left.\n|\n|t:|1700811915\n|move|p2a: Mandibuzz|U-turn|p1a: Toxapex\n|-resisted|p1a: Toxapex\n|-damage|p1a: Toxapex|74\/100\n|inactive|Crusader11 has 20 seconds left this turn.\n|\n|t:|1700811917\n|switch|p2a: Great Tusk|Great Tusk|100\/100|[from] U-turn\n|-status|p2a: Great Tusk|tox\n|move|p1a: Toxapex|Ice Beam|p2a: Great Tusk\n|-supereffective|p2a: Great Tusk\n|-damage|p2a: Great Tusk|65\/100 tox\n|\n|-heal|p2a: Great Tusk|71\/100 tox|[from] item: Leftovers\n|-heal|p1a: Toxapex|80\/100|[from] item: Leftovers\n|-damage|p2a: Great Tusk|65\/100 tox|[from] psn\n|upkeep\n|turn|27\n|inactive|Crusader11 has 30 seconds left this turn.\n|inactive|Crusader11 has 20 seconds left.\n|inactive|Crusader11 has 15 seconds left.\n|\n|t:|1700811936\n|switch|p1a: Scizor|Scizor, F|21\/100 brn\n|move|p2a: Great Tusk|Earthquake|p1a: Scizor\n|-damage|p1a: Scizor|0 fnt\n|faint|p1a: Scizor\n|\n|-heal|p2a: Great Tusk|71\/100 tox|[from] item: Leftovers\n|-damage|p2a: Great Tusk|59\/100 tox|[from] psn\n|upkeep\n|inactive|Crusader11 has 20 seconds left this turn.\n|inactive|Crusader11 has 15 seconds left.\n|inactive|Crusader11 has 10 seconds left.\n|\n|t:|1700811947\n|switch|p1a: Zapdos|Zapdos|40\/100\n|turn|28\n|inactive|Crusader11 has 20 seconds left this turn.\n|inactive|Crusader11 has 15 seconds left.\n|inactive|Pineapple Boiz has 120 seconds left.\n|inactive|Crusader11 has 10 seconds left.\n|\n|t:|1700811957\n|switch|p1a: Corviknight|Corviknight, F|64\/100 par\n|-ability|p1a: Corviknight|Unnerve\n|-end|p2a: Great Tusk|Protosynthesis|[silent]\n|switch|p2a: Blissey|Blissey, F|88\/100\n|-status|p2a: Blissey|tox\n|\n|-heal|p2a: Blissey|94\/100 tox|[from] item: Leftovers\n|-heal|p1a: Corviknight|70\/100 par|[from] item: Leftovers\n|-damage|p2a: Blissey|88\/100 tox|[from] psn\n|upkeep\n|turn|29\n|inactive|Crusader11 has 20 seconds left this turn.\n|inactive|Crusader11 has 15 seconds left.\n|inactive|Crusader11 has 10 seconds left.\n|inactive|Pineapple Boiz has 120 seconds left.\n|\n|t:|1700811970\n|-curestatus|p2a: Blissey|tox|[from] ability: Natural Cure\n|switch|p2a: Mandibuzz|Mandibuzz, F|100\/100\n|move|p1a: Corviknight|Body Press|p2a: Mandibuzz\n|-damage|p2a: Mandibuzz|90\/100\n|\n|-heal|p1a: Corviknight|77\/100 par|[from] item: Leftovers\n|upkeep\n|turn|30\n|inactive|Crusader11 has 20 seconds left this turn.\n|inactive|Crusader11 has 15 seconds left.\n|inactive|Crusader11 has 10 seconds left.\n|\n|t:|1700811980\n|switch|p1a: Toxapex|Toxapex, F|100\/100\n|move|p2a: Mandibuzz|Foul Play|p1a: Toxapex\n|-damage|p1a: Toxapex|88\/100\n|\n|-heal|p1a: Toxapex|94\/100|[from] item: Leftovers\n|upkeep\n|turn|31\n|inactive|Crusader11 has 20 seconds left this turn.\n|inactive|Crusader11 has 15 seconds left.\n|inactive|Crusader11 has 10 seconds left.\n|inactive|Pineapple Boiz has 120 seconds left.\n|\n|t:|1700812009\n|switch|p2a: Great Tusk|Great Tusk|59\/100 tox\n|move|p1a: Toxapex|Ice Beam|p2a: Great Tusk\n|-supereffective|p2a: Great Tusk\n|-damage|p2a: Great Tusk|23\/100 tox\n|\n|-heal|p2a: Great Tusk|30\/100 tox|[from] item: Leftovers\n|-heal|p1a: Toxapex|99\/100|[from] item: Leftovers\n|-damage|p2a: Great Tusk|23\/100 tox|[from] psn\n|upkeep\n|turn|32\n|inactive|Crusader11 has 20 seconds left this turn.\n|inactive|Crusader11 has 15 seconds left.\n|inactive|Crusader11 has 10 seconds left.\n|\n|t:|1700812021\n|move|p1a: Toxapex|Baneful Bunker|p1a: Toxapex\n|-singleturn|p1a: Toxapex|move: Protect\n|move|p2a: Great Tusk|Rapid Spin|p1a: Toxapex\n|-activate|p1a: Toxapex|move: Protect\n|\n|-heal|p2a: Great Tusk|30\/100 tox|[from] item: Leftovers\n|-heal|p1a: Toxapex|100\/100|[from] item: Leftovers\n|-damage|p2a: Great Tusk|17\/100 tox|[from] psn\n|upkeep\n|turn|33\n|inactive|Crusader11 has 20 seconds left this turn.\n|inactive|Crusader11 has 15 seconds left.\n|inactive|Crusader11 has 10 seconds left.\n|inactive|Pineapple Boiz has 120 seconds left.\n|\n|t:|1700812039\n|switch|p1a: Corviknight|Corviknight, F|77\/100 par\n|-ability|p1a: Corviknight|Unnerve\n|move|p2a: Great Tusk|Earthquake|p1a: Corviknight\n|-immune|p1a: Corviknight\n|\n|-heal|p2a: Great Tusk|23\/100 tox|[from] item: Leftovers\n|-heal|p1a: Corviknight|83\/100 par|[from] item: Leftovers\n|-damage|p2a: Great Tusk|5\/100 tox|[from] psn\n|upkeep\n|turn|34\n|inactive|Crusader11 has 20 seconds left this turn.\n|inactive|Crusader11 has 15 seconds left.\n|inactive|Crusader11 has 10 seconds left.\n|\n|t:|1700812051\n|move|p2a: Great Tusk|Rapid Spin|p1a: Corviknight\n|-resisted|p1a: Corviknight\n|-damage|p1a: Corviknight|76\/100 par\n|-boost|p2a: Great Tusk|spe|1\n|-sideend|p2: Pineapple Boiz|Toxic Spikes|[from] move: Rapid Spin|[of] p2a: Great Tusk\n|cant|p1a: Corviknight|par\n|\n|-heal|p2a: Great Tusk|11\/100 tox|[from] item: Leftovers\n|-heal|p1a: Corviknight|83\/100 par|[from] item: Leftovers\n|-damage|p2a: Great Tusk|0 fnt|[from] psn\n|faint|p2a: Great Tusk\n|-end|p2a: Great Tusk|Protosynthesis|[silent]\n|upkeep\n|inactive|Crusader11 has 15 seconds left this turn.\n|\n|t:|1700812059\n|switch|p2a: Mandibuzz|Mandibuzz, F|90\/100\n|turn|35\n|inactive|Crusader11 has 25 seconds left this turn.\n|inactive|Crusader11 has 20 seconds left.\n|\n|t:|1700812069\n|switch|p1a: Toxapex|Toxapex, F|100\/100\n|move|p2a: Mandibuzz|U-turn|p1a: Toxapex\n|-resisted|p1a: Toxapex\n|-damage|p1a: Toxapex|96\/100\n|inactive|Crusader11 has 25 seconds left this turn.\n|\n|t:|1700812074\n|switch|p2a: Rillaboom|Rillaboom, M|100\/100|[from] U-turn\n|-fieldstart|move: Grassy Terrain|[from] ability: Grassy Surge|[of] p2a: Rillaboom\n|\n|-heal|p1a: Toxapex|100\/100|[from] Grassy Terrain\n|upkeep\n|turn|36\n|inactive|Crusader11 has 30 seconds left.\n|inactive|Crusader11 has 20 seconds left.\n|\n|t:|1700812092\n|move|p2a: Rillaboom|Wood Hammer|p1a: Toxapex\n|-damage|p1a: Toxapex|8\/100\n|-damage|p2a: Rillaboom|73\/100|[from] Recoil\n|move|p1a: Toxapex|Ice Beam|p2a: Rillaboom\n|-supereffective|p2a: Rillaboom\n|-damage|p2a: Rillaboom|38\/100\n|\n|-heal|p2a: Rillaboom|44\/100|[from] Grassy Terrain\n|-heal|p1a: Toxapex|14\/100|[from] Grassy Terrain\n|-heal|p1a: Toxapex|20\/100|[from] item: Leftovers\n|upkeep\n|turn|37\n|inactive|Crusader11 has 30 seconds left this turn.\n|inactive|Crusader11 has 20 seconds left.\n|\n|t:|1700812115\n|switch|p1a: Zapdos|Zapdos|40\/100\n|move|p2a: Rillaboom|Wood Hammer|p1a: Zapdos\n|-resisted|p1a: Zapdos\n|-damage|p1a: Zapdos|0 fnt\n|faint|p1a: Zapdos\n|-damage|p2a: Rillaboom|32\/100|[from] Recoil\n|\n|-heal|p2a: Rillaboom|38\/100|[from] Grassy Terrain\n|upkeep\n|inactive|Crusader11 has 25 seconds left this turn.\n|inactive|Crusader11 has 20 seconds left.\n|inactive|Crusader11 has 15 seconds left.\n|\n|t:|1700812125\n|switch|p1a: Corviknight|Corviknight, F|83\/100 par\n|-ability|p1a: Corviknight|Unnerve\n|turn|38\n|inactive|Crusader11 has 25 seconds left this turn.\n|inactive|Crusader11 has 20 seconds left.\n|inactive|Crusader11 has 15 seconds left.\n|inactive|Crusader11 has 10 seconds left.\n|\n|t:|1700812141\n|switch|p2a: Mandibuzz|Mandibuzz, F|90\/100\n|move|p1a: Corviknight|Brave Bird|p2a: Mandibuzz\n|-damage|p2a: Mandibuzz|63\/100\n|-damage|p1a: Corviknight|73\/100 par|[from] Recoil\n|\n|-heal|p1a: Corviknight|79\/100 par|[from] item: Leftovers\n|upkeep\n|turn|39\n|inactive|Crusader11 has 20 seconds left this turn.\n|inactive|Crusader11 has 15 seconds left.\n|\n|t:|1700812149\n|switch|p1a: Toxapex|Toxapex, F|53\/100\n|move|p2a: Mandibuzz|Roost|p2a: Mandibuzz\n|-heal|p2a: Mandibuzz|100\/100\n|-singleturn|p2a: Mandibuzz|move: Roost\n|\n|-heal|p1a: Toxapex|60\/100|[from] Grassy Terrain\n|-heal|p1a: Toxapex|66\/100|[from] item: Leftovers\n|-fieldend|move: Grassy Terrain\n|upkeep\n|turn|40\n|inactive|Crusader11 has 25 seconds left this turn.\n|\n|t:|1700812167\n|move|p2a: Mandibuzz|U-turn|p1a: Toxapex\n|-resisted|p1a: Toxapex\n|-damage|p1a: Toxapex|62\/100\n|inactive|Crusader11 has 30 seconds left this turn.\n|\n|t:|1700812170\n|switch|p2a: Rillaboom|Rillaboom, M|38\/100|[from] U-turn\n|-fieldstart|move: Grassy Terrain|[from] ability: Grassy Surge|[of] p2a: Rillaboom\n|move|p1a: Toxapex|Toxic Spikes|p2a: Rillaboom\n|-sidestart|p2: Pineapple Boiz|move: Toxic Spikes\n|\n|-heal|p2a: Rillaboom|44\/100|[from] Grassy Terrain\n|-heal|p1a: Toxapex|68\/100|[from] Grassy Terrain\n|-heal|p1a: Toxapex|75\/100|[from] item: Leftovers\n|upkeep\n|turn|41\n|\n|t:|1700812185\n|-terastallize|p2a: Rillaboom|Grass\n|move|p1a: Toxapex|Baneful Bunker|p1a: Toxapex\n|-singleturn|p1a: Toxapex|move: Protect\n|move|p2a: Rillaboom|Wood Hammer|p1a: Toxapex\n|-activate|p1a: Toxapex|move: Protect\n|-status|p2a: Rillaboom|psn\n|\n|-heal|p2a: Rillaboom|50\/100 psn|[from] Grassy Terrain\n|-heal|p1a: Toxapex|81\/100|[from] Grassy Terrain\n|-heal|p1a: Toxapex|87\/100|[from] item: Leftovers\n|-damage|p2a: Rillaboom|38\/100 psn|[from] psn\n|upkeep\n|turn|42\n|inactive|Crusader11 has 30 seconds left.\n|\n|t:|1700812210\n|switch|p1a: Corviknight|Corviknight, F|79\/100 par\n|-ability|p1a: Corviknight|Unnerve\n|move|p2a: Rillaboom|Wood Hammer|p1a: Corviknight\n|-resisted|p1a: Corviknight\n|-damage|p1a: Corviknight|45\/100 par\n|-damage|p2a: Rillaboom|25\/100 psn|[from] Recoil\n|\n|-heal|p2a: Rillaboom|31\/100 psn|[from] Grassy Terrain\n|-heal|p1a: Corviknight|51\/100 par|[from] item: Leftovers\n|-damage|p2a: Rillaboom|19\/100 psn|[from] psn\n|upkeep\n|turn|43\n|inactive|Crusader11 has 30 seconds left.\n|\n|t:|1700812224\n|switch|p2a: Mandibuzz|Mandibuzz, F|100\/100\n|move|p1a: Corviknight|U-turn|p2a: Mandibuzz\n|-damage|p2a: Mandibuzz|90\/100\n|inactive|Crusader11 has 30 seconds left this turn.\n|\n|t:|1700812229\n|switch|p1a: Toxapex|Toxapex, F|100\/100|[from] U-turn\n|\n|upkeep\n|turn|44\n|inactive|Crusader11 has 30 seconds left.\n|\n|t:|1700812240\n|move|p1a: Toxapex|Baneful Bunker|p1a: Toxapex\n|-singleturn|p1a: Toxapex|move: Protect\n|move|p2a: Mandibuzz|U-turn|p1a: Toxapex\n|-activate|p1a: Toxapex|move: Protect\n|-status|p2a: Mandibuzz|psn\n|\n|-damage|p2a: Mandibuzz|77\/100 psn|[from] psn\n|-fieldend|move: Grassy Terrain\n|upkeep\n|turn|45\n|inactive|Crusader11 has 30 seconds left.\n|inactive|Crusader11 has 20 seconds left.\n|inactive|Crusader11 has 15 seconds left.\n|\n|t:|1700812267\n|move|p2a: Mandibuzz|U-turn|p1a: Toxapex\n|-resisted|p1a: Toxapex\n|-damage|p1a: Toxapex|96\/100\n|inactive|Crusader11 has 20 seconds left this turn.\n|\n|t:|1700812273\n|switch|p2a: Blissey|Blissey, F|88\/100|[from] U-turn\n|-status|p2a: Blissey|psn\n|move|p1a: Toxapex|Toxic Spikes|p2a: Blissey\n|-sidestart|p2: Pineapple Boiz|move: Toxic Spikes\n|\n|-heal|p2a: Blissey|94\/100 psn|[from] item: Leftovers\n|-heal|p1a: Toxapex|100\/100|[from] item: Leftovers\n|-damage|p2a: Blissey|82\/100 psn|[from] psn\n|upkeep\n|turn|46\n|inactive|Crusader11 has 30 seconds left this turn.\n|inactive|Crusader11 has 20 seconds left.\n|inactive|Crusader11 has 15 seconds left.\n|inactive|Crusader11 has 10 seconds left.\n|\n|t:|1700812294\n|switch|p1a: Corviknight|Corviknight, F|51\/100 par\n|-ability|p1a: Corviknight|Unnerve\n|move|p2a: Blissey|Thunder Wave|p1a: Corviknight\n|-fail|p1a: Corviknight|par\n|\n|-heal|p2a: Blissey|88\/100 psn|[from] item: Leftovers\n|-heal|p1a: Corviknight|58\/100 par|[from] item: Leftovers\n|-damage|p2a: Blissey|75\/100 psn|[from] psn\n|upkeep\n|turn|47\n|inactive|Crusader11 has 20 seconds left this turn.\n|inactive|Crusader11 has 15 seconds left.\n|inactive|Crusader11 has 10 seconds left.\n|inactive|Crusader11 has 5 seconds left.\n|\n|t:|1700812312\n|move|p2a: Blissey|Heal Bell|p2a: Blissey\n|-activate|p2a: Blissey|move: Heal Bell\n|-curestatus|p2a: Blissey|psn|[msg]\n|-curestatus|p2: Mandibuzz|psn|[msg]\n|-curestatus|p2: Rillaboom|psn|[msg]\n|move|p1a: Corviknight|Body Press|p2a: Blissey\n|-supereffective|p2a: Blissey\n|-damage|p2a: Blissey|36\/100\n|\n|-heal|p2a: Blissey|42\/100|[from] item: Leftovers\n|-heal|p1a: Corviknight|64\/100 par|[from] item: Leftovers\n|upkeep\n|turn|48\n|inactive|Crusader11 has 15 seconds left this turn.\n|inactive|Crusader11 has 10 seconds left.\n|\n|t:|1700812321\n|switch|p2a: Mandibuzz|Mandibuzz, F|77\/100\n|move|p1a: Corviknight|Body Press|p2a: Mandibuzz\n|-damage|p2a: Mandibuzz|67\/100\n|\n|-heal|p1a: Corviknight|70\/100 par|[from] item: Leftovers\n|upkeep\n|turn|49\n|inactive|Crusader11 has 20 seconds left this turn.\n|inactive|Crusader11 has 15 seconds left.\n|\n|t:|1700812335\n|switch|p1a: Toxapex|Toxapex, F|100\/100\n|move|p2a: Mandibuzz|Foul Play|p1a: Toxapex\n|-damage|p1a: Toxapex|87\/100\n|\n|-heal|p1a: Toxapex|93\/100|[from] item: Leftovers\n|upkeep\n|turn|50\n|inactive|Crusader11 has 25 seconds left this turn.\n|inactive|Crusader11 has 20 seconds left.\n|inactive|Crusader11 has 15 seconds left.\n|\n|t:|1700812347\n|switch|p2a: Blissey|Blissey, F|42\/100\n|-status|p2a: Blissey|tox\n|move|p1a: Toxapex|Ice Beam|p2a: Blissey\n|-damage|p2a: Blissey|38\/100 tox\n|\n|-heal|p2a: Blissey|44\/100 tox|[from] item: Leftovers\n|-heal|p1a: Toxapex|99\/100|[from] item: Leftovers\n|-damage|p2a: Blissey|38\/100 tox|[from] psn\n|upkeep\n|turn|51\n|inactive|Crusader11 has 25 seconds left this turn.\n|inactive|Crusader11 has 20 seconds left.\n|inactive|Crusader11 has 15 seconds left.\n|inactive|Crusader11 has 10 seconds left.\n|\n|t:|1700812366\n|move|p2a: Blissey|Soft-Boiled|p2a: Blissey\n|-heal|p2a: Blissey|88\/100 tox\n|move|p1a: Toxapex|Toxic Spikes||[still]\n|-fail|p1a: Toxapex\n|\n|-heal|p2a: Blissey|94\/100 tox|[from] item: Leftovers\n|-heal|p1a: Toxapex|100\/100|[from] item: Leftovers\n|-damage|p2a: Blissey|82\/100 tox|[from] psn\n|upkeep\n|turn|52\n|inactive|Crusader11 has 20 seconds left this turn.\n|inactive|Crusader11 has 15 seconds left.\n|\n|t:|1700812385\n|move|p2a: Blissey|Heal Bell|p2a: Blissey\n|-activate|p2a: Blissey|move: Heal Bell\n|-curestatus|p2a: Blissey|tox|[msg]\n|move|p1a: Toxapex|Ice Beam|p2a: Blissey\n|-damage|p2a: Blissey|78\/100\n|\n|-heal|p2a: Blissey|85\/100|[from] item: Leftovers\n|upkeep\n|turn|53\n|inactive|Crusader11 has 25 seconds left this turn.\n|inactive|Crusader11 has 20 seconds left.\n|inactive|Crusader11 has 15 seconds left.\n|inactive|Crusader11 has 10 seconds left.\n|\n|t:|1700812401\n|switch|p1a: Gengar|Gengar, F|69\/100 par\n|move|p2a: Blissey|Seismic Toss|p1a: Gengar\n|-immune|p1a: Gengar\n|\n|-heal|p2a: Blissey|91\/100|[from] item: Leftovers\n|upkeep\n|turn|54\n|inactive|Crusader11 has 20 seconds left this turn.\n|inactive|Crusader11 has 15 seconds left.\n|\n|t:|1700812408\n|switch|p2a: Mandibuzz|Mandibuzz, F|67\/100\n|move|p1a: Gengar|Sludge Bomb|p2a: Mandibuzz\n|-damage|p2a: Mandibuzz|0 fnt\n|faint|p2a: Mandibuzz\n|\n|upkeep\n|inactive|Crusader11 has 20 seconds left this turn.\n|\n|t:|1700812418\n|switch|p2a: Rillaboom|Rillaboom, M, tera:Grass|19\/100\n|-status|p2a: Rillaboom|tox\n|-fieldstart|move: Grassy Terrain|[from] ability: Grassy Surge|[of] p2a: Rillaboom\n|turn|55\n|inactive|Crusader11 has 30 seconds left this turn.\n|\n|t:|1700812427\n|switch|p1a: Corviknight|Corviknight, F|70\/100 par\n|-ability|p1a: Corviknight|Unnerve\n|move|p2a: Rillaboom|Knock Off|p1a: Corviknight\n|-damage|p1a: Corviknight|29\/100 par\n|-enditem|p1a: Corviknight|Leftovers|[from] move: Knock Off|[of] p2a: Rillaboom\n|\n|-heal|p2a: Rillaboom|25\/100 tox|[from] Grassy Terrain\n|-damage|p2a: Rillaboom|19\/100 tox|[from] psn\n|upkeep\n|turn|56\n|inactive|Crusader11 has 30 seconds left.\n|inactive|Crusader11 has 20 seconds left.\n|inactive|Crusader11 has 15 seconds left.\n|inactive|Crusader11 has 10 seconds left.\n|\n|t:|1700812455\n|switch|p2a: Blissey|Blissey, F|91\/100\n|-status|p2a: Blissey|tox\n|move|p1a: Corviknight|U-turn|p2a: Blissey\n|-damage|p2a: Blissey|70\/100 tox\n|inactive|Crusader11 has 15 seconds left this turn.\n|inactive|Crusader11 has 10 seconds left.\n|\n|t:|1700812462\n|switch|p1a: Gengar|Gengar, F|69\/100 par|[from] U-turn\n|\n|-heal|p1a: Gengar|75\/100 par|[from] Grassy Terrain\n|-heal|p2a: Blissey|76\/100 tox|[from] Grassy Terrain\n|-heal|p2a: Blissey|82\/100 tox|[from] item: Leftovers\n|-damage|p2a: Blissey|76\/100 tox|[from] psn\n|upkeep\n|turn|57\n|inactive|Crusader11 has 20 seconds left this turn.\n|inactive|Crusader11 has 15 seconds left.\n|\n|t:|1700812469\n|move|p1a: Gengar|Sludge Bomb|p2a: Blissey\n|-damage|p2a: Blissey|50\/100 tox\n|move|p2a: Blissey|Heal Bell|p2a: Blissey\n|-activate|p2a: Blissey|move: Heal Bell\n|-curestatus|p2a: Blissey|tox|[msg]\n|-curestatus|p2: Rillaboom|tox|[msg]\n|\n|-heal|p1a: Gengar|81\/100 par|[from] Grassy Terrain\n|-heal|p2a: Blissey|56\/100|[from] Grassy Terrain\n|-heal|p2a: Blissey|62\/100|[from] item: Leftovers\n|upkeep\n|turn|58\n|inactive|Crusader11 has 25 seconds left this turn.\n|inactive|Crusader11 has 20 seconds left.\n|inactive|Crusader11 has 15 seconds left.\n|\n|t:|1700812482\n|switch|p1a: Toxapex|Toxapex, F|100\/100\n|move|p2a: Blissey|Thunder Wave|p1a: Toxapex\n|-status|p1a: Toxapex|par\n|\n|-heal|p2a: Blissey|68\/100|[from] Grassy Terrain\n|-heal|p2a: Blissey|74\/100|[from] item: Leftovers\n|upkeep\n|turn|59\n|inactive|Crusader11 has 25 seconds left this turn.\n|inactive|Crusader11 has 20 seconds left.\n|inactive|Crusader11 has 15 seconds left.\n|\n|t:|1700812492\n|move|p2a: Blissey|Seismic Toss|p1a: Toxapex\n|-damage|p1a: Toxapex|68\/100 par\n|cant|p1a: Toxapex|par\n|\n|-heal|p2a: Blissey|81\/100|[from] Grassy Terrain\n|-heal|p2a: Blissey|87\/100|[from] item: Leftovers\n|-heal|p1a: Toxapex|74\/100 par|[from] Grassy Terrain\n|-heal|p1a: Toxapex|80\/100 par|[from] item: Leftovers\n|-fieldend|move: Grassy Terrain\n|upkeep\n|turn|60\n|inactive|Crusader11 has 25 seconds left this turn.\n|inactive|Crusader11 has 20 seconds left.\n|\n|t:|1700812500\n|move|p2a: Blissey|Seismic Toss|p1a: Toxapex\n|-damage|p1a: Toxapex|47\/100 par\n|move|p1a: Toxapex|Ice Beam|p2a: Blissey\n|-damage|p2a: Blissey|83\/100\n|\n|-heal|p2a: Blissey|89\/100|[from] item: Leftovers\n|-heal|p1a: Toxapex|53\/100 par|[from] item: Leftovers\n|upkeep\n|turn|61\n|inactive|Crusader11 has 30 seconds left this turn.\n|\n|t:|1700812509\n|switch|p1a: Gengar|Gengar, F|81\/100 par\n|move|p2a: Blissey|Seismic Toss|p1a: Gengar\n|-immune|p1a: Gengar\n|\n|-heal|p2a: Blissey|95\/100|[from] item: Leftovers\n|upkeep\n|turn|62\n|inactive|Crusader11 has 30 seconds left.\n|\n|t:|1700812522\n|cant|p1a: Gengar|par\n|move|p2a: Blissey|Thunder Wave|p1a: Gengar\n|-fail|p1a: Gengar|par\n|\n|-heal|p2a: Blissey|100\/100|[from] item: Leftovers\n|upkeep\n|turn|63\n|\n|t:|1700812541\n|move|p1a: Gengar|Sludge Bomb|p2a: Blissey\n|-damage|p2a: Blissey|76\/100\n|move|p2a: Blissey|Thunder Wave|p1a: Gengar\n|-fail|p1a: Gengar|par\n|\n|-heal|p2a: Blissey|83\/100|[from] item: Leftovers\n|upkeep\n|turn|64\n|\n|t:|1700812549\n|move|p1a: Gengar|Sludge Bomb|p2a: Blissey\n|-damage|p2a: Blissey|59\/100\n|move|p2a: Blissey|Thunder Wave|p1a: Gengar|[miss]\n|-miss|p2a: Blissey|p1a: Gengar\n|\n|-heal|p2a: Blissey|66\/100|[from] item: Leftovers\n|upkeep\n|turn|65\n|\n|t:|1700812553\n|cant|p1a: Gengar|par\n|move|p2a: Blissey|Soft-Boiled|p2a: Blissey\n|-heal|p2a: Blissey|100\/100\n|\n|upkeep\n|turn|66\n|\n|t:|1700812557\n|move|p1a: Gengar|Sludge Bomb|p2a: Blissey\n|-damage|p2a: Blissey|78\/100\n|move|p2a: Blissey|Thunder Wave|p1a: Gengar\n|-fail|p1a: Gengar|par\n|\n|-heal|p2a: Blissey|84\/100|[from] item: Leftovers\n|upkeep\n|turn|67\n|\n|t:|1700812565\n|move|p1a: Gengar|Sludge Bomb|p2a: Blissey\n|-damage|p2a: Blissey|60\/100\n|move|p2a: Blissey|Thunder Wave|p1a: Gengar\n|-fail|p1a: Gengar|par\n|\n|-heal|p2a: Blissey|66\/100|[from] item: Leftovers\n|upkeep\n|turn|68\n|\n|t:|1700812575\n|move|p1a: Gengar|Sludge Bomb|p2a: Blissey\n|-damage|p2a: Blissey|42\/100\n|-status|p2a: Blissey|psn\n|move|p2a: Blissey|Seismic Toss|p1a: Gengar\n|-immune|p1a: Gengar\n|\n|-heal|p2a: Blissey|48\/100 psn|[from] item: Leftovers\n|-damage|p2a: Blissey|35\/100 psn|[from] psn\n|upkeep\n|turn|69\n|inactive|Crusader11 has 60 seconds left.\n|\n|t:|1700812593\n|switch|p1a: Corviknight|Corviknight, F|29\/100 par\n|-ability|p1a: Corviknight|Unnerve\n|move|p2a: Blissey|Soft-Boiled|p2a: Blissey\n|-heal|p2a: Blissey|85\/100 psn\n|\n|-heal|p2a: Blissey|91\/100 psn|[from] item: Leftovers\n|-damage|p2a: Blissey|79\/100 psn|[from] psn\n|upkeep\n|turn|70\n|\n|t:|1700812601\n|move|p2a: Blissey|Heal Bell|p2a: Blissey\n|-activate|p2a: Blissey|move: Heal Bell\n|-curestatus|p2a: Blissey|psn|[msg]\n|cant|p1a: Corviknight|par\n|\n|-heal|p2a: Blissey|85\/100|[from] item: Leftovers\n|upkeep\n|turn|71\n|inactive|Crusader11 has 60 seconds left.\n|\n|t:|1700812622\n|switch|p1a: Gengar|Gengar, F|81\/100 par\n|move|p2a: Blissey|Seismic Toss|p1a: Gengar\n|-immune|p1a: Gengar\n|\n|-heal|p2a: Blissey|91\/100|[from] item: Leftovers\n|upkeep\n|turn|72\n|inactive|Crusader11 has 60 seconds left.\n|\n|t:|1700812631\n|move|p1a: Gengar|Energy Ball|p2a: Blissey\n|-damage|p2a: Blissey|76\/100\n|move|p2a: Blissey|Thunder Wave|p1a: Gengar\n|-fail|p1a: Gengar|par\n|\n|-heal|p2a: Blissey|82\/100|[from] item: Leftovers\n|upkeep\n|turn|73\n|\n|t:|1700812644\n|move|p1a: Gengar|Energy Ball|p2a: Blissey\n|-damage|p2a: Blissey|66\/100\n|-unboost|p2a: Blissey|spd|1\n|move|p2a: Blissey|Thunder Wave|p1a: Gengar\n|-fail|p1a: Gengar|par\n|\n|-heal|p2a: Blissey|72\/100|[from] item: Leftovers\n|upkeep\n|turn|74\n|\n|t:|1700812651\n|move|p1a: Gengar|Energy Ball|p2a: Blissey\n|-damage|p2a: Blissey|50\/100\n|move|p2a: Blissey|Soft-Boiled|p2a: Blissey\n|-heal|p2a: Blissey|100\/100\n|\n|upkeep\n|turn|75\n|\n|t:|1700812666\n|move|p1a: Gengar|Energy Ball|p2a: Blissey\n|-damage|p2a: Blissey|75\/100\n|move|p2a: Blissey|Thunder Wave|p1a: Gengar\n|-fail|p1a: Gengar|par\n|\n|-heal|p2a: Blissey|81\/100|[from] item: Leftovers\n|upkeep\n|turn|76\n|\n|t:|1700812684\n|move|p1a: Gengar|Energy Ball|p2a: Blissey\n|-damage|p2a: Blissey|58\/100\n|move|p2a: Blissey|Thunder Wave|p1a: Gengar\n|-fail|p1a: Gengar|par\n|\n|-heal|p2a: Blissey|64\/100|[from] item: Leftovers\n|upkeep\n|turn|77\n|\n|t:|1700812693\n|move|p1a: Gengar|Energy Ball|p2a: Blissey\n|-damage|p2a: Blissey|39\/100\n|move|p2a: Blissey|Soft-Boiled|p2a: Blissey\n|-heal|p2a: Blissey|89\/100\n|\n|-heal|p2a: Blissey|95\/100|[from] item: Leftovers\n|upkeep\n|turn|78\n|\n|t:|1700812703\n|switch|p1a: Toxapex|Toxapex, F|87\/100 par\n|move|p2a: Blissey|Thunder Wave|p1a: Toxapex\n|-fail|p1a: Toxapex|par\n|\n|-heal|p2a: Blissey|100\/100|[from] item: Leftovers\n|-heal|p1a: Toxapex|93\/100 par|[from] item: Leftovers\n|upkeep\n|turn|79\n|\n|t:|1700812707\n|move|p2a: Blissey|Seismic Toss|p1a: Toxapex\n|-damage|p1a: Toxapex|60\/100 par\n|move|p1a: Toxapex|Ice Beam|p2a: Blissey\n|-crit|p2a: Blissey\n|-damage|p2a: Blissey|93\/100\n|\n|-heal|p2a: Blissey|99\/100|[from] item: Leftovers\n|-heal|p1a: Toxapex|66\/100 par|[from] item: Leftovers\n|upkeep\n|turn|80\n|inactive|Crusader11 has 90 seconds left.\n|\n|t:|1700812717\n|move|p1a: Toxapex|Baneful Bunker|p1a: Toxapex\n|-singleturn|p1a: Toxapex|move: Protect\n|move|p2a: Blissey|Seismic Toss|p1a: Toxapex\n|-activate|p1a: Toxapex|move: Protect\n|-status|p2a: Blissey|psn\n|\n|-heal|p2a: Blissey|100\/100 psn|[from] item: Leftovers\n|-heal|p1a: Toxapex|73\/100 par|[from] item: Leftovers\n|-damage|p2a: Blissey|88\/100 psn|[from] psn\n|upkeep\n|turn|81\n|inactive|Crusader11 has 90 seconds left.\n|\n|t:|1700812732\n|switch|p1a: Gengar|Gengar, F|81\/100 par\n|move|p2a: Blissey|Seismic Toss|p1a: Gengar\n|-immune|p1a: Gengar\n|\n|-heal|p2a: Blissey|94\/100 psn|[from] item: Leftovers\n|-damage|p2a: Blissey|82\/100 psn|[from] psn\n|upkeep\n|turn|82\n|inactive|Crusader11 has 90 seconds left.\n|\n|t:|1700812743\n|move|p1a: Gengar|Sludge Bomb|p2a: Blissey\n|-damage|p2a: Blissey|46\/100 psn\n|move|p2a: Blissey|Heal Bell|p2a: Blissey\n|-activate|p2a: Blissey|move: Heal Bell\n|-curestatus|p2a: Blissey|psn|[msg]\n|\n|-heal|p2a: Blissey|52\/100|[from] item: Leftovers\n|upkeep\n|turn|83\n|\n|t:|1700812753\n|cant|p1a: Gengar|par\n|move|p2a: Blissey|Soft-Boiled|p2a: Blissey\n|-heal|p2a: Blissey|100\/100\n|\n|upkeep\n|turn|84\n|inactive|Crusader11 has 90 seconds left.\n|\n|t:|1700812768\n|move|p1a: Gengar|Sludge Bomb|p2a: Blissey\n|-damage|p2a: Blissey|68\/100\n|move|p2a: Blissey|Seismic Toss|p1a: Gengar\n|-immune|p1a: Gengar\n|\n|-heal|p2a: Blissey|74\/100|[from] item: Leftovers\n|upkeep\n|turn|85\n|\n|t:|1700812774\n|move|p1a: Gengar|Sludge Bomb|p2a: Blissey\n|-damage|p2a: Blissey|39\/100\n|move|p2a: Blissey|Seismic Toss|p1a: Gengar\n|-immune|p1a: Gengar\n|\n|-heal|p2a: Blissey|45\/100|[from] item: Leftovers\n|upkeep\n|turn|86\n|\n|t:|1700812779\n|move|p1a: Gengar|Sludge Bomb|p2a: Blissey\n|-damage|p2a: Blissey|8\/100\n|move|p2a: Blissey|Soft-Boiled|p2a: Blissey\n|-heal|p2a: Blissey|58\/100\n|\n|-heal|p2a: Blissey|64\/100|[from] item: Leftovers\n|upkeep\n|turn|87\n|inactive|Crusader11 has 90 seconds left.\n|\n|t:|1700812794\n|switch|p1a: Toxapex|Toxapex, F|100\/100 par\n|move|p2a: Blissey|Soft-Boiled|p2a: Blissey\n|-heal|p2a: Blissey|100\/100\n|\n|upkeep\n|turn|88\n|inactive|Crusader11 has 90 seconds left.\n|\n|t:|1700812801\n|cant|p1a: Toxapex|par\n|move|p2a: Blissey|Seismic Toss|p1a: Toxapex\n|-damage|p1a: Toxapex|68\/100 par\n|\n|-heal|p1a: Toxapex|74\/100 par|[from] item: Leftovers\n|upkeep\n|turn|89\n|\n|t:|1700812804\n|move|p1a: Toxapex|Baneful Bunker|p1a: Toxapex\n|-singleturn|p1a: Toxapex|move: Protect\n|move|p2a: Blissey|Seismic Toss|p1a: Toxapex\n|-activate|p1a: Toxapex|move: Protect\n|-status|p2a: Blissey|psn\n|\n|-heal|p1a: Toxapex|80\/100 par|[from] item: Leftovers\n|-damage|p2a: Blissey|88\/100 psn|[from] psn\n|upkeep\n|turn|90\n|\n|t:|1700812814\n|-curestatus|p2a: Blissey|psn|[from] ability: Natural Cure\n|switch|p2a: Rillaboom|Rillaboom, M, tera:Grass|19\/100\n|-status|p2a: Rillaboom|tox\n|-fieldstart|move: Grassy Terrain|[from] ability: Grassy Surge|[of] p2a: Rillaboom\n|switch|p1a: Gengar|Gengar, F|81\/100 par\n|\n|-heal|p2a: Rillaboom|25\/100 tox|[from] Grassy Terrain\n|-heal|p1a: Gengar|88\/100 par|[from] Grassy Terrain\n|-damage|p2a: Rillaboom|19\/100 tox|[from] psn\n|upkeep\n|turn|91\n|inactive|Crusader11 has 90 seconds left.\n|\n|t:|1700812842\n|switch|p1a: Corviknight|Corviknight, F|29\/100 par\n|-ability|p1a: Corviknight|Unnerve\n|move|p2a: Rillaboom|Knock Off|p1a: Corviknight\n|-damage|p1a: Corviknight|1\/100 par\n|\n|-heal|p2a: Rillaboom|25\/100 tox|[from] Grassy Terrain\n|-damage|p2a: Rillaboom|13\/100 tox|[from] psn\n|upkeep\n|turn|92\n|\n|t:|1700812855\n|switch|p2a: Blissey|Blissey, F|88\/100\n|-status|p2a: Blissey|tox\n|cant|p1a: Corviknight|par\n|\n|-heal|p2a: Blissey|94\/100 tox|[from] Grassy Terrain\n|-heal|p2a: Blissey|99\/100 tox|[from] item: Leftovers\n|-damage|p2a: Blissey|94\/100 tox|[from] psn\n|upkeep\n|turn|93\n|inactive|Crusader11 has 60 seconds left.\n|\n|t:|1700812887\n|move|p2a: Blissey|Heal Bell|p2a: Blissey\n|-activate|p2a: Blissey|move: Heal Bell\n|-curestatus|p2a: Blissey|tox|[msg]\n|-curestatus|p2: Rillaboom|tox|[msg]\n|cant|p1a: Corviknight|par\n|\n|-heal|p2a: Blissey|99\/100|[from] Grassy Terrain\n|-heal|p2a: Blissey|100\/100|[from] item: Leftovers\n|upkeep\n|turn|94\n|\n|t:|1700812898\n|switch|p1a: Gengar|Gengar, F|88\/100 par\n|move|p2a: Blissey|Seismic Toss|p1a: Gengar\n|-immune|p1a: Gengar\n|\n|-heal|p1a: Gengar|94\/100 par|[from] Grassy Terrain\n|-fieldend|move: Grassy Terrain\n|upkeep\n|turn|95\n|\n|t:|1700812911\n|move|p1a: Gengar|Energy Ball|p2a: Blissey\n|-damage|p2a: Blissey|86\/100\n|move|p2a: Blissey|Thunder Wave|p1a: Gengar\n|-fail|p1a: Gengar|par\n|\n|-heal|p2a: Blissey|92\/100|[from] item: Leftovers\n|upkeep\n|turn|96\n|\n|t:|1700812921\n|move|p1a: Gengar|Energy Ball|p2a: Blissey\n|-damage|p2a: Blissey|76\/100\n|move|p2a: Blissey|Thunder Wave|p1a: Gengar\n|-fail|p1a: Gengar|par\n|\n|-heal|p2a: Blissey|82\/100|[from] item: Leftovers\n|upkeep\n|turn|97\n|\n|t:|1700812925\n|move|p1a: Gengar|Energy Ball|p2a: Blissey\n|-damage|p2a: Blissey|67\/100\n|move|p2a: Blissey|Thunder Wave|p1a: Gengar\n|-fail|p1a: Gengar|par\n|\n|-heal|p2a: Blissey|73\/100|[from] item: Leftovers\n|upkeep\n|turn|98\n|\n|t:|1700812929\n|move|p1a: Gengar|Energy Ball|p2a: Blissey\n|-damage|p2a: Blissey|58\/100\n|move|p2a: Blissey|Thunder Wave|p1a: Gengar\n|-fail|p1a: Gengar|par\n|\n|-heal|p2a: Blissey|64\/100|[from] item: Leftovers\n|upkeep\n|turn|99\n|\n|t:|1700812934\n|cant|p1a: Gengar|par\n|move|p2a: Blissey|Thunder Wave|p1a: Gengar\n|-fail|p1a: Gengar|par\n|\n|-heal|p2a: Blissey|70\/100|[from] item: Leftovers\n|upkeep\n|turn|100\n|\n|t:|1700812941\n|move|p1a: Gengar|Energy Ball|p2a: Blissey\n|-damage|p2a: Blissey|54\/100\n|move|p2a: Blissey|Thunder Wave|p1a: Gengar\n|-fail|p1a: Gengar|par\n|\n|-heal|p2a: Blissey|60\/100|[from] item: Leftovers\n|upkeep\n|turn|101\n|\n|t:|1700812947\n|move|p1a: Gengar|Energy Ball|p2a: Blissey\n|-damage|p2a: Blissey|43\/100\n|move|p2a: Blissey|Thunder Wave|p1a: Gengar\n|-fail|p1a: Gengar|par\n|\n|-heal|p2a: Blissey|49\/100|[from] item: Leftovers\n|upkeep\n|turn|102\n|\n|t:|1700812956\n|move|p1a: Gengar|Energy Ball|p2a: Blissey\n|-damage|p2a: Blissey|32\/100\n|move|p2a: Blissey|Thunder Wave|p1a: Gengar\n|-fail|p1a: Gengar|par\n|\n|-heal|p2a: Blissey|38\/100|[from] item: Leftovers\n|upkeep\n|turn|103\n|\n|t:|1700812961\n|cant|p1a: Gengar|par\n|move|p2a: Blissey|Thunder Wave|p1a: Gengar\n|-fail|p1a: Gengar|par\n|\n|-heal|p2a: Blissey|44\/100|[from] item: Leftovers\n|upkeep\n|turn|104\n|\n|t:|1700812966\n|move|p1a: Gengar|Energy Ball|p2a: Blissey\n|-damage|p2a: Blissey|29\/100\n|move|p2a: Blissey|Seismic Toss|p1a: Gengar\n|-immune|p1a: Gengar\n|\n|-heal|p2a: Blissey|35\/100|[from] item: Leftovers\n|upkeep\n|turn|105\n|inactive|Crusader11 has 60 seconds left.\n|\n|t:|1700812974\n|move|p1a: Gengar|Energy Ball|p2a: Blissey\n|-damage|p2a: Blissey|18\/100\n|move|p2a: Blissey|Seismic Toss|p1a: Gengar\n|-immune|p1a: Gengar\n|\n|-heal|p2a: Blissey|25\/100|[from] item: Leftovers\n|upkeep\n|turn|106\n|inactive|Crusader11 has 60 seconds left.\n|\n|t:|1700812986\n|switch|p1a: Toxapex|Toxapex, F|100\/100 par\n|move|p2a: Blissey|Seismic Toss|p1a: Toxapex\n|-damage|p1a: Toxapex|68\/100 par\n|\n|-heal|p2a: Blissey|31\/100|[from] item: Leftovers\n|-heal|p1a: Toxapex|74\/100 par|[from] item: Leftovers\n|upkeep\n|turn|107\n|\n|t:|1700812997\n|move|p2a: Blissey|Seismic Toss|p1a: Toxapex\n|-damage|p1a: Toxapex|41\/100 par\n|cant|p1a: Toxapex|par\n|\n|-heal|p2a: Blissey|37\/100|[from] item: Leftovers\n|-heal|p1a: Toxapex|47\/100 par|[from] item: Leftovers\n|upkeep\n|turn|108\n|\n|t:|1700813001\n|move|p1a: Toxapex|Baneful Bunker|p1a: Toxapex\n|-singleturn|p1a: Toxapex|move: Protect\n|move|p2a: Blissey|Seismic Toss|p1a: Toxapex\n|-activate|p1a: Toxapex|move: Protect\n|-status|p2a: Blissey|psn\n|\n|-heal|p2a: Blissey|43\/100 psn|[from] item: Leftovers\n|-heal|p1a: Toxapex|53\/100 par|[from] item: Leftovers\n|-damage|p2a: Blissey|31\/100 psn|[from] psn\n|upkeep\n|turn|109\n|\n|t:|1700813016\n|move|p2a: Blissey|Heal Bell|p2a: Blissey\n|-activate|p2a: Blissey|move: Heal Bell\n|-curestatus|p2a: Blissey|psn|[msg]\n|cant|p1a: Toxapex|par\n|\n|-heal|p2a: Blissey|37\/100|[from] item: Leftovers\n|-heal|p1a: Toxapex|60\/100 par|[from] item: Leftovers\n|upkeep\n|turn|110\n|\n|t:|1700813022\n|move|p1a: Toxapex|Baneful Bunker|p1a: Toxapex\n|-singleturn|p1a: Toxapex|move: Protect\n|move|p2a: Blissey|Thunder Wave|p1a: Toxapex\n|-activate|p1a: Toxapex|move: Protect\n|\n|-heal|p2a: Blissey|43\/100|[from] item: Leftovers\n|-heal|p1a: Toxapex|66\/100 par|[from] item: Leftovers\n|upkeep\n|turn|111\n|\n|t:|1700813027\n|move|p1a: Toxapex|Baneful Bunker||[still]\n|-fail|p1a: Toxapex\n|move|p2a: Blissey|Seismic Toss|p1a: Toxapex\n|-damage|p1a: Toxapex|33\/100 par\n|\n|-heal|p2a: Blissey|49\/100|[from] item: Leftovers\n|-heal|p1a: Toxapex|39\/100 par|[from] item: Leftovers\n|upkeep\n|turn|112\n|\n|t:|1700813039\n|switch|p1a: Gengar|Gengar, F|94\/100 par\n|move|p2a: Blissey|Thunder Wave|p1a: Gengar|[miss]\n|-miss|p2a: Blissey|p1a: Gengar\n|\n|-heal|p2a: Blissey|55\/100|[from] item: Leftovers\n|upkeep\n|turn|113\n|\n|t:|1700813043\n|cant|p1a: Gengar|par\n|move|p2a: Blissey|Thunder Wave|p1a: Gengar\n|-fail|p1a: Gengar|par\n|\n|-heal|p2a: Blissey|61\/100|[from] item: Leftovers\n|upkeep\n|turn|114\n|\n|t:|1700813051\n|cant|p1a: Gengar|par\n|move|p2a: Blissey|Thunder Wave|p1a: Gengar\n|-fail|p1a: Gengar|par\n|\n|-heal|p2a: Blissey|67\/100|[from] item: Leftovers\n|upkeep\n|turn|115\n|\n|t:|1700813055\n|move|p1a: Gengar|Sludge Bomb|p2a: Blissey\n|-damage|p2a: Blissey|45\/100\n|move|p2a: Blissey|Thunder Wave|p1a: Gengar\n|-fail|p1a: Gengar|par\n|\n|-heal|p2a: Blissey|51\/100|[from] item: Leftovers\n|upkeep\n|turn|116\n|\n|t:|1700813059\n|cant|p1a: Gengar|par\n|move|p2a: Blissey|Thunder Wave|p1a: Gengar\n|-fail|p1a: Gengar|par\n|\n|-heal|p2a: Blissey|58\/100|[from] item: Leftovers\n|upkeep\n|turn|117\n|\n|t:|1700813062\n|move|p1a: Gengar|Sludge Bomb|p2a: Blissey\n|-damage|p2a: Blissey|34\/100\n|move|p2a: Blissey|Thunder Wave|p1a: Gengar\n|-fail|p1a: Gengar|par\n|\n|-heal|p2a: Blissey|40\/100|[from] item: Leftovers\n|upkeep\n|turn|118\n|\n|t:|1700813066\n|move|p1a: Gengar|Sludge Bomb|p2a: Blissey\n|-damage|p2a: Blissey|16\/100\n|move|p2a: Blissey|Thunder Wave|p1a: Gengar|[miss]\n|-miss|p2a: Blissey|p1a: Gengar\n|\n|-heal|p2a: Blissey|22\/100|[from] item: Leftovers\n|upkeep\n|turn|119\n|\n|t:|1700813080\n|switch|p1a: Corviknight|Corviknight, F|1\/100 par\n|-ability|p1a: Corviknight|Unnerve\n|move|p2a: Blissey|Thunder Wave|p1a: Corviknight\n|-fail|p1a: Corviknight|par\n|\n|-heal|p2a: Blissey|28\/100|[from] item: Leftovers\n|upkeep\n|turn|120\n|\n|t:|1700813090\n|move|p2a: Blissey|Seismic Toss|p1a: Corviknight\n|-damage|p1a: Corviknight|0 fnt\n|faint|p1a: Corviknight\n|\n|-heal|p2a: Blissey|34\/100|[from] item: Leftovers\n|upkeep\n|\n|t:|1700813093\n|switch|p1a: Gengar|Gengar, F|94\/100 par\n|turn|121\n|\n|t:|1700813099\n|move|p1a: Gengar|Thunderbolt|p2a: Blissey\n|-damage|p2a: Blissey|18\/100\n|move|p2a: Blissey|Seismic Toss|p1a: Gengar\n|-immune|p1a: Gengar\n|\n|-heal|p2a: Blissey|24\/100|[from] item: Leftovers\n|upkeep\n|turn|122\n|\n|t:|1700813108\n|move|p1a: Gengar|Thunderbolt|p2a: Blissey\n|-damage|p2a: Blissey|8\/100\n|move|p2a: Blissey|Seismic Toss|p1a: Gengar\n|-immune|p1a: Gengar\n|\n|-heal|p2a: Blissey|14\/100|[from] item: Leftovers\n|upkeep\n|turn|123\n|\n|t:|1700813111\n|move|p1a: Gengar|Thunderbolt|p2a: Blissey\n|-damage|p2a: Blissey|0 fnt\n|faint|p2a: Blissey\n|\n|upkeep\n|\n|t:|1700813113\n|switch|p2a: Rillaboom|Rillaboom, M, tera:Grass|13\/100\n|-status|p2a: Rillaboom|tox\n|-fieldstart|move: Grassy Terrain|[from] ability: Grassy Surge|[of] p2a: Rillaboom\n|turn|124\n|inactive|Crusader11 has 90 seconds left.\n|\n|t:|1700813124\n|-terastallize|p1a: Gengar|Fairy\n|move|p2a: Rillaboom|Knock Off|p1a: Gengar\n|-resisted|p1a: Gengar\n|-damage|p1a: Gengar|41\/100 par\n|-enditem|p1a: Gengar|Choice Specs|[from] move: Knock Off|[of] p2a: Rillaboom\n|move|p1a: Gengar|Thunderbolt|p2a: Rillaboom\n|-resisted|p2a: Rillaboom\n|-damage|p2a: Rillaboom|0 fnt\n|faint|p2a: Rillaboom\n|\n|win|Crusader11\n|raw|Crusader11's rating: 1142 &rarr; <strong>1164<\/strong><br \/>(+22 for winning)\n|raw|Pineapple Boiz's rating: 1098 &rarr; <strong>1076<\/strong><br \/>(-22 for losing)\n|c|\u2606Pineapple Boiz|wow\n|c|\u2606Pineapple Boiz|gg\n|c|\u2606Pineapple Boiz|Long ass game\n|c|\u2606Crusader11|Gg\n|c|\u2606Crusader11|great game\n|l|\u2606Crusader11\n|l|\u2606Pineapple Boiz\n|j|\u2606Pineapple Boiz\n|player|p2|Pineapple Boiz|swimmer-gen4dp\n|l|\u2606Pineapple Boiz\n|player|p2|\n|j|\u2606Pineapple Boiz\n|player|p2|Pineapple Boiz|swimmer-gen4dp\n|l|\u2606Pineapple Boiz\n|player|p2|\n|j|\u2606Pineapple Boiz\n|player|p2|Pineapple Boiz|swimmer-gen4dp\n","uploadtime":1700813565,"views":3,"p1id":"crusader11","p2id":"pineappleboiz","formatid":"gen9ou","rating":1076,"private":0,"password":""}