{"id":"gen9ou-1989042776","p1":"Thefatguinea","p2":"goon#265","format":"[Gen 9] OU","log":"|j|\u203dThefatguinea\n|j|\u2606goon#265\n|t:|1699805741\n|gametype|singles\n|player|p1|Thefatguinea|linebacker|1266\n|player|p2|goon#265|rocketgrunt|1163\n|teamsize|p1|6\n|teamsize|p2|6\n|gen|9\n|tier|[Gen 9] OU\n|rated|\n|rule|Sleep Clause Mod: Limit one foe put to sleep\n|rule|Species Clause: Limit one of each Pok\u00e9mon\n|rule|OHKO Clause: OHKO moves are banned\n|rule|Evasion Items Clause: Evasion items are banned\n|rule|Evasion Moves Clause: Evasion moves are banned\n|rule|Endless Battle Clause: Forcing endless battles is banned\n|rule|HP Percentage Mod: HP is shown in percentages\n|clearpoke\n|poke|p1|Zapdos-Galar|\n|poke|p1|Ceruledge, F|\n|poke|p1|Manaphy|\n|poke|p1|Lokix, M|\n|poke|p1|Weezing-Galar, F|\n|poke|p1|Clodsire, F|\n|poke|p2|Rillaboom, F|\n|poke|p2|Kingambit, M|\n|poke|p2|Sneasler, M|\n|poke|p2|Dondozo, M|\n|poke|p2|Weezing-Galar, M|\n|poke|p2|Garchomp, M|\n|teampreview\n|inactive|Battle timer is ON: inactive players will automatically lose when time's up. (requested by goon#265)\n|inactive|goon#265 has 120 seconds left.\n|\n|t:|1699805774\n|start\n|switch|p1a: Manaphy|Manaphy|100\/100\n|switch|p2a: Rillaboom|Rillaboom, F|100\/100\n|-fieldstart|move: Grassy Terrain|[from] ability: Grassy Surge|[of] p2a: Rillaboom\n|turn|1\n|\n|t:|1699805783\n|switch|p1a: Weezing|Weezing-Galar, F|100\/100\n|move|p2a: Rillaboom|Wood Hammer|p1a: Weezing\n|-resisted|p1a: Weezing\n|-damage|p1a: Weezing|69\/100\n|-damage|p2a: Rillaboom|84\/100|[from] item: Rocky Helmet|[of] p1a: Weezing\n|-damage|p2a: Rillaboom|76\/100|[from] Recoil\n|\n|-heal|p2a: Rillaboom|82\/100|[from] Grassy Terrain\n|upkeep\n|turn|2\n|\n|t:|1699805797\n|switch|p2a: Weezing|Weezing-Galar, M, shiny|100\/100\n|-ability|p2a: Weezing|Neutralizing Gas\n|move|p1a: Weezing|Will-O-Wisp|p2a: Weezing|[miss]\n|-miss|p1a: Weezing|p2a: Weezing\n|\n|-heal|p1a: Weezing|75\/100|[from] Grassy Terrain\n|upkeep\n|turn|3\n|\n|t:|1699805806\n|switch|p1a: Clodsire|Clodsire, F|100\/100\n|move|p2a: Weezing|Will-O-Wisp|p1a: Clodsire\n|-status|p1a: Clodsire|brn\n|\n|-damage|p1a: Clodsire|94\/100 brn|[from] brn\n|upkeep\n|turn|4\n|\n|t:|1699805835\n|-end|p2a: Weezing|ability: Neutralizing Gas\n|switch|p2a: Kingambit|Kingambit, M, shiny|100\/100\n|move|p1a: Clodsire|Stealth Rock|p2a: Kingambit\n|-sidestart|p2: goon#265|move: Stealth Rock\n|\n|-heal|p1a: Clodsire|100\/100 brn|[from] Grassy Terrain\n|-damage|p1a: Clodsire|94\/100 brn|[from] brn\n|upkeep\n|turn|5\n|\n|t:|1699805852\n|move|p2a: Kingambit|Iron Head|p1a: Clodsire\n|-damage|p1a: Clodsire|52\/100 brn\n|cant|p1a: Clodsire|flinch\n|\n|-heal|p1a: Clodsire|58\/100 brn|[from] Grassy Terrain\n|-heal|p1a: Clodsire|64\/100 brn|[from] item: Leftovers\n|-damage|p1a: Clodsire|58\/100 brn|[from] brn\n|upkeep\n|turn|6\n|\n|t:|1699805864\n|move|p2a: Kingambit|Kowtow Cleave|p1a: Clodsire\n|-damage|p1a: Clodsire|14\/100 brn\n|move|p1a: Clodsire|Recover|p1a: Clodsire\n|-heal|p1a: Clodsire|64\/100 brn\n|\n|-heal|p1a: Clodsire|70\/100 brn|[from] Grassy Terrain\n|-heal|p1a: Clodsire|76\/100 brn|[from] item: Leftovers\n|-damage|p1a: Clodsire|70\/100 brn|[from] brn\n|upkeep\n|turn|7\n|\n|t:|1699805874\n|move|p2a: Kingambit|Iron Head|p1a: Clodsire\n|-damage|p1a: Clodsire|34\/100 brn\n|move|p1a: Clodsire|Recover|p1a: Clodsire\n|-heal|p1a: Clodsire|84\/100 brn\n|\n|-heal|p1a: Clodsire|90\/100 brn|[from] Grassy Terrain\n|-heal|p1a: Clodsire|96\/100 brn|[from] item: Leftovers\n|-damage|p1a: Clodsire|90\/100 brn|[from] brn\n|upkeep\n|turn|8\n|\n|t:|1699805893\n|move|p2a: Kingambit|Kowtow Cleave|p1a: Clodsire\n|-damage|p1a: Clodsire|46\/100 brn\n|move|p1a: Clodsire|Earthquake|p2a: Kingambit\n|-supereffective|p2a: Kingambit\n|-damage|p2a: Kingambit|91\/100\n|\n|-heal|p2a: Kingambit|97\/100|[from] Grassy Terrain\n|-heal|p2a: Kingambit|100\/100|[from] item: Leftovers\n|-heal|p1a: Clodsire|52\/100 brn|[from] Grassy Terrain\n|-heal|p1a: Clodsire|58\/100 brn|[from] item: Leftovers\n|-damage|p1a: Clodsire|52\/100 brn|[from] brn\n|-fieldend|move: Grassy Terrain\n|upkeep\n|turn|9\n|\n|t:|1699805908\n|move|p2a: Kingambit|Kowtow Cleave|p1a: Clodsire\n|-damage|p1a: Clodsire|12\/100 brn\n|move|p1a: Clodsire|Recover|p1a: Clodsire\n|-heal|p1a: Clodsire|62\/100 brn\n|\n|-heal|p1a: Clodsire|68\/100 brn|[from] item: Leftovers\n|-damage|p1a: Clodsire|62\/100 brn|[from] brn\n|upkeep\n|turn|10\n|\n|t:|1699805917\n|move|p2a: Kingambit|Iron Head|p1a: Clodsire\n|-damage|p1a: Clodsire|25\/100 brn\n|move|p1a: Clodsire|Recover|p1a: Clodsire\n|-heal|p1a: Clodsire|75\/100 brn\n|\n|-heal|p1a: Clodsire|81\/100 brn|[from] item: Leftovers\n|-damage|p1a: Clodsire|75\/100 brn|[from] brn\n|upkeep\n|turn|11\n|\n|t:|1699805935\n|move|p2a: Kingambit|Kowtow Cleave|p1a: Clodsire\n|-damage|p1a: Clodsire|30\/100 brn\n|move|p1a: Clodsire|Earthquake|p2a: Kingambit\n|-supereffective|p2a: Kingambit\n|-damage|p2a: Kingambit|80\/100\n|\n|-heal|p2a: Kingambit|87\/100|[from] item: Leftovers\n|-heal|p1a: Clodsire|36\/100 brn|[from] item: Leftovers\n|-damage|p1a: Clodsire|30\/100 brn|[from] brn\n|upkeep\n|turn|12\n|\n|t:|1699805947\n|switch|p1a: Zapdos|Zapdos-Galar|100\/100\n|move|p2a: Kingambit|Iron Head|p1a: Zapdos\n|-damage|p1a: Zapdos|59\/100\n|\n|-heal|p1a: Zapdos|66\/100|[from] item: Leftovers\n|-heal|p2a: Kingambit|93\/100|[from] item: Leftovers\n|upkeep\n|turn|13\n|\n|t:|1699805958\n|move|p1a: Zapdos|Protect|p1a: Zapdos\n|-singleturn|p1a: Zapdos|Protect\n|move|p2a: Kingambit|Protect||[still]\n|-fail|p2a: Kingambit\n|\n|-heal|p1a: Zapdos|72\/100|[from] item: Leftovers\n|-heal|p2a: Kingambit|99\/100|[from] item: Leftovers\n|upkeep\n|turn|14\n|\n|t:|1699805983\n|-end|p2a: Kingambit|fallenundefined|[silent]\n|switch|p2a: Weezing|Weezing-Galar, M, shiny|100\/100\n|-ability|p2a: Weezing|Neutralizing Gas\n|move|p1a: Zapdos|Thunderous Kick|p2a: Weezing\n|-resisted|p2a: Weezing\n|-damage|p2a: Weezing|91\/100\n|-unboost|p2a: Weezing|def|1\n|\n|-heal|p1a: Zapdos|78\/100|[from] item: Leftovers\n|upkeep\n|turn|15\n|\n|t:|1699805995\n|move|p1a: Zapdos|U-turn|p2a: Weezing\n|-resisted|p2a: Weezing\n|-damage|p2a: Weezing|83\/100\n|\n|t:|1699805998\n|switch|p1a: Clodsire|Clodsire, F|30\/100 brn|[from] U-turn\n|move|p2a: Weezing|Will-O-Wisp|p1a: Clodsire\n|-fail|p1a: Clodsire|brn\n|\n|-heal|p1a: Clodsire|36\/100 brn|[from] item: Leftovers\n|-damage|p1a: Clodsire|30\/100 brn|[from] brn\n|upkeep\n|turn|16\n|\n|t:|1699806009\n|move|p2a: Weezing|Defog|p1a: Clodsire\n|-unboost|p1a: Clodsire|evasion|1\n|-sideend|p2: goon#265|Stealth Rock|[from] move: Defog|[of] p2a: Weezing\n|move|p1a: Clodsire|Recover|p1a: Clodsire\n|-heal|p1a: Clodsire|80\/100 brn\n|\n|-heal|p1a: Clodsire|86\/100 brn|[from] item: Leftovers\n|-damage|p1a: Clodsire|80\/100 brn|[from] brn\n|upkeep\n|turn|17\n|\n|t:|1699806021\n|-end|p2a: Weezing|ability: Neutralizing Gas\n|switch|p2a: Rillaboom|Rillaboom, F|82\/100\n|-fieldstart|move: Grassy Terrain|[from] ability: Grassy Surge|[of] p2a: Rillaboom\n|move|p1a: Clodsire|Stealth Rock|p2a: Rillaboom\n|-sidestart|p2: goon#265|move: Stealth Rock\n|\n|-heal|p2a: Rillaboom|88\/100|[from] Grassy Terrain\n|-heal|p1a: Clodsire|86\/100 brn|[from] Grassy Terrain\n|-heal|p1a: Clodsire|93\/100 brn|[from] item: Leftovers\n|-damage|p1a: Clodsire|86\/100 brn|[from] brn\n|upkeep\n|turn|18\n|\n|t:|1699806035\n|switch|p1a: Weezing|Weezing-Galar, F|75\/100\n|move|p2a: Rillaboom|Knock Off|p1a: Weezing\n|-resisted|p1a: Weezing\n|-damage|p1a: Weezing|60\/100\n|-damage|p2a: Rillaboom|72\/100|[from] item: Rocky Helmet|[of] p1a: Weezing\n|-enditem|p1a: Weezing|Rocky Helmet|[from] move: Knock Off|[of] p2a: Rillaboom\n|\n|-heal|p2a: Rillaboom|78\/100|[from] Grassy Terrain\n|upkeep\n|turn|19\n|\n|t:|1699806048\n|move|p2a: Rillaboom|U-turn|p1a: Weezing\n|-resisted|p1a: Weezing\n|-damage|p1a: Weezing|55\/100\n|\n|t:|1699806056\n|switch|p2a: Weezing|Weezing-Galar, M, shiny|83\/100|[from] U-turn\n|-ability|p2a: Weezing|Neutralizing Gas\n|move|p1a: Weezing|Will-O-Wisp|p2a: Weezing\n|-status|p2a: Weezing|brn\n|\n|-heal|p1a: Weezing|62\/100|[from] Grassy Terrain\n|-heal|p2a: Weezing|89\/100 brn|[from] Grassy Terrain\n|-damage|p2a: Weezing|83\/100 brn|[from] brn\n|upkeep\n|turn|20\n|\n|t:|1699806073\n|switch|p1a: Clodsire|Clodsire, F|86\/100 brn\n|move|p2a: Weezing|Will-O-Wisp|p1a: Clodsire\n|-fail|p1a: Clodsire|brn\n|\n|-heal|p2a: Weezing|89\/100 brn|[from] Grassy Terrain\n|-heal|p1a: Clodsire|93\/100 brn|[from] Grassy Terrain\n|-heal|p1a: Clodsire|99\/100 brn|[from] item: Leftovers\n|-damage|p2a: Weezing|83\/100 brn|[from] brn\n|-damage|p1a: Clodsire|93\/100 brn|[from] brn\n|upkeep\n|turn|21\n|\n|t:|1699806086\n|-end|p2a: Weezing|ability: Neutralizing Gas\n|switch|p2a: Kingambit|Kingambit, M, shiny|99\/100\n|-damage|p2a: Kingambit|93\/100|[from] Stealth Rock\n|move|p1a: Clodsire|Earthquake|p2a: Kingambit\n|-supereffective|p2a: Kingambit\n|-damage|p2a: Kingambit|82\/100\n|\n|-heal|p2a: Kingambit|88\/100|[from] Grassy Terrain\n|-heal|p2a: Kingambit|95\/100|[from] item: Leftovers\n|-heal|p1a: Clodsire|99\/100 brn|[from] Grassy Terrain\n|-heal|p1a: Clodsire|100\/100 brn|[from] item: Leftovers\n|-damage|p1a: Clodsire|94\/100 brn|[from] brn\n|upkeep\n|turn|22\n|inactive|goon#265 has 120 seconds left.\n|\n|t:|1699806102\n|switch|p1a: Zapdos|Zapdos-Galar|78\/100\n|move|p2a: Kingambit|Swords Dance|p2a: Kingambit\n|-boost|p2a: Kingambit|atk|2\n|\n|-heal|p1a: Zapdos|84\/100|[from] item: Leftovers\n|-heal|p2a: Kingambit|100\/100|[from] Grassy Terrain\n|upkeep\n|turn|23\n|\n|t:|1699806111\n|move|p2a: Kingambit|Protect|p2a: Kingambit\n|-singleturn|p2a: Kingambit|Protect\n|move|p1a: Zapdos|Bulk Up|p1a: Zapdos\n|-boost|p1a: Zapdos|atk|1\n|-boost|p1a: Zapdos|def|1\n|\n|-heal|p1a: Zapdos|91\/100|[from] item: Leftovers\n|upkeep\n|turn|24\n|inactive|goon#265 has 120 seconds left.\n|inactive|goon#265 has 90 seconds left.\n|\n|t:|1699806166\n|-end|p2a: Kingambit|fallenundefined|[silent]\n|switch|p2a: Dondozo|Dondozo, M, shiny|100\/100\n|move|p1a: Zapdos|Thunderous Kick|p2a: Dondozo\n|-damage|p2a: Dondozo|71\/100\n|-unboost|p2a: Dondozo|def|1\n|\n|-heal|p1a: Zapdos|97\/100|[from] item: Leftovers\n|-heal|p2a: Dondozo|77\/100|[from] Grassy Terrain\n|-fieldend|move: Grassy Terrain\n|upkeep\n|turn|25\n|inactive|goon#265 has 90 seconds left.\n|\n|t:|1699806191\n|switch|p2a: Weezing|Weezing-Galar, M, shiny|83\/100 brn\n|-ability|p2a: Weezing|Neutralizing Gas\n|move|p1a: Zapdos|Thunderous Kick|p2a: Weezing\n|-resisted|p2a: Weezing\n|-damage|p2a: Weezing|70\/100 brn\n|-unboost|p2a: Weezing|def|1\n|\n|-heal|p1a: Zapdos|100\/100|[from] item: Leftovers\n|-damage|p2a: Weezing|64\/100 brn|[from] brn\n|upkeep\n|turn|26\n|\n|t:|1699806205\n|move|p1a: Zapdos|U-turn|p2a: Weezing\n|-resisted|p2a: Weezing\n|-damage|p2a: Weezing|54\/100 brn\n|\n|t:|1699806209\n|switch|p1a: Clodsire|Clodsire, F|94\/100 brn|[from] U-turn\n|move|p2a: Weezing|Pain Split|p1a: Clodsire\n|-sethp|p1a: Clodsire|67\/100 brn|[from] move: Pain Split|[silent]\n|-sethp|p2a: Weezing|92\/100 brn|[from] move: Pain Split\n|\n|-heal|p1a: Clodsire|73\/100 brn|[from] item: Leftovers\n|-damage|p2a: Weezing|86\/100 brn|[from] brn\n|-damage|p1a: Clodsire|67\/100 brn|[from] brn\n|upkeep\n|turn|27\n|\n|t:|1699806224\n|-end|p2a: Weezing|ability: Neutralizing Gas\n|switch|p2a: Garchomp|Garchomp, M|100\/100\n|-damage|p2a: Garchomp|94\/100|[from] Stealth Rock\n|move|p1a: Clodsire|Earthquake|p2a: Garchomp\n|-damage|p2a: Garchomp|84\/100\n|\n|-heal|p2a: Garchomp|90\/100|[from] item: Leftovers\n|-heal|p1a: Clodsire|73\/100 brn|[from] item: Leftovers\n|-damage|p1a: Clodsire|67\/100 brn|[from] brn\n|upkeep\n|turn|28\n|\n|t:|1699806236\n|switch|p1a: Weezing|Weezing-Galar, F|62\/100\n|move|p2a: Garchomp|Dragon Tail|p1a: Weezing\n|-immune|p1a: Weezing\n|\n|-heal|p2a: Garchomp|96\/100|[from] item: Leftovers\n|upkeep\n|turn|29\n|\n|t:|1699806257\n|switch|p2a: Weezing|Weezing-Galar, M, shiny|86\/100 brn\n|-ability|p2a: Weezing|Neutralizing Gas\n|move|p1a: Weezing|Strange Steam|p2a: Weezing\n|-resisted|p2a: Weezing\n|-damage|p2a: Weezing|71\/100 brn\n|-start|p2a: Weezing|confusion\n|\n|-damage|p2a: Weezing|65\/100 brn|[from] brn\n|upkeep\n|turn|30\n|\n|t:|1699806270\n|switch|p1a: Manaphy|Manaphy|100\/100\n|-activate|p2a: Weezing|confusion\n|-damage|p2a: Weezing|60\/100 brn|[from] confusion\n|\n|-damage|p2a: Weezing|54\/100 brn|[from] brn\n|upkeep\n|turn|31\n|\n|t:|1699806284\n|-end|p2a: Weezing|ability: Neutralizing Gas\n|switch|p2a: Dondozo|Dondozo, M, shiny|77\/100\n|move|p1a: Manaphy|Tail Glow|p1a: Manaphy\n|-boost|p1a: Manaphy|spa|3\n|\n|upkeep\n|turn|32\n|\n|t:|1699806294\n|move|p1a: Manaphy|Tail Glow|p1a: Manaphy\n|-boost|p1a: Manaphy|spa|3\n|move|p2a: Dondozo|Rest|p2a: Dondozo\n|-status|p2a: Dondozo|slp|[from] move: Rest\n|-heal|p2a: Dondozo|100\/100 slp|[silent]\n|\n|upkeep\n|turn|33\n|\n|t:|1699806302\n|move|p1a: Manaphy|Stored Power|p2a: Dondozo\n|-damage|p2a: Dondozo|73\/100 slp\n|cant|p2a: Dondozo|slp\n|move|p2a: Dondozo|Sleep Talk|p2a: Dondozo\n|move|p2a: Dondozo|Curse|p2a: Dondozo|[from]move: Sleep Talk\n|-unboost|p2a: Dondozo|spe|1\n|-boost|p2a: Dondozo|atk|1\n|-boost|p2a: Dondozo|def|1\n|\n|upkeep\n|turn|34\n|\n|t:|1699806313\n|move|p1a: Manaphy|Stored Power|p2a: Dondozo\n|-damage|p2a: Dondozo|45\/100 slp\n|cant|p2a: Dondozo|slp\n|move|p2a: Dondozo|Sleep Talk|p2a: Dondozo\n|move|p2a: Dondozo|Liquidation|p1a: Manaphy|[from]move: Sleep Talk\n|-resisted|p1a: Manaphy\n|-damage|p1a: Manaphy|80\/100\n|-unboost|p1a: Manaphy|def|1\n|\n|-heal|p1a: Manaphy|86\/100|[from] item: Leftovers\n|upkeep\n|turn|35\n|\n|t:|1699806324\n|move|p1a: Manaphy|Stored Power|p2a: Dondozo\n|-damage|p2a: Dondozo|17\/100 slp\n|-curestatus|p2a: Dondozo|slp|[msg]\n|move|p2a: Dondozo|Rest|p2a: Dondozo\n|-status|p2a: Dondozo|slp|[from] move: Rest\n|-heal|p2a: Dondozo|100\/100 slp|[silent]\n|\n|-heal|p1a: Manaphy|93\/100|[from] item: Leftovers\n|upkeep\n|turn|36\n|\n|t:|1699806349\n|move|p1a: Manaphy|Take Heart|p1a: Manaphy\n|-boost|p1a: Manaphy|spa|0\n|-boost|p1a: Manaphy|spd|1\n|cant|p2a: Dondozo|slp\n|move|p2a: Dondozo|Sleep Talk|p2a: Dondozo\n|move|p2a: Dondozo|Rest||[from]move: Sleep Talk|[still]\n|-fail|p2a: Dondozo\n|\n|-heal|p1a: Manaphy|99\/100|[from] item: Leftovers\n|upkeep\n|turn|37\n|\n|t:|1699806358\n|move|p1a: Manaphy|Stored Power|p2a: Dondozo\n|-damage|p2a: Dondozo|70\/100 slp\n|cant|p2a: Dondozo|slp\n|move|p2a: Dondozo|Sleep Talk|p2a: Dondozo\n|move|p2a: Dondozo|Curse|p2a: Dondozo|[from]move: Sleep Talk\n|-unboost|p2a: Dondozo|spe|1\n|-boost|p2a: Dondozo|atk|1\n|-boost|p2a: Dondozo|def|1\n|\n|-heal|p1a: Manaphy|100\/100|[from] item: Leftovers\n|upkeep\n|turn|38\n|\n|t:|1699806371\n|move|p1a: Manaphy|Stored Power|p2a: Dondozo\n|-damage|p2a: Dondozo|39\/100 slp\n|-curestatus|p2a: Dondozo|slp|[msg]\n|move|p2a: Dondozo|Rest|p2a: Dondozo\n|-status|p2a: Dondozo|slp|[from] move: Rest\n|-heal|p2a: Dondozo|100\/100 slp|[silent]\n|\n|upkeep\n|turn|39\n|\n|t:|1699806381\n|move|p1a: Manaphy|Stored Power|p2a: Dondozo\n|-damage|p2a: Dondozo|67\/100 slp\n|cant|p2a: Dondozo|slp\n|\n|upkeep\n|turn|40\n|\n|t:|1699806401\n|-terastallize|p2a: Dondozo|Steel\n|move|p1a: Manaphy|Stored Power|p2a: Dondozo\n|-resisted|p2a: Dondozo\n|-damage|p2a: Dondozo|51\/100 slp\n|cant|p2a: Dondozo|slp\n|move|p2a: Dondozo|Sleep Talk|p2a: Dondozo\n|move|p2a: Dondozo|Liquidation|p1a: Manaphy|[from]move: Sleep Talk\n|-resisted|p1a: Manaphy\n|-damage|p1a: Manaphy|72\/100\n|\n|-heal|p1a: Manaphy|79\/100|[from] item: Leftovers\n|upkeep\n|turn|41\n|\n|t:|1699806416\n|switch|p1a: Zapdos|Zapdos-Galar|100\/100\n|-curestatus|p2a: Dondozo|slp|[msg]\n|move|p2a: Dondozo|Rest|p2a: Dondozo\n|-status|p2a: Dondozo|slp|[from] move: Rest\n|-heal|p2a: Dondozo|100\/100 slp|[silent]\n|\n|upkeep\n|turn|42\n|\n|t:|1699806426\n|move|p1a: Zapdos|Thunderous Kick|p2a: Dondozo\n|-supereffective|p2a: Dondozo\n|-damage|p2a: Dondozo|75\/100 slp\n|-unboost|p2a: Dondozo|def|1\n|cant|p2a: Dondozo|slp\n|move|p2a: Dondozo|Sleep Talk|p2a: Dondozo\n|move|p2a: Dondozo|Rest||[from]move: Sleep Talk|[still]\n|-fail|p2a: Dondozo\n|\n|upkeep\n|turn|43\n|\n|t:|1699806434\n|move|p1a: Zapdos|Thunderous Kick|p2a: Dondozo\n|-supereffective|p2a: Dondozo\n|-damage|p2a: Dondozo|38\/100 slp\n|-unboost|p2a: Dondozo|def|1\n|cant|p2a: Dondozo|slp\n|move|p2a: Dondozo|Sleep Talk|p2a: Dondozo\n|move|p2a: Dondozo|Curse|p2a: Dondozo|[from]move: Sleep Talk\n|-unboost|p2a: Dondozo|spe|1\n|-boost|p2a: Dondozo|atk|1\n|-boost|p2a: Dondozo|def|1\n|\n|upkeep\n|turn|44\n|\n|t:|1699806445\n|move|p1a: Zapdos|Thunderous Kick|p2a: Dondozo\n|-supereffective|p2a: Dondozo\n|-damage|p2a: Dondozo|0 fnt\n|faint|p2a: Dondozo\n|\n|upkeep\n|-message|goon#265 forfeited.\n|\n|win|Thefatguinea\n|raw|Thefatguinea's rating: 1266 &rarr; <strong>1284<\/strong><br \/>(+18 for winning)\n|raw|goon#265's rating: 1163 &rarr; <strong>1145<\/strong><br \/>(-18 for losing)\n|l|\u2606goon#265\n","uploadtime":1699806458,"views":21,"p1id":"thefatguinea","p2id":"goon265","formatid":"gen9ou","rating":1145,"private":0,"password":""}