{"id":"gen9ou-1994280061","p1":"LazyForReal","p2":"MegaDano24","format":"[Gen 9] OU","log":"|j|\u2606LazyForReal\n|j|\u2606MegaDano24\n|t:|1700426517\n|gametype|singles\n|player|p1|LazyForReal|n-masters|1509\n|player|p2|MegaDano24|dawn-gen4pt|1494\n|teamsize|p1|6\n|teamsize|p2|6\n|gen|9\n|tier|[Gen 9] OU\n|rated|\n|rule|Sleep Clause Mod: Limit one foe put to sleep\n|rule|Species Clause: Limit one of each Pok\u00e9mon\n|rule|OHKO Clause: OHKO moves are banned\n|rule|Evasion Items Clause: Evasion items are banned\n|rule|Evasion Moves Clause: Evasion moves are banned\n|rule|Endless Battle Clause: Forcing endless battles is banned\n|rule|HP Percentage Mod: HP is shown in percentages\n|clearpoke\n|poke|p1|Sinistcha-Masterpiece|\n|poke|p1|Zamazenta-*|\n|poke|p1|Samurott-Hisui, F|\n|poke|p1|Iron Valiant|\n|poke|p1|Garganacl, F|\n|poke|p1|Cinderace, M|\n|poke|p2|Garganacl, M|\n|poke|p2|Yanmega, F|\n|poke|p2|Corviknight, F|\n|poke|p2|Ogerpon-Wellspring, F|\n|poke|p2|Iron Treads|\n|poke|p2|Ceruledge, F|\n|teampreview\n|inactive|Battle timer is ON: inactive players will automatically lose when time's up. (requested by MegaDano24)\n|\n|t:|1700426527\n|start\n|switch|p1a: bricked up|Garganacl, F|100\/100\n|switch|p2a: Ogerpon|Ogerpon-Wellspring, F|100\/100\n|turn|1\n|\n|t:|1700426534\n|move|p2a: Ogerpon|Knock Off|p1a: bricked up\n|-damage|p1a: bricked up|79\/100\n|-enditem|p1a: bricked up|Leftovers|[from] move: Knock Off|[of] p2a: Ogerpon\n|move|p1a: bricked up|Salt Cure|p2a: Ogerpon\n|-damage|p2a: Ogerpon|83\/100\n|-start|p2a: Ogerpon|Salt Cure\n|\n|-damage|p2a: Ogerpon|58\/100|[from] Salt Cure\n|upkeep\n|turn|2\n|\n|t:|1700426539\n|switch|p1a: grandma's tea|Sinistcha-Masterpiece|100\/100\n|move|p2a: Ogerpon|Power Whip|p1a: grandma's tea\n|-resisted|p1a: grandma's tea\n|-damage|p1a: grandma's tea|71\/100\n|\n|-heal|p1a: grandma's tea|77\/100|[from] item: Leftovers\n|-damage|p2a: Ogerpon|33\/100|[from] Salt Cure\n|upkeep\n|turn|3\n|\n|t:|1700426550\n|switch|p2a: Ceruledge|Ceruledge, F|100\/100\n|move|p1a: grandma's tea|Strength Sap|p2a: Ceruledge\n|-unboost|p2a: Ceruledge|atk|1\n|-heal|p1a: grandma's tea|100\/100\n|\n|upkeep\n|turn|4\n|\n|t:|1700426555\n|switch|p2a: Corviknight|Corviknight, F|100\/100\n|-ability|p2a: Corviknight|Pressure\n|switch|p1a: silver chariot|Samurott-Hisui, F, shiny|100\/100\n|\n|upkeep\n|turn|5\n|\n|t:|1700426557\n|move|p1a: silver chariot|Ceaseless Edge|p2a: Corviknight\n|-damage|p2a: Corviknight|59\/100\n|-damage|p1a: silver chariot|84\/100|[from] item: Rocky Helmet|[of] p2a: Corviknight\n|-sidestart|p2: MegaDano24|Spikes\n|move|p2a: Corviknight|U-turn|p1a: silver chariot\n|-supereffective|p1a: silver chariot\n|-damage|p1a: silver chariot|49\/100\n|\n|t:|1700426565\n|switch|p2a: Iron Treads|Iron Treads|100\/100|[from] U-turn\n|\n|upkeep\n|turn|6\n|\n|t:|1700426579\n|move|p2a: Iron Treads|Earthquake|p1a: silver chariot\n|-damage|p1a: silver chariot|0 fnt\n|faint|p1a: silver chariot\n|\n|upkeep\n|\n|t:|1700426582\n|switch|p1a: grandma's tea|Sinistcha-Masterpiece|100\/100\n|turn|7\n|\n|t:|1700426584\n|move|p2a: Iron Treads|Volt Switch|p1a: grandma's tea\n|-resisted|p1a: grandma's tea\n|-damage|p1a: grandma's tea|94\/100\n|\n|t:|1700426585\n|-end|p2a: Iron Treads|Quark Drive|[silent]\n|switch|p2a: Ogerpon|Ogerpon-Wellspring, F|33\/100|[from] Volt Switch\n|-damage|p2a: Ogerpon|20\/100|[from] Spikes\n|move|p1a: grandma's tea|Calm Mind|p1a: grandma's tea\n|-boost|p1a: grandma's tea|spa|1\n|-boost|p1a: grandma's tea|spd|1\n|\n|-heal|p1a: grandma's tea|99\/100|[from] item: Leftovers\n|upkeep\n|turn|8\n|\n|t:|1700426587\n|move|p2a: Ogerpon|Encore|p1a: grandma's tea\n|-start|p1a: grandma's tea|Encore\n|move|p1a: grandma's tea|Calm Mind|p1a: grandma's tea\n|-boost|p1a: grandma's tea|spa|1\n|-boost|p1a: grandma's tea|spd|1\n|\n|-heal|p1a: grandma's tea|100\/100|[from] item: Leftovers\n|upkeep\n|turn|9\n|\n|t:|1700426591\n|switch|p1a: isagi|Cinderace, M, shiny|100\/100\n|move|p2a: Ogerpon|Ivy Cudgel|p1a: isagi|[anim] Ivy Cudgel Water\n|-supereffective|p1a: isagi\n|-damage|p1a: isagi|0 fnt\n|faint|p1a: isagi\n|\n|upkeep\n|\n|t:|1700426598\n|switch|p1a: tanky boo boo|Zamazenta, shiny|100\/100\n|-ability|p1a: tanky boo boo|Dauntless Shield|boost\n|-boost|p1a: tanky boo boo|def|1\n|turn|10\n|\n|t:|1700426601\n|move|p1a: tanky boo boo|Iron Defense|p1a: tanky boo boo\n|-boost|p1a: tanky boo boo|def|2\n|move|p2a: Ogerpon|Encore|p1a: tanky boo boo\n|-start|p1a: tanky boo boo|Encore\n|\n|upkeep\n|turn|11\n|\n|t:|1700426606\n|switch|p1a: grandma's tea|Sinistcha-Masterpiece|100\/100\n|switch|p2a: Yanmega|Yanmega, F|100\/100\n|\n|upkeep\n|turn|12\n|\n|t:|1700426609\n|switch|p1a: bricked up|Garganacl, F|79\/100\n|move|p2a: Yanmega|Air Slash|p1a: bricked up|[miss]\n|-miss|p2a: Yanmega|p1a: bricked up\n|\n|-ability|p2a: Yanmega|Speed Boost|boost\n|-boost|p2a: Yanmega|spe|1\n|upkeep\n|turn|13\n|\n|t:|1700426616\n|switch|p2a: Iron Treads|Iron Treads|100\/100\n|move|p1a: bricked up|Salt Cure|p2a: Iron Treads\n|-resisted|p2a: Iron Treads\n|-damage|p2a: Iron Treads|98\/100\n|-start|p2a: Iron Treads|Salt Cure\n|\n|-damage|p2a: Iron Treads|73\/100|[from] Salt Cure\n|upkeep\n|turn|14\n|\n|t:|1700426619\n|move|p2a: Iron Treads|Rapid Spin|p1a: bricked up\n|-resisted|p1a: bricked up\n|-damage|p1a: bricked up|75\/100\n|-boost|p2a: Iron Treads|spe|1\n|-sideend|p2: MegaDano24|Spikes|[from] move: Rapid Spin|[of] p2a: Iron Treads\n|move|p1a: bricked up|Stealth Rock|p2a: Iron Treads\n|-sidestart|p2: MegaDano24|move: Stealth Rock\n|\n|-damage|p2a: Iron Treads|48\/100|[from] Salt Cure\n|upkeep\n|turn|15\n|\n|t:|1700426622\n|move|p1a: bricked up|Protect|p1a: bricked up\n|-singleturn|p1a: bricked up|Protect\n|move|p2a: Iron Treads|Earthquake|p1a: bricked up\n|-activate|p1a: bricked up|move: Protect\n|\n|-damage|p2a: Iron Treads|23\/100|[from] Salt Cure\n|upkeep\n|turn|16\n|\n|t:|1700426625\n|move|p2a: Iron Treads|Earthquake|p1a: bricked up\n|-supereffective|p1a: bricked up\n|-damage|p1a: bricked up|31\/100\n|move|p1a: bricked up|Recover|p1a: bricked up\n|-heal|p1a: bricked up|81\/100\n|\n|-damage|p2a: Iron Treads|0 fnt|[from] Salt Cure\n|faint|p2a: Iron Treads\n|-end|p2a: Iron Treads|Quark Drive|[silent]\n|upkeep\n|\n|t:|1700426629\n|switch|p2a: Ogerpon|Ogerpon-Wellspring, F|20\/100\n|-damage|p2a: Ogerpon|8\/100|[from] Stealth Rock\n|turn|17\n|\n|t:|1700426635\n|switch|p1a: tanky boo boo|Zamazenta, shiny|100\/100\n|move|p2a: Ogerpon|Knock Off|p1a: tanky boo boo\n|-resisted|p1a: tanky boo boo\n|-crit|p1a: tanky boo boo\n|-damage|p1a: tanky boo boo|81\/100\n|-enditem|p1a: tanky boo boo|Leftovers|[from] move: Knock Off|[of] p2a: Ogerpon\n|\n|upkeep\n|turn|18\n|\n|t:|1700426637\n|move|p1a: tanky boo boo|Crunch|p2a: Ogerpon\n|-damage|p2a: Ogerpon|0 fnt\n|faint|p2a: Ogerpon\n|\n|upkeep\n|\n|t:|1700426641\n|switch|p2a: Corviknight|Corviknight, F|59\/100\n|-damage|p2a: Corviknight|47\/100|[from] Stealth Rock\n|-ability|p2a: Corviknight|Pressure\n|turn|19\n|\n|t:|1700426657\n|move|p1a: tanky boo boo|Iron Defense|p1a: tanky boo boo\n|-boost|p1a: tanky boo boo|def|2\n|move|p2a: Corviknight|Defog|p1a: tanky boo boo\n|-unboost|p1a: tanky boo boo|evasion|1\n|-sideend|p2: MegaDano24|Stealth Rock|[from] move: Defog|[of] p2a: Corviknight\n|\n|upkeep\n|turn|20\n|\n|t:|1700426661\n|move|p1a: tanky boo boo|Body Press|p2a: Corviknight\n|-damage|p2a: Corviknight|0 fnt\n|-damage|p1a: tanky boo boo|65\/100|[from] item: Rocky Helmet|[of] p2a: Corviknight\n|faint|p2a: Corviknight\n|\n|upkeep\n|\n|t:|1700426664\n|switch|p2a: Yanmega|Yanmega, F|100\/100\n|turn|21\n|\n|t:|1700426668\n|move|p1a: tanky boo boo|Heavy Slam|p2a: Yanmega\n|-damage|p2a: Yanmega|66\/100\n|move|p2a: Yanmega|Bug Buzz|p1a: tanky boo boo\n|-resisted|p1a: tanky boo boo\n|-damage|p1a: tanky boo boo|51\/100\n|-enditem|p2a: Yanmega|Throat Spray\n|-boost|p2a: Yanmega|spa|1|[from] item: Throat Spray\n|\n|-ability|p2a: Yanmega|Speed Boost|boost\n|-boost|p2a: Yanmega|spe|1\n|upkeep\n|turn|22\n|\n|t:|1700426676\n|move|p2a: Yanmega|Bug Buzz|p1a: tanky boo boo\n|-resisted|p1a: tanky boo boo\n|-damage|p1a: tanky boo boo|30\/100\n|move|p1a: tanky boo boo|Heavy Slam|p2a: Yanmega\n|-damage|p2a: Yanmega|30\/100\n|\n|-ability|p2a: Yanmega|Speed Boost|boost\n|-boost|p2a: Yanmega|spe|1\n|upkeep\n|turn|23\n|\n|t:|1700426679\n|move|p2a: Yanmega|Air Slash|p1a: tanky boo boo\n|-supereffective|p1a: tanky boo boo\n|-damage|p1a: tanky boo boo|0 fnt\n|faint|p1a: tanky boo boo\n|\n|-ability|p2a: Yanmega|Speed Boost|boost\n|-boost|p2a: Yanmega|spe|1\n|upkeep\n|\n|t:|1700426681\n|switch|p1a: bricked up|Garganacl, F|81\/100\n|turn|24\n|\n|t:|1700426682\n|move|p2a: Yanmega|Bug Buzz|p1a: bricked up\n|-damage|p1a: bricked up|34\/100\n|-unboost|p1a: bricked up|spd|1\n|move|p1a: bricked up|Salt Cure|p2a: Yanmega\n|-supereffective|p2a: Yanmega\n|-damage|p2a: Yanmega|0 fnt\n|faint|p2a: Yanmega\n|\n|upkeep\n|\n|t:|1700426688\n|switch|p2a: Garganacl|Garganacl, M|100\/100\n|turn|25\n|\n|t:|1700426691\n|move|p1a: bricked up|Recover|p1a: bricked up\n|-heal|p1a: bricked up|84\/100\n|move|p2a: Garganacl|Iron Defense|p2a: Garganacl\n|-boost|p2a: Garganacl|def|2\n|\n|upkeep\n|turn|26\n|\n|t:|1700426695\n|switch|p1a: grandma's tea|Sinistcha-Masterpiece|100\/100\n|move|p2a: Garganacl|Body Press|p1a: grandma's tea\n|-immune|p1a: grandma's tea\n|\n|upkeep\n|turn|27\n|\n|t:|1700426697\n|move|p1a: grandma's tea|Iron Defense|p1a: grandma's tea\n|-boost|p1a: grandma's tea|def|2\n|move|p2a: Garganacl|Salt Cure|p1a: grandma's tea\n|-crit|p1a: grandma's tea\n|-damage|p1a: grandma's tea|84\/100\n|-start|p1a: grandma's tea|Salt Cure\n|\n|-heal|p1a: grandma's tea|90\/100|[from] item: Leftovers\n|-damage|p1a: grandma's tea|77\/100|[from] Salt Cure\n|upkeep\n|turn|28\n|\n|t:|1700426700\n|switch|p2a: Ceruledge|Ceruledge, F|100\/100\n|move|p1a: grandma's tea|Calm Mind|p1a: grandma's tea\n|-boost|p1a: grandma's tea|spa|1\n|-boost|p1a: grandma's tea|spd|1\n|\n|-heal|p1a: grandma's tea|83\/100|[from] item: Leftovers\n|-damage|p1a: grandma's tea|71\/100|[from] Salt Cure\n|upkeep\n|turn|29\n|\n|t:|1700426705\n|move|p2a: Ceruledge|Swords Dance|p2a: Ceruledge\n|-boost|p2a: Ceruledge|atk|2\n|move|p1a: grandma's tea|Matcha Gotcha|p2a: Ceruledge\n|-resisted|p2a: Ceruledge\n|-damage|p2a: Ceruledge|72\/100\n|-heal|p1a: grandma's tea|83\/100|[from] drain|[of] p2a: Ceruledge\n|\n|-heal|p1a: grandma's tea|89\/100|[from] item: Leftovers\n|-damage|p1a: grandma's tea|77\/100|[from] Salt Cure\n|upkeep\n|turn|30\n|\n|t:|1700426709\n|move|p2a: Ceruledge|Bitter Blade|p1a: grandma's tea\n|-supereffective|p1a: grandma's tea\n|-damage|p1a: grandma's tea|40\/100\n|-heal|p2a: Ceruledge|94\/100|[from] drain|[of] p1a: grandma's tea\n|move|p1a: grandma's tea|Iron Defense|p1a: grandma's tea\n|-boost|p1a: grandma's tea|def|2\n|\n|-heal|p1a: grandma's tea|46\/100|[from] item: Leftovers\n|-damage|p1a: grandma's tea|33\/100|[from] Salt Cure\n|upkeep\n|turn|31\n|\n|t:|1700426714\n|move|p2a: Ceruledge|Bitter Blade|p1a: grandma's tea\n|-supereffective|p1a: grandma's tea\n|-damage|p1a: grandma's tea|7\/100\n|-heal|p2a: Ceruledge|100\/100|[from] drain|[of] p1a: grandma's tea\n|move|p1a: grandma's tea|Strength Sap|p2a: Ceruledge\n|-unboost|p2a: Ceruledge|atk|1\n|-heal|p1a: grandma's tea|100\/100\n|\n|-damage|p1a: grandma's tea|88\/100|[from] Salt Cure\n|upkeep\n|turn|32\n|\n|t:|1700426717\n|move|p2a: Ceruledge|Swords Dance|p2a: Ceruledge\n|-boost|p2a: Ceruledge|atk|2\n|move|p1a: grandma's tea|Matcha Gotcha|p2a: Ceruledge\n|-resisted|p2a: Ceruledge\n|-damage|p2a: Ceruledge|71\/100\n|-heal|p1a: grandma's tea|100\/100|[from] drain|[of] p2a: Ceruledge\n|\n|-damage|p1a: grandma's tea|88\/100|[from] Salt Cure\n|upkeep\n|turn|33\n|\n|t:|1700426724\n|move|p2a: Ceruledge|Swords Dance|p2a: Ceruledge\n|-boost|p2a: Ceruledge|atk|2\n|move|p1a: grandma's tea|Iron Defense|p1a: grandma's tea\n|-boost|p1a: grandma's tea|def|2\n|\n|-heal|p1a: grandma's tea|94\/100|[from] item: Leftovers\n|-damage|p1a: grandma's tea|82\/100|[from] Salt Cure\n|upkeep\n|turn|34\n|\n|t:|1700426730\n|-terastallize|p1a: grandma's tea|Poison\n|move|p2a: Ceruledge|Bitter Blade|p1a: grandma's tea\n|-damage|p1a: grandma's tea|64\/100\n|-heal|p2a: Ceruledge|82\/100|[from] drain|[of] p1a: grandma's tea\n|move|p1a: grandma's tea|Calm Mind|p1a: grandma's tea\n|-boost|p1a: grandma's tea|spa|1\n|-boost|p1a: grandma's tea|spd|1\n|\n|-heal|p1a: grandma's tea|70\/100|[from] item: Leftovers\n|-damage|p1a: grandma's tea|58\/100|[from] Salt Cure\n|upkeep\n|turn|35\n|\n|t:|1700426734\n|-terastallize|p2a: Ceruledge|Ghost\n|move|p2a: Ceruledge|Poltergeist|p1a: grandma's tea\n|-activate|p1a: grandma's tea|move: Poltergeist|Leftovers\n|-damage|p1a: grandma's tea|0 fnt\n|faint|p1a: grandma's tea\n|\n|upkeep\n|\n|t:|1700426740\n|switch|p1a: bricked up|Garganacl, F|84\/100\n|turn|36\n|\n|t:|1700426749\n|move|p2a: Ceruledge|Bitter Blade|p1a: bricked up\n|-resisted|p1a: bricked up\n|-damage|p1a: bricked up|38\/100\n|-heal|p2a: Ceruledge|100\/100|[from] drain|[of] p1a: bricked up\n|move|p1a: bricked up|Salt Cure|p2a: Ceruledge\n|-damage|p2a: Ceruledge|81\/100\n|-start|p2a: Ceruledge|Salt Cure\n|-ability|p2a: Ceruledge|Weak Armor|boost\n|-unboost|p2a: Ceruledge|def|1\n|-boost|p2a: Ceruledge|spe|2\n|\n|-damage|p2a: Ceruledge|68\/100|[from] Salt Cure\n|upkeep\n|turn|37\n|\n|t:|1700426759\n|move|p2a: Ceruledge|Bitter Blade|p1a: bricked up\n|-resisted|p1a: bricked up\n|-damage|p1a: bricked up|0 fnt\n|-heal|p2a: Ceruledge|95\/100|[from] drain|[of] p1a: bricked up\n|faint|p1a: bricked up\n|\n|-damage|p2a: Ceruledge|82\/100|[from] Salt Cure\n|upkeep\n|\n|t:|1700426761\n|switch|p1a: meta knight|Iron Valiant, shiny|100\/100\n|-enditem|p1a: meta knight|Booster Energy\n|-activate|p1a: meta knight|ability: Quark Drive|[fromitem]\n|-start|p1a: meta knight|quarkdrivespe\n|turn|38\n|\n|t:|1700426764\n|move|p2a: Ceruledge|Shadow Sneak|p1a: meta knight\n|-damage|p1a: meta knight|0 fnt\n|faint|p1a: meta knight\n|-end|p1a: meta knight|Quark Drive|[silent]\n|\n|win|MegaDano24\n|raw|LazyForReal's rating: 1509 &rarr; <strong>1488<\/strong><br \/>(-21 for losing)\n|raw|MegaDano24's rating: 1494 &rarr; <strong>1515<\/strong><br \/>(+21 for winning)\n|l|\u2606LazyForReal\n|c|\u2606MegaDano24|Lmao\n","uploadtime":1700426782,"views":8,"p1id":"lazyforreal","p2id":"megadano24","formatid":"gen9ou","rating":1488,"private":0,"password":""}