{"id":"gen9ou-1991232398","p1":"Naraz","p2":"illes","format":"[Gen 9] OU","log":"|j|\u2606Naraz\n|j|\u2606illes\n|t:|1700059618\n|gametype|singles\n|player|p1|Naraz|2|1518\n|player|p2|illes|266|1529\n|teamsize|p1|6\n|teamsize|p2|6\n|gen|9\n|tier|[Gen 9] OU\n|rated|\n|rule|Sleep Clause Mod: Limit one foe put to sleep\n|rule|Species Clause: Limit one of each Pok\u00e9mon\n|rule|OHKO Clause: OHKO moves are banned\n|rule|Evasion Items Clause: Evasion items are banned\n|rule|Evasion Moves Clause: Evasion moves are banned\n|rule|Endless Battle Clause: Forcing endless battles is banned\n|rule|HP Percentage Mod: HP is shown in percentages\n|clearpoke\n|poke|p1|Garganacl, M|\n|poke|p1|Mandibuzz, F|\n|poke|p1|Zapdos-Galar|\n|poke|p1|Revavroom, F|\n|poke|p1|Mimikyu, M|\n|poke|p1|Kommo-o, M|\n|poke|p2|Rillaboom, F|\n|poke|p2|Garganacl, F|\n|poke|p2|Great Tusk|\n|poke|p2|Heatran, F|\n|poke|p2|Zapdos|\n|poke|p2|Walking Wake|\n|teampreview\n|inactive|Battle timer is ON: inactive players will automatically lose when time's up. (requested by Naraz)\n|\n|t:|1700059656\n|start\n|switch|p1a: Zapdos|Zapdos-Galar|100\/100\n|switch|p2a: Walking Wake|Walking Wake|100\/100\n|turn|1\n|\n|t:|1700059666\n|move|p2a: Walking Wake|Flip Turn|p1a: Zapdos\n|-damage|p1a: Zapdos|83\/100\n|\n|t:|1700059670\n|-end|p2a: Walking Wake|Protosynthesis|[silent]\n|switch|p2a: Zapdos|Zapdos|100\/100|[from] Flip Turn\n|move|p1a: Zapdos|Tailwind|p1a: Zapdos\n|-sidestart|p1: Naraz|move: Tailwind\n|\n|upkeep\n|turn|2\n|\n|t:|1700059693\n|switch|p1a: Garganacl|Garganacl, M|100\/100\n|move|p2a: Zapdos|Thunder Wave|p1a: Garganacl\n|-immune|p1a: Garganacl|[from] ability: Purifying Salt\n|\n|upkeep\n|turn|3\n|inactive|Naraz has 120 seconds left.\n|\n|t:|1700059715\n|move|p2a: Zapdos|Volt Switch|p1a: Garganacl\n|-damage|p1a: Garganacl|82\/100\n|\n|t:|1700059721\n|switch|p2a: Rillaboom|Rillaboom, F|100\/100|[from] Volt Switch\n|-fieldstart|move: Grassy Terrain|[from] ability: Grassy Surge|[of] p2a: Rillaboom\n|move|p1a: Garganacl|Salt Cure|p2a: Rillaboom\n|-damage|p2a: Rillaboom|86\/100\n|-start|p2a: Rillaboom|Salt Cure\n|\n|-heal|p2a: Rillaboom|92\/100|[from] Grassy Terrain\n|-heal|p1a: Garganacl|89\/100|[from] Grassy Terrain\n|-heal|p1a: Garganacl|95\/100|[from] item: Leftovers\n|-damage|p2a: Rillaboom|79\/100|[from] Salt Cure\n|upkeep\n|turn|4\n|\n|t:|1700059732\n|switch|p1a: Mandibuzz|Mandibuzz, F|100\/100\n|move|p2a: Rillaboom|Wood Hammer|p1a: Mandibuzz\n|-resisted|p1a: Mandibuzz\n|-damage|p1a: Mandibuzz|62\/100\n|-damage|p2a: Rillaboom|64\/100|[from] Recoil\n|\n|-heal|p2a: Rillaboom|70\/100|[from] Grassy Terrain\n|-damage|p2a: Rillaboom|58\/100|[from] Salt Cure\n|-sideend|p1: Naraz|move: Tailwind\n|upkeep\n|turn|5\n|\n|t:|1700059750\n|switch|p2a: Garganacl|Garganacl, F|100\/100\n|move|p1a: Mandibuzz|Roost|p1a: Mandibuzz\n|-heal|p1a: Mandibuzz|100\/100\n|-singleturn|p1a: Mandibuzz|move: Roost\n|\n|upkeep\n|turn|6\n|\n|t:|1700059753\n|move|p1a: Mandibuzz|U-turn|p2a: Garganacl\n|-damage|p2a: Garganacl|93\/100\n|\n|t:|1700059759\n|switch|p1a: Zapdos|Zapdos-Galar|83\/100|[from] U-turn\n|move|p2a: Garganacl|Salt Cure|p1a: Zapdos\n|-damage|p1a: Zapdos|67\/100\n|-start|p1a: Zapdos|Salt Cure\n|\n|-heal|p2a: Garganacl|99\/100|[from] Grassy Terrain\n|-heal|p2a: Garganacl|100\/100|[from] item: Leftovers\n|-damage|p1a: Zapdos|55\/100|[from] Salt Cure\n|upkeep\n|turn|7\n|inactive|illes has 120 seconds left.\n|\n|t:|1700059804\n|switch|p2a: Zapdos|Zapdos|100\/100\n|move|p1a: Zapdos|Thunderous Kick|p2a: Zapdos\n|-resisted|p2a: Zapdos\n|-damage|p2a: Zapdos|79\/100\n|-unboost|p2a: Zapdos|def|1\n|\n|-damage|p1a: Zapdos|43\/100|[from] Salt Cure\n|-fieldend|move: Grassy Terrain\n|upkeep\n|turn|8\n|\n|t:|1700059815\n|move|p1a: Zapdos|Knock Off|p2a: Zapdos\n|-damage|p2a: Zapdos|33\/100\n|-enditem|p2a: Zapdos|Heavy-Duty Boots|[from] move: Knock Off|[of] p1a: Zapdos\n|move|p2a: Zapdos|Volt Switch|p1a: Zapdos\n|-supereffective|p1a: Zapdos\n|-damage|p1a: Zapdos|0 fnt\n|faint|p1a: Zapdos\n|\n|t:|1700059826\n|switch|p2a: Rillaboom|Rillaboom, F|58\/100|[from] Volt Switch\n|-fieldstart|move: Grassy Terrain|[from] ability: Grassy Surge|[of] p2a: Rillaboom\n|\n|-heal|p2a: Rillaboom|64\/100|[from] Grassy Terrain\n|upkeep\n|\n|t:|1700059835\n|switch|p1a: Revavroom|Revavroom, F|100\/100\n|-item|p1a: Revavroom|Air Balloon\n|turn|9\n|\n|t:|1700059839\n|move|p1a: Revavroom|Shift Gear|p1a: Revavroom\n|-boost|p1a: Revavroom|spe|2\n|-boost|p1a: Revavroom|atk|1\n|move|p2a: Rillaboom|U-turn|p1a: Revavroom\n|-resisted|p1a: Revavroom\n|-damage|p1a: Revavroom|89\/100\n|-enditem|p1a: Revavroom|Air Balloon\n|inactive|illes has 120 seconds left.\n|\n|t:|1700059848\n|switch|p2a: Heatran|Heatran, F|100\/100|[from] U-turn\n|\n|-heal|p1a: Revavroom|95\/100|[from] Grassy Terrain\n|upkeep\n|turn|10\n|\n|t:|1700059854\n|move|p1a: Revavroom|High Horsepower|p2a: Heatran\n|-supereffective|p2a: Heatran\n|-damage|p2a: Heatran|0 fnt\n|-status|p1a: Revavroom|brn|[from] ability: Flame Body|[of] p2a: Heatran\n|faint|p2a: Heatran\n|\n|-heal|p1a: Revavroom|100\/100 brn|[from] Grassy Terrain\n|-damage|p1a: Revavroom|95\/100 brn|[from] brn\n|upkeep\n|\n|t:|1700059861\n|switch|p2a: Great Tusk|Great Tusk|100\/100\n|turn|11\n|\n|t:|1700059868\n|move|p1a: Revavroom|Iron Head|p2a: Great Tusk\n|-damage|p2a: Great Tusk|80\/100\n|move|p2a: Great Tusk|Headlong Rush|p1a: Revavroom\n|-supereffective|p1a: Revavroom\n|-damage|p1a: Revavroom|0 fnt\n|-unboost|p2a: Great Tusk|def|1\n|-unboost|p2a: Great Tusk|spd|1\n|faint|p1a: Revavroom\n|\n|-heal|p2a: Great Tusk|86\/100|[from] Grassy Terrain\n|-heal|p2a: Great Tusk|93\/100|[from] item: Leftovers\n|upkeep\n|\n|t:|1700059890\n|switch|p1a: Mimikyu|Mimikyu, M|100\/100\n|turn|12\n|\n|t:|1700059903\n|-end|p2a: Great Tusk|Protosynthesis|[silent]\n|switch|p2a: Garganacl|Garganacl, F|100\/100\n|move|p1a: Mimikyu|Play Rough|p2a: Garganacl|[miss]\n|-miss|p1a: Mimikyu|p2a: Garganacl\n|\n|-fieldend|move: Grassy Terrain\n|upkeep\n|turn|13\n|\n|t:|1700059921\n|switch|p1a: Mandibuzz|Mandibuzz, F|100\/100\n|move|p2a: Garganacl|Salt Cure|p1a: Mandibuzz\n|-supereffective|p1a: Mandibuzz\n|-damage|p1a: Mandibuzz|84\/100\n|-start|p1a: Mandibuzz|Salt Cure\n|\n|-damage|p1a: Mandibuzz|72\/100|[from] Salt Cure\n|upkeep\n|turn|14\n|\n|t:|1700059949\n|move|p1a: Mandibuzz|U-turn|p2a: Garganacl\n|-damage|p2a: Garganacl|93\/100\n|\n|t:|1700059953\n|switch|p1a: Garganacl|Garganacl, M|95\/100|[from] U-turn\n|move|p2a: Garganacl|Iron Defense|p2a: Garganacl\n|-boost|p2a: Garganacl|def|2\n|\n|-heal|p2a: Garganacl|99\/100|[from] item: Leftovers\n|-heal|p1a: Garganacl|100\/100|[from] item: Leftovers\n|upkeep\n|turn|15\n|\n|t:|1700059961\n|-terastallize|p1a: Garganacl|Ghost\n|move|p1a: Garganacl|Iron Defense|p1a: Garganacl\n|-boost|p1a: Garganacl|def|2\n|move|p2a: Garganacl|Iron Defense|p2a: Garganacl\n|-boost|p2a: Garganacl|def|2\n|\n|-heal|p2a: Garganacl|100\/100|[from] item: Leftovers\n|upkeep\n|turn|16\n|\n|t:|1700059968\n|move|p1a: Garganacl|Salt Cure|p2a: Garganacl\n|-damage|p2a: Garganacl|97\/100\n|-start|p2a: Garganacl|Salt Cure\n|move|p2a: Garganacl|Salt Cure|p1a: Garganacl\n|-damage|p1a: Garganacl|96\/100\n|-start|p1a: Garganacl|Salt Cure\n|\n|-heal|p1a: Garganacl|100\/100|[from] item: Leftovers\n|-heal|p2a: Garganacl|100\/100|[from] item: Leftovers\n|-damage|p1a: Garganacl|88\/100|[from] Salt Cure\n|-damage|p2a: Garganacl|88\/100|[from] Salt Cure\n|upkeep\n|turn|17\n|\n|t:|1700059979\n|switch|p2a: Rillaboom|Rillaboom, F|64\/100\n|-fieldstart|move: Grassy Terrain|[from] ability: Grassy Surge|[of] p2a: Rillaboom\n|move|p1a: Garganacl|Iron Defense|p1a: Garganacl\n|-boost|p1a: Garganacl|def|2\n|\n|-heal|p2a: Rillaboom|70\/100|[from] Grassy Terrain\n|-heal|p1a: Garganacl|94\/100|[from] Grassy Terrain\n|-heal|p1a: Garganacl|100\/100|[from] item: Leftovers\n|-damage|p1a: Garganacl|88\/100|[from] Salt Cure\n|upkeep\n|turn|18\n|\n|t:|1700059985\n|move|p2a: Rillaboom|Knock Off|p1a: Garganacl\n|-supereffective|p1a: Garganacl\n|-damage|p1a: Garganacl|63\/100\n|-enditem|p1a: Garganacl|Leftovers|[from] move: Knock Off|[of] p2a: Rillaboom\n|move|p1a: Garganacl|Body Press|p2a: Rillaboom\n|-damage|p2a: Rillaboom|0 fnt\n|faint|p2a: Rillaboom\n|\n|-heal|p1a: Garganacl|70\/100|[from] Grassy Terrain\n|-damage|p1a: Garganacl|57\/100|[from] Salt Cure\n|upkeep\n|\n|t:|1700060007\n|switch|p2a: Great Tusk|Great Tusk|93\/100\n|turn|19\n|\n|t:|1700060011\n|move|p2a: Great Tusk|Bulk Up|p2a: Great Tusk\n|-boost|p2a: Great Tusk|atk|1\n|-boost|p2a: Great Tusk|def|1\n|move|p1a: Garganacl|Recover|p1a: Garganacl\n|-heal|p1a: Garganacl|100\/100\n|\n|-heal|p2a: Great Tusk|99\/100|[from] Grassy Terrain\n|-heal|p2a: Great Tusk|100\/100|[from] item: Leftovers\n|-damage|p1a: Garganacl|88\/100|[from] Salt Cure\n|upkeep\n|turn|20\n|\n|t:|1700060019\n|move|p2a: Great Tusk|Bulk Up|p2a: Great Tusk\n|-boost|p2a: Great Tusk|atk|1\n|-boost|p2a: Great Tusk|def|1\n|move|p1a: Garganacl|Iron Defense|p1a: Garganacl\n|-boost|p1a: Garganacl|def|2\n|\n|-heal|p1a: Garganacl|94\/100|[from] Grassy Terrain\n|-damage|p1a: Garganacl|82\/100|[from] Salt Cure\n|upkeep\n|turn|21\n|\n|t:|1700060024\n|move|p2a: Great Tusk|Bulk Up|p2a: Great Tusk\n|-boost|p2a: Great Tusk|atk|1\n|-boost|p2a: Great Tusk|def|1\n|move|p1a: Garganacl|Salt Cure|p2a: Great Tusk\n|-resisted|p2a: Great Tusk\n|-damage|p2a: Great Tusk|99\/100\n|-start|p2a: Great Tusk|Salt Cure\n|\n|-heal|p2a: Great Tusk|100\/100|[from] Grassy Terrain\n|-heal|p1a: Garganacl|88\/100|[from] Grassy Terrain\n|-damage|p2a: Great Tusk|88\/100|[from] Salt Cure\n|-damage|p1a: Garganacl|76\/100|[from] Salt Cure\n|-fieldend|move: Grassy Terrain\n|upkeep\n|turn|22\n|\n|t:|1700060030\n|move|p2a: Great Tusk|Headlong Rush|p1a: Garganacl\n|-damage|p1a: Garganacl|53\/100\n|-unboost|p2a: Great Tusk|def|1\n|-unboost|p2a: Great Tusk|spd|1\n|move|p1a: Garganacl|Body Press|p2a: Great Tusk\n|-damage|p2a: Great Tusk|59\/100\n|\n|-heal|p2a: Great Tusk|65\/100|[from] item: Leftovers\n|-damage|p2a: Great Tusk|53\/100|[from] Salt Cure\n|-damage|p1a: Garganacl|40\/100|[from] Salt Cure\n|upkeep\n|turn|23\n|\n|t:|1700060044\n|move|p2a: Great Tusk|Headlong Rush|p1a: Garganacl\n|-damage|p1a: Garganacl|17\/100\n|-unboost|p2a: Great Tusk|def|1\n|-unboost|p2a: Great Tusk|spd|1\n|move|p1a: Garganacl|Recover|p1a: Garganacl\n|-heal|p1a: Garganacl|67\/100\n|\n|-heal|p2a: Great Tusk|59\/100|[from] item: Leftovers\n|-damage|p2a: Great Tusk|46\/100|[from] Salt Cure\n|-damage|p1a: Garganacl|55\/100|[from] Salt Cure\n|upkeep\n|turn|24\n|\n|t:|1700060050\n|-end|p2a: Great Tusk|Protosynthesis|[silent]\n|switch|p2a: Garganacl|Garganacl, F|88\/100\n|move|p1a: Garganacl|Recover|p1a: Garganacl\n|-heal|p1a: Garganacl|100\/100\n|\n|-heal|p2a: Garganacl|94\/100|[from] item: Leftovers\n|-damage|p1a: Garganacl|88\/100|[from] Salt Cure\n|upkeep\n|turn|25\n|\n|t:|1700060055\n|-terastallize|p2a: Garganacl|Fairy\n|move|p1a: Garganacl|Body Press|p2a: Garganacl\n|-resisted|p2a: Garganacl\n|-damage|p2a: Garganacl|64\/100\n|move|p2a: Garganacl|Iron Defense|p2a: Garganacl\n|-boost|p2a: Garganacl|def|2\n|\n|-heal|p2a: Garganacl|70\/100|[from] item: Leftovers\n|-damage|p1a: Garganacl|76\/100|[from] Salt Cure\n|upkeep\n|turn|26\n|\n|t:|1700060061\n|move|p2a: Garganacl|Iron Defense|p2a: Garganacl\n|-boost|p2a: Garganacl|def|2\n|move|p1a: Garganacl|Salt Cure|p2a: Garganacl\n|-damage|p2a: Garganacl|67\/100\n|-start|p2a: Garganacl|Salt Cure\n|\n|-heal|p2a: Garganacl|73\/100|[from] item: Leftovers\n|-damage|p2a: Garganacl|60\/100|[from] Salt Cure\n|-damage|p1a: Garganacl|63\/100|[from] Salt Cure\n|upkeep\n|turn|27\n|\n|t:|1700060066\n|switch|p1a: Mandibuzz|Mandibuzz, F|72\/100\n|move|p2a: Garganacl|Recover|p2a: Garganacl\n|-heal|p2a: Garganacl|100\/100\n|\n|-damage|p2a: Garganacl|88\/100|[from] Salt Cure\n|upkeep\n|turn|28\n|\n|t:|1700060075\n|move|p1a: Mandibuzz|Defog|p2a: Garganacl\n|-unboost|p2a: Garganacl|evasion|1\n|move|p2a: Garganacl|Salt Cure|p1a: Mandibuzz\n|-supereffective|p1a: Mandibuzz\n|-crit|p1a: Mandibuzz\n|-damage|p1a: Mandibuzz|47\/100\n|-start|p1a: Mandibuzz|Salt Cure\n|\n|-heal|p2a: Garganacl|94\/100|[from] item: Leftovers\n|-damage|p1a: Mandibuzz|35\/100|[from] Salt Cure\n|-damage|p2a: Garganacl|82\/100|[from] Salt Cure\n|upkeep\n|turn|29\n|\n|t:|1700060081\n|move|p1a: Mandibuzz|Roost|p1a: Mandibuzz\n|-heal|p1a: Mandibuzz|85\/100\n|-singleturn|p1a: Mandibuzz|move: Roost\n|move|p2a: Garganacl|Body Press|p1a: Mandibuzz\n|-supereffective|p1a: Mandibuzz\n|-damage|p1a: Mandibuzz|9\/100\n|\n|-heal|p2a: Garganacl|88\/100|[from] item: Leftovers\n|-damage|p1a: Mandibuzz|0 fnt|[from] Salt Cure\n|faint|p1a: Mandibuzz\n|-damage|p2a: Garganacl|75\/100|[from] Salt Cure\n|upkeep\n|\n|t:|1700060102\n|switch|p1a: Kommo-o|Kommo-o, M|100\/100\n|turn|30\n|\n|t:|1700060117\n|switch|p2a: Walking Wake|Walking Wake|100\/100\n|move|p1a: Kommo-o|Clangorous Soul|p1a: Kommo-o\n|-boost|p1a: Kommo-o|atk|1\n|-boost|p1a: Kommo-o|def|1\n|-boost|p1a: Kommo-o|spa|1\n|-boost|p1a: Kommo-o|spd|1\n|-boost|p1a: Kommo-o|spe|1\n|-damage|p1a: Kommo-o|68\/100\n|-enditem|p1a: Kommo-o|Throat Spray\n|-boost|p1a: Kommo-o|spa|1|[from] item: Throat Spray\n|\n|upkeep\n|turn|31\n|\n|t:|1700060124\n|move|p1a: Kommo-o|Clanging Scales|p2a: Walking Wake\n|-supereffective|p2a: Walking Wake\n|-damage|p2a: Walking Wake|0 fnt\n|faint|p2a: Walking Wake\n|-end|p2a: Walking Wake|Protosynthesis|[silent]\n|-unboost|p1a: Kommo-o|def|1\n|\n|upkeep\n|\n|t:|1700060133\n|switch|p2a: Zapdos|Zapdos|33\/100\n|turn|32\n|\n|t:|1700060136\n|move|p1a: Kommo-o|Boomburst|p2a: Zapdos\n|-damage|p2a: Zapdos|0 fnt\n|faint|p2a: Zapdos\n|\n|upkeep\n|-message|illes forfeited.\n|\n|win|Naraz\n|raw|Naraz's rating: 1518 &rarr; <strong>1539<\/strong><br \/>(+21 for winning)\n|raw|illes's rating: 1529 &rarr; <strong>1508<\/strong><br \/>(-21 for losing)\n|l|\u2606illes\n|l|\u2606Naraz\n","uploadtime":1700060151,"views":5,"p1id":"naraz","p2id":"illes","formatid":"gen9ou","rating":1508,"private":0,"password":""}