{"id":"gen9ou-1994647187","p1":"GoalGoatGo","p2":"Horeveve","format":"[Gen 9] OU","log":"|j|\u2606GoalGoatGo\n|j|\u2606Horeveve\n|t:|1700475020\n|gametype|singles\n|player|p1|GoalGoatGo|266|1300\n|player|p2|Horeveve|palmer|1218\n|teamsize|p1|6\n|teamsize|p2|6\n|gen|9\n|tier|[Gen 9] OU\n|rated|\n|rule|Sleep Clause Mod: Limit one foe put to sleep\n|rule|Species Clause: Limit one of each Pok\u00e9mon\n|rule|OHKO Clause: OHKO moves are banned\n|rule|Evasion Items Clause: Evasion items are banned\n|rule|Evasion Moves Clause: Evasion moves are banned\n|rule|Endless Battle Clause: Forcing endless battles is banned\n|rule|HP Percentage Mod: HP is shown in percentages\n|clearpoke\n|poke|p1|Kingambit, M|\n|poke|p1|Samurott-Hisui, F|\n|poke|p1|Iron Valiant|\n|poke|p1|Iron Moth|\n|poke|p1|Dragapult, M|\n|poke|p1|Corviknight, M|\n|poke|p2|Great Tusk|\n|poke|p2|Ninetales-Alola, M|\n|poke|p2|Dragapult, M|\n|poke|p2|Kingambit, M|\n|poke|p2|Ogerpon-Cornerstone, F|\n|poke|p2|Dragonite, M|\n|teampreview\n|\n|t:|1700475036\n|start\n|switch|p1a: Samurott|Samurott-Hisui, F|100\/100\n|switch|p2a: Ogerpon|Ogerpon-Cornerstone, F|100\/100\n|turn|1\n|\n|t:|1700475045\n|switch|p1a: Corviknight|Corviknight, M|100\/100\n|-ability|p1a: Corviknight|Pressure\n|move|p2a: Ogerpon|Horn Leech|p1a: Corviknight\n|-resisted|p1a: Corviknight\n|-damage|p1a: Corviknight|92\/100\n|-damage|p2a: Ogerpon|84\/100|[from] item: Rocky Helmet|[of] p1a: Corviknight\n|\n|upkeep\n|turn|2\n|\n|t:|1700475067\n|switch|p2a: Great Tusk|Great Tusk|100\/100\n|move|p1a: Corviknight|U-turn|p2a: Great Tusk\n|-resisted|p2a: Great Tusk\n|-damage|p2a: Great Tusk|97\/100\n|\n|t:|1700475076\n|switch|p1a: Samurott|Samurott-Hisui, F|100\/100|[from] U-turn\n|\n|-heal|p2a: Great Tusk|100\/100|[from] item: Leftovers\n|upkeep\n|turn|3\n|\n|t:|1700475088\n|move|p1a: Samurott|Razor Shell|p2a: Great Tusk\n|-supereffective|p2a: Great Tusk\n|-damage|p2a: Great Tusk|42\/100\n|-unboost|p2a: Great Tusk|def|1\n|move|p2a: Great Tusk|Bulk Up|p2a: Great Tusk\n|-boost|p2a: Great Tusk|atk|1\n|-boost|p2a: Great Tusk|def|1\n|\n|-heal|p2a: Great Tusk|48\/100|[from] item: Leftovers\n|upkeep\n|turn|4\n|\n|t:|1700475104\n|move|p1a: Samurott|Razor Shell|p2a: Great Tusk\n|-supereffective|p2a: Great Tusk\n|-damage|p2a: Great Tusk|0 fnt\n|faint|p2a: Great Tusk\n|-end|p2a: Great Tusk|Protosynthesis|[silent]\n|\n|upkeep\n|\n|t:|1700475112\n|switch|p2a: Dragapult|Dragapult, M|100\/100\n|turn|5\n|\n|t:|1700475119\n|switch|p1a: Corviknight|Corviknight, M|92\/100\n|-ability|p1a: Corviknight|Pressure\n|move|p2a: Dragapult|Draco Meteor|p1a: Corviknight\n|-resisted|p1a: Corviknight\n|-damage|p1a: Corviknight|69\/100\n|-unboost|p2a: Dragapult|spa|2\n|\n|upkeep\n|turn|6\n|\n|t:|1700475132\n|move|p2a: Dragapult|Flamethrower|p1a: Corviknight\n|-supereffective|p1a: Corviknight\n|-damage|p1a: Corviknight|50\/100\n|move|p1a: Corviknight|U-turn|p2a: Dragapult\n|-resisted|p2a: Dragapult\n|-damage|p2a: Dragapult|91\/100\n|\n|t:|1700475153\n|switch|p1a: Iron Valiant|Iron Valiant|100\/100|[from] U-turn\n|-enditem|p1a: Iron Valiant|Booster Energy\n|-activate|p1a: Iron Valiant|ability: Quark Drive|[fromitem]\n|-start|p1a: Iron Valiant|quarkdrivespe\n|\n|-heal|p2a: Dragapult|97\/100|[from] item: Leftovers\n|upkeep\n|turn|7\n|\n|t:|1700475166\n|switch|p2a: Ninetales|Ninetales-Alola, M|100\/100\n|-weather|Snow|[from] ability: Snow Warning|[of] p2a: Ninetales\n|move|p1a: Iron Valiant|Knock Off|p2a: Ninetales\n|-resisted|p2a: Ninetales\n|-damage|p2a: Ninetales|88\/100\n|-enditem|p2a: Ninetales|Light Clay|[from] move: Knock Off|[of] p1a: Iron Valiant\n|\n|-weather|Snow|[upkeep]\n|upkeep\n|turn|8\n|\n|t:|1700475181\n|-end|p1a: Iron Valiant|Quark Drive|[silent]\n|switch|p1a: Corviknight|Corviknight, M|50\/100\n|-ability|p1a: Corviknight|Pressure\n|move|p2a: Ninetales|Aurora Veil|p2a: Ninetales\n|-sidestart|p2: Horeveve|move: Aurora Veil\n|\n|-weather|Snow|[upkeep]\n|upkeep\n|turn|9\n|\n|t:|1700475191\n|move|p2a: Ninetales|Dark Pulse|p1a: Corviknight\n|-damage|p1a: Corviknight|38\/100\n|move|p1a: Corviknight|Defog|p2a: Ninetales\n|-unboost|p2a: Ninetales|evasion|1\n|-sideend|p2: Horeveve|move: Aurora Veil\n|\n|-weather|Snow|[upkeep]\n|upkeep\n|turn|10\n|\n|t:|1700475199\n|move|p2a: Ninetales|Aurora Veil|p2a: Ninetales\n|-sidestart|p2: Horeveve|move: Aurora Veil\n|move|p1a: Corviknight|Roost|p1a: Corviknight\n|-heal|p1a: Corviknight|88\/100\n|-singleturn|p1a: Corviknight|move: Roost\n|\n|-weather|Snow|[upkeep]\n|upkeep\n|turn|11\n|\n|t:|1700475214\n|switch|p2a: Dragapult|Dragapult, M|97\/100\n|move|p1a: Corviknight|Defog|p2a: Dragapult\n|-unboost|p2a: Dragapult|evasion|1\n|-sideend|p2: Horeveve|move: Aurora Veil\n|\n|-weather|none\n|-heal|p2a: Dragapult|100\/100|[from] item: Leftovers\n|upkeep\n|turn|12\n|\n|t:|1700475243\n|move|p2a: Dragapult|Draco Meteor|p1a: Corviknight\n|-resisted|p1a: Corviknight\n|-damage|p1a: Corviknight|66\/100\n|-unboost|p2a: Dragapult|spa|2\n|move|p1a: Corviknight|Brave Bird|p2a: Dragapult\n|-damage|p2a: Dragapult|52\/100\n|-damage|p1a: Corviknight|54\/100|[from] Recoil\n|\n|-heal|p2a: Dragapult|58\/100|[from] item: Leftovers\n|upkeep\n|turn|13\n|\n|t:|1700475265\n|switch|p2a: Dragonite|Dragonite, M|100\/100\n|move|p1a: Corviknight|Roost|p1a: Corviknight\n|-heal|p1a: Corviknight|100\/100\n|-singleturn|p1a: Corviknight|move: Roost\n|\n|upkeep\n|turn|14\n|\n|t:|1700475274\n|move|p2a: Dragonite|Dragon Dance|p2a: Dragonite\n|-boost|p2a: Dragonite|atk|1\n|-boost|p2a: Dragonite|spe|1\n|move|p1a: Corviknight|U-turn|p2a: Dragonite\n|-resisted|p2a: Dragonite\n|-damage|p2a: Dragonite|97\/100\n|\n|t:|1700475287\n|switch|p1a: Samurott|Samurott-Hisui, F|100\/100|[from] U-turn\n|\n|-heal|p2a: Dragonite|100\/100|[from] item: Leftovers\n|upkeep\n|turn|15\n|\n|t:|1700475294\n|move|p2a: Dragonite|Dragon Dance|p2a: Dragonite\n|-boost|p2a: Dragonite|atk|1\n|-boost|p2a: Dragonite|spe|1\n|move|p1a: Samurott|Ceaseless Edge|p2a: Dragonite\n|-damage|p2a: Dragonite|74\/100\n|-sidestart|p2: Horeveve|Spikes\n|\n|-heal|p2a: Dragonite|81\/100|[from] item: Leftovers\n|upkeep\n|turn|16\n|\n|t:|1700475307\n|move|p2a: Dragonite|Dragon Dance|p2a: Dragonite\n|-boost|p2a: Dragonite|atk|1\n|-boost|p2a: Dragonite|spe|1\n|move|p1a: Samurott|Ceaseless Edge|p2a: Dragonite\n|-damage|p2a: Dragonite|32\/100\n|-sidestart|p2: Horeveve|Spikes\n|\n|-heal|p2a: Dragonite|39\/100|[from] item: Leftovers\n|upkeep\n|turn|17\n|\n|t:|1700475322\n|-terastallize|p2a: Dragonite|Normal\n|move|p2a: Dragonite|Extreme Speed|p1a: Samurott\n|-enditem|p1a: Samurott|Focus Sash\n|-damage|p1a: Samurott|1\/100\n|move|p1a: Samurott|Ceaseless Edge|p2a: Dragonite\n|-damage|p2a: Dragonite|0 fnt\n|-sidestart|p2: Horeveve|Spikes\n|faint|p2a: Dragonite\n|\n|upkeep\n|\n|t:|1700475342\n|switch|p2a: Ogerpon|Ogerpon-Cornerstone, F|84\/100\n|-damage|p2a: Ogerpon|59\/100|[from] Spikes\n|turn|18\n|\n|t:|1700475359\n|move|p1a: Samurott|Aqua Jet|p2a: Ogerpon\n|-damage|p2a: Ogerpon|36\/100\n|move|p2a: Ogerpon|Ivy Cudgel|p1a: Samurott|[anim] Ivy Cudgel Rock\n|-crit|p1a: Samurott\n|-damage|p1a: Samurott|0 fnt\n|faint|p1a: Samurott\n|\n|upkeep\n|\n|t:|1700475382\n|switch|p1a: Iron Valiant|Iron Valiant|100\/100\n|turn|19\n|\n|t:|1700475397\n|move|p1a: Iron Valiant|Spirit Break|p2a: Ogerpon\n|-damage|p2a: Ogerpon|0 fnt\n|faint|p2a: Ogerpon\n|\n|upkeep\n|\n|t:|1700475413\n|switch|p2a: Kingambit|Kingambit, M|100\/100\n|-damage|p2a: Kingambit|76\/100|[from] Spikes\n|-activate|p2a: Kingambit|ability: Supreme Overlord\n|-start|p2a: Kingambit|fallen3|[silent]\n|turn|20\n|\n|t:|1700475421\n|move|p1a: Iron Valiant|Close Combat|p2a: Kingambit\n|-supereffective|p2a: Kingambit\n|-damage|p2a: Kingambit|0 fnt\n|-unboost|p1a: Iron Valiant|def|1\n|-unboost|p1a: Iron Valiant|spd|1\n|faint|p2a: Kingambit\n|-end|p2a: Kingambit|fallen3|[silent]\n|\n|upkeep\n|\n|t:|1700475430\n|switch|p2a: Dragapult|Dragapult, M|58\/100\n|-damage|p2a: Dragapult|33\/100|[from] Spikes\n|turn|21\n|\n|t:|1700475442\n|-end|p1a: Iron Valiant|Quark Drive|[silent]\n|switch|p1a: Iron Moth|Iron Moth|100\/100\n|-enditem|p1a: Iron Moth|Booster Energy\n|-activate|p1a: Iron Moth|ability: Quark Drive|[fromitem]\n|-start|p1a: Iron Moth|quarkdrivespe\n|move|p2a: Dragapult|Shadow Ball|p1a: Iron Moth\n|-damage|p1a: Iron Moth|60\/100\n|\n|-heal|p2a: Dragapult|39\/100|[from] item: Leftovers\n|upkeep\n|turn|22\n|\n|t:|1700475453\n|move|p1a: Iron Moth|Dazzling Gleam|p2a: Dragapult\n|-supereffective|p2a: Dragapult\n|-damage|p2a: Dragapult|0 fnt\n|faint|p2a: Dragapult\n|\n|upkeep\n|\n|t:|1700475459\n|switch|p2a: Ninetales|Ninetales-Alola, M|88\/100\n|-damage|p2a: Ninetales|63\/100|[from] Spikes\n|-weather|Snow|[from] ability: Snow Warning|[of] p2a: Ninetales\n|turn|23\n|\n|t:|1700475466\n|move|p1a: Iron Moth|Fiery Dance|p2a: Ninetales\n|-supereffective|p2a: Ninetales\n|-damage|p2a: Ninetales|0 fnt\n|-boost|p1a: Iron Moth|spa|1\n|faint|p2a: Ninetales\n|\n|win|GoalGoatGo\n|raw|GoalGoatGo's rating: 1300 &rarr; <strong>1319<\/strong><br \/>(+19 for winning)\n|raw|Horeveve's rating: 1218 &rarr; <strong>1199<\/strong><br \/>(-19 for losing)\n","uploadtime":1700475486,"views":12,"p1id":"goalgoatgo","p2id":"horeveve","formatid":"gen9ou","rating":1199,"private":0,"password":""}