{"id":"gen9ou-1995466056","p1":"OrionTheCat","p2":"VikontAlu","format":"[Gen 9] OU","log":"|j|\u2606OrionTheCat\n|j|\u2606VikontAlu\n|t:|1700573960\n|gametype|singles\n|player|p1|OrionTheCat|n-masters|1100\n|player|p2|VikontAlu|102|1195\n|teamsize|p1|6\n|teamsize|p2|6\n|gen|9\n|tier|[Gen 9] OU\n|rated|\n|rule|Sleep Clause Mod: Limit one foe put to sleep\n|rule|Species Clause: Limit one of each Pok\u00e9mon\n|rule|OHKO Clause: OHKO moves are banned\n|rule|Evasion Items Clause: Evasion items are banned\n|rule|Evasion Moves Clause: Evasion moves are banned\n|rule|Endless Battle Clause: Forcing endless battles is banned\n|rule|HP Percentage Mod: HP is shown in percentages\n|clearpoke\n|poke|p1|Pelipper, F|\n|poke|p1|Amoonguss, F|\n|poke|p1|Basculegion-F, F|\n|poke|p1|Manaphy|\n|poke|p1|Corviknight, F|\n|poke|p1|Iron Treads|\n|poke|p2|Cinderace, F|\n|poke|p2|Great Tusk|\n|poke|p2|Walking Wake|\n|poke|p2|Gholdengo|\n|poke|p2|Iron Valiant|\n|poke|p2|Zapdos|\n|teampreview\n|inactive|Battle timer is ON: inactive players will automatically lose when time's up. (requested by OrionTheCat)\n|\n|t:|1700573973\n|start\n|switch|p1a: birb|Pelipper, F|100\/100\n|switch|p2a: Zapdos|Zapdos|100\/100\n|-weather|RainDance|[from] ability: Drizzle|[of] p1a: birb\n|turn|1\n|\n|t:|1700573990\n|switch|p1a: spain without a|Iron Treads|100\/100\n|move|p2a: Zapdos|Discharge|p1a: spain without a\n|-immune|p1a: spain without a\n|\n|-weather|RainDance|[upkeep]\n|upkeep\n|turn|2\n|\n|t:|1700574007\n|move|p1a: spain without a|Stone Edge|p2a: Zapdos|[miss]\n|-miss|p1a: spain without a|p2a: Zapdos\n|move|p2a: Zapdos|Heat Wave|p1a: spain without a\n|-supereffective|p1a: spain without a\n|-crit|p1a: spain without a\n|-damage|p1a: spain without a|63\/100\n|\n|-weather|RainDance|[upkeep]\n|upkeep\n|turn|3\n|\n|t:|1700574015\n|switch|p2a: Great Tusk|Great Tusk|100\/100\n|-enditem|p2a: Great Tusk|Booster Energy\n|-activate|p2a: Great Tusk|ability: Protosynthesis|[fromitem]\n|-start|p2a: Great Tusk|protosynthesisspe\n|move|p1a: spain without a|Stone Edge|p2a: Great Tusk\n|-resisted|p2a: Great Tusk\n|-damage|p2a: Great Tusk|95\/100\n|\n|-weather|RainDance|[upkeep]\n|upkeep\n|turn|4\n|c|\u2606OrionTheCat|20%\n|\n|t:|1700574030\n|-end|p1a: spain without a|Quark Drive|[silent]\n|switch|p1a: birb|Pelipper, F|100\/100\n|move|p2a: Great Tusk|Bulk Up|p2a: Great Tusk\n|-boost|p2a: Great Tusk|atk|1\n|-boost|p2a: Great Tusk|def|1\n|\n|-weather|RainDance|[upkeep]\n|upkeep\n|turn|5\n|c|\u2606OrionTheCat|why do i always mis s\n|\n|t:|1700574043\n|-end|p2a: Great Tusk|Protosynthesis|[silent]\n|switch|p2a: Zapdos|Zapdos|100\/100\n|move|p1a: birb|Surf|p2a: Zapdos\n|-damage|p2a: Zapdos|61\/100\n|\n|-weather|RainDance|[upkeep]\n|-heal|p2a: Zapdos|67\/100|[from] item: Leftovers\n|upkeep\n|turn|6\n|\n|t:|1700574055\n|switch|p1a: spain without a|Iron Treads|63\/100\n|move|p2a: Zapdos|Heat Wave|p1a: spain without a\n|-supereffective|p1a: spain without a\n|-damage|p1a: spain without a|38\/100\n|\n|-weather|RainDance|[upkeep]\n|-heal|p2a: Zapdos|73\/100|[from] item: Leftovers\n|upkeep\n|turn|7\n|c|\u2606OrionTheCat|why do i get the miss and you don't\n|\n|t:|1700574071\n|switch|p2a: Great Tusk|Great Tusk|95\/100\n|move|p1a: spain without a|Stone Edge|p2a: Great Tusk\n|-resisted|p2a: Great Tusk\n|-damage|p2a: Great Tusk|90\/100\n|\n|-weather|RainDance|[upkeep]\n|upkeep\n|turn|8\n|\n|t:|1700574092\n|-end|p1a: spain without a|Quark Drive|[silent]\n|switch|p1a: birb|Pelipper, F|100\/100\n|move|p2a: Great Tusk|Close Combat|p1a: birb\n|-resisted|p1a: birb\n|-damage|p1a: birb|80\/100\n|-unboost|p2a: Great Tusk|def|1\n|-unboost|p2a: Great Tusk|spd|1\n|\n|-weather|none\n|upkeep\n|turn|9\n|\n|t:|1700574110\n|-end|p2a: Great Tusk|Protosynthesis|[silent]\n|switch|p2a: Zapdos|Zapdos|73\/100\n|switch|p1a: armored birb|Corviknight, F|100\/100\n|-ability|p1a: armored birb|Pressure\n|\n|-heal|p2a: Zapdos|80\/100|[from] item: Leftovers\n|upkeep\n|turn|10\n|\n|t:|1700574126\n|switch|p1a: \ud83d\udcee|Amoonguss, F|100\/100\n|move|p2a: Zapdos|Discharge|p1a: \ud83d\udcee\n|-resisted|p1a: \ud83d\udcee\n|-damage|p1a: \ud83d\udcee|86\/100\n|-status|p1a: \ud83d\udcee|par\n|-enditem|p1a: \ud83d\udcee|Red Card|[of] p2a: Zapdos\n|drag|p2a: Cinderace|Cinderace, F|100\/100\n|\n|upkeep\n|turn|11\n|c|\u2606OrionTheCat|too much rng i'm out\n|-message|OrionTheCat forfeited.\n|\n|win|VikontAlu\n|raw|OrionTheCat's rating: 1100 &rarr; <strong>1082<\/strong><br \/>(-18 for losing)\n|raw|VikontAlu's rating: 1195 &rarr; <strong>1213<\/strong><br \/>(+18 for winning)\n|l|\u2606OrionTheCat\n|c|\u2606VikontAlu|ha ha\n","uploadtime":1700574156,"views":3,"p1id":"orionthecat","p2id":"vikontalu","formatid":"gen9ou","rating":1082,"private":0,"password":""}