{"id":"gen9ou-1991035023","p1":"SDK04","p2":"reyalpssehc","format":"[Gen 9] OU","log":"|j|\u2606SDK04\n|j|\u2606reyalpssehc\n|t:|1700031918\n|gametype|singles\n|player|p1|SDK04|unknown|\n|player|p2|reyalpssehc|fisherman-gen4|\n|teamsize|p1|6\n|teamsize|p2|6\n|gen|9\n|tier|[Gen 9] OU\n|rule|Sleep Clause Mod: Limit one foe put to sleep\n|rule|Species Clause: Limit one of each Pok\u00e9mon\n|rule|OHKO Clause: OHKO moves are banned\n|rule|Evasion Items Clause: Evasion items are banned\n|rule|Evasion Moves Clause: Evasion moves are banned\n|rule|Endless Battle Clause: Forcing endless battles is banned\n|rule|HP Percentage Mod: HP is shown in percentages\n|clearpoke\n|poke|p1|Munkidori, M|\n|poke|p1|Rillaboom, F|\n|poke|p1|Dragonite, M|\n|poke|p1|Wo-Chien|\n|poke|p1|Great Tusk|\n|poke|p1|Muk-Alola, M|\n|poke|p2|Glimmet, M|\n|poke|p2|Alomomola, M|\n|poke|p2|Dondozo, M|\n|poke|p2|Samurott-Hisui, M|\n|poke|p2|Clefable, M|\n|poke|p2|Great Tusk|\n|teampreview\n|inactive|Battle timer is ON: inactive players will automatically lose when time's up. (requested by reyalpssehc)\n|inactive|SDK04 has 270 seconds left.\n|\n|t:|1700031971\n|start\n|switch|p1a: Mojo Jojo|Munkidori, M|100\/100\n|switch|p2a: Glimmet|Glimmet, M|100\/100\n|turn|1\n|\n|t:|1700031990\n|move|p1a: Mojo Jojo|U-turn|p2a: Glimmet\n|-resisted|p2a: Glimmet\n|-damage|p2a: Glimmet|94\/100\n|-activate|p2a: Glimmet|ability: Toxic Debris\n|-sidestart|p1: SDK04|move: Toxic Spikes\n|\n|t:|1700031993\n|switch|p1a: Certified Eater|Muk-Alola, M|100\/100|[from] U-turn\n|-sideend|p1: SDK04|move: Toxic Spikes|[of] p1a: Certified Eater\n|move|p2a: Glimmet|Reflect|p2a: Glimmet\n|-sidestart|p2: reyalpssehc|Reflect\n|\n|upkeep\n|turn|2\n|\n|t:|1700032018\n|switch|p2a: Great Tusk|Great Tusk|100\/100\n|-enditem|p2a: Great Tusk|Booster Energy\n|-activate|p2a: Great Tusk|ability: Protosynthesis|[fromitem]\n|-start|p2a: Great Tusk|protosynthesisatk\n|move|p1a: Certified Eater|Knock Off|p2a: Great Tusk\n|-resisted|p2a: Great Tusk\n|-damage|p2a: Great Tusk|96\/100\n|\n|upkeep\n|turn|3\n|\n|t:|1700032028\n|switch|p1a: Donphan-Therian|Great Tusk|100\/100\n|move|p2a: Great Tusk|Earthquake|p1a: Donphan-Therian\n|-damage|p1a: Donphan-Therian|70\/100\n|\n|upkeep\n|turn|4\n|\n|t:|1700032039\n|-end|p2a: Great Tusk|Protosynthesis|[silent]\n|switch|p2a: Clefable|Clefable, M|100\/100\n|move|p1a: Donphan-Therian|Stealth Rock|p2a: Clefable\n|-sidestart|p2: reyalpssehc|move: Stealth Rock\n|\n|upkeep\n|turn|5\n|j| dam im banned\n|\n|t:|1700032045\n|-end|p1a: Donphan-Therian|Protosynthesis|[silent]\n|switch|p1a: Mojo Jojo|Munkidori, M|100\/100\n|move|p2a: Clefable|Draining Kiss|p1a: Mojo Jojo\n|-resisted|p1a: Mojo Jojo\n|-damage|p1a: Mojo Jojo|88\/100\n|\n|-sideend|p2: reyalpssehc|Reflect\n|upkeep\n|turn|6\n|\n|t:|1700032052\n|switch|p2a: Glimmet|Glimmet, M|94\/100\n|-damage|p2a: Glimmet|82\/100|[from] Stealth Rock\n|move|p1a: Mojo Jojo|U-turn|p2a: Glimmet\n|-resisted|p2a: Glimmet\n|-damage|p2a: Glimmet|75\/100\n|-activate|p2a: Glimmet|ability: Toxic Debris\n|-sidestart|p1: SDK04|move: Toxic Spikes\n|j| Naturalharmoniax\n|\n|t:|1700032060\n|switch|p1a: Certified Eater|Muk-Alola, M|100\/100|[from] U-turn\n|-sideend|p1: SDK04|move: Toxic Spikes|[of] p1a: Certified Eater\n|\n|upkeep\n|turn|7\n|c| dam im banned|Bro wtf is this team\n|l| Naturalharmoniax\n|c|\u2606reyalpssehc|idk bro\n|j| Naturalharmoniax\n|\n|t:|1700032090\n|switch|p2a: Great Tusk|Great Tusk|96\/100\n|-damage|p2a: Great Tusk|93\/100|[from] Stealth Rock\n|move|p1a: Certified Eater|Knock Off|p2a: Great Tusk\n|-resisted|p2a: Great Tusk\n|-damage|p2a: Great Tusk|84\/100\n|\n|upkeep\n|turn|8\n|\n|t:|1700032096\n|switch|p1a: Donphan-Therian|Great Tusk|70\/100\n|move|p2a: Great Tusk|Rapid Spin|p1a: Donphan-Therian\n|-damage|p1a: Donphan-Therian|62\/100\n|-boost|p2a: Great Tusk|spe|1\n|-damage|p2a: Great Tusk|68\/100|[from] item: Rocky Helmet|[of] p1a: Donphan-Therian\n|-sideend|p2: reyalpssehc|Stealth Rock|[from] move: Rapid Spin|[of] p2a: Great Tusk\n|\n|upkeep\n|turn|9\n|\n|t:|1700032106\n|-end|p2a: Great Tusk|Protosynthesis|[silent]\n|switch|p2a: Samurott|Samurott-Hisui, M|100\/100\n|move|p1a: Donphan-Therian|Ice Spinner|p2a: Samurott\n|-resisted|p2a: Samurott\n|-damage|p2a: Samurott|86\/100\n|\n|upkeep\n|turn|10\n|\n|t:|1700032118\n|-end|p1a: Donphan-Therian|Protosynthesis|[silent]\n|switch|p1a: Autumn|Wo-Chien|100\/100\n|-ability|p1a: Autumn|Tablets of Ruin\n|move|p2a: Samurott|X-Scissor|p1a: Autumn\n|-supereffective|p1a: Autumn\n|-damage|p1a: Autumn|4\/100\n|\n|upkeep\n|turn|11\n|j| Phaoryx\n|\n|t:|1700032135\n|switch|p1a: Donphan-Therian|Great Tusk|62\/100\n|move|p2a: Samurott|X-Scissor|p1a: Donphan-Therian\n|-resisted|p1a: Donphan-Therian\n|-damage|p1a: Donphan-Therian|54\/100\n|-damage|p2a: Samurott|70\/100|[from] item: Rocky Helmet|[of] p1a: Donphan-Therian\n|\n|upkeep\n|turn|12\n|\n|t:|1700032151\n|switch|p2a: Dondozo|Dondozo, M|100\/100\n|move|p1a: Donphan-Therian|High Horsepower|p2a: Dondozo|[miss]\n|-miss|p1a: Donphan-Therian|p2a: Dondozo\n|\n|upkeep\n|turn|13\n|l| Naturalharmoniax\n|\n|t:|1700032162\n|-end|p1a: Donphan-Therian|Protosynthesis|[silent]\n|switch|p1a: Nature\u2019s Nuke|Rillaboom, F, shiny|100\/100\n|-fieldstart|move: Grassy Terrain|[from] ability: Grassy Surge|[of] p1a: Nature\u2019s Nuke\n|move|p2a: Dondozo|Avalanche|p1a: Nature\u2019s Nuke\n|-supereffective|p1a: Nature\u2019s Nuke\n|-damage|p1a: Nature\u2019s Nuke|58\/100\n|\n|-heal|p1a: Nature\u2019s Nuke|65\/100|[from] Grassy Terrain\n|upkeep\n|turn|14\n|\n|t:|1700032170\n|-terastallize|p2a: Dondozo|Steel\n|move|p1a: Nature\u2019s Nuke|Grassy Glide|p2a: Dondozo\n|-resisted|p2a: Dondozo\n|-damage|p2a: Dondozo|90\/100\n|move|p2a: Dondozo|Avalanche|p1a: Nature\u2019s Nuke\n|-supereffective|p1a: Nature\u2019s Nuke\n|-damage|p1a: Nature\u2019s Nuke|0 fnt\n|faint|p1a: Nature\u2019s Nuke\n|\n|-heal|p2a: Dondozo|97\/100|[from] Grassy Terrain\n|-heal|p2a: Dondozo|100\/100|[from] item: Leftovers\n|upkeep\n|\n|t:|1700032176\n|switch|p1a: Autumn|Wo-Chien|4\/100\n|-ability|p1a: Autumn|Tablets of Ruin\n|turn|15\n|c|\u2606reyalpssehc|its going well for me though\n|\n|t:|1700032193\n|move|p1a: Autumn|Dark Pulse|p2a: Dondozo\n|-damage|p2a: Dondozo|50\/100\n|move|p2a: Dondozo|Avalanche|p1a: Autumn\n|-supereffective|p1a: Autumn\n|-damage|p1a: Autumn|0 fnt\n|faint|p1a: Autumn\n|\n|-heal|p2a: Dondozo|56\/100|[from] Grassy Terrain\n|-heal|p2a: Dondozo|63\/100|[from] item: Leftovers\n|upkeep\n|\n|t:|1700032198\n|switch|p1a: Mojo Jojo|Munkidori, M|88\/100\n|turn|16\n|\n|t:|1700032209\n|move|p1a: Mojo Jojo|Focus Blast|p2a: Dondozo\n|-supereffective|p2a: Dondozo\n|-damage|p2a: Dondozo|0 fnt\n|faint|p2a: Dondozo\n|\n|-heal|p1a: Mojo Jojo|94\/100|[from] Grassy Terrain\n|upkeep\n|\n|t:|1700032218\n|switch|p2a: Clefable|Clefable, M|100\/100\n|turn|17\n|\n|t:|1700032221\n|switch|p1a: Certified Eater|Muk-Alola, M|100\/100\n|move|p2a: Clefable|Wish|p2a: Clefable\n|\n|-fieldend|move: Grassy Terrain\n|upkeep\n|turn|18\n|\n|t:|1700032227\n|switch|p2a: Great Tusk|Great Tusk|68\/100\n|move|p1a: Certified Eater|Knock Off|p2a: Great Tusk\n|-resisted|p2a: Great Tusk\n|-damage|p2a: Great Tusk|59\/100\n|-status|p2a: Great Tusk|psn|[from] ability: Poison Touch|[of] p1a: Certified Eater\n|\n|-heal|p2a: Great Tusk|100\/100 psn|[from] move: Wish|[wisher] Clefable\n|-damage|p2a: Great Tusk|88\/100 psn|[from] psn\n|upkeep\n|turn|19\n|\n|t:|1700032237\n|switch|p1a: Navigator|Dragonite, M|100\/100\n|move|p2a: Great Tusk|Brick Break|p1a: Navigator\n|-resisted|p1a: Navigator\n|-damage|p1a: Navigator|89\/100\n|\n|-damage|p2a: Great Tusk|76\/100 psn|[from] psn\n|upkeep\n|turn|20\n|\n|t:|1700032244\n|-end|p2a: Great Tusk|Protosynthesis|[silent]\n|switch|p2a: Alomomola|Alomomola, M|100\/100\n|move|p1a: Navigator|Ice Spinner|p2a: Alomomola\n|-resisted|p2a: Alomomola\n|-damage|p2a: Alomomola|88\/100\n|\n|upkeep\n|turn|21\n|\n|t:|1700032251\n|switch|p1a: Mojo Jojo|Munkidori, M|94\/100\n|move|p2a: Alomomola|Icy Wind|p1a: Mojo Jojo\n|-damage|p1a: Mojo Jojo|87\/100\n|-unboost|p1a: Mojo Jojo|spe|1\n|\n|upkeep\n|turn|22\n|\n|t:|1700032256\n|move|p2a: Alomomola|Protect|p2a: Alomomola\n|-singleturn|p2a: Alomomola|Protect\n|move|p1a: Mojo Jojo|U-turn|p2a: Alomomola\n|-activate|p2a: Alomomola|move: Protect\n|\n|upkeep\n|turn|23\n|\n|t:|1700032265\n|switch|p2a: Glimmet|Glimmet, M|75\/100\n|move|p1a: Mojo Jojo|U-turn|p2a: Glimmet\n|-resisted|p2a: Glimmet\n|-damage|p2a: Glimmet|68\/100\n|-activate|p2a: Glimmet|ability: Toxic Debris\n|-sidestart|p1: SDK04|move: Toxic Spikes\n|\n|t:|1700032270\n|switch|p1a: Certified Eater|Muk-Alola, M|100\/100|[from] U-turn\n|-sideend|p1: SDK04|move: Toxic Spikes|[of] p1a: Certified Eater\n|\n|upkeep\n|turn|24\n|\n|t:|1700032276\n|move|p2a: Glimmet|Reflect|p2a: Glimmet\n|-sidestart|p2: reyalpssehc|Reflect\n|move|p1a: Certified Eater|Knock Off|p2a: Glimmet\n|-damage|p2a: Glimmet|46\/100\n|-activate|p2a: Glimmet|ability: Toxic Debris\n|-sidestart|p1: SDK04|move: Toxic Spikes\n|-enditem|p2a: Glimmet|Eviolite|[from] move: Knock Off|[of] p1a: Certified Eater\n|\n|upkeep\n|turn|25\n|\n|t:|1700032286\n|switch|p2a: Great Tusk|Great Tusk|76\/100 psn\n|move|p1a: Certified Eater|Knock Off|p2a: Great Tusk\n|-resisted|p2a: Great Tusk\n|-crit|p2a: Great Tusk\n|-damage|p2a: Great Tusk|62\/100 psn\n|\n|-damage|p2a: Great Tusk|50\/100 psn|[from] psn\n|upkeep\n|turn|26\n|\n|t:|1700032297\n|switch|p1a: Navigator|Dragonite, M|89\/100\n|move|p2a: Great Tusk|Headlong Rush|p1a: Navigator\n|-immune|p1a: Navigator\n|\n|-damage|p2a: Great Tusk|37\/100 psn|[from] psn\n|upkeep\n|turn|27\n|\n|t:|1700032307\n|-end|p2a: Great Tusk|Protosynthesis|[silent]\n|switch|p2a: Alomomola|Alomomola, M|100\/100\n|move|p1a: Navigator|Ice Spinner|p2a: Alomomola\n|-resisted|p2a: Alomomola\n|-damage|p2a: Alomomola|94\/100\n|\n|upkeep\n|turn|28\n|\n|t:|1700032316\n|switch|p1a: Mojo Jojo|Munkidori, M|87\/100\n|-sideend|p1: SDK04|move: Toxic Spikes|[of] p1a: Mojo Jojo\n|move|p2a: Alomomola|Icy Wind|p1a: Mojo Jojo\n|-damage|p1a: Mojo Jojo|78\/100\n|-unboost|p1a: Mojo Jojo|spe|1\n|\n|-sideend|p2: reyalpssehc|Reflect\n|upkeep\n|turn|29\n|\n|t:|1700032323\n|switch|p2a: Great Tusk|Great Tusk|37\/100 psn\n|move|p1a: Mojo Jojo|Psychic|p2a: Great Tusk\n|-supereffective|p2a: Great Tusk\n|-damage|p2a: Great Tusk|0 fnt\n|faint|p2a: Great Tusk\n|-end|p2a: Great Tusk|Protosynthesis|[silent]\n|\n|upkeep\n|\n|t:|1700032329\n|switch|p2a: Samurott|Samurott-Hisui, M|70\/100\n|turn|30\n|\n|t:|1700032335\n|switch|p1a: Donphan-Therian|Great Tusk|54\/100\n|move|p2a: Samurott|Ceaseless Edge|p1a: Donphan-Therian\n|-resisted|p1a: Donphan-Therian\n|-damage|p1a: Donphan-Therian|43\/100\n|-damage|p2a: Samurott|53\/100|[from] item: Rocky Helmet|[of] p1a: Donphan-Therian\n|-sidestart|p1: SDK04|Spikes\n|\n|upkeep\n|turn|31\n|\n|t:|1700032341\n|switch|p2a: Glimmet|Glimmet, M|46\/100\n|move|p1a: Donphan-Therian|Rapid Spin|p2a: Glimmet\n|-resisted|p2a: Glimmet\n|-damage|p2a: Glimmet|32\/100\n|-boost|p1a: Donphan-Therian|spe|1\n|-activate|p2a: Glimmet|ability: Toxic Debris\n|-sidestart|p1: SDK04|move: Toxic Spikes\n|-sideend|p1: SDK04|Spikes|[from] move: Rapid Spin|[of] p1a: Donphan-Therian\n|-sideend|p1: SDK04|Toxic Spikes|[from] move: Rapid Spin|[of] p1a: Donphan-Therian\n|\n|upkeep\n|turn|32\n|\n|t:|1700032348\n|move|p1a: Donphan-Therian|High Horsepower|p2a: Glimmet\n|-supereffective|p2a: Glimmet\n|-damage|p2a: Glimmet|0 fnt\n|-activate|p2a: Glimmet|ability: Toxic Debris\n|-sidestart|p1: SDK04|move: Toxic Spikes\n|faint|p2a: Glimmet\n|\n|upkeep\n|\n|t:|1700032351\n|switch|p2a: Clefable|Clefable, M|100\/100\n|turn|33\n|\n|t:|1700032354\n|move|p2a: Clefable|Draining Kiss|p1a: Donphan-Therian\n|-supereffective|p1a: Donphan-Therian\n|-damage|p1a: Donphan-Therian|0 fnt\n|faint|p1a: Donphan-Therian\n|-end|p1a: Donphan-Therian|Protosynthesis|[silent]\n|\n|upkeep\n|c|\u2606SDK04|Is that Scarf Clefable\n|c|\u2606reyalpssehc|no\n|c|\u2606SDK04|How did it outspeed then\n|inactive|SDK04 has 270 seconds left.\n|\n|t:|1700032392\n|switch|p1a: Certified Eater|Muk-Alola, M|100\/100\n|-sideend|p1: SDK04|move: Toxic Spikes|[of] p1a: Certified Eater\n|turn|34\n|inactive|SDK04 has 270 seconds left.\n|\n|t:|1700032399\n|switch|p2a: Alomomola|Alomomola, M|100\/100\n|move|p1a: Certified Eater|Protect||[still]\n|-fail|p1a: Certified Eater\n|\n|upkeep\n|turn|35\n|\n|t:|1700032402\n|switch|p1a: Mojo Jojo|Munkidori, M|78\/100\n|move|p2a: Alomomola|Wish|p2a: Alomomola\n|\n|upkeep\n|turn|36\n|\n|t:|1700032408\n|switch|p2a: Samurott|Samurott-Hisui, M|53\/100\n|move|p1a: Mojo Jojo|U-turn|p2a: Samurott\n|-supereffective|p2a: Samurott\n|-damage|p2a: Samurott|23\/100\n|\n|t:|1700032411\n|switch|p1a: Navigator|Dragonite, M|89\/100|[from] U-turn\n|\n|-heal|p2a: Samurott|100\/100|[from] move: Wish|[wisher] Alomomola\n|upkeep\n|turn|37\n|\n|t:|1700032429\n|-terastallize|p1a: Navigator|Normal\n|move|p1a: Navigator|Extreme Speed|p2a: Samurott\n|-damage|p2a: Samurott|18\/100\n|move|p2a: Samurott|Ceaseless Edge|p1a: Navigator\n|-crit|p1a: Navigator\n|-damage|p1a: Navigator|20\/100\n|-sidestart|p1: SDK04|Spikes\n|\n|upkeep\n|turn|38\n|\n|t:|1700032436\n|move|p1a: Navigator|Extreme Speed|p2a: Samurott\n|-damage|p2a: Samurott|0 fnt\n|faint|p2a: Samurott\n|\n|upkeep\n|\n|t:|1700032440\n|switch|p2a: Alomomola|Alomomola, M|100\/100\n|turn|39\n|\n|t:|1700032447\n|switch|p1a: Mojo Jojo|Munkidori, M|78\/100\n|-damage|p1a: Mojo Jojo|66\/100|[from] Spikes\n|move|p2a: Alomomola|Icy Wind|p1a: Mojo Jojo\n|-damage|p1a: Mojo Jojo|58\/100\n|-unboost|p1a: Mojo Jojo|spe|1\n|\n|upkeep\n|turn|40\n|\n|t:|1700032452\n|move|p1a: Mojo Jojo|Psychic|p2a: Alomomola\n|-damage|p2a: Alomomola|42\/100\n|move|p2a: Alomomola|Icy Wind|p1a: Mojo Jojo\n|-damage|p1a: Mojo Jojo|51\/100\n|-unboost|p1a: Mojo Jojo|spe|1\n|\n|upkeep\n|turn|41\n|\n|t:|1700032455\n|move|p2a: Alomomola|Protect|p2a: Alomomola\n|-singleturn|p2a: Alomomola|Protect\n|move|p1a: Mojo Jojo|Psychic|p2a: Alomomola\n|-activate|p2a: Alomomola|move: Protect\n|\n|upkeep\n|turn|42\n|\n|t:|1700032459\n|move|p1a: Mojo Jojo|Psychic|p2a: Alomomola\n|-damage|p2a: Alomomola|0 fnt\n|faint|p2a: Alomomola\n|\n|upkeep\n|\n|t:|1700032461\n|switch|p2a: Clefable|Clefable, M|100\/100\n|turn|43\n|\n|t:|1700032465\n|move|p2a: Clefable|Drain Punch|p1a: Mojo Jojo\n|-resisted|p1a: Mojo Jojo\n|-damage|p1a: Mojo Jojo|46\/100\n|move|p1a: Mojo Jojo|Psychic|p2a: Clefable\n|-damage|p2a: Clefable|43\/100\n|\n|upkeep\n|turn|44\n|c|\u2606reyalpssehc|well, gg\n|c|\u2606SDK04|Draining Kiss \/ Drain Punch Clefable\n|j| imsocleannlol\n|c|\u2606SDK04|Bro is losing all the matches with this\n|\n|t:|1700032494\n|move|p2a: Clefable|Drain Punch|p1a: Mojo Jojo\n|-resisted|p1a: Mojo Jojo\n|-damage|p1a: Mojo Jojo|41\/100\n|-heal|p2a: Clefable|46\/100|[from] drain|[of] p1a: Mojo Jojo\n|move|p1a: Mojo Jojo|Psychic|p2a: Clefable\n|-damage|p2a: Clefable|0 fnt\n|faint|p2a: Clefable\n|\n|win|SDK04\n|l| imsocleannlol\n|c| Phaoryx|that is indeed a set\n|l| Phaoryx\n|player|p1|SDK04|unknown\n","uploadtime":1700032501,"views":6,"p1id":"sdk04","p2id":"reyalpssehc","formatid":"gen9ou","rating":0,"private":0,"password":""}