{"id":"gen9ou-1996408181","p1":"ookillemd-tan","p2":"Peratest","format":"[Gen 9] OU","log":"|j|\u2606ookillemd-tan\n|j|\u203dPeratest\n|t:|1700679156\n|gametype|singles\n|player|p1|ookillemd-tan|170|1717\n|player|p2|Peratest|linebacker|1630\n|teamsize|p1|6\n|teamsize|p2|6\n|gen|9\n|tier|[Gen 9] OU\n|rated|\n|rule|Sleep Clause Mod: Limit one foe put to sleep\n|rule|Species Clause: Limit one of each Pok\u00e9mon\n|rule|OHKO Clause: OHKO moves are banned\n|rule|Evasion Items Clause: Evasion items are banned\n|rule|Evasion Moves Clause: Evasion moves are banned\n|rule|Endless Battle Clause: Forcing endless battles is banned\n|rule|HP Percentage Mod: HP is shown in percentages\n|clearpoke\n|poke|p1|Iron Valiant|\n|poke|p1|Alomomola, F|\n|poke|p1|Slowking-Galar, F|\n|poke|p1|Rillaboom, F|\n|poke|p1|Cinderace, F|\n|poke|p1|Samurott-Hisui, F|\n|poke|p2|Ogerpon, F|\n|poke|p2|Cinderace, M|\n|poke|p2|Corviknight, M|\n|poke|p2|Clodsire, M|\n|poke|p2|Iron Valiant|\n|poke|p2|Greninja-*, M|\n|teampreview\n|\n|t:|1700679174\n|start\n|switch|p1a: Alomomola|Alomomola, F|100\/100\n|switch|p2a: Iron Valiant|Iron Valiant, shiny|100\/100\n|-enditem|p2a: Iron Valiant|Booster Energy\n|-activate|p2a: Iron Valiant|ability: Quark Drive|[fromitem]\n|-start|p2a: Iron Valiant|quarkdrivespe\n|turn|1\n|\n|t:|1700679184\n|move|p2a: Iron Valiant|Thunderbolt|p1a: Alomomola\n|-supereffective|p1a: Alomomola\n|-damage|p1a: Alomomola|43\/100\n|move|p1a: Alomomola|Flip Turn|p2a: Iron Valiant\n|-damage|p2a: Iron Valiant|81\/100\n|\n|t:|1700679201\n|switch|p1a: Slowking|Slowking-Galar, F|100\/100|[from] Flip Turn\n|\n|upkeep\n|turn|2\n|\n|t:|1700679207\n|-end|p2a: Iron Valiant|Quark Drive|[silent]\n|switch|p2a: Corviknight|Corviknight, M, shiny|100\/100\n|move|p1a: Slowking|Eerie Spell|p2a: Corviknight\n|-resisted|p2a: Corviknight\n|-damage|p2a: Corviknight|86\/100\n|\n|upkeep\n|turn|3\n|\n|t:|1700679216\n|move|p2a: Corviknight|U-turn|p1a: Slowking\n|-damage|p1a: Slowking|86\/100\n|\n|t:|1700679219\n|switch|p2a: Greninja|Greninja, M|100\/100|[from] U-turn\n|move|p1a: Slowking|Future Sight|p2a: Greninja\n|-start|p1a: Slowking|move: Future Sight\n|\n|upkeep\n|turn|4\n|\n|t:|1700679226\n|switch|p1a: Samurott|Samurott-Hisui, F|100\/100\n|move|p2a: Greninja|Dark Pulse|p1a: Samurott\n|-resisted|p1a: Samurott\n|-damage|p1a: Samurott|74\/100\n|\n|upkeep\n|turn|5\n|\n|t:|1700679234\n|switch|p2a: Corviknight|Corviknight, M, shiny|86\/100\n|move|p1a: Samurott|Sacred Sword|p2a: Corviknight\n|-damage|p2a: Corviknight|63\/100\n|-damage|p1a: Samurott|58\/100|[from] item: Rocky Helmet|[of] p2a: Corviknight\n|\n|-end|p2a: Corviknight|move: Future Sight\n|-resisted|p2a: Corviknight\n|-damage|p2a: Corviknight|42\/100\n|upkeep\n|turn|6\n|\n|t:|1700679250\n|switch|p1a: Cinderace|Cinderace, F|100\/100\n|move|p2a: Corviknight|Roost|p2a: Corviknight\n|-heal|p2a: Corviknight|92\/100\n|-singleturn|p2a: Corviknight|move: Roost\n|\n|upkeep\n|turn|7\n|\n|t:|1700679258\n|switch|p2a: Cinderace|Cinderace, M, shiny|100\/100\n|move|p1a: Cinderace|Pyro Ball|p2a: Cinderace\n|-resisted|p2a: Cinderace\n|-damage|p2a: Cinderace|59\/100\n|\n|upkeep\n|turn|8\n|\n|t:|1700679270\n|move|p1a: Cinderace|U-turn|p2a: Cinderace\n|-start|p1a: Cinderace|typechange|Bug|[from] ability: Libero\n|-resisted|p2a: Cinderace\n|-crit|p2a: Cinderace\n|-damage|p2a: Cinderace|20\/100\n|\n|t:|1700679273\n|switch|p1a: Alomomola|Alomomola, F|77\/100|[from] U-turn\n|move|p2a: Cinderace|U-turn|p1a: Alomomola\n|-start|p2a: Cinderace|typechange|Bug|[from] ability: Libero\n|-damage|p1a: Alomomola|55\/100\n|\n|t:|1700679287\n|switch|p2a: Greninja|Greninja, M|100\/100|[from] U-turn\n|\n|upkeep\n|turn|9\n|\n|t:|1700679293\n|switch|p1a: Samurott|Samurott-Hisui, F|58\/100\n|move|p2a: Greninja|Dark Pulse|p1a: Samurott\n|-resisted|p1a: Samurott\n|-damage|p1a: Samurott|32\/100\n|\n|upkeep\n|turn|10\n|\n|t:|1700679309\n|switch|p2a: Corviknight|Corviknight, M, shiny|92\/100\n|move|p1a: Samurott|Sacred Sword|p2a: Corviknight\n|-damage|p2a: Corviknight|67\/100\n|-damage|p1a: Samurott|15\/100|[from] item: Rocky Helmet|[of] p2a: Corviknight\n|\n|upkeep\n|turn|11\n|\n|t:|1700679320\n|switch|p1a: Cinderace|Cinderace, F|100\/100\n|move|p2a: Corviknight|U-turn|p1a: Cinderace\n|-resisted|p1a: Cinderace\n|-damage|p1a: Cinderace|91\/100\n|\n|t:|1700679327\n|switch|p2a: Greninja|Greninja, M|100\/100|[from] U-turn\n|\n|upkeep\n|turn|12\n|\n|t:|1700679341\n|move|p2a: Greninja|Water Shuriken|p1a: Cinderace\n|-supereffective|p1a: Cinderace\n|-damage|p1a: Cinderace|71\/100\n|-supereffective|p1a: Cinderace\n|-damage|p1a: Cinderace|50\/100\n|-supereffective|p1a: Cinderace\n|-damage|p1a: Cinderace|30\/100\n|-supereffective|p1a: Cinderace\n|-damage|p1a: Cinderace|8\/100\n|-supereffective|p1a: Cinderace\n|-damage|p1a: Cinderace|0 fnt\n|faint|p1a: Cinderace\n|-ability|p2a: Greninja|Battle Bond|boost\n|-boost|p2a: Greninja|atk|1\n|-boost|p2a: Greninja|spa|1\n|-boost|p2a: Greninja|spe|1\n|-activate|p2a: Greninja|ability: Battle Bond\n|-hitcount|p1: Cinderace|5\n|\n|upkeep\n|\n|t:|1700679345\n|switch|p1a: Rillaboom|Rillaboom, F|100\/100\n|-fieldstart|move: Grassy Terrain|[from] ability: Grassy Surge|[of] p1a: Rillaboom\n|turn|13\n|\n|t:|1700679360\n|switch|p2a: Corviknight|Corviknight, M, shiny|67\/100\n|move|p1a: Rillaboom|U-turn|p2a: Corviknight\n|-resisted|p2a: Corviknight\n|-damage|p2a: Corviknight|61\/100\n|-damage|p1a: Rillaboom|84\/100|[from] item: Rocky Helmet|[of] p2a: Corviknight\n|\n|t:|1700679365\n|switch|p1a: Iron Valiant|Iron Valiant|100\/100|[from] U-turn\n|\n|upkeep\n|turn|14\n|\n|t:|1700679371\n|switch|p2a: Clodsire|Clodsire, M, shiny|100\/100\n|move|p1a: Iron Valiant|Thunderbolt|p2a: Clodsire\n|-immune|p2a: Clodsire\n|\n|upkeep\n|turn|15\n|\n|t:|1700679380\n|-end|p1a: Iron Valiant|Quark Drive|[silent]\n|switch|p1a: Slowking|Slowking-Galar, F|100\/100\n|switch|p2a: Corviknight|Corviknight, M, shiny|61\/100\n|\n|upkeep\n|turn|16\n|\n|t:|1700679387\n|move|p2a: Corviknight|Roost|p2a: Corviknight\n|-heal|p2a: Corviknight|100\/100\n|-singleturn|p2a: Corviknight|move: Roost\n|move|p1a: Slowking|Eerie Spell|p2a: Corviknight\n|-resisted|p2a: Corviknight\n|-damage|p2a: Corviknight|85\/100\n|-activate|p2a: Corviknight|move: Eerie Spell|Roost|3\n|\n|-heal|p2a: Corviknight|91\/100|[from] Grassy Terrain\n|upkeep\n|turn|17\n|\n|t:|1700679399\n|move|p2a: Corviknight|Brave Bird|p1a: Slowking\n|-crit|p1a: Slowking\n|-damage|p1a: Slowking|43\/100\n|-damage|p2a: Corviknight|73\/100|[from] Recoil\n|move|p1a: Slowking|Future Sight|p2a: Corviknight\n|-start|p1a: Slowking|move: Future Sight\n|\n|-heal|p1a: Slowking|49\/100|[from] Grassy Terrain\n|-fieldend|move: Grassy Terrain\n|upkeep\n|turn|18\n|\n|t:|1700679408\n|switch|p1a: Alomomola|Alomomola, F|89\/100\n|move|p2a: Corviknight|U-turn|p1a: Alomomola\n|-damage|p1a: Alomomola|79\/100\n|\n|t:|1700679418\n|switch|p2a: Greninja|Greninja, M|100\/100|[from] U-turn\n|\n|upkeep\n|turn|19\n|\n|t:|1700679422\n|move|p1a: Alomomola|Protect|p1a: Alomomola\n|-singleturn|p1a: Alomomola|Protect\n|move|p2a: Greninja|Dark Pulse|p1a: Alomomola\n|-activate|p1a: Alomomola|move: Protect\n|\n|-end|p2a: Greninja|move: Future Sight\n|-immune|p2a: Greninja\n|upkeep\n|turn|20\n|\n|t:|1700679431\n|switch|p1a: Iron Valiant|Iron Valiant|100\/100\n|move|p2a: Greninja|Dark Pulse|p1a: Iron Valiant\n|-resisted|p1a: Iron Valiant\n|-damage|p1a: Iron Valiant|84\/100\n|\n|upkeep\n|turn|21\n|\n|t:|1700679444\n|switch|p2a: Clodsire|Clodsire, M, shiny|100\/100\n|move|p1a: Iron Valiant|Psyshock|p2a: Clodsire\n|-supereffective|p2a: Clodsire\n|-damage|p2a: Clodsire|18\/100\n|-damage|p1a: Iron Valiant|74\/100|[from] item: Life Orb\n|\n|-heal|p2a: Clodsire|24\/100|[from] item: Leftovers\n|upkeep\n|turn|22\n|inactive|Battle timer is ON: inactive players will automatically lose when time's up. (requested by Peratest)\n|\n|t:|1700679491\n|move|p1a: Iron Valiant|Close Combat|p2a: Clodsire\n|-resisted|p2a: Clodsire\n|-damage|p2a: Clodsire|0 fnt\n|-unboost|p1a: Iron Valiant|def|1\n|-unboost|p1a: Iron Valiant|spd|1\n|faint|p2a: Clodsire\n|-damage|p1a: Iron Valiant|64\/100|[from] item: Life Orb\n|\n|upkeep\n|\n|t:|1700679507\n|switch|p2a: Greninja|Greninja, M|100\/100\n|turn|23\n|\n|t:|1700679530\n|move|p2a: Greninja|Hydro Pump|p1a: Iron Valiant\n|-damage|p1a: Iron Valiant|0 fnt\n|faint|p1a: Iron Valiant\n|-end|p1a: Iron Valiant|Quark Drive|[silent]\n|\n|upkeep\n|\n|t:|1700679542\n|switch|p1a: Rillaboom|Rillaboom, F|84\/100\n|-fieldstart|move: Grassy Terrain|[from] ability: Grassy Surge|[of] p1a: Rillaboom\n|turn|24\n|\n|t:|1700679548\n|switch|p2a: Corviknight|Corviknight, M, shiny|73\/100\n|move|p1a: Rillaboom|Knock Off|p2a: Corviknight\n|-damage|p2a: Corviknight|42\/100\n|-damage|p1a: Rillaboom|68\/100|[from] item: Rocky Helmet|[of] p2a: Corviknight\n|-enditem|p2a: Corviknight|Rocky Helmet|[from] move: Knock Off|[of] p1a: Rillaboom\n|\n|-heal|p1a: Rillaboom|74\/100|[from] Grassy Terrain\n|upkeep\n|turn|25\n|\n|t:|1700679558\n|switch|p1a: Slowking|Slowking-Galar, F|82\/100\n|move|p2a: Corviknight|Roost|p2a: Corviknight\n|-heal|p2a: Corviknight|92\/100\n|-singleturn|p2a: Corviknight|move: Roost\n|\n|-heal|p2a: Corviknight|98\/100|[from] Grassy Terrain\n|-heal|p1a: Slowking|89\/100|[from] Grassy Terrain\n|upkeep\n|turn|26\n|\n|t:|1700679568\n|move|p2a: Corviknight|U-turn|p1a: Slowking\n|-damage|p1a: Slowking|72\/100\n|\n|t:|1700679571\n|switch|p2a: Greninja|Greninja, M|100\/100|[from] U-turn\n|move|p1a: Slowking|Future Sight|p2a: Greninja\n|-start|p1a: Slowking|move: Future Sight\n|\n|-heal|p1a: Slowking|78\/100|[from] Grassy Terrain\n|upkeep\n|turn|27\n|\n|t:|1700679580\n|move|p2a: Greninja|Dark Pulse|p1a: Slowking\n|-supereffective|p1a: Slowking\n|-damage|p1a: Slowking|34\/100\n|move|p1a: Slowking|Chilly Reception|p1a: Slowking\n|-weather|Snow\n|\n|t:|1700679585\n|switch|p1a: Samurott|Samurott-Hisui, F|15\/100|[from] Chilly Reception\n|\n|-weather|Snow|[upkeep]\n|-heal|p1a: Samurott|21\/100|[from] Grassy Terrain\n|upkeep\n|turn|28\n|\n|t:|1700679593\n|-terastallize|p2a: Greninja|Water\n|move|p2a: Greninja|Water Shuriken|p1a: Samurott\n|-resisted|p1a: Samurott\n|-damage|p1a: Samurott|15\/100\n|-resisted|p1a: Samurott\n|-damage|p1a: Samurott|7\/100\n|-resisted|p1a: Samurott\n|-damage|p1a: Samurott|0 fnt\n|faint|p1a: Samurott\n|-hitcount|p1: Samurott|3\n|\n|-weather|Snow|[upkeep]\n|-end|p2a: Greninja|move: Future Sight\n|-damage|p2a: Greninja|35\/100\n|-heal|p2a: Greninja|41\/100|[from] Grassy Terrain\n|-fieldend|move: Grassy Terrain\n|upkeep\n|\n|t:|1700679608\n|switch|p1a: Rillaboom|Rillaboom, F|74\/100\n|-fieldstart|move: Grassy Terrain|[from] ability: Grassy Surge|[of] p1a: Rillaboom\n|turn|29\n|\n|t:|1700679613\n|switch|p2a: Corviknight|Corviknight, M, shiny|98\/100\n|move|p1a: Rillaboom|Grassy Glide|p2a: Corviknight\n|-resisted|p2a: Corviknight\n|-damage|p2a: Corviknight|90\/100\n|\n|-weather|Snow|[upkeep]\n|-heal|p1a: Rillaboom|80\/100|[from] Grassy Terrain\n|upkeep\n|turn|30\n|\n|t:|1700679622\n|switch|p1a: Alomomola|Alomomola, F|100\/100\n|move|p2a: Corviknight|U-turn|p1a: Alomomola\n|-damage|p1a: Alomomola|92\/100\n|\n|t:|1700679629\n|switch|p2a: Ogerpon|Ogerpon, F|100\/100|[from] U-turn\n|\n|-weather|Snow|[upkeep]\n|-heal|p1a: Alomomola|98\/100|[from] Grassy Terrain\n|upkeep\n|turn|31\n|\n|t:|1700679647\n|-terastallize|p1a: Alomomola|Flying\n|move|p2a: Ogerpon|Ivy Cudgel|p1a: Alomomola\n|-resisted|p1a: Alomomola\n|-crit|p1a: Alomomola\n|-damage|p1a: Alomomola|64\/100\n|move|p1a: Alomomola|Tickle|p2a: Ogerpon\n|-unboost|p2a: Ogerpon|atk|1\n|-ability|p2a: Ogerpon|Defiant|boost\n|-boost|p2a: Ogerpon|atk|2\n|-unboost|p2a: Ogerpon|def|1\n|-ability|p2a: Ogerpon|Defiant|boost\n|-boost|p2a: Ogerpon|atk|2\n|\n|-weather|none\n|upkeep\n|turn|32\n|\n|t:|1700679662\n|move|p2a: Ogerpon|Rock Tomb|p1a: Alomomola\n|-supereffective|p1a: Alomomola\n|-damage|p1a: Alomomola|0 fnt\n|faint|p1a: Alomomola\n|\n|upkeep\n|\n|t:|1700679666\n|switch|p1a: Rillaboom|Rillaboom, F|80\/100\n|turn|33\n|j| dfghhhg\n|\n|t:|1700679681\n|move|p1a: Rillaboom|Grassy Glide|p2a: Ogerpon\n|-resisted|p2a: Ogerpon\n|-damage|p2a: Ogerpon|43\/100\n|move|p2a: Ogerpon|Ivy Cudgel|p1a: Rillaboom\n|-resisted|p1a: Rillaboom\n|-damage|p1a: Rillaboom|0 fnt\n|faint|p1a: Rillaboom\n|\n|-heal|p2a: Ogerpon|49\/100|[from] Grassy Terrain\n|-fieldend|move: Grassy Terrain\n|upkeep\n|-message|ookillemd-tan forfeited.\n|\n|win|Peratest\n|raw|ookillemd-tan's rating: 1717 &rarr; <strong>1692<\/strong><br \/>(-25 for losing)\n|raw|Peratest's rating: 1630 &rarr; <strong>1655<\/strong><br \/>(+25 for winning)\n|l|\u2606ookillemd-tan\n","uploadtime":1700679701,"views":1,"p1id":"ookillemdtan","p2id":"peratest","formatid":"gen9ou","rating":1655,"private":0,"password":""}