{"id":"gen9ou-1994404089","p1":"Pumpkinsausage1","p2":"ubanbaxs","format":"[Gen 9] OU","log":"|j|\u2606Pumpkinsausage1\n|j|\u203dubanbaxs\n|t:|1700440060\n|gametype|singles\n|player|p1|Pumpkinsausage1|1|1476\n|player|p2|ubanbaxs|caitlin-masters|1394\n|teamsize|p1|6\n|teamsize|p2|6\n|gen|9\n|tier|[Gen 9] OU\n|rated|\n|rule|Sleep Clause Mod: Limit one foe put to sleep\n|rule|Species Clause: Limit one of each Pok\u00e9mon\n|rule|OHKO Clause: OHKO moves are banned\n|rule|Evasion Items Clause: Evasion items are banned\n|rule|Evasion Moves Clause: Evasion moves are banned\n|rule|Endless Battle Clause: Forcing endless battles is banned\n|rule|HP Percentage Mod: HP is shown in percentages\n|clearpoke\n|poke|p1|Slowking-Galar, M|\n|poke|p1|Gholdengo|\n|poke|p1|Toxapex, F|\n|poke|p1|Garganacl, F|\n|poke|p1|Great Tusk|\n|poke|p1|Dondozo, M|\n|poke|p2|Thundurus-Therian, M|\n|poke|p2|Alomomola, F|\n|poke|p2|Cinderace, F|\n|poke|p2|Landorus-Therian, M|\n|poke|p2|Zamazenta-*|\n|poke|p2|Kingambit, F|\n|teampreview\n|inactive|Battle timer is ON: inactive players will automatically lose when time's up. (requested by Pumpkinsausage1)\n|c|\u2606Pumpkinsausage1|I sense a win in my future\n|\n|t:|1700440090\n|start\n|switch|p1a: Great Tusks|Garganacl, F|100\/100\n|switch|p2a: Thundurus|Thundurus-Therian, M|100\/100\n|turn|1\n|\n|t:|1700440105\n|-terastallize|p1a: Great Tusks|Fairy\n|move|p2a: Thundurus|Volt Switch|p1a: Great Tusks\n|-damage|p1a: Great Tusks|43\/100\n|\n|t:|1700440117\n|switch|p2a: Landorus|Landorus-Therian, M, shiny|100\/100|[from] Volt Switch\n|-ability|p2a: Landorus|Intimidate|boost\n|-unboost|p1a: Great Tusks|atk|1\n|move|p1a: Great Tusks|Salt Cure|p2a: Landorus\n|-damage|p2a: Landorus|93\/100\n|-start|p2a: Landorus|Salt Cure\n|\n|-heal|p1a: Great Tusks|49\/100|[from] item: Leftovers\n|-damage|p2a: Landorus|81\/100|[from] Salt Cure\n|upkeep\n|turn|2\n|\n|t:|1700440144\n|move|p2a: Landorus|U-turn|p1a: Great Tusks\n|-resisted|p1a: Great Tusks\n|-damage|p1a: Great Tusks|44\/100\n|\n|t:|1700440157\n|switch|p2a: Zamazenta|Zamazenta|100\/100|[from] U-turn\n|-ability|p2a: Zamazenta|Dauntless Shield|boost\n|-boost|p2a: Zamazenta|def|1\n|move|p1a: Great Tusks|Recover|p1a: Great Tusks\n|-heal|p1a: Great Tusks|94\/100\n|\n|-heal|p1a: Great Tusks|99\/100|[from] item: Leftovers\n|upkeep\n|turn|3\n|inactive|Pumpkinsausage1 has 120 seconds left.\n|inactive|ubanbaxs has 120 seconds left.\n|\n|t:|1700440186\n|move|p2a: Zamazenta|Heavy Slam|p1a: Great Tusks\n|-supereffective|p1a: Great Tusks\n|-damage|p1a: Great Tusks|79\/100\n|move|p1a: Great Tusks|Salt Cure|p2a: Zamazenta\n|-resisted|p2a: Zamazenta\n|-damage|p2a: Zamazenta|98\/100\n|-start|p2a: Zamazenta|Salt Cure\n|\n|-heal|p1a: Great Tusks|85\/100|[from] item: Leftovers\n|-damage|p2a: Zamazenta|85\/100|[from] Salt Cure\n|upkeep\n|turn|4\n|c|\u2606Pumpkinsausage1|rofl\n|c|\u2606Pumpkinsausage1|ya right\n|inactive|ubanbaxs has 120 seconds left.\n|\n|t:|1700440197\n|switch|p2a: Thundurus|Thundurus-Therian, M|100\/100\n|move|p1a: Great Tusks|Salt Cure|p2a: Thundurus\n|-supereffective|p2a: Thundurus\n|-damage|p2a: Thundurus|72\/100\n|-start|p2a: Thundurus|Salt Cure\n|\n|-heal|p1a: Great Tusks|91\/100|[from] item: Leftovers\n|-damage|p2a: Thundurus|60\/100|[from] Salt Cure\n|upkeep\n|turn|5\n|\n|t:|1700440204\n|move|p1a: Great Tusks|Protect|p1a: Great Tusks\n|-singleturn|p1a: Great Tusks|Protect\n|move|p2a: Thundurus|Volt Switch|p1a: Great Tusks\n|-activate|p1a: Great Tusks|move: Protect\n|\n|-heal|p1a: Great Tusks|98\/100|[from] item: Leftovers\n|-damage|p2a: Thundurus|48\/100|[from] Salt Cure\n|upkeep\n|turn|6\n|\n|t:|1700440208\n|move|p2a: Thundurus|Volt Switch|p1a: Great Tusks\n|-damage|p1a: Great Tusks|43\/100\n|\n|t:|1700440214\n|switch|p2a: Alomomola|Alomomola, F|100\/100|[from] Volt Switch\n|move|p1a: Great Tusks|Salt Cure|p2a: Alomomola\n|-damage|p2a: Alomomola|93\/100\n|-start|p2a: Alomomola|Salt Cure\n|\n|-heal|p1a: Great Tusks|50\/100|[from] item: Leftovers\n|-damage|p2a: Alomomola|68\/100|[from] Salt Cure\n|upkeep\n|turn|7\n|\n|t:|1700440222\n|move|p2a: Alomomola|Wish|p2a: Alomomola\n|move|p1a: Great Tusks|Recover|p1a: Great Tusks\n|-heal|p1a: Great Tusks|99\/100\n|\n|-heal|p1a: Great Tusks|100\/100|[from] item: Leftovers\n|-damage|p2a: Alomomola|43\/100|[from] Salt Cure\n|upkeep\n|turn|8\n|\n|t:|1700440234\n|switch|p2a: Thundurus|Thundurus-Therian, M|48\/100\n|move|p1a: Great Tusks|Stealth Rock|p2a: Thundurus\n|-sidestart|p2: ubanbaxs|move: Stealth Rock\n|\n|-heal|p2a: Thundurus|100\/100|[from] move: Wish|[wisher] Alomomola\n|upkeep\n|turn|9\n|\n|t:|1700440239\n|move|p2a: Thundurus|Thunder|p1a: Great Tusks\n|-damage|p1a: Great Tusks|19\/100\n|move|p1a: Great Tusks|Salt Cure|p2a: Thundurus\n|-supereffective|p2a: Thundurus\n|-damage|p2a: Thundurus|72\/100\n|-start|p2a: Thundurus|Salt Cure\n|\n|-heal|p1a: Great Tusks|25\/100|[from] item: Leftovers\n|-damage|p2a: Thundurus|60\/100|[from] Salt Cure\n|upkeep\n|turn|10\n|\n|t:|1700440252\n|switch|p2a: Cinderace|Cinderace, F, shiny|100\/100\n|move|p1a: Great Tusks|Protect||[still]\n|-fail|p1a: Great Tusks\n|\n|-heal|p1a: Great Tusks|31\/100|[from] item: Leftovers\n|upkeep\n|turn|11\n|\n|t:|1700440259\n|move|p1a: Great Tusks|Protect|p1a: Great Tusks\n|-singleturn|p1a: Great Tusks|Protect\n|move|p2a: Cinderace|Pyro Ball|p1a: Great Tusks\n|-activate|p1a: Great Tusks|move: Protect\n|\n|-heal|p1a: Great Tusks|37\/100|[from] item: Leftovers\n|upkeep\n|turn|12\n|\n|t:|1700440263\n|move|p2a: Cinderace|Pyro Ball|p1a: Great Tusks\n|-crit|p1a: Great Tusks\n|-damage|p1a: Great Tusks|0 fnt\n|faint|p1a: Great Tusks\n|\n|upkeep\n|c|\u2606Pumpkinsausage1|omfg\n|\n|t:|1700440275\n|switch|p1a: Great Tusk|Great Tusk|100\/100\n|turn|13\n|\n|t:|1700440282\n|switch|p2a: Landorus|Landorus-Therian, M, shiny|81\/100\n|-damage|p2a: Landorus|69\/100|[from] Stealth Rock\n|-ability|p2a: Landorus|Intimidate|boost\n|-unboost|p1a: Great Tusk|atk|1\n|move|p1a: Great Tusk|Knock Off|p2a: Landorus\n|-damage|p2a: Landorus|56\/100\n|-damage|p1a: Great Tusk|84\/100|[from] item: Rocky Helmet|[of] p2a: Landorus\n|-enditem|p2a: Landorus|Rocky Helmet|[from] move: Knock Off|[of] p1a: Great Tusk\n|\n|upkeep\n|turn|14\n|\n|t:|1700440291\n|move|p1a: Great Tusk|Ice Spinner|p2a: Landorus\n|-supereffective|p2a: Landorus\n|-damage|p2a: Landorus|13\/100\n|move|p2a: Landorus|Grass Knot|p1a: Great Tusk\n|-supereffective|p1a: Great Tusk\n|-damage|p1a: Great Tusk|54\/100\n|\n|upkeep\n|turn|15\n|\n|t:|1700440312\n|switch|p2a: Zamazenta|Zamazenta|85\/100\n|-damage|p2a: Zamazenta|79\/100|[from] Stealth Rock\n|move|p1a: Great Tusk|Ice Spinner|p2a: Zamazenta\n|-damage|p2a: Zamazenta|64\/100\n|\n|upkeep\n|turn|16\n|\n|t:|1700440315\n|move|p2a: Zamazenta|Close Combat|p1a: Great Tusk\n|-damage|p1a: Great Tusk|0 fnt\n|-unboost|p2a: Zamazenta|def|1\n|-unboost|p2a: Zamazenta|spd|1\n|faint|p1a: Great Tusk\n|-end|p1a: Great Tusk|Protosynthesis|[silent]\n|\n|upkeep\n|\n|t:|1700440323\n|switch|p1a: Glisscor|Gholdengo|100\/100\n|turn|17\n|\n|t:|1700440333\n|switch|p2a: Cinderace|Cinderace, F, shiny|100\/100\n|move|p1a: Glisscor|Trick|p2a: Cinderace\n|-activate|p1a: Glisscor|move: Trick|[of] p2a: Cinderace\n|-item|p2a: Cinderace|Choice Scarf|[from] move: Trick\n|-item|p1a: Glisscor|Heavy-Duty Boots|[from] move: Trick\n|\n|upkeep\n|turn|18\n|\n|t:|1700440340\n|switch|p1a: Garganacal|Toxapex, F|100\/100\n|move|p2a: Cinderace|Pyro Ball|p1a: Garganacal\n|-resisted|p1a: Garganacal\n|-damage|p1a: Garganacal|79\/100\n|\n|-heal|p1a: Garganacal|85\/100|[from] item: Black Sludge\n|upkeep\n|turn|19\n|inactive|Pumpkinsausage1 has 120 seconds left.\n|inactive|Pumpkinsausage1 has 90 seconds left.\n|inactive|Pumpkinsausage1 has 60 seconds left.\n|inactive|Pumpkinsausage1 has 30 seconds left.\n|inactive|Pumpkinsausage1 has 20 seconds left.\n|inactive|Pumpkinsausage1 has 15 seconds left.\n|\n|t:|1700440476\n|switch|p2a: Kingambit|Kingambit, F|100\/100\n|-damage|p2a: Kingambit|94\/100|[from] Stealth Rock\n|move|p1a: Garganacal|Infestation|p2a: Kingambit\n|-damage|p2a: Kingambit|92\/100\n|-activate|p2a: Kingambit|move: Infestation|[of] p1a: Garganacal\n|\n|-heal|p1a: Garganacal|92\/100|[from] item: Black Sludge\n|-damage|p2a: Kingambit|79\/100|[from] move: Infestation|[partiallytrapped]\n|upkeep\n|turn|20\n|inactive|Pumpkinsausage1 has 25 seconds left this turn.\n|inactive|Pumpkinsausage1 has 20 seconds left.\n|\n|t:|1700440485\n|move|p2a: Kingambit|Swords Dance|p2a: Kingambit\n|-boost|p2a: Kingambit|atk|2\n|move|p1a: Garganacal|Recover|p1a: Garganacal\n|-heal|p1a: Garganacal|100\/100\n|\n|-damage|p2a: Kingambit|67\/100|[from] move: Infestation|[partiallytrapped]\n|upkeep\n|turn|21\n|inactive|Pumpkinsausage1 has 30 seconds left this turn.\n|\n|t:|1700440492\n|switch|p1a: Dondozo|Dondozo, M|100\/100\n|move|p2a: Kingambit|Kowtow Cleave|p1a: Dondozo\n|-damage|p1a: Dondozo|70\/100\n|\n|-end|p2a: Kingambit|Infestation|[partiallytrapped]|[silent]\n|upkeep\n|turn|22\n|\n|t:|1700440511\n|move|p2a: Kingambit|Kowtow Cleave|p1a: Dondozo\n|-damage|p1a: Dondozo|40\/100\n|move|p1a: Dondozo|Body Press|p2a: Kingambit\n|-supereffective|p2a: Kingambit\n|-damage|p2a: Kingambit|0 fnt\n|faint|p2a: Kingambit\n|-end|p2a: Kingambit|fallenundefined|[silent]\n|\n|upkeep\n|\n|t:|1700440521\n|switch|p2a: Cinderace|Cinderace, F, shiny|100\/100\n|-damage|p2a: Cinderace|76\/100|[from] Stealth Rock\n|turn|23\n|c|\u2606Pumpkinsausage1|2 bad so sad\n|\n|t:|1700440524\n|move|p2a: Cinderace|Court Change|p2a: Cinderace\n|-start|p2a: Cinderace|typechange|Normal|[from] ability: Libero\n|-swapsideconditions\n|-activate|p2a: Cinderace|move: Court Change\n|move|p1a: Dondozo|Body Press|p2a: Cinderace\n|-supereffective|p2a: Cinderace\n|-damage|p2a: Cinderace|0 fnt\n|faint|p2a: Cinderace\n|\n|upkeep\n|\n|t:|1700440528\n|switch|p2a: Thundurus|Thundurus-Therian, M|60\/100\n|turn|24\n|inactive|Pumpkinsausage1 has 60 seconds left.\n|\n|t:|1700440537\n|switch|p1a: Slowking|Slowking-Galar, M|100\/100\n|-damage|p1a: Slowking|88\/100|[from] Stealth Rock\n|move|p2a: Thundurus|Volt Switch|p1a: Slowking\n|-crit|p1a: Slowking\n|-damage|p1a: Slowking|35\/100\n|c|\u2606Pumpkinsausage1|wtf\n|\n|t:|1700440546\n|switch|p2a: Zamazenta|Zamazenta|64\/100|[from] Volt Switch\n|\n|upkeep\n|turn|25\n|\n|t:|1700440556\n|switch|p1a: Dondozo|Dondozo, M|40\/100\n|-damage|p1a: Dondozo|27\/100|[from] Stealth Rock\n|move|p2a: Zamazenta|Crunch|p1a: Dondozo\n|-damage|p1a: Dondozo|7\/100\n|\n|upkeep\n|turn|26\n|\n|t:|1700440562\n|move|p2a: Zamazenta|Crunch|p1a: Dondozo\n|-damage|p1a: Dondozo|0 fnt\n|faint|p1a: Dondozo\n|\n|upkeep\n|\n|t:|1700440566\n|switch|p1a: Garganacal|Toxapex, F|100\/100\n|-damage|p1a: Garganacal|88\/100|[from] Stealth Rock\n|turn|27\n|inactive|Pumpkinsausage1 has 90 seconds left.\n|\n|t:|1700440575\n|switch|p2a: Alomomola|Alomomola, F|77\/100\n|move|p1a: Garganacal|Infestation|p2a: Alomomola\n|-damage|p2a: Alomomola|75\/100\n|-activate|p2a: Alomomola|move: Infestation|[of] p1a: Garganacal\n|\n|-heal|p1a: Garganacal|94\/100|[from] item: Black Sludge\n|-damage|p2a: Alomomola|62\/100|[from] move: Infestation|[partiallytrapped]\n|upkeep\n|turn|28\n|\n|t:|1700440578\n|move|p2a: Alomomola|Wish|p2a: Alomomola\n|move|p1a: Garganacal|Toxic|p2a: Alomomola\n|-status|p2a: Alomomola|tox\n|\n|-heal|p1a: Garganacal|100\/100|[from] item: Black Sludge\n|-damage|p2a: Alomomola|56\/100 tox|[from] psn\n|-damage|p2a: Alomomola|44\/100 tox|[from] move: Infestation|[partiallytrapped]\n|upkeep\n|turn|29\n|\n|t:|1700440588\n|move|p2a: Alomomola|Flip Turn|p1a: Garganacal\n|-resisted|p1a: Garganacal\n|-damage|p1a: Garganacal|95\/100\n|\n|t:|1700440601\n|switch|p2a: Thundurus|Thundurus-Therian, M|60\/100|[from] Flip Turn\n|move|p1a: Garganacal|Infestation|p2a: Thundurus\n|-resisted|p2a: Thundurus\n|-damage|p2a: Thundurus|58\/100\n|-activate|p2a: Thundurus|move: Infestation|[of] p1a: Garganacal\n|\n|-heal|p2a: Thundurus|100\/100|[from] move: Wish|[wisher] Alomomola\n|-heal|p1a: Garganacal|100\/100|[from] item: Black Sludge\n|-damage|p2a: Thundurus|88\/100|[from] move: Infestation|[partiallytrapped]\n|upkeep\n|turn|30\n|\n|t:|1700440606\n|move|p2a: Thundurus|Volt Switch|p1a: Garganacal\n|-supereffective|p1a: Garganacal\n|-damage|p1a: Garganacal|22\/100\n|\n|t:|1700440614\n|switch|p2a: Zamazenta|Zamazenta|64\/100|[from] Volt Switch\n|move|p1a: Garganacal|Toxic|p2a: Zamazenta\n|-status|p2a: Zamazenta|tox\n|\n|-heal|p1a: Garganacal|28\/100|[from] item: Black Sludge\n|-damage|p2a: Zamazenta|58\/100 tox|[from] psn\n|upkeep\n|turn|31\n|inactive|Pumpkinsausage1 has 120 seconds left.\n|inactive|Pumpkinsausage1 has 90 seconds left.\n|inactive|Pumpkinsausage1 has 60 seconds left.\n|\n|t:|1700440716\n|move|p2a: Zamazenta|Wild Charge|p1a: Garganacal\n|-supereffective|p1a: Garganacal\n|-damage|p1a: Garganacal|0 fnt\n|faint|p1a: Garganacal\n|-damage|p2a: Zamazenta|51\/100 tox|[from] Recoil\n|\n|-damage|p2a: Zamazenta|39\/100 tox|[from] psn\n|upkeep\n|\n|t:|1700440720\n|switch|p1a: Glisscor|Gholdengo|100\/100\n|turn|32\n|\n|t:|1700440729\n|switch|p2a: Alomomola|Alomomola, F|77\/100 tox\n|move|p1a: Glisscor|Shadow Ball|p2a: Alomomola\n|-damage|p2a: Alomomola|48\/100 tox\n|-unboost|p2a: Alomomola|spd|1\n|\n|-damage|p2a: Alomomola|42\/100 tox|[from] psn\n|upkeep\n|turn|33\n|\n|t:|1700440739\n|switch|p2a: Landorus|Landorus-Therian, M, shiny|13\/100\n|-ability|p2a: Landorus|Intimidate|boost\n|-unboost|p1a: Glisscor|atk|1\n|move|p1a: Glisscor|Shadow Ball|p2a: Landorus\n|-crit|p2a: Landorus\n|-damage|p2a: Landorus|0 fnt\n|faint|p2a: Landorus\n|\n|upkeep\n|\n|t:|1700440743\n|switch|p2a: Thundurus|Thundurus-Therian, M|88\/100\n|turn|34\n|\n|t:|1700440752\n|switch|p1a: Slowking|Slowking-Galar, M|69\/100\n|-damage|p1a: Slowking|56\/100|[from] Stealth Rock\n|move|p2a: Thundurus|Volt Switch|p1a: Slowking\n|-damage|p1a: Slowking|21\/100\n|\n|t:|1700440759\n|switch|p2a: Zamazenta|Zamazenta|39\/100 tox|[from] Volt Switch\n|\n|-damage|p2a: Zamazenta|33\/100 tox|[from] psn\n|upkeep\n|turn|35\n|\n|t:|1700440770\n|move|p2a: Zamazenta|Crunch|p1a: Slowking\n|-supereffective|p1a: Slowking\n|-damage|p1a: Slowking|0 fnt\n|faint|p1a: Slowking\n|\n|-damage|p2a: Zamazenta|20\/100 tox|[from] psn\n|upkeep\n|\n|t:|1700440773\n|switch|p1a: Glisscor|Gholdengo|100\/100\n|turn|36\n|\n|t:|1700440778\n|move|p2a: Zamazenta|Crunch|p1a: Glisscor\n|-supereffective|p1a: Glisscor\n|-damage|p1a: Glisscor|11\/100\n|-unboost|p1a: Glisscor|def|1\n|move|p1a: Glisscor|Shadow Ball|p2a: Zamazenta\n|-damage|p2a: Zamazenta|0 fnt\n|faint|p2a: Zamazenta\n|\n|upkeep\n|\n|t:|1700440787\n|switch|p2a: Alomomola|Alomomola, F|75\/100 tox\n|turn|37\n|\n|t:|1700440790\n|move|p1a: Glisscor|Shadow Ball|p2a: Alomomola\n|-damage|p2a: Alomomola|45\/100 tox\n|move|p2a: Alomomola|Whirlpool|p1a: Glisscor\n|-damage|p1a: Glisscor|4\/100\n|-activate|p1a: Glisscor|move: Whirlpool|[of] p2a: Alomomola\n|\n|-damage|p2a: Alomomola|38\/100 tox|[from] psn\n|-damage|p1a: Glisscor|0 fnt|[from] move: Whirlpool|[partiallytrapped]\n|faint|p1a: Glisscor\n|\n|win|ubanbaxs\n|upkeep\n|raw|Pumpkinsausage1's rating: 1476 &rarr; <strong>1451<\/strong><br \/>(-25 for losing)\n|raw|ubanbaxs's rating: 1394 &rarr; <strong>1419<\/strong><br \/>(+25 for winning)\n|l|\u2606Pumpkinsausage1\n","uploadtime":1700440832,"views":8,"p1id":"pumpkinsausage1","p2id":"ubanbaxs","formatid":"gen9ou","rating":1419,"private":0,"password":""}