{"id":"gen9ou-1992123199","p1":"Yumick2","p2":"Toinou2112","format":"[Gen 9] OU","log":"|j|\u2606Yumick2\n|j|\u2606Toinou2112\n|t:|1700156976\n|gametype|singles\n|player|p1|Yumick2|lucas|\n|player|p2|Toinou2112|grimsley|\n|teamsize|p1|6\n|teamsize|p2|6\n|gen|9\n|tier|[Gen 9] OU\n|rule|Sleep Clause Mod: Limit one foe put to sleep\n|rule|Species Clause: Limit one of each Pok\u00e9mon\n|rule|OHKO Clause: OHKO moves are banned\n|rule|Evasion Items Clause: Evasion items are banned\n|rule|Evasion Moves Clause: Evasion moves are banned\n|rule|Endless Battle Clause: Forcing endless battles is banned\n|rule|HP Percentage Mod: HP is shown in percentages\n|clearpoke\n|poke|p1|Dragapult, M|\n|poke|p1|Ceruledge, M|\n|poke|p1|Palossand, F|\n|poke|p1|Mimikyu, F|\n|poke|p1|Zoroark-Hisui, F|\n|poke|p1|Dusknoir, M|\n|poke|p2|Brambleghast, F|\n|poke|p2|Gholdengo|\n|poke|p2|Skeledirge, F|\n|poke|p2|Dragapult, M|\n|poke|p2|Gengar, M|\n|poke|p2|Ceruledge, M|\n|teampreview\n|\n|t:|1700157003\n|start\n|switch|p1a: Palossand|Palossand, F|100\/100\n|switch|p2a: Gholdengo|Gholdengo|100\/100\n|turn|1\n|\n|t:|1700157012\n|move|p1a: Palossand|Flamethrower|p2a: Gholdengo\n|-supereffective|p2a: Gholdengo\n|-damage|p2a: Gholdengo|23\/100\n|move|p2a: Gholdengo|Trick|p1a: Palossand\n|-activate|p2a: Gholdengo|move: Trick|[of] p1a: Palossand\n|-item|p1a: Palossand|Choice Scarf|[from] move: Trick\n|-item|p2a: Gholdengo|Choice Scarf|[from] move: Trick\n|\n|upkeep\n|turn|2\n|\n|t:|1700157025\n|switch|p2a: Skeledirge|Skeledirge, F|100\/100\n|move|p1a: Palossand|Shadow Ball|p2a: Skeledirge\n|-supereffective|p2a: Skeledirge\n|-damage|p2a: Skeledirge|29\/100\n|-unboost|p2a: Skeledirge|spd|1\n|\n|upkeep\n|turn|3\n|\n|t:|1700157063\n|move|p1a: Palossand|Shadow Ball|p2a: Skeledirge\n|-supereffective|p2a: Skeledirge\n|-damage|p2a: Skeledirge|0 fnt\n|faint|p2a: Skeledirge\n|\n|upkeep\n|\n|t:|1700157068\n|switch|p2a: Lame|Ceruledge, M, shiny|100\/100\n|turn|4\n|\n|t:|1700157075\n|switch|p1a: Dusknoir|Dusknoir, M|100\/100\n|-ability|p1a: Dusknoir|Pressure\n|move|p2a: Lame|Night Slash|p1a: Dusknoir\n|-supereffective|p1a: Dusknoir\n|-damage|p1a: Dusknoir|57\/100\n|\n|-heal|p1a: Dusknoir|63\/100|[from] item: Leftovers\n|upkeep\n|turn|5\n|\n|t:|1700157095\n|move|p2a: Lame|Swords Dance|p2a: Lame\n|-boost|p2a: Lame|atk|2\n|move|p1a: Dusknoir|Poltergeist|p2a: Lame\n|-activate|p2a: Lame|move: Poltergeist|Focus Sash\n|-supereffective|p2a: Lame\n|-enditem|p2a: Lame|Focus Sash\n|-damage|p2a: Lame|1\/100\n|-ability|p2a: Lame|Weak Armor|boost\n|-unboost|p2a: Lame|def|1\n|-boost|p2a: Lame|spe|2\n|\n|-heal|p1a: Dusknoir|69\/100|[from] item: Leftovers\n|upkeep\n|turn|6\n|\n|t:|1700157114\n|move|p1a: Dusknoir|Shadow Sneak|p2a: Lame\n|-supereffective|p2a: Lame\n|-damage|p2a: Lame|0 fnt\n|faint|p2a: Lame\n|\n|-heal|p1a: Dusknoir|75\/100|[from] item: Leftovers\n|upkeep\n|\n|t:|1700157121\n|switch|p2a: Gholdengo|Gholdengo|23\/100\n|turn|7\n|\n|t:|1700157126\n|move|p1a: Dusknoir|Shadow Sneak|p2a: Gholdengo\n|-supereffective|p2a: Gholdengo\n|-damage|p2a: Gholdengo|0 fnt\n|faint|p2a: Gholdengo\n|\n|-heal|p1a: Dusknoir|80\/100|[from] item: Leftovers\n|upkeep\n|\n|t:|1700157133\n|switch|p2a: Pythagore|Dragapult, M, shiny|100\/100\n|turn|8\n|\n|t:|1700157156\n|-terastallize|p2a: Pythagore|Dragon\n|move|p2a: Pythagore|Substitute|p2a: Pythagore\n|-start|p2a: Pythagore|Substitute\n|-damage|p2a: Pythagore|76\/100\n|move|p1a: Dusknoir|Dark Pulse|p2a: Pythagore\n|-activate|p2a: Pythagore|move: Substitute|[damage]\n|\n|-heal|p1a: Dusknoir|86\/100|[from] item: Leftovers\n|upkeep\n|turn|9\n|\n|t:|1700157173\n|move|p2a: Pythagore|Dragon Dance|p2a: Pythagore\n|-boost|p2a: Pythagore|atk|1\n|-boost|p2a: Pythagore|spe|1\n|move|p1a: Dusknoir|Dark Pulse|p2a: Pythagore\n|-end|p2a: Pythagore|Substitute\n|\n|-heal|p1a: Dusknoir|92\/100|[from] item: Leftovers\n|upkeep\n|turn|10\n|\n|t:|1700157202\n|switch|p1a: Ceruledge|Ceruledge, M|100\/100\n|move|p2a: Pythagore|Substitute|p2a: Pythagore\n|-start|p2a: Pythagore|Substitute\n|-damage|p2a: Pythagore|51\/100\n|\n|upkeep\n|turn|11\n|\n|t:|1700157219\n|move|p2a: Pythagore|Dragon Darts|p1a: Ceruledge\n|-damage|p1a: Ceruledge|8\/100\n|-ability|p1a: Ceruledge|Weak Armor|boost\n|-unboost|p1a: Ceruledge|def|1\n|-boost|p1a: Ceruledge|spe|2\n|-anim|p2a: Pythagore|Dragon Darts|p1a: Ceruledge\n|-damage|p1a: Ceruledge|0 fnt\n|faint|p1a: Ceruledge\n|\n|upkeep\n|\n|t:|1700157229\n|switch|p1a: Mimikyu|Mimikyu, F|100\/100\n|turn|12\n|\n|t:|1700157239\n|move|p2a: Pythagore|Phantom Force||[still]\n|-prepare|p2a: Pythagore|Phantom Force\n|move|p1a: Mimikyu|Swords Dance|p1a: Mimikyu\n|-boost|p1a: Mimikyu|atk|2\n|\n|upkeep\n|turn|13\n|\n|t:|1700157258\n|move|p2a: Pythagore|Phantom Force|p1a: Mimikyu|[from]lockedmove\n|-activate|p1a: Mimikyu|ability: Disguise\n|-damage|p1a: Mimikyu|100\/100\n|detailschange|p1a: Mimikyu|Mimikyu-Busted, F\n|-damage|p1a: Mimikyu|88\/100|[from] pokemon: Mimikyu-Busted\n|move|p1a: Mimikyu|Play Rough|p2a: Pythagore\n|-supereffective|p2a: Pythagore\n|-end|p2a: Pythagore|Substitute\n|-damage|p1a: Mimikyu|78\/100|[from] item: Life Orb\n|\n|upkeep\n|turn|14\n|\n|t:|1700157288\n|move|p2a: Pythagore|Phantom Force||[still]\n|-prepare|p2a: Pythagore|Phantom Force\n|move|p1a: Mimikyu|Swords Dance|p1a: Mimikyu\n|-boost|p1a: Mimikyu|atk|2\n|\n|upkeep\n|turn|15\n|\n|t:|1700157297\n|-terastallize|p1a: Mimikyu|Fairy\n|move|p2a: Pythagore|Phantom Force|p1a: Mimikyu|[from]lockedmove\n|-damage|p1a: Mimikyu|0 fnt\n|faint|p1a: Mimikyu\n|\n|upkeep\n|\n|t:|1700157307\n|switch|p1a: Dragapult|Dragapult, M|100\/100\n|turn|16\n|\n|t:|1700157318\n|move|p2a: Pythagore|Dragon Darts|p1a: Dragapult\n|-supereffective|p1a: Dragapult\n|-damage|p1a: Dragapult|0 fnt\n|faint|p1a: Dragapult\n|\n|upkeep\n|\n|t:|1700157327\n|switch|p1a: Dusknoir|Dusknoir, M|92\/100\n|-ability|p1a: Dusknoir|Pressure\n|turn|17\n|\n|t:|1700157339\n|move|p2a: Pythagore|Substitute|p2a: Pythagore\n|-start|p2a: Pythagore|Substitute\n|-damage|p2a: Pythagore|26\/100\n|move|p1a: Dusknoir|Poltergeist|p2a: Pythagore|[miss]\n|-miss|p1a: Dusknoir|p2a: Pythagore\n|\n|-heal|p1a: Dusknoir|98\/100|[from] item: Leftovers\n|upkeep\n|turn|18\n|\n|t:|1700157351\n|move|p2a: Pythagore|Dragon Dance|p2a: Pythagore\n|-boost|p2a: Pythagore|atk|1\n|-boost|p2a: Pythagore|spe|1\n|move|p1a: Dusknoir|Poltergeist|p2a: Pythagore\n|-activate|p2a: Pythagore|move: Poltergeist|Dragon Fang\n|-end|p2a: Pythagore|Substitute\n|\n|-heal|p1a: Dusknoir|100\/100|[from] item: Leftovers\n|upkeep\n|turn|19\n|\n|t:|1700157363\n|move|p1a: Dusknoir|Shadow Sneak|p2a: Pythagore\n|-damage|p2a: Pythagore|5\/100\n|move|p2a: Pythagore|Dragon Darts|p1a: Dusknoir\n|-damage|p1a: Dusknoir|19\/100\n|-anim|p2a: Pythagore|Dragon Darts|p1a: Dusknoir\n|-damage|p1a: Dusknoir|0 fnt\n|faint|p1a: Dusknoir\n|\n|upkeep\n|\n|t:|1700157373\n|switch|p1a: Palossand|Palossand, F|100\/100\n|turn|20\n|\n|t:|1700157383\n|move|p2a: Pythagore|Dragon Darts|p1a: Palossand\n|-damage|p1a: Palossand|0 fnt\n|replace|p1a: Zoroark|Zoroark-Hisui, F\n|-end|p1a: Zoroark|Illusion\n|faint|p1a: Zoroark\n|\n|upkeep\n|\n|t:|1700157390\n|switch|p1a: Palossand|Palossand, F|100\/100\n|turn|21\n|\n|t:|1700157409\n|move|p2a: Pythagore|Phantom Force||[still]\n|-prepare|p2a: Pythagore|Phantom Force\n|move|p1a: Palossand|Curse|p2a: Pythagore|[miss]\n|-miss|p1a: Palossand|p2a: Pythagore\n|\n|upkeep\n|turn|22\n|\n|t:|1700157416\n|move|p2a: Pythagore|Phantom Force|p1a: Palossand|[from]lockedmove\n|-supereffective|p1a: Palossand\n|-damage|p1a: Palossand|0 fnt\n|faint|p1a: Palossand\n|\n|win|Toinou2112\n|l|\u2606Toinou2112\n","uploadtime":1700157428,"views":12,"p1id":"yumick2","p2id":"toinou2112","formatid":"gen9ou","rating":0,"private":0,"password":""}