{"id":"gen9ou-1992440889","p1":"Corvinights","p2":"zshmoneyy","format":"[Gen 9] OU","log":"|j|\u2606Corvinights\n|j|\u2606zshmoneyy\n|t:|1700187917\n|gametype|singles\n|player|p1|Corvinights|palmer|1264\n|player|p2|zshmoneyy|ethan|1360\n|teamsize|p1|6\n|teamsize|p2|6\n|gen|9\n|tier|[Gen 9] OU\n|rated|\n|rule|Sleep Clause Mod: Limit one foe put to sleep\n|rule|Species Clause: Limit one of each Pok\u00e9mon\n|rule|OHKO Clause: OHKO moves are banned\n|rule|Evasion Items Clause: Evasion items are banned\n|rule|Evasion Moves Clause: Evasion moves are banned\n|rule|Endless Battle Clause: Forcing endless battles is banned\n|rule|HP Percentage Mod: HP is shown in percentages\n|clearpoke\n|poke|p1|Goodra-Hisui, F|\n|poke|p1|Umbreon, M|\n|poke|p1|Hawlucha, M|\n|poke|p1|Rillaboom, M|\n|poke|p1|Inteleon, M|\n|poke|p1|Armarouge, M|\n|poke|p2|Kingambit, M|\n|poke|p2|Ceruledge, F|\n|poke|p2|Iron Valiant|\n|poke|p2|Cinderace, M|\n|poke|p2|Slowking-Galar, F|\n|poke|p2|Ditto|\n|teampreview\n|\n|t:|1700187952\n|start\n|switch|p1a: Inteleon|Inteleon, M|100\/100\n|switch|p2a: Fire Fist Sabo\ud83d\udd25|Cinderace, M|100\/100\n|turn|1\n|\n|t:|1700187966\n|switch|p2a: MuGiWaRa!!!|Slowking-Galar, F|100\/100\n|-terastallize|p1a: Inteleon|Water\n|move|p1a: Inteleon|Snipe Shot|p2a: MuGiWaRa!!!\n|-damage|p2a: MuGiWaRa!!!|60\/100\n|\n|-heal|p2a: MuGiWaRa!!!|66\/100|[from] item: Black Sludge\n|upkeep\n|turn|2\n|\n|t:|1700187983\n|move|p1a: Inteleon|Snipe Shot|p2a: MuGiWaRa!!!\n|-crit|p2a: MuGiWaRa!!!\n|-damage|p2a: MuGiWaRa!!!|0 fnt\n|faint|p2a: MuGiWaRa!!!\n|\n|upkeep\n|\n|t:|1700187999\n|switch|p2a: Chopper Copy Point|Ditto|100\/100\n|-transform|p2a: Chopper Copy Point|p1a: Inteleon|[from] ability: Imposter\n|turn|3\n|\n|t:|1700188010\n|switch|p1a: Rillaboom|Rillaboom, M|100\/100\n|-fieldstart|move: Grassy Terrain|[from] ability: Grassy Surge|[of] p1a: Rillaboom\n|-enditem|p1a: Rillaboom|Grassy Seed\n|-boost|p1a: Rillaboom|def|1|[from] item: Grassy Seed\n|-enditem|p2a: Chopper Copy Point|Mirror Herb\n|-boost|p2a: Chopper Copy Point|def|1|[from] item: Mirror Herb\n|move|p2a: Chopper Copy Point|Snipe Shot|p1a: Rillaboom\n|-resisted|p1a: Rillaboom\n|-damage|p1a: Rillaboom|75\/100\n|\n|-heal|p1a: Rillaboom|81\/100|[from] Grassy Terrain\n|upkeep\n|turn|4\n|\n|t:|1700188032\n|move|p1a: Rillaboom|Grassy Glide|p2a: Chopper Copy Point\n|-supereffective|p2a: Chopper Copy Point\n|-damage|p2a: Chopper Copy Point|26\/100\n|move|p2a: Chopper Copy Point|Ice Beam|p1a: Rillaboom\n|-supereffective|p1a: Rillaboom\n|-damage|p1a: Rillaboom|6\/100\n|\n|-heal|p2a: Chopper Copy Point|32\/100|[from] Grassy Terrain\n|-heal|p1a: Rillaboom|13\/100|[from] Grassy Terrain\n|upkeep\n|turn|5\n|\n|t:|1700188070\n|switch|p2a: Fire Fist Sabo\ud83d\udd25|Cinderace, M|100\/100\n|move|p1a: Rillaboom|Grassy Glide|p2a: Fire Fist Sabo\ud83d\udd25\n|-resisted|p2a: Fire Fist Sabo\ud83d\udd25\n|-damage|p2a: Fire Fist Sabo\ud83d\udd25|74\/100\n|\n|-heal|p2a: Fire Fist Sabo\ud83d\udd25|80\/100|[from] Grassy Terrain\n|-heal|p1a: Rillaboom|19\/100|[from] Grassy Terrain\n|upkeep\n|turn|6\n|\n|t:|1700188089\n|switch|p1a: Hawlucha|Hawlucha, M|100\/100\n|-enditem|p1a: Hawlucha|Grassy Seed\n|-boost|p1a: Hawlucha|def|1|[from] item: Grassy Seed\n|move|p2a: Fire Fist Sabo\ud83d\udd25|Pyro Ball|p1a: Hawlucha\n|-damage|p1a: Hawlucha|41\/100\n|-status|p1a: Hawlucha|brn\n|\n|-heal|p2a: Fire Fist Sabo\ud83d\udd25|86\/100|[from] Grassy Terrain\n|-damage|p1a: Hawlucha|35\/100 brn|[from] brn\n|upkeep\n|turn|7\n|\n|t:|1700188118\n|move|p1a: Hawlucha|Close Combat|p2a: Fire Fist Sabo\ud83d\udd25\n|-damage|p2a: Fire Fist Sabo\ud83d\udd25|50\/100\n|-unboost|p1a: Hawlucha|def|1\n|-unboost|p1a: Hawlucha|spd|1\n|move|p2a: Fire Fist Sabo\ud83d\udd25|Pyro Ball|p1a: Hawlucha\n|-damage|p1a: Hawlucha|0 fnt\n|faint|p1a: Hawlucha\n|\n|-heal|p2a: Fire Fist Sabo\ud83d\udd25|56\/100|[from] Grassy Terrain\n|-fieldend|move: Grassy Terrain\n|upkeep\n|\n|t:|1700188127\n|switch|p1a: Inteleon|Inteleon, M, tera:Water|100\/100\n|turn|8\n|\n|t:|1700188155\n|move|p2a: Fire Fist Sabo\ud83d\udd25|Sucker Punch|p1a: Inteleon\n|-start|p2a: Fire Fist Sabo\ud83d\udd25|typechange|Dark|[from] ability: Libero\n|-damage|p1a: Inteleon|46\/100\n|move|p1a: Inteleon|Snipe Shot|p2a: Fire Fist Sabo\ud83d\udd25\n|-crit|p2a: Fire Fist Sabo\ud83d\udd25\n|-damage|p2a: Fire Fist Sabo\ud83d\udd25|0 fnt\n|faint|p2a: Fire Fist Sabo\ud83d\udd25\n|\n|upkeep\n|\n|t:|1700188167\n|switch|p2a: Raid Suit Sanji|Iron Valiant|100\/100\n|-enditem|p2a: Raid Suit Sanji|Booster Energy\n|-activate|p2a: Raid Suit Sanji|ability: Quark Drive|[fromitem]\n|-start|p2a: Raid Suit Sanji|quarkdrivespe\n|turn|9\n|\n|t:|1700188182\n|move|p2a: Raid Suit Sanji|Shadow Ball|p1a: Inteleon\n|-damage|p1a: Inteleon|4\/100\n|move|p1a: Inteleon|Air Cutter|p2a: Raid Suit Sanji\n|-supereffective|p2a: Raid Suit Sanji\n|-damage|p2a: Raid Suit Sanji|26\/100\n|\n|upkeep\n|turn|10\n|\n|t:|1700188196\n|switch|p1a: Umbreon|Umbreon, M, shiny|100\/100\n|move|p2a: Raid Suit Sanji|Shadow Ball|p1a: Umbreon\n|-resisted|p1a: Umbreon\n|-crit|p1a: Umbreon\n|-damage|p1a: Umbreon|90\/100\n|\n|-heal|p1a: Umbreon|96\/100|[from] item: Leftovers\n|upkeep\n|turn|11\n|\n|t:|1700188218\n|move|p2a: Raid Suit Sanji|Substitute|p2a: Raid Suit Sanji\n|-start|p2a: Raid Suit Sanji|Substitute\n|-damage|p2a: Raid Suit Sanji|1\/100\n|move|p1a: Umbreon|Toxic||[still]\n|-fail|p1a: Umbreon\n|\n|-heal|p1a: Umbreon|100\/100|[from] item: Leftovers\n|upkeep\n|turn|12\n|\n|t:|1700188230\n|switch|p1a: Rillaboom|Rillaboom, M|19\/100\n|-fieldstart|move: Grassy Terrain|[from] ability: Grassy Surge|[of] p1a: Rillaboom\n|move|p2a: Raid Suit Sanji|Moonblast|p1a: Rillaboom\n|-damage|p1a: Rillaboom|0 fnt\n|faint|p1a: Rillaboom\n|\n|-heal|p2a: Raid Suit Sanji|7\/100|[from] Grassy Terrain\n|upkeep\n|\n|t:|1700188243\n|switch|p1a: Goodra|Goodra-Hisui, F|100\/100\n|turn|13\n|\n|t:|1700188252\n|move|p2a: Raid Suit Sanji|Moonblast|p1a: Goodra\n|-damage|p1a: Goodra|68\/100\n|-unboost|p1a: Goodra|spa|1\n|move|p1a: Goodra|Curse|p1a: Goodra\n|-unboost|p1a: Goodra|spe|1\n|-boost|p1a: Goodra|atk|1\n|-boost|p1a: Goodra|def|1\n|\n|-heal|p2a: Raid Suit Sanji|13\/100|[from] Grassy Terrain\n|-heal|p1a: Goodra|74\/100|[from] Grassy Terrain\n|-heal|p1a: Goodra|80\/100|[from] item: Leftovers\n|upkeep\n|turn|14\n|\n|t:|1700188268\n|move|p2a: Raid Suit Sanji|Calm Mind|p2a: Raid Suit Sanji\n|-boost|p2a: Raid Suit Sanji|spa|1\n|-boost|p2a: Raid Suit Sanji|spd|1\n|move|p1a: Goodra|Heavy Slam|p2a: Raid Suit Sanji\n|-supereffective|p2a: Raid Suit Sanji\n|-end|p2a: Raid Suit Sanji|Substitute\n|\n|-heal|p2a: Raid Suit Sanji|20\/100|[from] Grassy Terrain\n|-heal|p1a: Goodra|86\/100|[from] Grassy Terrain\n|-heal|p1a: Goodra|92\/100|[from] item: Leftovers\n|upkeep\n|turn|15\n|\n|t:|1700188281\n|move|p2a: Raid Suit Sanji|Moonblast|p1a: Goodra\n|-damage|p1a: Goodra|47\/100\n|-unboost|p1a: Goodra|spa|1\n|move|p1a: Goodra|Heavy Slam|p2a: Raid Suit Sanji\n|-supereffective|p2a: Raid Suit Sanji\n|-damage|p2a: Raid Suit Sanji|0 fnt\n|faint|p2a: Raid Suit Sanji\n|-end|p2a: Raid Suit Sanji|Quark Drive|[silent]\n|\n|-heal|p1a: Goodra|53\/100|[from] Grassy Terrain\n|-heal|p1a: Goodra|59\/100|[from] item: Leftovers\n|upkeep\n|\n|t:|1700188298\n|switch|p2a: Zoro|Ceruledge, F|100\/100\n|turn|16\n|\n|t:|1700188308\n|move|p2a: Zoro|Swords Dance|p2a: Zoro\n|-boost|p2a: Zoro|atk|2\n|move|p1a: Goodra|Curse|p1a: Goodra\n|-unboost|p1a: Goodra|spe|1\n|-boost|p1a: Goodra|atk|1\n|-boost|p1a: Goodra|def|1\n|\n|-heal|p1a: Goodra|65\/100|[from] Grassy Terrain\n|-heal|p1a: Goodra|71\/100|[from] item: Leftovers\n|-fieldend|move: Grassy Terrain\n|upkeep\n|turn|17\n|\n|t:|1700188326\n|move|p2a: Zoro|Close Combat|p1a: Goodra\n|-supereffective|p1a: Goodra\n|-damage|p1a: Goodra|12\/100\n|-unboost|p2a: Zoro|def|1\n|-unboost|p2a: Zoro|spd|1\n|move|p1a: Goodra|Heavy Slam|p2a: Zoro\n|-resisted|p2a: Zoro\n|-crit|p2a: Zoro\n|-enditem|p2a: Zoro|Focus Sash\n|-damage|p2a: Zoro|1\/100\n|-ability|p2a: Zoro|Weak Armor|boost\n|-unboost|p2a: Zoro|def|1\n|-boost|p2a: Zoro|spe|2\n|\n|-heal|p1a: Goodra|18\/100|[from] item: Leftovers\n|upkeep\n|turn|18\n|\n|t:|1700188361\n|move|p2a: Zoro|Poltergeist|p1a: Goodra\n|-activate|p1a: Goodra|move: Poltergeist|Leftovers\n|-damage|p1a: Goodra|0 fnt\n|faint|p1a: Goodra\n|\n|upkeep\n|\n|t:|1700188367\n|switch|p1a: Umbreon|Umbreon, M, shiny|100\/100\n|turn|19\n|\n|t:|1700188375\n|-terastallize|p2a: Zoro|Poison\n|move|p2a: Zoro|Bitter Blade|p1a: Umbreon\n|-damage|p1a: Umbreon|40\/100\n|-heal|p2a: Zoro|42\/100|[from] drain|[of] p1a: Umbreon\n|move|p1a: Umbreon|Toxic|p2a: Zoro\n|-immune|p2a: Zoro\n|\n|-heal|p1a: Umbreon|46\/100|[from] item: Leftovers\n|upkeep\n|turn|20\n|\n|t:|1700188396\n|move|p2a: Zoro|Bitter Blade|p1a: Umbreon\n|-damage|p1a: Umbreon|0 fnt\n|-heal|p2a: Zoro|73\/100|[from] drain|[of] p1a: Umbreon\n|faint|p1a: Umbreon\n|\n|upkeep\n|\n|t:|1700188404\n|switch|p1a: Inteleon|Inteleon, M, tera:Water|4\/100\n|turn|21\n|\n|t:|1700188409\n|move|p2a: Zoro|Bitter Blade|p1a: Inteleon\n|-resisted|p1a: Inteleon\n|-damage|p1a: Inteleon|0 fnt\n|-heal|p2a: Zoro|75\/100|[from] drain|[of] p1a: Inteleon\n|faint|p1a: Inteleon\n|\n|upkeep\n|\n|t:|1700188415\n|switch|p1a: Armarouge|Armarouge, M|100\/100\n|turn|22\n|\n|t:|1700188420\n|move|p2a: Zoro|Poltergeist|p1a: Armarouge\n|-activate|p1a: Armarouge|move: Poltergeist|Weakness Policy\n|-supereffective|p1a: Armarouge\n|-damage|p1a: Armarouge|0 fnt\n|faint|p1a: Armarouge\n|\n|win|zshmoneyy\n|raw|Corvinights's rating: 1264 &rarr; <strong>1246<\/strong><br \/>(-18 for losing)\n|raw|zshmoneyy's rating: 1360 &rarr; <strong>1375<\/strong><br \/>(+15 for winning)\n|c|\u2606zshmoneyy|gg\n","uploadtime":1700188429,"views":7,"p1id":"corvinights","p2id":"zshmoneyy","formatid":"gen9ou","rating":1246,"private":0,"password":""}