{"id":"gen9ou-2000259965","p1":"Naniroma","p2":"harrydudeh","format":"[Gen 9] OU","log":"|j|\u2606Naniroma\n|j|\u2606harrydudeh\n|t:|1701178665\n|gametype|singles\n|player|p1|Naniroma|drayden|1309\n|player|p2|harrydudeh|2|1292\n|teamsize|p1|6\n|teamsize|p2|6\n|gen|9\n|tier|[Gen 9] OU\n|rated|\n|rule|Sleep Clause Mod: Limit one foe put to sleep\n|rule|Species Clause: Limit one of each Pok\u00e9mon\n|rule|OHKO Clause: OHKO moves are banned\n|rule|Evasion Items Clause: Evasion items are banned\n|rule|Evasion Moves Clause: Evasion moves are banned\n|rule|Endless Battle Clause: Forcing endless battles is banned\n|rule|HP Percentage Mod: HP is shown in percentages\n|clearpoke\n|poke|p1|Rillaboom, F|\n|poke|p1|Garganacl, F|\n|poke|p1|Landorus-Therian, M|\n|poke|p1|Mandibuzz, F|\n|poke|p1|Ogerpon-Wellspring, F|\n|poke|p1|Iron Moth|\n|poke|p2|Ninetales-Alola, F|\n|poke|p2|Great Tusk|\n|poke|p2|Heatran, F|\n|poke|p2|Ogerpon-Wellspring, F|\n|poke|p2|Lokix, F|\n|poke|p2|Zapdos|\n|teampreview\n|inactive|Battle timer is ON: inactive players will automatically lose when time's up. (requested by Naniroma)\n|\n|t:|1701178690\n|start\n|switch|p1a: Nightcure|Garganacl, F, shiny|100\/100\n|switch|p2a: Great Tusk|Great Tusk|100\/100\n|turn|1\n|\n|t:|1701178697\n|move|p2a: Great Tusk|Knock Off|p1a: Nightcure\n|-damage|p1a: Nightcure|78\/100\n|-enditem|p1a: Nightcure|Covert Cloak|[from] move: Knock Off|[of] p2a: Great Tusk\n|move|p1a: Nightcure|Salt Cure|p2a: Great Tusk\n|-resisted|p2a: Great Tusk\n|-damage|p2a: Great Tusk|98\/100\n|-start|p2a: Great Tusk|Salt Cure\n|\n|-damage|p2a: Great Tusk|86\/100|[from] Salt Cure\n|upkeep\n|turn|2\n|\n|t:|1701178707\n|switch|p1a: Psyccubus|Landorus-Therian, M, shiny|100\/100\n|-ability|p1a: Psyccubus|Intimidate|boost\n|-unboost|p2a: Great Tusk|atk|1\n|-enditem|p2a: Great Tusk|Eject Pack\n|\n|t:|1701178714\n|-end|p2a: Great Tusk|Protosynthesis|[silent]\n|switch|p2a: Ninetales|Ninetales-Alola, F|100\/100\n|-weather|Snow|[from] ability: Snow Warning|[of] p2a: Ninetales\n|\n|-weather|Snow|[upkeep]\n|upkeep\n|turn|3\n|\n|t:|1701178726\n|move|p2a: Ninetales|Blizzard|p1a: Psyccubus\n|-supereffective|p1a: Psyccubus\n|-damage|p1a: Psyccubus|0 fnt\n|faint|p1a: Psyccubus\n|\n|-weather|Snow|[upkeep]\n|upkeep\n|\n|t:|1701178730\n|switch|p1a: Nightcure|Garganacl, F, shiny|78\/100\n|turn|4\n|\n|t:|1701178734\n|move|p2a: Ninetales|Blizzard|p1a: Nightcure\n|-crit|p1a: Nightcure\n|-damage|p1a: Nightcure|21\/100\n|move|p1a: Nightcure|Salt Cure|p2a: Ninetales\n|-supereffective|p2a: Ninetales\n|-damage|p2a: Ninetales|73\/100\n|-start|p2a: Ninetales|Salt Cure\n|\n|-weather|Snow|[upkeep]\n|-damage|p2a: Ninetales|61\/100|[from] Salt Cure\n|upkeep\n|turn|5\n|\n|t:|1701178744\n|move|p2a: Ninetales|Blizzard|p1a: Nightcure\n|-damage|p1a: Nightcure|0 fnt\n|faint|p1a: Nightcure\n|\n|-weather|Snow|[upkeep]\n|-damage|p2a: Ninetales|49\/100|[from] Salt Cure\n|upkeep\n|\n|t:|1701178748\n|switch|p1a: Ogertime|Ogerpon-Wellspring, F|100\/100\n|turn|6\n|\n|t:|1701178768\n|switch|p2a: Ogerpon|Ogerpon-Wellspring, F|100\/100\n|move|p1a: Ogertime|Ivy Cudgel|p2a: Ogerpon|[anim] Ivy Cudgel Water\n|-immune|p2a: Ogerpon|[from] ability: Water Absorb\n|\n|-weather|none\n|upkeep\n|turn|7\n|\n|t:|1701178782\n|move|p1a: Ogertime|U-turn|p2a: Ogerpon\n|-supereffective|p2a: Ogerpon\n|-crit|p2a: Ogerpon\n|-damage|p2a: Ogerpon|0 fnt\n|faint|p2a: Ogerpon\n|\n|t:|1701178785\n|switch|p1a: Green Room|Rillaboom, F, shiny|100\/100|[from] U-turn\n|-fieldstart|move: Grassy Terrain|[from] ability: Grassy Surge|[of] p1a: Green Room\n|\n|upkeep\n|\n|t:|1701178790\n|switch|p2a: Lokix|Lokix, F|100\/100\n|turn|8\n|\n|t:|1701178795\n|switch|p1a: It's Overheat|Iron Moth, shiny|100\/100\n|move|p2a: Lokix|First Impression|p1a: It's Overheat\n|-resisted|p1a: It's Overheat\n|-damage|p1a: It's Overheat|42\/100\n|\n|-heal|p1a: It's Overheat|48\/100|[from] Grassy Terrain\n|upkeep\n|turn|9\n|\n|t:|1701178806\n|switch|p2a: Heatran|Heatran, F|100\/100\n|move|p1a: It's Overheat|Morning Sun|p1a: It's Overheat\n|-heal|p1a: It's Overheat|98\/100\n|\n|-heal|p1a: It's Overheat|100\/100|[from] Grassy Terrain\n|upkeep\n|turn|10\n|\n|t:|1701178823\n|-end|p1a: It's Overheat|Quark Drive|[silent]\n|switch|p1a: Ogertime|Ogerpon-Wellspring, F|100\/100\n|move|p2a: Heatran|Flamethrower|p1a: Ogertime\n|-damage|p1a: Ogertime|50\/100\n|\n|-heal|p1a: Ogertime|56\/100|[from] Grassy Terrain\n|upkeep\n|turn|11\n|\n|t:|1701178835\n|-terastallize|p2a: Heatran|Grass\n|move|p2a: Heatran|Flamethrower|p1a: Ogertime\n|-damage|p1a: Ogertime|0 fnt\n|faint|p1a: Ogertime\n|\n|-fieldend|move: Grassy Terrain\n|upkeep\n|\n|t:|1701178842\n|switch|p1a: It's Overheat|Iron Moth, shiny|100\/100\n|turn|12\n|\n|t:|1701178847\n|move|p2a: Heatran|Flamethrower|p1a: It's Overheat\n|-resisted|p1a: It's Overheat\n|-crit|p1a: It's Overheat\n|-damage|p1a: It's Overheat|66\/100\n|move|p1a: It's Overheat|Acid Spray|p2a: Heatran\n|-supereffective|p2a: Heatran\n|-damage|p2a: Heatran|52\/100\n|-unboost|p2a: Heatran|spd|2\n|\n|upkeep\n|turn|13\n|\n|t:|1701178859\n|switch|p2a: Great Tusk|Great Tusk|86\/100\n|move|p1a: It's Overheat|Morning Sun|p1a: It's Overheat\n|-heal|p1a: It's Overheat|100\/100\n|\n|upkeep\n|turn|14\n|\n|t:|1701178867\n|-end|p2a: Great Tusk|Protosynthesis|[silent]\n|switch|p2a: Zapdos|Zapdos|100\/100\n|-terastallize|p1a: It's Overheat|Fairy\n|move|p1a: It's Overheat|Dazzling Gleam|p2a: Zapdos\n|-damage|p2a: Zapdos|46\/100\n|\n|upkeep\n|turn|15\n|\n|t:|1701178882\n|move|p1a: It's Overheat|Dazzling Gleam|p2a: Zapdos\n|-damage|p2a: Zapdos|0 fnt\n|faint|p2a: Zapdos\n|\n|upkeep\n|\n|t:|1701178887\n|switch|p2a: Heatran|Heatran, F, tera:Grass|52\/100\n|turn|16\n|\n|t:|1701178912\n|-end|p1a: It's Overheat|Quark Drive|[silent]\n|switch|p1a: Me N My Buzz|Mandibuzz, F, shiny|100\/100\n|move|p2a: Heatran|Flash Cannon|p1a: Me N My Buzz\n|-damage|p1a: Me N My Buzz|64\/100\n|\n|upkeep\n|turn|17\n|\n|t:|1701178925\n|switch|p2a: Ninetales|Ninetales-Alola, F|49\/100\n|-weather|Snow|[from] ability: Snow Warning|[of] p2a: Ninetales\n|move|p1a: Me N My Buzz|Roost|p1a: Me N My Buzz\n|-heal|p1a: Me N My Buzz|100\/100\n|-singleturn|p1a: Me N My Buzz|move: Roost\n|\n|-weather|Snow|[upkeep]\n|upkeep\n|turn|18\n|\n|t:|1701178941\n|move|p2a: Ninetales|Blizzard|p1a: Me N My Buzz\n|-supereffective|p1a: Me N My Buzz\n|-damage|p1a: Me N My Buzz|0 fnt\n|faint|p1a: Me N My Buzz\n|\n|-weather|Snow|[upkeep]\n|upkeep\n|\n|t:|1701178951\n|switch|p1a: Green Room|Rillaboom, F, shiny|100\/100\n|-fieldstart|move: Grassy Terrain|[from] ability: Grassy Surge|[of] p1a: Green Room\n|turn|19\n|\n|t:|1701178958\n|move|p1a: Green Room|Grassy Glide|p2a: Ninetales\n|-damage|p2a: Ninetales|0 fnt\n|faint|p2a: Ninetales\n|\n|-weather|Snow|[upkeep]\n|upkeep\n|\n|t:|1701178965\n|switch|p2a: Lokix|Lokix, F|100\/100\n|turn|20\n|\n|t:|1701178986\n|move|p2a: Lokix|First Impression|p1a: Green Room\n|-supereffective|p1a: Green Room\n|-damage|p1a: Green Room|0 fnt\n|faint|p1a: Green Room\n|\n|-weather|Snow|[upkeep]\n|upkeep\n|\n|t:|1701178988\n|switch|p1a: It's Overheat|Iron Moth, shiny, tera:Fairy|100\/100\n|turn|21\n|\n|t:|1701179010\n|move|p2a: Lokix|First Impression||[still]\n|-hint|First Impression only works on your first turn out.\n|-fail|p2a: Lokix\n|move|p1a: It's Overheat|Dazzling Gleam|p2a: Lokix\n|-supereffective|p2a: Lokix\n|-damage|p2a: Lokix|0 fnt\n|faint|p2a: Lokix\n|\n|-weather|none\n|upkeep\n|\n|t:|1701179019\n|switch|p2a: Heatran|Heatran, F, tera:Grass|52\/100\n|turn|22\n|\n|t:|1701179029\n|move|p2a: Heatran|Flash Cannon|p1a: It's Overheat\n|-supereffective|p1a: It's Overheat\n|-damage|p1a: It's Overheat|18\/100\n|move|p1a: It's Overheat|Dazzling Gleam|p2a: Heatran\n|-damage|p2a: Heatran|7\/100\n|\n|-heal|p2a: Heatran|14\/100|[from] Grassy Terrain\n|-heal|p1a: It's Overheat|24\/100|[from] Grassy Terrain\n|upkeep\n|turn|23\n|\n|t:|1701179040\n|move|p2a: Heatran|Flash Cannon|p1a: It's Overheat\n|-supereffective|p1a: It's Overheat\n|-damage|p1a: It's Overheat|0 fnt\n|faint|p1a: It's Overheat\n|-end|p1a: It's Overheat|Quark Drive|[silent]\n|\n|win|harrydudeh\n|raw|Naniroma's rating: 1309 &rarr; <strong>1288<\/strong><br \/>(-21 for losing)\n|raw|harrydudeh's rating: 1292 &rarr; <strong>1318<\/strong><br \/>(+26 for winning)\n|c|\u2606Naniroma|GG\n|l|\u2606Naniroma\n","uploadtime":1701179055,"views":3,"p1id":"naniroma","p2id":"harrydudeh","formatid":"gen9ou","rating":1288,"private":0,"password":""}