{"id":"gen9ou-1988907996","p1":"xcxcxxcxc","p2":"gaypride13","format":"[Gen 9] OU","log":"|j|\u2606xcxcxxcxc\n|j|\u2606gaypride13\n|t:|1699785590\n|gametype|singles\n|player|p1|xcxcxxcxc|lucas|1632\n|player|p2|gaypride13|swimmer-gen4dp|1751\n|teamsize|p1|6\n|teamsize|p2|6\n|gen|9\n|tier|[Gen 9] OU\n|rated|\n|rule|Sleep Clause Mod: Limit one foe put to sleep\n|rule|Species Clause: Limit one of each Pok\u00e9mon\n|rule|OHKO Clause: OHKO moves are banned\n|rule|Evasion Items Clause: Evasion items are banned\n|rule|Evasion Moves Clause: Evasion moves are banned\n|rule|Endless Battle Clause: Forcing endless battles is banned\n|rule|HP Percentage Mod: HP is shown in percentages\n|clearpoke\n|poke|p1|Kingambit, M|\n|poke|p1|Torkoal, M|\n|poke|p1|Iron Moth|\n|poke|p1|Great Tusk|\n|poke|p1|Walking Wake|\n|poke|p1|Brute Bonnet|\n|poke|p2|Garganacl, M|\n|poke|p2|Cinderace, M|\n|poke|p2|Great Tusk|\n|poke|p2|Slowking-Galar, M|\n|poke|p2|Rillaboom, M|\n|poke|p2|Samurott-Hisui, M|\n|teampreview\n|inactive|Battle timer is ON: inactive players will automatically lose when time's up. (requested by gaypride13)\n|\n|t:|1699785624\n|start\n|switch|p1a: Brute Bonnet|Brute Bonnet|100\/100\n|switch|p2a: Samurott|Samurott-Hisui, M|100\/100\n|turn|1\n|\n|t:|1699785631\n|move|p2a: Samurott|Ceaseless Edge|p1a: Brute Bonnet\n|-resisted|p1a: Brute Bonnet\n|-damage|p1a: Brute Bonnet|77\/100\n|-sidestart|p1: xcxcxxcxc|Spikes\n|move|p1a: Brute Bonnet|Bullet Seed|p2a: Samurott\n|-supereffective|p2a: Samurott\n|-damage|p2a: Samurott|61\/100\n|-supereffective|p2a: Samurott\n|-damage|p2a: Samurott|21\/100\n|-supereffective|p2a: Samurott\n|-damage|p2a: Samurott|0 fnt\n|faint|p2a: Samurott\n|-hitcount|p2: Samurott|3\n|\n|upkeep\n|\n|t:|1699785638\n|switch|p2a: Cinderace|Cinderace, M|100\/100\n|turn|2\n|\n|t:|1699785643\n|-end|p1a: Brute Bonnet|Protosynthesis|[silent]\n|switch|p1a: Great Tusk|Great Tusk|100\/100\n|-damage|p1a: Great Tusk|88\/100|[from] Spikes\n|move|p2a: Cinderace|U-turn|p1a: Great Tusk\n|-start|p2a: Cinderace|typechange|Bug|[from] ability: Libero\n|-resisted|p1a: Great Tusk\n|-damage|p1a: Great Tusk|77\/100\n|\n|t:|1699785654\n|switch|p2a: Rillaboom|Rillaboom, M|100\/100|[from] U-turn\n|-fieldstart|move: Grassy Terrain|[from] ability: Grassy Surge|[of] p2a: Rillaboom\n|\n|-heal|p1a: Great Tusk|83\/100|[from] Grassy Terrain\n|-heal|p1a: Great Tusk|89\/100|[from] item: Leftovers\n|upkeep\n|turn|3\n|\n|t:|1699785658\n|-end|p1a: Great Tusk|Protosynthesis|[silent]\n|switch|p1a: Torkoal|Torkoal, M|100\/100\n|-damage|p1a: Torkoal|88\/100|[from] Spikes\n|-weather|SunnyDay|[from] ability: Drought|[of] p1a: Torkoal\n|-terastallize|p2a: Rillaboom|Grass\n|move|p2a: Rillaboom|Grassy Glide|p1a: Torkoal\n|-resisted|p1a: Torkoal\n|-damage|p1a: Torkoal|61\/100\n|\n|-weather|SunnyDay|[upkeep]\n|-heal|p1a: Torkoal|67\/100|[from] Grassy Terrain\n|upkeep\n|turn|4\n|\n|t:|1699785663\n|switch|p2a: Slowking|Slowking-Galar, M|100\/100\n|move|p1a: Torkoal|Rapid Spin|p2a: Slowking\n|-damage|p2a: Slowking|90\/100\n|-boost|p1a: Torkoal|spe|1\n|-sideend|p1: xcxcxxcxc|Spikes|[from] move: Rapid Spin|[of] p1a: Torkoal\n|\n|-weather|SunnyDay|[upkeep]\n|-heal|p1a: Torkoal|73\/100|[from] Grassy Terrain\n|-heal|p2a: Slowking|96\/100|[from] Grassy Terrain\n|-heal|p2a: Slowking|100\/100|[from] item: Black Sludge\n|upkeep\n|turn|5\n|\n|t:|1699785668\n|switch|p1a: Walking Wake|Walking Wake|100\/100\n|-activate|p1a: Walking Wake|ability: Protosynthesis\n|-start|p1a: Walking Wake|protosynthesisspa\n|move|p2a: Slowking|Chilly Reception|p2a: Slowking\n|-weather|Snow\n|-end|p1a: Walking Wake|Protosynthesis\n|\n|t:|1699785677\n|switch|p2a: GOAT|Garganacl, M|100\/100|[from] Chilly Reception\n|\n|-weather|Snow|[upkeep]\n|upkeep\n|turn|6\n|\n|t:|1699785683\n|-end|p1a: Walking Wake|Protosynthesis|[silent]\n|switch|p1a: Brute Bonnet|Brute Bonnet|77\/100\n|switch|p2a: Slowking|Slowking-Galar, M|100\/100\n|\n|-weather|Snow|[upkeep]\n|-heal|p1a: Brute Bonnet|83\/100|[from] Grassy Terrain\n|-fieldend|move: Grassy Terrain\n|upkeep\n|turn|7\n|\n|t:|1699785693\n|switch|p2a: Cinderace|Cinderace, M|100\/100\n|move|p1a: Brute Bonnet|Spore|p2a: Cinderace\n|-status|p2a: Cinderace|slp|[from] move: Spore\n|\n|-weather|Snow|[upkeep]\n|upkeep\n|turn|8\n|\n|t:|1699785698\n|cant|p2a: Cinderace|slp\n|move|p1a: Brute Bonnet|Bullet Seed|p2a: Cinderace\n|-resisted|p2a: Cinderace\n|-damage|p2a: Cinderace|90\/100 slp\n|-resisted|p2a: Cinderace\n|-damage|p2a: Cinderace|79\/100 slp\n|-resisted|p2a: Cinderace\n|-damage|p2a: Cinderace|69\/100 slp\n|-resisted|p2a: Cinderace\n|-damage|p2a: Cinderace|58\/100 slp\n|-resisted|p2a: Cinderace\n|-damage|p2a: Cinderace|49\/100 slp\n|-hitcount|p2a: Cinderace|5\n|\n|-weather|Snow|[upkeep]\n|upkeep\n|turn|9\n|\n|t:|1699785702\n|cant|p2a: Cinderace|slp\n|move|p1a: Brute Bonnet|Bullet Seed|p2a: Cinderace\n|-resisted|p2a: Cinderace\n|-damage|p2a: Cinderace|39\/100 slp\n|-resisted|p2a: Cinderace\n|-damage|p2a: Cinderace|28\/100 slp\n|-resisted|p2a: Cinderace\n|-damage|p2a: Cinderace|18\/100 slp\n|-resisted|p2a: Cinderace\n|-damage|p2a: Cinderace|8\/100 slp\n|-resisted|p2a: Cinderace\n|-damage|p2a: Cinderace|0 fnt\n|faint|p2a: Cinderace\n|-hitcount|p2: Cinderace|5\n|\n|-weather|none\n|upkeep\n|\n|t:|1699785708\n|switch|p2a: Rillaboom|Rillaboom, M, tera:Grass|100\/100\n|-fieldstart|move: Grassy Terrain|[from] ability: Grassy Surge|[of] p2a: Rillaboom\n|turn|10\n|\n|t:|1699785710\n|-end|p1a: Brute Bonnet|Protosynthesis|[silent]\n|switch|p1a: Torkoal|Torkoal, M|73\/100\n|-weather|SunnyDay|[from] ability: Drought|[of] p1a: Torkoal\n|move|p2a: Rillaboom|U-turn|p1a: Torkoal\n|-resisted|p1a: Torkoal\n|-damage|p1a: Torkoal|58\/100\n|\n|t:|1699785713\n|switch|p2a: Slowking|Slowking-Galar, M|100\/100|[from] U-turn\n|\n|-weather|SunnyDay|[upkeep]\n|-heal|p1a: Torkoal|64\/100|[from] Grassy Terrain\n|upkeep\n|turn|11\n|\n|t:|1699785716\n|switch|p1a: Brute Bonnet|Brute Bonnet|83\/100\n|-activate|p1a: Brute Bonnet|ability: Protosynthesis\n|-start|p1a: Brute Bonnet|protosynthesisatk\n|move|p2a: Slowking|Future Sight|p1a: Brute Bonnet\n|-start|p2a: Slowking|move: Future Sight\n|\n|-weather|SunnyDay|[upkeep]\n|-heal|p1a: Brute Bonnet|89\/100|[from] Grassy Terrain\n|upkeep\n|turn|12\n|\n|t:|1699785722\n|switch|p2a: Rillaboom|Rillaboom, M, tera:Grass|100\/100\n|move|p1a: Brute Bonnet|Spore|p2a: Rillaboom\n|-immune|p2a: Rillaboom\n|\n|-weather|SunnyDay|[upkeep]\n|-heal|p1a: Brute Bonnet|95\/100|[from] Grassy Terrain\n|upkeep\n|turn|13\n|\n|t:|1699785727\n|move|p1a: Brute Bonnet|Sucker Punch|p2a: Rillaboom\n|-damage|p2a: Rillaboom|49\/100\n|move|p2a: Rillaboom|U-turn|p1a: Brute Bonnet\n|-supereffective|p1a: Brute Bonnet\n|-damage|p1a: Brute Bonnet|0 fnt\n|faint|p1a: Brute Bonnet\n|-end|p1a: Brute Bonnet|Protosynthesis|[silent]\n|\n|t:|1699785734\n|switch|p2a: Great Tusk|Great Tusk|100\/100|[from] U-turn\n|-activate|p2a: Great Tusk|ability: Protosynthesis\n|-start|p2a: Great Tusk|protosynthesisatk\n|\n|-weather|SunnyDay|[upkeep]\n|-hint|Future Sight did not hit because the target is fainted.\n|upkeep\n|\n|t:|1699785736\n|switch|p1a: Walking Wake|Walking Wake|100\/100\n|-activate|p1a: Walking Wake|ability: Protosynthesis\n|-start|p1a: Walking Wake|protosynthesisspa\n|turn|14\n|j| SDL_ABDU\n|\n|t:|1699785745\n|-end|p2a: Great Tusk|Protosynthesis|[silent]\n|switch|p2a: GOAT|Garganacl, M|100\/100\n|move|p1a: Walking Wake|Hydro Steam|p2a: GOAT\n|-supereffective|p2a: GOAT\n|-damage|p2a: GOAT|0 fnt\n|faint|p2a: GOAT\n|\n|-weather|SunnyDay|[upkeep]\n|-fieldend|move: Grassy Terrain\n|upkeep\n|\n|t:|1699785748\n|switch|p2a: Slowking|Slowking-Galar, M|100\/100\n|turn|15\n|\n|t:|1699785758\n|move|p1a: Walking Wake|Hydro Steam|p2a: Slowking\n|-damage|p2a: Slowking|10\/100\n|move|p2a: Slowking|Future Sight|p1a: Walking Wake\n|-start|p2a: Slowking|move: Future Sight\n|\n|-weather|SunnyDay|[upkeep]\n|-heal|p2a: Slowking|17\/100|[from] item: Black Sludge\n|upkeep\n|turn|16\n|\n|t:|1699785767\n|switch|p2a: Rillaboom|Rillaboom, M, tera:Grass|49\/100\n|-fieldstart|move: Grassy Terrain|[from] ability: Grassy Surge|[of] p2a: Rillaboom\n|move|p1a: Walking Wake|Hydro Steam|p2a: Rillaboom\n|-resisted|p2a: Rillaboom\n|-damage|p2a: Rillaboom|0 fnt\n|faint|p2a: Rillaboom\n|\n|-weather|SunnyDay|[upkeep]\n|upkeep\n|\n|t:|1699785773\n|switch|p2a: Slowking|Slowking-Galar, M|50\/100\n|turn|17\n|\n|t:|1699785795\n|move|p1a: Walking Wake|Hydro Steam|p2a: Slowking\n|-damage|p2a: Slowking|0 fnt\n|faint|p2a: Slowking\n|\n|-weather|none\n|-end|p1a: Walking Wake|Protosynthesis\n|-end|p1a: Walking Wake|move: Future Sight\n|-damage|p1a: Walking Wake|35\/100\n|-heal|p1a: Walking Wake|41\/100|[from] Grassy Terrain\n|upkeep\n|c|\u2606xcxcxxcxc|256 in the ladder\n|c|\u2606xcxcxxcxc|congrats\n|\n|t:|1699785803\n|switch|p2a: Great Tusk|Great Tusk|100\/100\n|turn|18\n|\n|t:|1699785805\n|move|p1a: Walking Wake|Hydro Steam|p2a: Great Tusk\n|-supereffective|p2a: Great Tusk\n|-damage|p2a: Great Tusk|0 fnt\n|faint|p2a: Great Tusk\n|-end|p2a: Great Tusk|Protosynthesis|[silent]\n|\n|win|xcxcxxcxc\n|raw|xcxcxxcxc's rating: 1632 &rarr; <strong>1659<\/strong><br \/>(+27 for winning)\n|raw|gaypride13's rating: 1751 &rarr; <strong>1724<\/strong><br \/>(-27 for losing)\n|l|\u2606gaypride13\n","uploadtime":1699785812,"views":15,"p1id":"xcxcxxcxc","p2id":"gaypride13","formatid":"gen9ou","rating":1659,"private":0,"password":""}