{"id":"gen9ou-1991396616","p1":"RSDPM","p2":"slime4real","format":"[Gen 9] OU","log":"|j|\u2606RSDPM\n|j|\u2606slime4real\n|t:|1700073619\n|gametype|singles\n|player|p1|RSDPM|riley|1298\n|player|p2|slime4real|byron|1230\n|teamsize|p1|6\n|teamsize|p2|6\n|gen|9\n|tier|[Gen 9] OU\n|rated|\n|rule|Sleep Clause Mod: Limit one foe put to sleep\n|rule|Species Clause: Limit one of each Pok\u00e9mon\n|rule|OHKO Clause: OHKO moves are banned\n|rule|Evasion Items Clause: Evasion items are banned\n|rule|Evasion Moves Clause: Evasion moves are banned\n|rule|Endless Battle Clause: Forcing endless battles is banned\n|rule|HP Percentage Mod: HP is shown in percentages\n|clearpoke\n|poke|p1|Wyrdeer, M|\n|poke|p1|Kleavor, M|\n|poke|p1|Ursaluna, M|\n|poke|p1|Basculegion-F, F|\n|poke|p1|Sneasler, M|\n|poke|p1|Overqwil, F|\n|poke|p2|Okidogi, M|\n|poke|p2|Cinderace, M|\n|poke|p2|Kingambit, M|\n|poke|p2|Ting-Lu|\n|poke|p2|Ninetales-Alola, M|\n|poke|p2|Ogerpon-Wellspring, F|\n|teampreview\n|inactive|Battle timer is ON: inactive players will automatically lose when time's up. (requested by RSDPM)\n|\n|t:|1700073642\n|start\n|switch|p1a: Kleavor|Kleavor, M|100\/100\n|switch|p2a: Ting-Lu|Ting-Lu|100\/100\n|-ability|p2a: Ting-Lu|Vessel of Ruin\n|turn|1\n|\n|t:|1700073649\n|move|p1a: Kleavor|X-Scissor|p2a: Ting-Lu\n|-supereffective|p2a: Ting-Lu\n|-damage|p2a: Ting-Lu|31\/100\n|move|p2a: Ting-Lu|Earthquake|p1a: Kleavor\n|-damage|p1a: Kleavor|50\/100\n|\n|-heal|p2a: Ting-Lu|37\/100|[from] item: Leftovers\n|upkeep\n|turn|2\n|\n|t:|1700073658\n|switch|p2a: Okidogi|Okidogi, M|100\/100\n|move|p1a: Kleavor|X-Scissor|p2a: Okidogi\n|-resisted|p2a: Okidogi\n|-damage|p2a: Okidogi|87\/100\n|\n|-heal|p2a: Okidogi|93\/100|[from] item: Leftovers\n|upkeep\n|turn|3\n|\n|t:|1700073667\n|switch|p1a: Overqwil|Overqwil, F|100\/100\n|-ability|p1a: Overqwil|Intimidate|boost\n|-ability|p2a: Okidogi|Guard Dog|boost\n|-boost|p2a: Okidogi|atk|1\n|move|p2a: Okidogi|Knock Off|p1a: Overqwil\n|-resisted|p1a: Overqwil\n|-damage|p1a: Overqwil|81\/100\n|-enditem|p1a: Overqwil|Black Sludge|[from] move: Knock Off|[of] p2a: Okidogi\n|\n|-heal|p2a: Okidogi|99\/100|[from] item: Leftovers\n|upkeep\n|turn|4\n|\n|t:|1700073678\n|move|p2a: Okidogi|Drain Punch|p1a: Overqwil\n|-damage|p1a: Overqwil|41\/100\n|-heal|p2a: Okidogi|100\/100|[from] drain|[of] p1a: Overqwil\n|move|p1a: Overqwil|Spikes|p2a: Okidogi\n|-sidestart|p2: slime4real|Spikes\n|\n|upkeep\n|turn|5\n|\n|t:|1700073687\n|switch|p1a: Basculegion|Basculegion-F, F|100\/100\n|move|p2a: Okidogi|Drain Punch|p1a: Basculegion\n|-immune|p1a: Basculegion\n|\n|upkeep\n|turn|6\n|\n|t:|1700073691\n|move|p1a: Basculegion|Surf|p2a: Okidogi\n|-damage|p2a: Okidogi|25\/100\n|-damage|p1a: Basculegion|91\/100|[from] item: Life Orb\n|move|p2a: Okidogi|Knock Off|p1a: Basculegion\n|-supereffective|p1a: Basculegion\n|-damage|p1a: Basculegion|0 fnt\n|-enditem|p1a: Basculegion|Life Orb|[from] move: Knock Off|[of] p2a: Okidogi\n|faint|p1a: Basculegion\n|\n|-heal|p2a: Okidogi|31\/100|[from] item: Leftovers\n|upkeep\n|\n|t:|1700073703\n|switch|p1a: Sneasler|Sneasler, M|100\/100\n|turn|7\n|\n|t:|1700073708\n|switch|p2a: Ting-Lu|Ting-Lu|37\/100\n|-damage|p2a: Ting-Lu|24\/100|[from] Spikes\n|-ability|p2a: Ting-Lu|Vessel of Ruin\n|move|p1a: Sneasler|Bulk Up|p1a: Sneasler\n|-boost|p1a: Sneasler|atk|1\n|-boost|p1a: Sneasler|def|1\n|\n|-heal|p2a: Ting-Lu|31\/100|[from] item: Leftovers\n|upkeep\n|turn|8\n|inactive|RSDPM has 120 seconds left.\n|\n|t:|1700073746\n|-terastallize|p1a: Sneasler|Flying\n|move|p1a: Sneasler|Bulk Up|p1a: Sneasler\n|-boost|p1a: Sneasler|atk|1\n|-boost|p1a: Sneasler|def|1\n|move|p2a: Ting-Lu|Whirlwind|p1a: Sneasler\n|drag|p1a: Overqwil|Overqwil, F|41\/100\n|-ability|p1a: Overqwil|Intimidate|boost\n|-unboost|p2a: Ting-Lu|atk|1\n|\n|-heal|p2a: Ting-Lu|37\/100|[from] item: Leftovers\n|upkeep\n|turn|9\n|inactive|RSDPM has 120 seconds left.\n|\n|t:|1700073757\n|move|p1a: Overqwil|Toxic|p2a: Ting-Lu\n|-status|p2a: Ting-Lu|tox\n|move|p2a: Ting-Lu|Stealth Rock|p1a: Overqwil\n|-sidestart|p1: RSDPM|move: Stealth Rock\n|\n|-heal|p2a: Ting-Lu|43\/100 tox|[from] item: Leftovers\n|-damage|p2a: Ting-Lu|37\/100 tox|[from] psn\n|upkeep\n|turn|10\n|inactive|RSDPM has 120 seconds left.\n|\n|t:|1700073766\n|move|p1a: Overqwil|Spikes|p2a: Ting-Lu\n|-sidestart|p2: slime4real|Spikes\n|move|p2a: Ting-Lu|Earthquake|p1a: Overqwil\n|-supereffective|p1a: Overqwil\n|-damage|p1a: Overqwil|6\/100\n|\n|-heal|p2a: Ting-Lu|43\/100 tox|[from] item: Leftovers\n|-damage|p2a: Ting-Lu|31\/100 tox|[from] psn\n|upkeep\n|turn|11\n|\n|t:|1700073771\n|move|p1a: Overqwil|Spikes|p2a: Ting-Lu\n|-sidestart|p2: slime4real|Spikes\n|move|p2a: Ting-Lu|Earthquake|p1a: Overqwil\n|-supereffective|p1a: Overqwil\n|-damage|p1a: Overqwil|0 fnt\n|faint|p1a: Overqwil\n|\n|-heal|p2a: Ting-Lu|37\/100 tox|[from] item: Leftovers\n|-damage|p2a: Ting-Lu|18\/100 tox|[from] psn\n|upkeep\n|\n|t:|1700073778\n|switch|p1a: Sneasler|Sneasler, M, tera:Flying|100\/100\n|-damage|p1a: Sneasler|76\/100|[from] Stealth Rock\n|turn|12\n|\n|t:|1700073783\n|move|p1a: Sneasler|Dire Claw|p2a: Ting-Lu\n|-resisted|p2a: Ting-Lu\n|-damage|p2a: Ting-Lu|7\/100 tox\n|move|p2a: Ting-Lu|Whirlwind|p1a: Sneasler\n|drag|p1a: Wyrdeer|Wyrdeer, M|100\/100\n|-damage|p1a: Wyrdeer|88\/100|[from] Stealth Rock\n|\n|-heal|p2a: Ting-Lu|13\/100 tox|[from] item: Leftovers\n|-damage|p2a: Ting-Lu|0 fnt|[from] psn\n|faint|p2a: Ting-Lu\n|upkeep\n|\n|t:|1700073793\n|switch|p2a: Cinderace|Cinderace, M|100\/100\n|turn|13\n|\n|t:|1700073804\n|move|p2a: Cinderace|U-turn|p1a: Wyrdeer\n|-supereffective|p1a: Wyrdeer\n|-damage|p1a: Wyrdeer|35\/100\n|-enditem|p1a: Wyrdeer|Weakness Policy\n|-boost|p1a: Wyrdeer|atk|2|[from] item: Weakness Policy\n|-boost|p1a: Wyrdeer|spa|2|[from] item: Weakness Policy\n|\n|t:|1700073806\n|switch|p2a: Ninetales|Ninetales-Alola, M|100\/100|[from] U-turn\n|-damage|p2a: Ninetales|76\/100|[from] Spikes\n|-weather|Snow|[from] ability: Snow Warning|[of] p2a: Ninetales\n|move|p1a: Wyrdeer|Agility|p1a: Wyrdeer\n|-boost|p1a: Wyrdeer|spe|2\n|\n|-weather|Snow|[upkeep]\n|upkeep\n|turn|14\n|\n|t:|1700073819\n|move|p1a: Wyrdeer|Stored Power|p2a: Ninetales\n|-damage|p2a: Ninetales|0 fnt\n|faint|p2a: Ninetales\n|\n|-weather|Snow|[upkeep]\n|upkeep\n|\n|t:|1700073825\n|switch|p2a: Kingambit|Kingambit, M|100\/100\n|-damage|p2a: Kingambit|75\/100|[from] Spikes\n|-activate|p2a: Kingambit|ability: Supreme Overlord\n|-start|p2a: Kingambit|fallen2|[silent]\n|turn|15\n|\n|t:|1700073833\n|switch|p1a: Ursaluna|Ursaluna, M|100\/100\n|-damage|p1a: Ursaluna|94\/100|[from] Stealth Rock\n|move|p2a: Kingambit|Kowtow Cleave|p1a: Ursaluna\n|-damage|p1a: Ursaluna|56\/100\n|\n|-weather|Snow|[upkeep]\n|-heal|p2a: Kingambit|82\/100|[from] item: Leftovers\n|-status|p1a: Ursaluna|brn|[from] item: Flame Orb\n|upkeep\n|turn|16\n|\n|t:|1700073856\n|-end|p2a: Kingambit|fallen2|[silent]\n|switch|p2a: Okidogi|Okidogi, M|31\/100\n|-damage|p2a: Okidogi|6\/100|[from] Spikes\n|move|p1a: Ursaluna|Drain Punch|p2a: Okidogi\n|-resisted|p2a: Okidogi\n|-damage|p2a: Okidogi|0 fnt\n|-heal|p1a: Ursaluna|58\/100 brn|[from] drain|[of] p2a: Okidogi\n|faint|p2a: Okidogi\n|\n|-weather|Snow|[upkeep]\n|-damage|p1a: Ursaluna|52\/100 brn|[from] brn\n|upkeep\n|\n|t:|1700073862\n|switch|p2a: Ogerpon|Ogerpon-Wellspring, F|100\/100\n|-damage|p2a: Ogerpon|76\/100|[from] Spikes\n|turn|17\n|\n|t:|1700073873\n|switch|p1a: Wyrdeer|Wyrdeer, M|35\/100\n|-damage|p1a: Wyrdeer|22\/100|[from] Stealth Rock\n|move|p2a: Ogerpon|Ivy Cudgel|p1a: Wyrdeer|[anim] Ivy Cudgel Water\n|-damage|p1a: Wyrdeer|0 fnt\n|faint|p1a: Wyrdeer\n|\n|-weather|none\n|upkeep\n|\n|t:|1700073883\n|switch|p1a: Sneasler|Sneasler, M, tera:Flying|76\/100\n|-damage|p1a: Sneasler|51\/100|[from] Stealth Rock\n|turn|18\n|\n|t:|1700073890\n|switch|p2a: Cinderace|Cinderace, M|100\/100\n|move|p1a: Sneasler|Close Combat|p2a: Cinderace\n|-damage|p2a: Cinderace|23\/100\n|-unboost|p1a: Sneasler|def|1\n|-unboost|p1a: Sneasler|spd|1\n|\n|upkeep\n|turn|19\n|\n|t:|1700073905\n|switch|p1a: Kleavor|Kleavor, M|50\/100\n|-damage|p1a: Kleavor|25\/100|[from] Stealth Rock\n|move|p2a: Cinderace|Will-O-Wisp|p1a: Kleavor|[miss]\n|-miss|p2a: Cinderace|p1a: Kleavor\n|\n|upkeep\n|turn|20\n|\n|t:|1700073923\n|switch|p2a: Kingambit|Kingambit, M|82\/100\n|-damage|p2a: Kingambit|57\/100|[from] Spikes\n|-activate|p2a: Kingambit|ability: Supreme Overlord\n|-start|p2a: Kingambit|fallen3|[silent]\n|move|p1a: Kleavor|Stone Axe|p2a: Kingambit\n|-resisted|p2a: Kingambit\n|-damage|p2a: Kingambit|39\/100\n|-sidestart|p2: slime4real|move: Stealth Rock\n|\n|-heal|p2a: Kingambit|46\/100|[from] item: Leftovers\n|upkeep\n|turn|21\n|\n|t:|1700073934\n|move|p1a: Kleavor|Stone Axe|p2a: Kingambit\n|-resisted|p2a: Kingambit\n|-damage|p2a: Kingambit|28\/100\n|move|p2a: Kingambit|Kowtow Cleave|p1a: Kleavor\n|-damage|p1a: Kleavor|0 fnt\n|faint|p1a: Kleavor\n|\n|-heal|p2a: Kingambit|34\/100|[from] item: Leftovers\n|upkeep\n|\n|t:|1700073938\n|switch|p1a: Ursaluna|Ursaluna, M|52\/100 brn\n|-damage|p1a: Ursaluna|46\/100 brn|[from] Stealth Rock\n|turn|22\n|\n|t:|1700073947\n|move|p2a: Kingambit|Kowtow Cleave|p1a: Ursaluna\n|-damage|p1a: Ursaluna|0 fnt\n|faint|p1a: Ursaluna\n|\n|-heal|p2a: Kingambit|40\/100|[from] item: Leftovers\n|upkeep\n|\n|t:|1700073954\n|switch|p1a: Sneasler|Sneasler, M, tera:Flying|51\/100\n|-damage|p1a: Sneasler|26\/100|[from] Stealth Rock\n|turn|23\n|\n|t:|1700073959\n|move|p1a: Sneasler|Bulk Up|p1a: Sneasler\n|-boost|p1a: Sneasler|atk|1\n|-boost|p1a: Sneasler|def|1\n|move|p2a: Kingambit|Kowtow Cleave|p1a: Sneasler\n|-damage|p1a: Sneasler|0 fnt\n|faint|p1a: Sneasler\n|\n|win|slime4real\n|raw|RSDPM's rating: 1298 &rarr; <strong>1268<\/strong><br \/>(-30 for losing)\n|raw|slime4real's rating: 1230 &rarr; <strong>1260<\/strong><br \/>(+30 for winning)\n|l|\u2606slime4real\n","uploadtime":1700073986,"views":8,"p1id":"rsdpm","p2id":"slime4real","formatid":"gen9ou","rating":1260,"private":0,"password":""}