{"id":"gen9ou-1995260539","p1":"megaJRAmed001","p2":"Zapsuki","format":"[Gen 9] OU","log":"|j|\u2606megaJRAmed001\n|j|\u2606Zapsuki\n|inactive|Battle timer is ON: inactive players will automatically lose when time's up.\n|t:|1700542811\n|gametype|singles\n|player|p1|megaJRAmed001|iris-gen5bw2|\n|player|p2|Zapsuki|serena-masters2|\n|teamsize|p1|6\n|teamsize|p2|6\n|gen|9\n|tier|[Gen 9] OU\n|rated|Tournament battle\n|rule|Sleep Clause Mod: Limit one foe put to sleep\n|rule|Species Clause: Limit one of each Pok\u00e9mon\n|rule|OHKO Clause: OHKO moves are banned\n|rule|Evasion Items Clause: Evasion items are banned\n|rule|Evasion Moves Clause: Evasion moves are banned\n|rule|Endless Battle Clause: Forcing endless battles is banned\n|rule|HP Percentage Mod: HP is shown in percentages\n|clearpoke\n|poke|p1|Great Tusk|\n|poke|p1|Ogerpon-Cornerstone, F|\n|poke|p1|Rotom-Wash|\n|poke|p1|Glimmora, F|\n|poke|p1|Hatterene, F|\n|poke|p1|Gholdengo|\n|poke|p2|Dragonite, F|\n|poke|p2|Garchomp, M|\n|poke|p2|Kommo-o, F|\n|poke|p2|Dragapult, M|\n|poke|p2|Tinkaton, F|\n|poke|p2|Walking Wake|\n|teampreview\n|inactive|Zapsuki also wants the timer to be on.\n|\n|t:|1700542818\n|start\n|switch|p1a: Rotom|Rotom-Wash|100\/100\n|switch|p2a: Walking Wake|Walking Wake|100\/100\n|turn|1\n|\n|t:|1700542832\n|move|p2a: Walking Wake|Draco Meteor|p1a: Rotom\n|-damage|p1a: Rotom|32\/100\n|-unboost|p2a: Walking Wake|spa|2\n|-enditem|p2a: Walking Wake|Eject Pack\n|inactive|Zapsuki has 120 seconds left.\n|\n|t:|1700542859\n|-end|p2a: Walking Wake|Protosynthesis|[silent]\n|switch|p2a: Garchomp|Garchomp, M|100\/100\n|move|p1a: Rotom|Volt Switch|p2a: Garchomp\n|-immune|p2a: Garchomp\n|\n|upkeep\n|turn|2\n|inactive|Zapsuki has 120 seconds left.\n|\n|t:|1700542885\n|move|p1a: Rotom|Will-O-Wisp|p2a: Garchomp\n|-status|p2a: Garchomp|brn\n|move|p2a: Garchomp|Dragon Tail|p1a: Rotom\n|-damage|p1a: Rotom|22\/100\n|drag|p1a: Ogerpon|Ogerpon-Cornerstone, F|100\/100\n|\n|-damage|p2a: Garchomp|94\/100 brn|[from] brn\n|upkeep\n|turn|3\n|\n|t:|1700542896\n|switch|p1a: Hatterene|Hatterene, F|100\/100\n|move|p2a: Garchomp|Stealth Rock|p1a: Hatterene\n|move|p1a: Hatterene|Stealth Rock|p2a: Garchomp|[from]ability: Magic Bounce\n|-sidestart|p2: Zapsuki|move: Stealth Rock\n|\n|-damage|p2a: Garchomp|88\/100 brn|[from] brn\n|upkeep\n|turn|4\n|\n|t:|1700542915\n|switch|p2a: Tinkaton|Tinkaton, F, shiny|100\/100\n|-damage|p2a: Tinkaton|94\/100|[from] Stealth Rock\n|-ability|p2a: Tinkaton|Mold Breaker\n|move|p1a: Hatterene|Draining Kiss|p2a: Tinkaton\n|-resisted|p2a: Tinkaton\n|-damage|p2a: Tinkaton|85\/100\n|\n|-heal|p2a: Tinkaton|91\/100|[from] item: Leftovers\n|upkeep\n|turn|5\n|inactive|Zapsuki has 120 seconds left.\n|\n|t:|1700542921\n|switch|p1a: Rotom|Rotom-Wash|22\/100\n|move|p2a: Tinkaton|Knock Off|p1a: Rotom\n|-damage|p1a: Rotom|9\/100\n|-enditem|p1a: Rotom|Covert Cloak|[from] move: Knock Off|[of] p2a: Tinkaton\n|\n|-heal|p2a: Tinkaton|98\/100|[from] item: Leftovers\n|upkeep\n|turn|6\n|inactive|Zapsuki has 120 seconds left.\n|\n|t:|1700542943\n|move|p2a: Tinkaton|Knock Off|p1a: Rotom\n|-damage|p1a: Rotom|1\/100\n|move|p1a: Rotom|Will-O-Wisp|p2a: Tinkaton\n|-status|p2a: Tinkaton|brn\n|\n|-heal|p2a: Tinkaton|100\/100 brn|[from] item: Leftovers\n|-damage|p2a: Tinkaton|94\/100 brn|[from] brn\n|upkeep\n|turn|7\n|j| Tidy Up Cinccino\n|inactive|megaJRAmed001 has 120 seconds left.\n|\n|t:|1700542969\n|switch|p1a: Great Tusk|Great Tusk|100\/100\n|move|p2a: Tinkaton|Knock Off|p1a: Great Tusk\n|-resisted|p1a: Great Tusk\n|-damage|p1a: Great Tusk|98\/100\n|-enditem|p1a: Great Tusk|Heavy-Duty Boots|[from] move: Knock Off|[of] p2a: Tinkaton\n|\n|-heal|p2a: Tinkaton|100\/100 brn|[from] item: Leftovers\n|-damage|p2a: Tinkaton|94\/100 brn|[from] brn\n|upkeep\n|turn|8\n|\n|t:|1700542974\n|switch|p2a: Walking Wake|Walking Wake|100\/100\n|-damage|p2a: Walking Wake|88\/100|[from] Stealth Rock\n|move|p1a: Great Tusk|Rapid Spin|p2a: Walking Wake\n|-damage|p2a: Walking Wake|66\/100\n|-boost|p1a: Great Tusk|spe|1\n|\n|upkeep\n|turn|9\n|\n|t:|1700542981\n|-end|p1a: Great Tusk|Protosynthesis|[silent]\n|switch|p1a: Hatterene|Hatterene, F|100\/100\n|move|p2a: Walking Wake|Scald|p1a: Hatterene\n|-damage|p1a: Hatterene|71\/100\n|\n|upkeep\n|turn|10\n|\n|t:|1700542985\n|-end|p2a: Walking Wake|Protosynthesis|[silent]\n|switch|p2a: Tinkaton|Tinkaton, F, shiny|94\/100 brn\n|-damage|p2a: Tinkaton|88\/100 brn|[from] Stealth Rock\n|-ability|p2a: Tinkaton|Mold Breaker\n|move|p1a: Hatterene|Draining Kiss|p2a: Tinkaton\n|-resisted|p2a: Tinkaton\n|-damage|p2a: Tinkaton|78\/100 brn\n|-heal|p1a: Hatterene|80\/100|[from] drain|[of] p2a: Tinkaton\n|\n|-heal|p2a: Tinkaton|84\/100 brn|[from] item: Leftovers\n|-damage|p2a: Tinkaton|78\/100 brn|[from] brn\n|upkeep\n|turn|11\n|\n|t:|1700542993\n|switch|p1a: Glimmora|Glimmora, F|100\/100\n|move|p2a: Tinkaton|Gigaton Hammer|p1a: Glimmora\n|-supereffective|p1a: Glimmora\n|-damage|p1a: Glimmora|52\/100\n|-activate|p1a: Glimmora|ability: Toxic Debris\n|-sidestart|p2: Zapsuki|move: Toxic Spikes\n|\n|-heal|p2a: Tinkaton|84\/100 brn|[from] item: Leftovers\n|-damage|p2a: Tinkaton|78\/100 brn|[from] brn\n|upkeep\n|turn|12\n|\n|t:|1700543008\n|switch|p2a: Garchomp|Garchomp, M|88\/100 brn\n|-damage|p2a: Garchomp|82\/100 brn|[from] Stealth Rock\n|move|p1a: Glimmora|Earth Power|p2a: Garchomp\n|-damage|p2a: Garchomp|53\/100 brn\n|\n|-damage|p2a: Garchomp|47\/100 brn|[from] brn\n|upkeep\n|turn|13\n|\n|t:|1700543014\n|switch|p1a: Rotom|Rotom-Wash|1\/100\n|move|p2a: Garchomp|Earthquake|p1a: Rotom\n|-immune|p1a: Rotom|[from] ability: Levitate\n|\n|-damage|p2a: Garchomp|41\/100 brn|[from] brn\n|upkeep\n|turn|14\n|\n|t:|1700543018\n|move|p2a: Garchomp|Stealth Rock|p1a: Rotom\n|-sidestart|p1: megaJRAmed001|move: Stealth Rock\n|move|p1a: Rotom|Hydro Pump|p2a: Garchomp\n|-damage|p2a: Garchomp|6\/100 brn\n|\n|-damage|p2a: Garchomp|0 fnt|[from] brn\n|faint|p2a: Garchomp\n|upkeep\n|\n|t:|1700543042\n|switch|p2a: Dragapult|Dragapult, M|100\/100\n|turn|15\n|\n|t:|1700543053\n|move|p2a: Dragapult|Substitute|p2a: Dragapult\n|-start|p2a: Dragapult|Substitute\n|-damage|p2a: Dragapult|76\/100\n|move|p1a: Rotom|Volt Switch|p2a: Dragapult\n|-resisted|p2a: Dragapult\n|-activate|p2a: Dragapult|move: Substitute|[damage]\n|\n|t:|1700543055\n|switch|p1a: Hatterene|Hatterene, F|80\/100|[from] Volt Switch\n|-damage|p1a: Hatterene|67\/100|[from] Stealth Rock\n|\n|upkeep\n|turn|16\n|\n|t:|1700543059\n|move|p2a: Dragapult|Hex|p1a: Hatterene\n|-supereffective|p1a: Hatterene\n|-damage|p1a: Hatterene|30\/100\n|move|p1a: Hatterene|Draining Kiss|p2a: Dragapult\n|-supereffective|p2a: Dragapult\n|-end|p2a: Dragapult|Substitute\n|-heal|p1a: Hatterene|34\/100|[from] drain|[of] p2a: Dragapult\n|\n|upkeep\n|turn|17\n|\n|t:|1700543075\n|-terastallize|p1a: Hatterene|Fairy\n|move|p2a: Dragapult|Hex|p1a: Hatterene\n|-damage|p1a: Hatterene|16\/100\n|move|p1a: Hatterene|Draining Kiss|p2a: Dragapult\n|-supereffective|p2a: Dragapult\n|-damage|p2a: Dragapult|0 fnt\n|-heal|p1a: Hatterene|72\/100|[from] drain|[of] p2a: Dragapult\n|faint|p2a: Dragapult\n|\n|upkeep\n|\n|t:|1700543088\n|switch|p2a: Tinkaton|Tinkaton, F, shiny|78\/100 brn\n|-damage|p2a: Tinkaton|72\/100 brn|[from] Stealth Rock\n|-ability|p2a: Tinkaton|Mold Breaker\n|turn|18\n|\n|t:|1700543095\n|switch|p1a: Rotom|Rotom-Wash|1\/100\n|-damage|p1a: Rotom|0 fnt|[from] Stealth Rock\n|faint|p1a: Rotom\n|move|p2a: Tinkaton|Gigaton Hammer|p1: Rotom|[notarget]\n|-fail|p2a: Tinkaton\n|\n|-heal|p2a: Tinkaton|78\/100 brn|[from] item: Leftovers\n|-damage|p2a: Tinkaton|72\/100 brn|[from] brn\n|upkeep\n|\n|t:|1700543101\n|switch|p1a: Great Tusk|Great Tusk|98\/100\n|-damage|p1a: Great Tusk|95\/100|[from] Stealth Rock\n|turn|19\n|\n|t:|1700543113\n|move|p2a: Tinkaton|Encore||[still]\n|-fail|p2a: Tinkaton\n|move|p1a: Great Tusk|Rapid Spin|p2a: Tinkaton\n|-resisted|p2a: Tinkaton\n|-damage|p2a: Tinkaton|61\/100 brn\n|-boost|p1a: Great Tusk|spe|1\n|-sideend|p1: megaJRAmed001|Stealth Rock|[from] move: Rapid Spin|[of] p1a: Great Tusk\n|\n|-heal|p2a: Tinkaton|67\/100 brn|[from] item: Leftovers\n|-damage|p2a: Tinkaton|61\/100 brn|[from] brn\n|upkeep\n|turn|20\n|\n|t:|1700543121\n|move|p1a: Great Tusk|Headlong Rush|p2a: Tinkaton\n|-supereffective|p2a: Tinkaton\n|-damage|p2a: Tinkaton|0 fnt\n|-unboost|p1a: Great Tusk|def|1\n|-unboost|p1a: Great Tusk|spd|1\n|faint|p2a: Tinkaton\n|\n|upkeep\n|\n|t:|1700543123\n|switch|p2a: Walking Wake|Walking Wake|66\/100\n|-damage|p2a: Walking Wake|54\/100|[from] Stealth Rock\n|-status|p2a: Walking Wake|psn\n|turn|21\n|\n|t:|1700543131\n|-end|p1a: Great Tusk|Protosynthesis|[silent]\n|switch|p1a: Gholdengo|Gholdengo|100\/100\n|move|p2a: Walking Wake|Scald|p1a: Gholdengo\n|-damage|p1a: Gholdengo|51\/100\n|\n|-damage|p2a: Walking Wake|41\/100 psn|[from] psn\n|upkeep\n|turn|22\n|\n|t:|1700543135\n|move|p1a: Gholdengo|Shadow Ball|p2a: Walking Wake\n|-damage|p2a: Walking Wake|0 fnt\n|faint|p2a: Walking Wake\n|-end|p2a: Walking Wake|Protosynthesis|[silent]\n|\n|upkeep\n|\n|t:|1700543143\n|switch|p2a: Kommo-o|Kommo-o, F|100\/100\n|turn|23\n|\n|t:|1700543149\n|switch|p1a: Hatterene|Hatterene, F, tera:Fairy|72\/100\n|move|p2a: Kommo-o|Clangorous Soul|p2a: Kommo-o\n|-boost|p2a: Kommo-o|atk|1\n|-boost|p2a: Kommo-o|def|1\n|-boost|p2a: Kommo-o|spa|1\n|-boost|p2a: Kommo-o|spd|1\n|-boost|p2a: Kommo-o|spe|1\n|-damage|p2a: Kommo-o|68\/100\n|\n|upkeep\n|turn|24\n|\n|t:|1700543178\n|move|p2a: Kommo-o|Flash Cannon|p1a: Hatterene\n|-supereffective|p1a: Hatterene\n|-damage|p1a: Hatterene|20\/100\n|move|p1a: Hatterene|Nuzzle|p2a: Kommo-o\n|-resisted|p2a: Kommo-o\n|-damage|p2a: Kommo-o|66\/100\n|-status|p2a: Kommo-o|par\n|\n|upkeep\n|turn|25\n|inactive|Zapsuki has 120 seconds left.\n|\n|t:|1700543195\n|-terastallize|p2a: Kommo-o|Steel\n|move|p2a: Kommo-o|Flash Cannon|p1a: Hatterene\n|-supereffective|p1a: Hatterene\n|-damage|p1a: Hatterene|0 fnt\n|faint|p1a: Hatterene\n|\n|upkeep\n|\n|t:|1700543205\n|switch|p1a: Great Tusk|Great Tusk|95\/100\n|turn|26\n|\n|t:|1700543209\n|switch|p2a: Dragonite|Dragonite, F|100\/100\n|move|p1a: Great Tusk|Headlong Rush|p2a: Dragonite\n|-immune|p2a: Dragonite\n|\n|upkeep\n|turn|27\n|\n|t:|1700543214\n|move|p2a: Dragonite|Dragon Dance|p2a: Dragonite\n|-boost|p2a: Dragonite|atk|1\n|-boost|p2a: Dragonite|spe|1\n|move|p1a: Great Tusk|Ice Spinner|p2a: Dragonite\n|-supereffective|p2a: Dragonite\n|-damage|p2a: Dragonite|28\/100\n|\n|upkeep\n|turn|28\n|-message|Zapsuki forfeited.\n|\n|win|megaJRAmed001\n|n|\u2606megaJRAmed001|megajramed001\n|n|\u2606Zapsuki|zapsuki\n|n| Tidy Up Cinccino|tidyupcinccino\n|l|\u2606Zapsuki\n|l|\u2606megaJRAmed001\n|j|\u2606Zapsuki\n|player|p2|Zapsuki|serena-masters2\n|l|\u2606Zapsuki\n|player|p2|\n","uploadtime":1700543814,"views":2,"p1id":"megajramed001","p2id":"zapsuki","formatid":"gen9ou","rating":0,"private":0,"password":""}