{"id":"gen9ou-1997333208","p1":"napg0d","p2":"Jambees","format":"[Gen 9] OU","log":"|j|\u2606napg0d\n|j|\u2606Jambees\n|t:|1700790619\n|gametype|singles\n|player|p1|napg0d|swimmerm-gen2|\n|player|p2|Jambees|marnie-masters|\n|teamsize|p1|6\n|teamsize|p2|6\n|gen|9\n|tier|[Gen 9] OU\n|rule|Sleep Clause Mod: Limit one foe put to sleep\n|rule|Species Clause: Limit one of each Pok\u00e9mon\n|rule|OHKO Clause: OHKO moves are banned\n|rule|Evasion Items Clause: Evasion items are banned\n|rule|Evasion Moves Clause: Evasion moves are banned\n|rule|Endless Battle Clause: Forcing endless battles is banned\n|rule|HP Percentage Mod: HP is shown in percentages\n|clearpoke\n|poke|p1|Haxorus, M|\n|poke|p1|Jolteon, M|\n|poke|p1|Heatran, M|\n|poke|p1|Quaquaval, M|\n|poke|p1|Clefable, M|\n|poke|p1|Forretress, M|\n|poke|p2|Sinistcha-Masterpiece|\n|poke|p2|Vaporeon, M|\n|poke|p2|Typhlosion-Hisui, F|\n|poke|p2|Cyclizar, M|\n|poke|p2|Hawlucha, F|\n|poke|p2|Pincurchin, M|\n|teampreview\n|j| LuichoX\n|j| edicts\n|c| edicts|1sec\n|c| edicts|looks great\n|c| edicts|ready to go\n|\n|t:|1700790712\n|start\n|switch|p1a: Borussia Dortmund|Jolteon, M|100\/100\n|switch|p2a: Ride me ;p|Cyclizar, M|100\/100\n|turn|1\n|\n|t:|1700790729\n|move|p1a: Borussia Dortmund|Calm Mind|p1a: Borussia Dortmund\n|-boost|p1a: Borussia Dortmund|spa|1\n|-boost|p1a: Borussia Dortmund|spd|1\n|move|p2a: Ride me ;p|U-turn|p1a: Borussia Dortmund\n|-damage|p1a: Borussia Dortmund|65\/100\n|-damage|p2a: Ride me ;p|91\/100|[from] item: Life Orb\n|\n|t:|1700790745\n|switch|p2a: Mouth Balls|Pincurchin, M, shiny|100\/100|[from] U-turn\n|-fieldstart|move: Electric Terrain|[from] ability: Electric Surge|[of] p2a: Mouth Balls\n|\n|-heal|p1a: Borussia Dortmund|71\/100|[from] item: Leftovers\n|upkeep\n|turn|2\n|\n|t:|1700790754\n|move|p1a: Borussia Dortmund|Calm Mind|p1a: Borussia Dortmund\n|-boost|p1a: Borussia Dortmund|spa|1\n|-boost|p1a: Borussia Dortmund|spd|1\n|move|p2a: Mouth Balls|Memento|p1a: Borussia Dortmund\n|-unboost|p1a: Borussia Dortmund|atk|2\n|-unboost|p1a: Borussia Dortmund|spa|2\n|faint|p2a: Mouth Balls\n|\n|-heal|p1a: Borussia Dortmund|77\/100|[from] item: Leftovers\n|upkeep\n|\n|t:|1700790762\n|switch|p2a: Bird Person|Hawlucha, F|100\/100\n|-enditem|p2a: Bird Person|Electric Seed\n|-boost|p2a: Bird Person|def|1|[from] item: Electric Seed\n|turn|3\n|\n|t:|1700790770\n|switch|p1a: FC Union Berlin|Forretress, M|100\/100\n|-terastallize|p2a: Bird Person|Steel\n|move|p2a: Bird Person|Swords Dance|p2a: Bird Person\n|-boost|p2a: Bird Person|atk|2\n|\n|upkeep\n|turn|4\n|\n|t:|1700790781\n|move|p2a: Bird Person|Acrobatics|p1a: FC Union Berlin\n|-damage|p1a: FC Union Berlin|43\/100\n|move|p1a: FC Union Berlin|Body Press|p2a: Bird Person\n|-supereffective|p2a: Bird Person\n|-damage|p2a: Bird Person|40\/100\n|\n|-heal|p1a: FC Union Berlin|50\/100|[from] item: Leftovers\n|upkeep\n|turn|5\n|\n|t:|1700790797\n|switch|p1a: Everton FC|Clefable, M|100\/100\n|move|p2a: Bird Person|Acrobatics|p1a: Everton FC\n|-damage|p1a: Everton FC|62\/100\n|\n|-heal|p1a: Everton FC|69\/100|[from] item: Leftovers\n|upkeep\n|turn|6\n|\n|t:|1700790820\n|move|p2a: Bird Person|Iron Head|p1a: Everton FC\n|-supereffective|p1a: Everton FC\n|-damage|p1a: Everton FC|12\/100\n|move|p1a: Everton FC|Moonblast|p2a: Bird Person\n|-resisted|p2a: Bird Person\n|-damage|p2a: Bird Person|16\/100\n|-unboost|p2a: Bird Person|spa|1\n|\n|-heal|p1a: Everton FC|18\/100|[from] item: Leftovers\n|upkeep\n|turn|7\n|\n|t:|1700790835\n|move|p2a: Bird Person|Acrobatics|p1a: Everton FC\n|-damage|p1a: Everton FC|0 fnt\n|faint|p1a: Everton FC\n|\n|upkeep\n|c|\u2606napg0d|my set wrong pain\n|\n|t:|1700790870\n|switch|p1a: Borussia Dortmund|Jolteon, M|77\/100\n|turn|8\n|\n|t:|1700790879\n|move|p2a: Bird Person|Close Combat|p1a: Borussia Dortmund\n|-damage|p1a: Borussia Dortmund|0 fnt\n|-unboost|p2a: Bird Person|def|1\n|-unboost|p2a: Bird Person|spd|1\n|faint|p1a: Borussia Dortmund\n|\n|-fieldend|move: Electric Terrain\n|upkeep\n|\n|t:|1700790885\n|switch|p1a: FC Union Berlin|Forretress, M|50\/100\n|turn|9\n|\n|t:|1700790888\n|move|p2a: Bird Person|Acrobatics|p1a: FC Union Berlin\n|-damage|p1a: FC Union Berlin|0 fnt\n|faint|p1a: FC Union Berlin\n|\n|upkeep\n|\n|t:|1700790892\n|switch|p1a: ACF Fiorentina|Quaquaval, M|100\/100\n|turn|10\n|\n|t:|1700790901\n|move|p2a: Bird Person|Acrobatics|p1a: ACF Fiorentina\n|-supereffective|p1a: ACF Fiorentina\n|-damage|p1a: ACF Fiorentina|0 fnt\n|faint|p1a: ACF Fiorentina\n|\n|upkeep\n|\n|t:|1700790905\n|switch|p1a: FC Barcelona|Heatran, M|100\/100\n|-item|p1a: FC Barcelona|Air Balloon\n|turn|11\n|\n|t:|1700790915\n|-terastallize|p1a: FC Barcelona|Grass\n|move|p2a: Bird Person|Close Combat|p1a: FC Barcelona\n|-damage|p1a: FC Barcelona|0 fnt\n|-unboost|p2a: Bird Person|def|1\n|-unboost|p2a: Bird Person|spd|1\n|-enditem|p1a: FC Barcelona|Air Balloon\n|faint|p1a: FC Barcelona\n|\n|upkeep\n|\n|t:|1700790920\n|switch|p1a: Urawa Red Diamonds|Haxorus, M, shiny|100\/100\n|-ability|p1a: Urawa Red Diamonds|Mold Breaker\n|turn|12\n|\n|t:|1700790927\n|move|p2a: Bird Person|Close Combat|p1a: Urawa Red Diamonds\n|-damage|p1a: Urawa Red Diamonds|0 fnt\n|-unboost|p2a: Bird Person|def|1\n|-unboost|p2a: Bird Person|spd|1\n|faint|p1a: Urawa Red Diamonds\n|\n|win|Jambees\n|c| LuichoX|good pokemon\n|l|\u2606Jambees\n|l|\u2606napg0d\n","uploadtime":1700790936,"views":23,"p1id":"napg0d","p2id":"jambees","formatid":"gen9ou","rating":0,"private":0,"password":""}