{"id":"gen9ou-1996377550","p1":"Garbz_Larbz","p2":"Juanp0093","format":"[Gen 9] OU","log":"|j|\u2606Garbz_Larbz\n|j|\u2606Juanp0093\n|t:|1700676268\n|gametype|singles\n|player|p1|Garbz_Larbz|scientistf|1388\n|player|p2|Juanp0093|blue|1409\n|teamsize|p1|6\n|teamsize|p2|6\n|gen|9\n|tier|[Gen 9] OU\n|rated|\n|rule|Sleep Clause Mod: Limit one foe put to sleep\n|rule|Species Clause: Limit one of each Pok\u00e9mon\n|rule|OHKO Clause: OHKO moves are banned\n|rule|Evasion Items Clause: Evasion items are banned\n|rule|Evasion Moves Clause: Evasion moves are banned\n|rule|Endless Battle Clause: Forcing endless battles is banned\n|rule|HP Percentage Mod: HP is shown in percentages\n|clearpoke\n|poke|p1|Torkoal, M|\n|poke|p1|Lilligant-Hisui, F|\n|poke|p1|Walking Wake|\n|poke|p1|Corviknight, M|\n|poke|p1|Hatterene, F|\n|poke|p1|Clodsire, F|\n|poke|p2|Slowking-Galar, F|\n|poke|p2|Cinderace, F|\n|poke|p2|Great Tusk|\n|poke|p2|Iron Moth|\n|poke|p2|Kingambit, M|\n|poke|p2|Corviknight, F|\n|teampreview\n|inactive|Battle timer is ON: inactive players will automatically lose when time's up. (requested by Garbz_Larbz)\n|\n|t:|1700676279\n|start\n|switch|p1a: Torkoal|Torkoal, M|100\/100\n|switch|p2a: Slowking|Slowking-Galar, F|100\/100\n|-weather|SunnyDay|[from] ability: Drought|[of] p1a: Torkoal\n|turn|1\n|\n|t:|1700676284\n|move|p1a: Torkoal|Stealth Rock|p2a: Slowking\n|-sidestart|p2: Juanp0093|move: Stealth Rock\n|move|p2a: Slowking|Future Sight|p1a: Torkoal\n|-start|p2a: Slowking|move: Future Sight\n|\n|-weather|SunnyDay|[upkeep]\n|upkeep\n|turn|2\n|\n|t:|1700676308\n|move|p1a: Torkoal|Lava Plume|p2a: Slowking\n|-damage|p2a: Slowking|80\/100\n|move|p2a: Slowking|Chilly Reception|p2a: Slowking\n|-weather|Snow\n|\n|t:|1700676320\n|switch|p2a: Cinderace|Cinderace, F|100\/100|[from] Chilly Reception\n|\n|-weather|Snow|[upkeep]\n|upkeep\n|turn|3\n|\n|t:|1700676325\n|move|p2a: Cinderace|Court Change|p2a: Cinderace\n|-start|p2a: Cinderace|typechange|Normal|[from] ability: Libero\n|-swapsideconditions\n|-activate|p2a: Cinderace|move: Court Change\n|move|p1a: Torkoal|Rapid Spin|p2a: Cinderace\n|-damage|p2a: Cinderace|90\/100\n|-boost|p1a: Torkoal|spe|1\n|-sideend|p1: Garbz_Larbz|Stealth Rock|[from] move: Rapid Spin|[of] p1a: Torkoal\n|\n|-weather|Snow|[upkeep]\n|-end|p1a: Torkoal|move: Future Sight\n|-damage|p1a: Torkoal|59\/100\n|upkeep\n|turn|4\n|c|\u2606Garbz_Larbz|no\n|\n|t:|1700676340\n|switch|p1a: Corviknight|Corviknight, M|100\/100\n|-ability|p1a: Corviknight|Pressure\n|move|p2a: Cinderace|U-turn|p1a: Corviknight\n|-resisted|p1a: Corviknight\n|-damage|p1a: Corviknight|97\/100\n|\n|t:|1700676352\n|switch|p2a: Slowking|Slowking-Galar, F|100\/100|[from] U-turn\n|\n|-weather|Snow|[upkeep]\n|-heal|p1a: Corviknight|100\/100|[from] item: Leftovers\n|upkeep\n|turn|5\n|\n|t:|1700676356\n|move|p1a: Corviknight|Agility|p1a: Corviknight\n|-boost|p1a: Corviknight|spe|2\n|move|p2a: Slowking|Future Sight|p1a: Corviknight\n|-start|p2a: Slowking|move: Future Sight\n|\n|-weather|Snow|[upkeep]\n|upkeep\n|turn|6\n|\n|t:|1700676366\n|move|p1a: Corviknight|Bulk Up|p1a: Corviknight\n|-boost|p1a: Corviknight|atk|1\n|-boost|p1a: Corviknight|def|1\n|move|p2a: Slowking|Chilly Reception|p2a: Slowking\n|\n|t:|1700676368\n|switch|p2a: Cinderace|Cinderace, F|90\/100|[from] Chilly Reception\n|\n|-weather|none\n|upkeep\n|turn|7\n|\n|t:|1700676375\n|-terastallize|p1a: Corviknight|Water\n|move|p2a: Cinderace|Will-O-Wisp|p1a: Corviknight\n|-status|p1a: Corviknight|brn\n|move|p1a: Corviknight|Agility|p1a: Corviknight\n|-boost|p1a: Corviknight|spe|2\n|\n|-end|p1a: Corviknight|move: Future Sight\n|-damage|p1a: Corviknight|69\/100 brn\n|-heal|p1a: Corviknight|75\/100 brn|[from] item: Leftovers\n|-damage|p1a: Corviknight|69\/100 brn|[from] brn\n|upkeep\n|turn|8\n|\n|t:|1700676390\n|move|p1a: Corviknight|Bulk Up|p1a: Corviknight\n|-boost|p1a: Corviknight|atk|1\n|-boost|p1a: Corviknight|def|1\n|move|p2a: Cinderace|U-turn|p1a: Corviknight\n|-start|p2a: Cinderace|typechange|Bug|[from] ability: Libero\n|-damage|p1a: Corviknight|58\/100 brn\n|\n|t:|1700676392\n|switch|p2a: Iron Moth|Iron Moth|100\/100|[from] U-turn\n|-enditem|p2a: Iron Moth|Booster Energy\n|-activate|p2a: Iron Moth|ability: Quark Drive|[fromitem]\n|-start|p2a: Iron Moth|quarkdrivespe\n|\n|-heal|p1a: Corviknight|64\/100 brn|[from] item: Leftovers\n|-damage|p1a: Corviknight|58\/100 brn|[from] brn\n|upkeep\n|turn|9\n|\n|t:|1700676400\n|-terastallize|p2a: Iron Moth|Grass\n|move|p1a: Corviknight|Roost|p1a: Corviknight\n|-heal|p1a: Corviknight|100\/100 brn\n|move|p2a: Iron Moth|Energy Ball|p1a: Corviknight\n|-supereffective|p1a: Corviknight\n|-damage|p1a: Corviknight|37\/100 brn\n|\n|-heal|p1a: Corviknight|43\/100 brn|[from] item: Leftovers\n|-damage|p1a: Corviknight|37\/100 brn|[from] brn\n|upkeep\n|turn|10\n|\n|t:|1700676413\n|move|p2a: Iron Moth|Energy Ball|p1a: Corviknight\n|-supereffective|p1a: Corviknight\n|-damage|p1a: Corviknight|0 fnt\n|faint|p1a: Corviknight\n|\n|upkeep\n|\n|t:|1700676418\n|switch|p1a: Torkoal|Torkoal, M|59\/100\n|-weather|SunnyDay|[from] ability: Drought|[of] p1a: Torkoal\n|turn|11\n|inactive|Garbz_Larbz has 120 seconds left.\n|\n|t:|1700676476\n|-end|p2a: Iron Moth|Quark Drive|[silent]\n|switch|p2a: Slowking|Slowking-Galar, F|100\/100\n|switch|p1a: Clodsire|Clodsire, F|100\/100\n|\n|-weather|SunnyDay|[upkeep]\n|upkeep\n|turn|12\n|\n|t:|1700676481\n|move|p1a: Clodsire|Spikes|p2a: Slowking\n|-sidestart|p2: Juanp0093|Spikes\n|move|p2a: Slowking|Future Sight|p1a: Clodsire\n|-start|p2a: Slowking|move: Future Sight\n|\n|-weather|SunnyDay|[upkeep]\n|upkeep\n|turn|13\n|\n|t:|1700676487\n|move|p1a: Clodsire|Spikes|p2a: Slowking\n|-sidestart|p2: Juanp0093|Spikes\n|move|p2a: Slowking|Chilly Reception|p2a: Slowking\n|-weather|Snow\n|\n|t:|1700676490\n|switch|p2a: Cinderace|Cinderace, F|90\/100|[from] Chilly Reception\n|\n|-weather|Snow|[upkeep]\n|upkeep\n|turn|14\n|\n|t:|1700676496\n|move|p2a: Cinderace|Court Change|p2a: Cinderace\n|-start|p2a: Cinderace|typechange|Normal|[from] ability: Libero\n|-swapsideconditions\n|-activate|p2a: Cinderace|move: Court Change\n|move|p1a: Clodsire|Spikes|p2a: Cinderace\n|-sidestart|p2: Juanp0093|Spikes\n|\n|-weather|Snow|[upkeep]\n|-end|p1a: Clodsire|move: Future Sight\n|-supereffective|p1a: Clodsire\n|-damage|p1a: Clodsire|50\/100\n|upkeep\n|turn|15\n|\n|t:|1700676506\n|move|p2a: Cinderace|U-turn|p1a: Clodsire\n|-resisted|p1a: Clodsire\n|-damage|p1a: Clodsire|40\/100\n|\n|t:|1700676509\n|switch|p2a: Great Tusk|Great Tusk|100\/100|[from] U-turn\n|-damage|p2a: Great Tusk|88\/100|[from] Spikes\n|move|p1a: Clodsire|Spikes|p2a: Great Tusk\n|-sidestart|p2: Juanp0093|Spikes\n|\n|-weather|Snow|[upkeep]\n|-heal|p2a: Great Tusk|94\/100|[from] item: Leftovers\n|upkeep\n|turn|16\n|\n|t:|1700676519\n|switch|p1a: Torkoal|Torkoal, M|59\/100\n|-damage|p1a: Torkoal|42\/100|[from] Spikes\n|-weather|SunnyDay|[from] ability: Drought|[of] p1a: Torkoal\n|-activate|p2a: Great Tusk|ability: Protosynthesis\n|-start|p2a: Great Tusk|protosynthesisatk\n|move|p2a: Great Tusk|Headlong Rush|p1a: Torkoal\n|-supereffective|p1a: Torkoal\n|-damage|p1a: Torkoal|0 fnt\n|-unboost|p2a: Great Tusk|def|1\n|-unboost|p2a: Great Tusk|spd|1\n|faint|p1a: Torkoal\n|\n|-weather|SunnyDay|[upkeep]\n|-heal|p2a: Great Tusk|100\/100|[from] item: Leftovers\n|upkeep\n|\n|t:|1700676523\n|switch|p1a: Walking Wake|Walking Wake|100\/100\n|-damage|p1a: Walking Wake|84\/100|[from] Spikes\n|-activate|p1a: Walking Wake|ability: Protosynthesis\n|-start|p1a: Walking Wake|protosynthesisspa\n|turn|17\n|\n|t:|1700676534\n|-end|p2a: Great Tusk|Protosynthesis|[silent]\n|switch|p2a: Slowking|Slowking-Galar, F|100\/100\n|move|p1a: Walking Wake|Hydro Steam|p2a: Slowking\n|-damage|p2a: Slowking|54\/100\n|\n|-weather|SunnyDay|[upkeep]\n|upkeep\n|turn|18\n|\n|t:|1700676540\n|move|p1a: Walking Wake|Hydro Steam|p2a: Slowking\n|-damage|p2a: Slowking|9\/100\n|move|p2a: Slowking|Chilly Reception|p2a: Slowking\n|-weather|Snow\n|-end|p1a: Walking Wake|Protosynthesis\n|\n|t:|1700676552\n|switch|p2a: Corviknight|Corviknight, F, shiny|100\/100|[from] Chilly Reception\n|-ability|p2a: Corviknight|Pressure\n|\n|-weather|Snow|[upkeep]\n|upkeep\n|turn|19\n|\n|t:|1700676565\n|-end|p1a: Walking Wake|Protosynthesis|[silent]\n|switch|p1a: Hatterene|Hatterene, F|100\/100\n|-damage|p1a: Hatterene|84\/100|[from] Spikes\n|move|p2a: Corviknight|U-turn|p1a: Hatterene\n|-damage|p1a: Hatterene|71\/100\n|\n|t:|1700676572\n|switch|p2a: Iron Moth|Iron Moth, tera:Grass|100\/100|[from] U-turn\n|-damage|p2a: Iron Moth|84\/100|[from] Spikes\n|\n|-weather|Snow|[upkeep]\n|-heal|p1a: Hatterene|77\/100|[from] item: Leftovers\n|upkeep\n|turn|20\n|\n|t:|1700676579\n|switch|p1a: Clodsire|Clodsire, F|40\/100\n|move|p2a: Iron Moth|Sludge Wave|p1a: Clodsire\n|-resisted|p1a: Clodsire\n|-damage|p1a: Clodsire|34\/100\n|\n|-weather|Snow|[upkeep]\n|upkeep\n|turn|21\n|\n|t:|1700676588\n|-end|p2a: Iron Moth|Quark Drive|[silent]\n|switch|p2a: Slowking|Slowking-Galar, F|42\/100\n|move|p1a: Clodsire|Toxic|p2a: Slowking\n|-immune|p2a: Slowking\n|\n|-weather|Snow|[upkeep]\n|upkeep\n|turn|22\n|\n|t:|1700676593\n|move|p1a: Clodsire|Earthquake|p2a: Slowking\n|-supereffective|p2a: Slowking\n|-damage|p2a: Slowking|0 fnt\n|faint|p2a: Slowking\n|\n|-weather|none\n|upkeep\n|\n|t:|1700676596\n|switch|p2a: Great Tusk|Great Tusk|100\/100\n|-damage|p2a: Great Tusk|84\/100|[from] Spikes\n|turn|23\n|\n|t:|1700676600\n|switch|p1a: Lilligant|Lilligant-Hisui, F, shiny|100\/100\n|-damage|p1a: Lilligant|84\/100|[from] Spikes\n|move|p2a: Great Tusk|Headlong Rush|p1a: Lilligant\n|-resisted|p1a: Lilligant\n|-damage|p1a: Lilligant|32\/100\n|-unboost|p2a: Great Tusk|def|1\n|-unboost|p2a: Great Tusk|spd|1\n|\n|-heal|p2a: Great Tusk|90\/100|[from] item: Leftovers\n|upkeep\n|turn|24\n|\n|t:|1700676610\n|move|p1a: Lilligant|Leaf Blade|p2a: Great Tusk\n|-supereffective|p2a: Great Tusk\n|-damage|p2a: Great Tusk|0 fnt\n|faint|p2a: Great Tusk\n|-end|p2a: Great Tusk|Protosynthesis|[silent]\n|-damage|p1a: Lilligant|22\/100|[from] item: Life Orb\n|\n|upkeep\n|\n|t:|1700676619\n|switch|p2a: Cinderace|Cinderace, F|90\/100\n|turn|25\n|\n|t:|1700676630\n|move|p2a: Cinderace|Pyro Ball|p1a: Lilligant|[miss]\n|-miss|p2a: Cinderace|p1a: Lilligant\n|move|p1a: Lilligant|Victory Dance|p1a: Lilligant\n|-boost|p1a: Lilligant|atk|1\n|-boost|p1a: Lilligant|def|1\n|-boost|p1a: Lilligant|spe|1\n|\n|upkeep\n|turn|26\n|\n|t:|1700676636\n|move|p1a: Lilligant|Close Combat|p2a: Cinderace\n|-damage|p2a: Cinderace|0 fnt\n|-unboost|p1a: Lilligant|def|1\n|-unboost|p1a: Lilligant|spd|1\n|faint|p2a: Cinderace\n|-damage|p1a: Lilligant|12\/100|[from] item: Life Orb\n|\n|upkeep\n|\n|t:|1700676640\n|switch|p2a: Corviknight|Corviknight, F, shiny|100\/100\n|-ability|p2a: Corviknight|Pressure\n|turn|27\n|\n|t:|1700676652\n|move|p1a: Lilligant|Close Combat|p2a: Corviknight\n|-damage|p2a: Corviknight|24\/100\n|-unboost|p1a: Lilligant|def|1\n|-unboost|p1a: Lilligant|spd|1\n|-damage|p1a: Lilligant|0 fnt|[from] item: Rocky Helmet|[of] p2a: Corviknight\n|faint|p1a: Lilligant\n|move|p2a: Corviknight|Iron Defense|p2a: Corviknight\n|-boost|p2a: Corviknight|def|2\n|\n|upkeep\n|\n|t:|1700676660\n|switch|p1a: Walking Wake|Walking Wake|84\/100\n|-damage|p1a: Walking Wake|67\/100|[from] Spikes\n|turn|28\n|\n|t:|1700676662\n|move|p1a: Walking Wake|Flamethrower|p2a: Corviknight\n|-supereffective|p2a: Corviknight\n|-damage|p2a: Corviknight|0 fnt\n|faint|p2a: Corviknight\n|\n|upkeep\n|\n|t:|1700676665\n|switch|p2a: Iron Moth|Iron Moth, tera:Grass|84\/100\n|-damage|p2a: Iron Moth|67\/100|[from] Spikes\n|turn|29\n|\n|t:|1700676667\n|move|p1a: Walking Wake|Flamethrower|p2a: Iron Moth\n|-supereffective|p2a: Iron Moth\n|-damage|p2a: Iron Moth|4\/100\n|move|p2a: Iron Moth|Dazzling Gleam|p1a: Walking Wake\n|-supereffective|p1a: Walking Wake\n|-damage|p1a: Walking Wake|8\/100\n|\n|upkeep\n|turn|30\n|\n|t:|1700676672\n|move|p1a: Walking Wake|Flamethrower|p2a: Iron Moth\n|-supereffective|p2a: Iron Moth\n|-damage|p2a: Iron Moth|0 fnt\n|faint|p2a: Iron Moth\n|-end|p2a: Iron Moth|Quark Drive|[silent]\n|\n|upkeep\n|\n|t:|1700676676\n|switch|p2a: Kingambit|Kingambit, M|100\/100\n|-damage|p2a: Kingambit|84\/100|[from] Spikes\n|-activate|p2a: Kingambit|ability: Supreme Overlord\n|-start|p2a: Kingambit|fallen5|[silent]\n|turn|31\n|\n|t:|1700676692\n|move|p2a: Kingambit|Sucker Punch|p1a: Walking Wake\n|-damage|p1a: Walking Wake|0 fnt\n|faint|p1a: Walking Wake\n|-end|p1a: Walking Wake|Protosynthesis|[silent]\n|\n|-heal|p2a: Kingambit|90\/100|[from] item: Leftovers\n|upkeep\n|\n|t:|1700676696\n|switch|p1a: Hatterene|Hatterene, F|77\/100\n|-damage|p1a: Hatterene|61\/100|[from] Spikes\n|turn|32\n|\n|t:|1700676706\n|move|p2a: Kingambit|Kowtow Cleave|p1a: Hatterene\n|-damage|p1a: Hatterene|0 fnt\n|faint|p1a: Hatterene\n|\n|-heal|p2a: Kingambit|96\/100|[from] item: Leftovers\n|upkeep\n|\n|t:|1700676710\n|switch|p1a: Clodsire|Clodsire, F|34\/100\n|turn|33\n|\n|t:|1700676716\n|move|p2a: Kingambit|Kowtow Cleave|p1a: Clodsire\n|-damage|p1a: Clodsire|0 fnt\n|faint|p1a: Clodsire\n|\n|win|Juanp0093\n|raw|Garbz_Larbz's rating: 1388 &rarr; <strong>1369<\/strong><br \/>(-19 for losing)\n|raw|Juanp0093's rating: 1409 &rarr; <strong>1428<\/strong><br \/>(+19 for winning)\n","uploadtime":1700676734,"views":1,"p1id":"garbzlarbz","p2id":"juanp0093","formatid":"gen9ou","rating":1369,"private":0,"password":""}