{"id":"gen9ou-1997031803","p1":"Ghoulish champ","p2":"Nakafuyu Yuki","format":"[Gen 9] OU","log":"|j|\u2606Ghoulish champ\n|j|\u2606Nakafuyu Yuki\n|t:|1700757601\n|gametype|singles\n|player|p1|Ghoulish champ|allister|\n|player|p2|Nakafuyu Yuki|picnicker|\n|teamsize|p1|6\n|teamsize|p2|6\n|gen|9\n|tier|[Gen 9] OU\n|rule|Sleep Clause Mod: Limit one foe put to sleep\n|rule|Species Clause: Limit one of each Pok\u00e9mon\n|rule|OHKO Clause: OHKO moves are banned\n|rule|Evasion Items Clause: Evasion items are banned\n|rule|Evasion Moves Clause: Evasion moves are banned\n|rule|Endless Battle Clause: Forcing endless battles is banned\n|rule|HP Percentage Mod: HP is shown in percentages\n|clearpoke\n|poke|p1|Spidops, M|\n|poke|p1|Enamorus-Therian, F|\n|poke|p1|Rotom-Fan|\n|poke|p1|Probopass, F|\n|poke|p1|Tatsugiri, F|\n|poke|p1|Zoroark, M|\n|poke|p2|Walking Wake|\n|poke|p2|Zapdos-Galar|\n|poke|p2|Arcanine, F|\n|poke|p2|Scyther, F|\n|poke|p2|Pyroar, F|\n|poke|p2|Ampharos, F|\n|teampreview\n|inactive|Battle timer is ON: inactive players will automatically lose when time's up. (requested by Nakafuyu Yuki)\n|inactive|Ghoulish champ also wants the timer to be on.\n|inactive|Ghoulish champ has 270 seconds left.\n|inactive|Ghoulish champ has 240 seconds left.\n|j| rfegehet\n|inactive|Ghoulish champ has 210 seconds left.\n|\n|t:|1700757716\n|start\n|switch|p1a: Probopass|Probopass, F|100\/100\n|switch|p2a: Pyroar|Pyroar, F|100\/100\n|-ability|p2a: Pyroar|Unnerve\n|turn|1\n|\n|t:|1700757734\n|move|p2a: Pyroar|Taunt|p1a: Probopass\n|-start|p1a: Probopass|move: Taunt\n|move|p1a: Probopass|Body Press|p2a: Pyroar\n|-supereffective|p2a: Pyroar\n|-damage|p2a: Pyroar|33\/100\n|\n|upkeep\n|turn|2\n|l| rfegehet\n|inactive|Ghoulish champ has 240 seconds left.\n|\n|t:|1700757755\n|switch|p1a: Rotom|Rotom-Fan|100\/100\n|move|p2a: Pyroar|Sunny Day|p2a: Pyroar\n|-weather|SunnyDay\n|\n|-weather|SunnyDay|[upkeep]\n|upkeep\n|turn|3\n|j| rfegehet\n|inactive|Ghoulish champ has 240 seconds left.\n|\n|t:|1700757764\n|move|p2a: Pyroar|Fire Blast|p1a: Rotom\n|-damage|p1a: Rotom|2\/100\n|move|p1a: Rotom|Volt Switch|p2a: Pyroar\n|-damage|p2a: Pyroar|0 fnt\n|faint|p2a: Pyroar\n|inactive|Ghoulish champ has 240 seconds left.\n|\n|t:|1700757774\n|switch|p1a: Spidops|Spidops, M|100\/100|[from] Volt Switch\n|\n|-weather|SunnyDay|[upkeep]\n|upkeep\n|\n|t:|1700757779\n|switch|p2a: Scyther|Scyther, F|100\/100\n|turn|4\n|inactive|Ghoulish champ has 240 seconds left.\n|j| Ultramanball1\n|inactive|Ghoulish champ has 210 seconds left.\n|l| Ultramanball1\n|\n|t:|1700757825\n|switch|p1a: Probopass|Probopass, F|100\/100\n|move|p2a: Scyther|Dual Wingbeat|p1a: Probopass\n|-resisted|p1a: Probopass\n|-damage|p1a: Probopass|95\/100\n|-resisted|p1a: Probopass\n|-damage|p1a: Probopass|89\/100\n|-hitcount|p1a: Probopass|2\n|\n|-weather|SunnyDay|[upkeep]\n|upkeep\n|turn|5\n|inactive|Ghoulish champ has 210 seconds left.\n|j| Ultramanball1\n|j| SonettoVertin\n|\n|t:|1700757850\n|switch|p1a: Enamorus|Enamorus-Therian, F|100\/100\n|move|p2a: Scyther|U-turn|p1a: Enamorus\n|-resisted|p1a: Enamorus\n|-damage|p1a: Enamorus|94\/100\n|c| Ultramanball1|Turn n\u00e0y s\u1ee3 vl\n|\n|t:|1700757858\n|switch|p2a: Ampharos|Ampharos, F|100\/100|[from] U-turn\n|\n|-weather|SunnyDay|[upkeep]\n|-heal|p1a: Enamorus|99\/100|[from] item: Leftovers\n|upkeep\n|turn|6\n|inactive|Ghoulish champ has 180 seconds left.\n|inactive|Ghoulish champ has 150 seconds left.\n|\n|t:|1700757923\n|switch|p1a: Tatsugiri|Tatsugiri, F|100\/100\n|move|p2a: Ampharos|Discharge|p1a: Tatsugiri\n|-damage|p1a: Tatsugiri|57\/100\n|-status|p1a: Tatsugiri|par\n|\n|-weather|SunnyDay|[upkeep]\n|upkeep\n|turn|7\n|c| Ultramanball1|Ok hay\n|\n|t:|1700757950\n|move|p2a: Ampharos|Discharge|p1a: Tatsugiri\n|-damage|p1a: Tatsugiri|12\/100 par\n|move|p1a: Tatsugiri|Draco Meteor|p2a: Ampharos|[miss]\n|-miss|p1a: Tatsugiri|p2a: Ampharos\n|\n|-weather|SunnyDay|[upkeep]\n|upkeep\n|turn|8\n|c| Ultramanball1|Hay x2\n|inactive|Ghoulish champ has 120 seconds left.\n|c|\u2606Ghoulish champ|O_0\n|\n|t:|1700757985\n|switch|p1a: Probopass|Probopass, F|89\/100\n|move|p2a: Ampharos|Volt Switch|p1a: Probopass\n|-damage|p1a: Probopass|68\/100\n|\n|t:|1700757991\n|switch|p2a: Zapdos|Zapdos-Galar|100\/100|[from] Volt Switch\n|\n|-weather|SunnyDay|[upkeep]\n|upkeep\n|turn|9\n|c| SonettoVertin|the f in your name stands for fortune\n|c| Ultramanball1|Alpha God \u0111\u1ea5y \ud83d\udc27\n|inactive|Ghoulish champ has 90 seconds left.\n|\n|t:|1700758029\n|switch|p1a: Tatsugiri|Tatsugiri, F|12\/100 par\n|move|p2a: Zapdos|Close Combat|p1a: Tatsugiri\n|-damage|p1a: Tatsugiri|0 fnt\n|-unboost|p2a: Zapdos|def|1\n|-unboost|p2a: Zapdos|spd|1\n|faint|p1a: Tatsugiri\n|\n|-weather|none\n|upkeep\n|\n|t:|1700758057\n|switch|p1a: Enamorus|Enamorus-Therian, F|99\/100\n|turn|10\n|\n|t:|1700758062\n|switch|p2a: Ampharos|Ampharos, F|100\/100\n|move|p1a: Enamorus|Draining Kiss|p2a: Ampharos\n|-damage|p2a: Ampharos|85\/100\n|-heal|p1a: Enamorus|100\/100|[from] drain|[of] p2a: Ampharos\n|-status|p1a: Enamorus|par|[from] ability: Static|[of] p2a: Ampharos\n|\n|upkeep\n|turn|11\n|c| Ultramanball1|YESSSS\n|c| SonettoVertin|r\u00f9a :))\n|inactive|Ghoulish champ has 60 seconds left.\n|\n|t:|1700758087\n|move|p2a: Ampharos|Discharge|p1a: Enamorus\n|-supereffective|p1a: Enamorus\n|-damage|p1a: Enamorus|25\/100 par\n|move|p1a: Enamorus|Earth Power|p2a: Ampharos\n|-supereffective|p2a: Ampharos\n|-damage|p2a: Ampharos|42\/100\n|\n|-heal|p1a: Enamorus|31\/100 par|[from] item: Leftovers\n|upkeep\n|turn|12\n|inactive|Ghoulish champ has 60 seconds left.\n|c| Ultramanball1|Volt \u0111\u00ea\n|\n|t:|1700758112\n|switch|p1a: Probopass|Probopass, F|68\/100\n|move|p2a: Ampharos|Volt Switch|p1a: Probopass\n|-damage|p1a: Probopass|50\/100\n|\n|t:|1700758119\n|switch|p2a: Zapdos|Zapdos-Galar|100\/100|[from] Volt Switch\n|\n|upkeep\n|turn|13\n|c| Ultramanball1|Nice\n|inactive|Ghoulish champ has 30 seconds left.\n|\n|t:|1700758155\n|switch|p1a: Spidops|Spidops, M|100\/100\n|move|p2a: Zapdos|Close Combat|p1a: Spidops\n|-resisted|p1a: Spidops\n|-damage|p1a: Spidops|78\/100\n|-unboost|p2a: Zapdos|def|1\n|-unboost|p2a: Zapdos|spd|1\n|\n|upkeep\n|turn|14\n|inactive|Ghoulish champ has 30 seconds left.\n|inactive|Ghoulish champ has 20 seconds left.\n|\n|t:|1700758170\n|switch|p2a: Scyther|Scyther, F|100\/100\n|move|p1a: Spidops|Sticky Web|p2a: Scyther\n|-sidestart|p2: Nakafuyu Yuki|move: Sticky Web\n|\n|upkeep\n|turn|15\n|inactive|Ghoulish champ has 30 seconds left this turn.\n|inactive|Ghoulish champ has 20 seconds left.\n|inactive|Ghoulish champ has 15 seconds left.\n|\n|t:|1700758186\n|move|p2a: Scyther|Defog|p1a: Spidops\n|-unboost|p1a: Spidops|evasion|1\n|-sideend|p2: Nakafuyu Yuki|Sticky Web|[from] move: Defog|[of] p2a: Scyther\n|move|p1a: Spidops|Toxic Spikes|p2a: Scyther\n|-sidestart|p2: Nakafuyu Yuki|move: Toxic Spikes\n|\n|upkeep\n|turn|16\n|inactive|Ghoulish champ has 25 seconds left this turn.\n|c| Ultramanball1|Scyther + Zap win ch\u1eafc r\u1ed3i\n|inactive|Ghoulish champ has 20 seconds left.\n|inactive|Ghoulish champ has 15 seconds left.\n|\n|t:|1700758196\n|switch|p1a: Probopass|Probopass, F|50\/100\n|move|p2a: Scyther|Dual Wingbeat|p1a: Probopass\n|-resisted|p1a: Probopass\n|-damage|p1a: Probopass|44\/100\n|-resisted|p1a: Probopass\n|-damage|p1a: Probopass|38\/100\n|-hitcount|p1a: Probopass|2\n|\n|upkeep\n|turn|17\n|inactive|Ghoulish champ has 25 seconds left this turn.\n|inactive|Ghoulish champ has 20 seconds left.\n|c| SonettoVertin|he aint geting Long Nguyened\n|\n|t:|1700758204\n|move|p2a: Scyther|Defog|p1a: Probopass\n|-unboost|p1a: Probopass|evasion|1\n|-sideend|p2: Nakafuyu Yuki|Toxic Spikes|[from] move: Defog|[of] p2a: Scyther\n|move|p1a: Probopass|Body Press|p2a: Scyther\n|-resisted|p2a: Scyther\n|-damage|p2a: Scyther|92\/100\n|\n|upkeep\n|turn|18\n|inactive|Ghoulish champ has 30 seconds left this turn.\n|inactive|Ghoulish champ has 20 seconds left.\n|\n|t:|1700758218\n|move|p2a: Scyther|Close Combat|p1a: Probopass\n|-supereffective|p1a: Probopass\n|-damage|p1a: Probopass|0 fnt\n|-unboost|p2a: Scyther|def|1\n|-unboost|p2a: Scyther|spd|1\n|faint|p1a: Probopass\n|\n|upkeep\n|inactive|Ghoulish champ has 25 seconds left this turn.\n|inactive|Ghoulish champ has 20 seconds left.\n|inactive|Ghoulish champ has 15 seconds left.\n|inactive|Ghoulish champ has 10 seconds left.\n|c| Ultramanball1|Spam stab bay auto win\n|inactive|Ghoulish champ has 5 seconds left.\n|\n|t:|1700758239\n|switch|p1a: Spidops|Spidops, M|78\/100\n|turn|19\n|inactive|Ghoulish champ has 15 seconds left this turn.\n|inactive|Ghoulish champ has 10 seconds left.\n|\n|t:|1700758247\n|move|p2a: Scyther|Dual Wingbeat|p1a: Spidops\n|-supereffective|p1a: Spidops\n|-damage|p1a: Spidops|35\/100\n|-supereffective|p1a: Spidops\n|-damage|p1a: Spidops|0 fnt\n|faint|p1a: Spidops\n|-hitcount|p1: Spidops|2\n|\n|upkeep\n|inactive|Ghoulish champ has 15 seconds left this turn.\n|inactive|Ghoulish champ has 10 seconds left.\n|\n|t:|1700758253\n|switch|p1a: Enamorus|Enamorus-Therian, F|100\/100\n|turn|20\n|inactive|Ghoulish champ has 20 seconds left this turn.\n|inactive|Ghoulish champ has 15 seconds left.\n|c| Ultramanball1|Zoro \u0111\u00f3\n|\n|t:|1700758265\n|move|p2a: Scyther|U-turn|p1a: Enamorus\n|-supereffective|p1a: Enamorus\n|-damage|p1a: Enamorus|0 fnt\n|replace|p1a: Zoroark|Zoroark, M\n|-end|p1a: Zoroark|Illusion\n|faint|p1a: Zoroark\n|inactive|Ghoulish champ has 20 seconds left this turn.\n|\n|t:|1700758271\n|switch|p2a: Ampharos|Ampharos, F|42\/100|[from] U-turn\n|\n|upkeep\n|inactive|Ghoulish champ has 25 seconds left this turn.\n|\n|t:|1700758275\n|switch|p1a: Rotom|Rotom-Fan|2\/100\n|turn|21\n|inactive|Ghoulish champ has 30 seconds left.\n|\n|t:|1700758281\n|move|p1a: Rotom|Air Slash|p2a: Ampharos\n|-resisted|p2a: Ampharos\n|-damage|p2a: Ampharos|27\/100\n|move|p2a: Ampharos|Discharge|p1a: Rotom\n|-damage|p1a: Rotom|0 fnt\n|faint|p1a: Rotom\n|\n|upkeep\n|inactive|Ghoulish champ has 30 seconds left.\n|c| Ultramanball1|Alpha God sweep\n|c|\u2606Ghoulish champ|Gg\n|\n|t:|1700758295\n|switch|p1a: Enamorus|Enamorus-Therian, F|31\/100 par\n|turn|22\n|c|\u2606Nakafuyu Yuki|gg\n|inactive|Ghoulish champ has 30 seconds left.\n|c| SonettoVertin|ggwp\n|\n|t:|1700758302\n|move|p2a: Ampharos|Discharge|p1a: Enamorus\n|-supereffective|p1a: Enamorus\n|-crit|p1a: Enamorus\n|-damage|p1a: Enamorus|0 fnt\n|faint|p1a: Enamorus\n|\n|win|Nakafuyu Yuki\n|l|\u2606Ghoulish champ\n|l| rfegehet\n|l| Ultramanball1\n","uploadtime":1700758320,"views":15,"p1id":"ghoulishchamp","p2id":"nakafuyuyuki","formatid":"gen9ou","rating":0,"private":0,"password":""}