{"id":"gen9ou-1992541771","p1":"Ember to Flames","p2":"vyuiowe","format":"[Gen 9] OU","log":"|j|\u2606Ember to Flames\n|j|\u2606vyuiowe\n|t:|1700202468\n|gametype|singles\n|player|p1|Ember to Flames|cyrus-masters|1601\n|player|p2|vyuiowe|pokemonranger-gen4|1645\n|teamsize|p1|6\n|teamsize|p2|6\n|gen|9\n|tier|[Gen 9] OU\n|rated|\n|rule|Sleep Clause Mod: Limit one foe put to sleep\n|rule|Species Clause: Limit one of each Pok\u00e9mon\n|rule|OHKO Clause: OHKO moves are banned\n|rule|Evasion Items Clause: Evasion items are banned\n|rule|Evasion Moves Clause: Evasion moves are banned\n|rule|Endless Battle Clause: Forcing endless battles is banned\n|rule|HP Percentage Mod: HP is shown in percentages\n|clearpoke\n|poke|p1|Tyranitar, M|\n|poke|p1|Ogerpon-Cornerstone, F|\n|poke|p1|Clodsire, M|\n|poke|p1|Cinderace, F|\n|poke|p1|Corviknight, F|\n|poke|p1|Clefable, F|\n|poke|p2|Dondozo, F|\n|poke|p2|Clefable, F|\n|poke|p2|Dragapult, F|\n|poke|p2|Skeledirge, F|\n|poke|p2|Meowscarada, F|\n|poke|p2|Zapdos|\n|teampreview\n|inactive|Battle timer is ON: inactive players will automatically lose when time's up. (requested by vyuiowe)\n|\n|t:|1700202481\n|start\n|switch|p1a: Cinderace|Cinderace, F|100\/100\n|switch|p2a: Dragapult|Dragapult, F|100\/100\n|turn|1\n|\n|t:|1700202486\n|switch|p1a: Clefable|Clefable, F|100\/100\n|move|p2a: Dragapult|U-turn|p1a: Clefable\n|-resisted|p1a: Clefable\n|-damage|p1a: Clefable|88\/100\n|\n|t:|1700202490\n|switch|p2a: Zapdos|Zapdos|100\/100|[from] U-turn\n|\n|-heal|p1a: Clefable|94\/100|[from] item: Leftovers\n|upkeep\n|turn|2\n|\n|t:|1700202497\n|switch|p1a: Clodsire|Clodsire, M|100\/100\n|move|p2a: Zapdos|Thunder Wave|p1a: Clodsire\n|-immune|p1a: Clodsire\n|\n|upkeep\n|turn|3\n|\n|t:|1700202501\n|switch|p2a: Clefable|Clefable, F|100\/100\n|move|p1a: Clodsire|Toxic|p2a: Clefable\n|-status|p2a: Clefable|tox\n|\n|upkeep\n|turn|4\n|\n|t:|1700202513\n|move|p2a: Clefable|Knock Off|p1a: Clodsire\n|-damage|p1a: Clodsire|89\/100\n|-enditem|p1a: Clodsire|Leftovers|[from] move: Knock Off|[of] p2a: Clefable\n|move|p1a: Clodsire|Earthquake|p2a: Clefable\n|-damage|p2a: Clefable|78\/100 tox\n|\n|-heal|p2a: Clefable|85\/100 tox|[from] item: Leftovers\n|upkeep\n|turn|5\n|\n|t:|1700202517\n|move|p2a: Clefable|Stealth Rock|p1a: Clodsire\n|-sidestart|p1: Ember to Flames|move: Stealth Rock\n|move|p1a: Clodsire|Earthquake|p2a: Clefable\n|-damage|p2a: Clefable|64\/100 tox\n|\n|-heal|p2a: Clefable|70\/100 tox|[from] item: Leftovers\n|upkeep\n|turn|6\n|\n|t:|1700202520\n|switch|p2a: Meowscarada|Meowscarada, F|100\/100\n|move|p1a: Clodsire|Earthquake|p2a: Meowscarada\n|-resisted|p2a: Meowscarada\n|-damage|p2a: Meowscarada|80\/100\n|\n|upkeep\n|turn|7\n|\n|t:|1700202523\n|switch|p1a: Corviknight|Corviknight, F|100\/100\n|-damage|p1a: Corviknight|88\/100|[from] Stealth Rock\n|-ability|p1a: Corviknight|Pressure\n|move|p2a: Meowscarada|Spikes|p1a: Corviknight\n|-sidestart|p1: Ember to Flames|Spikes\n|\n|upkeep\n|turn|8\n|\n|t:|1700202538\n|switch|p2a: Skeledirge|Skeledirge, F|100\/100\n|switch|p1a: Cinderace|Cinderace, F|100\/100\n|\n|upkeep\n|turn|9\n|\n|t:|1700202543\n|move|p1a: Cinderace|Court Change|p1a: Cinderace\n|-swapsideconditions\n|-activate|p1a: Cinderace|move: Court Change\n|move|p2a: Skeledirge|Torch Song|p1a: Cinderace\n|-resisted|p1a: Cinderace\n|-damage|p1a: Cinderace|81\/100\n|-boost|p2a: Skeledirge|spa|1\n|\n|upkeep\n|turn|10\n|j| mvrksvd.wav\n|\n|t:|1700202545\n|move|p1a: Cinderace|U-turn|p2a: Skeledirge\n|-resisted|p2a: Skeledirge\n|-damage|p2a: Skeledirge|97\/100\n|\n|t:|1700202546\n|switch|p1a: Clodsire|Clodsire, M|89\/100|[from] U-turn\n|move|p2a: Skeledirge|Torch Song|p1a: Clodsire\n|-crit|p1a: Clodsire\n|-damage|p1a: Clodsire|57\/100\n|-boost|p2a: Skeledirge|spa|1\n|\n|upkeep\n|turn|11\n|\n|t:|1700202549\n|move|p2a: Skeledirge|Will-O-Wisp|p1a: Clodsire\n|-status|p1a: Clodsire|brn\n|move|p1a: Clodsire|Recover|p1a: Clodsire\n|-heal|p1a: Clodsire|100\/100 brn\n|\n|-damage|p1a: Clodsire|94\/100 brn|[from] brn\n|upkeep\n|turn|12\n|j| LT_Alt1\n|\n|t:|1700202554\n|switch|p1a: Tyranitar|Tyranitar, M|100\/100\n|-weather|Sandstorm|[from] ability: Sand Stream|[of] p1a: Tyranitar\n|move|p2a: Skeledirge|Hex|p1a: Tyranitar\n|-resisted|p1a: Tyranitar\n|-crit|p1a: Tyranitar\n|-damage|p1a: Tyranitar|75\/100\n|\n|-weather|Sandstorm|[upkeep]\n|-damage|p2a: Skeledirge|91\/100|[from] Sandstorm\n|upkeep\n|turn|13\n|\n|t:|1700202557\n|switch|p2a: Zapdos|Zapdos|100\/100\n|move|p1a: Tyranitar|Knock Off|p2a: Zapdos\n|-damage|p2a: Zapdos|39\/100\n|-status|p1a: Tyranitar|par|[from] ability: Static|[of] p2a: Zapdos\n|-enditem|p2a: Zapdos|Heavy-Duty Boots|[from] move: Knock Off|[of] p1a: Tyranitar\n|\n|-weather|Sandstorm|[upkeep]\n|-damage|p2a: Zapdos|32\/100|[from] Sandstorm\n|upkeep\n|turn|14\n|\n|t:|1700202560\n|move|p2a: Zapdos|Roost|p2a: Zapdos\n|-heal|p2a: Zapdos|82\/100\n|-singleturn|p2a: Zapdos|move: Roost\n|move|p1a: Tyranitar|Knock Off|p2a: Zapdos\n|-damage|p2a: Zapdos|40\/100\n|\n|-weather|Sandstorm|[upkeep]\n|-damage|p2a: Zapdos|34\/100|[from] Sandstorm\n|upkeep\n|turn|15\n|\n|t:|1700202564\n|switch|p1a: Ogerpon|Ogerpon-Cornerstone, F|100\/100\n|move|p2a: Zapdos|Roost|p2a: Zapdos\n|-heal|p2a: Zapdos|84\/100\n|-singleturn|p2a: Zapdos|move: Roost\n|\n|-weather|Sandstorm|[upkeep]\n|-damage|p2a: Zapdos|78\/100|[from] Sandstorm\n|upkeep\n|turn|16\n|\n|t:|1700202576\n|switch|p2a: Clefable|Clefable, F|70\/100 tox\n|move|p1a: Ogerpon|Ivy Cudgel|p2a: Clefable|[anim] Ivy Cudgel Rock\n|-damage|p2a: Clefable|23\/100 tox\n|\n|-weather|none\n|-heal|p2a: Clefable|29\/100 tox|[from] item: Leftovers\n|upkeep\n|turn|17\n|\n|t:|1700202581\n|move|p1a: Ogerpon|Ivy Cudgel|p2a: Clefable|[anim] Ivy Cudgel Rock\n|-damage|p2a: Clefable|0 fnt\n|faint|p2a: Clefable\n|\n|upkeep\n|\n|t:|1700202583\n|switch|p2a: Dragapult|Dragapult, F|100\/100\n|turn|18\n|\n|t:|1700202592\n|switch|p1a: Tyranitar|Tyranitar, M|75\/100 par\n|-weather|Sandstorm|[from] ability: Sand Stream|[of] p1a: Tyranitar\n|move|p2a: Dragapult|Will-O-Wisp||[still]\n|-fail|p2a: Dragapult\n|\n|-weather|Sandstorm|[upkeep]\n|-damage|p2a: Dragapult|95\/100|[from] Sandstorm\n|upkeep\n|turn|19\n|\n|t:|1700202595\n|move|p2a: Dragapult|U-turn|p1a: Tyranitar\n|-supereffective|p1a: Tyranitar\n|-damage|p1a: Tyranitar|38\/100 par\n|\n|t:|1700202598\n|switch|p2a: Meowscarada|Meowscarada, F|80\/100|[from] U-turn\n|move|p1a: Tyranitar|Ice Punch|p2a: Meowscarada\n|-supereffective|p2a: Meowscarada\n|-damage|p2a: Meowscarada|0 fnt\n|faint|p2a: Meowscarada\n|\n|-weather|Sandstorm|[upkeep]\n|upkeep\n|\n|t:|1700202601\n|switch|p2a: Dragapult|Dragapult, F|95\/100\n|turn|20\n|\n|t:|1700202608\n|move|p2a: Dragapult|U-turn|p1a: Tyranitar\n|-supereffective|p1a: Tyranitar\n|-damage|p1a: Tyranitar|2\/100 par\n|\n|t:|1700202611\n|switch|p2a: Dondozo|Dondozo, F|100\/100|[from] U-turn\n|move|p1a: Tyranitar|Ice Punch|p2a: Dondozo\n|-resisted|p2a: Dondozo\n|-damage|p2a: Dondozo|89\/100\n|\n|-weather|Sandstorm|[upkeep]\n|-damage|p2a: Dondozo|83\/100|[from] Sandstorm\n|upkeep\n|turn|21\n|\n|t:|1700202620\n|switch|p1a: Clefable|Clefable, F|94\/100\n|move|p2a: Dondozo|Earthquake|p1a: Clefable\n|-damage|p1a: Clefable|70\/100\n|\n|-weather|Sandstorm|[upkeep]\n|-damage|p2a: Dondozo|77\/100|[from] Sandstorm\n|-heal|p1a: Clefable|76\/100|[from] item: Leftovers\n|upkeep\n|turn|22\n|\n|t:|1700202625\n|switch|p2a: Zapdos|Zapdos|78\/100\n|-damage|p2a: Zapdos|53\/100|[from] Stealth Rock\n|move|p1a: Clefable|Thunder|p2a: Zapdos|[miss]\n|-miss|p1a: Clefable|p2a: Zapdos\n|\n|-weather|none\n|-heal|p1a: Clefable|82\/100|[from] item: Leftovers\n|upkeep\n|turn|23\n|\n|t:|1700202633\n|switch|p1a: Clodsire|Clodsire, M|94\/100 brn\n|move|p2a: Zapdos|Roost|p2a: Zapdos\n|-heal|p2a: Zapdos|100\/100\n|-singleturn|p2a: Zapdos|move: Roost\n|\n|-damage|p1a: Clodsire|88\/100 brn|[from] brn\n|upkeep\n|turn|24\n|\n|t:|1700202638\n|switch|p2a: Dondozo|Dondozo, F|77\/100\n|move|p1a: Clodsire|Toxic|p2a: Dondozo\n|-status|p2a: Dondozo|tox\n|\n|-damage|p2a: Dondozo|71\/100 tox|[from] psn\n|-damage|p1a: Clodsire|82\/100 brn|[from] brn\n|upkeep\n|turn|25\n|\n|t:|1700202640\n|switch|p1a: Clefable|Clefable, F|82\/100\n|move|p2a: Dondozo|Curse|p2a: Dondozo\n|-unboost|p2a: Dondozo|spe|1\n|-boost|p2a: Dondozo|atk|1\n|-boost|p2a: Dondozo|def|1\n|\n|-heal|p1a: Clefable|88\/100|[from] item: Leftovers\n|-damage|p2a: Dondozo|58\/100 tox|[from] psn\n|upkeep\n|turn|26\n|\n|t:|1700202649\n|switch|p2a: Skeledirge|Skeledirge, F|91\/100\n|move|p1a: Clefable|Wish|p1a: Clefable\n|\n|-heal|p1a: Clefable|94\/100|[from] item: Leftovers\n|upkeep\n|turn|27\n|\n|t:|1700202660\n|switch|p1a: Clodsire|Clodsire, M|82\/100 brn\n|move|p2a: Skeledirge|Torch Song|p1a: Clodsire\n|-damage|p1a: Clodsire|62\/100 brn\n|-boost|p2a: Skeledirge|spa|1\n|\n|-heal|p1a: Clodsire|100\/100 brn|[from] move: Wish|[wisher] Clefable\n|-damage|p1a: Clodsire|94\/100 brn|[from] brn\n|upkeep\n|turn|28\n|\n|t:|1700202672\n|switch|p2a: Dondozo|Dondozo, F|58\/100 tox\n|switch|p1a: Clefable|Clefable, F|94\/100\n|\n|-heal|p1a: Clefable|100\/100|[from] item: Leftovers\n|-damage|p2a: Dondozo|52\/100 tox|[from] psn\n|upkeep\n|turn|29\n|\n|t:|1700202676\n|switch|p2a: Skeledirge|Skeledirge, F|91\/100\n|move|p1a: Clefable|Thunder|p2a: Skeledirge\n|-damage|p2a: Skeledirge|70\/100\n|\n|upkeep\n|turn|30\n|j| Bad Players\n|\n|t:|1700202681\n|switch|p1a: Clodsire|Clodsire, M|94\/100 brn\n|move|p2a: Skeledirge|Torch Song|p1a: Clodsire\n|-damage|p1a: Clodsire|72\/100 brn\n|-boost|p2a: Skeledirge|spa|1\n|\n|-damage|p1a: Clodsire|66\/100 brn|[from] brn\n|upkeep\n|turn|31\n|\n|t:|1700202687\n|move|p2a: Skeledirge|Torch Song|p1a: Clodsire\n|-damage|p1a: Clodsire|43\/100 brn\n|-boost|p2a: Skeledirge|spa|1\n|move|p1a: Clodsire|Toxic|p2a: Skeledirge\n|-status|p2a: Skeledirge|tox\n|\n|-damage|p2a: Skeledirge|64\/100 tox|[from] psn\n|-damage|p1a: Clodsire|37\/100 brn|[from] brn\n|upkeep\n|turn|32\n|\n|t:|1700202691\n|move|p2a: Skeledirge|Hex|p1a: Clodsire\n|-damage|p1a: Clodsire|3\/100 brn\n|move|p1a: Clodsire|Recover|p1a: Clodsire\n|-heal|p1a: Clodsire|53\/100 brn\n|\n|-damage|p2a: Skeledirge|52\/100 tox|[from] psn\n|-damage|p1a: Clodsire|47\/100 brn|[from] brn\n|upkeep\n|turn|33\n|\n|t:|1700202694\n|move|p2a: Skeledirge|Slack Off|p2a: Skeledirge\n|-heal|p2a: Skeledirge|100\/100 tox\n|move|p1a: Clodsire|Recover|p1a: Clodsire\n|-heal|p1a: Clodsire|97\/100 brn\n|\n|-damage|p2a: Skeledirge|82\/100 tox|[from] psn\n|-damage|p1a: Clodsire|91\/100 brn|[from] brn\n|upkeep\n|turn|34\n|\n|t:|1700202705\n|move|p2a: Skeledirge|Hex|p1a: Clodsire\n|-damage|p1a: Clodsire|56\/100 brn\n|move|p1a: Clodsire|Stockpile|p1a: Clodsire\n|-start|p1a: Clodsire|stockpile1\n|-boost|p1a: Clodsire|def|1\n|-boost|p1a: Clodsire|spd|1\n|\n|-damage|p2a: Skeledirge|58\/100 tox|[from] psn\n|-damage|p1a: Clodsire|50\/100 brn|[from] brn\n|upkeep\n|turn|35\n|\n|t:|1700202710\n|switch|p2a: Dondozo|Dondozo, F|52\/100 tox\n|move|p1a: Clodsire|Recover|p1a: Clodsire\n|-heal|p1a: Clodsire|99\/100 brn\n|\n|-damage|p2a: Dondozo|46\/100 tox|[from] psn\n|-damage|p1a: Clodsire|94\/100 brn|[from] brn\n|upkeep\n|turn|36\n|\n|t:|1700202717\n|switch|p1a: Tyranitar|Tyranitar, M|2\/100 par\n|-weather|Sandstorm|[from] ability: Sand Stream|[of] p1a: Tyranitar\n|move|p2a: Dondozo|Rest|p2a: Dondozo\n|-status|p2a: Dondozo|slp|[from] move: Rest\n|-heal|p2a: Dondozo|100\/100 slp|[silent]\n|\n|-weather|Sandstorm|[upkeep]\n|-damage|p2a: Dondozo|94\/100 slp|[from] Sandstorm\n|upkeep\n|turn|37\n|\n|t:|1700202721\n|switch|p2a: Zapdos|Zapdos|100\/100\n|-damage|p2a: Zapdos|75\/100|[from] Stealth Rock\n|move|p1a: Tyranitar|Knock Off|p2a: Zapdos\n|-damage|p2a: Zapdos|35\/100\n|\n|-weather|Sandstorm|[upkeep]\n|-damage|p2a: Zapdos|28\/100|[from] Sandstorm\n|upkeep\n|turn|38\n|\n|t:|1700202731\n|switch|p1a: Ogerpon|Ogerpon-Cornerstone, F|100\/100\n|move|p2a: Zapdos|Roost|p2a: Zapdos\n|-heal|p2a: Zapdos|78\/100\n|-singleturn|p2a: Zapdos|move: Roost\n|\n|-weather|Sandstorm|[upkeep]\n|-damage|p2a: Zapdos|72\/100|[from] Sandstorm\n|upkeep\n|turn|39\n|\n|t:|1700202734\n|move|p1a: Ogerpon|Ivy Cudgel|p2a: Zapdos|[anim] Ivy Cudgel Rock\n|-supereffective|p2a: Zapdos\n|-damage|p2a: Zapdos|0 fnt\n|faint|p2a: Zapdos\n|\n|-weather|Sandstorm|[upkeep]\n|upkeep\n|\n|t:|1700202736\n|switch|p2a: Dragapult|Dragapult, F|95\/100\n|turn|40\n|\n|t:|1700202744\n|switch|p1a: Clodsire|Clodsire, M|94\/100 brn\n|move|p2a: Dragapult|Dragon Darts|p1a: Clodsire\n|-damage|p1a: Clodsire|78\/100 brn\n|-anim|p2a: Dragapult|Dragon Darts|p1a: Clodsire\n|-damage|p1a: Clodsire|63\/100 brn\n|\n|-weather|none\n|-damage|p1a: Clodsire|57\/100 brn|[from] brn\n|upkeep\n|turn|41\n|\n|t:|1700202747\n|move|p2a: Dragapult|Hex|p1a: Clodsire\n|-damage|p1a: Clodsire|17\/100 brn\n|move|p1a: Clodsire|Toxic|p2a: Dragapult\n|-status|p2a: Dragapult|tox\n|\n|-damage|p2a: Dragapult|89\/100 tox|[from] psn\n|-damage|p1a: Clodsire|11\/100 brn|[from] brn\n|upkeep\n|turn|42\n|\n|t:|1700202750\n|switch|p1a: Clefable|Clefable, F|100\/100\n|move|p2a: Dragapult|Hex|p1a: Clefable\n|-damage|p1a: Clefable|82\/100\n|\n|-heal|p1a: Clefable|88\/100|[from] item: Leftovers\n|-damage|p2a: Dragapult|77\/100 tox|[from] psn\n|upkeep\n|turn|43\n|\n|t:|1700202753\n|move|p1a: Clefable|Protect|p1a: Clefable\n|-singleturn|p1a: Clefable|Protect\n|move|p2a: Dragapult|Will-O-Wisp|p1a: Clefable\n|-activate|p1a: Clefable|move: Protect\n|\n|-heal|p1a: Clefable|94\/100|[from] item: Leftovers\n|-damage|p2a: Dragapult|59\/100 tox|[from] psn\n|upkeep\n|turn|44\n|\n|t:|1700202760\n|switch|p1a: Cinderace|Cinderace, F|81\/100\n|move|p2a: Dragapult|U-turn|p1a: Cinderace\n|-resisted|p1a: Cinderace\n|-damage|p1a: Cinderace|69\/100\n|\n|t:|1700202764\n|switch|p2a: Skeledirge|Skeledirge, F|58\/100 tox|[from] U-turn\n|\n|-damage|p2a: Skeledirge|52\/100 tox|[from] psn\n|upkeep\n|turn|45\n|\n|t:|1700202769\n|move|p1a: Cinderace|U-turn|p2a: Skeledirge\n|-resisted|p2a: Skeledirge\n|-damage|p2a: Skeledirge|48\/100 tox\n|\n|t:|1700202771\n|switch|p1a: Clefable|Clefable, F|94\/100|[from] U-turn\n|move|p2a: Skeledirge|Slack Off|p2a: Skeledirge\n|-heal|p2a: Skeledirge|98\/100 tox\n|\n|-heal|p1a: Clefable|100\/100|[from] item: Leftovers\n|-damage|p2a: Skeledirge|86\/100 tox|[from] psn\n|upkeep\n|turn|46\n|\n|t:|1700202778\n|move|p2a: Skeledirge|Torch Song|p1a: Clefable\n|-damage|p1a: Clefable|82\/100\n|-boost|p2a: Skeledirge|spa|1\n|move|p1a: Clefable|Wish|p1a: Clefable\n|\n|-heal|p1a: Clefable|88\/100|[from] item: Leftovers\n|-damage|p2a: Skeledirge|67\/100 tox|[from] psn\n|upkeep\n|turn|47\n|\n|t:|1700202789\n|switch|p1a: Cinderace|Cinderace, F|69\/100\n|move|p2a: Skeledirge|Will-O-Wisp|p1a: Cinderace\n|-immune|p1a: Cinderace\n|\n|-heal|p1a: Cinderace|100\/100|[from] move: Wish|[wisher] Clefable\n|-damage|p2a: Skeledirge|43\/100 tox|[from] psn\n|upkeep\n|turn|48\n|\n|t:|1700202793\n|switch|p1a: Clefable|Clefable, F|88\/100\n|move|p2a: Skeledirge|Slack Off|p2a: Skeledirge\n|-heal|p2a: Skeledirge|93\/100 tox\n|\n|-heal|p1a: Clefable|94\/100|[from] item: Leftovers\n|-damage|p2a: Skeledirge|63\/100 tox|[from] psn\n|upkeep\n|turn|49\n|\n|t:|1700202797\n|move|p2a: Skeledirge|Torch Song|p1a: Clefable\n|-crit|p1a: Clefable\n|-damage|p1a: Clefable|47\/100\n|-boost|p2a: Skeledirge|spa|1\n|move|p1a: Clefable|Wish|p1a: Clefable\n|\n|-heal|p1a: Clefable|53\/100|[from] item: Leftovers\n|-damage|p2a: Skeledirge|26\/100 tox|[from] psn\n|upkeep\n|turn|50\n|\n|t:|1700202803\n|switch|p2a: Dragapult|Dragapult, F|59\/100 tox\n|move|p1a: Clefable|Protect||[still]\n|-fail|p1a: Clefable\n|\n|-heal|p1a: Clefable|100\/100|[from] move: Wish|[wisher] Clefable\n|-damage|p2a: Dragapult|53\/100 tox|[from] psn\n|upkeep\n|turn|51\n|\n|t:|1700202810\n|move|p1a: Clefable|Protect|p1a: Clefable\n|-singleturn|p1a: Clefable|Protect\n|move|p2a: Dragapult|U-turn|p1a: Clefable\n|-activate|p1a: Clefable|move: Protect\n|\n|-damage|p2a: Dragapult|41\/100 tox|[from] psn\n|upkeep\n|turn|52\n|\n|t:|1700202813\n|move|p2a: Dragapult|U-turn|p1a: Clefable\n|-resisted|p1a: Clefable\n|-damage|p1a: Clefable|89\/100\n|\n|t:|1700202815\n|switch|p2a: Skeledirge|Skeledirge, F|26\/100 tox|[from] U-turn\n|move|p1a: Clefable|Moonblast|p2a: Skeledirge\n|-resisted|p2a: Skeledirge\n|-damage|p2a: Skeledirge|12\/100 tox\n|-unboost|p2a: Skeledirge|spa|1\n|\n|-heal|p1a: Clefable|95\/100|[from] item: Leftovers\n|-damage|p2a: Skeledirge|6\/100 tox|[from] psn\n|upkeep\n|turn|53\n|\n|t:|1700202822\n|move|p2a: Skeledirge|Will-O-Wisp|p1a: Clefable\n|-status|p1a: Clefable|brn\n|move|p1a: Clefable|Moonblast|p2a: Skeledirge\n|-resisted|p2a: Skeledirge\n|-damage|p2a: Skeledirge|0 fnt\n|faint|p2a: Skeledirge\n|\n|-heal|p1a: Clefable|100\/100 brn|[from] item: Leftovers\n|upkeep\n|j| bb bbyyh\n|\n|t:|1700202832\n|switch|p2a: Dondozo|Dondozo, F|94\/100 slp\n|turn|54\n|\n|t:|1700202834\n|-terastallize|p2a: Dondozo|Dragon\n|move|p1a: Clefable|Thunder|p2a: Dondozo\n|-resisted|p2a: Dondozo\n|-damage|p2a: Dondozo|87\/100 slp\n|cant|p2a: Dondozo|slp\n|\n|upkeep\n|turn|55\n|j| CrowsBerserk\n|\n|t:|1700202837\n|move|p1a: Clefable|Moonblast|p2a: Dondozo\n|-supereffective|p2a: Dondozo\n|-damage|p2a: Dondozo|49\/100 slp\n|-unboost|p2a: Dondozo|spa|1\n|cant|p2a: Dondozo|slp\n|\n|upkeep\n|turn|56\n|-message|vyuiowe forfeited.\n|\n|win|Ember to Flames\n|raw|Ember to Flames's rating: 1601 &rarr; <strong>1624<\/strong><br \/>(+23 for winning)\n|raw|vyuiowe's rating: 1645 &rarr; <strong>1622<\/strong><br \/>(-23 for losing)\n|l|\u2606vyuiowe\n","uploadtime":1700202846,"views":10,"p1id":"embertoflames","p2id":"vyuiowe","formatid":"gen9ou","rating":1622,"private":0,"password":""}