{"id":"gen9ou-1995128881","p1":"Ouvt frfr","p2":"knexhawk2","format":"[Gen 9] OU","log":"|j|\u2606Ouvt frfr\n|j|\u2606knexhawk2\n|t:|1700525762\n|gametype|singles\n|player|p1|Ouvt frfr|dawn|1700\n|player|p2|knexhawk2|red-masters|1834\n|teamsize|p1|6\n|teamsize|p2|6\n|gen|9\n|tier|[Gen 9] OU\n|rated|\n|rule|Sleep Clause Mod: Limit one foe put to sleep\n|rule|Species Clause: Limit one of each Pok\u00e9mon\n|rule|OHKO Clause: OHKO moves are banned\n|rule|Evasion Items Clause: Evasion items are banned\n|rule|Evasion Moves Clause: Evasion moves are banned\n|rule|Endless Battle Clause: Forcing endless battles is banned\n|rule|HP Percentage Mod: HP is shown in percentages\n|clearpoke\n|poke|p1|Cinderace, F|\n|poke|p1|Ogerpon-Wellspring, F|\n|poke|p1|Clefable, M|\n|poke|p1|Corviknight, M|\n|poke|p1|Dragapult, M|\n|poke|p1|Zamazenta-*|\n|poke|p2|Tyranitar, M|\n|poke|p2|Iron Thorns|\n|poke|p2|Enamorus-Therian, F|\n|poke|p2|Moltres|\n|poke|p2|Samurott-Hisui, M|\n|poke|p2|Great Tusk|\n|teampreview\n|inactive|Battle timer is ON: inactive players will automatically lose when time's up. (requested by Ouvt frfr)\n|\n|t:|1700525799\n|start\n|switch|p1a: Ogerpon|Ogerpon-Wellspring, F|100\/100\n|switch|p2a: Samurott|Samurott-Hisui, M|100\/100\n|turn|1\n|\n|t:|1700525803\n|move|p2a: Samurott|Ceaseless Edge|p1a: Ogerpon\n|-damage|p1a: Ogerpon|42\/100\n|-sidestart|p1: Ouvt frfr|Spikes\n|move|p1a: Ogerpon|Horn Leech|p2a: Samurott\n|-supereffective|p2a: Samurott\n|-damage|p2a: Samurott|0 fnt\n|-heal|p1a: Ogerpon|95\/100|[from] drain|[of] p2a: Samurott\n|faint|p2a: Samurott\n|\n|upkeep\n|\n|t:|1700525808\n|switch|p2a: Moltres|Moltres|100\/100\n|turn|2\n|\n|t:|1700525812\n|-terastallize|p1a: Ogerpon|Water\n|detailschange|p1a: Ogerpon|Ogerpon-Wellspring-Tera, F, tera:Water\n|-ability|p1a: Ogerpon|Embody Aspect (Wellspring)|boost\n|-boost|p1a: Ogerpon|spd|1\n|move|p1a: Ogerpon|Ivy Cudgel|p2a: Moltres|[anim] Ivy Cudgel Water\n|-supereffective|p2a: Moltres\n|-damage|p2a: Moltres|0 fnt\n|faint|p2a: Moltres\n|\n|upkeep\n|\n|t:|1700525815\n|switch|p2a: Great Tusk|Great Tusk|100\/100\n|turn|3\n|\n|t:|1700525821\n|-terastallize|p2a: Great Tusk|Dragon\n|move|p1a: Ogerpon|Swords Dance|p1a: Ogerpon\n|-boost|p1a: Ogerpon|atk|2\n|move|p2a: Great Tusk|Rapid Spin|p1a: Ogerpon\n|-damage|p1a: Ogerpon|72\/100\n|-boost|p2a: Great Tusk|spe|1\n|\n|upkeep\n|turn|4\n|\n|t:|1700525826\n|move|p2a: Great Tusk|Close Combat|p1a: Ogerpon\n|-damage|p1a: Ogerpon|0 fnt\n|-unboost|p2a: Great Tusk|def|1\n|-unboost|p2a: Great Tusk|spd|1\n|faint|p1a: Ogerpon\n|\n|upkeep\n|\n|t:|1700525831\n|switch|p1a: Clefable|Clefable, M|100\/100\n|turn|5\n|\n|t:|1700525834\n|-end|p2a: Great Tusk|Protosynthesis|[silent]\n|switch|p2a: Tyranitar|Tyranitar, M|100\/100\n|-weather|Sandstorm|[from] ability: Sand Stream|[of] p2a: Tyranitar\n|move|p1a: Clefable|Moonblast|p2a: Tyranitar\n|-supereffective|p2a: Tyranitar\n|-damage|p2a: Tyranitar|64\/100\n|-unboost|p2a: Tyranitar|spa|1\n|\n|-weather|Sandstorm|[upkeep]\n|-damage|p1a: Clefable|94\/100|[from] Sandstorm\n|upkeep\n|turn|6\n|\n|t:|1700525839\n|switch|p1a: Corviknight|Corviknight, M|100\/100\n|-ability|p1a: Corviknight|Pressure\n|move|p2a: Tyranitar|Stone Edge|p1a: Corviknight\n|-damage|p1a: Corviknight|31\/100\n|\n|-weather|Sandstorm|[upkeep]\n|upkeep\n|turn|7\n|\n|t:|1700525843\n|switch|p2a: Iron Thorns|Iron Thorns|100\/100\n|-enditem|p2a: Iron Thorns|Booster Energy\n|-activate|p2a: Iron Thorns|ability: Quark Drive|[fromitem]\n|-start|p2a: Iron Thorns|quarkdriveatk\n|move|p1a: Corviknight|Roost|p1a: Corviknight\n|-heal|p1a: Corviknight|81\/100\n|-singleturn|p1a: Corviknight|move: Roost\n|\n|-weather|Sandstorm|[upkeep]\n|upkeep\n|turn|8\n|\n|t:|1700525849\n|move|p2a: Iron Thorns|Wild Charge|p1a: Corviknight\n|-supereffective|p1a: Corviknight\n|-crit|p1a: Corviknight\n|-damage|p1a: Corviknight|0 fnt\n|-damage|p2a: Iron Thorns|84\/100|[from] item: Rocky Helmet|[of] p1a: Corviknight\n|faint|p1a: Corviknight\n|-damage|p2a: Iron Thorns|60\/100|[from] Recoil\n|\n|-weather|Sandstorm|[upkeep]\n|upkeep\n|\n|t:|1700525852\n|switch|p1a: Zamazenta|Zamazenta|100\/100\n|-damage|p1a: Zamazenta|88\/100|[from] Spikes\n|-ability|p1a: Zamazenta|Dauntless Shield|boost\n|-boost|p1a: Zamazenta|def|1\n|turn|9\n|\n|t:|1700525855\n|-end|p2a: Iron Thorns|Quark Drive|[silent]\n|switch|p2a: Enamorus|Enamorus-Therian, F|100\/100\n|move|p1a: Zamazenta|Substitute|p1a: Zamazenta\n|-start|p1a: Zamazenta|Substitute\n|-damage|p1a: Zamazenta|63\/100\n|\n|-weather|none\n|-heal|p1a: Zamazenta|69\/100|[from] item: Leftovers\n|upkeep\n|turn|10\n|\n|t:|1700525858\n|move|p1a: Zamazenta|Heavy Slam|p2a: Enamorus\n|-supereffective|p2a: Enamorus\n|-damage|p2a: Enamorus|48\/100\n|move|p2a: Enamorus|Moonblast|p1a: Zamazenta\n|-supereffective|p1a: Zamazenta\n|-end|p1a: Zamazenta|Substitute\n|\n|-heal|p1a: Zamazenta|76\/100|[from] item: Leftovers\n|upkeep\n|turn|11\n|\n|t:|1700525860\n|switch|p2a: Great Tusk|Great Tusk, tera:Dragon|100\/100\n|move|p1a: Zamazenta|Heavy Slam|p2a: Great Tusk\n|-damage|p2a: Great Tusk|92\/100\n|\n|-heal|p1a: Zamazenta|82\/100|[from] item: Leftovers\n|-heal|p2a: Great Tusk|98\/100|[from] item: Leftovers\n|upkeep\n|turn|12\n|\n|t:|1700525865\n|move|p1a: Zamazenta|Iron Defense|p1a: Zamazenta\n|-boost|p1a: Zamazenta|def|2\n|move|p2a: Great Tusk|Close Combat|p1a: Zamazenta\n|-damage|p1a: Zamazenta|64\/100\n|-unboost|p2a: Great Tusk|def|1\n|-unboost|p2a: Great Tusk|spd|1\n|\n|-heal|p1a: Zamazenta|70\/100|[from] item: Leftovers\n|-heal|p2a: Great Tusk|100\/100|[from] item: Leftovers\n|upkeep\n|turn|13\n|j| DukeStarr\n|\n|t:|1700525868\n|-end|p2a: Great Tusk|Protosynthesis|[silent]\n|switch|p2a: Tyranitar|Tyranitar, M|64\/100\n|-weather|Sandstorm|[from] ability: Sand Stream|[of] p2a: Tyranitar\n|move|p1a: Zamazenta|Body Press|p2a: Tyranitar\n|-supereffective|p2a: Tyranitar\n|-damage|p2a: Tyranitar|0 fnt\n|faint|p2a: Tyranitar\n|\n|-weather|Sandstorm|[upkeep]\n|-damage|p1a: Zamazenta|64\/100|[from] Sandstorm\n|-heal|p1a: Zamazenta|70\/100|[from] item: Leftovers\n|upkeep\n|\n|t:|1700525870\n|switch|p2a: Enamorus|Enamorus-Therian, F|48\/100\n|turn|14\n|\n|t:|1700525873\n|move|p1a: Zamazenta|Iron Defense|p1a: Zamazenta\n|-boost|p1a: Zamazenta|def|2\n|move|p2a: Enamorus|Moonblast|p1a: Zamazenta\n|-supereffective|p1a: Zamazenta\n|-damage|p1a: Zamazenta|0 fnt\n|faint|p1a: Zamazenta\n|\n|-weather|Sandstorm|[upkeep]\n|upkeep\n|\n|t:|1700525876\n|switch|p1a: Cinderace|Cinderace, F|100\/100\n|turn|15\n|\n|t:|1700525879\n|switch|p2a: Great Tusk|Great Tusk, tera:Dragon|100\/100\n|move|p1a: Cinderace|Pyro Ball|p2a: Great Tusk\n|-resisted|p2a: Great Tusk\n|-damage|p2a: Great Tusk|81\/100\n|\n|-weather|Sandstorm|[upkeep]\n|-damage|p1a: Cinderace|95\/100|[from] Sandstorm\n|-damage|p2a: Great Tusk|75\/100|[from] Sandstorm\n|-heal|p2a: Great Tusk|81\/100|[from] item: Leftovers\n|upkeep\n|turn|16\n|\n|t:|1700525881\n|move|p1a: Cinderace|Will-O-Wisp|p2a: Great Tusk\n|-status|p2a: Great Tusk|brn\n|move|p2a: Great Tusk|Ice Spinner|p1a: Cinderace\n|-resisted|p1a: Cinderace\n|-damage|p1a: Cinderace|85\/100\n|\n|-weather|Sandstorm|[upkeep]\n|-damage|p1a: Cinderace|79\/100|[from] Sandstorm\n|-damage|p2a: Great Tusk|75\/100 brn|[from] Sandstorm\n|-heal|p2a: Great Tusk|81\/100 brn|[from] item: Leftovers\n|-damage|p2a: Great Tusk|75\/100 brn|[from] brn\n|upkeep\n|turn|17\n|\n|t:|1700525885\n|move|p1a: Cinderace|Court Change|p1a: Cinderace\n|-swapsideconditions\n|-activate|p1a: Cinderace|move: Court Change\n|move|p2a: Great Tusk|Headlong Rush|p1a: Cinderace\n|-supereffective|p1a: Cinderace\n|-damage|p1a: Cinderace|4\/100\n|-unboost|p2a: Great Tusk|def|1\n|-unboost|p2a: Great Tusk|spd|1\n|\n|-weather|none\n|-heal|p2a: Great Tusk|81\/100 brn|[from] item: Leftovers\n|-damage|p2a: Great Tusk|75\/100 brn|[from] brn\n|upkeep\n|turn|18\n|\n|t:|1700525889\n|move|p1a: Cinderace|U-turn|p2a: Great Tusk\n|-damage|p2a: Great Tusk|54\/100 brn\n|\n|t:|1700525891\n|switch|p1a: Clefable|Clefable, M|94\/100|[from] U-turn\n|move|p2a: Great Tusk|Ice Spinner|p1a: Clefable\n|-damage|p1a: Clefable|82\/100\n|\n|-heal|p2a: Great Tusk|60\/100 brn|[from] item: Leftovers\n|-damage|p2a: Great Tusk|54\/100 brn|[from] brn\n|upkeep\n|turn|19\n|\n|t:|1700525894\n|-end|p2a: Great Tusk|Protosynthesis|[silent]\n|switch|p2a: Iron Thorns|Iron Thorns|60\/100\n|-damage|p2a: Iron Thorns|48\/100|[from] Spikes\n|move|p1a: Clefable|Moonblast|p2a: Iron Thorns\n|-damage|p2a: Iron Thorns|8\/100\n|\n|upkeep\n|turn|20\n|\n|t:|1700525900\n|switch|p1a: Cinderace|Cinderace, F|4\/100\n|move|p2a: Iron Thorns|Stone Edge|p1a: Cinderace\n|-supereffective|p1a: Cinderace\n|-damage|p1a: Cinderace|0 fnt\n|faint|p1a: Cinderace\n|\n|upkeep\n|\n|t:|1700525902\n|switch|p1a: Dragapult|Dragapult, M|100\/100\n|turn|21\n|\n|t:|1700525904\n|move|p1a: Dragapult|Shadow Ball|p2a: Iron Thorns\n|-damage|p2a: Iron Thorns|0 fnt\n|faint|p2a: Iron Thorns\n|-end|p2a: Iron Thorns|Quark Drive|[silent]\n|\n|upkeep\n|\n|t:|1700525905\n|switch|p2a: Enamorus|Enamorus-Therian, F|48\/100\n|turn|22\n|\n|t:|1700525910\n|move|p1a: Dragapult|Shadow Ball|p2a: Enamorus\n|-damage|p2a: Enamorus|0 fnt\n|faint|p2a: Enamorus\n|\n|upkeep\n|-message|knexhawk2 forfeited.\n|\n|win|Ouvt frfr\n|raw|Ouvt frfr's rating: 1700 &rarr; <strong>1727<\/strong><br \/>(+27 for winning)\n|raw|knexhawk2's rating: 1834 &rarr; <strong>1807<\/strong><br \/>(-27 for losing)\n|l|\u2606knexhawk2\n","uploadtime":1700525921,"views":5,"p1id":"ouvtfrfr","p2id":"knexhawk2","formatid":"gen9ou","rating":1727,"private":0,"password":""}