{"id":"gen9ou-1992404571","p1":"zeeLitium","p2":"NargasXDD","format":"[Gen 9] OU","log":"|j|\u2606zeeLitium\n|j|\u2606NargasXDD\n|t:|1700183660\n|gametype|singles\n|player|p1|zeeLitium|elaine|\n|player|p2|NargasXDD|102|\n|teamsize|p1|6\n|teamsize|p2|6\n|gen|9\n|tier|[Gen 9] OU\n|rule|Sleep Clause Mod: Limit one foe put to sleep\n|rule|Species Clause: Limit one of each Pok\u00e9mon\n|rule|OHKO Clause: OHKO moves are banned\n|rule|Evasion Items Clause: Evasion items are banned\n|rule|Evasion Moves Clause: Evasion moves are banned\n|rule|Endless Battle Clause: Forcing endless battles is banned\n|rule|HP Percentage Mod: HP is shown in percentages\n|rule|Terastal Clause: You cannot Terastallize\n|clearpoke\n|poke|p1|Sneasler, F|\n|poke|p1|Darkrai|\n|poke|p1|Gholdengo|\n|poke|p1|Great Tusk|\n|poke|p1|Dragonite, F|\n|poke|p1|Samurott-Hisui, F|\n|poke|p2|Dragapult, F|\n|poke|p2|Gholdengo|\n|poke|p2|Great Tusk|\n|poke|p2|Iron Valiant|\n|poke|p2|Rotom-Wash|\n|poke|p2|Kingambit, M|\n|teampreview\n|c|\u2606NargasXDD|pode tera?\n|c|\u2606zeeLitium|n\u00e3o\n|j| KeldeoCrowned\n|c|\u2606NargasXDD|ok\n|c|\u2606zeeLitium|eu tirei a op\u00e7\u00e3o tbm\n|c| KeldeoCrowned|quem te for\u00e7ou\n|c| KeldeoCrowned|a jogar SV OU\n|c|\u2606NargasXDD|eu?\n|c|\u2606zeeLitium|a bacate\n|c| KeldeoCrowned|ah, \u00e9 aquele tour\n|c|\u2606NargasXDD|a\n|\n|t:|1700183709\n|start\n|switch|p1a: Sneasler|Sneasler, F|100\/100\n|switch|p2a: Dragapult|Dragapult, F|100\/100\n|turn|1\n|\n|t:|1700183720\n|switch|p1a: Samurott|Samurott-Hisui, F|100\/100\n|move|p2a: Dragapult|U-turn|p1a: Samurott\n|-supereffective|p1a: Samurott\n|-damage|p1a: Samurott|53\/100\n|\n|t:|1700183732\n|switch|p2a: Iron Valiant|Iron Valiant|100\/100|[from] U-turn\n|\n|upkeep\n|turn|2\n|\n|t:|1700183761\n|switch|p1a: Gholdengo|Gholdengo|100\/100\n|move|p2a: Iron Valiant|Trick|p1a: Gholdengo\n|-immune|p1a: Gholdengo|[from] ability: Good as Gold\n|\n|upkeep\n|turn|3\n|c|\u2606NargasXDD|kakaka\n|c|\u2606NargasXDD|esqueci\n|\n|t:|1700183785\n|-end|p2a: Iron Valiant|Quark Drive|[silent]\n|switch|p2a: Rotom|Rotom-Wash|100\/100\n|move|p1a: Gholdengo|Nasty Plot|p1a: Gholdengo\n|-boost|p1a: Gholdengo|spa|2\n|\n|upkeep\n|turn|4\n|\n|t:|1700183790\n|move|p1a: Gholdengo|Shadow Ball|p2a: Rotom\n|-damage|p2a: Rotom|36\/100\n|move|p2a: Rotom|Volt Switch|p1a: Gholdengo\n|-damage|p1a: Gholdengo|73\/100\n|\n|t:|1700183823\n|switch|p2a: Great Tusk|Great Tusk|100\/100|[from] Volt Switch\n|-enditem|p2a: Great Tusk|Booster Energy\n|-activate|p2a: Great Tusk|ability: Protosynthesis|[fromitem]\n|-start|p2a: Great Tusk|protosynthesisatk\n|\n|upkeep\n|turn|5\n|\n|t:|1700183834\n|move|p2a: Great Tusk|Knock Off|p1a: Gholdengo\n|-supereffective|p1a: Gholdengo\n|-damage|p1a: Gholdengo|0 fnt\n|-enditem|p1a: Gholdengo|Shuca Berry|[from] move: Knock Off|[of] p2a: Great Tusk\n|faint|p1a: Gholdengo\n|\n|upkeep\n|c|\u2606zeeLitium|ta vendo ai keldeo\n|c|\u2606NargasXDD|matei um hein, meta ta batida j\u00e1\n|c| KeldeoCrowned|a maior inimiga\n|c| KeldeoCrowned|da gen 9\n|c|\u2606NargasXDD|posso perder em paz\n|c|\u2606zeeLitium|eu tinha shuca mas ele usou knock off\n|\n|t:|1700183871\n|switch|p1a: Sneasler|Sneasler, F|100\/100\n|turn|6\n|c| KeldeoCrowned|kkkkkkkkkkkkkkk\n|c| KeldeoCrowned|o tusk \u00e9 mt forte\n|\n|t:|1700183878\n|move|p1a: Sneasler|Fake Out|p2a: Great Tusk\n|-damage|p2a: Great Tusk|92\/100\n|cant|p2a: Great Tusk|flinch\n|\n|upkeep\n|turn|7\n|c| KeldeoCrowned|acho q o headlong matava\n|\n|t:|1700183888\n|move|p1a: Sneasler|U-turn|p2a: Great Tusk\n|-resisted|p2a: Great Tusk\n|-damage|p2a: Great Tusk|84\/100\n|-status|p2a: Great Tusk|psn|[from] ability: Poison Touch|[of] p1a: Sneasler\n|c|\u2606zeeLitium|n\n|c|\u2606zeeLitium|eu tinha evs\n|\n|t:|1700183898\n|switch|p1a: Great Tusk|Great Tusk|100\/100|[from] U-turn\n|move|p2a: Great Tusk|Stealth Rock|p1a: Great Tusk\n|-sidestart|p1: zeeLitium|move: Stealth Rock\n|\n|-damage|p2a: Great Tusk|71\/100 psn|[from] psn\n|upkeep\n|turn|8\n|c|\u2606NargasXDD|oloco\n|c| KeldeoCrowned|o knock foi midground ali\n|\n|t:|1700183911\n|move|p2a: Great Tusk|Knock Off|p1a: Great Tusk\n|-resisted|p1a: Great Tusk\n|-damage|p1a: Great Tusk|92\/100\n|-enditem|p1a: Great Tusk|Leftovers|[from] move: Knock Off|[of] p2a: Great Tusk\n|move|p1a: Great Tusk|Stealth Rock|p2a: Great Tusk\n|-sidestart|p2: NargasXDD|move: Stealth Rock\n|\n|-damage|p2a: Great Tusk|59\/100 psn|[from] psn\n|upkeep\n|turn|9\n|\n|t:|1700183915\n|move|p2a: Great Tusk|Rapid Spin|p1a: Great Tusk\n|-damage|p1a: Great Tusk|83\/100\n|-boost|p2a: Great Tusk|spe|1\n|-sideend|p2: NargasXDD|Stealth Rock|[from] move: Rapid Spin|[of] p2a: Great Tusk\n|move|p1a: Great Tusk|Rapid Spin|p2a: Great Tusk\n|-damage|p2a: Great Tusk|49\/100 psn\n|-boost|p1a: Great Tusk|spe|1\n|-sideend|p1: zeeLitium|Stealth Rock|[from] move: Rapid Spin|[of] p1a: Great Tusk\n|\n|-damage|p2a: Great Tusk|37\/100 psn|[from] psn\n|upkeep\n|turn|10\n|\n|t:|1700183924\n|move|p2a: Great Tusk|Earthquake|p1a: Great Tusk\n|-damage|p1a: Great Tusk|54\/100\n|move|p1a: Great Tusk|Stealth Rock|p2a: Great Tusk\n|-sidestart|p2: NargasXDD|move: Stealth Rock\n|\n|-damage|p2a: Great Tusk|25\/100 psn|[from] psn\n|upkeep\n|turn|11\n|\n|t:|1700183931\n|move|p2a: Great Tusk|Stealth Rock|p1a: Great Tusk\n|-sidestart|p1: zeeLitium|move: Stealth Rock\n|move|p1a: Great Tusk|Stealth Rock||[still]\n|-fail|p1a: Great Tusk\n|\n|-damage|p2a: Great Tusk|13\/100 psn|[from] psn\n|upkeep\n|turn|12\n|\n|t:|1700183941\n|move|p2a: Great Tusk|Rapid Spin|p1a: Great Tusk\n|-damage|p1a: Great Tusk|45\/100\n|-boost|p2a: Great Tusk|spe|1\n|-sideend|p2: NargasXDD|Stealth Rock|[from] move: Rapid Spin|[of] p2a: Great Tusk\n|move|p1a: Great Tusk|Rapid Spin|p2a: Great Tusk\n|-damage|p2a: Great Tusk|4\/100 psn\n|-boost|p1a: Great Tusk|spe|1\n|-sideend|p1: zeeLitium|Stealth Rock|[from] move: Rapid Spin|[of] p1a: Great Tusk\n|\n|-damage|p2a: Great Tusk|0 fnt|[from] psn\n|faint|p2a: Great Tusk\n|-end|p2a: Great Tusk|Protosynthesis|[silent]\n|upkeep\n|\n|t:|1700183963\n|switch|p2a: Iron Valiant|Iron Valiant|100\/100\n|turn|13\n|\n|t:|1700183977\n|-end|p1a: Great Tusk|Protosynthesis|[silent]\n|switch|p1a: Sneasler|Sneasler, F|100\/100\n|move|p2a: Iron Valiant|Moonblast|p1a: Sneasler\n|-damage|p1a: Sneasler|38\/100\n|-unboost|p1a: Sneasler|spa|1\n|\n|upkeep\n|turn|14\n|\n|t:|1700183989\n|-end|p2a: Iron Valiant|Quark Drive|[silent]\n|switch|p2a: Gholdengo|Gholdengo|100\/100\n|-item|p2a: Gholdengo|Air Balloon\n|move|p1a: Sneasler|Fake Out|p2a: Gholdengo\n|-immune|p2a: Gholdengo\n|\n|upkeep\n|turn|15\n|\n|t:|1700184006\n|move|p1a: Sneasler|U-turn|p2a: Gholdengo\n|-resisted|p2a: Gholdengo\n|-damage|p2a: Gholdengo|94\/100\n|-enditem|p2a: Gholdengo|Air Balloon\n|\n|t:|1700184012\n|switch|p1a: Samurott|Samurott-Hisui, F|53\/100|[from] U-turn\n|move|p2a: Gholdengo|Make It Rain|p1a: Samurott\n|-resisted|p1a: Samurott\n|-damage|p1a: Samurott|21\/100\n|-unboost|p2a: Gholdengo|spa|1\n|\n|upkeep\n|turn|16\n|c|\u2606NargasXDD|verdade n\u00e9\n|c|\u2606NargasXDD|aqgua aguenta metal por algum motivo\n|c|\u2606NargasXDD|chorei\n|\n|t:|1700184052\n|switch|p2a: Rotom|Rotom-Wash|36\/100\n|move|p1a: Samurott|Ceaseless Edge|p2a: Rotom\n|-damage|p2a: Rotom|0 fnt\n|-sidestart|p2: NargasXDD|Spikes\n|faint|p2a: Rotom\n|\n|upkeep\n|\n|t:|1700184085\n|switch|p2a: Iron Valiant|Iron Valiant|100\/100\n|-damage|p2a: Iron Valiant|88\/100|[from] Spikes\n|turn|17\n|\n|t:|1700184090\n|move|p1a: Samurott|Aqua Jet|p2a: Iron Valiant\n|-damage|p2a: Iron Valiant|65\/100\n|move|p2a: Iron Valiant|Moonblast|p1a: Samurott\n|-supereffective|p1a: Samurott\n|-damage|p1a: Samurott|0 fnt\n|faint|p1a: Samurott\n|\n|upkeep\n|\n|t:|1700184097\n|switch|p1a: Sneasler|Sneasler, F|38\/100\n|turn|18\n|\n|t:|1700184108\n|-end|p2a: Iron Valiant|Quark Drive|[silent]\n|switch|p2a: Gholdengo|Gholdengo|94\/100\n|-damage|p2a: Gholdengo|81\/100|[from] Spikes\n|move|p1a: Sneasler|U-turn|p2a: Gholdengo\n|-resisted|p2a: Gholdengo\n|-damage|p2a: Gholdengo|75\/100\n|j| catgirl summer\n|\n|t:|1700184117\n|switch|p1a: Darkrai|Darkrai|100\/100|[from] U-turn\n|\n|upkeep\n|turn|19\n|\n|t:|1700184135\n|move|p1a: Darkrai|Focus Blast|p2a: Gholdengo\n|-immune|p2a: Gholdengo\n|move|p2a: Gholdengo|Shadow Ball|p1a: Darkrai\n|-resisted|p1a: Darkrai\n|-damage|p1a: Darkrai|67\/100\n|\n|upkeep\n|turn|20\n|c| KeldeoCrowned|kkkkkkkkkkkkkkk\n|c|\u2606NargasXDD|os dois jogando muito\n|\n|t:|1700184155\n|switch|p1a: Dragonite|Dragonite, F|100\/100\n|move|p2a: Gholdengo|Make It Rain|p1a: Dragonite\n|-damage|p1a: Dragonite|68\/100\n|-unboost|p2a: Gholdengo|spa|1\n|\n|upkeep\n|turn|21\n|c|\u2606NargasXDD|slk, muito dano\n|\n|t:|1700184182\n|switch|p2a: Kingambit|Kingambit, M|100\/100\n|-damage|p2a: Kingambit|88\/100|[from] Spikes\n|-activate|p2a: Kingambit|ability: Supreme Overlord\n|-start|p2a: Kingambit|fallen2|[silent]\n|move|p1a: Dragonite|Dragon Dance|p1a: Dragonite\n|-boost|p1a: Dragonite|atk|1\n|-boost|p1a: Dragonite|spe|1\n|\n|-heal|p2a: Kingambit|94\/100|[from] item: Leftovers\n|upkeep\n|turn|22\n|\n|t:|1700184192\n|move|p1a: Dragonite|Roost|p1a: Dragonite\n|-heal|p1a: Dragonite|100\/100\n|-singleturn|p1a: Dragonite|move: Roost\n|move|p2a: Kingambit|Kowtow Cleave|p1a: Dragonite\n|-damage|p1a: Dragonite|69\/100\n|\n|-heal|p2a: Kingambit|100\/100|[from] item: Leftovers\n|upkeep\n|turn|23\n|\n|t:|1700184205\n|move|p1a: Dragonite|Dragon Dance|p1a: Dragonite\n|-boost|p1a: Dragonite|atk|1\n|-boost|p1a: Dragonite|spe|1\n|move|p2a: Kingambit|Swords Dance|p2a: Kingambit\n|-boost|p2a: Kingambit|atk|2\n|\n|upkeep\n|turn|24\n|\n|t:|1700184210\n|move|p1a: Dragonite|Roost|p1a: Dragonite\n|-heal|p1a: Dragonite|100\/100\n|-singleturn|p1a: Dragonite|move: Roost\n|move|p2a: Kingambit|Kowtow Cleave|p1a: Dragonite\n|-damage|p1a: Dragonite|38\/100\n|\n|upkeep\n|turn|25\n|\n|t:|1700184218\n|move|p1a: Dragonite|Roost|p1a: Dragonite\n|-heal|p1a: Dragonite|88\/100\n|-singleturn|p1a: Dragonite|move: Roost\n|move|p2a: Kingambit|Kowtow Cleave|p1a: Dragonite\n|-damage|p1a: Dragonite|0 fnt\n|faint|p1a: Dragonite\n|\n|upkeep\n|c|\u2606zeeLitium|qual o sentido dessa roll\n|\n|t:|1700184235\n|switch|p1a: Great Tusk|Great Tusk|45\/100\n|turn|26\n|c| KeldeoCrowned|multiscale\n|c|\u2606NargasXDD|n\u00e3o sei\n|c|\u2606NargasXDD|to nervoso\n|\n|t:|1700184264\n|move|p1a: Great Tusk|Earthquake|p2a: Kingambit\n|-supereffective|p2a: Kingambit\n|-damage|p2a: Kingambit|25\/100\n|move|p2a: Kingambit|Iron Head|p1a: Great Tusk\n|-damage|p1a: Great Tusk|0 fnt\n|faint|p1a: Great Tusk\n|-end|p1a: Great Tusk|Protosynthesis|[silent]\n|\n|-heal|p2a: Kingambit|31\/100|[from] item: Leftovers\n|upkeep\n|\n|t:|1700184270\n|switch|p1a: Darkrai|Darkrai|67\/100\n|turn|27\n|\n|t:|1700184280\n|move|p2a: Kingambit|Sucker Punch||[still]\n|-fail|p2a: Kingambit\n|move|p1a: Darkrai|Trick|p2a: Kingambit\n|-activate|p1a: Darkrai|move: Trick|[of] p2a: Kingambit\n|-item|p2a: Kingambit|Choice Specs|[from] move: Trick\n|-item|p1a: Darkrai|Leftovers|[from] move: Trick\n|\n|-heal|p1a: Darkrai|73\/100|[from] item: Leftovers\n|upkeep\n|turn|28\n|c|\u2606NargasXDD|oloco\n|c|\u2606NargasXDD|agora fudeu\n|\n|t:|1700184307\n|switch|p1a: Sneasler|Sneasler, F|38\/100\n|move|p2a: Kingambit|Iron Head|p1a: Sneasler\n|-damage|p1a: Sneasler|0 fnt\n|faint|p1a: Sneasler\n|\n|upkeep\n|\n|t:|1700184312\n|switch|p1a: Darkrai|Darkrai|73\/100\n|turn|29\n|\n|t:|1700184319\n|move|p1a: Darkrai|Focus Blast|p2a: Kingambit\n|-supereffective|p2a: Kingambit\n|-damage|p2a: Kingambit|0 fnt\n|faint|p2a: Kingambit\n|-end|p2a: Kingambit|fallen2|[silent]\n|\n|-heal|p1a: Darkrai|79\/100|[from] item: Leftovers\n|upkeep\n|\n|t:|1700184327\n|switch|p2a: Iron Valiant|Iron Valiant|65\/100\n|-damage|p2a: Iron Valiant|53\/100|[from] Spikes\n|turn|30\n|\n|t:|1700184334\n|move|p2a: Iron Valiant|Moonblast|p1a: Darkrai\n|-supereffective|p1a: Darkrai\n|-damage|p1a: Darkrai|0 fnt\n|faint|p1a: Darkrai\n|\n|win|NargasXDD\n|c|\u2606zeeLitium|\u00e9\n|c|\u2606zeeLitium|gg\n|l| catgirl summer\n|c|\u2606NargasXDD|bom jogo\n|l|\u2606zeeLitium\n|l| KeldeoCrowned\n","uploadtime":1700184343,"views":33,"p1id":"zeelitium","p2id":"nargasxdd","formatid":"gen9ou","rating":0,"private":0,"password":""}