{"id":"gen9ou-1990814414","p1":"Phantomjaz","p2":"Macquard11","format":"[Gen 9] OU","log":"|j|\u2606Phantomjaz\n|j|\u2606Macquard11\n|t:|1700003573\n|gametype|singles\n|player|p1|Phantomjaz|pokemaniac|1097\n|player|p2|Macquard11|unknown|1204\n|teamsize|p1|6\n|teamsize|p2|6\n|gen|9\n|tier|[Gen 9] OU\n|rated|\n|rule|Sleep Clause Mod: Limit one foe put to sleep\n|rule|Species Clause: Limit one of each Pok\u00e9mon\n|rule|OHKO Clause: OHKO moves are banned\n|rule|Evasion Items Clause: Evasion items are banned\n|rule|Evasion Moves Clause: Evasion moves are banned\n|rule|Endless Battle Clause: Forcing endless battles is banned\n|rule|HP Percentage Mod: HP is shown in percentages\n|clearpoke\n|poke|p1|Salamence, M|\n|poke|p1|Samurott-Hisui, M|\n|poke|p1|Clefable, F|\n|poke|p1|Zapdos|\n|poke|p1|Landorus-Therian, M|\n|poke|p1|Walking Wake|\n|poke|p2|Dragapult, F|\n|poke|p2|Sneasler, M|\n|poke|p2|Weezing-Galar, F|\n|poke|p2|Greninja-*, M|\n|poke|p2|Alomomola, M|\n|poke|p2|Heatran, F|\n|teampreview\n|\n|t:|1700003587\n|start\n|switch|p1a: Gato pero Rocas|Landorus-Therian, M|100\/100\n|switch|p2a: Greninja|Greninja, M|100\/100\n|-ability|p1a: Gato pero Rocas|Intimidate|boost\n|-unboost|p2a: Greninja|atk|1\n|turn|1\n|\n|t:|1700003598\n|switch|p1a: Senor Samurott|Samurott-Hisui, M|100\/100\n|move|p2a: Greninja|Ice Beam|p1a: Senor Samurott\n|-start|p2a: Greninja|typechange|Ice|[from] ability: Protean\n|-resisted|p1a: Senor Samurott\n|-damage|p1a: Senor Samurott|62\/100\n|\n|upkeep\n|turn|2\n|\n|t:|1700003609\n|move|p2a: Greninja|Ice Beam|p1a: Senor Samurott\n|-resisted|p1a: Senor Samurott\n|-damage|p1a: Senor Samurott|23\/100\n|-enditem|p1a: Senor Samurott|Aguav Berry|[eat]\n|-heal|p1a: Senor Samurott|57\/100|[from] item: Aguav Berry\n|move|p1a: Senor Samurott|Ceaseless Edge|p2a: Greninja\n|-damage|p2a: Greninja|24\/100\n|-sidestart|p2: Macquard11|Spikes\n|\n|upkeep\n|turn|3\n|\n|t:|1700003625\n|switch|p2a: Weezing|Weezing-Galar, F|100\/100\n|-ability|p2a: Weezing|Neutralizing Gas\n|move|p1a: Senor Samurott|Ceaseless Edge|p2a: Weezing\n|-resisted|p2a: Weezing\n|-damage|p2a: Weezing|85\/100\n|-sidestart|p2: Macquard11|Spikes\n|\n|upkeep\n|turn|4\n|\n|t:|1700003640\n|switch|p1a: Gato pero Rocas|Landorus-Therian, M|100\/100\n|move|p2a: Weezing|Will-O-Wisp|p1a: Gato pero Rocas\n|-status|p1a: Gato pero Rocas|brn\n|\n|-damage|p1a: Gato pero Rocas|95\/100 brn|[from] brn\n|upkeep\n|turn|5\n|\n|t:|1700003649\n|-end|p2a: Weezing|ability: Neutralizing Gas\n|-ability|p1a: Gato pero Rocas|Intimidate|boost\n|-unboost|p2a: Weezing|atk|1\n|switch|p2a: Alomomola|Alomomola, M|100\/100\n|-damage|p2a: Alomomola|84\/100|[from] Spikes\n|move|p1a: Gato pero Rocas|Earthquake|p2a: Alomomola\n|-damage|p2a: Alomomola|69\/100\n|\n|-heal|p1a: Gato pero Rocas|100\/100 brn|[from] item: Leftovers\n|-heal|p2a: Alomomola|75\/100|[from] item: Leftovers\n|-damage|p1a: Gato pero Rocas|95\/100 brn|[from] brn\n|upkeep\n|turn|6\n|\n|t:|1700003665\n|move|p1a: Gato pero Rocas|U-turn|p2a: Alomomola\n|-damage|p2a: Alomomola|69\/100\n|\n|t:|1700003668\n|switch|p1a: Birb on a Wire|Zapdos|100\/100|[from] U-turn\n|move|p2a: Alomomola|Scald|p1a: Birb on a Wire\n|-damage|p1a: Birb on a Wire|86\/100\n|\n|-heal|p2a: Alomomola|75\/100|[from] item: Leftovers\n|upkeep\n|turn|7\n|\n|t:|1700003682\n|switch|p2a: Weezing|Weezing-Galar, F|85\/100\n|-ability|p2a: Weezing|Neutralizing Gas\n|move|p1a: Birb on a Wire|Thunderbolt|p2a: Weezing\n|-damage|p2a: Weezing|27\/100\n|\n|upkeep\n|turn|8\n|\n|t:|1700003688\n|move|p1a: Birb on a Wire|Thunderbolt|p2a: Weezing\n|-damage|p2a: Weezing|0 fnt\n|faint|p2a: Weezing\n|-end|p2a: Weezing|ability: Neutralizing Gas\n|\n|upkeep\n|\n|t:|1700003698\n|switch|p2a: Dragapult|Dragapult, F|100\/100\n|-damage|p2a: Dragapult|84\/100|[from] Spikes\n|turn|9\n|\n|t:|1700003708\n|switch|p1a: Status: Done|Clefable, F|100\/100\n|move|p2a: Dragapult|Dragon Dance|p2a: Dragapult\n|-boost|p2a: Dragapult|atk|1\n|-boost|p2a: Dragapult|spe|1\n|\n|upkeep\n|turn|10\n|\n|t:|1700003715\n|-terastallize|p2a: Dragapult|Normal\n|move|p2a: Dragapult|Last Resort|p1a: Status: Done\n|-damage|p1a: Status: Done|0 fnt\n|faint|p1a: Status: Done\n|\n|upkeep\n|\n|t:|1700003723\n|switch|p1a: Crystal Head|Walking Wake|100\/100\n|-enditem|p1a: Crystal Head|Booster Energy\n|-activate|p1a: Crystal Head|ability: Protosynthesis|[fromitem]\n|-start|p1a: Crystal Head|protosynthesisspa\n|turn|11\n|\n|t:|1700003732\n|-terastallize|p1a: Crystal Head|Steel\n|move|p2a: Dragapult|Last Resort|p1a: Crystal Head\n|-resisted|p1a: Crystal Head\n|-damage|p1a: Crystal Head|31\/100\n|move|p1a: Crystal Head|Surf|p2a: Dragapult\n|-damage|p2a: Dragapult|6\/100\n|\n|upkeep\n|turn|12\n|\n|t:|1700003741\n|move|p2a: Dragapult|Last Resort|p1a: Crystal Head\n|-resisted|p1a: Crystal Head\n|-damage|p1a: Crystal Head|0 fnt\n|faint|p1a: Crystal Head\n|-end|p1a: Crystal Head|Protosynthesis|[silent]\n|\n|upkeep\n|\n|t:|1700003751\n|switch|p1a: Gato pero Rocas|Landorus-Therian, M|95\/100 brn\n|-ability|p1a: Gato pero Rocas|Intimidate|boost\n|-unboost|p2a: Dragapult|atk|1\n|turn|13\n|\n|t:|1700003758\n|move|p2a: Dragapult|Last Resort|p1a: Gato pero Rocas\n|-damage|p1a: Gato pero Rocas|0 fnt\n|faint|p1a: Gato pero Rocas\n|\n|upkeep\n|\n|t:|1700003763\n|switch|p1a: Birb on a Wire|Zapdos|86\/100\n|turn|14\n|\n|t:|1700003767\n|move|p2a: Dragapult|Last Resort|p1a: Birb on a Wire\n|-damage|p1a: Birb on a Wire|0 fnt\n|faint|p1a: Birb on a Wire\n|\n|upkeep\n|\n|t:|1700003771\n|switch|p1a: SALAMADA|Salamence, M|100\/100\n|turn|15\n|\n|t:|1700003775\n|move|p2a: Dragapult|Last Resort|p1a: SALAMADA\n|-damage|p1a: SALAMADA|0 fnt\n|faint|p1a: SALAMADA\n|\n|upkeep\n|\n|t:|1700003779\n|switch|p1a: Senor Samurott|Samurott-Hisui, M|57\/100\n|turn|16\n|\n|t:|1700003783\n|move|p2a: Dragapult|Last Resort|p1a: Senor Samurott\n|-damage|p1a: Senor Samurott|0 fnt\n|faint|p1a: Senor Samurott\n|\n|win|Macquard11\n|raw|Phantomjaz's rating: 1097 &rarr; <strong>1080<\/strong><br \/>(-17 for losing)\n|raw|Macquard11's rating: 1204 &rarr; <strong>1222<\/strong><br \/>(+18 for winning)\n|l|\u2606Phantomjaz\n","uploadtime":1700003795,"views":35,"p1id":"phantomjaz","p2id":"macquard11","formatid":"gen9ou","rating":1080,"private":0,"password":""}