{"id":"gen9ou-1989759101","p1":"MrRageQuitt","p2":"D92888838","format":"[Gen 9] OU","log":"|j|\u2606MrRageQuitt\n|j|\u2606D92888838\n|t:|1699893318\n|gametype|singles\n|player|p1|MrRageQuitt|hugh|1084\n|player|p2|D92888838|266|1065\n|teamsize|p1|6\n|teamsize|p2|6\n|gen|9\n|tier|[Gen 9] OU\n|rated|\n|rule|Sleep Clause Mod: Limit one foe put to sleep\n|rule|Species Clause: Limit one of each Pok\u00e9mon\n|rule|OHKO Clause: OHKO moves are banned\n|rule|Evasion Items Clause: Evasion items are banned\n|rule|Evasion Moves Clause: Evasion moves are banned\n|rule|Endless Battle Clause: Forcing endless battles is banned\n|rule|HP Percentage Mod: HP is shown in percentages\n|clearpoke\n|poke|p1|Ting-Lu|\n|poke|p1|Gholdengo|\n|poke|p1|Great Tusk|\n|poke|p1|Iron Valiant|\n|poke|p1|Kingambit, M|\n|poke|p1|Garganacl, M|\n|poke|p2|Weavile, F|\n|poke|p2|Sneasler, F|\n|poke|p2|Rillaboom, F|\n|poke|p2|Ribombee, F|\n|poke|p2|Gholdengo|\n|poke|p2|Kingambit, F|\n|teampreview\n|\n|t:|1699893326\n|start\n|switch|p1a: Ting-Lu|Ting-Lu|100\/100\n|switch|p2a: Ribombee|Ribombee, F|100\/100\n|-ability|p1a: Ting-Lu|Vessel of Ruin\n|turn|1\n|\n|t:|1699893344\n|move|p2a: Ribombee|Sticky Web|p1a: Ting-Lu\n|-sidestart|p1: MrRageQuitt|move: Sticky Web\n|move|p1a: Ting-Lu|Stealth Rock|p2a: Ribombee\n|-sidestart|p2: D92888838|move: Stealth Rock\n|\n|upkeep\n|turn|2\n|\n|t:|1699893385\n|move|p2a: Ribombee|Stun Spore|p1a: Ting-Lu|[miss]\n|-miss|p2a: Ribombee|p1a: Ting-Lu\n|move|p1a: Ting-Lu|Spikes|p2a: Ribombee\n|-sidestart|p2: D92888838|Spikes\n|\n|upkeep\n|turn|3\n|\n|t:|1699893395\n|move|p2a: Ribombee|Moonblast|p1a: Ting-Lu\n|-supereffective|p1a: Ting-Lu\n|-damage|p1a: Ting-Lu|65\/100\n|move|p1a: Ting-Lu|Spikes|p2a: Ribombee\n|-sidestart|p2: D92888838|Spikes\n|\n|-heal|p1a: Ting-Lu|72\/100|[from] item: Leftovers\n|upkeep\n|turn|4\n|\n|t:|1699893401\n|move|p2a: Ribombee|Moonblast|p1a: Ting-Lu\n|-supereffective|p1a: Ting-Lu\n|-damage|p1a: Ting-Lu|39\/100\n|move|p1a: Ting-Lu|Spikes|p2a: Ribombee\n|-sidestart|p2: D92888838|Spikes\n|\n|-heal|p1a: Ting-Lu|45\/100|[from] item: Leftovers\n|upkeep\n|turn|5\n|\n|t:|1699893466\n|move|p2a: Ribombee|Moonblast|p1a: Ting-Lu\n|-supereffective|p1a: Ting-Lu\n|-damage|p1a: Ting-Lu|14\/100\n|-unboost|p1a: Ting-Lu|spa|1\n|move|p1a: Ting-Lu|Whirlwind|p2a: Ribombee\n|drag|p2a: Weavile|Weavile, F, shiny|100\/100\n|-ability|p2a: Weavile|Pressure\n|\n|-heal|p1a: Ting-Lu|20\/100|[from] item: Leftovers\n|upkeep\n|turn|6\n|inactive|Battle timer is ON: inactive players will automatically lose when time's up. (requested by D92888838)\n|\n|t:|1699893611\n|move|p2a: Weavile|Icicle Crash|p1a: Ting-Lu\n|-supereffective|p1a: Ting-Lu\n|-damage|p1a: Ting-Lu|0 fnt\n|faint|p1a: Ting-Lu\n|\n|upkeep\n|inactiveoff|Battle timer is now OFF.\n|\n|t:|1699893634\n|switch|p1a: Garganacl|Garganacl, M|100\/100\n|-activate|p1a: Garganacl|move: Sticky Web\n|-unboost|p1a: Garganacl|spe|1\n|turn|7\n|\n|t:|1699893642\n|switch|p2a: Rillaboom|Rillaboom, F, shiny|100\/100\n|-damage|p2a: Rillaboom|88\/100|[from] Stealth Rock\n|-damage|p2a: Rillaboom|63\/100|[from] Spikes\n|-fieldstart|move: Grassy Terrain|[from] ability: Grassy Surge|[of] p2a: Rillaboom\n|move|p1a: Garganacl|Body Press|p2a: Rillaboom\n|-damage|p2a: Rillaboom|37\/100\n|\n|-heal|p2a: Rillaboom|44\/100|[from] Grassy Terrain\n|upkeep\n|turn|8\n|\n|t:|1699893655\n|-terastallize|p1a: Garganacl|Ghost\n|move|p2a: Rillaboom|U-turn|p1a: Garganacl\n|-resisted|p1a: Garganacl\n|-damage|p1a: Garganacl|88\/100\n|\n|t:|1699893661\n|switch|p2a: Gholdengo|Gholdengo|100\/100|[from] U-turn\n|-damage|p2a: Gholdengo|94\/100|[from] Stealth Rock\n|-item|p2a: Gholdengo|Air Balloon\n|move|p1a: Garganacl|Iron Defense|p1a: Garganacl\n|-boost|p1a: Garganacl|def|2\n|\n|-heal|p1a: Garganacl|94\/100|[from] Grassy Terrain\n|-heal|p1a: Garganacl|99\/100|[from] item: Leftovers\n|upkeep\n|turn|9\n|\n|t:|1699893670\n|move|p2a: Gholdengo|Nasty Plot|p2a: Gholdengo\n|-boost|p2a: Gholdengo|spa|2\n|move|p1a: Garganacl|Salt Cure|p2a: Gholdengo\n|-resisted|p2a: Gholdengo\n|-damage|p2a: Gholdengo|86\/100\n|-start|p2a: Gholdengo|Salt Cure\n|-enditem|p2a: Gholdengo|Air Balloon\n|\n|-heal|p2a: Gholdengo|92\/100|[from] Grassy Terrain\n|-heal|p1a: Garganacl|100\/100|[from] Grassy Terrain\n|-damage|p2a: Gholdengo|67\/100|[from] Salt Cure\n|upkeep\n|turn|10\n|\n|t:|1699893681\n|switch|p1a: Kingambit|Kingambit, M|100\/100\n|-activate|p1a: Kingambit|move: Sticky Web\n|-unboost|p1a: Kingambit|spe|1\n|-activate|p1a: Kingambit|ability: Supreme Overlord\n|-start|p1a: Kingambit|fallen1|[silent]\n|move|p2a: Gholdengo|Shadow Ball|p1a: Kingambit\n|-resisted|p1a: Kingambit\n|-damage|p1a: Kingambit|61\/100\n|-unboost|p1a: Kingambit|spd|1\n|\n|-heal|p2a: Gholdengo|73\/100|[from] Grassy Terrain\n|-heal|p1a: Kingambit|67\/100|[from] Grassy Terrain\n|-heal|p1a: Kingambit|73\/100|[from] item: Leftovers\n|-damage|p2a: Gholdengo|48\/100|[from] Salt Cure\n|upkeep\n|turn|11\n|\n|t:|1699893695\n|switch|p2a: Ribombee|Ribombee, F|100\/100\n|-damage|p2a: Ribombee|76\/100|[from] Stealth Rock\n|-damage|p2a: Ribombee|51\/100|[from] Spikes\n|move|p1a: Kingambit|Kowtow Cleave|p2a: Ribombee\n|-resisted|p2a: Ribombee\n|-damage|p2a: Ribombee|0 fnt\n|faint|p2a: Ribombee\n|\n|-heal|p1a: Kingambit|80\/100|[from] Grassy Terrain\n|-heal|p1a: Kingambit|86\/100|[from] item: Leftovers\n|-fieldend|move: Grassy Terrain\n|upkeep\n|\n|t:|1699893701\n|switch|p2a: Rillaboom|Rillaboom, F, shiny|44\/100\n|-damage|p2a: Rillaboom|31\/100|[from] Stealth Rock\n|-damage|p2a: Rillaboom|6\/100|[from] Spikes\n|-fieldstart|move: Grassy Terrain|[from] ability: Grassy Surge|[of] p2a: Rillaboom\n|turn|12\n|\n|t:|1699893712\n|move|p2a: Rillaboom|Grassy Glide|p1a: Kingambit\n|-resisted|p1a: Kingambit\n|-damage|p1a: Kingambit|62\/100\n|move|p1a: Kingambit|Sucker Punch||[still]\n|-fail|p1a: Kingambit\n|\n|-heal|p2a: Rillaboom|13\/100|[from] Grassy Terrain\n|-heal|p1a: Kingambit|68\/100|[from] Grassy Terrain\n|-heal|p1a: Kingambit|75\/100|[from] item: Leftovers\n|upkeep\n|turn|13\n|\n|t:|1699893721\n|move|p2a: Rillaboom|Grassy Glide|p1a: Kingambit\n|-resisted|p1a: Kingambit\n|-damage|p1a: Kingambit|52\/100\n|move|p1a: Kingambit|Kowtow Cleave|p2a: Rillaboom\n|-damage|p2a: Rillaboom|0 fnt\n|faint|p2a: Rillaboom\n|\n|-heal|p1a: Kingambit|59\/100|[from] Grassy Terrain\n|-heal|p1a: Kingambit|65\/100|[from] item: Leftovers\n|upkeep\n|\n|t:|1699893723\n|switch|p2a: Sneasler|Sneasler, F, shiny|100\/100\n|-damage|p2a: Sneasler|95\/100|[from] Stealth Rock\n|-damage|p2a: Sneasler|70\/100|[from] Spikes\n|-enditem|p2a: Sneasler|Grassy Seed\n|-boost|p2a: Sneasler|def|1|[from] item: Grassy Seed\n|turn|14\n|\n|t:|1699893735\n|move|p1a: Kingambit|Sucker Punch||[still]\n|-fail|p1a: Kingambit\n|move|p2a: Sneasler|Swords Dance|p2a: Sneasler\n|-boost|p2a: Sneasler|atk|2\n|\n|-heal|p2a: Sneasler|76\/100|[from] Grassy Terrain\n|-heal|p1a: Kingambit|71\/100|[from] Grassy Terrain\n|-heal|p1a: Kingambit|77\/100|[from] item: Leftovers\n|upkeep\n|turn|15\n|\n|t:|1699893743\n|move|p1a: Kingambit|Sucker Punch|p2a: Sneasler\n|-resisted|p2a: Sneasler\n|-damage|p2a: Sneasler|49\/100\n|move|p2a: Sneasler|Close Combat|p1a: Kingambit\n|-supereffective|p1a: Kingambit\n|-damage|p1a: Kingambit|0 fnt\n|-unboost|p2a: Sneasler|def|1\n|-unboost|p2a: Sneasler|spd|1\n|faint|p1a: Kingambit\n|-end|p1a: Kingambit|fallen1|[silent]\n|\n|-heal|p2a: Sneasler|55\/100|[from] Grassy Terrain\n|upkeep\n|\n|t:|1699893758\n|switch|p1a: Great Tusk|Great Tusk|100\/100\n|turn|16\n|\n|t:|1699893761\n|-terastallize|p2a: Sneasler|Flying\n|move|p2a: Sneasler|Acrobatics|p1a: Great Tusk\n|-supereffective|p1a: Great Tusk\n|-damage|p1a: Great Tusk|0 fnt\n|faint|p1a: Great Tusk\n|-end|p1a: Great Tusk|Protosynthesis|[silent]\n|\n|-fieldend|move: Grassy Terrain\n|upkeep\n|\n|t:|1699893769\n|switch|p1a: Garganacl|Garganacl, M, tera:Ghost|100\/100\n|-activate|p1a: Garganacl|move: Sticky Web\n|-unboost|p1a: Garganacl|spe|1\n|turn|17\n|\n|t:|1699893772\n|move|p2a: Sneasler|Acrobatics|p1a: Garganacl\n|-crit|p1a: Garganacl\n|-damage|p1a: Garganacl|0 fnt\n|faint|p1a: Garganacl\n|\n|upkeep\n|inactive|Battle timer is ON: inactive players will automatically lose when time's up. (requested by D92888838)\n|inactive|MrRageQuitt has 120 seconds left.\n|inactive|MrRageQuitt has 90 seconds left.\n|inactive|MrRageQuitt has 60 seconds left.\n|inactive|MrRageQuitt has 30 seconds left.\n|inactive|MrRageQuitt has 20 seconds left.\n|inactive|MrRageQuitt has 15 seconds left.\n|inactive|MrRageQuitt has 10 seconds left.\n|inactive|MrRageQuitt has 5 seconds left.\n|-message|MrRageQuitt lost due to inactivity.\n|\n|win|D92888838\n|raw|MrRageQuitt's rating: 1084 &rarr; <strong>1060<\/strong><br \/>(-24 for losing)\n|raw|D92888838's rating: 1065 &rarr; <strong>1097<\/strong><br \/>(+32 for winning)\n","uploadtime":1699894059,"views":11,"p1id":"mrragequitt","p2id":"d92888838","formatid":"gen9ou","rating":1060,"private":0,"password":""}