{"id":"gen9ou-1996199452","p1":"joe1808","p2":"Thuder","format":"[Gen 9] OU","log":"|j|\u2606joe1808\n|j|\u2606Thuder\n|t:|1700658237\n|gametype|singles\n|player|p1|joe1808|n|1197\n|player|p2|Thuder|ingo|1112\n|teamsize|p1|6\n|teamsize|p2|6\n|gen|9\n|tier|[Gen 9] OU\n|rated|\n|rule|Sleep Clause Mod: Limit one foe put to sleep\n|rule|Species Clause: Limit one of each Pok\u00e9mon\n|rule|OHKO Clause: OHKO moves are banned\n|rule|Evasion Items Clause: Evasion items are banned\n|rule|Evasion Moves Clause: Evasion moves are banned\n|rule|Endless Battle Clause: Forcing endless battles is banned\n|rule|HP Percentage Mod: HP is shown in percentages\n|clearpoke\n|poke|p1|Torterra, M|\n|poke|p1|Glimmora, F|\n|poke|p1|Kingambit, M|\n|poke|p1|Walking Wake|\n|poke|p1|Dragonite, F|\n|poke|p1|Iron Moth|\n|poke|p2|Manaphy|\n|poke|p2|Great Tusk|\n|poke|p2|Enamorus, F|\n|poke|p2|Ogerpon-Wellspring, F|\n|poke|p2|Kingambit, F|\n|poke|p2|Iron Moth|\n|teampreview\n|inactive|Battle timer is ON: inactive players will automatically lose when time's up. (requested by joe1808)\n|\n|t:|1700658243\n|start\n|switch|p1a: Morita|Glimmora, F|100\/100\n|switch|p2a: Great Tusk|Great Tusk|100\/100\n|turn|1\n|\n|t:|1700658246\n|move|p1a: Morita|Energy Ball|p2a: Great Tusk\n|-supereffective|p2a: Great Tusk\n|-damage|p2a: Great Tusk|26\/100\n|move|p2a: Great Tusk|Rapid Spin|p1a: Morita\n|-resisted|p1a: Morita\n|-damage|p1a: Morita|92\/100\n|-boost|p2a: Great Tusk|spe|1\n|-activate|p1a: Morita|ability: Toxic Debris\n|-sidestart|p2: Thuder|move: Toxic Spikes\n|-sideend|p2: Thuder|Toxic Spikes|[from] move: Rapid Spin|[of] p2a: Great Tusk\n|\n|-heal|p2a: Great Tusk|32\/100|[from] item: Leftovers\n|upkeep\n|turn|2\n|\n|t:|1700658254\n|move|p2a: Great Tusk|Earthquake|p1a: Morita\n|-supereffective|p1a: Morita\n|-damage|p1a: Morita|0 fnt\n|-activate|p1a: Morita|ability: Toxic Debris\n|-sidestart|p2: Thuder|move: Toxic Spikes\n|faint|p1a: Morita\n|\n|-heal|p2a: Great Tusk|38\/100|[from] item: Leftovers\n|upkeep\n|\n|t:|1700658261\n|switch|p1a: Bolin|Torterra, M|100\/100\n|turn|3\n|\n|t:|1700658265\n|move|p2a: Great Tusk|Knock Off|p1a: Bolin\n|-damage|p1a: Bolin|71\/100\n|-enditem|p1a: Bolin|Loaded Dice|[from] move: Knock Off|[of] p2a: Great Tusk\n|move|p1a: Bolin|Shell Smash|p1a: Bolin\n|-unboost|p1a: Bolin|def|1\n|-unboost|p1a: Bolin|spd|1\n|-boost|p1a: Bolin|atk|2\n|-boost|p1a: Bolin|spa|2\n|-boost|p1a: Bolin|spe|2\n|\n|-heal|p2a: Great Tusk|45\/100|[from] item: Leftovers\n|upkeep\n|turn|4\n|\n|t:|1700658270\n|move|p1a: Bolin|Bullet Seed|p2a: Great Tusk\n|-supereffective|p2a: Great Tusk\n|-damage|p2a: Great Tusk|22\/100\n|-supereffective|p2a: Great Tusk\n|-damage|p2a: Great Tusk|0 fnt\n|faint|p2a: Great Tusk\n|-end|p2a: Great Tusk|Protosynthesis|[silent]\n|-hitcount|p2: Great Tusk|2\n|\n|upkeep\n|\n|t:|1700658291\n|switch|p2a: Enamorus|Enamorus, F|100\/100\n|turn|5\n|\n|t:|1700658297\n|move|p2a: Enamorus|Mystical Fire|p1a: Bolin\n|-supereffective|p1a: Bolin\n|-damage|p1a: Bolin|0 fnt\n|faint|p1a: Bolin\n|\n|upkeep\n|\n|t:|1700658301\n|switch|p1a: Terrence|Walking Wake|100\/100\n|-enditem|p1a: Terrence|Booster Energy\n|-activate|p1a: Terrence|ability: Protosynthesis|[fromitem]\n|-start|p1a: Terrence|protosynthesisspa\n|turn|6\n|\n|t:|1700658314\n|switch|p2a: Ogerpon|Ogerpon-Wellspring, F|100\/100\n|-status|p2a: Ogerpon|psn\n|-end|p1a: Terrence|Protosynthesis|[silent]\n|switch|p1a: Sparky|Iron Moth|100\/100\n|-enditem|p1a: Sparky|Booster Energy\n|-activate|p1a: Sparky|ability: Quark Drive|[fromitem]\n|-start|p1a: Sparky|quarkdrivespe\n|\n|-damage|p2a: Ogerpon|88\/100 psn|[from] psn\n|upkeep\n|turn|7\n|\n|t:|1700658324\n|-terastallize|p1a: Sparky|Grass\n|move|p1a: Sparky|Sludge Wave|p2a: Ogerpon\n|-supereffective|p2a: Ogerpon\n|-damage|p2a: Ogerpon|0 fnt\n|faint|p2a: Ogerpon\n|\n|upkeep\n|\n|t:|1700658331\n|switch|p2a: Iron Moth|Iron Moth|100\/100\n|-sideend|p2: Thuder|move: Toxic Spikes|[of] p2a: Iron Moth\n|-enditem|p2a: Iron Moth|Booster Energy\n|-activate|p2a: Iron Moth|ability: Quark Drive|[fromitem]\n|-start|p2a: Iron Moth|quarkdrivespe\n|turn|8\n|\n|t:|1700658342\n|-end|p1a: Sparky|Quark Drive|[silent]\n|switch|p1a: Terrence|Walking Wake|100\/100\n|move|p2a: Iron Moth|Fiery Dance|p1a: Terrence\n|-resisted|p1a: Terrence\n|-damage|p1a: Terrence|88\/100\n|-boost|p2a: Iron Moth|spa|1\n|\n|upkeep\n|turn|9\n|\n|t:|1700658353\n|-terastallize|p2a: Iron Moth|Fairy\n|move|p2a: Iron Moth|Sludge Wave|p1a: Terrence\n|-damage|p1a: Terrence|9\/100\n|move|p1a: Terrence|Agility|p1a: Terrence\n|-boost|p1a: Terrence|spe|2\n|\n|upkeep\n|turn|10\n|\n|t:|1700658359\n|move|p1a: Terrence|Surf|p2a: Iron Moth\n|-damage|p2a: Iron Moth|47\/100\n|move|p2a: Iron Moth|Sludge Wave|p1a: Terrence\n|-damage|p1a: Terrence|0 fnt\n|faint|p1a: Terrence\n|-end|p1a: Terrence|Protosynthesis|[silent]\n|\n|upkeep\n|\n|t:|1700658361\n|switch|p1a: Destiny|Dragonite, F|100\/100\n|turn|11\n|\n|t:|1700658381\n|move|p2a: Iron Moth|Sludge Wave|p1a: Destiny\n|-damage|p1a: Destiny|64\/100\n|move|p1a: Destiny|Dragon Dance|p1a: Destiny\n|-boost|p1a: Destiny|atk|1\n|-boost|p1a: Destiny|spe|1\n|\n|upkeep\n|turn|12\n|\n|t:|1700658387\n|move|p1a: Destiny|Extreme Speed|p2a: Iron Moth\n|-damage|p2a: Iron Moth|0 fnt\n|faint|p2a: Iron Moth\n|-end|p2a: Iron Moth|Quark Drive|[silent]\n|\n|upkeep\n|\n|t:|1700658389\n|switch|p2a: Enamorus|Enamorus, F|100\/100\n|turn|13\n|\n|t:|1700658399\n|move|p1a: Destiny|Extreme Speed|p2a: Enamorus\n|-damage|p2a: Enamorus|32\/100\n|move|p2a: Enamorus|Moonblast|p1a: Destiny\n|-supereffective|p1a: Destiny\n|-damage|p1a: Destiny|0 fnt\n|faint|p1a: Destiny\n|\n|upkeep\n|\n|t:|1700658403\n|switch|p1a: Sparky|Iron Moth, tera:Grass|100\/100\n|turn|14\n|\n|t:|1700658408\n|switch|p2a: Kingambit|Kingambit, F|100\/100\n|-activate|p2a: Kingambit|ability: Supreme Overlord\n|-start|p2a: Kingambit|fallen3|[silent]\n|move|p1a: Sparky|Fiery Dance|p2a: Kingambit\n|-supereffective|p2a: Kingambit\n|-damage|p2a: Kingambit|19\/100\n|\n|upkeep\n|turn|15\n|\n|t:|1700658418\n|move|p2a: Kingambit|Sucker Punch|p1a: Sparky\n|-damage|p1a: Sparky|16\/100\n|move|p1a: Sparky|Fiery Dance|p2a: Kingambit\n|-supereffective|p2a: Kingambit\n|-damage|p2a: Kingambit|0 fnt\n|faint|p2a: Kingambit\n|-end|p2a: Kingambit|fallen3|[silent]\n|\n|upkeep\n|\n|t:|1700658421\n|switch|p2a: Enamorus|Enamorus, F|32\/100\n|turn|16\n|\n|t:|1700658425\n|move|p2a: Enamorus|Moonblast|p1a: Sparky\n|-damage|p1a: Sparky|0 fnt\n|faint|p1a: Sparky\n|-end|p1a: Sparky|Quark Drive|[silent]\n|\n|upkeep\n|\n|t:|1700658427\n|switch|p1a: Shogun|Kingambit, M|100\/100\n|-activate|p1a: Shogun|ability: Supreme Overlord\n|-start|p1a: Shogun|fallen5|[silent]\n|turn|17\n|\n|t:|1700658432\n|switch|p2a: Manaphy|Manaphy, shiny|100\/100\n|move|p1a: Shogun|Iron Head|p2a: Manaphy\n|-resisted|p2a: Manaphy\n|-damage|p2a: Manaphy|67\/100\n|\n|-heal|p2a: Manaphy|73\/100|[from] item: Leftovers\n|upkeep\n|turn|18\n|\n|t:|1700658437\n|move|p2a: Manaphy|Surf|p1a: Shogun\n|-damage|p1a: Shogun|59\/100\n|move|p1a: Shogun|Kowtow Cleave|p2a: Manaphy\n|-damage|p2a: Manaphy|0 fnt\n|faint|p2a: Manaphy\n|\n|upkeep\n|\n|t:|1700658440\n|switch|p2a: Enamorus|Enamorus, F|32\/100\n|turn|19\n|\n|t:|1700658443\n|move|p1a: Shogun|Sucker Punch|p2a: Enamorus\n|-resisted|p2a: Enamorus\n|-damage|p2a: Enamorus|0 fnt\n|faint|p2a: Enamorus\n|\n|win|joe1808\n|raw|joe1808's rating: 1222 &rarr; <strong>1239<\/strong><br \/>(+17 for winning)\n|raw|Thuder's rating: 1112 &rarr; <strong>1095<\/strong><br \/>(-17 for losing)\n|l|\u2606Thuder\n","uploadtime":1700658452,"views":1,"p1id":"joe1808","p2id":"thuder","formatid":"gen9ou","rating":1095,"private":0,"password":""}