{"id":"gen9ou-1997544974","p1":"temp0912397","p2":"AriseFromTheDeep","format":"[Gen 9] OU","log":"|j|\u2606temp0912397\n|j|\u2606AriseFromTheDeep\n|t:|1700823223\n|gametype|singles\n|player|p1|temp0912397|1|1037\n|player|p2|AriseFromTheDeep|2|1000\n|teamsize|p1|6\n|teamsize|p2|6\n|gen|9\n|tier|[Gen 9] OU\n|rated|\n|rule|Sleep Clause Mod: Limit one foe put to sleep\n|rule|Species Clause: Limit one of each Pok\u00e9mon\n|rule|OHKO Clause: OHKO moves are banned\n|rule|Evasion Items Clause: Evasion items are banned\n|rule|Evasion Moves Clause: Evasion moves are banned\n|rule|Endless Battle Clause: Forcing endless battles is banned\n|rule|HP Percentage Mod: HP is shown in percentages\n|clearpoke\n|poke|p1|Kommo-o, M|\n|poke|p1|Grimmsnarl, M|\n|poke|p1|Ribombee, F|\n|poke|p1|Kingambit, F|\n|poke|p1|Gholdengo|\n|poke|p1|Great Tusk|\n|poke|p2|Zapdos|\n|poke|p2|Azelf|\n|poke|p2|Heatran, F|\n|poke|p2|Landorus-Therian, M|\n|poke|p2|Ogerpon, F|\n|poke|p2|Toxapex, M|\n|teampreview\n|inactive|Battle timer is ON: inactive players will automatically lose when time's up. (requested by temp0912397)\n|\n|t:|1700823253\n|start\n|switch|p1a: Kommo-o|Kommo-o, M|100\/100\n|switch|p2a: Landorus|Landorus-Therian, M|100\/100\n|-ability|p2a: Landorus|Intimidate|boost\n|-unboost|p1a: Kommo-o|atk|1\n|turn|1\n|\n|t:|1700823261\n|move|p1a: Kommo-o|Belly Drum|p1a: Kommo-o\n|-damage|p1a: Kommo-o|51\/100\n|-setboost|p1a: Kommo-o|atk|6|[from] move: Belly Drum\n|move|p2a: Landorus|Stealth Rock|p1a: Kommo-o\n|-sidestart|p1: temp0912397|move: Stealth Rock\n|\n|upkeep\n|turn|2\n|\n|t:|1700823272\n|move|p1a: Kommo-o|Scale Shot|p2a: Landorus\n|-damage|p2a: Landorus|42\/100\n|-damage|p2a: Landorus|0 fnt\n|faint|p2a: Landorus\n|-hitcount|p2: Landorus|2\n|-unboost|p1a: Kommo-o|def|1\n|-boost|p1a: Kommo-o|spe|1\n|\n|upkeep\n|\n|t:|1700823282\n|switch|p2a: Toxapex|Toxapex, M|100\/100\n|turn|3\n|\n|t:|1700823293\n|move|p1a: Kommo-o|Scale Shot|p2a: Toxapex|[miss]\n|-miss|p1a: Kommo-o|p2a: Toxapex\n|move|p2a: Toxapex|Hydro Pump|p1a: Kommo-o\n|-resisted|p1a: Kommo-o\n|-damage|p1a: Kommo-o|38\/100\n|\n|upkeep\n|turn|4\n|\n|t:|1700823303\n|-terastallize|p1a: Kommo-o|Poison\n|move|p1a: Kommo-o|Scale Shot|p2a: Toxapex\n|-damage|p2a: Toxapex|61\/100\n|-damage|p2a: Toxapex|24\/100\n|-damage|p2a: Toxapex|0 fnt\n|faint|p2a: Toxapex\n|-hitcount|p2: Toxapex|3\n|-unboost|p1a: Kommo-o|def|1\n|-boost|p1a: Kommo-o|spe|1\n|\n|upkeep\n|\n|t:|1700823319\n|switch|p2a: Azelf|Azelf|100\/100\n|turn|5\n|\n|t:|1700823331\n|move|p1a: Kommo-o|Scale Shot|p2a: Azelf\n|-damage|p2a: Azelf|26\/100\n|-damage|p2a: Azelf|0 fnt\n|faint|p2a: Azelf\n|-hitcount|p2: Azelf|2\n|-unboost|p1a: Kommo-o|def|1\n|-boost|p1a: Kommo-o|spe|1\n|\n|upkeep\n|\n|t:|1700823339\n|switch|p2a: Ogerpon|Ogerpon, F|100\/100\n|turn|6\n|\n|t:|1700823345\n|move|p1a: Kommo-o|Drain Punch|p2a: Ogerpon\n|-damage|p2a: Ogerpon|0 fnt\n|-heal|p1a: Kommo-o|90\/100|[from] drain|[of] p2a: Ogerpon\n|faint|p2a: Ogerpon\n|\n|upkeep\n|\n|t:|1700823361\n|switch|p2a: Zapdos|Zapdos|100\/100\n|-ability|p2a: Zapdos|Pressure\n|turn|7\n|\n|t:|1700823373\n|move|p1a: Kommo-o|Tera Blast|p2a: Zapdos|[anim] Tera Blast Poison\n|-damage|p2a: Zapdos|0 fnt\n|faint|p2a: Zapdos\n|\n|upkeep\n|\n|t:|1700823378\n|switch|p2a: Heatran|Heatran, F|100\/100\n|turn|8\n|\n|t:|1700823385\n|move|p1a: Kommo-o|Drain Punch|p2a: Heatran\n|-supereffective|p2a: Heatran\n|-damage|p2a: Heatran|0 fnt\n|-heal|p1a: Kommo-o|100\/100|[from] drain|[of] p2a: Heatran\n|-status|p1a: Kommo-o|brn|[from] ability: Flame Body|[of] p2a: Heatran\n|faint|p2a: Heatran\n|\n|win|temp0912397\n|raw|temp0912397's rating: 1037 &rarr; <strong>1068<\/strong><br \/>(+31 for winning)\n|raw|AriseFromTheDeep's rating: 1000 &rarr; <strong>1000<\/strong><br \/>(+0 for losing)\n","uploadtime":1700823447,"views":4,"p1id":"temp0912397","p2id":"arisefromthedeep","formatid":"gen9ou","rating":1000,"private":0,"password":""}