{"id":"gen9ou-1995732333","p1":"URasar","p2":"averagechiefer","format":"[Gen 9] OU","log":"|j|\u2606URasar\n|j|\u2606averagechiefer\n|t:|1700598000\n|gametype|singles\n|player|p1|URasar|flint|1276\n|player|p2|averagechiefer|102|1326\n|teamsize|p1|6\n|teamsize|p2|6\n|gen|9\n|tier|[Gen 9] OU\n|rated|\n|rule|Sleep Clause Mod: Limit one foe put to sleep\n|rule|Species Clause: Limit one of each Pok\u00e9mon\n|rule|OHKO Clause: OHKO moves are banned\n|rule|Evasion Items Clause: Evasion items are banned\n|rule|Evasion Moves Clause: Evasion moves are banned\n|rule|Endless Battle Clause: Forcing endless battles is banned\n|rule|HP Percentage Mod: HP is shown in percentages\n|clearpoke\n|poke|p1|Kingambit, M|\n|poke|p1|Great Tusk|\n|poke|p1|Dragapult, M|\n|poke|p1|Ogerpon-Wellspring, F|\n|poke|p1|Blissey, F|\n|poke|p1|Zapdos|\n|poke|p2|Weavile, M|\n|poke|p2|Hatterene, F|\n|poke|p2|Landorus-Therian, M|\n|poke|p2|Maushold-Four|\n|poke|p2|Mienshao, F|\n|poke|p2|Heatran, F|\n|teampreview\n|inactive|Battle timer is ON: inactive players will automatically lose when time's up. (requested by URasar)\n|inactive|averagechiefer has 120 seconds left.\n|\n|t:|1700598034\n|start\n|switch|p1a: Dragapult|Dragapult, M|100\/100\n|switch|p2a: Landorus|Landorus-Therian, M|100\/100\n|-ability|p2a: Landorus|Intimidate|boost\n|-unboost|p1a: Dragapult|atk|1\n|turn|1\n|\n|t:|1700598043\n|switch|p2a: Maushold|Maushold-Four|100\/100\n|move|p1a: Dragapult|Shadow Ball|p2a: Maushold\n|-immune|p2a: Maushold\n|\n|upkeep\n|turn|2\n|\n|t:|1700598051\n|switch|p1a: Great Tusk|Great Tusk|100\/100\n|move|p2a: Maushold|Population Bomb|p1a: Great Tusk\n|-damage|p1a: Great Tusk|94\/100\n|-damage|p1a: Great Tusk|86\/100\n|-damage|p1a: Great Tusk|79\/100\n|-damage|p1a: Great Tusk|72\/100\n|-damage|p1a: Great Tusk|65\/100\n|-damage|p1a: Great Tusk|59\/100\n|-damage|p1a: Great Tusk|51\/100\n|-damage|p1a: Great Tusk|44\/100\n|-damage|p1a: Great Tusk|37\/100\n|-damage|p1a: Great Tusk|29\/100\n|-hitcount|p1a: Great Tusk|10\n|\n|-heal|p1a: Great Tusk|35\/100|[from] item: Leftovers\n|upkeep\n|turn|3\n|\n|t:|1700598062\n|move|p2a: Maushold|Population Bomb|p1a: Great Tusk\n|-damage|p1a: Great Tusk|28\/100\n|-damage|p1a: Great Tusk|21\/100\n|-damage|p1a: Great Tusk|14\/100\n|-damage|p1a: Great Tusk|6\/100\n|-damage|p1a: Great Tusk|0 fnt\n|faint|p1a: Great Tusk\n|-end|p1a: Great Tusk|Protosynthesis|[silent]\n|-hitcount|p1: Great Tusk|5\n|\n|upkeep\n|\n|t:|1700598075\n|switch|p1a: Dragapult|Dragapult, M|100\/100\n|turn|4\n|\n|t:|1700598078\n|switch|p2a: Heatran|Heatran, F|100\/100\n|-item|p2a: Heatran|Air Balloon\n|move|p1a: Dragapult|U-turn|p2a: Heatran\n|-resisted|p2a: Heatran\n|-damage|p2a: Heatran|97\/100\n|-status|p1a: Dragapult|brn|[from] ability: Flame Body|[of] p2a: Heatran\n|-enditem|p2a: Heatran|Air Balloon\n|\n|t:|1700598086\n|switch|p1a: Ogerpon|Ogerpon-Wellspring, F|100\/100|[from] U-turn\n|\n|upkeep\n|turn|5\n|\n|t:|1700598094\n|-terastallize|p1a: Ogerpon|Water\n|detailschange|p1a: Ogerpon|Ogerpon-Wellspring-Tera, F, tera:Water\n|-ability|p1a: Ogerpon|Embody Aspect (Wellspring)|boost\n|-boost|p1a: Ogerpon|spd|1\n|-terastallize|p2a: Heatran|Ghost\n|move|p1a: Ogerpon|Ivy Cudgel|p2a: Heatran|[anim] Ivy Cudgel Water\n|-damage|p2a: Heatran|25\/100\n|move|p2a: Heatran|Will-O-Wisp|p1a: Ogerpon\n|-status|p1a: Ogerpon|brn\n|\n|-damage|p1a: Ogerpon|95\/100 brn|[from] brn\n|upkeep\n|turn|6\n|\n|t:|1700598115\n|move|p1a: Ogerpon|Ivy Cudgel|p2a: Heatran|[anim] Ivy Cudgel Water\n|-crit|p2a: Heatran\n|-damage|p2a: Heatran|0 fnt\n|faint|p2a: Heatran\n|\n|-damage|p1a: Ogerpon|89\/100 brn|[from] brn\n|upkeep\n|inactive|averagechiefer has 120 seconds left.\n|inactive|averagechiefer has 90 seconds left.\n|\n|t:|1700598166\n|switch|p2a: Landorus|Landorus-Therian, M|100\/100\n|-ability|p2a: Landorus|Intimidate|boost\n|-unboost|p1a: Ogerpon|atk|1\n|turn|7\n|inactive|averagechiefer has 90 seconds left.\n|\n|t:|1700598174\n|move|p2a: Landorus|Protect|p2a: Landorus\n|-singleturn|p2a: Landorus|Protect\n|move|p1a: Ogerpon|U-turn|p2a: Landorus\n|-activate|p2a: Landorus|move: Protect\n|\n|-damage|p1a: Ogerpon|83\/100 brn|[from] brn\n|upkeep\n|turn|8\n|\n|t:|1700598180\n|move|p1a: Ogerpon|Encore|p2a: Landorus\n|-start|p2a: Landorus|Encore\n|move|p2a: Landorus|Protect||[still]\n|-fail|p2a: Landorus\n|\n|-damage|p1a: Ogerpon|77\/100 brn|[from] brn\n|upkeep\n|turn|9\n|\n|t:|1700598190\n|switch|p2a: Hatterene|Hatterene, F|100\/100\n|move|p1a: Ogerpon|Ivy Cudgel|p2a: Hatterene|[anim] Ivy Cudgel Water\n|-damage|p2a: Hatterene|78\/100\n|-enditem|p2a: Hatterene|Eject Button\n|\n|t:|1700598197\n|switch|p2a: Maushold|Maushold-Four|100\/100\n|\n|-damage|p1a: Ogerpon|71\/100 brn|[from] brn\n|upkeep\n|turn|10\n|\n|t:|1700598203\n|switch|p1a: Zapdos|Zapdos|100\/100\n|move|p2a: Maushold|Tidy Up|p2a: Maushold\n|-boost|p2a: Maushold|atk|1\n|-boost|p2a: Maushold|spe|1\n|\n|upkeep\n|turn|11\n|\n|t:|1700598211\n|move|p2a: Maushold|Population Bomb|p1a: Zapdos\n|-damage|p1a: Zapdos|86\/100\n|-damage|p1a: Zapdos|74\/100\n|-status|p2a: Maushold|par|[from] ability: Static|[of] p1a: Zapdos\n|-damage|p1a: Zapdos|60\/100\n|-damage|p1a: Zapdos|46\/100\n|-damage|p1a: Zapdos|31\/100\n|-damage|p1a: Zapdos|18\/100\n|-damage|p1a: Zapdos|4\/100\n|-damage|p1a: Zapdos|0 fnt\n|faint|p1a: Zapdos\n|-hitcount|p1: Zapdos|8\n|\n|upkeep\n|\n|t:|1700598222\n|switch|p1a: Kingambit|Kingambit, M|100\/100\n|-activate|p1a: Kingambit|ability: Supreme Overlord\n|-start|p1a: Kingambit|fallen2|[silent]\n|turn|12\n|\n|t:|1700598226\n|move|p2a: Maushold|U-turn|p1a: Kingambit\n|-crit|p1a: Kingambit\n|-damage|p1a: Kingambit|70\/100\n|\n|t:|1700598231\n|switch|p2a: Landorus|Landorus-Therian, M|100\/100|[from] U-turn\n|-ability|p2a: Landorus|Intimidate|boost\n|-unboost|p1a: Kingambit|atk|1\n|move|p1a: Kingambit|Kowtow Cleave|p2a: Landorus\n|-damage|p2a: Landorus|71\/100\n|\n|-heal|p2a: Landorus|77\/100|[from] item: Leftovers\n|upkeep\n|turn|13\n|-message|URasar forfeited.\n|\n|win|averagechiefer\n|raw|URasar's rating: 1276 &rarr; <strong>1255<\/strong><br \/>(-21 for losing)\n|raw|averagechiefer's rating: 1326 &rarr; <strong>1343<\/strong><br \/>(+17 for winning)\n|l|\u2606URasar\n|c|\u2606averagechiefer|man\n","uploadtime":1700598264,"views":0,"p1id":"urasar","p2id":"averagechiefer","formatid":"gen9ou","rating":1255,"private":0,"password":""}