{"id":"gen9ou-1992511237","p1":"Speectrum","p2":"little man skwovet","format":"[Gen 9] OU","log":"|j|\u2606Speectrum\n|j|\u2606little man skwovet\n|t:|1700197274\n|gametype|singles\n|player|p1|Speectrum|bellelba|1627\n|player|p2|little man skwovet|265|1698\n|teamsize|p1|6\n|teamsize|p2|6\n|gen|9\n|tier|[Gen 9] OU\n|rated|\n|rule|Sleep Clause Mod: Limit one foe put to sleep\n|rule|Species Clause: Limit one of each Pok\u00e9mon\n|rule|OHKO Clause: OHKO moves are banned\n|rule|Evasion Items Clause: Evasion items are banned\n|rule|Evasion Moves Clause: Evasion moves are banned\n|rule|Endless Battle Clause: Forcing endless battles is banned\n|rule|HP Percentage Mod: HP is shown in percentages\n|clearpoke\n|poke|p1|Tatsugiri-Droopy, M|\n|poke|p1|Alomomola, F|\n|poke|p1|Iron Valiant|\n|poke|p1|Landorus-Therian, M|\n|poke|p1|Dragapult, F|\n|poke|p1|Slowking-Galar, F|\n|poke|p2|Heatran, M|\n|poke|p2|Blissey, F|\n|poke|p2|Alomomola, F|\n|poke|p2|Weezing-Galar, F|\n|poke|p2|Dondozo, F|\n|poke|p2|Ting-Lu|\n|teampreview\n|inactive|Battle timer is ON: inactive players will automatically lose when time's up. (requested by Speectrum)\n|\n|t:|1700197292\n|start\n|switch|p1a: Landorus|Landorus-Therian, M|100\/100\n|switch|p2a: Heatran|Heatran, M|100\/100\n|-ability|p1a: Landorus|Intimidate|boost\n|-unboost|p2a: Heatran|atk|1\n|turn|1\n|\n|t:|1700197296\n|switch|p2a: Alomomola|Alomomola, F|100\/100\n|move|p1a: Landorus|Stealth Rock|p2a: Alomomola\n|-sidestart|p2: little man skwovet|move: Stealth Rock\n|\n|upkeep\n|turn|2\n|\n|t:|1700197299\n|move|p1a: Landorus|U-turn|p2a: Alomomola\n|-damage|p2a: Alomomola|85\/100\n|\n|t:|1700197300\n|switch|p1a: Tatsugiri|Tatsugiri-Droopy, M|100\/100|[from] U-turn\n|move|p2a: Alomomola|Flip Turn|p1a: Tatsugiri\n|-ability|p1a: Tatsugiri|Storm Drain|boost\n|-boost|p1a: Tatsugiri|spa|1\n|\n|-heal|p2a: Alomomola|92\/100|[from] item: Leftovers\n|upkeep\n|turn|3\n|\n|t:|1700197304\n|move|p1a: Tatsugiri|Nasty Plot|p1a: Tatsugiri\n|-boost|p1a: Tatsugiri|spa|2\n|move|p2a: Alomomola|Mirror Coat||[still]\n|-fail|p2a: Alomomola\n|\n|-heal|p2a: Alomomola|98\/100|[from] item: Leftovers\n|upkeep\n|turn|4\n|\n|t:|1700197308\n|switch|p2a: Ting-Lu|Ting-Lu|100\/100\n|-damage|p2a: Ting-Lu|94\/100|[from] Stealth Rock\n|-ability|p2a: Ting-Lu|Vessel of Ruin\n|move|p1a: Tatsugiri|Nasty Plot|p1a: Tatsugiri\n|-boost|p1a: Tatsugiri|spa|2\n|\n|-heal|p2a: Ting-Lu|100\/100|[from] item: Leftovers\n|upkeep\n|turn|5\n|\n|t:|1700197311\n|switch|p2a: Dondozo|Dondozo, F|100\/100\n|-damage|p2a: Dondozo|88\/100|[from] Stealth Rock\n|move|p1a: Tatsugiri|Surf|p2a: Dondozo\n|-resisted|p2a: Dondozo\n|-damage|p2a: Dondozo|75\/100\n|\n|-heal|p2a: Dondozo|81\/100|[from] item: Leftovers\n|upkeep\n|turn|6\n|\n|t:|1700197314\n|move|p1a: Tatsugiri|Draco Meteor|p2a: Dondozo\n|-crit|p2a: Dondozo\n|-damage|p2a: Dondozo|26\/100\n|-unboost|p1a: Tatsugiri|spa|2\n|move|p2a: Dondozo|Curse|p2a: Dondozo\n|-unboost|p2a: Dondozo|spe|1\n|-boost|p2a: Dondozo|atk|1\n|-boost|p2a: Dondozo|def|1\n|\n|-heal|p2a: Dondozo|32\/100|[from] item: Leftovers\n|upkeep\n|turn|7\n|\n|t:|1700197317\n|move|p1a: Tatsugiri|Draco Meteor|p2a: Dondozo\n|-damage|p2a: Dondozo|0 fnt\n|-unboost|p1a: Tatsugiri|spa|2\n|faint|p2a: Dondozo\n|\n|upkeep\n|\n|t:|1700197320\n|switch|p2a: Blissey|Blissey, F|100\/100\n|turn|8\n|\n|t:|1700197323\n|switch|p1a: Alomomola|Alomomola, F|100\/100\n|move|p2a: Blissey|Seismic Toss|p1a: Alomomola\n|-damage|p1a: Alomomola|80\/100\n|-enditem|p1a: Alomomola|Red Card|[of] p2a: Blissey\n|drag|p2a: Ting-Lu|Ting-Lu|100\/100\n|-damage|p2a: Ting-Lu|94\/100|[from] Stealth Rock\n|-ability|p2a: Ting-Lu|Vessel of Ruin\n|\n|-heal|p2a: Ting-Lu|100\/100|[from] item: Leftovers\n|upkeep\n|turn|9\n|\n|t:|1700197327\n|switch|p2a: Weezing|Weezing-Galar, F|100\/100\n|-ability|p2a: Weezing|Neutralizing Gas\n|move|p1a: Alomomola|Scald|p2a: Weezing\n|-damage|p2a: Weezing|85\/100\n|\n|upkeep\n|turn|10\n|\n|t:|1700197333\n|move|p1a: Alomomola|Flip Turn|p2a: Weezing\n|-damage|p2a: Weezing|74\/100\n|\n|t:|1700197336\n|switch|p1a: Landorus|Landorus-Therian, M|100\/100|[from] Flip Turn\n|move|p2a: Weezing|Defog|p1a: Landorus\n|-unboost|p1a: Landorus|evasion|1\n|-sideend|p2: little man skwovet|Stealth Rock|[from] move: Defog|[of] p2a: Weezing\n|\n|upkeep\n|turn|11\n|\n|t:|1700197341\n|move|p1a: Landorus|Earthquake|p2a: Weezing\n|-supereffective|p2a: Weezing\n|-damage|p2a: Weezing|0 fnt\n|faint|p2a: Weezing\n|-end|p2a: Weezing|ability: Neutralizing Gas\n|\n|upkeep\n|-message|little man skwovet forfeited.\n|\n|win|Speectrum\n|raw|Speectrum's rating: 1627 &rarr; <strong>1651<\/strong><br \/>(+24 for winning)\n|raw|little man skwovet's rating: 1698 &rarr; <strong>1674<\/strong><br \/>(-24 for losing)\n|l|\u2606little man skwovet\n","uploadtime":1700197349,"views":9,"p1id":"speectrum","p2id":"littlemanskwovet","formatid":"gen9ou","rating":1651,"private":0,"password":""}