{"id":"gen9ou-1991118377","p1":"Lardoh","p2":"Ctannn","format":"[Gen 9] OU","log":"|j|\u2606Lardoh\n|j|\u2606Ctannn\n|t:|1700045723\n|gametype|singles\n|player|p1|Lardoh|101|1747\n|player|p2|Ctannn|101|1772\n|teamsize|p1|6\n|teamsize|p2|6\n|gen|9\n|tier|[Gen 9] OU\n|rated|\n|rule|Sleep Clause Mod: Limit one foe put to sleep\n|rule|Species Clause: Limit one of each Pok\u00e9mon\n|rule|OHKO Clause: OHKO moves are banned\n|rule|Evasion Items Clause: Evasion items are banned\n|rule|Evasion Moves Clause: Evasion moves are banned\n|rule|Endless Battle Clause: Forcing endless battles is banned\n|rule|HP Percentage Mod: HP is shown in percentages\n|clearpoke\n|poke|p1|Iron Hands|\n|poke|p1|Mimikyu, M|\n|poke|p1|Hatterene, F|\n|poke|p1|Maushold|\n|poke|p1|Torkoal, F|\n|poke|p1|Hoopa-Unbound|\n|poke|p2|Kingambit, F|\n|poke|p2|Ribombee, M|\n|poke|p2|Gholdengo|\n|poke|p2|Dragapult, F|\n|poke|p2|Iron Moth|\n|poke|p2|Greninja-*, M|\n|teampreview\n|inactive|Battle timer is ON: inactive players will automatically lose when time's up. (requested by Lardoh)\n|j| anxietyridgeN\n|\n|t:|1700045739\n|start\n|switch|p1a: Mrs. Cooper|Hatterene, F, shiny|100\/100\n|switch|p2a: Dragapult|Dragapult, F|100\/100\n|turn|1\n|\n|t:|1700045751\n|move|p2a: Dragapult|U-turn|p1a: Mrs. Cooper\n|-damage|p1a: Mrs. Cooper|59\/100\n|\n|t:|1700045765\n|switch|p2a: Kingambit|Kingambit, F|100\/100|[from] U-turn\n|move|p1a: Mrs. Cooper|Trick Room|p1a: Mrs. Cooper\n|-fieldstart|move: Trick Room|[of] p1a: Mrs. Cooper\n|\n|upkeep\n|turn|2\n|l| anxietyridgeN\n|\n|t:|1700045785\n|-end|p2a: Kingambit|fallenundefined|[silent]\n|switch|p2a: Dragapult|Dragapult, F|100\/100\n|move|p1a: Mrs. Cooper|Healing Wish|p1a: Mrs. Cooper\n|faint|p1a: Mrs. Cooper\n|\n|upkeep\n|\n|t:|1700045788\n|switch|p1a: Young Shelldon|Torkoal, F|100\/100\n|-weather|SunnyDay|[from] ability: Drought|[of] p1a: Young Shelldon\n|turn|3\n|\n|t:|1700045796\n|-terastallize|p1a: Young Shelldon|Fire\n|move|p1a: Young Shelldon|Eruption|p2a: Dragapult\n|-resisted|p2a: Dragapult\n|-damage|p2a: Dragapult|0 fnt\n|faint|p2a: Dragapult\n|\n|-weather|SunnyDay|[upkeep]\n|upkeep\n|\n|t:|1700045798\n|switch|p2a: Iron Moth|Iron Moth|100\/100\n|turn|4\n|\n|t:|1700045803\n|move|p1a: Young Shelldon|Eruption|p2a: Iron Moth\n|-resisted|p2a: Iron Moth\n|-damage|p2a: Iron Moth|5\/100\n|move|p2a: Iron Moth|Sludge Wave|p1a: Young Shelldon\n|-damage|p1a: Young Shelldon|33\/100\n|\n|-weather|SunnyDay|[upkeep]\n|upkeep\n|turn|5\n|\n|t:|1700045812\n|-end|p2a: Iron Moth|Quark Drive|[silent]\n|switch|p2a: Ribombee|Ribombee, M|100\/100\n|move|p1a: Young Shelldon|Eruption|p2a: Ribombee\n|-supereffective|p2a: Ribombee\n|-enditem|p2a: Ribombee|Focus Sash\n|-damage|p2a: Ribombee|1\/100\n|\n|-weather|SunnyDay|[upkeep]\n|-fieldend|move: Trick Room\n|upkeep\n|turn|6\n|\n|t:|1700045820\n|switch|p1a: Georgie|Hoopa-Unbound|100\/100\n|move|p2a: Ribombee|Moonblast|p1a: Georgie\n|-supereffective|p1a: Georgie\n|-damage|p1a: Georgie|39\/100\n|\n|-weather|SunnyDay|[upkeep]\n|upkeep\n|turn|7\n|\n|t:|1700045831\n|move|p2a: Ribombee|Moonblast|p1a: Georgie\n|-supereffective|p1a: Georgie\n|-damage|p1a: Georgie|0 fnt\n|faint|p1a: Georgie\n|\n|-weather|none\n|upkeep\n|\n|t:|1700045832\n|switch|p1a: Meemawchu|Mimikyu, M|100\/100\n|turn|8\n|\n|t:|1700045835\n|move|p1a: Meemawchu|Shadow Sneak|p2a: Ribombee\n|-damage|p2a: Ribombee|0 fnt\n|faint|p2a: Ribombee\n|-damage|p1a: Meemawchu|91\/100|[from] item: Life Orb\n|\n|upkeep\n|\n|t:|1700045840\n|switch|p2a: Greninja|Greninja, M|100\/100\n|turn|9\n|\n|t:|1700045846\n|move|p2a: Greninja|Dark Pulse|p1a: Meemawchu\n|-activate|p1a: Meemawchu|ability: Disguise\n|-damage|p1a: Meemawchu|91\/100\n|detailschange|p1a: Meemawchu|Mimikyu-Busted, M\n|-damage|p1a: Meemawchu|78\/100|[from] pokemon: Mimikyu-Busted\n|move|p1a: Meemawchu|Play Rough|p2a: Greninja\n|-supereffective|p2a: Greninja\n|-damage|p2a: Greninja|0 fnt\n|faint|p2a: Greninja\n|-damage|p1a: Meemawchu|68\/100|[from] item: Life Orb\n|\n|upkeep\n|\n|t:|1700045861\n|switch|p2a: Gholdengo|Gholdengo|100\/100\n|-item|p2a: Gholdengo|Air Balloon\n|turn|10\n|\n|t:|1700045867\n|move|p1a: Meemawchu|Shadow Sneak|p2a: Gholdengo\n|-supereffective|p2a: Gholdengo\n|-damage|p2a: Gholdengo|48\/100\n|-enditem|p2a: Gholdengo|Air Balloon\n|-damage|p1a: Meemawchu|58\/100|[from] item: Life Orb\n|move|p2a: Gholdengo|Shadow Ball|p1a: Meemawchu\n|-supereffective|p1a: Meemawchu\n|-crit|p1a: Meemawchu\n|-damage|p1a: Meemawchu|0 fnt\n|faint|p1a: Meemawchu\n|\n|upkeep\n|\n|t:|1700045870\n|switch|p1a: FamWenSheldonIsOn|Maushold, shiny|100\/100\n|turn|11\n|\n|t:|1700045872\n|move|p1a: FamWenSheldonIsOn|Bite|p2a: Gholdengo\n|-supereffective|p2a: Gholdengo\n|-damage|p2a: Gholdengo|3\/100\n|cant|p2a: Gholdengo|flinch\n|\n|upkeep\n|turn|12\n|\n|t:|1700045877\n|move|p1a: FamWenSheldonIsOn|Bite|p2a: Gholdengo\n|-supereffective|p2a: Gholdengo\n|-damage|p2a: Gholdengo|0 fnt\n|faint|p2a: Gholdengo\n|\n|upkeep\n|\n|t:|1700045878\n|switch|p2a: Kingambit|Kingambit, F|100\/100\n|-activate|p2a: Kingambit|ability: Supreme Overlord\n|-start|p2a: Kingambit|fallen4|[silent]\n|turn|13\n|\n|t:|1700045886\n|switch|p1a: Mr.Cooper|Iron Hands|100\/100\n|move|p2a: Kingambit|Kowtow Cleave|p1a: Mr.Cooper\n|-resisted|p1a: Mr.Cooper\n|-damage|p1a: Mr.Cooper|72\/100\n|\n|upkeep\n|turn|14\n|\n|t:|1700045893\n|-end|p2a: Kingambit|fallen4|[silent]\n|switch|p2a: Iron Moth|Iron Moth|5\/100\n|move|p1a: Mr.Cooper|Drain Punch|p2a: Iron Moth\n|-resisted|p2a: Iron Moth\n|-damage|p2a: Iron Moth|0 fnt\n|-heal|p1a: Mr.Cooper|74\/100|[from] drain|[of] p2a: Iron Moth\n|faint|p2a: Iron Moth\n|-end|p2a: Iron Moth|Quark Drive|[silent]\n|\n|upkeep\n|\n|t:|1700045895\n|switch|p2a: Kingambit|Kingambit, F|100\/100\n|-activate|p2a: Kingambit|ability: Supreme Overlord\n|-start|p2a: Kingambit|fallen5|[silent]\n|turn|15\n|\n|t:|1700045901\n|-end|p1a: Mr.Cooper|Quark Drive|[silent]\n|switch|p1a: FamWenSheldonIsOn|Maushold, shiny|100\/100\n|-terastallize|p2a: Kingambit|Flying\n|move|p2a: Kingambit|Iron Head|p1a: FamWenSheldonIsOn\n|-damage|p1a: FamWenSheldonIsOn|0 fnt\n|faint|p1a: FamWenSheldonIsOn\n|\n|upkeep\n|\n|t:|1700045907\n|switch|p1a: Young Shelldon|Torkoal, F, tera:Fire|33\/100\n|-heal|p1a: Young Shelldon|100\/100|[from] move: Healing Wish\n|-weather|SunnyDay|[from] ability: Drought|[of] p1a: Young Shelldon\n|turn|16\n|\n|t:|1700045910\n|move|p2a: Kingambit|Iron Head|p1a: Young Shelldon\n|-resisted|p1a: Young Shelldon\n|-damage|p1a: Young Shelldon|63\/100\n|move|p1a: Young Shelldon|Flamethrower|p2a: Kingambit\n|-damage|p2a: Kingambit|0 fnt\n|faint|p2a: Kingambit\n|-end|p2a: Kingambit|fallen5|[silent]\n|\n|win|Lardoh\n|raw|Lardoh's rating: 1747 &rarr; <strong>1768<\/strong><br \/>(+21 for winning)\n|raw|Ctannn's rating: 1772 &rarr; <strong>1751<\/strong><br \/>(-21 for losing)\n|l|\u2606Ctannn\n|l|\u2606Lardoh\n","uploadtime":1700045920,"views":4,"p1id":"lardoh","p2id":"ctannn","formatid":"gen9ou","rating":1751,"private":0,"password":""}