{"id":"gen9ou-1993026360","p1":"donkkut","p2":"electro1349","format":"[Gen 9] OU","log":"|j|\u2606donkkut\n|j|\u2606electro1349\n|t:|1700256770\n|gametype|singles\n|player|p1|donkkut|ballguy|1462\n|player|p2|electro1349|1|1597\n|teamsize|p1|6\n|teamsize|p2|6\n|gen|9\n|tier|[Gen 9] OU\n|rated|\n|rule|Sleep Clause Mod: Limit one foe put to sleep\n|rule|Species Clause: Limit one of each Pok\u00e9mon\n|rule|OHKO Clause: OHKO moves are banned\n|rule|Evasion Items Clause: Evasion items are banned\n|rule|Evasion Moves Clause: Evasion moves are banned\n|rule|Endless Battle Clause: Forcing endless battles is banned\n|rule|HP Percentage Mod: HP is shown in percentages\n|clearpoke\n|poke|p1|Cresselia, F|\n|poke|p1|Slowking-Galar, M|\n|poke|p1|Hatterene, F|\n|poke|p1|Ursaluna, M|\n|poke|p1|Iron Hands|\n|poke|p1|Kingambit, M|\n|poke|p2|Kingambit, F|\n|poke|p2|Great Tusk|\n|poke|p2|Dragapult, M|\n|poke|p2|Ogerpon-Wellspring, F|\n|poke|p2|Blissey, F|\n|poke|p2|Zapdos|\n|teampreview\n|inactive|Battle timer is ON: inactive players will automatically lose when time's up. (requested by donkkut)\n|\n|t:|1700256798\n|start\n|switch|p1a: Hatterene|Hatterene, F|100\/100\n|switch|p2a: Dragapult|Dragapult, M|100\/100\n|turn|1\n|\n|t:|1700256806\n|move|p2a: Dragapult|U-turn|p1a: Hatterene\n|-damage|p1a: Hatterene|86\/100\n|\n|t:|1700256811\n|switch|p2a: Blissey|Blissey, F|100\/100|[from] U-turn\n|move|p1a: Hatterene|Trick Room|p1a: Hatterene\n|-fieldstart|move: Trick Room|[of] p1a: Hatterene\n|\n|upkeep\n|turn|2\n|\n|t:|1700256817\n|switch|p1a: Ursaluna|Ursaluna, M|100\/100\n|move|p2a: Blissey|Stealth Rock|p1a: Ursaluna\n|-sidestart|p1: donkkut|move: Stealth Rock\n|\n|-status|p1a: Ursaluna|brn|[from] item: Flame Orb\n|upkeep\n|turn|3\n|\n|t:|1700256824\n|switch|p2a: Great Tusk|Great Tusk|100\/100\n|move|p1a: Ursaluna|Substitute|p1a: Ursaluna\n|-start|p1a: Ursaluna|Substitute\n|-damage|p1a: Ursaluna|76\/100 brn\n|\n|-damage|p1a: Ursaluna|70\/100 brn|[from] brn\n|upkeep\n|turn|4\n|\n|t:|1700256833\n|move|p1a: Ursaluna|Facade|p2a: Great Tusk\n|-damage|p2a: Great Tusk|24\/100\n|move|p2a: Great Tusk|Bulk Up|p2a: Great Tusk\n|-boost|p2a: Great Tusk|atk|1\n|-boost|p2a: Great Tusk|def|1\n|\n|-heal|p2a: Great Tusk|30\/100|[from] item: Leftovers\n|-damage|p1a: Ursaluna|64\/100 brn|[from] brn\n|upkeep\n|turn|5\n|\n|t:|1700256861\n|move|p1a: Ursaluna|Headlong Rush|p2a: Great Tusk\n|-damage|p2a: Great Tusk|0 fnt\n|-unboost|p1a: Ursaluna|def|1\n|-unboost|p1a: Ursaluna|spd|1\n|faint|p2a: Great Tusk\n|-end|p2a: Great Tusk|Protosynthesis|[silent]\n|\n|-damage|p1a: Ursaluna|58\/100 brn|[from] brn\n|-fieldend|move: Trick Room\n|upkeep\n|inactive|electro1349 has 120 seconds left.\n|\n|t:|1700256874\n|switch|p2a: Zapdos|Zapdos|100\/100\n|turn|6\n|\n|t:|1700256878\n|move|p2a: Zapdos|Hurricane|p1a: Ursaluna\n|-end|p1a: Ursaluna|Substitute\n|move|p1a: Ursaluna|Facade|p2a: Zapdos\n|-damage|p2a: Zapdos|0 fnt\n|faint|p2a: Zapdos\n|\n|-damage|p1a: Ursaluna|51\/100 brn|[from] brn\n|upkeep\n|\n|t:|1700256889\n|switch|p2a: Ogerpon|Ogerpon-Wellspring, F|100\/100\n|turn|7\n|\n|t:|1700256895\n|switch|p1a: Cresselia|Cresselia, F|100\/100\n|-damage|p1a: Cresselia|88\/100|[from] Stealth Rock\n|move|p2a: Ogerpon|Ivy Cudgel|p1a: Cresselia|[anim] Ivy Cudgel Water\n|-damage|p1a: Cresselia|58\/100\n|\n|upkeep\n|turn|8\n|\n|t:|1700256905\n|move|p2a: Ogerpon|U-turn|p1a: Cresselia\n|-supereffective|p1a: Cresselia\n|-damage|p1a: Cresselia|27\/100\n|\n|t:|1700256921\n|switch|p2a: Kingambit|Kingambit, F|100\/100|[from] U-turn\n|-activate|p2a: Kingambit|ability: Supreme Overlord\n|-start|p2a: Kingambit|fallen2|[silent]\n|move|p1a: Cresselia|Trick Room|p1a: Cresselia\n|-fieldstart|move: Trick Room|[of] p1a: Cresselia\n|\n|upkeep\n|turn|9\n|\n|t:|1700256937\n|switch|p1a: Iron Hands|Iron Hands|100\/100\n|-damage|p1a: Iron Hands|94\/100|[from] Stealth Rock\n|-enditem|p1a: Iron Hands|Booster Energy\n|-activate|p1a: Iron Hands|ability: Quark Drive|[fromitem]\n|-start|p1a: Iron Hands|quarkdriveatk\n|move|p2a: Kingambit|Kowtow Cleave|p1a: Iron Hands\n|-resisted|p1a: Iron Hands\n|-damage|p1a: Iron Hands|74\/100\n|\n|upkeep\n|turn|10\n|inactive|electro1349 has 120 seconds left.\n|\n|t:|1700256953\n|-end|p2a: Kingambit|fallen2|[silent]\n|switch|p2a: Blissey|Blissey, F|100\/100\n|move|p1a: Iron Hands|Drain Punch|p2a: Blissey\n|-supereffective|p2a: Blissey\n|-damage|p2a: Blissey|0 fnt\n|-heal|p1a: Iron Hands|100\/100|[from] drain|[of] p2a: Blissey\n|faint|p2a: Blissey\n|\n|upkeep\n|inactive|electro1349 has 120 seconds left.\n|\n|t:|1700256958\n|switch|p2a: Ogerpon|Ogerpon-Wellspring, F|100\/100\n|turn|11\n|\n|t:|1700256967\n|move|p1a: Iron Hands|Swords Dance|p1a: Iron Hands\n|-boost|p1a: Iron Hands|atk|2\n|move|p2a: Ogerpon|Ivy Cudgel|p1a: Iron Hands|[anim] Ivy Cudgel Water\n|-crit|p1a: Iron Hands\n|-damage|p1a: Iron Hands|40\/100\n|\n|upkeep\n|turn|12\n|\n|t:|1700256975\n|move|p1a: Iron Hands|Drain Punch|p2a: Ogerpon\n|-damage|p2a: Ogerpon|0 fnt\n|-heal|p1a: Iron Hands|72\/100|[from] drain|[of] p2a: Ogerpon\n|faint|p2a: Ogerpon\n|\n|-fieldend|move: Trick Room\n|upkeep\n|\n|t:|1700256980\n|switch|p2a: Dragapult|Dragapult, M|100\/100\n|turn|13\n|\n|t:|1700256984\n|move|p2a: Dragapult|Draco Meteor|p1a: Iron Hands\n|-damage|p1a: Iron Hands|3\/100\n|-unboost|p2a: Dragapult|spa|2\n|move|p1a: Iron Hands|Ice Punch|p2a: Dragapult\n|-supereffective|p2a: Dragapult\n|-damage|p2a: Dragapult|0 fnt\n|faint|p2a: Dragapult\n|\n|upkeep\n|\n|t:|1700256991\n|switch|p2a: Kingambit|Kingambit, F|100\/100\n|-activate|p2a: Kingambit|ability: Supreme Overlord\n|-start|p2a: Kingambit|fallen5|[silent]\n|turn|14\n|\n|t:|1700256997\n|-end|p1a: Iron Hands|Quark Drive|[silent]\n|switch|p1a: Cresselia|Cresselia, F|27\/100\n|-damage|p1a: Cresselia|15\/100|[from] Stealth Rock\n|move|p2a: Kingambit|Kowtow Cleave|p1a: Cresselia\n|-supereffective|p1a: Cresselia\n|-damage|p1a: Cresselia|0 fnt\n|faint|p1a: Cresselia\n|\n|upkeep\n|\n|t:|1700257001\n|switch|p1a: Hatterene|Hatterene, F|86\/100\n|-damage|p1a: Hatterene|74\/100|[from] Stealth Rock\n|turn|15\n|\n|t:|1700257008\n|-terastallize|p2a: Kingambit|Dark\n|-terastallize|p1a: Hatterene|Steel\n|move|p2a: Kingambit|Kowtow Cleave|p1a: Hatterene\n|-damage|p1a: Hatterene|0 fnt\n|faint|p1a: Hatterene\n|\n|upkeep\n|\n|t:|1700257024\n|switch|p1a: Ursaluna|Ursaluna, M|51\/100 brn\n|-damage|p1a: Ursaluna|45\/100 brn|[from] Stealth Rock\n|turn|16\n|\n|t:|1700257029\n|move|p2a: Kingambit|Kowtow Cleave|p1a: Ursaluna\n|-damage|p1a: Ursaluna|0 fnt\n|faint|p1a: Ursaluna\n|\n|upkeep\n|\n|t:|1700257034\n|switch|p1a: Slowking|Slowking-Galar, M|100\/100\n|-damage|p1a: Slowking|88\/100|[from] Stealth Rock\n|turn|17\n|\n|t:|1700257039\n|move|p2a: Kingambit|Kowtow Cleave|p1a: Slowking\n|-supereffective|p1a: Slowking\n|-damage|p1a: Slowking|0 fnt\n|faint|p1a: Slowking\n|\n|upkeep\n|\n|t:|1700257042\n|switch|p1a: Iron Hands|Iron Hands|3\/100\n|-damage|p1a: Iron Hands|0 fnt|[from] Stealth Rock\n|faint|p1a: Iron Hands\n|-end|p1a: Iron Hands|Quark Drive|[silent]\n|\n|t:|1700257045\n|switch|p1a: Kingambit|Kingambit, M|100\/100\n|-damage|p1a: Kingambit|94\/100|[from] Stealth Rock\n|-activate|p1a: Kingambit|ability: Supreme Overlord\n|-start|p1a: Kingambit|fallen5|[silent]\n|turn|18\n|inactive|electro1349 has 120 seconds left.\n|inactive|electro1349 has 90 seconds left.\n|\n|t:|1700257118\n|move|p2a: Kingambit|Iron Head|p1a: Kingambit\n|-resisted|p1a: Kingambit\n|-damage|p1a: Kingambit|67\/100\n|cant|p1a: Kingambit|flinch\n|\n|upkeep\n|turn|19\n|\n|t:|1700257123\n|move|p2a: Kingambit|Iron Head|p1a: Kingambit\n|-resisted|p1a: Kingambit\n|-damage|p1a: Kingambit|40\/100\n|move|p1a: Kingambit|Iron Head|p2a: Kingambit\n|-damage|p2a: Kingambit|46\/100\n|\n|upkeep\n|turn|20\n|inactive|electro1349 has 90 seconds left.\n|\n|t:|1700257140\n|move|p2a: Kingambit|Kowtow Cleave|p1a: Kingambit\n|-resisted|p1a: Kingambit\n|-damage|p1a: Kingambit|1\/100\n|move|p1a: Kingambit|Iron Head|p2a: Kingambit\n|-damage|p2a: Kingambit|0 fnt\n|faint|p2a: Kingambit\n|-end|p2a: Kingambit|fallen5|[silent]\n|\n|win|donkkut\n|raw|donkkut's rating: 1462 &rarr; <strong>1489<\/strong><br \/>(+27 for winning)\n|raw|electro1349's rating: 1597 &rarr; <strong>1570<\/strong><br \/>(-27 for losing)\n|l|\u2606electro1349\n","uploadtime":1700257159,"views":12,"p1id":"donkkut","p2id":"electro1349","formatid":"gen9ou","rating":1489,"private":0,"password":""}