{"id":"gen9ou-1988629856","p1":"Dont Levi leak","p2":"WARIOROFLIBERATION","format":"[Gen 9] OU","log":"|j|\u2606Dont Levi leak\n|j|\u2606WARIOROFLIBERATION\n|t:|1699743898\n|gametype|singles\n|player|p1|Dont Levi leak|170|1000\n|player|p2|WARIOROFLIBERATION|red-gen2|1082\n|teamsize|p1|6\n|teamsize|p2|6\n|gen|9\n|tier|[Gen 9] OU\n|rated|\n|rule|Sleep Clause Mod: Limit one foe put to sleep\n|rule|Species Clause: Limit one of each Pok\u00e9mon\n|rule|OHKO Clause: OHKO moves are banned\n|rule|Evasion Items Clause: Evasion items are banned\n|rule|Evasion Moves Clause: Evasion moves are banned\n|rule|Endless Battle Clause: Forcing endless battles is banned\n|rule|HP Percentage Mod: HP is shown in percentages\n|clearpoke\n|poke|p1|Rillaboom, F|\n|poke|p1|Heatran, M|\n|poke|p1|Kingambit, F|\n|poke|p1|Toxapex, F|\n|poke|p1|Corviknight, F|\n|poke|p1|Thundurus-Therian, M|\n|poke|p2|Cresselia, F|\n|poke|p2|Hatterene, F|\n|poke|p2|Sinistcha-Masterpiece|\n|poke|p2|Ursaluna, M|\n|poke|p2|Hoopa-Unbound|\n|poke|p2|Azumarill, M|\n|teampreview\n|inactive|Battle timer is ON: inactive players will automatically lose when time's up. (requested by Dont Levi leak)\n|\n|t:|1699743957\n|start\n|switch|p1a: Rillaboom|Rillaboom, F|100\/100\n|switch|p2a: Hatterene|Hatterene, F, shiny|100\/100\n|-fieldstart|move: Grassy Terrain|[from] ability: Grassy Surge|[of] p1a: Rillaboom\n|turn|1\n|\n|t:|1699743966\n|move|p1a: Rillaboom|U-turn|p2a: Hatterene\n|-damage|p2a: Hatterene|65\/100\n|\n|t:|1699743970\n|switch|p1a: Heatran|Heatran, M|100\/100|[from] U-turn\n|move|p2a: Hatterene|Trick Room|p2a: Hatterene\n|-fieldstart|move: Trick Room|[of] p2a: Hatterene\n|\n|-heal|p2a: Hatterene|71\/100|[from] Grassy Terrain\n|upkeep\n|turn|2\n|\n|t:|1699743981\n|move|p2a: Hatterene|Healing Wish|p2a: Hatterene\n|faint|p2a: Hatterene\n|move|p1a: Heatran|Magma Storm|p2: Hatterene|[notarget]\n|-fail|p1a: Heatran\n|\n|upkeep\n|inactive|WARIOROFLIBERATION has 120 seconds left.\n|\n|t:|1699744008\n|switch|p2a: Azumarill|Azumarill, M|100\/100\n|turn|3\n|\n|t:|1699744011\n|switch|p1a: Toxapex|Toxapex, F|100\/100\n|move|p2a: Azumarill|Belly Drum|p2a: Azumarill\n|-damage|p2a: Azumarill|50\/100\n|-setboost|p2a: Azumarill|atk|6|[from] move: Belly Drum\n|-enditem|p2a: Azumarill|Sitrus Berry|[eat]\n|-heal|p2a: Azumarill|75\/100|[from] item: Sitrus Berry\n|\n|-heal|p2a: Azumarill|82\/100|[from] Grassy Terrain\n|upkeep\n|turn|4\n|\n|t:|1699744014\n|move|p2a: Azumarill|Knock Off|p1a: Toxapex\n|-damage|p1a: Toxapex|0 fnt\n|-enditem|p1a: Toxapex|Leftovers|[from] move: Knock Off|[of] p2a: Azumarill\n|faint|p1a: Toxapex\n|\n|-heal|p2a: Azumarill|88\/100|[from] Grassy Terrain\n|upkeep\n|\n|t:|1699744022\n|switch|p1a: Rillaboom|Rillaboom, F|100\/100\n|turn|5\n|\n|t:|1699744033\n|-terastallize|p2a: Azumarill|Steel\n|move|p1a: Rillaboom|Grassy Glide|p2a: Azumarill\n|-resisted|p2a: Azumarill\n|-damage|p2a: Azumarill|55\/100\n|move|p2a: Azumarill|Knock Off|p1a: Rillaboom\n|-damage|p1a: Rillaboom|0 fnt\n|-enditem|p1a: Rillaboom|Choice Band|[from] move: Knock Off|[of] p2a: Azumarill\n|faint|p1a: Rillaboom\n|\n|-heal|p2a: Azumarill|62\/100|[from] Grassy Terrain\n|-fieldend|move: Trick Room\n|-fieldend|move: Grassy Terrain\n|upkeep\n|-message|Dont Levi leak forfeited.\n|\n|win|WARIOROFLIBERATION\n|raw|Dont Levi leak's rating: 1000 &rarr; <strong>1000<\/strong><br \/>(+0 for losing)\n|raw|WARIOROFLIBERATION's rating: 1082 &rarr; <strong>1103<\/strong><br \/>(+21 for winning)\n|l|\u2606Dont Levi leak\n","uploadtime":1699744061,"views":10,"p1id":"dontlevileak","p2id":"wariorofliberation","formatid":"gen9ou","rating":1000,"private":0,"password":""}