{"id":"gen9ou-1992968765","p1":"Kantonian Ash","p2":"LOve4RussIA","format":"[Gen 9] OU","log":"|j|\u2606Kantonian Ash\n|j|\u2606LOve4RussIA\n|t:|1700251256\n|gametype|singles\n|player|p1|Kantonian Ash|misty|1322\n|player|p2|LOve4RussIA|1|1314\n|teamsize|p1|6\n|teamsize|p2|6\n|gen|9\n|tier|[Gen 9] OU\n|rated|\n|rule|Sleep Clause Mod: Limit one foe put to sleep\n|rule|Species Clause: Limit one of each Pok\u00e9mon\n|rule|OHKO Clause: OHKO moves are banned\n|rule|Evasion Items Clause: Evasion items are banned\n|rule|Evasion Moves Clause: Evasion moves are banned\n|rule|Endless Battle Clause: Forcing endless battles is banned\n|rule|HP Percentage Mod: HP is shown in percentages\n|clearpoke\n|poke|p1|Sneasler, M|\n|poke|p1|Zapdos|\n|poke|p1|Decidueye-Hisui, M|\n|poke|p1|Ceruledge, M|\n|poke|p1|Walking Wake|\n|poke|p1|Great Tusk|\n|poke|p2|Blissey, F|\n|poke|p2|Kleavor, F|\n|poke|p2|Milotic, M|\n|poke|p2|Amoonguss, M|\n|poke|p2|Kingambit, F|\n|poke|p2|Tauros-Paldea-Blaze, M|\n|teampreview\n|inactive|Battle timer is ON: inactive players will automatically lose when time's up. (requested by Kantonian Ash)\n|\n|t:|1700251265\n|start\n|switch|p1a: Ceruledge|Ceruledge, M|100\/100\n|switch|p2a: Kleavor|Kleavor, F|100\/100\n|turn|1\n|\n|t:|1700251281\n|switch|p1a: Great Tusk|Great Tusk|100\/100\n|move|p2a: Kleavor|Agility|p2a: Kleavor\n|-boost|p2a: Kleavor|spe|2\n|\n|upkeep\n|turn|2\n|\n|t:|1700251302\n|switch|p2a: Amoonguss|Amoonguss, M|100\/100\n|move|p1a: Great Tusk|Knock Off|p2a: Amoonguss\n|-damage|p2a: Amoonguss|76\/100\n|-damage|p1a: Great Tusk|84\/100|[from] item: Rocky Helmet|[of] p2a: Amoonguss\n|-enditem|p2a: Amoonguss|Rocky Helmet|[from] move: Knock Off|[of] p1a: Great Tusk\n|\n|upkeep\n|turn|3\n|\n|t:|1700251317\n|-end|p1a: Great Tusk|Protosynthesis|[silent]\n|switch|p1a: Zapdos|Zapdos|100\/100\n|-ability|p1a: Zapdos|Pressure\n|move|p2a: Amoonguss|Sludge Bomb|p1a: Zapdos\n|-damage|p1a: Zapdos|75\/100\n|\n|upkeep\n|turn|4\n|\n|t:|1700251325\n|switch|p2a: Blissey|Blissey, F|100\/100\n|move|p1a: Zapdos|Hurricane|p2a: Blissey\n|-damage|p2a: Blissey|76\/100\n|\n|-heal|p2a: Blissey|82\/100|[from] item: Leftovers\n|upkeep\n|turn|5\n|\n|t:|1700251341\n|switch|p1a: Sneasler|Sneasler, M|100\/100\n|move|p2a: Blissey|Ice Beam|p1a: Sneasler\n|-damage|p1a: Sneasler|70\/100\n|\n|-heal|p2a: Blissey|88\/100|[from] item: Leftovers\n|upkeep\n|turn|6\n|\n|t:|1700251351\n|switch|p2a: Amoonguss|Amoonguss, M|100\/100\n|move|p1a: Sneasler|Swords Dance|p1a: Sneasler\n|-boost|p1a: Sneasler|atk|2\n|\n|upkeep\n|turn|7\n|\n|t:|1700251362\n|move|p1a: Sneasler|Dire Claw|p2a: Amoonguss\n|-damage|p2a: Amoonguss|40\/100\n|move|p2a: Amoonguss|Spore|p1a: Sneasler\n|-status|p1a: Sneasler|slp|[from] move: Spore\n|\n|upkeep\n|turn|8\n|\n|t:|1700251370\n|cant|p1a: Sneasler|slp\n|move|p2a: Amoonguss|Foul Play|p1a: Sneasler\n|-resisted|p1a: Sneasler\n|-damage|p1a: Sneasler|10\/100 slp\n|\n|upkeep\n|turn|9\n|\n|t:|1700251381\n|switch|p1a: Walking Wake|Walking Wake|100\/100\n|move|p2a: Amoonguss|Foul Play|p1a: Walking Wake\n|-damage|p1a: Walking Wake|85\/100\n|\n|-heal|p1a: Walking Wake|91\/100|[from] item: Leftovers\n|upkeep\n|turn|10\n|\n|t:|1700251392\n|-end|p1a: Walking Wake|Protosynthesis|[silent]\n|switch|p1a: Ceruledge|Ceruledge, M|100\/100\n|switch|p2a: Blissey|Blissey, F|88\/100\n|\n|-heal|p2a: Blissey|95\/100|[from] item: Leftovers\n|upkeep\n|turn|11\n|\n|t:|1700251402\n|switch|p2a: Tauros|Tauros-Paldea-Blaze, M|100\/100\n|-ability|p2a: Tauros|Intimidate|boost\n|-unboost|p1a: Ceruledge|atk|1\n|move|p1a: Ceruledge|Flame Charge|p2a: Tauros\n|-resisted|p2a: Tauros\n|-damage|p2a: Tauros|90\/100\n|-boost|p1a: Ceruledge|spe|1\n|\n|upkeep\n|turn|12\n|\n|t:|1700251414\n|move|p1a: Ceruledge|Swords Dance|p1a: Ceruledge\n|-boost|p1a: Ceruledge|atk|2\n|move|p2a: Tauros|Bulk Up|p2a: Tauros\n|-boost|p2a: Tauros|atk|1\n|-boost|p2a: Tauros|def|1\n|\n|upkeep\n|turn|13\n|\n|t:|1700251425\n|move|p1a: Ceruledge|Shadow Claw|p2a: Tauros\n|-damage|p2a: Tauros|44\/100\n|move|p2a: Tauros|Earthquake|p1a: Ceruledge\n|-supereffective|p1a: Ceruledge\n|-damage|p1a: Ceruledge|0 fnt\n|faint|p1a: Ceruledge\n|\n|upkeep\n|\n|t:|1700251436\n|switch|p1a: Great Tusk|Great Tusk|84\/100\n|turn|14\n|\n|t:|1700251447\n|move|p2a: Tauros|Flare Blitz|p1a: Great Tusk\n|-damage|p1a: Great Tusk|24\/100\n|-damage|p2a: Tauros|19\/100|[from] Recoil\n|move|p1a: Great Tusk|Headlong Rush|p2a: Tauros\n|-supereffective|p2a: Tauros\n|-damage|p2a: Tauros|0 fnt\n|-unboost|p1a: Great Tusk|def|1\n|-unboost|p1a: Great Tusk|spd|1\n|faint|p2a: Tauros\n|\n|upkeep\n|\n|t:|1700251462\n|switch|p2a: Kleavor|Kleavor, F|100\/100\n|turn|15\n|\n|t:|1700251484\n|move|p1a: Great Tusk|Close Combat|p2a: Kleavor\n|-damage|p2a: Kleavor|23\/100\n|-unboost|p1a: Great Tusk|def|1\n|-unboost|p1a: Great Tusk|spd|1\n|move|p2a: Kleavor|Agility|p2a: Kleavor\n|-boost|p2a: Kleavor|spe|2\n|\n|upkeep\n|turn|16\n|\n|t:|1700251497\n|move|p2a: Kleavor|Close Combat|p1a: Great Tusk\n|-damage|p1a: Great Tusk|0 fnt\n|-unboost|p2a: Kleavor|def|1\n|-unboost|p2a: Kleavor|spd|1\n|faint|p1a: Great Tusk\n|-end|p1a: Great Tusk|Protosynthesis|[silent]\n|\n|upkeep\n|\n|t:|1700251505\n|switch|p1a: Decidueye|Decidueye-Hisui, M, shiny|100\/100\n|turn|17\n|\n|t:|1700251513\n|move|p2a: Kleavor|Stone Axe|p1a: Decidueye\n|-resisted|p1a: Decidueye\n|-damage|p1a: Decidueye|68\/100\n|-sidestart|p1: Kantonian Ash|move: Stealth Rock\n|move|p1a: Decidueye|Bulk Up|p1a: Decidueye\n|-boost|p1a: Decidueye|atk|1\n|-boost|p1a: Decidueye|def|1\n|\n|upkeep\n|turn|18\n|\n|t:|1700251526\n|move|p2a: Kleavor|Close Combat|p1a: Decidueye\n|-damage|p1a: Decidueye|35\/100\n|-unboost|p2a: Kleavor|def|1\n|-unboost|p2a: Kleavor|spd|1\n|move|p1a: Decidueye|Bulk Up|p1a: Decidueye\n|-boost|p1a: Decidueye|atk|1\n|-boost|p1a: Decidueye|def|1\n|\n|upkeep\n|turn|19\n|\n|t:|1700251535\n|move|p2a: Kleavor|Close Combat|p1a: Decidueye\n|-damage|p1a: Decidueye|8\/100\n|-unboost|p2a: Kleavor|def|1\n|-unboost|p2a: Kleavor|spd|1\n|move|p1a: Decidueye|Roost|p1a: Decidueye\n|-heal|p1a: Decidueye|58\/100\n|-singleturn|p1a: Decidueye|move: Roost\n|\n|upkeep\n|turn|20\n|\n|t:|1700251543\n|move|p2a: Kleavor|Close Combat|p1a: Decidueye\n|-damage|p1a: Decidueye|33\/100\n|-unboost|p2a: Kleavor|def|1\n|-unboost|p2a: Kleavor|spd|1\n|move|p1a: Decidueye|Roost|p1a: Decidueye\n|-heal|p1a: Decidueye|83\/100\n|-singleturn|p1a: Decidueye|move: Roost\n|\n|upkeep\n|turn|21\n|\n|t:|1700251551\n|move|p2a: Kleavor|Close Combat|p1a: Decidueye\n|-damage|p1a: Decidueye|58\/100\n|-unboost|p2a: Kleavor|def|1\n|-unboost|p2a: Kleavor|spd|1\n|move|p1a: Decidueye|Bulk Up|p1a: Decidueye\n|-boost|p1a: Decidueye|atk|1\n|-boost|p1a: Decidueye|def|1\n|\n|upkeep\n|turn|22\n|\n|t:|1700251564\n|switch|p2a: Amoonguss|Amoonguss, M|73\/100\n|move|p1a: Decidueye|Roost|p1a: Decidueye\n|-heal|p1a: Decidueye|100\/100\n|-singleturn|p1a: Decidueye|move: Roost\n|\n|upkeep\n|turn|23\n|\n|t:|1700251597\n|move|p1a: Decidueye|Triple Arrows|p2a: Amoonguss\n|-resisted|p2a: Amoonguss\n|-damage|p2a: Amoonguss|45\/100\n|-unboost|p2a: Amoonguss|def|1\n|cant|p2a: Amoonguss|flinch\n|\n|upkeep\n|turn|24\n|\n|t:|1700251609\n|switch|p2a: Kleavor|Kleavor, F|23\/100\n|move|p1a: Decidueye|Triple Arrows|p2a: Kleavor\n|-damage|p2a: Kleavor|0 fnt\n|faint|p2a: Kleavor\n|\n|upkeep\n|\n|t:|1700251615\n|switch|p2a: Amoonguss|Amoonguss, M|79\/100\n|turn|25\n|\n|t:|1700251618\n|move|p1a: Decidueye|Triple Arrows|p2a: Amoonguss\n|-resisted|p2a: Amoonguss\n|-damage|p2a: Amoonguss|49\/100\n|-unboost|p2a: Amoonguss|def|1\n|move|p2a: Amoonguss|Sludge Bomb|p1a: Decidueye\n|-supereffective|p1a: Decidueye\n|-damage|p1a: Decidueye|65\/100\n|-enditem|p1a: Decidueye|Weakness Policy\n|-boost|p1a: Decidueye|atk|2|[from] item: Weakness Policy\n|-boost|p1a: Decidueye|spa|2|[from] item: Weakness Policy\n|\n|upkeep\n|turn|26\n|\n|t:|1700251638\n|switch|p2a: Kingambit|Kingambit, F|100\/100\n|-activate|p2a: Kingambit|ability: Supreme Overlord\n|-start|p2a: Kingambit|fallen2|[silent]\n|-item|p2a: Kingambit|Air Balloon\n|move|p1a: Decidueye|Triple Arrows|p2a: Kingambit\n|-supereffective|p2a: Kingambit\n|-damage|p2a: Kingambit|0 fnt\n|-enditem|p2a: Kingambit|Air Balloon\n|faint|p2a: Kingambit\n|-end|p2a: Kingambit|fallen2|[silent]\n|\n|upkeep\n|\n|t:|1700251650\n|switch|p2a: Amoonguss|Amoonguss, M|82\/100\n|turn|27\n|\n|t:|1700251657\n|-terastallize|p1a: Decidueye|Steel\n|move|p1a: Decidueye|Triple Arrows|p2a: Amoonguss\n|-resisted|p2a: Amoonguss\n|-damage|p2a: Amoonguss|38\/100\n|move|p2a: Amoonguss|Sludge Bomb|p1a: Decidueye\n|-immune|p1a: Decidueye\n|\n|upkeep\n|turn|28\n|\n|t:|1700251666\n|move|p1a: Decidueye|Triple Arrows|p2a: Amoonguss\n|-resisted|p2a: Amoonguss\n|-damage|p2a: Amoonguss|0 fnt\n|faint|p2a: Amoonguss\n|\n|upkeep\n|\n|t:|1700251670\n|switch|p2a: Milotic|Milotic, M|100\/100\n|turn|29\n|\n|t:|1700251675\n|move|p2a: Milotic|Haze|p2a: Milotic\n|-clearallboost\n|move|p1a: Decidueye|Trailblaze|p2a: Milotic\n|-supereffective|p2a: Milotic\n|-damage|p2a: Milotic|75\/100\n|-boost|p1a: Decidueye|spe|1\n|\n|-heal|p2a: Milotic|81\/100|[from] item: Leftovers\n|upkeep\n|turn|30\n|\n|t:|1700251686\n|move|p1a: Decidueye|Triple Arrows|p2a: Milotic\n|-damage|p2a: Milotic|58\/100\n|-unboost|p2a: Milotic|def|1\n|move|p2a: Milotic|Scald|p1a: Decidueye\n|-damage|p1a: Decidueye|45\/100\n|\n|-heal|p2a: Milotic|64\/100|[from] item: Leftovers\n|upkeep\n|turn|31\n|\n|t:|1700251696\n|move|p1a: Decidueye|Triple Arrows|p2a: Milotic\n|-damage|p2a: Milotic|23\/100\n|-unboost|p2a: Milotic|def|1\n|move|p2a: Milotic|Recover|p2a: Milotic\n|-heal|p2a: Milotic|73\/100\n|\n|-heal|p2a: Milotic|79\/100|[from] item: Leftovers\n|upkeep\n|turn|32\n|\n|t:|1700251706\n|move|p1a: Decidueye|Triple Arrows|p2a: Milotic\n|-damage|p2a: Milotic|30\/100\n|move|p2a: Milotic|Scald|p1a: Decidueye\n|-damage|p1a: Decidueye|27\/100\n|\n|-heal|p2a: Milotic|37\/100|[from] item: Leftovers\n|upkeep\n|turn|33\n|\n|t:|1700251714\n|move|p1a: Decidueye|Triple Arrows|p2a: Milotic\n|-damage|p2a: Milotic|0 fnt\n|faint|p2a: Milotic\n|\n|upkeep\n|c|\u2606LOve4RussIA|what is this thing\n|c|\u2606LOve4RussIA|and what is triple arrow\n|-message|LOve4RussIA forfeited.\n|\n|win|Kantonian Ash\n|raw|Kantonian Ash's rating: 1322 &rarr; <strong>1342<\/strong><br \/>(+20 for winning)\n|raw|LOve4RussIA's rating: 1314 &rarr; <strong>1294<\/strong><br \/>(-20 for losing)\n|l|\u2606LOve4RussIA\n|c|\u2606Kantonian Ash|haha gg\n|l|\u2606Kantonian Ash\n|j|\u2606Kantonian Ash\n|player|p1|Kantonian Ash|misty\n","uploadtime":1700251743,"views":14,"p1id":"kantonianash","p2id":"love4russia","formatid":"gen9ou","rating":1294,"private":0,"password":""}