{"id":"gen9ou-1995118713","p1":"Vanhomin","p2":"Ashcatchhoe","format":"[Gen 9] OU","log":"|j|\u2606Vanhomin\n|j|\u2606Ashcatchhoe\n|t:|1700524612\n|gametype|singles\n|player|p1|Vanhomin|scientist-gen4|1397\n|player|p2|Ashcatchhoe|101|1295\n|teamsize|p1|6\n|teamsize|p2|6\n|gen|9\n|tier|[Gen 9] OU\n|rated|\n|rule|Sleep Clause Mod: Limit one foe put to sleep\n|rule|Species Clause: Limit one of each Pok\u00e9mon\n|rule|OHKO Clause: OHKO moves are banned\n|rule|Evasion Items Clause: Evasion items are banned\n|rule|Evasion Moves Clause: Evasion moves are banned\n|rule|Endless Battle Clause: Forcing endless battles is banned\n|rule|HP Percentage Mod: HP is shown in percentages\n|clearpoke\n|poke|p1|Zapdos|\n|poke|p1|Glimmora, M|\n|poke|p1|Garganacl, M|\n|poke|p1|Kommo-o, M|\n|poke|p1|Toxapex, F|\n|poke|p1|Ditto|\n|poke|p2|Zamazenta-*|\n|poke|p2|Dragonite, M|\n|poke|p2|Garganacl, F|\n|poke|p2|Zapdos|\n|poke|p2|Kingambit, M|\n|poke|p2|Scizor, M|\n|teampreview\n|inactive|Battle timer is ON: inactive players will automatically lose when time's up. (requested by Ashcatchhoe)\n|inactive|Vanhomin also wants the timer to be on.\n|\n|t:|1700524616\n|start\n|switch|p1a: Glimmora|Glimmora, M|100\/100\n|switch|p2a: CHEESECAKE|Garganacl, F|100\/100\n|turn|1\n|\n|t:|1700524621\n|move|p1a: Glimmora|Reflect|p1a: Glimmora\n|-sidestart|p1: Vanhomin|Reflect\n|move|p2a: CHEESECAKE|Salt Cure|p1a: Glimmora\n|-crit|p1a: Glimmora\n|-damage|p1a: Glimmora|78\/100\n|-start|p1a: Glimmora|Salt Cure\n|-activate|p1a: Glimmora|ability: Toxic Debris\n|-sidestart|p2: Ashcatchhoe|move: Toxic Spikes\n|\n|-damage|p1a: Glimmora|65\/100|[from] Salt Cure\n|upkeep\n|turn|2\n|\n|t:|1700524630\n|move|p1a: Glimmora|Light Screen|p1a: Glimmora\n|-sidestart|p1: Vanhomin|move: Light Screen\n|move|p2a: CHEESECAKE|Stealth Rock|p1a: Glimmora\n|-sidestart|p1: Vanhomin|move: Stealth Rock\n|\n|-damage|p1a: Glimmora|53\/100|[from] Salt Cure\n|upkeep\n|turn|3\n|\n|t:|1700524637\n|move|p1a: Glimmora|Mortal Spin|p2a: CHEESECAKE\n|-resisted|p2a: CHEESECAKE\n|-damage|p2a: CHEESECAKE|99\/100\n|-sideend|p1: Vanhomin|Stealth Rock|[from] move: Mortal Spin|[of] p1a: Glimmora\n|move|p2a: CHEESECAKE|Salt Cure|p1a: Glimmora\n|-damage|p1a: Glimmora|46\/100\n|-activate|p1a: Glimmora|ability: Toxic Debris\n|-sidestart|p2: Ashcatchhoe|move: Toxic Spikes\n|\n|-heal|p2a: CHEESECAKE|100\/100|[from] item: Leftovers\n|-damage|p1a: Glimmora|34\/100|[from] Salt Cure\n|upkeep\n|turn|4\n|\n|t:|1700524650\n|switch|p1a: Catalyst|Garganacl, M, shiny|100\/100\n|move|p2a: CHEESECAKE|Protect||[still]\n|-fail|p2a: CHEESECAKE\n|\n|upkeep\n|turn|5\n|\n|t:|1700524653\n|move|p1a: Catalyst|Curse|p1a: Catalyst\n|-unboost|p1a: Catalyst|spe|1\n|-boost|p1a: Catalyst|atk|1\n|-boost|p1a: Catalyst|def|1\n|move|p2a: CHEESECAKE|Salt Cure|p1a: Catalyst\n|-damage|p1a: Catalyst|98\/100\n|-start|p1a: Catalyst|Salt Cure\n|\n|-heal|p1a: Catalyst|100\/100|[from] item: Leftovers\n|-damage|p1a: Catalyst|88\/100|[from] Salt Cure\n|upkeep\n|turn|6\n|\n|t:|1700524660\n|move|p2a: CHEESECAKE|Salt Cure|p1a: Catalyst\n|-damage|p1a: Catalyst|85\/100\n|move|p1a: Catalyst|Curse|p1a: Catalyst\n|-unboost|p1a: Catalyst|spe|1\n|-boost|p1a: Catalyst|atk|1\n|-boost|p1a: Catalyst|def|1\n|\n|-heal|p1a: Catalyst|91\/100|[from] item: Leftovers\n|-damage|p1a: Catalyst|79\/100|[from] Salt Cure\n|upkeep\n|turn|7\n|\n|t:|1700524671\n|switch|p2a: MS.Bubbles|Scizor, M|100\/100\n|move|p1a: Catalyst|Curse|p1a: Catalyst\n|-unboost|p1a: Catalyst|spe|1\n|-boost|p1a: Catalyst|atk|1\n|-boost|p1a: Catalyst|def|1\n|\n|-heal|p1a: Catalyst|85\/100|[from] item: Leftovers\n|-damage|p1a: Catalyst|72\/100|[from] Salt Cure\n|upkeep\n|turn|8\n|\n|t:|1700524676\n|move|p2a: MS.Bubbles|Knock Off|p1a: Catalyst\n|-damage|p1a: Catalyst|66\/100\n|-enditem|p1a: Catalyst|Leftovers|[from] move: Knock Off|[of] p2a: MS.Bubbles\n|-damage|p2a: MS.Bubbles|91\/100|[from] item: Life Orb\n|move|p1a: Catalyst|Salt Cure|p2a: MS.Bubbles\n|-damage|p2a: MS.Bubbles|57\/100\n|-start|p2a: MS.Bubbles|Salt Cure\n|\n|-damage|p2a: MS.Bubbles|32\/100|[from] Salt Cure\n|-damage|p1a: Catalyst|54\/100|[from] Salt Cure\n|-sideend|p1: Vanhomin|Reflect\n|upkeep\n|turn|9\n|\n|t:|1700524683\n|move|p2a: MS.Bubbles|U-turn|p1a: Catalyst\n|-damage|p1a: Catalyst|31\/100\n|-damage|p2a: MS.Bubbles|22\/100|[from] item: Life Orb\n|\n|t:|1700524690\n|switch|p2a: MAILMAN|Dragonite, M|100\/100|[from] U-turn\n|move|p1a: Catalyst|Recover|p1a: Catalyst\n|-heal|p1a: Catalyst|81\/100\n|\n|-damage|p1a: Catalyst|69\/100|[from] Salt Cure\n|-sideend|p1: Vanhomin|move: Light Screen\n|upkeep\n|turn|10\n|\n|t:|1700524692\n|move|p2a: MAILMAN|Dragon Dance|p2a: MAILMAN\n|-boost|p2a: MAILMAN|atk|1\n|-boost|p2a: MAILMAN|spe|1\n|move|p1a: Catalyst|Salt Cure|p2a: MAILMAN\n|-supereffective|p2a: MAILMAN\n|-damage|p2a: MAILMAN|64\/100\n|-start|p2a: MAILMAN|Salt Cure\n|\n|-damage|p2a: MAILMAN|52\/100|[from] Salt Cure\n|-damage|p1a: Catalyst|57\/100|[from] Salt Cure\n|upkeep\n|turn|11\n|\n|t:|1700524701\n|move|p2a: MAILMAN|Earthquake|p1a: Catalyst\n|-supereffective|p1a: Catalyst\n|-damage|p1a: Catalyst|24\/100\n|move|p1a: Catalyst|Recover|p1a: Catalyst\n|-heal|p1a: Catalyst|74\/100\n|\n|-damage|p2a: MAILMAN|40\/100|[from] Salt Cure\n|-damage|p1a: Catalyst|62\/100|[from] Salt Cure\n|upkeep\n|turn|12\n|\n|t:|1700524708\n|move|p2a: MAILMAN|Earthquake|p1a: Catalyst\n|-supereffective|p1a: Catalyst\n|-damage|p1a: Catalyst|28\/100\n|move|p1a: Catalyst|Recover|p1a: Catalyst\n|-heal|p1a: Catalyst|78\/100\n|\n|-damage|p2a: MAILMAN|27\/100|[from] Salt Cure\n|-damage|p1a: Catalyst|66\/100|[from] Salt Cure\n|upkeep\n|turn|13\n|\n|t:|1700524717\n|move|p2a: MAILMAN|Earthquake|p1a: Catalyst\n|-supereffective|p1a: Catalyst\n|-damage|p1a: Catalyst|35\/100\n|move|p1a: Catalyst|Recover|p1a: Catalyst\n|-heal|p1a: Catalyst|85\/100\n|\n|-damage|p2a: MAILMAN|15\/100|[from] Salt Cure\n|-damage|p1a: Catalyst|72\/100|[from] Salt Cure\n|upkeep\n|turn|14\n|\n|t:|1700524730\n|switch|p2a: CHEESECAKE|Garganacl, F|100\/100\n|move|p1a: Catalyst|Recover|p1a: Catalyst\n|-heal|p1a: Catalyst|100\/100\n|\n|-damage|p1a: Catalyst|88\/100|[from] Salt Cure\n|upkeep\n|turn|15\n|\n|t:|1700524738\n|move|p2a: CHEESECAKE|Salt Cure|p1a: Catalyst\n|-damage|p1a: Catalyst|84\/100\n|move|p1a: Catalyst|Body Press|p2a: CHEESECAKE\n|-supereffective|p2a: CHEESECAKE\n|-damage|p2a: CHEESECAKE|45\/100\n|\n|-heal|p2a: CHEESECAKE|51\/100|[from] item: Leftovers\n|-damage|p1a: Catalyst|72\/100|[from] Salt Cure\n|upkeep\n|turn|16\n|\n|t:|1700524746\n|move|p2a: CHEESECAKE|Protect|p2a: CHEESECAKE\n|-singleturn|p2a: CHEESECAKE|Protect\n|move|p1a: Catalyst|Salt Cure|p2a: CHEESECAKE\n|-activate|p2a: CHEESECAKE|move: Protect\n|\n|-heal|p2a: CHEESECAKE|57\/100|[from] item: Leftovers\n|-damage|p1a: Catalyst|60\/100|[from] Salt Cure\n|upkeep\n|turn|17\n|\n|t:|1700524756\n|-terastallize|p2a: CHEESECAKE|Flying\n|move|p2a: CHEESECAKE|Recover|p2a: CHEESECAKE\n|-heal|p2a: CHEESECAKE|100\/100\n|move|p1a: Catalyst|Salt Cure|p2a: CHEESECAKE\n|-supereffective|p2a: CHEESECAKE\n|-damage|p2a: CHEESECAKE|68\/100\n|-start|p2a: CHEESECAKE|Salt Cure\n|\n|-heal|p2a: CHEESECAKE|74\/100|[from] item: Leftovers\n|-damage|p2a: CHEESECAKE|62\/100|[from] Salt Cure\n|-damage|p1a: Catalyst|47\/100|[from] Salt Cure\n|upkeep\n|turn|18\n|inactive|Ashcatchhoe has 120 seconds left.\n|\n|t:|1700524786\n|switch|p2a: Zapdos|Zapdos|100\/100\n|move|p1a: Catalyst|Recover|p1a: Catalyst\n|-heal|p1a: Catalyst|97\/100\n|\n|-damage|p1a: Catalyst|85\/100|[from] Salt Cure\n|upkeep\n|turn|19\n|\n|t:|1700524796\n|move|p2a: Zapdos|Heat Wave|p1a: Catalyst\n|-resisted|p1a: Catalyst\n|-damage|p1a: Catalyst|74\/100\n|move|p1a: Catalyst|Salt Cure|p2a: Zapdos\n|-supereffective|p2a: Zapdos\n|-damage|p2a: Zapdos|28\/100\n|-start|p2a: Zapdos|Salt Cure\n|\n|-damage|p2a: Zapdos|16\/100|[from] Salt Cure\n|-damage|p1a: Catalyst|62\/100|[from] Salt Cure\n|upkeep\n|turn|20\n|\n|t:|1700524801\n|move|p2a: Zapdos|Tailwind|p2a: Zapdos\n|-sidestart|p2: Ashcatchhoe|move: Tailwind\n|move|p1a: Catalyst|Salt Cure|p2a: Zapdos\n|-supereffective|p2a: Zapdos\n|-damage|p2a: Zapdos|0 fnt\n|faint|p2a: Zapdos\n|\n|-damage|p1a: Catalyst|49\/100|[from] Salt Cure\n|upkeep\n|\n|t:|1700524808\n|switch|p2a: DOGPOOP|Zamazenta|100\/100\n|-status|p2a: DOGPOOP|tox\n|-ability|p2a: DOGPOOP|Dauntless Shield|boost\n|-boost|p2a: DOGPOOP|def|1\n|turn|21\n|inactive|Vanhomin has 120 seconds left.\n|\n|t:|1700524843\n|move|p2a: DOGPOOP|Iron Defense|p2a: DOGPOOP\n|-boost|p2a: DOGPOOP|def|2\n|move|p1a: Catalyst|Recover|p1a: Catalyst\n|-heal|p1a: Catalyst|99\/100\n|\n|-damage|p2a: DOGPOOP|94\/100 tox|[from] psn\n|-damage|p1a: Catalyst|87\/100|[from] Salt Cure\n|upkeep\n|turn|22\n|\n|t:|1700524852\n|-terastallize|p1a: Catalyst|Ghost\n|move|p2a: DOGPOOP|Body Press|p1a: Catalyst\n|-immune|p1a: Catalyst\n|move|p1a: Catalyst|Salt Cure|p2a: DOGPOOP\n|-resisted|p2a: DOGPOOP\n|-damage|p2a: DOGPOOP|89\/100 tox\n|-start|p2a: DOGPOOP|Salt Cure\n|\n|-heal|p2a: DOGPOOP|95\/100 tox|[from] item: Leftovers\n|-damage|p2a: DOGPOOP|83\/100 tox|[from] psn\n|-damage|p2a: DOGPOOP|70\/100 tox|[from] Salt Cure\n|-damage|p1a: Catalyst|74\/100|[from] Salt Cure\n|upkeep\n|turn|23\n|inactive|Vanhomin has 120 seconds left.\n|\n|t:|1700524894\n|move|p2a: DOGPOOP|Crunch|p1a: Catalyst\n|-supereffective|p1a: Catalyst\n|-damage|p1a: Catalyst|59\/100\n|move|p1a: Catalyst|Salt Cure|p2a: DOGPOOP\n|-resisted|p2a: DOGPOOP\n|-damage|p2a: DOGPOOP|65\/100 tox\n|\n|-heal|p2a: DOGPOOP|72\/100 tox|[from] item: Leftovers\n|-damage|p2a: DOGPOOP|53\/100 tox|[from] psn\n|-damage|p2a: DOGPOOP|41\/100 tox|[from] Salt Cure\n|-damage|p1a: Catalyst|46\/100|[from] Salt Cure\n|-sideend|p2: Ashcatchhoe|move: Tailwind\n|upkeep\n|turn|24\n|\n|t:|1700524903\n|move|p2a: DOGPOOP|Crunch|p1a: Catalyst\n|-supereffective|p1a: Catalyst\n|-damage|p1a: Catalyst|31\/100\n|move|p1a: Catalyst|Recover|p1a: Catalyst\n|-heal|p1a: Catalyst|81\/100\n|\n|-heal|p2a: DOGPOOP|47\/100 tox|[from] item: Leftovers\n|-damage|p2a: DOGPOOP|22\/100 tox|[from] psn\n|-damage|p2a: DOGPOOP|10\/100 tox|[from] Salt Cure\n|-damage|p1a: Catalyst|68\/100|[from] Salt Cure\n|upkeep\n|turn|25\n|\n|t:|1700524918\n|move|p2a: DOGPOOP|Crunch|p1a: Catalyst\n|-supereffective|p1a: Catalyst\n|-damage|p1a: Catalyst|54\/100\n|move|p1a: Catalyst|Body Press|p2a: DOGPOOP\n|-damage|p2a: DOGPOOP|0 fnt\n|faint|p2a: DOGPOOP\n|\n|-damage|p1a: Catalyst|41\/100|[from] Salt Cure\n|upkeep\n|\n|t:|1700524933\n|switch|p2a: MR.ROACH|Kingambit, M|100\/100\n|-activate|p2a: MR.ROACH|ability: Supreme Overlord\n|-start|p2a: MR.ROACH|fallen2|[silent]\n|turn|26\n|\n|t:|1700524938\n|move|p2a: MR.ROACH|Swords Dance|p2a: MR.ROACH\n|-boost|p2a: MR.ROACH|atk|2\n|move|p1a: Catalyst|Body Press|p2a: MR.ROACH\n|-supereffective|p2a: MR.ROACH\n|-damage|p2a: MR.ROACH|0 fnt\n|faint|p2a: MR.ROACH\n|-end|p2a: MR.ROACH|fallen2|[silent]\n|\n|-damage|p1a: Catalyst|29\/100|[from] Salt Cure\n|upkeep\n|\n|t:|1700524945\n|switch|p2a: MAILMAN|Dragonite, M|15\/100\n|turn|27\n|inactive|Vanhomin has 120 seconds left.\n|\n|t:|1700524950\n|move|p2a: MAILMAN|Earthquake|p1a: Catalyst\n|-damage|p1a: Catalyst|19\/100\n|move|p1a: Catalyst|Salt Cure|p2a: MAILMAN\n|-supereffective|p2a: MAILMAN\n|-damage|p2a: MAILMAN|0 fnt\n|faint|p2a: MAILMAN\n|\n|-damage|p1a: Catalyst|7\/100|[from] Salt Cure\n|upkeep\n|-message|Ashcatchhoe forfeited.\n|\n|win|Vanhomin\n|raw|Vanhomin's rating: 1397 &rarr; <strong>1411<\/strong><br \/>(+14 for winning)\n|raw|Ashcatchhoe's rating: 1295 &rarr; <strong>1277<\/strong><br \/>(-18 for losing)\n|l|\u2606Ashcatchhoe\n","uploadtime":1700524965,"views":6,"p1id":"vanhomin","p2id":"ashcatchhoe","formatid":"gen9ou","rating":1277,"private":0,"password":""}