{"id":"gen9ou-1992067038","p1":"dazedaze","p2":"LopunnyPls","format":"[Gen 9] OU","log":"|j|\u2606dazedaze\n|j|\u2606LopunnyPls\n|t:|1700152306\n|gametype|singles\n|player|p1|dazedaze|2|1140\n|player|p2|LopunnyPls|blue-gen3champion|1046\n|teamsize|p1|6\n|teamsize|p2|6\n|gen|9\n|tier|[Gen 9] OU\n|rated|\n|rule|Sleep Clause Mod: Limit one foe put to sleep\n|rule|Species Clause: Limit one of each Pok\u00e9mon\n|rule|OHKO Clause: OHKO moves are banned\n|rule|Evasion Items Clause: Evasion items are banned\n|rule|Evasion Moves Clause: Evasion moves are banned\n|rule|Endless Battle Clause: Forcing endless battles is banned\n|rule|HP Percentage Mod: HP is shown in percentages\n|clearpoke\n|poke|p1|Empoleon, M|\n|poke|p1|Dragapult, M|\n|poke|p1|Ninetales-Alola, M|\n|poke|p1|Rillaboom, F|\n|poke|p1|Sneasler, F|\n|poke|p1|Quagsire, F|\n|poke|p2|Kingambit, M|\n|poke|p2|Great Tusk|\n|poke|p2|Hoopa-Unbound|\n|poke|p2|Dondozo, M|\n|poke|p2|Corviknight, F|\n|poke|p2|Samurott-Hisui, F|\n|teampreview\n|inactive|Battle timer is ON: inactive players will automatically lose when time's up. (requested by LopunnyPls)\n|\n|t:|1700152344\n|start\n|switch|p1a: Mr. Freeze|Ninetales-Alola, M, shiny|100\/100\n|switch|p2a: Kingambit|Kingambit, M|100\/100\n|-weather|Snow|[from] ability: Snow Warning|[of] p1a: Mr. Freeze\n|turn|1\n|\n|t:|1700152350\n|move|p1a: Mr. Freeze|Aurora Veil|p1a: Mr. Freeze\n|-sidestart|p1: dazedaze|move: Aurora Veil\n|move|p2a: Kingambit|Iron Head|p1a: Mr. Freeze\n|-supereffective|p1a: Mr. Freeze\n|-damage|p1a: Mr. Freeze|6\/100\n|-damage|p2a: Kingambit|91\/100|[from] item: Life Orb\n|\n|-weather|Snow|[upkeep]\n|upkeep\n|turn|2\n|\n|t:|1700152356\n|switch|p1a: Catwoman|Sneasler, F, shiny|100\/100\n|move|p2a: Kingambit|Iron Head|p1a: Catwoman\n|-damage|p1a: Catwoman|44\/100\n|-damage|p2a: Kingambit|81\/100|[from] item: Life Orb\n|\n|-weather|Snow|[upkeep]\n|upkeep\n|turn|3\n|\n|t:|1700152359\n|-end|p2a: Kingambit|fallenundefined|[silent]\n|switch|p2a: Corviknight|Corviknight, F|100\/100\n|-ability|p2a: Corviknight|Pressure\n|move|p1a: Catwoman|Close Combat|p2a: Corviknight\n|-damage|p2a: Corviknight|61\/100\n|-unboost|p1a: Catwoman|def|1\n|-unboost|p1a: Catwoman|spd|1\n|-damage|p1a: Catwoman|27\/100|[from] item: Rocky Helmet|[of] p2a: Corviknight\n|\n|-weather|Snow|[upkeep]\n|upkeep\n|turn|4\n|\n|t:|1700152367\n|switch|p1a: Ra's Al Ghul|Dragapult, M, shiny|100\/100\n|move|p2a: Corviknight|Roost|p2a: Corviknight\n|-heal|p2a: Corviknight|100\/100\n|-singleturn|p2a: Corviknight|move: Roost\n|\n|-weather|Snow|[upkeep]\n|upkeep\n|turn|5\n|\n|t:|1700152373\n|switch|p2a: Hoopa|Hoopa-Unbound|100\/100\n|move|p1a: Ra's Al Ghul|Flamethrower|p2a: Hoopa\n|-damage|p2a: Hoopa|82\/100\n|\n|-weather|none\n|upkeep\n|turn|6\n|\n|t:|1700152383\n|switch|p1a: Poison Ivy|Rillaboom, F, shiny|100\/100\n|-fieldstart|move: Grassy Terrain|[from] ability: Grassy Surge|[of] p1a: Poison Ivy\n|switch|p2a: Corviknight|Corviknight, F|100\/100\n|-ability|p2a: Corviknight|Pressure\n|\n|upkeep\n|turn|7\n|\n|t:|1700152398\n|move|p1a: Poison Ivy|Knock Off|p2a: Corviknight\n|-damage|p2a: Corviknight|68\/100\n|-damage|p1a: Poison Ivy|84\/100|[from] item: Rocky Helmet|[of] p2a: Corviknight\n|-enditem|p2a: Corviknight|Rocky Helmet|[from] move: Knock Off|[of] p1a: Poison Ivy\n|move|p2a: Corviknight|U-turn|p1a: Poison Ivy\n|-supereffective|p1a: Poison Ivy\n|-damage|p1a: Poison Ivy|68\/100\n|\n|t:|1700152408\n|switch|p2a: Kingambit|Kingambit, M|81\/100|[from] U-turn\n|\n|-heal|p1a: Poison Ivy|74\/100|[from] Grassy Terrain\n|-heal|p2a: Kingambit|87\/100|[from] Grassy Terrain\n|upkeep\n|turn|8\n|\n|t:|1700152419\n|-end|p2a: Kingambit|fallenundefined|[silent]\n|switch|p2a: Corviknight|Corviknight, F|68\/100\n|-ability|p2a: Corviknight|Pressure\n|move|p1a: Poison Ivy|Knock Off|p2a: Corviknight\n|-crit|p2a: Corviknight\n|-damage|p2a: Corviknight|37\/100\n|\n|-heal|p1a: Poison Ivy|80\/100|[from] Grassy Terrain\n|-sideend|p1: dazedaze|move: Aurora Veil\n|upkeep\n|turn|9\n|\n|t:|1700152425\n|move|p1a: Poison Ivy|Knock Off|p2a: Corviknight\n|-crit|p2a: Corviknight\n|-damage|p2a: Corviknight|1\/100\n|move|p2a: Corviknight|Roost|p2a: Corviknight\n|-heal|p2a: Corviknight|51\/100\n|-singleturn|p2a: Corviknight|move: Roost\n|\n|-heal|p1a: Poison Ivy|86\/100|[from] Grassy Terrain\n|-heal|p2a: Corviknight|58\/100|[from] Grassy Terrain\n|upkeep\n|turn|10\n|\n|t:|1700152430\n|switch|p1a: Catwoman|Sneasler, F, shiny|27\/100\n|-enditem|p1a: Catwoman|Grassy Seed\n|-boost|p1a: Catwoman|def|1|[from] item: Grassy Seed\n|move|p2a: Corviknight|Roost|p2a: Corviknight\n|-heal|p2a: Corviknight|100\/100\n|-singleturn|p2a: Corviknight|move: Roost\n|\n|-heal|p1a: Catwoman|33\/100|[from] Grassy Terrain\n|-fieldend|move: Grassy Terrain\n|upkeep\n|turn|11\n|\n|t:|1700152436\n|-terastallize|p1a: Catwoman|Flying\n|move|p1a: Catwoman|Swords Dance|p1a: Catwoman\n|-boost|p1a: Catwoman|atk|2\n|move|p2a: Corviknight|Iron Defense|p2a: Corviknight\n|-boost|p2a: Corviknight|def|2\n|\n|upkeep\n|turn|12\n|\n|t:|1700152441\n|move|p1a: Catwoman|Swords Dance|p1a: Catwoman\n|-boost|p1a: Catwoman|atk|2\n|move|p2a: Corviknight|Body Press|p1a: Catwoman\n|-resisted|p1a: Catwoman\n|-damage|p1a: Catwoman|4\/100\n|\n|upkeep\n|turn|13\n|\n|t:|1700152447\n|switch|p2a: Dondozo|Dondozo, M|100\/100\n|move|p1a: Catwoman|Close Combat|p2a: Dondozo\n|-damage|p2a: Dondozo|68\/100\n|-unboost|p1a: Catwoman|def|1\n|-unboost|p1a: Catwoman|spd|1\n|\n|upkeep\n|turn|14\n|\n|t:|1700152452\n|move|p1a: Catwoman|Acrobatics|p2a: Dondozo\n|-damage|p2a: Dondozo|41\/100\n|move|p2a: Dondozo|Liquidation|p1a: Catwoman\n|-damage|p1a: Catwoman|0 fnt\n|faint|p1a: Catwoman\n|\n|upkeep\n|c|\u2606dazedaze|$!uT\n|\n|t:|1700152460\n|switch|p1a: Poison Ivy|Rillaboom, F, shiny|86\/100\n|-fieldstart|move: Grassy Terrain|[from] ability: Grassy Surge|[of] p1a: Poison Ivy\n|turn|15\n|\n|t:|1700152463\n|switch|p2a: Corviknight|Corviknight, F|100\/100\n|-ability|p2a: Corviknight|Pressure\n|move|p1a: Poison Ivy|Grassy Glide|p2a: Corviknight\n|-resisted|p2a: Corviknight\n|-damage|p2a: Corviknight|92\/100\n|\n|-heal|p1a: Poison Ivy|93\/100|[from] Grassy Terrain\n|upkeep\n|turn|16\n|-message|dazedaze forfeited.\n|\n|win|LopunnyPls\n|raw|dazedaze's rating: 1140 &rarr; <strong>1108<\/strong><br \/>(-32 for losing)\n|raw|LopunnyPls's rating: 1046 &rarr; <strong>1088<\/strong><br \/>(+42 for winning)\n|l|\u2606dazedaze\n","uploadtime":1700152487,"views":10,"p1id":"dazedaze","p2id":"lopunnypls","formatid":"gen9ou","rating":1088,"private":0,"password":""}