{"id":"gen9ou-1996126863","p1":"Magenta Maylene","p2":"yyysneasel","format":"[Gen 9] OU","log":"|j|\u2606Magenta Maylene\n|j|\u2606yyysneasel\n|t:|1700648234\n|gametype|singles\n|player|p1|Magenta Maylene|maylene|1586\n|player|p2|yyysneasel|bugcatcher-gen4dp|1664\n|teamsize|p1|6\n|teamsize|p2|6\n|gen|9\n|tier|[Gen 9] OU\n|rated|\n|rule|Sleep Clause Mod: Limit one foe put to sleep\n|rule|Species Clause: Limit one of each Pok\u00e9mon\n|rule|OHKO Clause: OHKO moves are banned\n|rule|Evasion Items Clause: Evasion items are banned\n|rule|Evasion Moves Clause: Evasion moves are banned\n|rule|Endless Battle Clause: Forcing endless battles is banned\n|rule|HP Percentage Mod: HP is shown in percentages\n|clearpoke\n|poke|p1|Maushold|\n|poke|p1|Abomasnow, M|\n|poke|p1|Glimmora, F|\n|poke|p1|Gholdengo|\n|poke|p1|Moltres|\n|poke|p1|Scizor, F|\n|poke|p2|Corviknight, F|\n|poke|p2|Toxapex, F|\n|poke|p2|Dondozo, M|\n|poke|p2|Slowking-Galar, M|\n|poke|p2|Blissey, F|\n|poke|p2|Clefable, M|\n|teampreview\n|j| Ruinous Tusk\n|\n|t:|1700648241\n|start\n|switch|p1a: Scizor|Scizor, F|100\/100\n|switch|p2a: stannin on bihness|Toxapex, F|100\/100\n|turn|1\n|c|\u2606Magenta Maylene|gl hf\n|inactive|Battle timer is ON: inactive players will automatically lose when time's up. (requested by Magenta Maylene)\n|inactive|yyysneasel has 120 seconds left.\n|c|\u2606yyysneasel|glhf\n|\n|t:|1700648304\n|move|p1a: Scizor|U-turn|p2a: stannin on bihness\n|-resisted|p2a: stannin on bihness\n|-damage|p2a: stannin on bihness|83\/100\n|\n|t:|1700648315\n|switch|p1a: Gholdengo|Gholdengo|100\/100|[from] U-turn\n|move|p2a: stannin on bihness|Infestation|p1a: Gholdengo\n|-resisted|p1a: Gholdengo\n|-damage|p1a: Gholdengo|99\/100\n|-activate|p1a: Gholdengo|move: Infestation|[of] p2a: stannin on bihness\n|\n|-damage|p1a: Gholdengo|87\/100|[from] move: Infestation|[partiallytrapped]\n|upkeep\n|turn|2\n|\n|t:|1700648324\n|switch|p2a: Slowking|Slowking-Galar, M|100\/100\n|move|p1a: Gholdengo|Thunderbolt|p2a: Slowking\n|-damage|p2a: Slowking|67\/100\n|\n|-end|p1a: Gholdengo|Infestation|[partiallytrapped]|[silent]\n|upkeep\n|turn|3\n|\n|t:|1700648342\n|switch|p1a: Moltres|Moltres|100\/100\n|switch|p2a: ban dengo ffs|Blissey, F|100\/100\n|\n|upkeep\n|turn|4\n|\n|t:|1700648345\n|move|p1a: Moltres|U-turn|p2a: ban dengo ffs\n|-damage|p2a: ban dengo ffs|87\/100\n|\n|t:|1700648349\n|switch|p1a: Gholdengo|Gholdengo|87\/100|[from] U-turn\n|move|p2a: ban dengo ffs|Stealth Rock|p1a: Gholdengo\n|-sidestart|p1: Magenta Maylene|move: Stealth Rock\n|\n|upkeep\n|turn|5\n|\n|t:|1700648354\n|move|p1a: Gholdengo|Trick|p2a: ban dengo ffs\n|-activate|p1a: Gholdengo|move: Trick|[of] p2a: ban dengo ffs\n|-item|p2a: ban dengo ffs|Choice Scarf|[from] move: Trick\n|-item|p1a: Gholdengo|Heavy-Duty Boots|[from] move: Trick\n|move|p2a: ban dengo ffs|Flamethrower|p1a: Gholdengo\n|-supereffective|p1a: Gholdengo\n|-crit|p1a: Gholdengo\n|-damage|p1a: Gholdengo|28\/100\n|\n|upkeep\n|turn|6\n|\n|t:|1700648361\n|switch|p1a: Maushold|Maushold|100\/100\n|-damage|p1a: Maushold|88\/100|[from] Stealth Rock\n|move|p2a: ban dengo ffs|Flamethrower|p1a: Maushold\n|-damage|p1a: Maushold|65\/100\n|\n|upkeep\n|turn|7\n|\n|t:|1700648367\n|switch|p2a: FreePalestine\ud83c\uddf5\ud83c\uddf8|Corviknight, F|100\/100\n|-ability|p2a: FreePalestine\ud83c\uddf5\ud83c\uddf8|Pressure\n|move|p1a: Maushold|Tidy Up|p1a: Maushold\n|-sideend|p1: Magenta Maylene|Stealth Rock\n|-activate|p1a: Maushold|move: Tidy Up\n|-boost|p1a: Maushold|atk|1\n|-boost|p1a: Maushold|spe|1\n|\n|upkeep\n|turn|8\n|\n|t:|1700648376\n|switch|p1a: Moltres|Moltres|100\/100\n|move|p2a: FreePalestine\ud83c\uddf5\ud83c\uddf8|U-turn|p1a: Moltres\n|-resisted|p1a: Moltres\n|-damage|p1a: Moltres|98\/100\n|j| Sandream\n|\n|t:|1700648379\n|switch|p2a: ban dengo ffs|Blissey, F|87\/100|[from] U-turn\n|\n|upkeep\n|turn|9\n|\n|t:|1700648386\n|move|p2a: ban dengo ffs|Stealth Rock|p1a: Moltres\n|-sidestart|p1: Magenta Maylene|move: Stealth Rock\n|move|p1a: Moltres|U-turn|p2a: ban dengo ffs\n|-damage|p2a: ban dengo ffs|75\/100\n|\n|t:|1700648395\n|switch|p1a: Abomasnow|Abomasnow, M|100\/100|[from] U-turn\n|-weather|Snow|[from] ability: Snow Warning|[of] p1a: Abomasnow\n|\n|-weather|Snow|[upkeep]\n|upkeep\n|turn|10\n|\n|t:|1700648400\n|switch|p2a: stannin on bihness|Toxapex, F|100\/100\n|move|p1a: Abomasnow|Blizzard|p2a: stannin on bihness\n|-resisted|p2a: stannin on bihness\n|-damage|p2a: stannin on bihness|78\/100\n|\n|-weather|Snow|[upkeep]\n|upkeep\n|turn|11\n|\n|t:|1700648411\n|move|p1a: Abomasnow|Earth Power|p2a: stannin on bihness\n|-supereffective|p2a: stannin on bihness\n|-damage|p2a: stannin on bihness|31\/100\n|-unboost|p2a: stannin on bihness|spd|1\n|move|p2a: stannin on bihness|Infestation|p1a: Abomasnow\n|-supereffective|p1a: Abomasnow\n|-damage|p1a: Abomasnow|95\/100\n|-activate|p1a: Abomasnow|move: Infestation|[of] p2a: stannin on bihness\n|\n|-weather|Snow|[upkeep]\n|-damage|p1a: Abomasnow|82\/100|[from] move: Infestation|[partiallytrapped]\n|upkeep\n|turn|12\n|\n|t:|1700648422\n|switch|p2a: It's Joever|Clefable, M|100\/100\n|move|p1a: Abomasnow|Leaf Storm|p2a: It's Joever\n|-damage|p2a: It's Joever|62\/100\n|-unboost|p1a: Abomasnow|spa|2\n|\n|-weather|Snow|[upkeep]\n|-end|p1a: Abomasnow|Infestation|[partiallytrapped]|[silent]\n|upkeep\n|turn|13\n|\n|t:|1700648431\n|switch|p1a: Moltres|Moltres|98\/100\n|move|p2a: It's Joever|Wish|p2a: It's Joever\n|\n|-weather|none\n|upkeep\n|turn|14\n|\n|t:|1700648436\n|move|p1a: Moltres|Will-O-Wisp|p2a: It's Joever\n|-status|p2a: It's Joever|brn\n|move|p2a: It's Joever|Knock Off|p1a: Moltres\n|-damage|p1a: Moltres|92\/100\n|-enditem|p1a: Moltres|Heavy-Duty Boots|[from] move: Knock Off|[of] p2a: It's Joever\n|\n|-heal|p2a: It's Joever|100\/100 brn|[from] move: Wish|[wisher] It's Joever\n|-damage|p2a: It's Joever|94\/100 brn|[from] brn\n|upkeep\n|turn|15\n|\n|t:|1700648444\n|move|p1a: Moltres|Flamethrower|p2a: It's Joever\n|-damage|p2a: It's Joever|70\/100 brn\n|move|p2a: It's Joever|Wish|p2a: It's Joever\n|\n|-damage|p2a: It's Joever|64\/100 brn|[from] brn\n|upkeep\n|turn|16\n|\n|t:|1700648451\n|move|p1a: Moltres|Flamethrower|p2a: It's Joever\n|-damage|p2a: It's Joever|39\/100 brn\n|move|p2a: It's Joever|Moonblast|p1a: Moltres\n|-resisted|p1a: Moltres\n|-damage|p1a: Moltres|77\/100\n|\n|-heal|p2a: It's Joever|89\/100 brn|[from] move: Wish|[wisher] It's Joever\n|-damage|p2a: It's Joever|82\/100 brn|[from] brn\n|upkeep\n|turn|17\n|\n|t:|1700648457\n|move|p1a: Moltres|Flamethrower|p2a: It's Joever\n|-damage|p2a: It's Joever|59\/100 brn\n|move|p2a: It's Joever|Wish|p2a: It's Joever\n|\n|-damage|p2a: It's Joever|53\/100 brn|[from] brn\n|upkeep\n|turn|18\n|\n|t:|1700648462\n|move|p1a: Moltres|Flamethrower|p2a: It's Joever\n|-damage|p2a: It's Joever|30\/100 brn\n|move|p2a: It's Joever|Moonblast|p1a: Moltres\n|-resisted|p1a: Moltres\n|-damage|p1a: Moltres|60\/100\n|\n|-heal|p2a: It's Joever|80\/100 brn|[from] move: Wish|[wisher] It's Joever\n|-damage|p2a: It's Joever|74\/100 brn|[from] brn\n|upkeep\n|turn|19\n|\n|t:|1700648467\n|move|p1a: Moltres|Flamethrower|p2a: It's Joever\n|-damage|p2a: It's Joever|48\/100 brn\n|move|p2a: It's Joever|Wish|p2a: It's Joever\n|\n|-damage|p2a: It's Joever|42\/100 brn|[from] brn\n|upkeep\n|turn|20\n|\n|t:|1700648470\n|move|p1a: Moltres|Flamethrower|p2a: It's Joever\n|-damage|p2a: It's Joever|16\/100 brn\n|move|p2a: It's Joever|Moonblast|p1a: Moltres\n|-resisted|p1a: Moltres\n|-damage|p1a: Moltres|43\/100\n|\n|-heal|p2a: It's Joever|66\/100 brn|[from] move: Wish|[wisher] It's Joever\n|-damage|p2a: It's Joever|60\/100 brn|[from] brn\n|upkeep\n|turn|21\n|\n|t:|1700648475\n|move|p1a: Moltres|Flamethrower|p2a: It's Joever\n|-damage|p2a: It's Joever|35\/100 brn\n|move|p2a: It's Joever|Wish|p2a: It's Joever\n|\n|-damage|p2a: It's Joever|28\/100 brn|[from] brn\n|upkeep\n|turn|22\n|\n|t:|1700648478\n|move|p2a: It's Joever|Protect|p2a: It's Joever\n|-singleturn|p2a: It's Joever|Protect\n|move|p1a: Moltres|Flamethrower|p2a: It's Joever\n|-activate|p2a: It's Joever|move: Protect\n|\n|-heal|p2a: It's Joever|78\/100 brn|[from] move: Wish|[wisher] It's Joever\n|-damage|p2a: It's Joever|72\/100 brn|[from] brn\n|upkeep\n|turn|23\n|\n|t:|1700648480\n|move|p1a: Moltres|Flamethrower|p2a: It's Joever\n|-damage|p2a: It's Joever|48\/100 brn\n|move|p2a: It's Joever|Wish|p2a: It's Joever\n|\n|-damage|p2a: It's Joever|42\/100 brn|[from] brn\n|upkeep\n|turn|24\n|\n|t:|1700648485\n|move|p2a: It's Joever|Protect|p2a: It's Joever\n|-singleturn|p2a: It's Joever|Protect\n|move|p1a: Moltres|Roost|p1a: Moltres\n|-heal|p1a: Moltres|93\/100\n|-singleturn|p1a: Moltres|move: Roost\n|\n|-heal|p2a: It's Joever|92\/100 brn|[from] move: Wish|[wisher] It's Joever\n|-damage|p2a: It's Joever|86\/100 brn|[from] brn\n|upkeep\n|turn|25\n|j| dfghhhg\n|\n|t:|1700648490\n|switch|p2a: stannin on bihness|Toxapex, F|64\/100\n|move|p1a: Moltres|Flamethrower|p2a: stannin on bihness\n|-resisted|p2a: stannin on bihness\n|-damage|p2a: stannin on bihness|49\/100\n|\n|upkeep\n|turn|26\n|\n|t:|1700648498\n|move|p1a: Moltres|U-turn|p2a: stannin on bihness\n|-resisted|p2a: stannin on bihness\n|-damage|p2a: stannin on bihness|44\/100\n|\n|t:|1700648504\n|switch|p1a: Abomasnow|Abomasnow, M|82\/100|[from] U-turn\n|-weather|Snow|[from] ability: Snow Warning|[of] p1a: Abomasnow\n|move|p2a: stannin on bihness|Surf|p1a: Abomasnow\n|-resisted|p1a: Abomasnow\n|-damage|p1a: Abomasnow|73\/100\n|\n|-weather|Snow|[upkeep]\n|upkeep\n|turn|27\n|\n|t:|1700648511\n|switch|p2a: It's Joever|Clefable, M|86\/100 brn\n|move|p1a: Abomasnow|Earth Power|p2a: It's Joever\n|-damage|p2a: It's Joever|67\/100 brn\n|\n|-weather|Snow|[upkeep]\n|-damage|p2a: It's Joever|61\/100 brn|[from] brn\n|upkeep\n|turn|28\n|\n|t:|1700648520\n|move|p1a: Abomasnow|Aurora Veil|p1a: Abomasnow\n|-sidestart|p1: Magenta Maylene|move: Aurora Veil\n|move|p2a: It's Joever|Wish|p2a: It's Joever\n|\n|-weather|Snow|[upkeep]\n|-damage|p2a: It's Joever|55\/100 brn|[from] brn\n|upkeep\n|turn|29\n|\n|t:|1700648523\n|move|p1a: Abomasnow|Blizzard|p2a: It's Joever\n|-damage|p2a: It's Joever|23\/100 brn\n|move|p2a: It's Joever|Knock Off|p1a: Abomasnow\n|-damage|p1a: Abomasnow|70\/100\n|-enditem|p1a: Abomasnow|Heavy-Duty Boots|[from] move: Knock Off|[of] p2a: It's Joever\n|\n|-weather|Snow|[upkeep]\n|-heal|p2a: It's Joever|73\/100 brn|[from] move: Wish|[wisher] It's Joever\n|-damage|p2a: It's Joever|67\/100 brn|[from] brn\n|upkeep\n|turn|30\n|\n|t:|1700648528\n|move|p1a: Abomasnow|Blizzard|p2a: It's Joever\n|-damage|p2a: It's Joever|36\/100 brn\n|move|p2a: It's Joever|Wish|p2a: It's Joever\n|\n|-weather|none\n|-damage|p2a: It's Joever|30\/100 brn|[from] brn\n|upkeep\n|turn|31\n|\n|t:|1700648541\n|switch|p1a: Maushold|Maushold|65\/100\n|-damage|p1a: Maushold|52\/100|[from] Stealth Rock\n|move|p2a: It's Joever|Protect||[still]\n|-fail|p2a: It's Joever\n|\n|-heal|p2a: It's Joever|80\/100 brn|[from] move: Wish|[wisher] It's Joever\n|-damage|p2a: It's Joever|74\/100 brn|[from] brn\n|upkeep\n|turn|32\n|\n|t:|1700648543\n|switch|p2a: FreePalestine\ud83c\uddf5\ud83c\uddf8|Corviknight, F|100\/100\n|-ability|p2a: FreePalestine\ud83c\uddf5\ud83c\uddf8|Pressure\n|move|p1a: Maushold|Tidy Up|p1a: Maushold\n|-sideend|p1: Magenta Maylene|Stealth Rock\n|-activate|p1a: Maushold|move: Tidy Up\n|-boost|p1a: Maushold|atk|1\n|-boost|p1a: Maushold|spe|1\n|\n|-sideend|p1: Magenta Maylene|move: Aurora Veil\n|upkeep\n|turn|33\n|\n|t:|1700648550\n|switch|p1a: Moltres|Moltres|93\/100\n|move|p2a: FreePalestine\ud83c\uddf5\ud83c\uddf8|U-turn|p1a: Moltres\n|-resisted|p1a: Moltres\n|-crit|p1a: Moltres\n|-damage|p1a: Moltres|90\/100\n|\n|t:|1700648553\n|switch|p2a: ban dengo ffs|Blissey, F|75\/100|[from] U-turn\n|\n|upkeep\n|turn|34\n|\n|t:|1700648559\n|move|p2a: ban dengo ffs|Stealth Rock|p1a: Moltres\n|-sidestart|p1: Magenta Maylene|move: Stealth Rock\n|move|p1a: Moltres|U-turn|p2a: ban dengo ffs\n|-damage|p2a: ban dengo ffs|64\/100\n|\n|t:|1700648564\n|switch|p1a: Maushold|Maushold|52\/100|[from] U-turn\n|-damage|p1a: Maushold|40\/100|[from] Stealth Rock\n|\n|upkeep\n|turn|35\n|\n|t:|1700648567\n|switch|p2a: FreePalestine\ud83c\uddf5\ud83c\uddf8|Corviknight, F|100\/100\n|-ability|p2a: FreePalestine\ud83c\uddf5\ud83c\uddf8|Pressure\n|move|p1a: Maushold|Tidy Up|p1a: Maushold\n|-sideend|p1: Magenta Maylene|Stealth Rock\n|-activate|p1a: Maushold|move: Tidy Up\n|-boost|p1a: Maushold|atk|1\n|-boost|p1a: Maushold|spe|1\n|\n|upkeep\n|turn|36\n|\n|t:|1700648572\n|switch|p1a: Moltres|Moltres|90\/100\n|move|p2a: FreePalestine\ud83c\uddf5\ud83c\uddf8|U-turn|p1a: Moltres\n|-resisted|p1a: Moltres\n|-damage|p1a: Moltres|87\/100\n|\n|t:|1700648574\n|switch|p2a: ban dengo ffs|Blissey, F|64\/100|[from] U-turn\n|\n|upkeep\n|turn|37\n|\n|t:|1700648579\n|switch|p1a: Maushold|Maushold|40\/100\n|move|p2a: ban dengo ffs|Stealth Rock|p1a: Maushold\n|-sidestart|p1: Magenta Maylene|move: Stealth Rock\n|\n|upkeep\n|turn|38\n|\n|t:|1700648585\n|switch|p2a: Ripbozo \ud83d\ude02 \ud83d\ude02|Dondozo, M|100\/100\n|move|p1a: Maushold|Tidy Up|p1a: Maushold\n|-sideend|p1: Magenta Maylene|Stealth Rock\n|-activate|p1a: Maushold|move: Tidy Up\n|-boost|p1a: Maushold|atk|1\n|-boost|p1a: Maushold|spe|1\n|\n|upkeep\n|turn|39\n|\n|t:|1700648594\n|switch|p1a: Abomasnow|Abomasnow, M|70\/100\n|-weather|Snow|[from] ability: Snow Warning|[of] p1a: Abomasnow\n|move|p2a: Ripbozo \ud83d\ude02 \ud83d\ude02|Wave Crash|p1a: Abomasnow\n|-resisted|p1a: Abomasnow\n|-crit|p1a: Abomasnow\n|-damage|p1a: Abomasnow|48\/100\n|-damage|p2a: Ripbozo \ud83d\ude02 \ud83d\ude02|95\/100|[from] Recoil\n|\n|-weather|Snow|[upkeep]\n|-heal|p2a: Ripbozo \ud83d\ude02 \ud83d\ude02|100\/100|[from] item: Leftovers\n|upkeep\n|turn|40\n|\n|t:|1700648606\n|switch|p2a: ban dengo ffs|Blissey, F|64\/100\n|move|p1a: Abomasnow|Aurora Veil|p1a: Abomasnow\n|-sidestart|p1: Magenta Maylene|move: Aurora Veil\n|\n|-weather|Snow|[upkeep]\n|upkeep\n|turn|41\n|\n|t:|1700648609\n|switch|p1a: Maushold|Maushold|40\/100\n|move|p2a: ban dengo ffs|Stealth Rock|p1a: Maushold\n|-sidestart|p1: Magenta Maylene|move: Stealth Rock\n|\n|-weather|Snow|[upkeep]\n|upkeep\n|turn|42\n|\n|t:|1700648613\n|switch|p2a: FreePalestine\ud83c\uddf5\ud83c\uddf8|Corviknight, F|100\/100\n|-ability|p2a: FreePalestine\ud83c\uddf5\ud83c\uddf8|Pressure\n|move|p1a: Maushold|Tidy Up|p1a: Maushold\n|-sideend|p1: Magenta Maylene|Stealth Rock\n|-activate|p1a: Maushold|move: Tidy Up\n|-boost|p1a: Maushold|atk|1\n|-boost|p1a: Maushold|spe|1\n|\n|-weather|Snow|[upkeep]\n|upkeep\n|turn|43\n|\n|t:|1700648616\n|switch|p1a: Moltres|Moltres|87\/100\n|move|p2a: FreePalestine\ud83c\uddf5\ud83c\uddf8|U-turn|p1a: Moltres\n|-resisted|p1a: Moltres\n|-damage|p1a: Moltres|86\/100\n|\n|t:|1700648618\n|switch|p2a: ban dengo ffs|Blissey, F|64\/100|[from] U-turn\n|\n|-weather|none\n|upkeep\n|turn|44\n|\n|t:|1700648630\n|switch|p1a: Maushold|Maushold|40\/100\n|move|p2a: ban dengo ffs|Stealth Rock|p1a: Maushold\n|-sidestart|p1: Magenta Maylene|move: Stealth Rock\n|\n|-sideend|p1: Magenta Maylene|move: Aurora Veil\n|upkeep\n|turn|45\n|\n|t:|1700648635\n|switch|p2a: FreePalestine\ud83c\uddf5\ud83c\uddf8|Corviknight, F|100\/100\n|-ability|p2a: FreePalestine\ud83c\uddf5\ud83c\uddf8|Pressure\n|move|p1a: Maushold|Tidy Up|p1a: Maushold\n|-sideend|p1: Magenta Maylene|Stealth Rock\n|-activate|p1a: Maushold|move: Tidy Up\n|-boost|p1a: Maushold|atk|1\n|-boost|p1a: Maushold|spe|1\n|\n|upkeep\n|turn|46\n|\n|t:|1700648638\n|switch|p1a: Moltres|Moltres|86\/100\n|switch|p2a: Ripbozo \ud83d\ude02 \ud83d\ude02|Dondozo, M|100\/100\n|\n|upkeep\n|turn|47\n|\n|t:|1700648651\n|-terastallize|p1a: Moltres|Water\n|move|p1a: Moltres|Will-O-Wisp|p2a: Ripbozo \ud83d\ude02 \ud83d\ude02|[miss]\n|-miss|p1a: Moltres|p2a: Ripbozo \ud83d\ude02 \ud83d\ude02\n|move|p2a: Ripbozo \ud83d\ude02 \ud83d\ude02|Wave Crash|p1a: Moltres\n|-resisted|p1a: Moltres\n|-damage|p1a: Moltres|72\/100\n|-damage|p2a: Ripbozo \ud83d\ude02 \ud83d\ude02|97\/100|[from] Recoil\n|\n|-heal|p2a: Ripbozo \ud83d\ude02 \ud83d\ude02|100\/100|[from] item: Leftovers\n|upkeep\n|turn|48\n|\n|t:|1700648658\n|switch|p2a: ban dengo ffs|Blissey, F|64\/100\n|move|p1a: Moltres|Will-O-Wisp|p2a: ban dengo ffs\n|-status|p2a: ban dengo ffs|brn\n|\n|-damage|p2a: ban dengo ffs|57\/100 brn|[from] brn\n|upkeep\n|turn|49\n|\n|t:|1700648667\n|move|p2a: ban dengo ffs|Stealth Rock|p1a: Moltres\n|-sidestart|p1: Magenta Maylene|move: Stealth Rock\n|move|p1a: Moltres|Flamethrower|p2a: ban dengo ffs\n|-damage|p2a: ban dengo ffs|43\/100 brn\n|\n|-damage|p2a: ban dengo ffs|36\/100 brn|[from] brn\n|upkeep\n|turn|50\n|\n|t:|1700648672\n|-curestatus|p2a: ban dengo ffs|brn|[from] ability: Natural Cure\n|switch|p2a: stannin on bihness|Toxapex, F|78\/100\n|move|p1a: Moltres|Flamethrower|p2a: stannin on bihness\n|-resisted|p2a: stannin on bihness\n|-damage|p2a: stannin on bihness|62\/100\n|\n|upkeep\n|turn|51\n|\n|t:|1700648680\n|switch|p2a: ban dengo ffs|Blissey, F|36\/100\n|move|p1a: Moltres|Will-O-Wisp|p2a: ban dengo ffs|[miss]\n|-miss|p1a: Moltres|p2a: ban dengo ffs\n|\n|upkeep\n|turn|52\n|\n|t:|1700648682\n|move|p2a: ban dengo ffs|Soft-Boiled|p2a: ban dengo ffs\n|-heal|p2a: ban dengo ffs|86\/100\n|move|p1a: Moltres|Flamethrower|p2a: ban dengo ffs\n|-damage|p2a: ban dengo ffs|72\/100\n|\n|upkeep\n|turn|53\n|\n|t:|1700648687\n|switch|p2a: It's Joever|Clefable, M|74\/100 brn\n|move|p1a: Moltres|U-turn|p2a: It's Joever\n|-resisted|p2a: It's Joever\n|-damage|p2a: It's Joever|65\/100 brn\n|\n|t:|1700648692\n|switch|p1a: Maushold|Maushold|40\/100|[from] U-turn\n|-damage|p1a: Maushold|27\/100|[from] Stealth Rock\n|\n|-damage|p2a: It's Joever|59\/100 brn|[from] brn\n|upkeep\n|turn|54\n|\n|t:|1700648697\n|switch|p2a: FreePalestine\ud83c\uddf5\ud83c\uddf8|Corviknight, F|100\/100\n|-ability|p2a: FreePalestine\ud83c\uddf5\ud83c\uddf8|Pressure\n|move|p1a: Maushold|Tidy Up|p1a: Maushold\n|-sideend|p1: Magenta Maylene|Stealth Rock\n|-activate|p1a: Maushold|move: Tidy Up\n|-boost|p1a: Maushold|atk|1\n|-boost|p1a: Maushold|spe|1\n|\n|upkeep\n|turn|55\n|\n|t:|1700648700\n|switch|p1a: Moltres|Moltres, tera:Water|72\/100\n|move|p2a: FreePalestine\ud83c\uddf5\ud83c\uddf8|U-turn|p1a: Moltres\n|-damage|p1a: Moltres|61\/100\n|\n|t:|1700648703\n|switch|p2a: ban dengo ffs|Blissey, F|72\/100|[from] U-turn\n|\n|upkeep\n|turn|56\n|\n|t:|1700648707\n|switch|p1a: Maushold|Maushold|27\/100\n|move|p2a: ban dengo ffs|Stealth Rock|p1a: Maushold\n|-sidestart|p1: Magenta Maylene|move: Stealth Rock\n|\n|upkeep\n|turn|57\n|\n|t:|1700648709\n|switch|p2a: FreePalestine\ud83c\uddf5\ud83c\uddf8|Corviknight, F|100\/100\n|-ability|p2a: FreePalestine\ud83c\uddf5\ud83c\uddf8|Pressure\n|move|p1a: Maushold|Tidy Up|p1a: Maushold\n|-sideend|p1: Magenta Maylene|Stealth Rock\n|-activate|p1a: Maushold|move: Tidy Up\n|-boost|p1a: Maushold|atk|1\n|-boost|p1a: Maushold|spe|1\n|\n|upkeep\n|turn|58\n|\n|t:|1700648713\n|switch|p1a: Moltres|Moltres, tera:Water|61\/100\n|switch|p2a: ban dengo ffs|Blissey, F|72\/100\n|\n|upkeep\n|turn|59\n|\n|t:|1700648718\n|switch|p1a: Maushold|Maushold|27\/100\n|move|p2a: ban dengo ffs|Stealth Rock|p1a: Maushold\n|-sidestart|p1: Magenta Maylene|move: Stealth Rock\n|\n|upkeep\n|turn|60\n|\n|t:|1700648721\n|switch|p2a: FreePalestine\ud83c\uddf5\ud83c\uddf8|Corviknight, F|100\/100\n|-ability|p2a: FreePalestine\ud83c\uddf5\ud83c\uddf8|Pressure\n|move|p1a: Maushold|Tidy Up|p1a: Maushold\n|-sideend|p1: Magenta Maylene|Stealth Rock\n|-activate|p1a: Maushold|move: Tidy Up\n|-boost|p1a: Maushold|atk|1\n|-boost|p1a: Maushold|spe|1\n|\n|upkeep\n|turn|61\n|\n|t:|1700648734\n|switch|p1a: Scizor|Scizor, F|100\/100\n|move|p2a: FreePalestine\ud83c\uddf5\ud83c\uddf8|U-turn|p1a: Scizor\n|-resisted|p1a: Scizor\n|-damage|p1a: Scizor|94\/100\n|\n|t:|1700648736\n|switch|p2a: stannin on bihness|Toxapex, F|95\/100|[from] U-turn\n|\n|upkeep\n|turn|62\n|\n|t:|1700648742\n|move|p1a: Scizor|U-turn|p2a: stannin on bihness\n|-resisted|p2a: stannin on bihness\n|-damage|p2a: stannin on bihness|77\/100\n|\n|t:|1700648747\n|switch|p1a: Abomasnow|Abomasnow, M|48\/100|[from] U-turn\n|-weather|Snow|[from] ability: Snow Warning|[of] p1a: Abomasnow\n|move|p2a: stannin on bihness|Infestation|p1a: Abomasnow\n|-supereffective|p1a: Abomasnow\n|-damage|p1a: Abomasnow|41\/100\n|-activate|p1a: Abomasnow|move: Infestation|[of] p2a: stannin on bihness\n|\n|-weather|Snow|[upkeep]\n|-damage|p1a: Abomasnow|29\/100|[from] move: Infestation|[partiallytrapped]\n|upkeep\n|turn|63\n|\n|t:|1700648754\n|move|p1a: Abomasnow|Earth Power|p2a: stannin on bihness\n|-supereffective|p2a: stannin on bihness\n|-damage|p2a: stannin on bihness|32\/100\n|-unboost|p2a: stannin on bihness|spd|1\n|move|p2a: stannin on bihness|Toxic|p1a: Abomasnow\n|-status|p1a: Abomasnow|tox\n|\n|-weather|Snow|[upkeep]\n|-damage|p1a: Abomasnow|23\/100 tox|[from] psn\n|-damage|p1a: Abomasnow|11\/100 tox|[from] move: Infestation|[partiallytrapped]\n|upkeep\n|turn|64\n|\n|t:|1700648760\n|switch|p2a: ban dengo ffs|Blissey, F|72\/100\n|move|p1a: Abomasnow|Aurora Veil|p1a: Abomasnow\n|-sidestart|p1: Magenta Maylene|move: Aurora Veil\n|\n|-weather|Snow|[upkeep]\n|-damage|p1a: Abomasnow|0 fnt|[from] psn\n|faint|p1a: Abomasnow\n|upkeep\n|\n|t:|1700648765\n|switch|p1a: Maushold|Maushold|27\/100\n|turn|65\n|\n|t:|1700648781\n|switch|p1a: Gholdengo|Gholdengo|28\/100\n|switch|p2a: FreePalestine\ud83c\uddf5\ud83c\uddf8|Corviknight, F|100\/100\n|-ability|p2a: FreePalestine\ud83c\uddf5\ud83c\uddf8|Pressure\n|\n|-weather|Snow|[upkeep]\n|upkeep\n|turn|66\n|\n|t:|1700648789\n|switch|p2a: ban dengo ffs|Blissey, F|72\/100\n|move|p1a: Gholdengo|Thunderbolt|p2a: ban dengo ffs\n|-damage|p2a: ban dengo ffs|58\/100\n|\n|-weather|none\n|upkeep\n|turn|67\n|\n|t:|1700648794\n|switch|p1a: Maushold|Maushold|27\/100\n|move|p2a: ban dengo ffs|Flamethrower|p1a: Maushold\n|-damage|p1a: Maushold|15\/100\n|\n|upkeep\n|turn|68\n|\n|t:|1700648804\n|switch|p1a: Moltres|Moltres, tera:Water|61\/100\n|switch|p2a: FreePalestine\ud83c\uddf5\ud83c\uddf8|Corviknight, F|100\/100\n|-ability|p2a: FreePalestine\ud83c\uddf5\ud83c\uddf8|Pressure\n|\n|-sideend|p1: Magenta Maylene|move: Aurora Veil\n|upkeep\n|turn|69\n|\n|t:|1700648808\n|switch|p2a: ban dengo ffs|Blissey, F|58\/100\n|move|p1a: Moltres|Will-O-Wisp|p2a: ban dengo ffs\n|-status|p2a: ban dengo ffs|brn\n|\n|-damage|p2a: ban dengo ffs|52\/100 brn|[from] brn\n|upkeep\n|turn|70\n|\n|t:|1700648811\n|move|p1a: Moltres|Flamethrower|p2a: ban dengo ffs\n|-damage|p2a: ban dengo ffs|37\/100 brn\n|move|p2a: ban dengo ffs|Soft-Boiled|p2a: ban dengo ffs\n|-heal|p2a: ban dengo ffs|87\/100 brn\n|\n|-damage|p2a: ban dengo ffs|81\/100 brn|[from] brn\n|upkeep\n|turn|71\n|\n|t:|1700648817\n|-curestatus|p2a: ban dengo ffs|brn|[from] ability: Natural Cure\n|switch|p2a: stannin on bihness|Toxapex, F|65\/100\n|move|p1a: Moltres|Flamethrower|p2a: stannin on bihness\n|-resisted|p2a: stannin on bihness\n|-damage|p2a: stannin on bihness|50\/100\n|\n|upkeep\n|turn|72\n|\n|t:|1700648821\n|switch|p2a: ban dengo ffs|Blissey, F|81\/100\n|move|p1a: Moltres|U-turn|p2a: ban dengo ffs\n|-damage|p2a: ban dengo ffs|68\/100\n|\n|t:|1700648830\n|switch|p1a: Scizor|Scizor, F|94\/100|[from] U-turn\n|\n|upkeep\n|turn|73\n|\n|t:|1700648835\n|switch|p2a: stannin on bihness|Toxapex, F|83\/100\n|move|p1a: Scizor|Close Combat|p2a: stannin on bihness\n|-resisted|p2a: stannin on bihness\n|-damage|p2a: stannin on bihness|63\/100\n|-unboost|p1a: Scizor|def|1\n|-unboost|p1a: Scizor|spd|1\n|\n|upkeep\n|turn|74\n|\n|t:|1700648843\n|switch|p1a: Moltres|Moltres, tera:Water|61\/100\n|move|p2a: stannin on bihness|Infestation|p1a: Moltres\n|-damage|p1a: Moltres|58\/100\n|-activate|p1a: Moltres|move: Infestation|[of] p2a: stannin on bihness\n|\n|-damage|p1a: Moltres|46\/100|[from] move: Infestation|[partiallytrapped]\n|upkeep\n|turn|75\n|\n|t:|1700648846\n|move|p1a: Moltres|Will-O-Wisp|p2a: stannin on bihness\n|-status|p2a: stannin on bihness|brn\n|move|p2a: stannin on bihness|Toxic|p1a: Moltres\n|-status|p1a: Moltres|tox\n|\n|-damage|p1a: Moltres|40\/100 tox|[from] psn\n|-damage|p2a: stannin on bihness|57\/100 brn|[from] brn\n|-damage|p1a: Moltres|28\/100 tox|[from] move: Infestation|[partiallytrapped]\n|upkeep\n|turn|76\n|j| mew852\n|\n|t:|1700648850\n|move|p1a: Moltres|Roost|p1a: Moltres\n|-heal|p1a: Moltres|78\/100 tox\n|move|p2a: stannin on bihness|Recover|p2a: stannin on bihness\n|-heal|p2a: stannin on bihness|100\/100 brn\n|\n|-damage|p1a: Moltres|66\/100 tox|[from] psn\n|-damage|p2a: stannin on bihness|95\/100 brn|[from] brn\n|-damage|p1a: Moltres|54\/100 tox|[from] move: Infestation|[partiallytrapped]\n|upkeep\n|turn|77\n|\n|t:|1700648855\n|move|p1a: Moltres|U-turn|p2a: stannin on bihness\n|-resisted|p2a: stannin on bihness\n|-damage|p2a: stannin on bihness|90\/100 brn\n|\n|t:|1700648860\n|switch|p1a: Gholdengo|Gholdengo|28\/100|[from] U-turn\n|move|p2a: stannin on bihness|Infestation|p1a: Gholdengo\n|-resisted|p1a: Gholdengo\n|-damage|p1a: Gholdengo|27\/100\n|-activate|p1a: Gholdengo|move: Infestation|[of] p2a: stannin on bihness\n|\n|-damage|p2a: stannin on bihness|84\/100 brn|[from] brn\n|-damage|p1a: Gholdengo|15\/100|[from] move: Infestation|[partiallytrapped]\n|upkeep\n|turn|78\n|\n|t:|1700648866\n|switch|p2a: ban dengo ffs|Blissey, F|68\/100\n|move|p1a: Gholdengo|Thunderbolt|p2a: ban dengo ffs\n|-damage|p2a: ban dengo ffs|54\/100\n|\n|-end|p1a: Gholdengo|Infestation|[partiallytrapped]|[silent]\n|upkeep\n|turn|79\n|\n|t:|1700648874\n|switch|p1a: Moltres|Moltres, tera:Water|54\/100 tox\n|move|p2a: ban dengo ffs|Stealth Rock|p1a: Moltres\n|-sidestart|p1: Magenta Maylene|move: Stealth Rock\n|\n|-damage|p1a: Moltres|48\/100 tox|[from] psn\n|upkeep\n|turn|80\n|\n|t:|1700648878\n|switch|p2a: stannin on bihness|Toxapex, F|100\/100 brn\n|move|p1a: Moltres|Roost|p1a: Moltres\n|-heal|p1a: Moltres|98\/100 tox\n|\n|-damage|p1a: Moltres|86\/100 tox|[from] psn\n|-damage|p2a: stannin on bihness|95\/100 brn|[from] brn\n|upkeep\n|turn|81\n|\n|t:|1700648881\n|move|p1a: Moltres|U-turn|p2a: stannin on bihness\n|-resisted|p2a: stannin on bihness\n|-damage|p2a: stannin on bihness|91\/100 brn\n|\n|t:|1700648888\n|switch|p1a: Gholdengo|Gholdengo|15\/100|[from] U-turn\n|move|p2a: stannin on bihness|Infestation|p1a: Gholdengo\n|-resisted|p1a: Gholdengo\n|-damage|p1a: Gholdengo|14\/100\n|-activate|p1a: Gholdengo|move: Infestation|[of] p2a: stannin on bihness\n|\n|-damage|p2a: stannin on bihness|85\/100 brn|[from] brn\n|-damage|p1a: Gholdengo|2\/100|[from] move: Infestation|[partiallytrapped]\n|upkeep\n|turn|82\n|\n|t:|1700648894\n|switch|p2a: ban dengo ffs|Blissey, F|54\/100\n|move|p1a: Gholdengo|Make It Rain|p2a: ban dengo ffs\n|-damage|p2a: ban dengo ffs|27\/100\n|-unboost|p1a: Gholdengo|spa|1\n|\n|-end|p1a: Gholdengo|Infestation|[partiallytrapped]|[silent]\n|upkeep\n|turn|83\n|l| dfghhhg\n|\n|t:|1700648897\n|move|p1a: Gholdengo|Make It Rain|p2a: ban dengo ffs\n|-crit|p2a: ban dengo ffs\n|-damage|p2a: ban dengo ffs|0 fnt\n|-unboost|p1a: Gholdengo|spa|1\n|faint|p2a: ban dengo ffs\n|\n|upkeep\n|\n|t:|1700648903\n|switch|p2a: stannin on bihness|Toxapex, F|100\/100 brn\n|turn|84\n|\n|t:|1700648907\n|move|p1a: Gholdengo|Thunderbolt|p2a: stannin on bihness\n|-supereffective|p2a: stannin on bihness\n|-damage|p2a: stannin on bihness|72\/100 brn\n|move|p2a: stannin on bihness|Infestation|p1a: Gholdengo\n|-resisted|p1a: Gholdengo\n|-damage|p1a: Gholdengo|1\/100\n|-activate|p1a: Gholdengo|move: Infestation|[of] p2a: stannin on bihness\n|\n|-damage|p2a: stannin on bihness|66\/100 brn|[from] brn\n|-damage|p1a: Gholdengo|0 fnt|[from] move: Infestation|[partiallytrapped]\n|faint|p1a: Gholdengo\n|upkeep\n|\n|t:|1700648924\n|switch|p1a: Glimmora|Glimmora, F|100\/100\n|-damage|p1a: Glimmora|88\/100|[from] Stealth Rock\n|turn|85\n|\n|t:|1700648927\n|move|p1a: Glimmora|Earth Power|p2a: stannin on bihness\n|-supereffective|p2a: stannin on bihness\n|-damage|p2a: stannin on bihness|13\/100 brn\n|move|p2a: stannin on bihness|Surf|p1a: Glimmora\n|-supereffective|p1a: Glimmora\n|-damage|p1a: Glimmora|39\/100\n|\n|-damage|p2a: stannin on bihness|7\/100 brn|[from] brn\n|upkeep\n|turn|86\n|\n|t:|1700648934\n|switch|p2a: FreePalestine\ud83c\uddf5\ud83c\uddf8|Corviknight, F|100\/100\n|-ability|p2a: FreePalestine\ud83c\uddf5\ud83c\uddf8|Pressure\n|move|p1a: Glimmora|Earth Power|p2a: FreePalestine\ud83c\uddf5\ud83c\uddf8\n|-immune|p2a: FreePalestine\ud83c\uddf5\ud83c\uddf8\n|\n|upkeep\n|turn|87\n|\n|t:|1700648945\n|move|p1a: Glimmora|Power Gem|p2a: FreePalestine\ud83c\uddf5\ud83c\uddf8\n|-damage|p2a: FreePalestine\ud83c\uddf5\ud83c\uddf8|63\/100\n|move|p2a: FreePalestine\ud83c\uddf5\ud83c\uddf8|U-turn|p1a: Glimmora\n|-resisted|p1a: Glimmora\n|-damage|p1a: Glimmora|30\/100\n|-activate|p1a: Glimmora|ability: Toxic Debris\n|-sidestart|p2: yyysneasel|move: Toxic Spikes\n|\n|t:|1700648949\n|switch|p2a: Slowking|Slowking-Galar, M|100\/100|[from] U-turn\n|-sideend|p2: yyysneasel|move: Toxic Spikes|[of] p2a: Slowking\n|\n|upkeep\n|turn|88\n|\n|t:|1700648954\n|move|p1a: Glimmora|Earth Power|p2a: Slowking\n|-supereffective|p2a: Slowking\n|-damage|p2a: Slowking|41\/100\n|move|p2a: Slowking|Future Sight|p1a: Glimmora\n|-start|p2a: Slowking|move: Future Sight\n|\n|upkeep\n|turn|89\n|\n|t:|1700648960\n|switch|p2a: FreePalestine\ud83c\uddf5\ud83c\uddf8|Corviknight, F|63\/100\n|-ability|p2a: FreePalestine\ud83c\uddf5\ud83c\uddf8|Pressure\n|move|p1a: Glimmora|Power Gem|p2a: FreePalestine\ud83c\uddf5\ud83c\uddf8\n|-damage|p2a: FreePalestine\ud83c\uddf5\ud83c\uddf8|24\/100\n|\n|upkeep\n|turn|90\n|\n|t:|1700648968\n|move|p1a: Glimmora|Power Gem|p2a: FreePalestine\ud83c\uddf5\ud83c\uddf8\n|-damage|p2a: FreePalestine\ud83c\uddf5\ud83c\uddf8|0 fnt\n|faint|p2a: FreePalestine\ud83c\uddf5\ud83c\uddf8\n|\n|-end|p1a: Glimmora|move: Future Sight\n|-supereffective|p1a: Glimmora\n|-damage|p1a: Glimmora|0 fnt\n|faint|p1a: Glimmora\n|upkeep\n|l| Sandream\n|\n|t:|1700648980\n|switch|p1a: Scizor|Scizor, F|94\/100\n|switch|p2a: stannin on bihness|Toxapex, F|40\/100 brn\n|-damage|p1a: Scizor|81\/100|[from] Stealth Rock\n|turn|91\n|\n|t:|1700648984\n|move|p1a: Scizor|Defog|p2a: stannin on bihness\n|-unboost|p2a: stannin on bihness|evasion|1\n|-sideend|p1: Magenta Maylene|Stealth Rock|[from] move: Defog|[of] p1a: Scizor\n|move|p2a: stannin on bihness|Recover|p2a: stannin on bihness\n|-heal|p2a: stannin on bihness|90\/100 brn\n|\n|-damage|p2a: stannin on bihness|84\/100 brn|[from] brn\n|upkeep\n|turn|92\n|\n|t:|1700648990\n|switch|p1a: Moltres|Moltres, tera:Water|86\/100 tox\n|move|p2a: stannin on bihness|Surf|p1a: Moltres\n|-resisted|p1a: Moltres\n|-damage|p1a: Moltres|77\/100 tox\n|\n|-damage|p1a: Moltres|71\/100 tox|[from] psn\n|-damage|p2a: stannin on bihness|78\/100 brn|[from] brn\n|upkeep\n|turn|93\n|\n|t:|1700648996\n|move|p1a: Moltres|Flamethrower|p2a: stannin on bihness\n|-resisted|p2a: stannin on bihness\n|-damage|p2a: stannin on bihness|63\/100 brn\n|move|p2a: stannin on bihness|Infestation|p1a: Moltres\n|-damage|p1a: Moltres|68\/100 tox\n|-activate|p1a: Moltres|move: Infestation|[of] p2a: stannin on bihness\n|\n|-damage|p1a: Moltres|56\/100 tox|[from] psn\n|-damage|p2a: stannin on bihness|57\/100 brn|[from] brn\n|-damage|p1a: Moltres|44\/100 tox|[from] move: Infestation|[partiallytrapped]\n|upkeep\n|turn|94\n|\n|t:|1700649001\n|move|p1a: Moltres|Roost|p1a: Moltres\n|-heal|p1a: Moltres|94\/100 tox\n|move|p2a: stannin on bihness|Recover|p2a: stannin on bihness\n|-heal|p2a: stannin on bihness|100\/100 brn\n|\n|-damage|p1a: Moltres|76\/100 tox|[from] psn\n|-damage|p2a: stannin on bihness|95\/100 brn|[from] brn\n|-damage|p1a: Moltres|63\/100 tox|[from] move: Infestation|[partiallytrapped]\n|upkeep\n|turn|95\n|\n|t:|1700649010\n|move|p1a: Moltres|U-turn|p2a: stannin on bihness\n|-resisted|p2a: stannin on bihness\n|-damage|p2a: stannin on bihness|90\/100 brn\n|\n|t:|1700649013\n|switch|p1a: Scizor|Scizor, F|81\/100|[from] U-turn\n|move|p2a: stannin on bihness|Infestation|p1a: Scizor\n|-resisted|p1a: Scizor\n|-damage|p1a: Scizor|80\/100\n|-activate|p1a: Scizor|move: Infestation|[of] p2a: stannin on bihness\n|\n|-damage|p2a: stannin on bihness|84\/100 brn|[from] brn\n|-damage|p1a: Scizor|67\/100|[from] move: Infestation|[partiallytrapped]\n|upkeep\n|turn|96\n|\n|t:|1700649016\n|move|p1a: Scizor|U-turn|p2a: stannin on bihness\n|-resisted|p2a: stannin on bihness\n|-damage|p2a: stannin on bihness|67\/100 brn\n|\n|t:|1700649023\n|switch|p1a: Moltres|Moltres, tera:Water|63\/100 tox|[from] U-turn\n|move|p2a: stannin on bihness|Surf|p1a: Moltres\n|-resisted|p1a: Moltres\n|-damage|p1a: Moltres|53\/100 tox\n|\n|-damage|p1a: Moltres|47\/100 tox|[from] psn\n|-damage|p2a: stannin on bihness|61\/100 brn|[from] brn\n|upkeep\n|turn|97\n|\n|t:|1700649026\n|move|p1a: Moltres|Roost|p1a: Moltres\n|-heal|p1a: Moltres|97\/100 tox\n|move|p2a: stannin on bihness|Infestation|p1a: Moltres\n|-damage|p1a: Moltres|94\/100 tox\n|-activate|p1a: Moltres|move: Infestation|[of] p2a: stannin on bihness\n|\n|-damage|p1a: Moltres|82\/100 tox|[from] psn\n|-damage|p2a: stannin on bihness|55\/100 brn|[from] brn\n|-damage|p1a: Moltres|70\/100 tox|[from] move: Infestation|[partiallytrapped]\n|upkeep\n|turn|98\n|\n|t:|1700649044\n|move|p1a: Moltres|U-turn|p2a: stannin on bihness\n|-resisted|p2a: stannin on bihness\n|-damage|p2a: stannin on bihness|50\/100 brn\n|\n|t:|1700649049\n|switch|p1a: Maushold|Maushold|15\/100|[from] U-turn\n|move|p2a: stannin on bihness|Infestation|p1a: Maushold\n|-damage|p1a: Maushold|11\/100\n|-activate|p1a: Maushold|move: Infestation|[of] p2a: stannin on bihness\n|\n|-damage|p2a: stannin on bihness|44\/100 brn|[from] brn\n|-damage|p1a: Maushold|0 fnt|[from] move: Infestation|[partiallytrapped]\n|faint|p1a: Maushold\n|upkeep\n|\n|t:|1700649051\n|switch|p1a: Scizor|Scizor, F|67\/100\n|turn|99\n|\n|t:|1700649057\n|move|p1a: Scizor|U-turn|p2a: stannin on bihness\n|-resisted|p2a: stannin on bihness\n|-damage|p2a: stannin on bihness|28\/100 brn\n|\n|t:|1700649060\n|switch|p1a: Moltres|Moltres, tera:Water|70\/100 tox|[from] U-turn\n|move|p2a: stannin on bihness|Recover|p2a: stannin on bihness\n|-heal|p2a: stannin on bihness|78\/100 brn\n|\n|-damage|p1a: Moltres|64\/100 tox|[from] psn\n|-damage|p2a: stannin on bihness|72\/100 brn|[from] brn\n|upkeep\n|turn|100\n|j| Pospo\n|\n|t:|1700649065\n|move|p1a: Moltres|Flamethrower|p2a: stannin on bihness\n|-resisted|p2a: stannin on bihness\n|-damage|p2a: stannin on bihness|57\/100 brn\n|move|p2a: stannin on bihness|Infestation|p1a: Moltres\n|-damage|p1a: Moltres|61\/100 tox\n|-activate|p1a: Moltres|move: Infestation|[of] p2a: stannin on bihness\n|\n|-damage|p1a: Moltres|49\/100 tox|[from] psn\n|-damage|p2a: stannin on bihness|51\/100 brn|[from] brn\n|-damage|p1a: Moltres|37\/100 tox|[from] move: Infestation|[partiallytrapped]\n|upkeep\n|turn|101\n|\n|t:|1700649070\n|move|p1a: Moltres|Roost|p1a: Moltres\n|-heal|p1a: Moltres|87\/100 tox\n|move|p2a: stannin on bihness|Recover|p2a: stannin on bihness\n|-heal|p2a: stannin on bihness|100\/100 brn\n|\n|-damage|p1a: Moltres|69\/100 tox|[from] psn\n|-damage|p2a: stannin on bihness|95\/100 brn|[from] brn\n|-damage|p1a: Moltres|57\/100 tox|[from] move: Infestation|[partiallytrapped]\n|upkeep\n|turn|102\n|l| Pospo\n|\n|t:|1700649081\n|move|p1a: Moltres|U-turn|p2a: stannin on bihness\n|-resisted|p2a: stannin on bihness\n|-damage|p2a: stannin on bihness|90\/100 brn\n|j| Ctannn\n|\n|t:|1700649083\n|switch|p1a: Scizor|Scizor, F|67\/100|[from] U-turn\n|move|p2a: stannin on bihness|Surf|p1a: Scizor\n|-crit|p1a: Scizor\n|-damage|p1a: Scizor|33\/100\n|\n|-damage|p2a: stannin on bihness|84\/100 brn|[from] brn\n|upkeep\n|turn|103\n|\n|t:|1700649088\n|move|p1a: Scizor|U-turn|p2a: stannin on bihness\n|-resisted|p2a: stannin on bihness\n|-damage|p2a: stannin on bihness|65\/100 brn\n|j| Kingston9629\n|\n|t:|1700649104\n|switch|p1a: Moltres|Moltres, tera:Water|57\/100 tox|[from] U-turn\n|move|p2a: stannin on bihness|Infestation|p1a: Moltres\n|-damage|p1a: Moltres|54\/100 tox\n|-activate|p1a: Moltres|move: Infestation|[of] p2a: stannin on bihness\n|\n|-damage|p1a: Moltres|48\/100 tox|[from] psn\n|-damage|p2a: stannin on bihness|59\/100 brn|[from] brn\n|-damage|p1a: Moltres|36\/100 tox|[from] move: Infestation|[partiallytrapped]\n|upkeep\n|turn|104\n|\n|t:|1700649109\n|move|p1a: Moltres|Roost|p1a: Moltres\n|-heal|p1a: Moltres|86\/100 tox\n|move|p2a: stannin on bihness|Surf|p1a: Moltres\n|-resisted|p1a: Moltres\n|-damage|p1a: Moltres|76\/100 tox\n|\n|-damage|p1a: Moltres|64\/100 tox|[from] psn\n|-damage|p2a: stannin on bihness|53\/100 brn|[from] brn\n|-damage|p1a: Moltres|52\/100 tox|[from] move: Infestation|[partiallytrapped]\n|upkeep\n|turn|105\n|\n|t:|1700649114\n|move|p1a: Moltres|Roost|p1a: Moltres\n|-heal|p1a: Moltres|100\/100 tox\n|move|p2a: stannin on bihness|Recover|p2a: stannin on bihness\n|-heal|p2a: stannin on bihness|100\/100 brn\n|\n|-damage|p1a: Moltres|82\/100 tox|[from] psn\n|-damage|p2a: stannin on bihness|95\/100 brn|[from] brn\n|-damage|p1a: Moltres|70\/100 tox|[from] move: Infestation|[partiallytrapped]\n|upkeep\n|turn|106\n|\n|t:|1700649118\n|move|p1a: Moltres|Flamethrower|p2a: stannin on bihness\n|-resisted|p2a: stannin on bihness\n|-damage|p2a: stannin on bihness|78\/100 brn\n|move|p2a: stannin on bihness|Infestation|p1a: Moltres\n|-damage|p1a: Moltres|67\/100 tox\n|\n|-damage|p1a: Moltres|43\/100 tox|[from] psn\n|-damage|p2a: stannin on bihness|72\/100 brn|[from] brn\n|-damage|p1a: Moltres|31\/100 tox|[from] move: Infestation|[partiallytrapped]\n|upkeep\n|turn|107\n|\n|t:|1700649124\n|move|p1a: Moltres|U-turn|p2a: stannin on bihness\n|-resisted|p2a: stannin on bihness\n|-damage|p2a: stannin on bihness|68\/100 brn\n|\n|t:|1700649126\n|switch|p1a: Scizor|Scizor, F|33\/100|[from] U-turn\n|move|p2a: stannin on bihness|Infestation|p1a: Scizor\n|-resisted|p1a: Scizor\n|-damage|p1a: Scizor|32\/100\n|-activate|p1a: Scizor|move: Infestation|[of] p2a: stannin on bihness\n|\n|-damage|p2a: stannin on bihness|62\/100 brn|[from] brn\n|-damage|p1a: Scizor|19\/100|[from] move: Infestation|[partiallytrapped]\n|upkeep\n|turn|108\n|\n|t:|1700649129\n|move|p1a: Scizor|U-turn|p2a: stannin on bihness\n|-resisted|p2a: stannin on bihness\n|-damage|p2a: stannin on bihness|42\/100 brn\n|\n|t:|1700649133\n|switch|p1a: Moltres|Moltres, tera:Water|31\/100 tox|[from] U-turn\n|move|p2a: stannin on bihness|Surf|p1a: Moltres\n|-resisted|p1a: Moltres\n|-damage|p1a: Moltres|21\/100 tox\n|\n|-damage|p1a: Moltres|15\/100 tox|[from] psn\n|-damage|p2a: stannin on bihness|36\/100 brn|[from] brn\n|upkeep\n|turn|109\n|\n|t:|1700649135\n|move|p1a: Moltres|Flamethrower|p2a: stannin on bihness\n|-resisted|p2a: stannin on bihness\n|-damage|p2a: stannin on bihness|22\/100 brn\n|move|p2a: stannin on bihness|Recover|p2a: stannin on bihness\n|-heal|p2a: stannin on bihness|72\/100 brn\n|\n|-damage|p1a: Moltres|3\/100 tox|[from] psn\n|-damage|p2a: stannin on bihness|66\/100 brn|[from] brn\n|upkeep\n|turn|110\n|\n|t:|1700649145\n|move|p1a: Moltres|Flamethrower|p2a: stannin on bihness\n|-resisted|p2a: stannin on bihness\n|-damage|p2a: stannin on bihness|50\/100 brn\n|move|p2a: stannin on bihness|Recover|p2a: stannin on bihness\n|-heal|p2a: stannin on bihness|99\/100 brn\n|\n|-damage|p1a: Moltres|0 fnt|[from] psn\n|faint|p1a: Moltres\n|-damage|p2a: stannin on bihness|94\/100 brn|[from] brn\n|upkeep\n|\n|t:|1700649154\n|switch|p1a: Scizor|Scizor, F|19\/100\n|turn|111\n|\n|t:|1700649157\n|move|p1a: Scizor|Close Combat|p2a: stannin on bihness\n|-resisted|p2a: stannin on bihness\n|-damage|p2a: stannin on bihness|75\/100 brn\n|-unboost|p1a: Scizor|def|1\n|-unboost|p1a: Scizor|spd|1\n|move|p2a: stannin on bihness|Infestation|p1a: Scizor\n|-resisted|p1a: Scizor\n|-damage|p1a: Scizor|17\/100\n|-activate|p1a: Scizor|move: Infestation|[of] p2a: stannin on bihness\n|\n|-damage|p2a: stannin on bihness|69\/100 brn|[from] brn\n|-damage|p1a: Scizor|4\/100|[from] move: Infestation|[partiallytrapped]\n|upkeep\n|turn|112\n|\n|t:|1700649161\n|move|p1a: Scizor|Close Combat|p2a: stannin on bihness\n|-resisted|p2a: stannin on bihness\n|-damage|p2a: stannin on bihness|50\/100 brn\n|-unboost|p1a: Scizor|def|1\n|-unboost|p1a: Scizor|spd|1\n|move|p2a: stannin on bihness|Surf|p1a: Scizor\n|-damage|p1a: Scizor|0 fnt\n|faint|p1a: Scizor\n|\n|win|yyysneasel\n|raw|Magenta Maylene's rating: 1586 &rarr; <strong>1570<\/strong><br \/>(-16 for losing)\n|raw|yyysneasel's rating: 1664 &rarr; <strong>1680<\/strong><br \/>(+16 for winning)\n|c|\u2606yyysneasel|gg\n|l|\u2606Magenta Maylene\n|l|\u2606yyysneasel\n","uploadtime":1700649178,"views":0,"p1id":"magentamaylene","p2id":"yyysneasel","formatid":"gen9ou","rating":1570,"private":0,"password":""}