{"id":"gen9ou-1997995785","p1":"Dom Pedro 2","p2":"Jo Seph GD","format":"[Gen 9] OU","log":"|j|\u2606Dom Pedro 2\n|j|\u2606Jo Seph GD\n|t:|1700876765\n|gametype|singles\n|player|p1|Dom Pedro 2|bruno|1011\n|player|p2|Jo Seph GD|hilbert-wonderlauncher|1000\n|teamsize|p1|6\n|teamsize|p2|6\n|gen|9\n|tier|[Gen 9] OU\n|rated|\n|rule|Sleep Clause Mod: Limit one foe put to sleep\n|rule|Species Clause: Limit one of each Pok\u00e9mon\n|rule|OHKO Clause: OHKO moves are banned\n|rule|Evasion Items Clause: Evasion items are banned\n|rule|Evasion Moves Clause: Evasion moves are banned\n|rule|Endless Battle Clause: Forcing endless battles is banned\n|rule|HP Percentage Mod: HP is shown in percentages\n|clearpoke\n|poke|p1|Gardevoir, F|\n|poke|p1|Toxtricity, M|\n|poke|p1|Tinkaton, F|\n|poke|p1|Ceruledge, M|\n|poke|p1|Meowscarada, F|\n|poke|p1|Garchomp, F|\n|poke|p2|Rillaboom, M|\n|poke|p2|Slowking-Galar, M|\n|poke|p2|Manaphy|\n|poke|p2|Pelipper, F|\n|poke|p2|Armarouge, F|\n|poke|p2|Landorus-Therian, M|\n|teampreview\n|\n|t:|1700876775\n|start\n|switch|p1a: Gardevoir|Gardevoir, F|100\/100\n|switch|p2a: Slowking|Slowking-Galar, M, shiny|100\/100\n|-ability|p1a: Gardevoir|Regenerator|[from] ability: Trace|[of] p2a: Slowking\n|turn|1\n|\n|t:|1700876803\n|move|p1a: Gardevoir|Psychic|p2a: Slowking\n|-damage|p2a: Slowking|48\/100\n|-unboost|p2a: Slowking|spd|1\n|move|p2a: Slowking|Toxic Spikes|p1a: Gardevoir\n|-sidestart|p1: Dom Pedro 2|move: Toxic Spikes\n|\n|-heal|p2a: Slowking|55\/100|[from] item: Black Sludge\n|upkeep\n|turn|2\n|\n|t:|1700876819\n|switch|p2a: Armarouge|Armarouge, F|100\/100\n|move|p1a: Gardevoir|Psychic|p2a: Armarouge\n|-resisted|p2a: Armarouge\n|-damage|p2a: Armarouge|60\/100\n|\n|upkeep\n|turn|3\n|\n|t:|1700876829\n|switch|p1a: Meowscarada|Meowscarada, F, shiny|100\/100\n|move|p2a: Armarouge|Flamethrower|p1a: Meowscarada\n|-supereffective|p1a: Meowscarada\n|-damage|p1a: Meowscarada|0 fnt\n|faint|p1a: Meowscarada\n|\n|upkeep\n|\n|t:|1700876833\n|switch|p1a: Garchomp|Garchomp, F|100\/100\n|-status|p1a: Garchomp|psn\n|turn|4\n|\n|t:|1700876855\n|switch|p2a: Rillaboom|Rillaboom, M|100\/100\n|-fieldstart|move: Grassy Terrain|[from] ability: Grassy Surge|[of] p2a: Rillaboom\n|move|p1a: Garchomp|Earthquake|p2a: Rillaboom\n|-resisted|p2a: Rillaboom\n|-damage|p2a: Rillaboom|87\/100\n|\n|-heal|p2a: Rillaboom|93\/100|[from] Grassy Terrain\n|-heal|p2a: Rillaboom|99\/100|[from] item: Leftovers\n|-damage|p1a: Garchomp|88\/100 psn|[from] psn\n|upkeep\n|turn|5\n|\n|t:|1700876868\n|move|p1a: Garchomp|Iron Head|p2a: Rillaboom\n|-damage|p2a: Rillaboom|70\/100\n|move|p2a: Rillaboom|Drum Beating|p1a: Garchomp\n|-damage|p1a: Garchomp|39\/100 psn\n|-unboost|p1a: Garchomp|spe|1\n|\n|-heal|p2a: Rillaboom|76\/100|[from] Grassy Terrain\n|-heal|p2a: Rillaboom|82\/100|[from] item: Leftovers\n|-heal|p1a: Garchomp|45\/100 psn|[from] Grassy Terrain\n|-damage|p1a: Garchomp|32\/100 psn|[from] psn\n|upkeep\n|turn|6\n|\n|t:|1700876886\n|move|p2a: Rillaboom|Drum Beating|p1a: Garchomp\n|-damage|p1a: Garchomp|0 fnt\n|faint|p1a: Garchomp\n|\n|-heal|p2a: Rillaboom|88\/100|[from] Grassy Terrain\n|-heal|p2a: Rillaboom|95\/100|[from] item: Leftovers\n|upkeep\n|\n|t:|1700876890\n|switch|p1a: Ceruledge|Ceruledge, M, shiny|100\/100\n|turn|7\n|\n|t:|1700876895\n|switch|p2a: Pelipper|Pelipper, F, shiny|100\/100\n|-weather|RainDance|[from] ability: Drizzle|[of] p2a: Pelipper\n|move|p1a: Ceruledge|Bitter Blade|p2a: Pelipper\n|-resisted|p2a: Pelipper\n|-damage|p2a: Pelipper|92\/100\n|\n|-weather|RainDance|[upkeep]\n|upkeep\n|turn|8\n|\n|t:|1700876905\n|move|p1a: Ceruledge|Destiny Bond|p1a: Ceruledge\n|-singlemove|p1a: Ceruledge|Destiny Bond\n|move|p2a: Pelipper|Surf|p1a: Ceruledge\n|-supereffective|p1a: Ceruledge\n|-damage|p1a: Ceruledge|0 fnt\n|faint|p1a: Ceruledge\n|-activate|p1a: Ceruledge|move: Destiny Bond\n|faint|p2a: Pelipper\n|\n|-weather|RainDance|[upkeep]\n|-fieldend|move: Grassy Terrain\n|upkeep\n|\n|t:|1700876919\n|switch|p1a: Gardevoir|Gardevoir, F|100\/100\n|switch|p2a: Manaphy|Manaphy|100\/100\n|-status|p1a: Gardevoir|psn\n|-ability|p1a: Gardevoir|Hydration|[from] ability: Trace|[of] p2a: Manaphy\n|turn|9\n|\n|t:|1700876929\n|move|p2a: Manaphy|Light Screen|p2a: Manaphy\n|-sidestart|p2: Jo Seph GD|move: Light Screen\n|move|p1a: Gardevoir|Psychic|p2a: Manaphy\n|-damage|p2a: Manaphy|69\/100\n|-unboost|p2a: Manaphy|spd|1\n|\n|-weather|RainDance|[upkeep]\n|-activate|p1a: Gardevoir|ability: Hydration\n|-curestatus|p1a: Gardevoir|psn|[msg]\n|upkeep\n|turn|10\n|\n|t:|1700876940\n|move|p2a: Manaphy|Scald|p1a: Gardevoir\n|-damage|p1a: Gardevoir|42\/100\n|-status|p1a: Gardevoir|brn\n|move|p1a: Gardevoir|Psychic|p2a: Manaphy\n|-damage|p2a: Manaphy|17\/100\n|-enditem|p2a: Manaphy|Wiki Berry|[eat]\n|-heal|p2a: Manaphy|50\/100|[from] item: Wiki Berry\n|\n|-weather|RainDance|[upkeep]\n|-activate|p1a: Gardevoir|ability: Hydration\n|-curestatus|p1a: Gardevoir|brn|[msg]\n|upkeep\n|turn|11\n|\n|t:|1700876951\n|move|p2a: Manaphy|Scald|p1a: Gardevoir\n|-damage|p1a: Gardevoir|0 fnt\n|faint|p1a: Gardevoir\n|\n|-weather|RainDance|[upkeep]\n|upkeep\n|\n|t:|1700876958\n|switch|p1a: Tinkaton|Tinkaton, F|100\/100\n|-ability|p1a: Tinkaton|Mold Breaker\n|turn|12\n|\n|t:|1700876984\n|move|p2a: Manaphy|Energy Ball|p1a: Tinkaton\n|-resisted|p1a: Tinkaton\n|-damage|p1a: Tinkaton|87\/100\n|move|p1a: Tinkaton|Gigaton Hammer|p2a: Manaphy\n|-resisted|p2a: Manaphy\n|-damage|p2a: Manaphy|20\/100\n|\n|-weather|RainDance|[upkeep]\n|-heal|p1a: Tinkaton|93\/100|[from] item: Leftovers\n|upkeep\n|turn|13\n|\n|t:|1700877008\n|switch|p2a: Landorus|Landorus-Therian, M, shiny|100\/100\n|-ability|p2a: Landorus|Intimidate|boost\n|-unboost|p1a: Tinkaton|atk|1\n|move|p1a: Tinkaton|Play Rough|p2a: Landorus\n|-damage|p2a: Landorus|84\/100\n|-unboost|p2a: Landorus|atk|1\n|\n|-weather|RainDance|[upkeep]\n|-heal|p1a: Tinkaton|99\/100|[from] item: Leftovers\n|-sideend|p2: Jo Seph GD|move: Light Screen\n|upkeep\n|turn|14\n|\n|t:|1700877020\n|move|p1a: Tinkaton|Brick Break|p2a: Landorus\n|-resisted|p2a: Landorus\n|-damage|p2a: Landorus|80\/100\n|move|p2a: Landorus|Stealth Rock|p1a: Tinkaton\n|-sidestart|p1: Dom Pedro 2|move: Stealth Rock\n|\n|-weather|none\n|-heal|p1a: Tinkaton|100\/100|[from] item: Leftovers\n|upkeep\n|turn|15\n|\n|t:|1700877028\n|move|p1a: Tinkaton|Gigaton Hammer|p2a: Landorus\n|-damage|p2a: Landorus|51\/100\n|move|p2a: Landorus|Earthquake|p1a: Tinkaton\n|-supereffective|p1a: Tinkaton\n|-damage|p1a: Tinkaton|6\/100\n|\n|-heal|p1a: Tinkaton|12\/100|[from] item: Leftovers\n|upkeep\n|turn|16\n|inactive|Battle timer is ON: inactive players will automatically lose when time's up. (requested by Jo Seph GD)\n|\n|t:|1700877101\n|move|p1a: Tinkaton|Knock Off|p2a: Landorus\n|-damage|p2a: Landorus|41\/100\n|-enditem|p2a: Landorus|Heavy-Duty Boots|[from] move: Knock Off|[of] p1a: Tinkaton\n|move|p2a: Landorus|Earthquake|p1a: Tinkaton\n|-supereffective|p1a: Tinkaton\n|-damage|p1a: Tinkaton|0 fnt\n|faint|p1a: Tinkaton\n|\n|upkeep\n|-message|Dom Pedro 2 forfeited.\n|\n|win|Jo Seph GD\n|raw|Dom Pedro 2's rating: 1011 &rarr; <strong>1000<\/strong><br \/>(-11 for losing)\n|raw|Jo Seph GD's rating: 1000 &rarr; <strong>1041<\/strong><br \/>(+41 for winning)\n|l|\u2606Dom Pedro 2\n","uploadtime":1700877123,"views":4,"p1id":"dompedro2","p2id":"josephgd","formatid":"gen9ou","rating":1000,"private":0,"password":""}