{"id":"gen9ou-1995328440","p1":"crotes69","p2":"Flyingtaco43","format":"[Gen 9] OU","log":"|j|\u2606crotes69\n|j|\u2606Flyingtaco43\n|t:|1700554500\n|gametype|singles\n|player|p1|crotes69|101|1603\n|player|p2|Flyingtaco43|elesa|1605\n|teamsize|p1|6\n|teamsize|p2|6\n|gen|9\n|tier|[Gen 9] OU\n|rated|\n|rule|Sleep Clause Mod: Limit one foe put to sleep\n|rule|Species Clause: Limit one of each Pok\u00e9mon\n|rule|OHKO Clause: OHKO moves are banned\n|rule|Evasion Items Clause: Evasion items are banned\n|rule|Evasion Moves Clause: Evasion moves are banned\n|rule|Endless Battle Clause: Forcing endless battles is banned\n|rule|HP Percentage Mod: HP is shown in percentages\n|clearpoke\n|poke|p1|Enamorus, F|\n|poke|p1|Cinderace, M|\n|poke|p1|Rillaboom, F|\n|poke|p1|Clodsire, M|\n|poke|p1|Zapdos|\n|poke|p1|Kingambit, M|\n|poke|p2|Kingambit, F|\n|poke|p2|Ceruledge, M|\n|poke|p2|Walking Wake|\n|poke|p2|Iron Valiant|\n|poke|p2|Ogerpon-Wellspring, F|\n|poke|p2|Glimmora, M|\n|teampreview\n|inactive|Battle timer is ON: inactive players will automatically lose when time's up. (requested by Flyingtaco43)\n|\n|t:|1700554507\n|start\n|switch|p1a: Zapdos|Zapdos|100\/100\n|switch|p2a: Glimmora|Glimmora, M|100\/100\n|turn|1\n|j| Ctannn\n|\n|t:|1700554515\n|move|p2a: Glimmora|Power Gem|p1a: Zapdos\n|-supereffective|p1a: Zapdos\n|-damage|p1a: Zapdos|25\/100\n|move|p1a: Zapdos|Volt Switch|p2a: Glimmora\n|-damage|p2a: Glimmora|59\/100\n|\n|t:|1700554535\n|switch|p1a: Enamorus|Enamorus, F|100\/100|[from] Volt Switch\n|\n|upkeep\n|turn|2\n|\n|t:|1700554544\n|switch|p2a: Ceruledge|Ceruledge, M|100\/100\n|-item|p2a: Ceruledge|Air Balloon\n|move|p1a: Enamorus|Earth Power|p2a: Ceruledge\n|-immune|p2a: Ceruledge\n|\n|upkeep\n|turn|3\n|\n|t:|1700554554\n|switch|p1a: Zapdos|Zapdos|25\/100\n|move|p2a: Ceruledge|Poltergeist|p1a: Zapdos\n|-activate|p1a: Zapdos|move: Poltergeist|Heavy-Duty Boots\n|-damage|p1a: Zapdos|0 fnt\n|faint|p1a: Zapdos\n|\n|upkeep\n|\n|t:|1700554578\n|switch|p1a: Kingambit|Kingambit, M|100\/100\n|-activate|p1a: Kingambit|ability: Supreme Overlord\n|-start|p1a: Kingambit|fallen1|[silent]\n|turn|4\n|\n|t:|1700554593\n|switch|p2a: Glimmora|Glimmora, M|59\/100\n|-terastallize|p1a: Kingambit|Fairy\n|move|p1a: Kingambit|Kowtow Cleave|p2a: Glimmora\n|-damage|p2a: Glimmora|0 fnt\n|-activate|p2a: Glimmora|ability: Toxic Debris\n|-sidestart|p1: crotes69|move: Toxic Spikes\n|faint|p2a: Glimmora\n|\n|upkeep\n|\n|t:|1700554605\n|switch|p2a: Ogerpon|Ogerpon-Wellspring, F|100\/100\n|turn|5\n|\n|t:|1700554625\n|-end|p1a: Kingambit|fallen1|[silent]\n|switch|p1a: Rillaboom|Rillaboom, F|100\/100\n|-status|p1a: Rillaboom|psn\n|-fieldstart|move: Grassy Terrain|[from] ability: Grassy Surge|[of] p1a: Rillaboom\n|move|p2a: Ogerpon|Ivy Cudgel|p1a: Rillaboom|[anim] Ivy Cudgel Water\n|-resisted|p1a: Rillaboom\n|-crit|p1a: Rillaboom\n|-damage|p1a: Rillaboom|51\/100 psn\n|\n|-heal|p1a: Rillaboom|57\/100 psn|[from] Grassy Terrain\n|-damage|p1a: Rillaboom|45\/100 psn|[from] psn\n|upkeep\n|turn|6\n|\n|t:|1700554642\n|switch|p2a: Kingambit|Kingambit, F|100\/100\n|-activate|p2a: Kingambit|ability: Supreme Overlord\n|-start|p2a: Kingambit|fallen1|[silent]\n|move|p1a: Rillaboom|U-turn|p2a: Kingambit\n|-damage|p2a: Kingambit|65\/100\n|\n|t:|1700554661\n|switch|p1a: Enamorus|Enamorus, F|100\/100|[from] U-turn\n|\n|-heal|p2a: Kingambit|71\/100|[from] Grassy Terrain\n|-heal|p2a: Kingambit|77\/100|[from] item: Leftovers\n|upkeep\n|turn|7\n|\n|t:|1700554680\n|move|p2a: Kingambit|Sucker Punch|p1a: Enamorus\n|-resisted|p1a: Enamorus\n|-damage|p1a: Enamorus|67\/100\n|move|p1a: Enamorus|Moonblast|p2a: Kingambit\n|-damage|p2a: Kingambit|0 fnt\n|faint|p2a: Kingambit\n|-end|p2a: Kingambit|fallen1|[silent]\n|\n|upkeep\n|\n|t:|1700554689\n|switch|p2a: Ceruledge|Ceruledge, M|100\/100\n|-item|p2a: Ceruledge|Air Balloon\n|turn|8\n|inactive|crotes69 has 120 seconds left.\n|\n|t:|1700554709\n|switch|p1a: Cinderace|Cinderace, M|100\/100\n|move|p2a: Ceruledge|Swords Dance|p2a: Ceruledge\n|-boost|p2a: Ceruledge|atk|2\n|\n|upkeep\n|turn|9\n|\n|t:|1700554717\n|move|p1a: Cinderace|Sucker Punch|p2a: Ceruledge\n|-start|p1a: Cinderace|typechange|Dark|[from] ability: Libero\n|-supereffective|p2a: Ceruledge\n|-damage|p2a: Ceruledge|7\/100\n|-ability|p2a: Ceruledge|Weak Armor|boost\n|-unboost|p2a: Ceruledge|def|1\n|-boost|p2a: Ceruledge|spe|2\n|-enditem|p2a: Ceruledge|Air Balloon\n|move|p2a: Ceruledge|Poltergeist|p1a: Cinderace\n|-activate|p1a: Cinderace|move: Poltergeist|Heavy-Duty Boots\n|-resisted|p1a: Cinderace\n|-damage|p1a: Cinderace|14\/100\n|\n|-heal|p2a: Ceruledge|13\/100|[from] Grassy Terrain\n|-heal|p1a: Cinderace|20\/100|[from] Grassy Terrain\n|-fieldend|move: Grassy Terrain\n|upkeep\n|turn|10\n|\n|t:|1700554729\n|move|p2a: Ceruledge|Shadow Sneak|p1a: Cinderace\n|-resisted|p1a: Cinderace\n|-damage|p1a: Cinderace|0 fnt\n|faint|p1a: Cinderace\n|\n|upkeep\n|\n|t:|1700554739\n|switch|p1a: Clodsire|Clodsire, M|100\/100\n|-sideend|p1: crotes69|move: Toxic Spikes|[of] p1a: Clodsire\n|turn|11\n|\n|t:|1700554742\n|move|p2a: Ceruledge|Bitter Blade|p1a: Clodsire\n|-damage|p1a: Clodsire|47\/100\n|-heal|p2a: Ceruledge|55\/100|[from] drain|[of] p1a: Clodsire\n|move|p1a: Clodsire|High Horsepower|p2a: Ceruledge\n|-supereffective|p2a: Ceruledge\n|-damage|p2a: Ceruledge|0 fnt\n|faint|p2a: Ceruledge\n|\n|-heal|p1a: Clodsire|53\/100|[from] item: Leftovers\n|upkeep\n|\n|t:|1700554751\n|switch|p2a: Ogerpon|Ogerpon-Wellspring, F|100\/100\n|turn|12\n|\n|t:|1700554759\n|move|p2a: Ogerpon|Encore|p1a: Clodsire\n|-start|p1a: Clodsire|Encore\n|move|p1a: Clodsire|High Horsepower|p2a: Ogerpon\n|-resisted|p2a: Ogerpon\n|-damage|p2a: Ogerpon|84\/100\n|\n|-heal|p1a: Clodsire|59\/100|[from] item: Leftovers\n|upkeep\n|turn|13\n|\n|t:|1700554783\n|switch|p1a: Enamorus|Enamorus, F|67\/100\n|move|p2a: Ogerpon|Horn Leech|p1a: Enamorus\n|-resisted|p1a: Enamorus\n|-damage|p1a: Enamorus|31\/100\n|-heal|p2a: Ogerpon|100\/100|[from] drain|[of] p1a: Enamorus\n|\n|upkeep\n|turn|14\n|\n|t:|1700554789\n|move|p2a: Ogerpon|Ivy Cudgel|p1a: Enamorus|[anim] Ivy Cudgel Water\n|-crit|p1a: Enamorus\n|-damage|p1a: Enamorus|0 fnt\n|faint|p1a: Enamorus\n|\n|upkeep\n|\n|t:|1700554797\n|switch|p1a: Rillaboom|Rillaboom, F|45\/100 psn\n|-fieldstart|move: Grassy Terrain|[from] ability: Grassy Surge|[of] p1a: Rillaboom\n|turn|15\n|\n|t:|1700554814\n|move|p2a: Ogerpon|Ivy Cudgel|p1a: Rillaboom|[anim] Ivy Cudgel Water\n|-resisted|p1a: Rillaboom\n|-damage|p1a: Rillaboom|10\/100 psn\n|move|p1a: Rillaboom|U-turn|p2a: Ogerpon\n|-supereffective|p2a: Ogerpon\n|-damage|p2a: Ogerpon|0 fnt\n|faint|p2a: Ogerpon\n|\n|t:|1700554827\n|switch|p1a: Clodsire|Clodsire, M|59\/100|[from] U-turn\n|\n|-heal|p1a: Clodsire|66\/100|[from] Grassy Terrain\n|-heal|p1a: Clodsire|72\/100|[from] item: Leftovers\n|upkeep\n|\n|t:|1700554832\n|switch|p2a: Iron Valiant|Iron Valiant|100\/100\n|-enditem|p2a: Iron Valiant|Booster Energy\n|-activate|p2a: Iron Valiant|ability: Quark Drive|[fromitem]\n|-start|p2a: Iron Valiant|quarkdrivespe\n|turn|16\n|\n|t:|1700554838\n|move|p2a: Iron Valiant|Calm Mind|p2a: Iron Valiant\n|-boost|p2a: Iron Valiant|spa|1\n|-boost|p2a: Iron Valiant|spd|1\n|move|p1a: Clodsire|Toxic|p2a: Iron Valiant\n|-status|p2a: Iron Valiant|tox\n|\n|-heal|p1a: Clodsire|78\/100|[from] Grassy Terrain\n|-heal|p1a: Clodsire|84\/100|[from] item: Leftovers\n|-damage|p2a: Iron Valiant|94\/100 tox|[from] psn\n|upkeep\n|turn|17\n|\n|t:|1700554845\n|move|p2a: Iron Valiant|Moonblast|p1a: Clodsire\n|-resisted|p1a: Clodsire\n|-damage|p1a: Clodsire|72\/100\n|move|p1a: Clodsire|High Horsepower|p2a: Iron Valiant\n|-damage|p2a: Iron Valiant|63\/100 tox\n|\n|-heal|p2a: Iron Valiant|69\/100 tox|[from] Grassy Terrain\n|-heal|p1a: Clodsire|78\/100|[from] Grassy Terrain\n|-heal|p1a: Clodsire|84\/100|[from] item: Leftovers\n|-damage|p2a: Iron Valiant|57\/100 tox|[from] psn\n|upkeep\n|turn|18\n|\n|t:|1700554848\n|move|p2a: Iron Valiant|Moonblast|p1a: Clodsire\n|-resisted|p1a: Clodsire\n|-damage|p1a: Clodsire|72\/100\n|move|p1a: Clodsire|High Horsepower|p2a: Iron Valiant\n|-damage|p2a: Iron Valiant|21\/100 tox\n|\n|-heal|p2a: Iron Valiant|27\/100 tox|[from] Grassy Terrain\n|-heal|p1a: Clodsire|78\/100|[from] Grassy Terrain\n|-heal|p1a: Clodsire|85\/100|[from] item: Leftovers\n|-damage|p2a: Iron Valiant|8\/100 tox|[from] psn\n|upkeep\n|turn|19\n|\n|t:|1700554851\n|move|p2a: Iron Valiant|Destiny Bond|p2a: Iron Valiant\n|-singlemove|p2a: Iron Valiant|Destiny Bond\n|move|p1a: Clodsire|Recover|p1a: Clodsire\n|-heal|p1a: Clodsire|100\/100\n|\n|-heal|p2a: Iron Valiant|14\/100 tox|[from] Grassy Terrain\n|-damage|p2a: Iron Valiant|0 fnt|[from] psn\n|faint|p2a: Iron Valiant\n|-end|p2a: Iron Valiant|Quark Drive|[silent]\n|-fieldend|move: Grassy Terrain\n|upkeep\n|-message|Flyingtaco43 forfeited.\n|\n|win|crotes69\n|raw|crotes69's rating: 1603 &rarr; <strong>1623<\/strong><br \/>(+20 for winning)\n|raw|Flyingtaco43's rating: 1605 &rarr; <strong>1585<\/strong><br \/>(-20 for losing)\n|l|\u2606Flyingtaco43\n","uploadtime":1700554858,"views":10,"p1id":"crotes69","p2id":"flyingtaco43","formatid":"gen9ou","rating":1585,"private":0,"password":""}