{"id":"gen9ou-1991213256","p1":"Gyltia","p2":"Nayjar","format":"[Gen 9] OU","log":"|j|\u2606Gyltia\n|j|\u2606Nayjar\n|t:|1700057788\n|gametype|singles\n|player|p1|Gyltia|musician|1561\n|player|p2|Nayjar|102|1590\n|teamsize|p1|6\n|teamsize|p2|6\n|gen|9\n|tier|[Gen 9] OU\n|rated|\n|rule|Sleep Clause Mod: Limit one foe put to sleep\n|rule|Species Clause: Limit one of each Pok\u00e9mon\n|rule|OHKO Clause: OHKO moves are banned\n|rule|Evasion Items Clause: Evasion items are banned\n|rule|Evasion Moves Clause: Evasion moves are banned\n|rule|Endless Battle Clause: Forcing endless battles is banned\n|rule|HP Percentage Mod: HP is shown in percentages\n|clearpoke\n|poke|p1|Weezing-Galar, F|\n|poke|p1|Zamazenta-*|\n|poke|p1|Alomomola, F|\n|poke|p1|Zapdos|\n|poke|p1|Cinderace, M|\n|poke|p1|Dragapult, M|\n|poke|p2|Cinderace, F|\n|poke|p2|Arboliva, M|\n|poke|p2|Clefable, M|\n|poke|p2|Great Tusk|\n|poke|p2|Dragonite, M|\n|poke|p2|Alomomola, M|\n|teampreview\n|inactive|Battle timer is ON: inactive players will automatically lose when time's up. (requested by Nayjar)\n|\n|t:|1700057807\n|start\n|switch|p1a: Cinderace|Cinderace, M|100\/100\n|switch|p2a: Cinderace|Cinderace, F|100\/100\n|turn|1\n|j| waterskin\n|\n|t:|1700057815\n|move|p1a: Cinderace|U-turn|p2a: Cinderace\n|-resisted|p2a: Cinderace\n|-damage|p2a: Cinderace|85\/100\n|\n|t:|1700057818\n|switch|p1a: Alomomola|Alomomola, F|100\/100|[from] U-turn\n|move|p2a: Cinderace|U-turn|p1a: Alomomola\n|-start|p2a: Cinderace|typechange|Bug|[from] ability: Libero\n|-damage|p1a: Alomomola|80\/100\n|l|\u2606Nayjar\n|inactive|Nayjar disconnected and has a minute to reconnect!\n|player|p2|\n|j|\u2606Nayjar\n|inactive|Nayjar reconnected and has 140 seconds left.\n|player|p2|Nayjar|102\n|\n|t:|1700057835\n|switch|p2a: Arboliva|Arboliva, M|100\/100|[from] U-turn\n|\n|upkeep\n|turn|2\n|inactive|Gyltia has 120 seconds left.\n|\n|t:|1700057872\n|switch|p1a: Zapdos|Zapdos|100\/100\n|move|p2a: Arboliva|Leaf Storm|p1a: Zapdos\n|-resisted|p1a: Zapdos\n|-damage|p1a: Zapdos|66\/100\n|-unboost|p2a: Arboliva|spa|2\n|\n|upkeep\n|turn|3\n|inactive|Gyltia has 120 seconds left.\n|\n|t:|1700057882\n|switch|p2a: Clefable|Clefable, M|100\/100\n|move|p1a: Zapdos|Hurricane|p2a: Clefable|[miss]\n|-miss|p1a: Zapdos|p2a: Clefable\n|\n|upkeep\n|turn|4\n|j| No Nice Names Left\n|\n|t:|1700057888\n|move|p1a: Zapdos|Volt Switch|p2a: Clefable\n|-damage|p2a: Clefable|73\/100\n|\n|t:|1700057893\n|switch|p1a: Cinderace|Cinderace, M|100\/100|[from] Volt Switch\n|move|p2a: Clefable|Cosmic Power|p2a: Clefable\n|-boost|p2a: Clefable|def|1\n|-boost|p2a: Clefable|spd|1\n|\n|-heal|p2a: Clefable|79\/100|[from] item: Leftovers\n|upkeep\n|turn|5\n|\n|t:|1700057906\n|move|p1a: Cinderace|Pyro Ball|p2a: Clefable\n|-damage|p2a: Clefable|52\/100\n|move|p2a: Clefable|Cosmic Power|p2a: Clefable\n|-boost|p2a: Clefable|def|1\n|-boost|p2a: Clefable|spd|1\n|\n|-heal|p2a: Clefable|58\/100|[from] item: Leftovers\n|upkeep\n|turn|6\n|\n|t:|1700057912\n|move|p1a: Cinderace|U-turn|p2a: Clefable\n|-resisted|p2a: Clefable\n|-crit|p2a: Clefable\n|-damage|p2a: Clefable|45\/100\n|\n|t:|1700057935\n|switch|p1a: Zapdos|Zapdos|66\/100|[from] U-turn\n|move|p2a: Clefable|Moonlight|p2a: Clefable\n|-heal|p2a: Clefable|95\/100\n|\n|-heal|p2a: Clefable|100\/100|[from] item: Leftovers\n|upkeep\n|turn|7\n|\n|t:|1700057941\n|move|p1a: Zapdos|Thunder Wave|p2a: Clefable\n|-status|p2a: Clefable|par\n|move|p2a: Clefable|Cosmic Power|p2a: Clefable\n|-boost|p2a: Clefable|def|1\n|-boost|p2a: Clefable|spd|1\n|\n|upkeep\n|turn|8\n|\n|t:|1700057947\n|move|p1a: Zapdos|Volt Switch|p2a: Clefable\n|-damage|p2a: Clefable|89\/100 par\n|\n|t:|1700057957\n|switch|p1a: Alomomola|Alomomola, F|100\/100|[from] Volt Switch\n|move|p2a: Clefable|Cosmic Power|p2a: Clefable\n|-boost|p2a: Clefable|def|1\n|-boost|p2a: Clefable|spd|1\n|\n|-heal|p2a: Clefable|95\/100 par|[from] item: Leftovers\n|upkeep\n|turn|9\n|\n|t:|1700057963\n|move|p1a: Alomomola|Scald|p2a: Clefable\n|-damage|p2a: Clefable|90\/100 par\n|cant|p2a: Clefable|par\n|\n|-heal|p2a: Clefable|96\/100 par|[from] item: Leftovers\n|upkeep\n|turn|10\n|\n|t:|1700057974\n|cant|p2a: Clefable|par\n|move|p1a: Alomomola|Mirror Coat||[still]\n|-fail|p1a: Alomomola\n|\n|-heal|p2a: Clefable|100\/100 par|[from] item: Leftovers\n|upkeep\n|turn|11\n|\n|t:|1700057979\n|move|p2a: Clefable|Cosmic Power|p2a: Clefable\n|-boost|p2a: Clefable|def|1\n|-boost|p2a: Clefable|spd|1\n|move|p1a: Alomomola|Mirror Coat||[still]\n|-fail|p1a: Alomomola\n|\n|upkeep\n|turn|12\n|\n|t:|1700058006\n|move|p2a: Clefable|Stored Power|p1a: Alomomola\n|-damage|p1a: Alomomola|65\/100\n|move|p1a: Alomomola|Mirror Coat|p2a: Clefable\n|-damage|p2a: Clefable|4\/100 par\n|\n|-heal|p2a: Clefable|10\/100 par|[from] item: Leftovers\n|upkeep\n|turn|13\n|\n|t:|1700058011\n|move|p1a: Alomomola|Aqua Jet|p2a: Clefable\n|-damage|p2a: Clefable|7\/100 par\n|move|p2a: Clefable|Moonlight|p2a: Clefable\n|-heal|p2a: Clefable|57\/100 par\n|\n|-heal|p2a: Clefable|63\/100 par|[from] item: Leftovers\n|upkeep\n|turn|14\n|\n|t:|1700058020\n|move|p1a: Alomomola|Flip Turn|p2a: Clefable\n|-crit|p2a: Clefable\n|-damage|p2a: Clefable|45\/100 par\n|\n|t:|1700058024\n|switch|p1a: Zapdos|Zapdos|66\/100|[from] Flip Turn\n|cant|p2a: Clefable|par\n|\n|-heal|p2a: Clefable|51\/100 par|[from] item: Leftovers\n|upkeep\n|turn|15\n|\n|t:|1700058029\n|move|p1a: Zapdos|Volt Switch|p2a: Clefable\n|-damage|p2a: Clefable|42\/100 par\n|\n|t:|1700058032\n|switch|p1a: Alomomola|Alomomola, F|98\/100|[from] Volt Switch\n|move|p2a: Clefable|Moonlight|p2a: Clefable\n|-heal|p2a: Clefable|92\/100 par\n|\n|-heal|p2a: Clefable|98\/100 par|[from] item: Leftovers\n|upkeep\n|turn|16\n|\n|t:|1700058039\n|cant|p2a: Clefable|par\n|move|p1a: Alomomola|Mirror Coat||[still]\n|-fail|p1a: Alomomola\n|\n|-heal|p2a: Clefable|100\/100 par|[from] item: Leftovers\n|upkeep\n|turn|17\n|\n|t:|1700058045\n|move|p2a: Clefable|Cosmic Power|p2a: Clefable\n|-boost|p2a: Clefable|def|1\n|-boost|p2a: Clefable|spd|1\n|move|p1a: Alomomola|Mirror Coat||[still]\n|-fail|p1a: Alomomola\n|\n|upkeep\n|turn|18\n|\n|t:|1700058048\n|cant|p2a: Clefable|par\n|move|p1a: Alomomola|Mirror Coat||[still]\n|-fail|p1a: Alomomola\n|\n|upkeep\n|turn|19\n|\n|t:|1700058052\n|move|p2a: Clefable|Cosmic Power|p2a: Clefable\n|-boost|p2a: Clefable|def|0\n|-boost|p2a: Clefable|spd|0\n|move|p1a: Alomomola|Mirror Coat||[still]\n|-fail|p1a: Alomomola\n|\n|upkeep\n|turn|20\n|\n|t:|1700058059\n|move|p1a: Alomomola|Flip Turn|p2a: Clefable\n|-damage|p2a: Clefable|97\/100 par\n|\n|t:|1700058062\n|switch|p1a: Zapdos|Zapdos|66\/100|[from] Flip Turn\n|move|p2a: Clefable|Moonblast|p1a: Zapdos\n|-damage|p1a: Zapdos|47\/100\n|\n|-heal|p2a: Clefable|100\/100 par|[from] item: Leftovers\n|upkeep\n|turn|21\n|\n|t:|1700058068\n|move|p1a: Zapdos|Hurricane|p2a: Clefable|[miss]\n|-miss|p1a: Zapdos|p2a: Clefable\n|move|p2a: Clefable|Stored Power|p1a: Zapdos\n|-damage|p1a: Zapdos|5\/100\n|\n|upkeep\n|turn|22\n|\n|t:|1700058071\n|move|p1a: Zapdos|Roost|p1a: Zapdos\n|-heal|p1a: Zapdos|55\/100\n|-singleturn|p1a: Zapdos|move: Roost\n|cant|p2a: Clefable|par\n|\n|upkeep\n|turn|23\n|\n|t:|1700058081\n|move|p1a: Zapdos|Roost|p1a: Zapdos\n|-heal|p1a: Zapdos|100\/100\n|-singleturn|p1a: Zapdos|move: Roost\n|move|p2a: Clefable|Stored Power|p1a: Zapdos\n|-crit|p1a: Zapdos\n|-damage|p1a: Zapdos|40\/100\n|\n|upkeep\n|turn|24\n|\n|t:|1700058088\n|move|p1a: Zapdos|Hurricane|p2a: Clefable|[miss]\n|-miss|p1a: Zapdos|p2a: Clefable\n|move|p2a: Clefable|Stored Power|p1a: Zapdos\n|-damage|p1a: Zapdos|0 fnt\n|faint|p1a: Zapdos\n|\n|upkeep\n|\n|t:|1700058091\n|switch|p1a: Alomomola|Alomomola, F|100\/100\n|turn|25\n|\n|t:|1700058097\n|move|p1a: Alomomola|Flip Turn|p2a: Clefable\n|-damage|p2a: Clefable|97\/100 par\n|\n|t:|1700058114\n|switch|p1a: Cinderace|Cinderace, M|100\/100|[from] Flip Turn\n|move|p2a: Clefable|Moonblast|p1a: Cinderace\n|-resisted|p1a: Cinderace\n|-damage|p1a: Cinderace|79\/100\n|\n|-heal|p2a: Clefable|100\/100 par|[from] item: Leftovers\n|upkeep\n|turn|26\n|\n|t:|1700058120\n|move|p1a: Cinderace|U-turn|p2a: Clefable\n|-resisted|p2a: Clefable\n|-damage|p2a: Clefable|98\/100 par\n|\n|t:|1700058122\n|switch|p1a: Alomomola|Alomomola, F|100\/100|[from] U-turn\n|cant|p2a: Clefable|par\n|\n|-heal|p2a: Clefable|100\/100 par|[from] item: Leftovers\n|upkeep\n|turn|27\n|\n|t:|1700058128\n|cant|p2a: Clefable|par\n|move|p1a: Alomomola|Mirror Coat||[still]\n|-fail|p1a: Alomomola\n|\n|upkeep\n|turn|28\n|\n|t:|1700058132\n|cant|p2a: Clefable|par\n|move|p1a: Alomomola|Mirror Coat||[still]\n|-fail|p1a: Alomomola\n|\n|upkeep\n|turn|29\n|\n|t:|1700058136\n|move|p2a: Clefable|Stored Power|p1a: Alomomola\n|-damage|p1a: Alomomola|57\/100\n|move|p1a: Alomomola|Mirror Coat|p2a: Clefable\n|-damage|p2a: Clefable|0 fnt\n|faint|p2a: Clefable\n|\n|upkeep\n|\n|t:|1700058142\n|switch|p2a: Great Tusk|Great Tusk|100\/100\n|turn|30\n|\n|t:|1700058149\n|move|p2a: Great Tusk|Headlong Rush|p1a: Alomomola\n|-damage|p1a: Alomomola|0 fnt\n|-unboost|p2a: Great Tusk|def|1\n|-unboost|p2a: Great Tusk|spd|1\n|faint|p1a: Alomomola\n|\n|upkeep\n|\n|t:|1700058157\n|switch|p1a: Dragapult|Dragapult, M|100\/100\n|turn|31\n|\n|t:|1700058161\n|-end|p2a: Great Tusk|Protosynthesis|[silent]\n|switch|p2a: Alomomola|Alomomola, M|100\/100\n|move|p1a: Dragapult|Draco Meteor|p2a: Alomomola\n|-damage|p2a: Alomomola|0 fnt\n|-unboost|p1a: Dragapult|spa|2\n|faint|p2a: Alomomola\n|\n|upkeep\n|\n|t:|1700058172\n|switch|p2a: Great Tusk|Great Tusk|100\/100\n|turn|32\n|\n|t:|1700058178\n|switch|p1a: Weezing|Weezing-Galar, F|100\/100\n|-ability|p1a: Weezing|Neutralizing Gas\n|move|p2a: Great Tusk|Headlong Rush|p1a: Weezing\n|-supereffective|p1a: Weezing\n|-damage|p1a: Weezing|0 fnt\n|-unboost|p2a: Great Tusk|def|1\n|-unboost|p2a: Great Tusk|spd|1\n|faint|p1a: Weezing\n|-end|p1a: Weezing|ability: Neutralizing Gas\n|\n|upkeep\n|\n|t:|1700058185\n|switch|p1a: Dragapult|Dragapult, M|100\/100\n|turn|33\n|\n|t:|1700058199\n|-end|p2a: Great Tusk|Protosynthesis|[silent]\n|switch|p2a: Cinderace|Cinderace, F|85\/100\n|move|p1a: Dragapult|Draco Meteor|p2a: Cinderace\n|-damage|p2a: Cinderace|0 fnt\n|-unboost|p1a: Dragapult|spa|2\n|faint|p2a: Cinderace\n|\n|upkeep\n|\n|t:|1700058206\n|switch|p2a: Dragonite|Dragonite, M|100\/100\n|turn|34\n|\n|t:|1700058211\n|-terastallize|p1a: Dragapult|Dragon\n|move|p1a: Dragapult|Draco Meteor|p2a: Dragonite\n|-supereffective|p2a: Dragonite\n|-damage|p2a: Dragonite|48\/100\n|-unboost|p1a: Dragapult|spa|2\n|move|p2a: Dragonite|Dragon Dance|p2a: Dragonite\n|-boost|p2a: Dragonite|atk|1\n|-boost|p2a: Dragonite|spe|1\n|\n|upkeep\n|turn|35\n|\n|t:|1700058218\n|-terastallize|p2a: Dragonite|Normal\n|move|p1a: Dragapult|Draco Meteor|p2a: Dragonite\n|-crit|p2a: Dragonite\n|-damage|p2a: Dragonite|0 fnt\n|-unboost|p1a: Dragapult|spa|2\n|faint|p2a: Dragonite\n|\n|upkeep\n|\n|t:|1700058223\n|switch|p2a: Great Tusk|Great Tusk|100\/100\n|turn|36\n|\n|t:|1700058226\n|switch|p1a: Zamazenta|Zamazenta|100\/100\n|-ability|p1a: Zamazenta|Dauntless Shield|boost\n|-boost|p1a: Zamazenta|def|1\n|move|p2a: Great Tusk|Headlong Rush|p1a: Zamazenta\n|-damage|p1a: Zamazenta|34\/100\n|-unboost|p2a: Great Tusk|def|1\n|-unboost|p2a: Great Tusk|spd|1\n|\n|upkeep\n|turn|37\n|\n|t:|1700058232\n|move|p1a: Zamazenta|Close Combat|p2a: Great Tusk\n|-damage|p2a: Great Tusk|23\/100\n|-unboost|p1a: Zamazenta|def|1\n|-unboost|p1a: Zamazenta|spd|1\n|move|p2a: Great Tusk|Headlong Rush|p1a: Zamazenta\n|-damage|p1a: Zamazenta|0 fnt\n|-unboost|p2a: Great Tusk|def|1\n|-unboost|p2a: Great Tusk|spd|1\n|faint|p1a: Zamazenta\n|\n|upkeep\n|\n|t:|1700058239\n|switch|p1a: Cinderace|Cinderace, M|79\/100\n|turn|38\n|\n|t:|1700058241\n|move|p1a: Cinderace|Pyro Ball|p2a: Great Tusk\n|-damage|p2a: Great Tusk|0 fnt\n|faint|p2a: Great Tusk\n|-end|p2a: Great Tusk|Protosynthesis|[silent]\n|\n|upkeep\n|\n|t:|1700058243\n|switch|p2a: Arboliva|Arboliva, M|100\/100\n|turn|39\n|\n|t:|1700058247\n|move|p1a: Cinderace|Pyro Ball|p2a: Arboliva\n|-supereffective|p2a: Arboliva\n|-damage|p2a: Arboliva|0 fnt\n|-fieldstart|move: Grassy Terrain|[from] ability: Seed Sower|[of] p2a: Arboliva\n|faint|p2a: Arboliva\n|\n|win|Gyltia\n|raw|Gyltia's rating: 1561 &rarr; <strong>1583<\/strong><br \/>(+22 for winning)\n|raw|Nayjar's rating: 1590 &rarr; <strong>1568<\/strong><br \/>(-22 for losing)\n|l|\u2606Nayjar\n|l|\u2606Gyltia\n|l| waterskin\n","uploadtime":1700058479,"views":5,"p1id":"gyltia","p2id":"nayjar","formatid":"gen9ou","rating":1568,"private":0,"password":""}