{"id":"gen9ou-1990969146","p1":"Kingsworth","p2":"Thelaw1307","format":"[Gen 9] OU","log":"|j|\u2606Kingsworth\n|j|\u2606Thelaw1307\n|t:|1700021232\n|gametype|singles\n|player|p1|Kingsworth|265|1067\n|player|p2|Thelaw1307|dawn|1048\n|teamsize|p1|6\n|teamsize|p2|6\n|gen|9\n|tier|[Gen 9] OU\n|rated|\n|rule|Sleep Clause Mod: Limit one foe put to sleep\n|rule|Species Clause: Limit one of each Pok\u00e9mon\n|rule|OHKO Clause: OHKO moves are banned\n|rule|Evasion Items Clause: Evasion items are banned\n|rule|Evasion Moves Clause: Evasion moves are banned\n|rule|Endless Battle Clause: Forcing endless battles is banned\n|rule|HP Percentage Mod: HP is shown in percentages\n|clearpoke\n|poke|p1|Pincurchin, M|\n|poke|p1|Ting-Lu|\n|poke|p1|Iron Moth|\n|poke|p1|Sneasler, F|\n|poke|p1|Maushold-Four|\n|poke|p1|Toxapex, M|\n|poke|p2|Mandibuzz, F|\n|poke|p2|Gardevoir, F|\n|poke|p2|Gholdengo|\n|poke|p2|Great Tusk|\n|poke|p2|Quaquaval, M|\n|poke|p2|Ceruledge, M|\n|teampreview\n|\n|t:|1700021252\n|start\n|switch|p1a: Toxapex|Toxapex, M, shiny|100\/100\n|switch|p2a: Gardevoir|Gardevoir, F|100\/100\n|-ability|p2a: Gardevoir|Limber|[from] ability: Trace|[of] p1a: Toxapex\n|turn|1\n|\n|t:|1700021269\n|switch|p1a: Iron Moth|Iron Moth, shiny|100\/100\n|move|p2a: Gardevoir|Moonblast|p1a: Iron Moth\n|-resisted|p1a: Iron Moth\n|-damage|p1a: Iron Moth|80\/100\n|\n|upkeep\n|turn|2\n|\n|t:|1700021285\n|switch|p2a: Quaquaval|Quaquaval, M|100\/100\n|move|p1a: Iron Moth|Fiery Dance|p2a: Quaquaval\n|-resisted|p2a: Quaquaval\n|-damage|p2a: Quaquaval|76\/100\n|-boost|p1a: Iron Moth|spa|1\n|-damage|p1a: Iron Moth|70\/100|[from] item: Life Orb\n|\n|upkeep\n|turn|3\n|\n|t:|1700021296\n|-terastallize|p2a: Quaquaval|Water\n|move|p2a: Quaquaval|Aqua Jet|p1a: Iron Moth\n|-supereffective|p1a: Iron Moth\n|-damage|p1a: Iron Moth|0 fnt\n|faint|p1a: Iron Moth\n|-end|p1a: Iron Moth|Quark Drive|[silent]\n|-ability|p2a: Quaquaval|Moxie|boost\n|-boost|p2a: Quaquaval|atk|1\n|\n|upkeep\n|\n|t:|1700021306\n|switch|p1a: Toxapex|Toxapex, M, shiny|100\/100\n|turn|4\n|\n|t:|1700021310\n|move|p2a: Quaquaval|Flip Turn|p1a: Toxapex\n|-resisted|p1a: Toxapex\n|-damage|p1a: Toxapex|82\/100\n|\n|t:|1700021322\n|switch|p2a: Gardevoir|Gardevoir, F|100\/100|[from] Flip Turn\n|-ability|p2a: Gardevoir|Limber|[from] ability: Trace|[of] p1a: Toxapex\n|move|p1a: Toxapex|Toxic|p2a: Gardevoir\n|-status|p2a: Gardevoir|tox\n|\n|-heal|p1a: Toxapex|89\/100|[from] item: Black Sludge\n|-damage|p2a: Gardevoir|94\/100 tox|[from] psn\n|upkeep\n|turn|5\n|\n|t:|1700021337\n|move|p2a: Gardevoir|Psychic|p1a: Toxapex\n|-supereffective|p1a: Toxapex\n|-damage|p1a: Toxapex|0 fnt\n|faint|p1a: Toxapex\n|\n|-damage|p2a: Gardevoir|82\/100 tox|[from] psn\n|upkeep\n|-message|Kingsworth forfeited.\n|\n|win|Thelaw1307\n|raw|Kingsworth's rating: 1067 &rarr; <strong>1046<\/strong><br \/>(-21 for losing)\n|raw|Thelaw1307's rating: 1048 &rarr; <strong>1083<\/strong><br \/>(+35 for winning)\n|l|\u2606Kingsworth\n","uploadtime":1700021359,"views":33,"p1id":"kingsworth","p2id":"thelaw1307","formatid":"gen9ou","rating":1046,"private":0,"password":""}