{"id":"gen9ou-1988983854","p1":"spestfast","p2":"Evil Yarrack","format":"[Gen 9] OU","log":"|j|\u2606spestfast\n|j|\u2606Evil Yarrack\n|t:|1699798306\n|gametype|singles\n|player|p1|spestfast|rika|1395\n|player|p2|Evil Yarrack|youngster-gen4dp|1365\n|teamsize|p1|6\n|teamsize|p2|6\n|gen|9\n|tier|[Gen 9] OU\n|rated|\n|rule|Sleep Clause Mod: Limit one foe put to sleep\n|rule|Species Clause: Limit one of each Pok\u00e9mon\n|rule|OHKO Clause: OHKO moves are banned\n|rule|Evasion Items Clause: Evasion items are banned\n|rule|Evasion Moves Clause: Evasion moves are banned\n|rule|Endless Battle Clause: Forcing endless battles is banned\n|rule|HP Percentage Mod: HP is shown in percentages\n|clearpoke\n|poke|p1|Ogerpon-Wellspring, F|\n|poke|p1|Salamence, M|\n|poke|p1|Heatran, M|\n|poke|p1|Gholdengo|\n|poke|p1|Great Tusk|\n|poke|p1|Ting-Lu|\n|poke|p2|Glimmora, M|\n|poke|p2|Gholdengo|\n|poke|p2|Cinderace, F|\n|poke|p2|Quaquaval, F|\n|poke|p2|Sinistcha-Masterpiece|\n|poke|p2|Arcanine-Hisui, F|\n|teampreview\n|inactive|Battle timer is ON: inactive players will automatically lose when time's up. (requested by spestfast)\n|inactive|Evil Yarrack also wants the timer to be on.\n|\n|t:|1699798321\n|start\n|switch|p1a: Great Tusk|Great Tusk, shiny|100\/100\n|switch|p2a: Quaquaval|Quaquaval, F|100\/100\n|turn|1\n|\n|t:|1699798326\n|-end|p1a: Great Tusk|Protosynthesis|[silent]\n|switch|p1a: Salamence|Salamence, M|100\/100\n|-ability|p1a: Salamence|Intimidate|boost\n|-unboost|p2a: Quaquaval|atk|1\n|move|p2a: Quaquaval|Swords Dance|p2a: Quaquaval\n|-boost|p2a: Quaquaval|atk|2\n|\n|upkeep\n|turn|2\n|\n|t:|1699798332\n|-terastallize|p2a: Quaquaval|Fairy\n|move|p2a: Quaquaval|Swords Dance|p2a: Quaquaval\n|-boost|p2a: Quaquaval|atk|2\n|move|p1a: Salamence|Hurricane|p2a: Quaquaval\n|-damage|p2a: Quaquaval|41\/100\n|-start|p2a: Quaquaval|confusion\n|\n|upkeep\n|turn|3\n|\n|t:|1699798339\n|-activate|p2a: Quaquaval|confusion\n|move|p2a: Quaquaval|Aqua Step|p1a: Salamence\n|-resisted|p1a: Salamence\n|-damage|p1a: Salamence|63\/100\n|-boost|p2a: Quaquaval|spe|1\n|move|p1a: Salamence|Hurricane|p2a: Quaquaval|[miss]\n|-miss|p1a: Salamence|p2a: Quaquaval\n|\n|upkeep\n|turn|4\n|\n|t:|1699798342\n|-activate|p2a: Quaquaval|confusion\n|move|p2a: Quaquaval|Aqua Step|p1a: Salamence\n|-resisted|p1a: Salamence\n|-damage|p1a: Salamence|26\/100\n|-boost|p2a: Quaquaval|spe|1\n|move|p1a: Salamence|Hurricane|p2a: Quaquaval\n|-damage|p2a: Quaquaval|0 fnt\n|faint|p2a: Quaquaval\n|\n|upkeep\n|\n|t:|1699798349\n|switch|p2a: Gholdengo|Gholdengo|100\/100\n|-item|p2a: Gholdengo|Air Balloon\n|turn|5\n|\n|t:|1699798355\n|switch|p1a: Ting-Lu|Ting-Lu|100\/100\n|-ability|p1a: Ting-Lu|Vessel of Ruin\n|move|p2a: Gholdengo|Shadow Ball|p1a: Ting-Lu\n|-resisted|p1a: Ting-Lu\n|-damage|p1a: Ting-Lu|92\/100\n|\n|-heal|p1a: Ting-Lu|99\/100|[from] item: Leftovers\n|upkeep\n|turn|6\n|\n|t:|1699798371\n|switch|p2a: Sinistcha|Sinistcha-Masterpiece, shiny|100\/100\n|move|p1a: Ting-Lu|Ruination|p2a: Sinistcha\n|-damage|p2a: Sinistcha|50\/100\n|\n|-heal|p2a: Sinistcha|57\/100|[from] item: Leftovers\n|-heal|p1a: Ting-Lu|100\/100|[from] item: Leftovers\n|upkeep\n|turn|7\n|\n|t:|1699798378\n|switch|p1a: Salamence|Salamence, M|26\/100\n|-ability|p1a: Salamence|Intimidate|boost\n|-unboost|p2a: Sinistcha|atk|1\n|move|p2a: Sinistcha|Calm Mind|p2a: Sinistcha\n|-boost|p2a: Sinistcha|spa|1\n|-boost|p2a: Sinistcha|spd|1\n|\n|-heal|p2a: Sinistcha|63\/100|[from] item: Leftovers\n|upkeep\n|turn|8\n|\n|t:|1699798385\n|switch|p2a: Glimmora|Glimmora, M|100\/100\n|move|p1a: Salamence|Hurricane|p2a: Glimmora\n|-resisted|p2a: Glimmora\n|-damage|p2a: Glimmora|74\/100\n|\n|upkeep\n|turn|9\n|\n|t:|1699798389\n|switch|p1a: Great Tusk|Great Tusk, shiny|100\/100\n|move|p2a: Glimmora|Stealth Rock|p1a: Great Tusk\n|-sidestart|p1: spestfast|move: Stealth Rock\n|\n|upkeep\n|turn|10\n|\n|t:|1699798392\n|move|p1a: Great Tusk|Earthquake|p2a: Glimmora\n|-supereffective|p2a: Glimmora\n|-damage|p2a: Glimmora|0 fnt\n|-activate|p2a: Glimmora|ability: Toxic Debris\n|-sidestart|p1: spestfast|move: Toxic Spikes\n|faint|p2a: Glimmora\n|\n|upkeep\n|\n|t:|1699798396\n|switch|p2a: Gholdengo|Gholdengo|100\/100\n|-item|p2a: Gholdengo|Air Balloon\n|turn|11\n|\n|t:|1699798402\n|switch|p2a: Sinistcha|Sinistcha-Masterpiece, shiny|63\/100\n|-terastallize|p1a: Great Tusk|Poison\n|move|p1a: Great Tusk|Knock Off|p2a: Sinistcha\n|-supereffective|p2a: Sinistcha\n|-damage|p2a: Sinistcha|3\/100\n|-enditem|p2a: Sinistcha|Leftovers|[from] move: Knock Off|[of] p1a: Great Tusk\n|\n|upkeep\n|turn|12\n|\n|t:|1699798406\n|move|p1a: Great Tusk|Knock Off|p2a: Sinistcha\n|-supereffective|p2a: Sinistcha\n|-damage|p2a: Sinistcha|0 fnt\n|faint|p2a: Sinistcha\n|\n|upkeep\n|\n|t:|1699798414\n|switch|p2a: Gholdengo|Gholdengo|100\/100\n|-item|p2a: Gholdengo|Air Balloon\n|turn|13\n|\n|t:|1699798417\n|move|p1a: Great Tusk|Knock Off|p2a: Gholdengo\n|-supereffective|p2a: Gholdengo\n|-damage|p2a: Gholdengo|27\/100\n|-enditem|p2a: Gholdengo|Air Balloon\n|move|p2a: Gholdengo|Nasty Plot|p2a: Gholdengo\n|-boost|p2a: Gholdengo|spa|2\n|\n|upkeep\n|turn|14\n|\n|t:|1699798420\n|move|p1a: Great Tusk|Knock Off|p2a: Gholdengo\n|-supereffective|p2a: Gholdengo\n|-damage|p2a: Gholdengo|0 fnt\n|faint|p2a: Gholdengo\n|\n|upkeep\n|\n|t:|1699798428\n|switch|p2a: Arcanine|Arcanine-Hisui, F|100\/100\n|turn|15\n|\n|t:|1699798432\n|move|p1a: Great Tusk|Earthquake|p2a: Arcanine\n|-supereffective|p2a: Arcanine\n|-damage|p2a: Arcanine|0 fnt\n|faint|p2a: Arcanine\n|\n|upkeep\n|\n|t:|1699798437\n|switch|p2a: Cinderace|Cinderace, F|100\/100\n|turn|16\n|\n|t:|1699798441\n|move|p2a: Cinderace|Pyro Ball|p1a: Great Tusk\n|-damage|p1a: Great Tusk|59\/100\n|move|p1a: Great Tusk|Earthquake|p2a: Cinderace\n|-supereffective|p2a: Cinderace\n|-damage|p2a: Cinderace|0 fnt\n|faint|p2a: Cinderace\n|\n|win|spestfast\n|raw|spestfast's rating: 1395 &rarr; <strong>1413<\/strong><br \/>(+18 for winning)\n|raw|Evil Yarrack's rating: 1365 &rarr; <strong>1347<\/strong><br \/>(-18 for losing)\n|c|\u2606spestfast|6-0\n|l|\u2606Evil Yarrack\n","uploadtime":1699798447,"views":13,"p1id":"spestfast","p2id":"evilyarrack","formatid":"gen9ou","rating":1347,"private":0,"password":""}