{"id":"gen9ou-1993741434","p1":"spiderkitty410","p2":"Wjll","format":"[Gen 9] OU","log":"|j|\u2606spiderkitty410\n|j|\u2606Wjll\n|inactive|Battle timer is ON: inactive players will automatically lose when time's up.\n|t:|1700351749\n|gametype|singles\n|player|p1|spiderkitty410|brendan|\n|player|p2|Wjll|1|\n|teamsize|p1|6\n|teamsize|p2|6\n|gen|9\n|tier|[Gen 9] OU\n|rated|Tournament battle\n|rule|Sleep Clause Mod: Limit one foe put to sleep\n|rule|Species Clause: Limit one of each Pok\u00e9mon\n|rule|OHKO Clause: OHKO moves are banned\n|rule|Evasion Items Clause: Evasion items are banned\n|rule|Evasion Moves Clause: Evasion moves are banned\n|rule|Endless Battle Clause: Forcing endless battles is banned\n|rule|HP Percentage Mod: HP is shown in percentages\n|clearpoke\n|poke|p1|Maushold-Four|\n|poke|p1|Ninetales-Alola, F|\n|poke|p1|Tornadus-Therian, M|\n|poke|p1|Dragonite, F|\n|poke|p1|Manaphy|\n|poke|p1|Dragapult, M|\n|poke|p2|Ceruledge, M|\n|poke|p2|Walking Wake|\n|poke|p2|Great Tusk|\n|poke|p2|Skeledirge, F|\n|poke|p2|Torkoal, F|\n|poke|p2|Scizor, F|\n|teampreview\n|j|+goldtodd1\n|j| sandveil10\n|c|\u2606Wjll|nah I already know I'm gonna lose look at this team\n|c|\u2606Wjll|it's joever\n|c| sandveil10|be brave\n|j| Van Pyro\n|inactive|Wjll has 120 seconds left.\n|c| sandveil10|you can do it\n|c|\u2606spiderkitty410|welcome to finals\n|c|\u2606spiderkitty410|sun vs veil\n|inactive|Wjll has 90 seconds left.\n|c| sandveil10|who shall prevail?\n|\n|t:|1700351821\n|start\n|switch|p1a: Tornadus|Tornadus-Therian, M|100\/100\n|switch|p2a: Torkoal|Torkoal, F|100\/100\n|-weather|SunnyDay|[from] ability: Drought|[of] p2a: Torkoal\n|turn|1\n|\n|t:|1700351836\n|move|p1a: Tornadus|Knock Off|p2a: Torkoal\n|-damage|p2a: Torkoal|88\/100\n|-enditem|p2a: Torkoal|Heat Rock|[from] move: Knock Off|[of] p1a: Tornadus\n|move|p2a: Torkoal|Yawn|p1a: Tornadus\n|-start|p1a: Tornadus|move: Yawn|[of] p2a: Torkoal\n|\n|-weather|SunnyDay|[upkeep]\n|upkeep\n|turn|2\n|\n|t:|1700351840\n|move|p1a: Tornadus|U-turn|p2a: Torkoal\n|-resisted|p2a: Torkoal\n|-damage|p2a: Torkoal|83\/100\n|\n|t:|1700351843\n|switch|p1a: Ninetales|Ninetales-Alola, F|100\/100|[from] U-turn\n|-weather|Snow|[from] ability: Snow Warning|[of] p1a: Ninetales\n|move|p2a: Torkoal|Overheat|p1a: Ninetales\n|-supereffective|p1a: Ninetales\n|-damage|p1a: Ninetales|11\/100\n|-unboost|p2a: Torkoal|spa|2\n|\n|-weather|Snow|[upkeep]\n|upkeep\n|turn|3\n|\n|t:|1700351849\n|switch|p2a: Scizor|Scizor, F|100\/100\n|move|p1a: Ninetales|Aurora Veil|p1a: Ninetales\n|-sidestart|p1: spiderkitty410|move: Aurora Veil\n|\n|-weather|Snow|[upkeep]\n|upkeep\n|turn|4\n|\n|t:|1700351854\n|switch|p1a: Manaphy|Manaphy|100\/100\n|move|p2a: Scizor|Swords Dance|p2a: Scizor\n|-boost|p2a: Scizor|atk|2\n|\n|-weather|Snow|[upkeep]\n|upkeep\n|turn|5\n|\n|t:|1700351858\n|move|p1a: Manaphy|Acid Armor|p1a: Manaphy\n|-boost|p1a: Manaphy|def|2\n|move|p2a: Scizor|U-turn|p1a: Manaphy\n|-damage|p1a: Manaphy|80\/100\n|-damage|p2a: Scizor|91\/100|[from] item: Life Orb\n|\n|t:|1700351862\n|switch|p2a: Torkoal|Torkoal, F|83\/100|[from] U-turn\n|-weather|SunnyDay|[from] ability: Drought|[of] p2a: Torkoal\n|\n|-weather|SunnyDay|[upkeep]\n|-heal|p1a: Manaphy|86\/100|[from] item: Leftovers\n|upkeep\n|turn|6\n|\n|t:|1700351873\n|switch|p1a: Ninetales|Ninetales-Alola, F|11\/100\n|-weather|Snow|[from] ability: Snow Warning|[of] p1a: Ninetales\n|move|p2a: Torkoal|Yawn|p1a: Ninetales\n|-start|p1a: Ninetales|move: Yawn|[of] p2a: Torkoal\n|\n|-weather|Snow|[upkeep]\n|upkeep\n|turn|7\n|\n|t:|1700351880\n|switch|p1a: Maushold|Maushold-Four|100\/100\n|move|p2a: Torkoal|Stealth Rock|p1a: Maushold\n|-sidestart|p1: spiderkitty410|move: Stealth Rock\n|\n|-weather|Snow|[upkeep]\n|upkeep\n|turn|8\n|\n|t:|1700351891\n|move|p1a: Maushold|Encore|p2a: Torkoal\n|-start|p2a: Torkoal|Encore\n|move|p2a: Torkoal|Stealth Rock||[still]\n|-fail|p2a: Torkoal\n|\n|-weather|Snow|[upkeep]\n|upkeep\n|turn|9\n|\n|t:|1700351896\n|switch|p2a: Great Tusk|Great Tusk|100\/100\n|move|p1a: Maushold|Tidy Up|p1a: Maushold\n|-sideend|p1: spiderkitty410|Stealth Rock\n|-activate|p1a: Maushold|move: Tidy Up\n|-boost|p1a: Maushold|atk|1\n|-boost|p1a: Maushold|spe|1\n|\n|-weather|Snow|[upkeep]\n|upkeep\n|turn|10\n|\n|t:|1700351900\n|-terastallize|p1a: Maushold|Ghost\n|move|p1a: Maushold|Tidy Up|p1a: Maushold\n|-boost|p1a: Maushold|atk|1\n|-boost|p1a: Maushold|spe|1\n|move|p2a: Great Tusk|Body Press|p1a: Maushold\n|-immune|p1a: Maushold\n|\n|-weather|none\n|-sideend|p1: spiderkitty410|move: Aurora Veil\n|upkeep\n|turn|11\n|\n|t:|1700351903\n|move|p1a: Maushold|Encore|p2a: Great Tusk\n|-start|p2a: Great Tusk|Encore\n|move|p2a: Great Tusk|Body Press|p1a: Maushold\n|-immune|p1a: Maushold\n|\n|upkeep\n|turn|12\n|\n|t:|1700351905\n|-end|p2a: Great Tusk|Protosynthesis|[silent]\n|switch|p2a: Torkoal|Torkoal, F|83\/100\n|-weather|SunnyDay|[from] ability: Drought|[of] p2a: Torkoal\n|move|p1a: Maushold|Tidy Up|p1a: Maushold\n|-boost|p1a: Maushold|atk|1\n|-boost|p1a: Maushold|spe|1\n|\n|-weather|SunnyDay|[upkeep]\n|upkeep\n|turn|13\n|\n|t:|1700351917\n|switch|p2a: Skeledirge|Skeledirge, F|100\/100\n|move|p1a: Maushold|Population Bomb|p2a: Skeledirge\n|-immune|p2a: Skeledirge\n|\n|-weather|SunnyDay|[upkeep]\n|upkeep\n|turn|14\n|c|\u2606spiderkitty410|encore is busted\n|c|\u2606Wjll|my fault I shouldve switched predicting it\n|c|\u2606Wjll|skill issue for sure\n|c|\u2606spiderkitty410|naw\n|inactive|Wjll has 120 seconds left.\n|c|\u2606spiderkitty410|i just play really well\n|c| sandveil10|dw dirge has your back\n|c|+goldtodd1|nah u can win\n|\n|t:|1700351956\n|-terastallize|p2a: Skeledirge|Dark\n|move|p1a: Maushold|Bite|p2a: Skeledirge\n|-resisted|p2a: Skeledirge\n|-damage|p2a: Skeledirge|92\/100\n|move|p2a: Skeledirge|Shadow Ball|p1a: Maushold\n|-supereffective|p1a: Maushold\n|-damage|p1a: Maushold|15\/100\n|\n|-weather|SunnyDay|[upkeep]\n|-heal|p2a: Skeledirge|99\/100|[from] item: Leftovers\n|upkeep\n|turn|15\n|inactive|Wjll has 120 seconds left.\n|\n|t:|1700351962\n|switch|p2a: Scizor|Scizor, F|91\/100\n|move|p1a: Maushold|Population Bomb|p2a: Scizor\n|-resisted|p2a: Scizor\n|-crit|p2a: Scizor\n|-damage|p2a: Scizor|72\/100\n|-resisted|p2a: Scizor\n|-damage|p2a: Scizor|58\/100\n|-resisted|p2a: Scizor\n|-damage|p2a: Scizor|46\/100\n|-resisted|p2a: Scizor\n|-damage|p2a: Scizor|31\/100\n|-resisted|p2a: Scizor\n|-damage|p2a: Scizor|18\/100\n|-resisted|p2a: Scizor\n|-damage|p2a: Scizor|3\/100\n|-resisted|p2a: Scizor\n|-damage|p2a: Scizor|0 fnt\n|faint|p2a: Scizor\n|-hitcount|p2: Scizor|7\n|\n|-weather|SunnyDay|[upkeep]\n|upkeep\n|inactive|Wjll has 120 seconds left.\n|\n|t:|1700351967\n|switch|p2a: Ceruledge|Ceruledge, M|100\/100\n|turn|16\n|c|+goldtodd1|oh shit\n|c| sandveil10|wait\n|\n|t:|1700351981\n|move|p2a: Ceruledge|Shadow Sneak|p1a: Maushold\n|-supereffective|p1a: Maushold\n|-damage|p1a: Maushold|0 fnt\n|faint|p1a: Maushold\n|\n|-weather|none\n|upkeep\n|\n|t:|1700351986\n|switch|p1a: Tornadus|Tornadus-Therian, M|100\/100\n|turn|17\n|\n|t:|1700351994\n|switch|p2a: Torkoal|Torkoal, F|83\/100\n|-weather|SunnyDay|[from] ability: Drought|[of] p2a: Torkoal\n|move|p1a: Tornadus|Knock Off|p2a: Torkoal\n|-damage|p2a: Torkoal|75\/100\n|\n|-weather|SunnyDay|[upkeep]\n|upkeep\n|turn|18\n|\n|t:|1700351999\n|move|p1a: Tornadus|Bleakwind Storm|p2a: Torkoal\n|-damage|p2a: Torkoal|8\/100\n|move|p2a: Torkoal|Stealth Rock|p1a: Tornadus\n|-sidestart|p1: spiderkitty410|move: Stealth Rock\n|\n|-weather|SunnyDay|[upkeep]\n|upkeep\n|turn|19\n|j| Kyurem\n|c|\u2606spiderkitty410|imthrowing\n|\n|t:|1700352015\n|switch|p2a: Great Tusk|Great Tusk|100\/100\n|-activate|p2a: Great Tusk|ability: Protosynthesis\n|-start|p2a: Great Tusk|protosynthesisdef\n|move|p1a: Tornadus|Knock Off|p2a: Great Tusk\n|-resisted|p2a: Great Tusk\n|-damage|p2a: Great Tusk|96\/100\n|-enditem|p2a: Great Tusk|Leftovers|[from] move: Knock Off|[of] p1a: Tornadus\n|\n|-weather|SunnyDay|[upkeep]\n|upkeep\n|turn|20\n|\n|t:|1700352018\n|move|p1a: Tornadus|Bleakwind Storm|p2a: Great Tusk\n|-supereffective|p2a: Great Tusk\n|-damage|p2a: Great Tusk|0 fnt\n|faint|p2a: Great Tusk\n|-end|p2a: Great Tusk|Protosynthesis|[silent]\n|\n|-weather|SunnyDay|[upkeep]\n|upkeep\n|c| sandveil10|you still in this dw\n|c|\u2606Wjll|wait nah Im throwing\n|c|\u2606spiderkitty410|and no helmet?\n|j| SDK04\n|c| sandveil10|wjll take your time, think through everything you do\n|inactive|Wjll has 120 seconds left.\n|c|\u2606Wjll|I swear I forgot that move existed and it has the same animation as hurricane and Im like howd he hit that\n|\n|t:|1700352054\n|switch|p2a: Ceruledge|Ceruledge, M|100\/100\n|turn|21\n|\n|t:|1700352075\n|move|p1a: Tornadus|Knock Off|p2a: Ceruledge\n|-supereffective|p2a: Ceruledge\n|-damage|p2a: Ceruledge|42\/100\n|-enditem|p2a: Ceruledge|Assault Vest|[from] move: Knock Off|[of] p1a: Tornadus\n|move|p2a: Ceruledge|Bitter Blade|p1a: Tornadus\n|-damage|p1a: Tornadus|0 fnt\n|-heal|p2a: Ceruledge|93\/100|[from] drain|[of] p1a: Tornadus\n|faint|p1a: Tornadus\n|\n|-weather|none\n|upkeep\n|\n|t:|1700352088\n|switch|p1a: Dragapult|Dragapult, M|100\/100\n|-damage|p1a: Dragapult|88\/100|[from] Stealth Rock\n|turn|22\n|\n|t:|1700352091\n|switch|p2a: Torkoal|Torkoal, F|8\/100\n|-weather|SunnyDay|[from] ability: Drought|[of] p2a: Torkoal\n|move|p1a: Dragapult|Thunder Wave|p2a: Torkoal\n|-status|p2a: Torkoal|par\n|\n|-weather|SunnyDay|[upkeep]\n|upkeep\n|turn|23\n|\n|t:|1700352105\n|switch|p2a: Skeledirge|Skeledirge, F, tera:Dark|99\/100\n|move|p1a: Dragapult|Hex|p2a: Skeledirge\n|-resisted|p2a: Skeledirge\n|-damage|p2a: Skeledirge|87\/100\n|\n|-weather|SunnyDay|[upkeep]\n|-heal|p2a: Skeledirge|93\/100|[from] item: Leftovers\n|upkeep\n|turn|24\n|\n|t:|1700352113\n|move|p1a: Dragapult|Thunder Wave|p2a: Skeledirge\n|-status|p2a: Skeledirge|par\n|move|p2a: Skeledirge|Shadow Ball|p1a: Dragapult\n|-supereffective|p1a: Dragapult\n|-damage|p1a: Dragapult|12\/100\n|\n|-weather|SunnyDay|[upkeep]\n|-heal|p2a: Skeledirge|99\/100 par|[from] item: Leftovers\n|upkeep\n|turn|25\n|\n|t:|1700352118\n|move|p1a: Dragapult|Dragon Darts|p2a: Skeledirge\n|-damage|p2a: Skeledirge|83\/100 par\n|-anim|p1a: Dragapult|Dragon Darts|p2a: Skeledirge\n|-damage|p2a: Skeledirge|67\/100 par\n|move|p2a: Skeledirge|Torch Song|p1a: Dragapult\n|-resisted|p1a: Dragapult\n|-damage|p1a: Dragapult|0 fnt\n|-boost|p2a: Skeledirge|spa|1\n|faint|p1a: Dragapult\n|\n|-weather|SunnyDay|[upkeep]\n|-heal|p2a: Skeledirge|74\/100 par|[from] item: Leftovers\n|upkeep\n|\n|t:|1700352126\n|switch|p1a: Manaphy|Manaphy|86\/100\n|-damage|p1a: Manaphy|74\/100|[from] Stealth Rock\n|turn|26\n|\n|t:|1700352130\n|move|p1a: Manaphy|Take Heart|p1a: Manaphy\n|-boost|p1a: Manaphy|spa|1\n|-boost|p1a: Manaphy|spd|1\n|move|p2a: Skeledirge|Yawn|p1a: Manaphy\n|-start|p1a: Manaphy|move: Yawn|[of] p2a: Skeledirge\n|\n|-weather|none\n|-heal|p1a: Manaphy|80\/100|[from] item: Leftovers\n|-heal|p2a: Skeledirge|80\/100 par|[from] item: Leftovers\n|upkeep\n|turn|27\n|c|\u2606spiderkitty410|~~double yawn~~\n|c|\u2606Wjll|lol\n|\n|t:|1700352148\n|switch|p1a: Ninetales|Ninetales-Alola, F|11\/100\n|-damage|p1a: Ninetales|0 fnt|[from] Stealth Rock\n|faint|p1a: Ninetales\n|switch|p2a: Torkoal|Torkoal, F|8\/100 par\n|-weather|SunnyDay|[from] ability: Drought|[of] p2a: Torkoal\n|\n|-weather|SunnyDay|[upkeep]\n|upkeep\n|c|\u2606Wjll|torkoal staying strong\n|\n|t:|1700352162\n|switch|p1a: Manaphy|Manaphy|80\/100\n|-damage|p1a: Manaphy|68\/100|[from] Stealth Rock\n|turn|28\n|\n|t:|1700352166\n|move|p1a: Manaphy|Dazzling Gleam|p2a: Torkoal\n|-resisted|p2a: Torkoal\n|-damage|p2a: Torkoal|0 fnt\n|faint|p2a: Torkoal\n|\n|-weather|SunnyDay|[upkeep]\n|-heal|p1a: Manaphy|74\/100|[from] item: Leftovers\n|upkeep\n|\n|t:|1700352168\n|switch|p2a: Ceruledge|Ceruledge, M|93\/100\n|turn|29\n|\n|t:|1700352171\n|move|p1a: Manaphy|Acid Armor|p1a: Manaphy\n|-boost|p1a: Manaphy|def|2\n|move|p2a: Ceruledge|Solar Blade||[still]\n|-prepare|p2a: Ceruledge|Solar Blade\n|-anim|p2a: Ceruledge|Solar Blade|p1a: Manaphy\n|-supereffective|p1a: Manaphy\n|-damage|p1a: Manaphy|32\/100\n|\n|-weather|SunnyDay|[upkeep]\n|-heal|p1a: Manaphy|38\/100|[from] item: Leftovers\n|upkeep\n|turn|30\n|\n|t:|1700352182\n|move|p1a: Manaphy|Acid Armor|p1a: Manaphy\n|-boost|p1a: Manaphy|def|2\n|move|p2a: Ceruledge|Solar Blade||[still]\n|-prepare|p2a: Ceruledge|Solar Blade\n|-anim|p2a: Ceruledge|Solar Blade|p1a: Manaphy\n|-supereffective|p1a: Manaphy\n|-damage|p1a: Manaphy|13\/100\n|\n|-weather|SunnyDay|[upkeep]\n|-heal|p1a: Manaphy|19\/100|[from] item: Leftovers\n|upkeep\n|turn|31\n|inactive|spiderkitty410 has 120 seconds left.\n|inactive|spiderkitty410 has 90 seconds left.\n|\n|t:|1700352250\n|move|p1a: Manaphy|Acid Armor|p1a: Manaphy\n|-boost|p1a: Manaphy|def|2\n|move|p2a: Ceruledge|Solar Blade||[still]\n|-prepare|p2a: Ceruledge|Solar Blade\n|-anim|p2a: Ceruledge|Solar Blade|p1a: Manaphy\n|-supereffective|p1a: Manaphy\n|-damage|p1a: Manaphy|0 fnt\n|faint|p1a: Manaphy\n|\n|-weather|none\n|upkeep\n|c|\u2606spiderkitty410|bad rng :(\n|\n|t:|1700352259\n|switch|p1a: Dragonite|Dragonite, F|100\/100\n|-damage|p1a: Dragonite|76\/100|[from] Stealth Rock\n|turn|32\n|inactive|spiderkitty410 has 90 seconds left.\n|\n|t:|1700352267\n|switch|p2a: Walking Wake|Walking Wake|100\/100\n|move|p1a: Dragonite|Dragon Dance|p1a: Dragonite\n|-boost|p1a: Dragonite|atk|1\n|-boost|p1a: Dragonite|spe|1\n|\n|-heal|p1a: Dragonite|82\/100|[from] item: Leftovers\n|upkeep\n|turn|33\n|\n|t:|1700352270\n|move|p2a: Walking Wake|Draco Meteor|p1a: Dragonite\n|-supereffective|p1a: Dragonite\n|-damage|p1a: Dragonite|0 fnt\n|-unboost|p2a: Walking Wake|spa|2\n|faint|p1a: Dragonite\n|\n|win|Wjll\n|n|\u2606spiderkitty410|spiderkitty410\n|n|\u2606Wjll|wjll\n|n|+goldtodd1|goldtodd1\n|n| sandveil10|sandveil10\n|n| Van Pyro|vanpyro\n|n| Kyurem|kyurem\n|n| SDK04|sdk04\n|c|\u2606Wjll|gg\n|l|+goldtodd1\n|c|\u2606spiderkitty410|gg\n|l| Van Pyro\n|c|\u2606spiderkitty410|~~scarf~~\n|c| sandveil10|SCARF WAKE\n|c| sandveil10|OMG\n|l| Kyurem\n|c| sandveil10|Good battle you two\n|l|\u2606spiderkitty410\n|l| SDK04\n","uploadtime":1700352271,"views":8,"p1id":"spiderkitty410","p2id":"wjll","formatid":"gen9ou","rating":0,"private":0,"password":""}