{"id":"gen9ou-1996755497","p1":"Aeziolu","p2":"Ceo O Wo Chien","format":"[Gen 9] OU","log":"|j|\u2606Aeziolu\n|j|\u2606Ceo O Wo Chien\n|t:|1700719764\n|gametype|singles\n|player|p1|Aeziolu|wally|1623\n|player|p2|Ceo O Wo Chien|ghetsis-gen5bw|1712\n|teamsize|p1|6\n|teamsize|p2|6\n|gen|9\n|tier|[Gen 9] OU\n|rated|\n|rule|Sleep Clause Mod: Limit one foe put to sleep\n|rule|Species Clause: Limit one of each Pok\u00e9mon\n|rule|OHKO Clause: OHKO moves are banned\n|rule|Evasion Items Clause: Evasion items are banned\n|rule|Evasion Moves Clause: Evasion moves are banned\n|rule|Endless Battle Clause: Forcing endless battles is banned\n|rule|HP Percentage Mod: HP is shown in percentages\n|clearpoke\n|poke|p1|Torkoal, M|\n|poke|p1|Walking Wake|\n|poke|p1|Great Tusk|\n|poke|p1|Clefable, M|\n|poke|p1|Heatran, F|\n|poke|p1|Dragonite, M|\n|poke|p2|Iron Valiant|\n|poke|p2|Hydreigon, M|\n|poke|p2|Slowking-Galar, M|\n|poke|p2|Cinderace, M|\n|poke|p2|Alomomola, M|\n|poke|p2|Kingambit, M|\n|teampreview\n|inactive|Battle timer is ON: inactive players will automatically lose when time's up. (requested by Ceo O Wo Chien)\n|\n|t:|1700719785\n|start\n|switch|p1a: Torkoal|Torkoal, M|100\/100\n|switch|p2a: Slowking|Slowking-Galar, M|100\/100\n|-weather|SunnyDay|[from] ability: Drought|[of] p1a: Torkoal\n|turn|1\n|\n|t:|1700719791\n|move|p2a: Slowking|Thunder Wave|p1a: Torkoal\n|-status|p1a: Torkoal|par\n|cant|p1a: Torkoal|par\n|\n|-weather|SunnyDay|[upkeep]\n|upkeep\n|turn|2\n|\n|t:|1700719797\n|move|p2a: Slowking|Future Sight|p1a: Torkoal\n|-start|p2a: Slowking|move: Future Sight\n|move|p1a: Torkoal|Stealth Rock|p2a: Slowking\n|-sidestart|p2: Ceo O Wo Chien|move: Stealth Rock\n|\n|-weather|SunnyDay|[upkeep]\n|upkeep\n|turn|3\n|\n|t:|1700719807\n|switch|p1a: Heatran|Heatran, F|100\/100\n|move|p2a: Slowking|Chilly Reception|p2a: Slowking\n|-weather|Snow\n|\n|t:|1700719812\n|switch|p2a: Hydreigon|Hydreigon, M|100\/100|[from] Chilly Reception\n|-damage|p2a: Hydreigon|88\/100|[from] Stealth Rock\n|\n|-weather|Snow|[upkeep]\n|-heal|p2a: Hydreigon|94\/100|[from] item: Leftovers\n|upkeep\n|turn|4\n|\n|t:|1700719825\n|switch|p1a: Clefable|Clefable, M|100\/100\n|move|p2a: Hydreigon|Dark Pulse|p1a: Clefable\n|-resisted|p1a: Clefable\n|-damage|p1a: Clefable|80\/100\n|\n|-weather|Snow|[upkeep]\n|-end|p1a: Clefable|move: Future Sight\n|-damage|p1a: Clefable|36\/100\n|-heal|p2a: Hydreigon|100\/100|[from] item: Leftovers\n|upkeep\n|turn|5\n|\n|t:|1700719832\n|move|p2a: Hydreigon|Flash Cannon|p1a: Clefable\n|-supereffective|p1a: Clefable\n|-damage|p1a: Clefable|0 fnt\n|faint|p1a: Clefable\n|\n|-weather|Snow|[upkeep]\n|upkeep\n|\n|t:|1700719847\n|switch|p1a: Dragonite|Dragonite, M|100\/100\n|turn|6\n|\n|t:|1700719851\n|move|p2a: Hydreigon|Dark Pulse|p1a: Dragonite\n|-damage|p1a: Dragonite|82\/100\n|move|p1a: Dragonite|Dragon Dance|p1a: Dragonite\n|-boost|p1a: Dragonite|atk|1\n|-boost|p1a: Dragonite|spe|1\n|\n|-weather|Snow|[upkeep]\n|upkeep\n|turn|7\n|\n|t:|1700719867\n|switch|p2a: Alomomola|Alomomola, M|100\/100\n|move|p1a: Dragonite|Dragon Dance|p1a: Dragonite\n|-boost|p1a: Dragonite|atk|1\n|-boost|p1a: Dragonite|spe|1\n|\n|-weather|none\n|upkeep\n|turn|8\n|\n|t:|1700719887\n|move|p1a: Dragonite|Dragon Dance|p1a: Dragonite\n|-boost|p1a: Dragonite|atk|1\n|-boost|p1a: Dragonite|spe|1\n|move|p2a: Alomomola|Wish|p2a: Alomomola\n|\n|upkeep\n|turn|9\n|\n|t:|1700719896\n|move|p1a: Dragonite|Roost|p1a: Dragonite\n|-heal|p1a: Dragonite|100\/100\n|-singleturn|p1a: Dragonite|move: Roost\n|move|p2a: Alomomola|Scald|p1a: Dragonite\n|-resisted|p1a: Dragonite\n|-damage|p1a: Dragonite|97\/100\n|-status|p1a: Dragonite|brn\n|\n|-damage|p1a: Dragonite|91\/100 brn|[from] brn\n|upkeep\n|turn|10\n|\n|t:|1700719901\n|move|p1a: Dragonite|Dragon Dance|p1a: Dragonite\n|-boost|p1a: Dragonite|atk|1\n|-boost|p1a: Dragonite|spe|1\n|move|p2a: Alomomola|Flip Turn|p1a: Dragonite\n|-resisted|p1a: Dragonite\n|-damage|p1a: Dragonite|82\/100 brn\n|\n|t:|1700719904\n|switch|p2a: Hydreigon|Hydreigon, M|100\/100|[from] Flip Turn\n|-damage|p2a: Hydreigon|88\/100|[from] Stealth Rock\n|\n|-heal|p2a: Hydreigon|94\/100|[from] item: Leftovers\n|-damage|p1a: Dragonite|76\/100 brn|[from] brn\n|upkeep\n|turn|11\n|\n|t:|1700719908\n|move|p1a: Dragonite|Dragon Dance|p1a: Dragonite\n|-boost|p1a: Dragonite|atk|1\n|-boost|p1a: Dragonite|spe|1\n|move|p2a: Hydreigon|Dark Pulse|p1a: Dragonite\n|-damage|p1a: Dragonite|35\/100 brn\n|\n|-heal|p2a: Hydreigon|100\/100|[from] item: Leftovers\n|-damage|p1a: Dragonite|28\/100 brn|[from] brn\n|upkeep\n|turn|12\n|\n|t:|1700719919\n|-terastallize|p2a: Hydreigon|Steel\n|move|p1a: Dragonite|Roost|p1a: Dragonite\n|-heal|p1a: Dragonite|78\/100 brn\n|-singleturn|p1a: Dragonite|move: Roost\n|move|p2a: Hydreigon|Dark Pulse|p1a: Dragonite\n|-damage|p1a: Dragonite|39\/100 brn\n|\n|-damage|p1a: Dragonite|33\/100 brn|[from] brn\n|upkeep\n|turn|13\n|\n|t:|1700719928\n|move|p1a: Dragonite|Roost|p1a: Dragonite\n|-heal|p1a: Dragonite|83\/100 brn\n|-singleturn|p1a: Dragonite|move: Roost\n|move|p2a: Hydreigon|Nasty Plot|p2a: Hydreigon\n|-boost|p2a: Hydreigon|spa|2\n|\n|-damage|p1a: Dragonite|76\/100 brn|[from] brn\n|upkeep\n|turn|14\n|j| Ctannn\n|inactive|Aeziolu has 120 seconds left.\n|\n|t:|1700719965\n|switch|p1a: Torkoal|Torkoal, M|100\/100 par\n|-weather|SunnyDay|[from] ability: Drought|[of] p1a: Torkoal\n|move|p2a: Hydreigon|Dark Pulse|p1a: Torkoal\n|-damage|p1a: Torkoal|23\/100 par\n|\n|-weather|SunnyDay|[upkeep]\n|upkeep\n|turn|15\n|\n|t:|1700719974\n|switch|p2a: Slowking|Slowking-Galar, M|100\/100\n|move|p1a: Torkoal|Lava Plume|p2a: Slowking\n|-damage|p2a: Slowking|80\/100\n|\n|-weather|SunnyDay|[upkeep]\n|upkeep\n|turn|16\n|\n|t:|1700719982\n|switch|p1a: Great Tusk|Great Tusk|100\/100\n|-activate|p1a: Great Tusk|ability: Protosynthesis\n|-start|p1a: Great Tusk|protosynthesisspe\n|move|p2a: Slowking|Chilly Reception|p2a: Slowking\n|-weather|Snow\n|-end|p1a: Great Tusk|Protosynthesis\n|\n|t:|1700719985\n|switch|p2a: Iron Valiant|Iron Valiant|100\/100|[from] Chilly Reception\n|-damage|p2a: Iron Valiant|94\/100|[from] Stealth Rock\n|\n|-weather|Snow|[upkeep]\n|upkeep\n|turn|17\n|\n|t:|1700719989\n|-end|p1a: Great Tusk|Protosynthesis|[silent]\n|switch|p1a: Heatran|Heatran, F|100\/100\n|move|p2a: Iron Valiant|Moonblast|p1a: Heatran\n|-resisted|p1a: Heatran\n|-damage|p1a: Heatran|89\/100\n|-unboost|p1a: Heatran|spa|1\n|\n|-weather|Snow|[upkeep]\n|-heal|p1a: Heatran|96\/100|[from] item: Leftovers\n|upkeep\n|turn|18\n|\n|t:|1700719998\n|-end|p2a: Iron Valiant|Quark Drive|[silent]\n|switch|p2a: Alomomola|Alomomola, M|100\/100\n|move|p1a: Heatran|Flash Cannon|p2a: Alomomola\n|-resisted|p2a: Alomomola\n|-damage|p2a: Alomomola|90\/100\n|\n|-weather|Snow|[upkeep]\n|-heal|p1a: Heatran|100\/100|[from] item: Leftovers\n|upkeep\n|turn|19\n|\n|t:|1700720003\n|switch|p1a: Torkoal|Torkoal, M|23\/100 par\n|-weather|SunnyDay|[from] ability: Drought|[of] p1a: Torkoal\n|move|p2a: Alomomola|Flip Turn|p1a: Torkoal\n|-supereffective|p1a: Torkoal\n|-damage|p1a: Torkoal|11\/100 par\n|\n|t:|1700720006\n|switch|p2a: Slowking|Slowking-Galar, M|100\/100|[from] Flip Turn\n|\n|-weather|SunnyDay|[upkeep]\n|upkeep\n|turn|20\n|\n|t:|1700720013\n|move|p2a: Slowking|Future Sight|p1a: Torkoal\n|-start|p2a: Slowking|move: Future Sight\n|move|p1a: Torkoal|Yawn|p2a: Slowking\n|-start|p2a: Slowking|move: Yawn|[of] p1a: Torkoal\n|\n|-weather|SunnyDay|[upkeep]\n|upkeep\n|turn|21\n|\n|t:|1700720019\n|move|p2a: Slowking|Chilly Reception|p2a: Slowking\n|-weather|Snow\n|\n|t:|1700720021\n|switch|p2a: Alomomola|Alomomola, M|100\/100|[from] Chilly Reception\n|move|p1a: Torkoal|Lava Plume|p2a: Alomomola\n|-resisted|p2a: Alomomola\n|-damage|p2a: Alomomola|89\/100\n|\n|-weather|Snow|[upkeep]\n|upkeep\n|turn|22\n|\n|t:|1700720026\n|switch|p1a: Heatran|Heatran, F|100\/100\n|move|p2a: Alomomola|Flip Turn|p1a: Heatran\n|-supereffective|p1a: Heatran\n|-damage|p1a: Heatran|74\/100\n|-status|p2a: Alomomola|brn|[from] ability: Flame Body|[of] p1a: Heatran\n|\n|t:|1700720035\n|switch|p2a: Hydreigon|Hydreigon, M, tera:Steel|100\/100|[from] Flip Turn\n|-damage|p2a: Hydreigon|94\/100|[from] Stealth Rock\n|\n|-weather|Snow|[upkeep]\n|-end|p1a: Heatran|move: Future Sight\n|-resisted|p1a: Heatran\n|-damage|p1a: Heatran|61\/100\n|-heal|p2a: Hydreigon|100\/100|[from] item: Leftovers\n|-heal|p1a: Heatran|67\/100|[from] item: Leftovers\n|upkeep\n|turn|23\n|\n|t:|1700720043\n|switch|p2a: Alomomola|Alomomola, M|100\/100 brn\n|move|p1a: Heatran|Magma Storm|p2a: Alomomola\n|-resisted|p2a: Alomomola\n|-damage|p2a: Alomomola|80\/100 brn\n|-activate|p2a: Alomomola|move: Magma Storm|[of] p1a: Heatran\n|\n|-weather|Snow|[upkeep]\n|-heal|p1a: Heatran|73\/100|[from] item: Leftovers\n|-damage|p2a: Alomomola|73\/100 brn|[from] brn\n|-damage|p2a: Alomomola|61\/100 brn|[from] move: Magma Storm|[partiallytrapped]\n|upkeep\n|turn|24\n|\n|t:|1700720050\n|move|p1a: Heatran|Earth Power|p2a: Alomomola\n|-damage|p2a: Alomomola|38\/100 brn\n|move|p2a: Alomomola|Flip Turn|p1a: Heatran\n|-supereffective|p1a: Heatran\n|-damage|p1a: Heatran|60\/100\n|\n|t:|1700720055\n|switch|p2a: Cinderace|Cinderace, M|100\/100|[from] Flip Turn\n|\n|-weather|Snow|[upkeep]\n|-heal|p1a: Heatran|66\/100|[from] item: Leftovers\n|upkeep\n|turn|25\n|\n|t:|1700720060\n|switch|p1a: Torkoal|Torkoal, M|11\/100 par\n|-weather|SunnyDay|[from] ability: Drought|[of] p1a: Torkoal\n|move|p2a: Cinderace|Court Change|p2a: Cinderace\n|-start|p2a: Cinderace|typechange|Normal|[from] ability: Libero\n|-swapsideconditions\n|-activate|p2a: Cinderace|move: Court Change\n|\n|-weather|SunnyDay|[upkeep]\n|upkeep\n|turn|26\n|\n|t:|1700720071\n|move|p2a: Cinderace|U-turn|p1a: Torkoal\n|-resisted|p1a: Torkoal\n|-damage|p1a: Torkoal|3\/100 par\n|\n|t:|1700720073\n|switch|p2a: Slowking|Slowking-Galar, M|100\/100|[from] U-turn\n|cant|p1a: Torkoal|par\n|\n|-weather|SunnyDay|[upkeep]\n|upkeep\n|turn|27\n|\n|t:|1700720079\n|move|p2a: Slowking|Future Sight|p1a: Torkoal\n|-start|p2a: Slowking|move: Future Sight\n|move|p1a: Torkoal|Rapid Spin|p2a: Slowking\n|-damage|p2a: Slowking|91\/100\n|-boost|p1a: Torkoal|spe|1\n|-sideend|p1: Aeziolu|Stealth Rock|[from] move: Rapid Spin|[of] p1a: Torkoal\n|\n|-weather|SunnyDay|[upkeep]\n|upkeep\n|turn|28\n|\n|t:|1700720082\n|switch|p1a: Heatran|Heatran, F|66\/100\n|move|p2a: Slowking|Sludge Bomb|p1a: Heatran\n|-immune|p1a: Heatran\n|\n|-weather|SunnyDay|[upkeep]\n|-heal|p1a: Heatran|72\/100|[from] item: Leftovers\n|upkeep\n|turn|29\n|\n|t:|1700720088\n|move|p1a: Heatran|Magma Storm|p2a: Slowking|[miss]\n|-miss|p1a: Heatran|p2a: Slowking\n|move|p2a: Slowking|Thunder Wave|p1a: Heatran|[miss]\n|-miss|p2a: Slowking|p1a: Heatran\n|\n|-weather|SunnyDay|[upkeep]\n|-end|p1a: Heatran|move: Future Sight\n|-resisted|p1a: Heatran\n|-damage|p1a: Heatran|57\/100\n|-heal|p1a: Heatran|63\/100|[from] item: Leftovers\n|upkeep\n|turn|30\n|\n|t:|1700720093\n|move|p1a: Heatran|Magma Storm|p2a: Slowking\n|-crit|p2a: Slowking\n|-damage|p2a: Slowking|35\/100\n|-activate|p2a: Slowking|move: Magma Storm|[of] p1a: Heatran\n|move|p2a: Slowking|Thunder Wave|p1a: Heatran\n|-status|p1a: Heatran|par\n|\n|-weather|SunnyDay|[upkeep]\n|-heal|p1a: Heatran|70\/100 par|[from] item: Leftovers\n|-damage|p2a: Slowking|22\/100|[from] move: Magma Storm|[partiallytrapped]\n|upkeep\n|turn|31\n|\n|t:|1700720099\n|move|p1a: Heatran|Earth Power|p2a: Slowking\n|-supereffective|p2a: Slowking\n|-damage|p2a: Slowking|0 fnt\n|faint|p2a: Slowking\n|\n|-weather|SunnyDay|[upkeep]\n|-heal|p1a: Heatran|76\/100 par|[from] item: Leftovers\n|upkeep\n|\n|t:|1700720102\n|switch|p2a: Cinderace|Cinderace, M|100\/100\n|turn|32\n|\n|t:|1700720107\n|move|p2a: Cinderace|Pyro Ball|p1a: Heatran\n|-damage|p1a: Heatran|3\/100 par\n|move|p1a: Heatran|Magma Storm|p2a: Cinderace|[miss]\n|-miss|p1a: Heatran|p2a: Cinderace\n|\n|-weather|none\n|-heal|p1a: Heatran|9\/100 par|[from] item: Leftovers\n|upkeep\n|turn|33\n|\n|t:|1700720115\n|switch|p1a: Torkoal|Torkoal, M|3\/100 par\n|-weather|SunnyDay|[from] ability: Drought|[of] p1a: Torkoal\n|move|p2a: Cinderace|Pyro Ball|p1a: Torkoal|[miss]\n|-miss|p2a: Cinderace|p1a: Torkoal\n|\n|-weather|SunnyDay|[upkeep]\n|upkeep\n|turn|34\n|\n|t:|1700720121\n|move|p2a: Cinderace|Pyro Ball|p1a: Torkoal\n|-resisted|p1a: Torkoal\n|-damage|p1a: Torkoal|0 fnt\n|faint|p1a: Torkoal\n|\n|-weather|SunnyDay|[upkeep]\n|upkeep\n|\n|t:|1700720124\n|switch|p1a: Walking Wake|Walking Wake|100\/100\n|-activate|p1a: Walking Wake|ability: Protosynthesis\n|-start|p1a: Walking Wake|protosynthesisspe\n|turn|35\n|\n|t:|1700720134\n|-terastallize|p1a: Walking Wake|Water\n|move|p2a: Cinderace|Sucker Punch|p1a: Walking Wake\n|-start|p2a: Cinderace|typechange|Dark|[from] ability: Libero\n|-damage|p1a: Walking Wake|63\/100\n|move|p1a: Walking Wake|Hydro Steam|p2a: Cinderace\n|-damage|p2a: Cinderace|0 fnt\n|faint|p2a: Cinderace\n|\n|-weather|SunnyDay|[upkeep]\n|upkeep\n|\n|t:|1700720143\n|switch|p2a: Alomomola|Alomomola, M|71\/100 brn\n|turn|36\n|\n|t:|1700720147\n|move|p1a: Walking Wake|Hydro Steam|p2a: Alomomola\n|-resisted|p2a: Alomomola\n|-damage|p2a: Alomomola|13\/100 brn\n|move|p2a: Alomomola|Wish|p2a: Alomomola\n|\n|-weather|SunnyDay|[upkeep]\n|-damage|p2a: Alomomola|7\/100 brn|[from] brn\n|upkeep\n|turn|37\n|\n|t:|1700720152\n|move|p2a: Alomomola|Protect|p2a: Alomomola\n|-singleturn|p2a: Alomomola|Protect\n|move|p1a: Walking Wake|Hydro Steam|p2a: Alomomola\n|-activate|p2a: Alomomola|move: Protect\n|\n|-weather|SunnyDay|[upkeep]\n|-heal|p2a: Alomomola|57\/100 brn|[from] move: Wish|[wisher] Alomomola\n|-damage|p2a: Alomomola|50\/100 brn|[from] brn\n|upkeep\n|turn|38\n|\n|t:|1700720157\n|switch|p2a: Hydreigon|Hydreigon, M, tera:Steel|100\/100\n|move|p1a: Walking Wake|Hydro Steam|p2a: Hydreigon\n|-damage|p2a: Hydreigon|0 fnt\n|faint|p2a: Hydreigon\n|\n|-weather|SunnyDay|[upkeep]\n|upkeep\n|\n|t:|1700720159\n|switch|p2a: Alomomola|Alomomola, M|84\/100 brn\n|turn|39\n|\n|t:|1700720164\n|-end|p1a: Walking Wake|Protosynthesis|[silent]\n|switch|p1a: Heatran|Heatran, F|9\/100 par\n|move|p2a: Alomomola|Protect||[still]\n|-fail|p2a: Alomomola\n|\n|-weather|SunnyDay|[upkeep]\n|-heal|p1a: Heatran|15\/100 par|[from] item: Leftovers\n|-damage|p2a: Alomomola|78\/100 brn|[from] brn\n|upkeep\n|turn|40\n|\n|t:|1700720174\n|move|p2a: Alomomola|Scald|p1a: Heatran\n|-supereffective|p1a: Heatran\n|-damage|p1a: Heatran|7\/100 par\n|move|p1a: Heatran|Magma Storm|p2a: Alomomola\n|-resisted|p2a: Alomomola\n|-damage|p2a: Alomomola|49\/100 brn\n|-activate|p2a: Alomomola|move: Magma Storm|[of] p1a: Heatran\n|\n|-weather|none\n|-heal|p1a: Heatran|13\/100 par|[from] item: Leftovers\n|-damage|p2a: Alomomola|43\/100 brn|[from] brn\n|-damage|p2a: Alomomola|30\/100 brn|[from] move: Magma Storm|[partiallytrapped]\n|upkeep\n|turn|41\n|\n|t:|1700720179\n|switch|p1a: Walking Wake|Walking Wake, tera:Water|63\/100\n|move|p2a: Alomomola|Flip Turn|p1a: Walking Wake\n|-resisted|p1a: Walking Wake\n|-damage|p1a: Walking Wake|58\/100\n|\n|t:|1700720181\n|switch|p2a: Iron Valiant|Iron Valiant|94\/100|[from] Flip Turn\n|\n|upkeep\n|turn|42\n|\n|t:|1700720195\n|-end|p1a: Walking Wake|Protosynthesis|[silent]\n|switch|p1a: Dragonite|Dragonite, M|76\/100 brn\n|move|p2a: Iron Valiant|Moonblast|p1a: Dragonite\n|-supereffective|p1a: Dragonite\n|-damage|p1a: Dragonite|0 fnt\n|faint|p1a: Dragonite\n|\n|upkeep\n|\n|t:|1700720205\n|switch|p1a: Heatran|Heatran, F|13\/100 par\n|turn|43\n|\n|t:|1700720217\n|-end|p2a: Iron Valiant|Quark Drive|[silent]\n|switch|p2a: Alomomola|Alomomola, M|64\/100 brn\n|switch|p1a: Walking Wake|Walking Wake, tera:Water|58\/100\n|\n|-damage|p2a: Alomomola|57\/100 brn|[from] brn\n|upkeep\n|turn|44\n|\n|t:|1700720223\n|move|p2a: Alomomola|Protect|p2a: Alomomola\n|-singleturn|p2a: Alomomola|Protect\n|move|p1a: Walking Wake|Draco Meteor|p2a: Alomomola\n|-activate|p2a: Alomomola|move: Protect\n|\n|-damage|p2a: Alomomola|51\/100 brn|[from] brn\n|upkeep\n|turn|45\n|\n|t:|1700720226\n|-end|p1a: Walking Wake|Protosynthesis|[silent]\n|switch|p1a: Heatran|Heatran, F|13\/100 par\n|switch|p2a: Iron Valiant|Iron Valiant|94\/100\n|\n|-heal|p1a: Heatran|19\/100 par|[from] item: Leftovers\n|upkeep\n|turn|46\n|\n|t:|1700720233\n|switch|p1a: Great Tusk|Great Tusk|100\/100\n|move|p2a: Iron Valiant|Shadow Ball|p1a: Great Tusk\n|-damage|p1a: Great Tusk|58\/100\n|\n|upkeep\n|turn|47\n|\n|t:|1700720236\n|-end|p2a: Iron Valiant|Quark Drive|[silent]\n|switch|p2a: Alomomola|Alomomola, M|85\/100 brn\n|move|p1a: Great Tusk|Headlong Rush|p2a: Alomomola\n|-damage|p2a: Alomomola|55\/100 brn\n|-unboost|p1a: Great Tusk|def|1\n|-unboost|p1a: Great Tusk|spd|1\n|-enditem|p1a: Great Tusk|Eject Pack\n|\n|t:|1700720239\n|-end|p1a: Great Tusk|Protosynthesis|[silent]\n|switch|p1a: Walking Wake|Walking Wake, tera:Water|58\/100\n|\n|-damage|p2a: Alomomola|48\/100 brn|[from] brn\n|upkeep\n|turn|48\n|\n|t:|1700720255\n|-end|p1a: Walking Wake|Protosynthesis|[silent]\n|switch|p1a: Heatran|Heatran, F|19\/100 par\n|move|p2a: Alomomola|Protect||[still]\n|-fail|p2a: Alomomola\n|\n|-heal|p1a: Heatran|25\/100 par|[from] item: Leftovers\n|-damage|p2a: Alomomola|42\/100 brn|[from] brn\n|upkeep\n|turn|49\n|\n|t:|1700720266\n|move|p2a: Alomomola|Wish|p2a: Alomomola\n|cant|p1a: Heatran|par\n|\n|-heal|p1a: Heatran|32\/100 par|[from] item: Leftovers\n|-damage|p2a: Alomomola|36\/100 brn|[from] brn\n|upkeep\n|turn|50\n|\n|t:|1700720270\n|switch|p1a: Walking Wake|Walking Wake, tera:Water|58\/100\n|move|p2a: Alomomola|Protect||[still]\n|-fail|p2a: Alomomola\n|\n|-heal|p2a: Alomomola|86\/100 brn|[from] move: Wish|[wisher] Alomomola\n|-damage|p2a: Alomomola|80\/100 brn|[from] brn\n|upkeep\n|turn|51\n|\n|t:|1700720272\n|move|p2a: Alomomola|Protect|p2a: Alomomola\n|-singleturn|p2a: Alomomola|Protect\n|move|p1a: Walking Wake|Draco Meteor|p2a: Alomomola\n|-activate|p2a: Alomomola|move: Protect\n|\n|-damage|p2a: Alomomola|74\/100 brn|[from] brn\n|upkeep\n|turn|52\n|\n|t:|1700720276\n|switch|p2a: Iron Valiant|Iron Valiant|94\/100\n|move|p1a: Walking Wake|Draco Meteor|p2a: Iron Valiant\n|-immune|p2a: Iron Valiant\n|\n|upkeep\n|turn|53\n|\n|t:|1700720283\n|move|p2a: Iron Valiant|Shadow Ball|p1a: Walking Wake\n|-damage|p1a: Walking Wake|10\/100\n|-unboost|p1a: Walking Wake|spd|1\n|move|p1a: Walking Wake|Draco Meteor|p2a: Iron Valiant\n|-immune|p2a: Iron Valiant\n|\n|upkeep\n|turn|54\n|\n|t:|1700720291\n|move|p2a: Iron Valiant|Shadow Ball|p1a: Walking Wake\n|-damage|p1a: Walking Wake|0 fnt\n|faint|p1a: Walking Wake\n|-end|p1a: Walking Wake|Protosynthesis|[silent]\n|\n|upkeep\n|\n|t:|1700720294\n|switch|p1a: Great Tusk|Great Tusk|58\/100\n|turn|55\n|\n|t:|1700720297\n|-end|p2a: Iron Valiant|Quark Drive|[silent]\n|switch|p2a: Alomomola|Alomomola, M|100\/100 brn\n|move|p1a: Great Tusk|Headlong Rush|p2a: Alomomola\n|-damage|p2a: Alomomola|69\/100 brn\n|-unboost|p1a: Great Tusk|def|1\n|-unboost|p1a: Great Tusk|spd|1\n|\n|-damage|p2a: Alomomola|62\/100 brn|[from] brn\n|upkeep\n|turn|56\n|\n|t:|1700720302\n|move|p1a: Great Tusk|Headlong Rush|p2a: Alomomola\n|-damage|p2a: Alomomola|28\/100 brn\n|-unboost|p1a: Great Tusk|def|1\n|-unboost|p1a: Great Tusk|spd|1\n|move|p2a: Alomomola|Wish|p2a: Alomomola\n|\n|-damage|p2a: Alomomola|22\/100 brn|[from] brn\n|upkeep\n|turn|57\n|\n|t:|1700720305\n|-end|p1a: Great Tusk|Protosynthesis|[silent]\n|switch|p1a: Heatran|Heatran, F|32\/100 par\n|move|p2a: Alomomola|Protect||[still]\n|-fail|p2a: Alomomola\n|\n|-heal|p2a: Alomomola|72\/100 brn|[from] move: Wish|[wisher] Alomomola\n|-heal|p1a: Heatran|38\/100 par|[from] item: Leftovers\n|-damage|p2a: Alomomola|66\/100 brn|[from] brn\n|upkeep\n|turn|58\n|\n|t:|1700720307\n|move|p2a: Alomomola|Flip Turn|p1a: Heatran\n|-supereffective|p1a: Heatran\n|-damage|p1a: Heatran|24\/100 par\n|\n|t:|1700720309\n|switch|p2a: Kingambit|Kingambit, M|100\/100|[from] Flip Turn\n|-activate|p2a: Kingambit|ability: Supreme Overlord\n|-start|p2a: Kingambit|fallen3|[silent]\n|cant|p1a: Heatran|par\n|\n|-heal|p1a: Heatran|30\/100 par|[from] item: Leftovers\n|upkeep\n|turn|59\n|\n|t:|1700720316\n|move|p2a: Kingambit|Iron Head|p1a: Heatran\n|-resisted|p1a: Heatran\n|-damage|p1a: Heatran|17\/100 par\n|move|p1a: Heatran|Magma Storm|p2a: Kingambit\n|-supereffective|p2a: Kingambit\n|-damage|p2a: Kingambit|11\/100\n|-activate|p2a: Kingambit|move: Magma Storm|[of] p1a: Heatran\n|\n|-heal|p2a: Kingambit|18\/100|[from] item: Leftovers\n|-heal|p1a: Heatran|23\/100 par|[from] item: Leftovers\n|-damage|p2a: Kingambit|5\/100|[from] move: Magma Storm|[partiallytrapped]\n|upkeep\n|turn|60\n|\n|t:|1700720321\n|move|p2a: Kingambit|Kowtow Cleave|p1a: Heatran\n|-damage|p1a: Heatran|0 fnt\n|faint|p1a: Heatran\n|\n|-heal|p2a: Kingambit|11\/100|[from] item: Leftovers\n|-end|p2a: Kingambit|Magma Storm|[partiallytrapped]|[silent]\n|upkeep\n|\n|t:|1700720323\n|switch|p1a: Great Tusk|Great Tusk|58\/100\n|turn|61\n|\n|t:|1700720327\n|move|p1a: Great Tusk|Knock Off|p2a: Kingambit\n|-resisted|p2a: Kingambit\n|-damage|p2a: Kingambit|1\/100\n|-enditem|p2a: Kingambit|Leftovers|[from] move: Knock Off|[of] p1a: Great Tusk\n|move|p2a: Kingambit|Iron Head|p1a: Great Tusk\n|-damage|p1a: Great Tusk|12\/100\n|\n|upkeep\n|turn|62\n|\n|t:|1700720333\n|move|p2a: Kingambit|Sucker Punch|p1a: Great Tusk\n|-resisted|p1a: Great Tusk\n|-crit|p1a: Great Tusk\n|-damage|p1a: Great Tusk|0 fnt\n|faint|p1a: Great Tusk\n|-end|p1a: Great Tusk|Protosynthesis|[silent]\n|\n|win|Ceo O Wo Chien\n|raw|Aeziolu's rating: 1623 &rarr; <strong>1608<\/strong><br \/>(-15 for losing)\n|raw|Ceo O Wo Chien's rating: 1712 &rarr; <strong>1727<\/strong><br \/>(+15 for winning)\n|l|\u2606Ceo O Wo Chien\n|l|\u2606Aeziolu\n|j|\u2606Aeziolu\n|player|p1|Aeziolu|wally\n","uploadtime":1700720374,"views":2,"p1id":"aeziolu","p2id":"ceoowochien","formatid":"gen9ou","rating":1608,"private":0,"password":""}