{"id":"gen9ou-1989850519","p1":"juliettesz","p2":"Rekka's Tails","format":"[Gen 9] OU","log":"|j|\u2606juliettesz\n|j|\u2606Rekka's Tails\n|t:|1699900956\n|gametype|singles\n|player|p1|juliettesz|swimmerf-gen4dp|1099\n|player|p2|Rekka's Tails|lady-gen4|1095\n|teamsize|p1|6\n|teamsize|p2|6\n|gen|9\n|tier|[Gen 9] OU\n|rated|\n|rule|Sleep Clause Mod: Limit one foe put to sleep\n|rule|Species Clause: Limit one of each Pok\u00e9mon\n|rule|OHKO Clause: OHKO moves are banned\n|rule|Evasion Items Clause: Evasion items are banned\n|rule|Evasion Moves Clause: Evasion moves are banned\n|rule|Endless Battle Clause: Forcing endless battles is banned\n|rule|HP Percentage Mod: HP is shown in percentages\n|clearpoke\n|poke|p1|Hoopa-Unbound|\n|poke|p1|Amoonguss, M|\n|poke|p1|Landorus-Therian, M|\n|poke|p1|Dragapult, M|\n|poke|p1|Cinderace, F|\n|poke|p1|Kingambit, F|\n|poke|p2|Grimmsnarl, M|\n|poke|p2|Gardevoir, M|\n|poke|p2|Great Tusk|\n|poke|p2|Typhlosion-Hisui, M|\n|poke|p2|Meowscarada, M|\n|poke|p2|Kleavor, F|\n|teampreview\n|\n|t:|1699900961\n|start\n|switch|p1a: Landorus|Landorus-Therian, M|100\/100\n|switch|p2a: Kleavor|Kleavor, F|100\/100\n|-ability|p1a: Landorus|Intimidate|boost\n|-unboost|p2a: Kleavor|atk|1\n|turn|1\n|\n|t:|1699900967\n|move|p2a: Kleavor|Stone Axe|p1a: Landorus\n|-damage|p1a: Landorus|70\/100\n|-damage|p2a: Kleavor|84\/100|[from] item: Rocky Helmet|[of] p1a: Landorus\n|-sidestart|p1: juliettesz|move: Stealth Rock\n|move|p1a: Landorus|Earth Power|p2a: Kleavor\n|-damage|p2a: Kleavor|33\/100\n|-unboost|p2a: Kleavor|spd|1\n|\n|upkeep\n|turn|2\n|\n|t:|1699900975\n|switch|p2a: Meowscarada|Meowscarada, M|100\/100\n|move|p1a: Landorus|Earth Power|p2a: Meowscarada\n|-resisted|p2a: Meowscarada\n|-damage|p2a: Meowscarada|74\/100\n|\n|upkeep\n|turn|3\n|\n|t:|1699900982\n|move|p2a: Meowscarada|Knock Off|p1a: Landorus\n|-start|p2a: Meowscarada|typechange|Dark|[from] ability: Protean\n|-damage|p1a: Landorus|6\/100\n|-damage|p2a: Meowscarada|57\/100|[from] item: Rocky Helmet|[of] p1a: Landorus\n|-enditem|p1a: Landorus|Rocky Helmet|[from] move: Knock Off|[of] p2a: Meowscarada\n|move|p1a: Landorus|U-turn|p2a: Meowscarada\n|-supereffective|p2a: Meowscarada\n|-damage|p2a: Meowscarada|0 fnt\n|faint|p2a: Meowscarada\n|\n|t:|1699900991\n|switch|p1a: Cinderace|Cinderace, F|100\/100|[from] U-turn\n|\n|upkeep\n|\n|t:|1699900994\n|switch|p2a: Grimmsnarl|Grimmsnarl, M, shiny|100\/100\n|turn|4\n|\n|t:|1699901000\n|move|p2a: Grimmsnarl|Taunt|p1a: Cinderace\n|-start|p1a: Cinderace|move: Taunt\n|cant|p1a: Cinderace|move: Taunt|Court Change\n|\n|upkeep\n|turn|5\n|\n|t:|1699901005\n|move|p2a: Grimmsnarl|Thunder Wave|p1a: Cinderace|[miss]\n|-miss|p2a: Grimmsnarl|p1a: Cinderace\n|move|p1a: Cinderace|U-turn|p2a: Grimmsnarl\n|-damage|p2a: Grimmsnarl|73\/100\n|-enditem|p2a: Grimmsnarl|Red Card|[of] p1a: Cinderace\n|drag|p1a: Landorus|Landorus-Therian, M|6\/100\n|-damage|p1a: Landorus|0 fnt|[from] Stealth Rock\n|faint|p1a: Landorus\n|\n|upkeep\n|\n|t:|1699901016\n|switch|p1a: Kingambit|Kingambit, F|100\/100\n|-damage|p1a: Kingambit|94\/100|[from] Stealth Rock\n|-activate|p1a: Kingambit|ability: Supreme Overlord\n|-start|p1a: Kingambit|fallen1|[silent]\n|turn|6\n|\n|t:|1699901023\n|move|p2a: Grimmsnarl|Thunder Wave|p1a: Kingambit\n|-hint|Since gen 7, Dark is immune to Prankster moves.\n|-immune|p1a: Kingambit\n|move|p1a: Kingambit|Iron Head|p2a: Grimmsnarl\n|-supereffective|p2a: Grimmsnarl\n|-damage|p2a: Grimmsnarl|0 fnt\n|faint|p2a: Grimmsnarl\n|\n|-heal|p1a: Kingambit|100\/100|[from] item: Leftovers\n|upkeep\n|\n|t:|1699901026\n|switch|p2a: Kleavor|Kleavor, F|33\/100\n|turn|7\n|\n|t:|1699901031\n|move|p1a: Kingambit|Sucker Punch|p2a: Kleavor\n|-damage|p2a: Kleavor|0 fnt\n|faint|p2a: Kleavor\n|\n|upkeep\n|\n|t:|1699901033\n|switch|p2a: Typhlosion|Typhlosion-Hisui, M|100\/100\n|turn|8\n|\n|t:|1699901043\n|switch|p2a: Great Tusk|Great Tusk|100\/100\n|-enditem|p2a: Great Tusk|Booster Energy\n|-activate|p2a: Great Tusk|ability: Protosynthesis|[fromitem]\n|-start|p2a: Great Tusk|protosynthesisatk\n|-terastallize|p1a: Kingambit|Fire\n|move|p1a: Kingambit|Kowtow Cleave|p2a: Great Tusk\n|-resisted|p2a: Great Tusk\n|-damage|p2a: Great Tusk|79\/100\n|\n|upkeep\n|turn|9\n|\n|t:|1699901054\n|-end|p1a: Kingambit|fallen1|[silent]\n|switch|p1a: Amoonguss|Amoonguss, M|100\/100\n|-terastallize|p2a: Great Tusk|Steel\n|move|p2a: Great Tusk|Headlong Rush|p1a: Amoonguss\n|-damage|p1a: Amoonguss|20\/100\n|-unboost|p2a: Great Tusk|def|1\n|-unboost|p2a: Great Tusk|spd|1\n|\n|upkeep\n|turn|10\n|\n|t:|1699901066\n|move|p2a: Great Tusk|Headlong Rush|p1a: Amoonguss\n|-damage|p1a: Amoonguss|0 fnt\n|-unboost|p2a: Great Tusk|def|1\n|-unboost|p2a: Great Tusk|spd|1\n|faint|p1a: Amoonguss\n|\n|upkeep\n|\n|t:|1699901074\n|switch|p1a: Cinderace|Cinderace, F|100\/100\n|turn|11\n|\n|t:|1699901078\n|-end|p2a: Great Tusk|Protosynthesis|[silent]\n|switch|p2a: Typhlosion|Typhlosion-Hisui, M|100\/100\n|move|p1a: Cinderace|Pyro Ball|p2a: Typhlosion\n|-resisted|p2a: Typhlosion\n|-damage|p2a: Typhlosion|57\/100\n|\n|upkeep\n|turn|12\n|\n|t:|1699901085\n|move|p2a: Typhlosion|Shadow Ball|p1a: Cinderace\n|-damage|p1a: Cinderace|39\/100\n|move|p1a: Cinderace|U-turn|p2a: Typhlosion\n|-resisted|p2a: Typhlosion\n|-damage|p2a: Typhlosion|49\/100\n|\n|t:|1699901091\n|switch|p1a: Dragapult|Dragapult, M|100\/100|[from] U-turn\n|\n|upkeep\n|turn|13\n|\n|t:|1699901097\n|switch|p1a: Kingambit|Kingambit, F, tera:Fire|100\/100\n|-damage|p1a: Kingambit|76\/100|[from] Stealth Rock\n|-activate|p1a: Kingambit|ability: Supreme Overlord\n|-start|p1a: Kingambit|fallen2|[silent]\n|move|p2a: Typhlosion|Shadow Ball|p1a: Kingambit\n|-crit|p1a: Kingambit\n|-damage|p1a: Kingambit|15\/100\n|\n|-heal|p1a: Kingambit|21\/100|[from] item: Leftovers\n|upkeep\n|turn|14\n|\n|t:|1699901104\n|switch|p2a: Great Tusk|Great Tusk, tera:Steel|79\/100\n|move|p1a: Kingambit|Sucker Punch||[still]\n|-fail|p1a: Kingambit\n|\n|-heal|p1a: Kingambit|27\/100|[from] item: Leftovers\n|upkeep\n|turn|15\n|\n|t:|1699901109\n|move|p2a: Great Tusk|Rapid Spin|p1a: Kingambit\n|-damage|p1a: Kingambit|12\/100\n|-boost|p2a: Great Tusk|spe|1\n|move|p1a: Kingambit|Kowtow Cleave|p2a: Great Tusk\n|-damage|p2a: Great Tusk|38\/100\n|\n|-heal|p1a: Kingambit|19\/100|[from] item: Leftovers\n|upkeep\n|turn|16\n|\n|t:|1699901117\n|move|p1a: Kingambit|Sucker Punch|p2a: Great Tusk\n|-damage|p2a: Great Tusk|0 fnt\n|faint|p2a: Great Tusk\n|-end|p2a: Great Tusk|Protosynthesis|[silent]\n|\n|-heal|p1a: Kingambit|25\/100|[from] item: Leftovers\n|upkeep\n|c|\u2606Rekka's Tails|awesome pokemon\n|\n|t:|1699901125\n|switch|p2a: Gardevoir|Gardevoir, M|100\/100\n|-activate|p2a: Gardevoir|ability: Supreme Overlord\n|-start|p2a: Gardevoir|fallen4|[silent]\n|-ability|p2a: Gardevoir|Supreme Overlord|[from] ability: Trace|[of] p1a: Kingambit\n|turn|17\n|\n|t:|1699901136\n|move|p2a: Gardevoir|Moonblast|p1a: Kingambit\n|-resisted|p1a: Kingambit\n|-damage|p1a: Kingambit|0 fnt\n|faint|p1a: Kingambit\n|-end|p1a: Kingambit|fallen2|[silent]\n|\n|upkeep\n|\n|t:|1699901144\n|switch|p1a: Hoopa|Hoopa-Unbound|100\/100\n|-damage|p1a: Hoopa|88\/100|[from] Stealth Rock\n|turn|18\n|\n|t:|1699901152\n|move|p2a: Gardevoir|Moonblast|p1a: Hoopa\n|-supereffective|p1a: Hoopa\n|-damage|p1a: Hoopa|0 fnt\n|faint|p1a: Hoopa\n|\n|upkeep\n|\n|t:|1699901155\n|switch|p1a: Cinderace|Cinderace, F|39\/100\n|turn|19\n|\n|t:|1699901158\n|move|p2a: Gardevoir|Moonblast|p1a: Cinderace\n|-resisted|p1a: Cinderace\n|-damage|p1a: Cinderace|0 fnt\n|faint|p1a: Cinderace\n|\n|upkeep\n|\n|t:|1699901160\n|switch|p1a: Dragapult|Dragapult, M|100\/100\n|turn|20\n|\n|t:|1699901163\n|move|p2a: Gardevoir|Moonblast|p1a: Dragapult\n|-supereffective|p1a: Dragapult\n|-damage|p1a: Dragapult|0 fnt\n|faint|p1a: Dragapult\n|\n|win|Rekka's Tails\n|raw|juliettesz's rating: 1099 &rarr; <strong>1074<\/strong><br \/>(-25 for losing)\n|raw|Rekka&apos;s Tails's rating: 1095 &rarr; <strong>1121<\/strong><br \/>(+26 for winning)\n|l|\u2606juliettesz\n","uploadtime":1699901170,"views":13,"p1id":"juliettesz","p2id":"rekkastails","formatid":"gen9ou","rating":1074,"private":0,"password":""}