{"id":"gen9ou-1995714885","p1":"wmccall1","p2":"irish i am irish","format":"[Gen 9] OU","log":"|j|\u2606wmccall1\n|j|\u2606irish i am irish\n|t:|1700596406\n|gametype|singles\n|player|p1|wmccall1|265|1024\n|player|p2|irish i am irish|workerice|1100\n|teamsize|p1|6\n|teamsize|p2|6\n|gen|9\n|tier|[Gen 9] OU\n|rated|\n|rule|Sleep Clause Mod: Limit one foe put to sleep\n|rule|Species Clause: Limit one of each Pok\u00e9mon\n|rule|OHKO Clause: OHKO moves are banned\n|rule|Evasion Items Clause: Evasion items are banned\n|rule|Evasion Moves Clause: Evasion moves are banned\n|rule|Endless Battle Clause: Forcing endless battles is banned\n|rule|HP Percentage Mod: HP is shown in percentages\n|clearpoke\n|poke|p1|Tropius, F|\n|poke|p1|Milotic, F|\n|poke|p1|Ambipom, M|\n|poke|p1|Dudunsparce-*, F|\n|poke|p1|Masquerain, M|\n|poke|p1|Quagsire, F|\n|poke|p2|Ninetales-Alola, M|\n|poke|p2|Iron Valiant|\n|poke|p2|Zapdos|\n|poke|p2|Great Tusk|\n|poke|p2|Ogerpon-Cornerstone, F|\n|poke|p2|Dondozo, F|\n|teampreview\n|\n|t:|1700596411\n|start\n|switch|p1a: Masquerain|Masquerain, M|100\/100\n|switch|p2a: Ogerpon|Ogerpon-Cornerstone, F|100\/100\n|-ability|p1a: Masquerain|Intimidate|boost\n|-unboost|p2a: Ogerpon|atk|1\n|turn|1\n|\n|t:|1700596418\n|move|p2a: Ogerpon|Ivy Cudgel|p1a: Masquerain|[anim] Ivy Cudgel Rock\n|-supereffective|p1a: Masquerain\n|-damage|p1a: Masquerain|0 fnt\n|faint|p1a: Masquerain\n|\n|upkeep\n|\n|t:|1700596432\n|switch|p1a: Dudunsparce|Dudunsparce-Three-Segment, F|100\/100\n|turn|2\n|\n|t:|1700596438\n|switch|p2a: Zapdos|Zapdos|100\/100\n|move|p1a: Dudunsparce|Yawn|p2a: Zapdos\n|-start|p2a: Zapdos|move: Yawn|[of] p1a: Dudunsparce\n|\n|upkeep\n|turn|3\n|\n|t:|1700596444\n|move|p2a: Zapdos|U-turn|p1a: Dudunsparce\n|-damage|p1a: Dudunsparce|89\/100\n|-ability|p1a: Dudunsparce|Rattled|boost\n|-boost|p1a: Dudunsparce|spe|1\n|\n|t:|1700596450\n|switch|p2a: Great Tusk|Great Tusk|100\/100|[from] U-turn\n|move|p1a: Dudunsparce|Calm Mind|p1a: Dudunsparce\n|-boost|p1a: Dudunsparce|spa|1\n|-boost|p1a: Dudunsparce|spd|1\n|\n|-heal|p1a: Dudunsparce|95\/100|[from] item: Leftovers\n|upkeep\n|turn|4\n|\n|t:|1700596468\n|move|p1a: Dudunsparce|Yawn|p2a: Great Tusk\n|-start|p2a: Great Tusk|move: Yawn|[of] p1a: Dudunsparce\n|move|p2a: Great Tusk|Knock Off|p1a: Dudunsparce\n|-damage|p1a: Dudunsparce|74\/100\n|-ability|p1a: Dudunsparce|Rattled|boost\n|-boost|p1a: Dudunsparce|spe|1\n|-enditem|p1a: Dudunsparce|Leftovers|[from] move: Knock Off|[of] p2a: Great Tusk\n|\n|upkeep\n|turn|5\n|\n|t:|1700596479\n|-terastallize|p1a: Dudunsparce|Ghost\n|move|p1a: Dudunsparce|Calm Mind|p1a: Dudunsparce\n|-boost|p1a: Dudunsparce|spa|1\n|-boost|p1a: Dudunsparce|spd|1\n|move|p2a: Great Tusk|Close Combat|p1a: Dudunsparce\n|-immune|p1a: Dudunsparce\n|\n|-end|p2a: Great Tusk|move: Yawn|[silent]\n|-status|p2a: Great Tusk|slp\n|upkeep\n|turn|6\n|-message|irish i am irish forfeited.\n|\n|win|wmccall1\n|raw|wmccall1's rating: 1024 &rarr; <strong>1068<\/strong><br \/>(+44 for winning)\n|raw|irish i am irish's rating: 1100 &rarr; <strong>1070<\/strong><br \/>(-30 for losing)\n|l|\u2606irish i am irish\n","uploadtime":1700596497,"views":18,"p1id":"wmccall1","p2id":"irishiamirish","formatid":"gen9ou","rating":1068,"private":0,"password":""}