{"id":"gen9ou-2000561403","p1":"Rupelupe","p2":"Positricity","format":"[Gen 9] OU","log":"|j|\u2606Rupelupe\n|j|\u2606Positricity\n|t:|1701205478\n|gametype|singles\n|player|p1|Rupelupe|hiker-gen4|1128\n|player|p2|Positricity|cyclist-gen4|1219\n|teamsize|p1|6\n|teamsize|p2|6\n|gen|9\n|tier|[Gen 9] OU\n|rated|\n|rule|Sleep Clause Mod: Limit one foe put to sleep\n|rule|Species Clause: Limit one of each Pok\u00e9mon\n|rule|OHKO Clause: OHKO moves are banned\n|rule|Evasion Items Clause: Evasion items are banned\n|rule|Evasion Moves Clause: Evasion moves are banned\n|rule|Endless Battle Clause: Forcing endless battles is banned\n|rule|HP Percentage Mod: HP is shown in percentages\n|clearpoke\n|poke|p1|Dragapult, F|\n|poke|p1|Cinderace, M|\n|poke|p1|Zoroark, F|\n|poke|p1|Iron Valiant|\n|poke|p1|Glimmora, M|\n|poke|p1|Blissey, F|\n|poke|p2|Great Tusk|\n|poke|p2|Ogerpon-Wellspring, F|\n|poke|p2|Rillaboom, M|\n|poke|p2|Slowking-Galar, M|\n|poke|p2|Cinderace, M|\n|poke|p2|Garganacl, M|\n|teampreview\n|\n|t:|1701205482\n|start\n|switch|p1a: Blissey|Blissey, F|100\/100\n|switch|p2a: Great Tusk|Great Tusk|100\/100\n|turn|1\n|\n|t:|1701205506\n|switch|p1a: Dragapult|Dragapult, F|100\/100\n|move|p2a: Great Tusk|Rapid Spin|p1a: Dragapult\n|-immune|p1a: Dragapult\n|\n|upkeep\n|turn|2\n|\n|t:|1701205511\n|move|p1a: Dragapult|Draco Meteor|p2a: Great Tusk\n|-damage|p2a: Great Tusk|32\/100\n|-unboost|p1a: Dragapult|spa|2\n|move|p2a: Great Tusk|Knock Off|p1a: Dragapult\n|-supereffective|p1a: Dragapult\n|-damage|p1a: Dragapult|27\/100\n|-enditem|p1a: Dragapult|Choice Specs|[from] move: Knock Off|[of] p2a: Great Tusk\n|\n|upkeep\n|turn|3\n|\n|t:|1701205524\n|-end|p2a: Great Tusk|Protosynthesis|[silent]\n|switch|p2a: Garganacl|Garganacl, M|100\/100\n|move|p1a: Dragapult|Draco Meteor|p2a: Garganacl\n|-damage|p2a: Garganacl|83\/100\n|-unboost|p1a: Dragapult|spa|2\n|\n|-heal|p2a: Garganacl|90\/100|[from] item: Leftovers\n|upkeep\n|turn|4\n|\n|t:|1701205586\n|switch|p1a: Glimmora|Glimmora, M, shiny|100\/100\n|move|p2a: Garganacl|Salt Cure|p1a: Glimmora\n|-damage|p1a: Glimmora|87\/100\n|-start|p1a: Glimmora|Salt Cure\n|-activate|p1a: Glimmora|ability: Toxic Debris\n|-sidestart|p2: Positricity|move: Toxic Spikes\n|\n|-heal|p2a: Garganacl|96\/100|[from] item: Leftovers\n|-damage|p1a: Glimmora|74\/100|[from] Salt Cure\n|upkeep\n|turn|5\n|\n|t:|1701205597\n|move|p1a: Glimmora|Energy Ball|p2a: Garganacl\n|-supereffective|p2a: Garganacl\n|-damage|p2a: Garganacl|60\/100\n|move|p2a: Garganacl|Iron Defense|p2a: Garganacl\n|-boost|p2a: Garganacl|def|2\n|\n|-heal|p2a: Garganacl|66\/100|[from] item: Leftovers\n|-damage|p1a: Glimmora|62\/100|[from] Salt Cure\n|upkeep\n|turn|6\n|\n|t:|1701205613\n|move|p2a: Garganacl|Protect|p2a: Garganacl\n|-singleturn|p2a: Garganacl|Protect\n|move|p1a: Glimmora|Energy Ball|p2a: Garganacl\n|-activate|p2a: Garganacl|move: Protect\n|\n|-heal|p2a: Garganacl|73\/100|[from] item: Leftovers\n|-damage|p1a: Glimmora|50\/100|[from] Salt Cure\n|upkeep\n|turn|7\n|\n|t:|1701205622\n|move|p1a: Glimmora|Energy Ball|p2a: Garganacl\n|-supereffective|p2a: Garganacl\n|-damage|p2a: Garganacl|32\/100\n|move|p2a: Garganacl|Recover|p2a: Garganacl\n|-heal|p2a: Garganacl|82\/100\n|\n|-heal|p2a: Garganacl|89\/100|[from] item: Leftovers\n|-damage|p1a: Glimmora|37\/100|[from] Salt Cure\n|upkeep\n|turn|8\n|\n|t:|1701205656\n|move|p2a: Garganacl|Protect|p2a: Garganacl\n|-singleturn|p2a: Garganacl|Protect\n|move|p1a: Glimmora|Energy Ball|p2a: Garganacl\n|-activate|p2a: Garganacl|move: Protect\n|\n|-heal|p2a: Garganacl|95\/100|[from] item: Leftovers\n|-damage|p1a: Glimmora|25\/100|[from] Salt Cure\n|upkeep\n|turn|9\n|\n|t:|1701205663\n|move|p1a: Glimmora|Energy Ball|p2a: Garganacl\n|-supereffective|p2a: Garganacl\n|-damage|p2a: Garganacl|59\/100\n|move|p2a: Garganacl|Salt Cure|p1a: Glimmora\n|-damage|p1a: Glimmora|11\/100\n|-activate|p1a: Glimmora|ability: Toxic Debris\n|-sidestart|p2: Positricity|move: Toxic Spikes\n|\n|-heal|p2a: Garganacl|65\/100|[from] item: Leftovers\n|-damage|p1a: Glimmora|0 fnt|[from] Salt Cure\n|faint|p1a: Glimmora\n|upkeep\n|\n|t:|1701205684\n|switch|p1a: Cinderace|Cinderace, M|100\/100\n|turn|10\n|\n|t:|1701205687\n|-terastallize|p1a: Cinderace|Fighting\n|move|p1a: Cinderace|Low Kick|p2a: Garganacl\n|-supereffective|p2a: Garganacl\n|-damage|p2a: Garganacl|30\/100\n|move|p2a: Garganacl|Salt Cure|p1a: Cinderace\n|-resisted|p1a: Cinderace\n|-damage|p1a: Cinderace|86\/100\n|-start|p1a: Cinderace|Salt Cure\n|replace|p1a: Zoroark|Zoroark, F, shiny\n|-end|p1a: Zoroark|Illusion\n|\n|-heal|p2a: Garganacl|36\/100|[from] item: Leftovers\n|-damage|p1a: Zoroark|74\/100|[from] Salt Cure\n|upkeep\n|turn|11\n|\n|t:|1701205698\n|switch|p1a: Dragapult|Dragapult, F|27\/100\n|move|p2a: Garganacl|Protect||[still]\n|-fail|p2a: Garganacl\n|\n|-heal|p2a: Garganacl|43\/100|[from] item: Leftovers\n|upkeep\n|turn|12\n|\n|t:|1701205704\n|move|p2a: Garganacl|Protect|p2a: Garganacl\n|-singleturn|p2a: Garganacl|Protect\n|move|p1a: Dragapult|Draco Meteor|p2a: Garganacl\n|-activate|p2a: Garganacl|move: Protect\n|\n|-heal|p2a: Garganacl|49\/100|[from] item: Leftovers\n|upkeep\n|turn|13\n|\n|t:|1701205720\n|move|p1a: Dragapult|Draco Meteor|p2a: Garganacl\n|-damage|p2a: Garganacl|18\/100\n|-unboost|p1a: Dragapult|spa|2\n|move|p2a: Garganacl|Recover|p2a: Garganacl\n|-heal|p2a: Garganacl|68\/100\n|\n|-heal|p2a: Garganacl|75\/100|[from] item: Leftovers\n|upkeep\n|turn|14\n|\n|t:|1701205726\n|move|p1a: Dragapult|Thunderbolt|p2a: Garganacl\n|-damage|p2a: Garganacl|67\/100\n|move|p2a: Garganacl|Salt Cure|p1a: Dragapult\n|-damage|p1a: Dragapult|8\/100\n|-start|p1a: Dragapult|Salt Cure\n|\n|-heal|p2a: Garganacl|73\/100|[from] item: Leftovers\n|-damage|p1a: Dragapult|0 fnt|[from] Salt Cure\n|faint|p1a: Dragapult\n|upkeep\n|\n|t:|1701205729\n|switch|p1a: Cinderace|Cinderace, M, tera:Fighting|74\/100\n|turn|15\n|\n|t:|1701205733\n|move|p2a: Garganacl|Protect|p2a: Garganacl\n|-singleturn|p2a: Garganacl|Protect\n|move|p1a: Cinderace|Low Kick|p2a: Garganacl\n|-activate|p2a: Garganacl|move: Protect\n|\n|-heal|p2a: Garganacl|79\/100|[from] item: Leftovers\n|upkeep\n|turn|16\n|\n|t:|1701205761\n|move|p1a: Cinderace|Knock Off|p2a: Garganacl\n|-damage|p2a: Garganacl|65\/100\n|-enditem|p2a: Garganacl|Leftovers|[from] move: Knock Off|[of] p1a: Cinderace\n|move|p2a: Garganacl|Salt Cure|p1a: Cinderace\n|-resisted|p1a: Cinderace\n|-damage|p1a: Cinderace|60\/100\n|-start|p1a: Cinderace|Salt Cure\n|replace|p1a: Zoroark|Zoroark, F, shiny\n|-end|p1a: Zoroark|Illusion\n|\n|-damage|p1a: Zoroark|47\/100|[from] Salt Cure\n|upkeep\n|turn|17\n|\n|t:|1701205771\n|move|p1a: Zoroark|Sludge Bomb|p2a: Garganacl\n|-resisted|p2a: Garganacl\n|-damage|p2a: Garganacl|57\/100\n|move|p2a: Garganacl|Recover|p2a: Garganacl\n|-heal|p2a: Garganacl|100\/100\n|\n|-damage|p1a: Zoroark|35\/100|[from] Salt Cure\n|upkeep\n|turn|18\n|\n|t:|1701205776\n|move|p2a: Garganacl|Protect|p2a: Garganacl\n|-singleturn|p2a: Garganacl|Protect\n|move|p1a: Zoroark|Sludge Bomb|p2a: Garganacl\n|-activate|p2a: Garganacl|move: Protect\n|\n|-damage|p1a: Zoroark|23\/100|[from] Salt Cure\n|upkeep\n|turn|19\n|\n|t:|1701205780\n|move|p1a: Zoroark|Sludge Bomb|p2a: Garganacl\n|-resisted|p2a: Garganacl\n|-damage|p2a: Garganacl|93\/100\n|move|p2a: Garganacl|Salt Cure|p1a: Zoroark\n|-resisted|p1a: Zoroark\n|-damage|p1a: Zoroark|8\/100\n|\n|-damage|p1a: Zoroark|0 fnt|[from] Salt Cure\n|faint|p1a: Zoroark\n|upkeep\n|l|\u2606Rupelupe\n|player|p1|\n|inactive|Battle timer is ON: inactive players will automatically lose when time's up. (requested by Positricity)\n|inactive|Rupelupe has 30 seconds to reconnect!\n|inactive|Rupelupe has 20 seconds to reconnect!\n|inactive|Rupelupe has 15 seconds to reconnect!\n|inactive|Rupelupe has 10 seconds to reconnect!\n|inactive|Rupelupe has 5 seconds to reconnect!\n|-message|Rupelupe lost due to inactivity.\n|\n|win|Positricity\n|raw|Rupelupe's rating: 1105 &rarr; <strong>1088<\/strong><br \/>(-17 for losing)\n|raw|Positricity's rating: 1219 &rarr; <strong>1236<\/strong><br \/>(+17 for winning)\n","uploadtime":1701205920,"views":8,"p1id":"rupelupe","p2id":"positricity","formatid":"gen9ou","rating":1088,"private":0,"password":""}