{"id":"gen9ou-1993246099","p1":"Midoriashonen","p2":"Renhur","format":"[Gen 9] OU","log":"|j|\u2606Midoriashonen\n|j|\u2606Renhur\n|t:|1700283593\n|gametype|singles\n|player|p1|Midoriashonen|giovanni|1317\n|player|p2|Renhur|cynthia-gen4|1222\n|teamsize|p1|6\n|teamsize|p2|6\n|gen|9\n|tier|[Gen 9] OU\n|rated|\n|rule|Sleep Clause Mod: Limit one foe put to sleep\n|rule|Species Clause: Limit one of each Pok\u00e9mon\n|rule|OHKO Clause: OHKO moves are banned\n|rule|Evasion Items Clause: Evasion items are banned\n|rule|Evasion Moves Clause: Evasion moves are banned\n|rule|Endless Battle Clause: Forcing endless battles is banned\n|rule|HP Percentage Mod: HP is shown in percentages\n|clearpoke\n|poke|p1|Glimmora, M|\n|poke|p1|Corviknight, F|\n|poke|p1|Dragapult, M|\n|poke|p1|Chansey, F|\n|poke|p1|Dragonite, M|\n|poke|p1|Tornadus-Therian, M|\n|poke|p2|Dragonite, F|\n|poke|p2|Lucario, M|\n|poke|p2|Gardevoir, F|\n|poke|p2|Cloyster, F|\n|poke|p2|Gyarados, M|\n|poke|p2|Corviknight, M|\n|teampreview\n|inactive|Battle timer is ON: inactive players will automatically lose when time's up. (requested by Renhur)\n|\n|t:|1700283602\n|start\n|switch|p1a: Chansey|Chansey, F|100\/100\n|switch|p2a: Gyarados|Gyarados, M|100\/100\n|-ability|p2a: Gyarados|Intimidate|boost\n|-unboost|p1a: Chansey|atk|1\n|turn|1\n|\n|t:|1700283611\n|switch|p1a: Corviknight|Corviknight, F|100\/100\n|move|p2a: Gyarados|Dragon Dance|p2a: Gyarados\n|-boost|p2a: Gyarados|atk|1\n|-boost|p2a: Gyarados|spe|1\n|\n|upkeep\n|turn|2\n|\n|t:|1700283622\n|move|p2a: Gyarados|Waterfall|p1a: Corviknight\n|-damage|p1a: Corviknight|64\/100\n|-damage|p2a: Gyarados|84\/100|[from] item: Rocky Helmet|[of] p1a: Corviknight\n|move|p1a: Corviknight|Body Press|p2a: Gyarados\n|-resisted|p2a: Gyarados\n|-damage|p2a: Gyarados|67\/100\n|\n|-heal|p2a: Gyarados|73\/100|[from] item: Leftovers\n|upkeep\n|turn|3\n|\n|t:|1700283632\n|move|p2a: Gyarados|Dragon Dance|p2a: Gyarados\n|-boost|p2a: Gyarados|atk|1\n|-boost|p2a: Gyarados|spe|1\n|move|p1a: Corviknight|Roost|p1a: Corviknight\n|-heal|p1a: Corviknight|100\/100\n|-singleturn|p1a: Corviknight|move: Roost\n|\n|-heal|p2a: Gyarados|79\/100|[from] item: Leftovers\n|upkeep\n|turn|4\n|\n|t:|1700283641\n|move|p2a: Gyarados|Dragon Dance|p2a: Gyarados\n|-boost|p2a: Gyarados|atk|1\n|-boost|p2a: Gyarados|spe|1\n|move|p1a: Corviknight|Roost||[still]\n|-fail|p1a: Corviknight|heal\n|\n|-heal|p2a: Gyarados|85\/100|[from] item: Leftovers\n|upkeep\n|turn|5\n|\n|t:|1700283653\n|move|p2a: Gyarados|Ice Fang|p1a: Corviknight\n|-damage|p1a: Corviknight|69\/100\n|-damage|p2a: Gyarados|69\/100|[from] item: Rocky Helmet|[of] p1a: Corviknight\n|move|p1a: Corviknight|Body Press|p2a: Gyarados\n|-resisted|p2a: Gyarados\n|-damage|p2a: Gyarados|53\/100\n|\n|-heal|p2a: Gyarados|59\/100|[from] item: Leftovers\n|upkeep\n|turn|6\n|\n|t:|1700283661\n|move|p2a: Gyarados|Waterfall|p1a: Corviknight\n|-damage|p1a: Corviknight|5\/100\n|-damage|p2a: Gyarados|43\/100|[from] item: Rocky Helmet|[of] p1a: Corviknight\n|cant|p1a: Corviknight|flinch\n|\n|-heal|p2a: Gyarados|49\/100|[from] item: Leftovers\n|upkeep\n|turn|7\n|\n|t:|1700283672\n|move|p2a: Gyarados|Waterfall|p1a: Corviknight\n|-damage|p1a: Corviknight|0 fnt\n|-damage|p2a: Gyarados|32\/100|[from] item: Rocky Helmet|[of] p1a: Corviknight\n|faint|p1a: Corviknight\n|\n|-heal|p2a: Gyarados|38\/100|[from] item: Leftovers\n|upkeep\n|\n|t:|1700283680\n|switch|p1a: Dragonite|Dragonite, M|100\/100\n|turn|8\n|\n|t:|1700283684\n|move|p1a: Dragonite|Extreme Speed|p2a: Gyarados\n|-damage|p2a: Gyarados|0 fnt\n|faint|p2a: Gyarados\n|\n|upkeep\n|\n|t:|1700283690\n|switch|p2a: Cloyster|Cloyster, F|100\/100\n|turn|9\n|\n|t:|1700283695\n|move|p1a: Dragonite|Thunder Punch|p2a: Cloyster\n|-supereffective|p2a: Cloyster\n|-damage|p2a: Cloyster|56\/100\n|move|p2a: Cloyster|Icicle Spear|p1a: Dragonite\n|-supereffective|p1a: Dragonite\n|-damage|p1a: Dragonite|78\/100\n|-supereffective|p1a: Dragonite\n|-crit|p1a: Dragonite\n|-damage|p1a: Dragonite|1\/100\n|-supereffective|p1a: Dragonite\n|-damage|p1a: Dragonite|0 fnt\n|faint|p1a: Dragonite\n|-hitcount|p1: Dragonite|3\n|\n|upkeep\n|\n|t:|1700283705\n|switch|p1a: Glimmora|Glimmora, M, shiny|100\/100\n|-item|p1a: Glimmora|Air Balloon\n|turn|10\n|\n|t:|1700283711\n|move|p1a: Glimmora|Mortal Spin|p2a: Cloyster\n|-damage|p2a: Cloyster|49\/100\n|-status|p2a: Cloyster|psn\n|move|p2a: Cloyster|Shell Smash|p2a: Cloyster\n|-unboost|p2a: Cloyster|def|1\n|-unboost|p2a: Cloyster|spd|1\n|-boost|p2a: Cloyster|atk|2\n|-boost|p2a: Cloyster|spa|2\n|-boost|p2a: Cloyster|spe|2\n|\n|-damage|p2a: Cloyster|37\/100 psn|[from] psn\n|upkeep\n|turn|11\n|\n|t:|1700283721\n|move|p1a: Glimmora|Spiky Shield|p1a: Glimmora\n|-singleturn|p1a: Glimmora|move: Protect\n|move|p2a: Cloyster|Icicle Spear|p1a: Glimmora\n|-activate|p1a: Glimmora|move: Protect\n|\n|-damage|p2a: Cloyster|25\/100 psn|[from] psn\n|upkeep\n|turn|12\n|\n|t:|1700283729\n|move|p2a: Cloyster|Icicle Spear|p1a: Glimmora\n|-damage|p1a: Glimmora|76\/100\n|-activate|p1a: Glimmora|ability: Toxic Debris\n|-sidestart|p2: Renhur|move: Toxic Spikes\n|-enditem|p1a: Glimmora|Air Balloon\n|-damage|p1a: Glimmora|54\/100\n|-activate|p1a: Glimmora|ability: Toxic Debris\n|-sidestart|p2: Renhur|move: Toxic Spikes\n|-damage|p1a: Glimmora|29\/100\n|-damage|p1a: Glimmora|6\/100\n|-damage|p1a: Glimmora|0 fnt\n|faint|p1a: Glimmora\n|-hitcount|p1: Glimmora|5\n|\n|-damage|p2a: Cloyster|12\/100 psn|[from] psn\n|upkeep\n|\n|t:|1700283743\n|switch|p1a: Dragapult|Dragapult, M|100\/100\n|turn|13\n|\n|t:|1700283748\n|move|p1a: Dragapult|Sucker Punch|p2a: Cloyster\n|-damage|p2a: Cloyster|0 fnt\n|faint|p2a: Cloyster\n|\n|upkeep\n|\n|t:|1700283752\n|switch|p2a: Corviknight|Corviknight, M|100\/100\n|-ability|p2a: Corviknight|Pressure\n|turn|14\n|\n|t:|1700283756\n|switch|p1a: Tornadus|Tornadus-Therian, M|100\/100\n|move|p2a: Corviknight|Defog|p1a: Tornadus\n|-unboost|p1a: Tornadus|evasion|1\n|-sideend|p2: Renhur|Toxic Spikes|[from] move: Defog|[of] p2a: Corviknight\n|\n|upkeep\n|turn|15\n|\n|t:|1700283765\n|move|p1a: Tornadus|Nasty Plot|p1a: Tornadus\n|-boost|p1a: Tornadus|spa|2\n|move|p2a: Corviknight|Brave Bird|p1a: Tornadus\n|-damage|p1a: Tornadus|52\/100\n|-damage|p2a: Corviknight|88\/100|[from] Recoil\n|\n|upkeep\n|turn|16\n|\n|t:|1700283776\n|-terastallize|p2a: Corviknight|Normal\n|move|p1a: Tornadus|Heat Wave|p2a: Corviknight\n|-damage|p2a: Corviknight|20\/100\n|-damage|p1a: Tornadus|42\/100|[from] item: Life Orb\n|move|p2a: Corviknight|Brave Bird|p1a: Tornadus\n|-damage|p1a: Tornadus|0 fnt\n|faint|p1a: Tornadus\n|-damage|p2a: Corviknight|10\/100|[from] Recoil\n|\n|upkeep\n|\n|t:|1700283786\n|switch|p1a: Dragapult|Dragapult, M|100\/100\n|turn|17\n|\n|t:|1700283791\n|move|p1a: Dragapult|Psychic Fangs|p2a: Corviknight\n|-damage|p2a: Corviknight|0 fnt\n|-damage|p1a: Dragapult|84\/100|[from] item: Rocky Helmet|[of] p2a: Corviknight\n|faint|p2a: Corviknight\n|\n|upkeep\n|\n|t:|1700283799\n|switch|p2a: Gardevoir|Gardevoir, F|100\/100\n|-ability|p2a: Gardevoir|Infiltrator|[from] ability: Trace|[of] p1a: Dragapult\n|turn|18\n|\n|t:|1700283803\n|switch|p1a: Chansey|Chansey, F|100\/100\n|move|p2a: Gardevoir|Moonblast|p1a: Chansey\n|-damage|p1a: Chansey|89\/100\n|\n|upkeep\n|turn|19\n|\n|t:|1700283808\n|switch|p2a: Dragonite|Dragonite, F|100\/100\n|move|p1a: Chansey|Thunder Wave|p2a: Dragonite\n|-status|p2a: Dragonite|par\n|\n|upkeep\n|turn|20\n|\n|t:|1700283814\n|move|p1a: Chansey|Seismic Toss|p2a: Dragonite\n|-damage|p2a: Dragonite|75\/100 par\n|move|p2a: Dragonite|Dragon Claw|p1a: Chansey\n|-damage|p1a: Chansey|55\/100\n|\n|upkeep\n|turn|21\n|\n|t:|1700283821\n|switch|p2a: Lucario|Lucario, M|100\/100\n|move|p1a: Chansey|Seismic Toss|p2a: Lucario\n|-damage|p2a: Lucario|65\/100\n|\n|upkeep\n|turn|22\n|\n|t:|1700283830\n|-terastallize|p1a: Chansey|Ghost\n|move|p2a: Lucario|Swords Dance|p2a: Lucario\n|-boost|p2a: Lucario|atk|2\n|move|p1a: Chansey|Thunder Wave|p2a: Lucario\n|-status|p2a: Lucario|par\n|\n|upkeep\n|turn|23\n|\n|t:|1700283838\n|cant|p2a: Lucario|par\n|move|p1a: Chansey|Seismic Toss|p2a: Lucario\n|-damage|p2a: Lucario|30\/100 par\n|\n|upkeep\n|turn|24\n|\n|t:|1700283844\n|move|p2a: Lucario|Bullet Punch|p1a: Chansey\n|-damage|p1a: Chansey|27\/100\n|move|p1a: Chansey|Seismic Toss|p2a: Lucario\n|-damage|p2a: Lucario|0 fnt\n|faint|p2a: Lucario\n|\n|upkeep\n|\n|t:|1700283851\n|switch|p2a: Dragonite|Dragonite, F|75\/100 par\n|turn|25\n|\n|t:|1700283856\n|move|p1a: Chansey|Soft-Boiled|p1a: Chansey\n|-heal|p1a: Chansey|77\/100\n|move|p2a: Dragonite|Dragon Claw|p1a: Chansey\n|-damage|p1a: Chansey|46\/100\n|\n|upkeep\n|turn|26\n|\n|t:|1700283866\n|move|p1a: Chansey|Soft-Boiled|p1a: Chansey\n|-heal|p1a: Chansey|96\/100\n|move|p2a: Dragonite|Dragon Claw|p1a: Chansey\n|-damage|p1a: Chansey|65\/100\n|\n|upkeep\n|turn|27\n|\n|t:|1700283873\n|move|p1a: Chansey|Seismic Toss|p2a: Dragonite\n|-damage|p2a: Dragonite|49\/100 par\n|move|p2a: Dragonite|Dragon Dance|p2a: Dragonite\n|-boost|p2a: Dragonite|atk|1\n|-boost|p2a: Dragonite|spe|1\n|\n|upkeep\n|turn|28\n|\n|t:|1700283883\n|move|p2a: Dragonite|Dragon Claw|p1a: Chansey\n|-damage|p1a: Chansey|21\/100\n|move|p1a: Chansey|Seismic Toss|p2a: Dragonite\n|-damage|p2a: Dragonite|23\/100 par\n|\n|upkeep\n|turn|29\n|\n|t:|1700283897\n|switch|p1a: Dragapult|Dragapult, M|84\/100\n|move|p2a: Dragonite|Dragon Claw|p1a: Dragapult\n|-supereffective|p1a: Dragapult\n|-damage|p1a: Dragapult|0 fnt\n|faint|p1a: Dragapult\n|\n|upkeep\n|c|\u2606Midoriashonen|gl\n|\n|t:|1700283907\n|switch|p1a: Chansey|Chansey, F, tera:Ghost|21\/100\n|turn|30\n|\n|t:|1700283910\n|move|p2a: Dragonite|Dragon Claw|p1a: Chansey\n|-damage|p1a: Chansey|0 fnt\n|faint|p1a: Chansey\n|\n|win|Renhur\n|raw|Midoriashonen's rating: 1317 &rarr; <strong>1292<\/strong><br \/>(-25 for losing)\n|raw|Renhur's rating: 1222 &rarr; <strong>1254<\/strong><br \/>(+32 for winning)\n|l|\u2606Midoriashonen\n","uploadtime":1700283924,"views":17,"p1id":"midoriashonen","p2id":"renhur","formatid":"gen9ou","rating":1254,"private":0,"password":""}