{"id":"gen9ou-1989341303","p1":"RkAuz","p2":"littensalt","format":"[Gen 9] OU","log":"|j|\u2606RkAuz\n|j|\u2606littensalt\n|t:|1699838405\n|gametype|singles\n|player|p1|RkAuz|clown|1290\n|player|p2|littensalt|calem|1266\n|teamsize|p1|6\n|teamsize|p2|6\n|gen|9\n|tier|[Gen 9] OU\n|rated|\n|rule|Sleep Clause Mod: Limit one foe put to sleep\n|rule|Species Clause: Limit one of each Pok\u00e9mon\n|rule|OHKO Clause: OHKO moves are banned\n|rule|Evasion Items Clause: Evasion items are banned\n|rule|Evasion Moves Clause: Evasion moves are banned\n|rule|Endless Battle Clause: Forcing endless battles is banned\n|rule|HP Percentage Mod: HP is shown in percentages\n|clearpoke\n|poke|p1|Samurott-Hisui, M|\n|poke|p1|Toxapex, M|\n|poke|p1|Zapdos|\n|poke|p1|Great Tusk|\n|poke|p1|Iron Valiant|\n|poke|p1|Scizor, F|\n|poke|p2|Thundurus-Therian, M|\n|poke|p2|Weezing-Galar, F|\n|poke|p2|Cinderace, M|\n|poke|p2|Dragapult, F|\n|poke|p2|Greninja-*, M|\n|poke|p2|Zamazenta-*|\n|teampreview\n|\n|t:|1699838426\n|start\n|switch|p1a: Zapdos|Zapdos|100\/100\n|switch|p2a: N95|Greninja, M|100\/100\n|turn|1\n|\n|t:|1699838438\n|switch|p2a: Thundurus|Thundurus-Therian, M, shiny|100\/100\n|move|p1a: Zapdos|Heat Wave|p2a: Thundurus\n|-crit|p2a: Thundurus\n|-damage|p2a: Thundurus|46\/100\n|\n|upkeep\n|turn|2\n|\n|t:|1699838455\n|-terastallize|p1a: Zapdos|Steel\n|move|p1a: Zapdos|Heat Wave|p2a: Thundurus\n|-damage|p2a: Thundurus|7\/100\n|move|p2a: Thundurus|Volt Switch|p1a: Zapdos\n|-damage|p1a: Zapdos|42\/100\n|\n|t:|1699838467\n|switch|p2a: FRANCHISE|Cinderace, M|100\/100|[from] Volt Switch\n|\n|upkeep\n|turn|3\n|\n|t:|1699838476\n|switch|p1a: Toxapex|Toxapex, M, shiny|100\/100\n|move|p2a: FRANCHISE|Pyro Ball|p1a: Toxapex\n|-resisted|p1a: Toxapex\n|-damage|p1a: Toxapex|82\/100\n|\n|-heal|p1a: Toxapex|88\/100|[from] item: Leftovers\n|upkeep\n|turn|4\n|\n|t:|1699838489\n|move|p2a: FRANCHISE|U-turn|p1a: Toxapex\n|-start|p2a: FRANCHISE|typechange|Bug|[from] ability: Libero\n|-resisted|p1a: Toxapex\n|-damage|p1a: Toxapex|78\/100\n|inactive|Battle timer is ON: inactive players will automatically lose when time's up. (requested by RkAuz)\n|\n|t:|1699838533\n|switch|p2a: Thundurus|Thundurus-Therian, M, shiny|7\/100|[from] U-turn\n|move|p1a: Toxapex|Toxic|p2a: Thundurus\n|-status|p2a: Thundurus|tox\n|\n|-heal|p1a: Toxapex|84\/100|[from] item: Leftovers\n|-damage|p2a: Thundurus|1\/100 tox|[from] psn\n|upkeep\n|turn|5\n|\n|t:|1699838545\n|move|p2a: Thundurus|Volt Switch|p1a: Toxapex\n|-supereffective|p1a: Toxapex\n|-damage|p1a: Toxapex|0 fnt\n|faint|p1a: Toxapex\n|\n|t:|1699838554\n|switch|p2a: N95|Greninja, M|100\/100|[from] Volt Switch\n|\n|upkeep\n|\n|t:|1699838562\n|switch|p1a: Samurott|Samurott-Hisui, M, shiny|100\/100\n|turn|6\n|\n|t:|1699838571\n|move|p2a: N95|Grass Knot|p1a: Samurott\n|-supereffective|p1a: Samurott\n|-damage|p1a: Samurott|9\/100\n|-damage|p2a: N95|91\/100|[from] item: Life Orb\n|move|p1a: Samurott|Ceaseless Edge|p2a: N95\n|-resisted|p2a: N95\n|-damage|p2a: N95|54\/100\n|-sidestart|p2: littensalt|Spikes\n|\n|upkeep\n|turn|7\n|\n|t:|1699838580\n|move|p1a: Samurott|Aqua Jet|p2a: N95\n|-resisted|p2a: N95\n|-damage|p2a: N95|39\/100\n|move|p2a: N95|Grass Knot|p1a: Samurott\n|-supereffective|p1a: Samurott\n|-damage|p1a: Samurott|0 fnt\n|faint|p1a: Samurott\n|-ability|p2a: N95|Battle Bond|boost\n|-boost|p2a: N95|atk|1\n|-boost|p2a: N95|spa|1\n|-boost|p2a: N95|spe|1\n|-activate|p2a: N95|ability: Battle Bond\n|-damage|p2a: N95|29\/100|[from] item: Life Orb\n|\n|upkeep\n|\n|t:|1699838595\n|switch|p1a: Iron Valiant|Iron Valiant|100\/100\n|turn|8\n|\n|t:|1699838617\n|move|p2a: N95|Hydro Pump|p1a: Iron Valiant\n|-damage|p1a: Iron Valiant|0 fnt\n|faint|p1a: Iron Valiant\n|-end|p1a: Iron Valiant|Quark Drive|[silent]\n|-damage|p2a: N95|19\/100|[from] item: Life Orb\n|\n|upkeep\n|\n|t:|1699838624\n|switch|p1a: Scizor|Scizor, F|100\/100\n|turn|9\n|\n|t:|1699838630\n|move|p2a: N95|Water Shuriken|p1a: Scizor\n|-damage|p1a: Scizor|86\/100\n|-damage|p1a: Scizor|69\/100\n|-hitcount|p1a: Scizor|2\n|-damage|p2a: N95|10\/100|[from] item: Life Orb\n|move|p1a: Scizor|Bullet Punch|p2a: N95\n|-resisted|p2a: N95\n|-damage|p2a: N95|0 fnt\n|faint|p2a: N95\n|\n|-heal|p1a: Scizor|75\/100|[from] item: Leftovers\n|upkeep\n|\n|t:|1699838638\n|switch|p2a: FRANCHISE|Cinderace, M|100\/100\n|turn|10\n|\n|t:|1699838652\n|switch|p1a: Great Tusk|Great Tusk|100\/100\n|move|p2a: FRANCHISE|Court Change|p2a: FRANCHISE\n|-start|p2a: FRANCHISE|typechange|Normal|[from] ability: Libero\n|-swapsideconditions\n|-activate|p2a: FRANCHISE|move: Court Change\n|\n|upkeep\n|turn|11\n|\n|t:|1699838669\n|move|p2a: FRANCHISE|U-turn|p1a: Great Tusk\n|-resisted|p1a: Great Tusk\n|-damage|p1a: Great Tusk|94\/100\n|\n|t:|1699838672\n|switch|p2a: KIDS SEE GHOST|Dragapult, F, shiny|100\/100|[from] U-turn\n|move|p1a: Great Tusk|Rapid Spin|p2a: KIDS SEE GHOST\n|-immune|p2a: KIDS SEE GHOST\n|\n|-heal|p1a: Great Tusk|100\/100|[from] item: Leftovers\n|upkeep\n|turn|12\n|\n|t:|1699838681\n|move|p2a: KIDS SEE GHOST|Shadow Ball|p1a: Great Tusk\n|-damage|p1a: Great Tusk|18\/100\n|move|p1a: Great Tusk|Bulk Up|p1a: Great Tusk\n|-boost|p1a: Great Tusk|atk|1\n|-boost|p1a: Great Tusk|def|1\n|\n|-heal|p1a: Great Tusk|24\/100|[from] item: Leftovers\n|upkeep\n|turn|13\n|\n|t:|1699838701\n|-end|p1a: Great Tusk|Protosynthesis|[silent]\n|switch|p1a: Zapdos|Zapdos, tera:Steel|42\/100\n|move|p2a: KIDS SEE GHOST|Shadow Ball|p1a: Zapdos\n|-damage|p1a: Zapdos|0 fnt\n|faint|p1a: Zapdos\n|\n|upkeep\n|-message|RkAuz forfeited.\n|\n|win|littensalt\n|raw|RkAuz's rating: 1290 &rarr; <strong>1263<\/strong><br \/>(-27 for losing)\n|raw|littensalt's rating: 1266 &rarr; <strong>1293<\/strong><br \/>(+27 for winning)\n|l|\u2606RkAuz\n","uploadtime":1699838713,"views":7,"p1id":"rkauz","p2id":"littensalt","formatid":"gen9ou","rating":1263,"private":0,"password":""}