{"id":"gen9ou-1993548321","p1":"epix1243","p2":"KaisEmpoleon","format":"[Gen 9] OU","log":"|j|\u2606epix1243\n|j|\u2606KaisEmpoleon\n|t:|1700330507\n|gametype|singles\n|player|p1|epix1243|101|1200\n|player|p2|KaisEmpoleon|ingo|1241\n|teamsize|p1|6\n|teamsize|p2|6\n|gen|9\n|tier|[Gen 9] OU\n|rated|\n|rule|Sleep Clause Mod: Limit one foe put to sleep\n|rule|Species Clause: Limit one of each Pok\u00e9mon\n|rule|OHKO Clause: OHKO moves are banned\n|rule|Evasion Items Clause: Evasion items are banned\n|rule|Evasion Moves Clause: Evasion moves are banned\n|rule|Endless Battle Clause: Forcing endless battles is banned\n|rule|HP Percentage Mod: HP is shown in percentages\n|clearpoke\n|poke|p1|Garchomp, M|\n|poke|p1|Hippowdon, M|\n|poke|p1|Kleavor, F|\n|poke|p1|Empoleon, F|\n|poke|p1|Landorus-Therian, M|\n|poke|p1|Scizor, F|\n|poke|p2|Ribombee, F|\n|poke|p2|Zarude|\n|poke|p2|Iron Valiant|\n|poke|p2|Great Tusk|\n|poke|p2|Kingambit, F|\n|poke|p2|Quaquaval, F|\n|teampreview\n|c|\u2606KaisEmpoleon|this team is gonna be hell\n|\n|t:|1700330524\n|start\n|switch|p1a: Scizor|Scizor, F|100\/100\n|switch|p2a: Keep urself safe!|Ribombee, F|100\/100\n|turn|1\n|\n|t:|1700330535\n|move|p1a: Scizor|Bullet Punch|p2a: Keep urself safe!\n|-supereffective|p2a: Keep urself safe!\n|-enditem|p2a: Keep urself safe!|Focus Sash\n|-damage|p2a: Keep urself safe!|1\/100\n|move|p2a: Keep urself safe!|Sticky Web|p1a: Scizor\n|-sidestart|p1: epix1243|move: Sticky Web\n|\n|upkeep\n|turn|2\n|\n|t:|1700330543\n|move|p2a: Keep urself safe!|Moonblast|p1a: Scizor\n|-resisted|p1a: Scizor\n|-damage|p1a: Scizor|76\/100\n|move|p1a: Scizor|Swords Dance|p1a: Scizor\n|-boost|p1a: Scizor|atk|2\n|\n|-heal|p1a: Scizor|82\/100|[from] item: Leftovers\n|upkeep\n|turn|3\n|\n|t:|1700330569\n|move|p2a: Keep urself safe!|Bug Buzz|p1a: Scizor\n|-resisted|p1a: Scizor\n|-damage|p1a: Scizor|62\/100\n|move|p1a: Scizor|Defog|p2a: Keep urself safe!\n|-unboost|p2a: Keep urself safe!|evasion|1\n|-sideend|p1: epix1243|Sticky Web|[from] move: Defog|[of] p1a: Scizor\n|\n|-heal|p1a: Scizor|68\/100|[from] item: Leftovers\n|upkeep\n|turn|4\n|\n|t:|1700330586\n|move|p1a: Scizor|Bullet Punch|p2a: Keep urself safe!\n|-supereffective|p2a: Keep urself safe!\n|-damage|p2a: Keep urself safe!|0 fnt\n|faint|p2a: Keep urself safe!\n|\n|-heal|p1a: Scizor|74\/100|[from] item: Leftovers\n|upkeep\n|\n|t:|1700330594\n|switch|p2a: Gayass|Quaquaval, F|100\/100\n|turn|5\n|\n|t:|1700330609\n|-terastallize|p2a: Gayass|Water\n|move|p2a: Gayass|Aqua Step|p1a: Scizor\n|-damage|p1a: Scizor|1\/100\n|-boost|p2a: Gayass|spe|1\n|move|p1a: Scizor|Bug Bite|p2a: Gayass\n|-damage|p2a: Gayass|0 fnt\n|faint|p2a: Gayass\n|\n|-heal|p1a: Scizor|7\/100|[from] item: Leftovers\n|upkeep\n|c|\u2606epix1243|damn\n|\n|t:|1700330625\n|switch|p2a: Great Tusk|Great Tusk|100\/100\n|turn|6\n|c|\u2606KaisEmpoleon|. _.\n|\n|t:|1700330697\n|move|p1a: Scizor|Bullet Punch|p2a: Great Tusk\n|-damage|p2a: Great Tusk|48\/100\n|move|p2a: Great Tusk|Rapid Spin|p1a: Scizor\n|-resisted|p1a: Scizor\n|-damage|p1a: Scizor|0 fnt\n|-boost|p2a: Great Tusk|spe|1\n|faint|p1a: Scizor\n|\n|upkeep\n|\n|t:|1700330710\n|switch|p1a: Landorus|Landorus-Therian, M|100\/100\n|-ability|p1a: Landorus|Intimidate|boost\n|-unboost|p2a: Great Tusk|atk|1\n|turn|7\n|\n|t:|1700330717\n|move|p2a: Great Tusk|Knock Off|p1a: Landorus\n|-crit|p1a: Landorus\n|-damage|p1a: Landorus|49\/100\n|-enditem|p1a: Landorus|Earth Plate|[from] move: Knock Off|[of] p2a: Great Tusk\n|move|p1a: Landorus|Earthquake|p2a: Great Tusk\n|-crit|p2a: Great Tusk\n|-damage|p2a: Great Tusk|0 fnt\n|faint|p2a: Great Tusk\n|-end|p2a: Great Tusk|Protosynthesis|[silent]\n|\n|upkeep\n|\n|t:|1700330728\n|switch|p2a: Gender|Iron Valiant|100\/100\n|-enditem|p2a: Gender|Booster Energy\n|-activate|p2a: Gender|ability: Quark Drive|[fromitem]\n|-start|p2a: Gender|quarkdrivespe\n|turn|8\n|\n|t:|1700330744\n|move|p2a: Gender|Moonblast|p1a: Landorus\n|-damage|p1a: Landorus|0 fnt\n|faint|p1a: Landorus\n|\n|upkeep\n|\n|t:|1700330747\n|switch|p1a: tubs|Hippowdon, M|100\/100\n|-weather|Sandstorm|[from] ability: Sand Stream|[of] p1a: tubs\n|turn|9\n|\n|t:|1700330755\n|-end|p2a: Gender|Quark Drive|[silent]\n|switch|p2a: Racial Slur|Zarude|100\/100\n|move|p1a: tubs|Yawn|p2a: Racial Slur\n|-start|p2a: Racial Slur|move: Yawn|[of] p1a: tubs\n|\n|-weather|Sandstorm|[upkeep]\n|-damage|p2a: Racial Slur|94\/100|[from] Sandstorm\n|-heal|p2a: Racial Slur|100\/100|[from] item: Leftovers\n|upkeep\n|turn|10\n|\n|t:|1700330766\n|switch|p2a: Gender|Iron Valiant|100\/100\n|switch|p1a: slasher|Kleavor, F, shiny|100\/100\n|\n|-weather|Sandstorm|[upkeep]\n|-damage|p2a: Gender|94\/100|[from] Sandstorm\n|upkeep\n|turn|11\n|\n|t:|1700330777\n|move|p2a: Gender|Aura Sphere|p1a: slasher\n|-damage|p1a: slasher|58\/100\n|move|p1a: slasher|Stone Axe|p2a: Gender\n|-resisted|p2a: Gender\n|-damage|p2a: Gender|57\/100\n|-sidestart|p2: KaisEmpoleon|move: Stealth Rock\n|\n|-weather|Sandstorm|[upkeep]\n|-damage|p2a: Gender|50\/100|[from] Sandstorm\n|upkeep\n|turn|12\n|\n|t:|1700330790\n|move|p2a: Gender|Calm Mind|p2a: Gender\n|-boost|p2a: Gender|spa|1\n|-boost|p2a: Gender|spd|1\n|move|p1a: slasher|Trailblaze|p2a: Gender\n|-damage|p2a: Gender|26\/100\n|-boost|p1a: slasher|spe|1\n|\n|-weather|Sandstorm|[upkeep]\n|-damage|p2a: Gender|20\/100|[from] Sandstorm\n|upkeep\n|turn|13\n|\n|t:|1700330801\n|move|p1a: slasher|Trailblaze|p2a: Gender\n|-damage|p2a: Gender|0 fnt\n|-boost|p1a: slasher|spe|1\n|faint|p2a: Gender\n|-end|p2a: Gender|Quark Drive|[silent]\n|\n|-weather|Sandstorm|[upkeep]\n|upkeep\n|\n|t:|1700330811\n|switch|p2a: Kingambit|Kingambit, F, shiny|100\/100\n|-damage|p2a: Kingambit|94\/100|[from] Stealth Rock\n|-activate|p2a: Kingambit|ability: Supreme Overlord\n|-start|p2a: Kingambit|fallen4|[silent]\n|turn|14\n|\n|t:|1700330825\n|move|p1a: slasher|X-Scissor|p2a: Kingambit\n|-damage|p2a: Kingambit|43\/100\n|move|p2a: Kingambit|Swords Dance|p2a: Kingambit\n|-boost|p2a: Kingambit|atk|2\n|\n|-weather|Sandstorm|[upkeep]\n|upkeep\n|turn|15\n|\n|t:|1700330833\n|move|p2a: Kingambit|Sucker Punch|p1a: slasher\n|-damage|p1a: slasher|0 fnt\n|faint|p1a: slasher\n|\n|-weather|Sandstorm|[upkeep]\n|upkeep\n|\n|t:|1700330843\n|switch|p1a: tubs|Hippowdon, M|100\/100\n|turn|16\n|\n|t:|1700330846\n|move|p2a: Kingambit|Low Kick|p1a: tubs\n|-damage|p1a: tubs|27\/100\n|move|p1a: tubs|Earthquake|p2a: Kingambit\n|-supereffective|p2a: Kingambit\n|-damage|p2a: Kingambit|0 fnt\n|faint|p2a: Kingambit\n|-end|p2a: Kingambit|fallen4|[silent]\n|\n|-weather|none\n|upkeep\n|\n|t:|1700330854\n|switch|p2a: Racial Slur|Zarude|100\/100\n|-damage|p2a: Racial Slur|88\/100|[from] Stealth Rock\n|turn|17\n|\n|t:|1700330859\n|move|p2a: Racial Slur|Power Whip|p1a: tubs\n|-supereffective|p1a: tubs\n|-damage|p1a: tubs|0 fnt\n|faint|p1a: tubs\n|\n|-heal|p2a: Racial Slur|94\/100|[from] item: Leftovers\n|upkeep\n|\n|t:|1700330867\n|switch|p1a: king|Empoleon, F, shiny|100\/100\n|turn|18\n|\n|t:|1700330870\n|move|p2a: Racial Slur|Bulk Up|p2a: Racial Slur\n|-boost|p2a: Racial Slur|atk|1\n|-boost|p2a: Racial Slur|def|1\n|move|p1a: king|Flash Cannon|p2a: Racial Slur\n|-damage|p2a: Racial Slur|66\/100\n|\n|-heal|p2a: Racial Slur|72\/100|[from] item: Leftovers\n|upkeep\n|turn|19\n|\n|t:|1700330879\n|move|p2a: Racial Slur|Bulk Up|p2a: Racial Slur\n|-boost|p2a: Racial Slur|atk|1\n|-boost|p2a: Racial Slur|def|1\n|move|p1a: king|Haze|p1a: king\n|-clearallboost\n|\n|-heal|p2a: Racial Slur|79\/100|[from] item: Leftovers\n|upkeep\n|turn|20\n|\n|t:|1700330888\n|move|p2a: Racial Slur|Power Whip|p1a: king\n|-crit|p1a: king\n|-damage|p1a: king|6\/100\n|move|p1a: king|Flash Cannon|p2a: Racial Slur\n|-damage|p2a: Racial Slur|47\/100\n|\n|-heal|p2a: Racial Slur|54\/100|[from] item: Leftovers\n|-heal|p1a: king|12\/100|[from] item: Leftovers\n|upkeep\n|turn|21\n|\n|t:|1700330897\n|move|p2a: Racial Slur|Power Whip|p1a: king\n|-damage|p1a: king|0 fnt\n|faint|p1a: king\n|\n|-heal|p2a: Racial Slur|60\/100|[from] item: Leftovers\n|upkeep\n|\n|t:|1700330899\n|switch|p1a: cain|Garchomp, M|100\/100\n|turn|22\n|\n|t:|1700330908\n|move|p1a: cain|Fire Fang|p2a: Racial Slur\n|-supereffective|p2a: Racial Slur\n|-damage|p2a: Racial Slur|33\/100\n|cant|p2a: Racial Slur|flinch\n|\n|-heal|p2a: Racial Slur|39\/100|[from] item: Leftovers\n|upkeep\n|turn|23\n|\n|t:|1700330918\n|move|p1a: cain|Swords Dance|p1a: cain\n|-boost|p1a: cain|atk|2\n|move|p2a: Racial Slur|Power Whip|p1a: cain\n|-damage|p1a: cain|45\/100\n|-damage|p2a: Racial Slur|27\/100|[from] ability: Rough Skin|[of] p1a: cain\n|\n|-heal|p2a: Racial Slur|33\/100|[from] item: Leftovers\n|upkeep\n|turn|24\n|\n|t:|1700330930\n|move|p1a: cain|Fire Fang|p2a: Racial Slur\n|-supereffective|p2a: Racial Slur\n|-damage|p2a: Racial Slur|0 fnt\n|faint|p2a: Racial Slur\n|\n|win|epix1243\n|raw|epix1243's rating: 1198 &rarr; <strong>1226<\/strong><br \/>(+28 for winning)\n|raw|KaisEmpoleon's rating: 1241 &rarr; <strong>1213<\/strong><br \/>(-28 for losing)\n|l|\u2606epix1243\n|c|\u2606KaisEmpoleon|gg\n","uploadtime":1700330940,"views":22,"p1id":"epix1243","p2id":"kaisempoleon","formatid":"gen9ou","rating":1213,"private":0,"password":""}