{"id":"gen9ou-1994110120","p1":"bludgeoning angel","p2":"LogicaVietii2","format":"[Gen 9] OU","log":"|j|\u2606bludgeoning angel\n|j|\u2606LogicaVietii2\n|t:|1700408045\n|gametype|singles\n|player|p1|bludgeoning angel|lillie-masters3|1550\n|player|p2|LogicaVietii2|alder|1602\n|teamsize|p1|6\n|teamsize|p2|6\n|gen|9\n|tier|[Gen 9] OU\n|rated|\n|rule|Sleep Clause Mod: Limit one foe put to sleep\n|rule|Species Clause: Limit one of each Pok\u00e9mon\n|rule|OHKO Clause: OHKO moves are banned\n|rule|Evasion Items Clause: Evasion items are banned\n|rule|Evasion Moves Clause: Evasion moves are banned\n|rule|Endless Battle Clause: Forcing endless battles is banned\n|rule|HP Percentage Mod: HP is shown in percentages\n|clearpoke\n|poke|p1|Clefable, F|\n|poke|p1|Alomomola, F|\n|poke|p1|Blissey, F|\n|poke|p1|Clodsire, F|\n|poke|p1|Dondozo, M|\n|poke|p1|Amoonguss, M|\n|poke|p2|Maushold|\n|poke|p2|Samurott-Hisui, M|\n|poke|p2|Kingambit, M|\n|poke|p2|Garganacl, F|\n|poke|p2|Amoonguss, M|\n|poke|p2|Weavile, F|\n|teampreview\n|inactive|Battle timer is ON: inactive players will automatically lose when time's up. (requested by LogicaVietii2)\n|\n|t:|1700408061\n|start\n|switch|p1a: Amoonguss|Amoonguss, M|100\/100\n|switch|p2a: Samurott|Samurott-Hisui, M|100\/100\n|turn|1\n|\n|t:|1700408067\n|switch|p2a: Amoonguss|Amoonguss, M|100\/100\n|move|p1a: Amoonguss|Giga Drain|p2a: Amoonguss\n|-resisted|p2a: Amoonguss\n|-damage|p2a: Amoonguss|95\/100\n|-enditem|p2a: Amoonguss|Red Card|[of] p1a: Amoonguss\n|drag|p1a: Dondozo|Dondozo, M|100\/100\n|\n|upkeep\n|turn|2\n|\n|t:|1700408072\n|switch|p1a: Blissey|Blissey, F|100\/100\n|move|p2a: Amoonguss|Sludge Bomb|p1a: Blissey\n|-damage|p1a: Blissey|93\/100\n|\n|upkeep\n|turn|3\n|\n|t:|1700408074\n|move|p1a: Blissey|Stealth Rock|p2a: Amoonguss\n|-sidestart|p2: LogicaVietii2|move: Stealth Rock\n|move|p2a: Amoonguss|Spore|p1a: Blissey\n|-status|p1a: Blissey|slp|[from] move: Spore\n|\n|upkeep\n|turn|4\n|j| Spiderking3261\n|\n|t:|1700408080\n|-curestatus|p1a: Blissey|slp|[from] ability: Natural Cure\n|switch|p1a: Clodsire|Clodsire, F|100\/100\n|switch|p2a: Maushold|Maushold|100\/100\n|-damage|p2a: Maushold|88\/100|[from] Stealth Rock\n|\n|upkeep\n|turn|5\n|\n|t:|1700408087\n|switch|p1a: Dondozo|Dondozo, M|100\/100\n|move|p2a: Maushold|Population Bomb|p1a: Dondozo\n|-damage|p1a: Dondozo|96\/100\n|-damage|p1a: Dondozo|91\/100\n|-crit|p1a: Dondozo\n|-damage|p1a: Dondozo|83\/100\n|-damage|p1a: Dondozo|78\/100\n|-damage|p1a: Dondozo|73\/100\n|-damage|p1a: Dondozo|68\/100\n|-damage|p1a: Dondozo|63\/100\n|-damage|p1a: Dondozo|58\/100\n|-damage|p1a: Dondozo|53\/100\n|-damage|p1a: Dondozo|48\/100\n|-hitcount|p1a: Dondozo|10\n|\n|upkeep\n|turn|6\n|\n|t:|1700408096\n|switch|p1a: Alomomola|Alomomola, F|100\/100\n|move|p2a: Maushold|Population Bomb|p1a: Alomomola\n|-damage|p1a: Alomomola|95\/100\n|-damage|p1a: Alomomola|89\/100\n|-damage|p1a: Alomomola|83\/100\n|-damage|p1a: Alomomola|77\/100\n|-damage|p1a: Alomomola|70\/100\n|-damage|p1a: Alomomola|65\/100\n|-damage|p1a: Alomomola|58\/100\n|-damage|p1a: Alomomola|52\/100\n|-crit|p1a: Alomomola\n|-damage|p1a: Alomomola|43\/100\n|-damage|p1a: Alomomola|37\/100\n|-hitcount|p1a: Alomomola|10\n|\n|upkeep\n|turn|7\n|\n|t:|1700408099\n|-terastallize|p1a: Alomomola|Steel\n|move|p1a: Alomomola|Protect|p1a: Alomomola\n|-singleturn|p1a: Alomomola|Protect\n|move|p2a: Maushold|Population Bomb|p1a: Alomomola\n|-activate|p1a: Alomomola|move: Protect\n|\n|upkeep\n|turn|8\n|\n|t:|1700408103\n|switch|p1a: Amoonguss|Amoonguss, M|100\/100\n|move|p2a: Maushold|Encore||[still]\n|-fail|p2a: Maushold\n|\n|upkeep\n|turn|9\n|\n|t:|1700408108\n|switch|p1a: Alomomola|Alomomola, F, tera:Steel|70\/100\n|move|p2a: Maushold|Tidy Up|p2a: Maushold\n|-sideend|p2: LogicaVietii2|Stealth Rock\n|-activate|p2a: Maushold|move: Tidy Up\n|-boost|p2a: Maushold|atk|1\n|-boost|p2a: Maushold|spe|1\n|\n|upkeep\n|turn|10\n|\n|t:|1700408118\n|move|p2a: Maushold|Population Bomb|p1a: Alomomola\n|-resisted|p1a: Alomomola\n|-damage|p1a: Alomomola|65\/100\n|-resisted|p1a: Alomomola\n|-damage|p1a: Alomomola|61\/100\n|-resisted|p1a: Alomomola\n|-damage|p1a: Alomomola|56\/100\n|-resisted|p1a: Alomomola\n|-damage|p1a: Alomomola|52\/100\n|-resisted|p1a: Alomomola\n|-damage|p1a: Alomomola|47\/100\n|-resisted|p1a: Alomomola\n|-damage|p1a: Alomomola|43\/100\n|-resisted|p1a: Alomomola\n|-damage|p1a: Alomomola|38\/100\n|-resisted|p1a: Alomomola\n|-damage|p1a: Alomomola|34\/100\n|-resisted|p1a: Alomomola\n|-damage|p1a: Alomomola|29\/100\n|-hitcount|p1a: Alomomola|9\n|move|p1a: Alomomola|Flip Turn|p2a: Maushold\n|-damage|p2a: Maushold|63\/100\n|\n|t:|1700408125\n|switch|p1a: Amoonguss|Amoonguss, M|100\/100|[from] Flip Turn\n|\n|upkeep\n|turn|11\n|\n|t:|1700408128\n|move|p2a: Maushold|Population Bomb|p1a: Amoonguss\n|-damage|p1a: Amoonguss|88\/100\n|-damage|p1a: Amoonguss|77\/100\n|-damage|p1a: Amoonguss|65\/100\n|-damage|p1a: Amoonguss|52\/100\n|-crit|p1a: Amoonguss\n|-damage|p1a: Amoonguss|34\/100\n|-damage|p1a: Amoonguss|22\/100\n|-damage|p1a: Amoonguss|10\/100\n|-damage|p1a: Amoonguss|0 fnt\n|faint|p1a: Amoonguss\n|-hitcount|p1: Amoonguss|8\n|\n|upkeep\n|-message|bludgeoning angel forfeited.\n|\n|win|LogicaVietii2\n|raw|bludgeoning angel's rating: 1550 &rarr; <strong>1533<\/strong><br \/>(-17 for losing)\n|raw|LogicaVietii2's rating: 1602 &rarr; <strong>1619<\/strong><br \/>(+17 for winning)\n|l|\u2606bludgeoning angel\n|c|\u2606LogicaVietii2|mousehold, the stall breaker\n","uploadtime":1700408143,"views":8,"p1id":"bludgeoningangel","p2id":"logicavietii2","formatid":"gen9ou","rating":1533,"private":0,"password":""}