{"id":"gen9ou-1994528269","p1":"Xamountofwords","p2":"IcySwishBangTrey","format":"[Gen 9] OU","log":"|j|\u2606Xamountofwords\n|j|\u2606IcySwishBangTrey\n|t:|1700454974\n|gametype|singles\n|player|p1|Xamountofwords|2|1189\n|player|p2|IcySwishBangTrey|101|1264\n|teamsize|p1|6\n|teamsize|p2|6\n|gen|9\n|tier|[Gen 9] OU\n|rated|\n|rule|Sleep Clause Mod: Limit one foe put to sleep\n|rule|Species Clause: Limit one of each Pok\u00e9mon\n|rule|OHKO Clause: OHKO moves are banned\n|rule|Evasion Items Clause: Evasion items are banned\n|rule|Evasion Moves Clause: Evasion moves are banned\n|rule|Endless Battle Clause: Forcing endless battles is banned\n|rule|HP Percentage Mod: HP is shown in percentages\n|clearpoke\n|poke|p1|Ninetales-Alola, M|\n|poke|p1|Sneasler, F|\n|poke|p1|Oricorio-Sensu, F|\n|poke|p1|Iron Treads|\n|poke|p1|Dragonite, F|\n|poke|p1|Azumarill, F|\n|poke|p2|Pelipper, M|\n|poke|p2|Iron Treads|\n|poke|p2|Manaphy|\n|poke|p2|Barraskewda, F|\n|poke|p2|Amoonguss, F|\n|poke|p2|Zapdos|\n|teampreview\n|inactive|Battle timer is ON: inactive players will automatically lose when time's up. (requested by Xamountofwords)\n|\n|t:|1700454995\n|start\n|switch|p1a: Ninetales|Ninetales-Alola, M|100\/100\n|switch|p2a: Iron Treads|Iron Treads|100\/100\n|-weather|Snow|[from] ability: Snow Warning|[of] p1a: Ninetales\n|-enditem|p2a: Iron Treads|Booster Energy\n|-activate|p2a: Iron Treads|ability: Quark Drive|[fromitem]\n|-start|p2a: Iron Treads|quarkdrivespe\n|turn|1\n|\n|t:|1700455007\n|move|p2a: Iron Treads|Heavy Slam|p1a: Ninetales\n|-supereffective|p1a: Ninetales\n|-damage|p1a: Ninetales|0 fnt\n|faint|p1a: Ninetales\n|\n|-weather|Snow|[upkeep]\n|upkeep\n|\n|t:|1700455013\n|switch|p1a: Sneasler|Sneasler, F|100\/100\n|turn|2\n|\n|t:|1700455018\n|move|p2a: Iron Treads|Earthquake|p1a: Sneasler\n|-supereffective|p1a: Sneasler\n|-enditem|p1a: Sneasler|Focus Sash\n|-damage|p1a: Sneasler|1\/100\n|move|p1a: Sneasler|Swords Dance|p1a: Sneasler\n|-boost|p1a: Sneasler|atk|2\n|\n|-weather|Snow|[upkeep]\n|upkeep\n|turn|3\n|\n|t:|1700455031\n|move|p1a: Sneasler|Close Combat|p2a: Iron Treads\n|-supereffective|p2a: Iron Treads\n|-damage|p2a: Iron Treads|0 fnt\n|-unboost|p1a: Sneasler|def|1\n|-unboost|p1a: Sneasler|spd|1\n|faint|p2a: Iron Treads\n|-end|p2a: Iron Treads|Quark Drive|[silent]\n|\n|-weather|Snow|[upkeep]\n|upkeep\n|inactive|IcySwishBangTrey has 120 seconds left.\n|\n|t:|1700455058\n|switch|p2a: Pelipper|Pelipper, M|100\/100\n|-weather|RainDance|[from] ability: Drizzle|[of] p2a: Pelipper\n|turn|4\n|\n|t:|1700455063\n|move|p1a: Sneasler|Poison Jab|p2a: Pelipper\n|-damage|p2a: Pelipper|28\/100\n|move|p2a: Pelipper|U-turn|p1a: Sneasler\n|-resisted|p1a: Sneasler\n|-damage|p1a: Sneasler|0 fnt\n|faint|p1a: Sneasler\n|\n|t:|1700455075\n|switch|p2a: Manaphy|Manaphy|100\/100|[from] U-turn\n|\n|-weather|RainDance|[upkeep]\n|upkeep\n|\n|t:|1700455079\n|switch|p1a: Azumarill|Azumarill, F|100\/100\n|turn|5\n|\n|t:|1700455085\n|move|p2a: Manaphy|Tail Glow|p2a: Manaphy\n|-boost|p2a: Manaphy|spa|3\n|move|p1a: Azumarill|Belly Drum|p1a: Azumarill\n|-damage|p1a: Azumarill|51\/100\n|-setboost|p1a: Azumarill|atk|6|[from] move: Belly Drum\n|\n|-weather|RainDance|[upkeep]\n|upkeep\n|turn|6\n|\n|t:|1700455099\n|-terastallize|p2a: Manaphy|Grass\n|-terastallize|p1a: Azumarill|Steel\n|move|p2a: Manaphy|Energy Ball|p1a: Azumarill\n|-resisted|p1a: Azumarill\n|-damage|p1a: Azumarill|0 fnt\n|faint|p1a: Azumarill\n|\n|-weather|RainDance|[upkeep]\n|upkeep\n|\n|t:|1700455106\n|switch|p1a: Oricorio|Oricorio-Sensu, F|100\/100\n|turn|7\n|\n|t:|1700455110\n|move|p1a: Oricorio|Quiver Dance|p1a: Oricorio\n|-boost|p1a: Oricorio|spa|1\n|-boost|p1a: Oricorio|spd|1\n|-boost|p1a: Oricorio|spe|1\n|move|p2a: Manaphy|Scald|p1a: Oricorio\n|-crit|p1a: Oricorio\n|-enditem|p1a: Oricorio|Focus Sash\n|-damage|p1a: Oricorio|1\/100\n|\n|-weather|RainDance|[upkeep]\n|upkeep\n|turn|8\n|\n|t:|1700455118\n|move|p1a: Oricorio|Air Slash|p2a: Manaphy\n|-supereffective|p2a: Manaphy\n|-damage|p2a: Manaphy|26\/100\n|cant|p2a: Manaphy|flinch\n|\n|-weather|RainDance|[upkeep]\n|-heal|p2a: Manaphy|32\/100|[from] item: Leftovers\n|upkeep\n|turn|9\n|\n|t:|1700455124\n|move|p1a: Oricorio|Air Slash|p2a: Manaphy\n|-supereffective|p2a: Manaphy\n|-damage|p2a: Manaphy|0 fnt\n|faint|p2a: Manaphy\n|\n|-weather|RainDance|[upkeep]\n|upkeep\n|\n|t:|1700455127\n|switch|p2a: Barraskewda|Barraskewda, F|100\/100\n|turn|10\n|\n|t:|1700455135\n|move|p2a: Barraskewda|Flip Turn|p1a: Oricorio\n|-damage|p1a: Oricorio|0 fnt\n|faint|p1a: Oricorio\n|\n|t:|1700455143\n|switch|p2a: Amoonguss|Amoonguss, F, shiny|100\/100|[from] Flip Turn\n|\n|-weather|RainDance|[upkeep]\n|upkeep\n|\n|t:|1700455146\n|switch|p1a: Dragonite|Dragonite, F|100\/100\n|turn|11\n|\n|t:|1700455150\n|move|p1a: Dragonite|Dragon Dance|p1a: Dragonite\n|-boost|p1a: Dragonite|atk|1\n|-boost|p1a: Dragonite|spe|1\n|move|p2a: Amoonguss|Spore|p1a: Dragonite\n|-status|p1a: Dragonite|slp|[from] move: Spore\n|\n|-weather|none\n|upkeep\n|turn|12\n|-message|Xamountofwords forfeited.\n|\n|win|IcySwishBangTrey\n|raw|Xamountofwords's rating: 1189 &rarr; <strong>1169<\/strong><br \/>(-20 for losing)\n|raw|IcySwishBangTrey's rating: 1264 &rarr; <strong>1284<\/strong><br \/>(+20 for winning)\n|l|\u2606Xamountofwords\n","uploadtime":1700455168,"views":18,"p1id":"xamountofwords","p2id":"icyswishbangtrey","formatid":"gen9ou","rating":1169,"private":0,"password":""}