{"id":"gen9ou-1992360628","p1":"bocchi the dog","p2":"Forestry0266","format":"[Gen 9] OU","log":"|j|\u2606bocchi the dog\n|j|\u2606Forestry0266\n|t:|1700178659\n|gametype|singles\n|player|p1|bocchi the dog|skierf|1248\n|player|p2|Forestry0266|burgh-masters|1306\n|teamsize|p1|6\n|teamsize|p2|6\n|gen|9\n|tier|[Gen 9] OU\n|rated|\n|rule|Sleep Clause Mod: Limit one foe put to sleep\n|rule|Species Clause: Limit one of each Pok\u00e9mon\n|rule|OHKO Clause: OHKO moves are banned\n|rule|Evasion Items Clause: Evasion items are banned\n|rule|Evasion Moves Clause: Evasion moves are banned\n|rule|Endless Battle Clause: Forcing endless battles is banned\n|rule|HP Percentage Mod: HP is shown in percentages\n|clearpoke\n|poke|p1|Manaphy|\n|poke|p1|Kingambit, M|\n|poke|p1|Ribombee, M|\n|poke|p1|Gholdengo|\n|poke|p1|Iron Moth|\n|poke|p1|Ogerpon-Wellspring, F|\n|poke|p2|Enamorus, F|\n|poke|p2|Great Tusk|\n|poke|p2|Manaphy|\n|poke|p2|Pelipper, F|\n|poke|p2|Ribombee, M|\n|poke|p2|Ogerpon-Wellspring, F|\n|teampreview\n|inactive|Battle timer is ON: inactive players will automatically lose when time's up. (requested by bocchi the dog)\n|\n|t:|1700178675\n|start\n|switch|p1a: \ud751\uc5fc\ucda9|Iron Moth|100\/100\n|switch|p2a: Ribombee|Ribombee, M|100\/100\n|-enditem|p1a: \ud751\uc5fc\ucda9|Booster Energy\n|-activate|p1a: \ud751\uc5fc\ucda9|ability: Quark Drive|[fromitem]\n|-start|p1a: \ud751\uc5fc\ucda9|quarkdrivespe\n|turn|1\n|\n|t:|1700178694\n|move|p1a: \ud751\uc5fc\ucda9|Substitute|p1a: \ud751\uc5fc\ucda9\n|-start|p1a: \ud751\uc5fc\ucda9|Substitute\n|-damage|p1a: \ud751\uc5fc\ucda9|76\/100\n|move|p2a: Ribombee|Sticky Web|p1a: \ud751\uc5fc\ucda9\n|-sidestart|p1: bocchi the dog|move: Sticky Web\n|\n|upkeep\n|turn|2\n|\n|t:|1700178697\n|move|p1a: \ud751\uc5fc\ucda9|Fiery Dance|p2a: Ribombee\n|-supereffective|p2a: Ribombee\n|-enditem|p2a: Ribombee|Focus Sash\n|-damage|p2a: Ribombee|1\/100\n|move|p2a: Ribombee|Psychic|p1a: \ud751\uc5fc\ucda9\n|-supereffective|p1a: \ud751\uc5fc\ucda9\n|-end|p1a: \ud751\uc5fc\ucda9|Substitute\n|\n|upkeep\n|turn|3\n|\n|t:|1700178704\n|move|p1a: \ud751\uc5fc\ucda9|Substitute|p1a: \ud751\uc5fc\ucda9\n|-start|p1a: \ud751\uc5fc\ucda9|Substitute\n|-damage|p1a: \ud751\uc5fc\ucda9|51\/100\n|move|p2a: Ribombee|Psychic|p1a: \ud751\uc5fc\ucda9\n|-supereffective|p1a: \ud751\uc5fc\ucda9\n|-end|p1a: \ud751\uc5fc\ucda9|Substitute\n|\n|upkeep\n|turn|4\n|\n|t:|1700178707\n|move|p1a: \ud751\uc5fc\ucda9|Fiery Dance|p2a: Ribombee\n|-supereffective|p2a: Ribombee\n|-crit|p2a: Ribombee\n|-damage|p2a: Ribombee|0 fnt\n|-boost|p1a: \ud751\uc5fc\ucda9|spa|1\n|faint|p2a: Ribombee\n|\n|upkeep\n|inactive|Forestry0266 has 120 seconds left.\n|\n|t:|1700178744\n|switch|p2a: Manaphy|Manaphy|100\/100\n|turn|5\n|\n|t:|1700178751\n|-terastallize|p1a: \ud751\uc5fc\ucda9|Fairy\n|-terastallize|p2a: Manaphy|Dragon\n|move|p1a: \ud751\uc5fc\ucda9|Sludge Wave|p2a: Manaphy\n|-damage|p2a: Manaphy|25\/100\n|move|p2a: Manaphy|Surf|p1a: \ud751\uc5fc\ucda9\n|-damage|p1a: \ud751\uc5fc\ucda9|10\/100\n|\n|-heal|p2a: Manaphy|31\/100|[from] item: Leftovers\n|upkeep\n|turn|6\n|\n|t:|1700178758\n|move|p1a: \ud751\uc5fc\ucda9|Dazzling Gleam|p2a: Manaphy\n|-supereffective|p2a: Manaphy\n|-damage|p2a: Manaphy|0 fnt\n|faint|p2a: Manaphy\n|\n|upkeep\n|\n|t:|1700178760\n|switch|p2a: Pelipper|Pelipper, F|100\/100\n|-weather|RainDance|[from] ability: Drizzle|[of] p2a: Pelipper\n|turn|7\n|\n|t:|1700178765\n|move|p1a: \ud751\uc5fc\ucda9|Sludge Wave|p2a: Pelipper\n|-damage|p2a: Pelipper|0 fnt\n|faint|p2a: Pelipper\n|\n|-weather|RainDance|[upkeep]\n|upkeep\n|\n|t:|1700178768\n|switch|p2a: Great Tusk|Great Tusk|100\/100\n|turn|8\n|\n|t:|1700178771\n|move|p1a: \ud751\uc5fc\ucda9|Dazzling Gleam|p2a: Great Tusk\n|-supereffective|p2a: Great Tusk\n|-damage|p2a: Great Tusk|0 fnt\n|faint|p2a: Great Tusk\n|-end|p2a: Great Tusk|Protosynthesis|[silent]\n|\n|-weather|RainDance|[upkeep]\n|upkeep\n|-message|Forestry0266 forfeited.\n|\n|win|bocchi the dog\n|raw|bocchi the dog's rating: 1248 &rarr; <strong>1277<\/strong><br \/>(+29 for winning)\n|raw|Forestry0266's rating: 1306 &rarr; <strong>1283<\/strong><br \/>(-23 for losing)\n|l|\u2606Forestry0266\n","uploadtime":1700178846,"views":7,"p1id":"bocchithedog","p2id":"forestry0266","formatid":"gen9ou","rating":1277,"private":0,"password":""}