{"id":"gen9ou-1993461084","p1":"f776","p2":"BurgerThing","format":"[Gen 9] OU","log":"|j|\u2606f776\n|j|\u2606BurgerThing\n|t:|1700320712\n|gametype|singles\n|player|p1|f776|youngcouple|1475\n|player|p2|BurgerThing|lucas-gen4pt|1369\n|teamsize|p1|6\n|teamsize|p2|6\n|gen|9\n|tier|[Gen 9] OU\n|rated|\n|rule|Sleep Clause Mod: Limit one foe put to sleep\n|rule|Species Clause: Limit one of each Pok\u00e9mon\n|rule|OHKO Clause: OHKO moves are banned\n|rule|Evasion Items Clause: Evasion items are banned\n|rule|Evasion Moves Clause: Evasion moves are banned\n|rule|Endless Battle Clause: Forcing endless battles is banned\n|rule|HP Percentage Mod: HP is shown in percentages\n|clearpoke\n|poke|p1|Glimmora, F|\n|poke|p1|Gholdengo|\n|poke|p1|Sneasler, F|\n|poke|p1|Zapdos|\n|poke|p1|Rillaboom, F|\n|poke|p1|Dondozo, M|\n|poke|p2|Corviknight, F|\n|poke|p2|Garganacl, F|\n|poke|p2|Toxapex, M|\n|poke|p2|Clefable, F|\n|poke|p2|Dragonite, M|\n|poke|p2|Meowscarada, M|\n|teampreview\n|\n|t:|1700320734\n|start\n|switch|p1a: Glimmora|Glimmora, F|100\/100\n|switch|p2a: Meowscarada|Meowscarada, M|100\/100\n|turn|1\n|\n|t:|1700320745\n|move|p2a: Meowscarada|U-turn|p1a: Glimmora\n|-start|p2a: Meowscarada|typechange|Bug|[from] ability: Protean\n|-resisted|p1a: Glimmora\n|-damage|p1a: Glimmora|79\/100\n|-activate|p1a: Glimmora|ability: Toxic Debris\n|-sidestart|p2: BurgerThing|move: Toxic Spikes\n|-damage|p2a: Meowscarada|91\/100|[from] item: Life Orb\n|\n|t:|1700320755\n|switch|p2a: Clefable|Clefable, F|100\/100|[from] U-turn\n|-status|p2a: Clefable|psn\n|move|p1a: Glimmora|Stealth Rock|p2a: Clefable\n|-sidestart|p2: BurgerThing|move: Stealth Rock\n|\n|upkeep\n|turn|2\n|\n|t:|1700320768\n|switch|p1a: Gholdengo|Gholdengo|100\/100\n|move|p2a: Clefable|Stealth Rock|p1a: Gholdengo\n|-sidestart|p1: f776|move: Stealth Rock\n|\n|upkeep\n|turn|3\n|\n|t:|1700320774\n|move|p1a: Gholdengo|Trick|p2a: Clefable\n|-activate|p1a: Gholdengo|move: Trick|[of] p2a: Clefable\n|-item|p2a: Clefable|Choice Scarf|[from] move: Trick\n|-item|p1a: Gholdengo|Leftovers|[from] move: Trick\n|move|p2a: Clefable|Wish|p2a: Clefable\n|\n|upkeep\n|turn|4\n|\n|t:|1700320786\n|switch|p2a: Garganacl|Garganacl, F|100\/100\n|-damage|p2a: Garganacl|88\/100|[from] Stealth Rock\n|move|p1a: Gholdengo|Shadow Ball|p2a: Garganacl\n|-damage|p2a: Garganacl|74\/100\n|\n|-heal|p2a: Garganacl|100\/100|[from] move: Wish|[wisher] Clefable\n|upkeep\n|turn|5\n|\n|t:|1700320796\n|move|p1a: Gholdengo|Make It Rain|p2a: Garganacl\n|-supereffective|p2a: Garganacl\n|-damage|p2a: Garganacl|23\/100\n|-unboost|p1a: Gholdengo|spa|1\n|move|p2a: Garganacl|Salt Cure|p1a: Gholdengo\n|-resisted|p1a: Gholdengo\n|-damage|p1a: Gholdengo|94\/100\n|-start|p1a: Gholdengo|Salt Cure\n|\n|-heal|p1a: Gholdengo|99\/100|[from] item: Leftovers\n|-heal|p2a: Garganacl|29\/100|[from] item: Leftovers\n|-damage|p1a: Gholdengo|75\/100|[from] Salt Cure\n|upkeep\n|turn|6\n|\n|t:|1700320809\n|switch|p2a: Toxapex|Toxapex, M|100\/100\n|-sideend|p2: BurgerThing|move: Toxic Spikes|[of] p2a: Toxapex\n|-damage|p2a: Toxapex|88\/100|[from] Stealth Rock\n|move|p1a: Gholdengo|Make It Rain|p2a: Toxapex\n|-resisted|p2a: Toxapex\n|-damage|p2a: Toxapex|70\/100\n|-unboost|p1a: Gholdengo|spa|1\n|\n|-heal|p1a: Gholdengo|81\/100|[from] item: Leftovers\n|-heal|p2a: Toxapex|76\/100|[from] item: Black Sludge\n|-damage|p1a: Gholdengo|56\/100|[from] Salt Cure\n|upkeep\n|turn|7\n|\n|t:|1700320828\n|switch|p1a: Glimmora|Glimmora, F|79\/100\n|-damage|p1a: Glimmora|67\/100|[from] Stealth Rock\n|move|p2a: Toxapex|Chilling Water|p1a: Glimmora\n|-supereffective|p1a: Glimmora\n|-damage|p1a: Glimmora|41\/100\n|-unboost|p1a: Glimmora|atk|1\n|\n|-heal|p2a: Toxapex|82\/100|[from] item: Black Sludge\n|upkeep\n|turn|8\n|\n|t:|1700320838\n|move|p1a: Glimmora|Mortal Spin|p2a: Toxapex\n|-resisted|p2a: Toxapex\n|-damage|p2a: Toxapex|81\/100\n|-sideend|p1: f776|Stealth Rock|[from] move: Mortal Spin|[of] p1a: Glimmora\n|move|p2a: Toxapex|Infestation|p1a: Glimmora\n|-resisted|p1a: Glimmora\n|-damage|p1a: Glimmora|39\/100\n|-activate|p1a: Glimmora|move: Infestation|[of] p2a: Toxapex\n|\n|-heal|p2a: Toxapex|87\/100|[from] item: Black Sludge\n|-damage|p1a: Glimmora|27\/100|[from] move: Infestation|[partiallytrapped]\n|upkeep\n|turn|9\n|\n|t:|1700320850\n|move|p1a: Glimmora|Spikes|p2a: Toxapex\n|-sidestart|p2: BurgerThing|Spikes\n|move|p2a: Toxapex|Chilling Water|p1a: Glimmora\n|-supereffective|p1a: Glimmora\n|-damage|p1a: Glimmora|0 fnt\n|faint|p1a: Glimmora\n|\n|-heal|p2a: Toxapex|93\/100|[from] item: Black Sludge\n|upkeep\n|\n|t:|1700320859\n|switch|p1a: Zapdos|Zapdos|100\/100\n|turn|10\n|\n|t:|1700320863\n|move|p1a: Zapdos|Discharge|p2a: Toxapex\n|-supereffective|p2a: Toxapex\n|-damage|p2a: Toxapex|24\/100\n|move|p2a: Toxapex|Toxic|p1a: Zapdos\n|-status|p1a: Zapdos|tox\n|\n|-heal|p2a: Toxapex|30\/100|[from] item: Black Sludge\n|-damage|p1a: Zapdos|94\/100 tox|[from] psn\n|upkeep\n|turn|11\n|\n|t:|1700320872\n|switch|p2a: Clefable|Clefable, F|100\/100 psn\n|move|p1a: Zapdos|Discharge|p2a: Clefable\n|-damage|p2a: Clefable|74\/100 psn\n|\n|-heal|p1a: Zapdos|100\/100 tox|[from] item: Leftovers\n|-damage|p1a: Zapdos|88\/100 tox|[from] psn\n|upkeep\n|turn|12\n|\n|t:|1700320880\n|switch|p1a: Rillaboom|Rillaboom, F|100\/100\n|-fieldstart|move: Grassy Terrain|[from] ability: Grassy Surge|[of] p1a: Rillaboom\n|move|p2a: Clefable|Wish|p2a: Clefable\n|\n|-heal|p2a: Clefable|80\/100 psn|[from] Grassy Terrain\n|upkeep\n|turn|13\n|\n|t:|1700320898\n|switch|p2a: Corviknight|Corviknight, F|100\/100\n|-damage|p2a: Corviknight|88\/100|[from] Stealth Rock\n|-ability|p2a: Corviknight|Pressure\n|move|p1a: Rillaboom|Grassy Glide|p2a: Corviknight\n|-resisted|p2a: Corviknight\n|-damage|p2a: Corviknight|82\/100\n|-damage|p1a: Rillaboom|84\/100|[from] item: Rocky Helmet|[of] p2a: Corviknight\n|\n|-heal|p2a: Corviknight|100\/100|[from] move: Wish|[wisher] Clefable\n|-heal|p1a: Rillaboom|90\/100|[from] Grassy Terrain\n|upkeep\n|turn|14\n|\n|t:|1700320914\n|switch|p1a: Gholdengo|Gholdengo|56\/100\n|move|p2a: Corviknight|U-turn|p1a: Gholdengo\n|-resisted|p1a: Gholdengo\n|-damage|p1a: Gholdengo|52\/100\n|\n|t:|1700320919\n|switch|p2a: Toxapex|Toxapex, M|63\/100|[from] U-turn\n|-damage|p2a: Toxapex|51\/100|[from] Stealth Rock\n|-damage|p2a: Toxapex|38\/100|[from] Spikes\n|\n|-heal|p1a: Gholdengo|59\/100|[from] Grassy Terrain\n|-heal|p1a: Gholdengo|65\/100|[from] item: Leftovers\n|-heal|p2a: Toxapex|44\/100|[from] Grassy Terrain\n|-heal|p2a: Toxapex|50\/100|[from] item: Black Sludge\n|upkeep\n|turn|15\n|\n|t:|1700320929\n|move|p1a: Gholdengo|Shadow Ball|p2a: Toxapex\n|-damage|p2a: Toxapex|13\/100\n|move|p2a: Toxapex|Recover|p2a: Toxapex\n|-heal|p2a: Toxapex|63\/100\n|\n|-heal|p1a: Gholdengo|71\/100|[from] Grassy Terrain\n|-heal|p1a: Gholdengo|77\/100|[from] item: Leftovers\n|-heal|p2a: Toxapex|69\/100|[from] Grassy Terrain\n|-heal|p2a: Toxapex|75\/100|[from] item: Black Sludge\n|upkeep\n|turn|16\n|\n|t:|1700320939\n|move|p1a: Gholdengo|Shadow Ball|p2a: Toxapex\n|-damage|p2a: Toxapex|42\/100\n|move|p2a: Toxapex|Infestation|p1a: Gholdengo\n|-resisted|p1a: Gholdengo\n|-damage|p1a: Gholdengo|77\/100\n|-activate|p1a: Gholdengo|move: Infestation|[of] p2a: Toxapex\n|\n|-heal|p1a: Gholdengo|83\/100|[from] Grassy Terrain\n|-heal|p1a: Gholdengo|89\/100|[from] item: Leftovers\n|-heal|p2a: Toxapex|48\/100|[from] Grassy Terrain\n|-heal|p2a: Toxapex|54\/100|[from] item: Black Sludge\n|-damage|p1a: Gholdengo|77\/100|[from] move: Infestation|[partiallytrapped]\n|upkeep\n|turn|17\n|\n|t:|1700320951\n|move|p1a: Gholdengo|Shadow Ball|p2a: Toxapex\n|-damage|p2a: Toxapex|17\/100\n|move|p2a: Toxapex|Recover|p2a: Toxapex\n|-heal|p2a: Toxapex|67\/100\n|\n|-heal|p1a: Gholdengo|83\/100|[from] Grassy Terrain\n|-heal|p1a: Gholdengo|89\/100|[from] item: Leftovers\n|-heal|p2a: Toxapex|73\/100|[from] Grassy Terrain\n|-heal|p2a: Toxapex|79\/100|[from] item: Black Sludge\n|-damage|p1a: Gholdengo|77\/100|[from] move: Infestation|[partiallytrapped]\n|upkeep\n|turn|18\n|\n|t:|1700320974\n|move|p1a: Gholdengo|Shadow Ball|p2a: Toxapex\n|-damage|p2a: Toxapex|42\/100\n|move|p2a: Toxapex|Chilling Water|p1a: Gholdengo\n|-damage|p1a: Gholdengo|67\/100\n|-unboost|p1a: Gholdengo|atk|1\n|\n|-heal|p1a: Gholdengo|73\/100|[from] Grassy Terrain\n|-heal|p1a: Gholdengo|79\/100|[from] item: Leftovers\n|-heal|p2a: Toxapex|48\/100|[from] Grassy Terrain\n|-heal|p2a: Toxapex|54\/100|[from] item: Black Sludge\n|-damage|p1a: Gholdengo|67\/100|[from] move: Infestation|[partiallytrapped]\n|upkeep\n|turn|19\n|\n|t:|1700320987\n|move|p1a: Gholdengo|Shadow Ball|p2a: Toxapex\n|-damage|p2a: Toxapex|20\/100\n|move|p2a: Toxapex|Recover|p2a: Toxapex\n|-heal|p2a: Toxapex|70\/100\n|\n|-heal|p1a: Gholdengo|73\/100|[from] Grassy Terrain\n|-heal|p1a: Gholdengo|79\/100|[from] item: Leftovers\n|-heal|p2a: Toxapex|76\/100|[from] Grassy Terrain\n|-heal|p2a: Toxapex|82\/100|[from] item: Black Sludge\n|-damage|p1a: Gholdengo|67\/100|[from] move: Infestation|[partiallytrapped]\n|-fieldend|move: Grassy Terrain\n|upkeep\n|turn|20\n|\n|t:|1700320999\n|move|p1a: Gholdengo|Shadow Ball|p2a: Toxapex\n|-damage|p2a: Toxapex|44\/100\n|move|p2a: Toxapex|Recover|p2a: Toxapex\n|-heal|p2a: Toxapex|94\/100\n|\n|-heal|p1a: Gholdengo|73\/100|[from] item: Leftovers\n|-heal|p2a: Toxapex|99\/100|[from] item: Black Sludge\n|-end|p1a: Gholdengo|Infestation|[partiallytrapped]\n|upkeep\n|turn|21\n|\n|t:|1700321013\n|switch|p1a: Zapdos|Zapdos|88\/100 tox\n|switch|p2a: Meowscarada|Meowscarada, M|91\/100\n|-damage|p2a: Meowscarada|78\/100|[from] Stealth Rock\n|-damage|p2a: Meowscarada|66\/100|[from] Spikes\n|\n|-heal|p1a: Zapdos|94\/100 tox|[from] item: Leftovers\n|-damage|p1a: Zapdos|88\/100 tox|[from] psn\n|upkeep\n|turn|22\n|\n|t:|1700321025\n|move|p2a: Meowscarada|Knock Off|p1a: Zapdos\n|-start|p2a: Meowscarada|typechange|Dark|[from] ability: Protean\n|-damage|p1a: Zapdos|25\/100 tox\n|-enditem|p1a: Zapdos|Leftovers|[from] move: Knock Off|[of] p2a: Meowscarada\n|-damage|p2a: Meowscarada|56\/100|[from] item: Life Orb\n|move|p1a: Zapdos|Discharge|p2a: Meowscarada\n|-damage|p2a: Meowscarada|0 fnt\n|faint|p2a: Meowscarada\n|\n|-damage|p1a: Zapdos|12\/100 tox|[from] psn\n|upkeep\n|\n|t:|1700321041\n|switch|p2a: Clefable|Clefable, F|80\/100 psn\n|turn|23\n|\n|t:|1700321049\n|move|p1a: Zapdos|Roost|p1a: Zapdos\n|-heal|p1a: Zapdos|62\/100 tox\n|-singleturn|p1a: Zapdos|move: Roost\n|move|p2a: Clefable|Stealth Rock|p1a: Zapdos\n|-sidestart|p1: f776|move: Stealth Rock\n|\n|-damage|p1a: Zapdos|43\/100 tox|[from] psn\n|upkeep\n|turn|24\n|\n|t:|1700321058\n|switch|p2a: Corviknight|Corviknight, F|100\/100\n|-damage|p2a: Corviknight|88\/100|[from] Stealth Rock\n|-ability|p2a: Corviknight|Pressure\n|move|p1a: Zapdos|Hurricane|p2a: Corviknight\n|-resisted|p2a: Corviknight\n|-damage|p2a: Corviknight|60\/100\n|\n|-damage|p1a: Zapdos|18\/100 tox|[from] psn\n|upkeep\n|turn|25\n|\n|t:|1700321068\n|switch|p2a: Clefable|Clefable, F|80\/100 psn\n|move|p1a: Zapdos|Discharge|p2a: Clefable\n|-damage|p2a: Clefable|53\/100 psn\n|\n|-damage|p1a: Zapdos|0 fnt|[from] psn\n|faint|p1a: Zapdos\n|upkeep\n|\n|t:|1700321074\n|switch|p1a: Rillaboom|Rillaboom, F|90\/100\n|-damage|p1a: Rillaboom|78\/100|[from] Stealth Rock\n|-fieldstart|move: Grassy Terrain|[from] ability: Grassy Surge|[of] p1a: Rillaboom\n|turn|26\n|\n|t:|1700321082\n|move|p2a: Clefable|Wish|p2a: Clefable\n|move|p1a: Rillaboom|U-turn|p2a: Clefable\n|-resisted|p2a: Clefable\n|-damage|p2a: Clefable|40\/100 psn\n|\n|t:|1700321086\n|switch|p1a: Sneasler|Sneasler, F|100\/100|[from] U-turn\n|-damage|p1a: Sneasler|95\/100|[from] Stealth Rock\n|-enditem|p1a: Sneasler|Grassy Seed\n|-boost|p1a: Sneasler|def|1|[from] item: Grassy Seed\n|\n|-heal|p1a: Sneasler|100\/100|[from] Grassy Terrain\n|-heal|p2a: Clefable|46\/100 psn|[from] Grassy Terrain\n|upkeep\n|turn|27\n|\n|t:|1700321103\n|switch|p2a: Corviknight|Corviknight, F|60\/100\n|-damage|p2a: Corviknight|48\/100|[from] Stealth Rock\n|-ability|p2a: Corviknight|Pressure\n|move|p1a: Sneasler|Swords Dance|p1a: Sneasler\n|-boost|p1a: Sneasler|atk|2\n|\n|-heal|p2a: Corviknight|97\/100|[from] move: Wish|[wisher] Clefable\n|upkeep\n|turn|28\n|\n|t:|1700321117\n|move|p1a: Sneasler|Lash Out|p2a: Corviknight\n|-damage|p2a: Corviknight|66\/100\n|-damage|p1a: Sneasler|84\/100|[from] item: Rocky Helmet|[of] p2a: Corviknight\n|move|p2a: Corviknight|Defog|p1a: Sneasler\n|-unboost|p1a: Sneasler|evasion|1\n|-sideend|p1: f776|Stealth Rock|[from] move: Defog|[of] p2a: Corviknight\n|-sideend|p2: BurgerThing|Spikes|[from] move: Defog|[of] p2a: Corviknight\n|-sideend|p2: BurgerThing|Stealth Rock|[from] move: Defog|[of] p2a: Corviknight\n|-fieldend|move: Grassy Terrain\n|\n|upkeep\n|turn|29\n|\n|t:|1700321130\n|move|p1a: Sneasler|Close Combat|p2a: Corviknight\n|-damage|p2a: Corviknight|0 fnt\n|-unboost|p1a: Sneasler|def|1\n|-unboost|p1a: Sneasler|spd|1\n|-damage|p1a: Sneasler|67\/100|[from] item: Rocky Helmet|[of] p2a: Corviknight\n|faint|p2a: Corviknight\n|\n|upkeep\n|\n|t:|1700321137\n|switch|p2a: Dragonite|Dragonite, M|100\/100\n|turn|30\n|\n|t:|1700321142\n|move|p1a: Sneasler|Dire Claw|p2a: Dragonite\n|-damage|p2a: Dragonite|61\/100\n|-status|p2a: Dragonite|psn\n|-enditem|p2a: Dragonite|Lum Berry|[eat]\n|-curestatus|p2a: Dragonite|psn|[msg]\n|move|p2a: Dragonite|Dragon Dance|p2a: Dragonite\n|-boost|p2a: Dragonite|atk|1\n|-boost|p2a: Dragonite|spe|1\n|\n|upkeep\n|turn|31\n|\n|t:|1700321152\n|move|p2a: Dragonite|Extreme Speed|p1a: Sneasler\n|-damage|p1a: Sneasler|10\/100\n|move|p1a: Sneasler|Dire Claw|p2a: Dragonite\n|-damage|p2a: Dragonite|0 fnt\n|faint|p2a: Dragonite\n|\n|upkeep\n|\n|t:|1700321162\n|switch|p2a: Toxapex|Toxapex, M|100\/100\n|turn|32\n|\n|t:|1700321167\n|switch|p1a: Gholdengo|Gholdengo|73\/100\n|move|p2a: Toxapex|Chilling Water|p1a: Gholdengo\n|-damage|p1a: Gholdengo|61\/100\n|-unboost|p1a: Gholdengo|atk|1\n|\n|-heal|p1a: Gholdengo|67\/100|[from] item: Leftovers\n|upkeep\n|turn|33\n|\n|t:|1700321179\n|switch|p1a: Rillaboom|Rillaboom, F|78\/100\n|-fieldstart|move: Grassy Terrain|[from] ability: Grassy Surge|[of] p1a: Rillaboom\n|switch|p2a: Clefable|Clefable, F|46\/100 psn\n|\n|-heal|p2a: Clefable|52\/100 psn|[from] Grassy Terrain\n|-heal|p1a: Rillaboom|84\/100|[from] Grassy Terrain\n|upkeep\n|turn|34\n|\n|t:|1700321189\n|move|p2a: Clefable|Wish|p2a: Clefable\n|move|p1a: Rillaboom|Bulk Up|p1a: Rillaboom\n|-boost|p1a: Rillaboom|atk|1\n|-boost|p1a: Rillaboom|def|1\n|\n|-heal|p2a: Clefable|58\/100 psn|[from] Grassy Terrain\n|-heal|p1a: Rillaboom|90\/100|[from] Grassy Terrain\n|upkeep\n|turn|35\n|\n|t:|1700321196\n|switch|p2a: Garganacl|Garganacl, F|29\/100\n|move|p1a: Rillaboom|Bulk Up|p1a: Rillaboom\n|-boost|p1a: Rillaboom|atk|1\n|-boost|p1a: Rillaboom|def|1\n|\n|-heal|p2a: Garganacl|78\/100|[from] move: Wish|[wisher] Clefable\n|-heal|p1a: Rillaboom|96\/100|[from] Grassy Terrain\n|-heal|p2a: Garganacl|84\/100|[from] Grassy Terrain\n|-heal|p2a: Garganacl|90\/100|[from] item: Leftovers\n|upkeep\n|turn|36\n|\n|t:|1700321207\n|-terastallize|p2a: Garganacl|Ghost\n|move|p1a: Rillaboom|Grassy Glide|p2a: Garganacl\n|-damage|p2a: Garganacl|41\/100\n|move|p2a: Garganacl|Iron Defense|p2a: Garganacl\n|-boost|p2a: Garganacl|def|2\n|\n|-heal|p1a: Rillaboom|100\/100|[from] Grassy Terrain\n|-heal|p2a: Garganacl|47\/100|[from] Grassy Terrain\n|-heal|p2a: Garganacl|53\/100|[from] item: Leftovers\n|upkeep\n|turn|37\n|\n|t:|1700321218\n|move|p1a: Rillaboom|Grassy Glide|p2a: Garganacl\n|-damage|p2a: Garganacl|27\/100\n|move|p2a: Garganacl|Recover|p2a: Garganacl\n|-heal|p2a: Garganacl|77\/100\n|\n|-heal|p2a: Garganacl|83\/100|[from] Grassy Terrain\n|-heal|p2a: Garganacl|90\/100|[from] item: Leftovers\n|upkeep\n|turn|38\n|\n|t:|1700321226\n|move|p1a: Rillaboom|Bulk Up|p1a: Rillaboom\n|-boost|p1a: Rillaboom|atk|1\n|-boost|p1a: Rillaboom|def|1\n|move|p2a: Garganacl|Iron Defense|p2a: Garganacl\n|-boost|p2a: Garganacl|def|2\n|\n|-heal|p2a: Garganacl|96\/100|[from] Grassy Terrain\n|-heal|p2a: Garganacl|100\/100|[from] item: Leftovers\n|upkeep\n|turn|39\n|\n|t:|1700321243\n|move|p1a: Rillaboom|U-turn|p2a: Garganacl\n|-resisted|p2a: Garganacl\n|-damage|p2a: Garganacl|93\/100\n|\n|t:|1700321251\n|switch|p1a: Dondozo|Dondozo, M|100\/100|[from] U-turn\n|move|p2a: Garganacl|Salt Cure|p1a: Dondozo\n|-damage|p1a: Dondozo|94\/100\n|-start|p1a: Dondozo|Salt Cure\n|\n|-heal|p1a: Dondozo|99\/100|[from] Grassy Terrain\n|-heal|p2a: Garganacl|99\/100|[from] Grassy Terrain\n|-heal|p2a: Garganacl|100\/100|[from] item: Leftovers\n|-damage|p1a: Dondozo|75\/100|[from] Salt Cure\n|upkeep\n|turn|40\n|\n|t:|1700321271\n|switch|p2a: Clefable|Clefable, F|58\/100 psn\n|-terastallize|p1a: Dondozo|Dragon\n|move|p1a: Dondozo|Curse|p1a: Dondozo\n|-unboost|p1a: Dondozo|spe|1\n|-boost|p1a: Dondozo|atk|1\n|-boost|p1a: Dondozo|def|1\n|\n|-heal|p2a: Clefable|64\/100 psn|[from] Grassy Terrain\n|-heal|p1a: Dondozo|81\/100|[from] Grassy Terrain\n|-damage|p1a: Dondozo|69\/100|[from] Salt Cure\n|-fieldend|move: Grassy Terrain\n|upkeep\n|turn|41\n|\n|t:|1700321286\n|switch|p1a: Gholdengo|Gholdengo|67\/100\n|move|p2a: Clefable|Moonblast|p1a: Gholdengo\n|-resisted|p1a: Gholdengo\n|-damage|p1a: Gholdengo|50\/100\n|\n|-heal|p1a: Gholdengo|56\/100|[from] item: Leftovers\n|upkeep\n|turn|42\n|\n|t:|1700321297\n|switch|p2a: Garganacl|Garganacl, F, tera:Ghost|100\/100\n|move|p1a: Gholdengo|Trick|p2a: Garganacl\n|-activate|p1a: Gholdengo|move: Trick|[of] p2a: Garganacl\n|-item|p2a: Garganacl|Leftovers|[from] move: Trick\n|-item|p1a: Gholdengo|Leftovers|[from] move: Trick\n|\n|-heal|p1a: Gholdengo|62\/100|[from] item: Leftovers\n|upkeep\n|turn|43\n|\n|t:|1700321315\n|switch|p1a: Dondozo|Dondozo, M, tera:Dragon|69\/100\n|move|p2a: Garganacl|Salt Cure|p1a: Dondozo\n|-damage|p1a: Dondozo|63\/100\n|-start|p1a: Dondozo|Salt Cure\n|\n|-damage|p1a: Dondozo|51\/100|[from] Salt Cure\n|upkeep\n|turn|44\n|inactive|Battle timer is ON: inactive players will automatically lose when time's up. (requested by BurgerThing)\n|\n|t:|1700321322\n|switch|p2a: Toxapex|Toxapex, M|100\/100\n|move|p1a: Dondozo|Liquidation|p2a: Toxapex\n|-resisted|p2a: Toxapex\n|-damage|p2a: Toxapex|92\/100\n|\n|-heal|p2a: Toxapex|98\/100|[from] item: Black Sludge\n|-damage|p1a: Dondozo|38\/100|[from] Salt Cure\n|upkeep\n|turn|45\n|\n|t:|1700321330\n|switch|p1a: Gholdengo|Gholdengo|62\/100\n|move|p2a: Toxapex|Infestation|p1a: Gholdengo\n|-resisted|p1a: Gholdengo\n|-damage|p1a: Gholdengo|61\/100\n|-activate|p1a: Gholdengo|move: Infestation|[of] p2a: Toxapex\n|\n|-heal|p1a: Gholdengo|68\/100|[from] item: Leftovers\n|-heal|p2a: Toxapex|100\/100|[from] item: Black Sludge\n|-damage|p1a: Gholdengo|55\/100|[from] move: Infestation|[partiallytrapped]\n|upkeep\n|turn|46\n|\n|t:|1700321340\n|move|p1a: Gholdengo|Shadow Ball|p2a: Toxapex\n|-damage|p2a: Toxapex|66\/100\n|-unboost|p2a: Toxapex|spd|1\n|move|p2a: Toxapex|Chilling Water|p1a: Gholdengo\n|-damage|p1a: Gholdengo|44\/100\n|-unboost|p1a: Gholdengo|atk|1\n|\n|-heal|p1a: Gholdengo|50\/100|[from] item: Leftovers\n|-heal|p2a: Toxapex|71\/100|[from] item: Black Sludge\n|-damage|p1a: Gholdengo|38\/100|[from] move: Infestation|[partiallytrapped]\n|upkeep\n|turn|47\n|\n|t:|1700321352\n|switch|p2a: Garganacl|Garganacl, F, tera:Ghost|100\/100\n|move|p1a: Gholdengo|Shadow Ball|p2a: Garganacl\n|-supereffective|p2a: Garganacl\n|-damage|p2a: Garganacl|72\/100\n|\n|-heal|p1a: Gholdengo|44\/100|[from] item: Leftovers\n|-heal|p2a: Garganacl|78\/100|[from] item: Leftovers\n|-end|p1a: Gholdengo|Infestation|[partiallytrapped]|[silent]\n|upkeep\n|turn|48\n|\n|t:|1700321361\n|switch|p1a: Rillaboom|Rillaboom, F|100\/100\n|-fieldstart|move: Grassy Terrain|[from] ability: Grassy Surge|[of] p1a: Rillaboom\n|move|p2a: Garganacl|Salt Cure|p1a: Rillaboom\n|-damage|p1a: Rillaboom|87\/100\n|-start|p1a: Rillaboom|Salt Cure\n|\n|-heal|p1a: Rillaboom|93\/100|[from] Grassy Terrain\n|-heal|p2a: Garganacl|85\/100|[from] Grassy Terrain\n|-heal|p2a: Garganacl|91\/100|[from] item: Leftovers\n|-damage|p1a: Rillaboom|81\/100|[from] Salt Cure\n|upkeep\n|turn|49\n|\n|t:|1700321373\n|switch|p2a: Clefable|Clefable, F|64\/100 psn\n|move|p1a: Rillaboom|Grassy Glide|p2a: Clefable\n|-damage|p2a: Clefable|20\/100 psn\n|\n|-heal|p2a: Clefable|26\/100 psn|[from] Grassy Terrain\n|-heal|p1a: Rillaboom|87\/100|[from] Grassy Terrain\n|-damage|p1a: Rillaboom|75\/100|[from] Salt Cure\n|upkeep\n|turn|50\n|\n|t:|1700321384\n|switch|p2a: Toxapex|Toxapex, M|100\/100\n|move|p1a: Rillaboom|Grassy Glide|p2a: Toxapex\n|-damage|p2a: Toxapex|77\/100\n|\n|-heal|p1a: Rillaboom|81\/100|[from] Grassy Terrain\n|-heal|p2a: Toxapex|83\/100|[from] Grassy Terrain\n|-heal|p2a: Toxapex|89\/100|[from] item: Black Sludge\n|-damage|p1a: Rillaboom|68\/100|[from] Salt Cure\n|upkeep\n|turn|51\n|\n|t:|1700321395\n|move|p1a: Rillaboom|U-turn|p2a: Toxapex\n|-resisted|p2a: Toxapex\n|-damage|p2a: Toxapex|81\/100\n|\n|t:|1700321397\n|switch|p1a: Gholdengo|Gholdengo|44\/100|[from] U-turn\n|move|p2a: Toxapex|Toxic|p1a: Gholdengo\n|-immune|p1a: Gholdengo|[from] ability: Good as Gold\n|\n|-heal|p1a: Gholdengo|50\/100|[from] Grassy Terrain\n|-heal|p1a: Gholdengo|57\/100|[from] item: Leftovers\n|-heal|p2a: Toxapex|87\/100|[from] Grassy Terrain\n|-heal|p2a: Toxapex|93\/100|[from] item: Black Sludge\n|upkeep\n|turn|52\n|\n|t:|1700321412\n|switch|p2a: Clefable|Clefable, F|26\/100 psn\n|move|p1a: Gholdengo|Shadow Ball|p2a: Clefable\n|-damage|p2a: Clefable|0 fnt\n|faint|p2a: Clefable\n|\n|-heal|p1a: Gholdengo|63\/100|[from] Grassy Terrain\n|-heal|p1a: Gholdengo|69\/100|[from] item: Leftovers\n|upkeep\n|\n|t:|1700321421\n|switch|p2a: Garganacl|Garganacl, F, tera:Ghost|91\/100\n|turn|53\n|\n|t:|1700321426\n|switch|p1a: Dondozo|Dondozo, M, tera:Dragon|38\/100\n|move|p2a: Garganacl|Salt Cure|p1a: Dondozo\n|-damage|p1a: Dondozo|32\/100\n|-start|p1a: Dondozo|Salt Cure\n|\n|-heal|p1a: Dondozo|38\/100|[from] Grassy Terrain\n|-heal|p2a: Garganacl|97\/100|[from] Grassy Terrain\n|-heal|p2a: Garganacl|100\/100|[from] item: Leftovers\n|-damage|p1a: Dondozo|26\/100|[from] Salt Cure\n|upkeep\n|turn|54\n|\n|t:|1700321436\n|switch|p2a: Toxapex|Toxapex, M|100\/100\n|move|p1a: Dondozo|Rest|p1a: Dondozo\n|-status|p1a: Dondozo|slp|[from] move: Rest\n|-heal|p1a: Dondozo|100\/100 slp|[silent]\n|\n|-damage|p1a: Dondozo|88\/100 slp|[from] Salt Cure\n|upkeep\n|turn|55\n|\n|t:|1700321444\n|switch|p1a: Gholdengo|Gholdengo|69\/100\n|switch|p2a: Garganacl|Garganacl, F, tera:Ghost|100\/100\n|\n|-heal|p1a: Gholdengo|75\/100|[from] Grassy Terrain\n|-heal|p1a: Gholdengo|82\/100|[from] item: Leftovers\n|-fieldend|move: Grassy Terrain\n|upkeep\n|turn|56\n|\n|t:|1700321467\n|move|p1a: Gholdengo|Shadow Ball|p2a: Garganacl\n|-supereffective|p2a: Garganacl\n|-damage|p2a: Garganacl|72\/100\n|move|p2a: Garganacl|Salt Cure|p1a: Gholdengo\n|-resisted|p1a: Gholdengo\n|-damage|p1a: Gholdengo|74\/100\n|-start|p1a: Gholdengo|Salt Cure\n|\n|-heal|p1a: Gholdengo|81\/100|[from] item: Leftovers\n|-heal|p2a: Garganacl|78\/100|[from] item: Leftovers\n|-damage|p1a: Gholdengo|56\/100|[from] Salt Cure\n|upkeep\n|turn|57\n|\n|t:|1700321477\n|switch|p1a: Rillaboom|Rillaboom, F|68\/100\n|-fieldstart|move: Grassy Terrain|[from] ability: Grassy Surge|[of] p1a: Rillaboom\n|move|p2a: Garganacl|Iron Defense|p2a: Garganacl\n|-boost|p2a: Garganacl|def|2\n|\n|-heal|p1a: Rillaboom|75\/100|[from] Grassy Terrain\n|-heal|p2a: Garganacl|85\/100|[from] Grassy Terrain\n|-heal|p2a: Garganacl|91\/100|[from] item: Leftovers\n|upkeep\n|turn|58\n|\n|t:|1700321487\n|move|p1a: Rillaboom|U-turn|p2a: Garganacl\n|-resisted|p2a: Garganacl\n|-damage|p2a: Garganacl|86\/100\n|\n|t:|1700321489\n|switch|p1a: Dondozo|Dondozo, M, tera:Dragon|88\/100 slp|[from] U-turn\n|move|p2a: Garganacl|Body Press|p1a: Dondozo\n|-damage|p1a: Dondozo|78\/100 slp\n|\n|-heal|p1a: Dondozo|84\/100 slp|[from] Grassy Terrain\n|-heal|p2a: Garganacl|93\/100|[from] Grassy Terrain\n|-heal|p2a: Garganacl|99\/100|[from] item: Leftovers\n|upkeep\n|turn|59\n|\n|t:|1700321498\n|cant|p1a: Dondozo|slp\n|move|p1a: Dondozo|Sleep Talk|p1a: Dondozo\n|move|p1a: Dondozo|Curse|p1a: Dondozo|[from]move: Sleep Talk\n|-unboost|p1a: Dondozo|spe|1\n|-boost|p1a: Dondozo|atk|1\n|-boost|p1a: Dondozo|def|1\n|move|p2a: Garganacl|Salt Cure|p1a: Dondozo\n|-damage|p1a: Dondozo|80\/100 slp\n|-start|p1a: Dondozo|Salt Cure\n|\n|-heal|p2a: Garganacl|100\/100|[from] Grassy Terrain\n|-heal|p1a: Dondozo|86\/100 slp|[from] Grassy Terrain\n|-damage|p1a: Dondozo|74\/100 slp|[from] Salt Cure\n|upkeep\n|turn|60\n|\n|t:|1700321511\n|switch|p2a: Toxapex|Toxapex, M|100\/100\n|cant|p1a: Dondozo|slp\n|move|p1a: Dondozo|Sleep Talk|p1a: Dondozo\n|move|p1a: Dondozo|Liquidation|p2a: Toxapex|[from]move: Sleep Talk\n|-resisted|p2a: Toxapex\n|-damage|p2a: Toxapex|88\/100\n|\n|-heal|p2a: Toxapex|94\/100|[from] Grassy Terrain\n|-heal|p2a: Toxapex|99\/100|[from] item: Black Sludge\n|-heal|p1a: Dondozo|80\/100 slp|[from] Grassy Terrain\n|-damage|p1a: Dondozo|67\/100 slp|[from] Salt Cure\n|upkeep\n|turn|61\n|\n|t:|1700321523\n|move|p2a: Toxapex|Infestation|p1a: Dondozo\n|-damage|p1a: Dondozo|65\/100 slp\n|-activate|p1a: Dondozo|move: Infestation|[of] p2a: Toxapex\n|-curestatus|p1a: Dondozo|slp|[msg]\n|move|p1a: Dondozo|Liquidation|p2a: Toxapex\n|-resisted|p2a: Toxapex\n|-damage|p2a: Toxapex|89\/100\n|\n|-heal|p2a: Toxapex|95\/100|[from] Grassy Terrain\n|-heal|p2a: Toxapex|100\/100|[from] item: Black Sludge\n|-heal|p1a: Dondozo|71\/100|[from] Grassy Terrain\n|-damage|p1a: Dondozo|59\/100|[from] Salt Cure\n|-damage|p1a: Dondozo|46\/100|[from] move: Infestation|[partiallytrapped]\n|upkeep\n|turn|62\n|\n|t:|1700321536\n|move|p2a: Toxapex|Toxic|p1a: Dondozo\n|-status|p1a: Dondozo|tox\n|move|p1a: Dondozo|Curse|p1a: Dondozo\n|-unboost|p1a: Dondozo|spe|1\n|-boost|p1a: Dondozo|atk|1\n|-boost|p1a: Dondozo|def|1\n|\n|-heal|p1a: Dondozo|52\/100 tox|[from] Grassy Terrain\n|-damage|p1a: Dondozo|46\/100 tox|[from] psn\n|-damage|p1a: Dondozo|34\/100 tox|[from] Salt Cure\n|-damage|p1a: Dondozo|22\/100 tox|[from] move: Infestation|[partiallytrapped]\n|upkeep\n|turn|63\n|\n|t:|1700321551\n|switch|p2a: Garganacl|Garganacl, F, tera:Ghost|100\/100\n|move|p1a: Dondozo|Rest|p1a: Dondozo\n|-status|p1a: Dondozo|slp|[from] move: Rest\n|-heal|p1a: Dondozo|100\/100 slp|[silent]\n|\n|-damage|p1a: Dondozo|88\/100 slp|[from] Salt Cure\n|-end|p1a: Dondozo|Infestation|[partiallytrapped]|[silent]\n|upkeep\n|turn|64\n|\n|t:|1700321563\n|switch|p2a: Toxapex|Toxapex, M|100\/100\n|cant|p1a: Dondozo|slp\n|move|p1a: Dondozo|Sleep Talk|p1a: Dondozo\n|move|p1a: Dondozo|Rest||[from]move: Sleep Talk|[still]\n|-fail|p1a: Dondozo\n|\n|-heal|p1a: Dondozo|94\/100 slp|[from] Grassy Terrain\n|-damage|p1a: Dondozo|82\/100 slp|[from] Salt Cure\n|-fieldend|move: Grassy Terrain\n|upkeep\n|turn|65\n|\n|t:|1700321573\n|move|p2a: Toxapex|Infestation|p1a: Dondozo\n|-damage|p1a: Dondozo|79\/100 slp\n|-activate|p1a: Dondozo|move: Infestation|[of] p2a: Toxapex\n|cant|p1a: Dondozo|slp\n|move|p1a: Dondozo|Sleep Talk|p1a: Dondozo\n|move|p1a: Dondozo|Liquidation|p2a: Toxapex|[from]move: Sleep Talk\n|-resisted|p2a: Toxapex\n|-damage|p2a: Toxapex|84\/100\n|\n|-heal|p2a: Toxapex|90\/100|[from] item: Black Sludge\n|-damage|p1a: Dondozo|67\/100 slp|[from] move: Infestation|[partiallytrapped]\n|-damage|p1a: Dondozo|55\/100 slp|[from] Salt Cure\n|upkeep\n|turn|66\n|\n|t:|1700321588\n|move|p2a: Toxapex|Chilling Water|p1a: Dondozo\n|-resisted|p1a: Dondozo\n|-damage|p1a: Dondozo|49\/100 slp\n|-unboost|p1a: Dondozo|atk|1\n|-curestatus|p1a: Dondozo|slp|[msg]\n|move|p1a: Dondozo|Liquidation|p2a: Toxapex\n|-resisted|p2a: Toxapex\n|-damage|p2a: Toxapex|79\/100\n|-unboost|p2a: Toxapex|def|1\n|\n|-heal|p2a: Toxapex|85\/100|[from] item: Black Sludge\n|-damage|p1a: Dondozo|37\/100|[from] Salt Cure\n|-damage|p1a: Dondozo|25\/100|[from] move: Infestation|[partiallytrapped]\n|upkeep\n|turn|67\n|\n|t:|1700321601\n|switch|p2a: Garganacl|Garganacl, F, tera:Ghost|100\/100\n|move|p1a: Dondozo|Rest|p1a: Dondozo\n|-status|p1a: Dondozo|slp|[from] move: Rest\n|-heal|p1a: Dondozo|100\/100 slp|[silent]\n|\n|-end|p1a: Dondozo|Infestation|[partiallytrapped]|[silent]\n|-damage|p1a: Dondozo|88\/100 slp|[from] Salt Cure\n|upkeep\n|turn|68\n|\n|t:|1700321618\n|switch|p2a: Toxapex|Toxapex, M|100\/100\n|cant|p1a: Dondozo|slp\n|move|p1a: Dondozo|Sleep Talk|p1a: Dondozo\n|move|p1a: Dondozo|Rest||[from]move: Sleep Talk|[still]\n|-fail|p1a: Dondozo\n|\n|-damage|p1a: Dondozo|76\/100 slp|[from] Salt Cure\n|upkeep\n|turn|69\n|\n|t:|1700321628\n|switch|p1a: Gholdengo|Gholdengo|56\/100\n|move|p2a: Toxapex|Infestation|p1a: Gholdengo\n|-resisted|p1a: Gholdengo\n|-damage|p1a: Gholdengo|55\/100\n|-activate|p1a: Gholdengo|move: Infestation|[of] p2a: Toxapex\n|\n|-heal|p1a: Gholdengo|61\/100|[from] item: Leftovers\n|-damage|p1a: Gholdengo|49\/100|[from] move: Infestation|[partiallytrapped]\n|upkeep\n|turn|70\n|\n|t:|1700321636\n|move|p1a: Gholdengo|Shadow Ball|p2a: Toxapex\n|-damage|p2a: Toxapex|64\/100\n|move|p2a: Toxapex|Chilling Water|p1a: Gholdengo\n|-damage|p1a: Gholdengo|38\/100\n|-unboost|p1a: Gholdengo|atk|1\n|\n|-heal|p1a: Gholdengo|44\/100|[from] item: Leftovers\n|-heal|p2a: Toxapex|69\/100|[from] item: Black Sludge\n|-damage|p1a: Gholdengo|31\/100|[from] move: Infestation|[partiallytrapped]\n|upkeep\n|turn|71\n|\n|t:|1700321646\n|switch|p1a: Rillaboom|Rillaboom, F|75\/100\n|-fieldstart|move: Grassy Terrain|[from] ability: Grassy Surge|[of] p1a: Rillaboom\n|move|p2a: Toxapex|Recover|p2a: Toxapex\n|-heal|p2a: Toxapex|100\/100\n|\n|-heal|p1a: Rillaboom|81\/100|[from] Grassy Terrain\n|upkeep\n|turn|72\n|\n|t:|1700321657\n|move|p1a: Rillaboom|U-turn|p2a: Toxapex\n|-resisted|p2a: Toxapex\n|-damage|p2a: Toxapex|93\/100\n|\n|t:|1700321659\n|switch|p1a: Gholdengo|Gholdengo|31\/100|[from] U-turn\n|move|p2a: Toxapex|Toxic|p1a: Gholdengo\n|-immune|p1a: Gholdengo|[from] ability: Good as Gold\n|\n|-heal|p1a: Gholdengo|38\/100|[from] Grassy Terrain\n|-heal|p1a: Gholdengo|44\/100|[from] item: Leftovers\n|-heal|p2a: Toxapex|99\/100|[from] Grassy Terrain\n|-heal|p2a: Toxapex|100\/100|[from] item: Black Sludge\n|upkeep\n|turn|73\n|\n|t:|1700321669\n|switch|p2a: Garganacl|Garganacl, F, tera:Ghost|100\/100\n|move|p1a: Gholdengo|Shadow Ball|p2a: Garganacl\n|-supereffective|p2a: Garganacl\n|-damage|p2a: Garganacl|72\/100\n|-unboost|p2a: Garganacl|spd|1\n|\n|-heal|p1a: Gholdengo|50\/100|[from] Grassy Terrain\n|-heal|p1a: Gholdengo|56\/100|[from] item: Leftovers\n|-heal|p2a: Garganacl|78\/100|[from] Grassy Terrain\n|-heal|p2a: Garganacl|84\/100|[from] item: Leftovers\n|upkeep\n|turn|74\n|\n|t:|1700321695\n|move|p1a: Gholdengo|Shadow Ball|p2a: Garganacl\n|-supereffective|p2a: Garganacl\n|-damage|p2a: Garganacl|45\/100\n|move|p2a: Garganacl|Salt Cure|p1a: Gholdengo\n|-resisted|p1a: Gholdengo\n|-damage|p1a: Gholdengo|50\/100\n|-start|p1a: Gholdengo|Salt Cure\n|\n|-heal|p1a: Gholdengo|56\/100|[from] Grassy Terrain\n|-heal|p1a: Gholdengo|62\/100|[from] item: Leftovers\n|-heal|p2a: Garganacl|52\/100|[from] Grassy Terrain\n|-heal|p2a: Garganacl|58\/100|[from] item: Leftovers\n|-damage|p1a: Gholdengo|37\/100|[from] Salt Cure\n|upkeep\n|turn|75\n|\n|t:|1700321707\n|switch|p1a: Rillaboom|Rillaboom, F|81\/100\n|switch|p2a: Toxapex|Toxapex, M|100\/100\n|\n|-heal|p1a: Rillaboom|87\/100|[from] Grassy Terrain\n|upkeep\n|turn|76\n|\n|t:|1700321714\n|move|p1a: Rillaboom|U-turn|p2a: Toxapex\n|-resisted|p2a: Toxapex\n|-damage|p2a: Toxapex|93\/100\n|\n|t:|1700321715\n|switch|p1a: Gholdengo|Gholdengo|37\/100|[from] U-turn\n|move|p2a: Toxapex|Infestation|p1a: Gholdengo\n|-resisted|p1a: Gholdengo\n|-damage|p1a: Gholdengo|37\/100\n|-activate|p1a: Gholdengo|move: Infestation|[of] p2a: Toxapex\n|\n|-heal|p1a: Gholdengo|43\/100|[from] Grassy Terrain\n|-heal|p1a: Gholdengo|49\/100|[from] item: Leftovers\n|-heal|p2a: Toxapex|99\/100|[from] Grassy Terrain\n|-heal|p2a: Toxapex|100\/100|[from] item: Black Sludge\n|-damage|p1a: Gholdengo|37\/100|[from] move: Infestation|[partiallytrapped]\n|upkeep\n|turn|77\n|\n|t:|1700321727\n|move|p1a: Gholdengo|Shadow Ball|p2a: Toxapex\n|-damage|p2a: Toxapex|66\/100\n|-unboost|p2a: Toxapex|spd|1\n|move|p2a: Toxapex|Chilling Water|p1a: Gholdengo\n|-damage|p1a: Gholdengo|27\/100\n|-unboost|p1a: Gholdengo|atk|1\n|\n|-heal|p1a: Gholdengo|33\/100|[from] Grassy Terrain\n|-heal|p1a: Gholdengo|39\/100|[from] item: Leftovers\n|-heal|p2a: Toxapex|72\/100|[from] Grassy Terrain\n|-heal|p2a: Toxapex|78\/100|[from] item: Black Sludge\n|-damage|p1a: Gholdengo|27\/100|[from] move: Infestation|[partiallytrapped]\n|upkeep\n|turn|78\n|\n|t:|1700321741\n|switch|p2a: Garganacl|Garganacl, F, tera:Ghost|58\/100\n|move|p1a: Gholdengo|Shadow Ball|p2a: Garganacl\n|-supereffective|p2a: Garganacl\n|-crit|p2a: Garganacl\n|-damage|p2a: Garganacl|14\/100\n|\n|-heal|p1a: Gholdengo|33\/100|[from] Grassy Terrain\n|-heal|p1a: Gholdengo|39\/100|[from] item: Leftovers\n|-heal|p2a: Garganacl|20\/100|[from] Grassy Terrain\n|-heal|p2a: Garganacl|27\/100|[from] item: Leftovers\n|-end|p1a: Gholdengo|Infestation|[partiallytrapped]|[silent]\n|-fieldend|move: Grassy Terrain\n|upkeep\n|turn|79\n|\n|t:|1700321752\n|switch|p2a: Toxapex|Toxapex, M|100\/100\n|move|p1a: Gholdengo|Make It Rain|p2a: Toxapex\n|-resisted|p2a: Toxapex\n|-damage|p2a: Toxapex|76\/100\n|-unboost|p1a: Gholdengo|spa|1\n|\n|-heal|p1a: Gholdengo|45\/100|[from] item: Leftovers\n|-heal|p2a: Toxapex|82\/100|[from] item: Black Sludge\n|upkeep\n|turn|80\n|\n|t:|1700321763\n|switch|p1a: Rillaboom|Rillaboom, F|87\/100\n|-fieldstart|move: Grassy Terrain|[from] ability: Grassy Surge|[of] p1a: Rillaboom\n|move|p2a: Toxapex|Toxic|p1a: Rillaboom\n|-status|p1a: Rillaboom|tox\n|\n|-heal|p1a: Rillaboom|93\/100 tox|[from] Grassy Terrain\n|-heal|p2a: Toxapex|88\/100|[from] Grassy Terrain\n|-heal|p2a: Toxapex|94\/100|[from] item: Black Sludge\n|-damage|p1a: Rillaboom|87\/100 tox|[from] psn\n|upkeep\n|turn|81\n|\n|t:|1700321774\n|switch|p2a: Garganacl|Garganacl, F, tera:Ghost|27\/100\n|move|p1a: Rillaboom|U-turn|p2a: Garganacl\n|-resisted|p2a: Garganacl\n|-damage|p2a: Garganacl|18\/100\n|\n|t:|1700321783\n|switch|p1a: Sneasler|Sneasler, F|10\/100|[from] U-turn\n|\n|-heal|p1a: Sneasler|16\/100|[from] Grassy Terrain\n|-heal|p2a: Garganacl|24\/100|[from] Grassy Terrain\n|-heal|p2a: Garganacl|30\/100|[from] item: Leftovers\n|upkeep\n|turn|82\n|\n|t:|1700321790\n|move|p1a: Sneasler|Lash Out|p2a: Garganacl\n|-supereffective|p2a: Garganacl\n|-damage|p2a: Garganacl|0 fnt\n|faint|p2a: Garganacl\n|\n|-heal|p1a: Sneasler|22\/100|[from] Grassy Terrain\n|upkeep\n|\n|t:|1700321796\n|switch|p2a: Toxapex|Toxapex, M|100\/100\n|turn|83\n|\n|t:|1700321804\n|move|p1a: Sneasler|Dire Claw|p2a: Toxapex\n|-resisted|p2a: Toxapex\n|-damage|p2a: Toxapex|86\/100\n|move|p2a: Toxapex|Chilling Water|p1a: Sneasler\n|-damage|p1a: Sneasler|9\/100\n|-unboost|p1a: Sneasler|atk|1\n|\n|-heal|p1a: Sneasler|15\/100|[from] Grassy Terrain\n|-heal|p2a: Toxapex|92\/100|[from] Grassy Terrain\n|-heal|p2a: Toxapex|98\/100|[from] item: Black Sludge\n|upkeep\n|turn|84\n|\n|t:|1700321814\n|move|p1a: Sneasler|Dire Claw|p2a: Toxapex\n|-resisted|p2a: Toxapex\n|-damage|p2a: Toxapex|89\/100\n|move|p2a: Toxapex|Infestation|p1a: Sneasler\n|-resisted|p1a: Sneasler\n|-damage|p1a: Sneasler|14\/100\n|-activate|p1a: Sneasler|move: Infestation|[of] p2a: Toxapex\n|\n|-heal|p1a: Sneasler|20\/100|[from] Grassy Terrain\n|-heal|p2a: Toxapex|95\/100|[from] Grassy Terrain\n|-heal|p2a: Toxapex|100\/100|[from] item: Black Sludge\n|-damage|p1a: Sneasler|7\/100|[from] move: Infestation|[partiallytrapped]\n|upkeep\n|turn|85\n|\n|t:|1700321825\n|move|p1a: Sneasler|Dire Claw|p2a: Toxapex\n|-resisted|p2a: Toxapex\n|-damage|p2a: Toxapex|92\/100\n|move|p2a: Toxapex|Chilling Water|p1a: Sneasler\n|-damage|p1a: Sneasler|0 fnt\n|faint|p1a: Sneasler\n|\n|-heal|p2a: Toxapex|98\/100|[from] Grassy Terrain\n|-heal|p2a: Toxapex|100\/100|[from] item: Black Sludge\n|upkeep\n|\n|t:|1700321832\n|switch|p1a: Gholdengo|Gholdengo|45\/100\n|turn|86\n|\n|t:|1700321836\n|move|p1a: Gholdengo|Shadow Ball|p2a: Toxapex\n|-damage|p2a: Toxapex|66\/100\n|move|p2a: Toxapex|Infestation|p1a: Gholdengo\n|-resisted|p1a: Gholdengo\n|-damage|p1a: Gholdengo|45\/100\n|-activate|p1a: Gholdengo|move: Infestation|[of] p2a: Toxapex\n|\n|-heal|p1a: Gholdengo|51\/100|[from] Grassy Terrain\n|-heal|p1a: Gholdengo|57\/100|[from] item: Leftovers\n|-heal|p2a: Toxapex|72\/100|[from] Grassy Terrain\n|-heal|p2a: Toxapex|78\/100|[from] item: Black Sludge\n|-damage|p1a: Gholdengo|45\/100|[from] move: Infestation|[partiallytrapped]\n|upkeep\n|turn|87\n|\n|t:|1700321848\n|move|p1a: Gholdengo|Shadow Ball|p2a: Toxapex\n|-damage|p2a: Toxapex|39\/100\n|move|p2a: Toxapex|Recover|p2a: Toxapex\n|-heal|p2a: Toxapex|89\/100\n|\n|-heal|p1a: Gholdengo|51\/100|[from] Grassy Terrain\n|-heal|p1a: Gholdengo|57\/100|[from] item: Leftovers\n|-heal|p2a: Toxapex|95\/100|[from] Grassy Terrain\n|-heal|p2a: Toxapex|100\/100|[from] item: Black Sludge\n|-damage|p1a: Gholdengo|45\/100|[from] move: Infestation|[partiallytrapped]\n|-fieldend|move: Grassy Terrain\n|upkeep\n|turn|88\n|\n|t:|1700321860\n|switch|p1a: Rillaboom|Rillaboom, F|87\/100 tox\n|-fieldstart|move: Grassy Terrain|[from] ability: Grassy Surge|[of] p1a: Rillaboom\n|move|p2a: Toxapex|Infestation|p1a: Rillaboom\n|-supereffective|p1a: Rillaboom\n|-damage|p1a: Rillaboom|79\/100 tox\n|-activate|p1a: Rillaboom|move: Infestation|[of] p2a: Toxapex\n|\n|-heal|p1a: Rillaboom|86\/100 tox|[from] Grassy Terrain\n|-damage|p1a: Rillaboom|79\/100 tox|[from] psn\n|-damage|p1a: Rillaboom|67\/100 tox|[from] move: Infestation|[partiallytrapped]\n|upkeep\n|turn|89\n|\n|t:|1700321871\n|move|p1a: Rillaboom|U-turn|p2a: Toxapex\n|-resisted|p2a: Toxapex\n|-damage|p2a: Toxapex|93\/100\n|\n|t:|1700321875\n|switch|p1a: Gholdengo|Gholdengo|45\/100|[from] U-turn\n|move|p2a: Toxapex|Infestation|p1a: Gholdengo\n|-resisted|p1a: Gholdengo\n|-damage|p1a: Gholdengo|44\/100\n|-activate|p1a: Gholdengo|move: Infestation|[of] p2a: Toxapex\n|\n|-heal|p1a: Gholdengo|50\/100|[from] Grassy Terrain\n|-heal|p1a: Gholdengo|57\/100|[from] item: Leftovers\n|-heal|p2a: Toxapex|99\/100|[from] Grassy Terrain\n|-heal|p2a: Toxapex|100\/100|[from] item: Black Sludge\n|-damage|p1a: Gholdengo|44\/100|[from] move: Infestation|[partiallytrapped]\n|upkeep\n|turn|90\n|\n|t:|1700321899\n|move|p1a: Gholdengo|Focus Blast|p2a: Toxapex|[miss]\n|-miss|p1a: Gholdengo|p2a: Toxapex\n|move|p2a: Toxapex|Chilling Water|p1a: Gholdengo\n|-damage|p1a: Gholdengo|33\/100\n|-unboost|p1a: Gholdengo|atk|1\n|\n|-heal|p1a: Gholdengo|39\/100|[from] Grassy Terrain\n|-heal|p1a: Gholdengo|45\/100|[from] item: Leftovers\n|-damage|p1a: Gholdengo|33\/100|[from] move: Infestation|[partiallytrapped]\n|upkeep\n|turn|91\n|\n|t:|1700321909\n|move|p1a: Gholdengo|Shadow Ball|p2a: Toxapex\n|-damage|p2a: Toxapex|64\/100\n|move|p2a: Toxapex|Chilling Water|p1a: Gholdengo\n|-damage|p1a: Gholdengo|22\/100\n|-unboost|p1a: Gholdengo|atk|1\n|\n|-heal|p1a: Gholdengo|28\/100|[from] Grassy Terrain\n|-heal|p1a: Gholdengo|34\/100|[from] item: Leftovers\n|-heal|p2a: Toxapex|70\/100|[from] Grassy Terrain\n|-heal|p2a: Toxapex|76\/100|[from] item: Black Sludge\n|-damage|p1a: Gholdengo|22\/100|[from] move: Infestation|[partiallytrapped]\n|upkeep\n|turn|92\n|\n|t:|1700321921\n|move|p1a: Gholdengo|Shadow Ball|p2a: Toxapex\n|-damage|p2a: Toxapex|39\/100\n|move|p2a: Toxapex|Chilling Water|p1a: Gholdengo\n|-damage|p1a: Gholdengo|12\/100\n|-unboost|p1a: Gholdengo|atk|1\n|\n|-heal|p1a: Gholdengo|18\/100|[from] Grassy Terrain\n|-heal|p1a: Gholdengo|24\/100|[from] item: Leftovers\n|-heal|p2a: Toxapex|45\/100|[from] Grassy Terrain\n|-heal|p2a: Toxapex|51\/100|[from] item: Black Sludge\n|-damage|p1a: Gholdengo|12\/100|[from] move: Infestation|[partiallytrapped]\n|upkeep\n|turn|93\n|inactive|BurgerThing has 120 seconds left.\n|\n|t:|1700321937\n|switch|p1a: Dondozo|Dondozo, M, tera:Dragon|76\/100 slp\n|move|p2a: Toxapex|Recover|p2a: Toxapex\n|-heal|p2a: Toxapex|100\/100\n|\n|-heal|p1a: Dondozo|82\/100 slp|[from] Grassy Terrain\n|upkeep\n|turn|94\n|\n|t:|1700321944\n|move|p2a: Toxapex|Infestation|p1a: Dondozo\n|-damage|p1a: Dondozo|79\/100 slp\n|-activate|p1a: Dondozo|move: Infestation|[of] p2a: Toxapex\n|cant|p1a: Dondozo|slp\n|move|p1a: Dondozo|Sleep Talk|p1a: Dondozo\n|move|p1a: Dondozo|Rest||[from]move: Sleep Talk|[still]\n|-fail|p1a: Dondozo\n|\n|-heal|p1a: Dondozo|86\/100 slp|[from] Grassy Terrain\n|-damage|p1a: Dondozo|73\/100 slp|[from] move: Infestation|[partiallytrapped]\n|upkeep\n|turn|95\n|\n|t:|1700321953\n|move|p2a: Toxapex|Chilling Water|p1a: Dondozo\n|-resisted|p1a: Dondozo\n|-damage|p1a: Dondozo|68\/100 slp\n|-unboost|p1a: Dondozo|atk|1\n|-curestatus|p1a: Dondozo|slp|[msg]\n|move|p1a: Dondozo|Curse|p1a: Dondozo\n|-unboost|p1a: Dondozo|spe|1\n|-boost|p1a: Dondozo|atk|1\n|-boost|p1a: Dondozo|def|1\n|\n|-heal|p1a: Dondozo|74\/100|[from] Grassy Terrain\n|-damage|p1a: Dondozo|62\/100|[from] move: Infestation|[partiallytrapped]\n|-fieldend|move: Grassy Terrain\n|upkeep\n|turn|96\n|\n|t:|1700321964\n|move|p2a: Toxapex|Toxic|p1a: Dondozo\n|-status|p1a: Dondozo|tox\n|move|p1a: Dondozo|Curse|p1a: Dondozo\n|-unboost|p1a: Dondozo|spe|1\n|-boost|p1a: Dondozo|atk|1\n|-boost|p1a: Dondozo|def|1\n|\n|-damage|p1a: Dondozo|56\/100 tox|[from] psn\n|-damage|p1a: Dondozo|43\/100 tox|[from] move: Infestation|[partiallytrapped]\n|upkeep\n|turn|97\n|\n|t:|1700321973\n|move|p2a: Toxapex|Toxic|p1a: Dondozo\n|-fail|p1a: Dondozo|tox\n|move|p1a: Dondozo|Rest|p1a: Dondozo\n|-status|p1a: Dondozo|slp|[from] move: Rest\n|-heal|p1a: Dondozo|100\/100 slp|[silent]\n|\n|-damage|p1a: Dondozo|88\/100 slp|[from] move: Infestation|[partiallytrapped]\n|upkeep\n|turn|98\n|\n|t:|1700321980\n|move|p2a: Toxapex|Chilling Water|p1a: Dondozo\n|-resisted|p1a: Dondozo\n|-damage|p1a: Dondozo|83\/100 slp\n|-unboost|p1a: Dondozo|atk|1\n|cant|p1a: Dondozo|slp\n|move|p1a: Dondozo|Sleep Talk|p1a: Dondozo\n|move|p1a: Dondozo|Liquidation|p2a: Toxapex|[from]move: Sleep Talk\n|-resisted|p2a: Toxapex\n|-crit|p2a: Toxapex\n|-damage|p2a: Toxapex|89\/100\n|-unboost|p2a: Toxapex|def|1\n|\n|-heal|p2a: Toxapex|95\/100|[from] item: Black Sludge\n|-damage|p1a: Dondozo|71\/100 slp|[from] move: Infestation|[partiallytrapped]\n|upkeep\n|turn|99\n|\n|t:|1700321993\n|move|p2a: Toxapex|Chilling Water|p1a: Dondozo\n|-resisted|p1a: Dondozo\n|-damage|p1a: Dondozo|66\/100 slp\n|-unboost|p1a: Dondozo|atk|1\n|cant|p1a: Dondozo|slp\n|move|p1a: Dondozo|Sleep Talk|p1a: Dondozo\n|move|p1a: Dondozo|Curse|p1a: Dondozo|[from]move: Sleep Talk\n|-unboost|p1a: Dondozo|spe|1\n|-boost|p1a: Dondozo|atk|1\n|-boost|p1a: Dondozo|def|1\n|\n|-heal|p2a: Toxapex|100\/100|[from] item: Black Sludge\n|-end|p1a: Dondozo|Infestation|[partiallytrapped]\n|upkeep\n|turn|100\n|\n|t:|1700322005\n|move|p2a: Toxapex|Toxic||[still]\n|-fail|p2a: Toxapex\n|-curestatus|p1a: Dondozo|slp|[msg]\n|move|p1a: Dondozo|Liquidation|p2a: Toxapex\n|-resisted|p2a: Toxapex\n|-damage|p2a: Toxapex|92\/100\n|\n|-heal|p2a: Toxapex|98\/100|[from] item: Black Sludge\n|upkeep\n|turn|101\n|\n|t:|1700322023\n|move|p2a: Toxapex|Toxic|p1a: Dondozo\n|-status|p1a: Dondozo|tox\n|move|p1a: Dondozo|Curse|p1a: Dondozo\n|-unboost|p1a: Dondozo|spe|1\n|-boost|p1a: Dondozo|atk|1\n|-boost|p1a: Dondozo|def|1\n|\n|-heal|p2a: Toxapex|100\/100|[from] item: Black Sludge\n|-damage|p1a: Dondozo|60\/100 tox|[from] psn\n|upkeep\n|turn|102\n|\n|t:|1700322032\n|move|p2a: Toxapex|Chilling Water|p1a: Dondozo\n|-resisted|p1a: Dondozo\n|-damage|p1a: Dondozo|55\/100 tox\n|-unboost|p1a: Dondozo|atk|1\n|move|p1a: Dondozo|Liquidation|p2a: Toxapex\n|-resisted|p2a: Toxapex\n|-damage|p2a: Toxapex|93\/100\n|\n|-heal|p2a: Toxapex|99\/100|[from] item: Black Sludge\n|-damage|p1a: Dondozo|42\/100 tox|[from] psn\n|upkeep\n|turn|103\n|\n|t:|1700322042\n|move|p2a: Toxapex|Infestation|p1a: Dondozo\n|-damage|p1a: Dondozo|39\/100 tox\n|-activate|p1a: Dondozo|move: Infestation|[of] p2a: Toxapex\n|move|p1a: Dondozo|Rest|p1a: Dondozo\n|-status|p1a: Dondozo|slp|[from] move: Rest\n|-heal|p1a: Dondozo|100\/100 slp|[silent]\n|\n|-heal|p2a: Toxapex|100\/100|[from] item: Black Sludge\n|-damage|p1a: Dondozo|88\/100 slp|[from] move: Infestation|[partiallytrapped]\n|upkeep\n|turn|104\n|\n|t:|1700322051\n|move|p2a: Toxapex|Chilling Water|p1a: Dondozo\n|-resisted|p1a: Dondozo\n|-damage|p1a: Dondozo|83\/100 slp\n|-unboost|p1a: Dondozo|atk|1\n|cant|p1a: Dondozo|slp\n|move|p1a: Dondozo|Sleep Talk|p1a: Dondozo\n|move|p1a: Dondozo|Rest||[from]move: Sleep Talk|[still]\n|-fail|p1a: Dondozo\n|\n|-damage|p1a: Dondozo|71\/100 slp|[from] move: Infestation|[partiallytrapped]\n|upkeep\n|turn|105\n|\n|t:|1700322060\n|move|p2a: Toxapex|Chilling Water|p1a: Dondozo\n|-resisted|p1a: Dondozo\n|-damage|p1a: Dondozo|67\/100 slp\n|-unboost|p1a: Dondozo|atk|1\n|cant|p1a: Dondozo|slp\n|move|p1a: Dondozo|Sleep Talk|p1a: Dondozo\n|move|p1a: Dondozo|Curse|p1a: Dondozo|[from]move: Sleep Talk\n|-unboost|p1a: Dondozo|spe|1\n|-boost|p1a: Dondozo|atk|1\n|-boost|p1a: Dondozo|def|1\n|\n|-damage|p1a: Dondozo|54\/100 slp|[from] move: Infestation|[partiallytrapped]\n|upkeep\n|turn|106\n|\n|t:|1700322072\n|move|p2a: Toxapex|Infestation|p1a: Dondozo\n|-damage|p1a: Dondozo|51\/100 slp\n|-curestatus|p1a: Dondozo|slp|[msg]\n|move|p1a: Dondozo|Liquidation|p2a: Toxapex\n|-resisted|p2a: Toxapex\n|-damage|p2a: Toxapex|95\/100\n|\n|-heal|p2a: Toxapex|100\/100|[from] item: Black Sludge\n|-damage|p1a: Dondozo|39\/100|[from] move: Infestation|[partiallytrapped]\n|upkeep\n|turn|107\n|\n|t:|1700322081\n|move|p2a: Toxapex|Toxic|p1a: Dondozo\n|-status|p1a: Dondozo|tox\n|move|p1a: Dondozo|Rest|p1a: Dondozo\n|-status|p1a: Dondozo|slp|[from] move: Rest\n|-heal|p1a: Dondozo|100\/100 slp|[silent]\n|\n|-end|p1a: Dondozo|Infestation|[partiallytrapped]\n|upkeep\n|turn|108\n|\n|t:|1700322088\n|move|p2a: Toxapex|Infestation|p1a: Dondozo\n|-damage|p1a: Dondozo|98\/100 slp\n|-activate|p1a: Dondozo|move: Infestation|[of] p2a: Toxapex\n|cant|p1a: Dondozo|slp\n|move|p1a: Dondozo|Sleep Talk|p1a: Dondozo\n|move|p1a: Dondozo|Rest||[from]move: Sleep Talk|[still]\n|-fail|p1a: Dondozo\n|\n|-damage|p1a: Dondozo|85\/100 slp|[from] move: Infestation|[partiallytrapped]\n|upkeep\n|turn|109\n|\n|t:|1700322097\n|move|p2a: Toxapex|Chilling Water|p1a: Dondozo\n|-resisted|p1a: Dondozo\n|-damage|p1a: Dondozo|80\/100 slp\n|-unboost|p1a: Dondozo|atk|1\n|cant|p1a: Dondozo|slp\n|move|p1a: Dondozo|Sleep Talk|p1a: Dondozo\n|move|p1a: Dondozo|Liquidation|p2a: Toxapex|[from]move: Sleep Talk\n|-resisted|p2a: Toxapex\n|-damage|p2a: Toxapex|96\/100\n|\n|-heal|p2a: Toxapex|100\/100|[from] item: Black Sludge\n|-damage|p1a: Dondozo|68\/100 slp|[from] move: Infestation|[partiallytrapped]\n|upkeep\n|turn|110\n|inactive|BurgerThing has 90 seconds left.\n|\n|t:|1700322109\n|move|p2a: Toxapex|Infestation|p1a: Dondozo\n|-damage|p1a: Dondozo|65\/100 slp\n|-curestatus|p1a: Dondozo|slp|[msg]\n|move|p1a: Dondozo|Liquidation|p2a: Toxapex\n|-resisted|p2a: Toxapex\n|-damage|p2a: Toxapex|97\/100\n|\n|-heal|p2a: Toxapex|100\/100|[from] item: Black Sludge\n|-damage|p1a: Dondozo|53\/100|[from] move: Infestation|[partiallytrapped]\n|upkeep\n|turn|111\n|inactive|BurgerThing has 90 seconds left.\n|inactive|f776 has 120 seconds left.\n|\n|t:|1700322119\n|move|p2a: Toxapex|Toxic|p1a: Dondozo\n|-status|p1a: Dondozo|tox\n|move|p1a: Dondozo|Liquidation|p2a: Toxapex\n|-resisted|p2a: Toxapex\n|-damage|p2a: Toxapex|96\/100\n|\n|-heal|p2a: Toxapex|100\/100|[from] item: Black Sludge\n|-damage|p1a: Dondozo|46\/100 tox|[from] psn\n|-damage|p1a: Dondozo|34\/100 tox|[from] move: Infestation|[partiallytrapped]\n|upkeep\n|turn|112\n|inactive|BurgerThing has 90 seconds left.\n|\n|t:|1700322131\n|move|p2a: Toxapex|Toxic|p1a: Dondozo\n|-fail|p1a: Dondozo|tox\n|move|p1a: Dondozo|Rest|p1a: Dondozo\n|-status|p1a: Dondozo|slp|[from] move: Rest\n|-heal|p1a: Dondozo|100\/100 slp|[silent]\n|\n|-damage|p1a: Dondozo|88\/100 slp|[from] move: Infestation|[partiallytrapped]\n|upkeep\n|turn|113\n|\n|t:|1700322139\n|move|p2a: Toxapex|Infestation|p1a: Dondozo\n|-damage|p1a: Dondozo|86\/100 slp\n|cant|p1a: Dondozo|slp\n|move|p1a: Dondozo|Sleep Talk|p1a: Dondozo\n|move|p1a: Dondozo|Liquidation|p2a: Toxapex|[from]move: Sleep Talk\n|-resisted|p2a: Toxapex\n|-damage|p2a: Toxapex|97\/100\n|\n|-heal|p2a: Toxapex|100\/100|[from] item: Black Sludge\n|-end|p1a: Dondozo|Infestation|[partiallytrapped]\n|upkeep\n|turn|114\n|\n|t:|1700322148\n|move|p2a: Toxapex|Infestation|p1a: Dondozo\n|-damage|p1a: Dondozo|83\/100 slp\n|-activate|p1a: Dondozo|move: Infestation|[of] p2a: Toxapex\n|cant|p1a: Dondozo|slp\n|move|p1a: Dondozo|Sleep Talk|p1a: Dondozo\n|move|p1a: Dondozo|Rest||[from]move: Sleep Talk|[still]\n|-fail|p1a: Dondozo\n|\n|-damage|p1a: Dondozo|71\/100 slp|[from] move: Infestation|[partiallytrapped]\n|upkeep\n|turn|115\n|\n|t:|1700322157\n|move|p2a: Toxapex|Chilling Water|p1a: Dondozo\n|-resisted|p1a: Dondozo\n|-damage|p1a: Dondozo|65\/100 slp\n|-unboost|p1a: Dondozo|atk|1\n|-curestatus|p1a: Dondozo|slp|[msg]\n|move|p1a: Dondozo|Sleep Talk||[still]\n|-fail|p1a: Dondozo\n|\n|-damage|p1a: Dondozo|53\/100|[from] move: Infestation|[partiallytrapped]\n|upkeep\n|turn|116\n|\n|t:|1700322165\n|move|p2a: Toxapex|Toxic|p1a: Dondozo\n|-status|p1a: Dondozo|tox\n|move|p1a: Dondozo|Liquidation|p2a: Toxapex\n|-resisted|p2a: Toxapex\n|-damage|p2a: Toxapex|97\/100\n|\n|-heal|p2a: Toxapex|100\/100|[from] item: Black Sludge\n|-damage|p1a: Dondozo|47\/100 tox|[from] psn\n|-damage|p1a: Dondozo|34\/100 tox|[from] move: Infestation|[partiallytrapped]\n|upkeep\n|turn|117\n|\n|t:|1700322176\n|move|p2a: Toxapex|Infestation|p1a: Dondozo\n|-damage|p1a: Dondozo|32\/100 tox\n|move|p1a: Dondozo|Rest|p1a: Dondozo\n|-status|p1a: Dondozo|slp|[from] move: Rest\n|-heal|p1a: Dondozo|100\/100 slp|[silent]\n|\n|-damage|p1a: Dondozo|88\/100 slp|[from] move: Infestation|[partiallytrapped]\n|upkeep\n|turn|118\n|\n|t:|1700322184\n|move|p2a: Toxapex|Infestation|p1a: Dondozo\n|-damage|p1a: Dondozo|86\/100 slp\n|cant|p1a: Dondozo|slp\n|move|p1a: Dondozo|Sleep Talk|p1a: Dondozo\n|move|p1a: Dondozo|Rest||[from]move: Sleep Talk|[still]\n|-fail|p1a: Dondozo\n|\n|-damage|p1a: Dondozo|73\/100 slp|[from] move: Infestation|[partiallytrapped]\n|upkeep\n|turn|119\n|\n|t:|1700322193\n|move|p2a: Toxapex|Infestation|p1a: Dondozo\n|-damage|p1a: Dondozo|70\/100 slp\n|cant|p1a: Dondozo|slp\n|\n|-end|p1a: Dondozo|Infestation|[partiallytrapped]\n|upkeep\n|turn|120\n|\n|t:|1700322198\n|move|p2a: Toxapex|Infestation|p1a: Dondozo\n|-damage|p1a: Dondozo|67\/100 slp\n|-activate|p1a: Dondozo|move: Infestation|[of] p2a: Toxapex\n|-curestatus|p1a: Dondozo|slp|[msg]\n|move|p1a: Dondozo|Liquidation|p2a: Toxapex\n|-resisted|p2a: Toxapex\n|-damage|p2a: Toxapex|98\/100\n|-unboost|p2a: Toxapex|def|1\n|\n|-heal|p2a: Toxapex|100\/100|[from] item: Black Sludge\n|-damage|p1a: Dondozo|55\/100|[from] move: Infestation|[partiallytrapped]\n|upkeep\n|turn|121\n|\n|t:|1700322209\n|move|p2a: Toxapex|Toxic|p1a: Dondozo\n|-status|p1a: Dondozo|tox\n|move|p1a: Dondozo|Liquidation|p2a: Toxapex\n|-resisted|p2a: Toxapex\n|-damage|p2a: Toxapex|97\/100\n|\n|-heal|p2a: Toxapex|100\/100|[from] item: Black Sludge\n|-damage|p1a: Dondozo|49\/100 tox|[from] psn\n|-damage|p1a: Dondozo|36\/100 tox|[from] move: Infestation|[partiallytrapped]\n|upkeep\n|turn|122\n|\n|t:|1700322221\n|move|p2a: Toxapex|Toxic|p1a: Dondozo\n|-fail|p1a: Dondozo|tox\n|move|p1a: Dondozo|Liquidation|p2a: Toxapex\n|-resisted|p2a: Toxapex\n|-damage|p2a: Toxapex|97\/100\n|\n|-heal|p2a: Toxapex|100\/100|[from] item: Black Sludge\n|-damage|p1a: Dondozo|24\/100 tox|[from] psn\n|-damage|p1a: Dondozo|12\/100 tox|[from] move: Infestation|[partiallytrapped]\n|upkeep\n|turn|123\n|\n|t:|1700322230\n|move|p2a: Toxapex|Toxic|p1a: Dondozo\n|-fail|p1a: Dondozo|tox\n|move|p1a: Dondozo|Liquidation|p2a: Toxapex\n|-resisted|p2a: Toxapex\n|-crit|p2a: Toxapex\n|-damage|p2a: Toxapex|89\/100\n|\n|-heal|p2a: Toxapex|95\/100|[from] item: Black Sludge\n|-damage|p1a: Dondozo|0 fnt|[from] psn\n|faint|p1a: Dondozo\n|upkeep\n|\n|t:|1700322240\n|switch|p1a: Rillaboom|Rillaboom, F|67\/100 tox\n|-fieldstart|move: Grassy Terrain|[from] ability: Grassy Surge|[of] p1a: Rillaboom\n|turn|124\n|\n|t:|1700322246\n|move|p1a: Rillaboom|Grassy Glide|p2a: Toxapex\n|-damage|p2a: Toxapex|50\/100\n|move|p2a: Toxapex|Infestation|p1a: Rillaboom\n|-supereffective|p1a: Rillaboom\n|-damage|p1a: Rillaboom|60\/100 tox\n|-activate|p1a: Rillaboom|move: Infestation|[of] p2a: Toxapex\n|\n|-heal|p1a: Rillaboom|66\/100 tox|[from] Grassy Terrain\n|-heal|p2a: Toxapex|56\/100|[from] Grassy Terrain\n|-heal|p2a: Toxapex|62\/100|[from] item: Black Sludge\n|-damage|p1a: Rillaboom|60\/100 tox|[from] psn\n|-damage|p1a: Rillaboom|47\/100 tox|[from] move: Infestation|[partiallytrapped]\n|upkeep\n|turn|125\n|\n|t:|1700322259\n|move|p1a: Rillaboom|Grassy Glide|p2a: Toxapex\n|-damage|p2a: Toxapex|11\/100\n|move|p2a: Toxapex|Recover|p2a: Toxapex\n|-heal|p2a: Toxapex|61\/100\n|\n|-heal|p1a: Rillaboom|53\/100 tox|[from] Grassy Terrain\n|-heal|p2a: Toxapex|67\/100|[from] Grassy Terrain\n|-heal|p2a: Toxapex|73\/100|[from] item: Black Sludge\n|-damage|p1a: Rillaboom|41\/100 tox|[from] psn\n|-damage|p1a: Rillaboom|29\/100 tox|[from] move: Infestation|[partiallytrapped]\n|upkeep\n|turn|126\n|\n|t:|1700322270\n|move|p1a: Rillaboom|U-turn|p2a: Toxapex\n|-resisted|p2a: Toxapex\n|-crit|p2a: Toxapex\n|-damage|p2a: Toxapex|48\/100\n|\n|t:|1700322273\n|switch|p1a: Gholdengo|Gholdengo|12\/100|[from] U-turn\n|move|p2a: Toxapex|Chilling Water|p1a: Gholdengo\n|-damage|p1a: Gholdengo|0 fnt\n|faint|p1a: Gholdengo\n|\n|-heal|p2a: Toxapex|54\/100|[from] Grassy Terrain\n|-heal|p2a: Toxapex|60\/100|[from] item: Black Sludge\n|upkeep\n|\n|t:|1700322277\n|switch|p1a: Rillaboom|Rillaboom, F|29\/100 tox\n|turn|127\n|\n|t:|1700322285\n|move|p1a: Rillaboom|Grassy Glide|p2a: Toxapex\n|-damage|p2a: Toxapex|14\/100\n|move|p2a: Toxapex|Chilling Water|p1a: Rillaboom\n|-resisted|p1a: Rillaboom\n|-damage|p1a: Rillaboom|23\/100 tox\n|-unboost|p1a: Rillaboom|atk|1\n|\n|-heal|p1a: Rillaboom|29\/100 tox|[from] Grassy Terrain\n|-heal|p2a: Toxapex|20\/100|[from] Grassy Terrain\n|-heal|p2a: Toxapex|26\/100|[from] item: Black Sludge\n|-damage|p1a: Rillaboom|23\/100 tox|[from] psn\n|upkeep\n|turn|128\n|c|\u2606BurgerThing|gg\n|\n|t:|1700322296\n|move|p1a: Rillaboom|Grassy Glide|p2a: Toxapex\n|-damage|p2a: Toxapex|0 fnt\n|faint|p2a: Toxapex\n|\n|win|f776\n|raw|f776's rating: 1475 &rarr; <strong>1489<\/strong><br \/>(+14 for winning)\n|raw|BurgerThing's rating: 1369 &rarr; <strong>1355<\/strong><br \/>(-14 for losing)\n|c|\u2606f776|gg\n","uploadtime":1700322303,"views":10,"p1id":"f776","p2id":"burgerthing","formatid":"gen9ou","rating":1355,"private":0,"password":""}