{"id":"gen9ou-1991723852","p1":"liaoya","p2":"Joeventi","format":"[Gen 9] OU","log":"|j|\u2606liaoya\n|j|\u2606Joeventi\n|t:|1700107187\n|gametype|singles\n|player|p1|liaoya|petrel|1451\n|player|p2|Joeventi|iris-gen5bw2|1353\n|teamsize|p1|6\n|teamsize|p2|6\n|gen|9\n|tier|[Gen 9] OU\n|rated|\n|rule|Sleep Clause Mod: Limit one foe put to sleep\n|rule|Species Clause: Limit one of each Pok\u00e9mon\n|rule|OHKO Clause: OHKO moves are banned\n|rule|Evasion Items Clause: Evasion items are banned\n|rule|Evasion Moves Clause: Evasion moves are banned\n|rule|Endless Battle Clause: Forcing endless battles is banned\n|rule|HP Percentage Mod: HP is shown in percentages\n|clearpoke\n|poke|p1|Drifblim, M|\n|poke|p1|Garganacl, F|\n|poke|p1|Umbreon, F|\n|poke|p1|Rotom-Wash|\n|poke|p1|Glimmora, F|\n|poke|p1|Espeon, M|\n|poke|p2|Glimmora, F|\n|poke|p2|Gholdengo|\n|poke|p2|Clodsire, M|\n|poke|p2|Great Tusk|\n|poke|p2|Enamorus, F|\n|poke|p2|Kingambit, F|\n|teampreview\n|inactive|Battle timer is ON: inactive players will automatically lose when time's up. (requested by Joeventi)\n|\n|t:|1700107212\n|start\n|switch|p1a: Rotom|Rotom-Wash|100\/100\n|switch|p2a: Glimmora|Glimmora, F|100\/100\n|turn|1\n|\n|t:|1700107219\n|move|p1a: Rotom|Volt Switch|p2a: Glimmora\n|-damage|p2a: Glimmora|55\/100\n|\n|t:|1700107221\n|switch|p1a: Espeon|Espeon, M|100\/100|[from] Volt Switch\n|move|p2a: Glimmora|Stealth Rock|p1a: Espeon\n|move|p1a: Espeon|Stealth Rock|p2a: Glimmora|[from]ability: Magic Bounce\n|-sidestart|p2: Joeventi|move: Stealth Rock\n|\n|upkeep\n|turn|2\n|inactive|Joeventi has 120 seconds left.\n|\n|t:|1700107267\n|switch|p2a: ANYA|Kingambit, F|100\/100\n|-damage|p2a: ANYA|94\/100|[from] Stealth Rock\n|move|p1a: Espeon|Psyshock|p2a: ANYA\n|-immune|p2a: ANYA\n|\n|upkeep\n|turn|3\n|\n|t:|1700107282\n|switch|p1a: Rotom|Rotom-Wash|100\/100\n|-end|p2a: ANYA|fallenundefined|[silent]\n|switch|p2a: Enamorus|Enamorus, F|100\/100\n|-damage|p2a: Enamorus|76\/100|[from] Stealth Rock\n|\n|upkeep\n|turn|4\n|\n|t:|1700107292\n|switch|p2a: Clodsire|Clodsire, M|100\/100\n|-damage|p2a: Clodsire|94\/100|[from] Stealth Rock\n|move|p1a: Rotom|Volt Switch|p2a: Clodsire\n|-immune|p2a: Clodsire\n|\n|-heal|p2a: Clodsire|100\/100|[from] item: Leftovers\n|upkeep\n|turn|5\n|inactive|Joeventi has 120 seconds left.\n|\n|t:|1700107297\n|switch|p1a: Espeon|Espeon, M|100\/100\n|move|p2a: Clodsire|Earthquake|p1a: Espeon\n|-damage|p1a: Espeon|67\/100\n|\n|upkeep\n|turn|6\n|\n|t:|1700107302\n|switch|p2a: ANYA|Kingambit, F|94\/100\n|-damage|p2a: ANYA|88\/100|[from] Stealth Rock\n|move|p1a: Espeon|Trick|p2a: ANYA\n|-activate|p1a: Espeon|move: Trick|[of] p2a: ANYA\n|-item|p2a: ANYA|Choice Scarf|[from] move: Trick\n|-item|p1a: Espeon|Black Glasses|[from] move: Trick\n|\n|upkeep\n|turn|7\n|\n|t:|1700107310\n|move|p1a: Espeon|Detect|p1a: Espeon\n|-singleturn|p1a: Espeon|Protect\n|move|p2a: ANYA|Kowtow Cleave|p1a: Espeon\n|-activate|p1a: Espeon|move: Protect\n|\n|upkeep\n|turn|8\n|\n|t:|1700107318\n|-end|p2a: ANYA|fallenundefined|[silent]\n|switch|p2a: Enamorus|Enamorus, F|76\/100\n|-damage|p2a: Enamorus|51\/100|[from] Stealth Rock\n|switch|p1a: Umbreon|Umbreon, F, shiny|100\/100\n|\n|upkeep\n|turn|9\n|\n|t:|1700107326\n|move|p1a: Umbreon|Protect|p1a: Umbreon\n|-singleturn|p1a: Umbreon|Protect\n|move|p2a: Enamorus|Moonblast|p1a: Umbreon\n|-activate|p1a: Umbreon|move: Protect\n|\n|upkeep\n|turn|10\n|\n|t:|1700107335\n|switch|p1a: Glimmora|Glimmora, F|100\/100\n|move|p2a: Enamorus|Moonblast|p1a: Glimmora\n|-resisted|p1a: Glimmora\n|-damage|p1a: Glimmora|61\/100\n|\n|upkeep\n|turn|11\n|\n|t:|1700107340\n|switch|p1a: Rotom|Rotom-Wash|100\/100\n|move|p2a: Enamorus|Moonblast|p1a: Rotom\n|-damage|p1a: Rotom|17\/100\n|\n|upkeep\n|turn|12\n|\n|t:|1700107344\n|move|p1a: Rotom|Volt Switch|p2a: Enamorus\n|-supereffective|p2a: Enamorus\n|-crit|p2a: Enamorus\n|-damage|p2a: Enamorus|0 fnt\n|faint|p2a: Enamorus\n|\n|t:|1700107351\n|switch|p1a: Drifblim|Drifblim, M|100\/100|[from] Volt Switch\n|\n|upkeep\n|\n|t:|1700107368\n|switch|p2a: Glimmora|Glimmora, F|55\/100\n|-damage|p2a: Glimmora|43\/100|[from] Stealth Rock\n|turn|13\n|\n|t:|1700107390\n|switch|p1a: Espeon|Espeon, M|67\/100\n|move|p2a: Glimmora|Mortal Spin|p1a: Espeon\n|-damage|p1a: Espeon|59\/100\n|-status|p1a: Espeon|psn\n|-sideend|p2: Joeventi|Stealth Rock|[from] move: Mortal Spin|[of] p2a: Glimmora\n|\n|-damage|p1a: Espeon|47\/100 psn|[from] psn\n|upkeep\n|turn|14\n|\n|t:|1700107399\n|switch|p2a: ANYA|Kingambit, F|88\/100\n|-activate|p2a: ANYA|ability: Supreme Overlord\n|-start|p2a: ANYA|fallen1|[silent]\n|move|p1a: Espeon|Psyshock|p2a: ANYA\n|-immune|p2a: ANYA\n|\n|-damage|p1a: Espeon|34\/100 psn|[from] psn\n|upkeep\n|turn|15\n|\n|t:|1700107408\n|switch|p1a: Umbreon|Umbreon, F, shiny|100\/100\n|move|p2a: ANYA|Kowtow Cleave|p1a: Umbreon\n|-resisted|p1a: Umbreon\n|-damage|p1a: Umbreon|85\/100\n|\n|-heal|p1a: Umbreon|91\/100|[from] item: Leftovers\n|upkeep\n|turn|16\n|\n|t:|1700107416\n|-end|p2a: ANYA|fallen1|[silent]\n|switch|p2a: Glimmora|Glimmora, F|43\/100\n|move|p1a: Umbreon|Wish|p1a: Umbreon\n|\n|-heal|p1a: Umbreon|97\/100|[from] item: Leftovers\n|upkeep\n|turn|17\n|\n|t:|1700107422\n|switch|p1a: Espeon|Espeon, M|34\/100 psn\n|move|p2a: Glimmora|Earth Power|p1a: Espeon\n|-damage|p1a: Espeon|6\/100 psn\n|\n|-heal|p1a: Espeon|65\/100 psn|[from] move: Wish|[wisher] Umbreon\n|-damage|p1a: Espeon|52\/100 psn|[from] psn\n|upkeep\n|turn|18\n|\n|t:|1700107431\n|switch|p2a: ANYA|Kingambit, F|88\/100\n|-activate|p2a: ANYA|ability: Supreme Overlord\n|-start|p2a: ANYA|fallen1|[silent]\n|switch|p1a: Rotom|Rotom-Wash|17\/100\n|\n|upkeep\n|turn|19\n|\n|t:|1700107442\n|move|p2a: ANYA|Sucker Punch||[still]\n|-fail|p2a: ANYA\n|move|p1a: Rotom|Will-O-Wisp|p2a: ANYA\n|-status|p2a: ANYA|brn\n|\n|-damage|p2a: ANYA|82\/100 brn|[from] brn\n|upkeep\n|turn|20\n|\n|t:|1700107458\n|switch|p1a: Umbreon|Umbreon, F, shiny|97\/100\n|-end|p2a: ANYA|fallen1|[silent]\n|switch|p2a: Glimmora|Glimmora, F|43\/100\n|\n|-heal|p1a: Umbreon|100\/100|[from] item: Leftovers\n|upkeep\n|turn|21\n|\n|t:|1700107464\n|switch|p1a: Espeon|Espeon, M|52\/100 psn\n|move|p2a: Glimmora|Stealth Rock|p1a: Espeon\n|move|p1a: Espeon|Stealth Rock|p2a: Glimmora|[from]ability: Magic Bounce\n|-sidestart|p2: Joeventi|move: Stealth Rock\n|\n|-damage|p1a: Espeon|40\/100 psn|[from] psn\n|upkeep\n|turn|22\n|\n|t:|1700107473\n|move|p2a: Glimmora|Mortal Spin|p1a: Espeon\n|-damage|p1a: Espeon|32\/100 psn\n|-sideend|p2: Joeventi|Stealth Rock|[from] move: Mortal Spin|[of] p2a: Glimmora\n|move|p1a: Espeon|Psyshock|p2a: Glimmora\n|-supereffective|p2a: Glimmora\n|-damage|p2a: Glimmora|0 fnt\n|faint|p2a: Glimmora\n|\n|-damage|p1a: Espeon|19\/100 psn|[from] psn\n|upkeep\n|inactive|Joeventi has 120 seconds left.\n|\n|t:|1700107505\n|switch|p2a: Great Tusk|Great Tusk|100\/100\n|-enditem|p2a: Great Tusk|Booster Energy\n|-activate|p2a: Great Tusk|ability: Protosynthesis|[fromitem]\n|-start|p2a: Great Tusk|protosynthesisspe\n|turn|23\n|\n|t:|1700107510\n|move|p2a: Great Tusk|Bulk Up|p2a: Great Tusk\n|-boost|p2a: Great Tusk|atk|1\n|-boost|p2a: Great Tusk|def|1\n|move|p1a: Espeon|Psyshock|p2a: Great Tusk\n|-supereffective|p2a: Great Tusk\n|-damage|p2a: Great Tusk|71\/100\n|\n|-damage|p1a: Espeon|7\/100 psn|[from] psn\n|upkeep\n|turn|24\n|\n|t:|1700107515\n|move|p2a: Great Tusk|Bulk Up|p2a: Great Tusk\n|-boost|p2a: Great Tusk|atk|1\n|-boost|p2a: Great Tusk|def|1\n|move|p1a: Espeon|Dazzling Gleam|p2a: Great Tusk\n|-supereffective|p2a: Great Tusk\n|-damage|p2a: Great Tusk|12\/100\n|\n|-damage|p1a: Espeon|0 fnt|[from] psn\n|faint|p1a: Espeon\n|upkeep\n|\n|t:|1700107538\n|switch|p1a: Garganacl|Garganacl, F, shiny|100\/100\n|turn|25\n|\n|t:|1700107542\n|-terastallize|p1a: Garganacl|Ghost\n|move|p2a: Great Tusk|Headlong Rush|p1a: Garganacl\n|-damage|p1a: Garganacl|26\/100\n|-unboost|p2a: Great Tusk|def|1\n|-unboost|p2a: Great Tusk|spd|1\n|move|p1a: Garganacl|Salt Cure|p2a: Great Tusk\n|-resisted|p2a: Great Tusk\n|-damage|p2a: Great Tusk|11\/100\n|-start|p2a: Great Tusk|Salt Cure\n|\n|-heal|p1a: Garganacl|32\/100|[from] item: Leftovers\n|-damage|p2a: Great Tusk|0 fnt|[from] Salt Cure\n|faint|p2a: Great Tusk\n|-end|p2a: Great Tusk|Protosynthesis|[silent]\n|upkeep\n|\n|t:|1700107553\n|switch|p2a: ANYA|Kingambit, F|82\/100 brn\n|-activate|p2a: ANYA|ability: Supreme Overlord\n|-start|p2a: ANYA|fallen3|[silent]\n|turn|26\n|\n|t:|1700107557\n|switch|p1a: Umbreon|Umbreon, F, shiny|100\/100\n|move|p2a: ANYA|Kowtow Cleave|p1a: Umbreon\n|-resisted|p1a: Umbreon\n|-damage|p1a: Umbreon|90\/100\n|\n|-heal|p1a: Umbreon|96\/100|[from] item: Leftovers\n|-damage|p2a: ANYA|76\/100 brn|[from] brn\n|upkeep\n|turn|27\n|\n|t:|1700107561\n|-end|p2a: ANYA|fallen3|[silent]\n|switch|p2a: Clodsire|Clodsire, M|100\/100\n|move|p1a: Umbreon|Wish|p1a: Umbreon\n|\n|-heal|p1a: Umbreon|100\/100|[from] item: Leftovers\n|upkeep\n|turn|28\n|\n|t:|1700107568\n|switch|p1a: Rotom|Rotom-Wash|17\/100\n|move|p2a: Clodsire|Spikes|p1a: Rotom\n|-sidestart|p1: liaoya|Spikes\n|\n|-heal|p1a: Rotom|82\/100|[from] move: Wish|[wisher] Umbreon\n|upkeep\n|turn|29\n|\n|t:|1700107572\n|move|p1a: Rotom|Trick|p2a: Clodsire\n|-activate|p1a: Rotom|move: Trick|[of] p2a: Clodsire\n|-item|p2a: Clodsire|Choice Scarf|[from] move: Trick\n|-item|p1a: Rotom|Leftovers|[from] move: Trick\n|move|p2a: Clodsire|Spikes|p1a: Rotom\n|-sidestart|p1: liaoya|Spikes\n|\n|-heal|p1a: Rotom|88\/100|[from] item: Leftovers\n|upkeep\n|turn|30\n|\n|t:|1700107582\n|move|p1a: Rotom|Will-O-Wisp|p2a: Clodsire\n|-status|p2a: Clodsire|brn\n|move|p2a: Clodsire|Spikes|p1a: Rotom\n|-sidestart|p1: liaoya|Spikes\n|\n|-heal|p1a: Rotom|95\/100|[from] item: Leftovers\n|-damage|p2a: Clodsire|94\/100 brn|[from] brn\n|upkeep\n|turn|31\n|\n|t:|1700107594\n|switch|p2a: ANYA|Kingambit, F|76\/100 brn\n|-activate|p2a: ANYA|ability: Supreme Overlord\n|-start|p2a: ANYA|fallen3|[silent]\n|move|p1a: Rotom|Will-O-Wisp|p2a: ANYA|[miss]\n|-miss|p1a: Rotom|p2a: ANYA\n|\n|-heal|p1a: Rotom|100\/100|[from] item: Leftovers\n|-damage|p2a: ANYA|69\/100 brn|[from] brn\n|upkeep\n|turn|32\n|\n|t:|1700107601\n|move|p2a: ANYA|Kowtow Cleave|p1a: Rotom\n|-damage|p1a: Rotom|67\/100\n|move|p1a: Rotom|Hydro Pump|p2a: ANYA\n|-damage|p2a: ANYA|21\/100 brn\n|\n|-heal|p1a: Rotom|73\/100|[from] item: Leftovers\n|-damage|p2a: ANYA|15\/100 brn|[from] brn\n|upkeep\n|turn|33\n|\n|t:|1700107604\n|move|p2a: ANYA|Kowtow Cleave|p1a: Rotom\n|-damage|p1a: Rotom|43\/100\n|move|p1a: Rotom|Hydro Pump|p2a: ANYA|[miss]\n|-miss|p1a: Rotom|p2a: ANYA\n|\n|-heal|p1a: Rotom|49\/100|[from] item: Leftovers\n|-damage|p2a: ANYA|9\/100 brn|[from] brn\n|upkeep\n|turn|34\n|\n|t:|1700107607\n|move|p2a: ANYA|Kowtow Cleave|p1a: Rotom\n|-damage|p1a: Rotom|18\/100\n|move|p1a: Rotom|Hydro Pump|p2a: ANYA\n|-damage|p2a: ANYA|0 fnt\n|faint|p2a: ANYA\n|-end|p2a: ANYA|fallen3|[silent]\n|\n|-heal|p1a: Rotom|24\/100|[from] item: Leftovers\n|upkeep\n|\n|t:|1700107609\n|switch|p2a: Gholdengo|Gholdengo|100\/100\n|-item|p2a: Gholdengo|Air Balloon\n|turn|35\n|\n|t:|1700107612\n|move|p1a: Rotom|Hydro Pump|p2a: Gholdengo\n|-damage|p2a: Gholdengo|55\/100\n|-enditem|p2a: Gholdengo|Air Balloon\n|move|p2a: Gholdengo|Nasty Plot|p2a: Gholdengo\n|-boost|p2a: Gholdengo|spa|2\n|\n|-heal|p1a: Rotom|30\/100|[from] item: Leftovers\n|upkeep\n|turn|36\n|\n|t:|1700107617\n|move|p1a: Rotom|Hydro Pump|p2a: Gholdengo\n|-crit|p2a: Gholdengo\n|-damage|p2a: Gholdengo|0 fnt\n|faint|p2a: Gholdengo\n|\n|-heal|p1a: Rotom|36\/100|[from] item: Leftovers\n|upkeep\n|-message|Joeventi forfeited.\n|\n|win|liaoya\n|raw|liaoya's rating: 1451 &rarr; <strong>1466<\/strong><br \/>(+15 for winning)\n|raw|Joeventi's rating: 1353 &rarr; <strong>1338<\/strong><br \/>(-15 for losing)\n","uploadtime":1700107627,"views":7,"p1id":"liaoya","p2id":"joeventi","formatid":"gen9ou","rating":1338,"private":0,"password":""}