{"id":"gen9ou-1992509266","p1":"Speectrum","p2":"stallinho","format":"[Gen 9] OU","log":"|j|\u2606Speectrum\n|j|\u2606stallinho\n|t:|1700196966\n|gametype|singles\n|player|p1|Speectrum|bellelba|1609\n|player|p2|stallinho|marshal|1566\n|teamsize|p1|6\n|teamsize|p2|6\n|gen|9\n|tier|[Gen 9] OU\n|rated|\n|rule|Sleep Clause Mod: Limit one foe put to sleep\n|rule|Species Clause: Limit one of each Pok\u00e9mon\n|rule|OHKO Clause: OHKO moves are banned\n|rule|Evasion Items Clause: Evasion items are banned\n|rule|Evasion Moves Clause: Evasion moves are banned\n|rule|Endless Battle Clause: Forcing endless battles is banned\n|rule|HP Percentage Mod: HP is shown in percentages\n|clearpoke\n|poke|p1|Tatsugiri-Droopy, F|\n|poke|p1|Alomomola, F|\n|poke|p1|Iron Valiant|\n|poke|p1|Landorus-Therian, M|\n|poke|p1|Dragapult, F|\n|poke|p1|Slowking-Galar, M|\n|poke|p2|Torkoal, F|\n|poke|p2|Walking Wake|\n|poke|p2|Great Tusk|\n|poke|p2|Lilligant-Hisui, F|\n|poke|p2|Iron Moth|\n|poke|p2|Skeledirge, F|\n|teampreview\n|inactive|Battle timer is ON: inactive players will automatically lose when time's up. (requested by stallinho)\n|\n|t:|1700196975\n|start\n|switch|p1a: Dragapult|Dragapult, F|100\/100\n|switch|p2a: Torkoal|Torkoal, F|100\/100\n|-weather|SunnyDay|[from] ability: Drought|[of] p2a: Torkoal\n|turn|1\n|\n|t:|1700196982\n|move|p1a: Dragapult|Thunder Wave|p2a: Torkoal\n|-status|p2a: Torkoal|par\n|move|p2a: Torkoal|Stealth Rock|p1a: Dragapult\n|-sidestart|p1: Speectrum|move: Stealth Rock\n|\n|-weather|SunnyDay|[upkeep]\n|upkeep\n|turn|2\n|\n|t:|1700196988\n|switch|p2a: Lilligant|Lilligant-Hisui, F|100\/100\n|move|p1a: Dragapult|Hex|p2a: Lilligant\n|-crit|p2a: Lilligant\n|-damage|p2a: Lilligant|40\/100\n|\n|-weather|SunnyDay|[upkeep]\n|upkeep\n|turn|3\n|\n|t:|1700196994\n|move|p2a: Lilligant|Ice Spinner|p1a: Dragapult\n|-supereffective|p1a: Dragapult\n|-damage|p1a: Dragapult|20\/100\n|-damage|p2a: Lilligant|30\/100|[from] item: Life Orb\n|move|p1a: Dragapult|Hex|p2a: Lilligant\n|-damage|p2a: Lilligant|0 fnt\n|faint|p2a: Lilligant\n|\n|-weather|SunnyDay|[upkeep]\n|-heal|p1a: Dragapult|26\/100|[from] item: Leftovers\n|upkeep\n|\n|t:|1700197004\n|switch|p2a: Great Tusk|Great Tusk|100\/100\n|-activate|p2a: Great Tusk|ability: Protosynthesis\n|-start|p2a: Great Tusk|protosynthesisatk\n|turn|4\n|\n|t:|1700197009\n|move|p1a: Dragapult|U-turn|p2a: Great Tusk\n|-resisted|p2a: Great Tusk\n|-damage|p2a: Great Tusk|95\/100\n|\n|t:|1700197014\n|switch|p1a: Alomomola|Alomomola, F|100\/100|[from] U-turn\n|-damage|p1a: Alomomola|88\/100|[from] Stealth Rock\n|move|p2a: Great Tusk|Knock Off|p1a: Alomomola\n|-damage|p1a: Alomomola|62\/100\n|-enditem|p1a: Alomomola|Red Card|[from] move: Knock Off|[of] p2a: Great Tusk\n|\n|-weather|SunnyDay|[upkeep]\n|-heal|p2a: Great Tusk|100\/100|[from] item: Leftovers\n|upkeep\n|turn|5\n|\n|t:|1700197023\n|move|p2a: Great Tusk|Close Combat|p1a: Alomomola\n|-damage|p1a: Alomomola|19\/100\n|-unboost|p2a: Great Tusk|def|1\n|-unboost|p2a: Great Tusk|spd|1\n|move|p1a: Alomomola|Wish|p1a: Alomomola\n|\n|-weather|SunnyDay|[upkeep]\n|upkeep\n|turn|6\n|\n|t:|1700197030\n|-end|p2a: Great Tusk|Protosynthesis|[silent]\n|switch|p2a: Walking Wake|Walking Wake|100\/100\n|-activate|p2a: Walking Wake|ability: Protosynthesis\n|-start|p2a: Walking Wake|protosynthesisspa\n|switch|p1a: Landorus|Landorus-Therian, M|100\/100\n|-damage|p1a: Landorus|88\/100|[from] Stealth Rock\n|-ability|p1a: Landorus|Intimidate|boost\n|-unboost|p2a: Walking Wake|atk|1\n|\n|-weather|SunnyDay|[upkeep]\n|-heal|p1a: Landorus|100\/100|[from] move: Wish|[wisher] Alomomola\n|upkeep\n|turn|7\n|\n|t:|1700197042\n|switch|p1a: Tatsugiri|Tatsugiri-Droopy, F|100\/100\n|move|p2a: Walking Wake|Hydro Steam|p1a: Tatsugiri\n|-ability|p1a: Tatsugiri|Storm Drain|boost\n|-boost|p1a: Tatsugiri|spa|1\n|\n|-weather|SunnyDay|[upkeep]\n|upkeep\n|turn|8\n|\n|t:|1700197053\n|-end|p2a: Walking Wake|Protosynthesis|[silent]\n|switch|p2a: Skeledirge|Skeledirge, F, shiny|100\/100\n|-terastallize|p1a: Tatsugiri|Fairy\n|move|p1a: Tatsugiri|Rapid Spin|p2a: Skeledirge\n|-immune|p2a: Skeledirge\n|\n|-weather|none\n|upkeep\n|turn|9\n|\n|t:|1700197060\n|move|p1a: Tatsugiri|Surf|p2a: Skeledirge\n|-supereffective|p2a: Skeledirge\n|-damage|p2a: Skeledirge|44\/100\n|move|p2a: Skeledirge|Torch Song|p1a: Tatsugiri\n|-damage|p1a: Tatsugiri|66\/100\n|-boost|p2a: Skeledirge|spa|1\n|\n|-heal|p2a: Skeledirge|50\/100|[from] item: Leftovers\n|upkeep\n|turn|10\n|\n|t:|1700197072\n|switch|p2a: Torkoal|Torkoal, F|100\/100 par\n|-weather|SunnyDay|[from] ability: Drought|[of] p2a: Torkoal\n|move|p1a: Tatsugiri|Rapid Spin|p2a: Torkoal\n|-damage|p2a: Torkoal|96\/100 par\n|-boost|p1a: Tatsugiri|spe|1\n|-sideend|p1: Speectrum|Stealth Rock|[from] move: Rapid Spin|[of] p1a: Tatsugiri\n|\n|-weather|SunnyDay|[upkeep]\n|upkeep\n|turn|11\n|\n|t:|1700197081\n|move|p1a: Tatsugiri|Nasty Plot|p1a: Tatsugiri\n|-boost|p1a: Tatsugiri|spa|2\n|cant|p2a: Torkoal|par\n|\n|-weather|SunnyDay|[upkeep]\n|upkeep\n|turn|12\n|\n|t:|1700197086\n|move|p1a: Tatsugiri|Surf|p2a: Torkoal\n|-supereffective|p2a: Torkoal\n|-damage|p2a: Torkoal|5\/100 par\n|move|p2a: Torkoal|Clear Smog|p1a: Tatsugiri\n|-supereffective|p1a: Tatsugiri\n|-damage|p1a: Tatsugiri|42\/100\n|-clearboost|p1a: Tatsugiri\n|\n|-weather|SunnyDay|[upkeep]\n|upkeep\n|turn|13\n|\n|t:|1700197100\n|switch|p2a: Skeledirge|Skeledirge, F, shiny|50\/100\n|move|p1a: Tatsugiri|Rapid Spin|p2a: Skeledirge\n|-immune|p2a: Skeledirge\n|\n|-weather|SunnyDay|[upkeep]\n|-heal|p2a: Skeledirge|56\/100|[from] item: Leftovers\n|upkeep\n|turn|14\n|\n|t:|1700197107\n|switch|p1a: Landorus|Landorus-Therian, M|100\/100\n|-ability|p1a: Landorus|Intimidate|boost\n|-unboost|p2a: Skeledirge|atk|1\n|move|p2a: Skeledirge|Torch Song|p1a: Landorus\n|-damage|p1a: Landorus|40\/100\n|-boost|p2a: Skeledirge|spa|1\n|\n|-weather|SunnyDay|[upkeep]\n|-heal|p1a: Landorus|47\/100|[from] item: Leftovers\n|-heal|p2a: Skeledirge|62\/100|[from] item: Leftovers\n|upkeep\n|turn|15\n|\n|t:|1700197119\n|switch|p2a: Great Tusk|Great Tusk|100\/100\n|-activate|p2a: Great Tusk|ability: Protosynthesis\n|-start|p2a: Great Tusk|protosynthesisatk\n|move|p1a: Landorus|Stealth Rock|p2a: Great Tusk\n|-sidestart|p2: stallinho|move: Stealth Rock\n|\n|-weather|SunnyDay|[upkeep]\n|-heal|p1a: Landorus|53\/100|[from] item: Leftovers\n|upkeep\n|turn|16\n|\n|t:|1700197139\n|switch|p1a: Dragapult|Dragapult, F|26\/100\n|move|p2a: Great Tusk|Knock Off|p1a: Dragapult\n|-supereffective|p1a: Dragapult\n|-damage|p1a: Dragapult|0 fnt\n|-enditem|p1a: Dragapult|Leftovers|[from] move: Knock Off|[of] p2a: Great Tusk\n|faint|p1a: Dragapult\n|\n|-weather|SunnyDay|[upkeep]\n|upkeep\n|\n|t:|1700197145\n|switch|p1a: Iron Valiant|Iron Valiant|100\/100\n|-enditem|p1a: Iron Valiant|Booster Energy\n|-activate|p1a: Iron Valiant|ability: Quark Drive|[fromitem]\n|-start|p1a: Iron Valiant|quarkdrivespe\n|turn|17\n|\n|t:|1700197152\n|-end|p2a: Great Tusk|Protosynthesis|[silent]\n|switch|p2a: Skeledirge|Skeledirge, F, shiny|62\/100\n|-damage|p2a: Skeledirge|37\/100|[from] Stealth Rock\n|move|p1a: Iron Valiant|Swords Dance|p1a: Iron Valiant\n|-boost|p1a: Iron Valiant|atk|2\n|\n|-weather|none\n|-heal|p2a: Skeledirge|43\/100|[from] item: Leftovers\n|upkeep\n|turn|18\n|\n|t:|1700197161\n|move|p1a: Iron Valiant|Knock Off|p2a: Skeledirge\n|-supereffective|p2a: Skeledirge\n|-damage|p2a: Skeledirge|0 fnt\n|-enditem|p2a: Skeledirge|Leftovers|[from] move: Knock Off|[of] p1a: Iron Valiant\n|faint|p2a: Skeledirge\n|\n|upkeep\n|\n|t:|1700197177\n|switch|p2a: Great Tusk|Great Tusk|100\/100\n|-damage|p2a: Great Tusk|98\/100|[from] Stealth Rock\n|turn|19\n|\n|t:|1700197182\n|-terastallize|p2a: Great Tusk|Ground\n|move|p1a: Iron Valiant|Ice Punch|p2a: Great Tusk\n|-supereffective|p2a: Great Tusk\n|-damage|p2a: Great Tusk|15\/100\n|move|p2a: Great Tusk|Rapid Spin|p1a: Iron Valiant\n|-damage|p1a: Iron Valiant|78\/100\n|-boost|p2a: Great Tusk|spe|1\n|-sideend|p2: stallinho|Stealth Rock|[from] move: Rapid Spin|[of] p2a: Great Tusk\n|\n|-heal|p2a: Great Tusk|21\/100|[from] item: Leftovers\n|upkeep\n|turn|20\n|\n|t:|1700197194\n|move|p1a: Iron Valiant|Ice Punch|p2a: Great Tusk\n|-supereffective|p2a: Great Tusk\n|-damage|p2a: Great Tusk|0 fnt\n|faint|p2a: Great Tusk\n|-end|p2a: Great Tusk|Protosynthesis|[silent]\n|\n|upkeep\n|\n|t:|1700197200\n|switch|p2a: Torkoal|Torkoal, F|5\/100 par\n|-weather|SunnyDay|[from] ability: Drought|[of] p2a: Torkoal\n|turn|21\n|\n|t:|1700197205\n|move|p1a: Iron Valiant|Knock Off|p2a: Torkoal\n|-damage|p2a: Torkoal|0 fnt\n|-enditem|p2a: Torkoal|Heat Rock|[from] move: Knock Off|[of] p1a: Iron Valiant\n|faint|p2a: Torkoal\n|\n|-weather|SunnyDay|[upkeep]\n|upkeep\n|\n|t:|1700197211\n|switch|p2a: Iron Moth|Iron Moth|100\/100\n|turn|22\n|\n|t:|1700197217\n|move|p1a: Iron Valiant|Close Combat|p2a: Iron Moth\n|-resisted|p2a: Iron Moth\n|-damage|p2a: Iron Moth|0 fnt\n|-unboost|p1a: Iron Valiant|def|1\n|-unboost|p1a: Iron Valiant|spd|1\n|faint|p2a: Iron Moth\n|-end|p2a: Iron Moth|Quark Drive|[silent]\n|\n|-weather|SunnyDay|[upkeep]\n|upkeep\n|c|\u2606Speectrum|gg\n|-message|stallinho forfeited.\n|\n|win|Speectrum\n|raw|Speectrum's rating: 1609 &rarr; <strong>1627<\/strong><br \/>(+18 for winning)\n|raw|stallinho's rating: 1566 &rarr; <strong>1548<\/strong><br \/>(-18 for losing)\n|l|\u2606stallinho\n","uploadtime":1700197234,"views":8,"p1id":"speectrum","p2id":"stallinho","formatid":"gen9ou","rating":1548,"private":0,"password":""}