{"id":"gen9ou-1991800810","p1":"wyverbal","p2":"daazai","format":"[Gen 9] OU","log":"|j|\u2606wyverbal\n|j|\u2606daazai\n|t:|1700119832\n|gametype|singles\n|player|p1|wyverbal|169|1077\n|player|p2|daazai|petrel|1091\n|teamsize|p1|6\n|teamsize|p2|6\n|gen|9\n|tier|[Gen 9] OU\n|rated|\n|rule|Sleep Clause Mod: Limit one foe put to sleep\n|rule|Species Clause: Limit one of each Pok\u00e9mon\n|rule|OHKO Clause: OHKO moves are banned\n|rule|Evasion Items Clause: Evasion items are banned\n|rule|Evasion Moves Clause: Evasion moves are banned\n|rule|Endless Battle Clause: Forcing endless battles is banned\n|rule|HP Percentage Mod: HP is shown in percentages\n|clearpoke\n|poke|p1|Armarouge, M|\n|poke|p1|Revavroom, F|\n|poke|p1|Veluza, M|\n|poke|p1|Chesnaught, M|\n|poke|p1|Vaporeon, M|\n|poke|p1|Scizor, F|\n|poke|p2|Zapdos-Galar|\n|poke|p2|Thundurus-Therian, M|\n|poke|p2|Iron Treads|\n|poke|p2|Hydreigon, M|\n|poke|p2|Ogerpon-Cornerstone, F|\n|poke|p2|Clodsire, M|\n|teampreview\n|inactive|Battle timer is ON: inactive players will automatically lose when time's up. (requested by wyverbal)\n|inactive|daazai also wants the timer to be on.\n|\n|t:|1700119844\n|start\n|switch|p1a: Veluza|Veluza, M, shiny|100\/100\n|switch|p2a: Hydreigon|Hydreigon, M|100\/100\n|-ability|p1a: Veluza|Mold Breaker\n|turn|1\n|\n|t:|1700119853\n|move|p2a: Hydreigon|Dark Pulse|p1a: Veluza\n|-supereffective|p1a: Veluza\n|-damage|p1a: Veluza|0 fnt\n|faint|p1a: Veluza\n|\n|upkeep\n|\n|t:|1700119873\n|switch|p1a: Revavroom|Revavroom, F, shiny|100\/100\n|-item|p1a: Revavroom|Air Balloon\n|turn|2\n|\n|t:|1700119883\n|switch|p2a: Iron Treads|Iron Treads|100\/100\n|move|p1a: Revavroom|Shift Gear|p1a: Revavroom\n|-boost|p1a: Revavroom|spe|2\n|-boost|p1a: Revavroom|atk|1\n|\n|upkeep\n|turn|3\n|\n|t:|1700119898\n|move|p1a: Revavroom|High Horsepower|p2a: Iron Treads\n|-supereffective|p2a: Iron Treads\n|-damage|p2a: Iron Treads|2\/100\n|move|p2a: Iron Treads|Rapid Spin|p1a: Revavroom\n|-resisted|p1a: Revavroom\n|-damage|p1a: Revavroom|91\/100\n|-boost|p2a: Iron Treads|spe|1\n|-enditem|p1a: Revavroom|Air Balloon\n|\n|upkeep\n|turn|4\n|\n|t:|1700119907\n|move|p1a: Revavroom|Iron Head|p2a: Iron Treads\n|-resisted|p2a: Iron Treads\n|-damage|p2a: Iron Treads|0 fnt\n|faint|p2a: Iron Treads\n|-end|p2a: Iron Treads|Quark Drive|[silent]\n|\n|upkeep\n|\n|t:|1700119937\n|switch|p2a: Hydreigon|Hydreigon, M|100\/100\n|turn|5\n|\n|t:|1700119952\n|move|p1a: Revavroom|Iron Head|p2a: Hydreigon\n|-damage|p2a: Hydreigon|33\/100\n|move|p2a: Hydreigon|Earth Power|p1a: Revavroom\n|-supereffective|p1a: Revavroom\n|-damage|p1a: Revavroom|0 fnt\n|faint|p1a: Revavroom\n|\n|upkeep\n|\n|t:|1700119965\n|switch|p1a: Chesnaught|Chesnaught, M, shiny|100\/100\n|turn|6\n|\n|t:|1700119979\n|switch|p2a: Zapdos|Zapdos-Galar|100\/100\n|move|p1a: Chesnaught|Knock Off|p2a: Zapdos\n|-resisted|p2a: Zapdos\n|-damage|p2a: Zapdos|89\/100\n|-enditem|p2a: Zapdos|Heavy-Duty Boots|[from] move: Knock Off|[of] p1a: Chesnaught\n|\n|upkeep\n|turn|7\n|\n|t:|1700119997\n|move|p2a: Zapdos|Agility|p2a: Zapdos\n|-boost|p2a: Zapdos|spe|2\n|move|p1a: Chesnaught|Iron Defense|p1a: Chesnaught\n|-boost|p1a: Chesnaught|def|2\n|\n|upkeep\n|turn|8\n|l|\u2606daazai\n|inactive|daazai disconnected and has a minute to reconnect!\n|player|p2|\n|inactive|daazai has 30 seconds to reconnect!\n|inactive|daazai has 20 seconds to reconnect!\n|inactive|daazai has 15 seconds to reconnect!\n|inactive|daazai has 10 seconds to reconnect!\n|j|\u2606daazai\n|inactive|daazai reconnected and has 95 seconds left.\n|player|p2|daazai|petrel\n|inactive|daazai has 90 seconds left.\n|\n|t:|1700120058\n|-terastallize|p1a: Chesnaught|Water\n|move|p2a: Zapdos|Thunderous Kick|p1a: Chesnaught\n|-crit|p1a: Chesnaught\n|-damage|p1a: Chesnaught|61\/100\n|-unboost|p1a: Chesnaught|def|1\n|move|p1a: Chesnaught|Leech Seed|p2a: Zapdos\n|-start|p2a: Zapdos|move: Leech Seed\n|\n|-heal|p1a: Chesnaught|67\/100|[from] item: Leftovers\n|-damage|p2a: Zapdos|77\/100|[from] Leech Seed|[of] p1a: Chesnaught\n|-heal|p1a: Chesnaught|77\/100|[silent]\n|upkeep\n|turn|9\n|inactive|daazai has 90 seconds left.\n|\n|t:|1700120070\n|move|p2a: Zapdos|Thunderous Kick|p1a: Chesnaught\n|-damage|p1a: Chesnaught|61\/100\n|-unboost|p1a: Chesnaught|def|1\n|move|p1a: Chesnaught|Knock Off|p2a: Zapdos\n|-resisted|p2a: Zapdos\n|-damage|p2a: Zapdos|68\/100\n|\n|-heal|p1a: Chesnaught|67\/100|[from] item: Leftovers\n|-damage|p2a: Zapdos|56\/100|[from] Leech Seed|[of] p1a: Chesnaught\n|-heal|p1a: Chesnaught|78\/100|[silent]\n|upkeep\n|turn|10\n|\n|t:|1700120079\n|switch|p2a: Thundurus|Thundurus-Therian, M|100\/100\n|move|p1a: Chesnaught|Iron Defense|p1a: Chesnaught\n|-boost|p1a: Chesnaught|def|2\n|\n|-heal|p1a: Chesnaught|84\/100|[from] item: Leftovers\n|upkeep\n|turn|11\n|\n|t:|1700120088\n|switch|p1a: Armarouge|Armarouge, M, shiny|100\/100\n|move|p2a: Thundurus|Volt Switch|p1a: Armarouge\n|-damage|p1a: Armarouge|55\/100\n|\n|t:|1700120100\n|switch|p2a: Hydreigon|Hydreigon, M|33\/100|[from] Volt Switch\n|\n|upkeep\n|turn|12\n|\n|t:|1700120110\n|move|p2a: Hydreigon|Dark Pulse|p1a: Armarouge\n|-supereffective|p1a: Armarouge\n|-damage|p1a: Armarouge|0 fnt\n|faint|p1a: Armarouge\n|\n|upkeep\n|\n|t:|1700120115\n|switch|p1a: Vaporeon|Vaporeon, M, shiny|100\/100\n|turn|13\n|\n|t:|1700120123\n|switch|p2a: Thundurus|Thundurus-Therian, M|100\/100\n|move|p1a: Vaporeon|Calm Mind|p1a: Vaporeon\n|-boost|p1a: Vaporeon|spa|1\n|-boost|p1a: Vaporeon|spd|1\n|\n|upkeep\n|turn|14\n|\n|t:|1700120143\n|move|p2a: Thundurus|Volt Switch|p1a: Vaporeon\n|-supereffective|p1a: Vaporeon\n|-damage|p1a: Vaporeon|69\/100\n|\n|t:|1700120149\n|switch|p2a: Ogerpon|Ogerpon-Cornerstone, F|100\/100|[from] Volt Switch\n|move|p1a: Vaporeon|Scald|p2a: Ogerpon\n|-damage|p2a: Ogerpon|43\/100\n|\n|-heal|p1a: Vaporeon|75\/100|[from] item: Leftovers\n|upkeep\n|turn|15\n|\n|t:|1700120159\n|move|p2a: Ogerpon|Horn Leech|p1a: Vaporeon\n|-supereffective|p1a: Vaporeon\n|-damage|p1a: Vaporeon|0 fnt\n|-heal|p2a: Ogerpon|100\/100|[from] drain|[of] p1a: Vaporeon\n|faint|p1a: Vaporeon\n|\n|upkeep\n|\n|t:|1700120163\n|switch|p1a: Scizor|Scizor, F, shiny|100\/100\n|turn|16\n|\n|t:|1700120172\n|switch|p2a: Hydreigon|Hydreigon, M|33\/100\n|move|p1a: Scizor|Swords Dance|p1a: Scizor\n|-boost|p1a: Scizor|atk|2\n|\n|upkeep\n|turn|17\n|\n|t:|1700120179\n|move|p1a: Scizor|Bullet Punch|p2a: Hydreigon\n|-damage|p2a: Hydreigon|0 fnt\n|faint|p2a: Hydreigon\n|\n|upkeep\n|inactive|daazai has 120 seconds left.\n|\n|t:|1700120199\n|switch|p2a: Carl|Clodsire, M|100\/100\n|turn|18\n|\n|t:|1700120211\n|move|p1a: Scizor|Swords Dance|p1a: Scizor\n|-boost|p1a: Scizor|atk|2\n|move|p2a: Carl|Haze|p2a: Carl\n|-clearallboost\n|\n|upkeep\n|turn|19\n|\n|t:|1700120216\n|move|p1a: Scizor|Swords Dance|p1a: Scizor\n|-boost|p1a: Scizor|atk|2\n|move|p2a: Carl|Earthquake|p1a: Scizor\n|-damage|p1a: Scizor|75\/100\n|\n|upkeep\n|turn|20\n|\n|t:|1700120223\n|move|p1a: Scizor|Bullet Punch|p2a: Carl\n|-damage|p2a: Carl|69\/100\n|move|p2a: Carl|Haze|p2a: Carl\n|-clearallboost\n|\n|-heal|p2a: Carl|75\/100|[from] item: Leftovers\n|upkeep\n|turn|21\n|\n|t:|1700120232\n|move|p1a: Scizor|Bullet Punch|p2a: Carl\n|-damage|p2a: Carl|48\/100\n|move|p2a: Carl|Earthquake|p1a: Scizor\n|-damage|p1a: Scizor|46\/100\n|-enditem|p1a: Scizor|Sitrus Berry|[eat]\n|-heal|p1a: Scizor|71\/100|[from] item: Sitrus Berry\n|\n|-heal|p2a: Carl|54\/100|[from] item: Leftovers\n|upkeep\n|turn|22\n|\n|t:|1700120248\n|move|p1a: Scizor|Thief|p2a: Carl\n|-damage|p2a: Carl|26\/100\n|-enditem|p2a: Carl|Leftovers|[silent]|[from] move: Thief|[of] p1a: Scizor\n|-item|p1a: Scizor|Leftovers|[from] move: Thief|[of] p2a: Carl\n|move|p2a: Carl|Earthquake|p1a: Scizor\n|-damage|p1a: Scizor|42\/100\n|\n|-heal|p1a: Scizor|48\/100|[from] item: Leftovers\n|upkeep\n|turn|23\n|\n|t:|1700120255\n|move|p1a: Scizor|Swords Dance|p1a: Scizor\n|-boost|p1a: Scizor|atk|2\n|move|p2a: Carl|Recover|p2a: Carl\n|-heal|p2a: Carl|76\/100\n|\n|-heal|p1a: Scizor|54\/100|[from] item: Leftovers\n|upkeep\n|turn|24\n|\n|t:|1700120262\n|move|p1a: Scizor|Bullet Punch|p2a: Carl\n|-crit|p2a: Carl\n|-damage|p2a: Carl|29\/100\n|move|p2a: Carl|Toxic|p1a: Scizor\n|-immune|p1a: Scizor\n|\n|-heal|p1a: Scizor|60\/100|[from] item: Leftovers\n|upkeep\n|turn|25\n|\n|t:|1700120270\n|move|p1a: Scizor|Bullet Punch|p2a: Carl\n|-damage|p2a: Carl|0 fnt\n|faint|p2a: Carl\n|\n|-heal|p1a: Scizor|66\/100|[from] item: Leftovers\n|upkeep\n|\n|t:|1700120277\n|switch|p2a: Ogerpon|Ogerpon-Cornerstone, F|100\/100\n|turn|26\n|\n|t:|1700120285\n|move|p1a: Scizor|Bullet Punch|p2a: Ogerpon\n|-supereffective|p2a: Ogerpon\n|-ability|p2a: Ogerpon|Sturdy\n|-damage|p2a: Ogerpon|1\/100\n|move|p2a: Ogerpon|Ivy Cudgel|p1a: Scizor|[anim] Ivy Cudgel Rock\n|-damage|p1a: Scizor|3\/100\n|\n|-heal|p1a: Scizor|9\/100|[from] item: Leftovers\n|upkeep\n|turn|27\n|\n|t:|1700120305\n|move|p1a: Scizor|Bullet Punch|p2a: Ogerpon\n|-supereffective|p2a: Ogerpon\n|-damage|p2a: Ogerpon|0 fnt\n|faint|p2a: Ogerpon\n|\n|-heal|p1a: Scizor|15\/100|[from] item: Leftovers\n|upkeep\n|\n|t:|1700120308\n|switch|p2a: Zapdos|Zapdos-Galar|56\/100\n|turn|28\n|\n|t:|1700120313\n|move|p1a: Scizor|Bullet Punch|p2a: Zapdos\n|-damage|p2a: Zapdos|0 fnt\n|faint|p2a: Zapdos\n|\n|-heal|p1a: Scizor|21\/100|[from] item: Leftovers\n|upkeep\n|-message|daazai forfeited.\n|\n|win|wyverbal\n|raw|wyverbal's rating: 1077 &rarr; <strong>1107<\/strong><br \/>(+30 for winning)\n|raw|daazai's rating: 1091 &rarr; <strong>1066<\/strong><br \/>(-25 for losing)\n|l|\u2606daazai\n","uploadtime":1700120327,"views":7,"p1id":"wyverbal","p2id":"daazai","formatid":"gen9ou","rating":1066,"private":0,"password":""}