{"id":"gen9ou-1997251339","p1":"VivaHonduras","p2":"DivineGabriel","format":"[Gen 9] OU","log":"|j|\u2606VivaHonduras\n|j|\u2606DivineGabriel\n|t:|1700780549\n|gametype|singles\n|player|p1|VivaHonduras|101|1902\n|player|p2|DivineGabriel|rye|1823\n|teamsize|p1|6\n|teamsize|p2|6\n|gen|9\n|tier|[Gen 9] OU\n|rated|\n|rule|Sleep Clause Mod: Limit one foe put to sleep\n|rule|Species Clause: Limit one of each Pok\u00e9mon\n|rule|OHKO Clause: OHKO moves are banned\n|rule|Evasion Items Clause: Evasion items are banned\n|rule|Evasion Moves Clause: Evasion moves are banned\n|rule|Endless Battle Clause: Forcing endless battles is banned\n|rule|HP Percentage Mod: HP is shown in percentages\n|clearpoke\n|poke|p1|Sinistcha-Masterpiece|\n|poke|p1|Gholdengo|\n|poke|p1|Quaquaval, M|\n|poke|p1|Garganacl, F|\n|poke|p1|Garchomp, M|\n|poke|p1|Tornadus-Therian, M|\n|poke|p2|Typhlosion-Hisui, M|\n|poke|p2|Great Tusk|\n|poke|p2|Torkoal, F|\n|poke|p2|Walking Wake|\n|poke|p2|Hatterene, F|\n|poke|p2|Meowscarada, F|\n|teampreview\n|inactive|Battle timer is ON: inactive players will automatically lose when time's up. (requested by VivaHonduras)\n|j| Unearth Myself\n|inactive|VivaHonduras has 120 seconds left.\n|\n|t:|1700780600\n|start\n|switch|p1a: Tornadus|Tornadus-Therian, M|100\/100\n|switch|p2a: Torkoal|Torkoal, F|100\/100\n|-weather|SunnyDay|[from] ability: Drought|[of] p2a: Torkoal\n|turn|1\n|\n|t:|1700780616\n|move|p1a: Tornadus|Knock Off|p2a: Torkoal\n|-damage|p2a: Torkoal|89\/100\n|-enditem|p2a: Torkoal|Heat Rock|[from] move: Knock Off|[of] p1a: Tornadus\n|move|p2a: Torkoal|Stealth Rock|p1a: Tornadus\n|-sidestart|p1: VivaHonduras|move: Stealth Rock\n|\n|-weather|SunnyDay|[upkeep]\n|upkeep\n|turn|2\n|\n|t:|1700780620\n|switch|p2a: Hatterene|Hatterene, F|100\/100\n|move|p1a: Tornadus|Bleakwind Storm|p2a: Hatterene\n|-damage|p2a: Hatterene|65\/100\n|-enditem|p2a: Hatterene|Eject Button\n|\n|t:|1700780623\n|switch|p2a: Walking Wake|Walking Wake|100\/100\n|-activate|p2a: Walking Wake|ability: Protosynthesis\n|-start|p2a: Walking Wake|protosynthesisspe\n|\n|-weather|SunnyDay|[upkeep]\n|upkeep\n|turn|3\n|\n|t:|1700780628\n|-terastallize|p2a: Walking Wake|Water\n|move|p2a: Walking Wake|Hydro Steam|p1a: Tornadus\n|-damage|p1a: Tornadus|26\/100\n|move|p1a: Tornadus|Knock Off|p2a: Walking Wake\n|-damage|p2a: Walking Wake|79\/100\n|-enditem|p2a: Walking Wake|Choice Specs|[from] move: Knock Off|[of] p1a: Tornadus\n|\n|-weather|SunnyDay|[upkeep]\n|upkeep\n|turn|4\n|inactive|VivaHonduras has 120 seconds left.\n|\n|t:|1700780660\n|switch|p1a: Sinistcha|Sinistcha-Masterpiece|100\/100\n|-damage|p1a: Sinistcha|88\/100|[from] Stealth Rock\n|move|p2a: Walking Wake|Hydro Steam|p1a: Sinistcha\n|-resisted|p1a: Sinistcha\n|-damage|p1a: Sinistcha|42\/100\n|\n|-weather|SunnyDay|[upkeep]\n|upkeep\n|turn|5\n|\n|t:|1700780667\n|move|p2a: Walking Wake|Hydro Steam|p1a: Sinistcha\n|-resisted|p1a: Sinistcha\n|-damage|p1a: Sinistcha|0 fnt\n|faint|p1a: Sinistcha\n|\n|-weather|SunnyDay|[upkeep]\n|upkeep\n|\n|t:|1700780670\n|switch|p1a: Quaquaval|Quaquaval, M|100\/100\n|turn|6\n|\n|t:|1700780674\n|move|p2a: Walking Wake|Draco Meteor|p1a: Quaquaval\n|-crit|p1a: Quaquaval\n|-damage|p1a: Quaquaval|0 fnt\n|-unboost|p2a: Walking Wake|spa|2\n|faint|p1a: Quaquaval\n|\n|-weather|SunnyDay|[upkeep]\n|upkeep\n|\n|t:|1700780688\n|switch|p1a: Garchomp|Garchomp, M|100\/100\n|-damage|p1a: Garchomp|94\/100|[from] Stealth Rock\n|turn|7\n|j| dlc so insane\n|\n|t:|1700780694\n|-end|p2a: Walking Wake|Protosynthesis|[silent]\n|switch|p2a: Hatterene|Hatterene, F|65\/100\n|move|p1a: Garchomp|Stealth Rock|p2a: Hatterene\n|move|p2a: Hatterene|Stealth Rock||[from]ability: Magic Bounce|[still]\n|-fail|p2a: Hatterene\n|\n|-weather|SunnyDay|[upkeep]\n|upkeep\n|turn|8\n|\n|t:|1700780700\n|move|p1a: Garchomp|Earthquake|p2a: Hatterene\n|-damage|p2a: Hatterene|30\/100\n|move|p2a: Hatterene|Draining Kiss|p1a: Garchomp\n|-supereffective|p1a: Garchomp\n|-damage|p1a: Garchomp|53\/100\n|-heal|p2a: Hatterene|71\/100|[from] drain|[of] p1a: Garchomp\n|-damage|p2a: Hatterene|59\/100|[from] ability: Rough Skin|[of] p1a: Garchomp\n|-damage|p2a: Hatterene|42\/100|[from] item: Rocky Helmet|[of] p1a: Garchomp\n|\n|-weather|none\n|upkeep\n|turn|9\n|\n|t:|1700780704\n|move|p1a: Garchomp|Earthquake|p2a: Hatterene\n|-damage|p2a: Hatterene|0 fnt\n|faint|p2a: Hatterene\n|\n|upkeep\n|\n|t:|1700780708\n|switch|p2a: Walking Wake|Walking Wake, tera:Water|79\/100\n|turn|10\n|\n|t:|1700780711\n|switch|p1a: Gholdengo|Gholdengo|100\/100\n|-damage|p1a: Gholdengo|94\/100|[from] Stealth Rock\n|move|p2a: Walking Wake|Hydro Steam|p1a: Gholdengo\n|-damage|p1a: Gholdengo|34\/100\n|\n|upkeep\n|turn|11\n|\n|t:|1700780725\n|move|p1a: Gholdengo|Shadow Ball|p2a: Walking Wake\n|-damage|p2a: Walking Wake|26\/100\n|move|p2a: Walking Wake|Hydro Steam|p1a: Gholdengo\n|-damage|p1a: Gholdengo|0 fnt\n|faint|p1a: Gholdengo\n|\n|upkeep\n|\n|t:|1700780728\n|switch|p1a: Tornadus|Tornadus-Therian, M|59\/100\n|-damage|p1a: Tornadus|34\/100|[from] Stealth Rock\n|turn|12\n|\n|t:|1700780733\n|-end|p2a: Walking Wake|Protosynthesis|[silent]\n|switch|p2a: Torkoal|Torkoal, F|89\/100\n|-weather|SunnyDay|[from] ability: Drought|[of] p2a: Torkoal\n|move|p1a: Tornadus|U-turn|p2a: Torkoal\n|-resisted|p2a: Torkoal\n|-damage|p2a: Torkoal|84\/100\n|\n|t:|1700780735\n|switch|p1a: Garchomp|Garchomp, M|53\/100|[from] U-turn\n|-damage|p1a: Garchomp|47\/100|[from] Stealth Rock\n|\n|-weather|SunnyDay|[upkeep]\n|upkeep\n|turn|13\n|\n|t:|1700780741\n|move|p1a: Garchomp|Stealth Rock|p2a: Torkoal\n|-sidestart|p2: DivineGabriel|move: Stealth Rock\n|move|p2a: Torkoal|Yawn|p1a: Garchomp\n|-start|p1a: Garchomp|move: Yawn|[of] p2a: Torkoal\n|\n|-weather|SunnyDay|[upkeep]\n|upkeep\n|turn|14\n|j| Kyurem\n|\n|t:|1700780755\n|-terastallize|p1a: Garchomp|Ghost\n|move|p1a: Garchomp|Earthquake|p2a: Torkoal\n|-supereffective|p2a: Torkoal\n|-damage|p2a: Torkoal|32\/100\n|move|p2a: Torkoal|Rapid Spin|p1a: Garchomp\n|-immune|p1a: Garchomp\n|\n|-weather|SunnyDay|[upkeep]\n|-end|p1a: Garchomp|move: Yawn|[silent]\n|-status|p1a: Garchomp|slp\n|upkeep\n|turn|15\n|\n|t:|1700780765\n|switch|p2a: Meowscarada|Meowscarada, F|100\/100\n|-damage|p2a: Meowscarada|88\/100|[from] Stealth Rock\n|cant|p1a: Garchomp|slp\n|\n|-weather|SunnyDay|[upkeep]\n|upkeep\n|turn|16\n|\n|t:|1700780773\n|move|p2a: Meowscarada|Knock Off|p1a: Garchomp\n|-start|p2a: Meowscarada|typechange|Dark|[from] ability: Protean\n|-supereffective|p1a: Garchomp\n|-damage|p1a: Garchomp|0 fnt\n|-damage|p2a: Meowscarada|76\/100|[from] ability: Rough Skin|[of] p1a: Garchomp\n|-damage|p2a: Meowscarada|60\/100|[from] item: Rocky Helmet|[of] p1a: Garchomp\n|-enditem|p1a: Garchomp|Rocky Helmet|[from] move: Knock Off|[of] p2a: Meowscarada\n|faint|p1a: Garchomp\n|\n|-weather|none\n|upkeep\n|\n|t:|1700780776\n|switch|p1a: Garganacl|Garganacl, F|100\/100\n|-damage|p1a: Garganacl|88\/100|[from] Stealth Rock\n|turn|17\n|\n|t:|1700780782\n|move|p2a: Meowscarada|Knock Off|p1a: Garganacl\n|-damage|p1a: Garganacl|60\/100\n|-enditem|p1a: Garganacl|Leftovers|[from] move: Knock Off|[of] p2a: Meowscarada\n|move|p1a: Garganacl|Iron Defense|p1a: Garganacl\n|-boost|p1a: Garganacl|def|2\n|\n|upkeep\n|turn|18\n|\n|t:|1700780786\n|switch|p2a: Torkoal|Torkoal, F|32\/100\n|-damage|p2a: Torkoal|7\/100|[from] Stealth Rock\n|-weather|SunnyDay|[from] ability: Drought|[of] p2a: Torkoal\n|move|p1a: Garganacl|Recover|p1a: Garganacl\n|-heal|p1a: Garganacl|100\/100\n|\n|-weather|SunnyDay|[upkeep]\n|upkeep\n|turn|19\n|\n|t:|1700780790\n|switch|p2a: Meowscarada|Meowscarada, F|60\/100\n|-damage|p2a: Meowscarada|47\/100|[from] Stealth Rock\n|move|p1a: Garganacl|Salt Cure|p2a: Meowscarada\n|-damage|p2a: Meowscarada|24\/100\n|-start|p2a: Meowscarada|Salt Cure\n|\n|-weather|SunnyDay|[upkeep]\n|-damage|p2a: Meowscarada|12\/100|[from] Salt Cure\n|upkeep\n|turn|20\n|\n|t:|1700780800\n|move|p2a: Meowscarada|Trick|p1a: Garganacl\n|-start|p2a: Meowscarada|typechange|Psychic|[from] ability: Protean\n|-activate|p2a: Meowscarada|move: Trick|[of] p1a: Garganacl\n|-item|p1a: Garganacl|Choice Scarf|[from] move: Trick\n|-enditem|p2a: Meowscarada|Choice Scarf|[silent]|[from] move: Trick\n|move|p1a: Garganacl|Recover||[still]\n|-fail|p1a: Garganacl|heal\n|\n|-weather|SunnyDay|[upkeep]\n|-damage|p2a: Meowscarada|0 fnt|[from] Salt Cure\n|faint|p2a: Meowscarada\n|upkeep\n|\n|t:|1700780808\n|switch|p2a: Walking Wake|Walking Wake, tera:Water|26\/100\n|-damage|p2a: Walking Wake|13\/100|[from] Stealth Rock\n|-activate|p2a: Walking Wake|ability: Protosynthesis\n|-start|p2a: Walking Wake|protosynthesisspe\n|turn|21\n|\n|t:|1700780813\n|move|p2a: Walking Wake|Hydro Steam|p1a: Garganacl\n|-supereffective|p1a: Garganacl\n|-damage|p1a: Garganacl|0 fnt\n|faint|p1a: Garganacl\n|\n|-weather|SunnyDay|[upkeep]\n|upkeep\n|\n|t:|1700780816\n|switch|p1a: Tornadus|Tornadus-Therian, M|67\/100\n|-damage|p1a: Tornadus|42\/100|[from] Stealth Rock\n|turn|22\n|\n|t:|1700780822\n|move|p2a: Walking Wake|Hydro Steam|p1a: Tornadus\n|-damage|p1a: Tornadus|0 fnt\n|faint|p1a: Tornadus\n|\n|win|DivineGabriel\n|raw|VivaHonduras's rating: 1902 &rarr; <strong>1878<\/strong><br \/>(-24 for losing)\n|raw|DivineGabriel's rating: 1823 &rarr; <strong>1847<\/strong><br \/>(+24 for winning)\n|l|\u2606VivaHonduras\n|c|\u2606DivineGabriel|gg\n|l| Unearth Myself\n|l|\u2606DivineGabriel\n|l| dlc so insane\n","uploadtime":1700780899,"views":6,"p1id":"vivahonduras","p2id":"divinegabriel","formatid":"gen9ou","rating":1847,"private":0,"password":""}