{"id":"gen9ou-1995642494","p1":"Leafeon Enjoyer","p2":"Dr. Drake6782","format":"[Gen 9] OU","log":"|j|\u2606Leafeon Enjoyer\n|j|\u2606Dr. Drake6782\n|t:|1700590102\n|gametype|singles\n|player|p1|Leafeon Enjoyer|rosa-masters|1285\n|player|p2|Dr. Drake6782|hilbert-masters|1303\n|teamsize|p1|6\n|teamsize|p2|6\n|gen|9\n|tier|[Gen 9] OU\n|rated|\n|rule|Sleep Clause Mod: Limit one foe put to sleep\n|rule|Species Clause: Limit one of each Pok\u00e9mon\n|rule|OHKO Clause: OHKO moves are banned\n|rule|Evasion Items Clause: Evasion items are banned\n|rule|Evasion Moves Clause: Evasion moves are banned\n|rule|Endless Battle Clause: Forcing endless battles is banned\n|rule|HP Percentage Mod: HP is shown in percentages\n|clearpoke\n|poke|p1|Rillaboom, F|\n|poke|p1|Hatterene, F|\n|poke|p1|Zamazenta-*|\n|poke|p1|Garganacl, F|\n|poke|p1|Heatran, M|\n|poke|p1|Ting-Lu|\n|poke|p2|Maushold|\n|poke|p2|Samurott-Hisui, M|\n|poke|p2|Kingambit, M|\n|poke|p2|Garganacl, M|\n|poke|p2|Amoonguss, M|\n|poke|p2|Weavile, F|\n|teampreview\n|inactive|Battle timer is ON: inactive players will automatically lose when time's up. (requested by Dr. Drake6782)\n|inactive|Leafeon Enjoyer also wants the timer to be on.\n|\n|t:|1700590118\n|start\n|switch|p1a: Rillaboom|Rillaboom, F|100\/100\n|switch|p2a: Maushold|Maushold|100\/100\n|-fieldstart|move: Grassy Terrain|[from] ability: Grassy Surge|[of] p1a: Rillaboom\n|turn|1\n|\n|t:|1700590127\n|switch|p2a: Amoonguss|Amoonguss, M, shiny|100\/100\n|switch|p1a: Ting-Lu|Ting-Lu|100\/100\n|-ability|p1a: Ting-Lu|Vessel of Ruin\n|\n|upkeep\n|turn|2\n|\n|t:|1700590133\n|switch|p1a: Garganacl|Garganacl, F|100\/100\n|move|p2a: Amoonguss|Spore|p1a: Garganacl\n|-immune|p1a: Garganacl|[from] ability: Purifying Salt\n|\n|upkeep\n|turn|3\n|\n|t:|1700590138\n|move|p2a: Amoonguss|Grass Knot|p1a: Garganacl\n|-supereffective|p1a: Garganacl\n|-damage|p1a: Garganacl|44\/100\n|move|p1a: Garganacl|Curse|p1a: Garganacl\n|-unboost|p1a: Garganacl|spe|1\n|-boost|p1a: Garganacl|atk|1\n|-boost|p1a: Garganacl|def|1\n|\n|-heal|p1a: Garganacl|50\/100|[from] Grassy Terrain\n|-heal|p1a: Garganacl|56\/100|[from] item: Leftovers\n|upkeep\n|turn|4\n|\n|t:|1700590143\n|move|p1a: Garganacl|Protect|p1a: Garganacl\n|-singleturn|p1a: Garganacl|Protect\n|move|p2a: Amoonguss|Grass Knot|p1a: Garganacl\n|-activate|p1a: Garganacl|move: Protect\n|\n|-heal|p1a: Garganacl|63\/100|[from] Grassy Terrain\n|-heal|p1a: Garganacl|69\/100|[from] item: Leftovers\n|upkeep\n|turn|5\n|\n|t:|1700590148\n|switch|p1a: Heatran|Heatran, M|100\/100\n|move|p2a: Amoonguss|Grass Knot|p1a: Heatran\n|-resisted|p1a: Heatran\n|-damage|p1a: Heatran|94\/100\n|\n|-heal|p1a: Heatran|99\/100|[from] Grassy Terrain\n|-heal|p1a: Heatran|100\/100|[from] item: Leftovers\n|upkeep\n|turn|6\n|\n|t:|1700590155\n|move|p1a: Heatran|Substitute|p1a: Heatran\n|-start|p1a: Heatran|Substitute\n|-damage|p1a: Heatran|76\/100\n|move|p2a: Amoonguss|Spore||[still]\n|-fail|p2a: Amoonguss\n|\n|-heal|p1a: Heatran|82\/100|[from] Grassy Terrain\n|-heal|p1a: Heatran|88\/100|[from] item: Leftovers\n|upkeep\n|turn|7\n|\n|t:|1700590161\n|switch|p2a: Garganacl|Garganacl, M, shiny|100\/100\n|move|p1a: Heatran|Magma Storm|p2a: Garganacl\n|-resisted|p2a: Garganacl\n|-damage|p2a: Garganacl|86\/100\n|-activate|p2a: Garganacl|move: Magma Storm|[of] p1a: Heatran\n|\n|-heal|p1a: Heatran|94\/100|[from] Grassy Terrain\n|-heal|p1a: Heatran|100\/100|[from] item: Leftovers\n|-heal|p2a: Garganacl|92\/100|[from] Grassy Terrain\n|-heal|p2a: Garganacl|98\/100|[from] item: Leftovers\n|-damage|p2a: Garganacl|86\/100|[from] move: Magma Storm|[partiallytrapped]\n|upkeep\n|turn|8\n|\n|t:|1700590166\n|move|p1a: Heatran|Earth Power|p2a: Garganacl\n|-supereffective|p2a: Garganacl\n|-damage|p2a: Garganacl|52\/100\n|move|p2a: Garganacl|Body Press|p1a: Heatran\n|-supereffective|p1a: Heatran\n|-end|p1a: Heatran|Substitute\n|\n|-heal|p2a: Garganacl|59\/100|[from] Grassy Terrain\n|-heal|p2a: Garganacl|65\/100|[from] item: Leftovers\n|-damage|p2a: Garganacl|52\/100|[from] move: Magma Storm|[partiallytrapped]\n|-fieldend|move: Grassy Terrain\n|upkeep\n|turn|9\n|\n|t:|1700590176\n|move|p1a: Heatran|Protect|p1a: Heatran\n|-singleturn|p1a: Heatran|Protect\n|move|p2a: Garganacl|Body Press|p1a: Heatran\n|-activate|p1a: Heatran|move: Protect\n|\n|-heal|p2a: Garganacl|59\/100|[from] item: Leftovers\n|-damage|p2a: Garganacl|46\/100|[from] move: Magma Storm|[partiallytrapped]\n|upkeep\n|turn|10\n|\n|t:|1700590179\n|move|p1a: Heatran|Substitute|p1a: Heatran\n|-start|p1a: Heatran|Substitute\n|-damage|p1a: Heatran|76\/100\n|move|p2a: Garganacl|Recover|p2a: Garganacl\n|-heal|p2a: Garganacl|96\/100\n|\n|-heal|p1a: Heatran|82\/100|[from] item: Leftovers\n|-heal|p2a: Garganacl|100\/100|[from] item: Leftovers\n|-damage|p2a: Garganacl|88\/100|[from] move: Magma Storm|[partiallytrapped]\n|upkeep\n|turn|11\n|\n|t:|1700590182\n|move|p1a: Heatran|Earth Power|p2a: Garganacl\n|-supereffective|p2a: Garganacl\n|-damage|p2a: Garganacl|56\/100\n|move|p2a: Garganacl|Body Press|p1a: Heatran\n|-supereffective|p1a: Heatran\n|-end|p1a: Heatran|Substitute\n|\n|-heal|p1a: Heatran|88\/100|[from] item: Leftovers\n|-heal|p2a: Garganacl|63\/100|[from] item: Leftovers\n|-damage|p2a: Garganacl|50\/100|[from] move: Magma Storm|[partiallytrapped]\n|upkeep\n|turn|12\n|\n|t:|1700590187\n|move|p1a: Heatran|Protect|p1a: Heatran\n|-singleturn|p1a: Heatran|Protect\n|move|p2a: Garganacl|Recover|p2a: Garganacl\n|-heal|p2a: Garganacl|99\/100\n|\n|-heal|p1a: Heatran|94\/100|[from] item: Leftovers\n|-heal|p2a: Garganacl|100\/100|[from] item: Leftovers\n|-end|p2a: Garganacl|Magma Storm|[partiallytrapped]\n|upkeep\n|turn|13\n|\n|t:|1700590190\n|switch|p2a: Samurott|Samurott-Hisui, M, shiny|100\/100\n|move|p1a: Heatran|Substitute|p1a: Heatran\n|-start|p1a: Heatran|Substitute\n|-damage|p1a: Heatran|69\/100\n|\n|-heal|p1a: Heatran|76\/100|[from] item: Leftovers\n|upkeep\n|turn|14\n|\n|t:|1700590193\n|move|p2a: Samurott|Aqua Cutter|p1a: Heatran\n|-supereffective|p1a: Heatran\n|-end|p1a: Heatran|Substitute\n|move|p1a: Heatran|Magma Storm|p2a: Samurott\n|-resisted|p2a: Samurott\n|-damage|p2a: Samurott|68\/100\n|-activate|p2a: Samurott|move: Magma Storm|[of] p1a: Heatran\n|\n|-heal|p1a: Heatran|82\/100|[from] item: Leftovers\n|-damage|p2a: Samurott|56\/100|[from] move: Magma Storm|[partiallytrapped]\n|upkeep\n|turn|15\n|\n|t:|1700590198\n|move|p1a: Heatran|Protect|p1a: Heatran\n|-singleturn|p1a: Heatran|Protect\n|move|p2a: Samurott|Swords Dance|p2a: Samurott\n|-boost|p2a: Samurott|atk|2\n|\n|-heal|p1a: Heatran|88\/100|[from] item: Leftovers\n|-damage|p2a: Samurott|44\/100|[from] move: Magma Storm|[partiallytrapped]\n|upkeep\n|turn|16\n|\n|t:|1700590202\n|switch|p1a: Rillaboom|Rillaboom, F|100\/100\n|-fieldstart|move: Grassy Terrain|[from] ability: Grassy Surge|[of] p1a: Rillaboom\n|move|p2a: Samurott|Ceaseless Edge|p1a: Rillaboom\n|-damage|p1a: Rillaboom|3\/100\n|-sidestart|p1: Leafeon Enjoyer|Spikes\n|\n|-heal|p2a: Samurott|50\/100|[from] Grassy Terrain\n|-heal|p1a: Rillaboom|10\/100|[from] Grassy Terrain\n|-end|p2a: Samurott|Magma Storm|[partiallytrapped]|[silent]\n|upkeep\n|turn|17\n|\n|t:|1700590208\n|move|p2a: Samurott|Aqua Jet|p1a: Rillaboom\n|-resisted|p1a: Rillaboom\n|-damage|p1a: Rillaboom|0 fnt\n|faint|p1a: Rillaboom\n|\n|-heal|p2a: Samurott|55\/100|[from] Grassy Terrain\n|upkeep\n|\n|t:|1700590213\n|switch|p1a: Garganacl|Garganacl, F|69\/100\n|-damage|p1a: Garganacl|56\/100|[from] Spikes\n|turn|18\n|\n|t:|1700590220\n|-terastallize|p1a: Garganacl|Water\n|move|p2a: Samurott|Aqua Cutter|p1a: Garganacl\n|-resisted|p1a: Garganacl\n|-crit|p1a: Garganacl\n|-damage|p1a: Garganacl|0 fnt\n|faint|p1a: Garganacl\n|\n|-heal|p2a: Samurott|61\/100|[from] Grassy Terrain\n|upkeep\n|\n|t:|1700590226\n|switch|p1a: Zamazenta|Zamazenta|100\/100\n|-damage|p1a: Zamazenta|88\/100|[from] Spikes\n|-ability|p1a: Zamazenta|Dauntless Shield|boost\n|-boost|p1a: Zamazenta|def|1\n|turn|19\n|c|\u2606Dr. Drake6782|w d\n|\n|t:|1700590234\n|switch|p2a: Amoonguss|Amoonguss, M, shiny|100\/100\n|move|p1a: Zamazenta|Iron Defense|p1a: Zamazenta\n|-boost|p1a: Zamazenta|def|2\n|\n|-heal|p1a: Zamazenta|94\/100|[from] Grassy Terrain\n|-heal|p1a: Zamazenta|100\/100|[from] item: Leftovers\n|upkeep\n|turn|20\n|c|\u2606Leafeon Enjoyer|rigged\n|\n|t:|1700590237\n|move|p1a: Zamazenta|Substitute|p1a: Zamazenta\n|-start|p1a: Zamazenta|Substitute\n|-damage|p1a: Zamazenta|75\/100\n|move|p2a: Amoonguss|Spore||[still]\n|-fail|p2a: Amoonguss\n|\n|-heal|p1a: Zamazenta|82\/100|[from] Grassy Terrain\n|-heal|p1a: Zamazenta|88\/100|[from] item: Leftovers\n|upkeep\n|turn|21\n|\n|t:|1700590240\n|move|p1a: Zamazenta|Iron Defense|p1a: Zamazenta\n|-boost|p1a: Zamazenta|def|2\n|move|p2a: Amoonguss|Grass Knot|p1a: Zamazenta\n|-end|p1a: Zamazenta|Substitute\n|\n|-heal|p1a: Zamazenta|94\/100|[from] Grassy Terrain\n|-heal|p1a: Zamazenta|99\/100|[from] item: Leftovers\n|upkeep\n|turn|22\n|\n|t:|1700590243\n|move|p1a: Zamazenta|Substitute|p1a: Zamazenta\n|-start|p1a: Zamazenta|Substitute\n|-damage|p1a: Zamazenta|75\/100\n|move|p2a: Amoonguss|Grass Knot|p1a: Zamazenta\n|-end|p1a: Zamazenta|Substitute\n|\n|-heal|p1a: Zamazenta|81\/100|[from] Grassy Terrain\n|-heal|p1a: Zamazenta|88\/100|[from] item: Leftovers\n|upkeep\n|turn|23\n|\n|t:|1700590245\n|move|p1a: Zamazenta|Iron Defense|p1a: Zamazenta\n|-boost|p1a: Zamazenta|def|1\n|move|p2a: Amoonguss|Grass Knot|p1a: Zamazenta\n|-damage|p1a: Zamazenta|53\/100\n|\n|-heal|p1a: Zamazenta|60\/100|[from] Grassy Terrain\n|-heal|p1a: Zamazenta|66\/100|[from] item: Leftovers\n|-fieldend|move: Grassy Terrain\n|upkeep\n|turn|24\n|\n|t:|1700590248\n|move|p1a: Zamazenta|Substitute|p1a: Zamazenta\n|-start|p1a: Zamazenta|Substitute\n|-damage|p1a: Zamazenta|41\/100\n|move|p2a: Amoonguss|Grass Knot|p1a: Zamazenta\n|-end|p1a: Zamazenta|Substitute\n|\n|-heal|p1a: Zamazenta|47\/100|[from] item: Leftovers\n|upkeep\n|turn|25\n|\n|t:|1700590251\n|move|p1a: Zamazenta|Body Press|p2a: Amoonguss\n|-resisted|p2a: Amoonguss\n|-damage|p2a: Amoonguss|56\/100\n|-enditem|p2a: Amoonguss|Red Card|[of] p1a: Zamazenta\n|drag|p1a: Yuyuko|Hatterene, F|100\/100\n|-damage|p1a: Yuyuko|88\/100|[from] Spikes\n|move|p2a: Amoonguss|Grass Knot|p1a: Yuyuko\n|-damage|p1a: Yuyuko|81\/100\n|\n|-heal|p1a: Yuyuko|87\/100|[from] item: Leftovers\n|upkeep\n|turn|26\n|\n|t:|1700590261\n|switch|p2a: Samurott|Samurott-Hisui, M, shiny|61\/100\n|move|p1a: Yuyuko|Calm Mind|p1a: Yuyuko\n|-boost|p1a: Yuyuko|spa|1\n|-boost|p1a: Yuyuko|spd|1\n|\n|-heal|p1a: Yuyuko|93\/100|[from] item: Leftovers\n|upkeep\n|turn|27\n|\n|t:|1700590264\n|move|p2a: Samurott|Aqua Cutter|p1a: Yuyuko\n|-damage|p1a: Yuyuko|35\/100\n|move|p1a: Yuyuko|Draining Kiss|p2a: Samurott\n|-supereffective|p2a: Samurott\n|-damage|p2a: Samurott|0 fnt\n|-heal|p1a: Yuyuko|86\/100|[from] drain|[of] p2a: Samurott\n|faint|p2a: Samurott\n|\n|-heal|p1a: Yuyuko|92\/100|[from] item: Leftovers\n|upkeep\n|\n|t:|1700590267\n|switch|p2a: Kingambit|Kingambit, M|100\/100\n|-activate|p2a: Kingambit|ability: Supreme Overlord\n|-start|p2a: Kingambit|fallen1|[silent]\n|turn|28\n|\n|t:|1700590271\n|move|p2a: Kingambit|Swords Dance|p2a: Kingambit\n|-boost|p2a: Kingambit|atk|2\n|move|p1a: Yuyuko|Calm Mind|p1a: Yuyuko\n|-boost|p1a: Yuyuko|spa|1\n|-boost|p1a: Yuyuko|spd|1\n|\n|-heal|p1a: Yuyuko|98\/100|[from] item: Leftovers\n|upkeep\n|turn|29\n|\n|t:|1700590275\n|move|p2a: Kingambit|Kowtow Cleave|p1a: Yuyuko\n|-damage|p1a: Yuyuko|8\/100\n|move|p1a: Yuyuko|Draining Kiss|p2a: Kingambit\n|-damage|p2a: Kingambit|43\/100\n|-heal|p1a: Yuyuko|55\/100|[from] drain|[of] p2a: Kingambit\n|\n|-heal|p2a: Kingambit|49\/100|[from] item: Leftovers\n|-heal|p1a: Yuyuko|61\/100|[from] item: Leftovers\n|upkeep\n|turn|30\n|\n|t:|1700590281\n|move|p2a: Kingambit|Kowtow Cleave|p1a: Yuyuko\n|-damage|p1a: Yuyuko|0 fnt\n|faint|p1a: Yuyuko\n|\n|-heal|p2a: Kingambit|55\/100|[from] item: Leftovers\n|upkeep\n|\n|t:|1700590282\n|switch|p1a: Zamazenta|Zamazenta|47\/100\n|-damage|p1a: Zamazenta|35\/100|[from] Spikes\n|turn|31\n|\n|t:|1700590288\n|move|p1a: Zamazenta|Body Press|p2a: Kingambit\n|-supereffective|p2a: Kingambit\n|-damage|p2a: Kingambit|0 fnt\n|faint|p2a: Kingambit\n|-end|p2a: Kingambit|fallen1|[silent]\n|\n|-heal|p1a: Zamazenta|41\/100|[from] item: Leftovers\n|upkeep\n|\n|t:|1700590292\n|switch|p2a: Maushold|Maushold|100\/100\n|turn|32\n|\n|t:|1700590297\n|-terastallize|p2a: Maushold|Ghost\n|move|p1a: Zamazenta|Body Press|p2a: Maushold\n|-immune|p2a: Maushold\n|move|p2a: Maushold|Encore|p1a: Zamazenta\n|-start|p1a: Zamazenta|Encore\n|\n|-heal|p1a: Zamazenta|47\/100|[from] item: Leftovers\n|upkeep\n|turn|33\n|\n|t:|1700590302\n|switch|p1a: Ting-Lu|Ting-Lu|100\/100\n|-damage|p1a: Ting-Lu|88\/100|[from] Spikes\n|-ability|p1a: Ting-Lu|Vessel of Ruin\n|move|p2a: Maushold|Tidy Up|p2a: Maushold\n|-sideend|p1: Leafeon Enjoyer|Spikes\n|-activate|p2a: Maushold|move: Tidy Up\n|-boost|p2a: Maushold|atk|1\n|-boost|p2a: Maushold|spe|1\n|\n|-heal|p1a: Ting-Lu|94\/100|[from] item: Leftovers\n|upkeep\n|turn|34\n|\n|t:|1700590305\n|move|p2a: Maushold|Population Bomb|p1a: Ting-Lu\n|-damage|p1a: Ting-Lu|87\/100\n|-damage|p1a: Ting-Lu|80\/100\n|-damage|p1a: Ting-Lu|74\/100\n|-damage|p1a: Ting-Lu|67\/100\n|-damage|p1a: Ting-Lu|60\/100\n|-damage|p1a: Ting-Lu|53\/100\n|-damage|p1a: Ting-Lu|47\/100\n|-damage|p1a: Ting-Lu|40\/100\n|-damage|p1a: Ting-Lu|33\/100\n|-damage|p1a: Ting-Lu|26\/100\n|-hitcount|p1a: Ting-Lu|10\n|move|p1a: Ting-Lu|Whirlwind|p2a: Maushold\n|drag|p2a: Weavile|Weavile, F|100\/100\n|-ability|p2a: Weavile|Pressure\n|\n|-heal|p1a: Ting-Lu|33\/100|[from] item: Leftovers\n|upkeep\n|turn|35\n|\n|t:|1700590312\n|move|p1a: Ting-Lu|Protect|p1a: Ting-Lu\n|-singleturn|p1a: Ting-Lu|Protect\n|move|p2a: Weavile|Ice Spinner|p1a: Ting-Lu\n|-activate|p1a: Ting-Lu|move: Protect\n|\n|-heal|p1a: Ting-Lu|39\/100|[from] item: Leftovers\n|upkeep\n|turn|36\n|\n|t:|1700590318\n|move|p2a: Weavile|Ice Spinner|p1a: Ting-Lu\n|-supereffective|p1a: Ting-Lu\n|-damage|p1a: Ting-Lu|5\/100\n|move|p1a: Ting-Lu|Earthquake|p2a: Weavile\n|-damage|p2a: Weavile|40\/100\n|\n|-heal|p1a: Ting-Lu|11\/100|[from] item: Leftovers\n|upkeep\n|turn|37\n|\n|t:|1700590321\n|move|p2a: Weavile|Swords Dance|p2a: Weavile\n|-boost|p2a: Weavile|atk|2\n|move|p1a: Ting-Lu|Earthquake|p2a: Weavile\n|-damage|p2a: Weavile|0 fnt\n|faint|p2a: Weavile\n|\n|-heal|p1a: Ting-Lu|17\/100|[from] item: Leftovers\n|upkeep\n|\n|t:|1700590323\n|switch|p2a: Maushold|Maushold, tera:Ghost|100\/100\n|turn|38\n|\n|t:|1700590325\n|move|p2a: Maushold|Population Bomb|p1a: Ting-Lu\n|-damage|p1a: Ting-Lu|13\/100\n|-damage|p1a: Ting-Lu|8\/100\n|-damage|p1a: Ting-Lu|3\/100\n|-damage|p1a: Ting-Lu|0 fnt\n|faint|p1a: Ting-Lu\n|-hitcount|p1: Ting-Lu|4\n|\n|upkeep\n|\n|t:|1700590327\n|switch|p1a: Zamazenta|Zamazenta|47\/100\n|turn|39\n|\n|t:|1700590329\n|move|p1a: Zamazenta|Crunch|p2a: Maushold\n|-supereffective|p2a: Maushold\n|-damage|p2a: Maushold|35\/100\n|move|p2a: Maushold|Population Bomb|p1a: Zamazenta\n|-damage|p1a: Zamazenta|39\/100\n|-damage|p1a: Zamazenta|32\/100\n|-crit|p1a: Zamazenta\n|-damage|p1a: Zamazenta|19\/100\n|-damage|p1a: Zamazenta|12\/100\n|-damage|p1a: Zamazenta|3\/100\n|-damage|p1a: Zamazenta|0 fnt\n|faint|p1a: Zamazenta\n|-hitcount|p1: Zamazenta|6\n|\n|upkeep\n|\n|t:|1700590331\n|switch|p1a: Heatran|Heatran, M|88\/100\n|turn|40\n|\n|t:|1700590344\n|switch|p2a: Amoonguss|Amoonguss, M, shiny|90\/100\n|move|p1a: Heatran|Earth Power|p2a: Amoonguss\n|-damage|p2a: Amoonguss|66\/100\n|\n|-heal|p1a: Heatran|94\/100|[from] item: Leftovers\n|upkeep\n|turn|41\n|\n|t:|1700590351\n|move|p1a: Heatran|Substitute|p1a: Heatran\n|-start|p1a: Heatran|Substitute\n|-damage|p1a: Heatran|69\/100\n|move|p2a: Amoonguss|Spore||[still]\n|-fail|p2a: Amoonguss\n|\n|-heal|p1a: Heatran|76\/100|[from] item: Leftovers\n|upkeep\n|turn|42\n|\n|t:|1700590355\n|move|p1a: Heatran|Magma Storm|p2a: Amoonguss\n|-supereffective|p2a: Amoonguss\n|-damage|p2a: Amoonguss|0 fnt\n|faint|p2a: Amoonguss\n|\n|-heal|p1a: Heatran|82\/100|[from] item: Leftovers\n|upkeep\n|\n|t:|1700590357\n|switch|p2a: Garganacl|Garganacl, M, shiny|100\/100\n|turn|43\n|\n|t:|1700590360\n|move|p1a: Heatran|Protect|p1a: Heatran\n|-singleturn|p1a: Heatran|Protect\n|move|p2a: Garganacl|Body Press|p1a: Heatran\n|-activate|p1a: Heatran|move: Protect\n|\n|-heal|p1a: Heatran|88\/100|[from] item: Leftovers\n|upkeep\n|turn|44\n|\n|t:|1700590362\n|move|p1a: Heatran|Earth Power|p2a: Garganacl\n|-supereffective|p2a: Garganacl\n|-damage|p2a: Garganacl|68\/100\n|move|p2a: Garganacl|Body Press|p1a: Heatran\n|-supereffective|p1a: Heatran\n|-end|p1a: Heatran|Substitute\n|\n|-heal|p1a: Heatran|94\/100|[from] item: Leftovers\n|-heal|p2a: Garganacl|74\/100|[from] item: Leftovers\n|upkeep\n|turn|45\n|\n|t:|1700590368\n|move|p1a: Heatran|Earth Power|p2a: Garganacl\n|-supereffective|p2a: Garganacl\n|-damage|p2a: Garganacl|38\/100\n|move|p2a: Garganacl|Body Press|p1a: Heatran\n|-supereffective|p1a: Heatran\n|-damage|p1a: Heatran|54\/100\n|\n|-heal|p1a: Heatran|61\/100|[from] item: Leftovers\n|-heal|p2a: Garganacl|45\/100|[from] item: Leftovers\n|upkeep\n|turn|46\n|\n|t:|1700590373\n|move|p1a: Heatran|Substitute|p1a: Heatran\n|-start|p1a: Heatran|Substitute\n|-damage|p1a: Heatran|36\/100\n|move|p2a: Garganacl|Recover|p2a: Garganacl\n|-heal|p2a: Garganacl|95\/100\n|\n|-heal|p1a: Heatran|42\/100|[from] item: Leftovers\n|-heal|p2a: Garganacl|100\/100|[from] item: Leftovers\n|upkeep\n|turn|47\n|\n|t:|1700590376\n|move|p1a: Heatran|Protect|p1a: Heatran\n|-singleturn|p1a: Heatran|Protect\n|move|p2a: Garganacl|Body Press|p1a: Heatran\n|-activate|p1a: Heatran|move: Protect\n|\n|-heal|p1a: Heatran|48\/100|[from] item: Leftovers\n|upkeep\n|turn|48\n|\n|t:|1700590378\n|move|p1a: Heatran|Earth Power|p2a: Garganacl\n|-supereffective|p2a: Garganacl\n|-damage|p2a: Garganacl|68\/100\n|-unboost|p2a: Garganacl|spd|1\n|move|p2a: Garganacl|Body Press|p1a: Heatran\n|-supereffective|p1a: Heatran\n|-end|p1a: Heatran|Substitute\n|\n|-heal|p1a: Heatran|54\/100|[from] item: Leftovers\n|-heal|p2a: Garganacl|74\/100|[from] item: Leftovers\n|upkeep\n|turn|49\n|\n|t:|1700590387\n|move|p1a: Heatran|Earth Power|p2a: Garganacl\n|-supereffective|p2a: Garganacl\n|-damage|p2a: Garganacl|21\/100\n|move|p2a: Garganacl|Body Press|p1a: Heatran\n|-supereffective|p1a: Heatran\n|-damage|p1a: Heatran|17\/100\n|\n|-heal|p1a: Heatran|23\/100|[from] item: Leftovers\n|-heal|p2a: Garganacl|27\/100|[from] item: Leftovers\n|upkeep\n|turn|50\n|\n|t:|1700590393\n|switch|p2a: Maushold|Maushold, tera:Ghost|35\/100\n|move|p1a: Heatran|Earth Power|p2a: Maushold\n|-damage|p2a: Maushold|0 fnt\n|faint|p2a: Maushold\n|\n|-heal|p1a: Heatran|30\/100|[from] item: Leftovers\n|upkeep\n|\n|t:|1700590395\n|switch|p2a: Garganacl|Garganacl, M, shiny|27\/100\n|turn|51\n|\n|t:|1700590398\n|move|p1a: Heatran|Earth Power|p2a: Garganacl\n|-supereffective|p2a: Garganacl\n|-damage|p2a: Garganacl|0 fnt\n|faint|p2a: Garganacl\n|\n|win|Leafeon Enjoyer\n|raw|Leafeon Enjoyer's rating: 1285 &rarr; <strong>1311<\/strong><br \/>(+26 for winning)\n|raw|Dr. Drake6782's rating: 1303 &rarr; <strong>1282<\/strong><br \/>(-21 for losing)\n|l|\u2606Dr. Drake6782\n|c|\u2606Leafeon Enjoyer|huh\n","uploadtime":1700590409,"views":2,"p1id":"leafeonenjoyer","p2id":"drdrake6782","formatid":"gen9ou","rating":1282,"private":0,"password":""}