{"id":"gen9ou-1996962380","p1":"OhMeOhMyOhMeOhMy","p2":"Jontrendline","format":"[Gen 9] OU","log":"|j|\u2606OhMeOhMyOhMeOhMy\n|j|\u2606Jontrendline\n|t:|1700750110\n|gametype|singles\n|player|p1|OhMeOhMyOhMeOhMy|266|1689\n|player|p2|Jontrendline|scientist-gen4|1722\n|teamsize|p1|6\n|teamsize|p2|6\n|gen|9\n|tier|[Gen 9] OU\n|rated|\n|rule|Sleep Clause Mod: Limit one foe put to sleep\n|rule|Species Clause: Limit one of each Pok\u00e9mon\n|rule|OHKO Clause: OHKO moves are banned\n|rule|Evasion Items Clause: Evasion items are banned\n|rule|Evasion Moves Clause: Evasion moves are banned\n|rule|Endless Battle Clause: Forcing endless battles is banned\n|rule|HP Percentage Mod: HP is shown in percentages\n|clearpoke\n|poke|p1|Gholdengo|\n|poke|p1|Iron Valiant|\n|poke|p1|Clefable, M|\n|poke|p1|Clodsire, M|\n|poke|p1|Skeledirge, M|\n|poke|p1|Corviknight, M|\n|poke|p2|Heatran, M|\n|poke|p2|Toxapex, M|\n|poke|p2|Blissey, F|\n|poke|p2|Zamazenta-*|\n|poke|p2|Weezing-Galar, F|\n|poke|p2|Weavile, F|\n|teampreview\n|inactive|Battle timer is ON: inactive players will automatically lose when time's up. (requested by OhMeOhMyOhMeOhMy)\n|\n|t:|1700750134\n|start\n|switch|p1a: Clefable|Clefable, M|100\/100\n|switch|p2a: Toxapex|Toxapex, M|100\/100\n|turn|1\n|\n|t:|1700750145\n|switch|p1a: Clodsire|Clodsire, M|100\/100\n|move|p2a: Toxapex|Sludge Bomb|p1a: Clodsire\n|-resisted|p1a: Clodsire\n|-damage|p1a: Clodsire|98\/100\n|\n|upkeep\n|turn|2\n|j| fropop\n|\n|t:|1700750154\n|move|p2a: Toxapex|Toxic Spikes|p1a: Clodsire\n|-sidestart|p1: OhMeOhMyOhMeOhMy|move: Toxic Spikes\n|move|p1a: Clodsire|Spikes|p2a: Toxapex\n|-sidestart|p2: Jontrendline|Spikes\n|\n|upkeep\n|turn|3\n|\n|t:|1700750158\n|move|p2a: Toxapex|Toxic Spikes|p1a: Clodsire\n|-sidestart|p1: OhMeOhMyOhMeOhMy|move: Toxic Spikes\n|move|p1a: Clodsire|Earthquake|p2a: Toxapex\n|-supereffective|p2a: Toxapex\n|-damage|p2a: Toxapex|66\/100\n|\n|-heal|p2a: Toxapex|73\/100|[from] item: Black Sludge\n|upkeep\n|turn|4\n|\n|t:|1700750161\n|switch|p2a: Weezing|Weezing-Galar, F, shiny|100\/100\n|move|p1a: Clodsire|Spikes|p2a: Weezing\n|-sidestart|p2: Jontrendline|Spikes\n|\n|upkeep\n|turn|5\n|\n|t:|1700750168\n|switch|p1a: Gholdengo|Gholdengo|100\/100\n|move|p2a: Weezing|Flamethrower|p1a: Gholdengo\n|-supereffective|p1a: Gholdengo\n|-damage|p1a: Gholdengo|60\/100\n|\n|upkeep\n|turn|6\n|\n|t:|1700750176\n|switch|p2a: Toxapex|Toxapex, M|100\/100\n|-damage|p2a: Toxapex|84\/100|[from] Spikes\n|move|p1a: Gholdengo|Recover|p1a: Gholdengo\n|-heal|p1a: Gholdengo|100\/100\n|\n|-heal|p2a: Toxapex|90\/100|[from] item: Black Sludge\n|upkeep\n|turn|7\n|\n|t:|1700750184\n|switch|p2a: Weavile|Weavile, F|100\/100\n|-ability|p2a: Weavile|Pressure\n|move|p1a: Gholdengo|Nasty Plot|p1a: Gholdengo\n|-boost|p1a: Gholdengo|spa|2\n|\n|upkeep\n|turn|8\n|\n|t:|1700750192\n|switch|p1a: Corviknight|Corviknight, M|100\/100\n|-ability|p1a: Corviknight|Pressure\n|move|p2a: Weavile|Knock Off|p1a: Corviknight\n|-damage|p1a: Corviknight|73\/100\n|-damage|p2a: Weavile|84\/100|[from] item: Rocky Helmet|[of] p1a: Corviknight\n|-enditem|p1a: Corviknight|Rocky Helmet|[from] move: Knock Off|[of] p2a: Weavile\n|\n|upkeep\n|turn|9\n|\n|t:|1700750209\n|switch|p2a: Weezing|Weezing-Galar, F, shiny|100\/100\n|move|p1a: Corviknight|U-turn|p2a: Weezing\n|-resisted|p2a: Weezing\n|-damage|p2a: Weezing|98\/100\n|-damage|p1a: Corviknight|56\/100|[from] item: Rocky Helmet|[of] p2a: Weezing\n|\n|t:|1700750212\n|switch|p1a: Gholdengo|Gholdengo|100\/100|[from] U-turn\n|\n|upkeep\n|turn|10\n|\n|t:|1700750217\n|switch|p2a: Heatran|Heatran, M|100\/100\n|-damage|p2a: Heatran|84\/100|[from] Spikes\n|move|p1a: Gholdengo|Nasty Plot|p1a: Gholdengo\n|-boost|p1a: Gholdengo|spa|2\n|\n|-heal|p2a: Heatran|90\/100|[from] item: Leftovers\n|upkeep\n|turn|11\n|\n|t:|1700750219\n|move|p1a: Gholdengo|Shadow Ball|p2a: Heatran\n|-damage|p2a: Heatran|32\/100\n|move|p2a: Heatran|Magma Storm|p1a: Gholdengo\n|-supereffective|p1a: Gholdengo\n|-damage|p1a: Gholdengo|3\/100\n|-activate|p1a: Gholdengo|move: Magma Storm|[of] p2a: Heatran\n|\n|-heal|p2a: Heatran|38\/100|[from] item: Leftovers\n|-damage|p1a: Gholdengo|0 fnt|[from] move: Magma Storm|[partiallytrapped]\n|faint|p1a: Gholdengo\n|upkeep\n|\n|t:|1700750223\n|switch|p1a: Clodsire|Clodsire, M|98\/100\n|-sideend|p1: OhMeOhMyOhMeOhMy|move: Toxic Spikes|[of] p1a: Clodsire\n|turn|12\n|\n|t:|1700750227\n|move|p2a: Heatran|Protect|p2a: Heatran\n|-singleturn|p2a: Heatran|Protect\n|move|p1a: Clodsire|Earthquake|p2a: Heatran\n|-activate|p2a: Heatran|move: Protect\n|\n|-heal|p2a: Heatran|44\/100|[from] item: Leftovers\n|upkeep\n|turn|13\n|\n|t:|1700750230\n|switch|p2a: Weezing|Weezing-Galar, F, shiny|98\/100\n|move|p1a: Clodsire|Spikes|p2a: Weezing\n|-sidestart|p2: Jontrendline|Spikes\n|\n|upkeep\n|turn|14\n|\n|t:|1700750239\n|switch|p1a: Skeledirge|Skeledirge, M|100\/100\n|move|p2a: Weezing|Defog|p1a: Skeledirge\n|-unboost|p1a: Skeledirge|evasion|1\n|-sideend|p2: Jontrendline|Spikes|[from] move: Defog|[of] p2a: Weezing\n|\n|upkeep\n|turn|15\n|\n|t:|1700750243\n|switch|p2a: Heatran|Heatran, M|44\/100\n|move|p1a: Skeledirge|Torch Song|p2a: Heatran\n|-start|p2a: Heatran|ability: Flash Fire\n|\n|-heal|p2a: Heatran|50\/100|[from] item: Leftovers\n|upkeep\n|turn|16\n|\n|t:|1700750245\n|move|p2a: Heatran|Magma Storm|p1a: Skeledirge\n|-resisted|p1a: Skeledirge\n|-damage|p1a: Skeledirge|72\/100\n|-activate|p1a: Skeledirge|move: Magma Storm|[of] p2a: Heatran\n|move|p1a: Skeledirge|Hex|p2a: Heatran\n|-damage|p2a: Heatran|30\/100\n|\n|-heal|p2a: Heatran|36\/100|[from] item: Leftovers\n|-damage|p1a: Skeledirge|60\/100|[from] move: Magma Storm|[partiallytrapped]\n|upkeep\n|turn|17\n|\n|t:|1700750250\n|switch|p1a: Clodsire|Clodsire, M|98\/100\n|move|p2a: Heatran|Earth Power|p1a: Clodsire\n|-supereffective|p1a: Clodsire\n|-damage|p1a: Clodsire|61\/100\n|-unboost|p1a: Clodsire|spd|1\n|\n|-heal|p2a: Heatran|43\/100|[from] item: Leftovers\n|upkeep\n|turn|18\n|-message|OhMeOhMyOhMeOhMy forfeited.\n|\n|win|Jontrendline\n|raw|OhMeOhMyOhMeOhMy's rating: 1689 &rarr; <strong>1671<\/strong><br \/>(-18 for losing)\n|raw|Jontrendline's rating: 1722 &rarr; <strong>1740<\/strong><br \/>(+18 for winning)\n|l|\u2606OhMeOhMyOhMeOhMy\n|l| fropop\n|j| mew852\n","uploadtime":1700750847,"views":7,"p1id":"ohmeohmyohmeohmy","p2id":"jontrendline","formatid":"gen9ou","rating":1671,"private":0,"password":""}