{"id":"gen9ou-1994771128","p1":"liaoya","p2":"bademann","format":"[Gen 9] OU","log":"|j|\u2606liaoya\n|j|\u2606bademann\n|t:|1700491147\n|gametype|singles\n|player|p1|liaoya|petrel|1536\n|player|p2|bademann|flannery|1456\n|teamsize|p1|6\n|teamsize|p2|6\n|gen|9\n|tier|[Gen 9] OU\n|rated|\n|rule|Sleep Clause Mod: Limit one foe put to sleep\n|rule|Species Clause: Limit one of each Pok\u00e9mon\n|rule|OHKO Clause: OHKO moves are banned\n|rule|Evasion Items Clause: Evasion items are banned\n|rule|Evasion Moves Clause: Evasion moves are banned\n|rule|Endless Battle Clause: Forcing endless battles is banned\n|rule|HP Percentage Mod: HP is shown in percentages\n|clearpoke\n|poke|p1|Drifblim, M|\n|poke|p1|Garganacl, F|\n|poke|p1|Umbreon, F|\n|poke|p1|Rotom-Wash|\n|poke|p1|Glimmora, F|\n|poke|p1|Espeon, F|\n|poke|p2|Vikavolt, M|\n|poke|p2|Enamorus, F|\n|poke|p2|Great Tusk|\n|poke|p2|Gholdengo|\n|poke|p2|Kommo-o, F|\n|poke|p2|Iron Moth|\n|teampreview\n|inactive|Battle timer is ON: inactive players will automatically lose when time's up. (requested by bademann)\n|\n|t:|1700491168\n|start\n|switch|p1a: Rotom|Rotom-Wash|100\/100\n|switch|p2a: Great Tusk|Great Tusk|100\/100\n|turn|1\n|\n|t:|1700491174\n|move|p1a: Rotom|Hydro Pump|p2a: Great Tusk\n|-supereffective|p2a: Great Tusk\n|-damage|p2a: Great Tusk|0 fnt\n|faint|p2a: Great Tusk\n|-end|p2a: Great Tusk|Protosynthesis|[silent]\n|\n|upkeep\n|\n|t:|1700491181\n|switch|p2a: Kommo-o|Kommo-o, F|100\/100\n|turn|2\n|\n|t:|1700491186\n|switch|p1a: Espeon|Espeon, F|100\/100\n|move|p2a: Kommo-o|Clangorous Soul|p2a: Kommo-o\n|-boost|p2a: Kommo-o|atk|1\n|-boost|p2a: Kommo-o|def|1\n|-boost|p2a: Kommo-o|spa|1\n|-boost|p2a: Kommo-o|spd|1\n|-boost|p2a: Kommo-o|spe|1\n|-damage|p2a: Kommo-o|68\/100\n|\n|-heal|p2a: Kommo-o|74\/100|[from] item: Leftovers\n|upkeep\n|turn|3\n|\n|t:|1700491196\n|move|p2a: Kommo-o|Clanging Scales|p1a: Espeon\n|-damage|p1a: Espeon|33\/100\n|-unboost|p2a: Kommo-o|def|1\n|move|p1a: Espeon|Trick|p2a: Kommo-o\n|-activate|p1a: Espeon|move: Trick|[of] p2a: Kommo-o\n|-item|p2a: Kommo-o|Choice Scarf|[from] move: Trick\n|-item|p1a: Espeon|Leftovers|[from] move: Trick\n|\n|-heal|p1a: Espeon|39\/100|[from] item: Leftovers\n|upkeep\n|turn|4\n|\n|t:|1700491212\n|move|p1a: Espeon|Detect|p1a: Espeon\n|-singleturn|p1a: Espeon|Protect\n|move|p2a: Kommo-o|Drain Punch|p1a: Espeon\n|-activate|p1a: Espeon|move: Protect\n|\n|-heal|p1a: Espeon|45\/100|[from] item: Leftovers\n|upkeep\n|turn|5\n|\n|t:|1700491229\n|switch|p2a: Enamorus|Enamorus, F|100\/100\n|move|p1a: Espeon|Dazzling Gleam|p2a: Enamorus\n|-damage|p2a: Enamorus|66\/100\n|\n|-heal|p1a: Espeon|51\/100|[from] item: Leftovers\n|upkeep\n|turn|6\n|\n|t:|1700491242\n|move|p2a: Enamorus|Draining Kiss|p1a: Espeon\n|-damage|p1a: Espeon|19\/100\n|-heal|p2a: Enamorus|94\/100|[from] drain|[of] p1a: Espeon\n|-damage|p2a: Enamorus|84\/100|[from] item: Life Orb\n|move|p1a: Espeon|Psyshock|p2a: Enamorus\n|-damage|p2a: Enamorus|27\/100\n|\n|-heal|p1a: Espeon|25\/100|[from] item: Leftovers\n|upkeep\n|turn|7\n|\n|t:|1700491251\n|move|p2a: Enamorus|Draining Kiss|p1a: Espeon\n|-damage|p1a: Espeon|0 fnt\n|-heal|p2a: Enamorus|49\/100|[from] drain|[of] p1a: Espeon\n|faint|p1a: Espeon\n|-damage|p2a: Enamorus|39\/100|[from] item: Life Orb\n|\n|upkeep\n|\n|t:|1700491255\n|switch|p1a: Rotom|Rotom-Wash|100\/100\n|turn|8\n|\n|t:|1700491261\n|switch|p2a: Vikavolt|Vikavolt, M|100\/100\n|move|p1a: Rotom|Volt Switch|p2a: Vikavolt\n|-resisted|p2a: Vikavolt\n|-damage|p2a: Vikavolt|82\/100\n|\n|t:|1700491268\n|switch|p1a: Garganacl|Garganacl, F, shiny|100\/100|[from] Volt Switch\n|\n|upkeep\n|turn|9\n|\n|t:|1700491275\n|-terastallize|p1a: Garganacl|Ghost\n|move|p2a: Vikavolt|Sticky Web|p1a: Garganacl\n|-sidestart|p1: liaoya|move: Sticky Web\n|move|p1a: Garganacl|Salt Cure|p2a: Vikavolt\n|-supereffective|p2a: Vikavolt\n|-damage|p2a: Vikavolt|52\/100\n|-start|p2a: Vikavolt|Salt Cure\n|\n|-damage|p2a: Vikavolt|40\/100|[from] Salt Cure\n|upkeep\n|turn|10\n|\n|t:|1700491283\n|move|p2a: Vikavolt|Volt Switch|p1a: Garganacl\n|-damage|p1a: Garganacl|74\/100\n|\n|t:|1700491293\n|switch|p2a: Enamorus|Enamorus, F|39\/100|[from] Volt Switch\n|move|p1a: Garganacl|Salt Cure|p2a: Enamorus\n|-supereffective|p2a: Enamorus\n|-damage|p2a: Enamorus|0 fnt\n|faint|p2a: Enamorus\n|\n|-heal|p1a: Garganacl|80\/100|[from] item: Leftovers\n|upkeep\n|\n|t:|1700491310\n|switch|p2a: Kommo-o|Kommo-o, F|74\/100\n|turn|11\n|\n|t:|1700491316\n|move|p2a: Kommo-o|Clanging Scales|p1a: Garganacl\n|-crit|p1a: Garganacl\n|-damage|p1a: Garganacl|35\/100\n|-unboost|p2a: Kommo-o|def|1\n|move|p1a: Garganacl|Iron Defense|p1a: Garganacl\n|-boost|p1a: Garganacl|def|2\n|\n|-heal|p1a: Garganacl|42\/100|[from] item: Leftovers\n|upkeep\n|turn|12\n|\n|t:|1700491325\n|move|p2a: Kommo-o|Clanging Scales|p1a: Garganacl\n|-damage|p1a: Garganacl|10\/100\n|-unboost|p2a: Kommo-o|def|1\n|move|p1a: Garganacl|Recover|p1a: Garganacl\n|-heal|p1a: Garganacl|60\/100\n|\n|-heal|p1a: Garganacl|67\/100|[from] item: Leftovers\n|upkeep\n|turn|13\n|\n|t:|1700491332\n|move|p2a: Kommo-o|Clanging Scales|p1a: Garganacl\n|-damage|p1a: Garganacl|35\/100\n|-unboost|p2a: Kommo-o|def|1\n|move|p1a: Garganacl|Salt Cure|p2a: Kommo-o\n|-resisted|p2a: Kommo-o\n|-damage|p2a: Kommo-o|58\/100\n|-start|p2a: Kommo-o|Salt Cure\n|\n|-heal|p1a: Garganacl|41\/100|[from] item: Leftovers\n|-damage|p2a: Kommo-o|45\/100|[from] Salt Cure\n|upkeep\n|turn|14\n|\n|t:|1700491339\n|move|p2a: Kommo-o|Clanging Scales|p1a: Garganacl\n|-damage|p1a: Garganacl|7\/100\n|-unboost|p2a: Kommo-o|def|1\n|move|p1a: Garganacl|Recover|p1a: Garganacl\n|-heal|p1a: Garganacl|57\/100\n|\n|-heal|p1a: Garganacl|63\/100|[from] item: Leftovers\n|-damage|p2a: Kommo-o|33\/100|[from] Salt Cure\n|upkeep\n|turn|15\n|\n|t:|1700491349\n|move|p2a: Kommo-o|Clanging Scales|p1a: Garganacl\n|-damage|p1a: Garganacl|29\/100\n|-unboost|p2a: Kommo-o|def|1\n|move|p1a: Garganacl|Recover|p1a: Garganacl\n|-heal|p1a: Garganacl|79\/100\n|\n|-heal|p1a: Garganacl|85\/100|[from] item: Leftovers\n|-damage|p2a: Kommo-o|20\/100|[from] Salt Cure\n|upkeep\n|turn|16\n|\n|t:|1700491360\n|move|p2a: Kommo-o|Clanging Scales|p1a: Garganacl\n|-damage|p1a: Garganacl|51\/100\n|-unboost|p2a: Kommo-o|def|1\n|move|p1a: Garganacl|Recover|p1a: Garganacl\n|-heal|p1a: Garganacl|100\/100\n|\n|-damage|p2a: Kommo-o|8\/100|[from] Salt Cure\n|upkeep\n|turn|17\n|\n|t:|1700491373\n|switch|p2a: Vikavolt|Vikavolt, M|40\/100\n|move|p1a: Garganacl|Iron Defense|p1a: Garganacl\n|-boost|p1a: Garganacl|def|2\n|\n|upkeep\n|turn|18\n|\n|t:|1700491380\n|move|p2a: Vikavolt|Volt Switch|p1a: Garganacl\n|-damage|p1a: Garganacl|70\/100\n|\n|t:|1700491385\n|switch|p2a: Gholdengo|Gholdengo|100\/100|[from] Volt Switch\n|-item|p2a: Gholdengo|Air Balloon\n|move|p1a: Garganacl|Salt Cure|p2a: Gholdengo\n|-resisted|p2a: Gholdengo\n|-damage|p2a: Gholdengo|93\/100\n|-start|p2a: Gholdengo|Salt Cure\n|-enditem|p2a: Gholdengo|Air Balloon\n|\n|-heal|p1a: Garganacl|76\/100|[from] item: Leftovers\n|-damage|p2a: Gholdengo|68\/100|[from] Salt Cure\n|upkeep\n|turn|19\n|\n|t:|1700491395\n|switch|p1a: Rotom|Rotom-Wash|100\/100\n|move|p2a: Gholdengo|Make It Rain|p1a: Rotom\n|-resisted|p1a: Rotom\n|-damage|p1a: Rotom|83\/100\n|-unboost|p2a: Gholdengo|spa|1\n|\n|-damage|p2a: Gholdengo|43\/100|[from] Salt Cure\n|upkeep\n|turn|20\n|\n|t:|1700491406\n|switch|p2a: Kommo-o|Kommo-o, F|8\/100\n|move|p1a: Rotom|Hydro Pump|p2a: Kommo-o\n|-resisted|p2a: Kommo-o\n|-damage|p2a: Kommo-o|0 fnt\n|faint|p2a: Kommo-o\n|\n|upkeep\n|\n|t:|1700491414\n|switch|p2a: Vikavolt|Vikavolt, M|40\/100\n|turn|21\n|\n|t:|1700491418\n|move|p1a: Rotom|Hydro Pump|p2a: Vikavolt\n|-damage|p2a: Vikavolt|0 fnt\n|faint|p2a: Vikavolt\n|\n|upkeep\n|\n|t:|1700491421\n|switch|p2a: Iron Moth|Iron Moth|100\/100\n|-enditem|p2a: Iron Moth|Booster Energy\n|-activate|p2a: Iron Moth|ability: Quark Drive|[fromitem]\n|-start|p2a: Iron Moth|quarkdrivespe\n|turn|22\n|\n|t:|1700491427\n|move|p2a: Iron Moth|Sludge Wave|p1a: Rotom\n|-damage|p1a: Rotom|30\/100\n|move|p1a: Rotom|Hydro Pump|p2a: Iron Moth\n|-supereffective|p2a: Iron Moth\n|-damage|p2a: Iron Moth|0 fnt\n|faint|p2a: Iron Moth\n|-end|p2a: Iron Moth|Quark Drive|[silent]\n|\n|upkeep\n|\n|t:|1700491432\n|switch|p2a: Gholdengo|Gholdengo|43\/100\n|turn|23\n|\n|t:|1700491435\n|move|p1a: Rotom|Hydro Pump|p2a: Gholdengo\n|-damage|p2a: Gholdengo|0 fnt\n|faint|p2a: Gholdengo\n|\n|win|liaoya\n|raw|liaoya's rating: 1536 &rarr; <strong>1551<\/strong><br \/>(+15 for winning)\n|raw|bademann's rating: 1456 &rarr; <strong>1441<\/strong><br \/>(-15 for losing)\n|l|\u2606bademann\n","uploadtime":1700491439,"views":5,"p1id":"liaoya","p2id":"bademann","formatid":"gen9ou","rating":1441,"private":0,"password":""}