{"id":"gen9ou-1996349831","p1":"Fusion zoroark","p2":"meykii","format":"[Gen 9] OU","log":"|j|\u2606Fusion zoroark\n|j|\u2606meykii\n|t:|1700673643\n|gametype|singles\n|player|p1|Fusion zoroark|lucas|\n|player|p2|meykii|169|\n|teamsize|p1|4\n|teamsize|p2|2\n|gen|9\n|tier|[Gen 9] OU\n|rule|Sleep Clause Mod: Limit one foe put to sleep\n|rule|Species Clause: Limit one of each Pok\u00e9mon\n|rule|OHKO Clause: OHKO moves are banned\n|rule|Evasion Items Clause: Evasion items are banned\n|rule|Evasion Moves Clause: Evasion moves are banned\n|rule|Endless Battle Clause: Forcing endless battles is banned\n|rule|HP Percentage Mod: HP is shown in percentages\n|clearpoke\n|poke|p1|Cloyster, F|\n|poke|p1|Gholdengo|\n|poke|p1|Gastrodon, M|\n|poke|p1|Ninetales-Alola, F|\n|poke|p2|Clodsire, M|\n|poke|p2|Sandy Shocks|\n|teampreview\n|l|\u2606Fusion zoroark\n|player|p1|\n|j|\u2606Fusion zoroark\n|player|p1|Fusion zoroark|lucas\n|j| IcyZoroark\n|l|\u2606Fusion zoroark\n|player|p1|\n|j| MtyMiltanks\n|j|\u2606Fusion zoroark\n|player|p1|Fusion zoroark|lucas\n|j| guzmfran\n|c|\u2606Fusion zoroark|Ready\n|j| RexxFox\n|c|\u2606meykii|glhf go easy on me kay >.<\n|\n|t:|1700673727\n|start\n|switch|p1a: Cloyster|Cloyster, F|100\/100\n|switch|p2a: Sandy Shocks|Sandy Shocks|100\/100\n|-enditem|p2a: Sandy Shocks|Booster Energy\n|-activate|p2a: Sandy Shocks|ability: Protosynthesis|[fromitem]\n|-start|p2a: Sandy Shocks|protosynthesisspa\n|turn|1\n|\n|t:|1700673769\n|-terastallize|p1a: Cloyster|Ice\n|move|p1a: Cloyster|Shell Smash|p1a: Cloyster\n|-unboost|p1a: Cloyster|def|1\n|-unboost|p1a: Cloyster|spd|1\n|-boost|p1a: Cloyster|atk|2\n|-boost|p1a: Cloyster|spa|2\n|-boost|p1a: Cloyster|spe|2\n|move|p2a: Sandy Shocks|Thunderbolt|p1a: Cloyster\n|-enditem|p1a: Cloyster|Focus Sash\n|-damage|p1a: Cloyster|1\/100\n|\n|upkeep\n|turn|2\n|\n|t:|1700673785\n|move|p1a: Cloyster|Icicle Spear|p2a: Sandy Shocks\n|-supereffective|p2a: Sandy Shocks\n|-damage|p2a: Sandy Shocks|49\/100\n|-supereffective|p2a: Sandy Shocks\n|-damage|p2a: Sandy Shocks|0 fnt\n|faint|p2a: Sandy Shocks\n|-end|p2a: Sandy Shocks|Protosynthesis|[silent]\n|-hitcount|p2: Sandy Shocks|2\n|\n|upkeep\n|\n|t:|1700673787\n|switch|p2a: Clodsire|Clodsire, M|100\/100\n|turn|3\n|c|\u2606meykii|gg\n|\n|t:|1700673813\n|-terastallize|p2a: Clodsire|Fairy\n|move|p1a: Cloyster|Icicle Spear|p2a: Clodsire\n|-crit|p2a: Clodsire\n|-damage|p2a: Clodsire|76\/100\n|-damage|p2a: Clodsire|61\/100\n|-damage|p2a: Clodsire|47\/100\n|-damage|p2a: Clodsire|32\/100\n|-damage|p2a: Clodsire|17\/100\n|-hitcount|p2a: Clodsire|5\n|move|p2a: Clodsire|Curse|p2a: Clodsire\n|-unboost|p2a: Clodsire|spe|1\n|-boost|p2a: Clodsire|atk|1\n|-boost|p2a: Clodsire|def|1\n|\n|-heal|p2a: Clodsire|23\/100|[from] item: Leftovers\n|upkeep\n|turn|4\n|\n|t:|1700673833\n|move|p1a: Cloyster|Drill Run|p2a: Clodsire\n|-damage|p2a: Clodsire|8\/100\n|move|p2a: Clodsire|Recover|p2a: Clodsire\n|-heal|p2a: Clodsire|58\/100\n|\n|-heal|p2a: Clodsire|64\/100|[from] item: Leftovers\n|upkeep\n|turn|5\n|\n|t:|1700673845\n|move|p1a: Cloyster|Icicle Spear|p2a: Clodsire\n|-damage|p2a: Clodsire|54\/100\n|-damage|p2a: Clodsire|44\/100\n|-damage|p2a: Clodsire|34\/100\n|-damage|p2a: Clodsire|24\/100\n|-damage|p2a: Clodsire|14\/100\n|-hitcount|p2a: Clodsire|5\n|move|p2a: Clodsire|Earthquake|p1a: Cloyster\n|-damage|p1a: Cloyster|0 fnt\n|faint|p1a: Cloyster\n|\n|-heal|p2a: Clodsire|20\/100|[from] item: Leftovers\n|upkeep\n|\n|t:|1700673863\n|switch|p1a: Gastrodon|Gastrodon, M|100\/100\n|turn|6\n|\n|t:|1700673871\n|move|p1a: Gastrodon|Surf|p2a: Clodsire\n|-damage|p2a: Clodsire|5\/100\n|move|p2a: Clodsire|Recover|p2a: Clodsire\n|-heal|p2a: Clodsire|55\/100\n|\n|-heal|p2a: Clodsire|61\/100|[from] item: Leftovers\n|upkeep\n|turn|7\n|\n|t:|1700673887\n|move|p1a: Gastrodon|Yawn|p2a: Clodsire\n|-start|p2a: Clodsire|move: Yawn|[of] p1a: Gastrodon\n|move|p2a: Clodsire|Curse|p2a: Clodsire\n|-unboost|p2a: Clodsire|spe|1\n|-boost|p2a: Clodsire|atk|1\n|-boost|p2a: Clodsire|def|1\n|\n|-heal|p2a: Clodsire|67\/100|[from] item: Leftovers\n|upkeep\n|turn|8\n|\n|t:|1700673902\n|move|p1a: Gastrodon|Earth Power|p2a: Clodsire\n|-damage|p2a: Clodsire|51\/100\n|move|p2a: Clodsire|Recover|p2a: Clodsire\n|-heal|p2a: Clodsire|100\/100\n|\n|-end|p2a: Clodsire|move: Yawn|[silent]\n|-status|p2a: Clodsire|slp\n|upkeep\n|turn|9\n|\n|t:|1700673917\n|switch|p1a: Gholdengo|Gholdengo|100\/100\n|cant|p2a: Clodsire|slp\n|\n|upkeep\n|turn|10\n|\n|t:|1700673924\n|move|p1a: Gholdengo|Shadow Ball|p2a: Clodsire\n|-damage|p2a: Clodsire|77\/100 slp\n|cant|p2a: Clodsire|slp\n|\n|-heal|p2a: Clodsire|83\/100 slp|[from] item: Leftovers\n|upkeep\n|turn|11\n|\n|t:|1700673949\n|move|p1a: Gholdengo|Shadow Ball|p2a: Clodsire\n|-damage|p2a: Clodsire|61\/100 slp\n|-curestatus|p2a: Clodsire|slp|[msg]\n|move|p2a: Clodsire|Earthquake|p1a: Gholdengo\n|-supereffective|p1a: Gholdengo\n|-damage|p1a: Gholdengo|0 fnt\n|faint|p1a: Gholdengo\n|\n|-heal|p2a: Clodsire|67\/100|[from] item: Leftovers\n|upkeep\n|\n|t:|1700673961\n|switch|p1a: Gastrodon|Gastrodon, M|100\/100\n|turn|12\n|l| guzmfran\n|j| guzmfran\n|\n|t:|1700673991\n|move|p1a: Gastrodon|Surf|p2a: Clodsire\n|-damage|p2a: Clodsire|53\/100\n|move|p2a: Clodsire|Earthquake|p1a: Gastrodon\n|-damage|p1a: Gastrodon|45\/100\n|\n|-heal|p2a: Clodsire|59\/100|[from] item: Leftovers\n|upkeep\n|turn|13\n|\n|t:|1700674000\n|move|p1a: Gastrodon|Recover|p1a: Gastrodon\n|-heal|p1a: Gastrodon|95\/100\n|move|p2a: Clodsire|Recover|p2a: Clodsire\n|-heal|p2a: Clodsire|100\/100\n|\n|upkeep\n|turn|14\n|\n|t:|1700674008\n|move|p1a: Gastrodon|Earth Power|p2a: Clodsire\n|-damage|p2a: Clodsire|85\/100\n|move|p2a: Clodsire|Curse|p2a: Clodsire\n|-unboost|p2a: Clodsire|spe|1\n|-boost|p2a: Clodsire|atk|1\n|-boost|p2a: Clodsire|def|1\n|\n|-heal|p2a: Clodsire|91\/100|[from] item: Leftovers\n|upkeep\n|turn|15\n|\n|t:|1700674022\n|move|p1a: Gastrodon|Yawn|p2a: Clodsire\n|-start|p2a: Clodsire|move: Yawn|[of] p1a: Gastrodon\n|move|p2a: Clodsire|Earthquake|p1a: Gastrodon\n|-damage|p1a: Gastrodon|31\/100\n|\n|-heal|p2a: Clodsire|97\/100|[from] item: Leftovers\n|upkeep\n|turn|16\n|\n|t:|1700674036\n|move|p1a: Gastrodon|Surf|p2a: Clodsire\n|-damage|p2a: Clodsire|80\/100\n|move|p2a: Clodsire|Earthquake|p1a: Gastrodon\n|-damage|p1a: Gastrodon|0 fnt\n|faint|p1a: Gastrodon\n|\n|-heal|p2a: Clodsire|86\/100|[from] item: Leftovers\n|-end|p2a: Clodsire|move: Yawn|[silent]\n|-status|p2a: Clodsire|slp\n|upkeep\n|\n|t:|1700674047\n|switch|p1a: Ninetales|Ninetales-Alola, F|100\/100\n|-weather|Snow|[from] ability: Snow Warning|[of] p1a: Ninetales\n|turn|17\n|\n|t:|1700674053\n|move|p1a: Ninetales|Aurora Veil|p1a: Ninetales\n|-sidestart|p1: Fusion zoroark|move: Aurora Veil\n|cant|p2a: Clodsire|slp\n|\n|-weather|Snow|[upkeep]\n|-heal|p2a: Clodsire|92\/100 slp|[from] item: Leftovers\n|upkeep\n|turn|18\n|\n|t:|1700674060\n|move|p1a: Ninetales|Encore|p2a: Clodsire\n|-start|p2a: Clodsire|Encore\n|cant|p2a: Clodsire|slp\n|\n|-weather|Snow|[upkeep]\n|-heal|p2a: Clodsire|98\/100 slp|[from] item: Leftovers\n|upkeep\n|turn|19\n|\n|t:|1700674069\n|move|p1a: Ninetales|Blizzard|p2a: Clodsire\n|-damage|p2a: Clodsire|75\/100 slp\n|cant|p2a: Clodsire|slp\n|\n|-weather|Snow|[upkeep]\n|-heal|p2a: Clodsire|81\/100 slp|[from] item: Leftovers\n|upkeep\n|turn|20\n|\n|t:|1700674079\n|move|p1a: Ninetales|Encore||[still]\n|-fail|p1a: Ninetales\n|-curestatus|p2a: Clodsire|slp|[msg]\n|move|p2a: Clodsire|Earthquake|p1a: Ninetales\n|-damage|p1a: Ninetales|72\/100\n|\n|-weather|Snow|[upkeep]\n|-heal|p2a: Clodsire|87\/100|[from] item: Leftovers\n|-end|p2a: Clodsire|Encore\n|upkeep\n|turn|21\n|\n|t:|1700674089\n|move|p1a: Ninetales|Moonblast|p2a: Clodsire\n|-damage|p2a: Clodsire|67\/100\n|move|p2a: Clodsire|Earthquake|p1a: Ninetales\n|-damage|p1a: Ninetales|43\/100\n|\n|-weather|none\n|-heal|p2a: Clodsire|73\/100|[from] item: Leftovers\n|upkeep\n|turn|22\n|\n|t:|1700674100\n|move|p1a: Ninetales|Aurora Veil||[still]\n|-fail|p1a: Ninetales\n|move|p2a: Clodsire|Earthquake|p1a: Ninetales\n|-damage|p1a: Ninetales|0 fnt\n|faint|p1a: Ninetales\n|\n|win|meykii\n|l|\u2606Fusion zoroark\n|l| MtyMiltanks\n|l| IcyZoroark\n|l| RexxFox\n|l| guzmfran\n|j| Horse95\n|l| Horse95\n|j|\u2606Fusion zoroark\n|player|p1|Fusion zoroark|lucas\n|l|\u2606Fusion zoroark\n|player|p1|\n|j|\u2606Fusion zoroark\n|player|p1|Fusion zoroark|lucas\n","uploadtime":1700674341,"views":13,"p1id":"fusionzoroark","p2id":"meykii","formatid":"gen9ou","rating":0,"private":0,"password":""}