{"id":"gen9ou-1999423950","p1":"Guy Oh","p2":"shadhbazz","format":"[Gen 9] OU","log":"|j|\u203dGuy Oh\n|j|\u203dshadhbazz\n|t:|1701078181\n|gametype|singles\n|player|p1|Guy Oh|boarder|\n|player|p2|shadhbazz|102|\n|teamsize|p1|6\n|teamsize|p2|6\n|gen|9\n|tier|[Gen 9] OU\n|rule|Sleep Clause Mod: Limit one foe put to sleep\n|rule|Species Clause: Limit one of each Pok\u00e9mon\n|rule|OHKO Clause: OHKO moves are banned\n|rule|Evasion Items Clause: Evasion items are banned\n|rule|Evasion Moves Clause: Evasion moves are banned\n|rule|Endless Battle Clause: Forcing endless battles is banned\n|rule|HP Percentage Mod: HP is shown in percentages\n|clearpoke\n|poke|p1|Slowking-Galar, F|\n|poke|p1|Kingambit, F|\n|poke|p1|Great Tusk|\n|poke|p1|Amoonguss, F|\n|poke|p1|Enamorus, F|\n|poke|p1|Gholdengo|\n|poke|p2|Pelipper, F|\n|poke|p2|Barraskewda, M|\n|poke|p2|Great Tusk|\n|poke|p2|Amoonguss, M|\n|poke|p2|Kingambit, M|\n|poke|p2|Garganacl, M|\n|teampreview\n|\n|t:|1701078187\n|start\n|switch|p1a: Great Tusk|Great Tusk|100\/100\n|switch|p2a: Pelipper|Pelipper, F|100\/100\n|-weather|RainDance|[from] ability: Drizzle|[of] p2a: Pelipper\n|-enditem|p1a: Great Tusk|Booster Energy\n|-activate|p1a: Great Tusk|ability: Protosynthesis|[fromitem]\n|-start|p1a: Great Tusk|protosynthesisatk\n|turn|1\n|\n|t:|1701078216\n|-end|p1a: Great Tusk|Protosynthesis|[silent]\n|switch|p1a: Gholdengo|Gholdengo|100\/100\n|move|p2a: Pelipper|Hydro Pump|p1a: Gholdengo|[miss]\n|-miss|p2a: Pelipper|p1a: Gholdengo\n|\n|-weather|RainDance|[upkeep]\n|upkeep\n|turn|2\n|\n|t:|1701078241\n|switch|p2a: Great Tusk|Great Tusk, shiny|100\/100\n|move|p1a: Gholdengo|Nasty Plot|p1a: Gholdengo\n|-boost|p1a: Gholdengo|spa|2\n|\n|-weather|RainDance|[upkeep]\n|upkeep\n|turn|3\n|\n|t:|1701078270\n|switch|p1a: Enamorus|Enamorus, F|100\/100\n|move|p2a: Great Tusk|Earthquake|p1a: Enamorus\n|-immune|p1a: Enamorus\n|\n|-weather|RainDance|[upkeep]\n|upkeep\n|turn|4\n|\n|t:|1701078334\n|move|p1a: Enamorus|Moonblast|p2a: Great Tusk\n|-supereffective|p2a: Great Tusk\n|-damage|p2a: Great Tusk|0 fnt\n|faint|p2a: Great Tusk\n|-end|p2a: Great Tusk|Protosynthesis|[silent]\n|\n|-weather|RainDance|[upkeep]\n|upkeep\n|\n|t:|1701078341\n|switch|p2a: Kingambit|Kingambit, M, shiny|100\/100\n|turn|5\n|\n|t:|1701078359\n|switch|p1a: Great Tusk|Great Tusk|100\/100\n|move|p2a: Kingambit|Iron Head|p1a: Great Tusk\n|-damage|p1a: Great Tusk|64\/100\n|\n|-weather|RainDance|[upkeep]\n|upkeep\n|turn|6\n|\n|t:|1701078376\n|move|p1a: Great Tusk|Headlong Rush|p2a: Kingambit\n|-supereffective|p2a: Kingambit\n|-damage|p2a: Kingambit|2\/100\n|-unboost|p1a: Great Tusk|def|1\n|-unboost|p1a: Great Tusk|spd|1\n|move|p2a: Kingambit|Swords Dance|p2a: Kingambit\n|-boost|p2a: Kingambit|atk|2\n|\n|-weather|RainDance|[upkeep]\n|-heal|p2a: Kingambit|8\/100|[from] item: Leftovers\n|upkeep\n|turn|7\n|\n|t:|1701078395\n|move|p1a: Great Tusk|Rapid Spin|p2a: Kingambit\n|-resisted|p2a: Kingambit\n|-damage|p2a: Kingambit|2\/100\n|-boost|p1a: Great Tusk|spe|1\n|move|p2a: Kingambit|Kowtow Cleave|p1a: Great Tusk\n|-resisted|p1a: Great Tusk\n|-damage|p1a: Great Tusk|14\/100\n|\n|-weather|RainDance|[upkeep]\n|-heal|p2a: Kingambit|8\/100|[from] item: Leftovers\n|upkeep\n|turn|8\n|\n|t:|1701078410\n|move|p2a: Kingambit|Sucker Punch|p1a: Great Tusk\n|-resisted|p1a: Great Tusk\n|-damage|p1a: Great Tusk|0 fnt\n|faint|p1a: Great Tusk\n|-end|p1a: Great Tusk|Protosynthesis|[silent]\n|\n|-weather|none\n|-heal|p2a: Kingambit|15\/100|[from] item: Leftovers\n|upkeep\n|\n|t:|1701078421\n|switch|p1a: Enamorus|Enamorus, F|100\/100\n|turn|9\n|\n|t:|1701078429\n|move|p1a: Enamorus|Mystical Fire|p2a: Kingambit\n|-supereffective|p2a: Kingambit\n|-damage|p2a: Kingambit|0 fnt\n|faint|p2a: Kingambit\n|\n|upkeep\n|\n|t:|1701078442\n|switch|p2a: Amoonguss|Amoonguss, M|100\/100\n|turn|10\n|\n|t:|1701078447\n|move|p1a: Enamorus|Mystical Fire|p2a: Amoonguss\n|-supereffective|p2a: Amoonguss\n|-damage|p2a: Amoonguss|21\/100\n|-unboost|p2a: Amoonguss|spa|1\n|move|p2a: Amoonguss|Sludge Bomb|p1a: Enamorus\n|-supereffective|p1a: Enamorus\n|-damage|p1a: Enamorus|32\/100\n|\n|-heal|p2a: Amoonguss|27\/100|[from] item: Black Sludge\n|upkeep\n|turn|11\n|\n|t:|1701078464\n|switch|p2a: Garganacl|Garganacl, M, shiny|100\/100\n|move|p1a: Enamorus|Mystical Fire|p2a: Garganacl\n|-resisted|p2a: Garganacl\n|-damage|p2a: Garganacl|82\/100\n|-unboost|p2a: Garganacl|spa|1\n|\n|-heal|p2a: Garganacl|88\/100|[from] item: Leftovers\n|upkeep\n|turn|12\n|\n|t:|1701078479\n|switch|p1a: Gholdengo|Gholdengo|100\/100\n|move|p2a: Garganacl|Stealth Rock|p1a: Gholdengo\n|-sidestart|p1: Guy Oh|move: Stealth Rock\n|\n|-heal|p2a: Garganacl|94\/100|[from] item: Leftovers\n|upkeep\n|turn|13\n|\n|t:|1701078485\n|move|p2a: Garganacl|Protect|p2a: Garganacl\n|-singleturn|p2a: Garganacl|Protect\n|move|p1a: Gholdengo|Nasty Plot|p1a: Gholdengo\n|-boost|p1a: Gholdengo|spa|2\n|\n|-heal|p2a: Garganacl|99\/100|[from] item: Leftovers\n|upkeep\n|turn|14\n|\n|t:|1701078510\n|switch|p2a: Barraskewda|Barraskewda, M, shiny|100\/100\n|move|p1a: Gholdengo|Nasty Plot|p1a: Gholdengo\n|-boost|p1a: Gholdengo|spa|2\n|\n|upkeep\n|turn|15\n|\n|t:|1701078532\n|switch|p1a: Amoonguss|Amoonguss, F|100\/100\n|-damage|p1a: Amoonguss|88\/100|[from] Stealth Rock\n|move|p2a: Barraskewda|Close Combat|p1a: Amoonguss\n|-resisted|p1a: Amoonguss\n|-damage|p1a: Amoonguss|65\/100\n|-unboost|p2a: Barraskewda|def|1\n|-unboost|p2a: Barraskewda|spd|1\n|\n|-heal|p1a: Amoonguss|71\/100|[from] item: Leftovers\n|upkeep\n|turn|16\n|\n|t:|1701078552\n|switch|p2a: Garganacl|Garganacl, M, shiny|99\/100\n|move|p1a: Amoonguss|Giga Drain|p2a: Garganacl\n|-supereffective|p2a: Garganacl\n|-damage|p2a: Garganacl|60\/100\n|-heal|p1a: Amoonguss|90\/100|[from] drain|[of] p2a: Garganacl\n|\n|-heal|p2a: Garganacl|66\/100|[from] item: Leftovers\n|-heal|p1a: Amoonguss|96\/100|[from] item: Leftovers\n|upkeep\n|turn|17\n|\n|t:|1701078562\n|move|p2a: Garganacl|Salt Cure|p1a: Amoonguss\n|-damage|p1a: Amoonguss|86\/100\n|-start|p1a: Amoonguss|Salt Cure\n|move|p1a: Amoonguss|Giga Drain|p2a: Garganacl\n|-supereffective|p2a: Garganacl\n|-damage|p2a: Garganacl|26\/100\n|-heal|p1a: Amoonguss|100\/100|[from] drain|[of] p2a: Garganacl\n|\n|-heal|p2a: Garganacl|32\/100|[from] item: Leftovers\n|-damage|p1a: Amoonguss|88\/100|[from] Salt Cure\n|upkeep\n|turn|18\n|\n|t:|1701078575\n|move|p2a: Garganacl|Protect|p2a: Garganacl\n|-singleturn|p2a: Garganacl|Protect\n|move|p1a: Amoonguss|Giga Drain|p2a: Garganacl\n|-activate|p2a: Garganacl|move: Protect\n|\n|-heal|p2a: Garganacl|38\/100|[from] item: Leftovers\n|-heal|p1a: Amoonguss|94\/100|[from] item: Leftovers\n|-damage|p1a: Amoonguss|82\/100|[from] Salt Cure\n|upkeep\n|turn|19\n|\n|t:|1701078584\n|move|p2a: Garganacl|Recover|p2a: Garganacl\n|-heal|p2a: Garganacl|88\/100\n|move|p1a: Amoonguss|Giga Drain|p2a: Garganacl\n|-supereffective|p2a: Garganacl\n|-damage|p2a: Garganacl|48\/100\n|-heal|p1a: Amoonguss|100\/100|[from] drain|[of] p2a: Garganacl\n|\n|-heal|p2a: Garganacl|54\/100|[from] item: Leftovers\n|-damage|p1a: Amoonguss|88\/100|[from] Salt Cure\n|upkeep\n|turn|20\n|\n|t:|1701078595\n|move|p2a: Garganacl|Protect|p2a: Garganacl\n|-singleturn|p2a: Garganacl|Protect\n|move|p1a: Amoonguss|Spore|p2a: Garganacl\n|-activate|p2a: Garganacl|move: Protect\n|\n|-heal|p2a: Garganacl|60\/100|[from] item: Leftovers\n|-heal|p1a: Amoonguss|94\/100|[from] item: Leftovers\n|-damage|p1a: Amoonguss|82\/100|[from] Salt Cure\n|upkeep\n|turn|21\n|\n|t:|1701078607\n|move|p2a: Garganacl|Recover|p2a: Garganacl\n|-heal|p2a: Garganacl|100\/100\n|move|p1a: Amoonguss|Spore|p2a: Garganacl\n|-immune|p2a: Garganacl|[from] ability: Purifying Salt\n|\n|-heal|p1a: Amoonguss|88\/100|[from] item: Leftovers\n|-damage|p1a: Amoonguss|75\/100|[from] Salt Cure\n|upkeep\n|turn|22\n|\n|t:|1701078634\n|switch|p1a: Kingambit|Kingambit, F|100\/100\n|-damage|p1a: Kingambit|94\/100|[from] Stealth Rock\n|-activate|p1a: Kingambit|ability: Supreme Overlord\n|-start|p1a: Kingambit|fallen1|[silent]\n|move|p2a: Garganacl|Protect||[still]\n|-fail|p2a: Garganacl\n|\n|upkeep\n|turn|23\n|\n|t:|1701078666\n|switch|p2a: Pelipper|Pelipper, F|100\/100\n|-weather|RainDance|[from] ability: Drizzle|[of] p2a: Pelipper\n|move|p1a: Kingambit|Swords Dance|p1a: Kingambit\n|-boost|p1a: Kingambit|atk|2\n|\n|-weather|RainDance|[upkeep]\n|upkeep\n|turn|24\n|\n|t:|1701078696\n|move|p1a: Kingambit|Kowtow Cleave|p2a: Pelipper\n|-damage|p2a: Pelipper|0 fnt\n|faint|p2a: Pelipper\n|\n|-weather|RainDance|[upkeep]\n|upkeep\n|\n|t:|1701078701\n|switch|p2a: Barraskewda|Barraskewda, M, shiny|100\/100\n|turn|25\n|\n|t:|1701078707\n|move|p1a: Kingambit|Sucker Punch|p2a: Barraskewda\n|-damage|p2a: Barraskewda|0 fnt\n|faint|p2a: Barraskewda\n|\n|-weather|RainDance|[upkeep]\n|upkeep\n|\n|t:|1701078712\n|switch|p2a: Garganacl|Garganacl, M, shiny|100\/100\n|turn|26\n|\n|t:|1701078716\n|move|p2a: Garganacl|Protect|p2a: Garganacl\n|-singleturn|p2a: Garganacl|Protect\n|move|p1a: Kingambit|Iron Head|p2a: Garganacl\n|-activate|p2a: Garganacl|move: Protect\n|\n|-weather|RainDance|[upkeep]\n|upkeep\n|turn|27\n|\n|t:|1701078722\n|move|p1a: Kingambit|Iron Head|p2a: Garganacl\n|-supereffective|p2a: Garganacl\n|-damage|p2a: Garganacl|0 fnt\n|faint|p2a: Garganacl\n|\n|-weather|RainDance|[upkeep]\n|upkeep\n|\n|t:|1701078727\n|switch|p2a: Amoonguss|Amoonguss, M|27\/100\n|turn|28\n|\n|t:|1701078730\n|move|p1a: Kingambit|Sucker Punch|p2a: Amoonguss\n|-damage|p2a: Amoonguss|0 fnt\n|faint|p2a: Amoonguss\n|\n|win|Guy Oh\n","uploadtime":1701078749,"views":10,"p1id":"guyoh","p2id":"shadhbazz","formatid":"gen9ou","rating":0,"private":0,"password":""}