{"id":"gen9ou-1997308513","p1":"HelpMeImSleepy2","p2":"edqa","format":"[Gen 9] OU","log":"|j|\u2606HelpMeImSleepy2\n|j|\u2606edqa\n|t:|1700787535\n|gametype|singles\n|player|p1|HelpMeImSleepy2|flannery|1299\n|player|p2|edqa|lucas|1382\n|teamsize|p1|6\n|teamsize|p2|6\n|gen|9\n|tier|[Gen 9] OU\n|rated|\n|rule|Sleep Clause Mod: Limit one foe put to sleep\n|rule|Species Clause: Limit one of each Pok\u00e9mon\n|rule|OHKO Clause: OHKO moves are banned\n|rule|Evasion Items Clause: Evasion items are banned\n|rule|Evasion Moves Clause: Evasion moves are banned\n|rule|Endless Battle Clause: Forcing endless battles is banned\n|rule|HP Percentage Mod: HP is shown in percentages\n|clearpoke\n|poke|p1|Torkoal, M|\n|poke|p1|Glimmora, F|\n|poke|p1|Hawlucha, M|\n|poke|p1|Iron Treads|\n|poke|p1|Walking Wake|\n|poke|p1|Meowscarada, M|\n|poke|p2|Hawlucha, F|\n|poke|p2|Rillaboom, F|\n|poke|p2|Clefable, F|\n|poke|p2|Iron Treads|\n|poke|p2|Dragapult, F|\n|poke|p2|Dondozo, F|\n|teampreview\n|inactive|Battle timer is ON: inactive players will automatically lose when time's up. (requested by HelpMeImSleepy2)\n|\n|t:|1700787556\n|start\n|switch|p1a: Torkoal|Torkoal, M, shiny|100\/100\n|switch|p2a: Iron Treads|Iron Treads|100\/100\n|-weather|SunnyDay|[from] ability: Drought|[of] p1a: Torkoal\n|turn|1\n|inactive|HelpMeImSleepy2 has 120 seconds left.\n|\n|t:|1700787587\n|-end|p2a: Iron Treads|Quark Drive|[silent]\n|switch|p2a: Clefable|Clefable, F|100\/100\n|move|p1a: Torkoal|Will-O-Wisp|p2a: Clefable\n|-status|p2a: Clefable|brn\n|\n|-weather|SunnyDay|[upkeep]\n|-damage|p2a: Clefable|94\/100 brn|[from] brn\n|upkeep\n|turn|2\n|\n|t:|1700787594\n|move|p2a: Clefable|Knock Off|p1a: Torkoal\n|-damage|p1a: Torkoal|94\/100\n|-enditem|p1a: Torkoal|Heat Rock|[from] move: Knock Off|[of] p2a: Clefable\n|move|p1a: Torkoal|Stealth Rock|p2a: Clefable\n|-sidestart|p2: edqa|move: Stealth Rock\n|\n|-weather|SunnyDay|[upkeep]\n|-heal|p2a: Clefable|100\/100 brn|[from] item: Leftovers\n|-damage|p2a: Clefable|94\/100 brn|[from] brn\n|upkeep\n|turn|3\n|\n|t:|1700787597\n|switch|p1a: Glimmora|Glimmora, F|100\/100\n|move|p2a: Clefable|Wish|p2a: Clefable\n|\n|-weather|SunnyDay|[upkeep]\n|-heal|p2a: Clefable|100\/100 brn|[from] item: Leftovers\n|-damage|p2a: Clefable|94\/100 brn|[from] brn\n|upkeep\n|turn|4\n|\n|t:|1700787605\n|switch|p2a: Iron Treads|Iron Treads|100\/100\n|-damage|p2a: Iron Treads|97\/100|[from] Stealth Rock\n|move|p1a: Glimmora|Sludge Wave|p2a: Iron Treads\n|-immune|p2a: Iron Treads\n|\n|-weather|SunnyDay|[upkeep]\n|-heal|p2a: Iron Treads|100\/100|[from] move: Wish|[wisher] Clefable\n|upkeep\n|turn|5\n|\n|t:|1700787625\n|switch|p1a: Hawlucha|Hawlucha, M|100\/100\n|move|p2a: Iron Treads|Stealth Rock|p1a: Hawlucha\n|-sidestart|p1: HelpMeImSleepy2|move: Stealth Rock\n|\n|-weather|SunnyDay|[upkeep]\n|upkeep\n|turn|6\n|\n|t:|1700787633\n|-end|p2a: Iron Treads|Quark Drive|[silent]\n|switch|p2a: Dondozo|Dondozo, F|100\/100\n|-damage|p2a: Dondozo|88\/100|[from] Stealth Rock\n|move|p1a: Hawlucha|Swords Dance|p1a: Hawlucha\n|-boost|p1a: Hawlucha|atk|2\n|\n|-weather|SunnyDay|[upkeep]\n|-heal|p2a: Dondozo|94\/100|[from] item: Leftovers\n|upkeep\n|turn|7\n|\n|t:|1700787648\n|move|p1a: Hawlucha|Drain Punch|p2a: Dondozo\n|-damage|p2a: Dondozo|80\/100\n|move|p2a: Dondozo|Water Pulse|p1a: Hawlucha\n|-damage|p1a: Hawlucha|89\/100\n|\n|-weather|SunnyDay|[upkeep]\n|-heal|p2a: Dondozo|86\/100|[from] item: Leftovers\n|upkeep\n|turn|8\n|\n|t:|1700787658\n|move|p1a: Hawlucha|Drain Punch|p2a: Dondozo\n|-damage|p2a: Dondozo|70\/100\n|-heal|p1a: Hawlucha|100\/100|[from] drain|[of] p2a: Dondozo\n|move|p2a: Dondozo|Water Pulse|p1a: Hawlucha\n|-damage|p1a: Hawlucha|89\/100\n|-start|p1a: Hawlucha|confusion\n|\n|-weather|none\n|-heal|p2a: Dondozo|76\/100|[from] item: Leftovers\n|upkeep\n|turn|9\n|\n|t:|1700787672\n|move|p2a: Dondozo|Protect|p2a: Dondozo\n|-singleturn|p2a: Dondozo|Protect\n|-activate|p1a: Hawlucha|confusion\n|-damage|p1a: Hawlucha|53\/100|[from] confusion\n|\n|-heal|p2a: Dondozo|82\/100|[from] item: Leftovers\n|upkeep\n|turn|10\n|\n|t:|1700787677\n|-end|p1a: Hawlucha|confusion\n|move|p1a: Hawlucha|Encore|p2a: Dondozo\n|-start|p2a: Dondozo|Encore\n|move|p2a: Dondozo|Protect||[still]\n|-fail|p2a: Dondozo\n|\n|-heal|p2a: Dondozo|89\/100|[from] item: Leftovers\n|upkeep\n|turn|11\n|\n|t:|1700787682\n|move|p2a: Dondozo|Protect|p2a: Dondozo\n|-singleturn|p2a: Dondozo|Protect\n|move|p1a: Hawlucha|Drain Punch|p2a: Dondozo\n|-activate|p2a: Dondozo|move: Protect\n|\n|-heal|p2a: Dondozo|95\/100|[from] item: Leftovers\n|upkeep\n|turn|12\n|\n|t:|1700787688\n|switch|p2a: Dragapult|Dragapult, F|100\/100\n|-damage|p2a: Dragapult|88\/100|[from] Stealth Rock\n|move|p1a: Hawlucha|Drain Punch|p2a: Dragapult\n|-immune|p2a: Dragapult\n|\n|upkeep\n|turn|13\n|\n|t:|1700787700\n|switch|p1a: Glimmora|Glimmora, F|100\/100\n|-damage|p1a: Glimmora|88\/100|[from] Stealth Rock\n|move|p2a: Dragapult|Dragon Darts|p1a: Glimmora\n|-damage|p1a: Glimmora|49\/100\n|-activate|p1a: Glimmora|ability: Toxic Debris\n|-sidestart|p2: edqa|move: Toxic Spikes\n|-anim|p2a: Dragapult|Dragon Darts|p1a: Glimmora\n|-damage|p1a: Glimmora|12\/100\n|-activate|p1a: Glimmora|ability: Toxic Debris\n|-sidestart|p2: edqa|move: Toxic Spikes\n|-damage|p2a: Dragapult|79\/100|[from] item: Life Orb\n|\n|upkeep\n|turn|14\n|\n|t:|1700787708\n|move|p2a: Dragapult|Shadow Ball|p1a: Glimmora\n|-damage|p1a: Glimmora|0 fnt\n|faint|p1a: Glimmora\n|-damage|p2a: Dragapult|69\/100|[from] item: Life Orb\n|\n|upkeep\n|\n|t:|1700787711\n|switch|p1a: Torkoal|Torkoal, M, shiny|94\/100\n|-damage|p1a: Torkoal|69\/100|[from] Stealth Rock\n|-weather|SunnyDay|[from] ability: Drought|[of] p1a: Torkoal\n|turn|15\n|\n|t:|1700787715\n|switch|p2a: Iron Treads|Iron Treads|100\/100\n|-damage|p2a: Iron Treads|97\/100|[from] Stealth Rock\n|move|p1a: Torkoal|Will-O-Wisp|p2a: Iron Treads\n|-status|p2a: Iron Treads|brn\n|\n|-weather|SunnyDay|[upkeep]\n|-heal|p2a: Iron Treads|100\/100 brn|[from] item: Leftovers\n|-damage|p2a: Iron Treads|94\/100 brn|[from] brn\n|upkeep\n|turn|16\n|\n|t:|1700787723\n|-terastallize|p1a: Torkoal|Ghost\n|move|p2a: Iron Treads|Rapid Spin|p1a: Torkoal\n|-immune|p1a: Torkoal\n|move|p1a: Torkoal|Rock Tomb|p2a: Iron Treads\n|-resisted|p2a: Iron Treads\n|-crit|p2a: Iron Treads\n|-damage|p2a: Iron Treads|92\/100 brn\n|-unboost|p2a: Iron Treads|spe|1\n|\n|-weather|SunnyDay|[upkeep]\n|-heal|p2a: Iron Treads|98\/100 brn|[from] item: Leftovers\n|-damage|p2a: Iron Treads|92\/100 brn|[from] brn\n|upkeep\n|turn|17\n|\n|t:|1700787743\n|move|p2a: Iron Treads|Knock Off|p1a: Torkoal\n|-supereffective|p1a: Torkoal\n|-damage|p1a: Torkoal|58\/100\n|move|p1a: Torkoal|Lava Plume|p2a: Iron Treads\n|-supereffective|p2a: Iron Treads\n|-damage|p2a: Iron Treads|12\/100 brn\n|\n|-weather|SunnyDay|[upkeep]\n|-heal|p2a: Iron Treads|19\/100 brn|[from] item: Leftovers\n|-damage|p2a: Iron Treads|12\/100 brn|[from] brn\n|upkeep\n|turn|18\n|inactive|edqa has 120 seconds left.\n|\n|t:|1700787769\n|move|p2a: Iron Treads|Heavy Slam|p1a: Torkoal\n|-damage|p1a: Torkoal|50\/100\n|move|p1a: Torkoal|Lava Plume|p2a: Iron Treads\n|-supereffective|p2a: Iron Treads\n|-damage|p2a: Iron Treads|0 fnt\n|faint|p2a: Iron Treads\n|-end|p2a: Iron Treads|Quark Drive|[silent]\n|\n|-weather|SunnyDay|[upkeep]\n|upkeep\n|\n|t:|1700787770\n|switch|p2a: Rillaboom|Rillaboom, F|100\/100\n|-damage|p2a: Rillaboom|88\/100|[from] Stealth Rock\n|-status|p2a: Rillaboom|tox\n|-fieldstart|move: Grassy Terrain|[from] ability: Grassy Surge|[of] p2a: Rillaboom\n|turn|19\n|\n|t:|1700787779\n|switch|p1a: Hawlucha|Hawlucha, M|53\/100\n|-damage|p1a: Hawlucha|40\/100|[from] Stealth Rock\n|move|p2a: Rillaboom|U-turn|p1a: Hawlucha\n|-resisted|p1a: Hawlucha\n|-damage|p1a: Hawlucha|26\/100\n|\n|t:|1700787783\n|switch|p2a: Hawlucha|Hawlucha, F|100\/100|[from] U-turn\n|-damage|p2a: Hawlucha|88\/100|[from] Stealth Rock\n|-enditem|p2a: Hawlucha|Grassy Seed\n|-boost|p2a: Hawlucha|def|1|[from] item: Grassy Seed\n|\n|-weather|none\n|upkeep\n|turn|20\n|\n|t:|1700787806\n|move|p2a: Hawlucha|Swords Dance|p2a: Hawlucha\n|-boost|p2a: Hawlucha|atk|2\n|move|p1a: Hawlucha|Encore|p2a: Hawlucha\n|-start|p2a: Hawlucha|Encore\n|\n|upkeep\n|turn|21\n|-message|edqa forfeited.\n|\n|win|HelpMeImSleepy2\n|raw|HelpMeImSleepy2's rating: 1299 &rarr; <strong>1330<\/strong><br \/>(+31 for winning)\n|raw|edqa's rating: 1382 &rarr; <strong>1357<\/strong><br \/>(-25 for losing)\n|l|\u2606edqa\n|c|\u2606HelpMeImSleepy2|Lol\n","uploadtime":1700787825,"views":18,"p1id":"helpmeimsleepy2","p2id":"edqa","formatid":"gen9ou","rating":1330,"private":0,"password":""}