{"id":"gen9ou-1994462931","p1":"AnonymousJon","p2":"get ewrecked","format":"[Gen 9] OU","log":"|j|\u2606AnonymousJon\n|j|\u2606get ewrecked\n|t:|1700446770\n|gametype|singles\n|player|p1|AnonymousJon|workerice|1828\n|player|p2|get ewrecked|101|1736\n|teamsize|p1|6\n|teamsize|p2|6\n|gen|9\n|tier|[Gen 9] OU\n|rated|\n|rule|Sleep Clause Mod: Limit one foe put to sleep\n|rule|Species Clause: Limit one of each Pok\u00e9mon\n|rule|OHKO Clause: OHKO moves are banned\n|rule|Evasion Items Clause: Evasion items are banned\n|rule|Evasion Moves Clause: Evasion moves are banned\n|rule|Endless Battle Clause: Forcing endless battles is banned\n|rule|HP Percentage Mod: HP is shown in percentages\n|clearpoke\n|poke|p1|Great Tusk|\n|poke|p1|Ogerpon-Cornerstone, F|\n|poke|p1|Rillaboom, M|\n|poke|p1|Tyranitar, M|\n|poke|p1|Corviknight, M|\n|poke|p1|Dragapult, F|\n|poke|p2|Zapdos|\n|poke|p2|Ogerpon-Wellspring, F|\n|poke|p2|Cinderace, M|\n|poke|p2|Corviknight, M|\n|poke|p2|Okidogi, M|\n|poke|p2|Ting-Lu|\n|teampreview\n|inactive|Battle timer is ON: inactive players will automatically lose when time's up. (requested by get ewrecked)\n|\n|t:|1700446785\n|start\n|switch|p1a: Dragapult|Dragapult, F|100\/100\n|switch|p2a: Ting-Lu|Ting-Lu|100\/100\n|-ability|p2a: Ting-Lu|Vessel of Ruin\n|turn|1\n|\n|t:|1700446792\n|switch|p1a: Great Tusk|Great Tusk|100\/100\n|move|p2a: Ting-Lu|Ruination|p1a: Great Tusk\n|-damage|p1a: Great Tusk|51\/100\n|\n|upkeep\n|turn|2\n|\n|t:|1700446801\n|move|p1a: Great Tusk|Knock Off|p2a: Ting-Lu\n|-resisted|p2a: Ting-Lu\n|-crit|p2a: Ting-Lu\n|-damage|p2a: Ting-Lu|88\/100\n|-enditem|p2a: Ting-Lu|Leftovers|[from] move: Knock Off|[of] p1a: Great Tusk\n|move|p2a: Ting-Lu|Ruination|p1a: Great Tusk\n|-damage|p1a: Great Tusk|26\/100\n|\n|upkeep\n|turn|3\n|\n|t:|1700446811\n|switch|p2a: Corviknight|Corviknight, M|100\/100\n|-ability|p2a: Corviknight|Pressure\n|move|p1a: Great Tusk|Ice Spinner|p2a: Corviknight\n|-damage|p2a: Corviknight|84\/100\n|-damage|p1a: Great Tusk|9\/100|[from] item: Rocky Helmet|[of] p2a: Corviknight\n|\n|upkeep\n|turn|4\n|\n|t:|1700446819\n|-end|p1a: Great Tusk|Protosynthesis|[silent]\n|switch|p1a: Corviknight|Corviknight, M|100\/100\n|-ability|p1a: Corviknight|Pressure\n|move|p2a: Corviknight|U-turn|p1a: Corviknight\n|-resisted|p1a: Corviknight\n|-damage|p1a: Corviknight|98\/100\n|-damage|p2a: Corviknight|68\/100|[from] item: Rocky Helmet|[of] p1a: Corviknight\n|\n|t:|1700446825\n|switch|p2a: Zapdos|Zapdos|100\/100|[from] U-turn\n|\n|upkeep\n|turn|5\n|\n|t:|1700446829\n|switch|p1a: Tyranitar|Tyranitar, M|100\/100\n|-weather|Sandstorm|[from] ability: Sand Stream|[of] p1a: Tyranitar\n|move|p2a: Zapdos|U-turn|p1a: Tyranitar\n|-supereffective|p1a: Tyranitar\n|-damage|p1a: Tyranitar|81\/100\n|\n|t:|1700446833\n|switch|p2a: Ogerpon|Ogerpon-Wellspring, F|100\/100|[from] U-turn\n|\n|-weather|Sandstorm|[upkeep]\n|-damage|p2a: Ogerpon|94\/100|[from] Sandstorm\n|upkeep\n|turn|6\n|j| t-modesty\n|\n|t:|1700446841\n|switch|p2a: Okidogi|Okidogi, M|100\/100\n|switch|p1a: Rillaboom|Rillaboom, M|100\/100\n|-fieldstart|move: Grassy Terrain|[from] ability: Grassy Surge|[of] p1a: Rillaboom\n|\n|-weather|Sandstorm|[upkeep]\n|-damage|p1a: Rillaboom|94\/100|[from] Sandstorm\n|-damage|p2a: Okidogi|94\/100|[from] Sandstorm\n|-heal|p1a: Rillaboom|100\/100|[from] Grassy Terrain\n|-heal|p2a: Okidogi|100\/100|[from] Grassy Terrain\n|upkeep\n|turn|7\n|\n|t:|1700446846\n|switch|p1a: Corviknight|Corviknight, M|98\/100\n|-ability|p1a: Corviknight|Pressure\n|move|p2a: Okidogi|Knock Off|p1a: Corviknight\n|-damage|p1a: Corviknight|82\/100\n|-damage|p2a: Okidogi|84\/100|[from] item: Rocky Helmet|[of] p1a: Corviknight\n|-enditem|p1a: Corviknight|Rocky Helmet|[from] move: Knock Off|[of] p2a: Okidogi\n|\n|-weather|Sandstorm|[upkeep]\n|-damage|p2a: Okidogi|78\/100|[from] Sandstorm\n|-heal|p2a: Okidogi|84\/100|[from] Grassy Terrain\n|-heal|p2a: Okidogi|90\/100|[from] item: Leftovers\n|upkeep\n|turn|8\n|\n|t:|1700446851\n|move|p2a: Okidogi|Bulk Up|p2a: Okidogi\n|-boost|p2a: Okidogi|atk|1\n|-boost|p2a: Okidogi|def|1\n|move|p1a: Corviknight|U-turn|p2a: Okidogi\n|-resisted|p2a: Okidogi\n|-damage|p2a: Okidogi|88\/100\n|\n|t:|1700446853\n|switch|p1a: Dragapult|Dragapult, F|100\/100|[from] U-turn\n|\n|-weather|Sandstorm|[upkeep]\n|-damage|p1a: Dragapult|94\/100|[from] Sandstorm\n|-damage|p2a: Okidogi|82\/100|[from] Sandstorm\n|-heal|p1a: Dragapult|100\/100|[from] Grassy Terrain\n|-heal|p2a: Okidogi|88\/100|[from] Grassy Terrain\n|-heal|p2a: Okidogi|94\/100|[from] item: Leftovers\n|upkeep\n|turn|9\n|\n|t:|1700446857\n|switch|p2a: Ting-Lu|Ting-Lu|88\/100\n|-ability|p2a: Ting-Lu|Vessel of Ruin\n|move|p1a: Dragapult|Will-O-Wisp|p2a: Ting-Lu\n|-status|p2a: Ting-Lu|brn\n|\n|-weather|Sandstorm|[upkeep]\n|-damage|p1a: Dragapult|94\/100|[from] Sandstorm\n|-heal|p1a: Dragapult|100\/100|[from] Grassy Terrain\n|-heal|p2a: Ting-Lu|94\/100 brn|[from] Grassy Terrain\n|-damage|p2a: Ting-Lu|88\/100 brn|[from] brn\n|upkeep\n|turn|10\n|\n|t:|1700446864\n|switch|p1a: Ogerpon|Ogerpon-Cornerstone, F|100\/100\n|move|p2a: Ting-Lu|Whirlwind|p1a: Ogerpon\n|drag|p1a: Rillaboom|Rillaboom, M|100\/100\n|\n|-weather|Sandstorm|[upkeep]\n|-damage|p1a: Rillaboom|94\/100|[from] Sandstorm\n|-heal|p1a: Rillaboom|100\/100|[from] Grassy Terrain\n|-heal|p2a: Ting-Lu|94\/100 brn|[from] Grassy Terrain\n|-damage|p2a: Ting-Lu|88\/100 brn|[from] brn\n|-fieldend|move: Grassy Terrain\n|upkeep\n|turn|11\n|\n|t:|1700446870\n|switch|p2a: Corviknight|Corviknight, M|68\/100\n|-ability|p2a: Corviknight|Pressure\n|move|p1a: Rillaboom|Knock Off|p2a: Corviknight\n|-damage|p2a: Corviknight|36\/100\n|-damage|p1a: Rillaboom|84\/100|[from] item: Rocky Helmet|[of] p2a: Corviknight\n|-enditem|p2a: Corviknight|Rocky Helmet|[from] move: Knock Off|[of] p1a: Rillaboom\n|\n|-weather|Sandstorm|[upkeep]\n|-damage|p1a: Rillaboom|78\/100|[from] Sandstorm\n|upkeep\n|turn|12\n|\n|t:|1700446878\n|switch|p1a: Dragapult|Dragapult, F|100\/100\n|move|p2a: Corviknight|Roost|p2a: Corviknight\n|-heal|p2a: Corviknight|86\/100\n|-singleturn|p2a: Corviknight|move: Roost\n|\n|-weather|none\n|upkeep\n|turn|13\n|\n|t:|1700446884\n|switch|p2a: Ting-Lu|Ting-Lu|88\/100 brn\n|-ability|p2a: Ting-Lu|Vessel of Ruin\n|move|p1a: Dragapult|Dragon Darts|p2a: Ting-Lu\n|-damage|p2a: Ting-Lu|76\/100 brn\n|-anim|p1a: Dragapult|Dragon Darts|p2a: Ting-Lu\n|-damage|p2a: Ting-Lu|65\/100 brn\n|\n|-damage|p2a: Ting-Lu|58\/100 brn|[from] brn\n|upkeep\n|turn|14\n|\n|t:|1700446894\n|switch|p1a: Great Tusk|Great Tusk|9\/100\n|move|p2a: Ting-Lu|Ruination|p1a: Great Tusk\n|-damage|p1a: Great Tusk|5\/100\n|\n|-damage|p2a: Ting-Lu|52\/100 brn|[from] brn\n|upkeep\n|turn|15\n|\n|t:|1700446903\n|-end|p1a: Great Tusk|Protosynthesis|[silent]\n|switch|p1a: Tyranitar|Tyranitar, M|81\/100\n|-weather|Sandstorm|[from] ability: Sand Stream|[of] p1a: Tyranitar\n|move|p2a: Ting-Lu|Earthquake|p1a: Tyranitar\n|-supereffective|p1a: Tyranitar\n|-damage|p1a: Tyranitar|45\/100\n|\n|-weather|Sandstorm|[upkeep]\n|-damage|p2a: Ting-Lu|46\/100 brn|[from] brn\n|upkeep\n|turn|16\n|\n|t:|1700446911\n|switch|p2a: Okidogi|Okidogi, M|94\/100\n|move|p1a: Tyranitar|Stealth Rock|p2a: Okidogi\n|-sidestart|p2: get ewrecked|move: Stealth Rock\n|\n|-weather|Sandstorm|[upkeep]\n|-damage|p2a: Okidogi|88\/100|[from] Sandstorm\n|-heal|p2a: Okidogi|94\/100|[from] item: Leftovers\n|upkeep\n|turn|17\n|\n|t:|1700446922\n|switch|p2a: Cinderace|Cinderace, M|100\/100\n|switch|p1a: Corviknight|Corviknight, M|82\/100\n|-ability|p1a: Corviknight|Pressure\n|\n|-weather|Sandstorm|[upkeep]\n|-damage|p2a: Cinderace|95\/100|[from] Sandstorm\n|upkeep\n|turn|18\n|\n|t:|1700446929\n|switch|p1a: Dragapult|Dragapult, F|100\/100\n|move|p2a: Cinderace|Pyro Ball|p1a: Dragapult\n|-resisted|p1a: Dragapult\n|-crit|p1a: Dragapult\n|-damage|p1a: Dragapult|34\/100\n|\n|-weather|Sandstorm|[upkeep]\n|-damage|p1a: Dragapult|28\/100|[from] Sandstorm\n|-damage|p2a: Cinderace|89\/100|[from] Sandstorm\n|-heal|p1a: Dragapult|34\/100|[from] item: Leftovers\n|upkeep\n|turn|19\n|\n|t:|1700446936\n|move|p2a: Cinderace|Sucker Punch|p1a: Dragapult\n|-start|p2a: Cinderace|typechange|Dark|[from] ability: Libero\n|-supereffective|p1a: Dragapult\n|-crit|p1a: Dragapult\n|-damage|p1a: Dragapult|0 fnt\n|faint|p1a: Dragapult\n|\n|-weather|Sandstorm|[upkeep]\n|-damage|p2a: Cinderace|83\/100|[from] Sandstorm\n|upkeep\n|j| Bad Players\n|\n|t:|1700446940\n|switch|p1a: Ogerpon|Ogerpon-Cornerstone, F|100\/100\n|turn|20\n|\n|t:|1700446943\n|move|p2a: Cinderace|U-turn|p1a: Ogerpon\n|-supereffective|p1a: Ogerpon\n|-damage|p1a: Ogerpon|44\/100\n|\n|t:|1700446947\n|switch|p2a: Ting-Lu|Ting-Lu|46\/100 brn|[from] U-turn\n|-damage|p2a: Ting-Lu|40\/100 brn|[from] Stealth Rock\n|-ability|p2a: Ting-Lu|Vessel of Ruin\n|move|p1a: Ogerpon|Ivy Cudgel|p2a: Ting-Lu|[anim] Ivy Cudgel Rock\n|-resisted|p2a: Ting-Lu\n|-damage|p2a: Ting-Lu|24\/100 brn\n|\n|-weather|Sandstorm|[upkeep]\n|-damage|p2a: Ting-Lu|18\/100 brn|[from] brn\n|upkeep\n|turn|21\n|\n|t:|1700446952\n|switch|p2a: Corviknight|Corviknight, M|86\/100\n|-damage|p2a: Corviknight|74\/100|[from] Stealth Rock\n|-ability|p2a: Corviknight|Pressure\n|move|p1a: Ogerpon|Horn Leech|p2a: Corviknight\n|-resisted|p2a: Corviknight\n|-damage|p2a: Corviknight|68\/100\n|-heal|p1a: Ogerpon|48\/100|[from] drain|[of] p2a: Corviknight\n|\n|-weather|Sandstorm|[upkeep]\n|upkeep\n|turn|22\n|\n|t:|1700446955\n|move|p1a: Ogerpon|Swords Dance|p1a: Ogerpon\n|-boost|p1a: Ogerpon|atk|2\n|move|p2a: Corviknight|Body Press|p1a: Ogerpon\n|-supereffective|p1a: Ogerpon\n|-damage|p1a: Ogerpon|0 fnt\n|faint|p1a: Ogerpon\n|\n|-weather|none\n|upkeep\n|j| Sandporra\n|-message|AnonymousJon forfeited.\n|\n|win|get ewrecked\n|raw|AnonymousJon's rating: 1828 &rarr; <strong>1803<\/strong><br \/>(-25 for losing)\n|raw|get ewrecked's rating: 1736 &rarr; <strong>1761<\/strong><br \/>(+25 for winning)\n|l|\u2606AnonymousJon\n|l| Sandporra\n","uploadtime":1700446987,"views":11,"p1id":"anonymousjon","p2id":"getewrecked","formatid":"gen9ou","rating":1761,"private":0,"password":""}