{"id":"gen9ou-1994370695","p1":"otoyomegatari","p2":"sampDLC","format":"[Gen 9] OU","log":"|j|\u2606otoyomegatari\n|j|\u2606sampDLC\n|t:|1700436220\n|gametype|singles\n|player|p1|otoyomegatari|alec-anime|1470\n|player|p2|sampDLC|fisherman-gen3|1467\n|teamsize|p1|6\n|teamsize|p2|6\n|gen|9\n|tier|[Gen 9] OU\n|rated|\n|rule|Sleep Clause Mod: Limit one foe put to sleep\n|rule|Species Clause: Limit one of each Pok\u00e9mon\n|rule|OHKO Clause: OHKO moves are banned\n|rule|Evasion Items Clause: Evasion items are banned\n|rule|Evasion Moves Clause: Evasion moves are banned\n|rule|Endless Battle Clause: Forcing endless battles is banned\n|rule|HP Percentage Mod: HP is shown in percentages\n|clearpoke\n|poke|p1|Sinistcha-Masterpiece|\n|poke|p1|Ting-Lu|\n|poke|p1|Slowking-Galar, F|\n|poke|p1|Typhlosion-Hisui, M|\n|poke|p1|Rillaboom, F|\n|poke|p1|Mandibuzz, F|\n|poke|p2|Heatran, F|\n|poke|p2|Gholdengo|\n|poke|p2|Enamorus, F|\n|poke|p2|Dragonite, M|\n|poke|p2|Cinderace, M|\n|poke|p2|Dragapult, M|\n|teampreview\n|j| soapeggs\n|\n|t:|1700436249\n|start\n|switch|p1a: Ting-Lu|Ting-Lu|100\/100\n|switch|p2a: Enamorus|Enamorus, F|100\/100\n|-ability|p1a: Ting-Lu|Vessel of Ruin\n|turn|1\n|\n|t:|1700436253\n|switch|p1a: Slowking|Slowking-Galar, F|100\/100\n|move|p2a: Enamorus|Moonblast|p1a: Slowking\n|-resisted|p1a: Slowking\n|-crit|p1a: Slowking\n|-damage|p1a: Slowking|68\/100\n|\n|upkeep\n|turn|2\n|\n|t:|1700436271\n|switch|p2a: Heatran|Heatran, F|100\/100\n|switch|p1a: Ting-Lu|Ting-Lu|100\/100\n|-ability|p1a: Ting-Lu|Vessel of Ruin\n|\n|upkeep\n|turn|3\n|\n|t:|1700436279\n|move|p2a: Heatran|Will-O-Wisp|p1a: Ting-Lu\n|-status|p1a: Ting-Lu|brn\n|move|p1a: Ting-Lu|Ruination|p2a: Heatran\n|-damage|p2a: Heatran|50\/100\n|\n|-heal|p2a: Heatran|57\/100|[from] item: Leftovers\n|-damage|p1a: Ting-Lu|94\/100 brn|[from] brn\n|upkeep\n|turn|4\n|\n|t:|1700436283\n|switch|p2a: Enamorus|Enamorus, F|100\/100\n|move|p1a: Ting-Lu|Earthquake|p2a: Enamorus\n|-immune|p2a: Enamorus\n|\n|-heal|p1a: Ting-Lu|100\/100 brn|[from] item: Leftovers\n|-damage|p1a: Ting-Lu|94\/100 brn|[from] brn\n|upkeep\n|turn|5\n|\n|t:|1700436290\n|switch|p1a: Slowking|Slowking-Galar, F|100\/100\n|move|p2a: Enamorus|Moonblast|p1a: Slowking\n|-resisted|p1a: Slowking\n|-damage|p1a: Slowking|79\/100\n|-unboost|p1a: Slowking|spa|1\n|\n|upkeep\n|turn|6\n|\n|t:|1700436294\n|switch|p2a: Heatran|Heatran, F|57\/100\n|move|p1a: Slowking|Future Sight|p2a: Heatran\n|-start|p1a: Slowking|move: Future Sight\n|\n|-heal|p2a: Heatran|63\/100|[from] item: Leftovers\n|upkeep\n|turn|7\n|\n|t:|1700436300\n|move|p2a: Heatran|Magma Storm|p1a: Slowking\n|-damage|p1a: Slowking|53\/100\n|-activate|p1a: Slowking|move: Magma Storm|[of] p2a: Heatran\n|move|p1a: Slowking|Thunder Wave|p2a: Heatran\n|-status|p2a: Heatran|par\n|\n|-heal|p2a: Heatran|69\/100 par|[from] item: Leftovers\n|-damage|p1a: Slowking|40\/100|[from] move: Magma Storm|[partiallytrapped]\n|upkeep\n|turn|8\n|\n|t:|1700436304\n|cant|p2a: Heatran|par\n|move|p1a: Slowking|Chilly Reception|p1a: Slowking\n|-weather|Snow\n|\n|t:|1700436318\n|switch|p1a: Ting-Lu|Ting-Lu|94\/100 brn|[from] Chilly Reception\n|-ability|p1a: Ting-Lu|Vessel of Ruin\n|\n|-weather|Snow|[upkeep]\n|-end|p2a: Heatran|move: Future Sight\n|-resisted|p2a: Heatran\n|-crit|p2a: Heatran\n|-damage|p2a: Heatran|51\/100 par\n|-heal|p1a: Ting-Lu|100\/100 brn|[from] item: Leftovers\n|-heal|p2a: Heatran|57\/100 par|[from] item: Leftovers\n|-damage|p1a: Ting-Lu|94\/100 brn|[from] brn\n|upkeep\n|turn|9\n|\n|t:|1700436322\n|move|p2a: Heatran|Protect|p2a: Heatran\n|-singleturn|p2a: Heatran|Protect\n|move|p1a: Ting-Lu|Earthquake|p2a: Heatran\n|-activate|p2a: Heatran|move: Protect\n|\n|-weather|Snow|[upkeep]\n|-heal|p1a: Ting-Lu|100\/100 brn|[from] item: Leftovers\n|-heal|p2a: Heatran|64\/100 par|[from] item: Leftovers\n|-damage|p1a: Ting-Lu|94\/100 brn|[from] brn\n|upkeep\n|turn|10\n|\n|t:|1700436323\n|switch|p2a: Enamorus|Enamorus, F|100\/100\n|move|p1a: Ting-Lu|Earthquake|p2a: Enamorus\n|-immune|p2a: Enamorus\n|\n|-weather|Snow|[upkeep]\n|-heal|p1a: Ting-Lu|100\/100 brn|[from] item: Leftovers\n|-damage|p1a: Ting-Lu|94\/100 brn|[from] brn\n|upkeep\n|turn|11\n|\n|t:|1700436327\n|switch|p1a: Slowking|Slowking-Galar, F|73\/100\n|move|p2a: Enamorus|Earth Power|p1a: Slowking\n|-supereffective|p1a: Slowking\n|-damage|p1a: Slowking|12\/100\n|\n|-weather|Snow|[upkeep]\n|upkeep\n|turn|12\n|\n|t:|1700436333\n|switch|p2a: Heatran|Heatran, F|64\/100 par\n|switch|p1a: Ting-Lu|Ting-Lu|94\/100 brn\n|-ability|p1a: Ting-Lu|Vessel of Ruin\n|\n|-weather|none\n|-heal|p1a: Ting-Lu|100\/100 brn|[from] item: Leftovers\n|-heal|p2a: Heatran|70\/100 par|[from] item: Leftovers\n|-damage|p1a: Ting-Lu|94\/100 brn|[from] brn\n|upkeep\n|turn|13\n|\n|t:|1700436340\n|move|p2a: Heatran|Protect|p2a: Heatran\n|-singleturn|p2a: Heatran|Protect\n|move|p1a: Ting-Lu|Ruination|p2a: Heatran\n|-activate|p2a: Heatran|move: Protect\n|\n|-heal|p1a: Ting-Lu|100\/100 brn|[from] item: Leftovers\n|-heal|p2a: Heatran|76\/100 par|[from] item: Leftovers\n|-damage|p1a: Ting-Lu|94\/100 brn|[from] brn\n|upkeep\n|turn|14\n|\n|t:|1700436343\n|switch|p2a: Enamorus|Enamorus, F|100\/100\n|move|p1a: Ting-Lu|Ruination|p2a: Enamorus\n|-damage|p2a: Enamorus|51\/100\n|\n|-heal|p1a: Ting-Lu|100\/100 brn|[from] item: Leftovers\n|-damage|p1a: Ting-Lu|94\/100 brn|[from] brn\n|upkeep\n|turn|15\n|\n|t:|1700436357\n|move|p2a: Enamorus|Moonblast|p1a: Ting-Lu\n|-supereffective|p1a: Ting-Lu\n|-damage|p1a: Ting-Lu|31\/100 brn\n|move|p1a: Ting-Lu|Ruination|p2a: Enamorus\n|-damage|p2a: Enamorus|26\/100\n|\n|-heal|p1a: Ting-Lu|37\/100 brn|[from] item: Leftovers\n|-damage|p1a: Ting-Lu|31\/100 brn|[from] brn\n|upkeep\n|turn|16\n|\n|t:|1700436370\n|move|p2a: Enamorus|Moonblast|p1a: Ting-Lu\n|-supereffective|p1a: Ting-Lu\n|-damage|p1a: Ting-Lu|0 fnt\n|faint|p1a: Ting-Lu\n|\n|upkeep\n|\n|t:|1700436372\n|switch|p1a: Typhlosion|Typhlosion-Hisui, M|100\/100\n|turn|17\n|\n|t:|1700436375\n|switch|p2a: Heatran|Heatran, F|76\/100 par\n|move|p1a: Typhlosion|Infernal Parade|p2a: Heatran\n|-damage|p2a: Heatran|39\/100 par\n|\n|-heal|p2a: Heatran|45\/100 par|[from] item: Leftovers\n|upkeep\n|turn|18\n|\n|t:|1700436384\n|move|p1a: Typhlosion|Infernal Parade|p2a: Heatran\n|-damage|p2a: Heatran|9\/100 par\n|cant|p2a: Heatran|par\n|\n|-heal|p2a: Heatran|15\/100 par|[from] item: Leftovers\n|upkeep\n|turn|19\n|\n|t:|1700436388\n|move|p2a: Heatran|Protect|p2a: Heatran\n|-singleturn|p2a: Heatran|Protect\n|move|p1a: Typhlosion|Infernal Parade|p2a: Heatran\n|-activate|p2a: Heatran|move: Protect\n|\n|-heal|p2a: Heatran|21\/100 par|[from] item: Leftovers\n|upkeep\n|turn|20\n|\n|t:|1700436391\n|move|p1a: Typhlosion|Infernal Parade|p2a: Heatran\n|-damage|p2a: Heatran|0 fnt\n|faint|p2a: Heatran\n|\n|upkeep\n|\n|t:|1700436399\n|switch|p2a: Dragapult|Dragapult, M|100\/100\n|turn|21\n|\n|t:|1700436405\n|switch|p1a: Mandibuzz|Mandibuzz, F|100\/100\n|move|p2a: Dragapult|Dragon Darts|p1a: Mandibuzz\n|-damage|p1a: Mandibuzz|88\/100\n|-anim|p2a: Dragapult|Dragon Darts|p1a: Mandibuzz\n|-damage|p1a: Mandibuzz|75\/100\n|\n|upkeep\n|turn|22\n|\n|t:|1700436407\n|move|p2a: Dragapult|Will-O-Wisp|p1a: Mandibuzz\n|-status|p1a: Mandibuzz|brn\n|move|p1a: Mandibuzz|Foul Play|p2a: Dragapult\n|-supereffective|p2a: Dragapult\n|-damage|p2a: Dragapult|34\/100\n|\n|-heal|p2a: Dragapult|40\/100|[from] item: Leftovers\n|-damage|p1a: Mandibuzz|69\/100 brn|[from] brn\n|upkeep\n|turn|23\n|\n|t:|1700436415\n|switch|p2a: Enamorus|Enamorus, F|26\/100\n|move|p1a: Mandibuzz|Foul Play|p2a: Enamorus\n|-resisted|p2a: Enamorus\n|-damage|p2a: Enamorus|15\/100\n|\n|-damage|p1a: Mandibuzz|63\/100 brn|[from] brn\n|upkeep\n|turn|24\n|\n|t:|1700436419\n|switch|p1a: Typhlosion|Typhlosion-Hisui, M|100\/100\n|move|p2a: Enamorus|Moonblast|p1a: Typhlosion\n|-resisted|p1a: Typhlosion\n|-damage|p1a: Typhlosion|52\/100\n|-unboost|p1a: Typhlosion|spa|1\n|\n|upkeep\n|turn|25\n|\n|t:|1700436429\n|switch|p2a: Dragonite|Dragonite, M|100\/100\n|move|p1a: Typhlosion|Lava Plume|p2a: Dragonite\n|-resisted|p2a: Dragonite\n|-damage|p2a: Dragonite|94\/100\n|\n|upkeep\n|turn|26\n|\n|t:|1700436438\n|switch|p1a: Mandibuzz|Mandibuzz, F|63\/100 brn\n|switch|p2a: Enamorus|Enamorus, F|15\/100\n|\n|-damage|p1a: Mandibuzz|57\/100 brn|[from] brn\n|upkeep\n|turn|27\n|\n|t:|1700436443\n|switch|p1a: Typhlosion|Typhlosion-Hisui, M|52\/100\n|move|p2a: Enamorus|Moonblast|p1a: Typhlosion\n|-resisted|p1a: Typhlosion\n|-damage|p1a: Typhlosion|5\/100\n|\n|upkeep\n|turn|28\n|\n|t:|1700436446\n|move|p2a: Enamorus|Moonblast|p1a: Typhlosion\n|-resisted|p1a: Typhlosion\n|-damage|p1a: Typhlosion|0 fnt\n|faint|p1a: Typhlosion\n|\n|upkeep\n|\n|t:|1700436456\n|switch|p1a: Slowking|Slowking-Galar, F|45\/100\n|turn|29\n|\n|t:|1700436468\n|switch|p2a: Dragonite|Dragonite, M|94\/100\n|move|p1a: Slowking|Chilly Reception|p1a: Slowking\n|-weather|Snow\n|\n|t:|1700436472\n|switch|p1a: Sinistcha|Sinistcha-Masterpiece|100\/100|[from] Chilly Reception\n|\n|-weather|Snow|[upkeep]\n|upkeep\n|turn|30\n|\n|t:|1700436476\n|switch|p2a: Dragapult|Dragapult, M|40\/100\n|move|p1a: Sinistcha|Calm Mind|p1a: Sinistcha\n|-boost|p1a: Sinistcha|spa|1\n|-boost|p1a: Sinistcha|spd|1\n|\n|-weather|Snow|[upkeep]\n|-heal|p2a: Dragapult|46\/100|[from] item: Leftovers\n|upkeep\n|turn|31\n|\n|t:|1700436487\n|switch|p1a: Mandibuzz|Mandibuzz, F|57\/100 brn\n|move|p2a: Dragapult|Will-O-Wisp|p1a: Mandibuzz\n|-fail|p1a: Mandibuzz|brn\n|\n|-weather|Snow|[upkeep]\n|-heal|p2a: Dragapult|52\/100|[from] item: Leftovers\n|-damage|p1a: Mandibuzz|51\/100 brn|[from] brn\n|upkeep\n|turn|32\n|\n|t:|1700436491\n|switch|p2a: Dragonite|Dragonite, M|94\/100\n|move|p1a: Mandibuzz|Foul Play|p2a: Dragonite\n|-damage|p2a: Dragonite|65\/100\n|\n|-weather|Snow|[upkeep]\n|-damage|p1a: Mandibuzz|45\/100 brn|[from] brn\n|upkeep\n|turn|33\n|l| soapeggs\n|\n|t:|1700436495\n|move|p2a: Dragonite|Roost|p2a: Dragonite\n|-heal|p2a: Dragonite|100\/100\n|-singleturn|p2a: Dragonite|move: Roost\n|move|p1a: Mandibuzz|Roost|p1a: Mandibuzz\n|-heal|p1a: Mandibuzz|95\/100 brn\n|-singleturn|p1a: Mandibuzz|move: Roost\n|\n|-weather|none\n|-damage|p1a: Mandibuzz|89\/100 brn|[from] brn\n|upkeep\n|turn|34\n|\n|t:|1700436501\n|switch|p2a: Gholdengo|Gholdengo|100\/100\n|switch|p1a: Sinistcha|Sinistcha-Masterpiece|100\/100\n|\n|upkeep\n|turn|35\n|\n|t:|1700436506\n|switch|p1a: Mandibuzz|Mandibuzz, F|89\/100 brn\n|move|p2a: Gholdengo|Thunder Wave||[still]\n|-fail|p2a: Gholdengo\n|\n|-damage|p1a: Mandibuzz|83\/100 brn|[from] brn\n|upkeep\n|turn|36\n|\n|t:|1700436519\n|switch|p2a: Enamorus|Enamorus, F|15\/100\n|move|p1a: Mandibuzz|Foul Play|p2a: Enamorus\n|-resisted|p2a: Enamorus\n|-damage|p2a: Enamorus|4\/100\n|\n|-damage|p1a: Mandibuzz|76\/100 brn|[from] brn\n|upkeep\n|turn|37\n|\n|t:|1700436530\n|switch|p1a: Slowking|Slowking-Galar, F|78\/100\n|move|p2a: Enamorus|Earth Power|p1a: Slowking\n|-supereffective|p1a: Slowking\n|-damage|p1a: Slowking|26\/100\n|\n|upkeep\n|turn|38\n|\n|t:|1700436538\n|switch|p1a: Mandibuzz|Mandibuzz, F|76\/100 brn\n|move|p2a: Enamorus|Earth Power|p1a: Mandibuzz\n|-immune|p1a: Mandibuzz\n|\n|-damage|p1a: Mandibuzz|70\/100 brn|[from] brn\n|upkeep\n|turn|39\n|\n|t:|1700436541\n|switch|p2a: Cinderace|Cinderace, M|100\/100\n|move|p1a: Mandibuzz|Foul Play|p2a: Cinderace\n|-damage|p2a: Cinderace|77\/100\n|\n|-damage|p1a: Mandibuzz|64\/100 brn|[from] brn\n|upkeep\n|turn|40\n|\n|t:|1700436544\n|move|p2a: Cinderace|Pyro Ball|p1a: Mandibuzz|[miss]\n|-miss|p2a: Cinderace|p1a: Mandibuzz\n|move|p1a: Mandibuzz|Roost|p1a: Mandibuzz\n|-heal|p1a: Mandibuzz|100\/100 brn\n|-singleturn|p1a: Mandibuzz|move: Roost\n|\n|-damage|p1a: Mandibuzz|94\/100 brn|[from] brn\n|upkeep\n|turn|41\n|\n|t:|1700436555\n|move|p2a: Cinderace|Pyro Ball|p1a: Mandibuzz\n|-damage|p1a: Mandibuzz|69\/100 brn\n|move|p1a: Mandibuzz|Foul Play|p2a: Cinderace\n|-damage|p2a: Cinderace|55\/100\n|\n|-damage|p1a: Mandibuzz|63\/100 brn|[from] brn\n|upkeep\n|turn|42\n|\n|t:|1700436561\n|move|p2a: Cinderace|U-turn|p1a: Mandibuzz\n|-damage|p1a: Mandibuzz|51\/100 brn\n|\n|t:|1700436562\n|switch|p2a: Enamorus|Enamorus, F|4\/100|[from] U-turn\n|move|p1a: Mandibuzz|Iron Defense|p1a: Mandibuzz\n|-boost|p1a: Mandibuzz|def|2\n|\n|-damage|p1a: Mandibuzz|45\/100 brn|[from] brn\n|upkeep\n|turn|43\n|\n|t:|1700436566\n|switch|p1a: Slowking|Slowking-Galar, F|59\/100\n|move|p2a: Enamorus|Moonblast|p1a: Slowking\n|-resisted|p1a: Slowking\n|-damage|p1a: Slowking|37\/100\n|\n|upkeep\n|turn|44\n|\n|t:|1700436599\n|-terastallize|p2a: Enamorus|Fairy\n|move|p2a: Enamorus|Moonblast|p1a: Slowking\n|-resisted|p1a: Slowking\n|-damage|p1a: Slowking|7\/100\n|move|p1a: Slowking|Future Sight|p2a: Enamorus\n|-start|p1a: Slowking|move: Future Sight\n|\n|upkeep\n|turn|45\n|\n|t:|1700436612\n|move|p2a: Enamorus|Moonblast|p1a: Slowking\n|-resisted|p1a: Slowking\n|-damage|p1a: Slowking|0 fnt\n|faint|p1a: Slowking\n|\n|upkeep\n|\n|t:|1700436635\n|switch|p1a: Rillaboom|Rillaboom, F|100\/100\n|-fieldstart|move: Grassy Terrain|[from] ability: Grassy Surge|[of] p1a: Rillaboom\n|turn|46\n|\n|t:|1700436641\n|switch|p2a: Dragonite|Dragonite, M|100\/100\n|move|p1a: Rillaboom|Knock Off|p2a: Dragonite\n|-damage|p2a: Dragonite|84\/100\n|-enditem|p2a: Dragonite|Heavy-Duty Boots|[from] move: Knock Off|[of] p1a: Rillaboom\n|\n|-end|p2a: Dragonite|move: Future Sight\n|-damage|p2a: Dragonite|37\/100\n|upkeep\n|turn|47\n|\n|t:|1700436651\n|switch|p1a: Mandibuzz|Mandibuzz, F|45\/100 brn\n|move|p2a: Dragonite|Roost|p2a: Dragonite\n|-heal|p2a: Dragonite|87\/100\n|-singleturn|p2a: Dragonite|move: Roost\n|\n|-heal|p2a: Dragonite|93\/100|[from] Grassy Terrain\n|-damage|p1a: Mandibuzz|39\/100 brn|[from] brn\n|upkeep\n|turn|48\n|\n|t:|1700436658\n|switch|p2a: Dragapult|Dragapult, M|52\/100\n|move|p1a: Mandibuzz|Roost|p1a: Mandibuzz\n|-heal|p1a: Mandibuzz|89\/100 brn\n|-singleturn|p1a: Mandibuzz|move: Roost\n|\n|-heal|p2a: Dragapult|58\/100|[from] Grassy Terrain\n|-heal|p2a: Dragapult|64\/100|[from] item: Leftovers\n|-heal|p1a: Mandibuzz|95\/100 brn|[from] Grassy Terrain\n|-damage|p1a: Mandibuzz|89\/100 brn|[from] brn\n|upkeep\n|turn|49\n|\n|t:|1700436663\n|move|p2a: Dragapult|Hex|p1a: Mandibuzz\n|-resisted|p1a: Mandibuzz\n|-damage|p1a: Mandibuzz|68\/100 brn\n|move|p1a: Mandibuzz|Foul Play|p2a: Dragapult\n|-supereffective|p2a: Dragapult\n|-damage|p2a: Dragapult|7\/100\n|\n|-heal|p2a: Dragapult|13\/100|[from] Grassy Terrain\n|-heal|p2a: Dragapult|19\/100|[from] item: Leftovers\n|-damage|p1a: Mandibuzz|62\/100 brn|[from] brn\n|upkeep\n|turn|50\n|\n|t:|1700436671\n|move|p2a: Dragapult|Hex|p1a: Mandibuzz\n|-resisted|p1a: Mandibuzz\n|-damage|p1a: Mandibuzz|41\/100 brn\n|move|p1a: Mandibuzz|Roost|p1a: Mandibuzz\n|-heal|p1a: Mandibuzz|91\/100 brn\n|-singleturn|p1a: Mandibuzz|move: Roost\n|\n|-heal|p2a: Dragapult|25\/100|[from] Grassy Terrain\n|-heal|p2a: Dragapult|31\/100|[from] item: Leftovers\n|-heal|p1a: Mandibuzz|97\/100 brn|[from] Grassy Terrain\n|-damage|p1a: Mandibuzz|91\/100 brn|[from] brn\n|-fieldend|move: Grassy Terrain\n|upkeep\n|turn|51\n|\n|t:|1700436678\n|move|p2a: Dragapult|Dragon Darts|p1a: Mandibuzz\n|-damage|p1a: Mandibuzz|78\/100 brn\n|-anim|p2a: Dragapult|Dragon Darts|p1a: Mandibuzz\n|-damage|p1a: Mandibuzz|67\/100 brn\n|move|p1a: Mandibuzz|Foul Play|p2a: Dragapult\n|-supereffective|p2a: Dragapult\n|-damage|p2a: Dragapult|0 fnt\n|faint|p2a: Dragapult\n|\n|-damage|p1a: Mandibuzz|61\/100 brn|[from] brn\n|upkeep\n|\n|t:|1700436681\n|switch|p2a: Enamorus|Enamorus, F, tera:Fairy|4\/100\n|turn|52\n|\n|t:|1700436744\n|move|p2a: Enamorus|Moonblast|p1a: Mandibuzz\n|-supereffective|p1a: Mandibuzz\n|-damage|p1a: Mandibuzz|0 fnt\n|faint|p1a: Mandibuzz\n|\n|upkeep\n|\n|t:|1700436747\n|switch|p1a: Sinistcha|Sinistcha-Masterpiece|100\/100\n|turn|53\n|\n|t:|1700436750\n|-terastallize|p1a: Sinistcha|Steel\n|move|p2a: Enamorus|Moonblast|p1a: Sinistcha\n|-resisted|p1a: Sinistcha\n|-damage|p1a: Sinistcha|38\/100\n|move|p1a: Sinistcha|Calm Mind|p1a: Sinistcha\n|-boost|p1a: Sinistcha|spa|1\n|-boost|p1a: Sinistcha|spd|1\n|\n|-heal|p1a: Sinistcha|44\/100|[from] item: Leftovers\n|upkeep\n|turn|54\n|\n|t:|1700436759\n|move|p2a: Enamorus|Moonblast|p1a: Sinistcha\n|-resisted|p1a: Sinistcha\n|-damage|p1a: Sinistcha|6\/100\n|-unboost|p1a: Sinistcha|spa|1\n|move|p1a: Sinistcha|Strength Sap|p2a: Enamorus\n|-boost|p2a: Enamorus|atk|1\n|-heal|p1a: Sinistcha|67\/100\n|\n|-heal|p1a: Sinistcha|73\/100|[from] item: Leftovers\n|upkeep\n|turn|55\n|\n|t:|1700436774\n|switch|p2a: Gholdengo|Gholdengo|100\/100\n|move|p1a: Sinistcha|Calm Mind|p1a: Sinistcha\n|-boost|p1a: Sinistcha|spa|1\n|-boost|p1a: Sinistcha|spd|1\n|\n|-heal|p1a: Sinistcha|79\/100|[from] item: Leftovers\n|upkeep\n|turn|56\n|\n|t:|1700436778\n|move|p2a: Gholdengo|Thunder Wave|p1a: Sinistcha\n|-status|p1a: Sinistcha|par\n|cant|p1a: Sinistcha|par\n|\n|-heal|p1a: Sinistcha|85\/100 par|[from] item: Leftovers\n|upkeep\n|turn|57\n|\n|t:|1700436782\n|move|p2a: Gholdengo|Nasty Plot|p2a: Gholdengo\n|-boost|p2a: Gholdengo|spa|2\n|move|p1a: Sinistcha|Scald|p2a: Gholdengo\n|-damage|p2a: Gholdengo|67\/100\n|\n|-heal|p2a: Gholdengo|73\/100|[from] item: Leftovers\n|-heal|p1a: Sinistcha|91\/100 par|[from] item: Leftovers\n|upkeep\n|turn|58\n|\n|t:|1700436787\n|switch|p1a: Rillaboom|Rillaboom, F|100\/100\n|-fieldstart|move: Grassy Terrain|[from] ability: Grassy Surge|[of] p1a: Rillaboom\n|move|p2a: Gholdengo|Hex|p1a: Rillaboom\n|-damage|p1a: Rillaboom|23\/100\n|\n|-heal|p1a: Rillaboom|29\/100|[from] Grassy Terrain\n|-heal|p1a: Rillaboom|35\/100|[from] item: Leftovers\n|-heal|p2a: Gholdengo|79\/100|[from] Grassy Terrain\n|-heal|p2a: Gholdengo|85\/100|[from] item: Leftovers\n|upkeep\n|turn|59\n|\n|t:|1700436795\n|switch|p2a: Dragonite|Dragonite, M|93\/100\n|move|p1a: Rillaboom|High Horsepower|p2a: Dragonite\n|-immune|p2a: Dragonite\n|\n|-heal|p1a: Rillaboom|42\/100|[from] Grassy Terrain\n|-heal|p1a: Rillaboom|48\/100|[from] item: Leftovers\n|upkeep\n|turn|60\n|\n|t:|1700436797\n|switch|p1a: Sinistcha|Sinistcha-Masterpiece, tera:Steel|91\/100 par\n|move|p2a: Dragonite|Dragon Dance|p2a: Dragonite\n|-boost|p2a: Dragonite|atk|1\n|-boost|p2a: Dragonite|spe|1\n|\n|-heal|p1a: Sinistcha|97\/100 par|[from] Grassy Terrain\n|-heal|p1a: Sinistcha|100\/100 par|[from] item: Leftovers\n|upkeep\n|turn|61\n|\n|t:|1700436800\n|move|p2a: Dragonite|Earthquake|p1a: Sinistcha\n|-supereffective|p1a: Sinistcha\n|-damage|p1a: Sinistcha|63\/100 par\n|move|p1a: Sinistcha|Scald|p2a: Dragonite\n|-resisted|p2a: Dragonite\n|-damage|p2a: Dragonite|82\/100\n|\n|-heal|p1a: Sinistcha|69\/100 par|[from] Grassy Terrain\n|-heal|p1a: Sinistcha|75\/100 par|[from] item: Leftovers\n|upkeep\n|turn|62\n|\n|t:|1700436807\n|move|p2a: Dragonite|Earthquake|p1a: Sinistcha\n|-supereffective|p1a: Sinistcha\n|-damage|p1a: Sinistcha|33\/100 par\n|move|p1a: Sinistcha|Scald|p2a: Dragonite\n|-resisted|p2a: Dragonite\n|-damage|p2a: Dragonite|72\/100\n|-status|p2a: Dragonite|brn\n|\n|-heal|p1a: Sinistcha|39\/100 par|[from] Grassy Terrain\n|-heal|p1a: Sinistcha|45\/100 par|[from] item: Leftovers\n|-damage|p2a: Dragonite|66\/100 brn|[from] brn\n|-fieldend|move: Grassy Terrain\n|upkeep\n|turn|63\n|\n|t:|1700436812\n|move|p2a: Dragonite|Earthquake|p1a: Sinistcha\n|-supereffective|p1a: Sinistcha\n|-damage|p1a: Sinistcha|8\/100 par\n|move|p1a: Sinistcha|Strength Sap|p2a: Dragonite\n|-unboost|p2a: Dragonite|atk|1\n|-heal|p1a: Sinistcha|100\/100 par\n|\n|-damage|p2a: Dragonite|60\/100 brn|[from] brn\n|upkeep\n|turn|64\n|\n|t:|1700436817\n|switch|p1a: Rillaboom|Rillaboom, F|48\/100\n|-fieldstart|move: Grassy Terrain|[from] ability: Grassy Surge|[of] p1a: Rillaboom\n|move|p2a: Dragonite|Dragon Dance|p2a: Dragonite\n|-boost|p2a: Dragonite|atk|1\n|-boost|p2a: Dragonite|spe|1\n|\n|-heal|p1a: Rillaboom|54\/100|[from] Grassy Terrain\n|-heal|p1a: Rillaboom|60\/100|[from] item: Leftovers\n|-damage|p2a: Dragonite|54\/100 brn|[from] brn\n|upkeep\n|turn|65\n|\n|t:|1700436822\n|move|p2a: Dragonite|Roost|p2a: Dragonite\n|-heal|p2a: Dragonite|100\/100 brn\n|-singleturn|p2a: Dragonite|move: Roost\n|move|p1a: Rillaboom|Swords Dance|p1a: Rillaboom\n|-boost|p1a: Rillaboom|atk|2\n|\n|-heal|p1a: Rillaboom|66\/100|[from] Grassy Terrain\n|-heal|p1a: Rillaboom|72\/100|[from] item: Leftovers\n|-damage|p2a: Dragonite|94\/100 brn|[from] brn\n|upkeep\n|turn|66\n|\n|t:|1700436829\n|move|p2a: Dragonite|Dragon Dance|p2a: Dragonite\n|-boost|p2a: Dragonite|atk|1\n|-boost|p2a: Dragonite|spe|1\n|move|p1a: Rillaboom|Knock Off|p2a: Dragonite\n|-damage|p2a: Dragonite|46\/100 brn\n|\n|-heal|p1a: Rillaboom|79\/100|[from] Grassy Terrain\n|-heal|p1a: Rillaboom|85\/100|[from] item: Leftovers\n|-damage|p2a: Dragonite|40\/100 brn|[from] brn\n|upkeep\n|turn|67\n|\n|t:|1700436832\n|move|p2a: Dragonite|Roost|p2a: Dragonite\n|-heal|p2a: Dragonite|90\/100 brn\n|-singleturn|p2a: Dragonite|move: Roost\n|move|p1a: Rillaboom|Knock Off|p2a: Dragonite\n|-damage|p2a: Dragonite|48\/100 brn\n|\n|-heal|p2a: Dragonite|54\/100 brn|[from] Grassy Terrain\n|-heal|p1a: Rillaboom|91\/100|[from] Grassy Terrain\n|-heal|p1a: Rillaboom|97\/100|[from] item: Leftovers\n|-damage|p2a: Dragonite|48\/100 brn|[from] brn\n|upkeep\n|turn|68\n|\n|t:|1700436835\n|move|p2a: Dragonite|Roost|p2a: Dragonite\n|-heal|p2a: Dragonite|98\/100 brn\n|-singleturn|p2a: Dragonite|move: Roost\n|move|p1a: Rillaboom|Knock Off|p2a: Dragonite\n|-damage|p2a: Dragonite|56\/100 brn\n|\n|-heal|p2a: Dragonite|62\/100 brn|[from] Grassy Terrain\n|-heal|p1a: Rillaboom|100\/100|[from] Grassy Terrain\n|-damage|p2a: Dragonite|56\/100 brn|[from] brn\n|-fieldend|move: Grassy Terrain\n|upkeep\n|turn|69\n|\n|t:|1700436838\n|move|p2a: Dragonite|Extreme Speed|p1a: Rillaboom\n|-damage|p1a: Rillaboom|67\/100\n|move|p1a: Rillaboom|Knock Off|p2a: Dragonite\n|-damage|p2a: Dragonite|14\/100 brn\n|\n|-heal|p1a: Rillaboom|74\/100|[from] item: Leftovers\n|-damage|p2a: Dragonite|8\/100 brn|[from] brn\n|upkeep\n|turn|70\n|\n|t:|1700436841\n|move|p2a: Dragonite|Roost|p2a: Dragonite\n|-heal|p2a: Dragonite|58\/100 brn\n|-singleturn|p2a: Dragonite|move: Roost\n|move|p1a: Rillaboom|Knock Off|p2a: Dragonite\n|-damage|p2a: Dragonite|15\/100 brn\n|\n|-heal|p1a: Rillaboom|80\/100|[from] item: Leftovers\n|-damage|p2a: Dragonite|9\/100 brn|[from] brn\n|upkeep\n|turn|71\n|\n|t:|1700436849\n|move|p2a: Dragonite|Extreme Speed|p1a: Rillaboom\n|-damage|p1a: Rillaboom|45\/100\n|move|p1a: Rillaboom|Knock Off|p2a: Dragonite\n|-damage|p2a: Dragonite|0 fnt\n|faint|p2a: Dragonite\n|\n|-heal|p1a: Rillaboom|51\/100|[from] item: Leftovers\n|upkeep\n|\n|t:|1700436851\n|switch|p2a: Cinderace|Cinderace, M|55\/100\n|turn|72\n|\n|t:|1700436854\n|switch|p1a: Sinistcha|Sinistcha-Masterpiece, tera:Steel|100\/100 par\n|move|p2a: Cinderace|Pyro Ball|p1a: Sinistcha\n|-supereffective|p1a: Sinistcha\n|-damage|p1a: Sinistcha|66\/100 par\n|\n|-heal|p1a: Sinistcha|72\/100 par|[from] item: Leftovers\n|upkeep\n|turn|73\n|\n|t:|1700436858\n|move|p2a: Cinderace|Pyro Ball|p1a: Sinistcha\n|-supereffective|p1a: Sinistcha\n|-damage|p1a: Sinistcha|37\/100 par\n|cant|p1a: Sinistcha|par\n|\n|-heal|p1a: Sinistcha|43\/100 par|[from] item: Leftovers\n|upkeep\n|turn|74\n|\n|t:|1700436861\n|switch|p2a: Gholdengo|Gholdengo|85\/100\n|move|p1a: Sinistcha|Strength Sap|p2a: Gholdengo\n|-immune|p2a: Gholdengo|[from] ability: Good as Gold\n|\n|-heal|p2a: Gholdengo|91\/100|[from] item: Leftovers\n|-heal|p1a: Sinistcha|49\/100 par|[from] item: Leftovers\n|upkeep\n|turn|75\n|\n|t:|1700436866\n|switch|p1a: Rillaboom|Rillaboom, F|51\/100\n|-fieldstart|move: Grassy Terrain|[from] ability: Grassy Surge|[of] p1a: Rillaboom\n|move|p2a: Gholdengo|Hex|p1a: Rillaboom\n|-damage|p1a: Rillaboom|15\/100\n|\n|-heal|p1a: Rillaboom|21\/100|[from] Grassy Terrain\n|-heal|p1a: Rillaboom|27\/100|[from] item: Leftovers\n|-heal|p2a: Gholdengo|97\/100|[from] Grassy Terrain\n|-heal|p2a: Gholdengo|100\/100|[from] item: Leftovers\n|upkeep\n|turn|76\n|\n|t:|1700436882\n|move|p1a: Rillaboom|High Horsepower|p2a: Gholdengo\n|-supereffective|p2a: Gholdengo\n|-damage|p2a: Gholdengo|55\/100\n|move|p2a: Gholdengo|Hex|p1a: Rillaboom\n|-damage|p1a: Rillaboom|0 fnt\n|faint|p1a: Rillaboom\n|\n|-heal|p2a: Gholdengo|61\/100|[from] Grassy Terrain\n|-heal|p2a: Gholdengo|67\/100|[from] item: Leftovers\n|upkeep\n|\n|t:|1700436889\n|switch|p1a: Sinistcha|Sinistcha-Masterpiece, tera:Steel|49\/100 par\n|turn|77\n|\n|t:|1700436891\n|move|p2a: Gholdengo|Hex|p1a: Sinistcha\n|-damage|p1a: Sinistcha|0 fnt\n|faint|p1a: Sinistcha\n|\n|win|sampDLC\n|raw|otoyomegatari's rating: 1470 &rarr; <strong>1450<\/strong><br \/>(-20 for losing)\n|raw|sampDLC's rating: 1467 &rarr; <strong>1487<\/strong><br \/>(+20 for winning)\n|c|\u2606sampDLC|gg\n|c|\u2606otoyomegatari|gg\n","uploadtime":1700436902,"views":15,"p1id":"otoyomegatari","p2id":"sampdlc","formatid":"gen9ou","rating":1450,"private":0,"password":""}