{"id":"gen9ou-1992272880","p1":"MudkipFan7","p2":"Lanbos eternity","format":"[Gen 9] OU","log":"|j|\u2606MudkipFan7\n|j|\u2606Lanbos eternity\n|t:|1700169756\n|gametype|singles\n|player|p1|MudkipFan7|102|1092\n|player|p2|Lanbos eternity|lass-gen4dp|1176\n|teamsize|p1|6\n|teamsize|p2|6\n|gen|9\n|tier|[Gen 9] OU\n|rated|\n|rule|Sleep Clause Mod: Limit one foe put to sleep\n|rule|Species Clause: Limit one of each Pok\u00e9mon\n|rule|OHKO Clause: OHKO moves are banned\n|rule|Evasion Items Clause: Evasion items are banned\n|rule|Evasion Moves Clause: Evasion moves are banned\n|rule|Endless Battle Clause: Forcing endless battles is banned\n|rule|HP Percentage Mod: HP is shown in percentages\n|clearpoke\n|poke|p1|Rillaboom, F|\n|poke|p1|Sneasler, F|\n|poke|p1|Ribombee, M|\n|poke|p1|Kingambit, F|\n|poke|p1|Alomomola, F|\n|poke|p1|Great Tusk|\n|poke|p2|Dragapult, F|\n|poke|p2|Samurott-Hisui, F|\n|poke|p2|Iron Moth|\n|poke|p2|Enamorus, F|\n|poke|p2|Great Tusk|\n|poke|p2|Kingambit, F|\n|teampreview\n|\n|t:|1700169766\n|start\n|switch|p1a: jazz|Ribombee, M, shiny|100\/100\n|switch|p2a: No.|Great Tusk, shiny|100\/100\n|-enditem|p2a: No.|Booster Energy\n|-activate|p2a: No.|ability: Protosynthesis|[fromitem]\n|-start|p2a: No.|protosynthesisspe\n|turn|1\n|\n|t:|1700169773\n|move|p2a: No.|Ice Spinner|p1a: jazz\n|-damage|p1a: jazz|55\/100\n|move|p1a: jazz|Moonblast|p2a: No.\n|-supereffective|p2a: No.\n|-damage|p2a: No.|4\/100\n|\n|upkeep\n|turn|2\n|\n|t:|1700169782\n|move|p2a: No.|Ice Spinner|p1a: jazz\n|-damage|p1a: jazz|13\/100\n|move|p1a: jazz|Moonblast|p2a: No.\n|-supereffective|p2a: No.\n|-crit|p2a: No.\n|-damage|p2a: No.|0 fnt\n|faint|p2a: No.\n|-end|p2a: No.|Protosynthesis|[silent]\n|\n|upkeep\n|\n|t:|1700169796\n|switch|p2a: \u2606\u2605Star\u2605\u2606|Dragapult, F, shiny|100\/100\n|turn|3\n|\n|t:|1700169805\n|switch|p1a: white beard|Kingambit, F|100\/100\n|-item|p1a: white beard|Air Balloon\n|move|p2a: \u2606\u2605Star\u2605\u2606|Shadow Ball|p1a: white beard\n|-resisted|p1a: white beard\n|-damage|p1a: white beard|67\/100\n|-enditem|p1a: white beard|Air Balloon\n|\n|upkeep\n|turn|4\n|\n|t:|1700169818\n|switch|p2a: Um|Enamorus, F|100\/100\n|move|p1a: white beard|Kowtow Cleave|p2a: Um\n|-resisted|p2a: Um\n|-damage|p2a: Um|59\/100\n|\n|upkeep\n|turn|5\n|inactive|Battle timer is ON: inactive players will automatically lose when time's up. (requested by Lanbos eternity)\n|\n|t:|1700169841\n|-end|p1a: white beard|fallenundefined|[silent]\n|switch|p1a: Sneasler|Sneasler, F|100\/100\n|move|p2a: Um|Moonblast|p1a: Sneasler\n|-damage|p1a: Sneasler|0 fnt\n|faint|p1a: Sneasler\n|\n|upkeep\n|\n|t:|1700169855\n|switch|p1a: fish|Alomomola, F, shiny|100\/100\n|turn|6\n|\n|t:|1700169859\n|move|p2a: Um|Moonblast|p1a: fish\n|-damage|p1a: fish|4\/100\n|-unboost|p1a: fish|spa|1\n|move|p1a: fish|Wish|p1a: fish\n|\n|upkeep\n|turn|7\n|\n|t:|1700169867\n|move|p2a: Um|Moonblast|p1a: fish\n|-damage|p1a: fish|0 fnt\n|faint|p1a: fish\n|\n|upkeep\n|\n|t:|1700169870\n|switch|p1a: jazz|Ribombee, M, shiny|13\/100\n|turn|8\n|\n|t:|1700169874\n|move|p1a: jazz|Sticky Web|p2a: Um\n|-sidestart|p2: Lanbos eternity|move: Sticky Web\n|move|p2a: Um|Moonblast|p1a: jazz\n|-damage|p1a: jazz|0 fnt\n|faint|p1a: jazz\n|\n|upkeep\n|\n|t:|1700169903\n|switch|p1a: white beard|Kingambit, F|67\/100\n|-activate|p1a: white beard|ability: Supreme Overlord\n|-start|p1a: white beard|fallen3|[silent]\n|turn|9\n|\n|t:|1700169914\n|move|p2a: Um|Moonblast|p1a: white beard\n|-damage|p1a: white beard|0 fnt\n|faint|p1a: white beard\n|-end|p1a: white beard|fallen3|[silent]\n|\n|upkeep\n|\n|t:|1700169917\n|switch|p1a: Great Tusk|Great Tusk|100\/100\n|turn|10\n|\n|t:|1700169932\n|-terastallize|p1a: Great Tusk|Water\n|move|p2a: Um|Moonblast|p1a: Great Tusk\n|-damage|p1a: Great Tusk|4\/100\n|move|p1a: Great Tusk|Knock Off|p2a: Um\n|-resisted|p2a: Um\n|-damage|p2a: Um|38\/100\n|-enditem|p2a: Um|Choice Specs|[from] move: Knock Off|[of] p1a: Great Tusk\n|\n|-heal|p1a: Great Tusk|10\/100|[from] item: Leftovers\n|upkeep\n|turn|11\n|\n|t:|1700169942\n|move|p2a: Um|Moonblast|p1a: Great Tusk\n|-damage|p1a: Great Tusk|0 fnt\n|faint|p1a: Great Tusk\n|-end|p1a: Great Tusk|Protosynthesis|[silent]\n|\n|upkeep\n|\n|t:|1700169944\n|switch|p1a: Monke|Rillaboom, F|100\/100\n|-fieldstart|move: Grassy Terrain|[from] ability: Grassy Surge|[of] p1a: Monke\n|turn|12\n|\n|t:|1700169952\n|move|p2a: Um|Mystical Fire|p1a: Monke\n|-supereffective|p1a: Monke\n|-damage|p1a: Monke|42\/100\n|-unboost|p1a: Monke|spa|1\n|move|p1a: Monke|Knock Off|p2a: Um\n|-resisted|p2a: Um\n|-damage|p2a: Um|17\/100\n|\n|-heal|p1a: Monke|48\/100|[from] Grassy Terrain\n|upkeep\n|turn|13\n|\n|t:|1700169955\n|move|p2a: Um|Mystical Fire|p1a: Monke\n|-supereffective|p1a: Monke\n|-damage|p1a: Monke|0 fnt\n|faint|p1a: Monke\n|\n|win|Lanbos eternity\n|raw|MudkipFan7's rating: 1092 &rarr; <strong>1074<\/strong><br \/>(-18 for losing)\n|raw|Lanbos eternity's rating: 1176 &rarr; <strong>1195<\/strong><br \/>(+19 for winning)\n|l|\u2606MudkipFan7\n","uploadtime":1700169960,"views":7,"p1id":"mudkipfan7","p2id":"lanboseternity","formatid":"gen9ou","rating":1074,"private":0,"password":""}