{"id":"gen9ou-1991342645","p1":"AikonZ_Test","p2":"ouvt poison heal","format":"[Gen 9] OU","log":"|j|\u2606AikonZ_Test\n|j|\u2606ouvt poison heal\n|t:|1700069194\n|gametype|singles\n|player|p1|AikonZ_Test|veteran|1851\n|player|p2|ouvt poison heal|elesa-masters2|1857\n|teamsize|p1|6\n|teamsize|p2|6\n|gen|9\n|tier|[Gen 9] OU\n|rated|\n|rule|Sleep Clause Mod: Limit one foe put to sleep\n|rule|Species Clause: Limit one of each Pok\u00e9mon\n|rule|OHKO Clause: OHKO moves are banned\n|rule|Evasion Items Clause: Evasion items are banned\n|rule|Evasion Moves Clause: Evasion moves are banned\n|rule|Endless Battle Clause: Forcing endless battles is banned\n|rule|HP Percentage Mod: HP is shown in percentages\n|clearpoke\n|poke|p1|Slowking-Galar, M|\n|poke|p1|Clefable, M|\n|poke|p1|Zamazenta-*|\n|poke|p1|Cinderace, M|\n|poke|p1|Greninja-*, M|\n|poke|p1|Great Tusk|\n|poke|p2|Dragapult, M|\n|poke|p2|Heatran, M|\n|poke|p2|Great Tusk|\n|poke|p2|Amoonguss, M|\n|poke|p2|Weavile, M|\n|poke|p2|Enamorus, F|\n|teampreview\n|\n|t:|1700069206\n|start\n|switch|p1a: Greninja|Greninja, M|100\/100\n|switch|p2a: Dragapult|Dragapult, M, shiny|100\/100\n|turn|1\n|\n|t:|1700069217\n|move|p1a: Greninja|Ice Beam|p2a: Dragapult\n|-start|p1a: Greninja|typechange|Ice|[from] ability: Protean\n|-supereffective|p2a: Dragapult\n|-damage|p2a: Dragapult|0 fnt\n|faint|p2a: Dragapult\n|\n|upkeep\n|\n|t:|1700069226\n|switch|p2a: Heatran|Heatran, M, shiny|100\/100\n|-item|p2a: Heatran|Air Balloon\n|turn|2\n|\n|t:|1700069232\n|switch|p1a: Slowking|Slowking-Galar, M|100\/100\n|move|p2a: Heatran|Magma Storm|p1a: Slowking\n|-damage|p1a: Slowking|73\/100\n|-activate|p1a: Slowking|move: Magma Storm|[of] p2a: Heatran\n|\n|-damage|p1a: Slowking|61\/100|[from] move: Magma Storm|[partiallytrapped]\n|upkeep\n|turn|3\n|\n|t:|1700069241\n|move|p2a: Heatran|Earth Power|p1a: Slowking\n|-supereffective|p1a: Slowking\n|-damage|p1a: Slowking|26\/100\n|move|p1a: Slowking|Surf|p2a: Heatran\n|-supereffective|p2a: Heatran\n|-damage|p2a: Heatran|51\/100\n|-enditem|p2a: Heatran|Air Balloon\n|\n|-damage|p1a: Slowking|14\/100|[from] move: Magma Storm|[partiallytrapped]\n|upkeep\n|turn|4\n|\n|t:|1700069252\n|-terastallize|p1a: Slowking|Water\n|move|p2a: Heatran|Earth Power|p1a: Slowking\n|-damage|p1a: Slowking|0 fnt\n|faint|p1a: Slowking\n|\n|upkeep\n|\n|t:|1700069265\n|switch|p1a: Greninja|Greninja, M|100\/100\n|turn|5\n|\n|t:|1700069268\n|switch|p2a: Amoonguss|Amoonguss, M, shiny|100\/100\n|move|p1a: Greninja|Switcheroo|p2a: Amoonguss\n|-start|p1a: Greninja|typechange|Dark|[from] ability: Protean\n|-activate|p1a: Greninja|move: Trick|[of] p2a: Amoonguss\n|-item|p2a: Amoonguss|Choice Scarf|[from] move: Switcheroo\n|-item|p1a: Greninja|Red Card|[from] move: Switcheroo\n|\n|upkeep\n|turn|6\n|\n|t:|1700069276\n|move|p1a: Greninja|Ice Beam|p2a: Amoonguss\n|-supereffective|p2a: Amoonguss\n|-damage|p2a: Amoonguss|61\/100\n|move|p2a: Amoonguss|Spore|p1a: Greninja\n|-status|p1a: Greninja|slp|[from] move: Spore\n|\n|upkeep\n|turn|7\n|\n|t:|1700069281\n|switch|p2a: Enamorus|Enamorus, F, shiny|100\/100\n|cant|p1a: Greninja|slp\n|\n|upkeep\n|turn|8\n|\n|t:|1700069296\n|switch|p1a: Cinderace|Cinderace, M|100\/100\n|move|p2a: Enamorus|Moonblast|p1a: Cinderace\n|-resisted|p1a: Cinderace\n|-damage|p1a: Cinderace|63\/100\n|\n|upkeep\n|turn|9\n|j| shdbcnosdcmo\n|\n|t:|1700069302\n|switch|p2a: Heatran|Heatran, M, shiny|51\/100\n|move|p1a: Cinderace|U-turn|p2a: Heatran\n|-start|p1a: Cinderace|typechange|Bug|[from] ability: Libero\n|-resisted|p2a: Heatran\n|-damage|p2a: Heatran|43\/100\n|\n|t:|1700069305\n|switch|p1a: Greninja|Greninja, M|100\/100 slp|[from] U-turn\n|\n|upkeep\n|turn|10\n|\n|t:|1700069314\n|switch|p2a: Amoonguss|Amoonguss, M, shiny|95\/100\n|-curestatus|p1a: Greninja|slp|[msg]\n|move|p1a: Greninja|Surf|p2a: Amoonguss\n|-start|p1a: Greninja|typechange|Water|[from] ability: Protean\n|-resisted|p2a: Amoonguss\n|-damage|p2a: Amoonguss|82\/100\n|\n|upkeep\n|turn|11\n|j| eeferrrerere\n|\n|t:|1700069324\n|switch|p1a: Cinderace|Cinderace, M|63\/100\n|move|p2a: Amoonguss|Giga Drain|p1a: Cinderace\n|-resisted|p1a: Cinderace\n|-damage|p1a: Cinderace|47\/100\n|-heal|p2a: Amoonguss|88\/100|[from] drain|[of] p1a: Cinderace\n|\n|upkeep\n|turn|12\n|\n|t:|1700069329\n|switch|p2a: Heatran|Heatran, M, shiny|43\/100\n|move|p1a: Cinderace|U-turn|p2a: Heatran\n|-start|p1a: Cinderace|typechange|Bug|[from] ability: Libero\n|-resisted|p2a: Heatran\n|-damage|p2a: Heatran|36\/100\n|\n|t:|1700069355\n|switch|p1a: Greninja|Greninja, M|100\/100|[from] U-turn\n|\n|upkeep\n|turn|13\n|\n|t:|1700069363\n|switch|p2a: Amoonguss|Amoonguss, M, shiny|100\/100\n|move|p1a: Greninja|Ice Beam|p2a: Amoonguss\n|-start|p1a: Greninja|typechange|Ice|[from] ability: Protean\n|-supereffective|p2a: Amoonguss\n|-damage|p2a: Amoonguss|45\/100\n|\n|upkeep\n|turn|14\n|\n|t:|1700069378\n|switch|p1a: Clefable|Clefable, M|100\/100\n|switch|p2a: Weavile|Weavile, M, shiny|100\/100\n|\n|upkeep\n|turn|15\n|\n|t:|1700069384\n|switch|p2a: Amoonguss|Amoonguss, M, shiny|78\/100\n|move|p1a: Clefable|Stealth Rock|p2a: Amoonguss\n|-sidestart|p2: ouvt poison heal|move: Stealth Rock\n|\n|upkeep\n|turn|16\n|\n|t:|1700069388\n|move|p1a: Clefable|Protect|p1a: Clefable\n|-singleturn|p1a: Clefable|Protect\n|move|p2a: Amoonguss|Sludge Bomb|p1a: Clefable\n|-activate|p1a: Clefable|move: Protect\n|\n|upkeep\n|turn|17\n|\n|t:|1700069394\n|switch|p1a: Greninja|Greninja, M|100\/100\n|move|p2a: Amoonguss|Sludge Bomb|p1a: Greninja\n|-damage|p1a: Greninja|60\/100\n|-status|p1a: Greninja|psn\n|-enditem|p1a: Greninja|Red Card|[of] p2a: Amoonguss\n|drag|p2a: Great Tusk|Great Tusk, shiny|100\/100\n|-damage|p2a: Great Tusk|98\/100|[from] Stealth Rock\n|\n|-heal|p2a: Great Tusk|100\/100|[from] item: Leftovers\n|-damage|p1a: Greninja|48\/100 psn|[from] psn\n|upkeep\n|turn|18\n|\n|t:|1700069406\n|-terastallize|p2a: Great Tusk|Steel\n|move|p1a: Greninja|Ice Beam|p2a: Great Tusk\n|-start|p1a: Greninja|typechange|Ice|[from] ability: Protean\n|-resisted|p2a: Great Tusk\n|-damage|p2a: Great Tusk|75\/100\n|-status|p2a: Great Tusk|frz\n|-curestatus|p2a: Great Tusk|frz|[msg]\n|move|p2a: Great Tusk|Rapid Spin|p1a: Greninja\n|-damage|p1a: Greninja|17\/100 psn\n|-boost|p2a: Great Tusk|spe|1\n|-sideend|p2: ouvt poison heal|Stealth Rock|[from] move: Rapid Spin|[of] p2a: Great Tusk\n|\n|-heal|p2a: Great Tusk|81\/100|[from] item: Leftovers\n|-damage|p1a: Greninja|5\/100 psn|[from] psn\n|upkeep\n|turn|19\n|\n|t:|1700069419\n|switch|p1a: Great Tusk|Great Tusk|100\/100\n|-end|p2a: Great Tusk|Protosynthesis|[silent]\n|switch|p2a: Amoonguss|Amoonguss, M, shiny|100\/100\n|\n|upkeep\n|turn|20\n|\n|t:|1700069444\n|-end|p1a: Great Tusk|Protosynthesis|[silent]\n|switch|p1a: Cinderace|Cinderace, M|47\/100\n|move|p2a: Amoonguss|Spore|p1a: Cinderace\n|-status|p1a: Cinderace|slp|[from] move: Spore\n|\n|upkeep\n|turn|21\n|j| Whiteout 75\n|j| HicHac\n|\n|t:|1700069466\n|switch|p1a: Clefable|Clefable, M|100\/100\n|switch|p2a: Weavile|Weavile, M, shiny|100\/100\n|\n|upkeep\n|turn|22\n|\n|t:|1700069472\n|switch|p2a: Amoonguss|Amoonguss, M, shiny|100\/100\n|move|p1a: Clefable|Stealth Rock|p2a: Amoonguss\n|-sidestart|p2: ouvt poison heal|move: Stealth Rock\n|\n|upkeep\n|turn|23\n|\n|t:|1700069480\n|move|p1a: Clefable|Protect|p1a: Clefable\n|-singleturn|p1a: Clefable|Protect\n|move|p2a: Amoonguss|Sludge Bomb|p1a: Clefable\n|-activate|p1a: Clefable|move: Protect\n|\n|upkeep\n|turn|24\n|\n|t:|1700069484\n|switch|p1a: Great Tusk|Great Tusk|100\/100\n|move|p2a: Amoonguss|Sludge Bomb|p1a: Great Tusk\n|-resisted|p1a: Great Tusk\n|-damage|p1a: Great Tusk|84\/100\n|-status|p1a: Great Tusk|psn\n|\n|-heal|p1a: Great Tusk|90\/100 psn|[from] item: Leftovers\n|-damage|p1a: Great Tusk|77\/100 psn|[from] psn\n|upkeep\n|turn|25\n|\n|t:|1700069498\n|switch|p2a: Great Tusk|Great Tusk, shiny, tera:Steel|81\/100\n|-damage|p2a: Great Tusk|75\/100|[from] Stealth Rock\n|move|p1a: Great Tusk|Earthquake|p2a: Great Tusk\n|-supereffective|p2a: Great Tusk\n|-damage|p2a: Great Tusk|22\/100\n|\n|-heal|p2a: Great Tusk|28\/100|[from] item: Leftovers\n|-heal|p1a: Great Tusk|84\/100 psn|[from] item: Leftovers\n|-damage|p1a: Great Tusk|71\/100 psn|[from] psn\n|upkeep\n|turn|26\n|\n|t:|1700069509\n|move|p2a: Great Tusk|Rapid Spin|p1a: Great Tusk\n|-damage|p1a: Great Tusk|62\/100 psn\n|-boost|p2a: Great Tusk|spe|1\n|-sideend|p2: ouvt poison heal|Stealth Rock|[from] move: Rapid Spin|[of] p2a: Great Tusk\n|move|p1a: Great Tusk|Knock Off|p2a: Great Tusk\n|-damage|p2a: Great Tusk|8\/100\n|-enditem|p2a: Great Tusk|Leftovers|[from] move: Knock Off|[of] p1a: Great Tusk\n|\n|-heal|p1a: Great Tusk|68\/100 psn|[from] item: Leftovers\n|-damage|p1a: Great Tusk|56\/100 psn|[from] psn\n|upkeep\n|turn|27\n|j| clozap9\n|j| MarburgCOVEbola\n|\n|t:|1700069523\n|-end|p2a: Great Tusk|Protosynthesis|[silent]\n|switch|p2a: Enamorus|Enamorus, F, shiny|100\/100\n|move|p1a: Great Tusk|Knock Off|p2a: Enamorus\n|-resisted|p2a: Enamorus\n|-damage|p2a: Enamorus|80\/100\n|-enditem|p2a: Enamorus|Heavy-Duty Boots|[from] move: Knock Off|[of] p1a: Great Tusk\n|\n|-heal|p1a: Great Tusk|62\/100 psn|[from] item: Leftovers\n|-damage|p1a: Great Tusk|50\/100 psn|[from] psn\n|upkeep\n|turn|28\n|l| HicHac\n|\n|t:|1700069538\n|move|p2a: Enamorus|Moonblast|p1a: Great Tusk\n|-supereffective|p1a: Great Tusk\n|-damage|p1a: Great Tusk|0 fnt\n|faint|p1a: Great Tusk\n|-end|p1a: Great Tusk|Protosynthesis|[silent]\n|\n|upkeep\n|\n|t:|1700069541\n|switch|p1a: Clefable|Clefable, M|100\/100\n|turn|29\n|\n|t:|1700069553\n|move|p2a: Enamorus|Calm Mind|p2a: Enamorus\n|-boost|p2a: Enamorus|spa|1\n|-boost|p2a: Enamorus|spd|1\n|move|p1a: Clefable|Stealth Rock|p2a: Enamorus\n|-sidestart|p2: ouvt poison heal|move: Stealth Rock\n|\n|upkeep\n|turn|30\n|\n|t:|1700069561\n|move|p2a: Enamorus|Moonblast|p1a: Clefable\n|-damage|p1a: Clefable|58\/100\n|-unboost|p1a: Clefable|spa|1\n|move|p1a: Clefable|Moonblast|p2a: Enamorus\n|-damage|p2a: Enamorus|48\/100\n|-unboost|p2a: Enamorus|spa|1\n|\n|-heal|p1a: Clefable|64\/100|[from] item: Leftovers\n|upkeep\n|turn|31\n|c| MarburgCOVEbola|gg\n|\n|t:|1700069574\n|move|p1a: Clefable|Protect|p1a: Clefable\n|-singleturn|p1a: Clefable|Protect\n|move|p2a: Enamorus|Moonblast|p1a: Clefable\n|-activate|p1a: Clefable|move: Protect\n|\n|-heal|p1a: Clefable|70\/100|[from] item: Leftovers\n|upkeep\n|turn|32\n|j| Volcrix\n|n| jnscjasnkclc|shdbcnosdcmo\n|\n|t:|1700069592\n|move|p2a: Enamorus|Healing Wish|p2a: Enamorus\n|faint|p2a: Enamorus\n|move|p1a: Clefable|Wish|p1a: Clefable\n|\n|-heal|p1a: Clefable|76\/100|[from] item: Leftovers\n|upkeep\n|j| LT_Alt1\n|\n|t:|1700069595\n|switch|p2a: Heatran|Heatran, M, shiny|36\/100\n|-heal|p2a: Heatran|100\/100|[from] move: Healing Wish\n|-damage|p2a: Heatran|88\/100|[from] Stealth Rock\n|turn|33\n|\n|t:|1700069608\n|switch|p1a: Greninja|Greninja, M|5\/100 psn\n|move|p2a: Heatran|Stealth Rock|p1a: Greninja\n|-sidestart|p1: AikonZ_Test|move: Stealth Rock\n|\n|-heal|p1a: Greninja|74\/100 psn|[from] move: Wish|[wisher] Clefable\n|-damage|p1a: Greninja|62\/100 psn|[from] psn\n|upkeep\n|turn|34\n|\n|t:|1700069615\n|switch|p2a: Great Tusk|Great Tusk, shiny, tera:Steel|8\/100\n|-damage|p2a: Great Tusk|2\/100|[from] Stealth Rock\n|move|p1a: Greninja|Surf|p2a: Great Tusk\n|-start|p1a: Greninja|typechange|Water|[from] ability: Protean\n|-damage|p2a: Great Tusk|0 fnt\n|faint|p2a: Great Tusk\n|-end|p2a: Great Tusk|Protosynthesis|[silent]\n|\n|-damage|p1a: Greninja|49\/100 psn|[from] psn\n|upkeep\n|\n|t:|1700069620\n|switch|p2a: Weavile|Weavile, M, shiny|100\/100\n|-damage|p2a: Weavile|76\/100|[from] Stealth Rock\n|turn|35\n|\n|t:|1700069629\n|move|p2a: Weavile|Knock Off|p1a: Greninja\n|-damage|p1a: Greninja|0 fnt\n|faint|p1a: Greninja\n|\n|upkeep\n|\n|t:|1700069632\n|switch|p1a: Zamazenta|Zamazenta|100\/100\n|-damage|p1a: Zamazenta|94\/100|[from] Stealth Rock\n|-ability|p1a: Zamazenta|Dauntless Shield|boost\n|-boost|p1a: Zamazenta|def|1\n|turn|36\n|\n|t:|1700069649\n|switch|p2a: Amoonguss|Amoonguss, M, shiny|100\/100\n|-damage|p2a: Amoonguss|88\/100|[from] Stealth Rock\n|move|p1a: Zamazenta|Body Press|p2a: Amoonguss\n|-resisted|p2a: Amoonguss\n|-damage|p2a: Amoonguss|61\/100\n|\n|-heal|p1a: Zamazenta|100\/100|[from] item: Leftovers\n|upkeep\n|turn|37\n|j| Etrudeye\n|\n|t:|1700069660\n|move|p1a: Zamazenta|Substitute|p1a: Zamazenta\n|-start|p1a: Zamazenta|Substitute\n|-damage|p1a: Zamazenta|75\/100\n|move|p2a: Amoonguss|Sludge Bomb|p1a: Zamazenta\n|-activate|p1a: Zamazenta|move: Substitute|[damage]\n|\n|-heal|p1a: Zamazenta|82\/100|[from] item: Leftovers\n|upkeep\n|turn|38\n|\n|t:|1700069665\n|move|p1a: Zamazenta|Iron Defense|p1a: Zamazenta\n|-boost|p1a: Zamazenta|def|2\n|move|p2a: Amoonguss|Sludge Bomb|p1a: Zamazenta\n|-end|p1a: Zamazenta|Substitute\n|\n|-heal|p1a: Zamazenta|88\/100|[from] item: Leftovers\n|upkeep\n|turn|39\n|-message|ouvt poison heal forfeited.\n|\n|win|AikonZ_Test\n|raw|AikonZ_Test's rating: 1851 &rarr; <strong>1871<\/strong><br \/>(+20 for winning)\n|raw|ouvt poison heal's rating: 1857 &rarr; <strong>1837<\/strong><br \/>(-20 for losing)\n|l|\u2606ouvt poison heal\n|c|\u2606AikonZ_Test|gg\n|l| clozap9\n|l| Whiteout 75\n|l| LT_Alt1\n","uploadtime":1700069697,"views":11,"p1id":"aikonztest","p2id":"ouvtpoisonheal","formatid":"gen9ou","rating":1837,"private":0,"password":""}