{"id":"gen9ou-1989870332","p1":"TrueSkyKing","p2":"Solution 77","format":"[Gen 9] OU","log":"|j|\u2606TrueSkyKing\n|j|\u2606Solution 77\n|t:|1699902604\n|gametype|singles\n|player|p1|TrueSkyKing|nate|1117\n|player|p2|Solution 77|flannery|1089\n|teamsize|p1|6\n|teamsize|p2|6\n|gen|9\n|tier|[Gen 9] OU\n|rated|\n|rule|Sleep Clause Mod: Limit one foe put to sleep\n|rule|Species Clause: Limit one of each Pok\u00e9mon\n|rule|OHKO Clause: OHKO moves are banned\n|rule|Evasion Items Clause: Evasion items are banned\n|rule|Evasion Moves Clause: Evasion moves are banned\n|rule|Endless Battle Clause: Forcing endless battles is banned\n|rule|HP Percentage Mod: HP is shown in percentages\n|clearpoke\n|poke|p1|Ting-Lu|\n|poke|p1|Ribombee, F|\n|poke|p1|Skeledirge, F|\n|poke|p1|Great Tusk|\n|poke|p1|Gengar, M|\n|poke|p1|Quaquaval, F|\n|poke|p2|Manaphy|\n|poke|p2|Okidogi, M|\n|poke|p2|Zoroark-Hisui, M|\n|poke|p2|Arcanine-Hisui, M|\n|poke|p2|Ambipom, M|\n|poke|p2|Glimmora, M|\n|teampreview\n|inactive|Battle timer is ON: inactive players will automatically lose when time's up. (requested by TrueSkyKing)\n|inactive|Solution 77 has 120 seconds left.\n|\n|t:|1699902666\n|start\n|switch|p1a: Deltarune|Ting-Lu|100\/100\n|switch|p2a: Ambipom|Ambipom, M|100\/100\n|-ability|p1a: Deltarune|Vessel of Ruin\n|turn|1\n|\n|t:|1699902685\n|move|p2a: Ambipom|Trick|p1a: Deltarune\n|-activate|p2a: Ambipom|move: Trick|[of] p1a: Deltarune\n|-item|p1a: Deltarune|Choice Scarf|[from] move: Trick\n|-item|p2a: Ambipom|Leftovers|[from] move: Trick\n|move|p1a: Deltarune|Ruination|p2a: Ambipom\n|-damage|p2a: Ambipom|51\/100\n|replace|p2a: Zoroark|Zoroark-Hisui, M\n|-end|p2a: Zoroark|Illusion\n|\n|-heal|p2a: Zoroark|57\/100|[from] item: Leftovers\n|upkeep\n|turn|2\n|\n|t:|1699902702\n|switch|p2a: Okidogi|Okidogi, M|100\/100\n|switch|p1a: Ricin|Gengar, M|100\/100\n|\n|upkeep\n|turn|3\n|\n|t:|1699902710\n|move|p1a: Ricin|Will-O-Wisp|p2a: Okidogi\n|-status|p2a: Okidogi|brn\n|move|p2a: Okidogi|Knock Off|p1a: Ricin\n|-supereffective|p1a: Ricin\n|-crit|p1a: Ricin\n|-damage|p1a: Ricin|0 fnt\n|-enditem|p1a: Ricin|Mirror Herb|[from] move: Knock Off|[of] p2a: Okidogi\n|faint|p1a: Ricin\n|\n|-damage|p2a: Okidogi|95\/100 brn|[from] brn\n|upkeep\n|inactive|TrueSkyKing has 120 seconds left.\n|\n|t:|1699902742\n|switch|p1a: Oakland|Great Tusk|100\/100\n|turn|4\n|\n|t:|1699902747\n|move|p1a: Oakland|Knock Off|p2a: Okidogi\n|-resisted|p2a: Okidogi\n|-damage|p2a: Okidogi|82\/100 brn\n|-enditem|p2a: Okidogi|Aguav Berry|[from] move: Knock Off|[of] p1a: Oakland\n|move|p2a: Okidogi|Knock Off|p1a: Oakland\n|-resisted|p1a: Oakland\n|-crit|p1a: Oakland\n|-damage|p1a: Oakland|91\/100\n|-status|p1a: Oakland|tox|[from] ability: Toxic Chain|[of] p2a: Okidogi\n|-enditem|p1a: Oakland|Heavy-Duty Boots|[from] move: Knock Off|[of] p2a: Okidogi\n|\n|-damage|p1a: Oakland|85\/100 tox|[from] psn\n|-damage|p2a: Okidogi|76\/100 brn|[from] brn\n|upkeep\n|turn|5\n|inactive|Solution 77 has 120 seconds left.\n|\n|t:|1699902793\n|move|p1a: Oakland|Headlong Rush|p2a: Okidogi\n|-supereffective|p2a: Okidogi\n|-damage|p2a: Okidogi|0 fnt\n|-unboost|p1a: Oakland|def|1\n|-unboost|p1a: Oakland|spd|1\n|faint|p2a: Okidogi\n|\n|-damage|p1a: Oakland|72\/100 tox|[from] psn\n|upkeep\n|\n|t:|1699902802\n|switch|p2a: Ambipom|Ambipom, M|100\/100\n|turn|6\n|\n|t:|1699902820\n|-end|p1a: Oakland|Protosynthesis|[silent]\n|switch|p1a: Monte Carlo|Skeledirge, F|100\/100\n|move|p2a: Ambipom|Fake Out|p1a: Monte Carlo\n|-immune|p1a: Monte Carlo\n|\n|upkeep\n|turn|7\n|\n|t:|1699902827\n|move|p2a: Ambipom|Knock Off|p1a: Monte Carlo\n|-supereffective|p1a: Monte Carlo\n|-damage|p1a: Monte Carlo|62\/100\n|-enditem|p1a: Monte Carlo|Leftovers|[from] move: Knock Off|[of] p2a: Ambipom\n|move|p1a: Monte Carlo|Will-O-Wisp|p2a: Ambipom\n|-status|p2a: Ambipom|brn\n|\n|-damage|p2a: Ambipom|94\/100 brn|[from] brn\n|upkeep\n|turn|8\n|inactive|Solution 77 has 120 seconds left.\n|\n|t:|1699902839\n|move|p2a: Ambipom|U-turn|p1a: Monte Carlo\n|-resisted|p1a: Monte Carlo\n|-damage|p1a: Monte Carlo|60\/100\n|\n|t:|1699902848\n|switch|p2a: Arcanine|Arcanine-Hisui, M|57\/100|[from] U-turn\n|move|p1a: Monte Carlo|Torch Song|p2a: Arcanine\n|-damage|p2a: Arcanine|0 fnt\n|-boost|p1a: Monte Carlo|spa|1\n|replace|p2a: Zoroark|Zoroark-Hisui, M\n|-end|p2a: Zoroark|Illusion\n|faint|p2a: Zoroark\n|\n|upkeep\n|\n|t:|1699902861\n|switch|p2a: Arcanine|Arcanine-Hisui, M|100\/100\n|turn|9\n|\n|t:|1699902867\n|move|p2a: Arcanine|Head Smash|p1a: Monte Carlo\n|-supereffective|p1a: Monte Carlo\n|-damage|p1a: Monte Carlo|0 fnt\n|faint|p1a: Monte Carlo\n|\n|upkeep\n|\n|t:|1699902871\n|switch|p1a: Maria Maria|Quaquaval, F|100\/100\n|turn|10\n|\n|t:|1699902880\n|move|p2a: Arcanine|Head Smash|p1a: Maria Maria\n|-resisted|p1a: Maria Maria\n|-damage|p1a: Maria Maria|30\/100\n|move|p1a: Maria Maria|Flip Turn|p2a: Arcanine\n|-supereffective|p2a: Arcanine\n|-damage|p2a: Arcanine|0 fnt\n|faint|p2a: Arcanine\n|-ability|p1a: Maria Maria|Moxie|boost\n|-boost|p1a: Maria Maria|atk|1\n|\n|t:|1699902888\n|switch|p1a: Bee Gees|Ribombee, F|100\/100|[from] Flip Turn\n|\n|upkeep\n|\n|t:|1699902896\n|switch|p2a: Ambipom|Ambipom, M|94\/100 brn\n|turn|11\n|\n|t:|1699902903\n|move|p2a: Ambipom|Fake Out|p1a: Bee Gees\n|-damage|p1a: Bee Gees|76\/100\n|cant|p1a: Bee Gees|flinch\n|\n|-damage|p2a: Ambipom|88\/100 brn|[from] brn\n|upkeep\n|turn|12\n|\n|t:|1699902915\n|move|p1a: Bee Gees|Skill Swap|p2a: Ambipom\n|-activate|p1a: Bee Gees|move: Skill Swap|Technician|Sweet Veil|[of] p2a: Ambipom\n|move|p2a: Ambipom|Double Hit|p1a: Bee Gees|[miss]\n|-miss|p2a: Ambipom|p1a: Bee Gees\n|\n|-damage|p2a: Ambipom|82\/100 brn|[from] brn\n|upkeep\n|turn|13\n|\n|t:|1699902928\n|move|p1a: Bee Gees|Sticky Web|p2a: Ambipom\n|-sidestart|p2: Solution 77|move: Sticky Web\n|move|p2a: Ambipom|Knock Off|p1a: Bee Gees\n|-resisted|p1a: Bee Gees\n|-damage|p1a: Bee Gees|65\/100\n|-enditem|p1a: Bee Gees|Focus Sash|[from] move: Knock Off|[of] p2a: Ambipom\n|\n|-damage|p2a: Ambipom|76\/100 brn|[from] brn\n|upkeep\n|turn|14\n|\n|t:|1699902945\n|switch|p2a: Glimmora|Glimmora, M|100\/100\n|-activate|p2a: Glimmora|move: Sticky Web\n|-unboost|p2a: Glimmora|spe|1\n|move|p1a: Bee Gees|Moonblast|p2a: Glimmora\n|-resisted|p2a: Glimmora\n|-damage|p2a: Glimmora|78\/100\n|-unboost|p2a: Glimmora|spa|1\n|\n|upkeep\n|turn|15\n|\n|t:|1699902956\n|move|p1a: Bee Gees|Skill Swap|p2a: Glimmora\n|-activate|p1a: Bee Gees|move: Skill Swap|Toxic Debris|Technician|[of] p2a: Glimmora\n|move|p2a: Glimmora|Mortal Spin|p1a: Bee Gees\n|-supereffective|p1a: Bee Gees\n|-damage|p1a: Bee Gees|35\/100\n|-status|p1a: Bee Gees|psn\n|-activate|p1a: Bee Gees|ability: Toxic Debris\n|-sidestart|p2: Solution 77|move: Toxic Spikes\n|-sideend|p2: Solution 77|Toxic Spikes|[from] move: Mortal Spin|[of] p2a: Glimmora\n|-sideend|p2: Solution 77|Sticky Web|[from] move: Mortal Spin|[of] p2a: Glimmora\n|\n|-damage|p1a: Bee Gees|23\/100 psn|[from] psn\n|upkeep\n|turn|16\n|\n|t:|1699902968\n|move|p1a: Bee Gees|Stun Spore|p2a: Glimmora\n|-status|p2a: Glimmora|par\n|move|p2a: Glimmora|Mortal Spin|p1a: Bee Gees\n|-supereffective|p1a: Bee Gees\n|-damage|p1a: Bee Gees|0 fnt\n|-activate|p1a: Bee Gees|ability: Toxic Debris\n|-sidestart|p2: Solution 77|move: Toxic Spikes\n|-sideend|p2: Solution 77|Toxic Spikes|[from] move: Mortal Spin|[of] p2a: Glimmora\n|faint|p1a: Bee Gees\n|\n|upkeep\n|\n|t:|1699902982\n|switch|p1a: Maria Maria|Quaquaval, F|30\/100\n|turn|17\n|\n|t:|1699902987\n|cant|p2a: Glimmora|par\n|move|p1a: Maria Maria|Aqua Step|p2a: Glimmora\n|-supereffective|p2a: Glimmora\n|-damage|p2a: Glimmora|13\/100 par\n|-boost|p1a: Maria Maria|spe|1\n|\n|upkeep\n|turn|18\n|\n|t:|1699902994\n|cant|p2a: Glimmora|par\n|move|p1a: Maria Maria|Aqua Step|p2a: Glimmora\n|-supereffective|p2a: Glimmora\n|-damage|p2a: Glimmora|0 fnt\n|-boost|p1a: Maria Maria|spe|1\n|faint|p2a: Glimmora\n|-ability|p1a: Maria Maria|Moxie|boost\n|-boost|p1a: Maria Maria|atk|1\n|\n|upkeep\n|-message|Solution 77 forfeited.\n|\n|win|TrueSkyKing\n|raw|TrueSkyKing's rating: 1117 &rarr; <strong>1140<\/strong><br \/>(+23 for winning)\n|raw|Solution 77's rating: 1089 &rarr; <strong>1068<\/strong><br \/>(-21 for losing)\n|l|\u2606Solution 77\n","uploadtime":1699903003,"views":18,"p1id":"trueskyking","p2id":"solution77","formatid":"gen9ou","rating":1068,"private":0,"password":""}