{"id":"gen9ou-1993741877","p1":"VanhominTesting","p2":"66sc","format":"[Gen 9] OU","log":"|j|\u2606VanhominTesting\n|j|\u260666sc\n|t:|1700351802\n|gametype|singles\n|player|p1|VanhominTesting|scientist-gen4|1134\n|player|p2|66sc|cynthia-gen4|1092\n|teamsize|p1|6\n|teamsize|p2|6\n|gen|9\n|tier|[Gen 9] OU\n|rated|\n|rule|Sleep Clause Mod: Limit one foe put to sleep\n|rule|Species Clause: Limit one of each Pok\u00e9mon\n|rule|OHKO Clause: OHKO moves are banned\n|rule|Evasion Items Clause: Evasion items are banned\n|rule|Evasion Moves Clause: Evasion moves are banned\n|rule|Endless Battle Clause: Forcing endless battles is banned\n|rule|HP Percentage Mod: HP is shown in percentages\n|clearpoke\n|poke|p1|Zapdos|\n|poke|p1|Ninetales-Alola, F|\n|poke|p1|Garganacl, M|\n|poke|p1|Ursaluna, M|\n|poke|p1|Toxapex, M|\n|poke|p1|Ditto|\n|poke|p2|Garganacl, M|\n|poke|p2|Gholdengo|\n|poke|p2|Iron Valiant|\n|poke|p2|Dragonite, M|\n|poke|p2|Zapdos|\n|poke|p2|Great Tusk|\n|teampreview\n|inactive|Battle timer is ON: inactive players will automatically lose when time's up. (requested by VanhominTesting)\n|\n|t:|1700351815\n|start\n|switch|p1a: Ninetales|Ninetales-Alola, F|100\/100\n|switch|p2a: Great Tusk|Great Tusk|100\/100\n|-weather|Snow|[from] ability: Snow Warning|[of] p1a: Ninetales\n|turn|1\n|\n|t:|1700351828\n|move|p1a: Ninetales|Aurora Veil|p1a: Ninetales\n|-sidestart|p1: VanhominTesting|move: Aurora Veil\n|move|p2a: Great Tusk|Stealth Rock|p1a: Ninetales\n|-sidestart|p1: VanhominTesting|move: Stealth Rock\n|\n|-weather|Snow|[upkeep]\n|upkeep\n|turn|2\n|\n|t:|1700351831\n|move|p1a: Ninetales|Blizzard|p2a: Great Tusk\n|-supereffective|p2a: Great Tusk\n|-damage|p2a: Great Tusk|0 fnt\n|faint|p2a: Great Tusk\n|-end|p2a: Great Tusk|Protosynthesis|[silent]\n|\n|-weather|Snow|[upkeep]\n|upkeep\n|\n|t:|1700351836\n|switch|p2a: Garganacl|Garganacl, M|100\/100\n|turn|3\n|\n|t:|1700351840\n|move|p1a: Ninetales|Blizzard|p2a: Garganacl\n|-damage|p2a: Garganacl|68\/100\n|move|p2a: Garganacl|Curse|p2a: Garganacl\n|-unboost|p2a: Garganacl|spe|1\n|-boost|p2a: Garganacl|atk|1\n|-boost|p2a: Garganacl|def|1\n|\n|-weather|Snow|[upkeep]\n|-heal|p2a: Garganacl|75\/100|[from] item: Leftovers\n|upkeep\n|turn|4\n|\n|t:|1700351844\n|move|p1a: Ninetales|Encore|p2a: Garganacl\n|-start|p2a: Garganacl|Encore\n|move|p2a: Garganacl|Curse|p2a: Garganacl\n|-unboost|p2a: Garganacl|spe|1\n|-boost|p2a: Garganacl|atk|1\n|-boost|p2a: Garganacl|def|1\n|\n|-weather|Snow|[upkeep]\n|-heal|p2a: Garganacl|81\/100|[from] item: Leftovers\n|upkeep\n|turn|5\n|\n|t:|1700351865\n|move|p1a: Ninetales|Moonblast|p2a: Garganacl\n|-damage|p2a: Garganacl|51\/100\n|-unboost|p2a: Garganacl|spa|1\n|move|p2a: Garganacl|Curse|p2a: Garganacl\n|-unboost|p2a: Garganacl|spe|1\n|-boost|p2a: Garganacl|atk|1\n|-boost|p2a: Garganacl|def|1\n|\n|-weather|none\n|-heal|p2a: Garganacl|57\/100|[from] item: Leftovers\n|upkeep\n|turn|6\n|\n|t:|1700351874\n|move|p1a: Ninetales|Moonblast|p2a: Garganacl\n|-damage|p2a: Garganacl|28\/100\n|-unboost|p2a: Garganacl|spa|1\n|move|p2a: Garganacl|Curse|p2a: Garganacl\n|-unboost|p2a: Garganacl|spe|1\n|-boost|p2a: Garganacl|atk|1\n|-boost|p2a: Garganacl|def|1\n|\n|-heal|p2a: Garganacl|34\/100|[from] item: Leftovers\n|-end|p2a: Garganacl|Encore\n|upkeep\n|turn|7\n|\n|t:|1700351882\n|move|p1a: Ninetales|Encore|p2a: Garganacl\n|-start|p2a: Garganacl|Encore\n|move|p2a: Garganacl|Curse|p2a: Garganacl\n|-unboost|p2a: Garganacl|spe|1\n|-boost|p2a: Garganacl|atk|1\n|-boost|p2a: Garganacl|def|1\n|\n|-heal|p2a: Garganacl|40\/100|[from] item: Leftovers\n|upkeep\n|turn|8\n|\n|t:|1700351909\n|switch|p2a: Gholdengo|Gholdengo|100\/100\n|-item|p2a: Gholdengo|Air Balloon\n|move|p1a: Ninetales|Moonblast|p2a: Gholdengo\n|-resisted|p2a: Gholdengo\n|-damage|p2a: Gholdengo|83\/100\n|-unboost|p2a: Gholdengo|spa|1\n|-enditem|p2a: Gholdengo|Air Balloon\n|\n|-sideend|p1: VanhominTesting|move: Aurora Veil\n|upkeep\n|turn|9\n|\n|t:|1700351914\n|move|p1a: Ninetales|Aurora Veil||[still]\n|-fail|p1a: Ninetales\n|move|p2a: Gholdengo|Make It Rain|p1a: Ninetales\n|-supereffective|p1a: Ninetales\n|-damage|p1a: Ninetales|0 fnt\n|-unboost|p2a: Gholdengo|spa|1\n|faint|p1a: Ninetales\n|\n|upkeep\n|\n|t:|1700351926\n|switch|p1a: Catalyst|Garganacl, M|100\/100\n|-damage|p1a: Catalyst|88\/100|[from] Stealth Rock\n|turn|10\n|\n|t:|1700351936\n|move|p2a: Gholdengo|Make It Rain|p1a: Catalyst\n|-supereffective|p1a: Catalyst\n|-crit|p1a: Catalyst\n|-damage|p1a: Catalyst|0 fnt\n|-unboost|p2a: Gholdengo|spa|1\n|faint|p1a: Catalyst\n|\n|upkeep\n|\n|t:|1700351946\n|switch|p1a: Makwa|Ursaluna, M|100\/100\n|-damage|p1a: Makwa|94\/100|[from] Stealth Rock\n|turn|11\n|\n|t:|1700351963\n|switch|p2a: Zapdos|Zapdos|100\/100\n|move|p1a: Makwa|Swords Dance|p1a: Makwa\n|-boost|p1a: Makwa|atk|2\n|\n|-status|p1a: Makwa|brn|[from] item: Flame Orb\n|upkeep\n|turn|12\n|\n|t:|1700351986\n|switch|p2a: Iron Valiant|Iron Valiant|100\/100\n|move|p1a: Makwa|Facade|p2a: Iron Valiant\n|-damage|p2a: Iron Valiant|0 fnt\n|faint|p2a: Iron Valiant\n|-end|p2a: Iron Valiant|Quark Drive|[silent]\n|\n|-damage|p1a: Makwa|88\/100 brn|[from] brn\n|upkeep\n|inactive|66sc has 120 seconds left.\n|\n|t:|1700351998\n|switch|p2a: Dragonite|Dragonite, M|100\/100\n|turn|13\n|\n|t:|1700352002\n|-terastallize|p1a: Makwa|Normal\n|move|p2a: Dragonite|Ice Spinner|p1a: Makwa\n|-damage|p1a: Makwa|67\/100 brn\n|move|p1a: Makwa|Facade|p2a: Dragonite\n|-damage|p2a: Dragonite|0 fnt\n|faint|p2a: Dragonite\n|\n|-damage|p1a: Makwa|61\/100 brn|[from] brn\n|upkeep\n|\n|t:|1700352009\n|switch|p2a: Gholdengo|Gholdengo|83\/100\n|turn|14\n|\n|t:|1700352018\n|move|p2a: Gholdengo|Make It Rain|p1a: Makwa\n|-damage|p1a: Makwa|16\/100 brn\n|-unboost|p2a: Gholdengo|spa|1\n|move|p1a: Makwa|Headlong Rush|p2a: Gholdengo\n|-supereffective|p2a: Gholdengo\n|-damage|p2a: Gholdengo|0 fnt\n|-unboost|p1a: Makwa|def|1\n|-unboost|p1a: Makwa|spd|1\n|faint|p2a: Gholdengo\n|\n|-damage|p1a: Makwa|10\/100 brn|[from] brn\n|upkeep\n|\n|t:|1700352024\n|switch|p2a: Zapdos|Zapdos|100\/100\n|turn|15\n|\n|t:|1700352026\n|move|p2a: Zapdos|Discharge|p1a: Makwa\n|-damage|p1a: Makwa|0 fnt\n|faint|p1a: Makwa\n|\n|upkeep\n|\n|t:|1700352033\n|switch|p1a: Aristotle|Toxapex, M|100\/100\n|-damage|p1a: Aristotle|88\/100|[from] Stealth Rock\n|turn|16\n|\n|t:|1700352036\n|move|p2a: Zapdos|Discharge|p1a: Aristotle\n|-supereffective|p1a: Aristotle\n|-damage|p1a: Aristotle|32\/100\n|-status|p1a: Aristotle|par\n|move|p1a: Aristotle|Toxic|p2a: Zapdos\n|-status|p2a: Zapdos|tox\n|\n|-heal|p1a: Aristotle|38\/100 par|[from] item: Black Sludge\n|-damage|p2a: Zapdos|94\/100 tox|[from] psn\n|upkeep\n|turn|17\n|\n|t:|1700352040\n|switch|p1a: Zapdos|Zapdos|100\/100\n|-damage|p1a: Zapdos|76\/100|[from] Stealth Rock\n|-ability|p1a: Zapdos|Pressure\n|move|p2a: Zapdos|Discharge|p1a: Zapdos\n|-damage|p1a: Zapdos|34\/100\n|\n|-heal|p1a: Zapdos|40\/100|[from] item: Leftovers\n|-damage|p2a: Zapdos|82\/100 tox|[from] psn\n|upkeep\n|turn|18\n|\n|t:|1700352048\n|move|p1a: Zapdos|Roost|p1a: Zapdos\n|-heal|p1a: Zapdos|90\/100\n|-singleturn|p1a: Zapdos|move: Roost\n|move|p2a: Zapdos|Discharge|p1a: Zapdos\n|-resisted|p1a: Zapdos\n|-damage|p1a: Zapdos|69\/100\n|\n|-heal|p1a: Zapdos|75\/100|[from] item: Leftovers\n|-damage|p2a: Zapdos|63\/100 tox|[from] psn\n|upkeep\n|turn|19\n|\n|t:|1700352057\n|switch|p2a: Garganacl|Garganacl, M|40\/100\n|move|p1a: Zapdos|Roost|p1a: Zapdos\n|-heal|p1a: Zapdos|100\/100\n|-singleturn|p1a: Zapdos|move: Roost\n|\n|-heal|p2a: Garganacl|47\/100|[from] item: Leftovers\n|upkeep\n|turn|20\n|\n|t:|1700352060\n|move|p1a: Zapdos|Thunderbolt|p2a: Garganacl\n|-damage|p2a: Garganacl|11\/100\n|move|p2a: Garganacl|Recover|p2a: Garganacl\n|-heal|p2a: Garganacl|61\/100\n|\n|-heal|p2a: Garganacl|67\/100|[from] item: Leftovers\n|upkeep\n|turn|21\n|\n|t:|1700352071\n|move|p1a: Zapdos|Volt Switch|p2a: Garganacl\n|-damage|p2a: Garganacl|39\/100\n|\n|t:|1700352076\n|switch|p1a: Aristotle|Toxapex, M|72\/100 par|[from] Volt Switch\n|-damage|p1a: Aristotle|59\/100 par|[from] Stealth Rock\n|move|p2a: Garganacl|Salt Cure|p1a: Aristotle\n|-damage|p1a: Aristotle|51\/100 par\n|-start|p1a: Aristotle|Salt Cure\n|\n|-heal|p2a: Garganacl|45\/100|[from] item: Leftovers\n|-heal|p1a: Aristotle|57\/100 par|[from] item: Black Sludge\n|-damage|p1a: Aristotle|32\/100 par|[from] Salt Cure\n|upkeep\n|turn|22\n|\n|t:|1700352083\n|move|p2a: Garganacl|Recover|p2a: Garganacl\n|-heal|p2a: Garganacl|95\/100\n|cant|p1a: Aristotle|par\n|\n|-heal|p2a: Garganacl|100\/100|[from] item: Leftovers\n|-heal|p1a: Aristotle|39\/100 par|[from] item: Black Sludge\n|-damage|p1a: Aristotle|14\/100 par|[from] Salt Cure\n|upkeep\n|turn|23\n|\n|t:|1700352088\n|switch|p1a: Zapdos|Zapdos|100\/100\n|-damage|p1a: Zapdos|76\/100|[from] Stealth Rock\n|-ability|p1a: Zapdos|Pressure\n|move|p2a: Garganacl|Earthquake|p1a: Zapdos\n|-immune|p1a: Zapdos\n|\n|-heal|p1a: Zapdos|82\/100|[from] item: Leftovers\n|upkeep\n|turn|24\n|\n|t:|1700352091\n|move|p1a: Zapdos|Thunderbolt|p2a: Garganacl\n|-damage|p2a: Garganacl|62\/100\n|move|p2a: Garganacl|Curse|p2a: Garganacl\n|-unboost|p2a: Garganacl|spe|1\n|-boost|p2a: Garganacl|atk|1\n|-boost|p2a: Garganacl|def|1\n|\n|-heal|p1a: Zapdos|88\/100|[from] item: Leftovers\n|-heal|p2a: Garganacl|68\/100|[from] item: Leftovers\n|upkeep\n|turn|25\n|\n|t:|1700352094\n|move|p1a: Zapdos|Thunderbolt|p2a: Garganacl\n|-damage|p2a: Garganacl|32\/100\n|move|p2a: Garganacl|Recover|p2a: Garganacl\n|-heal|p2a: Garganacl|82\/100\n|\n|-heal|p1a: Zapdos|94\/100|[from] item: Leftovers\n|-heal|p2a: Garganacl|88\/100|[from] item: Leftovers\n|upkeep\n|turn|26\n|\n|t:|1700352096\n|move|p1a: Zapdos|Thunderbolt|p2a: Garganacl\n|-damage|p2a: Garganacl|48\/100\n|move|p2a: Garganacl|Salt Cure|p1a: Zapdos\n|-supereffective|p1a: Zapdos\n|-damage|p1a: Zapdos|40\/100\n|-start|p1a: Zapdos|Salt Cure\n|\n|-heal|p1a: Zapdos|46\/100|[from] item: Leftovers\n|-heal|p2a: Garganacl|54\/100|[from] item: Leftovers\n|-damage|p1a: Zapdos|34\/100|[from] Salt Cure\n|upkeep\n|turn|27\n|\n|t:|1700352099\n|move|p1a: Zapdos|Thunderbolt|p2a: Garganacl\n|-damage|p2a: Garganacl|16\/100\n|move|p2a: Garganacl|Recover|p2a: Garganacl\n|-heal|p2a: Garganacl|66\/100\n|\n|-heal|p1a: Zapdos|40\/100|[from] item: Leftovers\n|-heal|p2a: Garganacl|72\/100|[from] item: Leftovers\n|-damage|p1a: Zapdos|28\/100|[from] Salt Cure\n|upkeep\n|turn|28\n|\n|t:|1700352105\n|move|p1a: Zapdos|Roost|p1a: Zapdos\n|-heal|p1a: Zapdos|78\/100\n|-singleturn|p1a: Zapdos|move: Roost\n|move|p2a: Garganacl|Salt Cure|p1a: Zapdos\n|-damage|p1a: Zapdos|51\/100\n|\n|-heal|p1a: Zapdos|57\/100|[from] item: Leftovers\n|-heal|p2a: Garganacl|78\/100|[from] item: Leftovers\n|-damage|p1a: Zapdos|44\/100|[from] Salt Cure\n|upkeep\n|turn|29\n|\n|t:|1700352110\n|move|p1a: Zapdos|Thunderbolt|p2a: Garganacl\n|-crit|p2a: Garganacl\n|-damage|p2a: Garganacl|17\/100\n|move|p2a: Garganacl|Recover|p2a: Garganacl\n|-heal|p2a: Garganacl|67\/100\n|\n|-heal|p1a: Zapdos|51\/100|[from] item: Leftovers\n|-heal|p2a: Garganacl|73\/100|[from] item: Leftovers\n|-damage|p1a: Zapdos|38\/100|[from] Salt Cure\n|upkeep\n|turn|30\n|\n|t:|1700352114\n|move|p1a: Zapdos|Thunderbolt|p2a: Garganacl\n|-damage|p2a: Garganacl|35\/100\n|move|p2a: Garganacl|Salt Cure|p1a: Zapdos\n|-supereffective|p1a: Zapdos\n|-damage|p1a: Zapdos|0 fnt\n|faint|p1a: Zapdos\n|\n|-heal|p2a: Garganacl|41\/100|[from] item: Leftovers\n|upkeep\n|\n|t:|1700352118\n|switch|p1a: Recursion|Ditto|100\/100\n|-damage|p1a: Recursion|88\/100|[from] Stealth Rock\n|-transform|p1a: Recursion|p2a: Garganacl|[from] ability: Imposter\n|turn|31\n|\n|t:|1700352143\n|-terastallize|p2a: Garganacl|Water\n|move|p1a: Recursion|Earthquake|p2a: Garganacl\n|-damage|p2a: Garganacl|27\/100\n|move|p2a: Garganacl|Recover|p2a: Garganacl\n|-heal|p2a: Garganacl|77\/100\n|\n|-heal|p2a: Garganacl|84\/100|[from] item: Leftovers\n|upkeep\n|turn|32\n|\n|t:|1700352147\n|switch|p1a: Aristotle|Toxapex, M|47\/100 par\n|-damage|p1a: Aristotle|34\/100 par|[from] Stealth Rock\n|move|p2a: Garganacl|Earthquake|p1a: Aristotle\n|-supereffective|p1a: Aristotle\n|-damage|p1a: Aristotle|0 fnt\n|faint|p1a: Aristotle\n|\n|-heal|p2a: Garganacl|90\/100|[from] item: Leftovers\n|upkeep\n|\n|t:|1700352149\n|switch|p1a: Recursion|Ditto|88\/100\n|-damage|p1a: Recursion|76\/100|[from] Stealth Rock\n|-transform|p1a: Recursion|p2a: Garganacl|[from] ability: Imposter\n|-start|p1a: Recursion|typechange|Rock|[silent]\n|turn|33\n|\n|t:|1700352151\n|move|p1a: Recursion|Salt Cure|p2a: Garganacl\n|-damage|p2a: Garganacl|83\/100\n|-start|p2a: Garganacl|Salt Cure\n|move|p2a: Garganacl|Earthquake|p1a: Recursion\n|-supereffective|p1a: Recursion\n|-damage|p1a: Recursion|44\/100\n|\n|-heal|p2a: Garganacl|89\/100|[from] item: Leftovers\n|-damage|p2a: Garganacl|64\/100|[from] Salt Cure\n|upkeep\n|turn|34\n|\n|t:|1700352154\n|move|p1a: Recursion|Salt Cure|p2a: Garganacl\n|-damage|p2a: Garganacl|57\/100\n|move|p2a: Garganacl|Earthquake|p1a: Recursion\n|-supereffective|p1a: Recursion\n|-damage|p1a: Recursion|8\/100\n|\n|-heal|p2a: Garganacl|63\/100|[from] item: Leftovers\n|-damage|p2a: Garganacl|38\/100|[from] Salt Cure\n|upkeep\n|turn|35\n|\n|t:|1700352156\n|move|p1a: Recursion|Salt Cure|p2a: Garganacl\n|-damage|p2a: Garganacl|30\/100\n|move|p2a: Garganacl|Earthquake|p1a: Recursion\n|-supereffective|p1a: Recursion\n|-damage|p1a: Recursion|0 fnt\n|faint|p1a: Recursion\n|\n|win|66sc\n|raw|VanhominTesting's rating: 1134 &rarr; <strong>1106<\/strong><br \/>(-28 for losing)\n|raw|66sc's rating: 1092 &rarr; <strong>1121<\/strong><br \/>(+29 for winning)\n","uploadtime":1700352159,"views":11,"p1id":"vanhomintesting","p2id":"66sc","formatid":"gen9ou","rating":1106,"private":0,"password":""}