{"id":"gen9ou-1991401152","p1":"humdrumplut0","p2":"Wo-Chielupa Deluxe","format":"[Gen 9] OU","log":"|j|\u2606humdrumplut0\n|j|\u2606Wo-Chielupa Deluxe\n|t:|1700073998\n|gametype|singles\n|player|p1|humdrumplut0|guitarist|1334\n|player|p2|Wo-Chielupa Deluxe|ingo|1428\n|teamsize|p1|6\n|teamsize|p2|6\n|gen|9\n|tier|[Gen 9] OU\n|rated|\n|rule|Sleep Clause Mod: Limit one foe put to sleep\n|rule|Species Clause: Limit one of each Pok\u00e9mon\n|rule|OHKO Clause: OHKO moves are banned\n|rule|Evasion Items Clause: Evasion items are banned\n|rule|Evasion Moves Clause: Evasion moves are banned\n|rule|Endless Battle Clause: Forcing endless battles is banned\n|rule|HP Percentage Mod: HP is shown in percentages\n|clearpoke\n|poke|p1|Empoleon, F|\n|poke|p1|Ting-Lu|\n|poke|p1|Mandibuzz, F|\n|poke|p1|Slowking-Galar, F|\n|poke|p1|Yanmega, F|\n|poke|p1|Arcanine-Hisui, F|\n|poke|p2|Torkoal, F|\n|poke|p2|Walking Wake|\n|poke|p2|Sneasler, M|\n|poke|p2|Rillaboom, M|\n|poke|p2|Great Tusk|\n|poke|p2|Tornadus-Therian, M|\n|teampreview\n|\n|t:|1700074009\n|start\n|switch|p1a: Borf|Arcanine-Hisui, F|100\/100\n|switch|p2a: Tornadus|Tornadus-Therian, M|100\/100\n|turn|1\n|\n|t:|1700074020\n|move|p2a: Tornadus|U-turn|p1a: Borf\n|-resisted|p1a: Borf\n|-damage|p1a: Borf|90\/100\n|\n|t:|1700074027\n|switch|p2a: Great Tusk|Great Tusk|100\/100|[from] U-turn\n|move|p1a: Borf|Will-O-Wisp|p2a: Great Tusk\n|-status|p2a: Great Tusk|brn\n|\n|-damage|p2a: Great Tusk|94\/100 brn|[from] brn\n|upkeep\n|turn|2\n|\n|t:|1700074037\n|switch|p1a: Bugbert|Yanmega, F, shiny|100\/100\n|move|p2a: Great Tusk|Knock Off|p1a: Bugbert\n|-damage|p1a: Bugbert|79\/100\n|-enditem|p1a: Bugbert|Choice Scarf|[from] move: Knock Off|[of] p2a: Great Tusk\n|\n|-damage|p2a: Great Tusk|88\/100 brn|[from] brn\n|upkeep\n|turn|3\n|\n|t:|1700074048\n|-end|p2a: Great Tusk|Protosynthesis|[silent]\n|switch|p2a: Tornadus|Tornadus-Therian, M|100\/100\n|move|p1a: Bugbert|Air Slash|p2a: Tornadus\n|-damage|p2a: Tornadus|51\/100\n|\n|upkeep\n|turn|4\n|\n|t:|1700074058\n|switch|p1a: Horse|Ting-Lu|100\/100\n|-ability|p1a: Horse|Vessel of Ruin\n|move|p2a: Tornadus|Air Slash|p1a: Horse\n|-damage|p1a: Horse|83\/100\n|\n|upkeep\n|turn|5\n|\n|t:|1700074070\n|move|p2a: Tornadus|Knock Off|p1a: Horse\n|-resisted|p1a: Horse\n|-damage|p1a: Horse|76\/100\n|-enditem|p1a: Horse|Choice Band|[from] move: Knock Off|[of] p2a: Tornadus\n|move|p1a: Horse|Earthquake|p2a: Tornadus\n|-immune|p2a: Tornadus\n|\n|upkeep\n|turn|6\n|\n|t:|1700074076\n|move|p2a: Tornadus|U-turn|p1a: Horse\n|-supereffective|p1a: Horse\n|-damage|p1a: Horse|55\/100\n|\n|t:|1700074078\n|switch|p2a: Great Tusk|Great Tusk|88\/100 brn|[from] U-turn\n|move|p1a: Horse|Stone Edge|p2a: Great Tusk\n|-resisted|p2a: Great Tusk\n|-damage|p2a: Great Tusk|83\/100 brn\n|\n|-damage|p2a: Great Tusk|77\/100 brn|[from] brn\n|upkeep\n|turn|7\n|\n|t:|1700074098\n|-end|p2a: Great Tusk|Protosynthesis|[silent]\n|switch|p2a: Rillaboom|Rillaboom, M|100\/100\n|-fieldstart|move: Grassy Terrain|[from] ability: Grassy Surge|[of] p2a: Rillaboom\n|move|p1a: Horse|Earthquake|p2a: Rillaboom\n|-resisted|p2a: Rillaboom\n|-damage|p2a: Rillaboom|89\/100\n|\n|-heal|p2a: Rillaboom|95\/100|[from] Grassy Terrain\n|-heal|p1a: Horse|62\/100|[from] Grassy Terrain\n|upkeep\n|turn|8\n|\n|t:|1700074106\n|switch|p1a: Tubby|Slowking-Galar, F|100\/100\n|move|p2a: Rillaboom|U-turn|p1a: Tubby\n|-damage|p1a: Tubby|73\/100\n|-damage|p2a: Rillaboom|79\/100|[from] item: Rocky Helmet|[of] p1a: Tubby\n|\n|t:|1700074109\n|switch|p2a: Sneasler|Sneasler, M|100\/100|[from] U-turn\n|-enditem|p2a: Sneasler|Grassy Seed\n|-boost|p2a: Sneasler|def|1|[from] item: Grassy Seed\n|\n|-heal|p1a: Tubby|79\/100|[from] Grassy Terrain\n|upkeep\n|turn|9\n|\n|t:|1700074118\n|-terastallize|p2a: Sneasler|Ghost\n|move|p2a: Sneasler|Swords Dance|p2a: Sneasler\n|-boost|p2a: Sneasler|atk|2\n|move|p1a: Tubby|Psychic|p2a: Sneasler\n|-damage|p2a: Sneasler|61\/100\n|\n|-heal|p2a: Sneasler|67\/100|[from] Grassy Terrain\n|-heal|p1a: Tubby|85\/100|[from] Grassy Terrain\n|upkeep\n|turn|10\n|\n|t:|1700074125\n|move|p2a: Sneasler|Shadow Claw|p1a: Tubby\n|-supereffective|p1a: Tubby\n|-damage|p1a: Tubby|0 fnt\n|-damage|p2a: Sneasler|50\/100|[from] item: Rocky Helmet|[of] p1a: Tubby\n|faint|p1a: Tubby\n|\n|-heal|p2a: Sneasler|57\/100|[from] Grassy Terrain\n|upkeep\n|\n|t:|1700074132\n|switch|p1a: Boner|Mandibuzz, F|100\/100\n|turn|11\n|\n|t:|1700074135\n|move|p2a: Sneasler|Swords Dance|p2a: Sneasler\n|-boost|p2a: Sneasler|atk|2\n|move|p1a: Boner|Foul Play|p2a: Sneasler\n|-supereffective|p2a: Sneasler\n|-damage|p2a: Sneasler|0 fnt\n|faint|p2a: Sneasler\n|\n|-fieldend|move: Grassy Terrain\n|upkeep\n|\n|t:|1700074142\n|switch|p2a: Tornadus|Tornadus-Therian, M|84\/100\n|turn|12\n|\n|t:|1700074152\n|move|p2a: Tornadus|Knock Off|p1a: Boner\n|-resisted|p1a: Boner\n|-damage|p1a: Boner|94\/100\n|-enditem|p1a: Boner|Leftovers|[from] move: Knock Off|[of] p2a: Tornadus\n|move|p1a: Boner|U-turn|p2a: Tornadus\n|-resisted|p2a: Tornadus\n|-damage|p2a: Tornadus|75\/100\n|\n|t:|1700074159\n|switch|p1a: Borf|Arcanine-Hisui, F|90\/100|[from] U-turn\n|\n|upkeep\n|turn|13\n|\n|t:|1700074167\n|move|p2a: Tornadus|U-turn|p1a: Borf\n|-resisted|p1a: Borf\n|-damage|p1a: Borf|80\/100\n|\n|t:|1700074170\n|switch|p2a: Great Tusk|Great Tusk|77\/100 brn|[from] U-turn\n|move|p1a: Borf|Flare Blitz|p2a: Great Tusk\n|-damage|p2a: Great Tusk|34\/100 brn\n|\n|-damage|p2a: Great Tusk|27\/100 brn|[from] brn\n|upkeep\n|turn|14\n|\n|t:|1700074182\n|switch|p1a: Boner|Mandibuzz, F|94\/100\n|move|p2a: Great Tusk|Knock Off|p1a: Boner\n|-resisted|p1a: Boner\n|-damage|p1a: Boner|89\/100\n|\n|-damage|p2a: Great Tusk|21\/100 brn|[from] brn\n|upkeep\n|turn|15\n|\n|t:|1700074210\n|-end|p2a: Great Tusk|Protosynthesis|[silent]\n|switch|p2a: Torkoal|Torkoal, F|100\/100\n|-weather|SunnyDay|[from] ability: Drought|[of] p2a: Torkoal\n|move|p1a: Boner|U-turn|p2a: Torkoal\n|-resisted|p2a: Torkoal\n|-damage|p2a: Torkoal|96\/100\n|\n|t:|1700074212\n|switch|p1a: Borf|Arcanine-Hisui, F|80\/100|[from] U-turn\n|\n|-weather|SunnyDay|[upkeep]\n|upkeep\n|turn|16\n|\n|t:|1700074231\n|switch|p2a: Great Tusk|Great Tusk|21\/100 brn\n|-activate|p2a: Great Tusk|ability: Protosynthesis\n|-start|p2a: Great Tusk|protosynthesisatk\n|move|p1a: Borf|Head Smash|p2a: Great Tusk\n|-resisted|p2a: Great Tusk\n|-damage|p2a: Great Tusk|9\/100 brn\n|\n|-weather|SunnyDay|[upkeep]\n|-damage|p2a: Great Tusk|3\/100 brn|[from] brn\n|upkeep\n|turn|17\n|\n|t:|1700074242\n|switch|p1a: Bugbert|Yanmega, F, shiny|79\/100\n|move|p2a: Great Tusk|Close Combat|p1a: Bugbert\n|-resisted|p1a: Bugbert\n|-damage|p1a: Bugbert|65\/100\n|-unboost|p2a: Great Tusk|def|1\n|-unboost|p2a: Great Tusk|spd|1\n|\n|-weather|SunnyDay|[upkeep]\n|-damage|p2a: Great Tusk|0 fnt|[from] brn\n|faint|p2a: Great Tusk\n|-end|p2a: Great Tusk|Protosynthesis|[silent]\n|upkeep\n|\n|t:|1700074250\n|switch|p2a: Walking Wake|Walking Wake|100\/100\n|-activate|p2a: Walking Wake|ability: Protosynthesis\n|-start|p2a: Walking Wake|protosynthesisspe\n|turn|18\n|\n|t:|1700074283\n|switch|p1a: Horse|Ting-Lu|62\/100\n|-ability|p1a: Horse|Vessel of Ruin\n|move|p2a: Walking Wake|Flamethrower|p1a: Horse\n|-damage|p1a: Horse|28\/100\n|\n|-weather|SunnyDay|[upkeep]\n|upkeep\n|turn|19\n|\n|t:|1700074295\n|move|p2a: Walking Wake|Flamethrower|p1a: Horse\n|-damage|p1a: Horse|0 fnt\n|faint|p1a: Horse\n|\n|-weather|SunnyDay|[upkeep]\n|upkeep\n|\n|t:|1700074300\n|switch|p1a: Gerald|Empoleon, F|100\/100\n|-item|p1a: Gerald|Air Balloon\n|turn|20\n|\n|t:|1700074332\n|move|p2a: Walking Wake|Flamethrower|p1a: Gerald\n|-damage|p1a: Gerald|37\/100\n|-enditem|p1a: Gerald|Air Balloon\n|move|p1a: Gerald|Roost|p1a: Gerald\n|-heal|p1a: Gerald|87\/100\n|-singleturn|p1a: Gerald|move: Roost\n|\n|-weather|SunnyDay|[upkeep]\n|upkeep\n|turn|21\n|\n|t:|1700074345\n|move|p2a: Walking Wake|Flamethrower|p1a: Gerald\n|-damage|p1a: Gerald|28\/100\n|move|p1a: Gerald|Roost|p1a: Gerald\n|-heal|p1a: Gerald|78\/100\n|-singleturn|p1a: Gerald|move: Roost\n|\n|-weather|SunnyDay|[upkeep]\n|upkeep\n|turn|22\n|\n|t:|1700074349\n|move|p2a: Walking Wake|Flamethrower|p1a: Gerald\n|-damage|p1a: Gerald|14\/100\n|move|p1a: Gerald|Roost|p1a: Gerald\n|-heal|p1a: Gerald|65\/100\n|-singleturn|p1a: Gerald|move: Roost\n|\n|-weather|none\n|-end|p2a: Walking Wake|Protosynthesis\n|upkeep\n|turn|23\n|j| AA_Battery556\n|\n|t:|1700074359\n|-end|p2a: Walking Wake|Protosynthesis|[silent]\n|switch|p2a: Tornadus|Tornadus-Therian, M|100\/100\n|move|p1a: Gerald|Ice Beam|p2a: Tornadus\n|-supereffective|p2a: Tornadus\n|-damage|p2a: Tornadus|38\/100\n|\n|upkeep\n|turn|24\n|\n|t:|1700074364\n|move|p2a: Tornadus|U-turn|p1a: Gerald\n|-resisted|p1a: Gerald\n|-crit|p1a: Gerald\n|-damage|p1a: Gerald|53\/100\n|\n|t:|1700074366\n|switch|p2a: Torkoal|Torkoal, F|96\/100|[from] U-turn\n|-weather|SunnyDay|[from] ability: Drought|[of] p2a: Torkoal\n|move|p1a: Gerald|Ice Beam|p2a: Torkoal\n|-resisted|p2a: Torkoal\n|-damage|p2a: Torkoal|84\/100\n|\n|-weather|SunnyDay|[upkeep]\n|upkeep\n|turn|25\n|\n|t:|1700074377\n|move|p1a: Gerald|Roost|p1a: Gerald\n|-heal|p1a: Gerald|100\/100\n|-singleturn|p1a: Gerald|move: Roost\n|move|p2a: Torkoal|Yawn|p1a: Gerald\n|-start|p1a: Gerald|move: Yawn|[of] p2a: Torkoal\n|\n|-weather|SunnyDay|[upkeep]\n|upkeep\n|turn|26\n|\n|t:|1700074390\n|switch|p1a: Borf|Arcanine-Hisui, F|80\/100\n|move|p2a: Torkoal|Stealth Rock|p1a: Borf\n|-sidestart|p1: humdrumplut0|move: Stealth Rock\n|\n|-weather|SunnyDay|[upkeep]\n|upkeep\n|turn|27\n|\n|t:|1700074395\n|move|p1a: Borf|Head Smash|p2a: Torkoal\n|-supereffective|p2a: Torkoal\n|-damage|p2a: Torkoal|0 fnt\n|faint|p2a: Torkoal\n|\n|-weather|SunnyDay|[upkeep]\n|upkeep\n|\n|t:|1700074396\n|switch|p2a: Walking Wake|Walking Wake|100\/100\n|-activate|p2a: Walking Wake|ability: Protosynthesis\n|-start|p2a: Walking Wake|protosynthesisspe\n|turn|28\n|\n|t:|1700074412\n|switch|p1a: Gerald|Empoleon, F|100\/100\n|-damage|p1a: Gerald|94\/100|[from] Stealth Rock\n|move|p2a: Walking Wake|Hydro Steam|p1a: Gerald\n|-resisted|p1a: Gerald\n|-damage|p1a: Gerald|56\/100\n|\n|-weather|SunnyDay|[upkeep]\n|upkeep\n|turn|29\n|\n|t:|1700074443\n|-end|p2a: Walking Wake|Protosynthesis|[silent]\n|switch|p2a: Rillaboom|Rillaboom, M|79\/100\n|-fieldstart|move: Grassy Terrain|[from] ability: Grassy Surge|[of] p2a: Rillaboom\n|move|p1a: Gerald|Roost|p1a: Gerald\n|-heal|p1a: Gerald|100\/100\n|-singleturn|p1a: Gerald|move: Roost\n|\n|-weather|SunnyDay|[upkeep]\n|-heal|p2a: Rillaboom|85\/100|[from] Grassy Terrain\n|upkeep\n|turn|30\n|\n|t:|1700074447\n|move|p2a: Rillaboom|Wood Hammer|p1a: Gerald\n|-damage|p1a: Gerald|0 fnt\n|faint|p1a: Gerald\n|-damage|p2a: Rillaboom|55\/100|[from] Recoil\n|\n|-weather|SunnyDay|[upkeep]\n|-heal|p2a: Rillaboom|61\/100|[from] Grassy Terrain\n|upkeep\n|\n|t:|1700074453\n|switch|p1a: Boner|Mandibuzz, F|89\/100\n|-damage|p1a: Boner|64\/100|[from] Stealth Rock\n|turn|31\n|\n|t:|1700074456\n|switch|p2a: Tornadus|Tornadus-Therian, M|71\/100\n|move|p1a: Boner|Defog|p2a: Tornadus\n|-unboost|p2a: Tornadus|evasion|1\n|-sideend|p1: humdrumplut0|Stealth Rock|[from] move: Defog|[of] p1a: Boner\n|-fieldend|move: Grassy Terrain\n|\n|-weather|none\n|upkeep\n|turn|32\n|\n|t:|1700074465\n|move|p2a: Tornadus|Air Slash|p1a: Boner\n|-damage|p1a: Boner|29\/100\n|move|p1a: Boner|Roost|p1a: Boner\n|-heal|p1a: Boner|79\/100\n|-singleturn|p1a: Boner|move: Roost\n|\n|upkeep\n|turn|33\n|\n|t:|1700074480\n|move|p2a: Tornadus|Air Slash|p1a: Boner\n|-damage|p1a: Boner|45\/100\n|move|p1a: Boner|Foul Play|p2a: Tornadus\n|-damage|p2a: Tornadus|20\/100\n|\n|upkeep\n|turn|34\n|\n|t:|1700074484\n|move|p2a: Tornadus|U-turn|p1a: Boner\n|-damage|p1a: Boner|35\/100\n|\n|t:|1700074486\n|switch|p2a: Walking Wake|Walking Wake|100\/100|[from] U-turn\n|move|p1a: Boner|Roost|p1a: Boner\n|-heal|p1a: Boner|85\/100\n|-singleturn|p1a: Boner|move: Roost\n|\n|upkeep\n|turn|35\n|\n|t:|1700074492\n|move|p2a: Walking Wake|Draco Meteor|p1a: Boner\n|-damage|p1a: Boner|0 fnt\n|-unboost|p2a: Walking Wake|spa|2\n|faint|p1a: Boner\n|\n|upkeep\n|\n|t:|1700074498\n|switch|p1a: Borf|Arcanine-Hisui, F|80\/100\n|turn|36\n|\n|t:|1700074505\n|-end|p2a: Walking Wake|Protosynthesis|[silent]\n|switch|p2a: Tornadus|Tornadus-Therian, M|53\/100\n|move|p1a: Borf|Head Smash|p2a: Tornadus|[miss]\n|-miss|p1a: Borf|p2a: Tornadus\n|\n|upkeep\n|turn|37\n|\n|t:|1700074511\n|move|p2a: Tornadus|Air Slash|p1a: Borf\n|-resisted|p1a: Borf\n|-damage|p1a: Borf|59\/100\n|move|p1a: Borf|Flare Blitz|p2a: Tornadus\n|-damage|p2a: Tornadus|0 fnt\n|faint|p2a: Tornadus\n|\n|upkeep\n|\n|t:|1700074518\n|switch|p2a: Rillaboom|Rillaboom, M|61\/100\n|-fieldstart|move: Grassy Terrain|[from] ability: Grassy Surge|[of] p2a: Rillaboom\n|turn|38\n|\n|t:|1700074522\n|move|p2a: Rillaboom|Grassy Glide|p1a: Borf\n|-damage|p1a: Borf|0 fnt\n|faint|p1a: Borf\n|\n|-heal|p2a: Rillaboom|67\/100|[from] Grassy Terrain\n|upkeep\n|\n|t:|1700074525\n|switch|p1a: Bugbert|Yanmega, F, shiny|65\/100\n|turn|39\n|\n|t:|1700074534\n|-terastallize|p1a: Bugbert|Bug\n|move|p2a: Rillaboom|Grassy Glide|p1a: Bugbert\n|-resisted|p1a: Bugbert\n|-damage|p1a: Bugbert|25\/100\n|move|p1a: Bugbert|Giga Drain|p2a: Rillaboom\n|-resisted|p2a: Rillaboom\n|-damage|p2a: Rillaboom|21\/100\n|-heal|p1a: Bugbert|50\/100|[from] drain|[of] p2a: Rillaboom\n|\n|-heal|p1a: Bugbert|57\/100|[from] Grassy Terrain\n|-heal|p2a: Rillaboom|27\/100|[from] Grassy Terrain\n|upkeep\n|turn|40\n|\n|t:|1700074539\n|move|p2a: Rillaboom|Grassy Glide|p1a: Bugbert\n|-resisted|p1a: Bugbert\n|-damage|p1a: Bugbert|17\/100\n|move|p1a: Bugbert|Giga Drain|p2a: Rillaboom\n|-resisted|p2a: Rillaboom\n|-damage|p2a: Rillaboom|0 fnt\n|-heal|p1a: Bugbert|32\/100|[from] drain|[of] p2a: Rillaboom\n|faint|p2a: Rillaboom\n|\n|-heal|p1a: Bugbert|38\/100|[from] Grassy Terrain\n|upkeep\n|\n|t:|1700074542\n|switch|p2a: Walking Wake|Walking Wake|100\/100\n|turn|41\n|\n|t:|1700074544\n|move|p2a: Walking Wake|Hydro Steam|p1a: Bugbert\n|-damage|p1a: Bugbert|0 fnt\n|faint|p1a: Bugbert\n|\n|win|Wo-Chielupa Deluxe\n|raw|humdrumplut0's rating: 1334 &rarr; <strong>1319<\/strong><br \/>(-15 for losing)\n|raw|Wo-Chielupa Deluxe's rating: 1428 &rarr; <strong>1443<\/strong><br \/>(+15 for winning)\n|l|\u2606humdrumplut0\n","uploadtime":1700074555,"views":7,"p1id":"humdrumplut0","p2id":"wochielupadeluxe","formatid":"gen9ou","rating":1319,"private":0,"password":""}