{"id":"gen9ou-1997964791","p1":"boyboy westtcoast","p2":"uniandes5","format":"[Gen 9] OU","log":"|j|\u2606boyboy westtcoast\n|j|\u2606uniandes5\n|t:|1700872962\n|gametype|singles\n|player|p1|boyboy westtcoast|sabi|1454\n|player|p2|uniandes5|266|1440\n|teamsize|p1|6\n|teamsize|p2|6\n|gen|9\n|tier|[Gen 9] OU\n|rated|\n|rule|Sleep Clause Mod: Limit one foe put to sleep\n|rule|Species Clause: Limit one of each Pok\u00e9mon\n|rule|OHKO Clause: OHKO moves are banned\n|rule|Evasion Items Clause: Evasion items are banned\n|rule|Evasion Moves Clause: Evasion moves are banned\n|rule|Endless Battle Clause: Forcing endless battles is banned\n|rule|HP Percentage Mod: HP is shown in percentages\n|clearpoke\n|poke|p1|Cinderace, F|\n|poke|p1|Kingambit, M|\n|poke|p1|Great Tusk|\n|poke|p1|Zapdos|\n|poke|p1|Ogerpon-Wellspring, F|\n|poke|p1|Slowking-Galar, F|\n|poke|p2|Grimmsnarl, M|\n|poke|p2|Hoopa-Unbound|\n|poke|p2|Rillaboom, F|\n|poke|p2|Haxorus, M|\n|poke|p2|Great Tusk|\n|poke|p2|Heatran, F|\n|teampreview\n|\n|t:|1700872981\n|start\n|switch|p1a: Cinderace|Cinderace, F|100\/100\n|switch|p2a: Grimmsnarl|Grimmsnarl, M|100\/100\n|turn|1\n|\n|t:|1700872992\n|move|p2a: Grimmsnarl|Reflect|p2a: Grimmsnarl\n|-sidestart|p2: uniandes5|Reflect\n|move|p1a: Cinderace|U-turn|p2a: Grimmsnarl\n|-damage|p2a: Grimmsnarl|90\/100\n|\n|t:|1700872996\n|switch|p1a: Kingambit|Kingambit, M|100\/100|[from] U-turn\n|\n|upkeep\n|turn|2\n|\n|t:|1700873007\n|switch|p2a: Heatran|Heatran, F|100\/100\n|-item|p2a: Heatran|Air Balloon\n|move|p1a: Kingambit|Swords Dance|p1a: Kingambit\n|-boost|p1a: Kingambit|atk|2\n|\n|upkeep\n|turn|3\n|\n|t:|1700873033\n|-end|p1a: Kingambit|fallenundefined|[silent]\n|switch|p1a: Zapdos|Zapdos|100\/100\n|move|p2a: Heatran|Magma Storm|p1a: Zapdos|[miss]\n|-miss|p2a: Heatran|p1a: Zapdos\n|\n|upkeep\n|turn|4\n|\n|t:|1700873037\n|move|p1a: Zapdos|Thunder Wave|p2a: Heatran\n|-status|p2a: Heatran|par\n|move|p2a: Heatran|Magma Storm|p1a: Zapdos\n|-damage|p1a: Zapdos|63\/100\n|-activate|p1a: Zapdos|move: Magma Storm|[of] p2a: Heatran\n|\n|-damage|p1a: Zapdos|50\/100|[from] move: Magma Storm|[partiallytrapped]\n|upkeep\n|turn|5\n|\n|t:|1700873051\n|move|p1a: Zapdos|Volt Switch|p2a: Heatran\n|-damage|p2a: Heatran|70\/100 par\n|-enditem|p2a: Heatran|Air Balloon\n|\n|t:|1700873056\n|switch|p1a: Greatest Tusk|Great Tusk|100\/100|[from] Volt Switch\n|move|p2a: Heatran|Magma Storm|p1a: Greatest Tusk\n|-damage|p1a: Greatest Tusk|27\/100\n|-activate|p1a: Greatest Tusk|move: Magma Storm|[of] p2a: Heatran\n|\n|-heal|p1a: Greatest Tusk|33\/100|[from] item: Leftovers\n|-damage|p1a: Greatest Tusk|21\/100|[from] move: Magma Storm|[partiallytrapped]\n|upkeep\n|turn|6\n|\n|t:|1700873076\n|move|p1a: Greatest Tusk|Stealth Rock|p2a: Heatran\n|-sidestart|p2: uniandes5|move: Stealth Rock\n|move|p2a: Heatran|Earth Power|p1a: Greatest Tusk\n|-damage|p1a: Greatest Tusk|0 fnt\n|faint|p1a: Greatest Tusk\n|-end|p1a: Greatest Tusk|Protosynthesis|[silent]\n|\n|upkeep\n|\n|t:|1700873085\n|switch|p1a: \u25e1_\u25e1|Ogerpon-Wellspring, F|100\/100\n|turn|7\n|\n|t:|1700873102\n|-terastallize|p1a: \u25e1_\u25e1|Water\n|detailschange|p1a: \u25e1_\u25e1|Ogerpon-Wellspring-Tera, F, tera:Water\n|-ability|p1a: \u25e1_\u25e1|Embody Aspect (Wellspring)|boost\n|-boost|p1a: \u25e1_\u25e1|spd|1\n|move|p1a: \u25e1_\u25e1|Ivy Cudgel|p2a: Heatran|[anim] Ivy Cudgel Water\n|-supereffective|p2a: Heatran\n|-damage|p2a: Heatran|6\/100 par\n|move|p2a: Heatran|Magma Storm|p1a: \u25e1_\u25e1|[miss]\n|-miss|p2a: Heatran|p1a: \u25e1_\u25e1\n|\n|upkeep\n|turn|8\n|\n|t:|1700873153\n|move|p1a: \u25e1_\u25e1|Ivy Cudgel|p2a: Heatran|[anim] Ivy Cudgel Water\n|-supereffective|p2a: Heatran\n|-damage|p2a: Heatran|0 fnt\n|faint|p2a: Heatran\n|\n|-sideend|p2: uniandes5|Reflect\n|upkeep\n|\n|t:|1700873157\n|switch|p2a: Grimmsnarl|Grimmsnarl, M|90\/100\n|-damage|p2a: Grimmsnarl|77\/100|[from] Stealth Rock\n|turn|9\n|\n|t:|1700873167\n|move|p2a: Grimmsnarl|Reflect|p2a: Grimmsnarl\n|-sidestart|p2: uniandes5|Reflect\n|move|p1a: \u25e1_\u25e1|Swords Dance|p1a: \u25e1_\u25e1\n|-boost|p1a: \u25e1_\u25e1|atk|2\n|\n|upkeep\n|turn|10\n|\n|t:|1700873173\n|move|p1a: \u25e1_\u25e1|Swords Dance|p1a: \u25e1_\u25e1\n|-boost|p1a: \u25e1_\u25e1|atk|2\n|move|p2a: Grimmsnarl|Spirit Break|p1a: \u25e1_\u25e1\n|-damage|p1a: \u25e1_\u25e1|54\/100\n|-unboost|p1a: \u25e1_\u25e1|spa|1\n|\n|upkeep\n|turn|11\n|\n|t:|1700873180\n|move|p1a: \u25e1_\u25e1|Play Rough|p2a: Grimmsnarl\n|-supereffective|p2a: Grimmsnarl\n|-damage|p2a: Grimmsnarl|0 fnt\n|faint|p2a: Grimmsnarl\n|\n|upkeep\n|\n|t:|1700873184\n|switch|p2a: Rillaboom|Rillaboom, F|100\/100\n|-damage|p2a: Rillaboom|88\/100|[from] Stealth Rock\n|-fieldstart|move: Grassy Terrain|[from] ability: Grassy Surge|[of] p2a: Rillaboom\n|turn|12\n|\n|t:|1700873191\n|switch|p1a: Slowking|Slowking-Galar, F|100\/100\n|move|p2a: Rillaboom|Grassy Glide|p1a: Slowking\n|-resisted|p1a: Slowking\n|-damage|p1a: Slowking|81\/100\n|-damage|p2a: Rillaboom|78\/100|[from] item: Life Orb\n|\n|-heal|p2a: Rillaboom|84\/100|[from] Grassy Terrain\n|-heal|p1a: Slowking|87\/100|[from] Grassy Terrain\n|upkeep\n|turn|13\n|\n|t:|1700873201\n|switch|p2a: Hoopa|Hoopa-Unbound|100\/100\n|-damage|p2a: Hoopa|88\/100|[from] Stealth Rock\n|switch|p1a: Zapdos|Zapdos|50\/100\n|\n|-heal|p2a: Hoopa|94\/100|[from] Grassy Terrain\n|upkeep\n|turn|14\n|\n|t:|1700873209\n|move|p1a: Zapdos|Thunder Wave|p2a: Hoopa\n|-status|p2a: Hoopa|par\n|move|p2a: Hoopa|Knock Off|p1a: Zapdos\n|-damage|p1a: Zapdos|0 fnt\n|-enditem|p1a: Zapdos|Heavy-Duty Boots|[from] move: Knock Off|[of] p2a: Hoopa\n|faint|p1a: Zapdos\n|\n|-heal|p2a: Hoopa|99\/100 par|[from] Grassy Terrain\n|upkeep\n|\n|t:|1700873220\n|switch|p1a: Cinderace|Cinderace, F|100\/100\n|turn|15\n|inactive|Battle timer is ON: inactive players will automatically lose when time's up. (requested by boyboy westtcoast)\n|\n|t:|1700873240\n|move|p1a: Cinderace|U-turn|p2a: Hoopa\n|-supereffective|p2a: Hoopa\n|-damage|p2a: Hoopa|46\/100 par\n|\n|t:|1700873248\n|switch|p1a: Kingambit|Kingambit, M|100\/100|[from] U-turn\n|-activate|p1a: Kingambit|ability: Supreme Overlord\n|-start|p1a: Kingambit|fallen2|[silent]\n|move|p2a: Hoopa|Knock Off|p1a: Kingambit\n|-resisted|p1a: Kingambit\n|-damage|p1a: Kingambit|73\/100\n|-enditem|p1a: Kingambit|Leftovers|[from] move: Knock Off|[of] p2a: Hoopa\n|\n|-heal|p1a: Kingambit|79\/100|[from] Grassy Terrain\n|-heal|p2a: Hoopa|52\/100 par|[from] Grassy Terrain\n|upkeep\n|turn|16\n|\n|t:|1700873275\n|-end|p1a: Kingambit|fallen2|[silent]\n|switch|p1a: Slowking|Slowking-Galar, F|100\/100\n|move|p2a: Hoopa|Drain Punch|p1a: Slowking\n|-resisted|p1a: Slowking\n|-damage|p1a: Slowking|95\/100\n|-heal|p2a: Hoopa|56\/100 par|[from] drain|[of] p1a: Slowking\n|\n|-heal|p1a: Slowking|100\/100|[from] Grassy Terrain\n|-heal|p2a: Hoopa|62\/100 par|[from] Grassy Terrain\n|-sideend|p2: uniandes5|Reflect\n|-fieldend|move: Grassy Terrain\n|upkeep\n|turn|17\n|\n|t:|1700873305\n|move|p1a: Slowking|Ice Beam|p2a: Hoopa\n|-damage|p2a: Hoopa|51\/100 par\n|move|p2a: Hoopa|Knock Off|p1a: Slowking\n|-supereffective|p1a: Slowking\n|-damage|p1a: Slowking|9\/100\n|-enditem|p1a: Slowking|Assault Vest|[from] move: Knock Off|[of] p2a: Hoopa\n|\n|upkeep\n|turn|18\n|c|\u2606boyboy westtcoast|i fucking suck at this game\n|inactive|boyboy westtcoast has 120 seconds left.\n|\n|t:|1700873327\n|move|p1a: Slowking|Ice Beam|p2a: Hoopa\n|-damage|p2a: Hoopa|39\/100 par\n|move|p2a: Hoopa|Knock Off|p1a: Slowking\n|-supereffective|p1a: Slowking\n|-damage|p1a: Slowking|0 fnt\n|faint|p1a: Slowking\n|\n|upkeep\n|\n|t:|1700873337\n|switch|p1a: Cinderace|Cinderace, F|100\/100\n|turn|19\n|\n|t:|1700873344\n|move|p1a: Cinderace|U-turn|p2a: Hoopa\n|-supereffective|p2a: Hoopa\n|-damage|p2a: Hoopa|0 fnt\n|faint|p2a: Hoopa\n|\n|t:|1700873348\n|switch|p1a: Kingambit|Kingambit, M|79\/100|[from] U-turn\n|-activate|p1a: Kingambit|ability: Supreme Overlord\n|-start|p1a: Kingambit|fallen3|[silent]\n|\n|upkeep\n|\n|t:|1700873359\n|switch|p2a: Great Tusk|Great Tusk|100\/100\n|-damage|p2a: Great Tusk|98\/100|[from] Stealth Rock\n|turn|20\n|\n|t:|1700873364\n|-end|p1a: Kingambit|fallen3|[silent]\n|switch|p1a: \u25e1_\u25e1|Ogerpon-Wellspring-Tera, F, tera:Water|54\/100\n|-ability|p1a: \u25e1_\u25e1|Embody Aspect (Wellspring)|boost\n|-boost|p1a: \u25e1_\u25e1|spd|1\n|move|p2a: Great Tusk|Rapid Spin|p1a: \u25e1_\u25e1\n|-damage|p1a: \u25e1_\u25e1|30\/100\n|-boost|p2a: Great Tusk|spe|1\n|-sideend|p2: uniandes5|Stealth Rock|[from] move: Rapid Spin|[of] p2a: Great Tusk\n|\n|upkeep\n|turn|21\n|\n|t:|1700873376\n|move|p1a: \u25e1_\u25e1|Ivy Cudgel|p2a: Great Tusk|[anim] Ivy Cudgel Water\n|-supereffective|p2a: Great Tusk\n|-damage|p2a: Great Tusk|0 fnt\n|faint|p2a: Great Tusk\n|-end|p2a: Great Tusk|Protosynthesis|[silent]\n|\n|upkeep\n|\n|t:|1700873380\n|switch|p2a: Rillaboom|Rillaboom, F|84\/100\n|-fieldstart|move: Grassy Terrain|[from] ability: Grassy Surge|[of] p2a: Rillaboom\n|turn|22\n|\n|t:|1700873385\n|switch|p1a: Kingambit|Kingambit, M|79\/100\n|-activate|p1a: Kingambit|ability: Supreme Overlord\n|-start|p1a: Kingambit|fallen3|[silent]\n|move|p2a: Rillaboom|Grassy Glide|p1a: Kingambit\n|-resisted|p1a: Kingambit\n|-damage|p1a: Kingambit|60\/100\n|-damage|p2a: Rillaboom|75\/100|[from] item: Life Orb\n|\n|-heal|p2a: Rillaboom|81\/100|[from] Grassy Terrain\n|-heal|p1a: Kingambit|66\/100|[from] Grassy Terrain\n|upkeep\n|turn|23\n|\n|t:|1700873406\n|-end|p1a: Kingambit|fallen3|[silent]\n|switch|p1a: \u25e1_\u25e1|Ogerpon-Wellspring-Tera, F, tera:Water|30\/100\n|-ability|p1a: \u25e1_\u25e1|Embody Aspect (Wellspring)|boost\n|-boost|p1a: \u25e1_\u25e1|spd|1\n|move|p2a: Rillaboom|Drain Punch|p1a: \u25e1_\u25e1\n|-damage|p1a: \u25e1_\u25e1|0 fnt\n|-heal|p2a: Rillaboom|92\/100|[from] drain|[of] p1a: \u25e1_\u25e1\n|faint|p1a: \u25e1_\u25e1\n|-damage|p2a: Rillaboom|82\/100|[from] item: Life Orb\n|\n|-heal|p2a: Rillaboom|88\/100|[from] Grassy Terrain\n|upkeep\n|\n|t:|1700873415\n|switch|p1a: Cinderace|Cinderace, F|100\/100\n|turn|24\n|\n|t:|1700873419\n|move|p1a: Cinderace|Will-O-Wisp|p2a: Rillaboom\n|-status|p2a: Rillaboom|brn\n|move|p2a: Rillaboom|Wood Hammer|p1a: Cinderace\n|-resisted|p1a: Cinderace\n|-damage|p1a: Cinderace|66\/100\n|-damage|p2a: Rillaboom|78\/100 brn|[from] Recoil\n|-damage|p2a: Rillaboom|68\/100 brn|[from] item: Life Orb\n|\n|-heal|p1a: Cinderace|72\/100|[from] Grassy Terrain\n|-heal|p2a: Rillaboom|75\/100 brn|[from] Grassy Terrain\n|-damage|p2a: Rillaboom|68\/100 brn|[from] brn\n|upkeep\n|turn|25\n|\n|t:|1700873425\n|move|p1a: Cinderace|Will-O-Wisp|p2a: Rillaboom|[miss]\n|-miss|p1a: Cinderace|p2a: Rillaboom\n|move|p2a: Rillaboom|Wood Hammer|p1a: Cinderace\n|-resisted|p1a: Cinderace\n|-damage|p1a: Cinderace|41\/100\n|-damage|p2a: Rillaboom|59\/100 brn|[from] Recoil\n|-damage|p2a: Rillaboom|49\/100 brn|[from] item: Life Orb\n|\n|-heal|p1a: Cinderace|47\/100|[from] Grassy Terrain\n|-heal|p2a: Rillaboom|55\/100 brn|[from] Grassy Terrain\n|-damage|p2a: Rillaboom|49\/100 brn|[from] brn\n|upkeep\n|turn|26\n|\n|t:|1700873428\n|move|p1a: Cinderace|Pyro Ball|p2a: Rillaboom\n|-supereffective|p2a: Rillaboom\n|-damage|p2a: Rillaboom|0 fnt\n|faint|p2a: Rillaboom\n|\n|-heal|p1a: Cinderace|53\/100|[from] Grassy Terrain\n|-fieldend|move: Grassy Terrain\n|upkeep\n|\n|t:|1700873431\n|switch|p2a: Haxorus|Haxorus, M|100\/100\n|-ability|p2a: Haxorus|Mold Breaker\n|turn|27\n|\n|t:|1700873437\n|move|p1a: Cinderace|Will-O-Wisp|p2a: Haxorus\n|-status|p2a: Haxorus|brn\n|-enditem|p2a: Haxorus|Lum Berry|[eat]\n|-curestatus|p2a: Haxorus|brn|[msg]\n|move|p2a: Haxorus|Dragon Dance|p2a: Haxorus\n|-boost|p2a: Haxorus|atk|1\n|-boost|p2a: Haxorus|spe|1\n|\n|upkeep\n|turn|28\n|\n|t:|1700873443\n|-terastallize|p2a: Haxorus|Fire\n|move|p2a: Haxorus|Dragon Dance|p2a: Haxorus\n|-boost|p2a: Haxorus|atk|1\n|-boost|p2a: Haxorus|spe|1\n|move|p1a: Cinderace|Will-O-Wisp|p2a: Haxorus\n|-immune|p2a: Haxorus\n|\n|upkeep\n|turn|29\n|c|\u2606boyboy westtcoast|ofc\n|\n|t:|1700873451\n|move|p2a: Haxorus|Earthquake|p1a: Cinderace\n|-supereffective|p1a: Cinderace\n|-damage|p1a: Cinderace|0 fnt\n|faint|p1a: Cinderace\n|\n|upkeep\n|\n|t:|1700873454\n|switch|p1a: Kingambit|Kingambit, M|66\/100\n|-activate|p1a: Kingambit|ability: Supreme Overlord\n|-start|p1a: Kingambit|fallen5|[silent]\n|turn|30\n|\n|t:|1700873464\n|move|p1a: Kingambit|Sucker Punch|p2a: Haxorus\n|-damage|p2a: Haxorus|18\/100\n|move|p2a: Haxorus|Tera Blast|p1a: Kingambit|[anim] Tera Blast Fire\n|-supereffective|p1a: Kingambit\n|-damage|p1a: Kingambit|0 fnt\n|faint|p1a: Kingambit\n|-end|p1a: Kingambit|fallen5|[silent]\n|\n|win|uniandes5\n|raw|boyboy westtcoast's rating: 1454 &rarr; <strong>1433<\/strong><br \/>(-21 for losing)\n|raw|uniandes5's rating: 1440 &rarr; <strong>1461<\/strong><br \/>(+21 for winning)\n","uploadtime":1700873320,"views":1,"p1id":"boyboywesttcoast","p2id":"uniandes5","formatid":"gen9ou","rating":1433,"private":0,"password":""}