{"id":"gen9ou-1993764931","p1":"Kantonian Ash","p2":"JoeBidem","format":"[Gen 9] OU","log":"|j|\u2606Kantonian Ash\n|j|\u2606JoeBidem\n|t:|1700354554\n|gametype|singles\n|player|p1|Kantonian Ash|misty|1352\n|player|p2|JoeBidem|2|1449\n|teamsize|p1|6\n|teamsize|p2|6\n|gen|9\n|tier|[Gen 9] OU\n|rated|\n|rule|Sleep Clause Mod: Limit one foe put to sleep\n|rule|Species Clause: Limit one of each Pok\u00e9mon\n|rule|OHKO Clause: OHKO moves are banned\n|rule|Evasion Items Clause: Evasion items are banned\n|rule|Evasion Moves Clause: Evasion moves are banned\n|rule|Endless Battle Clause: Forcing endless battles is banned\n|rule|HP Percentage Mod: HP is shown in percentages\n|clearpoke\n|poke|p1|Sneasler, M|\n|poke|p1|Zapdos|\n|poke|p1|Decidueye-Hisui, M|\n|poke|p1|Ceruledge, M|\n|poke|p1|Walking Wake|\n|poke|p1|Great Tusk|\n|poke|p2|Gholdengo|\n|poke|p2|Garchomp, M|\n|poke|p2|Rillaboom, M|\n|poke|p2|Heatran, M|\n|poke|p2|Iron Valiant|\n|poke|p2|Rotom-Wash|\n|teampreview\n|inactive|Battle timer is ON: inactive players will automatically lose when time's up. (requested by JoeBidem)\n|\n|t:|1700354567\n|start\n|switch|p1a: Walking Wake|Walking Wake|100\/100\n|switch|p2a: Gliscor Jr|Garchomp, M|100\/100\n|turn|1\n|\n|t:|1700354581\n|move|p2a: Gliscor Jr|Stealth Rock|p1a: Walking Wake\n|-sidestart|p1: Kantonian Ash|move: Stealth Rock\n|move|p1a: Walking Wake|Dragon Pulse|p2a: Gliscor Jr\n|-supereffective|p2a: Gliscor Jr\n|-damage|p2a: Gliscor Jr|6\/100\n|\n|upkeep\n|turn|2\n|\n|t:|1700354595\n|move|p2a: Gliscor Jr|Earth Power|p1a: Walking Wake\n|-damage|p1a: Walking Wake|69\/100\n|move|p1a: Walking Wake|Hydro Steam|p2a: Gliscor Jr\n|-damage|p2a: Gliscor Jr|0 fnt\n|faint|p2a: Gliscor Jr\n|\n|-heal|p1a: Walking Wake|75\/100|[from] item: Leftovers\n|upkeep\n|\n|t:|1700354599\n|switch|p2a: Rillaboom|Rillaboom, M|100\/100\n|-fieldstart|move: Grassy Terrain|[from] ability: Grassy Surge|[of] p2a: Rillaboom\n|turn|3\n|\n|t:|1700354613\n|move|p1a: Walking Wake|Flamethrower|p2a: Rillaboom\n|-supereffective|p2a: Rillaboom\n|-damage|p2a: Rillaboom|15\/100\n|-status|p2a: Rillaboom|brn\n|move|p2a: Rillaboom|U-turn|p1a: Walking Wake\n|-damage|p1a: Walking Wake|54\/100\n|\n|t:|1700354623\n|switch|p2a: Rotom|Rotom-Wash|100\/100|[from] U-turn\n|\n|-heal|p1a: Walking Wake|60\/100|[from] Grassy Terrain\n|-heal|p1a: Walking Wake|66\/100|[from] item: Leftovers\n|upkeep\n|turn|4\n|\n|t:|1700354630\n|move|p1a: Walking Wake|Dragon Pulse|p2a: Rotom\n|-damage|p2a: Rotom|47\/100\n|move|p2a: Rotom|Volt Switch|p1a: Walking Wake\n|-damage|p1a: Walking Wake|36\/100\n|\n|t:|1700354639\n|switch|p2a: Rillaboom|Rillaboom, M|15\/100 brn|[from] Volt Switch\n|\n|-heal|p1a: Walking Wake|42\/100|[from] Grassy Terrain\n|-heal|p1a: Walking Wake|49\/100|[from] item: Leftovers\n|-heal|p2a: Rillaboom|21\/100 brn|[from] Grassy Terrain\n|-damage|p2a: Rillaboom|15\/100 brn|[from] brn\n|upkeep\n|turn|5\n|\n|t:|1700354649\n|move|p2a: Rillaboom|Grassy Glide|p1a: Walking Wake\n|-damage|p1a: Walking Wake|14\/100\n|move|p1a: Walking Wake|Flamethrower|p2a: Rillaboom\n|-supereffective|p2a: Rillaboom\n|-damage|p2a: Rillaboom|0 fnt\n|faint|p2a: Rillaboom\n|\n|-heal|p1a: Walking Wake|20\/100|[from] Grassy Terrain\n|-heal|p1a: Walking Wake|26\/100|[from] item: Leftovers\n|upkeep\n|\n|t:|1700354664\n|switch|p2a: Iron Valiant|Iron Valiant|100\/100\n|-enditem|p2a: Iron Valiant|Booster Energy\n|-activate|p2a: Iron Valiant|ability: Quark Drive|[fromitem]\n|-start|p2a: Iron Valiant|quarkdrivespe\n|turn|6\n|\n|t:|1700354672\n|move|p2a: Iron Valiant|Knock Off|p1a: Walking Wake\n|-damage|p1a: Walking Wake|0 fnt\n|-enditem|p1a: Walking Wake|Leftovers|[from] move: Knock Off|[of] p2a: Iron Valiant\n|faint|p1a: Walking Wake\n|-end|p1a: Walking Wake|Protosynthesis|[silent]\n|\n|upkeep\n|\n|t:|1700354676\n|switch|p1a: Zapdos|Zapdos|100\/100\n|-damage|p1a: Zapdos|76\/100|[from] Stealth Rock\n|-ability|p1a: Zapdos|Pressure\n|turn|7\n|\n|t:|1700354683\n|-terastallize|p2a: Iron Valiant|Dark\n|move|p2a: Iron Valiant|Knock Off|p1a: Zapdos\n|-damage|p1a: Zapdos|22\/100\n|-enditem|p1a: Zapdos|Light Clay|[from] move: Knock Off|[of] p2a: Iron Valiant\n|move|p1a: Zapdos|Hurricane|p2a: Iron Valiant\n|-damage|p2a: Iron Valiant|0 fnt\n|faint|p2a: Iron Valiant\n|-end|p2a: Iron Valiant|Quark Drive|[silent]\n|\n|-fieldend|move: Grassy Terrain\n|upkeep\n|c|\u2606JoeBidem|what\n|\n|t:|1700354698\n|switch|p2a: Heatran|Heatran, M|100\/100\n|turn|8\n|\n|t:|1700354702\n|move|p1a: Zapdos|Light Screen|p1a: Zapdos\n|-sidestart|p1: Kantonian Ash|move: Light Screen\n|move|p2a: Heatran|Magma Storm|p1a: Zapdos\n|-damage|p1a: Zapdos|1\/100\n|-activate|p1a: Zapdos|move: Magma Storm|[of] p2a: Heatran\n|\n|-damage|p1a: Zapdos|0 fnt|[from] move: Magma Storm|[partiallytrapped]\n|faint|p1a: Zapdos\n|upkeep\n|\n|t:|1700354710\n|switch|p1a: Great Tusk|Great Tusk|100\/100\n|turn|9\n|\n|t:|1700354716\n|move|p1a: Great Tusk|Knock Off|p2a: Heatran\n|-damage|p2a: Heatran|70\/100\n|-enditem|p2a: Heatran|Leftovers|[from] move: Knock Off|[of] p1a: Great Tusk\n|move|p2a: Heatran|Flash Cannon|p1a: Great Tusk\n|-damage|p1a: Great Tusk|74\/100\n|\n|upkeep\n|turn|10\n|\n|t:|1700354723\n|switch|p2a: Rotom|Rotom-Wash|47\/100\n|move|p1a: Great Tusk|Rapid Spin|p2a: Rotom\n|-damage|p2a: Rotom|32\/100\n|-boost|p1a: Great Tusk|spe|1\n|-sideend|p1: Kantonian Ash|Stealth Rock|[from] move: Rapid Spin|[of] p1a: Great Tusk\n|\n|-heal|p2a: Rotom|38\/100|[from] item: Leftovers\n|upkeep\n|turn|11\n|\n|t:|1700354731\n|move|p2a: Rotom|Protect|p2a: Rotom\n|-singleturn|p2a: Rotom|Protect\n|move|p1a: Great Tusk|Knock Off|p2a: Rotom\n|-activate|p2a: Rotom|move: Protect\n|\n|-heal|p2a: Rotom|45\/100|[from] item: Leftovers\n|upkeep\n|turn|12\n|\n|t:|1700354739\n|move|p1a: Great Tusk|Knock Off|p2a: Rotom\n|-damage|p2a: Rotom|18\/100\n|-enditem|p2a: Rotom|Leftovers|[from] move: Knock Off|[of] p1a: Great Tusk\n|move|p2a: Rotom|Hydro Pump|p1a: Great Tusk|[miss]\n|-miss|p2a: Rotom|p1a: Great Tusk\n|\n|-sideend|p1: Kantonian Ash|move: Light Screen\n|upkeep\n|turn|13\n|c|\u2606Kantonian Ash|bad luck =[\n|\n|t:|1700354755\n|move|p1a: Great Tusk|Close Combat|p2a: Rotom\n|-damage|p2a: Rotom|0 fnt\n|-unboost|p1a: Great Tusk|def|1\n|-unboost|p1a: Great Tusk|spd|1\n|faint|p2a: Rotom\n|\n|upkeep\n|c|\u2606JoeBidem|haha\n|\n|t:|1700354759\n|switch|p2a: Wings O Redemption|Gholdengo|100\/100\n|-item|p2a: Wings O Redemption|Air Balloon\n|turn|14\n|\n|t:|1700354766\n|move|p1a: Great Tusk|Knock Off|p2a: Wings O Redemption\n|-supereffective|p2a: Wings O Redemption\n|-damage|p2a: Wings O Redemption|26\/100\n|-enditem|p2a: Wings O Redemption|Air Balloon\n|move|p2a: Wings O Redemption|Make It Rain|p1a: Great Tusk\n|-damage|p1a: Great Tusk|0 fnt\n|-unboost|p2a: Wings O Redemption|spa|1\n|faint|p1a: Great Tusk\n|-end|p1a: Great Tusk|Protosynthesis|[silent]\n|\n|upkeep\n|\n|t:|1700354784\n|switch|p1a: Sneasler|Sneasler, M|100\/100\n|turn|15\n|\n|t:|1700354798\n|move|p1a: Sneasler|Lash Out|p2a: Wings O Redemption\n|-supereffective|p2a: Wings O Redemption\n|-damage|p2a: Wings O Redemption|0 fnt\n|faint|p2a: Wings O Redemption\n|\n|upkeep\n|\n|t:|1700354800\n|switch|p2a: Heatran|Heatran, M|70\/100\n|turn|16\n|\n|t:|1700354807\n|move|p1a: Sneasler|Close Combat|p2a: Heatran\n|-supereffective|p2a: Heatran\n|-damage|p2a: Heatran|0 fnt\n|-unboost|p1a: Sneasler|def|1\n|-unboost|p1a: Sneasler|spd|1\n|faint|p2a: Heatran\n|\n|win|Kantonian Ash\n|raw|Kantonian Ash's rating: 1352 &rarr; <strong>1377<\/strong><br \/>(+25 for winning)\n|raw|JoeBidem's rating: 1449 &rarr; <strong>1424<\/strong><br \/>(-25 for losing)\n|l|\u2606JoeBidem\n|l|\u2606Kantonian Ash\n|j|\u2606Kantonian Ash\n|player|p1|Kantonian Ash|misty\n","uploadtime":1700355045,"views":16,"p1id":"kantonianash","p2id":"joebidem","formatid":"gen9ou","rating":1377,"private":0,"password":""}