{"id":"gen9ou-1992071559","p1":"Waynner","p2":"edgypunishment","format":"[Gen 9] OU","log":"|j|\u2606Waynner\n|j|\u2606edgypunishment\n|t:|1700152679\n|gametype|singles\n|player|p1|Waynner|265|1278\n|player|p2|edgypunishment|dawn|1237\n|teamsize|p1|6\n|teamsize|p2|6\n|gen|9\n|tier|[Gen 9] OU\n|rated|\n|rule|Sleep Clause Mod: Limit one foe put to sleep\n|rule|Species Clause: Limit one of each Pok\u00e9mon\n|rule|OHKO Clause: OHKO moves are banned\n|rule|Evasion Items Clause: Evasion items are banned\n|rule|Evasion Moves Clause: Evasion moves are banned\n|rule|Endless Battle Clause: Forcing endless battles is banned\n|rule|HP Percentage Mod: HP is shown in percentages\n|clearpoke\n|poke|p1|Glimmora, M|\n|poke|p1|Cinderace, M|\n|poke|p1|Ceruledge, F|\n|poke|p1|Zapdos|\n|poke|p1|Iron Valiant|\n|poke|p1|Gholdengo|\n|poke|p2|Spidops, F|\n|poke|p2|Lokix, F|\n|poke|p2|Vikavolt, F|\n|poke|p2|Slither Wing|\n|poke|p2|Scizor, F|\n|poke|p2|Kleavor, F|\n|teampreview\n|inactive|Battle timer is ON: inactive players will automatically lose when time's up. (requested by edgypunishment)\n|inactive|Waynner has 120 seconds left.\n|\n|t:|1700152723\n|start\n|switch|p1a: Cinderace|Cinderace, M|100\/100\n|switch|p2a: Spidops|Spidops, F|100\/100\n|turn|1\n|inactive|edgypunishment has 120 seconds left.\n|\n|t:|1700152755\n|move|p1a: Cinderace|U-turn|p2a: Spidops\n|-damage|p2a: Spidops|77\/100\n|\n|t:|1700152762\n|switch|p1a: Zapdos|Zapdos|100\/100|[from] U-turn\n|move|p2a: Spidops|Sticky Web|p1a: Zapdos\n|-sidestart|p1: Waynner|move: Sticky Web\n|\n|upkeep\n|turn|2\n|\n|t:|1700152771\n|move|p1a: Zapdos|Hurricane|p2a: Spidops\n|-supereffective|p2a: Spidops\n|-damage|p2a: Spidops|0 fnt\n|faint|p2a: Spidops\n|\n|upkeep\n|inactive|edgypunishment has 120 seconds left.\n|\n|t:|1700152791\n|switch|p2a: Kleavor|Kleavor, F|100\/100\n|turn|3\n|\n|t:|1700152797\n|move|p1a: Zapdos|Detect|p1a: Zapdos\n|-singleturn|p1a: Zapdos|Protect\n|move|p2a: Kleavor|Stone Axe|p1a: Zapdos\n|-activate|p1a: Zapdos|move: Protect\n|\n|upkeep\n|turn|4\n|\n|t:|1700152806\n|switch|p1a: Gholdengo|Gholdengo|100\/100\n|-item|p1a: Gholdengo|Air Balloon\n|move|p2a: Kleavor|Stone Axe|p1a: Gholdengo\n|-resisted|p1a: Gholdengo\n|-damage|p1a: Gholdengo|68\/100\n|-enditem|p1a: Gholdengo|Air Balloon\n|-sidestart|p1: Waynner|move: Stealth Rock\n|\n|upkeep\n|turn|5\n|inactive|edgypunishment has 120 seconds left.\n|\n|t:|1700152833\n|move|p1a: Gholdengo|Make It Rain|p2a: Kleavor\n|-supereffective|p2a: Kleavor\n|-crit|p2a: Kleavor\n|-damage|p2a: Kleavor|0 fnt\n|-unboost|p1a: Gholdengo|spa|1\n|faint|p2a: Kleavor\n|\n|upkeep\n|inactive|edgypunishment has 120 seconds left.\n|\n|t:|1700152842\n|switch|p2a: Vikavolt|Vikavolt, F|100\/100\n|turn|6\n|\n|t:|1700152846\n|move|p1a: Gholdengo|Nasty Plot|p1a: Gholdengo\n|-boost|p1a: Gholdengo|spa|2\n|move|p2a: Vikavolt|Agility|p2a: Vikavolt\n|-boost|p2a: Vikavolt|spe|2\n|\n|upkeep\n|turn|7\n|\n|t:|1700152856\n|move|p2a: Vikavolt|Thunderbolt|p1a: Gholdengo\n|-damage|p1a: Gholdengo|12\/100\n|move|p1a: Gholdengo|Make It Rain|p2a: Vikavolt\n|-resisted|p2a: Vikavolt\n|-damage|p2a: Vikavolt|37\/100\n|-unboost|p1a: Gholdengo|spa|1\n|\n|upkeep\n|turn|8\n|\n|t:|1700152867\n|move|p2a: Vikavolt|Bug Buzz|p1a: Gholdengo\n|-resisted|p1a: Gholdengo\n|-damage|p1a: Gholdengo|0 fnt\n|faint|p1a: Gholdengo\n|-enditem|p2a: Vikavolt|Throat Spray\n|-boost|p2a: Vikavolt|spa|1|[from] item: Throat Spray\n|\n|upkeep\n|\n|t:|1700152872\n|switch|p1a: Cinderace|Cinderace, M|100\/100\n|turn|9\n|\n|t:|1700152877\n|move|p2a: Vikavolt|Thunderbolt|p1a: Cinderace\n|-damage|p1a: Cinderace|0 fnt\n|faint|p1a: Cinderace\n|\n|upkeep\n|\n|t:|1700152892\n|switch|p1a: Zapdos|Zapdos|100\/100\n|-damage|p1a: Zapdos|75\/100|[from] Stealth Rock\n|turn|10\n|\n|t:|1700152899\n|move|p2a: Vikavolt|Thunderbolt|p1a: Zapdos\n|-damage|p1a: Zapdos|0 fnt\n|faint|p1a: Zapdos\n|\n|upkeep\n|\n|t:|1700152913\n|switch|p1a: Iron Valiant|Iron Valiant|100\/100\n|-activate|p1a: Iron Valiant|move: Sticky Web\n|-unboost|p1a: Iron Valiant|spe|1\n|-damage|p1a: Iron Valiant|94\/100|[from] Stealth Rock\n|-enditem|p1a: Iron Valiant|Booster Energy\n|-activate|p1a: Iron Valiant|ability: Quark Drive|[fromitem]\n|-start|p1a: Iron Valiant|quarkdriveatk\n|turn|11\n|\n|t:|1700152924\n|move|p1a: Iron Valiant|Shadow Sneak|p2a: Vikavolt\n|-damage|p2a: Vikavolt|13\/100\n|move|p2a: Vikavolt|Thunderbolt|p1a: Iron Valiant\n|-damage|p1a: Iron Valiant|0 fnt\n|faint|p1a: Iron Valiant\n|-end|p1a: Iron Valiant|Quark Drive|[silent]\n|\n|upkeep\n|-message|Waynner forfeited.\n|\n|win|edgypunishment\n|raw|Waynner's rating: 1278 &rarr; <strong>1250<\/strong><br \/>(-28 for losing)\n|raw|edgypunishment's rating: 1237 &rarr; <strong>1265<\/strong><br \/>(+28 for winning)\n|l|\u2606Waynner\n","uploadtime":1700152938,"views":8,"p1id":"waynner","p2id":"edgypunishment","formatid":"gen9ou","rating":1250,"private":0,"password":""}