{"id":"gen9ou-1992345510","p1":"King Bic","p2":"Poison Ivy Thorns","format":"[Gen 9] OU","log":"|j|\u2606King Bic\n|j|\u2606Poison Ivy Thorns\n|t:|1700176993\n|gametype|singles\n|player|p1|King Bic|2|1201\n|player|p2|Poison Ivy Thorns|barry|1251\n|teamsize|p1|6\n|teamsize|p2|6\n|gen|9\n|tier|[Gen 9] OU\n|rated|\n|rule|Sleep Clause Mod: Limit one foe put to sleep\n|rule|Species Clause: Limit one of each Pok\u00e9mon\n|rule|OHKO Clause: OHKO moves are banned\n|rule|Evasion Items Clause: Evasion items are banned\n|rule|Evasion Moves Clause: Evasion moves are banned\n|rule|Endless Battle Clause: Forcing endless battles is banned\n|rule|HP Percentage Mod: HP is shown in percentages\n|clearpoke\n|poke|p1|Kingambit, M|\n|poke|p1|Rotom-Wash|\n|poke|p1|Garchomp, F|\n|poke|p1|Garganacl, F|\n|poke|p1|Ribombee, F|\n|poke|p1|Skeledirge, F|\n|poke|p2|Lucario, M|\n|poke|p2|Ninetales-Alola, F|\n|poke|p2|Great Tusk|\n|poke|p2|Greninja-*, M|\n|poke|p2|Dragapult, F|\n|poke|p2|Hatterene, F|\n|teampreview\n|\n|t:|1700177011\n|start\n|switch|p1a: Ribombee|Ribombee, F|100\/100\n|switch|p2a: Hatterene|Hatterene, F|100\/100\n|turn|1\n|\n|t:|1700177021\n|move|p1a: Ribombee|Moonblast|p2a: Hatterene\n|-damage|p2a: Hatterene|67\/100\n|move|p2a: Hatterene|Mystical Fire|p1a: Ribombee\n|-supereffective|p1a: Ribombee\n|-damage|p1a: Ribombee|9\/100\n|\n|-heal|p2a: Hatterene|73\/100|[from] item: Leftovers\n|upkeep\n|turn|2\n|\n|t:|1700177031\n|switch|p1a: Skeledirge|Skeledirge, F|100\/100\n|move|p2a: Hatterene|Draining Kiss|p1a: Skeledirge\n|-resisted|p1a: Skeledirge\n|-damage|p1a: Skeledirge|91\/100\n|-heal|p2a: Hatterene|82\/100|[from] drain|[of] p1a: Skeledirge\n|\n|-heal|p2a: Hatterene|88\/100|[from] item: Leftovers\n|upkeep\n|turn|3\n|\n|t:|1700177041\n|switch|p2a: Greninja|Greninja, M|100\/100\n|move|p1a: Skeledirge|Torch Song|p2a: Greninja\n|-resisted|p2a: Greninja\n|-damage|p2a: Greninja|70\/100\n|-boost|p1a: Skeledirge|spa|1\n|\n|upkeep\n|turn|4\n|\n|t:|1700177050\n|-terastallize|p1a: Skeledirge|Grass\n|move|p2a: Greninja|Dark Pulse|p1a: Skeledirge\n|-damage|p1a: Skeledirge|58\/100\n|-damage|p2a: Greninja|60\/100|[from] item: Life Orb\n|move|p1a: Skeledirge|Tera Blast|p2a: Greninja|[anim] Tera Blast Grass\n|-supereffective|p2a: Greninja\n|-damage|p2a: Greninja|0 fnt\n|faint|p2a: Greninja\n|\n|upkeep\n|\n|t:|1700177059\n|switch|p2a: Ninetales|Ninetales-Alola, F|100\/100\n|-weather|Snow|[from] ability: Snow Warning|[of] p2a: Ninetales\n|turn|5\n|\n|t:|1700177065\n|switch|p1a: Garganacl|Garganacl, F|100\/100\n|move|p2a: Ninetales|Encore||[still]\n|-fail|p2a: Ninetales\n|\n|-weather|Snow|[upkeep]\n|upkeep\n|turn|6\n|\n|t:|1700177072\n|move|p2a: Ninetales|Aurora Veil|p2a: Ninetales\n|-sidestart|p2: Poison Ivy Thorns|move: Aurora Veil\n|move|p1a: Garganacl|Salt Cure|p2a: Ninetales\n|-supereffective|p2a: Ninetales\n|-damage|p2a: Ninetales|88\/100\n|-start|p2a: Ninetales|Salt Cure\n|\n|-weather|Snow|[upkeep]\n|-damage|p2a: Ninetales|75\/100|[from] Salt Cure\n|upkeep\n|turn|7\n|\n|t:|1700177086\n|switch|p2a: Lucario|Lucario, M|100\/100\n|switch|p1a: Ribombee|Ribombee, F|9\/100\n|\n|-weather|Snow|[upkeep]\n|upkeep\n|turn|8\n|\n|t:|1700177094\n|move|p2a: Lucario|Extreme Speed|p1a: Ribombee\n|-damage|p1a: Ribombee|0 fnt\n|faint|p1a: Ribombee\n|-damage|p2a: Lucario|91\/100|[from] item: Life Orb\n|\n|-weather|Snow|[upkeep]\n|upkeep\n|\n|t:|1700177103\n|switch|p1a: Garganacl|Garganacl, F|100\/100\n|turn|9\n|\n|t:|1700177107\n|move|p2a: Lucario|Close Combat|p1a: Garganacl\n|-supereffective|p1a: Garganacl\n|-damage|p1a: Garganacl|0 fnt\n|-unboost|p2a: Lucario|def|1\n|-unboost|p2a: Lucario|spd|1\n|faint|p1a: Garganacl\n|-damage|p2a: Lucario|81\/100|[from] item: Life Orb\n|\n|-weather|none\n|upkeep\n|\n|t:|1700177117\n|switch|p1a: Skeledirge|Skeledirge, F, tera:Grass|58\/100\n|turn|10\n|\n|t:|1700177120\n|move|p2a: Lucario|Close Combat|p1a: Skeledirge\n|-damage|p1a: Skeledirge|0 fnt\n|-unboost|p2a: Lucario|def|1\n|-unboost|p2a: Lucario|spd|1\n|faint|p1a: Skeledirge\n|-damage|p2a: Lucario|71\/100|[from] item: Life Orb\n|\n|upkeep\n|\n|t:|1700177132\n|switch|p1a: Garchomp|Garchomp, F|100\/100\n|turn|11\n|\n|t:|1700177139\n|switch|p2a: Great Tusk|Great Tusk|100\/100\n|move|p1a: Garchomp|Earthquake|p2a: Great Tusk\n|-damage|p2a: Great Tusk|82\/100\n|\n|-heal|p2a: Great Tusk|88\/100|[from] item: Leftovers\n|upkeep\n|turn|12\n|\n|t:|1700177149\n|switch|p1a: Rotom|Rotom-Wash|100\/100\n|move|p2a: Great Tusk|Stealth Rock|p1a: Rotom\n|-sidestart|p1: King Bic|move: Stealth Rock\n|\n|-heal|p2a: Great Tusk|94\/100|[from] item: Leftovers\n|upkeep\n|turn|13\n|\n|t:|1700177164\n|-end|p2a: Great Tusk|Protosynthesis|[silent]\n|switch|p2a: Dragapult|Dragapult, F|100\/100\n|move|p1a: Rotom|Will-O-Wisp|p2a: Dragapult\n|-status|p2a: Dragapult|brn\n|\n|-damage|p2a: Dragapult|95\/100 brn|[from] brn\n|-sideend|p2: Poison Ivy Thorns|move: Aurora Veil\n|upkeep\n|turn|14\n|\n|t:|1700177173\n|move|p2a: Dragapult|Fire Blast|p1a: Rotom\n|-resisted|p1a: Rotom\n|-damage|p1a: Rotom|80\/100\n|move|p1a: Rotom|Volt Switch|p2a: Dragapult\n|-resisted|p2a: Dragapult\n|-damage|p2a: Dragapult|73\/100 brn\n|\n|t:|1700177183\n|switch|p1a: Kingambit|Kingambit, M|100\/100|[from] Volt Switch\n|-damage|p1a: Kingambit|94\/100|[from] Stealth Rock\n|-activate|p1a: Kingambit|ability: Supreme Overlord\n|-start|p1a: Kingambit|fallen3|[silent]\n|\n|-damage|p2a: Dragapult|67\/100 brn|[from] brn\n|upkeep\n|turn|15\n|\n|t:|1700177225\n|switch|p2a: Great Tusk|Great Tusk|94\/100\n|move|p1a: Kingambit|Kowtow Cleave|p2a: Great Tusk\n|-resisted|p2a: Great Tusk\n|-damage|p2a: Great Tusk|65\/100\n|\n|-heal|p2a: Great Tusk|71\/100|[from] item: Leftovers\n|upkeep\n|turn|16\n|\n|t:|1700177235\n|-end|p2a: Great Tusk|Protosynthesis|[silent]\n|switch|p2a: Dragapult|Dragapult, F|67\/100 brn\n|-end|p1a: Kingambit|fallen3|[silent]\n|switch|p1a: Garchomp|Garchomp, F|100\/100\n|-damage|p1a: Garchomp|94\/100|[from] Stealth Rock\n|\n|-damage|p2a: Dragapult|61\/100 brn|[from] brn\n|upkeep\n|turn|17\n|\n|t:|1700177308\n|move|p2a: Dragapult|Draco Meteor|p1a: Garchomp\n|-supereffective|p1a: Garchomp\n|-damage|p1a: Garchomp|0 fnt\n|-unboost|p2a: Dragapult|spa|2\n|faint|p1a: Garchomp\n|\n|-damage|p2a: Dragapult|55\/100 brn|[from] brn\n|upkeep\n|\n|t:|1700177316\n|switch|p1a: Rotom|Rotom-Wash|80\/100\n|-damage|p1a: Rotom|67\/100|[from] Stealth Rock\n|turn|18\n|\n|t:|1700177352\n|switch|p2a: Hatterene|Hatterene, F|88\/100\n|move|p1a: Rotom|Thunderbolt|p2a: Hatterene\n|-damage|p2a: Hatterene|45\/100\n|\n|-heal|p1a: Rotom|74\/100|[from] item: Leftovers\n|-heal|p2a: Hatterene|51\/100|[from] item: Leftovers\n|upkeep\n|turn|19\n|\n|t:|1700177362\n|move|p1a: Rotom|Hydro Pump|p2a: Hatterene\n|-damage|p2a: Hatterene|0 fnt\n|faint|p2a: Hatterene\n|\n|-heal|p1a: Rotom|80\/100|[from] item: Leftovers\n|upkeep\n|\n|t:|1700177372\n|switch|p2a: Dragapult|Dragapult, F|55\/100 brn\n|turn|20\n|\n|t:|1700177376\n|move|p2a: Dragapult|Draco Meteor|p1a: Rotom\n|-damage|p1a: Rotom|0 fnt\n|-unboost|p2a: Dragapult|spa|2\n|faint|p1a: Rotom\n|\n|-damage|p2a: Dragapult|49\/100 brn|[from] brn\n|upkeep\n|\n|t:|1700177384\n|switch|p1a: Kingambit|Kingambit, M|94\/100\n|-damage|p1a: Kingambit|88\/100|[from] Stealth Rock\n|-activate|p1a: Kingambit|ability: Supreme Overlord\n|-start|p1a: Kingambit|fallen5|[silent]\n|turn|21\n|\n|t:|1700177390\n|switch|p2a: Ninetales|Ninetales-Alola, F|75\/100\n|-weather|Snow|[from] ability: Snow Warning|[of] p2a: Ninetales\n|move|p1a: Kingambit|Swords Dance|p1a: Kingambit\n|-boost|p1a: Kingambit|atk|2\n|\n|-weather|Snow|[upkeep]\n|upkeep\n|turn|22\n|\n|t:|1700177400\n|move|p2a: Ninetales|Encore|p1a: Kingambit\n|-start|p1a: Kingambit|Encore\n|move|p1a: Kingambit|Swords Dance|p1a: Kingambit\n|-boost|p1a: Kingambit|atk|2\n|\n|-weather|Snow|[upkeep]\n|upkeep\n|turn|23\n|c|\u2606Poison Ivy Thorns|gg\n|\n|t:|1700177408\n|switch|p2a: Lucario|Lucario, M|71\/100\n|move|p1a: Kingambit|Swords Dance|p1a: Kingambit\n|-boost|p1a: Kingambit|atk|2\n|\n|-weather|Snow|[upkeep]\n|upkeep\n|turn|24\n|\n|t:|1700177416\n|move|p2a: Lucario|Close Combat|p1a: Kingambit\n|-supereffective|p1a: Kingambit\n|-damage|p1a: Kingambit|0 fnt\n|-unboost|p2a: Lucario|def|1\n|-unboost|p2a: Lucario|spd|1\n|faint|p1a: Kingambit\n|-end|p1a: Kingambit|fallen5|[silent]\n|-damage|p2a: Lucario|61\/100|[from] item: Life Orb\n|\n|win|Poison Ivy Thorns\n|raw|King Bic's rating: 1201 &rarr; <strong>1180<\/strong><br \/>(-21 for losing)\n|raw|Poison Ivy Thorns's rating: 1251 &rarr; <strong>1272<\/strong><br \/>(+21 for winning)\n","uploadtime":1700177421,"views":19,"p1id":"kingbic","p2id":"poisonivythorns","formatid":"gen9ou","rating":1180,"private":0,"password":""}