{"id":"gen9ou-1994215373","p1":"PerhapsXolas","p2":"Cultura Quilingue","format":"[Gen 9] OU","log":"|j|\u2606PerhapsXolas\n|j|\u2606Cultura Quilingue\n|t:|1700419807\n|gametype|singles\n|player|p1|PerhapsXolas|cynthia-gen4|\n|player|p2|Cultura Quilingue|giovanni|\n|teamsize|p1|6\n|teamsize|p2|6\n|gen|9\n|tier|[Gen 9] OU\n|rule|Sleep Clause Mod: Limit one foe put to sleep\n|rule|Species Clause: Limit one of each Pok\u00e9mon\n|rule|OHKO Clause: OHKO moves are banned\n|rule|Evasion Items Clause: Evasion items are banned\n|rule|Evasion Moves Clause: Evasion moves are banned\n|rule|Endless Battle Clause: Forcing endless battles is banned\n|rule|HP Percentage Mod: HP is shown in percentages\n|clearpoke\n|poke|p1|Ogerpon-Wellspring, F|\n|poke|p1|Meowscarada, M|\n|poke|p1|Zarude-Dada|\n|poke|p1|Zoroark-Hisui, M|\n|poke|p1|Indeedee, M|\n|poke|p1|Ursaluna, F|\n|poke|p2|Zoroark-Hisui, F|\n|poke|p2|Dragapult, F|\n|poke|p2|Kingambit, M|\n|poke|p2|Ting-Lu|\n|poke|p2|Samurott-Hisui, M|\n|poke|p2|Ceruledge, M|\n|teampreview\n|j| banzaikamikaze\n|j| LipeZero\n|c| LipeZero|B)\n|c|\u2606PerhapsXolas|B)\n|c| banzaikamikaze|Estou aqui! Aguardem dar o start\n|c|\u2606PerhapsXolas|diretamente do banheiro da eskim\u00f3 pro mundo\n|j| quizumba\n|c|\u2606Cultura Quilingue|Direitamente do banheiro tbm\n|c|\u2606Cultura Quilingue|Tudo nosso nada deles\n|c| banzaikamikaze|Podem come\u00e7ar! Lembrem-se do timer\n|\n|t:|1700419944\n|start\n|switch|p1a: Cotoca D. \u00c1gua|Ogerpon-Wellspring, F|100\/100\n|switch|p2a: Detestado p\/ todos|Ceruledge, M|100\/100\n|turn|1\n|\n|t:|1700419963\n|move|p2a: Detestado p\/ todos|Trick||[still]\n|-fail|p2a: Detestado p\/ todos\n|move|p1a: Cotoca D. \u00c1gua|Knock Off|p2a: Detestado p\/ todos\n|-supereffective|p2a: Detestado p\/ todos\n|-damage|p2a: Detestado p\/ todos|0 fnt\n|replace|p2a: Aqui|Zoroark-Hisui, F\n|-end|p2a: Aqui|Illusion\n|-enditem|p2a: Aqui|Choice Scarf|[from] move: Knock Off|[of] p1a: Cotoca D. \u00c1gua\n|faint|p2a: Aqui\n|\n|upkeep\n|\n|t:|1700419973\n|switch|p2a: Jaz|Dragapult, F|100\/100\n|turn|2\n|\n|t:|1700419991\n|-terastallize|p1a: Cotoca D. \u00c1gua|Water\n|detailschange|p1a: Cotoca D. \u00c1gua|Ogerpon-Wellspring-Tera, F, tera:Water\n|-ability|p1a: Cotoca D. \u00c1gua|Embody Aspect (Wellspring)|boost\n|-boost|p1a: Cotoca D. \u00c1gua|spd|1\n|move|p2a: Jaz|Thunderbolt|p1a: Cotoca D. \u00c1gua\n|-supereffective|p1a: Cotoca D. \u00c1gua\n|-damage|p1a: Cotoca D. \u00c1gua|37\/100\n|move|p1a: Cotoca D. \u00c1gua|Knock Off|p2a: Jaz\n|-supereffective|p2a: Jaz\n|-damage|p2a: Jaz|0 fnt\n|-enditem|p2a: Jaz|Choice Specs|[from] move: Knock Off|[of] p1a: Cotoca D. \u00c1gua\n|faint|p2a: Jaz\n|\n|upkeep\n|\n|t:|1700420004\n|switch|p2a: Odiado por uns|Samurott-Hisui, M|100\/100\n|turn|3\n|\n|t:|1700420013\n|move|p1a: Cotoca D. \u00c1gua|Trailblaze|p2a: Odiado por uns\n|-supereffective|p2a: Odiado por uns\n|-damage|p2a: Odiado por uns|29\/100\n|-boost|p1a: Cotoca D. \u00c1gua|spe|1\n|move|p2a: Odiado por uns|Sacred Sword|p1a: Cotoca D. \u00c1gua\n|-damage|p1a: Cotoca D. \u00c1gua|0 fnt\n|faint|p1a: Cotoca D. \u00c1gua\n|-damage|p2a: Odiado por uns|20\/100|[from] item: Life Orb\n|\n|upkeep\n|\n|t:|1700420023\n|switch|p1a: Meowscaralho|Meowscarada, M|100\/100\n|turn|4\n|\n|t:|1700420037\n|move|p1a: Meowscaralho|Knock Off|p2a: Odiado por uns\n|-start|p1a: Meowscaralho|typechange|Dark|[from] ability: Protean\n|-resisted|p2a: Odiado por uns\n|-damage|p2a: Odiado por uns|0 fnt\n|-enditem|p2a: Odiado por uns|Life Orb|[from] move: Knock Off|[of] p1a: Meowscaralho\n|faint|p2a: Odiado por uns\n|\n|upkeep\n|\n|t:|1700420045\n|switch|p2a: Detestado p\/ todos|Ceruledge, M|100\/100\n|turn|5\n|\n|t:|1700420050\n|move|p1a: Meowscaralho|Knock Off|p2a: Detestado p\/ todos\n|-supereffective|p2a: Detestado p\/ todos\n|-enditem|p2a: Detestado p\/ todos|Focus Sash\n|-damage|p2a: Detestado p\/ todos|1\/100\n|-ability|p2a: Detestado p\/ todos|Weak Armor|boost\n|-unboost|p2a: Detestado p\/ todos|def|1\n|-boost|p2a: Detestado p\/ todos|spe|2\n|move|p2a: Detestado p\/ todos|Bitter Blade|p1a: Meowscaralho\n|-damage|p1a: Meowscaralho|33\/100\n|-heal|p2a: Detestado p\/ todos|35\/100|[from] drain|[of] p1a: Meowscaralho\n|\n|upkeep\n|turn|6\n|\n|t:|1700420061\n|move|p1a: Meowscaralho|Sucker Punch|p2a: Detestado p\/ todos\n|-supereffective|p2a: Detestado p\/ todos\n|-damage|p2a: Detestado p\/ todos|0 fnt\n|faint|p2a: Detestado p\/ todos\n|\n|upkeep\n|\n|t:|1700420067\n|switch|p2a: Quilingue|Ting-Lu|100\/100\n|-ability|p2a: Quilingue|Vessel of Ruin\n|turn|7\n|\n|t:|1700420074\n|move|p1a: Meowscaralho|Brick Break|p2a: Quilingue\n|-supereffective|p2a: Quilingue\n|-damage|p2a: Quilingue|81\/100\n|-damage|p1a: Meowscaralho|17\/100|[from] item: Rocky Helmet|[of] p2a: Quilingue\n|move|p2a: Quilingue|Earthquake|p1a: Meowscaralho\n|-damage|p1a: Meowscaralho|0 fnt\n|faint|p1a: Meowscaralho\n|\n|upkeep\n|\n|t:|1700420080\n|switch|p1a: Masqueico|Zarude-Dada|100\/100\n|turn|8\n|\n|t:|1700420090\n|move|p1a: Masqueico|Power Whip|p2a: Quilingue\n|-supereffective|p2a: Quilingue\n|-damage|p2a: Quilingue|21\/100\n|-damage|p1a: Masqueico|84\/100|[from] item: Rocky Helmet|[of] p2a: Quilingue\n|move|p2a: Quilingue|Body Press|p1a: Masqueico\n|-supereffective|p1a: Masqueico\n|-damage|p1a: Masqueico|30\/100\n|\n|upkeep\n|turn|9\n|c|\u2606PerhapsXolas|eu ja usei\n|c|\u2606PerhapsXolas|antes\n|\n|t:|1700420105\n|move|p1a: Masqueico|Drain Punch|p2a: Quilingue\n|-supereffective|p2a: Quilingue\n|-damage|p2a: Quilingue|0 fnt\n|-heal|p1a: Masqueico|45\/100|[from] drain|[of] p2a: Quilingue\n|-damage|p1a: Masqueico|28\/100|[from] item: Rocky Helmet|[of] p2a: Quilingue\n|faint|p2a: Quilingue\n|\n|upkeep\n|\n|t:|1700420112\n|switch|p2a: Cultura|Kingambit, M|100\/100\n|-activate|p2a: Cultura|ability: Supreme Overlord\n|-start|p2a: Cultura|fallen5|[silent]\n|turn|10\n|c|\u2606PerhapsXolas|KKKKKKKKKKKKKKKKKKKKKKKKKKKKKKKKKKKKKKKKKKKKKKK\n|c|\u2606PerhapsXolas|AH \u00c9 PRA MUTAR?\n|c|\u2606PerhapsXolas|SORRY N SABIA\n|c| banzaikamikaze|sim kkkk\n|\n|t:|1700420134\n|move|p1a: Masqueico|Drain Punch|p2a: Cultura\n|-supereffective|p2a: Cultura\n|-damage|p2a: Cultura|14\/100\n|-heal|p1a: Masqueico|78\/100|[from] drain|[of] p2a: Cultura\n|move|p2a: Cultura|Brick Break|p1a: Masqueico\n|-supereffective|p1a: Masqueico\n|-crit|p1a: Masqueico\n|-damage|p1a: Masqueico|0 fnt\n|faint|p1a: Masqueico\n|\n|upkeep\n|\n|t:|1700420145\n|switch|p1a: Kapet|Indeedee, M, shiny|100\/100\n|-fieldstart|move: Psychic Terrain|[from] ability: Psychic Surge|[of] p1a: Kapet\n|turn|11\n|\n|t:|1700420155\n|move|p2a: Cultura|Sucker Punch|p1a: Kapet\n|-activate|p1a: Kapet|move: Psychic Terrain\n|move|p1a: Kapet|Tera Blast|p2a: Cultura\n|-resisted|p2a: Cultura\n|-damage|p2a: Cultura|2\/100\n|\n|upkeep\n|turn|12\n|\n|t:|1700420162\n|move|p1a: Kapet|Tera Blast|p2a: Cultura\n|-resisted|p2a: Cultura\n|-damage|p2a: Cultura|0 fnt\n|faint|p2a: Cultura\n|-end|p2a: Cultura|fallen5|[silent]\n|\n|win|PerhapsXolas\n","uploadtime":1700420170,"views":15,"p1id":"perhapsxolas","p2id":"culturaquilingue","formatid":"gen9ou","rating":0,"private":0,"password":""}