{"id":"gen9ou-1993569523","p1":"BPLD","p2":"Mr. Cip","format":"[Gen 9] OU","log":"|j|\u2606BPLD\n|j|\u2606Mr. Cip\n|t:|1700332814\n|gametype|singles\n|player|p1|BPLD|266|\n|player|p2|Mr. Cip|roxie|\n|teamsize|p1|6\n|teamsize|p2|6\n|gen|9\n|tier|[Gen 9] OU\n|rule|Sleep Clause Mod: Limit one foe put to sleep\n|rule|Species Clause: Limit one of each Pok\u00e9mon\n|rule|OHKO Clause: OHKO moves are banned\n|rule|Evasion Items Clause: Evasion items are banned\n|rule|Evasion Moves Clause: Evasion moves are banned\n|rule|Endless Battle Clause: Forcing endless battles is banned\n|rule|HP Percentage Mod: HP is shown in percentages\n|clearpoke\n|poke|p1|Dragalge, F|\n|poke|p1|Zapdos|\n|poke|p1|Great Tusk|\n|poke|p1|Ogerpon-Wellspring, F|\n|poke|p1|Tinkaton, F|\n|poke|p1|Articuno-Galar|\n|poke|p2|Garchomp, M|\n|poke|p2|Scizor, F|\n|poke|p2|Samurott-Hisui, F|\n|poke|p2|Brambleghast, M|\n|poke|p2|Oricorio, F|\n|poke|p2|Grimmsnarl, M|\n|teampreview\n|c|\u2606Mr. Cip|want me to post any of the links?\n|j| PorygonTheBot\n|c| PorygonTheBot|y'all suck\n|c|\u2606BPLD|I got ya no worriers\n|c|\u2606Mr. Cip|<3\n|c|\u2606Mr. Cip|glhf!\n|c|\u2606BPLD|you too!\n|\n|t:|1700332875\n|start\n|switch|p1a: Tinkaton|Tinkaton, F|100\/100\n|switch|p2a: Samurott|Samurott-Hisui, F, shiny|100\/100\n|-ability|p1a: Tinkaton|Mold Breaker\n|turn|1\n|\n|t:|1700332897\n|move|p2a: Samurott|Ceaseless Edge|p1a: Tinkaton\n|-resisted|p1a: Tinkaton\n|-damage|p1a: Tinkaton|84\/100\n|-sidestart|p1: BPLD|Spikes\n|move|p1a: Tinkaton|Stealth Rock|p2a: Samurott\n|-sidestart|p2: Mr. Cip|move: Stealth Rock\n|\n|upkeep\n|turn|2\n|\n|t:|1700332903\n|move|p2a: Samurott|Ceaseless Edge|p1a: Tinkaton\n|-resisted|p1a: Tinkaton\n|-damage|p1a: Tinkaton|68\/100\n|-sidestart|p1: BPLD|Spikes\n|move|p1a: Tinkaton|Reflect|p1a: Tinkaton\n|-sidestart|p1: BPLD|Reflect\n|\n|upkeep\n|turn|3\n|\n|t:|1700332946\n|switch|p1a: Articuno|Articuno-Galar|100\/100\n|move|p2a: Samurott|Ceaseless Edge|p1a: Articuno\n|-supereffective|p1a: Articuno\n|-crit|p1a: Articuno\n|-damage|p1a: Articuno|0 fnt\n|-sidestart|p1: BPLD|Spikes\n|faint|p1a: Articuno\n|\n|upkeep\n|c|\u2606BPLD|Dang\n|c|\u2606Mr. Cip|O.O\n|\n|t:|1700332969\n|switch|p1a: Great Tusk|Great Tusk|100\/100\n|-damage|p1a: Great Tusk|76\/100|[from] Spikes\n|-enditem|p1a: Great Tusk|Booster Energy\n|-activate|p1a: Great Tusk|ability: Protosynthesis|[fromitem]\n|-start|p1a: Great Tusk|protosynthesisspe\n|turn|4\n|\n|t:|1700332977\n|move|p1a: Great Tusk|Bulk Up|p1a: Great Tusk\n|-boost|p1a: Great Tusk|atk|1\n|-boost|p1a: Great Tusk|def|1\n|move|p2a: Samurott|Aqua Cutter|p1a: Great Tusk\n|-supereffective|p1a: Great Tusk\n|-crit|p1a: Great Tusk\n|-damage|p1a: Great Tusk|0 fnt\n|faint|p1a: Great Tusk\n|-end|p1a: Great Tusk|Protosynthesis|[silent]\n|\n|upkeep\n|c|\u2606Mr. Cip|dude im so sorry haha\n|\n|t:|1700332991\n|switch|p1a: Ogerpon|Ogerpon-Wellspring, F|100\/100\n|-damage|p1a: Ogerpon|76\/100|[from] Spikes\n|turn|5\n|c|\u2606BPLD|bro this is wild\n|\n|t:|1700333007\n|move|p1a: Ogerpon|Trailblaze|p2a: Samurott\n|-supereffective|p2a: Samurott\n|-damage|p2a: Samurott|29\/100\n|-boost|p1a: Ogerpon|spe|1\n|move|p2a: Samurott|Ceaseless Edge|p1a: Ogerpon\n|-damage|p1a: Ogerpon|48\/100\n|\n|upkeep\n|turn|6\n|\n|t:|1700333034\n|move|p1a: Ogerpon|Trailblaze|p2a: Samurott\n|-supereffective|p2a: Samurott\n|-damage|p2a: Samurott|0 fnt\n|-boost|p1a: Ogerpon|spe|1\n|faint|p2a: Samurott\n|\n|upkeep\n|\n|t:|1700333042\n|switch|p2a: Scizor|Scizor, F|100\/100\n|-damage|p2a: Scizor|88\/100|[from] Stealth Rock\n|turn|7\n|\n|t:|1700333062\n|switch|p1a: Zapdos|Zapdos|100\/100\n|move|p2a: Scizor|U-turn|p1a: Zapdos\n|-resisted|p1a: Zapdos\n|-damage|p1a: Zapdos|89\/100\n|-damage|p2a: Scizor|78\/100|[from] item: Life Orb\n|\n|t:|1700333078\n|switch|p2a: Grimmsnarl|Grimmsnarl, M|100\/100|[from] U-turn\n|-damage|p2a: Grimmsnarl|88\/100|[from] Stealth Rock\n|\n|upkeep\n|turn|8\n|j| NEdgyman\n|\n|t:|1700333088\n|move|p2a: Grimmsnarl|Reflect|p2a: Grimmsnarl\n|-sidestart|p2: Mr. Cip|Reflect\n|move|p1a: Zapdos|U-turn|p2a: Grimmsnarl\n|-crit|p2a: Grimmsnarl\n|-damage|p2a: Grimmsnarl|64\/100\n|\n|t:|1700333097\n|switch|p1a: Ogerpon|Ogerpon-Wellspring, F|48\/100|[from] U-turn\n|-damage|p1a: Ogerpon|24\/100|[from] Spikes\n|\n|upkeep\n|turn|9\n|\n|t:|1700333104\n|move|p1a: Ogerpon|Swords Dance|p1a: Ogerpon\n|-boost|p1a: Ogerpon|atk|2\n|move|p2a: Grimmsnarl|Spirit Break|p1a: Ogerpon\n|-damage|p1a: Ogerpon|5\/100\n|-unboost|p1a: Ogerpon|spa|1\n|\n|-sideend|p1: BPLD|Reflect\n|upkeep\n|turn|10\n|\n|t:|1700333117\n|switch|p2a: Scizor|Scizor, F|78\/100\n|-damage|p2a: Scizor|66\/100|[from] Stealth Rock\n|move|p1a: Ogerpon|Ivy Cudgel|p2a: Scizor|[anim] Ivy Cudgel Water\n|-damage|p2a: Scizor|10\/100\n|\n|upkeep\n|turn|11\n|\n|t:|1700333129\n|move|p1a: Ogerpon|Ivy Cudgel|p2a: Scizor|[anim] Ivy Cudgel Water\n|-damage|p2a: Scizor|0 fnt\n|faint|p2a: Scizor\n|\n|upkeep\n|c|\u2606Mr. Cip|why didnt i bullet punch?\n|c|\u2606Mr. Cip|good question\n|\n|t:|1700333156\n|switch|p2a: Brambleghast|Brambleghast, M|100\/100\n|-damage|p2a: Brambleghast|88\/100|[from] Stealth Rock\n|turn|12\n|c| NEdgyman|bp is washed\n|\n|t:|1700333167\n|move|p2a: Brambleghast|Shadow Sneak|p1a: Ogerpon\n|-damage|p1a: Ogerpon|0 fnt\n|faint|p1a: Ogerpon\n|\n|-heal|p2a: Brambleghast|94\/100|[from] item: Leftovers\n|upkeep\n|\n|t:|1700333180\n|switch|p1a: Tinkaton|Tinkaton, F|68\/100\n|-damage|p1a: Tinkaton|43\/100|[from] Spikes\n|-ability|p1a: Tinkaton|Mold Breaker\n|turn|13\n|c|\u2606BPLD|crits on both sucked lol\n|c|\u2606Mr. Cip|thats the entire reason im in this situation lmao\n|\n|t:|1700333211\n|move|p2a: Brambleghast|Poltergeist|p1a: Tinkaton\n|-activate|p1a: Tinkaton|move: Poltergeist|Light Clay\n|-damage|p1a: Tinkaton|0 fnt\n|faint|p1a: Tinkaton\n|\n|-heal|p2a: Brambleghast|99\/100|[from] item: Leftovers\n|upkeep\n|\n|t:|1700333222\n|switch|p1a: Zapdos|Zapdos|89\/100\n|turn|14\n|\n|t:|1700333238\n|move|p2a: Brambleghast|Rapid Spin|p1a: Zapdos\n|-damage|p1a: Zapdos|74\/100\n|-boost|p2a: Brambleghast|spe|1\n|-sideend|p2: Mr. Cip|Stealth Rock|[from] move: Rapid Spin|[of] p2a: Brambleghast\n|move|p1a: Zapdos|U-turn|p2a: Brambleghast\n|-damage|p2a: Brambleghast|88\/100\n|\n|t:|1700333243\n|switch|p1a: Dragalge|Dragalge, F|100\/100|[from] U-turn\n|-damage|p1a: Dragalge|76\/100|[from] Spikes\n|\n|-heal|p2a: Brambleghast|94\/100|[from] item: Leftovers\n|upkeep\n|turn|15\n|\n|t:|1700333252\n|move|p2a: Brambleghast|Poltergeist|p1a: Dragalge\n|-activate|p1a: Dragalge|move: Poltergeist|Assault Vest\n|-damage|p1a: Dragalge|35\/100\n|move|p1a: Dragalge|Draco Meteor|p2a: Brambleghast\n|-damage|p2a: Brambleghast|0 fnt\n|-unboost|p1a: Dragalge|spa|2\n|faint|p2a: Brambleghast\n|\n|-sideend|p2: Mr. Cip|Reflect\n|upkeep\n|\n|t:|1700333275\n|switch|p2a: Garchomp|Garchomp, M|100\/100\n|turn|16\n|\n|t:|1700333286\n|move|p2a: Garchomp|Swords Dance|p2a: Garchomp\n|-boost|p2a: Garchomp|atk|2\n|move|p1a: Dragalge|Draco Meteor|p2a: Garchomp\n|-supereffective|p2a: Garchomp\n|-damage|p2a: Garchomp|41\/100\n|-unboost|p1a: Dragalge|spa|2\n|\n|upkeep\n|turn|17\n|\n|t:|1700333297\n|move|p2a: Garchomp|Iron Head|p1a: Dragalge\n|-damage|p1a: Dragalge|0 fnt\n|faint|p1a: Dragalge\n|\n|upkeep\n|\n|t:|1700333301\n|switch|p1a: Zapdos|Zapdos|74\/100\n|turn|18\n|\n|t:|1700333305\n|move|p1a: Zapdos|Roost|p1a: Zapdos\n|-heal|p1a: Zapdos|100\/100\n|-singleturn|p1a: Zapdos|move: Roost\n|move|p2a: Garchomp|Iron Head|p1a: Zapdos\n|-resisted|p1a: Zapdos\n|-damage|p1a: Zapdos|79\/100\n|-status|p2a: Garchomp|par|[from] ability: Static|[of] p1a: Zapdos\n|\n|upkeep\n|turn|19\n|\n|t:|1700333317\n|switch|p2a: Grimmsnarl|Grimmsnarl, M|64\/100\n|move|p1a: Zapdos|Hurricane|p2a: Grimmsnarl|[miss]\n|-miss|p1a: Zapdos|p2a: Grimmsnarl\n|\n|upkeep\n|turn|20\n|\n|t:|1700333332\n|move|p2a: Grimmsnarl|Light Screen|p2a: Grimmsnarl\n|-sidestart|p2: Mr. Cip|move: Light Screen\n|move|p1a: Zapdos|Hurricane|p2a: Grimmsnarl\n|-damage|p2a: Grimmsnarl|48\/100\n|\n|upkeep\n|turn|21\n|c| NEdgyman|Zapdos faster than chomp??\n|\n|t:|1700333339\n|switch|p2a: Oricorio|Oricorio, F, shiny|100\/100\n|move|p1a: Zapdos|Heat Wave|p2a: Oricorio\n|-resisted|p2a: Oricorio\n|-crit|p2a: Oricorio\n|-damage|p2a: Oricorio|76\/100\n|\n|upkeep\n|turn|22\n|c|\u2606Mr. Cip|i dont have a ton of speed invested\n|\n|t:|1700333354\n|-terastallize|p2a: Oricorio|Ground\n|move|p1a: Zapdos|Hurricane|p2a: Oricorio\n|-damage|p2a: Oricorio|48\/100\n|move|p2a: Oricorio|Quiver Dance|p2a: Oricorio\n|-boost|p2a: Oricorio|spa|1\n|-boost|p2a: Oricorio|spd|1\n|-boost|p2a: Oricorio|spe|1\n|\n|upkeep\n|turn|23\n|\n|t:|1700333369\n|move|p2a: Oricorio|Quiver Dance|p2a: Oricorio\n|-boost|p2a: Oricorio|spa|1\n|-boost|p2a: Oricorio|spd|1\n|-boost|p2a: Oricorio|spe|1\n|move|p1a: Zapdos|Hurricane|p2a: Oricorio|[miss]\n|-miss|p1a: Zapdos|p2a: Oricorio\n|\n|upkeep\n|turn|24\n|c|\u2606Mr. Cip|dude im so sorry for this rng\n|c|\u2606BPLD|all good\n|\n|t:|1700333383\n|move|p2a: Oricorio|Air Slash|p1a: Zapdos|[miss]\n|-miss|p2a: Oricorio|p1a: Zapdos\n|move|p1a: Zapdos|Roost|p1a: Zapdos\n|-heal|p1a: Zapdos|100\/100\n|-singleturn|p1a: Zapdos|move: Roost\n|\n|upkeep\n|turn|25\n|\n|t:|1700333390\n|move|p2a: Oricorio|Roost|p2a: Oricorio\n|-heal|p2a: Oricorio|98\/100\n|move|p1a: Zapdos|Hurricane|p2a: Oricorio|[miss]\n|-miss|p1a: Zapdos|p2a: Oricorio\n|\n|upkeep\n|turn|26\n|c| NEdgyman|air slash miss tho\n|c| NEdgyman|wow\n|\n|t:|1700333398\n|move|p2a: Oricorio|Air Slash|p1a: Zapdos\n|-resisted|p1a: Zapdos\n|-damage|p1a: Zapdos|74\/100\n|move|p1a: Zapdos|Hurricane|p2a: Oricorio\n|-damage|p2a: Oricorio|83\/100\n|-start|p2a: Oricorio|confusion\n|\n|upkeep\n|turn|27\n|\n|t:|1700333405\n|-activate|p2a: Oricorio|confusion\n|move|p2a: Oricorio|Air Slash|p1a: Zapdos\n|-resisted|p1a: Zapdos\n|-damage|p1a: Zapdos|51\/100\n|move|p1a: Zapdos|Heat Wave|p2a: Oricorio\n|-damage|p2a: Oricorio|75\/100\n|\n|-sideend|p2: Mr. Cip|move: Light Screen\n|upkeep\n|turn|28\n|\n|t:|1700333417\n|-activate|p2a: Oricorio|confusion\n|move|p2a: Oricorio|Revelation Dance|p1a: Zapdos\n|-immune|p1a: Zapdos\n|move|p1a: Zapdos|Roost|p1a: Zapdos\n|-heal|p1a: Zapdos|100\/100\n|-singleturn|p1a: Zapdos|move: Roost\n|\n|upkeep\n|turn|29\n|c|\u2606Mr. Cip|damn im faster\n|c|\u2606Mr. Cip|dumb girl moment\n|\n|t:|1700333431\n|-activate|p2a: Oricorio|confusion\n|-damage|p2a: Oricorio|70\/100|[from] confusion\n|move|p1a: Zapdos|Heat Wave|p2a: Oricorio\n|-damage|p2a: Oricorio|52\/100\n|\n|upkeep\n|turn|30\n|\n|t:|1700333436\n|-end|p2a: Oricorio|confusion\n|move|p2a: Oricorio|Quiver Dance|p2a: Oricorio\n|-boost|p2a: Oricorio|spa|1\n|-boost|p2a: Oricorio|spd|1\n|-boost|p2a: Oricorio|spe|1\n|move|p1a: Zapdos|Heat Wave|p2a: Oricorio|[miss]\n|-miss|p1a: Zapdos|p2a: Oricorio\n|\n|upkeep\n|turn|31\n|\n|t:|1700333444\n|move|p2a: Oricorio|Roost|p2a: Oricorio\n|-heal|p2a: Oricorio|100\/100\n|move|p1a: Zapdos|Heat Wave|p2a: Oricorio\n|-damage|p2a: Oricorio|87\/100\n|\n|upkeep\n|turn|32\n|\n|t:|1700333450\n|move|p2a: Oricorio|Air Slash|p1a: Zapdos\n|-resisted|p1a: Zapdos\n|-damage|p1a: Zapdos|71\/100\n|move|p1a: Zapdos|Heat Wave|p2a: Oricorio\n|-damage|p2a: Oricorio|74\/100\n|\n|upkeep\n|turn|33\n|\n|t:|1700333455\n|move|p2a: Oricorio|Air Slash|p1a: Zapdos\n|-resisted|p1a: Zapdos\n|-damage|p1a: Zapdos|40\/100\n|move|p1a: Zapdos|Heat Wave|p2a: Oricorio\n|-damage|p2a: Oricorio|59\/100\n|\n|upkeep\n|turn|34\n|\n|t:|1700333461\n|move|p2a: Oricorio|Air Slash|p1a: Zapdos\n|-resisted|p1a: Zapdos\n|-crit|p1a: Zapdos\n|-damage|p1a: Zapdos|0 fnt\n|faint|p1a: Zapdos\n|\n|win|Mr. Cip\n|l| PorygonTheBot\n|c|\u2606Mr. Cip|gg!\n|c| NEdgyman|BP ur washed\n|c|\u2606BPLD|ggs\n|l| NEdgyman\n|c|\u2606Mr. Cip|just wait til next game where he opens me like a fucking clam lmao\n|l|\u2606Mr. Cip\n|j| TheJuicyJake\n|j| Swagadile\n|l| Swagadile\n|l| TheJuicyJake\n|l|\u2606BPLD\n","uploadtime":1700333463,"views":41,"p1id":"bpld","p2id":"mrcip","formatid":"gen9ou","rating":0,"private":0,"password":""}