{"id":"gen9ou-1990731980","p1":"dxeadlydre","p2":"vladimir47","format":"[Gen 9] OU","log":"|j|\u2606dxeadlydre\n|j|\u2606vladimir47\n|t:|1699995670\n|gametype|singles\n|player|p1|dxeadlydre|dulse|1199\n|player|p2|vladimir47|pokekid|1135\n|teamsize|p1|6\n|teamsize|p2|6\n|gen|9\n|tier|[Gen 9] OU\n|rated|\n|rule|Sleep Clause Mod: Limit one foe put to sleep\n|rule|Species Clause: Limit one of each Pok\u00e9mon\n|rule|OHKO Clause: OHKO moves are banned\n|rule|Evasion Items Clause: Evasion items are banned\n|rule|Evasion Moves Clause: Evasion moves are banned\n|rule|Endless Battle Clause: Forcing endless battles is banned\n|rule|HP Percentage Mod: HP is shown in percentages\n|clearpoke\n|poke|p1|Maushold|\n|poke|p1|Ogerpon-Wellspring, F|\n|poke|p1|Clefable, M|\n|poke|p1|Kingambit, F|\n|poke|p1|Gholdengo|\n|poke|p1|Heatran, F|\n|poke|p2|Dragapult, F|\n|poke|p2|Iron Valiant|\n|poke|p2|Hatterene, F|\n|poke|p2|Ceruledge, M|\n|poke|p2|Zapdos|\n|poke|p2|Samurott-Hisui, F|\n|teampreview\n|inactive|Battle timer is ON: inactive players will automatically lose when time's up. (requested by dxeadlydre)\n|\n|t:|1699995698\n|start\n|switch|p1a: Its Ogre|Ogerpon-Wellspring, F|100\/100\n|switch|p2a: Samurott|Samurott-Hisui, F|100\/100\n|turn|1\n|\n|t:|1699995704\n|move|p1a: Its Ogre|Power Whip|p2a: Samurott\n|-supereffective|p2a: Samurott\n|-damage|p2a: Samurott|0 fnt\n|faint|p2a: Samurott\n|\n|upkeep\n|\n|t:|1699995709\n|switch|p2a: Zapdos|Zapdos|100\/100\n|turn|2\n|c|\u2606vladimir47|thats so fake dude\n|c|\u2606dxeadlydre|no sash\n|c|\u2606dxeadlydre|no scarf?\n|\n|t:|1699995739\n|switch|p1a: America|Heatran, F|100\/100\n|move|p2a: Zapdos|Thunderbolt|p1a: America\n|-damage|p1a: America|63\/100\n|-status|p1a: America|par\n|\n|-heal|p1a: America|69\/100 par|[from] item: Leftovers\n|upkeep\n|turn|3\n|c|\u2606vladimir47|nah\n|c|\u2606vladimir47|still\n|c|\u2606vladimir47|broken ass mon bro\n|c|\u2606dxeadlydre|fr\n|c|\u2606vladimir47|i should start using it\n|\n|t:|1699995767\n|move|p2a: Zapdos|Thunderbolt|p1a: America\n|-damage|p1a: America|32\/100 par\n|move|p1a: America|Stealth Rock|p2a: Zapdos\n|-sidestart|p2: vladimir47|move: Stealth Rock\n|\n|-heal|p1a: America|38\/100 par|[from] item: Leftovers\n|upkeep\n|turn|4\n|c|\u2606dxeadlydre|dont use the rock one\n|\n|t:|1699995776\n|move|p2a: Zapdos|Thunderbolt|p1a: America\n|-damage|p1a: America|0 fnt\n|faint|p1a: America\n|\n|upkeep\n|\n|t:|1699995785\n|switch|p1a: Bombs|Maushold|100\/100\n|turn|5\n|c|\u2606vladimir47|yeah wellspring is way better\n|inactive|vladimir47 has 120 seconds left.\n|\n|t:|1699995812\n|switch|p2a: Ceruledge|Ceruledge, M|100\/100\n|-damage|p2a: Ceruledge|76\/100|[from] Stealth Rock\n|move|p1a: Bombs|Population Bomb|p2a: Ceruledge\n|-immune|p2a: Ceruledge\n|\n|upkeep\n|turn|6\n|inactive|vladimir47 has 120 seconds left.\n|\n|t:|1699995829\n|move|p1a: Bombs|Bite|p2a: Ceruledge\n|-supereffective|p2a: Ceruledge\n|-damage|p2a: Ceruledge|8\/100\n|-ability|p2a: Ceruledge|Weak Armor|boost\n|-unboost|p2a: Ceruledge|def|1\n|-boost|p2a: Ceruledge|spe|2\n|move|p2a: Ceruledge|Swords Dance|p2a: Ceruledge\n|-boost|p2a: Ceruledge|atk|2\n|\n|upkeep\n|turn|7\n|inactive|vladimir47 has 120 seconds left.\n|\n|t:|1699995839\n|move|p2a: Ceruledge|Bitter Blade|p1a: Bombs\n|-damage|p1a: Bombs|0 fnt\n|-heal|p2a: Ceruledge|58\/100|[from] drain|[of] p1a: Bombs\n|faint|p1a: Bombs\n|\n|upkeep\n|\n|t:|1699995847\n|switch|p1a: Last Chance|Kingambit, F|100\/100\n|-activate|p1a: Last Chance|ability: Supreme Overlord\n|-start|p1a: Last Chance|fallen2|[silent]\n|turn|8\n|inactive|vladimir47 has 120 seconds left.\n|\n|t:|1699995879\n|move|p2a: Ceruledge|Shadow Sneak|p1a: Last Chance\n|-resisted|p1a: Last Chance\n|-damage|p1a: Last Chance|84\/100\n|move|p1a: Last Chance|Sucker Punch||[still]\n|-fail|p1a: Last Chance\n|\n|upkeep\n|turn|9\n|\n|t:|1699995886\n|move|p1a: Last Chance|Sucker Punch|p2a: Ceruledge\n|-supereffective|p2a: Ceruledge\n|-damage|p2a: Ceruledge|0 fnt\n|faint|p2a: Ceruledge\n|\n|upkeep\n|\n|t:|1699995907\n|switch|p2a: Iron Valiant|Iron Valiant|100\/100\n|-damage|p2a: Iron Valiant|94\/100|[from] Stealth Rock\n|turn|10\n|\n|t:|1699995918\n|-end|p1a: Last Chance|fallen2|[silent]\n|switch|p1a: Ban Me|Gholdengo|100\/100\n|move|p2a: Iron Valiant|Aura Sphere|p1a: Ban Me\n|-immune|p1a: Ban Me\n|\n|upkeep\n|turn|11\n|\n|t:|1699995935\n|-end|p2a: Iron Valiant|Quark Drive|[silent]\n|switch|p2a: Hatterene|Hatterene, F|100\/100\n|-damage|p2a: Hatterene|88\/100|[from] Stealth Rock\n|move|p1a: Ban Me|Nasty Plot|p1a: Ban Me\n|-boost|p1a: Ban Me|spa|2\n|\n|-heal|p2a: Hatterene|94\/100|[from] item: Leftovers\n|upkeep\n|turn|12\n|\n|t:|1699995948\n|move|p1a: Ban Me|Shadow Ball|p2a: Hatterene\n|-supereffective|p2a: Hatterene\n|-damage|p2a: Hatterene|0 fnt\n|faint|p2a: Hatterene\n|\n|upkeep\n|\n|t:|1699995961\n|switch|p2a: Zapdos|Zapdos|100\/100\n|turn|13\n|\n|t:|1699995971\n|move|p2a: Zapdos|Thunderbolt|p1a: Ban Me\n|-damage|p1a: Ban Me|49\/100\n|move|p1a: Ban Me|Shadow Ball|p2a: Zapdos\n|-damage|p2a: Zapdos|17\/100\n|-unboost|p2a: Zapdos|spd|1\n|\n|-heal|p1a: Ban Me|55\/100|[from] item: Leftovers\n|upkeep\n|turn|14\n|\n|t:|1699995980\n|move|p2a: Zapdos|Thunderbolt|p1a: Ban Me\n|-damage|p1a: Ban Me|7\/100\n|move|p1a: Ban Me|Recover|p1a: Ban Me\n|-heal|p1a: Ban Me|57\/100\n|\n|-heal|p1a: Ban Me|63\/100|[from] item: Leftovers\n|upkeep\n|turn|15\n|\n|t:|1699995987\n|move|p2a: Zapdos|Thunderbolt|p1a: Ban Me\n|-damage|p1a: Ban Me|8\/100\n|move|p1a: Ban Me|Shadow Ball|p2a: Zapdos\n|-damage|p2a: Zapdos|0 fnt\n|faint|p2a: Zapdos\n|\n|-heal|p1a: Ban Me|14\/100|[from] item: Leftovers\n|upkeep\n|\n|t:|1699995997\n|switch|p2a: Dragapult|Dragapult, F|100\/100\n|-damage|p2a: Dragapult|88\/100|[from] Stealth Rock\n|turn|16\n|\n|t:|1699996000\n|move|p2a: Dragapult|Sucker Punch|p1a: Ban Me\n|-supereffective|p1a: Ban Me\n|-damage|p1a: Ban Me|0 fnt\n|faint|p1a: Ban Me\n|\n|upkeep\n|\n|t:|1699996004\n|switch|p1a: I Have Wings|Clefable, M|100\/100\n|turn|17\n|\n|t:|1699996008\n|switch|p2a: Iron Valiant|Iron Valiant|94\/100\n|-damage|p2a: Iron Valiant|88\/100|[from] Stealth Rock\n|move|p1a: I Have Wings|Cosmic Power|p1a: I Have Wings\n|-boost|p1a: I Have Wings|def|1\n|-boost|p1a: I Have Wings|spd|1\n|\n|upkeep\n|turn|18\n|inactive|vladimir47 has 120 seconds left.\n|\n|t:|1699996046\n|-terastallize|p2a: Iron Valiant|Steel\n|move|p2a: Iron Valiant|Moonblast|p1a: I Have Wings\n|-damage|p1a: I Have Wings|59\/100\n|move|p1a: I Have Wings|Cosmic Power|p1a: I Have Wings\n|-boost|p1a: I Have Wings|def|1\n|-boost|p1a: I Have Wings|spd|1\n|\n|-heal|p1a: I Have Wings|65\/100|[from] item: Leftovers\n|upkeep\n|turn|19\n|inactive|dxeadlydre has 120 seconds left.\n|\n|t:|1699996078\n|move|p2a: Iron Valiant|Moonblast|p1a: I Have Wings\n|-damage|p1a: I Have Wings|34\/100\n|move|p1a: I Have Wings|Cosmic Power|p1a: I Have Wings\n|-boost|p1a: I Have Wings|def|1\n|-boost|p1a: I Have Wings|spd|1\n|\n|-heal|p1a: I Have Wings|40\/100|[from] item: Leftovers\n|upkeep\n|turn|20\n|\n|t:|1699996084\n|move|p2a: Iron Valiant|Moonblast|p1a: I Have Wings\n|-damage|p1a: I Have Wings|14\/100\n|-unboost|p1a: I Have Wings|spa|1\n|move|p1a: I Have Wings|Moonlight|p1a: I Have Wings\n|-heal|p1a: I Have Wings|64\/100\n|\n|-heal|p1a: I Have Wings|70\/100|[from] item: Leftovers\n|upkeep\n|turn|21\n|inactive|vladimir47 has 120 seconds left.\n|\n|t:|1699996092\n|move|p2a: Iron Valiant|Moonblast|p1a: I Have Wings\n|-damage|p1a: I Have Wings|47\/100\n|move|p1a: I Have Wings|Calm Mind|p1a: I Have Wings\n|-boost|p1a: I Have Wings|spa|1\n|-boost|p1a: I Have Wings|spd|1\n|\n|-heal|p1a: I Have Wings|54\/100|[from] item: Leftovers\n|upkeep\n|turn|22\n|n|!vladimir47|vladimir47\n|inactive|vladimir47 has 120 seconds left.\n|\n|t:|1699996103\n|move|p2a: Iron Valiant|Moonblast|p1a: I Have Wings\n|-crit|p1a: I Have Wings\n|-damage|p1a: I Have Wings|0 fnt\n|faint|p1a: I Have Wings\n|\n|upkeep\n|\n|t:|1699996124\n|switch|p1a: Its Ogre|Ogerpon-Wellspring, F|100\/100\n|turn|23\n|\n|t:|1699996131\n|-terastallize|p1a: Its Ogre|Water\n|detailschange|p1a: Its Ogre|Ogerpon-Wellspring-Tera, F, tera:Water\n|-ability|p1a: Its Ogre|Embody Aspect (Wellspring)|boost\n|-boost|p1a: Its Ogre|spd|1\n|move|p2a: Iron Valiant|Moonblast|p1a: Its Ogre\n|-damage|p1a: Its Ogre|46\/100\n|move|p1a: Its Ogre|Ivy Cudgel|p2a: Iron Valiant|[anim] Ivy Cudgel Water\n|-damage|p2a: Iron Valiant|0 fnt\n|faint|p2a: Iron Valiant\n|-end|p2a: Iron Valiant|Quark Drive|[silent]\n|\n|upkeep\n|\n|t:|1699996141\n|switch|p2a: Dragapult|Dragapult, F|88\/100\n|-damage|p2a: Dragapult|76\/100|[from] Stealth Rock\n|turn|24\n|\n|t:|1699996147\n|move|p2a: Dragapult|Dragon Darts|p1a: Its Ogre\n|-damage|p1a: Its Ogre|0 fnt\n|faint|p1a: Its Ogre\n|\n|upkeep\n|\n|t:|1699996154\n|switch|p1a: Last Chance|Kingambit, F|84\/100\n|-activate|p1a: Last Chance|ability: Supreme Overlord\n|-start|p1a: Last Chance|fallen5|[silent]\n|turn|25\n|\n|t:|1699996159\n|move|p1a: Last Chance|Sucker Punch|p2a: Dragapult\n|-supereffective|p2a: Dragapult\n|-damage|p2a: Dragapult|0 fnt\n|faint|p2a: Dragapult\n|\n|win|dxeadlydre\n|raw|dxeadlydre's rating: 1199 &rarr; <strong>1219<\/strong><br \/>(+20 for winning)\n|raw|vladimir47's rating: 1135 &rarr; <strong>1115<\/strong><br \/>(-20 for losing)\n","uploadtime":1699996099,"views":6,"p1id":"dxeadlydre","p2id":"vladimir47","formatid":"gen9ou","rating":1115,"private":0,"password":""}