{"id":"gen9ou-1989158371","p1":"tzolnows18","p2":"chukypuky","format":"[Gen 9] OU","log":"|j|\u2606tzolnows18\n|j|\u2606chukypuky\n|t:|1699818418\n|gametype|singles\n|player|p1|tzolnows18|alder|1114\n|player|p2|chukypuky|265|1002\n|teamsize|p1|6\n|teamsize|p2|6\n|gen|9\n|tier|[Gen 9] OU\n|rated|\n|rule|Sleep Clause Mod: Limit one foe put to sleep\n|rule|Species Clause: Limit one of each Pok\u00e9mon\n|rule|OHKO Clause: OHKO moves are banned\n|rule|Evasion Items Clause: Evasion items are banned\n|rule|Evasion Moves Clause: Evasion moves are banned\n|rule|Endless Battle Clause: Forcing endless battles is banned\n|rule|HP Percentage Mod: HP is shown in percentages\n|clearpoke\n|poke|p1|Toxapex, M|\n|poke|p1|Volcanion|\n|poke|p1|Garchomp, F|\n|poke|p1|Meowscarada, F|\n|poke|p1|Glastrier|\n|poke|p1|Glimmora, F|\n|poke|p2|Garchomp, M|\n|poke|p2|Typhlosion-Hisui, F|\n|poke|p2|Grimmsnarl, M|\n|poke|p2|Slowking-Galar, F|\n|poke|p2|Rotom-Wash|\n|poke|p2|Iron Valiant|\n|teampreview\n|\n|t:|1699818428\n|start\n|switch|p1a: Garchomp|Garchomp, F|100\/100\n|switch|p2a: Garchomp|Garchomp, M|100\/100\n|turn|1\n|inactive|Battle timer is ON: inactive players will automatically lose when time's up. (requested by tzolnows18)\n|\n|t:|1699818435\n|-terastallize|p1a: Garchomp|Water\n|move|p2a: Garchomp|Stealth Rock|p1a: Garchomp\n|-sidestart|p1: tzolnows18|move: Stealth Rock\n|move|p1a: Garchomp|Swords Dance|p1a: Garchomp\n|-boost|p1a: Garchomp|atk|2\n|\n|upkeep\n|turn|2\n|\n|t:|1699818444\n|move|p1a: Garchomp|Poison Jab|p2a: Garchomp\n|-resisted|p2a: Garchomp\n|-damage|p2a: Garchomp|81\/100\n|-damage|p1a: Garchomp|88\/100|[from] ability: Rough Skin|[of] p2a: Garchomp\n|-damage|p1a: Garchomp|72\/100|[from] item: Rocky Helmet|[of] p2a: Garchomp\n|move|p2a: Garchomp|Dragon Tail|p1a: Garchomp\n|-damage|p1a: Garchomp|52\/100\n|-damage|p2a: Garchomp|69\/100|[from] ability: Rough Skin|[of] p1a: Garchomp\n|-damage|p2a: Garchomp|52\/100|[from] item: Rocky Helmet|[of] p1a: Garchomp\n|drag|p1a: Meowscarada|Meowscarada, F|100\/100\n|-damage|p1a: Meowscarada|88\/100|[from] Stealth Rock\n|\n|upkeep\n|turn|3\n|\n|t:|1699818456\n|move|p1a: Meowscarada|Play Rough|p2a: Garchomp\n|-start|p1a: Meowscarada|typechange|Fairy|[from] ability: Protean\n|-supereffective|p2a: Garchomp\n|-crit|p2a: Garchomp\n|-damage|p2a: Garchomp|0 fnt\n|-damage|p1a: Meowscarada|76\/100|[from] ability: Rough Skin|[of] p2a: Garchomp\n|-damage|p1a: Meowscarada|60\/100|[from] item: Rocky Helmet|[of] p2a: Garchomp\n|faint|p2a: Garchomp\n|\n|upkeep\n|\n|t:|1699818467\n|switch|p2a: Rotom|Rotom-Wash, shiny|100\/100\n|turn|4\n|\n|t:|1699818470\n|move|p1a: Meowscarada|Knock Off|p2a: Rotom\n|-damage|p2a: Rotom|77\/100\n|-enditem|p2a: Rotom|Choice Scarf|[from] move: Knock Off|[of] p1a: Meowscarada\n|move|p2a: Rotom|Trick|p1a: Meowscarada\n|-activate|p2a: Rotom|move: Trick|[of] p1a: Meowscarada\n|-enditem|p1a: Meowscarada|Focus Sash|[silent]|[from] move: Trick\n|-item|p2a: Rotom|Focus Sash|[from] move: Trick\n|\n|upkeep\n|turn|5\n|\n|t:|1699818477\n|move|p1a: Meowscarada|Toxic Spikes|p2a: Rotom\n|-sidestart|p2: chukypuky|move: Toxic Spikes\n|move|p2a: Rotom|Will-O-Wisp|p1a: Meowscarada\n|-status|p1a: Meowscarada|brn\n|\n|-damage|p1a: Meowscarada|53\/100 brn|[from] brn\n|upkeep\n|turn|6\n|\n|t:|1699818483\n|move|p1a: Meowscarada|Toxic Spikes|p2a: Rotom\n|-sidestart|p2: chukypuky|move: Toxic Spikes\n|move|p2a: Rotom|Volt Switch|p1a: Meowscarada\n|-damage|p1a: Meowscarada|16\/100 brn\n|\n|t:|1699818486\n|switch|p2a: Slowking|Slowking-Galar, F|100\/100|[from] Volt Switch\n|-sideend|p2: chukypuky|move: Toxic Spikes|[of] p2a: Slowking\n|\n|-damage|p1a: Meowscarada|10\/100 brn|[from] brn\n|upkeep\n|turn|7\n|\n|t:|1699818497\n|move|p1a: Meowscarada|Knock Off|p2a: Slowking\n|-supereffective|p2a: Slowking\n|-damage|p2a: Slowking|69\/100\n|-enditem|p2a: Slowking|Assault Vest|[from] move: Knock Off|[of] p1a: Meowscarada\n|move|p2a: Slowking|Future Sight|p1a: Meowscarada\n|-start|p2a: Slowking|move: Future Sight\n|\n|-damage|p1a: Meowscarada|4\/100 brn|[from] brn\n|upkeep\n|turn|8\n|\n|t:|1699818506\n|move|p1a: Meowscarada|Flower Trick|p2a: Slowking\n|-resisted|p2a: Slowking\n|-crit|p2a: Slowking\n|-damage|p2a: Slowking|60\/100\n|move|p2a: Slowking|Sludge Bomb|p1a: Meowscarada\n|-supereffective|p1a: Meowscarada\n|-damage|p1a: Meowscarada|0 fnt\n|faint|p1a: Meowscarada\n|\n|upkeep\n|\n|t:|1699818514\n|switch|p1a: Glimmora|Glimmora, F|100\/100\n|-damage|p1a: Glimmora|88\/100|[from] Stealth Rock\n|turn|9\n|\n|t:|1699818520\n|move|p1a: Glimmora|Earth Power|p2a: Slowking\n|-supereffective|p2a: Slowking\n|-crit|p2a: Slowking\n|-damage|p2a: Slowking|10\/100\n|move|p2a: Slowking|Surf|p1a: Glimmora\n|-supereffective|p1a: Glimmora\n|-damage|p1a: Glimmora|43\/100\n|\n|-end|p1a: Glimmora|move: Future Sight\n|-supereffective|p1a: Glimmora\n|-damage|p1a: Glimmora|0 fnt\n|faint|p1a: Glimmora\n|upkeep\n|\n|t:|1699818529\n|switch|p1a: Garchomp|Garchomp, F, tera:Water|52\/100\n|-damage|p1a: Garchomp|40\/100|[from] Stealth Rock\n|turn|10\n|\n|t:|1699818534\n|switch|p2a: Rotom|Rotom-Wash, shiny|77\/100\n|move|p1a: Garchomp|Liquidation|p2a: Rotom\n|-resisted|p2a: Rotom\n|-damage|p2a: Rotom|63\/100\n|-unboost|p2a: Rotom|def|1\n|\n|upkeep\n|turn|11\n|\n|t:|1699818541\n|move|p1a: Garchomp|Poison Jab|p2a: Rotom\n|-damage|p2a: Rotom|34\/100\n|-status|p2a: Rotom|psn\n|move|p2a: Rotom|Volt Switch|p1a: Garchomp\n|-supereffective|p1a: Garchomp\n|-damage|p1a: Garchomp|1\/100\n|\n|t:|1699818550\n|switch|p2a: Slowking|Slowking-Galar, F|44\/100|[from] Volt Switch\n|\n|upkeep\n|turn|12\n|\n|t:|1699818555\n|switch|p2a: Rotom|Rotom-Wash, shiny|34\/100 psn\n|move|p1a: Garchomp|Liquidation|p2a: Rotom\n|-resisted|p2a: Rotom\n|-damage|p2a: Rotom|20\/100 psn\n|\n|-damage|p2a: Rotom|8\/100 psn|[from] psn\n|upkeep\n|turn|13\n|\n|t:|1699818565\n|switch|p1a: Glastrier|Glastrier|100\/100\n|-damage|p1a: Glastrier|76\/100|[from] Stealth Rock\n|move|p2a: Rotom|Volt Switch|p1a: Glastrier\n|-damage|p1a: Glastrier|59\/100\n|\n|t:|1699818581\n|switch|p2a: Iron Valiant|Iron Valiant|100\/100|[from] Volt Switch\n|-enditem|p2a: Iron Valiant|Booster Energy\n|-activate|p2a: Iron Valiant|ability: Quark Drive|[fromitem]\n|-start|p2a: Iron Valiant|quarkdrivespe\n|\n|-heal|p1a: Glastrier|65\/100|[from] item: Leftovers\n|upkeep\n|turn|14\n|\n|t:|1699818589\n|-terastallize|p2a: Iron Valiant|Steel\n|move|p2a: Iron Valiant|Swords Dance|p2a: Iron Valiant\n|-boost|p2a: Iron Valiant|atk|2\n|move|p1a: Glastrier|Icicle Crash|p2a: Iron Valiant\n|-resisted|p2a: Iron Valiant\n|-damage|p2a: Iron Valiant|75\/100\n|\n|-heal|p1a: Glastrier|72\/100|[from] item: Leftovers\n|upkeep\n|turn|15\n|\n|t:|1699818600\n|move|p2a: Iron Valiant|Close Combat|p1a: Glastrier\n|-supereffective|p1a: Glastrier\n|-damage|p1a: Glastrier|0 fnt\n|-unboost|p2a: Iron Valiant|def|1\n|-unboost|p2a: Iron Valiant|spd|1\n|faint|p1a: Glastrier\n|\n|upkeep\n|\n|t:|1699818606\n|switch|p1a: Volcanion|Volcanion|100\/100\n|-damage|p1a: Volcanion|76\/100|[from] Stealth Rock\n|turn|16\n|\n|t:|1699818611\n|move|p2a: Iron Valiant|Close Combat|p1a: Volcanion\n|-damage|p1a: Volcanion|0 fnt\n|-unboost|p2a: Iron Valiant|def|1\n|-unboost|p2a: Iron Valiant|spd|1\n|faint|p1a: Volcanion\n|\n|upkeep\n|-message|tzolnows18 forfeited.\n|\n|win|chukypuky\n|raw|tzolnows18's rating: 1114 &rarr; <strong>1081<\/strong><br \/>(-33 for losing)\n|raw|chukypuky's rating: 1002 &rarr; <strong>1054<\/strong><br \/>(+52 for winning)\n|l|\u2606tzolnows18\n","uploadtime":1699818619,"views":11,"p1id":"tzolnows18","p2id":"chukypuky","formatid":"gen9ou","rating":1054,"private":0,"password":""}