{"id":"gen9ou-1989723463","p1":"mcchickendareal","p2":"mitsuumi","format":"[Gen 9] OU","log":"|j|\u2606mcchickendareal\n|j|\u2606mitsuumi\n|t:|1699890210\n|gametype|singles\n|player|p1|mcchickendareal|kieran|1011\n|player|p2|mitsuumi|backersf|1087\n|teamsize|p1|6\n|teamsize|p2|6\n|gen|9\n|tier|[Gen 9] OU\n|rated|\n|rule|Sleep Clause Mod: Limit one foe put to sleep\n|rule|Species Clause: Limit one of each Pok\u00e9mon\n|rule|OHKO Clause: OHKO moves are banned\n|rule|Evasion Items Clause: Evasion items are banned\n|rule|Evasion Moves Clause: Evasion moves are banned\n|rule|Endless Battle Clause: Forcing endless battles is banned\n|rule|HP Percentage Mod: HP is shown in percentages\n|clearpoke\n|poke|p1|Lokix, M|\n|poke|p1|Torkoal, F|\n|poke|p1|Meowscarada, M|\n|poke|p1|Walking Wake|\n|poke|p1|Ribombee, F|\n|poke|p1|Farigiraf, F|\n|poke|p2|Tinkaton, F|\n|poke|p2|Ceruledge, F|\n|poke|p2|Meowscarada, F|\n|poke|p2|Slither Wing|\n|poke|p2|Goodra, M|\n|poke|p2|Milotic, F|\n|teampreview\n|\n|t:|1699890218\n|start\n|switch|p1a: Torkoal|Torkoal, F|100\/100\n|switch|p2a: Violet|Ceruledge, F|100\/100\n|-weather|SunnyDay|[from] ability: Drought|[of] p1a: Torkoal\n|turn|1\n|\n|t:|1699890228\n|move|p2a: Violet|Swords Dance|p2a: Violet\n|-boost|p2a: Violet|atk|2\n|move|p1a: Torkoal|Shell Smash|p1a: Torkoal\n|-unboost|p1a: Torkoal|def|1\n|-unboost|p1a: Torkoal|spd|1\n|-boost|p1a: Torkoal|atk|2\n|-boost|p1a: Torkoal|spa|2\n|-boost|p1a: Torkoal|spe|2\n|-enditem|p1a: Torkoal|Eject Pack\n|inactive|Battle timer is ON: inactive players will automatically lose when time's up. (requested by mitsuumi)\n|\n|t:|1699890236\n|switch|p1a: Meowscarada|Meowscarada, M|100\/100\n|\n|-weather|SunnyDay|[upkeep]\n|upkeep\n|turn|2\n|\n|t:|1699890245\n|move|p1a: Meowscarada|Copycat|p1a: Meowscarada\n|-start|p1a: Meowscarada|typechange|Normal|[from] ability: Protean\n|move|p1a: Meowscarada|Shell Smash|p1a: Meowscarada|[from]move: Copycat\n|-unboost|p1a: Meowscarada|def|1\n|-unboost|p1a: Meowscarada|spd|1\n|-boost|p1a: Meowscarada|atk|2\n|-boost|p1a: Meowscarada|spa|2\n|-boost|p1a: Meowscarada|spe|2\n|-enditem|p1a: Meowscarada|White Herb\n|-clearnegativeboost|p1a: Meowscarada|[silent]\n|move|p2a: Violet|Bitter Blade|p1a: Meowscarada\n|-damage|p1a: Meowscarada|0 fnt\n|faint|p1a: Meowscarada\n|\n|-weather|SunnyDay|[upkeep]\n|upkeep\n|\n|t:|1699890257\n|switch|p1a: Ribombee|Ribombee, F|100\/100\n|turn|3\n|\n|t:|1699890260\n|move|p1a: Ribombee|Sticky Web|p2a: Violet\n|-sidestart|p2: mitsuumi|move: Sticky Web\n|move|p2a: Violet|Bitter Blade|p1a: Ribombee\n|-supereffective|p1a: Ribombee\n|-enditem|p1a: Ribombee|Focus Sash\n|-damage|p1a: Ribombee|1\/100\n|\n|-weather|SunnyDay|[upkeep]\n|upkeep\n|turn|4\n|\n|t:|1699890269\n|move|p1a: Ribombee|Stun Spore|p2a: Violet\n|-status|p2a: Violet|par\n|cant|p2a: Violet|par\n|\n|-weather|SunnyDay|[upkeep]\n|upkeep\n|turn|5\n|\n|t:|1699890275\n|move|p1a: Ribombee|Moonblast|p2a: Violet\n|-resisted|p2a: Violet\n|-damage|p2a: Violet|85\/100 par\n|-unboost|p2a: Violet|spa|1\n|move|p2a: Violet|Bitter Blade|p1a: Ribombee\n|-supereffective|p1a: Ribombee\n|-crit|p1a: Ribombee\n|-damage|p1a: Ribombee|0 fnt\n|-heal|p2a: Violet|86\/100 par|[from] drain|[of] p1a: Ribombee\n|faint|p1a: Ribombee\n|\n|-weather|none\n|upkeep\n|\n|t:|1699890284\n|switch|p1a: Torkoal|Torkoal, F|100\/100\n|-weather|SunnyDay|[from] ability: Drought|[of] p1a: Torkoal\n|turn|6\n|\n|t:|1699890299\n|switch|p1a: Walking Wake|Walking Wake|100\/100\n|-activate|p1a: Walking Wake|ability: Protosynthesis\n|-start|p1a: Walking Wake|protosynthesisspa\n|move|p2a: Violet|Poltergeist|p1a: Walking Wake\n|-activate|p1a: Walking Wake|move: Poltergeist|Choice Specs\n|-damage|p1a: Walking Wake|0 fnt\n|faint|p1a: Walking Wake\n|-end|p1a: Walking Wake|Protosynthesis|[silent]\n|\n|-weather|SunnyDay|[upkeep]\n|upkeep\n|\n|t:|1699890308\n|switch|p1a: Lokix|Lokix, M|100\/100\n|turn|7\n|\n|t:|1699890312\n|-terastallize|p1a: Lokix|Bug\n|move|p1a: Lokix|First Impression|p2a: Violet\n|-resisted|p2a: Violet\n|-damage|p2a: Violet|34\/100 par\n|move|p2a: Violet|Bitter Blade|p1a: Lokix\n|-supereffective|p1a: Lokix\n|-damage|p1a: Lokix|0 fnt\n|-heal|p2a: Violet|82\/100 par|[from] drain|[of] p1a: Lokix\n|faint|p1a: Lokix\n|\n|-weather|SunnyDay|[upkeep]\n|upkeep\n|-message|mcchickendareal forfeited.\n|\n|win|mitsuumi\n|raw|mcchickendareal's rating: 1011 &rarr; <strong>1002<\/strong><br \/>(-9 for losing)\n|raw|mitsuumi's rating: 1087 &rarr; <strong>1108<\/strong><br \/>(+21 for winning)\n|l|\u2606mcchickendareal\n","uploadtime":1699890326,"views":32,"p1id":"mcchickendareal","p2id":"mitsuumi","formatid":"gen9ou","rating":1002,"private":0,"password":""}