{"id":"gen9ou-1990589192","p1":"Philosophy96","p2":"Judgieiscool","format":"[Gen 9] OU","log":"|j|\u2606Philosophy96\n|j|\u203dJudgieiscool\n|t:|1699983817\n|gametype|singles\n|player|p1|Philosophy96|2|1251\n|player|p2|Judgieiscool|volkner|1234\n|teamsize|p1|6\n|teamsize|p2|6\n|gen|9\n|tier|[Gen 9] OU\n|rated|\n|rule|Sleep Clause Mod: Limit one foe put to sleep\n|rule|Species Clause: Limit one of each Pok\u00e9mon\n|rule|OHKO Clause: OHKO moves are banned\n|rule|Evasion Items Clause: Evasion items are banned\n|rule|Evasion Moves Clause: Evasion moves are banned\n|rule|Endless Battle Clause: Forcing endless battles is banned\n|rule|HP Percentage Mod: HP is shown in percentages\n|clearpoke\n|poke|p1|Gholdengo|\n|poke|p1|Zapdos|\n|poke|p1|Toxapex, M|\n|poke|p1|Ninetales-Alola, F|\n|poke|p1|Dragonite, F|\n|poke|p1|Great Tusk|\n|poke|p2|Toxapex, M|\n|poke|p2|Iron Valiant|\n|poke|p2|Zapdos|\n|poke|p2|Iron Moth|\n|poke|p2|Dragapult, M|\n|poke|p2|Goodra-Hisui, M|\n|teampreview\n|inactive|Battle timer is ON: inactive players will automatically lose when time's up. (requested by Judgieiscool)\n|\n|t:|1699983828\n|start\n|switch|p1a: Great Tusk|Great Tusk|100\/100\n|switch|p2a: Goodra|Goodra-Hisui, M|100\/100\n|turn|1\n|\n|t:|1699983836\n|switch|p2a: Zapdos|Zapdos|100\/100\n|move|p1a: Great Tusk|Earthquake|p2a: Zapdos\n|-immune|p2a: Zapdos\n|\n|upkeep\n|turn|2\n|\n|t:|1699983842\n|-end|p1a: Great Tusk|Protosynthesis|[silent]\n|switch|p1a: Gholdengo|Gholdengo|100\/100\n|move|p2a: Zapdos|Hurricane|p1a: Gholdengo\n|-resisted|p1a: Gholdengo\n|-damage|p1a: Gholdengo|68\/100\n|\n|-heal|p1a: Gholdengo|75\/100|[from] item: Leftovers\n|upkeep\n|turn|3\n|\n|t:|1699983852\n|move|p1a: Gholdengo|Shadow Ball|p2a: Zapdos\n|-damage|p2a: Zapdos|68\/100\n|move|p2a: Zapdos|Volt Switch|p1a: Gholdengo\n|-damage|p1a: Gholdengo|37\/100\n|\n|t:|1699983859\n|switch|p2a: Goodra|Goodra-Hisui, M|100\/100|[from] Volt Switch\n|\n|-heal|p1a: Gholdengo|43\/100|[from] item: Leftovers\n|upkeep\n|turn|4\n|\n|t:|1699983865\n|switch|p1a: Great Tusk|Great Tusk|100\/100\n|move|p2a: Goodra|Earthquake|p1a: Great Tusk\n|-damage|p1a: Great Tusk|79\/100\n|\n|upkeep\n|turn|5\n|\n|t:|1699983873\n|switch|p2a: Toxapex|Toxapex, M|100\/100\n|move|p1a: Great Tusk|Ice Spinner|p2a: Toxapex\n|-resisted|p2a: Toxapex\n|-damage|p2a: Toxapex|93\/100\n|\n|-heal|p2a: Toxapex|99\/100|[from] item: Leftovers\n|upkeep\n|turn|6\n|\n|t:|1699983882\n|-end|p1a: Great Tusk|Protosynthesis|[silent]\n|switch|p1a: Gholdengo|Gholdengo|43\/100\n|move|p2a: Toxapex|Toxic|p1a: Gholdengo\n|-immune|p1a: Gholdengo|[from] ability: Good as Gold\n|\n|-heal|p1a: Gholdengo|49\/100|[from] item: Leftovers\n|-heal|p2a: Toxapex|100\/100|[from] item: Leftovers\n|upkeep\n|turn|7\n|\n|t:|1699983891\n|switch|p2a: Goodra|Goodra-Hisui, M|100\/100\n|move|p1a: Gholdengo|Shadow Ball|p2a: Goodra\n|-damage|p2a: Goodra|85\/100\n|\n|-heal|p1a: Gholdengo|56\/100|[from] item: Leftovers\n|upkeep\n|turn|8\n|\n|t:|1699983900\n|switch|p1a: Great Tusk|Great Tusk|79\/100\n|move|p2a: Goodra|Ice Spinner|p1a: Great Tusk\n|-supereffective|p1a: Great Tusk\n|-damage|p1a: Great Tusk|46\/100\n|\n|upkeep\n|turn|9\n|\n|t:|1699983910\n|switch|p2a: Zapdos|Zapdos|68\/100\n|move|p1a: Great Tusk|Earthquake|p2a: Zapdos\n|-immune|p2a: Zapdos\n|\n|upkeep\n|turn|10\n|\n|t:|1699983916\n|-end|p1a: Great Tusk|Protosynthesis|[silent]\n|switch|p1a: Zapdos|Zapdos|100\/100\n|move|p2a: Zapdos|Hurricane|p1a: Zapdos\n|-resisted|p1a: Zapdos\n|-damage|p1a: Zapdos|64\/100\n|\n|upkeep\n|turn|11\n|\n|t:|1699983924\n|move|p1a: Zapdos|Thunderbolt|p2a: Zapdos\n|-damage|p2a: Zapdos|21\/100\n|move|p2a: Zapdos|Volt Switch|p1a: Zapdos\n|-damage|p1a: Zapdos|19\/100\n|\n|t:|1699983933\n|switch|p2a: Iron Valiant|Iron Valiant|100\/100|[from] Volt Switch\n|\n|upkeep\n|turn|12\n|\n|t:|1699983939\n|switch|p1a: Toxapex|Toxapex, M|100\/100\n|move|p2a: Iron Valiant|Moonblast|p1a: Toxapex\n|-resisted|p1a: Toxapex\n|-damage|p1a: Toxapex|73\/100\n|\n|-heal|p1a: Toxapex|79\/100|[from] item: Leftovers\n|upkeep\n|turn|13\n|\n|t:|1699983949\n|-end|p2a: Iron Valiant|Quark Drive|[silent]\n|switch|p2a: Goodra|Goodra-Hisui, M|85\/100\n|move|p1a: Toxapex|Toxic|p2a: Goodra\n|-immune|p2a: Goodra\n|\n|-heal|p1a: Toxapex|85\/100|[from] item: Leftovers\n|upkeep\n|turn|14\n|\n|t:|1699983964\n|switch|p1a: Ninetales|Ninetales-Alola, F|100\/100\n|-weather|Snow|[from] ability: Snow Warning|[of] p1a: Ninetales\n|move|p2a: Goodra|Dragon Tail|p1a: Ninetales\n|-immune|p1a: Ninetales\n|\n|-weather|Snow|[upkeep]\n|upkeep\n|turn|15\n|\n|t:|1699983973\n|move|p1a: Ninetales|Aurora Veil|p1a: Ninetales\n|-sidestart|p1: Philosophy96|move: Aurora Veil\n|move|p2a: Goodra|Heavy Slam|p1a: Ninetales\n|-supereffective|p1a: Ninetales\n|-damage|p1a: Ninetales|0 fnt\n|faint|p1a: Ninetales\n|\n|-weather|Snow|[upkeep]\n|upkeep\n|\n|t:|1699983990\n|switch|p1a: Great Tusk|Great Tusk|46\/100\n|turn|16\n|\n|t:|1699983995\n|move|p1a: Great Tusk|Rapid Spin|p2a: Goodra\n|-resisted|p2a: Goodra\n|-damage|p2a: Goodra|79\/100\n|-boost|p1a: Great Tusk|spe|1\n|-ability|p2a: Goodra|Gooey\n|-unboost|p1a: Great Tusk|spe|1\n|move|p2a: Goodra|Dragon Tail|p1a: Great Tusk\n|-damage|p1a: Great Tusk|36\/100\n|-end|p1a: Great Tusk|Protosynthesis|[silent]\n|drag|p1a: Zapdos|Zapdos|19\/100\n|\n|-weather|Snow|[upkeep]\n|upkeep\n|turn|17\n|\n|t:|1699984007\n|switch|p1a: Toxapex|Toxapex, M|100\/100\n|move|p2a: Goodra|Ice Spinner|p1a: Toxapex\n|-resisted|p1a: Toxapex\n|-damage|p1a: Toxapex|97\/100\n|\n|-weather|Snow|[upkeep]\n|-heal|p1a: Toxapex|100\/100|[from] item: Leftovers\n|upkeep\n|turn|18\n|\n|t:|1699984016\n|switch|p1a: Great Tusk|Great Tusk|36\/100\n|move|p2a: Goodra|Dragon Tail|p1a: Great Tusk\n|-damage|p1a: Great Tusk|28\/100\n|-end|p1a: Great Tusk|Protosynthesis|[silent]\n|drag|p1a: Zapdos|Zapdos|19\/100\n|\n|-weather|none\n|upkeep\n|turn|19\n|\n|t:|1699984024\n|move|p1a: Zapdos|Hurricane|p2a: Goodra\n|-resisted|p2a: Goodra\n|-damage|p2a: Goodra|66\/100\n|-start|p2a: Goodra|confusion\n|-activate|p2a: Goodra|confusion\n|move|p2a: Goodra|Heavy Slam|p1a: Zapdos\n|-resisted|p1a: Zapdos\n|-damage|p1a: Zapdos|2\/100\n|\n|upkeep\n|turn|20\n|\n|t:|1699984033\n|switch|p1a: Great Tusk|Great Tusk|28\/100\n|-activate|p2a: Goodra|confusion\n|move|p2a: Goodra|Dragon Tail|p1a: Great Tusk|[miss]\n|-miss|p2a: Goodra|p1a: Great Tusk\n|\n|upkeep\n|turn|21\n|\n|t:|1699984041\n|switch|p2a: Zapdos|Zapdos|21\/100\n|move|p1a: Great Tusk|Earthquake|p2a: Zapdos\n|-immune|p2a: Zapdos\n|\n|upkeep\n|turn|22\n|\n|t:|1699984047\n|move|p1a: Great Tusk|Ice Spinner|p2a: Zapdos\n|-supereffective|p2a: Zapdos\n|-damage|p2a: Zapdos|0 fnt\n|faint|p2a: Zapdos\n|\n|-sideend|p1: Philosophy96|move: Aurora Veil\n|upkeep\n|\n|t:|1699984064\n|switch|p2a: Dragapult|Dragapult, M|100\/100\n|turn|23\n|\n|t:|1699984067\n|-end|p1a: Great Tusk|Protosynthesis|[silent]\n|switch|p1a: Toxapex|Toxapex, M|100\/100\n|move|p2a: Dragapult|Dragon Darts|p1a: Toxapex\n|-damage|p1a: Toxapex|82\/100\n|-anim|p2a: Dragapult|Dragon Darts|p1a: Toxapex\n|-damage|p1a: Toxapex|63\/100\n|-damage|p2a: Dragapult|91\/100|[from] item: Life Orb\n|\n|-heal|p1a: Toxapex|70\/100|[from] item: Leftovers\n|upkeep\n|turn|24\n|\n|t:|1699984080\n|switch|p1a: Great Tusk|Great Tusk|28\/100\n|move|p2a: Dragapult|U-turn|p1a: Great Tusk\n|-resisted|p1a: Great Tusk\n|-damage|p1a: Great Tusk|17\/100\n|-damage|p2a: Dragapult|81\/100|[from] item: Life Orb\n|\n|t:|1699984086\n|switch|p2a: Iron Valiant|Iron Valiant|100\/100|[from] U-turn\n|\n|upkeep\n|turn|25\n|\n|t:|1699984091\n|-end|p1a: Great Tusk|Protosynthesis|[silent]\n|switch|p1a: Toxapex|Toxapex, M|100\/100\n|move|p2a: Iron Valiant|Thunderbolt|p1a: Toxapex\n|-supereffective|p1a: Toxapex\n|-damage|p1a: Toxapex|30\/100\n|\n|-heal|p1a: Toxapex|36\/100|[from] item: Leftovers\n|upkeep\n|turn|26\n|\n|t:|1699984100\n|-end|p2a: Iron Valiant|Quark Drive|[silent]\n|switch|p2a: Dragapult|Dragapult, M|81\/100\n|switch|p1a: Great Tusk|Great Tusk|17\/100\n|\n|upkeep\n|turn|27\n|\n|t:|1699984107\n|move|p2a: Dragapult|Dragon Darts|p1a: Great Tusk\n|-damage|p1a: Great Tusk|0 fnt\n|faint|p1a: Great Tusk\n|-end|p1a: Great Tusk|Protosynthesis|[silent]\n|-damage|p2a: Dragapult|71\/100|[from] item: Life Orb\n|\n|upkeep\n|\n|t:|1699984121\n|switch|p1a: Toxapex|Toxapex, M|70\/100\n|turn|28\n|\n|t:|1699984125\n|move|p2a: Dragapult|U-turn|p1a: Toxapex\n|-resisted|p1a: Toxapex\n|-damage|p1a: Toxapex|60\/100\n|-damage|p2a: Dragapult|61\/100|[from] item: Life Orb\n|\n|t:|1699984133\n|switch|p2a: Iron Moth|Iron Moth|100\/100|[from] U-turn\n|-enditem|p2a: Iron Moth|Booster Energy\n|-activate|p2a: Iron Moth|ability: Quark Drive|[fromitem]\n|-start|p2a: Iron Moth|quarkdrivespa\n|move|p1a: Toxapex|Toxic|p2a: Iron Moth\n|-immune|p2a: Iron Moth\n|\n|-heal|p1a: Toxapex|66\/100|[from] item: Leftovers\n|upkeep\n|turn|29\n|-message|Philosophy96 forfeited.\n|\n|win|Judgieiscool\n|raw|Philosophy96's rating: 1251 &rarr; <strong>1225<\/strong><br \/>(-26 for losing)\n|raw|Judgieiscool's rating: 1234 &rarr; <strong>1260<\/strong><br \/>(+26 for winning)\n|l|\u2606Philosophy96\n","uploadtime":1699984154,"views":11,"p1id":"philosophy96","p2id":"judgieiscool","formatid":"gen9ou","rating":1225,"private":0,"password":""}