{"id":"gen9ou-1988811889","p1":"SDK04","p2":"G1 Forever","format":"[Gen 9] OU","log":"|j|\u2606SDK04\n|j|\u2606G1 Forever\n|t:|1699766715\n|gametype|singles\n|player|p1|SDK04|unknown|1619\n|player|p2|G1 Forever|unknown|1562\n|teamsize|p1|6\n|teamsize|p2|6\n|gen|9\n|tier|[Gen 9] OU\n|rated|\n|rule|Sleep Clause Mod: Limit one foe put to sleep\n|rule|Species Clause: Limit one of each Pok\u00e9mon\n|rule|OHKO Clause: OHKO moves are banned\n|rule|Evasion Items Clause: Evasion items are banned\n|rule|Evasion Moves Clause: Evasion moves are banned\n|rule|Endless Battle Clause: Forcing endless battles is banned\n|rule|HP Percentage Mod: HP is shown in percentages\n|clearpoke\n|poke|p1|Ninetales-Alola, M|\n|poke|p1|Ogerpon-Wellspring, F|\n|poke|p1|Kingambit, M|\n|poke|p1|Iron Valiant|\n|poke|p1|Gholdengo|\n|poke|p1|Hydreigon, F|\n|poke|p2|Sneasler, F|\n|poke|p2|Skeledirge, M|\n|poke|p2|Gliscor, F|\n|poke|p2|Great Tusk|\n|poke|p2|Empoleon, F|\n|poke|p2|Tornadus-Therian, M|\n|teampreview\n|\n|t:|1699766718\n|start\n|switch|p1a: cool window|Ninetales-Alola, M|100\/100\n|switch|p2a: Sneasler|Sneasler, F|100\/100\n|-weather|Snow|[from] ability: Snow Warning|[of] p1a: cool window\n|turn|1\n|inactive|Battle timer is ON: inactive players will automatically lose when time's up. (requested by SDK04)\n|\n|t:|1699766724\n|move|p2a: Sneasler|Fake Out|p1a: cool window\n|-damage|p1a: cool window|88\/100\n|cant|p1a: cool window|flinch\n|\n|-weather|Snow|[upkeep]\n|upkeep\n|turn|2\n|\n|t:|1699766729\n|move|p2a: Sneasler|Dire Claw|p1a: cool window\n|-supereffective|p1a: cool window\n|-damage|p1a: cool window|20\/100\n|move|p1a: cool window|Aurora Veil|p1a: cool window\n|-sidestart|p1: SDK04|move: Aurora Veil\n|\n|-weather|Snow|[upkeep]\n|upkeep\n|turn|3\n|\n|t:|1699766737\n|move|p2a: Sneasler|U-turn|p1a: cool window\n|-resisted|p1a: cool window\n|-damage|p1a: cool window|15\/100\n|-status|p1a: cool window|psn|[from] ability: Poison Touch|[of] p2a: Sneasler\n|\n|t:|1699766744\n|switch|p2a: Empoleon|Empoleon, F|100\/100|[from] U-turn\n|move|p1a: cool window|Freeze-Dry|p2a: Empoleon\n|-damage|p2a: Empoleon|87\/100\n|\n|-weather|Snow|[upkeep]\n|-damage|p1a: cool window|2\/100 psn|[from] psn\n|upkeep\n|turn|4\n|\n|t:|1699766754\n|move|p1a: cool window|Aurora Veil||[still]\n|-fail|p1a: cool window\n|move|p2a: Empoleon|Stealth Rock|p1a: cool window\n|-sidestart|p1: SDK04|move: Stealth Rock\n|\n|-weather|Snow|[upkeep]\n|-damage|p1a: cool window|0 fnt|[from] psn\n|faint|p1a: cool window\n|upkeep\n|\n|t:|1699766756\n|switch|p1a: The Slonch|Hydreigon, F|100\/100\n|-damage|p1a: The Slonch|88\/100|[from] Stealth Rock\n|turn|5\n|\n|t:|1699766764\n|move|p1a: The Slonch|Dragon Dance|p1a: The Slonch\n|-boost|p1a: The Slonch|atk|1\n|-boost|p1a: The Slonch|spe|1\n|move|p2a: Empoleon|Ice Beam|p1a: The Slonch\n|-supereffective|p1a: The Slonch\n|-damage|p1a: The Slonch|65\/100\n|\n|-weather|none\n|-heal|p1a: The Slonch|71\/100|[from] item: Leftovers\n|upkeep\n|turn|6\n|\n|t:|1699766771\n|move|p1a: The Slonch|Dragon Dance|p1a: The Slonch\n|-boost|p1a: The Slonch|atk|1\n|-boost|p1a: The Slonch|spe|1\n|move|p2a: Empoleon|Ice Beam|p1a: The Slonch\n|-supereffective|p1a: The Slonch\n|-damage|p1a: The Slonch|45\/100\n|\n|-heal|p1a: The Slonch|51\/100|[from] item: Leftovers\n|upkeep\n|turn|7\n|\n|t:|1699766778\n|move|p1a: The Slonch|Crunch|p2a: Empoleon\n|-damage|p2a: Empoleon|12\/100\n|move|p2a: Empoleon|Ice Beam|p1a: The Slonch\n|-supereffective|p1a: The Slonch\n|-damage|p1a: The Slonch|26\/100\n|\n|-heal|p1a: The Slonch|32\/100|[from] item: Leftovers\n|upkeep\n|turn|8\n|\n|t:|1699766785\n|move|p1a: The Slonch|Crunch|p2a: Empoleon\n|-damage|p2a: Empoleon|0 fnt\n|faint|p2a: Empoleon\n|\n|-heal|p1a: The Slonch|38\/100|[from] item: Leftovers\n|upkeep\n|\n|t:|1699766790\n|switch|p2a: Skeledirge|Skeledirge, M|100\/100\n|turn|9\n|\n|t:|1699766793\n|-terastallize|p2a: Skeledirge|Fairy\n|move|p1a: The Slonch|Taunt|p2a: Skeledirge\n|-start|p2a: Skeledirge|move: Taunt\n|cant|p2a: Skeledirge|move: Taunt|Will-O-Wisp\n|\n|-heal|p1a: The Slonch|44\/100|[from] item: Leftovers\n|-sideend|p1: SDK04|move: Aurora Veil\n|upkeep\n|turn|10\n|\n|t:|1699766814\n|switch|p1a: \u201cI win\u201d button|Ogerpon-Wellspring, F|100\/100\n|-damage|p1a: \u201cI win\u201d button|88\/100|[from] Stealth Rock\n|move|p2a: Skeledirge|Torch Song|p1a: \u201cI win\u201d button\n|-damage|p1a: \u201cI win\u201d button|56\/100\n|-boost|p2a: Skeledirge|spa|1\n|\n|upkeep\n|turn|11\n|\n|t:|1699766834\n|move|p1a: \u201cI win\u201d button|Power Whip|p2a: Skeledirge\n|-damage|p2a: Skeledirge|41\/100\n|move|p2a: Skeledirge|Torch Song|p1a: \u201cI win\u201d button\n|-damage|p1a: \u201cI win\u201d button|8\/100\n|-boost|p2a: Skeledirge|spa|1\n|\n|-end|p2a: Skeledirge|move: Taunt\n|upkeep\n|turn|12\n|\n|t:|1699766843\n|move|p1a: \u201cI win\u201d button|Power Whip|p2a: Skeledirge\n|-damage|p2a: Skeledirge|0 fnt\n|faint|p2a: Skeledirge\n|\n|upkeep\n|\n|t:|1699766848\n|switch|p2a: Sneasler|Sneasler, F|100\/100\n|turn|13\n|\n|t:|1699766854\n|switch|p1a: Galladevoir|Iron Valiant|100\/100\n|-damage|p1a: Galladevoir|94\/100|[from] Stealth Rock\n|-enditem|p1a: Galladevoir|Booster Energy\n|-activate|p1a: Galladevoir|ability: Quark Drive|[fromitem]\n|-start|p1a: Galladevoir|quarkdrivespe\n|move|p2a: Sneasler|Fake Out|p1a: Galladevoir\n|-damage|p1a: Galladevoir|77\/100\n|\n|upkeep\n|turn|14\n|\n|t:|1699766863\n|switch|p2a: Tornadus|Tornadus-Therian, M|100\/100\n|move|p1a: Galladevoir|Calm Mind|p1a: Galladevoir\n|-boost|p1a: Galladevoir|spa|1\n|-boost|p1a: Galladevoir|spd|1\n|\n|upkeep\n|turn|15\n|\n|t:|1699766868\n|-terastallize|p1a: Galladevoir|Electric\n|move|p1a: Galladevoir|Calm Mind|p1a: Galladevoir\n|-boost|p1a: Galladevoir|spa|1\n|-boost|p1a: Galladevoir|spd|1\n|move|p2a: Tornadus|Hurricane|p1a: Galladevoir\n|-resisted|p1a: Galladevoir\n|-damage|p1a: Galladevoir|60\/100\n|-start|p1a: Galladevoir|confusion\n|\n|upkeep\n|turn|16\n|\n|t:|1699766880\n|-activate|p1a: Galladevoir|confusion\n|move|p1a: Galladevoir|Calm Mind|p1a: Galladevoir\n|-boost|p1a: Galladevoir|spa|1\n|-boost|p1a: Galladevoir|spd|1\n|move|p2a: Tornadus|Knock Off|p1a: Galladevoir\n|-damage|p1a: Galladevoir|44\/100\n|\n|upkeep\n|turn|17\n|\n|t:|1699766885\n|-activate|p1a: Galladevoir|confusion\n|move|p1a: Galladevoir|Moonblast|p2a: Tornadus\n|-damage|p2a: Tornadus|23\/100\n|move|p2a: Tornadus|U-turn|p1a: Galladevoir\n|-damage|p1a: Galladevoir|25\/100\n|\n|t:|1699766892\n|switch|p2a: Sneasler|Sneasler, F|100\/100|[from] U-turn\n|\n|upkeep\n|turn|18\n|c|\u2606SDK04|How bulky is it\n|c|\u2606SDK04|damn\n|\n|t:|1699766900\n|move|p2a: Sneasler|Fake Out|p1a: Galladevoir\n|-damage|p1a: Galladevoir|6\/100\n|cant|p1a: Galladevoir|flinch\n|\n|upkeep\n|turn|19\n|c|\u2606G1 Forever|your's too...\n|\n|t:|1699766919\n|switch|p2a: Tornadus|Tornadus-Therian, M|57\/100\n|-activate|p1a: Galladevoir|confusion\n|move|p1a: Galladevoir|Moonblast|p2a: Tornadus\n|-damage|p2a: Tornadus|0 fnt\n|faint|p2a: Tornadus\n|\n|upkeep\n|c|\u2606SDK04|Assault Vest?\n|c|\u2606G1 Forever|yep\n|\n|t:|1699766930\n|switch|p2a: Sneasler|Sneasler, F|100\/100\n|turn|20\n|\n|t:|1699766933\n|move|p2a: Sneasler|Fake Out|p1a: Galladevoir\n|-damage|p1a: Galladevoir|0 fnt\n|faint|p1a: Galladevoir\n|-end|p1a: Galladevoir|Quark Drive|[silent]\n|\n|upkeep\n|\n|t:|1699766936\n|switch|p1a: \u201cI win\u201d button|Ogerpon-Wellspring, F|8\/100\n|-damage|p1a: \u201cI win\u201d button|0 fnt|[from] Stealth Rock\n|faint|p1a: \u201cI win\u201d button\n|\n|t:|1699766939\n|switch|p1a: Malicious Charity|Gholdengo|100\/100\n|-damage|p1a: Malicious Charity|94\/100|[from] Stealth Rock\n|-item|p1a: Malicious Charity|Air Balloon\n|turn|21\n|\n|t:|1699766948\n|move|p2a: Sneasler|U-turn|p1a: Malicious Charity\n|-resisted|p1a: Malicious Charity\n|-damage|p1a: Malicious Charity|88\/100\n|-enditem|p1a: Malicious Charity|Air Balloon\n|\n|t:|1699766960\n|switch|p2a: Great Tusk|Great Tusk|100\/100|[from] U-turn\n|move|p1a: Malicious Charity|Nasty Plot|p1a: Malicious Charity\n|-boost|p1a: Malicious Charity|spa|2\n|\n|upkeep\n|turn|22\n|\n|t:|1699766967\n|move|p1a: Malicious Charity|Dazzling Gleam|p2a: Great Tusk\n|-supereffective|p2a: Great Tusk\n|-crit|p2a: Great Tusk\n|-damage|p2a: Great Tusk|0 fnt\n|faint|p2a: Great Tusk\n|-end|p2a: Great Tusk|Protosynthesis|[silent]\n|\n|upkeep\n|\n|t:|1699766974\n|switch|p2a: Gliscor|Gliscor, F|100\/100\n|turn|23\n|\n|t:|1699766978\n|switch|p1a: The Slonch|Hydreigon, F|44\/100\n|-damage|p1a: The Slonch|32\/100|[from] Stealth Rock\n|move|p2a: Gliscor|Earthquake|p1a: The Slonch\n|-immune|p1a: The Slonch|[from] ability: Levitate\n|\n|-heal|p1a: The Slonch|38\/100|[from] item: Leftovers\n|-status|p2a: Gliscor|tox|[from] item: Toxic Orb\n|upkeep\n|turn|24\n|\n|t:|1699766987\n|switch|p2a: Sneasler|Sneasler, F|100\/100\n|move|p1a: The Slonch|Dragon Dance|p1a: The Slonch\n|-boost|p1a: The Slonch|atk|1\n|-boost|p1a: The Slonch|spe|1\n|\n|-heal|p1a: The Slonch|44\/100|[from] item: Leftovers\n|upkeep\n|turn|25\n|\n|t:|1699766993\n|move|p2a: Sneasler|Fake Out|p1a: The Slonch\n|-damage|p1a: The Slonch|29\/100\n|-status|p1a: The Slonch|psn|[from] ability: Poison Touch|[of] p2a: Sneasler\n|cant|p1a: The Slonch|flinch\n|\n|-heal|p1a: The Slonch|35\/100 psn|[from] item: Leftovers\n|-damage|p1a: The Slonch|23\/100 psn|[from] psn\n|upkeep\n|turn|26\n|\n|t:|1699767005\n|move|p1a: The Slonch|Dual Wingbeat|p2a: Sneasler\n|-supereffective|p2a: Sneasler\n|-damage|p2a: Sneasler|30\/100\n|-supereffective|p2a: Sneasler\n|-damage|p2a: Sneasler|0 fnt\n|faint|p2a: Sneasler\n|-hitcount|p2: Sneasler|2\n|\n|-heal|p1a: The Slonch|29\/100 psn|[from] item: Leftovers\n|-damage|p1a: The Slonch|16\/100 psn|[from] psn\n|upkeep\n|\n|t:|1699767014\n|switch|p2a: Gliscor|Gliscor, F|100\/100 tox\n|turn|27\n|\n|t:|1699767019\n|move|p1a: The Slonch|Taunt|p2a: Gliscor\n|-start|p2a: Gliscor|move: Taunt\n|cant|p2a: Gliscor|move: Taunt|Spikes\n|\n|-heal|p1a: The Slonch|22\/100 psn|[from] item: Leftovers\n|-damage|p1a: The Slonch|10\/100 psn|[from] psn\n|upkeep\n|turn|28\n|\n|t:|1699767025\n|move|p1a: The Slonch|Crunch|p2a: Gliscor\n|-damage|p2a: Gliscor|63\/100 tox\n|move|p2a: Gliscor|Earthquake|p1a: The Slonch\n|-immune|p1a: The Slonch|[from] ability: Levitate\n|\n|-heal|p1a: The Slonch|16\/100 psn|[from] item: Leftovers\n|-damage|p1a: The Slonch|4\/100 psn|[from] psn\n|-heal|p2a: Gliscor|75\/100 tox|[from] ability: Poison Heal\n|upkeep\n|turn|29\n|\n|t:|1699767034\n|move|p1a: The Slonch|Crunch|p2a: Gliscor\n|-damage|p2a: Gliscor|40\/100 tox\n|move|p2a: Gliscor|Earthquake|p1a: The Slonch\n|-immune|p1a: The Slonch|[from] ability: Levitate\n|\n|-heal|p1a: The Slonch|10\/100 psn|[from] item: Leftovers\n|-damage|p1a: The Slonch|0 fnt|[from] psn\n|faint|p1a: The Slonch\n|-heal|p2a: Gliscor|53\/100 tox|[from] ability: Poison Heal\n|-end|p2a: Gliscor|move: Taunt\n|upkeep\n|\n|t:|1699767037\n|switch|p1a: Malicious Charity|Gholdengo|88\/100\n|-damage|p1a: Malicious Charity|82\/100|[from] Stealth Rock\n|turn|30\n|c|\u2606G1 Forever|gg\n|\n|t:|1699767048\n|move|p1a: Malicious Charity|Shadow Ball|p2a: Gliscor\n|-damage|p2a: Gliscor|0 fnt\n|faint|p2a: Gliscor\n|\n|win|SDK04\n|raw|SDK04's rating: 1619 &rarr; <strong>1636<\/strong><br \/>(+17 for winning)\n|raw|G1 Forever's rating: 1562 &rarr; <strong>1545<\/strong><br \/>(-17 for losing)\n|c|\u2606SDK04|gg\n|c|\u2606SDK04|wp\n|l|\u2606G1 Forever\n|j| Miss Toga\n|j| Roshino\n|j| Yozssy\n|l| Miss Toga\n|l| Yozssy\n|l| Roshino\n|j| Eating crayon\n","uploadtime":1699767055,"views":17,"p1id":"sdk04","p2id":"g1forever","formatid":"gen9ou","rating":1545,"private":0,"password":""}