{"id":"gen9ou-1992607569","p1":"embleemeke","p2":"Benjamin 4455","format":"[Gen 9] OU","log":"|j|\u2606embleemeke\n|j|\u2606Benjamin 4455\n|t:|1700213878\n|gametype|singles\n|player|p1|embleemeke|266|1251\n|player|p2|Benjamin 4455|265|1251\n|teamsize|p1|6\n|teamsize|p2|6\n|gen|9\n|tier|[Gen 9] OU\n|rated|\n|rule|Sleep Clause Mod: Limit one foe put to sleep\n|rule|Species Clause: Limit one of each Pok\u00e9mon\n|rule|OHKO Clause: OHKO moves are banned\n|rule|Evasion Items Clause: Evasion items are banned\n|rule|Evasion Moves Clause: Evasion moves are banned\n|rule|Endless Battle Clause: Forcing endless battles is banned\n|rule|HP Percentage Mod: HP is shown in percentages\n|clearpoke\n|poke|p1|Rillaboom, M|\n|poke|p1|Landorus-Therian, M|\n|poke|p1|Hatterene, F|\n|poke|p1|Samurott-Hisui, F|\n|poke|p1|Zapdos|\n|poke|p1|Walking Wake|\n|poke|p2|Corviknight, F|\n|poke|p2|Zamazenta-*|\n|poke|p2|Blissey, F|\n|poke|p2|Iron Moth|\n|poke|p2|Meowscarada, M|\n|poke|p2|Gholdengo|\n|teampreview\n|\n|t:|1700213897\n|start\n|switch|p1a: Landorus|Landorus-Therian, M, shiny|100\/100\n|switch|p2a: Meowscarada|Meowscarada, M, shiny|100\/100\n|-ability|p1a: Landorus|Intimidate|boost\n|-unboost|p2a: Meowscarada|atk|1\n|turn|1\n|\n|t:|1700213909\n|move|p2a: Meowscarada|U-turn|p1a: Landorus\n|-start|p2a: Meowscarada|typechange|Bug|[from] ability: Protean\n|-resisted|p1a: Landorus\n|-damage|p1a: Landorus|88\/100\n|\n|t:|1700213914\n|switch|p2a: Corviknight|Corviknight, F, shiny|100\/100|[from] U-turn\n|move|p1a: Landorus|U-turn|p2a: Corviknight\n|-resisted|p2a: Corviknight\n|-damage|p2a: Corviknight|96\/100\n|-damage|p1a: Landorus|72\/100|[from] item: Rocky Helmet|[of] p2a: Corviknight\n|\n|t:|1700213918\n|switch|p1a: Zapdos|Zapdos|100\/100|[from] U-turn\n|\n|upkeep\n|turn|2\n|\n|t:|1700213934\n|switch|p2a: Blissey|Blissey, F, shiny|100\/100\n|move|p1a: Zapdos|Volt Switch|p2a: Blissey\n|-damage|p2a: Blissey|87\/100\n|\n|t:|1700213957\n|switch|p1a: Samurott|Samurott-Hisui, F, shiny|100\/100|[from] Volt Switch\n|\n|-heal|p2a: Blissey|93\/100|[from] item: Leftovers\n|upkeep\n|turn|3\n|\n|t:|1700213968\n|move|p1a: Samurott|Ceaseless Edge|p2a: Blissey\n|-damage|p2a: Blissey|58\/100\n|-sidestart|p2: Benjamin 4455|Spikes\n|move|p2a: Blissey|Thunder Wave|p1a: Samurott\n|-status|p1a: Samurott|par\n|\n|-heal|p2a: Blissey|64\/100|[from] item: Leftovers\n|upkeep\n|turn|4\n|\n|t:|1700213978\n|switch|p2a: Corviknight|Corviknight, F, shiny|96\/100\n|move|p1a: Samurott|Ceaseless Edge|p2a: Corviknight\n|-damage|p2a: Corviknight|70\/100\n|-damage|p1a: Samurott|84\/100 par|[from] item: Rocky Helmet|[of] p2a: Corviknight\n|-sidestart|p2: Benjamin 4455|Spikes\n|\n|upkeep\n|turn|5\n|\n|t:|1700213989\n|switch|p1a: Hatterene|Hatterene, F, shiny|100\/100\n|move|p2a: Corviknight|Defog|p1a: Hatterene\n|move|p1a: Hatterene|Defog|p2a: Corviknight|[from]ability: Magic Bounce\n|-ability|p2a: Corviknight|Mirror Armor\n|-unboost|p1a: Hatterene|evasion|1\n|-sideend|p2: Benjamin 4455|Spikes|[from] move: Defog|[of] p1a: Hatterene\n|\n|upkeep\n|turn|6\n|\n|t:|1700214000\n|switch|p2a: Gholdengo|Gholdengo, shiny|100\/100\n|move|p1a: Hatterene|Calm Mind|p1a: Hatterene\n|-boost|p1a: Hatterene|spa|1\n|-boost|p1a: Hatterene|spd|1\n|\n|upkeep\n|turn|7\n|\n|t:|1700214006\n|move|p2a: Gholdengo|Make It Rain|p1a: Hatterene\n|-supereffective|p1a: Hatterene\n|-damage|p1a: Hatterene|0 fnt\n|-unboost|p2a: Gholdengo|spa|1\n|faint|p1a: Hatterene\n|\n|upkeep\n|\n|t:|1700214012\n|switch|p1a: Samurott|Samurott-Hisui, F, shiny|84\/100 par\n|turn|8\n|\n|t:|1700214016\n|switch|p2a: Corviknight|Corviknight, F, shiny|70\/100\n|cant|p1a: Samurott|par\n|\n|upkeep\n|turn|9\n|\n|t:|1700214022\n|move|p2a: Corviknight|Body Press|p1a: Samurott\n|-supereffective|p1a: Samurott\n|-damage|p1a: Samurott|20\/100 par\n|cant|p1a: Samurott|par\n|\n|upkeep\n|turn|10\n|\n|t:|1700214029\n|switch|p1a: Zapdos|Zapdos|100\/100\n|move|p2a: Corviknight|Body Press|p1a: Zapdos\n|-resisted|p1a: Zapdos\n|-damage|p1a: Zapdos|86\/100\n|-status|p2a: Corviknight|par|[from] ability: Static|[of] p1a: Zapdos\n|\n|-heal|p1a: Zapdos|92\/100|[from] item: Leftovers\n|upkeep\n|turn|11\n|\n|t:|1700214041\n|switch|p2a: Blissey|Blissey, F, shiny|64\/100\n|move|p1a: Zapdos|Thunderbolt|p2a: Blissey\n|-damage|p2a: Blissey|47\/100\n|\n|-heal|p1a: Zapdos|98\/100|[from] item: Leftovers\n|-heal|p2a: Blissey|53\/100|[from] item: Leftovers\n|upkeep\n|turn|12\n|\n|t:|1700214056\n|move|p1a: Zapdos|Thunderbolt|p2a: Blissey\n|-damage|p2a: Blissey|36\/100\n|move|p2a: Blissey|Stealth Rock|p1a: Zapdos\n|-sidestart|p1: embleemeke|move: Stealth Rock\n|\n|-heal|p1a: Zapdos|100\/100|[from] item: Leftovers\n|-heal|p2a: Blissey|43\/100|[from] item: Leftovers\n|upkeep\n|turn|13\n|\n|t:|1700214066\n|move|p1a: Zapdos|Volt Switch|p2a: Blissey\n|-damage|p2a: Blissey|31\/100\n|\n|t:|1700214069\n|switch|p1a: Landorus|Landorus-Therian, M, shiny|72\/100|[from] Volt Switch\n|-damage|p1a: Landorus|59\/100|[from] Stealth Rock\n|-ability|p1a: Landorus|Intimidate|boost\n|-unboost|p2a: Blissey|atk|1\n|move|p2a: Blissey|Soft-Boiled|p2a: Blissey\n|-heal|p2a: Blissey|81\/100\n|\n|-heal|p2a: Blissey|87\/100|[from] item: Leftovers\n|upkeep\n|turn|14\n|\n|t:|1700214082\n|switch|p2a: Corviknight|Corviknight, F, shiny|70\/100 par\n|move|p1a: Landorus|Rock Slide|p2a: Corviknight\n|-damage|p2a: Corviknight|52\/100 par\n|\n|upkeep\n|turn|15\n|\n|t:|1700214089\n|move|p1a: Landorus|Rock Slide|p2a: Corviknight\n|-damage|p2a: Corviknight|36\/100 par\n|move|p2a: Corviknight|Roost|p2a: Corviknight\n|-heal|p2a: Corviknight|86\/100 par\n|-singleturn|p2a: Corviknight|move: Roost\n|\n|upkeep\n|turn|16\n|\n|t:|1700214098\n|switch|p1a: Walking Wake|Walking Wake|100\/100\n|-damage|p1a: Walking Wake|88\/100|[from] Stealth Rock\n|-enditem|p1a: Walking Wake|Booster Energy\n|-activate|p1a: Walking Wake|ability: Protosynthesis|[fromitem]\n|-start|p1a: Walking Wake|protosynthesisspe\n|switch|p2a: Meowscarada|Meowscarada, M, shiny|100\/100\n|\n|upkeep\n|turn|17\n|\n|t:|1700214109\n|switch|p2a: Blissey|Blissey, F, shiny|87\/100\n|move|p1a: Walking Wake|Flamethrower|p2a: Blissey\n|-damage|p2a: Blissey|76\/100\n|\n|-heal|p2a: Blissey|83\/100|[from] item: Leftovers\n|upkeep\n|turn|18\n|c|\u2606embleemeke|the stall is real lmao\n|\n|t:|1700214138\n|-end|p1a: Walking Wake|Protosynthesis|[silent]\n|switch|p1a: Landorus|Landorus-Therian, M, shiny|59\/100\n|-damage|p1a: Landorus|47\/100|[from] Stealth Rock\n|-ability|p1a: Landorus|Intimidate|boost\n|-unboost|p2a: Blissey|atk|1\n|move|p2a: Blissey|Thunder Wave|p1a: Landorus\n|-immune|p1a: Landorus\n|\n|-heal|p2a: Blissey|89\/100|[from] item: Leftovers\n|upkeep\n|turn|19\n|\n|t:|1700214150\n|switch|p2a: Corviknight|Corviknight, F, shiny|86\/100 par\n|move|p1a: Landorus|U-turn|p2a: Corviknight\n|-resisted|p2a: Corviknight\n|-damage|p2a: Corviknight|82\/100 par\n|-damage|p1a: Landorus|31\/100|[from] item: Rocky Helmet|[of] p2a: Corviknight\n|\n|t:|1700214154\n|switch|p1a: Zapdos|Zapdos|100\/100|[from] U-turn\n|-damage|p1a: Zapdos|76\/100|[from] Stealth Rock\n|\n|-heal|p1a: Zapdos|82\/100|[from] item: Leftovers\n|upkeep\n|turn|20\n|\n|t:|1700214164\n|switch|p2a: Blissey|Blissey, F, shiny|89\/100\n|move|p1a: Zapdos|Volt Switch|p2a: Blissey\n|-damage|p2a: Blissey|75\/100\n|\n|t:|1700214174\n|switch|p1a: Samurott|Samurott-Hisui, F, shiny|20\/100 par|[from] Volt Switch\n|-damage|p1a: Samurott|7\/100 par|[from] Stealth Rock\n|\n|-heal|p2a: Blissey|81\/100|[from] item: Leftovers\n|upkeep\n|turn|21\n|\n|t:|1700214183\n|switch|p1a: Zapdos|Zapdos|82\/100\n|-damage|p1a: Zapdos|57\/100|[from] Stealth Rock\n|switch|p2a: Corviknight|Corviknight, F, shiny|82\/100 par\n|\n|-heal|p1a: Zapdos|63\/100|[from] item: Leftovers\n|upkeep\n|turn|22\n|\n|t:|1700214192\n|switch|p1a: Landorus|Landorus-Therian, M, shiny|31\/100\n|-damage|p1a: Landorus|18\/100|[from] Stealth Rock\n|-ability|p1a: Landorus|Intimidate|boost\n|-ability|p2a: Corviknight|Mirror Armor\n|-unboost|p1a: Landorus|atk|1\n|switch|p2a: Blissey|Blissey, F, shiny|81\/100\n|\n|-heal|p2a: Blissey|87\/100|[from] item: Leftovers\n|upkeep\n|turn|23\n|c|\u2606embleemeke|i'm bored, moving on\n|c|\u2606Benjamin 4455|You bored forfeit\n|c|\u2606Benjamin 4455|My team is balance  no stall\n|inactive|Battle timer is ON: inactive players will automatically lose when time's up. (requested by Benjamin 4455)\n|inactive|embleemeke has 120 seconds left.\n|c|\u2606embleemeke|ah ye i was already playing doing something else\n|inactive|embleemeke has 90 seconds left.\n|inactive|embleemeke has 60 seconds left.\n|c|\u2606Benjamin 4455|Forfeit the combat\n|\n|t:|1700214748\n|move|p1a: Landorus|U-turn|p2a: Blissey\n|-damage|p2a: Blissey|72\/100\n|inactive|embleemeke has 90 seconds left.\n|\n|t:|1700214776\n|switch|p1a: Walking Wake|Walking Wake|88\/100|[from] U-turn\n|-damage|p1a: Walking Wake|76\/100|[from] Stealth Rock\n|move|p2a: Blissey|Seismic Toss|p1a: Walking Wake\n|-damage|p1a: Walking Wake|47\/100\n|\n|-heal|p2a: Blissey|78\/100|[from] item: Leftovers\n|upkeep\n|turn|24\n|inactive|embleemeke has 90 seconds left.\n|\n|t:|1700214804\n|-end|p1a: Walking Wake|Protosynthesis|[silent]\n|switch|p1a: Rillaboom|Rillaboom, M, shiny|100\/100\n|-damage|p1a: Rillaboom|88\/100|[from] Stealth Rock\n|-fieldstart|move: Grassy Terrain|[from] ability: Grassy Surge|[of] p1a: Rillaboom\n|move|p2a: Blissey|Seismic Toss|p1a: Rillaboom\n|-damage|p1a: Rillaboom|59\/100\n|\n|-heal|p1a: Rillaboom|65\/100|[from] Grassy Terrain\n|-heal|p1a: Rillaboom|71\/100|[from] item: Leftovers\n|-heal|p2a: Blissey|84\/100|[from] Grassy Terrain\n|-heal|p2a: Blissey|90\/100|[from] item: Leftovers\n|upkeep\n|turn|25\n|\n|t:|1700214819\n|switch|p2a: Corviknight|Corviknight, F, shiny|82\/100 par\n|move|p1a: Rillaboom|Wood Hammer|p2a: Corviknight\n|-resisted|p2a: Corviknight\n|-damage|p2a: Corviknight|70\/100 par\n|-damage|p1a: Rillaboom|55\/100|[from] item: Rocky Helmet|[of] p2a: Corviknight\n|-damage|p1a: Rillaboom|50\/100|[from] Recoil\n|\n|-heal|p1a: Rillaboom|56\/100|[from] Grassy Terrain\n|-heal|p1a: Rillaboom|62\/100|[from] item: Leftovers\n|upkeep\n|turn|26\n|\n|t:|1700214831\n|move|p1a: Rillaboom|Drain Punch|p2a: Corviknight\n|-damage|p2a: Corviknight|54\/100 par\n|-heal|p1a: Rillaboom|72\/100|[from] drain|[of] p2a: Corviknight\n|-damage|p1a: Rillaboom|56\/100|[from] item: Rocky Helmet|[of] p2a: Corviknight\n|move|p2a: Corviknight|Brave Bird|p1a: Rillaboom\n|-supereffective|p1a: Rillaboom\n|-damage|p1a: Rillaboom|0 fnt\n|faint|p1a: Rillaboom\n|-damage|p2a: Corviknight|38\/100 par|[from] Recoil\n|\n|upkeep\n|\n|t:|1700214837\n|switch|p1a: Zapdos|Zapdos|63\/100\n|-damage|p1a: Zapdos|38\/100|[from] Stealth Rock\n|turn|27\n|\n|t:|1700214850\n|switch|p2a: Blissey|Blissey, F, shiny|90\/100\n|move|p1a: Zapdos|Volt Switch|p2a: Blissey\n|-damage|p2a: Blissey|78\/100\n|inactive|embleemeke has 90 seconds left.\n|\n|t:|1700214861\n|switch|p1a: Landorus|Landorus-Therian, M, shiny|18\/100|[from] Volt Switch\n|-damage|p1a: Landorus|6\/100|[from] Stealth Rock\n|-ability|p1a: Landorus|Intimidate|boost\n|-unboost|p2a: Blissey|atk|1\n|\n|-heal|p2a: Blissey|84\/100|[from] Grassy Terrain\n|-heal|p2a: Blissey|90\/100|[from] item: Leftovers\n|upkeep\n|turn|28\n|c|\u2606embleemeke|go back to corvi\n|\n|t:|1700214871\n|switch|p2a: Corviknight|Corviknight, F, shiny|38\/100 par\n|move|p1a: Landorus|Rock Slide|p2a: Corviknight\n|-damage|p2a: Corviknight|22\/100 par\n|\n|-fieldend|move: Grassy Terrain\n|upkeep\n|turn|29\n|\n|t:|1700214885\n|move|p1a: Landorus|Rock Slide|p2a: Corviknight\n|-damage|p2a: Corviknight|4\/100 par\n|cant|p2a: Corviknight|flinch\n|\n|upkeep\n|turn|30\n|c|\u2606embleemeke|roost\n|\n|t:|1700214891\n|move|p1a: Landorus|Rock Slide|p2a: Corviknight\n|-crit|p2a: Corviknight\n|-damage|p2a: Corviknight|0 fnt\n|faint|p2a: Corviknight\n|\n|upkeep\n|\n|t:|1700214899\n|switch|p2a: Meowscarada|Meowscarada, M, shiny|100\/100\n|turn|31\n|\n|t:|1700214902\n|move|p2a: Meowscarada|U-turn|p1a: Landorus\n|-start|p2a: Meowscarada|typechange|Bug|[from] ability: Protean\n|-resisted|p1a: Landorus\n|-damage|p1a: Landorus|0 fnt\n|faint|p1a: Landorus\n|\n|t:|1700214911\n|switch|p2a: Iron Moth|Iron Moth|100\/100|[from] U-turn\n|-enditem|p2a: Iron Moth|Booster Energy\n|-activate|p2a: Iron Moth|ability: Quark Drive|[fromitem]\n|-start|p2a: Iron Moth|quarkdrivespe\n|\n|upkeep\n|inactive|embleemeke has 120 seconds left.\n|\n|t:|1700214925\n|switch|p1a: Samurott|Samurott-Hisui, F, shiny|7\/100 par\n|-damage|p1a: Samurott|0 fnt|[from] Stealth Rock\n|faint|p1a: Samurott\n|\n|t:|1700214927\n|switch|p1a: Walking Wake|Walking Wake|47\/100\n|-damage|p1a: Walking Wake|34\/100|[from] Stealth Rock\n|turn|32\n|\n|t:|1700214935\n|move|p2a: Iron Moth|Sludge Wave|p1a: Walking Wake\n|-damage|p1a: Walking Wake|0 fnt\n|faint|p1a: Walking Wake\n|-end|p1a: Walking Wake|Protosynthesis|[silent]\n|\n|upkeep\n|\n|t:|1700214937\n|switch|p1a: Zapdos|Zapdos|38\/100\n|-damage|p1a: Zapdos|13\/100|[from] Stealth Rock\n|turn|33\n|\n|t:|1700214947\n|move|p2a: Iron Moth|Fiery Dance|p1a: Zapdos\n|-damage|p1a: Zapdos|0 fnt\n|faint|p1a: Zapdos\n|\n|win|Benjamin 4455\n|raw|embleemeke's rating: 1278 &rarr; <strong>1251<\/strong><br \/>(-27 for losing)\n|raw|Benjamin 4455's rating: 1251 &rarr; <strong>1278<\/strong><br \/>(+27 for winning)\n|c|\u2606embleemeke|stalling wins! gg bg tho\n|l|\u2606embleemeke\n","uploadtime":1700215040,"views":55,"p1id":"embleemeke","p2id":"benjamin4455","formatid":"gen9ou","rating":1251,"private":0,"password":""}