{"id":"gen9ou-1993651419","p1":"Gamewolf378","p2":"Renhur","format":"[Gen 9] OU","log":"|j|\u2606Gamewolf378\n|j|\u2606Renhur\n|t:|1700341691\n|gametype|singles\n|player|p1|Gamewolf378|102|1236\n|player|p2|Renhur|cynthia-gen4|1195\n|teamsize|p1|6\n|teamsize|p2|6\n|gen|9\n|tier|[Gen 9] OU\n|rated|\n|rule|Sleep Clause Mod: Limit one foe put to sleep\n|rule|Species Clause: Limit one of each Pok\u00e9mon\n|rule|OHKO Clause: OHKO moves are banned\n|rule|Evasion Items Clause: Evasion items are banned\n|rule|Evasion Moves Clause: Evasion moves are banned\n|rule|Endless Battle Clause: Forcing endless battles is banned\n|rule|HP Percentage Mod: HP is shown in percentages\n|clearpoke\n|poke|p1|Ribombee, F|\n|poke|p1|Samurott-Hisui, F|\n|poke|p1|Garchomp, M|\n|poke|p1|Corviknight, M|\n|poke|p1|Grimmsnarl, M|\n|poke|p1|Hydreigon, M|\n|poke|p2|Dragonite, F|\n|poke|p2|Lucario, M|\n|poke|p2|Gardevoir, F|\n|poke|p2|Cloyster, F|\n|poke|p2|Gyarados, M|\n|poke|p2|Corviknight, M|\n|teampreview\n|inactive|Battle timer is ON: inactive players will automatically lose when time's up. (requested by Gamewolf378)\n|\n|t:|1700341697\n|start\n|switch|p1a: Heiress|Ribombee, F|100\/100\n|switch|p2a: Gyarados|Gyarados, M|100\/100\n|-ability|p2a: Gyarados|Intimidate|boost\n|-unboost|p1a: Heiress|atk|1\n|turn|1\n|\n|t:|1700341707\n|move|p1a: Heiress|Sticky Web|p2a: Gyarados\n|-sidestart|p2: Renhur|move: Sticky Web\n|move|p2a: Gyarados|Dragon Dance|p2a: Gyarados\n|-boost|p2a: Gyarados|atk|1\n|-boost|p2a: Gyarados|spe|1\n|\n|upkeep\n|turn|2\n|\n|t:|1700341712\n|move|p2a: Gyarados|Ice Fang|p1a: Heiress\n|-damage|p1a: Heiress|30\/100\n|move|p1a: Heiress|Stun Spore|p2a: Gyarados\n|-status|p2a: Gyarados|par\n|\n|upkeep\n|turn|3\n|\n|t:|1700341717\n|move|p1a: Heiress|Moonblast|p2a: Gyarados\n|-damage|p2a: Gyarados|59\/100 par\n|move|p2a: Gyarados|Waterfall|p1a: Heiress\n|-damage|p1a: Heiress|0 fnt\n|faint|p1a: Heiress\n|\n|-heal|p2a: Gyarados|65\/100 par|[from] item: Leftovers\n|upkeep\n|\n|t:|1700341731\n|switch|p1a: Theae|Samurott-Hisui, F|100\/100\n|turn|4\n|\n|t:|1700341738\n|move|p1a: Theae|Ceaseless Edge|p2a: Gyarados\n|-damage|p2a: Gyarados|13\/100 par\n|-sidestart|p2: Renhur|Spikes\n|move|p2a: Gyarados|Earthquake|p1a: Theae\n|-damage|p1a: Theae|41\/100\n|\n|-heal|p2a: Gyarados|19\/100 par|[from] item: Leftovers\n|upkeep\n|turn|5\n|\n|t:|1700341746\n|switch|p2a: Corviknight|Corviknight, M|100\/100\n|-ability|p2a: Corviknight|Pressure\n|move|p1a: Theae|Ceaseless Edge|p2a: Corviknight\n|-damage|p2a: Corviknight|76\/100\n|-damage|p1a: Theae|24\/100|[from] item: Rocky Helmet|[of] p2a: Corviknight\n|-sidestart|p2: Renhur|Spikes\n|\n|upkeep\n|turn|6\n|\n|t:|1700341755\n|move|p1a: Theae|Aqua Cutter|p2a: Corviknight\n|-damage|p2a: Corviknight|46\/100\n|move|p2a: Corviknight|Defog|p1a: Theae\n|-unboost|p1a: Theae|evasion|1\n|-sideend|p2: Renhur|Spikes|[from] move: Defog|[of] p2a: Corviknight\n|-sideend|p2: Renhur|Sticky Web|[from] move: Defog|[of] p2a: Corviknight\n|\n|upkeep\n|turn|7\n|\n|t:|1700341766\n|move|p1a: Theae|Aqua Cutter|p2a: Corviknight\n|-damage|p2a: Corviknight|19\/100\n|move|p2a: Corviknight|Roost|p2a: Corviknight\n|-heal|p2a: Corviknight|69\/100\n|-singleturn|p2a: Corviknight|move: Roost\n|\n|upkeep\n|turn|8\n|\n|t:|1700341774\n|move|p1a: Theae|Aqua Cutter|p2a: Corviknight\n|-damage|p2a: Corviknight|41\/100\n|move|p2a: Corviknight|Roost|p2a: Corviknight\n|-heal|p2a: Corviknight|91\/100\n|-singleturn|p2a: Corviknight|move: Roost\n|\n|upkeep\n|turn|9\n|\n|t:|1700341781\n|move|p1a: Theae|Aqua Cutter|p2a: Corviknight\n|-damage|p2a: Corviknight|65\/100\n|move|p2a: Corviknight|Brave Bird|p1a: Theae\n|-damage|p1a: Theae|0 fnt\n|faint|p1a: Theae\n|-damage|p2a: Corviknight|58\/100|[from] Recoil\n|\n|upkeep\n|inactive|Gamewolf378 has 120 seconds left.\n|\n|t:|1700341813\n|switch|p1a: Dylan|Grimmsnarl, M|100\/100\n|turn|10\n|\n|t:|1700341820\n|move|p1a: Dylan|Parting Shot|p2a: Corviknight\n|-unboost|p2a: Corviknight|atk|1\n|-unboost|p2a: Corviknight|spa|1\n|\n|t:|1700341822\n|switch|p1a: Raiden|Garchomp, M|100\/100|[from] Parting Shot\n|move|p2a: Corviknight|Brave Bird|p1a: Raiden\n|-damage|p1a: Raiden|77\/100\n|-damage|p2a: Corviknight|46\/100|[from] ability: Rough Skin|[of] p1a: Raiden\n|-damage|p2a: Corviknight|39\/100|[from] Recoil\n|\n|upkeep\n|turn|11\n|\n|t:|1700341838\n|-terastallize|p1a: Raiden|Electric\n|move|p1a: Raiden|Swords Dance|p1a: Raiden\n|-boost|p1a: Raiden|atk|2\n|move|p2a: Corviknight|Roost|p2a: Corviknight\n|-heal|p2a: Corviknight|89\/100\n|-singleturn|p2a: Corviknight|move: Roost\n|\n|upkeep\n|turn|12\n|\n|t:|1700341850\n|switch|p2a: Gyarados|Gyarados, M|19\/100 par\n|-ability|p2a: Gyarados|Intimidate|boost\n|-unboost|p1a: Raiden|atk|1\n|move|p1a: Raiden|Swords Dance|p1a: Raiden\n|-boost|p1a: Raiden|atk|2\n|\n|-heal|p2a: Gyarados|25\/100 par|[from] item: Leftovers\n|upkeep\n|turn|13\n|\n|t:|1700341863\n|move|p1a: Raiden|Scale Shot|p2a: Gyarados\n|-damage|p2a: Gyarados|0 fnt\n|faint|p2a: Gyarados\n|-hitcount|p2: Gyarados|1\n|-unboost|p1a: Raiden|def|1\n|-boost|p1a: Raiden|spe|1\n|\n|upkeep\n|\n|t:|1700341872\n|switch|p2a: Gardevoir|Gardevoir, F|100\/100\n|-ability|p2a: Gardevoir|Rough Skin|[from] ability: Trace|[of] p1a: Raiden\n|turn|14\n|\n|t:|1700341878\n|move|p1a: Raiden|Iron Head|p2a: Gardevoir\n|-supereffective|p2a: Gardevoir\n|-damage|p2a: Gardevoir|0 fnt\n|-damage|p1a: Raiden|64\/100|[from] ability: Rough Skin|[of] p2a: Gardevoir\n|faint|p2a: Gardevoir\n|\n|upkeep\n|\n|t:|1700341892\n|switch|p2a: Cloyster|Cloyster, F|100\/100\n|turn|15\n|\n|t:|1700341898\n|move|p1a: Raiden|Earthquake|p2a: Cloyster\n|-enditem|p2a: Cloyster|Focus Sash\n|-damage|p2a: Cloyster|1\/100\n|move|p2a: Cloyster|Icicle Spear|p1a: Raiden\n|-damage|p1a: Raiden|48\/100\n|-damage|p1a: Raiden|31\/100\n|-damage|p1a: Raiden|14\/100\n|-damage|p1a: Raiden|0 fnt\n|faint|p1a: Raiden\n|-hitcount|p1: Raiden|4\n|\n|upkeep\n|\n|t:|1700341902\n|switch|p1a: Dylan|Grimmsnarl, M|100\/100\n|turn|16\n|\n|t:|1700341912\n|move|p1a: Dylan|Reflect|p1a: Dylan\n|-sidestart|p1: Gamewolf378|Reflect\n|move|p2a: Cloyster|Icicle Spear|p1a: Dylan\n|-damage|p1a: Dylan|94\/100\n|-damage|p1a: Dylan|87\/100\n|-damage|p1a: Dylan|80\/100\n|-damage|p1a: Dylan|73\/100\n|-damage|p1a: Dylan|66\/100\n|-hitcount|p1a: Dylan|5\n|\n|upkeep\n|turn|17\n|\n|t:|1700341922\n|move|p2a: Cloyster|Ice Shard|p1a: Dylan\n|-damage|p1a: Dylan|56\/100\n|move|p1a: Dylan|Parting Shot|p2a: Cloyster\n|-unboost|p2a: Cloyster|atk|1\n|-unboost|p2a: Cloyster|spa|1\n|\n|t:|1700341927\n|switch|p1a: Cord Beak|Corviknight, M|100\/100|[from] Parting Shot\n|-ability|p1a: Cord Beak|Pressure\n|\n|upkeep\n|turn|18\n|\n|t:|1700341933\n|switch|p2a: Corviknight|Corviknight, M|89\/100\n|-ability|p2a: Corviknight|Pressure\n|move|p1a: Cord Beak|Brave Bird|p2a: Corviknight\n|-resisted|p2a: Corviknight\n|-damage|p2a: Corviknight|78\/100\n|-damage|p1a: Cord Beak|84\/100|[from] item: Rocky Helmet|[of] p2a: Corviknight\n|-damage|p1a: Cord Beak|80\/100|[from] Recoil\n|\n|-heal|p1a: Cord Beak|86\/100|[from] item: Leftovers\n|upkeep\n|turn|19\n|\n|t:|1700341948\n|move|p2a: Corviknight|Defog|p1a: Cord Beak\n|-unboost|p1a: Cord Beak|evasion|1\n|-sideend|p1: Gamewolf378|Reflect\n|move|p1a: Cord Beak|Brave Bird|p2a: Corviknight\n|-resisted|p2a: Corviknight\n|-damage|p2a: Corviknight|68\/100\n|-damage|p1a: Cord Beak|70\/100|[from] item: Rocky Helmet|[of] p2a: Corviknight\n|-damage|p1a: Cord Beak|66\/100|[from] Recoil\n|\n|-heal|p1a: Cord Beak|72\/100|[from] item: Leftovers\n|upkeep\n|turn|20\n|\n|t:|1700341958\n|move|p1a: Cord Beak|Brave Bird|p2a: Corviknight\n|-resisted|p2a: Corviknight\n|-damage|p2a: Corviknight|56\/100\n|-damage|p1a: Cord Beak|56\/100|[from] item: Rocky Helmet|[of] p2a: Corviknight\n|-damage|p1a: Cord Beak|52\/100|[from] Recoil\n|move|p2a: Corviknight|Roost|p2a: Corviknight\n|-heal|p2a: Corviknight|100\/100\n|-singleturn|p2a: Corviknight|move: Roost\n|\n|-heal|p1a: Cord Beak|58\/100|[from] item: Leftovers\n|upkeep\n|turn|21\n|\n|t:|1700341969\n|move|p2a: Corviknight|Brave Bird|p1a: Cord Beak\n|-resisted|p1a: Cord Beak\n|-damage|p1a: Cord Beak|46\/100\n|-damage|p2a: Corviknight|96\/100|[from] Recoil\n|move|p1a: Cord Beak|Roost|p1a: Cord Beak\n|-heal|p1a: Cord Beak|96\/100\n|-singleturn|p1a: Cord Beak|move: Roost\n|\n|-heal|p1a: Cord Beak|100\/100|[from] item: Leftovers\n|upkeep\n|turn|22\n|\n|t:|1700341985\n|move|p1a: Cord Beak|Brave Bird|p2a: Corviknight\n|-resisted|p2a: Corviknight\n|-damage|p2a: Corviknight|85\/100\n|-damage|p1a: Cord Beak|84\/100|[from] item: Rocky Helmet|[of] p2a: Corviknight\n|-damage|p1a: Cord Beak|80\/100|[from] Recoil\n|move|p2a: Corviknight|Brave Bird|p1a: Cord Beak\n|-resisted|p1a: Cord Beak\n|-damage|p1a: Cord Beak|68\/100\n|-damage|p2a: Corviknight|81\/100|[from] Recoil\n|\n|-heal|p1a: Cord Beak|74\/100|[from] item: Leftovers\n|upkeep\n|turn|23\n|\n|t:|1700341997\n|move|p2a: Corviknight|Brave Bird|p1a: Cord Beak\n|-resisted|p1a: Cord Beak\n|-damage|p1a: Cord Beak|64\/100\n|-damage|p2a: Corviknight|78\/100|[from] Recoil\n|move|p1a: Cord Beak|Brave Bird|p2a: Corviknight\n|-resisted|p2a: Corviknight\n|-damage|p2a: Corviknight|66\/100\n|-damage|p1a: Cord Beak|47\/100|[from] item: Rocky Helmet|[of] p2a: Corviknight\n|-damage|p1a: Cord Beak|43\/100|[from] Recoil\n|\n|-heal|p1a: Cord Beak|49\/100|[from] item: Leftovers\n|upkeep\n|turn|24\n|\n|t:|1700342013\n|move|p2a: Corviknight|Brave Bird|p1a: Cord Beak\n|-resisted|p1a: Cord Beak\n|-damage|p1a: Cord Beak|38\/100\n|-damage|p2a: Corviknight|62\/100|[from] Recoil\n|move|p1a: Cord Beak|Brave Bird|p2a: Corviknight\n|-resisted|p2a: Corviknight\n|-damage|p2a: Corviknight|50\/100\n|-damage|p1a: Cord Beak|22\/100|[from] item: Rocky Helmet|[of] p2a: Corviknight\n|-damage|p1a: Cord Beak|18\/100|[from] Recoil\n|\n|-heal|p1a: Cord Beak|24\/100|[from] item: Leftovers\n|upkeep\n|turn|25\n|\n|t:|1700342025\n|move|p2a: Corviknight|Roost|p2a: Corviknight\n|-heal|p2a: Corviknight|100\/100\n|-singleturn|p2a: Corviknight|move: Roost\n|move|p1a: Cord Beak|Roost|p1a: Cord Beak\n|-heal|p1a: Cord Beak|74\/100\n|-singleturn|p1a: Cord Beak|move: Roost\n|\n|-heal|p1a: Cord Beak|80\/100|[from] item: Leftovers\n|upkeep\n|turn|26\n|\n|t:|1700342040\n|move|p2a: Corviknight|Brave Bird|p1a: Cord Beak\n|-resisted|p1a: Cord Beak\n|-damage|p1a: Cord Beak|68\/100\n|-damage|p2a: Corviknight|97\/100|[from] Recoil\n|move|p1a: Cord Beak|Brave Bird|p2a: Corviknight\n|-resisted|p2a: Corviknight\n|-damage|p2a: Corviknight|85\/100\n|-damage|p1a: Cord Beak|52\/100|[from] item: Rocky Helmet|[of] p2a: Corviknight\n|-damage|p1a: Cord Beak|48\/100|[from] Recoil\n|\n|-heal|p1a: Cord Beak|54\/100|[from] item: Leftovers\n|upkeep\n|turn|27\n|inactive|Renhur has 120 seconds left.\n|\n|t:|1700342065\n|move|p1a: Cord Beak|Brave Bird|p2a: Corviknight\n|-resisted|p2a: Corviknight\n|-damage|p2a: Corviknight|75\/100\n|-damage|p1a: Cord Beak|38\/100|[from] item: Rocky Helmet|[of] p2a: Corviknight\n|-damage|p1a: Cord Beak|34\/100|[from] Recoil\n|move|p2a: Corviknight|Brave Bird|p1a: Cord Beak\n|-resisted|p1a: Cord Beak\n|-damage|p1a: Cord Beak|24\/100\n|-damage|p2a: Corviknight|71\/100|[from] Recoil\n|\n|-heal|p1a: Cord Beak|30\/100|[from] item: Leftovers\n|upkeep\n|turn|28\n|inactive|Renhur has 120 seconds left.\n|\n|t:|1700342077\n|move|p1a: Cord Beak|Roost|p1a: Cord Beak\n|-heal|p1a: Cord Beak|80\/100\n|-singleturn|p1a: Cord Beak|move: Roost\n|move|p2a: Corviknight|Body Press|p1a: Cord Beak\n|-supereffective|p1a: Cord Beak\n|-damage|p1a: Cord Beak|49\/100\n|\n|-heal|p1a: Cord Beak|55\/100|[from] item: Leftovers\n|upkeep\n|turn|29\n|inactive|Renhur has 120 seconds left.\n|\n|t:|1700342087\n|move|p2a: Corviknight|Body Press|p1a: Cord Beak\n|-damage|p1a: Cord Beak|37\/100\n|move|p1a: Cord Beak|Brave Bird|p2a: Corviknight\n|-resisted|p2a: Corviknight\n|-damage|p2a: Corviknight|61\/100\n|-damage|p1a: Cord Beak|21\/100|[from] item: Rocky Helmet|[of] p2a: Corviknight\n|-damage|p1a: Cord Beak|17\/100|[from] Recoil\n|\n|-heal|p1a: Cord Beak|23\/100|[from] item: Leftovers\n|upkeep\n|turn|30\n|inactive|Renhur has 120 seconds left.\n|\n|t:|1700342101\n|move|p2a: Corviknight|Body Press|p1a: Cord Beak\n|-damage|p1a: Cord Beak|9\/100\n|move|p1a: Cord Beak|Roost|p1a: Cord Beak\n|-heal|p1a: Cord Beak|59\/100\n|-singleturn|p1a: Cord Beak|move: Roost\n|\n|-heal|p1a: Cord Beak|65\/100|[from] item: Leftovers\n|upkeep\n|turn|31\n|\n|t:|1700342109\n|move|p1a: Cord Beak|Defog|p2a: Corviknight\n|-unboost|p2a: Corviknight|evasion|1\n|move|p2a: Corviknight|Body Press|p1a: Cord Beak\n|-damage|p1a: Cord Beak|50\/100\n|\n|-heal|p1a: Cord Beak|56\/100|[from] item: Leftovers\n|upkeep\n|turn|32\n|\n|t:|1700342122\n|move|p1a: Cord Beak|Roost|p1a: Cord Beak\n|-heal|p1a: Cord Beak|100\/100\n|-singleturn|p1a: Cord Beak|move: Roost\n|move|p2a: Corviknight|Body Press|p1a: Cord Beak\n|-supereffective|p1a: Cord Beak\n|-damage|p1a: Cord Beak|66\/100\n|\n|-heal|p1a: Cord Beak|72\/100|[from] item: Leftovers\n|upkeep\n|turn|33\n|\n|t:|1700342136\n|move|p2a: Corviknight|Body Press|p1a: Cord Beak\n|-damage|p1a: Cord Beak|56\/100\n|move|p1a: Cord Beak|Defog|p2a: Corviknight\n|-unboost|p2a: Corviknight|evasion|1\n|\n|-heal|p1a: Cord Beak|62\/100|[from] item: Leftovers\n|upkeep\n|turn|34\n|\n|t:|1700342143\n|move|p1a: Cord Beak|Defog|p2a: Corviknight\n|-unboost|p2a: Corviknight|evasion|1\n|move|p2a: Corviknight|Body Press|p1a: Cord Beak\n|-damage|p1a: Cord Beak|48\/100\n|\n|-heal|p1a: Cord Beak|54\/100|[from] item: Leftovers\n|upkeep\n|turn|35\n|\n|t:|1700342150\n|move|p2a: Corviknight|Body Press|p1a: Cord Beak\n|-damage|p1a: Cord Beak|38\/100\n|move|p1a: Cord Beak|Defog|p2a: Corviknight\n|-unboost|p2a: Corviknight|evasion|1\n|\n|-heal|p1a: Cord Beak|44\/100|[from] item: Leftovers\n|upkeep\n|turn|36\n|\n|t:|1700342162\n|move|p1a: Cord Beak|Roost|p1a: Cord Beak\n|-heal|p1a: Cord Beak|94\/100\n|-singleturn|p1a: Cord Beak|move: Roost\n|move|p2a: Corviknight|Brave Bird|p1a: Cord Beak\n|-resisted|p1a: Cord Beak\n|-damage|p1a: Cord Beak|84\/100\n|-damage|p2a: Corviknight|57\/100|[from] Recoil\n|\n|-heal|p1a: Cord Beak|90\/100|[from] item: Leftovers\n|upkeep\n|turn|37\n|\n|t:|1700342179\n|move|p2a: Corviknight|Defog|p1a: Cord Beak\n|-unboost|p1a: Cord Beak|evasion|1\n|move|p1a: Cord Beak|Brave Bird|p2a: Corviknight\n|-resisted|p2a: Corviknight\n|-damage|p2a: Corviknight|45\/100\n|-damage|p1a: Cord Beak|73\/100|[from] item: Rocky Helmet|[of] p2a: Corviknight\n|-damage|p1a: Cord Beak|69\/100|[from] Recoil\n|\n|-heal|p1a: Cord Beak|75\/100|[from] item: Leftovers\n|upkeep\n|turn|38\n|\n|t:|1700342192\n|move|p2a: Corviknight|Roost|p2a: Corviknight\n|-heal|p2a: Corviknight|95\/100\n|-singleturn|p2a: Corviknight|move: Roost\n|move|p1a: Cord Beak|Brave Bird|p2a: Corviknight\n|-resisted|p2a: Corviknight\n|-damage|p2a: Corviknight|84\/100\n|-damage|p1a: Cord Beak|59\/100|[from] item: Rocky Helmet|[of] p2a: Corviknight\n|-damage|p1a: Cord Beak|55\/100|[from] Recoil\n|\n|-heal|p1a: Cord Beak|61\/100|[from] item: Leftovers\n|upkeep\n|turn|39\n|\n|t:|1700342204\n|move|p2a: Corviknight|Brave Bird|p1a: Cord Beak\n|-resisted|p1a: Cord Beak\n|-damage|p1a: Cord Beak|51\/100\n|-damage|p2a: Corviknight|81\/100|[from] Recoil\n|move|p1a: Cord Beak|Defog|p2a: Corviknight\n|-unboost|p2a: Corviknight|evasion|1\n|\n|-heal|p1a: Cord Beak|57\/100|[from] item: Leftovers\n|upkeep\n|turn|40\n|\n|t:|1700342215\n|move|p1a: Cord Beak|Defog|p2a: Corviknight\n|-unboost|p2a: Corviknight|evasion|1\n|move|p2a: Corviknight|Defog|p1a: Cord Beak\n|-unboost|p1a: Cord Beak|evasion|1\n|\n|-heal|p1a: Cord Beak|63\/100|[from] item: Leftovers\n|upkeep\n|turn|41\n|\n|t:|1700342223\n|move|p1a: Cord Beak|Defog||[still]\n|-unboost|p2a: Corviknight|evasion|0\n|-fail|p1a: Cord Beak\n|move|p2a: Corviknight|Brave Bird|p1a: Cord Beak\n|-resisted|p1a: Cord Beak\n|-damage|p1a: Cord Beak|52\/100\n|-damage|p2a: Corviknight|77\/100|[from] Recoil\n|\n|-heal|p1a: Cord Beak|58\/100|[from] item: Leftovers\n|upkeep\n|turn|42\n|\n|t:|1700342232\n|move|p1a: Cord Beak|Defog||[still]\n|-unboost|p2a: Corviknight|evasion|0\n|-fail|p1a: Cord Beak\n|move|p2a: Corviknight|Defog|p1a: Cord Beak\n|-unboost|p1a: Cord Beak|evasion|1\n|\n|-heal|p1a: Cord Beak|64\/100|[from] item: Leftovers\n|upkeep\n|turn|43\n|\n|t:|1700342242\n|move|p1a: Cord Beak|Defog||[still]\n|-unboost|p2a: Corviknight|evasion|0\n|-fail|p1a: Cord Beak\n|move|p2a: Corviknight|Defog|p1a: Cord Beak\n|-unboost|p1a: Cord Beak|evasion|1\n|\n|-heal|p1a: Cord Beak|70\/100|[from] item: Leftovers\n|upkeep\n|turn|44\n|\n|t:|1700342253\n|move|p1a: Cord Beak|U-turn|p2a: Corviknight\n|-resisted|p2a: Corviknight\n|-damage|p2a: Corviknight|75\/100\n|-damage|p1a: Cord Beak|54\/100|[from] item: Rocky Helmet|[of] p2a: Corviknight\n|\n|t:|1700342255\n|switch|p1a: Dylan|Grimmsnarl, M|56\/100|[from] U-turn\n|move|p2a: Corviknight|Defog|p1a: Dylan\n|-unboost|p1a: Dylan|evasion|1\n|\n|upkeep\n|turn|45\n|\n|t:|1700342262\n|move|p1a: Dylan|Parting Shot|p2a: Corviknight\n|-unboost|p2a: Corviknight|atk|1\n|-unboost|p2a: Corviknight|spa|1\n|\n|t:|1700342265\n|switch|p1a: Cord Beak|Corviknight, M|54\/100|[from] Parting Shot\n|-ability|p1a: Cord Beak|Pressure\n|move|p2a: Corviknight|Brave Bird|p1a: Cord Beak\n|-resisted|p1a: Cord Beak\n|-damage|p1a: Cord Beak|46\/100\n|-damage|p2a: Corviknight|73\/100|[from] Recoil\n|\n|-heal|p1a: Cord Beak|52\/100|[from] item: Leftovers\n|upkeep\n|turn|46\n|\n|t:|1700342281\n|move|p2a: Corviknight|Defog|p1a: Cord Beak\n|-unboost|p1a: Cord Beak|evasion|1\n|move|p1a: Cord Beak|Defog||[still]\n|-unboost|p2a: Corviknight|evasion|0\n|-fail|p1a: Cord Beak\n|\n|-heal|p1a: Cord Beak|58\/100|[from] item: Leftovers\n|upkeep\n|turn|47\n|\n|t:|1700342289\n|move|p2a: Corviknight|Defog|p1a: Cord Beak\n|-unboost|p1a: Cord Beak|evasion|1\n|move|p1a: Cord Beak|U-turn|p2a: Corviknight\n|-resisted|p2a: Corviknight\n|-damage|p2a: Corviknight|70\/100\n|-damage|p1a: Cord Beak|41\/100|[from] item: Rocky Helmet|[of] p2a: Corviknight\n|\n|t:|1700342292\n|switch|p1a: Dylan|Grimmsnarl, M|56\/100|[from] U-turn\n|\n|upkeep\n|turn|48\n|\n|t:|1700342297\n|move|p1a: Dylan|Reflect|p1a: Dylan\n|-sidestart|p1: Gamewolf378|Reflect\n|move|p2a: Corviknight|Brave Bird|p1a: Dylan\n|-damage|p1a: Dylan|41\/100\n|-damage|p2a: Corviknight|66\/100|[from] Recoil\n|\n|upkeep\n|turn|49\n|\n|t:|1700342306\n|move|p1a: Dylan|Parting Shot|p2a: Corviknight\n|-unboost|p2a: Corviknight|atk|1\n|-unboost|p2a: Corviknight|spa|1\n|\n|t:|1700342308\n|switch|p1a: Cord Beak|Corviknight, M|41\/100|[from] Parting Shot\n|-ability|p1a: Cord Beak|Pressure\n|move|p2a: Corviknight|Defog|p1a: Cord Beak\n|-unboost|p1a: Cord Beak|evasion|1\n|-sideend|p1: Gamewolf378|Reflect\n|\n|-heal|p1a: Cord Beak|47\/100|[from] item: Leftovers\n|upkeep\n|turn|50\n|\n|t:|1700342318\n|move|p1a: Cord Beak|Defog||[still]\n|-unboost|p2a: Corviknight|evasion|0\n|-fail|p1a: Cord Beak\n|move|p2a: Corviknight|Defog|p1a: Cord Beak\n|-unboost|p1a: Cord Beak|evasion|1\n|\n|-heal|p1a: Cord Beak|53\/100|[from] item: Leftovers\n|upkeep\n|turn|51\n|\n|t:|1700342326\n|move|p2a: Corviknight|Defog|p1a: Cord Beak\n|-unboost|p1a: Cord Beak|evasion|1\n|move|p1a: Cord Beak|U-turn|p2a: Corviknight\n|-resisted|p2a: Corviknight\n|-damage|p2a: Corviknight|64\/100\n|-damage|p1a: Cord Beak|37\/100|[from] item: Rocky Helmet|[of] p2a: Corviknight\n|\n|t:|1700342328\n|switch|p1a: Dylan|Grimmsnarl, M|41\/100|[from] U-turn\n|\n|upkeep\n|turn|52\n|\n|t:|1700342338\n|move|p1a: Dylan|Parting Shot|p2a: Corviknight\n|-unboost|p2a: Corviknight|atk|1\n|-unboost|p2a: Corviknight|spa|1\n|\n|t:|1700342340\n|switch|p1a: Cord Beak|Corviknight, M|37\/100|[from] Parting Shot\n|-ability|p1a: Cord Beak|Pressure\n|move|p2a: Corviknight|Brave Bird|p1a: Cord Beak\n|-resisted|p1a: Cord Beak\n|-damage|p1a: Cord Beak|32\/100\n|-damage|p2a: Corviknight|62\/100|[from] Recoil\n|\n|-heal|p1a: Cord Beak|38\/100|[from] item: Leftovers\n|upkeep\n|turn|53\n|\n|t:|1700342351\n|switch|p2a: Dragonite|Dragonite, F|100\/100\n|move|p1a: Cord Beak|Roost|p1a: Cord Beak\n|-heal|p1a: Cord Beak|88\/100\n|-singleturn|p1a: Cord Beak|move: Roost\n|\n|-heal|p1a: Cord Beak|94\/100|[from] item: Leftovers\n|upkeep\n|turn|54\n|\n|t:|1700342362\n|move|p2a: Dragonite|Dragon Dance|p2a: Dragonite\n|-boost|p2a: Dragonite|atk|1\n|-boost|p2a: Dragonite|spe|1\n|move|p1a: Cord Beak|Brave Bird|p2a: Dragonite\n|-damage|p2a: Dragonite|85\/100\n|-damage|p1a: Cord Beak|90\/100|[from] Recoil\n|\n|-heal|p1a: Cord Beak|96\/100|[from] item: Leftovers\n|upkeep\n|turn|55\n|\n|t:|1700342374\n|move|p2a: Dragonite|Dragon Dance|p2a: Dragonite\n|-boost|p2a: Dragonite|atk|1\n|-boost|p2a: Dragonite|spe|1\n|move|p1a: Cord Beak|U-turn|p2a: Dragonite\n|-resisted|p2a: Dragonite\n|-damage|p2a: Dragonite|79\/100\n|\n|t:|1700342376\n|switch|p1a: Dylan|Grimmsnarl, M|41\/100|[from] U-turn\n|\n|upkeep\n|turn|56\n|\n|t:|1700342383\n|move|p2a: Dragonite|Extreme Speed|p1a: Dylan\n|-damage|p1a: Dylan|0 fnt\n|faint|p1a: Dylan\n|\n|upkeep\n|\n|t:|1700342387\n|switch|p1a: Duck|Hydreigon, M|100\/100\n|turn|57\n|\n|t:|1700342391\n|move|p1a: Duck|Draco Meteor|p2a: Dragonite\n|-supereffective|p2a: Dragonite\n|-damage|p2a: Dragonite|0 fnt\n|-unboost|p1a: Duck|spa|2\n|faint|p2a: Dragonite\n|\n|upkeep\n|\n|t:|1700342402\n|switch|p2a: Cloyster|Cloyster, F|1\/100\n|turn|58\n|\n|t:|1700342406\n|switch|p1a: Cord Beak|Corviknight, M|96\/100\n|-ability|p1a: Cord Beak|Pressure\n|move|p2a: Cloyster|Ice Shard|p1a: Cord Beak\n|-damage|p1a: Cord Beak|85\/100\n|\n|-heal|p1a: Cord Beak|91\/100|[from] item: Leftovers\n|upkeep\n|turn|59\n|\n|t:|1700342414\n|switch|p2a: Corviknight|Corviknight, M|62\/100\n|-ability|p2a: Corviknight|Pressure\n|move|p1a: Cord Beak|U-turn|p2a: Corviknight\n|-resisted|p2a: Corviknight\n|-crit|p2a: Corviknight\n|-damage|p2a: Corviknight|59\/100\n|-damage|p1a: Cord Beak|75\/100|[from] item: Rocky Helmet|[of] p2a: Corviknight\n|\n|t:|1700342417\n|switch|p1a: Duck|Hydreigon, M|100\/100|[from] U-turn\n|\n|upkeep\n|turn|60\n|\n|t:|1700342431\n|move|p1a: Duck|Dark Pulse|p2a: Corviknight\n|-damage|p2a: Corviknight|14\/100\n|move|p2a: Corviknight|Defog|p1a: Duck\n|-unboost|p1a: Duck|evasion|1\n|\n|upkeep\n|turn|61\n|\n|t:|1700342438\n|move|p1a: Duck|Dark Pulse|p2a: Corviknight\n|-damage|p2a: Corviknight|0 fnt\n|faint|p2a: Corviknight\n|\n|upkeep\n|\n|t:|1700342442\n|switch|p2a: Cloyster|Cloyster, F|1\/100\n|turn|62\n|\n|t:|1700342446\n|switch|p1a: Cord Beak|Corviknight, M|75\/100\n|-ability|p1a: Cord Beak|Pressure\n|move|p2a: Cloyster|Shell Smash|p2a: Cloyster\n|-unboost|p2a: Cloyster|def|1\n|-unboost|p2a: Cloyster|spd|1\n|-boost|p2a: Cloyster|atk|2\n|-boost|p2a: Cloyster|spa|2\n|-boost|p2a: Cloyster|spe|2\n|\n|-heal|p1a: Cord Beak|81\/100|[from] item: Leftovers\n|upkeep\n|turn|63\n|\n|t:|1700342459\n|move|p2a: Cloyster|Icicle Spear|p1a: Cord Beak\n|-damage|p1a: Cord Beak|66\/100\n|-damage|p1a: Cord Beak|52\/100\n|-damage|p1a: Cord Beak|37\/100\n|-damage|p1a: Cord Beak|23\/100\n|-damage|p1a: Cord Beak|9\/100\n|-hitcount|p1a: Cord Beak|5\n|move|p1a: Cord Beak|U-turn|p2a: Cloyster\n|-damage|p2a: Cloyster|0 fnt\n|faint|p2a: Cloyster\n|\n|t:|1700342465\n|switch|p1a: Duck|Hydreigon, M|100\/100|[from] U-turn\n|\n|upkeep\n|\n|t:|1700342472\n|switch|p2a: Lucario|Lucario, M|100\/100\n|turn|64\n|\n|t:|1700342475\n|move|p1a: Duck|Draco Meteor|p2a: Lucario\n|-resisted|p2a: Lucario\n|-damage|p2a: Lucario|42\/100\n|-unboost|p1a: Duck|spa|2\n|move|p2a: Lucario|Reversal|p1a: Duck\n|-supereffective|p1a: Duck\n|-damage|p1a: Duck|56\/100\n|\n|upkeep\n|turn|65\n|c|\u2606Gamewolf378|Gg\n|\n|t:|1700342487\n|move|p2a: Lucario|Extreme Speed|p1a: Duck\n|-damage|p1a: Duck|22\/100\n|move|p1a: Duck|Draco Meteor|p2a: Lucario\n|-resisted|p2a: Lucario\n|-damage|p2a: Lucario|11\/100\n|-unboost|p1a: Duck|spa|2\n|\n|upkeep\n|turn|66\n|\n|t:|1700342496\n|move|p2a: Lucario|Extreme Speed|p1a: Duck\n|-damage|p1a: Duck|0 fnt\n|faint|p1a: Duck\n|\n|upkeep\n|\n|t:|1700342498\n|switch|p1a: Cord Beak|Corviknight, M|9\/100\n|-ability|p1a: Cord Beak|Pressure\n|turn|67\n|\n|t:|1700342504\n|move|p2a: Lucario|Bullet Punch|p1a: Cord Beak\n|-resisted|p1a: Cord Beak\n|-damage|p1a: Cord Beak|3\/100\n|move|p1a: Cord Beak|Roost|p1a: Cord Beak\n|-heal|p1a: Cord Beak|53\/100\n|-singleturn|p1a: Cord Beak|move: Roost\n|\n|-heal|p1a: Cord Beak|59\/100|[from] item: Leftovers\n|upkeep\n|turn|68\n|\n|t:|1700342516\n|move|p2a: Lucario|Reversal|p1a: Cord Beak\n|-damage|p1a: Cord Beak|26\/100\n|move|p1a: Cord Beak|Brave Bird|p2a: Lucario\n|-damage|p2a: Lucario|0 fnt\n|faint|p2a: Lucario\n|-damage|p1a: Cord Beak|24\/100|[from] Recoil\n|\n|win|Gamewolf378\n|raw|Gamewolf378's rating: 1236 &rarr; <strong>1258<\/strong><br \/>(+22 for winning)\n|raw|Renhur's rating: 1195 &rarr; <strong>1173<\/strong><br \/>(-22 for losing)\n","uploadtime":1700342523,"views":23,"p1id":"gamewolf378","p2id":"renhur","formatid":"gen9ou","rating":1173,"private":0,"password":""}