{"id":"gen9ou-1991680017","p1":"u933","p2":"zshmoneyy","format":"[Gen 9] OU","log":"|j|\u2606u933\n|j|\u2606zshmoneyy\n|t:|1700101869\n|gametype|singles\n|player|p1|u933|169|1421\n|player|p2|zshmoneyy|ethan|1352\n|teamsize|p1|6\n|teamsize|p2|6\n|gen|9\n|tier|[Gen 9] OU\n|rated|\n|rule|Sleep Clause Mod: Limit one foe put to sleep\n|rule|Species Clause: Limit one of each Pok\u00e9mon\n|rule|OHKO Clause: OHKO moves are banned\n|rule|Evasion Items Clause: Evasion items are banned\n|rule|Evasion Moves Clause: Evasion moves are banned\n|rule|Endless Battle Clause: Forcing endless battles is banned\n|rule|HP Percentage Mod: HP is shown in percentages\n|clearpoke\n|poke|p1|Rillaboom, F|\n|poke|p1|Sneasler, F|\n|poke|p1|Hatterene, F|\n|poke|p1|Ursaluna, M|\n|poke|p1|Heatran, M|\n|poke|p1|Iron Valiant|\n|poke|p2|Great Tusk|\n|poke|p2|Gholdengo|\n|poke|p2|Kingambit, M|\n|poke|p2|Sylveon, F|\n|poke|p2|Dondozo, F|\n|poke|p2|Cinderace, F|\n|teampreview\n|\n|t:|1700101887\n|start\n|switch|p1a: Heatran|Heatran, M|100\/100\n|switch|p2a: Cinderace|Cinderace, F|100\/100\n|-item|p1a: Heatran|Air Balloon\n|turn|1\n|\n|t:|1700101899\n|switch|p1a: Hatterene|Hatterene, F|100\/100\n|move|p2a: Cinderace|U-turn|p1a: Hatterene\n|-start|p2a: Cinderace|typechange|Bug|[from] ability: Libero\n|-damage|p1a: Hatterene|63\/100\n|\n|t:|1700101907\n|switch|p2a: Mr President|Gholdengo|100\/100|[from] U-turn\n|\n|upkeep\n|turn|2\n|\n|t:|1700101915\n|switch|p1a: Heatran|Heatran, M|100\/100\n|-item|p1a: Heatran|Air Balloon\n|move|p2a: Mr President|Make It Rain|p1a: Heatran\n|-resisted|p1a: Heatran\n|-damage|p1a: Heatran|88\/100\n|-unboost|p2a: Mr President|spa|1\n|-enditem|p1a: Heatran|Air Balloon\n|\n|upkeep\n|turn|3\n|\n|t:|1700101951\n|switch|p2a: Sylveon|Sylveon, F, shiny|100\/100\n|move|p1a: Heatran|Stealth Rock|p2a: Sylveon\n|-sidestart|p2: zshmoneyy|move: Stealth Rock\n|\n|upkeep\n|turn|4\n|\n|t:|1700101969\n|switch|p1a: Hatterene|Hatterene, F|63\/100\n|-terastallize|p2a: Sylveon|Ground\n|move|p2a: Sylveon|Tera Blast|p1a: Hatterene|[anim] Tera Blast Ground\n|-damage|p1a: Hatterene|29\/100\n|\n|upkeep\n|turn|5\n|\n|t:|1700101977\n|move|p2a: Sylveon|Hyper Voice|p1a: Hatterene\n|-damage|p1a: Hatterene|0 fnt\n|faint|p1a: Hatterene\n|\n|upkeep\n|\n|t:|1700101982\n|switch|p1a: Rillaboom|Rillaboom, F|100\/100\n|-fieldstart|move: Grassy Terrain|[from] ability: Grassy Surge|[of] p1a: Rillaboom\n|turn|6\n|\n|t:|1700101991\n|switch|p2a: Cinderace|Cinderace, F|100\/100\n|move|p1a: Rillaboom|U-turn|p2a: Cinderace\n|-resisted|p2a: Cinderace\n|-damage|p2a: Cinderace|72\/100\n|\n|t:|1700102001\n|switch|p1a: Ursaluna|Ursaluna, M|100\/100|[from] U-turn\n|\n|-heal|p2a: Cinderace|78\/100|[from] Grassy Terrain\n|-status|p1a: Ursaluna|brn|[from] item: Flame Orb\n|upkeep\n|turn|7\n|\n|t:|1700102025\n|move|p2a: Cinderace|Court Change|p2a: Cinderace\n|-start|p2a: Cinderace|typechange|Normal|[from] ability: Libero\n|-swapsideconditions\n|-activate|p2a: Cinderace|move: Court Change\n|move|p1a: Ursaluna|Headlong Rush|p2a: Cinderace\n|-damage|p2a: Cinderace|0 fnt\n|-unboost|p1a: Ursaluna|def|1\n|-unboost|p1a: Ursaluna|spd|1\n|faint|p2a: Cinderace\n|\n|-damage|p1a: Ursaluna|94\/100 brn|[from] brn\n|upkeep\n|\n|t:|1700102046\n|switch|p2a: Mr Cycle|Great Tusk, shiny|100\/100\n|turn|8\n|\n|t:|1700102071\n|move|p2a: Mr Cycle|Head Smash|p1a: Ursaluna\n|-resisted|p1a: Ursaluna\n|-damage|p1a: Ursaluna|68\/100 brn\n|-damage|p2a: Mr Cycle|84\/100|[from] Recoil\n|move|p1a: Ursaluna|Ice Punch|p2a: Mr Cycle\n|-supereffective|p2a: Mr Cycle\n|-damage|p2a: Mr Cycle|23\/100\n|\n|-heal|p2a: Mr Cycle|29\/100|[from] Grassy Terrain\n|-heal|p1a: Ursaluna|74\/100 brn|[from] Grassy Terrain\n|-damage|p1a: Ursaluna|68\/100 brn|[from] brn\n|upkeep\n|turn|9\n|\n|t:|1700102085\n|-end|p2a: Mr Cycle|Protosynthesis|[silent]\n|switch|p2a: Dondozo|Dondozo, F|100\/100\n|move|p1a: Ursaluna|Facade|p2a: Dondozo\n|-damage|p2a: Dondozo|31\/100\n|\n|-heal|p1a: Ursaluna|74\/100 brn|[from] Grassy Terrain\n|-heal|p2a: Dondozo|37\/100|[from] Grassy Terrain\n|-heal|p2a: Dondozo|44\/100|[from] item: Leftovers\n|-damage|p1a: Ursaluna|68\/100 brn|[from] brn\n|upkeep\n|turn|10\n|\n|t:|1700102100\n|switch|p2a: Mr President|Gholdengo|100\/100\n|move|p1a: Ursaluna|Facade|p2a: Mr President\n|-immune|p2a: Mr President\n|\n|-heal|p1a: Ursaluna|74\/100 brn|[from] Grassy Terrain\n|-damage|p1a: Ursaluna|68\/100 brn|[from] brn\n|-fieldend|move: Grassy Terrain\n|upkeep\n|turn|11\n|\n|t:|1700102110\n|switch|p1a: Heatran|Heatran, M|88\/100\n|-damage|p1a: Heatran|75\/100|[from] Stealth Rock\n|move|p2a: Mr President|Make It Rain|p1a: Heatran\n|-resisted|p1a: Heatran\n|-damage|p1a: Heatran|62\/100\n|-unboost|p2a: Mr President|spa|1\n|\n|upkeep\n|turn|12\n|\n|t:|1700102127\n|switch|p2a: Sylveon|Sylveon, F, shiny, tera:Ground|100\/100\n|move|p1a: Heatran|Stealth Rock|p2a: Sylveon\n|-sidestart|p2: zshmoneyy|move: Stealth Rock\n|\n|upkeep\n|turn|13\n|\n|t:|1700102142\n|move|p1a: Heatran|Magma Storm|p2a: Sylveon|[miss]\n|-miss|p1a: Heatran|p2a: Sylveon\n|move|p2a: Sylveon|Hyper Voice|p1a: Heatran\n|-resisted|p1a: Heatran\n|-damage|p1a: Heatran|53\/100\n|\n|upkeep\n|turn|14\n|\n|t:|1700102156\n|move|p1a: Heatran|Magma Storm|p2a: Sylveon\n|-damage|p2a: Sylveon|72\/100\n|-activate|p2a: Sylveon|move: Magma Storm|[of] p1a: Heatran\n|move|p2a: Sylveon|Tera Blast|p1a: Heatran|[anim] Tera Blast Ground\n|-supereffective|p1a: Heatran\n|-damage|p1a: Heatran|0 fnt\n|faint|p1a: Heatran\n|\n|-heal|p2a: Sylveon|78\/100|[from] item: Leftovers\n|-end|p2a: Sylveon|Magma Storm|[partiallytrapped]|[silent]\n|upkeep\n|\n|t:|1700102164\n|switch|p1a: Rillaboom|Rillaboom, F|100\/100\n|-damage|p1a: Rillaboom|88\/100|[from] Stealth Rock\n|-fieldstart|move: Grassy Terrain|[from] ability: Grassy Surge|[of] p1a: Rillaboom\n|turn|15\n|inactive|Battle timer is ON: inactive players will automatically lose when time's up. (requested by u933)\n|\n|t:|1700102172\n|move|p2a: Sylveon|Protect|p2a: Sylveon\n|-singleturn|p2a: Sylveon|Protect\n|move|p1a: Rillaboom|U-turn|p2a: Sylveon\n|-activate|p2a: Sylveon|move: Protect\n|\n|-heal|p1a: Rillaboom|94\/100|[from] Grassy Terrain\n|-heal|p2a: Sylveon|84\/100|[from] Grassy Terrain\n|-heal|p2a: Sylveon|90\/100|[from] item: Leftovers\n|upkeep\n|turn|16\n|\n|t:|1700102185\n|move|p1a: Rillaboom|U-turn|p2a: Sylveon\n|-damage|p2a: Sylveon|40\/100\n|\n|t:|1700102193\n|switch|p1a: Ursaluna|Ursaluna, M|68\/100 brn|[from] U-turn\n|-damage|p1a: Ursaluna|62\/100 brn|[from] Stealth Rock\n|move|p2a: Sylveon|Wish|p2a: Sylveon\n|\n|-heal|p2a: Sylveon|46\/100|[from] Grassy Terrain\n|-heal|p2a: Sylveon|52\/100|[from] item: Leftovers\n|-heal|p1a: Ursaluna|68\/100 brn|[from] Grassy Terrain\n|-damage|p1a: Ursaluna|62\/100 brn|[from] brn\n|upkeep\n|turn|17\n|inactive|zshmoneyy has 120 seconds left.\n|\n|t:|1700102249\n|switch|p2a: Dondozo|Dondozo, F|44\/100\n|-damage|p2a: Dondozo|31\/100|[from] Stealth Rock\n|-terastallize|p1a: Ursaluna|Poison\n|move|p1a: Ursaluna|Facade|p2a: Dondozo\n|-damage|p2a: Dondozo|0 fnt\n|faint|p2a: Dondozo\n|\n|-heal|p1a: Ursaluna|68\/100 brn|[from] Grassy Terrain\n|-damage|p1a: Ursaluna|62\/100 brn|[from] brn\n|upkeep\n|inactive|zshmoneyy has 90 seconds left.\n|\n|t:|1700102279\n|switch|p2a: Mr Cycle|Great Tusk, shiny|29\/100\n|turn|18\n|\n|t:|1700102286\n|move|p2a: Mr Cycle|Headlong Rush|p1a: Ursaluna\n|-supereffective|p1a: Ursaluna\n|-crit|p1a: Ursaluna\n|-damage|p1a: Ursaluna|0 fnt\n|-unboost|p2a: Mr Cycle|def|1\n|-unboost|p2a: Mr Cycle|spd|1\n|faint|p1a: Ursaluna\n|\n|-heal|p2a: Mr Cycle|35\/100|[from] Grassy Terrain\n|upkeep\n|inactive|u933 has 120 seconds left.\n|\n|t:|1700102308\n|switch|p1a: Sneasler|Sneasler, F, shiny|100\/100\n|-damage|p1a: Sneasler|94\/100|[from] Stealth Rock\n|-enditem|p1a: Sneasler|Grassy Seed\n|-boost|p1a: Sneasler|def|1|[from] item: Grassy Seed\n|turn|19\n|inactive|zshmoneyy has 90 seconds left.\n|\n|t:|1700102321\n|move|p1a: Sneasler|Dire Claw|p2a: Mr Cycle\n|-resisted|p2a: Mr Cycle\n|-damage|p2a: Mr Cycle|12\/100\n|-status|p2a: Mr Cycle|par\n|move|p2a: Mr Cycle|Headlong Rush|p1a: Sneasler\n|-supereffective|p1a: Sneasler\n|-damage|p1a: Sneasler|0 fnt\n|-unboost|p2a: Mr Cycle|def|1\n|-unboost|p2a: Mr Cycle|spd|1\n|faint|p1a: Sneasler\n|\n|-heal|p2a: Mr Cycle|18\/100 par|[from] Grassy Terrain\n|-fieldend|move: Grassy Terrain\n|upkeep\n|\n|t:|1700102329\n|switch|p1a: Rillaboom|Rillaboom, F|94\/100\n|-damage|p1a: Rillaboom|82\/100|[from] Stealth Rock\n|-fieldstart|move: Grassy Terrain|[from] ability: Grassy Surge|[of] p1a: Rillaboom\n|turn|20\n|\n|t:|1700102344\n|move|p1a: Rillaboom|U-turn|p2a: Mr Cycle\n|-resisted|p2a: Mr Cycle\n|-damage|p2a: Mr Cycle|0 fnt\n|faint|p2a: Mr Cycle\n|-end|p2a: Mr Cycle|Protosynthesis|[silent]\n|\n|t:|1700102348\n|switch|p1a: Iron Valiant|Iron Valiant|100\/100|[from] U-turn\n|-damage|p1a: Iron Valiant|94\/100|[from] Stealth Rock\n|-enditem|p1a: Iron Valiant|Booster Energy\n|-activate|p1a: Iron Valiant|ability: Quark Drive|[fromitem]\n|-start|p1a: Iron Valiant|quarkdrivespe\n|\n|-heal|p1a: Iron Valiant|100\/100|[from] Grassy Terrain\n|upkeep\n|inactive|zshmoneyy has 90 seconds left.\n|\n|t:|1700102385\n|switch|p2a: Mr President|Gholdengo|100\/100\n|-damage|p2a: Mr President|94\/100|[from] Stealth Rock\n|turn|21\n|\n|t:|1700102398\n|move|p1a: Iron Valiant|Thunderbolt|p2a: Mr President\n|-damage|p2a: Mr President|58\/100\n|move|p2a: Mr President|Make It Rain|p1a: Iron Valiant\n|-supereffective|p1a: Iron Valiant\n|-damage|p1a: Iron Valiant|0 fnt\n|-unboost|p2a: Mr President|spa|1\n|faint|p1a: Iron Valiant\n|-end|p1a: Iron Valiant|Quark Drive|[silent]\n|\n|-heal|p2a: Mr President|64\/100|[from] Grassy Terrain\n|upkeep\n|\n|t:|1700102403\n|switch|p1a: Rillaboom|Rillaboom, F|82\/100\n|-damage|p1a: Rillaboom|70\/100|[from] Stealth Rock\n|turn|22\n|\n|t:|1700102427\n|switch|p2a: Sylveon|Sylveon, F, shiny, tera:Ground|52\/100\n|-damage|p2a: Sylveon|46\/100|[from] Stealth Rock\n|move|p1a: Rillaboom|Wood Hammer|p2a: Sylveon\n|-supereffective|p2a: Sylveon\n|-damage|p2a: Sylveon|0 fnt\n|faint|p2a: Sylveon\n|-damage|p1a: Rillaboom|53\/100|[from] Recoil\n|\n|-heal|p1a: Rillaboom|59\/100|[from] Grassy Terrain\n|upkeep\n|\n|t:|1700102438\n|switch|p2a: Mr President|Gholdengo|64\/100\n|-damage|p2a: Mr President|58\/100|[from] Stealth Rock\n|turn|23\n|\n|t:|1700102443\n|move|p2a: Mr President|Make It Rain|p1a: Rillaboom\n|-damage|p1a: Rillaboom|0 fnt\n|-unboost|p2a: Mr President|spa|1\n|faint|p1a: Rillaboom\n|\n|win|zshmoneyy\n|raw|u933's rating: 1421 &rarr; <strong>1397<\/strong><br \/>(-24 for losing)\n|raw|zshmoneyy's rating: 1352 &rarr; <strong>1376<\/strong><br \/>(+24 for winning)\n|l|\u2606u933\n","uploadtime":1700102457,"views":7,"p1id":"u933","p2id":"zshmoneyy","formatid":"gen9ou","rating":1376,"private":0,"password":""}