{"id":"gen9ou-1993741977","p1":"Gatrekd","p2":"LkFelixBR","format":"[Gen 9] OU","log":"|j|\u2606Gatrekd\n|j|\u2606LkFelixBR\n|t:|1700351815\n|gametype|singles\n|player|p1|Gatrekd|marlon|1176\n|player|p2|LkFelixBR|steven|1283\n|teamsize|p1|6\n|teamsize|p2|6\n|gen|9\n|tier|[Gen 9] OU\n|rated|\n|rule|Sleep Clause Mod: Limit one foe put to sleep\n|rule|Species Clause: Limit one of each Pok\u00e9mon\n|rule|OHKO Clause: OHKO moves are banned\n|rule|Evasion Items Clause: Evasion items are banned\n|rule|Evasion Moves Clause: Evasion moves are banned\n|rule|Endless Battle Clause: Forcing endless battles is banned\n|rule|HP Percentage Mod: HP is shown in percentages\n|clearpoke\n|poke|p1|Ribombee, F|\n|poke|p1|Gholdengo|\n|poke|p1|Landorus-Therian, M|\n|poke|p1|Walking Wake|\n|poke|p1|Ogerpon-Cornerstone, F|\n|poke|p1|Skeledirge, F|\n|poke|p2|Ceruledge, F|\n|poke|p2|Greninja-*, M|\n|poke|p2|Garganacl, F|\n|poke|p2|Sneasler, F|\n|poke|p2|Rillaboom, M|\n|poke|p2|Landorus-Therian, M|\n|teampreview\n|\n|t:|1700351838\n|start\n|switch|p1a: IDFK|Landorus-Therian, M|100\/100\n|switch|p2a: Garganacl|Garganacl, F|100\/100\n|-ability|p1a: IDFK|Intimidate|boost\n|-unboost|p2a: Garganacl|atk|1\n|turn|1\n|\n|t:|1700351849\n|move|p1a: IDFK|Swords Dance|p1a: IDFK\n|-boost|p1a: IDFK|atk|2\n|move|p2a: Garganacl|Salt Cure|p1a: IDFK\n|-damage|p1a: IDFK|89\/100\n|-start|p1a: IDFK|Salt Cure\n|\n|-damage|p1a: IDFK|77\/100|[from] Salt Cure\n|upkeep\n|turn|2\n|\n|t:|1700351857\n|move|p2a: Garganacl|Protect|p2a: Garganacl\n|-singleturn|p2a: Garganacl|Protect\n|move|p1a: IDFK|Stone Edge|p2a: Garganacl\n|-activate|p2a: Garganacl|move: Protect\n|\n|-damage|p1a: IDFK|64\/100|[from] Salt Cure\n|upkeep\n|turn|3\n|\n|t:|1700351864\n|move|p1a: IDFK|Earthquake|p2a: Garganacl\n|-supereffective|p2a: Garganacl\n|-damage|p2a: Garganacl|0 fnt\n|faint|p2a: Garganacl\n|\n|-damage|p1a: IDFK|52\/100|[from] Salt Cure\n|upkeep\n|\n|t:|1700351875\n|switch|p2a: Rillaboom|Rillaboom, M|100\/100\n|-fieldstart|move: Grassy Terrain|[from] ability: Grassy Surge|[of] p2a: Rillaboom\n|turn|4\n|\n|t:|1700351902\n|switch|p1a: Skeledirge|Skeledirge, F|100\/100\n|move|p2a: Rillaboom|Knock Off|p1a: Skeledirge\n|-supereffective|p1a: Skeledirge\n|-damage|p1a: Skeledirge|34\/100\n|-enditem|p1a: Skeledirge|Heavy-Duty Boots|[from] move: Knock Off|[of] p2a: Rillaboom\n|\n|-heal|p1a: Skeledirge|40\/100|[from] Grassy Terrain\n|upkeep\n|turn|5\n|\n|t:|1700351922\n|move|p2a: Rillaboom|Knock Off|p1a: Skeledirge\n|-supereffective|p1a: Skeledirge\n|-damage|p1a: Skeledirge|0 fnt\n|faint|p1a: Skeledirge\n|\n|upkeep\n|\n|t:|1700351931\n|switch|p1a: Buzz Buzz|Ribombee, F|100\/100\n|turn|6\n|\n|t:|1700351941\n|switch|p2a: Landorus|Landorus-Therian, M|100\/100\n|-ability|p2a: Landorus|Intimidate|boost\n|-unboost|p1a: Buzz Buzz|atk|1\n|move|p1a: Buzz Buzz|Sticky Web|p2a: Landorus\n|-sidestart|p2: LkFelixBR|move: Sticky Web\n|\n|upkeep\n|turn|7\n|\n|t:|1700351960\n|-terastallize|p1a: Buzz Buzz|Steel\n|move|p2a: Landorus|Stone Edge|p1a: Buzz Buzz\n|-resisted|p1a: Buzz Buzz\n|-damage|p1a: Buzz Buzz|62\/100\n|move|p1a: Buzz Buzz|Quiver Dance|p1a: Buzz Buzz\n|-boost|p1a: Buzz Buzz|spa|1\n|-boost|p1a: Buzz Buzz|spd|1\n|-boost|p1a: Buzz Buzz|spe|1\n|\n|-heal|p1a: Buzz Buzz|68\/100|[from] Grassy Terrain\n|upkeep\n|turn|8\n|\n|t:|1700351984\n|switch|p2a: Greninja|Greninja, M|100\/100\n|-activate|p2a: Greninja|move: Sticky Web\n|-unboost|p2a: Greninja|spe|1\n|move|p1a: Buzz Buzz|Moonblast|p2a: Greninja\n|-supereffective|p2a: Greninja\n|-damage|p2a: Greninja|0 fnt\n|faint|p2a: Greninja\n|\n|-heal|p1a: Buzz Buzz|74\/100|[from] Grassy Terrain\n|-fieldend|move: Grassy Terrain\n|upkeep\n|\n|t:|1700351993\n|switch|p2a: Landorus|Landorus-Therian, M|100\/100\n|-ability|p2a: Landorus|Intimidate|boost\n|-unboost|p1a: Buzz Buzz|atk|1\n|turn|9\n|\n|t:|1700351999\n|move|p1a: Buzz Buzz|Moonblast|p2a: Landorus\n|-damage|p2a: Landorus|5\/100\n|move|p2a: Landorus|Earthquake|p1a: Buzz Buzz\n|-supereffective|p1a: Buzz Buzz\n|-damage|p1a: Buzz Buzz|0 fnt\n|faint|p1a: Buzz Buzz\n|\n|upkeep\n|\n|t:|1700352016\n|switch|p1a: IDFK|Landorus-Therian, M|52\/100\n|-ability|p1a: IDFK|Intimidate|boost\n|-unboost|p2a: Landorus|atk|1\n|turn|10\n|\n|t:|1700352022\n|move|p2a: Landorus|Earthquake|p1a: IDFK\n|-immune|p1a: IDFK\n|move|p1a: IDFK|Smack Down|p2a: Landorus\n|-damage|p2a: Landorus|0 fnt\n|faint|p2a: Landorus\n|\n|upkeep\n|\n|t:|1700352028\n|switch|p2a: Rillaboom|Rillaboom, M|100\/100\n|-activate|p2a: Rillaboom|move: Sticky Web\n|-unboost|p2a: Rillaboom|spe|1\n|-fieldstart|move: Grassy Terrain|[from] ability: Grassy Surge|[of] p2a: Rillaboom\n|turn|11\n|\n|t:|1700352036\n|move|p2a: Rillaboom|Grassy Glide|p1a: IDFK\n|-damage|p1a: IDFK|0 fnt\n|faint|p1a: IDFK\n|\n|upkeep\n|\n|t:|1700352043\n|switch|p1a: Suicune?|Walking Wake|100\/100\n|turn|12\n|\n|t:|1700352048\n|move|p2a: Rillaboom|Grassy Glide|p1a: Suicune?\n|-damage|p1a: Suicune?|37\/100\n|move|p1a: Suicune?|Flamethrower|p2a: Rillaboom\n|-supereffective|p2a: Rillaboom\n|-damage|p2a: Rillaboom|0 fnt\n|faint|p2a: Rillaboom\n|\n|-heal|p1a: Suicune?|44\/100|[from] Grassy Terrain\n|upkeep\n|\n|t:|1700352058\n|switch|p2a: Sneasler|Sneasler, F|100\/100\n|-activate|p2a: Sneasler|move: Sticky Web\n|-unboost|p2a: Sneasler|spe|1\n|-enditem|p2a: Sneasler|Grassy Seed\n|-boost|p2a: Sneasler|def|1|[from] item: Grassy Seed\n|turn|13\n|\n|t:|1700352073\n|-end|p1a: Suicune?|Protosynthesis|[silent]\n|switch|p1a: Kash Krabs|Gholdengo|100\/100\n|-terastallize|p2a: Sneasler|Flying\n|move|p2a: Sneasler|Acrobatics|p1a: Kash Krabs\n|-resisted|p1a: Kash Krabs\n|-damage|p1a: Kash Krabs|63\/100\n|\n|-heal|p1a: Kash Krabs|69\/100|[from] Grassy Terrain\n|upkeep\n|turn|14\n|\n|t:|1700352087\n|move|p2a: Sneasler|Swords Dance|p2a: Sneasler\n|-boost|p2a: Sneasler|atk|2\n|move|p1a: Kash Krabs|Make It Rain|p2a: Sneasler\n|-damage|p2a: Sneasler|0 fnt\n|-unboost|p1a: Kash Krabs|spa|1\n|faint|p2a: Sneasler\n|-damage|p1a: Kash Krabs|59\/100|[from] item: Life Orb\n|\n|-heal|p1a: Kash Krabs|65\/100|[from] Grassy Terrain\n|upkeep\n|\n|t:|1700352097\n|switch|p2a: Ceruledge|Ceruledge, F|100\/100\n|-activate|p2a: Ceruledge|move: Sticky Web\n|-unboost|p2a: Ceruledge|spe|1\n|turn|15\n|\n|t:|1700352115\n|move|p1a: Kash Krabs|Shadow Ball|p2a: Ceruledge\n|-supereffective|p2a: Ceruledge\n|-damage|p2a: Ceruledge|8\/100\n|-damage|p1a: Kash Krabs|55\/100|[from] item: Life Orb\n|move|p2a: Ceruledge|Bitter Blade|p1a: Kash Krabs\n|-supereffective|p1a: Kash Krabs\n|-damage|p1a: Kash Krabs|0 fnt\n|-heal|p2a: Ceruledge|38\/100|[from] drain|[of] p1a: Kash Krabs\n|faint|p1a: Kash Krabs\n|\n|-heal|p2a: Ceruledge|44\/100|[from] Grassy Terrain\n|-fieldend|move: Grassy Terrain\n|upkeep\n|\n|t:|1700352127\n|switch|p1a: Suicune?|Walking Wake|44\/100\n|turn|16\n|\n|t:|1700352137\n|move|p2a: Ceruledge|Shadow Sneak|p1a: Suicune?\n|-damage|p1a: Suicune?|20\/100\n|move|p1a: Suicune?|Hydro Steam|p2a: Ceruledge\n|-supereffective|p2a: Ceruledge\n|-damage|p2a: Ceruledge|0 fnt\n|faint|p2a: Ceruledge\n|\n|win|Gatrekd\n|raw|Gatrekd's rating: 1176 &rarr; <strong>1208<\/strong><br \/>(+32 for winning)\n|raw|LkFelixBR's rating: 1283 &rarr; <strong>1251<\/strong><br \/>(-32 for losing)\n|l|\u2606LkFelixBR\n","uploadtime":1700352157,"views":8,"p1id":"gatrekd","p2id":"lkfelixbr","formatid":"gen9ou","rating":1208,"private":0,"password":""}