{"id":"gen9ou-1999986283","p1":"megris88","p2":"34ThirtyFour","format":"[Gen 9] OU","log":"|j|\u2606megris88\n|j|\u260634ThirtyFour\n|t:|1701137897\n|gametype|singles\n|player|p1|megris88|1|1209\n|player|p2|34ThirtyFour|ruinmaniac|1180\n|teamsize|p1|6\n|teamsize|p2|6\n|gen|9\n|tier|[Gen 9] OU\n|rated|\n|rule|Sleep Clause Mod: Limit one foe put to sleep\n|rule|Species Clause: Limit one of each Pok\u00e9mon\n|rule|OHKO Clause: OHKO moves are banned\n|rule|Evasion Items Clause: Evasion items are banned\n|rule|Evasion Moves Clause: Evasion moves are banned\n|rule|Endless Battle Clause: Forcing endless battles is banned\n|rule|HP Percentage Mod: HP is shown in percentages\n|clearpoke\n|poke|p1|Cresselia, F|\n|poke|p1|Conkeldurr, M|\n|poke|p1|Weezing-Galar, F|\n|poke|p1|Ursaluna, F|\n|poke|p1|Hoopa-Unbound|\n|poke|p1|Grimmsnarl, M|\n|poke|p2|Klawf, F|\n|poke|p2|Armarouge, M|\n|poke|p2|Kingambit, F|\n|poke|p2|Dragalge, M|\n|poke|p2|Donphan, M|\n|poke|p2|Braviary-Hisui, M|\n|teampreview\n|inactive|Battle timer is ON: inactive players will automatically lose when time's up. (requested by 34ThirtyFour)\n|c|\u2606megris88|I wonder what i will fight this time\n|c|\u2606megris88|Weird matchs and day\n|\n|t:|1701137928\n|start\n|switch|p1a: Cresselia|Cresselia, F|100\/100\n|switch|p2a: Dragalge|Dragalge, M|100\/100\n|turn|1\n|\n|t:|1701137941\n|move|p2a: Dragalge|Draco Meteor|p1a: Cresselia\n|-damage|p1a: Cresselia|32\/100\n|-unboost|p2a: Dragalge|spa|2\n|-damage|p2a: Dragalge|91\/100|[from] item: Life Orb\n|move|p1a: Cresselia|Trick Room|p1a: Cresselia\n|-fieldstart|move: Trick Room|[of] p1a: Cresselia\n|\n|-heal|p1a: Cresselia|39\/100|[from] item: Leftovers\n|upkeep\n|turn|2\n|\n|t:|1701137952\n|switch|p2a: Donphan|Donphan, M|100\/100\n|switch|p1a: Weezing|Weezing-Galar, F|100\/100\n|\n|upkeep\n|turn|3\n|\n|t:|1701137962\n|move|p2a: Donphan|Endeavor|p1a: Weezing\n|-immune|p1a: Weezing\n|move|p1a: Weezing|Will-O-Wisp|p2a: Donphan|[miss]\n|-miss|p1a: Weezing|p2a: Donphan\n|\n|upkeep\n|turn|4\n|\n|t:|1701137969\n|switch|p2a: Armarouge|Armarouge, M|100\/100\n|move|p1a: Weezing|Strange Steam|p2a: Armarouge\n|-resisted|p2a: Armarouge\n|-damage|p2a: Armarouge|84\/100\n|-start|p2a: Armarouge|confusion\n|\n|upkeep\n|turn|5\n|\n|t:|1701137984\n|switch|p1a: Hoopa|Hoopa-Unbound|100\/100\n|switch|p2a: Braviary|Braviary-Hisui, M|100\/100\n|\n|-fieldend|move: Trick Room\n|upkeep\n|turn|6\n|\n|t:|1701137995\n|switch|p2a: Klawf|Klawf, F|100\/100\n|move|p1a: Hoopa|Trick Room|p1a: Hoopa\n|-fieldstart|move: Trick Room|[of] p1a: Hoopa\n|\n|upkeep\n|turn|7\n|\n|t:|1701138009\n|-terastallize|p1a: Hoopa|Water\n|move|p1a: Hoopa|Hyperspace Fury|p2a: Klawf\n|-damage|p2a: Klawf|22\/100\n|-unboost|p1a: Hoopa|def|1\n|-enditem|p2a: Klawf|Liechi Berry|[eat]\n|-boost|p2a: Klawf|atk|1|[from] item: Liechi Berry\n|-ability|p2a: Klawf|Anger Shell|boost\n|-boost|p2a: Klawf|atk|1\n|-boost|p2a: Klawf|spa|1\n|-boost|p2a: Klawf|spe|1\n|-unboost|p2a: Klawf|def|1\n|-unboost|p2a: Klawf|spd|1\n|move|p2a: Klawf|Reversal|p1a: Hoopa\n|-damage|p1a: Hoopa|0 fnt\n|faint|p1a: Hoopa\n|\n|upkeep\n|\n|t:|1701138024\n|switch|p1a: Conkeldurr|Conkeldurr, M|100\/100\n|turn|8\n|\n|t:|1701138029\n|move|p2a: Klawf|Endure|p2a: Klawf\n|-singleturn|p2a: Klawf|move: Endure\n|move|p1a: Conkeldurr|Mach Punch|p2a: Klawf\n|-supereffective|p2a: Klawf\n|-activate|p2a: Klawf|move: Endure\n|-damage|p2a: Klawf|1\/100\n|\n|-status|p1a: Conkeldurr|brn|[from] item: Flame Orb\n|upkeep\n|turn|9\n|c|\u2606megris88|Oh that set\n|\n|t:|1701138046\n|move|p1a: Conkeldurr|Mach Punch|p2a: Klawf\n|-supereffective|p2a: Klawf\n|-damage|p2a: Klawf|0 fnt\n|faint|p2a: Klawf\n|\n|-damage|p1a: Conkeldurr|94\/100 brn|[from] brn\n|upkeep\n|\n|t:|1701138051\n|switch|p2a: Braviary|Braviary-Hisui, M|100\/100\n|turn|10\n|\n|t:|1701138056\n|move|p1a: Conkeldurr|Facade|p2a: Braviary\n|-crit|p2a: Braviary\n|-damage|p2a: Braviary|0 fnt\n|faint|p2a: Braviary\n|\n|-damage|p1a: Conkeldurr|88\/100 brn|[from] brn\n|-fieldend|move: Trick Room\n|upkeep\n|\n|t:|1701138062\n|switch|p2a: Armarouge|Armarouge, M|84\/100\n|turn|11\n|\n|t:|1701138071\n|switch|p1a: Cresselia|Cresselia, F|39\/100\n|move|p2a: Armarouge|Stored Power|p1a: Cresselia\n|-resisted|p1a: Cresselia\n|-damage|p1a: Cresselia|36\/100\n|\n|-heal|p1a: Cresselia|42\/100|[from] item: Leftovers\n|upkeep\n|turn|12\n|\n|t:|1701138082\n|-terastallize|p2a: Armarouge|Fire\n|move|p2a: Armarouge|Armor Cannon|p1a: Cresselia\n|-damage|p1a: Cresselia|0 fnt\n|-unboost|p2a: Armarouge|def|1\n|-unboost|p2a: Armarouge|spd|1\n|faint|p1a: Cresselia\n|\n|upkeep\n|\n|t:|1701138092\n|switch|p1a: Grimmsnarl|Grimmsnarl, M|100\/100\n|turn|13\n|\n|t:|1701138097\n|switch|p2a: Kingambit|Kingambit, F|100\/100\n|-activate|p2a: Kingambit|ability: Supreme Overlord\n|-start|p2a: Kingambit|fallen2|[silent]\n|-item|p2a: Kingambit|Air Balloon\n|move|p1a: Grimmsnarl|Light Screen|p1a: Grimmsnarl\n|-sidestart|p1: megris88|move: Light Screen\n|\n|upkeep\n|turn|14\n|\n|t:|1701138104\n|move|p1a: Grimmsnarl|Reflect|p1a: Grimmsnarl\n|-sidestart|p1: megris88|Reflect\n|move|p2a: Kingambit|Swords Dance|p2a: Kingambit\n|-boost|p2a: Kingambit|atk|2\n|\n|upkeep\n|turn|15\n|\n|t:|1701138110\n|move|p1a: Grimmsnarl|Spirit Break|p2a: Kingambit\n|-damage|p2a: Kingambit|79\/100\n|-unboost|p2a: Kingambit|spa|1\n|-enditem|p2a: Kingambit|Air Balloon\n|move|p2a: Kingambit|Iron Head|p1a: Grimmsnarl\n|-supereffective|p1a: Grimmsnarl\n|-crit|p1a: Grimmsnarl\n|-damage|p1a: Grimmsnarl|0 fnt\n|faint|p1a: Grimmsnarl\n|\n|upkeep\n|\n|t:|1701138121\n|switch|p1a: Conkeldurr|Conkeldurr, M|88\/100 brn\n|turn|16\n|\n|t:|1701138130\n|move|p1a: Conkeldurr|Drain Punch|p2a: Kingambit\n|-supereffective|p2a: Kingambit\n|-damage|p2a: Kingambit|0 fnt\n|-heal|p1a: Conkeldurr|100\/100 brn|[from] drain|[of] p2a: Kingambit\n|faint|p2a: Kingambit\n|-end|p2a: Kingambit|fallen2|[silent]\n|\n|-damage|p1a: Conkeldurr|94\/100 brn|[from] brn\n|upkeep\n|\n|t:|1701138137\n|switch|p2a: Donphan|Donphan, M|100\/100\n|turn|17\n|\n|t:|1701138144\n|move|p1a: Conkeldurr|Knock Off|p2a: Donphan\n|-damage|p2a: Donphan|58\/100\n|-enditem|p2a: Donphan|Custap Berry|[from] move: Knock Off|[of] p1a: Conkeldurr\n|move|p2a: Donphan|Endeavor|p1a: Conkeldurr\n|-damage|p1a: Conkeldurr|54\/100 brn\n|\n|-damage|p1a: Conkeldurr|48\/100 brn|[from] brn\n|upkeep\n|turn|18\n|\n|t:|1701138154\n|move|p2a: Donphan|Ice Shard|p1a: Conkeldurr\n|-damage|p1a: Conkeldurr|42\/100 brn\n|move|p1a: Conkeldurr|Drain Punch|p2a: Donphan\n|-damage|p2a: Donphan|15\/100\n|-heal|p1a: Conkeldurr|62\/100 brn|[from] drain|[of] p2a: Donphan\n|\n|-damage|p1a: Conkeldurr|56\/100 brn|[from] brn\n|upkeep\n|turn|19\n|\n|t:|1701138165\n|switch|p2a: Armarouge|Armarouge, M, tera:Fire|84\/100\n|move|p1a: Conkeldurr|Facade|p2a: Armarouge\n|-damage|p2a: Armarouge|8\/100\n|-ability|p2a: Armarouge|Weak Armor|boost\n|-unboost|p2a: Armarouge|def|1\n|-boost|p2a: Armarouge|spe|2\n|\n|-damage|p1a: Conkeldurr|50\/100 brn|[from] brn\n|upkeep\n|turn|20\n|\n|t:|1701138176\n|move|p1a: Conkeldurr|Mach Punch|p2a: Armarouge\n|-damage|p2a: Armarouge|0 fnt\n|faint|p2a: Armarouge\n|\n|-damage|p1a: Conkeldurr|44\/100 brn|[from] brn\n|-sideend|p1: megris88|move: Light Screen\n|upkeep\n|\n|t:|1701138178\n|switch|p2a: Dragalge|Dragalge, M|91\/100\n|turn|21\n|\n|t:|1701138185\n|move|p1a: Conkeldurr|Facade|p2a: Dragalge\n|-damage|p2a: Dragalge|0 fnt\n|faint|p2a: Dragalge\n|\n|-damage|p1a: Conkeldurr|38\/100 brn|[from] brn\n|-sideend|p1: megris88|Reflect\n|upkeep\n|-message|34ThirtyFour forfeited.\n|\n|win|megris88\n|raw|megris88's rating: 1209 &rarr; <strong>1232<\/strong><br \/>(+23 for winning)\n|raw|34ThirtyFour's rating: 1180 &rarr; <strong>1157<\/strong><br \/>(-23 for losing)\n|l|\u260634ThirtyFour\n|c|\u2606megris88|Conkeldurr strong asf\n|c|\u2606megris88|Damnn\n","uploadtime":1701138252,"views":6,"p1id":"megris88","p2id":"34thirtyfour","formatid":"gen9ou","rating":1157,"private":0,"password":""}