{"id":"gen9ou-1997224138","p1":"Monotyrant","p2":"hhet","format":"[Gen 9] OU","log":"|j|\u2606Monotyrant\n|j|\u2606hhet\n|t:|1700777436\n|gametype|singles\n|player|p1|Monotyrant|1|1075\n|player|p2|hhet|psychic-gen4|1033\n|teamsize|p1|6\n|teamsize|p2|6\n|gen|9\n|tier|[Gen 9] OU\n|rated|\n|rule|Sleep Clause Mod: Limit one foe put to sleep\n|rule|Species Clause: Limit one of each Pok\u00e9mon\n|rule|OHKO Clause: OHKO moves are banned\n|rule|Evasion Items Clause: Evasion items are banned\n|rule|Evasion Moves Clause: Evasion moves are banned\n|rule|Endless Battle Clause: Forcing endless battles is banned\n|rule|HP Percentage Mod: HP is shown in percentages\n|clearpoke\n|poke|p1|Torkoal, M|\n|poke|p1|Leafeon, F|\n|poke|p1|Rillaboom, F|\n|poke|p1|Coalossal, F|\n|poke|p1|Seviper, M|\n|poke|p1|Arbok, M|\n|poke|p2|Manaphy|\n|poke|p2|Charmeleon, F|\n|poke|p2|Illumise, F|\n|poke|p2|Slowking-Galar, M|\n|poke|p2|Eelektross, F|\n|poke|p2|Arboliva, M|\n|teampreview\n|\n|t:|1700777460\n|start\n|switch|p1a: Rillaboom|Rillaboom, F|100\/100\n|switch|p2a: Eelektross|Eelektross, F|100\/100\n|-fieldstart|move: Grassy Terrain|[from] ability: Grassy Surge|[of] p1a: Rillaboom\n|turn|1\n|\n|t:|1700777475\n|switch|p2a: Slowking|Slowking-Galar, M|100\/100\n|move|p1a: Rillaboom|Knock Off|p2a: Slowking\n|-supereffective|p2a: Slowking\n|-damage|p2a: Slowking|0 fnt\n|-enditem|p2a: Slowking|Choice Scarf|[from] move: Knock Off|[of] p1a: Rillaboom\n|faint|p2a: Slowking\n|\n|upkeep\n|\n|t:|1700777483\n|switch|p2a: Charmeleon|Charmeleon, F|100\/100\n|turn|2\n|\n|t:|1700777488\n|move|p2a: Charmeleon|Overheat|p1a: Rillaboom\n|-supereffective|p1a: Rillaboom\n|-crit|p1a: Rillaboom\n|-damage|p1a: Rillaboom|0 fnt\n|-unboost|p2a: Charmeleon|spa|2\n|faint|p1a: Rillaboom\n|\n|upkeep\n|\n|t:|1700777493\n|switch|p1a: Arbok|Arbok, M, shiny|100\/100\n|-enditem|p1a: Arbok|Grassy Seed\n|-boost|p1a: Arbok|def|1|[from] item: Grassy Seed\n|turn|3\n|\n|t:|1700777519\n|switch|p2a: Illumise|Illumise, F|100\/100\n|move|p1a: Arbok|Coil|p1a: Arbok\n|-boost|p1a: Arbok|atk|1\n|-boost|p1a: Arbok|def|1\n|-boost|p1a: Arbok|accuracy|1\n|\n|upkeep\n|turn|4\n|\n|t:|1700777527\n|move|p2a: Illumise|Encore|p1a: Arbok\n|-start|p1a: Arbok|Encore\n|move|p1a: Arbok|Coil|p1a: Arbok\n|-boost|p1a: Arbok|atk|1\n|-boost|p1a: Arbok|def|1\n|-boost|p1a: Arbok|accuracy|1\n|\n|upkeep\n|turn|5\n|\n|t:|1700777540\n|switch|p2a: Arboliva|Arboliva, M|100\/100\n|move|p1a: Arbok|Coil|p1a: Arbok\n|-boost|p1a: Arbok|atk|1\n|-boost|p1a: Arbok|def|1\n|-boost|p1a: Arbok|accuracy|1\n|\n|-fieldend|move: Grassy Terrain\n|upkeep\n|turn|6\n|\n|t:|1700777552\n|move|p1a: Arbok|Coil|p1a: Arbok\n|-boost|p1a: Arbok|atk|1\n|-boost|p1a: Arbok|def|1\n|-boost|p1a: Arbok|accuracy|1\n|move|p2a: Arboliva|Earth Power|p1a: Arbok\n|-supereffective|p1a: Arbok\n|-damage|p1a: Arbok|13\/100\n|\n|-end|p1a: Arbok|Encore\n|upkeep\n|turn|7\n|\n|t:|1700777573\n|switch|p2a: Charmeleon|Charmeleon, F|100\/100\n|-terastallize|p1a: Arbok|Dragon\n|move|p1a: Arbok|Scale Shot|p2a: Charmeleon\n|-damage|p2a: Charmeleon|39\/100\n|-damage|p2a: Charmeleon|0 fnt\n|faint|p2a: Charmeleon\n|-hitcount|p2: Charmeleon|2\n|-unboost|p1a: Arbok|def|1\n|-boost|p1a: Arbok|spe|1\n|\n|upkeep\n|\n|t:|1700777592\n|switch|p2a: Illumise|Illumise, F|100\/100\n|turn|8\n|\n|t:|1700777604\n|move|p2a: Illumise|Tailwind|p2a: Illumise\n|-sidestart|p2: hhet|move: Tailwind\n|move|p1a: Arbok|Scale Shot|p2a: Illumise\n|-damage|p2a: Illumise|63\/100\n|-damage|p2a: Illumise|25\/100\n|-damage|p2a: Illumise|0 fnt\n|faint|p2a: Illumise\n|-hitcount|p2: Illumise|3\n|-unboost|p1a: Arbok|def|1\n|-boost|p1a: Arbok|spe|1\n|\n|upkeep\n|\n|t:|1700777610\n|switch|p2a: Manaphy|Manaphy|100\/100\n|turn|9\n|\n|t:|1700777620\n|move|p2a: Manaphy|Dazzling Gleam|p1a: Arbok\n|-supereffective|p1a: Arbok\n|-damage|p1a: Arbok|0 fnt\n|faint|p1a: Arbok\n|\n|upkeep\n|\n|t:|1700777625\n|switch|p1a: Torkoal|Torkoal, M, shiny|100\/100\n|-weather|SunnyDay|[from] ability: Drought|[of] p1a: Torkoal\n|turn|10\n|\n|t:|1700777633\n|move|p2a: Manaphy|Tail Glow|p2a: Manaphy\n|-boost|p2a: Manaphy|spa|3\n|move|p1a: Torkoal|Lava Plume|p2a: Manaphy\n|-resisted|p2a: Manaphy\n|-damage|p2a: Manaphy|75\/100\n|\n|-weather|SunnyDay|[upkeep]\n|upkeep\n|turn|11\n|\n|t:|1700777640\n|move|p2a: Manaphy|Surf|p1a: Torkoal\n|-supereffective|p1a: Torkoal\n|-damage|p1a: Torkoal|0 fnt\n|faint|p1a: Torkoal\n|\n|-weather|SunnyDay|[upkeep]\n|-sideend|p2: hhet|move: Tailwind\n|upkeep\n|\n|t:|1700777644\n|switch|p1a: Leafeon|Leafeon, F, shiny|100\/100\n|turn|12\n|\n|t:|1700777651\n|-terastallize|p2a: Manaphy|Grass\n|move|p1a: Leafeon|Solar Blade||[still]\n|-prepare|p1a: Leafeon|Solar Blade\n|-anim|p1a: Leafeon|Solar Blade|p2a: Manaphy\n|-resisted|p2a: Manaphy\n|-damage|p2a: Manaphy|39\/100\n|move|p2a: Manaphy|Dazzling Gleam|p1a: Leafeon\n|-damage|p1a: Leafeon|9\/100\n|\n|-weather|SunnyDay|[upkeep]\n|upkeep\n|turn|13\n|\n|t:|1700777665\n|move|p1a: Leafeon|Solar Blade||[still]\n|-prepare|p1a: Leafeon|Solar Blade\n|-anim|p1a: Leafeon|Solar Blade|p2a: Manaphy\n|-resisted|p2a: Manaphy\n|-damage|p2a: Manaphy|3\/100\n|-enditem|p2a: Manaphy|Aguav Berry|[eat]\n|-heal|p2a: Manaphy|37\/100|[from] item: Aguav Berry\n|move|p2a: Manaphy|Surf|p1a: Leafeon\n|-resisted|p1a: Leafeon\n|-damage|p1a: Leafeon|0 fnt\n|faint|p1a: Leafeon\n|\n|-weather|SunnyDay|[upkeep]\n|upkeep\n|\n|t:|1700777671\n|switch|p1a: Seviper|Seviper, M, shiny|100\/100\n|turn|14\n|\n|t:|1700777690\n|move|p1a: Seviper|Sludge Bomb|p2a: Manaphy\n|-supereffective|p2a: Manaphy\n|-damage|p2a: Manaphy|0 fnt\n|faint|p2a: Manaphy\n|\n|-weather|SunnyDay|[upkeep]\n|upkeep\n|\n|t:|1700777709\n|switch|p2a: Eelektross|Eelektross, F|100\/100\n|turn|15\n|\n|t:|1700777713\n|switch|p1a: Coalossal|Coalossal, F, shiny|100\/100\n|move|p2a: Eelektross|Discharge|p1a: Coalossal\n|-damage|p1a: Coalossal|71\/100\n|-status|p1a: Coalossal|par\n|\n|-weather|SunnyDay|[upkeep]\n|-heal|p1a: Coalossal|77\/100 par|[from] item: Leftovers\n|upkeep\n|turn|16\n|\n|t:|1700777739\n|move|p2a: Eelektross|Volt Switch|p1a: Coalossal\n|-damage|p1a: Coalossal|47\/100 par\n|\n|t:|1700777747\n|switch|p2a: Arboliva|Arboliva, M|100\/100|[from] Volt Switch\n|cant|p1a: Coalossal|par\n|\n|-weather|SunnyDay|[upkeep]\n|-heal|p1a: Coalossal|53\/100 par|[from] item: Leftovers\n|upkeep\n|turn|17\n|inactive|Battle timer is ON: inactive players will automatically lose when time's up. (requested by hhet)\n|-message|Monotyrant forfeited.\n|\n|win|hhet\n|raw|Monotyrant's rating: 1075 &rarr; <strong>1051<\/strong><br \/>(-24 for losing)\n|raw|hhet's rating: 1033 &rarr; <strong>1072<\/strong><br \/>(+39 for winning)\n|l|\u2606Monotyrant\n","uploadtime":1700777767,"views":4,"p1id":"monotyrant","p2id":"hhet","formatid":"gen9ou","rating":1051,"private":0,"password":""}