{"id":"gen9ou-1997189199","p1":"Andrews Finn2","p2":"P4cM4x","format":"[Gen 9] OU","log":"|j|\u2606Andrews Finn2\n|j|\u2606P4cM4x\n|t:|1700773678\n|gametype|singles\n|player|p1|Andrews Finn2|steven|1208\n|player|p2|P4cM4x|chuck|1234\n|teamsize|p1|6\n|teamsize|p2|6\n|gen|9\n|tier|[Gen 9] OU\n|rated|\n|rule|Sleep Clause Mod: Limit one foe put to sleep\n|rule|Species Clause: Limit one of each Pok\u00e9mon\n|rule|OHKO Clause: OHKO moves are banned\n|rule|Evasion Items Clause: Evasion items are banned\n|rule|Evasion Moves Clause: Evasion moves are banned\n|rule|Endless Battle Clause: Forcing endless battles is banned\n|rule|HP Percentage Mod: HP is shown in percentages\n|clearpoke\n|poke|p1|Alomomola, F|\n|poke|p1|Slowking-Galar, F|\n|poke|p1|Kingambit, F|\n|poke|p1|Great Tusk|\n|poke|p1|Cinderace, F|\n|poke|p1|Thundurus-Therian, M|\n|poke|p2|Gallade, M|\n|poke|p2|Iron Hands|\n|poke|p2|Zamazenta-*|\n|poke|p2|Iron Valiant|\n|poke|p2|Conkeldurr, F|\n|poke|p2|Great Tusk|\n|teampreview\n|inactive|Battle timer is ON: inactive players will automatically lose when time's up. (requested by P4cM4x)\n|\n|t:|1700773688\n|start\n|switch|p1a: Thundurus|Thundurus-Therian, M|100\/100\n|switch|p2a: Iron Hands|Iron Hands|100\/100\n|turn|1\n|\n|t:|1700773693\n|move|p2a: Iron Hands|Fake Out|p1a: Thundurus\n|-damage|p1a: Thundurus|78\/100\n|cant|p1a: Thundurus|flinch\n|\n|upkeep\n|turn|2\n|\n|t:|1700773697\n|move|p1a: Thundurus|Volt Switch|p2a: Iron Hands\n|-resisted|p2a: Iron Hands\n|-crit|p2a: Iron Hands\n|-damage|p2a: Iron Hands|58\/100\n|\n|t:|1700773701\n|switch|p1a: Great Tusk|Great Tusk|100\/100|[from] Volt Switch\n|move|p2a: Iron Hands|Ice Punch|p1a: Great Tusk\n|-supereffective|p1a: Great Tusk\n|-damage|p1a: Great Tusk|53\/100\n|-damage|p2a: Iron Hands|41\/100|[from] item: Rocky Helmet|[of] p1a: Great Tusk\n|\n|-heal|p2a: Iron Hands|48\/100|[from] item: Leftovers\n|upkeep\n|turn|3\n|\n|t:|1700773713\n|-end|p2a: Iron Hands|Quark Drive|[silent]\n|switch|p2a: Great Tusk|Great Tusk|100\/100\n|move|p1a: Great Tusk|Headlong Rush|p2a: Great Tusk\n|-damage|p2a: Great Tusk|70\/100\n|-unboost|p1a: Great Tusk|def|1\n|-unboost|p1a: Great Tusk|spd|1\n|-damage|p1a: Great Tusk|37\/100|[from] item: Rocky Helmet|[of] p2a: Great Tusk\n|\n|upkeep\n|turn|4\n|\n|t:|1700773717\n|-end|p1a: Great Tusk|Protosynthesis|[silent]\n|switch|p1a: Alomomola|Alomomola, F|100\/100\n|move|p2a: Great Tusk|Rapid Spin|p1a: Alomomola\n|-damage|p1a: Alomomola|91\/100\n|-boost|p2a: Great Tusk|spe|1\n|-enditem|p1a: Alomomola|Red Card|[of] p2a: Great Tusk\n|-end|p2a: Great Tusk|Protosynthesis|[silent]\n|drag|p2a: Iron Hands|Iron Hands|48\/100\n|\n|-heal|p2a: Iron Hands|54\/100|[from] item: Leftovers\n|upkeep\n|turn|5\n|\n|t:|1700773729\n|switch|p1a: Great Tusk|Great Tusk|37\/100\n|move|p2a: Iron Hands|Thunder Punch|p1a: Great Tusk\n|-immune|p1a: Great Tusk\n|\n|-heal|p2a: Iron Hands|60\/100|[from] item: Leftovers\n|upkeep\n|turn|6\n|\n|t:|1700773738\n|-end|p2a: Iron Hands|Quark Drive|[silent]\n|switch|p2a: Great Tusk|Great Tusk|70\/100\n|move|p1a: Great Tusk|Headlong Rush|p2a: Great Tusk\n|-damage|p2a: Great Tusk|40\/100\n|-unboost|p1a: Great Tusk|def|1\n|-unboost|p1a: Great Tusk|spd|1\n|-damage|p1a: Great Tusk|20\/100|[from] item: Rocky Helmet|[of] p2a: Great Tusk\n|\n|upkeep\n|turn|7\n|\n|t:|1700773746\n|-end|p1a: Great Tusk|Protosynthesis|[silent]\n|switch|p1a: Alomomola|Alomomola, F|100\/100\n|move|p2a: Great Tusk|Rapid Spin|p1a: Alomomola\n|-damage|p1a: Alomomola|92\/100\n|-boost|p2a: Great Tusk|spe|1\n|\n|upkeep\n|turn|8\n|\n|t:|1700773752\n|move|p2a: Great Tusk|Body Press|p1a: Alomomola\n|-damage|p1a: Alomomola|66\/100\n|move|p1a: Alomomola|Wish|p1a: Alomomola\n|\n|upkeep\n|turn|9\n|\n|t:|1700773763\n|-end|p2a: Great Tusk|Protosynthesis|[silent]\n|switch|p2a: Iron Valiant|Iron Valiant|100\/100\n|move|p1a: Alomomola|Scald|p2a: Iron Valiant\n|-damage|p2a: Iron Valiant|77\/100\n|\n|-heal|p1a: Alomomola|100\/100|[from] move: Wish|[wisher] Alomomola\n|upkeep\n|turn|10\n|\n|t:|1700773777\n|switch|p1a: Slowking|Slowking-Galar, F|100\/100\n|move|p2a: Iron Valiant|Moonblast|p1a: Slowking\n|-resisted|p1a: Slowking\n|-damage|p1a: Slowking|85\/100\n|\n|upkeep\n|turn|11\n|\n|t:|1700773784\n|-end|p2a: Iron Valiant|Quark Drive|[silent]\n|switch|p2a: Gallade|Gallade, M|100\/100\n|move|p1a: Slowking|Chilly Reception|p1a: Slowking\n|-weather|Snow\n|\n|t:|1700773800\n|switch|p1a: Cinderace|Cinderace, F|100\/100|[from] Chilly Reception\n|\n|-weather|Snow|[upkeep]\n|upkeep\n|turn|12\n|\n|t:|1700773805\n|switch|p2a: Great Tusk|Great Tusk|40\/100\n|move|p1a: Cinderace|Will-O-Wisp|p2a: Great Tusk\n|-status|p2a: Great Tusk|brn\n|\n|-weather|Snow|[upkeep]\n|-damage|p2a: Great Tusk|33\/100 brn|[from] brn\n|upkeep\n|turn|13\n|\n|t:|1700773811\n|move|p1a: Cinderace|U-turn|p2a: Great Tusk\n|-start|p1a: Cinderace|typechange|Bug|[from] ability: Libero\n|-resisted|p2a: Great Tusk\n|-damage|p2a: Great Tusk|25\/100 brn\n|-damage|p1a: Cinderace|84\/100|[from] item: Rocky Helmet|[of] p2a: Great Tusk\n|\n|t:|1700773818\n|switch|p1a: Alomomola|Alomomola, F|100\/100|[from] U-turn\n|move|p2a: Great Tusk|Earthquake|p1a: Alomomola\n|-damage|p1a: Alomomola|88\/100\n|\n|-weather|Snow|[upkeep]\n|-damage|p2a: Great Tusk|19\/100 brn|[from] brn\n|upkeep\n|turn|14\n|\n|t:|1700773825\n|-end|p2a: Great Tusk|Protosynthesis|[silent]\n|switch|p2a: Gallade|Gallade, M|100\/100\n|move|p1a: Alomomola|Wish|p1a: Alomomola\n|\n|-weather|Snow|[upkeep]\n|upkeep\n|turn|15\n|\n|t:|1700773832\n|move|p2a: Gallade|Leaf Blade|p1a: Alomomola\n|-supereffective|p1a: Alomomola\n|-damage|p1a: Alomomola|46\/100\n|move|p1a: Alomomola|Flip Turn|p2a: Gallade\n|-damage|p2a: Gallade|75\/100\n|\n|t:|1700773839\n|switch|p1a: Cinderace|Cinderace, F|84\/100|[from] Flip Turn\n|\n|-weather|none\n|-heal|p1a: Cinderace|100\/100|[from] move: Wish|[wisher] Alomomola\n|upkeep\n|turn|16\n|\n|t:|1700773854\n|switch|p2a: Great Tusk|Great Tusk|19\/100 brn\n|move|p1a: Cinderace|Pyro Ball|p2a: Great Tusk\n|-damage|p2a: Great Tusk|0 fnt\n|faint|p2a: Great Tusk\n|-end|p2a: Great Tusk|Protosynthesis|[silent]\n|\n|upkeep\n|\n|t:|1700773860\n|switch|p2a: Conkeldurr|Conkeldurr, F|100\/100\n|turn|17\n|\n|t:|1700773867\n|switch|p1a: Thundurus|Thundurus-Therian, M|78\/100\n|move|p2a: Conkeldurr|Earthquake|p1a: Thundurus\n|-immune|p1a: Thundurus\n|\n|-status|p2a: Conkeldurr|brn|[from] item: Flame Orb\n|upkeep\n|turn|18\n|\n|t:|1700773874\n|-terastallize|p2a: Conkeldurr|Poison\n|move|p1a: Thundurus|Volt Switch|p2a: Conkeldurr\n|-damage|p2a: Conkeldurr|36\/100 brn\n|inactive|Andrews Finn2 has 120 seconds left.\n|\n|t:|1700773912\n|switch|p1a: Kingambit|Kingambit, F|100\/100|[from] Volt Switch\n|move|p2a: Conkeldurr|Poison Jab|p1a: Kingambit\n|-immune|p1a: Kingambit\n|\n|-damage|p2a: Conkeldurr|30\/100 brn|[from] brn\n|upkeep\n|turn|19\n|inactive|Andrews Finn2 has 120 seconds left.\n|\n|t:|1700773933\n|-end|p1a: Kingambit|fallenundefined|[silent]\n|switch|p1a: Thundurus|Thundurus-Therian, M|78\/100\n|move|p2a: Conkeldurr|Mach Punch|p1a: Thundurus\n|-resisted|p1a: Thundurus\n|-damage|p1a: Thundurus|52\/100\n|\n|-damage|p2a: Conkeldurr|24\/100 brn|[from] brn\n|upkeep\n|turn|20\n|\n|t:|1700773946\n|switch|p2a: Zamazenta|Zamazenta|100\/100\n|-ability|p2a: Zamazenta|Dauntless Shield|boost\n|-boost|p2a: Zamazenta|def|1\n|move|p1a: Thundurus|Volt Switch|p2a: Zamazenta\n|-damage|p2a: Zamazenta|79\/100\n|\n|t:|1700773961\n|switch|p1a: Alomomola|Alomomola, F|79\/100|[from] Volt Switch\n|\n|upkeep\n|turn|21\n|\n|t:|1700773968\n|move|p2a: Zamazenta|Wild Charge|p1a: Alomomola\n|-supereffective|p1a: Alomomola\n|-damage|p1a: Alomomola|50\/100\n|-damage|p2a: Zamazenta|70\/100|[from] Recoil\n|move|p1a: Alomomola|Scald|p2a: Zamazenta\n|-damage|p2a: Zamazenta|64\/100\n|\n|upkeep\n|turn|22\n|\n|t:|1700773976\n|switch|p2a: Gallade|Gallade, M|75\/100\n|move|p1a: Alomomola|Flip Turn|p2a: Gallade\n|-damage|p2a: Gallade|52\/100\n|\n|t:|1700773982\n|switch|p1a: Cinderace|Cinderace, F|100\/100|[from] Flip Turn\n|\n|upkeep\n|turn|23\n|inactive|Andrews Finn2 has 120 seconds left.\n|\n|t:|1700773994\n|switch|p2a: Conkeldurr|Conkeldurr, F, tera:Poison|24\/100 brn\n|move|p1a: Cinderace|Pyro Ball|p2a: Conkeldurr\n|-damage|p2a: Conkeldurr|0 fnt\n|faint|p2a: Conkeldurr\n|\n|upkeep\n|\n|t:|1700774000\n|switch|p2a: Iron Valiant|Iron Valiant|77\/100\n|turn|24\n|\n|t:|1700774014\n|move|p2a: Iron Valiant|Psychic|p1a: Cinderace\n|-damage|p1a: Cinderace|56\/100\n|move|p1a: Cinderace|U-turn|p2a: Iron Valiant\n|-start|p1a: Cinderace|typechange|Bug|[from] ability: Libero\n|-resisted|p2a: Iron Valiant\n|-damage|p2a: Iron Valiant|66\/100\n|\n|t:|1700774021\n|switch|p1a: Slowking|Slowking-Galar, F|100\/100|[from] U-turn\n|\n|upkeep\n|turn|25\n|\n|t:|1700774037\n|-end|p2a: Iron Valiant|Quark Drive|[silent]\n|switch|p2a: Zamazenta|Zamazenta|64\/100\n|move|p1a: Slowking|Future Sight|p2a: Zamazenta\n|-start|p1a: Slowking|move: Future Sight\n|\n|upkeep\n|turn|26\n|\n|t:|1700774042\n|move|p2a: Zamazenta|Crunch|p1a: Slowking\n|-supereffective|p1a: Slowking\n|-damage|p1a: Slowking|58\/100\n|move|p1a: Slowking|Chilly Reception|p1a: Slowking\n|-weather|Snow\n|\n|t:|1700774048\n|switch|p1a: Alomomola|Alomomola, F|83\/100|[from] Chilly Reception\n|\n|-weather|Snow|[upkeep]\n|upkeep\n|turn|27\n|\n|t:|1700774058\n|move|p2a: Zamazenta|Wild Charge|p1a: Alomomola\n|-supereffective|p1a: Alomomola\n|-damage|p1a: Alomomola|54\/100\n|-damage|p2a: Zamazenta|55\/100|[from] Recoil\n|move|p1a: Alomomola|Wish|p1a: Alomomola\n|\n|-weather|Snow|[upkeep]\n|-end|p2a: Zamazenta|move: Future Sight\n|-supereffective|p2a: Zamazenta\n|-damage|p2a: Zamazenta|20\/100\n|upkeep\n|turn|28\n|\n|t:|1700774067\n|move|p2a: Zamazenta|Wild Charge|p1a: Alomomola\n|-supereffective|p1a: Alomomola\n|-damage|p1a: Alomomola|25\/100\n|-damage|p2a: Zamazenta|11\/100|[from] Recoil\n|move|p1a: Alomomola|Scald|p2a: Zamazenta\n|-damage|p2a: Zamazenta|5\/100\n|\n|-weather|Snow|[upkeep]\n|-heal|p1a: Alomomola|75\/100|[from] move: Wish|[wisher] Alomomola\n|upkeep\n|turn|29\n|\n|t:|1700774075\n|switch|p2a: Iron Valiant|Iron Valiant|66\/100\n|move|p1a: Alomomola|Flip Turn|p2a: Iron Valiant\n|-damage|p2a: Iron Valiant|43\/100\n|\n|t:|1700774081\n|switch|p1a: Slowking|Slowking-Galar, F|92\/100|[from] Flip Turn\n|\n|-weather|Snow|[upkeep]\n|upkeep\n|turn|30\n|-message|P4cM4x forfeited.\n|\n|win|Andrews Finn2\n|raw|Andrews Finn2's rating: 1208 &rarr; <strong>1235<\/strong><br \/>(+27 for winning)\n|raw|P4cM4x's rating: 1234 &rarr; <strong>1207<\/strong><br \/>(-27 for losing)\n|l|\u2606P4cM4x\n","uploadtime":1700774152,"views":4,"p1id":"andrewsfinn2","p2id":"p4cm4x","formatid":"gen9ou","rating":1207,"private":0,"password":""}