{"id":"gen9ou-1996373207","p1":"Le2nard","p2":"PickledOkra","format":"[Gen 9] OU","log":"|j|\u2606Le2nard\n|j|\u2606PickledOkra\n|t:|1700675840\n|gametype|singles\n|player|p1|Le2nard|supernerd|1200\n|player|p2|PickledOkra|riley|1289\n|teamsize|p1|6\n|teamsize|p2|6\n|gen|9\n|tier|[Gen 9] OU\n|rated|\n|rule|Sleep Clause Mod: Limit one foe put to sleep\n|rule|Species Clause: Limit one of each Pok\u00e9mon\n|rule|OHKO Clause: OHKO moves are banned\n|rule|Evasion Items Clause: Evasion items are banned\n|rule|Evasion Moves Clause: Evasion moves are banned\n|rule|Endless Battle Clause: Forcing endless battles is banned\n|rule|HP Percentage Mod: HP is shown in percentages\n|clearpoke\n|poke|p1|Munkidori, M|\n|poke|p1|Mandibuzz, F|\n|poke|p1|Scizor, M|\n|poke|p1|Heatran, M|\n|poke|p1|Maushold|\n|poke|p1|Alomomola, F|\n|poke|p2|Ting-Lu|\n|poke|p2|Ceruledge, F|\n|poke|p2|Goodra-Hisui, F|\n|poke|p2|Cresselia, F|\n|poke|p2|Alomomola, M|\n|poke|p2|Rillaboom, M|\n|teampreview\n|inactive|Battle timer is ON: inactive players will automatically lose when time's up. (requested by PickledOkra)\n|inactive|Le2nard has 120 seconds left.\n|\n|t:|1700675870\n|start\n|switch|p1a: Munkidori|Munkidori, M|100\/100\n|switch|p2a: Rillaboom|Rillaboom, M|100\/100\n|-fieldstart|move: Grassy Terrain|[from] ability: Grassy Surge|[of] p2a: Rillaboom\n|turn|1\n|\n|t:|1700675891\n|switch|p1a: Heatran|Heatran, M|100\/100\n|switch|p2a: Ceruledge|Ceruledge, F|100\/100\n|\n|upkeep\n|turn|2\n|\n|t:|1700675906\n|move|p2a: Ceruledge|Bulk Up|p2a: Ceruledge\n|-boost|p2a: Ceruledge|atk|1\n|-boost|p2a: Ceruledge|def|1\n|move|p1a: Heatran|Stealth Rock|p2a: Ceruledge\n|-sidestart|p2: PickledOkra|move: Stealth Rock\n|\n|upkeep\n|turn|3\n|\n|t:|1700675913\n|move|p2a: Ceruledge|Bulk Up|p2a: Ceruledge\n|-boost|p2a: Ceruledge|atk|1\n|-boost|p2a: Ceruledge|def|1\n|move|p1a: Heatran|Taunt|p2a: Ceruledge\n|-start|p2a: Ceruledge|move: Taunt\n|\n|upkeep\n|turn|4\n|\n|t:|1700675920\n|move|p2a: Ceruledge|Poltergeist|p1a: Heatran|[miss]\n|-miss|p2a: Ceruledge|p1a: Heatran\n|move|p1a: Heatran|Earth Power|p2a: Ceruledge\n|-supereffective|p2a: Ceruledge\n|-damage|p2a: Ceruledge|57\/100\n|\n|-heal|p2a: Ceruledge|63\/100|[from] Grassy Terrain\n|upkeep\n|turn|5\n|\n|t:|1700675932\n|switch|p1a: Maushold|Maushold|100\/100\n|move|p2a: Ceruledge|Poltergeist|p1a: Maushold\n|-immune|p1a: Maushold\n|\n|-heal|p2a: Ceruledge|69\/100|[from] Grassy Terrain\n|-fieldend|move: Grassy Terrain\n|upkeep\n|turn|6\n|\n|t:|1700675940\n|switch|p1a: Heatran|Heatran, M|100\/100\n|move|p2a: Ceruledge|Bitter Blade|p1a: Heatran\n|-start|p1a: Heatran|ability: Flash Fire\n|\n|-end|p2a: Ceruledge|move: Taunt\n|upkeep\n|turn|7\n|\n|t:|1700675946\n|move|p2a: Ceruledge|Poltergeist|p1a: Heatran\n|-activate|p1a: Heatran|move: Poltergeist|Leftovers\n|-damage|p1a: Heatran|17\/100\n|move|p1a: Heatran|Earth Power|p2a: Ceruledge\n|-supereffective|p2a: Ceruledge\n|-damage|p2a: Ceruledge|30\/100\n|\n|-heal|p1a: Heatran|24\/100|[from] item: Leftovers\n|upkeep\n|turn|8\n|\n|t:|1700675958\n|move|p2a: Ceruledge|Shadow Sneak|p1a: Heatran\n|-damage|p1a: Heatran|0 fnt\n|faint|p1a: Heatran\n|\n|upkeep\n|\n|t:|1700675973\n|switch|p1a: Alomomola|Alomomola, F|100\/100\n|turn|9\n|\n|t:|1700675988\n|move|p2a: Ceruledge|Bitter Blade|p1a: Alomomola\n|-resisted|p1a: Alomomola\n|-damage|p1a: Alomomola|77\/100\n|-heal|p2a: Ceruledge|47\/100|[from] drain|[of] p1a: Alomomola\n|move|p1a: Alomomola|Scald|p2a: Ceruledge\n|-supereffective|p2a: Ceruledge\n|-damage|p2a: Ceruledge|27\/100\n|\n|upkeep\n|turn|10\n|\n|t:|1700676018\n|-terastallize|p2a: Ceruledge|Ghost\n|move|p1a: Alomomola|Protect|p1a: Alomomola\n|-singleturn|p1a: Alomomola|Protect\n|move|p2a: Ceruledge|Bulk Up|p2a: Ceruledge\n|-boost|p2a: Ceruledge|atk|1\n|-boost|p2a: Ceruledge|def|1\n|\n|upkeep\n|turn|11\n|\n|t:|1700676031\n|move|p2a: Ceruledge|Bitter Blade|p1a: Alomomola\n|-resisted|p1a: Alomomola\n|-damage|p1a: Alomomola|48\/100\n|-heal|p2a: Ceruledge|49\/100|[from] drain|[of] p1a: Alomomola\n|move|p1a: Alomomola|Flip Turn|p2a: Ceruledge\n|-damage|p2a: Ceruledge|41\/100\n|\n|t:|1700676039\n|switch|p1a: Mandibuzz|Mandibuzz, F|100\/100|[from] Flip Turn\n|\n|upkeep\n|turn|12\n|\n|t:|1700676058\n|-terastallize|p1a: Mandibuzz|Fire\n|move|p2a: Ceruledge|Bitter Blade|p1a: Mandibuzz\n|-resisted|p1a: Mandibuzz\n|-damage|p1a: Mandibuzz|74\/100\n|-heal|p2a: Ceruledge|57\/100|[from] drain|[of] p1a: Mandibuzz\n|move|p1a: Mandibuzz|Foul Play|p2a: Ceruledge\n|-supereffective|p2a: Ceruledge\n|-damage|p2a: Ceruledge|0 fnt\n|faint|p2a: Ceruledge\n|\n|upkeep\n|\n|t:|1700676075\n|switch|p2a: Ting-Lu|Ting-Lu|100\/100\n|-damage|p2a: Ting-Lu|94\/100|[from] Stealth Rock\n|-ability|p2a: Ting-Lu|Vessel of Ruin\n|turn|13\n|\n|t:|1700676089\n|move|p1a: Mandibuzz|Knock Off|p2a: Ting-Lu\n|-resisted|p2a: Ting-Lu\n|-damage|p2a: Ting-Lu|88\/100\n|-enditem|p2a: Ting-Lu|Leftovers|[from] move: Knock Off|[of] p1a: Mandibuzz\n|move|p2a: Ting-Lu|Stealth Rock|p1a: Mandibuzz\n|-sidestart|p1: Le2nard|move: Stealth Rock\n|\n|upkeep\n|turn|14\n|\n|t:|1700676099\n|move|p1a: Mandibuzz|U-turn|p2a: Ting-Lu\n|-supereffective|p2a: Ting-Lu\n|-damage|p2a: Ting-Lu|76\/100\n|\n|t:|1700676103\n|switch|p1a: Maushold|Maushold|100\/100|[from] U-turn\n|-damage|p1a: Maushold|88\/100|[from] Stealth Rock\n|move|p2a: Ting-Lu|Spikes|p1a: Maushold\n|-sidestart|p1: Le2nard|Spikes\n|\n|upkeep\n|turn|15\n|\n|t:|1700676113\n|move|p1a: Maushold|Tidy Up|p1a: Maushold\n|-sideend|p1: Le2nard|Spikes\n|-sideend|p1: Le2nard|Stealth Rock\n|-sideend|p2: PickledOkra|Stealth Rock\n|-activate|p1a: Maushold|move: Tidy Up\n|-boost|p1a: Maushold|atk|1\n|-boost|p1a: Maushold|spe|1\n|move|p2a: Ting-Lu|Earthquake|p1a: Maushold\n|-crit|p1a: Maushold\n|-damage|p1a: Maushold|0 fnt\n|faint|p1a: Maushold\n|\n|upkeep\n|\n|t:|1700676126\n|switch|p1a: Scizor|Scizor, M|100\/100\n|turn|16\n|\n|t:|1700676133\n|switch|p2a: Alomomola|Alomomola, M|100\/100\n|move|p1a: Scizor|Swords Dance|p1a: Scizor\n|-boost|p1a: Scizor|atk|2\n|\n|upkeep\n|turn|17\n|\n|t:|1700676141\n|move|p1a: Scizor|Knock Off|p2a: Alomomola\n|-damage|p2a: Alomomola|49\/100\n|-damage|p1a: Scizor|84\/100|[from] item: Rocky Helmet|[of] p2a: Alomomola\n|-enditem|p2a: Alomomola|Rocky Helmet|[from] move: Knock Off|[of] p1a: Scizor\n|-damage|p1a: Scizor|74\/100|[from] item: Life Orb\n|move|p2a: Alomomola|Scald|p1a: Scizor\n|-damage|p1a: Scizor|59\/100\n|\n|upkeep\n|turn|18\n|\n|t:|1700676151\n|move|p1a: Scizor|U-turn|p2a: Alomomola\n|-damage|p2a: Alomomola|0 fnt\n|faint|p2a: Alomomola\n|-damage|p1a: Scizor|49\/100|[from] item: Life Orb\n|\n|t:|1700676166\n|switch|p1a: Munkidori|Munkidori, M|100\/100|[from] U-turn\n|\n|upkeep\n|inactive|PickledOkra has 120 seconds left.\n|\n|t:|1700676198\n|switch|p2a: Goodra|Goodra-Hisui, F|100\/100\n|turn|19\n|\n|t:|1700676204\n|move|p1a: Munkidori|Parting Shot|p2a: Goodra\n|-unboost|p2a: Goodra|atk|1\n|-unboost|p2a: Goodra|spa|1\n|\n|t:|1700676209\n|switch|p1a: Alomomola|Alomomola, F|82\/100|[from] Parting Shot\n|move|p2a: Goodra|Shelter|p2a: Goodra\n|-boost|p2a: Goodra|def|2\n|\n|upkeep\n|turn|20\n|\n|t:|1700676218\n|move|p1a: Alomomola|Scald|p2a: Goodra\n|-resisted|p2a: Goodra\n|-damage|p2a: Goodra|96\/100\n|move|p2a: Goodra|Shelter|p2a: Goodra\n|-boost|p2a: Goodra|def|2\n|\n|-heal|p2a: Goodra|100\/100|[from] item: Leftovers\n|upkeep\n|turn|21\n|\n|t:|1700676233\n|move|p1a: Alomomola|Scald|p2a: Goodra\n|-resisted|p2a: Goodra\n|-damage|p2a: Goodra|96\/100\n|-status|p2a: Goodra|brn\n|move|p2a: Goodra|Shelter|p2a: Goodra\n|-boost|p2a: Goodra|def|2\n|\n|-heal|p2a: Goodra|100\/100 brn|[from] item: Leftovers\n|-damage|p2a: Goodra|94\/100 brn|[from] brn\n|upkeep\n|turn|22\n|\n|t:|1700676248\n|move|p1a: Alomomola|Protect|p1a: Alomomola\n|-singleturn|p1a: Alomomola|Protect\n|move|p2a: Goodra|Body Press|p1a: Alomomola\n|-activate|p1a: Alomomola|move: Protect\n|\n|-heal|p2a: Goodra|100\/100 brn|[from] item: Leftovers\n|-damage|p2a: Goodra|94\/100 brn|[from] brn\n|upkeep\n|turn|23\n|\n|t:|1700676256\n|move|p1a: Alomomola|Wish|p1a: Alomomola\n|move|p2a: Goodra|Body Press|p1a: Alomomola\n|-damage|p1a: Alomomola|54\/100\n|\n|-heal|p2a: Goodra|100\/100 brn|[from] item: Leftovers\n|-damage|p2a: Goodra|94\/100 brn|[from] brn\n|upkeep\n|turn|24\n|inactive|PickledOkra has 120 seconds left.\n|\n|t:|1700676294\n|switch|p1a: Scizor|Scizor, M|49\/100\n|switch|p2a: Cresselia|Cresselia, F|100\/100\n|\n|-heal|p1a: Scizor|100\/100|[from] move: Wish|[wisher] Alomomola\n|upkeep\n|turn|25\n|inactive|PickledOkra has 120 seconds left.\n|\n|t:|1700676303\n|switch|p2a: Goodra|Goodra-Hisui, F|94\/100 brn\n|move|p1a: Scizor|Swords Dance|p1a: Scizor\n|-boost|p1a: Scizor|atk|2\n|\n|-heal|p2a: Goodra|100\/100 brn|[from] item: Leftovers\n|-damage|p2a: Goodra|94\/100 brn|[from] brn\n|upkeep\n|turn|26\n|inactive|PickledOkra has 120 seconds left.\n|\n|t:|1700676320\n|move|p1a: Scizor|Knock Off|p2a: Goodra\n|-damage|p2a: Goodra|30\/100 brn\n|-enditem|p2a: Goodra|Leftovers|[from] move: Knock Off|[of] p1a: Scizor\n|-damage|p1a: Scizor|91\/100|[from] item: Life Orb\n|move|p2a: Goodra|Shelter|p2a: Goodra\n|-boost|p2a: Goodra|def|2\n|\n|-damage|p2a: Goodra|24\/100 brn|[from] brn\n|upkeep\n|turn|27\n|-message|PickledOkra forfeited.\n|\n|win|Le2nard\n|raw|Le2nard's rating: 1200 &rarr; <strong>1231<\/strong><br \/>(+31 for winning)\n|raw|PickledOkra's rating: 1289 &rarr; <strong>1258<\/strong><br \/>(-31 for losing)\n|l|\u2606PickledOkra\n","uploadtime":1700676333,"views":1,"p1id":"le2nard","p2id":"pickledokra","formatid":"gen9ou","rating":1231,"private":0,"password":""}