{"id":"gen9ou-1988660245","p1":"Blaze1911","p2":"icv21lcfKF","format":"[Gen 9] OU","log":"|j|\u2606Blaze1911\n|j|\u2606icv21lcfKF\n|t:|1699747406\n|gametype|singles\n|player|p1|Blaze1911|1|1160\n|player|p2|icv21lcfKF|170|1116\n|teamsize|p1|6\n|teamsize|p2|6\n|gen|9\n|tier|[Gen 9] OU\n|rated|\n|rule|Sleep Clause Mod: Limit one foe put to sleep\n|rule|Species Clause: Limit one of each Pok\u00e9mon\n|rule|OHKO Clause: OHKO moves are banned\n|rule|Evasion Items Clause: Evasion items are banned\n|rule|Evasion Moves Clause: Evasion moves are banned\n|rule|Endless Battle Clause: Forcing endless battles is banned\n|rule|HP Percentage Mod: HP is shown in percentages\n|clearpoke\n|poke|p1|Kommo-o, M|\n|poke|p1|Grimmsnarl, M|\n|poke|p1|Ting-Lu|\n|poke|p1|Landorus-Therian, M|\n|poke|p1|Great Tusk|\n|poke|p1|Ceruledge, F|\n|poke|p2|Rillaboom, F|\n|poke|p2|Ogerpon-Wellspring, F|\n|poke|p2|Sneasler, M|\n|poke|p2|Cinderace, M|\n|poke|p2|Garganacl, F|\n|poke|p2|Gliscor, M|\n|teampreview\n|\n|t:|1699747418\n|start\n|switch|p1a: Grimmsnarl|Grimmsnarl, M, shiny|100\/100\n|switch|p2a: Garganacl|Garganacl, F|100\/100\n|turn|1\n|\n|t:|1699747423\n|move|p1a: Grimmsnarl|Parting Shot|p2a: Garganacl\n|-unboost|p2a: Garganacl|atk|1\n|-unboost|p2a: Garganacl|spa|1\n|\n|t:|1699747431\n|switch|p1a: Ting-Lu|Ting-Lu|100\/100|[from] Parting Shot\n|-ability|p1a: Ting-Lu|Vessel of Ruin\n|move|p2a: Garganacl|Salt Cure|p1a: Ting-Lu\n|-resisted|p1a: Ting-Lu\n|-damage|p1a: Ting-Lu|98\/100\n|-start|p1a: Ting-Lu|Salt Cure\n|\n|-heal|p1a: Ting-Lu|100\/100|[from] item: Leftovers\n|-damage|p1a: Ting-Lu|88\/100|[from] Salt Cure\n|upkeep\n|turn|2\n|\n|t:|1699747446\n|switch|p2a: Rillaboom|Rillaboom, F|100\/100\n|-fieldstart|move: Grassy Terrain|[from] ability: Grassy Surge|[of] p2a: Rillaboom\n|move|p1a: Ting-Lu|Ruination|p2a: Rillaboom\n|-damage|p2a: Rillaboom|51\/100\n|\n|-heal|p2a: Rillaboom|57\/100|[from] Grassy Terrain\n|-heal|p1a: Ting-Lu|94\/100|[from] Grassy Terrain\n|-heal|p1a: Ting-Lu|100\/100|[from] item: Leftovers\n|-damage|p1a: Ting-Lu|88\/100|[from] Salt Cure\n|upkeep\n|turn|3\n|\n|t:|1699747463\n|switch|p1a: Landorus|Landorus-Therian, M, shiny|100\/100\n|-ability|p1a: Landorus|Intimidate|boost\n|-unboost|p2a: Rillaboom|atk|1\n|move|p2a: Rillaboom|U-turn|p1a: Landorus\n|-resisted|p1a: Landorus\n|-damage|p1a: Landorus|90\/100\n|\n|t:|1699747469\n|switch|p2a: Ogerpon|Ogerpon-Wellspring, F|100\/100|[from] U-turn\n|\n|upkeep\n|turn|4\n|\n|t:|1699747474\n|move|p1a: Landorus|U-turn|p2a: Ogerpon\n|-supereffective|p2a: Ogerpon\n|-damage|p2a: Ogerpon|31\/100\n|\n|t:|1699747479\n|switch|p1a: Grimmsnarl|Grimmsnarl, M, shiny|100\/100|[from] U-turn\n|move|p2a: Ogerpon|Ivy Cudgel|p1a: Grimmsnarl\n|-damage|p1a: Grimmsnarl|47\/100\n|\n|-heal|p2a: Ogerpon|37\/100|[from] Grassy Terrain\n|-heal|p1a: Grimmsnarl|53\/100|[from] Grassy Terrain\n|upkeep\n|turn|5\n|\n|t:|1699747484\n|move|p1a: Grimmsnarl|Reflect|p1a: Grimmsnarl\n|-sidestart|p1: Blaze1911|Reflect\n|move|p2a: Ogerpon|Horn Leech|p1a: Grimmsnarl\n|-damage|p1a: Grimmsnarl|26\/100\n|-heal|p2a: Ogerpon|55\/100|[from] drain|[of] p1a: Grimmsnarl\n|\n|-heal|p2a: Ogerpon|61\/100|[from] Grassy Terrain\n|-heal|p1a: Grimmsnarl|32\/100|[from] Grassy Terrain\n|upkeep\n|turn|6\n|\n|t:|1699747489\n|move|p1a: Grimmsnarl|Parting Shot|p2a: Ogerpon\n|-unboost|p2a: Ogerpon|atk|1\n|-unboost|p2a: Ogerpon|spa|1\n|\n|t:|1699747493\n|switch|p1a: Landorus|Landorus-Therian, M, shiny|90\/100|[from] Parting Shot\n|-ability|p1a: Landorus|Intimidate|boost\n|-unboost|p2a: Ogerpon|atk|1\n|move|p2a: Ogerpon|Horn Leech|p1a: Landorus\n|-damage|p1a: Landorus|75\/100\n|-heal|p2a: Ogerpon|69\/100|[from] drain|[of] p1a: Landorus\n|\n|-heal|p2a: Ogerpon|75\/100|[from] Grassy Terrain\n|upkeep\n|turn|7\n|\n|t:|1699747499\n|switch|p2a: Cinderace|Cinderace, M|100\/100\n|move|p1a: Landorus|U-turn|p2a: Cinderace\n|-resisted|p2a: Cinderace\n|-damage|p2a: Cinderace|84\/100\n|\n|t:|1699747502\n|switch|p1a: Great Tusk|Great Tusk, shiny|100\/100|[from] U-turn\n|-enditem|p1a: Great Tusk|Booster Energy\n|-activate|p1a: Great Tusk|ability: Protosynthesis|[fromitem]\n|-start|p1a: Great Tusk|protosynthesisspe\n|\n|-heal|p2a: Cinderace|90\/100|[from] Grassy Terrain\n|upkeep\n|turn|8\n|\n|t:|1699747509\n|move|p1a: Great Tusk|Headlong Rush|p2a: Cinderace\n|-supereffective|p2a: Cinderace\n|-damage|p2a: Cinderace|0 fnt\n|-unboost|p1a: Great Tusk|def|1\n|-unboost|p1a: Great Tusk|spd|1\n|faint|p2a: Cinderace\n|\n|upkeep\n|\n|t:|1699747513\n|switch|p2a: Ogerpon|Ogerpon-Wellspring, F|75\/100\n|turn|9\n|\n|t:|1699747521\n|-terastallize|p1a: Great Tusk|Grass\n|move|p2a: Ogerpon|Grassy Glide|p1a: Great Tusk\n|-resisted|p1a: Great Tusk\n|-damage|p1a: Great Tusk|91\/100\n|move|p1a: Great Tusk|Bulk Up|p1a: Great Tusk\n|-boost|p1a: Great Tusk|atk|1\n|-boost|p1a: Great Tusk|def|1\n|\n|-heal|p1a: Great Tusk|98\/100|[from] Grassy Terrain\n|-heal|p2a: Ogerpon|81\/100|[from] Grassy Terrain\n|-fieldend|move: Grassy Terrain\n|upkeep\n|turn|10\n|\n|t:|1699747528\n|switch|p2a: Gliscor|Gliscor, M|100\/100\n|move|p1a: Great Tusk|Bulk Up|p1a: Great Tusk\n|-boost|p1a: Great Tusk|atk|1\n|-boost|p1a: Great Tusk|def|1\n|\n|-status|p2a: Gliscor|tox|[from] item: Toxic Orb\n|upkeep\n|turn|11\n|\n|t:|1699747534\n|move|p1a: Great Tusk|Ice Spinner|p2a: Gliscor\n|-supereffective|p2a: Gliscor\n|-damage|p2a: Gliscor|0 fnt\n|faint|p2a: Gliscor\n|\n|upkeep\n|-message|icv21lcfKF forfeited.\n|\n|win|Blaze1911\n|raw|Blaze1911's rating: 1160 &rarr; <strong>1182<\/strong><br \/>(+22 for winning)\n|raw|icv21lcfKF's rating: 1116 &rarr; <strong>1094<\/strong><br \/>(-22 for losing)\n|l|\u2606icv21lcfKF\n","uploadtime":1699747559,"views":18,"p1id":"blaze1911","p2id":"icv21lcfkf","formatid":"gen9ou","rating":1094,"private":0,"password":""}