{"id":"gen9ou-1999918556","p1":"Imanjoneser","p2":"Johnpeterson11","format":"[Gen 9] OU","log":"|j|\u2606Imanjoneser\n|j|\u2606Johnpeterson11\n|t:|1701129979\n|gametype|singles\n|player|p1|Imanjoneser|bugcatcher-gen4dp|1069\n|player|p2|Johnpeterson11|lyra|1009\n|teamsize|p1|6\n|teamsize|p2|6\n|gen|9\n|tier|[Gen 9] OU\n|rated|\n|rule|Sleep Clause Mod: Limit one foe put to sleep\n|rule|Species Clause: Limit one of each Pok\u00e9mon\n|rule|OHKO Clause: OHKO moves are banned\n|rule|Evasion Items Clause: Evasion items are banned\n|rule|Evasion Moves Clause: Evasion moves are banned\n|rule|Endless Battle Clause: Forcing endless battles is banned\n|rule|HP Percentage Mod: HP is shown in percentages\n|clearpoke\n|poke|p1|Great Tusk|\n|poke|p1|Gastrodon, M|\n|poke|p1|Sandy Shocks|\n|poke|p1|Torterra, F|\n|poke|p1|Camerupt, F|\n|poke|p1|Mudsdale, F|\n|poke|p2|Mightyena, M|\n|poke|p2|Morpeko, F|\n|poke|p2|Leavanny, M|\n|poke|p2|Ninetales, M|\n|poke|p2|Basculegion-F, F|\n|poke|p2|Sinistcha|\n|teampreview\n|\n|t:|1701129989\n|start\n|switch|p1a: Sandy Shocks|Sandy Shocks, shiny|100\/100\n|switch|p2a: Mightyena|Mightyena, M|100\/100\n|-ability|p2a: Mightyena|Intimidate|boost\n|-unboost|p1a: Sandy Shocks|atk|1\n|-enditem|p1a: Sandy Shocks|Booster Energy\n|-activate|p1a: Sandy Shocks|ability: Protosynthesis|[fromitem]\n|-start|p1a: Sandy Shocks|protosynthesisspe\n|turn|1\n|\n|t:|1701130001\n|move|p1a: Sandy Shocks|Thunder Wave|p2a: Mightyena\n|-status|p2a: Mightyena|par\n|move|p2a: Mightyena|Howl|p2a: Mightyena\n|-boost|p2a: Mightyena|atk|1\n|\n|upkeep\n|turn|2\n|\n|t:|1701130011\n|move|p2a: Mightyena|Sucker Punch|p1a: Sandy Shocks\n|-damage|p1a: Sandy Shocks|58\/100\n|move|p1a: Sandy Shocks|Earth Power|p2a: Mightyena\n|-damage|p2a: Mightyena|25\/100 par\n|\n|upkeep\n|turn|3\n|\n|t:|1701130035\n|move|p1a: Sandy Shocks|Earth Power|p2a: Mightyena\n|-damage|p2a: Mightyena|0 fnt\n|faint|p2a: Mightyena\n|\n|upkeep\n|\n|t:|1701130042\n|switch|p2a: Morpeko|Morpeko, F|100\/100\n|turn|4\n|\n|t:|1701130049\n|move|p1a: Sandy Shocks|Earth Power|p2a: Morpeko\n|-supereffective|p2a: Morpeko\n|-enditem|p2a: Morpeko|Focus Sash\n|-damage|p2a: Morpeko|1\/100\n|move|p2a: Morpeko|Thunder Wave|p1a: Sandy Shocks\n|-immune|p1a: Sandy Shocks\n|\n|-formechange|p2a: Morpeko|Morpeko-Hangry||[from] ability: Hunger Switch\n|upkeep\n|turn|5\n|c|\u2606Imanjoneser|....\n|c|\u2606Imanjoneser|Ser?\n|c|\u2606Imanjoneser|I'm an all ground team\n|\n|t:|1701130079\n|move|p1a: Sandy Shocks|Discharge|p2a: Morpeko\n|-resisted|p2a: Morpeko\n|-damage|p2a: Morpeko|0 fnt\n|faint|p2a: Morpeko\n|\n|upkeep\n|\n|t:|1701130085\n|switch|p2a: Leavanny|Leavanny, M|100\/100\n|turn|6\n|\n|t:|1701130091\n|move|p1a: Sandy Shocks|Thunder Wave|p2a: Leavanny\n|-status|p2a: Leavanny|par\n|move|p2a: Leavanny|Swords Dance|p2a: Leavanny\n|-boost|p2a: Leavanny|atk|2\n|\n|upkeep\n|turn|7\n|\n|t:|1701130103\n|move|p1a: Sandy Shocks|Flash Cannon|p2a: Leavanny\n|-damage|p2a: Leavanny|64\/100 par\n|move|p2a: Leavanny|Leaf Blade|p1a: Sandy Shocks\n|-supereffective|p1a: Sandy Shocks\n|-damage|p1a: Sandy Shocks|0 fnt\n|faint|p1a: Sandy Shocks\n|-end|p1a: Sandy Shocks|Protosynthesis|[silent]\n|\n|upkeep\n|\n|t:|1701130110\n|switch|p1a: Camerupt|Camerupt, F, shiny|100\/100\n|turn|8\n|\n|t:|1701130119\n|move|p1a: Camerupt|Lava Plume|p2a: Leavanny\n|-supereffective|p2a: Leavanny\n|-damage|p2a: Leavanny|0 fnt\n|faint|p2a: Leavanny\n|\n|upkeep\n|\n|t:|1701130128\n|switch|p2a: Ninetales|Ninetales, M|100\/100\n|turn|9\n|\n|t:|1701130137\n|move|p2a: Ninetales|Disable|p1a: Camerupt\n|-start|p1a: Camerupt|Disable|Lava Plume\n|move|p1a: Camerupt|Sandstorm|p1a: Camerupt\n|-weather|Sandstorm\n|\n|-weather|Sandstorm|[upkeep]\n|-damage|p2a: Ninetales|95\/100|[from] Sandstorm\n|upkeep\n|turn|10\n|\n|t:|1701130147\n|move|p2a: Ninetales|Extrasensory|p1a: Camerupt\n|-damage|p1a: Camerupt|72\/100\n|cant|p1a: Camerupt|flinch\n|\n|-weather|Sandstorm|[upkeep]\n|-damage|p2a: Ninetales|89\/100|[from] Sandstorm\n|-heal|p1a: Camerupt|78\/100|[from] item: Leftovers\n|upkeep\n|turn|11\n|\n|t:|1701130154\n|move|p2a: Ninetales|Extrasensory|p1a: Camerupt\n|-damage|p1a: Camerupt|47\/100\n|move|p1a: Camerupt|Trailblaze|p2a: Ninetales\n|-resisted|p2a: Ninetales\n|-damage|p2a: Ninetales|80\/100\n|-boost|p1a: Camerupt|spe|1\n|\n|-weather|Sandstorm|[upkeep]\n|-damage|p2a: Ninetales|74\/100|[from] Sandstorm\n|-heal|p1a: Camerupt|53\/100|[from] item: Leftovers\n|upkeep\n|turn|12\n|\n|t:|1701130168\n|move|p2a: Ninetales|Extrasensory|p1a: Camerupt\n|-damage|p1a: Camerupt|19\/100\n|move|p1a: Camerupt|Trailblaze|p2a: Ninetales\n|-resisted|p2a: Ninetales\n|-damage|p2a: Ninetales|67\/100\n|-boost|p1a: Camerupt|spe|1\n|\n|-weather|Sandstorm|[upkeep]\n|-damage|p2a: Ninetales|61\/100|[from] Sandstorm\n|-heal|p1a: Camerupt|25\/100|[from] item: Leftovers\n|-end|p1a: Camerupt|Disable\n|upkeep\n|turn|13\n|\n|t:|1701130182\n|move|p1a: Camerupt|Earth Power|p2a: Ninetales\n|-supereffective|p2a: Ninetales\n|-damage|p2a: Ninetales|0 fnt\n|faint|p2a: Ninetales\n|\n|-weather|none\n|-heal|p1a: Camerupt|31\/100|[from] item: Leftovers\n|upkeep\n|\n|t:|1701130188\n|switch|p2a: Basculegion|Basculegion-F, F|100\/100\n|turn|14\n|\n|t:|1701130203\n|move|p1a: Camerupt|Trailblaze|p2a: Basculegion\n|-supereffective|p2a: Basculegion\n|-damage|p2a: Basculegion|71\/100\n|-boost|p1a: Camerupt|spe|1\n|move|p2a: Basculegion|Wave Crash|p1a: Camerupt\n|-supereffective|p1a: Camerupt\n|-damage|p1a: Camerupt|0 fnt\n|faint|p1a: Camerupt\n|-damage|p2a: Basculegion|63\/100|[from] Recoil\n|\n|upkeep\n|\n|t:|1701130214\n|switch|p1a: Gastrodon|Gastrodon, M, shiny|100\/100\n|turn|15\n|\n|t:|1701130219\n|move|p2a: Basculegion|Crunch|p1a: Gastrodon\n|-damage|p1a: Gastrodon|82\/100\n|move|p1a: Gastrodon|Amnesia|p1a: Gastrodon\n|-boost|p1a: Gastrodon|spd|2\n|\n|-heal|p1a: Gastrodon|88\/100|[from] item: Leftovers\n|upkeep\n|turn|16\n|\n|t:|1701130230\n|move|p2a: Basculegion|Shadow Ball|p1a: Gastrodon\n|-crit|p1a: Gastrodon\n|-damage|p1a: Gastrodon|29\/100\n|move|p1a: Gastrodon|Surf|p2a: Basculegion\n|-resisted|p2a: Basculegion\n|-damage|p2a: Basculegion|41\/100\n|\n|-heal|p1a: Gastrodon|35\/100|[from] item: Leftovers\n|upkeep\n|turn|17\n|c|\u2606Imanjoneser|:0\n|\n|t:|1701130243\n|move|p2a: Basculegion|Shadow Ball|p1a: Gastrodon\n|-damage|p1a: Gastrodon|18\/100\n|-unboost|p1a: Gastrodon|spd|1\n|move|p1a: Gastrodon|Surf|p2a: Basculegion\n|-resisted|p2a: Basculegion\n|-damage|p2a: Basculegion|16\/100\n|\n|-heal|p1a: Gastrodon|24\/100|[from] item: Leftovers\n|upkeep\n|turn|18\n|\n|t:|1701130255\n|move|p2a: Basculegion|Shadow Ball|p1a: Gastrodon\n|-damage|p1a: Gastrodon|0 fnt\n|faint|p1a: Gastrodon\n|\n|upkeep\n|\n|t:|1701130265\n|switch|p1a: Torterra|Torterra, F, shiny|100\/100\n|turn|19\n|\n|t:|1701130270\n|-terastallize|p1a: Torterra|Grass\n|move|p2a: Basculegion|Crunch|p1a: Torterra\n|-damage|p1a: Torterra|84\/100\n|move|p1a: Torterra|Shell Smash|p1a: Torterra\n|-unboost|p1a: Torterra|def|1\n|-unboost|p1a: Torterra|spd|1\n|-boost|p1a: Torterra|atk|2\n|-boost|p1a: Torterra|spa|2\n|-boost|p1a: Torterra|spe|2\n|-enditem|p1a: Torterra|White Herb\n|-clearnegativeboost|p1a: Torterra|[silent]\n|\n|upkeep\n|turn|20\n|\n|t:|1701130288\n|move|p1a: Torterra|Seed Bomb|p2a: Basculegion\n|-supereffective|p2a: Basculegion\n|-damage|p2a: Basculegion|0 fnt\n|faint|p2a: Basculegion\n|\n|upkeep\n|\n|t:|1701130294\n|switch|p2a: Sinistcha|Sinistcha|100\/100\n|turn|21\n|\n|t:|1701130321\n|-terastallize|p2a: Sinistcha|Grass\n|move|p1a: Torterra|Crunch|p2a: Sinistcha\n|-damage|p2a: Sinistcha|58\/100\n|move|p2a: Sinistcha|Scald|p1a: Torterra\n|-resisted|p1a: Torterra\n|-damage|p1a: Torterra|68\/100\n|\n|upkeep\n|turn|22\n|\n|t:|1701130361\n|move|p1a: Torterra|Crunch|p2a: Sinistcha\n|-damage|p2a: Sinistcha|12\/100\n|-unboost|p2a: Sinistcha|def|1\n|move|p2a: Sinistcha|Hex|p1a: Torterra\n|-damage|p1a: Torterra|28\/100\n|\n|upkeep\n|turn|23\n|\n|t:|1701130370\n|move|p1a: Torterra|Seed Bomb|p2a: Sinistcha\n|-resisted|p2a: Sinistcha\n|-damage|p2a: Sinistcha|0 fnt\n|faint|p2a: Sinistcha\n|\n|win|Imanjoneser\n|raw|Imanjoneser's rating: 1069 &rarr; <strong>1094<\/strong><br \/>(+25 for winning)\n|raw|Johnpeterson11's rating: 1009 &rarr; <strong>1000<\/strong><br \/>(-9 for losing)\n","uploadtime":1701130376,"views":2,"p1id":"imanjoneser","p2id":"johnpeterson11","formatid":"gen9ou","rating":1000,"private":0,"password":""}