{"id":"gen9ou-1988860777","p1":"Champ.Braeden","p2":"Welcometoearth420","format":"[Gen 9] OU","log":"|j|\u2606Champ.Braeden\n|j|\u2606Welcometoearth420\n|t:|1699775757\n|gametype|singles\n|player|p1|Champ.Braeden|hoopster|1613\n|player|p2|Welcometoearth420|266|1538\n|teamsize|p1|6\n|teamsize|p2|6\n|gen|9\n|tier|[Gen 9] OU\n|rated|\n|rule|Sleep Clause Mod: Limit one foe put to sleep\n|rule|Species Clause: Limit one of each Pok\u00e9mon\n|rule|OHKO Clause: OHKO moves are banned\n|rule|Evasion Items Clause: Evasion items are banned\n|rule|Evasion Moves Clause: Evasion moves are banned\n|rule|Endless Battle Clause: Forcing endless battles is banned\n|rule|HP Percentage Mod: HP is shown in percentages\n|clearpoke\n|poke|p1|Infernape, F|\n|poke|p1|Jolteon, F|\n|poke|p1|Ogerpon-Wellspring, F|\n|poke|p1|Kommo-o, M|\n|poke|p1|Fezandipiti, M|\n|poke|p1|Corviknight, M|\n|poke|p2|Corviknight, M|\n|poke|p2|Dragapult, F|\n|poke|p2|Slowking-Galar, M|\n|poke|p2|Landorus-Therian, M|\n|poke|p2|Iron Valiant|\n|poke|p2|Milotic, F|\n|teampreview\n|\n|t:|1699775762\n|start\n|switch|p1a: Ogerpon|Ogerpon-Wellspring, F|100\/100\n|switch|p2a: Dragapult|Dragapult, F|100\/100\n|turn|1\n|inactive|Battle timer is ON: inactive players will automatically lose when time's up. (requested by Champ.Braeden)\n|\n|t:|1699775791\n|switch|p1a: Fezandipiti|Fezandipiti, M|100\/100\n|move|p2a: Dragapult|Draco Meteor|p1a: Fezandipiti\n|-immune|p1a: Fezandipiti\n|\n|upkeep\n|turn|2\n|\n|t:|1699775797\n|switch|p2a: Corviknight|Corviknight, M|100\/100\n|switch|p1a: Ogerpon|Ogerpon-Wellspring, F|100\/100\n|\n|upkeep\n|turn|3\n|\n|t:|1699775799\n|switch|p1a: Corviknight|Corviknight, M|100\/100\n|-ability|p1a: Corviknight|Pressure\n|move|p2a: Corviknight|Brave Bird|p1a: Corviknight\n|-resisted|p1a: Corviknight\n|-damage|p1a: Corviknight|89\/100\n|-damage|p2a: Corviknight|84\/100|[from] item: Rocky Helmet|[of] p1a: Corviknight\n|-damage|p2a: Corviknight|80\/100|[from] Recoil\n|\n|upkeep\n|turn|4\n|\n|t:|1699775806\n|move|p1a: Corviknight|U-turn|p2a: Corviknight\n|-resisted|p2a: Corviknight\n|-damage|p2a: Corviknight|78\/100\n|-damage|p1a: Corviknight|72\/100|[from] item: Rocky Helmet|[of] p2a: Corviknight\n|\n|t:|1699775821\n|switch|p1a: Sundaye|Jolteon, F|100\/100|[from] U-turn\n|move|p2a: Corviknight|Body Press|p1a: Sundaye\n|-damage|p1a: Sundaye|46\/100\n|\n|upkeep\n|turn|5\n|\n|t:|1699775828\n|switch|p2a: Slowking|Slowking-Galar, M|100\/100\n|move|p1a: Sundaye|Volt Switch|p2a: Slowking\n|-damage|p2a: Slowking|81\/100\n|\n|t:|1699775831\n|switch|p1a: Ogerpon|Ogerpon-Wellspring, F|100\/100|[from] Volt Switch\n|\n|upkeep\n|turn|6\n|\n|t:|1699775835\n|move|p1a: Ogerpon|Swords Dance|p1a: Ogerpon\n|-boost|p1a: Ogerpon|atk|2\n|move|p2a: Slowking|Sludge Bomb|p1a: Ogerpon\n|-supereffective|p1a: Ogerpon\n|-damage|p1a: Ogerpon|18\/100\n|\n|upkeep\n|turn|7\n|j| PantyPhantom\n|\n|t:|1699775843\n|switch|p2a: Corviknight|Corviknight, M|78\/100\n|move|p1a: Ogerpon|Ivy Cudgel|p2a: Corviknight\n|-crit|p2a: Corviknight\n|-damage|p2a: Corviknight|0 fnt\n|faint|p2a: Corviknight\n|\n|upkeep\n|\n|t:|1699775845\n|switch|p2a: Dragapult|Dragapult, F|100\/100\n|turn|8\n|\n|t:|1699775851\n|switch|p1a: Fezandipiti|Fezandipiti, M|100\/100\n|move|p2a: Dragapult|Shadow Ball|p1a: Fezandipiti\n|-damage|p1a: Fezandipiti|73\/100\n|\n|-heal|p1a: Fezandipiti|79\/100|[from] item: Leftovers\n|upkeep\n|turn|9\n|\n|t:|1699775857\n|switch|p2a: Landorus|Landorus-Therian, M|100\/100\n|-ability|p2a: Landorus|Intimidate|boost\n|-unboost|p1a: Fezandipiti|atk|1\n|switch|p1a: Kommo-o|Kommo-o, M|100\/100\n|\n|upkeep\n|turn|10\n|\n|t:|1699775861\n|switch|p1a: Corviknight|Corviknight, M|72\/100\n|-ability|p1a: Corviknight|Pressure\n|move|p2a: Landorus|U-turn|p1a: Corviknight\n|-resisted|p1a: Corviknight\n|-damage|p1a: Corviknight|69\/100\n|-damage|p2a: Landorus|84\/100|[from] item: Rocky Helmet|[of] p1a: Corviknight\n|\n|t:|1699775870\n|switch|p2a: Dragapult|Dragapult, F|100\/100|[from] U-turn\n|\n|upkeep\n|turn|11\n|\n|t:|1699775873\n|move|p2a: Dragapult|Flamethrower|p1a: Corviknight\n|-supereffective|p1a: Corviknight\n|-damage|p1a: Corviknight|0 fnt\n|faint|p1a: Corviknight\n|\n|upkeep\n|\n|t:|1699775877\n|switch|p1a: Infernape|Infernape, F|100\/100\n|turn|12\n|\n|t:|1699775883\n|switch|p2a: Landorus|Landorus-Therian, M|84\/100\n|-ability|p2a: Landorus|Intimidate|boost\n|-unboost|p1a: Infernape|atk|1\n|move|p1a: Infernape|Thunder Punch|p2a: Landorus\n|-immune|p2a: Landorus\n|\n|-heal|p2a: Landorus|90\/100|[from] item: Leftovers\n|upkeep\n|turn|13\n|\n|t:|1699775890\n|move|p1a: Infernape|Overheat|p2a: Landorus\n|-damage|p2a: Landorus|31\/100\n|-unboost|p1a: Infernape|spa|2\n|-damage|p1a: Infernape|91\/100|[from] item: Life Orb\n|move|p2a: Landorus|Stealth Rock|p1a: Infernape\n|-sidestart|p1: Champ.Braeden|move: Stealth Rock\n|\n|-heal|p2a: Landorus|37\/100|[from] item: Leftovers\n|upkeep\n|turn|14\n|\n|t:|1699775900\n|move|p1a: Infernape|Overheat|p2a: Landorus\n|-damage|p2a: Landorus|6\/100\n|-unboost|p1a: Infernape|spa|2\n|-damage|p1a: Infernape|81\/100|[from] item: Life Orb\n|move|p2a: Landorus|U-turn|p1a: Infernape\n|-resisted|p1a: Infernape\n|-damage|p1a: Infernape|71\/100\n|\n|t:|1699775909\n|switch|p2a: Dragapult|Dragapult, F|100\/100|[from] U-turn\n|\n|upkeep\n|turn|15\n|\n|t:|1699775913\n|move|p2a: Dragapult|Shadow Ball|p1a: Infernape\n|-damage|p1a: Infernape|0 fnt\n|faint|p1a: Infernape\n|\n|upkeep\n|\n|t:|1699775917\n|switch|p1a: Kommo-o|Kommo-o, M|100\/100\n|-damage|p1a: Kommo-o|94\/100|[from] Stealth Rock\n|turn|16\n|\n|t:|1699775920\n|-terastallize|p2a: Dragapult|Ghost\n|move|p2a: Dragapult|Shadow Ball|p1a: Kommo-o\n|-immune|p1a: Kommo-o|[from] ability: Bulletproof\n|move|p1a: Kommo-o|Clangorous Soul|p1a: Kommo-o\n|-boost|p1a: Kommo-o|atk|1\n|-boost|p1a: Kommo-o|def|1\n|-boost|p1a: Kommo-o|spa|1\n|-boost|p1a: Kommo-o|spd|1\n|-boost|p1a: Kommo-o|spe|1\n|-damage|p1a: Kommo-o|61\/100\n|-enditem|p1a: Kommo-o|Throat Spray\n|-boost|p1a: Kommo-o|spa|1|[from] item: Throat Spray\n|\n|upkeep\n|turn|17\n|\n|t:|1699775925\n|switch|p2a: Milotic|Milotic, F|100\/100\n|move|p1a: Kommo-o|Clangorous Soul|p1a: Kommo-o\n|-boost|p1a: Kommo-o|atk|1\n|-boost|p1a: Kommo-o|def|1\n|-boost|p1a: Kommo-o|spa|1\n|-boost|p1a: Kommo-o|spd|1\n|-boost|p1a: Kommo-o|spe|1\n|-damage|p1a: Kommo-o|28\/100\n|\n|upkeep\n|turn|18\n|\n|t:|1699775931\n|move|p1a: Kommo-o|Clanging Scales|p2a: Milotic\n|-damage|p2a: Milotic|39\/100\n|-unboost|p1a: Kommo-o|def|1\n|move|p2a: Milotic|Haze|p2a: Milotic\n|-clearallboost\n|\n|upkeep\n|turn|19\n|-message|Champ.Braeden forfeited.\n|\n|win|Welcometoearth420\n|raw|Champ.Braeden's rating: 1613 &rarr; <strong>1589<\/strong><br \/>(-24 for losing)\n|raw|Welcometoearth420's rating: 1538 &rarr; <strong>1562<\/strong><br \/>(+24 for winning)\n|l|\u2606Champ.Braeden\n","uploadtime":1699775939,"views":10,"p1id":"champbraeden","p2id":"welcometoearth420","formatid":"gen9ou","rating":1562,"private":0,"password":""}