{"id":"gen9ou-1994418501","p1":"M4Mature","p2":"mf_salvador","format":"[Gen 9] OU","log":"|j|\u2606M4Mature\n|j|\u2606mf_salvador\n|inactive|Battle timer is ON: inactive players will automatically lose when time's up.\n|t:|1700441719\n|gametype|singles\n|player|p1|M4Mature|camper|\n|player|p2|mf_salvador|flannery|\n|teamsize|p1|3\n|teamsize|p2|3\n|gen|9\n|tier|[Gen 9] OU\n|rated|Tournament battle\n|rule|Sleep Clause Mod: Limit one foe put to sleep\n|rule|Species Clause: Limit one of each Pok\u00e9mon\n|rule|OHKO Clause: OHKO moves are banned\n|rule|Evasion Items Clause: Evasion items are banned\n|rule|Evasion Moves Clause: Evasion moves are banned\n|rule|Endless Battle Clause: Forcing endless battles is banned\n|rule|HP Percentage Mod: HP is shown in percentages\n|clearpoke\n|poke|p1|Snorlax, M|\n|poke|p1|Quaxwell, F|\n|poke|p1|Dragapult, F|\n|poke|p2|Garganacl, F|\n|poke|p2|Clefable, F|\n|poke|p2|Crocalor, M|\n|teampreview\n|j|*Lady Monita \u2746\n|inactive|mf_salvador also wants the timer to be on.\n|c|\u2606mf_salvador|glhf\n|j| E4Everyone\n|c|\u2606M4Mature|glhf\n|j| Jan9\n|\n|t:|1700441732\n|start\n|switch|p1a: Quaxwell|Quaxwell, F|100\/100\n|switch|p2a: Clefable|Clefable, F|100\/100\n|turn|1\n|j| kanishk0612d\n|\n|t:|1700441741\n|move|p1a: Quaxwell|Liquidation|p2a: Clefable\n|-damage|p2a: Clefable|65\/100\n|move|p2a: Clefable|Cosmic Power|p2a: Clefable\n|-boost|p2a: Clefable|def|1\n|-boost|p2a: Clefable|spd|1\n|\n|-heal|p2a: Clefable|71\/100|[from] item: Leftovers\n|upkeep\n|turn|2\n|\n|t:|1700441746\n|move|p1a: Quaxwell|Liquidation|p2a: Clefable\n|-crit|p2a: Clefable\n|-damage|p2a: Clefable|14\/100\n|move|p2a: Clefable|Cosmic Power|p2a: Clefable\n|-boost|p2a: Clefable|def|1\n|-boost|p2a: Clefable|spd|1\n|\n|-heal|p2a: Clefable|20\/100|[from] item: Leftovers\n|upkeep\n|turn|3\n|\n|t:|1700441755\n|-terastallize|p1a: Quaxwell|Water\n|move|p1a: Quaxwell|Liquidation|p2a: Clefable\n|-damage|p2a: Clefable|0 fnt\n|faint|p2a: Clefable\n|-ability|p1a: Quaxwell|Moxie|boost\n|-boost|p1a: Quaxwell|atk|1\n|\n|upkeep\n|\n|t:|1700441761\n|switch|p2a: Garganacl|Garganacl, F|100\/100\n|turn|4\n|\n|t:|1700441765\n|-terastallize|p2a: Garganacl|Water\n|move|p1a: Quaxwell|Liquidation|p2a: Garganacl\n|-resisted|p2a: Garganacl\n|-damage|p2a: Garganacl|77\/100\n|move|p2a: Garganacl|Iron Defense|p2a: Garganacl\n|-boost|p2a: Garganacl|def|2\n|\n|-heal|p2a: Garganacl|83\/100|[from] item: Leftovers\n|upkeep\n|turn|5\n|j| Snorlaxisalpha\n|\n|t:|1700441773\n|move|p1a: Quaxwell|Liquidation|p2a: Garganacl\n|-resisted|p2a: Garganacl\n|-damage|p2a: Garganacl|73\/100\n|move|p2a: Garganacl|Iron Defense|p2a: Garganacl\n|-boost|p2a: Garganacl|def|2\n|\n|-heal|p2a: Garganacl|79\/100|[from] item: Leftovers\n|upkeep\n|turn|6\n|\n|t:|1700441779\n|switch|p1a: Snorlax|Snorlax, M|100\/100\n|move|p2a: Garganacl|Iron Defense|p2a: Garganacl\n|-boost|p2a: Garganacl|def|2\n|\n|-heal|p2a: Garganacl|85\/100|[from] item: Leftovers\n|upkeep\n|turn|7\n|\n|t:|1700441784\n|switch|p1a: Dragapult|Dragapult, F|100\/100\n|move|p2a: Garganacl|Salt Cure|p1a: Dragapult\n|-damage|p1a: Dragapult|82\/100\n|-start|p1a: Dragapult|Salt Cure\n|\n|-heal|p2a: Garganacl|91\/100|[from] item: Leftovers\n|-damage|p1a: Dragapult|70\/100|[from] Salt Cure\n|upkeep\n|turn|8\n|\n|t:|1700441792\n|move|p1a: Dragapult|Dragon Darts|p2a: Garganacl\n|-damage|p2a: Garganacl|85\/100\n|-anim|p1a: Dragapult|Dragon Darts|p2a: Garganacl\n|-damage|p2a: Garganacl|79\/100\n|-damage|p1a: Dragapult|60\/100|[from] item: Life Orb\n|move|p2a: Garganacl|Salt Cure|p1a: Dragapult\n|-damage|p1a: Dragapult|44\/100\n|\n|-heal|p2a: Garganacl|85\/100|[from] item: Leftovers\n|-damage|p1a: Dragapult|31\/100|[from] Salt Cure\n|upkeep\n|turn|9\n|\n|t:|1700441799\n|move|p1a: Dragapult|Dragon Darts|p2a: Garganacl\n|-damage|p2a: Garganacl|80\/100\n|-anim|p1a: Dragapult|Dragon Darts|p2a: Garganacl\n|-damage|p2a: Garganacl|74\/100\n|-damage|p1a: Dragapult|21\/100|[from] item: Life Orb\n|move|p2a: Garganacl|Recover|p2a: Garganacl\n|-heal|p2a: Garganacl|100\/100\n|\n|-damage|p1a: Dragapult|9\/100|[from] Salt Cure\n|upkeep\n|turn|10\n|\n|t:|1700441806\n|move|p1a: Dragapult|Dragon Darts|p2a: Garganacl\n|-damage|p2a: Garganacl|94\/100\n|-anim|p1a: Dragapult|Dragon Darts|p2a: Garganacl\n|-damage|p2a: Garganacl|89\/100\n|-damage|p1a: Dragapult|0 fnt|[from] item: Life Orb\n|faint|p1a: Dragapult\n|move|p2a: Garganacl|Salt Cure|p1: Dragapult|[notarget]\n|-fail|p2a: Garganacl\n|\n|-heal|p2a: Garganacl|95\/100|[from] item: Leftovers\n|upkeep\n|\n|t:|1700441810\n|switch|p1a: Snorlax|Snorlax, M|100\/100\n|turn|11\n|\n|t:|1700441815\n|move|p2a: Garganacl|Salt Cure|p1a: Snorlax\n|-damage|p1a: Snorlax|88\/100\n|-start|p1a: Snorlax|Salt Cure\n|move|p1a: Snorlax|Belly Drum|p1a: Snorlax\n|-damage|p1a: Snorlax|39\/100\n|-setboost|p1a: Snorlax|atk|6|[from] move: Belly Drum\n|-enditem|p1a: Snorlax|Sitrus Berry|[eat]\n|-heal|p1a: Snorlax|63\/100|[from] item: Sitrus Berry\n|\n|-heal|p2a: Garganacl|100\/100|[from] item: Leftovers\n|-damage|p1a: Snorlax|51\/100|[from] Salt Cure\n|upkeep\n|turn|12\n|\n|t:|1700441826\n|move|p2a: Garganacl|Body Press|p1a: Snorlax\n|-supereffective|p1a: Snorlax\n|-damage|p1a: Snorlax|0 fnt\n|faint|p1a: Snorlax\n|\n|upkeep\n|\n|t:|1700441829\n|switch|p1a: Quaxwell|Quaxwell, F, tera:Water|100\/100\n|turn|13\n|c|\u2606M4Mature|ez\n|\n|t:|1700441833\n|move|p1a: Quaxwell|Low Kick|p2a: Garganacl\n|-damage|p2a: Garganacl|95\/100\n|move|p2a: Garganacl|Body Press|p1a: Quaxwell\n|-damage|p1a: Quaxwell|0 fnt\n|faint|p1a: Quaxwell\n|\n|win|mf_salvador\n|n|\u2606M4Mature|m4mature\n|n|\u2606mf_salvador|mfsalvador\n|n|*Lady Monita \u2746|ladymonita\n|n| E4Everyone|e4everyone\n|n| Jan9|jan9\n|n| kanishk0612d|kanishk0612d\n|n| Snorlaxisalpha|snorlaxisalpha\n","uploadtime":1700441834,"views":7,"p1id":"m4mature","p2id":"mfsalvador","formatid":"gen9ou","rating":0,"private":0,"password":""}