{"id":"gen9ou-2000018032","p1":"LOLWhale","p2":"silastf","format":"[Gen 9] OU","log":"|j|\u2606LOLWhale\n|j|\u2606silastf\n|t:|1701141770\n|gametype|singles\n|player|p1|LOLWhale|170|\n|player|p2|silastf|170|\n|teamsize|p1|6\n|teamsize|p2|6\n|gen|9\n|tier|[Gen 9] OU\n|rule|Sleep Clause Mod: Limit one foe put to sleep\n|rule|Species Clause: Limit one of each Pok\u00e9mon\n|rule|OHKO Clause: OHKO moves are banned\n|rule|Evasion Items Clause: Evasion items are banned\n|rule|Evasion Moves Clause: Evasion moves are banned\n|rule|Endless Battle Clause: Forcing endless battles is banned\n|rule|HP Percentage Mod: HP is shown in percentages\n|clearpoke\n|poke|p1|Torterra, F|\n|poke|p1|Muk-Alola, M|\n|poke|p1|Regidrago|\n|poke|p1|Espeon, M|\n|poke|p1|Azumarill, M|\n|poke|p1|Sandy Shocks|\n|poke|p2|Tinkaton, F|\n|poke|p2|Weezing-Galar, M|\n|poke|p2|Greninja-*, F|\n|poke|p2|Garchomp, M|\n|poke|p2|Shiftry, M|\n|poke|p2|Infernape, F|\n|teampreview\n|\n|t:|1701141829\n|start\n|switch|p1a: Torterra|Torterra, F|100\/100\n|switch|p2a: Garchomp|Garchomp, M|100\/100\n|turn|1\n|\n|t:|1701141873\n|move|p2a: Garchomp|Rock Slide|p1a: Torterra\n|-resisted|p1a: Torterra\n|-damage|p1a: Torterra|87\/100\n|move|p1a: Torterra|Shell Smash|p1a: Torterra\n|-unboost|p1a: Torterra|def|1\n|-unboost|p1a: Torterra|spd|1\n|-boost|p1a: Torterra|atk|2\n|-boost|p1a: Torterra|spa|2\n|-boost|p1a: Torterra|spe|2\n|-enditem|p1a: Torterra|White Herb\n|-clearnegativeboost|p1a: Torterra|[silent]\n|\n|upkeep\n|turn|2\n|\n|t:|1701141884\n|move|p1a: Torterra|Earthquake|p2a: Garchomp\n|-damage|p2a: Garchomp|16\/100\n|move|p2a: Garchomp|Outrage|p1a: Torterra\n|-damage|p1a: Torterra|21\/100\n|\n|-heal|p2a: Garchomp|22\/100|[from] item: Leftovers\n|upkeep\n|turn|3\n|c|\u2606silastf|oh no\n|\n|t:|1701141895\n|move|p1a: Torterra|Earthquake|p2a: Garchomp\n|-damage|p2a: Garchomp|0 fnt\n|faint|p2a: Garchomp\n|\n|upkeep\n|\n|t:|1701141898\n|switch|p2a: Greninja|Greninja, F|100\/100\n|turn|4\n|\n|t:|1701141904\n|move|p2a: Greninja|Ice Beam|p1a: Torterra\n|-start|p2a: Greninja|typechange|Ice|[from] ability: Protean\n|-supereffective|p1a: Torterra\n|-damage|p1a: Torterra|0 fnt\n|faint|p1a: Torterra\n|\n|upkeep\n|\n|t:|1701141923\n|switch|p1a: Azumarill|Azumarill, M|100\/100\n|turn|5\n|\n|t:|1701141938\n|switch|p2a: Tinkaton|Tinkaton, F|100\/100\n|-ability|p2a: Tinkaton|Mold Breaker\n|-item|p2a: Tinkaton|Air Balloon\n|move|p1a: Azumarill|Liquidation|p2a: Tinkaton\n|-damage|p2a: Tinkaton|27\/100\n|-enditem|p2a: Tinkaton|Air Balloon\n|\n|upkeep\n|turn|6\n|\n|t:|1701141982\n|move|p1a: Azumarill|Aqua Jet|p2a: Tinkaton\n|-damage|p2a: Tinkaton|0 fnt\n|faint|p2a: Tinkaton\n|\n|upkeep\n|\n|t:|1701142007\n|switch|p2a: Weezing|Weezing-Galar, M|100\/100\n|-ability|p2a: Weezing|Neutralizing Gas\n|turn|7\n|\n|t:|1701142018\n|switch|p1a: Muk|Muk-Alola, M|100\/100\n|move|p2a: Weezing|Sludge Bomb|p1a: Muk\n|-resisted|p1a: Muk\n|-damage|p1a: Muk|93\/100\n|\n|upkeep\n|turn|8\n|\n|t:|1701142073\n|move|p2a: Weezing|Strange Steam|p1a: Muk\n|-damage|p1a: Muk|78\/100\n|move|p1a: Muk|Gunk Shot|p2a: Weezing|[miss]\n|-miss|p1a: Muk|p2a: Weezing\n|\n|upkeep\n|turn|9\n|\n|t:|1701142091\n|move|p2a: Weezing|Strange Steam|p1a: Muk\n|-damage|p1a: Muk|64\/100\n|move|p1a: Muk|Gunk Shot|p2a: Weezing\n|-damage|p2a: Weezing|48\/100\n|\n|-heal|p2a: Weezing|54\/100|[from] item: Leftovers\n|upkeep\n|turn|10\n|\n|t:|1701142141\n|move|p2a: Weezing|Strange Steam|p1a: Muk\n|-damage|p1a: Muk|50\/100\n|move|p1a: Muk|Gunk Shot|p2a: Weezing\n|-damage|p2a: Weezing|3\/100\n|\n|-heal|p2a: Weezing|9\/100|[from] item: Leftovers\n|upkeep\n|turn|11\n|\n|t:|1701142155\n|switch|p1a: Azumarill|Azumarill, M|100\/100\n|move|p2a: Weezing|Strange Steam|p1a: Azumarill\n|-damage|p1a: Azumarill|83\/100\n|\n|-heal|p2a: Weezing|15\/100|[from] item: Leftovers\n|upkeep\n|turn|12\n|\n|t:|1701142228\n|move|p2a: Weezing|Sludge Bomb|p1a: Azumarill\n|-supereffective|p1a: Azumarill\n|-damage|p1a: Azumarill|48\/100\n|-status|p1a: Azumarill|psn\n|move|p1a: Azumarill|Liquidation|p2a: Weezing\n|-damage|p2a: Weezing|0 fnt\n|faint|p2a: Weezing\n|-end|p2a: Weezing|ability: Neutralizing Gas\n|\n|-damage|p1a: Azumarill|35\/100 psn|[from] psn\n|upkeep\n|\n|t:|1701142237\n|switch|p2a: Shiftry|Shiftry, M|100\/100\n|turn|13\n|\n|t:|1701142256\n|move|p2a: Shiftry|Tailwind|p2a: Shiftry\n|-sidestart|p2: silastf|move: Tailwind\n|-ability|p2a: Shiftry|Wind Rider|boost\n|-boost|p2a: Shiftry|atk|1\n|move|p1a: Azumarill|Play Rough|p2a: Shiftry\n|-supereffective|p2a: Shiftry\n|-enditem|p2a: Shiftry|Focus Sash\n|-damage|p2a: Shiftry|1\/100\n|\n|-damage|p1a: Azumarill|23\/100 psn|[from] psn\n|upkeep\n|turn|14\n|\n|t:|1701142276\n|switch|p2a: Greninja|Greninja, F|100\/100\n|move|p1a: Azumarill|Aqua Jet|p2a: Greninja\n|-resisted|p2a: Greninja\n|-damage|p2a: Greninja|78\/100\n|\n|-damage|p1a: Azumarill|10\/100 psn|[from] psn\n|upkeep\n|turn|15\n|\n|t:|1701142338\n|move|p1a: Azumarill|Aqua Jet|p2a: Greninja\n|-resisted|p2a: Greninja\n|-damage|p2a: Greninja|57\/100\n|move|p2a: Greninja|U-turn|p1a: Azumarill\n|-start|p2a: Greninja|typechange|Bug|[from] ability: Protean\n|-resisted|p1a: Azumarill\n|-damage|p1a: Azumarill|0 fnt\n|faint|p1a: Azumarill\n|\n|t:|1701142347\n|switch|p2a: Shiftry|Shiftry, M|1\/100|[from] U-turn\n|-ability|p2a: Shiftry|Wind Rider|boost\n|-boost|p2a: Shiftry|atk|1\n|\n|upkeep\n|\n|t:|1701142378\n|switch|p1a: Sandy Shocks|Sandy Shocks|100\/100\n|turn|16\n|\n|t:|1701142480\n|-end|p1a: Sandy Shocks|Protosynthesis|[silent]\n|switch|p1a: Regidrago|Regidrago|100\/100\n|move|p2a: Shiftry|Leaf Blade|p1a: Regidrago\n|-resisted|p1a: Regidrago\n|-crit|p1a: Regidrago\n|-damage|p1a: Regidrago|50\/100\n|\n|-sideend|p2: silastf|move: Tailwind\n|upkeep\n|turn|17\n|\n|t:|1701142498\n|move|p1a: Regidrago|Dragon Pulse|p2a: Shiftry\n|-damage|p2a: Shiftry|0 fnt\n|faint|p2a: Shiftry\n|\n|upkeep\n|\n|t:|1701142520\n|switch|p2a: Infernape|Infernape, F|100\/100\n|turn|18\n|\n|t:|1701142536\n|move|p1a: Regidrago|Dragon Pulse|p2a: Infernape\n|-damage|p2a: Infernape|20\/100\n|move|p2a: Infernape|Close Combat|p1a: Regidrago\n|-damage|p1a: Regidrago|0 fnt\n|-unboost|p2a: Infernape|def|1\n|-unboost|p2a: Infernape|spd|1\n|faint|p1a: Regidrago\n|\n|-heal|p2a: Infernape|26\/100|[from] item: Leftovers\n|upkeep\n|\n|t:|1701142548\n|switch|p1a: Espeon|Espeon, M|100\/100\n|turn|19\n|\n|t:|1701142580\n|-terastallize|p1a: Espeon|Psychic\n|move|p1a: Espeon|Dazzling Gleam|p2a: Infernape\n|-crit|p2a: Infernape\n|-damage|p2a: Infernape|0 fnt\n|faint|p2a: Infernape\n|\n|upkeep\n|\n|t:|1701142585\n|switch|p2a: Greninja|Greninja, F|57\/100\n|turn|20\n|\n|t:|1701142591\n|move|p2a: Greninja|Dark Pulse|p1a: Espeon\n|-start|p2a: Greninja|typechange|Dark|[from] ability: Protean\n|-supereffective|p1a: Espeon\n|-damage|p1a: Espeon|12\/100\n|move|p1a: Espeon|Dazzling Gleam|p2a: Greninja\n|-supereffective|p2a: Greninja\n|-damage|p2a: Greninja|0 fnt\n|faint|p2a: Greninja\n|\n|win|LOLWhale\n|c|\u2606silastf|gg!\n|c|\u2606LOLWhale|gg\n|c|\u2606LOLWhale|Scarf Gren was not what i expected haha\n|c|\u2606silastf|I had hopes!!\n|c|\u2606silastf|gg tho!\n|c|\u2606LOLWhale|ggs :)\n","uploadtime":1701142639,"views":21,"p1id":"lolwhale","p2id":"silastf","formatid":"gen9ou","rating":0,"private":0,"password":""}