{"id":"gen9ou-1997550476","p1":"tendia","p2":"shucklestaline","format":"[Gen 9] OU","log":"|j|\u2606tendia\n|j|\u2606shucklestaline\n|t:|1700824069\n|gametype|singles\n|player|p1|tendia|265|1081\n|player|p2|shucklestaline|102|1140\n|teamsize|p1|6\n|teamsize|p2|6\n|gen|9\n|tier|[Gen 9] OU\n|rated|\n|rule|Sleep Clause Mod: Limit one foe put to sleep\n|rule|Species Clause: Limit one of each Pok\u00e9mon\n|rule|OHKO Clause: OHKO moves are banned\n|rule|Evasion Items Clause: Evasion items are banned\n|rule|Evasion Moves Clause: Evasion moves are banned\n|rule|Endless Battle Clause: Forcing endless battles is banned\n|rule|HP Percentage Mod: HP is shown in percentages\n|clearpoke\n|poke|p1|Dragapult, M|\n|poke|p1|Greninja-*, M|\n|poke|p1|Toxapex, F|\n|poke|p1|Heatran, M|\n|poke|p1|Great Tusk|\n|poke|p1|Zapdos|\n|poke|p2|Pincurchin, F|\n|poke|p2|Raichu-Alola, F|\n|poke|p2|Iron Valiant|\n|poke|p2|Pelipper, F|\n|poke|p2|Golduck, M|\n|poke|p2|Hawlucha, M|\n|teampreview\n|\n|t:|1700824079\n|start\n|switch|p1a: Dragapult|Dragapult, M|100\/100\n|switch|p2a: Pincurchin|Pincurchin, F|100\/100\n|-fieldstart|move: Electric Terrain|[from] ability: Electric Surge|[of] p2a: Pincurchin\n|turn|1\n|inactive|Battle timer is ON: inactive players will automatically lose when time's up. (requested by shucklestaline)\n|\n|t:|1700824086\n|move|p1a: Dragapult|Dragon Darts|p2a: Pincurchin\n|-damage|p2a: Pincurchin|71\/100\n|-anim|p1a: Dragapult|Dragon Darts|p2a: Pincurchin\n|-damage|p2a: Pincurchin|40\/100\n|-damage|p1a: Dragapult|91\/100|[from] item: Life Orb\n|move|p2a: Pincurchin|Discharge|p1a: Dragapult\n|-resisted|p1a: Dragapult\n|-damage|p1a: Dragapult|70\/100\n|\n|upkeep\n|turn|2\n|\n|t:|1700824097\n|switch|p2a: Iron Valiant|Iron Valiant|100\/100\n|-activate|p2a: Iron Valiant|ability: Quark Drive\n|-start|p2a: Iron Valiant|quarkdrivespa\n|move|p1a: Dragapult|Substitute|p1a: Dragapult\n|-start|p1a: Dragapult|Substitute\n|-damage|p1a: Dragapult|45\/100\n|\n|upkeep\n|turn|3\n|\n|t:|1700824111\n|move|p1a: Dragapult|Phantom Force||[still]\n|-prepare|p1a: Dragapult|Phantom Force\n|move|p2a: Iron Valiant|Moonblast|p1a: Dragapult|[miss]\n|-miss|p2a: Iron Valiant|p1a: Dragapult\n|\n|upkeep\n|turn|4\n|\n|t:|1700824123\n|move|p1a: Dragapult|Phantom Force|p2a: Iron Valiant|[from]lockedmove\n|-damage|p2a: Iron Valiant|25\/100\n|-damage|p1a: Dragapult|35\/100|[from] item: Life Orb\n|move|p2a: Iron Valiant|Moonblast|p1a: Dragapult\n|-supereffective|p1a: Dragapult\n|-end|p1a: Dragapult|Substitute\n|-damage|p2a: Iron Valiant|15\/100|[from] item: Life Orb\n|\n|upkeep\n|turn|5\n|\n|t:|1700824134\n|-end|p2a: Iron Valiant|Quark Drive|[silent]\n|switch|p2a: Pelipper|Pelipper, F|100\/100\n|-weather|RainDance|[from] ability: Drizzle|[of] p2a: Pelipper\n|move|p1a: Dragapult|Phantom Force||[still]\n|-prepare|p1a: Dragapult|Phantom Force\n|\n|-weather|RainDance|[upkeep]\n|upkeep\n|turn|6\n|\n|t:|1700824142\n|move|p1a: Dragapult|Phantom Force|p2a: Pelipper|[from]lockedmove\n|-damage|p2a: Pelipper|55\/100\n|-damage|p1a: Dragapult|25\/100|[from] item: Life Orb\n|move|p2a: Pelipper|U-turn|p1a: Dragapult\n|-resisted|p1a: Dragapult\n|-damage|p1a: Dragapult|19\/100\n|\n|t:|1700824146\n|switch|p2a: Golduck|Golduck, M|100\/100|[from] U-turn\n|\n|-weather|RainDance|[upkeep]\n|upkeep\n|turn|7\n|\n|t:|1700824154\n|switch|p1a: Toxapex|Toxapex, F|100\/100\n|move|p2a: Golduck|Hydro Pump|p1a: Toxapex\n|-resisted|p1a: Toxapex\n|-damage|p1a: Toxapex|52\/100\n|\n|-weather|RainDance|[upkeep]\n|-heal|p1a: Toxapex|58\/100|[from] item: Black Sludge\n|upkeep\n|turn|8\n|\n|t:|1700824162\n|-terastallize|p2a: Golduck|Water\n|move|p2a: Golduck|Hydro Pump|p1a: Toxapex\n|-resisted|p1a: Toxapex\n|-damage|p1a: Toxapex|0 fnt\n|faint|p1a: Toxapex\n|\n|-weather|RainDance|[upkeep]\n|-fieldend|move: Electric Terrain\n|upkeep\n|\n|t:|1700824176\n|switch|p1a: Greninja|Greninja, M|100\/100\n|turn|9\n|\n|t:|1700824205\n|switch|p1a: Dragapult|Dragapult, M|19\/100\n|move|p2a: Golduck|Hydro Pump|p1a: Dragapult\n|-resisted|p1a: Dragapult\n|-damage|p1a: Dragapult|0 fnt\n|faint|p1a: Dragapult\n|\n|-weather|RainDance|[upkeep]\n|upkeep\n|\n|t:|1700824215\n|switch|p1a: Greninja|Greninja, M|100\/100\n|turn|10\n|\n|t:|1700824220\n|-terastallize|p1a: Greninja|Water\n|move|p1a: Greninja|Water Shuriken|p2a: Golduck\n|-resisted|p2a: Golduck\n|-damage|p2a: Golduck|86\/100\n|-resisted|p2a: Golduck\n|-damage|p2a: Golduck|73\/100\n|-resisted|p2a: Golduck\n|-damage|p2a: Golduck|59\/100\n|-hitcount|p2a: Golduck|3\n|move|p2a: Golduck|Hydro Pump|p1a: Greninja\n|-resisted|p1a: Greninja\n|-damage|p1a: Greninja|0 fnt\n|faint|p1a: Greninja\n|\n|-weather|RainDance|[upkeep]\n|upkeep\n|\n|t:|1700824236\n|switch|p1a: Zapdos|Zapdos|100\/100\n|turn|11\n|\n|t:|1700824240\n|move|p2a: Golduck|Hydro Pump|p1a: Zapdos\n|-damage|p1a: Zapdos|0 fnt\n|faint|p1a: Zapdos\n|\n|-weather|RainDance|[upkeep]\n|upkeep\n|\n|t:|1700824243\n|switch|p1a: Great Tusk|Great Tusk|100\/100\n|-enditem|p1a: Great Tusk|Booster Energy\n|-activate|p1a: Great Tusk|ability: Protosynthesis|[fromitem]\n|-start|p1a: Great Tusk|protosynthesisatk\n|turn|12\n|\n|t:|1700824248\n|move|p2a: Golduck|Hydro Pump|p1a: Great Tusk\n|-supereffective|p1a: Great Tusk\n|-damage|p1a: Great Tusk|0 fnt\n|faint|p1a: Great Tusk\n|-end|p1a: Great Tusk|Protosynthesis|[silent]\n|\n|-weather|none\n|upkeep\n|\n|t:|1700824251\n|switch|p1a: Heatran|Heatran, M|100\/100\n|-item|p1a: Heatran|Air Balloon\n|turn|13\n|\n|t:|1700824256\n|move|p2a: Golduck|Hydro Pump|p1a: Heatran\n|-supereffective|p1a: Heatran\n|-damage|p1a: Heatran|0 fnt\n|-enditem|p1a: Heatran|Air Balloon\n|faint|p1a: Heatran\n|\n|win|shucklestaline\n|raw|tendia's rating: 1081 &rarr; <strong>1063<\/strong><br \/>(-18 for losing)\n|raw|shucklestaline's rating: 1140 &rarr; <strong>1161<\/strong><br \/>(+21 for winning)\n|l|\u2606tendia\n","uploadtime":1700824265,"views":5,"p1id":"tendia","p2id":"shucklestaline","formatid":"gen9ou","rating":1063,"private":0,"password":""}