{"id":"gen9ou-1997352071","p1":"mikhail95","p2":"Cyny","format":"[Gen 9] OU","log":"|j|\u2606mikhail95\n|j|\u2606Cyny\n|t:|1700792999\n|gametype|singles\n|player|p1|mikhail95|102|1541\n|player|p2|Cyny|n-masters|1675\n|teamsize|p1|6\n|teamsize|p2|6\n|gen|9\n|tier|[Gen 9] OU\n|rated|\n|rule|Sleep Clause Mod: Limit one foe put to sleep\n|rule|Species Clause: Limit one of each Pok\u00e9mon\n|rule|OHKO Clause: OHKO moves are banned\n|rule|Evasion Items Clause: Evasion items are banned\n|rule|Evasion Moves Clause: Evasion moves are banned\n|rule|Endless Battle Clause: Forcing endless battles is banned\n|rule|HP Percentage Mod: HP is shown in percentages\n|clearpoke\n|poke|p1|Landorus-Therian, M|\n|poke|p1|Iron Valiant|\n|poke|p1|Dragonite, M|\n|poke|p1|Dragapult, M|\n|poke|p1|Kingambit, F|\n|poke|p1|Walking Wake|\n|poke|p2|Rillaboom, M|\n|poke|p2|Iron Hands|\n|poke|p2|Hawlucha, F|\n|poke|p2|Dragapult, F|\n|poke|p2|Hatterene, F|\n|poke|p2|Heatran, M|\n|teampreview\n|inactive|Battle timer is ON: inactive players will automatically lose when time's up. (requested by Cyny)\n|\n|t:|1700793028\n|start\n|switch|p1a: Landorus|Landorus-Therian, M|100\/100\n|switch|p2a: Rillaboom|Rillaboom, M|100\/100\n|-ability|p1a: Landorus|Intimidate|boost\n|-unboost|p2a: Rillaboom|atk|1\n|-fieldstart|move: Grassy Terrain|[from] ability: Grassy Surge|[of] p2a: Rillaboom\n|turn|1\n|\n|t:|1700793043\n|move|p1a: Landorus|U-turn|p2a: Rillaboom\n|-supereffective|p2a: Rillaboom\n|-damage|p2a: Rillaboom|48\/100\n|\n|t:|1700793047\n|switch|p1a: Dragonite|Dragonite, M|100\/100|[from] U-turn\n|move|p2a: Rillaboom|Wood Hammer|p1a: Dragonite\n|-resisted|p1a: Dragonite\n|-damage|p1a: Dragonite|90\/100\n|-damage|p2a: Rillaboom|44\/100|[from] Recoil\n|\n|-heal|p2a: Rillaboom|50\/100|[from] Grassy Terrain\n|upkeep\n|turn|2\n|\n|t:|1700793055\n|switch|p2a: Hatterene|Hatterene, F|100\/100\n|move|p1a: Dragonite|Dragon Dance|p1a: Dragonite\n|-boost|p1a: Dragonite|atk|1\n|-boost|p1a: Dragonite|spe|1\n|\n|upkeep\n|turn|3\n|\n|t:|1700793062\n|move|p1a: Dragonite|Earthquake|p2a: Hatterene\n|-damage|p2a: Hatterene|73\/100\n|move|p2a: Hatterene|Nuzzle|p1a: Dragonite\n|-damage|p1a: Dragonite|85\/100\n|-status|p1a: Dragonite|par\n|\n|-heal|p2a: Hatterene|79\/100|[from] Grassy Terrain\n|-heal|p2a: Hatterene|85\/100|[from] item: Leftovers\n|upkeep\n|turn|4\n|\n|t:|1700793071\n|move|p1a: Dragonite|Extreme Speed|p2a: Hatterene\n|-damage|p2a: Hatterene|43\/100\n|move|p2a: Hatterene|Calm Mind|p2a: Hatterene\n|-boost|p2a: Hatterene|spa|1\n|-boost|p2a: Hatterene|spd|1\n|\n|-heal|p2a: Hatterene|49\/100|[from] Grassy Terrain\n|-heal|p2a: Hatterene|55\/100|[from] item: Leftovers\n|upkeep\n|turn|5\n|\n|t:|1700793079\n|move|p1a: Dragonite|Dragon Dance|p1a: Dragonite\n|-boost|p1a: Dragonite|atk|1\n|-boost|p1a: Dragonite|spe|1\n|move|p2a: Hatterene|Draining Kiss|p1a: Dragonite\n|-supereffective|p1a: Dragonite\n|-damage|p1a: Dragonite|16\/100 par\n|-heal|p2a: Hatterene|100\/100|[from] drain|[of] p1a: Dragonite\n|\n|-fieldend|move: Grassy Terrain\n|upkeep\n|turn|6\n|\n|t:|1700793086\n|cant|p1a: Dragonite|par\n|move|p2a: Hatterene|Draining Kiss|p1a: Dragonite\n|-supereffective|p1a: Dragonite\n|-damage|p1a: Dragonite|0 fnt\n|faint|p1a: Dragonite\n|\n|upkeep\n|\n|t:|1700793092\n|switch|p1a: Landorus|Landorus-Therian, M|100\/100\n|-ability|p1a: Landorus|Intimidate|boost\n|-unboost|p2a: Hatterene|atk|1\n|turn|7\n|\n|t:|1700793096\n|move|p1a: Landorus|Earthquake|p2a: Hatterene\n|-damage|p2a: Hatterene|53\/100\n|move|p2a: Hatterene|Psyshock|p1a: Landorus\n|-damage|p1a: Landorus|34\/100\n|\n|-heal|p2a: Hatterene|59\/100|[from] item: Leftovers\n|upkeep\n|turn|8\n|\n|t:|1700793103\n|move|p1a: Landorus|Earthquake|p2a: Hatterene\n|-damage|p2a: Hatterene|12\/100\n|move|p2a: Hatterene|Psyshock|p1a: Landorus\n|-damage|p1a: Landorus|0 fnt\n|faint|p1a: Landorus\n|\n|-heal|p2a: Hatterene|17\/100|[from] item: Leftovers\n|upkeep\n|\n|t:|1700793112\n|switch|p1a: Walking Wake|Walking Wake|100\/100\n|-enditem|p1a: Walking Wake|Booster Energy\n|-activate|p1a: Walking Wake|ability: Protosynthesis|[fromitem]\n|-start|p1a: Walking Wake|protosynthesisspa\n|turn|9\n|\n|t:|1700793115\n|move|p1a: Walking Wake|Hydro Steam|p2a: Hatterene\n|-damage|p2a: Hatterene|0 fnt\n|faint|p2a: Hatterene\n|\n|upkeep\n|\n|t:|1700793122\n|switch|p2a: Rillaboom|Rillaboom, M|50\/100\n|-fieldstart|move: Grassy Terrain|[from] ability: Grassy Surge|[of] p2a: Rillaboom\n|turn|10\n|\n|t:|1700793125\n|move|p2a: Rillaboom|Grassy Glide|p1a: Walking Wake\n|-damage|p1a: Walking Wake|35\/100\n|move|p1a: Walking Wake|Flamethrower|p2a: Rillaboom\n|-supereffective|p2a: Rillaboom\n|-damage|p2a: Rillaboom|0 fnt\n|faint|p2a: Rillaboom\n|\n|-heal|p1a: Walking Wake|41\/100|[from] Grassy Terrain\n|upkeep\n|\n|t:|1700793129\n|switch|p2a: Hawlucha|Hawlucha, F|100\/100\n|-enditem|p2a: Hawlucha|Grassy Seed\n|-boost|p2a: Hawlucha|def|1|[from] item: Grassy Seed\n|turn|11\n|\n|t:|1700793137\n|-terastallize|p2a: Hawlucha|Flying\n|move|p2a: Hawlucha|Acrobatics|p1a: Walking Wake\n|-damage|p1a: Walking Wake|0 fnt\n|faint|p1a: Walking Wake\n|-end|p1a: Walking Wake|Protosynthesis|[silent]\n|\n|upkeep\n|\n|t:|1700793142\n|switch|p1a: Dragapult|Dragapult, M|100\/100\n|turn|12\n|\n|t:|1700793147\n|move|p2a: Hawlucha|Substitute|p2a: Hawlucha\n|-start|p2a: Hawlucha|Substitute\n|-damage|p2a: Hawlucha|76\/100\n|move|p1a: Dragapult|Will-O-Wisp|p2a: Hawlucha\n|-status|p2a: Hawlucha|brn\n|\n|-damage|p2a: Hawlucha|70\/100 brn|[from] brn\n|upkeep\n|turn|13\n|\n|t:|1700793156\n|move|p2a: Hawlucha|Swords Dance|p2a: Hawlucha\n|-boost|p2a: Hawlucha|atk|2\n|move|p1a: Dragapult|Dragon Darts|p2a: Hawlucha\n|-damage|p2a: Hawlucha|49\/100 brn\n|-anim|p1a: Dragapult|Dragon Darts|p2a: Hawlucha\n|-damage|p2a: Hawlucha|26\/100 brn\n|\n|-damage|p2a: Hawlucha|20\/100 brn|[from] brn\n|upkeep\n|turn|14\n|\n|t:|1700793164\n|move|p2a: Hawlucha|Acrobatics|p1a: Dragapult\n|-damage|p1a: Dragapult|16\/100\n|move|p1a: Dragapult|Hex|p2a: Hawlucha\n|-damage|p2a: Hawlucha|0 fnt\n|faint|p2a: Hawlucha\n|\n|-heal|p1a: Dragapult|22\/100|[from] Grassy Terrain\n|-heal|p1a: Dragapult|28\/100|[from] item: Leftovers\n|-fieldend|move: Grassy Terrain\n|upkeep\n|\n|t:|1700793169\n|switch|p2a: Heatran|Heatran, M|100\/100\n|turn|15\n|\n|t:|1700793178\n|move|p1a: Dragapult|Substitute|p1a: Dragapult\n|-start|p1a: Dragapult|Substitute\n|-damage|p1a: Dragapult|3\/100\n|move|p2a: Heatran|Earth Power|p1a: Dragapult\n|-end|p1a: Dragapult|Substitute\n|\n|-heal|p1a: Dragapult|9\/100|[from] item: Leftovers\n|upkeep\n|turn|16\n|\n|t:|1700793184\n|move|p1a: Dragapult|Hex|p2a: Heatran\n|-damage|p2a: Heatran|82\/100\n|move|p2a: Heatran|Earth Power|p1a: Dragapult\n|-damage|p1a: Dragapult|0 fnt\n|faint|p1a: Dragapult\n|\n|-heal|p2a: Heatran|88\/100|[from] item: Leftovers\n|upkeep\n|\n|t:|1700793200\n|switch|p1a: Kingambit|Kingambit, F|100\/100\n|-activate|p1a: Kingambit|ability: Supreme Overlord\n|-start|p1a: Kingambit|fallen4|[silent]\n|turn|17\n|\n|t:|1700793205\n|-terastallize|p1a: Kingambit|Flying\n|move|p2a: Heatran|Magma Storm|p1a: Kingambit\n|-damage|p1a: Kingambit|46\/100\n|-activate|p1a: Kingambit|move: Magma Storm|[of] p2a: Heatran\n|move|p1a: Kingambit|Swords Dance|p1a: Kingambit\n|-boost|p1a: Kingambit|atk|2\n|\n|-heal|p2a: Heatran|94\/100|[from] item: Leftovers\n|-heal|p1a: Kingambit|52\/100|[from] item: Leftovers\n|-damage|p1a: Kingambit|40\/100|[from] move: Magma Storm|[partiallytrapped]\n|upkeep\n|turn|18\n|\n|t:|1700793215\n|switch|p2a: Iron Hands|Iron Hands|100\/100\n|move|p1a: Kingambit|Sucker Punch||[still]\n|-fail|p1a: Kingambit\n|\n|-heal|p1a: Kingambit|46\/100|[from] item: Leftovers\n|-end|p1a: Kingambit|Magma Storm|[partiallytrapped]|[silent]\n|upkeep\n|turn|19\n|\n|t:|1700793221\n|move|p1a: Kingambit|Kowtow Cleave|p2a: Iron Hands\n|-resisted|p2a: Iron Hands\n|-damage|p2a: Iron Hands|52\/100\n|move|p2a: Iron Hands|Thunder Punch|p1a: Kingambit\n|-supereffective|p1a: Kingambit\n|-damage|p1a: Kingambit|0 fnt\n|faint|p1a: Kingambit\n|-end|p1a: Kingambit|fallen4|[silent]\n|\n|upkeep\n|\n|t:|1700793228\n|switch|p1a: Iron Valiant|Iron Valiant|100\/100\n|-enditem|p1a: Iron Valiant|Booster Energy\n|-activate|p1a: Iron Valiant|ability: Quark Drive|[fromitem]\n|-start|p1a: Iron Valiant|quarkdrivespe\n|turn|20\n|\n|t:|1700793232\n|move|p1a: Iron Valiant|Swords Dance|p1a: Iron Valiant\n|-boost|p1a: Iron Valiant|atk|2\n|move|p2a: Iron Hands|Thunder Punch|p1a: Iron Valiant\n|-damage|p1a: Iron Valiant|50\/100\n|\n|upkeep\n|turn|21\n|\n|t:|1700793238\n|move|p1a: Iron Valiant|Close Combat|p2a: Iron Hands\n|-damage|p2a: Iron Hands|0 fnt\n|-unboost|p1a: Iron Valiant|def|1\n|-unboost|p1a: Iron Valiant|spd|1\n|faint|p2a: Iron Hands\n|-end|p2a: Iron Hands|Quark Drive|[silent]\n|\n|upkeep\n|\n|t:|1700793241\n|switch|p2a: Dragapult|Dragapult, F|100\/100\n|turn|22\n|\n|t:|1700793247\n|move|p1a: Iron Valiant|Knock Off|p2a: Dragapult\n|-supereffective|p2a: Dragapult\n|-damage|p2a: Dragapult|0 fnt\n|-enditem|p2a: Dragapult|Light Clay|[from] move: Knock Off|[of] p1a: Iron Valiant\n|faint|p2a: Dragapult\n|\n|upkeep\n|\n|t:|1700793249\n|switch|p2a: Heatran|Heatran, M|94\/100\n|turn|23\n|\n|t:|1700793254\n|move|p1a: Iron Valiant|Close Combat|p2a: Heatran\n|-supereffective|p2a: Heatran\n|-damage|p2a: Heatran|0 fnt\n|-unboost|p1a: Iron Valiant|def|1\n|-unboost|p1a: Iron Valiant|spd|1\n|faint|p2a: Heatran\n|\n|win|mikhail95\n|raw|mikhail95's rating: 1541 &rarr; <strong>1568<\/strong><br \/>(+27 for winning)\n|raw|Cyny's rating: 1675 &rarr; <strong>1648<\/strong><br \/>(-27 for losing)\n|c|\u2606mikhail95|gg\n|l|\u2606Cyny\n","uploadtime":1700793261,"views":5,"p1id":"mikhail95","p2id":"cyny","formatid":"gen9ou","rating":1568,"private":0,"password":""}