{"id":"gen9ou-1990137193","p1":"plrodriguez","p2":"hodqvjfkabsd","format":"[Gen 9] OU","log":"|j|\u2606plrodriguez\n|j|\u2606hodqvjfkabsd\n|t:|1699928575\n|gametype|singles\n|player|p1|plrodriguez|101|1047\n|player|p2|hodqvjfkabsd|2|1000\n|teamsize|p1|6\n|teamsize|p2|6\n|gen|9\n|tier|[Gen 9] OU\n|rated|\n|rule|Sleep Clause Mod: Limit one foe put to sleep\n|rule|Species Clause: Limit one of each Pok\u00e9mon\n|rule|OHKO Clause: OHKO moves are banned\n|rule|Evasion Items Clause: Evasion items are banned\n|rule|Evasion Moves Clause: Evasion moves are banned\n|rule|Endless Battle Clause: Forcing endless battles is banned\n|rule|HP Percentage Mod: HP is shown in percentages\n|clearpoke\n|poke|p1|Walking Wake|\n|poke|p1|Great Tusk|\n|poke|p1|Blissey, F|\n|poke|p1|Rillaboom, M|\n|poke|p1|Sneasler, F|\n|poke|p1|Ribombee, F|\n|poke|p2|Alomomola, M|\n|poke|p2|Ceruledge, F|\n|poke|p2|Slowking-Galar, F|\n|poke|p2|Kingambit, F|\n|poke|p2|Ting-Lu|\n|poke|p2|Iron Valiant|\n|teampreview\n|\n|t:|1699928588\n|start\n|switch|p1a: Ribombee|Ribombee, F, shiny|100\/100\n|switch|p2a: Ceruledge|Ceruledge, F|100\/100\n|turn|1\n|\n|t:|1699928597\n|move|p1a: Ribombee|Sticky Web|p2a: Ceruledge\n|-sidestart|p2: hodqvjfkabsd|move: Sticky Web\n|move|p2a: Ceruledge|Bitter Blade|p1a: Ribombee\n|-supereffective|p1a: Ribombee\n|-enditem|p1a: Ribombee|Focus Sash\n|-damage|p1a: Ribombee|1\/100\n|\n|upkeep\n|turn|2\n|\n|t:|1699928607\n|move|p2a: Ceruledge|Shadow Sneak|p1a: Ribombee\n|-damage|p1a: Ribombee|0 fnt\n|faint|p1a: Ribombee\n|\n|upkeep\n|\n|t:|1699928621\n|switch|p1a: Walking Wake|Walking Wake|100\/100\n|turn|3\n|\n|t:|1699928636\n|switch|p2a: Slowking|Slowking-Galar, F|100\/100\n|move|p1a: Walking Wake|Hydro Steam|p2a: Slowking\n|-damage|p2a: Slowking|64\/100\n|\n|upkeep\n|turn|4\n|\n|t:|1699928648\n|-end|p1a: Walking Wake|Protosynthesis|[silent]\n|switch|p1a: Blissey|Blissey, F|100\/100\n|move|p2a: Slowking|Future Sight|p1a: Blissey\n|-start|p2a: Slowking|move: Future Sight\n|\n|upkeep\n|turn|5\n|\n|t:|1699928660\n|move|p1a: Blissey|Thunder Wave|p2a: Slowking\n|-status|p2a: Slowking|par\n|move|p2a: Slowking|Chilly Reception|p2a: Slowking\n|-weather|Snow\n|\n|t:|1699928671\n|switch|p2a: Ting-Lu|Ting-Lu|100\/100|[from] Chilly Reception\n|-ability|p2a: Ting-Lu|Vessel of Ruin\n|\n|-weather|Snow|[upkeep]\n|upkeep\n|turn|6\n|\n|t:|1699928687\n|switch|p1a: Rillaboom|Rillaboom, M|100\/100\n|-fieldstart|move: Grassy Terrain|[from] ability: Grassy Surge|[of] p1a: Rillaboom\n|move|p2a: Ting-Lu|Whirlwind|p1a: Rillaboom\n|drag|p1a: Blissey|Blissey, F|100\/100\n|\n|-weather|Snow|[upkeep]\n|-end|p1a: Blissey|move: Future Sight\n|-damage|p1a: Blissey|87\/100\n|-heal|p1a: Blissey|93\/100|[from] Grassy Terrain\n|-heal|p1a: Blissey|99\/100|[from] item: Leftovers\n|upkeep\n|turn|7\n|\n|t:|1699928699\n|switch|p1a: Rillaboom|Rillaboom, M|100\/100\n|move|p2a: Ting-Lu|Spikes|p1a: Rillaboom\n|-sidestart|p1: plrodriguez|Spikes\n|\n|-weather|Snow|[upkeep]\n|upkeep\n|turn|8\n|\n|t:|1699928706\n|switch|p2a: Ceruledge|Ceruledge, F|100\/100\n|move|p1a: Rillaboom|Wood Hammer|p2a: Ceruledge\n|-resisted|p2a: Ceruledge\n|-damage|p2a: Ceruledge|49\/100\n|-ability|p2a: Ceruledge|Weak Armor|boost\n|-unboost|p2a: Ceruledge|def|1\n|-boost|p2a: Ceruledge|spe|2\n|-damage|p1a: Rillaboom|86\/100|[from] Recoil\n|\n|-weather|Snow|[upkeep]\n|-heal|p2a: Ceruledge|55\/100|[from] Grassy Terrain\n|-heal|p1a: Rillaboom|92\/100|[from] Grassy Terrain\n|upkeep\n|turn|9\n|\n|t:|1699928720\n|switch|p1a: Great Tusk|Great Tusk|100\/100\n|move|p2a: Ceruledge|Bitter Blade|p1a: Great Tusk\n|-damage|p1a: Great Tusk|73\/100\n|-heal|p2a: Ceruledge|76\/100|[from] drain|[of] p1a: Great Tusk\n|\n|-weather|none\n|-heal|p2a: Ceruledge|83\/100|[from] Grassy Terrain\n|-heal|p1a: Great Tusk|79\/100|[from] Grassy Terrain\n|upkeep\n|turn|10\n|\n|t:|1699928733\n|switch|p2a: Ting-Lu|Ting-Lu|100\/100\n|-ability|p2a: Ting-Lu|Vessel of Ruin\n|move|p1a: Great Tusk|Earthquake|p2a: Ting-Lu\n|-damage|p2a: Ting-Lu|89\/100\n|\n|-heal|p1a: Great Tusk|85\/100|[from] Grassy Terrain\n|-heal|p2a: Ting-Lu|96\/100|[from] Grassy Terrain\n|-fieldend|move: Grassy Terrain\n|upkeep\n|turn|11\n|\n|t:|1699928751\n|-end|p1a: Great Tusk|Protosynthesis|[silent]\n|switch|p1a: Walking Wake|Walking Wake|100\/100\n|-damage|p1a: Walking Wake|88\/100|[from] Spikes\n|move|p2a: Ting-Lu|Ruination|p1a: Walking Wake\n|-damage|p1a: Walking Wake|44\/100\n|\n|upkeep\n|turn|12\n|\n|t:|1699928761\n|switch|p2a: Slowking|Slowking-Galar, F|98\/100 par\n|move|p1a: Walking Wake|Hydro Steam|p2a: Slowking\n|-damage|p2a: Slowking|61\/100 par\n|\n|upkeep\n|turn|13\n|\n|t:|1699928777\n|move|p1a: Walking Wake|Hydro Steam|p2a: Slowking\n|-damage|p2a: Slowking|25\/100 par\n|move|p2a: Slowking|Chilly Reception|p2a: Slowking\n|-weather|Snow\n|\n|t:|1699928785\n|switch|p2a: Iron Valiant|Iron Valiant|100\/100|[from] Chilly Reception\n|-activate|p2a: Iron Valiant|move: Sticky Web\n|-unboost|p2a: Iron Valiant|spe|1\n|-enditem|p2a: Iron Valiant|Booster Energy\n|-activate|p2a: Iron Valiant|ability: Quark Drive|[fromitem]\n|-start|p2a: Iron Valiant|quarkdrivespa\n|\n|-weather|Snow|[upkeep]\n|upkeep\n|turn|14\n|\n|t:|1699928800\n|-terastallize|p1a: Walking Wake|Water\n|move|p1a: Walking Wake|Hydro Steam|p2a: Iron Valiant\n|-crit|p2a: Iron Valiant\n|-damage|p2a: Iron Valiant|0 fnt\n|faint|p2a: Iron Valiant\n|-end|p2a: Iron Valiant|Quark Drive|[silent]\n|\n|-weather|Snow|[upkeep]\n|upkeep\n|\n|t:|1699928807\n|switch|p2a: Alomomola|Alomomola, M|100\/100\n|-activate|p2a: Alomomola|move: Sticky Web\n|-unboost|p2a: Alomomola|spe|1\n|turn|15\n|\n|t:|1699928813\n|-end|p1a: Walking Wake|Protosynthesis|[silent]\n|switch|p1a: Rillaboom|Rillaboom, M|92\/100\n|-damage|p1a: Rillaboom|80\/100|[from] Spikes\n|-fieldstart|move: Grassy Terrain|[from] ability: Grassy Surge|[of] p1a: Rillaboom\n|move|p2a: Alomomola|Flip Turn|p1a: Rillaboom\n|-resisted|p1a: Rillaboom\n|-damage|p1a: Rillaboom|71\/100\n|\n|t:|1699928821\n|switch|p2a: Slowking|Slowking-Galar, F|58\/100 par|[from] Flip Turn\n|\n|-weather|Snow|[upkeep]\n|-heal|p1a: Rillaboom|77\/100|[from] Grassy Terrain\n|-heal|p2a: Slowking|64\/100 par|[from] Grassy Terrain\n|upkeep\n|turn|16\n|\n|t:|1699928830\n|move|p1a: Rillaboom|U-turn|p2a: Slowking\n|-damage|p2a: Slowking|37\/100 par\n|\n|t:|1699928840\n|switch|p1a: Sneasler|Sneasler, F|100\/100|[from] U-turn\n|-damage|p1a: Sneasler|88\/100|[from] Spikes\n|-enditem|p1a: Sneasler|Grassy Seed\n|-boost|p1a: Sneasler|def|1|[from] item: Grassy Seed\n|move|p2a: Slowking|Future Sight|p1a: Sneasler\n|-start|p2a: Slowking|move: Future Sight\n|\n|-weather|Snow|[upkeep]\n|-heal|p1a: Sneasler|94\/100|[from] Grassy Terrain\n|-heal|p2a: Slowking|43\/100 par|[from] Grassy Terrain\n|upkeep\n|turn|17\n|\n|t:|1699928858\n|switch|p2a: Ting-Lu|Ting-Lu|96\/100\n|-ability|p2a: Ting-Lu|Vessel of Ruin\n|move|p1a: Sneasler|Acrobatics|p2a: Ting-Lu\n|-damage|p2a: Ting-Lu|78\/100\n|\n|-weather|none\n|-heal|p1a: Sneasler|99\/100|[from] Grassy Terrain\n|-heal|p2a: Ting-Lu|84\/100|[from] Grassy Terrain\n|upkeep\n|turn|18\n|\n|t:|1699928874\n|switch|p2a: Slowking|Slowking-Galar, F|76\/100 par\n|move|p1a: Sneasler|Close Combat|p2a: Slowking\n|-resisted|p2a: Slowking\n|-damage|p2a: Slowking|57\/100 par\n|-unboost|p1a: Sneasler|def|1\n|-unboost|p1a: Sneasler|spd|1\n|\n|-end|p1a: Sneasler|move: Future Sight\n|-supereffective|p1a: Sneasler\n|-damage|p1a: Sneasler|0 fnt\n|faint|p1a: Sneasler\n|-heal|p2a: Slowking|63\/100 par|[from] Grassy Terrain\n|upkeep\n|\n|t:|1699928888\n|switch|p1a: Walking Wake|Walking Wake, tera:Water|44\/100\n|-damage|p1a: Walking Wake|32\/100|[from] Spikes\n|turn|19\n|\n|t:|1699928899\n|move|p1a: Walking Wake|Hydro Steam|p2a: Slowking\n|-damage|p2a: Slowking|10\/100 par\n|move|p2a: Slowking|Sludge Bomb|p1a: Walking Wake\n|-damage|p1a: Walking Wake|0 fnt\n|faint|p1a: Walking Wake\n|-end|p1a: Walking Wake|Protosynthesis|[silent]\n|\n|-heal|p2a: Slowking|16\/100 par|[from] Grassy Terrain\n|-fieldend|move: Grassy Terrain\n|upkeep\n|\n|t:|1699928908\n|switch|p1a: Rillaboom|Rillaboom, M|77\/100\n|-damage|p1a: Rillaboom|65\/100|[from] Spikes\n|-fieldstart|move: Grassy Terrain|[from] ability: Grassy Surge|[of] p1a: Rillaboom\n|turn|20\n|\n|t:|1699928924\n|move|p1a: Rillaboom|U-turn|p2a: Slowking\n|-damage|p2a: Slowking|0 fnt\n|faint|p2a: Slowking\n|\n|t:|1699928931\n|switch|p1a: Great Tusk|Great Tusk|85\/100|[from] U-turn\n|\n|-heal|p1a: Great Tusk|91\/100|[from] Grassy Terrain\n|upkeep\n|\n|t:|1699928938\n|switch|p2a: Alomomola|Alomomola, M|100\/100\n|-activate|p2a: Alomomola|move: Sticky Web\n|-unboost|p2a: Alomomola|spe|1\n|turn|21\n|\n|t:|1699928948\n|move|p1a: Great Tusk|Bulk Up|p1a: Great Tusk\n|-boost|p1a: Great Tusk|atk|1\n|-boost|p1a: Great Tusk|def|1\n|move|p2a: Alomomola|Scald|p1a: Great Tusk\n|-supereffective|p1a: Great Tusk\n|-damage|p1a: Great Tusk|58\/100\n|-status|p1a: Great Tusk|brn\n|\n|-heal|p1a: Great Tusk|64\/100 brn|[from] Grassy Terrain\n|-damage|p1a: Great Tusk|58\/100 brn|[from] brn\n|upkeep\n|turn|22\n|\n|t:|1699928960\n|move|p1a: Great Tusk|Rapid Spin|p2a: Alomomola\n|-damage|p2a: Alomomola|93\/100\n|-boost|p1a: Great Tusk|spe|1\n|-sideend|p1: plrodriguez|Spikes|[from] move: Rapid Spin|[of] p1a: Great Tusk\n|-enditem|p2a: Alomomola|Red Card|[of] p1a: Great Tusk\n|-end|p1a: Great Tusk|Protosynthesis|[silent]\n|drag|p1a: Blissey|Blissey, F|99\/100\n|move|p2a: Alomomola|Scald|p1a: Blissey\n|-damage|p1a: Blissey|94\/100\n|\n|-heal|p1a: Blissey|100\/100|[from] Grassy Terrain\n|-heal|p2a: Alomomola|99\/100|[from] Grassy Terrain\n|upkeep\n|turn|23\n|\n|t:|1699928973\n|move|p1a: Blissey|Thunder Wave|p2a: Alomomola\n|-status|p2a: Alomomola|par\n|move|p2a: Alomomola|Wish|p2a: Alomomola\n|\n|-heal|p2a: Alomomola|100\/100 par|[from] Grassy Terrain\n|upkeep\n|turn|24\n|inactive|Battle timer is ON: inactive players will automatically lose when time's up. (requested by hodqvjfkabsd)\n|\n|t:|1699929015\n|switch|p1a: Rillaboom|Rillaboom, M|65\/100\n|move|p2a: Alomomola|Flip Turn|p1a: Rillaboom\n|-resisted|p1a: Rillaboom\n|-damage|p1a: Rillaboom|56\/100\n|\n|t:|1699929021\n|switch|p2a: Ceruledge|Ceruledge, F|83\/100|[from] Flip Turn\n|\n|-heal|p2a: Ceruledge|100\/100|[from] move: Wish|[wisher] Alomomola\n|-heal|p1a: Rillaboom|62\/100|[from] Grassy Terrain\n|-fieldend|move: Grassy Terrain\n|upkeep\n|turn|25\n|\n|t:|1699929034\n|move|p1a: Rillaboom|Wood Hammer|p2a: Ceruledge\n|-resisted|p2a: Ceruledge\n|-crit|p2a: Ceruledge\n|-damage|p2a: Ceruledge|40\/100\n|-ability|p2a: Ceruledge|Weak Armor|boost\n|-unboost|p2a: Ceruledge|def|1\n|-boost|p2a: Ceruledge|spe|2\n|-damage|p1a: Rillaboom|45\/100|[from] Recoil\n|move|p2a: Ceruledge|Swords Dance|p2a: Ceruledge\n|-boost|p2a: Ceruledge|atk|2\n|\n|upkeep\n|turn|26\n|\n|t:|1699929045\n|move|p2a: Ceruledge|Bitter Blade|p1a: Rillaboom\n|-supereffective|p1a: Rillaboom\n|-damage|p1a: Rillaboom|0 fnt\n|-heal|p2a: Ceruledge|66\/100|[from] drain|[of] p1a: Rillaboom\n|faint|p1a: Rillaboom\n|\n|upkeep\n|\n|t:|1699929052\n|switch|p1a: Great Tusk|Great Tusk|58\/100 brn\n|turn|27\n|\n|t:|1699929056\n|move|p2a: Ceruledge|Poltergeist|p1a: Great Tusk\n|-activate|p1a: Great Tusk|move: Poltergeist|Heavy-Duty Boots\n|-damage|p1a: Great Tusk|0 fnt\n|faint|p1a: Great Tusk\n|-end|p1a: Great Tusk|Protosynthesis|[silent]\n|\n|upkeep\n|\n|t:|1699929062\n|switch|p1a: Blissey|Blissey, F|100\/100\n|turn|28\n|-message|plrodriguez forfeited.\n|\n|win|hodqvjfkabsd\n|raw|plrodriguez's rating: 1047 &rarr; <strong>1028<\/strong><br \/>(-19 for losing)\n|raw|hodqvjfkabsd's rating: 1000 &rarr; <strong>1045<\/strong><br \/>(+45 for winning)\n|l|\u2606plrodriguez\n","uploadtime":1699929076,"views":16,"p1id":"plrodriguez","p2id":"hodqvjfkabsd","formatid":"gen9ou","rating":1028,"private":0,"password":""}