{"id":"gen9ou-1989913425","p1":"Jrmoore896","p2":"HEART BURROW","format":"[Gen 9] OU","log":"|j|\u2606Jrmoore896\n|j|\u2606HEART BURROW\n|t:|1699906232\n|gametype|singles\n|player|p1|Jrmoore896|lucas-gen4pt|1483\n|player|p2|HEART BURROW|caitlin|1443\n|teamsize|p1|6\n|teamsize|p2|6\n|gen|9\n|tier|[Gen 9] OU\n|rated|\n|rule|Sleep Clause Mod: Limit one foe put to sleep\n|rule|Species Clause: Limit one of each Pok\u00e9mon\n|rule|OHKO Clause: OHKO moves are banned\n|rule|Evasion Items Clause: Evasion items are banned\n|rule|Evasion Moves Clause: Evasion moves are banned\n|rule|Endless Battle Clause: Forcing endless battles is banned\n|rule|HP Percentage Mod: HP is shown in percentages\n|clearpoke\n|poke|p1|Sneasler, M|\n|poke|p1|Rillaboom, M|\n|poke|p1|Dondozo, M|\n|poke|p1|Clodsire, M|\n|poke|p1|Great Tusk|\n|poke|p1|Enamorus, F|\n|poke|p2|Sandy Shocks|\n|poke|p2|Great Tusk|\n|poke|p2|Gholdengo|\n|poke|p2|Sneasler, F|\n|poke|p2|Moltres|\n|poke|p2|Ogerpon-Wellspring, F|\n|teampreview\n|inactive|Battle timer is ON: inactive players will automatically lose when time's up. (requested by Jrmoore896)\n|\n|t:|1699906246\n|start\n|switch|p1a: Clodsire|Clodsire, M, shiny|100\/100\n|switch|p2a: Sneasler|Sneasler, F|100\/100\n|turn|1\n|\n|t:|1699906256\n|move|p2a: Sneasler|U-turn|p1a: Clodsire\n|-resisted|p1a: Clodsire\n|-damage|p1a: Clodsire|88\/100\n|\n|t:|1699906264\n|switch|p2a: Great Tusk|Great Tusk|100\/100|[from] U-turn\n|move|p1a: Clodsire|Stealth Rock|p2a: Great Tusk\n|-sidestart|p2: HEART BURROW|move: Stealth Rock\n|\n|-heal|p1a: Clodsire|94\/100|[from] item: Leftovers\n|upkeep\n|turn|2\n|\n|t:|1699906275\n|switch|p1a: Rillaboom|Rillaboom, M|100\/100\n|-fieldstart|move: Grassy Terrain|[from] ability: Grassy Surge|[of] p1a: Rillaboom\n|move|p2a: Great Tusk|Rapid Spin|p1a: Rillaboom\n|-damage|p1a: Rillaboom|83\/100\n|-boost|p2a: Great Tusk|spe|1\n|-sideend|p2: HEART BURROW|Stealth Rock|[from] move: Rapid Spin|[of] p2a: Great Tusk\n|\n|-heal|p1a: Rillaboom|89\/100|[from] Grassy Terrain\n|upkeep\n|turn|3\n|\n|t:|1699906286\n|-end|p2a: Great Tusk|Protosynthesis|[silent]\n|switch|p2a: Moltres|Moltres|100\/100\n|move|p1a: Rillaboom|Knock Off|p2a: Moltres\n|-damage|p2a: Moltres|47\/100\n|-enditem|p2a: Moltres|Heavy-Duty Boots|[from] move: Knock Off|[of] p1a: Rillaboom\n|\n|-heal|p1a: Rillaboom|95\/100|[from] Grassy Terrain\n|upkeep\n|turn|4\n|\n|t:|1699906296\n|switch|p1a: Clodsire|Clodsire, M, shiny|94\/100\n|move|p2a: Moltres|Roost|p2a: Moltres\n|-heal|p2a: Moltres|97\/100\n|-singleturn|p2a: Moltres|move: Roost\n|\n|-heal|p2a: Moltres|100\/100|[from] Grassy Terrain\n|-heal|p1a: Clodsire|100\/100|[from] Grassy Terrain\n|upkeep\n|turn|5\n|\n|t:|1699906309\n|move|p2a: Moltres|U-turn|p1a: Clodsire\n|-resisted|p1a: Clodsire\n|-damage|p1a: Clodsire|92\/100\n|\n|t:|1699906311\n|switch|p2a: Sandy Shocks|Sandy Shocks|100\/100|[from] U-turn\n|move|p1a: Clodsire|Toxic|p2a: Sandy Shocks\n|-status|p2a: Sandy Shocks|tox\n|\n|-heal|p1a: Clodsire|98\/100|[from] Grassy Terrain\n|-heal|p1a: Clodsire|100\/100|[from] item: Leftovers\n|-damage|p2a: Sandy Shocks|94\/100 tox|[from] psn\n|upkeep\n|turn|6\n|\n|t:|1699906323\n|move|p2a: Sandy Shocks|Spikes|p1a: Clodsire\n|-sidestart|p1: Jrmoore896|Spikes\n|move|p1a: Clodsire|Stealth Rock|p2a: Sandy Shocks\n|-sidestart|p2: HEART BURROW|move: Stealth Rock\n|\n|-heal|p2a: Sandy Shocks|100\/100 tox|[from] Grassy Terrain\n|-damage|p2a: Sandy Shocks|88\/100 tox|[from] psn\n|-fieldend|move: Grassy Terrain\n|upkeep\n|turn|7\n|\n|t:|1699906332\n|-end|p2a: Sandy Shocks|Protosynthesis|[silent]\n|switch|p2a: Great Tusk|Great Tusk|100\/100\n|-damage|p2a: Great Tusk|98\/100|[from] Stealth Rock\n|switch|p1a: Great Tusk|Great Tusk|100\/100\n|\n|-heal|p2a: Great Tusk|100\/100|[from] item: Leftovers\n|upkeep\n|turn|8\n|\n|t:|1699906343\n|move|p1a: Great Tusk|Rapid Spin|p2a: Great Tusk\n|-damage|p2a: Great Tusk|88\/100\n|-boost|p1a: Great Tusk|spe|1\n|-sideend|p1: Jrmoore896|Spikes|[from] move: Rapid Spin|[of] p1a: Great Tusk\n|move|p2a: Great Tusk|Rapid Spin|p1a: Great Tusk\n|-damage|p1a: Great Tusk|88\/100\n|-boost|p2a: Great Tusk|spe|1\n|-sideend|p2: HEART BURROW|Stealth Rock|[from] move: Rapid Spin|[of] p2a: Great Tusk\n|\n|-heal|p2a: Great Tusk|94\/100|[from] item: Leftovers\n|upkeep\n|turn|9\n|\n|t:|1699906355\n|move|p2a: Great Tusk|Bulk Up|p2a: Great Tusk\n|-boost|p2a: Great Tusk|atk|1\n|-boost|p2a: Great Tusk|def|1\n|move|p1a: Great Tusk|Bulk Up|p1a: Great Tusk\n|-boost|p1a: Great Tusk|atk|1\n|-boost|p1a: Great Tusk|def|1\n|\n|-heal|p2a: Great Tusk|100\/100|[from] item: Leftovers\n|upkeep\n|turn|10\n|\n|t:|1699906366\n|move|p1a: Great Tusk|Rapid Spin|p2a: Great Tusk\n|-damage|p2a: Great Tusk|89\/100\n|-boost|p1a: Great Tusk|spe|1\n|move|p2a: Great Tusk|Bulk Up|p2a: Great Tusk\n|-boost|p2a: Great Tusk|atk|1\n|-boost|p2a: Great Tusk|def|1\n|\n|-heal|p2a: Great Tusk|95\/100|[from] item: Leftovers\n|upkeep\n|turn|11\n|\n|t:|1699906376\n|-end|p1a: Great Tusk|Protosynthesis|[silent]\n|switch|p1a: Dondozo|Dondozo, M|100\/100\n|move|p2a: Great Tusk|Bulk Up|p2a: Great Tusk\n|-boost|p2a: Great Tusk|atk|1\n|-boost|p2a: Great Tusk|def|1\n|\n|-heal|p2a: Great Tusk|100\/100|[from] item: Leftovers\n|upkeep\n|turn|12\n|\n|t:|1699906385\n|-end|p2a: Great Tusk|Protosynthesis|[silent]\n|switch|p2a: Ogerpon|Ogerpon-Wellspring, F|100\/100\n|move|p1a: Dondozo|Curse|p1a: Dondozo\n|-unboost|p1a: Dondozo|spe|1\n|-boost|p1a: Dondozo|atk|1\n|-boost|p1a: Dondozo|def|1\n|\n|upkeep\n|turn|13\n|\n|t:|1699906406\n|switch|p1a: Enamorus|Enamorus, F|100\/100\n|move|p2a: Ogerpon|Swords Dance|p2a: Ogerpon\n|-boost|p2a: Ogerpon|atk|2\n|\n|upkeep\n|turn|14\n|\n|t:|1699906422\n|move|p1a: Enamorus|Moonblast|p2a: Ogerpon\n|-damage|p2a: Ogerpon|35\/100\n|move|p2a: Ogerpon|Ivy Cudgel|p1a: Enamorus\n|-damage|p1a: Enamorus|0 fnt\n|faint|p1a: Enamorus\n|\n|upkeep\n|inactive|Jrmoore896 has 120 seconds left.\n|\n|t:|1699906457\n|switch|p1a: Rillaboom|Rillaboom, M|95\/100\n|-fieldstart|move: Grassy Terrain|[from] ability: Grassy Surge|[of] p1a: Rillaboom\n|turn|15\n|\n|t:|1699906468\n|switch|p2a: Moltres|Moltres|100\/100\n|move|p1a: Rillaboom|U-turn|p2a: Moltres\n|-resisted|p2a: Moltres\n|-damage|p2a: Moltres|91\/100\n|-status|p1a: Rillaboom|brn|[from] ability: Flame Body|[of] p2a: Moltres\n|\n|t:|1699906477\n|switch|p1a: Sneasler|Sneasler, M, shiny|100\/100|[from] U-turn\n|-enditem|p1a: Sneasler|Grassy Seed\n|-boost|p1a: Sneasler|def|1|[from] item: Grassy Seed\n|\n|upkeep\n|turn|16\n|\n|t:|1699906484\n|-terastallize|p1a: Sneasler|Flying\n|move|p1a: Sneasler|Swords Dance|p1a: Sneasler\n|-boost|p1a: Sneasler|atk|2\n|move|p2a: Moltres|Will-O-Wisp|p1a: Sneasler\n|-status|p1a: Sneasler|brn\n|\n|-damage|p1a: Sneasler|95\/100 brn|[from] brn\n|upkeep\n|turn|17\n|\n|t:|1699906495\n|move|p1a: Sneasler|Swords Dance|p1a: Sneasler\n|-boost|p1a: Sneasler|atk|2\n|move|p2a: Moltres|Hurricane|p1a: Sneasler|[miss]\n|-miss|p2a: Moltres|p1a: Sneasler\n|\n|-damage|p1a: Sneasler|89\/100 brn|[from] brn\n|upkeep\n|turn|18\n|\n|t:|1699906504\n|move|p1a: Sneasler|Acrobatics|p2a: Moltres\n|-damage|p2a: Moltres|0 fnt\n|faint|p2a: Moltres\n|\n|-damage|p1a: Sneasler|83\/100 brn|[from] brn\n|upkeep\n|\n|t:|1699906513\n|switch|p2a: Gholdengo|Gholdengo|100\/100\n|turn|19\n|\n|t:|1699906517\n|move|p1a: Sneasler|Acrobatics|p2a: Gholdengo\n|-resisted|p2a: Gholdengo\n|-damage|p2a: Gholdengo|68\/100\n|move|p2a: Gholdengo|Hex|p1a: Sneasler\n|-damage|p1a: Sneasler|10\/100 brn\n|\n|-heal|p2a: Gholdengo|74\/100|[from] Grassy Terrain\n|-damage|p1a: Sneasler|4\/100 brn|[from] brn\n|-fieldend|move: Grassy Terrain\n|upkeep\n|turn|20\n|inactive|Jrmoore896 has 120 seconds left.\n|\n|t:|1699906529\n|move|p1a: Sneasler|Acrobatics|p2a: Gholdengo\n|-resisted|p2a: Gholdengo\n|-damage|p2a: Gholdengo|42\/100\n|move|p2a: Gholdengo|Recover|p2a: Gholdengo\n|-heal|p2a: Gholdengo|92\/100\n|\n|-damage|p1a: Sneasler|0 fnt|[from] brn\n|faint|p1a: Sneasler\n|upkeep\n|inactive|Jrmoore896 has 120 seconds left.\n|\n|t:|1699906539\n|switch|p1a: Great Tusk|Great Tusk|88\/100\n|turn|21\n|inactive|Jrmoore896 has 120 seconds left.\n|\n|t:|1699906548\n|move|p1a: Great Tusk|Bulk Up|p1a: Great Tusk\n|-boost|p1a: Great Tusk|atk|1\n|-boost|p1a: Great Tusk|def|1\n|move|p2a: Gholdengo|Make It Rain|p1a: Great Tusk\n|-damage|p1a: Great Tusk|6\/100\n|-unboost|p2a: Gholdengo|spa|1\n|\n|upkeep\n|turn|22\n|inactive|Jrmoore896 has 120 seconds left.\n|\n|t:|1699906562\n|switch|p2a: Great Tusk|Great Tusk|100\/100\n|move|p1a: Great Tusk|Rapid Spin|p2a: Great Tusk\n|-damage|p2a: Great Tusk|82\/100\n|-boost|p1a: Great Tusk|spe|1\n|\n|-heal|p2a: Great Tusk|88\/100|[from] item: Leftovers\n|upkeep\n|turn|23\n|\n|t:|1699906571\n|move|p1a: Great Tusk|Ice Spinner|p2a: Great Tusk\n|-supereffective|p2a: Great Tusk\n|-damage|p2a: Great Tusk|26\/100\n|move|p2a: Great Tusk|Earthquake|p1a: Great Tusk\n|-damage|p1a: Great Tusk|0 fnt\n|faint|p1a: Great Tusk\n|-end|p1a: Great Tusk|Protosynthesis|[silent]\n|\n|-heal|p2a: Great Tusk|32\/100|[from] item: Leftovers\n|upkeep\n|inactive|Jrmoore896 has 120 seconds left.\n|\n|t:|1699906583\n|switch|p1a: Rillaboom|Rillaboom, M|95\/100 brn\n|-fieldstart|move: Grassy Terrain|[from] ability: Grassy Surge|[of] p1a: Rillaboom\n|turn|24\n|\n|t:|1699906591\n|move|p2a: Great Tusk|Stone Edge|p1a: Rillaboom\n|-damage|p1a: Rillaboom|64\/100 brn\n|move|p1a: Rillaboom|Wood Hammer|p2a: Great Tusk\n|-supereffective|p2a: Great Tusk\n|-damage|p2a: Great Tusk|0 fnt\n|faint|p2a: Great Tusk\n|-end|p2a: Great Tusk|Protosynthesis|[silent]\n|-damage|p1a: Rillaboom|55\/100 brn|[from] Recoil\n|\n|-heal|p1a: Rillaboom|61\/100 brn|[from] Grassy Terrain\n|-damage|p1a: Rillaboom|55\/100 brn|[from] brn\n|upkeep\n|\n|t:|1699906604\n|switch|p2a: Gholdengo|Gholdengo|92\/100\n|turn|25\n|\n|t:|1699906609\n|switch|p1a: Clodsire|Clodsire, M, shiny|100\/100\n|move|p2a: Gholdengo|Hex|p1a: Clodsire\n|-damage|p1a: Clodsire|84\/100\n|\n|-heal|p2a: Gholdengo|98\/100|[from] Grassy Terrain\n|-heal|p1a: Clodsire|90\/100|[from] Grassy Terrain\n|-heal|p1a: Clodsire|96\/100|[from] item: Leftovers\n|upkeep\n|turn|26\n|\n|t:|1699906627\n|switch|p2a: Sandy Shocks|Sandy Shocks|88\/100 tox\n|move|p1a: Clodsire|Toxic|p2a: Sandy Shocks\n|-fail|p2a: Sandy Shocks|tox\n|\n|-heal|p2a: Sandy Shocks|94\/100 tox|[from] Grassy Terrain\n|-heal|p1a: Clodsire|100\/100|[from] Grassy Terrain\n|-damage|p2a: Sandy Shocks|88\/100 tox|[from] psn\n|upkeep\n|turn|27\n|\n|t:|1699906638\n|switch|p1a: Rillaboom|Rillaboom, M|55\/100 brn\n|move|p2a: Sandy Shocks|Spikes|p1a: Rillaboom\n|-sidestart|p1: Jrmoore896|Spikes\n|\n|-heal|p2a: Sandy Shocks|94\/100 tox|[from] Grassy Terrain\n|-heal|p1a: Rillaboom|61\/100 brn|[from] Grassy Terrain\n|-damage|p2a: Sandy Shocks|82\/100 tox|[from] psn\n|-damage|p1a: Rillaboom|55\/100 brn|[from] brn\n|upkeep\n|turn|28\n|\n|t:|1699906650\n|move|p2a: Sandy Shocks|Volt Switch|p1a: Rillaboom\n|-resisted|p1a: Rillaboom\n|-damage|p1a: Rillaboom|36\/100 brn\n|\n|t:|1699906655\n|-end|p2a: Sandy Shocks|Protosynthesis|[silent]\n|switch|p2a: Sneasler|Sneasler, F|100\/100|[from] Volt Switch\n|move|p1a: Rillaboom|Knock Off|p2a: Sneasler\n|-resisted|p2a: Sneasler\n|-damage|p2a: Sneasler|76\/100\n|-enditem|p2a: Sneasler|Choice Scarf|[from] move: Knock Off|[of] p1a: Rillaboom\n|\n|-heal|p2a: Sneasler|82\/100|[from] Grassy Terrain\n|-heal|p1a: Rillaboom|43\/100 brn|[from] Grassy Terrain\n|-damage|p1a: Rillaboom|36\/100 brn|[from] brn\n|-fieldend|move: Grassy Terrain\n|upkeep\n|turn|29\n|\n|t:|1699906672\n|switch|p1a: Clodsire|Clodsire, M, shiny|100\/100\n|-damage|p1a: Clodsire|88\/100|[from] Spikes\n|move|p2a: Sneasler|U-turn|p1a: Clodsire\n|-resisted|p1a: Clodsire\n|-damage|p1a: Clodsire|75\/100\n|\n|t:|1699906676\n|switch|p2a: Ogerpon|Ogerpon-Wellspring, F|35\/100|[from] U-turn\n|\n|-heal|p1a: Clodsire|82\/100|[from] item: Leftovers\n|upkeep\n|turn|30\n|\n|t:|1699906686\n|switch|p1a: Rillaboom|Rillaboom, M|36\/100 brn\n|-damage|p1a: Rillaboom|24\/100 brn|[from] Spikes\n|-fieldstart|move: Grassy Terrain|[from] ability: Grassy Surge|[of] p1a: Rillaboom\n|move|p2a: Ogerpon|Ivy Cudgel|p1a: Rillaboom\n|-resisted|p1a: Rillaboom\n|-damage|p1a: Rillaboom|0 fnt\n|faint|p1a: Rillaboom\n|\n|-heal|p2a: Ogerpon|41\/100|[from] Grassy Terrain\n|upkeep\n|\n|t:|1699906700\n|switch|p1a: Dondozo|Dondozo, M|100\/100\n|-damage|p1a: Dondozo|88\/100|[from] Spikes\n|turn|31\n|\n|t:|1699906706\n|move|p2a: Ogerpon|Power Whip|p1a: Dondozo\n|-supereffective|p1a: Dondozo\n|-damage|p1a: Dondozo|0 fnt\n|faint|p1a: Dondozo\n|\n|-heal|p2a: Ogerpon|47\/100|[from] Grassy Terrain\n|upkeep\n|inactive|Jrmoore896 has 120 seconds left.\n|inactive|Jrmoore896 has 90 seconds left.\n|inactive|Jrmoore896 has 60 seconds left.\n|inactive|Jrmoore896 has 30 seconds left.\n|inactive|Jrmoore896 has 20 seconds left.\n|inactive|Jrmoore896 has 15 seconds left.\n|inactive|Jrmoore896 has 10 seconds left.\n|inactive|Jrmoore896 has 5 seconds left.\n|-message|Jrmoore896 lost due to inactivity.\n|\n|win|HEART BURROW\n|raw|Jrmoore896's rating: 1483 &rarr; <strong>1461<\/strong><br \/>(-22 for losing)\n|raw|HEART BURROW's rating: 1443 &rarr; <strong>1465<\/strong><br \/>(+22 for winning)\n","uploadtime":1699906894,"views":34,"p1id":"jrmoore896","p2id":"heartburrow","formatid":"gen9ou","rating":1461,"private":0,"password":""}