{"id":"gen9ou-1993831303","p1":"tlea","p2":"xjppires","format":"[Gen 9] OU","log":"|j|\u2606tlea\n|j|\u2606xjppires\n|t:|1700362688\n|gametype|singles\n|player|p1|tlea|265|1043\n|player|p2|xjppires|policeman-gen4|1099\n|teamsize|p1|6\n|teamsize|p2|6\n|gen|9\n|tier|[Gen 9] OU\n|rated|\n|rule|Sleep Clause Mod: Limit one foe put to sleep\n|rule|Species Clause: Limit one of each Pok\u00e9mon\n|rule|OHKO Clause: OHKO moves are banned\n|rule|Evasion Items Clause: Evasion items are banned\n|rule|Evasion Moves Clause: Evasion moves are banned\n|rule|Endless Battle Clause: Forcing endless battles is banned\n|rule|HP Percentage Mod: HP is shown in percentages\n|clearpoke\n|poke|p1|Beartic, M|\n|poke|p1|Dragapult, F|\n|poke|p1|Abomasnow, F|\n|poke|p1|Mimikyu, F|\n|poke|p1|Tinkaton, F|\n|poke|p1|Barraskewda, F|\n|poke|p2|Charizard, M|\n|poke|p2|Greninja-*, M|\n|poke|p2|Ditto|\n|poke|p2|Snorlax, M|\n|poke|p2|Landorus-Therian, M|\n|poke|p2|Milotic, F|\n|teampreview\n|inactive|Battle timer is ON: inactive players will automatically lose when time's up. (requested by xjppires)\n|\n|t:|1700362699\n|start\n|switch|p1a: Dragapult|Dragapult, F|100\/100\n|switch|p2a: Snorlax|Snorlax, M|100\/100\n|turn|1\n|\n|t:|1700362705\n|move|p1a: Dragapult|Reflect|p1a: Dragapult\n|-sidestart|p1: tlea|Reflect\n|move|p2a: Snorlax|Body Slam|p1a: Dragapult\n|-immune|p1a: Dragapult\n|\n|upkeep\n|turn|2\n|\n|t:|1700362712\n|move|p1a: Dragapult|Light Screen|p1a: Dragapult\n|-sidestart|p1: tlea|move: Light Screen\n|move|p2a: Snorlax|Crunch|p1a: Dragapult\n|-supereffective|p1a: Dragapult\n|-damage|p1a: Dragapult|70\/100\n|\n|upkeep\n|turn|3\n|\n|t:|1700362718\n|move|p1a: Dragapult|U-turn|p2a: Snorlax\n|-damage|p2a: Snorlax|83\/100\n|\n|t:|1700362720\n|switch|p1a: Tinkaton|Tinkaton, F|100\/100|[from] U-turn\n|-ability|p1a: Tinkaton|Mold Breaker\n|move|p2a: Snorlax|Crunch|p1a: Tinkaton\n|-resisted|p1a: Tinkaton\n|-damage|p1a: Tinkaton|92\/100\n|\n|-heal|p1a: Tinkaton|99\/100|[from] item: Leftovers\n|upkeep\n|turn|4\n|\n|t:|1700362731\n|move|p1a: Tinkaton|Stealth Rock|p2a: Snorlax\n|-sidestart|p2: xjppires|move: Stealth Rock\n|move|p2a: Snorlax|Counter||[still]\n|-fail|p2a: Snorlax\n|\n|-heal|p1a: Tinkaton|100\/100|[from] item: Leftovers\n|upkeep\n|turn|5\n|\n|t:|1700362738\n|move|p1a: Tinkaton|Encore|p2a: Snorlax\n|-start|p2a: Snorlax|Encore\n|move|p2a: Snorlax|Counter||[still]\n|-fail|p2a: Snorlax\n|\n|upkeep\n|turn|6\n|\n|t:|1700362747\n|switch|p2a: Milotic|Milotic, F|100\/100\n|-damage|p2a: Milotic|88\/100|[from] Stealth Rock\n|move|p1a: Tinkaton|Gigaton Hammer|p2a: Milotic\n|-resisted|p2a: Milotic\n|-damage|p2a: Milotic|72\/100\n|\n|-heal|p2a: Milotic|78\/100|[from] item: Leftovers\n|upkeep\n|turn|7\n|\n|t:|1700362757\n|switch|p1a: Abomasnow|Abomasnow, F|100\/100\n|-weather|Snow|[from] ability: Snow Warning|[of] p1a: Abomasnow\n|move|p2a: Milotic|Hypnosis|p1a: Abomasnow|[miss]\n|-miss|p2a: Milotic|p1a: Abomasnow\n|\n|-weather|Snow|[upkeep]\n|-heal|p2a: Milotic|84\/100|[from] item: Leftovers\n|upkeep\n|turn|8\n|\n|t:|1700362770\n|move|p2a: Milotic|Protect|p2a: Milotic\n|-singleturn|p2a: Milotic|Protect\n|move|p1a: Abomasnow|Leaf Storm|p2a: Milotic\n|-activate|p2a: Milotic|move: Protect\n|\n|-weather|Snow|[upkeep]\n|-heal|p2a: Milotic|90\/100|[from] item: Leftovers\n|-sideend|p1: tlea|Reflect\n|upkeep\n|turn|9\n|\n|t:|1700362781\n|-terastallize|p2a: Milotic|Steel\n|move|p1a: Abomasnow|Aurora Veil|p1a: Abomasnow\n|-sidestart|p1: tlea|move: Aurora Veil\n|move|p2a: Milotic|Mirror Coat||[still]\n|-fail|p2a: Milotic\n|\n|-weather|Snow|[upkeep]\n|-heal|p2a: Milotic|96\/100|[from] item: Leftovers\n|-sideend|p1: tlea|move: Light Screen\n|upkeep\n|turn|10\n|\n|t:|1700362797\n|switch|p1a: Beartic|Beartic, M|100\/100\n|move|p2a: Milotic|Hypnosis|p1a: Beartic\n|-status|p1a: Beartic|slp|[from] move: Hypnosis\n|\n|-weather|Snow|[upkeep]\n|-heal|p2a: Milotic|100\/100|[from] item: Leftovers\n|upkeep\n|turn|11\n|\n|t:|1700362813\n|switch|p2a: Snorlax|Snorlax, M|83\/100\n|-damage|p2a: Snorlax|70\/100|[from] Stealth Rock\n|cant|p1a: Beartic|slp\n|\n|-weather|Snow|[upkeep]\n|upkeep\n|turn|12\n|\n|t:|1700362821\n|cant|p1a: Beartic|slp\n|move|p2a: Snorlax|Body Slam|p1a: Beartic\n|-damage|p1a: Beartic|82\/100 slp\n|\n|-weather|Snow|[upkeep]\n|upkeep\n|turn|13\n|\n|t:|1700362829\n|-curestatus|p1a: Beartic|slp|[msg]\n|move|p1a: Beartic|Icicle Crash|p2a: Snorlax\n|-damage|p2a: Snorlax|44\/100\n|-damage|p1a: Beartic|72\/100|[from] item: Life Orb\n|cant|p2a: Snorlax|flinch\n|\n|-weather|Snow|[upkeep]\n|-sideend|p1: tlea|move: Aurora Veil\n|upkeep\n|turn|14\n|\n|t:|1700362841\n|-terastallize|p1a: Beartic|Ice\n|move|p1a: Beartic|Icicle Crash|p2a: Snorlax\n|-damage|p2a: Snorlax|8\/100\n|-enditem|p2a: Snorlax|Aguav Berry|[eat]\n|-heal|p2a: Snorlax|41\/100|[from] item: Aguav Berry\n|-damage|p1a: Beartic|62\/100|[from] item: Life Orb\n|move|p2a: Snorlax|Crunch|p1a: Beartic\n|-damage|p1a: Beartic|40\/100\n|\n|-weather|none\n|upkeep\n|turn|15\n|c|\u2606tlea|c'mon\n|\n|t:|1700362856\n|move|p1a: Beartic|Icicle Crash|p2a: Snorlax\n|-damage|p2a: Snorlax|3\/100\n|-damage|p1a: Beartic|30\/100|[from] item: Life Orb\n|move|p2a: Snorlax|Body Slam|p1a: Beartic\n|-damage|p1a: Beartic|0 fnt\n|faint|p1a: Beartic\n|\n|upkeep\n|inactive|tlea has 120 seconds left.\n|c|\u2606tlea|so you get lucky and survive two hits, and then get a lucky hit on me\n|\n|t:|1700362891\n|switch|p1a: Dragapult|Dragapult, F|70\/100\n|turn|16\n|\n|t:|1700362896\n|move|p1a: Dragapult|Dragon Darts|p2a: Snorlax\n|-damage|p2a: Snorlax|0 fnt\n|faint|p2a: Snorlax\n|\n|upkeep\n|\n|t:|1700362901\n|switch|p2a: Milotic|Milotic, F, tera:Steel|100\/100\n|-damage|p2a: Milotic|94\/100|[from] Stealth Rock\n|turn|17\n|\n|t:|1700362906\n|move|p1a: Dragapult|Reflect|p1a: Dragapult\n|-sidestart|p1: tlea|Reflect\n|move|p2a: Milotic|Mirror Coat||[still]\n|-fail|p2a: Milotic\n|\n|-heal|p2a: Milotic|100\/100|[from] item: Leftovers\n|upkeep\n|turn|18\n|\n|t:|1700362913\n|move|p1a: Dragapult|Light Screen|p1a: Dragapult\n|-sidestart|p1: tlea|move: Light Screen\n|move|p2a: Milotic|Hypnosis|p1a: Dragapult\n|-status|p1a: Dragapult|slp|[from] move: Hypnosis\n|\n|upkeep\n|turn|19\n|\n|t:|1700362924\n|switch|p1a: Abomasnow|Abomasnow, F|100\/100\n|-weather|Snow|[from] ability: Snow Warning|[of] p1a: Abomasnow\n|move|p2a: Milotic|Scald|p1a: Abomasnow\n|-resisted|p1a: Abomasnow\n|-damage|p1a: Abomasnow|93\/100\n|-status|p1a: Abomasnow|brn\n|\n|-weather|Snow|[upkeep]\n|-damage|p1a: Abomasnow|86\/100 brn|[from] brn\n|upkeep\n|turn|20\n|\n|t:|1700362936\n|move|p1a: Abomasnow|Aurora Veil|p1a: Abomasnow\n|-sidestart|p1: tlea|move: Aurora Veil\n|move|p2a: Milotic|Mirror Coat||[still]\n|-fail|p2a: Milotic\n|\n|-weather|Snow|[upkeep]\n|-damage|p1a: Abomasnow|80\/100 brn|[from] brn\n|upkeep\n|turn|21\n|\n|t:|1700362948\n|move|p2a: Milotic|Protect|p2a: Milotic\n|-singleturn|p2a: Milotic|Protect\n|move|p1a: Abomasnow|Blizzard|p2a: Milotic\n|-activate|p2a: Milotic|move: Protect\n|\n|-weather|Snow|[upkeep]\n|-damage|p1a: Abomasnow|74\/100 brn|[from] brn\n|upkeep\n|turn|22\n|\n|t:|1700362957\n|move|p1a: Abomasnow|Blizzard|p2a: Milotic\n|-resisted|p2a: Milotic\n|-damage|p2a: Milotic|83\/100\n|move|p2a: Milotic|Mirror Coat|p1a: Abomasnow\n|-damage|p1a: Abomasnow|31\/100 brn\n|\n|-weather|Snow|[upkeep]\n|-heal|p2a: Milotic|89\/100|[from] item: Leftovers\n|-damage|p1a: Abomasnow|25\/100 brn|[from] brn\n|upkeep\n|turn|23\n|\n|t:|1700362968\n|move|p2a: Milotic|Protect|p2a: Milotic\n|-singleturn|p2a: Milotic|Protect\n|move|p1a: Abomasnow|Blizzard|p2a: Milotic\n|-activate|p2a: Milotic|move: Protect\n|\n|-weather|Snow|[upkeep]\n|-heal|p2a: Milotic|95\/100|[from] item: Leftovers\n|-damage|p1a: Abomasnow|19\/100 brn|[from] brn\n|upkeep\n|turn|24\n|\n|t:|1700362985\n|move|p1a: Abomasnow|Leaf Storm|p2a: Milotic\n|-resisted|p2a: Milotic\n|-damage|p2a: Milotic|76\/100\n|-unboost|p1a: Abomasnow|spa|2\n|move|p2a: Milotic|Scald|p1a: Abomasnow\n|-resisted|p1a: Abomasnow\n|-damage|p1a: Abomasnow|10\/100 brn\n|\n|-weather|Snow|[upkeep]\n|-heal|p2a: Milotic|82\/100|[from] item: Leftovers\n|-damage|p1a: Abomasnow|4\/100 brn|[from] brn\n|-sideend|p1: tlea|Reflect\n|-sideend|p1: tlea|move: Aurora Veil\n|upkeep\n|turn|25\n|\n|t:|1700362998\n|move|p2a: Milotic|Protect|p2a: Milotic\n|-singleturn|p2a: Milotic|Protect\n|move|p1a: Abomasnow|Leaf Storm|p2a: Milotic\n|-activate|p2a: Milotic|move: Protect\n|\n|-weather|Snow|[upkeep]\n|-heal|p2a: Milotic|88\/100|[from] item: Leftovers\n|-damage|p1a: Abomasnow|0 fnt|[from] brn\n|faint|p1a: Abomasnow\n|-sideend|p1: tlea|move: Light Screen\n|upkeep\n|\n|t:|1700363014\n|switch|p1a: Tinkaton|Tinkaton, F|100\/100\n|-ability|p1a: Tinkaton|Mold Breaker\n|turn|26\n|\n|t:|1700363022\n|move|p2a: Milotic|Protect||[still]\n|-fail|p2a: Milotic\n|move|p1a: Tinkaton|Encore|p2a: Milotic\n|-start|p2a: Milotic|Encore\n|\n|-weather|none\n|-heal|p2a: Milotic|94\/100|[from] item: Leftovers\n|upkeep\n|turn|27\n|\n|t:|1700363031\n|switch|p1a: Dragapult|Dragapult, F|70\/100 slp\n|move|p2a: Milotic|Protect||[still]\n|-fail|p2a: Milotic\n|\n|-heal|p2a: Milotic|99\/100|[from] item: Leftovers\n|upkeep\n|turn|28\n|\n|t:|1700363041\n|move|p2a: Milotic|Protect|p2a: Milotic\n|-singleturn|p2a: Milotic|Protect\n|cant|p1a: Dragapult|slp\n|\n|-heal|p2a: Milotic|100\/100|[from] item: Leftovers\n|upkeep\n|turn|29\n|\n|t:|1700363049\n|move|p2a: Milotic|Protect||[still]\n|-fail|p2a: Milotic\n|-curestatus|p1a: Dragapult|slp|[msg]\n|move|p1a: Dragapult|Reflect|p1a: Dragapult\n|-sidestart|p1: tlea|Reflect\n|\n|-end|p2a: Milotic|Encore\n|upkeep\n|turn|30\n|\n|t:|1700363059\n|move|p1a: Dragapult|Light Screen|p1a: Dragapult\n|-sidestart|p1: tlea|move: Light Screen\n|move|p2a: Milotic|Hypnosis|p1a: Dragapult|[miss]\n|-miss|p2a: Milotic|p1a: Dragapult\n|\n|upkeep\n|turn|31\n|\n|t:|1700363066\n|move|p1a: Dragapult|U-turn|p2a: Milotic\n|-resisted|p2a: Milotic\n|-damage|p2a: Milotic|94\/100\n|\n|t:|1700363069\n|switch|p1a: Mimikyu|Mimikyu, F|100\/100|[from] U-turn\n|move|p2a: Milotic|Hypnosis|p1a: Mimikyu\n|-status|p1a: Mimikyu|slp|[from] move: Hypnosis\n|\n|-heal|p2a: Milotic|99\/100|[from] item: Leftovers\n|upkeep\n|turn|32\n|c|\u2606tlea|fucking bullshit match\n|-message|tlea forfeited.\n|\n|win|xjppires\n|raw|tlea's rating: 1043 &rarr; <strong>1029<\/strong><br \/>(-14 for losing)\n|raw|xjppires's rating: 1099 &rarr; <strong>1120<\/strong><br \/>(+21 for winning)\n|l|\u2606tlea\n","uploadtime":1700363084,"views":8,"p1id":"tlea","p2id":"xjppires","formatid":"gen9ou","rating":1029,"private":0,"password":""}