{"id":"gen9ou-1988806404","p1":"tranmin001","p2":"ChandosH","format":"[Gen 9] OU","log":"|j|\u2606tranmin001\n|j|\u2606ChandosH\n|t:|1699765870\n|gametype|singles\n|player|p1|tranmin001|2|1687\n|player|p2|ChandosH|n-masters|1605\n|teamsize|p1|6\n|teamsize|p2|6\n|gen|9\n|tier|[Gen 9] OU\n|rated|\n|rule|Sleep Clause Mod: Limit one foe put to sleep\n|rule|Species Clause: Limit one of each Pok\u00e9mon\n|rule|OHKO Clause: OHKO moves are banned\n|rule|Evasion Items Clause: Evasion items are banned\n|rule|Evasion Moves Clause: Evasion moves are banned\n|rule|Endless Battle Clause: Forcing endless battles is banned\n|rule|HP Percentage Mod: HP is shown in percentages\n|clearpoke\n|poke|p1|Great Tusk|\n|poke|p1|Hatterene, F|\n|poke|p1|Dondozo, M|\n|poke|p1|Mandibuzz, F|\n|poke|p1|Heatran, F|\n|poke|p1|Dragapult, F|\n|poke|p2|Alomomola, M|\n|poke|p2|Great Tusk|\n|poke|p2|Iron Valiant|\n|poke|p2|Slowking-Galar, F|\n|poke|p2|Cinderace, F|\n|poke|p2|Thundurus-Therian, M|\n|teampreview\n|inactive|Battle timer is ON: inactive players will automatically lose when time's up. (requested by tranmin001)\n|\n|t:|1699765892\n|start\n|switch|p1a: Great Tusk|Great Tusk, shiny|100\/100\n|switch|p2a: Iron Valiant|Iron Valiant|100\/100\n|turn|1\n|\n|t:|1699765900\n|-terastallize|p1a: Great Tusk|Steel\n|move|p2a: Iron Valiant|Close Combat|p1a: Great Tusk\n|-supereffective|p1a: Great Tusk\n|-damage|p1a: Great Tusk|0 fnt\n|-unboost|p2a: Iron Valiant|def|1\n|-unboost|p2a: Iron Valiant|spd|1\n|faint|p1a: Great Tusk\n|-end|p1a: Great Tusk|Protosynthesis|[silent]\n|\n|upkeep\n|\n|t:|1699765912\n|switch|p1a: Dragapult|Dragapult, F, shiny|100\/100\n|turn|2\n|\n|t:|1699765922\n|-end|p2a: Iron Valiant|Quark Drive|[silent]\n|switch|p2a: Slowking|Slowking-Galar, F|100\/100\n|move|p1a: Dragapult|Shadow Ball|p2a: Slowking\n|-supereffective|p2a: Slowking\n|-damage|p2a: Slowking|38\/100\n|\n|upkeep\n|turn|3\n|\n|t:|1699765935\n|switch|p2a: Alomomola|Alomomola, M|100\/100\n|move|p1a: Dragapult|Shadow Ball|p2a: Alomomola\n|-damage|p2a: Alomomola|29\/100\n|\n|upkeep\n|turn|4\n|j| Joe35678\n|\n|t:|1699765945\n|move|p1a: Dragapult|Shadow Ball|p2a: Alomomola\n|-damage|p2a: Alomomola|0 fnt\n|faint|p2a: Alomomola\n|\n|upkeep\n|\n|t:|1699765947\n|switch|p2a: Slowking|Slowking-Galar, F|71\/100\n|turn|5\n|\n|t:|1699765950\n|switch|p1a: Heatran|Heatran, F, shiny|100\/100\n|-terastallize|p2a: Slowking|Fairy\n|move|p2a: Slowking|Ice Beam|p1a: Heatran\n|-resisted|p1a: Heatran\n|-damage|p1a: Heatran|97\/100\n|\n|-heal|p1a: Heatran|100\/100|[from] item: Leftovers\n|upkeep\n|turn|6\n|\n|t:|1699765954\n|move|p1a: Heatran|Taunt|p2a: Slowking\n|-start|p2a: Slowking|move: Taunt\n|cant|p2a: Slowking|move: Taunt|Slack Off\n|\n|upkeep\n|turn|7\n|\n|t:|1699765964\n|switch|p2a: Great Tusk|Great Tusk|100\/100\n|move|p1a: Heatran|Magma Storm|p2a: Great Tusk\n|-damage|p2a: Great Tusk|39\/100\n|-activate|p2a: Great Tusk|move: Magma Storm|[of] p1a: Heatran\n|\n|-damage|p2a: Great Tusk|27\/100|[from] move: Magma Storm|[partiallytrapped]\n|upkeep\n|turn|8\n|\n|t:|1699765970\n|move|p1a: Heatran|Protect|p1a: Heatran\n|-singleturn|p1a: Heatran|Protect\n|move|p2a: Great Tusk|Earthquake|p1a: Heatran\n|-activate|p1a: Heatran|move: Protect\n|\n|-damage|p2a: Great Tusk|14\/100|[from] move: Magma Storm|[partiallytrapped]\n|upkeep\n|turn|9\n|\n|t:|1699765973\n|switch|p1a: Mandibuzz|Mandibuzz, F, shiny|100\/100\n|move|p2a: Great Tusk|Earthquake|p1a: Mandibuzz\n|-immune|p1a: Mandibuzz\n|\n|-end|p2a: Great Tusk|Magma Storm|[partiallytrapped]|[silent]\n|upkeep\n|turn|10\n|\n|t:|1699765978\n|switch|p1a: Hatterene|Hatterene, F, shiny|100\/100\n|move|p2a: Great Tusk|Ice Spinner|p1a: Hatterene\n|-damage|p1a: Hatterene|82\/100\n|\n|-heal|p1a: Hatterene|88\/100|[from] item: Leftovers\n|upkeep\n|turn|11\n|\n|t:|1699765985\n|move|p2a: Great Tusk|Earthquake|p1a: Hatterene\n|-damage|p1a: Hatterene|54\/100\n|move|p1a: Hatterene|Nuzzle|p2a: Great Tusk\n|-immune|p2a: Great Tusk\n|\n|-heal|p1a: Hatterene|60\/100|[from] item: Leftovers\n|upkeep\n|turn|12\n|\n|t:|1699765989\n|move|p2a: Great Tusk|Earthquake|p1a: Hatterene\n|-damage|p1a: Hatterene|28\/100\n|move|p1a: Hatterene|Draining Kiss|p2a: Great Tusk\n|-supereffective|p2a: Great Tusk\n|-damage|p2a: Great Tusk|0 fnt\n|-heal|p1a: Hatterene|39\/100|[from] drain|[of] p2a: Great Tusk\n|-damage|p1a: Hatterene|23\/100|[from] item: Rocky Helmet|[of] p2a: Great Tusk\n|faint|p2a: Great Tusk\n|-end|p2a: Great Tusk|Protosynthesis|[silent]\n|\n|-heal|p1a: Hatterene|29\/100|[from] item: Leftovers\n|upkeep\n|\n|t:|1699765998\n|switch|p2a: Thundurus|Thundurus-Therian, M|100\/100\n|turn|13\n|\n|t:|1699766003\n|move|p2a: Thundurus|Volt Switch|p1a: Hatterene\n|-damage|p1a: Hatterene|0 fnt\n|faint|p1a: Hatterene\n|\n|t:|1699766008\n|switch|p2a: Iron Valiant|Iron Valiant|100\/100|[from] Volt Switch\n|\n|upkeep\n|\n|t:|1699766014\n|switch|p1a: Dragapult|Dragapult, F, shiny|100\/100\n|turn|14\n|\n|t:|1699766018\n|-end|p2a: Iron Valiant|Quark Drive|[silent]\n|switch|p2a: Slowking|Slowking-Galar, F, tera:Fairy|100\/100\n|move|p1a: Dragapult|Shadow Ball|p2a: Slowking\n|-damage|p2a: Slowking|68\/100\n|\n|upkeep\n|turn|15\n|\n|t:|1699766025\n|switch|p1a: Heatran|Heatran, F, shiny|100\/100\n|move|p2a: Slowking|Chilly Reception|p2a: Slowking\n|-weather|Snow\n|\n|t:|1699766033\n|switch|p2a: Iron Valiant|Iron Valiant|100\/100|[from] Chilly Reception\n|\n|-weather|Snow|[upkeep]\n|upkeep\n|turn|16\n|\n|t:|1699766039\n|switch|p1a: Dondozo|Dondozo, M, shiny|100\/100\n|move|p2a: Iron Valiant|Close Combat|p1a: Dondozo\n|-damage|p1a: Dondozo|46\/100\n|-unboost|p2a: Iron Valiant|def|1\n|-unboost|p2a: Iron Valiant|spd|1\n|\n|-weather|Snow|[upkeep]\n|-heal|p1a: Dondozo|52\/100|[from] item: Leftovers\n|upkeep\n|turn|17\n|\n|t:|1699766044\n|switch|p1a: Heatran|Heatran, F, shiny|100\/100\n|move|p2a: Iron Valiant|Close Combat|p1a: Heatran\n|-supereffective|p1a: Heatran\n|-damage|p1a: Heatran|0 fnt\n|-unboost|p2a: Iron Valiant|def|1\n|-unboost|p2a: Iron Valiant|spd|1\n|faint|p1a: Heatran\n|\n|-weather|Snow|[upkeep]\n|upkeep\n|\n|t:|1699766046\n|switch|p1a: Dragapult|Dragapult, F, shiny|100\/100\n|turn|18\n|\n|t:|1699766053\n|-end|p2a: Iron Valiant|Quark Drive|[silent]\n|switch|p2a: Slowking|Slowking-Galar, F, tera:Fairy|100\/100\n|move|p1a: Dragapult|Shadow Ball|p2a: Slowking\n|-damage|p2a: Slowking|68\/100\n|\n|-weather|Snow|[upkeep]\n|upkeep\n|turn|19\n|\n|t:|1699766059\n|move|p1a: Dragapult|Shadow Ball|p2a: Slowking\n|-damage|p2a: Slowking|32\/100\n|-unboost|p2a: Slowking|spd|1\n|move|p2a: Slowking|Slack Off|p2a: Slowking\n|-heal|p2a: Slowking|82\/100\n|\n|-weather|none\n|upkeep\n|turn|20\n|\n|t:|1699766064\n|move|p1a: Dragapult|Shadow Ball|p2a: Slowking\n|-damage|p2a: Slowking|35\/100\n|-unboost|p2a: Slowking|spd|1\n|move|p2a: Slowking|Ice Beam|p1a: Dragapult\n|-supereffective|p1a: Dragapult\n|-damage|p1a: Dragapult|43\/100\n|\n|upkeep\n|turn|21\n|\n|t:|1699766071\n|switch|p2a: Cinderace|Cinderace, F|100\/100\n|move|p1a: Dragapult|Shadow Ball|p2a: Cinderace\n|-damage|p2a: Cinderace|34\/100\n|\n|upkeep\n|turn|22\n|\n|t:|1699766074\n|switch|p1a: Mandibuzz|Mandibuzz, F, shiny|100\/100\n|move|p2a: Cinderace|Pyro Ball|p1a: Mandibuzz\n|-crit|p1a: Mandibuzz\n|-damage|p1a: Mandibuzz|42\/100\n|\n|upkeep\n|turn|23\n|\n|t:|1699766081\n|switch|p1a: Dondozo|Dondozo, M, shiny|52\/100\n|move|p2a: Cinderace|U-turn|p1a: Dondozo\n|-damage|p1a: Dondozo|41\/100\n|\n|t:|1699766086\n|switch|p2a: Thundurus|Thundurus-Therian, M|100\/100|[from] U-turn\n|\n|-heal|p1a: Dondozo|47\/100|[from] item: Leftovers\n|upkeep\n|turn|24\n|\n|t:|1699766089\n|move|p2a: Thundurus|Volt Switch|p1a: Dondozo\n|-supereffective|p1a: Dondozo\n|-damage|p1a: Dondozo|0 fnt\n|faint|p1a: Dondozo\n|\n|t:|1699766096\n|switch|p2a: Slowking|Slowking-Galar, F, tera:Fairy|68\/100|[from] Volt Switch\n|\n|upkeep\n|\n|t:|1699766098\n|switch|p1a: Dragapult|Dragapult, F, shiny|43\/100\n|turn|25\n|\n|t:|1699766103\n|move|p1a: Dragapult|Shadow Ball|p2a: Slowking\n|-damage|p2a: Slowking|32\/100\n|move|p2a: Slowking|Ice Beam|p1a: Dragapult\n|-supereffective|p1a: Dragapult\n|-damage|p1a: Dragapult|0 fnt\n|faint|p1a: Dragapult\n|\n|upkeep\n|\n|t:|1699766106\n|switch|p1a: Mandibuzz|Mandibuzz, F, shiny|42\/100\n|turn|26\n|\n|t:|1699766110\n|move|p1a: Mandibuzz|Foul Play|p2a: Slowking\n|-resisted|p2a: Slowking\n|-damage|p2a: Slowking|22\/100\n|move|p2a: Slowking|Slack Off|p2a: Slowking\n|-heal|p2a: Slowking|72\/100\n|\n|upkeep\n|turn|27\n|\n|t:|1699766113\n|move|p1a: Mandibuzz|Foul Play|p2a: Slowking\n|-resisted|p2a: Slowking\n|-damage|p2a: Slowking|63\/100\n|move|p2a: Slowking|Sludge Bomb|p1a: Mandibuzz\n|-damage|p1a: Mandibuzz|16\/100\n|\n|upkeep\n|turn|28\n|\n|t:|1699766116\n|move|p1a: Mandibuzz|Foul Play|p2a: Slowking\n|-resisted|p2a: Slowking\n|-damage|p2a: Slowking|54\/100\n|move|p2a: Slowking|Sludge Bomb|p1a: Mandibuzz\n|-damage|p1a: Mandibuzz|0 fnt\n|faint|p1a: Mandibuzz\n|\n|win|ChandosH\n|raw|tranmin001's rating: 1687 &rarr; <strong>1662<\/strong><br \/>(-25 for losing)\n|raw|ChandosH's rating: 1605 &rarr; <strong>1630<\/strong><br \/>(+25 for winning)\n","uploadtime":1699766122,"views":10,"p1id":"tranmin001","p2id":"chandosh","formatid":"gen9ou","rating":1630,"private":0,"password":""}