{"id":"gen9ou-1993057890","p1":"CyberH3","p2":"Mamoswineflu","format":"[Gen 9] OU","log":"|j|\u2606CyberH3\n|j|\u2606Mamoswineflu\n|t:|1700260056\n|gametype|singles\n|player|p1|CyberH3|mars|1374\n|player|p2|Mamoswineflu|101|1453\n|teamsize|p1|6\n|teamsize|p2|6\n|gen|9\n|tier|[Gen 9] OU\n|rated|\n|rule|Sleep Clause Mod: Limit one foe put to sleep\n|rule|Species Clause: Limit one of each Pok\u00e9mon\n|rule|OHKO Clause: OHKO moves are banned\n|rule|Evasion Items Clause: Evasion items are banned\n|rule|Evasion Moves Clause: Evasion moves are banned\n|rule|Endless Battle Clause: Forcing endless battles is banned\n|rule|HP Percentage Mod: HP is shown in percentages\n|clearpoke\n|poke|p1|Goodra-Hisui, M|\n|poke|p1|Scizor, F|\n|poke|p1|Mimikyu, F|\n|poke|p1|Iron Valiant|\n|poke|p1|Talonflame, F|\n|poke|p1|Lokix, M|\n|poke|p2|Samurott-Hisui, M|\n|poke|p2|Ninetales-Alola, F|\n|poke|p2|Kommo-o, M|\n|poke|p2|Iron Valiant|\n|poke|p2|Ogerpon-Wellspring, F|\n|poke|p2|Gholdengo|\n|teampreview\n|\n|t:|1700260065\n|start\n|switch|p1a: Eat With Scissors|Scizor, F|100\/100\n|switch|p2a: Samurott|Samurott-Hisui, M|100\/100\n|turn|1\n|\n|t:|1700260075\n|move|p2a: Samurott|Ceaseless Edge|p1a: Eat With Scissors\n|-damage|p1a: Eat With Scissors|54\/100\n|-sidestart|p1: CyberH3|Spikes\n|move|p1a: Eat With Scissors|U-turn|p2a: Samurott\n|-supereffective|p2a: Samurott\n|-crit|p2a: Samurott\n|-enditem|p2a: Samurott|Focus Sash\n|-damage|p2a: Samurott|1\/100\n|-damage|p1a: Eat With Scissors|44\/100|[from] item: Life Orb\n|\n|t:|1700260086\n|switch|p1a: Morf LeRosh|Lokix, M|100\/100|[from] U-turn\n|-damage|p1a: Morf LeRosh|88\/100|[from] Spikes\n|\n|upkeep\n|turn|2\n|\n|t:|1700260101\n|move|p1a: Morf LeRosh|First Impression|p2a: Samurott\n|-supereffective|p2a: Samurott\n|-damage|p2a: Samurott|0 fnt\n|faint|p2a: Samurott\n|-damage|p1a: Morf LeRosh|78\/100|[from] item: Life Orb\n|\n|upkeep\n|\n|t:|1700260109\n|switch|p2a: Kommo-o|Kommo-o, M, shiny|100\/100\n|turn|3\n|\n|t:|1700260113\n|move|p1a: Morf LeRosh|Knock Off|p2a: Kommo-o\n|-resisted|p2a: Kommo-o\n|-damage|p2a: Kommo-o|44\/100\n|-enditem|p2a: Kommo-o|Throat Spray|[from] move: Knock Off|[of] p1a: Morf LeRosh\n|-damage|p1a: Morf LeRosh|68\/100|[from] item: Life Orb\n|move|p2a: Kommo-o|Clangorous Soul|p2a: Kommo-o\n|-boost|p2a: Kommo-o|atk|1\n|-boost|p2a: Kommo-o|def|1\n|-boost|p2a: Kommo-o|spa|1\n|-boost|p2a: Kommo-o|spd|1\n|-boost|p2a: Kommo-o|spe|1\n|-damage|p2a: Kommo-o|11\/100\n|\n|upkeep\n|turn|4\n|\n|t:|1700260119\n|move|p2a: Kommo-o|Drain Punch|p1a: Morf LeRosh\n|-damage|p1a: Morf LeRosh|0 fnt\n|-heal|p2a: Kommo-o|44\/100|[from] drain|[of] p1a: Morf LeRosh\n|faint|p1a: Morf LeRosh\n|\n|upkeep\n|\n|t:|1700260132\n|switch|p1a: OHAYOLLIE|Mimikyu, F|100\/100\n|-damage|p1a: OHAYOLLIE|88\/100|[from] Spikes\n|turn|5\n|\n|t:|1700260137\n|-terastallize|p2a: Kommo-o|Steel\n|move|p2a: Kommo-o|Flash Cannon|p1a: OHAYOLLIE\n|-activate|p1a: OHAYOLLIE|ability: Disguise\n|-damage|p1a: OHAYOLLIE|88\/100\n|detailschange|p1a: OHAYOLLIE|Mimikyu-Busted, F\n|-damage|p1a: OHAYOLLIE|76\/100|[from] pokemon: Mimikyu-Busted\n|move|p1a: OHAYOLLIE|Swords Dance|p1a: OHAYOLLIE\n|-boost|p1a: OHAYOLLIE|atk|2\n|\n|upkeep\n|turn|6\n|\n|t:|1700260144\n|-terastallize|p1a: OHAYOLLIE|Ghost\n|move|p1a: OHAYOLLIE|Shadow Sneak|p2a: Kommo-o\n|-damage|p2a: Kommo-o|9\/100\n|-damage|p1a: OHAYOLLIE|66\/100|[from] item: Life Orb\n|move|p2a: Kommo-o|Flash Cannon|p1a: OHAYOLLIE\n|-damage|p1a: OHAYOLLIE|12\/100\n|\n|upkeep\n|turn|7\n|\n|t:|1700260161\n|switch|p2a: Ninetales|Ninetales-Alola, F|100\/100\n|-weather|Snow|[from] ability: Snow Warning|[of] p2a: Ninetales\n|move|p1a: OHAYOLLIE|Shadow Sneak|p2a: Ninetales\n|-damage|p2a: Ninetales|57\/100\n|-damage|p1a: OHAYOLLIE|2\/100|[from] item: Life Orb\n|\n|-weather|Snow|[upkeep]\n|upkeep\n|turn|8\n|\n|t:|1700260167\n|move|p2a: Ninetales|Aurora Veil|p2a: Ninetales\n|-sidestart|p2: Mamoswineflu|move: Aurora Veil\n|move|p1a: OHAYOLLIE|Drain Punch|p2a: Ninetales\n|-damage|p2a: Ninetales|34\/100\n|-heal|p1a: OHAYOLLIE|18\/100|[from] drain|[of] p2a: Ninetales\n|-damage|p1a: OHAYOLLIE|8\/100|[from] item: Life Orb\n|\n|-weather|Snow|[upkeep]\n|upkeep\n|turn|9\n|\n|t:|1700260175\n|move|p1a: OHAYOLLIE|Shadow Sneak|p2a: Ninetales\n|-damage|p2a: Ninetales|9\/100\n|-damage|p1a: OHAYOLLIE|0 fnt|[from] item: Life Orb\n|faint|p1a: OHAYOLLIE\n|move|p2a: Ninetales|Encore|p1: OHAYOLLIE|[notarget]\n|-fail|p2a: Ninetales\n|\n|-weather|Snow|[upkeep]\n|upkeep\n|\n|t:|1700260179\n|switch|p1a: Eat With Scissors|Scizor, F|44\/100\n|-damage|p1a: Eat With Scissors|32\/100|[from] Spikes\n|turn|10\n|\n|t:|1700260184\n|switch|p2a: Kommo-o|Kommo-o, M, shiny, tera:Steel|9\/100\n|move|p1a: Eat With Scissors|Bullet Punch|p2a: Kommo-o\n|-resisted|p2a: Kommo-o\n|-damage|p2a: Kommo-o|0 fnt\n|faint|p2a: Kommo-o\n|-damage|p1a: Eat With Scissors|22\/100|[from] item: Life Orb\n|\n|-weather|Snow|[upkeep]\n|upkeep\n|\n|t:|1700260199\n|switch|p2a: Ogerpon|Ogerpon-Wellspring, F|100\/100\n|turn|11\n|\n|t:|1700260203\n|move|p2a: Ogerpon|Ivy Cudgel|p1a: Eat With Scissors|[anim] Ivy Cudgel Water\n|-crit|p1a: Eat With Scissors\n|-damage|p1a: Eat With Scissors|0 fnt\n|faint|p1a: Eat With Scissors\n|\n|-weather|none\n|upkeep\n|\n|t:|1700260211\n|switch|p1a: The XO|Talonflame, F|100\/100\n|turn|12\n|\n|t:|1700260216\n|move|p1a: The XO|Will-O-Wisp|p2a: Ogerpon|[miss]\n|-miss|p1a: The XO|p2a: Ogerpon\n|move|p2a: Ogerpon|Swords Dance|p2a: Ogerpon\n|-boost|p2a: Ogerpon|atk|2\n|\n|upkeep\n|turn|13\n|\n|t:|1700260222\n|switch|p2a: Gholdengo|Gholdengo|100\/100\n|move|p1a: The XO|Brave Bird|p2a: Gholdengo\n|-resisted|p2a: Gholdengo\n|-damage|p2a: Gholdengo|87\/100\n|-damage|p1a: The XO|95\/100|[from] Recoil\n|\n|-heal|p1a: The XO|100\/100|[from] item: Leftovers\n|upkeep\n|turn|14\n|\n|t:|1700260229\n|move|p2a: Gholdengo|Trick|p1a: The XO\n|-activate|p2a: Gholdengo|move: Trick|[of] p1a: The XO\n|-item|p1a: The XO|Choice Scarf|[from] move: Trick\n|-item|p2a: Gholdengo|Leftovers|[from] move: Trick\n|move|p1a: The XO|Flare Blitz|p2a: Gholdengo\n|-supereffective|p2a: Gholdengo\n|-damage|p2a: Gholdengo|30\/100\n|-damage|p1a: The XO|81\/100|[from] Recoil\n|\n|-heal|p2a: Gholdengo|36\/100|[from] item: Leftovers\n|upkeep\n|turn|15\n|\n|t:|1700260237\n|move|p1a: The XO|Flare Blitz|p2a: Gholdengo\n|-supereffective|p2a: Gholdengo\n|-damage|p2a: Gholdengo|0 fnt\n|faint|p2a: Gholdengo\n|-damage|p1a: The XO|69\/100|[from] Recoil\n|\n|-sideend|p2: Mamoswineflu|move: Aurora Veil\n|upkeep\n|\n|t:|1700260239\n|switch|p2a: Iron Valiant|Iron Valiant|100\/100\n|-enditem|p2a: Iron Valiant|Booster Energy\n|-activate|p2a: Iron Valiant|ability: Quark Drive|[fromitem]\n|-start|p2a: Iron Valiant|quarkdrivespe\n|turn|16\n|\n|t:|1700260243\n|move|p1a: The XO|Flare Blitz|p2a: Iron Valiant\n|-damage|p2a: Iron Valiant|47\/100\n|-damage|p1a: The XO|51\/100|[from] Recoil\n|move|p2a: Iron Valiant|Calm Mind|p2a: Iron Valiant\n|-boost|p2a: Iron Valiant|spa|1\n|-boost|p2a: Iron Valiant|spd|1\n|\n|upkeep\n|turn|17\n|\n|t:|1700260247\n|move|p1a: The XO|Flare Blitz|p2a: Iron Valiant\n|-damage|p2a: Iron Valiant|0 fnt\n|faint|p2a: Iron Valiant\n|-end|p2a: Iron Valiant|Quark Drive|[silent]\n|-damage|p1a: The XO|37\/100|[from] Recoil\n|\n|upkeep\n|-message|Mamoswineflu forfeited.\n|\n|win|CyberH3\n|raw|CyberH3's rating: 1374 &rarr; <strong>1398<\/strong><br \/>(+24 for winning)\n|raw|Mamoswineflu's rating: 1453 &rarr; <strong>1429<\/strong><br \/>(-24 for losing)\n|l|\u2606Mamoswineflu\n","uploadtime":1700260259,"views":12,"p1id":"cyberh3","p2id":"mamoswineflu","formatid":"gen9ou","rating":1398,"private":0,"password":""}