{"id":"gen9ou-1988965124","p1":"WooperBugChamp","p2":"Camhie","format":"[Gen 9] OU","log":"|j|\u2606WooperBugChamp\n|j|\u2606Camhie\n|t:|1699795595\n|gametype|singles\n|player|p1|WooperBugChamp|169|1299\n|player|p2|Camhie|pokekid|1405\n|teamsize|p1|6\n|teamsize|p2|6\n|gen|9\n|tier|[Gen 9] OU\n|rated|\n|rule|Sleep Clause Mod: Limit one foe put to sleep\n|rule|Species Clause: Limit one of each Pok\u00e9mon\n|rule|OHKO Clause: OHKO moves are banned\n|rule|Evasion Items Clause: Evasion items are banned\n|rule|Evasion Moves Clause: Evasion moves are banned\n|rule|Endless Battle Clause: Forcing endless battles is banned\n|rule|HP Percentage Mod: HP is shown in percentages\n|clearpoke\n|poke|p1|Mandibuzz, F|\n|poke|p1|Jirachi|\n|poke|p1|Garchomp, F|\n|poke|p1|Slowking-Galar, M|\n|poke|p1|Ogerpon, F|\n|poke|p1|Tauros-Paldea-Aqua, M|\n|poke|p2|Sneasler, F|\n|poke|p2|Skeledirge, F|\n|poke|p2|Espeon, M|\n|poke|p2|Rillaboom, F|\n|poke|p2|Goodra-Hisui, F|\n|poke|p2|Zamazenta-*|\n|teampreview\n|\n|t:|1699795617\n|start\n|switch|p1a: Happy|Jirachi|100\/100\n|switch|p2a: Espeon|Espeon, M|100\/100\n|turn|1\n|\n|t:|1699795627\n|move|p2a: Espeon|Shadow Ball|p1a: Happy\n|-supereffective|p1a: Happy\n|-damage|p1a: Happy|21\/100\n|move|p1a: Happy|Doom Desire|p2a: Espeon\n|-start|p1a: Happy|Doom Desire\n|\n|-heal|p1a: Happy|27\/100|[from] item: Leftovers\n|upkeep\n|turn|2\n|\n|t:|1699795637\n|switch|p1a: Mandibuzz|Mandibuzz, F|100\/100\n|move|p2a: Espeon|Shadow Ball|p1a: Mandibuzz\n|-resisted|p1a: Mandibuzz\n|-damage|p1a: Mandibuzz|83\/100\n|-unboost|p1a: Mandibuzz|spd|1\n|\n|upkeep\n|turn|3\n|\n|t:|1699795649\n|switch|p2a: Goodra|Goodra-Hisui, F|100\/100\n|switch|p1a: Happy|Jirachi|27\/100\n|\n|-end|p2a: Goodra|move: Doom Desire\n|-resisted|p2a: Goodra\n|-damage|p2a: Goodra|86\/100\n|-heal|p1a: Happy|33\/100|[from] item: Leftovers\n|upkeep\n|turn|4\n|\n|t:|1699795676\n|move|p1a: Happy|U-turn|p2a: Goodra\n|-resisted|p2a: Goodra\n|-damage|p2a: Goodra|79\/100\n|\n|t:|1699795679\n|switch|p1a: Slowking|Slowking-Galar, M|100\/100|[from] U-turn\n|move|p2a: Goodra|Earthquake|p1a: Slowking\n|-supereffective|p1a: Slowking\n|-damage|p1a: Slowking|70\/100\n|\n|-heal|p1a: Slowking|76\/100|[from] item: Black Sludge\n|upkeep\n|turn|5\n|\n|t:|1699795695\n|switch|p2a: Rillaboom|Rillaboom, F|100\/100\n|-fieldstart|move: Grassy Terrain|[from] ability: Grassy Surge|[of] p2a: Rillaboom\n|move|p1a: Slowking|Trick|p2a: Rillaboom\n|-activate|p1a: Slowking|move: Trick|[of] p2a: Rillaboom\n|-item|p2a: Rillaboom|Black Sludge|[from] move: Trick\n|-item|p1a: Slowking|Terrain Extender|[from] move: Trick\n|\n|-damage|p2a: Rillaboom|88\/100|[from] item: Black Sludge\n|-heal|p1a: Slowking|82\/100|[from] Grassy Terrain\n|upkeep\n|turn|6\n|inactive|Battle timer is ON: inactive players will automatically lose when time's up. (requested by Camhie)\n|\n|t:|1699795743\n|switch|p1a: Mandibuzz|Mandibuzz, F|83\/100\n|move|p2a: Rillaboom|U-turn|p1a: Mandibuzz\n|-damage|p1a: Mandibuzz|70\/100\n|\n|t:|1699795759\n|switch|p2a: Espeon|Espeon, M|100\/100|[from] U-turn\n|\n|upkeep\n|turn|7\n|\n|t:|1699795766\n|switch|p1a: Slowking|Slowking-Galar, M|100\/100\n|move|p2a: Espeon|Dazzling Gleam|p1a: Slowking\n|-resisted|p1a: Slowking\n|-damage|p1a: Slowking|85\/100\n|\n|-heal|p1a: Slowking|91\/100|[from] Grassy Terrain\n|upkeep\n|turn|8\n|\n|t:|1699795778\n|switch|p2a: Sneasler|Sneasler, F|100\/100\n|-enditem|p2a: Sneasler|Grassy Seed\n|-boost|p2a: Sneasler|def|1|[from] item: Grassy Seed\n|move|p1a: Slowking|Future Sight|p2a: Sneasler\n|-start|p1a: Slowking|move: Future Sight\n|\n|-heal|p1a: Slowking|97\/100|[from] Grassy Terrain\n|upkeep\n|turn|9\n|\n|t:|1699795790\n|move|p2a: Sneasler|Swords Dance|p2a: Sneasler\n|-boost|p2a: Sneasler|atk|2\n|move|p1a: Slowking|Chilly Reception|p1a: Slowking\n|-weather|Snow\n|\n|t:|1699795809\n|switch|p1a: Tauros|Tauros-Paldea-Aqua, M|100\/100|[from] Chilly Reception\n|-ability|p1a: Tauros|Intimidate|boost\n|-unboost|p2a: Sneasler|atk|1\n|\n|-weather|Snow|[upkeep]\n|upkeep\n|turn|10\n|\n|t:|1699795822\n|move|p1a: Tauros|Protect|p1a: Tauros\n|-singleturn|p1a: Tauros|Protect\n|move|p2a: Sneasler|Close Combat|p1a: Tauros\n|-activate|p1a: Tauros|move: Protect\n|\n|-weather|Snow|[upkeep]\n|-end|p2a: Sneasler|move: Future Sight\n|-supereffective|p2a: Sneasler\n|-damage|p2a: Sneasler|0 fnt\n|faint|p2a: Sneasler\n|upkeep\n|\n|t:|1699795833\n|switch|p2a: Espeon|Espeon, M|100\/100\n|turn|11\n|\n|t:|1699795838\n|switch|p1a: Slowking|Slowking-Galar, M|100\/100\n|move|p2a: Espeon|Psyshock|p1a: Slowking\n|-damage|p1a: Slowking|53\/100\n|\n|-weather|Snow|[upkeep]\n|-heal|p1a: Slowking|59\/100|[from] Grassy Terrain\n|upkeep\n|turn|12\n|\n|t:|1699795868\n|switch|p2a: Skeledirge|Skeledirge, F|100\/100\n|move|p1a: Slowking|Chilly Reception|p1a: Slowking\n|inactive|WooperBugChamp has 120 seconds left.\n|\n|t:|1699795885\n|switch|p1a: Garchomp|Garchomp, F|100\/100|[from] Chilly Reception\n|\n|-weather|Snow|[upkeep]\n|-fieldend|move: Grassy Terrain\n|upkeep\n|turn|13\n|\n|t:|1699795897\n|move|p1a: Garchomp|Earthquake|p2a: Skeledirge\n|-supereffective|p2a: Skeledirge\n|-damage|p2a: Skeledirge|24\/100\n|move|p2a: Skeledirge|Will-O-Wisp|p1a: Garchomp\n|-status|p1a: Garchomp|brn\n|\n|-weather|none\n|-heal|p2a: Skeledirge|30\/100|[from] item: Leftovers\n|-damage|p1a: Garchomp|94\/100 brn|[from] brn\n|upkeep\n|turn|14\n|\n|t:|1699795911\n|switch|p2a: Rillaboom|Rillaboom, F|88\/100\n|-fieldstart|move: Grassy Terrain|[from] ability: Grassy Surge|[of] p2a: Rillaboom\n|move|p1a: Garchomp|Earthquake|p2a: Rillaboom\n|-resisted|p2a: Rillaboom\n|-damage|p2a: Rillaboom|83\/100\n|\n|-heal|p2a: Rillaboom|89\/100|[from] Grassy Terrain\n|-damage|p2a: Rillaboom|77\/100|[from] item: Black Sludge\n|-heal|p1a: Garchomp|100\/100 brn|[from] Grassy Terrain\n|-damage|p1a: Garchomp|94\/100 brn|[from] brn\n|upkeep\n|turn|15\n|inactive|WooperBugChamp has 120 seconds left.\n|inactive|WooperBugChamp has 90 seconds left.\n|\n|t:|1699795971\n|move|p2a: Rillaboom|Knock Off|p1a: Garchomp\n|-damage|p1a: Garchomp|66\/100 brn\n|-damage|p2a: Rillaboom|64\/100|[from] ability: Rough Skin|[of] p1a: Garchomp\n|-enditem|p1a: Garchomp|Leftovers|[from] move: Knock Off|[of] p2a: Rillaboom\n|move|p1a: Garchomp|Dragon Tail|p2a: Rillaboom\n|-crit|p2a: Rillaboom\n|-damage|p2a: Rillaboom|44\/100\n|drag|p2a: Espeon|Espeon, M|100\/100\n|\n|-heal|p1a: Garchomp|72\/100 brn|[from] Grassy Terrain\n|-damage|p1a: Garchomp|66\/100 brn|[from] brn\n|upkeep\n|turn|16\n|inactive|Camhie has 120 seconds left.\n|\n|t:|1699796010\n|move|p2a: Espeon|Dazzling Gleam|p1a: Garchomp\n|-supereffective|p1a: Garchomp\n|-damage|p1a: Garchomp|13\/100 brn\n|move|p1a: Garchomp|Dragon Tail|p2a: Espeon\n|-damage|p2a: Espeon|74\/100\n|drag|p2a: Zamazenta|Zamazenta|100\/100\n|-ability|p2a: Zamazenta|Dauntless Shield|boost\n|-boost|p2a: Zamazenta|def|1\n|\n|-heal|p1a: Garchomp|19\/100 brn|[from] Grassy Terrain\n|-damage|p1a: Garchomp|13\/100 brn|[from] brn\n|upkeep\n|turn|17\n|\n|t:|1699796020\n|move|p2a: Zamazenta|Body Press|p1a: Garchomp\n|-damage|p1a: Garchomp|0 fnt\n|-damage|p2a: Zamazenta|88\/100|[from] ability: Rough Skin|[of] p1a: Garchomp\n|faint|p1a: Garchomp\n|\n|-heal|p2a: Zamazenta|94\/100|[from] Grassy Terrain\n|-heal|p2a: Zamazenta|100\/100|[from] item: Leftovers\n|upkeep\n|inactive|WooperBugChamp has 60 seconds left.\n|\n|t:|1699796045\n|switch|p1a: Slowking|Slowking-Galar, M|93\/100\n|turn|18\n|\n|t:|1699796049\n|move|p2a: Zamazenta|Crunch|p1a: Slowking\n|-supereffective|p1a: Slowking\n|-damage|p1a: Slowking|58\/100\n|move|p1a: Slowking|Future Sight|p2a: Zamazenta\n|-start|p1a: Slowking|move: Future Sight\n|\n|-heal|p1a: Slowking|64\/100|[from] Grassy Terrain\n|-fieldend|move: Grassy Terrain\n|upkeep\n|turn|19\n|inactive|WooperBugChamp has 60 seconds left.\n|\n|t:|1699796061\n|switch|p1a: Mandibuzz|Mandibuzz, F|70\/100\n|move|p2a: Zamazenta|Crunch|p1a: Mandibuzz\n|-resisted|p1a: Mandibuzz\n|-damage|p1a: Mandibuzz|64\/100\n|\n|upkeep\n|turn|20\n|\n|t:|1699796082\n|move|p2a: Zamazenta|Iron Defense|p2a: Zamazenta\n|-boost|p2a: Zamazenta|def|2\n|move|p1a: Mandibuzz|Whirlwind|p2a: Zamazenta\n|drag|p2a: Rillaboom|Rillaboom, F|44\/100\n|-fieldstart|move: Grassy Terrain|[from] ability: Grassy Surge|[of] p2a: Rillaboom\n|\n|-end|p2a: Rillaboom|move: Future Sight\n|-damage|p2a: Rillaboom|0 fnt\n|faint|p2a: Rillaboom\n|upkeep\n|\n|t:|1699796092\n|switch|p2a: Espeon|Espeon, M|74\/100\n|turn|21\n|\n|t:|1699796098\n|switch|p1a: Happy|Jirachi|33\/100\n|move|p2a: Espeon|Dazzling Gleam|p1a: Happy\n|-resisted|p1a: Happy\n|-damage|p1a: Happy|14\/100\n|\n|-heal|p2a: Espeon|80\/100|[from] Grassy Terrain\n|-heal|p1a: Happy|20\/100|[from] Grassy Terrain\n|-heal|p1a: Happy|27\/100|[from] item: Leftovers\n|upkeep\n|turn|22\n|inactive|WooperBugChamp has 60 seconds left.\n|\n|t:|1699796136\n|switch|p2a: Skeledirge|Skeledirge, F|30\/100\n|move|p1a: Happy|Doom Desire|p2a: Skeledirge\n|-start|p1a: Happy|Doom Desire\n|\n|-heal|p1a: Happy|33\/100|[from] Grassy Terrain\n|-heal|p1a: Happy|39\/100|[from] item: Leftovers\n|-heal|p2a: Skeledirge|36\/100|[from] Grassy Terrain\n|-heal|p2a: Skeledirge|42\/100|[from] item: Leftovers\n|upkeep\n|turn|23\n|\n|t:|1699796156\n|move|p1a: Happy|U-turn|p2a: Skeledirge\n|-resisted|p2a: Skeledirge\n|-damage|p2a: Skeledirge|39\/100\n|\n|t:|1699796159\n|switch|p1a: Mandibuzz|Mandibuzz, F|64\/100|[from] U-turn\n|move|p2a: Skeledirge|Slack Off|p2a: Skeledirge\n|-heal|p2a: Skeledirge|90\/100\n|\n|-heal|p2a: Skeledirge|96\/100|[from] Grassy Terrain\n|-heal|p2a: Skeledirge|100\/100|[from] item: Leftovers\n|upkeep\n|turn|24\n|inactive|Camhie has 120 seconds left.\n|\n|t:|1699796190\n|move|p2a: Skeledirge|Will-O-Wisp|p1a: Mandibuzz\n|-status|p1a: Mandibuzz|brn\n|move|p1a: Mandibuzz|Whirlwind|p2a: Skeledirge\n|drag|p2a: Espeon|Espeon, M|80\/100\n|\n|-end|p2a: Espeon|move: Doom Desire\n|-damage|p2a: Espeon|0 fnt\n|faint|p2a: Espeon\n|-damage|p1a: Mandibuzz|58\/100 brn|[from] brn\n|-fieldend|move: Grassy Terrain\n|upkeep\n|inactive|Camhie has 120 seconds left.\n|\n|t:|1699796201\n|switch|p2a: Skeledirge|Skeledirge, F|100\/100\n|turn|25\n|inactive|WooperBugChamp has 60 seconds left.\n|\n|t:|1699796230\n|move|p1a: Mandibuzz|Roost|p1a: Mandibuzz\n|-heal|p1a: Mandibuzz|100\/100 brn\n|-singleturn|p1a: Mandibuzz|move: Roost\n|move|p2a: Skeledirge|Torch Song|p1a: Mandibuzz\n|-damage|p1a: Mandibuzz|74\/100 brn\n|-boost|p2a: Skeledirge|spa|1\n|\n|-damage|p1a: Mandibuzz|68\/100 brn|[from] brn\n|upkeep\n|turn|26\n|inactive|Camhie has 120 seconds left.\n|inactive|WooperBugChamp has 30 seconds left.\n|inactive|WooperBugChamp has 20 seconds left.\n|\n|t:|1699796273\n|switch|p1a: Tauros|Tauros-Paldea-Aqua, M|100\/100\n|-ability|p1a: Tauros|Intimidate|boost\n|-unboost|p2a: Skeledirge|atk|1\n|move|p2a: Skeledirge|Torch Song|p1a: Tauros\n|-resisted|p1a: Tauros\n|-damage|p1a: Tauros|73\/100\n|-boost|p2a: Skeledirge|spa|1\n|\n|-heal|p1a: Tauros|79\/100|[from] item: Leftovers\n|upkeep\n|turn|27\n|inactive|WooperBugChamp has 30 seconds left this turn.\n|\n|t:|1699796281\n|-terastallize|p2a: Skeledirge|Water\n|move|p1a: Tauros|Protect|p1a: Tauros\n|-singleturn|p1a: Tauros|Protect\n|move|p2a: Skeledirge|Will-O-Wisp|p1a: Tauros\n|-activate|p1a: Tauros|move: Protect\n|\n|-heal|p1a: Tauros|86\/100|[from] item: Leftovers\n|upkeep\n|turn|28\n|inactive|WooperBugChamp has 30 seconds left.\n|inactive|WooperBugChamp has 20 seconds left.\n|inactive|WooperBugChamp has 15 seconds left.\n|\n|t:|1699796303\n|move|p1a: Tauros|Body Press|p2a: Skeledirge\n|-damage|p2a: Skeledirge|69\/100\n|move|p2a: Skeledirge|Torch Song|p1a: Tauros\n|-resisted|p1a: Tauros\n|-damage|p1a: Tauros|45\/100\n|-boost|p2a: Skeledirge|spa|1\n|\n|-heal|p1a: Tauros|51\/100|[from] item: Leftovers\n|-heal|p2a: Skeledirge|75\/100|[from] item: Leftovers\n|upkeep\n|turn|29\n|inactive|WooperBugChamp has 25 seconds left this turn.\n|inactive|WooperBugChamp has 20 seconds left.\n|inactive|WooperBugChamp has 15 seconds left.\n|\n|t:|1699796314\n|switch|p1a: Happy|Jirachi|39\/100\n|move|p2a: Skeledirge|Slack Off|p2a: Skeledirge\n|-heal|p2a: Skeledirge|100\/100\n|\n|-heal|p1a: Happy|45\/100|[from] item: Leftovers\n|upkeep\n|turn|30\n|inactive|WooperBugChamp has 25 seconds left this turn.\n|inactive|WooperBugChamp has 20 seconds left.\n|\n|t:|1699796322\n|move|p1a: Happy|Psyshock|p2a: Skeledirge\n|-damage|p2a: Skeledirge|72\/100\n|move|p2a: Skeledirge|Torch Song|p1a: Happy\n|-supereffective|p1a: Happy\n|-damage|p1a: Happy|0 fnt\n|-boost|p2a: Skeledirge|spa|1\n|faint|p1a: Happy\n|\n|-heal|p2a: Skeledirge|78\/100|[from] item: Leftovers\n|upkeep\n|inactive|WooperBugChamp has 25 seconds left this turn.\n|inactive|WooperBugChamp has 20 seconds left.\n|\n|t:|1699796327\n|switch|p1a: Ogerpon|Ogerpon, F|100\/100\n|turn|31\n|inactive|WooperBugChamp has 30 seconds left this turn.\n|\n|t:|1699796331\n|-terastallize|p1a: Ogerpon|Grass\n|detailschange|p1a: Ogerpon|Ogerpon-Teal-Tera, F, tera:Grass\n|-ability|p1a: Ogerpon|Embody Aspect (Teal)|boost\n|-boost|p1a: Ogerpon|spe|1\n|move|p1a: Ogerpon|Ivy Cudgel|p2a: Skeledirge\n|-supereffective|p2a: Skeledirge\n|-crit|p2a: Skeledirge\n|-damage|p2a: Skeledirge|0 fnt\n|faint|p2a: Skeledirge\n|\n|upkeep\n|\n|t:|1699796338\n|switch|p2a: Zamazenta|Zamazenta|100\/100\n|turn|32\n|\n|t:|1699796343\n|move|p1a: Ogerpon|Ivy Cudgel|p2a: Zamazenta\n|-damage|p2a: Zamazenta|53\/100\n|move|p2a: Zamazenta|Iron Defense|p2a: Zamazenta\n|-boost|p2a: Zamazenta|def|2\n|\n|-heal|p2a: Zamazenta|59\/100|[from] item: Leftovers\n|upkeep\n|turn|33\n|\n|t:|1699796352\n|switch|p1a: Slowking|Slowking-Galar, M|97\/100\n|move|p2a: Zamazenta|Body Press|p1a: Slowking\n|-resisted|p1a: Slowking\n|-damage|p1a: Slowking|80\/100\n|\n|-heal|p2a: Zamazenta|65\/100|[from] item: Leftovers\n|upkeep\n|turn|34\n|\n|t:|1699796355\n|move|p2a: Zamazenta|Crunch|p1a: Slowking\n|-supereffective|p1a: Slowking\n|-damage|p1a: Slowking|48\/100\n|move|p1a: Slowking|Future Sight|p2a: Zamazenta\n|-start|p1a: Slowking|move: Future Sight\n|\n|-heal|p2a: Zamazenta|72\/100|[from] item: Leftovers\n|upkeep\n|turn|35\n|inactive|WooperBugChamp has 60 seconds left.\n|\n|t:|1699796368\n|switch|p1a: Tauros|Tauros-Paldea-Aqua, M|51\/100\n|-ability|p1a: Tauros|Intimidate|boost\n|-unboost|p2a: Zamazenta|atk|1\n|move|p2a: Zamazenta|Crunch|p1a: Tauros\n|-resisted|p1a: Tauros\n|-damage|p1a: Tauros|46\/100\n|\n|-heal|p2a: Zamazenta|78\/100|[from] item: Leftovers\n|-heal|p1a: Tauros|52\/100|[from] item: Leftovers\n|upkeep\n|turn|36\n|\n|t:|1699796370\n|move|p2a: Zamazenta|Body Press|p1a: Tauros\n|-damage|p1a: Tauros|0 fnt\n|faint|p1a: Tauros\n|\n|-end|p2a: Zamazenta|move: Future Sight\n|-supereffective|p2a: Zamazenta\n|-damage|p2a: Zamazenta|1\/100\n|-heal|p2a: Zamazenta|8\/100|[from] item: Leftovers\n|upkeep\n|inactive|WooperBugChamp has 60 seconds left.\n|\n|t:|1699796385\n|switch|p1a: Ogerpon|Ogerpon-Teal-Tera, F, tera:Grass|100\/100\n|-ability|p1a: Ogerpon|Embody Aspect (Teal)|boost\n|-boost|p1a: Ogerpon|spe|1\n|turn|37\n|\n|t:|1699796388\n|move|p1a: Ogerpon|Ivy Cudgel|p2a: Zamazenta\n|-damage|p2a: Zamazenta|0 fnt\n|faint|p2a: Zamazenta\n|\n|upkeep\n|\n|t:|1699796389\n|switch|p2a: Goodra|Goodra-Hisui, F|79\/100\n|turn|38\n|\n|t:|1699796397\n|move|p1a: Ogerpon|Swords Dance|p1a: Ogerpon\n|-boost|p1a: Ogerpon|atk|2\n|move|p2a: Goodra|Fire Blast|p1a: Ogerpon\n|-supereffective|p1a: Ogerpon\n|-damage|p1a: Ogerpon|9\/100\n|\n|upkeep\n|turn|39\n|\n|t:|1699796400\n|move|p1a: Ogerpon|Superpower|p2a: Goodra\n|-supereffective|p2a: Goodra\n|-damage|p2a: Goodra|0 fnt\n|-unboost|p1a: Ogerpon|atk|1\n|-unboost|p1a: Ogerpon|def|1\n|faint|p2a: Goodra\n|\n|win|WooperBugChamp\n|raw|WooperBugChamp's rating: 1299 &rarr; <strong>1329<\/strong><br \/>(+30 for winning)\n|raw|Camhie's rating: 1366 &rarr; <strong>1342<\/strong><br \/>(-24 for losing)\n|l|\u2606Camhie\n","uploadtime":1699796761,"views":9,"p1id":"wooperbugchamp","p2id":"camhie","formatid":"gen9ou","rating":1329,"private":0,"password":""}