{"id":"gen9ou-1997069942","p1":"Galib12","p2":"PenguGuy","format":"[Gen 9] OU","log":"|j|\u2606Galib12\n|j|\u2606PenguGuy\n|inactive|Battle timer is ON: inactive players will automatically lose when time's up.\n|t:|1700761457\n|gametype|singles\n|player|p1|Galib12|lucas|\n|player|p2|PenguGuy|doctor|\n|teamsize|p1|5\n|teamsize|p2|5\n|gen|9\n|tier|[Gen 9] OU\n|rated|Tournament battle\n|rule|Sleep Clause Mod: Limit one foe put to sleep\n|rule|Species Clause: Limit one of each Pok\u00e9mon\n|rule|OHKO Clause: OHKO moves are banned\n|rule|Evasion Items Clause: Evasion items are banned\n|rule|Evasion Moves Clause: Evasion moves are banned\n|rule|Endless Battle Clause: Forcing endless battles is banned\n|rule|HP Percentage Mod: HP is shown in percentages\n|clearpoke\n|poke|p1|Gogoat, M|\n|poke|p1|Sandile, F|\n|poke|p1|Floragato, F|\n|poke|p1|Magnemite|\n|poke|p1|Dragonite, F|\n|poke|p2|Wooper, M|\n|poke|p2|Munchlax, M|\n|poke|p2|Qwilfish-Hisui, M|\n|poke|p2|Piplup, F|\n|poke|p2|Pineco, F|\n|teampreview\n|j|*Lady Monita \u2746\n|c|\u2606PenguGuy|glhf\n|c|\u2606Galib12|what\n|j| sunkernvibe\n|j|^HEAVY-DUTY B0OTY\n|c|\u2606Galib12|you kidding me\n|c|\u2606PenguGuy|ik\n|j| fucuk\n|inactive|Galib12 has 120 seconds left.\n|c|^HEAVY-DUTY B0OTY|Looks fair\n|c|\u2606PenguGuy|yeah lol\n|\n|t:|1700761495\n|start\n|switch|p1a: Gogoat|Gogoat, M|100\/100\n|switch|p2a: Pineco|Pineco, F|100\/100\n|turn|1\n|j| brodiewhat\n|\n|t:|1700761505\n|move|p1a: Gogoat|Bulk Up|p1a: Gogoat\n|-boost|p1a: Gogoat|atk|1\n|-boost|p1a: Gogoat|def|1\n|move|p2a: Pineco|Stealth Rock|p1a: Gogoat\n|-sidestart|p1: Galib12|move: Stealth Rock\n|\n|upkeep\n|turn|2\n|\n|t:|1700761508\n|move|p1a: Gogoat|Bulk Up|p1a: Gogoat\n|-boost|p1a: Gogoat|atk|1\n|-boost|p1a: Gogoat|def|1\n|move|p2a: Pineco|Spikes|p1a: Gogoat\n|-sidestart|p1: Galib12|Spikes\n|\n|upkeep\n|turn|3\n|\n|t:|1700761514\n|move|p1a: Gogoat|Bulk Up|p1a: Gogoat\n|-boost|p1a: Gogoat|atk|1\n|-boost|p1a: Gogoat|def|1\n|move|p2a: Pineco|Spikes|p1a: Gogoat\n|-sidestart|p1: Galib12|Spikes\n|\n|upkeep\n|turn|4\n|\n|t:|1700761521\n|move|p1a: Gogoat|Bulk Up|p1a: Gogoat\n|-boost|p1a: Gogoat|atk|1\n|-boost|p1a: Gogoat|def|1\n|move|p2a: Pineco|Spikes|p1a: Gogoat\n|-sidestart|p1: Galib12|Spikes\n|\n|upkeep\n|turn|5\n|\n|t:|1700761526\n|move|p1a: Gogoat|Earthquake|p2a: Pineco\n|-resisted|p2a: Pineco\n|-damage|p2a: Pineco|60\/100\n|move|p2a: Pineco|Explosion|p1a: Gogoat\n|-damage|p1a: Gogoat|87\/100\n|faint|p2a: Pineco\n|\n|upkeep\n|\n|t:|1700761531\n|switch|p2a: Qwilfish|Qwilfish-Hisui, M|100\/100\n|-ability|p2a: Qwilfish|Intimidate|boost\n|-unboost|p1a: Gogoat|atk|1\n|turn|6\n|c| brodiewhat|i think you forgot gogoat is gogoat\n|c|\u2606PenguGuy|ik lol\n|c|\u2606PenguGuy|my team is trash\n|\n|t:|1700761552\n|move|p2a: Qwilfish|Barb Barrage|p1a: Gogoat\n|-supereffective|p1a: Gogoat\n|-damage|p1a: Gogoat|69\/100\n|move|p1a: Gogoat|Earthquake|p2a: Qwilfish\n|-supereffective|p2a: Qwilfish\n|-damage|p2a: Qwilfish|0 fnt\n|faint|p2a: Qwilfish\n|\n|upkeep\n|\n|t:|1700761556\n|switch|p2a: Munchlax|Munchlax, M|100\/100\n|turn|7\n|\n|t:|1700761564\n|move|p1a: Gogoat|Horn Leech|p2a: Munchlax\n|-damage|p2a: Munchlax|40\/100\n|-heal|p1a: Gogoat|100\/100|[from] drain|[of] p2a: Munchlax\n|move|p2a: Munchlax|Body Slam|p1a: Gogoat\n|-damage|p1a: Gogoat|91\/100\n|-status|p1a: Gogoat|par\n|-enditem|p1a: Gogoat|Lum Berry|[eat]\n|-curestatus|p1a: Gogoat|par|[msg]\n|\n|upkeep\n|turn|8\n|\n|t:|1700761568\n|move|p1a: Gogoat|Horn Leech|p2a: Munchlax\n|-damage|p2a: Munchlax|0 fnt\n|-heal|p1a: Gogoat|100\/100|[from] drain|[of] p2a: Munchlax\n|faint|p2a: Munchlax\n|\n|upkeep\n|c| brodiewhat|why did you devolve all of them\n|\n|t:|1700761570\n|switch|p2a: Piplup|Piplup, F|100\/100\n|turn|9\n|c|\u2606PenguGuy|idk\n|c|\u2606PenguGuy|i didnt get any good pokemon\n|c| brodiewhat|you should have devolved like 2 or 3 and kept one or two of them strong\n|l| sunkernvibe\n|\n|t:|1700761588\n|move|p2a: Piplup|Protect|p2a: Piplup\n|-singleturn|p2a: Piplup|Protect\n|move|p1a: Gogoat|Horn Leech|p2a: Piplup\n|-activate|p2a: Piplup|move: Protect\n|\n|upkeep\n|turn|10\n|c|\u2606PenguGuy|i didnt even get strong pokemon\n|c|\u2606PenguGuy|the best i got i think was quagsire\n|inactive|Galib12 has 120 seconds left.\n|c|\u2606Galib12|you chose the most eevolved from the opponent\n|c|^HEAVY-DUTY B0OTY|Unaware Quag tera something would've been great\n|c|\u2606PenguGuy|ik\n|\n|t:|1700761630\n|move|p2a: Piplup|Tera Blast|p1a: Gogoat\n|-damage|p1a: Gogoat|84\/100\n|move|p1a: Gogoat|Horn Leech|p2a: Piplup\n|-supereffective|p2a: Piplup\n|-damage|p2a: Piplup|0 fnt\n|-heal|p1a: Gogoat|100\/100|[from] drain|[of] p2a: Piplup\n|faint|p2a: Piplup\n|\n|upkeep\n|\n|t:|1700761633\n|switch|p2a: Wooper|Wooper, M|100\/100\n|turn|11\n|inactive|Galib12 has 120 seconds left.\n|c|\u2606PenguGuy|i fumbled so hard lol\n|\n|t:|1700761647\n|-terastallize|p2a: Wooper|Steel\n|move|p1a: Gogoat|Horn Leech|p2a: Wooper\n|-resisted|p2a: Wooper\n|-damage|p2a: Wooper|53\/100\n|move|p2a: Wooper|Toxic|p1a: Gogoat|[miss]\n|-miss|p2a: Wooper|p1a: Gogoat\n|\n|upkeep\n|turn|12\n|inactive|Galib12 has 120 seconds left.\n|l| fucuk\n|\n|t:|1700761655\n|move|p1a: Gogoat|Wild Charge|p2a: Wooper\n|-damage|p2a: Wooper|0 fnt\n|faint|p2a: Wooper\n|-damage|p1a: Gogoat|91\/100|[from] Recoil\n|\n|win|Galib12\n|n|\u2606Galib12|galib12\n|n|\u2606PenguGuy|penguguy\n|n|*Lady Monita \u2746|ladymonita\n|n| HEAVY-DUTY B0OTY|heavydutyb0oty\n|n| brodiewhat|brodiewhat\n","uploadtime":1700761656,"views":4,"p1id":"galib12","p2id":"penguguy","formatid":"gen9ou","rating":0,"private":0,"password":""}