{"id":"gen9ou-1994726645","p1":"Lamboyhito","p2":"Phuc35671Z","format":"[Gen 9] OU","log":"|j|\u2606Lamboyhito\n|j|\u2606Phuc35671Z\n|t:|1700486273\n|gametype|singles\n|player|p1|Lamboyhito|bruno|\n|player|p2|Phuc35671Z|265|\n|teamsize|p1|6\n|teamsize|p2|6\n|gen|9\n|tier|[Gen 9] OU\n|rule|Sleep Clause Mod: Limit one foe put to sleep\n|rule|Species Clause: Limit one of each Pok\u00e9mon\n|rule|OHKO Clause: OHKO moves are banned\n|rule|Evasion Items Clause: Evasion items are banned\n|rule|Evasion Moves Clause: Evasion moves are banned\n|rule|Endless Battle Clause: Forcing endless battles is banned\n|rule|HP Percentage Mod: HP is shown in percentages\n|clearpoke\n|poke|p1|Dragonite, M|\n|poke|p1|Pelipper, M|\n|poke|p1|Basculegion, M|\n|poke|p1|Overqwil, M|\n|poke|p1|Cloyster, M|\n|poke|p1|Maushold-Four|\n|poke|p2|Corviknight, F|\n|poke|p2|Slowking, F|\n|poke|p2|Heatran, M|\n|poke|p2|Blissey, F|\n|poke|p2|Dragapult, F|\n|poke|p2|Cinderace, F|\n|teampreview\n|inactive|Battle timer is ON: inactive players will automatically lose when time's up. (requested by Lamboyhito)\n|\n|t:|1700486288\n|start\n|switch|p1a: Dragonite|Dragonite, M|100\/100\n|switch|p2a: Corviknight|Corviknight, F|100\/100\n|-ability|p2a: Corviknight|Pressure\n|turn|1\n|\n|t:|1700486305\n|move|p1a: Dragonite|Dragon Dance|p1a: Dragonite\n|-boost|p1a: Dragonite|atk|1\n|-boost|p1a: Dragonite|spe|1\n|move|p2a: Corviknight|Air Slash|p1a: Dragonite\n|-damage|p1a: Dragonite|92\/100\n|\n|upkeep\n|turn|2\n|\n|t:|1700486320\n|-terastallize|p1a: Dragonite|Normal\n|-terastallize|p2a: Corviknight|Flying\n|move|p1a: Dragonite|Dragon Dance|p1a: Dragonite\n|-boost|p1a: Dragonite|atk|1\n|-boost|p1a: Dragonite|spe|1\n|move|p2a: Corviknight|Air Slash|p1a: Dragonite\n|-damage|p1a: Dragonite|70\/100\n|\n|upkeep\n|turn|3\n|\n|t:|1700486333\n|move|p1a: Dragonite|Ice Spinner|p2a: Corviknight\n|-supereffective|p2a: Corviknight\n|-damage|p2a: Corviknight|2\/100\n|move|p2a: Corviknight|Air Slash|p1a: Dragonite\n|-damage|p1a: Dragonite|48\/100\n|\n|upkeep\n|turn|4\n|\n|t:|1700486342\n|move|p1a: Dragonite|Extreme Speed|p2a: Corviknight\n|-damage|p2a: Corviknight|0 fnt\n|faint|p2a: Corviknight\n|\n|upkeep\n|\n|t:|1700486349\n|switch|p2a: Slowking|Slowking, F|100\/100\n|turn|5\n|\n|t:|1700486355\n|move|p1a: Dragonite|Outrage|p2a: Slowking\n|-damage|p2a: Slowking|0 fnt\n|faint|p2a: Slowking\n|\n|upkeep\n|\n|t:|1700486364\n|switch|p2a: Blissey|Blissey, F|100\/100\n|turn|6\n|\n|t:|1700486375\n|move|p1a: Dragonite|Outrage|p2a: Blissey|[from]lockedmove\n|-damage|p2a: Blissey|0 fnt\n|faint|p2a: Blissey\n|-start|p1a: Dragonite|confusion|[fatigue]\n|\n|upkeep\n|\n|t:|1700486383\n|switch|p2a: Dragapult|Dragapult, F|100\/100\n|turn|7\n|\n|t:|1700486393\n|-activate|p1a: Dragonite|confusion\n|-damage|p1a: Dragonite|13\/100|[from] confusion\n|move|p2a: Dragapult|Acrobatics|p1a: Dragonite\n|-damage|p1a: Dragonite|0 fnt\n|faint|p1a: Dragonite\n|\n|upkeep\n|\n|t:|1700486404\n|switch|p1a: Pelipper|Pelipper, M|100\/100\n|-weather|RainDance|[from] ability: Drizzle|[of] p1a: Pelipper\n|turn|8\n|\n|t:|1700486412\n|move|p2a: Dragapult|Acrobatics|p1a: Pelipper\n|-damage|p1a: Pelipper|80\/100\n|move|p1a: Pelipper|U-turn|p2a: Dragapult\n|-resisted|p2a: Dragapult\n|-damage|p2a: Dragapult|94\/100\n|\n|t:|1700486416\n|switch|p1a: Cloyster|Cloyster, M|100\/100|[from] U-turn\n|\n|-weather|RainDance|[upkeep]\n|upkeep\n|turn|9\n|\n|t:|1700486427\n|move|p2a: Dragapult|Acrobatics|p1a: Cloyster\n|-damage|p1a: Cloyster|84\/100\n|move|p1a: Cloyster|Shell Smash|p1a: Cloyster\n|-unboost|p1a: Cloyster|def|1\n|-unboost|p1a: Cloyster|spd|1\n|-boost|p1a: Cloyster|atk|2\n|-boost|p1a: Cloyster|spa|2\n|-boost|p1a: Cloyster|spe|2\n|\n|-weather|RainDance|[upkeep]\n|-heal|p1a: Cloyster|90\/100|[from] item: Leftovers\n|upkeep\n|turn|10\n|\n|t:|1700486448\n|move|p1a: Cloyster|Icicle Spear|p2a: Dragapult\n|-supereffective|p2a: Dragapult\n|-damage|p2a: Dragapult|41\/100\n|-supereffective|p2a: Dragapult\n|-damage|p2a: Dragapult|0 fnt\n|faint|p2a: Dragapult\n|-hitcount|p2: Dragapult|2\n|\n|-weather|RainDance|[upkeep]\n|-heal|p1a: Cloyster|96\/100|[from] item: Leftovers\n|upkeep\n|\n|t:|1700486459\n|switch|p2a: Heatran|Heatran, M|100\/100\n|turn|11\n|\n|t:|1700486464\n|move|p1a: Cloyster|Weather Ball|p2a: Heatran\n|-supereffective|p2a: Heatran\n|-damage|p2a: Heatran|0 fnt\n|faint|p2a: Heatran\n|\n|-weather|RainDance|[upkeep]\n|-heal|p1a: Cloyster|100\/100|[from] item: Leftovers\n|upkeep\n|\n|t:|1700486473\n|switch|p2a: Cinderace|Cinderace, F|100\/100\n|turn|12\n|\n|t:|1700486478\n|move|p1a: Cloyster|Weather Ball|p2a: Cinderace\n|-supereffective|p2a: Cinderace\n|-damage|p2a: Cinderace|0 fnt\n|faint|p2a: Cinderace\n|\n|win|Lamboyhito\n","uploadtime":1700486482,"views":11,"p1id":"lamboyhito","p2id":"phuc35671z","formatid":"gen9ou","rating":0,"private":0,"password":""}