{"id":"gen9ou-1991991207","p1":"XDrkx","p2":"wyverbal","format":"[Gen 9] OU","log":"|j|\u2606XDrkx\n|j|\u2606wyverbal\n|t:|1700145735\n|gametype|singles\n|player|p1|XDrkx|pokemaniac|1157\n|player|p2|wyverbal|101|1171\n|teamsize|p1|6\n|teamsize|p2|6\n|gen|9\n|tier|[Gen 9] OU\n|rated|\n|rule|Sleep Clause Mod: Limit one foe put to sleep\n|rule|Species Clause: Limit one of each Pok\u00e9mon\n|rule|OHKO Clause: OHKO moves are banned\n|rule|Evasion Items Clause: Evasion items are banned\n|rule|Evasion Moves Clause: Evasion moves are banned\n|rule|Endless Battle Clause: Forcing endless battles is banned\n|rule|HP Percentage Mod: HP is shown in percentages\n|clearpoke\n|poke|p1|Samurott-Hisui, M|\n|poke|p1|Gholdengo|\n|poke|p1|Meowscarada, F|\n|poke|p1|Ogerpon-Wellspring, F|\n|poke|p1|Dragapult, M|\n|poke|p1|Iron Valiant|\n|poke|p2|Dipplin, F|\n|poke|p2|Enamorus-Therian, F|\n|poke|p2|Glimmora, F|\n|poke|p2|Alomomola, F|\n|poke|p2|Hoopa-Unbound|\n|poke|p2|Kommo-o, M|\n|teampreview\n|inactive|Battle timer is ON: inactive players will automatically lose when time's up. (requested by wyverbal)\n|inactive|XDrkx also wants the timer to be on.\n|\n|t:|1700145740\n|start\n|switch|p1a: Gholdengo|Gholdengo, shiny|100\/100\n|switch|p2a: Enamorus|Enamorus-Therian, F, shiny|100\/100\n|turn|1\n|l|\u2606XDrkx\n|inactive|XDrkx disconnected and has a minute to reconnect!\n|player|p1|\n|inactive|XDrkx has 30 seconds to reconnect!\n|j|\u2606XDrkx\n|inactive|XDrkx reconnected and has 115 seconds left.\n|player|p1|XDrkx|pokemaniac\n|\n|t:|1700145780\n|switch|p2a: Hoopa|Hoopa-Unbound|100\/100\n|move|p1a: Gholdengo|Nasty Plot|p1a: Gholdengo\n|-boost|p1a: Gholdengo|spa|2\n|\n|upkeep\n|turn|2\n|j| Ghosty_man08\n|\n|t:|1700145790\n|-terastallize|p1a: Gholdengo|Fighting\n|move|p1a: Gholdengo|Make It Rain|p2a: Hoopa\n|-damage|p2a: Hoopa|56\/100\n|-unboost|p1a: Gholdengo|spa|1\n|move|p2a: Hoopa|Knock Off|p1a: Gholdengo\n|-resisted|p1a: Gholdengo\n|-damage|p1a: Gholdengo|71\/100\n|-enditem|p1a: Gholdengo|Covert Cloak|[from] move: Knock Off|[of] p2a: Hoopa\n|\n|upkeep\n|turn|3\n|inactive|XDrkx has 120 seconds left.\n|\n|t:|1700145797\n|move|p1a: Gholdengo|Nasty Plot|p1a: Gholdengo\n|-boost|p1a: Gholdengo|spa|2\n|move|p2a: Hoopa|Psychic|p1a: Gholdengo\n|-supereffective|p1a: Gholdengo\n|-damage|p1a: Gholdengo|0 fnt\n|faint|p1a: Gholdengo\n|\n|upkeep\n|inactive|XDrkx has 120 seconds left.\n|\n|t:|1700145803\n|switch|p1a: Samurott|Samurott-Hisui, M|100\/100\n|turn|4\n|inactive|XDrkx has 120 seconds left.\n|\n|t:|1700145815\n|-terastallize|p2a: Hoopa|Fairy\n|move|p1a: Samurott|Aqua Cutter|p2a: Hoopa\n|-damage|p2a: Hoopa|0 fnt\n|faint|p2a: Hoopa\n|\n|upkeep\n|\n|t:|1700145825\n|switch|p2a: Enamorus|Enamorus-Therian, F, shiny|100\/100\n|turn|5\n|inactive|XDrkx has 120 seconds left.\n|\n|t:|1700145845\n|move|p1a: Samurott|Aqua Cutter|p2a: Enamorus\n|-crit|p2a: Enamorus\n|-damage|p2a: Enamorus|25\/100\n|move|p2a: Enamorus|Agility|p2a: Enamorus\n|-boost|p2a: Enamorus|spe|2\n|\n|upkeep\n|turn|6\n|\n|t:|1700145854\n|switch|p1a: Ogerpon|Ogerpon-Wellspring, F|100\/100\n|move|p2a: Enamorus|Moonblast|p1a: Ogerpon\n|-damage|p1a: Ogerpon|39\/100\n|-unboost|p1a: Ogerpon|spa|1\n|\n|upkeep\n|turn|7\n|\n|t:|1700145861\n|move|p2a: Enamorus|Moonblast|p1a: Ogerpon\n|-damage|p1a: Ogerpon|0 fnt\n|faint|p1a: Ogerpon\n|\n|upkeep\n|inactive|XDrkx has 120 seconds left.\n|\n|t:|1700145885\n|switch|p1a: Dragapult|Dragapult, M, shiny|100\/100\n|turn|8\n|\n|t:|1700145901\n|move|p1a: Dragapult|Phantom Force||[still]\n|-prepare|p1a: Dragapult|Phantom Force\n|move|p2a: Enamorus|Moonblast|p1a: Dragapult|[miss]\n|-miss|p2a: Enamorus|p1a: Dragapult\n|\n|upkeep\n|turn|9\n|\n|t:|1700145907\n|switch|p2a: Alomomola|Alomomola, F|100\/100\n|move|p1a: Dragapult|Phantom Force|p2a: Alomomola|[from]lockedmove\n|-damage|p2a: Alomomola|76\/100\n|\n|upkeep\n|turn|10\n|\n|t:|1700145912\n|move|p1a: Dragapult|Dragon Dance|p1a: Dragapult\n|-boost|p1a: Dragapult|atk|1\n|-boost|p1a: Dragapult|spe|1\n|move|p2a: Alomomola|Wish|p2a: Alomomola\n|\n|upkeep\n|turn|11\n|\n|t:|1700145920\n|switch|p2a: Enamorus|Enamorus-Therian, F, shiny|25\/100\n|move|p1a: Dragapult|Dragon Dance|p1a: Dragapult\n|-boost|p1a: Dragapult|atk|1\n|-boost|p1a: Dragapult|spe|1\n|\n|-heal|p2a: Enamorus|100\/100|[from] move: Wish|[wisher] Alomomola\n|upkeep\n|turn|12\n|\n|t:|1700145931\n|move|p1a: Dragapult|Phantom Force||[still]\n|-prepare|p1a: Dragapult|Phantom Force\n|move|p2a: Enamorus|Agility|p2a: Enamorus\n|-boost|p2a: Enamorus|spe|2\n|\n|upkeep\n|turn|13\n|\n|t:|1700145940\n|move|p1a: Dragapult|Phantom Force|p2a: Enamorus|[from]lockedmove\n|-damage|p2a: Enamorus|5\/100\n|move|p2a: Enamorus|Moonblast|p1a: Dragapult\n|-supereffective|p1a: Dragapult\n|-damage|p1a: Dragapult|0 fnt\n|faint|p1a: Dragapult\n|\n|upkeep\n|\n|t:|1700145953\n|switch|p1a: Iron Valiant|Iron Valiant, shiny|100\/100\n|-enditem|p1a: Iron Valiant|Booster Energy\n|-activate|p1a: Iron Valiant|ability: Quark Drive|[fromitem]\n|-start|p1a: Iron Valiant|quarkdrivespe\n|turn|14\n|\n|t:|1700145966\n|move|p1a: Iron Valiant|Moonblast|p2a: Enamorus\n|-damage|p2a: Enamorus|0 fnt\n|faint|p2a: Enamorus\n|\n|upkeep\n|\n|t:|1700145977\n|switch|p2a: Kommo-o|Kommo-o, M, shiny|100\/100\n|turn|15\n|\n|t:|1700145988\n|switch|p2a: Alomomola|Alomomola, F|100\/100\n|move|p1a: Iron Valiant|Moonblast|p2a: Alomomola\n|-damage|p2a: Alomomola|46\/100\n|\n|upkeep\n|turn|16\n|\n|t:|1700145993\n|move|p1a: Iron Valiant|Moonblast|p2a: Alomomola\n|-damage|p2a: Alomomola|0 fnt\n|faint|p2a: Alomomola\n|\n|upkeep\n|\n|t:|1700145996\n|switch|p2a: Glimmora|Glimmora, F, shiny|100\/100\n|-item|p2a: Glimmora|Air Balloon\n|turn|17\n|\n|t:|1700146004\n|move|p1a: Iron Valiant|Psychic|p2a: Glimmora\n|-supereffective|p2a: Glimmora\n|-damage|p2a: Glimmora|40\/100\n|-enditem|p2a: Glimmora|Air Balloon\n|move|p2a: Glimmora|Toxic|p1a: Iron Valiant\n|-status|p1a: Iron Valiant|tox\n|\n|-damage|p1a: Iron Valiant|94\/100 tox|[from] psn\n|upkeep\n|turn|18\n|\n|t:|1700146013\n|move|p2a: Glimmora|Spiky Shield|p2a: Glimmora\n|-singleturn|p2a: Glimmora|move: Protect\n|move|p1a: Iron Valiant|Psychic|p2a: Glimmora\n|-activate|p2a: Glimmora|move: Protect\n|\n|-damage|p1a: Iron Valiant|82\/100 tox|[from] psn\n|upkeep\n|turn|19\n|\n|t:|1700146022\n|switch|p2a: Dipplin|Dipplin, F, shiny|100\/100\n|move|p1a: Iron Valiant|Psychic|p2a: Dipplin\n|-damage|p2a: Dipplin|76\/100\n|\n|-damage|p1a: Iron Valiant|63\/100 tox|[from] psn\n|upkeep\n|turn|20\n|\n|t:|1700146029\n|switch|p2a: Glimmora|Glimmora, F, shiny|40\/100\n|move|p1a: Iron Valiant|Moonblast|p2a: Glimmora\n|-resisted|p2a: Glimmora\n|-damage|p2a: Glimmora|14\/100\n|-unboost|p2a: Glimmora|spa|1\n|\n|-damage|p1a: Iron Valiant|38\/100 tox|[from] psn\n|upkeep\n|turn|21\n|\n|t:|1700146037\n|move|p2a: Glimmora|Spiky Shield|p2a: Glimmora\n|-singleturn|p2a: Glimmora|move: Protect\n|move|p1a: Iron Valiant|Moonblast|p2a: Glimmora\n|-activate|p2a: Glimmora|move: Protect\n|\n|-damage|p1a: Iron Valiant|7\/100 tox|[from] psn\n|upkeep\n|turn|22\n|\n|t:|1700146043\n|move|p2a: Glimmora|Spiky Shield|p2a: Glimmora\n|-singleturn|p2a: Glimmora|move: Protect\n|move|p1a: Iron Valiant|Moonblast|p2a: Glimmora\n|-activate|p2a: Glimmora|move: Protect\n|\n|-damage|p1a: Iron Valiant|0 fnt|[from] psn\n|faint|p1a: Iron Valiant\n|-end|p1a: Iron Valiant|Quark Drive|[silent]\n|upkeep\n|\n|t:|1700146056\n|switch|p1a: Samurott|Samurott-Hisui, M|100\/100\n|turn|23\n|\n|t:|1700146061\n|move|p2a: Glimmora|Toxic|p1a: Samurott\n|-status|p1a: Samurott|tox\n|move|p1a: Samurott|Ceaseless Edge|p2a: Glimmora\n|-damage|p2a: Glimmora|0 fnt\n|-sidestart|p2: wyverbal|Spikes\n|faint|p2a: Glimmora\n|\n|-damage|p1a: Samurott|94\/100 tox|[from] psn\n|upkeep\n|\n|t:|1700146072\n|switch|p2a: Kommo-o|Kommo-o, M, shiny|100\/100\n|-damage|p2a: Kommo-o|88\/100|[from] Spikes\n|turn|24\n|\n|t:|1700146084\n|move|p1a: Samurott|Ceaseless Edge|p2a: Kommo-o\n|-resisted|p2a: Kommo-o\n|-damage|p2a: Kommo-o|66\/100\n|-sidestart|p2: wyverbal|Spikes\n|move|p2a: Kommo-o|Aura Sphere|p1a: Samurott\n|-supereffective|p1a: Samurott\n|-damage|p1a: Samurott|0 fnt\n|faint|p1a: Samurott\n|\n|upkeep\n|\n|t:|1700146087\n|switch|p1a: Meowscarada|Meowscarada, F, shiny|100\/100\n|turn|25\n|\n|t:|1700146098\n|move|p2a: Kommo-o|Vacuum Wave|p1a: Meowscarada\n|-supereffective|p1a: Meowscarada\n|-damage|p1a: Meowscarada|47\/100\n|move|p1a: Meowscarada|Flower Trick|p2a: Kommo-o\n|-start|p1a: Meowscarada|typechange|Grass|[from] ability: Protean\n|-resisted|p2a: Kommo-o\n|-crit|p2a: Kommo-o\n|-damage|p2a: Kommo-o|30\/100\n|\n|upkeep\n|turn|26\n|\n|t:|1700146107\n|move|p2a: Kommo-o|Vacuum Wave|p1a: Meowscarada\n|-damage|p1a: Meowscarada|21\/100\n|move|p1a: Meowscarada|Flower Trick|p2a: Kommo-o\n|-resisted|p2a: Kommo-o\n|-crit|p2a: Kommo-o\n|-damage|p2a: Kommo-o|0 fnt\n|faint|p2a: Kommo-o\n|\n|upkeep\n|\n|t:|1700146113\n|switch|p2a: Dipplin|Dipplin, F, shiny|76\/100\n|-damage|p2a: Dipplin|60\/100|[from] Spikes\n|turn|27\n|\n|t:|1700146117\n|move|p1a: Meowscarada|Flower Trick|p2a: Dipplin\n|-resisted|p2a: Dipplin\n|-crit|p2a: Dipplin\n|-damage|p2a: Dipplin|53\/100\n|move|p2a: Dipplin|Recover|p2a: Dipplin\n|-heal|p2a: Dipplin|100\/100\n|\n|upkeep\n|turn|28\n|\n|t:|1700146123\n|move|p1a: Meowscarada|Flower Trick|p2a: Dipplin\n|-resisted|p2a: Dipplin\n|-crit|p2a: Dipplin\n|-damage|p2a: Dipplin|92\/100\n|move|p2a: Dipplin|Gyro Ball|p1a: Meowscarada\n|-damage|p1a: Meowscarada|0 fnt\n|faint|p1a: Meowscarada\n|\n|win|wyverbal\n|raw|XDrkx's rating: 1157 &rarr; <strong>1135<\/strong><br \/>(-22 for losing)\n|raw|wyverbal's rating: 1196 &rarr; <strong>1218<\/strong><br \/>(+22 for winning)\n","uploadtime":1700146132,"views":6,"p1id":"xdrkx","p2id":"wyverbal","formatid":"gen9ou","rating":1135,"private":0,"password":""}