{"id":"gen9ou-1992622526","p1":"Bruninho157","p2":"QuackBarz","format":"[Gen 9] OU","log":"|j|\u2606Bruninho157\n|j|\u2606QuackBarz\n|t:|1700216265\n|gametype|singles\n|player|p1|Bruninho157|169|1210\n|player|p2|QuackBarz|265|1210\n|teamsize|p1|6\n|teamsize|p2|6\n|gen|9\n|tier|[Gen 9] OU\n|rated|\n|rule|Sleep Clause Mod: Limit one foe put to sleep\n|rule|Species Clause: Limit one of each Pok\u00e9mon\n|rule|OHKO Clause: OHKO moves are banned\n|rule|Evasion Items Clause: Evasion items are banned\n|rule|Evasion Moves Clause: Evasion moves are banned\n|rule|Endless Battle Clause: Forcing endless battles is banned\n|rule|HP Percentage Mod: HP is shown in percentages\n|clearpoke\n|poke|p1|Weezing-Galar, F|\n|poke|p1|Samurott-Hisui, F|\n|poke|p1|Iron Valiant|\n|poke|p1|Sneasler, M|\n|poke|p1|Great Tusk|\n|poke|p1|Iron Moth|\n|poke|p2|Scizor, M|\n|poke|p2|Gastrodon, M|\n|poke|p2|Zapdos|\n|poke|p2|Landorus-Therian, M|\n|poke|p2|Ambipom, F|\n|poke|p2|Cinderace, F|\n|teampreview\n|\n|t:|1700216284\n|start\n|switch|p1a: Weezing|Weezing-Galar, F|100\/100\n|switch|p2a: Zapdos|Zapdos|100\/100\n|-fieldstart|move: Misty Terrain|[from] ability: Misty Surge|[of] p1a: Weezing\n|turn|1\n|\n|t:|1700216292\n|move|p2a: Zapdos|Hurricane|p1a: Weezing\n|-damage|p1a: Weezing|9\/100\n|move|p1a: Weezing|Memento|p2a: Zapdos\n|-unboost|p2a: Zapdos|atk|2\n|-unboost|p2a: Zapdos|spa|2\n|faint|p1a: Weezing\n|\n|upkeep\n|\n|t:|1700216295\n|switch|p1a: Sneasler|Sneasler, M|100\/100\n|-enditem|p1a: Sneasler|Misty Seed\n|-boost|p1a: Sneasler|spd|1|[from] item: Misty Seed\n|turn|2\n|inactive|Battle timer is ON: inactive players will automatically lose when time's up. (requested by QuackBarz)\n|\n|t:|1700216303\n|move|p1a: Sneasler|Swords Dance|p1a: Sneasler\n|-boost|p1a: Sneasler|atk|2\n|move|p2a: Zapdos|Thunder|p1a: Sneasler\n|-damage|p1a: Sneasler|72\/100\n|\n|upkeep\n|turn|3\n|\n|t:|1700216308\n|move|p1a: Sneasler|Swords Dance|p1a: Sneasler\n|-boost|p1a: Sneasler|atk|2\n|move|p2a: Zapdos|Hurricane|p1a: Sneasler\n|-supereffective|p1a: Sneasler\n|-damage|p1a: Sneasler|20\/100\n|\n|upkeep\n|turn|4\n|\n|t:|1700216322\n|switch|p2a: Cinderace|Cinderace, F|100\/100\n|move|p1a: Sneasler|Dire Claw|p2a: Cinderace\n|-damage|p2a: Cinderace|0 fnt\n|faint|p2a: Cinderace\n|\n|upkeep\n|\n|t:|1700216327\n|switch|p2a: Ambipom|Ambipom, F|100\/100\n|turn|5\n|\n|t:|1700216334\n|move|p2a: Ambipom|Fake Out|p1a: Sneasler\n|-damage|p1a: Sneasler|0 fnt\n|faint|p1a: Sneasler\n|\n|upkeep\n|\n|t:|1700216341\n|switch|p1a: Iron Valiant|Iron Valiant|100\/100\n|-enditem|p1a: Iron Valiant|Booster Energy\n|-activate|p1a: Iron Valiant|ability: Quark Drive|[fromitem]\n|-start|p1a: Iron Valiant|quarkdrivespe\n|turn|6\n|\n|t:|1700216351\n|switch|p2a: Landorus|Landorus-Therian, M|100\/100\n|-ability|p2a: Landorus|Intimidate|boost\n|-unboost|p1a: Iron Valiant|atk|1\n|move|p1a: Iron Valiant|Swords Dance|p1a: Iron Valiant\n|-boost|p1a: Iron Valiant|atk|2\n|\n|upkeep\n|turn|7\n|\n|t:|1700216357\n|move|p1a: Iron Valiant|Liquidation|p2a: Landorus\n|-supereffective|p2a: Landorus\n|-damage|p2a: Landorus|3\/100\n|move|p2a: Landorus|Earthquake|p1a: Iron Valiant\n|-damage|p1a: Iron Valiant|25\/100\n|\n|-heal|p2a: Landorus|9\/100|[from] item: Leftovers\n|upkeep\n|turn|8\n|\n|t:|1700216363\n|switch|p2a: Gastrodon|Gastrodon, M|100\/100\n|move|p1a: Iron Valiant|Drain Punch|p2a: Gastrodon\n|-damage|p2a: Gastrodon|43\/100\n|-heal|p1a: Iron Valiant|65\/100|[from] drain|[of] p2a: Gastrodon\n|\n|-heal|p2a: Gastrodon|49\/100|[from] item: Leftovers\n|-fieldend|Misty Terrain\n|upkeep\n|turn|9\n|\n|t:|1700216369\n|move|p1a: Iron Valiant|Drain Punch|p2a: Gastrodon\n|-damage|p2a: Gastrodon|0 fnt\n|-heal|p1a: Iron Valiant|99\/100|[from] drain|[of] p2a: Gastrodon\n|faint|p2a: Gastrodon\n|\n|upkeep\n|\n|t:|1700216374\n|switch|p2a: Scizor|Scizor, M|100\/100\n|turn|10\n|\n|t:|1700216377\n|move|p2a: Scizor|Bullet Punch|p1a: Iron Valiant\n|-supereffective|p1a: Iron Valiant\n|-damage|p1a: Iron Valiant|0 fnt\n|faint|p1a: Iron Valiant\n|-end|p1a: Iron Valiant|Quark Drive|[silent]\n|\n|upkeep\n|\n|t:|1700216381\n|switch|p1a: Iron Moth|Iron Moth|100\/100\n|-enditem|p1a: Iron Moth|Booster Energy\n|-activate|p1a: Iron Moth|ability: Quark Drive|[fromitem]\n|-start|p1a: Iron Moth|quarkdrivespe\n|turn|11\n|\n|t:|1700216391\n|switch|p2a: Landorus|Landorus-Therian, M|9\/100\n|-ability|p2a: Landorus|Intimidate|boost\n|-unboost|p1a: Iron Moth|atk|1\n|move|p1a: Iron Moth|Fiery Dance|p2a: Landorus\n|-damage|p2a: Landorus|0 fnt\n|-boost|p1a: Iron Moth|spa|1\n|faint|p2a: Landorus\n|\n|upkeep\n|\n|t:|1700216394\n|switch|p2a: Ambipom|Ambipom, F|100\/100\n|turn|12\n|\n|t:|1700216400\n|-terastallize|p2a: Ambipom|Normal\n|move|p2a: Ambipom|Fake Out|p1a: Iron Moth\n|-damage|p1a: Iron Moth|37\/100\n|cant|p1a: Iron Moth|flinch\n|\n|upkeep\n|turn|13\n|\n|t:|1700216405\n|switch|p2a: Scizor|Scizor, M|100\/100\n|move|p1a: Iron Moth|Fiery Dance|p2a: Scizor\n|-supereffective|p2a: Scizor\n|-damage|p2a: Scizor|0 fnt\n|faint|p2a: Scizor\n|\n|upkeep\n|\n|t:|1700216407\n|switch|p2a: Ambipom|Ambipom, F, tera:Normal|100\/100\n|turn|14\n|\n|t:|1700216416\n|move|p2a: Ambipom|Fake Out|p1a: Iron Moth\n|-damage|p1a: Iron Moth|0 fnt\n|faint|p1a: Iron Moth\n|-end|p1a: Iron Moth|Quark Drive|[silent]\n|\n|upkeep\n|\n|t:|1700216426\n|switch|p1a: Samurott|Samurott-Hisui, F|100\/100\n|turn|15\n|\n|t:|1700216431\n|switch|p2a: Zapdos|Zapdos|100\/100\n|move|p1a: Samurott|Ceaseless Edge|p2a: Zapdos\n|-damage|p2a: Zapdos|43\/100\n|-sidestart|p2: QuackBarz|Spikes\n|\n|upkeep\n|turn|16\n|\n|t:|1700216436\n|-terastallize|p1a: Samurott|Ghost\n|move|p2a: Zapdos|Thunder|p1a: Samurott\n|-damage|p1a: Samurott|16\/100\n|-status|p1a: Samurott|par\n|cant|p1a: Samurott|par\n|\n|upkeep\n|turn|17\n|\n|t:|1700216445\n|move|p2a: Zapdos|Hurricane|p1a: Samurott\n|-damage|p1a: Samurott|0 fnt\n|faint|p1a: Samurott\n|\n|upkeep\n|\n|t:|1700216448\n|switch|p1a: Great Tusk|Great Tusk|100\/100\n|turn|18\n|\n|t:|1700216452\n|move|p2a: Zapdos|Hurricane|p1a: Great Tusk\n|-supereffective|p1a: Great Tusk\n|-damage|p1a: Great Tusk|0 fnt\n|faint|p1a: Great Tusk\n|-end|p1a: Great Tusk|Protosynthesis|[silent]\n|\n|win|QuackBarz\n|raw|Bruninho157's rating: 1210 &rarr; <strong>1185<\/strong><br \/>(-25 for losing)\n|raw|QuackBarz's rating: 1210 &rarr; <strong>1235<\/strong><br \/>(+25 for winning)\n|l|\u2606Bruninho157\n|c|\u2606QuackBarz|Fa\n","uploadtime":1700216466,"views":8,"p1id":"bruninho157","p2id":"quackbarz","formatid":"gen9ou","rating":1185,"private":0,"password":""}