{"id":"gen9ou-1991157324","p1":"Diablerouge42","p2":"Vigilante V8","format":"[Gen 9] OU","log":"|j|\u2606Diablerouge42\n|j|\u2606Vigilante V8\n|t:|1700051421\n|gametype|singles\n|player|p1|Diablerouge42|101|1675\n|player|p2|Vigilante V8|2|1770\n|teamsize|p1|6\n|teamsize|p2|6\n|gen|9\n|tier|[Gen 9] OU\n|rated|\n|rule|Sleep Clause Mod: Limit one foe put to sleep\n|rule|Species Clause: Limit one of each Pok\u00e9mon\n|rule|OHKO Clause: OHKO moves are banned\n|rule|Evasion Items Clause: Evasion items are banned\n|rule|Evasion Moves Clause: Evasion moves are banned\n|rule|Endless Battle Clause: Forcing endless battles is banned\n|rule|HP Percentage Mod: HP is shown in percentages\n|clearpoke\n|poke|p1|Kingambit, M|\n|poke|p1|Great Tusk|\n|poke|p1|Dragapult, F|\n|poke|p1|Ogerpon-Wellspring, F|\n|poke|p1|Blissey, F|\n|poke|p1|Zapdos|\n|poke|p2|Corviknight, M|\n|poke|p2|Clodsire, M|\n|poke|p2|Dondozo, F|\n|poke|p2|Kingambit, M|\n|poke|p2|Garganacl, M|\n|poke|p2|Weavile, M|\n|teampreview\n|j| Domin0999\n|l| Domin0999\n|\n|t:|1700051441\n|start\n|switch|p1a: Dragapult|Dragapult, F|100\/100\n|switch|p2a: Garganacl|Garganacl, M|100\/100\n|turn|1\n|\n|t:|1700051459\n|move|p1a: Dragapult|U-turn|p2a: Garganacl\n|-damage|p2a: Garganacl|89\/100\n|\n|t:|1700051466\n|switch|p1a: Great Tusk|Great Tusk|100\/100|[from] U-turn\n|move|p2a: Garganacl|Salt Cure|p1a: Great Tusk\n|-resisted|p1a: Great Tusk\n|-damage|p1a: Great Tusk|98\/100\n|-start|p1a: Great Tusk|Salt Cure\n|\n|-heal|p1a: Great Tusk|100\/100|[from] item: Leftovers\n|-heal|p2a: Garganacl|95\/100|[from] item: Leftovers\n|-damage|p1a: Great Tusk|88\/100|[from] Salt Cure\n|upkeep\n|turn|2\n|\n|t:|1700051479\n|switch|p2a: Corviknight|Corviknight, M|100\/100\n|-ability|p2a: Corviknight|Pressure\n|move|p1a: Great Tusk|Knock Off|p2a: Corviknight\n|-damage|p2a: Corviknight|83\/100\n|-damage|p1a: Great Tusk|71\/100|[from] item: Rocky Helmet|[of] p2a: Corviknight\n|-enditem|p2a: Corviknight|Rocky Helmet|[from] move: Knock Off|[of] p1a: Great Tusk\n|\n|-heal|p1a: Great Tusk|78\/100|[from] item: Leftovers\n|-damage|p1a: Great Tusk|65\/100|[from] Salt Cure\n|upkeep\n|turn|3\n|\n|t:|1700051490\n|-end|p1a: Great Tusk|Protosynthesis|[silent]\n|switch|p1a: Zapdos|Zapdos|100\/100\n|move|p2a: Corviknight|U-turn|p1a: Zapdos\n|-resisted|p1a: Zapdos\n|-damage|p1a: Zapdos|95\/100\n|-status|p2a: Corviknight|par|[from] ability: Static|[of] p1a: Zapdos\n|\n|t:|1700051498\n|switch|p2a: Garganacl|Garganacl, M|95\/100|[from] U-turn\n|\n|-heal|p2a: Garganacl|100\/100|[from] item: Leftovers\n|upkeep\n|turn|4\n|\n|t:|1700051504\n|move|p1a: Zapdos|Volt Switch|p2a: Garganacl\n|-damage|p2a: Garganacl|82\/100\n|\n|t:|1700051509\n|switch|p1a: Great Tusk|Great Tusk|65\/100|[from] Volt Switch\n|move|p2a: Garganacl|Salt Cure|p1a: Great Tusk\n|-resisted|p1a: Great Tusk\n|-damage|p1a: Great Tusk|63\/100\n|-start|p1a: Great Tusk|Salt Cure\n|\n|-heal|p1a: Great Tusk|69\/100|[from] item: Leftovers\n|-heal|p2a: Garganacl|88\/100|[from] item: Leftovers\n|-damage|p1a: Great Tusk|57\/100|[from] Salt Cure\n|upkeep\n|turn|5\n|\n|t:|1700051521\n|-end|p1a: Great Tusk|Protosynthesis|[silent]\n|switch|p1a: Ogerpon|Ogerpon-Wellspring, F|100\/100\n|move|p2a: Garganacl|Protect||[still]\n|-fail|p2a: Garganacl\n|\n|-heal|p2a: Garganacl|94\/100|[from] item: Leftovers\n|upkeep\n|turn|6\n|\n|t:|1700051528\n|move|p1a: Ogerpon|Encore|p2a: Garganacl\n|-start|p2a: Garganacl|Encore\n|move|p2a: Garganacl|Protect||[still]\n|-fail|p2a: Garganacl\n|\n|-heal|p2a: Garganacl|100\/100|[from] item: Leftovers\n|upkeep\n|turn|7\n|\n|t:|1700051534\n|switch|p2a: Corviknight|Corviknight, M|83\/100 par\n|-ability|p2a: Corviknight|Pressure\n|move|p1a: Ogerpon|U-turn|p2a: Corviknight\n|-resisted|p2a: Corviknight\n|-damage|p2a: Corviknight|79\/100 par\n|\n|t:|1700051545\n|switch|p1a: Blissey|Blissey, F|100\/100|[from] U-turn\n|\n|upkeep\n|turn|8\n|\n|t:|1700051549\n|move|p1a: Blissey|Stealth Rock|p2a: Corviknight\n|-sidestart|p2: Vigilante V8|move: Stealth Rock\n|move|p2a: Corviknight|Body Press|p1a: Blissey\n|-supereffective|p1a: Blissey\n|-damage|p1a: Blissey|54\/100\n|\n|upkeep\n|turn|9\n|\n|t:|1700051555\n|switch|p1a: Dragapult|Dragapult, F|100\/100\n|move|p2a: Corviknight|Defog|p1a: Dragapult\n|-unboost|p1a: Dragapult|evasion|1\n|-sideend|p2: Vigilante V8|Stealth Rock|[from] move: Defog|[of] p2a: Corviknight\n|\n|upkeep\n|turn|10\n|\n|t:|1700051569\n|switch|p2a: Garganacl|Garganacl, M|100\/100\n|move|p1a: Dragapult|Draco Meteor|p2a: Garganacl\n|-damage|p2a: Garganacl|41\/100\n|-unboost|p1a: Dragapult|spa|2\n|\n|-heal|p2a: Garganacl|47\/100|[from] item: Leftovers\n|upkeep\n|turn|11\n|\n|t:|1700051577\n|switch|p1a: Great Tusk|Great Tusk|57\/100\n|move|p2a: Garganacl|Recover|p2a: Garganacl\n|-heal|p2a: Garganacl|97\/100\n|\n|-heal|p1a: Great Tusk|63\/100|[from] item: Leftovers\n|-heal|p2a: Garganacl|100\/100|[from] item: Leftovers\n|upkeep\n|turn|12\n|\n|t:|1700051585\n|move|p1a: Great Tusk|Knock Off|p2a: Garganacl\n|-damage|p2a: Garganacl|83\/100\n|-enditem|p2a: Garganacl|Leftovers|[from] move: Knock Off|[of] p1a: Great Tusk\n|move|p2a: Garganacl|Salt Cure|p1a: Great Tusk\n|-resisted|p1a: Great Tusk\n|-damage|p1a: Great Tusk|61\/100\n|-start|p1a: Great Tusk|Salt Cure\n|\n|-heal|p1a: Great Tusk|67\/100|[from] item: Leftovers\n|-damage|p1a: Great Tusk|55\/100|[from] Salt Cure\n|upkeep\n|turn|13\n|\n|t:|1700051596\n|-end|p1a: Great Tusk|Protosynthesis|[silent]\n|switch|p1a: Ogerpon|Ogerpon-Wellspring, F|100\/100\n|move|p2a: Garganacl|Stealth Rock|p1a: Ogerpon\n|-sidestart|p1: Diablerouge42|move: Stealth Rock\n|\n|upkeep\n|turn|14\n|\n|t:|1700051603\n|switch|p2a: Clodsire|Clodsire, M|100\/100\n|move|p1a: Ogerpon|Ivy Cudgel|p2a: Clodsire|[anim] Ivy Cudgel Water\n|-immune|p2a: Clodsire|[from] ability: Water Absorb\n|\n|upkeep\n|turn|15\n|\n|t:|1700051611\n|switch|p1a: Great Tusk|Great Tusk|55\/100\n|-damage|p1a: Great Tusk|52\/100|[from] Stealth Rock\n|move|p2a: Clodsire|Spikes|p1a: Great Tusk\n|-sidestart|p1: Diablerouge42|Spikes\n|\n|-heal|p1a: Great Tusk|58\/100|[from] item: Leftovers\n|upkeep\n|turn|16\n|j| teamtester48\n|\n|t:|1700051618\n|move|p1a: Great Tusk|Earthquake|p2a: Clodsire\n|-supereffective|p2a: Clodsire\n|-damage|p2a: Clodsire|0 fnt\n|faint|p2a: Clodsire\n|\n|-heal|p1a: Great Tusk|64\/100|[from] item: Leftovers\n|upkeep\n|\n|t:|1700051622\n|switch|p2a: Weavile|Weavile, M|100\/100\n|-ability|p2a: Weavile|Pressure\n|turn|17\n|\n|t:|1700051629\n|-terastallize|p2a: Weavile|Dark\n|-terastallize|p1a: Great Tusk|Steel\n|move|p2a: Weavile|Knock Off|p1a: Great Tusk\n|-damage|p1a: Great Tusk|6\/100\n|-enditem|p1a: Great Tusk|Leftovers|[from] move: Knock Off|[of] p2a: Weavile\n|move|p1a: Great Tusk|Rapid Spin|p2a: Weavile\n|-damage|p2a: Weavile|75\/100\n|-boost|p1a: Great Tusk|spe|1\n|-sideend|p1: Diablerouge42|Spikes|[from] move: Rapid Spin|[of] p1a: Great Tusk\n|-sideend|p1: Diablerouge42|Stealth Rock|[from] move: Rapid Spin|[of] p1a: Great Tusk\n|\n|upkeep\n|turn|18\n|\n|t:|1700051641\n|move|p1a: Great Tusk|Earthquake|p2a: Weavile\n|-damage|p2a: Weavile|2\/100\n|move|p2a: Weavile|Knock Off|p1a: Great Tusk\n|-damage|p1a: Great Tusk|0 fnt\n|faint|p1a: Great Tusk\n|-end|p1a: Great Tusk|Protosynthesis|[silent]\n|\n|upkeep\n|\n|t:|1700051647\n|switch|p1a: Kingambit|Kingambit, M|100\/100\n|-activate|p1a: Kingambit|ability: Supreme Overlord\n|-start|p1a: Kingambit|fallen1|[silent]\n|turn|19\n|\n|t:|1700051655\n|switch|p2a: Kingambit|Kingambit, M|100\/100\n|-activate|p2a: Kingambit|ability: Supreme Overlord\n|-start|p2a: Kingambit|fallen1|[silent]\n|move|p1a: Kingambit|Kowtow Cleave|p2a: Kingambit\n|-resisted|p2a: Kingambit\n|-damage|p2a: Kingambit|78\/100\n|\n|upkeep\n|turn|20\n|\n|t:|1700051662\n|-end|p1a: Kingambit|fallen1|[silent]\n|switch|p1a: Zapdos|Zapdos|95\/100\n|move|p2a: Kingambit|Kowtow Cleave|p1a: Zapdos\n|-damage|p1a: Zapdos|37\/100\n|\n|upkeep\n|turn|21\n|\n|t:|1700051668\n|-end|p2a: Kingambit|fallen1|[silent]\n|switch|p2a: Garganacl|Garganacl, M|83\/100\n|move|p1a: Zapdos|Roost|p1a: Zapdos\n|-heal|p1a: Zapdos|87\/100\n|-singleturn|p1a: Zapdos|move: Roost\n|\n|upkeep\n|turn|22\n|\n|t:|1700051684\n|move|p1a: Zapdos|Volt Switch|p2a: Garganacl\n|-damage|p2a: Garganacl|64\/100\n|\n|t:|1700051690\n|switch|p1a: Blissey|Blissey, F|54\/100|[from] Volt Switch\n|move|p2a: Garganacl|Stealth Rock|p1a: Blissey\n|-sidestart|p1: Diablerouge42|move: Stealth Rock\n|\n|upkeep\n|turn|23\n|\n|t:|1700051701\n|switch|p2a: Weavile|Weavile, M, tera:Dark|2\/100\n|-ability|p2a: Weavile|Pressure\n|move|p1a: Blissey|Stealth Rock|p2a: Weavile\n|-sidestart|p2: Vigilante V8|move: Stealth Rock\n|\n|upkeep\n|turn|24\n|\n|t:|1700051711\n|move|p2a: Weavile|Knock Off|p1a: Blissey\n|-damage|p1a: Blissey|0 fnt\n|-enditem|p1a: Blissey|Heavy-Duty Boots|[from] move: Knock Off|[of] p2a: Weavile\n|faint|p1a: Blissey\n|\n|upkeep\n|\n|t:|1700051716\n|switch|p1a: Kingambit|Kingambit, M|100\/100\n|-damage|p1a: Kingambit|94\/100|[from] Stealth Rock\n|-activate|p1a: Kingambit|ability: Supreme Overlord\n|-start|p1a: Kingambit|fallen2|[silent]\n|turn|25\n|\n|t:|1700051722\n|move|p2a: Weavile|Knock Off|p1a: Kingambit\n|-resisted|p1a: Kingambit\n|-damage|p1a: Kingambit|57\/100\n|-enditem|p1a: Kingambit|Mental Herb|[from] move: Knock Off|[of] p2a: Weavile\n|move|p1a: Kingambit|Kowtow Cleave|p2a: Weavile\n|-resisted|p2a: Weavile\n|-damage|p2a: Weavile|0 fnt\n|faint|p2a: Weavile\n|\n|upkeep\n|\n|t:|1700051733\n|switch|p2a: Kingambit|Kingambit, M|78\/100\n|-damage|p2a: Kingambit|71\/100|[from] Stealth Rock\n|-activate|p2a: Kingambit|ability: Supreme Overlord\n|-start|p2a: Kingambit|fallen2|[silent]\n|turn|26\n|\n|t:|1700051738\n|move|p2a: Kingambit|Low Kick|p1a: Kingambit\n|-supereffective|p1a: Kingambit\n|-damage|p1a: Kingambit|0 fnt\n|faint|p1a: Kingambit\n|-end|p1a: Kingambit|fallen2|[silent]\n|\n|upkeep\n|\n|t:|1700051742\n|switch|p1a: Ogerpon|Ogerpon-Wellspring, F|100\/100\n|-damage|p1a: Ogerpon|88\/100|[from] Stealth Rock\n|turn|27\n|\n|t:|1700051747\n|move|p1a: Ogerpon|Ivy Cudgel|p2a: Kingambit|[anim] Ivy Cudgel Water\n|-damage|p2a: Kingambit|20\/100\n|move|p2a: Kingambit|Kowtow Cleave|p1a: Ogerpon\n|-damage|p1a: Ogerpon|0 fnt\n|faint|p1a: Ogerpon\n|\n|upkeep\n|\n|t:|1700051754\n|switch|p1a: Zapdos|Zapdos|87\/100\n|turn|28\n|\n|t:|1700051759\n|-end|p2a: Kingambit|fallen2|[silent]\n|switch|p2a: Garganacl|Garganacl, M|64\/100\n|-damage|p2a: Garganacl|52\/100|[from] Stealth Rock\n|move|p1a: Zapdos|Volt Switch|p2a: Garganacl\n|-damage|p2a: Garganacl|33\/100\n|\n|t:|1700051765\n|switch|p1a: Dragapult|Dragapult, F|100\/100|[from] Volt Switch\n|-damage|p1a: Dragapult|88\/100|[from] Stealth Rock\n|\n|upkeep\n|turn|29\n|\n|t:|1700051771\n|move|p2a: Garganacl|Protect|p2a: Garganacl\n|-singleturn|p2a: Garganacl|Protect\n|move|p1a: Dragapult|Draco Meteor|p2a: Garganacl\n|-activate|p2a: Garganacl|move: Protect\n|\n|upkeep\n|turn|30\n|\n|t:|1700051777\n|switch|p1a: Zapdos|Zapdos|87\/100\n|switch|p2a: Corviknight|Corviknight, M|79\/100 par\n|-damage|p2a: Corviknight|67\/100 par|[from] Stealth Rock\n|-ability|p2a: Corviknight|Pressure\n|\n|upkeep\n|turn|31\n|\n|t:|1700051784\n|move|p1a: Zapdos|Heat Wave|p2a: Corviknight\n|-supereffective|p2a: Corviknight\n|-damage|p2a: Corviknight|14\/100 par\n|move|p2a: Corviknight|U-turn|p1a: Zapdos\n|-resisted|p1a: Zapdos\n|-damage|p1a: Zapdos|81\/100\n|\n|t:|1700051789\n|switch|p2a: Garganacl|Garganacl, M|33\/100|[from] U-turn\n|-damage|p2a: Garganacl|21\/100|[from] Stealth Rock\n|\n|upkeep\n|turn|32\n|\n|t:|1700051799\n|move|p1a: Zapdos|Volt Switch|p2a: Garganacl\n|-damage|p2a: Garganacl|3\/100\n|\n|t:|1700051802\n|switch|p1a: Dragapult|Dragapult, F|88\/100|[from] Volt Switch\n|-damage|p1a: Dragapult|76\/100|[from] Stealth Rock\n|move|p2a: Garganacl|Recover|p2a: Garganacl\n|-heal|p2a: Garganacl|53\/100\n|\n|upkeep\n|turn|33\n|\n|t:|1700051809\n|move|p2a: Garganacl|Protect|p2a: Garganacl\n|-singleturn|p2a: Garganacl|Protect\n|move|p1a: Dragapult|Draco Meteor|p2a: Garganacl\n|-activate|p2a: Garganacl|move: Protect\n|\n|upkeep\n|turn|34\n|\n|t:|1700051817\n|switch|p2a: Corviknight|Corviknight, M|14\/100 par\n|-damage|p2a: Corviknight|2\/100 par|[from] Stealth Rock\n|-ability|p2a: Corviknight|Pressure\n|move|p1a: Dragapult|Draco Meteor|p2a: Corviknight\n|-resisted|p2a: Corviknight\n|-damage|p2a: Corviknight|0 fnt\n|-unboost|p1a: Dragapult|spa|2\n|faint|p2a: Corviknight\n|\n|upkeep\n|\n|t:|1700051822\n|switch|p2a: Garganacl|Garganacl, M|53\/100\n|-damage|p2a: Garganacl|41\/100|[from] Stealth Rock\n|turn|35\n|\n|t:|1700051830\n|move|p1a: Dragapult|Draco Meteor|p2a: Garganacl|[miss]\n|-miss|p1a: Dragapult|p2a: Garganacl\n|move|p2a: Garganacl|Recover|p2a: Garganacl\n|-heal|p2a: Garganacl|91\/100\n|\n|upkeep\n|turn|36\n|-message|Diablerouge42 forfeited.\n|\n|win|Vigilante V8\n|raw|Diablerouge42's rating: 1675 &rarr; <strong>1660<\/strong><br \/>(-15 for losing)\n|raw|Vigilante V8's rating: 1770 &rarr; <strong>1785<\/strong><br \/>(+15 for winning)\n","uploadtime":1700051843,"views":7,"p1id":"diablerouge42","p2id":"vigilantev8","formatid":"gen9ou","rating":1660,"private":0,"password":""}