{"id":"gen9ou-1990430913","p1":"nickshiker","p2":"fawaboi","format":"[Gen 9] OU","log":"|j|\u2606nickshiker\n|j|\u2606fawaboi\n|t:|1699970251\n|gametype|singles\n|player|p1|nickshiker|101|1162\n|player|p2|fawaboi|170|1094\n|teamsize|p1|6\n|teamsize|p2|6\n|gen|9\n|tier|[Gen 9] OU\n|rated|\n|rule|Sleep Clause Mod: Limit one foe put to sleep\n|rule|Species Clause: Limit one of each Pok\u00e9mon\n|rule|OHKO Clause: OHKO moves are banned\n|rule|Evasion Items Clause: Evasion items are banned\n|rule|Evasion Moves Clause: Evasion moves are banned\n|rule|Endless Battle Clause: Forcing endless battles is banned\n|rule|HP Percentage Mod: HP is shown in percentages\n|clearpoke\n|poke|p1|Sneasler, M|\n|poke|p1|Rotom-Wash|\n|poke|p1|Kingambit, F|\n|poke|p1|Slowking-Galar, M|\n|poke|p1|Landorus-Therian, M|\n|poke|p1|Cinderace, F|\n|poke|p2|Alomomola, M|\n|poke|p2|Kingambit, F|\n|poke|p2|Blissey, F|\n|poke|p2|Zamazenta-*|\n|poke|p2|Thundurus-Therian, M|\n|poke|p2|Iron Valiant|\n|teampreview\n|inactive|Battle timer is ON: inactive players will automatically lose when time's up. (requested by fawaboi)\n|inactive|nickshiker has 120 seconds left.\n|\n|t:|1699970293\n|start\n|switch|p1a: Sneasler|Sneasler, M|100\/100\n|switch|p2a: Iron Valiant|Iron Valiant|100\/100\n|-enditem|p2a: Iron Valiant|Booster Energy\n|-activate|p2a: Iron Valiant|ability: Quark Drive|[fromitem]\n|-start|p2a: Iron Valiant|quarkdrivespe\n|turn|1\n|\n|t:|1699970310\n|move|p1a: Sneasler|Dire Claw|p2a: Iron Valiant\n|-supereffective|p2a: Iron Valiant\n|-crit|p2a: Iron Valiant\n|-damage|p2a: Iron Valiant|0 fnt\n|faint|p2a: Iron Valiant\n|-end|p2a: Iron Valiant|Quark Drive|[silent]\n|\n|upkeep\n|c|\u2606nickshiker|bros posted up\n|\n|t:|1699970324\n|switch|p2a: Zamazenta|Zamazenta|100\/100\n|-ability|p2a: Zamazenta|Dauntless Shield|boost\n|-boost|p2a: Zamazenta|def|1\n|turn|2\n|c|\u2606nickshiker|i dont think the crit mattered tho\n|inactive|fawaboi has 120 seconds left.\n|inactive|nickshiker has 120 seconds left.\n|inactive|nickshiker has 90 seconds left.\n|\n|t:|1699970398\n|switch|p1a: Landorus|Landorus-Therian, M|100\/100\n|-ability|p1a: Landorus|Intimidate|boost\n|-unboost|p2a: Zamazenta|atk|1\n|move|p2a: Zamazenta|Iron Defense|p2a: Zamazenta\n|-boost|p2a: Zamazenta|def|2\n|\n|upkeep\n|turn|3\n|\n|t:|1699970414\n|switch|p1a: Rotom|Rotom-Wash|100\/100\n|move|p2a: Zamazenta|Iron Defense|p2a: Zamazenta\n|-boost|p2a: Zamazenta|def|2\n|\n|upkeep\n|turn|4\n|\n|t:|1699970422\n|move|p2a: Zamazenta|Body Press|p1a: Rotom\n|-damage|p1a: Rotom|0 fnt\n|faint|p1a: Rotom\n|\n|upkeep\n|c|\u2606nickshiker|uh oh\n|\n|t:|1699970441\n|switch|p1a: Slowking|Slowking-Galar, M|100\/100\n|turn|5\n|inactive|nickshiker has 60 seconds left.\n|c|\u2606fawaboi|why dont you trick deez nuts in yo mouth\n|c|\u2606nickshiker|lmao\n|\n|t:|1699970486\n|move|p2a: Zamazenta|Crunch|p1a: Slowking\n|-supereffective|p1a: Slowking\n|-damage|p1a: Slowking|73\/100\n|-unboost|p1a: Slowking|def|1\n|move|p1a: Slowking|Psychic|p2a: Zamazenta\n|-supereffective|p2a: Zamazenta\n|-damage|p2a: Zamazenta|34\/100\n|\n|-heal|p2a: Zamazenta|40\/100|[from] item: Leftovers\n|upkeep\n|turn|6\n|\n|t:|1699970497\n|switch|p2a: Alomomola|Alomomola, M|100\/100\n|move|p1a: Slowking|Psychic|p2a: Alomomola\n|-damage|p2a: Alomomola|76\/100\n|\n|-heal|p2a: Alomomola|82\/100|[from] item: Leftovers\n|upkeep\n|turn|7\n|\n|t:|1699970506\n|move|p2a: Alomomola|Wish|p2a: Alomomola\n|move|p1a: Slowking|Grass Knot|p2a: Alomomola\n|-supereffective|p2a: Alomomola\n|-damage|p2a: Alomomola|56\/100\n|\n|-heal|p2a: Alomomola|63\/100|[from] item: Leftovers\n|upkeep\n|turn|8\n|\n|t:|1699970512\n|move|p2a: Alomomola|Flip Turn|p1a: Slowking\n|-damage|p1a: Slowking|53\/100\n|c|\u2606nickshiker|gay ass fish\n|\n|t:|1699970517\n|switch|p2a: Zamazenta|Zamazenta|40\/100|[from] Flip Turn\n|move|p1a: Slowking|Chilly Reception|p1a: Slowking\n|-weather|Snow\n|\n|t:|1699970528\n|switch|p1a: Sneasler|Sneasler, M|100\/100|[from] Chilly Reception\n|\n|-weather|Snow|[upkeep]\n|-heal|p2a: Zamazenta|100\/100|[from] move: Wish|[wisher] Alomomola\n|upkeep\n|turn|9\n|\n|t:|1699970539\n|move|p1a: Sneasler|Switcheroo|p2a: Zamazenta\n|-activate|p1a: Sneasler|move: Trick|[of] p2a: Zamazenta\n|-item|p2a: Zamazenta|Choice Scarf|[from] move: Switcheroo\n|-item|p1a: Sneasler|Leftovers|[from] move: Switcheroo\n|move|p2a: Zamazenta|Iron Defense|p2a: Zamazenta\n|-boost|p2a: Zamazenta|def|2\n|\n|-weather|Snow|[upkeep]\n|upkeep\n|turn|10\n|c|\u2606nickshiker|lol i took your advicve\n|c|\u2606nickshiker|advice\n|\n|t:|1699970559\n|move|p2a: Zamazenta|Iron Defense|p2a: Zamazenta\n|-boost|p2a: Zamazenta|def|2\n|move|p1a: Sneasler|Dire Claw|p2a: Zamazenta\n|-damage|p2a: Zamazenta|87\/100\n|-status|p2a: Zamazenta|psn\n|\n|-weather|Snow|[upkeep]\n|-damage|p2a: Zamazenta|74\/100 psn|[from] psn\n|upkeep\n|turn|11\n|inactive|fawaboi has 120 seconds left.\n|\n|t:|1699970593\n|move|p2a: Zamazenta|Iron Defense|p2a: Zamazenta\n|-boost|p2a: Zamazenta|def|2\n|move|p1a: Sneasler|U-turn|p2a: Zamazenta\n|-resisted|p2a: Zamazenta\n|-damage|p2a: Zamazenta|71\/100 psn\n|\n|t:|1699970609\n|switch|p1a: Kingambit|Kingambit, F|100\/100|[from] U-turn\n|-activate|p1a: Kingambit|ability: Supreme Overlord\n|-start|p1a: Kingambit|fallen1|[silent]\n|\n|-weather|Snow|[upkeep]\n|-damage|p2a: Zamazenta|59\/100 psn|[from] psn\n|upkeep\n|turn|12\n|inactive|fawaboi has 120 seconds left.\n|\n|t:|1699970626\n|switch|p2a: Thundurus|Thundurus-Therian, M|100\/100\n|move|p1a: Kingambit|Swords Dance|p1a: Kingambit\n|-boost|p1a: Kingambit|atk|2\n|\n|-weather|none\n|upkeep\n|turn|13\n|\n|t:|1699970634\n|-terastallize|p1a: Kingambit|Fairy\n|move|p2a: Thundurus|Thunderbolt|p1a: Kingambit\n|-damage|p1a: Kingambit|41\/100\n|move|p1a: Kingambit|Kowtow Cleave|p2a: Thundurus\n|-damage|p2a: Thundurus|0 fnt\n|faint|p2a: Thundurus\n|\n|-heal|p1a: Kingambit|47\/100|[from] item: Leftovers\n|upkeep\n|\n|t:|1699970641\n|switch|p2a: Zamazenta|Zamazenta|59\/100 psn\n|turn|14\n|inactive|nickshiker has 90 seconds left.\n|c|\u2606nickshiker|i was expecting focus blast\n|\n|t:|1699970664\n|move|p2a: Zamazenta|Iron Head|p1a: Kingambit\n|-supereffective|p1a: Kingambit\n|-damage|p1a: Kingambit|0 fnt\n|faint|p1a: Kingambit\n|-end|p1a: Kingambit|fallen1|[silent]\n|\n|-damage|p2a: Zamazenta|47\/100 psn|[from] psn\n|upkeep\n|c|\u2606fawaboi|I aint running focus miss\n|c|\u2606fawaboi|ever\n|c|\u2606nickshiker|true true\n|inactive|nickshiker has 60 seconds left.\n|c|\u2606nickshiker|haha i love focus miss tho\n|c|\u2606nickshiker|its like gambling\n|\n|t:|1699970704\n|switch|p1a: Landorus|Landorus-Therian, M|100\/100\n|-ability|p1a: Landorus|Intimidate|boost\n|-unboost|p2a: Zamazenta|atk|1\n|turn|15\n|\n|t:|1699970712\n|switch|p1a: Slowking|Slowking-Galar, M|87\/100\n|move|p2a: Zamazenta|Iron Head|p1a: Slowking\n|-damage|p1a: Slowking|74\/100\n|\n|-damage|p2a: Zamazenta|35\/100 psn|[from] psn\n|upkeep\n|turn|16\n|\n|t:|1699970718\n|switch|p2a: Blissey|Blissey, F|100\/100\n|move|p1a: Slowking|Chilly Reception|p1a: Slowking\n|-weather|Snow\n|inactive|nickshiker has 60 seconds left.\n|\n|t:|1699970727\n|switch|p1a: Sneasler|Sneasler, M|100\/100|[from] Chilly Reception\n|\n|-weather|Snow|[upkeep]\n|upkeep\n|turn|17\n|\n|t:|1699970732\n|switch|p2a: Alomomola|Alomomola, M|96\/100\n|move|p1a: Sneasler|Close Combat|p2a: Alomomola\n|-damage|p2a: Alomomola|52\/100\n|-unboost|p1a: Sneasler|def|1\n|-unboost|p1a: Sneasler|spd|1\n|\n|-weather|Snow|[upkeep]\n|-heal|p2a: Alomomola|58\/100|[from] item: Leftovers\n|upkeep\n|turn|18\n|\n|t:|1699970738\n|move|p1a: Sneasler|U-turn|p2a: Alomomola\n|-damage|p2a: Alomomola|42\/100\n|\n|t:|1699970743\n|switch|p1a: Slowking|Slowking-Galar, M|100\/100|[from] U-turn\n|move|p2a: Alomomola|Scald|p1a: Slowking\n|-crit|p1a: Slowking\n|-damage|p1a: Slowking|85\/100\n|\n|-weather|Snow|[upkeep]\n|-heal|p2a: Alomomola|49\/100|[from] item: Leftovers\n|upkeep\n|turn|19\n|\n|t:|1699970752\n|move|p2a: Alomomola|Wish|p2a: Alomomola\n|move|p1a: Slowking|Future Sight|p2a: Alomomola\n|-start|p1a: Slowking|move: Future Sight\n|\n|-weather|Snow|[upkeep]\n|-heal|p2a: Alomomola|55\/100|[from] item: Leftovers\n|upkeep\n|turn|20\n|c|\u2606nickshiker|no wish for you\n|inactive|nickshiker has 90 seconds left.\n|\n|t:|1699970767\n|move|p2a: Alomomola|Flip Turn|p1a: Slowking\n|-damage|p1a: Slowking|72\/100\n|\n|t:|1699970772\n|switch|p2a: Zamazenta|Zamazenta|35\/100 psn|[from] Flip Turn\n|move|p1a: Slowking|Grass Knot|p2a: Zamazenta\n|-damage|p2a: Zamazenta|8\/100 psn\n|\n|-weather|none\n|-heal|p2a: Zamazenta|89\/100 psn|[from] move: Wish|[wisher] Alomomola\n|-damage|p2a: Zamazenta|77\/100 psn|[from] psn\n|upkeep\n|turn|21\n|c|\u2606nickshiker|oh nvm\n|\n|t:|1699970784\n|switch|p2a: Blissey|Blissey, F|100\/100\n|move|p1a: Slowking|Chilly Reception|p1a: Slowking\n|-weather|Snow\n|\n|t:|1699970791\n|switch|p1a: Sneasler|Sneasler, M|100\/100|[from] Chilly Reception\n|\n|-weather|Snow|[upkeep]\n|-end|p2a: Blissey|move: Future Sight\n|-crit|p2a: Blissey\n|-damage|p2a: Blissey|80\/100\n|-heal|p2a: Blissey|86\/100|[from] item: Leftovers\n|upkeep\n|turn|22\n|\n|t:|1699970806\n|switch|p2a: Zamazenta|Zamazenta|77\/100 psn\n|move|p1a: Sneasler|Close Combat|p2a: Zamazenta\n|-damage|p2a: Zamazenta|21\/100 psn\n|-unboost|p1a: Sneasler|def|1\n|-unboost|p1a: Sneasler|spd|1\n|\n|-weather|Snow|[upkeep]\n|-damage|p2a: Zamazenta|9\/100 psn|[from] psn\n|upkeep\n|turn|23\n|\n|t:|1699970820\n|move|p2a: Zamazenta|Body Press|p1a: Sneasler\n|-resisted|p1a: Sneasler\n|-damage|p1a: Sneasler|64\/100\n|move|p1a: Sneasler|U-turn|p2a: Zamazenta\n|-resisted|p2a: Zamazenta\n|-damage|p2a: Zamazenta|0 fnt\n|faint|p2a: Zamazenta\n|\n|t:|1699970831\n|switch|p1a: Slowking|Slowking-Galar, M|100\/100|[from] U-turn\n|\n|-weather|Snow|[upkeep]\n|upkeep\n|\n|t:|1699970837\n|switch|p2a: Kingambit|Kingambit, F|100\/100\n|-activate|p2a: Kingambit|ability: Supreme Overlord\n|-start|p2a: Kingambit|fallen3|[silent]\n|turn|24\n|inactive|nickshiker has 120 seconds left.\n|\n|t:|1699970843\n|-terastallize|p2a: Kingambit|Dark\n|move|p2a: Kingambit|Kowtow Cleave|p1a: Slowking\n|-supereffective|p1a: Slowking\n|-damage|p1a: Slowking|0 fnt\n|faint|p1a: Slowking\n|\n|-weather|Snow|[upkeep]\n|upkeep\n|inactive|nickshiker has 120 seconds left.\n|\n|t:|1699970852\n|switch|p1a: Sneasler|Sneasler, M|64\/100\n|turn|25\n|\n|t:|1699970859\n|-end|p2a: Kingambit|fallen3|[silent]\n|switch|p2a: Alomomola|Alomomola, M|88\/100\n|move|p1a: Sneasler|Close Combat|p2a: Alomomola\n|-damage|p2a: Alomomola|48\/100\n|-unboost|p1a: Sneasler|def|1\n|-unboost|p1a: Sneasler|spd|1\n|-status|p2a: Alomomola|psn|[from] ability: Poison Touch|[of] p1a: Sneasler\n|\n|-weather|none\n|-heal|p1a: Sneasler|70\/100|[from] item: Leftovers\n|-heal|p2a: Alomomola|54\/100 psn|[from] item: Leftovers\n|-damage|p2a: Alomomola|42\/100 psn|[from] psn\n|upkeep\n|turn|26\n|\n|t:|1699970866\n|move|p1a: Sneasler|U-turn|p2a: Alomomola\n|-damage|p2a: Alomomola|26\/100 psn\n|c|\u2606nickshiker|mvp sneasler\n|\n|t:|1699970872\n|switch|p1a: Cinderace|Cinderace, F|100\/100|[from] U-turn\n|move|p2a: Alomomola|Scald|p1a: Cinderace\n|-supereffective|p1a: Cinderace\n|-crit|p1a: Cinderace\n|-damage|p1a: Cinderace|41\/100\n|\n|-heal|p2a: Alomomola|32\/100 psn|[from] item: Leftovers\n|-damage|p2a: Alomomola|20\/100 psn|[from] psn\n|upkeep\n|turn|27\n|j|@aQrator@!\n|c|@aQrator|\/log fawaboi was warned by aQrator. (don't be inappropriate)\n|hidelines|unlink|fawaboi\n|c|&|\/raw If you have questions about this action, please contact staff by making a <a href=\"view-help-request\" class=\"button\">help ticket<\/a>\n|l|@aQrator@!\n|j|@aQrator@!\n|c|@aQrator|\/log nickshiker was warned by aQrator. (don't use gay in an inflammatory way)\n|hidelines|unlink|nickshiker\n|c|&|\/raw If you have questions about this action, please contact staff by making a <a href=\"view-help-request\" class=\"button\">help ticket<\/a>\n|l|@aQrator@!\n|\n|t:|1699970891\n|move|p1a: Cinderace|U-turn|p2a: Alomomola\n|-start|p1a: Cinderace|typechange|Bug|[from] ability: Libero\n|-crit|p2a: Alomomola\n|-damage|p2a: Alomomola|0 fnt\n|faint|p2a: Alomomola\n|c|\u2606nickshiker|bro i just got warned oops\n|\n|t:|1699970917\n|switch|p1a: Sneasler|Sneasler, M|70\/100|[from] U-turn\n|\n|-heal|p1a: Sneasler|76\/100|[from] item: Leftovers\n|upkeep\n|c|\u2606fawaboi|same\n|\n|t:|1699970929\n|switch|p2a: Kingambit|Kingambit, F, tera:Dark|100\/100\n|-activate|p2a: Kingambit|ability: Supreme Overlord\n|-start|p2a: Kingambit|fallen4|[silent]\n|turn|28\n|\n|t:|1699970938\n|move|p2a: Kingambit|Sucker Punch|p1a: Sneasler\n|-resisted|p1a: Sneasler\n|-crit|p1a: Sneasler\n|-damage|p1a: Sneasler|0 fnt\n|faint|p1a: Sneasler\n|\n|upkeep\n|c|\u2606nickshiker|bro\n|c|\u2606nickshiker|nah\n|c|\u2606nickshiker|such ass\n|\n|t:|1699970949\n|switch|p1a: Landorus|Landorus-Therian, M|100\/100\n|-ability|p1a: Landorus|Intimidate|boost\n|-unboost|p2a: Kingambit|atk|1\n|turn|29\n|\n|t:|1699970957\n|-end|p2a: Kingambit|fallen4|[silent]\n|switch|p2a: Blissey|Blissey, F|86\/100\n|move|p1a: Landorus|Earthquake|p2a: Blissey\n|-damage|p2a: Blissey|0 fnt\n|faint|p2a: Blissey\n|\n|upkeep\n|\n|t:|1699970962\n|switch|p2a: Kingambit|Kingambit, F, tera:Dark|100\/100\n|-activate|p2a: Kingambit|ability: Supreme Overlord\n|-start|p2a: Kingambit|fallen5|[silent]\n|turn|30\n|\n|t:|1699970972\n|move|p1a: Landorus|Earthquake|p2a: Kingambit\n|-damage|p2a: Kingambit|61\/100\n|move|p2a: Kingambit|Kowtow Cleave|p1a: Landorus\n|-damage|p1a: Landorus|0 fnt\n|faint|p1a: Landorus\n|\n|upkeep\n|\n|t:|1699970977\n|switch|p1a: Cinderace|Cinderace, F|41\/100\n|turn|31\n|\n|t:|1699970985\n|move|p2a: Kingambit|Sucker Punch||[still]\n|-fail|p2a: Kingambit\n|move|p1a: Cinderace|Court Change||[still]\n|-start|p1a: Cinderace|typechange|Normal|[from] ability: Libero\n|-swapsideconditions\n|-fail|p1a: Cinderace\n|\n|upkeep\n|turn|32\n|c|\u2606nickshiker|oh bro\n|c|\u2606nickshiker|this is so messed up\n|\n|t:|1699970998\n|move|p2a: Kingambit|Sucker Punch||[still]\n|-fail|p2a: Kingambit\n|move|p1a: Cinderace|Court Change||[still]\n|-swapsideconditions\n|-fail|p1a: Cinderace\n|\n|upkeep\n|turn|33\n|\n|t:|1699971000\n|move|p1a: Cinderace|Low Kick|p2a: Kingambit\n|-supereffective|p2a: Kingambit\n|-damage|p2a: Kingambit|13\/100\n|move|p2a: Kingambit|Kowtow Cleave|p1a: Cinderace\n|-damage|p1a: Cinderace|0 fnt\n|faint|p1a: Cinderace\n|\n|win|fawaboi\n|raw|nickshiker's rating: 1162 &rarr; <strong>1132<\/strong><br \/>(-30 for losing)\n|raw|fawaboi's rating: 1094 &rarr; <strong>1125<\/strong><br \/>(+31 for winning)\n","uploadtime":1699970516,"views":18,"p1id":"nickshiker","p2id":"fawaboi","formatid":"gen9ou","rating":1125,"private":0,"password":""}