{"id":"gen9ou-1989998655","p1":"sresx114","p2":"lord97227","format":"[Gen 9] OU","log":"|j|\u2606sresx114\n|j|\u2606lord97227\n|t:|1699913932\n|gametype|singles\n|player|p1|sresx114|2|1190\n|player|p2|lord97227|lance|1261\n|teamsize|p1|6\n|teamsize|p2|6\n|gen|9\n|tier|[Gen 9] OU\n|rated|\n|rule|Sleep Clause Mod: Limit one foe put to sleep\n|rule|Species Clause: Limit one of each Pok\u00e9mon\n|rule|OHKO Clause: OHKO moves are banned\n|rule|Evasion Items Clause: Evasion items are banned\n|rule|Evasion Moves Clause: Evasion moves are banned\n|rule|Endless Battle Clause: Forcing endless battles is banned\n|rule|HP Percentage Mod: HP is shown in percentages\n|clearpoke\n|poke|p1|Dragonite, F|\n|poke|p1|Garganacl, M|\n|poke|p1|Kingambit, M|\n|poke|p1|Toxapex, M|\n|poke|p1|Greninja-*, F|\n|poke|p1|Landorus-Therian, M|\n|poke|p2|Ogerpon, F|\n|poke|p2|Dragapult, M|\n|poke|p2|Greninja-*, M|\n|poke|p2|Great Tusk|\n|poke|p2|Gholdengo|\n|poke|p2|Ribombee, M|\n|teampreview\n|inactive|Battle timer is ON: inactive players will automatically lose when time's up. (requested by sresx114)\n|\n|t:|1699914013\n|start\n|switch|p1a: Garganacl|Garganacl, M|100\/100\n|switch|p2a: Ribombee|Ribombee, M|100\/100\n|turn|1\n|\n|t:|1699914024\n|move|p2a: Ribombee|Sticky Web|p1a: Garganacl\n|-sidestart|p1: sresx114|move: Sticky Web\n|move|p1a: Garganacl|Salt Cure|p2a: Ribombee\n|-supereffective|p2a: Ribombee\n|-damage|p2a: Ribombee|45\/100\n|\n|upkeep\n|turn|2\n|\n|t:|1699914034\n|switch|p2a: Great Tusk|Great Tusk|100\/100\n|move|p1a: Garganacl|Stealth Rock|p2a: Great Tusk\n|-sidestart|p2: lord97227|move: Stealth Rock\n|\n|upkeep\n|turn|3\n|\n|t:|1699914050\n|move|p2a: Great Tusk|Close Combat|p1a: Garganacl\n|-supereffective|p1a: Garganacl\n|-damage|p1a: Garganacl|22\/100\n|-unboost|p2a: Great Tusk|def|1\n|-unboost|p2a: Great Tusk|spd|1\n|move|p1a: Garganacl|Salt Cure|p2a: Great Tusk\n|-resisted|p2a: Great Tusk\n|-crit|p2a: Great Tusk\n|-damage|p2a: Great Tusk|95\/100\n|-start|p2a: Great Tusk|Salt Cure\n|\n|-heal|p1a: Garganacl|28\/100|[from] item: Leftovers\n|-damage|p2a: Great Tusk|83\/100|[from] Salt Cure\n|upkeep\n|turn|4\n|\n|t:|1699914064\n|switch|p1a: Landorus|Landorus-Therian, M|100\/100\n|-ability|p1a: Landorus|Intimidate|boost\n|-unboost|p2a: Great Tusk|atk|1\n|move|p2a: Great Tusk|Rapid Spin|p1a: Landorus\n|-crit|p1a: Landorus\n|-damage|p1a: Landorus|84\/100\n|-boost|p2a: Great Tusk|spe|1\n|-sideend|p2: lord97227|Stealth Rock|[from] move: Rapid Spin|[of] p2a: Great Tusk\n|\n|-heal|p1a: Landorus|90\/100|[from] item: Leftovers\n|-damage|p2a: Great Tusk|70\/100|[from] Salt Cure\n|upkeep\n|turn|5\n|\n|t:|1699914083\n|-end|p2a: Great Tusk|Protosynthesis|[silent]\n|switch|p2a: Ribombee|Ribombee, M|45\/100\n|move|p1a: Landorus|Protect||[still]\n|-fail|p1a: Landorus\n|\n|-heal|p1a: Landorus|96\/100|[from] item: Leftovers\n|upkeep\n|turn|6\n|\n|t:|1699914100\n|switch|p1a: Garganacl|Garganacl, M|28\/100\n|-activate|p1a: Garganacl|move: Sticky Web\n|-unboost|p1a: Garganacl|spe|1\n|move|p2a: Ribombee|Moonblast|p1a: Garganacl\n|-damage|p1a: Garganacl|0 fnt\n|faint|p1a: Garganacl\n|\n|upkeep\n|inactive|sresx114 has 120 seconds left.\n|\n|t:|1699914126\n|switch|p1a: Toxapex|Toxapex, M|100\/100\n|-activate|p1a: Toxapex|move: Sticky Web\n|-unboost|p1a: Toxapex|spe|1\n|turn|7\n|\n|t:|1699914133\n|move|p2a: Ribombee|Stun Spore|p1a: Toxapex\n|-status|p1a: Toxapex|par\n|move|p1a: Toxapex|Iron Defense|p1a: Toxapex\n|-boost|p1a: Toxapex|def|2\n|\n|upkeep\n|turn|8\n|\n|t:|1699914140\n|move|p2a: Ribombee|Bug Buzz|p1a: Toxapex\n|-resisted|p1a: Toxapex\n|-damage|p1a: Toxapex|83\/100 par\n|move|p1a: Toxapex|Ice Spinner|p2a: Ribombee\n|-damage|p2a: Ribombee|20\/100\n|\n|-heal|p1a: Toxapex|89\/100 par|[from] item: Leftovers\n|upkeep\n|turn|9\n|inactive|sresx114 has 120 seconds left.\n|\n|t:|1699914156\n|switch|p2a: Gholdengo|Gholdengo|100\/100\n|cant|p1a: Toxapex|par\n|\n|-heal|p1a: Toxapex|96\/100 par|[from] item: Leftovers\n|upkeep\n|turn|10\n|inactive|sresx114 has 120 seconds left.\n|\n|t:|1699914176\n|switch|p1a: Landorus|Landorus-Therian, M|96\/100\n|-ability|p1a: Landorus|Intimidate|boost\n|-unboost|p2a: Gholdengo|atk|1\n|move|p2a: Gholdengo|Shadow Ball|p1a: Landorus\n|-damage|p1a: Landorus|46\/100\n|\n|-heal|p1a: Landorus|52\/100|[from] item: Leftovers\n|upkeep\n|turn|11\n|inactive|sresx114 has 120 seconds left.\n|\n|t:|1699914189\n|switch|p2a: Ribombee|Ribombee, M|20\/100\n|move|p1a: Landorus|Earthquake|p2a: Ribombee\n|-resisted|p2a: Ribombee\n|-damage|p2a: Ribombee|0 fnt\n|faint|p2a: Ribombee\n|\n|-heal|p1a: Landorus|58\/100|[from] item: Leftovers\n|upkeep\n|\n|t:|1699914200\n|switch|p2a: Greninja|Greninja, M|100\/100\n|turn|12\n|\n|t:|1699914209\n|switch|p1a: Toxapex|Toxapex, M|100\/100 par\n|-activate|p1a: Toxapex|move: Sticky Web\n|-unboost|p1a: Toxapex|spe|1\n|move|p2a: Greninja|Surf|p1a: Toxapex\n|-resisted|p1a: Toxapex\n|-damage|p1a: Toxapex|83\/100 par\n|\n|-heal|p1a: Toxapex|89\/100 par|[from] item: Leftovers\n|upkeep\n|turn|13\n|\n|t:|1699914226\n|move|p2a: Greninja|Dark Pulse|p1a: Toxapex\n|-damage|p1a: Toxapex|58\/100 par\n|cant|p1a: Toxapex|flinch\n|\n|-heal|p1a: Toxapex|64\/100 par|[from] item: Leftovers\n|upkeep\n|turn|14\n|\n|t:|1699914234\n|move|p2a: Greninja|Dark Pulse|p1a: Toxapex\n|-damage|p1a: Toxapex|34\/100 par\n|cant|p1a: Toxapex|flinch\n|\n|-heal|p1a: Toxapex|41\/100 par|[from] item: Leftovers\n|upkeep\n|turn|15\n|\n|t:|1699914252\n|switch|p1a: Landorus|Landorus-Therian, M|58\/100\n|-ability|p1a: Landorus|Intimidate|boost\n|-unboost|p2a: Greninja|atk|1\n|move|p2a: Greninja|Dark Pulse|p1a: Landorus\n|-damage|p1a: Landorus|18\/100\n|\n|-heal|p1a: Landorus|24\/100|[from] item: Leftovers\n|upkeep\n|turn|16\n|\n|t:|1699914263\n|move|p1a: Landorus|Protect|p1a: Landorus\n|-singleturn|p1a: Landorus|Protect\n|move|p2a: Greninja|Dark Pulse|p1a: Landorus\n|-activate|p1a: Landorus|move: Protect\n|\n|-heal|p1a: Landorus|30\/100|[from] item: Leftovers\n|upkeep\n|turn|17\n|inactive|sresx114 has 120 seconds left.\n|\n|t:|1699914285\n|move|p2a: Greninja|Dark Pulse|p1a: Landorus\n|-damage|p1a: Landorus|0 fnt\n|faint|p1a: Landorus\n|-ability|p2a: Greninja|Battle Bond|boost\n|-boost|p2a: Greninja|atk|1\n|-boost|p2a: Greninja|spa|1\n|-boost|p2a: Greninja|spe|1\n|-activate|p2a: Greninja|ability: Battle Bond\n|\n|upkeep\n|inactive|sresx114 has 120 seconds left.\n|\n|t:|1699914294\n|switch|p1a: Greninja|Greninja, F|100\/100\n|-activate|p1a: Greninja|move: Sticky Web\n|-unboost|p1a: Greninja|spe|1\n|turn|18\n|\n|t:|1699914304\n|move|p2a: Greninja|Surf|p1a: Greninja\n|-resisted|p1a: Greninja\n|-damage|p1a: Greninja|45\/100\n|move|p1a: Greninja|Gunk Shot|p2a: Greninja\n|-start|p1a: Greninja|typechange|Poison|[from] ability: Protean\n|-damage|p2a: Greninja|37\/100\n|\n|upkeep\n|turn|19\n|\n|t:|1699914320\n|-terastallize|p2a: Greninja|Water\n|move|p2a: Greninja|Surf|p1a: Greninja\n|-damage|p1a: Greninja|0 fnt\n|faint|p1a: Greninja\n|\n|upkeep\n|\n|t:|1699914324\n|switch|p1a: Dragonite|Dragonite, F|100\/100\n|turn|20\n|\n|t:|1699914330\n|move|p2a: Greninja|Water Shuriken|p1a: Dragonite\n|-resisted|p1a: Dragonite\n|-damage|p1a: Dragonite|97\/100\n|-resisted|p1a: Dragonite\n|-damage|p1a: Dragonite|90\/100\n|-resisted|p1a: Dragonite\n|-damage|p1a: Dragonite|83\/100\n|-resisted|p1a: Dragonite\n|-damage|p1a: Dragonite|75\/100\n|-hitcount|p1a: Dragonite|4\n|move|p1a: Dragonite|Dragon Dance|p1a: Dragonite\n|-boost|p1a: Dragonite|atk|1\n|-boost|p1a: Dragonite|spe|1\n|\n|upkeep\n|turn|21\n|\n|t:|1699914342\n|move|p1a: Dragonite|Extreme Speed|p2a: Greninja\n|-damage|p2a: Greninja|0 fnt\n|faint|p2a: Greninja\n|\n|upkeep\n|\n|t:|1699914349\n|switch|p2a: Dragapult|Dragapult, M|100\/100\n|turn|22\n|\n|t:|1699914358\n|-terastallize|p1a: Dragonite|Normal\n|move|p2a: Dragapult|Dragon Darts|p1a: Dragonite\n|-damage|p1a: Dragonite|31\/100\n|-anim|p2a: Dragapult|Dragon Darts|p1a: Dragonite\n|-damage|p1a: Dragonite|0 fnt\n|faint|p1a: Dragonite\n|\n|upkeep\n|\n|t:|1699914365\n|switch|p1a: Kingambit|Kingambit, M|100\/100\n|-activate|p1a: Kingambit|move: Sticky Web\n|-unboost|p1a: Kingambit|spe|1\n|-activate|p1a: Kingambit|ability: Supreme Overlord\n|-start|p1a: Kingambit|fallen4|[silent]\n|turn|23\n|\n|t:|1699914375\n|switch|p2a: Great Tusk|Great Tusk|70\/100\n|move|p1a: Kingambit|Swords Dance|p1a: Kingambit\n|-boost|p1a: Kingambit|atk|2\n|\n|upkeep\n|turn|24\n|\n|t:|1699914383\n|move|p1a: Kingambit|Sucker Punch|p2a: Great Tusk\n|-resisted|p2a: Great Tusk\n|-damage|p2a: Great Tusk|28\/100\n|move|p2a: Great Tusk|Headlong Rush|p1a: Kingambit\n|-supereffective|p1a: Kingambit\n|-damage|p1a: Kingambit|20\/100\n|-unboost|p2a: Great Tusk|def|1\n|-unboost|p2a: Great Tusk|spd|1\n|-enditem|p1a: Kingambit|Iapapa Berry|[eat]\n|-heal|p1a: Kingambit|53\/100|[from] item: Iapapa Berry\n|\n|upkeep\n|turn|25\n|inactive|lord97227 has 120 seconds left.\n|\n|t:|1699914414\n|-end|p2a: Great Tusk|Protosynthesis|[silent]\n|switch|p2a: Dragapult|Dragapult, M|100\/100\n|move|p1a: Kingambit|Sucker Punch||[still]\n|-fail|p1a: Kingambit\n|\n|upkeep\n|turn|26\n|\n|t:|1699914422\n|switch|p2a: Great Tusk|Great Tusk|28\/100\n|move|p1a: Kingambit|Sucker Punch||[still]\n|-fail|p1a: Kingambit\n|\n|upkeep\n|turn|27\n|inactive|lord97227 has 120 seconds left.\n|\n|t:|1699914443\n|move|p1a: Kingambit|Sucker Punch|p2a: Great Tusk\n|-resisted|p2a: Great Tusk\n|-damage|p2a: Great Tusk|0 fnt\n|faint|p2a: Great Tusk\n|-end|p2a: Great Tusk|Protosynthesis|[silent]\n|\n|upkeep\n|\n|t:|1699914451\n|switch|p2a: Dragapult|Dragapult, M|100\/100\n|turn|28\n|inactive|lord97227 has 120 seconds left.\n|\n|t:|1699914456\n|move|p2a: Dragapult|Sucker Punch|p1a: Kingambit\n|-resisted|p1a: Kingambit\n|-damage|p1a: Kingambit|41\/100\n|move|p1a: Kingambit|Sucker Punch||[still]\n|-fail|p1a: Kingambit\n|\n|upkeep\n|turn|29\n|inactive|lord97227 has 120 seconds left.\n|\n|t:|1699914468\n|switch|p2a: Gholdengo|Gholdengo|100\/100\n|move|p1a: Kingambit|Sucker Punch||[still]\n|-fail|p1a: Kingambit\n|\n|upkeep\n|turn|30\n|\n|t:|1699914478\n|move|p2a: Gholdengo|Trick|p1a: Kingambit\n|-activate|p2a: Gholdengo|move: Trick|[of] p1a: Kingambit\n|-item|p1a: Kingambit|Choice Scarf|[from] move: Trick\n|-enditem|p2a: Gholdengo|Choice Scarf|[silent]|[from] move: Trick\n|move|p1a: Kingambit|Kowtow Cleave|p2a: Gholdengo\n|-supereffective|p2a: Gholdengo\n|-damage|p2a: Gholdengo|0 fnt\n|faint|p2a: Gholdengo\n|\n|upkeep\n|inactive|lord97227 has 120 seconds left.\n|\n|t:|1699914488\n|switch|p2a: Ogerpon|Ogerpon, F|100\/100\n|turn|31\n|\n|t:|1699914494\n|move|p2a: Ogerpon|Ivy Cudgel|p1a: Kingambit\n|-resisted|p1a: Kingambit\n|-damage|p1a: Kingambit|13\/100\n|move|p1a: Kingambit|Kowtow Cleave|p2a: Ogerpon\n|-damage|p2a: Ogerpon|0 fnt\n|faint|p2a: Ogerpon\n|\n|upkeep\n|\n|t:|1699914502\n|switch|p2a: Dragapult|Dragapult, M|100\/100\n|turn|32\n|\n|t:|1699914505\n|-end|p1a: Kingambit|fallen4|[silent]\n|switch|p1a: Toxapex|Toxapex, M|74\/100 par\n|-activate|p1a: Toxapex|move: Sticky Web\n|-unboost|p1a: Toxapex|spe|1\n|move|p2a: Dragapult|Dragon Darts|p1a: Toxapex\n|-damage|p1a: Toxapex|43\/100 par\n|-anim|p2a: Dragapult|Dragon Darts|p1a: Toxapex\n|-damage|p1a: Toxapex|16\/100 par\n|\n|-heal|p1a: Toxapex|22\/100 par|[from] item: Leftovers\n|upkeep\n|turn|33\n|\n|t:|1699914517\n|move|p1a: Toxapex|Baneful Bunker|p1a: Toxapex\n|-singleturn|p1a: Toxapex|move: Protect\n|move|p2a: Dragapult|Dragon Darts|p1a: Toxapex\n|-activate|p1a: Toxapex|move: Protect\n|\n|-heal|p1a: Toxapex|29\/100 par|[from] item: Leftovers\n|upkeep\n|turn|34\n|\n|t:|1699914525\n|move|p1a: Toxapex|Baneful Bunker|p1a: Toxapex\n|-singleturn|p1a: Toxapex|move: Protect\n|move|p2a: Dragapult|Dragon Darts|p1a: Toxapex\n|-activate|p1a: Toxapex|move: Protect\n|\n|-heal|p1a: Toxapex|35\/100 par|[from] item: Leftovers\n|upkeep\n|turn|35\n|\n|t:|1699914533\n|move|p2a: Dragapult|Dragon Darts|p1a: Toxapex\n|-damage|p1a: Toxapex|5\/100 par\n|-anim|p2a: Dragapult|Dragon Darts|p1a: Toxapex\n|-damage|p1a: Toxapex|0 fnt\n|faint|p1a: Toxapex\n|\n|upkeep\n|\n|t:|1699914536\n|switch|p1a: Kingambit|Kingambit, M|13\/100\n|-activate|p1a: Kingambit|move: Sticky Web\n|-unboost|p1a: Kingambit|spe|1\n|-activate|p1a: Kingambit|ability: Supreme Overlord\n|-start|p1a: Kingambit|fallen5|[silent]\n|turn|36\n|\n|t:|1699914544\n|move|p1a: Kingambit|Sucker Punch|p2a: Dragapult\n|-supereffective|p2a: Dragapult\n|-damage|p2a: Dragapult|0 fnt\n|faint|p2a: Dragapult\n|\n|win|sresx114\n|raw|sresx114's rating: 1190 &rarr; <strong>1220<\/strong><br \/>(+30 for winning)\n|raw|lord97227's rating: 1261 &rarr; <strong>1231<\/strong><br \/>(-30 for losing)\n|l|\u2606lord97227\n","uploadtime":1699914591,"views":7,"p1id":"sresx114","p2id":"lord97227","formatid":"gen9ou","rating":1220,"private":0,"password":""}