{"id":"gen9ou-1994900611","p1":"Jad923","p2":"PLAYB0I R0BBIE B","format":"[Gen 9] OU","log":"|j|\u2606Jad923\n|j|\u2606PLAYB0I R0BBIE B\n|t:|1700503006\n|gametype|singles\n|player|p1|Jad923|burglar|1203\n|player|p2|PLAYB0I R0BBIE B|eusine|1242\n|teamsize|p1|6\n|teamsize|p2|6\n|gen|9\n|tier|[Gen 9] OU\n|rated|\n|rule|Sleep Clause Mod: Limit one foe put to sleep\n|rule|Species Clause: Limit one of each Pok\u00e9mon\n|rule|OHKO Clause: OHKO moves are banned\n|rule|Evasion Items Clause: Evasion items are banned\n|rule|Evasion Moves Clause: Evasion moves are banned\n|rule|Endless Battle Clause: Forcing endless battles is banned\n|rule|HP Percentage Mod: HP is shown in percentages\n|clearpoke\n|poke|p1|Ninetales-Alola, M|\n|poke|p1|Ogerpon, F|\n|poke|p1|Heatran, M|\n|poke|p1|Great Tusk|\n|poke|p1|Samurott-Hisui, F|\n|poke|p1|Dragapult, F|\n|poke|p2|Meowscarada, F|\n|poke|p2|Thundurus-Therian, M|\n|poke|p2|Dragapult, F|\n|poke|p2|Heatran, F|\n|poke|p2|Great Tusk|\n|poke|p2|Slowking-Galar, F|\n|teampreview\n|inactive|Battle timer is ON: inactive players will automatically lose when time's up. (requested by Jad923)\n|\n|t:|1700503032\n|start\n|switch|p1a: Great Tusk|Great Tusk|100\/100\n|switch|p2a: ASTROTHUNDER|Thundurus-Therian, M|100\/100\n|turn|1\n|\n|t:|1700503037\n|move|p2a: ASTROTHUNDER|Grass Knot|p1a: Great Tusk\n|-supereffective|p1a: Great Tusk\n|-damage|p1a: Great Tusk|0 fnt\n|faint|p1a: Great Tusk\n|-end|p1a: Great Tusk|Protosynthesis|[silent]\n|\n|upkeep\n|\n|t:|1700503042\n|switch|p1a: Ninetales|Ninetales-Alola, M|100\/100\n|-weather|Snow|[from] ability: Snow Warning|[of] p1a: Ninetales\n|turn|2\n|\n|t:|1700503047\n|switch|p2a: 5% TINT|Heatran, F|100\/100\n|-item|p2a: 5% TINT|Air Balloon\n|move|p1a: Ninetales|Aurora Veil|p1a: Ninetales\n|-sidestart|p1: Jad923|move: Aurora Veil\n|\n|-weather|Snow|[upkeep]\n|upkeep\n|turn|3\n|\n|t:|1700503053\n|switch|p1a: Samurott|Samurott-Hisui, F|100\/100\n|move|p2a: 5% TINT|Magma Storm|p1a: Samurott\n|-resisted|p1a: Samurott\n|-damage|p1a: Samurott|81\/100\n|-activate|p1a: Samurott|move: Magma Storm|[of] p2a: 5% TINT\n|\n|-weather|Snow|[upkeep]\n|-damage|p1a: Samurott|68\/100|[from] move: Magma Storm|[partiallytrapped]\n|upkeep\n|turn|4\n|\n|t:|1700503060\n|switch|p2a: SICKO MODE|Meowscarada, F|100\/100\n|move|p1a: Samurott|Razor Shell|p2a: SICKO MODE\n|-resisted|p2a: SICKO MODE\n|-damage|p2a: SICKO MODE|59\/100\n|\n|-weather|Snow|[upkeep]\n|-end|p1a: Samurott|Magma Storm|[partiallytrapped]|[silent]\n|upkeep\n|turn|5\n|\n|t:|1700503070\n|switch|p1a: Dragapult|Dragapult, F|100\/100\n|move|p2a: SICKO MODE|Flower Trick|p1a: Dragapult\n|-start|p2a: SICKO MODE|typechange|Grass|[from] ability: Protean\n|-resisted|p1a: Dragapult\n|-crit|p1a: Dragapult\n|-damage|p1a: Dragapult|44\/100\n|\n|-weather|Snow|[upkeep]\n|upkeep\n|turn|6\n|\n|t:|1700503086\n|switch|p2a: NO BYSTANDERS|Dragapult, F|100\/100\n|move|p1a: Dragapult|Dragon Dance|p1a: Dragapult\n|-boost|p1a: Dragapult|atk|1\n|-boost|p1a: Dragapult|spe|1\n|\n|-weather|none\n|upkeep\n|turn|7\n|\n|t:|1700503104\n|-terastallize|p2a: NO BYSTANDERS|Fairy\n|move|p1a: Dragapult|Dragon Darts|p2a: NO BYSTANDERS\n|-immune|p2a: NO BYSTANDERS\n|move|p2a: NO BYSTANDERS|Hex|p1a: Dragapult\n|-supereffective|p1a: Dragapult\n|-crit|p1a: Dragapult\n|-damage|p1a: Dragapult|0 fnt\n|faint|p1a: Dragapult\n|\n|upkeep\n|\n|t:|1700503112\n|switch|p1a: Heatran|Heatran, M|100\/100\n|turn|8\n|\n|t:|1700503116\n|move|p2a: NO BYSTANDERS|U-turn|p1a: Heatran\n|-resisted|p1a: Heatran\n|-damage|p1a: Heatran|97\/100\n|-damage|p2a: NO BYSTANDERS|84\/100|[from] item: Rocky Helmet|[of] p1a: Heatran\n|\n|t:|1700503121\n|switch|p2a: 5% TINT|Heatran, F|100\/100|[from] U-turn\n|-item|p2a: 5% TINT|Air Balloon\n|move|p1a: Heatran|Magma Storm|p2a: 5% TINT\n|-start|p2a: 5% TINT|ability: Flash Fire\n|\n|upkeep\n|turn|9\n|\n|t:|1700503127\n|switch|p1a: Samurott|Samurott-Hisui, F|68\/100\n|move|p2a: 5% TINT|Magma Storm|p1a: Samurott|[miss]\n|-miss|p2a: 5% TINT|p1a: Samurott\n|\n|-sideend|p1: Jad923|move: Aurora Veil\n|upkeep\n|turn|10\n|\n|t:|1700503134\n|-end|p2a: 5% TINT|ability: Flash Fire|[silent]\n|switch|p2a: NO BYSTANDERS|Dragapult, F, tera:Fairy|84\/100\n|move|p1a: Samurott|Sacred Sword|p2a: NO BYSTANDERS\n|-resisted|p2a: NO BYSTANDERS\n|-damage|p2a: NO BYSTANDERS|54\/100\n|\n|upkeep\n|turn|11\n|\n|t:|1700503142\n|switch|p1a: Heatran|Heatran, M|97\/100\n|move|p2a: NO BYSTANDERS|U-turn|p1a: Heatran\n|-resisted|p1a: Heatran\n|-damage|p1a: Heatran|93\/100\n|-damage|p2a: NO BYSTANDERS|38\/100|[from] item: Rocky Helmet|[of] p1a: Heatran\n|\n|t:|1700503149\n|switch|p2a: SICKO MODE|Meowscarada, F|59\/100|[from] U-turn\n|\n|upkeep\n|turn|12\n|\n|t:|1700503155\n|move|p2a: SICKO MODE|Low Kick|p1a: Heatran\n|-start|p2a: SICKO MODE|typechange|Fighting|[from] ability: Protean\n|-supereffective|p1a: Heatran\n|-damage|p1a: Heatran|0 fnt\n|-damage|p2a: SICKO MODE|42\/100|[from] item: Rocky Helmet|[of] p1a: Heatran\n|faint|p1a: Heatran\n|\n|upkeep\n|\n|t:|1700503161\n|switch|p1a: Ninetales|Ninetales-Alola, M|100\/100\n|-weather|Snow|[from] ability: Snow Warning|[of] p1a: Ninetales\n|turn|13\n|\n|t:|1700503166\n|switch|p2a: 5% TINT|Heatran, F|100\/100\n|-item|p2a: 5% TINT|Air Balloon\n|move|p1a: Ninetales|Moonblast|p2a: 5% TINT\n|-resisted|p2a: 5% TINT\n|-damage|p2a: 5% TINT|94\/100\n|-enditem|p2a: 5% TINT|Air Balloon\n|\n|-weather|Snow|[upkeep]\n|upkeep\n|turn|14\n|\n|t:|1700503171\n|switch|p1a: Samurott|Samurott-Hisui, F|68\/100\n|move|p2a: 5% TINT|Magma Storm|p1a: Samurott|[miss]\n|-miss|p2a: 5% TINT|p1a: Samurott\n|\n|-weather|Snow|[upkeep]\n|upkeep\n|turn|15\n|\n|t:|1700503188\n|switch|p2a: ASTROTHUNDER|Thundurus-Therian, M|100\/100\n|move|p1a: Samurott|Razor Shell|p2a: ASTROTHUNDER\n|-damage|p2a: ASTROTHUNDER|24\/100\n|\n|-weather|Snow|[upkeep]\n|upkeep\n|turn|16\n|\n|t:|1700503196\n|move|p1a: Samurott|Razor Shell|p2a: ASTROTHUNDER\n|-damage|p2a: ASTROTHUNDER|0 fnt\n|faint|p2a: ASTROTHUNDER\n|\n|-weather|Snow|[upkeep]\n|upkeep\n|\n|t:|1700503202\n|switch|p2a: WAKE UP|Slowking-Galar, F|100\/100\n|turn|17\n|\n|t:|1700503209\n|move|p1a: Samurott|Razor Shell|p2a: WAKE UP\n|-damage|p2a: WAKE UP|52\/100\n|move|p2a: WAKE UP|Sludge Bomb|p1a: Samurott\n|-damage|p1a: Samurott|14\/100\n|\n|-weather|none\n|upkeep\n|turn|18\n|\n|t:|1700503216\n|move|p1a: Samurott|Razor Shell|p2a: WAKE UP\n|-damage|p2a: WAKE UP|3\/100\n|move|p2a: WAKE UP|Sludge Bomb|p1a: Samurott\n|-damage|p1a: Samurott|0 fnt\n|faint|p1a: Samurott\n|\n|upkeep\n|\n|t:|1700503220\n|switch|p1a: Ogerpon|Ogerpon, F|100\/100\n|turn|19\n|\n|t:|1700503226\n|move|p1a: Ogerpon|Knock Off|p2a: WAKE UP\n|-supereffective|p2a: WAKE UP\n|-damage|p2a: WAKE UP|0 fnt\n|-enditem|p2a: WAKE UP|Assault Vest|[from] move: Knock Off|[of] p1a: Ogerpon\n|faint|p2a: WAKE UP\n|-damage|p1a: Ogerpon|91\/100|[from] item: Life Orb\n|\n|upkeep\n|\n|t:|1700503228\n|switch|p2a: SICKO MODE|Meowscarada, F|42\/100\n|turn|20\n|\n|t:|1700503236\n|-terastallize|p1a: Ogerpon|Grass\n|detailschange|p1a: Ogerpon|Ogerpon-Teal-Tera, F, tera:Grass\n|-ability|p1a: Ogerpon|Embody Aspect (Teal)|boost\n|-boost|p1a: Ogerpon|spe|1\n|move|p1a: Ogerpon|Ivy Cudgel|p2a: SICKO MODE\n|-resisted|p2a: SICKO MODE\n|-damage|p2a: SICKO MODE|0 fnt\n|faint|p2a: SICKO MODE\n|-damage|p1a: Ogerpon|81\/100|[from] item: Life Orb\n|\n|upkeep\n|\n|t:|1700503242\n|switch|p2a: 5% TINT|Heatran, F|94\/100\n|turn|21\n|\n|t:|1700503247\n|move|p1a: Ogerpon|Knock Off|p2a: 5% TINT\n|-damage|p2a: 5% TINT|67\/100\n|-damage|p1a: Ogerpon|71\/100|[from] item: Life Orb\n|move|p2a: 5% TINT|Magma Storm|p1a: Ogerpon\n|-supereffective|p1a: Ogerpon\n|-damage|p1a: Ogerpon|0 fnt\n|faint|p1a: Ogerpon\n|\n|upkeep\n|\n|t:|1700503251\n|switch|p1a: Ninetales|Ninetales-Alola, M|100\/100\n|-weather|Snow|[from] ability: Snow Warning|[of] p1a: Ninetales\n|turn|22\n|\n|t:|1700503254\n|move|p1a: Ninetales|Aurora Veil|p1a: Ninetales\n|-sidestart|p1: Jad923|move: Aurora Veil\n|move|p2a: 5% TINT|Magma Storm|p1a: Ninetales\n|-supereffective|p1a: Ninetales\n|-damage|p1a: Ninetales|45\/100\n|-activate|p1a: Ninetales|move: Magma Storm|[of] p2a: 5% TINT\n|\n|-weather|Snow|[upkeep]\n|-damage|p1a: Ninetales|32\/100|[from] move: Magma Storm|[partiallytrapped]\n|upkeep\n|turn|23\n|\n|t:|1700503260\n|move|p1a: Ninetales|Moonblast|p2a: 5% TINT\n|-resisted|p2a: 5% TINT\n|-damage|p2a: 5% TINT|61\/100\n|move|p2a: 5% TINT|Magma Storm|p1a: Ninetales|[miss]\n|-miss|p2a: 5% TINT|p1a: Ninetales\n|\n|-weather|Snow|[upkeep]\n|-damage|p1a: Ninetales|20\/100|[from] move: Magma Storm|[partiallytrapped]\n|upkeep\n|turn|24\n|\n|t:|1700503274\n|move|p1a: Ninetales|Moonblast|p2a: 5% TINT\n|-resisted|p2a: 5% TINT\n|-damage|p2a: 5% TINT|54\/100\n|-unboost|p2a: 5% TINT|spa|1\n|move|p2a: 5% TINT|Magma Storm|p1a: Ninetales|[miss]\n|-miss|p2a: 5% TINT|p1a: Ninetales\n|\n|-weather|Snow|[upkeep]\n|-damage|p1a: Ninetales|8\/100|[from] move: Magma Storm|[partiallytrapped]\n|upkeep\n|turn|25\n|\n|t:|1700503283\n|move|p1a: Ninetales|Freeze-Dry|p2a: 5% TINT\n|-resisted|p2a: 5% TINT\n|-damage|p2a: 5% TINT|50\/100\n|move|p2a: 5% TINT|Earth Power|p1a: Ninetales\n|-damage|p1a: Ninetales|0 fnt\n|faint|p1a: Ninetales\n|\n|win|PLAYB0I R0BBIE B\n|raw|Jad923's rating: 1203 &rarr; <strong>1181<\/strong><br \/>(-22 for losing)\n|raw|PLAYB0I R0BBIE B's rating: 1242 &rarr; <strong>1264<\/strong><br \/>(+22 for winning)\n","uploadtime":1700503287,"views":7,"p1id":"jad923","p2id":"playb0ir0bbieb","formatid":"gen9ou","rating":1181,"private":0,"password":""}