{"id":"gen9ou-1996489853","p1":"shando.430","p2":"Maneloskiop","format":"[Gen 9] OU","log":"|j|\u2606shando.430\n|j|\u2606Maneloskiop\n|t:|1700687033\n|gametype|singles\n|player|p1|shando.430|1|1220\n|player|p2|Maneloskiop|265|1261\n|teamsize|p1|6\n|teamsize|p2|6\n|gen|9\n|tier|[Gen 9] OU\n|rated|\n|rule|Sleep Clause Mod: Limit one foe put to sleep\n|rule|Species Clause: Limit one of each Pok\u00e9mon\n|rule|OHKO Clause: OHKO moves are banned\n|rule|Evasion Items Clause: Evasion items are banned\n|rule|Evasion Moves Clause: Evasion moves are banned\n|rule|Endless Battle Clause: Forcing endless battles is banned\n|rule|HP Percentage Mod: HP is shown in percentages\n|clearpoke\n|poke|p1|Weavile, M|\n|poke|p1|Weezing-Galar, F|\n|poke|p1|Alomomola, M|\n|poke|p1|Ting-Lu|\n|poke|p1|Corviknight, M|\n|poke|p1|Dondozo, M|\n|poke|p2|Kingambit, F|\n|poke|p2|Ceruledge, F|\n|poke|p2|Conkeldurr, F|\n|poke|p2|Dragonite, M|\n|poke|p2|Cinderace, F|\n|poke|p2|Slowking-Galar, M|\n|teampreview\n|inactive|Battle timer is ON: inactive players will automatically lose when time's up. (requested by Maneloskiop)\n|inactive|shando.430 also wants the timer to be on.\n|\n|t:|1700687049\n|start\n|switch|p1a: Ting-Lu|Ting-Lu|100\/100\n|switch|p2a: Conkeldurr|Conkeldurr, F|100\/100\n|-ability|p1a: Ting-Lu|Vessel of Ruin\n|turn|1\n|\n|t:|1700687059\n|switch|p1a: Weezing|Weezing-Galar, F|100\/100\n|-ability|p1a: Weezing|Neutralizing Gas\n|move|p2a: Conkeldurr|Drain Punch|p1a: Weezing\n|-resisted|p1a: Weezing\n|-damage|p1a: Weezing|93\/100\n|\n|upkeep\n|turn|2\n|\n|t:|1700687071\n|switch|p2a: Kingambit|Kingambit, F|100\/100\n|-item|p2a: Kingambit|Air Balloon\n|move|p1a: Weezing|Sludge Bomb|p2a: Kingambit\n|-immune|p2a: Kingambit\n|\n|upkeep\n|turn|3\n|\n|t:|1700687080\n|-end|p1a: Weezing|ability: Neutralizing Gas\n|switch|p1a: Corviknight|Corviknight, M|100\/100\n|-ability|p1a: Corviknight|Pressure\n|move|p2a: Kingambit|Swords Dance|p2a: Kingambit\n|-boost|p2a: Kingambit|atk|2\n|\n|upkeep\n|turn|4\n|\n|t:|1700687087\n|move|p1a: Corviknight|Iron Defense|p1a: Corviknight\n|-boost|p1a: Corviknight|def|2\n|move|p2a: Kingambit|Iron Head|p1a: Corviknight\n|-resisted|p1a: Corviknight\n|-damage|p1a: Corviknight|86\/100\n|-damage|p2a: Kingambit|84\/100|[from] item: Rocky Helmet|[of] p1a: Corviknight\n|\n|upkeep\n|turn|5\n|\n|t:|1700687095\n|-end|p2a: Kingambit|fallenundefined|[silent]\n|switch|p2a: Ceruledge|Ceruledge, F|100\/100\n|move|p1a: Corviknight|Body Press|p2a: Ceruledge\n|-immune|p2a: Ceruledge\n|\n|upkeep\n|turn|6\n|\n|t:|1700687102\n|switch|p1a: Dondozo|Dondozo, M|100\/100\n|move|p2a: Ceruledge|Swords Dance|p2a: Ceruledge\n|-boost|p2a: Ceruledge|atk|2\n|\n|upkeep\n|turn|7\n|\n|t:|1700687111\n|move|p2a: Ceruledge|Poltergeist|p1a: Dondozo|[miss]\n|-miss|p2a: Ceruledge|p1a: Dondozo\n|move|p1a: Dondozo|Curse|p1a: Dondozo\n|-unboost|p1a: Dondozo|spe|1\n|-boost|p1a: Dondozo|atk|1\n|-boost|p1a: Dondozo|def|1\n|\n|upkeep\n|turn|8\n|\n|t:|1700687114\n|move|p2a: Ceruledge|Poltergeist|p1a: Dondozo\n|-activate|p1a: Dondozo|move: Poltergeist|Covert Cloak\n|-damage|p1a: Dondozo|79\/100\n|move|p1a: Dondozo|Earthquake|p2a: Ceruledge\n|-supereffective|p2a: Ceruledge\n|-enditem|p2a: Ceruledge|Focus Sash\n|-damage|p2a: Ceruledge|1\/100\n|-ability|p2a: Ceruledge|Weak Armor|boost\n|-unboost|p2a: Ceruledge|def|1\n|-boost|p2a: Ceruledge|spe|2\n|\n|upkeep\n|turn|9\n|\n|t:|1700687121\n|move|p2a: Ceruledge|Destiny Bond|p2a: Ceruledge\n|-singlemove|p2a: Ceruledge|Destiny Bond\n|move|p1a: Dondozo|Earthquake|p2a: Ceruledge\n|-supereffective|p2a: Ceruledge\n|-damage|p2a: Ceruledge|0 fnt\n|faint|p2a: Ceruledge\n|-activate|p2a: Ceruledge|move: Destiny Bond\n|faint|p1a: Dondozo\n|\n|upkeep\n|\n|t:|1700687137\n|switch|p2a: Conkeldurr|Conkeldurr, F|100\/100\n|switch|p1a: Weavile|Weavile, M|100\/100\n|-ability|p1a: Weavile|Pressure\n|turn|10\n|\n|t:|1700687148\n|switch|p1a: Weezing|Weezing-Galar, F|93\/100\n|-ability|p1a: Weezing|Neutralizing Gas\n|move|p2a: Conkeldurr|Fire Punch|p1a: Weezing\n|-damage|p1a: Weezing|72\/100\n|-status|p1a: Weezing|brn\n|\n|-damage|p1a: Weezing|66\/100 brn|[from] brn\n|upkeep\n|turn|11\n|\n|t:|1700687168\n|switch|p2a: Slowking|Slowking-Galar, M|100\/100\n|move|p1a: Weezing|Sludge Bomb|p2a: Slowking\n|-resisted|p2a: Slowking\n|-damage|p2a: Slowking|93\/100\n|\n|-damage|p1a: Weezing|60\/100 brn|[from] brn\n|upkeep\n|turn|12\n|\n|t:|1700687173\n|move|p1a: Weezing|Will-O-Wisp|p2a: Slowking\n|-status|p2a: Slowking|brn\n|move|p2a: Slowking|Future Sight|p1a: Weezing\n|-start|p2a: Slowking|move: Future Sight\n|\n|-damage|p1a: Weezing|54\/100 brn|[from] brn\n|-damage|p2a: Slowking|87\/100 brn|[from] brn\n|upkeep\n|turn|13\n|\n|t:|1700687180\n|move|p1a: Weezing|Pain Split|p2a: Slowking\n|-sethp|p2a: Slowking|66\/100 brn|[from] move: Pain Split|[silent]\n|-sethp|p1a: Weezing|78\/100 brn|[from] move: Pain Split\n|move|p2a: Slowking|Chilly Reception|p2a: Slowking\n|-weather|Snow\n|\n|t:|1700687187\n|switch|p2a: Dragonite|Dragonite, M|100\/100|[from] Chilly Reception\n|\n|-weather|Snow|[upkeep]\n|-damage|p1a: Weezing|72\/100 brn|[from] brn\n|upkeep\n|turn|14\n|\n|t:|1700687199\n|-end|p1a: Weezing|ability: Neutralizing Gas\n|switch|p1a: Weavile|Weavile, M|100\/100\n|-ability|p1a: Weavile|Pressure\n|move|p2a: Dragonite|Encore||[still]\n|-fail|p2a: Dragonite\n|\n|-weather|Snow|[upkeep]\n|-end|p1a: Weavile|move: Future Sight\n|-immune|p1a: Weavile\n|upkeep\n|turn|15\n|inactive|Maneloskiop has 120 seconds left.\n|\n|t:|1700687240\n|move|p2a: Dragonite|Extreme Speed|p1a: Weavile\n|-damage|p1a: Weavile|70\/100\n|move|p1a: Weavile|Knock Off|p2a: Dragonite\n|-damage|p2a: Dragonite|78\/100\n|-enditem|p2a: Dragonite|Heavy-Duty Boots|[from] move: Knock Off|[of] p1a: Weavile\n|\n|-weather|Snow|[upkeep]\n|-heal|p1a: Weavile|77\/100|[from] item: Leftovers\n|upkeep\n|turn|16\n|\n|t:|1700687251\n|switch|p2a: Cinderace|Cinderace, F|100\/100\n|move|p1a: Weavile|Poison Jab|p2a: Cinderace\n|-damage|p2a: Cinderace|71\/100\n|\n|-weather|Snow|[upkeep]\n|-heal|p1a: Weavile|83\/100|[from] item: Leftovers\n|upkeep\n|turn|17\n|\n|t:|1700687263\n|move|p1a: Weavile|Substitute|p1a: Weavile\n|-start|p1a: Weavile|Substitute\n|-damage|p1a: Weavile|58\/100\n|move|p2a: Cinderace|Pyro Ball|p1a: Weavile\n|-supereffective|p1a: Weavile\n|-end|p1a: Weavile|Substitute\n|\n|-weather|none\n|-heal|p1a: Weavile|64\/100|[from] item: Leftovers\n|upkeep\n|turn|18\n|\n|t:|1700687279\n|switch|p1a: Alomomola|Alomomola, M|100\/100\n|move|p2a: Cinderace|Pyro Ball|p1a: Alomomola\n|-resisted|p1a: Alomomola\n|-damage|p1a: Alomomola|84\/100\n|-enditem|p1a: Alomomola|Red Card|[of] p2a: Cinderace\n|drag|p2a: Dragonite|Dragonite, M|78\/100\n|\n|upkeep\n|turn|19\n|\n|t:|1700687289\n|move|p2a: Dragonite|Dragon Dance|p2a: Dragonite\n|-boost|p2a: Dragonite|atk|1\n|-boost|p2a: Dragonite|spe|1\n|move|p1a: Alomomola|Wish|p1a: Alomomola\n|\n|upkeep\n|turn|20\n|\n|t:|1700687292\n|move|p2a: Dragonite|Dragon Dance|p2a: Dragonite\n|-boost|p2a: Dragonite|atk|1\n|-boost|p2a: Dragonite|spe|1\n|move|p1a: Alomomola|Flip Turn|p2a: Dragonite\n|-resisted|p2a: Dragonite\n|-damage|p2a: Dragonite|70\/100\n|inactive|shando.430 has 120 seconds left.\n|inactive|shando.430 has 90 seconds left.\n|\n|t:|1700687367\n|switch|p1a: Weezing|Weezing-Galar, F|72\/100 brn|[from] Flip Turn\n|-ability|p1a: Weezing|Neutralizing Gas\n|\n|-heal|p1a: Weezing|100\/100 brn|[from] move: Wish|[wisher] Alomomola\n|-damage|p1a: Weezing|95\/100 brn|[from] brn\n|upkeep\n|turn|21\n|\n|t:|1700687379\n|-terastallize|p1a: Weezing|Grass\n|move|p2a: Dragonite|Earthquake|p1a: Weezing\n|-resisted|p1a: Weezing\n|-damage|p1a: Weezing|69\/100 brn\n|move|p1a: Weezing|Will-O-Wisp|p2a: Dragonite\n|-status|p2a: Dragonite|brn\n|\n|-damage|p2a: Dragonite|63\/100 brn|[from] brn\n|-damage|p1a: Weezing|63\/100 brn|[from] brn\n|upkeep\n|turn|22\n|inactive|shando.430 has 90 seconds left.\n|\n|t:|1700687396\n|switch|p2a: Cinderace|Cinderace, F|71\/100\n|-end|p1a: Weezing|ability: Neutralizing Gas\n|switch|p1a: Corviknight|Corviknight, M|86\/100\n|-ability|p1a: Corviknight|Pressure\n|\n|upkeep\n|turn|23\n|inactive|shando.430 has 90 seconds left.\n|\n|t:|1700687402\n|switch|p1a: Alomomola|Alomomola, M|100\/100\n|move|p2a: Cinderace|Pyro Ball|p1a: Alomomola\n|-resisted|p1a: Alomomola\n|-damage|p1a: Alomomola|82\/100\n|\n|upkeep\n|turn|24\n|\n|t:|1700687409\n|move|p2a: Cinderace|High Jump Kick|p1a: Alomomola\n|-start|p2a: Cinderace|typechange|Fighting|[from] ability: Libero\n|-damage|p1a: Alomomola|45\/100\n|move|p1a: Alomomola|Wish|p1a: Alomomola\n|\n|upkeep\n|turn|25\n|\n|t:|1700687416\n|move|p2a: Cinderace|Pyro Ball|p1a: Alomomola\n|-resisted|p1a: Alomomola\n|-damage|p1a: Alomomola|34\/100\n|move|p1a: Alomomola|Flip Turn|p2a: Cinderace\n|-damage|p2a: Cinderace|48\/100\n|\n|t:|1700687427\n|switch|p1a: Weezing|Weezing-Galar, F, tera:Grass|63\/100 brn|[from] Flip Turn\n|-ability|p1a: Weezing|Neutralizing Gas\n|\n|-heal|p1a: Weezing|100\/100 brn|[from] move: Wish|[wisher] Alomomola\n|-damage|p1a: Weezing|95\/100 brn|[from] brn\n|upkeep\n|turn|26\n|\n|t:|1700687431\n|move|p2a: Cinderace|Pyro Ball|p1a: Weezing|[miss]\n|-miss|p2a: Cinderace|p1a: Weezing\n|move|p1a: Weezing|Sludge Bomb|p2a: Cinderace\n|-damage|p2a: Cinderace|12\/100\n|\n|-damage|p1a: Weezing|89\/100 brn|[from] brn\n|upkeep\n|turn|27\n|\n|t:|1700687436\n|-end|p1a: Weezing|ability: Neutralizing Gas\n|switch|p1a: Alomomola|Alomomola, M|67\/100\n|move|p2a: Cinderace|Pyro Ball|p1a: Alomomola|[miss]\n|-miss|p2a: Cinderace|p1a: Alomomola\n|\n|upkeep\n|turn|28\n|c|\u2606Maneloskiop|luck is going xrazy\n|\n|t:|1700687451\n|switch|p2a: Slowking|Slowking-Galar, M|66\/100 brn\n|move|p1a: Alomomola|Wish|p1a: Alomomola\n|\n|-damage|p2a: Slowking|60\/100 brn|[from] brn\n|upkeep\n|turn|29\n|\n|t:|1700687456\n|move|p1a: Alomomola|Flip Turn|p2a: Slowking\n|-crit|p2a: Slowking\n|-damage|p2a: Slowking|36\/100 brn\n|\n|t:|1700687462\n|switch|p1a: Weavile|Weavile, M|64\/100|[from] Flip Turn\n|-ability|p1a: Weavile|Pressure\n|move|p2a: Slowking|Chilly Reception|p2a: Slowking\n|-weather|Snow\n|\n|t:|1700687465\n|switch|p2a: Conkeldurr|Conkeldurr, F|100\/100|[from] Chilly Reception\n|\n|-weather|Snow|[upkeep]\n|-heal|p1a: Weavile|100\/100|[from] move: Wish|[wisher] Alomomola\n|upkeep\n|turn|30\n|\n|t:|1700687478\n|switch|p1a: Weezing|Weezing-Galar, F, tera:Grass|89\/100 brn\n|-ability|p1a: Weezing|Neutralizing Gas\n|move|p2a: Conkeldurr|Mach Punch|p1a: Weezing\n|-damage|p1a: Weezing|72\/100 brn\n|\n|-weather|Snow|[upkeep]\n|-damage|p1a: Weezing|66\/100 brn|[from] brn\n|upkeep\n|turn|31\n|\n|t:|1700687493\n|-terastallize|p2a: Conkeldurr|Fire\n|move|p1a: Weezing|Sludge Bomb|p2a: Conkeldurr\n|-damage|p2a: Conkeldurr|79\/100\n|move|p2a: Conkeldurr|Fire Punch|p1a: Weezing\n|-supereffective|p1a: Weezing\n|-damage|p1a: Weezing|9\/100 brn\n|\n|-weather|Snow|[upkeep]\n|-damage|p1a: Weezing|3\/100 brn|[from] brn\n|upkeep\n|turn|32\n|\n|t:|1700687499\n|-end|p1a: Weezing|ability: Neutralizing Gas\n|switch|p1a: Alomomola|Alomomola, M|99\/100\n|move|p2a: Conkeldurr|Mach Punch|p1a: Alomomola\n|-damage|p1a: Alomomola|82\/100\n|\n|-weather|Snow|[upkeep]\n|upkeep\n|turn|33\n|\n|t:|1700687511\n|move|p2a: Conkeldurr|Drain Punch|p1a: Alomomola\n|-damage|p1a: Alomomola|48\/100\n|-heal|p2a: Conkeldurr|99\/100|[from] drain|[of] p1a: Alomomola\n|move|p1a: Alomomola|Wish|p1a: Alomomola\n|\n|-weather|none\n|upkeep\n|turn|34\n|\n|t:|1700687521\n|switch|p2a: Cinderace|Cinderace, F|12\/100\n|move|p1a: Alomomola|Protect||[still]\n|-fail|p1a: Alomomola\n|\n|-heal|p1a: Alomomola|98\/100|[from] move: Wish|[wisher] Alomomola\n|upkeep\n|turn|35\n|\n|t:|1700687529\n|move|p2a: Cinderace|High Jump Kick|p1a: Alomomola\n|-start|p2a: Cinderace|typechange|Fighting|[from] ability: Libero\n|-damage|p1a: Alomomola|59\/100\n|move|p1a: Alomomola|Wish|p1a: Alomomola\n|\n|upkeep\n|turn|36\n|\n|t:|1700687534\n|switch|p2a: Kingambit|Kingambit, F|84\/100\n|-activate|p2a: Kingambit|ability: Supreme Overlord\n|-start|p2a: Kingambit|fallen1|[silent]\n|-item|p2a: Kingambit|Air Balloon\n|move|p1a: Alomomola|Flip Turn|p2a: Kingambit\n|-damage|p2a: Kingambit|72\/100\n|-enditem|p2a: Kingambit|Air Balloon\n|\n|t:|1700687538\n|switch|p1a: Weezing|Weezing-Galar, F, tera:Grass|3\/100 brn|[from] Flip Turn\n|-ability|p1a: Weezing|Neutralizing Gas\n|\n|-heal|p1a: Weezing|74\/100 brn|[from] move: Wish|[wisher] Alomomola\n|-damage|p1a: Weezing|68\/100 brn|[from] brn\n|upkeep\n|turn|37\n|\n|t:|1700687552\n|-end|p1a: Weezing|ability: Neutralizing Gas\n|-activate|p2a: Kingambit|ability: Supreme Overlord\n|-start|p2a: Kingambit|fallen1|[silent]\n|switch|p1a: Ting-Lu|Ting-Lu|100\/100\n|-ability|p1a: Ting-Lu|Vessel of Ruin\n|-end|p2a: Kingambit|fallen1|[silent]\n|switch|p2a: Slowking|Slowking-Galar, M|69\/100 brn\n|\n|-damage|p2a: Slowking|63\/100 brn|[from] brn\n|upkeep\n|turn|38\n|\n|t:|1700687557\n|switch|p2a: Dragonite|Dragonite, M|63\/100 brn\n|move|p1a: Ting-Lu|Stealth Rock|p2a: Dragonite\n|-sidestart|p2: Maneloskiop|move: Stealth Rock\n|\n|-damage|p2a: Dragonite|57\/100 brn|[from] brn\n|upkeep\n|turn|39\n|\n|t:|1700687566\n|move|p2a: Dragonite|Extreme Speed|p1a: Ting-Lu\n|-damage|p1a: Ting-Lu|91\/100\n|move|p1a: Ting-Lu|Spikes|p2a: Dragonite\n|-sidestart|p2: Maneloskiop|Spikes\n|\n|-heal|p1a: Ting-Lu|98\/100|[from] item: Leftovers\n|-damage|p2a: Dragonite|51\/100 brn|[from] brn\n|upkeep\n|turn|40\n|\n|t:|1700687579\n|switch|p2a: Cinderace|Cinderace, F|12\/100\n|switch|p1a: Alomomola|Alomomola, M|92\/100\n|\n|upkeep\n|turn|41\n|\n|t:|1700687582\n|move|p2a: Cinderace|Court Change|p2a: Cinderace\n|-start|p2a: Cinderace|typechange|Normal|[from] ability: Libero\n|-swapsideconditions\n|-activate|p2a: Cinderace|move: Court Change\n|move|p1a: Alomomola|Flip Turn|p2a: Cinderace\n|-damage|p2a: Cinderace|0 fnt\n|faint|p2a: Cinderace\n|inactive|shando.430 has 120 seconds left.\n|\n|t:|1700687614\n|switch|p1a: Corviknight|Corviknight, M|86\/100|[from] Flip Turn\n|-damage|p1a: Corviknight|73\/100|[from] Stealth Rock\n|-ability|p1a: Corviknight|Pressure\n|\n|upkeep\n|\n|t:|1700687622\n|switch|p2a: Conkeldurr|Conkeldurr, F, tera:Fire|99\/100\n|turn|42\n|\n|t:|1700687633\n|move|p1a: Corviknight|Roost|p1a: Corviknight\n|-heal|p1a: Corviknight|100\/100\n|-singleturn|p1a: Corviknight|move: Roost\n|move|p2a: Conkeldurr|Fire Punch|p1a: Corviknight\n|-supereffective|p1a: Corviknight\n|-damage|p1a: Corviknight|31\/100\n|-damage|p2a: Conkeldurr|84\/100|[from] item: Rocky Helmet|[of] p1a: Corviknight\n|\n|upkeep\n|turn|43\n|\n|t:|1700687637\n|switch|p1a: Alomomola|Alomomola, M|100\/100\n|-damage|p1a: Alomomola|88\/100|[from] Stealth Rock\n|-damage|p1a: Alomomola|76\/100|[from] Spikes\n|move|p2a: Conkeldurr|Drain Punch|p1a: Alomomola\n|-damage|p1a: Alomomola|42\/100\n|-heal|p2a: Conkeldurr|100\/100|[from] drain|[of] p1a: Alomomola\n|\n|upkeep\n|turn|44\n|\n|t:|1700687643\n|move|p1a: Alomomola|Protect|p1a: Alomomola\n|-singleturn|p1a: Alomomola|Protect\n|move|p2a: Conkeldurr|Drain Punch|p1a: Alomomola\n|-activate|p1a: Alomomola|move: Protect\n|\n|upkeep\n|turn|45\n|\n|t:|1700687647\n|move|p2a: Conkeldurr|Drain Punch|p1a: Alomomola\n|-damage|p1a: Alomomola|8\/100\n|move|p1a: Alomomola|Wish|p1a: Alomomola\n|\n|upkeep\n|turn|46\n|\n|t:|1700687653\n|switch|p2a: Kingambit|Kingambit, F|72\/100\n|-activate|p2a: Kingambit|ability: Supreme Overlord\n|-start|p2a: Kingambit|fallen2|[silent]\n|move|p1a: Alomomola|Protect||[still]\n|-fail|p1a: Alomomola\n|\n|-heal|p1a: Alomomola|58\/100|[from] move: Wish|[wisher] Alomomola\n|upkeep\n|turn|47\n|\n|t:|1700687660\n|move|p2a: Kingambit|Swords Dance|p2a: Kingambit\n|-boost|p2a: Kingambit|atk|2\n|move|p1a: Alomomola|Wish|p1a: Alomomola\n|\n|upkeep\n|turn|48\n|\n|t:|1700687664\n|move|p2a: Kingambit|Swords Dance|p2a: Kingambit\n|-boost|p2a: Kingambit|atk|2\n|move|p1a: Alomomola|Flip Turn|p2a: Kingambit\n|-damage|p2a: Kingambit|59\/100\n|\n|t:|1700687676\n|switch|p1a: Corviknight|Corviknight, M|31\/100|[from] Flip Turn\n|-damage|p1a: Corviknight|19\/100|[from] Stealth Rock\n|-ability|p1a: Corviknight|Pressure\n|\n|-heal|p1a: Corviknight|82\/100|[from] move: Wish|[wisher] Alomomola\n|upkeep\n|turn|49\n|\n|t:|1700687681\n|move|p1a: Corviknight|Iron Defense|p1a: Corviknight\n|-boost|p1a: Corviknight|def|2\n|move|p2a: Kingambit|Low Kick|p1a: Corviknight\n|-damage|p1a: Corviknight|46\/100\n|-damage|p2a: Kingambit|43\/100|[from] item: Rocky Helmet|[of] p1a: Corviknight\n|\n|upkeep\n|turn|50\n|\n|t:|1700687686\n|-end|p2a: Kingambit|fallen2|[silent]\n|switch|p2a: Slowking|Slowking-Galar, M|96\/100 brn\n|move|p1a: Corviknight|Roost|p1a: Corviknight\n|-heal|p1a: Corviknight|96\/100\n|-singleturn|p1a: Corviknight|move: Roost\n|\n|-damage|p2a: Slowking|90\/100 brn|[from] brn\n|upkeep\n|turn|51\n|\n|t:|1700687697\n|switch|p1a: Alomomola|Alomomola, M|91\/100\n|-damage|p1a: Alomomola|79\/100|[from] Stealth Rock\n|-damage|p1a: Alomomola|66\/100|[from] Spikes\n|move|p2a: Slowking|Ice Beam|p1a: Alomomola\n|-resisted|p1a: Alomomola\n|-damage|p1a: Alomomola|56\/100\n|\n|-damage|p2a: Slowking|84\/100 brn|[from] brn\n|upkeep\n|turn|52\n|\n|t:|1700687708\n|move|p1a: Alomomola|Wish|p1a: Alomomola\n|move|p2a: Slowking|Future Sight|p1a: Alomomola\n|-start|p2a: Slowking|move: Future Sight\n|\n|-damage|p2a: Slowking|78\/100 brn|[from] brn\n|upkeep\n|turn|53\n|\n|t:|1700687718\n|move|p1a: Alomomola|Wish||[still]\n|-fail|p1a: Alomomola\n|move|p2a: Slowking|Chilly Reception|p2a: Slowking\n|-weather|Snow\n|\n|t:|1700687721\n|switch|p2a: Conkeldurr|Conkeldurr, F, tera:Fire|100\/100|[from] Chilly Reception\n|\n|-weather|Snow|[upkeep]\n|-heal|p1a: Alomomola|100\/100|[from] move: Wish|[wisher] Alomomola\n|upkeep\n|turn|54\n|\n|t:|1700687726\n|move|p2a: Conkeldurr|Drain Punch|p1a: Alomomola\n|-damage|p1a: Alomomola|70\/100\n|move|p1a: Alomomola|Wish|p1a: Alomomola\n|\n|-weather|Snow|[upkeep]\n|-end|p1a: Alomomola|move: Future Sight\n|-damage|p1a: Alomomola|33\/100\n|upkeep\n|turn|55\n|\n|t:|1700687732\n|move|p1a: Alomomola|Protect|p1a: Alomomola\n|-singleturn|p1a: Alomomola|Protect\n|move|p2a: Conkeldurr|Drain Punch|p1a: Alomomola\n|-activate|p1a: Alomomola|move: Protect\n|\n|-weather|Snow|[upkeep]\n|-heal|p1a: Alomomola|83\/100|[from] move: Wish|[wisher] Alomomola\n|upkeep\n|turn|56\n|\n|t:|1700687734\n|move|p2a: Conkeldurr|Drain Punch|p1a: Alomomola\n|-damage|p1a: Alomomola|49\/100\n|move|p1a: Alomomola|Wish|p1a: Alomomola\n|\n|-weather|Snow|[upkeep]\n|upkeep\n|turn|57\n|\n|t:|1700687744\n|move|p2a: Conkeldurr|Fire Punch|p1a: Alomomola\n|-resisted|p1a: Alomomola\n|-damage|p1a: Alomomola|32\/100\n|move|p1a: Alomomola|Acrobatics|p2a: Conkeldurr\n|-damage|p2a: Conkeldurr|83\/100\n|\n|-weather|none\n|-heal|p1a: Alomomola|82\/100|[from] move: Wish|[wisher] Alomomola\n|upkeep\n|turn|58\n|\n|t:|1700687750\n|move|p2a: Conkeldurr|Drain Punch|p1a: Alomomola\n|-damage|p1a: Alomomola|50\/100\n|-heal|p2a: Conkeldurr|100\/100|[from] drain|[of] p1a: Alomomola\n|move|p1a: Alomomola|Wish|p1a: Alomomola\n|\n|upkeep\n|turn|59\n|\n|t:|1700687756\n|switch|p2a: Kingambit|Kingambit, F|43\/100\n|-activate|p2a: Kingambit|ability: Supreme Overlord\n|-start|p2a: Kingambit|fallen2|[silent]\n|move|p1a: Alomomola|Protect||[still]\n|-fail|p1a: Alomomola\n|\n|-heal|p1a: Alomomola|99\/100|[from] move: Wish|[wisher] Alomomola\n|upkeep\n|turn|60\n|\n|t:|1700687761\n|move|p2a: Kingambit|Iron Head|p1a: Alomomola\n|-resisted|p1a: Alomomola\n|-damage|p1a: Alomomola|83\/100\n|move|p1a: Alomomola|Flip Turn|p2a: Kingambit\n|-damage|p2a: Kingambit|32\/100\n|\n|t:|1700687767\n|switch|p1a: Ting-Lu|Ting-Lu|98\/100|[from] Flip Turn\n|-damage|p1a: Ting-Lu|91\/100|[from] Stealth Rock\n|-damage|p1a: Ting-Lu|79\/100|[from] Spikes\n|-ability|p1a: Ting-Lu|Vessel of Ruin\n|\n|-heal|p1a: Ting-Lu|85\/100|[from] item: Leftovers\n|upkeep\n|turn|61\n|\n|t:|1700687772\n|move|p2a: Kingambit|Low Kick|p1a: Ting-Lu\n|-supereffective|p1a: Ting-Lu\n|-damage|p1a: Ting-Lu|28\/100\n|move|p1a: Ting-Lu|Stealth Rock|p2a: Kingambit\n|-sidestart|p2: Maneloskiop|move: Stealth Rock\n|\n|-heal|p1a: Ting-Lu|35\/100|[from] item: Leftovers\n|upkeep\n|turn|62\n|\n|t:|1700687777\n|switch|p1a: Corviknight|Corviknight, M|96\/100\n|-damage|p1a: Corviknight|84\/100|[from] Stealth Rock\n|-ability|p1a: Corviknight|Pressure\n|move|p2a: Kingambit|Low Kick|p1a: Corviknight\n|-damage|p1a: Corviknight|59\/100\n|-damage|p2a: Kingambit|15\/100|[from] item: Rocky Helmet|[of] p1a: Corviknight\n|\n|upkeep\n|turn|63\n|\n|t:|1700687785\n|-end|p2a: Kingambit|fallen2|[silent]\n|switch|p2a: Conkeldurr|Conkeldurr, F, tera:Fire|100\/100\n|-damage|p2a: Conkeldurr|76\/100|[from] Stealth Rock\n|move|p1a: Corviknight|Roost|p1a: Corviknight\n|-heal|p1a: Corviknight|100\/100\n|-singleturn|p1a: Corviknight|move: Roost\n|\n|upkeep\n|turn|64\n|\n|t:|1700687790\n|move|p1a: Corviknight|Iron Defense|p1a: Corviknight\n|-boost|p1a: Corviknight|def|2\n|move|p2a: Conkeldurr|Drain Punch|p1a: Corviknight\n|-damage|p1a: Corviknight|82\/100\n|-heal|p2a: Conkeldurr|84\/100|[from] drain|[of] p1a: Corviknight\n|-damage|p2a: Conkeldurr|68\/100|[from] item: Rocky Helmet|[of] p1a: Corviknight\n|\n|upkeep\n|turn|65\n|\n|t:|1700687793\n|move|p1a: Corviknight|Iron Defense|p1a: Corviknight\n|-boost|p1a: Corviknight|def|2\n|move|p2a: Conkeldurr|Fire Punch|p1a: Corviknight\n|-supereffective|p1a: Corviknight\n|-damage|p1a: Corviknight|59\/100\n|-damage|p2a: Conkeldurr|51\/100|[from] item: Rocky Helmet|[of] p1a: Corviknight\n|\n|upkeep\n|turn|66\n|\n|t:|1700687800\n|switch|p2a: Slowking|Slowking-Galar, M|100\/100 brn\n|move|p1a: Corviknight|Iron Defense|p1a: Corviknight\n|-boost|p1a: Corviknight|def|2\n|\n|-damage|p2a: Slowking|94\/100 brn|[from] brn\n|upkeep\n|turn|67\n|\n|t:|1700687807\n|move|p1a: Corviknight|Roost|p1a: Corviknight\n|-heal|p1a: Corviknight|100\/100\n|-singleturn|p1a: Corviknight|move: Roost\n|move|p2a: Slowking|Ice Beam|p1a: Corviknight\n|-resisted|p1a: Corviknight\n|-damage|p1a: Corviknight|89\/100\n|\n|-damage|p2a: Slowking|88\/100 brn|[from] brn\n|upkeep\n|turn|68\n|\n|t:|1700687814\n|switch|p1a: Weavile|Weavile, M|100\/100\n|-damage|p1a: Weavile|76\/100|[from] Stealth Rock\n|-damage|p1a: Weavile|63\/100|[from] Spikes\n|-ability|p1a: Weavile|Pressure\n|move|p2a: Slowking|Ice Beam|p1a: Weavile\n|-resisted|p1a: Weavile\n|-damage|p1a: Weavile|51\/100\n|\n|-heal|p1a: Weavile|57\/100|[from] item: Leftovers\n|-damage|p2a: Slowking|82\/100 brn|[from] brn\n|upkeep\n|turn|69\n|\n|t:|1700687829\n|switch|p2a: Dragonite|Dragonite, M|51\/100 brn\n|-damage|p2a: Dragonite|26\/100 brn|[from] Stealth Rock\n|move|p1a: Weavile|Knock Off|p2a: Dragonite\n|-damage|p2a: Dragonite|0 fnt\n|faint|p2a: Dragonite\n|\n|-heal|p1a: Weavile|63\/100|[from] item: Leftovers\n|upkeep\n|\n|t:|1700687839\n|switch|p2a: Conkeldurr|Conkeldurr, F, tera:Fire|51\/100\n|-damage|p2a: Conkeldurr|26\/100|[from] Stealth Rock\n|turn|70\n|\n|t:|1700687847\n|switch|p1a: Corviknight|Corviknight, M|89\/100\n|-damage|p1a: Corviknight|77\/100|[from] Stealth Rock\n|-ability|p1a: Corviknight|Pressure\n|move|p2a: Conkeldurr|Drain Punch|p1a: Corviknight\n|-damage|p1a: Corviknight|43\/100\n|-heal|p2a: Conkeldurr|43\/100|[from] drain|[of] p1a: Corviknight\n|-damage|p2a: Conkeldurr|26\/100|[from] item: Rocky Helmet|[of] p1a: Corviknight\n|\n|upkeep\n|turn|71\n|\n|t:|1700687852\n|move|p1a: Corviknight|Roost|p1a: Corviknight\n|-heal|p1a: Corviknight|93\/100\n|-singleturn|p1a: Corviknight|move: Roost\n|move|p2a: Conkeldurr|Drain Punch|p1a: Corviknight\n|-supereffective|p1a: Corviknight\n|-damage|p1a: Corviknight|19\/100\n|-heal|p2a: Conkeldurr|61\/100|[from] drain|[of] p1a: Corviknight\n|-damage|p2a: Conkeldurr|45\/100|[from] item: Rocky Helmet|[of] p1a: Corviknight\n|\n|upkeep\n|turn|72\n|\n|t:|1700687856\n|switch|p1a: Alomomola|Alomomola, M|100\/100\n|-damage|p1a: Alomomola|88\/100|[from] Stealth Rock\n|-damage|p1a: Alomomola|76\/100|[from] Spikes\n|move|p2a: Conkeldurr|Drain Punch|p1a: Alomomola\n|-damage|p1a: Alomomola|43\/100\n|-heal|p2a: Conkeldurr|64\/100|[from] drain|[of] p1a: Alomomola\n|\n|upkeep\n|turn|73\n|\n|t:|1700687859\n|move|p2a: Conkeldurr|Mach Punch|p1a: Alomomola\n|-damage|p1a: Alomomola|26\/100\n|move|p1a: Alomomola|Wish|p1a: Alomomola\n|\n|upkeep\n|turn|74\n|\n|t:|1700687862\n|move|p1a: Alomomola|Protect|p1a: Alomomola\n|-singleturn|p1a: Alomomola|Protect\n|move|p2a: Conkeldurr|Mach Punch|p1a: Alomomola\n|-activate|p1a: Alomomola|move: Protect\n|\n|-heal|p1a: Alomomola|76\/100|[from] move: Wish|[wisher] Alomomola\n|upkeep\n|turn|75\n|\n|t:|1700687871\n|move|p2a: Conkeldurr|Mach Punch|p1a: Alomomola\n|-damage|p1a: Alomomola|59\/100\n|move|p1a: Alomomola|Wish|p1a: Alomomola\n|\n|upkeep\n|turn|76\n|\n|t:|1700687875\n|switch|p2a: Slowking|Slowking-Galar, M|100\/100 brn\n|move|p1a: Alomomola|Flip Turn|p2a: Slowking\n|-damage|p2a: Slowking|84\/100 brn\n|\n|t:|1700687881\n|switch|p1a: Weavile|Weavile, M|63\/100|[from] Flip Turn\n|-damage|p1a: Weavile|39\/100|[from] Stealth Rock\n|-damage|p1a: Weavile|26\/100|[from] Spikes\n|-ability|p1a: Weavile|Pressure\n|\n|-heal|p1a: Weavile|96\/100|[from] move: Wish|[wisher] Alomomola\n|-heal|p1a: Weavile|100\/100|[from] item: Leftovers\n|-damage|p2a: Slowking|78\/100 brn|[from] brn\n|upkeep\n|turn|77\n|\n|t:|1700687889\n|switch|p2a: Conkeldurr|Conkeldurr, F, tera:Fire|64\/100\n|-damage|p2a: Conkeldurr|39\/100|[from] Stealth Rock\n|move|p1a: Weavile|Knock Off|p2a: Conkeldurr\n|-damage|p2a: Conkeldurr|6\/100\n|-enditem|p2a: Conkeldurr|Assault Vest|[from] move: Knock Off|[of] p1a: Weavile\n|\n|upkeep\n|turn|78\n|\n|t:|1700687906\n|switch|p1a: Alomomola|Alomomola, M|92\/100\n|-damage|p1a: Alomomola|80\/100|[from] Stealth Rock\n|-damage|p1a: Alomomola|67\/100|[from] Spikes\n|move|p2a: Conkeldurr|Mach Punch|p1a: Alomomola\n|-damage|p1a: Alomomola|48\/100\n|\n|upkeep\n|turn|79\n|\n|t:|1700687911\n|switch|p2a: Slowking|Slowking-Galar, M|100\/100 brn\n|move|p1a: Alomomola|Wish|p1a: Alomomola\n|\n|-damage|p2a: Slowking|94\/100 brn|[from] brn\n|upkeep\n|turn|80\n|\n|t:|1700687914\n|move|p1a: Alomomola|Flip Turn|p2a: Slowking\n|-damage|p2a: Slowking|76\/100 brn\n|\n|t:|1700687922\n|switch|p1a: Weezing|Weezing-Galar, F, tera:Grass|68\/100 brn|[from] Flip Turn\n|-ability|p1a: Weezing|Neutralizing Gas\n|move|p2a: Slowking|Chilly Reception|p2a: Slowking\n|-weather|Snow\n|\n|t:|1700687928\n|switch|p2a: Kingambit|Kingambit, F|15\/100|[from] Chilly Reception\n|-damage|p2a: Kingambit|9\/100|[from] Stealth Rock\n|\n|-weather|Snow|[upkeep]\n|-heal|p1a: Weezing|100\/100 brn|[from] move: Wish|[wisher] Alomomola\n|-damage|p1a: Weezing|95\/100 brn|[from] brn\n|upkeep\n|turn|81\n|\n|t:|1700687937\n|move|p1a: Weezing|Will-O-Wisp|p2a: Kingambit\n|-status|p2a: Kingambit|brn\n|move|p2a: Kingambit|Iron Head|p1a: Weezing\n|-damage|p1a: Weezing|80\/100 brn\n|\n|-weather|Snow|[upkeep]\n|-damage|p1a: Weezing|74\/100 brn|[from] brn\n|-damage|p2a: Kingambit|3\/100 brn|[from] brn\n|upkeep\n|turn|82\n|n|!Maneloskiop|maneloskiop\n|-message|Maneloskiop forfeited.\n|\n|win|shando.430\n|raw|shando.430's rating: 1220 &rarr; <strong>1248<\/strong><br \/>(+28 for winning)\n|raw|Maneloskiop's rating: 1261 &rarr; <strong>1233<\/strong><br \/>(-28 for losing)\n","uploadtime":1700687942,"views":2,"p1id":"shando430","p2id":"maneloskiop","formatid":"gen9ou","rating":1233,"private":0,"password":""}