{"id":"gen9ou-1991494573","p1":"TurboKaiSM64","p2":"froody95","format":"[Gen 9] OU","log":"|j|\u2606TurboKaiSM64\n|j|\u2606froody95\n|t:|1700082096\n|gametype|singles\n|player|p1|TurboKaiSM64|170|1076\n|player|p2|froody95|unknown|1111\n|teamsize|p1|6\n|teamsize|p2|6\n|gen|9\n|tier|[Gen 9] OU\n|rated|\n|rule|Sleep Clause Mod: Limit one foe put to sleep\n|rule|Species Clause: Limit one of each Pok\u00e9mon\n|rule|OHKO Clause: OHKO moves are banned\n|rule|Evasion Items Clause: Evasion items are banned\n|rule|Evasion Moves Clause: Evasion moves are banned\n|rule|Endless Battle Clause: Forcing endless battles is banned\n|rule|HP Percentage Mod: HP is shown in percentages\n|clearpoke\n|poke|p1|Ogerpon, F|\n|poke|p1|Gholdengo|\n|poke|p1|Glimmora, M|\n|poke|p1|Iron Moth|\n|poke|p1|Great Tusk|\n|poke|p1|Enamorus, F|\n|poke|p2|Greninja-*, M|\n|poke|p2|Ninetales-Alola, F|\n|poke|p2|Pelipper, F|\n|poke|p2|Goodra-Hisui, M|\n|poke|p2|Glimmora, M|\n|poke|p2|Samurott-Hisui, M|\n|teampreview\n|\n|t:|1700082109\n|start\n|switch|p1a: Glimmora|Glimmora, M|100\/100\n|switch|p2a: Ninetales|Ninetales-Alola, F|100\/100\n|-weather|Snow|[from] ability: Snow Warning|[of] p2a: Ninetales\n|turn|1\n|\n|t:|1700082128\n|move|p2a: Ninetales|Aurora Veil|p2a: Ninetales\n|-sidestart|p2: froody95|move: Aurora Veil\n|move|p1a: Glimmora|Stealth Rock|p2a: Ninetales\n|-sidestart|p2: froody95|move: Stealth Rock\n|\n|-weather|Snow|[upkeep]\n|upkeep\n|turn|2\n|inactive|Battle timer is ON: inactive players will automatically lose when time's up. (requested by froody95)\n|\n|t:|1700082161\n|-terastallize|p1a: Glimmora|Fairy\n|move|p2a: Ninetales|Nasty Plot|p2a: Ninetales\n|-boost|p2a: Ninetales|spa|2\n|move|p1a: Glimmora|Dazzling Gleam|p2a: Ninetales\n|-damage|p2a: Ninetales|66\/100\n|-damage|p1a: Glimmora|91\/100|[from] item: Life Orb\n|\n|-weather|Snow|[upkeep]\n|upkeep\n|turn|3\n|\n|t:|1700082169\n|move|p2a: Ninetales|Freeze-Dry|p1a: Glimmora\n|-damage|p1a: Glimmora|23\/100\n|move|p1a: Glimmora|Power Gem|p2a: Ninetales\n|-supereffective|p2a: Ninetales\n|-damage|p2a: Ninetales|0 fnt\n|faint|p2a: Ninetales\n|-damage|p1a: Glimmora|14\/100|[from] item: Life Orb\n|\n|-weather|Snow|[upkeep]\n|upkeep\n|\n|t:|1700082178\n|switch|p2a: Glimmora|Glimmora, M|100\/100\n|-damage|p2a: Glimmora|88\/100|[from] Stealth Rock\n|-item|p2a: Glimmora|Air Balloon\n|turn|4\n|\n|t:|1700082191\n|move|p2a: Glimmora|Mortal Spin|p1a: Glimmora\n|-supereffective|p1a: Glimmora\n|-damage|p1a: Glimmora|0 fnt\n|-activate|p1a: Glimmora|ability: Toxic Debris\n|-sidestart|p2: froody95|move: Toxic Spikes\n|-sideend|p2: froody95|Toxic Spikes|[from] move: Mortal Spin|[of] p2a: Glimmora\n|-sideend|p2: froody95|Stealth Rock|[from] move: Mortal Spin|[of] p2a: Glimmora\n|faint|p1a: Glimmora\n|\n|-weather|Snow|[upkeep]\n|upkeep\n|inactive|TurboKaiSM64 has 120 seconds left.\n|\n|t:|1700082223\n|switch|p1a: Ogerpon|Ogerpon, F|100\/100\n|turn|5\n|inactive|TurboKaiSM64 has 120 seconds left.\n|\n|t:|1700082250\n|switch|p1a: Enamorus|Enamorus, F|100\/100\n|move|p2a: Glimmora|Toxic|p1a: Enamorus\n|-status|p1a: Enamorus|tox\n|\n|-weather|none\n|-damage|p1a: Enamorus|94\/100 tox|[from] psn\n|upkeep\n|turn|6\n|\n|t:|1700082259\n|move|p2a: Glimmora|Spiky Shield|p2a: Glimmora\n|-singleturn|p2a: Glimmora|move: Protect\n|move|p1a: Enamorus|Focus Blast|p2a: Glimmora\n|-activate|p2a: Glimmora|move: Protect\n|\n|-damage|p1a: Enamorus|82\/100 tox|[from] psn\n|upkeep\n|turn|7\n|\n|t:|1700082266\n|switch|p2a: Pelipper|Pelipper, F, shiny|100\/100\n|-weather|RainDance|[from] ability: Drizzle|[of] p2a: Pelipper\n|move|p1a: Enamorus|Focus Blast|p2a: Pelipper|[miss]\n|-miss|p1a: Enamorus|p2a: Pelipper\n|\n|-weather|RainDance|[upkeep]\n|-damage|p1a: Enamorus|63\/100 tox|[from] psn\n|upkeep\n|turn|8\n|inactive|TurboKaiSM64 has 120 seconds left.\n|\n|t:|1700082276\n|switch|p1a: Gholdengo|Gholdengo|100\/100\n|move|p2a: Pelipper|Chilling Water|p1a: Gholdengo\n|-damage|p1a: Gholdengo|76\/100\n|-unboost|p1a: Gholdengo|atk|1\n|\n|-weather|RainDance|[upkeep]\n|-sideend|p2: froody95|move: Aurora Veil\n|upkeep\n|turn|9\n|\n|t:|1700082286\n|switch|p2a: Samurott|Samurott-Hisui, M|100\/100\n|move|p1a: Gholdengo|Nasty Plot|p1a: Gholdengo\n|-boost|p1a: Gholdengo|spa|2\n|\n|-weather|RainDance|[upkeep]\n|upkeep\n|turn|10\n|\n|t:|1700082295\n|move|p2a: Samurott|Ceaseless Edge|p1a: Gholdengo|[miss]\n|-miss|p2a: Samurott|p1a: Gholdengo\n|move|p1a: Gholdengo|Thunderbolt|p2a: Samurott\n|-supereffective|p2a: Samurott\n|-damage|p2a: Samurott|0 fnt\n|faint|p2a: Samurott\n|\n|-weather|RainDance|[upkeep]\n|upkeep\n|\n|t:|1700082305\n|switch|p2a: Goodra|Goodra-Hisui, M|100\/100\n|turn|11\n|\n|t:|1700082315\n|move|p1a: Gholdengo|Shadow Ball|p2a: Goodra\n|-damage|p2a: Goodra|49\/100\n|move|p2a: Goodra|Dragon Tail|p1a: Gholdengo\n|-resisted|p1a: Gholdengo\n|-damage|p1a: Gholdengo|66\/100\n|drag|p1a: Great Tusk|Great Tusk|100\/100\n|-enditem|p1a: Great Tusk|Booster Energy\n|-activate|p1a: Great Tusk|ability: Protosynthesis|[fromitem]\n|-start|p1a: Great Tusk|protosynthesisatk\n|\n|-weather|RainDance|[upkeep]\n|upkeep\n|turn|12\n|\n|t:|1700082333\n|switch|p2a: Pelipper|Pelipper, F, shiny|100\/100\n|move|p1a: Great Tusk|Close Combat|p2a: Pelipper\n|-resisted|p2a: Pelipper\n|-damage|p2a: Pelipper|64\/100\n|-unboost|p1a: Great Tusk|def|1\n|-unboost|p1a: Great Tusk|spd|1\n|\n|-weather|RainDance|[upkeep]\n|upkeep\n|turn|13\n|\n|t:|1700082343\n|move|p1a: Great Tusk|Ice Spinner|p2a: Pelipper\n|-damage|p2a: Pelipper|33\/100\n|move|p2a: Pelipper|Hurricane|p1a: Great Tusk\n|-supereffective|p1a: Great Tusk\n|-damage|p1a: Great Tusk|0 fnt\n|faint|p1a: Great Tusk\n|-end|p1a: Great Tusk|Protosynthesis|[silent]\n|\n|-weather|RainDance|[upkeep]\n|upkeep\n|\n|t:|1700082353\n|switch|p1a: Gholdengo|Gholdengo|66\/100\n|turn|14\n|\n|t:|1700082366\n|-terastallize|p2a: Pelipper|Ground\n|move|p1a: Gholdengo|Shadow Ball|p2a: Pelipper\n|-damage|p2a: Pelipper|0 fnt\n|faint|p2a: Pelipper\n|\n|-weather|none\n|upkeep\n|\n|t:|1700082373\n|switch|p2a: Greninja|Greninja, M|100\/100\n|turn|15\n|\n|t:|1700082390\n|switch|p1a: Enamorus|Enamorus, F|63\/100 tox\n|move|p2a: Greninja|U-turn|p1a: Enamorus\n|-resisted|p1a: Enamorus\n|-damage|p1a: Enamorus|57\/100 tox\n|\n|t:|1700082411\n|switch|p2a: Goodra|Goodra-Hisui, M|49\/100|[from] U-turn\n|\n|-damage|p1a: Enamorus|51\/100 tox|[from] psn\n|upkeep\n|turn|16\n|\n|t:|1700082422\n|move|p1a: Enamorus|Earth Power|p2a: Goodra\n|-supereffective|p2a: Goodra\n|-damage|p2a: Goodra|2\/100\n|move|p2a: Goodra|Acid Armor|p2a: Goodra\n|-boost|p2a: Goodra|def|2\n|\n|-damage|p1a: Enamorus|38\/100 tox|[from] psn\n|upkeep\n|turn|17\n|\n|t:|1700082429\n|move|p1a: Enamorus|Earth Power|p2a: Goodra\n|-supereffective|p2a: Goodra\n|-damage|p2a: Goodra|0 fnt\n|faint|p2a: Goodra\n|\n|-damage|p1a: Enamorus|20\/100 tox|[from] psn\n|upkeep\n|inactive|froody95 has 120 seconds left.\n|\n|t:|1700082463\n|switch|p2a: Glimmora|Glimmora, M|88\/100\n|-item|p2a: Glimmora|Air Balloon\n|turn|18\n|\n|t:|1700082472\n|move|p1a: Enamorus|Earth Power|p2a: Glimmora\n|-immune|p2a: Glimmora\n|move|p2a: Glimmora|Stealth Rock|p1a: Enamorus\n|-sidestart|p1: TurboKaiSM64|move: Stealth Rock\n|\n|-damage|p1a: Enamorus|0 fnt|[from] psn\n|faint|p1a: Enamorus\n|upkeep\n|inactive|TurboKaiSM64 has 120 seconds left.\n|\n|t:|1700082522\n|switch|p1a: Gholdengo|Gholdengo|66\/100\n|-damage|p1a: Gholdengo|60\/100|[from] Stealth Rock\n|turn|19\n|\n|t:|1700082533\n|switch|p2a: Greninja|Greninja, M|100\/100\n|move|p1a: Gholdengo|Make It Rain|p2a: Greninja\n|-resisted|p2a: Greninja\n|-damage|p2a: Greninja|40\/100\n|-unboost|p1a: Gholdengo|spa|1\n|\n|upkeep\n|turn|20\n|\n|t:|1700082548\n|switch|p1a: Iron Moth|Iron Moth|100\/100\n|-damage|p1a: Iron Moth|76\/100|[from] Stealth Rock\n|-enditem|p1a: Iron Moth|Booster Energy\n|-activate|p1a: Iron Moth|ability: Quark Drive|[fromitem]\n|-start|p1a: Iron Moth|quarkdrivespa\n|move|p2a: Greninja|Dark Pulse|p1a: Iron Moth\n|-damage|p1a: Iron Moth|23\/100\n|\n|upkeep\n|turn|21\n|inactive|TurboKaiSM64 has 90 seconds left.\n|\n|t:|1700082566\n|switch|p2a: Glimmora|Glimmora, M|88\/100\n|-item|p2a: Glimmora|Air Balloon\n|move|p1a: Iron Moth|Fiery Dance|p2a: Glimmora\n|-resisted|p2a: Glimmora\n|-damage|p2a: Glimmora|57\/100\n|-enditem|p2a: Glimmora|Air Balloon\n|\n|upkeep\n|turn|22\n|inactive|TurboKaiSM64 has 90 seconds left.\n|\n|t:|1700082578\n|move|p1a: Iron Moth|Fiery Dance|p2a: Glimmora\n|-resisted|p2a: Glimmora\n|-damage|p2a: Glimmora|27\/100\n|move|p2a: Glimmora|Mortal Spin|p1a: Iron Moth\n|-resisted|p1a: Iron Moth\n|-damage|p1a: Iron Moth|18\/100\n|\n|upkeep\n|turn|23\n|\n|t:|1700082591\n|move|p1a: Iron Moth|Fiery Dance|p2a: Glimmora\n|-resisted|p2a: Glimmora\n|-damage|p2a: Glimmora|0 fnt\n|-boost|p1a: Iron Moth|spa|1\n|faint|p2a: Glimmora\n|\n|upkeep\n|\n|t:|1700082594\n|switch|p2a: Greninja|Greninja, M|40\/100\n|turn|24\n|\n|t:|1700082602\n|move|p2a: Greninja|Dark Pulse|p1a: Iron Moth\n|-damage|p1a: Iron Moth|0 fnt\n|faint|p1a: Iron Moth\n|-end|p1a: Iron Moth|Quark Drive|[silent]\n|-ability|p2a: Greninja|Battle Bond|boost\n|-boost|p2a: Greninja|atk|1\n|-boost|p2a: Greninja|spa|1\n|-boost|p2a: Greninja|spe|1\n|-activate|p2a: Greninja|ability: Battle Bond\n|\n|upkeep\n|inactive|TurboKaiSM64 has 90 seconds left.\n|\n|t:|1700082634\n|switch|p1a: Gholdengo|Gholdengo|60\/100\n|-damage|p1a: Gholdengo|54\/100|[from] Stealth Rock\n|turn|25\n|\n|t:|1700082651\n|move|p2a: Greninja|Dark Pulse|p1a: Gholdengo\n|-supereffective|p1a: Gholdengo\n|-damage|p1a: Gholdengo|0 fnt\n|faint|p1a: Gholdengo\n|\n|upkeep\n|\n|t:|1700082655\n|switch|p1a: Ogerpon|Ogerpon, F|100\/100\n|-damage|p1a: Ogerpon|88\/100|[from] Stealth Rock\n|turn|26\n|inactive|TurboKaiSM64 has 90 seconds left.\n|inactive|froody95 has 120 seconds left.\n|\n|t:|1700082696\n|move|p2a: Greninja|Dark Pulse|p1a: Ogerpon\n|-damage|p1a: Ogerpon|5\/100\n|cant|p1a: Ogerpon|flinch\n|\n|upkeep\n|turn|27\n|c|\u2606TurboKaiSM64|wow\n|\n|t:|1700082709\n|move|p2a: Greninja|Dark Pulse|p1a: Ogerpon\n|-damage|p1a: Ogerpon|0 fnt\n|faint|p1a: Ogerpon\n|\n|win|froody95\n|raw|TurboKaiSM64's rating: 1076 &rarr; <strong>1058<\/strong><br \/>(-18 for losing)\n|raw|froody95's rating: 1129 &rarr; <strong>1150<\/strong><br \/>(+21 for winning)\n","uploadtime":1700082715,"views":17,"p1id":"turbokaism64","p2id":"froody95","formatid":"gen9ou","rating":1058,"private":0,"password":""}