{"id":"gen9ou-1993327246","p1":"Hello craco","p2":"Deva Battler","format":"[Gen 9] OU","log":"|j|\u2606Hello craco\n|j|\u2606Deva Battler\n|inactive|Battle timer is ON: inactive players will automatically lose when time's up.\n|t:|1700299085\n|gametype|singles\n|player|p1|Hello craco|1|\n|player|p2|Deva Battler|hilbert-wonderlauncher|\n|teamsize|p1|6\n|teamsize|p2|6\n|gen|9\n|tier|[Gen 9] OU\n|rated|Tournament battle\n|rule|Sleep Clause Mod: Limit one foe put to sleep\n|rule|Species Clause: Limit one of each Pok\u00e9mon\n|rule|OHKO Clause: OHKO moves are banned\n|rule|Evasion Items Clause: Evasion items are banned\n|rule|Evasion Moves Clause: Evasion moves are banned\n|rule|Endless Battle Clause: Forcing endless battles is banned\n|rule|HP Percentage Mod: HP is shown in percentages\n|rule|Force of the Fallen Mod: Pok&\u00e9mon pass the move in their last moveslot to their allies when they're KOed\n|rule|Sleep Moves Clause: Sleep-inducing moves are banned\n|rule|Terastal Clause: You cannot Terastallize\n|clearpoke\n|poke|p1|Kingambit, F|\n|poke|p1|Glimmora, M|\n|poke|p1|Zamazenta-*|\n|poke|p1|Iron Valiant|\n|poke|p1|Iron Moth|\n|poke|p1|Ogerpon-Wellspring, F|\n|poke|p2|Rillaboom, F|\n|poke|p2|Cinderace, F|\n|poke|p2|Ogerpon-Cornerstone, F|\n|poke|p2|Kingambit, F|\n|poke|p2|Great Tusk|\n|poke|p2|Iron Valiant|\n|teampreview\n|j|*Lady Monita \u2746\n|j| TheGriffinKing2O\n|l| TheGriffinKing2O\n|inactive|Deva Battler has 120 seconds left.\n|\n|t:|1700299119\n|start\n|switch|p1a: Glimmora|Glimmora, M|100\/100\n|switch|p2a: Iron Valiant|Iron Valiant|100\/100\n|turn|1\n|inactive|Hello craco has 120 seconds left.\n|inactive|Deva Battler has 120 seconds left.\n|\n|t:|1700299156\n|-end|p2a: Iron Valiant|Quark Drive|[silent]\n|switch|p2a: Great Tusk|Great Tusk|100\/100\n|move|p1a: Glimmora|Earth Power|p2a: Great Tusk\n|-damage|p2a: Great Tusk|59\/100\n|\n|upkeep\n|turn|2\n|inactive|Deva Battler has 120 seconds left.\n|\n|t:|1700299168\n|move|p2a: Great Tusk|Earthquake|p1a: Glimmora\n|-supereffective|p1a: Glimmora\n|-enditem|p1a: Glimmora|Focus Sash\n|-damage|p1a: Glimmora|1\/100\n|-activate|p1a: Glimmora|ability: Toxic Debris\n|-sidestart|p2: Deva Battler|move: Toxic Spikes\n|move|p1a: Glimmora|Stealth Rock|p2a: Great Tusk\n|-sidestart|p2: Deva Battler|move: Stealth Rock\n|\n|upkeep\n|turn|3\n|inactive|Deva Battler has 120 seconds left.\n|\n|t:|1700299191\n|move|p2a: Great Tusk|Earthquake|p1a: Glimmora\n|-supereffective|p1a: Glimmora\n|-damage|p1a: Glimmora|0 fnt\n|-activate|p1a: Glimmora|ability: Toxic Debris\n|-sidestart|p2: Deva Battler|move: Toxic Spikes\n|faint|p1a: Glimmora\n|\n|upkeep\n|\n|t:|1700299203\n|switch|p1a: Zamazenta|Zamazenta, shiny|100\/100\n|-ability|p1a: Zamazenta|Dauntless Shield|boost\n|-boost|p1a: Zamazenta|def|1\n|turn|4\n|\n|t:|1700299219\n|move|p1a: Zamazenta|Body Press|p2a: Great Tusk\n|-damage|p2a: Great Tusk|29\/100\n|-damage|p1a: Zamazenta|84\/100|[from] item: Rocky Helmet|[of] p2a: Great Tusk\n|move|p2a: Great Tusk|Rapid Spin|p1a: Zamazenta\n|-damage|p1a: Zamazenta|75\/100\n|-boost|p2a: Great Tusk|spe|1\n|-sideend|p2: Deva Battler|Toxic Spikes|[from] move: Rapid Spin|[of] p2a: Great Tusk\n|-sideend|p2: Deva Battler|Stealth Rock|[from] move: Rapid Spin|[of] p2a: Great Tusk\n|\n|-heal|p1a: Zamazenta|81\/100|[from] item: Leftovers\n|upkeep\n|turn|5\n|\n|t:|1700299240\n|move|p2a: Great Tusk|Stealth Rock|p1a: Zamazenta\n|-sidestart|p1: Hello craco|move: Stealth Rock\n|move|p1a: Zamazenta|Body Press|p2a: Great Tusk\n|-damage|p2a: Great Tusk|0 fnt\n|-damage|p1a: Zamazenta|64\/100|[from] item: Rocky Helmet|[of] p2a: Great Tusk\n|faint|p2a: Great Tusk\n|-end|p2a: Great Tusk|Protosynthesis|[silent]\n|\n|-heal|p1a: Zamazenta|71\/100|[from] item: Leftovers\n|upkeep\n|inactive|Deva Battler has 90 seconds left.\n|\n|t:|1700299253\n|switch|p2a: Iron Valiant|Iron Valiant|100\/100\n|turn|6\n|inactive|Deva Battler has 90 seconds left.\n|inactive|Hello craco has 120 seconds left.\n|\n|t:|1700299291\n|move|p1a: Zamazenta|Mortal Spin|p2a: Iron Valiant\n|-supereffective|p2a: Iron Valiant\n|-damage|p2a: Iron Valiant|77\/100\n|-status|p2a: Iron Valiant|psn\n|-sideend|p1: Hello craco|Stealth Rock|[from] move: Mortal Spin|[of] p1a: Zamazenta\n|move|p2a: Iron Valiant|Calm Mind|p2a: Iron Valiant\n|-boost|p2a: Iron Valiant|spa|1\n|-boost|p2a: Iron Valiant|spd|1\n|\n|-heal|p1a: Zamazenta|77\/100|[from] item: Leftovers\n|-damage|p2a: Iron Valiant|65\/100 psn|[from] psn\n|upkeep\n|turn|7\n|inactive|Deva Battler has 90 seconds left.\n|\n|t:|1700299311\n|move|p1a: Zamazenta|Mortal Spin|p2a: Iron Valiant\n|-supereffective|p2a: Iron Valiant\n|-damage|p2a: Iron Valiant|40\/100 psn\n|move|p2a: Iron Valiant|Moonblast|p1a: Zamazenta\n|-supereffective|p1a: Zamazenta\n|-damage|p1a: Zamazenta|0 fnt\n|faint|p1a: Zamazenta\n|\n|-damage|p2a: Iron Valiant|28\/100 psn|[from] psn\n|upkeep\n|inactive|Hello craco has 120 seconds left.\n|\n|t:|1700299339\n|switch|p1a: Iron Valiant|Iron Valiant|100\/100\n|turn|8\n|inactive|Deva Battler has 90 seconds left.\n|\n|t:|1700299353\n|move|p2a: Iron Valiant|Stealth Rock|p1a: Iron Valiant\n|-sidestart|p1: Hello craco|move: Stealth Rock\n|move|p1a: Iron Valiant|Moonblast|p2a: Iron Valiant\n|-supereffective|p2a: Iron Valiant\n|-damage|p2a: Iron Valiant|0 fnt\n|faint|p2a: Iron Valiant\n|-end|p2a: Iron Valiant|Quark Drive|[silent]\n|\n|upkeep\n|inactive|Deva Battler has 60 seconds left.\n|\n|t:|1700299391\n|switch|p2a: Rillaboom|Rillaboom, F|100\/100\n|-fieldstart|move: Grassy Terrain|[from] ability: Grassy Surge|[of] p2a: Rillaboom\n|turn|9\n|inactive|Hello craco has 120 seconds left.\n|inactive|Deva Battler has 60 seconds left.\n|\n|t:|1700299399\n|move|p1a: Iron Valiant|Moonblast|p2a: Rillaboom\n|-damage|p2a: Rillaboom|7\/100\n|move|p2a: Rillaboom|Wood Hammer|p1a: Iron Valiant\n|-damage|p1a: Iron Valiant|0 fnt\n|faint|p1a: Iron Valiant\n|-end|p1a: Iron Valiant|Quark Drive|[silent]\n|-damage|p2a: Rillaboom|0 fnt|[from] Recoil\n|faint|p2a: Rillaboom\n|\n|upkeep\n|inactive|Deva Battler has 60 seconds left.\n|\n|t:|1700299422\n|switch|p1a: Kingambit|Kingambit, F|100\/100\n|switch|p2a: Ogerpon|Ogerpon-Cornerstone, F|100\/100\n|-damage|p1a: Kingambit|94\/100|[from] Stealth Rock\n|-activate|p1a: Kingambit|ability: Supreme Overlord\n|-start|p1a: Kingambit|fallen3|[silent]\n|turn|10\n|\n|t:|1700299438\n|move|p2a: Ogerpon|Low Kick|p1a: Kingambit\n|-supereffective|p1a: Kingambit\n|-damage|p1a: Kingambit|0 fnt\n|faint|p1a: Kingambit\n|-end|p1a: Kingambit|fallen3|[silent]\n|\n|upkeep\n|\n|t:|1700299451\n|switch|p1a: Ogerpon|Ogerpon-Wellspring, F|100\/100\n|-damage|p1a: Ogerpon|88\/100|[from] Stealth Rock\n|turn|11\n|\n|t:|1700299467\n|move|p2a: Ogerpon|Power Whip|p1a: Ogerpon\n|-damage|p1a: Ogerpon|0 fnt\n|faint|p1a: Ogerpon\n|\n|upkeep\n|\n|t:|1700299474\n|switch|p1a: Iron Moth|Iron Moth|100\/100\n|-damage|p1a: Iron Moth|76\/100|[from] Stealth Rock\n|turn|12\n|\n|t:|1700299479\n|move|p2a: Ogerpon|Ivy Cudgel|p1a: Iron Moth|[anim] Ivy Cudgel Rock\n|-supereffective|p1a: Iron Moth\n|-damage|p1a: Iron Moth|0 fnt\n|faint|p1a: Iron Moth\n|-end|p1a: Iron Moth|Quark Drive|[silent]\n|\n|win|Deva Battler\n|n|\u2606Hello craco|hellocraco\n|n|\u2606Deva Battler|devabattler\n|n|*Lady Monita \u2746|ladymonita\n","uploadtime":1700299480,"views":10,"p1id":"hellocraco","p2id":"devabattler","formatid":"gen9ou","rating":0,"private":0,"password":""}