{"id":"gen9ou-1998183152","p1":"Saint1","p2":"qscpkn","format":"[Gen 9] OU","log":"|j|\u2606Saint1\n|j|\u2606qscpkn\n|t:|1700908097\n|gametype|singles\n|player|p1|Saint1|170|1144\n|player|p2|qscpkn|266|1011\n|teamsize|p1|6\n|teamsize|p2|6\n|gen|9\n|tier|[Gen 9] OU\n|rated|\n|rule|Sleep Clause Mod: Limit one foe put to sleep\n|rule|Species Clause: Limit one of each Pok\u00e9mon\n|rule|OHKO Clause: OHKO moves are banned\n|rule|Evasion Items Clause: Evasion items are banned\n|rule|Evasion Moves Clause: Evasion moves are banned\n|rule|Endless Battle Clause: Forcing endless battles is banned\n|rule|HP Percentage Mod: HP is shown in percentages\n|clearpoke\n|poke|p1|Iron Treads|\n|poke|p1|Samurott-Hisui, F|\n|poke|p1|Iron Moth|\n|poke|p1|Iron Valiant|\n|poke|p1|Ninetales-Alola, F|\n|poke|p1|Zapdos|\n|poke|p2|Ting-Lu|\n|poke|p2|Dragonite, M|\n|poke|p2|Gholdengo|\n|poke|p2|Ogerpon-Wellspring, F|\n|poke|p2|Fezandipiti, M|\n|poke|p2|Mew|\n|teampreview\n|\n|t:|1700908103\n|start\n|switch|p1a: Iron Treads|Iron Treads|100\/100\n|switch|p2a: Ting-Lu|Ting-Lu|100\/100\n|-ability|p2a: Ting-Lu|Vessel of Ruin\n|turn|1\n|\n|t:|1700908112\n|move|p1a: Iron Treads|Earth Power|p2a: Ting-Lu\n|-damage|p2a: Ting-Lu|84\/100\n|move|p2a: Ting-Lu|Stealth Rock|p1a: Iron Treads\n|-sidestart|p1: Saint1|move: Stealth Rock\n|\n|upkeep\n|turn|2\n|\n|t:|1700908117\n|move|p1a: Iron Treads|Rapid Spin|p2a: Ting-Lu\n|-damage|p2a: Ting-Lu|79\/100\n|-boost|p1a: Iron Treads|spe|1\n|-sideend|p1: Saint1|Stealth Rock|[from] move: Rapid Spin|[of] p1a: Iron Treads\n|move|p2a: Ting-Lu|Spikes|p1a: Iron Treads\n|-sidestart|p1: Saint1|Spikes\n|\n|upkeep\n|turn|3\n|\n|t:|1700908125\n|move|p1a: Iron Treads|Rapid Spin|p2a: Ting-Lu\n|-damage|p2a: Ting-Lu|72\/100\n|-boost|p1a: Iron Treads|spe|1\n|-sideend|p1: Saint1|Spikes|[from] move: Rapid Spin|[of] p1a: Iron Treads\n|move|p2a: Ting-Lu|Spikes|p1a: Iron Treads\n|-sidestart|p1: Saint1|Spikes\n|\n|upkeep\n|turn|4\n|\n|t:|1700908140\n|move|p1a: Iron Treads|Earth Power|p2a: Ting-Lu\n|-damage|p2a: Ting-Lu|57\/100\n|move|p2a: Ting-Lu|Spikes|p1a: Iron Treads\n|-sidestart|p1: Saint1|Spikes\n|\n|upkeep\n|turn|5\n|\n|t:|1700908147\n|move|p1a: Iron Treads|Rapid Spin|p2a: Ting-Lu\n|-crit|p2a: Ting-Lu\n|-damage|p2a: Ting-Lu|48\/100\n|-boost|p1a: Iron Treads|spe|1\n|-sideend|p1: Saint1|Spikes|[from] move: Rapid Spin|[of] p1a: Iron Treads\n|move|p2a: Ting-Lu|Spikes|p1a: Iron Treads\n|-sidestart|p1: Saint1|Spikes\n|\n|upkeep\n|turn|6\n|\n|t:|1700908160\n|move|p1a: Iron Treads|Earth Power|p2a: Ting-Lu\n|-damage|p2a: Ting-Lu|32\/100\n|move|p2a: Ting-Lu|Whirlwind|p1a: Iron Treads\n|-end|p1a: Iron Treads|Quark Drive|[silent]\n|drag|p1a: Iron Moth|Iron Moth|100\/100\n|-damage|p1a: Iron Moth|88\/100|[from] Spikes\n|-enditem|p1a: Iron Moth|Booster Energy\n|-activate|p1a: Iron Moth|ability: Quark Drive|[fromitem]\n|-start|p1a: Iron Moth|quarkdrivespa\n|\n|upkeep\n|turn|7\n|\n|t:|1700908171\n|move|p1a: Iron Moth|Sludge Wave|p2a: Ting-Lu\n|-resisted|p2a: Ting-Lu\n|-damage|p2a: Ting-Lu|15\/100\n|-enditem|p2a: Ting-Lu|Wiki Berry|[eat]\n|-heal|p2a: Ting-Lu|48\/100|[from] item: Wiki Berry\n|-start|p2a: Ting-Lu|confusion\n|-activate|p2a: Ting-Lu|confusion\n|-damage|p2a: Ting-Lu|43\/100|[from] confusion\n|\n|upkeep\n|turn|8\n|\n|t:|1700908180\n|move|p1a: Iron Moth|Fiery Dance|p2a: Ting-Lu\n|-damage|p2a: Ting-Lu|13\/100\n|-activate|p2a: Ting-Lu|confusion\n|move|p2a: Ting-Lu|Spikes|p1a: Iron Moth\n|-sidestart|p1: Saint1|Spikes\n|\n|upkeep\n|turn|9\n|\n|t:|1700908185\n|move|p1a: Iron Moth|Fiery Dance|p2a: Ting-Lu\n|-damage|p2a: Ting-Lu|0 fnt\n|faint|p2a: Ting-Lu\n|\n|upkeep\n|-message|qscpkn forfeited.\n|\n|win|Saint1\n|raw|Saint1's rating: 1144 &rarr; <strong>1160<\/strong><br \/>(+16 for winning)\n|raw|qscpkn's rating: 1011 &rarr; <strong>1004<\/strong><br \/>(-7 for losing)\n|l|\u2606qscpkn\n","uploadtime":1700908191,"views":0,"p1id":"saint1","p2id":"qscpkn","formatid":"gen9ou","rating":1004,"private":0,"password":""}