{"id":"gen9ou-1999528441","p1":"Makedow","p2":"VikontAlu","format":"[Gen 9] OU","log":"|j|\u2606Makedow\n|j|\u2606VikontAlu\n|t:|1701092846\n|gametype|singles\n|player|p1|Makedow|169|\n|player|p2|VikontAlu|170|\n|teamsize|p1|6\n|teamsize|p2|6\n|gen|9\n|tier|[Gen 9] OU\n|rule|Sleep Clause Mod: Limit one foe put to sleep\n|rule|Species Clause: Limit one of each Pok\u00e9mon\n|rule|OHKO Clause: OHKO moves are banned\n|rule|Evasion Items Clause: Evasion items are banned\n|rule|Evasion Moves Clause: Evasion moves are banned\n|rule|Endless Battle Clause: Forcing endless battles is banned\n|rule|HP Percentage Mod: HP is shown in percentages\n|clearpoke\n|poke|p1|Toxapex, F|\n|poke|p1|Manaphy|\n|poke|p1|Garganacl, M|\n|poke|p1|Zoroark-Hisui, F|\n|poke|p1|Skeledirge, M|\n|poke|p1|Ursaluna, F|\n|poke|p2|Garganacl, M|\n|poke|p2|Great Tusk|\n|poke|p2|Cinderace, M|\n|poke|p2|Iron Valiant|\n|poke|p2|Dragonite, M|\n|poke|p2|Zapdos|\n|teampreview\n|\n|t:|1701092897\n|start\n|switch|p1a: Toxapex|Toxapex, F|100\/100\n|switch|p2a: Cinderace|Cinderace, M|100\/100\n|turn|1\n|\n|t:|1701092917\n|move|p2a: Cinderace|U-turn|p1a: Toxapex\n|-resisted|p1a: Toxapex\n|-damage|p1a: Toxapex|93\/100\n|\n|t:|1701092921\n|switch|p2a: Zapppiii!!|Zapdos|100\/100|[from] U-turn\n|move|p1a: Toxapex|Toxic|p2a: Zapppiii!!\n|-status|p2a: Zapppiii!!|tox\n|\n|-heal|p1a: Toxapex|99\/100|[from] item: Leftovers\n|-damage|p2a: Zapppiii!!|94\/100 tox|[from] psn\n|upkeep\n|turn|2\n|\n|t:|1701092934\n|switch|p1a: Ursaluna|Ursaluna, F|100\/100\n|move|p2a: Zapppiii!!|Discharge|p1a: Ursaluna\n|-immune|p1a: Ursaluna\n|\n|-damage|p2a: Zapppiii!!|82\/100 tox|[from] psn\n|-status|p1a: Ursaluna|brn|[from] item: Flame Orb\n|upkeep\n|turn|3\n|\n|t:|1701092969\n|switch|p2a: Great Tusk|Great Tusk|100\/100\n|move|p1a: Ursaluna|Facade|p2a: Great Tusk\n|-damage|p2a: Great Tusk|12\/100\n|\n|-damage|p1a: Ursaluna|94\/100 brn|[from] brn\n|upkeep\n|turn|4\n|c|\u2606VikontAlu|Great tusk evs yanl\u0131\u015f amam problem de\u011fil\n|\n|t:|1701093000\n|switch|p1a: Toxapex|Toxapex, F|100\/100\n|move|p2a: Great Tusk|Ice Spinner|p1a: Toxapex\n|-damage|p1a: Toxapex|42\/100\n|replace|p1a: Zoroark|Zoroark-Hisui, F\n|-end|p1a: Zoroark|Illusion\n|\n|upkeep\n|turn|5\n|\n|t:|1701093020\n|move|p1a: Zoroark|Shadow Ball|p2a: Great Tusk\n|-damage|p2a: Great Tusk|0 fnt\n|faint|p2a: Great Tusk\n|-end|p2a: Great Tusk|Protosynthesis|[silent]\n|-damage|p1a: Zoroark|32\/100|[from] item: Life Orb\n|\n|upkeep\n|\n|t:|1701093038\n|switch|p2a: Iron Valiant|Iron Valiant|100\/100\n|turn|6\n|\n|t:|1701093050\n|move|p2a: Iron Valiant|Knock Off|p1a: Zoroark\n|-supereffective|p1a: Zoroark\n|-damage|p1a: Zoroark|0 fnt\n|-enditem|p1a: Zoroark|Life Orb|[from] move: Knock Off|[of] p2a: Iron Valiant\n|faint|p1a: Zoroark\n|\n|upkeep\n|c|\u2606VikontAlu|Tak\u0131m kendime ait bu arada xy0nun tak\u0131mlarla win alam\u0131yorum\n|\n|t:|1701093094\n|switch|p1a: Toxapex|Toxapex, F|100\/100\n|turn|7\n|\n|t:|1701093106\n|move|p2a: Iron Valiant|Thunderbolt|p1a: Toxapex\n|-supereffective|p1a: Toxapex\n|-damage|p1a: Toxapex|54\/100\n|move|p1a: Toxapex|Toxic|p2a: Iron Valiant\n|-status|p2a: Iron Valiant|tox\n|\n|-heal|p1a: Toxapex|60\/100|[from] item: Leftovers\n|-damage|p2a: Iron Valiant|94\/100 tox|[from] psn\n|upkeep\n|turn|8\n|\n|t:|1701093119\n|move|p2a: Iron Valiant|Knock Off|p1a: Toxapex\n|-damage|p1a: Toxapex|43\/100\n|-enditem|p1a: Toxapex|Leftovers|[from] move: Knock Off|[of] p2a: Iron Valiant\n|move|p1a: Toxapex|Recover|p1a: Toxapex\n|-heal|p1a: Toxapex|93\/100\n|\n|-damage|p2a: Iron Valiant|82\/100 tox|[from] psn\n|upkeep\n|turn|9\n|\n|t:|1701093142\n|move|p2a: Iron Valiant|Thunderbolt|p1a: Toxapex\n|-supereffective|p1a: Toxapex\n|-damage|p1a: Toxapex|42\/100\n|move|p1a: Toxapex|Liquidation|p2a: Iron Valiant\n|-damage|p2a: Iron Valiant|54\/100 tox\n|-unboost|p2a: Iron Valiant|def|1\n|\n|-damage|p2a: Iron Valiant|35\/100 tox|[from] psn\n|upkeep\n|turn|10\n|j| RiskYourLif3\n|\n|t:|1701093151\n|-end|p2a: Iron Valiant|Quark Drive|[silent]\n|switch|p2a: HE IS HIM|Garganacl, M|100\/100\n|move|p1a: Toxapex|Baneful Bunker||[still]\n|-fail|p1a: Toxapex\n|\n|upkeep\n|turn|11\n|j| Xyon22\n|c| Xyon22|Vikoyu yenemezse kopar\u0131m\n|\n|t:|1701093205\n|switch|p1a: Garganacl|Garganacl, M|100\/100\n|-terastallize|p2a: HE IS HIM|Water\n|move|p2a: HE IS HIM|Iron Defense|p2a: HE IS HIM\n|-boost|p2a: HE IS HIM|def|2\n|\n|upkeep\n|turn|12\n|c|\u2606VikontAlu|Kanka dur\n|c|\u2606VikontAlu|Deniyorum\n|\n|t:|1701093217\n|move|p2a: HE IS HIM|Salt Cure|p1a: Garganacl\n|-damage|p1a: Garganacl|92\/100\n|-start|p1a: Garganacl|Salt Cure\n|move|p1a: Garganacl|Salt Cure|p2a: HE IS HIM\n|-damage|p2a: HE IS HIM|97\/100\n|-start|p2a: HE IS HIM|Salt Cure\n|\n|-heal|p2a: HE IS HIM|100\/100|[from] item: Leftovers\n|-damage|p2a: HE IS HIM|75\/100|[from] Salt Cure\n|-damage|p1a: Garganacl|80\/100|[from] Salt Cure\n|upkeep\n|turn|13\n|c| RiskYourLif3|Sonrada ben denim makedowun i\u015fi yoksa\n|c|\u2606VikontAlu|Kainat kral\u0131 adam 2700 elo nas\u0131l yeneyim amk\n|\n|t:|1701093299\n|switch|p1a: Toxapex|Toxapex, F|75\/100\n|move|p2a: HE IS HIM|Recover|p2a: HE IS HIM\n|-heal|p2a: HE IS HIM|100\/100\n|\n|-damage|p2a: HE IS HIM|75\/100|[from] Salt Cure\n|upkeep\n|turn|14\n|c|\u2606VikontAlu|Ya xy0n move seti yanl\u0131\u015f bunun\n|c|\u2606VikontAlu|Bir tane ice tipi sald\u0131r\u0131 var onu koyuyom\n|c|\u2606VikontAlu|Normalde\n|c|\u2606VikontAlu|110 base powerl\u0131 rakip sana vurursa\n|c| Xyon22|Ben kar\u0131\u015fmiom oyna\n|\n|t:|1701093350\n|move|p1a: Toxapex|Baneful Bunker|p1a: Toxapex\n|-singleturn|p1a: Toxapex|move: Protect\n|move|p2a: HE IS HIM|Salt Cure|p1a: Toxapex\n|-activate|p1a: Toxapex|move: Protect\n|\n|-heal|p2a: HE IS HIM|82\/100|[from] item: Leftovers\n|-damage|p2a: HE IS HIM|57\/100|[from] Salt Cure\n|upkeep\n|turn|15\n|c| Xyon22|ona arkada astorisk oynat\u0131yor belli\n|\n|t:|1701093364\n|move|p1a: Toxapex|Recover|p1a: Toxapex\n|-heal|p1a: Toxapex|100\/100\n|move|p2a: HE IS HIM|Recover|p2a: HE IS HIM\n|-heal|p2a: HE IS HIM|100\/100\n|\n|-damage|p2a: HE IS HIM|75\/100|[from] Salt Cure\n|upkeep\n|turn|16\n|c|\u2606Makedow|aynen knk\n|l| Xyon22\n|c|\u2606VikontAlu|sadsadsadsadsa\n|\n|t:|1701093376\n|switch|p1a: Garganacl|Garganacl, M|80\/100\n|switch|p2a: Zapppiii!!|Zapdos|82\/100 tox\n|\n|-damage|p2a: Zapppiii!!|75\/100 tox|[from] psn\n|upkeep\n|turn|17\n|c|\u2606VikontAlu|Astoriks momento\n|j| Xyon22\n|\n|t:|1701093394\n|switch|p2a: Cinderace|Cinderace, M|100\/100\n|move|p1a: Garganacl|Iron Defense|p1a: Garganacl\n|-boost|p1a: Garganacl|def|2\n|\n|upkeep\n|turn|18\n|\n|t:|1701093403\n|move|p2a: Cinderace|Iron Head|p1a: Garganacl\n|-supereffective|p1a: Garganacl\n|-damage|p1a: Garganacl|59\/100\n|move|p1a: Garganacl|Salt Cure|p2a: Cinderace\n|-supereffective|p2a: Cinderace\n|-damage|p2a: Cinderace|58\/100\n|-start|p2a: Cinderace|Salt Cure\n|\n|-damage|p2a: Cinderace|46\/100|[from] Salt Cure\n|upkeep\n|turn|19\n|\n|t:|1701093411\n|switch|p2a: Dragonite|Dragonite, M|100\/100\n|move|p1a: Garganacl|Recover|p1a: Garganacl\n|-heal|p1a: Garganacl|100\/100\n|\n|upkeep\n|turn|20\n|\n|t:|1701093422\n|move|p2a: Dragonite|Dragon Dance|p2a: Dragonite\n|-boost|p2a: Dragonite|atk|1\n|-boost|p2a: Dragonite|spe|1\n|move|p1a: Garganacl|Salt Cure|p2a: Dragonite\n|-supereffective|p2a: Dragonite\n|-damage|p2a: Dragonite|86\/100\n|-start|p2a: Dragonite|Salt Cure\n|\n|-damage|p2a: Dragonite|73\/100|[from] Salt Cure\n|upkeep\n|turn|21\n|l| Xyon22\n|\n|t:|1701093436\n|move|p2a: Dragonite|Ice Spinner|p1a: Garganacl\n|-damage|p1a: Garganacl|85\/100\n|move|p1a: Garganacl|Iron Defense|p1a: Garganacl\n|-boost|p1a: Garganacl|def|2\n|\n|-damage|p2a: Dragonite|61\/100|[from] Salt Cure\n|upkeep\n|turn|22\n|j| Xyon22\n|\n|t:|1701093473\n|switch|p2a: Iron Valiant|Iron Valiant|35\/100 tox\n|move|p1a: Garganacl|Iron Defense|p1a: Garganacl\n|-boost|p1a: Garganacl|def|2\n|\n|-damage|p2a: Iron Valiant|29\/100 tox|[from] psn\n|upkeep\n|turn|23\n|\n|t:|1701093486\n|move|p2a: Iron Valiant|Moonblast|p1a: Garganacl\n|-damage|p1a: Garganacl|53\/100\n|move|p1a: Garganacl|Salt Cure|p2a: Iron Valiant\n|-resisted|p2a: Iron Valiant\n|-damage|p2a: Iron Valiant|21\/100 tox\n|-start|p2a: Iron Valiant|Salt Cure\n|\n|-damage|p2a: Iron Valiant|8\/100 tox|[from] psn\n|-damage|p2a: Iron Valiant|0 fnt|[from] Salt Cure\n|faint|p2a: Iron Valiant\n|-end|p2a: Iron Valiant|Quark Drive|[silent]\n|upkeep\n|l| Xyon22\n|c|\u2606Makedow|Xyon22 left\n|\n|t:|1701093512\n|switch|p2a: HE IS HIM|Garganacl, M, tera:Water|75\/100\n|turn|24\n|j| Xyon22\n|l| Xyon22\n|\n|t:|1701093527\n|move|p2a: HE IS HIM|Salt Cure|p1a: Garganacl\n|-crit|p1a: Garganacl\n|-damage|p1a: Garganacl|39\/100\n|-start|p1a: Garganacl|Salt Cure\n|move|p1a: Garganacl|Salt Cure|p2a: HE IS HIM\n|-damage|p2a: HE IS HIM|68\/100\n|-start|p2a: HE IS HIM|Salt Cure\n|\n|-heal|p2a: HE IS HIM|74\/100|[from] item: Leftovers\n|-damage|p1a: Garganacl|26\/100|[from] Salt Cure\n|-damage|p2a: HE IS HIM|49\/100|[from] Salt Cure\n|upkeep\n|turn|25\n|\n|t:|1701093538\n|switch|p2a: Cinderace|Cinderace, M|46\/100\n|move|p1a: Garganacl|Recover|p1a: Garganacl\n|-heal|p1a: Garganacl|76\/100\n|\n|-damage|p1a: Garganacl|64\/100|[from] Salt Cure\n|upkeep\n|turn|26\n|\n|t:|1701093547\n|move|p2a: Cinderace|Iron Head|p1a: Garganacl\n|-supereffective|p1a: Garganacl\n|-damage|p1a: Garganacl|55\/100\n|cant|p1a: Garganacl|flinch\n|\n|-damage|p1a: Garganacl|42\/100|[from] Salt Cure\n|upkeep\n|turn|27\n|j| Xyon22\n|l| Xyon22\n|c|\u2606Makedow|ana\n|\n|t:|1701093568\n|move|p2a: Cinderace|Iron Head|p1a: Garganacl\n|-supereffective|p1a: Garganacl\n|-damage|p1a: Garganacl|32\/100\n|move|p1a: Garganacl|Recover|p1a: Garganacl\n|-heal|p1a: Garganacl|82\/100\n|\n|-damage|p1a: Garganacl|70\/100|[from] Salt Cure\n|upkeep\n|turn|28\n|\n|t:|1701093581\n|move|p2a: Cinderace|Iron Head|p1a: Garganacl\n|-supereffective|p1a: Garganacl\n|-damage|p1a: Garganacl|60\/100\n|move|p1a: Garganacl|Salt Cure|p2a: Cinderace\n|-supereffective|p2a: Cinderace\n|-damage|p2a: Cinderace|5\/100\n|-start|p2a: Cinderace|Salt Cure\n|\n|-damage|p2a: Cinderace|0 fnt|[from] Salt Cure\n|faint|p2a: Cinderace\n|-damage|p1a: Garganacl|47\/100|[from] Salt Cure\n|upkeep\n|\n|t:|1701093588\n|switch|p2a: HE IS HIM|Garganacl, M, tera:Water|49\/100\n|turn|29\n|\n|t:|1701093606\n|move|p2a: HE IS HIM|Salt Cure|p1a: Garganacl\n|-damage|p1a: Garganacl|45\/100\n|move|p1a: Garganacl|Salt Cure|p2a: HE IS HIM\n|-damage|p2a: HE IS HIM|42\/100\n|-start|p2a: HE IS HIM|Salt Cure\n|\n|-heal|p2a: HE IS HIM|48\/100|[from] item: Leftovers\n|-damage|p2a: HE IS HIM|23\/100|[from] Salt Cure\n|-damage|p1a: Garganacl|33\/100|[from] Salt Cure\n|upkeep\n|turn|30\n|c|\u2606VikontAlu|R\u00f6van\u015f istiyorum\n|c|\u2606VikontAlu|Elomuz aras\u0131nda \u00e7ok fark var\n|j| Xyon22\n|c| RiskYourLif3|Anl\u0131yorum.\n|c|\u2606VikontAlu|1500 elo\n|\n|t:|1701093628\n|move|p1a: Garganacl|Recover|p1a: Garganacl\n|-heal|p1a: Garganacl|83\/100\n|move|p2a: HE IS HIM|Recover|p2a: HE IS HIM\n|-heal|p2a: HE IS HIM|73\/100\n|\n|-heal|p2a: HE IS HIM|79\/100|[from] item: Leftovers\n|-damage|p1a: Garganacl|70\/100|[from] Salt Cure\n|-damage|p2a: HE IS HIM|54\/100|[from] Salt Cure\n|upkeep\n|turn|31\n|c|\u2606VikontAlu|WQEQWEWQEWQEWQE\n|c|\u2606Makedow|rakip olarak g\u00f6rm\u00fcyorum\n|c|\u2606Makedow|btw\n|c|\u2606VikontAlu|Olsun bir vs daha patlar\n|l| Xyon22\n|c|\u2606Makedow|xyon roleplay\n|c|\u2606VikontAlu|Farkl\u0131 tak\u0131mlarla\n|c|\u2606VikontAlu|Rolepla\n|c|\u2606VikontAlu|rolepay ne .D\n|c|\u2606VikontAlu|Bi tak\u0131m daha ypa gel\n|l|\u2606VikontAlu\n|player|p2|\n|j|\u2606VikontAlu\n|player|p2|VikontAlu|170\n|\n|t:|1701093677\n|switch|p1a: Toxapex|Toxapex, F|100\/100\n|move|p2a: HE IS HIM|Salt Cure|p1a: Toxapex\n|-damage|p1a: Toxapex|93\/100\n|-start|p1a: Toxapex|Salt Cure\n|\n|-heal|p2a: HE IS HIM|60\/100|[from] item: Leftovers\n|-damage|p2a: HE IS HIM|35\/100|[from] Salt Cure\n|-damage|p1a: Toxapex|68\/100|[from] Salt Cure\n|upkeep\n|turn|32\n|c|\u2606Makedow|\u00e7ok kolay olmas\u0131n\n|c|\u2606Makedow|toxa ge\u00e7iyim\n|c| RiskYourLif3|Anl\u0131yorum.\n|\n|t:|1701093708\n|switch|p2a: Dragonite|Dragonite, M|61\/100\n|move|p1a: Toxapex|Baneful Bunker||[still]\n|-fail|p1a: Toxapex\n|\n|-damage|p1a: Toxapex|43\/100|[from] Salt Cure\n|upkeep\n|turn|33\n|\n|t:|1701093718\n|switch|p1a: Garganacl|Garganacl, M|70\/100\n|move|p2a: Dragonite|Dragon Dance|p2a: Dragonite\n|-boost|p2a: Dragonite|atk|1\n|-boost|p2a: Dragonite|spe|1\n|\n|upkeep\n|turn|34\n|c| RiskYourLif3|Makedow i\u015fin yoksa bizde atal\u0131m m\u0131 bu bitince\n|\n|t:|1701093726\n|move|p2a: Dragonite|Earthquake|p1a: Garganacl\n|-supereffective|p1a: Garganacl\n|-damage|p1a: Garganacl|0 fnt\n|faint|p1a: Garganacl\n|\n|upkeep\n|c| RiskYourLif3|Bende 2700 puanla vs atmak istiyorum\n|\n|t:|1701093775\n|switch|p1a: Toxapex|Toxapex, F|76\/100\n|turn|35\n|\n|t:|1701093782\n|-terastallize|p1a: Toxapex|Flying\n|move|p2a: Dragonite|Earthquake|p1a: Toxapex\n|-immune|p1a: Toxapex\n|move|p1a: Toxapex|Toxic|p2a: Dragonite\n|-status|p2a: Dragonite|tox\n|\n|-damage|p2a: Dragonite|55\/100 tox|[from] psn\n|upkeep\n|turn|36\n|\n|t:|1701093799\n|switch|p2a: Zapppiii!!|Zapdos|75\/100 tox\n|move|p1a: Toxapex|Baneful Bunker||[still]\n|-fail|p1a: Toxapex\n|\n|-damage|p2a: Zapppiii!!|69\/100 tox|[from] psn\n|upkeep\n|turn|37\n|c| RiskYourLif3|\u0130ce spinner atsayd\u0131n ya olm\n|\n|t:|1701093810\n|move|p1a: Toxapex|Baneful Bunker|p1a: Toxapex\n|-singleturn|p1a: Toxapex|move: Protect\n|move|p2a: Zapppiii!!|Discharge|p1a: Toxapex\n|-activate|p1a: Toxapex|move: Protect\n|\n|-damage|p2a: Zapppiii!!|57\/100 tox|[from] psn\n|upkeep\n|turn|38\n|c| RiskYourLif3|2x di o\n|\n|t:|1701093820\n|switch|p2a: Dragonite|Dragonite, M|55\/100 tox\n|switch|p1a: Ursaluna|Ursaluna, F|94\/100 brn\n|\n|-damage|p2a: Dragonite|48\/100 tox|[from] psn\n|-damage|p1a: Ursaluna|88\/100 brn|[from] brn\n|upkeep\n|turn|39\n|\n|t:|1701093832\n|move|p2a: Dragonite|Ice Spinner|p1a: Ursaluna\n|-supereffective|p1a: Ursaluna\n|-damage|p1a: Ursaluna|45\/100 brn\n|move|p1a: Ursaluna|Facade|p2a: Dragonite\n|-damage|p2a: Dragonite|0 fnt\n|faint|p2a: Dragonite\n|\n|-damage|p1a: Ursaluna|39\/100 brn|[from] brn\n|upkeep\n|\n|t:|1701093835\n|switch|p2a: HE IS HIM|Garganacl, M, tera:Water|35\/100\n|turn|40\n|\n|t:|1701093850\n|move|p1a: Ursaluna|Facade|p2a: HE IS HIM\n|-damage|p2a: HE IS HIM|0 fnt\n|faint|p2a: HE IS HIM\n|\n|-damage|p1a: Ursaluna|33\/100 brn|[from] brn\n|upkeep\n|\n|t:|1701093853\n|switch|p2a: Zapppiii!!|Zapdos|57\/100 tox\n|turn|41\n|\n|t:|1701093866\n|move|p2a: Zapppiii!!|Heat Wave|p1a: Ursaluna\n|-damage|p1a: Ursaluna|10\/100 brn\n|move|p1a: Ursaluna|Facade|p2a: Zapppiii!!\n|-damage|p2a: Zapppiii!!|0 fnt\n|faint|p2a: Zapppiii!!\n|\n|win|Makedow\n|c|\u2606VikontAlu|Gel bir tak\u0131m yap\u0131p bir daha\n|c|\u2606VikontAlu|gen 9 ou gene\n","uploadtime":1701093890,"views":3,"p1id":"makedow","p2id":"vikontalu","formatid":"gen9ou","rating":0,"private":0,"password":""}