{"id":"gen9ou-1999986508","p1":"Kaiserdestroyer","p2":"D.Black_0","format":"[Gen 9] OU","log":"|j|\u2606Kaiserdestroyer\n|j|\u2606D.Black_0\n|t:|1701137923\n|gametype|singles\n|player|p1|Kaiserdestroyer|steven|\n|player|p2|D.Black_0|102|\n|teamsize|p1|6\n|teamsize|p2|6\n|gen|9\n|tier|[Gen 9] OU\n|rule|Sleep Clause Mod: Limit one foe put to sleep\n|rule|Species Clause: Limit one of each Pok\u00e9mon\n|rule|OHKO Clause: OHKO moves are banned\n|rule|Evasion Items Clause: Evasion items are banned\n|rule|Evasion Moves Clause: Evasion moves are banned\n|rule|Endless Battle Clause: Forcing endless battles is banned\n|rule|HP Percentage Mod: HP is shown in percentages\n|clearpoke\n|poke|p1|Glimmora, F|\n|poke|p1|Iron Moth|\n|poke|p1|Garganacl, F|\n|poke|p1|Vaporeon, F|\n|poke|p1|Heracross, M|\n|poke|p1|Iron Thorns|\n|poke|p2|Garchomp, M|\n|poke|p2|Conkeldurr, F|\n|poke|p2|Ogerpon-Wellspring, F|\n|poke|p2|Slowbro, M|\n|poke|p2|Zapdos|\n|poke|p2|Goodra-Hisui, M|\n|teampreview\n|\n|t:|1701137960\n|start\n|switch|p1a: Iron Thorns|Iron Thorns|100\/100\n|switch|p2a: Conkeldurr|Conkeldurr, F|100\/100\n|-enditem|p1a: Iron Thorns|Booster Energy\n|-activate|p1a: Iron Thorns|ability: Quark Drive|[fromitem]\n|-start|p1a: Iron Thorns|quarkdriveatk\n|turn|1\n|\n|t:|1701137979\n|-terastallize|p1a: Iron Thorns|Flying\n|move|p1a: Iron Thorns|Dragon Dance|p1a: Iron Thorns\n|-boost|p1a: Iron Thorns|atk|1\n|-boost|p1a: Iron Thorns|spe|1\n|move|p2a: Conkeldurr|Earthquake|p1a: Iron Thorns\n|-immune|p1a: Iron Thorns\n|\n|-status|p2a: Conkeldurr|brn|[from] item: Flame Orb\n|upkeep\n|turn|2\n|\n|t:|1701138002\n|move|p1a: Iron Thorns|Dragon Dance|p1a: Iron Thorns\n|-boost|p1a: Iron Thorns|atk|1\n|-boost|p1a: Iron Thorns|spe|1\n|move|p2a: Conkeldurr|Thunder Punch|p1a: Iron Thorns\n|-supereffective|p1a: Iron Thorns\n|-damage|p1a: Iron Thorns|24\/100\n|\n|-damage|p2a: Conkeldurr|94\/100 brn|[from] brn\n|upkeep\n|turn|3\n|\n|t:|1701138017\n|move|p1a: Iron Thorns|Wild Charge|p2a: Conkeldurr\n|-damage|p2a: Conkeldurr|0 fnt\n|faint|p2a: Conkeldurr\n|-damage|p1a: Iron Thorns|0 fnt|[from] Recoil\n|faint|p1a: Iron Thorns\n|-end|p1a: Iron Thorns|Quark Drive|[silent]\n|\n|upkeep\n|\n|t:|1701138040\n|switch|p1a: Glimmora|Glimmora, F|100\/100\n|switch|p2a: Ogerpon|Ogerpon-Wellspring, F|100\/100\n|turn|4\n|\n|t:|1701138072\n|move|p2a: Ogerpon|Zen Headbutt|p1a: Glimmora\n|-supereffective|p1a: Glimmora\n|-damage|p1a: Glimmora|18\/100\n|-activate|p1a: Glimmora|ability: Toxic Debris\n|-sidestart|p2: D.Black_0|move: Toxic Spikes\n|move|p1a: Glimmora|Stealth Rock|p2a: Ogerpon\n|-sidestart|p2: D.Black_0|move: Stealth Rock\n|\n|upkeep\n|turn|5\n|\n|t:|1701138084\n|move|p2a: Ogerpon|Zen Headbutt|p1a: Glimmora\n|-supereffective|p1a: Glimmora\n|-damage|p1a: Glimmora|0 fnt\n|-activate|p1a: Glimmora|ability: Toxic Debris\n|-sidestart|p2: D.Black_0|move: Toxic Spikes\n|faint|p1a: Glimmora\n|\n|upkeep\n|\n|t:|1701138095\n|switch|p1a: Iron Moth|Iron Moth|100\/100\n|-enditem|p1a: Iron Moth|Booster Energy\n|-activate|p1a: Iron Moth|ability: Quark Drive|[fromitem]\n|-start|p1a: Iron Moth|quarkdrivespe\n|turn|6\n|\n|t:|1701138117\n|move|p1a: Iron Moth|Sludge Wave|p2a: Ogerpon\n|-supereffective|p2a: Ogerpon\n|-damage|p2a: Ogerpon|0 fnt\n|faint|p2a: Ogerpon\n|\n|upkeep\n|\n|t:|1701138129\n|switch|p2a: Garchomp|Garchomp, M|100\/100\n|-status|p2a: Garchomp|tox\n|-damage|p2a: Garchomp|94\/100 tox|[from] Stealth Rock\n|turn|7\n|\n|t:|1701138141\n|move|p1a: Iron Moth|Dazzling Gleam|p2a: Garchomp\n|-supereffective|p2a: Garchomp\n|-damage|p2a: Garchomp|42\/100 tox\n|move|p2a: Garchomp|Earthquake|p1a: Iron Moth\n|-supereffective|p1a: Iron Moth\n|-damage|p1a: Iron Moth|0 fnt\n|faint|p1a: Iron Moth\n|-end|p1a: Iron Moth|Quark Drive|[silent]\n|\n|-damage|p2a: Garchomp|36\/100 tox|[from] psn\n|upkeep\n|\n|t:|1701138149\n|switch|p1a: Heracross|Heracross, M|100\/100\n|turn|8\n|\n|t:|1701138167\n|switch|p1a: Vaporeon|Vaporeon, F|100\/100\n|move|p2a: Garchomp|Fire Fang|p1a: Vaporeon\n|-resisted|p1a: Vaporeon\n|-damage|p1a: Vaporeon|94\/100\n|\n|-heal|p1a: Vaporeon|99\/100|[from] item: Leftovers\n|-damage|p2a: Garchomp|24\/100 tox|[from] psn\n|upkeep\n|turn|9\n|\n|t:|1701138201\n|switch|p2a: Zapdos|Zapdos|100\/100\n|move|p1a: Vaporeon|Scald|p2a: Zapdos\n|-damage|p2a: Zapdos|63\/100\n|-status|p2a: Zapdos|brn\n|\n|-heal|p1a: Vaporeon|100\/100|[from] item: Leftovers\n|-damage|p2a: Zapdos|57\/100 brn|[from] brn\n|upkeep\n|turn|10\n|\n|t:|1701138218\n|switch|p1a: Garganacl|Garganacl, F|100\/100\n|move|p2a: Zapdos|Thunderbolt|p1a: Garganacl\n|-damage|p1a: Garganacl|71\/100\n|\n|-heal|p1a: Garganacl|77\/100|[from] item: Leftovers\n|-damage|p2a: Zapdos|51\/100 brn|[from] brn\n|upkeep\n|turn|11\n|\n|t:|1701138228\n|move|p2a: Zapdos|Volt Switch|p1a: Garganacl\n|-damage|p1a: Garganacl|53\/100\n|\n|t:|1701138232\n|switch|p2a: Slowbro|Slowbro, M|100\/100|[from] Volt Switch\n|-status|p2a: Slowbro|tox\n|-damage|p2a: Slowbro|88\/100 tox|[from] Stealth Rock\n|move|p1a: Garganacl|Salt Cure|p2a: Slowbro\n|-damage|p2a: Slowbro|80\/100 tox\n|-start|p2a: Slowbro|Salt Cure\n|\n|-heal|p1a: Garganacl|59\/100|[from] item: Leftovers\n|-damage|p2a: Slowbro|74\/100 tox|[from] psn\n|-damage|p2a: Slowbro|49\/100 tox|[from] Salt Cure\n|upkeep\n|turn|12\n|\n|t:|1701138248\n|switch|p1a: Vaporeon|Vaporeon, F|100\/100\n|move|p2a: Slowbro|Slack Off|p2a: Slowbro\n|-heal|p2a: Slowbro|99\/100 tox\n|\n|-damage|p2a: Slowbro|87\/100 tox|[from] psn\n|-damage|p2a: Slowbro|62\/100 tox|[from] Salt Cure\n|upkeep\n|turn|13\n|\n|t:|1701138263\n|move|p1a: Vaporeon|Wish|p1a: Vaporeon\n|move|p2a: Slowbro|Scald|p1a: Vaporeon\n|-immune|p1a: Vaporeon|[from] ability: Water Absorb\n|\n|-damage|p2a: Slowbro|44\/100 tox|[from] psn\n|-damage|p2a: Slowbro|19\/100 tox|[from] Salt Cure\n|upkeep\n|turn|14\n|\n|t:|1701138278\n|switch|p1a: Garganacl|Garganacl, F|59\/100\n|move|p2a: Slowbro|Psychic|p1a: Garganacl\n|-damage|p1a: Garganacl|39\/100\n|\n|-heal|p1a: Garganacl|97\/100|[from] move: Wish|[wisher] Vaporeon\n|-heal|p1a: Garganacl|100\/100|[from] item: Leftovers\n|-damage|p2a: Slowbro|0 fnt|[from] psn\n|faint|p2a: Slowbro\n|upkeep\n|\n|t:|1701138297\n|switch|p2a: Goodra|Goodra-Hisui, M|100\/100\n|-damage|p2a: Goodra|94\/100|[from] Stealth Rock\n|turn|15\n|\n|t:|1701138321\n|move|p2a: Goodra|Flash Cannon|p1a: Garganacl\n|-supereffective|p1a: Garganacl\n|-damage|p1a: Garganacl|63\/100\n|move|p1a: Garganacl|Salt Cure|p2a: Goodra\n|-resisted|p2a: Goodra\n|-damage|p2a: Goodra|89\/100\n|-start|p2a: Goodra|Salt Cure\n|\n|-heal|p1a: Garganacl|69\/100|[from] item: Leftovers\n|-damage|p2a: Goodra|64\/100|[from] Salt Cure\n|upkeep\n|turn|16\n|\n|t:|1701138360\n|move|p2a: Goodra|Flash Cannon|p1a: Garganacl\n|-supereffective|p1a: Garganacl\n|-damage|p1a: Garganacl|32\/100\n|move|p1a: Garganacl|Recover|p1a: Garganacl\n|-heal|p1a: Garganacl|82\/100\n|\n|-heal|p1a: Garganacl|88\/100|[from] item: Leftovers\n|-damage|p2a: Goodra|39\/100|[from] Salt Cure\n|upkeep\n|turn|17\n|\n|t:|1701138373\n|move|p2a: Goodra|Flash Cannon|p1a: Garganacl\n|-supereffective|p1a: Garganacl\n|-crit|p1a: Garganacl\n|-damage|p1a: Garganacl|27\/100\n|move|p1a: Garganacl|Recover|p1a: Garganacl\n|-heal|p1a: Garganacl|77\/100\n|\n|-heal|p1a: Garganacl|83\/100|[from] item: Leftovers\n|-damage|p2a: Goodra|14\/100|[from] Salt Cure\n|upkeep\n|turn|18\n|\n|t:|1701138384\n|move|p2a: Goodra|Flash Cannon|p1a: Garganacl\n|-supereffective|p1a: Garganacl\n|-damage|p1a: Garganacl|42\/100\n|move|p1a: Garganacl|Recover|p1a: Garganacl\n|-heal|p1a: Garganacl|92\/100\n|\n|-heal|p1a: Garganacl|99\/100|[from] item: Leftovers\n|-damage|p2a: Goodra|0 fnt|[from] Salt Cure\n|faint|p2a: Goodra\n|upkeep\n|\n|t:|1701138394\n|switch|p2a: Garchomp|Garchomp, M|24\/100 tox\n|-damage|p2a: Garchomp|18\/100 tox|[from] Stealth Rock\n|turn|19\n|\n|t:|1701138402\n|switch|p1a: Vaporeon|Vaporeon, F|100\/100\n|move|p2a: Garchomp|Earthquake|p1a: Vaporeon\n|-damage|p1a: Vaporeon|69\/100\n|\n|-heal|p1a: Vaporeon|75\/100|[from] item: Leftovers\n|-damage|p2a: Garchomp|11\/100 tox|[from] psn\n|upkeep\n|turn|20\n|\n|t:|1701138416\n|move|p2a: Garchomp|Stealth Rock|p1a: Vaporeon\n|-sidestart|p1: Kaiserdestroyer|move: Stealth Rock\n|move|p1a: Vaporeon|Scald|p2a: Garchomp\n|-damage|p2a: Garchomp|0 fnt\n|faint|p2a: Garchomp\n|\n|-heal|p1a: Vaporeon|81\/100|[from] item: Leftovers\n|upkeep\n|\n|t:|1701138426\n|switch|p2a: Zapdos|Zapdos|51\/100 brn\n|turn|21\n|\n|t:|1701138433\n|switch|p1a: Garganacl|Garganacl, F|99\/100\n|-damage|p1a: Garganacl|86\/100|[from] Stealth Rock\n|move|p2a: Zapdos|Thunderbolt|p1a: Garganacl\n|-damage|p1a: Garganacl|58\/100\n|\n|-heal|p1a: Garganacl|64\/100|[from] item: Leftovers\n|-damage|p2a: Zapdos|44\/100 brn|[from] brn\n|upkeep\n|turn|22\n|\n|t:|1701138445\n|move|p2a: Zapdos|Thunderbolt|p1a: Garganacl\n|-damage|p1a: Garganacl|36\/100\n|move|p1a: Garganacl|Salt Cure|p2a: Zapdos\n|-supereffective|p2a: Zapdos\n|-damage|p2a: Zapdos|12\/100 brn\n|-start|p2a: Zapdos|Salt Cure\n|\n|-heal|p1a: Garganacl|42\/100|[from] item: Leftovers\n|-damage|p2a: Zapdos|6\/100 brn|[from] brn\n|-damage|p2a: Zapdos|0 fnt|[from] Salt Cure\n|faint|p2a: Zapdos\n|\n|win|Kaiserdestroyer\n|upkeep\n|c|\u2606Kaiserdestroyer|Gg bro\n|c|\u2606D.Black_0|Gg\n","uploadtime":1701138459,"views":25,"p1id":"kaiserdestroyer","p2id":"dblack0","formatid":"gen9ou","rating":0,"private":0,"password":""}