{"id":"gen9ou-1993887770","p1":"Powerbo","p2":"Ryan&Ditto","format":"[Gen 9] OU","log":"|j|\u2606Powerbo\n|j|\u2606Ryan&Ditto\n|t:|1700370379\n|gametype|singles\n|player|p1|Powerbo|ninjaboy|\n|player|p2|Ryan&Ditto|unknown|\n|teamsize|p1|6\n|teamsize|p2|6\n|gen|9\n|tier|[Gen 9] OU\n|rule|Sleep Clause Mod: Limit one foe put to sleep\n|rule|Species Clause: Limit one of each Pok\u00e9mon\n|rule|OHKO Clause: OHKO moves are banned\n|rule|Evasion Items Clause: Evasion items are banned\n|rule|Evasion Moves Clause: Evasion moves are banned\n|rule|Endless Battle Clause: Forcing endless battles is banned\n|rule|HP Percentage Mod: HP is shown in percentages\n|clearpoke\n|poke|p1|Great Tusk|\n|poke|p1|Zapdos|\n|poke|p1|Maushold-Four|\n|poke|p1|Clefable, M|\n|poke|p1|Heatran, F|\n|poke|p1|Ogerpon-Wellspring, F|\n|poke|p2|Kingambit, F|\n|poke|p2|Clodsire, F|\n|poke|p2|Ogerpon-Wellspring, F|\n|poke|p2|Gholdengo|\n|poke|p2|Zapdos|\n|poke|p2|Zamazenta-*|\n|teampreview\n|c|\u2606Ryan&Ditto|double ogerpon\n|c|\u2606Ryan&Ditto|lessgoooo\n|c|\u2606Powerbo|Wellspring too\n|\n|t:|1700370401\n|start\n|switch|p1a: Maushold|Maushold-Four|100\/100\n|switch|p2a: bonk.|Ogerpon-Wellspring, F|100\/100\n|turn|1\n|c|\u2606Powerbo|I brought funni mouse\n|c|\u2606Powerbo|With me\n|\n|t:|1700370421\n|switch|p2a: boltreaver jr.|Zapdos|100\/100\n|move|p1a: Maushold|Tidy Up|p1a: Maushold\n|-boost|p1a: Maushold|atk|1\n|-boost|p1a: Maushold|spe|1\n|\n|upkeep\n|turn|2\n|c|\u2606Ryan&Ditto|why in the fuck did you click that\n|\n|t:|1700370433\n|move|p1a: Maushold|Population Bomb|p2a: boltreaver jr.\n|-damage|p2a: boltreaver jr.|90\/100\n|-damage|p2a: boltreaver jr.|78\/100\n|-damage|p2a: boltreaver jr.|66\/100\n|-status|p1a: Maushold|par|[from] ability: Static|[of] p2a: boltreaver jr.\n|-damage|p2a: boltreaver jr.|54\/100\n|-damage|p2a: boltreaver jr.|43\/100\n|-damage|p2a: boltreaver jr.|31\/100\n|-damage|p2a: boltreaver jr.|20\/100\n|-damage|p2a: boltreaver jr.|7\/100\n|-damage|p2a: boltreaver jr.|0 fnt\n|faint|p2a: boltreaver jr.\n|-hitcount|p2: boltreaver jr.|9\n|\n|upkeep\n|c|\u2606Powerbo|Why not\n|c|\u2606Ryan&Ditto|the punish was dying bruv\n|\n|t:|1700370448\n|switch|p2a: tax evasion|Gholdengo|100\/100\n|turn|3\n|\n|t:|1700370453\n|move|p2a: tax evasion|Focus Blast|p1a: Maushold\n|-supereffective|p1a: Maushold\n|-damage|p1a: Maushold|0 fnt\n|faint|p1a: Maushold\n|\n|upkeep\n|\n|t:|1700370464\n|switch|p1a: Great Tusk|Great Tusk|100\/100\n|turn|4\n|\n|t:|1700370482\n|move|p1a: Great Tusk|Knock Off|p2a: tax evasion\n|-supereffective|p2a: tax evasion\n|-damage|p2a: tax evasion|25\/100\n|-enditem|p2a: tax evasion|Salac Berry|[from] move: Knock Off|[of] p1a: Great Tusk\n|move|p2a: tax evasion|Shadow Ball|p1a: Great Tusk\n|-damage|p1a: Great Tusk|59\/100\n|\n|upkeep\n|turn|5\n|c|\u2606Powerbo|??????\n|c|\u2606Powerbo|Why no switch\n|\n|t:|1700370498\n|move|p1a: Great Tusk|Knock Off|p2a: tax evasion\n|-supereffective|p2a: tax evasion\n|-damage|p2a: tax evasion|0 fnt\n|faint|p2a: tax evasion\n|\n|upkeep\n|\n|t:|1700370500\n|switch|p2a: gaming chair|Kingambit, F|100\/100\n|-activate|p2a: gaming chair|ability: Supreme Overlord\n|-start|p2a: gaming chair|fallen2|[silent]\n|turn|6\n|\n|t:|1700370513\n|move|p1a: Great Tusk|Close Combat|p2a: gaming chair\n|-supereffective|p2a: gaming chair\n|-enditem|p2a: gaming chair|Chople Berry|[eat]\n|-enditem|p2a: gaming chair|Chople Berry|[weaken]\n|-damage|p2a: gaming chair|7\/100\n|-unboost|p1a: Great Tusk|def|1\n|-unboost|p1a: Great Tusk|spd|1\n|move|p2a: gaming chair|Grass Knot|p1a: Great Tusk\n|-supereffective|p1a: Great Tusk\n|-damage|p1a: Great Tusk|0 fnt\n|faint|p1a: Great Tusk\n|-end|p1a: Great Tusk|Protosynthesis|[silent]\n|\n|upkeep\n|c|\u2606Ryan&Ditto|funne\n|\n|t:|1700370534\n|switch|p1a: Ogerpon|Ogerpon-Wellspring, F|100\/100\n|turn|7\n|\n|t:|1700370539\n|move|p2a: gaming chair|Sucker Punch|p1a: Ogerpon\n|-damage|p1a: Ogerpon|48\/100\n|move|p1a: Ogerpon|Ivy Cudgel|p2a: gaming chair|[anim] Ivy Cudgel Water\n|-damage|p2a: gaming chair|0 fnt\n|faint|p2a: gaming chair\n|-end|p2a: gaming chair|fallen2|[silent]\n|\n|upkeep\n|c|\u2606Powerbo|Not cool\n|\n|t:|1700370557\n|switch|p2a: holding the line|Zamazenta|100\/100\n|-ability|p2a: holding the line|Dauntless Shield|boost\n|-boost|p2a: holding the line|def|1\n|turn|8\n|c|\u2606Powerbo|Also I skipped the cudgel animation accidentally\n|\n|t:|1700370570\n|switch|p2a: OIC representative|Clodsire, F|100\/100\n|switch|p1a: Clefable|Clefable, M|100\/100\n|\n|upkeep\n|turn|9\n|\n|t:|1700370578\n|move|p1a: Clefable|Protect|p1a: Clefable\n|-singleturn|p1a: Clefable|Protect\n|move|p2a: OIC representative|Stealth Rock|p1a: Clefable\n|-sidestart|p1: Powerbo|move: Stealth Rock\n|\n|upkeep\n|turn|10\n|\n|t:|1700370583\n|move|p1a: Clefable|Encore|p2a: OIC representative\n|-start|p2a: OIC representative|Encore\n|move|p2a: OIC representative|Stealth Rock||[still]\n|-fail|p2a: OIC representative\n|\n|upkeep\n|turn|11\n|\n|t:|1700370588\n|switch|p1a: Zapdos|Zapdos|100\/100\n|switch|p2a: bonk.|Ogerpon-Wellspring, F|100\/100\n|\n|upkeep\n|turn|12\n|\n|t:|1700370592\n|switch|p2a: OIC representative|Clodsire, F|100\/100\n|move|p1a: Zapdos|Hurricane|p2a: OIC representative\n|-damage|p2a: OIC representative|78\/100\n|\n|-heal|p2a: OIC representative|84\/100|[from] item: Leftovers\n|upkeep\n|turn|13\n|\n|t:|1700370602\n|switch|p1a: Clefable|Clefable, M|100\/100\n|-damage|p1a: Clefable|88\/100|[from] Stealth Rock\n|move|p2a: OIC representative|Poison Jab|p1a: Clefable\n|-supereffective|p1a: Clefable\n|-damage|p1a: Clefable|46\/100\n|\n|-heal|p1a: Clefable|53\/100|[from] item: Leftovers\n|-heal|p2a: OIC representative|90\/100|[from] item: Leftovers\n|upkeep\n|turn|14\n|\n|t:|1700370609\n|switch|p1a: Ogerpon|Ogerpon-Wellspring, F|48\/100\n|-damage|p1a: Ogerpon|36\/100|[from] Stealth Rock\n|move|p2a: OIC representative|Poison Jab|p1a: Ogerpon\n|-supereffective|p1a: Ogerpon\n|-damage|p1a: Ogerpon|0 fnt\n|faint|p1a: Ogerpon\n|\n|-heal|p2a: OIC representative|96\/100|[from] item: Leftovers\n|upkeep\n|c|\u2606Powerbo|No physical moves moment\n|c|\u2606Powerbo|Gg\n|\n|t:|1700370629\n|switch|p1a: Heatran|Heatran, F|100\/100\n|-damage|p1a: Heatran|88\/100|[from] Stealth Rock\n|turn|15\n|c|\u2606Ryan&Ditto|not the clod dub\n|c|\u2606Ryan&Ditto|lmao\n|\n|t:|1700370637\n|move|p1a: Heatran|Earth Power|p2a: OIC representative\n|-supereffective|p2a: OIC representative\n|-damage|p2a: OIC representative|67\/100\n|move|p2a: OIC representative|High Horsepower|p1a: Heatran\n|-supereffective|p1a: Heatran\n|-damage|p1a: Heatran|9\/100\n|\n|-heal|p1a: Heatran|16\/100|[from] item: Leftovers\n|-heal|p2a: OIC representative|73\/100|[from] item: Leftovers\n|upkeep\n|turn|16\n|\n|t:|1700370645\n|switch|p2a: bonk.|Ogerpon-Wellspring, F|100\/100\n|move|p1a: Heatran|Earth Power|p2a: bonk.\n|-resisted|p2a: bonk.\n|-damage|p2a: bonk.|84\/100\n|\n|-heal|p1a: Heatran|22\/100|[from] item: Leftovers\n|upkeep\n|turn|17\n|\n|t:|1700370650\n|move|p2a: bonk.|Ivy Cudgel|p1a: Heatran|[anim] Ivy Cudgel Water\n|-supereffective|p1a: Heatran\n|-damage|p1a: Heatran|0 fnt\n|faint|p1a: Heatran\n|\n|upkeep\n|\n|t:|1700370653\n|switch|p1a: Zapdos|Zapdos|100\/100\n|turn|18\n|c|\u2606Ryan&Ditto|there it is\n|\n|t:|1700370658\n|switch|p2a: OIC representative|Clodsire, F|73\/100\n|move|p1a: Zapdos|Hurricane|p2a: OIC representative\n|-damage|p2a: OIC representative|48\/100\n|-start|p2a: OIC representative|confusion\n|\n|-heal|p2a: OIC representative|54\/100|[from] item: Leftovers\n|upkeep\n|turn|19\n|\n|t:|1700370662\n|move|p1a: Zapdos|Hurricane|p2a: OIC representative|[miss]\n|-miss|p1a: Zapdos|p2a: OIC representative\n|-activate|p2a: OIC representative|confusion\n|-damage|p2a: OIC representative|47\/100|[from] confusion\n|\n|-heal|p2a: OIC representative|53\/100|[from] item: Leftovers\n|upkeep\n|turn|20\n|c|\u2606Powerbo|LESGOOO\n|c|\u2606Powerbo|NOOOOOO\n|\n|t:|1700370672\n|move|p1a: Zapdos|Hurricane|p2a: OIC representative|[miss]\n|-miss|p1a: Zapdos|p2a: OIC representative\n|-end|p2a: OIC representative|confusion\n|move|p2a: OIC representative|Recover|p2a: OIC representative\n|-heal|p2a: OIC representative|100\/100\n|\n|upkeep\n|turn|21\n|c|\u2606Ryan&Ditto|lmao\n|c|\u2606Powerbo|Bitch\n|\n|t:|1700370679\n|move|p1a: Zapdos|Hurricane|p2a: OIC representative\n|-damage|p2a: OIC representative|75\/100\n|move|p2a: OIC representative|Poison Jab|p1a: Zapdos\n|-damage|p1a: Zapdos|80\/100\n|\n|-heal|p2a: OIC representative|81\/100|[from] item: Leftovers\n|upkeep\n|turn|22\n|c|\u2606Powerbo|Fuck hurricane\n|c|\u2606Powerbo|Man\n|\n|t:|1700370690\n|move|p1a: Zapdos|Heat Wave|p2a: OIC representative\n|-damage|p2a: OIC representative|67\/100\n|move|p2a: OIC representative|Poison Jab|p1a: Zapdos\n|-damage|p1a: Zapdos|59\/100\n|-status|p2a: OIC representative|par|[from] ability: Static|[of] p1a: Zapdos\n|\n|-heal|p2a: OIC representative|73\/100 par|[from] item: Leftovers\n|upkeep\n|turn|23\n|c|\u2606Ryan&Ditto|hurricane do be like that\n|\n|t:|1700370696\n|move|p1a: Zapdos|Hurricane|p2a: OIC representative|[miss]\n|-miss|p1a: Zapdos|p2a: OIC representative\n|move|p2a: OIC representative|Recover|p2a: OIC representative\n|-heal|p2a: OIC representative|100\/100 par\n|\n|upkeep\n|turn|24\n|c|\u2606Powerbo|OH COME ON\n|\n|t:|1700370705\n|move|p1a: Zapdos|Hurricane|p2a: OIC representative|[miss]\n|-miss|p1a: Zapdos|p2a: OIC representative\n|move|p2a: OIC representative|Poison Jab|p1a: Zapdos\n|-damage|p1a: Zapdos|38\/100\n|\n|upkeep\n|turn|25\n|c|\u2606Ryan&Ditto|hurricane moment\n|c|\u2606Powerbo|The bell\n|c|\u2606Ryan&Ditto|wheres my poison\n|c|\u2606Powerbo|*hell\n|\n|t:|1700370715\n|move|p1a: Zapdos|Hurricane|p2a: OIC representative\n|-damage|p2a: OIC representative|78\/100 par\n|move|p2a: OIC representative|Poison Jab|p1a: Zapdos\n|-damage|p1a: Zapdos|15\/100\n|-status|p1a: Zapdos|psn\n|\n|-heal|p2a: OIC representative|84\/100 par|[from] item: Leftovers\n|-damage|p1a: Zapdos|3\/100 psn|[from] psn\n|upkeep\n|turn|26\n|c|\u2606Powerbo|In hell\n|c|\u2606Ryan&Ditto|finally\n|c|\u2606Powerbo|oh my god\n|\n|t:|1700370728\n|switch|p2a: holding the line|Zamazenta|100\/100\n|move|p1a: Zapdos|Hurricane|p2a: holding the line|[miss]\n|-miss|p1a: Zapdos|p2a: holding the line\n|\n|-damage|p1a: Zapdos|0 fnt|[from] psn\n|faint|p1a: Zapdos\n|upkeep\n|c|\u2606Ryan&Ditto|watch this\n|\n|t:|1700370730\n|switch|p1a: Clefable|Clefable, M|53\/100\n|-damage|p1a: Clefable|40\/100|[from] Stealth Rock\n|turn|27\n|c|\u2606Ryan&Ditto|LMAO\n|\n|t:|1700370740\n|move|p2a: holding the line|Heavy Slam|p1a: Clefable\n|-supereffective|p1a: Clefable\n|-damage|p1a: Clefable|0 fnt\n|faint|p1a: Clefable\n|\n|win|Ryan&Ditto\n|c|\u2606Powerbo|Gg\n|c|\u2606Ryan&Ditto|gg\n","uploadtime":1700370749,"views":29,"p1id":"powerbo","p2id":"ryanditto","formatid":"gen9ou","rating":0,"private":0,"password":""}