{"id":"gen9ou-1994555635","p1":"MountCoroscept","p2":"mikejohns","format":"[Gen 9] OU","log":"|j|\u2606MountCoroscept\n|j|\u2606mikejohns\n|t:|1700459175\n|gametype|singles\n|player|p1|MountCoroscept|rocketgrunt|1593\n|player|p2|mikejohns|volkner|1672\n|teamsize|p1|6\n|teamsize|p2|6\n|gen|9\n|tier|[Gen 9] OU\n|rated|\n|rule|Sleep Clause Mod: Limit one foe put to sleep\n|rule|Species Clause: Limit one of each Pok\u00e9mon\n|rule|OHKO Clause: OHKO moves are banned\n|rule|Evasion Items Clause: Evasion items are banned\n|rule|Evasion Moves Clause: Evasion moves are banned\n|rule|Endless Battle Clause: Forcing endless battles is banned\n|rule|HP Percentage Mod: HP is shown in percentages\n|clearpoke\n|poke|p1|Ceruledge, F|\n|poke|p1|Rillaboom, F|\n|poke|p1|Samurott-Hisui, M|\n|poke|p1|Hatterene, F|\n|poke|p1|Iron Treads|\n|poke|p1|Kommo-o, M|\n|poke|p2|Landorus-Therian, M|\n|poke|p2|Rillaboom, F|\n|poke|p2|Heatran, M|\n|poke|p2|Iron Jugulis|\n|poke|p2|Cinderace, F|\n|poke|p2|Ogerpon-Wellspring, F|\n|teampreview\n|inactive|Battle timer is ON: inactive players will automatically lose when time's up. (requested by mikejohns)\n|j| Porycomingback\n|\n|t:|1700459196\n|start\n|switch|p1a: Samurott|Samurott-Hisui, M|100\/100\n|switch|p2a: Landorus|Landorus-Therian, M|100\/100\n|-ability|p2a: Landorus|Intimidate|boost\n|-unboost|p1a: Samurott|atk|1\n|turn|1\n|\n|t:|1700459206\n|switch|p1a: Rillaboom|Rillaboom, F|100\/100\n|-fieldstart|move: Grassy Terrain|[from] ability: Grassy Surge|[of] p1a: Rillaboom\n|move|p2a: Landorus|U-turn|p1a: Rillaboom\n|-supereffective|p1a: Rillaboom\n|-damage|p1a: Rillaboom|60\/100\n|\n|t:|1700459222\n|switch|p2a: Cinderace|Cinderace, F|100\/100|[from] U-turn\n|\n|-heal|p1a: Rillaboom|67\/100|[from] Grassy Terrain\n|upkeep\n|turn|2\n|j| Bad Players\n|\n|t:|1700459230\n|switch|p1a: Ceruledge|Ceruledge, F|100\/100\n|move|p2a: Cinderace|U-turn|p1a: Ceruledge\n|-start|p2a: Cinderace|typechange|Bug|[from] ability: Libero\n|-resisted|p1a: Ceruledge\n|-damage|p1a: Ceruledge|91\/100\n|-ability|p1a: Ceruledge|Weak Armor|boost\n|-unboost|p1a: Ceruledge|def|1\n|-boost|p1a: Ceruledge|spe|2\n|\n|t:|1700459235\n|switch|p2a: Landorus|Landorus-Therian, M|100\/100|[from] U-turn\n|-ability|p2a: Landorus|Intimidate|boost\n|-unboost|p1a: Ceruledge|atk|1\n|\n|-heal|p1a: Ceruledge|97\/100|[from] Grassy Terrain\n|upkeep\n|turn|3\n|\n|t:|1700459241\n|switch|p1a: Iron Treads|Iron Treads|100\/100\n|-enditem|p1a: Iron Treads|Booster Energy\n|-activate|p1a: Iron Treads|ability: Quark Drive|[fromitem]\n|-start|p1a: Iron Treads|quarkdrivespe\n|move|p2a: Landorus|Earthquake|p1a: Iron Treads\n|-supereffective|p1a: Iron Treads\n|-damage|p1a: Iron Treads|66\/100\n|\n|-heal|p1a: Iron Treads|72\/100|[from] Grassy Terrain\n|upkeep\n|turn|4\n|\n|t:|1700459253\n|switch|p2a: Ogerpon|Ogerpon-Wellspring, F|100\/100\n|move|p1a: Iron Treads|Knock Off|p2a: Ogerpon\n|-damage|p2a: Ogerpon|81\/100\n|\n|-heal|p1a: Iron Treads|79\/100|[from] Grassy Terrain\n|-heal|p2a: Ogerpon|87\/100|[from] Grassy Terrain\n|upkeep\n|turn|5\n|\n|t:|1700459266\n|move|p1a: Iron Treads|Stealth Rock|p2a: Ogerpon\n|-sidestart|p2: mikejohns|move: Stealth Rock\n|move|p2a: Ogerpon|Power Whip|p1a: Iron Treads\n|-damage|p1a: Iron Treads|15\/100\n|\n|-heal|p1a: Iron Treads|21\/100|[from] Grassy Terrain\n|-heal|p2a: Ogerpon|93\/100|[from] Grassy Terrain\n|-fieldend|move: Grassy Terrain\n|upkeep\n|turn|6\n|\n|t:|1700459278\n|-end|p1a: Iron Treads|Quark Drive|[silent]\n|switch|p1a: Rillaboom|Rillaboom, F|67\/100\n|-fieldstart|move: Grassy Terrain|[from] ability: Grassy Surge|[of] p1a: Rillaboom\n|move|p2a: Ogerpon|Ivy Cudgel|p1a: Rillaboom|[anim] Ivy Cudgel Water\n|-resisted|p1a: Rillaboom\n|-damage|p1a: Rillaboom|39\/100\n|\n|-heal|p2a: Ogerpon|99\/100|[from] Grassy Terrain\n|-heal|p1a: Rillaboom|45\/100|[from] Grassy Terrain\n|upkeep\n|turn|7\n|\n|t:|1700459285\n|switch|p2a: Landorus|Landorus-Therian, M|100\/100\n|-damage|p2a: Landorus|88\/100|[from] Stealth Rock\n|-ability|p2a: Landorus|Intimidate|boost\n|-unboost|p1a: Rillaboom|atk|1\n|move|p1a: Rillaboom|U-turn|p2a: Landorus\n|-resisted|p2a: Landorus\n|-damage|p2a: Landorus|82\/100\n|-damage|p1a: Rillaboom|28\/100|[from] item: Rocky Helmet|[of] p2a: Landorus\n|\n|t:|1700459290\n|switch|p1a: Kommo-o|Kommo-o, M|100\/100|[from] U-turn\n|\n|upkeep\n|turn|8\n|\n|t:|1700459294\n|move|p1a: Kommo-o|Swords Dance|p1a: Kommo-o\n|-boost|p1a: Kommo-o|atk|2\n|move|p2a: Landorus|U-turn|p1a: Kommo-o\n|-resisted|p1a: Kommo-o\n|-damage|p1a: Kommo-o|90\/100\n|\n|t:|1700459301\n|switch|p2a: Ogerpon|Ogerpon-Wellspring, F|99\/100|[from] U-turn\n|-damage|p2a: Ogerpon|86\/100|[from] Stealth Rock\n|\n|-heal|p2a: Ogerpon|92\/100|[from] Grassy Terrain\n|-heal|p1a: Kommo-o|96\/100|[from] Grassy Terrain\n|upkeep\n|turn|9\n|\n|t:|1700459305\n|move|p2a: Ogerpon|Encore|p1a: Kommo-o\n|-start|p1a: Kommo-o|Encore\n|move|p1a: Kommo-o|Swords Dance|p1a: Kommo-o\n|-boost|p1a: Kommo-o|atk|2\n|\n|-heal|p2a: Ogerpon|98\/100|[from] Grassy Terrain\n|-heal|p1a: Kommo-o|100\/100|[from] Grassy Terrain\n|upkeep\n|turn|10\n|\n|t:|1700459318\n|switch|p1a: Hatterene|Hatterene, F|100\/100\n|-enditem|p1a: Hatterene|Grassy Seed\n|-boost|p1a: Hatterene|def|1|[from] item: Grassy Seed\n|move|p2a: Ogerpon|Power Whip|p1a: Hatterene\n|-damage|p1a: Hatterene|50\/100\n|\n|-heal|p2a: Ogerpon|100\/100|[from] Grassy Terrain\n|-heal|p1a: Hatterene|56\/100|[from] Grassy Terrain\n|-fieldend|move: Grassy Terrain\n|upkeep\n|turn|11\n|\n|t:|1700459327\n|switch|p2a: Heatran|Heatran, M|100\/100\n|-damage|p2a: Heatran|88\/100|[from] Stealth Rock\n|move|p1a: Hatterene|Draining Kiss|p2a: Heatran\n|-resisted|p2a: Heatran\n|-damage|p2a: Heatran|85\/100\n|-heal|p1a: Hatterene|59\/100|[from] drain|[of] p2a: Heatran\n|\n|-heal|p2a: Heatran|91\/100|[from] item: Leftovers\n|upkeep\n|turn|12\n|\n|t:|1700459332\n|switch|p1a: Iron Treads|Iron Treads|21\/100\n|move|p2a: Heatran|Flash Cannon|p1a: Iron Treads\n|-resisted|p1a: Iron Treads\n|-damage|p1a: Iron Treads|5\/100\n|\n|-heal|p2a: Heatran|97\/100|[from] item: Leftovers\n|upkeep\n|turn|13\n|\n|t:|1700459339\n|switch|p2a: Landorus|Landorus-Therian, M|82\/100\n|-damage|p2a: Landorus|70\/100|[from] Stealth Rock\n|-ability|p2a: Landorus|Intimidate|boost\n|-unboost|p1a: Iron Treads|atk|1\n|move|p1a: Iron Treads|Knock Off|p2a: Landorus\n|-damage|p2a: Landorus|59\/100\n|-damage|p1a: Iron Treads|0 fnt|[from] item: Rocky Helmet|[of] p2a: Landorus\n|faint|p1a: Iron Treads\n|-end|p1a: Iron Treads|Quark Drive|[silent]\n|\n|upkeep\n|\n|t:|1700459363\n|switch|p1a: Kommo-o|Kommo-o, M|100\/100\n|turn|14\n|inactive|MountCoroscept has 120 seconds left.\n|\n|t:|1700459388\n|switch|p1a: Rillaboom|Rillaboom, F|28\/100\n|-fieldstart|move: Grassy Terrain|[from] ability: Grassy Surge|[of] p1a: Rillaboom\n|move|p2a: Landorus|U-turn|p1a: Rillaboom\n|-supereffective|p1a: Rillaboom\n|-damage|p1a: Rillaboom|0 fnt\n|faint|p1a: Rillaboom\n|\n|t:|1700459398\n|switch|p2a: Cinderace|Cinderace, F|100\/100|[from] U-turn\n|\n|upkeep\n|j| dfghhhg\n|\n|t:|1700459405\n|switch|p1a: Ceruledge|Ceruledge, F|97\/100\n|turn|15\n|inactive|MountCoroscept has 120 seconds left.\n|\n|t:|1700459426\n|switch|p2a: Ogerpon|Ogerpon-Wellspring, F|100\/100\n|-damage|p2a: Ogerpon|88\/100|[from] Stealth Rock\n|move|p1a: Ceruledge|Bitter Blade|p2a: Ogerpon\n|-damage|p2a: Ogerpon|0 fnt\n|-heal|p1a: Ceruledge|100\/100|[from] drain|[of] p2a: Ogerpon\n|faint|p2a: Ogerpon\n|\n|upkeep\n|inactive|mikejohns has 120 seconds left.\n|\n|t:|1700459448\n|switch|p2a: Heatran|Heatran, M|97\/100\n|-damage|p2a: Heatran|85\/100|[from] Stealth Rock\n|turn|16\n|\n|t:|1700459455\n|switch|p1a: Hatterene|Hatterene, F|59\/100\n|move|p2a: Heatran|Flash Cannon|p1a: Hatterene\n|-supereffective|p1a: Hatterene\n|-damage|p1a: Hatterene|0 fnt\n|faint|p1a: Hatterene\n|\n|-heal|p2a: Heatran|91\/100|[from] Grassy Terrain\n|-heal|p2a: Heatran|97\/100|[from] item: Leftovers\n|upkeep\n|\n|t:|1700459458\n|switch|p1a: Kommo-o|Kommo-o, M|100\/100\n|turn|17\n|\n|t:|1700459468\n|move|p1a: Kommo-o|Swords Dance|p1a: Kommo-o\n|-boost|p1a: Kommo-o|atk|2\n|move|p2a: Heatran|Flash Cannon|p1a: Kommo-o\n|-damage|p1a: Kommo-o|59\/100\n|\n|-heal|p1a: Kommo-o|65\/100|[from] Grassy Terrain\n|-heal|p2a: Heatran|100\/100|[from] Grassy Terrain\n|upkeep\n|turn|18\n|\n|t:|1700459475\n|move|p1a: Kommo-o|Close Combat|p2a: Heatran\n|-supereffective|p2a: Heatran\n|-damage|p2a: Heatran|0 fnt\n|-unboost|p1a: Kommo-o|def|1\n|-unboost|p1a: Kommo-o|spd|1\n|faint|p2a: Heatran\n|\n|-heal|p1a: Kommo-o|71\/100|[from] Grassy Terrain\n|-fieldend|move: Grassy Terrain\n|upkeep\n|\n|t:|1700459487\n|switch|p2a: Cinderace|Cinderace, F|100\/100\n|turn|19\n|\n|t:|1700459501\n|move|p2a: Cinderace|High Jump Kick|p1a: Kommo-o\n|-start|p2a: Cinderace|typechange|Fighting|[from] ability: Libero\n|-damage|p1a: Kommo-o|0 fnt\n|faint|p1a: Kommo-o\n|\n|upkeep\n|\n|t:|1700459503\n|switch|p1a: Ceruledge|Ceruledge, F|100\/100\n|turn|20\n|\n|t:|1700459518\n|move|p2a: Cinderace|U-turn|p1a: Ceruledge\n|-resisted|p1a: Ceruledge\n|-damage|p1a: Ceruledge|94\/100\n|-ability|p1a: Ceruledge|Weak Armor|boost\n|-unboost|p1a: Ceruledge|def|1\n|-boost|p1a: Ceruledge|spe|2\n|\n|t:|1700459521\n|switch|p2a: Landorus|Landorus-Therian, M|59\/100|[from] U-turn\n|-damage|p2a: Landorus|46\/100|[from] Stealth Rock\n|-ability|p2a: Landorus|Intimidate|boost\n|-unboost|p1a: Ceruledge|atk|1\n|move|p1a: Ceruledge|Bitter Blade|p2a: Landorus\n|-damage|p2a: Landorus|12\/100\n|-heal|p1a: Ceruledge|100\/100|[from] drain|[of] p2a: Landorus\n|-damage|p1a: Ceruledge|84\/100|[from] item: Rocky Helmet|[of] p2a: Landorus\n|\n|upkeep\n|turn|21\n|\n|t:|1700459531\n|move|p1a: Ceruledge|Bitter Blade|p2a: Landorus\n|-damage|p2a: Landorus|0 fnt\n|-heal|p1a: Ceruledge|92\/100|[from] drain|[of] p2a: Landorus\n|-damage|p1a: Ceruledge|75\/100|[from] item: Rocky Helmet|[of] p2a: Landorus\n|faint|p2a: Landorus\n|\n|upkeep\n|\n|t:|1700459543\n|switch|p2a: Iron Jugulis|Iron Jugulis|100\/100\n|-damage|p2a: Iron Jugulis|76\/100|[from] Stealth Rock\n|-enditem|p2a: Iron Jugulis|Booster Energy\n|-activate|p2a: Iron Jugulis|ability: Quark Drive|[fromitem]\n|-start|p2a: Iron Jugulis|quarkdrivespe\n|turn|22\n|\n|t:|1700459551\n|switch|p1a: Samurott|Samurott-Hisui, M|100\/100\n|move|p2a: Iron Jugulis|Dark Pulse|p1a: Samurott\n|-resisted|p1a: Samurott\n|-crit|p1a: Samurott\n|-damage|p1a: Samurott|56\/100\n|\n|upkeep\n|turn|23\n|j| flamewing_phoenix\n|\n|t:|1700459579\n|-end|p2a: Iron Jugulis|Quark Drive|[silent]\n|switch|p2a: Rillaboom|Rillaboom, F|100\/100\n|-damage|p2a: Rillaboom|88\/100|[from] Stealth Rock\n|-fieldstart|move: Grassy Terrain|[from] ability: Grassy Surge|[of] p2a: Rillaboom\n|move|p1a: Samurott|Razor Shell|p2a: Rillaboom\n|-resisted|p2a: Rillaboom\n|-damage|p2a: Rillaboom|62\/100\n|\n|-heal|p1a: Samurott|62\/100|[from] Grassy Terrain\n|-heal|p2a: Rillaboom|68\/100|[from] Grassy Terrain\n|upkeep\n|turn|24\n|\n|t:|1700459585\n|move|p1a: Samurott|Razor Shell|p2a: Rillaboom\n|-resisted|p2a: Rillaboom\n|-damage|p2a: Rillaboom|41\/100\n|move|p2a: Rillaboom|Knock Off|p1a: Samurott\n|-resisted|p1a: Samurott\n|-damage|p1a: Samurott|29\/100\n|-enditem|p1a: Samurott|Choice Scarf|[from] move: Knock Off|[of] p2a: Rillaboom\n|\n|-heal|p2a: Rillaboom|47\/100|[from] Grassy Terrain\n|-heal|p1a: Samurott|35\/100|[from] Grassy Terrain\n|upkeep\n|turn|25\n|inactive|MountCoroscept has 120 seconds left.\n|\n|t:|1700459605\n|switch|p2a: Cinderace|Cinderace, F|100\/100\n|move|p1a: Samurott|Ceaseless Edge|p2a: Cinderace\n|-damage|p2a: Cinderace|44\/100\n|-sidestart|p2: mikejohns|Spikes\n|\n|-heal|p2a: Cinderace|50\/100|[from] Grassy Terrain\n|-heal|p1a: Samurott|41\/100|[from] Grassy Terrain\n|upkeep\n|turn|26\n|inactive|MountCoroscept has 120 seconds left.\n|\n|t:|1700459624\n|switch|p1a: Ceruledge|Ceruledge, F|75\/100\n|move|p2a: Cinderace|Court Change|p2a: Cinderace\n|-start|p2a: Cinderace|typechange|Normal|[from] ability: Libero\n|-swapsideconditions\n|-activate|p2a: Cinderace|move: Court Change\n|\n|-heal|p2a: Cinderace|57\/100|[from] Grassy Terrain\n|-heal|p1a: Ceruledge|81\/100|[from] Grassy Terrain\n|upkeep\n|turn|27\n|inactive|MountCoroscept has 120 seconds left.\n|\n|t:|1700459649\n|move|p2a: Cinderace|High Jump Kick|p1a: Ceruledge\n|-immune|p1a: Ceruledge\n|-damage|p2a: Cinderace|7\/100|[from] highjumpkick\n|move|p1a: Ceruledge|Bitter Blade|p2a: Cinderace\n|-damage|p2a: Cinderace|0 fnt\n|-heal|p1a: Ceruledge|85\/100|[from] drain|[of] p2a: Cinderace\n|faint|p2a: Cinderace\n|\n|-heal|p1a: Ceruledge|91\/100|[from] Grassy Terrain\n|-fieldend|move: Grassy Terrain\n|upkeep\n|\n|t:|1700459654\n|switch|p2a: Iron Jugulis|Iron Jugulis|76\/100\n|turn|28\n|inactive|MountCoroscept has 120 seconds left.\n|\n|t:|1700459664\n|move|p2a: Iron Jugulis|Dark Pulse|p1a: Ceruledge\n|-supereffective|p1a: Ceruledge\n|-damage|p1a: Ceruledge|0 fnt\n|faint|p1a: Ceruledge\n|\n|upkeep\n|inactive|MountCoroscept has 120 seconds left.\n|-message|MountCoroscept forfeited.\n|\n|win|mikejohns\n|raw|MountCoroscept's rating: 1593 &rarr; <strong>1577<\/strong><br \/>(-16 for losing)\n|raw|mikejohns's rating: 1672 &rarr; <strong>1688<\/strong><br \/>(+16 for winning)\n|l|\u2606MountCoroscept\n|l| Porycomingback\n","uploadtime":1700459681,"views":12,"p1id":"mountcoroscept","p2id":"mikejohns","formatid":"gen9ou","rating":1577,"private":0,"password":""}