{"id":"gen9ou-1996405688","p1":"Imanjoneser","p2":"Quarters_OU","format":"[Gen 9] OU","log":"|j|\u2606Imanjoneser\n|j|\u2606Quarters_OU\n|t:|1700678925\n|gametype|singles\n|player|p1|Imanjoneser|bugcatcher-gen4dp|1139\n|player|p2|Quarters_OU|caitlin|1230\n|teamsize|p1|6\n|teamsize|p2|6\n|gen|9\n|tier|[Gen 9] OU\n|rated|\n|rule|Sleep Clause Mod: Limit one foe put to sleep\n|rule|Species Clause: Limit one of each Pok\u00e9mon\n|rule|OHKO Clause: OHKO moves are banned\n|rule|Evasion Items Clause: Evasion items are banned\n|rule|Evasion Moves Clause: Evasion moves are banned\n|rule|Endless Battle Clause: Forcing endless battles is banned\n|rule|HP Percentage Mod: HP is shown in percentages\n|clearpoke\n|poke|p1|Noivern, F|\n|poke|p1|Cinderace, F|\n|poke|p1|Maushold-Four|\n|poke|p1|Chesnaught, M|\n|poke|p1|Grafaiai, F|\n|poke|p1|Scovillain, F|\n|poke|p2|Maushold|\n|poke|p2|Rillaboom, F|\n|poke|p2|Great Tusk|\n|poke|p2|Heatran, F|\n|poke|p2|Enamorus, F|\n|poke|p2|Kingambit, M|\n|teampreview\n|inactive|Battle timer is ON: inactive players will automatically lose when time's up. (requested by Quarters_OU)\n|\n|t:|1700678997\n|start\n|switch|p1a: Grafaiai|Grafaiai, F, shiny|100\/100\n|switch|p2a: Enamorus|Enamorus, F|100\/100\n|turn|1\n|\n|t:|1700679010\n|move|p2a: Enamorus|Earth Power|p1a: Grafaiai\n|-supereffective|p1a: Grafaiai\n|-enditem|p1a: Grafaiai|Focus Sash\n|-damage|p1a: Grafaiai|1\/100\n|move|p1a: Grafaiai|Poison Jab|p2a: Enamorus\n|-supereffective|p2a: Enamorus\n|-damage|p2a: Enamorus|2\/100\n|\n|upkeep\n|turn|2\n|\n|t:|1700679026\n|switch|p2a: Heatran|Heatran, F|100\/100\n|move|p1a: Grafaiai|Parting Shot|p2a: Heatran\n|-unboost|p2a: Heatran|atk|1\n|-unboost|p2a: Heatran|spa|1\n|\n|t:|1700679035\n|switch|p1a: Cinderace|Cinderace, F, shiny|100\/100|[from] Parting Shot\n|\n|upkeep\n|turn|3\n|\n|t:|1700679048\n|switch|p2a: Great Tusk|Great Tusk|100\/100\n|move|p1a: Cinderace|High Jump Kick|p2a: Great Tusk\n|-start|p1a: Cinderace|typechange|Fighting|[from] ability: Libero\n|-damage|p2a: Great Tusk|59\/100\n|\n|-heal|p2a: Great Tusk|65\/100|[from] item: Leftovers\n|upkeep\n|turn|4\n|inactive|Imanjoneser has 120 seconds left.\n|inactive|Imanjoneser has 90 seconds left.\n|\n|t:|1700679119\n|switch|p1a: Chesnaught|Chesnaught, M, shiny|100\/100\n|move|p2a: Great Tusk|Ice Spinner|p1a: Chesnaught\n|-supereffective|p1a: Chesnaught\n|-damage|p1a: Chesnaught|65\/100\n|-damage|p2a: Great Tusk|49\/100|[from] item: Rocky Helmet|[of] p1a: Chesnaught\n|\n|-heal|p2a: Great Tusk|55\/100|[from] item: Leftovers\n|upkeep\n|turn|5\n|\n|t:|1700679131\n|-end|p2a: Great Tusk|Protosynthesis|[silent]\n|switch|p2a: Rillaboom|Rillaboom, F|100\/100\n|-fieldstart|move: Grassy Terrain|[from] ability: Grassy Surge|[of] p2a: Rillaboom\n|move|p1a: Chesnaught|Leech Seed|p2a: Rillaboom\n|-immune|p2a: Rillaboom\n|\n|-heal|p1a: Chesnaught|71\/100|[from] Grassy Terrain\n|upkeep\n|turn|6\n|\n|t:|1700679143\n|move|p1a: Chesnaught|Spiky Shield|p1a: Chesnaught\n|-singleturn|p1a: Chesnaught|move: Protect\n|move|p2a: Rillaboom|Knock Off|p1a: Chesnaught\n|-activate|p1a: Chesnaught|move: Protect\n|-damage|p2a: Rillaboom|88\/100|[from] Spiky Shield|[of] p1a: Chesnaught\n|\n|-heal|p2a: Rillaboom|94\/100|[from] Grassy Terrain\n|-heal|p1a: Chesnaught|77\/100|[from] Grassy Terrain\n|upkeep\n|turn|7\n|\n|t:|1700679153\n|move|p2a: Rillaboom|Knock Off|p1a: Chesnaught\n|-resisted|p1a: Chesnaught\n|-damage|p1a: Chesnaught|57\/100\n|-damage|p2a: Rillaboom|78\/100|[from] item: Rocky Helmet|[of] p1a: Chesnaught\n|-enditem|p1a: Chesnaught|Rocky Helmet|[from] move: Knock Off|[of] p2a: Rillaboom\n|move|p1a: Chesnaught|Drain Punch|p2a: Rillaboom\n|-damage|p2a: Rillaboom|39\/100\n|-heal|p1a: Chesnaught|74\/100|[from] drain|[of] p2a: Rillaboom\n|\n|-heal|p2a: Rillaboom|45\/100|[from] Grassy Terrain\n|-heal|p1a: Chesnaught|80\/100|[from] Grassy Terrain\n|upkeep\n|turn|8\n|inactive|Imanjoneser has 90 seconds left.\n|inactive|Quarters_OU has 120 seconds left.\n|\n|t:|1700679206\n|switch|p2a: Great Tusk|Great Tusk|55\/100\n|move|p1a: Chesnaught|Knock Off|p2a: Great Tusk\n|-resisted|p2a: Great Tusk\n|-damage|p2a: Great Tusk|45\/100\n|-enditem|p2a: Great Tusk|Leftovers|[from] move: Knock Off|[of] p1a: Chesnaught\n|\n|-heal|p2a: Great Tusk|51\/100|[from] Grassy Terrain\n|-heal|p1a: Chesnaught|86\/100|[from] Grassy Terrain\n|upkeep\n|turn|9\n|inactive|Imanjoneser has 90 seconds left.\n|\n|t:|1700679215\n|move|p2a: Great Tusk|Bulk Up|p2a: Great Tusk\n|-boost|p2a: Great Tusk|atk|1\n|-boost|p2a: Great Tusk|def|1\n|move|p1a: Chesnaught|Leech Seed|p2a: Great Tusk\n|-start|p2a: Great Tusk|move: Leech Seed\n|\n|-heal|p2a: Great Tusk|57\/100|[from] Grassy Terrain\n|-heal|p1a: Chesnaught|92\/100|[from] Grassy Terrain\n|-damage|p2a: Great Tusk|45\/100|[from] Leech Seed|[of] p1a: Chesnaught\n|-heal|p1a: Chesnaught|100\/100|[silent]\n|-fieldend|move: Grassy Terrain\n|upkeep\n|turn|10\n|inactive|Imanjoneser has 90 seconds left.\n|\n|t:|1700679234\n|-terastallize|p2a: Great Tusk|Ice\n|move|p2a: Great Tusk|Rapid Spin|p1a: Chesnaught\n|-damage|p1a: Chesnaught|83\/100\n|-boost|p2a: Great Tusk|spe|1\n|-end|p2a: Great Tusk|Leech Seed|[from] move: Rapid Spin|[of] p2a: Great Tusk\n|move|p1a: Chesnaught|Drain Punch|p2a: Great Tusk\n|-supereffective|p2a: Great Tusk\n|-damage|p2a: Great Tusk|12\/100\n|-heal|p1a: Chesnaught|100\/100|[from] drain|[of] p2a: Great Tusk\n|\n|upkeep\n|turn|11\n|inactive|Imanjoneser has 90 seconds left.\n|\n|t:|1700679246\n|move|p1a: Chesnaught|Spiky Shield|p1a: Chesnaught\n|-singleturn|p1a: Chesnaught|move: Protect\n|move|p2a: Great Tusk|Ice Spinner|p1a: Chesnaught\n|-activate|p1a: Chesnaught|move: Protect\n|-damage|p2a: Great Tusk|0 fnt|[from] Spiky Shield|[of] p1a: Chesnaught\n|faint|p2a: Great Tusk\n|-end|p2a: Great Tusk|Protosynthesis|[silent]\n|\n|upkeep\n|\n|t:|1700679256\n|switch|p2a: Enamorus|Enamorus, F|2\/100\n|turn|12\n|\n|t:|1700679269\n|switch|p1a: Cinderace|Cinderace, F, shiny|100\/100\n|move|p2a: Enamorus|Moonblast|p1a: Cinderace\n|-resisted|p1a: Cinderace\n|-damage|p1a: Cinderace|67\/100\n|\n|upkeep\n|turn|13\n|\n|t:|1700679279\n|move|p2a: Enamorus|Moonblast|p1a: Cinderace\n|-resisted|p1a: Cinderace\n|-damage|p1a: Cinderace|27\/100\n|-unboost|p1a: Cinderace|spa|1\n|move|p1a: Cinderace|High Jump Kick|p2a: Enamorus\n|-start|p1a: Cinderace|typechange|Fighting|[from] ability: Libero\n|-resisted|p2a: Enamorus\n|-crit|p2a: Enamorus\n|-damage|p2a: Enamorus|0 fnt\n|faint|p2a: Enamorus\n|\n|upkeep\n|\n|t:|1700679286\n|switch|p2a: devindian|Kingambit, M|100\/100\n|-activate|p2a: devindian|ability: Supreme Overlord\n|-start|p2a: devindian|fallen2|[silent]\n|turn|14\n|inactive|Quarters_OU has 120 seconds left.\n|\n|t:|1700679309\n|switch|p1a: Grafaiai|Grafaiai, F, shiny|1\/100\n|move|p2a: devindian|Sucker Punch||[still]\n|-fail|p2a: devindian\n|\n|upkeep\n|turn|15\n|\n|t:|1700679317\n|move|p1a: Grafaiai|Parting Shot|p2a: devindian\n|-hint|Since gen 7, Dark is immune to Prankster moves.\n|-immune|p2a: devindian\n|move|p2a: devindian|Swords Dance|p2a: devindian\n|-boost|p2a: devindian|atk|2\n|\n|upkeep\n|turn|16\n|\n|t:|1700679337\n|move|p1a: Grafaiai|Thief|p2a: devindian\n|-resisted|p2a: devindian\n|-damage|p2a: devindian|94\/100\n|-enditem|p2a: devindian|Leftovers|[silent]|[from] move: Thief|[of] p1a: Grafaiai\n|-item|p1a: Grafaiai|Leftovers|[from] move: Thief|[of] p2a: devindian\n|move|p2a: devindian|Kowtow Cleave|p1a: Grafaiai\n|-damage|p1a: Grafaiai|0 fnt\n|faint|p1a: Grafaiai\n|\n|upkeep\n|\n|t:|1700679348\n|switch|p1a: Scovillain|Scovillain, F, shiny|100\/100\n|turn|17\n|\n|t:|1700679353\n|move|p2a: devindian|Sucker Punch|p1a: Scovillain\n|-enditem|p1a: Scovillain|Focus Sash\n|-damage|p1a: Scovillain|1\/100\n|move|p1a: Scovillain|Flamethrower|p2a: devindian\n|-supereffective|p2a: devindian\n|-damage|p2a: devindian|26\/100\n|\n|upkeep\n|turn|18\n|inactive|Imanjoneser has 120 seconds left.\n|inactive|Quarters_OU has 120 seconds left.\n|\n|t:|1700679364\n|move|p2a: devindian|Sucker Punch|p1a: Scovillain\n|-damage|p1a: Scovillain|0 fnt\n|faint|p1a: Scovillain\n|\n|upkeep\n|\n|t:|1700679373\n|switch|p1a: Chesnaught|Chesnaught, M, shiny|100\/100\n|turn|19\n|\n|t:|1700679380\n|move|p1a: Chesnaught|Drain Punch|p2a: devindian\n|-supereffective|p2a: devindian\n|-damage|p2a: devindian|0 fnt\n|faint|p2a: devindian\n|-end|p2a: devindian|fallen2|[silent]\n|\n|upkeep\n|\n|t:|1700679387\n|switch|p2a: Maushold|Maushold|100\/100\n|turn|20\n|\n|t:|1700679395\n|move|p2a: Maushold|Population Bomb|p1a: Chesnaught\n|-damage|p1a: Chesnaught|93\/100\n|-damage|p1a: Chesnaught|84\/100\n|-damage|p1a: Chesnaught|76\/100\n|-damage|p1a: Chesnaught|66\/100\n|-damage|p1a: Chesnaught|58\/100\n|-damage|p1a: Chesnaught|50\/100\n|-damage|p1a: Chesnaught|42\/100\n|-damage|p1a: Chesnaught|33\/100\n|-crit|p1a: Chesnaught\n|-damage|p1a: Chesnaught|20\/100\n|-damage|p1a: Chesnaught|12\/100\n|-hitcount|p1a: Chesnaught|10\n|move|p1a: Chesnaught|Drain Punch|p2a: Maushold\n|-supereffective|p2a: Maushold\n|-damage|p2a: Maushold|0 fnt\n|-heal|p1a: Chesnaught|50\/100|[from] drain|[of] p2a: Maushold\n|faint|p2a: Maushold\n|\n|upkeep\n|\n|t:|1700679402\n|switch|p2a: Rillaboom|Rillaboom, F|45\/100\n|-fieldstart|move: Grassy Terrain|[from] ability: Grassy Surge|[of] p2a: Rillaboom\n|turn|21\n|inactive|Imanjoneser has 120 seconds left.\n|\n|t:|1700679446\n|move|p2a: Rillaboom|U-turn|p1a: Chesnaught\n|-damage|p1a: Chesnaught|19\/100\n|\n|t:|1700679449\n|switch|p2a: Heatran|Heatran, F|100\/100|[from] U-turn\n|move|p1a: Chesnaught|Drain Punch|p2a: Heatran\n|-supereffective|p2a: Heatran\n|-damage|p2a: Heatran|36\/100\n|-heal|p1a: Chesnaught|52\/100|[from] drain|[of] p2a: Heatran\n|\n|-heal|p2a: Heatran|42\/100|[from] Grassy Terrain\n|-heal|p2a: Heatran|49\/100|[from] item: Leftovers\n|-heal|p1a: Chesnaught|58\/100|[from] Grassy Terrain\n|upkeep\n|turn|22\n|inactive|Imanjoneser has 120 seconds left.\n|-message|Quarters_OU forfeited.\n|\n|win|Imanjoneser\n|raw|Imanjoneser's rating: 1139 &rarr; <strong>1170<\/strong><br \/>(+31 for winning)\n|raw|Quarters_OU's rating: 1230 &rarr; <strong>1199<\/strong><br \/>(-31 for losing)\n|l|\u2606Quarters_OU\n|c|\u2606Imanjoneser|:0\n","uploadtime":1700679471,"views":0,"p1id":"imanjoneser","p2id":"quartersou","formatid":"gen9ou","rating":1170,"private":0,"password":""}