{"id":"gen9ou-1993062628","p1":"xczzxc","p2":"littensalt","format":"[Gen 9] OU","log":"|j|\u2606xczzxc\n|j|\u2606littensalt\n|t:|1700260555\n|gametype|singles\n|player|p1|xczzxc|lucas|1412\n|player|p2|littensalt|calem|1400\n|teamsize|p1|6\n|teamsize|p2|6\n|gen|9\n|tier|[Gen 9] OU\n|rated|\n|rule|Sleep Clause Mod: Limit one foe put to sleep\n|rule|Species Clause: Limit one of each Pok\u00e9mon\n|rule|OHKO Clause: OHKO moves are banned\n|rule|Evasion Items Clause: Evasion items are banned\n|rule|Evasion Moves Clause: Evasion moves are banned\n|rule|Endless Battle Clause: Forcing endless battles is banned\n|rule|HP Percentage Mod: HP is shown in percentages\n|clearpoke\n|poke|p1|Corviknight, M|\n|poke|p1|Kingambit, M|\n|poke|p1|Rillaboom, M|\n|poke|p1|Gholdengo|\n|poke|p1|Dragapult, F|\n|poke|p1|Hatterene, F|\n|poke|p2|Thundurus-Therian, M|\n|poke|p2|Weezing-Galar, F|\n|poke|p2|Cinderace, M|\n|poke|p2|Dragapult, M|\n|poke|p2|Ting-Lu|\n|poke|p2|Zamazenta-*|\n|teampreview\n|\n|t:|1700260563\n|start\n|switch|p1a: Rillaboom|Rillaboom, M|100\/100\n|switch|p2a: wheezy outta here|Weezing-Galar, F, shiny|100\/100\n|-ability|p2a: wheezy outta here|Neutralizing Gas\n|turn|1\n|\n|t:|1700260567\n|move|p1a: Rillaboom|U-turn|p2a: wheezy outta here\n|-resisted|p2a: wheezy outta here\n|-damage|p2a: wheezy outta here|95\/100\n|-damage|p1a: Rillaboom|84\/100|[from] item: Rocky Helmet|[of] p2a: wheezy outta here\n|\n|t:|1700260569\n|switch|p1a: Gholdengo|Gholdengo|100\/100|[from] U-turn\n|-item|p1a: Gholdengo|Air Balloon\n|move|p2a: wheezy outta here|Will-O-Wisp|p1a: Gholdengo\n|-status|p1a: Gholdengo|brn\n|\n|-damage|p1a: Gholdengo|94\/100 brn|[from] brn\n|upkeep\n|turn|2\n|\n|t:|1700260574\n|-end|p2a: wheezy outta here|ability: Neutralizing Gas\n|switch|p2a: Ting-Lu|Ting-Lu|100\/100\n|-ability|p2a: Ting-Lu|Vessel of Ruin\n|move|p1a: Gholdengo|Make It Rain|p2a: Ting-Lu\n|-damage|p2a: Ting-Lu|75\/100\n|-unboost|p1a: Gholdengo|spa|1\n|\n|-heal|p2a: Ting-Lu|82\/100|[from] item: Leftovers\n|-damage|p1a: Gholdengo|88\/100 brn|[from] brn\n|upkeep\n|turn|3\n|\n|t:|1700260585\n|switch|p1a: South America|Hatterene, F|100\/100\n|move|p2a: Ting-Lu|Spikes|p1a: South America\n|move|p1a: South America|Spikes|p2a: Ting-Lu|[from]ability: Magic Bounce\n|-sidestart|p2: littensalt|Spikes\n|\n|-heal|p2a: Ting-Lu|88\/100|[from] item: Leftovers\n|upkeep\n|turn|4\n|\n|t:|1700260589\n|move|p1a: South America|Calm Mind|p1a: South America\n|-boost|p1a: South America|spa|1\n|-boost|p1a: South America|spd|1\n|move|p2a: Ting-Lu|Whirlwind|p1a: South America\n|move|p1a: South America|Whirlwind|p2a: Ting-Lu|[from]ability: Magic Bounce\n|drag|p2a: wheezy outta here|Weezing-Galar, F, shiny|95\/100\n|-ability|p2a: wheezy outta here|Neutralizing Gas\n|-damage|p2a: wheezy outta here|82\/100|[from] Spikes\n|\n|upkeep\n|turn|5\n|\n|t:|1700260593\n|move|p2a: wheezy outta here|Haze|p2a: wheezy outta here\n|-clearallboost\n|move|p1a: South America|Stored Power|p2a: wheezy outta here\n|-supereffective|p2a: wheezy outta here\n|-damage|p2a: wheezy outta here|56\/100\n|\n|upkeep\n|turn|6\n|\n|t:|1700260599\n|switch|p1a: Rillaboom|Rillaboom, M|84\/100\n|move|p2a: wheezy outta here|Will-O-Wisp|p1a: Rillaboom\n|-status|p1a: Rillaboom|brn\n|\n|-damage|p1a: Rillaboom|78\/100 brn|[from] brn\n|upkeep\n|turn|7\n|\n|t:|1700260602\n|move|p1a: Rillaboom|U-turn|p2a: wheezy outta here\n|-resisted|p2a: wheezy outta here\n|-damage|p2a: wheezy outta here|53\/100\n|-damage|p1a: Rillaboom|61\/100 brn|[from] item: Rocky Helmet|[of] p2a: wheezy outta here\n|\n|t:|1700260604\n|switch|p1a: Dragapult|Dragapult, F|100\/100|[from] U-turn\n|move|p2a: wheezy outta here|Pain Split|p1a: Dragapult\n|-sethp|p1a: Dragapult|78\/100|[from] move: Pain Split|[silent]\n|-sethp|p2a: wheezy outta here|75\/100|[from] move: Pain Split\n|\n|-heal|p1a: Dragapult|84\/100|[from] item: Leftovers\n|upkeep\n|turn|8\n|\n|t:|1700260608\n|move|p1a: Dragapult|Substitute|p1a: Dragapult\n|-start|p1a: Dragapult|Substitute\n|-damage|p1a: Dragapult|59\/100\n|move|p2a: wheezy outta here|Strange Steam|p1a: Dragapult\n|-supereffective|p1a: Dragapult\n|-end|p1a: Dragapult|Substitute\n|\n|-heal|p1a: Dragapult|65\/100|[from] item: Leftovers\n|upkeep\n|turn|9\n|\n|t:|1700260614\n|move|p1a: Dragapult|Will-O-Wisp|p2a: wheezy outta here\n|-status|p2a: wheezy outta here|brn\n|move|p2a: wheezy outta here|Strange Steam|p1a: Dragapult\n|-supereffective|p1a: Dragapult\n|-damage|p1a: Dragapult|0 fnt\n|faint|p1a: Dragapult\n|\n|-damage|p2a: wheezy outta here|69\/100 brn|[from] brn\n|upkeep\n|\n|t:|1700260618\n|switch|p1a: South America|Hatterene, F|100\/100\n|turn|10\n|\n|t:|1700260621\n|move|p2a: wheezy outta here|Will-O-Wisp|p1a: South America\n|-status|p1a: South America|brn\n|move|p1a: South America|Calm Mind|p1a: South America\n|-boost|p1a: South America|spa|1\n|-boost|p1a: South America|spd|1\n|\n|-damage|p2a: wheezy outta here|63\/100 brn|[from] brn\n|-damage|p1a: South America|95\/100 brn|[from] brn\n|upkeep\n|turn|11\n|\n|t:|1700260625\n|move|p2a: wheezy outta here|Haze|p2a: wheezy outta here\n|-clearallboost\n|move|p1a: South America|Reflect|p1a: South America\n|-sidestart|p1: xczzxc|Reflect\n|\n|-damage|p2a: wheezy outta here|57\/100 brn|[from] brn\n|-damage|p1a: South America|89\/100 brn|[from] brn\n|upkeep\n|turn|12\n|\n|t:|1700260630\n|move|p2a: wheezy outta here|Pain Split|p1a: South America\n|-sethp|p1a: South America|74\/100 brn|[from] move: Pain Split|[silent]\n|-sethp|p2a: wheezy outta here|71\/100 brn|[from] move: Pain Split\n|move|p1a: South America|Stored Power|p2a: wheezy outta here\n|-supereffective|p2a: wheezy outta here\n|-damage|p2a: wheezy outta here|47\/100 brn\n|\n|-damage|p2a: wheezy outta here|41\/100 brn|[from] brn\n|-damage|p1a: South America|68\/100 brn|[from] brn\n|upkeep\n|turn|13\n|\n|t:|1700260637\n|move|p2a: wheezy outta here|Pain Split|p1a: South America\n|-sethp|p1a: South America|55\/100 brn|[from] move: Pain Split|[silent]\n|-sethp|p2a: wheezy outta here|53\/100 brn|[from] move: Pain Split\n|move|p1a: South America|Stored Power|p2a: wheezy outta here\n|-supereffective|p2a: wheezy outta here\n|-damage|p2a: wheezy outta here|29\/100 brn\n|\n|-damage|p2a: wheezy outta here|23\/100 brn|[from] brn\n|-damage|p1a: South America|49\/100 brn|[from] brn\n|upkeep\n|turn|14\n|\n|t:|1700260644\n|move|p2a: wheezy outta here|Pain Split|p1a: South America\n|-sethp|p1a: South America|36\/100 brn|[from] move: Pain Split|[silent]\n|-sethp|p2a: wheezy outta here|35\/100 brn|[from] move: Pain Split\n|move|p1a: South America|Draining Kiss|p2a: wheezy outta here\n|-resisted|p2a: wheezy outta here\n|-damage|p2a: wheezy outta here|19\/100 brn\n|-heal|p1a: South America|48\/100 brn|[from] drain|[of] p2a: wheezy outta here\n|-damage|p1a: South America|31\/100 brn|[from] item: Rocky Helmet|[of] p2a: wheezy outta here\n|\n|-damage|p2a: wheezy outta here|13\/100 brn|[from] brn\n|-damage|p1a: South America|25\/100 brn|[from] brn\n|upkeep\n|turn|15\n|\n|t:|1700260653\n|-end|p2a: wheezy outta here|ability: Neutralizing Gas\n|switch|p2a: FRANCHISE|Cinderace, M|100\/100\n|move|p1a: South America|Draining Kiss|p2a: FRANCHISE\n|-resisted|p2a: FRANCHISE\n|-damage|p2a: FRANCHISE|85\/100\n|-heal|p1a: South America|37\/100 brn|[from] drain|[of] p2a: FRANCHISE\n|\n|-damage|p1a: South America|31\/100 brn|[from] brn\n|-sideend|p1: xczzxc|Reflect\n|upkeep\n|turn|16\n|\n|t:|1700260661\n|switch|p1a: Kingambit|Kingambit, M|100\/100\n|-activate|p1a: Kingambit|ability: Supreme Overlord\n|-start|p1a: Kingambit|fallen1|[silent]\n|move|p2a: FRANCHISE|Pyro Ball|p1a: Kingambit|[miss]\n|-miss|p2a: FRANCHISE|p1a: Kingambit\n|\n|upkeep\n|turn|17\n|\n|t:|1700260666\n|move|p1a: Kingambit|Sucker Punch|p2a: FRANCHISE\n|-damage|p2a: FRANCHISE|24\/100\n|move|p2a: FRANCHISE|Pyro Ball|p1a: Kingambit\n|-supereffective|p1a: Kingambit\n|-damage|p1a: Kingambit|2\/100\n|\n|-heal|p1a: Kingambit|8\/100|[from] item: Leftovers\n|upkeep\n|turn|18\n|\n|t:|1700260671\n|move|p1a: Kingambit|Sucker Punch||[still]\n|-fail|p1a: Kingambit\n|move|p2a: FRANCHISE|Court Change|p2a: FRANCHISE\n|-start|p2a: FRANCHISE|typechange|Normal|[from] ability: Libero\n|-swapsideconditions\n|-activate|p2a: FRANCHISE|move: Court Change\n|\n|-heal|p1a: Kingambit|14\/100|[from] item: Leftovers\n|upkeep\n|turn|19\n|\n|t:|1700260683\n|switch|p2a: wheezy outta here|Weezing-Galar, F, shiny|13\/100 brn\n|-ability|p2a: wheezy outta here|Neutralizing Gas\n|move|p1a: Kingambit|Sucker Punch||[still]\n|-fail|p1a: Kingambit\n|\n|-heal|p1a: Kingambit|20\/100|[from] item: Leftovers\n|-damage|p2a: wheezy outta here|7\/100 brn|[from] brn\n|upkeep\n|turn|20\n|\n|t:|1700260688\n|move|p1a: Kingambit|Tera Blast|p2a: wheezy outta here\n|-damage|p2a: wheezy outta here|0 fnt\n|faint|p2a: wheezy outta here\n|-end|p2a: wheezy outta here|ability: Neutralizing Gas\n|-activate|p1a: Kingambit|ability: Supreme Overlord\n|-start|p1a: Kingambit|fallen1|[silent]\n|\n|-heal|p1a: Kingambit|27\/100|[from] item: Leftovers\n|upkeep\n|\n|t:|1700260695\n|switch|p2a: Ting-Lu|Ting-Lu|88\/100\n|-ability|p2a: Ting-Lu|Vessel of Ruin\n|turn|21\n|\n|t:|1700260698\n|-end|p1a: Kingambit|fallen1|[silent]\n|switch|p1a: Gholdengo|Gholdengo|88\/100 brn\n|-item|p1a: Gholdengo|Air Balloon\n|move|p2a: Ting-Lu|Earthquake|p1a: Gholdengo\n|-immune|p1a: Gholdengo\n|\n|-heal|p2a: Ting-Lu|94\/100|[from] item: Leftovers\n|-damage|p1a: Gholdengo|82\/100 brn|[from] brn\n|upkeep\n|turn|22\n|\n|t:|1700260700\n|move|p1a: Gholdengo|Nasty Plot|p1a: Gholdengo\n|-boost|p1a: Gholdengo|spa|2\n|move|p2a: Ting-Lu|Ruination|p1a: Gholdengo\n|-damage|p1a: Gholdengo|41\/100 brn\n|-enditem|p1a: Gholdengo|Air Balloon\n|\n|-heal|p2a: Ting-Lu|99\/100|[from] item: Leftovers\n|-damage|p1a: Gholdengo|35\/100 brn|[from] brn\n|upkeep\n|turn|23\n|\n|t:|1700260703\n|move|p1a: Gholdengo|Make It Rain|p2a: Ting-Lu\n|-damage|p2a: Ting-Lu|50\/100\n|-unboost|p1a: Gholdengo|spa|1\n|move|p2a: Ting-Lu|Earthquake|p1a: Gholdengo\n|-supereffective|p1a: Gholdengo\n|-damage|p1a: Gholdengo|0 fnt\n|faint|p1a: Gholdengo\n|\n|-heal|p2a: Ting-Lu|57\/100|[from] item: Leftovers\n|upkeep\n|\n|t:|1700260705\n|switch|p1a: Rillaboom|Rillaboom, M|61\/100 brn\n|-damage|p1a: Rillaboom|49\/100 brn|[from] Spikes\n|-fieldstart|move: Grassy Terrain|[from] ability: Grassy Surge|[of] p1a: Rillaboom\n|turn|24\n|\n|t:|1700260712\n|switch|p2a: FRANCHISE|Cinderace, M|24\/100\n|move|p1a: Rillaboom|Wood Hammer|p2a: FRANCHISE\n|-resisted|p2a: FRANCHISE\n|-damage|p2a: FRANCHISE|0 fnt\n|faint|p2a: FRANCHISE\n|-damage|p1a: Rillaboom|43\/100 brn|[from] Recoil\n|\n|-heal|p1a: Rillaboom|49\/100 brn|[from] Grassy Terrain\n|-damage|p1a: Rillaboom|43\/100 brn|[from] brn\n|upkeep\n|\n|t:|1700260718\n|switch|p2a: KIDS SEE GHOST|Dragapult, M, shiny|100\/100\n|turn|25\n|\n|t:|1700260722\n|switch|p1a: South America|Hatterene, F|31\/100 brn\n|-damage|p1a: South America|18\/100 brn|[from] Spikes\n|-enditem|p1a: South America|Grassy Seed\n|-boost|p1a: South America|def|1|[from] item: Grassy Seed\n|move|p2a: KIDS SEE GHOST|Flamethrower|p1a: South America\n|-damage|p1a: South America|0 fnt\n|faint|p1a: South America\n|\n|upkeep\n|\n|t:|1700260724\n|switch|p1a: Kingambit|Kingambit, M|27\/100\n|-damage|p1a: Kingambit|14\/100|[from] Spikes\n|-activate|p1a: Kingambit|ability: Supreme Overlord\n|-start|p1a: Kingambit|fallen3|[silent]\n|turn|26\n|\n|t:|1700260727\n|switch|p2a: Ting-Lu|Ting-Lu|57\/100\n|-ability|p2a: Ting-Lu|Vessel of Ruin\n|move|p1a: Kingambit|Sucker Punch||[still]\n|-fail|p1a: Kingambit\n|\n|-heal|p1a: Kingambit|20\/100|[from] Grassy Terrain\n|-heal|p1a: Kingambit|27\/100|[from] item: Leftovers\n|-heal|p2a: Ting-Lu|63\/100|[from] Grassy Terrain\n|-heal|p2a: Ting-Lu|69\/100|[from] item: Leftovers\n|upkeep\n|turn|27\n|\n|t:|1700260738\n|-terastallize|p1a: Kingambit|Fairy\n|move|p1a: Kingambit|Tera Blast|p2a: Ting-Lu|[anim] Tera Blast Fairy\n|-supereffective|p2a: Ting-Lu\n|-damage|p2a: Ting-Lu|1\/100\n|move|p2a: Ting-Lu|Spikes|p1a: Kingambit\n|-sidestart|p1: xczzxc|Spikes\n|\n|-heal|p1a: Kingambit|33\/100|[from] Grassy Terrain\n|-heal|p1a: Kingambit|39\/100|[from] item: Leftovers\n|-heal|p2a: Ting-Lu|8\/100|[from] Grassy Terrain\n|-heal|p2a: Ting-Lu|14\/100|[from] item: Leftovers\n|upkeep\n|turn|28\n|\n|t:|1700260749\n|move|p1a: Kingambit|Tera Blast|p2a: Ting-Lu|[anim] Tera Blast Fairy\n|-supereffective|p2a: Ting-Lu\n|-damage|p2a: Ting-Lu|0 fnt\n|faint|p2a: Ting-Lu\n|\n|-heal|p1a: Kingambit|45\/100|[from] Grassy Terrain\n|-heal|p1a: Kingambit|51\/100|[from] item: Leftovers\n|-fieldend|move: Grassy Terrain\n|upkeep\n|\n|t:|1700260752\n|switch|p2a: november|Zamazenta|100\/100\n|-ability|p2a: november|Dauntless Shield|boost\n|-boost|p2a: november|def|1\n|turn|29\n|\n|t:|1700260754\n|-terastallize|p2a: november|Steel\n|move|p2a: november|Substitute|p2a: november\n|-start|p2a: november|Substitute\n|-damage|p2a: november|75\/100\n|move|p1a: Kingambit|Tera Blast|p2a: november|[anim] Tera Blast Fairy\n|-resisted|p2a: november\n|-activate|p2a: november|move: Substitute|[damage]\n|\n|-heal|p2a: november|82\/100|[from] item: Leftovers\n|-heal|p1a: Kingambit|57\/100|[from] item: Leftovers\n|upkeep\n|turn|30\n|\n|t:|1700260761\n|-end|p1a: Kingambit|fallen3|[silent]\n|switch|p1a: Corviknight|Corviknight, M, shiny|100\/100\n|-ability|p1a: Corviknight|Pressure\n|move|p2a: november|Iron Defense|p2a: november\n|-boost|p2a: november|def|2\n|\n|-heal|p2a: november|88\/100|[from] item: Leftovers\n|upkeep\n|turn|31\n|\n|t:|1700260765\n|move|p2a: november|Iron Defense|p2a: november\n|-boost|p2a: november|def|2\n|move|p1a: Corviknight|Iron Defense|p1a: Corviknight\n|-boost|p1a: Corviknight|def|2\n|\n|-heal|p2a: november|94\/100|[from] item: Leftovers\n|upkeep\n|turn|32\n|\n|t:|1700260772\n|move|p2a: november|Body Press|p1a: Corviknight\n|-damage|p1a: Corviknight|63\/100\n|-damage|p2a: november|78\/100|[from] item: Rocky Helmet|[of] p1a: Corviknight\n|move|p1a: Corviknight|Iron Defense|p1a: Corviknight\n|-boost|p1a: Corviknight|def|2\n|\n|-heal|p2a: november|84\/100|[from] item: Leftovers\n|upkeep\n|turn|33\n|\n|t:|1700260780\n|move|p2a: november|Body Press|p1a: Corviknight\n|-damage|p1a: Corviknight|39\/100\n|-damage|p2a: november|67\/100|[from] item: Rocky Helmet|[of] p1a: Corviknight\n|move|p1a: Corviknight|Roost|p1a: Corviknight\n|-heal|p1a: Corviknight|89\/100\n|-singleturn|p1a: Corviknight|move: Roost\n|\n|-heal|p2a: november|73\/100|[from] item: Leftovers\n|upkeep\n|turn|34\n|\n|t:|1700260784\n|move|p2a: november|Iron Defense|p2a: november\n|-boost|p2a: november|def|1\n|move|p1a: Corviknight|Iron Defense|p1a: Corviknight\n|-boost|p1a: Corviknight|def|2\n|\n|-heal|p2a: november|80\/100|[from] item: Leftovers\n|upkeep\n|turn|35\n|\n|t:|1700260789\n|move|p2a: november|Body Press|p1a: Corviknight\n|-damage|p1a: Corviknight|66\/100\n|-damage|p2a: november|63\/100|[from] item: Rocky Helmet|[of] p1a: Corviknight\n|move|p1a: Corviknight|Body Press|p2a: november\n|-supereffective|p2a: november\n|-end|p2a: november|Substitute\n|\n|-heal|p2a: november|69\/100|[from] item: Leftovers\n|upkeep\n|turn|36\n|\n|t:|1700260799\n|move|p2a: november|Body Press|p1a: Corviknight\n|-damage|p1a: Corviknight|46\/100\n|-damage|p2a: november|53\/100|[from] item: Rocky Helmet|[of] p1a: Corviknight\n|move|p1a: Corviknight|Body Press|p2a: november\n|-supereffective|p2a: november\n|-damage|p2a: november|19\/100\n|\n|-heal|p2a: november|25\/100|[from] item: Leftovers\n|upkeep\n|turn|37\n|\n|t:|1700260803\n|move|p2a: november|Body Press|p1a: Corviknight\n|-damage|p1a: Corviknight|24\/100\n|-damage|p2a: november|8\/100|[from] item: Rocky Helmet|[of] p1a: Corviknight\n|move|p1a: Corviknight|Roost|p1a: Corviknight\n|-heal|p1a: Corviknight|74\/100\n|-singleturn|p1a: Corviknight|move: Roost\n|\n|-heal|p2a: november|15\/100|[from] item: Leftovers\n|upkeep\n|turn|38\n|\n|t:|1700260808\n|move|p2a: november|Body Press|p1a: Corviknight\n|-damage|p1a: Corviknight|53\/100\n|-damage|p2a: november|0 fnt|[from] item: Rocky Helmet|[of] p1a: Corviknight\n|faint|p2a: november\n|move|p1a: Corviknight|Roost|p1a: Corviknight\n|-heal|p1a: Corviknight|100\/100\n|-singleturn|p1a: Corviknight|move: Roost\n|\n|upkeep\n|\n|t:|1700260811\n|switch|p2a: KIDS SEE GHOST|Dragapult, M, shiny|100\/100\n|turn|39\n|\n|t:|1700260812\n|switch|p1a: Rillaboom|Rillaboom, M|43\/100 brn\n|-damage|p1a: Rillaboom|26\/100 brn|[from] Spikes\n|-fieldstart|move: Grassy Terrain|[from] ability: Grassy Surge|[of] p1a: Rillaboom\n|move|p2a: KIDS SEE GHOST|Flamethrower|p1a: Rillaboom\n|-supereffective|p1a: Rillaboom\n|-damage|p1a: Rillaboom|0 fnt\n|faint|p1a: Rillaboom\n|\n|upkeep\n|\n|t:|1700260815\n|switch|p1a: Corviknight|Corviknight, M, shiny|100\/100\n|-ability|p1a: Corviknight|Pressure\n|turn|40\n|\n|t:|1700260818\n|move|p2a: KIDS SEE GHOST|Flamethrower|p1a: Corviknight\n|-supereffective|p1a: Corviknight\n|-damage|p1a: Corviknight|32\/100\n|-status|p1a: Corviknight|brn\n|move|p1a: Corviknight|Body Press|p2a: KIDS SEE GHOST\n|-immune|p2a: KIDS SEE GHOST\n|\n|-damage|p1a: Corviknight|26\/100 brn|[from] brn\n|upkeep\n|turn|41\n|\n|t:|1700260821\n|move|p2a: KIDS SEE GHOST|Flamethrower|p1a: Corviknight\n|-supereffective|p1a: Corviknight\n|-damage|p1a: Corviknight|0 fnt\n|faint|p1a: Corviknight\n|\n|upkeep\n|\n|t:|1700260822\n|switch|p1a: Kingambit|Kingambit, M, tera:Fairy|57\/100\n|-damage|p1a: Kingambit|41\/100|[from] Spikes\n|-activate|p1a: Kingambit|ability: Supreme Overlord\n|-start|p1a: Kingambit|fallen5|[silent]\n|turn|42\n|\n|t:|1700260826\n|switch|p2a: 5g|Thundurus-Therian, M, shiny|100\/100\n|move|p1a: Kingambit|Sucker Punch||[still]\n|-fail|p1a: Kingambit\n|\n|-heal|p1a: Kingambit|47\/100|[from] Grassy Terrain\n|-heal|p1a: Kingambit|53\/100|[from] item: Leftovers\n|upkeep\n|turn|43\n|\n|t:|1700260830\n|switch|p2a: KIDS SEE GHOST|Dragapult, M, shiny|100\/100\n|move|p1a: Kingambit|Tera Blast|p2a: KIDS SEE GHOST|[anim] Tera Blast Fairy\n|-supereffective|p2a: KIDS SEE GHOST\n|-damage|p2a: KIDS SEE GHOST|0 fnt\n|faint|p2a: KIDS SEE GHOST\n|\n|-heal|p1a: Kingambit|59\/100|[from] Grassy Terrain\n|-heal|p1a: Kingambit|66\/100|[from] item: Leftovers\n|-fieldend|move: Grassy Terrain\n|upkeep\n|\n|t:|1700260832\n|switch|p2a: 5g|Thundurus-Therian, M, shiny|100\/100\n|turn|44\n|\n|t:|1700260835\n|move|p1a: Kingambit|Sucker Punch|p2a: 5g\n|-damage|p2a: 5g|4\/100\n|move|p2a: 5g|Volt Switch|p1a: Kingambit\n|-damage|p1a: Kingambit|0 fnt\n|faint|p1a: Kingambit\n|-end|p1a: Kingambit|fallen5|[silent]\n|\n|win|littensalt\n|raw|xczzxc's rating: 1412 &rarr; <strong>1391<\/strong><br \/>(-21 for losing)\n|raw|littensalt's rating: 1400 &rarr; <strong>1421<\/strong><br \/>(+21 for winning)\n|c|\u2606littensalt|ggwp\n","uploadtime":1700260848,"views":11,"p1id":"xczzxc","p2id":"littensalt","formatid":"gen9ou","rating":1391,"private":0,"password":""}