{"id":"gen9ou-1995979119","p1":"Jameswlad","p2":"Onte bad","format":"[Gen 9] OU","log":"|j|\u2606Jameswlad\n|j|\u2606Onte bad\n|t:|1700624648\n|gametype|singles\n|player|p1|Jameswlad|n|1267\n|player|p2|Onte bad|169|1225\n|teamsize|p1|6\n|teamsize|p2|6\n|gen|9\n|tier|[Gen 9] OU\n|rated|\n|rule|Sleep Clause Mod: Limit one foe put to sleep\n|rule|Species Clause: Limit one of each Pok\u00e9mon\n|rule|OHKO Clause: OHKO moves are banned\n|rule|Evasion Items Clause: Evasion items are banned\n|rule|Evasion Moves Clause: Evasion moves are banned\n|rule|Endless Battle Clause: Forcing endless battles is banned\n|rule|HP Percentage Mod: HP is shown in percentages\n|clearpoke\n|poke|p1|Charizard, M|\n|poke|p1|Cinderace, F|\n|poke|p1|Ribombee, F|\n|poke|p1|Walking Wake|\n|poke|p1|Landorus-Therian, M|\n|poke|p1|Iron Valiant|\n|poke|p2|Regidrago|\n|poke|p2|Ribombee, M|\n|poke|p2|Scizor, F|\n|poke|p2|Slowking-Galar, F|\n|poke|p2|Breloom, F|\n|poke|p2|Quaquaval, M|\n|teampreview\n|inactive|Battle timer is ON: inactive players will automatically lose when time's up. (requested by Jameswlad)\n|\n|t:|1700624660\n|start\n|switch|p1a: Cinderace|Cinderace, F|100\/100\n|switch|p2a: Quaquaval|Quaquaval, M|100\/100\n|turn|1\n|\n|t:|1700624664\n|move|p1a: Cinderace|Will-O-Wisp|p2a: Quaquaval\n|-status|p2a: Quaquaval|brn\n|move|p2a: Quaquaval|Aqua Step|p1a: Cinderace\n|-supereffective|p1a: Cinderace\n|-damage|p1a: Cinderace|52\/100\n|-boost|p2a: Quaquaval|spe|1\n|\n|-damage|p2a: Quaquaval|94\/100 brn|[from] brn\n|upkeep\n|turn|2\n|\n|t:|1700624669\n|switch|p2a: Ribombee|Ribombee, M|100\/100\n|switch|p1a: Landorus|Landorus-Therian, M|100\/100\n|-ability|p1a: Landorus|Intimidate|boost\n|-unboost|p2a: Ribombee|atk|1\n|\n|upkeep\n|turn|3\n|\n|t:|1700624673\n|move|p2a: Ribombee|Sticky Web|p1a: Landorus\n|-sidestart|p1: Jameswlad|move: Sticky Web\n|move|p1a: Landorus|Earthquake|p2a: Ribombee\n|-resisted|p2a: Ribombee\n|-damage|p2a: Ribombee|55\/100\n|\n|upkeep\n|turn|4\n|\n|t:|1700624679\n|switch|p2a: Quaquaval|Quaquaval, M|94\/100 brn\n|move|p1a: Landorus|Earthquake|p2a: Quaquaval\n|-damage|p2a: Quaquaval|28\/100 brn\n|\n|-damage|p2a: Quaquaval|22\/100 brn|[from] brn\n|upkeep\n|turn|5\n|\n|t:|1700624683\n|move|p2a: Quaquaval|Ice Spinner|p1a: Landorus\n|-supereffective|p1a: Landorus\n|-damage|p1a: Landorus|46\/100\n|-damage|p2a: Quaquaval|5\/100 brn|[from] item: Rocky Helmet|[of] p1a: Landorus\n|move|p1a: Landorus|Earthquake|p2a: Quaquaval\n|-damage|p2a: Quaquaval|0 fnt\n|faint|p2a: Quaquaval\n|\n|upkeep\n|\n|t:|1700624686\n|switch|p2a: Ribombee|Ribombee, M|55\/100\n|turn|6\n|\n|t:|1700624688\n|move|p2a: Ribombee|Moonblast|p1a: Landorus\n|-damage|p1a: Landorus|15\/100\n|move|p1a: Landorus|Earthquake|p2a: Ribombee\n|-resisted|p2a: Ribombee\n|-damage|p2a: Ribombee|11\/100\n|\n|upkeep\n|turn|7\n|\n|t:|1700624697\n|move|p2a: Ribombee|Moonblast|p1a: Landorus\n|-damage|p1a: Landorus|0 fnt\n|faint|p1a: Landorus\n|\n|upkeep\n|\n|t:|1700624702\n|switch|p1a: Cinderace|Cinderace, F|52\/100\n|turn|8\n|\n|t:|1700624715\n|move|p2a: Ribombee|Moonblast|p1a: Cinderace\n|-resisted|p1a: Cinderace\n|-damage|p1a: Cinderace|28\/100\n|move|p1a: Cinderace|Pyro Ball|p2a: Ribombee\n|-supereffective|p2a: Ribombee\n|-damage|p2a: Ribombee|0 fnt\n|faint|p2a: Ribombee\n|\n|upkeep\n|\n|t:|1700624718\n|switch|p2a: Breloom|Breloom, F|100\/100\n|turn|9\n|\n|t:|1700624722\n|move|p2a: Breloom|Mach Punch|p1a: Cinderace\n|-damage|p1a: Cinderace|0 fnt\n|faint|p1a: Cinderace\n|\n|upkeep\n|\n|t:|1700624732\n|switch|p1a: Ribombee|Ribombee, F|100\/100\n|-activate|p1a: Ribombee|move: Sticky Web\n|-unboost|p1a: Ribombee|spe|1\n|turn|10\n|\n|t:|1700624735\n|move|p2a: Breloom|Rock Tomb|p1a: Ribombee\n|-supereffective|p1a: Ribombee\n|-enditem|p1a: Ribombee|Focus Sash\n|-damage|p1a: Ribombee|1\/100\n|move|p1a: Ribombee|Sticky Web|p2a: Breloom\n|-sidestart|p2: Onte bad|move: Sticky Web\n|\n|upkeep\n|turn|11\n|\n|t:|1700624740\n|move|p2a: Breloom|Mach Punch|p1a: Ribombee\n|-resisted|p1a: Ribombee\n|-damage|p1a: Ribombee|0 fnt\n|faint|p1a: Ribombee\n|\n|upkeep\n|\n|t:|1700624756\n|switch|p1a: Charizard|Charizard, M|100\/100\n|turn|12\n|\n|t:|1700624761\n|move|p1a: Charizard|Overheat|p2a: Breloom|[miss]\n|-miss|p1a: Charizard|p2a: Breloom\n|move|p2a: Breloom|Rock Tomb|p1a: Charizard\n|-supereffective|p1a: Charizard\n|-damage|p1a: Charizard|0 fnt\n|faint|p1a: Charizard\n|\n|upkeep\n|c|\u2606Onte bad|rip\n|l|\u2606Jameswlad\n|inactive|Jameswlad disconnected and has a minute to reconnect!\n|player|p1|\n|j|\u2606Jameswlad\n|inactive|Jameswlad reconnected and has 130 seconds left.\n|player|p1|Jameswlad|n\n|\n|t:|1700624779\n|switch|p1a: Iron Valiant|Iron Valiant|100\/100\n|-activate|p1a: Iron Valiant|move: Sticky Web\n|-unboost|p1a: Iron Valiant|spe|1\n|-enditem|p1a: Iron Valiant|Booster Energy\n|-activate|p1a: Iron Valiant|ability: Quark Drive|[fromitem]\n|-start|p1a: Iron Valiant|quarkdrivespa\n|turn|13\n|\n|t:|1700624786\n|move|p2a: Breloom|Bullet Seed|p1a: Iron Valiant\n|-damage|p1a: Iron Valiant|76\/100\n|-crit|p1a: Iron Valiant\n|-damage|p1a: Iron Valiant|40\/100\n|-damage|p1a: Iron Valiant|15\/100\n|-damage|p1a: Iron Valiant|0 fnt\n|faint|p1a: Iron Valiant\n|-end|p1a: Iron Valiant|Quark Drive|[silent]\n|-hitcount|p1: Iron Valiant|4\n|\n|upkeep\n|\n|t:|1700624788\n|switch|p1a: Walking Wake|Walking Wake|100\/100\n|-activate|p1a: Walking Wake|move: Sticky Web\n|-unboost|p1a: Walking Wake|spe|1\n|-enditem|p1a: Walking Wake|Booster Energy\n|-activate|p1a: Walking Wake|ability: Protosynthesis|[fromitem]\n|-start|p1a: Walking Wake|protosynthesisspa\n|turn|14\n|\n|t:|1700624794\n|move|p2a: Breloom|Bullet Seed|p1a: Walking Wake\n|-damage|p1a: Walking Wake|81\/100\n|-damage|p1a: Walking Wake|60\/100\n|-hitcount|p1a: Walking Wake|2\n|move|p1a: Walking Wake|Agility|p1a: Walking Wake\n|-boost|p1a: Walking Wake|spe|2\n|\n|upkeep\n|turn|15\n|\n|t:|1700624802\n|move|p1a: Walking Wake|Dragon Pulse|p2a: Breloom\n|-enditem|p2a: Breloom|Focus Sash\n|-damage|p2a: Breloom|1\/100\n|move|p2a: Breloom|Bullet Seed|p1a: Walking Wake\n|-damage|p1a: Walking Wake|38\/100\n|-damage|p1a: Walking Wake|16\/100\n|-hitcount|p1a: Walking Wake|2\n|\n|upkeep\n|turn|16\n|\n|t:|1700624810\n|move|p2a: Breloom|Mach Punch|p1a: Walking Wake\n|-damage|p1a: Walking Wake|0 fnt\n|faint|p1a: Walking Wake\n|-end|p1a: Walking Wake|Protosynthesis|[silent]\n|\n|win|Onte bad\n|raw|Jameswlad's rating: 1267 &rarr; <strong>1239<\/strong><br \/>(-28 for losing)\n|raw|Onte bad's rating: 1225 &rarr; <strong>1253<\/strong><br \/>(+28 for winning)\n|l|\u2606Jameswlad\n","uploadtime":1700624814,"views":2,"p1id":"jameswlad","p2id":"ontebad","formatid":"gen9ou","rating":1239,"private":0,"password":""}