{"id":"gen9ou-1991794393","p1":"plabington","p2":"SEUIf","format":"[Gen 9] OU","log":"|j|\u2606plabington\n|j|\u2606SEUIf\n|t:|1700118620\n|gametype|singles\n|player|p1|plabington|acetrainerf|1115\n|player|p2|SEUIf|ingo-hisui|1093\n|teamsize|p1|6\n|teamsize|p2|6\n|gen|9\n|tier|[Gen 9] OU\n|rated|\n|rule|Sleep Clause Mod: Limit one foe put to sleep\n|rule|Species Clause: Limit one of each Pok\u00e9mon\n|rule|OHKO Clause: OHKO moves are banned\n|rule|Evasion Items Clause: Evasion items are banned\n|rule|Evasion Moves Clause: Evasion moves are banned\n|rule|Endless Battle Clause: Forcing endless battles is banned\n|rule|HP Percentage Mod: HP is shown in percentages\n|clearpoke\n|poke|p1|Ursaluna, M|\n|poke|p1|Hatterene, F|\n|poke|p1|Garganacl, M|\n|poke|p1|Sneasler, F|\n|poke|p1|Zapdos|\n|poke|p1|Samurott-Hisui, F|\n|poke|p2|Ogerpon, F|\n|poke|p2|Moltres|\n|poke|p2|Great Tusk|\n|poke|p2|Kingambit, F|\n|poke|p2|Greninja-*, M|\n|poke|p2|Dragapult, M|\n|teampreview\n|\n|t:|1700118627\n|start\n|switch|p1a: Garganacl|Garganacl, M|100\/100\n|switch|p2a: Ogerpon|Ogerpon, F|100\/100\n|turn|1\n|\n|t:|1700118636\n|move|p2a: Ogerpon|Knock Off|p1a: Garganacl\n|-crit|p1a: Garganacl\n|-damage|p1a: Garganacl|74\/100\n|-enditem|p1a: Garganacl|Leftovers|[from] move: Knock Off|[of] p2a: Ogerpon\n|move|p1a: Garganacl|Stealth Rock|p2a: Ogerpon\n|-sidestart|p2: SEUIf|move: Stealth Rock\n|\n|upkeep\n|turn|2\n|j| TTJ_Jayden\n|\n|t:|1700118646\n|switch|p1a: Hatterene|Hatterene, F|100\/100\n|move|p2a: Ogerpon|Power Whip|p1a: Hatterene\n|-damage|p1a: Hatterene|38\/100\n|\n|-heal|p1a: Hatterene|44\/100|[from] item: Leftovers\n|upkeep\n|turn|3\n|l| TTJ_Jayden\n|\n|t:|1700118654\n|move|p2a: Ogerpon|Power Whip|p1a: Hatterene\n|-crit|p1a: Hatterene\n|-damage|p1a: Hatterene|0 fnt\n|faint|p1a: Hatterene\n|\n|upkeep\n|\n|t:|1700118664\n|switch|p1a: Sneasler|Sneasler, F|100\/100\n|-item|p1a: Sneasler|Air Balloon\n|turn|4\n|\n|t:|1700118701\n|switch|p2a: Moltres|Moltres|100\/100\n|move|p1a: Sneasler|Swords Dance|p1a: Sneasler\n|-boost|p1a: Sneasler|atk|2\n|\n|upkeep\n|turn|5\n|\n|t:|1700118710\n|move|p1a: Sneasler|Dire Claw|p2a: Moltres\n|-damage|p2a: Moltres|36\/100\n|-status|p2a: Moltres|psn\n|move|p2a: Moltres|Will-O-Wisp|p1a: Sneasler\n|-status|p1a: Sneasler|brn\n|\n|-damage|p2a: Moltres|24\/100 psn|[from] psn\n|-damage|p1a: Sneasler|95\/100 brn|[from] brn\n|upkeep\n|turn|6\n|\n|t:|1700118726\n|move|p1a: Sneasler|Swords Dance|p1a: Sneasler\n|-boost|p1a: Sneasler|atk|2\n|move|p2a: Moltres|Roost|p2a: Moltres\n|-heal|p2a: Moltres|74\/100 psn\n|-singleturn|p2a: Moltres|move: Roost\n|\n|-damage|p2a: Moltres|62\/100 psn|[from] psn\n|-damage|p1a: Sneasler|89\/100 brn|[from] brn\n|upkeep\n|turn|7\n|\n|t:|1700118740\n|move|p1a: Sneasler|Dire Claw|p2a: Moltres\n|-damage|p2a: Moltres|14\/100 psn\n|move|p2a: Moltres|Roost|p2a: Moltres\n|-heal|p2a: Moltres|64\/100 psn\n|-singleturn|p2a: Moltres|move: Roost\n|\n|-damage|p2a: Moltres|52\/100 psn|[from] psn\n|-damage|p1a: Sneasler|83\/100 brn|[from] brn\n|upkeep\n|turn|8\n|\n|t:|1700118751\n|move|p1a: Sneasler|Swords Dance|p1a: Sneasler\n|-boost|p1a: Sneasler|atk|2\n|move|p2a: Moltres|Roost|p2a: Moltres\n|-heal|p2a: Moltres|100\/100 psn\n|-singleturn|p2a: Moltres|move: Roost\n|\n|-damage|p2a: Moltres|88\/100 psn|[from] psn\n|-damage|p1a: Sneasler|77\/100 brn|[from] brn\n|upkeep\n|turn|9\n|\n|t:|1700118761\n|move|p1a: Sneasler|Dire Claw|p2a: Moltres\n|-damage|p2a: Moltres|18\/100 psn\n|move|p2a: Moltres|Flamethrower|p1a: Sneasler\n|-damage|p1a: Sneasler|25\/100 brn\n|-enditem|p1a: Sneasler|Air Balloon\n|\n|-damage|p2a: Moltres|6\/100 psn|[from] psn\n|-damage|p1a: Sneasler|19\/100 brn|[from] brn\n|upkeep\n|turn|10\n|\n|t:|1700118770\n|move|p1a: Sneasler|Dire Claw|p2a: Moltres\n|-damage|p2a: Moltres|0 fnt\n|faint|p2a: Moltres\n|\n|-damage|p1a: Sneasler|13\/100 brn|[from] brn\n|upkeep\n|\n|t:|1700118774\n|switch|p2a: Greninja|Greninja, M|100\/100\n|-damage|p2a: Greninja|88\/100|[from] Stealth Rock\n|turn|11\n|\n|t:|1700118781\n|move|p2a: Greninja|Water Shuriken|p1a: Sneasler\n|-damage|p1a: Sneasler|0 fnt\n|faint|p1a: Sneasler\n|-ability|p2a: Greninja|Battle Bond|boost\n|-boost|p2a: Greninja|atk|1\n|-boost|p2a: Greninja|spa|1\n|-boost|p2a: Greninja|spe|1\n|-activate|p2a: Greninja|ability: Battle Bond\n|-hitcount|p1: Sneasler|1\n|-damage|p2a: Greninja|78\/100|[from] item: Life Orb\n|\n|upkeep\n|\n|t:|1700118792\n|switch|p1a: Zapdos|Zapdos|100\/100\n|turn|12\n|\n|t:|1700118813\n|move|p2a: Greninja|Hydro Pump|p1a: Zapdos|[miss]\n|-miss|p2a: Greninja|p1a: Zapdos\n|move|p1a: Zapdos|Charge|p1a: Zapdos\n|-boost|p1a: Zapdos|spd|1\n|-start|p1a: Zapdos|Charge\n|\n|upkeep\n|turn|13\n|\n|t:|1700118830\n|move|p2a: Greninja|Hydro Pump|p1a: Zapdos\n|-damage|p1a: Zapdos|27\/100\n|-damage|p2a: Greninja|69\/100|[from] item: Life Orb\n|move|p1a: Zapdos|Volt Switch|p2a: Greninja\n|-supereffective|p2a: Greninja\n|-damage|p2a: Greninja|0 fnt\n|faint|p2a: Greninja\n|-end|p1a: Zapdos|Charge|[silent]\n|\n|t:|1700118841\n|switch|p1a: Ursaluna|Ursaluna, M|100\/100|[from] Volt Switch\n|\n|-status|p1a: Ursaluna|brn|[from] item: Flame Orb\n|upkeep\n|\n|t:|1700118846\n|switch|p2a: Great Tusk|Great Tusk|100\/100\n|-damage|p2a: Great Tusk|98\/100|[from] Stealth Rock\n|turn|14\n|\n|t:|1700118853\n|move|p2a: Great Tusk|Rapid Spin|p1a: Ursaluna\n|-damage|p1a: Ursaluna|87\/100 brn\n|-boost|p2a: Great Tusk|spe|1\n|-sideend|p2: SEUIf|Stealth Rock|[from] move: Rapid Spin|[of] p2a: Great Tusk\n|move|p1a: Ursaluna|Facade|p2a: Great Tusk\n|-damage|p2a: Great Tusk|7\/100\n|\n|-heal|p2a: Great Tusk|13\/100|[from] item: Leftovers\n|-damage|p1a: Ursaluna|81\/100 brn|[from] brn\n|upkeep\n|turn|15\n|\n|t:|1700118865\n|move|p2a: Great Tusk|Ice Spinner|p1a: Ursaluna\n|-supereffective|p1a: Ursaluna\n|-damage|p1a: Ursaluna|41\/100 brn\n|move|p1a: Ursaluna|Swords Dance|p1a: Ursaluna\n|-boost|p1a: Ursaluna|atk|2\n|\n|-heal|p2a: Great Tusk|19\/100|[from] item: Leftovers\n|-damage|p1a: Ursaluna|35\/100 brn|[from] brn\n|upkeep\n|turn|16\n|\n|t:|1700118880\n|-terastallize|p1a: Ursaluna|Normal\n|move|p2a: Great Tusk|Ice Spinner|p1a: Ursaluna\n|-crit|p1a: Ursaluna\n|-damage|p1a: Ursaluna|0 fnt\n|faint|p1a: Ursaluna\n|\n|-heal|p2a: Great Tusk|26\/100|[from] item: Leftovers\n|upkeep\n|c|\u2606SEUIf|gg\n|\n|t:|1700118891\n|switch|p1a: Samurott|Samurott-Hisui, F|100\/100\n|turn|17\n|\n|t:|1700118897\n|move|p2a: Great Tusk|Earthquake|p1a: Samurott\n|-damage|p1a: Samurott|29\/100\n|move|p1a: Samurott|Razor Shell|p2a: Great Tusk|[miss]\n|-miss|p1a: Samurott|p2a: Great Tusk\n|\n|-heal|p2a: Great Tusk|32\/100|[from] item: Leftovers\n|upkeep\n|turn|18\n|\n|t:|1700118908\n|move|p2a: Great Tusk|Earthquake|p1a: Samurott\n|-damage|p1a: Samurott|0 fnt\n|faint|p1a: Samurott\n|\n|-heal|p2a: Great Tusk|38\/100|[from] item: Leftovers\n|upkeep\n|\n|t:|1700118916\n|switch|p1a: Garganacl|Garganacl, M|74\/100\n|turn|19\n|\n|t:|1700118922\n|move|p2a: Great Tusk|Earthquake|p1a: Garganacl\n|-supereffective|p1a: Garganacl\n|-damage|p1a: Garganacl|15\/100\n|move|p1a: Garganacl|Salt Cure|p2a: Great Tusk\n|-resisted|p2a: Great Tusk\n|-damage|p2a: Great Tusk|35\/100\n|-start|p2a: Great Tusk|Salt Cure\n|\n|-heal|p2a: Great Tusk|41\/100|[from] item: Leftovers\n|-damage|p2a: Great Tusk|29\/100|[from] Salt Cure\n|upkeep\n|turn|20\n|\n|t:|1700118931\n|move|p1a: Garganacl|Protect|p1a: Garganacl\n|-singleturn|p1a: Garganacl|Protect\n|move|p2a: Great Tusk|Earthquake|p1a: Garganacl\n|-activate|p1a: Garganacl|move: Protect\n|\n|-heal|p2a: Great Tusk|35\/100|[from] item: Leftovers\n|-damage|p2a: Great Tusk|23\/100|[from] Salt Cure\n|upkeep\n|turn|21\n|\n|t:|1700118939\n|move|p1a: Garganacl|Protect||[still]\n|-fail|p1a: Garganacl\n|move|p2a: Great Tusk|Earthquake|p1a: Garganacl\n|-supereffective|p1a: Garganacl\n|-damage|p1a: Garganacl|0 fnt\n|faint|p1a: Garganacl\n|\n|-heal|p2a: Great Tusk|29\/100|[from] item: Leftovers\n|-damage|p2a: Great Tusk|17\/100|[from] Salt Cure\n|upkeep\n|\n|t:|1700118948\n|switch|p1a: Zapdos|Zapdos|27\/100\n|turn|22\n|\n|t:|1700118954\n|move|p2a: Great Tusk|Ice Spinner|p1a: Zapdos\n|-supereffective|p1a: Zapdos\n|-damage|p1a: Zapdos|0 fnt\n|-status|p2a: Great Tusk|par|[from] ability: Static|[of] p1a: Zapdos\n|faint|p1a: Zapdos\n|\n|win|SEUIf\n|raw|plabington's rating: 1115 &rarr; <strong>1088<\/strong><br \/>(-27 for losing)\n|raw|SEUIf's rating: 1093 &rarr; <strong>1121<\/strong><br \/>(+28 for winning)\n","uploadtime":1700118957,"views":8,"p1id":"plabington","p2id":"seuif","formatid":"gen9ou","rating":1088,"private":0,"password":""}