{"id":"gen9ou-1994461376","p1":"swumpy mumpus","p2":"TheZilla07","format":"[Gen 9] OU","log":"|j|\u2606swumpy mumpus\n|j|\u2606TheZilla07\n|t:|1700446582\n|gametype|singles\n|player|p1|swumpy mumpus|medium|1754\n|player|p2|TheZilla07|petrel|1638\n|teamsize|p1|6\n|teamsize|p2|6\n|gen|9\n|tier|[Gen 9] OU\n|rated|\n|rule|Sleep Clause Mod: Limit one foe put to sleep\n|rule|Species Clause: Limit one of each Pok\u00e9mon\n|rule|OHKO Clause: OHKO moves are banned\n|rule|Evasion Items Clause: Evasion items are banned\n|rule|Evasion Moves Clause: Evasion moves are banned\n|rule|Endless Battle Clause: Forcing endless battles is banned\n|rule|HP Percentage Mod: HP is shown in percentages\n|clearpoke\n|poke|p1|Great Tusk|\n|poke|p1|Rotom-Wash|\n|poke|p1|Rillaboom, M|\n|poke|p1|Dragapult, M|\n|poke|p1|Fezandipiti, M|\n|poke|p1|Ogerpon-Wellspring, F|\n|poke|p2|Fezandipiti, M|\n|poke|p2|Dondozo, F|\n|poke|p2|Zapdos|\n|poke|p2|Rillaboom, F|\n|poke|p2|Great Tusk|\n|poke|p2|Heatran, M|\n|teampreview\n|c|\u2606swumpy mumpus|yoo\n|j| BrothaOptions\n|c|\u2606TheZilla07|hello again fellow based fez user\n|c|\u2606swumpy mumpus|the bird always wins\n|c|\u2606TheZilla07|frfr\n|\n|t:|1700446622\n|start\n|switch|p1a: Rillaboom|Rillaboom, M|100\/100\n|switch|p2a: Harambe|Rillaboom, F|100\/100\n|-fieldstart|move: Grassy Terrain|[from] ability: Grassy Surge|[of] p1a: Rillaboom\n|turn|1\n|\n|t:|1700446628\n|move|p2a: Harambe|U-turn|p1a: Rillaboom\n|-supereffective|p1a: Rillaboom\n|-damage|p1a: Rillaboom|13\/100\n|\n|t:|1700446631\n|switch|p2a: NO TOUCHING|Zapdos|100\/100|[from] U-turn\n|move|p1a: Rillaboom|Knock Off|p2a: NO TOUCHING\n|-damage|p2a: NO TOUCHING|65\/100\n|-status|p1a: Rillaboom|par|[from] ability: Static|[of] p2a: NO TOUCHING\n|-enditem|p2a: NO TOUCHING|Heavy-Duty Boots|[from] move: Knock Off|[of] p1a: Rillaboom\n|\n|-heal|p1a: Rillaboom|19\/100 par|[from] Grassy Terrain\n|upkeep\n|turn|2\n|j| hohokois\n|\n|t:|1700446637\n|switch|p1a: Rotom|Rotom-Wash|100\/100\n|move|p2a: NO TOUCHING|Heat Wave|p1a: Rotom\n|-resisted|p1a: Rotom\n|-damage|p1a: Rotom|90\/100\n|\n|-heal|p1a: Rotom|96\/100|[from] item: Leftovers\n|upkeep\n|turn|3\n|\n|t:|1700446642\n|move|p2a: NO TOUCHING|Roost|p2a: NO TOUCHING\n|-heal|p2a: NO TOUCHING|100\/100\n|-singleturn|p2a: NO TOUCHING|move: Roost\n|move|p1a: Rotom|Volt Switch|p2a: NO TOUCHING\n|-resisted|p2a: NO TOUCHING\n|-damage|p2a: NO TOUCHING|88\/100\n|\n|t:|1700446645\n|switch|p1a: Fezandipiti|Fezandipiti, M|100\/100|[from] Volt Switch\n|\n|-heal|p2a: NO TOUCHING|94\/100|[from] Grassy Terrain\n|upkeep\n|turn|4\n|l| hohokois\n|\n|t:|1700446661\n|move|p2a: NO TOUCHING|Volt Switch|p1a: Fezandipiti\n|-damage|p1a: Fezandipiti|80\/100\n|\n|t:|1700446665\n|switch|p2a: Trans Rights|Heatran, M|100\/100|[from] Volt Switch\n|move|p1a: Fezandipiti|U-turn|p2a: Trans Rights\n|-resisted|p2a: Trans Rights\n|-damage|p2a: Trans Rights|97\/100\n|\n|t:|1700446670\n|switch|p1a: Great Tusk|Great Tusk|100\/100|[from] U-turn\n|\n|-heal|p2a: Trans Rights|100\/100|[from] Grassy Terrain\n|upkeep\n|turn|5\n|\n|t:|1700446675\n|switch|p2a: NO TOUCHING|Zapdos|94\/100\n|move|p1a: Great Tusk|Stealth Rock|p2a: NO TOUCHING\n|-sidestart|p2: TheZilla07|move: Stealth Rock\n|\n|-fieldend|move: Grassy Terrain\n|upkeep\n|turn|6\n|\n|t:|1700446681\n|-end|p1a: Great Tusk|Protosynthesis|[silent]\n|switch|p1a: Rotom|Rotom-Wash|96\/100\n|move|p2a: NO TOUCHING|Volt Switch|p1a: Rotom\n|-damage|p1a: Rotom|73\/100\n|\n|t:|1700446686\n|switch|p2a: Harambe|Rillaboom, F|100\/100|[from] Volt Switch\n|-damage|p2a: Harambe|88\/100|[from] Stealth Rock\n|-fieldstart|move: Grassy Terrain|[from] ability: Grassy Surge|[of] p2a: Harambe\n|\n|-heal|p2a: Harambe|94\/100|[from] Grassy Terrain\n|-heal|p1a: Rotom|79\/100|[from] item: Leftovers\n|upkeep\n|turn|7\n|\n|t:|1700446690\n|move|p1a: Rotom|Protect|p1a: Rotom\n|-singleturn|p1a: Rotom|Protect\n|move|p2a: Harambe|Grassy Glide|p1a: Rotom\n|-activate|p1a: Rotom|move: Protect\n|\n|-heal|p2a: Harambe|100\/100|[from] Grassy Terrain\n|-heal|p1a: Rotom|85\/100|[from] item: Leftovers\n|upkeep\n|turn|8\n|\n|t:|1700446703\n|switch|p2a: Trans Rights|Heatran, M|100\/100\n|-damage|p2a: Trans Rights|88\/100|[from] Stealth Rock\n|switch|p1a: Fezandipiti|Fezandipiti, M|80\/100\n|\n|-heal|p2a: Trans Rights|94\/100|[from] Grassy Terrain\n|-heal|p2a: Trans Rights|100\/100|[from] item: Leftovers\n|-heal|p1a: Fezandipiti|87\/100|[from] Grassy Terrain\n|upkeep\n|turn|9\n|\n|t:|1700446709\n|switch|p2a: NO TOUCHING|Zapdos|94\/100\n|-damage|p2a: NO TOUCHING|69\/100|[from] Stealth Rock\n|move|p1a: Fezandipiti|U-turn|p2a: NO TOUCHING\n|-resisted|p2a: NO TOUCHING\n|-damage|p2a: NO TOUCHING|63\/100\n|\n|t:|1700446718\n|switch|p1a: Rotom|Rotom-Wash|85\/100|[from] U-turn\n|\n|-heal|p1a: Rotom|92\/100|[from] item: Leftovers\n|upkeep\n|turn|10\n|\n|t:|1700446722\n|move|p2a: NO TOUCHING|Roost|p2a: NO TOUCHING\n|-heal|p2a: NO TOUCHING|100\/100\n|-singleturn|p2a: NO TOUCHING|move: Roost\n|move|p1a: Rotom|Volt Switch|p2a: NO TOUCHING\n|-resisted|p2a: NO TOUCHING\n|-damage|p2a: NO TOUCHING|88\/100\n|\n|t:|1700446724\n|switch|p1a: Fezandipiti|Fezandipiti, M|87\/100|[from] Volt Switch\n|\n|-heal|p2a: NO TOUCHING|95\/100|[from] Grassy Terrain\n|-heal|p1a: Fezandipiti|93\/100|[from] Grassy Terrain\n|-fieldend|move: Grassy Terrain\n|upkeep\n|turn|11\n|\n|t:|1700446728\n|move|p2a: NO TOUCHING|Hurricane|p1a: Fezandipiti|[miss]\n|-miss|p2a: NO TOUCHING|p1a: Fezandipiti\n|move|p1a: Fezandipiti|U-turn|p2a: NO TOUCHING\n|-resisted|p2a: NO TOUCHING\n|-damage|p2a: NO TOUCHING|88\/100\n|-status|p1a: Fezandipiti|par|[from] ability: Static|[of] p2a: NO TOUCHING\n|\n|t:|1700446733\n|switch|p1a: Rotom|Rotom-Wash|92\/100|[from] U-turn\n|\n|-heal|p1a: Rotom|98\/100|[from] item: Leftovers\n|upkeep\n|turn|12\n|\n|t:|1700446740\n|move|p2a: NO TOUCHING|Volt Switch|p1a: Rotom\n|-damage|p1a: Rotom|77\/100\n|\n|t:|1700446742\n|switch|p2a: Republican|Great Tusk|100\/100|[from] Volt Switch\n|-damage|p2a: Republican|98\/100|[from] Stealth Rock\n|move|p1a: Rotom|Volt Switch|p2a: Republican\n|-immune|p2a: Republican\n|\n|-heal|p2a: Republican|100\/100|[from] item: Leftovers\n|-heal|p1a: Rotom|83\/100|[from] item: Leftovers\n|upkeep\n|turn|13\n|\n|t:|1700446758\n|-end|p2a: Republican|Protosynthesis|[silent]\n|switch|p2a: The Biggest Bird|Fezandipiti, M|100\/100\n|-damage|p2a: The Biggest Bird|88\/100|[from] Stealth Rock\n|move|p1a: Rotom|Hydro Pump|p2a: The Biggest Bird|[miss]\n|-miss|p1a: Rotom|p2a: The Biggest Bird\n|\n|-heal|p1a: Rotom|89\/100|[from] item: Leftovers\n|upkeep\n|turn|14\n|\n|t:|1700446761\n|switch|p2a: Republican|Great Tusk|100\/100\n|-damage|p2a: Republican|98\/100|[from] Stealth Rock\n|move|p1a: Rotom|Thunder Wave|p2a: Republican\n|-immune|p2a: Republican\n|\n|-heal|p2a: Republican|100\/100|[from] item: Leftovers\n|-heal|p1a: Rotom|96\/100|[from] item: Leftovers\n|upkeep\n|turn|15\n|c|\u2606TheZilla07|???\n|c|\u2606TheZilla07|I swear I didn't click anything\n|c|\u2606swumpy mumpus|oh no :|\n|c|\u2606swumpy mumpus|showdown bug?\n|c|\u2606TheZilla07|ig\n|c|\u2606swumpy mumpus|oof\n|c|\u2606TheZilla07|it still worked out for me so its fine lol\n|\n|t:|1700446814\n|-end|p2a: Republican|Protosynthesis|[silent]\n|switch|p2a: The Biggest Bird|Fezandipiti, M|88\/100\n|-damage|p2a: The Biggest Bird|76\/100|[from] Stealth Rock\n|move|p1a: Rotom|Hydro Pump|p2a: The Biggest Bird|[miss]\n|-miss|p1a: Rotom|p2a: The Biggest Bird\n|\n|-heal|p1a: Rotom|100\/100|[from] item: Leftovers\n|upkeep\n|turn|16\n|c|\u2606swumpy mumpus|trueee\n|\n|t:|1700446819\n|move|p2a: The Biggest Bird|Taunt|p1a: Rotom\n|-start|p1a: Rotom|move: Taunt\n|cant|p1a: Rotom|move: Taunt|Thunder Wave\n|\n|upkeep\n|turn|17\n|\n|t:|1700446827\n|switch|p1a: Fezandipiti|Fezandipiti, M|93\/100 par\n|move|p2a: The Biggest Bird|Calm Mind|p2a: The Biggest Bird\n|-boost|p2a: The Biggest Bird|spa|1\n|-boost|p2a: The Biggest Bird|spd|1\n|\n|upkeep\n|turn|18\n|\n|t:|1700446868\n|-terastallize|p1a: Fezandipiti|Ground\n|move|p2a: The Biggest Bird|Taunt|p1a: Fezandipiti\n|-start|p1a: Fezandipiti|move: Taunt\n|move|p1a: Fezandipiti|Tera Blast|p2a: The Biggest Bird|[anim] Tera Blast Ground\n|-supereffective|p2a: The Biggest Bird\n|-damage|p2a: The Biggest Bird|30\/100\n|\n|upkeep\n|turn|19\n|\n|t:|1700446874\n|move|p2a: The Biggest Bird|Roost|p2a: The Biggest Bird\n|-heal|p2a: The Biggest Bird|80\/100\n|-singleturn|p2a: The Biggest Bird|move: Roost\n|move|p1a: Fezandipiti|Tera Blast|p2a: The Biggest Bird|[anim] Tera Blast Ground\n|-supereffective|p2a: The Biggest Bird\n|-damage|p2a: The Biggest Bird|34\/100\n|\n|upkeep\n|turn|20\n|\n|t:|1700446879\n|move|p2a: The Biggest Bird|Roost|p2a: The Biggest Bird\n|-heal|p2a: The Biggest Bird|84\/100\n|-singleturn|p2a: The Biggest Bird|move: Roost\n|move|p1a: Fezandipiti|Tera Blast|p2a: The Biggest Bird|[anim] Tera Blast Ground\n|-supereffective|p2a: The Biggest Bird\n|-damage|p2a: The Biggest Bird|31\/100\n|\n|-end|p1a: Fezandipiti|move: Taunt\n|upkeep\n|turn|21\n|\n|t:|1700446883\n|move|p2a: The Biggest Bird|Roost|p2a: The Biggest Bird\n|-heal|p2a: The Biggest Bird|81\/100\n|-singleturn|p2a: The Biggest Bird|move: Roost\n|move|p1a: Fezandipiti|Tera Blast|p2a: The Biggest Bird|[anim] Tera Blast Ground\n|-supereffective|p2a: The Biggest Bird\n|-damage|p2a: The Biggest Bird|36\/100\n|\n|upkeep\n|turn|22\n|\n|t:|1700446888\n|move|p2a: The Biggest Bird|Roost|p2a: The Biggest Bird\n|-heal|p2a: The Biggest Bird|86\/100\n|-singleturn|p2a: The Biggest Bird|move: Roost\n|move|p1a: Fezandipiti|Tera Blast|p2a: The Biggest Bird|[anim] Tera Blast Ground\n|-supereffective|p2a: The Biggest Bird\n|-damage|p2a: The Biggest Bird|42\/100\n|\n|upkeep\n|turn|23\n|\n|t:|1700446893\n|move|p2a: The Biggest Bird|Calm Mind|p2a: The Biggest Bird\n|-boost|p2a: The Biggest Bird|spa|1\n|-boost|p2a: The Biggest Bird|spd|1\n|move|p1a: Fezandipiti|Tera Blast|p2a: The Biggest Bird|[anim] Tera Blast Ground\n|-supereffective|p2a: The Biggest Bird\n|-crit|p2a: The Biggest Bird\n|-damage|p2a: The Biggest Bird|0 fnt\n|faint|p2a: The Biggest Bird\n|\n|upkeep\n|\n|t:|1700446906\n|switch|p2a: Harambe|Rillaboom, F|100\/100\n|-damage|p2a: Harambe|88\/100|[from] Stealth Rock\n|-fieldstart|move: Grassy Terrain|[from] ability: Grassy Surge|[of] p2a: Harambe\n|turn|24\n|\n|t:|1700446916\n|switch|p1a: Rillaboom|Rillaboom, M|19\/100 par\n|-terastallize|p2a: Harambe|Grass\n|move|p2a: Harambe|Grassy Glide|p1a: Rillaboom\n|-resisted|p1a: Rillaboom\n|-damage|p1a: Rillaboom|0 fnt\n|faint|p1a: Rillaboom\n|\n|-heal|p2a: Harambe|94\/100|[from] Grassy Terrain\n|upkeep\n|\n|t:|1700446922\n|switch|p1a: Dragapult|Dragapult, M|100\/100\n|turn|25\n|\n|t:|1700446926\n|switch|p1a: Fezandipiti|Fezandipiti, M, tera:Ground|93\/100 par\n|switch|p2a: Trans Rights|Heatran, M|100\/100\n|-damage|p2a: Trans Rights|88\/100|[from] Stealth Rock\n|\n|-heal|p2a: Trans Rights|94\/100|[from] Grassy Terrain\n|-heal|p2a: Trans Rights|100\/100|[from] item: Leftovers\n|-heal|p1a: Fezandipiti|99\/100 par|[from] Grassy Terrain\n|upkeep\n|turn|26\n|\n|t:|1700446932\n|switch|p2a: Harambe|Rillaboom, F, tera:Grass|94\/100\n|-damage|p2a: Harambe|82\/100|[from] Stealth Rock\n|move|p1a: Fezandipiti|U-turn|p2a: Harambe\n|-supereffective|p2a: Harambe\n|-damage|p2a: Harambe|42\/100\n|-status|p2a: Harambe|tox|[from] ability: Toxic Chain|[of] p1a: Fezandipiti\n|\n|t:|1700446936\n|switch|p1a: Dragapult|Dragapult, M|100\/100|[from] U-turn\n|\n|-heal|p2a: Harambe|48\/100 tox|[from] Grassy Terrain\n|-damage|p2a: Harambe|42\/100 tox|[from] psn\n|upkeep\n|turn|27\n|\n|t:|1700446941\n|switch|p2a: Trans Rights|Heatran, M|100\/100\n|-damage|p2a: Trans Rights|88\/100|[from] Stealth Rock\n|move|p1a: Dragapult|Substitute|p1a: Dragapult\n|-start|p1a: Dragapult|Substitute\n|-damage|p1a: Dragapult|76\/100\n|\n|-heal|p1a: Dragapult|82\/100|[from] Grassy Terrain\n|-heal|p1a: Dragapult|88\/100|[from] item: Leftovers\n|-heal|p2a: Trans Rights|94\/100|[from] Grassy Terrain\n|-heal|p2a: Trans Rights|100\/100|[from] item: Leftovers\n|upkeep\n|turn|28\n|\n|t:|1700446949\n|move|p1a: Dragapult|Hex|p2a: Trans Rights\n|-damage|p2a: Trans Rights|82\/100\n|move|p2a: Trans Rights|Stealth Rock|p1a: Dragapult\n|-sidestart|p1: swumpy mumpus|move: Stealth Rock\n|\n|-heal|p1a: Dragapult|94\/100|[from] Grassy Terrain\n|-heal|p1a: Dragapult|99\/100|[from] item: Leftovers\n|-heal|p2a: Trans Rights|89\/100|[from] Grassy Terrain\n|-heal|p2a: Trans Rights|95\/100|[from] item: Leftovers\n|-fieldend|move: Grassy Terrain\n|upkeep\n|turn|29\n|\n|t:|1700446955\n|move|p1a: Dragapult|Hex|p2a: Trans Rights\n|-damage|p2a: Trans Rights|75\/100\n|move|p2a: Trans Rights|Magma Storm|p1a: Dragapult\n|-resisted|p1a: Dragapult\n|-end|p1a: Dragapult|Substitute\n|\n|-heal|p1a: Dragapult|100\/100|[from] item: Leftovers\n|-heal|p2a: Trans Rights|82\/100|[from] item: Leftovers\n|upkeep\n|turn|30\n|\n|t:|1700446970\n|switch|p1a: Rotom|Rotom-Wash|100\/100\n|-damage|p1a: Rotom|88\/100|[from] Stealth Rock\n|move|p2a: Trans Rights|Magma Storm|p1a: Rotom\n|-resisted|p1a: Rotom\n|-damage|p1a: Rotom|72\/100\n|-activate|p1a: Rotom|move: Magma Storm|[of] p2a: Trans Rights\n|\n|-heal|p2a: Trans Rights|88\/100|[from] item: Leftovers\n|-heal|p1a: Rotom|78\/100|[from] item: Leftovers\n|-damage|p1a: Rotom|66\/100|[from] move: Magma Storm|[partiallytrapped]\n|upkeep\n|turn|31\n|\n|t:|1700446977\n|switch|p2a: NO TOUCHING|Zapdos|88\/100\n|-damage|p2a: NO TOUCHING|63\/100|[from] Stealth Rock\n|move|p1a: Rotom|Hydro Pump|p2a: NO TOUCHING\n|-damage|p2a: NO TOUCHING|27\/100\n|\n|-heal|p1a: Rotom|72\/100|[from] item: Leftovers\n|-end|p1a: Rotom|Magma Storm|[partiallytrapped]|[silent]\n|upkeep\n|turn|32\n|\n|t:|1700446984\n|move|p2a: NO TOUCHING|Roost|p2a: NO TOUCHING\n|-heal|p2a: NO TOUCHING|77\/100\n|-singleturn|p2a: NO TOUCHING|move: Roost\n|move|p1a: Rotom|Hydro Pump|p2a: NO TOUCHING\n|-damage|p2a: NO TOUCHING|37\/100\n|\n|-heal|p1a: Rotom|78\/100|[from] item: Leftovers\n|upkeep\n|turn|33\n|\n|t:|1700446990\n|move|p2a: NO TOUCHING|Roost|p2a: NO TOUCHING\n|-heal|p2a: NO TOUCHING|87\/100\n|-singleturn|p2a: NO TOUCHING|move: Roost\n|move|p1a: Rotom|Hydro Pump|p2a: NO TOUCHING\n|-damage|p2a: NO TOUCHING|49\/100\n|\n|-heal|p1a: Rotom|85\/100|[from] item: Leftovers\n|upkeep\n|turn|34\n|\n|t:|1700447001\n|move|p2a: NO TOUCHING|Volt Switch|p1a: Rotom\n|-damage|p1a: Rotom|61\/100\n|\n|t:|1700447004\n|switch|p2a: Donbozo|Dondozo, F|100\/100|[from] Volt Switch\n|-damage|p2a: Donbozo|88\/100|[from] Stealth Rock\n|move|p1a: Rotom|Volt Switch|p2a: Donbozo\n|-supereffective|p2a: Donbozo\n|-damage|p2a: Donbozo|41\/100\n|\n|t:|1700447011\n|switch|p1a: Dragapult|Dragapult, M|100\/100|[from] Volt Switch\n|-damage|p1a: Dragapult|88\/100|[from] Stealth Rock\n|\n|-heal|p1a: Dragapult|94\/100|[from] item: Leftovers\n|-heal|p2a: Donbozo|47\/100|[from] item: Leftovers\n|upkeep\n|turn|35\n|\n|t:|1700447018\n|move|p1a: Dragapult|Will-O-Wisp|p2a: Donbozo\n|-status|p2a: Donbozo|brn\n|move|p2a: Donbozo|Rest|p2a: Donbozo\n|-status|p2a: Donbozo|slp|[from] move: Rest\n|-heal|p2a: Donbozo|100\/100 slp|[silent]\n|\n|-heal|p1a: Dragapult|99\/100|[from] item: Leftovers\n|upkeep\n|turn|36\n|\n|t:|1700447022\n|switch|p2a: Trans Rights|Heatran, M|88\/100\n|-damage|p2a: Trans Rights|75\/100|[from] Stealth Rock\n|move|p1a: Dragapult|Hex|p2a: Trans Rights\n|-damage|p2a: Trans Rights|57\/100\n|\n|-heal|p1a: Dragapult|100\/100|[from] item: Leftovers\n|-heal|p2a: Trans Rights|64\/100|[from] item: Leftovers\n|upkeep\n|turn|37\n|\n|t:|1700447028\n|switch|p1a: Fezandipiti|Fezandipiti, M, tera:Ground|99\/100 par\n|switch|p2a: Harambe|Rillaboom, F, tera:Grass|42\/100 tox\n|-damage|p2a: Harambe|29\/100 tox|[from] Stealth Rock\n|-fieldstart|move: Grassy Terrain|[from] ability: Grassy Surge|[of] p2a: Harambe\n|\n|-heal|p2a: Harambe|35\/100 tox|[from] Grassy Terrain\n|-heal|p1a: Fezandipiti|100\/100 par|[from] Grassy Terrain\n|-damage|p2a: Harambe|29\/100 tox|[from] psn\n|upkeep\n|turn|38\n|\n|t:|1700447043\n|switch|p1a: Great Tusk|Great Tusk|100\/100\n|-damage|p1a: Great Tusk|98\/100|[from] Stealth Rock\n|move|p2a: Harambe|Knock Off|p1a: Great Tusk\n|-resisted|p1a: Great Tusk\n|-damage|p1a: Great Tusk|86\/100\n|-damage|p2a: Harambe|13\/100 tox|[from] item: Rocky Helmet|[of] p1a: Great Tusk\n|-enditem|p1a: Great Tusk|Rocky Helmet|[from] move: Knock Off|[of] p2a: Harambe\n|\n|-heal|p2a: Harambe|19\/100 tox|[from] Grassy Terrain\n|-heal|p1a: Great Tusk|92\/100|[from] Grassy Terrain\n|-damage|p2a: Harambe|7\/100 tox|[from] psn\n|upkeep\n|turn|39\n|\n|t:|1700447049\n|switch|p2a: Republican|Great Tusk|100\/100\n|-damage|p2a: Republican|98\/100|[from] Stealth Rock\n|move|p1a: Great Tusk|Rapid Spin|p2a: Republican\n|-damage|p2a: Republican|86\/100\n|-boost|p1a: Great Tusk|spe|1\n|-sideend|p1: swumpy mumpus|Stealth Rock|[from] move: Rapid Spin|[of] p1a: Great Tusk\n|\n|-heal|p1a: Great Tusk|98\/100|[from] Grassy Terrain\n|-heal|p2a: Republican|93\/100|[from] Grassy Terrain\n|-heal|p2a: Republican|99\/100|[from] item: Leftovers\n|upkeep\n|turn|40\n|\n|t:|1700447058\n|-end|p1a: Great Tusk|Protosynthesis|[silent]\n|switch|p1a: Dragapult|Dragapult, M|100\/100\n|move|p2a: Republican|Ice Spinner|p1a: Dragapult\n|-supereffective|p1a: Dragapult\n|-crit|p1a: Dragapult\n|-damage|p1a: Dragapult|0 fnt\n|-fieldend|move: Grassy Terrain\n|faint|p1a: Dragapult\n|\n|-heal|p2a: Republican|100\/100|[from] item: Leftovers\n|upkeep\n|\n|t:|1700447063\n|switch|p1a: Rotom|Rotom-Wash|61\/100\n|turn|41\n|\n|t:|1700447066\n|move|p2a: Republican|Rapid Spin|p1a: Rotom\n|-damage|p1a: Rotom|44\/100\n|-boost|p2a: Republican|spe|1\n|-sideend|p2: TheZilla07|Stealth Rock|[from] move: Rapid Spin|[of] p2a: Republican\n|move|p1a: Rotom|Hydro Pump|p2a: Republican\n|-supereffective|p2a: Republican\n|-damage|p2a: Republican|0 fnt\n|faint|p2a: Republican\n|-end|p2a: Republican|Protosynthesis|[silent]\n|\n|-heal|p1a: Rotom|50\/100|[from] item: Leftovers\n|upkeep\n|\n|t:|1700447076\n|switch|p2a: Harambe|Rillaboom, F, tera:Grass|7\/100 tox\n|-fieldstart|move: Grassy Terrain|[from] ability: Grassy Surge|[of] p2a: Harambe\n|turn|42\n|\n|t:|1700447081\n|move|p1a: Rotom|Protect|p1a: Rotom\n|-singleturn|p1a: Rotom|Protect\n|move|p2a: Harambe|Grassy Glide|p1a: Rotom\n|-activate|p1a: Rotom|move: Protect\n|\n|-heal|p2a: Harambe|13\/100 tox|[from] Grassy Terrain\n|-heal|p1a: Rotom|56\/100|[from] item: Leftovers\n|-damage|p2a: Harambe|7\/100 tox|[from] psn\n|upkeep\n|turn|43\n|\n|t:|1700447090\n|switch|p1a: Ogerpon|Ogerpon-Wellspring, F|100\/100\n|move|p2a: Harambe|Grassy Glide|p1a: Ogerpon\n|-damage|p1a: Ogerpon|0 fnt\n|faint|p1a: Ogerpon\n|\n|-heal|p2a: Harambe|13\/100 tox|[from] Grassy Terrain\n|-damage|p2a: Harambe|0 fnt|[from] psn\n|faint|p2a: Harambe\n|upkeep\n|\n|t:|1700447100\n|switch|p1a: Rotom|Rotom-Wash|56\/100\n|switch|p2a: NO TOUCHING|Zapdos|49\/100\n|turn|44\n|\n|t:|1700447106\n|move|p2a: NO TOUCHING|Roost|p2a: NO TOUCHING\n|-heal|p2a: NO TOUCHING|99\/100\n|-singleturn|p2a: NO TOUCHING|move: Roost\n|move|p1a: Rotom|Volt Switch|p2a: NO TOUCHING\n|-resisted|p2a: NO TOUCHING\n|-damage|p2a: NO TOUCHING|87\/100\n|\n|t:|1700447108\n|switch|p1a: Fezandipiti|Fezandipiti, M, tera:Ground|100\/100 par|[from] Volt Switch\n|\n|-heal|p2a: NO TOUCHING|93\/100|[from] Grassy Terrain\n|upkeep\n|turn|45\n|\n|t:|1700447116\n|switch|p2a: Donbozo|Dondozo, F|100\/100 slp\n|cant|p1a: Fezandipiti|par\n|\n|upkeep\n|turn|46\n|\n|t:|1700447119\n|cant|p2a: Donbozo|slp\n|move|p2a: Donbozo|Sleep Talk|p2a: Donbozo\n|move|p2a: Donbozo|Rest||[from]move: Sleep Talk|[still]\n|-fail|p2a: Donbozo\n|move|p1a: Fezandipiti|U-turn|p2a: Donbozo\n|-damage|p2a: Donbozo|93\/100 slp\n|\n|t:|1700447123\n|switch|p1a: Rotom|Rotom-Wash|56\/100|[from] U-turn\n|\n|-heal|p1a: Rotom|62\/100|[from] item: Leftovers\n|-heal|p2a: Donbozo|99\/100 slp|[from] Grassy Terrain\n|-heal|p2a: Donbozo|100\/100 slp|[from] item: Leftovers\n|-fieldend|move: Grassy Terrain\n|upkeep\n|turn|47\n|\n|t:|1700447131\n|move|p1a: Rotom|Volt Switch|p2a: Donbozo\n|-supereffective|p2a: Donbozo\n|-damage|p2a: Donbozo|51\/100 slp\n|\n|t:|1700447139\n|switch|p1a: Great Tusk|Great Tusk|98\/100|[from] Volt Switch\n|cant|p2a: Donbozo|slp\n|move|p2a: Donbozo|Sleep Talk|p2a: Donbozo\n|move|p2a: Donbozo|Curse|p2a: Donbozo|[from]move: Sleep Talk\n|-unboost|p2a: Donbozo|spe|1\n|-boost|p2a: Donbozo|atk|1\n|-boost|p2a: Donbozo|def|1\n|\n|-heal|p2a: Donbozo|57\/100 slp|[from] item: Leftovers\n|upkeep\n|turn|48\n|\n|t:|1700447149\n|move|p1a: Great Tusk|Headlong Rush|p2a: Donbozo\n|-damage|p2a: Donbozo|42\/100 slp\n|-unboost|p1a: Great Tusk|def|1\n|-unboost|p1a: Great Tusk|spd|1\n|-curestatus|p2a: Donbozo|slp|[msg]\n|move|p2a: Donbozo|Rest|p2a: Donbozo\n|-status|p2a: Donbozo|slp|[from] move: Rest\n|-heal|p2a: Donbozo|100\/100 slp|[silent]\n|\n|upkeep\n|turn|49\n|\n|t:|1700447155\n|-end|p1a: Great Tusk|Protosynthesis|[silent]\n|switch|p1a: Rotom|Rotom-Wash|62\/100\n|cant|p2a: Donbozo|slp\n|move|p2a: Donbozo|Sleep Talk|p2a: Donbozo\n|move|p2a: Donbozo|Wave Crash|p1a: Rotom|[from]move: Sleep Talk\n|-resisted|p1a: Rotom\n|-damage|p1a: Rotom|30\/100\n|-damage|p2a: Donbozo|94\/100 slp|[from] Recoil\n|\n|-heal|p1a: Rotom|37\/100|[from] item: Leftovers\n|-heal|p2a: Donbozo|99\/100 slp|[from] item: Leftovers\n|upkeep\n|turn|50\n|\n|t:|1700447162\n|move|p1a: Rotom|Volt Switch|p2a: Donbozo\n|-supereffective|p2a: Donbozo\n|-damage|p2a: Donbozo|54\/100 slp\n|\n|t:|1700447163\n|switch|p1a: Fezandipiti|Fezandipiti, M, tera:Ground|100\/100 par|[from] Volt Switch\n|cant|p2a: Donbozo|slp\n|move|p2a: Donbozo|Sleep Talk|p2a: Donbozo\n|move|p2a: Donbozo|Wave Crash|p1a: Fezandipiti|[from]move: Sleep Talk\n|-supereffective|p1a: Fezandipiti\n|-damage|p1a: Fezandipiti|0 fnt\n|faint|p1a: Fezandipiti\n|-damage|p2a: Donbozo|29\/100 slp|[from] Recoil\n|\n|-heal|p2a: Donbozo|35\/100 slp|[from] item: Leftovers\n|upkeep\n|\n|t:|1700447166\n|switch|p1a: Rotom|Rotom-Wash|37\/100\n|turn|51\n|\n|t:|1700447171\n|switch|p2a: Trans Rights|Heatran, M|64\/100\n|move|p1a: Rotom|Volt Switch|p2a: Trans Rights\n|-damage|p2a: Trans Rights|47\/100\n|\n|t:|1700447173\n|switch|p1a: Great Tusk|Great Tusk|98\/100|[from] Volt Switch\n|\n|-heal|p2a: Trans Rights|53\/100|[from] item: Leftovers\n|upkeep\n|turn|52\n|\n|t:|1700447177\n|move|p2a: Trans Rights|Magma Storm|p1a: Great Tusk|[miss]\n|-miss|p2a: Trans Rights|p1a: Great Tusk\n|move|p1a: Great Tusk|Head Smash|p2a: Trans Rights|[miss]\n|-miss|p1a: Great Tusk|p2a: Trans Rights\n|\n|-heal|p2a: Trans Rights|60\/100|[from] item: Leftovers\n|upkeep\n|turn|53\n|c|\u2606TheZilla07|Head Smash is so fire tbh\n|c|\u2606swumpy mumpus|haha yeah i love it\n|\n|t:|1700447199\n|move|p2a: Trans Rights|Magma Storm|p1a: Great Tusk\n|-damage|p1a: Great Tusk|41\/100\n|-activate|p1a: Great Tusk|move: Magma Storm|[of] p2a: Trans Rights\n|move|p1a: Great Tusk|Headlong Rush|p2a: Trans Rights\n|-supereffective|p2a: Trans Rights\n|-damage|p2a: Trans Rights|0 fnt\n|-unboost|p1a: Great Tusk|def|1\n|-unboost|p1a: Great Tusk|spd|1\n|faint|p2a: Trans Rights\n|\n|-end|p1a: Great Tusk|Magma Storm|[partiallytrapped]|[silent]\n|upkeep\n|j| Ivaannn\n|\n|t:|1700447204\n|switch|p2a: NO TOUCHING|Zapdos|93\/100\n|turn|54\n|\n|t:|1700447217\n|move|p2a: NO TOUCHING|Hurricane|p1a: Great Tusk\n|-supereffective|p1a: Great Tusk\n|-damage|p1a: Great Tusk|0 fnt\n|faint|p1a: Great Tusk\n|-end|p1a: Great Tusk|Protosynthesis|[silent]\n|\n|upkeep\n|\n|t:|1700447219\n|switch|p1a: Rotom|Rotom-Wash|37\/100\n|turn|55\n|\n|t:|1700447226\n|move|p1a: Rotom|Protect|p1a: Rotom\n|-singleturn|p1a: Rotom|Protect\n|move|p2a: NO TOUCHING|Volt Switch|p1a: Rotom\n|-activate|p1a: Rotom|move: Protect\n|\n|-heal|p1a: Rotom|43\/100|[from] item: Leftovers\n|upkeep\n|turn|56\n|\n|t:|1700447232\n|move|p2a: NO TOUCHING|Volt Switch|p1a: Rotom\n|-damage|p1a: Rotom|18\/100\n|\n|t:|1700447235\n|switch|p2a: Donbozo|Dondozo, F|35\/100 slp|[from] Volt Switch\n|move|p1a: Rotom|Volt Switch|p2a: Donbozo\n|-supereffective|p2a: Donbozo\n|-damage|p2a: Donbozo|0 fnt\n|faint|p2a: Donbozo\n|\n|-heal|p1a: Rotom|25\/100|[from] item: Leftovers\n|upkeep\n|\n|t:|1700447236\n|switch|p2a: NO TOUCHING|Zapdos|93\/100\n|turn|57\n|\n|t:|1700447239\n|move|p1a: Rotom|Protect|p1a: Rotom\n|-singleturn|p1a: Rotom|Protect\n|move|p2a: NO TOUCHING|Volt Switch|p1a: Rotom\n|-activate|p1a: Rotom|move: Protect\n|\n|-heal|p1a: Rotom|31\/100|[from] item: Leftovers\n|upkeep\n|turn|58\n|\n|t:|1700447242\n|move|p2a: NO TOUCHING|Volt Switch|p1a: Rotom\n|-damage|p1a: Rotom|7\/100\n|move|p1a: Rotom|Hydro Pump|p2a: NO TOUCHING\n|-damage|p2a: NO TOUCHING|58\/100\n|\n|-heal|p1a: Rotom|13\/100|[from] item: Leftovers\n|upkeep\n|turn|59\n|\n|t:|1700447248\n|move|p2a: NO TOUCHING|Volt Switch|p1a: Rotom\n|-damage|p1a: Rotom|0 fnt\n|faint|p1a: Rotom\n|\n|win|TheZilla07\n|raw|swumpy mumpus's rating: 1754 &rarr; <strong>1728<\/strong><br \/>(-26 for losing)\n|raw|TheZilla07's rating: 1638 &rarr; <strong>1664<\/strong><br \/>(+26 for winning)\n|c|\u2606swumpy mumpus|gg wp\n|c|\u2606TheZilla07|gg wp\n","uploadtime":1700447256,"views":11,"p1id":"swumpymumpus","p2id":"thezilla07","formatid":"gen9ou","rating":1664,"private":0,"password":""}