{"id":"gen9ou-1989711579","p1":"mitsuumi","p2":"kinefisher5221","format":"[Gen 9] OU","log":"|j|\u2606mitsuumi\n|j|\u2606kinefisher5221\n|t:|1699889152\n|gametype|singles\n|player|p1|mitsuumi|backersf|1110\n|player|p2|kinefisher5221|volkner|1049\n|teamsize|p1|6\n|teamsize|p2|6\n|gen|9\n|tier|[Gen 9] OU\n|rated|\n|rule|Sleep Clause Mod: Limit one foe put to sleep\n|rule|Species Clause: Limit one of each Pok\u00e9mon\n|rule|OHKO Clause: OHKO moves are banned\n|rule|Evasion Items Clause: Evasion items are banned\n|rule|Evasion Moves Clause: Evasion moves are banned\n|rule|Endless Battle Clause: Forcing endless battles is banned\n|rule|HP Percentage Mod: HP is shown in percentages\n|clearpoke\n|poke|p1|Tinkaton, F|\n|poke|p1|Ceruledge, F|\n|poke|p1|Meowscarada, F|\n|poke|p1|Slither Wing|\n|poke|p1|Goodra, M|\n|poke|p1|Milotic, F|\n|poke|p2|Ninetales-Alola, M|\n|poke|p2|Dragapult, F|\n|poke|p2|Gholdengo|\n|poke|p2|Maushold-Four|\n|poke|p2|Cinderace, F|\n|poke|p2|Kingambit, M|\n|teampreview\n|\n|t:|1699889158\n|start\n|switch|p1a: Mary Jane|Meowscarada, F, shiny|100\/100\n|switch|p2a: Dragapult|Dragapult, F, shiny|100\/100\n|turn|1\n|inactive|Battle timer is ON: inactive players will automatically lose when time's up. (requested by mitsuumi)\n|\n|t:|1699889168\n|move|p2a: Dragapult|Reflect|p2a: Dragapult\n|-sidestart|p2: kinefisher5221|Reflect\n|move|p1a: Mary Jane|Play Rough|p2a: Dragapult\n|-supereffective|p2a: Dragapult\n|-damage|p2a: Dragapult|68\/100\n|\n|-heal|p2a: Dragapult|74\/100|[from] item: Leftovers\n|upkeep\n|turn|2\n|\n|t:|1699889178\n|move|p2a: Dragapult|Light Screen|p2a: Dragapult\n|-sidestart|p2: kinefisher5221|move: Light Screen\n|move|p1a: Mary Jane|Knock Off|p2a: Dragapult\n|-supereffective|p2a: Dragapult\n|-damage|p2a: Dragapult|18\/100\n|-enditem|p2a: Dragapult|Leftovers|[from] move: Knock Off|[of] p1a: Mary Jane\n|\n|upkeep\n|turn|3\n|\n|t:|1699889187\n|move|p2a: Dragapult|Reflect||[still]\n|-fail|p2a: Dragapult\n|move|p1a: Mary Jane|Play Rough|p2a: Dragapult\n|-supereffective|p2a: Dragapult\n|-damage|p2a: Dragapult|0 fnt\n|faint|p2a: Dragapult\n|\n|upkeep\n|\n|t:|1699889195\n|switch|p2a: Maushold|Maushold-Four|100\/100\n|turn|4\n|\n|t:|1699889206\n|-terastallize|p2a: Maushold|Normal\n|move|p1a: Mary Jane|Flower Trick|p2a: Maushold\n|-crit|p2a: Maushold\n|-damage|p2a: Maushold|36\/100\n|move|p2a: Maushold|Population Bomb|p1a: Mary Jane\n|-damage|p1a: Mary Jane|90\/100\n|-damage|p1a: Mary Jane|79\/100\n|-damage|p1a: Mary Jane|69\/100\n|-damage|p1a: Mary Jane|59\/100\n|-damage|p1a: Mary Jane|49\/100\n|-damage|p1a: Mary Jane|39\/100\n|-damage|p1a: Mary Jane|30\/100\n|-damage|p1a: Mary Jane|21\/100\n|-damage|p1a: Mary Jane|10\/100\n|-damage|p1a: Mary Jane|1\/100\n|-hitcount|p1a: Mary Jane|10\n|\n|upkeep\n|turn|5\n|c|\u2606mitsuumi|oh god\n|c|\u2606mitsuumi|oh no\n|\n|t:|1699889232\n|switch|p2a: Ninetales|Ninetales-Alola, M|100\/100\n|-weather|Snow|[from] ability: Snow Warning|[of] p2a: Ninetales\n|move|p1a: Mary Jane|Flower Trick|p2a: Ninetales\n|-crit|p2a: Ninetales\n|-damage|p2a: Ninetales|39\/100\n|\n|-weather|Snow|[upkeep]\n|-heal|p2a: Ninetales|45\/100|[from] item: Leftovers\n|-sideend|p2: kinefisher5221|Reflect\n|upkeep\n|turn|6\n|\n|t:|1699889253\n|move|p1a: Mary Jane|Flower Trick|p2a: Ninetales\n|-crit|p2a: Ninetales\n|-damage|p2a: Ninetales|0 fnt\n|faint|p2a: Ninetales\n|\n|-weather|Snow|[upkeep]\n|-sideend|p2: kinefisher5221|move: Light Screen\n|upkeep\n|\n|t:|1699889262\n|switch|p2a: Maushold|Maushold-Four, tera:Normal|36\/100\n|turn|7\n|\n|t:|1699889268\n|switch|p2a: Gholdengo|Gholdengo|100\/100\n|move|p1a: Mary Jane|Flower Trick|p2a: Gholdengo\n|-resisted|p2a: Gholdengo\n|-crit|p2a: Gholdengo\n|-damage|p2a: Gholdengo|62\/100\n|\n|-weather|Snow|[upkeep]\n|upkeep\n|turn|8\n|\n|t:|1699889280\n|move|p2a: Gholdengo|Make It Rain|p1a: Mary Jane\n|-crit|p1a: Mary Jane\n|-damage|p1a: Mary Jane|0 fnt\n|-unboost|p2a: Gholdengo|spa|1\n|faint|p1a: Mary Jane\n|\n|-weather|Snow|[upkeep]\n|upkeep\n|\n|t:|1699889288\n|switch|p1a: Violet|Ceruledge, F|100\/100\n|turn|9\n|\n|t:|1699889295\n|move|p1a: Violet|Poltergeist|p2a: Gholdengo\n|-activate|p2a: Gholdengo|move: Poltergeist|Choice Specs\n|-supereffective|p2a: Gholdengo\n|-crit|p2a: Gholdengo\n|-damage|p2a: Gholdengo|0 fnt\n|faint|p2a: Gholdengo\n|\n|-weather|none\n|upkeep\n|\n|t:|1699889310\n|switch|p2a: Cinderace|Cinderace, F|100\/100\n|turn|10\n|\n|t:|1699889317\n|move|p2a: Cinderace|Pyro Ball|p1a: Violet\n|-start|p1a: Violet|ability: Flash Fire\n|move|p1a: Violet|Swords Dance|p1a: Violet\n|-boost|p1a: Violet|atk|2\n|\n|upkeep\n|turn|11\n|\n|t:|1699889328\n|switch|p2a: Kingambit|Kingambit, M|100\/100\n|-activate|p2a: Kingambit|ability: Supreme Overlord\n|-start|p2a: Kingambit|fallen3|[silent]\n|move|p1a: Violet|Bitter Blade|p2a: Kingambit\n|-supereffective|p2a: Kingambit\n|-damage|p2a: Kingambit|0 fnt\n|faint|p2a: Kingambit\n|-end|p2a: Kingambit|fallen3|[silent]\n|\n|upkeep\n|-message|kinefisher5221 forfeited.\n|\n|win|mitsuumi\n|raw|mitsuumi's rating: 1110 &rarr; <strong>1131<\/strong><br \/>(+21 for winning)\n|raw|kinefisher5221's rating: 1049 &rarr; <strong>1035<\/strong><br \/>(-14 for losing)\n|l|\u2606kinefisher5221\n","uploadtime":1699889444,"views":24,"p1id":"mitsuumi","p2id":"kinefisher5221","formatid":"gen9ou","rating":1035,"private":0,"password":""}