{"id":"gen9ou-1997681828","p1":"Hdjsisifif","p2":"Speedybot64","format":"[Gen 9] OU","log":"|j|\u2606Hdjsisifif\n|j|\u2606Speedybot64\n|t:|1700841217\n|gametype|singles\n|player|p1|Hdjsisifif|265|1067\n|player|p2|Speedybot64|alec-anime|1028\n|teamsize|p1|2\n|teamsize|p2|6\n|gen|9\n|tier|[Gen 9] OU\n|rated|\n|rule|Sleep Clause Mod: Limit one foe put to sleep\n|rule|Species Clause: Limit one of each Pok\u00e9mon\n|rule|OHKO Clause: OHKO moves are banned\n|rule|Evasion Items Clause: Evasion items are banned\n|rule|Evasion Moves Clause: Evasion moves are banned\n|rule|Endless Battle Clause: Forcing endless battles is banned\n|rule|HP Percentage Mod: HP is shown in percentages\n|clearpoke\n|poke|p1|Noctowl, F|\n|poke|p1|Azelf|\n|poke|p2|Manaphy|\n|poke|p2|Pelipper, M|\n|poke|p2|Vaporeon, M|\n|poke|p2|Whiscash, M|\n|poke|p2|Goodra, M|\n|poke|p2|Corviknight, M|\n|teampreview\n|\n|t:|1700841235\n|start\n|switch|p1a: Azelf|Azelf|100\/100\n|switch|p2a: Pelipper|Pelipper, M, shiny|100\/100\n|-weather|RainDance|[from] ability: Drizzle|[of] p2a: Pelipper\n|turn|1\n|\n|t:|1700841239\n|move|p1a: Azelf|Light Screen|p1a: Azelf\n|-sidestart|p1: Hdjsisifif|move: Light Screen\n|move|p2a: Pelipper|Knock Off|p1a: Azelf\n|-supereffective|p1a: Azelf\n|-damage|p1a: Azelf|72\/100\n|-enditem|p1a: Azelf|Light Clay|[from] move: Knock Off|[of] p2a: Pelipper\n|\n|-weather|RainDance|[upkeep]\n|upkeep\n|turn|2\n|\n|t:|1700841248\n|move|p1a: Azelf|Stealth Rock|p2a: Pelipper\n|-sidestart|p2: Speedybot64|move: Stealth Rock\n|move|p2a: Pelipper|U-turn|p1a: Azelf\n|-supereffective|p1a: Azelf\n|-damage|p1a: Azelf|50\/100\n|\n|t:|1700841264\n|switch|p2a: Vaporeon|Vaporeon, M, shiny|100\/100|[from] U-turn\n|-damage|p2a: Vaporeon|88\/100|[from] Stealth Rock\n|\n|-weather|RainDance|[upkeep]\n|upkeep\n|turn|3\n|\n|t:|1700841273\n|move|p1a: Azelf|Reflect|p1a: Azelf\n|-sidestart|p1: Hdjsisifif|Reflect\n|move|p2a: Vaporeon|Surf|p1a: Azelf\n|-damage|p1a: Azelf|17\/100\n|\n|-weather|RainDance|[upkeep]\n|upkeep\n|turn|4\n|\n|t:|1700841277\n|move|p1a: Azelf|Explosion|p2a: Vaporeon\n|-damage|p2a: Vaporeon|8\/100\n|faint|p1a: Azelf\n|move|p2a: Vaporeon|Surf|p1: Azelf|[notarget]\n|-fail|p2a: Vaporeon\n|\n|-weather|RainDance|[upkeep]\n|upkeep\n|\n|t:|1700841279\n|switch|p1a: Noctowl|Noctowl, F|100\/100\n|turn|5\n|inactive|Battle timer is ON: inactive players will automatically lose when time's up. (requested by Speedybot64)\n|\n|t:|1700841285\n|move|p1a: Noctowl|Agility|p1a: Noctowl\n|-boost|p1a: Noctowl|spe|2\n|move|p2a: Vaporeon|Rest|p2a: Vaporeon\n|-status|p2a: Vaporeon|slp|[from] move: Rest\n|-heal|p2a: Vaporeon|100\/100 slp|[silent]\n|\n|-weather|none\n|upkeep\n|turn|6\n|\n|t:|1700841294\n|switch|p2a: Pelipper|Pelipper, M, shiny|100\/100\n|-weather|RainDance|[from] ability: Drizzle|[of] p2a: Pelipper\n|-terastallize|p1a: Noctowl|Normal\n|move|p1a: Noctowl|Echoed Voice|p2a: Pelipper\n|-damage|p2a: Pelipper|58\/100\n|-enditem|p1a: Noctowl|Throat Spray\n|-boost|p1a: Noctowl|spa|1|[from] item: Throat Spray\n|\n|-weather|RainDance|[upkeep]\n|upkeep\n|turn|7\n|\n|t:|1700841305\n|move|p1a: Noctowl|Echoed Voice|p2a: Pelipper\n|-damage|p2a: Pelipper|0 fnt\n|faint|p2a: Pelipper\n|\n|-weather|RainDance|[upkeep]\n|-sideend|p1: Hdjsisifif|Reflect\n|upkeep\n|\n|t:|1700841309\n|switch|p2a: Corviknight|Corviknight, M, shiny|100\/100\n|-damage|p2a: Corviknight|88\/100|[from] Stealth Rock\n|turn|8\n|\n|t:|1700841311\n|-terastallize|p2a: Corviknight|Fighting\n|move|p1a: Noctowl|Echoed Voice|p2a: Corviknight\n|-damage|p2a: Corviknight|0 fnt\n|faint|p2a: Corviknight\n|\n|-weather|RainDance|[upkeep]\n|-sideend|p1: Hdjsisifif|move: Light Screen\n|upkeep\n|\n|t:|1700841317\n|switch|p2a: Goodra|Goodra, M, shiny|100\/100\n|-damage|p2a: Goodra|88\/100|[from] Stealth Rock\n|turn|9\n|\n|t:|1700841320\n|move|p1a: Noctowl|Echoed Voice|p2a: Goodra\n|-damage|p2a: Goodra|0 fnt\n|faint|p2a: Goodra\n|\n|-weather|RainDance|[upkeep]\n|upkeep\n|\n|t:|1700841323\n|switch|p2a: Whiscash|Whiscash, M, shiny|100\/100\n|-damage|p2a: Whiscash|94\/100|[from] Stealth Rock\n|turn|10\n|\n|t:|1700841326\n|move|p1a: Noctowl|Echoed Voice|p2a: Whiscash\n|-damage|p2a: Whiscash|0 fnt\n|faint|p2a: Whiscash\n|\n|-weather|none\n|upkeep\n|\n|t:|1700841328\n|switch|p2a: Vaporeon|Vaporeon, M, shiny|100\/100 slp\n|-damage|p2a: Vaporeon|88\/100 slp|[from] Stealth Rock\n|turn|11\n|-message|Speedybot64 forfeited.\n|\n|win|Hdjsisifif\n|raw|Hdjsisifif's rating: 1067 &rarr; <strong>1094<\/strong><br \/>(+27 for winning)\n|raw|Speedybot64's rating: 1028 &rarr; <strong>1015<\/strong><br \/>(-13 for losing)\n|l|\u2606Speedybot64\n","uploadtime":1700841354,"views":7,"p1id":"hdjsisifif","p2id":"speedybot64","formatid":"gen9ou","rating":1015,"private":0,"password":""}