{"id":"gen9ou-1995231068","p1":"gamb_over","p2":"MK5","format":"[Gen 9] OU","log":"|j|\u2606gamb_over\n|j|\u2606MK5\n|t:|1700537560\n|gametype|singles\n|player|p1|gamb_over|biker-gen4|1445\n|player|p2|MK5|266|1410\n|teamsize|p1|6\n|teamsize|p2|6\n|gen|9\n|tier|[Gen 9] OU\n|rated|\n|rule|Sleep Clause Mod: Limit one foe put to sleep\n|rule|Species Clause: Limit one of each Pok\u00e9mon\n|rule|OHKO Clause: OHKO moves are banned\n|rule|Evasion Items Clause: Evasion items are banned\n|rule|Evasion Moves Clause: Evasion moves are banned\n|rule|Endless Battle Clause: Forcing endless battles is banned\n|rule|HP Percentage Mod: HP is shown in percentages\n|clearpoke\n|poke|p1|Ribombee, M|\n|poke|p1|Samurott-Hisui, F|\n|poke|p1|Glimmora, F|\n|poke|p1|Gholdengo|\n|poke|p1|Iron Treads|\n|poke|p1|Kingambit, F|\n|poke|p2|Moltres|\n|poke|p2|Great Tusk|\n|poke|p2|Dragonite, F|\n|poke|p2|Slowking-Galar, M|\n|poke|p2|Samurott-Hisui, F|\n|poke|p2|Garganacl, F|\n|teampreview\n|\n|t:|1700537572\n|start\n|switch|p1a: SPIKE META|Samurott-Hisui, F|100\/100\n|switch|p2a: Slowking|Slowking-Galar, M|100\/100\n|turn|1\n|inactive|Battle timer is ON: inactive players will automatically lose when time's up. (requested by gamb_over)\n|\n|t:|1700537585\n|switch|p2a: Moltres|Moltres|100\/100\n|move|p1a: SPIKE META|Ceaseless Edge|p2a: Moltres\n|-damage|p2a: Moltres|75\/100\n|-sidestart|p2: MK5|Spikes\n|\n|upkeep\n|turn|2\n|inactive|gamb_over has 120 seconds left.\n|\n|t:|1700537625\n|switch|p2a: Samurott|Samurott-Hisui, F, shiny|100\/100\n|move|p1a: SPIKE META|Surf|p2a: Samurott\n|-resisted|p2a: Samurott\n|-damage|p2a: Samurott|72\/100\n|\n|upkeep\n|turn|3\n|\n|t:|1700537634\n|move|p1a: SPIKE META|Flip Turn|p2a: Samurott\n|-resisted|p2a: Samurott\n|-damage|p2a: Samurott|57\/100\n|inactive|gamb_over has 120 seconds left.\n|\n|t:|1700537641\n|switch|p1a: WEB META|Ribombee, M|100\/100|[from] Flip Turn\n|move|p2a: Samurott|Ceaseless Edge|p1a: WEB META\n|-resisted|p1a: WEB META\n|-damage|p1a: WEB META|55\/100\n|-sidestart|p1: gamb_over|Spikes\n|\n|upkeep\n|turn|4\n|\n|t:|1700537650\n|move|p1a: WEB META|Moonblast|p2a: Samurott\n|-supereffective|p2a: Samurott\n|-damage|p2a: Samurott|0 fnt\n|faint|p2a: Samurott\n|\n|upkeep\n|\n|t:|1700537656\n|switch|p2a: Slowking|Slowking-Galar, M|100\/100\n|turn|5\n|inactive|gamb_over has 120 seconds left.\n|inactive|gamb_over has 90 seconds left.\n|\n|t:|1700537717\n|move|p1a: WEB META|Sticky Web|p2a: Slowking\n|-sidestart|p2: MK5|move: Sticky Web\n|move|p2a: Slowking|Future Sight|p1a: WEB META\n|-start|p2a: Slowking|move: Future Sight\n|\n|upkeep\n|turn|6\n|\n|t:|1700537744\n|move|p1a: WEB META|Moonblast|p2a: Slowking\n|-resisted|p2a: Slowking\n|-damage|p2a: Slowking|89\/100\n|move|p2a: Slowking|Ice Beam|p1a: WEB META\n|-damage|p1a: WEB META|16\/100\n|\n|upkeep\n|turn|7\n|inactive|gamb_over has 90 seconds left.\n|inactive|gamb_over has 60 seconds left.\n|inactive|gamb_over has 30 seconds left.\n|inactive|gamb_over has 20 seconds left.\n|\n|t:|1700537833\n|move|p1a: WEB META|Moonblast|p2a: Slowking\n|-resisted|p2a: Slowking\n|-damage|p2a: Slowking|77\/100\n|-unboost|p2a: Slowking|spa|1\n|move|p2a: Slowking|Chilly Reception|p2a: Slowking\n|-weather|Snow\n|inactive|gamb_over has 25 seconds left this turn.\n|\n|t:|1700537845\n|switch|p2a: Dragonite|Dragonite, F|100\/100|[from] Chilly Reception\n|\n|-weather|Snow|[upkeep]\n|-end|p1a: WEB META|move: Future Sight\n|-damage|p1a: WEB META|0 fnt\n|faint|p1a: WEB META\n|upkeep\n|inactive|gamb_over has 30 seconds left this turn.\n|inactive|gamb_over has 20 seconds left.\n|inactive|gamb_over has 15 seconds left.\n|inactive|gamb_over has 10 seconds left.\n|\n|t:|1700537867\n|switch|p1a: TSPIKE META|Glimmora, F|100\/100\n|-damage|p1a: TSPIKE META|88\/100|[from] Spikes\n|turn|8\n|inactive|gamb_over has 20 seconds left this turn.\n|\n|t:|1700537878\n|move|p1a: TSPIKE META|Mortal Spin|p2a: Dragonite\n|-damage|p2a: Dragonite|97\/100\n|-status|p2a: Dragonite|psn\n|-sideend|p1: gamb_over|Spikes|[from] move: Mortal Spin|[of] p1a: TSPIKE META\n|move|p2a: Dragonite|Dragon Dance|p2a: Dragonite\n|-boost|p2a: Dragonite|atk|1\n|-boost|p2a: Dragonite|spe|1\n|\n|-weather|Snow|[upkeep]\n|-damage|p2a: Dragonite|85\/100 psn|[from] psn\n|upkeep\n|turn|9\n|inactive|gamb_over has 30 seconds left this turn.\n|inactive|gamb_over has 20 seconds left.\n|inactive|gamb_over has 15 seconds left.\n|\n|t:|1700537894\n|move|p2a: Dragonite|Earthquake|p1a: TSPIKE META\n|-supereffective|p1a: TSPIKE META\n|-damage|p1a: TSPIKE META|0 fnt\n|faint|p1a: TSPIKE META\n|\n|-weather|Snow|[upkeep]\n|-damage|p2a: Dragonite|72\/100 psn|[from] psn\n|upkeep\n|inactive|gamb_over has 20 seconds left this turn.\n|inactive|gamb_over has 15 seconds left.\n|\n|t:|1700537900\n|switch|p1a: SPIKE META|Samurott-Hisui, F|100\/100\n|turn|10\n|inactive|gamb_over has 25 seconds left this turn.\n|\n|t:|1700537904\n|-terastallize|p2a: Dragonite|Normal\n|move|p2a: Dragonite|Extreme Speed|p1a: SPIKE META\n|-damage|p1a: SPIKE META|0 fnt\n|faint|p1a: SPIKE META\n|\n|-weather|Snow|[upkeep]\n|-damage|p2a: Dragonite|60\/100 psn|[from] psn\n|upkeep\n|inactive|gamb_over has 30 seconds left this turn.\n|inactive|gamb_over has 20 seconds left.\n|inactive|gamb_over has 15 seconds left.\n|inactive|gamb_over has 10 seconds left.\n|\n|t:|1700537929\n|switch|p1a: IRON TUSK 69|Iron Treads|100\/100\n|-enditem|p1a: IRON TUSK 69|Booster Energy\n|-activate|p1a: IRON TUSK 69|ability: Quark Drive|[fromitem]\n|-start|p1a: IRON TUSK 69|quarkdrivespe\n|turn|11\n|inactive|gamb_over has 20 seconds left this turn.\n|\n|t:|1700537936\n|switch|p2a: Moltres|Moltres|75\/100\n|move|p1a: IRON TUSK 69|Steel Beam|p2a: Moltres\n|-resisted|p2a: Moltres\n|-damage|p2a: Moltres|48\/100\n|-damage|p1a: IRON TUSK 69|50\/100|[from] steelbeam\n|\n|-weather|none\n|upkeep\n|turn|12\n|inactive|gamb_over has 30 seconds left this turn.\n|\n|t:|1700537945\n|move|p1a: IRON TUSK 69|Stealth Rock|p2a: Moltres\n|-sidestart|p2: MK5|move: Stealth Rock\n|move|p2a: Moltres|Roost|p2a: Moltres\n|-heal|p2a: Moltres|98\/100\n|-singleturn|p2a: Moltres|move: Roost\n|\n|upkeep\n|turn|13\n|\n|t:|1700537951\n|move|p1a: IRON TUSK 69|Steel Beam|p2a: Moltres\n|-resisted|p2a: Moltres\n|-damage|p2a: Moltres|72\/100\n|-damage|p1a: IRON TUSK 69|0 fnt|[from] steelbeam\n|faint|p1a: IRON TUSK 69\n|-end|p1a: IRON TUSK 69|Quark Drive|[silent]\n|move|p2a: Moltres|Flamethrower|p1: IRON TUSK 69|[notarget]\n|-fail|p2a: Moltres\n|\n|upkeep\n|\n|t:|1700537957\n|switch|p1a: EVIL META|Gholdengo|100\/100\n|turn|14\n|\n|t:|1700537961\n|move|p2a: Moltres|Flamethrower|p1a: EVIL META\n|-supereffective|p1a: EVIL META\n|-damage|p1a: EVIL META|47\/100\n|move|p1a: EVIL META|Light Screen|p1a: EVIL META\n|-sidestart|p1: gamb_over|move: Light Screen\n|\n|upkeep\n|turn|15\n|\n|t:|1700537966\n|move|p2a: Moltres|Flamethrower|p1a: EVIL META\n|-supereffective|p1a: EVIL META\n|-damage|p1a: EVIL META|20\/100\n|move|p1a: EVIL META|Thunderbolt|p2a: Moltres\n|-supereffective|p2a: Moltres\n|-damage|p2a: Moltres|15\/100\n|\n|upkeep\n|turn|16\n|inactive|gamb_over has 60 seconds left.\n|\n|t:|1700537974\n|move|p2a: Moltres|Flamethrower|p1a: EVIL META\n|-supereffective|p1a: EVIL META\n|-damage|p1a: EVIL META|0 fnt\n|faint|p1a: EVIL META\n|\n|upkeep\n|\n|t:|1700537976\n|switch|p1a: Rigged Suspect|Kingambit, F|100\/100\n|-activate|p1a: Rigged Suspect|ability: Supreme Overlord\n|-start|p1a: Rigged Suspect|fallen5|[silent]\n|turn|17\n|\n|t:|1700537981\n|-terastallize|p1a: Rigged Suspect|Fairy\n|move|p2a: Moltres|Will-O-Wisp|p1a: Rigged Suspect|[miss]\n|-miss|p2a: Moltres|p1a: Rigged Suspect\n|move|p1a: Rigged Suspect|Swords Dance|p1a: Rigged Suspect\n|-boost|p1a: Rigged Suspect|atk|2\n|\n|upkeep\n|turn|18\n|c|\u2606gamb_over|unfort\n|\n|t:|1700537988\n|move|p2a: Moltres|Will-O-Wisp|p1a: Rigged Suspect\n|-status|p1a: Rigged Suspect|brn\n|move|p1a: Rigged Suspect|Swords Dance|p1a: Rigged Suspect\n|-boost|p1a: Rigged Suspect|atk|2\n|\n|-damage|p1a: Rigged Suspect|94\/100 brn|[from] brn\n|upkeep\n|turn|19\n|\n|t:|1700537995\n|move|p2a: Moltres|Roost|p2a: Moltres\n|-heal|p2a: Moltres|65\/100\n|-singleturn|p2a: Moltres|move: Roost\n|move|p1a: Rigged Suspect|Kowtow Cleave|p2a: Moltres\n|-damage|p2a: Moltres|0 fnt\n|faint|p2a: Moltres\n|\n|-heal|p1a: Rigged Suspect|100\/100 brn|[from] item: Leftovers\n|-damage|p1a: Rigged Suspect|94\/100 brn|[from] brn\n|upkeep\n|j| cryaboutitE\n|\n|t:|1700538015\n|switch|p2a: Great Tusk|Great Tusk|100\/100\n|-damage|p2a: Great Tusk|88\/100|[from] Spikes\n|-activate|p2a: Great Tusk|move: Sticky Web\n|-unboost|p2a: Great Tusk|spe|1\n|-damage|p2a: Great Tusk|85\/100|[from] Stealth Rock\n|turn|20\n|j| mcp3\n|j| NEW WAVE META\n|\n|t:|1700538026\n|move|p2a: Great Tusk|Earthquake|p1a: Rigged Suspect\n|-damage|p1a: Rigged Suspect|54\/100 brn\n|move|p1a: Rigged Suspect|Tera Blast|p2a: Great Tusk|[anim] Tera Blast Fairy\n|-supereffective|p2a: Great Tusk\n|-damage|p2a: Great Tusk|0 fnt\n|faint|p2a: Great Tusk\n|-end|p2a: Great Tusk|Protosynthesis|[silent]\n|\n|-heal|p1a: Rigged Suspect|60\/100 brn|[from] item: Leftovers\n|-damage|p1a: Rigged Suspect|54\/100 brn|[from] brn\n|upkeep\n|c| cryaboutitE|It\u2019s Gambitover\u2026\n|j| xgermx\n|inactive|MK5 has 120 seconds left.\n|\n|t:|1700538046\n|switch|p2a: Garganacl|Garganacl, F|100\/100\n|-damage|p2a: Garganacl|88\/100|[from] Spikes\n|-activate|p2a: Garganacl|move: Sticky Web\n|-unboost|p2a: Garganacl|spe|1\n|-damage|p2a: Garganacl|76\/100|[from] Stealth Rock\n|turn|21\n|\n|t:|1700538052\n|move|p1a: Rigged Suspect|Kowtow Cleave|p2a: Garganacl\n|-damage|p2a: Garganacl|0 fnt\n|faint|p2a: Garganacl\n|\n|-heal|p1a: Rigged Suspect|60\/100 brn|[from] item: Leftovers\n|-damage|p1a: Rigged Suspect|54\/100 brn|[from] brn\n|-sideend|p1: gamb_over|move: Light Screen\n|upkeep\n|c| cryaboutitE|Nvm\n|c|\u2606gamb_over|dnite could kill\n|inactive|MK5 has 120 seconds left.\n|\n|t:|1700538063\n|switch|p2a: Slowking|Slowking-Galar, M|100\/100\n|turn|22\n|c|\u2606gamb_over|idk yet\n|c| mcp3|Balanced\n|c| cryaboutitE|I disregard my original statement\n|c| cryaboutitE|Fr\n|c| mcp3|It diesnt\n|inactive|MK5 has 120 seconds left.\n|c| mcp3|doesnt\n|\n|t:|1700538073\n|move|p1a: Rigged Suspect|Kowtow Cleave|p2a: Slowking\n|-supereffective|p2a: Slowking\n|-damage|p2a: Slowking|0 fnt\n|faint|p2a: Slowking\n|\n|-heal|p1a: Rigged Suspect|60\/100 brn|[from] item: Leftovers\n|-damage|p1a: Rigged Suspect|54\/100 brn|[from] brn\n|upkeep\n|c| mcp3|unless banded\n|inactive|MK5 has 120 seconds left.\n|c| cryaboutitE|Nah dnite doesn\u2019t kill\n|\n|t:|1700538080\n|switch|p2a: Dragonite|Dragonite, F, tera:Normal|60\/100 psn\n|turn|23\n|c|\u2606MK5|gg\n|c| cryaboutitE|Trust\n|\n|t:|1700538086\n|move|p2a: Dragonite|Extreme Speed|p1a: Rigged Suspect\n|-damage|p1a: Rigged Suspect|16\/100 brn\n|move|p1a: Rigged Suspect|Kowtow Cleave|p2a: Dragonite\n|-damage|p2a: Dragonite|0 fnt\n|faint|p2a: Dragonite\n|\n|win|gamb_over\n|raw|gamb_over's rating: 1445 &rarr; <strong>1463<\/strong><br \/>(+18 for winning)\n|raw|MK5's rating: 1410 &rarr; <strong>1392<\/strong><br \/>(-18 for losing)\n|c|\u2606gamb_over|gg\n|j| Metalpicachu150\n|l|\u2606MK5\n|c|\u2606gamb_over|very balanced\n|c| mcp3|Balanced\n|c| mcp3|Lmao\n|l| cryaboutitE\n|j| Stantler is Uber\n|l| xgermx\n|l| mcp3\n|c|\u2606gamb_over|wisping gambit will stop the sweep\n|c|\u2606gamb_over|trust\n","uploadtime":1700538120,"views":14,"p1id":"gambover","p2id":"mk5","formatid":"gen9ou","rating":1392,"private":0,"password":""}