{"id":"gen9ou-1988983195","p1":"360Yes","p2":"Aussie Kent","format":"[Gen 9] OU","log":"|j|\u2606360Yes\n|j|\u2606Aussie Kent\n|t:|1699798215\n|gametype|singles\n|player|p1|360Yes|benga|1133\n|player|p2|Aussie Kent|shadowtriad|1203\n|teamsize|p1|6\n|teamsize|p2|6\n|gen|9\n|tier|[Gen 9] OU\n|rated|\n|rule|Sleep Clause Mod: Limit one foe put to sleep\n|rule|Species Clause: Limit one of each Pok\u00e9mon\n|rule|OHKO Clause: OHKO moves are banned\n|rule|Evasion Items Clause: Evasion items are banned\n|rule|Evasion Moves Clause: Evasion moves are banned\n|rule|Endless Battle Clause: Forcing endless battles is banned\n|rule|HP Percentage Mod: HP is shown in percentages\n|clearpoke\n|poke|p1|Samurott-Hisui, F|\n|poke|p1|Great Tusk|\n|poke|p1|Gholdengo|\n|poke|p1|Ceruledge, M|\n|poke|p1|Thundurus-Therian, M|\n|poke|p1|Slowking-Galar, F|\n|poke|p2|Vaporeon, F|\n|poke|p2|Salazzle, F|\n|poke|p2|Glimmora, M|\n|poke|p2|Toxapex, M|\n|poke|p2|Garganacl, F|\n|poke|p2|Amoonguss, M|\n|teampreview\n|c|\u2606360Yes|Why\n|inactive|Battle timer is ON: inactive players will automatically lose when time's up. (requested by 360Yes)\n|\n|t:|1699798255\n|start\n|switch|p1a: Samurott|Samurott-Hisui, F, shiny|100\/100\n|switch|p2a: Glimmora|Glimmora, M|100\/100\n|turn|1\n|\n|t:|1699798259\n|move|p1a: Samurott|Ceaseless Edge|p2a: Glimmora\n|-damage|p2a: Glimmora|56\/100\n|-sidestart|p2: Aussie Kent|Spikes\n|move|p2a: Glimmora|Stealth Rock|p1a: Samurott\n|-sidestart|p1: 360Yes|move: Stealth Rock\n|\n|upkeep\n|turn|2\n|\n|t:|1699798265\n|move|p1a: Samurott|Ceaseless Edge|p2a: Glimmora\n|-damage|p2a: Glimmora|8\/100\n|-sidestart|p2: Aussie Kent|Spikes\n|move|p2a: Glimmora|Mortal Spin|p1a: Samurott\n|-damage|p1a: Samurott|93\/100\n|-status|p1a: Samurott|psn\n|-sideend|p2: Aussie Kent|Spikes|[from] move: Mortal Spin|[of] p2a: Glimmora\n|\n|-damage|p1a: Samurott|81\/100 psn|[from] psn\n|upkeep\n|turn|3\n|\n|t:|1699798270\n|move|p1a: Samurott|Ceaseless Edge|p2a: Glimmora\n|-damage|p2a: Glimmora|0 fnt\n|-sidestart|p2: Aussie Kent|Spikes\n|faint|p2a: Glimmora\n|\n|-damage|p1a: Samurott|68\/100 psn|[from] psn\n|upkeep\n|\n|t:|1699798276\n|switch|p2a: Amoonguss|Amoonguss, M|100\/100\n|-damage|p2a: Amoonguss|88\/100|[from] Spikes\n|turn|4\n|\n|t:|1699798284\n|move|p1a: Samurott|Ceaseless Edge|p2a: Amoonguss\n|-damage|p2a: Amoonguss|56\/100\n|-damage|p1a: Samurott|52\/100 psn|[from] item: Rocky Helmet|[of] p2a: Amoonguss\n|-sidestart|p2: Aussie Kent|Spikes\n|move|p2a: Amoonguss|Giga Drain|p1a: Samurott\n|-supereffective|p1a: Samurott\n|-damage|p1a: Samurott|0 fnt\n|-heal|p2a: Amoonguss|75\/100|[from] drain|[of] p1a: Samurott\n|faint|p1a: Samurott\n|\n|upkeep\n|\n|t:|1699798292\n|switch|p1a: Great Tusk|Great Tusk|100\/100\n|-damage|p1a: Great Tusk|98\/100|[from] Stealth Rock\n|turn|5\n|\n|t:|1699798296\n|move|p1a: Great Tusk|Ice Spinner|p2a: Amoonguss\n|-supereffective|p2a: Amoonguss\n|-damage|p2a: Amoonguss|29\/100\n|-damage|p1a: Great Tusk|81\/100|[from] item: Rocky Helmet|[of] p2a: Amoonguss\n|move|p2a: Amoonguss|Toxic|p1a: Great Tusk\n|-status|p1a: Great Tusk|tox\n|\n|-damage|p1a: Great Tusk|75\/100 tox|[from] psn\n|upkeep\n|turn|6\n|\n|t:|1699798301\n|switch|p2a: Toxapex|Toxapex, M|100\/100\n|-damage|p2a: Toxapex|84\/100|[from] Spikes\n|move|p1a: Great Tusk|Ice Spinner|p2a: Toxapex\n|-resisted|p2a: Toxapex\n|-damage|p2a: Toxapex|71\/100\n|\n|-heal|p2a: Toxapex|77\/100|[from] item: Leftovers\n|-damage|p1a: Great Tusk|62\/100 tox|[from] psn\n|upkeep\n|turn|7\n|\n|t:|1699798310\n|move|p1a: Great Tusk|Rapid Spin|p2a: Toxapex\n|-damage|p2a: Toxapex|62\/100\n|-boost|p1a: Great Tusk|spe|1\n|-sideend|p1: 360Yes|Stealth Rock|[from] move: Rapid Spin|[of] p1a: Great Tusk\n|move|p2a: Toxapex|Infestation|p1a: Great Tusk\n|-resisted|p1a: Great Tusk\n|-damage|p1a: Great Tusk|61\/100 tox\n|-activate|p1a: Great Tusk|move: Infestation|[of] p2a: Toxapex\n|\n|-heal|p2a: Toxapex|68\/100|[from] item: Leftovers\n|-damage|p1a: Great Tusk|42\/100 tox|[from] psn\n|-damage|p1a: Great Tusk|30\/100 tox|[from] move: Infestation|[partiallytrapped]\n|upkeep\n|turn|8\n|\n|t:|1699798314\n|move|p1a: Great Tusk|Headlong Rush|p2a: Toxapex\n|-supereffective|p2a: Toxapex\n|-damage|p2a: Toxapex|0 fnt\n|-unboost|p1a: Great Tusk|def|1\n|-unboost|p1a: Great Tusk|spd|1\n|faint|p2a: Toxapex\n|\n|-damage|p1a: Great Tusk|5\/100 tox|[from] psn\n|-end|p1a: Great Tusk|Infestation|[partiallytrapped]|[silent]\n|upkeep\n|\n|t:|1699798329\n|switch|p2a: Vaporeon|Vaporeon, F|100\/100\n|-damage|p2a: Vaporeon|84\/100|[from] Spikes\n|turn|9\n|\n|t:|1699798333\n|-end|p1a: Great Tusk|Protosynthesis|[silent]\n|switch|p1a: Slowking|Slowking-Galar, F|100\/100\n|move|p2a: Vaporeon|Wish|p2a: Vaporeon\n|\n|-heal|p2a: Vaporeon|90\/100|[from] item: Leftovers\n|upkeep\n|turn|10\n|\n|t:|1699798339\n|switch|p2a: Garganacl|Garganacl, F|100\/100\n|-damage|p2a: Garganacl|84\/100|[from] Spikes\n|move|p1a: Slowking|Yawn|p2a: Garganacl\n|-immune|p2a: Garganacl|[from] ability: Purifying Salt\n|\n|-heal|p2a: Garganacl|100\/100|[from] move: Wish|[wisher] Vaporeon\n|upkeep\n|turn|11\n|\n|t:|1699798358\n|move|p2a: Garganacl|Salt Cure|p1a: Slowking\n|-damage|p1a: Slowking|87\/100\n|-start|p1a: Slowking|Salt Cure\n|move|p1a: Slowking|Future Sight|p2a: Garganacl\n|-start|p1a: Slowking|move: Future Sight\n|\n|-damage|p1a: Slowking|74\/100|[from] Salt Cure\n|upkeep\n|turn|12\n|\n|t:|1699798366\n|move|p2a: Garganacl|Salt Cure|p1a: Slowking\n|-damage|p1a: Slowking|61\/100\n|move|p1a: Slowking|Chilly Reception|p1a: Slowking\n|-weather|Snow\n|\n|t:|1699798370\n|switch|p1a: Great Tusk|Great Tusk|5\/100 tox|[from] Chilly Reception\n|\n|-weather|Snow|[upkeep]\n|-damage|p1a: Great Tusk|0 fnt|[from] psn\n|faint|p1a: Great Tusk\n|-end|p1a: Great Tusk|Protosynthesis|[silent]\n|upkeep\n|\n|t:|1699798377\n|switch|p1a: Ceruledge|Ceruledge, M|100\/100\n|turn|13\n|\n|t:|1699798382\n|move|p1a: Ceruledge|Close Combat|p2a: Garganacl\n|-supereffective|p2a: Garganacl\n|-damage|p2a: Garganacl|31\/100\n|-unboost|p1a: Ceruledge|def|1\n|-unboost|p1a: Ceruledge|spd|1\n|-damage|p1a: Ceruledge|91\/100|[from] item: Life Orb\n|move|p2a: Garganacl|Salt Cure|p1a: Ceruledge\n|-supereffective|p1a: Ceruledge\n|-damage|p1a: Ceruledge|37\/100\n|-start|p1a: Ceruledge|Salt Cure\n|\n|-weather|Snow|[upkeep]\n|-end|p2a: Garganacl|move: Future Sight\n|-damage|p2a: Garganacl|0 fnt\n|faint|p2a: Garganacl\n|-damage|p1a: Ceruledge|25\/100|[from] Salt Cure\n|upkeep\n|\n|t:|1699798400\n|switch|p2a: Vaporeon|Vaporeon, F|90\/100\n|-damage|p2a: Vaporeon|74\/100|[from] Spikes\n|turn|14\n|\n|t:|1699798404\n|switch|p1a: Slowking|Slowking-Galar, F|94\/100\n|move|p2a: Vaporeon|Calm Mind|p2a: Vaporeon\n|-boost|p2a: Vaporeon|spa|1\n|-boost|p2a: Vaporeon|spd|1\n|\n|-weather|Snow|[upkeep]\n|-heal|p2a: Vaporeon|80\/100|[from] item: Leftovers\n|upkeep\n|turn|15\n|\n|t:|1699798409\n|move|p2a: Vaporeon|Protect|p2a: Vaporeon\n|-singleturn|p2a: Vaporeon|Protect\n|move|p1a: Slowking|Yawn|p2a: Vaporeon\n|-activate|p2a: Vaporeon|move: Protect\n|\n|-weather|Snow|[upkeep]\n|-heal|p2a: Vaporeon|86\/100|[from] item: Leftovers\n|upkeep\n|turn|16\n|\n|t:|1699798414\n|move|p2a: Vaporeon|Calm Mind|p2a: Vaporeon\n|-boost|p2a: Vaporeon|spa|1\n|-boost|p2a: Vaporeon|spd|1\n|move|p1a: Slowking|Yawn|p2a: Vaporeon\n|-start|p2a: Vaporeon|move: Yawn|[of] p1a: Slowking\n|\n|-weather|none\n|-heal|p2a: Vaporeon|92\/100|[from] item: Leftovers\n|upkeep\n|turn|17\n|\n|t:|1699798418\n|move|p2a: Vaporeon|Calm Mind|p2a: Vaporeon\n|-boost|p2a: Vaporeon|spa|1\n|-boost|p2a: Vaporeon|spd|1\n|move|p1a: Slowking|Future Sight|p2a: Vaporeon\n|-start|p1a: Slowking|move: Future Sight\n|\n|-heal|p2a: Vaporeon|99\/100|[from] item: Leftovers\n|-end|p2a: Vaporeon|move: Yawn|[silent]\n|-status|p2a: Vaporeon|slp\n|upkeep\n|turn|18\n|\n|t:|1699798421\n|cant|p2a: Vaporeon|slp\n|move|p1a: Slowking|Chilly Reception|p1a: Slowking\n|-weather|Snow\n|\n|t:|1699798424\n|switch|p1a: Thundurus|Thundurus-Therian, M|100\/100|[from] Chilly Reception\n|\n|-weather|Snow|[upkeep]\n|-heal|p2a: Vaporeon|100\/100 slp|[from] item: Leftovers\n|upkeep\n|turn|19\n|\n|t:|1699798431\n|-terastallize|p2a: Vaporeon|Ground\n|move|p1a: Thundurus|Thunderbolt|p2a: Vaporeon\n|-immune|p2a: Vaporeon\n|cant|p2a: Vaporeon|slp\n|\n|-weather|Snow|[upkeep]\n|-end|p2a: Vaporeon|move: Future Sight\n|-crit|p2a: Vaporeon\n|-damage|p2a: Vaporeon|48\/100 slp\n|-heal|p2a: Vaporeon|54\/100 slp|[from] item: Leftovers\n|upkeep\n|turn|20\n|\n|t:|1699798443\n|switch|p1a: Slowking|Slowking-Galar, F|100\/100\n|-curestatus|p2a: Vaporeon|slp|[msg]\n|move|p2a: Vaporeon|Scald|p1a: Slowking\n|-damage|p1a: Slowking|58\/100\n|\n|-weather|Snow|[upkeep]\n|-heal|p2a: Vaporeon|60\/100|[from] item: Leftovers\n|upkeep\n|turn|21\n|\n|t:|1699798450\n|move|p2a: Vaporeon|Scald|p1a: Slowking\n|-damage|p1a: Slowking|11\/100\n|move|p1a: Slowking|Yawn|p2a: Vaporeon\n|-start|p2a: Vaporeon|move: Yawn|[of] p1a: Slowking\n|\n|-weather|Snow|[upkeep]\n|-heal|p2a: Vaporeon|67\/100|[from] item: Leftovers\n|upkeep\n|turn|22\n|\n|t:|1699798456\n|switch|p1a: Gholdengo|Gholdengo|100\/100\n|-item|p1a: Gholdengo|Air Balloon\n|move|p2a: Vaporeon|Scald|p1a: Gholdengo\n|-damage|p1a: Gholdengo|24\/100\n|-status|p1a: Gholdengo|brn\n|-enditem|p1a: Gholdengo|Air Balloon\n|\n|-weather|none\n|-heal|p2a: Vaporeon|73\/100|[from] item: Leftovers\n|-damage|p1a: Gholdengo|18\/100 brn|[from] brn\n|-end|p2a: Vaporeon|move: Yawn|[silent]\n|-status|p2a: Vaporeon|slp\n|upkeep\n|turn|23\n|\n|t:|1699798465\n|move|p1a: Gholdengo|Hex|p2a: Vaporeon\n|-damage|p2a: Vaporeon|50\/100 slp\n|cant|p2a: Vaporeon|slp\n|\n|-heal|p2a: Vaporeon|56\/100 slp|[from] item: Leftovers\n|-damage|p1a: Gholdengo|12\/100 brn|[from] brn\n|upkeep\n|turn|24\n|\n|t:|1699798470\n|move|p1a: Gholdengo|Recover|p1a: Gholdengo\n|-heal|p1a: Gholdengo|62\/100 brn\n|cant|p2a: Vaporeon|slp\n|\n|-heal|p2a: Vaporeon|63\/100 slp|[from] item: Leftovers\n|-damage|p1a: Gholdengo|56\/100 brn|[from] brn\n|upkeep\n|turn|25\n|\n|t:|1699798473\n|move|p1a: Gholdengo|Recover|p1a: Gholdengo\n|-heal|p1a: Gholdengo|100\/100 brn\n|cant|p2a: Vaporeon|slp\n|\n|-heal|p2a: Vaporeon|69\/100 slp|[from] item: Leftovers\n|-damage|p1a: Gholdengo|94\/100 brn|[from] brn\n|upkeep\n|turn|26\n|\n|t:|1699798477\n|move|p1a: Gholdengo|Hex|p2a: Vaporeon\n|-crit|p2a: Vaporeon\n|-damage|p2a: Vaporeon|0 fnt\n|faint|p2a: Vaporeon\n|\n|-damage|p1a: Gholdengo|88\/100 brn|[from] brn\n|upkeep\n|\n|t:|1699798481\n|switch|p2a: Salazzle|Salazzle, F|100\/100\n|-damage|p2a: Salazzle|84\/100|[from] Spikes\n|turn|27\n|\n|t:|1699798483\n|move|p2a: Salazzle|Flamethrower|p1a: Gholdengo\n|-supereffective|p1a: Gholdengo\n|-damage|p1a: Gholdengo|6\/100 brn\n|move|p1a: Gholdengo|Thunder Wave|p2a: Salazzle\n|-status|p2a: Salazzle|par\n|\n|-damage|p1a: Gholdengo|0 fnt|[from] brn\n|faint|p1a: Gholdengo\n|upkeep\n|\n|t:|1699798488\n|switch|p1a: Ceruledge|Ceruledge, M|25\/100\n|turn|28\n|\n|t:|1699798493\n|switch|p2a: Amoonguss|Amoonguss, M|62\/100\n|-damage|p2a: Amoonguss|45\/100|[from] Spikes\n|move|p1a: Ceruledge|Bitter Blade|p2a: Amoonguss\n|-supereffective|p2a: Amoonguss\n|-damage|p2a: Amoonguss|0 fnt\n|-heal|p1a: Ceruledge|58\/100|[from] drain|[of] p2a: Amoonguss\n|-damage|p1a: Ceruledge|41\/100|[from] item: Rocky Helmet|[of] p2a: Amoonguss\n|faint|p2a: Amoonguss\n|-damage|p1a: Ceruledge|31\/100|[from] item: Life Orb\n|\n|upkeep\n|\n|t:|1699798500\n|switch|p2a: Salazzle|Salazzle, F|84\/100 par\n|-damage|p2a: Salazzle|67\/100 par|[from] Spikes\n|turn|29\n|\n|t:|1699798507\n|move|p1a: Ceruledge|Close Combat|p2a: Salazzle\n|-resisted|p2a: Salazzle\n|-damage|p2a: Salazzle|17\/100 par\n|-unboost|p1a: Ceruledge|def|1\n|-unboost|p1a: Ceruledge|spd|1\n|-damage|p1a: Ceruledge|21\/100|[from] item: Life Orb\n|move|p2a: Salazzle|Toxic|p1a: Ceruledge\n|-status|p1a: Ceruledge|tox\n|\n|-damage|p1a: Ceruledge|15\/100 tox|[from] psn\n|upkeep\n|turn|30\n|\n|t:|1699798510\n|move|p2a: Salazzle|Protect|p2a: Salazzle\n|-singleturn|p2a: Salazzle|Protect\n|move|p1a: Ceruledge|Shadow Sneak|p2a: Salazzle\n|-activate|p2a: Salazzle|move: Protect\n|\n|-damage|p1a: Ceruledge|3\/100 tox|[from] psn\n|upkeep\n|turn|31\n|\n|t:|1699798516\n|move|p2a: Salazzle|Protect||[still]\n|-fail|p2a: Salazzle\n|move|p1a: Ceruledge|Bitter Blade|p2a: Salazzle\n|-resisted|p2a: Salazzle\n|-damage|p2a: Salazzle|0 fnt\n|-heal|p1a: Ceruledge|11\/100 tox|[from] drain|[of] p2a: Salazzle\n|faint|p2a: Salazzle\n|-damage|p1a: Ceruledge|1\/100 tox|[from] item: Life Orb\n|\n|win|360Yes\n|raw|360Yes's rating: 1133 &rarr; <strong>1163<\/strong><br \/>(+30 for winning)\n|raw|Aussie Kent's rating: 1203 &rarr; <strong>1173<\/strong><br \/>(-30 for losing)\n|l|\u2606Aussie Kent\n|c|\u2606360Yes|Gg\n","uploadtime":1699798537,"views":12,"p1id":"360yes","p2id":"aussiekent","formatid":"gen9ou","rating":1163,"private":0,"password":""}