{"id":"gen9ou-1994768751","p1":"danz12","p2":"Edris","format":"[Gen 9] OU","log":"|j|\u2606danz12\n|j|\u2606Edris\n|t:|1700490902\n|gametype|singles\n|player|p1|danz12|nate|1206\n|player|p2|Edris|rosa|1239\n|teamsize|p1|6\n|teamsize|p2|6\n|gen|9\n|tier|[Gen 9] OU\n|rated|\n|rule|Sleep Clause Mod: Limit one foe put to sleep\n|rule|Species Clause: Limit one of each Pok\u00e9mon\n|rule|OHKO Clause: OHKO moves are banned\n|rule|Evasion Items Clause: Evasion items are banned\n|rule|Evasion Moves Clause: Evasion moves are banned\n|rule|Endless Battle Clause: Forcing endless battles is banned\n|rule|HP Percentage Mod: HP is shown in percentages\n|clearpoke\n|poke|p1|Garganacl, F|\n|poke|p1|Clodsire, M|\n|poke|p1|Moltres-Galar|\n|poke|p1|Ceruledge, M|\n|poke|p1|Meowscarada, M|\n|poke|p1|Dragapult, M|\n|poke|p2|Zapdos|\n|poke|p2|Ribombee, M|\n|poke|p2|Empoleon, M|\n|poke|p2|Mandibuzz, F|\n|poke|p2|Skeledirge, M|\n|poke|p2|Ogerpon-Cornerstone, F|\n|teampreview\n|inactive|Battle timer is ON: inactive players will automatically lose when time's up. (requested by danz12)\n|\n|t:|1700490916\n|start\n|switch|p1a: Meowscarada|Meowscarada, M|100\/100\n|switch|p2a: Ribombee|Ribombee, M|100\/100\n|turn|1\n|\n|t:|1700490922\n|move|p1a: Meowscarada|U-turn|p2a: Ribombee\n|-start|p1a: Meowscarada|typechange|Bug|[from] ability: Protean\n|-resisted|p2a: Ribombee\n|-damage|p2a: Ribombee|68\/100\n|\n|t:|1700490925\n|switch|p1a: Ceruledge|Ceruledge, M|100\/100|[from] U-turn\n|move|p2a: Ribombee|Sticky Web|p1a: Ceruledge\n|-sidestart|p1: danz12|move: Sticky Web\n|\n|upkeep\n|turn|2\n|\n|t:|1700490928\n|switch|p2a: Mandibuzz|Mandibuzz, F|100\/100\n|move|p1a: Ceruledge|Bitter Blade|p2a: Mandibuzz\n|-damage|p2a: Mandibuzz|66\/100\n|-damage|p1a: Ceruledge|84\/100|[from] item: Rocky Helmet|[of] p2a: Mandibuzz\n|-damage|p1a: Ceruledge|74\/100|[from] item: Life Orb\n|\n|upkeep\n|turn|3\n|\n|t:|1700490934\n|move|p1a: Ceruledge|Swords Dance|p1a: Ceruledge\n|-boost|p1a: Ceruledge|atk|2\n|move|p2a: Mandibuzz|Roost|p2a: Mandibuzz\n|-heal|p2a: Mandibuzz|100\/100\n|-singleturn|p2a: Mandibuzz|move: Roost\n|\n|upkeep\n|turn|4\n|\n|t:|1700490940\n|move|p1a: Ceruledge|Bitter Blade|p2a: Mandibuzz\n|-damage|p2a: Mandibuzz|30\/100\n|-heal|p1a: Ceruledge|100\/100|[from] drain|[of] p2a: Mandibuzz\n|-damage|p1a: Ceruledge|84\/100|[from] item: Rocky Helmet|[of] p2a: Mandibuzz\n|-damage|p1a: Ceruledge|74\/100|[from] item: Life Orb\n|move|p2a: Mandibuzz|Foul Play|p1a: Ceruledge\n|-supereffective|p1a: Ceruledge\n|-damage|p1a: Ceruledge|0 fnt\n|faint|p1a: Ceruledge\n|\n|upkeep\n|\n|t:|1700490946\n|switch|p1a: Moltres|Moltres-Galar, shiny|100\/100\n|turn|5\n|\n|t:|1700490953\n|switch|p2a: Empoleon|Empoleon, M|100\/100\n|move|p1a: Moltres|Agility|p1a: Moltres\n|-boost|p1a: Moltres|spe|2\n|\n|upkeep\n|turn|6\n|\n|t:|1700490957\n|move|p1a: Moltres|Nasty Plot|p1a: Moltres\n|-boost|p1a: Moltres|spa|2\n|move|p2a: Empoleon|Yawn|p1a: Moltres\n|-start|p1a: Moltres|move: Yawn|[of] p2a: Empoleon\n|\n|upkeep\n|turn|7\n|\n|t:|1700490961\n|move|p1a: Moltres|Fiery Wrath|p2a: Empoleon\n|-damage|p2a: Empoleon|23\/100\n|move|p2a: Empoleon|Ice Beam|p1a: Moltres\n|-supereffective|p1a: Moltres\n|-damage|p1a: Moltres|46\/100\n|-enditem|p1a: Moltres|Weakness Policy\n|-boost|p1a: Moltres|atk|2|[from] item: Weakness Policy\n|-boost|p1a: Moltres|spa|2|[from] item: Weakness Policy\n|-ability|p1a: Moltres|Berserk|boost\n|-boost|p1a: Moltres|spa|1\n|\n|-heal|p2a: Empoleon|29\/100|[from] item: Leftovers\n|-end|p1a: Moltres|move: Yawn|[silent]\n|-status|p1a: Moltres|slp\n|upkeep\n|turn|8\n|\n|t:|1700490967\n|cant|p1a: Moltres|slp\n|move|p2a: Empoleon|Ice Beam|p1a: Moltres\n|-supereffective|p1a: Moltres\n|-crit|p1a: Moltres\n|-damage|p1a: Moltres|0 fnt\n|faint|p1a: Moltres\n|\n|-heal|p2a: Empoleon|35\/100|[from] item: Leftovers\n|upkeep\n|\n|t:|1700490972\n|switch|p1a: Dragapult|Dragapult, M|100\/100\n|-activate|p1a: Dragapult|move: Sticky Web\n|-unboost|p1a: Dragapult|spe|1\n|turn|9\n|\n|t:|1700490980\n|switch|p2a: Mandibuzz|Mandibuzz, F|30\/100\n|move|p1a: Dragapult|Shadow Ball|p2a: Mandibuzz\n|-resisted|p2a: Mandibuzz\n|-damage|p2a: Mandibuzz|6\/100\n|\n|upkeep\n|turn|10\n|\n|t:|1700490986\n|move|p1a: Dragapult|Shadow Ball|p2a: Mandibuzz\n|-resisted|p2a: Mandibuzz\n|-damage|p2a: Mandibuzz|0 fnt\n|faint|p2a: Mandibuzz\n|\n|upkeep\n|\n|t:|1700490987\n|switch|p2a: Ribombee|Ribombee, M|68\/100\n|turn|11\n|\n|t:|1700490992\n|switch|p1a: Clodsire|Clodsire, M|100\/100\n|-activate|p1a: Clodsire|move: Sticky Web\n|-unboost|p1a: Clodsire|spe|1\n|move|p2a: Ribombee|Quiver Dance|p2a: Ribombee\n|-boost|p2a: Ribombee|spa|1\n|-boost|p2a: Ribombee|spd|1\n|-boost|p2a: Ribombee|spe|1\n|\n|upkeep\n|turn|12\n|\n|t:|1700490998\n|move|p2a: Ribombee|Bug Buzz|p1a: Clodsire\n|-resisted|p1a: Clodsire\n|-damage|p1a: Clodsire|87\/100\n|move|p1a: Clodsire|Toxic|p2a: Ribombee\n|-status|p2a: Ribombee|tox\n|\n|-heal|p1a: Clodsire|93\/100|[from] item: Black Sludge\n|-damage|p2a: Ribombee|62\/100 tox|[from] psn\n|upkeep\n|turn|13\n|\n|t:|1700491002\n|move|p2a: Ribombee|Moonblast|p1a: Clodsire\n|-resisted|p1a: Clodsire\n|-damage|p1a: Clodsire|76\/100\n|move|p1a: Clodsire|Earthquake|p2a: Ribombee\n|-resisted|p2a: Ribombee\n|-damage|p2a: Ribombee|37\/100 tox\n|\n|-heal|p1a: Clodsire|83\/100|[from] item: Black Sludge\n|-damage|p2a: Ribombee|25\/100 tox|[from] psn\n|upkeep\n|turn|14\n|\n|t:|1700491005\n|move|p2a: Ribombee|Moonblast|p1a: Clodsire\n|-resisted|p1a: Clodsire\n|-damage|p1a: Clodsire|68\/100\n|move|p1a: Clodsire|Earthquake|p2a: Ribombee\n|-resisted|p2a: Ribombee\n|-damage|p2a: Ribombee|0 fnt\n|faint|p2a: Ribombee\n|\n|-heal|p1a: Clodsire|74\/100|[from] item: Black Sludge\n|upkeep\n|\n|t:|1700491013\n|switch|p2a: Ogerpon|Ogerpon-Cornerstone, F|100\/100\n|turn|15\n|\n|t:|1700491019\n|switch|p1a: Meowscarada|Meowscarada, M|100\/100\n|-activate|p1a: Meowscarada|move: Sticky Web\n|-unboost|p1a: Meowscarada|spe|1\n|move|p2a: Ogerpon|Stomping Tantrum|p1a: Meowscarada\n|-resisted|p1a: Meowscarada\n|-damage|p1a: Meowscarada|78\/100\n|\n|upkeep\n|turn|16\n|\n|t:|1700491027\n|switch|p2a: Zapdos|Zapdos|100\/100\n|move|p1a: Meowscarada|U-turn|p2a: Zapdos\n|-start|p1a: Meowscarada|typechange|Bug|[from] ability: Protean\n|-resisted|p2a: Zapdos\n|-damage|p2a: Zapdos|84\/100\n|\n|t:|1700491032\n|switch|p1a: Dragapult|Dragapult, M|100\/100|[from] U-turn\n|-activate|p1a: Dragapult|move: Sticky Web\n|-unboost|p1a: Dragapult|spe|1\n|\n|upkeep\n|turn|17\n|\n|t:|1700491039\n|-terastallize|p2a: Zapdos|Ice\n|move|p1a: Dragapult|Shadow Ball|p2a: Zapdos\n|-damage|p2a: Zapdos|46\/100\n|move|p2a: Zapdos|Tera Blast|p1a: Dragapult|[anim] Tera Blast Ice\n|-supereffective|p1a: Dragapult\n|-damage|p1a: Dragapult|8\/100\n|\n|upkeep\n|turn|18\n|\n|t:|1700491048\n|move|p1a: Dragapult|Shadow Ball|p2a: Zapdos\n|-damage|p2a: Zapdos|9\/100\n|move|p2a: Zapdos|Roost|p2a: Zapdos\n|-heal|p2a: Zapdos|59\/100\n|\n|upkeep\n|turn|19\n|\n|t:|1700491053\n|move|p1a: Dragapult|Shadow Ball|p2a: Zapdos\n|-damage|p2a: Zapdos|22\/100\n|move|p2a: Zapdos|Tera Blast|p1a: Dragapult|[anim] Tera Blast Ice\n|-supereffective|p1a: Dragapult\n|-damage|p1a: Dragapult|0 fnt\n|faint|p1a: Dragapult\n|\n|upkeep\n|\n|t:|1700491056\n|switch|p1a: Meowscarada|Meowscarada, M|78\/100\n|-activate|p1a: Meowscarada|move: Sticky Web\n|-unboost|p1a: Meowscarada|spe|1\n|turn|20\n|\n|t:|1700491061\n|switch|p2a: Skeledirge|Skeledirge, M|100\/100\n|move|p1a: Meowscarada|Flower Trick|p2a: Skeledirge\n|-start|p1a: Meowscarada|typechange|Grass|[from] ability: Protean\n|-resisted|p2a: Skeledirge\n|-crit|p2a: Skeledirge\n|-damage|p2a: Skeledirge|85\/100\n|\n|upkeep\n|turn|21\n|\n|t:|1700491066\n|switch|p1a: Clodsire|Clodsire, M|74\/100\n|-activate|p1a: Clodsire|move: Sticky Web\n|-unboost|p1a: Clodsire|spe|1\n|move|p2a: Skeledirge|Will-O-Wisp|p1a: Clodsire\n|-status|p1a: Clodsire|brn\n|\n|-heal|p1a: Clodsire|80\/100 brn|[from] item: Black Sludge\n|-damage|p1a: Clodsire|74\/100 brn|[from] brn\n|upkeep\n|turn|22\n|\n|t:|1700491080\n|move|p2a: Skeledirge|Torch Song|p1a: Clodsire\n|-damage|p1a: Clodsire|58\/100 brn\n|-boost|p2a: Skeledirge|spa|1\n|move|p1a: Clodsire|Toxic|p2a: Skeledirge\n|-status|p2a: Skeledirge|tox\n|\n|-heal|p1a: Clodsire|64\/100 brn|[from] item: Black Sludge\n|-damage|p2a: Skeledirge|79\/100 tox|[from] psn\n|-damage|p1a: Clodsire|58\/100 brn|[from] brn\n|upkeep\n|turn|23\n|\n|t:|1700491085\n|move|p2a: Skeledirge|Torch Song|p1a: Clodsire\n|-damage|p1a: Clodsire|36\/100 brn\n|-boost|p2a: Skeledirge|spa|1\n|move|p1a: Clodsire|Earthquake|p2a: Skeledirge\n|-supereffective|p2a: Skeledirge\n|-damage|p2a: Skeledirge|64\/100 tox\n|\n|-heal|p1a: Clodsire|42\/100 brn|[from] item: Black Sludge\n|-damage|p2a: Skeledirge|52\/100 tox|[from] psn\n|-damage|p1a: Clodsire|36\/100 brn|[from] brn\n|upkeep\n|turn|24\n|\n|t:|1700491090\n|move|p2a: Skeledirge|Hex|p1a: Clodsire\n|-damage|p1a: Clodsire|0 fnt\n|faint|p1a: Clodsire\n|\n|-damage|p2a: Skeledirge|34\/100 tox|[from] psn\n|upkeep\n|-enditem|p2a: Skeledirge|Sitrus Berry|[eat]\n|-heal|p2a: Skeledirge|59\/100 tox|[from] item: Sitrus Berry\n|\n|t:|1700491099\n|switch|p1a: Meowscarada|Meowscarada, M|78\/100\n|-activate|p1a: Meowscarada|move: Sticky Web\n|-unboost|p1a: Meowscarada|spe|1\n|turn|25\n|\n|t:|1700491104\n|move|p1a: Meowscarada|Knock Off|p2a: Skeledirge\n|-start|p1a: Meowscarada|typechange|Dark|[from] ability: Protean\n|-supereffective|p2a: Skeledirge\n|-damage|p2a: Skeledirge|21\/100 tox\n|move|p2a: Skeledirge|Torch Song|p1a: Meowscarada\n|-damage|p1a: Meowscarada|0 fnt\n|-boost|p2a: Skeledirge|spa|1\n|faint|p1a: Meowscarada\n|\n|-damage|p2a: Skeledirge|0 fnt|[from] psn\n|faint|p2a: Skeledirge\n|upkeep\n|\n|t:|1700491114\n|switch|p1a: Garganacl|Garganacl, F|100\/100\n|switch|p2a: Empoleon|Empoleon, M|35\/100\n|-activate|p1a: Garganacl|move: Sticky Web\n|-unboost|p1a: Garganacl|spe|1\n|turn|26\n|inactive|danz12 has 120 seconds left.\n|\n|t:|1700491146\n|-terastallize|p1a: Garganacl|Ghost\n|move|p2a: Empoleon|Flash Cannon|p1a: Garganacl\n|-damage|p1a: Garganacl|62\/100\n|move|p1a: Garganacl|Body Press|p2a: Empoleon\n|-supereffective|p2a: Empoleon\n|-damage|p2a: Empoleon|0 fnt\n|faint|p2a: Empoleon\n|\n|-heal|p1a: Garganacl|68\/100|[from] item: Leftovers\n|upkeep\n|\n|t:|1700491167\n|switch|p2a: Zapdos|Zapdos, tera:Ice|22\/100\n|turn|27\n|\n|t:|1700491173\n|move|p2a: Zapdos|Discharge|p1a: Garganacl\n|-damage|p1a: Garganacl|38\/100\n|move|p1a: Garganacl|Body Press|p2a: Zapdos\n|-supereffective|p2a: Zapdos\n|-damage|p2a: Zapdos|0 fnt\n|faint|p2a: Zapdos\n|\n|-heal|p1a: Garganacl|45\/100|[from] item: Leftovers\n|upkeep\n|\n|t:|1700491178\n|switch|p2a: Ogerpon|Ogerpon-Cornerstone, F|100\/100\n|turn|28\n|\n|t:|1700491180\n|move|p2a: Ogerpon|Knock Off|p1a: Garganacl\n|-supereffective|p1a: Garganacl\n|-damage|p1a: Garganacl|6\/100\n|-enditem|p1a: Garganacl|Leftovers|[from] move: Knock Off|[of] p2a: Ogerpon\n|move|p1a: Garganacl|Recover|p1a: Garganacl\n|-heal|p1a: Garganacl|56\/100\n|\n|upkeep\n|turn|29\n|\n|t:|1700491184\n|move|p2a: Ogerpon|Ivy Cudgel|p1a: Garganacl|[anim] Ivy Cudgel Rock\n|-damage|p1a: Garganacl|27\/100\n|move|p1a: Garganacl|Recover|p1a: Garganacl\n|-heal|p1a: Garganacl|77\/100\n|\n|upkeep\n|turn|30\n|\n|t:|1700491188\n|move|p2a: Ogerpon|Ivy Cudgel|p1a: Garganacl|[anim] Ivy Cudgel Rock\n|-damage|p1a: Garganacl|48\/100\n|move|p1a: Garganacl|Iron Defense|p1a: Garganacl\n|-boost|p1a: Garganacl|def|2\n|\n|upkeep\n|turn|31\n|\n|t:|1700491192\n|move|p2a: Ogerpon|Ivy Cudgel|p1a: Garganacl|[anim] Ivy Cudgel Rock\n|-damage|p1a: Garganacl|31\/100\n|move|p1a: Garganacl|Recover|p1a: Garganacl\n|-heal|p1a: Garganacl|81\/100\n|\n|upkeep\n|turn|32\n|\n|t:|1700491195\n|move|p2a: Ogerpon|Ivy Cudgel|p1a: Garganacl|[anim] Ivy Cudgel Rock\n|-damage|p1a: Garganacl|67\/100\n|move|p1a: Garganacl|Iron Defense|p1a: Garganacl\n|-boost|p1a: Garganacl|def|2\n|\n|upkeep\n|turn|33\n|\n|t:|1700491199\n|move|p2a: Ogerpon|Ivy Cudgel|p1a: Garganacl|[anim] Ivy Cudgel Rock\n|-damage|p1a: Garganacl|56\/100\n|move|p1a: Garganacl|Recover|p1a: Garganacl\n|-heal|p1a: Garganacl|100\/100\n|\n|upkeep\n|turn|34\n|\n|t:|1700491201\n|move|p2a: Ogerpon|Ivy Cudgel|p1a: Garganacl|[anim] Ivy Cudgel Rock\n|-damage|p1a: Garganacl|91\/100\n|move|p1a: Garganacl|Body Press|p2a: Ogerpon\n|-supereffective|p2a: Ogerpon\n|-ability|p2a: Ogerpon|Sturdy\n|-damage|p2a: Ogerpon|1\/100\n|\n|upkeep\n|turn|35\n|-message|Edris forfeited.\n|\n|win|danz12\n|raw|danz12's rating: 1206 &rarr; <strong>1233<\/strong><br \/>(+27 for winning)\n|raw|Edris's rating: 1239 &rarr; <strong>1212<\/strong><br \/>(-27 for losing)\n|l|\u2606Edris\n","uploadtime":1700491208,"views":4,"p1id":"danz12","p2id":"edris","formatid":"gen9ou","rating":1212,"private":0,"password":""}