{"id":"gen9ou-1994588303","p1":"Knight_Garland","p2":"Bakitaladelbarrio","format":"[Gen 9] OU","log":"|j|\u2606Knight_Garland\n|j|\u2606Bakitaladelbarrio\n|t:|1700465038\n|gametype|singles\n|player|p1|Knight_Garland|170|1433\n|player|p2|Bakitaladelbarrio|colress|1424\n|teamsize|p1|6\n|teamsize|p2|6\n|gen|9\n|tier|[Gen 9] OU\n|rated|\n|rule|Sleep Clause Mod: Limit one foe put to sleep\n|rule|Species Clause: Limit one of each Pok\u00e9mon\n|rule|OHKO Clause: OHKO moves are banned\n|rule|Evasion Items Clause: Evasion items are banned\n|rule|Evasion Moves Clause: Evasion moves are banned\n|rule|Endless Battle Clause: Forcing endless battles is banned\n|rule|HP Percentage Mod: HP is shown in percentages\n|clearpoke\n|poke|p1|Gholdengo|\n|poke|p1|Samurott-Hisui, M|\n|poke|p1|Glimmora, M|\n|poke|p1|Garganacl, M|\n|poke|p1|Great Tusk|\n|poke|p1|Dragonite, M|\n|poke|p2|Okidogi, M|\n|poke|p2|Corviknight, M|\n|poke|p2|Hoopa-Unbound|\n|poke|p2|Sinistcha-Masterpiece|\n|poke|p2|Cinderace, F|\n|poke|p2|Slowking-Galar, F|\n|teampreview\n|inactive|Battle timer is ON: inactive players will automatically lose when time's up. (requested by Bakitaladelbarrio)\n|\n|t:|1700465054\n|start\n|switch|p1a: Samurott|Samurott-Hisui, M|100\/100\n|switch|p2a: Hoopa|Hoopa-Unbound|100\/100\n|turn|1\n|c|\u2606Bakitaladelbarrio|Glhf\n|c|\u2606Knight_Garland|u2!\n|\n|t:|1700465065\n|move|p1a: Samurott|Ceaseless Edge|p2a: Hoopa|[miss]\n|-miss|p1a: Samurott|p2a: Hoopa\n|move|p2a: Hoopa|Brick Break|p1a: Samurott\n|-supereffective|p1a: Samurott\n|-damage|p1a: Samurott|18\/100\n|\n|upkeep\n|turn|2\n|\n|t:|1700465082\n|switch|p2a: Okidogi|Okidogi, M|100\/100\n|move|p1a: Samurott|Aqua Jet|p2a: Okidogi\n|-damage|p2a: Okidogi|86\/100\n|\n|-heal|p2a: Okidogi|92\/100|[from] item: Leftovers\n|upkeep\n|turn|3\n|\n|t:|1700465093\n|move|p1a: Samurott|Ceaseless Edge|p2a: Okidogi\n|-resisted|p2a: Okidogi\n|-crit|p2a: Okidogi\n|-damage|p2a: Okidogi|65\/100\n|-sidestart|p2: Bakitaladelbarrio|Spikes\n|move|p2a: Okidogi|Knock Off|p1a: Samurott\n|-resisted|p1a: Samurott\n|-damage|p1a: Samurott|0 fnt\n|-enditem|p1a: Samurott|Expert Belt|[from] move: Knock Off|[of] p2a: Okidogi\n|faint|p1a: Samurott\n|\n|-heal|p2a: Okidogi|71\/100|[from] item: Leftovers\n|upkeep\n|\n|t:|1700465111\n|switch|p1a: Dragonite|Dragonite, M|100\/100\n|turn|4\n|\n|t:|1700465124\n|move|p1a: Dragonite|Dragon Dance|p1a: Dragonite\n|-boost|p1a: Dragonite|atk|1\n|-boost|p1a: Dragonite|spe|1\n|move|p2a: Okidogi|Bulk Up|p2a: Okidogi\n|-boost|p2a: Okidogi|atk|1\n|-boost|p2a: Okidogi|def|1\n|\n|-heal|p2a: Okidogi|77\/100|[from] item: Leftovers\n|upkeep\n|turn|5\n|\n|t:|1700465133\n|-terastallize|p2a: Okidogi|Water\n|move|p1a: Dragonite|Dragon Dance|p1a: Dragonite\n|-boost|p1a: Dragonite|atk|1\n|-boost|p1a: Dragonite|spe|1\n|move|p2a: Okidogi|Knock Off|p1a: Dragonite\n|-damage|p1a: Dragonite|74\/100\n|-enditem|p1a: Dragonite|Leftovers|[from] move: Knock Off|[of] p2a: Okidogi\n|\n|-heal|p2a: Okidogi|83\/100|[from] item: Leftovers\n|upkeep\n|turn|6\n|\n|t:|1700465144\n|move|p1a: Dragonite|Earthquake|p2a: Okidogi\n|-damage|p2a: Okidogi|38\/100\n|move|p2a: Okidogi|Ice Punch|p1a: Dragonite\n|-supereffective|p1a: Dragonite\n|-damage|p1a: Dragonite|0 fnt\n|faint|p1a: Dragonite\n|\n|-heal|p2a: Okidogi|44\/100|[from] item: Leftovers\n|upkeep\n|\n|t:|1700465151\n|switch|p1a: Glimmora|Glimmora, M|100\/100\n|turn|7\n|\n|t:|1700465160\n|switch|p2a: Slowking|Slowking-Galar, F|100\/100\n|move|p1a: Glimmora|Energy Ball|p2a: Slowking\n|-resisted|p2a: Slowking\n|-crit|p2a: Slowking\n|-damage|p2a: Slowking|86\/100\n|\n|upkeep\n|turn|8\n|\n|t:|1700465168\n|switch|p1a: Gholdengo|Gholdengo|100\/100\n|move|p2a: Slowking|Future Sight|p1a: Gholdengo\n|-start|p2a: Slowking|move: Future Sight\n|\n|upkeep\n|turn|9\n|\n|t:|1700465179\n|move|p1a: Gholdengo|Shadow Ball|p2a: Slowking\n|-supereffective|p2a: Slowking\n|-crit|p2a: Slowking\n|-damage|p2a: Slowking|0 fnt\n|faint|p2a: Slowking\n|\n|upkeep\n|\n|t:|1700465185\n|switch|p2a: Cinderace|Cinderace, F|100\/100\n|turn|10\n|\n|t:|1700465203\n|switch|p1a: Glimmora|Glimmora, M|100\/100\n|move|p2a: Cinderace|Court Change|p2a: Cinderace\n|-start|p2a: Cinderace|typechange|Normal|[from] ability: Libero\n|-swapsideconditions\n|-activate|p2a: Cinderace|move: Court Change\n|\n|-end|p1a: Glimmora|move: Future Sight\n|-supereffective|p1a: Glimmora\n|-damage|p1a: Glimmora|0 fnt\n|faint|p1a: Glimmora\n|upkeep\n|\n|t:|1700465218\n|switch|p1a: Great Tusk|Great Tusk|100\/100\n|-damage|p1a: Great Tusk|88\/100|[from] Spikes\n|-enditem|p1a: Great Tusk|Booster Energy\n|-activate|p1a: Great Tusk|ability: Protosynthesis|[fromitem]\n|-start|p1a: Great Tusk|protosynthesisatk\n|turn|11\n|\n|t:|1700465228\n|move|p2a: Cinderace|U-turn|p1a: Great Tusk\n|-resisted|p1a: Great Tusk\n|-damage|p1a: Great Tusk|79\/100\n|\n|t:|1700465230\n|switch|p2a: Sinistcha|Sinistcha-Masterpiece|100\/100|[from] U-turn\n|move|p1a: Great Tusk|Rapid Spin|p2a: Sinistcha\n|-immune|p2a: Sinistcha\n|\n|upkeep\n|turn|12\n|\n|t:|1700465239\n|move|p1a: Great Tusk|Knock Off|p2a: Sinistcha\n|-supereffective|p2a: Sinistcha\n|-damage|p2a: Sinistcha|14\/100\n|-enditem|p2a: Sinistcha|Leftovers|[from] move: Knock Off|[of] p1a: Great Tusk\n|move|p2a: Sinistcha|Strength Sap|p1a: Great Tusk\n|-unboost|p1a: Great Tusk|atk|1\n|-heal|p2a: Sinistcha|100\/100\n|\n|upkeep\n|turn|13\n|\n|t:|1700465249\n|move|p1a: Great Tusk|Ice Spinner|p2a: Sinistcha\n|-supereffective|p2a: Sinistcha\n|-damage|p2a: Sinistcha|55\/100\n|move|p2a: Sinistcha|Matcha Gotcha|p1a: Great Tusk\n|-supereffective|p1a: Great Tusk\n|-damage|p1a: Great Tusk|0 fnt\n|-heal|p2a: Sinistcha|98\/100|[from] drain|[of] p1a: Great Tusk\n|faint|p1a: Great Tusk\n|-end|p1a: Great Tusk|Protosynthesis|[silent]\n|\n|upkeep\n|\n|t:|1700465257\n|switch|p1a: Garganacl|Garganacl, M|100\/100\n|-damage|p1a: Garganacl|88\/100|[from] Spikes\n|turn|14\n|\n|t:|1700465263\n|-terastallize|p1a: Garganacl|Ghost\n|move|p2a: Sinistcha|Calm Mind|p2a: Sinistcha\n|-boost|p2a: Sinistcha|spa|1\n|-boost|p2a: Sinistcha|spd|1\n|move|p1a: Garganacl|Salt Cure|p2a: Sinistcha\n|-damage|p2a: Sinistcha|85\/100\n|-start|p2a: Sinistcha|Salt Cure\n|\n|-heal|p1a: Garganacl|94\/100|[from] item: Leftovers\n|-damage|p2a: Sinistcha|72\/100|[from] Salt Cure\n|upkeep\n|turn|15\n|\n|t:|1700465274\n|move|p2a: Sinistcha|Matcha Gotcha|p1a: Garganacl\n|-damage|p1a: Garganacl|55\/100\n|-heal|p2a: Sinistcha|96\/100|[from] drain|[of] p1a: Garganacl\n|move|p1a: Garganacl|Iron Defense|p1a: Garganacl\n|-boost|p1a: Garganacl|def|2\n|\n|-heal|p1a: Garganacl|61\/100|[from] item: Leftovers\n|-damage|p2a: Sinistcha|83\/100|[from] Salt Cure\n|upkeep\n|turn|16\n|\n|t:|1700465286\n|move|p2a: Sinistcha|Calm Mind|p2a: Sinistcha\n|-boost|p2a: Sinistcha|spa|1\n|-boost|p2a: Sinistcha|spd|1\n|move|p1a: Garganacl|Recover|p1a: Garganacl\n|-heal|p1a: Garganacl|100\/100\n|\n|-damage|p2a: Sinistcha|71\/100|[from] Salt Cure\n|upkeep\n|turn|17\n|\n|t:|1700465294\n|move|p2a: Sinistcha|Matcha Gotcha|p1a: Garganacl\n|-damage|p1a: Garganacl|43\/100\n|-heal|p2a: Sinistcha|100\/100|[from] drain|[of] p1a: Garganacl\n|move|p1a: Garganacl|Salt Cure|p2a: Sinistcha\n|-damage|p2a: Sinistcha|87\/100\n|\n|-heal|p1a: Garganacl|50\/100|[from] item: Leftovers\n|-damage|p2a: Sinistcha|75\/100|[from] Salt Cure\n|upkeep\n|turn|18\n|-message|Knight_Garland forfeited.\n|\n|win|Bakitaladelbarrio\n|raw|Knight_Garland's rating: 1433 &rarr; <strong>1412<\/strong><br \/>(-21 for losing)\n|raw|Bakitaladelbarrio's rating: 1424 &rarr; <strong>1445<\/strong><br \/>(+21 for winning)\n|l|\u2606Knight_Garland\n","uploadtime":1700465309,"views":10,"p1id":"knightgarland","p2id":"bakitaladelbarrio","formatid":"gen9ou","rating":1412,"private":0,"password":""}