{"id":"gen9ou-1995862856","p1":"Sensei Milia","p2":"Fumimico","format":"[Gen 9] OU","log":"|j|\u2606Sensei Milia\n|j|\u2606Fumimico\n|t:|1700610922\n|gametype|singles\n|player|p1|Sensei Milia|swimmerf|1392\n|player|p2|Fumimico|backersf|1449\n|teamsize|p1|6\n|teamsize|p2|6\n|gen|9\n|tier|[Gen 9] OU\n|rated|\n|rule|Sleep Clause Mod: Limit one foe put to sleep\n|rule|Species Clause: Limit one of each Pok\u00e9mon\n|rule|OHKO Clause: OHKO moves are banned\n|rule|Evasion Items Clause: Evasion items are banned\n|rule|Evasion Moves Clause: Evasion moves are banned\n|rule|Endless Battle Clause: Forcing endless battles is banned\n|rule|HP Percentage Mod: HP is shown in percentages\n|clearpoke\n|poke|p1|Heatran, M|\n|poke|p1|Garganacl, M|\n|poke|p1|Ceruledge, F|\n|poke|p1|Clodsire, M|\n|poke|p1|Breloom, M|\n|poke|p1|Clefable, F|\n|poke|p2|Sylveon, M|\n|poke|p2|Meowscarada, M|\n|poke|p2|Iron Moth|\n|poke|p2|Garchomp, F|\n|poke|p2|Iron Treads|\n|poke|p2|Iron Valiant|\n|teampreview\n|inactive|Battle timer is ON: inactive players will automatically lose when time's up. (requested by Fumimico)\n|\n|t:|1700610932\n|start\n|switch|p1a: Heatran|Heatran, M, shiny|100\/100\n|switch|p2a: Meowscarada|Meowscarada, M|100\/100\n|-item|p1a: Heatran|Air Balloon\n|turn|1\n|\n|t:|1700610938\n|move|p2a: Meowscarada|U-turn|p1a: Heatran\n|-start|p2a: Meowscarada|typechange|Bug|[from] ability: Protean\n|-resisted|p1a: Heatran\n|-damage|p1a: Heatran|90\/100\n|-enditem|p1a: Heatran|Air Balloon\n|\n|t:|1700610944\n|switch|p2a: Garchomp|Garchomp, F|100\/100|[from] U-turn\n|move|p1a: Heatran|Magma Storm|p2a: Garchomp\n|-resisted|p2a: Garchomp\n|-crit|p2a: Garchomp\n|-damage|p2a: Garchomp|61\/100\n|-activate|p2a: Garchomp|move: Magma Storm|[of] p1a: Heatran\n|\n|-damage|p2a: Garchomp|49\/100|[from] move: Magma Storm|[partiallytrapped]\n|upkeep\n|turn|2\n|\n|t:|1700610953\n|switch|p1a: Breloom|Breloom, M|100\/100\n|move|p2a: Garchomp|Stealth Rock|p1a: Breloom\n|-sidestart|p1: Sensei Milia|move: Stealth Rock\n|\n|-end|p2a: Garchomp|Magma Storm|[partiallytrapped]|[silent]\n|-status|p1a: Breloom|tox|[from] item: Toxic Orb\n|upkeep\n|turn|3\n|\n|t:|1700610962\n|move|p2a: Garchomp|Spikes|p1a: Breloom\n|-sidestart|p1: Sensei Milia|Spikes\n|move|p1a: Breloom|Spore|p2a: Garchomp\n|-status|p2a: Garchomp|slp|[from] move: Spore\n|\n|upkeep\n|turn|4\n|\n|t:|1700610966\n|move|p1a: Breloom|Bulk Up|p1a: Breloom\n|-boost|p1a: Breloom|atk|1\n|-boost|p1a: Breloom|def|1\n|cant|p2a: Garchomp|slp\n|\n|upkeep\n|turn|5\n|\n|t:|1700610969\n|move|p1a: Breloom|Bulk Up|p1a: Breloom\n|-boost|p1a: Breloom|atk|1\n|-boost|p1a: Breloom|def|1\n|-curestatus|p2a: Garchomp|slp|[msg]\n|move|p2a: Garchomp|Dragon Tail|p1a: Breloom\n|-damage|p1a: Breloom|83\/100 tox\n|drag|p1a: Garganacl|Garganacl, M, shiny|100\/100\n|-damage|p1a: Garganacl|88\/100|[from] Stealth Rock\n|-damage|p1a: Garganacl|76\/100|[from] Spikes\n|\n|-heal|p1a: Garganacl|82\/100|[from] item: Leftovers\n|upkeep\n|turn|6\n|\n|t:|1700610973\n|move|p2a: Garchomp|Earthquake|p1a: Garganacl\n|-supereffective|p1a: Garganacl\n|-damage|p1a: Garganacl|20\/100\n|move|p1a: Garganacl|Salt Cure|p2a: Garchomp\n|-resisted|p2a: Garchomp\n|-damage|p2a: Garchomp|43\/100\n|-start|p2a: Garchomp|Salt Cure\n|\n|-heal|p1a: Garganacl|26\/100|[from] item: Leftovers\n|-damage|p2a: Garchomp|30\/100|[from] Salt Cure\n|upkeep\n|turn|7\n|\n|t:|1700610987\n|-terastallize|p1a: Garganacl|Water\n|move|p2a: Garchomp|Earthquake|p1a: Garganacl\n|-damage|p1a: Garganacl|0 fnt\n|faint|p1a: Garganacl\n|\n|-damage|p2a: Garchomp|18\/100|[from] Salt Cure\n|upkeep\n|-message|Sensei Milia forfeited.\n|\n|win|Fumimico\n|raw|Sensei Milia's rating: 1392 &rarr; <strong>1375<\/strong><br \/>(-17 for losing)\n|raw|Fumimico's rating: 1449 &rarr; <strong>1466<\/strong><br \/>(+17 for winning)\n|l|\u2606Sensei Milia\n","uploadtime":1700611003,"views":9,"p1id":"senseimilia","p2id":"fumimico","formatid":"gen9ou","rating":1375,"private":0,"password":""}