{"id":"gen9ou-1997248100","p1":"DivineGabriel","p2":"lostroncos","format":"[Gen 9] OU","log":"|j|\u2606DivineGabriel\n|j|\u2606lostroncos\n|t:|1700780170\n|gametype|singles\n|player|p1|DivineGabriel|rye|1817\n|player|p2|lostroncos|266|1893\n|teamsize|p1|6\n|teamsize|p2|6\n|gen|9\n|tier|[Gen 9] OU\n|rated|\n|rule|Sleep Clause Mod: Limit one foe put to sleep\n|rule|Species Clause: Limit one of each Pok\u00e9mon\n|rule|OHKO Clause: OHKO moves are banned\n|rule|Evasion Items Clause: Evasion items are banned\n|rule|Evasion Moves Clause: Evasion moves are banned\n|rule|Endless Battle Clause: Forcing endless battles is banned\n|rule|HP Percentage Mod: HP is shown in percentages\n|clearpoke\n|poke|p1|Typhlosion-Hisui, M|\n|poke|p1|Great Tusk|\n|poke|p1|Torkoal, F|\n|poke|p1|Walking Wake|\n|poke|p1|Hatterene, F|\n|poke|p1|Meowscarada, M|\n|poke|p2|Torkoal, M|\n|poke|p2|Walking Wake|\n|poke|p2|Great Tusk|\n|poke|p2|Cinderace, F|\n|poke|p2|Charizard, M|\n|poke|p2|Brute Bonnet|\n|teampreview\n|\n|t:|1700780183\n|start\n|switch|p1a: Walking Wake|Walking Wake|100\/100\n|switch|p2a: Walking Wake|Walking Wake|100\/100\n|turn|1\n|\n|t:|1700780189\n|-end|p1a: Walking Wake|Protosynthesis|[silent]\n|switch|p1a: Hatterene|Hatterene, F|100\/100\n|move|p2a: Walking Wake|Draco Meteor|p1a: Hatterene\n|-immune|p1a: Hatterene\n|\n|upkeep\n|turn|2\n|\n|t:|1700780195\n|-end|p2a: Walking Wake|Protosynthesis|[silent]\n|switch|p2a: Torkoal|Torkoal, M|100\/100\n|-weather|SunnyDay|[from] ability: Drought|[of] p2a: Torkoal\n|move|p1a: Hatterene|Nuzzle|p2a: Torkoal\n|-damage|p2a: Torkoal|98\/100\n|-status|p2a: Torkoal|par\n|\n|-weather|SunnyDay|[upkeep]\n|upkeep\n|turn|3\n|inactive|Battle timer is ON: inactive players will automatically lose when time's up. (requested by DivineGabriel)\n|\n|t:|1700780203\n|move|p1a: Hatterene|Psyshock|p2a: Torkoal\n|-damage|p2a: Torkoal|77\/100 par\n|cant|p2a: Torkoal|par\n|\n|-weather|SunnyDay|[upkeep]\n|upkeep\n|turn|4\n|\n|t:|1700780209\n|move|p1a: Hatterene|Psyshock|p2a: Torkoal\n|-damage|p2a: Torkoal|56\/100 par\n|cant|p2a: Torkoal|par\n|\n|-weather|SunnyDay|[upkeep]\n|upkeep\n|turn|5\n|\n|t:|1700780214\n|switch|p2a: Brute Bonnet|Brute Bonnet|100\/100\n|-activate|p2a: Brute Bonnet|ability: Protosynthesis\n|-start|p2a: Brute Bonnet|protosynthesisatk\n|move|p1a: Hatterene|Psyshock|p2a: Brute Bonnet\n|-immune|p2a: Brute Bonnet\n|\n|-weather|SunnyDay|[upkeep]\n|upkeep\n|turn|6\n|c|\u2606lostroncos|lol\n|\n|t:|1700780226\n|move|p2a: Brute Bonnet|Seed Bomb|p1a: Hatterene\n|-damage|p1a: Hatterene|36\/100\n|-enditem|p1a: Hatterene|Eject Button\n|-damage|p2a: Brute Bonnet|91\/100|[from] item: Life Orb\n|\n|t:|1700780228\n|switch|p1a: Great Tusk|Great Tusk|100\/100\n|-activate|p1a: Great Tusk|ability: Protosynthesis\n|-start|p1a: Great Tusk|protosynthesisatk\n|\n|-weather|SunnyDay|[upkeep]\n|upkeep\n|turn|7\n|\n|t:|1700780241\n|-end|p2a: Brute Bonnet|Protosynthesis|[silent]\n|switch|p2a: Charizard|Charizard, M|100\/100\n|move|p1a: Great Tusk|Close Combat|p2a: Charizard\n|-resisted|p2a: Charizard\n|-damage|p2a: Charizard|8\/100\n|-unboost|p1a: Great Tusk|def|1\n|-unboost|p1a: Great Tusk|spd|1\n|\n|-weather|SunnyDay|[upkeep]\n|-damage|p2a: Charizard|0 fnt|[from] ability: Solar Power|[of] p2a: Charizard\n|faint|p2a: Charizard\n|upkeep\n|\n|t:|1700780251\n|switch|p2a: Walking Wake|Walking Wake|100\/100\n|-activate|p2a: Walking Wake|ability: Protosynthesis\n|-start|p2a: Walking Wake|protosynthesisspe\n|turn|8\n|\n|t:|1700780256\n|-end|p1a: Great Tusk|Protosynthesis|[silent]\n|switch|p1a: Hatterene|Hatterene, F|36\/100\n|move|p2a: Walking Wake|Hydro Steam|p1a: Hatterene\n|-damage|p1a: Hatterene|0 fnt\n|faint|p1a: Hatterene\n|\n|-weather|SunnyDay|[upkeep]\n|upkeep\n|\n|t:|1700780261\n|switch|p1a: Walking Wake|Walking Wake|100\/100\n|-activate|p1a: Walking Wake|ability: Protosynthesis\n|-start|p1a: Walking Wake|protosynthesisspe\n|turn|9\n|j| dlc so insane\n|inactive|lostroncos has 120 seconds left.\n|\n|t:|1700780293\n|-end|p2a: Walking Wake|Protosynthesis|[silent]\n|switch|p2a: Brute Bonnet|Brute Bonnet|91\/100\n|-activate|p2a: Brute Bonnet|ability: Protosynthesis\n|-start|p2a: Brute Bonnet|protosynthesisatk\n|move|p1a: Walking Wake|Dragon Pulse|p2a: Brute Bonnet\n|-damage|p2a: Brute Bonnet|30\/100\n|\n|-weather|none\n|-end|p1a: Walking Wake|Protosynthesis\n|-end|p2a: Brute Bonnet|Protosynthesis\n|upkeep\n|turn|10\n|\n|t:|1700780301\n|-end|p1a: Walking Wake|Protosynthesis|[silent]\n|switch|p1a: Meowscarada|Meowscarada, M|100\/100\n|move|p2a: Brute Bonnet|Sucker Punch||[still]\n|-fail|p2a: Brute Bonnet\n|\n|upkeep\n|turn|11\n|\n|t:|1700780307\n|-end|p2a: Brute Bonnet|Protosynthesis|[silent]\n|switch|p2a: Torkoal|Torkoal, M|56\/100 par\n|-weather|SunnyDay|[from] ability: Drought|[of] p2a: Torkoal\n|move|p1a: Meowscarada|U-turn|p2a: Torkoal\n|-start|p1a: Meowscarada|typechange|Bug|[from] ability: Protean\n|-resisted|p2a: Torkoal\n|-damage|p2a: Torkoal|46\/100 par\n|\n|t:|1700780314\n|switch|p1a: Walking Wake|Walking Wake|100\/100|[from] U-turn\n|-activate|p1a: Walking Wake|ability: Protosynthesis\n|-start|p1a: Walking Wake|protosynthesisspe\n|\n|-weather|SunnyDay|[upkeep]\n|upkeep\n|turn|12\n|\n|t:|1700780320\n|move|p1a: Walking Wake|Dragon Pulse|p2a: Torkoal\n|-damage|p2a: Torkoal|0 fnt\n|faint|p2a: Torkoal\n|\n|-weather|SunnyDay|[upkeep]\n|upkeep\n|\n|t:|1700780327\n|switch|p2a: Great Tusk|Great Tusk|100\/100\n|-activate|p2a: Great Tusk|ability: Protosynthesis\n|-start|p2a: Great Tusk|protosynthesisatk\n|turn|13\n|\n|t:|1700780337\n|-end|p1a: Walking Wake|Protosynthesis|[silent]\n|switch|p1a: Typhlosion|Typhlosion-Hisui, M|100\/100\n|-terastallize|p2a: Great Tusk|Steel\n|move|p2a: Great Tusk|Rapid Spin|p1a: Typhlosion\n|-immune|p1a: Typhlosion\n|\n|-weather|SunnyDay|[upkeep]\n|upkeep\n|turn|14\n|\n|t:|1700780345\n|-end|p2a: Great Tusk|Protosynthesis|[silent]\n|switch|p2a: Walking Wake|Walking Wake|100\/100\n|-activate|p2a: Walking Wake|ability: Protosynthesis\n|-start|p2a: Walking Wake|protosynthesisspe\n|move|p1a: Typhlosion|Eruption|p2a: Walking Wake\n|-resisted|p2a: Walking Wake\n|-damage|p2a: Walking Wake|56\/100\n|\n|-weather|SunnyDay|[upkeep]\n|upkeep\n|turn|15\n|\n|t:|1700780354\n|switch|p1a: Great Tusk|Great Tusk|100\/100\n|-activate|p1a: Great Tusk|ability: Protosynthesis\n|-start|p1a: Great Tusk|protosynthesisatk\n|move|p2a: Walking Wake|Draco Meteor|p1a: Great Tusk\n|-damage|p1a: Great Tusk|0 fnt\n|-unboost|p2a: Walking Wake|spa|2\n|faint|p1a: Great Tusk\n|-end|p1a: Great Tusk|Protosynthesis|[silent]\n|\n|-weather|SunnyDay|[upkeep]\n|upkeep\n|\n|t:|1700780356\n|switch|p1a: Walking Wake|Walking Wake|100\/100\n|-activate|p1a: Walking Wake|ability: Protosynthesis\n|-start|p1a: Walking Wake|protosynthesisspe\n|turn|16\n|\n|t:|1700780366\n|move|p2a: Walking Wake|Draco Meteor|p1a: Walking Wake\n|-supereffective|p1a: Walking Wake\n|-damage|p1a: Walking Wake|0 fnt\n|-unboost|p2a: Walking Wake|spa|2\n|faint|p1a: Walking Wake\n|-end|p1a: Walking Wake|Protosynthesis|[silent]\n|\n|-weather|SunnyDay|[upkeep]\n|upkeep\n|\n|t:|1700780371\n|switch|p1a: Meowscarada|Meowscarada, M|100\/100\n|turn|17\n|\n|t:|1700780375\n|-end|p2a: Walking Wake|Protosynthesis|[silent]\n|switch|p2a: Cinderace|Cinderace, F|100\/100\n|move|p1a: Meowscarada|U-turn|p2a: Cinderace\n|-start|p1a: Meowscarada|typechange|Bug|[from] ability: Protean\n|-resisted|p2a: Cinderace\n|-damage|p2a: Cinderace|76\/100\n|\n|t:|1700780377\n|switch|p1a: Typhlosion|Typhlosion-Hisui, M|100\/100|[from] U-turn\n|\n|-weather|SunnyDay|[upkeep]\n|upkeep\n|turn|18\n|\n|t:|1700780386\n|move|p2a: Cinderace|Sucker Punch|p1a: Typhlosion\n|-start|p2a: Cinderace|typechange|Dark|[from] ability: Libero\n|-supereffective|p1a: Typhlosion\n|-damage|p1a: Typhlosion|0 fnt\n|faint|p1a: Typhlosion\n|\n|-weather|none\n|upkeep\n|\n|t:|1700780388\n|switch|p1a: Meowscarada|Meowscarada, M|100\/100\n|turn|19\n|-message|DivineGabriel forfeited.\n|\n|win|lostroncos\n|raw|DivineGabriel's rating: 1817 &rarr; <strong>1801<\/strong><br \/>(-16 for losing)\n|raw|lostroncos's rating: 1893 &rarr; <strong>1909<\/strong><br \/>(+16 for winning)\n|l|\u2606DivineGabriel\n","uploadtime":1700780397,"views":5,"p1id":"divinegabriel","p2id":"lostroncos","formatid":"gen9ou","rating":1801,"private":0,"password":""}