{"id":"gen9ou-2000251462","p1":"TiaTaglialegna","p2":"Calvin Benrud","format":"[Gen 9] OU","log":"|j|\u2606TiaTaglialegna\n|j|\u2606Calvin Benrud\n|t:|1701177686\n|gametype|singles\n|player|p1|TiaTaglialegna|backersf|1152\n|player|p2|Calvin Benrud|koga-gen3|1146\n|teamsize|p1|6\n|teamsize|p2|6\n|gen|9\n|tier|[Gen 9] OU\n|rated|\n|rule|Sleep Clause Mod: Limit one foe put to sleep\n|rule|Species Clause: Limit one of each Pok\u00e9mon\n|rule|OHKO Clause: OHKO moves are banned\n|rule|Evasion Items Clause: Evasion items are banned\n|rule|Evasion Moves Clause: Evasion moves are banned\n|rule|Endless Battle Clause: Forcing endless battles is banned\n|rule|HP Percentage Mod: HP is shown in percentages\n|clearpoke\n|poke|p1|Meowscarada, M|\n|poke|p1|Forretress, M|\n|poke|p1|Dragapult, M|\n|poke|p1|Heatran, M|\n|poke|p1|Greninja-*, M|\n|poke|p1|Iron Valiant|\n|poke|p2|Moltres|\n|poke|p2|Great Tusk|\n|poke|p2|Toxapex, F|\n|poke|p2|Gholdengo|\n|poke|p2|Clefable, F|\n|poke|p2|Weavile, F|\n|teampreview\n|\n|t:|1701177707\n|start\n|switch|p1a: Heatran|Heatran, M, shiny|100\/100\n|switch|p2a: Clefable|Clefable, F|100\/100\n|turn|1\n|\n|t:|1701177713\n|switch|p2a: Toxapex|Toxapex, F|100\/100\n|move|p1a: Heatran|Stealth Rock|p2a: Toxapex\n|-sidestart|p2: Calvin Benrud|move: Stealth Rock\n|\n|upkeep\n|turn|2\n|\n|t:|1701177747\n|move|p1a: Heatran|Earth Power|p2a: Toxapex\n|-supereffective|p2a: Toxapex\n|-damage|p2a: Toxapex|60\/100\n|move|p2a: Toxapex|Surf|p1a: Heatran\n|-supereffective|p1a: Heatran\n|-damage|p1a: Heatran|75\/100\n|\n|-heal|p1a: Heatran|81\/100|[from] item: Leftovers\n|-heal|p2a: Toxapex|67\/100|[from] item: Leftovers\n|upkeep\n|turn|3\n|\n|t:|1701177768\n|switch|p2a: Moltres|Moltres|100\/100\n|move|p1a: Heatran|Earth Power|p2a: Moltres\n|-immune|p2a: Moltres\n|\n|-heal|p1a: Heatran|88\/100|[from] item: Leftovers\n|upkeep\n|turn|4\n|\n|t:|1701177783\n|switch|p1a: Greninja|Greninja, M|100\/100\n|move|p2a: Moltres|U-turn|p1a: Greninja\n|-supereffective|p1a: Greninja\n|-damage|p1a: Greninja|62\/100\n|\n|t:|1701177793\n|switch|p2a: Toxapex|Toxapex, F|99\/100|[from] U-turn\n|-damage|p2a: Toxapex|87\/100|[from] Stealth Rock\n|\n|-heal|p2a: Toxapex|94\/100|[from] item: Leftovers\n|upkeep\n|turn|5\n|\n|t:|1701177802\n|move|p1a: Greninja|Dark Pulse|p2a: Toxapex\n|-damage|p2a: Toxapex|55\/100\n|-damage|p1a: Greninja|52\/100|[from] item: Life Orb\n|move|p2a: Toxapex|Toxic|p1a: Greninja\n|-status|p1a: Greninja|tox\n|\n|-heal|p2a: Toxapex|61\/100|[from] item: Leftovers\n|-damage|p1a: Greninja|46\/100 tox|[from] psn\n|upkeep\n|turn|6\n|\n|t:|1701177813\n|move|p1a: Greninja|Dark Pulse|p2a: Toxapex\n|-damage|p2a: Toxapex|24\/100\n|-damage|p1a: Greninja|36\/100 tox|[from] item: Life Orb\n|move|p2a: Toxapex|Recover|p2a: Toxapex\n|-heal|p2a: Toxapex|74\/100\n|\n|-heal|p2a: Toxapex|80\/100|[from] item: Leftovers\n|-damage|p1a: Greninja|24\/100 tox|[from] psn\n|upkeep\n|turn|7\n|\n|t:|1701177830\n|move|p1a: Greninja|Water Shuriken|p2a: Toxapex\n|-resisted|p2a: Toxapex\n|-damage|p2a: Toxapex|76\/100\n|-resisted|p2a: Toxapex\n|-damage|p2a: Toxapex|73\/100\n|-resisted|p2a: Toxapex\n|-damage|p2a: Toxapex|69\/100\n|-resisted|p2a: Toxapex\n|-damage|p2a: Toxapex|66\/100\n|-hitcount|p2a: Toxapex|4\n|-damage|p1a: Greninja|15\/100 tox|[from] item: Life Orb\n|move|p2a: Toxapex|Recover|p2a: Toxapex\n|-heal|p2a: Toxapex|100\/100\n|\n|-damage|p1a: Greninja|0 fnt|[from] psn\n|faint|p1a: Greninja\n|upkeep\n|\n|t:|1701177854\n|switch|p1a: Dragapult|Dragapult, M|100\/100\n|turn|8\n|\n|t:|1701177859\n|move|p1a: Dragapult|Dragon Darts|p2a: Toxapex\n|-damage|p2a: Toxapex|76\/100\n|-anim|p1a: Dragapult|Dragon Darts|p2a: Toxapex\n|-damage|p2a: Toxapex|52\/100\n|move|p2a: Toxapex|Toxic|p1a: Dragapult\n|-status|p1a: Dragapult|tox\n|\n|-heal|p2a: Toxapex|58\/100|[from] item: Leftovers\n|-damage|p1a: Dragapult|95\/100 tox|[from] psn\n|upkeep\n|turn|9\n|\n|t:|1701177870\n|switch|p2a: Clefable|Clefable, F|100\/100\n|move|p1a: Dragapult|Dragon Darts|p2a: Clefable\n|-immune|p2a: Clefable\n|\n|-damage|p1a: Dragapult|83\/100 tox|[from] psn\n|upkeep\n|turn|10\n|\n|t:|1701177879\n|switch|p1a: Forretress|Forretress, M|100\/100\n|switch|p2a: Moltres|Moltres|100\/100\n|\n|upkeep\n|turn|11\n|\n|t:|1701177887\n|switch|p1a: Heatran|Heatran, M, shiny|88\/100\n|move|p2a: Moltres|Flamethrower|p1a: Heatran\n|-start|p1a: Heatran|ability: Flash Fire\n|\n|-heal|p1a: Heatran|94\/100|[from] item: Leftovers\n|upkeep\n|turn|12\n|\n|t:|1701177899\n|move|p2a: Moltres|U-turn|p1a: Heatran\n|-resisted|p1a: Heatran\n|-damage|p1a: Heatran|91\/100\n|\n|t:|1701177905\n|switch|p2a: Toxapex|Toxapex, F|91\/100|[from] U-turn\n|-damage|p2a: Toxapex|79\/100|[from] Stealth Rock\n|move|p1a: Heatran|Lava Plume|p2a: Toxapex\n|-resisted|p2a: Toxapex\n|-damage|p2a: Toxapex|57\/100\n|\n|-heal|p1a: Heatran|98\/100|[from] item: Leftovers\n|-heal|p2a: Toxapex|64\/100|[from] item: Leftovers\n|upkeep\n|turn|13\n|\n|t:|1701177918\n|switch|p2a: Moltres|Moltres|100\/100\n|move|p1a: Heatran|Earth Power|p2a: Moltres\n|-immune|p2a: Moltres\n|\n|-heal|p1a: Heatran|100\/100|[from] item: Leftovers\n|upkeep\n|turn|14\n|\n|t:|1701177928\n|move|p2a: Moltres|U-turn|p1a: Heatran\n|-resisted|p1a: Heatran\n|-damage|p1a: Heatran|98\/100\n|\n|t:|1701177934\n|switch|p2a: Toxapex|Toxapex, F|97\/100|[from] U-turn\n|-damage|p2a: Toxapex|84\/100|[from] Stealth Rock\n|move|p1a: Heatran|Flash Cannon|p2a: Toxapex\n|-resisted|p2a: Toxapex\n|-damage|p2a: Toxapex|72\/100\n|\n|-heal|p1a: Heatran|100\/100|[from] item: Leftovers\n|-heal|p2a: Toxapex|78\/100|[from] item: Leftovers\n|upkeep\n|turn|15\n|\n|t:|1701177961\n|-end|p1a: Heatran|ability: Flash Fire|[silent]\n|switch|p1a: Meowscarada|Meowscarada, M|100\/100\n|move|p2a: Toxapex|Surf|p1a: Meowscarada\n|-resisted|p1a: Meowscarada\n|-crit|p1a: Meowscarada\n|-damage|p1a: Meowscarada|80\/100\n|\n|-heal|p2a: Toxapex|84\/100|[from] item: Leftovers\n|upkeep\n|turn|16\n|\n|t:|1701177973\n|switch|p2a: Moltres|Moltres|100\/100\n|move|p1a: Meowscarada|Flower Trick|p2a: Moltres\n|-start|p1a: Meowscarada|typechange|Grass|[from] ability: Protean\n|-resisted|p2a: Moltres\n|-crit|p2a: Moltres\n|-damage|p2a: Moltres|92\/100\n|\n|upkeep\n|turn|17\n|\n|t:|1701177989\n|switch|p1a: Heatran|Heatran, M, shiny|100\/100\n|move|p2a: Moltres|U-turn|p1a: Heatran\n|-resisted|p1a: Heatran\n|-damage|p1a: Heatran|98\/100\n|\n|t:|1701178003\n|switch|p2a: Great Tusk|Great Tusk|100\/100|[from] U-turn\n|\n|-heal|p1a: Heatran|100\/100|[from] item: Leftovers\n|upkeep\n|turn|18\n|\n|t:|1701178031\n|switch|p1a: Meowscarada|Meowscarada, M|80\/100\n|move|p2a: Great Tusk|Knock Off|p1a: Meowscarada\n|-resisted|p1a: Meowscarada\n|-damage|p1a: Meowscarada|54\/100\n|-enditem|p1a: Meowscarada|Choice Scarf|[from] move: Knock Off|[of] p2a: Great Tusk\n|\n|upkeep\n|turn|19\n|\n|t:|1701178043\n|-end|p2a: Great Tusk|Protosynthesis|[silent]\n|switch|p2a: Clefable|Clefable, F|100\/100\n|move|p1a: Meowscarada|Flower Trick|p2a: Clefable\n|-start|p1a: Meowscarada|typechange|Grass|[from] ability: Protean\n|-crit|p2a: Clefable\n|-damage|p2a: Clefable|66\/100\n|\n|-heal|p2a: Clefable|72\/100|[from] item: Leftovers\n|upkeep\n|turn|20\n|\n|t:|1701178057\n|move|p2a: Clefable|Protect|p2a: Clefable\n|-singleturn|p2a: Clefable|Protect\n|move|p1a: Meowscarada|Knock Off|p2a: Clefable\n|-activate|p2a: Clefable|move: Protect\n|\n|-heal|p2a: Clefable|78\/100|[from] item: Leftovers\n|upkeep\n|turn|21\n|\n|t:|1701178077\n|move|p1a: Meowscarada|Knock Off|p2a: Clefable\n|-resisted|p2a: Clefable\n|-damage|p2a: Clefable|66\/100\n|-enditem|p2a: Clefable|Leftovers|[from] move: Knock Off|[of] p1a: Meowscarada\n|move|p2a: Clefable|Stealth Rock|p1a: Meowscarada\n|-sidestart|p1: TiaTaglialegna|move: Stealth Rock\n|\n|upkeep\n|turn|22\n|\n|t:|1701178092\n|move|p1a: Meowscarada|U-turn|p2a: Clefable\n|-resisted|p2a: Clefable\n|-damage|p2a: Clefable|58\/100\n|\n|t:|1701178111\n|switch|p1a: Forretress|Forretress, M|100\/100|[from] U-turn\n|-damage|p1a: Forretress|88\/100|[from] Stealth Rock\n|move|p2a: Clefable|Wish|p2a: Clefable\n|\n|-heal|p1a: Forretress|94\/100|[from] item: Leftovers\n|upkeep\n|turn|23\n|\n|t:|1701178144\n|switch|p2a: Great Tusk|Great Tusk|100\/100\n|move|p1a: Forretress|Rapid Spin|p2a: Great Tusk\n|-damage|p2a: Great Tusk|93\/100\n|-boost|p1a: Forretress|spe|1\n|-sideend|p1: TiaTaglialegna|Stealth Rock|[from] move: Rapid Spin|[of] p1a: Forretress\n|\n|-heal|p2a: Great Tusk|100\/100|[from] move: Wish|[wisher] Clefable\n|-heal|p1a: Forretress|100\/100|[from] item: Leftovers\n|upkeep\n|turn|24\n|\n|t:|1701178161\n|move|p2a: Great Tusk|Headlong Rush|p1a: Forretress\n|-damage|p1a: Forretress|63\/100\n|-unboost|p2a: Great Tusk|def|1\n|-unboost|p2a: Great Tusk|spd|1\n|move|p1a: Forretress|Gyro Ball|p2a: Great Tusk\n|-damage|p2a: Great Tusk|77\/100\n|\n|-heal|p1a: Forretress|69\/100|[from] item: Leftovers\n|upkeep\n|turn|25\n|\n|t:|1701178172\n|move|p2a: Great Tusk|Rapid Spin|p1a: Forretress\n|-resisted|p1a: Forretress\n|-damage|p1a: Forretress|64\/100\n|-boost|p2a: Great Tusk|spe|1\n|-sideend|p2: Calvin Benrud|Stealth Rock|[from] move: Rapid Spin|[of] p2a: Great Tusk\n|move|p1a: Forretress|Body Press|p2a: Great Tusk\n|-damage|p2a: Great Tusk|39\/100\n|\n|-heal|p1a: Forretress|70\/100|[from] item: Leftovers\n|upkeep\n|turn|26\n|l|\u2606Calvin Benrud\n|player|p2|\n|j|\u2606Calvin Benrud\n|player|p2|Calvin Benrud|koga-gen3\n|\n|t:|1701178213\n|-end|p2a: Great Tusk|Protosynthesis|[silent]\n|switch|p2a: Moltres|Moltres|92\/100\n|move|p1a: Forretress|Body Press|p2a: Moltres\n|-resisted|p2a: Moltres\n|-crit|p2a: Moltres\n|-damage|p2a: Moltres|75\/100\n|\n|-heal|p1a: Forretress|76\/100|[from] item: Leftovers\n|upkeep\n|turn|27\n|\n|t:|1701178225\n|switch|p1a: Heatran|Heatran, M, shiny|100\/100\n|move|p2a: Moltres|U-turn|p1a: Heatran\n|-resisted|p1a: Heatran\n|-crit|p1a: Heatran\n|-damage|p1a: Heatran|97\/100\n|\n|t:|1701178236\n|switch|p2a: Great Tusk|Great Tusk|39\/100|[from] U-turn\n|\n|-heal|p1a: Heatran|100\/100|[from] item: Leftovers\n|upkeep\n|turn|28\n|\n|t:|1701178254\n|switch|p1a: Dragapult|Dragapult, M|83\/100 tox\n|move|p2a: Great Tusk|Close Combat|p1a: Dragapult\n|-immune|p1a: Dragapult\n|\n|-damage|p1a: Dragapult|77\/100 tox|[from] psn\n|upkeep\n|turn|29\n|\n|t:|1701178268\n|-end|p2a: Great Tusk|Protosynthesis|[silent]\n|switch|p2a: Clefable|Clefable, F|58\/100\n|move|p1a: Dragapult|Dragon Darts|p2a: Clefable\n|-immune|p2a: Clefable\n|\n|-damage|p1a: Dragapult|65\/100 tox|[from] psn\n|upkeep\n|turn|30\n|\n|t:|1701178281\n|switch|p1a: Forretress|Forretress, M|76\/100\n|move|p2a: Clefable|Wish|p2a: Clefable\n|\n|-heal|p1a: Forretress|83\/100|[from] item: Leftovers\n|upkeep\n|turn|31\n|\n|t:|1701178296\n|switch|p2a: Great Tusk|Great Tusk|39\/100\n|move|p1a: Forretress|Body Press|p2a: Great Tusk\n|-damage|p2a: Great Tusk|17\/100\n|\n|-heal|p2a: Great Tusk|70\/100|[from] move: Wish|[wisher] Clefable\n|-heal|p1a: Forretress|89\/100|[from] item: Leftovers\n|upkeep\n|turn|32\n|\n|t:|1701178308\n|move|p2a: Great Tusk|Knock Off|p1a: Forretress\n|-damage|p1a: Forretress|71\/100\n|-enditem|p1a: Forretress|Leftovers|[from] move: Knock Off|[of] p2a: Great Tusk\n|move|p1a: Forretress|Spikes|p2a: Great Tusk\n|-sidestart|p2: Calvin Benrud|Spikes\n|\n|upkeep\n|turn|33\n|\n|t:|1701178317\n|move|p2a: Great Tusk|Rapid Spin|p1a: Forretress\n|-resisted|p1a: Forretress\n|-damage|p1a: Forretress|66\/100\n|-boost|p2a: Great Tusk|spe|1\n|-sideend|p2: Calvin Benrud|Spikes|[from] move: Rapid Spin|[of] p2a: Great Tusk\n|move|p1a: Forretress|Gyro Ball|p2a: Great Tusk\n|-damage|p2a: Great Tusk|34\/100\n|\n|upkeep\n|turn|34\n|\n|t:|1701178338\n|move|p2a: Great Tusk|Close Combat|p1a: Forretress\n|-damage|p1a: Forretress|30\/100\n|-unboost|p2a: Great Tusk|def|1\n|-unboost|p2a: Great Tusk|spd|1\n|move|p1a: Forretress|Gyro Ball|p2a: Great Tusk\n|-damage|p2a: Great Tusk|0 fnt\n|faint|p2a: Great Tusk\n|-end|p2a: Great Tusk|Protosynthesis|[silent]\n|\n|upkeep\n|\n|t:|1701178354\n|switch|p2a: Clefable|Clefable, F|58\/100\n|turn|35\n|inactive|Battle timer is ON: inactive players will automatically lose when time's up. (requested by Calvin Benrud)\n|\n|t:|1701178383\n|move|p2a: Clefable|Wish|p2a: Clefable\n|move|p1a: Forretress|Gyro Ball|p2a: Clefable\n|-supereffective|p2a: Clefable\n|-damage|p2a: Clefable|31\/100\n|\n|upkeep\n|turn|36\n|\n|t:|1701178394\n|move|p2a: Clefable|Wish||[still]\n|-fail|p2a: Clefable\n|move|p1a: Forretress|Spikes|p2a: Clefable\n|-sidestart|p2: Calvin Benrud|Spikes\n|\n|-heal|p2a: Clefable|81\/100|[from] move: Wish|[wisher] Clefable\n|upkeep\n|turn|37\n|\n|t:|1701178407\n|switch|p1a: Heatran|Heatran, M, shiny|100\/100\n|move|p2a: Clefable|Stealth Rock|p1a: Heatran\n|-sidestart|p1: TiaTaglialegna|move: Stealth Rock\n|\n|upkeep\n|turn|38\n|inactive|TiaTaglialegna has 120 seconds left.\n|\n|t:|1701178447\n|switch|p2a: Toxapex|Toxapex, F|100\/100\n|-damage|p2a: Toxapex|88\/100|[from] Spikes\n|move|p1a: Heatran|Flash Cannon|p2a: Toxapex\n|-resisted|p2a: Toxapex\n|-damage|p2a: Toxapex|74\/100\n|\n|-heal|p2a: Toxapex|80\/100|[from] item: Leftovers\n|upkeep\n|turn|39\n|\n|t:|1701178459\n|move|p1a: Heatran|Earth Power|p2a: Toxapex\n|-supereffective|p2a: Toxapex\n|-damage|p2a: Toxapex|40\/100\n|move|p2a: Toxapex|Toxic|p1a: Heatran\n|-immune|p1a: Heatran\n|\n|-heal|p2a: Toxapex|46\/100|[from] item: Leftovers\n|upkeep\n|turn|40\n|\n|t:|1701178483\n|switch|p2a: Moltres|Moltres|75\/100\n|move|p1a: Heatran|Earth Power|p2a: Moltres\n|-immune|p2a: Moltres\n|\n|upkeep\n|turn|41\n|inactive|TiaTaglialegna has 90 seconds left.\n|\n|t:|1701178509\n|switch|p1a: Iron Valiant|Iron Valiant, shiny|100\/100\n|-damage|p1a: Iron Valiant|94\/100|[from] Stealth Rock\n|-enditem|p1a: Iron Valiant|Booster Energy\n|-activate|p1a: Iron Valiant|ability: Quark Drive|[fromitem]\n|-start|p1a: Iron Valiant|quarkdrivespe\n|move|p2a: Moltres|U-turn|p1a: Iron Valiant\n|-resisted|p1a: Iron Valiant\n|-damage|p1a: Iron Valiant|90\/100\n|\n|t:|1701178517\n|switch|p2a: Gholdengo|Gholdengo|100\/100|[from] U-turn\n|-damage|p2a: Gholdengo|88\/100|[from] Spikes\n|\n|upkeep\n|turn|42\n|inactive|TiaTaglialegna has 90 seconds left.\n|\n|t:|1701178531\n|move|p1a: Iron Valiant|Fire Punch|p2a: Gholdengo\n|-supereffective|p2a: Gholdengo\n|-damage|p2a: Gholdengo|25\/100\n|move|p2a: Gholdengo|Make It Rain|p1a: Iron Valiant\n|-supereffective|p1a: Iron Valiant\n|-damage|p1a: Iron Valiant|0 fnt\n|-unboost|p2a: Gholdengo|spa|1\n|faint|p1a: Iron Valiant\n|-end|p1a: Iron Valiant|Quark Drive|[silent]\n|\n|upkeep\n|inactive|TiaTaglialegna has 90 seconds left.\n|\n|t:|1701178545\n|switch|p1a: Forretress|Forretress, M|30\/100\n|-damage|p1a: Forretress|17\/100|[from] Stealth Rock\n|turn|43\n|inactive|TiaTaglialegna has 90 seconds left.\n|\n|t:|1701178552\n|move|p2a: Gholdengo|Make It Rain|p1a: Forretress\n|-resisted|p1a: Forretress\n|-damage|p1a: Forretress|0 fnt\n|-unboost|p2a: Gholdengo|spa|1\n|faint|p1a: Forretress\n|\n|upkeep\n|inactive|TiaTaglialegna has 90 seconds left.\n|\n|t:|1701178565\n|switch|p1a: Meowscarada|Meowscarada, M|54\/100\n|-damage|p1a: Meowscarada|42\/100|[from] Stealth Rock\n|turn|44\n|inactive|TiaTaglialegna has 90 seconds left.\n|\n|t:|1701178581\n|switch|p2a: Weavile|Weavile, F|100\/100\n|-ability|p2a: Weavile|Pressure\n|move|p1a: Meowscarada|Knock Off|p2a: Weavile\n|-start|p1a: Meowscarada|typechange|Dark|[from] ability: Protean\n|-resisted|p2a: Weavile\n|-damage|p2a: Weavile|63\/100\n|-enditem|p2a: Weavile|Heavy-Duty Boots|[from] move: Knock Off|[of] p1a: Meowscarada\n|\n|upkeep\n|turn|45\n|inactive|TiaTaglialegna has 90 seconds left.\n|\n|t:|1701178604\n|switch|p2a: Clefable|Clefable, F|81\/100\n|switch|p1a: Heatran|Heatran, M, shiny|100\/100\n|-damage|p1a: Heatran|88\/100|[from] Stealth Rock\n|\n|-heal|p1a: Heatran|94\/100|[from] item: Leftovers\n|upkeep\n|turn|46\n|c|\u2606TiaTaglialegna|GG3\n|c|\u2606TiaTaglialegna|NICE FIGHT\n|inactive|TiaTaglialegna has 90 seconds left.\n|\n|t:|1701178616\n|switch|p2a: Moltres|Moltres|75\/100\n|move|p1a: Heatran|Flash Cannon|p2a: Moltres\n|-resisted|p2a: Moltres\n|-damage|p2a: Moltres|58\/100\n|\n|-heal|p1a: Heatran|100\/100|[from] item: Leftovers\n|upkeep\n|turn|47\n|\n|t:|1701178625\n|move|p2a: Moltres|Roost|p2a: Moltres\n|-heal|p2a: Moltres|100\/100\n|-singleturn|p2a: Moltres|move: Roost\n|move|p1a: Heatran|Stealth Rock|p2a: Moltres\n|-sidestart|p2: Calvin Benrud|move: Stealth Rock\n|\n|upkeep\n|turn|48\n|inactive|TiaTaglialegna has 90 seconds left.\n|inactive|TiaTaglialegna has 60 seconds left.\n|\n|t:|1701178670\n|move|p2a: Moltres|U-turn|p1a: Heatran\n|-resisted|p1a: Heatran\n|-damage|p1a: Heatran|98\/100\n|\n|t:|1701178674\n|switch|p2a: Clefable|Clefable, F|81\/100|[from] U-turn\n|move|p1a: Heatran|Earth Power|p2a: Clefable\n|-damage|p2a: Clefable|58\/100\n|\n|-heal|p1a: Heatran|100\/100|[from] item: Leftovers\n|upkeep\n|turn|49\n|\n|t:|1701178683\n|move|p1a: Heatran|Earth Power|p2a: Clefable\n|-damage|p2a: Clefable|33\/100\n|move|p2a: Clefable|Wish|p2a: Clefable\n|\n|upkeep\n|turn|50\n|\n|t:|1701178690\n|move|p2a: Clefable|Protect|p2a: Clefable\n|-singleturn|p2a: Clefable|Protect\n|move|p1a: Heatran|Flash Cannon|p2a: Clefable\n|-activate|p2a: Clefable|move: Protect\n|\n|-heal|p2a: Clefable|83\/100|[from] move: Wish|[wisher] Clefable\n|upkeep\n|turn|51\n|\n|t:|1701178704\n|switch|p2a: Toxapex|Toxapex, F|79\/100\n|-damage|p2a: Toxapex|67\/100|[from] Spikes\n|-damage|p2a: Toxapex|54\/100|[from] Stealth Rock\n|move|p1a: Heatran|Lava Plume|p2a: Toxapex\n|-resisted|p2a: Toxapex\n|-damage|p2a: Toxapex|41\/100\n|\n|-heal|p2a: Toxapex|47\/100|[from] item: Leftovers\n|upkeep\n|turn|52\n|\n|t:|1701178714\n|move|p1a: Heatran|Flash Cannon|p2a: Toxapex\n|-resisted|p2a: Toxapex\n|-damage|p2a: Toxapex|34\/100\n|move|p2a: Toxapex|Surf|p1a: Heatran\n|-supereffective|p1a: Heatran\n|-damage|p1a: Heatran|77\/100\n|\n|-heal|p1a: Heatran|83\/100|[from] item: Leftovers\n|-heal|p2a: Toxapex|40\/100|[from] item: Leftovers\n|upkeep\n|turn|53\n|\n|t:|1701178723\n|switch|p2a: Moltres|Moltres|100\/100\n|move|p1a: Heatran|Earth Power|p2a: Moltres\n|-immune|p2a: Moltres\n|\n|-heal|p1a: Heatran|90\/100|[from] item: Leftovers\n|upkeep\n|turn|54\n|inactive|TiaTaglialegna has 60 seconds left.\n|\n|t:|1701178770\n|switch|p2a: Toxapex|Toxapex, F|74\/100\n|-damage|p2a: Toxapex|61\/100|[from] Spikes\n|-damage|p2a: Toxapex|49\/100|[from] Stealth Rock\n|move|p1a: Heatran|Lava Plume|p2a: Toxapex\n|-resisted|p2a: Toxapex\n|-damage|p2a: Toxapex|35\/100\n|\n|-heal|p1a: Heatran|96\/100|[from] item: Leftovers\n|-heal|p2a: Toxapex|41\/100|[from] item: Leftovers\n|upkeep\n|turn|55\n|\n|t:|1701178787\n|switch|p2a: Moltres|Moltres|100\/100\n|move|p1a: Heatran|Earth Power|p2a: Moltres\n|-immune|p2a: Moltres\n|\n|-heal|p1a: Heatran|100\/100|[from] item: Leftovers\n|upkeep\n|turn|56\n|\n|t:|1701178798\n|move|p2a: Moltres|U-turn|p1a: Heatran\n|-resisted|p1a: Heatran\n|-damage|p1a: Heatran|98\/100\n|\n|t:|1701178803\n|switch|p2a: Clefable|Clefable, F|83\/100|[from] U-turn\n|move|p1a: Heatran|Lava Plume|p2a: Clefable\n|-damage|p2a: Clefable|54\/100\n|\n|-heal|p1a: Heatran|100\/100|[from] item: Leftovers\n|upkeep\n|turn|57\n|inactive|TiaTaglialegna has 30 seconds left.\n|inactive|TiaTaglialegna has 20 seconds left.\n|inactive|TiaTaglialegna has 15 seconds left.\n|inactive|TiaTaglialegna has 10 seconds left.\n|inactive|TiaTaglialegna has 5 seconds left.\n|\n|t:|1701178859\n|move|p1a: Heatran|Flash Cannon|p2a: Clefable\n|-supereffective|p2a: Clefable\n|-damage|p2a: Clefable|0 fnt\n|faint|p2a: Clefable\n|\n|upkeep\n|inactive|TiaTaglialegna has 10 seconds left this turn.\n|c|\u2606Calvin Benrud|gg\n|c|\u2606TiaTaglialegna|GG\n|\n|t:|1701178868\n|switch|p2a: Toxapex|Toxapex, F|74\/100\n|-damage|p2a: Toxapex|62\/100|[from] Spikes\n|-damage|p2a: Toxapex|49\/100|[from] Stealth Rock\n|turn|58\n|inactive|TiaTaglialegna has 20 seconds left this turn.\n|c|\u2606TiaTaglialegna|NICE TEAM\n|inactive|TiaTaglialegna has 15 seconds left.\n|\n|t:|1701178874\n|move|p1a: Heatran|Earth Power|p2a: Toxapex\n|-supereffective|p2a: Toxapex\n|-damage|p2a: Toxapex|5\/100\n|move|p2a: Toxapex|Recover|p2a: Toxapex\n|-heal|p2a: Toxapex|55\/100\n|\n|-heal|p2a: Toxapex|61\/100|[from] item: Leftovers\n|upkeep\n|turn|59\n|inactive|TiaTaglialegna has 25 seconds left this turn.\n|inactive|TiaTaglialegna has 20 seconds left.\n|\n|t:|1701178884\n|move|p1a: Heatran|Lava Plume|p2a: Toxapex\n|-resisted|p2a: Toxapex\n|-damage|p2a: Toxapex|49\/100\n|move|p2a: Toxapex|Recover|p2a: Toxapex\n|-heal|p2a: Toxapex|99\/100\n|\n|-heal|p2a: Toxapex|100\/100|[from] item: Leftovers\n|upkeep\n|turn|60\n|inactive|TiaTaglialegna has 30 seconds left this turn.\n|inactive|TiaTaglialegna has 20 seconds left.\n|\n|t:|1701178897\n|switch|p1a: Dragapult|Dragapult, M|65\/100 tox\n|-damage|p1a: Dragapult|52\/100 tox|[from] Stealth Rock\n|move|p2a: Toxapex|Surf|p1a: Dragapult\n|-resisted|p1a: Dragapult\n|-crit|p1a: Dragapult\n|-damage|p1a: Dragapult|33\/100 tox\n|\n|-damage|p1a: Dragapult|27\/100 tox|[from] psn\n|upkeep\n|turn|61\n|inactive|TiaTaglialegna has 30 seconds left this turn.\n|c|\u2606Calvin Benrud|its not completely over ig\n|inactive|TiaTaglialegna has 20 seconds left.\n|c|\u2606TiaTaglialegna|I KNOW\n|\n|t:|1701178914\n|switch|p2a: Weavile|Weavile, F|63\/100\n|-damage|p2a: Weavile|50\/100|[from] Spikes\n|-damage|p2a: Weavile|25\/100|[from] Stealth Rock\n|-ability|p2a: Weavile|Pressure\n|move|p1a: Dragapult|Phantom Force||[still]\n|-prepare|p1a: Dragapult|Phantom Force\n|\n|-damage|p1a: Dragapult|15\/100 tox|[from] psn\n|upkeep\n|turn|62\n|inactive|TiaTaglialegna has 30 seconds left this turn.\n|inactive|TiaTaglialegna has 20 seconds left.\n|inactive|TiaTaglialegna has 15 seconds left.\n|c|\u2606TiaTaglialegna|DO YOUR BEST\n|\n|t:|1701178931\n|move|p2a: Weavile|Ice Shard|p1a: Dragapult|[miss]\n|-miss|p2a: Weavile|p1a: Dragapult\n|move|p1a: Dragapult|Phantom Force|p2a: Weavile|[from]lockedmove\n|-resisted|p2a: Weavile\n|-damage|p2a: Weavile|0 fnt\n|faint|p2a: Weavile\n|\n|-damage|p1a: Dragapult|0 fnt|[from] psn\n|faint|p1a: Dragapult\n|upkeep\n|inactive|TiaTaglialegna has 25 seconds left this turn.\n|inactive|TiaTaglialegna has 20 seconds left.\n|c|\u2606Calvin Benrud|i got the recovers off\n|inactive|TiaTaglialegna has 15 seconds left.\n|c|\u2606Calvin Benrud|no\n|\n|t:|1701178950\n|switch|p1a: Meowscarada|Meowscarada, M|42\/100\n|switch|p2a: Gholdengo|Gholdengo|25\/100\n|-damage|p2a: Gholdengo|12\/100|[from] Spikes\n|-damage|p2a: Gholdengo|6\/100|[from] Stealth Rock\n|-damage|p1a: Meowscarada|30\/100|[from] Stealth Rock\n|turn|63\n|inactive|TiaTaglialegna has 25 seconds left this turn.\n|inactive|TiaTaglialegna has 20 seconds left.\n|inactive|TiaTaglialegna has 15 seconds left.\n|\n|t:|1701178965\n|-terastallize|p2a: Gholdengo|Fighting\n|move|p2a: Gholdengo|Focus Blast|p1a: Meowscarada|[miss]\n|-miss|p2a: Gholdengo|p1a: Meowscarada\n|move|p1a: Meowscarada|Knock Off|p2a: Gholdengo\n|-start|p1a: Meowscarada|typechange|Dark|[from] ability: Protean\n|-resisted|p2a: Gholdengo\n|-damage|p2a: Gholdengo|0 fnt\n|-enditem|p2a: Gholdengo|Choice Scarf|[from] move: Knock Off|[of] p1a: Meowscarada\n|faint|p2a: Gholdengo\n|\n|upkeep\n|inactive|TiaTaglialegna has 20 seconds left this turn.\n|c|\u2606Calvin Benrud|thats game\n|inactive|Calvin Benrud has 120 seconds left.\n|c|\u2606TiaTaglialegna|MAYBE IM LUCKY\n|c|\u2606Calvin Benrud|i needed one or the other to hit\n|c|\u2606Calvin Benrud|and i won\n|c|\u2606Calvin Benrud|gg\n|c|\u2606TiaTaglialegna|THIS IS THE BSEST BATTLE TODAY\n|-message|Calvin Benrud forfeited.\n|\n|win|TiaTaglialegna\n|inactive|TiaTaglialegna has 25 seconds left this turn.\n|raw|TiaTaglialegna's rating: 1152 &rarr; <strong>1177<\/strong><br \/>(+25 for winning)\n|raw|Calvin Benrud's rating: 1146 &rarr; <strong>1121<\/strong><br \/>(-25 for losing)\n|l|\u2606Calvin Benrud\n","uploadtime":1701179009,"views":2,"p1id":"tiataglialegna","p2id":"calvinbenrud","formatid":"gen9ou","rating":1121,"private":0,"password":""}