{"id":"gen9ou-1989392599","p1":"wooloo supremacy","p2":"Minimimik","format":"[Gen 9] OU","log":"|j|\u2606wooloo supremacy\n|j|\u2606Minimimik\n|t:|1699844465\n|gametype|singles\n|player|p1|wooloo supremacy|adaman|\n|player|p2|Minimimik|n|\n|teamsize|p1|6\n|teamsize|p2|6\n|gen|9\n|tier|[Gen 9] OU\n|rule|Sleep Clause Mod: Limit one foe put to sleep\n|rule|Species Clause: Limit one of each Pok\u00e9mon\n|rule|OHKO Clause: OHKO moves are banned\n|rule|Evasion Items Clause: Evasion items are banned\n|rule|Evasion Moves Clause: Evasion moves are banned\n|rule|Endless Battle Clause: Forcing endless battles is banned\n|rule|HP Percentage Mod: HP is shown in percentages\n|clearpoke\n|poke|p1|Great Tusk|\n|poke|p1|Hatterene, F|\n|poke|p1|Dondozo, M|\n|poke|p1|Mandibuzz, F|\n|poke|p1|Heatran, F|\n|poke|p1|Dragapult, F|\n|poke|p2|Clefable, M|\n|poke|p2|Alomomola, F|\n|poke|p2|Blissey, F|\n|poke|p2|Clodsire, M|\n|poke|p2|Dondozo, F|\n|poke|p2|Amoonguss, M|\n|teampreview\n|inactive|Battle timer is ON: inactive players will automatically lose when time's up. (requested by wooloo supremacy)\n|c|\u2606Minimimik|I dont think ive seen a team like that\n|c|\u2606wooloo supremacy|nahh u really brought the hv stall in a friendly\n|inactive|wooloo supremacy has 270 seconds left.\n|\n|t:|1699844501\n|start\n|switch|p1a: Dragapult|Dragapult, F|100\/100\n|switch|p2a: Clefable|Clefable, M|100\/100\n|turn|1\n|\n|t:|1699844506\n|move|p1a: Dragapult|U-turn|p2a: Clefable\n|-resisted|p2a: Clefable\n|-crit|p2a: Clefable\n|-damage|p2a: Clefable|92\/100\n|\n|t:|1699844512\n|switch|p1a: Heatran|Heatran, F|100\/100|[from] U-turn\n|move|p2a: Clefable|Knock Off|p1a: Heatran\n|-damage|p1a: Heatran|88\/100\n|-enditem|p1a: Heatran|Leftovers|[from] move: Knock Off|[of] p2a: Clefable\n|\n|-heal|p2a: Clefable|98\/100|[from] item: Leftovers\n|upkeep\n|turn|2\n|\n|t:|1699844526\n|move|p2a: Clefable|Protect|p2a: Clefable\n|-singleturn|p2a: Clefable|Protect\n|move|p1a: Heatran|Magma Storm|p2a: Clefable\n|-activate|p2a: Clefable|move: Protect\n|\n|-heal|p2a: Clefable|100\/100|[from] item: Leftovers\n|upkeep\n|turn|3\n|\n|t:|1699844535\n|switch|p2a: Alomomola|Alomomola, F|100\/100\n|move|p1a: Heatran|Magma Storm|p2a: Alomomola\n|-resisted|p2a: Alomomola\n|-crit|p2a: Alomomola\n|-damage|p2a: Alomomola|64\/100\n|-activate|p2a: Alomomola|move: Magma Storm|[of] p1a: Heatran\n|\n|-damage|p2a: Alomomola|52\/100|[from] move: Magma Storm|[partiallytrapped]\n|upkeep\n|turn|4\n|\n|t:|1699844539\n|move|p1a: Heatran|Protect|p1a: Heatran\n|-singleturn|p1a: Heatran|Protect\n|move|p2a: Alomomola|Flip Turn|p1a: Heatran\n|-activate|p1a: Heatran|move: Protect\n|\n|-damage|p2a: Alomomola|39\/100|[from] move: Magma Storm|[partiallytrapped]\n|upkeep\n|turn|5\n|\n|t:|1699844552\n|move|p1a: Heatran|Protect|p1a: Heatran\n|-singleturn|p1a: Heatran|Protect\n|move|p2a: Alomomola|Flip Turn|p1a: Heatran\n|-activate|p1a: Heatran|move: Protect\n|\n|-damage|p2a: Alomomola|27\/100|[from] move: Magma Storm|[partiallytrapped]\n|upkeep\n|turn|6\n|\n|t:|1699844558\n|move|p1a: Heatran|Earth Power|p2a: Alomomola\n|-damage|p2a: Alomomola|0 fnt\n|faint|p2a: Alomomola\n|\n|upkeep\n|c|\u2606Minimimik|Dsmn\n|\n|t:|1699844575\n|switch|p2a: Dondozo|Dondozo, F|100\/100\n|turn|7\n|c|\u2606wooloo supremacy|can you bring balance or offense next game\n|c|\u2606wooloo supremacy|can't rlly help if ur playing stall tbh\n|inactive|wooloo supremacy has 270 seconds left.\n|c|\u2606Minimimik|Yea lol\n|\n|t:|1699844608\n|switch|p1a: Mandibuzz|Mandibuzz, F|100\/100\n|move|p2a: Dondozo|Waterfall|p1a: Mandibuzz\n|-damage|p1a: Mandibuzz|85\/100\n|\n|upkeep\n|turn|8\n|c|\u2606Minimimik|i dont have a balance or offense team i dont think\n|c|\u2606Minimimik|not post scor ban\n|c|\u2606wooloo supremacy|wtf\n|c|\u2606Minimimik|i have an HO team ig\n|\n|t:|1699844630\n|switch|p2a: Clefable|Clefable, M|100\/100\n|move|p1a: Mandibuzz|U-turn|p2a: Clefable\n|-resisted|p2a: Clefable\n|-damage|p2a: Clefable|96\/100\n|c|\u2606wooloo supremacy|are you exclusively a stall bro\n|c|\u2606wooloo supremacy|ho works asw\n|\n|t:|1699844643\n|switch|p1a: Heatran|Heatran, F|88\/100|[from] U-turn\n|\n|-heal|p2a: Clefable|100\/100|[from] item: Leftovers\n|upkeep\n|turn|9\n|c|\u2606Minimimik|Honestly either stall or HO\n|c|\u2606Minimimik|I\u2019m not great at building any other type of team really\n|inactive|Minimimik has 270 seconds left.\n|\n|t:|1699844669\n|move|p2a: Clefable|Protect|p2a: Clefable\n|-singleturn|p2a: Clefable|Protect\n|move|p1a: Heatran|Taunt|p2a: Clefable\n|-activate|p2a: Clefable|move: Protect\n|\n|upkeep\n|turn|10\n|\n|t:|1699844681\n|switch|p1a: Great Tusk|Great Tusk|100\/100\n|switch|p2a: Dondozo|Dondozo, F|100\/100\n|\n|upkeep\n|turn|11\n|\n|t:|1699844689\n|-end|p1a: Great Tusk|Protosynthesis|[silent]\n|switch|p1a: Mandibuzz|Mandibuzz, F|85\/100\n|switch|p2a: Clefable|Clefable, M|100\/100\n|\n|upkeep\n|turn|12\n|\n|t:|1699844694\n|move|p1a: Mandibuzz|U-turn|p2a: Clefable\n|-resisted|p2a: Clefable\n|-damage|p2a: Clefable|96\/100\n|\n|t:|1699844697\n|switch|p1a: Heatran|Heatran, F|88\/100|[from] U-turn\n|move|p2a: Clefable|Moonblast|p1a: Heatran\n|-resisted|p1a: Heatran\n|-damage|p1a: Heatran|83\/100\n|-unboost|p1a: Heatran|spa|1\n|\n|-heal|p2a: Clefable|100\/100|[from] item: Leftovers\n|upkeep\n|turn|13\n|\n|t:|1699844704\n|switch|p2a: Clodsire|Clodsire, M|100\/100\n|move|p1a: Heatran|Magma Storm|p2a: Clodsire\n|-damage|p2a: Clodsire|78\/100\n|-activate|p2a: Clodsire|move: Magma Storm|[of] p1a: Heatran\n|\n|-damage|p2a: Clodsire|65\/100|[from] move: Magma Storm|[partiallytrapped]\n|upkeep\n|turn|14\n|\n|t:|1699844712\n|move|p1a: Heatran|Taunt|p2a: Clodsire\n|-start|p2a: Clodsire|move: Taunt\n|cant|p2a: Clodsire|move: Taunt|Spikes\n|\n|-damage|p2a: Clodsire|53\/100|[from] move: Magma Storm|[partiallytrapped]\n|upkeep\n|turn|15\n|\n|t:|1699844717\n|move|p1a: Heatran|Protect|p1a: Heatran\n|-singleturn|p1a: Heatran|Protect\n|move|p2a: Clodsire|Poison Jab|p1a: Heatran\n|-activate|p1a: Heatran|move: Protect\n|\n|-damage|p2a: Clodsire|41\/100|[from] move: Magma Storm|[partiallytrapped]\n|upkeep\n|turn|16\n|c|\u2606Minimimik|Yea this set actually cant do shit v tran\n|\n|t:|1699844730\n|move|p1a: Heatran|Earth Power|p2a: Clodsire\n|-supereffective|p2a: Clodsire\n|-damage|p2a: Clodsire|12\/100\n|move|p2a: Clodsire|Poison Jab|p1a: Heatran\n|-immune|p1a: Heatran\n|\n|-damage|p2a: Clodsire|0 fnt|[from] move: Magma Storm|[partiallytrapped]\n|faint|p2a: Clodsire\n|upkeep\n|\n|t:|1699844739\n|switch|p2a: Blissey|Blissey, F|100\/100\n|turn|17\n|\n|t:|1699844746\n|switch|p1a: Dragapult|Dragapult, F|100\/100\n|move|p2a: Blissey|Seismic Toss|p1a: Dragapult\n|-immune|p1a: Dragapult\n|\n|upkeep\n|turn|18\n|\n|t:|1699844750\n|move|p2a: Blissey|Protect|p2a: Blissey\n|-singleturn|p2a: Blissey|Protect\n|move|p1a: Dragapult|U-turn|p2a: Blissey\n|-activate|p2a: Blissey|move: Protect\n|\n|upkeep\n|turn|19\n|\n|t:|1699844754\n|move|p1a: Dragapult|U-turn|p2a: Blissey\n|-damage|p2a: Blissey|70\/100\n|\n|t:|1699844759\n|switch|p1a: Mandibuzz|Mandibuzz, F|85\/100|[from] U-turn\n|move|p2a: Blissey|Stealth Rock|p1a: Mandibuzz\n|-sidestart|p1: wooloo supremacy|move: Stealth Rock\n|\n|upkeep\n|turn|20\n|\n|t:|1699844764\n|move|p1a: Mandibuzz|Defog|p2a: Blissey\n|-unboost|p2a: Blissey|evasion|1\n|-sideend|p1: wooloo supremacy|Stealth Rock|[from] move: Defog|[of] p1a: Mandibuzz\n|move|p2a: Blissey|Seismic Toss|p1a: Mandibuzz\n|-damage|p1a: Mandibuzz|61\/100\n|\n|upkeep\n|turn|21\n|\n|t:|1699844769\n|move|p1a: Mandibuzz|U-turn|p2a: Blissey\n|-damage|p2a: Blissey|47\/100\n|\n|t:|1699844772\n|switch|p1a: Great Tusk|Great Tusk|100\/100|[from] U-turn\n|move|p2a: Blissey|Stealth Rock|p1a: Great Tusk\n|-sidestart|p1: wooloo supremacy|move: Stealth Rock\n|\n|upkeep\n|turn|22\n|\n|t:|1699844777\n|switch|p2a: Clefable|Clefable, M|100\/100\n|move|p1a: Great Tusk|Close Combat|p2a: Clefable\n|-resisted|p2a: Clefable\n|-damage|p2a: Clefable|66\/100\n|-unboost|p1a: Great Tusk|def|1\n|-unboost|p1a: Great Tusk|spd|1\n|\n|-heal|p2a: Clefable|72\/100|[from] item: Leftovers\n|upkeep\n|turn|23\n|\n|t:|1699844784\n|-end|p1a: Great Tusk|Protosynthesis|[silent]\n|switch|p1a: Heatran|Heatran, F|83\/100\n|-damage|p1a: Heatran|71\/100|[from] Stealth Rock\n|move|p2a: Clefable|Wish|p2a: Clefable\n|\n|-heal|p2a: Clefable|78\/100|[from] item: Leftovers\n|upkeep\n|turn|24\n|\n|t:|1699844791\n|switch|p2a: Blissey|Blissey, F|47\/100\n|move|p1a: Heatran|Taunt|p2a: Blissey\n|-start|p2a: Blissey|move: Taunt\n|\n|-heal|p2a: Blissey|75\/100|[from] move: Wish|[wisher] Clefable\n|upkeep\n|turn|25\n|\n|t:|1699844795\n|switch|p1a: Mandibuzz|Mandibuzz, F|61\/100\n|move|p2a: Blissey|Seismic Toss|p1a: Mandibuzz\n|-damage|p1a: Mandibuzz|38\/100\n|\n|upkeep\n|turn|26\n|\n|t:|1699844800\n|move|p1a: Mandibuzz|Defog|p2a: Blissey\n|-unboost|p2a: Blissey|evasion|1\n|-sideend|p1: wooloo supremacy|Stealth Rock|[from] move: Defog|[of] p1a: Mandibuzz\n|move|p2a: Blissey|Seismic Toss|p1a: Mandibuzz\n|-damage|p1a: Mandibuzz|14\/100\n|\n|-end|p2a: Blissey|move: Taunt\n|upkeep\n|turn|27\n|\n|t:|1699844805\n|move|p1a: Mandibuzz|Roost|p1a: Mandibuzz\n|-heal|p1a: Mandibuzz|64\/100\n|-singleturn|p1a: Mandibuzz|move: Roost\n|move|p2a: Blissey|Stealth Rock|p1a: Mandibuzz\n|-sidestart|p1: wooloo supremacy|move: Stealth Rock\n|\n|upkeep\n|turn|28\n|\n|t:|1699844812\n|switch|p2a: Clefable|Clefable, M|78\/100\n|move|p1a: Mandibuzz|Defog|p2a: Clefable\n|-unboost|p2a: Clefable|evasion|1\n|-sideend|p1: wooloo supremacy|Stealth Rock|[from] move: Defog|[of] p1a: Mandibuzz\n|\n|-heal|p2a: Clefable|85\/100|[from] item: Leftovers\n|upkeep\n|turn|29\n|\n|t:|1699844817\n|switch|p2a: Blissey|Blissey, F|75\/100\n|move|p1a: Mandibuzz|U-turn|p2a: Blissey\n|-damage|p2a: Blissey|52\/100\n|\n|t:|1699844821\n|switch|p1a: Dragapult|Dragapult, F|100\/100|[from] U-turn\n|\n|upkeep\n|turn|30\n|\n|t:|1699844828\n|move|p1a: Dragapult|U-turn|p2a: Blissey\n|-damage|p2a: Blissey|19\/100\n|\n|t:|1699844832\n|switch|p1a: Great Tusk|Great Tusk|100\/100|[from] U-turn\n|move|p2a: Blissey|Soft-Boiled|p2a: Blissey\n|-heal|p2a: Blissey|69\/100\n|\n|upkeep\n|turn|31\n|\n|t:|1699844837\n|switch|p2a: Amoonguss|Amoonguss, M|100\/100\n|move|p1a: Great Tusk|Headlong Rush|p2a: Amoonguss\n|-damage|p2a: Amoonguss|33\/100\n|-unboost|p1a: Great Tusk|def|1\n|-unboost|p1a: Great Tusk|spd|1\n|\n|upkeep\n|turn|32\n|\n|t:|1699844846\n|-terastallize|p2a: Amoonguss|Flying\n|move|p1a: Great Tusk|Headlong Rush|p2a: Amoonguss\n|-immune|p2a: Amoonguss\n|move|p2a: Amoonguss|Giga Drain|p1a: Great Tusk\n|-supereffective|p1a: Great Tusk\n|-damage|p1a: Great Tusk|0 fnt\n|-heal|p2a: Amoonguss|77\/100|[from] drain|[of] p1a: Great Tusk\n|faint|p1a: Great Tusk\n|-end|p1a: Great Tusk|Protosynthesis|[silent]\n|\n|upkeep\n|\n|t:|1699844852\n|switch|p1a: Heatran|Heatran, F|71\/100\n|turn|33\n|\n|t:|1699844858\n|move|p1a: Heatran|Magma Storm|p2a: Amoonguss\n|-damage|p2a: Amoonguss|35\/100\n|-activate|p2a: Amoonguss|move: Magma Storm|[of] p1a: Heatran\n|move|p2a: Amoonguss|Spore|p1a: Heatran\n|-status|p1a: Heatran|slp|[from] move: Spore\n|\n|-damage|p2a: Amoonguss|22\/100|[from] move: Magma Storm|[partiallytrapped]\n|upkeep\n|turn|34\n|\n|t:|1699844862\n|cant|p1a: Heatran|slp\n|move|p2a: Amoonguss|Foul Play|p1a: Heatran\n|-damage|p1a: Heatran|57\/100 slp\n|-status|p2a: Amoonguss|brn|[from] ability: Flame Body|[of] p1a: Heatran\n|\n|-damage|p2a: Amoonguss|16\/100 brn|[from] brn\n|-damage|p2a: Amoonguss|4\/100 brn|[from] move: Magma Storm|[partiallytrapped]\n|upkeep\n|turn|35\n|\n|t:|1699844871\n|cant|p1a: Heatran|slp\n|move|p2a: Amoonguss|Foul Play|p1a: Heatran\n|-damage|p1a: Heatran|50\/100 slp\n|\n|-damage|p2a: Amoonguss|0 fnt|[from] brn\n|faint|p2a: Amoonguss\n|upkeep\n|\n|t:|1699844874\n|switch|p2a: Dondozo|Dondozo, F|100\/100\n|turn|36\n|\n|t:|1699844879\n|switch|p1a: Dragapult|Dragapult, F|100\/100\n|move|p2a: Dondozo|Waterfall|p1a: Dragapult\n|-resisted|p1a: Dragapult\n|-damage|p1a: Dragapult|82\/100\n|\n|upkeep\n|turn|37\n|\n|t:|1699844888\n|move|p1a: Dragapult|U-turn|p2a: Dondozo\n|-damage|p2a: Dondozo|93\/100\n|\n|t:|1699844892\n|switch|p1a: Hatterene|Hatterene, F|100\/100|[from] U-turn\n|move|p2a: Dondozo|Rest|p2a: Dondozo\n|-status|p2a: Dondozo|slp|[from] move: Rest\n|-heal|p2a: Dondozo|100\/100 slp|[silent]\n|\n|upkeep\n|turn|38\n|\n|t:|1699844897\n|switch|p2a: Blissey|Blissey, F|69\/100\n|move|p1a: Hatterene|Calm Mind|p1a: Hatterene\n|-boost|p1a: Hatterene|spa|1\n|-boost|p1a: Hatterene|spd|1\n|\n|upkeep\n|turn|39\n|\n|t:|1699844901\n|move|p2a: Blissey|Seismic Toss|p1a: Hatterene\n|-damage|p1a: Hatterene|69\/100\n|move|p1a: Hatterene|Calm Mind|p1a: Hatterene\n|-boost|p1a: Hatterene|spa|1\n|-boost|p1a: Hatterene|spd|1\n|\n|-heal|p1a: Hatterene|75\/100|[from] item: Leftovers\n|upkeep\n|turn|40\n|\n|t:|1699844906\n|move|p2a: Blissey|Seismic Toss|p1a: Hatterene\n|-damage|p1a: Hatterene|44\/100\n|move|p1a: Hatterene|Nuzzle|p2a: Blissey\n|-damage|p2a: Blissey|62\/100\n|-status|p2a: Blissey|par\n|\n|-heal|p1a: Hatterene|50\/100|[from] item: Leftovers\n|upkeep\n|turn|41\n|\n|t:|1699844909\n|move|p1a: Hatterene|Draining Kiss|p2a: Blissey\n|-damage|p2a: Blissey|50\/100 par\n|-heal|p1a: Hatterene|71\/100|[from] drain|[of] p2a: Blissey\n|move|p2a: Blissey|Seismic Toss|p1a: Hatterene\n|-damage|p1a: Hatterene|39\/100\n|\n|-heal|p1a: Hatterene|45\/100|[from] item: Leftovers\n|upkeep\n|turn|42\n|\n|t:|1699844915\n|move|p1a: Hatterene|Psyshock|p2a: Blissey\n|-damage|p2a: Blissey|0 fnt\n|faint|p2a: Blissey\n|\n|-heal|p1a: Hatterene|51\/100|[from] item: Leftovers\n|upkeep\n|c|\u2606wooloo supremacy|gg\n|c|\u2606Minimimik|Yea\n|\n|t:|1699844931\n|switch|p2a: Clefable|Clefable, M|85\/100\n|turn|43\n|-message|Minimimik forfeited.\n|\n|win|wooloo supremacy\n","uploadtime":1699844939,"views":25,"p1id":"wooloosupremacy","p2id":"minimimik","formatid":"gen9ou","rating":0,"private":0,"password":""}