{"id":"gen9ou-1994847100","p1":"hjnjn","p2":"thomaz_74","format":"[Gen 9] OU","log":"|j|\u2606hjnjn\n|j|\u2606thomaz_74\n|t:|1700498232\n|gametype|singles\n|player|p1|hjnjn|170|1000\n|player|p2|thomaz_74|nate|1056\n|teamsize|p1|6\n|teamsize|p2|6\n|gen|9\n|tier|[Gen 9] OU\n|rated|\n|rule|Sleep Clause Mod: Limit one foe put to sleep\n|rule|Species Clause: Limit one of each Pok\u00e9mon\n|rule|OHKO Clause: OHKO moves are banned\n|rule|Evasion Items Clause: Evasion items are banned\n|rule|Evasion Moves Clause: Evasion moves are banned\n|rule|Endless Battle Clause: Forcing endless battles is banned\n|rule|HP Percentage Mod: HP is shown in percentages\n|clearpoke\n|poke|p1|Ninetales-Alola, F|\n|poke|p1|Great Tusk|\n|poke|p1|Hatterene, F|\n|poke|p1|Iron Moth|\n|poke|p1|Zamazenta-*|\n|poke|p1|Dragonite, M|\n|poke|p2|Zapdos|\n|poke|p2|Garchomp, F|\n|poke|p2|Meowscarada, M|\n|poke|p2|Milotic, F|\n|poke|p2|Mandibuzz, F|\n|poke|p2|Heatran, F|\n|teampreview\n|inactive|Battle timer is ON: inactive players will automatically lose when time's up. (requested by thomaz_74)\n|\n|t:|1700498243\n|start\n|switch|p1a: Zamazenta|Zamazenta|100\/100\n|switch|p2a: Heatran|Heatran, F|100\/100\n|-ability|p1a: Zamazenta|Dauntless Shield|boost\n|-boost|p1a: Zamazenta|def|1\n|turn|1\n|\n|t:|1700498251\n|move|p1a: Zamazenta|Substitute|p1a: Zamazenta\n|-start|p1a: Zamazenta|Substitute\n|-damage|p1a: Zamazenta|75\/100\n|move|p2a: Heatran|Will-O-Wisp||[still]\n|-fail|p2a: Heatran\n|\n|-heal|p1a: Zamazenta|82\/100|[from] item: Leftovers\n|upkeep\n|turn|2\n|\n|t:|1700498258\n|switch|p2a: Zapdos|Zapdos|100\/100\n|move|p1a: Zamazenta|Iron Defense|p1a: Zamazenta\n|-boost|p1a: Zamazenta|def|2\n|\n|-heal|p1a: Zamazenta|88\/100|[from] item: Leftovers\n|upkeep\n|turn|3\n|\n|t:|1700498265\n|move|p1a: Zamazenta|Body Press|p2a: Zapdos\n|-resisted|p2a: Zapdos\n|-damage|p2a: Zapdos|73\/100\n|-damage|p1a: Zamazenta|71\/100|[from] item: Rocky Helmet|[of] p2a: Zapdos\n|move|p2a: Zapdos|Discharge|p1a: Zamazenta\n|-end|p1a: Zamazenta|Substitute\n|\n|-heal|p1a: Zamazenta|78\/100|[from] item: Leftovers\n|upkeep\n|turn|4\n|inactive|hjnjn has 120 seconds left.\n|\n|t:|1700498314\n|switch|p1a: Ninetales|Ninetales-Alola, F|100\/100\n|-weather|Snow|[from] ability: Snow Warning|[of] p1a: Ninetales\n|move|p2a: Zapdos|Discharge|p1a: Ninetales\n|-damage|p1a: Ninetales|66\/100\n|-status|p1a: Ninetales|par\n|\n|-weather|Snow|[upkeep]\n|upkeep\n|turn|5\n|\n|t:|1700498320\n|move|p2a: Zapdos|Heat Wave|p1a: Ninetales\n|-supereffective|p1a: Ninetales\n|-damage|p1a: Ninetales|17\/100 par\n|move|p1a: Ninetales|Aurora Veil|p1a: Ninetales\n|-sidestart|p1: hjnjn|move: Aurora Veil\n|\n|-weather|Snow|[upkeep]\n|upkeep\n|turn|6\n|inactive|hjnjn has 120 seconds left.\n|\n|t:|1700498334\n|switch|p1a: Hatterene|Hatterene, F|100\/100\n|move|p2a: Zapdos|Heat Wave|p1a: Hatterene|[miss]\n|-miss|p2a: Zapdos|p1a: Hatterene\n|\n|-weather|Snow|[upkeep]\n|upkeep\n|turn|7\n|\n|t:|1700498339\n|move|p2a: Zapdos|Volt Switch|p1a: Hatterene\n|-damage|p1a: Hatterene|86\/100\n|\n|t:|1700498346\n|switch|p2a: Mandibuzz|Mandibuzz, F|100\/100|[from] Volt Switch\n|move|p1a: Hatterene|Calm Mind|p1a: Hatterene\n|-boost|p1a: Hatterene|spa|1\n|-boost|p1a: Hatterene|spd|1\n|\n|-weather|Snow|[upkeep]\n|-heal|p1a: Hatterene|92\/100|[from] item: Leftovers\n|upkeep\n|turn|8\n|\n|t:|1700498351\n|move|p2a: Mandibuzz|Defog|p1a: Hatterene\n|move|p1a: Hatterene|Defog|p2a: Mandibuzz|[from]ability: Magic Bounce\n|-unboost|p2a: Mandibuzz|evasion|1\n|move|p1a: Hatterene|Calm Mind|p1a: Hatterene\n|-boost|p1a: Hatterene|spa|1\n|-boost|p1a: Hatterene|spd|1\n|\n|-weather|none\n|-heal|p1a: Hatterene|98\/100|[from] item: Leftovers\n|upkeep\n|turn|9\n|\n|t:|1700498360\n|switch|p2a: Milotic|Milotic, F|100\/100\n|move|p1a: Hatterene|Calm Mind|p1a: Hatterene\n|-boost|p1a: Hatterene|spa|1\n|-boost|p1a: Hatterene|spd|1\n|\n|-heal|p1a: Hatterene|100\/100|[from] item: Leftovers\n|-status|p2a: Milotic|brn|[from] item: Flame Orb\n|upkeep\n|turn|10\n|\n|t:|1700498368\n|move|p2a: Milotic|Haze|p2a: Milotic\n|-clearallboost\n|move|p1a: Hatterene|Psyshock|p2a: Milotic\n|-damage|p2a: Milotic|74\/100 brn\n|\n|-damage|p2a: Milotic|68\/100 brn|[from] brn\n|upkeep\n|turn|11\n|\n|t:|1700498385\n|move|p2a: Milotic|Scald|p1a: Hatterene\n|-damage|p1a: Hatterene|86\/100\n|-status|p1a: Hatterene|brn\n|move|p1a: Hatterene|Calm Mind|p1a: Hatterene\n|-boost|p1a: Hatterene|spa|1\n|-boost|p1a: Hatterene|spd|1\n|\n|-heal|p1a: Hatterene|92\/100 brn|[from] item: Leftovers\n|-damage|p2a: Milotic|61\/100 brn|[from] brn\n|-damage|p1a: Hatterene|86\/100 brn|[from] brn\n|upkeep\n|turn|12\n|\n|t:|1700498393\n|move|p2a: Milotic|Haze|p2a: Milotic\n|-clearallboost\n|move|p1a: Hatterene|Psyshock|p2a: Milotic\n|-damage|p2a: Milotic|38\/100 brn\n|\n|-heal|p1a: Hatterene|92\/100 brn|[from] item: Leftovers\n|-damage|p2a: Milotic|32\/100 brn|[from] brn\n|-damage|p1a: Hatterene|86\/100 brn|[from] brn\n|-sideend|p1: hjnjn|move: Aurora Veil\n|upkeep\n|turn|13\n|\n|t:|1700498402\n|move|p2a: Milotic|Recover|p2a: Milotic\n|-heal|p2a: Milotic|82\/100 brn\n|move|p1a: Hatterene|Calm Mind|p1a: Hatterene\n|-boost|p1a: Hatterene|spa|1\n|-boost|p1a: Hatterene|spd|1\n|\n|-heal|p1a: Hatterene|92\/100 brn|[from] item: Leftovers\n|-damage|p2a: Milotic|76\/100 brn|[from] brn\n|-damage|p1a: Hatterene|86\/100 brn|[from] brn\n|upkeep\n|turn|14\n|\n|t:|1700498407\n|move|p2a: Milotic|Haze|p2a: Milotic\n|-clearallboost\n|move|p1a: Hatterene|Psyshock|p2a: Milotic\n|-damage|p2a: Milotic|51\/100 brn\n|\n|-heal|p1a: Hatterene|92\/100 brn|[from] item: Leftovers\n|-damage|p2a: Milotic|45\/100 brn|[from] brn\n|-damage|p1a: Hatterene|86\/100 brn|[from] brn\n|upkeep\n|turn|15\n|\n|t:|1700498415\n|move|p2a: Milotic|Recover|p2a: Milotic\n|-heal|p2a: Milotic|95\/100 brn\n|move|p1a: Hatterene|Psyshock|p2a: Milotic\n|-damage|p2a: Milotic|71\/100 brn\n|\n|-heal|p1a: Hatterene|92\/100 brn|[from] item: Leftovers\n|-damage|p2a: Milotic|65\/100 brn|[from] brn\n|-damage|p1a: Hatterene|86\/100 brn|[from] brn\n|upkeep\n|turn|16\n|\n|t:|1700498430\n|move|p2a: Milotic|Scald|p1a: Hatterene\n|-damage|p1a: Hatterene|57\/100 brn\n|move|p1a: Hatterene|Calm Mind|p1a: Hatterene\n|-boost|p1a: Hatterene|spa|1\n|-boost|p1a: Hatterene|spd|1\n|\n|-heal|p1a: Hatterene|63\/100 brn|[from] item: Leftovers\n|-damage|p2a: Milotic|59\/100 brn|[from] brn\n|-damage|p1a: Hatterene|57\/100 brn|[from] brn\n|upkeep\n|turn|17\n|\n|t:|1700498435\n|move|p2a: Milotic|Haze|p2a: Milotic\n|-clearallboost\n|move|p1a: Hatterene|Draining Kiss|p2a: Milotic\n|-damage|p2a: Milotic|46\/100 brn\n|-heal|p1a: Hatterene|69\/100 brn|[from] drain|[of] p2a: Milotic\n|\n|-heal|p1a: Hatterene|75\/100 brn|[from] item: Leftovers\n|-damage|p2a: Milotic|40\/100 brn|[from] brn\n|-damage|p1a: Hatterene|69\/100 brn|[from] brn\n|upkeep\n|turn|18\n|\n|t:|1700498445\n|move|p2a: Milotic|Recover|p2a: Milotic\n|-heal|p2a: Milotic|90\/100 brn\n|move|p1a: Hatterene|Psyshock|p2a: Milotic\n|-damage|p2a: Milotic|63\/100 brn\n|\n|-heal|p1a: Hatterene|75\/100 brn|[from] item: Leftovers\n|-damage|p2a: Milotic|57\/100 brn|[from] brn\n|-damage|p1a: Hatterene|69\/100 brn|[from] brn\n|upkeep\n|turn|19\n|\n|t:|1700498453\n|move|p2a: Milotic|Flip Turn|p1a: Hatterene\n|-damage|p1a: Hatterene|63\/100 brn\n|\n|t:|1700498457\n|switch|p2a: Meowscarada|Meowscarada, M|100\/100|[from] Flip Turn\n|move|p1a: Hatterene|Draining Kiss|p2a: Meowscarada\n|-supereffective|p2a: Meowscarada\n|-damage|p2a: Meowscarada|33\/100\n|-heal|p1a: Hatterene|100\/100 brn|[from] drain|[of] p2a: Meowscarada\n|\n|-damage|p1a: Hatterene|95\/100 brn|[from] brn\n|upkeep\n|turn|20\n|\n|t:|1700498469\n|move|p2a: Meowscarada|Knock Off|p1a: Hatterene\n|-start|p2a: Meowscarada|typechange|Dark|[from] ability: Protean\n|-damage|p1a: Hatterene|58\/100 brn\n|-enditem|p1a: Hatterene|Leftovers|[from] move: Knock Off|[of] p2a: Meowscarada\n|move|p1a: Hatterene|Draining Kiss|p2a: Meowscarada\n|-supereffective|p2a: Meowscarada\n|-damage|p2a: Meowscarada|0 fnt\n|-heal|p1a: Hatterene|80\/100 brn|[from] drain|[of] p2a: Meowscarada\n|faint|p2a: Meowscarada\n|\n|-damage|p1a: Hatterene|74\/100 brn|[from] brn\n|upkeep\n|\n|t:|1700498482\n|switch|p2a: Heatran|Heatran, F|100\/100\n|turn|21\n|inactive|hjnjn has 120 seconds left.\n|\n|t:|1700498515\n|switch|p1a: Zamazenta|Zamazenta|78\/100\n|move|p2a: Heatran|Flash Cannon|p1a: Zamazenta\n|-damage|p1a: Zamazenta|51\/100\n|\n|-heal|p1a: Zamazenta|57\/100|[from] item: Leftovers\n|upkeep\n|turn|22\n|\n|t:|1700498523\n|move|p1a: Zamazenta|Body Press|p2a: Heatran\n|-supereffective|p2a: Heatran\n|-damage|p2a: Heatran|46\/100\n|move|p2a: Heatran|Flamethrower|p1a: Zamazenta\n|-damage|p1a: Zamazenta|29\/100\n|-status|p1a: Zamazenta|brn\n|\n|-heal|p1a: Zamazenta|35\/100 brn|[from] item: Leftovers\n|-heal|p2a: Heatran|52\/100|[from] item: Leftovers\n|-damage|p1a: Zamazenta|29\/100 brn|[from] brn\n|upkeep\n|turn|23\n|\n|t:|1700498549\n|switch|p2a: Zapdos|Zapdos|73\/100\n|move|p1a: Zamazenta|Crunch|p2a: Zapdos\n|-damage|p2a: Zapdos|65\/100\n|-damage|p1a: Zamazenta|13\/100 brn|[from] item: Rocky Helmet|[of] p2a: Zapdos\n|\n|-heal|p1a: Zamazenta|19\/100 brn|[from] item: Leftovers\n|-damage|p1a: Zamazenta|13\/100 brn|[from] brn\n|upkeep\n|turn|24\n|\n|t:|1700498558\n|move|p1a: Zamazenta|Body Press|p2a: Zapdos\n|-resisted|p2a: Zapdos\n|-damage|p2a: Zapdos|59\/100\n|-damage|p1a: Zamazenta|0 fnt|[from] item: Rocky Helmet|[of] p2a: Zapdos\n|faint|p1a: Zamazenta\n|move|p2a: Zapdos|Volt Switch|p1: Zamazenta|[notarget]\n|-fail|p2a: Zapdos\n|\n|upkeep\n|\n|t:|1700498561\n|switch|p1a: Hatterene|Hatterene, F|74\/100 brn\n|turn|25\n|\n|t:|1700498566\n|move|p2a: Zapdos|Volt Switch|p1a: Hatterene\n|-damage|p1a: Hatterene|44\/100 brn\n|\n|t:|1700498570\n|switch|p2a: Heatran|Heatran, F|52\/100|[from] Volt Switch\n|move|p1a: Hatterene|Calm Mind|p1a: Hatterene\n|-boost|p1a: Hatterene|spa|1\n|-boost|p1a: Hatterene|spd|1\n|\n|-heal|p2a: Heatran|58\/100|[from] item: Leftovers\n|-damage|p1a: Hatterene|38\/100 brn|[from] brn\n|upkeep\n|turn|26\n|\n|t:|1700498578\n|-terastallize|p1a: Hatterene|Water\n|move|p2a: Heatran|Flash Cannon|p1a: Hatterene\n|-resisted|p1a: Hatterene\n|-damage|p1a: Hatterene|25\/100 brn\n|move|p1a: Hatterene|Calm Mind|p1a: Hatterene\n|-boost|p1a: Hatterene|spa|1\n|-boost|p1a: Hatterene|spd|1\n|\n|-heal|p2a: Heatran|64\/100|[from] item: Leftovers\n|-damage|p1a: Hatterene|19\/100 brn|[from] brn\n|upkeep\n|turn|27\n|\n|t:|1700498593\n|move|p2a: Heatran|Flash Cannon|p1a: Hatterene\n|-resisted|p1a: Hatterene\n|-damage|p1a: Hatterene|10\/100 brn\n|-unboost|p1a: Hatterene|spd|1\n|move|p1a: Hatterene|Psyshock|p2a: Heatran\n|-resisted|p2a: Heatran\n|-damage|p2a: Heatran|36\/100\n|\n|-heal|p2a: Heatran|42\/100|[from] item: Leftovers\n|-damage|p1a: Hatterene|4\/100 brn|[from] brn\n|upkeep\n|turn|28\n|\n|t:|1700498604\n|move|p2a: Heatran|Flash Cannon|p1a: Hatterene\n|-resisted|p1a: Hatterene\n|-damage|p1a: Hatterene|0 fnt\n|faint|p1a: Hatterene\n|\n|-heal|p2a: Heatran|49\/100|[from] item: Leftovers\n|upkeep\n|\n|t:|1700498607\n|switch|p1a: Great Tusk|Great Tusk|100\/100\n|-enditem|p1a: Great Tusk|Booster Energy\n|-activate|p1a: Great Tusk|ability: Protosynthesis|[fromitem]\n|-start|p1a: Great Tusk|protosynthesisspe\n|turn|29\n|\n|t:|1700498622\n|switch|p2a: Mandibuzz|Mandibuzz, F|100\/100\n|move|p1a: Great Tusk|Close Combat|p2a: Mandibuzz\n|-damage|p2a: Mandibuzz|71\/100\n|-unboost|p1a: Great Tusk|def|1\n|-unboost|p1a: Great Tusk|spd|1\n|\n|upkeep\n|turn|30\n|\n|t:|1700498631\n|move|p1a: Great Tusk|Bulk Up|p1a: Great Tusk\n|-boost|p1a: Great Tusk|atk|1\n|-boost|p1a: Great Tusk|def|1\n|move|p2a: Mandibuzz|Toxic|p1a: Great Tusk\n|-status|p1a: Great Tusk|tox\n|\n|-damage|p1a: Great Tusk|94\/100 tox|[from] psn\n|upkeep\n|turn|31\n|\n|t:|1700498640\n|switch|p2a: Milotic|Milotic, F|57\/100 brn\n|move|p1a: Great Tusk|Bulk Up|p1a: Great Tusk\n|-boost|p1a: Great Tusk|atk|1\n|-boost|p1a: Great Tusk|def|1\n|\n|-damage|p1a: Great Tusk|82\/100 tox|[from] psn\n|-damage|p2a: Milotic|51\/100 brn|[from] brn\n|upkeep\n|turn|32\n|\n|t:|1700498648\n|move|p1a: Great Tusk|Close Combat|p2a: Milotic\n|-damage|p2a: Milotic|0 fnt\n|-unboost|p1a: Great Tusk|def|1\n|-unboost|p1a: Great Tusk|spd|1\n|faint|p2a: Milotic\n|\n|-damage|p1a: Great Tusk|63\/100 tox|[from] psn\n|upkeep\n|\n|t:|1700498656\n|switch|p2a: Garchomp|Garchomp, F|100\/100\n|turn|33\n|\n|t:|1700498663\n|move|p1a: Great Tusk|Ice Spinner|p2a: Garchomp\n|-supereffective|p2a: Garchomp\n|-damage|p2a: Garchomp|0 fnt\n|-damage|p1a: Great Tusk|51\/100 tox|[from] ability: Rough Skin|[of] p2a: Garchomp\n|faint|p2a: Garchomp\n|\n|-damage|p1a: Great Tusk|26\/100 tox|[from] psn\n|upkeep\n|\n|t:|1700498671\n|switch|p2a: Zapdos|Zapdos|59\/100\n|turn|34\n|\n|t:|1700498682\n|move|p1a: Great Tusk|Close Combat|p2a: Zapdos\n|-resisted|p2a: Zapdos\n|-damage|p2a: Zapdos|20\/100\n|-unboost|p1a: Great Tusk|def|1\n|-unboost|p1a: Great Tusk|spd|1\n|-damage|p1a: Great Tusk|9\/100 tox|[from] item: Rocky Helmet|[of] p2a: Zapdos\n|move|p2a: Zapdos|Heat Wave|p1a: Great Tusk\n|-damage|p1a: Great Tusk|0 fnt\n|faint|p1a: Great Tusk\n|-end|p1a: Great Tusk|Protosynthesis|[silent]\n|\n|upkeep\n|\n|t:|1700498697\n|switch|p1a: Dragonite|Dragonite, M|100\/100\n|turn|35\n|\n|t:|1700498703\n|move|p1a: Dragonite|Extreme Speed|p2a: Zapdos\n|-damage|p2a: Zapdos|0 fnt\n|-damage|p1a: Dragonite|84\/100|[from] item: Rocky Helmet|[of] p2a: Zapdos\n|-status|p1a: Dragonite|par|[from] ability: Static|[of] p2a: Zapdos\n|faint|p2a: Zapdos\n|\n|upkeep\n|\n|t:|1700498717\n|switch|p2a: Heatran|Heatran, F|49\/100\n|turn|36\n|\n|t:|1700498722\n|move|p2a: Heatran|Flamethrower|p1a: Dragonite\n|-resisted|p1a: Dragonite\n|-damage|p1a: Dragonite|63\/100 par\n|move|p1a: Dragonite|Earthquake|p2a: Heatran\n|-supereffective|p2a: Heatran\n|-damage|p2a: Heatran|0 fnt\n|faint|p2a: Heatran\n|\n|upkeep\n|\n|t:|1700498727\n|switch|p2a: Mandibuzz|Mandibuzz, F|71\/100\n|turn|37\n|\n|t:|1700498735\n|move|p2a: Mandibuzz|Lash Out|p1a: Dragonite\n|-damage|p1a: Dragonite|40\/100 par\n|move|p1a: Dragonite|Dragon Dance|p1a: Dragonite\n|-boost|p1a: Dragonite|atk|1\n|-boost|p1a: Dragonite|spe|1\n|\n|upkeep\n|turn|38\n|-message|thomaz_74 forfeited.\n|\n|win|hjnjn\n|raw|hjnjn's rating: 1000 &rarr; <strong>1046<\/strong><br \/>(+46 for winning)\n|raw|thomaz_74's rating: 1056 &rarr; <strong>1035<\/strong><br \/>(-21 for losing)\n|l|\u2606thomaz_74\n","uploadtime":1700498755,"views":8,"p1id":"hjnjn","p2id":"thomaz74","formatid":"gen9ou","rating":1035,"private":0,"password":""}