{"id":"gen9ou-1988333865","p1":"bilaltahi42","p2":"jacinto_pinto6938","format":"[Gen 9] OU","log":"|j|\u2606bilaltahi42\n|j|\u2606jacinto_pinto6938\n|t:|1699710080\n|gametype|singles\n|player|p1|bilaltahi42|cilan|1000\n|player|p2|jacinto_pinto6938|169|1050\n|teamsize|p1|6\n|teamsize|p2|6\n|gen|9\n|tier|[Gen 9] OU\n|rated|\n|rule|Sleep Clause Mod: Limit one foe put to sleep\n|rule|Species Clause: Limit one of each Pok\u00e9mon\n|rule|OHKO Clause: OHKO moves are banned\n|rule|Evasion Items Clause: Evasion items are banned\n|rule|Evasion Moves Clause: Evasion moves are banned\n|rule|Endless Battle Clause: Forcing endless battles is banned\n|rule|HP Percentage Mod: HP is shown in percentages\n|clearpoke\n|poke|p1|Blissey, F|\n|poke|p1|Gliscor, M|\n|poke|p1|Gastrodon, F|\n|poke|p1|Rotom-Wash|\n|poke|p1|Ninetales-Alola, F|\n|poke|p1|Vivillon, M|\n|poke|p2|Kommo-o, M|\n|poke|p2|Salamence, F|\n|poke|p2|Gardevoir, F|\n|poke|p2|Moltres-Galar|\n|poke|p2|Zapdos|\n|poke|p2|Iron Valiant|\n|teampreview\n|\n|t:|1699710095\n|start\n|switch|p1a: Gliscor|Gliscor, M|100\/100\n|switch|p2a: Terror|Salamence, F|100\/100\n|turn|1\n|\n|t:|1699710111\n|move|p2a: Terror|Hurricane|p1a: Gliscor|[miss]\n|-miss|p2a: Terror|p1a: Gliscor\n|move|p1a: Gliscor|Gunk Shot|p2a: Terror|[miss]\n|-miss|p1a: Gliscor|p2a: Terror\n|\n|upkeep\n|turn|2\n|\n|t:|1699710118\n|move|p2a: Terror|Brick Break|p1a: Gliscor\n|-resisted|p1a: Gliscor\n|-damage|p1a: Gliscor|90\/100\n|move|p1a: Gliscor|Gunk Shot|p2a: Terror|[miss]\n|-miss|p1a: Gliscor|p2a: Terror\n|\n|upkeep\n|turn|3\n|\n|t:|1699710127\n|move|p2a: Terror|Dragon Pulse|p1a: Gliscor\n|-damage|p1a: Gliscor|48\/100\n|move|p1a: Gliscor|Gunk Shot|p2a: Terror\n|-damage|p2a: Terror|60\/100\n|\n|upkeep\n|turn|4\n|\n|t:|1699710134\n|move|p2a: Terror|Dragon Pulse|p1a: Gliscor\n|-damage|p1a: Gliscor|5\/100\n|move|p1a: Gliscor|Gunk Shot|p2a: Terror\n|-damage|p2a: Terror|23\/100\n|-status|p2a: Terror|psn\n|\n|-damage|p2a: Terror|10\/100 psn|[from] psn\n|upkeep\n|turn|5\n|\n|t:|1699710147\n|move|p2a: Terror|Brick Break|p1a: Gliscor\n|-resisted|p1a: Gliscor\n|-damage|p1a: Gliscor|0 fnt\n|faint|p1a: Gliscor\n|-ability|p2a: Terror|Moxie|boost\n|-boost|p2a: Terror|atk|1\n|\n|-damage|p2a: Terror|0 fnt|[from] psn\n|faint|p2a: Terror\n|upkeep\n|\n|t:|1699710163\n|switch|p2a: Arthur|Kommo-o, M, shiny|100\/100\n|switch|p1a: Rotom|Rotom-Wash|100\/100\n|turn|6\n|\n|t:|1699710180\n|move|p2a: Arthur|Brick Break|p1a: Rotom\n|-damage|p1a: Rotom|63\/100\n|move|p1a: Rotom|Thunder|p2a: Arthur\n|-resisted|p2a: Arthur\n|-damage|p2a: Arthur|71\/100\n|\n|upkeep\n|turn|7\n|\n|t:|1699710188\n|move|p2a: Arthur|Aura Sphere|p1a: Rotom\n|-damage|p1a: Rotom|28\/100\n|move|p1a: Rotom|Thunder|p2a: Arthur\n|-resisted|p2a: Arthur\n|-damage|p2a: Arthur|35\/100\n|\n|upkeep\n|turn|8\n|\n|t:|1699710201\n|move|p2a: Arthur|Aura Sphere|p1a: Rotom\n|-damage|p1a: Rotom|0 fnt\n|faint|p1a: Rotom\n|\n|upkeep\n|\n|t:|1699710218\n|switch|p1a: Ninetales|Ninetales-Alola, F|100\/100\n|-weather|Snow|[from] ability: Snow Warning|[of] p1a: Ninetales\n|turn|9\n|\n|t:|1699710229\n|move|p2a: Arthur|Earthquake|p1a: Ninetales\n|-crit|p1a: Ninetales\n|-damage|p1a: Ninetales|57\/100\n|move|p1a: Ninetales|Moonblast|p2a: Arthur\n|-supereffective|p2a: Arthur\n|-damage|p2a: Arthur|0 fnt\n|faint|p2a: Arthur\n|\n|-weather|Snow|[upkeep]\n|upkeep\n|\n|t:|1699710236\n|switch|p2a: Flamengo|Moltres-Galar|100\/100\n|turn|10\n|\n|t:|1699710247\n|move|p2a: Flamengo|Hurricane|p1a: Ninetales\n|-damage|p1a: Ninetales|12\/100\n|move|p1a: Ninetales|Freeze-Dry|p2a: Flamengo\n|-supereffective|p2a: Flamengo\n|-damage|p2a: Flamengo|53\/100\n|\n|-weather|Snow|[upkeep]\n|upkeep\n|turn|11\n|\n|t:|1699710258\n|move|p2a: Flamengo|Hurricane|p1a: Ninetales\n|-damage|p1a: Ninetales|0 fnt\n|faint|p1a: Ninetales\n|\n|-weather|Snow|[upkeep]\n|upkeep\n|\n|t:|1699710267\n|switch|p1a: Vivillon|Vivillon, M|100\/100\n|turn|12\n|\n|t:|1699710273\n|move|p2a: Flamengo|Brave Bird|p1a: Vivillon\n|-supereffective|p1a: Vivillon\n|-damage|p1a: Vivillon|0 fnt\n|faint|p1a: Vivillon\n|-damage|p2a: Flamengo|20\/100|[from] Recoil\n|\n|-weather|Snow|[upkeep]\n|upkeep\n|\n|t:|1699710283\n|switch|p1a: Gastrodon|Gastrodon, F|100\/100\n|turn|13\n|\n|t:|1699710291\n|move|p2a: Flamengo|Hurricane|p1a: Gastrodon\n|-damage|p1a: Gastrodon|53\/100\n|move|p1a: Gastrodon|Liquidation|p2a: Flamengo\n|-damage|p2a: Flamengo|0 fnt\n|faint|p2a: Flamengo\n|\n|-weather|none\n|upkeep\n|\n|t:|1699710295\n|switch|p2a: Sherra|Iron Valiant, shiny|100\/100\n|-item|p2a: Sherra|Air Balloon\n|turn|14\n|\n|t:|1699710310\n|move|p2a: Sherra|Aura Sphere|p1a: Gastrodon\n|-damage|p1a: Gastrodon|24\/100\n|move|p1a: Gastrodon|Earthquake|p2a: Sherra\n|-immune|p2a: Sherra\n|\n|upkeep\n|turn|15\n|\n|t:|1699710320\n|move|p2a: Sherra|Aura Sphere|p1a: Gastrodon\n|-damage|p1a: Gastrodon|0 fnt\n|faint|p1a: Gastrodon\n|\n|upkeep\n|\n|t:|1699710335\n|switch|p1a: Blissey|Blissey, F|100\/100\n|turn|16\n|\n|t:|1699710350\n|move|p2a: Sherra|Drain Punch|p1a: Blissey\n|-supereffective|p1a: Blissey\n|-crit|p1a: Blissey\n|-damage|p1a: Blissey|0 fnt\n|faint|p1a: Blissey\n|\n|win|jacinto_pinto6938\n|raw|bilaltahi42's rating: 1000 &rarr; <strong>1000<\/strong><br \/>(+0 for losing)\n|raw|jacinto_pinto6938's rating: 1050 &rarr; <strong>1078<\/strong><br \/>(+28 for winning)\n|l|\u2606bilaltahi42\n","uploadtime":1699710381,"views":14,"p1id":"bilaltahi42","p2id":"jacintopinto6938","formatid":"gen9ou","rating":1000,"private":0,"password":""}