{"id":"gen9ou-1988793017","p1":"galefang","p2":"Drillskulls","format":"[Gen 9] OU","log":"|j|\u2606galefang\n|j|\u2606Drillskulls\n|t:|1699763934\n|gametype|singles\n|player|p1|galefang|lance|1563\n|player|p2|Drillskulls|1|1496\n|teamsize|p1|6\n|teamsize|p2|6\n|gen|9\n|tier|[Gen 9] OU\n|rated|\n|rule|Sleep Clause Mod: Limit one foe put to sleep\n|rule|Species Clause: Limit one of each Pok\u00e9mon\n|rule|OHKO Clause: OHKO moves are banned\n|rule|Evasion Items Clause: Evasion items are banned\n|rule|Evasion Moves Clause: Evasion moves are banned\n|rule|Endless Battle Clause: Forcing endless battles is banned\n|rule|HP Percentage Mod: HP is shown in percentages\n|clearpoke\n|poke|p1|Clefable, M|\n|poke|p1|Gliscor, M|\n|poke|p1|Milotic, M|\n|poke|p1|Mandibuzz, F|\n|poke|p1|Skeledirge, M|\n|poke|p1|Dragapult, M|\n|poke|p2|Pelipper, M|\n|poke|p2|Amoonguss, M|\n|poke|p2|Kingambit, F|\n|poke|p2|Basculegion, M|\n|poke|p2|Iron Treads|\n|poke|p2|Manaphy|\n|teampreview\n|\n|t:|1699763948\n|start\n|switch|p1a: Clefable|Clefable, M|100\/100\n|switch|p2a: Jeremie|Pelipper, M|100\/100\n|-weather|RainDance|[from] ability: Drizzle|[of] p2a: Jeremie\n|turn|1\n|\n|t:|1699763953\n|move|p1a: Clefable|Trick|p2a: Jeremie\n|-activate|p1a: Clefable|move: Trick|[of] p2a: Jeremie\n|-item|p2a: Jeremie|Sticky Barb|[from] move: Trick\n|-item|p1a: Clefable|Damp Rock|[from] move: Trick\n|move|p2a: Jeremie|U-turn|p1a: Clefable\n|-resisted|p1a: Clefable\n|-damage|p1a: Clefable|97\/100\n|inactive|Battle timer is ON: inactive players will automatically lose when time's up. (requested by Drillskulls)\n|\n|t:|1699763959\n|switch|p2a: Basculegion|Basculegion, M|100\/100|[from] U-turn\n|\n|-weather|RainDance|[upkeep]\n|upkeep\n|turn|2\n|\n|t:|1699763985\n|move|p2a: Basculegion|Flip Turn|p1a: Clefable\n|-damage|p1a: Clefable|51\/100\n|\n|t:|1699763989\n|switch|p2a: Impostor|Amoonguss, M|100\/100|[from] Flip Turn\n|move|p1a: Clefable|Stealth Rock|p2a: Impostor\n|-sidestart|p2: Drillskulls|move: Stealth Rock\n|\n|-weather|RainDance|[upkeep]\n|upkeep\n|turn|3\n|\n|t:|1699763999\n|switch|p1a: Mandibuzz|Mandibuzz, F|100\/100\n|move|p2a: Impostor|Spore|p1a: Mandibuzz\n|-immune|p1a: Mandibuzz|[from] ability: Overcoat\n|\n|-weather|RainDance|[upkeep]\n|upkeep\n|turn|4\n|\n|t:|1699764007\n|switch|p1a: Gliscor|Gliscor, M|100\/100\n|move|p2a: Impostor|Spore|p1a: Gliscor\n|-status|p1a: Gliscor|slp|[from] move: Spore\n|\n|-weather|RainDance|[upkeep]\n|upkeep\n|turn|5\n|c|\u2606galefang|nice\n|\n|t:|1699764016\n|switch|p2a: Manaphy|Manaphy|100\/100\n|-damage|p2a: Manaphy|88\/100|[from] Stealth Rock\n|cant|p1a: Gliscor|slp\n|\n|-weather|RainDance|[upkeep]\n|-heal|p2a: Manaphy|94\/100|[from] item: Leftovers\n|upkeep\n|turn|6\n|\n|t:|1699764025\n|switch|p1a: Milotic|Milotic, M|100\/100\n|move|p2a: Manaphy|Tail Glow|p2a: Manaphy\n|-boost|p2a: Manaphy|spa|3\n|\n|-weather|RainDance|[upkeep]\n|-heal|p2a: Manaphy|100\/100|[from] item: Leftovers\n|upkeep\n|turn|7\n|\n|t:|1699764045\n|move|p2a: Manaphy|Dazzling Gleam|p1a: Milotic\n|-damage|p1a: Milotic|68\/100\n|move|p1a: Milotic|Mirror Coat|p2a: Manaphy\n|-damage|p2a: Manaphy|25\/100\n|\n|-weather|RainDance|[upkeep]\n|-heal|p2a: Manaphy|32\/100|[from] item: Leftovers\n|upkeep\n|turn|8\n|\n|t:|1699764054\n|move|p2a: Manaphy|Tail Glow|p2a: Manaphy\n|-boost|p2a: Manaphy|spa|3\n|move|p1a: Milotic|Haze|p1a: Milotic\n|-clearallboost\n|\n|-weather|none\n|-heal|p2a: Manaphy|38\/100|[from] item: Leftovers\n|upkeep\n|turn|9\n|\n|t:|1699764063\n|switch|p2a: Jeremie|Pelipper, M|100\/100\n|-damage|p2a: Jeremie|76\/100|[from] Stealth Rock\n|-weather|RainDance|[from] ability: Drizzle|[of] p2a: Jeremie\n|move|p1a: Milotic|Scald|p2a: Jeremie\n|-resisted|p2a: Jeremie\n|-damage|p2a: Jeremie|48\/100\n|-status|p2a: Jeremie|brn\n|\n|-weather|RainDance|[upkeep]\n|-damage|p2a: Jeremie|41\/100 brn|[from] brn\n|-damage|p2a: Jeremie|29\/100 brn|[from] item: Sticky Barb\n|upkeep\n|turn|10\n|\n|t:|1699764076\n|move|p1a: Milotic|Recover|p1a: Milotic\n|-heal|p1a: Milotic|100\/100\n|move|p2a: Jeremie|Roost|p2a: Jeremie\n|-heal|p2a: Jeremie|79\/100 brn\n|-singleturn|p2a: Jeremie|move: Roost\n|\n|-weather|RainDance|[upkeep]\n|-damage|p2a: Jeremie|73\/100 brn|[from] brn\n|-damage|p2a: Jeremie|61\/100 brn|[from] item: Sticky Barb\n|upkeep\n|turn|11\n|\n|t:|1699764086\n|switch|p1a: Gliscor|Gliscor, M|100\/100 slp\n|move|p2a: Jeremie|U-turn|p1a: Gliscor\n|-resisted|p1a: Gliscor\n|-damage|p1a: Gliscor|99\/100 slp\n|\n|t:|1699764090\n|switch|p2a: Basculegion|Basculegion, M|100\/100|[from] U-turn\n|-damage|p2a: Basculegion|88\/100|[from] Stealth Rock\n|\n|-weather|RainDance|[upkeep]\n|upkeep\n|turn|12\n|\n|t:|1699764103\n|-terastallize|p1a: Gliscor|Dragon\n|move|p2a: Basculegion|Wave Crash|p1a: Gliscor\n|-resisted|p1a: Gliscor\n|-damage|p1a: Gliscor|56\/100 slp\n|-damage|p2a: Basculegion|75\/100|[from] Recoil\n|cant|p1a: Gliscor|slp\n|\n|-weather|RainDance|[upkeep]\n|upkeep\n|turn|13\n|\n|t:|1699764112\n|-terastallize|p2a: Basculegion|Water\n|-curestatus|p1a: Gliscor|slp|[msg]\n|move|p1a: Gliscor|Protect|p1a: Gliscor\n|-singleturn|p1a: Gliscor|Protect\n|move|p2a: Basculegion|Wave Crash|p1a: Gliscor\n|-activate|p1a: Gliscor|move: Protect\n|\n|-weather|none\n|-status|p1a: Gliscor|tox|[from] item: Toxic Orb\n|upkeep\n|turn|14\n|c|\u2606Drillskulls|cannot win\n|c|\u2606Drillskulls|gg\n|-message|Drillskulls forfeited.\n|\n|win|galefang\n|raw|galefang's rating: 1563 &rarr; <strong>1579<\/strong><br \/>(+16 for winning)\n|raw|Drillskulls's rating: 1496 &rarr; <strong>1480<\/strong><br \/>(-16 for losing)\n|c|\u2606galefang|gg\n|l|\u2606Drillskulls\n|l|\u2606galefang\n|j|\u2606galefang\n|player|p1|galefang|lance\n","uploadtime":1699764144,"views":9,"p1id":"galefang","p2id":"drillskulls","formatid":"gen9ou","rating":1480,"private":0,"password":""}