{"id":"gen9ou-2000360338","p1":"GastrodonBestSlug","p2":"hotdogwill","format":"[Gen 9] OU","log":"|j|\u2606GastrodonBestSlug\n|j|\u2606hotdogwill\n|t:|1701188220\n|gametype|singles\n|player|p1|GastrodonBestSlug|169|1000\n|player|p2|hotdogwill|169|1000\n|teamsize|p1|6\n|teamsize|p2|6\n|gen|9\n|tier|[Gen 9] OU\n|rated|\n|rule|Sleep Clause Mod: Limit one foe put to sleep\n|rule|Species Clause: Limit one of each Pok\u00e9mon\n|rule|OHKO Clause: OHKO moves are banned\n|rule|Evasion Items Clause: Evasion items are banned\n|rule|Evasion Moves Clause: Evasion moves are banned\n|rule|Endless Battle Clause: Forcing endless battles is banned\n|rule|HP Percentage Mod: HP is shown in percentages\n|clearpoke\n|poke|p1|Staraptor, F|\n|poke|p1|Squawkabilly, F|\n|poke|p1|Basculin, M|\n|poke|p1|Primeape, M|\n|poke|p1|Blissey, F|\n|poke|p1|Kingambit, F|\n|poke|p2|Dragonite, M|\n|poke|p2|Greninja-*, M|\n|poke|p2|Zapdos|\n|poke|p2|Ninetales-Alola, M|\n|poke|p2|Snorlax, F|\n|poke|p2|Avalugg, F|\n|teampreview\n|\n|t:|1701188263\n|start\n|switch|p1a: Staraptor|Staraptor, F|100\/100\n|switch|p2a: Ninetales|Ninetales-Alola, M|100\/100\n|-ability|p1a: Staraptor|Intimidate|boost\n|-unboost|p2a: Ninetales|atk|1\n|-weather|Snow|[from] ability: Snow Warning|[of] p2a: Ninetales\n|turn|1\n|\n|t:|1701188291\n|move|p1a: Staraptor|Final Gambit|p2a: Ninetales\n|-damage|p2a: Ninetales|0 fnt\n|faint|p1a: Staraptor\n|faint|p2a: Ninetales\n|\n|-weather|Snow|[upkeep]\n|upkeep\n|\n|t:|1701188300\n|switch|p1a: Blissey|Blissey, F|100\/100\n|switch|p2a: Dragonite|Dragonite, M|100\/100\n|turn|2\n|\n|t:|1701188307\n|switch|p2a: Snorlax|Snorlax, F|100\/100\n|move|p1a: Blissey|Copycat|p1a: Blissey\n|move|p1a: Blissey|Final Gambit|p2a: Snorlax|[from]move: Copycat\n|-damage|p2a: Snorlax|0 fnt\n|faint|p1a: Blissey\n|faint|p2a: Snorlax\n|\n|-weather|Snow|[upkeep]\n|upkeep\n|\n|t:|1701188318\n|switch|p1a: Basculin|Basculin, M|100\/100\n|switch|p2a: Dragonite|Dragonite, M|100\/100\n|turn|3\n|\n|t:|1701188325\n|move|p1a: Basculin|Final Gambit|p2a: Dragonite\n|-damage|p2a: Dragonite|0 fnt\n|faint|p1a: Basculin\n|faint|p2a: Dragonite\n|\n|-weather|Snow|[upkeep]\n|upkeep\n|\n|t:|1701188353\n|switch|p1a: Squawkabilly|Squawkabilly, F|100\/100\n|switch|p2a: Avalugg|Avalugg, F|100\/100\n|-ability|p1a: Squawkabilly|Intimidate|boost\n|-unboost|p2a: Avalugg|atk|1\n|turn|4\n|\n|t:|1701188362\n|move|p1a: Squawkabilly|Final Gambit|p2a: Avalugg\n|-damage|p2a: Avalugg|0 fnt\n|faint|p1a: Squawkabilly\n|faint|p2a: Avalugg\n|\n|-weather|Snow|[upkeep]\n|upkeep\n|\n|t:|1701188369\n|switch|p1a: Primeape|Primeape, M|100\/100\n|switch|p2a: Zapdos|Zapdos|100\/100\n|-ability|p2a: Zapdos|Pressure\n|turn|5\n|\n|t:|1701188378\n|move|p1a: Primeape|Final Gambit|p2a: Zapdos\n|-damage|p2a: Zapdos|14\/100\n|faint|p1a: Primeape\n|move|p2a: Zapdos|Air Cutter|p1: Primeape|[notarget]\n|-fail|p2a: Zapdos\n|\n|-weather|none\n|upkeep\n|\n|t:|1701188380\n|switch|p1a: Kingambit|Kingambit, F|100\/100\n|-activate|p1a: Kingambit|ability: Supreme Overlord\n|-start|p1a: Kingambit|fallen5|[silent]\n|turn|6\n|\n|t:|1701188389\n|move|p1a: Kingambit|Sucker Punch||[still]\n|-fail|p1a: Kingambit\n|move|p2a: Zapdos|Roost|p2a: Zapdos\n|-heal|p2a: Zapdos|64\/100\n|-singleturn|p2a: Zapdos|move: Roost\n|\n|upkeep\n|turn|7\n|\n|t:|1701188401\n|move|p2a: Zapdos|Roost|p2a: Zapdos\n|-heal|p2a: Zapdos|100\/100\n|-singleturn|p2a: Zapdos|move: Roost\n|move|p1a: Kingambit|Kowtow Cleave|p2a: Zapdos\n|-damage|p2a: Zapdos|4\/100\n|\n|upkeep\n|turn|8\n|\n|t:|1701188409\n|move|p1a: Kingambit|Sucker Punch|p2a: Zapdos\n|-damage|p2a: Zapdos|0 fnt\n|faint|p2a: Zapdos\n|\n|upkeep\n|\n|t:|1701188413\n|switch|p2a: Greninja|Greninja, M|100\/100\n|turn|9\n|\n|t:|1701188422\n|-terastallize|p2a: Greninja|Poison\n|-terastallize|p1a: Kingambit|Fairy\n|move|p2a: Greninja|Dark Pulse|p1a: Kingambit\n|-resisted|p1a: Kingambit\n|-damage|p1a: Kingambit|82\/100\n|move|p1a: Kingambit|Tera Blast|p2a: Greninja|[anim] Tera Blast Fairy\n|-resisted|p2a: Greninja\n|-damage|p2a: Greninja|41\/100\n|\n|upkeep\n|turn|10\n|\n|t:|1701188433\n|move|p1a: Kingambit|Sucker Punch|p2a: Greninja\n|-damage|p2a: Greninja|0 fnt\n|faint|p2a: Greninja\n|\n|win|GastrodonBestSlug\n|raw|GastrodonBestSlug's rating: 1000 &rarr; <strong>1040<\/strong><br \/>(+40 for winning)\n|raw|hotdogwill's rating: 1000 &rarr; <strong>1000<\/strong><br \/>(+0 for losing)\n|c|\u2606GastrodonBestSlug|gg\n|l|\u2606hotdogwill\n","uploadtime":1701188450,"views":9,"p1id":"gastrodonbestslug","p2id":"hotdogwill","formatid":"gen9ou","rating":1000,"private":0,"password":""}