{"id":"gen9ou-1988523067","p1":"romtar","p2":"wayland3r","format":"[Gen 9] OU","log":"|j|\u203dromtar\n|j|\u2606wayland3r\n|t:|1699732037\n|gametype|singles\n|player|p1|romtar|1|1111\n|player|p2|wayland3r|benga|1111\n|teamsize|p1|6\n|teamsize|p2|6\n|gen|9\n|tier|[Gen 9] OU\n|rated|\n|rule|Sleep Clause Mod: Limit one foe put to sleep\n|rule|Species Clause: Limit one of each Pok\u00e9mon\n|rule|OHKO Clause: OHKO moves are banned\n|rule|Evasion Items Clause: Evasion items are banned\n|rule|Evasion Moves Clause: Evasion moves are banned\n|rule|Endless Battle Clause: Forcing endless battles is banned\n|rule|HP Percentage Mod: HP is shown in percentages\n|clearpoke\n|poke|p1|Walking Wake|\n|poke|p1|Torkoal, F|\n|poke|p1|Iron Moth|\n|poke|p1|Shiftry, F|\n|poke|p1|Great Tusk|\n|poke|p1|Zapdos|\n|poke|p2|Basculegion-F, F|\n|poke|p2|Pelipper, F|\n|poke|p2|Amoonguss, M|\n|poke|p2|Iron Treads|\n|poke|p2|Zapdos|\n|poke|p2|Garchomp, F|\n|teampreview\n|\n|t:|1699732055\n|start\n|switch|p1a: Torkoal|Torkoal, F|100\/100\n|switch|p2a: nomnom|Garchomp, F|100\/100\n|-weather|SunnyDay|[from] ability: Drought|[of] p1a: Torkoal\n|turn|1\n|inactive|Battle timer is ON: inactive players will automatically lose when time's up. (requested by romtar)\n|\n|t:|1699732064\n|switch|p1a: Zapdos|Zapdos|100\/100\n|move|p2a: nomnom|Swords Dance|p2a: nomnom\n|-boost|p2a: nomnom|atk|2\n|\n|-weather|SunnyDay|[upkeep]\n|upkeep\n|turn|2\n|\n|t:|1699732076\n|move|p2a: nomnom|Scale Shot|p1a: Zapdos\n|-damage|p1a: Zapdos|72\/100\n|-damage|p1a: Zapdos|46\/100\n|-damage|p1a: Zapdos|17\/100\n|-damage|p1a: Zapdos|0 fnt\n|faint|p1a: Zapdos\n|-hitcount|p1: Zapdos|4\n|-unboost|p2a: nomnom|def|1\n|-boost|p2a: nomnom|spe|1\n|\n|-weather|SunnyDay|[upkeep]\n|upkeep\n|\n|t:|1699732086\n|switch|p1a: Walking Wake|Walking Wake|100\/100\n|-activate|p1a: Walking Wake|ability: Protosynthesis\n|-start|p1a: Walking Wake|protosynthesisspa\n|turn|3\n|\n|t:|1699732095\n|-terastallize|p1a: Walking Wake|Fairy\n|move|p2a: nomnom|Scale Shot|p1a: Walking Wake\n|-immune|p1a: Walking Wake\n|move|p1a: Walking Wake|Tera Blast|p2a: nomnom|[anim] Tera Blast Fairy\n|-supereffective|p2a: nomnom\n|-damage|p2a: nomnom|0 fnt\n|faint|p2a: nomnom\n|\n|-weather|SunnyDay|[upkeep]\n|upkeep\n|\n|t:|1699732115\n|switch|p2a: birdo|Pelipper, F|100\/100\n|-weather|RainDance|[from] ability: Drizzle|[of] p2a: birdo\n|-end|p1a: Walking Wake|Protosynthesis\n|-enditem|p1a: Walking Wake|Booster Energy\n|-activate|p1a: Walking Wake|ability: Protosynthesis|[fromitem]\n|-start|p1a: Walking Wake|protosynthesisspa\n|turn|4\n|\n|t:|1699732128\n|move|p1a: Walking Wake|Tera Blast|p2a: birdo|[anim] Tera Blast Fairy\n|-damage|p2a: birdo|19\/100\n|move|p2a: birdo|Surf|p1a: Walking Wake\n|-damage|p1a: Walking Wake|48\/100\n|\n|-weather|RainDance|[upkeep]\n|upkeep\n|turn|5\n|\n|t:|1699732139\n|switch|p2a: Iron dong|Iron Treads|100\/100\n|move|p1a: Walking Wake|Tera Blast|p2a: Iron dong|[anim] Tera Blast Fairy\n|-resisted|p2a: Iron dong\n|-damage|p2a: Iron dong|70\/100\n|\n|-weather|RainDance|[upkeep]\n|-heal|p2a: Iron dong|77\/100|[from] item: Leftovers\n|upkeep\n|turn|6\n|\n|t:|1699732155\n|move|p1a: Walking Wake|Hydro Steam|p2a: Iron dong\n|-supereffective|p2a: Iron dong\n|-damage|p2a: Iron dong|0 fnt\n|faint|p2a: Iron dong\n|-end|p2a: Iron dong|Quark Drive|[silent]\n|\n|-weather|RainDance|[upkeep]\n|upkeep\n|\n|t:|1699732162\n|switch|p2a: death|Basculegion-F, F|100\/100\n|turn|7\n|\n|t:|1699732169\n|-end|p1a: Walking Wake|Protosynthesis|[silent]\n|switch|p1a: Torkoal|Torkoal, F|100\/100\n|-weather|SunnyDay|[from] ability: Drought|[of] p1a: Torkoal\n|-terastallize|p2a: death|Water\n|move|p2a: death|Surf|p1a: Torkoal\n|-supereffective|p1a: Torkoal\n|-damage|p1a: Torkoal|0 fnt\n|faint|p1a: Torkoal\n|\n|-weather|SunnyDay|[upkeep]\n|upkeep\n|\n|t:|1699732182\n|switch|p1a: Shiftry|Shiftry, F|100\/100\n|turn|8\n|\n|t:|1699732187\n|switch|p2a: birdo|Pelipper, F|19\/100\n|-weather|RainDance|[from] ability: Drizzle|[of] p2a: birdo\n|move|p1a: Shiftry|Solar Blade||[still]\n|-prepare|p1a: Shiftry|Solar Blade\n|\n|-weather|RainDance|[upkeep]\n|upkeep\n|turn|9\n|\n|t:|1699732204\n|switch|p2a: sussy mushmush|Amoonguss, M|100\/100\n|move|p1a: Shiftry|Solar Blade|p2a: sussy mushmush|[from]lockedmove\n|-resisted|p2a: sussy mushmush\n|-damage|p2a: sussy mushmush|90\/100\n|-damage|p1a: Shiftry|91\/100|[from] item: Life Orb\n|\n|-weather|RainDance|[upkeep]\n|-heal|p2a: sussy mushmush|96\/100|[from] item: Leftovers\n|upkeep\n|turn|10\n|\n|t:|1699732221\n|move|p1a: Shiftry|Knock Off|p2a: sussy mushmush\n|-damage|p2a: sussy mushmush|35\/100\n|-enditem|p2a: sussy mushmush|Leftovers|[from] move: Knock Off|[of] p1a: Shiftry\n|-damage|p1a: Shiftry|81\/100|[from] item: Life Orb\n|move|p2a: sussy mushmush|Sludge Bomb|p1a: Shiftry\n|-supereffective|p1a: Shiftry\n|-damage|p1a: Shiftry|0 fnt\n|faint|p1a: Shiftry\n|\n|-weather|RainDance|[upkeep]\n|upkeep\n|\n|t:|1699732230\n|switch|p1a: Iron Moth|Iron Moth|100\/100\n|-enditem|p1a: Iron Moth|Booster Energy\n|-activate|p1a: Iron Moth|ability: Quark Drive|[fromitem]\n|-start|p1a: Iron Moth|quarkdrivespe\n|turn|11\n|\n|t:|1699732241\n|move|p1a: Iron Moth|Psychic|p2a: sussy mushmush\n|-supereffective|p2a: sussy mushmush\n|-damage|p2a: sussy mushmush|0 fnt\n|faint|p2a: sussy mushmush\n|\n|-weather|RainDance|[upkeep]\n|upkeep\n|\n|t:|1699732246\n|switch|p2a: death|Basculegion-F, F, tera:Water|100\/100\n|turn|12\n|\n|t:|1699732250\n|move|p1a: Iron Moth|Energy Ball|p2a: death\n|-supereffective|p2a: death\n|-damage|p2a: death|35\/100\n|move|p2a: death|Surf|p1a: Iron Moth\n|-supereffective|p1a: Iron Moth\n|-damage|p1a: Iron Moth|0 fnt\n|faint|p1a: Iron Moth\n|-end|p1a: Iron Moth|Quark Drive|[silent]\n|\n|-weather|RainDance|[upkeep]\n|upkeep\n|\n|t:|1699732259\n|switch|p1a: Walking Wake|Walking Wake, tera:Fairy|48\/100\n|turn|13\n|\n|t:|1699732268\n|move|p2a: death|Surf|p1a: Walking Wake\n|-damage|p1a: Walking Wake|0 fnt\n|faint|p1a: Walking Wake\n|-end|p1a: Walking Wake|Protosynthesis|[silent]\n|\n|-weather|RainDance|[upkeep]\n|upkeep\n|\n|t:|1699732272\n|switch|p1a: Great Tusk|Great Tusk|100\/100\n|turn|14\n|\n|t:|1699732281\n|move|p2a: death|Surf|p1a: Great Tusk\n|-supereffective|p1a: Great Tusk\n|-damage|p1a: Great Tusk|0 fnt\n|faint|p1a: Great Tusk\n|-end|p1a: Great Tusk|Protosynthesis|[silent]\n|\n|win|wayland3r\n|raw|romtar's rating: 1111 &rarr; <strong>1086<\/strong><br \/>(-25 for losing)\n|raw|wayland3r's rating: 1111 &rarr; <strong>1136<\/strong><br \/>(+25 for winning)\n|l|\u203dromtar\n","uploadtime":1699732289,"views":24,"p1id":"romtar","p2id":"wayland3r","formatid":"gen9ou","rating":1086,"private":0,"password":""}