{"id":"gen9ou-1997954739","p1":"SirBoogerBrain","p2":"chocodog212","format":"[Gen 9] OU","log":"|j|\u2606SirBoogerBrain\n|j|\u2606chocodog212\n|t:|1700871732\n|gametype|singles\n|player|p1|SirBoogerBrain|burglar-gen2|1231\n|player|p2|chocodog212|cynthia|1254\n|teamsize|p1|6\n|teamsize|p2|6\n|gen|9\n|tier|[Gen 9] OU\n|rated|\n|rule|Sleep Clause Mod: Limit one foe put to sleep\n|rule|Species Clause: Limit one of each Pok\u00e9mon\n|rule|OHKO Clause: OHKO moves are banned\n|rule|Evasion Items Clause: Evasion items are banned\n|rule|Evasion Moves Clause: Evasion moves are banned\n|rule|Endless Battle Clause: Forcing endless battles is banned\n|rule|HP Percentage Mod: HP is shown in percentages\n|clearpoke\n|poke|p1|Iron Valiant|\n|poke|p1|Kingambit, M|\n|poke|p1|Great Tusk|\n|poke|p1|Garchomp, M|\n|poke|p1|Moltres|\n|poke|p1|Amoonguss, F|\n|poke|p2|Kingambit, M|\n|poke|p2|Gholdengo|\n|poke|p2|Rillaboom, F|\n|poke|p2|Clodsire, F|\n|poke|p2|Great Tusk|\n|poke|p2|Clefable, M|\n|teampreview\n|inactive|Battle timer is ON: inactive players will automatically lose when time's up. (requested by SirBoogerBrain)\n|inactive|SirBoogerBrain has 120 seconds left.\n|\n|t:|1700871764\n|start\n|switch|p1a: Abyssal Fin|Garchomp, M|100\/100\n|switch|p2a: Gholdengo|Gholdengo|100\/100\n|turn|1\n|\n|t:|1700871774\n|switch|p2a: Clefable|Clefable, M|100\/100\n|move|p1a: Abyssal Fin|Stone Edge|p2a: Clefable\n|-damage|p2a: Clefable|79\/100\n|\n|-heal|p2a: Clefable|85\/100|[from] item: Leftovers\n|upkeep\n|turn|2\n|\n|t:|1700871788\n|switch|p1a: Bloom Warden|Amoonguss, F|100\/100\n|move|p2a: Clefable|Ice Beam|p1a: Bloom Warden\n|-supereffective|p1a: Bloom Warden\n|-damage|p1a: Bloom Warden|68\/100\n|\n|-heal|p2a: Clefable|91\/100|[from] item: Leftovers\n|upkeep\n|turn|3\n|\n|t:|1700871794\n|move|p2a: Clefable|Thunder Wave|p1a: Bloom Warden\n|-status|p1a: Bloom Warden|par\n|cant|p1a: Bloom Warden|par\n|\n|-heal|p2a: Clefable|97\/100|[from] item: Leftovers\n|upkeep\n|turn|4\n|\n|t:|1700871806\n|move|p2a: Clefable|Ice Beam|p1a: Bloom Warden\n|-supereffective|p1a: Bloom Warden\n|-damage|p1a: Bloom Warden|37\/100 par\n|move|p1a: Bloom Warden|Spore|p2a: Clefable\n|-status|p2a: Clefable|slp|[from] move: Spore\n|\n|-heal|p2a: Clefable|100\/100 slp|[from] item: Leftovers\n|upkeep\n|turn|5\n|\n|t:|1700871821\n|switch|p2a: Clodsire|Clodsire, F|100\/100\n|switch|p1a: Abyssal Fin|Garchomp, M|100\/100\n|\n|upkeep\n|turn|6\n|\n|t:|1700871834\n|move|p1a: Abyssal Fin|Earthquake|p2a: Clodsire\n|-supereffective|p2a: Clodsire\n|-damage|p2a: Clodsire|0 fnt\n|faint|p2a: Clodsire\n|\n|upkeep\n|\n|t:|1700871838\n|switch|p2a: Rillaboom|Rillaboom, F|100\/100\n|-fieldstart|move: Grassy Terrain|[from] ability: Grassy Surge|[of] p2a: Rillaboom\n|turn|7\n|\n|t:|1700871850\n|switch|p1a: Pyre Raptor|Moltres|100\/100\n|move|p2a: Rillaboom|Fake Out|p1a: Pyre Raptor\n|-damage|p1a: Pyre Raptor|89\/100\n|\n|upkeep\n|turn|8\n|\n|t:|1700871869\n|switch|p2a: Clefable|Clefable, M|100\/100 slp\n|move|p1a: Pyre Raptor|U-turn|p2a: Clefable\n|-resisted|p2a: Clefable\n|-damage|p2a: Clefable|95\/100 slp\n|\n|t:|1700871886\n|switch|p1a: Abyssal Fin|Garchomp, M|100\/100|[from] U-turn\n|\n|-heal|p2a: Clefable|100\/100 slp|[from] Grassy Terrain\n|upkeep\n|turn|9\n|\n|t:|1700871898\n|move|p1a: Abyssal Fin|Stealth Rock|p2a: Clefable\n|-sidestart|p2: chocodog212|move: Stealth Rock\n|cant|p2a: Clefable|slp\n|\n|upkeep\n|turn|10\n|\n|t:|1700871905\n|switch|p1a: Bloom Warden|Amoonguss, F|70\/100 par\n|cant|p2a: Clefable|slp\n|\n|-heal|p1a: Bloom Warden|77\/100 par|[from] Grassy Terrain\n|upkeep\n|turn|11\n|\n|t:|1700871909\n|-curestatus|p2a: Clefable|slp|[msg]\n|move|p2a: Clefable|Ice Beam|p1a: Bloom Warden\n|-supereffective|p1a: Bloom Warden\n|-damage|p1a: Bloom Warden|44\/100 par\n|cant|p1a: Bloom Warden|par\n|\n|-heal|p1a: Bloom Warden|50\/100 par|[from] Grassy Terrain\n|upkeep\n|turn|12\n|\n|t:|1700871918\n|move|p2a: Clefable|Ice Beam|p1a: Bloom Warden\n|-supereffective|p1a: Bloom Warden\n|-damage|p1a: Bloom Warden|15\/100 par\n|move|p1a: Bloom Warden|Spore|p2a: Clefable\n|-status|p2a: Clefable|slp|[from] move: Spore\n|\n|-heal|p1a: Bloom Warden|22\/100 par|[from] Grassy Terrain\n|upkeep\n|turn|13\n|\n|t:|1700871927\n|switch|p1a: Stonebreaker|Great Tusk|100\/100\n|cant|p2a: Clefable|slp\n|\n|upkeep\n|turn|14\n|\n|t:|1700871938\n|move|p1a: Stonebreaker|Knock Off|p2a: Clefable\n|-resisted|p2a: Clefable\n|-damage|p2a: Clefable|91\/100 slp\n|-enditem|p2a: Clefable|Leftovers|[from] move: Knock Off|[of] p1a: Stonebreaker\n|cant|p2a: Clefable|slp\n|\n|-heal|p2a: Clefable|97\/100 slp|[from] Grassy Terrain\n|-fieldend|move: Grassy Terrain\n|upkeep\n|turn|15\n|\n|t:|1700871946\n|-end|p1a: Stonebreaker|Protosynthesis|[silent]\n|switch|p1a: Bloom Warden|Amoonguss, F|55\/100 par\n|cant|p2a: Clefable|slp\n|\n|upkeep\n|turn|16\n|\n|t:|1700871959\n|-curestatus|p2a: Clefable|slp|[msg]\n|move|p2a: Clefable|Ice Beam|p1a: Bloom Warden\n|-supereffective|p1a: Bloom Warden\n|-damage|p1a: Bloom Warden|23\/100 par\n|move|p1a: Bloom Warden|Spore|p2a: Clefable\n|-status|p2a: Clefable|slp|[from] move: Spore\n|\n|upkeep\n|turn|17\n|\n|t:|1700871967\n|switch|p1a: Pyre Raptor|Moltres|89\/100\n|cant|p2a: Clefable|slp\n|\n|upkeep\n|turn|18\n|\n|t:|1700871970\n|move|p1a: Pyre Raptor|Roost|p1a: Pyre Raptor\n|-heal|p1a: Pyre Raptor|100\/100\n|-singleturn|p1a: Pyre Raptor|move: Roost\n|cant|p2a: Clefable|slp\n|\n|upkeep\n|turn|19\n|\n|t:|1700871972\n|move|p1a: Pyre Raptor|U-turn|p2a: Clefable\n|-resisted|p2a: Clefable\n|-damage|p2a: Clefable|91\/100 slp\n|\n|t:|1700871974\n|switch|p1a: Bloom Warden|Amoonguss, F|57\/100 par|[from] U-turn\n|cant|p2a: Clefable|slp\n|\n|upkeep\n|turn|20\n|\n|t:|1700871976\n|-curestatus|p2a: Clefable|slp|[msg]\n|move|p2a: Clefable|Ice Beam|p1a: Bloom Warden\n|-supereffective|p1a: Bloom Warden\n|-damage|p1a: Bloom Warden|27\/100 par\n|move|p1a: Bloom Warden|Spore|p2a: Clefable\n|-status|p2a: Clefable|slp|[from] move: Spore\n|\n|upkeep\n|turn|21\n|\n|t:|1700871988\n|cant|p2a: Clefable|slp\n|cant|p1a: Bloom Warden|par\n|\n|upkeep\n|turn|22\n|\n|t:|1700871993\n|switch|p1a: Pyre Raptor|Moltres|100\/100\n|-curestatus|p2a: Clefable|slp|[msg]\n|move|p2a: Clefable|Ice Beam|p1a: Pyre Raptor\n|-damage|p1a: Pyre Raptor|82\/100\n|\n|upkeep\n|turn|23\n|\n|t:|1700871998\n|switch|p1a: Bloom Warden|Amoonguss, F|60\/100 par\n|move|p2a: Clefable|Thunder Wave|p1a: Bloom Warden\n|-fail|p1a: Bloom Warden|par\n|\n|upkeep\n|turn|24\n|\n|t:|1700872003\n|switch|p2a: Rillaboom|Rillaboom, F|100\/100\n|-damage|p2a: Rillaboom|88\/100|[from] Stealth Rock\n|-fieldstart|move: Grassy Terrain|[from] ability: Grassy Surge|[of] p2a: Rillaboom\n|move|p1a: Bloom Warden|Spore|p2a: Rillaboom\n|-immune|p2a: Rillaboom\n|\n|-heal|p2a: Rillaboom|94\/100|[from] Grassy Terrain\n|-heal|p1a: Bloom Warden|66\/100 par|[from] Grassy Terrain\n|upkeep\n|turn|25\n|\n|t:|1700872006\n|switch|p1a: Pyre Raptor|Moltres|82\/100\n|move|p2a: Rillaboom|Fake Out|p1a: Pyre Raptor\n|-damage|p1a: Pyre Raptor|71\/100\n|\n|-heal|p2a: Rillaboom|99\/100|[from] Grassy Terrain\n|upkeep\n|turn|26\n|\n|t:|1700872008\n|switch|p2a: Clefable|Clefable, M|91\/100\n|-damage|p2a: Clefable|79\/100|[from] Stealth Rock\n|move|p1a: Pyre Raptor|Roost|p1a: Pyre Raptor\n|-heal|p1a: Pyre Raptor|100\/100\n|-singleturn|p1a: Pyre Raptor|move: Roost\n|\n|-heal|p2a: Clefable|85\/100|[from] Grassy Terrain\n|upkeep\n|turn|27\n|\n|t:|1700872011\n|move|p1a: Pyre Raptor|U-turn|p2a: Clefable\n|-resisted|p2a: Clefable\n|-damage|p2a: Clefable|79\/100\n|\n|t:|1700872012\n|switch|p1a: Bloom Warden|Amoonguss, F|99\/100 par|[from] U-turn\n|move|p2a: Clefable|Ice Beam|p1a: Bloom Warden\n|-supereffective|p1a: Bloom Warden\n|-damage|p1a: Bloom Warden|65\/100 par\n|\n|-heal|p2a: Clefable|85\/100|[from] Grassy Terrain\n|-heal|p1a: Bloom Warden|71\/100 par|[from] Grassy Terrain\n|upkeep\n|turn|28\n|\n|t:|1700872039\n|move|p2a: Clefable|Ice Beam|p1a: Bloom Warden\n|-supereffective|p1a: Bloom Warden\n|-damage|p1a: Bloom Warden|38\/100 par\n|move|p1a: Bloom Warden|Sludge Bomb|p2a: Clefable\n|-supereffective|p2a: Clefable\n|-damage|p2a: Clefable|35\/100\n|\n|-heal|p2a: Clefable|41\/100|[from] Grassy Terrain\n|-heal|p1a: Bloom Warden|44\/100 par|[from] Grassy Terrain\n|upkeep\n|turn|29\n|\n|t:|1700872052\n|move|p2a: Clefable|Ice Beam|p1a: Bloom Warden\n|-supereffective|p1a: Bloom Warden\n|-damage|p1a: Bloom Warden|14\/100 par\n|cant|p1a: Bloom Warden|par\n|\n|-heal|p2a: Clefable|47\/100|[from] Grassy Terrain\n|-heal|p1a: Bloom Warden|21\/100 par|[from] Grassy Terrain\n|upkeep\n|turn|30\n|\n|t:|1700872055\n|switch|p1a: Pyre Raptor|Moltres|100\/100\n|move|p2a: Clefable|Ice Beam|p1a: Pyre Raptor\n|-damage|p1a: Pyre Raptor|80\/100\n|\n|-heal|p2a: Clefable|53\/100|[from] Grassy Terrain\n|upkeep\n|turn|31\n|\n|t:|1700872060\n|move|p1a: Pyre Raptor|U-turn|p2a: Clefable\n|-resisted|p2a: Clefable\n|-crit|p2a: Clefable\n|-damage|p2a: Clefable|45\/100\n|\n|t:|1700872061\n|switch|p1a: Bloom Warden|Amoonguss, F|54\/100 par|[from] U-turn\n|move|p2a: Clefable|Moonlight|p2a: Clefable\n|-heal|p2a: Clefable|95\/100\n|\n|-heal|p2a: Clefable|100\/100|[from] Grassy Terrain\n|-heal|p1a: Bloom Warden|60\/100 par|[from] Grassy Terrain\n|-fieldend|move: Grassy Terrain\n|upkeep\n|turn|32\n|\n|t:|1700872066\n|move|p2a: Clefable|Ice Beam|p1a: Bloom Warden\n|-supereffective|p1a: Bloom Warden\n|-damage|p1a: Bloom Warden|28\/100 par\n|move|p1a: Bloom Warden|Spore|p2a: Clefable\n|-status|p2a: Clefable|slp|[from] move: Spore\n|\n|upkeep\n|turn|33\n|\n|t:|1700872071\n|cant|p2a: Clefable|slp\n|move|p1a: Bloom Warden|Sludge Bomb|p2a: Clefable\n|-supereffective|p2a: Clefable\n|-damage|p2a: Clefable|47\/100 slp\n|\n|upkeep\n|turn|34\n|\n|t:|1700872075\n|switch|p2a: Gholdengo|Gholdengo|100\/100\n|switch|p1a: Pyre Raptor|Moltres|80\/100\n|\n|upkeep\n|turn|35\n|\n|t:|1700872098\n|move|p1a: Pyre Raptor|Flamethrower|p2a: Gholdengo\n|-supereffective|p2a: Gholdengo\n|-damage|p2a: Gholdengo|27\/100\n|move|p2a: Gholdengo|Thunder Wave|p1a: Pyre Raptor\n|-status|p1a: Pyre Raptor|par\n|\n|upkeep\n|turn|36\n|\n|t:|1700872105\n|move|p2a: Gholdengo|Recover|p2a: Gholdengo\n|-heal|p2a: Gholdengo|77\/100\n|move|p1a: Pyre Raptor|Flamethrower|p2a: Gholdengo\n|-supereffective|p2a: Gholdengo\n|-damage|p2a: Gholdengo|4\/100\n|\n|upkeep\n|turn|37\n|\n|t:|1700872112\n|move|p2a: Gholdengo|Recover|p2a: Gholdengo\n|-heal|p2a: Gholdengo|54\/100\n|move|p1a: Pyre Raptor|Flamethrower|p2a: Gholdengo\n|-supereffective|p2a: Gholdengo\n|-damage|p2a: Gholdengo|0 fnt\n|faint|p2a: Gholdengo\n|\n|upkeep\n|\n|t:|1700872120\n|switch|p2a: Rillaboom|Rillaboom, F|99\/100\n|-damage|p2a: Rillaboom|88\/100|[from] Stealth Rock\n|-fieldstart|move: Grassy Terrain|[from] ability: Grassy Surge|[of] p2a: Rillaboom\n|turn|38\n|\n|t:|1700872128\n|move|p2a: Rillaboom|Fake Out|p1a: Pyre Raptor\n|-damage|p1a: Pyre Raptor|70\/100 par\n|cant|p1a: Pyre Raptor|flinch\n|\n|-heal|p2a: Rillaboom|94\/100|[from] Grassy Terrain\n|upkeep\n|turn|39\n|\n|t:|1700872131\n|switch|p2a: Great Tusk|Great Tusk|100\/100\n|-damage|p2a: Great Tusk|98\/100|[from] Stealth Rock\n|cant|p1a: Pyre Raptor|par\n|\n|-heal|p2a: Great Tusk|100\/100|[from] Grassy Terrain\n|upkeep\n|turn|40\n|\n|t:|1700872155\n|move|p2a: Great Tusk|Rapid Spin|p1a: Pyre Raptor\n|-crit|p1a: Pyre Raptor\n|-damage|p1a: Pyre Raptor|54\/100 par\n|-boost|p2a: Great Tusk|spe|1\n|-sideend|p2: chocodog212|Stealth Rock|[from] move: Rapid Spin|[of] p2a: Great Tusk\n|move|p1a: Pyre Raptor|Will-O-Wisp|p2a: Great Tusk\n|-status|p2a: Great Tusk|brn\n|\n|-damage|p2a: Great Tusk|94\/100 brn|[from] brn\n|upkeep\n|turn|41\n|\n|t:|1700872168\n|move|p2a: Great Tusk|Knock Off|p1a: Pyre Raptor\n|-damage|p1a: Pyre Raptor|44\/100 par\n|-enditem|p1a: Pyre Raptor|Heavy-Duty Boots|[from] move: Knock Off|[of] p2a: Great Tusk\n|move|p1a: Pyre Raptor|Roost|p1a: Pyre Raptor\n|-heal|p1a: Pyre Raptor|94\/100 par\n|-singleturn|p1a: Pyre Raptor|move: Roost\n|\n|-heal|p2a: Great Tusk|100\/100 brn|[from] Grassy Terrain\n|-heal|p1a: Pyre Raptor|100\/100 par|[from] Grassy Terrain\n|-damage|p2a: Great Tusk|94\/100 brn|[from] brn\n|upkeep\n|turn|42\n|\n|t:|1700872177\n|move|p2a: Great Tusk|Body Press|p1a: Pyre Raptor\n|-resisted|p1a: Pyre Raptor\n|-damage|p1a: Pyre Raptor|93\/100 par\n|move|p1a: Pyre Raptor|Flamethrower|p2a: Great Tusk\n|-damage|p2a: Great Tusk|60\/100 brn\n|\n|-heal|p2a: Great Tusk|66\/100 brn|[from] Grassy Terrain\n|-damage|p2a: Great Tusk|60\/100 brn|[from] brn\n|upkeep\n|turn|43\n|\n|t:|1700872180\n|-end|p2a: Great Tusk|Protosynthesis|[silent]\n|switch|p2a: Clefable|Clefable, M|47\/100 slp\n|move|p1a: Pyre Raptor|Flamethrower|p2a: Clefable\n|-damage|p2a: Clefable|13\/100 slp\n|\n|-heal|p2a: Clefable|19\/100 slp|[from] Grassy Terrain\n|upkeep\n|turn|44\n|\n|t:|1700872182\n|cant|p2a: Clefable|slp\n|cant|p1a: Pyre Raptor|par\n|\n|-heal|p2a: Clefable|25\/100 slp|[from] Grassy Terrain\n|upkeep\n|turn|45\n|\n|t:|1700872184\n|cant|p2a: Clefable|slp\n|move|p1a: Pyre Raptor|Flamethrower|p2a: Clefable\n|-damage|p2a: Clefable|0 fnt\n|faint|p2a: Clefable\n|\n|-fieldend|move: Grassy Terrain\n|upkeep\n|\n|t:|1700872186\n|switch|p2a: Rillaboom|Rillaboom, F|94\/100\n|-fieldstart|move: Grassy Terrain|[from] ability: Grassy Surge|[of] p2a: Rillaboom\n|turn|46\n|\n|t:|1700872189\n|move|p2a: Rillaboom|Drum Beating|p1a: Pyre Raptor\n|-resisted|p1a: Pyre Raptor\n|-damage|p1a: Pyre Raptor|82\/100 par\n|-unboost|p1a: Pyre Raptor|spe|1\n|move|p1a: Pyre Raptor|Flamethrower|p2a: Rillaboom\n|-supereffective|p2a: Rillaboom\n|-damage|p2a: Rillaboom|12\/100\n|\n|-heal|p2a: Rillaboom|18\/100|[from] Grassy Terrain\n|upkeep\n|turn|47\n|\n|t:|1700872193\n|move|p2a: Rillaboom|Drain Punch|p1a: Pyre Raptor\n|-resisted|p1a: Pyre Raptor\n|-damage|p1a: Pyre Raptor|73\/100 par\n|-heal|p2a: Rillaboom|23\/100|[from] drain|[of] p1a: Pyre Raptor\n|move|p1a: Pyre Raptor|Flamethrower|p2a: Rillaboom\n|-supereffective|p2a: Rillaboom\n|-damage|p2a: Rillaboom|0 fnt\n|faint|p2a: Rillaboom\n|\n|upkeep\n|\n|t:|1700872195\n|switch|p2a: Great Tusk|Great Tusk|60\/100 brn\n|turn|48\n|\n|t:|1700872200\n|move|p2a: Great Tusk|Body Press|p1a: Pyre Raptor\n|-resisted|p1a: Pyre Raptor\n|-damage|p1a: Pyre Raptor|64\/100 par\n|move|p1a: Pyre Raptor|Roost|p1a: Pyre Raptor\n|-heal|p1a: Pyre Raptor|100\/100 par\n|-singleturn|p1a: Pyre Raptor|move: Roost\n|\n|-heal|p2a: Great Tusk|66\/100 brn|[from] Grassy Terrain\n|-damage|p2a: Great Tusk|60\/100 brn|[from] brn\n|upkeep\n|turn|49\n|\n|t:|1700872203\n|move|p2a: Great Tusk|Body Press|p1a: Pyre Raptor\n|-resisted|p1a: Pyre Raptor\n|-damage|p1a: Pyre Raptor|93\/100 par\n|move|p1a: Pyre Raptor|Flamethrower|p2a: Great Tusk\n|-damage|p2a: Great Tusk|25\/100 brn\n|\n|-heal|p2a: Great Tusk|31\/100 brn|[from] Grassy Terrain\n|-damage|p2a: Great Tusk|25\/100 brn|[from] brn\n|upkeep\n|turn|50\n|\n|t:|1700872205\n|move|p2a: Great Tusk|Knock Off|p1a: Pyre Raptor\n|-damage|p1a: Pyre Raptor|87\/100 par\n|move|p1a: Pyre Raptor|Flamethrower|p2a: Great Tusk\n|-damage|p2a: Great Tusk|0 fnt\n|faint|p2a: Great Tusk\n|-end|p2a: Great Tusk|Protosynthesis|[silent]\n|\n|upkeep\n|\n|t:|1700872207\n|switch|p2a: Kingambit|Kingambit, M|100\/100\n|-activate|p2a: Kingambit|ability: Supreme Overlord\n|-start|p2a: Kingambit|fallen5|[silent]\n|turn|51\n|\n|t:|1700872212\n|move|p2a: Kingambit|Swords Dance|p2a: Kingambit\n|-boost|p2a: Kingambit|atk|2\n|move|p1a: Pyre Raptor|Flamethrower|p2a: Kingambit\n|-supereffective|p2a: Kingambit\n|-damage|p2a: Kingambit|7\/100\n|\n|-heal|p2a: Kingambit|13\/100|[from] Grassy Terrain\n|upkeep\n|turn|52\n|\n|t:|1700872218\n|move|p2a: Kingambit|Sucker Punch|p1a: Pyre Raptor\n|-crit|p1a: Pyre Raptor\n|-damage|p1a: Pyre Raptor|0 fnt\n|faint|p1a: Pyre Raptor\n|\n|-heal|p2a: Kingambit|20\/100|[from] Grassy Terrain\n|upkeep\n|\n|t:|1700872221\n|switch|p1a: Bloom Warden|Amoonguss, F|61\/100 par\n|turn|53\n|\n|t:|1700872228\n|move|p2a: Kingambit|Kowtow Cleave|p1a: Bloom Warden\n|-damage|p1a: Bloom Warden|0 fnt\n|-damage|p2a: Kingambit|3\/100|[from] item: Rocky Helmet|[of] p1a: Bloom Warden\n|faint|p1a: Bloom Warden\n|\n|-heal|p2a: Kingambit|9\/100|[from] Grassy Terrain\n|-fieldend|move: Grassy Terrain\n|upkeep\n|\n|t:|1700872230\n|switch|p1a: Abyssal Fin|Garchomp, M|100\/100\n|turn|54\n|c|\u2606SirBoogerBrain|gg\n|\n|t:|1700872234\n|-terastallize|p2a: Kingambit|Flying\n|move|p1a: Abyssal Fin|Earthquake|p2a: Kingambit\n|-immune|p2a: Kingambit\n|move|p2a: Kingambit|Kowtow Cleave|p1a: Abyssal Fin\n|-damage|p1a: Abyssal Fin|0 fnt\n|-damage|p2a: Kingambit|0 fnt|[from] ability: Rough Skin|[of] p1a: Abyssal Fin\n|faint|p1a: Abyssal Fin\n|faint|p2a: Kingambit\n|-end|p2a: Kingambit|fallen5|[silent]\n|\n|win|SirBoogerBrain\n|raw|SirBoogerBrain's rating: 1231 &rarr; <strong>1258<\/strong><br \/>(+27 for winning)\n|raw|chocodog212's rating: 1254 &rarr; <strong>1227<\/strong><br \/>(-27 for losing)\n","uploadtime":1700872242,"views":8,"p1id":"sirboogerbrain","p2id":"chocodog212","formatid":"gen9ou","rating":1227,"private":0,"password":""}