{"id":"gen9ou-1992438622","p1":"Imanjoneser","p2":"Brother Omen","format":"[Gen 9] OU","log":"|j|\u2606Imanjoneser\n|j|\u2606Brother Omen\n|t:|1700187648\n|gametype|singles\n|player|p1|Imanjoneser|bugcatcher-gen4dp|1062\n|player|p2|Brother Omen|veteran|1079\n|teamsize|p1|6\n|teamsize|p2|6\n|gen|9\n|tier|[Gen 9] OU\n|rated|\n|rule|Sleep Clause Mod: Limit one foe put to sleep\n|rule|Species Clause: Limit one of each Pok\u00e9mon\n|rule|OHKO Clause: OHKO moves are banned\n|rule|Evasion Items Clause: Evasion items are banned\n|rule|Evasion Moves Clause: Evasion moves are banned\n|rule|Endless Battle Clause: Forcing endless battles is banned\n|rule|HP Percentage Mod: HP is shown in percentages\n|clearpoke\n|poke|p1|Maushold-Four|\n|poke|p1|Ambipom, F|\n|poke|p1|Staraptor, M|\n|poke|p1|Ditto|\n|poke|p1|Farigiraf, F|\n|poke|p1|Sawsbuck, M|\n|poke|p2|Dragonite, M|\n|poke|p2|Scizor, M|\n|poke|p2|Walking Wake|\n|poke|p2|Moltres-Galar|\n|poke|p2|Arcanine-Hisui, M|\n|poke|p2|Clefable, F|\n|teampreview\n|\n|t:|1700187657\n|start\n|switch|p1a: Ambipom|Ambipom, F, shiny|100\/100\n|switch|p2a: Clefable|Clefable, F|100\/100\n|turn|1\n|\n|t:|1700187662\n|move|p1a: Ambipom|Fake Out|p2a: Clefable\n|-enditem|p1a: Ambipom|Normal Gem|[from] gem\n|-damage|p2a: Clefable|60\/100\n|cant|p2a: Clefable|flinch\n|\n|-heal|p2a: Clefable|66\/100|[from] item: Leftovers\n|upkeep\n|turn|2\n|\n|t:|1700187668\n|move|p1a: Ambipom|Thief|p2a: Clefable\n|-resisted|p2a: Clefable\n|-damage|p2a: Clefable|52\/100\n|-enditem|p2a: Clefable|Leftovers|[silent]|[from] move: Thief|[of] p1a: Ambipom\n|-item|p1a: Ambipom|Leftovers|[from] move: Thief|[of] p2a: Clefable\n|move|p2a: Clefable|Thunder Wave|p1a: Ambipom\n|-status|p1a: Ambipom|par\n|\n|upkeep\n|turn|3\n|\n|t:|1700187677\n|move|p1a: Ambipom|Taunt|p2a: Clefable\n|-start|p2a: Clefable|move: Taunt\n|cant|p2a: Clefable|move: Taunt|Cosmic Power\n|\n|upkeep\n|turn|4\n|\n|t:|1700187684\n|switch|p1a: Ditto|Ditto, shiny|100\/100\n|-transform|p1a: Ditto|p2a: Clefable|[from] ability: Imposter\n|switch|p2a: Moltres|Moltres-Galar|100\/100\n|\n|upkeep\n|turn|5\n|\n|t:|1700187697\n|move|p2a: Moltres|Nasty Plot|p2a: Moltres\n|-boost|p2a: Moltres|spa|2\n|move|p1a: Ditto|Thunder Wave|p2a: Moltres\n|-status|p2a: Moltres|par\n|\n|upkeep\n|turn|6\n|\n|t:|1700187713\n|switch|p1a: Sawsbuck|Sawsbuck, M, shiny|100\/100\n|move|p2a: Moltres|Nasty Plot|p2a: Moltres\n|-boost|p2a: Moltres|spa|2\n|\n|upkeep\n|turn|7\n|\n|t:|1700187738\n|move|p1a: Sawsbuck|Leech Seed|p2a: Moltres\n|-start|p2a: Moltres|move: Leech Seed\n|move|p2a: Moltres|Fiery Wrath|p1a: Sawsbuck\n|-damage|p1a: Sawsbuck|0 fnt\n|faint|p1a: Sawsbuck\n|\n|upkeep\n|\n|t:|1700187746\n|switch|p1a: Ditto|Ditto, shiny|100\/100\n|-transform|p1a: Ditto|p2a: Moltres|[from] ability: Imposter\n|turn|8\n|\n|t:|1700187755\n|move|p1a: Ditto|Air Slash|p2a: Moltres\n|-damage|p2a: Moltres|18\/100 par\n|-ability|p2a: Moltres|Berserk|boost\n|-boost|p2a: Moltres|spa|1\n|-enditem|p2a: Moltres|Sitrus Berry|[eat]\n|-heal|p2a: Moltres|43\/100 par|[from] item: Sitrus Berry\n|move|p2a: Moltres|Fiery Wrath|p1a: Ditto\n|-resisted|p1a: Ditto\n|-damage|p1a: Ditto|32\/100\n|-ability|p1a: Ditto|Berserk|boost\n|-boost|p1a: Ditto|spa|1\n|\n|-heal|p1a: Ditto|38\/100|[from] item: Leftovers\n|-damage|p2a: Moltres|31\/100 par|[from] Leech Seed|[of] p1a: Ditto\n|-heal|p1a: Ditto|51\/100|[silent]\n|upkeep\n|turn|9\n|\n|t:|1700187773\n|move|p1a: Ditto|Fiery Wrath|p2a: Moltres\n|-resisted|p2a: Moltres\n|-damage|p2a: Moltres|0 fnt\n|faint|p2a: Moltres\n|\n|-heal|p1a: Ditto|57\/100|[from] item: Leftovers\n|upkeep\n|\n|t:|1700187781\n|switch|p2a: Arcanine|Arcanine-Hisui, M|100\/100\n|turn|10\n|\n|t:|1700187790\n|move|p1a: Ditto|Protect|p1a: Ditto\n|-singleturn|p1a: Ditto|Protect\n|move|p2a: Arcanine|Head Smash|p1a: Ditto\n|-activate|p1a: Ditto|move: Protect\n|\n|-heal|p1a: Ditto|63\/100|[from] item: Leftovers\n|upkeep\n|turn|11\n|\n|t:|1700187818\n|-terastallize|p2a: Arcanine|Bug\n|move|p2a: Arcanine|Head Smash|p1a: Ditto\n|-supereffective|p1a: Ditto\n|-damage|p1a: Ditto|0 fnt\n|faint|p1a: Ditto\n|\n|upkeep\n|\n|t:|1700187833\n|switch|p1a: Staraptor|Staraptor, M, shiny|100\/100\n|-ability|p1a: Staraptor|Intimidate|boost\n|-unboost|p2a: Arcanine|atk|1\n|turn|12\n|c|\u2606Brother Omen|i now realize my error\n|\n|t:|1700187849\n|-terastallize|p1a: Staraptor|Normal\n|move|p2a: Arcanine|Head Smash|p1a: Staraptor\n|-damage|p1a: Staraptor|34\/100\n|move|p1a: Staraptor|Brave Bird|p2a: Arcanine\n|-supereffective|p2a: Arcanine\n|-damage|p2a: Arcanine|0 fnt\n|faint|p2a: Arcanine\n|-damage|p1a: Staraptor|0 fnt|[from] Recoil\n|faint|p1a: Staraptor\n|\n|upkeep\n|c|\u2606Imanjoneser|Oh\n|\n|t:|1700187867\n|switch|p1a: Ambipom|Ambipom, F, shiny|100\/100 par\n|switch|p2a: Dragonite|Dragonite, M|100\/100\n|turn|13\n|c|\u2606Imanjoneser|Happens to us all\n|\n|t:|1700187884\n|move|p2a: Dragonite|Extreme Speed|p1a: Ambipom\n|-damage|p1a: Ambipom|34\/100 par\n|cant|p1a: Ambipom|par\n|\n|-heal|p1a: Ambipom|40\/100 par|[from] item: Leftovers\n|upkeep\n|turn|14\n|\n|t:|1700187928\n|move|p2a: Dragonite|Extreme Speed|p1a: Ambipom\n|-damage|p1a: Ambipom|0 fnt\n|faint|p1a: Ambipom\n|\n|upkeep\n|\n|t:|1700187938\n|switch|p1a: Farigiraf|Farigiraf, F, shiny|100\/100\n|turn|15\n|\n|t:|1700187958\n|move|p2a: Dragonite|Extreme Speed||[still]\n|cant|p1a: Farigiraf|ability: Armor Tail|Extreme Speed|[of] p2a: Dragonite\n|move|p1a: Farigiraf|Reflect|p1a: Farigiraf\n|-sidestart|p1: Imanjoneser|Reflect\n|\n|upkeep\n|turn|16\n|\n|t:|1700187963\n|move|p2a: Dragonite|Extreme Speed||[still]\n|cant|p1a: Farigiraf|ability: Armor Tail|Extreme Speed|[of] p2a: Dragonite\n|move|p1a: Farigiraf|Nasty Plot|p1a: Farigiraf\n|-boost|p1a: Farigiraf|spa|2\n|\n|upkeep\n|turn|17\n|\n|t:|1700187974\n|switch|p2a: Walking Wake|Walking Wake|100\/100\n|move|p1a: Farigiraf|Nasty Plot|p1a: Farigiraf\n|-boost|p1a: Farigiraf|spa|2\n|\n|upkeep\n|turn|18\n|\n|t:|1700187980\n|move|p2a: Walking Wake|Sunny Day|p2a: Walking Wake\n|-weather|SunnyDay\n|-activate|p2a: Walking Wake|ability: Protosynthesis\n|-start|p2a: Walking Wake|protosynthesisspe\n|move|p1a: Farigiraf|Twin Beam|p2a: Walking Wake\n|-damage|p2a: Walking Wake|40\/100\n|-damage|p2a: Walking Wake|0 fnt\n|faint|p2a: Walking Wake\n|-end|p2a: Walking Wake|Protosynthesis|[silent]\n|-hitcount|p2: Walking Wake|2\n|\n|-weather|SunnyDay|[upkeep]\n|upkeep\n|\n|t:|1700187991\n|switch|p2a: Scizor|Scizor, M|100\/100\n|turn|19\n|\n|t:|1700188003\n|move|p2a: Scizor|Bullet Punch||[still]\n|cant|p1a: Farigiraf|ability: Armor Tail|Bullet Punch|[of] p2a: Scizor\n|move|p1a: Farigiraf|Twin Beam|p2a: Scizor\n|-resisted|p2a: Scizor\n|-damage|p2a: Scizor|67\/100\n|-resisted|p2a: Scizor\n|-damage|p2a: Scizor|34\/100\n|-hitcount|p2a: Scizor|2\n|\n|-weather|SunnyDay|[upkeep]\n|-sideend|p1: Imanjoneser|Reflect\n|upkeep\n|turn|20\n|\n|t:|1700188018\n|move|p2a: Scizor|U-turn|p1a: Farigiraf\n|-supereffective|p1a: Farigiraf\n|-damage|p1a: Farigiraf|45\/100\n|\n|t:|1700188022\n|switch|p2a: Dragonite|Dragonite, M|100\/100|[from] U-turn\n|move|p1a: Farigiraf|Reflect|p1a: Farigiraf\n|-sidestart|p1: Imanjoneser|Reflect\n|\n|-weather|SunnyDay|[upkeep]\n|-heal|p1a: Farigiraf|51\/100|[from] item: Leftovers\n|upkeep\n|turn|21\n|\n|t:|1700188035\n|move|p2a: Dragonite|Stomping Tantrum|p1a: Farigiraf\n|-damage|p1a: Farigiraf|33\/100\n|move|p1a: Farigiraf|Twin Beam|p2a: Dragonite\n|-damage|p2a: Dragonite|44\/100\n|-damage|p2a: Dragonite|0 fnt\n|faint|p2a: Dragonite\n|-hitcount|p2: Dragonite|2\n|\n|-weather|SunnyDay|[upkeep]\n|-heal|p1a: Farigiraf|39\/100|[from] item: Leftovers\n|upkeep\n|\n|t:|1700188043\n|switch|p2a: Scizor|Scizor, M|34\/100\n|turn|22\n|\n|t:|1700188048\n|move|p2a: Scizor|U-turn|p1a: Farigiraf\n|-supereffective|p1a: Farigiraf\n|-damage|p1a: Farigiraf|9\/100\n|\n|t:|1700188051\n|switch|p2a: Clefable|Clefable, F|52\/100|[from] U-turn\n|move|p1a: Farigiraf|Twin Beam|p2a: Clefable\n|-damage|p2a: Clefable|39\/100\n|-damage|p2a: Clefable|28\/100\n|-hitcount|p2a: Clefable|2\n|\n|-weather|none\n|-heal|p1a: Farigiraf|15\/100|[from] item: Leftovers\n|upkeep\n|turn|23\n|\n|t:|1700188061\n|move|p2a: Clefable|Moonlight|p2a: Clefable\n|-heal|p2a: Clefable|78\/100\n|move|p1a: Farigiraf|Twin Beam|p2a: Clefable\n|-damage|p2a: Clefable|65\/100\n|-damage|p2a: Clefable|52\/100\n|-hitcount|p2a: Clefable|2\n|\n|-heal|p1a: Farigiraf|21\/100|[from] item: Leftovers\n|upkeep\n|turn|24\n|\n|t:|1700188071\n|move|p1a: Farigiraf|Twin Beam|p2a: Clefable\n|-damage|p2a: Clefable|40\/100\n|-damage|p2a: Clefable|27\/100\n|-hitcount|p2a: Clefable|2\n|move|p2a: Clefable|Cosmic Power|p2a: Clefable\n|-boost|p2a: Clefable|def|1\n|-boost|p2a: Clefable|spd|1\n|\n|-heal|p1a: Farigiraf|27\/100|[from] item: Leftovers\n|-sideend|p1: Imanjoneser|Reflect\n|upkeep\n|turn|25\n|c|\u2606Imanjoneser|wow\n|\n|t:|1700188081\n|move|p1a: Farigiraf|Twin Beam|p2a: Clefable\n|-damage|p2a: Clefable|18\/100\n|-damage|p2a: Clefable|9\/100\n|-hitcount|p2a: Clefable|2\n|move|p2a: Clefable|Moonlight|p2a: Clefable\n|-heal|p2a: Clefable|59\/100\n|\n|-heal|p1a: Farigiraf|33\/100|[from] item: Leftovers\n|upkeep\n|turn|26\n|\n|t:|1700188094\n|switch|p1a: Maushold|Maushold-Four, shiny|100\/100\n|move|p2a: Clefable|Cosmic Power|p2a: Clefable\n|-boost|p2a: Clefable|def|1\n|-boost|p2a: Clefable|spd|1\n|\n|upkeep\n|turn|27\n|\n|t:|1700188100\n|move|p1a: Maushold|Taunt|p2a: Clefable\n|-start|p2a: Clefable|move: Taunt\n|cant|p2a: Clefable|move: Taunt|Cosmic Power\n|\n|upkeep\n|turn|28\n|\n|t:|1700188105\n|move|p1a: Maushold|Population Bomb|p2a: Clefable\n|-damage|p2a: Clefable|52\/100\n|-damage|p2a: Clefable|46\/100\n|-crit|p2a: Clefable\n|-damage|p2a: Clefable|26\/100\n|-damage|p2a: Clefable|20\/100\n|-damage|p2a: Clefable|14\/100\n|-damage|p2a: Clefable|8\/100\n|-damage|p2a: Clefable|2\/100\n|-crit|p2a: Clefable\n|-damage|p2a: Clefable|0 fnt\n|faint|p2a: Clefable\n|-hitcount|p2: Clefable|8\n|\n|upkeep\n|\n|t:|1700188117\n|switch|p2a: Scizor|Scizor, M|34\/100\n|turn|29\n|\n|t:|1700188122\n|move|p1a: Maushold|Population Bomb|p2a: Scizor\n|-resisted|p2a: Scizor\n|-damage|p2a: Scizor|29\/100\n|-resisted|p2a: Scizor\n|-damage|p2a: Scizor|25\/100\n|-resisted|p2a: Scizor\n|-damage|p2a: Scizor|21\/100\n|-resisted|p2a: Scizor\n|-damage|p2a: Scizor|17\/100\n|-resisted|p2a: Scizor\n|-damage|p2a: Scizor|13\/100\n|-resisted|p2a: Scizor\n|-damage|p2a: Scizor|9\/100\n|-resisted|p2a: Scizor\n|-damage|p2a: Scizor|5\/100\n|-hitcount|p2a: Scizor|7\n|move|p2a: Scizor|Dual Wingbeat|p1a: Maushold\n|-damage|p1a: Maushold|74\/100\n|-damage|p1a: Maushold|45\/100\n|-hitcount|p1a: Maushold|2\n|\n|upkeep\n|turn|30\n|\n|t:|1700188144\n|move|p2a: Scizor|Protect|p2a: Scizor\n|-singleturn|p2a: Scizor|Protect\n|move|p1a: Maushold|Population Bomb|p2a: Scizor\n|-activate|p2a: Scizor|move: Protect\n|\n|upkeep\n|turn|31\n|\n|t:|1700188153\n|move|p1a: Maushold|Bite|p2a: Scizor\n|-damage|p2a: Scizor|0 fnt\n|faint|p2a: Scizor\n|\n|win|Imanjoneser\n|raw|Imanjoneser's rating: 1062 &rarr; <strong>1094<\/strong><br \/>(+32 for winning)\n|raw|Brother Omen's rating: 1079 &rarr; <strong>1056<\/strong><br \/>(-23 for losing)\n|l|\u2606Brother Omen\n|c|\u2606Imanjoneser|gg!\n","uploadtime":1700188205,"views":7,"p1id":"imanjoneser","p2id":"brotheromen","formatid":"gen9ou","rating":1056,"private":0,"password":""}