{"id":"gen9ou-1988970089","p1":"wyverbal","p2":"Samlex","format":"[Gen 9] OU","log":"|j|\u2606wyverbal\n|j|\u2606Samlex\n|t:|1699796332\n|gametype|singles\n|player|p1|wyverbal|2|1173\n|player|p2|Samlex|nate|1103\n|teamsize|p1|6\n|teamsize|p2|6\n|gen|9\n|tier|[Gen 9] OU\n|rated|\n|rule|Sleep Clause Mod: Limit one foe put to sleep\n|rule|Species Clause: Limit one of each Pok\u00e9mon\n|rule|OHKO Clause: OHKO moves are banned\n|rule|Evasion Items Clause: Evasion items are banned\n|rule|Evasion Moves Clause: Evasion moves are banned\n|rule|Endless Battle Clause: Forcing endless battles is banned\n|rule|HP Percentage Mod: HP is shown in percentages\n|clearpoke\n|poke|p1|Zamazenta-*|\n|poke|p1|Kommo-o, F|\n|poke|p1|Ceruledge, M|\n|poke|p1|Tornadus, M|\n|poke|p1|Greninja-*, M|\n|poke|p1|Sandslash, F|\n|poke|p2|Greninja-*, M|\n|poke|p2|Salazzle, F|\n|poke|p2|Corviknight, F|\n|poke|p2|Iron Valiant|\n|poke|p2|Gastrodon, F|\n|poke|p2|Tsareena, F|\n|teampreview\n|inactive|Battle timer is ON: inactive players will automatically lose when time's up. (requested by wyverbal)\n|inactive|wyverbal has 120 seconds left.\n|\n|t:|1699796373\n|start\n|switch|p1a: Tornadus|Tornadus, M, shiny|100\/100\n|switch|p2a: Gastrodon|Gastrodon, F|100\/100\n|turn|1\n|\n|t:|1699796379\n|move|p1a: Tornadus|Taunt|p2a: Gastrodon\n|-start|p2a: Gastrodon|move: Taunt\n|cant|p2a: Gastrodon|move: Taunt|Stealth Rock\n|\n|upkeep\n|turn|2\n|\n|t:|1699796391\n|switch|p2a: Corviknight|Corviknight, F|100\/100\n|move|p1a: Tornadus|Bleakwind Storm|p2a: Corviknight\n|-resisted|p2a: Corviknight\n|-damage|p2a: Corviknight|83\/100\n|\n|upkeep\n|turn|3\n|\n|t:|1699796399\n|move|p1a: Tornadus|Taunt|p2a: Corviknight\n|-start|p2a: Corviknight|move: Taunt\n|move|p2a: Corviknight|Iron Head|p1a: Tornadus\n|-damage|p1a: Tornadus|63\/100\n|\n|upkeep\n|turn|4\n|\n|t:|1699796406\n|switch|p1a: Zamazenta|Zamazenta, shiny|100\/100\n|-ability|p1a: Zamazenta|Dauntless Shield|boost\n|-boost|p1a: Zamazenta|def|1\n|move|p2a: Corviknight|Iron Head|p1a: Zamazenta\n|-damage|p1a: Zamazenta|87\/100\n|\n|upkeep\n|turn|5\n|\n|t:|1699796415\n|move|p1a: Zamazenta|Light Screen|p1a: Zamazenta\n|-sidestart|p1: wyverbal|move: Light Screen\n|move|p2a: Corviknight|Brave Bird|p1a: Zamazenta\n|-supereffective|p1a: Zamazenta\n|-damage|p1a: Zamazenta|48\/100\n|-damage|p2a: Corviknight|71\/100|[from] Recoil\n|\n|-end|p2a: Corviknight|move: Taunt\n|upkeep\n|turn|6\n|\n|t:|1699796424\n|move|p1a: Zamazenta|Reflect|p1a: Zamazenta\n|-sidestart|p1: wyverbal|Reflect\n|move|p2a: Corviknight|Bulk Up|p2a: Corviknight\n|-boost|p2a: Corviknight|atk|1\n|-boost|p2a: Corviknight|def|1\n|\n|upkeep\n|turn|7\n|\n|t:|1699796430\n|switch|p1a: Kommo-o|Kommo-o, F, shiny|100\/100\n|move|p2a: Corviknight|Bulk Up|p2a: Corviknight\n|-boost|p2a: Corviknight|atk|1\n|-boost|p2a: Corviknight|def|1\n|\n|upkeep\n|turn|8\n|\n|t:|1699796437\n|move|p1a: Kommo-o|Iron Defense|p1a: Kommo-o\n|-boost|p1a: Kommo-o|def|2\n|move|p2a: Corviknight|Brave Bird|p1a: Kommo-o\n|-supereffective|p1a: Kommo-o\n|-damage|p1a: Kommo-o|77\/100\n|-damage|p2a: Corviknight|64\/100|[from] Recoil\n|\n|upkeep\n|turn|9\n|\n|t:|1699796446\n|move|p1a: Kommo-o|Iron Defense|p1a: Kommo-o\n|-boost|p1a: Kommo-o|def|2\n|move|p2a: Corviknight|Bulk Up|p2a: Corviknight\n|-boost|p2a: Corviknight|atk|1\n|-boost|p2a: Corviknight|def|1\n|\n|upkeep\n|turn|10\n|\n|t:|1699796452\n|move|p1a: Kommo-o|Iron Defense|p1a: Kommo-o\n|-boost|p1a: Kommo-o|def|2\n|move|p2a: Corviknight|Roost|p2a: Corviknight\n|-heal|p2a: Corviknight|100\/100\n|-singleturn|p2a: Corviknight|move: Roost\n|\n|upkeep\n|turn|11\n|\n|t:|1699796462\n|move|p2a: Corviknight|Brave Bird|p1a: Kommo-o\n|-supereffective|p1a: Kommo-o\n|-damage|p1a: Kommo-o|63\/100\n|-damage|p2a: Corviknight|96\/100|[from] Recoil\n|move|p1a: Kommo-o|Dragon Tail|p2a: Corviknight\n|-resisted|p2a: Corviknight\n|-crit|p2a: Corviknight\n|-damage|p2a: Corviknight|83\/100\n|-damage|p1a: Kommo-o|46\/100|[from] item: Rocky Helmet|[of] p2a: Corviknight\n|drag|p2a: Tsareena|Tsareena, F|100\/100\n|\n|upkeep\n|turn|12\n|\n|t:|1699796474\n|switch|p2a: Corviknight|Corviknight, F|83\/100\n|move|p1a: Kommo-o|Rest|p1a: Kommo-o\n|-status|p1a: Kommo-o|slp|[from] move: Rest\n|-heal|p1a: Kommo-o|100\/100 slp|[silent]\n|-enditem|p1a: Kommo-o|Chesto Berry|[eat]\n|-curestatus|p1a: Kommo-o|slp|[msg]\n|\n|-sideend|p1: wyverbal|move: Light Screen\n|upkeep\n|turn|13\n|\n|t:|1699796484\n|move|p1a: Kommo-o|Body Press|p2a: Corviknight\n|-damage|p2a: Corviknight|0 fnt\n|-damage|p1a: Kommo-o|84\/100|[from] item: Rocky Helmet|[of] p2a: Corviknight\n|faint|p2a: Corviknight\n|\n|-sideend|p1: wyverbal|Reflect\n|upkeep\n|\n|t:|1699796498\n|switch|p2a: Gastrodon|Gastrodon, F|100\/100\n|turn|14\n|\n|t:|1699796502\n|move|p1a: Kommo-o|Body Press|p2a: Gastrodon\n|-damage|p2a: Gastrodon|0 fnt\n|faint|p2a: Gastrodon\n|\n|upkeep\n|\n|t:|1699796507\n|switch|p2a: Salazzle|Salazzle, F|100\/100\n|turn|15\n|\n|t:|1699796511\n|move|p2a: Salazzle|Toxic|p1a: Kommo-o\n|-status|p1a: Kommo-o|tox\n|move|p1a: Kommo-o|Body Press|p2a: Salazzle\n|-resisted|p2a: Salazzle\n|-damage|p2a: Salazzle|0 fnt\n|faint|p2a: Salazzle\n|\n|-damage|p1a: Kommo-o|78\/100 tox|[from] psn\n|upkeep\n|\n|t:|1699796521\n|switch|p2a: Greninja|Greninja, M|100\/100\n|turn|16\n|\n|t:|1699796524\n|move|p2a: Greninja|Ice Beam|p1a: Kommo-o\n|-start|p2a: Greninja|typechange|Ice|[from] ability: Protean\n|-supereffective|p1a: Kommo-o\n|-damage|p1a: Kommo-o|0 fnt\n|faint|p1a: Kommo-o\n|\n|upkeep\n|\n|t:|1699796544\n|switch|p1a: Zamazenta|Zamazenta, shiny|48\/100\n|turn|17\n|\n|t:|1699796549\n|move|p1a: Zamazenta|Body Press|p2a: Greninja\n|-supereffective|p2a: Greninja\n|-damage|p2a: Greninja|1\/100\n|move|p2a: Greninja|Ice Beam|p1a: Zamazenta\n|-damage|p1a: Zamazenta|0 fnt\n|faint|p1a: Zamazenta\n|\n|upkeep\n|\n|t:|1699796557\n|switch|p1a: Greninja|Greninja, M|100\/100\n|turn|18\n|\n|t:|1699796561\n|switch|p2a: Tsareena|Tsareena, F|100\/100\n|move|p1a: Greninja|Water Shuriken||[still]\n|cant|p2a: Tsareena|ability: Queenly Majesty|Water Shuriken|[of] p1a: Greninja\n|\n|upkeep\n|turn|19\n|\n|t:|1699796571\n|switch|p1a: Tornadus|Tornadus, M, shiny|63\/100\n|move|p2a: Tsareena|Rapid Spin|p1a: Tornadus\n|-damage|p1a: Tornadus|33\/100\n|-boost|p2a: Tsareena|spe|1\n|\n|upkeep\n|turn|20\n|\n|t:|1699796588\n|move|p1a: Tornadus|Sandstorm|p1a: Tornadus\n|-weather|Sandstorm\n|move|p2a: Tsareena|Play Rough|p1a: Tornadus\n|-damage|p1a: Tornadus|0 fnt\n|faint|p1a: Tornadus\n|\n|-weather|Sandstorm|[upkeep]\n|-damage|p2a: Tsareena|95\/100|[from] Sandstorm\n|upkeep\n|\n|t:|1699796604\n|switch|p1a: Sandslash|Sandslash, F, shiny|100\/100\n|turn|21\n|\n|t:|1699796613\n|move|p1a: Sandslash|Earthquake|p2a: Tsareena\n|-resisted|p2a: Tsareena\n|-crit|p2a: Tsareena\n|-damage|p2a: Tsareena|44\/100\n|-damage|p1a: Sandslash|91\/100|[from] item: Life Orb\n|move|p2a: Tsareena|Power Whip|p1a: Sandslash\n|-supereffective|p1a: Sandslash\n|-crit|p1a: Sandslash\n|-damage|p1a: Sandslash|0 fnt\n|faint|p1a: Sandslash\n|\n|-weather|Sandstorm|[upkeep]\n|-damage|p2a: Tsareena|38\/100|[from] Sandstorm\n|upkeep\n|\n|t:|1699796627\n|switch|p1a: Ceruledge|Ceruledge, M, shiny|100\/100\n|turn|22\n|\n|t:|1699796637\n|move|p2a: Tsareena|Power Whip|p1a: Ceruledge\n|-resisted|p1a: Ceruledge\n|-damage|p1a: Ceruledge|58\/100\n|move|p1a: Ceruledge|Swords Dance|p1a: Ceruledge\n|-boost|p1a: Ceruledge|atk|2\n|\n|-weather|Sandstorm|[upkeep]\n|-damage|p2a: Tsareena|32\/100|[from] Sandstorm\n|-damage|p1a: Ceruledge|52\/100|[from] Sandstorm\n|upkeep\n|turn|23\n|\n|t:|1699796649\n|move|p2a: Tsareena|Power Whip|p1a: Ceruledge\n|-resisted|p1a: Ceruledge\n|-damage|p1a: Ceruledge|10\/100\n|move|p1a: Ceruledge|Bitter Blade|p2a: Tsareena\n|-supereffective|p2a: Tsareena\n|-damage|p2a: Tsareena|0 fnt\n|-heal|p1a: Ceruledge|26\/100|[from] drain|[of] p2a: Tsareena\n|faint|p2a: Tsareena\n|\n|-weather|Sandstorm|[upkeep]\n|-damage|p1a: Ceruledge|19\/100|[from] Sandstorm\n|upkeep\n|\n|t:|1699796661\n|switch|p2a: Greninja|Greninja, M|1\/100\n|turn|24\n|\n|t:|1699796666\n|move|p1a: Ceruledge|Shadow Sneak|p2a: Greninja\n|-resisted|p2a: Greninja\n|-damage|p2a: Greninja|0 fnt\n|faint|p2a: Greninja\n|\n|-weather|Sandstorm|[upkeep]\n|-damage|p1a: Ceruledge|13\/100|[from] Sandstorm\n|upkeep\n|\n|t:|1699796673\n|switch|p2a: Iron Valiant|Iron Valiant|100\/100\n|-enditem|p2a: Iron Valiant|Booster Energy\n|-activate|p2a: Iron Valiant|ability: Quark Drive|[fromitem]\n|-start|p2a: Iron Valiant|quarkdrivespe\n|turn|25\n|\n|t:|1699796684\n|-terastallize|p2a: Iron Valiant|Steel\n|-terastallize|p1a: Ceruledge|Ghost\n|move|p1a: Ceruledge|Shadow Sneak|p2a: Iron Valiant\n|-damage|p2a: Iron Valiant|33\/100\n|move|p2a: Iron Valiant|Knock Off|p1a: Ceruledge\n|-supereffective|p1a: Ceruledge\n|-damage|p1a: Ceruledge|0 fnt\n|-enditem|p1a: Ceruledge|Heavy-Duty Boots|[from] move: Knock Off|[of] p2a: Iron Valiant\n|faint|p1a: Ceruledge\n|\n|-weather|Sandstorm|[upkeep]\n|upkeep\n|\n|t:|1699796694\n|switch|p1a: Greninja|Greninja, M|100\/100\n|turn|26\n|\n|t:|1699796699\n|move|p1a: Greninja|Water Shuriken|p2a: Iron Valiant\n|-damage|p2a: Iron Valiant|14\/100\n|-crit|p2a: Iron Valiant\n|-damage|p2a: Iron Valiant|0 fnt\n|faint|p2a: Iron Valiant\n|-end|p2a: Iron Valiant|Quark Drive|[silent]\n|-hitcount|p2: Iron Valiant|2\n|-damage|p1a: Greninja|91\/100|[from] item: Life Orb\n|\n|win|wyverbal\n|raw|wyverbal's rating: 1173 &rarr; <strong>1193<\/strong><br \/>(+20 for winning)\n|raw|Samlex's rating: 1103 &rarr; <strong>1083<\/strong><br \/>(-20 for losing)\n","uploadtime":1699796708,"views":9,"p1id":"wyverbal","p2id":"samlex","formatid":"gen9ou","rating":1083,"private":0,"password":""}