{"id":"gen9ou-1996217918","p1":"fmfnr","p2":"ooj2","format":"[Gen 9] OU","log":"|j|\u2606fmfnr\n|j|\u2606ooj2\n|t:|1700660431\n|gametype|singles\n|player|p1|fmfnr|hilbert|1470\n|player|p2|ooj2|psychicf-gen4|1407\n|teamsize|p1|6\n|teamsize|p2|6\n|gen|9\n|tier|[Gen 9] OU\n|rated|\n|rule|Sleep Clause Mod: Limit one foe put to sleep\n|rule|Species Clause: Limit one of each Pok\u00e9mon\n|rule|OHKO Clause: OHKO moves are banned\n|rule|Evasion Items Clause: Evasion items are banned\n|rule|Evasion Moves Clause: Evasion moves are banned\n|rule|Endless Battle Clause: Forcing endless battles is banned\n|rule|HP Percentage Mod: HP is shown in percentages\n|clearpoke\n|poke|p1|Weavile, F|\n|poke|p1|Landorus-Therian, M|\n|poke|p1|Iron Valiant|\n|poke|p1|Skeledirge, M|\n|poke|p1|Toxapex, F|\n|poke|p1|Goodra-Hisui, F|\n|poke|p2|Garganacl, F|\n|poke|p2|Kingambit, M|\n|poke|p2|Great Tusk|\n|poke|p2|Dragapult, M|\n|poke|p2|Iron Moth|\n|poke|p2|Rillaboom, M|\n|teampreview\n|inactive|Battle timer is ON: inactive players will automatically lose when time's up. (requested by ooj2)\n|j| sadfff\n|inactive|ooj2 has 120 seconds left.\n|\n|t:|1700660471\n|start\n|switch|p1a: Landorus|Landorus-Therian, M|100\/100\n|switch|p2a: Garganacl|Garganacl, F, shiny|100\/100\n|-ability|p1a: Landorus|Intimidate|boost\n|-unboost|p2a: Garganacl|atk|1\n|turn|1\n|\n|t:|1700660477\n|move|p1a: Landorus|Earthquake|p2a: Garganacl\n|-supereffective|p2a: Garganacl\n|-damage|p2a: Garganacl|22\/100\n|move|p2a: Garganacl|Salt Cure|p1a: Landorus\n|-damage|p1a: Landorus|88\/100\n|-start|p1a: Landorus|Salt Cure\n|\n|-heal|p2a: Garganacl|28\/100|[from] item: Leftovers\n|-damage|p1a: Landorus|76\/100|[from] Salt Cure\n|upkeep\n|turn|2\n|\n|t:|1700660480\n|move|p2a: Garganacl|Protect|p2a: Garganacl\n|-singleturn|p2a: Garganacl|Protect\n|move|p1a: Landorus|Earthquake|p2a: Garganacl\n|-activate|p2a: Garganacl|move: Protect\n|\n|-heal|p2a: Garganacl|34\/100|[from] item: Leftovers\n|-damage|p1a: Landorus|64\/100|[from] Salt Cure\n|upkeep\n|turn|3\n|\n|t:|1700660482\n|switch|p2a: Rillaboom|Rillaboom, M|100\/100\n|-fieldstart|move: Grassy Terrain|[from] ability: Grassy Surge|[of] p2a: Rillaboom\n|move|p1a: Landorus|Earthquake|p2a: Rillaboom\n|-resisted|p2a: Rillaboom\n|-damage|p2a: Rillaboom|86\/100\n|\n|-heal|p2a: Rillaboom|92\/100|[from] Grassy Terrain\n|-damage|p1a: Landorus|52\/100|[from] Salt Cure\n|upkeep\n|turn|4\n|\n|t:|1700660486\n|move|p2a: Rillaboom|U-turn|p1a: Landorus\n|-resisted|p1a: Landorus\n|-damage|p1a: Landorus|37\/100\n|-enditem|p1a: Landorus|Sitrus Berry|[eat]\n|-heal|p1a: Landorus|62\/100|[from] item: Sitrus Berry\n|\n|t:|1700660491\n|switch|p2a: Garganacl|Garganacl, F, shiny|34\/100|[from] U-turn\n|move|p1a: Landorus|U-turn|p2a: Garganacl\n|-damage|p2a: Garganacl|18\/100\n|\n|t:|1700660499\n|switch|p1a: Goodra|Goodra-Hisui, F|100\/100|[from] U-turn\n|\n|-heal|p2a: Garganacl|24\/100|[from] Grassy Terrain\n|-heal|p2a: Garganacl|30\/100|[from] item: Leftovers\n|upkeep\n|turn|5\n|\n|t:|1700660514\n|switch|p2a: Rillaboom|Rillaboom, M|92\/100\n|move|p1a: Goodra|Flash Cannon|p2a: Rillaboom\n|-damage|p2a: Rillaboom|54\/100\n|-unboost|p2a: Rillaboom|spd|1\n|\n|-heal|p2a: Rillaboom|60\/100|[from] Grassy Terrain\n|upkeep\n|turn|6\n|inactive|fmfnr has 120 seconds left.\n|\n|t:|1700660555\n|switch|p1a: Landorus|Landorus-Therian, M|62\/100\n|-ability|p1a: Landorus|Intimidate|boost\n|-unboost|p2a: Rillaboom|atk|1\n|move|p2a: Rillaboom|U-turn|p1a: Landorus\n|-resisted|p1a: Landorus\n|-damage|p1a: Landorus|53\/100\n|\n|t:|1700660566\n|switch|p2a: Dragapult|Dragapult, M|100\/100|[from] U-turn\n|\n|upkeep\n|turn|7\n|inactive|fmfnr has 120 seconds left.\n|\n|t:|1700660579\n|move|p2a: Dragapult|Draco Meteor|p1a: Landorus\n|-damage|p1a: Landorus|0 fnt\n|-unboost|p2a: Dragapult|spa|2\n|faint|p1a: Landorus\n|\n|-fieldend|move: Grassy Terrain\n|upkeep\n|\n|t:|1700660586\n|switch|p1a: Iron Valiant|Iron Valiant|100\/100\n|turn|8\n|inactive|fmfnr has 120 seconds left.\n|\n|t:|1700660594\n|switch|p2a: Iron Moth|Iron Moth|100\/100\n|-enditem|p2a: Iron Moth|Booster Energy\n|-activate|p2a: Iron Moth|ability: Quark Drive|[fromitem]\n|-start|p2a: Iron Moth|quarkdrivespe\n|move|p1a: Iron Valiant|Psyshock|p2a: Iron Moth\n|-supereffective|p2a: Iron Moth\n|-damage|p2a: Iron Moth|3\/100\n|-damage|p1a: Iron Valiant|91\/100|[from] item: Life Orb\n|\n|upkeep\n|turn|9\n|\n|t:|1700660605\n|-end|p1a: Iron Valiant|Quark Drive|[silent]\n|switch|p1a: Goodra|Goodra-Hisui, F|100\/100\n|move|p2a: Iron Moth|Fiery Dance|p1a: Goodra\n|-damage|p1a: Goodra|82\/100\n|\n|upkeep\n|turn|10\n|\n|t:|1700660613\n|move|p2a: Iron Moth|Fiery Dance|p1a: Goodra\n|-damage|p1a: Goodra|62\/100\n|move|p1a: Goodra|Flash Cannon|p2a: Iron Moth\n|-resisted|p2a: Iron Moth\n|-damage|p2a: Iron Moth|0 fnt\n|faint|p2a: Iron Moth\n|-end|p2a: Iron Moth|Quark Drive|[silent]\n|\n|upkeep\n|\n|t:|1700660627\n|switch|p2a: Great Tusk|Great Tusk|100\/100\n|turn|11\n|\n|t:|1700660643\n|move|p2a: Great Tusk|Headlong Rush|p1a: Goodra\n|-supereffective|p1a: Goodra\n|-damage|p1a: Goodra|0 fnt\n|-unboost|p2a: Great Tusk|def|1\n|-unboost|p2a: Great Tusk|spd|1\n|-ability|p1a: Goodra|Gooey\n|-unboost|p2a: Great Tusk|spe|1\n|faint|p1a: Goodra\n|\n|upkeep\n|\n|t:|1700660647\n|switch|p1a: Iron Valiant|Iron Valiant|91\/100\n|turn|12\n|\n|t:|1700660664\n|-terastallize|p2a: Great Tusk|Poison\n|move|p1a: Iron Valiant|Moonblast|p2a: Great Tusk\n|-resisted|p2a: Great Tusk\n|-damage|p2a: Great Tusk|59\/100\n|-unboost|p2a: Great Tusk|spa|1\n|-damage|p1a: Iron Valiant|81\/100|[from] item: Life Orb\n|move|p2a: Great Tusk|Headlong Rush|p1a: Iron Valiant\n|-damage|p1a: Iron Valiant|0 fnt\n|-unboost|p2a: Great Tusk|def|1\n|-unboost|p2a: Great Tusk|spd|1\n|faint|p1a: Iron Valiant\n|-end|p1a: Iron Valiant|Quark Drive|[silent]\n|\n|upkeep\n|\n|t:|1700660675\n|switch|p1a: Weavile|Weavile, F|100\/100\n|-ability|p1a: Weavile|Pressure\n|turn|13\n|\n|t:|1700660680\n|-end|p2a: Great Tusk|Protosynthesis|[silent]\n|switch|p2a: Kingambit|Kingambit, M|100\/100\n|-activate|p2a: Kingambit|ability: Supreme Overlord\n|-start|p2a: Kingambit|fallen1|[silent]\n|move|p1a: Weavile|Knock Off|p2a: Kingambit\n|-resisted|p2a: Kingambit\n|-crit|p2a: Kingambit\n|-damage|p2a: Kingambit|63\/100\n|-enditem|p2a: Kingambit|Lum Berry|[from] move: Knock Off|[of] p1a: Weavile\n|\n|upkeep\n|turn|14\n|\n|t:|1700660689\n|switch|p1a: Toxapex|Toxapex, F|100\/100\n|move|p2a: Kingambit|Kowtow Cleave|p1a: Toxapex\n|-damage|p1a: Toxapex|66\/100\n|-damage|p2a: Kingambit|47\/100|[from] item: Rocky Helmet|[of] p1a: Toxapex\n|\n|upkeep\n|turn|15\n|\n|t:|1700660694\n|move|p2a: Kingambit|Swords Dance|p2a: Kingambit\n|-boost|p2a: Kingambit|atk|2\n|move|p1a: Toxapex|Recover|p1a: Toxapex\n|-heal|p1a: Toxapex|100\/100\n|\n|upkeep\n|turn|16\n|\n|t:|1700660696\n|move|p2a: Kingambit|Kowtow Cleave|p1a: Toxapex\n|-damage|p1a: Toxapex|33\/100\n|-damage|p2a: Kingambit|30\/100|[from] item: Rocky Helmet|[of] p1a: Toxapex\n|move|p1a: Toxapex|Haze|p1a: Toxapex\n|-clearallboost\n|\n|upkeep\n|turn|17\n|\n|t:|1700660708\n|switch|p1a: Weavile|Weavile, F|100\/100\n|-ability|p1a: Weavile|Pressure\n|move|p2a: Kingambit|Kowtow Cleave|p1a: Weavile\n|-resisted|p1a: Weavile\n|-damage|p1a: Weavile|51\/100\n|\n|upkeep\n|turn|18\n|\n|t:|1700660715\n|move|p1a: Weavile|Icicle Crash|p2a: Kingambit\n|-resisted|p2a: Kingambit\n|-damage|p2a: Kingambit|7\/100\n|move|p2a: Kingambit|Kowtow Cleave|p1a: Weavile\n|-resisted|p1a: Weavile\n|-damage|p1a: Weavile|7\/100\n|\n|upkeep\n|turn|19\n|\n|t:|1700660719\n|switch|p1a: Toxapex|Toxapex, F|66\/100\n|move|p2a: Kingambit|Sucker Punch||[still]\n|-fail|p2a: Kingambit\n|\n|upkeep\n|turn|20\n|\n|t:|1700660728\n|-end|p2a: Kingambit|fallen1|[silent]\n|switch|p2a: Garganacl|Garganacl, F, shiny|30\/100\n|move|p1a: Toxapex|Recover|p1a: Toxapex\n|-heal|p1a: Toxapex|100\/100\n|\n|-heal|p2a: Garganacl|36\/100|[from] item: Leftovers\n|upkeep\n|turn|21\n|\n|t:|1700660736\n|move|p1a: Toxapex|Infestation|p2a: Garganacl\n|-damage|p2a: Garganacl|34\/100\n|-activate|p2a: Garganacl|move: Infestation|[of] p1a: Toxapex\n|move|p2a: Garganacl|Recover|p2a: Garganacl\n|-heal|p2a: Garganacl|84\/100\n|\n|-heal|p2a: Garganacl|91\/100|[from] item: Leftovers\n|-damage|p2a: Garganacl|78\/100|[from] move: Infestation|[partiallytrapped]\n|upkeep\n|turn|22\n|\n|t:|1700660740\n|move|p2a: Garganacl|Salt Cure|p1a: Toxapex\n|-damage|p1a: Toxapex|93\/100\n|-start|p1a: Toxapex|Salt Cure\n|move|p1a: Toxapex|Toxic|p2a: Garganacl\n|-immune|p2a: Garganacl|[from] ability: Purifying Salt\n|\n|-heal|p2a: Garganacl|84\/100|[from] item: Leftovers\n|-damage|p1a: Toxapex|68\/100|[from] Salt Cure\n|-damage|p2a: Garganacl|72\/100|[from] move: Infestation|[partiallytrapped]\n|upkeep\n|turn|23\n|\n|t:|1700660743\n|switch|p1a: Skeledirge|Skeledirge, M|100\/100\n|move|p2a: Garganacl|Stealth Rock|p1a: Skeledirge\n|-sidestart|p1: fmfnr|move: Stealth Rock\n|\n|-heal|p2a: Garganacl|78\/100|[from] item: Leftovers\n|-end|p2a: Garganacl|Infestation|[partiallytrapped]|[silent]\n|upkeep\n|turn|24\n|\n|t:|1700660751\n|move|p1a: Skeledirge|Torch Song|p2a: Garganacl\n|-resisted|p2a: Garganacl\n|-damage|p2a: Garganacl|66\/100\n|-boost|p1a: Skeledirge|spa|1\n|move|p2a: Garganacl|Salt Cure|p1a: Skeledirge\n|-supereffective|p1a: Skeledirge\n|-damage|p1a: Skeledirge|77\/100\n|-start|p1a: Skeledirge|Salt Cure\n|\n|-heal|p2a: Garganacl|72\/100|[from] item: Leftovers\n|-damage|p1a: Skeledirge|65\/100|[from] Salt Cure\n|upkeep\n|turn|25\n|\n|t:|1700660755\n|move|p2a: Garganacl|Protect|p2a: Garganacl\n|-singleturn|p2a: Garganacl|Protect\n|move|p1a: Skeledirge|Earth Power|p2a: Garganacl\n|-activate|p2a: Garganacl|move: Protect\n|\n|-heal|p2a: Garganacl|78\/100|[from] item: Leftovers\n|-damage|p1a: Skeledirge|52\/100|[from] Salt Cure\n|upkeep\n|turn|26\n|\n|t:|1700660761\n|move|p1a: Skeledirge|Earth Power|p2a: Garganacl\n|-supereffective|p2a: Garganacl\n|-damage|p2a: Garganacl|14\/100\n|move|p2a: Garganacl|Salt Cure|p1a: Skeledirge\n|-supereffective|p1a: Skeledirge\n|-damage|p1a: Skeledirge|29\/100\n|\n|-heal|p2a: Garganacl|20\/100|[from] item: Leftovers\n|-damage|p1a: Skeledirge|17\/100|[from] Salt Cure\n|upkeep\n|turn|27\n|\n|t:|1700660771\n|switch|p2a: Kingambit|Kingambit, M|7\/100\n|-activate|p2a: Kingambit|ability: Supreme Overlord\n|-start|p2a: Kingambit|fallen1|[silent]\n|move|p1a: Skeledirge|Earth Power|p2a: Kingambit\n|-supereffective|p2a: Kingambit\n|-damage|p2a: Kingambit|0 fnt\n|faint|p2a: Kingambit\n|-end|p2a: Kingambit|fallen1|[silent]\n|\n|-damage|p1a: Skeledirge|4\/100|[from] Salt Cure\n|upkeep\n|\n|t:|1700660775\n|switch|p2a: Dragapult|Dragapult, M|100\/100\n|turn|28\n|\n|t:|1700660782\n|-terastallize|p1a: Skeledirge|Normal\n|move|p2a: Dragapult|Shadow Ball|p1a: Skeledirge\n|-immune|p1a: Skeledirge\n|move|p1a: Skeledirge|Shadow Ball|p2a: Dragapult\n|-supereffective|p2a: Dragapult\n|-damage|p2a: Dragapult|0 fnt\n|faint|p2a: Dragapult\n|\n|-damage|p1a: Skeledirge|0 fnt|[from] Salt Cure\n|faint|p1a: Skeledirge\n|upkeep\n|\n|t:|1700660791\n|switch|p2a: Great Tusk|Great Tusk, tera:Poison|59\/100\n|switch|p1a: Toxapex|Toxapex, F|100\/100\n|-damage|p1a: Toxapex|88\/100|[from] Stealth Rock\n|turn|29\n|\n|t:|1700660800\n|move|p2a: Great Tusk|Headlong Rush|p1a: Toxapex\n|-supereffective|p1a: Toxapex\n|-damage|p1a: Toxapex|7\/100\n|-unboost|p2a: Great Tusk|def|1\n|-unboost|p2a: Great Tusk|spd|1\n|-damage|p2a: Great Tusk|42\/100|[from] item: Rocky Helmet|[of] p1a: Toxapex\n|move|p1a: Toxapex|Recover|p1a: Toxapex\n|-heal|p1a: Toxapex|57\/100\n|\n|upkeep\n|turn|30\n|\n|t:|1700660810\n|switch|p1a: Weavile|Weavile, F|7\/100\n|-damage|p1a: Weavile|0 fnt|[from] Stealth Rock\n|faint|p1a: Weavile\n|move|p2a: Great Tusk|Headlong Rush|p1: Weavile|[notarget]\n|-fail|p2a: Great Tusk\n|\n|upkeep\n|\n|t:|1700660816\n|switch|p1a: Toxapex|Toxapex, F|90\/100\n|-damage|p1a: Toxapex|78\/100|[from] Stealth Rock\n|turn|31\n|\n|t:|1700660818\n|move|p2a: Great Tusk|Headlong Rush|p1a: Toxapex\n|-supereffective|p1a: Toxapex\n|-damage|p1a: Toxapex|7\/100\n|-unboost|p2a: Great Tusk|def|1\n|-unboost|p2a: Great Tusk|spd|1\n|-damage|p2a: Great Tusk|25\/100|[from] item: Rocky Helmet|[of] p1a: Toxapex\n|move|p1a: Toxapex|Recover|p1a: Toxapex\n|-heal|p1a: Toxapex|57\/100\n|\n|upkeep\n|turn|32\n|\n|t:|1700660822\n|move|p2a: Great Tusk|Knock Off|p1a: Toxapex\n|-damage|p1a: Toxapex|38\/100\n|-damage|p2a: Great Tusk|9\/100|[from] item: Rocky Helmet|[of] p1a: Toxapex\n|-enditem|p1a: Toxapex|Rocky Helmet|[from] move: Knock Off|[of] p2a: Great Tusk\n|move|p1a: Toxapex|Recover|p1a: Toxapex\n|-heal|p1a: Toxapex|88\/100\n|\n|upkeep\n|turn|33\n|\n|t:|1700660831\n|move|p2a: Great Tusk|Headlong Rush|p1a: Toxapex\n|-supereffective|p1a: Toxapex\n|-damage|p1a: Toxapex|16\/100\n|-unboost|p2a: Great Tusk|def|1\n|-unboost|p2a: Great Tusk|spd|1\n|move|p1a: Toxapex|Recover|p1a: Toxapex\n|-heal|p1a: Toxapex|66\/100\n|\n|upkeep\n|turn|34\n|\n|t:|1700660844\n|move|p2a: Great Tusk|Headlong Rush|p1a: Toxapex\n|-supereffective|p1a: Toxapex\n|-damage|p1a: Toxapex|0 fnt\n|-unboost|p2a: Great Tusk|def|1\n|-unboost|p2a: Great Tusk|spd|1\n|faint|p1a: Toxapex\n|\n|win|ooj2\n|raw|fmfnr's rating: 1470 &rarr; <strong>1446<\/strong><br \/>(-24 for losing)\n|raw|ooj2's rating: 1407 &rarr; <strong>1431<\/strong><br \/>(+24 for winning)\n|l| sadfff\n|l|\u2606fmfnr\n","uploadtime":1700660852,"views":11,"p1id":"fmfnr","p2id":"ooj2","formatid":"gen9ou","rating":1431,"private":0,"password":""}