{"id":"gen9ou-1996454519","p1":"jessies boyfriend","p2":"thunderdog_32","format":"[Gen 9] OU","log":"|j|\u2606jessies boyfriend\n|j|\u2606thunderdog_32\n|t:|1700683590\n|gametype|singles\n|player|p1|jessies boyfriend|101|1213\n|player|p2|thunderdog_32|2|1232\n|teamsize|p1|6\n|teamsize|p2|6\n|gen|9\n|tier|[Gen 9] OU\n|rated|\n|rule|Sleep Clause Mod: Limit one foe put to sleep\n|rule|Species Clause: Limit one of each Pok\u00e9mon\n|rule|OHKO Clause: OHKO moves are banned\n|rule|Evasion Items Clause: Evasion items are banned\n|rule|Evasion Moves Clause: Evasion moves are banned\n|rule|Endless Battle Clause: Forcing endless battles is banned\n|rule|HP Percentage Mod: HP is shown in percentages\n|clearpoke\n|poke|p1|Alomomola, F|\n|poke|p1|Lokix, F|\n|poke|p1|Glimmora, M|\n|poke|p1|Gholdengo|\n|poke|p1|Clefable, F|\n|poke|p1|Iron Moth|\n|poke|p2|Landorus-Therian, M|\n|poke|p2|Heatran, M|\n|poke|p2|Ogerpon-Wellspring, F|\n|poke|p2|Zapdos|\n|poke|p2|Dragapult, F|\n|poke|p2|Ribombee, F|\n|teampreview\n|inactive|Battle timer is ON: inactive players will automatically lose when time's up. (requested by jessies boyfriend)\n|\n|t:|1700683606\n|start\n|switch|p1a: Glimmora|Glimmora, M|100\/100\n|switch|p2a: Ribombee|Ribombee, F|100\/100\n|turn|1\n|\n|t:|1700683610\n|move|p2a: Ribombee|Psychic|p1a: Glimmora\n|-supereffective|p1a: Glimmora\n|-damage|p1a: Glimmora|29\/100\n|move|p1a: Glimmora|Stealth Rock|p2a: Ribombee\n|-sidestart|p2: thunderdog_32|move: Stealth Rock\n|\n|upkeep\n|turn|2\n|\n|t:|1700683623\n|move|p2a: Ribombee|Sticky Web|p1a: Glimmora\n|-sidestart|p1: jessies boyfriend|move: Sticky Web\n|move|p1a: Glimmora|Energy Ball|p2a: Ribombee\n|-resisted|p2a: Ribombee\n|-damage|p2a: Ribombee|73\/100\n|\n|upkeep\n|turn|3\n|\n|t:|1700683631\n|switch|p1a: Lokix|Lokix, F|100\/100\n|-activate|p1a: Lokix|move: Sticky Web\n|-unboost|p1a: Lokix|spe|1\n|move|p2a: Ribombee|Psychic|p1a: Lokix\n|-immune|p1a: Lokix\n|\n|upkeep\n|turn|4\n|\n|t:|1700683639\n|-terastallize|p1a: Lokix|Bug\n|move|p1a: Lokix|First Impression|p2a: Ribombee\n|-resisted|p2a: Ribombee\n|-damage|p2a: Ribombee|0 fnt\n|faint|p2a: Ribombee\n|-damage|p1a: Lokix|91\/100|[from] item: Life Orb\n|\n|upkeep\n|\n|t:|1700683652\n|switch|p2a: Landorus|Landorus-Therian, M|100\/100\n|-damage|p2a: Landorus|88\/100|[from] Stealth Rock\n|-ability|p2a: Landorus|Intimidate|boost\n|-unboost|p1a: Lokix|atk|1\n|turn|5\n|\n|t:|1700683662\n|switch|p1a: Alomomola|Alomomola, F, shiny|100\/100\n|-activate|p1a: Alomomola|move: Sticky Web\n|-unboost|p1a: Alomomola|spe|1\n|move|p2a: Landorus|Substitute|p2a: Landorus\n|-start|p2a: Landorus|Substitute\n|-damage|p2a: Landorus|64\/100\n|\n|-heal|p2a: Landorus|69\/100|[from] item: Leftovers\n|upkeep\n|turn|6\n|\n|t:|1700683669\n|move|p2a: Landorus|Grass Knot|p1a: Alomomola\n|-supereffective|p1a: Alomomola\n|-damage|p1a: Alomomola|61\/100\n|-damage|p2a: Landorus|53\/100|[from] item: Rocky Helmet|[of] p1a: Alomomola\n|move|p1a: Alomomola|Scald|p2a: Landorus\n|-supereffective|p2a: Landorus\n|-end|p2a: Landorus|Substitute\n|\n|-heal|p2a: Landorus|59\/100|[from] item: Leftovers\n|upkeep\n|turn|7\n|\n|t:|1700683676\n|switch|p2a: Ogerpon|Ogerpon-Wellspring, F|100\/100\n|-damage|p2a: Ogerpon|88\/100|[from] Stealth Rock\n|move|p1a: Alomomola|Wish|p1a: Alomomola\n|\n|upkeep\n|turn|8\n|\n|t:|1700683688\n|switch|p1a: Glimmora|Glimmora, M|29\/100\n|-activate|p1a: Glimmora|move: Sticky Web\n|-unboost|p1a: Glimmora|spe|1\n|move|p2a: Ogerpon|Horn Leech|p1a: Glimmora\n|-damage|p1a: Glimmora|0 fnt\n|-heal|p2a: Ogerpon|100\/100|[from] drain|[of] p1a: Glimmora\n|-activate|p1a: Glimmora|ability: Toxic Debris\n|-sidestart|p2: thunderdog_32|move: Toxic Spikes\n|faint|p1a: Glimmora\n|\n|upkeep\n|\n|t:|1700683695\n|switch|p1a: Lokix|Lokix, F, tera:Bug|91\/100\n|-activate|p1a: Lokix|move: Sticky Web\n|-unboost|p1a: Lokix|spe|1\n|turn|9\n|\n|t:|1700683700\n|switch|p2a: Landorus|Landorus-Therian, M|59\/100\n|-damage|p2a: Landorus|47\/100|[from] Stealth Rock\n|-ability|p2a: Landorus|Intimidate|boost\n|-unboost|p1a: Lokix|atk|1\n|move|p1a: Lokix|First Impression|p2a: Landorus\n|-resisted|p2a: Landorus\n|-damage|p2a: Landorus|0 fnt\n|faint|p2a: Landorus\n|-damage|p1a: Lokix|81\/100|[from] item: Life Orb\n|\n|upkeep\n|\n|t:|1700683708\n|switch|p2a: Heatran|Heatran, M|100\/100\n|-damage|p2a: Heatran|88\/100|[from] Stealth Rock\n|turn|10\n|\n|t:|1700683716\n|switch|p1a: Alomomola|Alomomola, F, shiny|94\/100\n|-activate|p1a: Alomomola|move: Sticky Web\n|-unboost|p1a: Alomomola|spe|1\n|move|p2a: Heatran|Magma Storm|p1a: Alomomola\n|-resisted|p1a: Alomomola\n|-damage|p1a: Alomomola|68\/100\n|-activate|p1a: Alomomola|move: Magma Storm|[of] p2a: Heatran\n|\n|-heal|p2a: Heatran|94\/100|[from] item: Leftovers\n|-damage|p1a: Alomomola|55\/100|[from] move: Magma Storm|[partiallytrapped]\n|upkeep\n|turn|11\n|\n|t:|1700683720\n|move|p2a: Heatran|Taunt|p1a: Alomomola\n|-start|p1a: Alomomola|move: Taunt\n|move|p1a: Alomomola|Flip Turn|p2a: Heatran\n|-supereffective|p2a: Heatran\n|-damage|p2a: Heatran|60\/100\n|\n|t:|1700683731\n|switch|p1a: Clefable|Clefable, F, shiny|100\/100|[from] Flip Turn\n|-activate|p1a: Clefable|move: Sticky Web\n|-unboost|p1a: Clefable|spe|1\n|\n|-heal|p2a: Heatran|66\/100|[from] item: Leftovers\n|upkeep\n|turn|12\n|\n|t:|1700683736\n|move|p2a: Heatran|Taunt|p1a: Clefable\n|-start|p1a: Clefable|move: Taunt\n|move|p1a: Clefable|Moonblast|p2a: Heatran\n|-resisted|p2a: Heatran\n|-damage|p2a: Heatran|61\/100\n|\n|-heal|p2a: Heatran|68\/100|[from] item: Leftovers\n|upkeep\n|turn|13\n|\n|t:|1700683739\n|move|p2a: Heatran|Magma Storm|p1a: Clefable\n|-damage|p1a: Clefable|71\/100\n|-activate|p1a: Clefable|move: Magma Storm|[of] p2a: Heatran\n|move|p1a: Clefable|Chilling Water|p2a: Heatran\n|-supereffective|p2a: Heatran\n|-damage|p2a: Heatran|52\/100\n|-unboost|p2a: Heatran|atk|1\n|\n|-heal|p2a: Heatran|58\/100|[from] item: Leftovers\n|-heal|p1a: Clefable|77\/100|[from] item: Leftovers\n|upkeep\n|turn|14\n|\n|t:|1700683742\n|move|p2a: Heatran|Stealth Rock|p1a: Clefable\n|-sidestart|p1: jessies boyfriend|move: Stealth Rock\n|move|p1a: Clefable|Moonblast|p2a: Heatran\n|-resisted|p2a: Heatran\n|-damage|p2a: Heatran|53\/100\n|\n|-heal|p2a: Heatran|59\/100|[from] item: Leftovers\n|-heal|p1a: Clefable|83\/100|[from] item: Leftovers\n|-end|p1a: Clefable|move: Taunt\n|upkeep\n|turn|15\n|\n|t:|1700683746\n|move|p1a: Clefable|Protect|p1a: Clefable\n|-singleturn|p1a: Clefable|Protect\n|move|p2a: Heatran|Earth Power|p1a: Clefable\n|-activate|p1a: Clefable|move: Protect\n|\n|-heal|p2a: Heatran|65\/100|[from] item: Leftovers\n|-heal|p1a: Clefable|89\/100|[from] item: Leftovers\n|upkeep\n|turn|16\n|\n|t:|1700683750\n|move|p2a: Heatran|Magma Storm|p1a: Clefable\n|-damage|p1a: Clefable|59\/100\n|move|p1a: Clefable|Wish|p1a: Clefable\n|\n|-heal|p2a: Heatran|71\/100|[from] item: Leftovers\n|-heal|p1a: Clefable|65\/100|[from] item: Leftovers\n|upkeep\n|turn|17\n|\n|t:|1700683754\n|move|p2a: Heatran|Taunt|p1a: Clefable\n|-start|p1a: Clefable|move: Taunt\n|move|p1a: Clefable|Moonblast|p2a: Heatran\n|-resisted|p2a: Heatran\n|-damage|p2a: Heatran|66\/100\n|-unboost|p2a: Heatran|spa|1\n|\n|-heal|p1a: Clefable|100\/100|[from] move: Wish|[wisher] Clefable\n|-heal|p2a: Heatran|72\/100|[from] item: Leftovers\n|-end|p1a: Clefable|Magma Storm|[partiallytrapped]\n|upkeep\n|turn|18\n|\n|t:|1700683758\n|move|p2a: Heatran|Magma Storm|p1a: Clefable\n|-damage|p1a: Clefable|80\/100\n|-activate|p1a: Clefable|move: Magma Storm|[of] p2a: Heatran\n|move|p1a: Clefable|Chilling Water|p2a: Heatran\n|-supereffective|p2a: Heatran\n|-damage|p2a: Heatran|57\/100\n|-unboost|p2a: Heatran|atk|1\n|\n|-heal|p2a: Heatran|63\/100|[from] item: Leftovers\n|-heal|p1a: Clefable|87\/100|[from] item: Leftovers\n|upkeep\n|turn|19\n|\n|t:|1700683766\n|move|p2a: Heatran|Earth Power|p1a: Clefable\n|-damage|p1a: Clefable|74\/100\n|move|p1a: Clefable|Moonblast|p2a: Heatran\n|-resisted|p2a: Heatran\n|-crit|p2a: Heatran\n|-damage|p2a: Heatran|55\/100\n|\n|-heal|p2a: Heatran|61\/100|[from] item: Leftovers\n|-heal|p1a: Clefable|80\/100|[from] item: Leftovers\n|-end|p1a: Clefable|move: Taunt\n|upkeep\n|turn|20\n|\n|t:|1700683771\n|move|p1a: Clefable|Protect|p1a: Clefable\n|-singleturn|p1a: Clefable|Protect\n|move|p2a: Heatran|Taunt|p1a: Clefable\n|-activate|p1a: Clefable|move: Protect\n|\n|-heal|p2a: Heatran|68\/100|[from] item: Leftovers\n|-heal|p1a: Clefable|86\/100|[from] item: Leftovers\n|upkeep\n|turn|21\n|\n|t:|1700683774\n|move|p2a: Heatran|Taunt|p1a: Clefable\n|-start|p1a: Clefable|move: Taunt\n|move|p1a: Clefable|Moonblast|p2a: Heatran\n|-resisted|p2a: Heatran\n|-damage|p2a: Heatran|62\/100\n|-unboost|p2a: Heatran|spa|1\n|\n|-heal|p2a: Heatran|69\/100|[from] item: Leftovers\n|-heal|p1a: Clefable|92\/100|[from] item: Leftovers\n|upkeep\n|turn|22\n|\n|t:|1700683781\n|move|p2a: Heatran|Earth Power|p1a: Clefable\n|-damage|p1a: Clefable|83\/100\n|-unboost|p1a: Clefable|spd|1\n|move|p1a: Clefable|Moonblast|p2a: Heatran\n|-resisted|p2a: Heatran\n|-damage|p2a: Heatran|63\/100\n|-unboost|p2a: Heatran|spa|1\n|\n|-heal|p2a: Heatran|69\/100|[from] item: Leftovers\n|-heal|p1a: Clefable|89\/100|[from] item: Leftovers\n|upkeep\n|turn|23\n|\n|t:|1700683791\n|move|p2a: Heatran|Magma Storm|p1a: Clefable\n|-damage|p1a: Clefable|70\/100\n|move|p1a: Clefable|Moonblast|p2a: Heatran\n|-resisted|p2a: Heatran\n|-damage|p2a: Heatran|64\/100\n|-unboost|p2a: Heatran|spa|1\n|\n|-heal|p2a: Heatran|70\/100|[from] item: Leftovers\n|-heal|p1a: Clefable|76\/100|[from] item: Leftovers\n|-end|p1a: Clefable|Magma Storm|[partiallytrapped]\n|-end|p1a: Clefable|move: Taunt\n|upkeep\n|turn|24\n|\n|t:|1700683797\n|move|p2a: Heatran|Taunt|p1a: Clefable\n|-start|p1a: Clefable|move: Taunt\n|move|p1a: Clefable|Moonblast|p2a: Heatran\n|-resisted|p2a: Heatran\n|-damage|p2a: Heatran|65\/100\n|-unboost|p2a: Heatran|spa|1\n|\n|-heal|p2a: Heatran|71\/100|[from] item: Leftovers\n|-heal|p1a: Clefable|82\/100|[from] item: Leftovers\n|upkeep\n|turn|25\n|\n|t:|1700683799\n|move|p2a: Heatran|Earth Power|p1a: Clefable\n|-damage|p1a: Clefable|75\/100\n|move|p1a: Clefable|Chilling Water|p2a: Heatran\n|-supereffective|p2a: Heatran\n|-damage|p2a: Heatran|56\/100\n|-unboost|p2a: Heatran|atk|1\n|\n|-heal|p2a: Heatran|62\/100|[from] item: Leftovers\n|-heal|p1a: Clefable|81\/100|[from] item: Leftovers\n|upkeep\n|turn|26\n|\n|t:|1700683810\n|move|p2a: Heatran|Earth Power|p1a: Clefable\n|-damage|p1a: Clefable|73\/100\n|move|p1a: Clefable|Moonblast|p2a: Heatran\n|-resisted|p2a: Heatran\n|-damage|p2a: Heatran|57\/100\n|-unboost|p2a: Heatran|spa|1\n|\n|-heal|p2a: Heatran|63\/100|[from] item: Leftovers\n|-heal|p1a: Clefable|79\/100|[from] item: Leftovers\n|-end|p1a: Clefable|move: Taunt\n|upkeep\n|turn|27\n|\n|t:|1700683816\n|move|p1a: Clefable|Protect|p1a: Clefable\n|-singleturn|p1a: Clefable|Protect\n|move|p2a: Heatran|Taunt|p1a: Clefable\n|-activate|p1a: Clefable|move: Protect\n|\n|-heal|p2a: Heatran|70\/100|[from] item: Leftovers\n|-heal|p1a: Clefable|85\/100|[from] item: Leftovers\n|upkeep\n|turn|28\n|\n|t:|1700683833\n|switch|p1a: Alomomola|Alomomola, F, shiny|89\/100\n|-activate|p1a: Alomomola|move: Sticky Web\n|-unboost|p1a: Alomomola|spe|1\n|-damage|p1a: Alomomola|76\/100|[from] Stealth Rock\n|move|p2a: Heatran|Taunt|p1a: Alomomola\n|-start|p1a: Alomomola|move: Taunt\n|\n|-heal|p2a: Heatran|76\/100|[from] item: Leftovers\n|upkeep\n|turn|29\n|\n|t:|1700683848\n|switch|p2a: Ogerpon|Ogerpon-Wellspring, F|100\/100\n|-damage|p2a: Ogerpon|88\/100|[from] Stealth Rock\n|-status|p2a: Ogerpon|psn\n|switch|p1a: Clefable|Clefable, F, shiny|85\/100\n|-activate|p1a: Clefable|move: Sticky Web\n|-unboost|p1a: Clefable|spe|1\n|\n|-heal|p1a: Clefable|91\/100|[from] item: Leftovers\n|-damage|p2a: Ogerpon|76\/100 psn|[from] psn\n|upkeep\n|turn|30\n|\n|t:|1700683858\n|move|p2a: Ogerpon|Taunt|p1a: Clefable\n|-start|p1a: Clefable|move: Taunt\n|move|p1a: Clefable|Moonblast|p2a: Ogerpon\n|-damage|p2a: Ogerpon|37\/100 psn\n|-unboost|p2a: Ogerpon|spa|1\n|\n|-heal|p1a: Clefable|97\/100|[from] item: Leftovers\n|-damage|p2a: Ogerpon|25\/100 psn|[from] psn\n|upkeep\n|turn|31\n|\n|t:|1700683870\n|-terastallize|p2a: Ogerpon|Water\n|detailschange|p2a: Ogerpon|Ogerpon-Wellspring-Tera, F, tera:Water\n|-ability|p2a: Ogerpon|Embody Aspect (Wellspring)|boost\n|-boost|p2a: Ogerpon|spd|1\n|move|p2a: Ogerpon|Ivy Cudgel|p1a: Clefable|[anim] Ivy Cudgel Water\n|-damage|p1a: Clefable|3\/100\n|move|p1a: Clefable|Moonblast|p2a: Ogerpon\n|-damage|p2a: Ogerpon|0 fnt\n|faint|p2a: Ogerpon\n|\n|-heal|p1a: Clefable|9\/100|[from] item: Leftovers\n|upkeep\n|\n|t:|1700683874\n|switch|p2a: Zapdos|Zapdos|100\/100\n|turn|32\n|\n|t:|1700683891\n|move|p2a: Zapdos|Volt Switch|p1a: Clefable\n|-damage|p1a: Clefable|0 fnt\n|faint|p1a: Clefable\n|\n|t:|1700683897\n|switch|p2a: Dragapult|Dragapult, F|100\/100|[from] Volt Switch\n|-damage|p2a: Dragapult|88\/100|[from] Stealth Rock\n|-status|p2a: Dragapult|psn\n|\n|-damage|p2a: Dragapult|76\/100 psn|[from] psn\n|upkeep\n|\n|t:|1700683916\n|switch|p1a: Alomomola|Alomomola, F, shiny|100\/100\n|-activate|p1a: Alomomola|move: Sticky Web\n|-unboost|p1a: Alomomola|spe|1\n|-damage|p1a: Alomomola|88\/100|[from] Stealth Rock\n|turn|33\n|\n|t:|1700683924\n|move|p2a: Dragapult|Draco Meteor|p1a: Alomomola\n|-damage|p1a: Alomomola|0 fnt\n|-unboost|p2a: Dragapult|spa|2\n|faint|p1a: Alomomola\n|\n|-damage|p2a: Dragapult|64\/100 psn|[from] psn\n|upkeep\n|\n|t:|1700683936\n|switch|p1a: Gholdengo|Gholdengo|100\/100\n|-damage|p1a: Gholdengo|94\/100|[from] Stealth Rock\n|-item|p1a: Gholdengo|Air Balloon\n|turn|34\n|\n|t:|1700683941\n|switch|p2a: Heatran|Heatran, M|76\/100\n|-damage|p2a: Heatran|63\/100|[from] Stealth Rock\n|move|p1a: Gholdengo|Shadow Ball|p2a: Heatran\n|-damage|p2a: Heatran|42\/100\n|\n|-heal|p2a: Heatran|48\/100|[from] item: Leftovers\n|upkeep\n|turn|35\n|\n|t:|1700683955\n|move|p1a: Gholdengo|Nasty Plot|p1a: Gholdengo\n|-boost|p1a: Gholdengo|spa|2\n|move|p2a: Heatran|Magma Storm|p1a: Gholdengo\n|-supereffective|p1a: Gholdengo\n|-damage|p1a: Gholdengo|32\/100\n|-activate|p1a: Gholdengo|move: Magma Storm|[of] p2a: Heatran\n|-enditem|p1a: Gholdengo|Air Balloon\n|\n|-heal|p2a: Heatran|54\/100|[from] item: Leftovers\n|-damage|p1a: Gholdengo|19\/100|[from] move: Magma Storm|[partiallytrapped]\n|upkeep\n|turn|36\n|\n|t:|1700683964\n|move|p1a: Gholdengo|Shadow Ball|p2a: Heatran\n|-damage|p2a: Heatran|13\/100\n|move|p2a: Heatran|Earth Power|p1a: Gholdengo\n|-supereffective|p1a: Gholdengo\n|-damage|p1a: Gholdengo|0 fnt\n|faint|p1a: Gholdengo\n|\n|-heal|p2a: Heatran|19\/100|[from] item: Leftovers\n|upkeep\n|\n|t:|1700683981\n|switch|p1a: Lokix|Lokix, F, tera:Bug|81\/100\n|-activate|p1a: Lokix|move: Sticky Web\n|-unboost|p1a: Lokix|spe|1\n|-damage|p1a: Lokix|56\/100|[from] Stealth Rock\n|turn|37\n|\n|t:|1700683987\n|move|p1a: Lokix|First Impression|p2a: Heatran\n|-resisted|p2a: Heatran\n|-damage|p2a: Heatran|0 fnt\n|faint|p2a: Heatran\n|-damage|p1a: Lokix|46\/100|[from] item: Life Orb\n|\n|upkeep\n|\n|t:|1700683991\n|switch|p2a: Zapdos|Zapdos|100\/100\n|turn|38\n|\n|t:|1700684003\n|move|p1a: Lokix|Sucker Punch|p2a: Zapdos\n|-damage|p2a: Zapdos|61\/100\n|-status|p1a: Lokix|par|[from] ability: Static|[of] p2a: Zapdos\n|-damage|p1a: Lokix|36\/100 par|[from] item: Life Orb\n|move|p2a: Zapdos|Hurricane|p1a: Lokix|[miss]\n|-miss|p2a: Zapdos|p1a: Lokix\n|\n|upkeep\n|turn|39\n|\n|t:|1700684010\n|move|p2a: Zapdos|Roost|p2a: Zapdos\n|-heal|p2a: Zapdos|100\/100\n|-singleturn|p2a: Zapdos|move: Roost\n|move|p1a: Lokix|Knock Off|p2a: Zapdos\n|-damage|p2a: Zapdos|42\/100\n|-enditem|p2a: Zapdos|Heavy-Duty Boots|[from] move: Knock Off|[of] p1a: Lokix\n|-damage|p1a: Lokix|26\/100 par|[from] item: Life Orb\n|\n|upkeep\n|turn|40\n|\n|t:|1700684019\n|move|p2a: Zapdos|Roost|p2a: Zapdos\n|-heal|p2a: Zapdos|92\/100\n|-singleturn|p2a: Zapdos|move: Roost\n|move|p1a: Lokix|U-turn|p2a: Zapdos\n|-crit|p2a: Zapdos\n|-damage|p2a: Zapdos|15\/100\n|-damage|p1a: Lokix|16\/100 par|[from] item: Life Orb\n|\n|t:|1700684020\n|switch|p1a: Iron Moth|Iron Moth|100\/100|[from] U-turn\n|-activate|p1a: Iron Moth|move: Sticky Web\n|-unboost|p1a: Iron Moth|spe|1\n|-damage|p1a: Iron Moth|76\/100|[from] Stealth Rock\n|\n|upkeep\n|turn|41\n|\n|t:|1700684028\n|move|p2a: Zapdos|Hurricane|p1a: Iron Moth|[miss]\n|-miss|p2a: Zapdos|p1a: Iron Moth\n|move|p1a: Iron Moth|Fiery Dance|p2a: Zapdos\n|-damage|p2a: Zapdos|0 fnt\n|faint|p2a: Zapdos\n|\n|upkeep\n|\n|t:|1700684035\n|switch|p2a: Dragapult|Dragapult, F|64\/100 psn\n|-damage|p2a: Dragapult|51\/100 psn|[from] Stealth Rock\n|turn|42\n|\n|t:|1700684041\n|-end|p1a: Iron Moth|Quark Drive|[silent]\n|switch|p1a: Lokix|Lokix, F, tera:Bug|16\/100 par\n|-activate|p1a: Lokix|move: Sticky Web\n|-unboost|p1a: Lokix|spe|1\n|-damage|p1a: Lokix|0 fnt|[from] Stealth Rock\n|faint|p1a: Lokix\n|move|p2a: Dragapult|Shadow Ball|p1: Lokix|[notarget]\n|-fail|p2a: Dragapult\n|\n|-damage|p2a: Dragapult|39\/100 psn|[from] psn\n|upkeep\n|\n|t:|1700684049\n|switch|p1a: Iron Moth|Iron Moth|76\/100\n|-activate|p1a: Iron Moth|move: Sticky Web\n|-unboost|p1a: Iron Moth|spe|1\n|-damage|p1a: Iron Moth|51\/100|[from] Stealth Rock\n|turn|43\n|\n|t:|1700684054\n|move|p2a: Dragapult|Shadow Ball|p1a: Iron Moth\n|-damage|p1a: Iron Moth|0 fnt\n|faint|p1a: Iron Moth\n|-end|p1a: Iron Moth|Quark Drive|[silent]\n|\n|win|thunderdog_32\n|raw|jessies boyfriend's rating: 1213 &rarr; <strong>1189<\/strong><br \/>(-24 for losing)\n|raw|thunderdog_32's rating: 1232 &rarr; <strong>1256<\/strong><br \/>(+24 for winning)\n|l|\u2606jessies boyfriend\n|c|\u2606thunderdog_32|ggs\n","uploadtime":1700684060,"views":0,"p1id":"jessiesboyfriend","p2id":"thunderdog32","formatid":"gen9ou","rating":1189,"private":0,"password":""}