{"id":"gen9ou-1996508007","p1":"totorosneighbor","p2":"dann121","format":"[Gen 9] OU","log":"|j|\u2606totorosneighbor\n|j|\u2606dann121\n|t:|1700688850\n|gametype|singles\n|player|p1|totorosneighbor|266|1038\n|player|p2|dann121|dahlia|1059\n|teamsize|p1|6\n|teamsize|p2|6\n|gen|9\n|tier|[Gen 9] OU\n|rated|\n|rule|Sleep Clause Mod: Limit one foe put to sleep\n|rule|Species Clause: Limit one of each Pok\u00e9mon\n|rule|OHKO Clause: OHKO moves are banned\n|rule|Evasion Items Clause: Evasion items are banned\n|rule|Evasion Moves Clause: Evasion moves are banned\n|rule|Endless Battle Clause: Forcing endless battles is banned\n|rule|HP Percentage Mod: HP is shown in percentages\n|clearpoke\n|poke|p1|Alomomola, M|\n|poke|p1|Zapdos|\n|poke|p1|Ceruledge, M|\n|poke|p1|Braviary-Hisui, M|\n|poke|p1|Great Tusk|\n|poke|p1|Landorus-Therian, M|\n|poke|p2|Alomomola, F|\n|poke|p2|Chansey, F|\n|poke|p2|Gholdengo|\n|poke|p2|Ceruledge, M|\n|poke|p2|Great Tusk|\n|poke|p2|Thundurus-Therian, M|\n|teampreview\n|\n|t:|1700688856\n|start\n|switch|p1a: Zapdos|Zapdos|100\/100\n|switch|p2a: Alomomola|Alomomola, F|100\/100\n|turn|1\n|\n|t:|1700688905\n|switch|p2a: Thundurus|Thundurus-Therian, M|100\/100\n|move|p1a: Zapdos|Hurricane|p2a: Thundurus\n|-resisted|p2a: Thundurus\n|-damage|p2a: Thundurus|60\/100\n|-start|p2a: Thundurus|confusion\n|\n|upkeep\n|turn|2\n|\n|t:|1700688922\n|switch|p1a: Landorus|Landorus-Therian, M|100\/100\n|-ability|p1a: Landorus|Intimidate|boost\n|-unboost|p2a: Thundurus|atk|1\n|-activate|p2a: Thundurus|confusion\n|move|p2a: Thundurus|Volt Switch|p1a: Landorus\n|-immune|p1a: Landorus\n|\n|upkeep\n|turn|3\n|\n|t:|1700688951\n|switch|p2a: Alomomola|Alomomola, F|100\/100\n|move|p1a: Landorus|Stealth Rock|p2a: Alomomola\n|-sidestart|p2: dann121|move: Stealth Rock\n|\n|upkeep\n|turn|4\n|\n|t:|1700688960\n|move|p1a: Landorus|U-turn|p2a: Alomomola\n|-damage|p2a: Alomomola|87\/100\n|-damage|p1a: Landorus|84\/100|[from] item: Rocky Helmet|[of] p2a: Alomomola\n|\n|t:|1700688977\n|switch|p1a: Zapdos|Zapdos|100\/100|[from] U-turn\n|move|p2a: Alomomola|Wish|p2a: Alomomola\n|\n|upkeep\n|turn|5\n|\n|t:|1700688985\n|switch|p2a: Gholdengo|Gholdengo|100\/100\n|-damage|p2a: Gholdengo|94\/100|[from] Stealth Rock\n|-terastallize|p1a: Zapdos|Ice\n|move|p1a: Zapdos|Tera Blast|p2a: Gholdengo|[anim] Tera Blast Ice\n|-resisted|p2a: Gholdengo\n|-damage|p2a: Gholdengo|71\/100\n|\n|-heal|p2a: Gholdengo|100\/100|[from] move: Wish|[wisher] Alomomola\n|upkeep\n|turn|6\n|inactive|Battle timer is ON: inactive players will automatically lose when time's up. (requested by totorosneighbor)\n|\n|t:|1700688997\n|switch|p1a: Landorus|Landorus-Therian, M|84\/100\n|-ability|p1a: Landorus|Intimidate|boost\n|-unboost|p2a: Gholdengo|atk|1\n|move|p2a: Gholdengo|Trick|p1a: Landorus\n|-activate|p2a: Gholdengo|move: Trick|[of] p1a: Landorus\n|-item|p1a: Landorus|Choice Scarf|[from] move: Trick\n|-item|p2a: Gholdengo|Focus Sash|[from] move: Trick\n|\n|upkeep\n|turn|7\n|inactive|totorosneighbor has 120 seconds left.\n|\n|t:|1700689052\n|switch|p2a: Alomomola|Alomomola, F|100\/100\n|-damage|p2a: Alomomola|88\/100|[from] Stealth Rock\n|move|p1a: Landorus|Earthquake|p2a: Alomomola\n|-damage|p2a: Alomomola|57\/100\n|\n|upkeep\n|turn|8\n|\n|t:|1700689064\n|move|p1a: Landorus|Earthquake|p2a: Alomomola\n|-damage|p2a: Alomomola|25\/100\n|move|p2a: Alomomola|Wish|p2a: Alomomola\n|\n|upkeep\n|turn|9\n|\n|t:|1700689088\n|switch|p1a: Zapdos|Zapdos, tera:Ice|100\/100\n|switch|p2a: Thundurus|Thundurus-Therian, M|60\/100\n|-damage|p2a: Thundurus|36\/100|[from] Stealth Rock\n|\n|-heal|p2a: Thundurus|100\/100|[from] move: Wish|[wisher] Alomomola\n|upkeep\n|turn|10\n|\n|t:|1700689102\n|move|p1a: Zapdos|Heat Wave|p2a: Thundurus\n|-damage|p2a: Thundurus|56\/100\n|move|p2a: Thundurus|Sludge Bomb|p1a: Zapdos\n|-damage|p1a: Zapdos|44\/100\n|\n|upkeep\n|turn|11\n|inactive|totorosneighbor has 90 seconds left.\n|\n|t:|1700689126\n|switch|p1a: Great Tusk|Great Tusk|100\/100\n|switch|p2a: Chansey|Chansey, F|100\/100\n|-damage|p2a: Chansey|88\/100|[from] Stealth Rock\n|\n|upkeep\n|turn|12\n|inactive|totorosneighbor has 90 seconds left.\n|\n|t:|1700689140\n|switch|p2a: Great Tusk|Great Tusk, shiny|100\/100\n|move|p1a: Great Tusk|Rapid Spin|p2a: Great Tusk\n|-damage|p2a: Great Tusk|82\/100\n|-boost|p1a: Great Tusk|spe|1\n|\n|upkeep\n|turn|13\n|\n|t:|1700689150\n|-end|p1a: Great Tusk|Protosynthesis|[silent]\n|switch|p1a: Landorus|Landorus-Therian, M|84\/100\n|-ability|p1a: Landorus|Intimidate|boost\n|-unboost|p2a: Great Tusk|atk|1\n|move|p2a: Great Tusk|Knock Off|p1a: Landorus\n|-damage|p1a: Landorus|56\/100\n|-enditem|p1a: Landorus|Choice Scarf|[from] move: Knock Off|[of] p2a: Great Tusk\n|\n|upkeep\n|turn|14\n|\n|t:|1700689162\n|move|p1a: Landorus|Earthquake|p2a: Great Tusk\n|-damage|p2a: Great Tusk|41\/100\n|move|p2a: Great Tusk|Rapid Spin|p1a: Landorus\n|-damage|p1a: Landorus|42\/100\n|-boost|p2a: Great Tusk|spe|1\n|-sideend|p2: dann121|Stealth Rock|[from] move: Rapid Spin|[of] p2a: Great Tusk\n|\n|upkeep\n|turn|15\n|\n|t:|1700689168\n|move|p2a: Great Tusk|Ice Spinner|p1a: Landorus\n|-supereffective|p1a: Landorus\n|-damage|p1a: Landorus|0 fnt\n|faint|p1a: Landorus\n|\n|upkeep\n|\n|t:|1700689181\n|switch|p1a: Alomomola|Alomomola, M|100\/100\n|turn|16\n|\n|t:|1700689188\n|-end|p2a: Great Tusk|Protosynthesis|[silent]\n|switch|p2a: Alomomola|Alomomola, F|58\/100\n|move|p1a: Alomomola|Scald|p2a: Alomomola\n|-resisted|p2a: Alomomola\n|-damage|p2a: Alomomola|50\/100\n|\n|upkeep\n|turn|17\n|\n|t:|1700689194\n|move|p1a: Alomomola|Wish|p1a: Alomomola\n|move|p2a: Alomomola|Wish|p2a: Alomomola\n|\n|upkeep\n|turn|18\n|inactive|totorosneighbor has 120 seconds left.\n|\n|t:|1700689209\n|switch|p1a: Zapdos|Zapdos, tera:Ice|44\/100\n|switch|p2a: Thundurus|Thundurus-Therian, M|56\/100\n|\n|-heal|p1a: Zapdos|100\/100|[from] move: Wish|[wisher] Alomomola\n|-heal|p2a: Thundurus|100\/100|[from] move: Wish|[wisher] Alomomola\n|upkeep\n|turn|19\n|inactive|totorosneighbor has 120 seconds left.\n|inactive|totorosneighbor has 90 seconds left.\n|\n|t:|1700689263\n|switch|p2a: Chansey|Chansey, F|88\/100\n|move|p1a: Zapdos|Tera Blast|p2a: Chansey|[anim] Tera Blast Ice\n|-damage|p2a: Chansey|79\/100\n|\n|upkeep\n|turn|20\n|\n|t:|1700689271\n|switch|p1a: Great Tusk|Great Tusk|100\/100\n|move|p2a: Chansey|Stealth Rock|p1a: Great Tusk\n|-sidestart|p1: totorosneighbor|move: Stealth Rock\n|\n|upkeep\n|turn|21\n|inactive|totorosneighbor has 90 seconds left.\n|\n|t:|1700689282\n|switch|p2a: Alomomola|Alomomola, F|83\/100\n|move|p1a: Great Tusk|Close Combat|p2a: Alomomola\n|-damage|p2a: Alomomola|35\/100\n|-unboost|p1a: Great Tusk|def|1\n|-unboost|p1a: Great Tusk|spd|1\n|-damage|p1a: Great Tusk|84\/100|[from] item: Rocky Helmet|[of] p2a: Alomomola\n|\n|upkeep\n|turn|22\n|\n|t:|1700689292\n|move|p2a: Alomomola|Protect|p2a: Alomomola\n|-singleturn|p2a: Alomomola|Protect\n|move|p1a: Great Tusk|Close Combat|p2a: Alomomola\n|-activate|p2a: Alomomola|move: Protect\n|\n|upkeep\n|turn|23\n|\n|t:|1700689302\n|switch|p2a: Gholdengo|Gholdengo|100\/100\n|move|p1a: Great Tusk|Close Combat|p2a: Gholdengo\n|-immune|p2a: Gholdengo\n|\n|upkeep\n|turn|24\n|inactive|totorosneighbor has 90 seconds left.\n|\n|t:|1700689328\n|-end|p1a: Great Tusk|Protosynthesis|[silent]\n|switch|p1a: Braviary|Braviary-Hisui, M|100\/100\n|-damage|p1a: Braviary|76\/100|[from] Stealth Rock\n|switch|p2a: Thundurus|Thundurus-Therian, M|100\/100\n|\n|upkeep\n|turn|25\n|\n|t:|1700689339\n|move|p2a: Thundurus|Sludge Bomb|p1a: Braviary\n|-damage|p1a: Braviary|19\/100\n|move|p1a: Braviary|Esper Wing|p2a: Thundurus\n|-crit|p2a: Thundurus\n|-damage|p2a: Thundurus|0 fnt\n|faint|p2a: Thundurus\n|\n|upkeep\n|\n|t:|1700689349\n|switch|p2a: Gholdengo|Gholdengo|100\/100\n|turn|26\n|\n|t:|1700689366\n|move|p2a: Gholdengo|Shadow Ball|p1a: Braviary\n|-supereffective|p1a: Braviary\n|-damage|p1a: Braviary|0 fnt\n|faint|p1a: Braviary\n|\n|upkeep\n|inactive|totorosneighbor has 90 seconds left.\n|\n|t:|1700689378\n|switch|p1a: Ceruledge|Ceruledge, M|100\/100\n|turn|27\n|\n|t:|1700689384\n|move|p1a: Ceruledge|Bulk Up|p1a: Ceruledge\n|-boost|p1a: Ceruledge|atk|1\n|-boost|p1a: Ceruledge|def|1\n|move|p2a: Gholdengo|Shadow Ball|p1a: Ceruledge\n|-supereffective|p1a: Ceruledge\n|-damage|p1a: Ceruledge|6\/100\n|\n|upkeep\n|turn|28\n|\n|t:|1700689393\n|switch|p2a: Alomomola|Alomomola, F|68\/100\n|move|p1a: Ceruledge|Bitter Blade|p2a: Alomomola\n|-resisted|p2a: Alomomola\n|-damage|p2a: Alomomola|48\/100\n|-heal|p1a: Ceruledge|24\/100|[from] drain|[of] p2a: Alomomola\n|-damage|p1a: Ceruledge|7\/100|[from] item: Rocky Helmet|[of] p2a: Alomomola\n|\n|upkeep\n|turn|29\n|\n|t:|1700689401\n|move|p1a: Ceruledge|Brick Break|p2a: Alomomola\n|-damage|p2a: Alomomola|26\/100\n|-damage|p1a: Ceruledge|0 fnt|[from] item: Rocky Helmet|[of] p2a: Alomomola\n|faint|p1a: Ceruledge\n|move|p2a: Alomomola|Wish|p2a: Alomomola\n|\n|upkeep\n|c|\u2606totorosneighbor|incredibly boring heal play\n|c|\u2606totorosneighbor|suck your mum\n|-message|totorosneighbor forfeited.\n|\n|win|dann121\n|raw|totorosneighbor's rating: 1114 &rarr; <strong>1085<\/strong><br \/>(-29 for losing)\n|raw|dann121's rating: 1059 &rarr; <strong>1095<\/strong><br \/>(+36 for winning)\n","uploadtime":1700689416,"views":3,"p1id":"totorosneighbor","p2id":"dann121","formatid":"gen9ou","rating":1085,"private":0,"password":""}