{"id":"gen9ou-1990837511","p1":"rickzzz","p2":"Jxrx","format":"[Gen 9] OU","log":"|j|\u2606rickzzz\n|j|\u2606Jxrx\n|t:|1700006021\n|gametype|singles\n|player|p1|rickzzz|ash-kalos|1279\n|player|p2|Jxrx|norman|1295\n|teamsize|p1|6\n|teamsize|p2|6\n|gen|9\n|tier|[Gen 9] OU\n|rated|\n|rule|Sleep Clause Mod: Limit one foe put to sleep\n|rule|Species Clause: Limit one of each Pok\u00e9mon\n|rule|OHKO Clause: OHKO moves are banned\n|rule|Evasion Items Clause: Evasion items are banned\n|rule|Evasion Moves Clause: Evasion moves are banned\n|rule|Endless Battle Clause: Forcing endless battles is banned\n|rule|HP Percentage Mod: HP is shown in percentages\n|clearpoke\n|poke|p1|Umbreon, M|\n|poke|p1|Great Tusk|\n|poke|p1|Iron Moth|\n|poke|p1|Zoroark-Hisui, M|\n|poke|p1|Meowscarada, M|\n|poke|p1|Zapdos|\n|poke|p2|Toedscruel, F|\n|poke|p2|Golem, M|\n|poke|p2|Talonflame, M|\n|poke|p2|Alomomola, F|\n|poke|p2|Muk-Alola, M|\n|poke|p2|Empoleon, M|\n|teampreview\n|inactive|Battle timer is ON: inactive players will automatically lose when time's up. (requested by rickzzz)\n|\n|t:|1700006046\n|start\n|switch|p1a: Meowscarada|Meowscarada, M|100\/100\n|switch|p2a: Talonflame|Talonflame, M|100\/100\n|turn|1\n|\n|t:|1700006064\n|switch|p1a: Zapdos|Zapdos|100\/100\n|move|p2a: Talonflame|Dual Wingbeat|p1a: Zapdos\n|-resisted|p1a: Zapdos\n|-damage|p1a: Zapdos|85\/100\n|-resisted|p1a: Zapdos\n|-damage|p1a: Zapdos|71\/100\n|-hitcount|p1a: Zapdos|2\n|\n|upkeep\n|turn|2\n|\n|t:|1700006075\n|switch|p2a: Toedscruel|Toedscruel, F|100\/100\n|move|p1a: Zapdos|Hurricane|p2a: Toedscruel\n|-supereffective|p2a: Toedscruel\n|-damage|p2a: Toedscruel|0 fnt\n|faint|p2a: Toedscruel\n|\n|upkeep\n|\n|t:|1700006081\n|switch|p2a: Golem|Golem, M|100\/100\n|turn|3\n|\n|t:|1700006086\n|switch|p1a: Great Tusk|Great Tusk|100\/100\n|switch|p2a: Empoleon|Empoleon, M|100\/100\n|\n|upkeep\n|turn|4\n|\n|t:|1700006094\n|-terastallize|p1a: Great Tusk|Water\n|move|p1a: Great Tusk|Rapid Spin|p2a: Empoleon\n|-resisted|p2a: Empoleon\n|-damage|p2a: Empoleon|89\/100\n|-boost|p1a: Great Tusk|spe|1\n|move|p2a: Empoleon|Surf|p1a: Great Tusk\n|-resisted|p1a: Great Tusk\n|-damage|p1a: Great Tusk|67\/100\n|\n|upkeep\n|turn|5\n|\n|t:|1700006115\n|switch|p2a: Alomomola|Alomomola, F|100\/100\n|move|p1a: Great Tusk|Body Press|p2a: Alomomola\n|-damage|p2a: Alomomola|83\/100\n|-damage|p1a: Great Tusk|50\/100|[from] item: Rocky Helmet|[of] p2a: Alomomola\n|\n|upkeep\n|turn|6\n|\n|t:|1700006123\n|move|p1a: Great Tusk|Knock Off|p2a: Alomomola\n|-crit|p2a: Alomomola\n|-damage|p2a: Alomomola|54\/100\n|-damage|p1a: Great Tusk|34\/100|[from] item: Rocky Helmet|[of] p2a: Alomomola\n|-enditem|p2a: Alomomola|Rocky Helmet|[from] move: Knock Off|[of] p1a: Great Tusk\n|move|p2a: Alomomola|Wish|p2a: Alomomola\n|\n|upkeep\n|turn|7\n|\n|t:|1700006141\n|-end|p1a: Great Tusk|Protosynthesis|[silent]\n|switch|p1a: Umbreon|Umbreon, M, shiny|100\/100\n|move|p2a: Alomomola|Play Rough|p1a: Umbreon\n|-supereffective|p1a: Umbreon\n|-damage|p1a: Umbreon|76\/100\n|\n|-heal|p2a: Alomomola|100\/100|[from] move: Wish|[wisher] Alomomola\n|-heal|p1a: Umbreon|82\/100|[from] item: Leftovers\n|upkeep\n|turn|8\n|\n|t:|1700006147\n|move|p1a: Umbreon|Yawn|p2a: Alomomola\n|-start|p2a: Alomomola|move: Yawn|[of] p1a: Umbreon\n|move|p2a: Alomomola|Wish|p2a: Alomomola\n|\n|-heal|p1a: Umbreon|88\/100|[from] item: Leftovers\n|upkeep\n|turn|9\n|\n|t:|1700006175\n|move|p2a: Alomomola|Flip Turn|p1a: Umbreon\n|-damage|p1a: Umbreon|75\/100\n|\n|t:|1700006182\n|switch|p2a: Muk|Muk-Alola, M|100\/100|[from] Flip Turn\n|move|p1a: Umbreon|Confuse Ray|p2a: Muk\n|-start|p2a: Muk|confusion\n|\n|-heal|p1a: Umbreon|81\/100|[from] item: Leftovers\n|upkeep\n|turn|10\n|inactive|Jxrx has 120 seconds left.\n|\n|t:|1700006205\n|move|p1a: Umbreon|Yawn|p2a: Muk\n|-start|p2a: Muk|move: Yawn|[of] p1a: Umbreon\n|-activate|p2a: Muk|confusion\n|-damage|p2a: Muk|90\/100|[from] confusion\n|\n|-heal|p1a: Umbreon|88\/100|[from] item: Leftovers\n|upkeep\n|turn|11\n|inactive|Jxrx has 120 seconds left.\n|\n|t:|1700006212\n|move|p1a: Umbreon|Foul Play|p2a: Muk\n|-resisted|p2a: Muk\n|-damage|p2a: Muk|72\/100\n|-activate|p2a: Muk|confusion\n|-damage|p2a: Muk|63\/100|[from] confusion\n|\n|-heal|p1a: Umbreon|94\/100|[from] item: Leftovers\n|-end|p2a: Muk|move: Yawn|[silent]\n|-status|p2a: Muk|slp\n|upkeep\n|turn|12\n|\n|t:|1700006217\n|move|p1a: Umbreon|Foul Play|p2a: Muk\n|-resisted|p2a: Muk\n|-damage|p2a: Muk|44\/100 slp\n|cant|p2a: Muk|slp\n|\n|-heal|p1a: Umbreon|99\/100|[from] item: Leftovers\n|upkeep\n|turn|13\n|inactive|Jxrx has 120 seconds left.\n|\n|t:|1700006235\n|switch|p2a: Alomomola|Alomomola, F|100\/100\n|move|p1a: Umbreon|Foul Play|p2a: Alomomola\n|-damage|p2a: Alomomola|86\/100\n|\n|-heal|p1a: Umbreon|100\/100|[from] item: Leftovers\n|upkeep\n|turn|14\n|\n|t:|1700006242\n|move|p1a: Umbreon|Yawn|p2a: Alomomola\n|-start|p2a: Alomomola|move: Yawn|[of] p1a: Umbreon\n|move|p2a: Alomomola|Wish|p2a: Alomomola\n|\n|upkeep\n|turn|15\n|\n|t:|1700006257\n|move|p2a: Alomomola|Wish||[still]\n|-fail|p2a: Alomomola\n|move|p1a: Umbreon|Confuse Ray|p2a: Alomomola\n|-start|p2a: Alomomola|confusion\n|\n|-heal|p2a: Alomomola|100\/100|[from] move: Wish|[wisher] Alomomola\n|-end|p2a: Alomomola|move: Yawn|[silent]\n|-message|Sleep Clause Mod activated.\n|-hint|Sleep Clause Mod prevents players from putting more than one of their opponent's Pok\u00e9mon to sleep at a time\n|upkeep\n|turn|16\n|inactive|Jxrx has 120 seconds left.\n|\n|t:|1700006272\n|switch|p2a: Muk|Muk-Alola, M|44\/100 slp\n|move|p1a: Umbreon|Foul Play|p2a: Muk\n|-resisted|p2a: Muk\n|-damage|p2a: Muk|27\/100 slp\n|\n|upkeep\n|turn|17\n|\n|t:|1700006279\n|move|p1a: Umbreon|Foul Play|p2a: Muk\n|-resisted|p2a: Muk\n|-damage|p2a: Muk|10\/100 slp\n|cant|p2a: Muk|slp\n|\n|upkeep\n|turn|18\n|\n|t:|1700006284\n|switch|p2a: Alomomola|Alomomola, F|100\/100\n|move|p1a: Umbreon|Foul Play|p2a: Alomomola\n|-damage|p2a: Alomomola|86\/100\n|\n|upkeep\n|turn|19\n|\n|t:|1700006309\n|move|p2a: Alomomola|Wish|p2a: Alomomola\n|move|p1a: Umbreon|Foul Play|p2a: Alomomola\n|-damage|p2a: Alomomola|72\/100\n|\n|upkeep\n|turn|20\n|\n|t:|1700006314\n|switch|p2a: Muk|Muk-Alola, M|10\/100 slp\n|move|p1a: Umbreon|Foul Play|p2a: Muk\n|-resisted|p2a: Muk\n|-damage|p2a: Muk|0 fnt\n|faint|p2a: Muk\n|\n|upkeep\n|\n|t:|1700006331\n|switch|p2a: Golem|Golem, M|100\/100\n|turn|21\n|\n|t:|1700006334\n|move|p2a: Golem|Stealth Rock|p1a: Umbreon\n|-sidestart|p1: rickzzz|move: Stealth Rock\n|move|p1a: Umbreon|Yawn|p2a: Golem\n|-start|p2a: Golem|move: Yawn|[of] p1a: Umbreon\n|\n|upkeep\n|turn|22\n|\n|t:|1700006339\n|move|p2a: Golem|Explosion|p1a: Umbreon\n|-damage|p1a: Umbreon|35\/100\n|faint|p2a: Golem\n|move|p1a: Umbreon|Foul Play|p2: Golem|[notarget]\n|-fail|p1a: Umbreon\n|\n|-heal|p1a: Umbreon|41\/100|[from] item: Leftovers\n|upkeep\n|\n|t:|1700006341\n|switch|p2a: Empoleon|Empoleon, M|89\/100\n|turn|23\n|\n|t:|1700006346\n|move|p2a: Empoleon|Surf|p1a: Umbreon\n|-damage|p1a: Umbreon|19\/100\n|move|p1a: Umbreon|Moonlight|p1a: Umbreon\n|-heal|p1a: Umbreon|69\/100\n|\n|-heal|p1a: Umbreon|75\/100|[from] item: Leftovers\n|upkeep\n|turn|24\n|\n|t:|1700006352\n|move|p2a: Empoleon|Flash Cannon|p1a: Umbreon\n|-damage|p1a: Umbreon|53\/100\n|move|p1a: Umbreon|Yawn|p2a: Empoleon\n|-start|p2a: Empoleon|move: Yawn|[of] p1a: Umbreon\n|\n|-heal|p1a: Umbreon|59\/100|[from] item: Leftovers\n|upkeep\n|turn|25\n|-message|Jxrx forfeited.\n|\n|win|rickzzz\n|raw|rickzzz's rating: 1279 &rarr; <strong>1305<\/strong><br \/>(+26 for winning)\n|raw|Jxrx's rating: 1295 &rarr; <strong>1269<\/strong><br \/>(-26 for losing)\n|l|\u2606Jxrx\n|c|\u2606rickzzz|gg\n","uploadtime":1700006368,"views":13,"p1id":"rickzzz","p2id":"jxrx","formatid":"gen9ou","rating":1269,"private":0,"password":""}