{"id":"gen9ou-1998023765","p1":"DatKrazyBlamer","p2":"Syvird","format":"[Gen 9] OU","log":"|j|\u2606DatKrazyBlamer\n|j|\u2606Syvird\n|t:|1700880299\n|gametype|singles\n|player|p1|DatKrazyBlamer|pokemaniac|1357\n|player|p2|Syvird|101|1406\n|teamsize|p1|6\n|teamsize|p2|6\n|gen|9\n|tier|[Gen 9] OU\n|rated|\n|rule|Sleep Clause Mod: Limit one foe put to sleep\n|rule|Species Clause: Limit one of each Pok\u00e9mon\n|rule|OHKO Clause: OHKO moves are banned\n|rule|Evasion Items Clause: Evasion items are banned\n|rule|Evasion Moves Clause: Evasion moves are banned\n|rule|Endless Battle Clause: Forcing endless battles is banned\n|rule|HP Percentage Mod: HP is shown in percentages\n|clearpoke\n|poke|p1|Pelipper, M|\n|poke|p1|Overqwil, M|\n|poke|p1|Basculegion, M|\n|poke|p1|Samurott-Hisui, M|\n|poke|p1|Clodsire, F|\n|poke|p1|Zapdos|\n|poke|p2|Weavile, F|\n|poke|p2|Heatran, F|\n|poke|p2|Landorus-Therian, M|\n|poke|p2|Ogerpon-Wellspring, F|\n|poke|p2|Great Tusk|\n|poke|p2|Gholdengo|\n|teampreview\n|inactive|Battle timer is ON: inactive players will automatically lose when time's up. (requested by Syvird)\n|inactive|DatKrazyBlamer also wants the timer to be on.\n|j| 5EternalNoob5\n|\n|t:|1700880321\n|start\n|switch|p1a: Pelipper|Pelipper, M|100\/100\n|switch|p2a: Ogerpon|Ogerpon-Wellspring, F|100\/100\n|-weather|RainDance|[from] ability: Drizzle|[of] p1a: Pelipper\n|turn|1\n|\n|t:|1700880333\n|-terastallize|p2a: Ogerpon|Water\n|detailschange|p2a: Ogerpon|Ogerpon-Wellspring-Tera, F, tera:Water\n|-ability|p2a: Ogerpon|Embody Aspect (Wellspring)|boost\n|-boost|p2a: Ogerpon|spd|1\n|move|p2a: Ogerpon|Knock Off|p1a: Pelipper\n|-damage|p1a: Pelipper|73\/100\n|-enditem|p1a: Pelipper|Damp Rock|[from] move: Knock Off|[of] p2a: Ogerpon\n|move|p1a: Pelipper|U-turn|p2a: Ogerpon\n|-damage|p2a: Ogerpon|89\/100\n|\n|t:|1700880345\n|switch|p1a: Clodsire|Clodsire, F|100\/100|[from] U-turn\n|\n|-weather|RainDance|[upkeep]\n|upkeep\n|turn|2\n|\n|t:|1700880359\n|move|p2a: Ogerpon|Power Whip|p1a: Clodsire\n|-damage|p1a: Clodsire|20\/100\n|move|p1a: Clodsire|Toxic|p2a: Ogerpon\n|-status|p2a: Ogerpon|tox\n|\n|-weather|RainDance|[upkeep]\n|-heal|p1a: Clodsire|26\/100|[from] item: Leftovers\n|-damage|p2a: Ogerpon|83\/100 tox|[from] psn\n|upkeep\n|turn|3\n|\n|t:|1700880377\n|switch|p1a: Zapdos|Zapdos|100\/100\n|move|p2a: Ogerpon|Spikes|p1a: Zapdos\n|-sidestart|p1: DatKrazyBlamer|Spikes\n|\n|-weather|RainDance|[upkeep]\n|-damage|p2a: Ogerpon|71\/100 tox|[from] psn\n|upkeep\n|turn|4\n|\n|t:|1700880388\n|switch|p2a: Heatran|Heatran, F|100\/100\n|switch|p1a: Clodsire|Clodsire, F|26\/100\n|-damage|p1a: Clodsire|13\/100|[from] Spikes\n|\n|-weather|RainDance|[upkeep]\n|-heal|p1a: Clodsire|20\/100|[from] item: Leftovers\n|upkeep\n|turn|5\n|\n|t:|1700880396\n|move|p2a: Heatran|Earth Power|p1a: Clodsire\n|-supereffective|p1a: Clodsire\n|-damage|p1a: Clodsire|0 fnt\n|faint|p1a: Clodsire\n|\n|-weather|RainDance|[upkeep]\n|upkeep\n|\n|t:|1700880411\n|switch|p1a: Samurott|Samurott-Hisui, M|100\/100\n|-damage|p1a: Samurott|88\/100|[from] Spikes\n|turn|6\n|\n|t:|1700880427\n|move|p1a: Samurott|Ceaseless Edge|p2a: Heatran\n|-damage|p2a: Heatran|66\/100\n|-sidestart|p2: Syvird|Spikes\n|move|p2a: Heatran|Will-O-Wisp|p1a: Samurott\n|-status|p1a: Samurott|brn\n|\n|-weather|RainDance|[upkeep]\n|-heal|p2a: Heatran|72\/100|[from] item: Leftovers\n|-damage|p1a: Samurott|82\/100 brn|[from] brn\n|upkeep\n|turn|7\n|inactive|Syvird has 120 seconds left.\n|\n|t:|1700880457\n|switch|p2a: Ogerpon|Ogerpon-Wellspring-Tera, F, tera:Water|71\/100 tox\n|-damage|p2a: Ogerpon|59\/100 tox|[from] Spikes\n|-ability|p2a: Ogerpon|Embody Aspect (Wellspring)|boost\n|-boost|p2a: Ogerpon|spd|1\n|move|p1a: Samurott|Razor Shell|p2a: Ogerpon|[miss]\n|-miss|p1a: Samurott|p2a: Ogerpon\n|\n|-weather|RainDance|[upkeep]\n|-damage|p2a: Ogerpon|53\/100 tox|[from] psn\n|-damage|p1a: Samurott|76\/100 brn|[from] brn\n|upkeep\n|turn|8\n|inactive|Syvird has 120 seconds left.\n|\n|t:|1700880469\n|move|p1a: Samurott|Sucker Punch|p2a: Ogerpon\n|-damage|p2a: Ogerpon|31\/100 tox\n|move|p2a: Ogerpon|Ivy Cudgel|p1a: Samurott|[anim] Ivy Cudgel Water\n|-resisted|p1a: Samurott\n|-damage|p1a: Samurott|5\/100 brn\n|\n|-weather|none\n|-damage|p2a: Ogerpon|19\/100 tox|[from] psn\n|-damage|p1a: Samurott|0 fnt|[from] brn\n|faint|p1a: Samurott\n|upkeep\n|\n|t:|1700880483\n|switch|p1a: Zapdos|Zapdos|100\/100\n|turn|9\n|\n|t:|1700880496\n|move|p2a: Ogerpon|Knock Off|p1a: Zapdos\n|-damage|p1a: Zapdos|50\/100\n|-enditem|p1a: Zapdos|Heavy-Duty Boots|[from] move: Knock Off|[of] p2a: Ogerpon\n|move|p1a: Zapdos|Volt Switch|p2a: Ogerpon\n|-supereffective|p2a: Ogerpon\n|-damage|p2a: Ogerpon|0 fnt\n|faint|p2a: Ogerpon\n|\n|t:|1700880503\n|switch|p1a: Pelipper|Pelipper, M|73\/100|[from] Volt Switch\n|-weather|RainDance|[from] ability: Drizzle|[of] p1a: Pelipper\n|\n|-weather|RainDance|[upkeep]\n|upkeep\n|inactive|Syvird has 120 seconds left.\n|\n|t:|1700880529\n|switch|p2a: Weavile|Weavile, F|100\/100\n|-damage|p2a: Weavile|88\/100|[from] Spikes\n|-ability|p2a: Weavile|Pressure\n|turn|10\n|\n|t:|1700880536\n|move|p2a: Weavile|Icicle Crash|p1a: Pelipper\n|-damage|p1a: Pelipper|34\/100\n|cant|p1a: Pelipper|flinch\n|\n|-weather|RainDance|[upkeep]\n|upkeep\n|turn|11\n|inactive|Syvird has 120 seconds left.\n|\n|t:|1700880543\n|switch|p1a: Overqwil|Overqwil, M|100\/100\n|-item|p1a: Overqwil|Air Balloon\n|move|p2a: Weavile|Icicle Crash|p1a: Overqwil|[miss]\n|-miss|p2a: Weavile|p1a: Overqwil\n|\n|-weather|RainDance|[upkeep]\n|upkeep\n|turn|12\n|\n|t:|1700880552\n|move|p1a: Overqwil|Swords Dance|p1a: Overqwil\n|-boost|p1a: Overqwil|atk|2\n|move|p2a: Weavile|Swords Dance|p2a: Weavile\n|-boost|p2a: Weavile|atk|2\n|\n|-weather|RainDance|[upkeep]\n|upkeep\n|turn|13\n|inactive|Syvird has 120 seconds left.\n|\n|t:|1700880577\n|move|p2a: Weavile|Ice Shard|p1a: Overqwil\n|-damage|p1a: Overqwil|48\/100\n|-enditem|p1a: Overqwil|Air Balloon\n|move|p1a: Overqwil|Liquidation|p2a: Weavile\n|-damage|p2a: Weavile|0 fnt\n|faint|p2a: Weavile\n|\n|-weather|none\n|upkeep\n|inactive|Syvird has 90 seconds left.\n|inactive|Syvird has 60 seconds left.\n|\n|t:|1700880639\n|switch|p2a: Great Tusk|Great Tusk|100\/100\n|turn|14\n|inactive|Syvird has 60 seconds left.\n|\n|t:|1700880649\n|move|p2a: Great Tusk|Headlong Rush|p1a: Overqwil\n|-supereffective|p1a: Overqwil\n|-damage|p1a: Overqwil|0 fnt\n|-unboost|p2a: Great Tusk|def|1\n|-unboost|p2a: Great Tusk|spd|1\n|faint|p1a: Overqwil\n|\n|upkeep\n|\n|t:|1700880656\n|switch|p1a: Pelipper|Pelipper, M|34\/100\n|-weather|RainDance|[from] ability: Drizzle|[of] p1a: Pelipper\n|turn|15\n|\n|t:|1700880662\n|move|p2a: Great Tusk|Rapid Spin|p1a: Pelipper\n|-damage|p1a: Pelipper|22\/100\n|-boost|p2a: Great Tusk|spe|1\n|-sideend|p2: Syvird|Spikes|[from] move: Rapid Spin|[of] p2a: Great Tusk\n|move|p1a: Pelipper|U-turn|p2a: Great Tusk\n|-resisted|p2a: Great Tusk\n|-damage|p2a: Great Tusk|96\/100\n|\n|t:|1700880669\n|switch|p1a: Basculegion|Basculegion, M|100\/100|[from] U-turn\n|-damage|p1a: Basculegion|88\/100|[from] Spikes\n|\n|-weather|RainDance|[upkeep]\n|upkeep\n|turn|16\n|inactive|Syvird has 60 seconds left.\n|\n|t:|1700880701\n|move|p1a: Basculegion|Wave Crash|p2a: Great Tusk\n|-supereffective|p2a: Great Tusk\n|-damage|p2a: Great Tusk|0 fnt\n|faint|p2a: Great Tusk\n|-end|p2a: Great Tusk|Protosynthesis|[silent]\n|-damage|p1a: Basculegion|52\/100|[from] Recoil\n|\n|-weather|RainDance|[upkeep]\n|upkeep\n|\n|t:|1700880718\n|switch|p2a: Gholdengo|Gholdengo|100\/100\n|turn|17\n|\n|t:|1700880737\n|-terastallize|p1a: Basculegion|Water\n|move|p1a: Basculegion|Wave Crash|p2a: Gholdengo\n|-damage|p2a: Gholdengo|0 fnt\n|faint|p2a: Gholdengo\n|-damage|p1a: Basculegion|19\/100|[from] Recoil\n|\n|-weather|RainDance|[upkeep]\n|upkeep\n|\n|t:|1700880742\n|switch|p2a: Landorus|Landorus-Therian, M|100\/100\n|-ability|p2a: Landorus|Intimidate|boost\n|-unboost|p1a: Basculegion|atk|1\n|turn|18\n|\n|t:|1700880755\n|switch|p2a: Heatran|Heatran, F|72\/100\n|move|p1a: Basculegion|Wave Crash|p2a: Heatran\n|-supereffective|p2a: Heatran\n|-damage|p2a: Heatran|0 fnt\n|faint|p2a: Heatran\n|-damage|p1a: Basculegion|0 fnt|[from] Recoil\n|faint|p1a: Basculegion\n|\n|-weather|RainDance|[upkeep]\n|upkeep\n|\n|t:|1700880766\n|switch|p1a: Zapdos|Zapdos|50\/100\n|switch|p2a: Landorus|Landorus-Therian, M|100\/100\n|-ability|p2a: Landorus|Intimidate|boost\n|-unboost|p1a: Zapdos|atk|1\n|turn|19\n|\n|t:|1700880772\n|move|p2a: Landorus|Stone Edge|p1a: Zapdos|[miss]\n|-miss|p2a: Landorus|p1a: Zapdos\n|move|p1a: Zapdos|Roost|p1a: Zapdos\n|-heal|p1a: Zapdos|99\/100\n|-singleturn|p1a: Zapdos|move: Roost\n|\n|-weather|none\n|upkeep\n|turn|20\n|\n|t:|1700880781\n|switch|p1a: Pelipper|Pelipper, M|22\/100\n|-weather|RainDance|[from] ability: Drizzle|[of] p1a: Pelipper\n|move|p2a: Landorus|Stone Edge|p1a: Pelipper\n|-supereffective|p1a: Pelipper\n|-damage|p1a: Pelipper|0 fnt\n|faint|p1a: Pelipper\n|\n|-weather|RainDance|[upkeep]\n|upkeep\n|\n|t:|1700880789\n|switch|p1a: Zapdos|Zapdos|99\/100\n|turn|21\n|\n|t:|1700880793\n|move|p2a: Landorus|Stone Edge|p1a: Zapdos|[miss]\n|-miss|p2a: Landorus|p1a: Zapdos\n|move|p1a: Zapdos|Hurricane|p2a: Landorus\n|-damage|p2a: Landorus|30\/100\n|\n|-weather|RainDance|[upkeep]\n|upkeep\n|turn|22\n|\n|t:|1700880800\n|move|p2a: Landorus|Stone Edge|p1a: Zapdos\n|-supereffective|p1a: Zapdos\n|-damage|p1a: Zapdos|3\/100\n|move|p1a: Zapdos|Hurricane|p2a: Landorus\n|-damage|p2a: Landorus|0 fnt\n|faint|p2a: Landorus\n|\n|win|DatKrazyBlamer\n|raw|DatKrazyBlamer's rating: 1357 &rarr; <strong>1380<\/strong><br \/>(+23 for winning)\n|raw|Syvird's rating: 1406 &rarr; <strong>1383<\/strong><br \/>(-23 for losing)\n|c|\u2606DatKrazyBlamer|gg\n|l|\u2606Syvird\n","uploadtime":1700880818,"views":2,"p1id":"datkrazyblamer","p2id":"syvird","formatid":"gen9ou","rating":1380,"private":0,"password":""}