{"id":"gen9ou-1994635323","p1":"xernn","p2":"S2011","format":"[Gen 9] OU","log":"|j|\u2606xernn\n|j|\u2606S2011\n|t:|1700473111\n|gametype|singles\n|player|p1|xernn|iris-gen5bw2|1344\n|player|p2|S2011|janitor|1264\n|teamsize|p1|6\n|teamsize|p2|6\n|gen|9\n|tier|[Gen 9] OU\n|rated|\n|rule|Sleep Clause Mod: Limit one foe put to sleep\n|rule|Species Clause: Limit one of each Pok\u00e9mon\n|rule|OHKO Clause: OHKO moves are banned\n|rule|Evasion Items Clause: Evasion items are banned\n|rule|Evasion Moves Clause: Evasion moves are banned\n|rule|Endless Battle Clause: Forcing endless battles is banned\n|rule|HP Percentage Mod: HP is shown in percentages\n|clearpoke\n|poke|p1|Cloyster, M|\n|poke|p1|Polteageist-Antique|\n|poke|p1|Drednaw, F|\n|poke|p1|Cinderace, M|\n|poke|p1|Indeedee, M|\n|poke|p1|Hatterene, F|\n|poke|p2|Hatterene, F|\n|poke|p2|Ribombee, M|\n|poke|p2|Great Tusk|\n|poke|p2|Ogerpon-Wellspring, F|\n|poke|p2|Gholdengo|\n|poke|p2|Zapdos|\n|teampreview\n|inactive|Battle timer is ON: inactive players will automatically lose when time's up. (requested by xernn)\n|\n|t:|1700473124\n|start\n|switch|p1a: Cinderace|Cinderace, M|100\/100\n|switch|p2a: Ogerpon|Ogerpon-Wellspring, F|100\/100\n|turn|1\n|\n|t:|1700473129\n|-terastallize|p2a: Ogerpon|Water\n|detailschange|p2a: Ogerpon|Ogerpon-Wellspring-Tera, F, tera:Water\n|-ability|p2a: Ogerpon|Embody Aspect (Wellspring)|boost\n|-boost|p2a: Ogerpon|spd|1\n|move|p1a: Cinderace|U-turn|p2a: Ogerpon\n|-start|p1a: Cinderace|typechange|Bug|[from] ability: Libero\n|-damage|p2a: Ogerpon|56\/100\n|\n|t:|1700473141\n|switch|p1a: Indeedee|Indeedee, M|100\/100|[from] U-turn\n|-fieldstart|move: Psychic Terrain|[from] ability: Psychic Surge|[of] p1a: Indeedee\n|move|p2a: Ogerpon|Trailblaze|p1a: Indeedee\n|-damage|p1a: Indeedee|35\/100\n|-boost|p2a: Ogerpon|spe|1\n|\n|upkeep\n|turn|2\n|\n|t:|1700473155\n|switch|p1a: Hatterene|Hatterene, F|100\/100\n|move|p2a: Ogerpon|Knock Off|p1a: Hatterene\n|-damage|p1a: Hatterene|67\/100\n|-enditem|p1a: Hatterene|Leftovers|[from] move: Knock Off|[of] p2a: Ogerpon\n|\n|upkeep\n|turn|3\n|\n|t:|1700473166\n|move|p2a: Ogerpon|Ivy Cudgel|p1a: Hatterene|[anim] Ivy Cudgel Water\n|-crit|p1a: Hatterene\n|-damage|p1a: Hatterene|0 fnt\n|faint|p1a: Hatterene\n|\n|upkeep\n|inactive|xernn has 120 seconds left.\n|\n|t:|1700473207\n|switch|p1a: Polteageist|Polteageist-Antique|100\/100\n|turn|4\n|\n|t:|1700473210\n|move|p2a: Ogerpon|Knock Off|p1a: Polteageist\n|-supereffective|p1a: Polteageist\n|-enditem|p1a: Polteageist|Focus Sash\n|-damage|p1a: Polteageist|1\/100\n|-ability|p1a: Polteageist|Weak Armor|boost\n|-unboost|p1a: Polteageist|def|1\n|-boost|p1a: Polteageist|spe|2\n|move|p1a: Polteageist|Shell Smash|p1a: Polteageist\n|-unboost|p1a: Polteageist|def|1\n|-unboost|p1a: Polteageist|spd|1\n|-boost|p1a: Polteageist|atk|2\n|-boost|p1a: Polteageist|spa|2\n|-boost|p1a: Polteageist|spe|2\n|\n|upkeep\n|turn|5\n|\n|t:|1700473218\n|move|p1a: Polteageist|Giga Drain|p2a: Ogerpon\n|-supereffective|p2a: Ogerpon\n|-damage|p2a: Ogerpon|0 fnt\n|-heal|p1a: Polteageist|33\/100|[from] drain|[of] p2a: Ogerpon\n|faint|p2a: Ogerpon\n|\n|upkeep\n|\n|t:|1700473227\n|switch|p2a: Ribombee|Ribombee, M|100\/100\n|turn|6\n|\n|t:|1700473234\n|move|p1a: Polteageist|Giga Drain|p2a: Ribombee\n|-resisted|p2a: Ribombee\n|-damage|p2a: Ribombee|46\/100\n|-heal|p1a: Polteageist|60\/100|[from] drain|[of] p2a: Ribombee\n|move|p2a: Ribombee|Sticky Web|p1a: Polteageist\n|-sidestart|p1: xernn|move: Sticky Web\n|\n|upkeep\n|turn|7\n|\n|t:|1700473240\n|move|p1a: Polteageist|Giga Drain|p2a: Ribombee\n|-resisted|p2a: Ribombee\n|-damage|p2a: Ribombee|0 fnt\n|-heal|p1a: Polteageist|83\/100|[from] drain|[of] p2a: Ribombee\n|faint|p2a: Ribombee\n|\n|upkeep\n|\n|t:|1700473251\n|switch|p2a: Zapdos|Zapdos|100\/100\n|-ability|p2a: Zapdos|Pressure\n|turn|8\n|\n|t:|1700473255\n|move|p1a: Polteageist|Stored Power|p2a: Zapdos\n|-damage|p2a: Zapdos|0 fnt\n|faint|p2a: Zapdos\n|\n|-fieldend|move: Psychic Terrain\n|upkeep\n|\n|t:|1700473264\n|switch|p2a: Gholdengo|Gholdengo|100\/100\n|turn|9\n|\n|t:|1700473270\n|-terastallize|p1a: Polteageist|Grass\n|move|p1a: Polteageist|Shadow Ball|p2a: Gholdengo\n|-supereffective|p2a: Gholdengo\n|-damage|p2a: Gholdengo|0 fnt\n|faint|p2a: Gholdengo\n|\n|upkeep\n|\n|t:|1700473278\n|switch|p2a: Hatterene|Hatterene, F|100\/100\n|turn|10\n|\n|t:|1700473281\n|move|p1a: Polteageist|Shadow Ball|p2a: Hatterene\n|-supereffective|p2a: Hatterene\n|-damage|p2a: Hatterene|0 fnt\n|faint|p2a: Hatterene\n|\n|upkeep\n|\n|t:|1700473284\n|switch|p2a: Great Tusk|Great Tusk|100\/100\n|-enditem|p2a: Great Tusk|Booster Energy\n|-activate|p2a: Great Tusk|ability: Protosynthesis|[fromitem]\n|-start|p2a: Great Tusk|protosynthesisatk\n|turn|11\n|\n|t:|1700473289\n|move|p1a: Polteageist|Giga Drain|p2a: Great Tusk\n|-supereffective|p2a: Great Tusk\n|-damage|p2a: Great Tusk|0 fnt\n|-heal|p1a: Polteageist|100\/100|[from] drain|[of] p2a: Great Tusk\n|faint|p2a: Great Tusk\n|-end|p2a: Great Tusk|Protosynthesis|[silent]\n|\n|win|xernn\n|raw|xernn's rating: 1344 &rarr; <strong>1359<\/strong><br \/>(+15 for winning)\n|raw|S2011's rating: 1264 &rarr; <strong>1245<\/strong><br \/>(-19 for losing)\n|c|\u2606xernn|gg\n|l|\u2606S2011\n","uploadtime":1700473296,"views":13,"p1id":"xernn","p2id":"s2011","formatid":"gen9ou","rating":1245,"private":0,"password":""}