{"id":"gen9ou-1997575633","p1":"Queen Furina","p2":"LogicaVietii3","format":"[Gen 9] OU","log":"|j|\u2606Queen Furina\n|j|\u2606LogicaVietii3\n|t:|1700827875\n|gametype|singles\n|player|p1|Queen Furina|winona|1604\n|player|p2|LogicaVietii3|alder|1685\n|teamsize|p1|6\n|teamsize|p2|6\n|gen|9\n|tier|[Gen 9] OU\n|rated|\n|rule|Sleep Clause Mod: Limit one foe put to sleep\n|rule|Species Clause: Limit one of each Pok\u00e9mon\n|rule|OHKO Clause: OHKO moves are banned\n|rule|Evasion Items Clause: Evasion items are banned\n|rule|Evasion Moves Clause: Evasion moves are banned\n|rule|Endless Battle Clause: Forcing endless battles is banned\n|rule|HP Percentage Mod: HP is shown in percentages\n|clearpoke\n|poke|p1|Arcanine-Hisui, M|\n|poke|p1|Greninja-*, M|\n|poke|p1|Corviknight, M|\n|poke|p1|Iron Hands|\n|poke|p1|Slowking-Galar, F|\n|poke|p1|Landorus-Therian, M|\n|poke|p2|Maushold|\n|poke|p2|Samurott-Hisui, M|\n|poke|p2|Kingambit, F|\n|poke|p2|Garganacl, F|\n|poke|p2|Amoonguss, M|\n|poke|p2|Weavile, F|\n|teampreview\n|inactive|Battle timer is ON: inactive players will automatically lose when time's up. (requested by LogicaVietii3)\n|c|\u2606LogicaVietii3|cool team\n|inactive|Queen Furina has 120 seconds left.\n|\n|t:|1700827919\n|start\n|switch|p1a: Arcanine|Arcanine-Hisui, M|100\/100\n|switch|p2a: Samurott|Samurott-Hisui, M|100\/100\n|turn|1\n|j| westcottike\n|\n|t:|1700827936\n|move|p1a: Arcanine|Rock Blast|p2a: Samurott\n|-damage|p2a: Samurott|78\/100\n|-damage|p2a: Samurott|57\/100\n|-damage|p2a: Samurott|34\/100\n|-hitcount|p2a: Samurott|3\n|move|p2a: Samurott|Ceaseless Edge|p1a: Arcanine|[miss]\n|-miss|p2a: Samurott|p1a: Arcanine\n|\n|upkeep\n|turn|2\n|\n|t:|1700827943\n|move|p2a: Samurott|Aqua Jet|p1a: Arcanine\n|-supereffective|p1a: Arcanine\n|-damage|p1a: Arcanine|0 fnt\n|faint|p1a: Arcanine\n|\n|upkeep\n|\n|t:|1700827946\n|switch|p1a: Greninja|Greninja, M|100\/100\n|turn|3\n|\n|t:|1700827953\n|switch|p2a: Amoonguss|Amoonguss, M|100\/100\n|move|p1a: Greninja|Dark Pulse|p2a: Amoonguss\n|-damage|p2a: Amoonguss|51\/100\n|-enditem|p2a: Amoonguss|Red Card|[of] p1a: Greninja\n|drag|p1a: Iron Hands|Iron Hands|100\/100\n|\n|upkeep\n|turn|4\n|\n|t:|1700827957\n|move|p1a: Iron Hands|Ice Punch|p2a: Amoonguss\n|-supereffective|p2a: Amoonguss\n|-damage|p2a: Amoonguss|8\/100\n|move|p2a: Amoonguss|Spore|p1a: Iron Hands\n|-status|p1a: Iron Hands|slp|[from] move: Spore\n|\n|upkeep\n|turn|5\n|\n|t:|1700827978\n|switch|p2a: Samurott|Samurott-Hisui, M|34\/100\n|cant|p1a: Iron Hands|slp\n|\n|upkeep\n|turn|6\n|j| Grayfoxxx\n|\n|t:|1700827982\n|move|p2a: Samurott|Ceaseless Edge|p1a: Iron Hands\n|-resisted|p1a: Iron Hands\n|-damage|p1a: Iron Hands|84\/100 slp\n|-sidestart|p1: Queen Furina|Spikes\n|-curestatus|p1a: Iron Hands|slp|[msg]\n|move|p1a: Iron Hands|Wild Charge|p2a: Samurott\n|-supereffective|p2a: Samurott\n|-damage|p2a: Samurott|0 fnt\n|faint|p2a: Samurott\n|-damage|p1a: Iron Hands|78\/100|[from] Recoil\n|\n|upkeep\n|\n|t:|1700827986\n|switch|p2a: Maushold|Maushold|100\/100\n|turn|7\n|\n|t:|1700827990\n|-end|p1a: Iron Hands|Quark Drive|[silent]\n|switch|p1a: Corviknight|Corviknight, M|100\/100\n|-ability|p1a: Corviknight|Pressure\n|move|p2a: Maushold|Population Bomb|p1a: Corviknight\n|-resisted|p1a: Corviknight\n|-damage|p1a: Corviknight|97\/100\n|-damage|p2a: Maushold|84\/100|[from] item: Rocky Helmet|[of] p1a: Corviknight\n|-resisted|p1a: Corviknight\n|-damage|p1a: Corviknight|93\/100\n|-damage|p2a: Maushold|67\/100|[from] item: Rocky Helmet|[of] p1a: Corviknight\n|-resisted|p1a: Corviknight\n|-damage|p1a: Corviknight|90\/100\n|-damage|p2a: Maushold|51\/100|[from] item: Rocky Helmet|[of] p1a: Corviknight\n|-resisted|p1a: Corviknight\n|-damage|p1a: Corviknight|87\/100\n|-damage|p2a: Maushold|34\/100|[from] item: Rocky Helmet|[of] p1a: Corviknight\n|-resisted|p1a: Corviknight\n|-damage|p1a: Corviknight|84\/100\n|-damage|p2a: Maushold|17\/100|[from] item: Rocky Helmet|[of] p1a: Corviknight\n|-resisted|p1a: Corviknight\n|-damage|p1a: Corviknight|80\/100\n|-damage|p2a: Maushold|1\/100|[from] item: Rocky Helmet|[of] p1a: Corviknight\n|-resisted|p1a: Corviknight\n|-damage|p1a: Corviknight|77\/100\n|-damage|p2a: Maushold|0 fnt|[from] item: Rocky Helmet|[of] p1a: Corviknight\n|faint|p2a: Maushold\n|-hitcount|p1a: Corviknight|7\n|\n|upkeep\n|\n|t:|1700827995\n|switch|p2a: Garganacl|Garganacl, F|100\/100\n|turn|8\n|\n|t:|1700828001\n|move|p1a: Corviknight|Defog|p2a: Garganacl\n|-unboost|p2a: Garganacl|evasion|1\n|-sideend|p1: Queen Furina|Spikes|[from] move: Defog|[of] p1a: Corviknight\n|move|p2a: Garganacl|Salt Cure|p1a: Corviknight\n|-damage|p1a: Corviknight|69\/100\n|-start|p1a: Corviknight|Salt Cure\n|\n|-damage|p1a: Corviknight|44\/100|[from] Salt Cure\n|upkeep\n|turn|9\n|\n|t:|1700828006\n|move|p1a: Corviknight|U-turn|p2a: Garganacl\n|-damage|p2a: Garganacl|91\/100\n|\n|t:|1700828008\n|switch|p1a: Greninja|Greninja, M|100\/100|[from] U-turn\n|move|p2a: Garganacl|Iron Defense|p2a: Garganacl\n|-boost|p2a: Garganacl|def|2\n|\n|-heal|p2a: Garganacl|97\/100|[from] item: Leftovers\n|upkeep\n|turn|10\n|\n|t:|1700828011\n|-terastallize|p2a: Garganacl|Fairy\n|move|p1a: Greninja|Hydro Pump|p2a: Garganacl\n|-damage|p2a: Garganacl|49\/100\n|move|p2a: Garganacl|Body Press|p1a: Greninja\n|-supereffective|p1a: Greninja\n|-damage|p1a: Greninja|0 fnt\n|faint|p1a: Greninja\n|\n|-heal|p2a: Garganacl|55\/100|[from] item: Leftovers\n|upkeep\n|\n|t:|1700828016\n|switch|p1a: Slowking|Slowking-Galar, F|100\/100\n|turn|11\n|\n|t:|1700828019\n|move|p2a: Garganacl|Recover|p2a: Garganacl\n|-heal|p2a: Garganacl|100\/100\n|move|p1a: Slowking|Sludge Bomb|p2a: Garganacl\n|-supereffective|p2a: Garganacl\n|-damage|p2a: Garganacl|54\/100\n|\n|-heal|p2a: Garganacl|60\/100|[from] item: Leftovers\n|upkeep\n|turn|12\n|\n|t:|1700828026\n|switch|p2a: Kingambit|Kingambit, F|100\/100\n|-activate|p2a: Kingambit|ability: Supreme Overlord\n|-start|p2a: Kingambit|fallen2|[silent]\n|move|p1a: Slowking|Sludge Bomb|p2a: Kingambit\n|-immune|p2a: Kingambit\n|\n|upkeep\n|turn|13\n|j| Pierre77v\n|\n|t:|1700828032\n|switch|p1a: Landorus|Landorus-Therian, M|100\/100\n|-ability|p1a: Landorus|Intimidate|boost\n|-unboost|p2a: Kingambit|atk|1\n|move|p2a: Kingambit|Kowtow Cleave|p1a: Landorus\n|-damage|p1a: Landorus|71\/100\n|\n|-heal|p1a: Landorus|77\/100|[from] item: Leftovers\n|upkeep\n|turn|14\n|\n|t:|1700828039\n|move|p1a: Landorus|Stealth Rock|p2a: Kingambit\n|-sidestart|p2: LogicaVietii3|move: Stealth Rock\n|move|p2a: Kingambit|Kowtow Cleave|p1a: Landorus\n|-damage|p1a: Landorus|48\/100\n|\n|-heal|p1a: Landorus|54\/100|[from] item: Leftovers\n|upkeep\n|turn|15\n|\n|t:|1700828047\n|-end|p2a: Kingambit|fallen2|[silent]\n|switch|p2a: Amoonguss|Amoonguss, M|42\/100\n|-damage|p2a: Amoonguss|29\/100|[from] Stealth Rock\n|move|p1a: Landorus|Earth Power|p2a: Amoonguss\n|-damage|p2a: Amoonguss|0 fnt\n|faint|p2a: Amoonguss\n|\n|-heal|p1a: Landorus|60\/100|[from] item: Leftovers\n|upkeep\n|\n|t:|1700828048\n|switch|p2a: Weavile|Weavile, F|100\/100\n|-ability|p2a: Weavile|Pressure\n|turn|16\n|j| sendpais\n|\n|t:|1700828054\n|switch|p1a: Corviknight|Corviknight, M|44\/100\n|-ability|p1a: Corviknight|Pressure\n|move|p2a: Weavile|Swords Dance|p2a: Weavile\n|-boost|p2a: Weavile|atk|2\n|\n|upkeep\n|turn|17\n|\n|t:|1700828058\n|move|p2a: Weavile|Knock Off|p1a: Corviknight\n|-damage|p1a: Corviknight|0 fnt\n|-damage|p2a: Weavile|84\/100|[from] item: Rocky Helmet|[of] p1a: Corviknight\n|-enditem|p1a: Corviknight|Rocky Helmet|[from] move: Knock Off|[of] p2a: Weavile\n|faint|p1a: Corviknight\n|\n|upkeep\n|\n|t:|1700828073\n|switch|p1a: Iron Hands|Iron Hands|78\/100\n|turn|18\n|c| sendpais|thats a cute iron hands\n|\n|t:|1700828076\n|move|p1a: Iron Hands|Fake Out|p2a: Weavile\n|-damage|p2a: Weavile|58\/100\n|cant|p2a: Weavile|flinch\n|\n|upkeep\n|turn|19\n|\n|t:|1700828080\n|-end|p1a: Iron Hands|Quark Drive|[silent]\n|switch|p1a: Landorus|Landorus-Therian, M|60\/100\n|-ability|p1a: Landorus|Intimidate|boost\n|-unboost|p2a: Weavile|atk|1\n|move|p2a: Weavile|Knock Off|p1a: Landorus\n|-damage|p1a: Landorus|13\/100\n|-enditem|p1a: Landorus|Leftovers|[from] move: Knock Off|[of] p2a: Weavile\n|\n|upkeep\n|turn|20\n|\n|t:|1700828085\n|move|p2a: Weavile|Knock Off|p1a: Landorus\n|-damage|p1a: Landorus|0 fnt\n|faint|p1a: Landorus\n|\n|upkeep\n|\n|t:|1700828087\n|switch|p1a: Iron Hands|Iron Hands|78\/100\n|turn|21\n|\n|t:|1700828090\n|move|p1a: Iron Hands|Fake Out|p2a: Weavile\n|-damage|p2a: Weavile|31\/100\n|cant|p2a: Weavile|flinch\n|\n|upkeep\n|turn|22\n|\n|t:|1700828094\n|move|p2a: Weavile|Knock Off|p1a: Iron Hands\n|-resisted|p1a: Iron Hands\n|-damage|p1a: Iron Hands|55\/100\n|-enditem|p1a: Iron Hands|Assault Vest|[from] move: Knock Off|[of] p2a: Weavile\n|move|p1a: Iron Hands|Wild Charge|p2a: Weavile\n|-damage|p2a: Weavile|0 fnt\n|faint|p2a: Weavile\n|-damage|p1a: Iron Hands|51\/100|[from] Recoil\n|\n|upkeep\n|\n|t:|1700828097\n|switch|p2a: Garganacl|Garganacl, F, tera:Fairy|60\/100\n|-damage|p2a: Garganacl|48\/100|[from] Stealth Rock\n|turn|23\n|\n|t:|1700828101\n|-end|p1a: Iron Hands|Quark Drive|[silent]\n|switch|p1a: Slowking|Slowking-Galar, F|100\/100\n|move|p2a: Garganacl|Iron Defense|p2a: Garganacl\n|-boost|p2a: Garganacl|def|2\n|\n|-heal|p2a: Garganacl|54\/100|[from] item: Leftovers\n|upkeep\n|turn|24\n|\n|t:|1700828106\n|switch|p2a: Kingambit|Kingambit, F|100\/100\n|-damage|p2a: Kingambit|94\/100|[from] Stealth Rock\n|-activate|p2a: Kingambit|ability: Supreme Overlord\n|-start|p2a: Kingambit|fallen4|[silent]\n|move|p1a: Slowking|Sludge Bomb|p2a: Kingambit\n|-immune|p2a: Kingambit\n|\n|-heal|p2a: Kingambit|100\/100|[from] item: Leftovers\n|upkeep\n|turn|25\n|\n|t:|1700828114\n|-terastallize|p1a: Slowking|Dark\n|move|p2a: Kingambit|Kowtow Cleave|p1a: Slowking\n|-resisted|p1a: Slowking\n|-damage|p1a: Slowking|62\/100\n|move|p1a: Slowking|Chilly Reception|p1a: Slowking\n|-weather|Snow\n|\n|t:|1700828116\n|switch|p1a: Iron Hands|Iron Hands|51\/100|[from] Chilly Reception\n|\n|-weather|Snow|[upkeep]\n|upkeep\n|turn|26\n|\n|t:|1700828126\n|move|p2a: Kingambit|Low Kick|p1a: Iron Hands\n|-damage|p1a: Iron Hands|7\/100\n|move|p1a: Iron Hands|Wild Charge|p2a: Kingambit\n|-damage|p2a: Kingambit|57\/100\n|-damage|p1a: Iron Hands|0 fnt|[from] Recoil\n|faint|p1a: Iron Hands\n|-end|p1a: Iron Hands|Quark Drive|[silent]\n|\n|-weather|Snow|[upkeep]\n|-heal|p2a: Kingambit|63\/100|[from] item: Leftovers\n|upkeep\n|\n|t:|1700828128\n|switch|p1a: Slowking|Slowking-Galar, F, tera:Dark|95\/100\n|turn|27\n|\n|t:|1700828133\n|move|p2a: Kingambit|Low Kick|p1a: Slowking\n|-supereffective|p1a: Slowking\n|-damage|p1a: Slowking|6\/100\n|move|p1a: Slowking|Surf|p2a: Kingambit\n|-damage|p2a: Kingambit|36\/100\n|\n|-weather|Snow|[upkeep]\n|-heal|p2a: Kingambit|43\/100|[from] item: Leftovers\n|upkeep\n|turn|28\n|\n|t:|1700828135\n|move|p2a: Kingambit|Kowtow Cleave|p1a: Slowking\n|-resisted|p1a: Slowking\n|-damage|p1a: Slowking|0 fnt\n|faint|p1a: Slowking\n|\n|win|LogicaVietii3\n|raw|Queen Furina's rating: 1604 &rarr; <strong>1589<\/strong><br \/>(-15 for losing)\n|raw|LogicaVietii3's rating: 1685 &rarr; <strong>1700<\/strong><br \/>(+15 for winning)\n|c|\u2606Queen Furina|Gg\n|c| Grayfoxxx|My rmt gettin use\n|l|\u2606Queen Furina\n|c|\u2606LogicaVietii3|Gg\n|c| Grayfoxxx|Thsnk god\n","uploadtime":1700828181,"views":13,"p1id":"queenfurina","p2id":"logicavietii3","formatid":"gen9ou","rating":1589,"private":0,"password":""}