{"id":"gen9ou-1993173860","p1":"hjmuzzlord","p2":"KINGTONY6","format":"[Gen 9] OU","log":"|j|\u2606hjmuzzlord\n|j|\u2606KINGTONY6\n|t:|1700273802\n|gametype|singles\n|player|p1|hjmuzzlord|supernerd-gen1|\n|player|p2|KINGTONY6|giovanni-masters|\n|teamsize|p1|6\n|teamsize|p2|6\n|gen|9\n|tier|[Gen 9] OU\n|rule|Sleep Clause Mod: Limit one foe put to sleep\n|rule|Species Clause: Limit one of each Pok\u00e9mon\n|rule|OHKO Clause: OHKO moves are banned\n|rule|Evasion Items Clause: Evasion items are banned\n|rule|Evasion Moves Clause: Evasion moves are banned\n|rule|Endless Battle Clause: Forcing endless battles is banned\n|rule|HP Percentage Mod: HP is shown in percentages\n|clearpoke\n|poke|p1|Ursaluna, M|\n|poke|p1|Empoleon, M|\n|poke|p1|Armarouge, M|\n|poke|p1|Amoonguss, F|\n|poke|p1|Mamoswine, M|\n|poke|p1|Drifblim, F|\n|poke|p2|Milotic, M|\n|poke|p2|Ninetales-Alola, F|\n|poke|p2|Espeon, F|\n|poke|p2|Okidogi, M|\n|poke|p2|Mudsdale, M|\n|poke|p2|Ceruledge, M|\n|teampreview\n|j| napg0d\n|j| edicts\n|j| poggerwog\n|\n|t:|1700273822\n|start\n|switch|p1a: Memphis|Empoleon, M|100\/100\n|switch|p2a: Live Laugh Love|Ninetales-Alola, F, shiny|100\/100\n|-weather|Snow|[from] ability: Snow Warning|[of] p2a: Live Laugh Love\n|turn|1\n|j| LuichoX\n|\n|t:|1700273837\n|switch|p2a: Opal|Milotic, M, shiny|100\/100\n|move|p1a: Memphis|Surf|p2a: Opal\n|-resisted|p2a: Opal\n|-damage|p2a: Opal|92\/100\n|\n|-weather|Snow|[upkeep]\n|-heal|p2a: Opal|98\/100|[from] item: Leftovers\n|upkeep\n|turn|2\n|\n|t:|1700273851\n|move|p2a: Opal|Scald|p1a: Memphis\n|-resisted|p1a: Memphis\n|-damage|p1a: Memphis|88\/100\n|move|p1a: Memphis|Flip Turn|p2a: Opal\n|-resisted|p2a: Opal\n|-damage|p2a: Opal|88\/100\n|\n|t:|1700273872\n|switch|p1a: Keesha|Drifblim, F, shiny|100\/100|[from] Flip Turn\n|\n|-weather|Snow|[upkeep]\n|-heal|p2a: Opal|94\/100|[from] item: Leftovers\n|upkeep\n|turn|3\n|\n|t:|1700273880\n|move|p2a: Opal|Ice Beam|p1a: Keesha\n|-supereffective|p1a: Keesha\n|-damage|p1a: Keesha|52\/100\n|move|p1a: Keesha|Will-O-Wisp|p2a: Opal\n|-status|p2a: Opal|brn\n|\n|-weather|Snow|[upkeep]\n|-heal|p2a: Opal|99\/100 brn|[from] item: Leftovers\n|-damage|p2a: Opal|94\/100 brn|[from] brn\n|upkeep\n|turn|4\n|c| edicts|MARVEL SCALE'D?\n|c|\u2606KINGTONY6|hunter does not know what that ability is\n|\n|t:|1700273943\n|switch|p1a: Memphis|Empoleon, M|88\/100\n|move|p2a: Opal|Scald|p1a: Memphis\n|-resisted|p1a: Memphis\n|-damage|p1a: Memphis|77\/100\n|-status|p1a: Memphis|brn\n|\n|-weather|Snow|[upkeep]\n|-heal|p2a: Opal|99\/100 brn|[from] item: Leftovers\n|-heal|p1a: Memphis|83\/100 brn|[from] item: Leftovers\n|-damage|p2a: Opal|94\/100 brn|[from] brn\n|-damage|p1a: Memphis|77\/100 brn|[from] brn\n|upkeep\n|turn|5\n|\n|t:|1700273958\n|move|p1a: Memphis|Surf|p2a: Opal\n|-resisted|p2a: Opal\n|-damage|p2a: Opal|84\/100 brn\n|move|p2a: Opal|Mirror Coat|p1a: Memphis\n|-damage|p1a: Memphis|56\/100 brn\n|\n|-weather|none\n|-heal|p2a: Opal|90\/100 brn|[from] item: Leftovers\n|-heal|p1a: Memphis|62\/100 brn|[from] item: Leftovers\n|-damage|p2a: Opal|84\/100 brn|[from] brn\n|-damage|p1a: Memphis|56\/100 brn|[from] brn\n|upkeep\n|turn|6\n|\n|t:|1700273970\n|move|p2a: Opal|Scald|p1a: Memphis\n|-resisted|p1a: Memphis\n|-damage|p1a: Memphis|42\/100 brn\n|move|p1a: Memphis|Roost|p1a: Memphis\n|-heal|p1a: Memphis|92\/100 brn\n|-singleturn|p1a: Memphis|move: Roost\n|\n|-heal|p2a: Opal|90\/100 brn|[from] item: Leftovers\n|-heal|p1a: Memphis|99\/100 brn|[from] item: Leftovers\n|-damage|p2a: Opal|84\/100 brn|[from] brn\n|-damage|p1a: Memphis|92\/100 brn|[from] brn\n|upkeep\n|turn|7\n|c|\u2606KINGTONY6|I hope someone has subway surfers\n|\n|t:|1700273992\n|move|p2a: Opal|Scald|p1a: Memphis\n|-resisted|p1a: Memphis\n|-damage|p1a: Memphis|80\/100 brn\n|move|p1a: Memphis|Flip Turn|p2a: Opal\n|-resisted|p2a: Opal\n|-damage|p2a: Opal|79\/100 brn\n|\n|t:|1700273998\n|switch|p1a: Jessie|Mamoswine, M|100\/100|[from] Flip Turn\n|\n|-heal|p2a: Opal|86\/100 brn|[from] item: Leftovers\n|-damage|p2a: Opal|79\/100 brn|[from] brn\n|upkeep\n|turn|8\n|\n|t:|1700274013\n|move|p1a: Jessie|Earthquake|p2a: Opal\n|-damage|p2a: Opal|5\/100 brn\n|-damage|p1a: Jessie|91\/100|[from] item: Life Orb\n|move|p2a: Opal|Scald|p1a: Jessie\n|-supereffective|p1a: Jessie\n|-damage|p1a: Jessie|9\/100\n|\n|-heal|p2a: Opal|11\/100 brn|[from] item: Leftovers\n|-damage|p2a: Opal|5\/100 brn|[from] brn\n|upkeep\n|turn|9\n|\n|t:|1700274029\n|move|p1a: Jessie|Ice Shard|p2a: Opal\n|-resisted|p2a: Opal\n|-damage|p2a: Opal|0 fnt\n|faint|p2a: Opal\n|-damage|p1a: Jessie|0 fnt|[from] item: Life Orb\n|faint|p1a: Jessie\n|\n|upkeep\n|\n|t:|1700274048\n|switch|p1a: Keesha|Drifblim, F, shiny|52\/100\n|switch|p2a: Slow Dancer|Mudsdale, M|100\/100\n|turn|10\n|\n|t:|1700274059\n|switch|p1a: Memphis|Empoleon, M|80\/100 brn\n|switch|p2a: True Night's Edge|Ceruledge, M|100\/100\n|\n|-heal|p1a: Memphis|86\/100 brn|[from] item: Leftovers\n|-damage|p1a: Memphis|80\/100 brn|[from] brn\n|upkeep\n|turn|11\n|\n|t:|1700274081\n|move|p2a: True Night's Edge|Close Combat|p1a: Memphis\n|-supereffective|p1a: Memphis\n|-crit|p1a: Memphis\n|-damage|p1a: Memphis|0 fnt\n|-unboost|p2a: True Night's Edge|def|1\n|-unboost|p2a: True Night's Edge|spd|1\n|faint|p1a: Memphis\n|\n|upkeep\n|c|\u2606KINGTONY6|I think that mattered\n|c|\u2606KINGTONY6|actually\n|c|\u2606hjmuzzlord|it totally did\n|c|\u2606KINGTONY6|If I am 100% for realsies\n|\n|t:|1700274100\n|switch|p1a: Keesha|Drifblim, F, shiny|52\/100\n|turn|12\n|c| edicts|That crit mattered half of the time\n|c| edicts|A bit less\n|c| edicts|Usually didnt matter\n|\n|t:|1700274117\n|move|p2a: True Night's Edge|Shadow Sneak|p1a: Keesha\n|-supereffective|p1a: Keesha\n|-damage|p1a: Keesha|17\/100\n|move|p1a: Keesha|Destiny Bond|p1a: Keesha\n|-singlemove|p1a: Keesha|Destiny Bond\n|\n|upkeep\n|turn|13\n|\n|t:|1700274124\n|switch|p2a: Live Laugh Love|Ninetales-Alola, F, shiny|100\/100\n|-weather|Snow|[from] ability: Snow Warning|[of] p2a: Live Laugh Love\n|move|p1a: Keesha|Will-O-Wisp|p2a: Live Laugh Love|[miss]\n|-miss|p1a: Keesha|p2a: Live Laugh Love\n|\n|-weather|Snow|[upkeep]\n|upkeep\n|turn|14\n|\n|t:|1700274135\n|switch|p1a: Dan Gheesling|Armarouge, M|100\/100\n|move|p2a: Live Laugh Love|Blizzard|p1a: Dan Gheesling\n|-resisted|p1a: Dan Gheesling\n|-damage|p1a: Dan Gheesling|68\/100\n|\n|-weather|Snow|[upkeep]\n|upkeep\n|turn|15\n|\n|t:|1700274144\n|move|p2a: Live Laugh Love|Aurora Veil|p2a: Live Laugh Love\n|-sidestart|p2: KINGTONY6|move: Aurora Veil\n|move|p1a: Dan Gheesling|Flash Cannon|p2a: Live Laugh Love\n|-supereffective|p2a: Live Laugh Love\n|-damage|p2a: Live Laugh Love|37\/100\n|\n|-weather|Snow|[upkeep]\n|upkeep\n|turn|16\n|\n|t:|1700274158\n|switch|p2a: Slow Dancer|Mudsdale, M|100\/100\n|move|p1a: Dan Gheesling|Flash Cannon|p2a: Slow Dancer\n|-damage|p2a: Slow Dancer|88\/100\n|-ability|p2a: Slow Dancer|Stamina|boost\n|-boost|p2a: Slow Dancer|def|1\n|\n|-weather|Snow|[upkeep]\n|upkeep\n|turn|17\n|\n|t:|1700274189\n|switch|p1a: Renny|Amoonguss, F|100\/100\n|switch|p2a: \u30d3\u30c3\u30b0\u30d1\u30f3\u30c1\u30fc|Okidogi, M|100\/100\n|\n|-weather|none\n|upkeep\n|turn|18\n|\n|t:|1700274209\n|switch|p2a: \ud83d\udc9a\ud83d\udc9a\ud83d\udc9a|Espeon, F, shiny|100\/100\n|move|p1a: Renny|Spore|p2a: \ud83d\udc9a\ud83d\udc9a\ud83d\udc9a\n|move|p2a: \ud83d\udc9a\ud83d\udc9a\ud83d\udc9a|Spore|p1a: Renny|[from]ability: Magic Bounce\n|-immune|p1a: Renny\n|\n|upkeep\n|turn|19\n|\n|t:|1700274222\n|switch|p1a: Jerry|Ursaluna, M|100\/100\n|move|p2a: \ud83d\udc9a\ud83d\udc9a\ud83d\udc9a|Calm Mind|p2a: \ud83d\udc9a\ud83d\udc9a\ud83d\udc9a\n|-boost|p2a: \ud83d\udc9a\ud83d\udc9a\ud83d\udc9a|spa|1\n|-boost|p2a: \ud83d\udc9a\ud83d\udc9a\ud83d\udc9a|spd|1\n|\n|-status|p1a: Jerry|brn|[from] item: Flame Orb\n|upkeep\n|turn|20\n|c| napg0d|no shot u made it 3 green hearts\n|c| napg0d|does he know?\n|c|\u2606KINGTONY6|I did\n|\n|t:|1700274238\n|-terastallize|p2a: \ud83d\udc9a\ud83d\udc9a\ud83d\udc9a|Psychic\n|move|p2a: \ud83d\udc9a\ud83d\udc9a\ud83d\udc9a|Psychic|p1a: Jerry\n|-crit|p1a: Jerry\n|-damage|p1a: Jerry|0 fnt\n|faint|p1a: Jerry\n|\n|upkeep\n|c|\u2606KINGTONY6|THAT MATTERED\n|\n|t:|1700274245\n|switch|p1a: Dan Gheesling|Armarouge, M|68\/100\n|turn|21\n|c|\u2606KINGTONY6|ON GOD IT HAD TO\n|c| edicts|that matterec.\n|c| edicts|100%\n|\n|t:|1700274265\n|move|p2a: \ud83d\udc9a\ud83d\udc9a\ud83d\udc9a|Shadow Ball|p1a: Dan Gheesling\n|-supereffective|p1a: Dan Gheesling\n|-damage|p1a: Dan Gheesling|0 fnt\n|faint|p1a: Dan Gheesling\n|\n|upkeep\n|c| edicts|did 80% otherwise.\n|\n|t:|1700274270\n|switch|p1a: Keesha|Drifblim, F, shiny|17\/100\n|turn|22\n|\n|t:|1700274272\n|move|p2a: \ud83d\udc9a\ud83d\udc9a\ud83d\udc9a|Shadow Ball|p1a: Keesha\n|-supereffective|p1a: Keesha\n|-damage|p1a: Keesha|0 fnt\n|faint|p1a: Keesha\n|\n|-sideend|p2: KINGTONY6|move: Aurora Veil\n|upkeep\n|\n|t:|1700274278\n|switch|p1a: Renny|Amoonguss, F|100\/100\n|turn|23\n|\n|t:|1700274280\n|move|p2a: \ud83d\udc9a\ud83d\udc9a\ud83d\udc9a|Psychic|p1a: Renny\n|-supereffective|p1a: Renny\n|-damage|p1a: Renny|0 fnt\n|faint|p1a: Renny\n|\n|win|KINGTONY6\n|c| napg0d|pain\n","uploadtime":1700274289,"views":12,"p1id":"hjmuzzlord","p2id":"kingtony6","formatid":"gen9ou","rating":0,"private":0,"password":""}