{"id":"gen9ou-1993338320","p1":"BoundlessMemory","p2":"Andrews Finn3","format":"[Gen 9] OU","log":"|j|\u2606BoundlessMemory\n|j|\u2606Andrews Finn3\n|t:|1700301371\n|gametype|singles\n|player|p1|BoundlessMemory|lucas|1126\n|player|p2|Andrews Finn3|steven|1140\n|teamsize|p1|6\n|teamsize|p2|6\n|gen|9\n|tier|[Gen 9] OU\n|rated|\n|rule|Sleep Clause Mod: Limit one foe put to sleep\n|rule|Species Clause: Limit one of each Pok\u00e9mon\n|rule|OHKO Clause: OHKO moves are banned\n|rule|Evasion Items Clause: Evasion items are banned\n|rule|Evasion Moves Clause: Evasion moves are banned\n|rule|Endless Battle Clause: Forcing endless battles is banned\n|rule|HP Percentage Mod: HP is shown in percentages\n|clearpoke\n|poke|p1|Great Tusk|\n|poke|p1|Quaquaval, M|\n|poke|p1|Dragonite, F|\n|poke|p1|Ninetales-Alola, M|\n|poke|p1|Skeledirge, M|\n|poke|p1|Zapdos|\n|poke|p2|Alomomola, F|\n|poke|p2|Slowking-Galar, F|\n|poke|p2|Kingambit, F|\n|poke|p2|Great Tusk|\n|poke|p2|Cinderace, F|\n|poke|p2|Thundurus-Therian, M|\n|teampreview\n|inactive|Battle timer is ON: inactive players will automatically lose when time's up. (requested by BoundlessMemory)\n|\n|t:|1700301393\n|start\n|switch|p1a: Quaquaval|Quaquaval, M|100\/100\n|switch|p2a: Thundurus|Thundurus-Therian, M|100\/100\n|turn|1\n|\n|t:|1700301400\n|move|p2a: Thundurus|Grass Knot|p1a: Quaquaval\n|-supereffective|p1a: Quaquaval\n|-enditem|p1a: Quaquaval|Focus Sash\n|-damage|p1a: Quaquaval|1\/100\n|move|p1a: Quaquaval|Aqua Step|p2a: Thundurus\n|-damage|p2a: Thundurus|37\/100\n|-boost|p1a: Quaquaval|spe|1\n|\n|upkeep\n|turn|2\n|\n|t:|1700301408\n|switch|p2a: Alomomola|Alomomola, F|100\/100\n|move|p1a: Quaquaval|Aqua Step|p2a: Alomomola\n|-resisted|p2a: Alomomola\n|-damage|p2a: Alomomola|89\/100\n|-boost|p1a: Quaquaval|spe|1\n|-enditem|p2a: Alomomola|Red Card|[of] p1a: Quaquaval\n|drag|p1a: Skeledirge|Skeledirge, M|100\/100\n|\n|upkeep\n|turn|3\n|\n|t:|1700301421\n|switch|p1a: Zapdos|Zapdos|100\/100\n|-ability|p1a: Zapdos|Pressure\n|move|p2a: Alomomola|Wish|p2a: Alomomola\n|\n|upkeep\n|turn|4\n|\n|t:|1700301428\n|switch|p2a: Thundurus|Thundurus-Therian, M|37\/100\n|move|p1a: Zapdos|Thunder Wave|p2a: Thundurus\n|-heal|p2a: Thundurus|62\/100|[from] ability: Volt Absorb|[of] p1a: Zapdos\n|\n|-heal|p2a: Thundurus|100\/100|[from] move: Wish|[wisher] Alomomola\n|upkeep\n|turn|5\n|\n|t:|1700301437\n|move|p2a: Thundurus|Volt Switch|p1a: Zapdos\n|-damage|p1a: Zapdos|35\/100\n|\n|t:|1700301441\n|switch|p2a: Slowking|Slowking-Galar, F|100\/100|[from] Volt Switch\n|move|p1a: Zapdos|Heat Wave|p2a: Slowking\n|-damage|p2a: Slowking|82\/100\n|\n|upkeep\n|turn|6\n|\n|t:|1700301447\n|move|p1a: Zapdos|Thunder Wave|p2a: Slowking\n|-status|p2a: Slowking|par\n|cant|p2a: Slowking|par\n|\n|upkeep\n|turn|7\n|\n|t:|1700301462\n|switch|p1a: Dragonite|Dragonite, F|100\/100\n|move|p2a: Slowking|Future Sight|p1a: Dragonite\n|-start|p2a: Slowking|move: Future Sight\n|\n|upkeep\n|turn|8\n|\n|t:|1700301468\n|move|p1a: Dragonite|Dragon Dance|p1a: Dragonite\n|-boost|p1a: Dragonite|atk|1\n|-boost|p1a: Dragonite|spe|1\n|move|p2a: Slowking|Ice Beam|p1a: Dragonite\n|-supereffective|p1a: Dragonite\n|-crit|p1a: Dragonite\n|-damage|p1a: Dragonite|31\/100\n|\n|-heal|p1a: Dragonite|37\/100|[from] item: Leftovers\n|upkeep\n|turn|9\n|\n|t:|1700301480\n|move|p1a: Dragonite|Earthquake|p2a: Slowking\n|-supereffective|p2a: Slowking\n|-damage|p2a: Slowking|0 fnt\n|faint|p2a: Slowking\n|\n|-end|p1a: Dragonite|move: Future Sight\n|-damage|p1a: Dragonite|0 fnt\n|faint|p1a: Dragonite\n|upkeep\n|\n|t:|1700301491\n|switch|p1a: Great Tusk|Great Tusk|100\/100\n|switch|p2a: Alomomola|Alomomola, F|100\/100\n|-enditem|p1a: Great Tusk|Booster Energy\n|-activate|p1a: Great Tusk|ability: Protosynthesis|[fromitem]\n|-start|p1a: Great Tusk|protosynthesisatk\n|turn|10\n|\n|t:|1700301499\n|move|p1a: Great Tusk|Rapid Spin|p2a: Alomomola\n|-damage|p2a: Alomomola|86\/100\n|-boost|p1a: Great Tusk|spe|1\n|move|p2a: Alomomola|Scald|p1a: Great Tusk\n|-supereffective|p1a: Great Tusk\n|-damage|p1a: Great Tusk|60\/100\n|\n|upkeep\n|turn|11\n|\n|t:|1700301513\n|move|p1a: Great Tusk|Rapid Spin|p2a: Alomomola\n|-damage|p2a: Alomomola|73\/100\n|-boost|p1a: Great Tusk|spe|1\n|move|p2a: Alomomola|Scald|p1a: Great Tusk\n|-supereffective|p1a: Great Tusk\n|-damage|p1a: Great Tusk|17\/100\n|-status|p1a: Great Tusk|brn\n|\n|-damage|p1a: Great Tusk|11\/100 brn|[from] brn\n|upkeep\n|turn|12\n|\n|t:|1700301528\n|move|p1a: Great Tusk|Close Combat|p2a: Alomomola\n|-damage|p2a: Alomomola|50\/100\n|-unboost|p1a: Great Tusk|def|1\n|-unboost|p1a: Great Tusk|spd|1\n|move|p2a: Alomomola|Wish|p2a: Alomomola\n|\n|-damage|p1a: Great Tusk|5\/100 brn|[from] brn\n|upkeep\n|turn|13\n|-message|BoundlessMemory forfeited.\n|\n|win|Andrews Finn3\n|raw|BoundlessMemory's rating: 1126 &rarr; <strong>1102<\/strong><br \/>(-24 for losing)\n|raw|Andrews Finn3's rating: 1140 &rarr; <strong>1164<\/strong><br \/>(+24 for winning)\n|l|\u2606BoundlessMemory\n","uploadtime":1700301547,"views":10,"p1id":"boundlessmemory","p2id":"andrewsfinn3","formatid":"gen9ou","rating":1102,"private":0,"password":""}