{"id":"gen9ou-1990151359","p1":"Fr0sTtzz","p2":"JaimeLX","format":"[Gen 9] OU","log":"|j|\u2606Fr0sTtzz\n|j|\u2606JaimeLX\n|t:|1699930192\n|gametype|singles\n|player|p1|Fr0sTtzz|102|\n|player|p2|JaimeLX|cynthia|\n|teamsize|p1|6\n|teamsize|p2|6\n|gen|9\n|tier|[Gen 9] OU\n|rule|Sleep Clause Mod: Limit one foe put to sleep\n|rule|Species Clause: Limit one of each Pok\u00e9mon\n|rule|OHKO Clause: OHKO moves are banned\n|rule|Evasion Items Clause: Evasion items are banned\n|rule|Evasion Moves Clause: Evasion moves are banned\n|rule|Endless Battle Clause: Forcing endless battles is banned\n|rule|HP Percentage Mod: HP is shown in percentages\n|clearpoke\n|poke|p1|Gholdengo|\n|poke|p1|Iron Valiant|\n|poke|p1|Lucario, M|\n|poke|p1|Arcanine-Hisui, F|\n|poke|p1|Meowscarada, F|\n|poke|p1|Torkoal, M|\n|poke|p2|Pelipper, M|\n|poke|p2|Ludicolo, F|\n|poke|p2|Barraskewda, F|\n|poke|p2|Crawdaunt, M|\n|poke|p2|Empoleon, F|\n|poke|p2|Milotic, M|\n|teampreview\n|\n|t:|1699930237\n|start\n|switch|p1a: Gholdengo|Gholdengo|100\/100\n|switch|p2a: Pelipper|Pelipper, M|100\/100\n|-weather|RainDance|[from] ability: Drizzle|[of] p2a: Pelipper\n|turn|1\n|\n|t:|1699930259\n|switch|p2a: Empoleon|Empoleon, F|100\/100\n|move|p1a: Gholdengo|Thunder|p2a: Empoleon\n|-supereffective|p2a: Empoleon\n|-damage|p2a: Empoleon|50\/100\n|\n|-weather|RainDance|[upkeep]\n|upkeep\n|turn|2\n|\n|t:|1699930267\n|move|p1a: Gholdengo|Thunder|p2a: Empoleon\n|-supereffective|p2a: Empoleon\n|-damage|p2a: Empoleon|2\/100\n|move|p2a: Empoleon|Earthquake|p1a: Gholdengo\n|-supereffective|p1a: Gholdengo\n|-damage|p1a: Gholdengo|33\/100\n|\n|-weather|RainDance|[upkeep]\n|-heal|p1a: Gholdengo|39\/100|[from] item: Leftovers\n|upkeep\n|turn|3\n|\n|t:|1699930277\n|move|p1a: Gholdengo|Shadow Ball|p2a: Empoleon\n|-damage|p2a: Empoleon|0 fnt\n|faint|p2a: Empoleon\n|\n|-weather|RainDance|[upkeep]\n|-heal|p1a: Gholdengo|45\/100|[from] item: Leftovers\n|upkeep\n|\n|t:|1699930292\n|switch|p2a: Barraskewda|Barraskewda, F|100\/100\n|turn|4\n|\n|t:|1699930296\n|switch|p1a: Torkoal|Torkoal, M|100\/100\n|-weather|SunnyDay|[from] ability: Drought|[of] p1a: Torkoal\n|move|p2a: Barraskewda|Liquidation|p1a: Torkoal\n|-supereffective|p1a: Torkoal\n|-damage|p1a: Torkoal|49\/100\n|-unboost|p1a: Torkoal|def|1\n|-damage|p2a: Barraskewda|84\/100|[from] item: Rocky Helmet|[of] p1a: Torkoal\n|\n|-weather|SunnyDay|[upkeep]\n|upkeep\n|turn|5\n|\n|t:|1699930309\n|move|p2a: Barraskewda|Liquidation|p1a: Torkoal\n|-supereffective|p1a: Torkoal\n|-damage|p1a: Torkoal|0 fnt\n|-damage|p2a: Barraskewda|68\/100|[from] item: Rocky Helmet|[of] p1a: Torkoal\n|faint|p1a: Torkoal\n|\n|-weather|SunnyDay|[upkeep]\n|upkeep\n|\n|t:|1699930320\n|switch|p1a: Arcanine|Arcanine-Hisui, F|100\/100\n|turn|6\n|\n|t:|1699930336\n|switch|p2a: Pelipper|Pelipper, M|100\/100\n|-weather|RainDance|[from] ability: Drizzle|[of] p2a: Pelipper\n|move|p1a: Arcanine|Head Smash|p2a: Pelipper\n|-supereffective|p2a: Pelipper\n|-damage|p2a: Pelipper|0 fnt\n|faint|p2a: Pelipper\n|\n|-weather|RainDance|[upkeep]\n|upkeep\n|\n|t:|1699930349\n|switch|p2a: Crawdaunt|Crawdaunt, M|100\/100\n|turn|7\n|\n|t:|1699930376\n|move|p1a: Arcanine|Head Smash|p2a: Crawdaunt\n|-enditem|p2a: Crawdaunt|Focus Sash\n|-damage|p2a: Crawdaunt|1\/100\n|move|p2a: Crawdaunt|Close Combat|p1a: Arcanine\n|-supereffective|p1a: Arcanine\n|-damage|p1a: Arcanine|0 fnt\n|-unboost|p2a: Crawdaunt|def|1\n|-unboost|p2a: Crawdaunt|spd|1\n|faint|p1a: Arcanine\n|\n|-weather|RainDance|[upkeep]\n|upkeep\n|\n|t:|1699930384\n|switch|p1a: Lucario|Lucario, M|100\/100\n|turn|8\n|\n|t:|1699930388\n|move|p1a: Lucario|Extreme Speed|p2a: Crawdaunt\n|-damage|p2a: Crawdaunt|0 fnt\n|faint|p2a: Crawdaunt\n|-damage|p1a: Lucario|91\/100|[from] item: Life Orb\n|\n|-weather|RainDance|[upkeep]\n|upkeep\n|\n|t:|1699930397\n|switch|p2a: Barraskewda|Barraskewda, F|68\/100\n|turn|9\n|\n|t:|1699930411\n|move|p1a: Lucario|Extreme Speed|p2a: Barraskewda\n|-damage|p2a: Barraskewda|15\/100\n|-damage|p1a: Lucario|81\/100|[from] item: Life Orb\n|move|p2a: Barraskewda|Psychic Fangs|p1a: Lucario\n|-damage|p1a: Lucario|1\/100\n|\n|-weather|RainDance|[upkeep]\n|upkeep\n|turn|10\n|\n|t:|1699930418\n|switch|p2a: Milotic|Milotic, M|100\/100\n|move|p1a: Lucario|Extreme Speed|p2a: Milotic\n|-damage|p2a: Milotic|82\/100\n|-damage|p1a: Lucario|0 fnt|[from] item: Life Orb\n|faint|p1a: Lucario\n|\n|-weather|RainDance|[upkeep]\n|-heal|p2a: Milotic|88\/100|[from] item: Leftovers\n|upkeep\n|\n|t:|1699930433\n|switch|p1a: Meowscarada|Meowscarada, F|100\/100\n|turn|11\n|\n|t:|1699930453\n|move|p1a: Meowscarada|Flower Trick|p2a: Milotic\n|-start|p1a: Meowscarada|typechange|Grass|[from] ability: Protean\n|-supereffective|p2a: Milotic\n|-crit|p2a: Milotic\n|-damage|p2a: Milotic|0 fnt\n|faint|p2a: Milotic\n|\n|-weather|RainDance|[upkeep]\n|upkeep\n|\n|t:|1699930466\n|switch|p2a: Barraskewda|Barraskewda, F|15\/100\n|turn|12\n|\n|t:|1699930471\n|move|p1a: Meowscarada|Sucker Punch|p2a: Barraskewda\n|-damage|p2a: Barraskewda|0 fnt\n|faint|p2a: Barraskewda\n|\n|-weather|RainDance|[upkeep]\n|upkeep\n|\n|t:|1699930473\n|switch|p2a: Ludicolo|Ludicolo, F|100\/100\n|turn|13\n|\n|t:|1699930479\n|move|p2a: Ludicolo|Ice Beam|p1a: Meowscarada\n|-supereffective|p1a: Meowscarada\n|-damage|p1a: Meowscarada|44\/100\n|-status|p1a: Meowscarada|frz\n|cant|p1a: Meowscarada|frz\n|\n|-weather|none\n|upkeep\n|turn|14\n|\n|t:|1699930491\n|cant|p1a: Meowscarada|frz\n|move|p2a: Ludicolo|Ice Beam|p1a: Meowscarada\n|-supereffective|p1a: Meowscarada\n|-damage|p1a: Meowscarada|0 fnt\n|faint|p1a: Meowscarada\n|\n|upkeep\n|\n|t:|1699930497\n|switch|p1a: Gholdengo|Gholdengo|45\/100\n|turn|15\n|\n|t:|1699930501\n|move|p1a: Gholdengo|Make It Rain|p2a: Ludicolo\n|-resisted|p2a: Ludicolo\n|-damage|p2a: Ludicolo|77\/100\n|-unboost|p1a: Gholdengo|spa|1\n|move|p2a: Ludicolo|Giga Drain|p1a: Gholdengo\n|-resisted|p1a: Gholdengo\n|-damage|p1a: Gholdengo|31\/100\n|-heal|p2a: Ludicolo|85\/100|[from] drain|[of] p1a: Gholdengo\n|\n|-heal|p1a: Gholdengo|37\/100|[from] item: Leftovers\n|upkeep\n|turn|16\n|\n|t:|1699930528\n|move|p1a: Gholdengo|Thunder|p2a: Ludicolo\n|-damage|p2a: Ludicolo|66\/100\n|move|p2a: Ludicolo|Giga Drain|p1a: Gholdengo\n|-resisted|p1a: Gholdengo\n|-damage|p1a: Gholdengo|23\/100\n|-heal|p2a: Ludicolo|73\/100|[from] drain|[of] p1a: Gholdengo\n|\n|-heal|p1a: Gholdengo|29\/100|[from] item: Leftovers\n|upkeep\n|turn|17\n|\n|t:|1699930537\n|move|p1a: Gholdengo|Shadow Ball|p2a: Ludicolo\n|-damage|p2a: Ludicolo|52\/100\n|move|p2a: Ludicolo|Giga Drain|p1a: Gholdengo\n|-resisted|p1a: Gholdengo\n|-damage|p1a: Gholdengo|16\/100\n|-heal|p2a: Ludicolo|60\/100|[from] drain|[of] p1a: Gholdengo\n|\n|-heal|p1a: Gholdengo|22\/100|[from] item: Leftovers\n|upkeep\n|turn|18\n|\n|t:|1699930546\n|move|p1a: Gholdengo|Shadow Ball|p2a: Ludicolo\n|-damage|p2a: Ludicolo|39\/100\n|move|p2a: Ludicolo|Giga Drain|p1a: Gholdengo\n|-resisted|p1a: Gholdengo\n|-damage|p1a: Gholdengo|8\/100\n|-heal|p2a: Ludicolo|47\/100|[from] drain|[of] p1a: Gholdengo\n|\n|-heal|p1a: Gholdengo|14\/100|[from] item: Leftovers\n|upkeep\n|turn|19\n|\n|t:|1699930557\n|move|p1a: Gholdengo|Shadow Ball|p2a: Ludicolo\n|-damage|p2a: Ludicolo|27\/100\n|move|p2a: Ludicolo|Giga Drain|p1a: Gholdengo\n|-resisted|p1a: Gholdengo\n|-damage|p1a: Gholdengo|0 fnt\n|-heal|p2a: Ludicolo|35\/100|[from] drain|[of] p1a: Gholdengo\n|faint|p1a: Gholdengo\n|\n|upkeep\n|\n|t:|1699930563\n|switch|p1a: Iron Valiant|Iron Valiant|100\/100\n|-enditem|p1a: Iron Valiant|Booster Energy\n|-activate|p1a: Iron Valiant|ability: Quark Drive|[fromitem]\n|-start|p1a: Iron Valiant|quarkdrivespe\n|turn|20\n|\n|t:|1699930579\n|move|p1a: Iron Valiant|Psycho Cut|p2a: Ludicolo\n|-damage|p2a: Ludicolo|3\/100\n|move|p2a: Ludicolo|Leech Seed|p1a: Iron Valiant\n|-start|p1a: Iron Valiant|move: Leech Seed\n|\n|-damage|p1a: Iron Valiant|88\/100|[from] Leech Seed|[of] p2a: Ludicolo\n|-heal|p2a: Ludicolo|16\/100|[silent]\n|upkeep\n|turn|21\n|\n|t:|1699930585\n|move|p2a: Ludicolo|Protect|p2a: Ludicolo\n|-singleturn|p2a: Ludicolo|Protect\n|move|p1a: Iron Valiant|Psycho Cut|p2a: Ludicolo\n|-activate|p2a: Ludicolo|move: Protect\n|\n|-damage|p1a: Iron Valiant|76\/100|[from] Leech Seed|[of] p2a: Ludicolo\n|-heal|p2a: Ludicolo|29\/100|[silent]\n|upkeep\n|turn|22\n|\n|t:|1699930593\n|move|p2a: Ludicolo|Protect||[still]\n|-fail|p2a: Ludicolo\n|move|p1a: Iron Valiant|Zen Headbutt|p2a: Ludicolo\n|-damage|p2a: Ludicolo|0 fnt\n|faint|p2a: Ludicolo\n|\n|win|Fr0sTtzz\n","uploadtime":1699930601,"views":16,"p1id":"fr0sttzz","p2id":"jaimelx","formatid":"gen9ou","rating":0,"private":0,"password":""}