{"id":"gen9ou-1991279776","p1":"mhk897","p2":"J_Stars12","format":"[Gen 9] OU","log":"|j|\u2606mhk897\n|j|\u2606J_Stars12\n|t:|1700063835\n|gametype|singles\n|player|p1|mhk897|red|1180\n|player|p2|J_Stars12|1|1253\n|teamsize|p1|6\n|teamsize|p2|6\n|gen|9\n|tier|[Gen 9] OU\n|rated|\n|rule|Sleep Clause Mod: Limit one foe put to sleep\n|rule|Species Clause: Limit one of each Pok\u00e9mon\n|rule|OHKO Clause: OHKO moves are banned\n|rule|Evasion Items Clause: Evasion items are banned\n|rule|Evasion Moves Clause: Evasion moves are banned\n|rule|Endless Battle Clause: Forcing endless battles is banned\n|rule|HP Percentage Mod: HP is shown in percentages\n|clearpoke\n|poke|p1|Dragonite, F|\n|poke|p1|Iron Valiant|\n|poke|p1|Grimmsnarl, M|\n|poke|p1|Scizor, M|\n|poke|p1|Slowbro, M|\n|poke|p1|Rotom-Wash|\n|poke|p2|Gholdengo|\n|poke|p2|Landorus-Therian, M|\n|poke|p2|Rillaboom, M|\n|poke|p2|Glimmora, M|\n|poke|p2|Sneasler, F|\n|poke|p2|Milotic, F|\n|teampreview\n|inactive|Battle timer is ON: inactive players will automatically lose when time's up. (requested by J_Stars12)\n|inactive|mhk897 also wants the timer to be on.\n|c|\u2606mhk897|glhf\n|\n|t:|1700063863\n|start\n|switch|p1a: Scizor|Scizor, M|100\/100\n|switch|p2a: Glimmora|Glimmora, M|100\/100\n|turn|1\n|\n|t:|1700063868\n|move|p1a: Scizor|Bullet Punch|p2a: Glimmora\n|-supereffective|p2a: Glimmora\n|-damage|p2a: Glimmora|32\/100\n|-activate|p2a: Glimmora|ability: Toxic Debris\n|-sidestart|p1: mhk897|move: Toxic Spikes\n|move|p2a: Glimmora|Stealth Rock|p1a: Scizor\n|-sidestart|p1: mhk897|move: Stealth Rock\n|\n|upkeep\n|turn|2\n|\n|t:|1700063878\n|move|p1a: Scizor|Bullet Punch|p2a: Glimmora\n|-supereffective|p2a: Glimmora\n|-damage|p2a: Glimmora|0 fnt\n|-activate|p2a: Glimmora|ability: Toxic Debris\n|-sidestart|p1: mhk897|move: Toxic Spikes\n|faint|p2a: Glimmora\n|\n|upkeep\n|\n|t:|1700063895\n|switch|p2a: Landorus|Landorus-Therian, M|100\/100\n|-ability|p2a: Landorus|Intimidate|boost\n|-unboost|p1a: Scizor|atk|1\n|turn|3\n|\n|t:|1700063900\n|move|p2a: Landorus|Earthquake|p1a: Scizor\n|-damage|p1a: Scizor|47\/100\n|move|p1a: Scizor|Defog|p2a: Landorus\n|-unboost|p2a: Landorus|evasion|1\n|-sideend|p1: mhk897|Toxic Spikes|[from] move: Defog|[of] p1a: Scizor\n|-sideend|p1: mhk897|Stealth Rock|[from] move: Defog|[of] p1a: Scizor\n|\n|-heal|p1a: Scizor|53\/100|[from] item: Leftovers\n|upkeep\n|turn|4\n|\n|t:|1700063909\n|switch|p1a: Rotom|Rotom-Wash|100\/100\n|move|p2a: Landorus|Earthquake|p1a: Rotom\n|-immune|p1a: Rotom|[from] ability: Levitate\n|\n|upkeep\n|turn|5\n|\n|t:|1700063915\n|switch|p2a: Rillaboom|Rillaboom, M|100\/100\n|-fieldstart|move: Grassy Terrain|[from] ability: Grassy Surge|[of] p2a: Rillaboom\n|move|p1a: Rotom|Hydro Pump|p2a: Rillaboom\n|-resisted|p2a: Rillaboom\n|-damage|p2a: Rillaboom|80\/100\n|\n|-heal|p2a: Rillaboom|86\/100|[from] Grassy Terrain\n|upkeep\n|turn|6\n|\n|t:|1700063921\n|switch|p1a: Scizor|Scizor, M|53\/100\n|move|p2a: Rillaboom|Wood Hammer|p1a: Scizor\n|-resisted|p1a: Scizor\n|-damage|p1a: Scizor|30\/100\n|-damage|p2a: Rillaboom|79\/100|[from] Recoil\n|\n|-heal|p2a: Rillaboom|85\/100|[from] Grassy Terrain\n|-heal|p1a: Scizor|36\/100|[from] Grassy Terrain\n|-heal|p1a: Scizor|42\/100|[from] item: Leftovers\n|upkeep\n|turn|7\n|\n|t:|1700063939\n|switch|p2a: Sneasler|Sneasler, F|100\/100\n|-enditem|p2a: Sneasler|Grassy Seed\n|-boost|p2a: Sneasler|def|1|[from] item: Grassy Seed\n|move|p1a: Scizor|U-turn|p2a: Sneasler\n|-resisted|p2a: Sneasler\n|-damage|p2a: Sneasler|89\/100\n|\n|t:|1700063942\n|switch|p1a: Slowbro|Slowbro, M|100\/100|[from] U-turn\n|\n|-heal|p2a: Sneasler|95\/100|[from] Grassy Terrain\n|upkeep\n|turn|8\n|\n|t:|1700063950\n|-terastallize|p2a: Sneasler|Flying\n|move|p2a: Sneasler|Swords Dance|p2a: Sneasler\n|-boost|p2a: Sneasler|atk|2\n|move|p1a: Slowbro|Psychic|p2a: Sneasler\n|-damage|p2a: Sneasler|50\/100\n|-unboost|p2a: Sneasler|spd|1\n|\n|upkeep\n|turn|9\n|\n|t:|1700063960\n|move|p2a: Sneasler|Acrobatics|p1a: Slowbro\n|-damage|p1a: Slowbro|22\/100\n|move|p1a: Slowbro|Ice Beam|p2a: Sneasler\n|-supereffective|p2a: Sneasler\n|-damage|p2a: Sneasler|0 fnt\n|faint|p2a: Sneasler\n|\n|-heal|p1a: Slowbro|28\/100|[from] Grassy Terrain\n|-heal|p1a: Slowbro|34\/100|[from] item: Leftovers\n|-fieldend|move: Grassy Terrain\n|upkeep\n|\n|t:|1700063964\n|switch|p2a: Rillaboom|Rillaboom, M|85\/100\n|-fieldstart|move: Grassy Terrain|[from] ability: Grassy Surge|[of] p2a: Rillaboom\n|turn|10\n|\n|t:|1700063968\n|switch|p1a: Scizor|Scizor, M|42\/100\n|move|p2a: Rillaboom|Wood Hammer|p1a: Scizor\n|-resisted|p1a: Scizor\n|-damage|p1a: Scizor|19\/100\n|-damage|p2a: Rillaboom|78\/100|[from] Recoil\n|\n|-heal|p2a: Rillaboom|84\/100|[from] Grassy Terrain\n|-heal|p1a: Scizor|25\/100|[from] Grassy Terrain\n|-heal|p1a: Scizor|31\/100|[from] item: Leftovers\n|upkeep\n|turn|11\n|\n|t:|1700063978\n|switch|p2a: Landorus|Landorus-Therian, M|100\/100\n|-ability|p2a: Landorus|Intimidate|boost\n|-unboost|p1a: Scizor|atk|1\n|move|p1a: Scizor|U-turn|p2a: Landorus\n|-resisted|p2a: Landorus\n|-damage|p2a: Landorus|86\/100\n|\n|t:|1700063988\n|switch|p1a: Slowbro|Slowbro, M|67\/100|[from] U-turn\n|\n|-heal|p1a: Slowbro|73\/100|[from] Grassy Terrain\n|-heal|p1a: Slowbro|79\/100|[from] item: Leftovers\n|upkeep\n|turn|12\n|\n|t:|1700063994\n|move|p2a: Landorus|U-turn|p1a: Slowbro\n|-supereffective|p1a: Slowbro\n|-damage|p1a: Slowbro|50\/100\n|\n|t:|1700063997\n|switch|p2a: Milotic|Milotic, F|100\/100|[from] U-turn\n|move|p1a: Slowbro|Ice Beam|p2a: Milotic\n|-resisted|p2a: Milotic\n|-damage|p2a: Milotic|95\/100\n|\n|-heal|p2a: Milotic|100\/100|[from] Grassy Terrain\n|-heal|p1a: Slowbro|57\/100|[from] Grassy Terrain\n|-heal|p1a: Slowbro|63\/100|[from] item: Leftovers\n|upkeep\n|turn|13\n|\n|t:|1700064003\n|move|p2a: Milotic|Scald|p1a: Slowbro\n|-resisted|p1a: Slowbro\n|-damage|p1a: Slowbro|49\/100\n|-status|p1a: Slowbro|brn\n|move|p1a: Slowbro|Calm Mind|p1a: Slowbro\n|-boost|p1a: Slowbro|spa|1\n|-boost|p1a: Slowbro|spd|1\n|\n|-heal|p1a: Slowbro|55\/100 brn|[from] Grassy Terrain\n|-heal|p1a: Slowbro|61\/100 brn|[from] item: Leftovers\n|-damage|p1a: Slowbro|55\/100 brn|[from] brn\n|upkeep\n|turn|14\n|\n|t:|1700064011\n|move|p2a: Milotic|Haze|p2a: Milotic\n|-clearallboost\n|move|p1a: Slowbro|Calm Mind|p1a: Slowbro\n|-boost|p1a: Slowbro|spa|1\n|-boost|p1a: Slowbro|spd|1\n|\n|-heal|p1a: Slowbro|61\/100 brn|[from] Grassy Terrain\n|-heal|p1a: Slowbro|67\/100 brn|[from] item: Leftovers\n|-damage|p1a: Slowbro|61\/100 brn|[from] brn\n|-fieldend|move: Grassy Terrain\n|upkeep\n|turn|15\n|\n|t:|1700064014\n|move|p2a: Milotic|Haze|p2a: Milotic\n|-clearallboost\n|move|p1a: Slowbro|Psychic|p2a: Milotic\n|-damage|p2a: Milotic|84\/100\n|\n|-heal|p2a: Milotic|90\/100|[from] item: Leftovers\n|-heal|p1a: Slowbro|67\/100 brn|[from] item: Leftovers\n|-damage|p1a: Slowbro|61\/100 brn|[from] brn\n|upkeep\n|turn|16\n|\n|t:|1700064022\n|switch|p1a: Rotom|Rotom-Wash|100\/100\n|move|p2a: Milotic|Scald|p1a: Rotom\n|-resisted|p1a: Rotom\n|-damage|p1a: Rotom|82\/100\n|-status|p1a: Rotom|brn\n|\n|-heal|p2a: Milotic|96\/100|[from] item: Leftovers\n|-damage|p1a: Rotom|76\/100 brn|[from] brn\n|upkeep\n|turn|17\n|\n|t:|1700064030\n|switch|p2a: Rillaboom|Rillaboom, M|84\/100\n|-fieldstart|move: Grassy Terrain|[from] ability: Grassy Surge|[of] p2a: Rillaboom\n|move|p1a: Rotom|Hydro Pump|p2a: Rillaboom\n|-resisted|p2a: Rillaboom\n|-damage|p2a: Rillaboom|62\/100\n|\n|-heal|p2a: Rillaboom|69\/100|[from] Grassy Terrain\n|-damage|p1a: Rotom|69\/100 brn|[from] brn\n|upkeep\n|turn|18\n|\n|t:|1700064037\n|switch|p1a: Grimmsnarl|Grimmsnarl, M|100\/100\n|move|p2a: Rillaboom|Grassy Glide|p1a: Grimmsnarl\n|-damage|p1a: Grimmsnarl|48\/100\n|\n|-heal|p2a: Rillaboom|75\/100|[from] Grassy Terrain\n|-heal|p1a: Grimmsnarl|54\/100|[from] Grassy Terrain\n|upkeep\n|turn|19\n|\n|t:|1700064045\n|switch|p2a: Gholdengo|Gholdengo|100\/100\n|-item|p2a: Gholdengo|Air Balloon\n|move|p1a: Grimmsnarl|Reflect|p1a: Grimmsnarl\n|-sidestart|p1: mhk897|Reflect\n|\n|-heal|p1a: Grimmsnarl|60\/100|[from] Grassy Terrain\n|upkeep\n|turn|20\n|\n|t:|1700064050\n|move|p1a: Grimmsnarl|Light Screen|p1a: Grimmsnarl\n|-sidestart|p1: mhk897|move: Light Screen\n|move|p2a: Gholdengo|Make It Rain|p1a: Grimmsnarl\n|-supereffective|p1a: Grimmsnarl\n|-damage|p1a: Grimmsnarl|15\/100\n|-unboost|p2a: Gholdengo|spa|1\n|\n|-heal|p1a: Grimmsnarl|21\/100|[from] Grassy Terrain\n|upkeep\n|turn|21\n|\n|t:|1700064057\n|switch|p1a: Dragonite|Dragonite, F|100\/100\n|move|p2a: Gholdengo|Make It Rain|p1a: Dragonite\n|-damage|p1a: Dragonite|89\/100\n|-unboost|p2a: Gholdengo|spa|1\n|\n|-fieldend|move: Grassy Terrain\n|upkeep\n|turn|22\n|\n|t:|1700064066\n|switch|p2a: Milotic|Milotic, F|96\/100\n|move|p1a: Dragonite|Dragon Dance|p1a: Dragonite\n|-boost|p1a: Dragonite|atk|1\n|-boost|p1a: Dragonite|spe|1\n|\n|-heal|p2a: Milotic|100\/100|[from] item: Leftovers\n|upkeep\n|turn|23\n|\n|t:|1700064072\n|switch|p1a: Rotom|Rotom-Wash|69\/100 brn\n|move|p2a: Milotic|Haze|p2a: Milotic\n|-clearallboost\n|\n|-damage|p1a: Rotom|63\/100 brn|[from] brn\n|upkeep\n|turn|24\n|\n|t:|1700064085\n|move|p1a: Rotom|Volt Switch|p2a: Milotic\n|-supereffective|p2a: Milotic\n|-damage|p2a: Milotic|67\/100\n|\n|t:|1700064091\n|switch|p1a: Grimmsnarl|Grimmsnarl, M|21\/100|[from] Volt Switch\n|move|p2a: Milotic|Recover|p2a: Milotic\n|-heal|p2a: Milotic|100\/100\n|\n|upkeep\n|turn|25\n|\n|t:|1700064102\n|move|p1a: Grimmsnarl|Thunder Wave|p2a: Milotic|[miss]\n|-miss|p1a: Grimmsnarl|p2a: Milotic\n|move|p2a: Milotic|Scald|p1a: Grimmsnarl\n|-damage|p1a: Grimmsnarl|11\/100\n|\n|upkeep\n|turn|26\n|\n|t:|1700064107\n|switch|p2a: Gholdengo|Gholdengo|100\/100\n|-item|p2a: Gholdengo|Air Balloon\n|move|p1a: Grimmsnarl|Thunder Wave|p2a: Gholdengo\n|-immune|p2a: Gholdengo|[from] ability: Good as Gold\n|\n|-sideend|p1: mhk897|Reflect\n|upkeep\n|turn|27\n|\n|t:|1700064123\n|switch|p1a: Rotom|Rotom-Wash|63\/100 brn\n|move|p2a: Gholdengo|Nasty Plot|p2a: Gholdengo\n|-boost|p2a: Gholdengo|spa|2\n|\n|-damage|p1a: Rotom|57\/100 brn|[from] brn\n|-sideend|p1: mhk897|move: Light Screen\n|upkeep\n|turn|28\n|\n|t:|1700064128\n|move|p1a: Rotom|Hydro Pump|p2a: Gholdengo\n|-damage|p2a: Gholdengo|44\/100\n|-enditem|p2a: Gholdengo|Air Balloon\n|move|p2a: Gholdengo|Shadow Ball|p1a: Rotom\n|-damage|p1a: Rotom|0 fnt\n|faint|p1a: Rotom\n|\n|upkeep\n|\n|t:|1700064131\n|switch|p1a: Scizor|Scizor, M|31\/100\n|turn|29\n|\n|t:|1700064143\n|move|p1a: Scizor|Bullet Punch|p2a: Gholdengo\n|-resisted|p2a: Gholdengo\n|-damage|p2a: Gholdengo|25\/100\n|move|p2a: Gholdengo|Shadow Ball|p1a: Scizor\n|-damage|p1a: Scizor|0 fnt\n|faint|p1a: Scizor\n|\n|upkeep\n|\n|t:|1700064153\n|switch|p1a: Dragonite|Dragonite, F|89\/100\n|turn|30\n|\n|t:|1700064161\n|-terastallize|p1a: Dragonite|Normal\n|move|p2a: Gholdengo|Shadow Ball|p1a: Dragonite\n|-immune|p1a: Dragonite\n|move|p1a: Dragonite|Fire Punch|p2a: Gholdengo\n|-supereffective|p2a: Gholdengo\n|-damage|p2a: Gholdengo|0 fnt\n|faint|p2a: Gholdengo\n|\n|upkeep\n|\n|t:|1700064173\n|switch|p2a: Landorus|Landorus-Therian, M|86\/100\n|-ability|p2a: Landorus|Intimidate|boost\n|-unboost|p1a: Dragonite|atk|1\n|turn|31\n|\n|t:|1700064178\n|switch|p1a: Slowbro|Slowbro, M|94\/100 brn\n|move|p2a: Landorus|Earthquake|p1a: Slowbro\n|-damage|p1a: Slowbro|60\/100 brn\n|\n|-heal|p1a: Slowbro|66\/100 brn|[from] item: Leftovers\n|-damage|p1a: Slowbro|60\/100 brn|[from] brn\n|upkeep\n|turn|32\n|\n|t:|1700064186\n|switch|p2a: Milotic|Milotic, F|100\/100\n|move|p1a: Slowbro|Psychic|p2a: Milotic\n|-damage|p2a: Milotic|85\/100\n|-unboost|p2a: Milotic|spd|1\n|\n|-heal|p2a: Milotic|91\/100|[from] item: Leftovers\n|-heal|p1a: Slowbro|66\/100 brn|[from] item: Leftovers\n|-damage|p1a: Slowbro|60\/100 brn|[from] brn\n|upkeep\n|turn|33\n|\n|t:|1700064194\n|move|p2a: Milotic|Scald|p1a: Slowbro\n|-resisted|p1a: Slowbro\n|-damage|p1a: Slowbro|47\/100 brn\n|move|p1a: Slowbro|Psychic|p2a: Milotic\n|-damage|p2a: Milotic|65\/100\n|\n|-heal|p2a: Milotic|72\/100|[from] item: Leftovers\n|-heal|p1a: Slowbro|53\/100 brn|[from] item: Leftovers\n|-damage|p1a: Slowbro|47\/100 brn|[from] brn\n|upkeep\n|turn|34\n|\n|t:|1700064200\n|switch|p1a: Grimmsnarl|Grimmsnarl, M|11\/100\n|move|p2a: Milotic|Haze|p2a: Milotic\n|-clearallboost\n|\n|-heal|p2a: Milotic|78\/100|[from] item: Leftovers\n|upkeep\n|turn|35\n|\n|t:|1700064209\n|switch|p2a: Landorus|Landorus-Therian, M|86\/100\n|-ability|p2a: Landorus|Intimidate|boost\n|-unboost|p1a: Grimmsnarl|atk|1\n|move|p1a: Grimmsnarl|Thunder Wave|p2a: Landorus\n|-immune|p2a: Landorus\n|\n|upkeep\n|turn|36\n|\n|t:|1700064214\n|move|p1a: Grimmsnarl|Reflect|p1a: Grimmsnarl\n|-sidestart|p1: mhk897|Reflect\n|move|p2a: Landorus|U-turn|p1a: Grimmsnarl\n|-damage|p1a: Grimmsnarl|0 fnt\n|faint|p1a: Grimmsnarl\n|\n|t:|1700064218\n|switch|p2a: Rillaboom|Rillaboom, M|75\/100|[from] U-turn\n|-fieldstart|move: Grassy Terrain|[from] ability: Grassy Surge|[of] p2a: Rillaboom\n|\n|-heal|p2a: Rillaboom|81\/100|[from] Grassy Terrain\n|upkeep\n|\n|t:|1700064223\n|switch|p1a: Dragonite|Dragonite, F, tera:Normal|89\/100\n|turn|37\n|\n|t:|1700064233\n|move|p1a: Dragonite|Dragon Dance|p1a: Dragonite\n|-boost|p1a: Dragonite|atk|1\n|-boost|p1a: Dragonite|spe|1\n|move|p2a: Rillaboom|Wood Hammer|p1a: Dragonite\n|-damage|p1a: Dragonite|44\/100\n|-damage|p2a: Rillaboom|68\/100|[from] Recoil\n|\n|-heal|p1a: Dragonite|50\/100|[from] Grassy Terrain\n|-heal|p2a: Rillaboom|74\/100|[from] Grassy Terrain\n|upkeep\n|turn|38\n|\n|t:|1700064246\n|move|p2a: Rillaboom|Grassy Glide|p1a: Dragonite\n|-damage|p1a: Dragonite|28\/100\n|move|p1a: Dragonite|Fire Punch|p2a: Rillaboom\n|-supereffective|p2a: Rillaboom\n|-damage|p2a: Rillaboom|0 fnt\n|faint|p2a: Rillaboom\n|\n|-heal|p1a: Dragonite|34\/100|[from] Grassy Terrain\n|upkeep\n|\n|t:|1700064250\n|switch|p2a: Landorus|Landorus-Therian, M|86\/100\n|-ability|p2a: Landorus|Intimidate|boost\n|-unboost|p1a: Dragonite|atk|1\n|turn|39\n|\n|t:|1700064256\n|switch|p1a: Slowbro|Slowbro, M|80\/100 brn\n|move|p2a: Landorus|Earthquake|p1a: Slowbro\n|-damage|p1a: Slowbro|72\/100 brn\n|\n|-heal|p1a: Slowbro|78\/100 brn|[from] Grassy Terrain\n|-heal|p1a: Slowbro|84\/100 brn|[from] item: Leftovers\n|-damage|p1a: Slowbro|78\/100 brn|[from] brn\n|upkeep\n|turn|40\n|\n|t:|1700064266\n|switch|p2a: Milotic|Milotic, F|78\/100\n|move|p1a: Slowbro|Psychic|p2a: Milotic\n|-damage|p2a: Milotic|61\/100\n|\n|-heal|p2a: Milotic|67\/100|[from] Grassy Terrain\n|-heal|p2a: Milotic|73\/100|[from] item: Leftovers\n|-heal|p1a: Slowbro|84\/100 brn|[from] Grassy Terrain\n|-heal|p1a: Slowbro|90\/100 brn|[from] item: Leftovers\n|-damage|p1a: Slowbro|84\/100 brn|[from] brn\n|-fieldend|move: Grassy Terrain\n|upkeep\n|turn|41\n|\n|t:|1700064276\n|move|p2a: Milotic|Scald|p1a: Slowbro\n|-resisted|p1a: Slowbro\n|-damage|p1a: Slowbro|69\/100 brn\n|move|p1a: Slowbro|Psychic|p2a: Milotic\n|-damage|p2a: Milotic|56\/100\n|\n|-heal|p2a: Milotic|62\/100|[from] item: Leftovers\n|-heal|p1a: Slowbro|75\/100 brn|[from] item: Leftovers\n|-damage|p1a: Slowbro|69\/100 brn|[from] brn\n|upkeep\n|turn|42\n|\n|t:|1700064286\n|switch|p1a: Dragonite|Dragonite, F, tera:Normal|34\/100\n|move|p2a: Milotic|Recover|p2a: Milotic\n|-heal|p2a: Milotic|100\/100\n|\n|upkeep\n|turn|43\n|\n|t:|1700064292\n|move|p1a: Dragonite|Extreme Speed|p2a: Milotic\n|-damage|p2a: Milotic|55\/100\n|move|p2a: Milotic|Scald|p1a: Dragonite\n|-damage|p1a: Dragonite|5\/100\n|-status|p1a: Dragonite|brn\n|\n|-heal|p2a: Milotic|61\/100|[from] item: Leftovers\n|-damage|p1a: Dragonite|0 fnt|[from] brn\n|faint|p1a: Dragonite\n|-sideend|p1: mhk897|Reflect\n|upkeep\n|\n|t:|1700064299\n|switch|p1a: Iron Valiant|Iron Valiant|100\/100\n|-enditem|p1a: Iron Valiant|Booster Energy\n|-activate|p1a: Iron Valiant|ability: Quark Drive|[fromitem]\n|-start|p1a: Iron Valiant|quarkdrivespe\n|turn|44\n|\n|t:|1700064311\n|move|p1a: Iron Valiant|Energy Ball|p2a: Milotic\n|-supereffective|p2a: Milotic\n|-damage|p2a: Milotic|30\/100\n|move|p2a: Milotic|Scald|p1a: Iron Valiant\n|-damage|p1a: Iron Valiant|52\/100\n|\n|-heal|p2a: Milotic|36\/100|[from] item: Leftovers\n|upkeep\n|turn|45\n|\n|t:|1700064318\n|move|p1a: Iron Valiant|Energy Ball|p2a: Milotic\n|-supereffective|p2a: Milotic\n|-damage|p2a: Milotic|6\/100\n|move|p2a: Milotic|Recover|p2a: Milotic\n|-heal|p2a: Milotic|56\/100\n|\n|-heal|p2a: Milotic|62\/100|[from] item: Leftovers\n|upkeep\n|turn|46\n|\n|t:|1700064327\n|move|p1a: Iron Valiant|Thunderbolt|p2a: Milotic\n|-supereffective|p2a: Milotic\n|-damage|p2a: Milotic|30\/100\n|move|p2a: Milotic|Recover|p2a: Milotic\n|-heal|p2a: Milotic|80\/100\n|\n|-heal|p2a: Milotic|86\/100|[from] item: Leftovers\n|upkeep\n|turn|47\n|\n|t:|1700064332\n|move|p1a: Iron Valiant|Thunderbolt|p2a: Milotic\n|-supereffective|p2a: Milotic\n|-damage|p2a: Milotic|55\/100\n|move|p2a: Milotic|Scald|p1a: Iron Valiant\n|-damage|p1a: Iron Valiant|1\/100\n|\n|-heal|p2a: Milotic|61\/100|[from] item: Leftovers\n|upkeep\n|turn|48\n|\n|t:|1700064340\n|move|p1a: Iron Valiant|Thunderbolt|p2a: Milotic\n|-supereffective|p2a: Milotic\n|-damage|p2a: Milotic|31\/100\n|-status|p2a: Milotic|par\n|move|p2a: Milotic|Scald|p1a: Iron Valiant\n|-damage|p1a: Iron Valiant|0 fnt\n|faint|p1a: Iron Valiant\n|-end|p1a: Iron Valiant|Quark Drive|[silent]\n|\n|-heal|p2a: Milotic|38\/100 par|[from] item: Leftovers\n|upkeep\n|\n|t:|1700064346\n|switch|p1a: Slowbro|Slowbro, M|100\/100 brn\n|turn|49\n|\n|t:|1700064350\n|cant|p2a: Milotic|par\n|move|p1a: Slowbro|Psychic|p2a: Milotic\n|-damage|p2a: Milotic|20\/100 par\n|\n|-heal|p2a: Milotic|26\/100 par|[from] item: Leftovers\n|-damage|p1a: Slowbro|94\/100 brn|[from] brn\n|upkeep\n|turn|50\n|\n|t:|1700064353\n|move|p2a: Milotic|Recover|p2a: Milotic\n|-heal|p2a: Milotic|76\/100 par\n|move|p1a: Slowbro|Calm Mind|p1a: Slowbro\n|-boost|p1a: Slowbro|spa|1\n|-boost|p1a: Slowbro|spd|1\n|\n|-heal|p2a: Milotic|82\/100 par|[from] item: Leftovers\n|-heal|p1a: Slowbro|100\/100 brn|[from] item: Leftovers\n|-damage|p1a: Slowbro|94\/100 brn|[from] brn\n|upkeep\n|turn|51\n|\n|t:|1700064356\n|move|p2a: Milotic|Haze|p2a: Milotic\n|-clearallboost\n|move|p1a: Slowbro|Calm Mind|p1a: Slowbro\n|-boost|p1a: Slowbro|spa|1\n|-boost|p1a: Slowbro|spd|1\n|\n|-heal|p2a: Milotic|88\/100 par|[from] item: Leftovers\n|-heal|p1a: Slowbro|100\/100 brn|[from] item: Leftovers\n|-damage|p1a: Slowbro|94\/100 brn|[from] brn\n|upkeep\n|turn|52\n|\n|t:|1700064358\n|cant|p2a: Milotic|par\n|move|p1a: Slowbro|Calm Mind|p1a: Slowbro\n|-boost|p1a: Slowbro|spa|1\n|-boost|p1a: Slowbro|spd|1\n|\n|-heal|p2a: Milotic|94\/100 par|[from] item: Leftovers\n|-heal|p1a: Slowbro|100\/100 brn|[from] item: Leftovers\n|-damage|p1a: Slowbro|94\/100 brn|[from] brn\n|upkeep\n|turn|53\n|\n|t:|1700064363\n|cant|p2a: Milotic|par\n|move|p1a: Slowbro|Psychic|p2a: Milotic\n|-damage|p2a: Milotic|63\/100 par\n|\n|-heal|p2a: Milotic|69\/100 par|[from] item: Leftovers\n|-heal|p1a: Slowbro|100\/100 brn|[from] item: Leftovers\n|-damage|p1a: Slowbro|94\/100 brn|[from] brn\n|upkeep\n|turn|54\n|\n|t:|1700064368\n|move|p2a: Milotic|Haze|p2a: Milotic\n|-clearallboost\n|move|p1a: Slowbro|Psychic|p2a: Milotic\n|-damage|p2a: Milotic|50\/100 par\n|\n|-heal|p2a: Milotic|57\/100 par|[from] item: Leftovers\n|-heal|p1a: Slowbro|100\/100 brn|[from] item: Leftovers\n|-damage|p1a: Slowbro|94\/100 brn|[from] brn\n|upkeep\n|turn|55\n|\n|t:|1700064376\n|cant|p2a: Milotic|par\n|move|p1a: Slowbro|Calm Mind|p1a: Slowbro\n|-boost|p1a: Slowbro|spa|1\n|-boost|p1a: Slowbro|spd|1\n|\n|-heal|p2a: Milotic|63\/100 par|[from] item: Leftovers\n|-heal|p1a: Slowbro|100\/100 brn|[from] item: Leftovers\n|-damage|p1a: Slowbro|94\/100 brn|[from] brn\n|upkeep\n|turn|56\n|\n|t:|1700064379\n|cant|p2a: Milotic|par\n|move|p1a: Slowbro|Psychic|p2a: Milotic\n|-damage|p2a: Milotic|35\/100 par\n|\n|-heal|p2a: Milotic|41\/100 par|[from] item: Leftovers\n|-heal|p1a: Slowbro|100\/100 brn|[from] item: Leftovers\n|-damage|p1a: Slowbro|94\/100 brn|[from] brn\n|upkeep\n|turn|57\n|\n|t:|1700064383\n|move|p2a: Milotic|Recover|p2a: Milotic\n|-heal|p2a: Milotic|91\/100 par\n|move|p1a: Slowbro|Calm Mind|p1a: Slowbro\n|-boost|p1a: Slowbro|spa|1\n|-boost|p1a: Slowbro|spd|1\n|\n|-heal|p2a: Milotic|97\/100 par|[from] item: Leftovers\n|-heal|p1a: Slowbro|100\/100 brn|[from] item: Leftovers\n|-damage|p1a: Slowbro|94\/100 brn|[from] brn\n|upkeep\n|turn|58\n|\n|t:|1700064386\n|move|p2a: Milotic|Haze|p2a: Milotic\n|-clearallboost\n|move|p1a: Slowbro|Psychic|p2a: Milotic\n|-damage|p2a: Milotic|82\/100 par\n|\n|-heal|p2a: Milotic|88\/100 par|[from] item: Leftovers\n|-heal|p1a: Slowbro|100\/100 brn|[from] item: Leftovers\n|-damage|p1a: Slowbro|94\/100 brn|[from] brn\n|upkeep\n|turn|59\n|\n|t:|1700064388\n|cant|p2a: Milotic|par\n|move|p1a: Slowbro|Calm Mind|p1a: Slowbro\n|-boost|p1a: Slowbro|spa|1\n|-boost|p1a: Slowbro|spd|1\n|\n|-heal|p2a: Milotic|94\/100 par|[from] item: Leftovers\n|-heal|p1a: Slowbro|100\/100 brn|[from] item: Leftovers\n|-damage|p1a: Slowbro|94\/100 brn|[from] brn\n|upkeep\n|turn|60\n|\n|t:|1700064392\n|cant|p2a: Milotic|par\n|move|p1a: Slowbro|Psychic|p2a: Milotic\n|-damage|p2a: Milotic|71\/100 par\n|\n|-heal|p2a: Milotic|77\/100 par|[from] item: Leftovers\n|-heal|p1a: Slowbro|100\/100 brn|[from] item: Leftovers\n|-damage|p1a: Slowbro|94\/100 brn|[from] brn\n|upkeep\n|turn|61\n|\n|t:|1700064397\n|move|p2a: Milotic|Haze|p2a: Milotic\n|-clearallboost\n|move|p1a: Slowbro|Calm Mind|p1a: Slowbro\n|-boost|p1a: Slowbro|spa|1\n|-boost|p1a: Slowbro|spd|1\n|\n|-heal|p2a: Milotic|83\/100 par|[from] item: Leftovers\n|-heal|p1a: Slowbro|100\/100 brn|[from] item: Leftovers\n|-damage|p1a: Slowbro|94\/100 brn|[from] brn\n|upkeep\n|turn|62\n|\n|t:|1700064404\n|move|p2a: Milotic|Scald|p1a: Slowbro\n|-resisted|p1a: Slowbro\n|-crit|p1a: Slowbro\n|-damage|p1a: Slowbro|74\/100 brn\n|move|p1a: Slowbro|Psychic|p2a: Milotic\n|-damage|p2a: Milotic|58\/100 par\n|\n|-heal|p2a: Milotic|64\/100 par|[from] item: Leftovers\n|-heal|p1a: Slowbro|80\/100 brn|[from] item: Leftovers\n|-damage|p1a: Slowbro|74\/100 brn|[from] brn\n|upkeep\n|turn|63\n|\n|t:|1700064410\n|cant|p2a: Milotic|par\n|move|p1a: Slowbro|Psychic|p2a: Milotic\n|-damage|p2a: Milotic|39\/100 par\n|\n|-heal|p2a: Milotic|45\/100 par|[from] item: Leftovers\n|-heal|p1a: Slowbro|80\/100 brn|[from] item: Leftovers\n|-damage|p1a: Slowbro|74\/100 brn|[from] brn\n|upkeep\n|turn|64\n|\n|t:|1700064413\n|move|p2a: Milotic|Haze|p2a: Milotic\n|-clearallboost\n|move|p1a: Slowbro|Calm Mind|p1a: Slowbro\n|-boost|p1a: Slowbro|spa|1\n|-boost|p1a: Slowbro|spd|1\n|\n|-heal|p2a: Milotic|52\/100 par|[from] item: Leftovers\n|-heal|p1a: Slowbro|80\/100 brn|[from] item: Leftovers\n|-damage|p1a: Slowbro|74\/100 brn|[from] brn\n|upkeep\n|turn|65\n|\n|t:|1700064420\n|cant|p2a: Milotic|par\n|move|p1a: Slowbro|Calm Mind|p1a: Slowbro\n|-boost|p1a: Slowbro|spa|1\n|-boost|p1a: Slowbro|spd|1\n|\n|-heal|p2a: Milotic|58\/100 par|[from] item: Leftovers\n|-heal|p1a: Slowbro|80\/100 brn|[from] item: Leftovers\n|-damage|p1a: Slowbro|74\/100 brn|[from] brn\n|upkeep\n|turn|66\n|\n|t:|1700064422\n|move|p2a: Milotic|Haze|p2a: Milotic\n|-clearallboost\n|move|p1a: Slowbro|Psychic|p2a: Milotic\n|-damage|p2a: Milotic|41\/100 par\n|\n|-heal|p2a: Milotic|47\/100 par|[from] item: Leftovers\n|-heal|p1a: Slowbro|80\/100 brn|[from] item: Leftovers\n|-damage|p1a: Slowbro|74\/100 brn|[from] brn\n|upkeep\n|turn|67\n|\n|t:|1700064432\n|move|p2a: Milotic|Scald|p1a: Slowbro\n|-resisted|p1a: Slowbro\n|-damage|p1a: Slowbro|59\/100 brn\n|move|p1a: Slowbro|Psychic|p2a: Milotic\n|-damage|p2a: Milotic|29\/100 par\n|\n|-heal|p2a: Milotic|35\/100 par|[from] item: Leftovers\n|-heal|p1a: Slowbro|65\/100 brn|[from] item: Leftovers\n|-damage|p1a: Slowbro|59\/100 brn|[from] brn\n|upkeep\n|turn|68\n|\n|t:|1700064438\n|move|p2a: Milotic|Recover|p2a: Milotic\n|-heal|p2a: Milotic|85\/100 par\n|move|p1a: Slowbro|Surf|p2a: Milotic\n|-resisted|p2a: Milotic\n|-damage|p2a: Milotic|76\/100 par\n|\n|-heal|p2a: Milotic|82\/100 par|[from] item: Leftovers\n|-heal|p1a: Slowbro|65\/100 brn|[from] item: Leftovers\n|-damage|p1a: Slowbro|59\/100 brn|[from] brn\n|upkeep\n|turn|69\n|\n|t:|1700064441\n|move|p2a: Milotic|Scald|p1a: Slowbro\n|-resisted|p1a: Slowbro\n|-damage|p1a: Slowbro|45\/100 brn\n|move|p1a: Slowbro|Surf|p2a: Milotic\n|-resisted|p2a: Milotic\n|-damage|p2a: Milotic|74\/100 par\n|\n|-heal|p2a: Milotic|80\/100 par|[from] item: Leftovers\n|-heal|p1a: Slowbro|52\/100 brn|[from] item: Leftovers\n|-damage|p1a: Slowbro|45\/100 brn|[from] brn\n|upkeep\n|turn|70\n|\n|t:|1700064446\n|move|p2a: Milotic|Scald|p1a: Slowbro\n|-resisted|p1a: Slowbro\n|-crit|p1a: Slowbro\n|-damage|p1a: Slowbro|24\/100 brn\n|move|p1a: Slowbro|Surf|p2a: Milotic\n|-resisted|p2a: Milotic\n|-damage|p2a: Milotic|71\/100 par\n|\n|-heal|p2a: Milotic|77\/100 par|[from] item: Leftovers\n|-heal|p1a: Slowbro|30\/100 brn|[from] item: Leftovers\n|-damage|p1a: Slowbro|24\/100 brn|[from] brn\n|upkeep\n|turn|71\n|\n|t:|1700064453\n|move|p2a: Milotic|Scald|p1a: Slowbro\n|-resisted|p1a: Slowbro\n|-damage|p1a: Slowbro|10\/100 brn\n|move|p1a: Slowbro|Calm Mind|p1a: Slowbro\n|-boost|p1a: Slowbro|spa|1\n|-boost|p1a: Slowbro|spd|1\n|\n|-heal|p2a: Milotic|83\/100 par|[from] item: Leftovers\n|-heal|p1a: Slowbro|16\/100 brn|[from] item: Leftovers\n|-damage|p1a: Slowbro|10\/100 brn|[from] brn\n|upkeep\n|turn|72\n|\n|t:|1700064459\n|move|p2a: Milotic|Scald|p1a: Slowbro\n|-resisted|p1a: Slowbro\n|-damage|p1a: Slowbro|1\/100 brn\n|move|p1a: Slowbro|Calm Mind|p1a: Slowbro\n|-boost|p1a: Slowbro|spa|1\n|-boost|p1a: Slowbro|spd|1\n|\n|-heal|p2a: Milotic|90\/100 par|[from] item: Leftovers\n|-heal|p1a: Slowbro|7\/100 brn|[from] item: Leftovers\n|-damage|p1a: Slowbro|1\/100 brn|[from] brn\n|upkeep\n|turn|73\n|c|\u2606mhk897|gg\n|\n|t:|1700064469\n|move|p2a: Milotic|Scald|p1a: Slowbro\n|-resisted|p1a: Slowbro\n|-damage|p1a: Slowbro|0 fnt\n|faint|p1a: Slowbro\n|\n|win|J_Stars12\n|raw|mhk897's rating: 1180 &rarr; <strong>1160<\/strong><br \/>(-20 for losing)\n|raw|J_Stars12's rating: 1253 &rarr; <strong>1273<\/strong><br \/>(+20 for winning)\n","uploadtime":1700064493,"views":11,"p1id":"mhk897","p2id":"jstars12","formatid":"gen9ou","rating":1160,"private":0,"password":""}