{"id":"gen9ou-1995571459","p1":"Crrypptic","p2":"AlephTheGreat","format":"[Gen 9] OU","log":"|j|\u2606Crrypptic\n|j|\u2606AlephTheGreat\n|t:|1700583896\n|gametype|singles\n|player|p1|Crrypptic|170|1024\n|player|p2|AlephTheGreat|1|1095\n|teamsize|p1|6\n|teamsize|p2|6\n|gen|9\n|tier|[Gen 9] OU\n|rated|\n|rule|Sleep Clause Mod: Limit one foe put to sleep\n|rule|Species Clause: Limit one of each Pok\u00e9mon\n|rule|OHKO Clause: OHKO moves are banned\n|rule|Evasion Items Clause: Evasion items are banned\n|rule|Evasion Moves Clause: Evasion moves are banned\n|rule|Endless Battle Clause: Forcing endless battles is banned\n|rule|HP Percentage Mod: HP is shown in percentages\n|clearpoke\n|poke|p1|Ceruledge, M|\n|poke|p1|Enamorus, F|\n|poke|p1|Great Tusk|\n|poke|p1|Kingambit, M|\n|poke|p1|Walking Wake|\n|poke|p1|Dragonite, M|\n|poke|p2|Manaphy|\n|poke|p2|Ribombee, M|\n|poke|p2|Gholdengo|\n|poke|p2|Iron Moth|\n|poke|p2|Great Tusk|\n|poke|p2|Kingambit, M|\n|teampreview\n|inactive|Battle timer is ON: inactive players will automatically lose when time's up. (requested by AlephTheGreat)\n|inactive|Crrypptic also wants the timer to be on.\n|\n|t:|1700583907\n|start\n|switch|p1a: Ceruledge|Ceruledge, M, shiny|100\/100\n|switch|p2a: Barry B Benson|Ribombee, M|100\/100\n|turn|1\n|\n|t:|1700583916\n|move|p2a: Barry B Benson|Sticky Web|p1a: Ceruledge\n|-sidestart|p1: Crrypptic|move: Sticky Web\n|move|p1a: Ceruledge|Swords Dance|p1a: Ceruledge\n|-boost|p1a: Ceruledge|atk|2\n|\n|upkeep\n|turn|2\n|\n|t:|1700583922\n|move|p2a: Barry B Benson|Stun Spore|p1a: Ceruledge\n|-status|p1a: Ceruledge|par\n|cant|p1a: Ceruledge|par\n|\n|upkeep\n|turn|3\n|\n|t:|1700583929\n|move|p2a: Barry B Benson|Moonblast|p1a: Ceruledge\n|-resisted|p1a: Ceruledge\n|-damage|p1a: Ceruledge|77\/100 par\n|move|p1a: Ceruledge|Flare Blitz|p2a: Barry B Benson\n|-supereffective|p2a: Barry B Benson\n|-enditem|p2a: Barry B Benson|Focus Sash\n|-damage|p2a: Barry B Benson|1\/100\n|-damage|p1a: Ceruledge|48\/100 par|[from] Recoil\n|-damage|p1a: Ceruledge|38\/100 par|[from] item: Life Orb\n|\n|upkeep\n|turn|4\n|\n|t:|1700583940\n|cant|p1a: Ceruledge|par\n|move|p2a: Barry B Benson|Psychic|p1a: Ceruledge\n|-damage|p1a: Ceruledge|6\/100 par\n|\n|upkeep\n|turn|5\n|\n|t:|1700583945\n|cant|p1a: Ceruledge|par\n|move|p2a: Barry B Benson|Psychic|p1a: Ceruledge\n|-damage|p1a: Ceruledge|0 fnt\n|faint|p1a: Ceruledge\n|\n|upkeep\n|\n|t:|1700583965\n|switch|p1a: Dragonite|Dragonite, M, shiny|100\/100\n|turn|6\n|\n|t:|1700583971\n|move|p1a: Dragonite|Extreme Speed|p2a: Barry B Benson\n|-crit|p2a: Barry B Benson\n|-damage|p2a: Barry B Benson|0 fnt\n|faint|p2a: Barry B Benson\n|\n|upkeep\n|\n|t:|1700583996\n|switch|p2a: Angery|Great Tusk|100\/100\n|-enditem|p2a: Angery|Booster Energy\n|-activate|p2a: Angery|ability: Protosynthesis|[fromitem]\n|-start|p2a: Angery|protosynthesisatk\n|turn|7\n|\n|t:|1700584006\n|move|p2a: Angery|Rapid Spin|p1a: Dragonite\n|-damage|p1a: Dragonite|74\/100\n|-boost|p2a: Angery|spe|1\n|move|p1a: Dragonite|Dragon Dance|p1a: Dragonite\n|-boost|p1a: Dragonite|atk|1\n|-boost|p1a: Dragonite|spe|1\n|\n|-heal|p1a: Dragonite|80\/100|[from] item: Leftovers\n|upkeep\n|turn|8\n|\n|t:|1700584015\n|move|p2a: Angery|Ice Spinner|p1a: Dragonite\n|-supereffective|p1a: Dragonite\n|-damage|p1a: Dragonite|0 fnt\n|faint|p1a: Dragonite\n|\n|upkeep\n|\n|t:|1700584040\n|switch|p1a: Walking Wake|Walking Wake|100\/100\n|-activate|p1a: Walking Wake|move: Sticky Web\n|-unboost|p1a: Walking Wake|spe|1\n|turn|9\n|\n|t:|1700584052\n|-terastallize|p2a: Angery|Ground\n|move|p2a: Angery|Headlong Rush|p1a: Walking Wake\n|-damage|p1a: Walking Wake|0 fnt\n|-unboost|p2a: Angery|def|1\n|-unboost|p2a: Angery|spd|1\n|faint|p1a: Walking Wake\n|-end|p1a: Walking Wake|Protosynthesis|[silent]\n|\n|upkeep\n|\n|t:|1700584061\n|switch|p1a: Enamorus|Enamorus, F, shiny|100\/100\n|turn|10\n|\n|t:|1700584073\n|move|p2a: Angery|Ice Spinner|p1a: Enamorus\n|-supereffective|p1a: Enamorus\n|-damage|p1a: Enamorus|0 fnt\n|-damage|p2a: Angery|84\/100|[from] item: Rocky Helmet|[of] p1a: Enamorus\n|faint|p1a: Enamorus\n|\n|upkeep\n|\n|t:|1700584078\n|switch|p1a: Great Tusk|Great Tusk|100\/100\n|-activate|p1a: Great Tusk|move: Sticky Web\n|-unboost|p1a: Great Tusk|spe|1\n|-enditem|p1a: Great Tusk|Booster Energy\n|-activate|p1a: Great Tusk|ability: Protosynthesis|[fromitem]\n|-start|p1a: Great Tusk|protosynthesisdef\n|turn|11\n|\n|t:|1700584097\n|-end|p2a: Angery|Protosynthesis|[silent]\n|switch|p2a: THE HAZARDS STAY|Gholdengo|100\/100\n|-item|p2a: THE HAZARDS STAY|Air Balloon\n|move|p1a: Great Tusk|Close Combat|p2a: THE HAZARDS STAY\n|-immune|p2a: THE HAZARDS STAY\n|\n|upkeep\n|turn|12\n|c|\u2606Crrypptic|I hate you bruh\n|inactive|Crrypptic has 120 seconds left.\n|c|\u2606AlephTheGreat|:)\n|\n|t:|1700584123\n|move|p2a: THE HAZARDS STAY|Nasty Plot|p2a: THE HAZARDS STAY\n|-boost|p2a: THE HAZARDS STAY|spa|2\n|move|p1a: Great Tusk|Earthquake|p2a: THE HAZARDS STAY\n|-immune|p2a: THE HAZARDS STAY\n|\n|upkeep\n|turn|13\n|-message|Crrypptic forfeited.\n|\n|win|AlephTheGreat\n|raw|Crrypptic's rating: 1024 &rarr; <strong>1013<\/strong><br \/>(-11 for losing)\n|raw|AlephTheGreat's rating: 1095 &rarr; <strong>1116<\/strong><br \/>(+21 for winning)\n|l|\u2606Crrypptic\n","uploadtime":1700584141,"views":7,"p1id":"crrypptic","p2id":"alephthegreat","formatid":"gen9ou","rating":1013,"private":0,"password":""}