{"id":"gen9ou-1996234127","p1":"Outdated Ahh Team","p2":"Apoteosis","format":"[Gen 9] OU","log":"|j|\u2606Outdated Ahh Team\n|j|\u2606Apoteosis\n|t:|1700662280\n|gametype|singles\n|player|p1|Outdated Ahh Team|will-gen2|1528\n|player|p2|Apoteosis|266|1602\n|teamsize|p1|6\n|teamsize|p2|6\n|gen|9\n|tier|[Gen 9] OU\n|rated|\n|rule|Sleep Clause Mod: Limit one foe put to sleep\n|rule|Species Clause: Limit one of each Pok\u00e9mon\n|rule|OHKO Clause: OHKO moves are banned\n|rule|Evasion Items Clause: Evasion items are banned\n|rule|Evasion Moves Clause: Evasion moves are banned\n|rule|Endless Battle Clause: Forcing endless battles is banned\n|rule|HP Percentage Mod: HP is shown in percentages\n|clearpoke\n|poke|p1|Kingambit, M|\n|poke|p1|Ogerpon-Wellspring, F|\n|poke|p1|Hoopa-Unbound|\n|poke|p1|Iron Valiant|\n|poke|p1|Arcanine-Hisui, F|\n|poke|p1|Great Tusk|\n|poke|p2|Ninetales-Alola, M|\n|poke|p2|Slowbro-Galar, F|\n|poke|p2|Iron Hands|\n|poke|p2|Manaphy|\n|poke|p2|Cresselia, F|\n|poke|p2|Kingambit, M|\n|teampreview\n|inactive|Battle timer is ON: inactive players will automatically lose when time's up. (requested by Outdated Ahh Team)\n|\n|t:|1700662285\n|start\n|switch|p1a: Alisa Bosconovitch|Iron Valiant|100\/100\n|switch|p2a: Ninetales|Ninetales-Alola, M|100\/100\n|-weather|Snow|[from] ability: Snow Warning|[of] p2a: Ninetales\n|turn|1\n|\n|t:|1700662302\n|move|p1a: Alisa Bosconovitch|Taunt|p2a: Ninetales\n|-start|p2a: Ninetales|move: Taunt\n|cant|p2a: Ninetales|move: Taunt|Aurora Veil\n|\n|-weather|Snow|[upkeep]\n|upkeep\n|turn|2\n|\n|t:|1700662310\n|move|p1a: Alisa Bosconovitch|Moonblast|p2a: Ninetales\n|-damage|p2a: Ninetales|41\/100\n|-unboost|p2a: Ninetales|spa|1\n|move|p2a: Ninetales|Moonblast|p1a: Alisa Bosconovitch\n|-supereffective|p1a: Alisa Bosconovitch\n|-damage|p1a: Alisa Bosconovitch|8\/100\n|\n|-weather|Snow|[upkeep]\n|upkeep\n|turn|3\n|\n|t:|1700662323\n|switch|p2a: Slowbro|Slowbro-Galar, F|100\/100\n|move|p1a: Alisa Bosconovitch|Moonblast|p2a: Slowbro\n|-resisted|p2a: Slowbro\n|-damage|p2a: Slowbro|74\/100\n|\n|-weather|Snow|[upkeep]\n|upkeep\n|turn|4\n|\n|t:|1700662334\n|-end|p1a: Alisa Bosconovitch|Quark Drive|[silent]\n|switch|p1a: Ryomen Sukuna \u26e9\ufe0f|Hoopa-Unbound|100\/100\n|switch|p2a: Ninetales|Ninetales-Alola, M|41\/100\n|\n|-weather|Snow|[upkeep]\n|upkeep\n|turn|5\n|\n|t:|1700662341\n|move|p2a: Ninetales|Aurora Veil|p2a: Ninetales\n|-sidestart|p2: Apoteosis|move: Aurora Veil\n|move|p1a: Ryomen Sukuna \u26e9\ufe0f|Knock Off|p2a: Ninetales\n|-resisted|p2a: Ninetales\n|-damage|p2a: Ninetales|27\/100\n|-enditem|p2a: Ninetales|Light Clay|[from] move: Knock Off|[of] p1a: Ryomen Sukuna \u26e9\ufe0f\n|\n|-weather|none\n|upkeep\n|turn|6\n|\n|t:|1700662350\n|move|p2a: Ninetales|Moonblast|p1a: Ryomen Sukuna \u26e9\ufe0f\n|-supereffective|p1a: Ryomen Sukuna \u26e9\ufe0f\n|-damage|p1a: Ryomen Sukuna \u26e9\ufe0f|64\/100\n|move|p1a: Ryomen Sukuna \u26e9\ufe0f|Psychic|p2a: Ninetales\n|-damage|p2a: Ninetales|0 fnt\n|faint|p2a: Ninetales\n|\n|upkeep\n|\n|t:|1700662360\n|switch|p2a: Iron Hands|Iron Hands|100\/100\n|turn|7\n|\n|t:|1700662365\n|move|p1a: Ryomen Sukuna \u26e9\ufe0f|Psychic|p2a: Iron Hands\n|-supereffective|p2a: Iron Hands\n|-damage|p2a: Iron Hands|49\/100\n|move|p2a: Iron Hands|Drain Punch|p1a: Ryomen Sukuna \u26e9\ufe0f\n|-damage|p1a: Ryomen Sukuna \u26e9\ufe0f|0 fnt\n|-heal|p2a: Iron Hands|72\/100|[from] drain|[of] p1a: Ryomen Sukuna \u26e9\ufe0f\n|faint|p1a: Ryomen Sukuna \u26e9\ufe0f\n|\n|upkeep\n|\n|t:|1700662368\n|switch|p1a: Alisa Bosconovitch|Iron Valiant|8\/100\n|turn|8\n|-activate|p2a: Iron Hands|item: Quick Claw\n|\n|t:|1700662377\n|move|p2a: Iron Hands|Drain Punch|p1a: Alisa Bosconovitch\n|-resisted|p1a: Alisa Bosconovitch\n|-damage|p1a: Alisa Bosconovitch|0 fnt\n|-heal|p2a: Iron Hands|74\/100|[from] drain|[of] p1a: Alisa Bosconovitch\n|faint|p1a: Alisa Bosconovitch\n|-end|p1a: Alisa Bosconovitch|Quark Drive|[silent]\n|\n|upkeep\n|\n|t:|1700662385\n|switch|p1a: Tuskuthy the Great|Great Tusk|100\/100\n|turn|9\n|\n|t:|1700662392\n|move|p1a: Tuskuthy the Great|Headlong Rush|p2a: Iron Hands\n|-supereffective|p2a: Iron Hands\n|-damage|p2a: Iron Hands|37\/100\n|-unboost|p1a: Tuskuthy the Great|def|1\n|-unboost|p1a: Tuskuthy the Great|spd|1\n|move|p2a: Iron Hands|Swords Dance|p2a: Iron Hands\n|-boost|p2a: Iron Hands|atk|2\n|\n|upkeep\n|turn|10\n|\n|t:|1700662409\n|move|p1a: Tuskuthy the Great|Headlong Rush|p2a: Iron Hands\n|-supereffective|p2a: Iron Hands\n|-damage|p2a: Iron Hands|0 fnt\n|-unboost|p1a: Tuskuthy the Great|def|1\n|-unboost|p1a: Tuskuthy the Great|spd|1\n|faint|p2a: Iron Hands\n|-end|p2a: Iron Hands|Quark Drive|[silent]\n|\n|upkeep\n|\n|t:|1700662416\n|switch|p2a: Manaphy|Manaphy|100\/100\n|turn|11\n|\n|t:|1700662419\n|-end|p1a: Tuskuthy the Great|Protosynthesis|[silent]\n|switch|p1a: Casca \u2694\ufe0f|Ogerpon-Wellspring, F|100\/100\n|move|p2a: Manaphy|Tail Glow|p2a: Manaphy\n|-boost|p2a: Manaphy|spa|3\n|\n|upkeep\n|turn|12\n|\n|t:|1700662437\n|move|p1a: Casca \u2694\ufe0f|Swords Dance|p1a: Casca \u2694\ufe0f\n|-boost|p1a: Casca \u2694\ufe0f|atk|2\n|move|p2a: Manaphy|Energy Ball|p1a: Casca \u2694\ufe0f\n|-damage|p1a: Casca \u2694\ufe0f|25\/100\n|\n|-sideend|p2: Apoteosis|move: Aurora Veil\n|upkeep\n|turn|13\n|-activate|p2a: Manaphy|item: Quick Claw\n|\n|t:|1700662446\n|-terastallize|p2a: Manaphy|Dragon\n|move|p2a: Manaphy|Energy Ball|p1a: Casca \u2694\ufe0f\n|-damage|p1a: Casca \u2694\ufe0f|0 fnt\n|faint|p1a: Casca \u2694\ufe0f\n|\n|upkeep\n|\n|t:|1700662452\n|switch|p1a: Alpha \ud83d\udc15|Arcanine-Hisui, F|100\/100\n|turn|14\n|\n|t:|1700662456\n|move|p2a: Manaphy|Surf|p1a: Alpha \ud83d\udc15\n|-supereffective|p1a: Alpha \ud83d\udc15\n|-enditem|p1a: Alpha \ud83d\udc15|Focus Sash\n|-damage|p1a: Alpha \ud83d\udc15|1\/100\n|move|p1a: Alpha \ud83d\udc15|Head Smash|p2a: Manaphy\n|-damage|p2a: Manaphy|29\/100\n|\n|upkeep\n|turn|15\n|-activate|p2a: Manaphy|item: Quick Claw\n|\n|t:|1700662465\n|-terastallize|p1a: Alpha \ud83d\udc15|Normal\n|move|p1a: Alpha \ud83d\udc15|Extreme Speed|p2a: Manaphy\n|-damage|p2a: Manaphy|0 fnt\n|faint|p2a: Manaphy\n|\n|upkeep\n|\n|t:|1700662473\n|switch|p2a: Cresselia|Cresselia, F|100\/100\n|turn|16\n|-activate|p2a: Cresselia|item: Quick Claw\n|\n|t:|1700662481\n|move|p2a: Cresselia|Moonblast|p1a: Alpha \ud83d\udc15\n|-damage|p1a: Alpha \ud83d\udc15|0 fnt\n|faint|p1a: Alpha \ud83d\udc15\n|\n|upkeep\n|\n|t:|1700662487\n|switch|p1a: Guts \u2694\ufe0f|Kingambit, M|100\/100\n|-activate|p1a: Guts \u2694\ufe0f|ability: Supreme Overlord\n|-start|p1a: Guts \u2694\ufe0f|fallen4|[silent]\n|turn|17\n|\n|t:|1700662490\n|switch|p2a: Kingambit|Kingambit, M|100\/100\n|-activate|p2a: Kingambit|ability: Supreme Overlord\n|-start|p2a: Kingambit|fallen3|[silent]\n|move|p1a: Guts \u2694\ufe0f|Swords Dance|p1a: Guts \u2694\ufe0f\n|-boost|p1a: Guts \u2694\ufe0f|atk|2\n|\n|upkeep\n|turn|18\n|\n|t:|1700662492\n|move|p1a: Guts \u2694\ufe0f|Low Kick|p2a: Kingambit\n|-supereffective|p2a: Kingambit\n|-damage|p2a: Kingambit|0 fnt\n|faint|p2a: Kingambit\n|-end|p2a: Kingambit|fallen3|[silent]\n|\n|upkeep\n|\n|t:|1700662497\n|switch|p2a: Slowbro|Slowbro-Galar, F|74\/100\n|turn|19\n|\n|t:|1700662515\n|move|p1a: Guts \u2694\ufe0f|Sucker Punch|p2a: Slowbro\n|-supereffective|p2a: Slowbro\n|-damage|p2a: Slowbro|0 fnt\n|faint|p2a: Slowbro\n|\n|upkeep\n|l|\u2606Apoteosis\n|inactive|Apoteosis disconnected and has a minute to reconnect!\n|player|p2|\n|inactive|Apoteosis has 30 seconds to reconnect!\n|c|\u2606Outdated Ahh Team|weak ass hax team\n|inactive|Apoteosis has 20 seconds to reconnect!\n|inactive|Apoteosis has 15 seconds to reconnect!\n|inactive|Apoteosis has 10 seconds to reconnect!\n|inactive|Apoteosis has 5 seconds to reconnect!\n|-message|Apoteosis lost due to inactivity.\n|\n|win|Outdated Ahh Team\n|raw|Outdated Ahh Team's rating: 1547 &rarr; <strong>1571<\/strong><br \/>(+24 for winning)\n|raw|Apoteosis's rating: 1625 &rarr; <strong>1601<\/strong><br \/>(-24 for losing)\n","uploadtime":1700662606,"views":0,"p1id":"outdatedahhteam","p2id":"apoteosis","formatid":"gen9ou","rating":1571,"private":0,"password":""}