{"id":"gen9ou-1994004020","p1":"Nyksytin","p2":"Powerbo","format":"[Gen 9] OU","log":"|j|\u2606Nyksytin\n|j|\u2606Powerbo\n|t:|1700391833\n|gametype|singles\n|player|p1|Nyksytin|102|1292\n|player|p2|Powerbo|ninjaboy|1249\n|teamsize|p1|6\n|teamsize|p2|6\n|gen|9\n|tier|[Gen 9] OU\n|rated|\n|rule|Sleep Clause Mod: Limit one foe put to sleep\n|rule|Species Clause: Limit one of each Pok\u00e9mon\n|rule|OHKO Clause: OHKO moves are banned\n|rule|Evasion Items Clause: Evasion items are banned\n|rule|Evasion Moves Clause: Evasion moves are banned\n|rule|Endless Battle Clause: Forcing endless battles is banned\n|rule|HP Percentage Mod: HP is shown in percentages\n|clearpoke\n|poke|p1|Alomomola, F|\n|poke|p1|Uxie|\n|poke|p1|Great Tusk|\n|poke|p1|Gholdengo|\n|poke|p1|Gyarados, M|\n|poke|p1|Hoopa-Unbound|\n|poke|p2|Great Tusk|\n|poke|p2|Zapdos|\n|poke|p2|Maushold-Four|\n|poke|p2|Clefable, M|\n|poke|p2|Heatran, M|\n|poke|p2|Ogerpon-Wellspring, F|\n|teampreview\n|\n|t:|1700391841\n|start\n|switch|p1a: Uxie|Uxie|100\/100\n|switch|p2a: Maushold|Maushold-Four|100\/100\n|turn|1\n|inactive|Battle timer is ON: inactive players will automatically lose when time's up. (requested by Nyksytin)\n|\n|t:|1700391855\n|move|p2a: Maushold|Population Bomb|p1a: Uxie\n|-damage|p1a: Uxie|92\/100\n|-damage|p1a: Uxie|84\/100\n|-damage|p1a: Uxie|75\/100\n|-damage|p1a: Uxie|66\/100\n|-damage|p1a: Uxie|58\/100\n|-crit|p1a: Uxie\n|-damage|p1a: Uxie|45\/100\n|-damage|p1a: Uxie|35\/100\n|-damage|p1a: Uxie|27\/100\n|-damage|p1a: Uxie|17\/100\n|-damage|p1a: Uxie|9\/100\n|-hitcount|p1a: Uxie|10\n|move|p1a: Uxie|Drain Punch|p2a: Maushold\n|-supereffective|p2a: Maushold\n|-damage|p2a: Maushold|9\/100\n|-heal|p1a: Uxie|46\/100|[from] drain|[of] p2a: Maushold\n|\n|upkeep\n|turn|2\n|\n|t:|1700391862\n|switch|p1a: Alomomola|Alomomola, F|100\/100\n|move|p2a: Maushold|Population Bomb|p1a: Alomomola\n|-damage|p1a: Alomomola|94\/100\n|-damage|p2a: Maushold|0 fnt|[from] item: Rocky Helmet|[of] p1a: Alomomola\n|faint|p2a: Maushold\n|-hitcount|p1a: Alomomola|1\n|\n|upkeep\n|\n|t:|1700391866\n|switch|p2a: Zapdos|Zapdos|100\/100\n|turn|3\n|\n|t:|1700391870\n|switch|p1a: Hoopa|Hoopa-Unbound|100\/100\n|move|p2a: Zapdos|Volt Switch|p1a: Hoopa\n|-damage|p1a: Hoopa|75\/100\n|\n|t:|1700391883\n|switch|p2a: Clefable|Clefable, M|100\/100|[from] Volt Switch\n|\n|upkeep\n|turn|4\n|\n|t:|1700391891\n|switch|p1a: Gholdengo|Gholdengo|100\/100\n|move|p2a: Clefable|Calm Mind|p2a: Clefable\n|-boost|p2a: Clefable|spa|1\n|-boost|p2a: Clefable|spd|1\n|\n|upkeep\n|turn|5\n|\n|t:|1700391898\n|move|p1a: Gholdengo|Trick|p2a: Clefable\n|-activate|p1a: Gholdengo|move: Trick|[of] p2a: Clefable\n|-item|p2a: Clefable|Choice Scarf|[from] move: Trick\n|-item|p1a: Gholdengo|Life Orb|[from] move: Trick\n|move|p2a: Clefable|Psychic|p1a: Gholdengo\n|-resisted|p1a: Gholdengo\n|-damage|p1a: Gholdengo|80\/100\n|\n|upkeep\n|turn|6\n|\n|t:|1700391905\n|switch|p2a: Heatran|Heatran, M|100\/100\n|move|p1a: Gholdengo|Make It Rain|p2a: Heatran\n|-resisted|p2a: Heatran\n|-damage|p2a: Heatran|83\/100\n|-unboost|p1a: Gholdengo|spa|1\n|-damage|p1a: Gholdengo|71\/100|[from] item: Life Orb\n|\n|-heal|p2a: Heatran|90\/100|[from] item: Leftovers\n|upkeep\n|turn|7\n|\n|t:|1700391912\n|switch|p1a: Gyarados|Gyarados, M|100\/100\n|-ability|p1a: Gyarados|Intimidate|boost\n|-unboost|p2a: Heatran|atk|1\n|move|p2a: Heatran|Magma Storm|p1a: Gyarados\n|-resisted|p1a: Gyarados\n|-damage|p1a: Gyarados|79\/100\n|-activate|p1a: Gyarados|move: Magma Storm|[of] p2a: Heatran\n|\n|-heal|p2a: Heatran|96\/100|[from] item: Leftovers\n|-damage|p1a: Gyarados|67\/100|[from] move: Magma Storm|[partiallytrapped]\n|upkeep\n|turn|8\n|\n|t:|1700391918\n|switch|p2a: Zapdos|Zapdos|100\/100\n|move|p1a: Gyarados|Earthquake|p2a: Zapdos\n|-immune|p2a: Zapdos\n|\n|-end|p1a: Gyarados|Magma Storm|[partiallytrapped]|[silent]\n|upkeep\n|turn|9\n|\n|t:|1700391928\n|-terastallize|p1a: Gyarados|Ground\n|move|p2a: Zapdos|Hurricane|p1a: Gyarados\n|-crit|p1a: Gyarados\n|-damage|p1a: Gyarados|0 fnt\n|faint|p1a: Gyarados\n|\n|upkeep\n|\n|t:|1700391937\n|switch|p1a: Gholdengo|Gholdengo|71\/100\n|turn|10\n|\n|t:|1700391942\n|move|p2a: Zapdos|Heat Wave|p1a: Gholdengo\n|-supereffective|p1a: Gholdengo\n|-damage|p1a: Gholdengo|10\/100\n|move|p1a: Gholdengo|Shadow Ball|p2a: Zapdos\n|-damage|p2a: Zapdos|45\/100\n|-unboost|p2a: Zapdos|spd|1\n|-damage|p1a: Gholdengo|0 fnt|[from] item: Life Orb\n|faint|p1a: Gholdengo\n|\n|upkeep\n|\n|t:|1700391950\n|switch|p1a: Hoopa|Hoopa-Unbound|75\/100\n|turn|11\n|\n|t:|1700391955\n|move|p2a: Zapdos|Hurricane|p1a: Hoopa|[miss]\n|-miss|p2a: Zapdos|p1a: Hoopa\n|move|p1a: Hoopa|Dark Pulse|p2a: Zapdos\n|-damage|p2a: Zapdos|0 fnt\n|faint|p2a: Zapdos\n|\n|upkeep\n|\n|t:|1700391962\n|switch|p2a: Ogerpon|Ogerpon-Wellspring, F|100\/100\n|turn|12\n|\n|t:|1700391967\n|move|p2a: Ogerpon|U-turn|p1a: Hoopa\n|-supereffective|p1a: Hoopa\n|-damage|p1a: Hoopa|0 fnt\n|faint|p1a: Hoopa\n|\n|t:|1700391976\n|switch|p2a: Clefable|Clefable, M|100\/100|[from] U-turn\n|\n|upkeep\n|\n|t:|1700391980\n|switch|p1a: Uxie|Uxie|46\/100\n|turn|13\n|\n|t:|1700391991\n|move|p2a: Clefable|Moonblast|p1a: Uxie\n|-damage|p1a: Uxie|21\/100\n|move|p1a: Uxie|Psycho Cut|p2a: Clefable\n|-crit|p2a: Clefable\n|-damage|p2a: Clefable|40\/100\n|\n|upkeep\n|turn|14\n|\n|t:|1700391998\n|switch|p1a: Alomomola|Alomomola, F|100\/100\n|move|p2a: Clefable|Moonblast|p1a: Alomomola\n|-damage|p1a: Alomomola|71\/100\n|\n|upkeep\n|turn|15\n|\n|t:|1700392007\n|move|p2a: Clefable|Moonblast|p1a: Alomomola\n|-damage|p1a: Alomomola|41\/100\n|move|p1a: Alomomola|Healing Wish|p1a: Alomomola\n|faint|p1a: Alomomola\n|\n|upkeep\n|\n|t:|1700392011\n|switch|p1a: Uxie|Uxie|21\/100\n|-heal|p1a: Uxie|100\/100|[from] move: Healing Wish\n|turn|16\n|\n|t:|1700392017\n|move|p2a: Clefable|Moonblast|p1a: Uxie\n|-damage|p1a: Uxie|75\/100\n|move|p1a: Uxie|Psycho Cut|p2a: Clefable\n|-damage|p2a: Clefable|0 fnt\n|faint|p2a: Clefable\n|\n|upkeep\n|\n|t:|1700392024\n|switch|p2a: Ogerpon|Ogerpon-Wellspring, F|100\/100\n|turn|17\n|\n|t:|1700392026\n|move|p2a: Ogerpon|Knock Off|p1a: Uxie\n|-supereffective|p1a: Uxie\n|-damage|p1a: Uxie|15\/100\n|-enditem|p1a: Uxie|Choice Band|[from] move: Knock Off|[of] p2a: Ogerpon\n|move|p1a: Uxie|Psycho Cut|p2a: Ogerpon\n|-damage|p2a: Ogerpon|66\/100\n|\n|upkeep\n|turn|18\n|\n|t:|1700392033\n|move|p2a: Ogerpon|Knock Off|p1a: Uxie\n|-supereffective|p1a: Uxie\n|-damage|p1a: Uxie|0 fnt\n|faint|p1a: Uxie\n|\n|upkeep\n|\n|t:|1700392036\n|switch|p1a: Great Tusk|Great Tusk|100\/100\n|turn|19\n|\n|t:|1700392040\n|move|p2a: Ogerpon|Ivy Cudgel|p1a: Great Tusk|[anim] Ivy Cudgel Water\n|-supereffective|p1a: Great Tusk\n|-damage|p1a: Great Tusk|23\/100\n|move|p1a: Great Tusk|Rapid Spin|p2a: Ogerpon\n|-damage|p2a: Ogerpon|40\/100\n|-boost|p1a: Great Tusk|spe|1\n|\n|-heal|p1a: Great Tusk|29\/100|[from] item: Leftovers\n|upkeep\n|turn|20\n|\n|t:|1700392050\n|move|p2a: Ogerpon|Ivy Cudgel|p1a: Great Tusk|[anim] Ivy Cudgel Water\n|-supereffective|p1a: Great Tusk\n|-damage|p1a: Great Tusk|0 fnt\n|faint|p1a: Great Tusk\n|-end|p1a: Great Tusk|Protosynthesis|[silent]\n|\n|win|Powerbo\n|raw|Nyksytin's rating: 1310 &rarr; <strong>1287<\/strong><br \/>(-23 for losing)\n|raw|Powerbo's rating: 1249 &rarr; <strong>1278<\/strong><br \/>(+29 for winning)\n|c|\u2606Powerbo|Gg\n|l|\u2606Nyksytin\n","uploadtime":1700392061,"views":22,"p1id":"nyksytin","p2id":"powerbo","formatid":"gen9ou","rating":1278,"private":0,"password":""}