{"id":"gen9ou-1988345178","p1":"EltioTochi","p2":"manmaki","format":"[Gen 9] OU","log":"|j|\u2606EltioTochi\n|j|\u2606manmaki\n|t:|1699711706\n|gametype|singles\n|player|p1|EltioTochi|whitney|1333\n|player|p2|manmaki|102|1356\n|teamsize|p1|6\n|teamsize|p2|6\n|gen|9\n|tier|[Gen 9] OU\n|rated|\n|rule|Sleep Clause Mod: Limit one foe put to sleep\n|rule|Species Clause: Limit one of each Pok\u00e9mon\n|rule|OHKO Clause: OHKO moves are banned\n|rule|Evasion Items Clause: Evasion items are banned\n|rule|Evasion Moves Clause: Evasion moves are banned\n|rule|Endless Battle Clause: Forcing endless battles is banned\n|rule|HP Percentage Mod: HP is shown in percentages\n|clearpoke\n|poke|p1|Kleavor, F|\n|poke|p1|Empoleon, F|\n|poke|p1|Avalugg, F|\n|poke|p1|Sandy Shocks|\n|poke|p1|Cresselia, F|\n|poke|p1|Mamoswine, M|\n|poke|p2|Ogerpon-Wellspring, F|\n|poke|p2|Kingambit, F|\n|poke|p2|Gholdengo|\n|poke|p2|Glimmora, F|\n|poke|p2|Ceruledge, M|\n|poke|p2|Iron Valiant|\n|teampreview\n|\n|t:|1699711714\n|start\n|switch|p1a: Sandy Shocks|Sandy Shocks|100\/100\n|switch|p2a: Glimmora|Glimmora, F|100\/100\n|turn|1\n|inactive|Battle timer is ON: inactive players will automatically lose when time's up. (requested by EltioTochi)\n|\n|t:|1699711725\n|move|p1a: Sandy Shocks|Earth Power|p2a: Glimmora\n|-supereffective|p2a: Glimmora\n|-enditem|p2a: Glimmora|Focus Sash\n|-damage|p2a: Glimmora|1\/100\n|move|p2a: Glimmora|Stealth Rock|p1a: Sandy Shocks\n|-sidestart|p1: EltioTochi|move: Stealth Rock\n|\n|upkeep\n|turn|2\n|inactive|EltioTochi has 120 seconds left.\n|\n|t:|1699711760\n|switch|p2a: Gholdengo|Gholdengo|100\/100\n|-item|p2a: Gholdengo|Air Balloon\n|move|p1a: Sandy Shocks|Volt Switch|p2a: Gholdengo\n|-damage|p2a: Gholdengo|64\/100\n|-enditem|p2a: Gholdengo|Air Balloon\n|inactive|EltioTochi has 120 seconds left.\n|\n|t:|1699711767\n|-end|p1a: Sandy Shocks|Protosynthesis|[silent]\n|switch|p1a: Mamoswine|Mamoswine, M|100\/100|[from] Volt Switch\n|-damage|p1a: Mamoswine|88\/100|[from] Stealth Rock\n|\n|upkeep\n|turn|3\n|\n|t:|1699711791\n|move|p1a: Mamoswine|Earthquake|p2a: Gholdengo\n|-supereffective|p2a: Gholdengo\n|-damage|p2a: Gholdengo|0 fnt\n|faint|p2a: Gholdengo\n|\n|upkeep\n|\n|t:|1699711803\n|switch|p2a: Glimmora|Glimmora, F|1\/100\n|turn|4\n|inactive|manmaki has 120 seconds left.\n|inactive|EltioTochi has 120 seconds left.\n|\n|t:|1699711839\n|switch|p1a: Cresselia|Cresselia, F|100\/100\n|-damage|p1a: Cresselia|88\/100|[from] Stealth Rock\n|move|p2a: Glimmora|Energy Ball|p1a: Cresselia\n|-damage|p1a: Cresselia|67\/100\n|\n|-heal|p1a: Cresselia|73\/100|[from] item: Leftovers\n|upkeep\n|turn|5\n|\n|t:|1699711842\n|-terastallize|p1a: Cresselia|Poison\n|move|p2a: Glimmora|Mortal Spin|p1a: Cresselia\n|-resisted|p1a: Cresselia\n|-damage|p1a: Cresselia|71\/100\n|move|p1a: Cresselia|Calm Mind|p1a: Cresselia\n|-boost|p1a: Cresselia|spa|1\n|-boost|p1a: Cresselia|spd|1\n|\n|-heal|p1a: Cresselia|78\/100|[from] item: Leftovers\n|upkeep\n|turn|6\n|\n|t:|1699711849\n|switch|p2a: Ceruledge|Ceruledge, M|100\/100\n|move|p1a: Cresselia|Calm Mind|p1a: Cresselia\n|-boost|p1a: Cresselia|spa|1\n|-boost|p1a: Cresselia|spd|1\n|\n|-heal|p1a: Cresselia|84\/100|[from] item: Leftovers\n|upkeep\n|turn|7\n|\n|t:|1699711856\n|move|p2a: Ceruledge|Swords Dance|p2a: Ceruledge\n|-boost|p2a: Ceruledge|atk|2\n|move|p1a: Cresselia|Stored Power|p2a: Ceruledge\n|-damage|p2a: Ceruledge|16\/100\n|\n|-heal|p1a: Cresselia|90\/100|[from] item: Leftovers\n|upkeep\n|turn|8\n|\n|t:|1699711861\n|move|p2a: Ceruledge|Poltergeist|p1a: Cresselia\n|-activate|p1a: Cresselia|move: Poltergeist|Leftovers\n|-damage|p1a: Cresselia|15\/100\n|move|p1a: Cresselia|Stored Power|p2a: Ceruledge\n|-damage|p2a: Ceruledge|0 fnt\n|faint|p2a: Ceruledge\n|\n|-heal|p1a: Cresselia|21\/100|[from] item: Leftovers\n|upkeep\n|\n|t:|1699711874\n|switch|p2a: Ogerpon|Ogerpon-Wellspring, F|100\/100\n|turn|9\n|\n|t:|1699711876\n|move|p2a: Ogerpon|Ivy Cudgel|p1a: Cresselia\n|-damage|p1a: Cresselia|0 fnt\n|faint|p1a: Cresselia\n|\n|upkeep\n|\n|t:|1699711879\n|switch|p1a: Kleavor|Kleavor, F|100\/100\n|-damage|p1a: Kleavor|76\/100|[from] Stealth Rock\n|turn|10\n|\n|t:|1699711891\n|-terastallize|p2a: Ogerpon|Water\n|detailschange|p2a: Ogerpon|Ogerpon-Wellspring-Tera, F, tera:Water\n|-ability|p2a: Ogerpon|Embody Aspect (Wellspring)|boost\n|-boost|p2a: Ogerpon|spd|1\n|move|p1a: Kleavor|X-Scissor|p2a: Ogerpon\n|-damage|p2a: Ogerpon|14\/100\n|move|p2a: Ogerpon|Ivy Cudgel|p1a: Kleavor\n|-supereffective|p1a: Kleavor\n|-damage|p1a: Kleavor|0 fnt\n|faint|p1a: Kleavor\n|\n|upkeep\n|\n|t:|1699711897\n|switch|p1a: Sandy Shocks|Sandy Shocks|100\/100\n|-damage|p1a: Sandy Shocks|94\/100|[from] Stealth Rock\n|turn|11\n|\n|t:|1699711902\n|move|p2a: Ogerpon|Ivy Cudgel|p1a: Sandy Shocks\n|-supereffective|p1a: Sandy Shocks\n|-damage|p1a: Sandy Shocks|0 fnt\n|faint|p1a: Sandy Shocks\n|-end|p1a: Sandy Shocks|Protosynthesis|[silent]\n|\n|upkeep\n|inactive|EltioTochi has 120 seconds left.\n|inactive|EltioTochi has 90 seconds left.\n|\n|t:|1699711978\n|switch|p1a: Mamoswine|Mamoswine, M|88\/100\n|-damage|p1a: Mamoswine|76\/100|[from] Stealth Rock\n|turn|12\n|\n|t:|1699711985\n|move|p1a: Mamoswine|Earthquake|p2a: Ogerpon\n|-damage|p2a: Ogerpon|0 fnt\n|faint|p2a: Ogerpon\n|\n|upkeep\n|\n|t:|1699711996\n|switch|p2a: Iron Valiant|Iron Valiant|100\/100\n|-enditem|p2a: Iron Valiant|Booster Energy\n|-activate|p2a: Iron Valiant|ability: Quark Drive|[fromitem]\n|-start|p2a: Iron Valiant|quarkdrivespe\n|turn|13\n|\n|t:|1699711999\n|move|p2a: Iron Valiant|Close Combat|p1a: Mamoswine\n|-supereffective|p1a: Mamoswine\n|-damage|p1a: Mamoswine|0 fnt\n|-unboost|p2a: Iron Valiant|def|1\n|-unboost|p2a: Iron Valiant|spd|1\n|faint|p1a: Mamoswine\n|\n|upkeep\n|\n|t:|1699712002\n|switch|p1a: Avalugg|Avalugg, F|100\/100\n|-damage|p1a: Avalugg|76\/100|[from] Stealth Rock\n|turn|14\n|\n|t:|1699712009\n|move|p2a: Iron Valiant|Close Combat|p1a: Avalugg\n|-supereffective|p1a: Avalugg\n|-crit|p1a: Avalugg\n|-damage|p1a: Avalugg|0 fnt\n|-unboost|p2a: Iron Valiant|def|1\n|-unboost|p2a: Iron Valiant|spd|1\n|faint|p1a: Avalugg\n|\n|upkeep\n|inactive|EltioTochi has 120 seconds left.\n|c|\u2606EltioTochi|F uck your cr\u00edtical\n|c|\u2606EltioTochi|Lucky boy\n|c|\u2606EltioTochi|Zzzz\n|-message|EltioTochi forfeited.\n|\n|win|manmaki\n|raw|EltioTochi's rating: 1333 &rarr; <strong>1314<\/strong><br \/>(-19 for losing)\n|raw|manmaki's rating: 1356 &rarr; <strong>1375<\/strong><br \/>(+19 for winning)\n|l|\u2606EltioTochi\n|c|\u2606manmaki|sorry\n","uploadtime":1699712020,"views":14,"p1id":"eltiotochi","p2id":"manmaki","formatid":"gen9ou","rating":1314,"private":0,"password":""}