{"id":"gen9ou-1993587330","p1":"Total Cojonasso","p2":"Blocchetto","format":"[Gen 9] OU","log":"|j|\u2606Total Cojonasso\n|j|\u2606Blocchetto\n|t:|1700334744\n|gametype|singles\n|player|p1|Total Cojonasso|shadowtriad|\n|player|p2|Blocchetto|1|\n|teamsize|p1|6\n|teamsize|p2|6\n|gen|9\n|tier|[Gen 9] OU\n|rule|Sleep Clause Mod: Limit one foe put to sleep\n|rule|Species Clause: Limit one of each Pok\u00e9mon\n|rule|OHKO Clause: OHKO moves are banned\n|rule|Evasion Items Clause: Evasion items are banned\n|rule|Evasion Moves Clause: Evasion moves are banned\n|rule|Endless Battle Clause: Forcing endless battles is banned\n|rule|HP Percentage Mod: HP is shown in percentages\n|clearpoke\n|poke|p1|Manaphy|\n|poke|p1|Grimmsnarl, M|\n|poke|p1|Sneasler, M|\n|poke|p1|Ceruledge, M|\n|poke|p1|Iron Valiant|\n|poke|p1|Ogerpon-Wellspring, F|\n|poke|p2|Abomasnow, M|\n|poke|p2|Froslass, F|\n|poke|p2|Raichu, M|\n|poke|p2|Tinkaton, F|\n|poke|p2|Garchomp, M|\n|poke|p2|Arcanine-Hisui, M|\n|teampreview\n|inactive|Battle timer is ON: inactive players will automatically lose when time's up. (requested by Total Cojonasso)\n|\n|t:|1700334751\n|start\n|switch|p1a: Iron Valiant|Iron Valiant|100\/100\n|switch|p2a: Raichu|Raichu, M|100\/100\n|-enditem|p1a: Iron Valiant|Booster Energy\n|-activate|p1a: Iron Valiant|ability: Quark Drive|[fromitem]\n|-start|p1a: Iron Valiant|quarkdrivespe\n|turn|1\n|\n|t:|1700334758\n|move|p1a: Iron Valiant|Swords Dance|p1a: Iron Valiant\n|-boost|p1a: Iron Valiant|atk|2\n|move|p2a: Raichu|Thunder Wave|p1a: Iron Valiant\n|-status|p1a: Iron Valiant|par\n|\n|upkeep\n|turn|2\n|\n|t:|1700334765\n|move|p2a: Raichu|Trailblaze|p1a: Iron Valiant\n|-damage|p1a: Iron Valiant|80\/100 par\n|-boost|p2a: Raichu|spe|1\n|move|p1a: Iron Valiant|Spirit Break|p2a: Raichu\n|-damage|p2a: Raichu|0 fnt\n|faint|p2a: Raichu\n|\n|upkeep\n|\n|t:|1700334780\n|switch|p2a: Tinkaton|Tinkaton, F|100\/100\n|-ability|p2a: Tinkaton|Mold Breaker\n|turn|3\n|\n|t:|1700334788\n|move|p2a: Tinkaton|Play Rough|p1a: Iron Valiant\n|-supereffective|p1a: Iron Valiant\n|-damage|p1a: Iron Valiant|0 fnt\n|faint|p1a: Iron Valiant\n|-end|p1a: Iron Valiant|Quark Drive|[silent]\n|\n|upkeep\n|\n|t:|1700334793\n|switch|p1a: Grimmsnarl|Grimmsnarl, M|100\/100\n|turn|4\n|\n|t:|1700334798\n|move|p1a: Grimmsnarl|Reflect|p1a: Grimmsnarl\n|-sidestart|p1: Total Cojonasso|Reflect\n|move|p2a: Tinkaton|Gigaton Hammer|p1a: Grimmsnarl\n|-supereffective|p1a: Grimmsnarl\n|-damage|p1a: Grimmsnarl|43\/100\n|\n|upkeep\n|turn|5\n|\n|t:|1700334807\n|move|p1a: Grimmsnarl|Light Screen|p1a: Grimmsnarl\n|-sidestart|p1: Total Cojonasso|move: Light Screen\n|move|p2a: Tinkaton|Swords Dance|p2a: Tinkaton\n|-boost|p2a: Tinkaton|atk|2\n|\n|upkeep\n|turn|6\n|\n|t:|1700334812\n|move|p1a: Grimmsnarl|Taunt|p2a: Tinkaton\n|-start|p2a: Tinkaton|move: Taunt\n|move|p2a: Tinkaton|Play Rough|p1a: Grimmsnarl\n|-supereffective|p1a: Grimmsnarl\n|-damage|p1a: Grimmsnarl|0 fnt\n|faint|p1a: Grimmsnarl\n|\n|upkeep\n|\n|t:|1700334820\n|switch|p1a: Manaphy|Manaphy|100\/100\n|turn|7\n|\n|t:|1700334829\n|move|p1a: Manaphy|Tail Glow|p1a: Manaphy\n|-boost|p1a: Manaphy|spa|3\n|move|p2a: Tinkaton|Play Rough|p1a: Manaphy\n|-damage|p1a: Manaphy|65\/100\n|\n|-heal|p1a: Manaphy|71\/100|[from] item: Leftovers\n|upkeep\n|turn|8\n|\n|t:|1700334836\n|move|p1a: Manaphy|Tail Glow|p1a: Manaphy\n|-boost|p1a: Manaphy|spa|3\n|move|p2a: Tinkaton|Play Rough|p1a: Manaphy\n|-damage|p1a: Manaphy|33\/100\n|\n|-heal|p1a: Manaphy|39\/100|[from] item: Leftovers\n|-end|p2a: Tinkaton|move: Taunt\n|upkeep\n|turn|9\n|\n|t:|1700334844\n|move|p1a: Manaphy|Surf|p2a: Tinkaton\n|-damage|p2a: Tinkaton|0 fnt\n|faint|p2a: Tinkaton\n|\n|-heal|p1a: Manaphy|45\/100|[from] item: Leftovers\n|upkeep\n|\n|t:|1700334850\n|switch|p2a: Abomasnow|Abomasnow, M|100\/100\n|-weather|Snow|[from] ability: Snow Warning|[of] p2a: Abomasnow\n|turn|10\n|\n|t:|1700334855\n|move|p1a: Manaphy|Ice Beam|p2a: Abomasnow\n|-damage|p2a: Abomasnow|0 fnt\n|faint|p2a: Abomasnow\n|\n|-weather|Snow|[upkeep]\n|-heal|p1a: Manaphy|51\/100|[from] item: Leftovers\n|upkeep\n|\n|t:|1700334863\n|switch|p2a: Froslass|Froslass, F|100\/100\n|turn|11\n|\n|t:|1700334873\n|move|p1a: Manaphy|Surf|p2a: Froslass\n|-damage|p2a: Froslass|0 fnt\n|faint|p2a: Froslass\n|\n|-weather|Snow|[upkeep]\n|-heal|p1a: Manaphy|58\/100|[from] item: Leftovers\n|-sideend|p1: Total Cojonasso|Reflect\n|upkeep\n|\n|t:|1700334879\n|switch|p2a: Arcanine|Arcanine-Hisui, M|100\/100\n|turn|12\n|\n|t:|1700334882\n|move|p1a: Manaphy|Surf|p2a: Arcanine\n|-supereffective|p2a: Arcanine\n|-damage|p2a: Arcanine|0 fnt\n|faint|p2a: Arcanine\n|\n|-weather|Snow|[upkeep]\n|-heal|p1a: Manaphy|64\/100|[from] item: Leftovers\n|-sideend|p1: Total Cojonasso|move: Light Screen\n|upkeep\n|\n|t:|1700334889\n|switch|p2a: Garchomp|Garchomp, M|100\/100\n|turn|13\n|\n|t:|1700334895\n|move|p2a: Garchomp|Dragon Claw|p1a: Manaphy\n|-damage|p1a: Manaphy|24\/100\n|move|p1a: Manaphy|Ice Beam|p2a: Garchomp\n|-supereffective|p2a: Garchomp\n|-damage|p2a: Garchomp|0 fnt\n|faint|p2a: Garchomp\n|\n|win|Total Cojonasso\n","uploadtime":1700334903,"views":9,"p1id":"totalcojonasso","p2id":"blocchetto","formatid":"gen9ou","rating":0,"private":0,"password":""}