{"id":"gen9ou-1991775308","p1":"LucyLikePizza","p2":"SDK04","format":"[Gen 9] OU","log":"|j|\u2606LucyLikePizza\n|j|\u2606SDK04\n|inactive|Battle timer is ON: inactive players will automatically lose when time's up.\n|t:|1700115063\n|gametype|singles\n|player|p1|LucyLikePizza|1|\n|player|p2|SDK04|unknown|\n|teamsize|p1|6\n|teamsize|p2|6\n|gen|9\n|tier|[Gen 9] OU\n|rated|Tournament battle\n|rule|Sleep Clause Mod: Limit one foe put to sleep\n|rule|Species Clause: Limit one of each Pok\u00e9mon\n|rule|OHKO Clause: OHKO moves are banned\n|rule|Evasion Items Clause: Evasion items are banned\n|rule|Evasion Moves Clause: Evasion moves are banned\n|rule|Endless Battle Clause: Forcing endless battles is banned\n|rule|HP Percentage Mod: HP is shown in percentages\n|clearpoke\n|poke|p1|Kilowattrel, M|\n|poke|p1|Great Tusk|\n|poke|p1|Gholdengo|\n|poke|p1|Greninja-*, F|\n|poke|p1|Ceruledge, M|\n|poke|p1|Weavile, F|\n|poke|p2|Munkidori, M|\n|poke|p2|Rillaboom, F|\n|poke|p2|Dragonite, M|\n|poke|p2|Wo-Chien|\n|poke|p2|Great Tusk|\n|poke|p2|Muk-Alola, F|\n|teampreview\n|j| defnotapenguin\n|c|\u2606LucyLikePizza|Gl\n|c|\u2606SDK04|hf\n|\n|t:|1700115078\n|start\n|switch|p1a: Greninja|Greninja, F|100\/100\n|switch|p2a: Mojo Jojo|Munkidori, M|100\/100\n|turn|1\n|\n|t:|1700115085\n|move|p2a: Mojo Jojo|U-turn|p1a: Greninja\n|-supereffective|p1a: Greninja\n|-crit|p1a: Greninja\n|-damage|p1a: Greninja|42\/100\n|\n|t:|1700115089\n|switch|p2a: Nature\u2019s Nuke|Rillaboom, F, shiny|100\/100|[from] U-turn\n|-fieldstart|move: Grassy Terrain|[from] ability: Grassy Surge|[of] p2a: Nature\u2019s Nuke\n|move|p1a: Greninja|Spikes|p2a: Nature\u2019s Nuke\n|-sidestart|p2: SDK04|Spikes\n|\n|-heal|p1a: Greninja|48\/100|[from] Grassy Terrain\n|upkeep\n|turn|2\n|\n|t:|1700115095\n|move|p1a: Greninja|Toxic Spikes|p2a: Nature\u2019s Nuke\n|-sidestart|p2: SDK04|move: Toxic Spikes\n|move|p2a: Nature\u2019s Nuke|Knock Off|p1a: Greninja\n|-resisted|p1a: Greninja\n|-damage|p1a: Greninja|21\/100\n|-enditem|p1a: Greninja|Focus Sash|[from] move: Knock Off|[of] p2a: Nature\u2019s Nuke\n|\n|-heal|p1a: Greninja|27\/100|[from] Grassy Terrain\n|upkeep\n|turn|3\n|\n|t:|1700115098\n|move|p2a: Nature\u2019s Nuke|Grassy Glide|p1a: Greninja\n|-supereffective|p1a: Greninja\n|-damage|p1a: Greninja|0 fnt\n|faint|p1a: Greninja\n|\n|upkeep\n|\n|t:|1700115106\n|switch|p1a: Kilowattrel|Kilowattrel, M|100\/100\n|turn|4\n|\n|t:|1700115110\n|switch|p2a: Mojo Jojo|Munkidori, M|100\/100\n|-damage|p2a: Mojo Jojo|88\/100|[from] Spikes\n|-sideend|p2: SDK04|move: Toxic Spikes|[of] p2a: Mojo Jojo\n|move|p1a: Kilowattrel|Hurricane|p2a: Mojo Jojo\n|-damage|p2a: Mojo Jojo|30\/100\n|\n|-heal|p2a: Mojo Jojo|36\/100|[from] Grassy Terrain\n|upkeep\n|turn|5\n|c| defnotapenguin|what is a munkidori\n|\n|t:|1700115121\n|switch|p1a: Gholdengo|Gholdengo|100\/100\n|-item|p1a: Gholdengo|Air Balloon\n|move|p2a: Mojo Jojo|U-turn|p1a: Gholdengo\n|-resisted|p1a: Gholdengo\n|-damage|p1a: Gholdengo|98\/100\n|-enditem|p1a: Gholdengo|Air Balloon\n|\n|t:|1700115125\n|switch|p2a: Autumn|Wo-Chien|100\/100|[from] U-turn\n|-damage|p2a: Autumn|88\/100|[from] Spikes\n|-ability|p2a: Autumn|Tablets of Ruin\n|\n|-heal|p1a: Gholdengo|100\/100|[from] Grassy Terrain\n|-heal|p2a: Autumn|94\/100|[from] Grassy Terrain\n|-fieldend|move: Grassy Terrain\n|upkeep\n|turn|6\n|\n|t:|1700115134\n|switch|p1a: Kilowattrel|Kilowattrel, M|100\/100\n|move|p2a: Autumn|Dark Pulse|p1a: Kilowattrel\n|-damage|p1a: Kilowattrel|0 fnt\n|faint|p1a: Kilowattrel\n|\n|upkeep\n|c|\u2606SDK04|Damn\n|c|\u2606LucyLikePizza|Wtf lmaoo\n|c|\u2606SDK04|Kilo got negative bulk\n|\n|t:|1700115151\n|switch|p1a: Weavile|Weavile, F|100\/100\n|-ability|p1a: Weavile|Pressure\n|turn|7\n|\n|t:|1700115155\n|switch|p2a: Donphan-Therian|Great Tusk|100\/100\n|-damage|p2a: Donphan-Therian|88\/100|[from] Spikes\n|move|p1a: Weavile|Swords Dance|p1a: Weavile\n|-boost|p1a: Weavile|atk|2\n|\n|upkeep\n|turn|8\n|\n|t:|1700115166\n|switch|p1a: Great Tusk|Great Tusk|100\/100\n|move|p2a: Donphan-Therian|Rapid Spin|p1a: Great Tusk\n|-damage|p1a: Great Tusk|90\/100\n|-boost|p2a: Donphan-Therian|spe|1\n|-sideend|p2: SDK04|Spikes|[from] move: Rapid Spin|[of] p2a: Donphan-Therian\n|\n|-heal|p1a: Great Tusk|96\/100|[from] item: Leftovers\n|upkeep\n|turn|9\n|c|\u2606LucyLikePizza|Oh I thought you\u2019d tera\n|\n|t:|1700115187\n|-end|p2a: Donphan-Therian|Protosynthesis|[silent]\n|switch|p2a: Nature\u2019s Nuke|Rillaboom, F, shiny|100\/100\n|-fieldstart|move: Grassy Terrain|[from] ability: Grassy Surge|[of] p2a: Nature\u2019s Nuke\n|move|p1a: Great Tusk|Ice Spinner|p2a: Nature\u2019s Nuke\n|-supereffective|p2a: Nature\u2019s Nuke\n|-damage|p2a: Nature\u2019s Nuke|43\/100\n|-fieldend|move: Grassy Terrain\n|\n|-heal|p1a: Great Tusk|100\/100|[from] item: Leftovers\n|upkeep\n|turn|10\n|\n|t:|1700115196\n|move|p1a: Great Tusk|Ice Spinner|p2a: Nature\u2019s Nuke\n|-supereffective|p2a: Nature\u2019s Nuke\n|-damage|p2a: Nature\u2019s Nuke|0 fnt\n|faint|p2a: Nature\u2019s Nuke\n|\n|upkeep\n|\n|t:|1700115203\n|switch|p2a: Mojo Jojo|Munkidori, M|36\/100\n|turn|11\n|\n|t:|1700115208\n|-end|p1a: Great Tusk|Protosynthesis|[silent]\n|switch|p1a: Weavile|Weavile, F|100\/100\n|-ability|p1a: Weavile|Pressure\n|move|p2a: Mojo Jojo|U-turn|p1a: Weavile\n|-supereffective|p1a: Weavile\n|-crit|p1a: Weavile\n|-damage|p1a: Weavile|44\/100\n|-status|p1a: Weavile|tox|[from] ability: Toxic Chain|[of] p2a: Mojo Jojo\n|\n|t:|1700115221\n|switch|p2a: Navigator|Dragonite, M|100\/100|[from] U-turn\n|\n|-damage|p1a: Weavile|38\/100 tox|[from] psn\n|upkeep\n|turn|12\n|\n|t:|1700115224\n|-terastallize|p2a: Navigator|Normal\n|move|p2a: Navigator|Extreme Speed|p1a: Weavile\n|-damage|p1a: Weavile|0 fnt\n|faint|p1a: Weavile\n|\n|upkeep\n|\n|t:|1700115246\n|switch|p1a: Ceruledge|Ceruledge, M|100\/100\n|turn|13\n|\n|t:|1700115249\n|switch|p2a: Donphan-Therian|Great Tusk|88\/100\n|-terastallize|p1a: Ceruledge|Bug\n|move|p1a: Ceruledge|Taunt|p2a: Donphan-Therian\n|-start|p2a: Donphan-Therian|move: Taunt\n|\n|upkeep\n|turn|14\n|\n|t:|1700115254\n|-end|p2a: Donphan-Therian|Protosynthesis|[silent]\n|switch|p2a: Mojo Jojo|Munkidori, M|36\/100\n|move|p1a: Ceruledge|Bulk Up|p1a: Ceruledge\n|-boost|p1a: Ceruledge|atk|1\n|-boost|p1a: Ceruledge|def|1\n|\n|upkeep\n|turn|15\n|\n|t:|1700115257\n|move|p1a: Ceruledge|Shadow Sneak|p2a: Mojo Jojo\n|-supereffective|p2a: Mojo Jojo\n|-damage|p2a: Mojo Jojo|0 fnt\n|faint|p2a: Mojo Jojo\n|\n|upkeep\n|\n|t:|1700115263\n|switch|p2a: Autumn|Wo-Chien|94\/100\n|-ability|p2a: Autumn|Tablets of Ruin\n|turn|16\n|\n|t:|1700115266\n|move|p1a: Ceruledge|Bitter Blade|p2a: Autumn\n|-supereffective|p2a: Autumn\n|-damage|p2a: Autumn|19\/100\n|move|p2a: Autumn|Dark Pulse|p1a: Ceruledge\n|-damage|p1a: Ceruledge|60\/100\n|\n|upkeep\n|turn|17\n|c|\u2606LucyLikePizza|Oh I choked\n|c|\u2606LucyLikePizza|I thought this shit got like trick or some lol\n|inactive|LucyLikePizza has 120 seconds left.\n|\n|t:|1700115301\n|move|p1a: Ceruledge|Bitter Blade|p2a: Autumn\n|-supereffective|p2a: Autumn\n|-damage|p2a: Autumn|0 fnt\n|-heal|p1a: Ceruledge|69\/100|[from] drain|[of] p2a: Autumn\n|faint|p2a: Autumn\n|\n|upkeep\n|\n|t:|1700115302\n|switch|p2a: Navigator|Dragonite, M, tera:Normal|100\/100\n|turn|18\n|j| s.njs\n|\n|t:|1700115310\n|move|p2a: Navigator|Outrage|p1a: Ceruledge\n|-damage|p1a: Ceruledge|0 fnt\n|faint|p1a: Ceruledge\n|\n|upkeep\n|inactive|LucyLikePizza has 120 seconds left.\n|\n|t:|1700115330\n|switch|p1a: Great Tusk|Great Tusk|100\/100\n|turn|19\n|\n|t:|1700115333\n|move|p1a: Great Tusk|Rapid Spin|p2a: Navigator\n|-damage|p2a: Navigator|91\/100\n|-boost|p1a: Great Tusk|spe|1\n|move|p2a: Navigator|Outrage|p1a: Great Tusk|[from]lockedmove\n|-damage|p1a: Great Tusk|19\/100\n|-start|p2a: Navigator|confusion|[fatigue]\n|\n|-heal|p1a: Great Tusk|26\/100|[from] item: Leftovers\n|upkeep\n|turn|20\n|c|\u2606LucyLikePizza|Hit yourself\n|\n|t:|1700115345\n|switch|p2a: Donphan-Therian|Great Tusk|88\/100\n|move|p1a: Great Tusk|Earthquake|p2a: Donphan-Therian\n|-damage|p2a: Donphan-Therian|63\/100\n|\n|-heal|p1a: Great Tusk|32\/100|[from] item: Leftovers\n|upkeep\n|turn|21\n|\n|t:|1700115353\n|move|p1a: Great Tusk|Ice Spinner|p2a: Donphan-Therian\n|-supereffective|p2a: Donphan-Therian\n|-damage|p2a: Donphan-Therian|36\/100\n|-damage|p1a: Great Tusk|15\/100|[from] item: Rocky Helmet|[of] p2a: Donphan-Therian\n|move|p2a: Donphan-Therian|High Horsepower|p1a: Great Tusk\n|-damage|p1a: Great Tusk|0 fnt\n|faint|p1a: Great Tusk\n|-end|p1a: Great Tusk|Protosynthesis|[silent]\n|\n|upkeep\n|\n|t:|1700115354\n|switch|p1a: Gholdengo|Gholdengo|100\/100\n|turn|22\n|\n|t:|1700115356\n|move|p1a: Gholdengo|Shadow Ball|p2a: Donphan-Therian\n|-damage|p2a: Donphan-Therian|0 fnt\n|faint|p2a: Donphan-Therian\n|-end|p2a: Donphan-Therian|Protosynthesis|[silent]\n|\n|upkeep\n|\n|t:|1700115360\n|switch|p2a: Certified Eater|Muk-Alola, F|100\/100\n|turn|23\n|\n|t:|1700115362\n|move|p1a: Gholdengo|Focus Blast|p2a: Certified Eater|[miss]\n|-miss|p1a: Gholdengo|p2a: Certified Eater\n|move|p2a: Certified Eater|Knock Off|p1a: Gholdengo\n|-supereffective|p1a: Gholdengo\n|-damage|p1a: Gholdengo|59\/100\n|\n|upkeep\n|turn|24\n|\n|t:|1700115366\n|move|p1a: Gholdengo|Focus Blast|p2a: Certified Eater\n|-damage|p2a: Certified Eater|73\/100\n|move|p2a: Certified Eater|Knock Off|p1a: Gholdengo\n|-supereffective|p1a: Gholdengo\n|-damage|p1a: Gholdengo|14\/100\n|\n|-heal|p2a: Certified Eater|79\/100|[from] item: Black Sludge\n|upkeep\n|turn|25\n|j| sheluvsiman\n|\n|t:|1700115373\n|move|p1a: Gholdengo|Recover|p1a: Gholdengo\n|-heal|p1a: Gholdengo|64\/100\n|move|p2a: Certified Eater|Knock Off|p1a: Gholdengo\n|-supereffective|p1a: Gholdengo\n|-damage|p1a: Gholdengo|18\/100\n|\n|-heal|p2a: Certified Eater|85\/100|[from] item: Black Sludge\n|upkeep\n|turn|26\n|c|\u2606SDK04|gg\n|c|\u2606SDK04|wp\n|c| defnotapenguin|damn\n|\n|t:|1700115378\n|switch|p2a: Navigator|Dragonite, M, tera:Normal|91\/100\n|move|p1a: Gholdengo|Focus Blast|p2a: Navigator\n|-supereffective|p2a: Navigator\n|-damage|p2a: Navigator|3\/100\n|\n|upkeep\n|turn|27\n|l| s.njs\n|\n|t:|1700115383\n|move|p2a: Navigator|Earthquake|p1a: Gholdengo\n|-supereffective|p1a: Gholdengo\n|-damage|p1a: Gholdengo|0 fnt\n|faint|p1a: Gholdengo\n|\n|win|SDK04\n|n|\u2606LucyLikePizza|lucylikepizza\n|n|\u2606SDK04|sdk04\n|n| defnotapenguin|defnotapenguin\n|n| sheluvsiman|sheluvsiman\n|c|\u2606LucyLikePizza|Gg\n|l|\u2606LucyLikePizza\n|c| defnotapenguin|oop\\\n","uploadtime":1700115388,"views":7,"p1id":"lucylikepizza","p2id":"sdk04","formatid":"gen9ou","rating":0,"private":0,"password":""}