{"id":"gen9ou-1992463715","p1":"TheMysteriousOneV","p2":"zshmoneyy","format":"[Gen 9] OU","log":"|j|\u2606TheMysteriousOneV\n|j|\u2606zshmoneyy\n|t:|1700190698\n|gametype|singles\n|player|p1|TheMysteriousOneV|silver|1256\n|player|p2|zshmoneyy|blue-gen1|1358\n|teamsize|p1|6\n|teamsize|p2|6\n|gen|9\n|tier|[Gen 9] OU\n|rated|\n|rule|Sleep Clause Mod: Limit one foe put to sleep\n|rule|Species Clause: Limit one of each Pok\u00e9mon\n|rule|OHKO Clause: OHKO moves are banned\n|rule|Evasion Items Clause: Evasion items are banned\n|rule|Evasion Moves Clause: Evasion moves are banned\n|rule|Endless Battle Clause: Forcing endless battles is banned\n|rule|HP Percentage Mod: HP is shown in percentages\n|clearpoke\n|poke|p1|Hydreigon, M|\n|poke|p1|Great Tusk|\n|poke|p1|Rillaboom, M|\n|poke|p1|Ninetales-Alola, F|\n|poke|p1|Zapdos|\n|poke|p1|Sneasler, M|\n|poke|p2|Kingambit, M|\n|poke|p2|Ceruledge, F|\n|poke|p2|Iron Valiant|\n|poke|p2|Cinderace, M|\n|poke|p2|Slowking-Galar, F|\n|poke|p2|Ditto|\n|teampreview\n|\n|t:|1700190709\n|start\n|switch|p1a: King|Zapdos|100\/100\n|switch|p2a: Fire Fist Sabo\ud83d\udd25|Cinderace, M|100\/100\n|turn|1\n|c|\u2606TheMysteriousOneV|Ooooooo\n|c|\u2606TheMysteriousOneV|One piece\n|\n|t:|1700190724\n|move|p2a: Fire Fist Sabo\ud83d\udd25|Pyro Ball|p1a: King\n|-damage|p1a: King|53\/100\n|move|p1a: King|Volt Switch|p2a: Fire Fist Sabo\ud83d\udd25\n|-damage|p2a: Fire Fist Sabo\ud83d\udd25|57\/100\n|\n|t:|1700190733\n|switch|p1a: Queen|Rillaboom, M|100\/100|[from] Volt Switch\n|-fieldstart|move: Grassy Terrain|[from] ability: Grassy Surge|[of] p1a: Queen\n|\n|-heal|p2a: Fire Fist Sabo\ud83d\udd25|63\/100|[from] Grassy Terrain\n|upkeep\n|turn|2\n|\n|t:|1700190740\n|move|p2a: Fire Fist Sabo\ud83d\udd25|Pyro Ball|p1a: Queen\n|-supereffective|p1a: Queen\n|-damage|p1a: Queen|0 fnt\n|faint|p1a: Queen\n|\n|-heal|p2a: Fire Fist Sabo\ud83d\udd25|69\/100|[from] Grassy Terrain\n|upkeep\n|\n|t:|1700190743\n|switch|p1a: Doflamingo|Sneasler, M|100\/100\n|-enditem|p1a: Doflamingo|Grassy Seed\n|-boost|p1a: Doflamingo|def|1|[from] item: Grassy Seed\n|turn|3\n|\n|t:|1700190756\n|switch|p2a: MuGiWaRa!!!|Slowking-Galar, F|100\/100\n|-terastallize|p1a: Doflamingo|Flying\n|move|p1a: Doflamingo|Acrobatics|p2a: MuGiWaRa!!!\n|-damage|p2a: MuGiWaRa!!!|51\/100\n|\n|-heal|p2a: MuGiWaRa!!!|57\/100|[from] Grassy Terrain\n|-heal|p2a: MuGiWaRa!!!|63\/100|[from] item: Black Sludge\n|upkeep\n|turn|4\n|\n|t:|1700190767\n|move|p1a: Doflamingo|Swords Dance|p1a: Doflamingo\n|-boost|p1a: Doflamingo|atk|2\n|move|p2a: MuGiWaRa!!!|Slack Off|p2a: MuGiWaRa!!!\n|-heal|p2a: MuGiWaRa!!!|100\/100\n|\n|upkeep\n|turn|5\n|\n|t:|1700190776\n|move|p1a: Doflamingo|Acrobatics|p2a: MuGiWaRa!!!\n|-damage|p2a: MuGiWaRa!!!|0 fnt\n|faint|p2a: MuGiWaRa!!!\n|\n|upkeep\n|\n|t:|1700190785\n|switch|p2a: Chopper Copy Point|Ditto|100\/100\n|-transform|p2a: Chopper Copy Point|p1a: Doflamingo|[from] ability: Imposter\n|-start|p2a: Chopper Copy Point|typechange|Fighting\/Poison|[silent]\n|turn|6\n|inactive|Battle timer is ON: inactive players will automatically lose when time's up. (requested by TheMysteriousOneV)\n|\n|t:|1700190821\n|-terastallize|p2a: Chopper Copy Point|Dark\n|move|p1a: Doflamingo|Acrobatics|p2a: Chopper Copy Point\n|-damage|p2a: Chopper Copy Point|0 fnt\n|faint|p2a: Chopper Copy Point\n|\n|upkeep\n|\n|t:|1700190830\n|switch|p2a: Raid Suit Sanji|Iron Valiant|100\/100\n|-enditem|p2a: Raid Suit Sanji|Booster Energy\n|-activate|p2a: Raid Suit Sanji|ability: Quark Drive|[fromitem]\n|-start|p2a: Raid Suit Sanji|quarkdrivespe\n|turn|7\n|\n|t:|1700190836\n|move|p1a: Doflamingo|Acrobatics|p2a: Raid Suit Sanji\n|-supereffective|p2a: Raid Suit Sanji\n|-damage|p2a: Raid Suit Sanji|0 fnt\n|faint|p2a: Raid Suit Sanji\n|-end|p2a: Raid Suit Sanji|Quark Drive|[silent]\n|\n|upkeep\n|\n|t:|1700190841\n|switch|p2a: Zoro|Ceruledge, F|100\/100\n|turn|8\n|c|\u2606TheMysteriousOneV|Kaido vs straw hats\n|\n|t:|1700190850\n|move|p1a: Doflamingo|Acrobatics|p2a: Zoro\n|-enditem|p2a: Zoro|Focus Sash\n|-damage|p2a: Zoro|1\/100\n|-ability|p2a: Zoro|Weak Armor|boost\n|-unboost|p2a: Zoro|def|1\n|-boost|p2a: Zoro|spe|2\n|move|p2a: Zoro|Bitter Blade|p1a: Doflamingo\n|-damage|p1a: Doflamingo|51\/100\n|-heal|p2a: Zoro|27\/100|[from] drain|[of] p1a: Doflamingo\n|\n|-heal|p2a: Zoro|33\/100|[from] Grassy Terrain\n|-fieldend|move: Grassy Terrain\n|upkeep\n|turn|9\n|\n|t:|1700190862\n|move|p1a: Doflamingo|Acrobatics|p2a: Zoro\n|-damage|p2a: Zoro|0 fnt\n|faint|p2a: Zoro\n|\n|upkeep\n|\n|t:|1700190869\n|switch|p2a: Fire Fist Sabo\ud83d\udd25|Cinderace, M|69\/100\n|turn|10\n|\n|t:|1700190875\n|move|p2a: Fire Fist Sabo\ud83d\udd25|Sucker Punch|p1a: Doflamingo\n|-start|p2a: Fire Fist Sabo\ud83d\udd25|typechange|Dark|[from] ability: Libero\n|-damage|p1a: Doflamingo|9\/100\n|move|p1a: Doflamingo|Acrobatics|p2a: Fire Fist Sabo\ud83d\udd25\n|-crit|p2a: Fire Fist Sabo\ud83d\udd25\n|-damage|p2a: Fire Fist Sabo\ud83d\udd25|0 fnt\n|faint|p2a: Fire Fist Sabo\ud83d\udd25\n|\n|upkeep\n|\n|t:|1700190883\n|switch|p2a: ShankZ(YONKO BRUH)|Kingambit, M|100\/100\n|-activate|p2a: ShankZ(YONKO BRUH)|ability: Supreme Overlord\n|-start|p2a: ShankZ(YONKO BRUH)|fallen5|[silent]\n|turn|11\n|\n|t:|1700190890\n|move|p2a: ShankZ(YONKO BRUH)|Sucker Punch|p1a: Doflamingo\n|-damage|p1a: Doflamingo|0 fnt\n|faint|p1a: Doflamingo\n|\n|upkeep\n|\n|t:|1700190894\n|switch|p1a: King|Zapdos|53\/100\n|turn|12\n|\n|t:|1700190903\n|move|p1a: King|Heat Wave|p2a: ShankZ(YONKO BRUH)\n|-supereffective|p2a: ShankZ(YONKO BRUH)\n|-damage|p2a: ShankZ(YONKO BRUH)|53\/100\n|move|p2a: ShankZ(YONKO BRUH)|Swords Dance|p2a: ShankZ(YONKO BRUH)\n|-boost|p2a: ShankZ(YONKO BRUH)|atk|2\n|\n|upkeep\n|turn|13\n|\n|t:|1700190911\n|move|p1a: King|Roost|p1a: King\n|-heal|p1a: King|100\/100\n|-singleturn|p1a: King|move: Roost\n|move|p2a: ShankZ(YONKO BRUH)|Iron Head|p1a: King\n|-resisted|p1a: King\n|-damage|p1a: King|39\/100\n|-status|p2a: ShankZ(YONKO BRUH)|par|[from] ability: Static|[of] p1a: King\n|-enditem|p2a: ShankZ(YONKO BRUH)|Lum Berry|[eat]\n|-curestatus|p2a: ShankZ(YONKO BRUH)|par|[msg]\n|\n|upkeep\n|turn|14\n|\n|t:|1700190923\n|move|p2a: ShankZ(YONKO BRUH)|Sucker Punch||[still]\n|-fail|p2a: ShankZ(YONKO BRUH)\n|move|p1a: King|Roost|p1a: King\n|-heal|p1a: King|89\/100\n|-singleturn|p1a: King|move: Roost\n|\n|upkeep\n|turn|15\n|\n|t:|1700190932\n|move|p2a: ShankZ(YONKO BRUH)|Sucker Punch|p1a: King\n|-damage|p1a: King|0 fnt\n|-status|p2a: ShankZ(YONKO BRUH)|par|[from] ability: Static|[of] p1a: King\n|faint|p1a: King\n|\n|upkeep\n|\n|t:|1700190937\n|switch|p1a: Kaido|Hydreigon, M|100\/100\n|turn|16\n|\n|t:|1700190946\n|move|p1a: Kaido|Substitute|p1a: Kaido\n|-start|p1a: Kaido|Substitute\n|-damage|p1a: Kaido|75\/100\n|move|p2a: ShankZ(YONKO BRUH)|Low Kick|p1a: Kaido\n|-supereffective|p1a: Kaido\n|-end|p1a: Kaido|Substitute\n|\n|-heal|p1a: Kaido|82\/100|[from] item: Leftovers\n|upkeep\n|turn|17\n|\n|t:|1700190954\n|move|p1a: Kaido|Focus Blast|p2a: ShankZ(YONKO BRUH)\n|-supereffective|p2a: ShankZ(YONKO BRUH)\n|-damage|p2a: ShankZ(YONKO BRUH)|0 fnt\n|faint|p2a: ShankZ(YONKO BRUH)\n|-end|p2a: ShankZ(YONKO BRUH)|fallen5|[silent]\n|\n|win|TheMysteriousOneV\n|raw|TheMysteriousOneV's rating: 1256 &rarr; <strong>1288<\/strong><br \/>(+32 for winning)\n|raw|zshmoneyy's rating: 1358 &rarr; <strong>1332<\/strong><br \/>(-26 for losing)\n|l|\u2606zshmoneyy\n|c|\u2606TheMysteriousOneV|Always bet on kaido\n","uploadtime":1700190972,"views":7,"p1id":"themysteriousonev","p2id":"zshmoneyy","formatid":"gen9ou","rating":1288,"private":0,"password":""}