{"id":"gen9ou-1998121074","p1":"summmmmmmmmmmmer","p2":"hhhhhhhhhjj","format":"[Gen 9] OU","log":"|j|\u2606summmmmmmmmmmmer\n|j|\u2606hhhhhhhhhjj\n|t:|1700895112\n|gametype|singles\n|player|p1|summmmmmmmmmmmer|unknown|1076\n|player|p2|hhhhhhhhhjj|266|1000\n|teamsize|p1|6\n|teamsize|p2|6\n|gen|9\n|tier|[Gen 9] OU\n|rated|\n|rule|Sleep Clause Mod: Limit one foe put to sleep\n|rule|Species Clause: Limit one of each Pok\u00e9mon\n|rule|OHKO Clause: OHKO moves are banned\n|rule|Evasion Items Clause: Evasion items are banned\n|rule|Evasion Moves Clause: Evasion moves are banned\n|rule|Endless Battle Clause: Forcing endless battles is banned\n|rule|HP Percentage Mod: HP is shown in percentages\n|clearpoke\n|poke|p1|Heatran, M|\n|poke|p1|Alomomola, F|\n|poke|p1|Rillaboom, F|\n|poke|p1|Ogerpon-Wellspring, F|\n|poke|p1|Kingambit, M|\n|poke|p1|Shaymin|\n|poke|p2|Sableye, F|\n|poke|p2|Brambleghast, M|\n|poke|p2|Garganacl, M|\n|poke|p2|Scizor, M|\n|poke|p2|Iron Moth|\n|poke|p2|Iron Hands|\n|teampreview\n|inactive|Battle timer is ON: inactive players will automatically lose when time's up. (requested by summmmmmmmmmmmer)\n|inactive|summmmmmmmmmmmer has 120 seconds left.\n|\n|t:|1700895146\n|start\n|switch|p1a: Rillaboom|Rillaboom, F|100\/100\n|switch|p2a: Brambleghast|Brambleghast, M, shiny|100\/100\n|-fieldstart|move: Grassy Terrain|[from] ability: Grassy Surge|[of] p1a: Rillaboom\n|turn|1\n|\n|t:|1700895159\n|move|p1a: Rillaboom|U-turn|p2a: Brambleghast\n|-damage|p2a: Brambleghast|69\/100\n|\n|t:|1700895165\n|switch|p1a: Heatran|Heatran, M|100\/100|[from] U-turn\n|-item|p1a: Heatran|Air Balloon\n|move|p2a: Brambleghast|Poltergeist|p1a: Heatran\n|-activate|p1a: Heatran|move: Poltergeist|Air Balloon\n|-damage|p1a: Heatran|66\/100\n|-enditem|p1a: Heatran|Air Balloon\n|\n|-heal|p2a: Brambleghast|75\/100|[from] Grassy Terrain\n|-heal|p2a: Brambleghast|81\/100|[from] item: Leftovers\n|-heal|p1a: Heatran|72\/100|[from] Grassy Terrain\n|upkeep\n|turn|2\n|\n|t:|1700895181\n|move|p2a: Brambleghast|Strength Sap|p1a: Heatran\n|-unboost|p1a: Heatran|atk|1\n|-heal|p2a: Brambleghast|100\/100\n|move|p1a: Heatran|Earth Power|p2a: Brambleghast\n|-resisted|p2a: Brambleghast\n|-damage|p2a: Brambleghast|76\/100\n|\n|-heal|p2a: Brambleghast|82\/100|[from] Grassy Terrain\n|-heal|p2a: Brambleghast|88\/100|[from] item: Leftovers\n|-heal|p1a: Heatran|78\/100|[from] Grassy Terrain\n|upkeep\n|turn|3\n|\n|t:|1700895195\n|move|p2a: Brambleghast|Leech Seed|p1a: Heatran\n|-start|p1a: Heatran|move: Leech Seed\n|move|p1a: Heatran|Magma Storm|p2a: Brambleghast\n|-supereffective|p2a: Brambleghast\n|-damage|p2a: Brambleghast|0 fnt\n|faint|p2a: Brambleghast\n|\n|-heal|p1a: Heatran|84\/100|[from] Grassy Terrain\n|upkeep\n|inactive|hhhhhhhhhjj has 120 seconds left.\n|\n|t:|1700895215\n|switch|p2a: Garganacl|Garganacl, M|100\/100\n|turn|4\n|inactive|hhhhhhhhhjj has 120 seconds left.\n|\n|t:|1700895230\n|switch|p1a: Rillaboom|Rillaboom, F|100\/100\n|move|p2a: Garganacl|Earthquake|p1a: Rillaboom\n|-resisted|p1a: Rillaboom\n|-damage|p1a: Rillaboom|95\/100\n|\n|-heal|p1a: Rillaboom|100\/100|[from] Grassy Terrain\n|upkeep\n|turn|5\n|inactive|hhhhhhhhhjj has 120 seconds left.\n|\n|t:|1700895248\n|switch|p2a: Scizor|Scizor, M|100\/100\n|move|p1a: Rillaboom|U-turn|p2a: Scizor\n|-resisted|p2a: Scizor\n|-damage|p2a: Scizor|85\/100\n|\n|t:|1700895253\n|switch|p1a: Heatran|Heatran, M|84\/100|[from] U-turn\n|\n|-heal|p2a: Scizor|91\/100|[from] Grassy Terrain\n|-heal|p1a: Heatran|90\/100|[from] Grassy Terrain\n|-fieldend|move: Grassy Terrain\n|upkeep\n|turn|6\n|inactive|hhhhhhhhhjj has 120 seconds left.\n|\n|t:|1700895272\n|switch|p2a: Iron Moth|Iron Moth|100\/100\n|move|p1a: Heatran|Earth Power|p2a: Iron Moth\n|-supereffective|p2a: Iron Moth\n|-damage|p2a: Iron Moth|0 fnt\n|faint|p2a: Iron Moth\n|-end|p2a: Iron Moth|Quark Drive|[silent]\n|\n|upkeep\n|\n|t:|1700895285\n|switch|p2a: Iron Hands|Iron Hands|100\/100\n|turn|7\n|\n|t:|1700895291\n|move|p1a: Heatran|Earth Power|p2a: Iron Hands\n|-supereffective|p2a: Iron Hands\n|-damage|p2a: Iron Hands|34\/100\n|move|p2a: Iron Hands|Iron Defense|p2a: Iron Hands\n|-boost|p2a: Iron Hands|def|2\n|\n|-heal|p2a: Iron Hands|41\/100|[from] item: Leftovers\n|upkeep\n|turn|8\n|inactive|hhhhhhhhhjj has 120 seconds left.\n|\n|t:|1700895304\n|-terastallize|p2a: Iron Hands|Fighting\n|move|p1a: Heatran|Earth Power|p2a: Iron Hands\n|-damage|p2a: Iron Hands|7\/100\n|-unboost|p2a: Iron Hands|spd|1\n|move|p2a: Iron Hands|Drain Punch|p1a: Heatran\n|-supereffective|p1a: Heatran\n|-damage|p1a: Heatran|15\/100\n|-heal|p2a: Iron Hands|36\/100|[from] drain|[of] p1a: Heatran\n|\n|-heal|p2a: Iron Hands|42\/100|[from] item: Leftovers\n|upkeep\n|turn|9\n|inactive|hhhhhhhhhjj has 120 seconds left.\n|\n|t:|1700895320\n|move|p1a: Heatran|Flamethrower|p2a: Iron Hands\n|-damage|p2a: Iron Hands|0 fnt\n|faint|p2a: Iron Hands\n|-end|p2a: Iron Hands|Quark Drive|[silent]\n|\n|upkeep\n|\n|t:|1700895325\n|switch|p2a: Sableye|Sableye, F, shiny|100\/100\n|turn|10\n|inactive|hhhhhhhhhjj has 120 seconds left.\n|\n|t:|1700895334\n|move|p2a: Sableye|Thunder Wave|p1a: Heatran\n|-status|p1a: Heatran|par\n|move|p1a: Heatran|Magma Storm|p2a: Sableye\n|-damage|p2a: Sableye|8\/100\n|-activate|p2a: Sableye|move: Magma Storm|[of] p1a: Heatran\n|\n|-heal|p2a: Sableye|14\/100|[from] item: Leftovers\n|-damage|p2a: Sableye|1\/100|[from] move: Magma Storm|[partiallytrapped]\n|upkeep\n|turn|11\n|inactive|hhhhhhhhhjj has 120 seconds left.\n|\n|t:|1700895344\n|move|p2a: Sableye|Recover|p2a: Sableye\n|-heal|p2a: Sableye|51\/100\n|move|p1a: Heatran|Flamethrower|p2a: Sableye\n|-damage|p2a: Sableye|0 fnt\n|faint|p2a: Sableye\n|\n|upkeep\n|inactive|hhhhhhhhhjj has 120 seconds left.\n|-message|hhhhhhhhhjj forfeited.\n|\n|win|summmmmmmmmmmmer\n|raw|summmmmmmmmmmmer's rating: 1076 &rarr; <strong>1098<\/strong><br \/>(+22 for winning)\n|raw|hhhhhhhhhjj's rating: 1000 &rarr; <strong>1000<\/strong><br \/>(+0 for losing)\n|l|\u2606hhhhhhhhhjj\n","uploadtime":1700895360,"views":9,"p1id":"summmmmmmmmmmmer","p2id":"hhhhhhhhhjj","formatid":"gen9ou","rating":1000,"private":0,"password":""}