{"id":"gen9ou-1989688415","p1":"BloightWithO","p2":"r1nr3n","format":"[Gen 9] OU","log":"|j|\u2606BloightWithO\n|j|\u2606r1nr3n\n|t:|1699887004\n|gametype|singles\n|player|p1|BloightWithO|elesa|1134\n|player|p2|r1nr3n|veteran|1234\n|teamsize|p1|6\n|teamsize|p2|6\n|gen|9\n|tier|[Gen 9] OU\n|rated|\n|rule|Sleep Clause Mod: Limit one foe put to sleep\n|rule|Species Clause: Limit one of each Pok\u00e9mon\n|rule|OHKO Clause: OHKO moves are banned\n|rule|Evasion Items Clause: Evasion items are banned\n|rule|Evasion Moves Clause: Evasion moves are banned\n|rule|Endless Battle Clause: Forcing endless battles is banned\n|rule|HP Percentage Mod: HP is shown in percentages\n|clearpoke\n|poke|p1|Manaphy|\n|poke|p1|Kingambit, F|\n|poke|p1|Ribombee, F|\n|poke|p1|Gholdengo|\n|poke|p1|Iron Moth|\n|poke|p1|Ogerpon-Wellspring, F|\n|poke|p2|Rillaboom, M|\n|poke|p2|Ceruledge, F|\n|poke|p2|Iron Valiant|\n|poke|p2|Sneasler, F|\n|poke|p2|Glimmora, M|\n|poke|p2|Samurott-Hisui, M|\n|teampreview\n|inactive|Battle timer is ON: inactive players will automatically lose when time's up. (requested by BloightWithO)\n|inactive|r1nr3n also wants the timer to be on.\n|\n|t:|1699887009\n|start\n|switch|p1a: So Ribomback|Ribombee, F, shiny|100\/100\n|switch|p2a: Ceruledge|Ceruledge, F|100\/100\n|turn|1\n|\n|t:|1699887017\n|move|p1a: So Ribomback|Stun Spore|p2a: Ceruledge|[miss]\n|-miss|p1a: So Ribomback|p2a: Ceruledge\n|move|p2a: Ceruledge|Bitter Blade|p1a: So Ribomback\n|-supereffective|p1a: So Ribomback\n|-enditem|p1a: So Ribomback|Focus Sash\n|-damage|p1a: So Ribomback|1\/100\n|\n|upkeep\n|turn|2\n|\n|t:|1699887026\n|move|p2a: Ceruledge|Shadow Sneak|p1a: So Ribomback\n|-damage|p1a: So Ribomback|0 fnt\n|faint|p1a: So Ribomback\n|\n|upkeep\n|\n|t:|1699887031\n|switch|p1a: Mommy|Ogerpon-Wellspring, F|100\/100\n|turn|3\n|\n|t:|1699887035\n|move|p1a: Mommy|Swords Dance|p1a: Mommy\n|-boost|p1a: Mommy|atk|2\n|move|p2a: Ceruledge|Swords Dance|p2a: Ceruledge\n|-boost|p2a: Ceruledge|atk|2\n|\n|upkeep\n|turn|4\n|\n|t:|1699887043\n|move|p1a: Mommy|Encore|p2a: Ceruledge\n|-start|p2a: Ceruledge|Encore\n|move|p2a: Ceruledge|Swords Dance|p2a: Ceruledge\n|-boost|p2a: Ceruledge|atk|2\n|\n|upkeep\n|turn|5\n|\n|t:|1699887050\n|switch|p2a: Rillaboom|Rillaboom, M|100\/100\n|-fieldstart|move: Grassy Terrain|[from] ability: Grassy Surge|[of] p2a: Rillaboom\n|move|p1a: Mommy|Power Whip|p2a: Rillaboom\n|-resisted|p2a: Rillaboom\n|-crit|p2a: Rillaboom\n|-damage|p2a: Rillaboom|0 fnt\n|faint|p2a: Rillaboom\n|\n|upkeep\n|\n|t:|1699887061\n|switch|p2a: Sneasler|Sneasler, F|100\/100\n|-enditem|p2a: Sneasler|Grassy Seed\n|-boost|p2a: Sneasler|def|1|[from] item: Grassy Seed\n|turn|6\n|\n|t:|1699887070\n|switch|p1a: Stand Proud|Kingambit, F|100\/100\n|-activate|p1a: Stand Proud|ability: Supreme Overlord\n|-start|p1a: Stand Proud|fallen1|[silent]\n|-terastallize|p2a: Sneasler|Flying\n|move|p2a: Sneasler|Acrobatics|p1a: Stand Proud\n|-resisted|p1a: Stand Proud\n|-damage|p1a: Stand Proud|76\/100\n|\n|-heal|p1a: Stand Proud|82\/100|[from] Grassy Terrain\n|upkeep\n|turn|7\n|\n|t:|1699887080\n|move|p1a: Stand Proud|Sucker Punch|p2a: Sneasler\n|-damage|p2a: Sneasler|42\/100\n|move|p2a: Sneasler|Close Combat|p1a: Stand Proud\n|-supereffective|p1a: Stand Proud\n|-damage|p1a: Stand Proud|0 fnt\n|-unboost|p2a: Sneasler|def|1\n|-unboost|p2a: Sneasler|spd|1\n|faint|p1a: Stand Proud\n|-end|p1a: Stand Proud|fallen1|[silent]\n|\n|upkeep\n|\n|t:|1699887090\n|switch|p1a: Arceus-\u1e62teel|Iron Moth|100\/100\n|-enditem|p1a: Arceus-\u1e62teel|Booster Energy\n|-activate|p1a: Arceus-\u1e62teel|ability: Quark Drive|[fromitem]\n|-start|p1a: Arceus-\u1e62teel|quarkdrivespe\n|turn|8\n|\n|t:|1699887098\n|move|p2a: Sneasler|Acrobatics|p1a: Arceus-\u1e62teel\n|-damage|p1a: Arceus-\u1e62teel|11\/100\n|move|p1a: Arceus-\u1e62teel|Fiery Dance|p2a: Sneasler\n|-damage|p2a: Sneasler|0 fnt\n|faint|p2a: Sneasler\n|\n|-heal|p1a: Arceus-\u1e62teel|17\/100|[from] Grassy Terrain\n|upkeep\n|\n|t:|1699887106\n|switch|p2a: Ceruledge|Ceruledge, F|100\/100\n|turn|9\n|\n|t:|1699887113\n|move|p2a: Ceruledge|Shadow Sneak|p1a: Arceus-\u1e62teel\n|-damage|p1a: Arceus-\u1e62teel|0 fnt\n|faint|p1a: Arceus-\u1e62teel\n|-end|p1a: Arceus-\u1e62teel|Quark Drive|[silent]\n|\n|-fieldend|move: Grassy Terrain\n|upkeep\n|\n|t:|1699887115\n|switch|p1a: Mommy|Ogerpon-Wellspring, F|100\/100\n|turn|10\n|\n|t:|1699887127\n|move|p1a: Mommy|Swords Dance|p1a: Mommy\n|-boost|p1a: Mommy|atk|2\n|move|p2a: Ceruledge|Bitter Blade|p1a: Mommy\n|-crit|p1a: Mommy\n|-damage|p1a: Mommy|13\/100\n|\n|upkeep\n|turn|11\n|c|\u2606BloightWithO|That crit bruh\n|\n|t:|1699887139\n|move|p2a: Ceruledge|Shadow Sneak|p1a: Mommy\n|-damage|p1a: Mommy|0 fnt\n|faint|p1a: Mommy\n|\n|upkeep\n|\n|t:|1699887141\n|switch|p1a: Glowie|Manaphy|100\/100\n|turn|12\n|\n|t:|1699887150\n|move|p2a: Ceruledge|Close Combat|p1a: Glowie\n|-damage|p1a: Glowie|64\/100\n|-unboost|p2a: Ceruledge|def|1\n|-unboost|p2a: Ceruledge|spd|1\n|move|p1a: Glowie|Acid Armor|p1a: Glowie\n|-boost|p1a: Glowie|def|2\n|\n|-heal|p1a: Glowie|70\/100|[from] item: Leftovers\n|upkeep\n|turn|13\n|\n|t:|1699887159\n|move|p2a: Ceruledge|Swords Dance|p2a: Ceruledge\n|-boost|p2a: Ceruledge|atk|2\n|move|p1a: Glowie|Acid Armor|p1a: Glowie\n|-boost|p1a: Glowie|def|2\n|\n|-heal|p1a: Glowie|76\/100|[from] item: Leftovers\n|upkeep\n|turn|14\n|\n|t:|1699887162\n|move|p2a: Ceruledge|Bitter Blade|p1a: Glowie\n|-resisted|p1a: Glowie\n|-damage|p1a: Glowie|62\/100\n|move|p1a: Glowie|Take Heart|p1a: Glowie\n|-boost|p1a: Glowie|spa|1\n|-boost|p1a: Glowie|spd|1\n|\n|-heal|p1a: Glowie|68\/100|[from] item: Leftovers\n|upkeep\n|turn|15\n|\n|t:|1699887167\n|move|p2a: Ceruledge|Close Combat|p1a: Glowie\n|-damage|p1a: Glowie|42\/100\n|-unboost|p2a: Ceruledge|def|1\n|-unboost|p2a: Ceruledge|spd|1\n|move|p1a: Glowie|Acid Armor|p1a: Glowie\n|-boost|p1a: Glowie|def|2\n|\n|-heal|p1a: Glowie|48\/100|[from] item: Leftovers\n|upkeep\n|turn|16\n|\n|t:|1699887172\n|move|p2a: Ceruledge|Close Combat|p1a: Glowie\n|-crit|p1a: Glowie\n|-damage|p1a: Glowie|0 fnt\n|-unboost|p2a: Ceruledge|def|1\n|-unboost|p2a: Ceruledge|spd|1\n|faint|p1a: Glowie\n|\n|upkeep\n|c|\u2606BloightWithO|The crits BRUH\n|\n|t:|1699887180\n|switch|p1a: It's Gholdover|Gholdengo|100\/100\n|-item|p1a: It's Gholdover|Air Balloon\n|turn|17\n|\n|t:|1699887185\n|-terastallize|p1a: It's Gholdover|Dark\n|move|p2a: Ceruledge|Shadow Sneak|p1a: It's Gholdover\n|-resisted|p1a: It's Gholdover\n|-damage|p1a: It's Gholdover|78\/100\n|-enditem|p1a: It's Gholdover|Air Balloon\n|move|p1a: It's Gholdover|Shadow Ball|p2a: Ceruledge\n|-supereffective|p2a: Ceruledge\n|-enditem|p2a: Ceruledge|Focus Sash\n|-damage|p2a: Ceruledge|1\/100\n|\n|upkeep\n|turn|18\n|\n|t:|1699887191\n|move|p2a: Ceruledge|Close Combat|p1a: It's Gholdover\n|-supereffective|p1a: It's Gholdover\n|-damage|p1a: It's Gholdover|0 fnt\n|-unboost|p2a: Ceruledge|def|1\n|-unboost|p2a: Ceruledge|spd|1\n|faint|p1a: It's Gholdover\n|\n|win|r1nr3n\n|raw|BloightWithO's rating: 1134 &rarr; <strong>1116<\/strong><br \/>(-18 for losing)\n|raw|r1nr3n's rating: 1234 &rarr; <strong>1252<\/strong><br \/>(+18 for winning)\n","uploadtime":1699887197,"views":29,"p1id":"bloightwitho","p2id":"r1nr3n","formatid":"gen9ou","rating":1116,"private":0,"password":""}