{"id":"gen9ou-1995662473","p1":"zderone","p2":"Allerick Giovanni","format":"[Gen 9] OU","log":"|j|\u2606zderone\n|j|\u2606Allerick Giovanni\n|t:|1700591835\n|gametype|singles\n|player|p1|zderone|swimmer-gen4dp|1034\n|player|p2|Allerick Giovanni|linebacker|1000\n|teamsize|p1|6\n|teamsize|p2|6\n|gen|9\n|tier|[Gen 9] OU\n|rated|\n|rule|Sleep Clause Mod: Limit one foe put to sleep\n|rule|Species Clause: Limit one of each Pok\u00e9mon\n|rule|OHKO Clause: OHKO moves are banned\n|rule|Evasion Items Clause: Evasion items are banned\n|rule|Evasion Moves Clause: Evasion moves are banned\n|rule|Endless Battle Clause: Forcing endless battles is banned\n|rule|HP Percentage Mod: HP is shown in percentages\n|clearpoke\n|poke|p1|Enamorus, F|\n|poke|p1|Dragapult, M|\n|poke|p1|Zapdos|\n|poke|p1|Empoleon, M|\n|poke|p1|Iron Treads|\n|poke|p1|Cinderace, M|\n|poke|p2|Hoopa|\n|poke|p2|Chandelure, F|\n|poke|p2|Gastrodon, M|\n|poke|p2|Articuno-Galar|\n|poke|p2|Farigiraf, M|\n|poke|p2|Snorlax, M|\n|teampreview\n|\n|t:|1700591841\n|start\n|switch|p1a: Enamorus|Enamorus, F|100\/100\n|switch|p2a: Articuno|Articuno-Galar|100\/100\n|turn|1\n|\n|t:|1700591860\n|switch|p1a: Iron Treads|Iron Treads|100\/100\n|move|p2a: Articuno|Trick Room|p2a: Articuno\n|-fieldstart|move: Trick Room|[of] p2a: Articuno\n|\n|upkeep\n|turn|2\n|\n|t:|1700591867\n|move|p2a: Articuno|U-turn|p1a: Iron Treads\n|-resisted|p1a: Iron Treads\n|-damage|p1a: Iron Treads|95\/100\n|\n|t:|1700591870\n|switch|p2a: Snorlax|Snorlax, M|100\/100|[from] U-turn\n|move|p1a: Iron Treads|Stealth Rock|p2a: Snorlax\n|-sidestart|p2: Allerick Giovanni|move: Stealth Rock\n|\n|-heal|p1a: Iron Treads|100\/100|[from] item: Leftovers\n|upkeep\n|turn|3\n|\n|t:|1700591881\n|-end|p1a: Iron Treads|Quark Drive|[silent]\n|switch|p1a: Zapdos|Zapdos|100\/100\n|-ability|p1a: Zapdos|Pressure\n|move|p2a: Snorlax|Curse|p2a: Snorlax\n|-unboost|p2a: Snorlax|spe|1\n|-boost|p2a: Snorlax|atk|1\n|-boost|p2a: Snorlax|def|1\n|\n|upkeep\n|turn|4\n|\n|t:|1700591895\n|-terastallize|p2a: Snorlax|Ghost\n|move|p2a: Snorlax|Curse|p1a: Zapdos\n|-start|p1a: Zapdos|Curse|[of] p2a: Snorlax\n|-damage|p2a: Snorlax|50\/100\n|-enditem|p2a: Snorlax|Sitrus Berry|[eat]\n|-heal|p2a: Snorlax|75\/100|[from] item: Sitrus Berry\n|move|p1a: Zapdos|Thunder|p2a: Snorlax\n|-damage|p2a: Snorlax|43\/100\n|\n|-damage|p1a: Zapdos|76\/100|[from] Curse\n|upkeep\n|turn|5\n|\n|t:|1700591921\n|move|p2a: Snorlax|Body Slam|p1a: Zapdos\n|-damage|p1a: Zapdos|0 fnt\n|faint|p1a: Zapdos\n|\n|-fieldend|move: Trick Room\n|upkeep\n|\n|t:|1700591927\n|switch|p1a: Enamorus|Enamorus, F|100\/100\n|turn|6\n|\n|t:|1700591931\n|move|p1a: Enamorus|Substitute|p1a: Enamorus\n|-start|p1a: Enamorus|Substitute\n|-damage|p1a: Enamorus|76\/100\n|move|p2a: Snorlax|Body Slam|p1a: Enamorus\n|-end|p1a: Enamorus|Substitute\n|\n|-heal|p1a: Enamorus|82\/100|[from] item: Leftovers\n|upkeep\n|turn|7\n|\n|t:|1700591941\n|move|p1a: Enamorus|Play Rough|p2a: Snorlax\n|-damage|p2a: Snorlax|17\/100\n|move|p2a: Snorlax|Gunk Shot|p1a: Enamorus\n|-supereffective|p1a: Enamorus\n|-damage|p1a: Enamorus|0 fnt\n|faint|p1a: Enamorus\n|\n|upkeep\n|-message|zderone forfeited.\n|\n|win|Allerick Giovanni\n|raw|zderone's rating: 1034 &rarr; <strong>1017<\/strong><br \/>(-17 for losing)\n|raw|Allerick Giovanni's rating: 1000 &rarr; <strong>1044<\/strong><br \/>(+44 for winning)\n|l|\u2606zderone\n|l|\u2606Allerick Giovanni\n|j|\u2606Allerick Giovanni\n|player|p2|Allerick Giovanni|linebacker\n","uploadtime":1700591971,"views":5,"p1id":"zderone","p2id":"allerickgiovanni","formatid":"gen9ou","rating":1017,"private":0,"password":""}