{"id":"gen9ou-1994408357","p1":"luison","p2":"GUANGDONG TlGERS","format":"[Gen 9] OU","log":"|j|\u2606luison\n|j|\u2606GUANGDONG TlGERS\n|t:|1700440561\n|gametype|singles\n|player|p1|luison|drayden|1551\n|player|p2|GUANGDONG TlGERS|worker|1619\n|teamsize|p1|6\n|teamsize|p2|6\n|gen|9\n|tier|[Gen 9] OU\n|rated|\n|rule|Sleep Clause Mod: Limit one foe put to sleep\n|rule|Species Clause: Limit one of each Pok\u00e9mon\n|rule|OHKO Clause: OHKO moves are banned\n|rule|Evasion Items Clause: Evasion items are banned\n|rule|Evasion Moves Clause: Evasion moves are banned\n|rule|Endless Battle Clause: Forcing endless battles is banned\n|rule|HP Percentage Mod: HP is shown in percentages\n|clearpoke\n|poke|p1|Tinkaton, F|\n|poke|p1|Great Tusk|\n|poke|p1|Skeledirge, M|\n|poke|p1|Zapdos|\n|poke|p1|Kingambit, F|\n|poke|p1|Greninja-*, M|\n|poke|p2|Torkoal, F|\n|poke|p2|Hatterene, F|\n|poke|p2|Walking Wake|\n|poke|p2|Slither Wing|\n|poke|p2|Ceruledge, F|\n|poke|p2|Samurott-Hisui, M|\n|teampreview\n|inactive|Battle timer is ON: inactive players will automatically lose when time's up. (requested by luison)\n|\n|t:|1700440620\n|start\n|switch|p1a: Great Tusk|Great Tusk|100\/100\n|switch|p2a: Torkoal|Torkoal, F|100\/100\n|-weather|SunnyDay|[from] ability: Drought|[of] p2a: Torkoal\n|-activate|p1a: Great Tusk|ability: Protosynthesis\n|-start|p1a: Great Tusk|protosynthesisatk\n|turn|1\n|\n|t:|1700440624\n|switch|p2a: Hatterene|Hatterene, F|100\/100\n|-terastallize|p1a: Great Tusk|Poison\n|move|p1a: Great Tusk|Rapid Spin|p2a: Hatterene\n|-damage|p2a: Hatterene|79\/100\n|-boost|p1a: Great Tusk|spe|1\n|-enditem|p2a: Hatterene|Eject Button\n|\n|t:|1700440631\n|switch|p2a: Walking Wake|Walking Wake|100\/100\n|-activate|p2a: Walking Wake|ability: Protosynthesis\n|-start|p2a: Walking Wake|protosynthesisspe\n|\n|-weather|SunnyDay|[upkeep]\n|upkeep\n|turn|2\n|\n|t:|1700440650\n|-end|p1a: Great Tusk|Protosynthesis|[silent]\n|switch|p1a: Zapdos|Zapdos|100\/100\n|-terastallize|p2a: Walking Wake|Water\n|move|p2a: Walking Wake|Hydro Steam|p1a: Zapdos\n|-damage|p1a: Zapdos|0 fnt\n|faint|p1a: Zapdos\n|\n|-weather|SunnyDay|[upkeep]\n|upkeep\n|\n|t:|1700440654\n|switch|p1a: Tinkaton|Tinkaton, F|100\/100\n|-ability|p1a: Tinkaton|Mold Breaker\n|turn|3\n|\n|t:|1700440678\n|-end|p2a: Walking Wake|Protosynthesis|[silent]\n|switch|p2a: Hatterene|Hatterene, F|79\/100\n|move|p1a: Tinkaton|Thunder Wave|p2a: Hatterene\n|-status|p2a: Hatterene|par\n|\n|-weather|SunnyDay|[upkeep]\n|upkeep\n|turn|4\n|\n|t:|1700440684\n|move|p1a: Tinkaton|Stealth Rock|p2a: Hatterene\n|-sidestart|p2: GUANGDONG TlGERS|move: Stealth Rock\n|move|p2a: Hatterene|Nuzzle|p1a: Tinkaton\n|-damage|p1a: Tinkaton|96\/100\n|-status|p1a: Tinkaton|par\n|\n|-weather|SunnyDay|[upkeep]\n|-heal|p1a: Tinkaton|100\/100 par|[from] item: Leftovers\n|upkeep\n|turn|5\n|\n|t:|1700440690\n|move|p1a: Tinkaton|Gigaton Hammer|p2a: Hatterene\n|-supereffective|p2a: Hatterene\n|-damage|p2a: Hatterene|0 fnt\n|faint|p2a: Hatterene\n|\n|-weather|SunnyDay|[upkeep]\n|upkeep\n|inactive|GUANGDONG TlGERS has 120 seconds left.\n|\n|t:|1700440726\n|switch|p2a: Slither Wing|Slither Wing|100\/100\n|-damage|p2a: Slither Wing|88\/100|[from] Stealth Rock\n|-activate|p2a: Slither Wing|ability: Protosynthesis\n|-start|p2a: Slither Wing|protosynthesisatk\n|turn|6\n|inactive|GUANGDONG TlGERS has 120 seconds left.\n|\n|t:|1700440732\n|move|p2a: Slither Wing|U-turn|p1a: Tinkaton\n|-resisted|p1a: Tinkaton\n|-damage|p1a: Tinkaton|76\/100 par\n|\n|t:|1700440736\n|-end|p2a: Slither Wing|Protosynthesis|[silent]\n|switch|p2a: Samurott|Samurott-Hisui, M|100\/100|[from] U-turn\n|-damage|p2a: Samurott|88\/100|[from] Stealth Rock\n|move|p1a: Tinkaton|Thunder Wave|p2a: Samurott\n|-status|p2a: Samurott|par\n|\n|-weather|SunnyDay|[upkeep]\n|-heal|p1a: Tinkaton|82\/100 par|[from] item: Leftovers\n|upkeep\n|turn|7\n|\n|t:|1700440750\n|move|p2a: Samurott|Ceaseless Edge|p1a: Tinkaton|[miss]\n|-miss|p2a: Samurott|p1a: Tinkaton\n|move|p1a: Tinkaton|Knock Off|p2a: Samurott\n|-resisted|p2a: Samurott\n|-damage|p2a: Samurott|75\/100 par\n|-enditem|p2a: Samurott|Focus Sash|[from] move: Knock Off|[of] p1a: Tinkaton\n|\n|-weather|SunnyDay|[upkeep]\n|-heal|p1a: Tinkaton|88\/100 par|[from] item: Leftovers\n|upkeep\n|turn|8\n|\n|t:|1700440758\n|switch|p1a: Greninja|Greninja, M|100\/100\n|cant|p2a: Samurott|par\n|\n|-weather|none\n|upkeep\n|turn|9\n|\n|t:|1700440780\n|move|p1a: Greninja|Hydro Pump|p2a: Samurott\n|-resisted|p2a: Samurott\n|-damage|p2a: Samurott|39\/100 par\n|move|p2a: Samurott|Ceaseless Edge|p1a: Greninja\n|-resisted|p1a: Greninja\n|-damage|p1a: Greninja|65\/100\n|-sidestart|p1: luison|Spikes\n|\n|upkeep\n|turn|10\n|\n|t:|1700440785\n|move|p1a: Greninja|Hydro Pump|p2a: Samurott|[miss]\n|-miss|p1a: Greninja|p2a: Samurott\n|move|p2a: Samurott|Ceaseless Edge|p1a: Greninja\n|-resisted|p1a: Greninja\n|-damage|p1a: Greninja|26\/100\n|-sidestart|p1: luison|Spikes\n|\n|upkeep\n|turn|11\n|\n|t:|1700440790\n|move|p1a: Greninja|Hydro Pump|p2a: Samurott|[miss]\n|-miss|p1a: Greninja|p2a: Samurott\n|move|p2a: Samurott|Ceaseless Edge|p1a: Greninja\n|-resisted|p1a: Greninja\n|-damage|p1a: Greninja|0 fnt\n|-sidestart|p1: luison|Spikes\n|faint|p1a: Greninja\n|\n|upkeep\n|n|!luison|luison\n|\n|t:|1700440814\n|switch|p1a: Great Tusk|Great Tusk, tera:Poison|100\/100\n|-damage|p1a: Great Tusk|76\/100|[from] Spikes\n|turn|12\n|\n|t:|1700440827\n|switch|p2a: Ceruledge|Ceruledge, F|100\/100\n|move|p1a: Great Tusk|Rapid Spin|p2a: Ceruledge\n|-immune|p2a: Ceruledge\n|\n|upkeep\n|turn|13\n|\n|t:|1700440833\n|move|p1a: Great Tusk|Headlong Rush|p2a: Ceruledge\n|-supereffective|p2a: Ceruledge\n|-damage|p2a: Ceruledge|0 fnt\n|-unboost|p1a: Great Tusk|def|1\n|-unboost|p1a: Great Tusk|spd|1\n|faint|p2a: Ceruledge\n|\n|upkeep\n|\n|t:|1700440835\n|switch|p2a: Walking Wake|Walking Wake, tera:Water|100\/100\n|-damage|p2a: Walking Wake|88\/100|[from] Stealth Rock\n|turn|14\n|\n|t:|1700440840\n|-end|p1a: Great Tusk|Protosynthesis|[silent]\n|switch|p1a: Tinkaton|Tinkaton, F|88\/100 par\n|-damage|p1a: Tinkaton|63\/100 par|[from] Spikes\n|-ability|p1a: Tinkaton|Mold Breaker\n|move|p2a: Walking Wake|Hydro Steam|p1a: Tinkaton\n|-damage|p1a: Tinkaton|7\/100 par\n|\n|-heal|p1a: Tinkaton|13\/100 par|[from] item: Leftovers\n|upkeep\n|turn|15\n|\n|t:|1700440842\n|move|p2a: Walking Wake|Hydro Steam|p1a: Tinkaton\n|-damage|p1a: Tinkaton|0 fnt\n|faint|p1a: Tinkaton\n|\n|upkeep\n|\n|t:|1700440859\n|switch|p1a: Skeledirge|Skeledirge, M|100\/100\n|turn|16\n|\n|t:|1700440864\n|-end|p2a: Walking Wake|Protosynthesis|[silent]\n|switch|p2a: Torkoal|Torkoal, F|100\/100\n|-damage|p2a: Torkoal|76\/100|[from] Stealth Rock\n|-weather|SunnyDay|[from] ability: Drought|[of] p2a: Torkoal\n|move|p1a: Skeledirge|Hex|p2a: Torkoal\n|-damage|p2a: Torkoal|44\/100\n|\n|-weather|SunnyDay|[upkeep]\n|upkeep\n|turn|17\n|\n|t:|1700440868\n|move|p1a: Skeledirge|Hex|p2a: Torkoal\n|-damage|p2a: Torkoal|12\/100\n|move|p2a: Torkoal|Yawn|p1a: Skeledirge\n|-start|p1a: Skeledirge|move: Yawn|[of] p2a: Torkoal\n|\n|-weather|SunnyDay|[upkeep]\n|upkeep\n|turn|18\n|\n|t:|1700440875\n|switch|p1a: Great Tusk|Great Tusk, tera:Poison|76\/100\n|-damage|p1a: Great Tusk|51\/100|[from] Spikes\n|-activate|p1a: Great Tusk|ability: Protosynthesis\n|-start|p1a: Great Tusk|protosynthesisatk\n|move|p2a: Torkoal|Rapid Spin|p1a: Great Tusk\n|-damage|p1a: Great Tusk|43\/100\n|-boost|p2a: Torkoal|spe|1\n|-sideend|p2: GUANGDONG TlGERS|Stealth Rock|[from] move: Rapid Spin|[of] p2a: Torkoal\n|\n|-weather|SunnyDay|[upkeep]\n|upkeep\n|turn|19\n|\n|t:|1700440884\n|move|p1a: Great Tusk|Rapid Spin|p2a: Torkoal\n|-damage|p2a: Torkoal|0 fnt\n|-boost|p1a: Great Tusk|spe|1\n|-sideend|p1: luison|Spikes|[from] move: Rapid Spin|[of] p1a: Great Tusk\n|faint|p2a: Torkoal\n|\n|-weather|SunnyDay|[upkeep]\n|upkeep\n|\n|t:|1700440887\n|switch|p2a: Walking Wake|Walking Wake, tera:Water|88\/100\n|-activate|p2a: Walking Wake|ability: Protosynthesis\n|-start|p2a: Walking Wake|protosynthesisspe\n|turn|20\n|\n|t:|1700440890\n|move|p2a: Walking Wake|Hydro Steam|p1a: Great Tusk\n|-damage|p1a: Great Tusk|0 fnt\n|faint|p1a: Great Tusk\n|-end|p1a: Great Tusk|Protosynthesis|[silent]\n|\n|-weather|SunnyDay|[upkeep]\n|upkeep\n|\n|t:|1700440892\n|switch|p1a: Skeledirge|Skeledirge, M|100\/100\n|turn|21\n|\n|t:|1700440895\n|move|p2a: Walking Wake|Hydro Steam|p1a: Skeledirge\n|-supereffective|p1a: Skeledirge\n|-damage|p1a: Skeledirge|0 fnt\n|faint|p1a: Skeledirge\n|\n|-weather|SunnyDay|[upkeep]\n|upkeep\n|\n|t:|1700440896\n|switch|p1a: Kingambit|Kingambit, F|100\/100\n|-activate|p1a: Kingambit|ability: Supreme Overlord\n|-start|p1a: Kingambit|fallen5|[silent]\n|turn|22\n|\n|t:|1700440898\n|move|p1a: Kingambit|Sucker Punch|p2a: Walking Wake\n|-damage|p2a: Walking Wake|9\/100\n|move|p2a: Walking Wake|Hydro Steam|p1a: Kingambit\n|-damage|p1a: Kingambit|0 fnt\n|faint|p1a: Kingambit\n|-end|p1a: Kingambit|fallen5|[silent]\n|\n|win|GUANGDONG TlGERS\n|raw|luison's rating: 1551 &rarr; <strong>1535<\/strong><br \/>(-16 for losing)\n|raw|GUANGDONG TlGERS's rating: 1619 &rarr; <strong>1635<\/strong><br \/>(+16 for winning)\n","uploadtime":1700440801,"views":7,"p1id":"luison","p2id":"guangdongtlgers","formatid":"gen9ou","rating":1535,"private":0,"password":""}