{"id":"gen9ou-1997406779","p1":"pnkfufyunicrn","p2":"TJShocker","format":"[Gen 9] OU","log":"|j|\u2606pnkfufyunicrn\n|j|\u2606TJShocker\n|t:|1700800270\n|gametype|singles\n|player|p1|pnkfufyunicrn|266|1072\n|player|p2|TJShocker|marshal|1097\n|teamsize|p1|6\n|teamsize|p2|6\n|gen|9\n|tier|[Gen 9] OU\n|rated|\n|rule|Sleep Clause Mod: Limit one foe put to sleep\n|rule|Species Clause: Limit one of each Pok\u00e9mon\n|rule|OHKO Clause: OHKO moves are banned\n|rule|Evasion Items Clause: Evasion items are banned\n|rule|Evasion Moves Clause: Evasion moves are banned\n|rule|Endless Battle Clause: Forcing endless battles is banned\n|rule|HP Percentage Mod: HP is shown in percentages\n|clearpoke\n|poke|p1|Decidueye-Hisui, F|\n|poke|p1|Iron Moth|\n|poke|p1|Dondozo, F|\n|poke|p1|Enamorus, F|\n|poke|p1|Lilligant-Hisui, F|\n|poke|p1|Ursaluna, F|\n|poke|p2|Tauros, M|\n|poke|p2|Gengar, F|\n|poke|p2|Donphan, L1, F|\n|poke|p2|Tyranitar, F|\n|poke|p2|Slowking, M|\n|poke|p2|Naclstack, M|\n|teampreview\n|inactive|Battle timer is ON: inactive players will automatically lose when time's up. (requested by TJShocker)\n|\n|t:|1700800303\n|start\n|switch|p1a: hot afmf|Enamorus, F|100\/100\n|switch|p2a: Tyranitar|Tyranitar, F|100\/100\n|-weather|Sandstorm|[from] ability: Sand Stream|[of] p2a: Tyranitar\n|turn|1\n|\n|t:|1700800316\n|move|p1a: hot afmf|Superpower|p2a: Tyranitar\n|-supereffective|p2a: Tyranitar\n|-damage|p2a: Tyranitar|0 fnt\n|-boost|p1a: hot afmf|atk|1\n|-boost|p1a: hot afmf|def|1\n|faint|p2a: Tyranitar\n|\n|-weather|Sandstorm|[upkeep]\n|-damage|p1a: hot afmf|94\/100|[from] Sandstorm\n|upkeep\n|inactive|TJShocker has 120 seconds left.\n|\n|t:|1700800359\n|switch|p2a: Aron+|Donphan, L1, F|100\/100\n|turn|2\n|\n|t:|1700800364\n|move|p1a: hot afmf|Superpower|p2a: Aron+\n|-ability|p2a: Aron+|Sturdy\n|-damage|p2a: Aron+|8\/100\n|-boost|p1a: hot afmf|atk|1\n|-boost|p1a: hot afmf|def|1\n|move|p2a: Aron+|Endeavor|p1a: hot afmf\n|-damage|p1a: hot afmf|1\/100\n|-heal|p2a: Aron+|100\/100|[from] item: Shell Bell|[of] p1a: hot afmf\n|\n|-weather|Sandstorm|[upkeep]\n|-damage|p1a: hot afmf|0 fnt|[from] Sandstorm\n|faint|p1a: hot afmf\n|upkeep\n|\n|t:|1700800377\n|switch|p1a: blob|Dondozo, F|100\/100\n|turn|3\n|\n|t:|1700800399\n|move|p1a: blob|Aqua Tail|p2a: Aron+\n|-supereffective|p2a: Aron+\n|-ability|p2a: Aron+|Sturdy\n|-damage|p2a: Aron+|8\/100\n|move|p2a: Aron+|Endeavor|p1a: blob\n|-damage|p1a: blob|1\/100\n|-heal|p2a: Aron+|100\/100|[from] item: Shell Bell|[of] p1a: blob\n|\n|-weather|Sandstorm|[upkeep]\n|-damage|p1a: blob|0 fnt|[from] Sandstorm\n|faint|p1a: blob\n|upkeep\n|\n|t:|1700800411\n|switch|p1a: furrybait|Ursaluna, F|100\/100\n|turn|4\n|\n|t:|1700800418\n|move|p1a: furrybait|Facade|p2a: Aron+\n|-ability|p2a: Aron+|Sturdy\n|-damage|p2a: Aron+|8\/100\n|move|p2a: Aron+|Endeavor|p1a: furrybait\n|-damage|p1a: furrybait|1\/100\n|-heal|p2a: Aron+|100\/100|[from] item: Shell Bell|[of] p1a: furrybait\n|\n|-weather|Sandstorm|[upkeep]\n|-status|p1a: furrybait|brn|[from] item: Flame Orb\n|upkeep\n|turn|5\n|\n|t:|1700800431\n|move|p2a: Aron+|Ice Shard|p1a: furrybait\n|-supereffective|p1a: furrybait\n|-damage|p1a: furrybait|0 fnt\n|faint|p1a: furrybait\n|\n|-weather|Sandstorm|[upkeep]\n|upkeep\n|\n|t:|1700800441\n|switch|p1a: grow your own gf|Lilligant-Hisui, F|100\/100\n|turn|6\n|\n|t:|1700800451\n|move|p1a: grow your own gf|Leaf Blade|p2a: Aron+\n|-supereffective|p2a: Aron+\n|-ability|p2a: Aron+|Sturdy\n|-damage|p2a: Aron+|8\/100\n|move|p2a: Aron+|Endeavor|p1a: grow your own gf\n|-damage|p1a: grow your own gf|1\/100\n|-heal|p2a: Aron+|100\/100|[from] item: Shell Bell|[of] p1a: grow your own gf\n|\n|-weather|Sandstorm|[upkeep]\n|-damage|p1a: grow your own gf|0 fnt|[from] Sandstorm\n|faint|p1a: grow your own gf\n|upkeep\n|-message|pnkfufyunicrn forfeited.\n|\n|win|TJShocker\n|raw|pnkfufyunicrn's rating: 1072 &rarr; <strong>1053<\/strong><br \/>(-19 for losing)\n|raw|TJShocker's rating: 1097 &rarr; <strong>1121<\/strong><br \/>(+24 for winning)\n|l|\u2606pnkfufyunicrn\n","uploadtime":1700800470,"views":18,"p1id":"pnkfufyunicrn","p2id":"tjshocker","formatid":"gen9ou","rating":1053,"private":0,"password":""}