{"id":"gen9ou-1995222196","p1":"DiceyRice","p2":"Goomy Guy12345","format":"[Gen 9] OU","log":"|j|\u2606DiceyRice\n|j|\u2606Goomy Guy12345\n|inactive|Battle timer is ON: inactive players will automatically lose when time's up.\n|t:|1700536439\n|gametype|singles\n|player|p1|DiceyRice|169|\n|player|p2|Goomy Guy12345|lucas|\n|teamsize|p1|6\n|teamsize|p2|6\n|gen|9\n|tier|[Gen 9] OU\n|rated|Tournament battle\n|rule|Sleep Clause Mod: Limit one foe put to sleep\n|rule|Species Clause: Limit one of each Pok\u00e9mon\n|rule|OHKO Clause: OHKO moves are banned\n|rule|Evasion Items Clause: Evasion items are banned\n|rule|Evasion Moves Clause: Evasion moves are banned\n|rule|Endless Battle Clause: Forcing endless battles is banned\n|rule|HP Percentage Mod: HP is shown in percentages\n|clearpoke\n|poke|p1|Maushold|\n|poke|p1|Rillaboom, M|\n|poke|p1|Great Tusk|\n|poke|p1|Heatran, F|\n|poke|p1|Enamorus, F|\n|poke|p1|Kingambit, M|\n|poke|p2|Landorus-Therian, M|\n|poke|p2|Corviknight, M|\n|poke|p2|Greninja-*, M|\n|poke|p2|Iron Valiant|\n|poke|p2|Gholdengo|\n|poke|p2|Ogerpon-Wellspring, F|\n|teampreview\n|j|*Lady Monita \u2746\n|\n|t:|1700536455\n|start\n|switch|p1a: Enamorus|Enamorus, F|100\/100\n|switch|p2a: Gholdengo|Gholdengo|100\/100\n|turn|1\n|\n|t:|1700536461\n|switch|p1a: Heatran|Heatran, F|100\/100\n|move|p2a: Gholdengo|Flash Cannon|p1a: Heatran\n|-resisted|p1a: Heatran\n|-damage|p1a: Heatran|93\/100\n|\n|-heal|p1a: Heatran|99\/100|[from] item: Leftovers\n|upkeep\n|turn|2\n|\n|t:|1700536478\n|switch|p2a: Ogerpon|Ogerpon-Wellspring, F|100\/100\n|move|p1a: Heatran|Stealth Rock|p2a: Ogerpon\n|-sidestart|p2: Goomy Guy12345|move: Stealth Rock\n|\n|-heal|p1a: Heatran|100\/100|[from] item: Leftovers\n|upkeep\n|turn|3\n|\n|t:|1700536484\n|switch|p1a: Rillaboom|Rillaboom, M|100\/100\n|-fieldstart|move: Grassy Terrain|[from] ability: Grassy Surge|[of] p1a: Rillaboom\n|move|p2a: Ogerpon|Ivy Cudgel|p1a: Rillaboom|[anim] Ivy Cudgel Water\n|-resisted|p1a: Rillaboom\n|-damage|p1a: Rillaboom|71\/100\n|\n|-heal|p1a: Rillaboom|77\/100|[from] Grassy Terrain\n|upkeep\n|turn|4\n|\n|t:|1700536488\n|move|p2a: Ogerpon|Knock Off|p1a: Rillaboom\n|-damage|p1a: Rillaboom|38\/100\n|-enditem|p1a: Rillaboom|Choice Band|[from] move: Knock Off|[of] p2a: Ogerpon\n|move|p1a: Rillaboom|U-turn|p2a: Ogerpon\n|-supereffective|p2a: Ogerpon\n|-damage|p2a: Ogerpon|35\/100\n|\n|t:|1700536496\n|switch|p1a: Enamorus|Enamorus, F|100\/100|[from] U-turn\n|\n|-heal|p2a: Ogerpon|41\/100|[from] Grassy Terrain\n|upkeep\n|turn|5\n|\n|t:|1700536504\n|move|p1a: Enamorus|Moonblast|p2a: Ogerpon\n|-damage|p2a: Ogerpon|0 fnt\n|faint|p2a: Ogerpon\n|\n|upkeep\n|\n|t:|1700536508\n|switch|p2a: Corviknight|Corviknight, M|100\/100\n|-damage|p2a: Corviknight|88\/100|[from] Stealth Rock\n|turn|6\n|\n|t:|1700536511\n|switch|p1a: Heatran|Heatran, F|100\/100\n|move|p2a: Corviknight|Iron Head|p1a: Heatran\n|-resisted|p1a: Heatran\n|-damage|p1a: Heatran|93\/100\n|\n|-heal|p1a: Heatran|99\/100|[from] Grassy Terrain\n|-heal|p1a: Heatran|100\/100|[from] item: Leftovers\n|upkeep\n|turn|7\n|\n|t:|1700536514\n|move|p1a: Heatran|Magma Storm|p2a: Corviknight\n|-supereffective|p2a: Corviknight\n|-damage|p2a: Corviknight|0 fnt\n|faint|p2a: Corviknight\n|\n|-fieldend|move: Grassy Terrain\n|upkeep\n|\n|t:|1700536520\n|switch|p2a: Landorus|Landorus-Therian, M|100\/100\n|-damage|p2a: Landorus|88\/100|[from] Stealth Rock\n|-ability|p2a: Landorus|Intimidate|boost\n|-unboost|p1a: Heatran|atk|1\n|turn|8\n|\n|t:|1700536526\n|switch|p1a: Rillaboom|Rillaboom, M|38\/100\n|-fieldstart|move: Grassy Terrain|[from] ability: Grassy Surge|[of] p1a: Rillaboom\n|move|p2a: Landorus|U-turn|p1a: Rillaboom\n|-supereffective|p1a: Rillaboom\n|-damage|p1a: Rillaboom|0 fnt\n|faint|p1a: Rillaboom\n|\n|t:|1700536540\n|switch|p2a: Gholdengo|Gholdengo|100\/100|[from] U-turn\n|-damage|p2a: Gholdengo|94\/100|[from] Stealth Rock\n|\n|-heal|p2a: Gholdengo|100\/100|[from] Grassy Terrain\n|upkeep\n|\n|t:|1700536563\n|switch|p1a: Heatran|Heatran, F|100\/100\n|turn|9\n|\n|t:|1700536569\n|move|p2a: Gholdengo|Focus Blast|p1a: Heatran|[miss]\n|-miss|p2a: Gholdengo|p1a: Heatran\n|move|p1a: Heatran|Magma Storm|p2a: Gholdengo\n|-supereffective|p2a: Gholdengo\n|-damage|p2a: Gholdengo|28\/100\n|-activate|p2a: Gholdengo|move: Magma Storm|[of] p1a: Heatran\n|\n|-heal|p2a: Gholdengo|34\/100|[from] Grassy Terrain\n|-damage|p2a: Gholdengo|22\/100|[from] move: Magma Storm|[partiallytrapped]\n|upkeep\n|turn|10\n|\n|t:|1700536574\n|move|p2a: Gholdengo|Focus Blast|p1a: Heatran\n|-supereffective|p1a: Heatran\n|-damage|p1a: Heatran|44\/100\n|move|p1a: Heatran|Earth Power|p2a: Gholdengo\n|-supereffective|p2a: Gholdengo\n|-damage|p2a: Gholdengo|0 fnt\n|faint|p2a: Gholdengo\n|\n|-heal|p1a: Heatran|50\/100|[from] Grassy Terrain\n|-heal|p1a: Heatran|56\/100|[from] item: Leftovers\n|upkeep\n|\n|t:|1700536580\n|switch|p2a: Greninja|Greninja, M|100\/100\n|-damage|p2a: Greninja|88\/100|[from] Stealth Rock\n|turn|11\n|inactive|DiceyRice has 120 seconds left.\n|\n|t:|1700536617\n|switch|p1a: Enamorus|Enamorus, F|100\/100\n|move|p2a: Greninja|Surf|p1a: Enamorus\n|-damage|p1a: Enamorus|40\/100\n|\n|-heal|p2a: Greninja|94\/100|[from] Grassy Terrain\n|upkeep\n|turn|12\n|\n|t:|1700536623\n|-terastallize|p2a: Greninja|Water\n|move|p2a: Greninja|Water Shuriken|p1a: Enamorus\n|-damage|p1a: Enamorus|26\/100\n|-damage|p1a: Enamorus|13\/100\n|-hitcount|p1a: Enamorus|2\n|move|p1a: Enamorus|Moonblast|p2a: Greninja\n|-damage|p2a: Greninja|40\/100\n|\n|-heal|p2a: Greninja|46\/100|[from] Grassy Terrain\n|-fieldend|move: Grassy Terrain\n|upkeep\n|turn|13\n|\n|t:|1700536630\n|move|p2a: Greninja|Water Shuriken|p1a: Enamorus\n|-damage|p1a: Enamorus|0 fnt\n|faint|p1a: Enamorus\n|-ability|p2a: Greninja|Battle Bond|boost\n|-boost|p2a: Greninja|atk|1\n|-boost|p2a: Greninja|spa|1\n|-boost|p2a: Greninja|spe|1\n|-activate|p2a: Greninja|ability: Battle Bond\n|-hitcount|p1: Enamorus|1\n|\n|upkeep\n|\n|t:|1700536632\n|switch|p1a: devindian|Kingambit, M|100\/100\n|-activate|p1a: devindian|ability: Supreme Overlord\n|-start|p1a: devindian|fallen2|[silent]\n|turn|14\n|\n|t:|1700536638\n|move|p2a: Greninja|Water Shuriken|p1a: devindian\n|-damage|p1a: devindian|88\/100\n|-damage|p1a: devindian|75\/100\n|-hitcount|p1a: devindian|2\n|move|p1a: devindian|Kowtow Cleave|p2a: Greninja\n|-damage|p2a: Greninja|0 fnt\n|faint|p2a: Greninja\n|\n|-heal|p1a: devindian|82\/100|[from] item: Leftovers\n|upkeep\n|\n|t:|1700536644\n|switch|p2a: Iron Valiant|Iron Valiant|100\/100\n|-damage|p2a: Iron Valiant|94\/100|[from] Stealth Rock\n|-enditem|p2a: Iron Valiant|Booster Energy\n|-activate|p2a: Iron Valiant|ability: Quark Drive|[fromitem]\n|-start|p2a: Iron Valiant|quarkdrivespe\n|turn|15\n|\n|t:|1700536656\n|-terastallize|p1a: devindian|Flying\n|move|p2a: Iron Valiant|Aura Sphere|p1a: devindian\n|-resisted|p1a: devindian\n|-damage|p1a: devindian|61\/100\n|move|p1a: devindian|Iron Head|p2a: Iron Valiant\n|-supereffective|p2a: Iron Valiant\n|-damage|p2a: Iron Valiant|0 fnt\n|faint|p2a: Iron Valiant\n|-end|p2a: Iron Valiant|Quark Drive|[silent]\n|\n|-heal|p1a: devindian|68\/100|[from] item: Leftovers\n|upkeep\n|\n|t:|1700536663\n|switch|p2a: Landorus|Landorus-Therian, M|88\/100\n|-damage|p2a: Landorus|76\/100|[from] Stealth Rock\n|-ability|p2a: Landorus|Intimidate|boost\n|-unboost|p1a: devindian|atk|1\n|turn|16\n|\n|t:|1700536666\n|move|p2a: Landorus|Bulk Up|p2a: Landorus\n|-boost|p2a: Landorus|atk|1\n|-boost|p2a: Landorus|def|1\n|move|p1a: devindian|Kowtow Cleave|p2a: Landorus\n|-damage|p2a: Landorus|43\/100\n|-damage|p1a: devindian|51\/100|[from] item: Rocky Helmet|[of] p2a: Landorus\n|\n|-heal|p1a: devindian|57\/100|[from] item: Leftovers\n|upkeep\n|turn|17\n|\n|t:|1700536672\n|-end|p1a: devindian|fallen2|[silent]\n|switch|p1a: Maushold|Maushold|100\/100\n|move|p2a: Landorus|Smack Down|p1a: Maushold\n|-crit|p1a: Maushold\n|-damage|p1a: Maushold|36\/100\n|\n|upkeep\n|turn|18\n|\n|t:|1700536679\n|move|p1a: Maushold|Encore|p2a: Landorus\n|-start|p2a: Landorus|Encore\n|move|p2a: Landorus|Smack Down|p1a: Maushold\n|-damage|p1a: Maushold|0 fnt\n|faint|p1a: Maushold\n|\n|upkeep\n|\n|t:|1700536681\n|switch|p1a: Great Tusk|Great Tusk|100\/100\n|turn|19\n|\n|t:|1700536683\n|move|p2a: Landorus|Smack Down|p1a: Great Tusk\n|-resisted|p1a: Great Tusk\n|-damage|p1a: Great Tusk|96\/100\n|move|p1a: Great Tusk|Ice Spinner|p2a: Landorus\n|-supereffective|p2a: Landorus\n|-crit|p2a: Landorus\n|-damage|p2a: Landorus|0 fnt\n|-damage|p1a: Great Tusk|79\/100|[from] item: Rocky Helmet|[of] p2a: Landorus\n|faint|p2a: Landorus\n|\n|win|DiceyRice\n|n|\u2606DiceyRice|diceyrice\n|n|\u2606Goomy Guy12345|goomyguy12345\n|n|*Lady Monita \u2746|ladymonita\n|l|*Lady Monita \u2746\n|c|\u2606Goomy Guy12345|gg\n|c|\u2606DiceyRice|gg\n","uploadtime":1700536698,"views":9,"p1id":"diceyrice","p2id":"goomyguy12345","formatid":"gen9ou","rating":0,"private":0,"password":""}