{"id":"gen9ou-1989193882","p1":"f*ckPSOE129","p2":"toed cool","format":"[Gen 9] OU","log":"|j|\u2606f*ckPSOE129\n|j|\u2606toed cool\n|t:|1699822063\n|gametype|singles\n|player|p1|f*ckPSOE129|2|1000\n|player|p2|toed cool|diamondclanmember|1000\n|teamsize|p1|6\n|teamsize|p2|6\n|gen|9\n|tier|[Gen 9] OU\n|rated|\n|rule|Sleep Clause Mod: Limit one foe put to sleep\n|rule|Species Clause: Limit one of each Pok\u00e9mon\n|rule|OHKO Clause: OHKO moves are banned\n|rule|Evasion Items Clause: Evasion items are banned\n|rule|Evasion Moves Clause: Evasion moves are banned\n|rule|Endless Battle Clause: Forcing endless battles is banned\n|rule|HP Percentage Mod: HP is shown in percentages\n|clearpoke\n|poke|p1|Clefable, M|\n|poke|p1|Dondozo, M|\n|poke|p1|Tornadus-Therian, M|\n|poke|p1|Toxapex, F|\n|poke|p1|Blissey, F|\n|poke|p1|Gastrodon, M|\n|poke|p2|Dragapult, M|\n|poke|p2|Heatran, M|\n|poke|p2|Great Tusk|\n|poke|p2|Amoonguss, M|\n|poke|p2|Weavile, M|\n|poke|p2|Enamorus, F|\n|teampreview\n|inactive|Battle timer is ON: inactive players will automatically lose when time's up. (requested by toed cool)\n|\n|t:|1699822084\n|start\n|switch|p1a: Flying Dutchman|Tornadus-Therian, M|100\/100\n|switch|p2a: Dragapult|Dragapult, M, shiny|100\/100\n|turn|1\n|inactive|toed cool has 120 seconds left.\n|\n|t:|1699822128\n|move|p2a: Dragapult|Dragon Darts|p1a: Flying Dutchman\n|-damage|p1a: Flying Dutchman|73\/100\n|-anim|p2a: Dragapult|Dragon Darts|p1a: Flying Dutchman\n|-damage|p1a: Flying Dutchman|46\/100\n|move|p1a: Flying Dutchman|Knock Off|p2a: Dragapult\n|-supereffective|p2a: Dragapult\n|-damage|p2a: Dragapult|42\/100\n|-enditem|p2a: Dragapult|Heavy-Duty Boots|[from] move: Knock Off|[of] p1a: Flying Dutchman\n|\n|upkeep\n|turn|2\n|\n|t:|1699822139\n|switch|p1a: Pink Blob Jr.|Clefable, M|100\/100\n|move|p2a: Dragapult|U-turn|p1a: Pink Blob Jr.\n|-resisted|p1a: Pink Blob Jr.\n|-damage|p1a: Pink Blob Jr.|93\/100\n|\n|t:|1699822144\n|switch|p2a: Heatran|Heatran, M, shiny|100\/100|[from] U-turn\n|-item|p2a: Heatran|Air Balloon\n|\n|-heal|p1a: Pink Blob Jr.|99\/100|[from] item: Leftovers\n|upkeep\n|turn|3\n|\n|t:|1699822154\n|move|p1a: Pink Blob Jr.|Protect|p1a: Pink Blob Jr.\n|-singleturn|p1a: Pink Blob Jr.|Protect\n|move|p2a: Heatran|Stealth Rock|p1a: Pink Blob Jr.\n|-sidestart|p1: f*ckPSOE129|move: Stealth Rock\n|\n|-heal|p1a: Pink Blob Jr.|100\/100|[from] item: Leftovers\n|upkeep\n|turn|4\n|inactive|toed cool has 120 seconds left.\n|inactive|toed cool has 90 seconds left.\n|\n|t:|1699822211\n|move|p2a: Heatran|Magma Storm|p1a: Pink Blob Jr.\n|-damage|p1a: Pink Blob Jr.|52\/100\n|-activate|p1a: Pink Blob Jr.|move: Magma Storm|[of] p2a: Heatran\n|move|p1a: Pink Blob Jr.|Stealth Rock|p2a: Heatran\n|-sidestart|p2: toed cool|move: Stealth Rock\n|\n|-heal|p1a: Pink Blob Jr.|58\/100|[from] item: Leftovers\n|upkeep\n|turn|5\n|\n|t:|1699822220\n|move|p1a: Pink Blob Jr.|Protect|p1a: Pink Blob Jr.\n|-singleturn|p1a: Pink Blob Jr.|Protect\n|move|p2a: Heatran|Magma Storm|p1a: Pink Blob Jr.\n|-activate|p1a: Pink Blob Jr.|move: Protect\n|\n|-heal|p1a: Pink Blob Jr.|64\/100|[from] item: Leftovers\n|upkeep\n|turn|6\n|\n|t:|1699822226\n|move|p2a: Heatran|Magma Storm|p1a: Pink Blob Jr.\n|-damage|p1a: Pink Blob Jr.|12\/100\n|move|p1a: Pink Blob Jr.|Wish|p1a: Pink Blob Jr.\n|\n|-heal|p1a: Pink Blob Jr.|19\/100|[from] item: Leftovers\n|upkeep\n|turn|7\n|inactive|toed cool has 90 seconds left.\n|\n|t:|1699822236\n|move|p1a: Pink Blob Jr.|Protect|p1a: Pink Blob Jr.\n|-singleturn|p1a: Pink Blob Jr.|Protect\n|move|p2a: Heatran|Earth Power|p1a: Pink Blob Jr.\n|-activate|p1a: Pink Blob Jr.|move: Protect\n|\n|-heal|p1a: Pink Blob Jr.|69\/100|[from] move: Wish|[wisher] Pink Blob Jr.\n|-heal|p1a: Pink Blob Jr.|75\/100|[from] item: Leftovers\n|upkeep\n|turn|8\n|inactive|toed cool has 90 seconds left.\n|\n|t:|1699822250\n|move|p2a: Heatran|Will-O-Wisp|p1a: Pink Blob Jr.\n|-status|p1a: Pink Blob Jr.|brn\n|move|p1a: Pink Blob Jr.|Wish|p1a: Pink Blob Jr.\n|\n|-heal|p1a: Pink Blob Jr.|81\/100 brn|[from] item: Leftovers\n|-end|p1a: Pink Blob Jr.|Magma Storm|[partiallytrapped]\n|upkeep\n|turn|9\n|inactive|toed cool has 90 seconds left.\n|inactive|toed cool has 60 seconds left.\n|\n|t:|1699822307\n|move|p2a: Heatran|Will-O-Wisp|p1a: Pink Blob Jr.\n|-fail|p1a: Pink Blob Jr.|brn\n|move|p1a: Pink Blob Jr.|Moonblast|p2a: Heatran\n|-resisted|p2a: Heatran\n|-damage|p2a: Heatran|93\/100\n|-enditem|p2a: Heatran|Air Balloon\n|\n|-heal|p1a: Pink Blob Jr.|100\/100 brn|[from] move: Wish|[wisher] Pink Blob Jr.\n|upkeep\n|turn|10\n|\n|t:|1699822317\n|switch|p2a: Dragapult|Dragapult, M, shiny|42\/100\n|-damage|p2a: Dragapult|30\/100|[from] Stealth Rock\n|move|p1a: Pink Blob Jr.|Moonblast|p2a: Dragapult\n|-supereffective|p2a: Dragapult\n|-damage|p2a: Dragapult|0 fnt\n|faint|p2a: Dragapult\n|\n|upkeep\n|-message|toed cool forfeited.\n|\n|win|f*ckPSOE129\n|raw|f*ckPSOE129's rating: 1000 &rarr; <strong>1040<\/strong><br \/>(+40 for winning)\n|raw|toed cool's rating: 1000 &rarr; <strong>1000<\/strong><br \/>(+0 for losing)\n|l|\u2606toed cool\n|c|\u2606f*ckPSOE129|gg\n","uploadtime":1699822332,"views":14,"p1id":"fckpsoe129","p2id":"toedcool","formatid":"gen9ou","rating":1000,"private":0,"password":""}