{"id":"gen9ou-1993914225","p1":"SGA24","p2":"DOOM1806","format":"[Gen 9] OU","log":"|j|\u2606SGA24\n|j|\u2606DOOM1806\n|t:|1700374570\n|gametype|singles\n|player|p1|SGA24|265|1501\n|player|p2|DOOM1806|elesa|1601\n|teamsize|p1|6\n|teamsize|p2|6\n|gen|9\n|tier|[Gen 9] OU\n|rated|\n|rule|Sleep Clause Mod: Limit one foe put to sleep\n|rule|Species Clause: Limit one of each Pok\u00e9mon\n|rule|OHKO Clause: OHKO moves are banned\n|rule|Evasion Items Clause: Evasion items are banned\n|rule|Evasion Moves Clause: Evasion moves are banned\n|rule|Endless Battle Clause: Forcing endless battles is banned\n|rule|HP Percentage Mod: HP is shown in percentages\n|clearpoke\n|poke|p1|Empoleon, M|\n|poke|p1|Clefable, F|\n|poke|p1|Landorus-Therian, M|\n|poke|p1|Ogerpon-Wellspring, F|\n|poke|p1|Iron Valiant|\n|poke|p1|Kingambit, F|\n|poke|p2|Iron Hands|\n|poke|p2|Kingambit, M|\n|poke|p2|Rillaboom, M|\n|poke|p2|Sneasler, M|\n|poke|p2|Ursaluna, F|\n|poke|p2|Iron Valiant|\n|teampreview\n|inactive|Battle timer is ON: inactive players will automatically lose when time's up. (requested by DOOM1806)\n|j| JazzyKazzy25\n|\n|t:|1700374590\n|start\n|switch|p1a: Landorus|Landorus-Therian, M|100\/100\n|switch|p2a: Rillaboom|Rillaboom, M|100\/100\n|-fieldstart|move: Grassy Terrain|[from] ability: Grassy Surge|[of] p2a: Rillaboom\n|-ability|p1a: Landorus|Intimidate|boost\n|-unboost|p2a: Rillaboom|atk|1\n|turn|1\n|\n|t:|1700374601\n|switch|p2a: Sneasler|Sneasler, M|100\/100\n|-enditem|p2a: Sneasler|Grassy Seed\n|-boost|p2a: Sneasler|def|1|[from] item: Grassy Seed\n|move|p1a: Landorus|U-turn|p2a: Sneasler\n|-resisted|p2a: Sneasler\n|-damage|p2a: Sneasler|95\/100\n|j| ordinaryplayerZ\n|l| JazzyKazzy25\n|l| ordinaryplayerZ\n|inactive|SGA24 has 120 seconds left.\n|\n|t:|1700374637\n|switch|p1a: Ogerpon|Ogerpon-Wellspring, F|100\/100|[from] U-turn\n|\n|-heal|p2a: Sneasler|100\/100|[from] Grassy Terrain\n|upkeep\n|turn|2\n|inactive|DOOM1806 has 120 seconds left.\n|inactive|SGA24 has 120 seconds left.\n|\n|t:|1700374678\n|-terastallize|p1a: Ogerpon|Water\n|detailschange|p1a: Ogerpon|Ogerpon-Wellspring-Tera, F, tera:Water\n|-ability|p1a: Ogerpon|Embody Aspect (Wellspring)|boost\n|-boost|p1a: Ogerpon|spd|1\n|move|p2a: Sneasler|Swords Dance|p2a: Sneasler\n|-boost|p2a: Sneasler|atk|2\n|move|p1a: Ogerpon|Ivy Cudgel|p2a: Sneasler|[anim] Ivy Cudgel Water\n|-damage|p2a: Sneasler|24\/100\n|\n|-heal|p2a: Sneasler|30\/100|[from] Grassy Terrain\n|upkeep\n|turn|3\n|inactive|SGA24 has 120 seconds left.\n|\n|t:|1700374694\n|switch|p1a: Empoleon|Empoleon, M|100\/100\n|move|p2a: Sneasler|Acrobatics|p1a: Empoleon\n|-resisted|p1a: Empoleon\n|-damage|p1a: Empoleon|59\/100\n|\n|-heal|p2a: Sneasler|37\/100|[from] Grassy Terrain\n|-heal|p1a: Empoleon|65\/100|[from] Grassy Terrain\n|-heal|p1a: Empoleon|71\/100|[from] item: Leftovers\n|upkeep\n|turn|4\n|\n|t:|1700374713\n|switch|p1a: Landorus|Landorus-Therian, M|100\/100\n|-ability|p1a: Landorus|Intimidate|boost\n|-unboost|p2a: Sneasler|atk|1\n|move|p2a: Sneasler|Close Combat|p1a: Landorus\n|-resisted|p1a: Landorus\n|-damage|p1a: Landorus|62\/100\n|-unboost|p2a: Sneasler|def|1\n|-unboost|p2a: Sneasler|spd|1\n|\n|-heal|p2a: Sneasler|43\/100|[from] Grassy Terrain\n|-heal|p1a: Landorus|69\/100|[from] item: Leftovers\n|upkeep\n|turn|5\n|inactive|SGA24 has 120 seconds left.\n|\n|t:|1700374721\n|move|p2a: Sneasler|Acrobatics|p1a: Landorus\n|-damage|p1a: Landorus|21\/100\n|move|p1a: Landorus|Earthquake|p2a: Sneasler\n|-supereffective|p2a: Sneasler\n|-damage|p2a: Sneasler|0 fnt\n|faint|p2a: Sneasler\n|\n|-heal|p1a: Landorus|27\/100|[from] item: Leftovers\n|-fieldend|move: Grassy Terrain\n|upkeep\n|\n|t:|1700374733\n|switch|p2a: Rillaboom|Rillaboom, M|100\/100\n|-fieldstart|move: Grassy Terrain|[from] ability: Grassy Surge|[of] p2a: Rillaboom\n|turn|6\n|\n|t:|1700374737\n|switch|p1a: Kingambit|Kingambit, F|100\/100\n|-item|p1a: Kingambit|Air Balloon\n|move|p2a: Rillaboom|Wood Hammer|p1a: Kingambit\n|-resisted|p1a: Kingambit\n|-damage|p1a: Kingambit|49\/100\n|-enditem|p1a: Kingambit|Air Balloon\n|-damage|p2a: Rillaboom|82\/100|[from] Recoil\n|\n|-heal|p2a: Rillaboom|88\/100|[from] Grassy Terrain\n|-heal|p1a: Kingambit|56\/100|[from] Grassy Terrain\n|upkeep\n|turn|7\n|\n|t:|1700374750\n|switch|p2a: Iron Hands|Iron Hands|100\/100\n|move|p1a: Kingambit|Kowtow Cleave|p2a: Iron Hands\n|-resisted|p2a: Iron Hands\n|-damage|p2a: Iron Hands|84\/100\n|-enditem|p2a: Iron Hands|Red Card|[of] p1a: Kingambit\n|-end|p1a: Kingambit|fallenundefined|[silent]\n|drag|p1a: Clefable|Clefable, F|100\/100\n|\n|-heal|p2a: Iron Hands|90\/100|[from] Grassy Terrain\n|upkeep\n|turn|8\n|inactive|DOOM1806 has 120 seconds left.\n|\n|t:|1700374775\n|-end|p2a: Iron Hands|Quark Drive|[silent]\n|switch|p2a: Rillaboom|Rillaboom, M|88\/100\n|move|p1a: Clefable|Moonblast|p2a: Rillaboom\n|-damage|p2a: Rillaboom|49\/100\n|\n|-heal|p2a: Rillaboom|56\/100|[from] Grassy Terrain\n|upkeep\n|turn|9\n|\n|t:|1700374783\n|-terastallize|p2a: Rillaboom|Grass\n|move|p1a: Clefable|Protect|p1a: Clefable\n|-singleturn|p1a: Clefable|Protect\n|move|p2a: Rillaboom|Wood Hammer|p1a: Clefable\n|-activate|p1a: Clefable|move: Protect\n|\n|-heal|p2a: Rillaboom|62\/100|[from] Grassy Terrain\n|upkeep\n|turn|10\n|inactive|DOOM1806 has 120 seconds left.\n|\n|t:|1700374799\n|switch|p1a: Empoleon|Empoleon, M|71\/100\n|move|p2a: Rillaboom|Wood Hammer|p1a: Empoleon\n|-damage|p1a: Empoleon|0 fnt\n|faint|p1a: Empoleon\n|-damage|p2a: Rillaboom|37\/100|[from] Recoil\n|\n|-heal|p2a: Rillaboom|43\/100|[from] Grassy Terrain\n|-fieldend|move: Grassy Terrain\n|upkeep\n|\n|t:|1700374816\n|switch|p1a: Ogerpon|Ogerpon-Wellspring-Tera, F, tera:Water|100\/100\n|-ability|p1a: Ogerpon|Embody Aspect (Wellspring)|boost\n|-boost|p1a: Ogerpon|spd|1\n|turn|11\n|\n|t:|1700374828\n|switch|p2a: Ursaluna|Ursaluna, F|100\/100\n|move|p1a: Ogerpon|Ivy Cudgel|p2a: Ursaluna|[anim] Ivy Cudgel Water\n|-supereffective|p2a: Ursaluna\n|-damage|p2a: Ursaluna|0 fnt\n|faint|p2a: Ursaluna\n|\n|upkeep\n|\n|t:|1700374835\n|switch|p2a: Iron Hands|Iron Hands|90\/100\n|turn|12\n|\n|t:|1700374839\n|move|p1a: Ogerpon|Ivy Cudgel|p2a: Iron Hands|[anim] Ivy Cudgel Water\n|-damage|p2a: Iron Hands|40\/100\n|move|p2a: Iron Hands|Thunder Punch|p1a: Ogerpon\n|-supereffective|p1a: Ogerpon\n|-damage|p1a: Ogerpon|0 fnt\n|faint|p1a: Ogerpon\n|\n|upkeep\n|\n|t:|1700374849\n|switch|p1a: Landorus|Landorus-Therian, M|27\/100\n|-ability|p1a: Landorus|Intimidate|boost\n|-unboost|p2a: Iron Hands|atk|1\n|turn|13\n|\n|t:|1700374856\n|-end|p2a: Iron Hands|Quark Drive|[silent]\n|switch|p2a: Rillaboom|Rillaboom, M, tera:Grass|43\/100\n|-fieldstart|move: Grassy Terrain|[from] ability: Grassy Surge|[of] p2a: Rillaboom\n|move|p1a: Landorus|Stealth Rock|p2a: Rillaboom\n|-sidestart|p2: DOOM1806|move: Stealth Rock\n|\n|-heal|p2a: Rillaboom|49\/100|[from] Grassy Terrain\n|-heal|p1a: Landorus|33\/100|[from] item: Leftovers\n|upkeep\n|turn|14\n|\n|t:|1700374859\n|move|p2a: Rillaboom|Grassy Glide|p1a: Landorus\n|-damage|p1a: Landorus|0 fnt\n|faint|p1a: Landorus\n|\n|-heal|p2a: Rillaboom|55\/100|[from] Grassy Terrain\n|upkeep\n|\n|t:|1700374861\n|switch|p1a: Kingambit|Kingambit, F|56\/100\n|-activate|p1a: Kingambit|ability: Supreme Overlord\n|-start|p1a: Kingambit|fallen3|[silent]\n|turn|15\n|\n|t:|1700374878\n|switch|p2a: Iron Hands|Iron Hands|40\/100\n|-damage|p2a: Iron Hands|34\/100|[from] Stealth Rock\n|move|p1a: Kingambit|Kowtow Cleave|p2a: Iron Hands\n|-resisted|p2a: Iron Hands\n|-damage|p2a: Iron Hands|14\/100\n|\n|-heal|p1a: Kingambit|62\/100|[from] Grassy Terrain\n|-heal|p2a: Iron Hands|20\/100|[from] Grassy Terrain\n|upkeep\n|turn|16\n|\n|t:|1700374885\n|-end|p1a: Kingambit|fallen3|[silent]\n|switch|p1a: Clefable|Clefable, F|100\/100\n|move|p2a: Iron Hands|Drain Punch|p1a: Clefable\n|-resisted|p1a: Clefable\n|-damage|p1a: Clefable|76\/100\n|-heal|p2a: Iron Hands|30\/100|[from] drain|[of] p1a: Clefable\n|\n|-heal|p1a: Clefable|82\/100|[from] Grassy Terrain\n|-heal|p2a: Iron Hands|36\/100|[from] Grassy Terrain\n|upkeep\n|turn|17\n|\n|t:|1700374889\n|move|p1a: Clefable|Moonblast|p2a: Iron Hands\n|-supereffective|p2a: Iron Hands\n|-damage|p2a: Iron Hands|0 fnt\n|faint|p2a: Iron Hands\n|-end|p2a: Iron Hands|Quark Drive|[silent]\n|\n|-heal|p1a: Clefable|89\/100|[from] Grassy Terrain\n|-fieldend|move: Grassy Terrain\n|upkeep\n|\n|t:|1700374897\n|switch|p2a: Rillaboom|Rillaboom, M, tera:Grass|55\/100\n|-damage|p2a: Rillaboom|43\/100|[from] Stealth Rock\n|-fieldstart|move: Grassy Terrain|[from] ability: Grassy Surge|[of] p2a: Rillaboom\n|turn|18\n|\n|t:|1700374916\n|move|p1a: Clefable|Protect|p1a: Clefable\n|-singleturn|p1a: Clefable|Protect\n|move|p2a: Rillaboom|Wood Hammer|p1a: Clefable\n|-activate|p1a: Clefable|move: Protect\n|\n|-heal|p2a: Rillaboom|49\/100|[from] Grassy Terrain\n|-heal|p1a: Clefable|95\/100|[from] Grassy Terrain\n|upkeep\n|turn|19\n|\n|t:|1700374936\n|move|p2a: Rillaboom|Wood Hammer|p1a: Clefable\n|-damage|p1a: Clefable|0 fnt\n|faint|p1a: Clefable\n|-damage|p2a: Rillaboom|13\/100|[from] Recoil\n|\n|-heal|p2a: Rillaboom|19\/100|[from] Grassy Terrain\n|upkeep\n|\n|t:|1700374939\n|switch|p1a: Iron Valiant|Iron Valiant|100\/100\n|-enditem|p1a: Iron Valiant|Booster Energy\n|-activate|p1a: Iron Valiant|ability: Quark Drive|[fromitem]\n|-start|p1a: Iron Valiant|quarkdrivespe\n|turn|20\n|\n|t:|1700374943\n|switch|p2a: Kingambit|Kingambit, M|100\/100\n|-damage|p2a: Kingambit|94\/100|[from] Stealth Rock\n|-activate|p2a: Kingambit|ability: Supreme Overlord\n|-start|p2a: Kingambit|fallen3|[silent]\n|move|p1a: Iron Valiant|Moonblast|p2a: Kingambit\n|-damage|p2a: Kingambit|44\/100\n|-enditem|p2a: Kingambit|Red Card|[of] p1a: Iron Valiant\n|-end|p1a: Iron Valiant|Quark Drive|[silent]\n|drag|p1a: Kingambit|Kingambit, F|62\/100\n|-activate|p1a: Kingambit|ability: Supreme Overlord\n|-start|p1a: Kingambit|fallen4|[silent]\n|\n|-heal|p1a: Kingambit|68\/100|[from] Grassy Terrain\n|-heal|p2a: Kingambit|51\/100|[from] Grassy Terrain\n|upkeep\n|turn|21\n|\n|t:|1700374951\n|-end|p1a: Kingambit|fallen4|[silent]\n|switch|p1a: Iron Valiant|Iron Valiant|100\/100\n|move|p2a: Kingambit|Kowtow Cleave|p1a: Iron Valiant\n|-resisted|p1a: Iron Valiant\n|-damage|p1a: Iron Valiant|78\/100\n|\n|-heal|p1a: Iron Valiant|84\/100|[from] Grassy Terrain\n|-heal|p2a: Kingambit|57\/100|[from] Grassy Terrain\n|upkeep\n|turn|22\n|\n|t:|1700374955\n|move|p1a: Iron Valiant|Aura Sphere|p2a: Kingambit\n|-supereffective|p2a: Kingambit\n|-damage|p2a: Kingambit|0 fnt\n|faint|p2a: Kingambit\n|-end|p2a: Kingambit|fallen3|[silent]\n|\n|-heal|p1a: Iron Valiant|90\/100|[from] Grassy Terrain\n|-fieldend|move: Grassy Terrain\n|upkeep\n|\n|t:|1700374957\n|switch|p2a: Iron Valiant|Iron Valiant|100\/100\n|-damage|p2a: Iron Valiant|94\/100|[from] Stealth Rock\n|-enditem|p2a: Iron Valiant|Booster Energy\n|-activate|p2a: Iron Valiant|ability: Quark Drive|[fromitem]\n|-start|p2a: Iron Valiant|quarkdrivespe\n|turn|23\n|\n|t:|1700374963\n|-end|p1a: Iron Valiant|Quark Drive|[silent]\n|switch|p1a: Kingambit|Kingambit, F|68\/100\n|-activate|p1a: Kingambit|ability: Supreme Overlord\n|-start|p1a: Kingambit|fallen4|[silent]\n|move|p2a: Iron Valiant|Moonblast|p1a: Kingambit\n|-damage|p1a: Kingambit|19\/100\n|\n|upkeep\n|turn|24\n|\n|t:|1700374965\n|move|p2a: Iron Valiant|Moonblast|p1a: Kingambit\n|-crit|p1a: Kingambit\n|-damage|p1a: Kingambit|0 fnt\n|faint|p1a: Kingambit\n|-end|p1a: Kingambit|fallen4|[silent]\n|\n|upkeep\n|\n|t:|1700374967\n|switch|p1a: Iron Valiant|Iron Valiant|90\/100\n|turn|25\n|\n|t:|1700374969\n|move|p2a: Iron Valiant|Moonblast|p1a: Iron Valiant\n|-supereffective|p1a: Iron Valiant\n|-damage|p1a: Iron Valiant|0 fnt\n|faint|p1a: Iron Valiant\n|-end|p1a: Iron Valiant|Quark Drive|[silent]\n|\n|win|DOOM1806\n|raw|SGA24's rating: 1501 &rarr; <strong>1487<\/strong><br \/>(-14 for losing)\n|raw|DOOM1806's rating: 1617 &rarr; <strong>1631<\/strong><br \/>(+14 for winning)\n","uploadtime":1700374974,"views":8,"p1id":"sga24","p2id":"doom1806","formatid":"gen9ou","rating":1487,"private":0,"password":""}