{"id":"gen9ou-1992342119","p1":"Satellarish","p2":"mavolis","format":"[Gen 9] OU","log":"|j|\u2606Satellarish\n|j|\u2606mavolis\n|t:|1700176628\n|gametype|singles\n|player|p1|Satellarish|pokemonranger-gen4|1210\n|player|p2|mavolis|2|1308\n|teamsize|p1|6\n|teamsize|p2|6\n|gen|9\n|tier|[Gen 9] OU\n|rated|\n|rule|Sleep Clause Mod: Limit one foe put to sleep\n|rule|Species Clause: Limit one of each Pok\u00e9mon\n|rule|OHKO Clause: OHKO moves are banned\n|rule|Evasion Items Clause: Evasion items are banned\n|rule|Evasion Moves Clause: Evasion moves are banned\n|rule|Endless Battle Clause: Forcing endless battles is banned\n|rule|HP Percentage Mod: HP is shown in percentages\n|clearpoke\n|poke|p1|Skeledirge, M|\n|poke|p1|Rotom-Mow|\n|poke|p1|Glimmora, F|\n|poke|p1|Great Tusk|\n|poke|p1|Zarude-Dada|\n|poke|p1|Clodsire, F|\n|poke|p2|Great Tusk|\n|poke|p2|Iron Moth|\n|poke|p2|Rotom-Wash|\n|poke|p2|Krookodile, F|\n|poke|p2|Gholdengo|\n|poke|p2|Kommo-o, M|\n|teampreview\n|\n|t:|1700176648\n|start\n|switch|p1a: Rotom|Rotom-Mow|100\/100\n|switch|p2a: Gholdengo|Gholdengo|100\/100\n|turn|1\n|\n|t:|1700176662\n|move|p1a: Rotom|Trick|p2a: Gholdengo\n|-immune|p2a: Gholdengo|[from] ability: Good as Gold\n|move|p2a: Gholdengo|Shadow Ball|p1a: Rotom\n|-damage|p1a: Rotom|48\/100\n|-unboost|p1a: Rotom|spd|1\n|\n|upkeep\n|turn|2\n|\n|t:|1700176673\n|switch|p1a: Zarude|Zarude-Dada|100\/100\n|move|p2a: Gholdengo|Shadow Ball|p1a: Zarude\n|-resisted|p1a: Zarude\n|-damage|p1a: Zarude|83\/100\n|-unboost|p1a: Zarude|spd|1\n|\n|-heal|p1a: Zarude|89\/100|[from] item: Leftovers\n|upkeep\n|turn|3\n|\n|t:|1700176690\n|switch|p2a: Great Tusk|Great Tusk|100\/100\n|-enditem|p2a: Great Tusk|Booster Energy\n|-activate|p2a: Great Tusk|ability: Protosynthesis|[fromitem]\n|-start|p2a: Great Tusk|protosynthesisatk\n|move|p1a: Zarude|Crunch|p2a: Great Tusk\n|-resisted|p2a: Great Tusk\n|-damage|p2a: Great Tusk|87\/100\n|\n|-heal|p1a: Zarude|95\/100|[from] item: Leftovers\n|upkeep\n|turn|4\n|\n|t:|1700176702\n|switch|p1a: Skeledirge|Skeledirge, M|100\/100\n|move|p2a: Great Tusk|Stealth Rock|p1a: Skeledirge\n|-sidestart|p1: Satellarish|move: Stealth Rock\n|\n|upkeep\n|turn|5\n|\n|t:|1700176711\n|switch|p1a: Rotom|Rotom-Mow|48\/100\n|-damage|p1a: Rotom|36\/100|[from] Stealth Rock\n|move|p2a: Great Tusk|Headlong Rush|p1a: Rotom\n|-immune|p1a: Rotom|[from] ability: Levitate\n|\n|upkeep\n|turn|6\n|\n|t:|1700176727\n|-end|p2a: Great Tusk|Protosynthesis|[silent]\n|switch|p2a: Iron Moth|Iron Moth|100\/100\n|-enditem|p2a: Iron Moth|Booster Energy\n|-activate|p2a: Iron Moth|ability: Quark Drive|[fromitem]\n|-start|p2a: Iron Moth|quarkdrivespe\n|move|p1a: Rotom|Leaf Storm|p2a: Iron Moth\n|-resisted|p2a: Iron Moth\n|-damage|p2a: Iron Moth|90\/100\n|-unboost|p1a: Rotom|spa|2\n|\n|upkeep\n|turn|7\n|\n|t:|1700176746\n|switch|p1a: Glimmora|Glimmora, F|100\/100\n|-damage|p1a: Glimmora|88\/100|[from] Stealth Rock\n|move|p2a: Iron Moth|Sludge Wave|p1a: Glimmora\n|-resisted|p1a: Glimmora\n|-damage|p1a: Glimmora|73\/100\n|\n|upkeep\n|turn|8\n|\n|t:|1700176768\n|-end|p2a: Iron Moth|Quark Drive|[silent]\n|switch|p2a: Gholdengo|Gholdengo|100\/100\n|move|p1a: Glimmora|Power Gem|p2a: Gholdengo\n|-resisted|p2a: Gholdengo\n|-damage|p2a: Gholdengo|77\/100\n|\n|upkeep\n|turn|9\n|\n|t:|1700176782\n|switch|p1a: Skeledirge|Skeledirge, M|100\/100\n|-damage|p1a: Skeledirge|76\/100|[from] Stealth Rock\n|move|p2a: Gholdengo|Make It Rain|p1a: Skeledirge\n|-resisted|p1a: Skeledirge\n|-damage|p1a: Skeledirge|54\/100\n|-unboost|p2a: Gholdengo|spa|1\n|\n|-heal|p1a: Skeledirge|60\/100|[from] item: Leftovers\n|upkeep\n|turn|10\n|\n|t:|1700176795\n|switch|p2a: Rotom|Rotom-Wash|100\/100\n|move|p1a: Skeledirge|Slack Off|p1a: Skeledirge\n|-heal|p1a: Skeledirge|100\/100\n|\n|upkeep\n|turn|11\n|\n|t:|1700176810\n|switch|p1a: Rotom|Rotom-Mow|36\/100\n|-damage|p1a: Rotom|23\/100|[from] Stealth Rock\n|move|p2a: Rotom|Shadow Ball|p1a: Rotom\n|-damage|p1a: Rotom|0 fnt\n|faint|p1a: Rotom\n|\n|upkeep\n|\n|t:|1700176824\n|switch|p1a: Zarude|Zarude-Dada|95\/100\n|-damage|p1a: Zarude|83\/100|[from] Stealth Rock\n|turn|12\n|\n|t:|1700176837\n|switch|p1a: Great Tusk|Great Tusk|100\/100\n|-damage|p1a: Great Tusk|98\/100|[from] Stealth Rock\n|switch|p2a: Iron Moth|Iron Moth|90\/100\n|\n|upkeep\n|turn|13\n|\n|t:|1700176849\n|-end|p2a: Iron Moth|Quark Drive|[silent]\n|switch|p2a: Great Tusk|Great Tusk|87\/100\n|move|p1a: Great Tusk|Rapid Spin|p2a: Great Tusk\n|-damage|p2a: Great Tusk|73\/100\n|-boost|p1a: Great Tusk|spe|1\n|-sideend|p1: Satellarish|Stealth Rock|[from] move: Rapid Spin|[of] p1a: Great Tusk\n|\n|upkeep\n|turn|14\n|\n|t:|1700176857\n|move|p1a: Great Tusk|Ice Spinner|p2a: Great Tusk\n|-supereffective|p2a: Great Tusk\n|-damage|p2a: Great Tusk|24\/100\n|move|p2a: Great Tusk|Ice Spinner|p1a: Great Tusk\n|-supereffective|p1a: Great Tusk\n|-damage|p1a: Great Tusk|57\/100\n|\n|upkeep\n|turn|15\n|\n|t:|1700176869\n|-end|p2a: Great Tusk|Protosynthesis|[silent]\n|switch|p2a: Rotom|Rotom-Wash|100\/100\n|move|p1a: Great Tusk|Ice Spinner|p2a: Rotom\n|-resisted|p2a: Rotom\n|-damage|p2a: Rotom|85\/100\n|\n|-heal|p2a: Rotom|92\/100|[from] item: Leftovers\n|upkeep\n|turn|16\n|\n|t:|1700176880\n|-end|p1a: Great Tusk|Protosynthesis|[silent]\n|switch|p1a: Zarude|Zarude-Dada|83\/100\n|move|p2a: Rotom|Hydro Pump|p1a: Zarude\n|-resisted|p1a: Zarude\n|-damage|p1a: Zarude|61\/100\n|\n|-heal|p1a: Zarude|67\/100|[from] item: Leftovers\n|-heal|p2a: Rotom|98\/100|[from] item: Leftovers\n|upkeep\n|turn|17\n|\n|t:|1700176891\n|switch|p2a: Iron Moth|Iron Moth|90\/100\n|move|p1a: Zarude|Jungle Healing|p1a: Zarude\n|-heal|p1a: Zarude|92\/100\n|\n|-heal|p1a: Zarude|98\/100|[from] item: Leftovers\n|upkeep\n|turn|18\n|\n|t:|1700176905\n|switch|p1a: Glimmora|Glimmora, F|73\/100\n|move|p2a: Iron Moth|Fiery Dance|p1a: Glimmora\n|-resisted|p1a: Glimmora\n|-damage|p1a: Glimmora|45\/100\n|\n|upkeep\n|turn|19\n|\n|t:|1700176917\n|move|p1a: Glimmora|Power Gem|p2a: Iron Moth\n|-supereffective|p2a: Iron Moth\n|-damage|p2a: Iron Moth|9\/100\n|move|p2a: Iron Moth|Fiery Dance|p1a: Glimmora\n|-resisted|p1a: Glimmora\n|-damage|p1a: Glimmora|19\/100\n|-boost|p2a: Iron Moth|spa|1\n|\n|upkeep\n|turn|20\n|\n|t:|1700176936\n|-end|p2a: Iron Moth|Quark Drive|[silent]\n|switch|p2a: Gholdengo|Gholdengo|77\/100\n|move|p1a: Glimmora|Power Gem|p2a: Gholdengo\n|-resisted|p2a: Gholdengo\n|-damage|p2a: Gholdengo|51\/100\n|\n|upkeep\n|turn|21\n|\n|t:|1700176946\n|switch|p1a: Skeledirge|Skeledirge, M|100\/100\n|move|p2a: Gholdengo|Shadow Ball|p1a: Skeledirge\n|-supereffective|p1a: Skeledirge\n|-damage|p1a: Skeledirge|37\/100\n|\n|-heal|p1a: Skeledirge|44\/100|[from] item: Leftovers\n|upkeep\n|turn|22\n|\n|t:|1700176962\n|-terastallize|p1a: Skeledirge|Water\n|move|p2a: Gholdengo|Shadow Ball|p1a: Skeledirge\n|-damage|p1a: Skeledirge|14\/100\n|move|p1a: Skeledirge|Slack Off|p1a: Skeledirge\n|-heal|p1a: Skeledirge|64\/100\n|\n|-heal|p1a: Skeledirge|70\/100|[from] item: Leftovers\n|upkeep\n|turn|23\n|\n|t:|1700176973\n|switch|p2a: Rotom|Rotom-Wash|98\/100\n|move|p1a: Skeledirge|Torch Song|p2a: Rotom\n|-resisted|p2a: Rotom\n|-damage|p2a: Rotom|81\/100\n|-boost|p1a: Skeledirge|spa|1\n|\n|-heal|p2a: Rotom|87\/100|[from] item: Leftovers\n|-heal|p1a: Skeledirge|76\/100|[from] item: Leftovers\n|upkeep\n|turn|24\n|\n|t:|1700176989\n|switch|p1a: Zarude|Zarude-Dada|98\/100\n|move|p2a: Rotom|Volt Switch|p1a: Zarude\n|-resisted|p1a: Zarude\n|-damage|p1a: Zarude|85\/100\n|\n|t:|1700177010\n|switch|p2a: Kommo-o|Kommo-o, M|100\/100|[from] Volt Switch\n|\n|-heal|p1a: Zarude|91\/100|[from] item: Leftovers\n|upkeep\n|turn|25\n|\n|t:|1700177024\n|switch|p1a: Glimmora|Glimmora, F|19\/100\n|move|p2a: Kommo-o|Clangorous Soul|p2a: Kommo-o\n|-boost|p2a: Kommo-o|atk|1\n|-boost|p2a: Kommo-o|def|1\n|-boost|p2a: Kommo-o|spa|1\n|-boost|p2a: Kommo-o|spd|1\n|-boost|p2a: Kommo-o|spe|1\n|-damage|p2a: Kommo-o|68\/100\n|\n|upkeep\n|turn|26\n|\n|t:|1700177034\n|move|p1a: Glimmora|Dazzling Gleam|p2a: Kommo-o\n|-supereffective|p2a: Kommo-o\n|-damage|p2a: Kommo-o|0 fnt\n|faint|p2a: Kommo-o\n|\n|upkeep\n|\n|t:|1700177043\n|switch|p2a: Gholdengo|Gholdengo|51\/100\n|turn|27\n|\n|t:|1700177054\n|switch|p1a: Skeledirge|Skeledirge, M, tera:Water|76\/100\n|move|p2a: Gholdengo|Make It Rain|p1a: Skeledirge\n|-resisted|p1a: Skeledirge\n|-damage|p1a: Skeledirge|53\/100\n|-unboost|p2a: Gholdengo|spa|1\n|\n|-heal|p1a: Skeledirge|60\/100|[from] item: Leftovers\n|upkeep\n|turn|28\n|\n|t:|1700177067\n|switch|p2a: Rotom|Rotom-Wash|87\/100\n|move|p1a: Skeledirge|Slack Off|p1a: Skeledirge\n|-heal|p1a: Skeledirge|100\/100\n|\n|-heal|p2a: Rotom|94\/100|[from] item: Leftovers\n|upkeep\n|turn|29\n|\n|t:|1700177079\n|switch|p1a: Clodsire|Clodsire, F|100\/100\n|move|p2a: Rotom|Thunder Wave|p1a: Clodsire\n|-immune|p1a: Clodsire\n|\n|-heal|p2a: Rotom|99\/100|[from] item: Leftovers\n|upkeep\n|turn|30\n|\n|t:|1700177090\n|move|p2a: Rotom|Shadow Ball|p1a: Clodsire\n|-damage|p1a: Clodsire|82\/100\n|move|p1a: Clodsire|Stealth Rock|p2a: Rotom\n|-sidestart|p2: mavolis|move: Stealth Rock\n|\n|-heal|p2a: Rotom|100\/100|[from] item: Leftovers\n|-heal|p1a: Clodsire|88\/100|[from] item: Leftovers\n|upkeep\n|turn|31\n|\n|t:|1700177105\n|switch|p1a: Zarude|Zarude-Dada|91\/100\n|move|p2a: Rotom|Shadow Ball|p1a: Zarude\n|-resisted|p1a: Zarude\n|-damage|p1a: Zarude|81\/100\n|\n|-heal|p1a: Zarude|87\/100|[from] item: Leftovers\n|upkeep\n|turn|32\n|\n|t:|1700177121\n|move|p1a: Zarude|Power Whip|p2a: Rotom\n|-supereffective|p2a: Rotom\n|-damage|p2a: Rotom|0 fnt\n|faint|p2a: Rotom\n|\n|-heal|p1a: Zarude|93\/100|[from] item: Leftovers\n|upkeep\n|\n|t:|1700177130\n|switch|p2a: Krookodile|Krookodile, F|100\/100\n|-damage|p2a: Krookodile|94\/100|[from] Stealth Rock\n|turn|33\n|\n|t:|1700177140\n|move|p2a: Krookodile|Close Combat|p1a: Zarude\n|-supereffective|p1a: Zarude\n|-damage|p1a: Zarude|26\/100\n|-unboost|p2a: Krookodile|def|1\n|-unboost|p2a: Krookodile|spd|1\n|move|p1a: Zarude|Power Whip|p2a: Krookodile\n|-supereffective|p2a: Krookodile\n|-damage|p2a: Krookodile|0 fnt\n|faint|p2a: Krookodile\n|\n|-heal|p1a: Zarude|32\/100|[from] item: Leftovers\n|upkeep\n|\n|t:|1700177153\n|switch|p2a: Iron Moth|Iron Moth|9\/100\n|-damage|p2a: Iron Moth|0 fnt|[from] Stealth Rock\n|faint|p2a: Iron Moth\n|-end|p2a: Iron Moth|Quark Drive|[silent]\n|\n|t:|1700177155\n|switch|p2a: Gholdengo|Gholdengo|51\/100\n|-damage|p2a: Gholdengo|45\/100|[from] Stealth Rock\n|turn|34\n|\n|t:|1700177163\n|move|p2a: Gholdengo|Shadow Ball|p1a: Zarude\n|-resisted|p1a: Zarude\n|-damage|p1a: Zarude|16\/100\n|-unboost|p1a: Zarude|spd|1\n|move|p1a: Zarude|Jungle Healing|p1a: Zarude\n|-heal|p1a: Zarude|41\/100\n|\n|-heal|p1a: Zarude|47\/100|[from] item: Leftovers\n|upkeep\n|turn|35\n|\n|t:|1700177174\n|switch|p1a: Skeledirge|Skeledirge, M, tera:Water|100\/100\n|move|p2a: Gholdengo|Shadow Ball|p1a: Skeledirge\n|-damage|p1a: Skeledirge|70\/100\n|\n|-heal|p1a: Skeledirge|76\/100|[from] item: Leftovers\n|upkeep\n|turn|36\n|\n|t:|1700177186\n|move|p2a: Gholdengo|Shadow Ball|p1a: Skeledirge\n|-damage|p1a: Skeledirge|47\/100\n|move|p1a: Skeledirge|Hex|p2a: Gholdengo\n|-supereffective|p2a: Gholdengo\n|-damage|p2a: Gholdengo|0 fnt\n|faint|p2a: Gholdengo\n|\n|-heal|p1a: Skeledirge|53\/100|[from] item: Leftovers\n|upkeep\n|-message|mavolis forfeited.\n|\n|win|Satellarish\n|raw|Satellarish's rating: 1210 &rarr; <strong>1242<\/strong><br \/>(+32 for winning)\n|raw|mavolis's rating: 1308 &rarr; <strong>1283<\/strong><br \/>(-25 for losing)\n|l|\u2606mavolis\n","uploadtime":1700177210,"views":21,"p1id":"satellarish","p2id":"mavolis","formatid":"gen9ou","rating":1242,"private":0,"password":""}