{"id":"gen9ou-1997923302","p1":"Poison Ivy Thorns","p2":"Djpablix","format":"[Gen 9] OU","log":"|j|\u2606Poison Ivy Thorns\n|j|\u2606Djpablix\n|t:|1700867919\n|gametype|singles\n|player|p1|Poison Ivy Thorns|magmagruntf|1486\n|player|p2|Djpablix|lucas|1490\n|teamsize|p1|6\n|teamsize|p2|6\n|gen|9\n|tier|[Gen 9] OU\n|rated|\n|rule|Sleep Clause Mod: Limit one foe put to sleep\n|rule|Species Clause: Limit one of each Pok\u00e9mon\n|rule|OHKO Clause: OHKO moves are banned\n|rule|Evasion Items Clause: Evasion items are banned\n|rule|Evasion Moves Clause: Evasion moves are banned\n|rule|Endless Battle Clause: Forcing endless battles is banned\n|rule|HP Percentage Mod: HP is shown in percentages\n|clearpoke\n|poke|p1|Kingambit, M|\n|poke|p1|Ceruledge, F|\n|poke|p1|Conkeldurr, F|\n|poke|p1|Dragonite, M|\n|poke|p1|Cinderace, F|\n|poke|p1|Slowbro-Galar, M|\n|poke|p2|Great Tusk|\n|poke|p2|Polteageist|\n|poke|p2|Scizor, M|\n|poke|p2|Moltres-Galar|\n|poke|p2|Walking Wake|\n|poke|p2|Ogerpon, F|\n|teampreview\n|inactive|Battle timer is ON: inactive players will automatically lose when time's up. (requested by Poison Ivy Thorns)\n|inactive|Poison Ivy Thorns has 120 seconds left.\n|\n|t:|1700867959\n|start\n|switch|p1a: Conkeldurr|Conkeldurr, F|100\/100\n|switch|p2a: Great Tusk|Great Tusk|100\/100\n|-enditem|p2a: Great Tusk|Booster Energy\n|-activate|p2a: Great Tusk|ability: Protosynthesis|[fromitem]\n|-start|p2a: Great Tusk|protosynthesisatk\n|turn|1\n|\n|t:|1700867963\n|move|p2a: Great Tusk|Rapid Spin|p1a: Conkeldurr\n|-damage|p1a: Conkeldurr|79\/100\n|-boost|p2a: Great Tusk|spe|1\n|move|p1a: Conkeldurr|Ice Punch|p2a: Great Tusk\n|-supereffective|p2a: Great Tusk\n|-damage|p2a: Great Tusk|50\/100\n|\n|upkeep\n|turn|2\n|\n|t:|1700867970\n|switch|p1a: Slowbro|Slowbro-Galar, M|100\/100\n|move|p2a: Great Tusk|Earthquake|p1a: Slowbro\n|-supereffective|p1a: Slowbro\n|-damage|p1a: Slowbro|0 fnt\n|faint|p1a: Slowbro\n|\n|upkeep\n|\n|t:|1700867973\n|switch|p1a: Dragonite|Dragonite, M|100\/100\n|turn|3\n|\n|t:|1700867979\n|move|p2a: Great Tusk|Ice Spinner|p1a: Dragonite\n|-supereffective|p1a: Dragonite\n|-damage|p1a: Dragonite|21\/100\n|move|p1a: Dragonite|Dragon Dance|p1a: Dragonite\n|-boost|p1a: Dragonite|atk|1\n|-boost|p1a: Dragonite|spe|1\n|\n|upkeep\n|turn|4\n|\n|t:|1700867989\n|move|p1a: Dragonite|Extreme Speed|p2a: Great Tusk\n|-damage|p2a: Great Tusk|18\/100\n|move|p2a: Great Tusk|Ice Spinner|p1a: Dragonite\n|-supereffective|p1a: Dragonite\n|-damage|p1a: Dragonite|0 fnt\n|faint|p1a: Dragonite\n|\n|upkeep\n|\n|t:|1700867999\n|switch|p1a: Conkeldurr|Conkeldurr, F|79\/100\n|turn|5\n|\n|t:|1700868001\n|move|p1a: Conkeldurr|Mach Punch|p2a: Great Tusk\n|-damage|p2a: Great Tusk|0 fnt\n|faint|p2a: Great Tusk\n|-end|p2a: Great Tusk|Protosynthesis|[silent]\n|\n|upkeep\n|\n|t:|1700868008\n|switch|p2a: Moltres|Moltres-Galar|100\/100\n|turn|6\n|\n|t:|1700868013\n|switch|p1a: Kingambit|Kingambit, M|100\/100\n|-activate|p1a: Kingambit|ability: Supreme Overlord\n|-start|p1a: Kingambit|fallen2|[silent]\n|-item|p1a: Kingambit|Air Balloon\n|move|p2a: Moltres|Air Slash|p1a: Kingambit\n|-resisted|p1a: Kingambit\n|-damage|p1a: Kingambit|85\/100\n|-enditem|p1a: Kingambit|Air Balloon\n|\n|upkeep\n|turn|7\n|\n|t:|1700868018\n|move|p2a: Moltres|Nasty Plot|p2a: Moltres\n|-boost|p2a: Moltres|spa|2\n|move|p1a: Kingambit|Iron Head|p2a: Moltres\n|-damage|p2a: Moltres|40\/100\n|-ability|p2a: Moltres|Berserk|boost\n|-boost|p2a: Moltres|spa|1\n|\n|-heal|p2a: Moltres|46\/100|[from] item: Leftovers\n|upkeep\n|turn|8\n|\n|t:|1700868024\n|move|p2a: Moltres|Fiery Wrath|p1a: Kingambit\n|-resisted|p1a: Kingambit\n|-damage|p1a: Kingambit|36\/100\n|cant|p1a: Kingambit|flinch\n|\n|-heal|p2a: Moltres|52\/100|[from] item: Leftovers\n|upkeep\n|turn|9\n|c|\u2606Poison Ivy Thorns|ofc\n|\n|t:|1700868032\n|move|p1a: Kingambit|Sucker Punch|p2a: Moltres\n|-resisted|p2a: Moltres\n|-damage|p2a: Moltres|21\/100\n|-ability|p2a: Moltres|Berserk|boost\n|-boost|p2a: Moltres|spa|1\n|move|p2a: Moltres|Fiery Wrath|p1a: Kingambit\n|-resisted|p1a: Kingambit\n|-damage|p1a: Kingambit|0 fnt\n|faint|p1a: Kingambit\n|-end|p1a: Kingambit|fallen2|[silent]\n|\n|-heal|p2a: Moltres|28\/100|[from] item: Leftovers\n|upkeep\n|\n|t:|1700868040\n|switch|p1a: Cinderace|Cinderace, F|100\/100\n|turn|10\n|\n|t:|1700868044\n|move|p1a: Cinderace|Pyro Ball|p2a: Moltres\n|-damage|p2a: Moltres|0 fnt\n|faint|p2a: Moltres\n|\n|upkeep\n|\n|t:|1700868049\n|switch|p2a: Walking Wake|Walking Wake|100\/100\n|-enditem|p2a: Walking Wake|Booster Energy\n|-activate|p2a: Walking Wake|ability: Protosynthesis|[fromitem]\n|-start|p2a: Walking Wake|protosynthesisspa\n|turn|11\n|\n|t:|1700868055\n|move|p1a: Cinderace|High Jump Kick|p2a: Walking Wake\n|-start|p1a: Cinderace|typechange|Fighting|[from] ability: Libero\n|-damage|p2a: Walking Wake|34\/100\n|move|p2a: Walking Wake|Agility|p2a: Walking Wake\n|-boost|p2a: Walking Wake|spe|2\n|\n|upkeep\n|turn|12\n|\n|t:|1700868063\n|move|p1a: Cinderace|Sucker Punch|p2a: Walking Wake\n|-damage|p2a: Walking Wake|7\/100\n|move|p2a: Walking Wake|Dragon Pulse|p1a: Cinderace\n|-damage|p1a: Cinderace|7\/100\n|\n|upkeep\n|turn|13\n|\n|t:|1700868069\n|move|p1a: Cinderace|Sucker Punch|p2a: Walking Wake\n|-damage|p2a: Walking Wake|0 fnt\n|faint|p2a: Walking Wake\n|-end|p2a: Walking Wake|Protosynthesis|[silent]\n|\n|upkeep\n|\n|t:|1700868073\n|switch|p2a: Polteageist|Polteageist|100\/100\n|turn|14\n|\n|t:|1700868076\n|move|p1a: Cinderace|Pyro Ball|p2a: Polteageist\n|-damage|p2a: Polteageist|26\/100\n|-ability|p2a: Polteageist|Weak Armor|boost\n|-unboost|p2a: Polteageist|def|1\n|-boost|p2a: Polteageist|spe|2\n|move|p2a: Polteageist|Shell Smash|p2a: Polteageist\n|-unboost|p2a: Polteageist|def|1\n|-unboost|p2a: Polteageist|spd|1\n|-boost|p2a: Polteageist|atk|2\n|-boost|p2a: Polteageist|spa|2\n|-boost|p2a: Polteageist|spe|2\n|\n|upkeep\n|turn|15\n|\n|t:|1700868079\n|move|p1a: Cinderace|Sucker Punch|p2a: Polteageist\n|-supereffective|p2a: Polteageist\n|-damage|p2a: Polteageist|0 fnt\n|faint|p2a: Polteageist\n|\n|upkeep\n|\n|t:|1700868083\n|switch|p2a: Scizor|Scizor, M|100\/100\n|turn|16\n|\n|t:|1700868087\n|move|p1a: Cinderace|Pyro Ball|p2a: Scizor\n|-supereffective|p2a: Scizor\n|-damage|p2a: Scizor|0 fnt\n|faint|p2a: Scizor\n|\n|upkeep\n|\n|t:|1700868090\n|switch|p2a: Ogerpon|Ogerpon, F|100\/100\n|turn|17\n|\n|t:|1700868096\n|-terastallize|p2a: Ogerpon|Grass\n|detailschange|p2a: Ogerpon|Ogerpon-Teal-Tera, F, tera:Grass\n|-ability|p2a: Ogerpon|Embody Aspect (Teal)|boost\n|-boost|p2a: Ogerpon|spe|1\n|move|p2a: Ogerpon|Stomping Tantrum|p1a: Cinderace\n|-damage|p1a: Cinderace|0 fnt\n|faint|p1a: Cinderace\n|\n|upkeep\n|c|\u2606Poison Ivy Thorns|??\n|\n|t:|1700868104\n|switch|p1a: Conkeldurr|Conkeldurr, F|79\/100\n|turn|18\n|\n|t:|1700868111\n|-terastallize|p1a: Conkeldurr|Fire\n|move|p2a: Ogerpon|Ivy Cudgel|p1a: Conkeldurr\n|-resisted|p1a: Conkeldurr\n|-damage|p1a: Conkeldurr|50\/100\n|move|p1a: Conkeldurr|Fire Punch|p2a: Ogerpon\n|-supereffective|p2a: Ogerpon\n|-damage|p2a: Ogerpon|0 fnt\n|faint|p2a: Ogerpon\n|\n|win|Poison Ivy Thorns\n|raw|Poison Ivy Thorns's rating: 1486 &rarr; <strong>1506<\/strong><br \/>(+20 for winning)\n|raw|Djpablix's rating: 1490 &rarr; <strong>1470<\/strong><br \/>(-20 for losing)\n|l|\u2606Djpablix\n","uploadtime":1700868120,"views":3,"p1id":"poisonivythorns","p2id":"djpablix","formatid":"gen9ou","rating":1470,"private":0,"password":""}