{"id":"gen9ou-1991437280","p1":"Danhehe","p2":"PuttingtheZinOU","format":"[Gen 9] OU","log":"|j|\u2606Danhehe\n|j|\u2606PuttingtheZinOU\n|t:|1700077034\n|gametype|singles\n|player|p1|Danhehe|cynthia|1337\n|player|p2|PuttingtheZinOU|birdkeeper-gen1|1343\n|teamsize|p1|6\n|teamsize|p2|6\n|gen|9\n|tier|[Gen 9] OU\n|rated|\n|rule|Sleep Clause Mod: Limit one foe put to sleep\n|rule|Species Clause: Limit one of each Pok\u00e9mon\n|rule|OHKO Clause: OHKO moves are banned\n|rule|Evasion Items Clause: Evasion items are banned\n|rule|Evasion Moves Clause: Evasion moves are banned\n|rule|Endless Battle Clause: Forcing endless battles is banned\n|rule|HP Percentage Mod: HP is shown in percentages\n|clearpoke\n|poke|p1|Great Tusk|\n|poke|p1|Zapdos|\n|poke|p1|Greninja-*, M|\n|poke|p1|Toxapex, F|\n|poke|p1|Hatterene, F|\n|poke|p1|Rillaboom, M|\n|poke|p2|Iron Jugulis|\n|poke|p2|Ogerpon-Wellspring, F|\n|poke|p2|Tinkaton, F|\n|poke|p2|Iron Moth|\n|poke|p2|Great Tusk|\n|poke|p2|Dragapult, M|\n|teampreview\n|inactive|Battle timer is ON: inactive players will automatically lose when time's up. (requested by PuttingtheZinOU)\n|\n|t:|1700077050\n|start\n|switch|p1a: Toxapex|Toxapex, F|100\/100\n|switch|p2a: Dragapult|Dragapult, M|100\/100\n|turn|1\n|\n|t:|1700077056\n|move|p2a: Dragapult|U-turn|p1a: Toxapex\n|-resisted|p1a: Toxapex\n|-damage|p1a: Toxapex|94\/100\n|\n|t:|1700077060\n|switch|p2a: Great Tusk|Great Tusk|100\/100|[from] U-turn\n|-enditem|p2a: Great Tusk|Booster Energy\n|-activate|p2a: Great Tusk|ability: Protosynthesis|[fromitem]\n|-start|p2a: Great Tusk|protosynthesisspe\n|move|p1a: Toxapex|Toxic|p2a: Great Tusk\n|-status|p2a: Great Tusk|tox\n|\n|-heal|p1a: Toxapex|99\/100|[from] item: Leftovers\n|-damage|p2a: Great Tusk|94\/100 tox|[from] psn\n|upkeep\n|turn|2\n|\n|t:|1700077072\n|move|p2a: Great Tusk|Ice Spinner|p1a: Toxapex\n|-resisted|p1a: Toxapex\n|-damage|p1a: Toxapex|92\/100\n|move|p1a: Toxapex|Chilling Water|p2a: Great Tusk\n|-supereffective|p2a: Great Tusk\n|-damage|p2a: Great Tusk|67\/100 tox\n|-unboost|p2a: Great Tusk|atk|1\n|\n|-heal|p1a: Toxapex|98\/100|[from] item: Leftovers\n|-damage|p2a: Great Tusk|54\/100 tox|[from] psn\n|upkeep\n|turn|3\n|\n|t:|1700077086\n|-end|p2a: Great Tusk|Protosynthesis|[silent]\n|switch|p2a: Ogerpon|Ogerpon-Wellspring, F|100\/100\n|move|p1a: Toxapex|Chilling Water|p2a: Ogerpon\n|-immune|p2a: Ogerpon|[from] ability: Water Absorb\n|\n|-heal|p1a: Toxapex|100\/100|[from] item: Leftovers\n|upkeep\n|turn|4\n|\n|t:|1700077094\n|switch|p2a: TWINKATON|Tinkaton, F|100\/100\n|-item|p2a: TWINKATON|Air Balloon\n|move|p1a: Toxapex|Toxic|p2a: TWINKATON\n|-immune|p2a: TWINKATON\n|\n|upkeep\n|turn|5\n|\n|t:|1700077101\n|move|p2a: TWINKATON|Encore|p1a: Toxapex\n|-start|p1a: Toxapex|Encore\n|move|p1a: Toxapex|Toxic|p2a: TWINKATON\n|-immune|p2a: TWINKATON\n|\n|upkeep\n|turn|6\n|\n|t:|1700077112\n|switch|p2a: Iron Moth|Iron Moth|100\/100\n|-enditem|p2a: Iron Moth|Booster Energy\n|-activate|p2a: Iron Moth|ability: Quark Drive|[fromitem]\n|-start|p2a: Iron Moth|quarkdrivespe\n|switch|p1a: Zapdos|Zapdos|100\/100\n|\n|upkeep\n|turn|7\n|\n|t:|1700077122\n|move|p2a: Iron Moth|Fiery Dance|p1a: Zapdos\n|-damage|p1a: Zapdos|64\/100\n|-boost|p2a: Iron Moth|spa|1\n|move|p1a: Zapdos|Discharge|p2a: Iron Moth\n|-damage|p2a: Iron Moth|51\/100\n|\n|-heal|p1a: Zapdos|70\/100|[from] item: Leftovers\n|upkeep\n|turn|8\n|\n|t:|1700077139\n|move|p2a: Iron Moth|Sludge Wave|p1a: Zapdos\n|-crit|p1a: Zapdos\n|-damage|p1a: Zapdos|0 fnt\n|faint|p1a: Zapdos\n|\n|upkeep\n|\n|t:|1700077151\n|switch|p1a: Great Tusk|Great Tusk|100\/100\n|turn|9\n|\n|t:|1700077156\n|move|p2a: Iron Moth|Fiery Dance|p1a: Great Tusk\n|-damage|p1a: Great Tusk|65\/100\n|move|p1a: Great Tusk|Earthquake|p2a: Iron Moth\n|-supereffective|p2a: Iron Moth\n|-damage|p2a: Iron Moth|0 fnt\n|faint|p2a: Iron Moth\n|-end|p2a: Iron Moth|Quark Drive|[silent]\n|\n|upkeep\n|\n|t:|1700077165\n|switch|p2a: Ogerpon|Ogerpon-Wellspring, F|100\/100\n|turn|10\n|\n|t:|1700077170\n|move|p2a: Ogerpon|Spikes|p1a: Great Tusk\n|-sidestart|p1: Danhehe|Spikes\n|move|p1a: Great Tusk|Close Combat|p2a: Ogerpon\n|-damage|p2a: Ogerpon|38\/100\n|-unboost|p1a: Great Tusk|def|1\n|-unboost|p1a: Great Tusk|spd|1\n|\n|upkeep\n|turn|11\n|\n|t:|1700077179\n|move|p2a: Ogerpon|Ivy Cudgel|p1a: Great Tusk|[anim] Ivy Cudgel Water\n|-supereffective|p1a: Great Tusk\n|-damage|p1a: Great Tusk|0 fnt\n|faint|p1a: Great Tusk\n|-end|p1a: Great Tusk|Protosynthesis|[silent]\n|\n|upkeep\n|\n|t:|1700077187\n|switch|p1a: Greninja|Greninja, M|100\/100\n|-damage|p1a: Greninja|88\/100|[from] Spikes\n|turn|12\n|\n|t:|1700077195\n|-terastallize|p2a: Ogerpon|Water\n|detailschange|p2a: Ogerpon|Ogerpon-Wellspring-Tera, F, tera:Water\n|-ability|p2a: Ogerpon|Embody Aspect (Wellspring)|boost\n|-boost|p2a: Ogerpon|spd|1\n|move|p1a: Greninja|Dark Pulse|p2a: Ogerpon\n|-damage|p2a: Ogerpon|10\/100\n|move|p2a: Ogerpon|Horn Leech|p1a: Greninja\n|-supereffective|p1a: Greninja\n|-damage|p1a: Greninja|0 fnt\n|-heal|p2a: Ogerpon|52\/100|[from] drain|[of] p1a: Greninja\n|faint|p1a: Greninja\n|\n|upkeep\n|\n|t:|1700077208\n|switch|p1a: Rillaboom|Rillaboom, M|100\/100\n|-damage|p1a: Rillaboom|88\/100|[from] Spikes\n|-fieldstart|move: Grassy Terrain|[from] ability: Grassy Surge|[of] p1a: Rillaboom\n|turn|13\n|\n|t:|1700077221\n|switch|p2a: TWINKATON|Tinkaton, F|100\/100\n|-item|p2a: TWINKATON|Air Balloon\n|move|p1a: Rillaboom|Grassy Glide|p2a: TWINKATON\n|-resisted|p2a: TWINKATON\n|-damage|p2a: TWINKATON|71\/100\n|-enditem|p2a: TWINKATON|Air Balloon\n|-enditem|p1a: Rillaboom|Choice Band|[silent]|[from] ability: Pickpocket|[of] p1a: Rillaboom\n|-item|p2a: TWINKATON|Choice Band|[from] ability: Pickpocket|[of] p1a: Rillaboom\n|\n|-heal|p2a: TWINKATON|77\/100|[from] Grassy Terrain\n|-heal|p1a: Rillaboom|94\/100|[from] Grassy Terrain\n|upkeep\n|turn|14\n|\n|t:|1700077238\n|move|p2a: TWINKATON|Thunder Wave|p1a: Rillaboom\n|-status|p1a: Rillaboom|par\n|move|p1a: Rillaboom|Wood Hammer|p2a: TWINKATON\n|-resisted|p2a: TWINKATON\n|-damage|p2a: TWINKATON|29\/100\n|-damage|p1a: Rillaboom|77\/100 par|[from] Recoil\n|\n|-heal|p2a: TWINKATON|35\/100|[from] Grassy Terrain\n|-heal|p1a: Rillaboom|83\/100 par|[from] Grassy Terrain\n|upkeep\n|turn|15\n|inactive|PuttingtheZinOU has 120 seconds left.\n|\n|t:|1700077276\n|switch|p2a: Iron Jugulis|Iron Jugulis|100\/100\n|-enditem|p2a: Iron Jugulis|Booster Energy\n|-activate|p2a: Iron Jugulis|ability: Quark Drive|[fromitem]\n|-start|p2a: Iron Jugulis|quarkdrivespe\n|move|p1a: Rillaboom|Wood Hammer|p2a: Iron Jugulis\n|-resisted|p2a: Iron Jugulis\n|-damage|p2a: Iron Jugulis|51\/100\n|-damage|p1a: Rillaboom|68\/100 par|[from] Recoil\n|\n|-heal|p1a: Rillaboom|74\/100 par|[from] Grassy Terrain\n|upkeep\n|turn|16\n|\n|t:|1700077289\n|switch|p1a: Toxapex|Toxapex, F|100\/100\n|-damage|p1a: Toxapex|88\/100|[from] Spikes\n|move|p2a: Iron Jugulis|Hurricane|p1a: Toxapex\n|-damage|p1a: Toxapex|55\/100\n|\n|-heal|p1a: Toxapex|62\/100|[from] Grassy Terrain\n|-heal|p1a: Toxapex|68\/100|[from] item: Leftovers\n|upkeep\n|turn|17\n|\n|t:|1700077299\n|move|p2a: Iron Jugulis|Taunt|p1a: Toxapex\n|-start|p1a: Toxapex|move: Taunt\n|cant|p1a: Toxapex|move: Taunt|Toxic\n|\n|-heal|p1a: Toxapex|74\/100|[from] Grassy Terrain\n|-heal|p1a: Toxapex|80\/100|[from] item: Leftovers\n|-fieldend|move: Grassy Terrain\n|upkeep\n|turn|18\n|\n|t:|1700077307\n|move|p2a: Iron Jugulis|Earth Power|p1a: Toxapex\n|-supereffective|p1a: Toxapex\n|-damage|p1a: Toxapex|42\/100\n|move|p1a: Toxapex|Chilling Water|p2a: Iron Jugulis\n|-damage|p2a: Iron Jugulis|36\/100\n|-unboost|p2a: Iron Jugulis|atk|1\n|\n|-heal|p1a: Toxapex|48\/100|[from] item: Leftovers\n|upkeep\n|turn|19\n|\n|t:|1700077322\n|-end|p2a: Iron Jugulis|Quark Drive|[silent]\n|switch|p2a: Ogerpon|Ogerpon-Wellspring-Tera, F, tera:Water|52\/100\n|-ability|p2a: Ogerpon|Embody Aspect (Wellspring)|boost\n|-boost|p2a: Ogerpon|spd|1\n|move|p1a: Toxapex|Chilling Water|p2a: Ogerpon\n|-resisted|p2a: Ogerpon\n|-damage|p2a: Ogerpon|48\/100\n|-unboost|p2a: Ogerpon|atk|1\n|\n|-heal|p1a: Toxapex|54\/100|[from] item: Leftovers\n|-end|p1a: Toxapex|move: Taunt\n|upkeep\n|turn|20\n|\n|t:|1700077334\n|move|p2a: Ogerpon|U-turn|p1a: Toxapex\n|-resisted|p1a: Toxapex\n|-damage|p1a: Toxapex|47\/100\n|\n|t:|1700077336\n|switch|p2a: Iron Jugulis|Iron Jugulis|36\/100|[from] U-turn\n|move|p1a: Toxapex|Toxic|p2a: Iron Jugulis\n|-status|p2a: Iron Jugulis|tox\n|\n|-heal|p1a: Toxapex|53\/100|[from] item: Leftovers\n|-damage|p2a: Iron Jugulis|30\/100 tox|[from] psn\n|upkeep\n|turn|21\n|c|\u2606PuttingtheZinOU|oops\n|\n|t:|1700077346\n|move|p1a: Toxapex|Baneful Bunker|p1a: Toxapex\n|-singleturn|p1a: Toxapex|move: Protect\n|move|p2a: Iron Jugulis|Knock Off|p1a: Toxapex\n|-activate|p1a: Toxapex|move: Protect\n|\n|-heal|p1a: Toxapex|59\/100|[from] item: Leftovers\n|-damage|p2a: Iron Jugulis|18\/100 tox|[from] psn\n|upkeep\n|turn|22\n|\n|t:|1700077356\n|move|p2a: Iron Jugulis|Hurricane|p1a: Toxapex\n|-damage|p1a: Toxapex|27\/100\n|move|p1a: Toxapex|Recover|p1a: Toxapex\n|-heal|p1a: Toxapex|77\/100\n|\n|-heal|p1a: Toxapex|83\/100|[from] item: Leftovers\n|-damage|p2a: Iron Jugulis|0 fnt|[from] psn\n|faint|p2a: Iron Jugulis\n|-end|p2a: Iron Jugulis|Quark Drive|[silent]\n|upkeep\n|\n|t:|1700077363\n|switch|p2a: Great Tusk|Great Tusk|54\/100 tox\n|turn|23\n|\n|t:|1700077370\n|move|p1a: Toxapex|Baneful Bunker|p1a: Toxapex\n|-singleturn|p1a: Toxapex|move: Protect\n|move|p2a: Great Tusk|Headlong Rush|p1a: Toxapex\n|-activate|p1a: Toxapex|move: Protect\n|\n|-heal|p1a: Toxapex|90\/100|[from] item: Leftovers\n|-damage|p2a: Great Tusk|48\/100 tox|[from] psn\n|upkeep\n|turn|24\n|\n|t:|1700077380\n|switch|p1a: Hatterene|Hatterene, F|100\/100\n|-damage|p1a: Hatterene|88\/100|[from] Spikes\n|move|p2a: Great Tusk|Bulk Up|p2a: Great Tusk\n|-boost|p2a: Great Tusk|atk|1\n|-boost|p2a: Great Tusk|def|1\n|\n|-heal|p1a: Hatterene|94\/100|[from] item: Leftovers\n|-damage|p2a: Great Tusk|36\/100 tox|[from] psn\n|upkeep\n|turn|25\n|\n|t:|1700077397\n|move|p2a: Great Tusk|Headlong Rush|p1a: Hatterene\n|-damage|p1a: Hatterene|34\/100\n|-unboost|p2a: Great Tusk|def|1\n|-unboost|p2a: Great Tusk|spd|1\n|move|p1a: Hatterene|Draining Kiss|p2a: Great Tusk\n|-supereffective|p2a: Great Tusk\n|-damage|p2a: Great Tusk|0 fnt\n|-heal|p1a: Hatterene|69\/100|[from] drain|[of] p2a: Great Tusk\n|faint|p2a: Great Tusk\n|-end|p2a: Great Tusk|Protosynthesis|[silent]\n|\n|-heal|p1a: Hatterene|75\/100|[from] item: Leftovers\n|upkeep\n|\n|t:|1700077401\n|switch|p2a: Dragapult|Dragapult, M|100\/100\n|turn|26\n|\n|t:|1700077413\n|move|p2a: Dragapult|Shadow Ball|p1a: Hatterene\n|-supereffective|p1a: Hatterene\n|-damage|p1a: Hatterene|0 fnt\n|faint|p1a: Hatterene\n|\n|upkeep\n|\n|t:|1700077419\n|switch|p1a: Toxapex|Toxapex, F|100\/100\n|-damage|p1a: Toxapex|88\/100|[from] Spikes\n|turn|27\n|\n|t:|1700077424\n|switch|p2a: TWINKATON|Tinkaton, F|35\/100\n|move|p1a: Toxapex|Toxic|p2a: TWINKATON\n|-immune|p2a: TWINKATON\n|\n|-heal|p1a: Toxapex|94\/100|[from] item: Leftovers\n|upkeep\n|turn|28\n|\n|t:|1700077432\n|move|p2a: TWINKATON|Encore|p1a: Toxapex\n|-start|p1a: Toxapex|Encore\n|move|p1a: Toxapex|Toxic|p2a: TWINKATON\n|-immune|p2a: TWINKATON\n|\n|-heal|p1a: Toxapex|100\/100|[from] item: Leftovers\n|upkeep\n|turn|29\n|\n|t:|1700077440\n|switch|p1a: Rillaboom|Rillaboom, M|74\/100 par\n|-damage|p1a: Rillaboom|61\/100 par|[from] Spikes\n|-fieldstart|move: Grassy Terrain|[from] ability: Grassy Surge|[of] p1a: Rillaboom\n|move|p2a: TWINKATON|Encore||[still]\n|-fail|p2a: TWINKATON\n|\n|-heal|p2a: TWINKATON|42\/100|[from] Grassy Terrain\n|-heal|p1a: Rillaboom|68\/100 par|[from] Grassy Terrain\n|upkeep\n|turn|30\n|\n|t:|1700077452\n|switch|p2a: Dragapult|Dragapult, M|100\/100\n|move|p1a: Rillaboom|Wood Hammer|p2a: Dragapult\n|-resisted|p2a: Dragapult\n|-damage|p2a: Dragapult|43\/100\n|-damage|p1a: Rillaboom|50\/100 par|[from] Recoil\n|\n|-heal|p2a: Dragapult|49\/100|[from] Grassy Terrain\n|-heal|p1a: Rillaboom|56\/100 par|[from] Grassy Terrain\n|upkeep\n|turn|31\n|\n|t:|1700077481\n|move|p1a: Rillaboom|Grassy Glide|p2a: Dragapult\n|-resisted|p2a: Dragapult\n|-damage|p2a: Dragapult|25\/100\n|move|p2a: Dragapult|Draco Meteor|p1a: Rillaboom\n|-damage|p1a: Rillaboom|0 fnt\n|-unboost|p2a: Dragapult|spa|2\n|faint|p1a: Rillaboom\n|\n|-heal|p2a: Dragapult|31\/100|[from] Grassy Terrain\n|upkeep\n|\n|t:|1700077503\n|switch|p1a: Toxapex|Toxapex, F|100\/100\n|-damage|p1a: Toxapex|88\/100|[from] Spikes\n|turn|32\n|\n|t:|1700077510\n|switch|p2a: TWINKATON|Tinkaton, F|42\/100\n|move|p1a: Toxapex|Toxic|p2a: TWINKATON\n|-immune|p2a: TWINKATON\n|\n|-heal|p2a: TWINKATON|48\/100|[from] Grassy Terrain\n|-heal|p1a: Toxapex|94\/100|[from] Grassy Terrain\n|-heal|p1a: Toxapex|100\/100|[from] item: Leftovers\n|upkeep\n|turn|33\n|\n|t:|1700077523\n|move|p1a: Toxapex|Baneful Bunker|p1a: Toxapex\n|-singleturn|p1a: Toxapex|move: Protect\n|move|p2a: TWINKATON|Thunder Wave|p1a: Toxapex\n|-activate|p1a: Toxapex|move: Protect\n|\n|-heal|p2a: TWINKATON|54\/100|[from] Grassy Terrain\n|-fieldend|move: Grassy Terrain\n|upkeep\n|turn|34\n|\n|t:|1700077531\n|move|p2a: TWINKATON|Thunder Wave|p1a: Toxapex\n|-status|p1a: Toxapex|par\n|cant|p1a: Toxapex|par\n|\n|upkeep\n|turn|35\n|\n|t:|1700077537\n|switch|p2a: Ogerpon|Ogerpon-Wellspring-Tera, F, tera:Water|48\/100\n|-ability|p2a: Ogerpon|Embody Aspect (Wellspring)|boost\n|-boost|p2a: Ogerpon|spd|1\n|cant|p1a: Toxapex|par\n|\n|upkeep\n|turn|36\n|\n|t:|1700077544\n|move|p2a: Ogerpon|Horn Leech|p1a: Toxapex\n|-damage|p1a: Toxapex|66\/100 par\n|-heal|p2a: Ogerpon|66\/100|[from] drain|[of] p1a: Toxapex\n|move|p1a: Toxapex|Toxic|p2a: Ogerpon\n|-status|p2a: Ogerpon|tox\n|\n|-heal|p1a: Toxapex|72\/100 par|[from] item: Leftovers\n|-damage|p2a: Ogerpon|60\/100 tox|[from] psn\n|upkeep\n|turn|37\n|\n|t:|1700077555\n|move|p2a: Ogerpon|Horn Leech|p1a: Toxapex\n|-damage|p1a: Toxapex|38\/100 par\n|-heal|p2a: Ogerpon|77\/100 tox|[from] drain|[of] p1a: Toxapex\n|cant|p1a: Toxapex|par\n|\n|-heal|p1a: Toxapex|45\/100 par|[from] item: Leftovers\n|-damage|p2a: Ogerpon|65\/100 tox|[from] psn\n|upkeep\n|turn|38\n|\n|t:|1700077567\n|switch|p2a: TWINKATON|Tinkaton, F|54\/100\n|cant|p1a: Toxapex|par\n|\n|-heal|p1a: Toxapex|51\/100 par|[from] item: Leftovers\n|upkeep\n|turn|39\n|\n|t:|1700077593\n|move|p2a: TWINKATON|Encore|p1a: Toxapex\n|-start|p1a: Toxapex|Encore\n|move|p1a: Toxapex|Toxic|p2a: TWINKATON\n|-immune|p2a: TWINKATON\n|\n|-heal|p1a: Toxapex|57\/100 par|[from] item: Leftovers\n|upkeep\n|turn|40\n|\n|t:|1700077601\n|switch|p2a: Ogerpon|Ogerpon-Wellspring-Tera, F, tera:Water|65\/100 tox\n|-ability|p2a: Ogerpon|Embody Aspect (Wellspring)|boost\n|-boost|p2a: Ogerpon|spd|1\n|cant|p1a: Toxapex|par\n|\n|-heal|p1a: Toxapex|63\/100 par|[from] item: Leftovers\n|-damage|p2a: Ogerpon|59\/100 tox|[from] psn\n|upkeep\n|turn|41\n|\n|t:|1700077611\n|move|p2a: Ogerpon|Horn Leech|p1a: Toxapex\n|-damage|p1a: Toxapex|31\/100 par\n|-heal|p2a: Ogerpon|75\/100 tox|[from] drain|[of] p1a: Toxapex\n|move|p1a: Toxapex|Toxic|p2a: Ogerpon\n|-fail|p2a: Ogerpon|tox\n|\n|-heal|p1a: Toxapex|38\/100 par|[from] item: Leftovers\n|-damage|p2a: Ogerpon|63\/100 tox|[from] psn\n|-end|p1a: Toxapex|Encore\n|upkeep\n|turn|42\n|\n|t:|1700077623\n|switch|p2a: TWINKATON|Tinkaton, F|54\/100\n|cant|p1a: Toxapex|par\n|\n|-heal|p1a: Toxapex|44\/100 par|[from] item: Leftovers\n|upkeep\n|turn|43\n|\n|t:|1700077630\n|move|p2a: TWINKATON|Encore|p1a: Toxapex\n|-start|p1a: Toxapex|Encore\n|move|p1a: Toxapex|Toxic|p2a: TWINKATON\n|-immune|p2a: TWINKATON\n|\n|-heal|p1a: Toxapex|50\/100 par|[from] item: Leftovers\n|upkeep\n|turn|44\n|\n|t:|1700077638\n|switch|p2a: Ogerpon|Ogerpon-Wellspring-Tera, F, tera:Water|63\/100 tox\n|-ability|p2a: Ogerpon|Embody Aspect (Wellspring)|boost\n|-boost|p2a: Ogerpon|spd|1\n|move|p1a: Toxapex|Toxic|p2a: Ogerpon\n|-fail|p2a: Ogerpon|tox\n|\n|-heal|p1a: Toxapex|56\/100 par|[from] item: Leftovers\n|-damage|p2a: Ogerpon|57\/100 tox|[from] psn\n|upkeep\n|turn|45\n|\n|t:|1700077648\n|-terastallize|p1a: Toxapex|Grass\n|move|p2a: Ogerpon|Horn Leech|p1a: Toxapex\n|-resisted|p1a: Toxapex\n|-damage|p1a: Toxapex|39\/100 par\n|-heal|p2a: Ogerpon|66\/100 tox|[from] drain|[of] p1a: Toxapex\n|move|p1a: Toxapex|Toxic|p2a: Ogerpon\n|-fail|p2a: Ogerpon|tox\n|\n|-heal|p1a: Toxapex|45\/100 par|[from] item: Leftovers\n|-damage|p2a: Ogerpon|54\/100 tox|[from] psn\n|-end|p1a: Toxapex|Encore\n|upkeep\n|turn|46\n|\n|t:|1700077662\n|move|p2a: Ogerpon|U-turn|p1a: Toxapex\n|-supereffective|p1a: Toxapex\n|-damage|p1a: Toxapex|4\/100 par\n|\n|t:|1700077664\n|switch|p2a: TWINKATON|Tinkaton, F|54\/100|[from] U-turn\n|move|p1a: Toxapex|Chilling Water|p2a: TWINKATON\n|-damage|p2a: TWINKATON|45\/100\n|-unboost|p2a: TWINKATON|atk|1\n|\n|-heal|p1a: Toxapex|10\/100 par|[from] item: Leftovers\n|upkeep\n|turn|47\n|\n|t:|1700077680\n|move|p1a: Toxapex|Baneful Bunker|p1a: Toxapex\n|-singleturn|p1a: Toxapex|move: Protect\n|move|p2a: TWINKATON|Encore|p1a: Toxapex\n|-activate|p1a: Toxapex|move: Protect\n|\n|-heal|p1a: Toxapex|17\/100 par|[from] item: Leftovers\n|upkeep\n|turn|48\n|\n|t:|1700077697\n|move|p2a: TWINKATON|Encore|p1a: Toxapex\n|-start|p1a: Toxapex|Encore\n|move|p1a: Toxapex|Baneful Bunker||[still]\n|-fail|p1a: Toxapex\n|\n|-heal|p1a: Toxapex|23\/100 par|[from] item: Leftovers\n|upkeep\n|turn|49\n|c|\u2606PuttingtheZinOU|motherfucking choice band tinkaton\n|\n|t:|1700077705\n|switch|p2a: Ogerpon|Ogerpon-Wellspring-Tera, F, tera:Water|54\/100 tox\n|-ability|p2a: Ogerpon|Embody Aspect (Wellspring)|boost\n|-boost|p2a: Ogerpon|spd|1\n|move|p1a: Toxapex|Baneful Bunker||[still]\n|-fail|p1a: Toxapex\n|\n|-heal|p1a: Toxapex|29\/100 par|[from] item: Leftovers\n|-damage|p2a: Ogerpon|48\/100 tox|[from] psn\n|upkeep\n|turn|50\n|\n|t:|1700077715\n|move|p1a: Toxapex|Baneful Bunker|p1a: Toxapex\n|-singleturn|p1a: Toxapex|move: Protect\n|move|p2a: Ogerpon|U-turn|p1a: Toxapex\n|-activate|p1a: Toxapex|move: Protect\n|\n|-heal|p1a: Toxapex|35\/100 par|[from] item: Leftovers\n|-damage|p2a: Ogerpon|36\/100 tox|[from] psn\n|-end|p1a: Toxapex|Encore\n|upkeep\n|turn|51\n|\n|t:|1700077727\n|move|p2a: Ogerpon|U-turn|p1a: Toxapex\n|-supereffective|p1a: Toxapex\n|-damage|p1a: Toxapex|0 fnt\n|faint|p1a: Toxapex\n|\n|win|PuttingtheZinOU\n|raw|Danhehe's rating: 1337 &rarr; <strong>1317<\/strong><br \/>(-20 for losing)\n|raw|PuttingtheZinOU's rating: 1343 &rarr; <strong>1363<\/strong><br \/>(+20 for winning)\n|l|\u2606Danhehe\n|c|\u2606PuttingtheZinOU|gg\n","uploadtime":1700077746,"views":9,"p1id":"danhehe","p2id":"puttingthezinou","formatid":"gen9ou","rating":1317,"private":0,"password":""}