{"id":"gen9ou-1991882764","p1":"LOOPJ21","p2":"dingus47","format":"[Gen 9] OU","log":"|j|\u2606LOOPJ21\n|j|\u2606dingus47\n|t:|1700133182\n|gametype|singles\n|player|p1|LOOPJ21|riley|1077\n|player|p2|dingus47|265|1111\n|teamsize|p1|6\n|teamsize|p2|6\n|gen|9\n|tier|[Gen 9] OU\n|rated|\n|rule|Sleep Clause Mod: Limit one foe put to sleep\n|rule|Species Clause: Limit one of each Pok\u00e9mon\n|rule|OHKO Clause: OHKO moves are banned\n|rule|Evasion Items Clause: Evasion items are banned\n|rule|Evasion Moves Clause: Evasion moves are banned\n|rule|Endless Battle Clause: Forcing endless battles is banned\n|rule|HP Percentage Mod: HP is shown in percentages\n|clearpoke\n|poke|p1|Conkeldurr, M|\n|poke|p1|Zapdos|\n|poke|p1|Iron Valiant|\n|poke|p1|Glimmora, F|\n|poke|p1|Cinderace, F|\n|poke|p1|Weavile, F|\n|poke|p2|Kingambit, M|\n|poke|p2|Toxapex, F|\n|poke|p2|Great Tusk|\n|poke|p2|Rillaboom, M|\n|poke|p2|Cinderace, M|\n|poke|p2|Zapdos|\n|teampreview\n|inactive|Battle timer is ON: inactive players will automatically lose when time's up. (requested by dingus47)\n|\n|t:|1700133203\n|start\n|switch|p1a: Zapdos|Zapdos|100\/100\n|switch|p2a: Great Tusk|Great Tusk|100\/100\n|turn|1\n|\n|t:|1700133213\n|-terastallize|p1a: Zapdos|Ice\n|move|p2a: Great Tusk|Knock Off|p1a: Zapdos\n|-damage|p1a: Zapdos|69\/100\n|-enditem|p1a: Zapdos|Leftovers|[from] move: Knock Off|[of] p2a: Great Tusk\n|move|p1a: Zapdos|Tera Blast|p2a: Great Tusk|[anim] Tera Blast Ice\n|-supereffective|p2a: Great Tusk\n|-damage|p2a: Great Tusk|8\/100\n|\n|upkeep\n|turn|2\n|\n|t:|1700133224\n|switch|p1a: Glimmora|Glimmora, F|100\/100\n|move|p2a: Great Tusk|Close Combat|p1a: Glimmora\n|-damage|p1a: Glimmora|30\/100\n|-unboost|p2a: Great Tusk|def|1\n|-unboost|p2a: Great Tusk|spd|1\n|-activate|p1a: Glimmora|ability: Toxic Debris\n|-sidestart|p2: dingus47|move: Toxic Spikes\n|\n|-heal|p1a: Glimmora|36\/100|[from] item: Black Sludge\n|upkeep\n|turn|3\n|\n|t:|1700133238\n|move|p1a: Glimmora|Sludge Bomb|p2a: Great Tusk\n|-resisted|p2a: Great Tusk\n|-damage|p2a: Great Tusk|0 fnt\n|faint|p2a: Great Tusk\n|-end|p2a: Great Tusk|Protosynthesis|[silent]\n|\n|-heal|p1a: Glimmora|42\/100|[from] item: Black Sludge\n|upkeep\n|\n|t:|1700133241\n|switch|p2a: Toxapex|Toxapex, F|100\/100\n|-sideend|p2: dingus47|move: Toxic Spikes|[of] p2a: Toxapex\n|turn|4\n|\n|t:|1700133251\n|move|p1a: Glimmora|Earth Power|p2a: Toxapex\n|-supereffective|p2a: Toxapex\n|-damage|p2a: Toxapex|59\/100\n|move|p2a: Toxapex|Toxic Spikes|p1a: Glimmora\n|-sidestart|p1: LOOPJ21|move: Toxic Spikes\n|\n|-heal|p1a: Glimmora|48\/100|[from] item: Black Sludge\n|-heal|p2a: Toxapex|65\/100|[from] item: Leftovers\n|upkeep\n|turn|5\n|\n|t:|1700133260\n|move|p1a: Glimmora|Stealth Rock|p2a: Toxapex\n|-sidestart|p2: dingus47|move: Stealth Rock\n|move|p2a: Toxapex|Surf|p1a: Glimmora\n|-supereffective|p1a: Glimmora\n|-damage|p1a: Glimmora|0 fnt\n|faint|p1a: Glimmora\n|\n|-heal|p2a: Toxapex|71\/100|[from] item: Leftovers\n|upkeep\n|\n|t:|1700133271\n|switch|p1a: Weavile|Weavile, F|100\/100\n|-status|p1a: Weavile|psn\n|-ability|p1a: Weavile|Pressure\n|turn|6\n|\n|t:|1700133283\n|move|p1a: Weavile|Knock Off|p2a: Toxapex\n|-damage|p2a: Toxapex|13\/100\n|-enditem|p2a: Toxapex|Leftovers|[from] move: Knock Off|[of] p1a: Weavile\n|move|p2a: Toxapex|Toxic Spikes|p1a: Weavile\n|-sidestart|p1: LOOPJ21|move: Toxic Spikes\n|\n|-damage|p1a: Weavile|88\/100 psn|[from] psn\n|upkeep\n|turn|7\n|\n|t:|1700133306\n|switch|p2a: Cinderace|Cinderace, M|100\/100\n|move|p1a: Weavile|Knock Off|p2a: Cinderace\n|-damage|p2a: Cinderace|6\/100\n|-enditem|p2a: Cinderace|Heavy-Duty Boots|[from] move: Knock Off|[of] p1a: Weavile\n|\n|-damage|p1a: Weavile|76\/100 psn|[from] psn\n|upkeep\n|turn|8\n|\n|t:|1700133317\n|move|p1a: Weavile|Knock Off|p2a: Cinderace\n|-damage|p2a: Cinderace|0 fnt\n|faint|p2a: Cinderace\n|\n|-damage|p1a: Weavile|63\/100 psn|[from] psn\n|upkeep\n|\n|t:|1700133323\n|switch|p2a: Zapdos|Zapdos|100\/100\n|turn|9\n|\n|t:|1700133328\n|move|p1a: Weavile|Knock Off|p2a: Zapdos\n|-damage|p2a: Zapdos|10\/100\n|-enditem|p2a: Zapdos|Heavy-Duty Boots|[from] move: Knock Off|[of] p1a: Weavile\n|move|p2a: Zapdos|Volt Switch|p1a: Weavile\n|-damage|p1a: Weavile|4\/100 psn\n|\n|t:|1700133337\n|switch|p2a: Toxapex|Toxapex, F|46\/100|[from] Volt Switch\n|-damage|p2a: Toxapex|34\/100|[from] Stealth Rock\n|\n|-damage|p1a: Weavile|0 fnt|[from] psn\n|faint|p1a: Weavile\n|upkeep\n|\n|t:|1700133345\n|switch|p1a: Cinderace|Cinderace, F|100\/100\n|turn|10\n|\n|t:|1700133354\n|switch|p2a: Zapdos|Zapdos|10\/100\n|-damage|p2a: Zapdos|0 fnt|[from] Stealth Rock\n|faint|p2a: Zapdos\n|move|p1a: Cinderace|Trailblaze|p2: Zapdos|[notarget]\n|-fail|p1a: Cinderace\n|\n|upkeep\n|\n|t:|1700133356\n|switch|p2a: Toxapex|Toxapex, F|67\/100\n|-damage|p2a: Toxapex|55\/100|[from] Stealth Rock\n|turn|11\n|\n|t:|1700133370\n|move|p1a: Cinderace|Will-O-Wisp|p2a: Toxapex\n|-status|p2a: Toxapex|brn\n|move|p2a: Toxapex|Surf|p1a: Cinderace\n|-supereffective|p1a: Cinderace\n|-damage|p1a: Cinderace|9\/100\n|\n|-damage|p2a: Toxapex|49\/100 brn|[from] brn\n|upkeep\n|turn|12\n|\n|t:|1700133381\n|move|p1a: Cinderace|Trailblaze|p2a: Toxapex\n|-start|p1a: Cinderace|typechange|Grass|[from] ability: Libero\n|-damage|p2a: Toxapex|29\/100 brn\n|-boost|p1a: Cinderace|spe|1\n|move|p2a: Toxapex|Surf|p1a: Cinderace\n|-resisted|p1a: Cinderace\n|-damage|p1a: Cinderace|0 fnt\n|faint|p1a: Cinderace\n|\n|-damage|p2a: Toxapex|23\/100 brn|[from] brn\n|upkeep\n|\n|t:|1700133395\n|switch|p1a: Zapdos|Zapdos, tera:Ice|69\/100\n|-status|p1a: Zapdos|tox\n|turn|13\n|\n|t:|1700133407\n|switch|p2a: Rillaboom|Rillaboom, M|100\/100\n|-damage|p2a: Rillaboom|88\/100|[from] Stealth Rock\n|-fieldstart|move: Grassy Terrain|[from] ability: Grassy Surge|[of] p2a: Rillaboom\n|-enditem|p2a: Rillaboom|Grassy Seed\n|-boost|p2a: Rillaboom|def|1|[from] item: Grassy Seed\n|move|p1a: Zapdos|Discharge|p2a: Rillaboom\n|-resisted|p2a: Rillaboom\n|-damage|p2a: Rillaboom|67\/100\n|-status|p2a: Rillaboom|par\n|\n|-heal|p1a: Zapdos|75\/100 tox|[from] Grassy Terrain\n|-heal|p2a: Rillaboom|74\/100 par|[from] Grassy Terrain\n|-damage|p1a: Zapdos|69\/100 tox|[from] psn\n|upkeep\n|turn|14\n|\n|t:|1700133423\n|move|p1a: Zapdos|Tera Blast|p2a: Rillaboom|[anim] Tera Blast Ice\n|-supereffective|p2a: Rillaboom\n|-damage|p2a: Rillaboom|0 fnt\n|faint|p2a: Rillaboom\n|\n|-heal|p1a: Zapdos|75\/100 tox|[from] Grassy Terrain\n|-damage|p1a: Zapdos|63\/100 tox|[from] psn\n|upkeep\n|\n|t:|1700133428\n|switch|p2a: Toxapex|Toxapex, F|56\/100 brn\n|-damage|p2a: Toxapex|44\/100 brn|[from] Stealth Rock\n|turn|15\n|\n|t:|1700133436\n|move|p1a: Zapdos|Discharge|p2a: Toxapex\n|-supereffective|p2a: Toxapex\n|-damage|p2a: Toxapex|0 fnt\n|faint|p2a: Toxapex\n|\n|-heal|p1a: Zapdos|69\/100 tox|[from] Grassy Terrain\n|-damage|p1a: Zapdos|50\/100 tox|[from] psn\n|upkeep\n|\n|t:|1700133439\n|switch|p2a: Kingambit|Kingambit, M|100\/100\n|-damage|p2a: Kingambit|94\/100|[from] Stealth Rock\n|-activate|p2a: Kingambit|ability: Supreme Overlord\n|-start|p2a: Kingambit|fallen5|[silent]\n|turn|16\n|\n|t:|1700133457\n|move|p1a: Zapdos|Roost|p1a: Zapdos\n|-heal|p1a: Zapdos|99\/100 tox\n|move|p2a: Kingambit|Swords Dance|p2a: Kingambit\n|-boost|p2a: Kingambit|atk|2\n|\n|-heal|p1a: Zapdos|100\/100 tox|[from] Grassy Terrain\n|-heal|p2a: Kingambit|100\/100|[from] Grassy Terrain\n|-damage|p1a: Zapdos|75\/100 tox|[from] psn\n|upkeep\n|turn|17\n|\n|t:|1700133467\n|move|p1a: Zapdos|Heat Wave|p2a: Kingambit\n|-supereffective|p2a: Kingambit\n|-damage|p2a: Kingambit|48\/100\n|move|p2a: Kingambit|Swords Dance|p2a: Kingambit\n|-boost|p2a: Kingambit|atk|2\n|\n|-heal|p1a: Zapdos|82\/100 tox|[from] Grassy Terrain\n|-heal|p2a: Kingambit|54\/100|[from] Grassy Terrain\n|-damage|p1a: Zapdos|50\/100 tox|[from] psn\n|-fieldend|move: Grassy Terrain\n|upkeep\n|turn|18\n|\n|t:|1700133480\n|move|p2a: Kingambit|Sucker Punch|p1a: Zapdos\n|-damage|p1a: Zapdos|0 fnt\n|-status|p2a: Kingambit|par|[from] ability: Static|[of] p1a: Zapdos\n|faint|p1a: Zapdos\n|\n|upkeep\n|\n|t:|1700133486\n|switch|p1a: Conkeldurr|Conkeldurr, M|100\/100\n|-status|p1a: Conkeldurr|tox\n|turn|19\n|\n|t:|1700133501\n|-terastallize|p2a: Kingambit|Fairy\n|move|p1a: Conkeldurr|Drain Punch|p2a: Kingambit\n|-resisted|p2a: Kingambit\n|-damage|p2a: Kingambit|29\/100 par\n|move|p2a: Kingambit|Kowtow Cleave|p1a: Conkeldurr\n|-resisted|p1a: Conkeldurr\n|-damage|p1a: Conkeldurr|0 fnt\n|faint|p1a: Conkeldurr\n|\n|upkeep\n|\n|t:|1700133513\n|switch|p1a: Iron Valiant|Iron Valiant, shiny|100\/100\n|-status|p1a: Iron Valiant|tox\n|-enditem|p1a: Iron Valiant|Booster Energy\n|-activate|p1a: Iron Valiant|ability: Quark Drive|[fromitem]\n|-start|p1a: Iron Valiant|quarkdrivespe\n|turn|20\n|\n|t:|1700133520\n|move|p2a: Kingambit|Sucker Punch|p1a: Iron Valiant\n|-resisted|p1a: Iron Valiant\n|-damage|p1a: Iron Valiant|29\/100 tox\n|move|p1a: Iron Valiant|Moonblast|p2a: Kingambit\n|-damage|p2a: Kingambit|0 fnt\n|faint|p2a: Kingambit\n|-end|p2a: Kingambit|fallen5|[silent]\n|\n|win|LOOPJ21\n|raw|LOOPJ21's rating: 1077 &rarr; <strong>1108<\/strong><br \/>(+31 for winning)\n|raw|dingus47's rating: 1111 &rarr; <strong>1084<\/strong><br \/>(-27 for losing)\n|c|\u2606dingus47|gg\n|l|\u2606dingus47\n|l|\u2606LOOPJ21\n|j|\u2606LOOPJ21\n|player|p1|LOOPJ21|riley\n","uploadtime":1700133951,"views":14,"p1id":"loopj21","p2id":"dingus47","formatid":"gen9ou","rating":1084,"private":0,"password":""}