{"id":"gen9ou-1997085404","p1":"chaoticat","p2":"temp6b","format":"[Gen 9] OU","log":"|j|\u203dchaoticat\n|j|\u2606temp6b\n|t:|1700763000\n|gametype|singles\n|player|p1|chaoticat|265|1102\n|player|p2|temp6b|1|1000\n|teamsize|p1|6\n|teamsize|p2|6\n|gen|9\n|tier|[Gen 9] OU\n|rated|\n|rule|Sleep Clause Mod: Limit one foe put to sleep\n|rule|Species Clause: Limit one of each Pok\u00e9mon\n|rule|OHKO Clause: OHKO moves are banned\n|rule|Evasion Items Clause: Evasion items are banned\n|rule|Evasion Moves Clause: Evasion moves are banned\n|rule|Endless Battle Clause: Forcing endless battles is banned\n|rule|HP Percentage Mod: HP is shown in percentages\n|clearpoke\n|poke|p1|Volcanion|\n|poke|p1|Landorus-Therian, M|\n|poke|p1|Meowscarada, F|\n|poke|p1|Hatterene, F|\n|poke|p1|Thundurus-Therian, M|\n|poke|p1|Weezing-Galar, F|\n|poke|p2|Cloyster, M|\n|poke|p2|Maushold|\n|poke|p2|Samurott-Hisui, M|\n|poke|p2|Scizor, M|\n|poke|p2|Iron Hands|\n|poke|p2|Chesnaught, M|\n|teampreview\n|\n|t:|1700763017\n|start\n|switch|p1a: Meowscarada|Meowscarada, F|100\/100\n|switch|p2a: Cloyster|Cloyster, M, shiny|100\/100\n|turn|1\n|\n|t:|1700763037\n|move|p1a: Meowscarada|Aura Sphere|p2a: Cloyster\n|-start|p1a: Meowscarada|typechange|Fighting|[from] ability: Protean\n|-supereffective|p2a: Cloyster\n|-damage|p2a: Cloyster|0 fnt\n|faint|p2a: Cloyster\n|\n|upkeep\n|\n|t:|1700763046\n|switch|p2a: Scizor|Scizor, M, shiny|100\/100\n|turn|2\n|\n|t:|1700763054\n|switch|p1a: Volcanion|Volcanion|100\/100\n|move|p2a: Scizor|Bullet Punch|p1a: Volcanion\n|-resisted|p1a: Volcanion\n|-damage|p1a: Volcanion|92\/100\n|-damage|p2a: Scizor|91\/100|[from] item: Life Orb\n|\n|upkeep\n|turn|3\n|\n|t:|1700763068\n|switch|p2a: Iron Hands|Iron Hands, shiny|100\/100\n|-enditem|p2a: Iron Hands|Booster Energy\n|-activate|p2a: Iron Hands|ability: Quark Drive|[fromitem]\n|-start|p2a: Iron Hands|quarkdriveatk\n|move|p1a: Volcanion|Flare Blitz|p2a: Iron Hands\n|-damage|p2a: Iron Hands|43\/100\n|-damage|p1a: Volcanion|65\/100|[from] Recoil\n|\n|upkeep\n|turn|4\n|\n|t:|1700763083\n|move|p2a: Iron Hands|Fake Out|p1a: Volcanion\n|-damage|p1a: Volcanion|49\/100\n|cant|p1a: Volcanion|flinch\n|\n|upkeep\n|turn|5\n|\n|t:|1700763093\n|switch|p1a: Thundurus|Thundurus-Therian, M|100\/100\n|move|p2a: Iron Hands|Drain Punch|p1a: Thundurus\n|-resisted|p1a: Thundurus\n|-damage|p1a: Thundurus|59\/100\n|-heal|p2a: Iron Hands|55\/100|[from] drain|[of] p1a: Thundurus\n|\n|upkeep\n|turn|6\n|\n|t:|1700763104\n|switch|p1a: Weezing|Weezing-Galar, F|100\/100\n|-fieldstart|move: Misty Terrain|[from] ability: Misty Surge|[of] p1a: Weezing\n|move|p2a: Iron Hands|Drain Punch|p1a: Weezing\n|-resisted|p1a: Weezing\n|-damage|p1a: Weezing|88\/100\n|-heal|p2a: Iron Hands|60\/100|[from] drain|[of] p1a: Weezing\n|\n|upkeep\n|turn|7\n|\n|t:|1700763117\n|-end|p2a: Iron Hands|Quark Drive|[silent]\n|switch|p2a: Chesnaught|Chesnaught, M, shiny|100\/100\n|move|p1a: Weezing|Play Rough|p2a: Chesnaught\n|-supereffective|p2a: Chesnaught\n|-damage|p2a: Chesnaught|42\/100\n|\n|upkeep\n|turn|8\n|\n|t:|1700763145\n|move|p2a: Chesnaught|Earthquake|p1a: Weezing\n|-supereffective|p1a: Weezing\n|-damage|p1a: Weezing|24\/100\n|move|p1a: Weezing|Play Rough|p2a: Chesnaught\n|-supereffective|p2a: Chesnaught\n|-crit|p2a: Chesnaught\n|-damage|p2a: Chesnaught|0 fnt\n|faint|p2a: Chesnaught\n|\n|upkeep\n|\n|t:|1700763154\n|switch|p2a: Samurott|Samurott-Hisui, M, shiny|100\/100\n|turn|9\n|\n|t:|1700763160\n|move|p2a: Samurott|Ceaseless Edge|p1a: Weezing|[miss]\n|-miss|p2a: Samurott|p1a: Weezing\n|move|p1a: Weezing|Play Rough|p2a: Samurott\n|-supereffective|p2a: Samurott\n|-damage|p2a: Samurott|3\/100\n|\n|upkeep\n|turn|10\n|\n|t:|1700763171\n|move|p2a: Samurott|Ceaseless Edge|p1a: Weezing\n|-resisted|p1a: Weezing\n|-damage|p1a: Weezing|11\/100\n|-sidestart|p1: chaoticat|Spikes\n|move|p1a: Weezing|Body Slam|p2a: Samurott\n|-damage|p2a: Samurott|0 fnt\n|faint|p2a: Samurott\n|\n|upkeep\n|\n|t:|1700763182\n|switch|p2a: Scizor|Scizor, M, shiny|91\/100\n|turn|11\n|\n|t:|1700763185\n|move|p2a: Scizor|Bullet Punch|p1a: Weezing\n|-supereffective|p1a: Weezing\n|-damage|p1a: Weezing|0 fnt\n|faint|p1a: Weezing\n|-damage|p2a: Scizor|81\/100|[from] item: Life Orb\n|\n|upkeep\n|\n|t:|1700763194\n|switch|p1a: Thundurus|Thundurus-Therian, M|59\/100\n|-enditem|p1a: Thundurus|Misty Seed\n|-boost|p1a: Thundurus|spd|1|[from] item: Misty Seed\n|turn|12\n|\n|t:|1700763204\n|switch|p2a: Iron Hands|Iron Hands, shiny|60\/100\n|move|p1a: Thundurus|Agility|p1a: Thundurus\n|-boost|p1a: Thundurus|spe|2\n|\n|upkeep\n|turn|13\n|\n|t:|1700763212\n|-terastallize|p1a: Thundurus|Flying\n|move|p1a: Thundurus|Acrobatics|p2a: Iron Hands\n|-damage|p2a: Iron Hands|17\/100\n|move|p2a: Iron Hands|Earthquake|p1a: Thundurus\n|-immune|p1a: Thundurus\n|\n|-fieldend|Misty Terrain\n|upkeep\n|turn|14\n|\n|t:|1700763227\n|move|p1a: Thundurus|Acrobatics|p2a: Iron Hands\n|-damage|p2a: Iron Hands|0 fnt\n|faint|p2a: Iron Hands\n|-end|p2a: Iron Hands|Quark Drive|[silent]\n|\n|upkeep\n|\n|t:|1700763232\n|switch|p2a: Maushold|Maushold, shiny|100\/100\n|turn|15\n|\n|t:|1700763238\n|-terastallize|p2a: Maushold|Normal\n|move|p1a: Thundurus|Acrobatics|p2a: Maushold\n|-damage|p2a: Maushold|0 fnt\n|faint|p2a: Maushold\n|\n|upkeep\n|\n|t:|1700763245\n|switch|p2a: Scizor|Scizor, M, shiny|81\/100\n|turn|16\n|\n|t:|1700763250\n|move|p2a: Scizor|Bullet Punch|p1a: Thundurus\n|-damage|p1a: Thundurus|0 fnt\n|faint|p1a: Thundurus\n|-damage|p2a: Scizor|71\/100|[from] item: Life Orb\n|\n|upkeep\n|\n|t:|1700763261\n|switch|p1a: Meowscarada|Meowscarada, F|100\/100\n|-damage|p1a: Meowscarada|88\/100|[from] Spikes\n|turn|17\n|\n|t:|1700763270\n|move|p2a: Scizor|Bullet Punch|p1a: Meowscarada\n|-damage|p1a: Meowscarada|16\/100\n|-damage|p2a: Scizor|61\/100|[from] item: Life Orb\n|move|p1a: Meowscarada|Shadow Ball|p2a: Scizor\n|-start|p1a: Meowscarada|typechange|Ghost|[from] ability: Protean\n|-damage|p2a: Scizor|25\/100\n|\n|upkeep\n|turn|18\n|\n|t:|1700763281\n|move|p2a: Scizor|Bullet Punch|p1a: Meowscarada\n|-damage|p1a: Meowscarada|0 fnt\n|faint|p1a: Meowscarada\n|-damage|p2a: Scizor|15\/100|[from] item: Life Orb\n|\n|upkeep\n|\n|t:|1700763285\n|switch|p1a: Landorus|Landorus-Therian, M|100\/100\n|-ability|p1a: Landorus|Intimidate|boost\n|-unboost|p2a: Scizor|atk|1\n|turn|19\n|\n|t:|1700763291\n|move|p2a: Scizor|Bullet Punch|p1a: Landorus\n|-damage|p1a: Landorus|66\/100\n|-damage|p2a: Scizor|5\/100|[from] item: Life Orb\n|move|p1a: Landorus|Earth Power|p2a: Scizor\n|-damage|p2a: Scizor|0 fnt\n|faint|p2a: Scizor\n|\n|win|chaoticat\n|raw|chaoticat's rating: 1102 &rarr; <strong>1120<\/strong><br \/>(+18 for winning)\n|raw|temp6b's rating: 1000 &rarr; <strong>1000<\/strong><br \/>(+0 for losing)\n","uploadtime":1700763296,"views":4,"p1id":"chaoticat","p2id":"temp6b","formatid":"gen9ou","rating":1000,"private":0,"password":""}