{"id":"gen9ou-1997233169","p1":"Firer","p2":"alvar03","format":"[Gen 9] OU","log":"|j|\u2606Firer\n|j|\u2606alvar03\n|t:|1700778456\n|gametype|singles\n|player|p1|Firer|palmer|1840\n|player|p2|alvar03|alder|1860\n|teamsize|p1|6\n|teamsize|p2|6\n|gen|9\n|tier|[Gen 9] OU\n|rated|\n|rule|Sleep Clause Mod: Limit one foe put to sleep\n|rule|Species Clause: Limit one of each Pok\u00e9mon\n|rule|OHKO Clause: OHKO moves are banned\n|rule|Evasion Items Clause: Evasion items are banned\n|rule|Evasion Moves Clause: Evasion moves are banned\n|rule|Endless Battle Clause: Forcing endless battles is banned\n|rule|HP Percentage Mod: HP is shown in percentages\n|clearpoke\n|poke|p1|Grimmsnarl, M|\n|poke|p1|Slowking-Galar, F|\n|poke|p1|Great Tusk|\n|poke|p1|Ogerpon-Cornerstone, F|\n|poke|p1|Tauros-Paldea-Blaze, M|\n|poke|p1|Dragonite, M|\n|poke|p2|Ting-Lu|\n|poke|p2|Zapdos|\n|poke|p2|Gholdengo|\n|poke|p2|Great Tusk|\n|poke|p2|Ogerpon-Wellspring, F|\n|poke|p2|Iron Valiant|\n|teampreview\n|inactive|Battle timer is ON: inactive players will automatically lose when time's up. (requested by Firer)\n|j| dfghhhg\n|\n|t:|1700778470\n|start\n|switch|p1a: Tauros|Tauros-Paldea-Blaze, M|100\/100\n|switch|p2a: Ting-Lu|Ting-Lu|100\/100\n|-ability|p1a: Tauros|Intimidate|boost\n|-unboost|p2a: Ting-Lu|atk|1\n|-ability|p2a: Ting-Lu|Vessel of Ruin\n|turn|1\n|\n|t:|1700778476\n|move|p1a: Tauros|Will-O-Wisp|p2a: Ting-Lu|[miss]\n|-miss|p1a: Tauros|p2a: Ting-Lu\n|move|p2a: Ting-Lu|Stealth Rock|p1a: Tauros\n|-sidestart|p1: Firer|move: Stealth Rock\n|\n|upkeep\n|turn|2\n|\n|t:|1700778490\n|move|p1a: Tauros|Raging Bull|p2a: Ting-Lu\n|-damage|p2a: Ting-Lu|80\/100\n|move|p2a: Ting-Lu|Spikes|p1a: Tauros\n|-sidestart|p1: Firer|Spikes\n|\n|-heal|p2a: Ting-Lu|87\/100|[from] item: Leftovers\n|upkeep\n|turn|3\n|\n|t:|1700778495\n|move|p1a: Tauros|Will-O-Wisp|p2a: Ting-Lu\n|-status|p2a: Ting-Lu|brn\n|move|p2a: Ting-Lu|Whirlwind|p1a: Tauros\n|drag|p1a: Great Tusk|Great Tusk|100\/100\n|-damage|p1a: Great Tusk|98\/100|[from] Stealth Rock\n|-damage|p1a: Great Tusk|85\/100|[from] Spikes\n|\n|-heal|p1a: Great Tusk|91\/100|[from] item: Leftovers\n|-heal|p2a: Ting-Lu|93\/100 brn|[from] item: Leftovers\n|-damage|p2a: Ting-Lu|87\/100 brn|[from] brn\n|upkeep\n|turn|4\n|\n|t:|1700778500\n|move|p1a: Great Tusk|Knock Off|p2a: Ting-Lu\n|-resisted|p2a: Ting-Lu\n|-damage|p2a: Ting-Lu|79\/100 brn\n|-enditem|p2a: Ting-Lu|Leftovers|[from] move: Knock Off|[of] p1a: Great Tusk\n|move|p2a: Ting-Lu|Whirlwind|p1a: Great Tusk\n|-end|p1a: Great Tusk|Protosynthesis|[silent]\n|drag|p1a: Slowking|Slowking-Galar, F|100\/100\n|\n|-damage|p2a: Ting-Lu|72\/100 brn|[from] brn\n|upkeep\n|turn|5\n|\n|t:|1700778505\n|move|p2a: Ting-Lu|Spikes|p1a: Slowking\n|-sidestart|p1: Firer|Spikes\n|move|p1a: Slowking|Chilly Reception|p1a: Slowking\n|-weather|Snow\n|\n|t:|1700778507\n|switch|p1a: Great Tusk|Great Tusk|91\/100|[from] Chilly Reception\n|-damage|p1a: Great Tusk|88\/100|[from] Stealth Rock\n|-damage|p1a: Great Tusk|72\/100|[from] Spikes\n|\n|-weather|Snow|[upkeep]\n|-heal|p1a: Great Tusk|78\/100|[from] item: Leftovers\n|-damage|p2a: Ting-Lu|66\/100 brn|[from] brn\n|upkeep\n|turn|6\n|j| Perfect DarK 0707\n|\n|t:|1700778516\n|-terastallize|p2a: Ting-Lu|Ghost\n|move|p1a: Great Tusk|Knock Off|p2a: Ting-Lu\n|-supereffective|p2a: Ting-Lu\n|-damage|p2a: Ting-Lu|46\/100 brn\n|move|p2a: Ting-Lu|Spikes|p1a: Great Tusk\n|-sidestart|p1: Firer|Spikes\n|\n|-weather|Snow|[upkeep]\n|-heal|p1a: Great Tusk|84\/100|[from] item: Leftovers\n|-damage|p2a: Ting-Lu|40\/100 brn|[from] brn\n|upkeep\n|turn|7\n|j| jayIsALiteralGod\n|\n|t:|1700778541\n|move|p1a: Great Tusk|Stealth Rock|p2a: Ting-Lu\n|-sidestart|p2: alvar03|move: Stealth Rock\n|move|p2a: Ting-Lu|Whirlwind|p1a: Great Tusk\n|-end|p1a: Great Tusk|Protosynthesis|[silent]\n|drag|p1a: Slowking|Slowking-Galar, F|100\/100\n|\n|-weather|Snow|[upkeep]\n|-damage|p2a: Ting-Lu|33\/100 brn|[from] brn\n|upkeep\n|turn|8\n|\n|t:|1700778546\n|move|p2a: Ting-Lu|Earthquake|p1a: Slowking\n|-supereffective|p1a: Slowking\n|-damage|p1a: Slowking|74\/100\n|move|p1a: Slowking|Future Sight|p2a: Ting-Lu\n|-start|p1a: Slowking|move: Future Sight\n|\n|-weather|Snow|[upkeep]\n|-damage|p2a: Ting-Lu|27\/100 brn|[from] brn\n|upkeep\n|turn|9\n|\n|t:|1700778560\n|move|p2a: Ting-Lu|Earthquake|p1a: Slowking\n|-supereffective|p1a: Slowking\n|-damage|p1a: Slowking|50\/100\n|move|p1a: Slowking|Sludge Bomb|p2a: Ting-Lu\n|-resisted|p2a: Ting-Lu\n|-damage|p2a: Ting-Lu|20\/100 brn\n|\n|-weather|none\n|-damage|p2a: Ting-Lu|13\/100 brn|[from] brn\n|upkeep\n|turn|10\n|\n|t:|1700778573\n|switch|p1a: Dragonite|Dragonite, M|100\/100\n|move|p2a: Ting-Lu|Whirlwind|p1a: Dragonite\n|drag|p1a: Grimmsnarl|Grimmsnarl, M, shiny|100\/100\n|-damage|p1a: Grimmsnarl|88\/100|[from] Stealth Rock\n|-item|p1a: Grimmsnarl|Air Balloon\n|\n|-end|p2a: Ting-Lu|move: Future Sight\n|-damage|p2a: Ting-Lu|0 fnt\n|faint|p2a: Ting-Lu\n|upkeep\n|\n|t:|1700778595\n|switch|p2a: Iron Valiant|Iron Valiant|100\/100\n|-damage|p2a: Iron Valiant|94\/100|[from] Stealth Rock\n|turn|11\n|inactive|Firer has 120 seconds left.\n|\n|t:|1700778625\n|switch|p1a: Slowking|Slowking-Galar, F|83\/100\n|move|p2a: Iron Valiant|Moonblast|p1a: Slowking\n|-resisted|p1a: Slowking\n|-damage|p1a: Slowking|64\/100\n|\n|upkeep\n|turn|12\n|\n|t:|1700778634\n|-end|p2a: Iron Valiant|Quark Drive|[silent]\n|switch|p2a: Gholdengo|Gholdengo|100\/100\n|-damage|p2a: Gholdengo|94\/100|[from] Stealth Rock\n|move|p1a: Slowking|Chilly Reception|p1a: Slowking\n|-weather|Snow\n|inactive|Firer has 120 seconds left.\n|j| Jan7498\n|\n|t:|1700778662\n|switch|p1a: Grimmsnarl|Grimmsnarl, M, shiny|88\/100|[from] Chilly Reception\n|-damage|p1a: Grimmsnarl|76\/100|[from] Stealth Rock\n|-item|p1a: Grimmsnarl|Air Balloon\n|\n|-weather|Snow|[upkeep]\n|upkeep\n|turn|13\n|\n|t:|1700778665\n|move|p1a: Grimmsnarl|Sucker Punch|p2a: Gholdengo\n|-supereffective|p2a: Gholdengo\n|-damage|p2a: Gholdengo|3\/100\n|move|p2a: Gholdengo|Make It Rain|p1a: Grimmsnarl\n|-supereffective|p1a: Grimmsnarl\n|-damage|p1a: Grimmsnarl|0 fnt\n|-unboost|p2a: Gholdengo|spa|1\n|-enditem|p1a: Grimmsnarl|Air Balloon\n|faint|p1a: Grimmsnarl\n|\n|-weather|Snow|[upkeep]\n|upkeep\n|j| meanie poo\n|j| AscendingX\n|l| AscendingX\n|inactive|Firer has 90 seconds left.\n|\n|t:|1700778698\n|switch|p1a: Tauros|Tauros-Paldea-Blaze, M|100\/100\n|-damage|p1a: Tauros|88\/100|[from] Stealth Rock\n|-damage|p1a: Tauros|63\/100|[from] Spikes\n|-ability|p1a: Tauros|Intimidate|boost\n|-unboost|p2a: Gholdengo|atk|1\n|turn|14\n|\n|t:|1700778702\n|move|p1a: Tauros|Protect|p1a: Tauros\n|-singleturn|p1a: Tauros|Protect\n|move|p2a: Gholdengo|Make It Rain|p1a: Tauros\n|-activate|p1a: Tauros|move: Protect\n|\n|-weather|Snow|[upkeep]\n|-heal|p1a: Tauros|69\/100|[from] item: Leftovers\n|upkeep\n|turn|15\n|\n|t:|1700778705\n|move|p2a: Gholdengo|Make It Rain|p1a: Tauros\n|-resisted|p1a: Tauros\n|-damage|p1a: Tauros|44\/100\n|-unboost|p2a: Gholdengo|spa|1\n|move|p1a: Tauros|Raging Bull|p2a: Gholdengo\n|-supereffective|p2a: Gholdengo\n|-damage|p2a: Gholdengo|0 fnt\n|faint|p2a: Gholdengo\n|\n|-weather|Snow|[upkeep]\n|-heal|p1a: Tauros|50\/100|[from] item: Leftovers\n|upkeep\n|\n|t:|1700778712\n|switch|p2a: Ogerpon|Ogerpon-Wellspring, F|100\/100\n|-damage|p2a: Ogerpon|88\/100|[from] Stealth Rock\n|turn|16\n|inactive|Firer has 120 seconds left.\n|\n|t:|1700778727\n|-terastallize|p1a: Tauros|Dragon\n|move|p2a: Ogerpon|Ivy Cudgel|p1a: Tauros|[anim] Ivy Cudgel Water\n|-resisted|p1a: Tauros\n|-damage|p1a: Tauros|31\/100\n|move|p1a: Tauros|Will-O-Wisp|p2a: Ogerpon\n|-status|p2a: Ogerpon|brn\n|\n|-weather|none\n|-heal|p1a: Tauros|37\/100|[from] item: Leftovers\n|-damage|p2a: Ogerpon|82\/100 brn|[from] brn\n|upkeep\n|turn|17\n|inactive|Firer has 120 seconds left.\n|\n|t:|1700778750\n|move|p2a: Ogerpon|Swords Dance|p2a: Ogerpon\n|-boost|p2a: Ogerpon|atk|2\n|move|p1a: Tauros|Body Press|p2a: Ogerpon\n|-damage|p2a: Ogerpon|26\/100 brn\n|\n|-heal|p1a: Tauros|43\/100|[from] item: Leftovers\n|-damage|p2a: Ogerpon|20\/100 brn|[from] brn\n|upkeep\n|turn|18\n|\n|t:|1700778759\n|move|p2a: Ogerpon|Knock Off|p1a: Tauros\n|-damage|p1a: Tauros|16\/100\n|-enditem|p1a: Tauros|Leftovers|[from] move: Knock Off|[of] p2a: Ogerpon\n|move|p1a: Tauros|Raging Bull|p2a: Ogerpon\n|-damage|p2a: Ogerpon|0 fnt\n|faint|p2a: Ogerpon\n|\n|upkeep\n|\n|t:|1700778766\n|switch|p2a: Zapdos|Zapdos|100\/100\n|turn|19\n|inactive|Firer has 120 seconds left.\n|\n|t:|1700778787\n|switch|p1a: Slowking|Slowking-Galar, F|97\/100\n|move|p2a: Zapdos|Discharge|p1a: Slowking\n|-damage|p1a: Slowking|77\/100\n|\n|upkeep\n|turn|20\n|\n|t:|1700778793\n|move|p2a: Zapdos|Hurricane|p1a: Slowking\n|-damage|p1a: Slowking|48\/100\n|move|p1a: Slowking|Future Sight|p2a: Zapdos\n|-start|p1a: Slowking|move: Future Sight\n|\n|upkeep\n|turn|21\n|\n|t:|1700778801\n|switch|p1a: Tauros|Tauros-Paldea-Blaze, M, tera:Dragon|16\/100\n|-damage|p1a: Tauros|4\/100|[from] Stealth Rock\n|-damage|p1a: Tauros|0 fnt|[from] Spikes\n|faint|p1a: Tauros\n|move|p2a: Zapdos|Discharge|p1: Tauros|[notarget]\n|-fail|p2a: Zapdos\n|\n|upkeep\n|\n|t:|1700778803\n|switch|p1a: Ogerpon|Ogerpon-Cornerstone, F|100\/100\n|-damage|p1a: Ogerpon|88\/100|[from] Stealth Rock\n|-damage|p1a: Ogerpon|63\/100|[from] Spikes\n|turn|22\n|\n|t:|1700778811\n|move|p1a: Ogerpon|Ivy Cudgel|p2a: Zapdos|[anim] Ivy Cudgel Rock\n|-supereffective|p2a: Zapdos\n|-damage|p2a: Zapdos|0 fnt\n|faint|p2a: Zapdos\n|\n|-hint|Future Sight did not hit because the target is fainted.\n|upkeep\n|\n|t:|1700778819\n|switch|p2a: Iron Valiant|Iron Valiant|94\/100\n|-damage|p2a: Iron Valiant|88\/100|[from] Stealth Rock\n|turn|23\n|\n|t:|1700778830\n|move|p2a: Iron Valiant|Psyshock|p1a: Ogerpon\n|-damage|p1a: Ogerpon|8\/100\n|move|p1a: Ogerpon|Power Whip|p2a: Iron Valiant\n|-damage|p2a: Iron Valiant|0 fnt\n|faint|p2a: Iron Valiant\n|-end|p2a: Iron Valiant|Quark Drive|[silent]\n|\n|upkeep\n|\n|t:|1700778832\n|switch|p2a: Great Tusk|Great Tusk|100\/100\n|-damage|p2a: Great Tusk|98\/100|[from] Stealth Rock\n|turn|24\n|\n|t:|1700778835\n|move|p1a: Ogerpon|Power Whip|p2a: Great Tusk\n|-supereffective|p2a: Great Tusk\n|-damage|p2a: Great Tusk|33\/100\n|move|p2a: Great Tusk|Rapid Spin|p1a: Ogerpon\n|-resisted|p1a: Ogerpon\n|-damage|p1a: Ogerpon|0 fnt\n|-boost|p2a: Great Tusk|spe|1\n|-sideend|p2: alvar03|Stealth Rock|[from] move: Rapid Spin|[of] p2a: Great Tusk\n|faint|p1a: Ogerpon\n|\n|-heal|p2a: Great Tusk|39\/100|[from] item: Leftovers\n|upkeep\n|\n|t:|1700778848\n|switch|p1a: Dragonite|Dragonite, M|100\/100\n|turn|25\n|\n|t:|1700778851\n|move|p2a: Great Tusk|Bulk Up|p2a: Great Tusk\n|-boost|p2a: Great Tusk|atk|1\n|-boost|p2a: Great Tusk|def|1\n|move|p1a: Dragonite|Hurricane|p2a: Great Tusk\n|-supereffective|p2a: Great Tusk\n|-damage|p2a: Great Tusk|0 fnt\n|faint|p2a: Great Tusk\n|-end|p2a: Great Tusk|Protosynthesis|[silent]\n|\n|win|Firer\n|raw|Firer's rating: 1840 &rarr; <strong>1861<\/strong><br \/>(+21 for winning)\n|raw|alvar03's rating: 1860 &rarr; <strong>1839<\/strong><br \/>(-21 for losing)\n|c|\u2606Firer|gg\n","uploadtime":1700778857,"views":27,"p1id":"firer","p2id":"alvar03","formatid":"gen9ou","rating":1839,"private":0,"password":""}