{"id":"gen9ou-1992742020","p1":"mrdcaba11123","p2":"UrSheerForce","format":"[Gen 9] OU","log":"|j|\u2606mrdcaba11123\n|j|\u2606UrSheerForce\n|t:|1700231201\n|gametype|singles\n|player|p1|mrdcaba11123|169|1482\n|player|p2|UrSheerForce|bruno-gen2|1566\n|teamsize|p1|6\n|teamsize|p2|6\n|gen|9\n|tier|[Gen 9] OU\n|rated|\n|rule|Sleep Clause Mod: Limit one foe put to sleep\n|rule|Species Clause: Limit one of each Pok\u00e9mon\n|rule|OHKO Clause: OHKO moves are banned\n|rule|Evasion Items Clause: Evasion items are banned\n|rule|Evasion Moves Clause: Evasion moves are banned\n|rule|Endless Battle Clause: Forcing endless battles is banned\n|rule|HP Percentage Mod: HP is shown in percentages\n|clearpoke\n|poke|p1|Kingambit, M|\n|poke|p1|Glimmora, F|\n|poke|p1|Zamazenta-*|\n|poke|p1|Iron Valiant|\n|poke|p1|Iron Moth|\n|poke|p1|Ogerpon-Wellspring, F|\n|poke|p2|Sinistcha-Masterpiece|\n|poke|p2|Ogerpon-Wellspring, F|\n|poke|p2|Heatran, M|\n|poke|p2|Kingambit, M|\n|poke|p2|Iron Valiant|\n|poke|p2|Great Tusk|\n|teampreview\n|inactive|Battle timer is ON: inactive players will automatically lose when time's up. (requested by UrSheerForce)\n|\n|t:|1700231216\n|start\n|switch|p1a: Glimmora|Glimmora, F|100\/100\n|switch|p2a: Treadwrong Crush|Great Tusk|100\/100\n|turn|1\n|\n|t:|1700231225\n|move|p2a: Treadwrong Crush|Rapid Spin|p1a: Glimmora\n|-resisted|p1a: Glimmora\n|-damage|p1a: Glimmora|90\/100\n|-boost|p2a: Treadwrong Crush|spe|1\n|-activate|p1a: Glimmora|ability: Toxic Debris\n|-sidestart|p2: UrSheerForce|move: Toxic Spikes\n|-sideend|p2: UrSheerForce|Toxic Spikes|[from] move: Rapid Spin|[of] p2a: Treadwrong Crush\n|move|p1a: Glimmora|Stealth Rock|p2a: Treadwrong Crush\n|-sidestart|p2: UrSheerForce|move: Stealth Rock\n|\n|upkeep\n|turn|2\n|\n|t:|1700231233\n|switch|p1a: Zamazenta|Zamazenta, shiny|100\/100\n|-ability|p1a: Zamazenta|Dauntless Shield|boost\n|-boost|p1a: Zamazenta|def|1\n|move|p2a: Treadwrong Crush|Rapid Spin|p1a: Zamazenta\n|-damage|p1a: Zamazenta|90\/100\n|-boost|p2a: Treadwrong Crush|spe|1\n|-sideend|p2: UrSheerForce|Stealth Rock|[from] move: Rapid Spin|[of] p2a: Treadwrong Crush\n|\n|-heal|p1a: Zamazenta|96\/100|[from] item: Leftovers\n|upkeep\n|turn|3\n|\n|t:|1700231238\n|move|p2a: Treadwrong Crush|Knock Off|p1a: Zamazenta\n|-resisted|p1a: Zamazenta\n|-damage|p1a: Zamazenta|87\/100\n|-enditem|p1a: Zamazenta|Leftovers|[from] move: Knock Off|[of] p2a: Treadwrong Crush\n|move|p1a: Zamazenta|Iron Defense|p1a: Zamazenta\n|-boost|p1a: Zamazenta|def|2\n|\n|upkeep\n|turn|4\n|\n|t:|1700231242\n|-end|p2a: Treadwrong Crush|Protosynthesis|[silent]\n|switch|p2a: Jim Hawking|Sinistcha-Masterpiece|100\/100\n|move|p1a: Zamazenta|Iron Defense|p1a: Zamazenta\n|-boost|p1a: Zamazenta|def|2\n|\n|upkeep\n|turn|5\n|\n|t:|1700231260\n|move|p1a: Zamazenta|Crunch|p2a: Jim Hawking\n|-supereffective|p2a: Jim Hawking\n|-damage|p2a: Jim Hawking|62\/100\n|move|p2a: Jim Hawking|Matcha Gotcha|p1a: Zamazenta\n|-damage|p1a: Zamazenta|54\/100\n|-heal|p2a: Jim Hawking|77\/100|[from] drain|[of] p1a: Zamazenta\n|\n|-heal|p2a: Jim Hawking|83\/100|[from] item: Leftovers\n|upkeep\n|turn|6\n|\n|t:|1700231265\n|-terastallize|p1a: Zamazenta|Fire\n|move|p1a: Zamazenta|Crunch|p2a: Jim Hawking\n|-supereffective|p2a: Jim Hawking\n|-damage|p2a: Jim Hawking|48\/100\n|move|p2a: Jim Hawking|Matcha Gotcha|p1a: Zamazenta\n|-resisted|p1a: Zamazenta\n|-damage|p1a: Zamazenta|37\/100\n|-heal|p2a: Jim Hawking|56\/100|[from] drain|[of] p1a: Zamazenta\n|\n|-heal|p2a: Jim Hawking|62\/100|[from] item: Leftovers\n|upkeep\n|turn|7\n|\n|t:|1700231269\n|move|p1a: Zamazenta|Crunch|p2a: Jim Hawking\n|-supereffective|p2a: Jim Hawking\n|-damage|p2a: Jim Hawking|28\/100\n|-unboost|p2a: Jim Hawking|def|1\n|move|p2a: Jim Hawking|Strength Sap|p1a: Zamazenta\n|-unboost|p1a: Zamazenta|atk|1\n|-heal|p2a: Jim Hawking|100\/100\n|\n|upkeep\n|turn|8\n|\n|t:|1700231272\n|move|p1a: Zamazenta|Crunch|p2a: Jim Hawking\n|-supereffective|p2a: Jim Hawking\n|-damage|p2a: Jim Hawking|65\/100\n|move|p2a: Jim Hawking|Strength Sap|p1a: Zamazenta\n|-unboost|p1a: Zamazenta|atk|1\n|-heal|p2a: Jim Hawking|100\/100\n|\n|upkeep\n|turn|9\n|\n|t:|1700231282\n|move|p1a: Zamazenta|Crunch|p2a: Jim Hawking\n|-supereffective|p2a: Jim Hawking\n|-damage|p2a: Jim Hawking|71\/100\n|-unboost|p2a: Jim Hawking|def|1\n|move|p2a: Jim Hawking|Shadow Ball|p1a: Zamazenta\n|-damage|p1a: Zamazenta|9\/100\n|\n|-heal|p2a: Jim Hawking|77\/100|[from] item: Leftovers\n|upkeep\n|turn|10\n|\n|t:|1700231285\n|move|p1a: Zamazenta|Stone Edge|p2a: Jim Hawking\n|-damage|p2a: Jim Hawking|55\/100\n|move|p2a: Jim Hawking|Shadow Ball|p1a: Zamazenta\n|-damage|p1a: Zamazenta|0 fnt\n|faint|p1a: Zamazenta\n|\n|-heal|p2a: Jim Hawking|61\/100|[from] item: Leftovers\n|upkeep\n|\n|t:|1700231289\n|switch|p1a: Iron Moth|Iron Moth|100\/100\n|-enditem|p1a: Iron Moth|Booster Energy\n|-activate|p1a: Iron Moth|ability: Quark Drive|[fromitem]\n|-start|p1a: Iron Moth|quarkdrivespe\n|turn|11\n|\n|t:|1700231293\n|-end|p1a: Iron Moth|Quark Drive|[silent]\n|switch|p1a: Ogerpon|Ogerpon-Wellspring, F|100\/100\n|switch|p2a: Gilliam II|Heatran, M|100\/100\n|-item|p2a: Gilliam II|Air Balloon\n|\n|upkeep\n|turn|12\n|\n|t:|1700231298\n|switch|p2a: Twilight Suzuka|Ogerpon-Wellspring, F|100\/100\n|move|p1a: Ogerpon|Swords Dance|p1a: Ogerpon\n|-boost|p1a: Ogerpon|atk|2\n|\n|upkeep\n|turn|13\n|\n|t:|1700231301\n|move|p2a: Twilight Suzuka|Encore|p1a: Ogerpon\n|-start|p1a: Ogerpon|Encore\n|move|p1a: Ogerpon|Swords Dance|p1a: Ogerpon\n|-boost|p1a: Ogerpon|atk|2\n|\n|upkeep\n|turn|14\n|-message|mrdcaba11123 forfeited.\n|\n|win|UrSheerForce\n|raw|mrdcaba11123's rating: 1482 &rarr; <strong>1467<\/strong><br \/>(-15 for losing)\n|raw|UrSheerForce's rating: 1566 &rarr; <strong>1581<\/strong><br \/>(+15 for winning)\n|l|\u2606mrdcaba11123\n","uploadtime":1700231308,"views":11,"p1id":"mrdcaba11123","p2id":"ursheerforce","formatid":"gen9ou","rating":1467,"private":0,"password":""}