{"id":"gen9ou-1990839480","p1":"Wo-Chielupa Deluxe","p2":"critmonger","format":"[Gen 9] OU","log":"|j|\u2606Wo-Chielupa Deluxe\n|j|\u2606critmonger\n|t:|1700006237\n|gametype|singles\n|player|p1|Wo-Chielupa Deluxe|ingo|1435\n|player|p2|critmonger|fisherman|1340\n|teamsize|p1|6\n|teamsize|p2|6\n|gen|9\n|tier|[Gen 9] OU\n|rated|\n|rule|Sleep Clause Mod: Limit one foe put to sleep\n|rule|Species Clause: Limit one of each Pok\u00e9mon\n|rule|OHKO Clause: OHKO moves are banned\n|rule|Evasion Items Clause: Evasion items are banned\n|rule|Evasion Moves Clause: Evasion moves are banned\n|rule|Endless Battle Clause: Forcing endless battles is banned\n|rule|HP Percentage Mod: HP is shown in percentages\n|clearpoke\n|poke|p1|Torkoal, F|\n|poke|p1|Walking Wake|\n|poke|p1|Sneasler, F|\n|poke|p1|Rillaboom, M|\n|poke|p1|Great Tusk|\n|poke|p1|Zapdos|\n|poke|p2|Gholdengo|\n|poke|p2|Dragapult, F|\n|poke|p2|Landorus-Therian, M|\n|poke|p2|Ting-Lu|\n|poke|p2|Dragonite, F|\n|poke|p2|Walking Wake|\n|teampreview\n|inactive|Battle timer is ON: inactive players will automatically lose when time's up. (requested by critmonger)\n|\n|t:|1700006247\n|start\n|switch|p1a: Zapdos|Zapdos|100\/100\n|switch|p2a: Landorus|Landorus-Therian, M|100\/100\n|-ability|p2a: Landorus|Intimidate|boost\n|-unboost|p1a: Zapdos|atk|1\n|turn|1\n|\n|t:|1700006259\n|move|p2a: Landorus|Stealth Rock|p1a: Zapdos\n|-sidestart|p1: Wo-Chielupa Deluxe|move: Stealth Rock\n|move|p1a: Zapdos|U-turn|p2a: Landorus\n|-resisted|p2a: Landorus\n|-damage|p2a: Landorus|95\/100\n|\n|t:|1700006262\n|switch|p1a: Great Tusk|Great Tusk|100\/100|[from] U-turn\n|\n|upkeep\n|turn|2\n|\n|t:|1700006266\n|move|p2a: Landorus|Grass Knot|p1a: Great Tusk\n|-supereffective|p1a: Great Tusk\n|-damage|p1a: Great Tusk|0 fnt\n|faint|p1a: Great Tusk\n|-end|p1a: Great Tusk|Protosynthesis|[silent]\n|-damage|p2a: Landorus|86\/100|[from] item: Life Orb\n|\n|upkeep\n|\n|t:|1700006272\n|switch|p1a: Torkoal|Torkoal, F|100\/100\n|-damage|p1a: Torkoal|76\/100|[from] Stealth Rock\n|-weather|SunnyDay|[from] ability: Drought|[of] p1a: Torkoal\n|turn|3\n|\n|t:|1700006278\n|switch|p1a: Zapdos|Zapdos|100\/100\n|move|p2a: Landorus|Earthquake|p1a: Zapdos\n|-immune|p1a: Zapdos\n|\n|-weather|SunnyDay|[upkeep]\n|upkeep\n|turn|4\n|\n|t:|1700006282\n|switch|p2a: Gholdengo|Gholdengo|100\/100\n|move|p1a: Zapdos|Hurricane|p2a: Gholdengo\n|-resisted|p2a: Gholdengo\n|-damage|p2a: Gholdengo|80\/100\n|-start|p2a: Gholdengo|confusion\n|\n|-weather|SunnyDay|[upkeep]\n|-heal|p2a: Gholdengo|86\/100|[from] item: Leftovers\n|upkeep\n|turn|5\n|\n|t:|1700006291\n|switch|p2a: Ting-Lu|Ting-Lu|100\/100\n|-ability|p2a: Ting-Lu|Vessel of Ruin\n|move|p1a: Zapdos|Thunderbolt|p2a: Ting-Lu\n|-immune|p2a: Ting-Lu\n|\n|-weather|SunnyDay|[upkeep]\n|upkeep\n|turn|6\n|\n|t:|1700006295\n|move|p1a: Zapdos|U-turn|p2a: Ting-Lu\n|-supereffective|p2a: Ting-Lu\n|-damage|p2a: Ting-Lu|86\/100\n|\n|t:|1700006297\n|switch|p1a: Walking Wake|Walking Wake|100\/100|[from] U-turn\n|-damage|p1a: Walking Wake|88\/100|[from] Stealth Rock\n|-activate|p1a: Walking Wake|ability: Protosynthesis\n|-start|p1a: Walking Wake|protosynthesisspe\n|move|p2a: Ting-Lu|Spikes|p1a: Walking Wake\n|-sidestart|p1: Wo-Chielupa Deluxe|Spikes\n|\n|-weather|SunnyDay|[upkeep]\n|-heal|p2a: Ting-Lu|92\/100|[from] item: Leftovers\n|upkeep\n|turn|7\n|\n|t:|1700006305\n|switch|p2a: Walking Wake|Walking Wake|100\/100\n|-activate|p2a: Walking Wake|ability: Protosynthesis\n|-start|p2a: Walking Wake|protosynthesisspe\n|move|p1a: Walking Wake|Hydro Steam|p2a: Walking Wake\n|-resisted|p2a: Walking Wake\n|-damage|p2a: Walking Wake|75\/100\n|\n|-weather|SunnyDay|[upkeep]\n|upkeep\n|turn|8\n|\n|t:|1700006313\n|-end|p1a: Walking Wake|Protosynthesis|[silent]\n|switch|p1a: Zapdos|Zapdos|100\/100\n|move|p2a: Walking Wake|Draco Meteor|p1a: Zapdos\n|-crit|p1a: Zapdos\n|-damage|p1a: Zapdos|13\/100\n|-unboost|p2a: Walking Wake|spa|2\n|\n|-weather|SunnyDay|[upkeep]\n|upkeep\n|turn|9\n|\n|t:|1700006318\n|move|p2a: Walking Wake|Knock Off|p1a: Zapdos\n|-crit|p1a: Zapdos\n|-damage|p1a: Zapdos|0 fnt\n|-enditem|p1a: Zapdos|Heavy-Duty Boots|[from] move: Knock Off|[of] p2a: Walking Wake\n|faint|p1a: Zapdos\n|\n|-weather|SunnyDay|[upkeep]\n|upkeep\n|\n|t:|1700006322\n|switch|p1a: Rillaboom|Rillaboom, M|100\/100\n|-damage|p1a: Rillaboom|88\/100|[from] Stealth Rock\n|-damage|p1a: Rillaboom|76\/100|[from] Spikes\n|-fieldstart|move: Grassy Terrain|[from] ability: Grassy Surge|[of] p1a: Rillaboom\n|turn|10\n|\n|t:|1700006329\n|move|p2a: Walking Wake|Flip Turn|p1a: Rillaboom\n|-resisted|p1a: Rillaboom\n|-damage|p1a: Rillaboom|71\/100\n|\n|t:|1700006332\n|-end|p2a: Walking Wake|Protosynthesis|[silent]\n|switch|p2a: Landorus|Landorus-Therian, M|86\/100|[from] Flip Turn\n|-ability|p2a: Landorus|Intimidate|boost\n|-unboost|p1a: Rillaboom|atk|1\n|move|p1a: Rillaboom|U-turn|p2a: Landorus\n|-resisted|p2a: Landorus\n|-damage|p2a: Landorus|70\/100\n|\n|t:|1700006336\n|switch|p1a: Sneasler|Sneasler, F|100\/100|[from] U-turn\n|-damage|p1a: Sneasler|94\/100|[from] Stealth Rock\n|-damage|p1a: Sneasler|82\/100|[from] Spikes\n|-enditem|p1a: Sneasler|Grassy Seed\n|-boost|p1a: Sneasler|def|1|[from] item: Grassy Seed\n|\n|-weather|none\n|-heal|p1a: Sneasler|88\/100|[from] Grassy Terrain\n|upkeep\n|turn|11\n|\n|t:|1700006353\n|move|p1a: Sneasler|Swords Dance|p1a: Sneasler\n|-boost|p1a: Sneasler|atk|2\n|move|p2a: Landorus|Earthquake|p1a: Sneasler\n|-supereffective|p1a: Sneasler\n|-damage|p1a: Sneasler|26\/100\n|-damage|p2a: Landorus|61\/100|[from] item: Life Orb\n|\n|-heal|p1a: Sneasler|32\/100|[from] Grassy Terrain\n|upkeep\n|turn|12\n|\n|t:|1700006363\n|move|p1a: Sneasler|Shadow Claw|p2a: Landorus\n|-damage|p2a: Landorus|0 fnt\n|faint|p2a: Landorus\n|\n|-heal|p1a: Sneasler|38\/100|[from] Grassy Terrain\n|upkeep\n|inactive|critmonger has 120 seconds left.\n|inactive|critmonger has 90 seconds left.\n|\n|t:|1700006428\n|switch|p2a: Dragonite|Dragonite, F|100\/100\n|turn|13\n|\n|t:|1700006433\n|-terastallize|p1a: Sneasler|Ghost\n|-terastallize|p2a: Dragonite|Normal\n|move|p2a: Dragonite|Extreme Speed|p1a: Sneasler\n|-immune|p1a: Sneasler\n|move|p1a: Sneasler|Dire Claw|p2a: Dragonite\n|-damage|p2a: Dragonite|48\/100\n|-status|p2a: Dragonite|slp\n|\n|-heal|p1a: Sneasler|44\/100|[from] Grassy Terrain\n|-heal|p2a: Dragonite|55\/100 slp|[from] Grassy Terrain\n|upkeep\n|turn|14\n|c|\u2606critmonger|ouch lol\n|c|\u2606critmonger|should have seen that one coming gg\n|inactive|critmonger has 90 seconds left.\n|-message|critmonger forfeited.\n|\n|win|Wo-Chielupa Deluxe\n|raw|Wo-Chielupa Deluxe's rating: 1435 &rarr; <strong>1450<\/strong><br \/>(+15 for winning)\n|raw|critmonger's rating: 1340 &rarr; <strong>1325<\/strong><br \/>(-15 for losing)\n|l|\u2606critmonger\n","uploadtime":1700006459,"views":21,"p1id":"wochielupadeluxe","p2id":"critmonger","formatid":"gen9ou","rating":1325,"private":0,"password":""}