{"id":"gen9ou-1995584119","p1":"Supraxd","p2":"Silvanygst","format":"[Gen 9] OU","log":"|j|\u2606Supraxd\n|j|\u2606Silvanygst\n|t:|1700584986\n|gametype|singles\n|player|p1|Supraxd|steven|1308\n|player|p2|Silvanygst|170|1358\n|teamsize|p1|6\n|teamsize|p2|6\n|gen|9\n|tier|[Gen 9] OU\n|rated|\n|rule|Sleep Clause Mod: Limit one foe put to sleep\n|rule|Species Clause: Limit one of each Pok\u00e9mon\n|rule|OHKO Clause: OHKO moves are banned\n|rule|Evasion Items Clause: Evasion items are banned\n|rule|Evasion Moves Clause: Evasion moves are banned\n|rule|Endless Battle Clause: Forcing endless battles is banned\n|rule|HP Percentage Mod: HP is shown in percentages\n|clearpoke\n|poke|p1|Kingambit, F|\n|poke|p1|Manaphy|\n|poke|p1|Kommo-o, F|\n|poke|p1|Ogerpon-Cornerstone, F|\n|poke|p1|Iron Treads|\n|poke|p1|Iron Valiant|\n|poke|p2|Gholdengo|\n|poke|p2|Great Tusk|\n|poke|p2|Rotom-Wash|\n|poke|p2|Iron Valiant|\n|poke|p2|Dragonite, M|\n|poke|p2|Ting-Lu|\n|teampreview\n|inactive|Battle timer is ON: inactive players will automatically lose when time's up. (requested by Silvanygst)\n|inactive|Supraxd has 120 seconds left.\n|inactive|Supraxd has 90 seconds left.\n|\n|t:|1700585084\n|start\n|switch|p1a: Ogerpon|Ogerpon-Cornerstone, F|100\/100\n|switch|p2a: Rotom|Rotom-Wash|100\/100\n|turn|1\n|\n|t:|1700585097\n|move|p2a: Rotom|Protect|p2a: Rotom\n|-singleturn|p2a: Rotom|Protect\n|move|p1a: Ogerpon|Power Whip|p2a: Rotom\n|-activate|p2a: Rotom|move: Protect\n|\n|upkeep\n|turn|2\n|inactive|Supraxd has 120 seconds left.\n|inactive|Supraxd has 90 seconds left.\n|\n|t:|1700585153\n|-terastallize|p2a: Rotom|Steel\n|move|p1a: Ogerpon|Power Whip|p2a: Rotom\n|-resisted|p2a: Rotom\n|-damage|p2a: Rotom|74\/100\n|move|p2a: Rotom|Will-O-Wisp|p1a: Ogerpon\n|-status|p1a: Ogerpon|brn\n|\n|-heal|p2a: Rotom|80\/100|[from] item: Leftovers\n|-damage|p1a: Ogerpon|95\/100 brn|[from] brn\n|upkeep\n|turn|3\n|inactive|Supraxd has 90 seconds left.\n|\n|t:|1700585165\n|move|p1a: Ogerpon|Knock Off|p2a: Rotom\n|-damage|p2a: Rotom|65\/100\n|-enditem|p2a: Rotom|Leftovers|[from] move: Knock Off|[of] p1a: Ogerpon\n|move|p2a: Rotom|Volt Switch|p1a: Ogerpon\n|-resisted|p1a: Ogerpon\n|-damage|p1a: Ogerpon|80\/100 brn\n|\n|t:|1700585181\n|switch|p2a: Gholdengo|Gholdengo|100\/100|[from] Volt Switch\n|\n|-damage|p1a: Ogerpon|74\/100 brn|[from] brn\n|upkeep\n|turn|4\n|inactive|Supraxd has 90 seconds left.\n|\n|t:|1700585201\n|move|p2a: Gholdengo|Make It Rain|p1a: Ogerpon\n|-supereffective|p1a: Ogerpon\n|-damage|p1a: Ogerpon|0 fnt\n|-unboost|p2a: Gholdengo|spa|1\n|faint|p1a: Ogerpon\n|\n|upkeep\n|\n|t:|1700585209\n|switch|p1a: Kommo-o|Kommo-o, F|100\/100\n|turn|5\n|\n|t:|1700585217\n|switch|p2a: Iron Valiant|Iron Valiant|100\/100\n|-enditem|p2a: Iron Valiant|Booster Energy\n|-activate|p2a: Iron Valiant|ability: Quark Drive|[fromitem]\n|-start|p2a: Iron Valiant|quarkdrivespe\n|move|p1a: Kommo-o|Clangorous Soul|p1a: Kommo-o\n|-boost|p1a: Kommo-o|atk|1\n|-boost|p1a: Kommo-o|def|1\n|-boost|p1a: Kommo-o|spa|1\n|-boost|p1a: Kommo-o|spd|1\n|-boost|p1a: Kommo-o|spe|1\n|-damage|p1a: Kommo-o|68\/100\n|-enditem|p1a: Kommo-o|Throat Spray\n|-boost|p1a: Kommo-o|spa|1|[from] item: Throat Spray\n|\n|upkeep\n|turn|6\n|inactive|Supraxd has 90 seconds left.\n|inactive|Supraxd has 60 seconds left.\n|inactive|Supraxd has 30 seconds left.\n|\n|t:|1700585294\n|-terastallize|p1a: Kommo-o|Normal\n|move|p2a: Iron Valiant|Close Combat|p1a: Kommo-o\n|-supereffective|p1a: Kommo-o\n|-damage|p1a: Kommo-o|5\/100\n|-unboost|p2a: Iron Valiant|def|1\n|-unboost|p2a: Iron Valiant|spd|1\n|move|p1a: Kommo-o|Boomburst|p2a: Iron Valiant\n|-damage|p2a: Iron Valiant|0 fnt\n|faint|p2a: Iron Valiant\n|-end|p2a: Iron Valiant|Quark Drive|[silent]\n|\n|upkeep\n|\n|t:|1700585300\n|switch|p2a: Dragonite|Dragonite, M|100\/100\n|turn|7\n|\n|t:|1700585305\n|move|p2a: Dragonite|Extreme Speed|p1a: Kommo-o\n|-damage|p1a: Kommo-o|0 fnt\n|faint|p1a: Kommo-o\n|\n|upkeep\n|\n|t:|1700585307\n|switch|p1a: Iron Treads|Iron Treads|100\/100\n|-enditem|p1a: Iron Treads|Booster Energy\n|-activate|p1a: Iron Treads|ability: Quark Drive|[fromitem]\n|-start|p1a: Iron Treads|quarkdrivespe\n|turn|8\n|\n|t:|1700585315\n|switch|p2a: Great Tusk|Great Tusk|100\/100\n|move|p1a: Iron Treads|Iron Head|p2a: Great Tusk\n|-damage|p2a: Great Tusk|72\/100\n|\n|-heal|p2a: Great Tusk|78\/100|[from] item: Leftovers\n|upkeep\n|turn|9\n|inactive|Supraxd has 60 seconds left.\n|inactive|Supraxd has 30 seconds left.\n|\n|t:|1700585352\n|move|p1a: Iron Treads|Earthquake|p2a: Great Tusk\n|-damage|p2a: Great Tusk|43\/100\n|move|p2a: Great Tusk|Headlong Rush|p1a: Iron Treads\n|-supereffective|p1a: Iron Treads\n|-damage|p1a: Iron Treads|0 fnt\n|-unboost|p2a: Great Tusk|def|1\n|-unboost|p2a: Great Tusk|spd|1\n|faint|p1a: Iron Treads\n|-end|p1a: Iron Treads|Quark Drive|[silent]\n|\n|-heal|p2a: Great Tusk|50\/100|[from] item: Leftovers\n|upkeep\n|\n|t:|1700585356\n|switch|p1a: Manaphy|Manaphy|100\/100\n|turn|10\n|\n|t:|1700585360\n|move|p1a: Manaphy|Tail Glow|p1a: Manaphy\n|-boost|p1a: Manaphy|spa|3\n|move|p2a: Great Tusk|Headlong Rush|p1a: Manaphy\n|-damage|p1a: Manaphy|42\/100\n|-unboost|p2a: Great Tusk|def|1\n|-unboost|p2a: Great Tusk|spd|1\n|\n|-heal|p1a: Manaphy|48\/100|[from] item: Leftovers\n|-heal|p2a: Great Tusk|56\/100|[from] item: Leftovers\n|upkeep\n|turn|11\n|\n|t:|1700585362\n|move|p1a: Manaphy|Surf|p2a: Great Tusk\n|-supereffective|p2a: Great Tusk\n|-damage|p2a: Great Tusk|0 fnt\n|faint|p2a: Great Tusk\n|-end|p2a: Great Tusk|Protosynthesis|[silent]\n|\n|-heal|p1a: Manaphy|54\/100|[from] item: Leftovers\n|upkeep\n|\n|t:|1700585368\n|switch|p2a: Dragonite|Dragonite, M|100\/100\n|turn|12\n|inactive|Supraxd has 60 seconds left.\n|inactive|Supraxd has 30 seconds left.\n|inactive|Supraxd has 20 seconds left.\n|\n|t:|1700585422\n|switch|p2a: Rotom|Rotom-Wash, tera:Steel|65\/100\n|move|p1a: Manaphy|Ice Beam|p2a: Rotom\n|-resisted|p2a: Rotom\n|-damage|p2a: Rotom|30\/100\n|\n|-heal|p1a: Manaphy|60\/100|[from] item: Leftovers\n|upkeep\n|turn|13\n|inactive|Supraxd has 30 seconds left this turn.\n|\n|t:|1700585428\n|move|p1a: Manaphy|Surf|p2a: Rotom\n|-damage|p2a: Rotom|0 fnt\n|faint|p2a: Rotom\n|\n|-heal|p1a: Manaphy|66\/100|[from] item: Leftovers\n|upkeep\n|\n|t:|1700585433\n|switch|p2a: Gholdengo|Gholdengo|100\/100\n|turn|14\n|\n|t:|1700585441\n|move|p2a: Gholdengo|Shadow Ball|p1a: Manaphy\n|-damage|p1a: Manaphy|27\/100\n|move|p1a: Manaphy|Surf|p2a: Gholdengo\n|-damage|p2a: Gholdengo|0 fnt\n|faint|p2a: Gholdengo\n|\n|-heal|p1a: Manaphy|33\/100|[from] item: Leftovers\n|upkeep\n|\n|t:|1700585444\n|switch|p2a: Dragonite|Dragonite, M|100\/100\n|turn|15\n|\n|t:|1700585451\n|move|p2a: Dragonite|Extreme Speed|p1a: Manaphy\n|-damage|p1a: Manaphy|4\/100\n|move|p1a: Manaphy|Ice Beam|p2a: Dragonite\n|-supereffective|p2a: Dragonite\n|-damage|p2a: Dragonite|0 fnt\n|faint|p2a: Dragonite\n|\n|-heal|p1a: Manaphy|10\/100|[from] item: Leftovers\n|upkeep\n|-message|Silvanygst forfeited.\n|\n|win|Supraxd\n|raw|Supraxd's rating: 1308 &rarr; <strong>1331<\/strong><br \/>(+23 for winning)\n|raw|Silvanygst's rating: 1358 &rarr; <strong>1335<\/strong><br \/>(-23 for losing)\n|l|\u2606Silvanygst\n","uploadtime":1700585462,"views":1,"p1id":"supraxd","p2id":"silvanygst","formatid":"gen9ou","rating":1331,"private":0,"password":""}