{"id":"gen9ou-1992149937","p1":"Belike","p2":"Peratest","format":"[Gen 9] OU","log":"|j|\u2606Belike\n|j|\u203dPeratest\n|t:|1700159163\n|gametype|singles\n|player|p1|Belike|hugh|1582\n|player|p2|Peratest|linebacker|1587\n|teamsize|p1|6\n|teamsize|p2|6\n|gen|9\n|tier|[Gen 9] OU\n|rated|\n|rule|Sleep Clause Mod: Limit one foe put to sleep\n|rule|Species Clause: Limit one of each Pok\u00e9mon\n|rule|OHKO Clause: OHKO moves are banned\n|rule|Evasion Items Clause: Evasion items are banned\n|rule|Evasion Moves Clause: Evasion moves are banned\n|rule|Endless Battle Clause: Forcing endless battles is banned\n|rule|HP Percentage Mod: HP is shown in percentages\n|clearpoke\n|poke|p1|Zapdos|\n|poke|p1|Scizor, M|\n|poke|p1|Greninja-*, M|\n|poke|p1|Zamazenta-*|\n|poke|p1|Hatterene, F|\n|poke|p1|Lucario, F|\n|poke|p2|Ogerpon, F|\n|poke|p2|Dragonite, M|\n|poke|p2|Iron Valiant|\n|poke|p2|Ursaluna, M|\n|poke|p2|Corviknight, M|\n|poke|p2|Alomomola, F|\n|teampreview\n|inactive|Battle timer is ON: inactive players will automatically lose when time's up. (requested by Belike)\n|\n|t:|1700159176\n|start\n|switch|p1a: Zapdos|Zapdos|100\/100\n|switch|p2a: Alomomola|Alomomola, F, shiny|100\/100\n|turn|1\n|\n|t:|1700159185\n|move|p1a: Zapdos|Hurricane|p2a: Alomomola|[miss]\n|-miss|p1a: Zapdos|p2a: Alomomola\n|move|p2a: Alomomola|Flip Turn|p1a: Zapdos\n|-damage|p1a: Zapdos|83\/100\n|\n|t:|1700159193\n|switch|p2a: Ursaluna|Ursaluna, M, shiny|100\/100|[from] Flip Turn\n|\n|upkeep\n|turn|2\n|\n|t:|1700159199\n|move|p1a: Zapdos|Hurricane|p2a: Ursaluna\n|-damage|p2a: Ursaluna|50\/100\n|-start|p2a: Ursaluna|confusion\n|-activate|p2a: Ursaluna|confusion\n|-damage|p2a: Ursaluna|37\/100|[from] confusion\n|\n|upkeep\n|turn|3\n|\n|t:|1700159206\n|switch|p2a: Corviknight|Corviknight, M, shiny|100\/100\n|-ability|p2a: Corviknight|Pressure\n|move|p1a: Zapdos|Hurricane|p2a: Corviknight\n|-resisted|p2a: Corviknight\n|-damage|p2a: Corviknight|56\/100\n|-start|p2a: Corviknight|confusion\n|\n|upkeep\n|turn|4\n|\n|t:|1700159217\n|switch|p1a: Zamazenta|Zamazenta|100\/100\n|-ability|p1a: Zamazenta|Dauntless Shield|boost\n|-boost|p1a: Zamazenta|def|1\n|-activate|p2a: Corviknight|confusion\n|move|p2a: Corviknight|U-turn|p1a: Zamazenta\n|-resisted|p1a: Zamazenta\n|-damage|p1a: Zamazenta|97\/100\n|\n|t:|1700159230\n|switch|p2a: Iron Valiant|Iron Valiant, shiny|100\/100|[from] U-turn\n|-enditem|p2a: Iron Valiant|Booster Energy\n|-activate|p2a: Iron Valiant|ability: Quark Drive|[fromitem]\n|-start|p2a: Iron Valiant|quarkdrivespe\n|\n|-heal|p1a: Zamazenta|100\/100|[from] item: Leftovers\n|upkeep\n|turn|5\n|\n|t:|1700159245\n|-terastallize|p2a: Iron Valiant|Electric\n|-terastallize|p1a: Zamazenta|Fire\n|move|p2a: Iron Valiant|Calm Mind|p2a: Iron Valiant\n|-boost|p2a: Iron Valiant|spa|1\n|-boost|p2a: Iron Valiant|spd|1\n|move|p1a: Zamazenta|Heavy Slam|p2a: Iron Valiant\n|-resisted|p2a: Iron Valiant\n|-damage|p2a: Iron Valiant|77\/100\n|\n|upkeep\n|turn|6\n|\n|t:|1700159260\n|move|p2a: Iron Valiant|Encore|p1a: Zamazenta\n|-start|p1a: Zamazenta|Encore\n|move|p1a: Zamazenta|Heavy Slam|p2a: Iron Valiant\n|-resisted|p2a: Iron Valiant\n|-damage|p2a: Iron Valiant|53\/100\n|\n|upkeep\n|turn|7\n|\n|t:|1700159267\n|move|p2a: Iron Valiant|Thunderbolt|p1a: Zamazenta\n|-crit|p1a: Zamazenta\n|-damage|p1a: Zamazenta|19\/100\n|move|p1a: Zamazenta|Heavy Slam|p2a: Iron Valiant\n|-resisted|p2a: Iron Valiant\n|-damage|p2a: Iron Valiant|29\/100\n|\n|-heal|p1a: Zamazenta|25\/100|[from] item: Leftovers\n|upkeep\n|turn|8\n|\n|t:|1700159276\n|move|p2a: Iron Valiant|Thunderbolt|p1a: Zamazenta\n|-damage|p1a: Zamazenta|0 fnt\n|faint|p1a: Zamazenta\n|\n|upkeep\n|\n|t:|1700159278\n|switch|p1a: Lucario|Lucario, F|100\/100\n|turn|9\n|\n|t:|1700159287\n|-end|p2a: Iron Valiant|Quark Drive|[silent]\n|switch|p2a: Alomomola|Alomomola, F, shiny|100\/100\n|move|p1a: Lucario|Extreme Speed|p2a: Alomomola\n|-damage|p2a: Alomomola|86\/100\n|-enditem|p2a: Alomomola|Red Card|[of] p1a: Lucario\n|drag|p1a: Scizor|Scizor, M|100\/100\n|\n|upkeep\n|turn|10\n|\n|t:|1700159297\n|move|p1a: Scizor|U-turn|p2a: Alomomola\n|-damage|p2a: Alomomola|48\/100\n|\n|t:|1700159300\n|switch|p1a: Zapdos|Zapdos|83\/100|[from] U-turn\n|move|p2a: Alomomola|Wish|p2a: Alomomola\n|\n|upkeep\n|turn|11\n|\n|t:|1700159311\n|switch|p2a: Ursaluna|Ursaluna, M, shiny|37\/100\n|move|p1a: Zapdos|Hurricane|p2a: Ursaluna\n|-damage|p2a: Ursaluna|0 fnt\n|faint|p2a: Ursaluna\n|\n|upkeep\n|\n|t:|1700159323\n|switch|p2a: Iron Valiant|Iron Valiant, shiny, tera:Electric|29\/100\n|turn|12\n|\n|t:|1700159328\n|move|p2a: Iron Valiant|Thunderbolt|p1a: Zapdos\n|-damage|p1a: Zapdos|38\/100\n|move|p1a: Zapdos|Hurricane|p2a: Iron Valiant\n|-resisted|p2a: Iron Valiant\n|-damage|p2a: Iron Valiant|0 fnt\n|faint|p2a: Iron Valiant\n|-end|p2a: Iron Valiant|Quark Drive|[silent]\n|\n|upkeep\n|\n|t:|1700159339\n|switch|p2a: Ogerpon|Ogerpon, F|100\/100\n|turn|13\n|\n|t:|1700159343\n|move|p2a: Ogerpon|Ivy Cudgel|p1a: Zapdos\n|-resisted|p1a: Zapdos\n|-damage|p1a: Zapdos|0 fnt\n|faint|p1a: Zapdos\n|\n|upkeep\n|\n|t:|1700159346\n|switch|p1a: Scizor|Scizor, M|100\/100\n|turn|14\n|\n|t:|1700159352\n|switch|p2a: Corviknight|Corviknight, M, shiny|56\/100\n|-ability|p2a: Corviknight|Pressure\n|move|p1a: Scizor|U-turn|p2a: Corviknight\n|-resisted|p2a: Corviknight\n|-damage|p2a: Corviknight|47\/100\n|-damage|p1a: Scizor|84\/100|[from] item: Rocky Helmet|[of] p2a: Corviknight\n|\n|t:|1700159360\n|switch|p1a: Greninja|Greninja, M|100\/100|[from] U-turn\n|\n|upkeep\n|turn|15\n|\n|t:|1700159368\n|switch|p2a: Alomomola|Alomomola, F, shiny|81\/100\n|move|p1a: Greninja|Dark Pulse|p2a: Alomomola\n|-damage|p2a: Alomomola|36\/100\n|-damage|p1a: Greninja|91\/100|[from] item: Life Orb\n|\n|upkeep\n|turn|16\n|\n|t:|1700159392\n|move|p1a: Greninja|Dark Pulse|p2a: Alomomola\n|-damage|p2a: Alomomola|0 fnt\n|faint|p2a: Alomomola\n|-ability|p1a: Greninja|Battle Bond|boost\n|-boost|p1a: Greninja|atk|1\n|-boost|p1a: Greninja|spa|1\n|-boost|p1a: Greninja|spe|1\n|-activate|p1a: Greninja|ability: Battle Bond\n|-damage|p1a: Greninja|81\/100|[from] item: Life Orb\n|\n|upkeep\n|\n|t:|1700159401\n|switch|p2a: Dragonite|Dragonite, M, shiny|100\/100\n|turn|17\n|\n|t:|1700159405\n|move|p2a: Dragonite|Extreme Speed|p1a: Greninja\n|-damage|p1a: Greninja|30\/100\n|move|p1a: Greninja|Ice Beam|p2a: Dragonite\n|-supereffective|p2a: Dragonite\n|-damage|p2a: Dragonite|0 fnt\n|faint|p2a: Dragonite\n|-damage|p1a: Greninja|20\/100|[from] item: Life Orb\n|\n|upkeep\n|\n|t:|1700159415\n|switch|p2a: Corviknight|Corviknight, M, shiny|47\/100\n|-ability|p2a: Corviknight|Pressure\n|turn|18\n|\n|t:|1700159419\n|move|p1a: Greninja|Surf|p2a: Corviknight\n|-damage|p2a: Corviknight|0 fnt\n|faint|p2a: Corviknight\n|-damage|p1a: Greninja|11\/100|[from] item: Life Orb\n|\n|upkeep\n|\n|t:|1700159425\n|switch|p2a: Ogerpon|Ogerpon, F|100\/100\n|turn|19\n|\n|t:|1700159430\n|move|p1a: Greninja|Ice Beam|p2a: Ogerpon\n|-supereffective|p2a: Ogerpon\n|-damage|p2a: Ogerpon|0 fnt\n|faint|p2a: Ogerpon\n|-damage|p1a: Greninja|1\/100|[from] item: Life Orb\n|\n|win|Belike\n|raw|Belike's rating: 1582 &rarr; <strong>1602<\/strong><br \/>(+20 for winning)\n|raw|Peratest's rating: 1587 &rarr; <strong>1567<\/strong><br \/>(-20 for losing)\n|l|\u2606Belike\n","uploadtime":1700159490,"views":8,"p1id":"belike","p2id":"peratest","formatid":"gen9ou","rating":1567,"private":0,"password":""}