{"id":"gen9ou-1995106883","p1":"The Real Life G","p2":"Geekco","format":"[Gen 9] OU","log":"|j|\u2606The Real Life G\n|j|\u2606Geekco\n|t:|1700523298\n|gametype|singles\n|player|p1|The Real Life G|hilbert|1308\n|player|p2|Geekco|calem-masters|1341\n|teamsize|p1|6\n|teamsize|p2|6\n|gen|9\n|tier|[Gen 9] OU\n|rated|\n|rule|Sleep Clause Mod: Limit one foe put to sleep\n|rule|Species Clause: Limit one of each Pok\u00e9mon\n|rule|OHKO Clause: OHKO moves are banned\n|rule|Evasion Items Clause: Evasion items are banned\n|rule|Evasion Moves Clause: Evasion moves are banned\n|rule|Endless Battle Clause: Forcing endless battles is banned\n|rule|HP Percentage Mod: HP is shown in percentages\n|clearpoke\n|poke|p1|Great Tusk|\n|poke|p1|Zapdos|\n|poke|p1|Toxapex, M|\n|poke|p1|Cinderace, F|\n|poke|p1|Kingambit, M|\n|poke|p1|Hatterene, F|\n|poke|p2|Ceruledge, F|\n|poke|p2|Cinderace, M|\n|poke|p2|Blissey, F|\n|poke|p2|Slowking-Galar, F|\n|poke|p2|Kingambit, F|\n|poke|p2|Corviknight, F|\n|teampreview\n|inactive|Battle timer is ON: inactive players will automatically lose when time's up. (requested by Geekco)\n|\n|t:|1700523302\n|start\n|switch|p1a: Stun|Zapdos|100\/100\n|switch|p2a: Cinderace|Cinderace, M|100\/100\n|turn|1\n|\n|t:|1700523309\n|move|p2a: Cinderace|U-turn|p1a: Stun\n|-start|p2a: Cinderace|typechange|Bug|[from] ability: Libero\n|-resisted|p1a: Stun\n|-damage|p1a: Stun|78\/100\n|-status|p2a: Cinderace|par|[from] ability: Static|[of] p1a: Stun\n|c|\u2606Geekco|classic\n|\n|t:|1700523322\n|switch|p2a: Blissey|Blissey, F|100\/100|[from] U-turn\n|move|p1a: Stun|Hurricane|p2a: Blissey|[miss]\n|-miss|p1a: Stun|p2a: Blissey\n|\n|upkeep\n|turn|2\n|c|\u2606The Real Life G|damn bro\n|c|\u2606The Real Life G|im sorry\n|\n|t:|1700523331\n|move|p1a: Stun|Volt Switch|p2a: Blissey\n|-damage|p2a: Blissey|87\/100\n|\n|t:|1700523344\n|switch|p1a: Phoole|Hatterene, F|100\/100|[from] Volt Switch\n|move|p2a: Blissey|Stealth Rock|p1a: Phoole\n|move|p1a: Phoole|Stealth Rock|p2a: Blissey|[from]ability: Magic Bounce\n|-sidestart|p2: Geekco|move: Stealth Rock\n|\n|upkeep\n|turn|3\n|\n|t:|1700523354\n|switch|p1a: Cinderace|Cinderace, F|100\/100\n|move|p2a: Blissey|Seismic Toss|p1a: Cinderace\n|-damage|p1a: Cinderace|67\/100\n|\n|upkeep\n|turn|4\n|\n|t:|1700523360\n|switch|p2a: Cinderace|Cinderace, M|100\/100 par\n|move|p1a: Cinderace|Pyro Ball|p2a: Cinderace\n|-resisted|p2a: Cinderace\n|-damage|p2a: Cinderace|62\/100 par\n|\n|upkeep\n|turn|5\n|\n|t:|1700523368\n|move|p1a: Cinderace|Pyro Ball|p2a: Cinderace\n|-resisted|p2a: Cinderace\n|-damage|p2a: Cinderace|23\/100 par\n|move|p2a: Cinderace|Court Change|p2a: Cinderace\n|-start|p2a: Cinderace|typechange|Normal|[from] ability: Libero\n|-swapsideconditions\n|-activate|p2a: Cinderace|move: Court Change\n|\n|upkeep\n|turn|6\n|\n|t:|1700523378\n|switch|p2a: Slowking|Slowking-Galar, F|100\/100\n|move|p1a: Cinderace|U-turn|p2a: Slowking\n|-start|p1a: Cinderace|typechange|Bug|[from] ability: Libero\n|-damage|p2a: Slowking|78\/100\n|\n|t:|1700523394\n|switch|p1a: Tusker|Great Tusk|100\/100|[from] U-turn\n|-damage|p1a: Tusker|98\/100|[from] Stealth Rock\n|-enditem|p1a: Tusker|Booster Energy\n|-activate|p1a: Tusker|ability: Protosynthesis|[fromitem]\n|-start|p1a: Tusker|protosynthesisspe\n|\n|upkeep\n|turn|7\n|\n|t:|1700523411\n|move|p1a: Tusker|Bulk Up|p1a: Tusker\n|-boost|p1a: Tusker|atk|1\n|-boost|p1a: Tusker|def|1\n|move|p2a: Slowking|Future Sight|p1a: Tusker\n|-start|p2a: Slowking|move: Future Sight\n|\n|upkeep\n|turn|8\n|\n|t:|1700523418\n|move|p1a: Tusker|Headlong Rush|p2a: Slowking\n|-supereffective|p2a: Slowking\n|-damage|p2a: Slowking|0 fnt\n|-unboost|p1a: Tusker|def|1\n|-unboost|p1a: Tusker|spd|1\n|faint|p2a: Slowking\n|\n|upkeep\n|\n|t:|1700523428\n|switch|p2a: Ceruledge|Ceruledge, F|100\/100\n|turn|9\n|\n|t:|1700523434\n|move|p1a: Tusker|Headlong Rush|p2a: Ceruledge\n|-supereffective|p2a: Ceruledge\n|-enditem|p2a: Ceruledge|Focus Sash\n|-damage|p2a: Ceruledge|1\/100\n|-unboost|p1a: Tusker|def|1\n|-unboost|p1a: Tusker|spd|1\n|-ability|p2a: Ceruledge|Weak Armor|boost\n|-unboost|p2a: Ceruledge|def|1\n|-boost|p2a: Ceruledge|spe|2\n|move|p2a: Ceruledge|Swords Dance|p2a: Ceruledge\n|-boost|p2a: Ceruledge|atk|2\n|\n|-end|p1a: Tusker|move: Future Sight\n|-supereffective|p1a: Tusker\n|-damage|p1a: Tusker|0 fnt\n|faint|p1a: Tusker\n|-end|p1a: Tusker|Protosynthesis|[silent]\n|upkeep\n|\n|t:|1700523439\n|switch|p1a: Cinderace|Cinderace, F|67\/100\n|turn|10\n|\n|t:|1700523455\n|move|p1a: Cinderace|Sucker Punch|p2a: Ceruledge\n|-start|p1a: Cinderace|typechange|Dark|[from] ability: Libero\n|-supereffective|p2a: Ceruledge\n|-damage|p2a: Ceruledge|0 fnt\n|faint|p2a: Ceruledge\n|\n|upkeep\n|\n|t:|1700523465\n|switch|p2a: Corviknight|Corviknight, F|100\/100\n|-ability|p2a: Corviknight|Pressure\n|turn|11\n|\n|t:|1700523470\n|move|p1a: Cinderace|Court Change|p1a: Cinderace\n|-swapsideconditions\n|-activate|p1a: Cinderace|move: Court Change\n|move|p2a: Corviknight|Body Press|p1a: Cinderace\n|-supereffective|p1a: Cinderace\n|-damage|p1a: Cinderace|0 fnt\n|faint|p1a: Cinderace\n|\n|upkeep\n|\n|t:|1700523475\n|switch|p1a: Stun|Zapdos|78\/100\n|turn|12\n|\n|t:|1700523480\n|switch|p2a: Blissey|Blissey, F|87\/100\n|move|p1a: Stun|Thunderbolt|p2a: Blissey\n|-damage|p2a: Blissey|70\/100\n|\n|upkeep\n|turn|13\n|\n|t:|1700523489\n|switch|p1a: Bo|Kingambit, M|100\/100\n|-activate|p1a: Bo|ability: Supreme Overlord\n|-start|p1a: Bo|fallen2|[silent]\n|move|p2a: Blissey|Stealth Rock|p1a: Bo\n|-sidestart|p1: The Real Life G|move: Stealth Rock\n|\n|upkeep\n|turn|14\n|\n|t:|1700523499\n|switch|p2a: Corviknight|Corviknight, F|100\/100\n|-damage|p2a: Corviknight|88\/100|[from] Stealth Rock\n|-ability|p2a: Corviknight|Pressure\n|move|p1a: Bo|Swords Dance|p1a: Bo\n|-boost|p1a: Bo|atk|2\n|\n|upkeep\n|turn|15\n|\n|t:|1700523510\n|-terastallize|p1a: Bo|Flying\n|move|p1a: Bo|Swords Dance|p1a: Bo\n|-boost|p1a: Bo|atk|2\n|move|p2a: Corviknight|Body Press|p1a: Bo\n|-resisted|p1a: Bo\n|-damage|p1a: Bo|89\/100\n|\n|upkeep\n|turn|16\n|\n|t:|1700523521\n|move|p1a: Bo|Kowtow Cleave|p2a: Corviknight\n|-damage|p2a: Corviknight|0 fnt\n|-damage|p1a: Bo|73\/100|[from] item: Rocky Helmet|[of] p2a: Corviknight\n|faint|p2a: Corviknight\n|\n|upkeep\n|\n|t:|1700523527\n|switch|p2a: Kingambit|Kingambit, F|100\/100\n|-damage|p2a: Kingambit|94\/100|[from] Stealth Rock\n|-activate|p2a: Kingambit|ability: Supreme Overlord\n|-start|p2a: Kingambit|fallen3|[silent]\n|turn|17\n|\n|t:|1700523534\n|move|p1a: Bo|Kowtow Cleave|p2a: Kingambit\n|-resisted|p2a: Kingambit\n|-damage|p2a: Kingambit|23\/100\n|move|p2a: Kingambit|Kowtow Cleave|p1a: Bo\n|-damage|p1a: Bo|21\/100\n|\n|-heal|p2a: Kingambit|29\/100|[from] item: Leftovers\n|upkeep\n|turn|18\n|\n|t:|1700523542\n|move|p1a: Bo|Sucker Punch|p2a: Kingambit\n|-resisted|p2a: Kingambit\n|-damage|p2a: Kingambit|0 fnt\n|faint|p2a: Kingambit\n|-end|p2a: Kingambit|fallen3|[silent]\n|\n|upkeep\n|\n|t:|1700523547\n|switch|p2a: Blissey|Blissey, F|70\/100\n|turn|19\n|\n|t:|1700523551\n|move|p1a: Bo|Kowtow Cleave|p2a: Blissey\n|-damage|p2a: Blissey|0 fnt\n|faint|p2a: Blissey\n|\n|upkeep\n|\n|t:|1700523556\n|switch|p2a: Cinderace|Cinderace, M|23\/100 par\n|turn|20\n|\n|t:|1700523560\n|move|p1a: Bo|Sucker Punch|p2a: Cinderace\n|-damage|p2a: Cinderace|0 fnt\n|faint|p2a: Cinderace\n|\n|win|The Real Life G\n|raw|The Real Life G's rating: 1308 &rarr; <strong>1330<\/strong><br \/>(+22 for winning)\n|raw|Geekco's rating: 1341 &rarr; <strong>1319<\/strong><br \/>(-22 for losing)\n|c|\u2606The Real Life G|gg\n|c|\u2606Geekco|gg\n|l|\u2606Geekco\n","uploadtime":1700523737,"views":5,"p1id":"thereallifeg","p2id":"geekco","formatid":"gen9ou","rating":1319,"private":0,"password":""}