{"id":"gen9ou-1989609001","p1":"Alexrdriguez88","p2":"legendspammer243","format":"[Gen 9] OU","log":"|j|\u2606Alexrdriguez88\n|j|\u2606legendspammer243\n|t:|1699878348\n|gametype|singles\n|player|p1|Alexrdriguez88|265|1309\n|player|p2|legendspammer243|guitarist-gen4|1269\n|teamsize|p1|6\n|teamsize|p2|6\n|gen|9\n|tier|[Gen 9] OU\n|rated|\n|rule|Sleep Clause Mod: Limit one foe put to sleep\n|rule|Species Clause: Limit one of each Pok\u00e9mon\n|rule|OHKO Clause: OHKO moves are banned\n|rule|Evasion Items Clause: Evasion items are banned\n|rule|Evasion Moves Clause: Evasion moves are banned\n|rule|Endless Battle Clause: Forcing endless battles is banned\n|rule|HP Percentage Mod: HP is shown in percentages\n|clearpoke\n|poke|p1|Greninja-*, M|\n|poke|p1|Hydreigon, M|\n|poke|p1|Mandibuzz, F|\n|poke|p1|Muk-Alola, M|\n|poke|p1|Sableye, M|\n|poke|p1|Kingambit, M|\n|poke|p2|Hawlucha, M|\n|poke|p2|Krookodile, M|\n|poke|p2|Dipplin, M|\n|poke|p2|Forretress, F|\n|poke|p2|Milotic, F|\n|poke|p2|Espeon, F|\n|teampreview\n|inactive|Battle timer is ON: inactive players will automatically lose when time's up. (requested by Alexrdriguez88)\n|\n|t:|1699878356\n|start\n|switch|p1a: Hydreigon|Hydreigon, M|100\/100\n|switch|p2a: Forretress|Forretress, F|100\/100\n|turn|1\n|\n|t:|1699878374\n|move|p1a: Hydreigon|Flamethrower|p2a: Forretress\n|-supereffective|p2a: Forretress\n|-ability|p2a: Forretress|Sturdy\n|-damage|p2a: Forretress|1\/100\n|move|p2a: Forretress|Stealth Rock|p1a: Hydreigon\n|-sidestart|p1: Alexrdriguez88|move: Stealth Rock\n|\n|upkeep\n|turn|2\n|-enditem|p2a: Forretress|Custap Berry|[eat]\n|-activate|p2a: Forretress|item: Custap Berry|[consumed]\n|\n|t:|1699878380\n|move|p2a: Forretress|Explosion|p1a: Hydreigon\n|-damage|p1a: Hydreigon|18\/100\n|faint|p2a: Forretress\n|move|p1a: Hydreigon|Flamethrower|p2: Forretress|[notarget]\n|-fail|p1a: Hydreigon\n|\n|upkeep\n|\n|t:|1699878402\n|switch|p2a: Milotic|Milotic, F|100\/100\n|turn|3\n|\n|t:|1699878409\n|switch|p1a: Mandibuzz|Mandibuzz, F|100\/100\n|-damage|p1a: Mandibuzz|76\/100|[from] Stealth Rock\n|move|p2a: Milotic|Scald|p1a: Mandibuzz\n|-damage|p1a: Mandibuzz|53\/100\n|\n|upkeep\n|turn|4\n|\n|t:|1699878413\n|move|p2a: Milotic|Scald|p1a: Mandibuzz\n|-damage|p1a: Mandibuzz|30\/100\n|move|p1a: Mandibuzz|Defog|p2a: Milotic\n|-unboost|p2a: Milotic|evasion|1\n|-sideend|p1: Alexrdriguez88|Stealth Rock|[from] move: Defog|[of] p1a: Mandibuzz\n|\n|upkeep\n|turn|5\n|\n|t:|1699878421\n|switch|p1a: Sableye|Sableye, M|100\/100\n|move|p2a: Milotic|Scald|p1a: Sableye\n|-damage|p1a: Sableye|69\/100\n|-status|p1a: Sableye|brn\n|\n|-heal|p1a: Sableye|75\/100 brn|[from] item: Leftovers\n|-damage|p1a: Sableye|69\/100 brn|[from] brn\n|upkeep\n|turn|6\n|\n|t:|1699878425\n|move|p1a: Sableye|Disable|p2a: Milotic\n|-start|p2a: Milotic|Disable|Scald\n|cant|p2a: Milotic|Disable|Scald\n|\n|-heal|p1a: Sableye|75\/100 brn|[from] item: Leftovers\n|-damage|p1a: Sableye|69\/100 brn|[from] brn\n|upkeep\n|turn|7\n|\n|t:|1699878430\n|switch|p2a: Espeon|Espeon, F|100\/100\n|move|p1a: Sableye|Encore|p2a: Espeon\n|move|p2a: Espeon|Encore||[from]ability: Magic Bounce|[still]\n|-fail|p2a: Espeon\n|\n|-heal|p1a: Sableye|75\/100 brn|[from] item: Leftovers\n|-damage|p1a: Sableye|69\/100 brn|[from] brn\n|upkeep\n|turn|8\n|\n|t:|1699878436\n|switch|p1a: Muk|Muk-Alola, M|100\/100\n|move|p2a: Espeon|Dazzling Gleam|p1a: Muk\n|-damage|p1a: Muk|87\/100\n|\n|upkeep\n|turn|9\n|\n|t:|1699878442\n|move|p2a: Espeon|Dazzling Gleam|p1a: Muk\n|-crit|p1a: Muk\n|-damage|p1a: Muk|66\/100\n|move|p1a: Muk|Knock Off|p2a: Espeon\n|-supereffective|p2a: Espeon\n|-damage|p2a: Espeon|0 fnt\n|-enditem|p2a: Espeon|Leftovers|[from] move: Knock Off|[of] p1a: Muk\n|faint|p2a: Espeon\n|\n|upkeep\n|\n|t:|1699878448\n|switch|p2a: Hawlucha|Hawlucha, M|100\/100\n|turn|10\n|\n|t:|1699878453\n|switch|p1a: Sableye|Sableye, M|69\/100 brn\n|move|p2a: Hawlucha|Sky Attack||[still]\n|-prepare|p2a: Hawlucha|Sky Attack\n|-enditem|p2a: Hawlucha|Power Herb\n|-anim|p2a: Hawlucha|Sky Attack|p1a: Sableye\n|-damage|p1a: Sableye|0 fnt\n|faint|p1a: Sableye\n|\n|upkeep\n|\n|t:|1699878457\n|switch|p1a: Mandibuzz|Mandibuzz, F|30\/100\n|turn|11\n|\n|t:|1699878463\n|move|p2a: Hawlucha|Acrobatics|p1a: Mandibuzz\n|-damage|p1a: Mandibuzz|0 fnt\n|-damage|p2a: Hawlucha|84\/100|[from] item: Rocky Helmet|[of] p1a: Mandibuzz\n|faint|p1a: Mandibuzz\n|\n|upkeep\n|\n|t:|1699878468\n|switch|p1a: Hydreigon|Hydreigon, M|18\/100\n|turn|12\n|\n|t:|1699878482\n|switch|p1a: Kingambit|Kingambit, M|100\/100\n|-activate|p1a: Kingambit|ability: Supreme Overlord\n|-start|p1a: Kingambit|fallen2|[silent]\n|move|p2a: Hawlucha|Acrobatics|p1a: Kingambit\n|-resisted|p1a: Kingambit\n|-damage|p1a: Kingambit|79\/100\n|\n|upkeep\n|turn|13\n|\n|t:|1699878487\n|move|p1a: Kingambit|Sucker Punch|p2a: Hawlucha\n|-resisted|p2a: Hawlucha\n|-damage|p2a: Hawlucha|46\/100\n|move|p2a: Hawlucha|Close Combat|p1a: Kingambit\n|-supereffective|p1a: Kingambit\n|-damage|p1a: Kingambit|0 fnt\n|-unboost|p2a: Hawlucha|def|1\n|-unboost|p2a: Hawlucha|spd|1\n|faint|p1a: Kingambit\n|-end|p1a: Kingambit|fallen2|[silent]\n|\n|upkeep\n|\n|t:|1699878493\n|switch|p1a: Greninja|Greninja, M|100\/100\n|turn|14\n|\n|t:|1699878496\n|move|p1a: Greninja|Water Shuriken|p2a: Hawlucha\n|-damage|p2a: Hawlucha|29\/100\n|-damage|p2a: Hawlucha|11\/100\n|-damage|p2a: Hawlucha|0 fnt\n|faint|p2a: Hawlucha\n|-ability|p1a: Greninja|Battle Bond|boost\n|-boost|p1a: Greninja|atk|1\n|-boost|p1a: Greninja|spa|1\n|-boost|p1a: Greninja|spe|1\n|-activate|p1a: Greninja|ability: Battle Bond\n|-hitcount|p2: Hawlucha|3\n|\n|upkeep\n|\n|t:|1699878505\n|switch|p2a: Milotic|Milotic, F|100\/100\n|turn|15\n|\n|t:|1699878509\n|move|p1a: Greninja|Dark Pulse|p2a: Milotic\n|-damage|p2a: Milotic|70\/100\n|move|p2a: Milotic|Mirror Coat|p1a: Greninja\n|-immune|p1a: Greninja\n|\n|upkeep\n|turn|16\n|\n|t:|1699878516\n|move|p1a: Greninja|Dark Pulse|p2a: Milotic\n|-damage|p2a: Milotic|38\/100\n|move|p2a: Milotic|Scald|p1a: Greninja\n|-resisted|p1a: Greninja\n|-damage|p1a: Greninja|77\/100\n|\n|upkeep\n|turn|17\n|\n|t:|1699878518\n|move|p1a: Greninja|Dark Pulse|p2a: Milotic\n|-damage|p2a: Milotic|9\/100\n|move|p2a: Milotic|Recover|p2a: Milotic\n|-heal|p2a: Milotic|59\/100\n|\n|upkeep\n|turn|18\n|\n|t:|1699878522\n|move|p1a: Greninja|Dark Pulse|p2a: Milotic\n|-damage|p2a: Milotic|31\/100\n|move|p2a: Milotic|Recover|p2a: Milotic\n|-heal|p2a: Milotic|81\/100\n|\n|upkeep\n|turn|19\n|\n|t:|1699878525\n|move|p1a: Greninja|Dark Pulse|p2a: Milotic\n|-damage|p2a: Milotic|51\/100\n|move|p2a: Milotic|Scald|p1a: Greninja\n|-resisted|p1a: Greninja\n|-damage|p1a: Greninja|56\/100\n|\n|upkeep\n|turn|20\n|\n|t:|1699878528\n|move|p1a: Greninja|Dark Pulse|p2a: Milotic\n|-damage|p2a: Milotic|21\/100\n|move|p2a: Milotic|Recover|p2a: Milotic\n|-heal|p2a: Milotic|71\/100\n|\n|upkeep\n|turn|21\n|\n|t:|1699878530\n|move|p1a: Greninja|Dark Pulse|p2a: Milotic\n|-damage|p2a: Milotic|41\/100\n|move|p2a: Milotic|Haze|p2a: Milotic\n|-clearallboost\n|\n|upkeep\n|turn|22\n|\n|t:|1699878533\n|move|p1a: Greninja|Dark Pulse|p2a: Milotic\n|-damage|p2a: Milotic|21\/100\n|move|p2a: Milotic|Recover|p2a: Milotic\n|-heal|p2a: Milotic|71\/100\n|\n|upkeep\n|turn|23\n|\n|t:|1699878536\n|move|p1a: Greninja|U-turn|p2a: Milotic\n|-damage|p2a: Milotic|57\/100\n|\n|t:|1699878538\n|switch|p1a: Hydreigon|Hydreigon, M|18\/100|[from] U-turn\n|move|p2a: Milotic|Scald|p1a: Hydreigon\n|-resisted|p1a: Hydreigon\n|-damage|p1a: Hydreigon|2\/100\n|\n|upkeep\n|turn|24\n|\n|t:|1699878542\n|-terastallize|p1a: Hydreigon|Electric\n|move|p1a: Hydreigon|Tera Blast|p2a: Milotic|[anim] Tera Blast Electric\n|-supereffective|p2a: Milotic\n|-damage|p2a: Milotic|4\/100\n|move|p2a: Milotic|Recover|p2a: Milotic\n|-heal|p2a: Milotic|54\/100\n|\n|upkeep\n|turn|25\n|\n|t:|1699878547\n|move|p1a: Hydreigon|Tera Blast|p2a: Milotic|[anim] Tera Blast Electric\n|-supereffective|p2a: Milotic\n|-damage|p2a: Milotic|0 fnt\n|faint|p2a: Milotic\n|\n|upkeep\n|\n|t:|1699878554\n|switch|p2a: Dipplin|Dipplin, M|100\/100\n|turn|26\n|\n|t:|1699878560\n|switch|p1a: Muk|Muk-Alola, M|66\/100\n|move|p2a: Dipplin|Sucker Punch||[still]\n|-fail|p2a: Dipplin\n|\n|upkeep\n|turn|27\n|\n|t:|1699878570\n|-terastallize|p2a: Dipplin|Steel\n|move|p1a: Muk|Poison Jab|p2a: Dipplin\n|-immune|p2a: Dipplin\n|move|p2a: Dipplin|Gyro Ball|p1a: Muk\n|-damage|p1a: Muk|51\/100\n|\n|upkeep\n|turn|28\n|\n|t:|1699878579\n|move|p1a: Muk|Drain Punch|p2a: Dipplin\n|-supereffective|p2a: Dipplin\n|-damage|p2a: Dipplin|84\/100\n|-heal|p1a: Muk|59\/100|[from] drain|[of] p2a: Dipplin\n|move|p2a: Dipplin|Draco Meteor|p1a: Muk\n|-damage|p1a: Muk|41\/100\n|-unboost|p2a: Dipplin|spa|2\n|\n|upkeep\n|turn|29\n|\n|t:|1699878587\n|move|p1a: Muk|Knock Off|p2a: Dipplin\n|-damage|p2a: Dipplin|68\/100\n|-activate|p2a: Dipplin|ability: Sticky Hold\n|move|p2a: Dipplin|Gyro Ball|p1a: Muk\n|-damage|p1a: Muk|26\/100\n|\n|upkeep\n|turn|30\n|inactive|Alexrdriguez88 has 120 seconds left.\n|\n|t:|1699878617\n|move|p1a: Muk|Drain Punch|p2a: Dipplin\n|-supereffective|p2a: Dipplin\n|-damage|p2a: Dipplin|50\/100\n|-heal|p1a: Muk|34\/100|[from] drain|[of] p2a: Dipplin\n|move|p2a: Dipplin|Recover|p2a: Dipplin\n|-heal|p2a: Dipplin|99\/100\n|\n|upkeep\n|turn|31\n|\n|t:|1699878622\n|move|p1a: Muk|Drain Punch|p2a: Dipplin\n|-supereffective|p2a: Dipplin\n|-damage|p2a: Dipplin|83\/100\n|-heal|p1a: Muk|42\/100|[from] drain|[of] p2a: Dipplin\n|move|p2a: Dipplin|Gyro Ball|p1a: Muk\n|-damage|p1a: Muk|27\/100\n|\n|upkeep\n|turn|32\n|\n|t:|1699878626\n|move|p1a: Muk|Drain Punch|p2a: Dipplin\n|-supereffective|p2a: Dipplin\n|-damage|p2a: Dipplin|65\/100\n|-heal|p1a: Muk|35\/100|[from] drain|[of] p2a: Dipplin\n|move|p2a: Dipplin|Gyro Ball|p1a: Muk\n|-damage|p1a: Muk|20\/100\n|\n|upkeep\n|turn|33\n|\n|t:|1699878630\n|move|p1a: Muk|Drain Punch|p2a: Dipplin\n|-supereffective|p2a: Dipplin\n|-damage|p2a: Dipplin|47\/100\n|-heal|p1a: Muk|28\/100|[from] drain|[of] p2a: Dipplin\n|move|p2a: Dipplin|Gyro Ball|p1a: Muk\n|-damage|p1a: Muk|13\/100\n|\n|upkeep\n|turn|34\n|\n|t:|1699878633\n|move|p1a: Muk|Drain Punch|p2a: Dipplin\n|-supereffective|p2a: Dipplin\n|-damage|p2a: Dipplin|27\/100\n|-heal|p1a: Muk|22\/100|[from] drain|[of] p2a: Dipplin\n|move|p2a: Dipplin|Gyro Ball|p1a: Muk\n|-damage|p1a: Muk|7\/100\n|\n|upkeep\n|turn|35\n|\n|t:|1699878636\n|move|p1a: Muk|Drain Punch|p2a: Dipplin\n|-supereffective|p2a: Dipplin\n|-damage|p2a: Dipplin|8\/100\n|-heal|p1a: Muk|15\/100|[from] drain|[of] p2a: Dipplin\n|move|p2a: Dipplin|Recover|p2a: Dipplin\n|-heal|p2a: Dipplin|58\/100\n|\n|upkeep\n|turn|36\n|\n|t:|1699878639\n|move|p1a: Muk|Drain Punch|p2a: Dipplin\n|-supereffective|p2a: Dipplin\n|-damage|p2a: Dipplin|41\/100\n|-heal|p1a: Muk|23\/100|[from] drain|[of] p2a: Dipplin\n|move|p2a: Dipplin|Gyro Ball|p1a: Muk\n|-crit|p1a: Muk\n|-damage|p1a: Muk|1\/100\n|\n|upkeep\n|turn|37\n|\n|t:|1699878642\n|move|p1a: Muk|Drain Punch|p2a: Dipplin\n|-supereffective|p2a: Dipplin\n|-damage|p2a: Dipplin|25\/100\n|-heal|p1a: Muk|8\/100|[from] drain|[of] p2a: Dipplin\n|move|p2a: Dipplin|Recover|p2a: Dipplin\n|-heal|p2a: Dipplin|75\/100\n|\n|upkeep\n|turn|38\n|\n|t:|1699878647\n|move|p1a: Muk|Drain Punch|p2a: Dipplin\n|-supereffective|p2a: Dipplin\n|-damage|p2a: Dipplin|56\/100\n|-heal|p1a: Muk|17\/100|[from] drain|[of] p2a: Dipplin\n|move|p2a: Dipplin|Gyro Ball|p1a: Muk\n|-damage|p1a: Muk|2\/100\n|\n|upkeep\n|turn|39\n|\n|t:|1699878651\n|move|p2a: Dipplin|Sucker Punch|p1a: Muk\n|-resisted|p1a: Muk\n|-damage|p1a: Muk|0 fnt\n|faint|p1a: Muk\n|\n|upkeep\n|\n|t:|1699878655\n|switch|p1a: Hydreigon|Hydreigon, M, tera:Electric|2\/100\n|turn|40\n|\n|t:|1699878658\n|move|p2a: Dipplin|Sucker Punch|p1a: Hydreigon\n|-damage|p1a: Hydreigon|0 fnt\n|faint|p1a: Hydreigon\n|\n|upkeep\n|\n|t:|1699878661\n|switch|p1a: Greninja|Greninja, M|56\/100\n|turn|41\n|\n|t:|1699878671\n|move|p2a: Dipplin|Sucker Punch|p1a: Greninja\n|-resisted|p1a: Greninja\n|-crit|p1a: Greninja\n|-damage|p1a: Greninja|38\/100\n|move|p1a: Greninja|Hydro Pump|p2a: Dipplin\n|-damage|p2a: Dipplin|17\/100\n|\n|upkeep\n|turn|42\n|\n|t:|1699878677\n|move|p1a: Greninja|Water Shuriken|p2a: Dipplin\n|-damage|p2a: Dipplin|12\/100\n|-damage|p2a: Dipplin|6\/100\n|-damage|p2a: Dipplin|0 fnt\n|faint|p2a: Dipplin\n|-hitcount|p2: Dipplin|3\n|\n|upkeep\n|c|\u2606legendspammer243|gg\n|\n|t:|1699878684\n|switch|p2a: Krookodile|Krookodile, M|100\/100\n|turn|43\n|\n|t:|1699878688\n|move|p1a: Greninja|Water Shuriken|p2a: Krookodile\n|-supereffective|p2a: Krookodile\n|-damage|p2a: Krookodile|82\/100\n|-supereffective|p2a: Krookodile\n|-damage|p2a: Krookodile|63\/100\n|-supereffective|p2a: Krookodile\n|-damage|p2a: Krookodile|44\/100\n|-supereffective|p2a: Krookodile\n|-damage|p2a: Krookodile|26\/100\n|-hitcount|p2a: Krookodile|4\n|move|p2a: Krookodile|Earthquake|p1a: Greninja\n|-damage|p1a: Greninja|0 fnt\n|faint|p1a: Greninja\n|\n|win|legendspammer243\n|raw|Alexrdriguez88's rating: 1309 &rarr; <strong>1287<\/strong><br \/>(-22 for losing)\n|raw|legendspammer243's rating: 1269 &rarr; <strong>1297<\/strong><br \/>(+28 for winning)\n|l|\u2606Alexrdriguez88\n","uploadtime":1699878707,"views":14,"p1id":"alexrdriguez88","p2id":"legendspammer243","formatid":"gen9ou","rating":1287,"private":0,"password":""}