{"id":"gen9ou-1990876264","p1":"tommy1228","p2":"ADecentTestingteam","format":"[Gen 9] OU","log":"|j|\u2606tommy1228\n|j|\u2606ADecentTestingteam\n|t:|1700010307\n|gametype|singles\n|player|p1|tommy1228|alec-anime|1294\n|player|p2|ADecentTestingteam|ash|1212\n|teamsize|p1|6\n|teamsize|p2|6\n|gen|9\n|tier|[Gen 9] OU\n|rated|\n|rule|Sleep Clause Mod: Limit one foe put to sleep\n|rule|Species Clause: Limit one of each Pok\u00e9mon\n|rule|OHKO Clause: OHKO moves are banned\n|rule|Evasion Items Clause: Evasion items are banned\n|rule|Evasion Moves Clause: Evasion moves are banned\n|rule|Endless Battle Clause: Forcing endless battles is banned\n|rule|HP Percentage Mod: HP is shown in percentages\n|clearpoke\n|poke|p1|Ribombee, F|\n|poke|p1|Ogerpon-Wellspring, F|\n|poke|p1|Iron Moth|\n|poke|p1|Kingambit, F|\n|poke|p1|Gholdengo|\n|poke|p1|Great Tusk|\n|poke|p2|Torkoal, M|\n|poke|p2|Ceruledge, M|\n|poke|p2|Great Tusk|\n|poke|p2|Walking Wake|\n|poke|p2|Hatterene, F|\n|poke|p2|Heatran, F|\n|teampreview\n|inactive|Battle timer is ON: inactive players will automatically lose when time's up. (requested by ADecentTestingteam)\n|inactive|tommy1228 also wants the timer to be on.\n|\n|t:|1700010323\n|start\n|switch|p1a: i <3 rocks|Great Tusk|100\/100\n|switch|p2a: Torkoal|Torkoal, M|100\/100\n|-weather|SunnyDay|[from] ability: Drought|[of] p2a: Torkoal\n|-activate|p1a: i <3 rocks|ability: Protosynthesis\n|-start|p1a: i <3 rocks|protosynthesisatk\n|turn|1\n|\n|t:|1700010332\n|switch|p2a: Great Tusk|Great Tusk|100\/100\n|-activate|p2a: Great Tusk|ability: Protosynthesis\n|-start|p2a: Great Tusk|protosynthesisatk\n|move|p1a: i <3 rocks|Knock Off|p2a: Great Tusk\n|-resisted|p2a: Great Tusk\n|-damage|p2a: Great Tusk|86\/100\n|-enditem|p2a: Great Tusk|Heavy-Duty Boots|[from] move: Knock Off|[of] p1a: i <3 rocks\n|\n|-weather|SunnyDay|[upkeep]\n|upkeep\n|turn|2\n|\n|t:|1700010349\n|move|p1a: i <3 rocks|Headlong Rush|p2a: Great Tusk\n|-damage|p2a: Great Tusk|31\/100\n|-unboost|p1a: i <3 rocks|def|1\n|-unboost|p1a: i <3 rocks|spd|1\n|move|p2a: Great Tusk|Headlong Rush|p1a: i <3 rocks\n|-damage|p1a: i <3 rocks|16\/100\n|-unboost|p2a: Great Tusk|def|1\n|-unboost|p2a: Great Tusk|spd|1\n|\n|-weather|SunnyDay|[upkeep]\n|upkeep\n|turn|3\n|\n|t:|1700010361\n|move|p2a: Great Tusk|Rapid Spin|p1a: i <3 rocks\n|-damage|p1a: i <3 rocks|0 fnt\n|-boost|p2a: Great Tusk|spe|1\n|faint|p1a: i <3 rocks\n|-end|p1a: i <3 rocks|Protosynthesis|[silent]\n|\n|-weather|SunnyDay|[upkeep]\n|upkeep\n|\n|t:|1700010370\n|switch|p1a: Hazard Insurance|Gholdengo|100\/100\n|-item|p1a: Hazard Insurance|Air Balloon\n|turn|4\n|\n|t:|1700010375\n|move|p2a: Great Tusk|Knock Off|p1a: Hazard Insurance\n|-supereffective|p1a: Hazard Insurance\n|-damage|p1a: Hazard Insurance|0 fnt\n|-enditem|p1a: Hazard Insurance|Air Balloon\n|faint|p1a: Hazard Insurance\n|\n|-weather|SunnyDay|[upkeep]\n|upkeep\n|\n|t:|1700010381\n|switch|p1a: Funny Monkey|Ogerpon-Wellspring, F|100\/100\n|turn|5\n|\n|t:|1700010386\n|move|p2a: Great Tusk|Close Combat|p1a: Funny Monkey\n|-damage|p1a: Funny Monkey|0 fnt\n|-unboost|p2a: Great Tusk|def|1\n|-unboost|p2a: Great Tusk|spd|1\n|faint|p1a: Funny Monkey\n|\n|-weather|SunnyDay|[upkeep]\n|upkeep\n|\n|t:|1700010396\n|switch|p1a: Mothman|Iron Moth|100\/100\n|-enditem|p1a: Mothman|Booster Energy\n|-activate|p1a: Mothman|ability: Quark Drive|[fromitem]\n|-start|p1a: Mothman|quarkdrivespa\n|turn|6\n|\n|t:|1700010407\n|move|p2a: Great Tusk|Headlong Rush|p1a: Mothman\n|-supereffective|p1a: Mothman\n|-damage|p1a: Mothman|0 fnt\n|-unboost|p2a: Great Tusk|def|1\n|-unboost|p2a: Great Tusk|spd|1\n|faint|p1a: Mothman\n|-end|p1a: Mothman|Quark Drive|[silent]\n|\n|-weather|SunnyDay|[upkeep]\n|upkeep\n|\n|t:|1700010414\n|switch|p1a: Spooderman|Ribombee, F|100\/100\n|turn|7\n|\n|t:|1700010422\n|-end|p2a: Great Tusk|Protosynthesis|[silent]\n|switch|p2a: Hatterene|Hatterene, F|100\/100\n|move|p1a: Spooderman|Sticky Web|p2a: Hatterene\n|move|p2a: Hatterene|Sticky Web|p1a: Spooderman|[from]ability: Magic Bounce\n|-sidestart|p1: tommy1228|move: Sticky Web\n|\n|-weather|SunnyDay|[upkeep]\n|upkeep\n|turn|8\n|\n|t:|1700010432\n|move|p1a: Spooderman|Moonblast|p2a: Hatterene\n|-damage|p2a: Hatterene|58\/100\n|-unboost|p2a: Hatterene|spa|1\n|-enditem|p2a: Hatterene|Eject Button\n|\n|t:|1700010440\n|switch|p2a: Ceruledge|Ceruledge, M|100\/100\n|\n|-weather|none\n|upkeep\n|turn|9\n|\n|t:|1700010448\n|move|p1a: Spooderman|Moonblast|p2a: Ceruledge\n|-resisted|p2a: Ceruledge\n|-damage|p2a: Ceruledge|77\/100\n|-unboost|p2a: Ceruledge|spa|1\n|move|p2a: Ceruledge|Bitter Blade|p1a: Spooderman\n|-supereffective|p1a: Spooderman\n|-enditem|p1a: Spooderman|Focus Sash\n|-damage|p1a: Spooderman|1\/100\n|-heal|p2a: Ceruledge|100\/100|[from] drain|[of] p1a: Spooderman\n|\n|upkeep\n|turn|10\n|\n|t:|1700010458\n|switch|p2a: Torkoal|Torkoal, M|100\/100\n|-weather|SunnyDay|[from] ability: Drought|[of] p2a: Torkoal\n|move|p1a: Spooderman|Sticky Web|p2a: Torkoal\n|-sidestart|p2: ADecentTestingteam|move: Sticky Web\n|\n|-weather|SunnyDay|[upkeep]\n|upkeep\n|turn|11\n|\n|t:|1700010469\n|move|p1a: Spooderman|Moonblast|p2a: Torkoal\n|-resisted|p2a: Torkoal\n|-damage|p2a: Torkoal|74\/100\n|-unboost|p2a: Torkoal|spa|1\n|move|p2a: Torkoal|Weather Ball|p1a: Spooderman\n|-supereffective|p1a: Spooderman\n|-damage|p1a: Spooderman|0 fnt\n|faint|p1a: Spooderman\n|\n|-weather|SunnyDay|[upkeep]\n|upkeep\n|\n|t:|1700010478\n|switch|p1a: Coin Flip|Kingambit, F|100\/100\n|-activate|p1a: Coin Flip|move: Sticky Web\n|-unboost|p1a: Coin Flip|spe|1\n|-activate|p1a: Coin Flip|ability: Supreme Overlord\n|-start|p1a: Coin Flip|fallen5|[silent]\n|turn|12\n|\n|t:|1700010488\n|-terastallize|p1a: Coin Flip|Flying\n|move|p1a: Coin Flip|Swords Dance|p1a: Coin Flip\n|-boost|p1a: Coin Flip|atk|2\n|move|p2a: Torkoal|Yawn|p1a: Coin Flip\n|-start|p1a: Coin Flip|move: Yawn|[of] p2a: Torkoal\n|\n|-weather|SunnyDay|[upkeep]\n|upkeep\n|turn|13\n|\n|t:|1700010515\n|switch|p2a: Heatran|Heatran, F|100\/100\n|-activate|p2a: Heatran|move: Sticky Web\n|-unboost|p2a: Heatran|spe|1\n|move|p1a: Coin Flip|Low Kick|p2a: Heatran\n|-supereffective|p2a: Heatran\n|-damage|p2a: Heatran|0 fnt\n|faint|p2a: Heatran\n|\n|-weather|SunnyDay|[upkeep]\n|-end|p1a: Coin Flip|move: Yawn|[silent]\n|-status|p1a: Coin Flip|slp\n|-enditem|p1a: Coin Flip|Lum Berry|[eat]\n|-curestatus|p1a: Coin Flip|slp|[msg]\n|upkeep\n|inactive|ADecentTestingteam has 120 seconds left.\n|\n|t:|1700010529\n|switch|p2a: Torkoal|Torkoal, M|74\/100\n|-activate|p2a: Torkoal|move: Sticky Web\n|-unboost|p2a: Torkoal|spe|1\n|turn|14\n|\n|t:|1700010535\n|move|p1a: Coin Flip|Iron Head|p2a: Torkoal\n|-resisted|p2a: Torkoal\n|-damage|p2a: Torkoal|36\/100\n|move|p2a: Torkoal|Yawn|p1a: Coin Flip\n|-start|p1a: Coin Flip|move: Yawn|[of] p2a: Torkoal\n|\n|-weather|SunnyDay|[upkeep]\n|upkeep\n|turn|15\n|\n|t:|1700010541\n|move|p1a: Coin Flip|Low Kick|p2a: Torkoal\n|-damage|p2a: Torkoal|0 fnt\n|faint|p2a: Torkoal\n|\n|-weather|SunnyDay|[upkeep]\n|-end|p1a: Coin Flip|move: Yawn|[silent]\n|-status|p1a: Coin Flip|slp\n|upkeep\n|\n|t:|1700010549\n|switch|p2a: Walking Wake|Walking Wake|100\/100\n|-activate|p2a: Walking Wake|move: Sticky Web\n|-unboost|p2a: Walking Wake|spe|1\n|-activate|p2a: Walking Wake|ability: Protosynthesis\n|-start|p2a: Walking Wake|protosynthesisspa\n|turn|16\n|\n|t:|1700010555\n|-terastallize|p2a: Walking Wake|Water\n|cant|p1a: Coin Flip|slp\n|move|p2a: Walking Wake|Hydro Steam|p1a: Coin Flip\n|-damage|p1a: Coin Flip|0 fnt\n|faint|p1a: Coin Flip\n|-end|p1a: Coin Flip|fallen5|[silent]\n|\n|win|ADecentTestingteam\n|raw|tommy1228's rating: 1294 &rarr; <strong>1263<\/strong><br \/>(-31 for losing)\n|raw|ADecentTestingteam's rating: 1212 &rarr; <strong>1243<\/strong><br \/>(+31 for winning)\n|l|\u2606tommy1228\n","uploadtime":1700010609,"views":15,"p1id":"tommy1228","p2id":"adecenttestingteam","formatid":"gen9ou","rating":1243,"private":0,"password":""}