{"id":"gen9ou-1993633515","p1":"xWescombe","p2":"Thatbreloomguy","format":"[Gen 9] OU","log":"|j|\u2606xWescombe\n|j|\u2606Thatbreloomguy\n|t:|1700339734\n|gametype|singles\n|player|p1|xWescombe|hugh|1294\n|player|p2|Thatbreloomguy|koga|1245\n|teamsize|p1|6\n|teamsize|p2|6\n|gen|9\n|tier|[Gen 9] OU\n|rated|\n|rule|Sleep Clause Mod: Limit one foe put to sleep\n|rule|Species Clause: Limit one of each Pok\u00e9mon\n|rule|OHKO Clause: OHKO moves are banned\n|rule|Evasion Items Clause: Evasion items are banned\n|rule|Evasion Moves Clause: Evasion moves are banned\n|rule|Endless Battle Clause: Forcing endless battles is banned\n|rule|HP Percentage Mod: HP is shown in percentages\n|clearpoke\n|poke|p1|Dondozo, F|\n|poke|p1|Kingambit, F|\n|poke|p1|Iron Moth|\n|poke|p1|Gholdengo|\n|poke|p1|Great Tusk|\n|poke|p1|Rillaboom, M|\n|poke|p2|Torterra, F|\n|poke|p2|Iron Treads|\n|poke|p2|Iron Moth|\n|poke|p2|Gholdengo|\n|poke|p2|Iron Valiant|\n|poke|p2|Dondozo, M|\n|teampreview\n|j| Phoenix181\n|c|\u2606Thatbreloomguy|Glhf\n|\n|t:|1700339759\n|start\n|switch|p1a: Rillaboom|Rillaboom, M|100\/100\n|switch|p2a: Torterra|Torterra, F|100\/100\n|-fieldstart|move: Grassy Terrain|[from] ability: Grassy Surge|[of] p1a: Rillaboom\n|turn|1\n|c|\u2606xWescombe|u2\n|\n|t:|1700339770\n|move|p1a: Rillaboom|Knock Off|p2a: Torterra\n|-crit|p2a: Torterra\n|-damage|p2a: Torterra|20\/100\n|-enditem|p2a: Torterra|White Herb|[from] move: Knock Off|[of] p1a: Rillaboom\n|move|p2a: Torterra|Shell Smash|p2a: Torterra\n|-unboost|p2a: Torterra|def|1\n|-unboost|p2a: Torterra|spd|1\n|-boost|p2a: Torterra|atk|2\n|-boost|p2a: Torterra|spa|2\n|-boost|p2a: Torterra|spe|2\n|\n|-heal|p2a: Torterra|26\/100|[from] Grassy Terrain\n|upkeep\n|turn|2\n|l| Phoenix181\n|\n|t:|1700339777\n|move|p2a: Torterra|Rock Blast|p1a: Rillaboom\n|-damage|p1a: Rillaboom|82\/100\n|-damage|p1a: Rillaboom|63\/100\n|-damage|p1a: Rillaboom|46\/100\n|-hitcount|p1a: Rillaboom|3\n|move|p1a: Rillaboom|Knock Off|p2a: Torterra\n|-damage|p2a: Torterra|0 fnt\n|faint|p2a: Torterra\n|\n|-heal|p1a: Rillaboom|52\/100|[from] Grassy Terrain\n|upkeep\n|\n|t:|1700339792\n|switch|p2a: Iron Moth|Iron Moth|100\/100\n|-enditem|p2a: Iron Moth|Booster Energy\n|-activate|p2a: Iron Moth|ability: Quark Drive|[fromitem]\n|-start|p2a: Iron Moth|quarkdrivespa\n|turn|3\n|\n|t:|1700339798\n|move|p2a: Iron Moth|Fiery Dance|p1a: Rillaboom\n|-supereffective|p1a: Rillaboom\n|-damage|p1a: Rillaboom|0 fnt\n|faint|p1a: Rillaboom\n|\n|upkeep\n|\n|t:|1700339805\n|switch|p1a: Dondozo|Dondozo, F, shiny|100\/100\n|turn|4\n|\n|t:|1700339811\n|move|p2a: Iron Moth|Energy Ball|p1a: Dondozo\n|-supereffective|p1a: Dondozo\n|-damage|p1a: Dondozo|0 fnt\n|faint|p1a: Dondozo\n|\n|upkeep\n|\n|t:|1700339815\n|switch|p1a: Iron Moth|Iron Moth|100\/100\n|-enditem|p1a: Iron Moth|Booster Energy\n|-activate|p1a: Iron Moth|ability: Quark Drive|[fromitem]\n|-start|p1a: Iron Moth|quarkdrivespe\n|turn|5\n|\n|t:|1700339825\n|move|p1a: Iron Moth|Psychic|p2a: Iron Moth\n|-supereffective|p2a: Iron Moth\n|-damage|p2a: Iron Moth|33\/100\n|move|p2a: Iron Moth|Fiery Dance|p1a: Iron Moth\n|-resisted|p1a: Iron Moth\n|-damage|p1a: Iron Moth|69\/100\n|\n|-heal|p1a: Iron Moth|75\/100|[from] Grassy Terrain\n|-heal|p2a: Iron Moth|39\/100|[from] Grassy Terrain\n|-fieldend|move: Grassy Terrain\n|upkeep\n|turn|6\n|\n|t:|1700339836\n|move|p1a: Iron Moth|Psychic|p2a: Iron Moth\n|-supereffective|p2a: Iron Moth\n|-damage|p2a: Iron Moth|0 fnt\n|faint|p2a: Iron Moth\n|-end|p2a: Iron Moth|Quark Drive|[silent]\n|\n|upkeep\n|\n|t:|1700339839\n|switch|p2a: Iron Treads|Iron Treads|100\/100\n|-enditem|p2a: Iron Treads|Booster Energy\n|-activate|p2a: Iron Treads|ability: Quark Drive|[fromitem]\n|-start|p2a: Iron Treads|quarkdriveatk\n|turn|7\n|\n|t:|1700339858\n|-terastallize|p1a: Iron Moth|Grass\n|-terastallize|p2a: Iron Treads|Ground\n|move|p1a: Iron Moth|Fiery Dance|p2a: Iron Treads\n|-damage|p2a: Iron Treads|45\/100\n|-boost|p1a: Iron Moth|spa|1\n|move|p2a: Iron Treads|Earthquake|p1a: Iron Moth\n|-resisted|p1a: Iron Moth\n|-damage|p1a: Iron Moth|11\/100\n|\n|upkeep\n|turn|8\n|\n|t:|1700339867\n|move|p1a: Iron Moth|Fiery Dance|p2a: Iron Treads\n|-damage|p2a: Iron Treads|0 fnt\n|faint|p2a: Iron Treads\n|-end|p2a: Iron Treads|Quark Drive|[silent]\n|\n|upkeep\n|\n|t:|1700339873\n|switch|p2a: Iron Valiant|Iron Valiant|100\/100\n|-enditem|p2a: Iron Valiant|Booster Energy\n|-activate|p2a: Iron Valiant|ability: Quark Drive|[fromitem]\n|-start|p2a: Iron Valiant|quarkdrivespe\n|turn|9\n|\n|t:|1700339881\n|move|p2a: Iron Valiant|Knock Off|p1a: Iron Moth\n|-damage|p1a: Iron Moth|0 fnt\n|faint|p1a: Iron Moth\n|-end|p1a: Iron Moth|Quark Drive|[silent]\n|\n|upkeep\n|inactive|Battle timer is ON: inactive players will automatically lose when time's up. (requested by Thatbreloomguy)\n|\n|t:|1700339888\n|switch|p1a: Great Tusk|Great Tusk|100\/100\n|-enditem|p1a: Great Tusk|Booster Energy\n|-activate|p1a: Great Tusk|ability: Protosynthesis|[fromitem]\n|-start|p1a: Great Tusk|protosynthesisatk\n|turn|10\n|\n|t:|1700339899\n|move|p2a: Iron Valiant|Spirit Break|p1a: Great Tusk\n|-supereffective|p1a: Great Tusk\n|-damage|p1a: Great Tusk|45\/100\n|-unboost|p1a: Great Tusk|spa|1\n|move|p1a: Great Tusk|Rapid Spin|p2a: Iron Valiant\n|-damage|p2a: Iron Valiant|73\/100\n|-boost|p1a: Great Tusk|spe|1\n|\n|upkeep\n|turn|11\n|\n|t:|1700339904\n|move|p2a: Iron Valiant|Spirit Break|p1a: Great Tusk\n|-supereffective|p1a: Great Tusk\n|-damage|p1a: Great Tusk|0 fnt\n|faint|p1a: Great Tusk\n|-end|p1a: Great Tusk|Protosynthesis|[silent]\n|\n|upkeep\n|\n|t:|1700339913\n|switch|p1a: Kingambit|Kingambit, F, shiny|100\/100\n|-activate|p1a: Kingambit|ability: Supreme Overlord\n|-start|p1a: Kingambit|fallen4|[silent]\n|turn|12\n|\n|t:|1700339918\n|move|p2a: Iron Valiant|Knock Off|p1a: Kingambit\n|-resisted|p1a: Kingambit\n|-damage|p1a: Kingambit|89\/100\n|-enditem|p1a: Kingambit|Leftovers|[from] move: Knock Off|[of] p2a: Iron Valiant\n|move|p1a: Kingambit|Iron Head|p2a: Iron Valiant\n|-supereffective|p2a: Iron Valiant\n|-damage|p2a: Iron Valiant|0 fnt\n|faint|p2a: Iron Valiant\n|-end|p2a: Iron Valiant|Quark Drive|[silent]\n|\n|upkeep\n|\n|t:|1700339923\n|switch|p2a: Dondozo|Dondozo, M|100\/100\n|turn|13\n|\n|t:|1700339944\n|-end|p1a: Kingambit|fallen4|[silent]\n|switch|p1a: Gholdengo|Gholdengo|100\/100\n|-item|p1a: Gholdengo|Air Balloon\n|move|p2a: Dondozo|Liquidation|p1a: Gholdengo\n|-damage|p1a: Gholdengo|69\/100\n|-enditem|p1a: Gholdengo|Air Balloon\n|\n|upkeep\n|turn|14\n|\n|t:|1700339954\n|move|p1a: Gholdengo|Shadow Ball|p2a: Dondozo\n|-damage|p2a: Dondozo|58\/100\n|move|p2a: Dondozo|Liquidation|p1a: Gholdengo\n|-damage|p1a: Gholdengo|36\/100\n|\n|-heal|p2a: Dondozo|64\/100|[from] item: Leftovers\n|upkeep\n|turn|15\n|\n|t:|1700339964\n|move|p1a: Gholdengo|Shadow Ball|p2a: Dondozo\n|-damage|p2a: Dondozo|21\/100\n|move|p2a: Dondozo|Rest|p2a: Dondozo\n|-status|p2a: Dondozo|slp|[from] move: Rest\n|-heal|p2a: Dondozo|100\/100 slp|[silent]\n|\n|upkeep\n|turn|16\n|\n|t:|1700339970\n|move|p1a: Gholdengo|Shadow Ball|p2a: Dondozo\n|-damage|p2a: Dondozo|58\/100 slp\n|cant|p2a: Dondozo|slp\n|move|p2a: Dondozo|Sleep Talk|p2a: Dondozo\n|move|p2a: Dondozo|Rest||[from]move: Sleep Talk|[still]\n|-fail|p2a: Dondozo\n|\n|-heal|p2a: Dondozo|64\/100 slp|[from] item: Leftovers\n|upkeep\n|turn|17\n|\n|t:|1700339978\n|move|p1a: Gholdengo|Shadow Ball|p2a: Dondozo\n|-damage|p2a: Dondozo|26\/100 slp\n|cant|p2a: Dondozo|slp\n|move|p2a: Dondozo|Sleep Talk|p2a: Dondozo\n|move|p2a: Dondozo|Rest||[from]move: Sleep Talk|[still]\n|-fail|p2a: Dondozo\n|\n|-heal|p2a: Dondozo|32\/100 slp|[from] item: Leftovers\n|upkeep\n|turn|18\n|\n|t:|1700339987\n|move|p1a: Gholdengo|Shadow Ball|p2a: Dondozo\n|-damage|p2a: Dondozo|0 fnt\n|faint|p2a: Dondozo\n|\n|upkeep\n|c|\u2606Thatbreloomguy|Yo can it not choose rest twice :\/\n|\n|t:|1700340011\n|switch|p2a: Gholdengo|Gholdengo|100\/100\n|-item|p2a: Gholdengo|Air Balloon\n|turn|19\n|\n|t:|1700340019\n|move|p1a: Gholdengo|Shadow Ball|p2a: Gholdengo\n|-supereffective|p2a: Gholdengo\n|-damage|p2a: Gholdengo|1\/100\n|-enditem|p2a: Gholdengo|Air Balloon\n|move|p2a: Gholdengo|Shadow Ball|p1a: Gholdengo\n|-supereffective|p1a: Gholdengo\n|-damage|p1a: Gholdengo|0 fnt\n|faint|p1a: Gholdengo\n|\n|upkeep\n|\n|t:|1700340029\n|switch|p1a: Kingambit|Kingambit, F, shiny|89\/100\n|-activate|p1a: Kingambit|ability: Supreme Overlord\n|-start|p1a: Kingambit|fallen5|[silent]\n|turn|20\n|\n|t:|1700340037\n|move|p1a: Kingambit|Sucker Punch||[still]\n|-fail|p1a: Kingambit\n|move|p2a: Gholdengo|Thunder Wave|p1a: Kingambit\n|-status|p1a: Kingambit|par\n|\n|upkeep\n|turn|21\n|\n|t:|1700340046\n|cant|p1a: Kingambit|par\n|move|p2a: Gholdengo|Nasty Plot|p2a: Gholdengo\n|-boost|p2a: Gholdengo|spa|2\n|\n|upkeep\n|turn|22\n|\n|t:|1700340056\n|move|p2a: Gholdengo|Make It Rain|p1a: Kingambit\n|-resisted|p1a: Kingambit\n|-damage|p1a: Kingambit|31\/100 par\n|-unboost|p2a: Gholdengo|spa|1\n|cant|p1a: Kingambit|par\n|\n|upkeep\n|turn|23\n|c|\u2606xWescombe|bruh\n|c|\u2606Thatbreloomguy|Hold up\n|\n|t:|1700340075\n|move|p1a: Kingambit|Sucker Punch||[still]\n|-fail|p1a: Kingambit\n|move|p2a: Gholdengo|Nasty Plot|p2a: Gholdengo\n|-boost|p2a: Gholdengo|spa|2\n|\n|upkeep\n|turn|24\n|\n|t:|1700340083\n|move|p1a: Kingambit|Sucker Punch||[still]\n|-fail|p1a: Kingambit\n|move|p2a: Gholdengo|Nasty Plot|p2a: Gholdengo\n|-boost|p2a: Gholdengo|spa|2\n|\n|upkeep\n|turn|25\n|\n|t:|1700340090\n|move|p2a: Gholdengo|Make It Rain|p1a: Kingambit\n|-resisted|p1a: Kingambit\n|-damage|p1a: Kingambit|0 fnt\n|-unboost|p2a: Gholdengo|spa|1\n|faint|p1a: Kingambit\n|-end|p1a: Kingambit|fallen5|[silent]\n|\n|win|Thatbreloomguy\n|raw|xWescombe's rating: 1294 &rarr; <strong>1265<\/strong><br \/>(-29 for losing)\n|raw|Thatbreloomguy's rating: 1245 &rarr; <strong>1274<\/strong><br \/>(+29 for winning)\n|c|\u2606xWescombe|imagine\n|c|\u2606Thatbreloomguy|THE READS ARE CRAZY\n|c|\u2606Thatbreloomguy|gg\n|c|\u2606xWescombe|gg\n|l|\u2606xWescombe\n|c|\u2606Thatbreloomguy|You gotta admit that was clean\n","uploadtime":1700340123,"views":9,"p1id":"xwescombe","p2id":"thatbreloomguy","formatid":"gen9ou","rating":1265,"private":0,"password":""}