{"id":"gen9ou-1996739645","p1":"Alice-chan89","p2":"andiwanle","format":"[Gen 9] OU","log":"|j|\u2606Alice-chan89\n|j|\u2606andiwanle\n|t:|1700717169\n|gametype|singles\n|player|p1|Alice-chan89|elesa|1185\n|player|p2|andiwanle|265|1123\n|teamsize|p1|6\n|teamsize|p2|6\n|gen|9\n|tier|[Gen 9] OU\n|rated|\n|rule|Sleep Clause Mod: Limit one foe put to sleep\n|rule|Species Clause: Limit one of each Pok\u00e9mon\n|rule|OHKO Clause: OHKO moves are banned\n|rule|Evasion Items Clause: Evasion items are banned\n|rule|Evasion Moves Clause: Evasion moves are banned\n|rule|Endless Battle Clause: Forcing endless battles is banned\n|rule|HP Percentage Mod: HP is shown in percentages\n|clearpoke\n|poke|p1|Great Tusk|\n|poke|p1|Iron Hands|\n|poke|p1|Enamorus, F|\n|poke|p1|Gholdengo|\n|poke|p1|Torkoal, M|\n|poke|p1|Walking Wake|\n|poke|p2|Azumarill, F|\n|poke|p2|Dragonite, F|\n|poke|p2|Gholdengo|\n|poke|p2|Gallade, M|\n|poke|p2|Ogerpon-Cornerstone, F|\n|poke|p2|Breloom, M|\n|teampreview\n|\n|t:|1700717178\n|start\n|switch|p1a: Raphael|Torkoal, M, shiny|100\/100\n|switch|p2a: Azumarill|Azumarill, F|100\/100\n|-weather|SunnyDay|[from] ability: Drought|[of] p1a: Raphael\n|turn|1\n|\n|t:|1700717200\n|move|p2a: Azumarill|Play Rough|p1a: Raphael\n|-resisted|p1a: Raphael\n|-damage|p1a: Raphael|81\/100\n|move|p1a: Raphael|Lava Plume|p2a: Azumarill\n|-resisted|p2a: Azumarill\n|-crit|p2a: Azumarill\n|-damage|p2a: Azumarill|82\/100\n|\n|-weather|SunnyDay|[upkeep]\n|upkeep\n|turn|2\n|\n|t:|1700717210\n|move|p2a: Azumarill|Liquidation|p1a: Raphael\n|-supereffective|p1a: Raphael\n|-damage|p1a: Raphael|37\/100\n|move|p1a: Raphael|Stealth Rock|p2a: Azumarill\n|-sidestart|p2: andiwanle|move: Stealth Rock\n|\n|-weather|SunnyDay|[upkeep]\n|upkeep\n|turn|3\n|\n|t:|1700717229\n|switch|p1a: Enamorus|Enamorus, F|100\/100\n|move|p2a: Azumarill|Play Rough|p1a: Enamorus\n|-damage|p1a: Enamorus|12\/100\n|-boost|p1a: Enamorus|atk|1\n|\n|-weather|SunnyDay|[upkeep]\n|upkeep\n|turn|4\n|\n|t:|1700717238\n|move|p2a: Azumarill|Aqua Jet|p1a: Enamorus\n|-damage|p1a: Enamorus|0 fnt\n|faint|p1a: Enamorus\n|\n|-weather|SunnyDay|[upkeep]\n|upkeep\n|\n|t:|1700717245\n|switch|p1a: Alpha|Iron Hands, shiny|100\/100\n|turn|5\n|\n|t:|1700717274\n|switch|p2a: Dragonite|Dragonite, F|100\/100\n|-damage|p2a: Dragonite|76\/100|[from] Stealth Rock\n|move|p1a: Alpha|Thunder Punch|p2a: Dragonite\n|-damage|p2a: Dragonite|24\/100\n|\n|-weather|SunnyDay|[upkeep]\n|-heal|p2a: Dragonite|30\/100|[from] item: Leftovers\n|upkeep\n|turn|6\n|\n|t:|1700717287\n|move|p2a: Dragonite|Earthquake|p1a: Alpha\n|-supereffective|p1a: Alpha\n|-damage|p1a: Alpha|55\/100\n|move|p1a: Alpha|Volt Switch|p2a: Dragonite\n|-damage|p2a: Dragonite|18\/100\n|\n|t:|1700717297\n|-end|p1a: Alpha|Quark Drive|[silent]\n|switch|p1a: Blue|Walking Wake|100\/100|[from] Volt Switch\n|-activate|p1a: Blue|ability: Protosynthesis\n|-start|p1a: Blue|protosynthesisspe\n|\n|-weather|SunnyDay|[upkeep]\n|-heal|p2a: Dragonite|24\/100|[from] item: Leftovers\n|upkeep\n|turn|7\n|\n|t:|1700717309\n|move|p2a: Dragonite|Extreme Speed|p1a: Blue\n|-damage|p1a: Blue|67\/100\n|move|p1a: Blue|Draco Meteor|p2a: Dragonite\n|-supereffective|p2a: Dragonite\n|-damage|p2a: Dragonite|0 fnt\n|-unboost|p1a: Blue|spa|2\n|faint|p2a: Dragonite\n|\n|-weather|SunnyDay|[upkeep]\n|upkeep\n|\n|t:|1700717321\n|switch|p2a: Breloom|Breloom, M|100\/100\n|-damage|p2a: Breloom|94\/100|[from] Stealth Rock\n|turn|8\n|\n|t:|1700717328\n|-end|p1a: Blue|Protosynthesis|[silent]\n|switch|p1a: Goldmember|Gholdengo, shiny|100\/100\n|move|p2a: Breloom|Bullet Seed|p1a: Goldmember\n|-resisted|p1a: Goldmember\n|-damage|p1a: Goldmember|89\/100\n|-resisted|p1a: Goldmember\n|-damage|p1a: Goldmember|78\/100\n|-resisted|p1a: Goldmember\n|-damage|p1a: Goldmember|66\/100\n|-resisted|p1a: Goldmember\n|-damage|p1a: Goldmember|55\/100\n|-resisted|p1a: Goldmember\n|-damage|p1a: Goldmember|45\/100\n|-hitcount|p1a: Goldmember|5\n|\n|-weather|none\n|upkeep\n|turn|9\n|\n|t:|1700717345\n|-terastallize|p2a: Breloom|Grass\n|move|p1a: Goldmember|Trick|p2a: Breloom\n|-activate|p1a: Goldmember|move: Trick|[of] p2a: Breloom\n|-item|p2a: Breloom|Choice Scarf|[from] move: Trick\n|-item|p1a: Goldmember|Loaded Dice|[from] move: Trick\n|move|p2a: Breloom|Bullet Seed|p1a: Goldmember\n|-resisted|p1a: Goldmember\n|-damage|p1a: Goldmember|31\/100\n|-resisted|p1a: Goldmember\n|-damage|p1a: Goldmember|16\/100\n|-hitcount|p1a: Goldmember|2\n|\n|upkeep\n|turn|10\n|\n|t:|1700717365\n|switch|p1a: Raphael|Torkoal, M, shiny|37\/100\n|-weather|SunnyDay|[from] ability: Drought|[of] p1a: Raphael\n|move|p2a: Breloom|Bullet Seed|p1a: Raphael\n|-resisted|p1a: Raphael\n|-damage|p1a: Raphael|26\/100\n|-resisted|p1a: Raphael\n|-damage|p1a: Raphael|17\/100\n|-hitcount|p1a: Raphael|2\n|\n|-weather|SunnyDay|[upkeep]\n|upkeep\n|turn|11\n|\n|t:|1700717377\n|move|p2a: Breloom|Bullet Seed|p1a: Raphael\n|-resisted|p1a: Raphael\n|-damage|p1a: Raphael|7\/100\n|-resisted|p1a: Raphael\n|-damage|p1a: Raphael|0 fnt\n|faint|p1a: Raphael\n|-hitcount|p1: Raphael|2\n|\n|-weather|SunnyDay|[upkeep]\n|upkeep\n|\n|t:|1700717384\n|switch|p1a: Blue|Walking Wake|67\/100\n|-activate|p1a: Blue|ability: Protosynthesis\n|-start|p1a: Blue|protosynthesisspe\n|turn|12\n|\n|t:|1700717390\n|move|p1a: Blue|Flamethrower|p2a: Breloom\n|-supereffective|p2a: Breloom\n|-damage|p2a: Breloom|0 fnt\n|faint|p2a: Breloom\n|\n|-weather|SunnyDay|[upkeep]\n|upkeep\n|\n|t:|1700717397\n|switch|p2a: Azumarill|Azumarill, F|82\/100\n|-damage|p2a: Azumarill|70\/100|[from] Stealth Rock\n|turn|13\n|\n|t:|1700717410\n|-terastallize|p1a: Blue|Water\n|move|p1a: Blue|Hydro Steam|p2a: Azumarill\n|-resisted|p2a: Azumarill\n|-damage|p2a: Azumarill|41\/100\n|move|p2a: Azumarill|Play Rough|p1a: Blue\n|-crit|p1a: Blue\n|-damage|p1a: Blue|0 fnt\n|faint|p1a: Blue\n|-end|p1a: Blue|Protosynthesis|[silent]\n|\n|-weather|SunnyDay|[upkeep]\n|upkeep\n|\n|t:|1700717424\n|switch|p1a: Shep|Great Tusk, shiny|100\/100\n|-activate|p1a: Shep|ability: Protosynthesis\n|-start|p1a: Shep|protosynthesisatk\n|turn|14\n|\n|t:|1700717435\n|move|p1a: Shep|Headlong Rush|p2a: Azumarill\n|-damage|p2a: Azumarill|0 fnt\n|-unboost|p1a: Shep|def|1\n|-unboost|p1a: Shep|spd|1\n|faint|p2a: Azumarill\n|\n|-weather|SunnyDay|[upkeep]\n|upkeep\n|\n|t:|1700717448\n|switch|p2a: Gholdengo|Gholdengo|100\/100\n|-damage|p2a: Gholdengo|94\/100|[from] Stealth Rock\n|-item|p2a: Gholdengo|Air Balloon\n|turn|15\n|\n|t:|1700717455\n|-end|p1a: Shep|Protosynthesis|[silent]\n|switch|p1a: Goldmember|Gholdengo, shiny|16\/100\n|move|p2a: Gholdengo|Shadow Ball|p1a: Goldmember\n|-supereffective|p1a: Goldmember\n|-damage|p1a: Goldmember|0 fnt\n|faint|p1a: Goldmember\n|\n|-weather|SunnyDay|[upkeep]\n|upkeep\n|\n|t:|1700717462\n|switch|p1a: Alpha|Iron Hands, shiny|55\/100\n|turn|16\n|\n|t:|1700717471\n|move|p2a: Gholdengo|Shadow Ball|p1a: Alpha\n|-damage|p1a: Alpha|29\/100\n|move|p1a: Alpha|Volt Switch|p2a: Gholdengo\n|-damage|p2a: Gholdengo|82\/100\n|-enditem|p2a: Gholdengo|Air Balloon\n|\n|t:|1700717477\n|-end|p1a: Alpha|Quark Drive|[silent]\n|switch|p1a: Shep|Great Tusk, shiny|100\/100|[from] Volt Switch\n|-activate|p1a: Shep|ability: Protosynthesis\n|-start|p1a: Shep|protosynthesisatk\n|\n|-weather|SunnyDay|[upkeep]\n|upkeep\n|turn|17\n|\n|t:|1700717490\n|switch|p2a: Ogerpon|Ogerpon-Cornerstone, F|100\/100\n|-damage|p2a: Ogerpon|88\/100|[from] Stealth Rock\n|move|p1a: Shep|Headlong Rush|p2a: Ogerpon\n|-damage|p2a: Ogerpon|0 fnt\n|-unboost|p1a: Shep|def|1\n|-unboost|p1a: Shep|spd|1\n|faint|p2a: Ogerpon\n|\n|-weather|none\n|-end|p1a: Shep|Protosynthesis\n|upkeep\n|\n|t:|1700717502\n|switch|p2a: Gallade|Gallade, M|100\/100\n|-damage|p2a: Gallade|94\/100|[from] Stealth Rock\n|turn|18\n|\n|t:|1700717508\n|move|p1a: Shep|Headlong Rush|p2a: Gallade\n|-crit|p2a: Gallade\n|-damage|p2a: Gallade|0 fnt\n|-unboost|p1a: Shep|def|1\n|-unboost|p1a: Shep|spd|1\n|faint|p2a: Gallade\n|\n|upkeep\n|\n|t:|1700717515\n|switch|p2a: Gholdengo|Gholdengo|82\/100\n|-damage|p2a: Gholdengo|76\/100|[from] Stealth Rock\n|turn|19\n|\n|t:|1700717519\n|move|p1a: Shep|Headlong Rush|p2a: Gholdengo\n|-supereffective|p2a: Gholdengo\n|-damage|p2a: Gholdengo|0 fnt\n|-unboost|p1a: Shep|def|1\n|-unboost|p1a: Shep|spd|1\n|faint|p2a: Gholdengo\n|\n|win|Alice-chan89\n|raw|Alice-chan89's rating: 1185 &rarr; <strong>1206<\/strong><br \/>(+21 for winning)\n|raw|andiwanle's rating: 1123 &rarr; <strong>1102<\/strong><br \/>(-21 for losing)\n","uploadtime":1700717527,"views":2,"p1id":"alicechan89","p2id":"andiwanle","formatid":"gen9ou","rating":1102,"private":0,"password":""}