{"id":"gen9ou-1992325887","p1":"Visegrad","p2":"Boyca","format":"[Gen 9] OU","log":"|j|\u2606Visegrad\n|j|\u2606Boyca\n|inactive|Battle timer is ON: inactive players will automatically lose when time's up.\n|t:|1700174928\n|gametype|singles\n|player|p1|Visegrad|fisherman-gen4|\n|player|p2|Boyca|clown|\n|teamsize|p1|2\n|teamsize|p2|2\n|gen|9\n|tier|[Gen 9] OU\n|rated|Tournament battle\n|rule|Sleep Clause Mod: Limit one foe put to sleep\n|rule|Species Clause: Limit one of each Pok\u00e9mon\n|rule|OHKO Clause: OHKO moves are banned\n|rule|Evasion Items Clause: Evasion items are banned\n|rule|Evasion Moves Clause: Evasion moves are banned\n|rule|Endless Battle Clause: Forcing endless battles is banned\n|rule|HP Percentage Mod: HP is shown in percentages\n|clearpoke\n|poke|p1|Gholdengo|\n|poke|p1|Yanma, F|\n|poke|p2|Skeledirge, F|\n|poke|p2|Meowth, M|\n|teampreview\n|j|*Lady Monita \u2746\n|j| Yeet259\n|c|\u2606Boyca|gl\n|c|\u2606Visegrad|u too\n|\n|t:|1700174944\n|start\n|switch|p1a: Gholdengo|Gholdengo|100\/100\n|switch|p2a: Skeledirge|Skeledirge, F|100\/100\n|turn|1\n|\n|t:|1700174951\n|-terastallize|p2a: Skeledirge|Water\n|move|p1a: Gholdengo|Thunder Wave|p2a: Skeledirge\n|-status|p2a: Skeledirge|par\n|cant|p2a: Skeledirge|par\n|\n|upkeep\n|turn|2\n|\n|t:|1700174956\n|move|p1a: Gholdengo|Hex|p2a: Skeledirge\n|-damage|p2a: Skeledirge|63\/100 par\n|cant|p2a: Skeledirge|par\n|\n|-heal|p2a: Skeledirge|69\/100 par|[from] item: Leftovers\n|upkeep\n|turn|3\n|\n|t:|1700174961\n|move|p1a: Gholdengo|Hex|p2a: Skeledirge\n|-damage|p2a: Skeledirge|30\/100 par\n|move|p2a: Skeledirge|Slack Off|p2a: Skeledirge\n|-heal|p2a: Skeledirge|80\/100 par\n|\n|-heal|p2a: Skeledirge|86\/100 par|[from] item: Leftovers\n|upkeep\n|turn|4\n|\n|t:|1700174966\n|move|p1a: Gholdengo|Nasty Plot|p1a: Gholdengo\n|-boost|p1a: Gholdengo|spa|2\n|cant|p2a: Skeledirge|par\n|\n|-heal|p2a: Skeledirge|92\/100 par|[from] item: Leftovers\n|upkeep\n|turn|5\n|\n|t:|1700174971\n|move|p1a: Gholdengo|Hex|p2a: Skeledirge\n|-damage|p2a: Skeledirge|52\/100 par\n|cant|p2a: Skeledirge|par\n|\n|-heal|p2a: Skeledirge|58\/100 par|[from] item: Leftovers\n|upkeep\n|turn|6\n|c|\u2606Boyca|this is not fun\n|\n|t:|1700174982\n|move|p1a: Gholdengo|Hex|p2a: Skeledirge\n|-damage|p2a: Skeledirge|19\/100 par\n|move|p2a: Skeledirge|Slack Off|p2a: Skeledirge\n|-heal|p2a: Skeledirge|69\/100 par\n|\n|-heal|p2a: Skeledirge|75\/100 par|[from] item: Leftovers\n|upkeep\n|turn|7\n|\n|t:|1700174991\n|move|p1a: Gholdengo|Hex|p2a: Skeledirge\n|-damage|p2a: Skeledirge|34\/100 par\n|move|p2a: Skeledirge|Slack Off|p2a: Skeledirge\n|-heal|p2a: Skeledirge|84\/100 par\n|\n|-heal|p2a: Skeledirge|90\/100 par|[from] item: Leftovers\n|upkeep\n|turn|8\n|j| cwisbt\n|\n|t:|1700174995\n|move|p1a: Gholdengo|Hex|p2a: Skeledirge\n|-damage|p2a: Skeledirge|51\/100 par\n|move|p2a: Skeledirge|Torch Song|p1a: Gholdengo\n|-supereffective|p1a: Gholdengo\n|-damage|p1a: Gholdengo|43\/100\n|-boost|p2a: Skeledirge|spa|1\n|\n|-heal|p1a: Gholdengo|49\/100|[from] item: Leftovers\n|-heal|p2a: Skeledirge|57\/100 par|[from] item: Leftovers\n|upkeep\n|turn|9\n|\n|t:|1700175004\n|-terastallize|p1a: Gholdengo|Flying\n|move|p1a: Gholdengo|Recover|p1a: Gholdengo\n|-heal|p1a: Gholdengo|99\/100\n|move|p2a: Skeledirge|Torch Song|p1a: Gholdengo\n|-damage|p1a: Gholdengo|58\/100\n|-boost|p2a: Skeledirge|spa|1\n|\n|-heal|p1a: Gholdengo|64\/100|[from] item: Leftovers\n|-heal|p2a: Skeledirge|63\/100 par|[from] item: Leftovers\n|upkeep\n|turn|10\n|l| cwisbt\n|\n|t:|1700175014\n|move|p1a: Gholdengo|Hex|p2a: Skeledirge\n|-damage|p2a: Skeledirge|25\/100 par\n|move|p2a: Skeledirge|Torch Song|p1a: Gholdengo\n|-damage|p1a: Gholdengo|10\/100\n|-boost|p2a: Skeledirge|spa|1\n|\n|-heal|p1a: Gholdengo|16\/100|[from] item: Leftovers\n|-heal|p2a: Skeledirge|31\/100 par|[from] item: Leftovers\n|upkeep\n|turn|11\n|\n|t:|1700175030\n|move|p1a: Gholdengo|Hex|p2a: Skeledirge\n|-crit|p2a: Skeledirge\n|-damage|p2a: Skeledirge|0 fnt\n|faint|p2a: Skeledirge\n|\n|-heal|p1a: Gholdengo|22\/100|[from] item: Leftovers\n|upkeep\n|\n|t:|1700175033\n|switch|p2a: Meowth|Meowth, M|100\/100\n|turn|12\n|\n|t:|1700175036\n|move|p2a: Meowth|Fake Out|p1a: Gholdengo\n|-damage|p1a: Gholdengo|11\/100\n|cant|p1a: Gholdengo|flinch\n|\n|-heal|p1a: Gholdengo|17\/100|[from] item: Leftovers\n|upkeep\n|turn|13\n|\n|t:|1700175040\n|move|p2a: Meowth|Covet|p1a: Gholdengo\n|-damage|p1a: Gholdengo|0 fnt\n|faint|p1a: Gholdengo\n|\n|upkeep\n|\n|t:|1700175043\n|switch|p1a: Yanma|Yanma, F|100\/100\n|turn|14\n|\n|t:|1700175047\n|move|p2a: Meowth|Thunder Wave|p1a: Yanma\n|-status|p1a: Yanma|par\n|move|p1a: Yanma|Air Slash|p2a: Meowth\n|-crit|p2a: Meowth\n|-enditem|p2a: Meowth|Focus Sash\n|-damage|p2a: Meowth|1\/100\n|\n|-ability|p1a: Yanma|Speed Boost|boost\n|-boost|p1a: Yanma|spe|1\n|upkeep\n|turn|15\n|\n|t:|1700175053\n|move|p2a: Meowth|Covet|p1a: Yanma\n|-damage|p1a: Yanma|47\/100 par\n|-item|p2a: Meowth|Choice Specs|[from] move: Covet|[of] p1a: Yanma\n|move|p1a: Yanma|Air Slash|p2a: Meowth\n|-damage|p2a: Meowth|0 fnt\n|faint|p2a: Meowth\n|\n|win|Visegrad\n|n|\u2606Visegrad|visegrad\n|n|\u2606Boyca|boyca\n|n|*Lady Monita \u2746|ladymonita\n|n| Yeet259|yeet259\n","uploadtime":1700175055,"views":14,"p1id":"visegrad","p2id":"boyca","formatid":"gen9ou","rating":0,"private":0,"password":""}