{"id":"gen9ou-1993634888","p1":"heliazzle","p2":"mathismathin","format":"[Gen 9] OU","log":"|j|\u2606heliazzle\n|j|\u2606mathismathin\n|t:|1700339885\n|gametype|singles\n|player|p1|heliazzle|wattson|1665\n|player|p2|mathismathin|nate|1787\n|teamsize|p1|6\n|teamsize|p2|6\n|gen|9\n|tier|[Gen 9] OU\n|rated|\n|rule|Sleep Clause Mod: Limit one foe put to sleep\n|rule|Species Clause: Limit one of each Pok\u00e9mon\n|rule|OHKO Clause: OHKO moves are banned\n|rule|Evasion Items Clause: Evasion items are banned\n|rule|Evasion Moves Clause: Evasion moves are banned\n|rule|Endless Battle Clause: Forcing endless battles is banned\n|rule|HP Percentage Mod: HP is shown in percentages\n|clearpoke\n|poke|p1|Samurott-Hisui, F|\n|poke|p1|Kingambit, F|\n|poke|p1|Sandy Shocks|\n|poke|p1|Gholdengo|\n|poke|p1|Iron Valiant|\n|poke|p1|Walking Wake|\n|poke|p2|Wo-Chien|\n|poke|p2|Weezing-Galar, F|\n|poke|p2|Blissey, F|\n|poke|p2|Cyclizar, M|\n|poke|p2|Alomomola, M|\n|poke|p2|Corviknight, F|\n|teampreview\n|inactive|Battle timer is ON: inactive players will automatically lose when time's up. (requested by heliazzle)\n|\n|t:|1700339896\n|start\n|switch|p1a: Samurott|Samurott-Hisui, F|100\/100\n|switch|p2a: Cyclizar|Cyclizar, M|100\/100\n|turn|1\n|j| isoptera\n|inactive|mathismathin has 120 seconds left.\n|\n|t:|1700339929\n|move|p2a: Cyclizar|U-turn|p1a: Samurott\n|-supereffective|p1a: Samurott\n|-damage|p1a: Samurott|67\/100\n|\n|t:|1700339933\n|switch|p2a: Weezing|Weezing-Galar, F|100\/100|[from] U-turn\n|-ability|p2a: Weezing|Neutralizing Gas\n|move|p1a: Samurott|Sacred Sword|p2a: Weezing\n|-resisted|p2a: Weezing\n|-damage|p2a: Weezing|96\/100\n|\n|upkeep\n|turn|2\n|j| Van Pyro\n|\n|t:|1700339948\n|switch|p1a: Sandy Shocks|Sandy Shocks|100\/100\n|-enditem|p1a: Sandy Shocks|Booster Energy\n|-activate|p1a: Sandy Shocks|ability: Protosynthesis|[fromitem]\n|-start|p1a: Sandy Shocks|protosynthesisspe\n|move|p2a: Weezing|Will-O-Wisp|p1a: Sandy Shocks\n|-status|p1a: Sandy Shocks|brn\n|\n|-damage|p1a: Sandy Shocks|94\/100 brn|[from] brn\n|upkeep\n|turn|3\n|\n|t:|1700339957\n|-end|p2a: Weezing|ability: Neutralizing Gas\n|switch|p2a: Blissey|Blissey, F|100\/100\n|move|p1a: Sandy Shocks|Stealth Rock|p2a: Blissey\n|-sidestart|p2: mathismathin|move: Stealth Rock\n|\n|-damage|p1a: Sandy Shocks|88\/100 brn|[from] brn\n|upkeep\n|turn|4\n|\n|t:|1700339969\n|-end|p1a: Sandy Shocks|Protosynthesis|[silent]\n|switch|p1a: Samurott|Samurott-Hisui, F|67\/100\n|move|p2a: Blissey|Stealth Rock|p1a: Samurott\n|-sidestart|p1: heliazzle|move: Stealth Rock\n|\n|upkeep\n|turn|5\n|\n|t:|1700339978\n|switch|p2a: Weezing|Weezing-Galar, F|96\/100\n|-ability|p2a: Weezing|Neutralizing Gas\n|move|p1a: Samurott|Ceaseless Edge|p2a: Weezing\n|-resisted|p2a: Weezing\n|-damage|p2a: Weezing|88\/100\n|-sidestart|p2: mathismathin|Spikes\n|\n|upkeep\n|turn|6\n|\n|t:|1700339989\n|move|p1a: Samurott|Ceaseless Edge|p2a: Weezing\n|-resisted|p2a: Weezing\n|-damage|p2a: Weezing|80\/100\n|-sidestart|p2: mathismathin|Spikes\n|move|p2a: Weezing|Defog|p1a: Samurott\n|-unboost|p1a: Samurott|evasion|1\n|-sideend|p1: heliazzle|Stealth Rock|[from] move: Defog|[of] p2a: Weezing\n|-sideend|p2: mathismathin|Spikes|[from] move: Defog|[of] p2a: Weezing\n|-sideend|p2: mathismathin|Stealth Rock|[from] move: Defog|[of] p2a: Weezing\n|\n|upkeep\n|turn|7\n|\n|t:|1700339998\n|move|p1a: Samurott|Ceaseless Edge|p2a: Weezing\n|-resisted|p2a: Weezing\n|-damage|p2a: Weezing|71\/100\n|-sidestart|p2: mathismathin|Spikes\n|move|p2a: Weezing|Sludge Bomb|p1a: Samurott\n|-damage|p1a: Samurott|28\/100\n|\n|upkeep\n|turn|8\n|\n|t:|1700340006\n|switch|p1a: Gholdengo|Gholdengo|100\/100\n|-item|p1a: Gholdengo|Air Balloon\n|move|p2a: Weezing|Defog|p1a: Gholdengo\n|-unboost|p1a: Gholdengo|evasion|1\n|-sideend|p2: mathismathin|Spikes|[from] move: Defog|[of] p2a: Weezing\n|\n|upkeep\n|turn|9\n|c|\u2606heliazzle|ohh thats actually prety cool wp\n|inactive|heliazzle has 120 seconds left.\n|j| dfghhhg\n|c|\u2606heliazzle|i cba to play this tbh so gg wp\n|-message|heliazzle forfeited.\n|\n|win|mathismathin\n|raw|heliazzle's rating: 1665 &rarr; <strong>1652<\/strong><br \/>(-13 for losing)\n|raw|mathismathin's rating: 1787 &rarr; <strong>1800<\/strong><br \/>(+13 for winning)\n|c|\u2606mathismathin|alright\n","uploadtime":1700340051,"views":9,"p1id":"heliazzle","p2id":"mathismathin","formatid":"gen9ou","rating":1652,"private":0,"password":""}