{"id":"gen9ou-1990303352","p1":"ElreyBoB","p2":"BillyNelson","format":"[Gen 9] OU","log":"|j|\u2606ElreyBoB\n|j|\u2606BillyNelson\n|t:|1699953664\n|gametype|singles\n|player|p1|ElreyBoB|170|1116\n|player|p2|BillyNelson|volkner|1064\n|teamsize|p1|6\n|teamsize|p2|6\n|gen|9\n|tier|[Gen 9] OU\n|rated|\n|rule|Sleep Clause Mod: Limit one foe put to sleep\n|rule|Species Clause: Limit one of each Pok\u00e9mon\n|rule|OHKO Clause: OHKO moves are banned\n|rule|Evasion Items Clause: Evasion items are banned\n|rule|Evasion Moves Clause: Evasion moves are banned\n|rule|Endless Battle Clause: Forcing endless battles is banned\n|rule|HP Percentage Mod: HP is shown in percentages\n|clearpoke\n|poke|p1|Arcanine-Hisui, M|\n|poke|p1|Clefable, F|\n|poke|p1|Forretress, F|\n|poke|p1|Ogerpon-Wellspring, F|\n|poke|p1|Hydreigon, F|\n|poke|p1|Braviary-Hisui, M|\n|poke|p2|Glimmora, M|\n|poke|p2|Gholdengo|\n|poke|p2|Lucario, F|\n|poke|p2|Dragonite, F|\n|poke|p2|Greninja-*, M|\n|poke|p2|Orthworm, M|\n|teampreview\n|\n|t:|1699953682\n|start\n|switch|p1a: Hydreigon|Hydreigon, F|100\/100\n|switch|p2a: Gholdengo|Gholdengo|100\/100\n|turn|1\n|\n|t:|1699953687\n|move|p1a: Hydreigon|Dark Pulse|p2a: Gholdengo\n|-supereffective|p2a: Gholdengo\n|-damage|p2a: Gholdengo|11\/100\n|cant|p2a: Gholdengo|flinch\n|\n|upkeep\n|turn|2\n|\n|t:|1699953694\n|switch|p2a: Lucario|Lucario, F|100\/100\n|move|p1a: Hydreigon|Dark Pulse|p2a: Lucario\n|-resisted|p2a: Lucario\n|-damage|p2a: Lucario|66\/100\n|\n|upkeep\n|turn|3\n|\n|t:|1699953702\n|switch|p1a: Forretress|Forretress, F|100\/100\n|switch|p2a: Dragonite|Dragonite, F|100\/100\n|\n|upkeep\n|turn|4\n|\n|t:|1699953710\n|move|p2a: Dragonite|Hurricane|p1a: Forretress\n|-damage|p1a: Forretress|36\/100\n|move|p1a: Forretress|Volt Switch|p2a: Dragonite\n|-damage|p2a: Dragonite|96\/100\n|\n|t:|1699953714\n|switch|p1a: Clefable|Clefable, F|100\/100|[from] Volt Switch\n|\n|upkeep\n|turn|5\n|\n|t:|1699953719\n|move|p2a: Dragonite|Thunder|p1a: Clefable|[miss]\n|-miss|p2a: Dragonite|p1a: Clefable\n|move|p1a: Clefable|Stealth Rock|p2a: Dragonite\n|-sidestart|p2: BillyNelson|move: Stealth Rock\n|\n|upkeep\n|turn|6\n|\n|t:|1699953726\n|move|p2a: Dragonite|Thunder|p1a: Clefable|[miss]\n|-miss|p2a: Dragonite|p1a: Clefable\n|move|p1a: Clefable|Moonblast|p2a: Dragonite\n|-supereffective|p2a: Dragonite\n|-damage|p2a: Dragonite|41\/100\n|-unboost|p2a: Dragonite|spa|1\n|-enditem|p2a: Dragonite|Sitrus Berry|[eat]\n|-heal|p2a: Dragonite|66\/100|[from] item: Sitrus Berry\n|\n|upkeep\n|turn|7\n|\n|t:|1699953738\n|switch|p1a: Arcanine|Arcanine-Hisui, M|100\/100\n|move|p2a: Dragonite|Thunder|p1a: Arcanine\n|-damage|p1a: Arcanine|73\/100\n|\n|upkeep\n|turn|8\n|\n|t:|1699953742\n|-singleturn|p2a: Dragonite|move: Focus Punch\n|move|p1a: Arcanine|Head Smash|p2a: Dragonite\n|-supereffective|p2a: Dragonite\n|-damage|p2a: Dragonite|0 fnt\n|faint|p2a: Dragonite\n|\n|upkeep\n|\n|t:|1699953751\n|switch|p2a: Orthworm|Orthworm, M|100\/100\n|-damage|p2a: Orthworm|94\/100|[from] Stealth Rock\n|turn|9\n|\n|t:|1699953758\n|-terastallize|p1a: Arcanine|Fire\n|move|p1a: Arcanine|Flare Blitz|p2a: Orthworm\n|-supereffective|p2a: Orthworm\n|-damage|p2a: Orthworm|0 fnt\n|faint|p2a: Orthworm\n|\n|upkeep\n|\n|t:|1699953764\n|switch|p2a: Greninja|Greninja, M|100\/100\n|-damage|p2a: Greninja|88\/100|[from] Stealth Rock\n|turn|10\n|\n|t:|1699953767\n|switch|p1a: Clefable|Clefable, F|100\/100\n|move|p2a: Greninja|Hydro Cannon|p1a: Clefable\n|-start|p2a: Greninja|typechange|Water|[from] ability: Protean\n|-damage|p1a: Clefable|47\/100\n|-mustrecharge|p2a: Greninja\n|\n|upkeep\n|turn|11\n|\n|t:|1699953773\n|cant|p2a: Greninja|recharge\n|move|p1a: Clefable|Moonlight|p1a: Clefable\n|-heal|p1a: Clefable|97\/100\n|\n|upkeep\n|turn|12\n|\n|t:|1699953778\n|switch|p1a: Ogerpon|Ogerpon-Wellspring, F|100\/100\n|move|p2a: Greninja|Gunk Shot|p1a: Ogerpon\n|-supereffective|p1a: Ogerpon\n|-damage|p1a: Ogerpon|31\/100\n|\n|upkeep\n|turn|13\n|\n|t:|1699953786\n|switch|p1a: Clefable|Clefable, F|97\/100\n|move|p2a: Greninja|Gunk Shot|p1a: Clefable\n|-supereffective|p1a: Clefable\n|-damage|p1a: Clefable|40\/100\n|\n|upkeep\n|turn|14\n|\n|t:|1699953792\n|move|p2a: Greninja|Spikes|p1a: Clefable\n|-sidestart|p1: ElreyBoB|Spikes\n|move|p1a: Clefable|Moonlight|p1a: Clefable\n|-heal|p1a: Clefable|90\/100\n|\n|upkeep\n|turn|15\n|\n|t:|1699953797\n|move|p2a: Greninja|Role Play|p1a: Clefable\n|-endability|p2a: Greninja|Protean|[from] move: Role Play\n|-ability|p2a: Greninja|Magic Guard|[from] move: Role Play|[of] p1a: Clefable\n|move|p1a: Clefable|Moonblast|p2a: Greninja\n|-crit|p2a: Greninja\n|-damage|p2a: Greninja|16\/100\n|\n|upkeep\n|turn|16\n|\n|t:|1699953806\n|move|p2a: Greninja|Hydro Cannon|p1a: Clefable\n|-damage|p1a: Clefable|35\/100\n|-mustrecharge|p2a: Greninja\n|move|p1a: Clefable|Moonblast|p2a: Greninja\n|-damage|p2a: Greninja|0 fnt\n|faint|p2a: Greninja\n|\n|upkeep\n|\n|t:|1699953814\n|switch|p2a: Glimmora|Glimmora, M|100\/100\n|-damage|p2a: Glimmora|88\/100|[from] Stealth Rock\n|turn|17\n|\n|t:|1699953817\n|switch|p1a: Forretress|Forretress, F|36\/100\n|-damage|p1a: Forretress|24\/100|[from] Spikes\n|move|p2a: Glimmora|Stealth Rock|p1a: Forretress\n|-sidestart|p1: ElreyBoB|move: Stealth Rock\n|\n|-heal|p1a: Forretress|30\/100|[from] item: Leftovers\n|upkeep\n|turn|18\n|\n|t:|1699953822\n|switch|p2a: Gholdengo|Gholdengo|11\/100\n|-damage|p2a: Gholdengo|5\/100|[from] Stealth Rock\n|move|p1a: Forretress|Rapid Spin|p2a: Gholdengo\n|-immune|p2a: Gholdengo\n|\n|-heal|p1a: Forretress|36\/100|[from] item: Leftovers\n|upkeep\n|turn|19\n|\n|t:|1699953826\n|switch|p1a: Hydreigon|Hydreigon, F|100\/100\n|-damage|p1a: Hydreigon|88\/100|[from] Stealth Rock\n|move|p2a: Gholdengo|Shadow Ball|p1a: Hydreigon\n|-resisted|p1a: Hydreigon\n|-damage|p1a: Hydreigon|63\/100\n|\n|upkeep\n|turn|20\n|\n|t:|1699953837\n|switch|p2a: Lucario|Lucario, F|66\/100\n|-damage|p2a: Lucario|63\/100|[from] Stealth Rock\n|move|p1a: Hydreigon|U-turn|p2a: Lucario\n|-resisted|p2a: Lucario\n|-damage|p2a: Lucario|57\/100\n|\n|t:|1699953841\n|switch|p1a: Arcanine|Arcanine-Hisui, M, tera:Fire|73\/100|[from] U-turn\n|-damage|p1a: Arcanine|61\/100|[from] Spikes\n|-damage|p1a: Arcanine|36\/100|[from] Stealth Rock\n|\n|upkeep\n|turn|21\n|\n|t:|1699953851\n|move|p2a: Lucario|Earthquake|p1a: Arcanine\n|-supereffective|p1a: Arcanine\n|-damage|p1a: Arcanine|0 fnt\n|faint|p1a: Arcanine\n|\n|upkeep\n|\n|t:|1699953855\n|switch|p1a: Forretress|Forretress, F|36\/100\n|-damage|p1a: Forretress|24\/100|[from] Spikes\n|-damage|p1a: Forretress|11\/100|[from] Stealth Rock\n|turn|22\n|\n|t:|1699953858\n|move|p2a: Lucario|Earthquake|p1a: Forretress\n|-damage|p1a: Forretress|0 fnt\n|faint|p1a: Forretress\n|\n|upkeep\n|\n|t:|1699953861\n|switch|p1a: Ogerpon|Ogerpon-Wellspring, F|31\/100\n|-damage|p1a: Ogerpon|19\/100|[from] Spikes\n|-damage|p1a: Ogerpon|7\/100|[from] Stealth Rock\n|turn|23\n|\n|t:|1699953866\n|move|p2a: Lucario|Bullet Punch|p1a: Ogerpon\n|-resisted|p1a: Ogerpon\n|-damage|p1a: Ogerpon|0 fnt\n|faint|p1a: Ogerpon\n|\n|upkeep\n|\n|t:|1699953869\n|switch|p1a: Clefable|Clefable, F|35\/100\n|turn|24\n|\n|t:|1699953872\n|move|p2a: Lucario|Bullet Punch|p1a: Clefable\n|-supereffective|p1a: Clefable\n|-damage|p1a: Clefable|0 fnt\n|-damage|p2a: Lucario|41\/100|[from] item: Rocky Helmet|[of] p1a: Clefable\n|faint|p1a: Clefable\n|\n|upkeep\n|\n|t:|1699953874\n|switch|p1a: Hydreigon|Hydreigon, F|63\/100\n|-damage|p1a: Hydreigon|51\/100|[from] Stealth Rock\n|turn|25\n|\n|t:|1699953881\n|move|p2a: Lucario|Bullet Punch|p1a: Hydreigon\n|-damage|p1a: Hydreigon|31\/100\n|move|p1a: Hydreigon|Dragon Pulse|p2a: Lucario\n|-resisted|p2a: Lucario\n|-damage|p2a: Lucario|5\/100\n|\n|upkeep\n|turn|26\n|\n|t:|1699953888\n|move|p2a: Lucario|Bullet Punch|p1a: Hydreigon\n|-damage|p1a: Hydreigon|8\/100\n|move|p1a: Hydreigon|Dragon Pulse|p2a: Lucario\n|-resisted|p2a: Lucario\n|-damage|p2a: Lucario|0 fnt\n|faint|p2a: Lucario\n|\n|upkeep\n|\n|t:|1699953892\n|switch|p2a: Glimmora|Glimmora, M|88\/100\n|-damage|p2a: Glimmora|76\/100|[from] Stealth Rock\n|turn|27\n|\n|t:|1699953894\n|move|p1a: Hydreigon|Dragon Pulse|p2a: Glimmora\n|-damage|p2a: Glimmora|22\/100\n|move|p2a: Glimmora|Mortal Spin|p1a: Hydreigon\n|-damage|p1a: Hydreigon|0 fnt\n|-sideend|p2: BillyNelson|Stealth Rock|[from] move: Mortal Spin|[of] p2a: Glimmora\n|faint|p1a: Hydreigon\n|\n|upkeep\n|\n|t:|1699953899\n|switch|p1a: Braviary|Braviary-Hisui, M|100\/100\n|-damage|p1a: Braviary|76\/100|[from] Stealth Rock\n|turn|28\n|\n|t:|1699953902\n|move|p2a: Glimmora|Explosion|p1a: Braviary\n|-damage|p1a: Braviary|18\/100\n|faint|p2a: Glimmora\n|move|p1a: Braviary|Psychic|p2: Glimmora|[notarget]\n|-fail|p1a: Braviary\n|\n|upkeep\n|\n|t:|1699953906\n|switch|p2a: Gholdengo|Gholdengo|5\/100\n|turn|29\n|\n|t:|1699953909\n|move|p2a: Gholdengo|Shadow Ball|p1a: Braviary\n|-supereffective|p1a: Braviary\n|-crit|p1a: Braviary\n|-damage|p1a: Braviary|0 fnt\n|faint|p1a: Braviary\n|\n|win|BillyNelson\n|raw|ElreyBoB's rating: 1116 &rarr; <strong>1087<\/strong><br \/>(-29 for losing)\n|raw|BillyNelson's rating: 1064 &rarr; <strong>1099<\/strong><br \/>(+35 for winning)\n|l|\u2606ElreyBoB\n","uploadtime":1699953913,"views":21,"p1id":"elreybob","p2id":"billynelson","formatid":"gen9ou","rating":1087,"private":0,"password":""}