{"id":"gen9ou-1993558489","p1":"Luck matter","p2":"TrainerElwin","format":"[Gen 9] OU","log":"|j|\u2606Luck matter\n|j|\u2606TrainerElwin\n|inactive|Battle timer is ON: inactive players will automatically lose when time's up.\n|t:|1700331612\n|gametype|singles\n|player|p1|Luck matter|101|\n|player|p2|TrainerElwin|emmet|\n|teamsize|p1|6\n|teamsize|p2|6\n|gen|9\n|tier|[Gen 9] OU\n|rated|Tournament battle\n|rule|Sleep Clause Mod: Limit one foe put to sleep\n|rule|Species Clause: Limit one of each Pok\u00e9mon\n|rule|OHKO Clause: OHKO moves are banned\n|rule|Evasion Items Clause: Evasion items are banned\n|rule|Evasion Moves Clause: Evasion moves are banned\n|rule|Endless Battle Clause: Forcing endless battles is banned\n|rule|HP Percentage Mod: HP is shown in percentages\n|clearpoke\n|poke|p1|Cloyster, M|\n|poke|p1|Arboliva, F|\n|poke|p1|Shiftry, F|\n|poke|p1|Meowscarada, M|\n|poke|p1|Iron Moth|\n|poke|p1|Milotic, F|\n|poke|p2|Cloyster, M|\n|poke|p2|Arboliva, M|\n|poke|p2|Shiftry, F|\n|poke|p2|Meowscarada, M|\n|poke|p2|Iron Moth|\n|poke|p2|Milotic, F|\n|teampreview\n|j|*Lady Monita \u2746\n|inactive|Luck matter also wants the timer to be on.\n|j| sjjjjjjj\n|j| ThrohValencia\n|c|\u2606Luck matter|glhf\n|\n|t:|1700331625\n|start\n|switch|p1a: Cloyster|Cloyster, M|100\/100\n|switch|p2a: Meowscarada|Meowscarada, M|100\/100\n|turn|1\n|c|\u2606TrainerElwin|u too\n|c|\u2606TrainerElwin|:)\n|c| sjjjjjjj|good six\n|\n|t:|1700331634\n|move|p2a: Meowscarada|U-turn|p1a: Cloyster\n|-start|p2a: Meowscarada|typechange|Bug|[from] ability: Protean\n|-damage|p1a: Cloyster|68\/100\n|-damage|p2a: Meowscarada|91\/100|[from] item: Life Orb\n|\n|t:|1700331639\n|switch|p2a: Milotic|Milotic, F|100\/100|[from] U-turn\n|move|p1a: Cloyster|Shell Smash|p1a: Cloyster\n|-unboost|p1a: Cloyster|def|1\n|-unboost|p1a: Cloyster|spd|1\n|-boost|p1a: Cloyster|atk|2\n|-boost|p1a: Cloyster|spa|2\n|-boost|p1a: Cloyster|spe|2\n|-enditem|p1a: Cloyster|White Herb\n|-clearnegativeboost|p1a: Cloyster|[silent]\n|\n|-status|p2a: Milotic|brn|[from] item: Flame Orb\n|upkeep\n|turn|2\n|\n|t:|1700331645\n|-terastallize|p1a: Cloyster|Rock\n|move|p1a: Cloyster|Rock Blast|p2a: Milotic\n|-damage|p2a: Milotic|88\/100 brn\n|-damage|p2a: Milotic|76\/100 brn\n|-damage|p2a: Milotic|64\/100 brn\n|-damage|p2a: Milotic|52\/100 brn\n|-damage|p2a: Milotic|39\/100 brn\n|-hitcount|p2a: Milotic|5\n|move|p2a: Milotic|Scald|p1a: Cloyster\n|-supereffective|p1a: Cloyster\n|-damage|p1a: Cloyster|0 fnt\n|faint|p1a: Cloyster\n|\n|-damage|p2a: Milotic|33\/100 brn|[from] brn\n|upkeep\n|\n|t:|1700331659\n|switch|p1a: Meowscarada|Meowscarada, M|100\/100\n|turn|3\n|j| Zwellish\n|\n|t:|1700331667\n|switch|p2a: Arboliva|Arboliva, M|100\/100\n|move|p1a: Meowscarada|Knock Off|p2a: Arboliva\n|-start|p1a: Meowscarada|typechange|Dark|[from] ability: Protean\n|-damage|p2a: Arboliva|68\/100\n|-enditem|p2a: Arboliva|Sitrus Berry|[from] move: Knock Off|[of] p1a: Meowscarada\n|\n|upkeep\n|turn|4\n|j| E4Everyone\n|\n|t:|1700331689\n|move|p1a: Meowscarada|U-turn|p2a: Arboliva\n|-supereffective|p2a: Arboliva\n|-damage|p2a: Arboliva|27\/100\n|\n|t:|1700331704\n|switch|p1a: Shiftry|Shiftry, F|100\/100|[from] U-turn\n|move|p2a: Arboliva|Strength Sap|p1a: Shiftry\n|-unboost|p1a: Shiftry|atk|1\n|-heal|p2a: Arboliva|100\/100\n|\n|upkeep\n|turn|5\n|\n|t:|1700331726\n|move|p1a: Shiftry|Tailwind|p1a: Shiftry\n|-sidestart|p1: Luck matter|move: Tailwind\n|-ability|p1a: Shiftry|Wind Rider|boost\n|-boost|p1a: Shiftry|atk|1\n|move|p2a: Arboliva|Strength Sap|p1a: Shiftry\n|-unboost|p1a: Shiftry|atk|1\n|\n|upkeep\n|turn|6\n|\n|t:|1700331744\n|move|p1a: Shiftry|Knock Off|p2a: Arboliva\n|-damage|p2a: Arboliva|86\/100\n|move|p2a: Arboliva|Giga Drain|p1a: Shiftry\n|-resisted|p1a: Shiftry\n|-damage|p1a: Shiftry|74\/100\n|-heal|p2a: Arboliva|98\/100|[from] drain|[of] p1a: Shiftry\n|\n|upkeep\n|turn|7\n|l| Zwellish\n|\n|t:|1700331751\n|switch|p1a: Iron Moth|Iron Moth|100\/100\n|-enditem|p1a: Iron Moth|Booster Energy\n|-activate|p1a: Iron Moth|ability: Quark Drive|[fromitem]\n|-start|p1a: Iron Moth|quarkdrivespe\n|move|p2a: Arboliva|Giga Drain|p1a: Iron Moth\n|-resisted|p1a: Iron Moth\n|-damage|p1a: Iron Moth|94\/100\n|-heal|p2a: Arboliva|100\/100|[from] drain|[of] p1a: Iron Moth\n|\n|upkeep\n|turn|8\n|\n|t:|1700331764\n|-terastallize|p2a: Arboliva|Water\n|move|p1a: Iron Moth|Substitute|p1a: Iron Moth\n|-start|p1a: Iron Moth|Substitute\n|-damage|p1a: Iron Moth|69\/100\n|move|p2a: Arboliva|Earth Power|p1a: Iron Moth\n|-supereffective|p1a: Iron Moth\n|-end|p1a: Iron Moth|Substitute\n|\n|-sideend|p1: Luck matter|move: Tailwind\n|upkeep\n|turn|9\n|\n|t:|1700331776\n|-end|p1a: Iron Moth|Quark Drive|[silent]\n|switch|p1a: Shiftry|Shiftry, F|74\/100\n|move|p2a: Arboliva|Strength Sap|p1a: Shiftry\n|-unboost|p1a: Shiftry|atk|1\n|\n|upkeep\n|turn|10\n|\n|t:|1700331783\n|switch|p2a: Milotic|Milotic, F|33\/100 brn\n|move|p1a: Shiftry|Leaf Blade|p2a: Milotic\n|-supereffective|p2a: Milotic\n|-damage|p2a: Milotic|4\/100 brn\n|\n|-damage|p2a: Milotic|0 fnt|[from] brn\n|faint|p2a: Milotic\n|upkeep\n|\n|t:|1700331804\n|switch|p2a: Iron Moth|Iron Moth|100\/100\n|turn|11\n|\n|t:|1700331814\n|move|p2a: Iron Moth|Sludge Wave|p1a: Shiftry\n|-supereffective|p1a: Shiftry\n|-damage|p1a: Shiftry|0 fnt\n|faint|p1a: Shiftry\n|\n|upkeep\n|\n|t:|1700331817\n|switch|p1a: Milotic|Milotic, F|100\/100\n|turn|12\n|\n|t:|1700331823\n|-end|p2a: Iron Moth|Quark Drive|[silent]\n|switch|p2a: Arboliva|Arboliva, M, tera:Water|100\/100\n|move|p1a: Milotic|Scald|p2a: Arboliva\n|-resisted|p2a: Arboliva\n|-damage|p2a: Arboliva|84\/100\n|\n|upkeep\n|turn|13\n|\n|t:|1700331832\n|switch|p1a: Arboliva|Arboliva, F|100\/100\n|move|p2a: Arboliva|Strength Sap|p1a: Arboliva\n|-unboost|p1a: Arboliva|atk|1\n|-heal|p2a: Arboliva|100\/100\n|\n|upkeep\n|turn|14\n|\n|t:|1700331838\n|switch|p2a: Meowscarada|Meowscarada, M|91\/100\n|move|p1a: Arboliva|Leech Seed|p2a: Meowscarada\n|-immune|p2a: Meowscarada\n|\n|upkeep\n|turn|15\n|\n|t:|1700331843\n|move|p1a: Arboliva|Protect|p1a: Arboliva\n|-singleturn|p1a: Arboliva|Protect\n|move|p2a: Meowscarada|Knock Off|p1a: Arboliva\n|-start|p2a: Meowscarada|typechange|Dark|[from] ability: Protean\n|-activate|p1a: Arboliva|move: Protect\n|\n|upkeep\n|turn|16\n|\n|t:|1700331849\n|move|p2a: Meowscarada|Knock Off|p1a: Arboliva\n|-damage|p1a: Arboliva|38\/100\n|-fieldstart|move: Grassy Terrain|[from] ability: Seed Sower|[of] p1a: Arboliva\n|-enditem|p1a: Arboliva|Sitrus Berry|[from] move: Knock Off|[of] p2a: Meowscarada\n|-damage|p2a: Meowscarada|81\/100|[from] item: Life Orb\n|move|p1a: Arboliva|Strength Sap|p2a: Meowscarada\n|-unboost|p2a: Meowscarada|atk|1\n|-heal|p1a: Arboliva|100\/100\n|\n|-heal|p2a: Meowscarada|87\/100|[from] Grassy Terrain\n|upkeep\n|turn|17\n|\n|t:|1700331858\n|move|p2a: Meowscarada|U-turn|p1a: Arboliva\n|-supereffective|p1a: Arboliva\n|-damage|p1a: Arboliva|59\/100\n|-damage|p2a: Meowscarada|77\/100|[from] item: Life Orb\n|\n|t:|1700331875\n|switch|p2a: Iron Moth|Iron Moth|100\/100|[from] U-turn\n|move|p1a: Arboliva|Giga Drain|p2a: Iron Moth\n|-resisted|p2a: Iron Moth\n|-damage|p2a: Iron Moth|87\/100\n|-heal|p1a: Arboliva|64\/100|[from] drain|[of] p2a: Iron Moth\n|\n|-heal|p2a: Iron Moth|93\/100|[from] Grassy Terrain\n|-heal|p1a: Arboliva|70\/100|[from] Grassy Terrain\n|upkeep\n|turn|18\n|\n|t:|1700331885\n|move|p2a: Iron Moth|Sludge Wave|p1a: Arboliva\n|-supereffective|p1a: Arboliva\n|-damage|p1a: Arboliva|0 fnt\n|faint|p1a: Arboliva\n|\n|-heal|p2a: Iron Moth|99\/100|[from] Grassy Terrain\n|upkeep\n|\n|t:|1700331891\n|switch|p1a: Milotic|Milotic, F|100\/100\n|turn|19\n|\n|t:|1700331896\n|-end|p2a: Iron Moth|Quark Drive|[silent]\n|switch|p2a: Arboliva|Arboliva, M, tera:Water|100\/100\n|move|p1a: Milotic|Ice Beam|p2a: Arboliva\n|-resisted|p2a: Arboliva\n|-damage|p2a: Arboliva|89\/100\n|\n|-heal|p2a: Arboliva|95\/100|[from] Grassy Terrain\n|upkeep\n|turn|20\n|\n|t:|1700331902\n|switch|p1a: Meowscarada|Meowscarada, M|100\/100\n|move|p2a: Arboliva|Giga Drain|p1a: Meowscarada\n|-resisted|p1a: Meowscarada\n|-damage|p1a: Meowscarada|68\/100\n|-heal|p2a: Arboliva|100\/100|[from] drain|[of] p1a: Meowscarada\n|\n|-heal|p1a: Meowscarada|74\/100|[from] Grassy Terrain\n|-fieldend|move: Grassy Terrain\n|upkeep\n|turn|21\n|j| Fatol\n|l| Fatol\n|\n|t:|1700331919\n|switch|p2a: Meowscarada|Meowscarada, M|77\/100\n|move|p1a: Meowscarada|Flower Trick|p2a: Meowscarada\n|-start|p1a: Meowscarada|typechange|Grass|[from] ability: Protean\n|-resisted|p2a: Meowscarada\n|-crit|p2a: Meowscarada\n|-damage|p2a: Meowscarada|39\/100\n|\n|upkeep\n|turn|22\n|\n|t:|1700331924\n|move|p1a: Meowscarada|U-turn|p2a: Meowscarada\n|-supereffective|p2a: Meowscarada\n|-damage|p2a: Meowscarada|0 fnt\n|faint|p2a: Meowscarada\n|\n|t:|1700331930\n|switch|p1a: Milotic|Milotic, F|100\/100|[from] U-turn\n|\n|upkeep\n|\n|t:|1700331942\n|switch|p2a: Arboliva|Arboliva, M, tera:Water|100\/100\n|turn|23\n|\n|t:|1700331948\n|switch|p1a: Meowscarada|Meowscarada, M|74\/100\n|move|p2a: Arboliva|Giga Drain|p1a: Meowscarada\n|-resisted|p1a: Meowscarada\n|-damage|p1a: Meowscarada|52\/100\n|\n|upkeep\n|turn|24\n|\n|t:|1700331956\n|move|p1a: Meowscarada|Knock Off|p2a: Arboliva\n|-start|p1a: Meowscarada|typechange|Dark|[from] ability: Protean\n|-damage|p2a: Arboliva|79\/100\n|move|p2a: Arboliva|Earth Power|p1a: Meowscarada\n|-damage|p1a: Meowscarada|10\/100\n|\n|upkeep\n|turn|25\n|j| Yuri134\n|\n|t:|1700331960\n|move|p1a: Meowscarada|Flower Trick|p2a: Arboliva\n|-supereffective|p2a: Arboliva\n|-crit|p2a: Arboliva\n|-damage|p2a: Arboliva|19\/100\n|move|p2a: Arboliva|Giga Drain|p1a: Meowscarada\n|-damage|p1a: Meowscarada|0 fnt\n|-heal|p2a: Arboliva|23\/100|[from] drain|[of] p1a: Meowscarada\n|faint|p1a: Meowscarada\n|\n|upkeep\n|\n|t:|1700331963\n|switch|p1a: Iron Moth|Iron Moth|69\/100\n|turn|26\n|\n|t:|1700331977\n|move|p1a: Iron Moth|Energy Ball|p2a: Arboliva\n|-supereffective|p2a: Arboliva\n|-damage|p2a: Arboliva|0 fnt\n|faint|p2a: Arboliva\n|\n|upkeep\n|\n|t:|1700331981\n|switch|p2a: Shiftry|Shiftry, F|100\/100\n|turn|27\n|\n|t:|1700331988\n|move|p1a: Iron Moth|Fiery Dance|p2a: Shiftry\n|-supereffective|p2a: Shiftry\n|-enditem|p2a: Shiftry|Focus Sash\n|-damage|p2a: Shiftry|1\/100\n|-boost|p1a: Iron Moth|spa|1\n|move|p2a: Shiftry|Tailwind|p2a: Shiftry\n|-sidestart|p2: TrainerElwin|move: Tailwind\n|-ability|p2a: Shiftry|Wind Rider|boost\n|-boost|p2a: Shiftry|atk|1\n|\n|upkeep\n|turn|28\n|inactive|TrainerElwin has 120 seconds left.\n|\n|t:|1700332020\n|move|p2a: Shiftry|Knock Off|p1a: Iron Moth\n|-damage|p1a: Iron Moth|0 fnt\n|faint|p1a: Iron Moth\n|-end|p1a: Iron Moth|Quark Drive|[silent]\n|\n|upkeep\n|\n|t:|1700332023\n|switch|p1a: Milotic|Milotic, F|100\/100\n|turn|29\n|c|\u2606TrainerElwin|gg\n|c|\u2606TrainerElwin|wp\n|\n|t:|1700332029\n|move|p2a: Shiftry|Explosion|p1a: Milotic\n|-damage|p1a: Milotic|0 fnt\n|faint|p2a: Shiftry\n|faint|p1a: Milotic\n|\n|win|TrainerElwin\n|n|\u2606Luck matter|luckmatter\n|n|\u2606TrainerElwin|trainerelwin\n|n|*Lady Monita \u2746|ladymonita\n|n| sjjjjjjj|sjjjjjjj\n|n| ThrohValencia|throhvalencia\n|n| E4Everyone|e4everyone\n|n| Yuri134|yuri134\n","uploadtime":1700332034,"views":8,"p1id":"luckmatter","p2id":"trainerelwin","formatid":"gen9ou","rating":0,"private":0,"password":""}