{"id":"gen9ou-1999902832","p1":"ThatBoyBobby","p2":"Random Brony","format":"[Gen 9] OU","log":"|j|\u2606ThatBoyBobby\n|j|\u2606Random Brony\n|inactive|Battle timer is ON: inactive players will automatically lose when time's up.\n|t:|1701128197\n|gametype|singles\n|player|p1|ThatBoyBobby|clemont|\n|player|p2|Random Brony|rocketgrunt|\n|teamsize|p1|4\n|teamsize|p2|4\n|gen|9\n|tier|[Gen 9] OU\n|rated|Tournament battle\n|rule|Sleep Clause Mod: Limit one foe put to sleep\n|rule|Species Clause: Limit one of each Pok\u00e9mon\n|rule|OHKO Clause: OHKO moves are banned\n|rule|Evasion Items Clause: Evasion items are banned\n|rule|Evasion Moves Clause: Evasion moves are banned\n|rule|Endless Battle Clause: Forcing endless battles is banned\n|rule|HP Percentage Mod: HP is shown in percentages\n|clearpoke\n|poke|p1|Ursaring, M|\n|poke|p1|Chandelure, F|\n|poke|p1|Gholdengo|\n|poke|p1|Sawsbuck, M|\n|poke|p2|Grookey, F|\n|poke|p2|Toxapex, F|\n|poke|p2|Quaquaval, M|\n|poke|p2|Dugtrio-Alola, F|\n|teampreview\n|j|*Lady Monita \u2746\n|inactive|Random Brony also wants the timer to be on.\n|j| Im dumb srly\n|j|^HEAVY-DUTY B0OTY\n|c|\u2606ThatBoyBobby|this sucks\n|j| tkanre\n|c|\u2606ThatBoyBobby|i was rushed so my team is unfinished\n|c|\u2606Random Brony|Nah man, your team is much better, lol.\n|inactive|Random Brony has 120 seconds left.\n|c|\u2606ThatBoyBobby|my sawsbuck only has 3 moves and no EVs\n|c|^HEAVY-DUTY B0OTY|lol\n|c|\u2606Random Brony|might want to keep all that to yourself\n|inactive|Random Brony has 90 seconds left.\n|c|\u2606Random Brony|Now I have to exploit it...\n|c|\u2606ThatBoyBobby|whatever\n|\n|t:|1701128273\n|start\n|switch|p1a: Ursaring|Ursaring, M|100\/100\n|switch|p2a: Dugtrio|Dugtrio-Alola, F|100\/100\n|turn|1\n|\n|t:|1701128292\n|move|p2a: Dugtrio|Earthquake|p1a: Ursaring\n|-damage|p1a: Ursaring|51\/100\n|move|p1a: Ursaring|Earthquake|p2a: Dugtrio\n|-supereffective|p2a: Dugtrio\n|-enditem|p2a: Dugtrio|Focus Sash\n|-damage|p2a: Dugtrio|1\/100\n|\n|-status|p1a: Ursaring|brn|[from] item: Flame Orb\n|upkeep\n|turn|2\n|\n|t:|1701128307\n|switch|p1a: Sawsbuck|Sawsbuck, M|100\/100\n|move|p2a: Dugtrio|Earthquake|p1a: Sawsbuck\n|-resisted|p1a: Sawsbuck\n|-crit|p1a: Sawsbuck\n|-damage|p1a: Sawsbuck|49\/100\n|\n|upkeep\n|turn|3\n|c|^HEAVY-DUTY B0OTY|I've fought plenty battle without EVs or abs\n|c|^HEAVY-DUTY B0OTY|U can still win\n|\n|t:|1701128328\n|move|p2a: Dugtrio|Iron Head|p1a: Sawsbuck\n|-damage|p1a: Sawsbuck|0 fnt\n|faint|p1a: Sawsbuck\n|\n|upkeep\n|\n|t:|1701128337\n|switch|p1a: Ursaring|Ursaring, M|51\/100 brn\n|turn|4\n|\n|t:|1701128342\n|move|p2a: Dugtrio|Earthquake|p1a: Ursaring\n|-damage|p1a: Ursaring|2\/100 brn\n|move|p1a: Ursaring|Earthquake|p2a: Dugtrio\n|-supereffective|p2a: Dugtrio\n|-damage|p2a: Dugtrio|0 fnt\n|faint|p2a: Dugtrio\n|\n|-damage|p1a: Ursaring|0 fnt|[from] brn\n|faint|p1a: Ursaring\n|upkeep\n|c|\u2606ThatBoyBobby|ig\n|\n|t:|1701128365\n|switch|p2a: Toxapex|Toxapex, F|100\/100\n|switch|p1a: Chandelure|Chandelure, F, shiny|100\/100\n|turn|5\n|\n|t:|1701128372\n|-terastallize|p1a: Chandelure|Water\n|move|p1a: Chandelure|Shadow Ball|p2a: Toxapex\n|-damage|p2a: Toxapex|69\/100\n|move|p2a: Toxapex|Surf|p1a: Chandelure\n|-resisted|p1a: Chandelure\n|-damage|p1a: Chandelure|81\/100\n|\n|-heal|p1a: Chandelure|87\/100|[from] item: Leftovers\n|-heal|p2a: Toxapex|75\/100|[from] item: Leftovers\n|upkeep\n|turn|6\n|\n|t:|1701128382\n|move|p1a: Chandelure|Shadow Ball|p2a: Toxapex\n|-crit|p2a: Toxapex\n|-damage|p2a: Toxapex|27\/100\n|-unboost|p2a: Toxapex|spd|1\n|move|p2a: Toxapex|Sludge Bomb|p1a: Chandelure\n|-damage|p1a: Chandelure|50\/100\n|-status|p1a: Chandelure|psn\n|\n|-heal|p1a: Chandelure|56\/100 psn|[from] item: Leftovers\n|-heal|p2a: Toxapex|34\/100|[from] item: Leftovers\n|-damage|p1a: Chandelure|44\/100 psn|[from] psn\n|upkeep\n|turn|7\n|\n|t:|1701128390\n|move|p2a: Toxapex|Baneful Bunker|p2a: Toxapex\n|-singleturn|p2a: Toxapex|move: Protect\n|move|p1a: Chandelure|Shadow Ball|p2a: Toxapex\n|-activate|p2a: Toxapex|move: Protect\n|\n|-heal|p1a: Chandelure|50\/100 psn|[from] item: Leftovers\n|-heal|p2a: Toxapex|40\/100|[from] item: Leftovers\n|-damage|p1a: Chandelure|38\/100 psn|[from] psn\n|upkeep\n|turn|8\n|\n|t:|1701128401\n|move|p2a: Toxapex|Baneful Bunker||[still]\n|-fail|p2a: Toxapex\n|move|p1a: Chandelure|Shadow Ball|p2a: Toxapex\n|-damage|p2a: Toxapex|0 fnt\n|faint|p2a: Toxapex\n|\n|-heal|p1a: Chandelure|44\/100 psn|[from] item: Leftovers\n|-damage|p1a: Chandelure|32\/100 psn|[from] psn\n|upkeep\n|\n|t:|1701128420\n|switch|p2a: Grookey|Grookey, F|100\/100\n|-fieldstart|move: Grassy Terrain|[from] ability: Grassy Surge|[of] p2a: Grookey\n|turn|9\n|\n|t:|1701128427\n|move|p2a: Grookey|Grassy Glide|p1a: Chandelure\n|-supereffective|p1a: Chandelure\n|-damage|p1a: Chandelure|0 fnt\n|faint|p1a: Chandelure\n|\n|upkeep\n|\n|t:|1701128431\n|switch|p1a: Gholdengo|Gholdengo, shiny|100\/100\n|turn|10\n|\n|t:|1701128442\n|move|p2a: Grookey|Grassy Glide|p1a: Gholdengo\n|-resisted|p1a: Gholdengo\n|-damage|p1a: Gholdengo|85\/100\n|move|p1a: Gholdengo|Make It Rain|p2a: Grookey\n|-damage|p2a: Grookey|0 fnt\n|-unboost|p1a: Gholdengo|spa|1\n|faint|p2a: Grookey\n|\n|-heal|p1a: Gholdengo|91\/100|[from] Grassy Terrain\n|upkeep\n|j| jfebhjbeebhjf\n|\n|t:|1701128448\n|switch|p2a: Quaquaval|Quaquaval, M|100\/100\n|turn|11\n|\n|t:|1701128453\n|-terastallize|p2a: Quaquaval|Water\n|move|p1a: Gholdengo|Dazzling Gleam|p2a: Quaquaval\n|-damage|p2a: Quaquaval|84\/100\n|move|p2a: Quaquaval|Aqua Step|p1a: Gholdengo\n|-damage|p1a: Gholdengo|24\/100\n|-boost|p2a: Quaquaval|spe|1\n|\n|-heal|p2a: Quaquaval|90\/100|[from] Grassy Terrain\n|-heal|p1a: Gholdengo|30\/100|[from] Grassy Terrain\n|upkeep\n|turn|12\n|c|\u2606Random Brony|gg\n|c|\u2606ThatBoyBobby|gg\n|\n|t:|1701128465\n|move|p2a: Quaquaval|Aqua Step|p1a: Gholdengo\n|-damage|p1a: Gholdengo|0 fnt\n|-boost|p2a: Quaquaval|spe|1\n|faint|p1a: Gholdengo\n|\n|win|Random Brony\n|n|\u2606ThatBoyBobby|thatboybobby\n|n|\u2606Random Brony|randombrony\n|n|*Lady Monita \u2746|ladymonita\n|n| Im dumb srly|imdumbsrly\n|n| HEAVY-DUTY B0OTY|heavydutyb0oty\n|n| tkanre|tkanre\n|n| jfebhjbeebhjf|jfebhjbeebhjf\n","uploadtime":1701128466,"views":2,"p1id":"thatboybobby","p2id":"randombrony","formatid":"gen9ou","rating":0,"private":0,"password":""}