{"id":"gen9ou-2000618864","p1":"LegendaryNinjaDude","p2":"stannaoto","format":"[Gen 9] OU","log":"|j|\u2606LegendaryNinjaDude\n|j|\u2606stannaoto\n|t:|1701211141\n|gametype|singles\n|player|p1|LegendaryNinjaDude|102|\n|player|p2|stannaoto|skierf|\n|teamsize|p1|6\n|teamsize|p2|6\n|gen|9\n|tier|[Gen 9] OU\n|rule|Sleep Clause Mod: Limit one foe put to sleep\n|rule|Species Clause: Limit one of each Pok\u00e9mon\n|rule|OHKO Clause: OHKO moves are banned\n|rule|Evasion Items Clause: Evasion items are banned\n|rule|Evasion Moves Clause: Evasion moves are banned\n|rule|Endless Battle Clause: Forcing endless battles is banned\n|rule|HP Percentage Mod: HP is shown in percentages\n|clearpoke\n|poke|p1|Toxapex, F|\n|poke|p1|Iron Treads|\n|poke|p1|Heatran, M|\n|poke|p1|Wo-Chien|\n|poke|p1|Torterra, F|\n|poke|p1|Ditto|\n|poke|p2|Clodsire, M|\n|poke|p2|Cloyster, F|\n|poke|p2|Arcanine, F|\n|poke|p2|Florges-Orange, F|\n|poke|p2|Dragonite, M|\n|poke|p2|Lycanroc, M|\n|teampreview\n|\n|t:|1701211181\n|start\n|switch|p1a: Iron Treads|Iron Treads|100\/100\n|switch|p2a: Melody|Dragonite, M|100\/100\n|turn|1\n|\n|t:|1701211232\n|switch|p2a: Arcanine|Arcanine, F|100\/100\n|move|p1a: Iron Treads|Ice Spinner|p2a: Arcanine\n|-resisted|p2a: Arcanine\n|-damage|p2a: Arcanine|84\/100\n|\n|-heal|p2a: Arcanine|91\/100|[from] item: Leftovers\n|upkeep\n|turn|2\n|\n|t:|1701211246\n|move|p1a: Iron Treads|Earthquake|p2a: Arcanine\n|-supereffective|p2a: Arcanine\n|-crit|p2a: Arcanine\n|-damage|p2a: Arcanine|0 fnt\n|faint|p2a: Arcanine\n|\n|upkeep\n|\n|t:|1701211252\n|switch|p2a: Milkshake|Cloyster, F|100\/100\n|turn|3\n|c|\u2606LegendaryNinjaDude|Remind me your Tera captains?\n|c|\u2606LegendaryNinjaDude|I'd rather not have to go open the doc.\n|\n|t:|1701211306\n|-terastallize|p2a: Milkshake|Ground\n|move|p1a: Iron Treads|Iron Head|p2a: Milkshake\n|-damage|p2a: Milkshake|70\/100\n|cant|p2a: Milkshake|flinch\n|\n|upkeep\n|turn|4\n|\n|t:|1701211312\n|move|p1a: Iron Treads|Ice Spinner|p2a: Milkshake\n|-supereffective|p2a: Milkshake\n|-damage|p2a: Milkshake|21\/100\n|move|p2a: Milkshake|Shell Smash|p2a: Milkshake\n|-unboost|p2a: Milkshake|def|1\n|-unboost|p2a: Milkshake|spd|1\n|-boost|p2a: Milkshake|atk|2\n|-boost|p2a: Milkshake|spa|2\n|-boost|p2a: Milkshake|spe|2\n|-enditem|p2a: Milkshake|White Herb\n|-clearnegativeboost|p2a: Milkshake|[silent]\n|\n|upkeep\n|turn|5\n|c|\u2606stannaoto|oops mb\n|c|\u2606stannaoto|disdnt look at chat\n|c|\u2606LegendaryNinjaDude|No problem.\n|c|\u2606stannaoto|but kingambit ands thi\n|c|\u2606LegendaryNinjaDude|Alright, so this is the only one you've got on the team I guess?\n|c|\u2606stannaoto|yh\n|c|\u2606LegendaryNinjaDude|Cool. Thanks.\n|\n|t:|1701211355\n|-end|p1a: Iron Treads|Quark Drive|[silent]\n|switch|p1a: Wo-Chien|Wo-Chien|100\/100\n|-ability|p1a: Wo-Chien|Tablets of Ruin\n|move|p2a: Milkshake|Rock Blast|p1a: Wo-Chien\n|-damage|p1a: Wo-Chien|93\/100\n|-damage|p1a: Wo-Chien|85\/100\n|-damage|p1a: Wo-Chien|78\/100\n|-damage|p1a: Wo-Chien|69\/100\n|-damage|p1a: Wo-Chien|61\/100\n|-hitcount|p1a: Wo-Chien|5\n|\n|-heal|p1a: Wo-Chien|67\/100|[from] item: Leftovers\n|upkeep\n|turn|6\n|\n|t:|1701211362\n|move|p1a: Wo-Chien|Protect|p1a: Wo-Chien\n|-singleturn|p1a: Wo-Chien|Protect\n|move|p2a: Milkshake|Icicle Spear|p1a: Wo-Chien\n|-activate|p1a: Wo-Chien|move: Protect\n|\n|-heal|p1a: Wo-Chien|73\/100|[from] item: Leftovers\n|upkeep\n|turn|7\n|\n|t:|1701211370\n|-terastallize|p1a: Wo-Chien|Fairy\n|move|p2a: Milkshake|Rock Blast|p1a: Wo-Chien|[miss]\n|-miss|p2a: Milkshake|p1a: Wo-Chien\n|move|p1a: Wo-Chien|Leech Seed|p2a: Milkshake\n|-start|p2a: Milkshake|move: Leech Seed\n|\n|-heal|p1a: Wo-Chien|79\/100|[from] item: Leftovers\n|-damage|p2a: Milkshake|9\/100|[from] Leech Seed|[of] p1a: Wo-Chien\n|-heal|p1a: Wo-Chien|87\/100|[silent]\n|upkeep\n|turn|8\n|\n|t:|1701211374\n|move|p1a: Wo-Chien|Protect|p1a: Wo-Chien\n|-singleturn|p1a: Wo-Chien|Protect\n|move|p2a: Milkshake|Icicle Spear|p1a: Wo-Chien\n|-activate|p1a: Wo-Chien|move: Protect\n|\n|-heal|p1a: Wo-Chien|93\/100|[from] item: Leftovers\n|-damage|p2a: Milkshake|0 fnt|[from] Leech Seed|[of] p1a: Wo-Chien\n|-heal|p1a: Wo-Chien|99\/100|[silent]\n|faint|p2a: Milkshake\n|upkeep\n|\n|t:|1701211377\n|switch|p2a: #COOKIEJAR|Clodsire, M|100\/100\n|turn|9\n|\n|t:|1701211383\n|move|p1a: Wo-Chien|Leech Seed|p2a: #COOKIEJAR\n|-start|p2a: #COOKIEJAR|move: Leech Seed\n|move|p2a: #COOKIEJAR|Toxic|p1a: Wo-Chien\n|-status|p1a: Wo-Chien|tox\n|\n|-heal|p1a: Wo-Chien|100\/100 tox|[from] item: Leftovers\n|-damage|p2a: #COOKIEJAR|88\/100|[from] Leech Seed|[of] p1a: Wo-Chien\n|-damage|p1a: Wo-Chien|94\/100 tox|[from] psn\n|upkeep\n|turn|10\n|\n|t:|1701211412\n|switch|p1a: Iron Treads|Iron Treads|100\/100\n|switch|p2a: Birthday|Florges-Orange, F, shiny|100\/100\n|\n|upkeep\n|turn|11\n|\n|t:|1701211420\n|switch|p2a: Fool|Lycanroc, M, shiny|100\/100\n|move|p1a: Iron Treads|Iron Head|p2a: Fool\n|-supereffective|p2a: Fool\n|-enditem|p2a: Fool|Focus Sash\n|-damage|p2a: Fool|1\/100\n|\n|upkeep\n|turn|12\n|\n|t:|1701211426\n|-end|p1a: Iron Treads|Quark Drive|[silent]\n|switch|p1a: Toxapex|Toxapex, F|100\/100\n|move|p2a: Fool|Close Combat|p1a: Toxapex\n|-resisted|p1a: Toxapex\n|-damage|p1a: Toxapex|88\/100\n|-unboost|p2a: Fool|def|1\n|-unboost|p2a: Fool|spd|1\n|\n|upkeep\n|turn|13\n|\n|t:|1701211435\n|switch|p2a: Melody|Dragonite, M|100\/100\n|move|p1a: Toxapex|Chilling Water|p2a: Melody\n|-resisted|p2a: Melody\n|-damage|p2a: Melody|98\/100\n|-unboost|p2a: Melody|atk|1\n|\n|upkeep\n|turn|14\n|\n|t:|1701211439\n|move|p2a: Melody|Dragon Dance|p2a: Melody\n|-boost|p2a: Melody|atk|1\n|-boost|p2a: Melody|spe|1\n|move|p1a: Toxapex|Sludge Bomb|p2a: Melody\n|-damage|p2a: Melody|78\/100\n|-status|p2a: Melody|psn\n|\n|-damage|p2a: Melody|66\/100 psn|[from] psn\n|upkeep\n|turn|15\n|\n|t:|1701211446\n|move|p2a: Melody|Ice Spinner|p1a: Toxapex\n|-resisted|p1a: Toxapex\n|-damage|p1a: Toxapex|79\/100\n|move|p1a: Toxapex|Chilling Water|p2a: Melody\n|-resisted|p2a: Melody\n|-damage|p2a: Melody|60\/100 psn\n|-unboost|p2a: Melody|atk|1\n|\n|-damage|p2a: Melody|48\/100 psn|[from] psn\n|upkeep\n|turn|16\n|\n|t:|1701211450\n|move|p2a: Melody|Dragon Dance|p2a: Melody\n|-boost|p2a: Melody|atk|1\n|-boost|p2a: Melody|spe|1\n|move|p1a: Toxapex|Chilling Water|p2a: Melody\n|-resisted|p2a: Melody\n|-damage|p2a: Melody|42\/100 psn\n|-unboost|p2a: Melody|atk|1\n|\n|-damage|p2a: Melody|29\/100 psn|[from] psn\n|upkeep\n|turn|17\n|\n|t:|1701211454\n|move|p2a: Melody|Earthquake|p1a: Toxapex\n|-supereffective|p1a: Toxapex\n|-damage|p1a: Toxapex|47\/100\n|move|p1a: Toxapex|Chilling Water|p2a: Melody\n|-resisted|p2a: Melody\n|-damage|p2a: Melody|24\/100 psn\n|-unboost|p2a: Melody|atk|1\n|\n|-damage|p2a: Melody|11\/100 psn|[from] psn\n|upkeep\n|turn|18\n|c|\u2606stannaoto|cgs you won lol\n|\n|t:|1701211461\n|switch|p2a: Birthday|Florges-Orange, F, shiny|100\/100\n|move|p1a: Toxapex|Recover|p1a: Toxapex\n|-heal|p1a: Toxapex|97\/100\n|\n|upkeep\n|turn|19\n|c|\u2606stannaoto|i have nothing for this\n|c|\u2606LegendaryNinjaDude|I think so, yeah, but save gg for when it's over.\n|\n|t:|1701211480\n|move|p2a: Birthday|Substitute|p2a: Birthday\n|-start|p2a: Birthday|Substitute\n|-damage|p2a: Birthday|75\/100\n|move|p1a: Toxapex|Sludge Bomb|p2a: Birthday\n|-supereffective|p2a: Birthday\n|-activate|p2a: Birthday|move: Substitute|[damage]\n|\n|-heal|p2a: Birthday|82\/100|[from] item: Leftovers\n|upkeep\n|turn|20\n|c|\u2606LegendaryNinjaDude|Wow, that doesn't do 25%.\n|\n|t:|1701211493\n|move|p2a: Birthday|Calm Mind|p2a: Birthday\n|-boost|p2a: Birthday|spa|1\n|-boost|p2a: Birthday|spd|1\n|move|p1a: Toxapex|Sludge Bomb|p2a: Birthday\n|-supereffective|p2a: Birthday\n|-end|p2a: Birthday|Substitute\n|\n|-heal|p2a: Birthday|88\/100|[from] item: Leftovers\n|upkeep\n|turn|21\n|\n|t:|1701211496\n|move|p2a: Birthday|Substitute|p2a: Birthday\n|-start|p2a: Birthday|Substitute\n|-damage|p2a: Birthday|63\/100\n|move|p1a: Toxapex|Sludge Bomb|p2a: Birthday\n|-supereffective|p2a: Birthday\n|-activate|p2a: Birthday|move: Substitute|[damage]\n|\n|-heal|p2a: Birthday|69\/100|[from] item: Leftovers\n|upkeep\n|turn|22\n|\n|t:|1701211505\n|move|p2a: Birthday|Calm Mind|p2a: Birthday\n|-boost|p2a: Birthday|spa|1\n|-boost|p2a: Birthday|spd|1\n|move|p1a: Toxapex|Sludge Bomb|p2a: Birthday\n|-supereffective|p2a: Birthday\n|-end|p2a: Birthday|Substitute\n|\n|-heal|p2a: Birthday|75\/100|[from] item: Leftovers\n|upkeep\n|turn|23\n|\n|t:|1701211508\n|move|p2a: Birthday|Substitute|p2a: Birthday\n|-start|p2a: Birthday|Substitute\n|-damage|p2a: Birthday|50\/100\n|move|p1a: Toxapex|Haze|p1a: Toxapex\n|-clearallboost\n|\n|-heal|p2a: Birthday|56\/100|[from] item: Leftovers\n|upkeep\n|turn|24\n|\n|t:|1701211515\n|switch|p2a: #COOKIEJAR|Clodsire, M|88\/100\n|switch|p1a: Heatran|Heatran, M|100\/100\n|\n|-heal|p2a: #COOKIEJAR|94\/100|[from] item: Black Sludge\n|upkeep\n|turn|25\n|\n|t:|1701211527\n|switch|p1a: Torterra|Torterra, F|100\/100\n|move|p2a: #COOKIEJAR|Body Press|p1a: Torterra\n|-damage|p1a: Torterra|90\/100\n|\n|-heal|p2a: #COOKIEJAR|100\/100|[from] item: Black Sludge\n|upkeep\n|turn|26\n|\n|t:|1701211536\n|move|p1a: Torterra|Shell Smash|p1a: Torterra\n|-unboost|p1a: Torterra|def|1\n|-unboost|p1a: Torterra|spd|1\n|-boost|p1a: Torterra|atk|2\n|-boost|p1a: Torterra|spa|2\n|-boost|p1a: Torterra|spe|2\n|-enditem|p1a: Torterra|White Herb\n|-clearnegativeboost|p1a: Torterra|[silent]\n|move|p2a: #COOKIEJAR|Toxic|p1a: Torterra\n|-status|p1a: Torterra|tox\n|\n|-damage|p1a: Torterra|84\/100 tox|[from] psn\n|upkeep\n|turn|27\n|\n|t:|1701211563\n|move|p1a: Torterra|Earthquake|p2a: #COOKIEJAR\n|-supereffective|p2a: #COOKIEJAR\n|-damage|p2a: #COOKIEJAR|0 fnt\n|faint|p2a: #COOKIEJAR\n|\n|-damage|p1a: Torterra|72\/100 tox|[from] psn\n|upkeep\n|\n|t:|1701211569\n|switch|p2a: Birthday|Florges-Orange, F, shiny|56\/100\n|turn|28\n|\n|t:|1701211572\n|move|p1a: Torterra|Earthquake|p2a: Birthday\n|-damage|p2a: Birthday|0 fnt\n|faint|p2a: Birthday\n|\n|-damage|p1a: Torterra|54\/100 tox|[from] psn\n|upkeep\n|\n|t:|1701211574\n|switch|p2a: Melody|Dragonite, M|11\/100 psn\n|turn|29\n|\n|t:|1701211577\n|move|p1a: Torterra|Stone Edge|p2a: Melody\n|-supereffective|p2a: Melody\n|-damage|p2a: Melody|0 fnt\n|faint|p2a: Melody\n|\n|-damage|p1a: Torterra|30\/100 tox|[from] psn\n|upkeep\n|\n|t:|1701211579\n|switch|p2a: Fool|Lycanroc, M, shiny|1\/100\n|turn|30\n|\n|t:|1701211581\n|move|p2a: Fool|Accelerock|p1a: Torterra\n|-resisted|p1a: Torterra\n|-damage|p1a: Torterra|22\/100 tox\n|move|p1a: Torterra|Earthquake|p2a: Fool\n|-supereffective|p2a: Fool\n|-damage|p2a: Fool|0 fnt\n|faint|p2a: Fool\n|\n|win|LegendaryNinjaDude\n|c|\u2606LegendaryNinjaDude|Gg.\n","uploadtime":1701211591,"views":7,"p1id":"legendaryninjadude","p2id":"stannaoto","formatid":"gen9ou","rating":0,"private":0,"password":""}