{"id":"gen9ou-1997056646","p1":"PeterGriffinOnline","p2":"Gil_Kenobi","format":"[Gen 9] OU","log":"|j|\u2606PeterGriffinOnline\n|j|\u2606Gil_Kenobi\n|t:|1700760136\n|gametype|singles\n|player|p1|PeterGriffinOnline|crasherwake|1266\n|player|p2|Gil_Kenobi|n|1197\n|teamsize|p1|6\n|teamsize|p2|6\n|gen|9\n|tier|[Gen 9] OU\n|rated|\n|rule|Sleep Clause Mod: Limit one foe put to sleep\n|rule|Species Clause: Limit one of each Pok\u00e9mon\n|rule|OHKO Clause: OHKO moves are banned\n|rule|Evasion Items Clause: Evasion items are banned\n|rule|Evasion Moves Clause: Evasion moves are banned\n|rule|Endless Battle Clause: Forcing endless battles is banned\n|rule|HP Percentage Mod: HP is shown in percentages\n|clearpoke\n|poke|p1|Ribombee, M|\n|poke|p1|Kingambit, M|\n|poke|p1|Gholdengo|\n|poke|p1|Greninja-*, M|\n|poke|p1|Zapdos|\n|poke|p1|Garchomp, M|\n|poke|p2|Torkoal, F|\n|poke|p2|Torterra, M|\n|poke|p2|Heatran, M|\n|poke|p2|Sinistcha|\n|poke|p2|Dondozo, F|\n|poke|p2|Lilligant-Hisui, F|\n|teampreview\n|inactive|Battle timer is ON: inactive players will automatically lose when time's up. (requested by Gil_Kenobi)\n|\n|t:|1700760143\n|start\n|switch|p1a: Ribombee|Ribombee, M|100\/100\n|switch|p2a: Heatran|Heatran, M|100\/100\n|turn|1\n|\n|t:|1700760146\n|move|p1a: Ribombee|Sticky Web|p2a: Heatran\n|-sidestart|p2: Gil_Kenobi|move: Sticky Web\n|move|p2a: Heatran|Magma Storm|p1a: Ribombee|[miss]\n|-miss|p2a: Heatran|p1a: Ribombee\n|\n|upkeep\n|turn|2\n|\n|t:|1700760151\n|move|p1a: Ribombee|Skill Swap|p2a: Heatran\n|-activate|p1a: Ribombee|move: Skill Swap|Flash Fire|Shield Dust|[of] p2a: Heatran\n|move|p2a: Heatran|Magma Storm|p1a: Ribombee\n|-start|p1a: Ribombee|ability: Flash Fire\n|\n|upkeep\n|turn|3\n|\n|t:|1700760156\n|move|p1a: Ribombee|Stun Spore|p2a: Heatran\n|-status|p2a: Heatran|par\n|move|p2a: Heatran|Flash Cannon|p1a: Ribombee\n|-supereffective|p1a: Ribombee\n|-enditem|p1a: Ribombee|Focus Sash\n|-damage|p1a: Ribombee|1\/100\n|\n|upkeep\n|turn|4\n|\n|t:|1700760167\n|-end|p1a: Ribombee|ability: Flash Fire|[silent]\n|switch|p1a: Garchomp|Garchomp, M|100\/100\n|move|p2a: Heatran|Flash Cannon|p1a: Garchomp\n|-damage|p1a: Garchomp|57\/100\n|\n|upkeep\n|turn|5\n|\n|t:|1700760173\n|switch|p2a: Dondozo|Dondozo, F, shiny|100\/100\n|-activate|p2a: Dondozo|move: Sticky Web\n|-unboost|p2a: Dondozo|spe|1\n|move|p1a: Garchomp|Earthquake|p2a: Dondozo\n|-damage|p2a: Dondozo|67\/100\n|-damage|p1a: Garchomp|47\/100|[from] item: Life Orb\n|\n|-heal|p2a: Dondozo|73\/100|[from] item: Leftovers\n|upkeep\n|turn|6\n|\n|t:|1700760179\n|move|p1a: Garchomp|Draco Meteor|p2a: Dondozo\n|-damage|p2a: Dondozo|20\/100\n|-unboost|p1a: Garchomp|spa|2\n|-damage|p1a: Garchomp|37\/100|[from] item: Life Orb\n|move|p2a: Dondozo|Avalanche|p1a: Garchomp\n|-supereffective|p1a: Garchomp\n|-damage|p1a: Garchomp|0 fnt\n|-damage|p2a: Dondozo|8\/100|[from] ability: Rough Skin|[of] p1a: Garchomp\n|faint|p1a: Garchomp\n|\n|-heal|p2a: Dondozo|14\/100|[from] item: Leftovers\n|upkeep\n|\n|t:|1700760184\n|switch|p1a: Greninja|Greninja, M|100\/100\n|turn|7\n|\n|t:|1700760189\n|move|p1a: Greninja|Grass Knot|p2a: Dondozo\n|-supereffective|p2a: Dondozo\n|-damage|p2a: Dondozo|0 fnt\n|faint|p2a: Dondozo\n|-ability|p1a: Greninja|Battle Bond|boost\n|-boost|p1a: Greninja|atk|1\n|-boost|p1a: Greninja|spa|1\n|-boost|p1a: Greninja|spe|1\n|-activate|p1a: Greninja|ability: Battle Bond\n|-damage|p1a: Greninja|91\/100|[from] item: Life Orb\n|\n|upkeep\n|\n|t:|1700760196\n|switch|p2a: Torkoal|Torkoal, F|100\/100\n|-weather|SunnyDay|[from] ability: Drought|[of] p2a: Torkoal\n|turn|8\n|\n|t:|1700760202\n|move|p1a: Greninja|Dark Pulse|p2a: Torkoal\n|-damage|p2a: Torkoal|0 fnt\n|faint|p2a: Torkoal\n|-damage|p1a: Greninja|81\/100|[from] item: Life Orb\n|\n|-weather|SunnyDay|[upkeep]\n|upkeep\n|\n|t:|1700760210\n|switch|p2a: Lilligant|Lilligant-Hisui, F|100\/100\n|-activate|p2a: Lilligant|move: Sticky Web\n|-unboost|p2a: Lilligant|spe|1\n|turn|9\n|\n|t:|1700760218\n|-terastallize|p1a: Greninja|Water\n|move|p1a: Greninja|Ice Beam|p2a: Lilligant\n|-supereffective|p2a: Lilligant\n|-damage|p2a: Lilligant|0 fnt\n|faint|p2a: Lilligant\n|-damage|p1a: Greninja|71\/100|[from] item: Life Orb\n|\n|-weather|SunnyDay|[upkeep]\n|upkeep\n|\n|t:|1700760224\n|switch|p2a: Heatran|Heatran, M|100\/100 par\n|-activate|p2a: Heatran|move: Sticky Web\n|-unboost|p2a: Heatran|spe|1\n|turn|10\n|\n|t:|1700760239\n|move|p1a: Greninja|Ice Beam|p2a: Heatran\n|-resisted|p2a: Heatran\n|-damage|p2a: Heatran|95\/100 par\n|-damage|p1a: Greninja|61\/100|[from] item: Life Orb\n|move|p2a: Heatran|Magma Storm|p1a: Greninja|[miss]\n|-miss|p2a: Heatran|p1a: Greninja\n|\n|-weather|SunnyDay|[upkeep]\n|upkeep\n|turn|11\n|\n|t:|1700760247\n|move|p1a: Greninja|Surf|p2a: Heatran\n|-supereffective|p2a: Heatran\n|-damage|p2a: Heatran|47\/100 par\n|-damage|p1a: Greninja|51\/100|[from] item: Life Orb\n|move|p2a: Heatran|Magma Storm|p1a: Greninja|[miss]\n|-miss|p2a: Heatran|p1a: Greninja\n|\n|-weather|SunnyDay|[upkeep]\n|upkeep\n|turn|12\n|\n|t:|1700760254\n|move|p1a: Greninja|Surf|p2a: Heatran\n|-supereffective|p2a: Heatran\n|-damage|p2a: Heatran|0 fnt\n|faint|p2a: Heatran\n|-damage|p1a: Greninja|42\/100|[from] item: Life Orb\n|\n|-weather|none\n|upkeep\n|\n|t:|1700760257\n|switch|p2a: Sinistcha|Sinistcha, shiny|100\/100\n|-activate|p2a: Sinistcha|move: Sticky Web\n|-unboost|p2a: Sinistcha|spe|1\n|turn|13\n|\n|t:|1700760266\n|move|p1a: Greninja|Dark Pulse|p2a: Sinistcha\n|-supereffective|p2a: Sinistcha\n|-enditem|p2a: Sinistcha|Focus Sash\n|-damage|p2a: Sinistcha|1\/100\n|-damage|p1a: Greninja|32\/100|[from] item: Life Orb\n|move|p2a: Sinistcha|Strength Sap|p1a: Greninja\n|-unboost|p1a: Greninja|atk|1\n|-heal|p2a: Sinistcha|96\/100\n|\n|upkeep\n|turn|14\n|\n|t:|1700760283\n|-terastallize|p2a: Sinistcha|Water\n|move|p1a: Greninja|Dark Pulse|p2a: Sinistcha\n|-damage|p2a: Sinistcha|13\/100\n|-damage|p1a: Greninja|22\/100|[from] item: Life Orb\n|move|p2a: Sinistcha|Matcha Gotcha|p1a: Greninja\n|-supereffective|p1a: Greninja\n|-damage|p1a: Greninja|0 fnt\n|-heal|p2a: Sinistcha|22\/100|[from] drain|[of] p1a: Greninja\n|faint|p1a: Greninja\n|\n|upkeep\n|\n|t:|1700760288\n|switch|p1a: Kingambit|Kingambit, M|100\/100\n|-activate|p1a: Kingambit|ability: Supreme Overlord\n|-start|p1a: Kingambit|fallen2|[silent]\n|turn|15\n|\n|t:|1700760296\n|move|p1a: Kingambit|Kowtow Cleave|p2a: Sinistcha\n|-damage|p2a: Sinistcha|0 fnt\n|faint|p2a: Sinistcha\n|\n|upkeep\n|\n|t:|1700760299\n|switch|p2a: Torterra|Torterra, M|100\/100\n|-activate|p2a: Torterra|move: Sticky Web\n|-unboost|p2a: Torterra|spe|1\n|turn|16\n|\n|t:|1700760305\n|move|p1a: Kingambit|Swords Dance|p1a: Kingambit\n|-boost|p1a: Kingambit|atk|2\n|move|p2a: Torterra|Shell Smash|p2a: Torterra\n|-unboost|p2a: Torterra|def|1\n|-unboost|p2a: Torterra|spd|1\n|-boost|p2a: Torterra|atk|2\n|-boost|p2a: Torterra|spa|2\n|-boost|p2a: Torterra|spe|2\n|\n|upkeep\n|turn|17\n|\n|t:|1700760309\n|move|p1a: Kingambit|Sucker Punch|p2a: Torterra\n|-damage|p2a: Torterra|0 fnt\n|faint|p2a: Torterra\n|\n|win|PeterGriffinOnline\n|raw|PeterGriffinOnline's rating: 1266 &rarr; <strong>1286<\/strong><br \/>(+20 for winning)\n|raw|Gil_Kenobi's rating: 1197 &rarr; <strong>1177<\/strong><br \/>(-20 for losing)\n|l|\u2606Gil_Kenobi\n|c|\u2606PeterGriffinOnline|gg\n","uploadtime":1700760316,"views":8,"p1id":"petergriffinonline","p2id":"gilkenobi","formatid":"gen9ou","rating":1177,"private":0,"password":""}