{"id":"gen9ou-1994655991","p1":"rodauw","p2":"AikonZ_Test","format":"[Gen 9] OU","log":"|j|\u2606rodauw\n|j|\u2606AikonZ_Test\n|t:|1700476417\n|gametype|singles\n|player|p1|rodauw|ghetsis|1637\n|player|p2|AikonZ_Test|veteran|1753\n|teamsize|p1|6\n|teamsize|p2|6\n|gen|9\n|tier|[Gen 9] OU\n|rated|\n|rule|Sleep Clause Mod: Limit one foe put to sleep\n|rule|Species Clause: Limit one of each Pok\u00e9mon\n|rule|OHKO Clause: OHKO moves are banned\n|rule|Evasion Items Clause: Evasion items are banned\n|rule|Evasion Moves Clause: Evasion moves are banned\n|rule|Endless Battle Clause: Forcing endless battles is banned\n|rule|HP Percentage Mod: HP is shown in percentages\n|clearpoke\n|poke|p1|Ribombee, F|\n|poke|p1|Great Tusk|\n|poke|p1|Gholdengo|\n|poke|p1|Manaphy|\n|poke|p1|Dragonite, M|\n|poke|p1|Cinderace, F|\n|poke|p2|Slowking-Galar, F|\n|poke|p2|Clefable, F|\n|poke|p2|Zamazenta-*|\n|poke|p2|Cinderace, M|\n|poke|p2|Greninja-*, M|\n|poke|p2|Great Tusk|\n|teampreview\n|inactive|Battle timer is ON: inactive players will automatically lose when time's up. (requested by AikonZ_Test)\n|j| mew852\n|\n|t:|1700476428\n|start\n|switch|p1a: Manifiq papylion|Ribombee, F|100\/100\n|switch|p2a: Slowking|Slowking-Galar, F|100\/100\n|turn|1\n|\n|t:|1700476435\n|move|p1a: Manifiq papylion|Sticky Web|p2a: Slowking\n|-sidestart|p2: AikonZ_Test|move: Sticky Web\n|move|p2a: Slowking|Sludge Bomb|p1a: Manifiq papylion\n|-supereffective|p1a: Manifiq papylion\n|-enditem|p1a: Manifiq papylion|Focus Sash\n|-damage|p1a: Manifiq papylion|1\/100\n|\n|upkeep\n|turn|2\n|\n|t:|1700476441\n|switch|p1a: Ficellor|Gholdengo|100\/100\n|-item|p1a: Ficellor|Air Balloon\n|move|p2a: Slowking|Future Sight|p1a: Ficellor\n|-start|p2a: Slowking|move: Future Sight\n|\n|upkeep\n|turn|3\n|\n|t:|1700476447\n|move|p1a: Ficellor|Nasty Plot|p1a: Ficellor\n|-boost|p1a: Ficellor|spa|2\n|move|p2a: Slowking|Flamethrower|p1a: Ficellor\n|-supereffective|p1a: Ficellor\n|-damage|p1a: Ficellor|32\/100\n|-enditem|p1a: Ficellor|Air Balloon\n|\n|upkeep\n|turn|4\n|\n|t:|1700476457\n|move|p1a: Ficellor|Shadow Ball|p2a: Slowking\n|-supereffective|p2a: Slowking\n|-damage|p2a: Slowking|16\/100\n|move|p2a: Slowking|Flamethrower|p1a: Ficellor\n|-supereffective|p1a: Ficellor\n|-damage|p1a: Ficellor|0 fnt\n|faint|p1a: Ficellor\n|\n|-hint|Future Sight did not hit because the target is fainted.\n|upkeep\n|\n|t:|1700476477\n|switch|p1a: Cinderace|Cinderace, F|100\/100\n|turn|5\n|\n|t:|1700476480\n|switch|p2a: Great Tusk|Great Tusk|100\/100\n|-activate|p2a: Great Tusk|move: Sticky Web\n|-unboost|p2a: Great Tusk|spe|1\n|move|p1a: Cinderace|Pyro Ball|p2a: Great Tusk\n|-damage|p2a: Great Tusk|76\/100\n|\n|-heal|p2a: Great Tusk|82\/100|[from] item: Leftovers\n|upkeep\n|turn|6\n|\n|t:|1700476491\n|move|p1a: Cinderace|Will-O-Wisp|p2a: Great Tusk\n|-status|p2a: Great Tusk|brn\n|move|p2a: Great Tusk|Knock Off|p1a: Cinderace\n|-damage|p1a: Cinderace|84\/100\n|-enditem|p1a: Cinderace|Heavy-Duty Boots|[from] move: Knock Off|[of] p2a: Great Tusk\n|\n|-heal|p2a: Great Tusk|88\/100 brn|[from] item: Leftovers\n|-damage|p2a: Great Tusk|82\/100 brn|[from] brn\n|upkeep\n|turn|7\n|\n|t:|1700476509\n|move|p1a: Cinderace|U-turn|p2a: Great Tusk\n|-resisted|p2a: Great Tusk\n|-damage|p2a: Great Tusk|77\/100 brn\n|\n|t:|1700476512\n|switch|p1a: Mamout ouuuu|Great Tusk|100\/100|[from] U-turn\n|move|p2a: Great Tusk|Rapid Spin|p1a: Mamout ouuuu\n|-damage|p1a: Mamout ouuuu|97\/100\n|-boost|p2a: Great Tusk|spe|1\n|-sideend|p2: AikonZ_Test|Sticky Web|[from] move: Rapid Spin|[of] p2a: Great Tusk\n|\n|-heal|p2a: Great Tusk|84\/100 brn|[from] item: Leftovers\n|-heal|p1a: Mamout ouuuu|100\/100|[from] item: Leftovers\n|-damage|p2a: Great Tusk|77\/100 brn|[from] brn\n|upkeep\n|turn|8\n|\n|t:|1700476524\n|-end|p2a: Great Tusk|Protosynthesis|[silent]\n|switch|p2a: Clefable|Clefable, F|100\/100\n|move|p1a: Mamout ouuuu|Rapid Spin|p2a: Clefable\n|-damage|p2a: Clefable|89\/100\n|-boost|p1a: Mamout ouuuu|spe|1\n|\n|-heal|p2a: Clefable|95\/100|[from] item: Leftovers\n|upkeep\n|turn|9\n|\n|t:|1700476539\n|-end|p1a: Mamout ouuuu|Protosynthesis|[silent]\n|switch|p1a: Manifiq papylion|Ribombee, F|1\/100\n|move|p2a: Clefable|Stealth Rock|p1a: Manifiq papylion\n|-sidestart|p1: rodauw|move: Stealth Rock\n|\n|-heal|p2a: Clefable|100\/100|[from] item: Leftovers\n|upkeep\n|turn|10\n|\n|t:|1700476547\n|move|p1a: Manifiq papylion|Stun Spore|p2a: Clefable\n|-status|p2a: Clefable|par\n|move|p2a: Clefable|Moonblast|p1a: Manifiq papylion\n|-damage|p1a: Manifiq papylion|0 fnt\n|faint|p1a: Manifiq papylion\n|\n|upkeep\n|\n|t:|1700476557\n|switch|p1a: Peluche bebou|Manaphy|100\/100\n|-damage|p1a: Peluche bebou|88\/100|[from] Stealth Rock\n|turn|11\n|\n|t:|1700476569\n|move|p1a: Peluche bebou|Tail Glow|p1a: Peluche bebou\n|-boost|p1a: Peluche bebou|spa|3\n|move|p2a: Clefable|Moonblast|p1a: Peluche bebou\n|-damage|p1a: Peluche bebou|58\/100\n|\n|-heal|p1a: Peluche bebou|64\/100|[from] item: Leftovers\n|upkeep\n|turn|12\n|\n|t:|1700476575\n|move|p1a: Peluche bebou|Surf|p2a: Clefable\n|-damage|p2a: Clefable|65\/100 par\n|cant|p2a: Clefable|par\n|\n|-heal|p1a: Peluche bebou|70\/100|[from] item: Leftovers\n|-heal|p2a: Clefable|72\/100 par|[from] item: Leftovers\n|upkeep\n|turn|13\n|\n|t:|1700476582\n|move|p1a: Peluche bebou|Surf|p2a: Clefable\n|-damage|p2a: Clefable|36\/100 par\n|move|p2a: Clefable|Wish|p2a: Clefable\n|\n|-heal|p1a: Peluche bebou|76\/100|[from] item: Leftovers\n|-heal|p2a: Clefable|42\/100 par|[from] item: Leftovers\n|upkeep\n|turn|14\n|\n|t:|1700476588\n|move|p1a: Peluche bebou|Surf|p2a: Clefable\n|-damage|p2a: Clefable|4\/100 par\n|move|p2a: Clefable|Moonblast|p1a: Peluche bebou\n|-damage|p1a: Peluche bebou|47\/100\n|-unboost|p1a: Peluche bebou|spa|1\n|\n|-heal|p2a: Clefable|54\/100 par|[from] move: Wish|[wisher] Clefable\n|-heal|p1a: Peluche bebou|54\/100|[from] item: Leftovers\n|-heal|p2a: Clefable|60\/100 par|[from] item: Leftovers\n|upkeep\n|turn|15\n|\n|t:|1700476599\n|move|p1a: Peluche bebou|Surf|p2a: Clefable\n|-damage|p2a: Clefable|25\/100 par\n|cant|p2a: Clefable|par\n|\n|-heal|p1a: Peluche bebou|60\/100|[from] item: Leftovers\n|-heal|p2a: Clefable|31\/100 par|[from] item: Leftovers\n|upkeep\n|turn|16\n|\n|t:|1700476606\n|move|p2a: Clefable|Protect|p2a: Clefable\n|-singleturn|p2a: Clefable|Protect\n|move|p1a: Peluche bebou|Surf|p2a: Clefable\n|-activate|p2a: Clefable|move: Protect\n|\n|-heal|p1a: Peluche bebou|66\/100|[from] item: Leftovers\n|-heal|p2a: Clefable|37\/100 par|[from] item: Leftovers\n|upkeep\n|turn|17\n|\n|t:|1700476613\n|move|p1a: Peluche bebou|Surf|p2a: Clefable\n|-damage|p2a: Clefable|1\/100 par\n|move|p2a: Clefable|Moonblast|p1a: Peluche bebou\n|-damage|p1a: Peluche bebou|36\/100\n|\n|-heal|p1a: Peluche bebou|42\/100|[from] item: Leftovers\n|-heal|p2a: Clefable|7\/100 par|[from] item: Leftovers\n|upkeep\n|turn|18\n|\n|t:|1700476621\n|move|p1a: Peluche bebou|Surf|p2a: Clefable\n|-damage|p2a: Clefable|0 fnt\n|faint|p2a: Clefable\n|\n|-heal|p1a: Peluche bebou|48\/100|[from] item: Leftovers\n|upkeep\n|\n|t:|1700476634\n|switch|p2a: Cinderace|Cinderace, M|100\/100\n|turn|19\n|\n|t:|1700476637\n|move|p2a: Cinderace|U-turn|p1a: Peluche bebou\n|-start|p2a: Cinderace|typechange|Bug|[from] ability: Libero\n|-damage|p1a: Peluche bebou|14\/100\n|\n|t:|1700476641\n|switch|p2a: Great Tusk|Great Tusk|77\/100 brn|[from] U-turn\n|move|p1a: Peluche bebou|Surf|p2a: Great Tusk\n|-supereffective|p2a: Great Tusk\n|-damage|p2a: Great Tusk|0 fnt\n|faint|p2a: Great Tusk\n|-end|p2a: Great Tusk|Protosynthesis|[silent]\n|\n|-heal|p1a: Peluche bebou|20\/100|[from] item: Leftovers\n|upkeep\n|\n|t:|1700476646\n|switch|p2a: Zamazenta|Zamazenta|100\/100\n|-ability|p2a: Zamazenta|Dauntless Shield|boost\n|-boost|p2a: Zamazenta|def|1\n|turn|20\n|\n|t:|1700476653\n|move|p2a: Zamazenta|Body Press|p1a: Peluche bebou\n|-damage|p1a: Peluche bebou|0 fnt\n|faint|p1a: Peluche bebou\n|\n|upkeep\n|\n|t:|1700476657\n|switch|p1a: Mamout ouuuu|Great Tusk|100\/100\n|-damage|p1a: Mamout ouuuu|97\/100|[from] Stealth Rock\n|turn|21\n|\n|t:|1700476661\n|move|p2a: Zamazenta|Substitute|p2a: Zamazenta\n|-start|p2a: Zamazenta|Substitute\n|-damage|p2a: Zamazenta|75\/100\n|move|p1a: Mamout ouuuu|Bulk Up|p1a: Mamout ouuuu\n|-boost|p1a: Mamout ouuuu|atk|1\n|-boost|p1a: Mamout ouuuu|def|1\n|\n|-heal|p2a: Zamazenta|82\/100|[from] item: Leftovers\n|-heal|p1a: Mamout ouuuu|100\/100|[from] item: Leftovers\n|upkeep\n|turn|22\n|\n|t:|1700476669\n|move|p2a: Zamazenta|Iron Defense|p2a: Zamazenta\n|-boost|p2a: Zamazenta|def|2\n|move|p1a: Mamout ouuuu|Bulk Up|p1a: Mamout ouuuu\n|-boost|p1a: Mamout ouuuu|atk|1\n|-boost|p1a: Mamout ouuuu|def|1\n|\n|-heal|p2a: Zamazenta|88\/100|[from] item: Leftovers\n|upkeep\n|turn|23\n|\n|t:|1700476676\n|move|p2a: Zamazenta|Iron Defense|p2a: Zamazenta\n|-boost|p2a: Zamazenta|def|2\n|move|p1a: Mamout ouuuu|Bulk Up|p1a: Mamout ouuuu\n|-boost|p1a: Mamout ouuuu|atk|1\n|-boost|p1a: Mamout ouuuu|def|1\n|\n|-heal|p2a: Zamazenta|94\/100|[from] item: Leftovers\n|upkeep\n|turn|24\n|\n|t:|1700476683\n|move|p2a: Zamazenta|Body Press|p1a: Mamout ouuuu\n|-damage|p1a: Mamout ouuuu|75\/100\n|move|p1a: Mamout ouuuu|Bulk Up|p1a: Mamout ouuuu\n|-boost|p1a: Mamout ouuuu|atk|1\n|-boost|p1a: Mamout ouuuu|def|1\n|\n|-heal|p2a: Zamazenta|99\/100|[from] item: Leftovers\n|-heal|p1a: Mamout ouuuu|81\/100|[from] item: Leftovers\n|upkeep\n|turn|25\n|\n|t:|1700476692\n|move|p2a: Zamazenta|Body Press|p1a: Mamout ouuuu\n|-damage|p1a: Mamout ouuuu|60\/100\n|move|p1a: Mamout ouuuu|Bulk Up|p1a: Mamout ouuuu\n|-boost|p1a: Mamout ouuuu|atk|1\n|-boost|p1a: Mamout ouuuu|def|1\n|\n|-heal|p2a: Zamazenta|100\/100|[from] item: Leftovers\n|-heal|p1a: Mamout ouuuu|67\/100|[from] item: Leftovers\n|upkeep\n|turn|26\n|\n|t:|1700476701\n|move|p2a: Zamazenta|Body Press|p1a: Mamout ouuuu\n|-damage|p1a: Mamout ouuuu|49\/100\n|move|p1a: Mamout ouuuu|Bulk Up|p1a: Mamout ouuuu\n|-boost|p1a: Mamout ouuuu|atk|1\n|-boost|p1a: Mamout ouuuu|def|1\n|\n|-heal|p1a: Mamout ouuuu|55\/100|[from] item: Leftovers\n|upkeep\n|turn|27\n|\n|t:|1700476709\n|move|p2a: Zamazenta|Iron Defense|p2a: Zamazenta\n|-boost|p2a: Zamazenta|def|1\n|move|p1a: Mamout ouuuu|Earthquake|p2a: Zamazenta\n|-crit|p2a: Zamazenta\n|-end|p2a: Zamazenta|Substitute\n|\n|-heal|p1a: Mamout ouuuu|61\/100|[from] item: Leftovers\n|upkeep\n|turn|28\n|\n|t:|1700476717\n|move|p2a: Zamazenta|Body Press|p1a: Mamout ouuuu\n|-damage|p1a: Mamout ouuuu|43\/100\n|move|p1a: Mamout ouuuu|Earthquake|p2a: Zamazenta\n|-damage|p2a: Zamazenta|66\/100\n|\n|-heal|p2a: Zamazenta|73\/100|[from] item: Leftovers\n|-heal|p1a: Mamout ouuuu|49\/100|[from] item: Leftovers\n|upkeep\n|turn|29\n|\n|t:|1700476733\n|switch|p2a: Slowking|Slowking-Galar, F|49\/100\n|move|p1a: Mamout ouuuu|Rapid Spin|p2a: Slowking\n|-damage|p2a: Slowking|0 fnt\n|-boost|p1a: Mamout ouuuu|spe|1\n|-sideend|p1: rodauw|Stealth Rock|[from] move: Rapid Spin|[of] p1a: Mamout ouuuu\n|faint|p2a: Slowking\n|\n|-heal|p1a: Mamout ouuuu|56\/100|[from] item: Leftovers\n|upkeep\n|\n|t:|1700476738\n|switch|p2a: Greninja|Greninja, M|100\/100\n|turn|30\n|\n|t:|1700476751\n|-terastallize|p1a: Mamout ouuuu|Steel\n|move|p2a: Greninja|Grass Knot|p1a: Mamout ouuuu\n|-start|p2a: Greninja|typechange|Grass|[from] ability: Protean\n|-resisted|p1a: Mamout ouuuu\n|-damage|p1a: Mamout ouuuu|20\/100\n|move|p1a: Mamout ouuuu|Rapid Spin|p2a: Greninja\n|-damage|p2a: Greninja|3\/100\n|-boost|p1a: Mamout ouuuu|spe|1\n|\n|-heal|p1a: Mamout ouuuu|26\/100|[from] item: Leftovers\n|upkeep\n|turn|31\n|\n|t:|1700476762\n|move|p2a: Greninja|Grass Knot|p1a: Mamout ouuuu\n|-resisted|p1a: Mamout ouuuu\n|-damage|p1a: Mamout ouuuu|0 fnt\n|faint|p1a: Mamout ouuuu\n|-end|p1a: Mamout ouuuu|Protosynthesis|[silent]\n|\n|upkeep\n|c|\u2606rodauw|scarf?\n|\n|t:|1700476775\n|switch|p1a: Rugit lune|Dragonite, M|100\/100\n|turn|32\n|c|\u2606AikonZ_Test|yes\n|\n|t:|1700476790\n|switch|p2a: Zamazenta|Zamazenta|73\/100\n|move|p1a: Rugit lune|Extreme Speed|p2a: Zamazenta\n|-damage|p2a: Zamazenta|49\/100\n|\n|-heal|p2a: Zamazenta|55\/100|[from] item: Leftovers\n|upkeep\n|turn|33\n|c|\u2606rodauw|mdr\n|\n|t:|1700476800\n|move|p2a: Zamazenta|Iron Defense|p2a: Zamazenta\n|-boost|p2a: Zamazenta|def|2\n|move|p1a: Rugit lune|Earthquake|p2a: Zamazenta\n|-damage|p2a: Zamazenta|41\/100\n|\n|-heal|p2a: Zamazenta|48\/100|[from] item: Leftovers\n|upkeep\n|turn|34\n|-message|rodauw forfeited.\n|\n|win|AikonZ_Test\n|raw|rodauw's rating: 1637 &rarr; <strong>1623<\/strong><br \/>(-14 for losing)\n|raw|AikonZ_Test's rating: 1753 &rarr; <strong>1767<\/strong><br \/>(+14 for winning)\n|l|\u2606rodauw\n|l|\u2606AikonZ_Test\n","uploadtime":1700476903,"views":12,"p1id":"rodauw","p2id":"aikonztest","formatid":"gen9ou","rating":1623,"private":0,"password":""}