{"id":"gen9ou-2000423035","p1":"Jnnnononj","p2":"memelard324c","format":"[Gen 9] OU","log":"|j|\u2606Jnnnononj\n|j|\u2606memelard324c\n|t:|1701193542\n|gametype|singles\n|player|p1|Jnnnononj|2|1000\n|player|p2|memelard324c|265|1000\n|teamsize|p1|6\n|teamsize|p2|6\n|gen|9\n|tier|[Gen 9] OU\n|rated|\n|rule|Sleep Clause Mod: Limit one foe put to sleep\n|rule|Species Clause: Limit one of each Pok\u00e9mon\n|rule|OHKO Clause: OHKO moves are banned\n|rule|Evasion Items Clause: Evasion items are banned\n|rule|Evasion Moves Clause: Evasion moves are banned\n|rule|Endless Battle Clause: Forcing endless battles is banned\n|rule|HP Percentage Mod: HP is shown in percentages\n|clearpoke\n|poke|p1|Ribombee, F|\n|poke|p1|Kommo-o, F|\n|poke|p1|Clodsire, F|\n|poke|p1|Zapdos|\n|poke|p1|Cinderace, F|\n|poke|p1|Lucario, F|\n|poke|p2|Wo-Chien|\n|poke|p2|Talonflame, F|\n|poke|p2|Alomomola, M|\n|poke|p2|Blissey, F|\n|poke|p2|Cyclizar, M|\n|poke|p2|Clodsire, F|\n|teampreview\n|inactive|Battle timer is ON: inactive players will automatically lose when time's up. (requested by Jnnnononj)\n|\n|t:|1701193560\n|start\n|switch|p1a: Lucario|Lucario, F|100\/100\n|switch|p2a: Kawasaki|Cyclizar, M|100\/100\n|turn|1\n|\n|t:|1701193574\n|switch|p2a: Pink Blob Jr.|Alomomola, M|100\/100\n|move|p1a: Lucario|Swords Dance|p1a: Lucario\n|-boost|p1a: Lucario|atk|2\n|\n|upkeep\n|turn|2\n|inactive|memelard324c has 120 seconds left.\n|\n|t:|1701193620\n|switch|p1a: Zapdos|Zapdos|100\/100\n|move|p2a: Pink Blob Jr.|Scald|p1a: Zapdos\n|-damage|p1a: Zapdos|88\/100\n|-status|p1a: Zapdos|brn\n|\n|-damage|p1a: Zapdos|82\/100 brn|[from] brn\n|upkeep\n|turn|3\n|\n|t:|1701193632\n|switch|p2a: Sir Clod|Clodsire, F|100\/100\n|move|p1a: Zapdos|U-turn|p2a: Sir Clod\n|-resisted|p2a: Sir Clod\n|-damage|p2a: Sir Clod|98\/100\n|\n|t:|1701193643\n|switch|p1a: Ribombee|Ribombee, F|100\/100|[from] U-turn\n|\n|-heal|p2a: Sir Clod|100\/100|[from] item: Leftovers\n|upkeep\n|turn|4\n|\n|t:|1701193649\n|move|p1a: Ribombee|Trick|p2a: Sir Clod\n|-activate|p1a: Ribombee|move: Trick|[of] p2a: Sir Clod\n|-item|p2a: Sir Clod|Choice Scarf|[from] move: Trick\n|-item|p1a: Ribombee|Leftovers|[from] move: Trick\n|move|p2a: Sir Clod|Poison Jab|p1a: Ribombee\n|-supereffective|p1a: Ribombee\n|-damage|p1a: Ribombee|18\/100\n|\n|-heal|p1a: Ribombee|24\/100|[from] item: Leftovers\n|upkeep\n|turn|5\n|inactive|memelard324c has 120 seconds left.\n|\n|t:|1701193660\n|switch|p1a: Lucario|Lucario, F|100\/100\n|move|p2a: Sir Clod|Poison Jab|p1a: Lucario\n|-immune|p1a: Lucario\n|\n|upkeep\n|turn|6\n|\n|t:|1701193666\n|switch|p2a: Pink Blob Jr.|Alomomola, M|100\/100\n|move|p1a: Lucario|Swords Dance|p1a: Lucario\n|-boost|p1a: Lucario|atk|2\n|\n|upkeep\n|turn|7\n|\n|t:|1701193674\n|switch|p1a: Zapdos|Zapdos|82\/100 brn\n|move|p2a: Pink Blob Jr.|Scald|p1a: Zapdos\n|-damage|p1a: Zapdos|69\/100 brn\n|\n|-damage|p1a: Zapdos|63\/100 brn|[from] brn\n|upkeep\n|turn|8\n|\n|t:|1701193686\n|move|p2a: Pink Blob Jr.|Protect|p2a: Pink Blob Jr.\n|-singleturn|p2a: Pink Blob Jr.|Protect\n|move|p1a: Zapdos|Roost|p1a: Zapdos\n|-heal|p1a: Zapdos|100\/100 brn\n|-singleturn|p1a: Zapdos|move: Roost\n|\n|-damage|p1a: Zapdos|94\/100 brn|[from] brn\n|upkeep\n|turn|9\n|\n|t:|1701193691\n|switch|p2a: Kawasaki|Cyclizar, M|100\/100\n|move|p1a: Zapdos|Hurricane|p2a: Kawasaki|[miss]\n|-miss|p1a: Zapdos|p2a: Kawasaki\n|\n|-damage|p1a: Zapdos|88\/100 brn|[from] brn\n|upkeep\n|turn|10\n|\n|t:|1701193699\n|move|p2a: Kawasaki|Knock Off|p1a: Zapdos\n|-damage|p1a: Zapdos|65\/100 brn\n|-status|p2a: Kawasaki|par|[from] ability: Static|[of] p1a: Zapdos\n|-enditem|p1a: Zapdos|Heavy-Duty Boots|[from] move: Knock Off|[of] p2a: Kawasaki\n|move|p1a: Zapdos|U-turn|p2a: Kawasaki\n|-damage|p2a: Kawasaki|92\/100 par\n|\n|t:|1701193715\n|switch|p1a: Ribombee|Ribombee, F|24\/100|[from] U-turn\n|\n|-heal|p1a: Ribombee|30\/100|[from] item: Leftovers\n|upkeep\n|turn|11\n|\n|t:|1701193729\n|switch|p2a: Sir Clod|Clodsire, F|100\/100\n|move|p1a: Ribombee|Moonblast|p2a: Sir Clod\n|-resisted|p2a: Sir Clod\n|-damage|p2a: Sir Clod|86\/100\n|-unboost|p2a: Sir Clod|spa|1\n|\n|-heal|p1a: Ribombee|36\/100|[from] item: Leftovers\n|upkeep\n|turn|12\n|\n|t:|1701193737\n|move|p1a: Ribombee|U-turn|p2a: Sir Clod\n|-resisted|p2a: Sir Clod\n|-crit|p2a: Sir Clod\n|-damage|p2a: Sir Clod|77\/100\n|\n|t:|1701193742\n|switch|p1a: Zapdos|Zapdos|65\/100 brn|[from] U-turn\n|move|p2a: Sir Clod|Spikes|p1a: Zapdos\n|-sidestart|p1: Jnnnononj|Spikes\n|\n|-damage|p1a: Zapdos|59\/100 brn|[from] brn\n|upkeep\n|turn|13\n|\n|t:|1701193751\n|switch|p2a: G\u00f6tterd\u00e4mmerung|Blissey, F|100\/100\n|move|p1a: Zapdos|Hurricane|p2a: G\u00f6tterd\u00e4mmerung|[miss]\n|-miss|p1a: Zapdos|p2a: G\u00f6tterd\u00e4mmerung\n|\n|-damage|p1a: Zapdos|53\/100 brn|[from] brn\n|upkeep\n|turn|14\n|\n|t:|1701193766\n|move|p1a: Zapdos|U-turn|p2a: G\u00f6tterd\u00e4mmerung\n|-damage|p2a: G\u00f6tterd\u00e4mmerung|94\/100\n|\n|t:|1701193768\n|switch|p1a: Kommo-o|Kommo-o, F|100\/100|[from] U-turn\n|-damage|p1a: Kommo-o|88\/100|[from] Spikes\n|move|p2a: G\u00f6tterd\u00e4mmerung|Stealth Rock|p1a: Kommo-o\n|-sidestart|p1: Jnnnononj|move: Stealth Rock\n|\n|-heal|p1a: Kommo-o|94\/100|[from] item: Leftovers\n|upkeep\n|turn|15\n|\n|t:|1701193782\n|switch|p2a: Ozymandias|Wo-Chien|100\/100\n|-ability|p2a: Ozymandias|Tablets of Ruin\n|move|p1a: Kommo-o|Substitute|p1a: Kommo-o\n|-start|p1a: Kommo-o|Substitute\n|-damage|p1a: Kommo-o|69\/100\n|\n|-heal|p1a: Kommo-o|76\/100|[from] item: Leftovers\n|upkeep\n|turn|16\n|\n|t:|1701193789\n|move|p1a: Kommo-o|Clangorous Soul|p1a: Kommo-o\n|-boost|p1a: Kommo-o|atk|1\n|-boost|p1a: Kommo-o|def|1\n|-boost|p1a: Kommo-o|spa|1\n|-boost|p1a: Kommo-o|spd|1\n|-boost|p1a: Kommo-o|spe|1\n|-damage|p1a: Kommo-o|43\/100\n|move|p2a: Ozymandias|Foul Play|p1a: Kommo-o\n|-resisted|p1a: Kommo-o\n|-activate|p1a: Kommo-o|move: Substitute|[damage]\n|\n|-heal|p1a: Kommo-o|49\/100|[from] item: Leftovers\n|upkeep\n|turn|17\n|\n|t:|1701193796\n|move|p1a: Kommo-o|Drain Punch|p2a: Ozymandias\n|-supereffective|p2a: Ozymandias\n|-damage|p2a: Ozymandias|52\/100\n|-heal|p1a: Kommo-o|75\/100|[from] drain|[of] p2a: Ozymandias\n|move|p2a: Ozymandias|Foul Play|p1a: Kommo-o\n|-resisted|p1a: Kommo-o\n|-end|p1a: Kommo-o|Substitute\n|\n|-heal|p1a: Kommo-o|81\/100|[from] item: Leftovers\n|-heal|p2a: Ozymandias|59\/100|[from] item: Leftovers\n|upkeep\n|turn|18\n|\n|t:|1701193807\n|switch|p2a: Stuka|Talonflame, F|100\/100\n|move|p1a: Kommo-o|Substitute|p1a: Kommo-o\n|-start|p1a: Kommo-o|Substitute\n|-damage|p1a: Kommo-o|56\/100\n|\n|-heal|p1a: Kommo-o|62\/100|[from] item: Leftovers\n|upkeep\n|turn|19\n|\n|t:|1701193816\n|move|p1a: Kommo-o|Drain Punch|p2a: Stuka\n|-resisted|p2a: Stuka\n|-damage|p2a: Stuka|78\/100\n|-heal|p1a: Kommo-o|73\/100|[from] drain|[of] p2a: Stuka\n|move|p2a: Stuka|Flamethrower|p1a: Kommo-o\n|-resisted|p1a: Kommo-o\n|-activate|p1a: Kommo-o|move: Substitute|[damage]\n|\n|-heal|p1a: Kommo-o|80\/100|[from] item: Leftovers\n|upkeep\n|turn|20\n|\n|t:|1701193826\n|move|p1a: Kommo-o|Clangorous Soul|p1a: Kommo-o\n|-boost|p1a: Kommo-o|atk|1\n|-boost|p1a: Kommo-o|def|1\n|-boost|p1a: Kommo-o|spa|1\n|-boost|p1a: Kommo-o|spd|1\n|-boost|p1a: Kommo-o|spe|1\n|-damage|p1a: Kommo-o|47\/100\n|move|p2a: Stuka|Flamethrower|p1a: Kommo-o\n|-resisted|p1a: Kommo-o\n|-activate|p1a: Kommo-o|move: Substitute|[damage]\n|\n|-heal|p1a: Kommo-o|53\/100|[from] item: Leftovers\n|upkeep\n|turn|21\n|\n|t:|1701193832\n|move|p1a: Kommo-o|Drain Punch|p2a: Stuka\n|-resisted|p2a: Stuka\n|-damage|p2a: Stuka|46\/100\n|-heal|p1a: Kommo-o|69\/100|[from] drain|[of] p2a: Stuka\n|move|p2a: Stuka|Roost|p2a: Stuka\n|-heal|p2a: Stuka|96\/100\n|-singleturn|p2a: Stuka|move: Roost\n|\n|-heal|p1a: Kommo-o|76\/100|[from] item: Leftovers\n|upkeep\n|turn|22\n|\n|t:|1701193839\n|move|p1a: Kommo-o|Clangorous Soul|p1a: Kommo-o\n|-boost|p1a: Kommo-o|atk|1\n|-boost|p1a: Kommo-o|def|1\n|-boost|p1a: Kommo-o|spa|1\n|-boost|p1a: Kommo-o|spd|1\n|-boost|p1a: Kommo-o|spe|1\n|-damage|p1a: Kommo-o|43\/100\n|move|p2a: Stuka|Flamethrower|p1a: Kommo-o\n|-resisted|p1a: Kommo-o\n|-activate|p1a: Kommo-o|move: Substitute|[damage]\n|\n|-heal|p1a: Kommo-o|49\/100|[from] item: Leftovers\n|upkeep\n|turn|23\n|\n|t:|1701193842\n|move|p1a: Kommo-o|Drain Punch|p2a: Stuka\n|-resisted|p2a: Stuka\n|-crit|p2a: Stuka\n|-damage|p2a: Stuka|44\/100\n|-heal|p1a: Kommo-o|76\/100|[from] drain|[of] p2a: Stuka\n|-status|p1a: Kommo-o|brn|[from] ability: Flame Body|[of] p2a: Stuka\n|move|p2a: Stuka|Flamethrower|p1a: Kommo-o\n|-resisted|p1a: Kommo-o\n|-crit|p1a: Kommo-o\n|-end|p1a: Kommo-o|Substitute\n|\n|-heal|p1a: Kommo-o|82\/100 brn|[from] item: Leftovers\n|-damage|p1a: Kommo-o|76\/100 brn|[from] brn\n|upkeep\n|turn|24\n|\n|t:|1701193850\n|move|p1a: Kommo-o|Clangorous Soul|p1a: Kommo-o\n|-boost|p1a: Kommo-o|atk|1\n|-boost|p1a: Kommo-o|def|1\n|-boost|p1a: Kommo-o|spa|1\n|-boost|p1a: Kommo-o|spd|1\n|-boost|p1a: Kommo-o|spe|1\n|-damage|p1a: Kommo-o|43\/100 brn\n|move|p2a: Stuka|Roost|p2a: Stuka\n|-heal|p2a: Stuka|94\/100\n|-singleturn|p2a: Stuka|move: Roost\n|\n|-heal|p1a: Kommo-o|49\/100 brn|[from] item: Leftovers\n|-damage|p1a: Kommo-o|43\/100 brn|[from] brn\n|upkeep\n|turn|25\n|\n|t:|1701193858\n|switch|p2a: Pink Blob Jr.|Alomomola, M|100\/100\n|move|p1a: Kommo-o|Drain Punch|p2a: Pink Blob Jr.\n|-damage|p2a: Pink Blob Jr.|71\/100\n|-heal|p1a: Kommo-o|65\/100 brn|[from] drain|[of] p2a: Pink Blob Jr.\n|-damage|p1a: Kommo-o|49\/100 brn|[from] item: Rocky Helmet|[of] p2a: Pink Blob Jr.\n|\n|-heal|p1a: Kommo-o|55\/100 brn|[from] item: Leftovers\n|-damage|p1a: Kommo-o|49\/100 brn|[from] brn\n|upkeep\n|turn|26\n|\n|t:|1701193869\n|move|p1a: Kommo-o|Substitute|p1a: Kommo-o\n|-start|p1a: Kommo-o|Substitute\n|-damage|p1a: Kommo-o|24\/100 brn\n|move|p2a: Pink Blob Jr.|Whirlpool|p1a: Kommo-o\n|-resisted|p1a: Kommo-o\n|-activate|p1a: Kommo-o|move: Substitute|[damage]\n|\n|-heal|p1a: Kommo-o|30\/100 brn|[from] item: Leftovers\n|-damage|p1a: Kommo-o|24\/100 brn|[from] brn\n|upkeep\n|turn|27\n|\n|t:|1701193875\n|move|p1a: Kommo-o|Drain Punch|p2a: Pink Blob Jr.\n|-damage|p2a: Pink Blob Jr.|46\/100\n|-heal|p1a: Kommo-o|43\/100 brn|[from] drain|[of] p2a: Pink Blob Jr.\n|-damage|p1a: Kommo-o|26\/100 brn|[from] item: Rocky Helmet|[of] p2a: Pink Blob Jr.\n|move|p2a: Pink Blob Jr.|Wish|p2a: Pink Blob Jr.\n|\n|-heal|p1a: Kommo-o|32\/100 brn|[from] item: Leftovers\n|-damage|p1a: Kommo-o|26\/100 brn|[from] brn\n|upkeep\n|turn|28\n|\n|t:|1701193885\n|move|p2a: Pink Blob Jr.|Protect|p2a: Pink Blob Jr.\n|-singleturn|p2a: Pink Blob Jr.|Protect\n|move|p1a: Kommo-o|Drain Punch|p2a: Pink Blob Jr.\n|-activate|p2a: Pink Blob Jr.|move: Protect\n|\n|-heal|p2a: Pink Blob Jr.|96\/100|[from] move: Wish|[wisher] Pink Blob Jr.\n|-heal|p1a: Kommo-o|32\/100 brn|[from] item: Leftovers\n|-damage|p1a: Kommo-o|26\/100 brn|[from] brn\n|upkeep\n|turn|29\n|\n|t:|1701193889\n|move|p1a: Kommo-o|Drain Punch|p2a: Pink Blob Jr.\n|-damage|p2a: Pink Blob Jr.|70\/100\n|-heal|p1a: Kommo-o|46\/100 brn|[from] drain|[of] p2a: Pink Blob Jr.\n|-damage|p1a: Kommo-o|29\/100 brn|[from] item: Rocky Helmet|[of] p2a: Pink Blob Jr.\n|move|p2a: Pink Blob Jr.|Wish|p2a: Pink Blob Jr.\n|\n|-heal|p1a: Kommo-o|36\/100 brn|[from] item: Leftovers\n|-damage|p1a: Kommo-o|29\/100 brn|[from] brn\n|upkeep\n|turn|30\n|\n|t:|1701193910\n|switch|p2a: Sir Clod|Clodsire, F|77\/100\n|move|p1a: Kommo-o|Shadow Claw|p2a: Sir Clod\n|-damage|p2a: Sir Clod|70\/100\n|\n|-heal|p2a: Sir Clod|100\/100|[from] move: Wish|[wisher] Pink Blob Jr.\n|-heal|p1a: Kommo-o|36\/100 brn|[from] item: Leftovers\n|-damage|p1a: Kommo-o|29\/100 brn|[from] brn\n|upkeep\n|turn|31\n|\n|t:|1701193921\n|move|p1a: Kommo-o|Drain Punch|p2a: Sir Clod\n|-resisted|p2a: Sir Clod\n|-damage|p2a: Sir Clod|94\/100\n|-heal|p1a: Kommo-o|33\/100 brn|[from] drain|[of] p2a: Sir Clod\n|move|p2a: Sir Clod|Poison Jab|p1a: Kommo-o\n|-activate|p1a: Kommo-o|move: Substitute|[damage]\n|\n|-heal|p1a: Kommo-o|39\/100 brn|[from] item: Leftovers\n|-damage|p1a: Kommo-o|33\/100 brn|[from] brn\n|upkeep\n|turn|32\n|\n|t:|1701193931\n|switch|p1a: Lucario|Lucario, F|100\/100\n|-damage|p1a: Lucario|88\/100|[from] Spikes\n|-damage|p1a: Lucario|85\/100|[from] Stealth Rock\n|move|p2a: Sir Clod|Poison Jab|p1a: Lucario\n|-immune|p1a: Lucario\n|\n|upkeep\n|turn|33\n|\n|t:|1701193935\n|switch|p2a: Pink Blob Jr.|Alomomola, M|100\/100\n|move|p1a: Lucario|Swords Dance|p1a: Lucario\n|-boost|p1a: Lucario|atk|2\n|\n|upkeep\n|turn|34\n|\n|t:|1701193941\n|move|p1a: Lucario|Drain Punch|p2a: Pink Blob Jr.\n|-damage|p2a: Pink Blob Jr.|65\/100\n|-heal|p1a: Lucario|100\/100|[from] drain|[of] p2a: Pink Blob Jr.\n|-damage|p1a: Lucario|84\/100|[from] item: Rocky Helmet|[of] p2a: Pink Blob Jr.\n|move|p2a: Pink Blob Jr.|Scald|p1a: Lucario\n|-damage|p1a: Lucario|63\/100\n|-status|p1a: Lucario|brn\n|\n|-damage|p1a: Lucario|57\/100 brn|[from] brn\n|upkeep\n|turn|35\n|-message|Jnnnononj forfeited.\n|\n|win|memelard324c\n|raw|Jnnnononj's rating: 1000 &rarr; <strong>1000<\/strong><br \/>(+0 for losing)\n|raw|memelard324c's rating: 1000 &rarr; <strong>1040<\/strong><br \/>(+40 for winning)\n|l|\u2606Jnnnononj\n","uploadtime":1701193955,"views":1,"p1id":"jnnnononj","p2id":"memelard324c","formatid":"gen9ou","rating":1000,"private":0,"password":""}