{"id":"gen9ou-1996475646","p1":"ooj2","p2":"mathismathin","format":"[Gen 9] OU","log":"|j|\u2606ooj2\n|j|\u2606mathismathin\n|t:|1700685660\n|gametype|singles\n|player|p1|ooj2|psychicf-gen4|1526\n|player|p2|mathismathin|nate|1660\n|teamsize|p1|6\n|teamsize|p2|6\n|gen|9\n|tier|[Gen 9] OU\n|rated|\n|rule|Sleep Clause Mod: Limit one foe put to sleep\n|rule|Species Clause: Limit one of each Pok\u00e9mon\n|rule|OHKO Clause: OHKO moves are banned\n|rule|Evasion Items Clause: Evasion items are banned\n|rule|Evasion Moves Clause: Evasion moves are banned\n|rule|Endless Battle Clause: Forcing endless battles is banned\n|rule|HP Percentage Mod: HP is shown in percentages\n|clearpoke\n|poke|p1|Garganacl, M|\n|poke|p1|Kingambit, M|\n|poke|p1|Great Tusk|\n|poke|p1|Dragapult, M|\n|poke|p1|Iron Moth|\n|poke|p1|Rillaboom, F|\n|poke|p2|Wo-Chien|\n|poke|p2|Weezing-Galar, M|\n|poke|p2|Blissey, F|\n|poke|p2|Cyclizar, M|\n|poke|p2|Alomomola, F|\n|poke|p2|Corviknight, F|\n|teampreview\n|inactive|Battle timer is ON: inactive players will automatically lose when time's up. (requested by ooj2)\n|\n|t:|1700685678\n|start\n|switch|p1a: Garganacl|Garganacl, M, shiny|100\/100\n|switch|p2a: Cyclizar|Cyclizar, M|100\/100\n|turn|1\n|\n|t:|1700685684\n|move|p2a: Cyclizar|Knock Off|p1a: Garganacl\n|-damage|p1a: Garganacl|88\/100\n|-enditem|p1a: Garganacl|Leftovers|[from] move: Knock Off|[of] p2a: Cyclizar\n|move|p1a: Garganacl|Salt Cure|p2a: Cyclizar\n|-damage|p2a: Cyclizar|81\/100\n|-start|p2a: Cyclizar|Salt Cure\n|\n|-damage|p2a: Cyclizar|69\/100|[from] Salt Cure\n|upkeep\n|turn|2\n|\n|t:|1700685691\n|move|p2a: Cyclizar|U-turn|p1a: Garganacl\n|-damage|p1a: Garganacl|78\/100\n|\n|t:|1700685694\n|switch|p2a: Alomomola|Alomomola, F|100\/100|[from] U-turn\n|move|p1a: Garganacl|Stealth Rock|p2a: Alomomola\n|-sidestart|p2: mathismathin|move: Stealth Rock\n|\n|upkeep\n|turn|3\n|\n|t:|1700685699\n|move|p2a: Alomomola|Wish|p2a: Alomomola\n|move|p1a: Garganacl|Salt Cure|p2a: Alomomola\n|-damage|p2a: Alomomola|91\/100\n|-start|p2a: Alomomola|Salt Cure\n|\n|-heal|p2a: Alomomola|98\/100|[from] item: Leftovers\n|-damage|p2a: Alomomola|73\/100|[from] Salt Cure\n|upkeep\n|turn|4\n|\n|t:|1700685700\n|move|p2a: Alomomola|Flip Turn|p1a: Garganacl\n|-supereffective|p1a: Garganacl\n|-damage|p1a: Garganacl|57\/100\n|\n|t:|1700685702\n|switch|p2a: Cyclizar|Cyclizar, M|100\/100|[from] Flip Turn\n|move|p1a: Garganacl|Salt Cure|p2a: Cyclizar\n|-damage|p2a: Cyclizar|80\/100\n|-start|p2a: Cyclizar|Salt Cure\n|\n|-heal|p2a: Cyclizar|100\/100|[from] move: Wish|[wisher] Alomomola\n|-damage|p2a: Cyclizar|88\/100|[from] Salt Cure\n|upkeep\n|turn|5\n|\n|t:|1700685710\n|move|p1a: Garganacl|Protect|p1a: Garganacl\n|-singleturn|p1a: Garganacl|Protect\n|move|p2a: Cyclizar|Rapid Spin|p1a: Garganacl\n|-activate|p1a: Garganacl|move: Protect\n|\n|-damage|p2a: Cyclizar|75\/100|[from] Salt Cure\n|upkeep\n|turn|6\n|\n|t:|1700685712\n|move|p2a: Cyclizar|Rapid Spin|p1a: Garganacl\n|-resisted|p1a: Garganacl\n|-damage|p1a: Garganacl|52\/100\n|-boost|p2a: Cyclizar|spe|1\n|-sideend|p2: mathismathin|Stealth Rock|[from] move: Rapid Spin|[of] p2a: Cyclizar\n|move|p1a: Garganacl|Salt Cure|p2a: Cyclizar\n|-damage|p2a: Cyclizar|57\/100\n|\n|-damage|p2a: Cyclizar|45\/100|[from] Salt Cure\n|upkeep\n|turn|7\n|\n|t:|1700685716\n|move|p2a: Cyclizar|U-turn|p1a: Garganacl\n|-damage|p1a: Garganacl|42\/100\n|\n|t:|1700685718\n|switch|p2a: Weezing|Weezing-Galar, M|100\/100|[from] U-turn\n|-ability|p2a: Weezing|Neutralizing Gas\n|move|p1a: Garganacl|Salt Cure|p2a: Weezing\n|-damage|p2a: Weezing|92\/100\n|-start|p2a: Weezing|Salt Cure\n|\n|-damage|p2a: Weezing|79\/100|[from] Salt Cure\n|upkeep\n|turn|8\n|\n|t:|1700685730\n|-terastallize|p1a: Garganacl|Water\n|move|p2a: Weezing|Will-O-Wisp|p1a: Garganacl\n|-status|p1a: Garganacl|brn\n|move|p1a: Garganacl|Recover|p1a: Garganacl\n|-heal|p1a: Garganacl|92\/100 brn\n|\n|-damage|p1a: Garganacl|86\/100 brn|[from] brn\n|-damage|p2a: Weezing|67\/100|[from] Salt Cure\n|upkeep\n|turn|9\n|\n|t:|1700685738\n|-end|p2a: Weezing|ability: Neutralizing Gas\n|switch|p2a: Alomomola|Alomomola, F|100\/100\n|move|p1a: Garganacl|Stealth Rock|p2a: Alomomola\n|-sidestart|p2: mathismathin|move: Stealth Rock\n|\n|-damage|p1a: Garganacl|79\/100 brn|[from] brn\n|upkeep\n|turn|10\n|\n|t:|1700685742\n|move|p2a: Alomomola|Wish|p2a: Alomomola\n|move|p1a: Garganacl|Salt Cure|p2a: Alomomola\n|-damage|p2a: Alomomola|96\/100\n|-start|p2a: Alomomola|Salt Cure\n|\n|-heal|p2a: Alomomola|100\/100|[from] item: Leftovers\n|-damage|p1a: Garganacl|73\/100 brn|[from] brn\n|-damage|p2a: Alomomola|76\/100|[from] Salt Cure\n|upkeep\n|turn|11\n|\n|t:|1700685746\n|move|p2a: Alomomola|Flip Turn|p1a: Garganacl\n|-resisted|p1a: Garganacl\n|-damage|p1a: Garganacl|67\/100 brn\n|\n|t:|1700685748\n|switch|p2a: Weezing|Weezing-Galar, M|67\/100|[from] Flip Turn\n|-ability|p2a: Weezing|Neutralizing Gas\n|move|p1a: Garganacl|Salt Cure|p2a: Weezing\n|-damage|p2a: Weezing|62\/100\n|-start|p2a: Weezing|Salt Cure\n|\n|-heal|p2a: Weezing|100\/100|[from] move: Wish|[wisher] Alomomola\n|-damage|p1a: Garganacl|61\/100 brn|[from] brn\n|-damage|p2a: Weezing|88\/100|[from] Salt Cure\n|upkeep\n|turn|12\n|\n|t:|1700685751\n|switch|p1a: Rillaboom|Rillaboom, F|100\/100\n|move|p2a: Weezing|Sludge Bomb|p1a: Rillaboom\n|-supereffective|p1a: Rillaboom\n|-crit|p1a: Rillaboom\n|-damage|p1a: Rillaboom|0 fnt\n|faint|p1a: Rillaboom\n|\n|-damage|p2a: Weezing|76\/100|[from] Salt Cure\n|upkeep\n|c|\u2606ooj2|I'm not doing this\n|-message|ooj2 forfeited.\n|\n|win|mathismathin\n|raw|ooj2's rating: 1526 &rarr; <strong>1513<\/strong><br \/>(-13 for losing)\n|raw|mathismathin's rating: 1660 &rarr; <strong>1673<\/strong><br \/>(+13 for winning)\n|l|\u2606ooj2\n","uploadtime":1700685769,"views":2,"p1id":"ooj2","p2id":"mathismathin","formatid":"gen9ou","rating":1513,"private":0,"password":""}