{"id":"gen9ou-1997000540","p1":"SCHIZODROOLER98","p2":"babiwi bewey\u2714\ufe0f","format":"[Gen 9] OU","log":"|j|\u2606SCHIZODROOLER98\n|j|\u2606babiwi bewey\u2714\ufe0f\n|t:|1700754290\n|gametype|singles\n|player|p1|SCHIZODROOLER98|medium|1602\n|player|p2|babiwi bewey\u2714\ufe0f|valerie|1581\n|teamsize|p1|6\n|teamsize|p2|6\n|gen|9\n|tier|[Gen 9] OU\n|rated|\n|rule|Sleep Clause Mod: Limit one foe put to sleep\n|rule|Species Clause: Limit one of each Pok\u00e9mon\n|rule|OHKO Clause: OHKO moves are banned\n|rule|Evasion Items Clause: Evasion items are banned\n|rule|Evasion Moves Clause: Evasion moves are banned\n|rule|Endless Battle Clause: Forcing endless battles is banned\n|rule|HP Percentage Mod: HP is shown in percentages\n|clearpoke\n|poke|p1|Ninetales-Alola, F|\n|poke|p1|Slowbro-Galar, M|\n|poke|p1|Enamorus-Therian, F|\n|poke|p1|Iron Hands|\n|poke|p1|Kingambit, M|\n|poke|p1|Ceruledge, M|\n|poke|p2|Barraskewda, F|\n|poke|p2|Greninja-*, M|\n|poke|p2|Pelipper, M|\n|poke|p2|Hatterene, F|\n|poke|p2|Ting-Lu|\n|poke|p2|Zapdos|\n|teampreview\n|inactive|Battle timer is ON: inactive players will automatically lose when time's up. (requested by SCHIZODROOLER98)\n|\n|t:|1700754321\n|start\n|switch|p1a: ASTAGHFIRULLAH|Enamorus-Therian, F, shiny|100\/100\n|switch|p2a: Ting-Lu|Ting-Lu|100\/100\n|-ability|p2a: Ting-Lu|Vessel of Ruin\n|turn|1\n|\n|t:|1700754327\n|move|p1a: ASTAGHFIRULLAH|Moonblast|p2a: Ting-Lu\n|-supereffective|p2a: Ting-Lu\n|-damage|p2a: Ting-Lu|50\/100\n|-unboost|p2a: Ting-Lu|spa|1\n|move|p2a: Ting-Lu|Spikes|p1a: ASTAGHFIRULLAH\n|-sidestart|p1: SCHIZODROOLER98|Spikes\n|\n|-heal|p2a: Ting-Lu|57\/100|[from] item: Leftovers\n|upkeep\n|turn|2\n|\n|t:|1700754334\n|move|p1a: ASTAGHFIRULLAH|Calm Mind|p1a: ASTAGHFIRULLAH\n|-boost|p1a: ASTAGHFIRULLAH|spa|1\n|-boost|p1a: ASTAGHFIRULLAH|spd|1\n|move|p2a: Ting-Lu|Spikes|p1a: ASTAGHFIRULLAH\n|-sidestart|p1: SCHIZODROOLER98|Spikes\n|\n|-heal|p2a: Ting-Lu|63\/100|[from] item: Leftovers\n|upkeep\n|turn|3\n|\n|t:|1700754342\n|-terastallize|p2a: Ting-Lu|Poison\n|move|p1a: ASTAGHFIRULLAH|Moonblast|p2a: Ting-Lu\n|-resisted|p2a: Ting-Lu\n|-damage|p2a: Ting-Lu|46\/100\n|move|p2a: Ting-Lu|Whirlwind|p1a: ASTAGHFIRULLAH\n|drag|p1a: MIDWEST FURFEST|Ninetales-Alola, F, shiny|100\/100\n|-damage|p1a: MIDWEST FURFEST|84\/100|[from] Spikes\n|-weather|Snow|[from] ability: Snow Warning|[of] p1a: MIDWEST FURFEST\n|\n|-weather|Snow|[upkeep]\n|-heal|p2a: Ting-Lu|52\/100|[from] item: Leftovers\n|upkeep\n|turn|4\n|\n|t:|1700754349\n|move|p1a: MIDWEST FURFEST|Freeze-Dry|p2a: Ting-Lu\n|-damage|p2a: Ting-Lu|44\/100\n|move|p2a: Ting-Lu|Ruination|p1a: MIDWEST FURFEST\n|-damage|p1a: MIDWEST FURFEST|42\/100\n|\n|-weather|Snow|[upkeep]\n|-heal|p2a: Ting-Lu|50\/100|[from] item: Leftovers\n|upkeep\n|turn|5\n|\n|t:|1700754353\n|move|p1a: MIDWEST FURFEST|Aurora Veil|p1a: MIDWEST FURFEST\n|-sidestart|p1: SCHIZODROOLER98|move: Aurora Veil\n|move|p2a: Ting-Lu|Spikes|p1a: MIDWEST FURFEST\n|-sidestart|p1: SCHIZODROOLER98|Spikes\n|\n|-weather|Snow|[upkeep]\n|-heal|p2a: Ting-Lu|56\/100|[from] item: Leftovers\n|upkeep\n|turn|6\n|\n|t:|1700754357\n|move|p1a: MIDWEST FURFEST|Encore|p2a: Ting-Lu\n|-start|p2a: Ting-Lu|Encore\n|move|p2a: Ting-Lu|Spikes||[still]\n|-fail|p2a: Ting-Lu\n|\n|-weather|Snow|[upkeep]\n|-heal|p2a: Ting-Lu|62\/100|[from] item: Leftovers\n|upkeep\n|turn|7\n|\n|t:|1700754361\n|switch|p1a: DEEZ HANDS|Iron Hands|100\/100\n|-damage|p1a: DEEZ HANDS|76\/100|[from] Spikes\n|switch|p2a: Pelipper|Pelipper, M|100\/100\n|-weather|RainDance|[from] ability: Drizzle|[of] p2a: Pelipper\n|\n|-weather|RainDance|[upkeep]\n|upkeep\n|turn|8\n|\n|t:|1700754369\n|move|p1a: DEEZ HANDS|Swords Dance|p1a: DEEZ HANDS\n|-boost|p1a: DEEZ HANDS|atk|2\n|move|p2a: Pelipper|U-turn|p1a: DEEZ HANDS\n|-resisted|p1a: DEEZ HANDS\n|-damage|p1a: DEEZ HANDS|74\/100\n|\n|t:|1700754377\n|switch|p2a: Hatterene|Hatterene, F|100\/100|[from] U-turn\n|\n|-weather|RainDance|[upkeep]\n|upkeep\n|turn|9\n|\n|t:|1700754381\n|move|p1a: DEEZ HANDS|Thunder Punch|p2a: Hatterene\n|-damage|p2a: Hatterene|19\/100\n|-enditem|p2a: Hatterene|Eject Button\n|\n|t:|1700754389\n|switch|p2a: Barraskewda|Barraskewda, F|100\/100\n|\n|-weather|RainDance|[upkeep]\n|upkeep\n|turn|10\n|\n|t:|1700754397\n|move|p2a: Barraskewda|Liquidation|p1a: DEEZ HANDS\n|-damage|p1a: DEEZ HANDS|38\/100\n|move|p1a: DEEZ HANDS|Drain Punch|p2a: Barraskewda\n|-damage|p2a: Barraskewda|0 fnt\n|-heal|p1a: DEEZ HANDS|66\/100|[from] drain|[of] p2a: Barraskewda\n|faint|p2a: Barraskewda\n|\n|-weather|RainDance|[upkeep]\n|upkeep\n|\n|t:|1700754402\n|switch|p2a: Zapdos|Zapdos|100\/100\n|turn|11\n|-activate|p1a: DEEZ HANDS|item: Quick Claw\n|\n|t:|1700754405\n|-terastallize|p1a: DEEZ HANDS|Ice\n|move|p1a: DEEZ HANDS|Ice Punch|p2a: Zapdos\n|-supereffective|p2a: Zapdos\n|-damage|p2a: Zapdos|0 fnt\n|-status|p1a: DEEZ HANDS|par|[from] ability: Static|[of] p2a: Zapdos\n|faint|p2a: Zapdos\n|\n|-weather|RainDance|[upkeep]\n|upkeep\n|j| gameing08\n|-message|babiwi bewey\u2714\ufe0f forfeited.\n|\n|win|SCHIZODROOLER98\n|raw|SCHIZODROOLER98's rating: 1602 &rarr; <strong>1621<\/strong><br \/>(+19 for winning)\n|raw|babiwi bewey\u2714\ufe0f's rating: 1581 &rarr; <strong>1562<\/strong><br \/>(-19 for losing)\n|l| gameing08\n","uploadtime":1700754417,"views":0,"p1id":"schizodrooler98","p2id":"babiwibewey","formatid":"gen9ou","rating":1562,"private":0,"password":""}