{"id":"gen9ou-1991072904","p1":"Gooaah","p2":"Rubz15","format":"[Gen 9] OU","log":"|j|\u2606Gooaah\n|j|\u2606Rubz15\n|t:|1700038495\n|gametype|singles\n|player|p1|Gooaah|veteranf|1200\n|player|p2|Rubz15|265|1138\n|teamsize|p1|6\n|teamsize|p2|6\n|gen|9\n|tier|[Gen 9] OU\n|rated|\n|rule|Sleep Clause Mod: Limit one foe put to sleep\n|rule|Species Clause: Limit one of each Pok\u00e9mon\n|rule|OHKO Clause: OHKO moves are banned\n|rule|Evasion Items Clause: Evasion items are banned\n|rule|Evasion Moves Clause: Evasion moves are banned\n|rule|Endless Battle Clause: Forcing endless battles is banned\n|rule|HP Percentage Mod: HP is shown in percentages\n|clearpoke\n|poke|p1|Ninetales, M|\n|poke|p1|Walking Wake|\n|poke|p1|Ceruledge, M|\n|poke|p1|Skeledirge, F|\n|poke|p1|Great Tusk|\n|poke|p1|Torkoal, F|\n|poke|p2|Kingambit, M|\n|poke|p2|Samurott-Hisui, M|\n|poke|p2|Ninetales-Alola, F|\n|poke|p2|Cinderace, F|\n|poke|p2|Dragapult, F|\n|poke|p2|Iron Treads|\n|teampreview\n|j| ducky1812\n|inactive|Battle timer is ON: inactive players will automatically lose when time's up. (requested by Rubz15)\n|\n|t:|1700038501\n|start\n|switch|p1a: Ninetales|Ninetales, M|100\/100\n|switch|p2a: Samurott|Samurott-Hisui, M, shiny|100\/100\n|-weather|SunnyDay|[from] ability: Drought|[of] p1a: Ninetales\n|turn|1\n|\n|t:|1700038516\n|move|p2a: Samurott|Ceaseless Edge|p1a: Ninetales\n|-damage|p1a: Ninetales|31\/100\n|-sidestart|p1: Gooaah|Spikes\n|move|p1a: Ninetales|Solar Beam||[still]\n|-prepare|p1a: Ninetales|Solar Beam\n|-anim|p1a: Ninetales|Solar Beam|p2a: Samurott\n|-supereffective|p2a: Samurott\n|-damage|p2a: Samurott|0 fnt\n|faint|p2a: Samurott\n|\n|-weather|SunnyDay|[upkeep]\n|upkeep\n|\n|t:|1700038527\n|switch|p2a: Ninetales|Ninetales-Alola, F, shiny|100\/100\n|-weather|Snow|[from] ability: Snow Warning|[of] p2a: Ninetales\n|turn|2\n|\n|t:|1700038532\n|move|p2a: Ninetales|Aurora Veil|p2a: Ninetales\n|-sidestart|p2: Rubz15|move: Aurora Veil\n|move|p1a: Ninetales|Will-O-Wisp|p2a: Ninetales\n|-status|p2a: Ninetales|brn\n|\n|-weather|Snow|[upkeep]\n|-damage|p2a: Ninetales|95\/100 brn|[from] brn\n|upkeep\n|turn|3\n|\n|t:|1700038553\n|switch|p1a: Torkoal|Torkoal, F|100\/100\n|-damage|p1a: Torkoal|88\/100|[from] Spikes\n|-weather|SunnyDay|[from] ability: Drought|[of] p1a: Torkoal\n|move|p2a: Ninetales|Blizzard|p1a: Torkoal\n|-resisted|p1a: Torkoal\n|-damage|p1a: Torkoal|62\/100\n|\n|-weather|SunnyDay|[upkeep]\n|-damage|p2a: Ninetales|89\/100 brn|[from] brn\n|upkeep\n|turn|4\n|\n|t:|1700038566\n|switch|p2a: Cinderace|Cinderace, F|100\/100\n|move|p1a: Torkoal|Stealth Rock|p2a: Cinderace\n|-sidestart|p2: Rubz15|move: Stealth Rock\n|\n|-weather|SunnyDay|[upkeep]\n|upkeep\n|turn|5\n|\n|t:|1700038573\n|switch|p1a: Great Tusk|Great Tusk|100\/100\n|-damage|p1a: Great Tusk|88\/100|[from] Spikes\n|-activate|p1a: Great Tusk|ability: Protosynthesis\n|-start|p1a: Great Tusk|protosynthesisdef\n|move|p2a: Cinderace|Gunk Shot|p1a: Great Tusk\n|-start|p2a: Cinderace|typechange|Poison|[from] ability: Libero\n|-resisted|p1a: Great Tusk\n|-damage|p1a: Great Tusk|75\/100\n|-damage|p2a: Cinderace|91\/100|[from] item: Life Orb\n|\n|-weather|SunnyDay|[upkeep]\n|-heal|p1a: Great Tusk|81\/100|[from] item: Leftovers\n|upkeep\n|turn|6\n|\n|t:|1700038587\n|move|p2a: Cinderace|Will-O-Wisp|p1a: Great Tusk\n|-status|p1a: Great Tusk|brn\n|move|p1a: Great Tusk|Knock Off|p2a: Cinderace\n|-damage|p2a: Cinderace|81\/100\n|-enditem|p2a: Cinderace|Life Orb|[from] move: Knock Off|[of] p1a: Great Tusk\n|\n|-weather|SunnyDay|[upkeep]\n|-heal|p1a: Great Tusk|87\/100 brn|[from] item: Leftovers\n|-damage|p1a: Great Tusk|81\/100 brn|[from] brn\n|-sideend|p2: Rubz15|move: Aurora Veil\n|upkeep\n|turn|7\n|\n|t:|1700038592\n|move|p2a: Cinderace|U-turn|p1a: Great Tusk\n|-resisted|p1a: Great Tusk\n|-damage|p1a: Great Tusk|77\/100 brn\n|\n|t:|1700038598\n|switch|p2a: Dragapult|Dragapult, F|100\/100|[from] U-turn\n|-damage|p2a: Dragapult|88\/100|[from] Stealth Rock\n|move|p1a: Great Tusk|Rapid Spin|p2a: Dragapult\n|-immune|p2a: Dragapult\n|\n|-weather|SunnyDay|[upkeep]\n|-heal|p2a: Dragapult|94\/100|[from] item: Leftovers\n|-heal|p1a: Great Tusk|83\/100 brn|[from] item: Leftovers\n|-damage|p1a: Great Tusk|77\/100 brn|[from] brn\n|upkeep\n|turn|8\n|\n|t:|1700038615\n|move|p2a: Dragapult|Dragon Darts|p1a: Great Tusk\n|-crit|p1a: Great Tusk\n|-damage|p1a: Great Tusk|62\/100 brn\n|-anim|p2a: Dragapult|Dragon Darts|p1a: Great Tusk\n|-damage|p1a: Great Tusk|52\/100 brn\n|move|p1a: Great Tusk|Knock Off|p2a: Dragapult\n|-supereffective|p2a: Dragapult\n|-damage|p2a: Dragapult|55\/100\n|-enditem|p2a: Dragapult|Leftovers|[from] move: Knock Off|[of] p1a: Great Tusk\n|\n|-weather|SunnyDay|[upkeep]\n|-heal|p1a: Great Tusk|58\/100 brn|[from] item: Leftovers\n|-damage|p1a: Great Tusk|52\/100 brn|[from] brn\n|upkeep\n|turn|9\n|\n|t:|1700038621\n|move|p2a: Dragapult|Dragon Dance|p2a: Dragapult\n|-boost|p2a: Dragapult|atk|1\n|-boost|p2a: Dragapult|spe|1\n|move|p1a: Great Tusk|Earthquake|p2a: Dragapult\n|-damage|p2a: Dragapult|24\/100\n|\n|-weather|SunnyDay|[upkeep]\n|-heal|p1a: Great Tusk|58\/100 brn|[from] item: Leftovers\n|-damage|p1a: Great Tusk|52\/100 brn|[from] brn\n|upkeep\n|turn|10\n|l| ducky1812\n|\n|t:|1700038639\n|move|p2a: Dragapult|Dragon Darts|p1a: Great Tusk\n|-damage|p1a: Great Tusk|38\/100 brn\n|-anim|p2a: Dragapult|Dragon Darts|p1a: Great Tusk\n|-damage|p1a: Great Tusk|22\/100 brn\n|move|p1a: Great Tusk|Earthquake|p2a: Dragapult\n|-damage|p2a: Dragapult|0 fnt\n|-start|p1a: Great Tusk|Disable|Earthquake|[from] ability: Cursed Body|[of] p2a: Dragapult\n|faint|p2a: Dragapult\n|\n|-weather|none\n|-end|p1a: Great Tusk|Protosynthesis\n|-heal|p1a: Great Tusk|28\/100 brn|[from] item: Leftovers\n|-damage|p1a: Great Tusk|22\/100 brn|[from] brn\n|upkeep\n|\n|t:|1700038650\n|switch|p2a: Iron Treads|Iron Treads|100\/100\n|-damage|p2a: Iron Treads|97\/100|[from] Stealth Rock\n|turn|11\n|\n|t:|1700038657\n|-end|p1a: Great Tusk|Protosynthesis|[silent]\n|switch|p1a: Ninetales|Ninetales, M|31\/100\n|-damage|p1a: Ninetales|19\/100|[from] Spikes\n|-weather|SunnyDay|[from] ability: Drought|[of] p1a: Ninetales\n|move|p2a: Iron Treads|Rapid Spin|p1a: Ninetales\n|-damage|p1a: Ninetales|0 fnt\n|-boost|p2a: Iron Treads|spe|1\n|-sideend|p2: Rubz15|Stealth Rock|[from] move: Rapid Spin|[of] p2a: Iron Treads\n|faint|p1a: Ninetales\n|\n|-weather|SunnyDay|[upkeep]\n|-heal|p2a: Iron Treads|100\/100|[from] item: Leftovers\n|upkeep\n|\n|t:|1700038662\n|switch|p1a: Walking Wake|Walking Wake|100\/100\n|-damage|p1a: Walking Wake|88\/100|[from] Spikes\n|-activate|p1a: Walking Wake|ability: Protosynthesis\n|-start|p1a: Walking Wake|protosynthesisspa\n|turn|12\n|\n|t:|1700038668\n|move|p1a: Walking Wake|Hydro Steam|p2a: Iron Treads\n|-supereffective|p2a: Iron Treads\n|-damage|p2a: Iron Treads|0 fnt\n|faint|p2a: Iron Treads\n|-end|p2a: Iron Treads|Quark Drive|[silent]\n|\n|-weather|SunnyDay|[upkeep]\n|upkeep\n|\n|t:|1700038673\n|switch|p2a: Ninetales|Ninetales-Alola, F, shiny|89\/100 brn\n|-weather|Snow|[from] ability: Snow Warning|[of] p2a: Ninetales\n|-end|p1a: Walking Wake|Protosynthesis\n|turn|13\n|\n|t:|1700038683\n|move|p1a: Walking Wake|Hydro Steam|p2a: Ninetales\n|-damage|p2a: Ninetales|35\/100 brn\n|move|p2a: Ninetales|Aurora Veil|p2a: Ninetales\n|-sidestart|p2: Rubz15|move: Aurora Veil\n|\n|-weather|Snow|[upkeep]\n|-damage|p2a: Ninetales|29\/100 brn|[from] brn\n|upkeep\n|turn|14\n|\n|t:|1700038695\n|-end|p1a: Walking Wake|Protosynthesis|[silent]\n|switch|p1a: Great Tusk|Great Tusk|22\/100 brn\n|-damage|p1a: Great Tusk|10\/100 brn|[from] Spikes\n|move|p2a: Ninetales|Draining Kiss|p1a: Great Tusk\n|-supereffective|p1a: Great Tusk\n|-damage|p1a: Great Tusk|0 fnt\n|-heal|p2a: Ninetales|40\/100 brn|[from] drain|[of] p1a: Great Tusk\n|faint|p1a: Great Tusk\n|-end|p1a: Great Tusk|Protosynthesis|[silent]\n|\n|-weather|Snow|[upkeep]\n|-damage|p2a: Ninetales|34\/100 brn|[from] brn\n|upkeep\n|\n|t:|1700038701\n|switch|p1a: Torkoal|Torkoal, F|62\/100\n|-damage|p1a: Torkoal|49\/100|[from] Spikes\n|-weather|SunnyDay|[from] ability: Drought|[of] p1a: Torkoal\n|turn|15\n|\n|t:|1700038712\n|switch|p2a: Cinderace|Cinderace, F|81\/100\n|move|p1a: Torkoal|Rapid Spin|p2a: Cinderace\n|-damage|p2a: Cinderace|74\/100\n|-boost|p1a: Torkoal|spe|1\n|-sideend|p1: Gooaah|Spikes|[from] move: Rapid Spin|[of] p1a: Torkoal\n|\n|-weather|SunnyDay|[upkeep]\n|upkeep\n|turn|16\n|\n|t:|1700038722\n|move|p2a: Cinderace|Gunk Shot|p1a: Torkoal\n|-start|p2a: Cinderace|typechange|Poison|[from] ability: Libero\n|-damage|p1a: Torkoal|14\/100\n|move|p1a: Torkoal|Yawn|p2a: Cinderace\n|-start|p2a: Cinderace|move: Yawn|[of] p1a: Torkoal\n|\n|-weather|SunnyDay|[upkeep]\n|upkeep\n|turn|17\n|\n|t:|1700038731\n|switch|p1a: Ceruledge|Ceruledge, M|100\/100\n|move|p2a: Cinderace|U-turn|p1a: Ceruledge\n|-resisted|p1a: Ceruledge\n|-damage|p1a: Ceruledge|93\/100\n|-ability|p1a: Ceruledge|Weak Armor|boost\n|-unboost|p1a: Ceruledge|def|1\n|-boost|p1a: Ceruledge|spe|2\n|\n|t:|1700038738\n|switch|p2a: Ninetales|Ninetales-Alola, F, shiny|34\/100 brn|[from] U-turn\n|-weather|Snow|[from] ability: Snow Warning|[of] p2a: Ninetales\n|\n|-weather|Snow|[upkeep]\n|-damage|p2a: Ninetales|28\/100 brn|[from] brn\n|-sideend|p2: Rubz15|move: Aurora Veil\n|upkeep\n|turn|18\n|\n|t:|1700038743\n|move|p1a: Ceruledge|Bitter Blade|p2a: Ninetales\n|-supereffective|p2a: Ninetales\n|-damage|p2a: Ninetales|0 fnt\n|-heal|p1a: Ceruledge|100\/100|[from] drain|[of] p2a: Ninetales\n|-damage|p1a: Ceruledge|84\/100|[from] item: Rocky Helmet|[of] p2a: Ninetales\n|faint|p2a: Ninetales\n|\n|-weather|Snow|[upkeep]\n|upkeep\n|\n|t:|1700038746\n|switch|p2a: Cinderace|Cinderace, F|74\/100\n|turn|19\n|\n|t:|1700038757\n|move|p1a: Ceruledge|Phantom Force||[still]\n|-prepare|p1a: Ceruledge|Phantom Force\n|move|p2a: Cinderace|Gunk Shot|p1a: Ceruledge|[miss]\n|-start|p2a: Cinderace|typechange|Poison|[from] ability: Libero\n|-miss|p2a: Cinderace|p1a: Ceruledge\n|\n|-weather|Snow|[upkeep]\n|upkeep\n|turn|20\n|\n|t:|1700038762\n|move|p1a: Ceruledge|Phantom Force|p2a: Cinderace|[from]lockedmove\n|-damage|p2a: Cinderace|11\/100\n|move|p2a: Cinderace|Gunk Shot|p1a: Ceruledge\n|-resisted|p1a: Ceruledge\n|-damage|p1a: Ceruledge|24\/100\n|-ability|p1a: Ceruledge|Weak Armor|boost\n|-unboost|p1a: Ceruledge|def|1\n|-boost|p1a: Ceruledge|spe|2\n|\n|-weather|Snow|[upkeep]\n|upkeep\n|turn|21\n|\n|t:|1700038772\n|move|p1a: Ceruledge|Bitter Blade|p2a: Cinderace\n|-damage|p2a: Cinderace|0 fnt\n|-heal|p1a: Ceruledge|30\/100|[from] drain|[of] p2a: Cinderace\n|faint|p2a: Cinderace\n|\n|-weather|none\n|upkeep\n|\n|t:|1700038774\n|switch|p2a: Kingambit|Kingambit, M|100\/100\n|-activate|p2a: Kingambit|ability: Supreme Overlord\n|-start|p2a: Kingambit|fallen5|[silent]\n|turn|22\n|\n|t:|1700038781\n|move|p2a: Kingambit|Sucker Punch||[still]\n|-fail|p2a: Kingambit\n|move|p1a: Ceruledge|Swords Dance|p1a: Ceruledge\n|-boost|p1a: Ceruledge|atk|2\n|\n|upkeep\n|turn|23\n|\n|t:|1700038785\n|move|p1a: Ceruledge|Bitter Blade|p2a: Kingambit\n|-supereffective|p2a: Kingambit\n|-damage|p2a: Kingambit|0 fnt\n|-heal|p1a: Ceruledge|99\/100|[from] drain|[of] p2a: Kingambit\n|faint|p2a: Kingambit\n|-end|p2a: Kingambit|fallen5|[silent]\n|\n|win|Gooaah\n|raw|Gooaah's rating: 1200 &rarr; <strong>1221<\/strong><br \/>(+21 for winning)\n|raw|Rubz15's rating: 1138 &rarr; <strong>1117<\/strong><br \/>(-21 for losing)\n|l|\u2606Rubz15\n","uploadtime":1700038792,"views":16,"p1id":"gooaah","p2id":"rubz15","formatid":"gen9ou","rating":1117,"private":0,"password":""}