{"id":"gen9ou-1996467253","p1":"longlivemamba08","p2":"darkkevo","format":"[Gen 9] OU","log":"|j|\u2606longlivemamba08\n|j|\u2606darkkevo\n|t:|1700684837\n|gametype|singles\n|player|p1|longlivemamba08|riley|1184\n|player|p2|darkkevo|265|1246\n|teamsize|p1|6\n|teamsize|p2|6\n|gen|9\n|tier|[Gen 9] OU\n|rated|\n|rule|Sleep Clause Mod: Limit one foe put to sleep\n|rule|Species Clause: Limit one of each Pok\u00e9mon\n|rule|OHKO Clause: OHKO moves are banned\n|rule|Evasion Items Clause: Evasion items are banned\n|rule|Evasion Moves Clause: Evasion moves are banned\n|rule|Endless Battle Clause: Forcing endless battles is banned\n|rule|HP Percentage Mod: HP is shown in percentages\n|clearpoke\n|poke|p1|Manaphy|\n|poke|p1|Pelipper, F|\n|poke|p1|Ogerpon-Wellspring, F|\n|poke|p1|Quagsire, M|\n|poke|p1|Overqwil, F|\n|poke|p1|Weezing-Galar, F|\n|poke|p2|Manaphy|\n|poke|p2|Kingambit, F|\n|poke|p2|Ribombee, M|\n|poke|p2|Gholdengo|\n|poke|p2|Iron Moth|\n|poke|p2|Passimian, M|\n|teampreview\n|inactive|Battle timer is ON: inactive players will automatically lose when time's up. (requested by darkkevo)\n|\n|t:|1700684870\n|start\n|switch|p1a: Pelipper|Pelipper, F|100\/100\n|switch|p2a: Ribombee|Ribombee, M, shiny|100\/100\n|-weather|RainDance|[from] ability: Drizzle|[of] p1a: Pelipper\n|turn|1\n|\n|t:|1700684887\n|move|p2a: Ribombee|Sticky Web|p1a: Pelipper\n|-sidestart|p1: longlivemamba08|move: Sticky Web\n|move|p1a: Pelipper|U-turn|p2a: Ribombee\n|-resisted|p2a: Ribombee\n|-damage|p2a: Ribombee|93\/100\n|\n|t:|1700684896\n|switch|p1a: Weezing|Weezing-Galar, F|100\/100|[from] U-turn\n|\n|-weather|RainDance|[upkeep]\n|upkeep\n|turn|2\n|\n|t:|1700684913\n|switch|p1a: Quagsire|Quagsire, M|100\/100\n|-activate|p1a: Quagsire|move: Sticky Web\n|-unboost|p1a: Quagsire|spe|1\n|move|p2a: Ribombee|Psychic|p1a: Quagsire\n|-damage|p1a: Quagsire|72\/100\n|\n|-weather|RainDance|[upkeep]\n|-heal|p1a: Quagsire|78\/100|[from] item: Leftovers\n|upkeep\n|turn|3\n|\n|t:|1700684927\n|switch|p1a: Overqwil|Overqwil, F|100\/100\n|-activate|p1a: Overqwil|move: Sticky Web\n|-unboost|p1a: Overqwil|spe|1\n|move|p2a: Ribombee|Stun Spore|p1a: Overqwil\n|-status|p1a: Overqwil|par\n|\n|-weather|RainDance|[upkeep]\n|upkeep\n|turn|4\n|\n|t:|1700684937\n|-terastallize|p2a: Ribombee|Steel\n|move|p2a: Ribombee|Moonblast|p1a: Overqwil\n|-damage|p1a: Overqwil|39\/100 par\n|-unboost|p1a: Overqwil|spa|1\n|move|p1a: Overqwil|Poison Jab|p2a: Ribombee\n|-immune|p2a: Ribombee\n|\n|-weather|RainDance|[upkeep]\n|upkeep\n|turn|5\n|\n|t:|1700684955\n|switch|p1a: Manaphy|Manaphy, shiny|100\/100\n|-activate|p1a: Manaphy|move: Sticky Web\n|-unboost|p1a: Manaphy|spe|1\n|move|p2a: Ribombee|Moonblast|p1a: Manaphy\n|-damage|p1a: Manaphy|64\/100\n|\n|-weather|RainDance|[upkeep]\n|-heal|p1a: Manaphy|70\/100|[from] item: Leftovers\n|upkeep\n|turn|6\n|\n|t:|1700684965\n|move|p2a: Ribombee|Moonblast|p1a: Manaphy\n|-damage|p1a: Manaphy|38\/100\n|-unboost|p1a: Manaphy|spa|1\n|move|p1a: Manaphy|Take Heart|p1a: Manaphy\n|-boost|p1a: Manaphy|spa|1\n|-boost|p1a: Manaphy|spd|1\n|\n|-weather|RainDance|[upkeep]\n|-heal|p1a: Manaphy|45\/100|[from] item: Leftovers\n|upkeep\n|turn|7\n|\n|t:|1700684984\n|switch|p2a: Passimian|Passimian, M|100\/100\n|move|p1a: Manaphy|Take Heart|p1a: Manaphy\n|-boost|p1a: Manaphy|spa|1\n|-boost|p1a: Manaphy|spd|1\n|\n|-weather|RainDance|[upkeep]\n|-heal|p1a: Manaphy|51\/100|[from] item: Leftovers\n|upkeep\n|turn|8\n|\n|t:|1700685000\n|-terastallize|p1a: Manaphy|Poison\n|move|p2a: Passimian|Close Combat|p1a: Manaphy\n|-resisted|p1a: Manaphy\n|-damage|p1a: Manaphy|15\/100\n|-unboost|p2a: Passimian|def|1\n|-unboost|p2a: Passimian|spd|1\n|move|p1a: Manaphy|Acid Armor|p1a: Manaphy\n|-boost|p1a: Manaphy|def|2\n|\n|-weather|none\n|-heal|p1a: Manaphy|22\/100|[from] item: Leftovers\n|upkeep\n|turn|9\n|\n|t:|1700685029\n|switch|p2a: Iron Moth|Iron Moth|100\/100\n|-enditem|p2a: Iron Moth|Booster Energy\n|-activate|p2a: Iron Moth|ability: Quark Drive|[fromitem]\n|-start|p2a: Iron Moth|quarkdrivespe\n|switch|p1a: Weezing|Weezing-Galar, F|100\/100\n|\n|upkeep\n|turn|10\n|\n|t:|1700685041\n|move|p2a: Iron Moth|Substitute|p2a: Iron Moth\n|-start|p2a: Iron Moth|Substitute\n|-damage|p2a: Iron Moth|76\/100\n|move|p1a: Weezing|Defog|p2a: Iron Moth\n|-sideend|p1: longlivemamba08|Sticky Web|[from] move: Defog|[of] p1a: Weezing\n|\n|upkeep\n|turn|11\n|\n|t:|1700685050\n|move|p2a: Iron Moth|Fiery Dance|p1a: Weezing\n|-damage|p1a: Weezing|46\/100\n|-boost|p2a: Iron Moth|spa|1\n|move|p1a: Weezing|Sludge Bomb|p2a: Iron Moth\n|-resisted|p2a: Iron Moth\n|-activate|p2a: Iron Moth|move: Substitute|[damage]\n|\n|upkeep\n|turn|12\n|\n|t:|1700685060\n|move|p2a: Iron Moth|Fiery Dance|p1a: Weezing\n|-damage|p1a: Weezing|0 fnt\n|-boost|p2a: Iron Moth|spa|1\n|faint|p1a: Weezing\n|\n|upkeep\n|\n|t:|1700685069\n|switch|p1a: Pelipper|Pelipper, F|100\/100\n|-weather|RainDance|[from] ability: Drizzle|[of] p1a: Pelipper\n|turn|13\n|\n|t:|1700685077\n|move|p2a: Iron Moth|Psychic|p1a: Pelipper\n|-crit|p1a: Pelipper\n|-damage|p1a: Pelipper|0 fnt\n|faint|p1a: Pelipper\n|\n|-weather|RainDance|[upkeep]\n|upkeep\n|\n|t:|1700685085\n|switch|p1a: Ogerpon|Ogerpon-Wellspring, F|100\/100\n|turn|14\n|\n|t:|1700685089\n|move|p2a: Iron Moth|Psychic|p1a: Ogerpon\n|-damage|p1a: Ogerpon|35\/100\n|move|p1a: Ogerpon|Ivy Cudgel|p2a: Iron Moth|[anim] Ivy Cudgel Water\n|-supereffective|p2a: Iron Moth\n|-end|p2a: Iron Moth|Substitute\n|\n|-weather|RainDance|[upkeep]\n|upkeep\n|turn|15\n|\n|t:|1700685098\n|move|p2a: Iron Moth|Psychic|p1a: Ogerpon\n|-crit|p1a: Ogerpon\n|-damage|p1a: Ogerpon|0 fnt\n|faint|p1a: Ogerpon\n|\n|-weather|RainDance|[upkeep]\n|upkeep\n|\n|t:|1700685104\n|switch|p1a: Overqwil|Overqwil, F|39\/100 par\n|turn|16\n|\n|t:|1700685110\n|move|p2a: Iron Moth|Psychic|p1a: Overqwil\n|-immune|p1a: Overqwil\n|move|p1a: Overqwil|Liquidation|p2a: Iron Moth\n|-supereffective|p2a: Iron Moth\n|-damage|p2a: Iron Moth|0 fnt\n|faint|p2a: Iron Moth\n|-end|p2a: Iron Moth|Quark Drive|[silent]\n|-damage|p1a: Overqwil|29\/100 par|[from] item: Life Orb\n|\n|-weather|RainDance|[upkeep]\n|upkeep\n|\n|t:|1700685125\n|switch|p2a: Ribombee|Ribombee, M, shiny, tera:Steel|93\/100\n|turn|17\n|\n|t:|1700685136\n|move|p2a: Ribombee|Moonblast|p1a: Overqwil\n|-damage|p1a: Overqwil|0 fnt\n|faint|p1a: Overqwil\n|\n|-weather|RainDance|[upkeep]\n|upkeep\n|\n|t:|1700685143\n|switch|p1a: Quagsire|Quagsire, M|78\/100\n|turn|18\n|\n|t:|1700685152\n|switch|p2a: Gholdengo|Gholdengo|100\/100\n|-item|p2a: Gholdengo|Air Balloon\n|move|p1a: Quagsire|Earthquake|p2a: Gholdengo\n|-immune|p2a: Gholdengo\n|\n|-weather|RainDance|[upkeep]\n|-heal|p1a: Quagsire|84\/100|[from] item: Leftovers\n|upkeep\n|turn|19\n|\n|t:|1700685161\n|move|p2a: Gholdengo|Nasty Plot|p2a: Gholdengo\n|-boost|p2a: Gholdengo|spa|2\n|move|p1a: Quagsire|Liquidation|p2a: Gholdengo\n|-crit|p2a: Gholdengo\n|-damage|p2a: Gholdengo|46\/100\n|-enditem|p2a: Gholdengo|Air Balloon\n|\n|-weather|RainDance|[upkeep]\n|-heal|p1a: Quagsire|90\/100|[from] item: Leftovers\n|upkeep\n|turn|20\n|\n|t:|1700685172\n|move|p2a: Gholdengo|Shadow Ball|p1a: Quagsire\n|-damage|p1a: Quagsire|35\/100\n|move|p1a: Quagsire|Earthquake|p2a: Gholdengo\n|-supereffective|p2a: Gholdengo\n|-damage|p2a: Gholdengo|0 fnt\n|faint|p2a: Gholdengo\n|\n|-weather|none\n|-heal|p1a: Quagsire|41\/100|[from] item: Leftovers\n|upkeep\n|\n|t:|1700685181\n|switch|p2a: Ribombee|Ribombee, M, shiny, tera:Steel|93\/100\n|turn|21\n|\n|t:|1700685188\n|move|p2a: Ribombee|Sticky Web|p1a: Quagsire\n|-sidestart|p1: longlivemamba08|move: Sticky Web\n|move|p1a: Quagsire|Earthquake|p2a: Ribombee\n|-supereffective|p2a: Ribombee\n|-damage|p2a: Ribombee|0 fnt\n|faint|p2a: Ribombee\n|\n|-heal|p1a: Quagsire|47\/100|[from] item: Leftovers\n|upkeep\n|\n|t:|1700685194\n|switch|p2a: Passimian|Passimian, M|100\/100\n|turn|22\n|\n|t:|1700685207\n|move|p2a: Passimian|Close Combat|p1a: Quagsire\n|-damage|p1a: Quagsire|0 fnt\n|-unboost|p2a: Passimian|def|1\n|-unboost|p2a: Passimian|spd|1\n|faint|p1a: Quagsire\n|\n|upkeep\n|\n|t:|1700685214\n|switch|p1a: Manaphy|Manaphy, shiny, tera:Poison|22\/100\n|-activate|p1a: Manaphy|move: Sticky Web\n|-unboost|p1a: Manaphy|spe|1\n|turn|23\n|\n|t:|1700685229\n|move|p2a: Passimian|Close Combat|p1a: Manaphy\n|-resisted|p1a: Manaphy\n|-damage|p1a: Manaphy|0 fnt\n|-unboost|p2a: Passimian|def|1\n|-unboost|p2a: Passimian|spd|1\n|faint|p1a: Manaphy\n|\n|win|darkkevo\n|raw|longlivemamba08's rating: 1184 &rarr; <strong>1163<\/strong><br \/>(-21 for losing)\n|raw|darkkevo's rating: 1246 &rarr; <strong>1267<\/strong><br \/>(+21 for winning)\n","uploadtime":1700685236,"views":1,"p1id":"longlivemamba08","p2id":"darkkevo","formatid":"gen9ou","rating":1163,"private":0,"password":""}