{"id":"gen9ou-1991350550","p1":"mianhua6","p2":"Gabry06","format":"[Gen 9] OU","log":"|j|\u2606mianhua6\n|j|\u2606Gabry06\n|t:|1700069841\n|gametype|singles\n|player|p1|mianhua6|bellelba|1382\n|player|p2|Gabry06|acetrainer-gen4dp|1371\n|teamsize|p1|6\n|teamsize|p2|6\n|gen|9\n|tier|[Gen 9] OU\n|rated|\n|rule|Sleep Clause Mod: Limit one foe put to sleep\n|rule|Species Clause: Limit one of each Pok\u00e9mon\n|rule|OHKO Clause: OHKO moves are banned\n|rule|Evasion Items Clause: Evasion items are banned\n|rule|Evasion Moves Clause: Evasion moves are banned\n|rule|Endless Battle Clause: Forcing endless battles is banned\n|rule|HP Percentage Mod: HP is shown in percentages\n|clearpoke\n|poke|p1|Pelipper, F|\n|poke|p1|Greninja-*, M|\n|poke|p1|Basculegion, M|\n|poke|p1|Zapdos|\n|poke|p1|Sandy Shocks|\n|poke|p1|Scizor, M|\n|poke|p2|Walking Wake|\n|poke|p2|Torkoal, F|\n|poke|p2|Moltres|\n|poke|p2|Meowscarada, M|\n|poke|p2|Great Tusk|\n|poke|p2|Ribombee, F|\n|teampreview\n|inactive|Battle timer is ON: inactive players will automatically lose when time's up. (requested by mianhua6)\n|\n|t:|1700069863\n|start\n|switch|p1a: Sandy Shocks|Sandy Shocks|100\/100\n|switch|p2a: Torkoal|Torkoal, F|100\/100\n|-weather|SunnyDay|[from] ability: Drought|[of] p2a: Torkoal\n|-activate|p1a: Sandy Shocks|ability: Protosynthesis\n|-start|p1a: Sandy Shocks|protosynthesisspe\n|turn|1\n|inactive|Gabry06 has 120 seconds left.\n|\n|t:|1700069913\n|-terastallize|p2a: Torkoal|Grass\n|move|p1a: Sandy Shocks|Earth Power|p2a: Torkoal\n|-resisted|p2a: Torkoal\n|-damage|p2a: Torkoal|76\/100\n|move|p2a: Torkoal|Overheat|p1a: Sandy Shocks\n|-damage|p1a: Sandy Shocks|12\/100\n|-unboost|p2a: Torkoal|spa|2\n|\n|-weather|SunnyDay|[upkeep]\n|upkeep\n|turn|2\n|inactive|Gabry06 has 90 seconds left.\n|\n|t:|1700069939\n|-terastallize|p1a: Sandy Shocks|Ice\n|move|p1a: Sandy Shocks|Tera Blast|p2a: Torkoal|[anim] Tera Blast Ice\n|-supereffective|p2a: Torkoal\n|-damage|p2a: Torkoal|0 fnt\n|faint|p2a: Torkoal\n|\n|-weather|SunnyDay|[upkeep]\n|upkeep\n|\n|t:|1700069951\n|switch|p2a: Walking Wake|Walking Wake|100\/100\n|-activate|p2a: Walking Wake|ability: Protosynthesis\n|-start|p2a: Walking Wake|protosynthesisspe\n|turn|3\n|\n|t:|1700069963\n|-end|p1a: Sandy Shocks|Protosynthesis|[silent]\n|switch|p1a: Pelipper|Pelipper, F|100\/100\n|-weather|RainDance|[from] ability: Drizzle|[of] p1a: Pelipper\n|-end|p2a: Walking Wake|Protosynthesis\n|move|p2a: Walking Wake|Flamethrower|p1a: Pelipper\n|-resisted|p1a: Pelipper\n|-damage|p1a: Pelipper|89\/100\n|-status|p1a: Pelipper|brn\n|\n|-weather|RainDance|[upkeep]\n|-damage|p1a: Pelipper|83\/100 brn|[from] brn\n|upkeep\n|turn|4\n|\n|t:|1700069980\n|move|p2a: Walking Wake|Substitute|p2a: Walking Wake\n|-start|p2a: Walking Wake|Substitute\n|-damage|p2a: Walking Wake|75\/100\n|move|p1a: Pelipper|U-turn|p2a: Walking Wake\n|-activate|p2a: Walking Wake|move: Substitute|[damage]\n|\n|t:|1700069985\n|switch|p1a: Zapdos|Zapdos|100\/100|[from] U-turn\n|\n|-weather|RainDance|[upkeep]\n|upkeep\n|turn|5\n|\n|t:|1700069994\n|move|p2a: Walking Wake|Hydro Steam|p1a: Zapdos\n|-damage|p1a: Zapdos|25\/100\n|move|p1a: Zapdos|Thunder|p2a: Walking Wake\n|-end|p2a: Walking Wake|Substitute\n|\n|-weather|RainDance|[upkeep]\n|upkeep\n|turn|6\n|inactive|Gabry06 has 90 seconds left.\n|\n|t:|1700070008\n|move|p2a: Walking Wake|Hydro Steam|p1a: Zapdos\n|-damage|p1a: Zapdos|0 fnt\n|faint|p1a: Zapdos\n|\n|-weather|RainDance|[upkeep]\n|upkeep\n|\n|t:|1700070017\n|switch|p1a: Scizor|Scizor, M|100\/100\n|turn|7\n|inactive|Gabry06 has 90 seconds left.\n|\n|t:|1700070031\n|-end|p2a: Walking Wake|Protosynthesis|[silent]\n|switch|p2a: Moltres|Moltres|100\/100\n|move|p1a: Scizor|Bullet Punch|p2a: Moltres\n|-resisted|p2a: Moltres\n|-damage|p2a: Moltres|86\/100\n|\n|-weather|RainDance|[upkeep]\n|-heal|p2a: Moltres|92\/100|[from] item: Leftovers\n|upkeep\n|turn|8\n|inactive|Gabry06 has 90 seconds left.\n|\n|t:|1700070045\n|switch|p1a: Greninja|Greninja, M|100\/100\n|move|p2a: Moltres|Flamethrower|p1a: Greninja\n|-resisted|p1a: Greninja\n|-damage|p1a: Greninja|86\/100\n|\n|-weather|RainDance|[upkeep]\n|-heal|p2a: Moltres|98\/100|[from] item: Leftovers\n|upkeep\n|turn|9\n|inactive|Gabry06 has 90 seconds left.\n|\n|t:|1700070063\n|switch|p2a: Meowscarada|Meowscarada, M|100\/100\n|move|p1a: Greninja|Surf|p2a: Meowscarada\n|-resisted|p2a: Meowscarada\n|-damage|p2a: Meowscarada|43\/100\n|-damage|p1a: Greninja|76\/100|[from] item: Life Orb\n|\n|-weather|RainDance|[upkeep]\n|upkeep\n|turn|10\n|inactive|Gabry06 has 90 seconds left.\n|\n|t:|1700070075\n|switch|p1a: Scizor|Scizor, M|100\/100\n|move|p2a: Meowscarada|U-turn|p1a: Scizor\n|-start|p2a: Meowscarada|typechange|Bug|[from] ability: Protean\n|-resisted|p1a: Scizor\n|-damage|p1a: Scizor|76\/100\n|inactive|Gabry06 has 90 seconds left.\n|\n|t:|1700070084\n|switch|p2a: Ribombee|Ribombee, F|100\/100|[from] U-turn\n|\n|-weather|none\n|upkeep\n|turn|11\n|\n|t:|1700070094\n|move|p2a: Ribombee|Stun Spore|p1a: Scizor\n|-status|p1a: Scizor|par\n|cant|p1a: Scizor|par\n|\n|upkeep\n|turn|12\n|\n|t:|1700070104\n|switch|p2a: Moltres|Moltres|98\/100\n|switch|p1a: Greninja|Greninja, M|76\/100\n|\n|-heal|p2a: Moltres|100\/100|[from] item: Leftovers\n|upkeep\n|turn|13\n|\n|t:|1700070115\n|switch|p2a: Walking Wake|Walking Wake|75\/100\n|move|p1a: Greninja|Surf|p2a: Walking Wake\n|-resisted|p2a: Walking Wake\n|-damage|p2a: Walking Wake|60\/100\n|-damage|p1a: Greninja|66\/100|[from] item: Life Orb\n|\n|upkeep\n|turn|14\n|inactive|Gabry06 has 90 seconds left.\n|\n|t:|1700070133\n|switch|p1a: Scizor|Scizor, M|76\/100 par\n|move|p2a: Walking Wake|Substitute|p2a: Walking Wake\n|-start|p2a: Walking Wake|Substitute\n|-damage|p2a: Walking Wake|35\/100\n|\n|upkeep\n|turn|15\n|inactive|Gabry06 has 90 seconds left.\n|\n|t:|1700070144\n|move|p1a: Scizor|Bullet Punch|p2a: Walking Wake\n|-resisted|p2a: Walking Wake\n|-activate|p2a: Walking Wake|move: Substitute|[damage]\n|move|p2a: Walking Wake|Hydro Steam|p1a: Scizor\n|-crit|p1a: Scizor\n|-damage|p1a: Scizor|0 fnt\n|faint|p1a: Scizor\n|\n|upkeep\n|\n|t:|1700070154\n|switch|p1a: Pelipper|Pelipper, F|83\/100 brn\n|-weather|RainDance|[from] ability: Drizzle|[of] p1a: Pelipper\n|turn|16\n|\n|t:|1700070162\n|move|p2a: Walking Wake|Draco Meteor|p1a: Pelipper\n|-damage|p1a: Pelipper|0 fnt\n|-unboost|p2a: Walking Wake|spa|2\n|faint|p1a: Pelipper\n|\n|-weather|RainDance|[upkeep]\n|upkeep\n|\n|t:|1700070170\n|switch|p1a: Basculegion|Basculegion, M|100\/100\n|turn|17\n|\n|t:|1700070176\n|move|p1a: Basculegion|Wave Crash|p2a: Walking Wake\n|-resisted|p2a: Walking Wake\n|-end|p2a: Walking Wake|Substitute\n|-damage|p1a: Basculegion|98\/100|[from] Recoil|[of] p2a: Walking Wake\n|move|p2a: Walking Wake|Flamethrower|p1a: Basculegion\n|-resisted|p1a: Basculegion\n|-damage|p1a: Basculegion|94\/100\n|-status|p1a: Basculegion|brn\n|\n|-weather|RainDance|[upkeep]\n|-damage|p1a: Basculegion|88\/100 brn|[from] brn\n|upkeep\n|turn|18\n|\n|t:|1700070196\n|move|p1a: Basculegion|Wave Crash|p2a: Walking Wake\n|-resisted|p2a: Walking Wake\n|-damage|p2a: Walking Wake|18\/100\n|-damage|p1a: Basculegion|83\/100 brn|[from] Recoil\n|move|p2a: Walking Wake|Draco Meteor|p1a: Basculegion\n|-damage|p1a: Basculegion|47\/100 brn\n|-unboost|p2a: Walking Wake|spa|2\n|\n|-weather|RainDance|[upkeep]\n|-damage|p1a: Basculegion|41\/100 brn|[from] brn\n|upkeep\n|turn|19\n|\n|t:|1700070213\n|move|p1a: Basculegion|Wave Crash|p2a: Walking Wake\n|-resisted|p2a: Walking Wake\n|-damage|p2a: Walking Wake|1\/100\n|-damage|p1a: Basculegion|36\/100 brn|[from] Recoil\n|move|p2a: Walking Wake|Hydro Steam|p1a: Basculegion\n|-resisted|p1a: Basculegion\n|-damage|p1a: Basculegion|22\/100 brn\n|\n|-weather|RainDance|[upkeep]\n|-damage|p1a: Basculegion|16\/100 brn|[from] brn\n|upkeep\n|turn|20\n|\n|t:|1700070224\n|switch|p1a: Sandy Shocks|Sandy Shocks, tera:Ice|12\/100\n|-enditem|p1a: Sandy Shocks|Booster Energy\n|-activate|p1a: Sandy Shocks|ability: Protosynthesis|[fromitem]\n|-start|p1a: Sandy Shocks|protosynthesisspe\n|move|p2a: Walking Wake|Hydro Steam|p1a: Sandy Shocks\n|-damage|p1a: Sandy Shocks|0 fnt\n|faint|p1a: Sandy Shocks\n|-end|p1a: Sandy Shocks|Protosynthesis|[silent]\n|\n|-weather|RainDance|[upkeep]\n|upkeep\n|\n|t:|1700070226\n|switch|p1a: Greninja|Greninja, M|66\/100\n|turn|21\n|\n|t:|1700070243\n|-end|p2a: Walking Wake|Protosynthesis|[silent]\n|switch|p2a: Ribombee|Ribombee, F|100\/100\n|move|p1a: Greninja|Dark Pulse|p2a: Ribombee\n|-resisted|p2a: Ribombee\n|-damage|p2a: Ribombee|63\/100\n|-damage|p1a: Greninja|56\/100|[from] item: Life Orb\n|\n|-weather|RainDance|[upkeep]\n|upkeep\n|turn|22\n|\n|t:|1700070253\n|move|p2a: Ribombee|Moonblast|p1a: Greninja\n|-supereffective|p1a: Greninja\n|-damage|p1a: Greninja|0 fnt\n|faint|p1a: Greninja\n|\n|-weather|RainDance|[upkeep]\n|upkeep\n|l|\u2606mianhua6\n|inactive|mianhua6 disconnected and has a minute to reconnect!\n|player|p1|\n|inactive|mianhua6 has 30 seconds to reconnect!\n|inactive|mianhua6 has 20 seconds to reconnect!\n|inactive|mianhua6 has 15 seconds to reconnect!\n|inactive|mianhua6 has 10 seconds to reconnect!\n|inactive|mianhua6 has 5 seconds to reconnect!\n|-message|mianhua6 lost due to inactivity.\n|\n|win|Gabry06\n|raw|mianhua6's rating: 1382 &rarr; <strong>1361<\/strong><br \/>(-21 for losing)\n|raw|Gabry06's rating: 1371 &rarr; <strong>1392<\/strong><br \/>(+21 for winning)\n","uploadtime":1700070322,"views":7,"p1id":"mianhua6","p2id":"gabry06","formatid":"gen9ou","rating":1361,"private":0,"password":""}