{"id":"gen9ou-1996125534","p1":"Magenta Maylene","p2":"Lardoh","format":"[Gen 9] OU","log":"|j|\u2606Magenta Maylene\n|j|\u2606Lardoh\n|t:|1700648031\n|gametype|singles\n|player|p1|Magenta Maylene|maylene|1611\n|player|p2|Lardoh|2|1528\n|teamsize|p1|6\n|teamsize|p2|6\n|gen|9\n|tier|[Gen 9] OU\n|rated|\n|rule|Sleep Clause Mod: Limit one foe put to sleep\n|rule|Species Clause: Limit one of each Pok\u00e9mon\n|rule|OHKO Clause: OHKO moves are banned\n|rule|Evasion Items Clause: Evasion items are banned\n|rule|Evasion Moves Clause: Evasion moves are banned\n|rule|Endless Battle Clause: Forcing endless battles is banned\n|rule|HP Percentage Mod: HP is shown in percentages\n|clearpoke\n|poke|p1|Maushold|\n|poke|p1|Abomasnow, M|\n|poke|p1|Glimmora, F|\n|poke|p1|Gholdengo|\n|poke|p1|Moltres|\n|poke|p1|Scizor, F|\n|poke|p2|Iron Hands|\n|poke|p2|Mimikyu, M|\n|poke|p2|Hatterene, F|\n|poke|p2|Maushold|\n|poke|p2|Torkoal, F|\n|poke|p2|Hoopa-Unbound|\n|teampreview\n|inactive|Battle timer is ON: inactive players will automatically lose when time's up. (requested by Lardoh)\n|\n|t:|1700648043\n|start\n|switch|p1a: Glimmora|Glimmora, F|100\/100\n|switch|p2a: Mrs. Cooper|Hatterene, F, shiny|100\/100\n|turn|1\n|\n|t:|1700648054\n|move|p1a: Glimmora|Power Gem|p2a: Mrs. Cooper\n|-damage|p2a: Mrs. Cooper|57\/100\n|move|p2a: Mrs. Cooper|Trick Room|p2a: Mrs. Cooper\n|-fieldstart|move: Trick Room|[of] p2a: Mrs. Cooper\n|\n|upkeep\n|turn|2\n|\n|t:|1700648063\n|move|p2a: Mrs. Cooper|Tera Blast|p1a: Glimmora\n|-resisted|p1a: Glimmora\n|-damage|p1a: Glimmora|80\/100\n|move|p1a: Glimmora|Power Gem|p2a: Mrs. Cooper\n|-damage|p2a: Mrs. Cooper|17\/100\n|\n|upkeep\n|turn|3\n|\n|t:|1700648070\n|move|p2a: Mrs. Cooper|Psyshock|p1a: Glimmora\n|-supereffective|p1a: Glimmora\n|-crit|p1a: Glimmora\n|-damage|p1a: Glimmora|0 fnt\n|faint|p1a: Glimmora\n|\n|upkeep\n|\n|t:|1700648077\n|switch|p1a: Scizor|Scizor, F|100\/100\n|turn|4\n|\n|t:|1700648079\n|switch|p2a: Young Shelldon|Torkoal, F|100\/100\n|-weather|SunnyDay|[from] ability: Drought|[of] p2a: Young Shelldon\n|move|p1a: Scizor|Bullet Punch|p2a: Young Shelldon\n|-resisted|p2a: Young Shelldon\n|-crit|p2a: Young Shelldon\n|-damage|p2a: Young Shelldon|69\/100\n|\n|-weather|SunnyDay|[upkeep]\n|upkeep\n|turn|5\n|\n|t:|1700648093\n|switch|p1a: Moltres|Moltres|100\/100\n|-terastallize|p2a: Young Shelldon|Fire\n|move|p2a: Young Shelldon|Eruption|p1a: Moltres\n|-resisted|p1a: Moltres\n|-damage|p1a: Moltres|29\/100\n|\n|-weather|SunnyDay|[upkeep]\n|-fieldend|move: Trick Room\n|upkeep\n|turn|6\n|\n|t:|1700648111\n|switch|p2a: FamWenSheldonIsOn|Maushold, shiny|100\/100\n|move|p1a: Moltres|Flamethrower|p2a: FamWenSheldonIsOn\n|-damage|p2a: FamWenSheldonIsOn|21\/100\n|\n|-weather|SunnyDay|[upkeep]\n|upkeep\n|turn|7\n|\n|t:|1700648121\n|switch|p1a: Gholdengo|Gholdengo|100\/100\n|move|p2a: FamWenSheldonIsOn|Population Bomb|p1a: Gholdengo\n|-immune|p1a: Gholdengo\n|\n|-weather|SunnyDay|[upkeep]\n|upkeep\n|turn|8\n|j| dfghhhg\n|\n|t:|1700648132\n|switch|p2a: Georgie|Hoopa-Unbound|100\/100\n|move|p1a: Gholdengo|Thunderbolt|p2a: Georgie\n|-damage|p2a: Georgie|72\/100\n|\n|-weather|none\n|upkeep\n|turn|9\n|\n|t:|1700648144\n|switch|p1a: Moltres|Moltres|29\/100\n|move|p2a: Georgie|Trick Room|p2a: Georgie\n|-fieldstart|move: Trick Room|[of] p2a: Georgie\n|\n|upkeep\n|turn|10\n|\n|t:|1700648150\n|move|p2a: Georgie|Psychic|p1a: Moltres\n|-damage|p1a: Moltres|0 fnt\n|faint|p1a: Moltres\n|\n|upkeep\n|\n|t:|1700648156\n|switch|p1a: Scizor|Scizor, F|100\/100\n|turn|11\n|\n|t:|1700648163\n|switch|p2a: Mrs. Cooper|Hatterene, F, shiny|17\/100\n|-terastallize|p1a: Scizor|Steel\n|move|p1a: Scizor|Bullet Punch|p2a: Mrs. Cooper\n|-supereffective|p2a: Mrs. Cooper\n|-damage|p2a: Mrs. Cooper|0 fnt\n|faint|p2a: Mrs. Cooper\n|\n|upkeep\n|\n|t:|1700648166\n|switch|p2a: Young Shelldon|Torkoal, F, tera:Fire|69\/100\n|-weather|SunnyDay|[from] ability: Drought|[of] p2a: Young Shelldon\n|turn|12\n|\n|t:|1700648180\n|switch|p1a: Abomasnow|Abomasnow, M|100\/100\n|-weather|Snow|[from] ability: Snow Warning|[of] p1a: Abomasnow\n|move|p2a: Young Shelldon|Flamethrower|p1a: Abomasnow\n|-supereffective|p1a: Abomasnow\n|-damage|p1a: Abomasnow|0 fnt\n|faint|p1a: Abomasnow\n|\n|-weather|Snow|[upkeep]\n|upkeep\n|j| Ruinous Tusk\n|\n|t:|1700648196\n|switch|p1a: Maushold|Maushold|100\/100\n|turn|13\n|\n|t:|1700648202\n|move|p2a: Young Shelldon|Flamethrower|p1a: Maushold\n|-damage|p1a: Maushold|0 fnt\n|faint|p1a: Maushold\n|\n|-weather|Snow|[upkeep]\n|-fieldend|move: Trick Room\n|upkeep\n|\n|t:|1700648207\n|switch|p1a: Gholdengo|Gholdengo|100\/100\n|turn|14\n|\n|t:|1700648212\n|move|p1a: Gholdengo|Shadow Ball|p2a: Young Shelldon\n|-damage|p2a: Young Shelldon|11\/100\n|move|p2a: Young Shelldon|Flamethrower|p1a: Gholdengo\n|-supereffective|p1a: Gholdengo\n|-damage|p1a: Gholdengo|0 fnt\n|faint|p1a: Gholdengo\n|\n|-weather|Snow|[upkeep]\n|upkeep\n|\n|t:|1700648218\n|switch|p1a: Scizor|Scizor, F, tera:Steel|100\/100\n|turn|15\n|\n|t:|1700648219\n|move|p1a: Scizor|Bullet Punch|p2a: Young Shelldon\n|-resisted|p2a: Young Shelldon\n|-damage|p2a: Young Shelldon|0 fnt\n|faint|p2a: Young Shelldon\n|\n|-weather|Snow|[upkeep]\n|upkeep\n|\n|t:|1700648221\n|switch|p2a: Mr.Cooper|Iron Hands|100\/100\n|turn|16\n|\n|t:|1700648225\n|move|p1a: Scizor|Bullet Punch|p2a: Mr.Cooper\n|-resisted|p2a: Mr.Cooper\n|-damage|p2a: Mr.Cooper|78\/100\n|move|p2a: Mr.Cooper|Drain Punch|p1a: Scizor\n|-supereffective|p1a: Scizor\n|-damage|p1a: Scizor|5\/100\n|-heal|p2a: Mr.Cooper|100\/100|[from] drain|[of] p1a: Scizor\n|\n|-weather|none\n|upkeep\n|turn|17\n|-message|Magenta Maylene forfeited.\n|\n|win|Lardoh\n|raw|Magenta Maylene's rating: 1611 &rarr; <strong>1586<\/strong><br \/>(-25 for losing)\n|raw|Lardoh's rating: 1528 &rarr; <strong>1553<\/strong><br \/>(+25 for winning)\n|l|\u2606Magenta Maylene\n","uploadtime":1700648234,"views":0,"p1id":"magentamaylene","p2id":"lardoh","formatid":"gen9ou","rating":1553,"private":0,"password":""}