{"id":"gen9ou-1991377280","p1":"Welcometoearth420","p2":"gr0wth 1n s4nd","format":"[Gen 9] OU","log":"|j|\u2606Welcometoearth420\n|j|\u2606gr0wth 1n s4nd\n|t:|1700072053\n|gametype|singles\n|player|p1|Welcometoearth420|266|1524\n|player|p2|gr0wth 1n s4nd|1|1628\n|teamsize|p1|6\n|teamsize|p2|6\n|gen|9\n|tier|[Gen 9] OU\n|rated|\n|rule|Sleep Clause Mod: Limit one foe put to sleep\n|rule|Species Clause: Limit one of each Pok\u00e9mon\n|rule|OHKO Clause: OHKO moves are banned\n|rule|Evasion Items Clause: Evasion items are banned\n|rule|Evasion Moves Clause: Evasion moves are banned\n|rule|Endless Battle Clause: Forcing endless battles is banned\n|rule|HP Percentage Mod: HP is shown in percentages\n|clearpoke\n|poke|p1|Corviknight, F|\n|poke|p1|Dragapult, F|\n|poke|p1|Slowking-Galar, M|\n|poke|p1|Mandibuzz, F|\n|poke|p1|Iron Valiant|\n|poke|p1|Milotic, M|\n|poke|p2|Ninetales-Alola, M|\n|poke|p2|Manaphy|\n|poke|p2|Rillaboom, M|\n|poke|p2|Sneasler, M|\n|poke|p2|Zamazenta-*|\n|poke|p2|Samurott-Hisui, M|\n|teampreview\n|\n|t:|1700072065\n|start\n|switch|p1a: Dragapult|Dragapult, F|100\/100\n|switch|p2a: Samurott|Samurott-Hisui, M|100\/100\n|turn|1\n|\n|t:|1700072071\n|move|p1a: Dragapult|U-turn|p2a: Samurott\n|-supereffective|p2a: Samurott\n|-damage|p2a: Samurott|54\/100\n|\n|t:|1700072075\n|switch|p1a: Mandibuzz|Mandibuzz, F|100\/100|[from] U-turn\n|move|p2a: Samurott|Ceaseless Edge|p1a: Mandibuzz\n|-resisted|p1a: Mandibuzz\n|-damage|p1a: Mandibuzz|88\/100\n|-sidestart|p1: Welcometoearth420|Spikes\n|\n|upkeep\n|turn|2\n|\n|t:|1700072081\n|move|p2a: Samurott|Aqua Cutter|p1a: Mandibuzz\n|-damage|p1a: Mandibuzz|61\/100\n|move|p1a: Mandibuzz|U-turn|p2a: Samurott\n|-supereffective|p2a: Samurott\n|-damage|p2a: Samurott|27\/100\n|\n|t:|1700072085\n|switch|p1a: Corviknight|Corviknight, F|100\/100|[from] U-turn\n|\n|upkeep\n|turn|3\n|\n|t:|1700072088\n|move|p2a: Samurott|Aqua Cutter|p1a: Corviknight\n|-damage|p1a: Corviknight|71\/100\n|move|p1a: Corviknight|Body Press|p2a: Samurott\n|-supereffective|p2a: Samurott\n|-damage|p2a: Samurott|0 fnt\n|faint|p2a: Samurott\n|\n|upkeep\n|\n|t:|1700072093\n|switch|p2a: Ninetales|Ninetales-Alola, M|100\/100\n|-weather|Snow|[from] ability: Snow Warning|[of] p2a: Ninetales\n|turn|4\n|\n|t:|1700072097\n|move|p2a: Ninetales|Encore|p1a: Corviknight\n|-start|p1a: Corviknight|Encore\n|move|p1a: Corviknight|Body Press|p2a: Ninetales\n|-damage|p2a: Ninetales|79\/100\n|\n|-weather|Snow|[upkeep]\n|upkeep\n|turn|5\n|\n|t:|1700072102\n|switch|p1a: Milotic|Milotic, M|100\/100\n|move|p2a: Ninetales|Aurora Veil|p2a: Ninetales\n|-sidestart|p2: gr0wth 1n s4nd|move: Aurora Veil\n|\n|-weather|Snow|[upkeep]\n|upkeep\n|turn|6\n|\n|t:|1700072107\n|move|p2a: Ninetales|Freeze-Dry|p1a: Milotic\n|-supereffective|p1a: Milotic\n|-damage|p1a: Milotic|78\/100\n|-status|p1a: Milotic|frz\n|cant|p1a: Milotic|frz\n|\n|-weather|Snow|[upkeep]\n|upkeep\n|turn|7\n|\n|t:|1700072113\n|switch|p2a: Manaphy|Manaphy|100\/100\n|switch|p1a: Corviknight|Corviknight, F|71\/100\n|\n|-weather|Snow|[upkeep]\n|upkeep\n|turn|8\n|\n|t:|1700072116\n|move|p2a: Manaphy|Acid Armor|p2a: Manaphy\n|-boost|p2a: Manaphy|def|2\n|move|p1a: Corviknight|Defog|p2a: Manaphy\n|-unboost|p2a: Manaphy|evasion|1\n|-sideend|p2: gr0wth 1n s4nd|move: Aurora Veil\n|-sideend|p1: Welcometoearth420|Spikes|[from] move: Defog|[of] p1a: Corviknight\n|\n|-weather|none\n|upkeep\n|turn|9\n|\n|t:|1700072120\n|switch|p1a: Dragapult|Dragapult, F|100\/100\n|move|p2a: Manaphy|Take Heart|p2a: Manaphy\n|-boost|p2a: Manaphy|spa|1\n|-boost|p2a: Manaphy|spd|1\n|\n|upkeep\n|turn|10\n|\n|t:|1700072124\n|move|p1a: Dragapult|Draco Meteor|p2a: Manaphy\n|-crit|p2a: Manaphy\n|-damage|p2a: Manaphy|0 fnt\n|-unboost|p1a: Dragapult|spa|2\n|faint|p2a: Manaphy\n|\n|upkeep\n|\n|t:|1700072128\n|switch|p2a: Ninetales|Ninetales-Alola, M|79\/100\n|-weather|Snow|[from] ability: Snow Warning|[of] p2a: Ninetales\n|turn|11\n|\n|t:|1700072133\n|switch|p1a: Slowking|Slowking-Galar, M|100\/100\n|move|p2a: Ninetales|Aurora Veil|p2a: Ninetales\n|-sidestart|p2: gr0wth 1n s4nd|move: Aurora Veil\n|\n|-weather|Snow|[upkeep]\n|upkeep\n|turn|12\n|c|\u2606gr0wth 1n s4nd|....\n|\n|t:|1700072138\n|switch|p2a: Rillaboom|Rillaboom, M|100\/100\n|-fieldstart|move: Grassy Terrain|[from] ability: Grassy Surge|[of] p2a: Rillaboom\n|move|p1a: Slowking|Future Sight|p2a: Rillaboom\n|-start|p1a: Slowking|move: Future Sight\n|\n|-weather|Snow|[upkeep]\n|upkeep\n|turn|13\n|\n|t:|1700072146\n|move|p2a: Rillaboom|Knock Off|p1a: Slowking\n|-supereffective|p1a: Slowking\n|-damage|p1a: Slowking|34\/100\n|-enditem|p1a: Slowking|Assault Vest|[from] move: Knock Off|[of] p2a: Rillaboom\n|move|p1a: Slowking|Sludge Bomb|p2a: Rillaboom\n|-supereffective|p2a: Rillaboom\n|-damage|p2a: Rillaboom|54\/100\n|\n|-weather|Snow|[upkeep]\n|-heal|p2a: Rillaboom|60\/100|[from] Grassy Terrain\n|-heal|p1a: Slowking|40\/100|[from] Grassy Terrain\n|upkeep\n|turn|14\n|\n|t:|1700072153\n|switch|p1a: Corviknight|Corviknight, F|71\/100\n|move|p2a: Rillaboom|U-turn|p1a: Corviknight\n|-resisted|p1a: Corviknight\n|-damage|p1a: Corviknight|68\/100\n|-damage|p2a: Rillaboom|44\/100|[from] item: Rocky Helmet|[of] p1a: Corviknight\n|\n|t:|1700072155\n|switch|p2a: Ninetales|Ninetales-Alola, M|79\/100|[from] U-turn\n|\n|-weather|Snow|[upkeep]\n|-end|p2a: Ninetales|move: Future Sight\n|-damage|p2a: Ninetales|58\/100\n|-heal|p2a: Ninetales|64\/100|[from] Grassy Terrain\n|upkeep\n|turn|15\n|\n|t:|1700072161\n|switch|p2a: Sneasler|Sneasler, M|100\/100\n|-enditem|p2a: Sneasler|Grassy Seed\n|-boost|p2a: Sneasler|def|1|[from] item: Grassy Seed\n|move|p1a: Corviknight|Defog|p2a: Sneasler\n|-unboost|p2a: Sneasler|evasion|1\n|-sideend|p2: gr0wth 1n s4nd|move: Aurora Veil\n|-fieldend|move: Grassy Terrain\n|\n|-weather|none\n|upkeep\n|turn|16\n|\n|t:|1700072167\n|-terastallize|p2a: Sneasler|Dark\n|move|p2a: Sneasler|Swords Dance|p2a: Sneasler\n|-boost|p2a: Sneasler|atk|2\n|move|p1a: Corviknight|Brave Bird|p2a: Sneasler\n|-damage|p2a: Sneasler|66\/100\n|-damage|p1a: Corviknight|58\/100|[from] Recoil\n|\n|upkeep\n|turn|17\n|\n|t:|1700072218\n|move|p2a: Sneasler|Close Combat|p1a: Corviknight\n|-damage|p1a: Corviknight|0 fnt\n|-unboost|p2a: Sneasler|def|1\n|-unboost|p2a: Sneasler|spd|1\n|-damage|p2a: Sneasler|49\/100|[from] item: Rocky Helmet|[of] p1a: Corviknight\n|faint|p1a: Corviknight\n|\n|upkeep\n|\n|t:|1700072239\n|switch|p1a: Iron Valiant|Iron Valiant|100\/100\n|-enditem|p1a: Iron Valiant|Booster Energy\n|-activate|p1a: Iron Valiant|ability: Quark Drive|[fromitem]\n|-start|p1a: Iron Valiant|quarkdrivespe\n|turn|18\n|\n|t:|1700072251\n|-terastallize|p1a: Iron Valiant|Dark\n|move|p2a: Sneasler|Gunk Shot|p1a: Iron Valiant|[miss]\n|-miss|p2a: Sneasler|p1a: Iron Valiant\n|move|p1a: Iron Valiant|Close Combat|p2a: Sneasler\n|-supereffective|p2a: Sneasler\n|-damage|p2a: Sneasler|0 fnt\n|-unboost|p1a: Iron Valiant|def|1\n|-unboost|p1a: Iron Valiant|spd|1\n|faint|p2a: Sneasler\n|\n|upkeep\n|-message|gr0wth 1n s4nd forfeited.\n|\n|win|Welcometoearth420\n|raw|Welcometoearth420's rating: 1524 &rarr; <strong>1550<\/strong><br \/>(+26 for winning)\n|raw|gr0wth 1n s4nd's rating: 1628 &rarr; <strong>1602<\/strong><br \/>(-26 for losing)\n|l|\u2606gr0wth 1n s4nd\n","uploadtime":1700072261,"views":8,"p1id":"welcometoearth420","p2id":"gr0wth1ns4nd","formatid":"gen9ou","rating":1550,"private":0,"password":""}