{"id":"gen9ou-1993853560","p1":"qingche","p2":"ikunBlaziken\u706b\u7130\u9e21\u4fa0","format":"[Gen 9] OU","log":"|j|\u2606qingche\n|j|\u2606ikunBlaziken\u706b\u7130\u9e21\u4fa0\n|t:|1700365567\n|gametype|singles\n|player|p1|qingche|hilbert|\n|player|p2|ikunBlaziken\u706b\u7130\u9e21\u4fa0|picnicker|\n|teamsize|p1|6\n|teamsize|p2|6\n|gen|9\n|tier|[Gen 9] OU\n|rated|Tournament battle\n|rule|Sleep Clause Mod: Limit one foe put to sleep\n|rule|Species Clause: Limit one of each Pok\u00e9mon\n|rule|OHKO Clause: OHKO moves are banned\n|rule|Evasion Items Clause: Evasion items are banned\n|rule|Evasion Moves Clause: Evasion moves are banned\n|rule|Endless Battle Clause: Forcing endless battles is banned\n|rule|HP Percentage Mod: HP is shown in percentages\n|clearpoke\n|poke|p1|Rillaboom, M|\n|poke|p1|Sneasler, F|\n|poke|p1|Zamazenta-*|\n|poke|p1|Ogerpon-Wellspring, F|\n|poke|p1|Heatran, F|\n|poke|p1|Hatterene, F|\n|poke|p2|Tinkaton, F|\n|poke|p2|Dragapult, M|\n|poke|p2|Ting-Lu|\n|poke|p2|Dondozo, F|\n|poke|p2|Cinderace, F|\n|poke|p2|Zapdos|\n|teampreview\n|inactive|Battle timer is ON: inactive players will automatically lose when time's up. (requested by qingche)\n|\n|t:|1700365585\n|start\n|switch|p1a: Heatran|Heatran, F|100\/100\n|switch|p2a: Dragapult|Dragapult, M|100\/100\n|-item|p1a: Heatran|Air Balloon\n|turn|1\n|\n|t:|1700365599\n|move|p2a: Dragapult|Substitute|p2a: Dragapult\n|-start|p2a: Dragapult|Substitute\n|-damage|p2a: Dragapult|76\/100\n|move|p1a: Heatran|Magma Storm|p2a: Dragapult\n|-resisted|p2a: Dragapult\n|-end|p2a: Dragapult|Substitute\n|\n|-heal|p2a: Dragapult|82\/100|[from] item: Leftovers\n|upkeep\n|turn|2\n|\n|t:|1700365614\n|switch|p2a: Zapdos|Zapdos|100\/100\n|move|p1a: Heatran|Earth Power|p2a: Zapdos\n|-immune|p2a: Zapdos\n|\n|upkeep\n|turn|3\n|\n|t:|1700365619\n|move|p2a: Zapdos|Volt Switch|p1a: Heatran\n|-damage|p1a: Heatran|82\/100\n|-enditem|p1a: Heatran|Air Balloon\n|\n|t:|1700365621\n|switch|p2a: Ting-Lu|Ting-Lu|100\/100|[from] Volt Switch\n|-ability|p2a: Ting-Lu|Vessel of Ruin\n|move|p1a: Heatran|Magma Storm|p2a: Ting-Lu\n|-damage|p2a: Ting-Lu|78\/100\n|-activate|p2a: Ting-Lu|move: Magma Storm|[of] p1a: Heatran\n|\n|-heal|p2a: Ting-Lu|85\/100|[from] item: Leftovers\n|-damage|p2a: Ting-Lu|72\/100|[from] move: Magma Storm|[partiallytrapped]\n|upkeep\n|turn|4\n|j| THBD differents\n|\n|t:|1700365631\n|move|p1a: Heatran|Taunt|p2a: Ting-Lu\n|-start|p2a: Ting-Lu|move: Taunt\n|move|p2a: Ting-Lu|Earthquake|p1a: Heatran\n|-supereffective|p1a: Heatran\n|-damage|p1a: Heatran|0 fnt\n|faint|p1a: Heatran\n|\n|-heal|p2a: Ting-Lu|78\/100|[from] item: Leftovers\n|-end|p2a: Ting-Lu|Magma Storm|[partiallytrapped]|[silent]\n|upkeep\n|\n|t:|1700365636\n|switch|p1a: Rillaboom|Rillaboom, M|100\/100\n|-fieldstart|move: Grassy Terrain|[from] ability: Grassy Surge|[of] p1a: Rillaboom\n|turn|5\n|\n|t:|1700365648\n|switch|p2a: Zapdos|Zapdos|100\/100\n|move|p1a: Rillaboom|Wood Hammer|p2a: Zapdos\n|-resisted|p2a: Zapdos\n|-damage|p2a: Zapdos|56\/100\n|-damage|p1a: Rillaboom|85\/100|[from] Recoil\n|\n|-heal|p1a: Rillaboom|92\/100|[from] Grassy Terrain\n|upkeep\n|turn|6\n|\n|t:|1700365657\n|switch|p1a: Hatterene|Hatterene, F|100\/100\n|-enditem|p1a: Hatterene|Grassy Seed\n|-boost|p1a: Hatterene|def|1|[from] item: Grassy Seed\n|move|p2a: Zapdos|Roost|p2a: Zapdos\n|-heal|p2a: Zapdos|100\/100\n|-singleturn|p2a: Zapdos|move: Roost\n|\n|upkeep\n|turn|7\n|j|@taoke\n|c|\u2606ikunBlaziken\u706b\u7130\u9e21\u4fa0|\u9006\u5929\n|\n|t:|1700365667\n|move|p2a: Zapdos|Volt Switch|p1a: Hatterene\n|-damage|p1a: Hatterene|72\/100\n|\n|t:|1700365676\n|switch|p2a: Tinkaton|Tinkaton, F|100\/100|[from] Volt Switch\n|-ability|p2a: Tinkaton|Mold Breaker\n|move|p1a: Hatterene|Calm Mind|p1a: Hatterene\n|-boost|p1a: Hatterene|spa|1\n|-boost|p1a: Hatterene|spd|1\n|\n|-heal|p1a: Hatterene|78\/100|[from] Grassy Terrain\n|upkeep\n|turn|8\n|inactive|qingche has 120 seconds left.\n|\n|t:|1700365729\n|switch|p1a: Sneasler|Sneasler, F|100\/100\n|-enditem|p1a: Sneasler|Grassy Seed\n|-boost|p1a: Sneasler|def|1|[from] item: Grassy Seed\n|move|p2a: Tinkaton|Encore||[still]\n|-fail|p2a: Tinkaton\n|\n|upkeep\n|turn|9\n|\n|t:|1700365744\n|move|p1a: Sneasler|Acrobatics|p2a: Tinkaton\n|-resisted|p2a: Tinkaton\n|-damage|p2a: Tinkaton|73\/100\n|move|p2a: Tinkaton|Gigaton Hammer|p1a: Sneasler\n|-damage|p1a: Sneasler|51\/100\n|\n|-heal|p1a: Sneasler|57\/100|[from] Grassy Terrain\n|-heal|p2a: Tinkaton|79\/100|[from] Grassy Terrain\n|-heal|p2a: Tinkaton|85\/100|[from] item: Leftovers\n|-fieldend|move: Grassy Terrain\n|upkeep\n|turn|10\n|\n|t:|1700365759\n|move|p1a: Sneasler|Swords Dance|p1a: Sneasler\n|-boost|p1a: Sneasler|atk|2\n|move|p2a: Tinkaton|Encore|p1a: Sneasler\n|-start|p1a: Sneasler|Encore\n|\n|-heal|p2a: Tinkaton|92\/100|[from] item: Leftovers\n|upkeep\n|turn|11\n|c|\u2606qingche|\u8981\u5bc4\n|\n|t:|1700365779\n|switch|p1a: Rillaboom|Rillaboom, M|92\/100\n|-fieldstart|move: Grassy Terrain|[from] ability: Grassy Surge|[of] p1a: Rillaboom\n|move|p2a: Tinkaton|Gigaton Hammer|p1a: Rillaboom\n|-damage|p1a: Rillaboom|45\/100\n|\n|-heal|p2a: Tinkaton|98\/100|[from] Grassy Terrain\n|-heal|p2a: Tinkaton|100\/100|[from] item: Leftovers\n|-heal|p1a: Rillaboom|51\/100|[from] Grassy Terrain\n|upkeep\n|turn|12\n|\n|t:|1700365788\n|move|p2a: Tinkaton|Knock Off|p1a: Rillaboom\n|-damage|p1a: Rillaboom|32\/100\n|-enditem|p1a: Rillaboom|Choice Band|[from] move: Knock Off|[of] p2a: Tinkaton\n|move|p1a: Rillaboom|Knock Off|p2a: Tinkaton\n|-resisted|p2a: Tinkaton\n|-crit|p2a: Tinkaton\n|-damage|p2a: Tinkaton|67\/100\n|-enditem|p2a: Tinkaton|Leftovers|[from] move: Knock Off|[of] p1a: Rillaboom\n|\n|-heal|p2a: Tinkaton|73\/100|[from] Grassy Terrain\n|-heal|p1a: Rillaboom|38\/100|[from] Grassy Terrain\n|upkeep\n|turn|13\n|j| fruarua\n|l| fruarua\n|\n|t:|1700365799\n|switch|p1a: Sneasler|Sneasler, F|57\/100\n|move|p2a: Tinkaton|Stealth Rock|p1a: Sneasler\n|-sidestart|p1: qingche|move: Stealth Rock\n|\n|-heal|p2a: Tinkaton|79\/100|[from] Grassy Terrain\n|-heal|p1a: Sneasler|63\/100|[from] Grassy Terrain\n|upkeep\n|turn|14\n|\n|t:|1700365804\n|move|p2a: Tinkaton|Gigaton Hammer|p1a: Sneasler\n|-damage|p1a: Sneasler|0 fnt\n|faint|p1a: Sneasler\n|\n|-heal|p2a: Tinkaton|85\/100|[from] Grassy Terrain\n|upkeep\n|c|\u2606ikunBlaziken\u706b\u7130\u9e21\u4fa0|??\n|\n|t:|1700365808\n|switch|p1a: Ogerpon|Ogerpon-Wellspring, F|100\/100\n|-damage|p1a: Ogerpon|88\/100|[from] Stealth Rock\n|turn|15\n|c|\u2606ikunBlaziken\u706b\u7130\u9e21\u4fa0|\u8fd9\u4e48\u6162\u7684\n|inactive|qingche has 120 seconds left.\n|\n|t:|1700365823\n|move|p1a: Ogerpon|Encore|p2a: Tinkaton\n|-start|p2a: Tinkaton|Encore\n|move|p2a: Tinkaton|Gigaton Hammer|p1a: Ogerpon\n|-resisted|p1a: Ogerpon\n|-damage|p1a: Ogerpon|57\/100\n|-hint|Some effects can force a Pokemon to use Gigaton Hammer again in a row.\n|\n|-heal|p1a: Ogerpon|63\/100|[from] Grassy Terrain\n|-heal|p2a: Tinkaton|92\/100|[from] Grassy Terrain\n|-fieldend|move: Grassy Terrain\n|upkeep\n|turn|16\n|\n|t:|1700365829\n|switch|p2a: Dondozo|Dondozo, F|100\/100\n|move|p1a: Ogerpon|Swords Dance|p1a: Ogerpon\n|-boost|p1a: Ogerpon|atk|2\n|\n|upkeep\n|turn|17\n|\n|t:|1700365837\n|-terastallize|p2a: Dondozo|Dragon\n|move|p1a: Ogerpon|Horn Leech|p2a: Dondozo\n|-resisted|p2a: Dondozo\n|-damage|p2a: Dondozo|89\/100\n|-heal|p1a: Ogerpon|73\/100|[from] drain|[of] p2a: Dondozo\n|move|p2a: Dondozo|Body Press|p1a: Ogerpon\n|-damage|p1a: Ogerpon|41\/100\n|\n|upkeep\n|turn|18\n|j|^xiaoheizi114514\n|l|^xiaoheizi114514\n|\n|t:|1700365845\n|switch|p1a: Hatterene|Hatterene, F|78\/100\n|-damage|p1a: Hatterene|66\/100|[from] Stealth Rock\n|move|p2a: Dondozo|Body Press|p1a: Hatterene\n|-resisted|p1a: Hatterene\n|-damage|p1a: Hatterene|61\/100\n|\n|upkeep\n|turn|19\n|\n|t:|1700365854\n|switch|p2a: Tinkaton|Tinkaton, F|92\/100\n|-ability|p2a: Tinkaton|Mold Breaker\n|move|p1a: Hatterene|Draining Kiss|p2a: Tinkaton\n|-resisted|p2a: Tinkaton\n|-damage|p2a: Tinkaton|81\/100\n|-heal|p1a: Hatterene|69\/100|[from] drain|[of] p2a: Tinkaton\n|\n|upkeep\n|turn|20\n|\n|t:|1700365868\n|switch|p1a: Rillaboom|Rillaboom, M|38\/100\n|-damage|p1a: Rillaboom|26\/100|[from] Stealth Rock\n|-fieldstart|move: Grassy Terrain|[from] ability: Grassy Surge|[of] p1a: Rillaboom\n|move|p2a: Tinkaton|Gigaton Hammer|p1a: Rillaboom\n|-damage|p1a: Rillaboom|0 fnt\n|faint|p1a: Rillaboom\n|\n|-heal|p2a: Tinkaton|87\/100|[from] Grassy Terrain\n|upkeep\n|\n|t:|1700365871\n|switch|p1a: Zamazenta|Zamazenta|100\/100\n|-damage|p1a: Zamazenta|94\/100|[from] Stealth Rock\n|-ability|p1a: Zamazenta|Dauntless Shield|boost\n|-boost|p1a: Zamazenta|def|1\n|turn|21\n|\n|t:|1700365878\n|move|p1a: Zamazenta|Body Press|p2a: Tinkaton\n|-damage|p2a: Tinkaton|10\/100\n|move|p2a: Tinkaton|Encore|p1a: Zamazenta\n|-start|p1a: Zamazenta|Encore\n|\n|-heal|p1a: Zamazenta|100\/100|[from] Grassy Terrain\n|-heal|p2a: Tinkaton|16\/100|[from] Grassy Terrain\n|upkeep\n|turn|22\n|\n|t:|1700365882\n|switch|p2a: Dragapult|Dragapult, M|82\/100\n|move|p1a: Zamazenta|Body Press|p2a: Dragapult\n|-immune|p2a: Dragapult\n|\n|-heal|p2a: Dragapult|88\/100|[from] Grassy Terrain\n|-heal|p2a: Dragapult|94\/100|[from] item: Leftovers\n|upkeep\n|turn|23\n|\n|t:|1700365888\n|switch|p1a: Hatterene|Hatterene, F|69\/100\n|-damage|p1a: Hatterene|57\/100|[from] Stealth Rock\n|move|p2a: Dragapult|Hex|p1a: Hatterene\n|-supereffective|p1a: Hatterene\n|-damage|p1a: Hatterene|0 fnt\n|faint|p1a: Hatterene\n|\n|-heal|p2a: Dragapult|99\/100|[from] Grassy Terrain\n|-heal|p2a: Dragapult|100\/100|[from] item: Leftovers\n|upkeep\n|j| playingDeF\n|l|@taoke\n|\n|t:|1700365892\n|switch|p1a: Zamazenta|Zamazenta|100\/100\n|-damage|p1a: Zamazenta|94\/100|[from] Stealth Rock\n|turn|24\n|\n|t:|1700365897\n|move|p2a: Dragapult|Will-O-Wisp|p1a: Zamazenta\n|-status|p1a: Zamazenta|brn\n|move|p1a: Zamazenta|Crunch|p2a: Dragapult\n|-supereffective|p2a: Dragapult\n|-damage|p2a: Dragapult|72\/100\n|\n|-heal|p2a: Dragapult|78\/100|[from] Grassy Terrain\n|-heal|p2a: Dragapult|84\/100|[from] item: Leftovers\n|-heal|p1a: Zamazenta|100\/100 brn|[from] Grassy Terrain\n|-damage|p1a: Zamazenta|94\/100 brn|[from] brn\n|-fieldend|move: Grassy Terrain\n|upkeep\n|turn|25\n|\n|t:|1700365899\n|move|p2a: Dragapult|Hex|p1a: Zamazenta\n|-damage|p1a: Zamazenta|42\/100 brn\n|move|p1a: Zamazenta|Crunch|p2a: Dragapult\n|-supereffective|p2a: Dragapult\n|-damage|p2a: Dragapult|53\/100\n|\n|-heal|p2a: Dragapult|59\/100|[from] item: Leftovers\n|-heal|p1a: Zamazenta|48\/100 brn|[from] item: Leftovers\n|-damage|p1a: Zamazenta|42\/100 brn|[from] brn\n|upkeep\n|turn|26\n|\n|t:|1700365901\n|move|p2a: Dragapult|Hex|p1a: Zamazenta\n|-damage|p1a: Zamazenta|0 fnt\n|faint|p1a: Zamazenta\n|\n|-heal|p2a: Dragapult|65\/100|[from] item: Leftovers\n|upkeep\n|c|\u2606ikunBlaziken\u706b\u7130\u9e21\u4fa0|gg\n|-message|qingche forfeited.\n|\n|win|ikunBlaziken\u706b\u7130\u9e21\u4fa0\n|n|\u2606qingche|qingche\n|n|\u2606ikunBlaziken\u706b\u7130\u9e21\u4fa0|ikunblaziken\n|n| THBD differents|thbddifferents\n|n| playingDeF|playingdef\n","uploadtime":1700365906,"views":12,"p1id":"qingche","p2id":"ikunblaziken","formatid":"gen9ou","rating":0,"private":0,"password":""}