{"id":"gen9ou-1994477522","p1":"Sick Fiesta","p2":"Yankiken","format":"[Gen 9] OU","log":"|j|\u2606Sick Fiesta\n|j|\u2606Yankiken\n|t:|1700448490\n|gametype|singles\n|player|p1|Sick Fiesta|psychic|1763\n|player|p2|Yankiken|lady-gen4|1825\n|teamsize|p1|6\n|teamsize|p2|6\n|gen|9\n|tier|[Gen 9] OU\n|rated|\n|rule|Sleep Clause Mod: Limit one foe put to sleep\n|rule|Species Clause: Limit one of each Pok\u00e9mon\n|rule|OHKO Clause: OHKO moves are banned\n|rule|Evasion Items Clause: Evasion items are banned\n|rule|Evasion Moves Clause: Evasion moves are banned\n|rule|Endless Battle Clause: Forcing endless battles is banned\n|rule|HP Percentage Mod: HP is shown in percentages\n|clearpoke\n|poke|p1|Meowscarada, M|\n|poke|p1|Iron Treads|\n|poke|p1|Zapdos|\n|poke|p1|Dragapult, F|\n|poke|p1|Garganacl, M|\n|poke|p1|Iron Valiant|\n|poke|p2|Amoonguss, M|\n|poke|p2|Gholdengo|\n|poke|p2|Zamazenta-*|\n|poke|p2|Ting-Lu|\n|poke|p2|Zapdos|\n|poke|p2|Slowking, F|\n|teampreview\n|inactive|Battle timer is ON: inactive players will automatically lose when time's up. (requested by Sick Fiesta)\n|\n|t:|1700448509\n|start\n|switch|p1a: Meowscarada|Meowscarada, M|100\/100\n|switch|p2a: Amoonguss|Amoonguss, M|100\/100\n|turn|1\n|\n|t:|1700448518\n|move|p1a: Meowscarada|U-turn|p2a: Amoonguss\n|-start|p1a: Meowscarada|typechange|Bug|[from] ability: Protean\n|-damage|p2a: Amoonguss|75\/100\n|\n|t:|1700448522\n|switch|p1a: Garganacl|Garganacl, M|100\/100|[from] U-turn\n|move|p2a: Amoonguss|Giga Drain|p1a: Garganacl\n|-supereffective|p1a: Garganacl\n|-damage|p1a: Garganacl|69\/100\n|-heal|p2a: Amoonguss|90\/100|[from] drain|[of] p1a: Garganacl\n|\n|-heal|p1a: Garganacl|75\/100|[from] item: Leftovers\n|upkeep\n|turn|2\n|j| Arishima Alice\n|\n|t:|1700448537\n|move|p1a: Garganacl|Iron Defense|p1a: Garganacl\n|-boost|p1a: Garganacl|def|2\n|move|p2a: Amoonguss|Giga Drain|p1a: Garganacl\n|-supereffective|p1a: Garganacl\n|-damage|p1a: Garganacl|47\/100\n|-heal|p2a: Amoonguss|100\/100|[from] drain|[of] p1a: Garganacl\n|\n|-heal|p1a: Garganacl|53\/100|[from] item: Leftovers\n|upkeep\n|turn|3\n|\n|t:|1700448542\n|move|p1a: Garganacl|Recover|p1a: Garganacl\n|-heal|p1a: Garganacl|100\/100\n|move|p2a: Amoonguss|Giga Drain|p1a: Garganacl\n|-supereffective|p1a: Garganacl\n|-damage|p1a: Garganacl|73\/100\n|\n|-heal|p1a: Garganacl|79\/100|[from] item: Leftovers\n|upkeep\n|turn|4\n|\n|t:|1700448547\n|switch|p2a: Slowking|Slowking, F|100\/100\n|move|p1a: Garganacl|Salt Cure|p2a: Slowking\n|-damage|p2a: Slowking|84\/100\n|-start|p2a: Slowking|Salt Cure\n|\n|-heal|p1a: Garganacl|86\/100|[from] item: Leftovers\n|-damage|p2a: Slowking|60\/100|[from] Salt Cure\n|upkeep\n|turn|5\n|\n|t:|1700448562\n|move|p1a: Garganacl|Salt Cure|p2a: Slowking\n|-damage|p2a: Slowking|46\/100\n|move|p2a: Slowking|Chilly Reception|p2a: Slowking\n|-weather|Snow\n|\n|t:|1700448564\n|switch|p2a: Gholdengo|Gholdengo|100\/100|[from] Chilly Reception\n|\n|-weather|Snow|[upkeep]\n|-heal|p1a: Garganacl|92\/100|[from] item: Leftovers\n|upkeep\n|turn|6\n|\n|t:|1700448581\n|move|p2a: Gholdengo|Trick|p1a: Garganacl\n|-activate|p2a: Gholdengo|move: Trick|[of] p1a: Garganacl\n|-item|p1a: Garganacl|Choice Specs|[from] move: Trick\n|-item|p2a: Gholdengo|Leftovers|[from] move: Trick\n|move|p1a: Garganacl|Salt Cure|p2a: Gholdengo\n|-resisted|p2a: Gholdengo\n|-damage|p2a: Gholdengo|93\/100\n|-start|p2a: Gholdengo|Salt Cure\n|\n|-weather|Snow|[upkeep]\n|-heal|p2a: Gholdengo|99\/100|[from] item: Leftovers\n|-damage|p2a: Gholdengo|74\/100|[from] Salt Cure\n|upkeep\n|turn|7\n|\n|t:|1700448601\n|switch|p1a: Iron Treads|Iron Treads|100\/100\n|-enditem|p1a: Iron Treads|Booster Energy\n|-activate|p1a: Iron Treads|ability: Quark Drive|[fromitem]\n|-start|p1a: Iron Treads|quarkdrivespe\n|move|p2a: Gholdengo|Make It Rain|p1a: Iron Treads\n|-resisted|p1a: Iron Treads\n|-damage|p1a: Iron Treads|55\/100\n|-unboost|p2a: Gholdengo|spa|1\n|\n|-weather|Snow|[upkeep]\n|-heal|p2a: Gholdengo|80\/100|[from] item: Leftovers\n|-damage|p2a: Gholdengo|56\/100|[from] Salt Cure\n|upkeep\n|turn|8\n|j| juancalcetin\n|\n|t:|1700448613\n|switch|p2a: Ting-Lu|Ting-Lu|100\/100\n|-ability|p2a: Ting-Lu|Vessel of Ruin\n|move|p1a: Iron Treads|Stealth Rock|p2a: Ting-Lu\n|-sidestart|p2: Yankiken|move: Stealth Rock\n|\n|-weather|Snow|[upkeep]\n|upkeep\n|turn|9\n|\n|t:|1700448624\n|-end|p1a: Iron Treads|Quark Drive|[silent]\n|switch|p1a: Meowscarada|Meowscarada, M|100\/100\n|move|p2a: Ting-Lu|Stealth Rock|p1a: Meowscarada\n|-sidestart|p1: Sick Fiesta|move: Stealth Rock\n|\n|-weather|none\n|upkeep\n|turn|10\n|j| yarcii\n|\n|t:|1700448640\n|move|p1a: Meowscarada|U-turn|p2a: Ting-Lu\n|-start|p1a: Meowscarada|typechange|Bug|[from] ability: Protean\n|-supereffective|p2a: Ting-Lu\n|-damage|p2a: Ting-Lu|66\/100\n|j| DR NEFARIO MD\n|\n|t:|1700448648\n|switch|p1a: Iron Treads|Iron Treads|55\/100|[from] U-turn\n|-damage|p1a: Iron Treads|52\/100|[from] Stealth Rock\n|move|p2a: Ting-Lu|Ruination|p1a: Iron Treads\n|-damage|p1a: Iron Treads|26\/100\n|\n|upkeep\n|turn|11\n|\n|t:|1700448655\n|move|p1a: Iron Treads|Rapid Spin|p2a: Ting-Lu\n|-damage|p2a: Ting-Lu|60\/100\n|-boost|p1a: Iron Treads|spe|1\n|-sideend|p1: Sick Fiesta|Stealth Rock|[from] move: Rapid Spin|[of] p1a: Iron Treads\n|move|p2a: Ting-Lu|Earthquake|p1a: Iron Treads\n|-supereffective|p1a: Iron Treads\n|-damage|p1a: Iron Treads|0 fnt\n|faint|p1a: Iron Treads\n|-end|p1a: Iron Treads|Quark Drive|[silent]\n|\n|upkeep\n|inactive|Sick Fiesta has 120 seconds left.\n|\n|t:|1700448680\n|switch|p1a: Iron Valiant|Iron Valiant|100\/100\n|-enditem|p1a: Iron Valiant|Booster Energy\n|-activate|p1a: Iron Valiant|ability: Quark Drive|[fromitem]\n|-start|p1a: Iron Valiant|quarkdrivespa\n|turn|12\n|inactive|Sick Fiesta has 120 seconds left.\n|j| all hips no lies\n|\n|t:|1700448689\n|move|p1a: Iron Valiant|Calm Mind|p1a: Iron Valiant\n|-boost|p1a: Iron Valiant|spa|1\n|-boost|p1a: Iron Valiant|spd|1\n|move|p2a: Ting-Lu|Stealth Rock|p1a: Iron Valiant\n|-sidestart|p1: Sick Fiesta|move: Stealth Rock\n|\n|upkeep\n|turn|13\n|\n|t:|1700448702\n|move|p1a: Iron Valiant|Moonblast|p2a: Ting-Lu\n|-supereffective|p2a: Ting-Lu\n|-damage|p2a: Ting-Lu|0 fnt\n|faint|p2a: Ting-Lu\n|\n|upkeep\n|\n|t:|1700448711\n|switch|p2a: Slowking|Slowking, F|79\/100\n|turn|14\n|\n|t:|1700448723\n|move|p1a: Iron Valiant|Moonblast|p2a: Slowking\n|-damage|p2a: Slowking|19\/100\n|move|p2a: Slowking|Scald|p1a: Iron Valiant\n|-damage|p1a: Iron Valiant|66\/100\n|\n|upkeep\n|turn|15\n|\n|t:|1700448729\n|move|p1a: Iron Valiant|Moonblast|p2a: Slowking\n|-damage|p2a: Slowking|0 fnt\n|faint|p2a: Slowking\n|\n|upkeep\n|\n|t:|1700448735\n|switch|p2a: Zamazenta|Zamazenta|100\/100\n|-ability|p2a: Zamazenta|Dauntless Shield|boost\n|-boost|p2a: Zamazenta|def|1\n|turn|16\n|\n|t:|1700448740\n|-terastallize|p2a: Zamazenta|Steel\n|-terastallize|p1a: Iron Valiant|Steel\n|move|p2a: Zamazenta|Heavy Slam|p1a: Iron Valiant\n|-resisted|p1a: Iron Valiant\n|-damage|p1a: Iron Valiant|26\/100\n|move|p1a: Iron Valiant|Moonblast|p2a: Zamazenta\n|-resisted|p2a: Zamazenta\n|-damage|p2a: Zamazenta|60\/100\n|\n|upkeep\n|turn|17\n|\n|t:|1700448750\n|move|p1a: Iron Valiant|Vacuum Wave|p2a: Zamazenta\n|-supereffective|p2a: Zamazenta\n|-damage|p2a: Zamazenta|0 fnt\n|faint|p2a: Zamazenta\n|\n|upkeep\n|\n|t:|1700448756\n|switch|p2a: Zapdos|Zapdos|100\/100\n|turn|18\n|\n|t:|1700448759\n|move|p1a: Iron Valiant|Moonblast|p2a: Zapdos\n|-damage|p2a: Zapdos|0 fnt\n|faint|p2a: Zapdos\n|\n|upkeep\n|l| all hips no lies\n|-message|Yankiken forfeited.\n|\n|win|Sick Fiesta\n|raw|Sick Fiesta's rating: 1763 &rarr; <strong>1787<\/strong><br \/>(+24 for winning)\n|raw|Yankiken's rating: 1825 &rarr; <strong>1801<\/strong><br \/>(-24 for losing)\n|l|\u2606Yankiken\n|l| Arishima Alice\n","uploadtime":1700448788,"views":10,"p1id":"sickfiesta","p2id":"yankiken","formatid":"gen9ou","rating":1787,"private":0,"password":""}