{"id":"gen9ou-1988620446","p1":"gcy9","p2":"BrightFireRed","format":"[Gen 9] OU","log":"|j|\u2606gcy9\n|j|\u2606BrightFireRed\n|t:|1699742814\n|gametype|singles\n|player|p1|gcy9|265|1382\n|player|p2|BrightFireRed|workerice|1292\n|teamsize|p1|6\n|teamsize|p2|6\n|gen|9\n|tier|[Gen 9] OU\n|rated|\n|rule|Sleep Clause Mod: Limit one foe put to sleep\n|rule|Species Clause: Limit one of each Pok\u00e9mon\n|rule|OHKO Clause: OHKO moves are banned\n|rule|Evasion Items Clause: Evasion items are banned\n|rule|Evasion Moves Clause: Evasion moves are banned\n|rule|Endless Battle Clause: Forcing endless battles is banned\n|rule|HP Percentage Mod: HP is shown in percentages\n|clearpoke\n|poke|p1|Mandibuzz, F|\n|poke|p1|Jirachi|\n|poke|p1|Garchomp, M|\n|poke|p1|Slowking-Galar, F|\n|poke|p1|Ogerpon, F|\n|poke|p1|Tauros-Paldea-Aqua, M|\n|poke|p2|Lilligant-Hisui, F|\n|poke|p2|Cinderace, F|\n|poke|p2|Manaphy|\n|poke|p2|Enamorus-Therian, F|\n|poke|p2|Gholdengo|\n|poke|p2|Ting-Lu|\n|teampreview\n|\n|t:|1699742859\n|start\n|switch|p1a: Tauros|Tauros-Paldea-Aqua, M|100\/100\n|switch|p2a: Cinderace|Cinderace, F|100\/100\n|-ability|p1a: Tauros|Intimidate|boost\n|-unboost|p2a: Cinderace|atk|1\n|turn|1\n|\n|t:|1699742879\n|move|p2a: Cinderace|U-turn|p1a: Tauros\n|-start|p2a: Cinderace|typechange|Bug|[from] ability: Libero\n|-resisted|p1a: Tauros\n|-damage|p1a: Tauros|93\/100\n|\n|t:|1699742882\n|switch|p2a: Manaphy|Manaphy, shiny|100\/100|[from] U-turn\n|move|p1a: Tauros|Body Press|p2a: Manaphy\n|-damage|p2a: Manaphy|67\/100\n|\n|-heal|p1a: Tauros|99\/100|[from] item: Leftovers\n|upkeep\n|turn|2\n|inactive|Battle timer is ON: inactive players will automatically lose when time's up. (requested by gcy9)\n|\n|t:|1699742928\n|switch|p2a: Cinderace|Cinderace, F|100\/100\n|switch|p1a: Ogerpon|Ogerpon, F|100\/100\n|\n|upkeep\n|turn|3\n|\n|t:|1699742941\n|switch|p1a: Tauros|Tauros-Paldea-Aqua, M|99\/100\n|-ability|p1a: Tauros|Intimidate|boost\n|-unboost|p2a: Cinderace|atk|1\n|move|p2a: Cinderace|Pyro Ball|p1a: Tauros\n|-resisted|p1a: Tauros\n|-damage|p1a: Tauros|87\/100\n|\n|-heal|p1a: Tauros|93\/100|[from] item: Leftovers\n|upkeep\n|turn|4\n|\n|t:|1699742950\n|move|p2a: Cinderace|U-turn|p1a: Tauros\n|-start|p2a: Cinderace|typechange|Bug|[from] ability: Libero\n|-resisted|p1a: Tauros\n|-damage|p1a: Tauros|85\/100\n|\n|t:|1699742957\n|switch|p2a: Manaphy|Manaphy, shiny|67\/100|[from] U-turn\n|move|p1a: Tauros|Raging Bull|p2a: Manaphy\n|-resisted|p2a: Manaphy\n|-damage|p2a: Manaphy|54\/100\n|\n|-heal|p1a: Tauros|91\/100|[from] item: Leftovers\n|upkeep\n|turn|5\n|\n|t:|1699742966\n|switch|p1a: Ogerpon|Ogerpon, F|100\/100\n|move|p2a: Manaphy|Energy Ball|p1a: Ogerpon\n|-resisted|p1a: Ogerpon\n|-damage|p1a: Ogerpon|84\/100\n|\n|upkeep\n|turn|6\n|\n|t:|1699742992\n|switch|p2a: Cinderace|Cinderace, F|100\/100\n|move|p1a: Ogerpon|Knock Off|p2a: Cinderace\n|-damage|p2a: Cinderace|53\/100\n|-enditem|p2a: Cinderace|Heavy-Duty Boots|[from] move: Knock Off|[of] p1a: Ogerpon\n|\n|upkeep\n|turn|7\n|\n|t:|1699742999\n|switch|p1a: Tauros|Tauros-Paldea-Aqua, M|91\/100\n|-ability|p1a: Tauros|Intimidate|boost\n|-unboost|p2a: Cinderace|atk|1\n|move|p2a: Cinderace|U-turn|p1a: Tauros\n|-start|p2a: Cinderace|typechange|Bug|[from] ability: Libero\n|-resisted|p1a: Tauros\n|-damage|p1a: Tauros|84\/100\n|\n|t:|1699743003\n|switch|p2a: Lilligant|Lilligant-Hisui, F|100\/100|[from] U-turn\n|\n|-heal|p1a: Tauros|90\/100|[from] item: Leftovers\n|upkeep\n|turn|8\n|\n|t:|1699743020\n|switch|p1a: Slowking|Slowking-Galar, F|100\/100\n|move|p2a: Lilligant|Victory Dance|p2a: Lilligant\n|-boost|p2a: Lilligant|atk|1\n|-boost|p2a: Lilligant|def|1\n|-boost|p2a: Lilligant|spe|1\n|\n|upkeep\n|turn|9\n|\n|t:|1699743038\n|-terastallize|p2a: Lilligant|Fire\n|move|p2a: Lilligant|Victory Dance|p2a: Lilligant\n|-boost|p2a: Lilligant|atk|1\n|-boost|p2a: Lilligant|def|1\n|-boost|p2a: Lilligant|spe|1\n|move|p1a: Slowking|Future Sight|p2a: Lilligant\n|-start|p1a: Slowking|move: Future Sight\n|\n|upkeep\n|turn|10\n|\n|t:|1699743050\n|move|p2a: Lilligant|Tera Blast|p1a: Slowking|[anim] Tera Blast Fire\n|-damage|p1a: Slowking|15\/100\n|move|p1a: Slowking|Trick|p2a: Lilligant\n|-activate|p1a: Slowking|move: Trick|[of] p2a: Lilligant\n|-item|p2a: Lilligant|Black Sludge|[from] move: Trick\n|-item|p1a: Slowking|Wide Lens|[from] move: Trick\n|\n|-damage|p2a: Lilligant|88\/100|[from] item: Black Sludge\n|upkeep\n|turn|11\n|\n|t:|1699743060\n|switch|p1a: Garchomp|Garchomp, M|100\/100\n|move|p2a: Lilligant|Tera Blast|p1a: Garchomp|[anim] Tera Blast Fire|[miss]\n|-miss|p2a: Lilligant|p1a: Garchomp\n|\n|-end|p2a: Lilligant|move: Future Sight\n|-crit|p2a: Lilligant\n|-damage|p2a: Lilligant|0 fnt\n|faint|p2a: Lilligant\n|upkeep\n|\n|t:|1699743070\n|switch|p2a: Enamorus|Enamorus-Therian, F|100\/100\n|turn|12\n|\n|t:|1699743075\n|switch|p1a: Slowking|Slowking-Galar, F|48\/100\n|move|p2a: Enamorus|Substitute|p2a: Enamorus\n|-start|p2a: Enamorus|Substitute\n|-damage|p2a: Enamorus|76\/100\n|\n|-heal|p2a: Enamorus|82\/100|[from] item: Leftovers\n|upkeep\n|turn|13\n|\n|t:|1699743084\n|switch|p1a: Mandibuzz|Mandibuzz, F|100\/100\n|move|p2a: Enamorus|Earth Power|p1a: Mandibuzz\n|-immune|p1a: Mandibuzz\n|\n|-heal|p2a: Enamorus|88\/100|[from] item: Leftovers\n|upkeep\n|turn|14\n|\n|t:|1699743101\n|switch|p1a: Slowking|Slowking-Galar, F|81\/100\n|move|p2a: Enamorus|Calm Mind|p2a: Enamorus\n|-boost|p2a: Enamorus|spa|1\n|-boost|p2a: Enamorus|spd|1\n|\n|-heal|p2a: Enamorus|94\/100|[from] item: Leftovers\n|upkeep\n|turn|15\n|\n|t:|1699743107\n|move|p2a: Enamorus|Earth Power|p1a: Slowking\n|-supereffective|p1a: Slowking\n|-damage|p1a: Slowking|6\/100\n|move|p1a: Slowking|Future Sight|p2a: Enamorus\n|-start|p1a: Slowking|move: Future Sight\n|\n|-heal|p2a: Enamorus|99\/100|[from] item: Leftovers\n|upkeep\n|turn|16\n|\n|t:|1699743131\n|move|p2a: Enamorus|Draining Kiss|p1a: Slowking\n|-resisted|p1a: Slowking\n|-damage|p1a: Slowking|0 fnt\n|-heal|p2a: Enamorus|100\/100|[from] drain|[of] p1a: Slowking\n|faint|p1a: Slowking\n|\n|upkeep\n|inactive|gcy9 has 120 seconds left.\n|\n|t:|1699743149\n|switch|p1a: Mandibuzz|Mandibuzz, F|100\/100\n|turn|17\n|\n|t:|1699743152\n|move|p2a: Enamorus|Draining Kiss|p1a: Mandibuzz\n|-supereffective|p1a: Mandibuzz\n|-damage|p1a: Mandibuzz|34\/100\n|move|p1a: Mandibuzz|Whirlwind|p2a: Enamorus\n|drag|p2a: Manaphy|Manaphy, shiny|54\/100\n|\n|-end|p2a: Manaphy|move: Future Sight\n|-damage|p2a: Manaphy|17\/100\n|upkeep\n|turn|18\n|\n|t:|1699743162\n|move|p2a: Manaphy|Rest|p2a: Manaphy\n|-status|p2a: Manaphy|slp|[from] move: Rest\n|-enditem|p2a: Manaphy|Lum Berry|[eat]\n|-curestatus|p2a: Manaphy|slp|[msg]\n|-heal|p2a: Manaphy|100\/100|[silent]\n|move|p1a: Mandibuzz|Roost|p1a: Mandibuzz\n|-heal|p1a: Mandibuzz|84\/100\n|-singleturn|p1a: Mandibuzz|move: Roost\n|\n|upkeep\n|turn|19\n|\n|t:|1699743170\n|switch|p1a: Ogerpon|Ogerpon, F|84\/100\n|move|p2a: Manaphy|Tail Glow|p2a: Manaphy\n|-boost|p2a: Manaphy|spa|3\n|\n|upkeep\n|turn|20\n|\n|t:|1699743181\n|switch|p2a: Enamorus|Enamorus-Therian, F|100\/100\n|-terastallize|p1a: Ogerpon|Grass\n|detailschange|p1a: Ogerpon|Ogerpon-Teal-Tera, F, tera:Grass\n|-ability|p1a: Ogerpon|Embody Aspect (Teal)|boost\n|-boost|p1a: Ogerpon|spe|1\n|move|p1a: Ogerpon|Ivy Cudgel|p2a: Enamorus\n|-resisted|p2a: Enamorus\n|-damage|p2a: Enamorus|76\/100\n|\n|-heal|p2a: Enamorus|82\/100|[from] item: Leftovers\n|upkeep\n|turn|21\n|\n|t:|1699743194\n|switch|p1a: Happy|Jirachi|100\/100\n|move|p2a: Enamorus|Draining Kiss|p1a: Happy\n|-resisted|p1a: Happy\n|-damage|p1a: Happy|87\/100\n|-heal|p2a: Enamorus|92\/100|[from] drain|[of] p1a: Happy\n|\n|-heal|p1a: Happy|93\/100|[from] item: Leftovers\n|-heal|p2a: Enamorus|98\/100|[from] item: Leftovers\n|upkeep\n|turn|22\n|\n|t:|1699743200\n|switch|p2a: Gholdengo|Gholdengo|100\/100\n|move|p1a: Happy|Doom Desire|p2a: Gholdengo\n|-start|p1a: Happy|Doom Desire\n|\n|-heal|p1a: Happy|99\/100|[from] item: Leftovers\n|upkeep\n|turn|23\n|\n|t:|1699743212\n|switch|p1a: Garchomp|Garchomp, M|100\/100\n|move|p2a: Gholdengo|Nasty Plot|p2a: Gholdengo\n|-boost|p2a: Gholdengo|spa|2\n|\n|upkeep\n|turn|24\n|\n|t:|1699743219\n|switch|p2a: Enamorus|Enamorus-Therian, F|98\/100\n|move|p1a: Garchomp|Earthquake|p2a: Enamorus\n|-immune|p2a: Enamorus\n|\n|-end|p2a: Enamorus|move: Doom Desire\n|-supereffective|p2a: Enamorus\n|-damage|p2a: Enamorus|0 fnt\n|faint|p2a: Enamorus\n|upkeep\n|inactive|BrightFireRed has 120 seconds left.\n|\n|t:|1699743252\n|switch|p2a: Ting-Lu|Ting-Lu|100\/100\n|-ability|p2a: Ting-Lu|Vessel of Ruin\n|turn|25\n|\n|t:|1699743276\n|move|p2a: Ting-Lu|Stone Edge|p1a: Garchomp\n|-resisted|p1a: Garchomp\n|-crit|p1a: Garchomp\n|-damage|p1a: Garchomp|69\/100\n|move|p1a: Garchomp|Dragon Tail|p2a: Ting-Lu|[miss]\n|-miss|p1a: Garchomp|p2a: Ting-Lu\n|\n|-heal|p1a: Garchomp|75\/100|[from] item: Leftovers\n|upkeep\n|turn|26\n|\n|t:|1699743290\n|switch|p1a: Ogerpon|Ogerpon-Teal-Tera, F, tera:Grass|84\/100\n|-ability|p1a: Ogerpon|Embody Aspect (Teal)|boost\n|-boost|p1a: Ogerpon|spe|1\n|switch|p2a: Manaphy|Manaphy, shiny|100\/100\n|\n|upkeep\n|turn|27\n|\n|t:|1699743299\n|switch|p2a: Gholdengo|Gholdengo|100\/100\n|move|p1a: Ogerpon|Ivy Cudgel|p2a: Gholdengo\n|-resisted|p2a: Gholdengo\n|-damage|p2a: Gholdengo|72\/100\n|\n|-heal|p2a: Gholdengo|78\/100|[from] item: Leftovers\n|upkeep\n|turn|28\n|inactive|BrightFireRed has 120 seconds left.\n|\n|t:|1699743334\n|switch|p1a: Garchomp|Garchomp, M|75\/100\n|move|p2a: Gholdengo|Make It Rain|p1a: Garchomp\n|-damage|p1a: Garchomp|42\/100\n|-unboost|p2a: Gholdengo|spa|1\n|\n|-heal|p1a: Garchomp|49\/100|[from] item: Leftovers\n|-heal|p2a: Gholdengo|84\/100|[from] item: Leftovers\n|upkeep\n|turn|29\n|\n|t:|1699743363\n|switch|p1a: Ogerpon|Ogerpon-Teal-Tera, F, tera:Grass|84\/100\n|-ability|p1a: Ogerpon|Embody Aspect (Teal)|boost\n|-boost|p1a: Ogerpon|spe|1\n|move|p2a: Gholdengo|Recover|p2a: Gholdengo\n|-heal|p2a: Gholdengo|100\/100\n|\n|upkeep\n|turn|30\n|\n|t:|1699743374\n|move|p1a: Ogerpon|Knock Off|p2a: Gholdengo\n|-supereffective|p2a: Gholdengo\n|-damage|p2a: Gholdengo|47\/100\n|-enditem|p2a: Gholdengo|Leftovers|[from] move: Knock Off|[of] p1a: Ogerpon\n|move|p2a: Gholdengo|Nasty Plot|p2a: Gholdengo\n|-boost|p2a: Gholdengo|spa|2\n|\n|upkeep\n|turn|31\n|inactive|gcy9 has 120 seconds left.\n|\n|t:|1699743403\n|switch|p1a: Happy|Jirachi|99\/100\n|move|p2a: Gholdengo|Recover|p2a: Gholdengo\n|-heal|p2a: Gholdengo|97\/100\n|\n|-heal|p1a: Happy|100\/100|[from] item: Leftovers\n|upkeep\n|turn|32\n|\n|t:|1699743406\n|move|p1a: Happy|Doom Desire|p2a: Gholdengo\n|-start|p1a: Happy|Doom Desire\n|move|p2a: Gholdengo|Shadow Ball|p1a: Happy\n|-supereffective|p1a: Happy\n|-damage|p1a: Happy|0 fnt\n|faint|p1a: Happy\n|\n|upkeep\n|\n|t:|1699743412\n|switch|p1a: Garchomp|Garchomp, M|49\/100\n|turn|33\n|\n|t:|1699743417\n|move|p1a: Garchomp|Earthquake|p2a: Gholdengo\n|-supereffective|p2a: Gholdengo\n|-damage|p2a: Gholdengo|21\/100\n|move|p2a: Gholdengo|Shadow Ball|p1a: Garchomp\n|-damage|p1a: Garchomp|12\/100\n|\n|-heal|p1a: Garchomp|18\/100|[from] item: Leftovers\n|upkeep\n|turn|34\n|\n|t:|1699743428\n|move|p1a: Garchomp|Rest|p1a: Garchomp\n|-status|p1a: Garchomp|slp|[from] move: Rest\n|-heal|p1a: Garchomp|100\/100 slp|[silent]\n|move|p2a: Gholdengo|Shadow Ball|p1a: Garchomp\n|-damage|p1a: Garchomp|65\/100 slp\n|\n|-end|p2a: Gholdengo|move: Doom Desire\n|-resisted|p2a: Gholdengo\n|-damage|p2a: Gholdengo|0 fnt\n|faint|p2a: Gholdengo\n|-heal|p1a: Garchomp|71\/100 slp|[from] item: Leftovers\n|upkeep\n|\n|t:|1699743434\n|switch|p2a: Ting-Lu|Ting-Lu|100\/100\n|-ability|p2a: Ting-Lu|Vessel of Ruin\n|turn|35\n|\n|t:|1699743447\n|switch|p1a: Tauros|Tauros-Paldea-Aqua, M|90\/100\n|-ability|p1a: Tauros|Intimidate|boost\n|-unboost|p2a: Ting-Lu|atk|1\n|move|p2a: Ting-Lu|Throat Chop|p1a: Tauros\n|-resisted|p1a: Tauros\n|-damage|p1a: Tauros|76\/100\n|-start|p1a: Tauros|Throat Chop|[silent]\n|\n|-heal|p1a: Tauros|82\/100|[from] item: Leftovers\n|upkeep\n|turn|36\n|\n|t:|1699743451\n|switch|p2a: Manaphy|Manaphy, shiny|100\/100\n|move|p1a: Tauros|Bulk Up|p1a: Tauros\n|-boost|p1a: Tauros|atk|1\n|-boost|p1a: Tauros|def|1\n|\n|-heal|p1a: Tauros|88\/100|[from] item: Leftovers\n|-end|p1a: Tauros|Throat Chop|[silent]\n|upkeep\n|turn|37\n|\n|t:|1699743456\n|move|p2a: Manaphy|Energy Ball|p1a: Tauros\n|-supereffective|p1a: Tauros\n|-damage|p1a: Tauros|10\/100\n|move|p1a: Tauros|Body Press|p2a: Manaphy\n|-damage|p2a: Manaphy|53\/100\n|\n|-heal|p1a: Tauros|16\/100|[from] item: Leftovers\n|upkeep\n|turn|38\n|\n|t:|1699743463\n|move|p2a: Manaphy|Energy Ball|p1a: Tauros\n|-supereffective|p1a: Tauros\n|-damage|p1a: Tauros|0 fnt\n|faint|p1a: Tauros\n|\n|upkeep\n|\n|t:|1699743466\n|switch|p1a: Ogerpon|Ogerpon-Teal-Tera, F, tera:Grass|84\/100\n|-ability|p1a: Ogerpon|Embody Aspect (Teal)|boost\n|-boost|p1a: Ogerpon|spe|1\n|turn|39\n|\n|t:|1699743475\n|move|p1a: Ogerpon|Swords Dance|p1a: Ogerpon\n|-boost|p1a: Ogerpon|atk|2\n|move|p2a: Manaphy|Tail Glow|p2a: Manaphy\n|-boost|p2a: Manaphy|spa|3\n|\n|upkeep\n|turn|40\n|\n|t:|1699743480\n|move|p1a: Ogerpon|Ivy Cudgel|p2a: Manaphy\n|-supereffective|p2a: Manaphy\n|-damage|p2a: Manaphy|0 fnt\n|faint|p2a: Manaphy\n|\n|upkeep\n|\n|t:|1699743483\n|switch|p2a: Ting-Lu|Ting-Lu|100\/100\n|-ability|p2a: Ting-Lu|Vessel of Ruin\n|turn|41\n|\n|t:|1699743488\n|move|p1a: Ogerpon|Ivy Cudgel|p2a: Ting-Lu\n|-supereffective|p2a: Ting-Lu\n|-damage|p2a: Ting-Lu|0 fnt\n|faint|p2a: Ting-Lu\n|\n|upkeep\n|-message|BrightFireRed forfeited.\n|\n|win|gcy9\n|raw|gcy9's rating: 1382 &rarr; <strong>1397<\/strong><br \/>(+15 for winning)\n|raw|BrightFireRed's rating: 1292 &rarr; <strong>1273<\/strong><br \/>(-19 for losing)\n|l|\u2606BrightFireRed\n","uploadtime":1699743495,"views":12,"p1id":"gcy9","p2id":"brightfirered","formatid":"gen9ou","rating":1273,"private":0,"password":""}