{"id":"gen9ou-1988351616","p1":"dsvbvdsz","p2":"Slaaaine","format":"[Gen 9] OU","log":"|j|\u2606dsvbvdsz\n|j|\u2606Slaaaine\n|t:|1699712613\n|gametype|singles\n|player|p1|dsvbvdsz|170|1089\n|player|p2|Slaaaine|n|1165\n|teamsize|p1|6\n|teamsize|p2|6\n|gen|9\n|tier|[Gen 9] OU\n|rated|\n|rule|Sleep Clause Mod: Limit one foe put to sleep\n|rule|Species Clause: Limit one of each Pok\u00e9mon\n|rule|OHKO Clause: OHKO moves are banned\n|rule|Evasion Items Clause: Evasion items are banned\n|rule|Evasion Moves Clause: Evasion moves are banned\n|rule|Endless Battle Clause: Forcing endless battles is banned\n|rule|HP Percentage Mod: HP is shown in percentages\n|clearpoke\n|poke|p1|Kommo-o, M|\n|poke|p1|Grimmsnarl, M|\n|poke|p1|Great Tusk|\n|poke|p1|Lilligant, F|\n|poke|p1|Thundurus-Therian, M|\n|poke|p1|Kingambit, M|\n|poke|p2|Manaphy|\n|poke|p2|Kingambit, M|\n|poke|p2|Ribombee, F|\n|poke|p2|Gholdengo|\n|poke|p2|Iron Moth|\n|poke|p2|Ogerpon-Wellspring, F|\n|teampreview\n|inactive|Battle timer is ON: inactive players will automatically lose when time's up. (requested by Slaaaine)\n|\n|t:|1699712631\n|start\n|switch|p1a: Grimmsnarl|Grimmsnarl, M|100\/100\n|switch|p2a: wildfiree|Ribombee, F|100\/100\n|turn|1\n|\n|t:|1699712635\n|move|p1a: Grimmsnarl|Taunt|p2a: wildfiree\n|-start|p2a: wildfiree|move: Taunt\n|move|p2a: wildfiree|Moonblast|p1a: Grimmsnarl\n|-supereffective|p1a: Grimmsnarl\n|-damage|p1a: Grimmsnarl|44\/100\n|\n|upkeep\n|turn|2\n|\n|t:|1699712644\n|move|p1a: Grimmsnarl|Light Screen|p1a: Grimmsnarl\n|-sidestart|p1: dsvbvdsz|move: Light Screen\n|move|p2a: wildfiree|Moonblast|p1a: Grimmsnarl\n|-supereffective|p1a: Grimmsnarl\n|-damage|p1a: Grimmsnarl|14\/100\n|\n|upkeep\n|turn|3\n|\n|t:|1699712647\n|move|p1a: Grimmsnarl|Reflect|p1a: Grimmsnarl\n|-sidestart|p1: dsvbvdsz|Reflect\n|move|p2a: wildfiree|Moonblast|p1a: Grimmsnarl\n|-supereffective|p1a: Grimmsnarl\n|-damage|p1a: Grimmsnarl|0 fnt\n|faint|p1a: Grimmsnarl\n|\n|-end|p2a: wildfiree|move: Taunt\n|upkeep\n|\n|t:|1699712656\n|switch|p1a: Thundurus|Thundurus-Therian, M|100\/100\n|turn|4\n|\n|t:|1699712663\n|move|p2a: wildfiree|Stun Spore|p1a: Thundurus\n|-immune|p1a: Thundurus\n|move|p1a: Thundurus|Volt Switch|p2a: wildfiree\n|-damage|p2a: wildfiree|33\/100\n|\n|t:|1699712673\n|switch|p1a: Lilligant|Lilligant, F, shiny|100\/100|[from] Volt Switch\n|\n|upkeep\n|turn|5\n|\n|t:|1699712680\n|move|p2a: wildfiree|Sticky Web|p1a: Lilligant\n|-sidestart|p1: dsvbvdsz|move: Sticky Web\n|move|p1a: Lilligant|Quiver Dance|p1a: Lilligant\n|-boost|p1a: Lilligant|spa|1\n|-boost|p1a: Lilligant|spd|1\n|-boost|p1a: Lilligant|spe|1\n|\n|upkeep\n|turn|6\n|\n|t:|1699712687\n|move|p1a: Lilligant|Quiver Dance|p1a: Lilligant\n|-boost|p1a: Lilligant|spa|1\n|-boost|p1a: Lilligant|spd|1\n|-boost|p1a: Lilligant|spe|1\n|move|p2a: wildfiree|Moonblast|p1a: Lilligant\n|-damage|p1a: Lilligant|86\/100\n|-unboost|p1a: Lilligant|spa|1\n|\n|upkeep\n|turn|7\n|\n|t:|1699712692\n|move|p1a: Lilligant|Quiver Dance|p1a: Lilligant\n|-boost|p1a: Lilligant|spa|1\n|-boost|p1a: Lilligant|spd|1\n|-boost|p1a: Lilligant|spe|1\n|move|p2a: wildfiree|Psychic|p1a: Lilligant\n|-damage|p1a: Lilligant|77\/100\n|\n|upkeep\n|turn|8\n|\n|t:|1699712699\n|move|p1a: Lilligant|Quiver Dance|p1a: Lilligant\n|-boost|p1a: Lilligant|spa|1\n|-boost|p1a: Lilligant|spd|1\n|-boost|p1a: Lilligant|spe|1\n|move|p2a: wildfiree|Psychic|p1a: Lilligant\n|-damage|p1a: Lilligant|71\/100\n|\n|upkeep\n|turn|9\n|\n|t:|1699712708\n|switch|p2a: scarlet|Iron Moth|100\/100\n|-enditem|p2a: scarlet|Booster Energy\n|-activate|p2a: scarlet|ability: Quark Drive|[fromitem]\n|-start|p2a: scarlet|quarkdrivespe\n|move|p1a: Lilligant|Quiver Dance|p1a: Lilligant\n|-boost|p1a: Lilligant|spa|1\n|-boost|p1a: Lilligant|spd|1\n|-boost|p1a: Lilligant|spe|1\n|\n|-sideend|p1: dsvbvdsz|move: Light Screen\n|upkeep\n|turn|10\n|\n|t:|1699712718\n|-terastallize|p1a: Lilligant|Ice\n|move|p1a: Lilligant|Tera Blast|p2a: scarlet|[anim] Tera Blast Ice\n|-resisted|p2a: scarlet\n|-damage|p2a: scarlet|25\/100\n|-damage|p1a: Lilligant|61\/100|[from] item: Life Orb\n|move|p2a: scarlet|Fiery Dance|p1a: Lilligant\n|-supereffective|p1a: Lilligant\n|-damage|p1a: Lilligant|25\/100\n|\n|-sideend|p1: dsvbvdsz|Reflect\n|upkeep\n|turn|11\n|\n|t:|1699712723\n|move|p1a: Lilligant|Tera Blast|p2a: scarlet|[anim] Tera Blast Ice\n|-resisted|p2a: scarlet\n|-damage|p2a: scarlet|0 fnt\n|faint|p2a: scarlet\n|-end|p2a: scarlet|Quark Drive|[silent]\n|-damage|p1a: Lilligant|15\/100|[from] item: Life Orb\n|\n|upkeep\n|\n|t:|1699712727\n|switch|p2a: awyp|Kingambit, M|100\/100\n|-activate|p2a: awyp|ability: Supreme Overlord\n|-start|p2a: awyp|fallen1|[silent]\n|turn|12\n|\n|t:|1699712736\n|move|p2a: awyp|Sucker Punch||[still]\n|-fail|p2a: awyp\n|move|p1a: Lilligant|Quiver Dance|p1a: Lilligant\n|-boost|p1a: Lilligant|spa|1\n|-boost|p1a: Lilligant|spd|1\n|-boost|p1a: Lilligant|spe|1\n|\n|upkeep\n|turn|13\n|\n|t:|1699712742\n|move|p1a: Lilligant|Quiver Dance|p1a: Lilligant\n|-boost|p1a: Lilligant|spa|1\n|-boost|p1a: Lilligant|spd|0\n|-boost|p1a: Lilligant|spe|0\n|move|p2a: awyp|Swords Dance|p2a: awyp\n|-boost|p2a: awyp|atk|2\n|\n|upkeep\n|turn|14\n|\n|t:|1699712748\n|move|p2a: awyp|Sucker Punch||[still]\n|-fail|p2a: awyp\n|move|p1a: Lilligant|Quiver Dance|p1a: Lilligant\n|-boost|p1a: Lilligant|spa|0\n|-boost|p1a: Lilligant|spd|0\n|-boost|p1a: Lilligant|spe|0\n|\n|upkeep\n|turn|15\n|\n|t:|1699712751\n|move|p2a: awyp|Sucker Punch|p1a: Lilligant\n|-damage|p1a: Lilligant|0 fnt\n|faint|p1a: Lilligant\n|\n|upkeep\n|\n|t:|1699712753\n|switch|p1a: Great Tusk|Great Tusk|100\/100\n|turn|16\n|\n|t:|1699712756\n|-end|p2a: awyp|fallen1|[silent]\n|switch|p2a: wessin|Gholdengo|100\/100\n|-item|p2a: wessin|Air Balloon\n|move|p1a: Great Tusk|Close Combat|p2a: wessin\n|-immune|p2a: wessin\n|\n|upkeep\n|turn|17\n|\n|t:|1699712764\n|move|p1a: Great Tusk|Knock Off|p2a: wessin\n|-supereffective|p2a: wessin\n|-damage|p2a: wessin|29\/100\n|-enditem|p2a: wessin|Air Balloon\n|move|p2a: wessin|Psyshock|p1a: Great Tusk\n|-supereffective|p1a: Great Tusk\n|-damage|p1a: Great Tusk|58\/100\n|\n|upkeep\n|turn|18\n|\n|t:|1699712771\n|move|p1a: Great Tusk|Knock Off|p2a: wessin\n|-supereffective|p2a: wessin\n|-damage|p2a: wessin|0 fnt\n|faint|p2a: wessin\n|\n|upkeep\n|\n|t:|1699712783\n|switch|p2a: faya|Ogerpon-Wellspring, F|100\/100\n|turn|19\n|\n|t:|1699712792\n|move|p2a: faya|Ivy Cudgel|p1a: Great Tusk\n|-supereffective|p1a: Great Tusk\n|-damage|p1a: Great Tusk|0 fnt\n|faint|p1a: Great Tusk\n|-end|p1a: Great Tusk|Protosynthesis|[silent]\n|\n|upkeep\n|\n|t:|1699712794\n|switch|p1a: Thundurus|Thundurus-Therian, M|100\/100\n|turn|20\n|\n|t:|1699712798\n|move|p2a: faya|Ivy Cudgel|p1a: Thundurus\n|-damage|p1a: Thundurus|3\/100\n|move|p1a: Thundurus|Thunderbolt|p2a: faya\n|-damage|p2a: faya|37\/100\n|\n|upkeep\n|turn|21\n|\n|t:|1699712801\n|move|p2a: faya|Ivy Cudgel|p1a: Thundurus\n|-damage|p1a: Thundurus|0 fnt\n|faint|p1a: Thundurus\n|\n|upkeep\n|\n|t:|1699712805\n|switch|p1a: Kommo-o|Kommo-o, M|100\/100\n|-activate|p1a: Kommo-o|move: Sticky Web\n|-unboost|p1a: Kommo-o|spe|1\n|turn|22\n|\n|t:|1699712811\n|move|p2a: faya|Ivy Cudgel|p1a: Kommo-o\n|-resisted|p1a: Kommo-o\n|-damage|p1a: Kommo-o|73\/100\n|move|p1a: Kommo-o|Clangorous Soul|p1a: Kommo-o\n|-boost|p1a: Kommo-o|atk|1\n|-boost|p1a: Kommo-o|def|1\n|-boost|p1a: Kommo-o|spa|1\n|-boost|p1a: Kommo-o|spd|1\n|-boost|p1a: Kommo-o|spe|1\n|-damage|p1a: Kommo-o|40\/100\n|-enditem|p1a: Kommo-o|Throat Spray\n|-boost|p1a: Kommo-o|spa|1|[from] item: Throat Spray\n|\n|upkeep\n|turn|23\n|\n|t:|1699712825\n|move|p2a: faya|Encore|p1a: Kommo-o\n|-start|p1a: Kommo-o|Encore\n|move|p1a: Kommo-o|Clangorous Soul|p1a: Kommo-o\n|-boost|p1a: Kommo-o|atk|1\n|-boost|p1a: Kommo-o|def|1\n|-boost|p1a: Kommo-o|spa|1\n|-boost|p1a: Kommo-o|spd|1\n|-boost|p1a: Kommo-o|spe|1\n|-damage|p1a: Kommo-o|7\/100\n|\n|upkeep\n|turn|24\n|-message|dsvbvdsz forfeited.\n|\n|t:|1699712834\n|switch|p1a: Kingambit|Kingambit, M|100\/100\n|-activate|p1a: Kingambit|ability: Supreme Overlord\n|-start|p1a: Kingambit|fallen4|[silent]\n|switch|p2a: wildfiree|Ribombee, F|33\/100\n|\n|upkeep\n|turn|25\n|\n|win|Slaaaine\n|raw|dsvbvdsz's rating: 1089 &rarr; <strong>1071<\/strong><br \/>(-18 for losing)\n|raw|Slaaaine's rating: 1165 &rarr; <strong>1185<\/strong><br \/>(+20 for winning)\n|l|\u2606dsvbvdsz\n","uploadtime":1699713020,"views":17,"p1id":"dsvbvdsz","p2id":"slaaaine","formatid":"gen9ou","rating":1071,"private":0,"password":""}