{"id":"gen9ou-1994328162","p1":"CarrotStix","p2":"Citrusfunk","format":"[Gen 9] OU","log":"|j|\u2606CarrotStix\n|j|\u2606Citrusfunk\n|t:|1700431587\n|gametype|singles\n|player|p1|CarrotStix|beauty|1055\n|player|p2|Citrusfunk|alec-anime|1153\n|teamsize|p1|6\n|teamsize|p2|6\n|gen|9\n|tier|[Gen 9] OU\n|rated|\n|rule|Sleep Clause Mod: Limit one foe put to sleep\n|rule|Species Clause: Limit one of each Pok\u00e9mon\n|rule|OHKO Clause: OHKO moves are banned\n|rule|Evasion Items Clause: Evasion items are banned\n|rule|Evasion Moves Clause: Evasion moves are banned\n|rule|Endless Battle Clause: Forcing endless battles is banned\n|rule|HP Percentage Mod: HP is shown in percentages\n|clearpoke\n|poke|p1|Azumarill, F|\n|poke|p1|Pelipper, M|\n|poke|p1|Gholdengo|\n|poke|p1|Sneasler, M|\n|poke|p1|Hatterene, F|\n|poke|p1|Lilligant-Hisui, F|\n|poke|p2|Arcanine-Hisui, F|\n|poke|p2|Ursaluna, M|\n|poke|p2|Lilligant-Hisui, F|\n|poke|p2|Zoroark-Hisui, F|\n|poke|p2|Braviary-Hisui, M|\n|poke|p2|Overqwil, M|\n|teampreview\n|\n|t:|1700431609\n|start\n|switch|p1a: Lilligant|Lilligant-Hisui, F|100\/100\n|switch|p2a: Rip and tear|Overqwil, M|100\/100\n|turn|1\n|\n|t:|1700431614\n|move|p1a: Lilligant|Axe Kick|p2a: Rip and tear\n|-damage|p2a: Rip and tear|10\/100\n|move|p2a: Rip and tear|Barb Barrage|p1a: Lilligant\n|-supereffective|p1a: Lilligant\n|-damage|p1a: Lilligant|0 fnt\n|faint|p1a: Lilligant\n|\n|upkeep\n|inactive|Battle timer is ON: inactive players will automatically lose when time's up. (requested by Citrusfunk)\n|\n|t:|1700431624\n|switch|p1a: Sneasler|Sneasler, M|100\/100\n|-item|p1a: Sneasler|Air Balloon\n|turn|2\n|\n|t:|1700431626\n|move|p1a: Sneasler|Fake Out|p2a: Rip and tear\n|-damage|p2a: Rip and tear|0 fnt\n|faint|p2a: Rip and tear\n|\n|upkeep\n|\n|t:|1700431629\n|switch|p2a: Pooh|Ursaluna, M|100\/100\n|turn|3\n|\n|t:|1700431643\n|switch|p1a: Pelipper|Pelipper, M|100\/100\n|-weather|RainDance|[from] ability: Drizzle|[of] p1a: Pelipper\n|move|p2a: Pooh|Nasty Plot|p2a: Pooh\n|-boost|p2a: Pooh|spa|2\n|\n|-weather|RainDance|[upkeep]\n|upkeep\n|turn|4\n|\n|t:|1700431651\n|move|p2a: Pooh|Hyper Voice|p1a: Pelipper\n|-damage|p1a: Pelipper|0 fnt\n|faint|p1a: Pelipper\n|\n|-weather|RainDance|[upkeep]\n|upkeep\n|\n|t:|1700431660\n|switch|p1a: Azumarill|Azumarill, F|100\/100\n|turn|5\n|\n|t:|1700431667\n|-terastallize|p1a: Azumarill|Water\n|move|p1a: Azumarill|Aqua Jet|p2a: Pooh\n|-enditem|p2a: Pooh|Focus Sash\n|-damage|p2a: Pooh|1\/100\n|replace|p2a: Britney Spears|Zoroark-Hisui, F, shiny\n|-end|p2a: Britney Spears|Illusion\n|move|p2a: Britney Spears|Hyper Voice|p1a: Azumarill\n|-damage|p1a: Azumarill|10\/100\n|\n|-weather|RainDance|[upkeep]\n|upkeep\n|turn|6\n|\n|t:|1700431678\n|move|p1a: Azumarill|Aqua Jet|p2a: Britney Spears\n|-damage|p2a: Britney Spears|0 fnt\n|faint|p2a: Britney Spears\n|\n|-weather|RainDance|[upkeep]\n|upkeep\n|\n|t:|1700431688\n|switch|p2a: kunty kween|Lilligant-Hisui, F|100\/100\n|turn|7\n|\n|t:|1700431705\n|switch|p1a: Hatterene|Hatterene, F|100\/100\n|move|p2a: kunty kween|Victory Dance|p2a: kunty kween\n|-boost|p2a: kunty kween|atk|1\n|-boost|p2a: kunty kween|def|1\n|-boost|p2a: kunty kween|spe|1\n|\n|-weather|none\n|upkeep\n|turn|8\n|\n|t:|1700431710\n|move|p2a: kunty kween|Leaf Blade|p1a: Hatterene\n|-damage|p1a: Hatterene|10\/100\n|move|p1a: Hatterene|Trick Room|p1a: Hatterene\n|-fieldstart|move: Trick Room|[of] p1a: Hatterene\n|\n|-heal|p1a: Hatterene|16\/100|[from] item: Leftovers\n|upkeep\n|turn|9\n|\n|t:|1700431716\n|switch|p2a: DA BIGGEST BIRD|Braviary-Hisui, M|100\/100\n|move|p1a: Hatterene|Dazzling Gleam|p2a: DA BIGGEST BIRD\n|-damage|p2a: DA BIGGEST BIRD|60\/100\n|\n|-heal|p1a: Hatterene|22\/100|[from] item: Leftovers\n|upkeep\n|turn|10\n|\n|t:|1700431723\n|switch|p1a: Gholdengo|Gholdengo|100\/100\n|move|p2a: DA BIGGEST BIRD|Shadow Ball|p1a: Gholdengo\n|-supereffective|p1a: Gholdengo\n|-damage|p1a: Gholdengo|38\/100\n|\n|upkeep\n|turn|11\n|\n|t:|1700431733\n|switch|p1a: Hatterene|Hatterene, F|22\/100\n|move|p2a: DA BIGGEST BIRD|Shadow Ball|p1a: Hatterene\n|-supereffective|p1a: Hatterene\n|-damage|p1a: Hatterene|0 fnt\n|faint|p1a: Hatterene\n|\n|upkeep\n|\n|t:|1700431738\n|switch|p1a: Azumarill|Azumarill, F, tera:Water|10\/100\n|turn|12\n|\n|t:|1700431741\n|move|p1a: Azumarill|Aqua Jet|p2a: DA BIGGEST BIRD\n|-damage|p2a: DA BIGGEST BIRD|6\/100\n|move|p2a: DA BIGGEST BIRD|Esper Wing|p1a: Azumarill\n|-damage|p1a: Azumarill|0 fnt\n|-boost|p2a: DA BIGGEST BIRD|spe|1\n|faint|p1a: Azumarill\n|\n|-fieldend|move: Trick Room\n|upkeep\n|\n|t:|1700431753\n|switch|p1a: Sneasler|Sneasler, M|100\/100\n|-item|p1a: Sneasler|Air Balloon\n|turn|13\n|\n|t:|1700431757\n|move|p1a: Sneasler|Fake Out|p2a: DA BIGGEST BIRD\n|-damage|p2a: DA BIGGEST BIRD|0 fnt\n|faint|p2a: DA BIGGEST BIRD\n|\n|upkeep\n|\n|t:|1700431760\n|switch|p2a: Pooh|Ursaluna, M|100\/100\n|turn|14\n|\n|t:|1700431777\n|move|p1a: Sneasler|Close Combat|p2a: Pooh\n|-supereffective|p2a: Pooh\n|-damage|p2a: Pooh|6\/100\n|-unboost|p1a: Sneasler|def|1\n|-unboost|p1a: Sneasler|spd|1\n|move|p2a: Pooh|Fire Punch|p1a: Sneasler\n|-damage|p1a: Sneasler|18\/100\n|-enditem|p1a: Sneasler|Air Balloon\n|\n|-status|p2a: Pooh|brn|[from] item: Flame Orb\n|upkeep\n|turn|15\n|\n|t:|1700431787\n|move|p1a: Sneasler|Dire Claw|p2a: Pooh\n|-resisted|p2a: Pooh\n|-damage|p2a: Pooh|0 fnt\n|faint|p2a: Pooh\n|\n|upkeep\n|l|\u2606Citrusfunk\n|inactive|Citrusfunk disconnected and has a minute to reconnect!\n|player|p2|\n|j|\u2606Citrusfunk\n|inactive|Citrusfunk reconnected and has 135 seconds left.\n|player|p2|Citrusfunk|alec-anime\n|\n|t:|1700431801\n|switch|p2a: kunty kween|Lilligant-Hisui, F|100\/100\n|turn|16\n|\n|t:|1700431812\n|move|p1a: Sneasler|Dire Claw|p2a: kunty kween\n|-supereffective|p2a: kunty kween\n|-damage|p2a: kunty kween|0 fnt\n|faint|p2a: kunty kween\n|\n|upkeep\n|\n|t:|1700431813\n|switch|p2a: Pancho|Arcanine-Hisui, F|100\/100\n|turn|17\n|c|\u2606CarrotStix|stormed her\n|\n|t:|1700431821\n|-terastallize|p2a: Pancho|Fire\n|move|p1a: Sneasler|Close Combat|p2a: Pancho\n|-damage|p2a: Pancho|21\/100\n|-unboost|p1a: Sneasler|def|1\n|-unboost|p1a: Sneasler|spd|1\n|move|p2a: Pancho|Agility|p2a: Pancho\n|-boost|p2a: Pancho|spe|2\n|\n|upkeep\n|turn|18\n|\n|t:|1700431833\n|switch|p1a: Gholdengo|Gholdengo|38\/100\n|move|p2a: Pancho|Flare Blitz|p1a: Gholdengo\n|-supereffective|p1a: Gholdengo\n|-damage|p1a: Gholdengo|0 fnt\n|faint|p1a: Gholdengo\n|-damage|p2a: Pancho|11\/100|[from] item: Life Orb\n|\n|upkeep\n|\n|t:|1700431836\n|switch|p1a: Sneasler|Sneasler, M|18\/100\n|turn|19\n|\n|t:|1700431840\n|move|p1a: Sneasler|Fake Out|p2a: Pancho\n|-damage|p2a: Pancho|0 fnt\n|faint|p2a: Pancho\n|\n|win|CarrotStix\n|raw|CarrotStix's rating: 1055 &rarr; <strong>1095<\/strong><br \/>(+40 for winning)\n|raw|Citrusfunk's rating: 1153 &rarr; <strong>1121<\/strong><br \/>(-32 for losing)\n|c|\u2606CarrotStix|10s 10s 10s across the baord\n|c|\u2606CarrotStix|gg\n|c|\u2606Citrusfunk|Gg\n|l|\u2606CarrotStix\n","uploadtime":1700431852,"views":8,"p1id":"carrotstix","p2id":"citrusfunk","formatid":"gen9ou","rating":1095,"private":0,"password":""}