{"id":"gen9ou-1992795812","p1":"Aggs123","p2":"Smendyke","format":"[Gen 9] OU","log":"|j|\u203dAggs123\n|j|\u2606Smendyke\n|t:|1700236158\n|gametype|singles\n|player|p1|Aggs123|doctor-gen8|1666\n|player|p2|Smendyke|swimmer|1594\n|teamsize|p1|6\n|teamsize|p2|6\n|gen|9\n|tier|[Gen 9] OU\n|rated|\n|rule|Sleep Clause Mod: Limit one foe put to sleep\n|rule|Species Clause: Limit one of each Pok\u00e9mon\n|rule|OHKO Clause: OHKO moves are banned\n|rule|Evasion Items Clause: Evasion items are banned\n|rule|Evasion Moves Clause: Evasion moves are banned\n|rule|Endless Battle Clause: Forcing endless battles is banned\n|rule|HP Percentage Mod: HP is shown in percentages\n|clearpoke\n|poke|p1|Rotom-Wash|\n|poke|p1|Ting-Lu|\n|poke|p1|Iron Valiant|\n|poke|p1|Weavile, M|\n|poke|p1|Glimmora, M|\n|poke|p1|Gholdengo|\n|poke|p2|Rillaboom, M|\n|poke|p2|Iron Valiant|\n|poke|p2|Maushold|\n|poke|p2|Heatran, F|\n|poke|p2|Great Tusk|\n|poke|p2|Sneasler, M|\n|teampreview\n|inactive|Battle timer is ON: inactive players will automatically lose when time's up. (requested by Aggs123)\n|\n|t:|1700236166\n|start\n|switch|p1a: Glimmora|Glimmora, M|100\/100\n|switch|p2a: Heatran|Heatran, F|100\/100\n|-item|p2a: Heatran|Air Balloon\n|turn|1\n|\n|t:|1700236171\n|move|p1a: Glimmora|Stealth Rock|p2a: Heatran\n|-sidestart|p2: Smendyke|move: Stealth Rock\n|move|p2a: Heatran|Earth Power|p1a: Glimmora\n|-supereffective|p1a: Glimmora\n|-enditem|p1a: Glimmora|Focus Sash\n|-damage|p1a: Glimmora|1\/100\n|\n|upkeep\n|turn|2\n|j| Joltinjoe18\n|l| Joltinjoe18\n|\n|t:|1700236176\n|switch|p1a: Ting-Lu|Ting-Lu|100\/100\n|-ability|p1a: Ting-Lu|Vessel of Ruin\n|move|p2a: Heatran|Earth Power|p1a: Ting-Lu\n|-damage|p1a: Ting-Lu|87\/100\n|\n|-heal|p1a: Ting-Lu|93\/100|[from] item: Leftovers\n|upkeep\n|turn|3\n|\n|t:|1700236179\n|move|p2a: Heatran|Stealth Rock|p1a: Ting-Lu\n|-sidestart|p1: Aggs123|move: Stealth Rock\n|move|p1a: Ting-Lu|Ruination|p2a: Heatran\n|-damage|p2a: Heatran|50\/100\n|-enditem|p2a: Heatran|Air Balloon\n|\n|-heal|p1a: Ting-Lu|99\/100|[from] item: Leftovers\n|upkeep\n|turn|4\n|\n|t:|1700236187\n|switch|p2a: Thomas|Great Tusk|100\/100\n|-damage|p2a: Thomas|97\/100|[from] Stealth Rock\n|-enditem|p2a: Thomas|Booster Energy\n|-activate|p2a: Thomas|ability: Protosynthesis|[fromitem]\n|-start|p2a: Thomas|protosynthesisspe\n|move|p1a: Ting-Lu|Spikes|p2a: Thomas\n|-sidestart|p2: Smendyke|Spikes\n|\n|-heal|p1a: Ting-Lu|100\/100|[from] item: Leftovers\n|upkeep\n|turn|5\n|\n|t:|1700236191\n|switch|p1a: Gholdengo|Gholdengo|100\/100\n|-damage|p1a: Gholdengo|94\/100|[from] Stealth Rock\n|move|p2a: Thomas|Ice Spinner|p1a: Gholdengo\n|-resisted|p1a: Gholdengo\n|-damage|p1a: Gholdengo|81\/100\n|\n|upkeep\n|turn|6\n|j| Light Dlc1 Train\n|j| Xr_Kartana\n|\n|t:|1700236203\n|switch|p1a: Glimmora|Glimmora, M|1\/100\n|-damage|p1a: Glimmora|0 fnt|[from] Stealth Rock\n|faint|p1a: Glimmora\n|move|p2a: Thomas|Headlong Rush|p1: Glimmora|[notarget]\n|-fail|p2a: Thomas\n|\n|upkeep\n|\n|t:|1700236206\n|switch|p1a: Iron Valiant|Iron Valiant|100\/100\n|-damage|p1a: Iron Valiant|94\/100|[from] Stealth Rock\n|-enditem|p1a: Iron Valiant|Booster Energy\n|-activate|p1a: Iron Valiant|ability: Quark Drive|[fromitem]\n|-start|p1a: Iron Valiant|quarkdrivespe\n|turn|7\n|\n|t:|1700236212\n|-terastallize|p2a: Thomas|Poison\n|move|p1a: Iron Valiant|Moonblast|p2a: Thomas\n|-resisted|p2a: Thomas\n|-damage|p2a: Thomas|71\/100\n|move|p2a: Thomas|Rapid Spin|p1a: Iron Valiant\n|-crit|p1a: Iron Valiant\n|-damage|p1a: Iron Valiant|63\/100\n|-boost|p2a: Thomas|spe|1\n|-sideend|p2: Smendyke|Spikes|[from] move: Rapid Spin|[of] p2a: Thomas\n|-sideend|p2: Smendyke|Stealth Rock|[from] move: Rapid Spin|[of] p2a: Thomas\n|\n|upkeep\n|turn|8\n|\n|t:|1700236221\n|move|p2a: Thomas|Headlong Rush|p1a: Iron Valiant\n|-damage|p1a: Iron Valiant|0 fnt\n|-unboost|p2a: Thomas|def|1\n|-unboost|p2a: Thomas|spd|1\n|faint|p1a: Iron Valiant\n|-end|p1a: Iron Valiant|Quark Drive|[silent]\n|\n|upkeep\n|\n|t:|1700236225\n|switch|p1a: Rotom|Rotom-Wash|100\/100\n|-damage|p1a: Rotom|88\/100|[from] Stealth Rock\n|turn|9\n|\n|t:|1700236229\n|-end|p2a: Thomas|Protosynthesis|[silent]\n|switch|p2a: Heatran|Heatran, F|50\/100\n|move|p1a: Rotom|Hydro Pump|p2a: Heatran\n|-supereffective|p2a: Heatran\n|-damage|p2a: Heatran|0 fnt\n|faint|p2a: Heatran\n|\n|-heal|p1a: Rotom|94\/100|[from] item: Leftovers\n|upkeep\n|\n|t:|1700236255\n|switch|p2a: Randall|Rillaboom, M|100\/100\n|-fieldstart|move: Grassy Terrain|[from] ability: Grassy Surge|[of] p2a: Randall\n|turn|10\n|\n|t:|1700236262\n|move|p1a: Rotom|Protect|p1a: Rotom\n|-singleturn|p1a: Rotom|Protect\n|move|p2a: Randall|Grassy Glide|p1a: Rotom\n|-activate|p1a: Rotom|move: Protect\n|\n|-heal|p1a: Rotom|100\/100|[from] item: Leftovers\n|upkeep\n|turn|11\n|\n|t:|1700236267\n|switch|p1a: Gholdengo|Gholdengo|81\/100\n|-damage|p1a: Gholdengo|75\/100|[from] Stealth Rock\n|move|p2a: Randall|Grassy Glide|p1a: Gholdengo\n|-resisted|p1a: Gholdengo\n|-damage|p1a: Gholdengo|52\/100\n|\n|-heal|p1a: Gholdengo|58\/100|[from] Grassy Terrain\n|upkeep\n|turn|12\n|j| AFineTallk0tte\n|\n|t:|1700236286\n|move|p1a: Gholdengo|Make It Rain|p2a: Randall\n|-damage|p2a: Randall|31\/100\n|-unboost|p1a: Gholdengo|spa|1\n|move|p2a: Randall|Knock Off|p1a: Gholdengo\n|-supereffective|p1a: Gholdengo\n|-damage|p1a: Gholdengo|0 fnt\n|-enditem|p1a: Gholdengo|Choice Scarf|[from] move: Knock Off|[of] p2a: Randall\n|faint|p1a: Gholdengo\n|\n|-heal|p2a: Randall|37\/100|[from] Grassy Terrain\n|upkeep\n|\n|t:|1700236294\n|switch|p1a: Weavile|Weavile, M|100\/100\n|-ability|p1a: Weavile|Pressure\n|turn|13\n|\n|t:|1700236304\n|switch|p2a: Thomas|Great Tusk, tera:Poison|71\/100\n|move|p1a: Weavile|Knock Off|p2a: Thomas\n|-crit|p2a: Thomas\n|-damage|p2a: Thomas|41\/100\n|\n|-heal|p2a: Thomas|47\/100|[from] Grassy Terrain\n|upkeep\n|turn|14\n|\n|t:|1700236311\n|switch|p1a: Rotom|Rotom-Wash|100\/100\n|-damage|p1a: Rotom|88\/100|[from] Stealth Rock\n|move|p2a: Thomas|Headlong Rush|p1a: Rotom\n|-immune|p1a: Rotom|[from] ability: Levitate\n|\n|-heal|p2a: Thomas|53\/100|[from] Grassy Terrain\n|-heal|p1a: Rotom|94\/100|[from] item: Leftovers\n|-fieldend|move: Grassy Terrain\n|upkeep\n|turn|15\n|\n|t:|1700236324\n|-end|p2a: Thomas|Protosynthesis|[silent]\n|switch|p2a: Iron Valiant|Iron Valiant|100\/100\n|-enditem|p2a: Iron Valiant|Booster Energy\n|-activate|p2a: Iron Valiant|ability: Quark Drive|[fromitem]\n|-start|p2a: Iron Valiant|quarkdrivespe\n|move|p1a: Rotom|Volt Switch|p2a: Iron Valiant\n|-damage|p2a: Iron Valiant|52\/100\n|\n|t:|1700236333\n|switch|p1a: Ting-Lu|Ting-Lu|100\/100|[from] Volt Switch\n|-damage|p1a: Ting-Lu|94\/100|[from] Stealth Rock\n|-ability|p1a: Ting-Lu|Vessel of Ruin\n|\n|-heal|p1a: Ting-Lu|100\/100|[from] item: Leftovers\n|upkeep\n|turn|16\n|\n|t:|1700236349\n|move|p2a: Iron Valiant|Moonblast|p1a: Ting-Lu\n|-supereffective|p1a: Ting-Lu\n|-damage|p1a: Ting-Lu|62\/100\n|move|p1a: Ting-Lu|Earthquake|p2a: Iron Valiant\n|-damage|p2a: Iron Valiant|6\/100\n|\n|-heal|p1a: Ting-Lu|68\/100|[from] item: Leftovers\n|upkeep\n|turn|17\n|\n|t:|1700236357\n|move|p2a: Iron Valiant|Moonblast|p1a: Ting-Lu\n|-supereffective|p1a: Ting-Lu\n|-damage|p1a: Ting-Lu|30\/100\n|move|p1a: Ting-Lu|Earthquake|p2a: Iron Valiant\n|-damage|p2a: Iron Valiant|0 fnt\n|faint|p2a: Iron Valiant\n|-end|p2a: Iron Valiant|Quark Drive|[silent]\n|\n|-heal|p1a: Ting-Lu|37\/100|[from] item: Leftovers\n|upkeep\n|\n|t:|1700236371\n|switch|p2a: Maushold|Maushold|100\/100\n|turn|18\n|\n|t:|1700236375\n|move|p2a: Maushold|Population Bomb|p1a: Ting-Lu\n|-damage|p1a: Ting-Lu|30\/100\n|-damage|p1a: Ting-Lu|24\/100\n|-crit|p1a: Ting-Lu\n|-damage|p1a: Ting-Lu|15\/100\n|-damage|p1a: Ting-Lu|9\/100\n|-damage|p1a: Ting-Lu|4\/100\n|-damage|p1a: Ting-Lu|0 fnt\n|faint|p1a: Ting-Lu\n|-hitcount|p1: Ting-Lu|6\n|\n|upkeep\n|\n|t:|1700236379\n|switch|p1a: Weavile|Weavile, M|100\/100\n|-ability|p1a: Weavile|Pressure\n|turn|19\n|\n|t:|1700236391\n|-terastallize|p1a: Weavile|Ice\n|move|p1a: Weavile|Icicle Crash|p2a: Maushold\n|-damage|p2a: Maushold|6\/100\n|move|p2a: Maushold|Population Bomb|p1a: Weavile\n|-damage|p1a: Weavile|81\/100\n|-damage|p1a: Weavile|62\/100\n|-damage|p1a: Weavile|41\/100\n|-damage|p1a: Weavile|22\/100\n|-damage|p1a: Weavile|4\/100\n|-damage|p1a: Weavile|0 fnt\n|faint|p1a: Weavile\n|-hitcount|p1: Weavile|6\n|\n|upkeep\n|-message|Aggs123 forfeited.\n|\n|win|Smendyke\n|raw|Aggs123's rating: 1666 &rarr; <strong>1642<\/strong><br \/>(-24 for losing)\n|raw|Smendyke's rating: 1594 &rarr; <strong>1618<\/strong><br \/>(+24 for winning)\n|l|\u203dAggs123\n|l| Light Dlc1 Train\n|j|\u203dAggs123\n|player|p1|Aggs123|doctor-gen8\n","uploadtime":1700236413,"views":10,"p1id":"aggs123","p2id":"smendyke","formatid":"gen9ou","rating":1618,"private":0,"password":""}