{"id":"gen9ou-1995256591","p1":"Regi345","p2":"Joker040921","format":"[Gen 9] OU","log":"|j|\u2606Regi345\n|j|\u2606Joker040921\n|t:|1700542113\n|gametype|singles\n|player|p1|Regi345|2|1070\n|player|p2|Joker040921|cynthia-gen7|1107\n|teamsize|p1|6\n|teamsize|p2|6\n|gen|9\n|tier|[Gen 9] OU\n|rated|\n|rule|Sleep Clause Mod: Limit one foe put to sleep\n|rule|Species Clause: Limit one of each Pok\u00e9mon\n|rule|OHKO Clause: OHKO moves are banned\n|rule|Evasion Items Clause: Evasion items are banned\n|rule|Evasion Moves Clause: Evasion moves are banned\n|rule|Endless Battle Clause: Forcing endless battles is banned\n|rule|HP Percentage Mod: HP is shown in percentages\n|clearpoke\n|poke|p1|Meowscarada, F|\n|poke|p1|Gholdengo|\n|poke|p1|Clefable, M|\n|poke|p1|Hatterene, F|\n|poke|p1|Conkeldurr, M|\n|poke|p1|Rotom-Heat|\n|poke|p2|Great Tusk|\n|poke|p2|Iron Valiant|\n|poke|p2|Glimmora, F|\n|poke|p2|Gholdengo|\n|poke|p2|Moltres|\n|poke|p2|Sandy Shocks|\n|teampreview\n|inactive|Battle timer is ON: inactive players will automatically lose when time's up. (requested by Regi345)\n|\n|t:|1700542124\n|start\n|switch|p1a: Gholdengo|Gholdengo|100\/100\n|switch|p2a: Glimmora|Glimmora, F|100\/100\n|turn|1\n|\n|t:|1700542147\n|move|p2a: Glimmora|Stealth Rock|p1a: Gholdengo\n|-sidestart|p1: Regi345|move: Stealth Rock\n|move|p1a: Gholdengo|Trick|p2a: Glimmora\n|-activate|p1a: Gholdengo|move: Trick|[of] p2a: Glimmora\n|-item|p2a: Glimmora|Lagging Tail|[from] move: Trick\n|-item|p1a: Gholdengo|Focus Sash|[from] move: Trick\n|\n|upkeep\n|turn|2\n|\n|t:|1700542158\n|move|p1a: Gholdengo|Shadow Ball|p2a: Glimmora\n|-damage|p2a: Glimmora|34\/100\n|move|p2a: Glimmora|Power Gem|p1a: Gholdengo\n|-resisted|p1a: Gholdengo\n|-damage|p1a: Gholdengo|79\/100\n|\n|upkeep\n|turn|3\n|\n|t:|1700542168\n|move|p1a: Gholdengo|Shadow Ball|p2a: Glimmora\n|-damage|p2a: Glimmora|0 fnt\n|faint|p2a: Glimmora\n|\n|upkeep\n|\n|t:|1700542172\n|switch|p2a: Great Tusk|Great Tusk|100\/100\n|turn|4\n|\n|t:|1700542180\n|move|p2a: Great Tusk|Knock Off|p1a: Gholdengo\n|-supereffective|p1a: Gholdengo\n|-damage|p1a: Gholdengo|14\/100\n|-enditem|p1a: Gholdengo|Focus Sash|[from] move: Knock Off|[of] p2a: Great Tusk\n|move|p1a: Gholdengo|Trick|p2a: Great Tusk\n|-activate|p1a: Gholdengo|move: Trick|[of] p2a: Great Tusk\n|-enditem|p2a: Great Tusk|Assault Vest|[silent]|[from] move: Trick\n|-item|p1a: Gholdengo|Assault Vest|[from] move: Trick\n|\n|upkeep\n|turn|5\n|\n|t:|1700542193\n|move|p2a: Great Tusk|Earthquake|p1a: Gholdengo\n|-supereffective|p1a: Gholdengo\n|-damage|p1a: Gholdengo|0 fnt\n|faint|p1a: Gholdengo\n|\n|upkeep\n|\n|t:|1700542198\n|switch|p1a: Clefable|Clefable, M|100\/100\n|-damage|p1a: Clefable|88\/100|[from] Stealth Rock\n|turn|6\n|\n|t:|1700542205\n|-end|p2a: Great Tusk|Protosynthesis|[silent]\n|switch|p2a: Moltres|Moltres|100\/100\n|move|p1a: Clefable|Moonblast|p2a: Moltres\n|-resisted|p2a: Moltres\n|-damage|p2a: Moltres|83\/100\n|\n|-heal|p2a: Moltres|89\/100|[from] item: Leftovers\n|upkeep\n|turn|7\n|\n|t:|1700542212\n|move|p2a: Moltres|Will-O-Wisp|p1a: Clefable\n|-status|p1a: Clefable|brn\n|move|p1a: Clefable|Trick|p2a: Moltres\n|-activate|p1a: Clefable|move: Trick|[of] p2a: Moltres\n|-item|p2a: Moltres|Red Card|[from] move: Trick\n|-item|p1a: Clefable|Leftovers|[from] move: Trick\n|\n|-heal|p1a: Clefable|94\/100 brn|[from] item: Leftovers\n|-damage|p1a: Clefable|88\/100 brn|[from] brn\n|upkeep\n|turn|8\n|\n|t:|1700542222\n|move|p2a: Moltres|Hurricane|p1a: Clefable\n|-damage|p1a: Clefable|49\/100 brn\n|-start|p1a: Clefable|confusion\n|-activate|p1a: Clefable|confusion\n|move|p1a: Clefable|Thunder Wave|p2a: Moltres\n|-status|p2a: Moltres|par\n|\n|-heal|p1a: Clefable|55\/100 brn|[from] item: Leftovers\n|-damage|p1a: Clefable|49\/100 brn|[from] brn\n|upkeep\n|turn|9\n|\n|t:|1700542232\n|-end|p1a: Clefable|confusion\n|move|p1a: Clefable|Wish|p1a: Clefable\n|move|p2a: Moltres|Hurricane|p1a: Clefable|[miss]\n|-miss|p2a: Moltres|p1a: Clefable\n|\n|-heal|p1a: Clefable|55\/100 brn|[from] item: Leftovers\n|-damage|p1a: Clefable|49\/100 brn|[from] brn\n|upkeep\n|turn|10\n|\n|t:|1700542252\n|switch|p2a: Gholdengo|Gholdengo|100\/100\n|move|p1a: Clefable|Moonblast|p2a: Gholdengo\n|-resisted|p2a: Gholdengo\n|-damage|p2a: Gholdengo|82\/100\n|-enditem|p2a: Gholdengo|Red Card|[of] p1a: Clefable\n|drag|p1a: Meowscarada|Meowscarada, F|100\/100\n|-damage|p1a: Meowscarada|88\/100|[from] Stealth Rock\n|\n|-heal|p1a: Meowscarada|100\/100|[from] move: Wish|[wisher] Clefable\n|upkeep\n|turn|11\n|\n|t:|1700542266\n|-terastallize|p2a: Gholdengo|Steel\n|move|p1a: Meowscarada|Flower Trick|p2a: Gholdengo\n|-start|p1a: Meowscarada|typechange|Grass|[from] ability: Protean\n|-resisted|p2a: Gholdengo\n|-crit|p2a: Gholdengo\n|-damage|p2a: Gholdengo|39\/100\n|move|p2a: Gholdengo|Make It Rain|p1a: Meowscarada\n|-damage|p1a: Meowscarada|0 fnt\n|-unboost|p2a: Gholdengo|spa|1\n|faint|p1a: Meowscarada\n|\n|upkeep\n|\n|t:|1700542278\n|switch|p1a: Rotom|Rotom-Heat|100\/100\n|-damage|p1a: Rotom|76\/100|[from] Stealth Rock\n|turn|12\n|\n|t:|1700542284\n|switch|p2a: Moltres|Moltres|89\/100 par\n|move|p1a: Rotom|Volt Switch|p2a: Moltres\n|-supereffective|p2a: Moltres\n|-damage|p2a: Moltres|1\/100 par\n|-enditem|p2a: Moltres|Red Card|[of] p1a: Rotom\n|drag|p1a: Clefable|Clefable, M|49\/100 brn\n|-damage|p1a: Clefable|37\/100 brn|[from] Stealth Rock\n|\n|-heal|p1a: Clefable|43\/100 brn|[from] item: Leftovers\n|-damage|p1a: Clefable|37\/100 brn|[from] brn\n|upkeep\n|turn|13\n|\n|t:|1700542297\n|move|p1a: Clefable|Wish|p1a: Clefable\n|move|p2a: Moltres|Hurricane|p1a: Clefable\n|-crit|p1a: Clefable\n|-damage|p1a: Clefable|0 fnt\n|faint|p1a: Clefable\n|\n|upkeep\n|\n|t:|1700542304\n|switch|p1a: Rotom|Rotom-Heat|76\/100\n|-damage|p1a: Rotom|51\/100|[from] Stealth Rock\n|turn|14\n|\n|t:|1700542308\n|move|p1a: Rotom|Volt Switch|p2a: Moltres\n|-supereffective|p2a: Moltres\n|-damage|p2a: Moltres|0 fnt\n|faint|p2a: Moltres\n|\n|t:|1700542313\n|switch|p1a: Conkeldurr|Conkeldurr, M|100\/100|[from] Volt Switch\n|-damage|p1a: Conkeldurr|94\/100|[from] Stealth Rock\n|\n|-heal|p1a: Conkeldurr|100\/100|[from] move: Wish|[wisher] Clefable\n|-status|p1a: Conkeldurr|brn|[from] item: Flame Orb\n|upkeep\n|\n|t:|1700542320\n|switch|p2a: Sandy Shocks|Sandy Shocks|100\/100\n|-enditem|p2a: Sandy Shocks|Booster Energy\n|-activate|p2a: Sandy Shocks|ability: Protosynthesis|[fromitem]\n|-start|p2a: Sandy Shocks|protosynthesisspe\n|turn|15\n|\n|t:|1700542332\n|move|p2a: Sandy Shocks|Substitute|p2a: Sandy Shocks\n|-start|p2a: Sandy Shocks|Substitute\n|-damage|p2a: Sandy Shocks|76\/100\n|move|p1a: Conkeldurr|Hammer Arm|p2a: Sandy Shocks\n|-end|p2a: Sandy Shocks|Substitute\n|-unboost|p1a: Conkeldurr|spe|1\n|\n|-damage|p1a: Conkeldurr|94\/100 brn|[from] brn\n|upkeep\n|turn|16\n|\n|t:|1700542340\n|move|p2a: Sandy Shocks|Substitute|p2a: Sandy Shocks\n|-start|p2a: Sandy Shocks|Substitute\n|-damage|p2a: Sandy Shocks|51\/100\n|move|p1a: Conkeldurr|Hammer Arm|p2a: Sandy Shocks\n|-end|p2a: Sandy Shocks|Substitute\n|-unboost|p1a: Conkeldurr|spe|1\n|\n|-damage|p1a: Conkeldurr|88\/100 brn|[from] brn\n|upkeep\n|turn|17\n|\n|t:|1700542349\n|move|p2a: Sandy Shocks|Substitute|p2a: Sandy Shocks\n|-start|p2a: Sandy Shocks|Substitute\n|-damage|p2a: Sandy Shocks|26\/100\n|move|p1a: Conkeldurr|Hammer Arm|p2a: Sandy Shocks\n|-end|p2a: Sandy Shocks|Substitute\n|-unboost|p1a: Conkeldurr|spe|1\n|\n|-damage|p1a: Conkeldurr|82\/100 brn|[from] brn\n|upkeep\n|turn|18\n|\n|t:|1700542359\n|move|p2a: Sandy Shocks|Substitute|p2a: Sandy Shocks\n|-start|p2a: Sandy Shocks|Substitute\n|-damage|p2a: Sandy Shocks|1\/100\n|move|p1a: Conkeldurr|Hammer Arm|p2a: Sandy Shocks\n|-end|p2a: Sandy Shocks|Substitute\n|-unboost|p1a: Conkeldurr|spe|1\n|\n|-damage|p1a: Conkeldurr|76\/100 brn|[from] brn\n|upkeep\n|turn|19\n|\n|t:|1700542368\n|move|p2a: Sandy Shocks|Sunny Day|p2a: Sandy Shocks\n|-weather|SunnyDay\n|move|p1a: Conkeldurr|Thief|p2a: Sandy Shocks\n|-damage|p2a: Sandy Shocks|0 fnt\n|faint|p2a: Sandy Shocks\n|-end|p2a: Sandy Shocks|Protosynthesis|[silent]\n|\n|-weather|SunnyDay|[upkeep]\n|-damage|p1a: Conkeldurr|70\/100 brn|[from] brn\n|upkeep\n|\n|t:|1700542374\n|switch|p2a: Great Tusk|Great Tusk|100\/100\n|-activate|p2a: Great Tusk|ability: Protosynthesis\n|-start|p2a: Great Tusk|protosynthesisatk\n|turn|20\n|\n|t:|1700542380\n|move|p2a: Great Tusk|Brick Break|p1a: Conkeldurr\n|-damage|p1a: Conkeldurr|24\/100 brn\n|move|p1a: Conkeldurr|Fling|p2a: Great Tusk\n|-resisted|p2a: Great Tusk\n|-crit|p2a: Great Tusk\n|-damage|p2a: Great Tusk|92\/100\n|-status|p2a: Great Tusk|brn\n|-enditem|p1a: Conkeldurr|Flame Orb|[from] move: Fling\n|\n|-weather|SunnyDay|[upkeep]\n|-damage|p2a: Great Tusk|86\/100 brn|[from] brn\n|-damage|p1a: Conkeldurr|18\/100 brn|[from] brn\n|upkeep\n|turn|21\n|\n|t:|1700542394\n|move|p2a: Great Tusk|Earthquake|p1a: Conkeldurr\n|-damage|p1a: Conkeldurr|0 fnt\n|faint|p1a: Conkeldurr\n|\n|-weather|SunnyDay|[upkeep]\n|-damage|p2a: Great Tusk|79\/100 brn|[from] brn\n|upkeep\n|\n|t:|1700542403\n|switch|p1a: Hatter|Hatterene, F, shiny|100\/100\n|-damage|p1a: Hatter|88\/100|[from] Stealth Rock\n|turn|22\n|\n|t:|1700542415\n|-terastallize|p1a: Hatter|Psychic\n|move|p2a: Great Tusk|Earthquake|p1a: Hatter\n|-damage|p1a: Hatter|46\/100\n|move|p1a: Hatter|Psychic|p2a: Great Tusk\n|-supereffective|p2a: Great Tusk\n|-damage|p2a: Great Tusk|0 fnt\n|faint|p2a: Great Tusk\n|-end|p2a: Great Tusk|Protosynthesis|[silent]\n|\n|-weather|SunnyDay|[upkeep]\n|upkeep\n|\n|t:|1700542423\n|switch|p2a: Gholdengo|Gholdengo, tera:Steel|39\/100\n|turn|23\n|\n|t:|1700542431\n|move|p2a: Gholdengo|Shadow Ball|p1a: Hatter\n|-supereffective|p1a: Hatter\n|-damage|p1a: Hatter|0 fnt\n|faint|p1a: Hatter\n|\n|-weather|none\n|upkeep\n|\n|t:|1700542437\n|switch|p1a: Rotom|Rotom-Heat|51\/100\n|-damage|p1a: Rotom|26\/100|[from] Stealth Rock\n|turn|24\n|\n|t:|1700542452\n|move|p1a: Rotom|Volt Switch|p2a: Gholdengo\n|-damage|p2a: Gholdengo|0 fnt\n|faint|p2a: Gholdengo\n|\n|upkeep\n|\n|t:|1700542455\n|switch|p2a: Iron Valiant|Iron Valiant|100\/100\n|turn|25\n|\n|t:|1700542459\n|move|p2a: Iron Valiant|Moonblast|p1a: Rotom\n|-resisted|p1a: Rotom\n|-damage|p1a: Rotom|0 fnt\n|faint|p1a: Rotom\n|\n|win|Joker040921\n|raw|Regi345's rating: 1070 &rarr; <strong>1052<\/strong><br \/>(-18 for losing)\n|raw|Joker040921's rating: 1107 &rarr; <strong>1129<\/strong><br \/>(+22 for winning)\n|l|\u2606Regi345\n","uploadtime":1700542467,"views":2,"p1id":"regi345","p2id":"joker040921","formatid":"gen9ou","rating":1052,"private":0,"password":""}