{"id":"gen9ou-1989728477","p1":"Genarf","p2":"Voyager49","format":"[Gen 9] OU","log":"|j|\u203dGenarf\n|j|\u2606Voyager49\n|t:|1699890660\n|gametype|singles\n|player|p1|Genarf|plasmagruntf|1188\n|player|p2|Voyager49|pokemonranger-gen4|1243\n|teamsize|p1|6\n|teamsize|p2|6\n|gen|9\n|tier|[Gen 9] OU\n|rated|\n|rule|Sleep Clause Mod: Limit one foe put to sleep\n|rule|Species Clause: Limit one of each Pok\u00e9mon\n|rule|OHKO Clause: OHKO moves are banned\n|rule|Evasion Items Clause: Evasion items are banned\n|rule|Evasion Moves Clause: Evasion moves are banned\n|rule|Endless Battle Clause: Forcing endless battles is banned\n|rule|HP Percentage Mod: HP is shown in percentages\n|clearpoke\n|poke|p1|Rillaboom, M|\n|poke|p1|Sneasler, F|\n|poke|p1|Ribombee, M|\n|poke|p1|Samurott-Hisui, F|\n|poke|p1|Dondozo, M|\n|poke|p1|Ceruledge, F|\n|poke|p2|Rillaboom, F|\n|poke|p2|Sneasler, M|\n|poke|p2|Ogerpon-Cornerstone, F|\n|poke|p2|Iron Valiant|\n|poke|p2|Samurott-Hisui, M|\n|poke|p2|Hatterene, F|\n|teampreview\n|inactive|Battle timer is ON: inactive players will automatically lose when time's up. (requested by Voyager49)\n|inactive|Genarf also wants the timer to be on.\n|\n|t:|1699890667\n|start\n|switch|p1a: Ribombee|Ribombee, M|100\/100\n|switch|p2a: Ogerpon|Ogerpon-Cornerstone, F|100\/100\n|turn|1\n|\n|t:|1699890675\n|move|p1a: Ribombee|U-turn|p2a: Ogerpon\n|-supereffective|p2a: Ogerpon\n|-crit|p2a: Ogerpon\n|-damage|p2a: Ogerpon|51\/100\n|\n|t:|1699890685\n|switch|p1a: Rillaboom|Rillaboom, M|100\/100|[from] U-turn\n|-fieldstart|move: Grassy Terrain|[from] ability: Grassy Surge|[of] p1a: Rillaboom\n|move|p2a: Ogerpon|Trailblaze|p1a: Rillaboom\n|-resisted|p1a: Rillaboom\n|-damage|p1a: Rillaboom|78\/100\n|-boost|p2a: Ogerpon|spe|1\n|\n|-heal|p2a: Ogerpon|57\/100|[from] Grassy Terrain\n|-heal|p1a: Rillaboom|84\/100|[from] Grassy Terrain\n|upkeep\n|turn|2\n|\n|t:|1699890697\n|switch|p2a: Sneasler|Sneasler, M|100\/100\n|-enditem|p2a: Sneasler|Grassy Seed\n|-boost|p2a: Sneasler|def|1|[from] item: Grassy Seed\n|move|p1a: Rillaboom|Grassy Glide|p2a: Sneasler\n|-resisted|p2a: Sneasler\n|-damage|p2a: Sneasler|68\/100\n|\n|-heal|p2a: Sneasler|74\/100|[from] Grassy Terrain\n|-heal|p1a: Rillaboom|90\/100|[from] Grassy Terrain\n|upkeep\n|turn|3\n|\n|t:|1699890712\n|switch|p1a: Dondozo|Dondozo, M|100\/100\n|move|p2a: Sneasler|Acrobatics|p1a: Dondozo\n|-damage|p1a: Dondozo|82\/100\n|\n|-heal|p2a: Sneasler|80\/100|[from] Grassy Terrain\n|-heal|p1a: Dondozo|89\/100|[from] Grassy Terrain\n|-heal|p1a: Dondozo|95\/100|[from] item: Leftovers\n|upkeep\n|turn|4\n|\n|t:|1699890721\n|switch|p2a: Ogerpon|Ogerpon-Cornerstone, F|57\/100\n|move|p1a: Dondozo|Curse|p1a: Dondozo\n|-unboost|p1a: Dondozo|spe|1\n|-boost|p1a: Dondozo|atk|1\n|-boost|p1a: Dondozo|def|1\n|\n|-heal|p2a: Ogerpon|63\/100|[from] Grassy Terrain\n|-heal|p1a: Dondozo|100\/100|[from] Grassy Terrain\n|upkeep\n|turn|5\n|\n|t:|1699890735\n|move|p2a: Ogerpon|Horn Leech|p1a: Dondozo\n|-supereffective|p1a: Dondozo\n|-damage|p1a: Dondozo|67\/100\n|-heal|p2a: Ogerpon|91\/100|[from] drain|[of] p1a: Dondozo\n|move|p1a: Dondozo|Curse|p1a: Dondozo\n|-unboost|p1a: Dondozo|spe|1\n|-boost|p1a: Dondozo|atk|1\n|-boost|p1a: Dondozo|def|1\n|\n|-heal|p2a: Ogerpon|97\/100|[from] Grassy Terrain\n|-heal|p1a: Dondozo|73\/100|[from] Grassy Terrain\n|-heal|p1a: Dondozo|79\/100|[from] item: Leftovers\n|-fieldend|move: Grassy Terrain\n|upkeep\n|turn|6\n|\n|t:|1699890752\n|move|p2a: Ogerpon|Horn Leech|p1a: Dondozo\n|-supereffective|p1a: Dondozo\n|-damage|p1a: Dondozo|58\/100\n|-heal|p2a: Ogerpon|100\/100|[from] drain|[of] p1a: Dondozo\n|move|p1a: Dondozo|Waterfall|p2a: Ogerpon\n|-damage|p2a: Ogerpon|32\/100\n|\n|-heal|p1a: Dondozo|64\/100|[from] item: Leftovers\n|upkeep\n|turn|7\n|\n|t:|1699890761\n|move|p2a: Ogerpon|Horn Leech|p1a: Dondozo\n|-supereffective|p1a: Dondozo\n|-damage|p1a: Dondozo|42\/100\n|-heal|p2a: Ogerpon|50\/100|[from] drain|[of] p1a: Dondozo\n|move|p1a: Dondozo|Rest|p1a: Dondozo\n|-status|p1a: Dondozo|slp|[from] move: Rest\n|-heal|p1a: Dondozo|100\/100 slp|[silent]\n|\n|upkeep\n|turn|8\n|\n|t:|1699890778\n|move|p2a: Ogerpon|Horn Leech|p1a: Dondozo\n|-supereffective|p1a: Dondozo\n|-damage|p1a: Dondozo|79\/100 slp\n|-heal|p2a: Ogerpon|68\/100|[from] drain|[of] p1a: Dondozo\n|cant|p1a: Dondozo|slp\n|move|p1a: Dondozo|Sleep Talk|p1a: Dondozo\n|move|p1a: Dondozo|Curse|p1a: Dondozo|[from]move: Sleep Talk\n|-unboost|p1a: Dondozo|spe|1\n|-boost|p1a: Dondozo|atk|1\n|-boost|p1a: Dondozo|def|1\n|\n|-heal|p1a: Dondozo|85\/100 slp|[from] item: Leftovers\n|upkeep\n|turn|9\n|\n|t:|1699890793\n|switch|p2a: Rillaboom|Rillaboom, F|100\/100\n|-fieldstart|move: Grassy Terrain|[from] ability: Grassy Surge|[of] p2a: Rillaboom\n|cant|p1a: Dondozo|slp\n|move|p1a: Dondozo|Sleep Talk|p1a: Dondozo\n|move|p1a: Dondozo|Waterfall|p2a: Rillaboom|[from]move: Sleep Talk\n|-resisted|p2a: Rillaboom\n|-damage|p2a: Rillaboom|62\/100\n|\n|-heal|p2a: Rillaboom|68\/100|[from] Grassy Terrain\n|-heal|p1a: Dondozo|91\/100 slp|[from] Grassy Terrain\n|-heal|p1a: Dondozo|98\/100 slp|[from] item: Leftovers\n|upkeep\n|turn|10\n|\n|t:|1699890809\n|-terastallize|p2a: Rillaboom|Grass\n|move|p2a: Rillaboom|Wood Hammer|p1a: Dondozo\n|-supereffective|p1a: Dondozo\n|-damage|p1a: Dondozo|32\/100 slp\n|-damage|p2a: Rillaboom|36\/100|[from] Recoil\n|-curestatus|p1a: Dondozo|slp|[msg]\n|move|p1a: Dondozo|Waterfall|p2a: Rillaboom\n|-resisted|p2a: Rillaboom\n|-damage|p2a: Rillaboom|0 fnt\n|faint|p2a: Rillaboom\n|\n|-heal|p1a: Dondozo|38\/100|[from] Grassy Terrain\n|-heal|p1a: Dondozo|44\/100|[from] item: Leftovers\n|upkeep\n|\n|t:|1699890816\n|switch|p2a: Iron Valiant|Iron Valiant, shiny|100\/100\n|-enditem|p2a: Iron Valiant|Booster Energy\n|-activate|p2a: Iron Valiant|ability: Quark Drive|[fromitem]\n|-start|p2a: Iron Valiant|quarkdrivespe\n|turn|11\n|inactive|Genarf has 120 seconds left.\n|\n|t:|1699890867\n|move|p2a: Iron Valiant|Thunderbolt|p1a: Dondozo\n|-supereffective|p1a: Dondozo\n|-damage|p1a: Dondozo|0 fnt\n|faint|p1a: Dondozo\n|\n|upkeep\n|\n|t:|1699890873\n|switch|p1a: Rillaboom|Rillaboom, M|90\/100\n|turn|12\n|\n|t:|1699890880\n|move|p1a: Rillaboom|Grassy Glide|p2a: Iron Valiant\n|-damage|p2a: Iron Valiant|27\/100\n|move|p2a: Iron Valiant|Moonblast|p1a: Rillaboom\n|-damage|p1a: Rillaboom|32\/100\n|\n|-heal|p2a: Iron Valiant|33\/100|[from] Grassy Terrain\n|-heal|p1a: Rillaboom|38\/100|[from] Grassy Terrain\n|upkeep\n|turn|13\n|\n|t:|1699890890\n|move|p1a: Rillaboom|Grassy Glide|p2a: Iron Valiant\n|-damage|p2a: Iron Valiant|0 fnt\n|faint|p2a: Iron Valiant\n|-end|p2a: Iron Valiant|Quark Drive|[silent]\n|\n|-heal|p1a: Rillaboom|44\/100|[from] Grassy Terrain\n|-fieldend|move: Grassy Terrain\n|upkeep\n|\n|t:|1699890895\n|switch|p2a: Ogerpon|Ogerpon-Cornerstone, F|68\/100\n|turn|14\n|inactive|Genarf has 120 seconds left.\n|\n|t:|1699890918\n|move|p2a: Ogerpon|Trailblaze|p1a: Rillaboom\n|-resisted|p1a: Rillaboom\n|-damage|p1a: Rillaboom|27\/100\n|-boost|p2a: Ogerpon|spe|1\n|move|p1a: Rillaboom|Grassy Glide|p2a: Ogerpon\n|-damage|p2a: Ogerpon|14\/100\n|\n|upkeep\n|turn|15\n|\n|t:|1699890931\n|switch|p1a: Ceruledge|Ceruledge, F|100\/100\n|move|p2a: Ogerpon|Ivy Cudgel|p1a: Ceruledge\n|-supereffective|p1a: Ceruledge\n|-enditem|p1a: Ceruledge|Focus Sash\n|-damage|p1a: Ceruledge|1\/100\n|-ability|p1a: Ceruledge|Weak Armor|boost\n|-unboost|p1a: Ceruledge|def|1\n|-boost|p1a: Ceruledge|spe|2\n|\n|upkeep\n|turn|16\n|\n|t:|1699890944\n|move|p1a: Ceruledge|Bitter Blade|p2a: Ogerpon\n|-crit|p2a: Ogerpon\n|-damage|p2a: Ogerpon|0 fnt\n|-heal|p1a: Ceruledge|8\/100|[from] drain|[of] p2a: Ogerpon\n|faint|p2a: Ogerpon\n|\n|upkeep\n|\n|t:|1699890949\n|switch|p2a: Sneasler|Sneasler, M|80\/100\n|turn|17\n|\n|t:|1699890956\n|move|p1a: Ceruledge|Bitter Blade|p2a: Sneasler\n|-damage|p2a: Sneasler|0 fnt\n|-heal|p1a: Ceruledge|49\/100|[from] drain|[of] p2a: Sneasler\n|faint|p2a: Sneasler\n|\n|upkeep\n|-message|Voyager49 forfeited.\n|\n|win|Genarf\n|raw|Genarf's rating: 1188 &rarr; <strong>1217<\/strong><br \/>(+29 for winning)\n|raw|Voyager49's rating: 1243 &rarr; <strong>1214<\/strong><br \/>(-29 for losing)\n|l|\u2606Voyager49\n","uploadtime":1699891014,"views":21,"p1id":"genarf","p2id":"voyager49","formatid":"gen9ou","rating":1214,"private":0,"password":""}