{"id":"gen9ou-1993450479","p1":"Astralgoku17","p2":"For fun sm4sh","format":"[Gen 9] OU","log":"|j|\u2606Astralgoku17\n|j|\u2606For fun sm4sh\n|t:|1700319449\n|gametype|singles\n|player|p1|Astralgoku17|266|1092\n|player|p2|For fun sm4sh|hoopster|1159\n|teamsize|p1|6\n|teamsize|p2|6\n|gen|9\n|tier|[Gen 9] OU\n|rated|\n|rule|Sleep Clause Mod: Limit one foe put to sleep\n|rule|Species Clause: Limit one of each Pok\u00e9mon\n|rule|OHKO Clause: OHKO moves are banned\n|rule|Evasion Items Clause: Evasion items are banned\n|rule|Evasion Moves Clause: Evasion moves are banned\n|rule|Endless Battle Clause: Forcing endless battles is banned\n|rule|HP Percentage Mod: HP is shown in percentages\n|clearpoke\n|poke|p1|Ceruledge, F|\n|poke|p1|Great Tusk|\n|poke|p1|Alomomola, F|\n|poke|p1|Torkoal, F|\n|poke|p1|Iron Moth|\n|poke|p1|Shiftry, F|\n|poke|p2|Blissey, F|\n|poke|p2|Dondozo, F|\n|poke|p2|Hatterene, F|\n|poke|p2|Ceruledge, M|\n|poke|p2|Meowscarada, M|\n|poke|p2|Zoroark-Hisui, M|\n|teampreview\n|inactive|Battle timer is ON: inactive players will automatically lose when time's up. (requested by For fun sm4sh)\n|\n|t:|1700319469\n|start\n|switch|p1a: Torkoal|Torkoal, F|100\/100\n|switch|p2a: Meowscarada|Meowscarada, M|100\/100\n|-weather|SunnyDay|[from] ability: Drought|[of] p1a: Torkoal\n|turn|1\n|\n|t:|1700319480\n|move|p2a: Meowscarada|U-turn|p1a: Torkoal\n|-start|p2a: Meowscarada|typechange|Bug|[from] ability: Protean\n|-resisted|p1a: Torkoal\n|-damage|p1a: Torkoal|83\/100\n|\n|t:|1700319488\n|switch|p2a: Ceruledge|Ceruledge, M|100\/100|[from] U-turn\n|move|p1a: Torkoal|Will-O-Wisp|p2a: Ceruledge\n|-start|p2a: Ceruledge|ability: Flash Fire\n|\n|-weather|SunnyDay|[upkeep]\n|upkeep\n|turn|2\n|\n|t:|1700319504\n|switch|p1a: Great Tusk|Great Tusk|100\/100\n|-activate|p1a: Great Tusk|ability: Protosynthesis\n|-start|p1a: Great Tusk|protosynthesisatk\n|move|p2a: Ceruledge|Swords Dance|p2a: Ceruledge\n|-boost|p2a: Ceruledge|atk|2\n|\n|-weather|SunnyDay|[upkeep]\n|upkeep\n|turn|3\n|\n|t:|1700319518\n|-end|p2a: Ceruledge|ability: Flash Fire|[silent]\n|switch|p2a: Dondozo|Dondozo, F|100\/100\n|move|p1a: Great Tusk|Headlong Rush|p2a: Dondozo\n|-damage|p2a: Dondozo|67\/100\n|-unboost|p1a: Great Tusk|def|1\n|-unboost|p1a: Great Tusk|spd|1\n|-damage|p1a: Great Tusk|84\/100|[from] item: Rocky Helmet|[of] p2a: Dondozo\n|\n|-weather|SunnyDay|[upkeep]\n|upkeep\n|turn|4\n|\n|t:|1700319531\n|move|p1a: Great Tusk|Close Combat|p2a: Dondozo\n|-damage|p2a: Dondozo|34\/100\n|-unboost|p1a: Great Tusk|def|1\n|-unboost|p1a: Great Tusk|spd|1\n|-damage|p1a: Great Tusk|68\/100|[from] item: Rocky Helmet|[of] p2a: Dondozo\n|move|p2a: Dondozo|Wave Crash|p1a: Great Tusk\n|-supereffective|p1a: Great Tusk\n|-crit|p1a: Great Tusk\n|-damage|p1a: Great Tusk|19\/100\n|-damage|p2a: Dondozo|22\/100|[from] Recoil\n|\n|-weather|SunnyDay|[upkeep]\n|upkeep\n|turn|5\n|\n|t:|1700319545\n|switch|p2a: Ceruledge|Ceruledge, M|100\/100\n|move|p1a: Great Tusk|Close Combat|p2a: Ceruledge\n|-immune|p2a: Ceruledge\n|\n|-weather|none\n|-end|p1a: Great Tusk|Protosynthesis\n|upkeep\n|turn|6\n|\n|t:|1700319556\n|-end|p1a: Great Tusk|Protosynthesis|[silent]\n|switch|p1a: Torkoal|Torkoal, F|83\/100\n|-weather|SunnyDay|[from] ability: Drought|[of] p1a: Torkoal\n|move|p2a: Ceruledge|Shadow Sneak|p1a: Torkoal\n|-damage|p1a: Torkoal|69\/100\n|\n|-weather|SunnyDay|[upkeep]\n|upkeep\n|turn|7\n|\n|t:|1700319578\n|switch|p1a: Iron Moth|Iron Moth|100\/100\n|-enditem|p1a: Iron Moth|Booster Energy\n|-activate|p1a: Iron Moth|ability: Quark Drive|[fromitem]\n|-start|p1a: Iron Moth|quarkdrivespa\n|move|p2a: Ceruledge|Swords Dance|p2a: Ceruledge\n|-boost|p2a: Ceruledge|atk|2\n|\n|-weather|SunnyDay|[upkeep]\n|upkeep\n|turn|8\n|\n|t:|1700319589\n|move|p2a: Ceruledge|Shadow Sneak|p1a: Iron Moth\n|-damage|p1a: Iron Moth|34\/100\n|move|p1a: Iron Moth|Toxic|p2a: Ceruledge\n|-status|p2a: Ceruledge|tox\n|\n|-weather|SunnyDay|[upkeep]\n|-damage|p2a: Ceruledge|94\/100 tox|[from] psn\n|upkeep\n|turn|9\n|\n|t:|1700319598\n|-end|p1a: Iron Moth|Quark Drive|[silent]\n|switch|p1a: Alomomola|Alomomola, F|100\/100\n|move|p2a: Ceruledge|Shadow Sneak|p1a: Alomomola\n|-damage|p1a: Alomomola|77\/100\n|\n|-weather|SunnyDay|[upkeep]\n|-heal|p2a: Ceruledge|100\/100 tox|[from] item: Leftovers\n|-heal|p1a: Alomomola|83\/100|[from] item: Leftovers\n|-damage|p2a: Ceruledge|88\/100 tox|[from] psn\n|upkeep\n|turn|10\n|\n|t:|1700319610\n|switch|p2a: Meowscarada|Meowscarada, M|100\/100\n|move|p1a: Alomomola|Wish|p1a: Alomomola\n|\n|-weather|none\n|-heal|p1a: Alomomola|90\/100|[from] item: Leftovers\n|upkeep\n|turn|11\n|inactive|For fun sm4sh has 120 seconds left.\n|\n|t:|1700319640\n|switch|p1a: Iron Moth|Iron Moth|34\/100\n|move|p2a: Meowscarada|Night Slash|p1a: Iron Moth\n|-start|p2a: Meowscarada|typechange|Dark|[from] ability: Protean\n|-crit|p1a: Iron Moth\n|-damage|p1a: Iron Moth|0 fnt\n|faint|p1a: Iron Moth\n|-end|p1a: Iron Moth|Quark Drive|[silent]\n|\n|upkeep\n|\n|t:|1700319651\n|switch|p1a: Great Tusk|Great Tusk|19\/100\n|turn|12\n|\n|t:|1700319660\n|switch|p2a: Ceruledge|Ceruledge, M|88\/100 tox\n|move|p1a: Great Tusk|Close Combat|p2a: Ceruledge\n|-immune|p2a: Ceruledge\n|\n|-heal|p2a: Ceruledge|94\/100 tox|[from] item: Leftovers\n|-damage|p2a: Ceruledge|88\/100 tox|[from] psn\n|upkeep\n|turn|13\n|\n|t:|1700319674\n|move|p2a: Ceruledge|Shadow Sneak|p1a: Great Tusk\n|-damage|p1a: Great Tusk|5\/100\n|move|p1a: Great Tusk|Headlong Rush|p2a: Ceruledge\n|-supereffective|p2a: Ceruledge\n|-damage|p2a: Ceruledge|0 fnt\n|-unboost|p1a: Great Tusk|def|1\n|-unboost|p1a: Great Tusk|spd|1\n|faint|p2a: Ceruledge\n|\n|upkeep\n|\n|t:|1700319678\n|switch|p2a: Meowscarada|Meowscarada, M|100\/100\n|turn|14\n|\n|t:|1700319688\n|-end|p1a: Great Tusk|Protosynthesis|[silent]\n|switch|p1a: Alomomola|Alomomola, F|100\/100\n|move|p2a: Meowscarada|U-turn|p1a: Alomomola\n|-start|p2a: Meowscarada|typechange|Bug|[from] ability: Protean\n|-damage|p1a: Alomomola|74\/100\n|\n|t:|1700319696\n|switch|p2a: Hatterene|Hatterene, F|100\/100|[from] U-turn\n|\n|-heal|p1a: Alomomola|80\/100|[from] item: Leftovers\n|upkeep\n|turn|15\n|\n|t:|1700319704\n|move|p1a: Alomomola|Wish|p1a: Alomomola\n|move|p2a: Hatterene|Nuzzle|p1a: Alomomola\n|-supereffective|p1a: Alomomola\n|-damage|p1a: Alomomola|75\/100\n|-status|p1a: Alomomola|par\n|\n|-heal|p1a: Alomomola|81\/100 par|[from] item: Leftovers\n|upkeep\n|turn|16\n|\n|t:|1700319714\n|switch|p2a: Meowscarada|Meowscarada, M|100\/100\n|cant|p1a: Alomomola|par\n|\n|-heal|p1a: Alomomola|100\/100 par|[from] move: Wish|[wisher] Alomomola\n|upkeep\n|turn|17\n|\n|t:|1700319725\n|move|p2a: Meowscarada|Flower Trick|p1a: Alomomola\n|-start|p2a: Meowscarada|typechange|Grass|[from] ability: Protean\n|-supereffective|p1a: Alomomola\n|-crit|p1a: Alomomola\n|-damage|p1a: Alomomola|19\/100 par\n|move|p1a: Alomomola|Wish|p1a: Alomomola\n|\n|-heal|p1a: Alomomola|25\/100 par|[from] item: Leftovers\n|upkeep\n|turn|18\n|\n|t:|1700319738\n|switch|p1a: Torkoal|Torkoal, F|69\/100\n|-weather|SunnyDay|[from] ability: Drought|[of] p1a: Torkoal\n|move|p2a: Meowscarada|Flower Trick|p1a: Torkoal\n|-resisted|p1a: Torkoal\n|-crit|p1a: Torkoal\n|-damage|p1a: Torkoal|46\/100\n|\n|-weather|SunnyDay|[upkeep]\n|-heal|p1a: Torkoal|100\/100|[from] move: Wish|[wisher] Alomomola\n|upkeep\n|turn|19\n|\n|t:|1700319751\n|switch|p2a: Blissey|Blissey, F, shiny|100\/100\n|move|p1a: Torkoal|Overheat|p2a: Blissey\n|-damage|p2a: Blissey|74\/100\n|-unboost|p1a: Torkoal|spa|2\n|\n|-weather|SunnyDay|[upkeep]\n|-heal|p2a: Blissey|80\/100|[from] item: Leftovers\n|upkeep\n|turn|20\n|\n|t:|1700319767\n|switch|p1a: Shiftry|Shiftry, F|100\/100\n|move|p2a: Blissey|Thunder Wave|p1a: Shiftry\n|-status|p1a: Shiftry|par\n|\n|-weather|SunnyDay|[upkeep]\n|-heal|p2a: Blissey|86\/100|[from] item: Leftovers\n|upkeep\n|turn|21\n|\n|t:|1700319785\n|switch|p2a: Meowscarada|Meowscarada, M|100\/100\n|cant|p1a: Shiftry|par\n|\n|-weather|SunnyDay|[upkeep]\n|upkeep\n|turn|22\n|\n|t:|1700319793\n|-terastallize|p1a: Shiftry|Fire\n|move|p2a: Meowscarada|U-turn|p1a: Shiftry\n|-start|p2a: Meowscarada|typechange|Bug|[from] ability: Protean\n|-resisted|p1a: Shiftry\n|-damage|p1a: Shiftry|65\/100 par\n|\n|t:|1700319800\n|switch|p2a: Dondozo|Dondozo, F|22\/100|[from] U-turn\n|move|p1a: Shiftry|Swords Dance|p1a: Shiftry\n|-boost|p1a: Shiftry|atk|2\n|\n|-weather|none\n|upkeep\n|turn|23\n|\n|t:|1700319810\n|move|p1a: Shiftry|Trailblaze|p2a: Dondozo\n|-supereffective|p2a: Dondozo\n|-damage|p2a: Dondozo|0 fnt\n|-boost|p1a: Shiftry|spe|1\n|-damage|p1a: Shiftry|48\/100 par|[from] item: Rocky Helmet|[of] p2a: Dondozo\n|faint|p2a: Dondozo\n|-damage|p1a: Shiftry|38\/100 par|[from] item: Life Orb\n|\n|upkeep\n|\n|t:|1700319816\n|switch|p2a: Hatterene|Hatterene, F|100\/100\n|turn|24\n|\n|t:|1700319828\n|move|p2a: Hatterene|Shadow Ball|p1a: Shiftry\n|-damage|p1a: Shiftry|0 fnt\n|faint|p1a: Shiftry\n|\n|upkeep\n|\n|t:|1700319840\n|switch|p1a: Ceruledge|Ceruledge, F|100\/100\n|turn|25\n|\n|t:|1700319850\n|move|p2a: Hatterene|Shadow Ball|p1a: Ceruledge\n|-supereffective|p1a: Ceruledge\n|-damage|p1a: Ceruledge|0 fnt\n|faint|p1a: Ceruledge\n|\n|upkeep\n|\n|t:|1700319864\n|switch|p1a: Alomomola|Alomomola, F|59\/100 par\n|turn|26\n|\n|t:|1700319869\n|move|p2a: Hatterene|Shadow Ball|p1a: Alomomola\n|-damage|p1a: Alomomola|0 fnt\n|faint|p1a: Alomomola\n|\n|upkeep\n|\n|t:|1700319876\n|switch|p1a: Great Tusk|Great Tusk|5\/100\n|turn|27\n|\n|t:|1700319882\n|move|p2a: Hatterene|Shadow Ball|p1a: Great Tusk\n|-damage|p1a: Great Tusk|0 fnt\n|faint|p1a: Great Tusk\n|-end|p1a: Great Tusk|Protosynthesis|[silent]\n|\n|upkeep\n|-message|Astralgoku17 forfeited.\n|\n|win|For fun sm4sh\n|raw|Astralgoku17's rating: 1092 &rarr; <strong>1073<\/strong><br \/>(-19 for losing)\n|raw|For fun sm4sh's rating: 1159 &rarr; <strong>1179<\/strong><br \/>(+20 for winning)\n|l|\u2606Astralgoku17\n","uploadtime":1700319897,"views":22,"p1id":"astralgoku17","p2id":"forfunsm4sh","formatid":"gen9ou","rating":1073,"private":0,"password":""}