{"id":"gen9ou-1991627798","p1":"hahajahaisiaiajaha","p2":"Dcbklknvccf","format":"[Gen 9] OU","log":"|j|\u2606hahajahaisiaiajaha\n|j|\u2606Dcbklknvccf\n|t:|1700095898\n|gametype|singles\n|player|p1|hahajahaisiaiajaha|skierf-gen4dp|1000\n|player|p2|Dcbklknvccf|artist-gen4|1000\n|teamsize|p1|6\n|teamsize|p2|6\n|gen|9\n|tier|[Gen 9] OU\n|rated|\n|rule|Sleep Clause Mod: Limit one foe put to sleep\n|rule|Species Clause: Limit one of each Pok\u00e9mon\n|rule|OHKO Clause: OHKO moves are banned\n|rule|Evasion Items Clause: Evasion items are banned\n|rule|Evasion Moves Clause: Evasion moves are banned\n|rule|Endless Battle Clause: Forcing endless battles is banned\n|rule|HP Percentage Mod: HP is shown in percentages\n|clearpoke\n|poke|p1|Kingambit, F|\n|poke|p1|Skeledirge, M|\n|poke|p1|Clefable, F|\n|poke|p1|Alomomola, M|\n|poke|p1|Garchomp, M|\n|poke|p1|Mandibuzz, F|\n|poke|p2|Mamoswine, F|\n|poke|p2|Ceruledge, M|\n|poke|p2|Breloom, M|\n|poke|p2|Clefable, F|\n|poke|p2|Corviknight, F|\n|poke|p2|Frosmoth, M|\n|teampreview\n|inactive|Battle timer is ON: inactive players will automatically lose when time's up. (requested by hahajahaisiaiajaha)\n|\n|t:|1700095916\n|start\n|switch|p1a: Alomomola|Alomomola, M|100\/100\n|switch|p2a: Mamoswine|Mamoswine, F|100\/100\n|turn|1\n|\n|t:|1700095922\n|move|p2a: Mamoswine|Earthquake|p1a: Alomomola\n|-damage|p1a: Alomomola|68\/100\n|move|p1a: Alomomola|Scald|p2a: Mamoswine\n|-supereffective|p2a: Mamoswine\n|-damage|p2a: Mamoswine|75\/100\n|\n|upkeep\n|turn|2\n|\n|t:|1700095928\n|move|p2a: Mamoswine|Earthquake|p1a: Alomomola\n|-crit|p1a: Alomomola\n|-damage|p1a: Alomomola|22\/100\n|move|p1a: Alomomola|Wish|p1a: Alomomola\n|\n|upkeep\n|turn|3\n|\n|t:|1700095935\n|switch|p2a: Breloom|Breloom, M|100\/100\n|move|p1a: Alomomola|Protect||[still]\n|-fail|p1a: Alomomola\n|\n|-heal|p1a: Alomomola|72\/100|[from] move: Wish|[wisher] Alomomola\n|upkeep\n|turn|4\n|\n|t:|1700095952\n|switch|p1a: Garchomp|Garchomp, M|100\/100\n|move|p2a: Breloom|Swords Dance|p2a: Breloom\n|-boost|p2a: Breloom|atk|2\n|\n|upkeep\n|turn|5\n|\n|t:|1700095963\n|switch|p1a: Clefable|Clefable, F|100\/100\n|move|p2a: Breloom|Bullet Seed|p1a: Clefable\n|-damage|p1a: Clefable|85\/100\n|-damage|p1a: Clefable|70\/100\n|-damage|p1a: Clefable|54\/100\n|-damage|p1a: Clefable|39\/100\n|-hitcount|p1a: Clefable|4\n|\n|upkeep\n|turn|6\n|\n|t:|1700095974\n|switch|p1a: Skeledirge|Skeledirge, M|100\/100\n|move|p2a: Breloom|Bullet Seed|p1a: Skeledirge\n|-resisted|p1a: Skeledirge\n|-damage|p1a: Skeledirge|92\/100\n|-resisted|p1a: Skeledirge\n|-damage|p1a: Skeledirge|84\/100\n|-resisted|p1a: Skeledirge\n|-damage|p1a: Skeledirge|76\/100\n|-resisted|p1a: Skeledirge\n|-damage|p1a: Skeledirge|67\/100\n|-resisted|p1a: Skeledirge\n|-damage|p1a: Skeledirge|59\/100\n|-hitcount|p1a: Skeledirge|5\n|\n|upkeep\n|turn|7\n|\n|t:|1700095984\n|move|p2a: Breloom|Spore|p1a: Skeledirge\n|-status|p1a: Skeledirge|slp|[from] move: Spore\n|cant|p1a: Skeledirge|slp\n|\n|upkeep\n|turn|8\n|\n|t:|1700095998\n|switch|p1a: Mandibuzz|Mandibuzz, F|100\/100\n|move|p2a: Breloom|Bullet Seed|p1a: Mandibuzz\n|-resisted|p1a: Mandibuzz\n|-damage|p1a: Mandibuzz|87\/100\n|-resisted|p1a: Mandibuzz\n|-damage|p1a: Mandibuzz|72\/100\n|-resisted|p1a: Mandibuzz\n|-damage|p1a: Mandibuzz|56\/100\n|-resisted|p1a: Mandibuzz\n|-damage|p1a: Mandibuzz|41\/100\n|-hitcount|p1a: Mandibuzz|4\n|\n|upkeep\n|turn|9\n|\n|t:|1700096009\n|move|p2a: Breloom|Bullet Seed|p1a: Mandibuzz\n|-resisted|p1a: Mandibuzz\n|-damage|p1a: Mandibuzz|25\/100\n|-resisted|p1a: Mandibuzz\n|-damage|p1a: Mandibuzz|10\/100\n|-resisted|p1a: Mandibuzz\n|-damage|p1a: Mandibuzz|0 fnt\n|faint|p1a: Mandibuzz\n|-hitcount|p1: Mandibuzz|3\n|\n|upkeep\n|\n|t:|1700096016\n|switch|p1a: Garchomp|Garchomp, M|100\/100\n|turn|10\n|\n|t:|1700096020\n|-terastallize|p1a: Garchomp|Steel\n|move|p2a: Breloom|Bullet Seed|p1a: Garchomp\n|-resisted|p1a: Garchomp\n|-crit|p1a: Garchomp\n|-damage|p1a: Garchomp|78\/100\n|-resisted|p1a: Garchomp\n|-damage|p1a: Garchomp|64\/100\n|-resisted|p1a: Garchomp\n|-damage|p1a: Garchomp|51\/100\n|-resisted|p1a: Garchomp\n|-damage|p1a: Garchomp|36\/100\n|-resisted|p1a: Garchomp\n|-damage|p1a: Garchomp|22\/100\n|-hitcount|p1a: Garchomp|5\n|move|p1a: Garchomp|Dragon Tail|p2a: Breloom\n|-damage|p2a: Breloom|58\/100\n|drag|p2a: Frosmoth|Frosmoth, M|100\/100\n|\n|upkeep\n|turn|11\n|\n|t:|1700096038\n|switch|p2a: Corviknight|Corviknight, F|100\/100\n|-ability|p2a: Corviknight|Pressure\n|move|p1a: Garchomp|Stealth Rock|p2a: Corviknight\n|-sidestart|p2: Dcbklknvccf|move: Stealth Rock\n|\n|upkeep\n|turn|12\n|\n|t:|1700096048\n|switch|p1a: Clefable|Clefable, F|39\/100\n|move|p2a: Corviknight|Defog|p1a: Clefable\n|-unboost|p1a: Clefable|evasion|1\n|-sideend|p2: Dcbklknvccf|Stealth Rock|[from] move: Defog|[of] p2a: Corviknight\n|\n|upkeep\n|turn|13\n|\n|t:|1700096057\n|move|p2a: Corviknight|U-turn|p1a: Clefable\n|-resisted|p1a: Clefable\n|-damage|p1a: Clefable|34\/100\n|\n|t:|1700096068\n|switch|p2a: Breloom|Breloom, M|58\/100|[from] U-turn\n|move|p1a: Clefable|Moonlight|p1a: Clefable\n|-heal|p1a: Clefable|83\/100\n|\n|upkeep\n|turn|14\n|\n|t:|1700096081\n|move|p2a: Breloom|Swords Dance|p2a: Breloom\n|-boost|p2a: Breloom|atk|2\n|move|p1a: Clefable|Moonblast|p2a: Breloom\n|-supereffective|p2a: Breloom\n|-damage|p2a: Breloom|0 fnt\n|faint|p2a: Breloom\n|\n|upkeep\n|\n|t:|1700096090\n|switch|p2a: Mamoswine|Mamoswine, F|75\/100\n|turn|15\n|\n|t:|1700096096\n|switch|p1a: Alomomola|Alomomola, M|100\/100\n|move|p2a: Mamoswine|Earthquake|p1a: Alomomola\n|-damage|p1a: Alomomola|72\/100\n|\n|upkeep\n|turn|16\n|\n|t:|1700096100\n|move|p2a: Mamoswine|Earthquake|p1a: Alomomola\n|-damage|p1a: Alomomola|41\/100\n|move|p1a: Alomomola|Wish|p1a: Alomomola\n|\n|upkeep\n|turn|17\n|\n|t:|1700096108\n|switch|p2a: Frosmoth|Frosmoth, M|100\/100\n|move|p1a: Alomomola|Scald|p2a: Frosmoth\n|-damage|p2a: Frosmoth|92\/100\n|\n|-heal|p1a: Alomomola|91\/100|[from] move: Wish|[wisher] Alomomola\n|upkeep\n|turn|18\n|\n|t:|1700096117\n|move|p2a: Frosmoth|Quiver Dance|p2a: Frosmoth\n|-boost|p2a: Frosmoth|spa|1\n|-boost|p2a: Frosmoth|spd|1\n|-boost|p2a: Frosmoth|spe|1\n|move|p1a: Alomomola|Flip Turn|p2a: Frosmoth\n|-damage|p2a: Frosmoth|64\/100\n|\n|t:|1700096120\n|switch|p1a: Kingambit|Kingambit, F|100\/100|[from] Flip Turn\n|-activate|p1a: Kingambit|ability: Supreme Overlord\n|-start|p1a: Kingambit|fallen1|[silent]\n|\n|upkeep\n|turn|19\n|\n|t:|1700096133\n|-terastallize|p2a: Frosmoth|Water\n|move|p1a: Kingambit|Sucker Punch|p2a: Frosmoth\n|-damage|p2a: Frosmoth|0 fnt\n|faint|p2a: Frosmoth\n|\n|upkeep\n|\n|t:|1700096143\n|switch|p2a: Corviknight|Corviknight, F|100\/100\n|-ability|p2a: Corviknight|Pressure\n|turn|20\n|\n|t:|1700096148\n|-end|p1a: Kingambit|fallen1|[silent]\n|switch|p1a: Alomomola|Alomomola, M|100\/100\n|move|p2a: Corviknight|U-turn|p1a: Alomomola\n|-damage|p1a: Alomomola|91\/100\n|\n|t:|1700096158\n|switch|p2a: Clefable|Clefable, F|100\/100|[from] U-turn\n|\n|upkeep\n|turn|21\n|\n|t:|1700096163\n|move|p2a: Clefable|Cosmic Power|p2a: Clefable\n|-boost|p2a: Clefable|def|1\n|-boost|p2a: Clefable|spd|1\n|move|p1a: Alomomola|Flip Turn|p2a: Clefable\n|-damage|p2a: Clefable|87\/100\n|\n|t:|1700096167\n|switch|p1a: Kingambit|Kingambit, F|100\/100|[from] Flip Turn\n|-activate|p1a: Kingambit|ability: Supreme Overlord\n|-start|p1a: Kingambit|fallen1|[silent]\n|\n|-heal|p2a: Clefable|93\/100|[from] item: Leftovers\n|upkeep\n|turn|22\n|\n|t:|1700096170\n|move|p1a: Kingambit|Iron Head|p2a: Clefable\n|-supereffective|p2a: Clefable\n|-damage|p2a: Clefable|11\/100\n|move|p2a: Clefable|Moonblast|p1a: Kingambit\n|-damage|p1a: Kingambit|70\/100\n|-unboost|p1a: Kingambit|spa|1\n|\n|-heal|p1a: Kingambit|76\/100|[from] item: Leftovers\n|-heal|p2a: Clefable|17\/100|[from] item: Leftovers\n|upkeep\n|turn|23\n|\n|t:|1700096180\n|move|p1a: Kingambit|Kowtow Cleave|p2a: Clefable\n|-resisted|p2a: Clefable\n|-damage|p2a: Clefable|0 fnt\n|faint|p2a: Clefable\n|\n|-heal|p1a: Kingambit|82\/100|[from] item: Leftovers\n|upkeep\n|\n|t:|1700096186\n|switch|p2a: Ceruledge|Ceruledge, M|100\/100\n|turn|24\n|\n|t:|1700096202\n|-end|p1a: Kingambit|fallen1|[silent]\n|switch|p1a: Garchomp|Garchomp, M, tera:Steel|22\/100\n|move|p2a: Ceruledge|Close Combat|p1a: Garchomp\n|-supereffective|p1a: Garchomp\n|-damage|p1a: Garchomp|0 fnt\n|-unboost|p2a: Ceruledge|def|1\n|-unboost|p2a: Ceruledge|spd|1\n|-damage|p2a: Ceruledge|88\/100|[from] ability: Rough Skin|[of] p1a: Garchomp\n|-damage|p2a: Ceruledge|72\/100|[from] item: Rocky Helmet|[of] p1a: Garchomp\n|faint|p1a: Garchomp\n|\n|upkeep\n|\n|t:|1700096207\n|switch|p1a: Alomomola|Alomomola, M|100\/100\n|turn|25\n|\n|t:|1700096212\n|switch|p2a: Corviknight|Corviknight, F|100\/100\n|-ability|p2a: Corviknight|Pressure\n|move|p1a: Alomomola|Wish|p1a: Alomomola\n|\n|upkeep\n|turn|26\n|\n|t:|1700096220\n|move|p2a: Corviknight|U-turn|p1a: Alomomola\n|-damage|p1a: Alomomola|91\/100\n|\n|t:|1700096224\n|switch|p2a: Mamoswine|Mamoswine, F|75\/100|[from] U-turn\n|move|p1a: Alomomola|Flip Turn|p2a: Mamoswine\n|-supereffective|p2a: Mamoswine\n|-damage|p2a: Mamoswine|36\/100\n|\n|t:|1700096226\n|switch|p1a: Skeledirge|Skeledirge, M|59\/100 slp|[from] Flip Turn\n|\n|-heal|p1a: Skeledirge|100\/100 slp|[from] move: Wish|[wisher] Alomomola\n|upkeep\n|turn|27\n|\n|t:|1700096231\n|switch|p2a: Ceruledge|Ceruledge, M|72\/100\n|switch|p1a: Alomomola|Alomomola, M|100\/100\n|\n|upkeep\n|turn|28\n|\n|t:|1700096238\n|move|p2a: Ceruledge|Swords Dance|p2a: Ceruledge\n|-boost|p2a: Ceruledge|atk|2\n|move|p1a: Alomomola|Wish|p1a: Alomomola\n|\n|upkeep\n|turn|29\n|\n|t:|1700096248\n|move|p2a: Ceruledge|Poltergeist|p1a: Alomomola\n|-activate|p1a: Alomomola|move: Poltergeist|Heavy-Duty Boots\n|-damage|p1a: Alomomola|36\/100\n|move|p1a: Alomomola|Flip Turn|p2a: Ceruledge\n|-supereffective|p2a: Ceruledge\n|-damage|p2a: Ceruledge|21\/100\n|-ability|p2a: Ceruledge|Weak Armor|boost\n|-unboost|p2a: Ceruledge|def|1\n|-boost|p2a: Ceruledge|spe|2\n|\n|t:|1700096254\n|switch|p1a: Clefable|Clefable, F|83\/100|[from] Flip Turn\n|\n|-heal|p1a: Clefable|100\/100|[from] move: Wish|[wisher] Alomomola\n|upkeep\n|turn|30\n|\n|t:|1700096260\n|move|p2a: Ceruledge|Bitter Blade|p1a: Clefable\n|-damage|p1a: Clefable|67\/100\n|-heal|p2a: Ceruledge|44\/100|[from] drain|[of] p1a: Clefable\n|move|p1a: Clefable|Knock Off|p2a: Ceruledge\n|-supereffective|p2a: Ceruledge\n|-damage|p2a: Ceruledge|1\/100\n|-ability|p2a: Ceruledge|Weak Armor|boost\n|-unboost|p2a: Ceruledge|def|1\n|-boost|p2a: Ceruledge|spe|2\n|-enditem|p2a: Ceruledge|Focus Sash|[from] move: Knock Off|[of] p1a: Clefable\n|\n|upkeep\n|turn|31\n|\n|t:|1700096267\n|move|p2a: Ceruledge|Poltergeist|p1a: Clefable|[miss]\n|-miss|p2a: Ceruledge|p1a: Clefable\n|move|p1a: Clefable|Moonlight|p1a: Clefable\n|-heal|p1a: Clefable|100\/100\n|\n|upkeep\n|turn|32\n|\n|t:|1700096273\n|move|p2a: Ceruledge|Bitter Blade|p1a: Clefable\n|-damage|p1a: Clefable|64\/100\n|-heal|p2a: Ceruledge|26\/100|[from] drain|[of] p1a: Clefable\n|move|p1a: Clefable|Knock Off|p2a: Ceruledge\n|-supereffective|p2a: Ceruledge\n|-damage|p2a: Ceruledge|0 fnt\n|faint|p2a: Ceruledge\n|\n|upkeep\n|l|\u2606Dcbklknvccf\n|inactive|Dcbklknvccf disconnected and has a minute to reconnect!\n|player|p2|\n|inactive|Dcbklknvccf has 30 seconds to reconnect!\n|inactive|Dcbklknvccf has 20 seconds to reconnect!\n|inactive|Dcbklknvccf has 15 seconds to reconnect!\n|inactive|Dcbklknvccf has 10 seconds to reconnect!\n|inactive|Dcbklknvccf has 5 seconds to reconnect!\n|-message|Dcbklknvccf lost due to inactivity.\n|\n|win|hahajahaisiaiajaha\n|raw|hahajahaisiaiajaha's rating: 1000 &rarr; <strong>1040<\/strong><br \/>(+40 for winning)\n|raw|Dcbklknvccf's rating: 1000 &rarr; <strong>1000<\/strong><br \/>(+0 for losing)\n","uploadtime":1700096344,"views":41,"p1id":"hahajahaisiaiajaha","p2id":"dcbklknvccf","formatid":"gen9ou","rating":1000,"private":0,"password":""}