{"id":"gen9ou-1996290619","p1":"Houmura","p2":"tuui","format":"[Gen 9] OU","log":"|j|\u2606Houmura\n|j|\u203dtuui\n|t:|1700668031\n|gametype|singles\n|player|p1|Houmura|1|1065\n|player|p2|tuui|170|1032\n|teamsize|p1|6\n|teamsize|p2|6\n|gen|9\n|tier|[Gen 9] OU\n|rated|\n|rule|Sleep Clause Mod: Limit one foe put to sleep\n|rule|Species Clause: Limit one of each Pok\u00e9mon\n|rule|OHKO Clause: OHKO moves are banned\n|rule|Evasion Items Clause: Evasion items are banned\n|rule|Evasion Moves Clause: Evasion moves are banned\n|rule|Endless Battle Clause: Forcing endless battles is banned\n|rule|HP Percentage Mod: HP is shown in percentages\n|clearpoke\n|poke|p1|Maushold|\n|poke|p1|Rillaboom, F|\n|poke|p1|Great Tusk|\n|poke|p1|Heatran, F|\n|poke|p1|Enamorus, F|\n|poke|p1|Kingambit, F|\n|poke|p2|Lurantis, M|\n|poke|p2|Hatterene, F|\n|poke|p2|Haxorus, M|\n|poke|p2|Pyroar, M|\n|poke|p2|Frosmoth, M|\n|poke|p2|Falinks|\n|teampreview\n|inactive|Battle timer is ON: inactive players will automatically lose when time's up. (requested by tuui)\n|j| venomania\n|\n|t:|1700668036\n|start\n|switch|p1a: Heatran|Heatran, F|100\/100\n|switch|p2a: Haxorus|Haxorus, M, shiny|100\/100\n|-ability|p2a: Haxorus|Mold Breaker\n|turn|1\n|\n|t:|1700668046\n|move|p2a: Haxorus|Swords Dance|p2a: Haxorus\n|-boost|p2a: Haxorus|atk|2\n|move|p1a: Heatran|Taunt|p2a: Haxorus\n|-start|p2a: Haxorus|move: Taunt\n|\n|upkeep\n|turn|2\n|\n|t:|1700668057\n|move|p2a: Haxorus|Close Combat|p1a: Heatran\n|-supereffective|p1a: Heatran\n|-damage|p1a: Heatran|0 fnt\n|-unboost|p2a: Haxorus|def|1\n|-unboost|p2a: Haxorus|spd|1\n|faint|p1a: Heatran\n|\n|upkeep\n|\n|t:|1700668061\n|switch|p1a: Enamorus|Enamorus, F|100\/100\n|turn|3\n|\n|t:|1700668068\n|switch|p2a: Frosmoth|Frosmoth, M|100\/100\n|move|p1a: Enamorus|Moonblast|p2a: Frosmoth\n|-damage|p2a: Frosmoth|88\/100\n|\n|upkeep\n|turn|4\n|\n|t:|1700668083\n|switch|p1a: Maushold|Maushold|100\/100\n|move|p2a: Frosmoth|Ice Beam|p1a: Maushold\n|-damage|p1a: Maushold|41\/100\n|\n|upkeep\n|turn|5\n|\n|t:|1700668089\n|-terastallize|p2a: Frosmoth|Ghost\n|move|p1a: Maushold|Population Bomb|p2a: Frosmoth\n|-immune|p2a: Frosmoth\n|move|p2a: Frosmoth|Ice Beam|p1a: Maushold\n|-damage|p1a: Maushold|0 fnt\n|faint|p1a: Maushold\n|\n|upkeep\n|\n|t:|1700668095\n|switch|p1a: devindian|Kingambit, F|100\/100\n|-activate|p1a: devindian|ability: Supreme Overlord\n|-start|p1a: devindian|fallen2|[silent]\n|turn|6\n|\n|t:|1700668103\n|switch|p2a: Falinks|Falinks|100\/100\n|move|p1a: devindian|Kowtow Cleave|p2a: Falinks\n|-resisted|p2a: Falinks\n|-damage|p2a: Falinks|63\/100\n|\n|upkeep\n|turn|7\n|\n|t:|1700668118\n|-terastallize|p1a: devindian|Flying\n|move|p2a: Falinks|No Retreat|p2a: Falinks\n|-boost|p2a: Falinks|atk|1\n|-boost|p2a: Falinks|def|1\n|-boost|p2a: Falinks|spa|1\n|-boost|p2a: Falinks|spd|1\n|-boost|p2a: Falinks|spe|1\n|-start|p2a: Falinks|move: No Retreat\n|move|p1a: devindian|Swords Dance|p1a: devindian\n|-boost|p1a: devindian|atk|2\n|\n|upkeep\n|turn|8\n|\n|t:|1700668127\n|move|p2a: Falinks|Knock Off|p1a: devindian\n|-damage|p1a: devindian|71\/100\n|-enditem|p1a: devindian|Leftovers|[from] move: Knock Off|[of] p2a: Falinks\n|move|p1a: devindian|Iron Head|p2a: Falinks\n|-damage|p2a: Falinks|0 fnt\n|faint|p2a: Falinks\n|\n|upkeep\n|\n|t:|1700668133\n|switch|p2a: Hatterene|Hatterene, F|100\/100\n|turn|9\n|\n|t:|1700668138\n|move|p1a: devindian|Iron Head|p2a: Hatterene\n|-supereffective|p2a: Hatterene\n|-enditem|p2a: Hatterene|Focus Sash\n|-damage|p2a: Hatterene|1\/100\n|move|p2a: Hatterene|Psychic|p1a: devindian\n|-damage|p1a: devindian|16\/100\n|\n|upkeep\n|turn|10\n|\n|t:|1700668143\n|move|p1a: devindian|Iron Head|p2a: Hatterene\n|-supereffective|p2a: Hatterene\n|-damage|p2a: Hatterene|0 fnt\n|faint|p2a: Hatterene\n|\n|upkeep\n|\n|t:|1700668149\n|switch|p2a: Haxorus|Haxorus, M, shiny|100\/100\n|-ability|p2a: Haxorus|Mold Breaker\n|turn|11\n|\n|t:|1700668155\n|move|p1a: devindian|Sucker Punch|p2a: Haxorus\n|-damage|p2a: Haxorus|0 fnt\n|faint|p2a: Haxorus\n|\n|upkeep\n|-message|tuui forfeited.\n|\n|win|Houmura\n|raw|Houmura's rating: 1065 &rarr; <strong>1092<\/strong><br \/>(+27 for winning)\n|raw|tuui's rating: 1032 &rarr; <strong>1019<\/strong><br \/>(-13 for losing)\n|l|\u203dtuui\n","uploadtime":1700668182,"views":0,"p1id":"houmura","p2id":"tuui","formatid":"gen9ou","rating":1019,"private":0,"password":""}