{"id":"gen9ou-1989201369","p1":"Copper05","p2":"BreadSandwichz","format":"[Gen 9] OU","log":"|j|\u2606Copper05\n|j|\u2606BreadSandwichz\n|t:|1699822832\n|gametype|singles\n|player|p1|Copper05|wallace|1347\n|player|p2|BreadSandwichz|lusamine-nihilego|1354\n|teamsize|p1|6\n|teamsize|p2|6\n|gen|9\n|tier|[Gen 9] OU\n|rated|\n|rule|Sleep Clause Mod: Limit one foe put to sleep\n|rule|Species Clause: Limit one of each Pok\u00e9mon\n|rule|OHKO Clause: OHKO moves are banned\n|rule|Evasion Items Clause: Evasion items are banned\n|rule|Evasion Moves Clause: Evasion moves are banned\n|rule|Endless Battle Clause: Forcing endless battles is banned\n|rule|HP Percentage Mod: HP is shown in percentages\n|clearpoke\n|poke|p1|Pelipper, F|\n|poke|p1|Amoonguss, F|\n|poke|p1|Iron Treads|\n|poke|p1|Golduck, M|\n|poke|p1|Thundurus-Therian, M|\n|poke|p1|Barraskewda, M|\n|poke|p2|Rillaboom, M|\n|poke|p2|Ogerpon, F|\n|poke|p2|Iron Moth|\n|poke|p2|Sneasler, M|\n|poke|p2|Maushold-Four|\n|poke|p2|Mew|\n|teampreview\n|\n|t:|1699822844\n|start\n|switch|p1a: Pelipper|Pelipper, F|100\/100\n|switch|p2a: Cicilian Defense|Mew|100\/100\n|-weather|RainDance|[from] ability: Drizzle|[of] p1a: Pelipper\n|turn|1\n|\n|t:|1699822847\n|move|p2a: Cicilian Defense|Stealth Rock|p1a: Pelipper\n|-sidestart|p1: Copper05|move: Stealth Rock\n|move|p1a: Pelipper|U-turn|p2a: Cicilian Defense\n|-supereffective|p2a: Cicilian Defense\n|-damage|p2a: Cicilian Defense|85\/100\n|-enditem|p2a: Cicilian Defense|Red Card|[of] p1a: Pelipper\n|drag|p1a: Golduck|Golduck, M|100\/100\n|-damage|p1a: Golduck|88\/100|[from] Stealth Rock\n|\n|-weather|RainDance|[upkeep]\n|upkeep\n|turn|2\n|\n|t:|1699822852\n|move|p1a: Golduck|Nasty Plot|p1a: Golduck\n|-boost|p1a: Golduck|spa|2\n|move|p2a: Cicilian Defense|Imprison|p2a: Cicilian Defense\n|-start|p2a: Cicilian Defense|move: Imprison\n|\n|-weather|RainDance|[upkeep]\n|upkeep\n|turn|3\n|\n|t:|1699822855\n|move|p1a: Golduck|Surf|p2a: Cicilian Defense\n|-damage|p2a: Cicilian Defense|0 fnt\n|faint|p2a: Cicilian Defense\n|\n|-weather|RainDance|[upkeep]\n|upkeep\n|\n|t:|1699822858\n|switch|p2a: Doj.|Rillaboom, M|100\/100\n|-fieldstart|move: Grassy Terrain|[from] ability: Grassy Surge|[of] p2a: Doj.\n|turn|4\n|\n|t:|1699822861\n|switch|p1a: Amoonguss|Amoonguss, F|100\/100\n|-damage|p1a: Amoonguss|88\/100|[from] Stealth Rock\n|move|p2a: Doj.|Grassy Glide|p1a: Amoonguss\n|-resisted|p1a: Amoonguss\n|-damage|p1a: Amoonguss|81\/100\n|-damage|p2a: Doj.|84\/100|[from] item: Rocky Helmet|[of] p1a: Amoonguss\n|\n|-weather|RainDance|[upkeep]\n|-heal|p2a: Doj.|90\/100|[from] Grassy Terrain\n|-heal|p1a: Amoonguss|87\/100|[from] Grassy Terrain\n|upkeep\n|turn|5\n|\n|t:|1699822867\n|move|p2a: Doj.|U-turn|p1a: Amoonguss\n|-damage|p1a: Amoonguss|66\/100\n|-damage|p2a: Doj.|74\/100|[from] item: Rocky Helmet|[of] p1a: Amoonguss\n|\n|t:|1699822873\n|switch|p2a: LAmp|Iron Moth|100\/100|[from] U-turn\n|-enditem|p2a: LAmp|Booster Energy\n|-activate|p2a: LAmp|ability: Quark Drive|[fromitem]\n|-start|p2a: LAmp|quarkdrivespe\n|move|p1a: Amoonguss|Spore|p2a: LAmp\n|-status|p2a: LAmp|slp|[from] move: Spore\n|\n|-weather|RainDance|[upkeep]\n|-heal|p1a: Amoonguss|72\/100|[from] Grassy Terrain\n|upkeep\n|turn|6\n|c|\u2606BreadSandwichz|good read\n|\n|t:|1699822884\n|switch|p1a: Barraskewda|Barraskewda, M|100\/100\n|-damage|p1a: Barraskewda|88\/100|[from] Stealth Rock\n|cant|p2a: LAmp|slp\n|\n|-weather|RainDance|[upkeep]\n|-heal|p1a: Barraskewda|94\/100|[from] Grassy Terrain\n|upkeep\n|turn|7\n|\n|t:|1699822888\n|-end|p2a: LAmp|Quark Drive|[silent]\n|switch|p2a: Doj.|Rillaboom, M|74\/100\n|move|p1a: Barraskewda|Liquidation|p2a: Doj.\n|-resisted|p2a: Doj.\n|-damage|p2a: Doj.|24\/100\n|\n|-weather|RainDance|[upkeep]\n|-heal|p1a: Barraskewda|99\/100|[from] Grassy Terrain\n|-heal|p2a: Doj.|30\/100|[from] Grassy Terrain\n|upkeep\n|turn|8\n|\n|t:|1699822894\n|switch|p1a: Amoonguss|Amoonguss, F|100\/100\n|-damage|p1a: Amoonguss|88\/100|[from] Stealth Rock\n|move|p2a: Doj.|U-turn|p1a: Amoonguss\n|-damage|p1a: Amoonguss|69\/100\n|-damage|p2a: Doj.|13\/100|[from] item: Rocky Helmet|[of] p1a: Amoonguss\n|\n|t:|1699822902\n|switch|p2a: UU Btw|Ogerpon, F|100\/100|[from] U-turn\n|\n|-weather|none\n|-heal|p1a: Amoonguss|75\/100|[from] Grassy Terrain\n|-fieldend|move: Grassy Terrain\n|upkeep\n|turn|9\n|\n|t:|1699822906\n|move|p2a: UU Btw|Ivy Cudgel|p1a: Amoonguss\n|-resisted|p1a: Amoonguss\n|-damage|p1a: Amoonguss|66\/100\n|move|p1a: Amoonguss|Sludge Bomb|p2a: UU Btw\n|-supereffective|p2a: UU Btw\n|-damage|p2a: UU Btw|33\/100\n|\n|upkeep\n|turn|10\n|\n|t:|1699822911\n|move|p2a: UU Btw|Swords Dance|p2a: UU Btw\n|-boost|p2a: UU Btw|atk|2\n|move|p1a: Amoonguss|Sludge Bomb|p2a: UU Btw\n|-supereffective|p2a: UU Btw\n|-damage|p2a: UU Btw|0 fnt\n|faint|p2a: UU Btw\n|\n|upkeep\n|-message|BreadSandwichz forfeited.\n|\n|win|Copper05\n|raw|Copper05's rating: 1347 &rarr; <strong>1367<\/strong><br \/>(+20 for winning)\n|raw|BreadSandwichz's rating: 1354 &rarr; <strong>1334<\/strong><br \/>(-20 for losing)\n|l|\u2606BreadSandwichz\n","uploadtime":1699822920,"views":10,"p1id":"copper05","p2id":"breadsandwichz","formatid":"gen9ou","rating":1334,"private":0,"password":""}