{"id":"gen9ou-1993785354","p1":"SlingSchott","p2":"Gatrekd","format":"[Gen 9] OU","log":"|j|\u2606SlingSchott\n|j|\u2606Gatrekd\n|t:|1700356984\n|gametype|singles\n|player|p1|SlingSchott|blue|1255\n|player|p2|Gatrekd|giovanni-masters|1155\n|teamsize|p1|6\n|teamsize|p2|6\n|gen|9\n|tier|[Gen 9] OU\n|rated|\n|rule|Sleep Clause Mod: Limit one foe put to sleep\n|rule|Species Clause: Limit one of each Pok\u00e9mon\n|rule|OHKO Clause: OHKO moves are banned\n|rule|Evasion Items Clause: Evasion items are banned\n|rule|Evasion Moves Clause: Evasion moves are banned\n|rule|Endless Battle Clause: Forcing endless battles is banned\n|rule|HP Percentage Mod: HP is shown in percentages\n|clearpoke\n|poke|p1|Zapdos|\n|poke|p1|Kingambit, M|\n|poke|p1|Garchomp, M|\n|poke|p1|Great Tusk|\n|poke|p1|Dragapult, M|\n|poke|p1|Garganacl, M|\n|poke|p2|Ribombee, F|\n|poke|p2|Gholdengo|\n|poke|p2|Landorus-Therian, M|\n|poke|p2|Walking Wake|\n|poke|p2|Ogerpon-Cornerstone, F|\n|poke|p2|Skeledirge, F|\n|teampreview\n|inactive|Battle timer is ON: inactive players will automatically lose when time's up. (requested by SlingSchott)\n|\n|t:|1700357003\n|start\n|switch|p1a: Zapdos|Zapdos, shiny|100\/100\n|switch|p2a: Suicune?|Walking Wake|100\/100\n|turn|1\n|\n|t:|1700357014\n|move|p2a: Suicune?|Draco Meteor|p1a: Zapdos\n|-damage|p1a: Zapdos|0 fnt\n|-unboost|p2a: Suicune?|spa|2\n|faint|p1a: Zapdos\n|\n|upkeep\n|\n|t:|1700357020\n|switch|p1a: Great Tusk|Great Tusk, shiny|100\/100\n|-enditem|p1a: Great Tusk|Booster Energy\n|-activate|p1a: Great Tusk|ability: Protosynthesis|[fromitem]\n|-start|p1a: Great Tusk|protosynthesisatk\n|turn|2\n|inactive|Gatrekd has 120 seconds left.\n|j| GoatedRNG\n|\n|t:|1700357062\n|-end|p2a: Suicune?|Protosynthesis|[silent]\n|switch|p2a: Buzz Buzz|Ribombee, F|100\/100\n|move|p1a: Great Tusk|Bulk Up|p1a: Great Tusk\n|-boost|p1a: Great Tusk|atk|1\n|-boost|p1a: Great Tusk|def|1\n|\n|upkeep\n|turn|3\n|\n|t:|1700357074\n|-terastallize|p1a: Great Tusk|Ice\n|move|p2a: Buzz Buzz|Moonblast|p1a: Great Tusk\n|-crit|p1a: Great Tusk\n|-damage|p1a: Great Tusk|6\/100\n|move|p1a: Great Tusk|Rapid Spin|p2a: Buzz Buzz\n|-damage|p2a: Buzz Buzz|28\/100\n|-boost|p1a: Great Tusk|spe|1\n|\n|upkeep\n|turn|4\n|\n|t:|1700357094\n|move|p1a: Great Tusk|Ice Spinner|p2a: Buzz Buzz\n|-damage|p2a: Buzz Buzz|0 fnt\n|faint|p2a: Buzz Buzz\n|\n|upkeep\n|\n|t:|1700357105\n|switch|p2a: Skeledirge|Skeledirge, F|100\/100\n|turn|5\n|inactive|Gatrekd has 90 seconds left.\n|\n|t:|1700357126\n|move|p1a: Great Tusk|Earthquake|p2a: Skeledirge\n|-supereffective|p2a: Skeledirge\n|-damage|p2a: Skeledirge|15\/100\n|move|p2a: Skeledirge|Torch Song|p1a: Great Tusk\n|-supereffective|p1a: Great Tusk\n|-damage|p1a: Great Tusk|0 fnt\n|-boost|p2a: Skeledirge|spa|1\n|faint|p1a: Great Tusk\n|-end|p1a: Great Tusk|Protosynthesis|[silent]\n|\n|upkeep\n|\n|t:|1700357131\n|switch|p1a: Garganacl|Garganacl, M|100\/100\n|turn|6\n|inactive|Gatrekd has 90 seconds left.\n|\n|t:|1700357143\n|move|p2a: Skeledirge|Slack Off|p2a: Skeledirge\n|-heal|p2a: Skeledirge|65\/100\n|move|p1a: Garganacl|Salt Cure|p2a: Skeledirge\n|-supereffective|p2a: Skeledirge\n|-damage|p2a: Skeledirge|49\/100\n|-start|p2a: Skeledirge|Salt Cure\n|\n|-damage|p2a: Skeledirge|37\/100|[from] Salt Cure\n|upkeep\n|turn|7\n|inactive|Gatrekd has 90 seconds left.\n|\n|t:|1700357154\n|switch|p1a: Dragapult|Dragapult, M, shiny|100\/100\n|move|p2a: Skeledirge|Will-O-Wisp|p1a: Dragapult\n|-status|p1a: Dragapult|brn\n|\n|-damage|p1a: Dragapult|95\/100 brn|[from] brn\n|-damage|p2a: Skeledirge|25\/100|[from] Salt Cure\n|upkeep\n|turn|8\n|\n|t:|1700357163\n|move|p1a: Dragapult|Draco Meteor|p2a: Skeledirge\n|-damage|p2a: Skeledirge|0 fnt\n|-unboost|p1a: Dragapult|spa|2\n|faint|p2a: Skeledirge\n|\n|-damage|p1a: Dragapult|89\/100 brn|[from] brn\n|upkeep\n|inactive|Gatrekd has 90 seconds left.\n|\n|t:|1700357181\n|switch|p2a: Kash Krabs|Gholdengo|100\/100\n|turn|9\n|\n|t:|1700357185\n|switch|p1a: Garganacl|Garganacl, M|100\/100\n|move|p2a: Kash Krabs|Shadow Ball|p1a: Garganacl\n|-damage|p1a: Garganacl|82\/100\n|-damage|p2a: Kash Krabs|91\/100|[from] item: Life Orb\n|\n|-heal|p1a: Garganacl|88\/100|[from] item: Leftovers\n|upkeep\n|turn|10\n|inactive|Gatrekd has 90 seconds left.\n|\n|t:|1700357202\n|switch|p1a: Dragapult|Dragapult, M, shiny|89\/100 brn\n|move|p2a: Kash Krabs|Make It Rain|p1a: Dragapult\n|-damage|p1a: Dragapult|0 fnt\n|-unboost|p2a: Kash Krabs|spa|1\n|faint|p1a: Dragapult\n|-damage|p2a: Kash Krabs|81\/100|[from] item: Life Orb\n|\n|upkeep\n|\n|t:|1700357205\n|switch|p1a: Garchomp|Garchomp, M|100\/100\n|turn|11\n|inactive|Gatrekd has 90 seconds left.\n|\n|t:|1700357223\n|switch|p2a: IDFK|Landorus-Therian, M|100\/100\n|-ability|p2a: IDFK|Intimidate|boost\n|-unboost|p1a: Garchomp|atk|1\n|move|p1a: Garchomp|Scale Shot|p2a: IDFK\n|-damage|p2a: IDFK|90\/100\n|-damage|p2a: IDFK|79\/100\n|-damage|p2a: IDFK|67\/100\n|-damage|p2a: IDFK|57\/100\n|-hitcount|p2a: IDFK|4\n|-unboost|p1a: Garchomp|def|1\n|-boost|p1a: Garchomp|spe|1\n|\n|upkeep\n|turn|12\n|inactive|Gatrekd has 90 seconds left.\n|\n|t:|1700357237\n|move|p1a: Garchomp|Swords Dance|p1a: Garchomp\n|-boost|p1a: Garchomp|atk|2\n|move|p2a: IDFK|Earthquake|p1a: Garchomp\n|-damage|p1a: Garchomp|19\/100\n|\n|upkeep\n|turn|13\n|\n|t:|1700357245\n|move|p1a: Garchomp|Scale Shot|p2a: IDFK|[miss]\n|-miss|p1a: Garchomp|p2a: IDFK\n|move|p2a: IDFK|Earthquake|p1a: Garchomp\n|-damage|p1a: Garchomp|0 fnt\n|faint|p1a: Garchomp\n|\n|upkeep\n|-message|SlingSchott forfeited.\n|\n|win|Gatrekd\n|raw|SlingSchott's rating: 1255 &rarr; <strong>1223<\/strong><br \/>(-32 for losing)\n|raw|Gatrekd's rating: 1155 &rarr; <strong>1187<\/strong><br \/>(+32 for winning)\n|l|\u2606SlingSchott\n","uploadtime":1700357262,"views":8,"p1id":"slingschott","p2id":"gatrekd","formatid":"gen9ou","rating":1187,"private":0,"password":""}