{"id":"gen9ou-1992349274","p1":"N-Zoroark stan","p2":"Nugget O Silver","format":"[Gen 9] OU","log":"|j|\u2606N-Zoroark stan\n|j|\u2606Nugget O Silver\n|t:|1700177399\n|gametype|singles\n|player|p1|N-Zoroark stan|riley|1553\n|player|p2|Nugget O Silver|colress|1521\n|teamsize|p1|6\n|teamsize|p2|6\n|gen|9\n|tier|[Gen 9] OU\n|rated|\n|rule|Sleep Clause Mod: Limit one foe put to sleep\n|rule|Species Clause: Limit one of each Pok\u00e9mon\n|rule|OHKO Clause: OHKO moves are banned\n|rule|Evasion Items Clause: Evasion items are banned\n|rule|Evasion Moves Clause: Evasion moves are banned\n|rule|Endless Battle Clause: Forcing endless battles is banned\n|rule|HP Percentage Mod: HP is shown in percentages\n|clearpoke\n|poke|p1|Zoroark-Hisui, M|\n|poke|p1|Corviknight, M|\n|poke|p1|Ogerpon-Wellspring, F|\n|poke|p1|Sandy Shocks|\n|poke|p1|Lokix, F|\n|poke|p1|Greninja-*, M|\n|poke|p2|Rillaboom, F|\n|poke|p2|Sneasler, F|\n|poke|p2|Zamazenta-*|\n|poke|p2|Ogerpon-Cornerstone, F|\n|poke|p2|Great Tusk|\n|poke|p2|Iron Moth|\n|teampreview\n|inactive|Battle timer is ON: inactive players will automatically lose when time's up. (requested by N-Zoroark stan)\n|c|\u2606Nugget O Silver|Oh then\n|c|\u2606N-Zoroark stan|oh lmao\n|c|\u2606N-Zoroark stan|hi\n|c|\u2606Nugget O Silver|What the fuck I am not even high ladder \ud83d\ude2d\n|inactive|N-Zoroark stan has 120 seconds left.\n|inactive|Nugget O Silver has 120 seconds left.\n|c|\u2606Nugget O Silver|I am literally just testing\n|c|\u2606N-Zoroark stan|I'm tilting so much today it's insane\n|c|\u2606N-Zoroark stan|I've been experimenting with teams\n|inactive|N-Zoroark stan has 90 seconds left.\n|inactive|Nugget O Silver has 90 seconds left.\n|c|\u2606N-Zoroark stan|needless to say not to good results\n|inactive|N-Zoroark stan has 60 seconds left.\n|inactive|Nugget O Silver has 60 seconds left.\n|\n|t:|1700177512\n|start\n|switch|p1a: Greninja|Greninja, M|100\/100\n|switch|p2a: Ogerpon|Ogerpon-Cornerstone, F|100\/100\n|turn|1\n|\n|t:|1700177521\n|move|p1a: Greninja|U-turn|p2a: Ogerpon\n|-start|p1a: Greninja|typechange|Bug|[from] ability: Protean\n|-supereffective|p2a: Ogerpon\n|-damage|p2a: Ogerpon|33\/100\n|\n|t:|1700177526\n|switch|p1a: Corviknight|Corviknight, M|100\/100|[from] U-turn\n|-ability|p1a: Corviknight|Pressure\n|move|p2a: Ogerpon|Power Whip|p1a: Corviknight\n|-resisted|p1a: Corviknight\n|-damage|p1a: Corviknight|91\/100\n|-damage|p2a: Ogerpon|16\/100|[from] item: Rocky Helmet|[of] p1a: Corviknight\n|\n|upkeep\n|turn|2\n|\n|t:|1700177534\n|move|p2a: Ogerpon|Spikes|p1a: Corviknight\n|-sidestart|p1: N-Zoroark stan|Spikes\n|move|p1a: Corviknight|U-turn|p2a: Ogerpon\n|-supereffective|p2a: Ogerpon\n|-damage|p2a: Ogerpon|0 fnt\n|faint|p2a: Ogerpon\n|\n|t:|1700177545\n|switch|p1a: Lokix|Lokix, F|100\/100|[from] U-turn\n|\n|upkeep\n|\n|t:|1700177555\n|switch|p2a: Rillaboom|Rillaboom, F|100\/100\n|-fieldstart|move: Grassy Terrain|[from] ability: Grassy Surge|[of] p2a: Rillaboom\n|turn|3\n|\n|t:|1700177568\n|switch|p1a: Corviknight|Corviknight, M|91\/100\n|-ability|p1a: Corviknight|Pressure\n|move|p2a: Rillaboom|Grassy Glide|p1a: Corviknight\n|-resisted|p1a: Corviknight\n|-damage|p1a: Corviknight|81\/100\n|-damage|p2a: Rillaboom|84\/100|[from] item: Rocky Helmet|[of] p1a: Corviknight\n|\n|-heal|p2a: Rillaboom|90\/100|[from] Grassy Terrain\n|upkeep\n|turn|4\n|c|\u2606N-Zoroark stan|this isn't fair you know my tricks\n|c|\u2606N-Zoroark stan|people on the ladder fall for it...\n|inactive|N-Zoroark stan has 120 seconds left.\n|\n|t:|1700177600\n|switch|p2a: Great Tusk|Great Tusk|100\/100\n|move|p1a: Corviknight|U-turn|p2a: Great Tusk\n|-resisted|p2a: Great Tusk\n|-damage|p2a: Great Tusk|95\/100\n|c|\u2606Nugget O Silver|Lmao\n|inactive|N-Zoroark stan has 120 seconds left.\n|\n|t:|1700177609\n|switch|p1a: Lokix|Lokix, F|100\/100|[from] U-turn\n|\n|-heal|p2a: Great Tusk|100\/100|[from] Grassy Terrain\n|upkeep\n|turn|5\n|\n|t:|1700177624\n|-end|p2a: Great Tusk|Protosynthesis|[silent]\n|switch|p2a: Rillaboom|Rillaboom, F|90\/100\n|move|p1a: Lokix|U-turn|p2a: Rillaboom\n|-supereffective|p2a: Rillaboom\n|-damage|p2a: Rillaboom|61\/100\n|\n|t:|1700177628\n|switch|p1a: Corviknight|Corviknight, M|81\/100|[from] U-turn\n|-ability|p1a: Corviknight|Pressure\n|\n|-heal|p2a: Rillaboom|67\/100|[from] Grassy Terrain\n|upkeep\n|turn|6\n|\n|t:|1700177634\n|move|p2a: Rillaboom|Knock Off|p1a: Corviknight\n|-damage|p1a: Corviknight|47\/100\n|-damage|p2a: Rillaboom|51\/100|[from] item: Rocky Helmet|[of] p1a: Corviknight\n|-enditem|p1a: Corviknight|Rocky Helmet|[from] move: Knock Off|[of] p2a: Rillaboom\n|move|p1a: Corviknight|U-turn|p2a: Rillaboom\n|-supereffective|p2a: Rillaboom\n|-damage|p2a: Rillaboom|17\/100\n|\n|t:|1700177638\n|switch|p1a: Lokix|Lokix, F|100\/100|[from] U-turn\n|\n|-heal|p2a: Rillaboom|23\/100|[from] Grassy Terrain\n|upkeep\n|turn|7\n|\n|t:|1700177646\n|switch|p2a: Great Tusk|Great Tusk|100\/100\n|move|p1a: Lokix|Shadow Ball|p2a: Great Tusk\n|-damage|p2a: Great Tusk|41\/100\n|\n|-heal|p2a: Great Tusk|48\/100|[from] Grassy Terrain\n|-fieldend|move: Grassy Terrain\n|upkeep\n|turn|8\n|\n|t:|1700177655\n|move|p1a: Lokix|Shadow Ball|p2a: Great Tusk\n|-damage|p2a: Great Tusk|0 fnt\n|faint|p2a: Great Tusk\n|-end|p2a: Great Tusk|Protosynthesis|[silent]\n|\n|upkeep\n|\n|t:|1700177664\n|switch|p2a: Iron Moth|Iron Moth|100\/100\n|-enditem|p2a: Iron Moth|Booster Energy\n|-activate|p2a: Iron Moth|ability: Quark Drive|[fromitem]\n|-start|p2a: Iron Moth|quarkdrivespe\n|turn|9\n|\n|t:|1700177673\n|move|p2a: Iron Moth|Fiery Dance|p1a: Lokix\n|-damage|p1a: Lokix|17\/100\n|-boost|p2a: Iron Moth|spa|1\n|replace|p1a: Zoroark|Zoroark-Hisui, M, shiny\n|-end|p1a: Zoroark|Illusion\n|move|p1a: Zoroark|Shadow Ball|p2a: Iron Moth\n|-damage|p2a: Iron Moth|56\/100\n|\n|upkeep\n|turn|10\n|\n|t:|1700177689\n|move|p2a: Iron Moth|Energy Ball|p1a: Zoroark\n|-damage|p1a: Zoroark|0 fnt\n|faint|p1a: Zoroark\n|\n|upkeep\n|\n|t:|1700177696\n|switch|p1a: Greninja|Greninja, M|100\/100\n|-damage|p1a: Greninja|88\/100|[from] Spikes\n|turn|11\n|inactive|Nugget O Silver has 120 seconds left.\n|\n|t:|1700177737\n|-terastallize|p2a: Iron Moth|Ghost\n|move|p1a: Greninja|U-turn|p2a: Iron Moth\n|-start|p1a: Greninja|typechange|Bug|[from] ability: Protean\n|-resisted|p2a: Iron Moth\n|-damage|p2a: Iron Moth|38\/100\n|\n|t:|1700177744\n|switch|p1a: Sandy Shocks|Sandy Shocks|100\/100|[from] U-turn\n|move|p2a: Iron Moth|Energy Ball|p1a: Sandy Shocks\n|-supereffective|p1a: Sandy Shocks\n|-damage|p1a: Sandy Shocks|0 fnt\n|faint|p1a: Sandy Shocks\n|-end|p1a: Sandy Shocks|Protosynthesis|[silent]\n|\n|upkeep\n|\n|t:|1700177746\n|switch|p1a: Lokix|Lokix, F|100\/100\n|-damage|p1a: Lokix|88\/100|[from] Spikes\n|turn|12\n|inactive|Nugget O Silver has 120 seconds left.\n|\n|t:|1700177762\n|-end|p2a: Iron Moth|Quark Drive|[silent]\n|switch|p2a: Zamazenta|Zamazenta|100\/100\n|-ability|p2a: Zamazenta|Dauntless Shield|boost\n|-boost|p2a: Zamazenta|def|1\n|move|p1a: Lokix|First Impression|p2a: Zamazenta\n|-resisted|p2a: Zamazenta\n|-damage|p2a: Zamazenta|63\/100\n|\n|-heal|p2a: Zamazenta|69\/100|[from] item: Leftovers\n|upkeep\n|turn|13\n|inactive|Nugget O Silver has 120 seconds left.\n|\n|t:|1700177779\n|switch|p1a: Ogerpon|Ogerpon-Wellspring, F|100\/100\n|-damage|p1a: Ogerpon|88\/100|[from] Spikes\n|move|p2a: Zamazenta|Body Press|p1a: Ogerpon\n|-crit|p1a: Ogerpon\n|-damage|p1a: Ogerpon|0 fnt\n|faint|p1a: Ogerpon\n|\n|-heal|p2a: Zamazenta|75\/100|[from] item: Leftovers\n|upkeep\n|\n|t:|1700177783\n|switch|p1a: Greninja|Greninja, M|88\/100\n|-damage|p1a: Greninja|76\/100|[from] Spikes\n|turn|14\n|\n|t:|1700177796\n|switch|p2a: Rillaboom|Rillaboom, F|23\/100\n|-fieldstart|move: Grassy Terrain|[from] ability: Grassy Surge|[of] p2a: Rillaboom\n|move|p1a: Greninja|Switcheroo|p2a: Rillaboom\n|-start|p1a: Greninja|typechange|Dark|[from] ability: Protean\n|-activate|p1a: Greninja|move: Trick|[of] p2a: Rillaboom\n|-item|p2a: Rillaboom|Choice Scarf|[from] move: Switcheroo\n|-item|p1a: Greninja|Choice Band|[from] move: Switcheroo\n|\n|-heal|p2a: Rillaboom|30\/100|[from] Grassy Terrain\n|-heal|p1a: Greninja|82\/100|[from] Grassy Terrain\n|upkeep\n|turn|15\n|\n|t:|1700177806\n|move|p2a: Rillaboom|U-turn|p1a: Greninja\n|-supereffective|p1a: Greninja\n|-damage|p1a: Greninja|0 fnt\n|faint|p1a: Greninja\n|\n|t:|1700177811\n|switch|p2a: Zamazenta|Zamazenta|75\/100|[from] U-turn\n|\n|-heal|p2a: Zamazenta|81\/100|[from] Grassy Terrain\n|-heal|p2a: Zamazenta|88\/100|[from] item: Leftovers\n|upkeep\n|\n|t:|1700177818\n|switch|p1a: Corviknight|Corviknight, M|47\/100\n|-ability|p1a: Corviknight|Pressure\n|turn|16\n|\n|t:|1700177822\n|move|p2a: Zamazenta|Iron Defense|p2a: Zamazenta\n|-boost|p2a: Zamazenta|def|2\n|move|p1a: Corviknight|Roost|p1a: Corviknight\n|-heal|p1a: Corviknight|97\/100\n|-singleturn|p1a: Corviknight|move: Roost\n|\n|-heal|p2a: Zamazenta|94\/100|[from] Grassy Terrain\n|-heal|p2a: Zamazenta|99\/100|[from] item: Leftovers\n|-heal|p1a: Corviknight|100\/100|[from] Grassy Terrain\n|upkeep\n|turn|17\n|\n|t:|1700177825\n|move|p2a: Zamazenta|Iron Defense|p2a: Zamazenta\n|-boost|p2a: Zamazenta|def|2\n|move|p1a: Corviknight|Brave Bird|p2a: Zamazenta\n|-supereffective|p2a: Zamazenta\n|-damage|p2a: Zamazenta|78\/100\n|-damage|p1a: Corviknight|94\/100|[from] Recoil\n|\n|-heal|p2a: Zamazenta|84\/100|[from] Grassy Terrain\n|-heal|p2a: Zamazenta|90\/100|[from] item: Leftovers\n|upkeep\n|turn|18\n|\n|t:|1700177834\n|move|p2a: Zamazenta|Iron Defense|p2a: Zamazenta\n|-boost|p2a: Zamazenta|def|2\n|move|p1a: Corviknight|Brave Bird|p2a: Zamazenta\n|-supereffective|p2a: Zamazenta\n|-damage|p2a: Zamazenta|73\/100\n|-damage|p1a: Corviknight|90\/100|[from] Recoil\n|\n|-heal|p2a: Zamazenta|79\/100|[from] Grassy Terrain\n|-heal|p2a: Zamazenta|85\/100|[from] item: Leftovers\n|-fieldend|move: Grassy Terrain\n|upkeep\n|turn|19\n|\n|t:|1700177837\n|move|p2a: Zamazenta|Body Press|p1a: Corviknight\n|-damage|p1a: Corviknight|9\/100\n|move|p1a: Corviknight|Roost|p1a: Corviknight\n|-heal|p1a: Corviknight|59\/100\n|-singleturn|p1a: Corviknight|move: Roost\n|\n|-heal|p2a: Zamazenta|91\/100|[from] item: Leftovers\n|upkeep\n|turn|20\n|c|\u2606N-Zoroark stan|...\n|\n|t:|1700177855\n|move|p2a: Zamazenta|Body Press|p1a: Corviknight\n|-damage|p1a: Corviknight|0 fnt\n|faint|p1a: Corviknight\n|\n|-heal|p2a: Zamazenta|97\/100|[from] item: Leftovers\n|upkeep\n|\n|t:|1700177857\n|switch|p1a: Lokix|Lokix, F|88\/100\n|-damage|p1a: Lokix|76\/100|[from] Spikes\n|turn|21\n|\n|t:|1700177860\n|-terastallize|p1a: Lokix|Bug\n|move|p1a: Lokix|First Impression|p2a: Zamazenta\n|-resisted|p2a: Zamazenta\n|-damage|p2a: Zamazenta|78\/100\n|move|p2a: Zamazenta|Body Press|p1a: Lokix\n|-resisted|p1a: Lokix\n|-damage|p1a: Lokix|0 fnt\n|faint|p1a: Lokix\n|\n|win|Nugget O Silver\n|raw|N-Zoroark stan's rating: 1553 &rarr; <strong>1531<\/strong><br \/>(-22 for losing)\n|raw|Nugget O Silver's rating: 1521 &rarr; <strong>1543<\/strong><br \/>(+22 for winning)\n|c|\u2606Nugget O Silver|gg\n|c|\u2606N-Zoroark stan|gg\n","uploadtime":1700177882,"views":9,"p1id":"nzoroarkstan","p2id":"nuggetosilver","formatid":"gen9ou","rating":1531,"private":0,"password":""}