{"id":"gen9ou-1991812118","p1":"LolAnnoying","p2":"ChillLanturnYT","format":"[Gen 9] OU","log":"|j|\u2606LolAnnoying\n|j|\u2606ChillLanturnYT\n|t:|1700121849\n|gametype|singles\n|player|p1|LolAnnoying|barry|1168\n|player|p2|ChillLanturnYT|palmer|1169\n|teamsize|p1|6\n|teamsize|p2|6\n|gen|9\n|tier|[Gen 9] OU\n|rated|\n|rule|Sleep Clause Mod: Limit one foe put to sleep\n|rule|Species Clause: Limit one of each Pok\u00e9mon\n|rule|OHKO Clause: OHKO moves are banned\n|rule|Evasion Items Clause: Evasion items are banned\n|rule|Evasion Moves Clause: Evasion moves are banned\n|rule|Endless Battle Clause: Forcing endless battles is banned\n|rule|HP Percentage Mod: HP is shown in percentages\n|clearpoke\n|poke|p1|Glimmora, F|\n|poke|p1|Dragapult, M|\n|poke|p1|Ceruledge, F|\n|poke|p1|Ninetales-Alola, F|\n|poke|p1|Ogerpon-Cornerstone, F|\n|poke|p1|Zapdos|\n|poke|p2|Regidrago|\n|poke|p2|Jirachi|\n|poke|p2|Lokix, F|\n|poke|p2|Ribombee, F|\n|poke|p2|Toxapex, M|\n|poke|p2|Cinderace, F|\n|teampreview\n|inactive|Battle timer is ON: inactive players will automatically lose when time's up. (requested by LolAnnoying)\n|\n|t:|1700121856\n|start\n|switch|p1a: Glimmora|Glimmora, F|100\/100\n|switch|p2a: Regidrago|Regidrago|100\/100\n|turn|1\n|\n|t:|1700121864\n|move|p2a: Regidrago|Earth Power|p1a: Glimmora\n|-supereffective|p1a: Glimmora\n|-enditem|p1a: Glimmora|Focus Sash\n|-damage|p1a: Glimmora|1\/100\n|move|p1a: Glimmora|Stealth Rock|p2a: Regidrago\n|-sidestart|p2: ChillLanturnYT|move: Stealth Rock\n|\n|upkeep\n|turn|2\n|\n|t:|1700121871\n|move|p2a: Regidrago|Earth Power|p1a: Glimmora\n|-supereffective|p1a: Glimmora\n|-damage|p1a: Glimmora|0 fnt\n|faint|p1a: Glimmora\n|\n|upkeep\n|\n|t:|1700121875\n|switch|p1a: Ninetales|Ninetales-Alola, F, shiny|100\/100\n|-weather|Snow|[from] ability: Snow Warning|[of] p1a: Ninetales\n|turn|3\n|\n|t:|1700121882\n|switch|p2a: Jirachi|Jirachi|100\/100\n|-damage|p2a: Jirachi|94\/100|[from] Stealth Rock\n|move|p1a: Ninetales|Aurora Veil|p1a: Ninetales\n|-sidestart|p1: LolAnnoying|move: Aurora Veil\n|\n|-weather|Snow|[upkeep]\n|-heal|p2a: Jirachi|100\/100|[from] item: Leftovers\n|upkeep\n|turn|4\n|\n|t:|1700121893\n|switch|p1a: Zapdos|Zapdos|100\/100\n|switch|p2a: Cinderace|Cinderace, F|100\/100\n|\n|-weather|Snow|[upkeep]\n|upkeep\n|turn|5\n|\n|t:|1700121903\n|move|p2a: Cinderace|Court Change|p2a: Cinderace\n|-start|p2a: Cinderace|typechange|Normal|[from] ability: Libero\n|-swapsideconditions\n|-activate|p2a: Cinderace|move: Court Change\n|move|p1a: Zapdos|Volt Switch|p2a: Cinderace\n|-damage|p2a: Cinderace|77\/100\n|\n|t:|1700121910\n|switch|p1a: Ninetales|Ninetales-Alola, F, shiny|100\/100|[from] Volt Switch\n|-damage|p1a: Ninetales|76\/100|[from] Stealth Rock\n|\n|-weather|Snow|[upkeep]\n|upkeep\n|turn|6\n|\n|t:|1700121919\n|-terastallize|p1a: Ninetales|Water\n|move|p2a: Cinderace|Pyro Ball|p1a: Ninetales\n|-resisted|p1a: Ninetales\n|-damage|p1a: Ninetales|50\/100\n|move|p1a: Ninetales|Aurora Veil|p1a: Ninetales\n|-sidestart|p1: LolAnnoying|move: Aurora Veil\n|\n|-weather|Snow|[upkeep]\n|upkeep\n|turn|7\n|\n|t:|1700121932\n|move|p2a: Cinderace|U-turn|p1a: Ninetales\n|-damage|p1a: Ninetales|36\/100\n|\n|t:|1700121935\n|switch|p2a: Jirachi|Jirachi|100\/100|[from] U-turn\n|move|p1a: Ninetales|Moonblast|p2a: Jirachi\n|-resisted|p2a: Jirachi\n|-damage|p2a: Jirachi|97\/100\n|\n|-weather|none\n|-heal|p2a: Jirachi|100\/100|[from] item: Leftovers\n|upkeep\n|turn|8\n|\n|t:|1700121942\n|switch|p1a: Zapdos|Zapdos|100\/100\n|move|p2a: Jirachi|Cosmic Power|p2a: Jirachi\n|-boost|p2a: Jirachi|def|1\n|-boost|p2a: Jirachi|spd|1\n|\n|upkeep\n|turn|9\n|\n|t:|1700121952\n|move|p1a: Zapdos|Volt Switch|p2a: Jirachi\n|-damage|p2a: Jirachi|93\/100\n|\n|t:|1700121958\n|switch|p1a: Dragapult|Dragapult, M, shiny|100\/100|[from] Volt Switch\n|-damage|p1a: Dragapult|88\/100|[from] Stealth Rock\n|move|p2a: Jirachi|Cosmic Power|p2a: Jirachi\n|-boost|p2a: Jirachi|def|1\n|-boost|p2a: Jirachi|spd|1\n|\n|-heal|p1a: Dragapult|94\/100|[from] item: Leftovers\n|-heal|p2a: Jirachi|99\/100|[from] item: Leftovers\n|upkeep\n|turn|10\n|\n|t:|1700121965\n|move|p1a: Dragapult|Substitute|p1a: Dragapult\n|-start|p1a: Dragapult|Substitute\n|-damage|p1a: Dragapult|69\/100\n|move|p2a: Jirachi|Wish|p2a: Jirachi\n|\n|-heal|p1a: Dragapult|75\/100|[from] item: Leftovers\n|-heal|p2a: Jirachi|100\/100|[from] item: Leftovers\n|-sideend|p2: ChillLanturnYT|move: Aurora Veil\n|upkeep\n|turn|11\n|\n|t:|1700121975\n|move|p1a: Dragapult|Dragon Dance|p1a: Dragapult\n|-boost|p1a: Dragapult|atk|1\n|-boost|p1a: Dragapult|spe|1\n|move|p2a: Jirachi|Stored Power|p1a: Dragapult\n|-activate|p1a: Dragapult|move: Substitute|[damage]\n|\n|-heal|p1a: Dragapult|81\/100|[from] item: Leftovers\n|upkeep\n|turn|12\n|\n|t:|1700121988\n|move|p1a: Dragapult|Dragon Dance|p1a: Dragapult\n|-boost|p1a: Dragapult|atk|1\n|-boost|p1a: Dragapult|spe|1\n|move|p2a: Jirachi|Stored Power|p1a: Dragapult\n|-end|p1a: Dragapult|Substitute\n|\n|-heal|p1a: Dragapult|87\/100|[from] item: Leftovers\n|upkeep\n|turn|13\n|\n|t:|1700121997\n|move|p1a: Dragapult|Substitute|p1a: Dragapult\n|-start|p1a: Dragapult|Substitute\n|-damage|p1a: Dragapult|62\/100\n|move|p2a: Jirachi|Stored Power|p1a: Dragapult\n|-activate|p1a: Dragapult|move: Substitute|[damage]\n|\n|-heal|p1a: Dragapult|68\/100|[from] item: Leftovers\n|-sideend|p1: LolAnnoying|move: Aurora Veil\n|upkeep\n|turn|14\n|\n|t:|1700122003\n|move|p1a: Dragapult|Dragon Dance|p1a: Dragapult\n|-boost|p1a: Dragapult|atk|1\n|-boost|p1a: Dragapult|spe|1\n|move|p2a: Jirachi|Stored Power|p1a: Dragapult\n|-end|p1a: Dragapult|Substitute\n|\n|-heal|p1a: Dragapult|74\/100|[from] item: Leftovers\n|upkeep\n|turn|15\n|\n|t:|1700122010\n|move|p1a: Dragapult|Substitute|p1a: Dragapult\n|-start|p1a: Dragapult|Substitute\n|-damage|p1a: Dragapult|49\/100\n|move|p2a: Jirachi|Stored Power|p1a: Dragapult\n|-end|p1a: Dragapult|Substitute\n|\n|-heal|p1a: Dragapult|55\/100|[from] item: Leftovers\n|upkeep\n|turn|16\n|\n|t:|1700122017\n|move|p1a: Dragapult|Phantom Force||[still]\n|-prepare|p1a: Dragapult|Phantom Force\n|move|p2a: Jirachi|Stored Power|p1a: Dragapult|[miss]\n|-miss|p2a: Jirachi|p1a: Dragapult\n|\n|-heal|p1a: Dragapult|61\/100|[from] item: Leftovers\n|upkeep\n|turn|17\n|\n|t:|1700122021\n|move|p1a: Dragapult|Phantom Force|p2a: Jirachi|[from]lockedmove\n|-supereffective|p2a: Jirachi\n|-damage|p2a: Jirachi|0 fnt\n|faint|p2a: Jirachi\n|\n|-heal|p1a: Dragapult|67\/100|[from] item: Leftovers\n|upkeep\n|\n|t:|1700122024\n|switch|p2a: Lokix|Lokix, F|100\/100\n|turn|18\n|\n|t:|1700122029\n|move|p2a: Lokix|First Impression|p1a: Dragapult\n|-resisted|p1a: Dragapult\n|-damage|p1a: Dragapult|2\/100\n|-damage|p2a: Lokix|91\/100|[from] item: Life Orb\n|move|p1a: Dragapult|Substitute|p1a: Dragapult\n|-fail|p1a: Dragapult|move: Substitute|[weak]\n|\n|-heal|p1a: Dragapult|8\/100|[from] item: Leftovers\n|upkeep\n|turn|19\n|\n|t:|1700122036\n|move|p2a: Lokix|Sucker Punch|p1a: Dragapult\n|-supereffective|p1a: Dragapult\n|-damage|p1a: Dragapult|0 fnt\n|faint|p1a: Dragapult\n|-damage|p2a: Lokix|81\/100|[from] item: Life Orb\n|\n|upkeep\n|\n|t:|1700122044\n|switch|p1a: Ogerpon|Ogerpon-Cornerstone, F|100\/100\n|-damage|p1a: Ogerpon|88\/100|[from] Stealth Rock\n|turn|20\n|\n|t:|1700122051\n|switch|p2a: Toxapex|Toxapex, M|100\/100\n|move|p1a: Ogerpon|Ivy Cudgel|p2a: Toxapex|[anim] Ivy Cudgel Rock\n|-damage|p2a: Toxapex|55\/100\n|\n|-heal|p2a: Toxapex|61\/100|[from] item: Leftovers\n|upkeep\n|turn|21\n|\n|t:|1700122056\n|move|p1a: Ogerpon|Swords Dance|p1a: Ogerpon\n|-boost|p1a: Ogerpon|atk|2\n|move|p2a: Toxapex|Toxic Spikes|p1a: Ogerpon\n|-sidestart|p1: LolAnnoying|move: Toxic Spikes\n|\n|-heal|p2a: Toxapex|67\/100|[from] item: Leftovers\n|upkeep\n|turn|22\n|\n|t:|1700122060\n|move|p1a: Ogerpon|Swords Dance|p1a: Ogerpon\n|-boost|p1a: Ogerpon|atk|2\n|move|p2a: Toxapex|Ice Spinner|p1a: Ogerpon\n|-supereffective|p1a: Ogerpon\n|-damage|p1a: Ogerpon|40\/100\n|\n|-heal|p2a: Toxapex|72\/100|[from] item: Leftovers\n|upkeep\n|turn|23\n|\n|t:|1700122063\n|move|p1a: Ogerpon|Ivy Cudgel|p2a: Toxapex|[anim] Ivy Cudgel Rock\n|-damage|p2a: Toxapex|0 fnt\n|faint|p2a: Toxapex\n|\n|upkeep\n|\n|t:|1700122067\n|switch|p2a: Regidrago|Regidrago|100\/100\n|turn|24\n|\n|t:|1700122071\n|move|p2a: Regidrago|Dragon Energy|p1a: Ogerpon\n|-damage|p1a: Ogerpon|0 fnt\n|faint|p1a: Ogerpon\n|\n|upkeep\n|\n|t:|1700122076\n|switch|p1a: Ninetales|Ninetales-Alola, F, shiny, tera:Water|36\/100\n|-damage|p1a: Ninetales|24\/100|[from] Stealth Rock\n|-status|p1a: Ninetales|psn\n|-weather|Snow|[from] ability: Snow Warning|[of] p1a: Ninetales\n|turn|25\n|\n|t:|1700122079\n|move|p2a: Regidrago|Dragon Energy|p1a: Ninetales\n|-damage|p1a: Ninetales|0 fnt\n|faint|p1a: Ninetales\n|\n|-weather|Snow|[upkeep]\n|upkeep\n|\n|t:|1700122082\n|switch|p1a: Zapdos|Zapdos|100\/100\n|turn|26\n|\n|t:|1700122086\n|-terastallize|p2a: Regidrago|Dragon\n|move|p2a: Regidrago|Dragon Energy|p1a: Zapdos\n|-damage|p1a: Zapdos|0 fnt\n|faint|p1a: Zapdos\n|\n|-weather|Snow|[upkeep]\n|upkeep\n|\n|t:|1700122090\n|switch|p1a: Ceruledge|Ceruledge, F|100\/100\n|-damage|p1a: Ceruledge|76\/100|[from] Stealth Rock\n|-status|p1a: Ceruledge|psn\n|turn|27\n|\n|t:|1700122095\n|move|p2a: Regidrago|Dragon Energy|p1a: Ceruledge\n|-damage|p1a: Ceruledge|0 fnt\n|faint|p1a: Ceruledge\n|\n|win|ChillLanturnYT\n|raw|LolAnnoying's rating: 1168 &rarr; <strong>1143<\/strong><br \/>(-25 for losing)\n|raw|ChillLanturnYT's rating: 1169 &rarr; <strong>1194<\/strong><br \/>(+25 for winning)\n|l|\u2606LolAnnoying\n|c|\u2606ChillLanturnYT|Gg :)\n","uploadtime":1700122105,"views":11,"p1id":"lolannoying","p2id":"chilllanturnyt","formatid":"gen9ou","rating":1143,"private":0,"password":""}