{"id":"gen9ou-1992788075","p1":"xxxlaniusxxx","p2":"Schummel_8","format":"[Gen 9] OU","log":"|j|\u2606xxxlaniusxxx\n|j|\u2606Schummel_8\n|t:|1700235486\n|gametype|singles\n|player|p1|xxxlaniusxxx|cynthia-gen4|\n|player|p2|Schummel_8|101|\n|teamsize|p1|6\n|teamsize|p2|6\n|gen|9\n|tier|[Gen 9] OU\n|rule|Sleep Clause Mod: Limit one foe put to sleep\n|rule|Species Clause: Limit one of each Pok\u00e9mon\n|rule|OHKO Clause: OHKO moves are banned\n|rule|Evasion Items Clause: Evasion items are banned\n|rule|Evasion Moves Clause: Evasion moves are banned\n|rule|Endless Battle Clause: Forcing endless battles is banned\n|rule|HP Percentage Mod: HP is shown in percentages\n|clearpoke\n|poke|p1|Alomomola, F|\n|poke|p1|Weezing-Galar, F|\n|poke|p1|Arboliva, F|\n|poke|p1|Skeledirge, M|\n|poke|p1|Iron Treads|\n|poke|p1|Hydreigon, F|\n|poke|p2|Alomomola, F|\n|poke|p2|Slowking-Galar, F|\n|poke|p2|Kingambit, F|\n|poke|p2|Great Tusk|\n|poke|p2|Cinderace, F|\n|poke|p2|Thundurus-Therian, M|\n|teampreview\n|inactive|Battle timer is ON: inactive players will automatically lose when time's up. (requested by Schummel_8)\n|c|\u2606xxxlaniusxxx|gl\n|c|\u2606Schummel_8|glhf\n|\n|t:|1700235503\n|start\n|switch|p1a: Marcus Aurelius|Hydreigon, F|100\/100\n|switch|p2a: Slowking|Slowking-Galar, F|100\/100\n|turn|1\n|\n|t:|1700235519\n|move|p1a: Marcus Aurelius|U-turn|p2a: Slowking\n|-damage|p2a: Slowking|87\/100\n|\n|t:|1700235525\n|switch|p1a: Julius Caesar|Iron Treads|100\/100|[from] U-turn\n|move|p2a: Slowking|Ice Beam|p1a: Julius Caesar\n|-damage|p1a: Julius Caesar|79\/100\n|\n|upkeep\n|turn|2\n|\n|t:|1700235537\n|switch|p2a: Great Tusk|Great Tusk|100\/100\n|move|p1a: Julius Caesar|Knock Off|p2a: Great Tusk\n|-resisted|p2a: Great Tusk\n|-damage|p2a: Great Tusk|89\/100\n|-damage|p1a: Julius Caesar|62\/100|[from] item: Rocky Helmet|[of] p2a: Great Tusk\n|-enditem|p2a: Great Tusk|Rocky Helmet|[from] move: Knock Off|[of] p1a: Julius Caesar\n|\n|upkeep\n|turn|3\n|\n|t:|1700235560\n|-end|p1a: Julius Caesar|Quark Drive|[silent]\n|switch|p1a: Tiberius Augustus|Weezing-Galar, F|100\/100\n|move|p2a: Great Tusk|Rapid Spin|p1a: Tiberius Augustus\n|-damage|p1a: Tiberius Augustus|88\/100\n|-boost|p2a: Great Tusk|spe|1\n|\n|-heal|p1a: Tiberius Augustus|94\/100|[from] item: Black Sludge\n|upkeep\n|turn|4\n|\n|t:|1700235577\n|-end|p2a: Great Tusk|Protosynthesis|[silent]\n|switch|p2a: Thundurus|Thundurus-Therian, M|100\/100\n|move|p1a: Tiberius Augustus|Strange Steam|p2a: Thundurus\n|-crit|p2a: Thundurus\n|-damage|p2a: Thundurus|44\/100\n|\n|-heal|p1a: Tiberius Augustus|99\/100|[from] item: Black Sludge\n|upkeep\n|turn|5\n|c|\u2606xxxlaniusxxx|wir spielen free tera, oder?\n|c|\u2606Schummel_8|jap\n|c|\u2606xxxlaniusxxx|danke\n|inactive|xxxlaniusxxx has 270 seconds left.\n|c|\u2606Schummel_8|normales OU game\n|\n|t:|1700235618\n|switch|p1a: Julius Caesar|Iron Treads|62\/100\n|-terastallize|p2a: Thundurus|Flying\n|move|p2a: Thundurus|Tera Blast|p1a: Julius Caesar|[anim] Tera Blast Flying\n|-resisted|p1a: Julius Caesar\n|-damage|p1a: Julius Caesar|18\/100\n|\n|upkeep\n|turn|6\n|\n|t:|1700235639\n|switch|p2a: Great Tusk|Great Tusk|89\/100\n|move|p1a: Julius Caesar|Ice Spinner|p2a: Great Tusk\n|-supereffective|p2a: Great Tusk\n|-damage|p2a: Great Tusk|54\/100\n|\n|upkeep\n|turn|7\n|\n|t:|1700235652\n|-end|p1a: Julius Caesar|Quark Drive|[silent]\n|switch|p1a: Caligula|Alomomola, F|100\/100\n|move|p2a: Great Tusk|Ice Spinner|p1a: Caligula\n|-resisted|p1a: Caligula\n|-damage|p1a: Caligula|94\/100\n|-damage|p2a: Great Tusk|37\/100|[from] item: Rocky Helmet|[of] p1a: Caligula\n|\n|upkeep\n|turn|8\n|\n|t:|1700235664\n|-end|p2a: Great Tusk|Protosynthesis|[silent]\n|switch|p2a: Slowking|Slowking-Galar, F|100\/100\n|move|p1a: Caligula|Wish|p1a: Caligula\n|\n|upkeep\n|turn|9\n|\n|t:|1700235674\n|move|p1a: Caligula|Flip Turn|p2a: Slowking\n|-damage|p2a: Slowking|83\/100\n|\n|t:|1700235686\n|switch|p1a: Tiberius Augustus|Weezing-Galar, F|99\/100|[from] Flip Turn\n|move|p2a: Slowking|Future Sight|p1a: Tiberius Augustus\n|-start|p2a: Slowking|move: Future Sight\n|\n|-heal|p1a: Tiberius Augustus|100\/100|[from] move: Wish|[wisher] Caligula\n|upkeep\n|turn|10\n|\n|t:|1700235694\n|move|p1a: Tiberius Augustus|Strange Steam|p2a: Slowking\n|-resisted|p2a: Slowking\n|-damage|p2a: Slowking|74\/100\n|move|p2a: Slowking|Sludge Bomb|p1a: Tiberius Augustus\n|-damage|p1a: Tiberius Augustus|57\/100\n|\n|-heal|p1a: Tiberius Augustus|63\/100|[from] item: Black Sludge\n|upkeep\n|turn|11\n|inactive|xxxlaniusxxx has 270 seconds left.\n|\n|t:|1700235712\n|switch|p1a: Caligula|Alomomola, F|100\/100\n|move|p2a: Slowking|Chilly Reception|p2a: Slowking\n|-weather|Snow\n|\n|t:|1700235717\n|switch|p2a: Thundurus|Thundurus-Therian, M, tera:Flying|44\/100|[from] Chilly Reception\n|\n|-weather|Snow|[upkeep]\n|-end|p1a: Caligula|move: Future Sight\n|-damage|p1a: Caligula|52\/100\n|upkeep\n|turn|12\n|inactive|xxxlaniusxxx has 270 seconds left.\n|\n|t:|1700235730\n|move|p1a: Caligula|Protect|p1a: Caligula\n|-singleturn|p1a: Caligula|Protect\n|move|p2a: Thundurus|Tera Blast|p1a: Caligula|[anim] Tera Blast Flying\n|-activate|p1a: Caligula|move: Protect\n|\n|-weather|Snow|[upkeep]\n|upkeep\n|turn|13\n|inactive|xxxlaniusxxx has 270 seconds left.\n|\n|t:|1700235751\n|switch|p1a: Julius Caesar|Iron Treads|18\/100\n|move|p2a: Thundurus|Tera Blast|p1a: Julius Caesar|[anim] Tera Blast Flying\n|-resisted|p1a: Julius Caesar\n|-damage|p1a: Julius Caesar|0 fnt\n|faint|p1a: Julius Caesar\n|-end|p1a: Julius Caesar|Quark Drive|[silent]\n|\n|-weather|Snow|[upkeep]\n|upkeep\n|\n|t:|1700235759\n|switch|p1a: Marcus Aurelius|Hydreigon, F|100\/100\n|turn|14\n|\n|t:|1700235775\n|switch|p2a: Slowking|Slowking-Galar, F|100\/100\n|move|p1a: Marcus Aurelius|U-turn|p2a: Slowking\n|-damage|p2a: Slowking|87\/100\n|\n|t:|1700235783\n|switch|p1a: Nero Germanicus|Skeledirge, M|100\/100|[from] U-turn\n|\n|-weather|Snow|[upkeep]\n|upkeep\n|turn|15\n|\n|t:|1700235792\n|move|p1a: Nero Germanicus|Will-O-Wisp|p2a: Slowking|[miss]\n|-miss|p1a: Nero Germanicus|p2a: Slowking\n|move|p2a: Slowking|Future Sight|p1a: Nero Germanicus\n|-start|p2a: Slowking|move: Future Sight\n|\n|-weather|none\n|upkeep\n|turn|16\n|inactive|xxxlaniusxxx has 270 seconds left.\n|\n|t:|1700235800\n|move|p1a: Nero Germanicus|Shadow Ball|p2a: Slowking\n|-supereffective|p2a: Slowking\n|-damage|p2a: Slowking|54\/100\n|move|p2a: Slowking|Chilly Reception|p2a: Slowking\n|-weather|Snow\n|inactive|Schummel_8 has 270 seconds left.\n|\n|t:|1700235833\n|switch|p2a: Thundurus|Thundurus-Therian, M, tera:Flying|44\/100|[from] Chilly Reception\n|\n|-weather|Snow|[upkeep]\n|upkeep\n|turn|17\n|\n|t:|1700235841\n|move|p2a: Thundurus|Volt Switch|p1a: Nero Germanicus\n|-damage|p1a: Nero Germanicus|35\/100\n|\n|t:|1700235845\n|switch|p2a: Slowking|Slowking-Galar, F|88\/100|[from] Volt Switch\n|move|p1a: Nero Germanicus|Torch Song|p2a: Slowking\n|-crit|p2a: Slowking\n|-damage|p2a: Slowking|60\/100\n|-boost|p1a: Nero Germanicus|spa|1\n|\n|-weather|Snow|[upkeep]\n|-end|p1a: Nero Germanicus|move: Future Sight\n|-damage|p1a: Nero Germanicus|0 fnt\n|faint|p1a: Nero Germanicus\n|upkeep\n|\n|t:|1700235855\n|switch|p1a: Marcus Aurelius|Hydreigon, F|100\/100\n|turn|18\n|\n|t:|1700235864\n|switch|p2a: Alomomola|Alomomola, F|100\/100\n|move|p1a: Marcus Aurelius|Draco Meteor|p2a: Alomomola\n|-damage|p2a: Alomomola|39\/100\n|-unboost|p1a: Marcus Aurelius|spa|2\n|-enditem|p2a: Alomomola|Red Card|[of] p1a: Marcus Aurelius\n|drag|p1a: Commodus|Arboliva, F|100\/100\n|\n|-weather|Snow|[upkeep]\n|upkeep\n|turn|19\n|\n|t:|1700235876\n|switch|p2a: Slowking|Slowking-Galar, F|93\/100\n|move|p1a: Commodus|Leech Seed|p2a: Slowking\n|-start|p2a: Slowking|move: Leech Seed\n|\n|-weather|Snow|[upkeep]\n|-damage|p2a: Slowking|81\/100|[from] Leech Seed|[of] p1a: Commodus\n|upkeep\n|turn|20\n|\n|t:|1700235886\n|-terastallize|p1a: Commodus|Water\n|move|p1a: Commodus|Earth Power|p2a: Slowking\n|-supereffective|p2a: Slowking\n|-damage|p2a: Slowking|50\/100\n|move|p2a: Slowking|Ice Beam|p1a: Commodus\n|-resisted|p1a: Commodus\n|-damage|p1a: Commodus|93\/100\n|\n|-weather|none\n|-damage|p2a: Slowking|37\/100|[from] Leech Seed|[of] p1a: Commodus\n|-heal|p1a: Commodus|100\/100|[silent]\n|upkeep\n|turn|21\n|\n|t:|1700235913\n|switch|p2a: Alomomola|Alomomola, F|72\/100\n|move|p1a: Commodus|Giga Drain|p2a: Alomomola\n|-supereffective|p2a: Alomomola\n|-damage|p2a: Alomomola|20\/100\n|\n|upkeep\n|turn|22\n|\n|t:|1700235926\n|switch|p2a: Slowking|Slowking-Galar, F|70\/100\n|move|p1a: Commodus|Strength Sap|p2a: Slowking\n|-unboost|p2a: Slowking|atk|1\n|\n|upkeep\n|turn|23\n|\n|t:|1700235939\n|move|p1a: Commodus|Earth Power|p2a: Slowking\n|-supereffective|p2a: Slowking\n|-damage|p2a: Slowking|39\/100\n|move|p2a: Slowking|Future Sight|p1a: Commodus\n|-start|p2a: Slowking|move: Future Sight\n|\n|upkeep\n|turn|24\n|\n|t:|1700235948\n|move|p1a: Commodus|Leech Seed|p2a: Slowking\n|-start|p2a: Slowking|move: Leech Seed\n|move|p2a: Slowking|Chilly Reception|p2a: Slowking\n|-weather|Snow\n|\n|t:|1700235954\n|switch|p2a: Thundurus|Thundurus-Therian, M, tera:Flying|44\/100|[from] Chilly Reception\n|\n|-weather|Snow|[upkeep]\n|upkeep\n|turn|25\n|\n|t:|1700235963\n|move|p2a: Thundurus|Volt Switch|p1a: Commodus\n|-supereffective|p1a: Commodus\n|-damage|p1a: Commodus|23\/100\n|-enditem|p1a: Commodus|Sitrus Berry|[eat]\n|-heal|p1a: Commodus|48\/100|[from] item: Sitrus Berry\n|\n|t:|1700235968\n|switch|p2a: Slowking|Slowking-Galar, F|72\/100|[from] Volt Switch\n|move|p1a: Commodus|Giga Drain|p2a: Slowking\n|-resisted|p2a: Slowking\n|-damage|p2a: Slowking|64\/100\n|-heal|p1a: Commodus|53\/100|[from] drain|[of] p2a: Slowking\n|\n|-weather|Snow|[upkeep]\n|-end|p1a: Commodus|move: Future Sight\n|-damage|p1a: Commodus|25\/100\n|upkeep\n|turn|26\n|\n|t:|1700235983\n|move|p1a: Commodus|Strength Sap|p2a: Slowking\n|-unboost|p2a: Slowking|atk|1\n|-heal|p1a: Commodus|63\/100\n|move|p2a: Slowking|Future Sight|p1a: Commodus\n|-start|p2a: Slowking|move: Future Sight\n|\n|-weather|Snow|[upkeep]\n|-item|p1a: Commodus|Sitrus Berry|[from] ability: Harvest\n|upkeep\n|turn|27\n|\n|t:|1700235991\n|move|p1a: Commodus|Earth Power|p2a: Slowking\n|-supereffective|p2a: Slowking\n|-damage|p2a: Slowking|32\/100\n|move|p2a: Slowking|Chilly Reception|p2a: Slowking\n|\n|t:|1700235997\n|switch|p2a: Thundurus|Thundurus-Therian, M, tera:Flying|44\/100|[from] Chilly Reception\n|\n|-weather|Snow|[upkeep]\n|upkeep\n|turn|28\n|\n|t:|1700236005\n|switch|p1a: Marcus Aurelius|Hydreigon, F|100\/100\n|move|p2a: Thundurus|Volt Switch|p1a: Marcus Aurelius\n|-resisted|p1a: Marcus Aurelius\n|-damage|p1a: Marcus Aurelius|64\/100\n|\n|t:|1700236028\n|switch|p2a: Slowking|Slowking-Galar, F|66\/100|[from] Volt Switch\n|\n|-weather|none\n|-end|p1a: Marcus Aurelius|move: Future Sight\n|-immune|p1a: Marcus Aurelius\n|upkeep\n|turn|29\n|\n|t:|1700236035\n|switch|p2a: Great Tusk|Great Tusk|37\/100\n|move|p1a: Marcus Aurelius|Dark Pulse|p2a: Great Tusk\n|-resisted|p2a: Great Tusk\n|-damage|p2a: Great Tusk|4\/100\n|\n|upkeep\n|turn|30\n|\n|t:|1700236043\n|move|p1a: Marcus Aurelius|Dark Pulse|p2a: Great Tusk\n|-resisted|p2a: Great Tusk\n|-damage|p2a: Great Tusk|0 fnt\n|faint|p2a: Great Tusk\n|-end|p2a: Great Tusk|Protosynthesis|[silent]\n|\n|upkeep\n|inactive|Schummel_8 has 270 seconds left.\n|\n|t:|1700236064\n|switch|p2a: Kingambit|Kingambit, F|100\/100\n|-activate|p2a: Kingambit|ability: Supreme Overlord\n|-start|p2a: Kingambit|fallen1|[silent]\n|turn|31\n|\n|t:|1700236071\n|switch|p1a: Caligula|Alomomola, F|85\/100\n|move|p2a: Kingambit|Swords Dance|p2a: Kingambit\n|-boost|p2a: Kingambit|atk|2\n|\n|upkeep\n|turn|32\n|\n|t:|1700236080\n|move|p2a: Kingambit|Kowtow Cleave|p1a: Caligula\n|-damage|p1a: Caligula|26\/100\n|-damage|p2a: Kingambit|84\/100|[from] item: Rocky Helmet|[of] p1a: Caligula\n|move|p1a: Caligula|Scald|p2a: Kingambit\n|-damage|p2a: Kingambit|71\/100\n|-status|p2a: Kingambit|brn\n|\n|-heal|p2a: Kingambit|77\/100 brn|[from] item: Leftovers\n|-damage|p2a: Kingambit|71\/100 brn|[from] brn\n|upkeep\n|turn|33\n|\n|t:|1700236091\n|switch|p1a: Tiberius Augustus|Weezing-Galar, F|63\/100\n|move|p2a: Kingambit|Swords Dance|p2a: Kingambit\n|-boost|p2a: Kingambit|atk|2\n|\n|-heal|p1a: Tiberius Augustus|69\/100|[from] item: Black Sludge\n|-heal|p2a: Kingambit|77\/100 brn|[from] item: Leftovers\n|-damage|p2a: Kingambit|71\/100 brn|[from] brn\n|upkeep\n|turn|34\n|\n|t:|1700236105\n|switch|p1a: Caligula|Alomomola, F|59\/100\n|move|p2a: Kingambit|Iron Head|p1a: Caligula\n|-resisted|p1a: Caligula\n|-damage|p1a: Caligula|40\/100\n|-damage|p2a: Kingambit|54\/100 brn|[from] item: Rocky Helmet|[of] p1a: Caligula\n|\n|-heal|p2a: Kingambit|60\/100 brn|[from] item: Leftovers\n|-damage|p2a: Kingambit|54\/100 brn|[from] brn\n|upkeep\n|turn|35\n|\n|t:|1700236117\n|move|p2a: Kingambit|Kowtow Cleave|p1a: Caligula\n|-damage|p1a: Caligula|0 fnt\n|-damage|p2a: Kingambit|38\/100 brn|[from] item: Rocky Helmet|[of] p1a: Caligula\n|faint|p1a: Caligula\n|\n|-heal|p2a: Kingambit|44\/100 brn|[from] item: Leftovers\n|-damage|p2a: Kingambit|38\/100 brn|[from] brn\n|upkeep\n|\n|t:|1700236127\n|switch|p1a: Commodus|Arboliva, F, tera:Water|63\/100\n|turn|36\n|\n|t:|1700236143\n|-end|p2a: Kingambit|fallen1|[silent]\n|switch|p2a: Thundurus|Thundurus-Therian, M, tera:Flying|44\/100\n|move|p1a: Commodus|Strength Sap|p2a: Thundurus\n|-unboost|p2a: Thundurus|atk|1\n|-heal|p1a: Commodus|100\/100\n|\n|upkeep\n|turn|37\n|\n|t:|1700236156\n|move|p2a: Thundurus|Volt Switch|p1a: Commodus\n|-supereffective|p1a: Commodus\n|-damage|p1a: Commodus|30\/100\n|-enditem|p1a: Commodus|Sitrus Berry|[eat]\n|-heal|p1a: Commodus|55\/100|[from] item: Sitrus Berry\n|\n|t:|1700236166\n|switch|p2a: Slowking|Slowking-Galar, F|99\/100|[from] Volt Switch\n|move|p1a: Commodus|Giga Drain|p2a: Slowking\n|-resisted|p2a: Slowking\n|-damage|p2a: Slowking|90\/100\n|-heal|p1a: Commodus|60\/100|[from] drain|[of] p2a: Slowking\n|\n|upkeep\n|turn|38\n|\n|t:|1700236178\n|move|p1a: Commodus|Strength Sap|p2a: Slowking\n|-unboost|p2a: Slowking|atk|1\n|-heal|p1a: Commodus|97\/100\n|move|p2a: Slowking|Future Sight|p1a: Commodus\n|-start|p2a: Slowking|move: Future Sight\n|\n|-item|p1a: Commodus|Sitrus Berry|[from] ability: Harvest\n|upkeep\n|turn|39\n|\n|t:|1700236187\n|move|p1a: Commodus|Earth Power|p2a: Slowking\n|-supereffective|p2a: Slowking\n|-damage|p2a: Slowking|60\/100\n|move|p2a: Slowking|Sludge Bomb|p1a: Commodus\n|-damage|p1a: Commodus|77\/100\n|-status|p1a: Commodus|psn\n|\n|-damage|p1a: Commodus|64\/100 psn|[from] psn\n|upkeep\n|turn|40\n|\n|t:|1700236198\n|switch|p1a: Marcus Aurelius|Hydreigon, F|64\/100\n|move|p2a: Slowking|Chilly Reception|p2a: Slowking\n|-weather|Snow\n|\n|t:|1700236220\n|switch|p2a: Alomomola|Alomomola, F|53\/100|[from] Chilly Reception\n|\n|-weather|Snow|[upkeep]\n|-end|p1a: Marcus Aurelius|move: Future Sight\n|-immune|p1a: Marcus Aurelius\n|upkeep\n|turn|41\n|\n|t:|1700236228\n|switch|p2a: Slowking|Slowking-Galar, F|93\/100\n|move|p1a: Marcus Aurelius|Draco Meteor|p2a: Slowking\n|-damage|p2a: Slowking|50\/100\n|-unboost|p1a: Marcus Aurelius|spa|2\n|\n|-weather|Snow|[upkeep]\n|upkeep\n|turn|42\n|\n|t:|1700236246\n|switch|p1a: Tiberius Augustus|Weezing-Galar, F|69\/100\n|move|p2a: Slowking|Future Sight|p1a: Tiberius Augustus\n|-start|p2a: Slowking|move: Future Sight\n|\n|-weather|Snow|[upkeep]\n|-heal|p1a: Tiberius Augustus|75\/100|[from] item: Black Sludge\n|upkeep\n|turn|43\n|\n|t:|1700236254\n|move|p1a: Tiberius Augustus|Strange Steam|p2a: Slowking\n|-resisted|p2a: Slowking\n|-damage|p2a: Slowking|42\/100\n|move|p2a: Slowking|Sludge Bomb|p1a: Tiberius Augustus\n|-damage|p1a: Tiberius Augustus|29\/100\n|\n|-weather|Snow|[upkeep]\n|-heal|p1a: Tiberius Augustus|35\/100|[from] item: Black Sludge\n|upkeep\n|turn|44\n|\n|t:|1700236264\n|switch|p1a: Marcus Aurelius|Hydreigon, F|64\/100\n|move|p2a: Slowking|Ice Beam|p1a: Marcus Aurelius\n|-supereffective|p1a: Marcus Aurelius\n|-damage|p1a: Marcus Aurelius|16\/100\n|\n|-weather|none\n|-end|p1a: Marcus Aurelius|move: Future Sight\n|-immune|p1a: Marcus Aurelius\n|upkeep\n|turn|45\n|\n|t:|1700236274\n|switch|p2a: Alomomola|Alomomola, F|86\/100\n|move|p1a: Marcus Aurelius|Dark Pulse|p2a: Alomomola\n|-damage|p2a: Alomomola|43\/100\n|\n|upkeep\n|turn|46\n|\n|t:|1700236288\n|switch|p2a: Kingambit|Kingambit, F|38\/100 brn\n|-activate|p2a: Kingambit|ability: Supreme Overlord\n|-start|p2a: Kingambit|fallen1|[silent]\n|move|p1a: Marcus Aurelius|Dark Pulse|p2a: Kingambit\n|-resisted|p2a: Kingambit\n|-damage|p2a: Kingambit|17\/100 brn\n|\n|-heal|p2a: Kingambit|24\/100 brn|[from] item: Leftovers\n|-damage|p2a: Kingambit|17\/100 brn|[from] brn\n|upkeep\n|turn|47\n|\n|t:|1700236302\n|move|p1a: Marcus Aurelius|Dark Pulse|p2a: Kingambit\n|-resisted|p2a: Kingambit\n|-damage|p2a: Kingambit|0 fnt\n|faint|p2a: Kingambit\n|-end|p2a: Kingambit|fallen1|[silent]\n|\n|upkeep\n|\n|t:|1700236311\n|switch|p2a: Slowking|Slowking-Galar, F|75\/100\n|turn|48\n|\n|t:|1700236318\n|switch|p1a: Commodus|Arboliva, F, tera:Water|64\/100 psn\n|move|p2a: Slowking|Ice Beam|p1a: Commodus\n|-resisted|p1a: Commodus\n|-damage|p1a: Commodus|57\/100 psn\n|\n|-damage|p1a: Commodus|45\/100 psn|[from] psn\n|upkeep\n|-enditem|p1a: Commodus|Sitrus Berry|[eat]\n|-heal|p1a: Commodus|70\/100 psn|[from] item: Sitrus Berry\n|turn|49\n|\n|t:|1700236328\n|move|p1a: Commodus|Strength Sap|p2a: Slowking\n|-unboost|p2a: Slowking|atk|1\n|-heal|p1a: Commodus|100\/100 psn\n|move|p2a: Slowking|Future Sight|p1a: Commodus\n|-start|p2a: Slowking|move: Future Sight\n|\n|-damage|p1a: Commodus|88\/100 psn|[from] psn\n|upkeep\n|turn|50\n|\n|t:|1700236337\n|move|p1a: Commodus|Earth Power|p2a: Slowking\n|-supereffective|p2a: Slowking\n|-damage|p2a: Slowking|47\/100\n|move|p2a: Slowking|Chilly Reception|p2a: Slowking\n|-weather|Snow\n|\n|t:|1700236346\n|switch|p2a: Thundurus|Thundurus-Therian, M, tera:Flying|44\/100|[from] Chilly Reception\n|\n|-weather|Snow|[upkeep]\n|-damage|p1a: Commodus|76\/100 psn|[from] psn\n|-item|p1a: Commodus|Sitrus Berry|[from] ability: Harvest\n|upkeep\n|turn|51\n|\n|t:|1700236370\n|move|p2a: Thundurus|Volt Switch|p1a: Commodus\n|-supereffective|p1a: Commodus\n|-damage|p1a: Commodus|0 fnt\n|faint|p1a: Commodus\n|\n|t:|1700236380\n|switch|p2a: Slowking|Slowking-Galar, F|80\/100|[from] Volt Switch\n|\n|-weather|Snow|[upkeep]\n|-hint|Future Sight did not hit because the target is fainted.\n|upkeep\n|\n|t:|1700236385\n|switch|p1a: Marcus Aurelius|Hydreigon, F|16\/100\n|turn|52\n|\n|t:|1700236390\n|move|p1a: Marcus Aurelius|Dark Pulse|p2a: Slowking\n|-supereffective|p2a: Slowking\n|-damage|p2a: Slowking|23\/100\n|move|p2a: Slowking|Ice Beam|p1a: Marcus Aurelius\n|-supereffective|p1a: Marcus Aurelius\n|-crit|p1a: Marcus Aurelius\n|-damage|p1a: Marcus Aurelius|0 fnt\n|faint|p1a: Marcus Aurelius\n|\n|-weather|Snow|[upkeep]\n|upkeep\n|c|\u2606xxxlaniusxxx|nicht ein einziges Mal der FLinch\n|\n|t:|1700236409\n|switch|p1a: Tiberius Augustus|Weezing-Galar, F|35\/100\n|turn|53\n|c|\u2606Schummel_8|Was ist die Chance? 20 oder 10%?\n|\n|t:|1700236429\n|switch|p2a: Cinderace|Cinderace, F|100\/100\n|move|p1a: Tiberius Augustus|Sludge Bomb|p2a: Cinderace\n|-damage|p2a: Cinderace|60\/100\n|-status|p2a: Cinderace|psn\n|\n|-weather|Snow|[upkeep]\n|-heal|p1a: Tiberius Augustus|41\/100|[from] item: Black Sludge\n|-damage|p2a: Cinderace|47\/100 psn|[from] psn\n|upkeep\n|turn|54\n|c|\u2606xxxlaniusxxx|es waren einige Angriffe\n|\n|t:|1700236445\n|move|p2a: Cinderace|U-turn|p1a: Tiberius Augustus\n|-start|p2a: Cinderace|typechange|Bug|[from] ability: Libero\n|-resisted|p1a: Tiberius Augustus\n|-damage|p1a: Tiberius Augustus|36\/100\n|\n|t:|1700236452\n|switch|p2a: Slowking|Slowking-Galar, F|56\/100|[from] U-turn\n|move|p1a: Tiberius Augustus|Sludge Bomb|p2a: Slowking\n|-resisted|p2a: Slowking\n|-damage|p2a: Slowking|49\/100\n|\n|-weather|none\n|-heal|p1a: Tiberius Augustus|42\/100|[from] item: Black Sludge\n|upkeep\n|turn|55\n|\n|t:|1700236461\n|move|p1a: Tiberius Augustus|Strange Steam|p2a: Slowking\n|-resisted|p2a: Slowking\n|-damage|p2a: Slowking|40\/100\n|move|p2a: Slowking|Sludge Bomb|p1a: Tiberius Augustus\n|-damage|p1a: Tiberius Augustus|0 fnt\n|faint|p1a: Tiberius Augustus\n|\n|win|Schummel_8\n|c|\u2606xxxlaniusxxx|gg\n|l|\u2606xxxlaniusxxx\n|c|\u2606Schummel_8|gg\n","uploadtime":1700237528,"views":10,"p1id":"xxxlaniusxxx","p2id":"schummel8","formatid":"gen9ou","rating":0,"private":0,"password":""}