{"id":"gen9ou-1988776646","p1":"chordoverstreet","p2":"RosalinaV","format":"[Gen 9] OU","log":"|j|\u2606chordoverstreet\n|j|\u2606RosalinaV\n|t:|1699761703\n|gametype|singles\n|player|p1|chordoverstreet|101|1237\n|player|p2|RosalinaV|marnie-masters2|1235\n|teamsize|p1|6\n|teamsize|p2|6\n|gen|9\n|tier|[Gen 9] OU\n|rated|\n|rule|Sleep Clause Mod: Limit one foe put to sleep\n|rule|Species Clause: Limit one of each Pok\u00e9mon\n|rule|OHKO Clause: OHKO moves are banned\n|rule|Evasion Items Clause: Evasion items are banned\n|rule|Evasion Moves Clause: Evasion moves are banned\n|rule|Endless Battle Clause: Forcing endless battles is banned\n|rule|HP Percentage Mod: HP is shown in percentages\n|clearpoke\n|poke|p1|Ting-Lu|\n|poke|p1|Rillaboom, F|\n|poke|p1|Samurott-Hisui, F|\n|poke|p1|Gholdengo|\n|poke|p1|Hatterene, F|\n|poke|p1|Great Tusk|\n|poke|p2|Zapdos-Galar|\n|poke|p2|Ribombee, F|\n|poke|p2|Gholdengo|\n|poke|p2|Kingambit, F|\n|poke|p2|Great Tusk|\n|poke|p2|Ceruledge, F|\n|teampreview\n|inactive|Battle timer is ON: inactive players will automatically lose when time's up. (requested by RosalinaV)\n|\n|t:|1699761729\n|start\n|switch|p1a: Ting-Lu|Ting-Lu|100\/100\n|switch|p2a: Zapdos|Zapdos-Galar|100\/100\n|-ability|p1a: Ting-Lu|Vessel of Ruin\n|turn|1\n|\n|t:|1699761734\n|switch|p1a: Gholdengo|Gholdengo|100\/100\n|move|p2a: Zapdos|U-turn|p1a: Gholdengo\n|-resisted|p1a: Gholdengo\n|-damage|p1a: Gholdengo|94\/100\n|\n|t:|1699761744\n|switch|p2a: Ribombee|Ribombee, F|100\/100|[from] U-turn\n|\n|-heal|p1a: Gholdengo|99\/100|[from] item: Leftovers\n|upkeep\n|turn|2\n|\n|t:|1699761751\n|switch|p2a: Gholdengo|Gholdengo|100\/100\n|-item|p2a: Gholdengo|Air Balloon\n|switch|p1a: Hatterene|Hatterene, F|100\/100\n|\n|upkeep\n|turn|3\n|\n|t:|1699761760\n|switch|p1a: Samurott|Samurott-Hisui, F|100\/100\n|move|p2a: Gholdengo|Shadow Ball|p1a: Samurott\n|-resisted|p1a: Samurott\n|-damage|p1a: Samurott|70\/100\n|-unboost|p1a: Samurott|spd|1\n|\n|upkeep\n|turn|4\n|\n|t:|1699761774\n|-terastallize|p2a: Gholdengo|Fairy\n|move|p1a: Samurott|Ceaseless Edge|p2a: Gholdengo\n|-resisted|p2a: Gholdengo\n|-damage|p2a: Gholdengo|76\/100\n|-enditem|p2a: Gholdengo|Air Balloon\n|-sidestart|p2: RosalinaV|Spikes\n|move|p2a: Gholdengo|Dazzling Gleam|p1a: Samurott\n|-supereffective|p1a: Samurott\n|-damage|p1a: Samurott|0 fnt\n|faint|p1a: Samurott\n|\n|upkeep\n|\n|t:|1699761787\n|switch|p1a: Ting-Lu|Ting-Lu|100\/100\n|-ability|p1a: Ting-Lu|Vessel of Ruin\n|turn|5\n|\n|t:|1699761794\n|move|p2a: Gholdengo|Nasty Plot|p2a: Gholdengo\n|-boost|p2a: Gholdengo|spa|2\n|move|p1a: Ting-Lu|Stealth Rock|p2a: Gholdengo\n|-sidestart|p2: RosalinaV|move: Stealth Rock\n|\n|upkeep\n|turn|6\n|\n|t:|1699761797\n|move|p2a: Gholdengo|Dazzling Gleam|p1a: Ting-Lu\n|-supereffective|p1a: Ting-Lu\n|-damage|p1a: Ting-Lu|20\/100\n|move|p1a: Ting-Lu|Ruination|p2a: Gholdengo\n|-damage|p2a: Gholdengo|38\/100\n|\n|-heal|p1a: Ting-Lu|26\/100|[from] item: Leftovers\n|upkeep\n|turn|7\n|\n|t:|1699761812\n|move|p2a: Gholdengo|Dazzling Gleam|p1a: Ting-Lu\n|-supereffective|p1a: Ting-Lu\n|-damage|p1a: Ting-Lu|0 fnt\n|faint|p1a: Ting-Lu\n|\n|upkeep\n|\n|t:|1699761815\n|switch|p1a: Rillaboom|Rillaboom, F|100\/100\n|-fieldstart|move: Grassy Terrain|[from] ability: Grassy Surge|[of] p1a: Rillaboom\n|turn|8\n|\n|t:|1699761827\n|move|p1a: Rillaboom|Grassy Glide|p2a: Gholdengo\n|-damage|p2a: Gholdengo|0 fnt\n|faint|p2a: Gholdengo\n|\n|upkeep\n|\n|t:|1699761837\n|switch|p2a: Great Tusk|Great Tusk|100\/100\n|-damage|p2a: Great Tusk|88\/100|[from] Spikes\n|-damage|p2a: Great Tusk|85\/100|[from] Stealth Rock\n|-enditem|p2a: Great Tusk|Booster Energy\n|-activate|p2a: Great Tusk|ability: Protosynthesis|[fromitem]\n|-start|p2a: Great Tusk|protosynthesisspe\n|turn|9\n|\n|t:|1699761847\n|move|p1a: Rillaboom|Grassy Glide|p2a: Great Tusk\n|-supereffective|p2a: Great Tusk\n|-damage|p2a: Great Tusk|19\/100\n|move|p2a: Great Tusk|Ice Spinner|p1a: Rillaboom\n|-supereffective|p1a: Rillaboom\n|-damage|p1a: Rillaboom|54\/100\n|-fieldend|move: Grassy Terrain\n|\n|upkeep\n|turn|10\n|\n|t:|1699761867\n|move|p2a: Great Tusk|Rapid Spin|p1a: Rillaboom\n|-damage|p1a: Rillaboom|37\/100\n|-boost|p2a: Great Tusk|spe|1\n|-sideend|p2: RosalinaV|Spikes|[from] move: Rapid Spin|[of] p2a: Great Tusk\n|-sideend|p2: RosalinaV|Stealth Rock|[from] move: Rapid Spin|[of] p2a: Great Tusk\n|move|p1a: Rillaboom|Grassy Glide|p2a: Great Tusk\n|-supereffective|p2a: Great Tusk\n|-damage|p2a: Great Tusk|0 fnt\n|faint|p2a: Great Tusk\n|-end|p2a: Great Tusk|Protosynthesis|[silent]\n|\n|upkeep\n|\n|t:|1699761876\n|switch|p2a: Ribombee|Ribombee, F|100\/100\n|turn|11\n|\n|t:|1699761883\n|switch|p1a: Hatterene|Hatterene, F|100\/100\n|move|p2a: Ribombee|Moonblast|p1a: Hatterene\n|-crit|p1a: Hatterene\n|-damage|p1a: Hatterene|34\/100\n|-unboost|p1a: Hatterene|spa|1\n|-enditem|p1a: Hatterene|Red Card|[of] p2a: Ribombee\n|drag|p2a: Ceruledge|Ceruledge, F|100\/100\n|\n|upkeep\n|turn|12\n|\n|t:|1699761899\n|move|p2a: Ceruledge|Poltergeist||[still]\n|-fail|p2a: Ceruledge\n|move|p1a: Hatterene|Nuzzle|p2a: Ceruledge\n|-damage|p2a: Ceruledge|95\/100\n|-status|p2a: Ceruledge|par\n|-ability|p2a: Ceruledge|Weak Armor|boost\n|-unboost|p2a: Ceruledge|def|1\n|-boost|p2a: Ceruledge|spe|2\n|\n|upkeep\n|turn|13\n|\n|t:|1699761909\n|switch|p1a: Great Tusk|Great Tusk|100\/100\n|-enditem|p1a: Great Tusk|Booster Energy\n|-activate|p1a: Great Tusk|ability: Protosynthesis|[fromitem]\n|-start|p1a: Great Tusk|protosynthesisspe\n|cant|p2a: Ceruledge|par\n|\n|upkeep\n|turn|14\n|\n|t:|1699761917\n|move|p2a: Ceruledge|Shadow Sneak|p1a: Great Tusk\n|-damage|p1a: Great Tusk|86\/100\n|move|p1a: Great Tusk|Bulk Up|p1a: Great Tusk\n|-boost|p1a: Great Tusk|atk|1\n|-boost|p1a: Great Tusk|def|1\n|\n|upkeep\n|turn|15\n|\n|t:|1699761922\n|switch|p2a: Ribombee|Ribombee, F|100\/100\n|move|p1a: Great Tusk|Bulk Up|p1a: Great Tusk\n|-boost|p1a: Great Tusk|atk|1\n|-boost|p1a: Great Tusk|def|1\n|\n|upkeep\n|turn|16\n|\n|t:|1699761928\n|-terastallize|p1a: Great Tusk|Steel\n|move|p1a: Great Tusk|Ice Spinner|p2a: Ribombee\n|-damage|p2a: Ribombee|5\/100\n|move|p2a: Ribombee|Moonblast|p1a: Great Tusk\n|-resisted|p1a: Great Tusk\n|-damage|p1a: Great Tusk|59\/100\n|\n|upkeep\n|turn|17\n|\n|t:|1699761934\n|move|p1a: Great Tusk|Rapid Spin|p2a: Ribombee\n|-damage|p2a: Ribombee|0 fnt\n|-boost|p1a: Great Tusk|spe|1\n|faint|p2a: Ribombee\n|\n|upkeep\n|\n|t:|1699761938\n|switch|p2a: Zapdos|Zapdos-Galar|100\/100\n|turn|18\n|\n|t:|1699761942\n|move|p1a: Great Tusk|Ice Spinner|p2a: Zapdos\n|-supereffective|p2a: Zapdos\n|-damage|p2a: Zapdos|0 fnt\n|faint|p2a: Zapdos\n|\n|upkeep\n|\n|t:|1699761945\n|switch|p2a: Ceruledge|Ceruledge, F|95\/100 par\n|turn|19\n|\n|t:|1699761949\n|move|p1a: Great Tusk|Headlong Rush|p2a: Ceruledge\n|-supereffective|p2a: Ceruledge\n|-damage|p2a: Ceruledge|0 fnt\n|-unboost|p1a: Great Tusk|def|1\n|-unboost|p1a: Great Tusk|spd|1\n|faint|p2a: Ceruledge\n|\n|upkeep\n|\n|t:|1699761951\n|switch|p2a: Kingambit|Kingambit, F|100\/100\n|-activate|p2a: Kingambit|ability: Supreme Overlord\n|-start|p2a: Kingambit|fallen5|[silent]\n|turn|20\n|\n|t:|1699761955\n|move|p1a: Great Tusk|Headlong Rush|p2a: Kingambit\n|-supereffective|p2a: Kingambit\n|-damage|p2a: Kingambit|0 fnt\n|-unboost|p1a: Great Tusk|def|1\n|-unboost|p1a: Great Tusk|spd|1\n|faint|p2a: Kingambit\n|-end|p2a: Kingambit|fallen5|[silent]\n|\n|win|chordoverstreet\n|raw|chordoverstreet's rating: 1237 &rarr; <strong>1262<\/strong><br \/>(+25 for winning)\n|raw|RosalinaV's rating: 1235 &rarr; <strong>1210<\/strong><br \/>(-25 for losing)\n|c|\u2606RosalinaV|gg\n|l|\u2606RosalinaV\n","uploadtime":1699762010,"views":10,"p1id":"chordoverstreet","p2id":"rosalinav","formatid":"gen9ou","rating":1210,"private":0,"password":""}