{"id":"gen9ou-1998112565","p1":"EpsilonxE","p2":"RSDPM","format":"[Gen 9] OU","log":"|j|\u2606EpsilonxE\n|j|\u2606RSDPM\n|t:|1700893499\n|gametype|singles\n|player|p1|EpsilonxE|2|1282\n|player|p2|RSDPM|riley|1325\n|teamsize|p1|6\n|teamsize|p2|6\n|gen|9\n|tier|[Gen 9] OU\n|rated|\n|rule|Sleep Clause Mod: Limit one foe put to sleep\n|rule|Species Clause: Limit one of each Pok\u00e9mon\n|rule|OHKO Clause: OHKO moves are banned\n|rule|Evasion Items Clause: Evasion items are banned\n|rule|Evasion Moves Clause: Evasion moves are banned\n|rule|Endless Battle Clause: Forcing endless battles is banned\n|rule|HP Percentage Mod: HP is shown in percentages\n|clearpoke\n|poke|p1|Tyranitar, F|\n|poke|p1|Ting-Lu|\n|poke|p1|Thundurus-Therian, M|\n|poke|p1|Weezing-Galar, F|\n|poke|p1|Mamoswine, F|\n|poke|p1|Alomomola, F|\n|poke|p2|Arcanine-Hisui, M|\n|poke|p2|Electrode-Hisui|\n|poke|p2|Lilligant-Hisui, F|\n|poke|p2|Zoroark-Hisui, F|\n|poke|p2|Braviary-Hisui, M|\n|poke|p2|Avalugg-Hisui, F|\n|teampreview\n|inactive|Battle timer is ON: inactive players will automatically lose when time's up. (requested by EpsilonxE)\n|\n|t:|1700893521\n|start\n|switch|p1a: Ting-Lu|Ting-Lu|100\/100\n|switch|p2a: Electrode|Electrode-Hisui|100\/100\n|-ability|p1a: Ting-Lu|Vessel of Ruin\n|turn|1\n|inactive|EpsilonxE has 120 seconds left.\n|inactive|EpsilonxE has 90 seconds left.\n|\n|t:|1700893588\n|switch|p1a: Thundurus|Thundurus-Therian, M|100\/100\n|move|p2a: Electrode|Chloroblast|p1a: Thundurus\n|-resisted|p1a: Thundurus\n|-damage|p1a: Thundurus|43\/100\n|-damage|p2a: Electrode|50\/100|[from] Recoil\n|\n|upkeep\n|turn|2\n|inactive|EpsilonxE has 90 seconds left.\n|inactive|EpsilonxE has 60 seconds left.\n|inactive|EpsilonxE has 30 seconds left.\n|inactive|EpsilonxE has 20 seconds left.\n|inactive|EpsilonxE has 15 seconds left.\n|\n|t:|1700893669\n|switch|p2a: Arcanine|Arcanine-Hisui, M|100\/100\n|switch|p1a: Weezing|Weezing-Galar, F|100\/100\n|-ability|p1a: Weezing|Neutralizing Gas\n|\n|upkeep\n|turn|3\n|inactive|EpsilonxE has 25 seconds left this turn.\n|\n|t:|1700893678\n|-end|p1a: Weezing|ability: Neutralizing Gas\n|switch|p1a: Alomomola|Alomomola, F|100\/100\n|move|p2a: Arcanine|Head Smash|p1a: Alomomola|[miss]\n|-miss|p2a: Arcanine|p1a: Alomomola\n|\n|upkeep\n|turn|4\n|inactive|EpsilonxE has 30 seconds left.\n|\n|t:|1700893687\n|switch|p2a: Avalugg|Avalugg-Hisui, F|100\/100\n|move|p1a: Alomomola|Wish|p1a: Alomomola\n|\n|upkeep\n|turn|5\n|\n|t:|1700893690\n|move|p1a: Alomomola|Flip Turn|p2a: Avalugg\n|-supereffective|p2a: Avalugg\n|-damage|p2a: Avalugg|84\/100\n|-damage|p1a: Alomomola|84\/100|[from] item: Rocky Helmet|[of] p2a: Avalugg\n|\n|t:|1700893698\n|switch|p1a: Tyranitar|Tyranitar, F|100\/100|[from] Flip Turn\n|-weather|Sandstorm|[from] ability: Sand Stream|[of] p1a: Tyranitar\n|move|p2a: Avalugg|Stealth Rock|p1a: Tyranitar\n|-sidestart|p1: EpsilonxE|move: Stealth Rock\n|\n|-weather|Sandstorm|[upkeep]\n|upkeep\n|turn|6\n|\n|t:|1700893708\n|move|p1a: Tyranitar|Heavy Slam|p2a: Avalugg\n|-supereffective|p2a: Avalugg\n|-damage|p2a: Avalugg|33\/100\n|-damage|p1a: Tyranitar|84\/100|[from] item: Rocky Helmet|[of] p2a: Avalugg\n|move|p2a: Avalugg|Gyro Ball|p1a: Tyranitar\n|-supereffective|p1a: Tyranitar\n|-damage|p1a: Tyranitar|28\/100\n|\n|-weather|Sandstorm|[upkeep]\n|upkeep\n|turn|7\n|\n|t:|1700893718\n|move|p1a: Tyranitar|Heavy Slam|p2a: Avalugg\n|-supereffective|p2a: Avalugg\n|-damage|p2a: Avalugg|0 fnt\n|-damage|p1a: Tyranitar|11\/100|[from] item: Rocky Helmet|[of] p2a: Avalugg\n|faint|p2a: Avalugg\n|\n|-weather|Sandstorm|[upkeep]\n|upkeep\n|inactive|RSDPM has 120 seconds left.\n|\n|t:|1700893757\n|switch|p2a: Arcanine|Arcanine-Hisui, M|100\/100\n|turn|8\n|inactive|EpsilonxE has 60 seconds left.\n|\n|t:|1700893776\n|switch|p1a: Alomomola|Alomomola, F|100\/100\n|move|p2a: Arcanine|Wild Charge|p1a: Alomomola\n|-supereffective|p1a: Alomomola\n|-damage|p1a: Alomomola|68\/100\n|\n|-weather|Sandstorm|[upkeep]\n|-damage|p1a: Alomomola|62\/100|[from] Sandstorm\n|upkeep\n|turn|9\n|\n|t:|1700893785\n|move|p2a: Arcanine|Head Smash|p1a: Alomomola\n|-damage|p1a: Alomomola|22\/100\n|move|p1a: Alomomola|Wish|p1a: Alomomola\n|\n|-weather|none\n|upkeep\n|turn|10\n|inactive|RSDPM has 120 seconds left.\n|\n|t:|1700893818\n|move|p1a: Alomomola|Protect|p1a: Alomomola\n|-singleturn|p1a: Alomomola|Protect\n|move|p2a: Arcanine|Wild Charge|p1a: Alomomola\n|-activate|p1a: Alomomola|move: Protect\n|\n|-heal|p1a: Alomomola|72\/100|[from] move: Wish|[wisher] Alomomola\n|upkeep\n|turn|11\n|\n|t:|1700893833\n|switch|p2a: Electrode|Electrode-Hisui|50\/100\n|move|p1a: Alomomola|Wish|p1a: Alomomola\n|\n|upkeep\n|turn|12\n|inactive|EpsilonxE has 60 seconds left.\n|inactive|EpsilonxE has 30 seconds left.\n|inactive|EpsilonxE has 20 seconds left.\n|inactive|EpsilonxE has 15 seconds left.\n|\n|t:|1700893911\n|move|p1a: Alomomola|Protect|p1a: Alomomola\n|-singleturn|p1a: Alomomola|Protect\n|move|p2a: Electrode|Tera Blast|p1a: Alomomola\n|-activate|p1a: Alomomola|move: Protect\n|\n|-heal|p1a: Alomomola|100\/100|[from] move: Wish|[wisher] Alomomola\n|upkeep\n|turn|13\n|inactive|EpsilonxE has 25 seconds left this turn.\n|inactive|EpsilonxE has 20 seconds left.\n|\n|t:|1700893921\n|switch|p2a: Lilligant|Lilligant-Hisui, F|100\/100\n|move|p1a: Alomomola|Wish|p1a: Alomomola\n|\n|upkeep\n|turn|14\n|inactive|EpsilonxE has 30 seconds left this turn.\n|\n|t:|1700893928\n|move|p2a: Lilligant|U-turn|p1a: Alomomola\n|-damage|p1a: Alomomola|92\/100\n|\n|t:|1700893933\n|switch|p2a: Electrode|Electrode-Hisui|50\/100|[from] U-turn\n|move|p1a: Alomomola|Flip Turn|p2a: Electrode\n|-resisted|p2a: Electrode\n|-damage|p2a: Electrode|37\/100\n|\n|t:|1700893939\n|switch|p1a: Thundurus|Thundurus-Therian, M|43\/100|[from] Flip Turn\n|\n|-heal|p1a: Thundurus|100\/100|[from] move: Wish|[wisher] Alomomola\n|upkeep\n|turn|15\n|inactive|EpsilonxE has 30 seconds left.\n|\n|t:|1700893954\n|-terastallize|p2a: Electrode|Rock\n|move|p2a: Electrode|Tera Blast|p1a: Thundurus|[anim] Tera Blast Rock\n|-supereffective|p1a: Thundurus\n|-damage|p1a: Thundurus|0 fnt\n|faint|p1a: Thundurus\n|\n|upkeep\n|inactive|EpsilonxE has 30 seconds left.\n|inactive|EpsilonxE has 20 seconds left.\n|inactive|EpsilonxE has 15 seconds left.\n|inactive|EpsilonxE has 10 seconds left.\n|\n|t:|1700893984\n|switch|p1a: Weezing|Weezing-Galar, F|100\/100\n|-ability|p1a: Weezing|Neutralizing Gas\n|turn|16\n|inactive|EpsilonxE has 20 seconds left this turn.\n|inactive|EpsilonxE has 15 seconds left.\n|inactive|RSDPM has 120 seconds left.\n|\n|t:|1700894007\n|switch|p2a: Zoroark|Zoroark-Hisui, F|100\/100\n|move|p1a: Weezing|Strange Steam|p2a: Zoroark\n|-damage|p2a: Zoroark|43\/100\n|\n|upkeep\n|turn|17\n|inactive|EpsilonxE has 25 seconds left this turn.\n|inactive|EpsilonxE has 20 seconds left.\n|inactive|EpsilonxE has 15 seconds left.\n|\n|t:|1700894018\n|-end|p1a: Weezing|ability: Neutralizing Gas\n|switch|p1a: Ting-Lu|Ting-Lu|100\/100\n|-damage|p1a: Ting-Lu|94\/100|[from] Stealth Rock\n|-ability|p1a: Ting-Lu|Vessel of Ruin\n|move|p2a: Zoroark|Trick|p1a: Ting-Lu\n|-activate|p2a: Zoroark|move: Trick|[of] p1a: Ting-Lu\n|-item|p1a: Ting-Lu|Choice Scarf|[from] move: Trick\n|-item|p2a: Zoroark|Leftovers|[from] move: Trick\n|\n|-heal|p2a: Zoroark|49\/100|[from] item: Leftovers\n|upkeep\n|turn|18\n|inactive|EpsilonxE has 25 seconds left this turn.\n|inactive|EpsilonxE has 20 seconds left.\n|inactive|EpsilonxE has 15 seconds left.\n|inactive|RSDPM has 120 seconds left.\n|\n|t:|1700894037\n|move|p2a: Zoroark|Bitter Malice|p1a: Ting-Lu\n|-resisted|p1a: Ting-Lu\n|-damage|p1a: Ting-Lu|86\/100\n|-unboost|p1a: Ting-Lu|atk|1\n|move|p1a: Ting-Lu|Stealth Rock|p2a: Zoroark\n|-sidestart|p2: RSDPM|move: Stealth Rock\n|\n|-heal|p2a: Zoroark|55\/100|[from] item: Leftovers\n|upkeep\n|turn|19\n|inactive|EpsilonxE has 25 seconds left this turn.\n|inactive|EpsilonxE has 20 seconds left.\n|inactive|EpsilonxE has 15 seconds left.\n|inactive|RSDPM has 120 seconds left.\n|\n|t:|1700894051\n|switch|p1a: Tyranitar|Tyranitar, F|11\/100\n|-damage|p1a: Tyranitar|0 fnt|[from] Stealth Rock\n|faint|p1a: Tyranitar\n|move|p2a: Zoroark|U-turn|p1: Tyranitar|[notarget]\n|-fail|p2a: Zoroark\n|\n|-heal|p2a: Zoroark|61\/100|[from] item: Leftovers\n|upkeep\n|inactive|EpsilonxE has 20 seconds left this turn.\n|inactive|EpsilonxE has 15 seconds left.\n|inactive|EpsilonxE has 10 seconds left.\n|\n|t:|1700894062\n|switch|p1a: Mamoswine|Mamoswine, F|100\/100\n|-damage|p1a: Mamoswine|88\/100|[from] Stealth Rock\n|turn|20\n|inactive|EpsilonxE has 20 seconds left this turn.\n|inactive|EpsilonxE has 15 seconds left.\n|\n|t:|1700894076\n|move|p1a: Mamoswine|Earthquake|p2a: Zoroark\n|-damage|p2a: Zoroark|0 fnt\n|faint|p2a: Zoroark\n|\n|upkeep\n|inactive|EpsilonxE has 20 seconds left this turn.\n|\n|t:|1700894082\n|switch|p2a: Braviary|Braviary-Hisui, M|100\/100\n|turn|21\n|inactive|EpsilonxE has 30 seconds left this turn.\n|\n|t:|1700894086\n|switch|p1a: Ting-Lu|Ting-Lu|86\/100\n|-damage|p1a: Ting-Lu|80\/100|[from] Stealth Rock\n|-ability|p1a: Ting-Lu|Vessel of Ruin\n|move|p2a: Braviary|Calm Mind|p2a: Braviary\n|-boost|p2a: Braviary|spa|1\n|-boost|p2a: Braviary|spd|1\n|\n|upkeep\n|turn|22\n|\n|t:|1700894095\n|move|p2a: Braviary|Air Slash|p1a: Ting-Lu\n|-damage|p1a: Ting-Lu|57\/100\n|move|p1a: Ting-Lu|Whirlwind|p2a: Braviary\n|drag|p2a: Electrode|Electrode-Hisui, tera:Rock|37\/100\n|-damage|p2a: Electrode|25\/100|[from] Stealth Rock\n|\n|upkeep\n|turn|23\n|\n|t:|1700894108\n|switch|p2a: Braviary|Braviary-Hisui, M|100\/100\n|switch|p1a: Weezing|Weezing-Galar, F|100\/100\n|-ability|p1a: Weezing|Neutralizing Gas\n|\n|upkeep\n|turn|24\n|\n|t:|1700894113\n|move|p1a: Weezing|Defog|p2a: Braviary\n|-unboost|p2a: Braviary|evasion|1\n|-sideend|p2: RSDPM|Stealth Rock|[from] move: Defog|[of] p1a: Weezing\n|-sideend|p1: EpsilonxE|Stealth Rock|[from] move: Defog|[of] p1a: Weezing\n|move|p2a: Braviary|Esper Wing|p1a: Weezing\n|-supereffective|p1a: Weezing\n|-damage|p1a: Weezing|0 fnt\n|-boost|p2a: Braviary|spe|1\n|faint|p1a: Weezing\n|-end|p1a: Weezing|ability: Neutralizing Gas\n|\n|upkeep\n|\n|t:|1700894120\n|switch|p1a: Mamoswine|Mamoswine, F|88\/100\n|turn|25\n|\n|t:|1700894130\n|switch|p2a: Arcanine|Arcanine-Hisui, M|100\/100\n|move|p1a: Mamoswine|Icicle Crash|p2a: Arcanine\n|-resisted|p2a: Arcanine\n|-damage|p2a: Arcanine|71\/100\n|\n|upkeep\n|turn|26\n|\n|t:|1700894136\n|switch|p1a: Ting-Lu|Ting-Lu|57\/100\n|-ability|p1a: Ting-Lu|Vessel of Ruin\n|move|p2a: Arcanine|Flare Blitz|p1a: Ting-Lu\n|-damage|p1a: Ting-Lu|25\/100\n|\n|upkeep\n|turn|27\n|\n|t:|1700894144\n|switch|p1a: Alomomola|Alomomola, F|100\/100\n|move|p2a: Arcanine|Flare Blitz|p1a: Alomomola\n|-resisted|p1a: Alomomola\n|-damage|p1a: Alomomola|86\/100\n|\n|upkeep\n|turn|28\n|\n|t:|1700894153\n|switch|p2a: Braviary|Braviary-Hisui, M|100\/100\n|move|p1a: Alomomola|Wish|p1a: Alomomola\n|\n|upkeep\n|turn|29\n|\n|t:|1700894160\n|move|p2a: Braviary|Calm Mind|p2a: Braviary\n|-boost|p2a: Braviary|spa|1\n|-boost|p2a: Braviary|spd|1\n|move|p1a: Alomomola|Flip Turn|p2a: Braviary\n|-damage|p2a: Braviary|84\/100\n|inactive|EpsilonxE has 60 seconds left.\n|inactive|EpsilonxE has 30 seconds left.\n|\n|t:|1700894221\n|switch|p1a: Ting-Lu|Ting-Lu|25\/100|[from] Flip Turn\n|-ability|p1a: Ting-Lu|Vessel of Ruin\n|\n|-heal|p1a: Ting-Lu|77\/100|[from] move: Wish|[wisher] Alomomola\n|upkeep\n|turn|30\n|inactive|EpsilonxE has 30 seconds left.\n|\n|t:|1700894232\n|move|p1a: Ting-Lu|Stealth Rock|p2a: Braviary\n|-sidestart|p2: RSDPM|move: Stealth Rock\n|move|p2a: Braviary|Air Slash|p1a: Ting-Lu\n|-damage|p1a: Ting-Lu|54\/100\n|\n|upkeep\n|turn|31\n|\n|t:|1700894238\n|switch|p1a: Mamoswine|Mamoswine, F|88\/100\n|move|p2a: Braviary|Air Slash|p1a: Mamoswine\n|-damage|p1a: Mamoswine|9\/100\n|\n|upkeep\n|turn|32\n|\n|t:|1700894246\n|move|p2a: Braviary|Vacuum Wave|p1a: Mamoswine\n|-supereffective|p1a: Mamoswine\n|-damage|p1a: Mamoswine|0 fnt\n|faint|p1a: Mamoswine\n|\n|upkeep\n|inactive|EpsilonxE has 30 seconds left.\n|\n|t:|1700894265\n|switch|p1a: Ting-Lu|Ting-Lu|54\/100\n|-ability|p1a: Ting-Lu|Vessel of Ruin\n|turn|33\n|\n|t:|1700894278\n|move|p2a: Braviary|Air Slash|p1a: Ting-Lu\n|-damage|p1a: Ting-Lu|31\/100\n|cant|p1a: Ting-Lu|flinch\n|\n|upkeep\n|turn|34\n|-message|EpsilonxE forfeited.\n|\n|win|RSDPM\n|raw|EpsilonxE's rating: 1282 &rarr; <strong>1260<\/strong><br \/>(-22 for losing)\n|raw|RSDPM's rating: 1325 &rarr; <strong>1343<\/strong><br \/>(+18 for winning)\n|l|\u2606EpsilonxE\n","uploadtime":1700894301,"views":4,"p1id":"epsilonxe","p2id":"rsdpm","formatid":"gen9ou","rating":1260,"private":0,"password":""}