{"id":"gen9ou-1992725760","p1":"LotusTheWise","p2":"littensalt","format":"[Gen 9] OU","log":"|j|\u2606LotusTheWise\n|j|\u2606littensalt\n|t:|1700229532\n|gametype|singles\n|player|p1|LotusTheWise|clair|1319\n|player|p2|littensalt|calem|1392\n|teamsize|p1|6\n|teamsize|p2|6\n|gen|9\n|tier|[Gen 9] OU\n|rated|\n|rule|Sleep Clause Mod: Limit one foe put to sleep\n|rule|Species Clause: Limit one of each Pok\u00e9mon\n|rule|OHKO Clause: OHKO moves are banned\n|rule|Evasion Items Clause: Evasion items are banned\n|rule|Evasion Moves Clause: Evasion moves are banned\n|rule|Endless Battle Clause: Forcing endless battles is banned\n|rule|HP Percentage Mod: HP is shown in percentages\n|clearpoke\n|poke|p1|Kingambit, F|\n|poke|p1|Rillaboom, M|\n|poke|p1|Sneasler, M|\n|poke|p1|Iron Valiant|\n|poke|p1|Slowking-Galar, M|\n|poke|p1|Thundurus-Therian, M|\n|poke|p2|Thundurus-Therian, M|\n|poke|p2|Weezing-Galar, M|\n|poke|p2|Cinderace, M|\n|poke|p2|Dragapult, F|\n|poke|p2|Ting-Lu|\n|poke|p2|Zamazenta-*|\n|teampreview\n|inactive|Battle timer is ON: inactive players will automatically lose when time's up. (requested by LotusTheWise)\n|\n|t:|1700229547\n|start\n|switch|p1a: Slowking|Slowking-Galar, M|100\/100\n|switch|p2a: wheezy outta here|Weezing-Galar, M, shiny|100\/100\n|-ability|p2a: wheezy outta here|Neutralizing Gas\n|turn|1\n|\n|t:|1700229554\n|move|p2a: wheezy outta here|Will-O-Wisp|p1a: Slowking\n|-status|p1a: Slowking|brn\n|move|p1a: Slowking|Future Sight|p2a: wheezy outta here\n|-start|p1a: Slowking|move: Future Sight\n|\n|-damage|p1a: Slowking|94\/100 brn|[from] brn\n|upkeep\n|turn|2\n|\n|t:|1700229560\n|-end|p2a: wheezy outta here|ability: Neutralizing Gas\n|switch|p2a: Ting-Lu|Ting-Lu|100\/100\n|-ability|p2a: Ting-Lu|Vessel of Ruin\n|move|p1a: Slowking|Chilly Reception|p1a: Slowking\n|-weather|Snow\n|\n|t:|1700229573\n|switch|p1a: Rillaboom|Rillaboom, M|100\/100|[from] Chilly Reception\n|-fieldstart|move: Grassy Terrain|[from] ability: Grassy Surge|[of] p1a: Rillaboom\n|\n|-weather|Snow|[upkeep]\n|upkeep\n|turn|3\n|\n|t:|1700229579\n|switch|p2a: wheezy outta here|Weezing-Galar, M, shiny|100\/100\n|-ability|p2a: wheezy outta here|Neutralizing Gas\n|move|p1a: Rillaboom|Wood Hammer|p2a: wheezy outta here\n|-resisted|p2a: wheezy outta here\n|-damage|p2a: wheezy outta here|66\/100\n|-damage|p1a: Rillaboom|84\/100|[from] item: Rocky Helmet|[of] p2a: wheezy outta here\n|-damage|p1a: Rillaboom|73\/100|[from] Recoil\n|-damage|p1a: Rillaboom|63\/100|[from] item: Life Orb\n|\n|-weather|Snow|[upkeep]\n|-end|p2a: wheezy outta here|move: Future Sight\n|-supereffective|p2a: wheezy outta here\n|-damage|p2a: wheezy outta here|0 fnt\n|faint|p2a: wheezy outta here\n|-end|p2a: wheezy outta here|ability: Neutralizing Gas\n|-heal|p1a: Rillaboom|69\/100|[from] Grassy Terrain\n|upkeep\n|\n|t:|1700229590\n|switch|p2a: FRANCHISE|Cinderace, M|100\/100\n|turn|4\n|\n|t:|1700229601\n|switch|p1a: Slowking|Slowking-Galar, M|100\/100 brn\n|move|p2a: FRANCHISE|Pyro Ball|p1a: Slowking\n|-damage|p1a: Slowking|56\/100 brn\n|\n|-weather|Snow|[upkeep]\n|-heal|p1a: Slowking|62\/100 brn|[from] Grassy Terrain\n|-damage|p1a: Slowking|56\/100 brn|[from] brn\n|upkeep\n|turn|5\n|\n|t:|1700229605\n|move|p2a: FRANCHISE|Pyro Ball|p1a: Slowking|[miss]\n|-miss|p2a: FRANCHISE|p1a: Slowking\n|move|p1a: Slowking|Chilly Reception|p1a: Slowking\n|\n|t:|1700229613\n|switch|p1a: Iron Valiant|Iron Valiant|100\/100|[from] Chilly Reception\n|-enditem|p1a: Iron Valiant|Booster Energy\n|-activate|p1a: Iron Valiant|ability: Quark Drive|[fromitem]\n|-start|p1a: Iron Valiant|quarkdrivespe\n|\n|-weather|Snow|[upkeep]\n|upkeep\n|turn|6\n|\n|t:|1700229619\n|move|p1a: Iron Valiant|Close Combat|p2a: FRANCHISE\n|-damage|p2a: FRANCHISE|32\/100\n|-unboost|p1a: Iron Valiant|def|1\n|-unboost|p1a: Iron Valiant|spd|1\n|move|p2a: FRANCHISE|Pyro Ball|p1a: Iron Valiant\n|-damage|p1a: Iron Valiant|3\/100\n|\n|-weather|none\n|-heal|p1a: Iron Valiant|10\/100|[from] Grassy Terrain\n|-heal|p2a: FRANCHISE|38\/100|[from] Grassy Terrain\n|-fieldend|move: Grassy Terrain\n|upkeep\n|turn|7\n|\n|t:|1700229622\n|move|p2a: FRANCHISE|Sucker Punch|p1a: Iron Valiant\n|-start|p2a: FRANCHISE|typechange|Dark|[from] ability: Libero\n|-resisted|p1a: Iron Valiant\n|-damage|p1a: Iron Valiant|0 fnt\n|faint|p1a: Iron Valiant\n|-end|p1a: Iron Valiant|Quark Drive|[silent]\n|\n|upkeep\n|\n|t:|1700229639\n|switch|p1a: Thundurus|Thundurus-Therian, M|100\/100\n|turn|8\n|\n|t:|1700229649\n|move|p2a: FRANCHISE|U-turn|p1a: Thundurus\n|-resisted|p1a: Thundurus\n|-damage|p1a: Thundurus|83\/100\n|\n|t:|1700229651\n|switch|p2a: 5g|Thundurus-Therian, M, shiny|100\/100|[from] U-turn\n|move|p1a: Thundurus|Knock Off|p2a: 5g\n|-damage|p2a: 5g|68\/100\n|-enditem|p2a: 5g|Choice Specs|[from] move: Knock Off|[of] p1a: Thundurus\n|\n|upkeep\n|turn|9\n|inactive|LotusTheWise has 120 seconds left.\n|inactive|LotusTheWise has 90 seconds left.\n|\n|t:|1700229713\n|move|p1a: Thundurus|Knock Off|p2a: 5g\n|-damage|p2a: 5g|48\/100\n|move|p2a: 5g|Tera Blast|p1a: Thundurus\n|-damage|p1a: Thundurus|39\/100\n|\n|upkeep\n|turn|10\n|inactive|LotusTheWise has 90 seconds left.\n|\n|t:|1700229725\n|switch|p1a: Slowking|Slowking-Galar, M|89\/100 brn\n|move|p2a: 5g|Tera Blast|p1a: Slowking\n|-damage|p1a: Slowking|64\/100 brn\n|\n|-damage|p1a: Slowking|58\/100 brn|[from] brn\n|upkeep\n|turn|11\n|\n|t:|1700229732\n|move|p2a: 5g|Dark Pulse|p1a: Slowking\n|-supereffective|p1a: Slowking\n|-damage|p1a: Slowking|8\/100 brn\n|move|p1a: Slowking|Toxic Spikes|p2a: 5g\n|-sidestart|p2: littensalt|move: Toxic Spikes\n|\n|-damage|p1a: Slowking|2\/100 brn|[from] brn\n|upkeep\n|turn|12\n|\n|t:|1700229741\n|move|p2a: 5g|Volt Switch|p1a: Slowking\n|-damage|p1a: Slowking|0 fnt\n|faint|p1a: Slowking\n|\n|t:|1700229743\n|switch|p2a: FRANCHISE|Cinderace, M|38\/100|[from] Volt Switch\n|\n|upkeep\n|\n|t:|1700229746\n|switch|p1a: Rillaboom|Rillaboom, M|69\/100\n|-fieldstart|move: Grassy Terrain|[from] ability: Grassy Surge|[of] p1a: Rillaboom\n|turn|13\n|\n|t:|1700229749\n|-terastallize|p1a: Rillaboom|Grass\n|move|p1a: Rillaboom|Grassy Glide|p2a: FRANCHISE\n|-resisted|p2a: FRANCHISE\n|-damage|p2a: FRANCHISE|0 fnt\n|faint|p2a: FRANCHISE\n|-damage|p1a: Rillaboom|59\/100|[from] item: Life Orb\n|\n|-heal|p1a: Rillaboom|65\/100|[from] Grassy Terrain\n|upkeep\n|\n|t:|1700229766\n|switch|p2a: KIDS SEE GHOST|Dragapult, F, shiny|100\/100\n|-status|p2a: KIDS SEE GHOST|psn\n|turn|14\n|\n|t:|1700229776\n|switch|p1a: Thundurus|Thundurus-Therian, M|39\/100\n|move|p2a: KIDS SEE GHOST|Flamethrower|p1a: Thundurus\n|-damage|p1a: Thundurus|0 fnt\n|faint|p1a: Thundurus\n|\n|-damage|p2a: KIDS SEE GHOST|88\/100 psn|[from] psn\n|upkeep\n|\n|t:|1700229778\n|switch|p1a: Sneasler|Sneasler, M|100\/100\n|-enditem|p1a: Sneasler|Grassy Seed\n|-boost|p1a: Sneasler|def|1|[from] item: Grassy Seed\n|turn|15\n|\n|t:|1700229785\n|move|p1a: Sneasler|Swords Dance|p1a: Sneasler\n|-boost|p1a: Sneasler|atk|2\n|move|p2a: KIDS SEE GHOST|Flamethrower|p1a: Sneasler\n|-damage|p1a: Sneasler|55\/100\n|-status|p1a: Sneasler|brn\n|\n|-heal|p1a: Sneasler|61\/100 brn|[from] Grassy Terrain\n|-heal|p2a: KIDS SEE GHOST|94\/100 psn|[from] Grassy Terrain\n|-damage|p2a: KIDS SEE GHOST|82\/100 psn|[from] psn\n|-damage|p1a: Sneasler|55\/100 brn|[from] brn\n|upkeep\n|turn|16\n|\n|t:|1700229795\n|move|p1a: Sneasler|Acrobatics|p2a: KIDS SEE GHOST\n|-damage|p2a: KIDS SEE GHOST|20\/100 psn\n|move|p2a: KIDS SEE GHOST|Flamethrower|p1a: Sneasler\n|-damage|p1a: Sneasler|14\/100 brn\n|\n|-heal|p1a: Sneasler|20\/100 brn|[from] Grassy Terrain\n|-heal|p2a: KIDS SEE GHOST|26\/100 psn|[from] Grassy Terrain\n|-damage|p2a: KIDS SEE GHOST|14\/100 psn|[from] psn\n|-damage|p1a: Sneasler|14\/100 brn|[from] brn\n|upkeep\n|turn|17\n|\n|t:|1700229803\n|switch|p2a: Ting-Lu|Ting-Lu|100\/100\n|-status|p2a: Ting-Lu|psn\n|-ability|p2a: Ting-Lu|Vessel of Ruin\n|move|p1a: Sneasler|Acrobatics|p2a: Ting-Lu\n|-damage|p2a: Ting-Lu|77\/100 psn\n|\n|-heal|p1a: Sneasler|20\/100 brn|[from] Grassy Terrain\n|-heal|p2a: Ting-Lu|83\/100 psn|[from] Grassy Terrain\n|-heal|p2a: Ting-Lu|89\/100 psn|[from] item: Leftovers\n|-damage|p2a: Ting-Lu|77\/100 psn|[from] psn\n|-damage|p1a: Sneasler|14\/100 brn|[from] brn\n|-fieldend|move: Grassy Terrain\n|upkeep\n|turn|18\n|\n|t:|1700229813\n|switch|p2a: KIDS SEE GHOST|Dragapult, F, shiny|14\/100 psn\n|move|p1a: Sneasler|Close Combat|p2a: KIDS SEE GHOST\n|-immune|p2a: KIDS SEE GHOST\n|\n|-damage|p2a: KIDS SEE GHOST|1\/100 psn|[from] psn\n|-damage|p1a: Sneasler|8\/100 brn|[from] brn\n|upkeep\n|turn|19\n|\n|t:|1700229823\n|move|p1a: Sneasler|Acrobatics|p2a: KIDS SEE GHOST\n|-damage|p2a: KIDS SEE GHOST|0 fnt\n|faint|p2a: KIDS SEE GHOST\n|\n|-damage|p1a: Sneasler|2\/100 brn|[from] brn\n|upkeep\n|\n|t:|1700229831\n|switch|p2a: Ting-Lu|Ting-Lu|77\/100 psn\n|-ability|p2a: Ting-Lu|Vessel of Ruin\n|turn|20\n|\n|t:|1700229834\n|switch|p2a: 5g|Thundurus-Therian, M, shiny|48\/100\n|move|p1a: Sneasler|Fire Punch|p2a: 5g\n|-damage|p2a: 5g|6\/100\n|\n|-damage|p1a: Sneasler|0 fnt|[from] brn\n|faint|p1a: Sneasler\n|upkeep\n|\n|t:|1700229838\n|switch|p1a: Rillaboom|Rillaboom, M, tera:Grass|65\/100\n|-fieldstart|move: Grassy Terrain|[from] ability: Grassy Surge|[of] p1a: Rillaboom\n|turn|21\n|\n|t:|1700229843\n|move|p2a: 5g|Tera Blast|p1a: Rillaboom\n|-damage|p1a: Rillaboom|21\/100\n|move|p1a: Rillaboom|Wood Hammer|p2a: 5g\n|-resisted|p2a: 5g\n|-damage|p2a: 5g|0 fnt\n|faint|p2a: 5g\n|-damage|p1a: Rillaboom|20\/100|[from] Recoil\n|-damage|p1a: Rillaboom|10\/100|[from] item: Life Orb\n|\n|-heal|p1a: Rillaboom|16\/100|[from] Grassy Terrain\n|upkeep\n|\n|t:|1700229847\n|switch|p2a: november|Zamazenta|100\/100\n|-status|p2a: november|psn\n|-ability|p2a: november|Dauntless Shield|boost\n|-boost|p2a: november|def|1\n|turn|22\n|\n|t:|1700229858\n|-terastallize|p2a: november|Steel\n|move|p2a: november|Substitute|p2a: november\n|-start|p2a: november|Substitute\n|-damage|p2a: november|75\/100 psn\n|move|p1a: Rillaboom|Wood Hammer|p2a: november\n|-resisted|p2a: november\n|-end|p2a: november|Substitute\n|-damage|p1a: Rillaboom|7\/100|[from] Recoil|[of] p2a: november\n|-damage|p1a: Rillaboom|0 fnt|[from] item: Life Orb\n|faint|p1a: Rillaboom\n|\n|-heal|p2a: november|82\/100 psn|[from] Grassy Terrain\n|-heal|p2a: november|88\/100 psn|[from] item: Leftovers\n|-damage|p2a: november|75\/100 psn|[from] psn\n|upkeep\n|\n|t:|1700229862\n|switch|p1a: Kingambit|Kingambit, F|100\/100\n|-activate|p1a: Kingambit|ability: Supreme Overlord\n|-start|p1a: Kingambit|fallen5|[silent]\n|turn|23\n|\n|t:|1700229865\n|move|p2a: november|Iron Defense|p2a: november\n|-boost|p2a: november|def|2\n|move|p1a: Kingambit|Low Kick|p2a: november\n|-supereffective|p2a: november\n|-damage|p2a: november|41\/100 psn\n|\n|-heal|p2a: november|47\/100 psn|[from] Grassy Terrain\n|-heal|p2a: november|53\/100 psn|[from] item: Leftovers\n|-damage|p2a: november|41\/100 psn|[from] psn\n|upkeep\n|turn|24\n|\n|t:|1700229870\n|move|p2a: november|Body Press|p1a: Kingambit\n|-supereffective|p1a: Kingambit\n|-damage|p1a: Kingambit|0 fnt\n|faint|p1a: Kingambit\n|-end|p1a: Kingambit|fallen5|[silent]\n|\n|win|littensalt\n|raw|LotusTheWise's rating: 1319 &rarr; <strong>1303<\/strong><br \/>(-16 for losing)\n|raw|littensalt's rating: 1392 &rarr; <strong>1408<\/strong><br \/>(+16 for winning)\n|l|\u2606LotusTheWise\n|c|\u2606littensalt|ggwp\n","uploadtime":1700229879,"views":10,"p1id":"lotusthewise","p2id":"littensalt","formatid":"gen9ou","rating":1303,"private":0,"password":""}