{"id":"gen9ou-1994202607","p1":"Shinken","p2":"Marco Damo","format":"[Gen 9] OU","log":"|j|\u2606Shinken\n|j|\u2606Marco Damo\n|t:|1700418437\n|gametype|singles\n|player|p1|Shinken|1|\n|player|p2|Marco Damo|170|\n|teamsize|p1|6\n|teamsize|p2|6\n|gen|9\n|tier|[Gen 9] OU\n|rule|Sleep Clause Mod: Limit one foe put to sleep\n|rule|Species Clause: Limit one of each Pok\u00e9mon\n|rule|OHKO Clause: OHKO moves are banned\n|rule|Evasion Items Clause: Evasion items are banned\n|rule|Evasion Moves Clause: Evasion moves are banned\n|rule|Endless Battle Clause: Forcing endless battles is banned\n|rule|HP Percentage Mod: HP is shown in percentages\n|clearpoke\n|poke|p1|Tyranitar, F|\n|poke|p1|Kingambit, M|\n|poke|p1|Mandibuzz, F|\n|poke|p1|Greninja-*, F|\n|poke|p1|Meowscarada, F|\n|poke|p1|Weavile, M|\n|poke|p2|Masquerain, F|\n|poke|p2|Haxorus, M|\n|poke|p2|Enamorus, F|\n|poke|p2|Mandibuzz, F|\n|poke|p2|Salamence, M|\n|poke|p2|Goodra-Hisui, F|\n|teampreview\n|j| banzaikamikaze\n|c| banzaikamikaze|Estou aqui! Esperem eu dar o start\n|c|\u2606Shinken|beleza\n|c|\u2606Marco Damo|blz\n|j| quizumba\n|inactive|Battle timer is ON: inactive players will automatically lose when time's up. (requested by Shinken)\n|c| banzaikamikaze|Podem come\u00e7ar! Lembrem-se do timer\n|\n|t:|1700418831\n|start\n|switch|p1a: Nino|Mandibuzz, F|100\/100\n|switch|p2a: Goodra|Goodra-Hisui, F|100\/100\n|turn|1\n|\n|t:|1700418845\n|switch|p1a: Thiago Silva|Tyranitar, F|100\/100\n|-ability|p1a: Thiago Silva|Unnerve\n|move|p2a: Goodra|Curse|p2a: Goodra\n|-unboost|p2a: Goodra|spe|1\n|-boost|p2a: Goodra|atk|1\n|-boost|p2a: Goodra|def|1\n|\n|upkeep\n|turn|2\n|\n|t:|1700418854\n|move|p2a: Goodra|Body Press|p1a: Thiago Silva\n|-supereffective|p1a: Thiago Silva\n|-damage|p1a: Thiago Silva|18\/100\n|move|p1a: Thiago Silva|Dragon Tail|p2a: Goodra\n|-damage|p2a: Goodra|88\/100\n|drag|p2a: Salamence|Salamence, M|100\/100\n|\n|upkeep\n|turn|3\n|\n|t:|1700418866\n|move|p2a: Salamence|Brick Break|p1a: Thiago Silva\n|-supereffective|p1a: Thiago Silva\n|-damage|p1a: Thiago Silva|0 fnt\n|faint|p1a: Thiago Silva\n|-ability|p2a: Salamence|Moxie|boost\n|-boost|p2a: Salamence|atk|1\n|-damage|p2a: Salamence|91\/100|[from] item: Life Orb\n|\n|upkeep\n|\n|t:|1700418880\n|switch|p1a: German Cano|Greninja, F, shiny|100\/100\n|turn|4\n|\n|t:|1700418886\n|switch|p2a: Goodra|Goodra-Hisui, F|88\/100\n|move|p1a: German Cano|Ice Beam|p2a: Goodra\n|-start|p1a: German Cano|typechange|Ice|[from] ability: Protean\n|-damage|p2a: Goodra|58\/100\n|\n|upkeep\n|turn|5\n|\n|t:|1700418913\n|switch|p1a: Nino|Mandibuzz, F|100\/100\n|move|p2a: Goodra|Body Press|p1a: Nino\n|-damage|p1a: Nino|90\/100\n|\n|-heal|p1a: Nino|96\/100|[from] item: Leftovers\n|upkeep\n|turn|6\n|\n|t:|1700418920\n|move|p1a: Nino|Foul Play|p2a: Goodra\n|-damage|p2a: Goodra|29\/100\n|move|p2a: Goodra|Curse|p2a: Goodra\n|-unboost|p2a: Goodra|spe|1\n|-boost|p2a: Goodra|atk|1\n|-boost|p2a: Goodra|def|1\n|\n|-heal|p1a: Nino|100\/100|[from] item: Leftovers\n|upkeep\n|turn|7\n|\n|t:|1700418930\n|move|p1a: Nino|Foul Play|p2a: Goodra\n|-damage|p2a: Goodra|0 fnt\n|faint|p2a: Goodra\n|\n|upkeep\n|\n|t:|1700418938\n|switch|p2a: Enamorus|Enamorus, F|100\/100\n|turn|8\n|\n|t:|1700418949\n|move|p2a: Enamorus|Moonblast|p1a: Nino\n|-supereffective|p1a: Nino\n|-damage|p1a: Nino|0 fnt\n|faint|p1a: Nino\n|\n|upkeep\n|\n|t:|1700418970\n|switch|p1a: German Cano|Greninja, F, shiny|100\/100\n|turn|9\n|\n|t:|1700418980\n|switch|p2a: Mandibuzz|Mandibuzz, F|100\/100\n|move|p1a: German Cano|Ice Beam|p2a: Mandibuzz\n|-start|p1a: German Cano|typechange|Ice|[from] ability: Protean\n|-supereffective|p2a: Mandibuzz\n|-damage|p2a: Mandibuzz|0 fnt\n|faint|p2a: Mandibuzz\n|\n|upkeep\n|\n|t:|1700418984\n|switch|p2a: Masquerain|Masquerain, F|100\/100\n|-ability|p2a: Masquerain|Intimidate|boost\n|-unboost|p1a: German Cano|atk|1\n|turn|10\n|\n|t:|1700419000\n|move|p1a: German Cano|Ice Beam|p2a: Masquerain\n|-supereffective|p2a: Masquerain\n|-enditem|p2a: Masquerain|Focus Sash\n|-damage|p2a: Masquerain|1\/100\n|move|p2a: Masquerain|Stun Spore|p1a: German Cano\n|-status|p1a: German Cano|par\n|\n|upkeep\n|turn|11\n|\n|t:|1700419009\n|move|p2a: Masquerain|Sticky Web|p1a: German Cano\n|-sidestart|p1: Shinken|move: Sticky Web\n|move|p1a: German Cano|Ice Beam|p2a: Masquerain\n|-supereffective|p2a: Masquerain\n|-damage|p2a: Masquerain|0 fnt\n|faint|p2a: Masquerain\n|\n|upkeep\n|\n|t:|1700419015\n|switch|p2a: Salamence|Salamence, M|91\/100\n|turn|12\n|\n|t:|1700419023\n|-terastallize|p2a: Salamence|Flying\n|move|p2a: Salamence|Dual Wingbeat|p1a: German Cano\n|-damage|p1a: German Cano|38\/100 par\n|-damage|p1a: German Cano|0 fnt\n|faint|p1a: German Cano\n|-ability|p2a: Salamence|Moxie|boost\n|-boost|p2a: Salamence|atk|1\n|-hitcount|p1: German Cano|2\n|-damage|p2a: Salamence|81\/100|[from] item: Life Orb\n|\n|upkeep\n|\n|t:|1700419048\n|switch|p1a: Arias|Weavile, M|100\/100\n|-activate|p1a: Arias|move: Sticky Web\n|-unboost|p1a: Arias|spe|1\n|-ability|p1a: Arias|Pressure\n|turn|13\n|\n|t:|1700419060\n|-terastallize|p1a: Arias|Ice\n|move|p1a: Arias|Ice Shard|p2a: Salamence\n|-supereffective|p2a: Salamence\n|-damage|p2a: Salamence|14\/100\n|move|p2a: Salamence|Dual Wingbeat|p1a: Arias\n|-damage|p1a: Arias|2\/100\n|-damage|p1a: Arias|0 fnt\n|faint|p1a: Arias\n|-ability|p2a: Salamence|Moxie|boost\n|-boost|p2a: Salamence|atk|1\n|-hitcount|p1: Arias|2\n|-damage|p2a: Salamence|4\/100|[from] item: Life Orb\n|\n|upkeep\n|inactive|Shinken has 270 seconds left.\n|\n|t:|1700419089\n|switch|p1a: Fred|Kingambit, M|100\/100\n|-activate|p1a: Fred|move: Sticky Web\n|-unboost|p1a: Fred|spe|1\n|-activate|p1a: Fred|ability: Supreme Overlord\n|-start|p1a: Fred|fallen4|[silent]\n|turn|14\n|\n|t:|1700419096\n|switch|p2a: Haxorus|Haxorus, M|100\/100\n|-ability|p2a: Haxorus|Mold Breaker\n|move|p1a: Fred|Sucker Punch||[still]\n|-fail|p1a: Fred\n|\n|upkeep\n|turn|15\n|\n|t:|1700419107\n|move|p2a: Haxorus|Close Combat|p1a: Fred\n|-supereffective|p1a: Fred\n|-crit|p1a: Fred\n|-damage|p1a: Fred|0 fnt\n|-unboost|p2a: Haxorus|def|1\n|-unboost|p2a: Haxorus|spd|1\n|faint|p1a: Fred\n|-end|p1a: Fred|fallen4|[silent]\n|\n|upkeep\n|\n|t:|1700419113\n|switch|p1a: Wellington Nem|Meowscarada, F|100\/100\n|turn|16\n|\n|t:|1700419130\n|switch|p2a: Salamence|Salamence, M, tera:Flying|4\/100\n|move|p1a: Wellington Nem|Play Rough|p2a: Salamence\n|-start|p1a: Wellington Nem|typechange|Fairy|[from] ability: Protean\n|-crit|p2a: Salamence\n|-damage|p2a: Salamence|0 fnt\n|faint|p2a: Salamence\n|\n|upkeep\n|\n|t:|1700419135\n|switch|p2a: Enamorus|Enamorus, F|100\/100\n|turn|17\n|\n|t:|1700419142\n|move|p1a: Wellington Nem|Play Rough|p2a: Enamorus\n|-damage|p2a: Enamorus|37\/100\n|-boost|p2a: Enamorus|atk|1\n|move|p2a: Enamorus|Moonblast|p1a: Wellington Nem\n|-damage|p1a: Wellington Nem|0 fnt\n|faint|p1a: Wellington Nem\n|\n|win|Marco Damo\n|c|\u2606Marco Damo|gg\n|l| banzaikamikaze\n|l|\u2606Marco Damo\n","uploadtime":1700419618,"views":9,"p1id":"shinken","p2id":"marcodamo","formatid":"gen9ou","rating":0,"private":0,"password":""}