{"id":"gen9ou-1990189822","p1":"djjevjfvc","p2":"spookyaudrey","format":"[Gen 9] OU","log":"|j|\u2606djjevjfvc\n|j|\u2606spookyaudrey\n|t:|1699934955\n|gametype|singles\n|player|p1|djjevjfvc|1|1045\n|player|p2|spookyaudrey|flannery|1085\n|teamsize|p1|6\n|teamsize|p2|6\n|gen|9\n|tier|[Gen 9] OU\n|rated|\n|rule|Sleep Clause Mod: Limit one foe put to sleep\n|rule|Species Clause: Limit one of each Pok\u00e9mon\n|rule|OHKO Clause: OHKO moves are banned\n|rule|Evasion Items Clause: Evasion items are banned\n|rule|Evasion Moves Clause: Evasion moves are banned\n|rule|Endless Battle Clause: Forcing endless battles is banned\n|rule|HP Percentage Mod: HP is shown in percentages\n|clearpoke\n|poke|p1|Golem-Alola, F|\n|poke|p1|Pincurchin, M|\n|poke|p1|Ceruledge, M|\n|poke|p1|Hatterene, F|\n|poke|p1|Ninetales-Alola, F|\n|poke|p1|Kingambit, F|\n|poke|p2|Kleavor, F|\n|poke|p2|Gyarados, F|\n|poke|p2|Garchomp, F|\n|poke|p2|Sylveon, F|\n|poke|p2|Slowking-Galar, F|\n|poke|p2|Goodra-Hisui, F|\n|teampreview\n|\n|t:|1699934963\n|start\n|switch|p1a: Pincurchin|Pincurchin, M|100\/100\n|switch|p2a: bleach|Sylveon, F, shiny|100\/100\n|-fieldstart|move: Electric Terrain|[from] ability: Electric Surge|[of] p1a: Pincurchin\n|turn|1\n|\n|t:|1699934974\n|switch|p2a: Garchomp|Garchomp, F, shiny|100\/100\n|move|p1a: Pincurchin|Curse|p1a: Pincurchin\n|-unboost|p1a: Pincurchin|spe|1\n|-boost|p1a: Pincurchin|atk|1\n|-boost|p1a: Pincurchin|def|1\n|\n|upkeep\n|turn|2\n|\n|t:|1699934984\n|move|p2a: Garchomp|Swords Dance|p2a: Garchomp\n|-boost|p2a: Garchomp|atk|2\n|move|p1a: Pincurchin|Liquidation|p2a: Garchomp\n|-damage|p2a: Garchomp|74\/100\n|-damage|p1a: Pincurchin|88\/100|[from] ability: Rough Skin|[of] p2a: Garchomp\n|-damage|p1a: Pincurchin|71\/100|[from] item: Rocky Helmet|[of] p2a: Garchomp\n|\n|-heal|p1a: Pincurchin|77\/100|[from] item: Leftovers\n|upkeep\n|turn|3\n|\n|t:|1699934997\n|move|p2a: Garchomp|Earthquake|p1a: Pincurchin\n|-supereffective|p1a: Pincurchin\n|-damage|p1a: Pincurchin|0 fnt\n|faint|p1a: Pincurchin\n|\n|upkeep\n|\n|t:|1699935028\n|switch|p1a: Ninetales|Ninetales-Alola, F|100\/100\n|-weather|Snow|[from] ability: Snow Warning|[of] p1a: Ninetales\n|turn|4\n|\n|t:|1699935034\n|move|p1a: Ninetales|Aurora Veil|p1a: Ninetales\n|-sidestart|p1: djjevjfvc|move: Aurora Veil\n|move|p2a: Garchomp|Iron Head|p1a: Ninetales\n|-supereffective|p1a: Ninetales\n|-damage|p1a: Ninetales|0 fnt\n|faint|p1a: Ninetales\n|\n|-weather|Snow|[upkeep]\n|upkeep\n|\n|t:|1699935037\n|switch|p1a: Ceruledge|Ceruledge, M|100\/100\n|turn|5\n|\n|t:|1699935048\n|-terastallize|p2a: Garchomp|Water\n|-terastallize|p1a: Ceruledge|Fighting\n|move|p2a: Garchomp|Earthquake|p1a: Ceruledge\n|-damage|p1a: Ceruledge|21\/100\n|-ability|p1a: Ceruledge|Weak Armor|boost\n|-unboost|p1a: Ceruledge|def|1\n|-boost|p1a: Ceruledge|spe|2\n|move|p1a: Ceruledge|Swords Dance|p1a: Ceruledge\n|-boost|p1a: Ceruledge|atk|2\n|\n|-weather|Snow|[upkeep]\n|-fieldend|move: Electric Terrain\n|upkeep\n|turn|6\n|\n|t:|1699935065\n|move|p1a: Ceruledge|Close Combat|p2a: Garchomp\n|-damage|p2a: Garchomp|0 fnt\n|-unboost|p1a: Ceruledge|def|1\n|-unboost|p1a: Ceruledge|spd|1\n|-damage|p1a: Ceruledge|9\/100|[from] ability: Rough Skin|[of] p2a: Garchomp\n|-damage|p1a: Ceruledge|0 fnt|[from] item: Rocky Helmet|[of] p2a: Garchomp\n|faint|p2a: Garchomp\n|faint|p1a: Ceruledge\n|\n|-weather|Snow|[upkeep]\n|upkeep\n|\n|t:|1699935074\n|switch|p2a: oscar|Kleavor, F, shiny|100\/100\n|switch|p1a: Hatterene|Hatterene, F|100\/100\n|turn|7\n|\n|t:|1699935081\n|move|p2a: oscar|Night Slash|p1a: Hatterene\n|-damage|p1a: Hatterene|74\/100\n|move|p1a: Hatterene|Agility|p1a: Hatterene\n|-boost|p1a: Hatterene|spe|2\n|\n|-weather|Snow|[upkeep]\n|-heal|p1a: Hatterene|80\/100|[from] item: Leftovers\n|upkeep\n|turn|8\n|\n|t:|1699935091\n|move|p1a: Hatterene|Calm Mind|p1a: Hatterene\n|-boost|p1a: Hatterene|spa|1\n|-boost|p1a: Hatterene|spd|1\n|move|p2a: oscar|Stone Axe|p1a: Hatterene\n|-damage|p1a: Hatterene|45\/100\n|-sidestart|p1: djjevjfvc|move: Stealth Rock\n|\n|-weather|none\n|-heal|p1a: Hatterene|51\/100|[from] item: Leftovers\n|upkeep\n|turn|9\n|\n|t:|1699935102\n|switch|p2a: punk|Goodra-Hisui, F, shiny|100\/100\n|move|p1a: Hatterene|Calm Mind|p1a: Hatterene\n|-boost|p1a: Hatterene|spa|1\n|-boost|p1a: Hatterene|spd|1\n|\n|-heal|p1a: Hatterene|57\/100|[from] item: Leftovers\n|upkeep\n|turn|10\n|\n|t:|1699935108\n|move|p1a: Hatterene|Draining Kiss|p2a: punk\n|-damage|p2a: punk|63\/100\n|-heal|p1a: Hatterene|98\/100|[from] drain|[of] p2a: punk\n|move|p2a: punk|Curse|p2a: punk\n|-unboost|p2a: punk|spe|1\n|-boost|p2a: punk|atk|1\n|-boost|p2a: punk|def|1\n|\n|-heal|p1a: Hatterene|100\/100|[from] item: Leftovers\n|upkeep\n|turn|11\n|\n|t:|1699935119\n|move|p1a: Hatterene|Calm Mind|p1a: Hatterene\n|-boost|p1a: Hatterene|spa|1\n|-boost|p1a: Hatterene|spd|1\n|move|p2a: punk|Gyro Ball|p1a: Hatterene\n|-supereffective|p1a: Hatterene\n|-damage|p1a: Hatterene|0 fnt\n|faint|p1a: Hatterene\n|\n|-sideend|p1: djjevjfvc|move: Aurora Veil\n|upkeep\n|\n|t:|1699935124\n|switch|p1a: Golem|Golem-Alola, F|100\/100\n|-damage|p1a: Golem|88\/100|[from] Stealth Rock\n|turn|12\n|\n|t:|1699935136\n|move|p1a: Golem|Rock Polish|p1a: Golem\n|-boost|p1a: Golem|spe|2\n|move|p2a: punk|Earthquake|p1a: Golem\n|-supereffective|p1a: Golem\n|-damage|p1a: Golem|0 fnt\n|faint|p1a: Golem\n|\n|upkeep\n|\n|t:|1699935142\n|switch|p1a: Kingambit|Kingambit, F|100\/100\n|-damage|p1a: Kingambit|94\/100|[from] Stealth Rock\n|-activate|p1a: Kingambit|ability: Supreme Overlord\n|-start|p1a: Kingambit|fallen5|[silent]\n|turn|13\n|\n|t:|1699935147\n|move|p1a: Kingambit|Swords Dance|p1a: Kingambit\n|-boost|p1a: Kingambit|atk|2\n|move|p2a: punk|Earthquake|p1a: Kingambit\n|-supereffective|p1a: Kingambit\n|-damage|p1a: Kingambit|13\/100\n|\n|upkeep\n|turn|14\n|\n|t:|1699935157\n|move|p1a: Kingambit|Kowtow Cleave|p2a: punk\n|-damage|p2a: punk|0 fnt\n|faint|p2a: punk\n|\n|upkeep\n|\n|t:|1699935165\n|switch|p2a: bleach|Sylveon, F, shiny|100\/100\n|turn|15\n|\n|t:|1699935169\n|move|p2a: bleach|Quick Attack|p1a: Kingambit\n|-damage|p1a: Kingambit|4\/100\n|move|p1a: Kingambit|Iron Head|p2a: bleach\n|-supereffective|p2a: bleach\n|-damage|p2a: bleach|0 fnt\n|faint|p2a: bleach\n|\n|upkeep\n|\n|t:|1699935177\n|switch|p2a: gina|Gyarados, F, shiny|100\/100\n|-ability|p2a: gina|Intimidate|boost\n|-unboost|p1a: Kingambit|atk|1\n|turn|16\n|\n|t:|1699935181\n|move|p1a: Kingambit|Sucker Punch|p2a: gina\n|-crit|p2a: gina\n|-damage|p2a: gina|0 fnt\n|faint|p2a: gina\n|\n|upkeep\n|\n|t:|1699935187\n|switch|p2a: oscar|Kleavor, F, shiny|100\/100\n|turn|17\n|\n|t:|1699935195\n|move|p1a: Kingambit|Sucker Punch|p2a: oscar\n|-damage|p2a: oscar|0 fnt\n|faint|p2a: oscar\n|\n|upkeep\n|\n|t:|1699935199\n|switch|p2a: conehead|Slowking-Galar, F, shiny|100\/100\n|turn|18\n|-message|spookyaudrey forfeited.\n|\n|win|djjevjfvc\n|raw|djjevjfvc's rating: 1026 &rarr; <strong>1068<\/strong><br \/>(+42 for winning)\n|raw|spookyaudrey's rating: 1085 &rarr; <strong>1058<\/strong><br \/>(-27 for losing)\n|l|\u2606spookyaudrey\n","uploadtime":1699935205,"views":13,"p1id":"djjevjfvc","p2id":"spookyaudrey","formatid":"gen9ou","rating":1058,"private":0,"password":""}