{"id":"gen9ou-1999559311","p1":"8daniel8","p2":"Rubyboi711","format":"[Gen 9] OU","log":"|j|\u26068daniel8\n|j|\u2606Rubyboi711\n|t:|1701096101\n|gametype|singles\n|player|p1|8daniel8|steven|1385\n|player|p2|Rubyboi711|volkner|1366\n|teamsize|p1|6\n|teamsize|p2|6\n|gen|9\n|tier|[Gen 9] OU\n|rated|\n|rule|Sleep Clause Mod: Limit one foe put to sleep\n|rule|Species Clause: Limit one of each Pok\u00e9mon\n|rule|OHKO Clause: OHKO moves are banned\n|rule|Evasion Items Clause: Evasion items are banned\n|rule|Evasion Moves Clause: Evasion moves are banned\n|rule|Endless Battle Clause: Forcing endless battles is banned\n|rule|HP Percentage Mod: HP is shown in percentages\n|clearpoke\n|poke|p1|Dondozo, M|\n|poke|p1|Clodsire, F|\n|poke|p1|Hoopa-Unbound|\n|poke|p1|Thundurus-Therian, M|\n|poke|p1|Brute Bonnet|\n|poke|p1|Skeledirge, M|\n|poke|p2|Kingambit, F|\n|poke|p2|Gyarados, M|\n|poke|p2|Forretress, F|\n|poke|p2|Ogerpon-Cornerstone, F|\n|poke|p2|Kommo-o, F|\n|poke|p2|Electrode-Hisui|\n|teampreview\n|inactive|Battle timer is ON: inactive players will automatically lose when time's up. (requested by Rubyboi711)\n|\n|t:|1701096132\n|start\n|switch|p1a: Hoopa|Hoopa-Unbound|100\/100\n|switch|p2a: Forretress|Forretress, F|100\/100\n|turn|1\n|\n|t:|1701096141\n|move|p1a: Hoopa|Dark Pulse|p2a: Forretress\n|-damage|p2a: Forretress|49\/100\n|move|p2a: Forretress|Body Press|p1a: Hoopa\n|-damage|p1a: Hoopa|67\/100\n|\n|upkeep\n|turn|2\n|\n|t:|1701096148\n|move|p1a: Hoopa|Dark Pulse|p2a: Forretress\n|-damage|p2a: Forretress|0 fnt\n|faint|p2a: Forretress\n|\n|upkeep\n|\n|t:|1701096159\n|switch|p2a: Gyarados|Gyarados, M, shiny|100\/100\n|turn|3\n|\n|t:|1701096162\n|move|p2a: Gyarados|Dragon Dance|p2a: Gyarados\n|-boost|p2a: Gyarados|atk|1\n|-boost|p2a: Gyarados|spe|1\n|move|p1a: Hoopa|Thunderbolt|p2a: Gyarados\n|-supereffective|p2a: Gyarados\n|-enditem|p2a: Gyarados|Wacan Berry|[eat]\n|-enditem|p2a: Gyarados|Wacan Berry|[weaken]\n|-damage|p2a: Gyarados|7\/100\n|\n|upkeep\n|turn|4\n|\n|t:|1701096170\n|switch|p1a: Dondozo|Dondozo, M|100\/100\n|move|p2a: Gyarados|Waterfall|p1a: Dondozo\n|-resisted|p1a: Dondozo\n|-damage|p1a: Dondozo|91\/100\n|-damage|p2a: Gyarados|0 fnt|[from] item: Rocky Helmet|[of] p1a: Dondozo\n|faint|p2a: Gyarados\n|\n|upkeep\n|\n|t:|1701096178\n|switch|p2a: Ogerpon|Ogerpon-Cornerstone, F|100\/100\n|turn|5\n|\n|t:|1701096184\n|move|p2a: Ogerpon|Swords Dance|p2a: Ogerpon\n|-boost|p2a: Ogerpon|atk|2\n|move|p1a: Dondozo|Wave Crash|p2a: Ogerpon\n|-damage|p2a: Ogerpon|46\/100\n|-damage|p1a: Dondozo|81\/100|[from] Recoil\n|\n|upkeep\n|turn|6\n|\n|t:|1701096192\n|move|p2a: Ogerpon|Horn Leech|p1a: Dondozo\n|-supereffective|p1a: Dondozo\n|-damage|p1a: Dondozo|40\/100\n|-heal|p2a: Ogerpon|80\/100|[from] drain|[of] p1a: Dondozo\n|-damage|p2a: Ogerpon|64\/100|[from] item: Rocky Helmet|[of] p1a: Dondozo\n|move|p1a: Dondozo|Wave Crash|p2a: Ogerpon\n|-damage|p2a: Ogerpon|8\/100\n|-damage|p1a: Dondozo|29\/100|[from] Recoil\n|\n|upkeep\n|turn|7\n|\n|t:|1701096205\n|move|p2a: Ogerpon|Horn Leech|p1a: Dondozo\n|-supereffective|p1a: Dondozo\n|-damage|p1a: Dondozo|0 fnt\n|-heal|p2a: Ogerpon|32\/100|[from] drain|[of] p1a: Dondozo\n|-damage|p2a: Ogerpon|16\/100|[from] item: Rocky Helmet|[of] p1a: Dondozo\n|faint|p1a: Dondozo\n|\n|upkeep\n|\n|t:|1701096213\n|switch|p1a: Brute Bonnet|Brute Bonnet|100\/100\n|turn|8\n|\n|t:|1701096220\n|move|p1a: Brute Bonnet|Sucker Punch||[still]\n|-fail|p1a: Brute Bonnet\n|move|p2a: Ogerpon|Swords Dance|p2a: Ogerpon\n|-boost|p2a: Ogerpon|atk|2\n|\n|upkeep\n|turn|9\n|\n|t:|1701096226\n|move|p2a: Ogerpon|Ivy Cudgel|p1a: Brute Bonnet|[anim] Ivy Cudgel Rock\n|-damage|p1a: Brute Bonnet|0 fnt\n|faint|p1a: Brute Bonnet\n|-end|p1a: Brute Bonnet|Protosynthesis|[silent]\n|\n|upkeep\n|\n|t:|1701096237\n|switch|p1a: Clodsire|Clodsire, F|100\/100\n|turn|10\n|\n|t:|1701096241\n|move|p2a: Ogerpon|Horn Leech|p1a: Clodsire\n|-damage|p1a: Clodsire|54\/100\n|-heal|p2a: Ogerpon|52\/100|[from] drain|[of] p1a: Clodsire\n|move|p1a: Clodsire|Earthquake|p2a: Ogerpon\n|-damage|p2a: Ogerpon|18\/100\n|\n|-heal|p1a: Clodsire|60\/100|[from] item: Leftovers\n|upkeep\n|turn|11\n|\n|t:|1701096252\n|move|p2a: Ogerpon|Horn Leech|p1a: Clodsire\n|-damage|p1a: Clodsire|9\/100\n|-heal|p2a: Ogerpon|58\/100|[from] drain|[of] p1a: Clodsire\n|move|p1a: Clodsire|Earthquake|p2a: Ogerpon\n|-damage|p2a: Ogerpon|19\/100\n|\n|-heal|p1a: Clodsire|15\/100|[from] item: Leftovers\n|upkeep\n|turn|12\n|\n|t:|1701096261\n|move|p2a: Ogerpon|Horn Leech|p1a: Clodsire\n|-damage|p1a: Clodsire|0 fnt\n|-heal|p2a: Ogerpon|30\/100|[from] drain|[of] p1a: Clodsire\n|faint|p1a: Clodsire\n|\n|upkeep\n|-message|8daniel8 forfeited.\n|\n|win|Rubyboi711\n|raw|8daniel8's rating: 1385 &rarr; <strong>1364<\/strong><br \/>(-21 for losing)\n|raw|Rubyboi711's rating: 1366 &rarr; <strong>1387<\/strong><br \/>(+21 for winning)\n|l|\u26068daniel8\n|c|\u2606Rubyboi711|Gg\n","uploadtime":1701096272,"views":2,"p1id":"8daniel8","p2id":"rubyboi711","formatid":"gen9ou","rating":1364,"private":0,"password":""}