{"id":"gen9ou-1994310933","p1":"Abracadaver","p2":"mikejohns","format":"[Gen 9] OU","log":"|j|\u2606Abracadaver\n|j|\u2606mikejohns\n|t:|1700429758\n|gametype|singles\n|player|p1|Abracadaver|169|1518\n|player|p2|mikejohns|volkner|1610\n|teamsize|p1|6\n|teamsize|p2|6\n|gen|9\n|tier|[Gen 9] OU\n|rated|\n|rule|Sleep Clause Mod: Limit one foe put to sleep\n|rule|Species Clause: Limit one of each Pok\u00e9mon\n|rule|OHKO Clause: OHKO moves are banned\n|rule|Evasion Items Clause: Evasion items are banned\n|rule|Evasion Moves Clause: Evasion moves are banned\n|rule|Endless Battle Clause: Forcing endless battles is banned\n|rule|HP Percentage Mod: HP is shown in percentages\n|clearpoke\n|poke|p1|Heatran, F|\n|poke|p1|Landorus-Therian, M|\n|poke|p1|Umbreon, M|\n|poke|p1|Gastrodon, F|\n|poke|p1|Zapdos|\n|poke|p1|Dragonite, F|\n|poke|p2|Zamazenta-*|\n|poke|p2|Rillaboom, F|\n|poke|p2|Heatran, F|\n|poke|p2|Iron Jugulis|\n|poke|p2|Cinderace, M|\n|poke|p2|Ogerpon-Wellspring, F|\n|teampreview\n|inactive|Battle timer is ON: inactive players will automatically lose when time's up. (requested by mikejohns)\n|\n|t:|1700429786\n|start\n|switch|p1a: Landorus|Landorus-Therian, M|100\/100\n|switch|p2a: Rillaboom|Rillaboom, F|100\/100\n|-ability|p1a: Landorus|Intimidate|boost\n|-unboost|p2a: Rillaboom|atk|1\n|-fieldstart|move: Grassy Terrain|[from] ability: Grassy Surge|[of] p2a: Rillaboom\n|turn|1\n|\n|t:|1700429795\n|move|p1a: Landorus|U-turn|p2a: Rillaboom\n|-supereffective|p2a: Rillaboom\n|-damage|p2a: Rillaboom|45\/100\n|\n|t:|1700429798\n|switch|p1a: Zapdos|Zapdos|100\/100|[from] U-turn\n|move|p2a: Rillaboom|Knock Off|p1a: Zapdos\n|-damage|p1a: Zapdos|73\/100\n|-enditem|p1a: Zapdos|Heavy-Duty Boots|[from] move: Knock Off|[of] p2a: Rillaboom\n|\n|-heal|p2a: Rillaboom|51\/100|[from] Grassy Terrain\n|upkeep\n|turn|2\n|\n|t:|1700429810\n|switch|p1a: Landorus|Landorus-Therian, M|100\/100\n|-ability|p1a: Landorus|Intimidate|boost\n|-unboost|p2a: Rillaboom|atk|1\n|move|p2a: Rillaboom|U-turn|p1a: Landorus\n|-resisted|p1a: Landorus\n|-damage|p1a: Landorus|92\/100\n|\n|t:|1700429822\n|switch|p2a: Heatran|Heatran, F|100\/100|[from] U-turn\n|\n|upkeep\n|turn|3\n|\n|t:|1700429830\n|move|p1a: Landorus|Earthquake|p2a: Heatran\n|-supereffective|p2a: Heatran\n|-damage|p2a: Heatran|0 fnt\n|faint|p2a: Heatran\n|\n|upkeep\n|\n|t:|1700429834\n|switch|p2a: Ogerpon|Ogerpon-Wellspring, F|100\/100\n|turn|4\n|\n|t:|1700429840\n|switch|p1a: Zapdos|Zapdos|73\/100\n|move|p2a: Ogerpon|Swords Dance|p2a: Ogerpon\n|-boost|p2a: Ogerpon|atk|2\n|\n|upkeep\n|turn|5\n|\n|t:|1700429848\n|switch|p1a: Gastrodon|Gastrodon, F|100\/100\n|move|p2a: Ogerpon|Ivy Cudgel|p1a: Gastrodon|[anim] Ivy Cudgel Water\n|-ability|p1a: Gastrodon|Storm Drain|boost\n|-boost|p1a: Gastrodon|spa|1\n|\n|upkeep\n|turn|6\n|\n|t:|1700429856\n|-terastallize|p1a: Gastrodon|Dragon\n|move|p2a: Ogerpon|Power Whip|p1a: Gastrodon\n|-resisted|p1a: Gastrodon\n|-damage|p1a: Gastrodon|3\/100\n|move|p1a: Gastrodon|Ice Beam|p2a: Ogerpon\n|-damage|p2a: Ogerpon|60\/100\n|-status|p2a: Ogerpon|frz\n|\n|-heal|p2a: Ogerpon|66\/100 frz|[from] Grassy Terrain\n|-heal|p1a: Gastrodon|9\/100|[from] Grassy Terrain\n|-heal|p1a: Gastrodon|16\/100|[from] item: Leftovers\n|upkeep\n|turn|7\n|\n|t:|1700429872\n|switch|p2a: Cinderace|Cinderace, M|100\/100\n|move|p1a: Gastrodon|Recover|p1a: Gastrodon\n|-heal|p1a: Gastrodon|66\/100\n|\n|-heal|p1a: Gastrodon|72\/100|[from] Grassy Terrain\n|-heal|p1a: Gastrodon|78\/100|[from] item: Leftovers\n|upkeep\n|turn|8\n|\n|t:|1700429884\n|switch|p1a: Heatran|Heatran, F|100\/100\n|-item|p1a: Heatran|Air Balloon\n|move|p2a: Cinderace|U-turn|p1a: Heatran\n|-start|p2a: Cinderace|typechange|Bug|[from] ability: Libero\n|-resisted|p1a: Heatran\n|-damage|p1a: Heatran|95\/100\n|-enditem|p1a: Heatran|Air Balloon\n|\n|t:|1700429902\n|switch|p2a: Iron Jugulis|Iron Jugulis|100\/100|[from] U-turn\n|-enditem|p2a: Iron Jugulis|Booster Energy\n|-activate|p2a: Iron Jugulis|ability: Quark Drive|[fromitem]\n|-start|p2a: Iron Jugulis|quarkdrivespe\n|\n|-heal|p1a: Heatran|100\/100|[from] Grassy Terrain\n|-fieldend|move: Grassy Terrain\n|upkeep\n|turn|9\n|\n|t:|1700429911\n|move|p2a: Iron Jugulis|Focus Blast|p1a: Heatran\n|-supereffective|p1a: Heatran\n|-damage|p1a: Heatran|37\/100\n|move|p1a: Heatran|Flash Cannon|p2a: Iron Jugulis\n|-damage|p2a: Iron Jugulis|44\/100\n|\n|upkeep\n|turn|10\n|\n|t:|1700429920\n|switch|p1a: Umbreon|Umbreon, M, shiny|100\/100\n|move|p2a: Iron Jugulis|Focus Blast|p1a: Umbreon\n|-supereffective|p1a: Umbreon\n|-damage|p1a: Umbreon|60\/100\n|\n|-heal|p1a: Umbreon|66\/100|[from] item: Leftovers\n|upkeep\n|turn|11\n|\n|t:|1700429929\n|move|p2a: Iron Jugulis|Taunt|p1a: Umbreon\n|-start|p1a: Umbreon|move: Taunt\n|cant|p1a: Umbreon|move: Taunt|Wish\n|\n|-heal|p1a: Umbreon|72\/100|[from] item: Leftovers\n|upkeep\n|turn|12\n|\n|t:|1700429943\n|switch|p1a: Landorus|Landorus-Therian, M|92\/100\n|-ability|p1a: Landorus|Intimidate|boost\n|-unboost|p2a: Iron Jugulis|atk|1\n|move|p2a: Iron Jugulis|Hurricane|p1a: Landorus\n|-damage|p1a: Landorus|23\/100\n|-start|p1a: Landorus|confusion\n|\n|upkeep\n|turn|13\n|\n|t:|1700429952\n|move|p2a: Iron Jugulis|Dark Pulse|p1a: Landorus\n|-damage|p1a: Landorus|0 fnt\n|faint|p1a: Landorus\n|\n|upkeep\n|\n|t:|1700429957\n|switch|p1a: Dragonite|Dragonite, F|100\/100\n|turn|14\n|\n|t:|1700429969\n|-terastallize|p2a: Iron Jugulis|Ghost\n|move|p2a: Iron Jugulis|Taunt|p1a: Dragonite\n|-start|p1a: Dragonite|move: Taunt\n|cant|p1a: Dragonite|move: Taunt|Dragon Dance\n|\n|upkeep\n|turn|15\n|\n|t:|1700429977\n|switch|p1a: Umbreon|Umbreon, M, shiny|72\/100\n|move|p2a: Iron Jugulis|Dark Pulse|p1a: Umbreon\n|-resisted|p1a: Umbreon\n|-damage|p1a: Umbreon|61\/100\n|\n|-heal|p1a: Umbreon|68\/100|[from] item: Leftovers\n|upkeep\n|turn|16\n|\n|t:|1700429986\n|move|p2a: Iron Jugulis|Taunt|p1a: Umbreon\n|-start|p1a: Umbreon|move: Taunt\n|move|p1a: Umbreon|Foul Play|p2a: Iron Jugulis\n|-supereffective|p2a: Iron Jugulis\n|-damage|p2a: Iron Jugulis|8\/100\n|\n|-heal|p1a: Umbreon|74\/100|[from] item: Leftovers\n|upkeep\n|turn|17\n|\n|t:|1700429995\n|-end|p2a: Iron Jugulis|Quark Drive|[silent]\n|switch|p2a: Zamazenta|Zamazenta|100\/100\n|-ability|p2a: Zamazenta|Dauntless Shield|boost\n|-boost|p2a: Zamazenta|def|1\n|move|p1a: Umbreon|Foul Play|p2a: Zamazenta\n|-resisted|p2a: Zamazenta\n|-damage|p2a: Zamazenta|87\/100\n|\n|-heal|p2a: Zamazenta|93\/100|[from] item: Leftovers\n|-heal|p1a: Umbreon|80\/100|[from] item: Leftovers\n|upkeep\n|turn|18\n|\n|t:|1700430007\n|switch|p1a: Zapdos|Zapdos|73\/100\n|move|p2a: Zamazenta|Substitute|p2a: Zamazenta\n|-start|p2a: Zamazenta|Substitute\n|-damage|p2a: Zamazenta|68\/100\n|\n|-heal|p2a: Zamazenta|74\/100|[from] item: Leftovers\n|upkeep\n|turn|19\n|\n|t:|1700430015\n|move|p2a: Zamazenta|Iron Defense|p2a: Zamazenta\n|-boost|p2a: Zamazenta|def|2\n|move|p1a: Zapdos|Discharge|p2a: Zamazenta\n|-end|p2a: Zamazenta|Substitute\n|\n|-heal|p2a: Zamazenta|80\/100|[from] item: Leftovers\n|upkeep\n|turn|20\n|\n|t:|1700430024\n|move|p2a: Zamazenta|Body Press|p1a: Zapdos\n|-resisted|p1a: Zapdos\n|-damage|p1a: Zapdos|23\/100\n|move|p1a: Zapdos|Discharge|p2a: Zamazenta\n|-damage|p2a: Zamazenta|39\/100\n|\n|-heal|p2a: Zamazenta|45\/100|[from] item: Leftovers\n|upkeep\n|turn|21\n|\n|t:|1700430034\n|move|p2a: Zamazenta|Body Press|p1a: Zapdos\n|-resisted|p1a: Zapdos\n|-damage|p1a: Zapdos|0 fnt\n|faint|p1a: Zapdos\n|\n|-heal|p2a: Zamazenta|51\/100|[from] item: Leftovers\n|upkeep\n|\n|t:|1700430042\n|switch|p1a: Gastrodon|Gastrodon, F, tera:Dragon|78\/100\n|turn|22\n|\n|t:|1700430046\n|move|p2a: Zamazenta|Body Press|p1a: Gastrodon\n|-damage|p1a: Gastrodon|0 fnt\n|faint|p1a: Gastrodon\n|\n|-heal|p2a: Zamazenta|57\/100|[from] item: Leftovers\n|upkeep\n|\n|t:|1700430054\n|switch|p1a: Dragonite|Dragonite, F|100\/100\n|turn|23\n|\n|t:|1700430058\n|move|p2a: Zamazenta|Substitute|p2a: Zamazenta\n|-start|p2a: Zamazenta|Substitute\n|-damage|p2a: Zamazenta|32\/100\n|move|p1a: Dragonite|Dragon Dance|p1a: Dragonite\n|-boost|p1a: Dragonite|atk|1\n|-boost|p1a: Dragonite|spe|1\n|\n|-heal|p2a: Zamazenta|39\/100|[from] item: Leftovers\n|upkeep\n|turn|24\n|\n|t:|1700430066\n|move|p1a: Dragonite|Extreme Speed|p2a: Zamazenta\n|-activate|p2a: Zamazenta|move: Substitute|[damage]\n|move|p2a: Zamazenta|Iron Defense|p2a: Zamazenta\n|-boost|p2a: Zamazenta|def|2\n|\n|-heal|p2a: Zamazenta|45\/100|[from] item: Leftovers\n|upkeep\n|turn|25\n|-message|Abracadaver forfeited.\n|\n|win|mikejohns\n|raw|Abracadaver's rating: 1518 &rarr; <strong>1503<\/strong><br \/>(-15 for losing)\n|raw|mikejohns's rating: 1610 &rarr; <strong>1625<\/strong><br \/>(+15 for winning)\n|l|\u2606Abracadaver\n","uploadtime":1700430201,"views":16,"p1id":"abracadaver","p2id":"mikejohns","formatid":"gen9ou","rating":1503,"private":0,"password":""}