{"id":"gen9ou-1991725229","p1":"Requin citron","p2":"NeveringStar","format":"[Gen 9] OU","log":"|j|\u2606Requin citron\n|j|\u2606NeveringStar\n|t:|1700107363\n|gametype|singles\n|player|p1|Requin citron|firebreather|1140\n|player|p2|NeveringStar|cheren|1202\n|teamsize|p1|6\n|teamsize|p2|6\n|gen|9\n|tier|[Gen 9] OU\n|rated|\n|rule|Sleep Clause Mod: Limit one foe put to sleep\n|rule|Species Clause: Limit one of each Pok\u00e9mon\n|rule|OHKO Clause: OHKO moves are banned\n|rule|Evasion Items Clause: Evasion items are banned\n|rule|Evasion Moves Clause: Evasion moves are banned\n|rule|Endless Battle Clause: Forcing endless battles is banned\n|rule|HP Percentage Mod: HP is shown in percentages\n|clearpoke\n|poke|p1|Psyduck, F|\n|poke|p1|Armarouge, M|\n|poke|p1|Mudsdale, M|\n|poke|p1|Weavile, M|\n|poke|p1|Trevenant, M|\n|poke|p1|Komala, M|\n|poke|p2|Great Tusk|\n|poke|p2|Gholdengo|\n|poke|p2|Heatran, M|\n|poke|p2|Ogerpon-Wellspring, F|\n|poke|p2|Iron Valiant|\n|poke|p2|Ribombee, F|\n|teampreview\n|\n|t:|1700107372\n|start\n|switch|p1a: Komala|Komala, M|100\/100\n|switch|p2a: Ribombee|Ribombee, F|100\/100\n|-ability|p1a: Komala|Comatose\n|turn|1\n|\n|t:|1700107378\n|move|p2a: Ribombee|Sticky Web|p1a: Komala\n|-sidestart|p1: Requin citron|move: Sticky Web\n|move|p1a: Komala|Rapid Spin|p2a: Ribombee\n|-damage|p2a: Ribombee|51\/100\n|-boost|p1a: Komala|spe|1\n|-sideend|p1: Requin citron|Sticky Web|[from] move: Rapid Spin|[of] p1a: Komala\n|\n|upkeep\n|turn|2\n|c|\u2606NeveringStar|oh\n|\n|t:|1700107392\n|-terastallize|p2a: Ribombee|Ghost\n|move|p2a: Ribombee|Sticky Web|p1a: Komala\n|-sidestart|p1: Requin citron|move: Sticky Web\n|move|p1a: Komala|Rapid Spin|p2a: Ribombee\n|-immune|p2a: Ribombee\n|\n|upkeep\n|turn|3\n|\n|t:|1700107398\n|move|p2a: Ribombee|Stun Spore|p1a: Komala\n|-immune|p1a: Komala|[from] ability: Comatose\n|move|p1a: Komala|Play Rough|p2a: Ribombee\n|-damage|p2a: Ribombee|0 fnt\n|faint|p2a: Ribombee\n|\n|upkeep\n|c|\u2606Requin citron|Nice\n|\n|t:|1700107413\n|switch|p2a: Gholdengo|Gholdengo|100\/100\n|-item|p2a: Gholdengo|Air Balloon\n|turn|4\n|\n|t:|1700107416\n|move|p2a: Gholdengo|Nasty Plot|p2a: Gholdengo\n|-boost|p2a: Gholdengo|spa|2\n|move|p1a: Komala|Play Rough|p2a: Gholdengo\n|-resisted|p2a: Gholdengo\n|-damage|p2a: Gholdengo|84\/100\n|-enditem|p2a: Gholdengo|Air Balloon\n|\n|upkeep\n|turn|5\n|\n|t:|1700107425\n|move|p1a: Komala|Sucker Punch|p2a: Gholdengo\n|-supereffective|p2a: Gholdengo\n|-damage|p2a: Gholdengo|37\/100\n|move|p2a: Gholdengo|Dazzling Gleam|p1a: Komala\n|-damage|p1a: Komala|54\/100\n|\n|upkeep\n|turn|6\n|c|\u2606NeveringStar|the fucking koala is sucker punching me?\n|c|\u2606Requin citron|Yep\n|\n|t:|1700107446\n|move|p2a: Gholdengo|Make It Rain|p1a: Komala\n|-crit|p1a: Komala\n|-damage|p1a: Komala|0 fnt\n|-unboost|p2a: Gholdengo|spa|1\n|faint|p1a: Komala\n|\n|upkeep\n|c|\u2606Requin citron|Rats.\n|c|\u2606NeveringStar|damn thats a METAL koala\n|\n|t:|1700107461\n|switch|p1a: Weavile|Weavile, M|100\/100\n|-activate|p1a: Weavile|move: Sticky Web\n|-unboost|p1a: Weavile|spe|1\n|-ability|p1a: Weavile|Pressure\n|turn|7\n|\n|t:|1700107466\n|move|p2a: Gholdengo|Make It Rain|p1a: Weavile\n|-supereffective|p1a: Weavile\n|-enditem|p1a: Weavile|Focus Sash\n|-damage|p1a: Weavile|1\/100\n|-unboost|p2a: Gholdengo|spa|1\n|move|p1a: Weavile|Knock Off|p2a: Gholdengo\n|-supereffective|p2a: Gholdengo\n|-damage|p2a: Gholdengo|0 fnt\n|faint|p2a: Gholdengo\n|\n|upkeep\n|c|\u2606NeveringStar|ohno\n|\n|t:|1700107485\n|switch|p2a: Iron Valiant|Iron Valiant|100\/100\n|-enditem|p2a: Iron Valiant|Booster Energy\n|-activate|p2a: Iron Valiant|ability: Quark Drive|[fromitem]\n|-start|p2a: Iron Valiant|quarkdrivespe\n|turn|8\n|\n|t:|1700107495\n|move|p2a: Iron Valiant|Moonblast|p1a: Weavile\n|-supereffective|p1a: Weavile\n|-damage|p1a: Weavile|0 fnt\n|faint|p1a: Weavile\n|\n|upkeep\n|c|\u2606NeveringStar|shard?\n|c|\u2606NeveringStar|no?\n|c|\u2606Requin citron|No\n|\n|t:|1700107504\n|switch|p1a: Trevenant|Trevenant, M|100\/100\n|-activate|p1a: Trevenant|move: Sticky Web\n|-unboost|p1a: Trevenant|spe|1\n|turn|9\n|c|\u2606NeveringStar|you should pack a priority move\n|c|\u2606NeveringStar|this one is so annoying\n|c|\u2606Requin citron|Thank you for the suggestion.\n|\n|t:|1700107529\n|move|p2a: Iron Valiant|Shadow Ball|p1a: Trevenant\n|-supereffective|p1a: Trevenant\n|-damage|p1a: Trevenant|43\/100\n|-enditem|p1a: Trevenant|Sitrus Berry|[eat]\n|-heal|p1a: Trevenant|67\/100|[from] item: Sitrus Berry\n|move|p1a: Trevenant|Curse|p2a: Iron Valiant\n|-start|p2a: Iron Valiant|Curse|[of] p1a: Trevenant\n|-damage|p1a: Trevenant|17\/100\n|\n|-damage|p2a: Iron Valiant|76\/100|[from] Curse\n|upkeep\n|turn|10\n|c|\u2606Requin citron|Oof\n|\n|t:|1700107539\n|move|p1a: Trevenant|Protect|p1a: Trevenant\n|-singleturn|p1a: Trevenant|Protect\n|move|p2a: Iron Valiant|Shadow Ball|p1a: Trevenant\n|-activate|p1a: Trevenant|move: Protect\n|\n|-damage|p2a: Iron Valiant|51\/100|[from] Curse\n|upkeep\n|turn|11\n|\n|t:|1700107553\n|move|p1a: Trevenant|Protect||[still]\n|-fail|p1a: Trevenant\n|move|p2a: Iron Valiant|Moonblast|p1a: Trevenant\n|-damage|p1a: Trevenant|0 fnt\n|faint|p1a: Trevenant\n|\n|-damage|p2a: Iron Valiant|26\/100|[from] Curse\n|upkeep\n|c|\u2606Requin citron|Do I feel lucky?\n|c|\u2606Requin citron|No\n|\n|t:|1700107562\n|switch|p1a: Mudsdale|Mudsdale, M|100\/100\n|-activate|p1a: Mudsdale|move: Sticky Web\n|-unboost|p1a: Mudsdale|spe|1\n|turn|12\n|\n|t:|1700107566\n|move|p2a: Iron Valiant|Moonblast|p1a: Mudsdale\n|-damage|p1a: Mudsdale|66\/100\n|-ability|p1a: Mudsdale|Stamina|boost\n|-boost|p1a: Mudsdale|def|1\n|move|p1a: Mudsdale|Stomping Tantrum|p2a: Iron Valiant\n|-damage|p2a: Iron Valiant|0 fnt\n|faint|p2a: Iron Valiant\n|-end|p2a: Iron Valiant|Quark Drive|[silent]\n|\n|upkeep\n|\n|t:|1700107583\n|switch|p2a: Heatran|Heatran, M|100\/100\n|turn|13\n|\n|t:|1700107587\n|move|p2a: Heatran|Taunt|p1a: Mudsdale\n|-start|p1a: Mudsdale|move: Taunt\n|move|p1a: Mudsdale|Stomping Tantrum|p2a: Heatran\n|-supereffective|p2a: Heatran\n|-damage|p2a: Heatran|0 fnt\n|faint|p2a: Heatran\n|\n|upkeep\n|\n|t:|1700107594\n|switch|p2a: Ogerpon|Ogerpon-Wellspring, F|100\/100\n|turn|14\n|\n|t:|1700107601\n|switch|p1a: Psyduck|Psyduck, F|100\/100\n|-activate|p1a: Psyduck|move: Sticky Web\n|-unboost|p1a: Psyduck|spe|1\n|-ability|p1a: Psyduck|Cloud Nine\n|move|p2a: Ogerpon|Swords Dance|p2a: Ogerpon\n|-boost|p2a: Ogerpon|atk|2\n|\n|upkeep\n|turn|15\n|\n|t:|1700107609\n|move|p2a: Ogerpon|Power Whip|p1a: Psyduck\n|-supereffective|p1a: Psyduck\n|-damage|p1a: Psyduck|0 fnt\n|faint|p1a: Psyduck\n|\n|upkeep\n|\n|t:|1700107612\n|switch|p1a: Armarouge|Armarouge, M|100\/100\n|-activate|p1a: Armarouge|move: Sticky Web\n|-unboost|p1a: Armarouge|spe|1\n|turn|16\n|c|\u2606NeveringStar|eviolite or no\n|\n|t:|1700107617\n|move|p2a: Ogerpon|Ivy Cudgel|p1a: Armarouge|[anim] Ivy Cudgel Water\n|-supereffective|p1a: Armarouge\n|-enditem|p1a: Armarouge|Focus Sash\n|-damage|p1a: Armarouge|1\/100\n|-ability|p1a: Armarouge|Weak Armor|boost\n|-unboost|p1a: Armarouge|def|1\n|-boost|p1a: Armarouge|spe|2\n|move|p1a: Armarouge|Armor Cannon|p2a: Ogerpon\n|-damage|p2a: Ogerpon|24\/100\n|-unboost|p1a: Armarouge|def|1\n|-unboost|p1a: Armarouge|spd|1\n|\n|upkeep\n|turn|17\n|c|\u2606Requin citron|eviolite\n|\n|t:|1700107630\n|move|p1a: Armarouge|Expanding Force|p2a: Ogerpon\n|-damage|p2a: Ogerpon|0 fnt\n|faint|p2a: Ogerpon\n|\n|upkeep\n|c|\u2606Requin citron|Wohoo!\n|\n|t:|1700107635\n|switch|p2a: Great Tusk|Great Tusk|100\/100\n|turn|18\n|c|\u2606NeveringStar|ggs\n|c|\u2606Requin citron|gg\n|\n|t:|1700107640\n|move|p1a: Armarouge|Destiny Bond|p1a: Armarouge\n|-singlemove|p1a: Armarouge|Destiny Bond\n|move|p2a: Great Tusk|Knock Off|p1a: Armarouge\n|-supereffective|p1a: Armarouge\n|-damage|p1a: Armarouge|0 fnt\n|faint|p1a: Armarouge\n|-activate|p1a: Armarouge|move: Destiny Bond\n|faint|p2a: Great Tusk\n|-end|p2a: Great Tusk|Protosynthesis|[silent]\n|\n|win|Requin citron\n|raw|Requin citron's rating: 1140 &rarr; <strong>1169<\/strong><br \/>(+29 for winning)\n|raw|NeveringStar's rating: 1202 &rarr; <strong>1173<\/strong><br \/>(-29 for losing)\n","uploadtime":1700107442,"views":7,"p1id":"requincitron","p2id":"neveringstar","formatid":"gen9ou","rating":1169,"private":0,"password":""}