{"id":"gen9ou-1988826640","p1":"wooloo supremacy","p2":"Duckycrater","format":"[Gen 9] OU","log":"|j|\u2606wooloo supremacy\n|j|\u2606Duckycrater\n|t:|1699769092\n|gametype|singles\n|player|p1|wooloo supremacy|adaman|1558\n|player|p2|Duckycrater|1|1649\n|teamsize|p1|6\n|teamsize|p2|6\n|gen|9\n|tier|[Gen 9] OU\n|rated|\n|rule|Sleep Clause Mod: Limit one foe put to sleep\n|rule|Species Clause: Limit one of each Pok\u00e9mon\n|rule|OHKO Clause: OHKO moves are banned\n|rule|Evasion Items Clause: Evasion items are banned\n|rule|Evasion Moves Clause: Evasion moves are banned\n|rule|Endless Battle Clause: Forcing endless battles is banned\n|rule|HP Percentage Mod: HP is shown in percentages\n|clearpoke\n|poke|p1|Walking Wake|\n|poke|p1|Cinderace, F|\n|poke|p1|Ninetales, F|\n|poke|p1|Brute Bonnet|\n|poke|p1|Hatterene, F|\n|poke|p1|Great Tusk|\n|poke|p2|Mandibuzz, F|\n|poke|p2|Corviknight, M|\n|poke|p2|Blissey, F|\n|poke|p2|Clefable, F|\n|poke|p2|Dondozo, F|\n|poke|p2|Ting-Lu|\n|teampreview\n|inactive|Battle timer is ON: inactive players will automatically lose when time's up. (requested by Duckycrater)\n|inactive|wooloo supremacy also wants the timer to be on.\n|\n|t:|1699769111\n|start\n|switch|p1a: Ninetales|Ninetales, F|100\/100\n|switch|p2a: Ting-Lu|Ting-Lu|100\/100\n|-weather|SunnyDay|[from] ability: Drought|[of] p1a: Ninetales\n|-ability|p2a: Ting-Lu|Vessel of Ruin\n|turn|1\n|c|\u2606wooloo supremacy|yo is this quacc\n|c|\u2606Duckycrater|no, he did help me with the team tho\n|inactive|wooloo supremacy has 120 seconds left.\n|c|\u2606wooloo supremacy|wait duckycrater\n|c|\u2606wooloo supremacy|wsg\n|\n|t:|1699769162\n|switch|p1a: Hatterene|Hatterene, F|100\/100\n|move|p2a: Ting-Lu|Spikes|p1a: Hatterene\n|move|p1a: Hatterene|Spikes|p2a: Ting-Lu|[from]ability: Magic Bounce\n|-sidestart|p2: Duckycrater|Spikes\n|\n|-weather|SunnyDay|[upkeep]\n|upkeep\n|turn|2\n|\n|t:|1699769179\n|switch|p2a: Blissey|Blissey, F|100\/100\n|move|p1a: Hatterene|Dazzling Gleam|p2a: Blissey\n|-damage|p2a: Blissey|89\/100\n|\n|-weather|SunnyDay|[upkeep]\n|upkeep\n|turn|3\n|\n|t:|1699769200\n|switch|p2a: Ting-Lu|Ting-Lu|100\/100\n|-ability|p2a: Ting-Lu|Vessel of Ruin\n|move|p1a: Hatterene|Nuzzle|p2a: Ting-Lu\n|-immune|p2a: Ting-Lu\n|\n|-weather|SunnyDay|[upkeep]\n|upkeep\n|turn|4\n|c|\u2606Duckycrater|what does wsg stand for\n|\n|t:|1699769212\n|move|p2a: Ting-Lu|Protect|p2a: Ting-Lu\n|-singleturn|p2a: Ting-Lu|Protect\n|move|p1a: Hatterene|Dazzling Gleam|p2a: Ting-Lu\n|-activate|p2a: Ting-Lu|move: Protect\n|\n|-weather|SunnyDay|[upkeep]\n|upkeep\n|turn|5\n|c|\u2606wooloo supremacy|wunban smiraidon gnow\n|\n|t:|1699769219\n|switch|p2a: Corviknight|Corviknight, M|100\/100\n|-ability|p2a: Corviknight|Pressure\n|move|p1a: Hatterene|Nuzzle|p2a: Corviknight\n|-supereffective|p2a: Corviknight\n|-damage|p2a: Corviknight|93\/100\n|-status|p2a: Corviknight|par\n|\n|-weather|SunnyDay|[upkeep]\n|upkeep\n|turn|6\n|\n|t:|1699769236\n|move|p2a: Corviknight|Protect|p2a: Corviknight\n|-singleturn|p2a: Corviknight|Protect\n|move|p1a: Hatterene|Psychic|p2a: Corviknight\n|-activate|p2a: Corviknight|move: Protect\n|\n|-weather|SunnyDay|[upkeep]\n|upkeep\n|turn|7\n|\n|t:|1699769245\n|switch|p2a: Ting-Lu|Ting-Lu|100\/100\n|-ability|p2a: Ting-Lu|Vessel of Ruin\n|move|p1a: Hatterene|Psychic|p2a: Ting-Lu\n|-immune|p2a: Ting-Lu\n|\n|-weather|SunnyDay|[upkeep]\n|upkeep\n|turn|8\n|inactive|wooloo supremacy has 120 seconds left.\n|\n|t:|1699769252\n|switch|p2a: Corviknight|Corviknight, M|93\/100 par\n|-ability|p2a: Corviknight|Pressure\n|switch|p1a: Great Tusk|Great Tusk|100\/100\n|-activate|p1a: Great Tusk|ability: Protosynthesis\n|-start|p1a: Great Tusk|protosynthesisdef\n|\n|-weather|none\n|-end|p1a: Great Tusk|Protosynthesis\n|upkeep\n|turn|9\n|\n|t:|1699769262\n|-end|p1a: Great Tusk|Protosynthesis|[silent]\n|switch|p1a: Hatterene|Hatterene, F|100\/100\n|switch|p2a: Dondozo|Dondozo, F|100\/100\n|\n|upkeep\n|turn|10\n|\n|t:|1699769269\n|switch|p2a: Corviknight|Corviknight, M|93\/100 par\n|-ability|p2a: Corviknight|Pressure\n|move|p1a: Hatterene|Psychic|p2a: Corviknight\n|-resisted|p2a: Corviknight\n|-damage|p2a: Corviknight|78\/100 par\n|\n|upkeep\n|turn|11\n|\n|t:|1699769277\n|switch|p1a: Ninetales|Ninetales, F|100\/100\n|-weather|SunnyDay|[from] ability: Drought|[of] p1a: Ninetales\n|move|p2a: Corviknight|Protect||[still]\n|-fail|p2a: Corviknight\n|\n|-weather|SunnyDay|[upkeep]\n|upkeep\n|turn|12\n|\n|t:|1699769303\n|switch|p1a: Walking Wake|Walking Wake|100\/100\n|-activate|p1a: Walking Wake|ability: Protosynthesis\n|-start|p1a: Walking Wake|protosynthesisspa\n|switch|p2a: Blissey|Blissey, F|89\/100\n|\n|-weather|SunnyDay|[upkeep]\n|upkeep\n|turn|13\n|\n|t:|1699769319\n|-end|p1a: Walking Wake|Protosynthesis|[silent]\n|switch|p1a: Hatterene|Hatterene, F|100\/100\n|move|p2a: Blissey|Seismic Toss|p1a: Hatterene\n|-damage|p1a: Hatterene|69\/100\n|-enditem|p1a: Hatterene|Eject Button\n|inactive|wooloo supremacy has 120 seconds left.\n|\n|t:|1699769339\n|switch|p1a: Brute Bonnet|Brute Bonnet|100\/100\n|-activate|p1a: Brute Bonnet|ability: Protosynthesis\n|-start|p1a: Brute Bonnet|protosynthesisatk\n|\n|-weather|SunnyDay|[upkeep]\n|upkeep\n|turn|14\n|\n|t:|1699769346\n|switch|p2a: Mandibuzz|Mandibuzz, F|100\/100\n|move|p1a: Brute Bonnet|Spore|p2a: Mandibuzz\n|-status|p2a: Mandibuzz|slp|[from] move: Spore\n|\n|-weather|SunnyDay|[upkeep]\n|upkeep\n|turn|15\n|\n|t:|1699769356\n|-end|p1a: Brute Bonnet|Protosynthesis|[silent]\n|switch|p1a: Walking Wake|Walking Wake|100\/100\n|-activate|p1a: Walking Wake|ability: Protosynthesis\n|-start|p1a: Walking Wake|protosynthesisspa\n|cant|p2a: Mandibuzz|slp\n|\n|-weather|SunnyDay|[upkeep]\n|upkeep\n|turn|16\n|\n|t:|1699769362\n|switch|p2a: Clefable|Clefable, F|100\/100\n|-terastallize|p1a: Walking Wake|Water\n|move|p1a: Walking Wake|Hydro Steam|p2a: Clefable\n|-damage|p2a: Clefable|22\/100\n|\n|-weather|SunnyDay|[upkeep]\n|-heal|p2a: Clefable|28\/100|[from] item: Leftovers\n|upkeep\n|turn|17\n|\n|t:|1699769382\n|move|p2a: Clefable|Protect|p2a: Clefable\n|-singleturn|p2a: Clefable|Protect\n|move|p1a: Walking Wake|Hydro Steam|p2a: Clefable\n|-activate|p2a: Clefable|move: Protect\n|\n|-weather|SunnyDay|[upkeep]\n|-heal|p2a: Clefable|34\/100|[from] item: Leftovers\n|upkeep\n|turn|18\n|\n|t:|1699769387\n|switch|p2a: Blissey|Blissey, F|89\/100\n|move|p1a: Walking Wake|Hydro Steam|p2a: Blissey\n|-damage|p2a: Blissey|50\/100\n|\n|-weather|none\n|-end|p1a: Walking Wake|Protosynthesis\n|upkeep\n|turn|19\n|c|\u2606Duckycrater|what does ninetails give rather than torkal\n|inactive|wooloo supremacy has 120 seconds left.\n|c|\u2606wooloo supremacy|encore + wisp ig\n|c|\u2606wooloo supremacy|stole the team\n|c|\u2606Duckycrater|Ah I forgor about encore\n|c|\u2606Duckycrater|such a funny move\n|\n|t:|1699769432\n|-end|p1a: Walking Wake|Protosynthesis|[silent]\n|switch|p1a: Great Tusk|Great Tusk|100\/100\n|move|p2a: Blissey|Soft-Boiled|p2a: Blissey\n|-heal|p2a: Blissey|100\/100\n|\n|upkeep\n|turn|20\n|c|\u2606wooloo supremacy|fs fs\n|\n|t:|1699769443\n|-end|p1a: Great Tusk|Protosynthesis|[silent]\n|switch|p1a: Ninetales|Ninetales, F|100\/100\n|-weather|SunnyDay|[from] ability: Drought|[of] p1a: Ninetales\n|switch|p2a: Mandibuzz|Mandibuzz, F|100\/100 slp\n|\n|-weather|SunnyDay|[upkeep]\n|upkeep\n|turn|21\n|inactive|wooloo supremacy has 120 seconds left.\n|\n|t:|1699769455\n|switch|p1a: Walking Wake|Walking Wake, tera:Water|100\/100\n|-activate|p1a: Walking Wake|ability: Protosynthesis\n|-start|p1a: Walking Wake|protosynthesisspa\n|switch|p2a: Blissey|Blissey, F|100\/100\n|\n|-weather|SunnyDay|[upkeep]\n|upkeep\n|turn|22\n|inactive|wooloo supremacy has 120 seconds left.\n|\n|t:|1699769463\n|-end|p1a: Walking Wake|Protosynthesis|[silent]\n|switch|p1a: Great Tusk|Great Tusk|100\/100\n|-activate|p1a: Great Tusk|ability: Protosynthesis\n|-start|p1a: Great Tusk|protosynthesisdef\n|move|p2a: Blissey|Seismic Toss|p1a: Great Tusk\n|-damage|p1a: Great Tusk|77\/100\n|\n|-weather|SunnyDay|[upkeep]\n|upkeep\n|turn|23\n|\n|t:|1699769470\n|switch|p2a: Dondozo|Dondozo, F|100\/100\n|move|p1a: Great Tusk|Close Combat|p2a: Dondozo\n|-damage|p2a: Dondozo|78\/100\n|-unboost|p1a: Great Tusk|def|1\n|-unboost|p1a: Great Tusk|spd|1\n|-enditem|p1a: Great Tusk|Eject Pack\n|\n|t:|1699769474\n|-end|p1a: Great Tusk|Protosynthesis|[silent]\n|switch|p1a: Walking Wake|Walking Wake, tera:Water|100\/100\n|-activate|p1a: Walking Wake|ability: Protosynthesis\n|-start|p1a: Walking Wake|protosynthesisspa\n|\n|-weather|SunnyDay|[upkeep]\n|upkeep\n|turn|24\n|\n|t:|1699769478\n|switch|p2a: Blissey|Blissey, F|100\/100\n|move|p1a: Walking Wake|Hydro Steam|p2a: Blissey\n|-damage|p2a: Blissey|63\/100\n|\n|-weather|SunnyDay|[upkeep]\n|upkeep\n|turn|25\n|\n|t:|1699769483\n|move|p1a: Walking Wake|Hydro Steam|p2a: Blissey\n|-damage|p2a: Blissey|25\/100\n|move|p2a: Blissey|Soft-Boiled|p2a: Blissey\n|-heal|p2a: Blissey|75\/100\n|\n|-weather|SunnyDay|[upkeep]\n|upkeep\n|turn|26\n|c|\u2606wooloo supremacy|stall cord is wild rn\n|\n|t:|1699769495\n|move|p1a: Walking Wake|Hydro Steam|p2a: Blissey\n|-damage|p2a: Blissey|36\/100\n|move|p2a: Blissey|Soft-Boiled|p2a: Blissey\n|-heal|p2a: Blissey|86\/100\n|\n|-weather|SunnyDay|[upkeep]\n|upkeep\n|turn|27\n|c|\u2606Duckycrater|true\n|\n|t:|1699769507\n|-end|p1a: Walking Wake|Protosynthesis|[silent]\n|switch|p1a: Great Tusk|Great Tusk|77\/100\n|-activate|p1a: Great Tusk|ability: Protosynthesis\n|-start|p1a: Great Tusk|protosynthesisdef\n|move|p2a: Blissey|Stealth Rock|p1a: Great Tusk\n|-sidestart|p1: wooloo supremacy|move: Stealth Rock\n|\n|-weather|none\n|-end|p1a: Great Tusk|Protosynthesis\n|upkeep\n|turn|28\n|\n|t:|1699769512\n|switch|p2a: Mandibuzz|Mandibuzz, F|100\/100 slp\n|move|p1a: Great Tusk|Rapid Spin|p2a: Mandibuzz\n|-damage|p2a: Mandibuzz|92\/100 slp\n|-boost|p1a: Great Tusk|spe|1\n|-sideend|p1: wooloo supremacy|Stealth Rock|[from] move: Rapid Spin|[of] p1a: Great Tusk\n|\n|upkeep\n|turn|29\n|\n|t:|1699769516\n|-end|p1a: Great Tusk|Protosynthesis|[silent]\n|switch|p1a: Ninetales|Ninetales, F|100\/100\n|-weather|SunnyDay|[from] ability: Drought|[of] p1a: Ninetales\n|-curestatus|p2a: Mandibuzz|slp|[msg]\n|move|p2a: Mandibuzz|Knock Off|p1a: Ninetales\n|-damage|p1a: Ninetales|69\/100\n|-enditem|p1a: Ninetales|Heat Rock|[from] move: Knock Off|[of] p2a: Mandibuzz\n|\n|-weather|SunnyDay|[upkeep]\n|upkeep\n|turn|30\n|\n|t:|1699769523\n|switch|p2a: Blissey|Blissey, F|86\/100\n|move|p1a: Ninetales|Will-O-Wisp|p2a: Blissey\n|-status|p2a: Blissey|brn\n|\n|-weather|SunnyDay|[upkeep]\n|-damage|p2a: Blissey|80\/100 brn|[from] brn\n|upkeep\n|turn|31\n|\n|t:|1699769529\n|switch|p1a: Hatterene|Hatterene, F|69\/100\n|move|p2a: Blissey|Seismic Toss|p1a: Hatterene\n|-damage|p1a: Hatterene|38\/100\n|\n|-weather|SunnyDay|[upkeep]\n|-damage|p2a: Blissey|74\/100 brn|[from] brn\n|upkeep\n|turn|32\n|\n|t:|1699769539\n|switch|p1a: Brute Bonnet|Brute Bonnet|100\/100\n|-activate|p1a: Brute Bonnet|ability: Protosynthesis\n|-start|p1a: Brute Bonnet|protosynthesisatk\n|move|p2a: Blissey|Heal Bell|p2a: Blissey\n|-activate|p2a: Blissey|move: Heal Bell\n|-curestatus|p2a: Blissey|brn|[msg]\n|-curestatus|p2: Corviknight|par|[msg]\n|\n|-weather|SunnyDay|[upkeep]\n|upkeep\n|turn|33\n|\n|t:|1699769567\n|switch|p2a: Mandibuzz|Mandibuzz, F|92\/100\n|move|p1a: Brute Bonnet|Bullet Seed|p2a: Mandibuzz\n|-resisted|p2a: Mandibuzz\n|-damage|p2a: Mandibuzz|87\/100\n|-resisted|p2a: Mandibuzz\n|-damage|p2a: Mandibuzz|82\/100\n|-resisted|p2a: Mandibuzz\n|-damage|p2a: Mandibuzz|77\/100\n|-resisted|p2a: Mandibuzz\n|-damage|p2a: Mandibuzz|72\/100\n|-hitcount|p2a: Mandibuzz|4\n|\n|-weather|SunnyDay|[upkeep]\n|upkeep\n|turn|34\n|\n|t:|1699769581\n|-end|p1a: Brute Bonnet|Protosynthesis|[silent]\n|switch|p1a: Great Tusk|Great Tusk|77\/100\n|-activate|p1a: Great Tusk|ability: Protosynthesis\n|-start|p1a: Great Tusk|protosynthesisdef\n|move|p2a: Mandibuzz|Knock Off|p1a: Great Tusk\n|-resisted|p1a: Great Tusk\n|-damage|p1a: Great Tusk|73\/100\n|\n|-weather|SunnyDay|[upkeep]\n|upkeep\n|turn|35\n|\n|t:|1699769593\n|-end|p1a: Great Tusk|Protosynthesis|[silent]\n|switch|p1a: Cinderace|Cinderace, F|100\/100\n|move|p2a: Mandibuzz|Roost|p2a: Mandibuzz\n|-heal|p2a: Mandibuzz|100\/100\n|-singleturn|p2a: Mandibuzz|move: Roost\n|\n|-weather|SunnyDay|[upkeep]\n|upkeep\n|turn|36\n|\n|t:|1699769598\n|switch|p1a: Great Tusk|Great Tusk|73\/100\n|-activate|p1a: Great Tusk|ability: Protosynthesis\n|-start|p1a: Great Tusk|protosynthesisdef\n|move|p2a: Mandibuzz|Knock Off|p1a: Great Tusk\n|-resisted|p1a: Great Tusk\n|-damage|p1a: Great Tusk|69\/100\n|\n|-weather|none\n|-end|p1a: Great Tusk|Protosynthesis\n|upkeep\n|turn|37\n|\n|t:|1699769606\n|-end|p1a: Great Tusk|Protosynthesis|[silent]\n|switch|p1a: Ninetales|Ninetales, F|69\/100\n|-weather|SunnyDay|[from] ability: Drought|[of] p1a: Ninetales\n|move|p2a: Mandibuzz|Defog|p1a: Ninetales\n|-unboost|p1a: Ninetales|evasion|1\n|-sideend|p2: Duckycrater|Spikes|[from] move: Defog|[of] p2a: Mandibuzz\n|\n|-weather|SunnyDay|[upkeep]\n|upkeep\n|turn|38\n|\n|t:|1699769614\n|switch|p1a: Great Tusk|Great Tusk|69\/100\n|-activate|p1a: Great Tusk|ability: Protosynthesis\n|-start|p1a: Great Tusk|protosynthesisdef\n|switch|p2a: Blissey|Blissey, F|74\/100\n|\n|-weather|SunnyDay|[upkeep]\n|upkeep\n|turn|39\n|\n|t:|1699769620\n|-end|p1a: Great Tusk|Protosynthesis|[silent]\n|switch|p1a: Walking Wake|Walking Wake, tera:Water|100\/100\n|-activate|p1a: Walking Wake|ability: Protosynthesis\n|-start|p1a: Walking Wake|protosynthesisspa\n|switch|p2a: Dondozo|Dondozo, F|78\/100\n|\n|-weather|SunnyDay|[upkeep]\n|upkeep\n|turn|40\n|\n|t:|1699769625\n|switch|p2a: Blissey|Blissey, F|74\/100\n|move|p1a: Walking Wake|Hydro Steam|p2a: Blissey\n|-damage|p2a: Blissey|36\/100\n|\n|-weather|SunnyDay|[upkeep]\n|upkeep\n|turn|41\n|\n|t:|1699769634\n|move|p1a: Walking Wake|Hydro Steam|p2a: Blissey\n|-damage|p2a: Blissey|0 fnt\n|faint|p2a: Blissey\n|\n|-weather|none\n|-end|p1a: Walking Wake|Protosynthesis\n|upkeep\n|c|\u2606Duckycrater|Ruh roh\n|\n|t:|1699769643\n|switch|p2a: Ting-Lu|Ting-Lu|100\/100\n|-ability|p2a: Ting-Lu|Vessel of Ruin\n|turn|42\n|c|\u2606wooloo supremacy|i think you gotta slot pex in somewhere\n|c|\u2606Duckycrater|Yeah maybe, hard to fit tho\n|inactive|Duckycrater has 120 seconds left.\n|c|\u2606Duckycrater|Think I've lost this game, ggs\n|c|\u2606wooloo supremacy|helps vs grasspon asw\n|c|\u2606wooloo supremacy|gg\n|-message|Duckycrater forfeited.\n|\n|win|wooloo supremacy\n|raw|wooloo supremacy's rating: 1518 &rarr; <strong>1545<\/strong><br \/>(+27 for winning)\n|raw|Duckycrater's rating: 1649 &rarr; <strong>1622<\/strong><br \/>(-27 for losing)\n","uploadtime":1699769692,"views":9,"p1id":"wooloosupremacy","p2id":"duckycrater","formatid":"gen9ou","rating":1545,"private":0,"password":""}