{"id":"gen9ou-1991742984","p1":"TurboKaiSm64","p2":"cazz23","format":"[Gen 9] OU","log":"|j|\u2606TurboKaiSm64\n|j|\u2606cazz23\n|t:|1700109773\n|gametype|singles\n|player|p1|TurboKaiSm64|lucas-gen4pt|\n|player|p2|cazz23|hilda-wonderlauncher|\n|teamsize|p1|6\n|teamsize|p2|6\n|gen|9\n|tier|[Gen 9] OU\n|rule|Sleep Clause Mod: Limit one foe put to sleep\n|rule|Species Clause: Limit one of each Pok\u00e9mon\n|rule|OHKO Clause: OHKO moves are banned\n|rule|Evasion Items Clause: Evasion items are banned\n|rule|Evasion Moves Clause: Evasion moves are banned\n|rule|Endless Battle Clause: Forcing endless battles is banned\n|rule|HP Percentage Mod: HP is shown in percentages\n|clearpoke\n|poke|p1|Rillaboom, F|\n|poke|p1|Iron Moth|\n|poke|p1|Dondozo, M|\n|poke|p1|Meowscarada, M|\n|poke|p1|Garchomp, M|\n|poke|p1|Ninetales-Alola, M|\n|poke|p2|Kingambit, M|\n|poke|p2|Iron Valiant|\n|poke|p2|Rotom-Wash|\n|poke|p2|Great Tusk|\n|poke|p2|Meowscarada, F|\n|poke|p2|Cinderace, F|\n|teampreview\n|c|\u2606TurboKaiSm64|gl hf\n|c|\u2606cazz23|glhf\n|\n|t:|1700109921\n|start\n|switch|p1a: Ninetales|Ninetales-Alola, M|100\/100\n|switch|p2a: Cinderace|Cinderace, F|100\/100\n|-weather|Snow|[from] ability: Snow Warning|[of] p1a: Ninetales\n|turn|1\n|\n|t:|1700109967\n|switch|p1a: Dondozo|Dondozo, M|100\/100\n|move|p2a: Cinderace|Pyro Ball|p1a: Dondozo\n|-resisted|p1a: Dondozo\n|-damage|p1a: Dondozo|87\/100\n|\n|-weather|Snow|[upkeep]\n|-heal|p1a: Dondozo|93\/100|[from] item: Leftovers\n|upkeep\n|turn|2\n|\n|t:|1700109993\n|move|p1a: Dondozo|Protect|p1a: Dondozo\n|-singleturn|p1a: Dondozo|Protect\n|move|p2a: Cinderace|U-turn|p1a: Dondozo\n|-start|p2a: Cinderace|typechange|Bug|[from] ability: Libero\n|-activate|p1a: Dondozo|move: Protect\n|\n|-weather|Snow|[upkeep]\n|-heal|p1a: Dondozo|99\/100|[from] item: Leftovers\n|upkeep\n|turn|3\n|c|\u2606cazz23|\/\/weak bug\n|c|\u2606TurboKaiSm64|lol I typed that too\n|c|\u2606TurboKaiSm64|!weak bug\n|c| TurboKaiSm64|\/raw <div class=\"infobox\">Bug:<br \/><span class=\"message-effect-weak\">Weaknesses<\/span>: Fire, Flying, Rock<br \/><span class=\"message-effect-resist\">Resistances<\/span>: Fighting, Grass, Ground<br \/><span class=\"message-effect-immune\">Immunities<\/span>: <font color=#999999>None<\/font><\/div>\n|c|\u2606cazz23|lol\n|\n|t:|1700110073\n|move|p2a: Cinderace|Sucker Punch|p1a: Dondozo\n|-damage|p1a: Dondozo|89\/100\n|move|p1a: Dondozo|Body Press|p2a: Cinderace\n|-resisted|p2a: Cinderace\n|-damage|p2a: Cinderace|80\/100\n|\n|-weather|Snow|[upkeep]\n|-heal|p1a: Dondozo|95\/100|[from] item: Leftovers\n|upkeep\n|turn|4\n|c|\u2606TurboKaiSm64|thought you were gonna switch damn\n|\n|t:|1700110104\n|move|p2a: Cinderace|U-turn|p1a: Dondozo\n|-damage|p1a: Dondozo|78\/100\n|\n|t:|1700110107\n|switch|p2a: Meowscarada|Meowscarada, F|100\/100|[from] U-turn\n|move|p1a: Dondozo|Substitute|p1a: Dondozo\n|-start|p1a: Dondozo|Substitute\n|-damage|p1a: Dondozo|53\/100\n|\n|-weather|Snow|[upkeep]\n|-heal|p1a: Dondozo|59\/100|[from] item: Leftovers\n|upkeep\n|turn|5\n|\n|t:|1700110148\n|move|p1a: Dondozo|Protect|p1a: Dondozo\n|-singleturn|p1a: Dondozo|Protect\n|move|p2a: Meowscarada|Flower Trick|p1a: Dondozo\n|-start|p2a: Meowscarada|typechange|Grass|[from] ability: Protean\n|-activate|p1a: Dondozo|move: Protect\n|\n|-weather|none\n|-heal|p1a: Dondozo|65\/100|[from] item: Leftovers\n|upkeep\n|turn|6\n|\n|t:|1700110162\n|move|p2a: Meowscarada|Knock Off|p1a: Dondozo\n|-activate|p1a: Dondozo|move: Substitute|[damage]\n|move|p1a: Dondozo|Body Press|p2a: Meowscarada\n|-damage|p2a: Meowscarada|57\/100\n|\n|-heal|p1a: Dondozo|71\/100|[from] item: Leftovers\n|upkeep\n|turn|7\n|\n|t:|1700110179\n|move|p1a: Dondozo|Protect|p1a: Dondozo\n|-singleturn|p1a: Dondozo|Protect\n|move|p2a: Meowscarada|Flower Trick|p1a: Dondozo\n|-activate|p1a: Dondozo|move: Protect\n|\n|-heal|p1a: Dondozo|77\/100|[from] item: Leftovers\n|upkeep\n|turn|8\n|\n|t:|1700110198\n|move|p2a: Meowscarada|Flower Trick|p1a: Dondozo\n|-supereffective|p1a: Dondozo\n|-crit|p1a: Dondozo\n|-end|p1a: Dondozo|Substitute\n|move|p1a: Dondozo|Body Press|p2a: Meowscarada\n|-damage|p2a: Meowscarada|12\/100\n|\n|-heal|p1a: Dondozo|84\/100|[from] item: Leftovers\n|upkeep\n|turn|9\n|\n|t:|1700110211\n|move|p2a: Meowscarada|Flower Trick|p1a: Dondozo\n|-supereffective|p1a: Dondozo\n|-crit|p1a: Dondozo\n|-damage|p1a: Dondozo|43\/100\n|move|p1a: Dondozo|Body Press|p2a: Meowscarada\n|-damage|p2a: Meowscarada|0 fnt\n|faint|p2a: Meowscarada\n|\n|-heal|p1a: Dondozo|49\/100|[from] item: Leftovers\n|upkeep\n|\n|t:|1700110222\n|switch|p2a: Rotom|Rotom-Wash, shiny|100\/100\n|turn|10\n|\n|t:|1700110237\n|switch|p1a: Garchomp|Garchomp, M|100\/100\n|move|p2a: Rotom|Volt Switch|p1a: Garchomp\n|-immune|p1a: Garchomp\n|\n|upkeep\n|turn|11\n|\n|t:|1700110277\n|switch|p2a: Iron Valiant|Iron Valiant|100\/100\n|-enditem|p2a: Iron Valiant|Booster Energy\n|-activate|p2a: Iron Valiant|ability: Quark Drive|[fromitem]\n|-start|p2a: Iron Valiant|quarkdrivespe\n|move|p1a: Garchomp|Swords Dance|p1a: Garchomp\n|-boost|p1a: Garchomp|atk|2\n|\n|upkeep\n|turn|12\n|\n|t:|1700110343\n|-terastallize|p1a: Garchomp|Steel\n|move|p2a: Iron Valiant|Moonblast|p1a: Garchomp\n|-resisted|p1a: Garchomp\n|-damage|p1a: Garchomp|77\/100\n|move|p1a: Garchomp|Earthquake|p2a: Iron Valiant\n|-damage|p2a: Iron Valiant|0 fnt\n|faint|p2a: Iron Valiant\n|-end|p2a: Iron Valiant|Quark Drive|[silent]\n|\n|upkeep\n|\n|t:|1700110373\n|switch|p2a: Cinderace|Cinderace, F|80\/100\n|turn|13\n|\n|t:|1700110396\n|switch|p1a: Dondozo|Dondozo, M|49\/100\n|move|p2a: Cinderace|U-turn|p1a: Dondozo\n|-start|p2a: Cinderace|typechange|Bug|[from] ability: Libero\n|-damage|p1a: Dondozo|32\/100\n|\n|t:|1700110406\n|switch|p2a: Rotom|Rotom-Wash, shiny|100\/100|[from] U-turn\n|\n|-heal|p1a: Dondozo|38\/100|[from] item: Leftovers\n|upkeep\n|turn|14\n|\n|t:|1700110415\n|switch|p1a: Garchomp|Garchomp, M, tera:Steel|77\/100\n|move|p2a: Rotom|Thunderbolt|p1a: Garchomp\n|-damage|p1a: Garchomp|40\/100\n|-status|p1a: Garchomp|par\n|\n|upkeep\n|turn|15\n|\n|t:|1700110476\n|move|p2a: Rotom|Thunderbolt|p1a: Garchomp\n|-damage|p1a: Garchomp|2\/100 par\n|cant|p1a: Garchomp|par\n|\n|upkeep\n|turn|16\n|\n|t:|1700110492\n|move|p2a: Rotom|Hydro Pump|p1a: Garchomp\n|-damage|p1a: Garchomp|0 fnt\n|faint|p1a: Garchomp\n|\n|upkeep\n|\n|t:|1700110506\n|switch|p1a: Rillaboom|Rillaboom, F|100\/100\n|-fieldstart|move: Grassy Terrain|[from] ability: Grassy Surge|[of] p1a: Rillaboom\n|turn|17\n|\n|t:|1700110594\n|switch|p2a: Great Tusk|Great Tusk|100\/100\n|move|p1a: Rillaboom|U-turn|p2a: Great Tusk\n|-resisted|p2a: Great Tusk\n|-damage|p2a: Great Tusk|92\/100\n|\n|t:|1700110611\n|switch|p1a: Meowscarada|Meowscarada, M|100\/100|[from] U-turn\n|\n|-heal|p2a: Great Tusk|98\/100|[from] Grassy Terrain\n|upkeep\n|turn|18\n|\n|t:|1700110656\n|-terastallize|p2a: Great Tusk|Fighting\n|move|p1a: Meowscarada|Flower Trick|p2a: Great Tusk\n|-start|p1a: Meowscarada|typechange|Grass|[from] ability: Protean\n|-crit|p2a: Great Tusk\n|-damage|p2a: Great Tusk|31\/100\n|move|p2a: Great Tusk|Close Combat|p1a: Meowscarada\n|-damage|p1a: Meowscarada|0 fnt\n|-unboost|p2a: Great Tusk|def|1\n|-unboost|p2a: Great Tusk|spd|1\n|faint|p1a: Meowscarada\n|\n|-heal|p2a: Great Tusk|38\/100|[from] Grassy Terrain\n|upkeep\n|\n|t:|1700110672\n|switch|p1a: Ninetales|Ninetales-Alola, M|100\/100\n|-weather|Snow|[from] ability: Snow Warning|[of] p1a: Ninetales\n|turn|19\n|\n|t:|1700110688\n|move|p2a: Great Tusk|Knock Off|p1a: Ninetales\n|-resisted|p1a: Ninetales\n|-damage|p1a: Ninetales|86\/100\n|-enditem|p1a: Ninetales|Leftovers|[from] move: Knock Off|[of] p2a: Great Tusk\n|move|p1a: Ninetales|Blizzard|p2a: Great Tusk\n|-damage|p2a: Great Tusk|0 fnt\n|faint|p2a: Great Tusk\n|-end|p2a: Great Tusk|Protosynthesis|[silent]\n|\n|-weather|Snow|[upkeep]\n|-heal|p1a: Ninetales|92\/100|[from] Grassy Terrain\n|upkeep\n|\n|t:|1700110705\n|switch|p2a: Cinderace|Cinderace, F|80\/100\n|turn|20\n|\n|t:|1700110715\n|move|p2a: Cinderace|Pyro Ball|p1a: Ninetales\n|-supereffective|p1a: Ninetales\n|-damage|p1a: Ninetales|0 fnt\n|faint|p1a: Ninetales\n|\n|-weather|Snow|[upkeep]\n|-heal|p2a: Cinderace|86\/100|[from] Grassy Terrain\n|upkeep\n|\n|t:|1700110725\n|switch|p1a: Dondozo|Dondozo, M|38\/100\n|turn|21\n|\n|t:|1700110747\n|move|p1a: Dondozo|Protect|p1a: Dondozo\n|-singleturn|p1a: Dondozo|Protect\n|move|p2a: Cinderace|U-turn|p1a: Dondozo\n|-start|p2a: Cinderace|typechange|Bug|[from] ability: Libero\n|-activate|p1a: Dondozo|move: Protect\n|\n|-weather|Snow|[upkeep]\n|-heal|p2a: Cinderace|92\/100|[from] Grassy Terrain\n|-heal|p1a: Dondozo|44\/100|[from] Grassy Terrain\n|-heal|p1a: Dondozo|51\/100|[from] item: Leftovers\n|-fieldend|move: Grassy Terrain\n|upkeep\n|turn|22\n|\n|t:|1700110770\n|move|p2a: Cinderace|Sucker Punch||[still]\n|-fail|p2a: Cinderace\n|move|p1a: Dondozo|Substitute|p1a: Dondozo\n|-start|p1a: Dondozo|Substitute\n|-damage|p1a: Dondozo|26\/100\n|\n|-weather|Snow|[upkeep]\n|-heal|p1a: Dondozo|32\/100|[from] item: Leftovers\n|upkeep\n|turn|23\n|\n|t:|1700110791\n|move|p1a: Dondozo|Protect|p1a: Dondozo\n|-singleturn|p1a: Dondozo|Protect\n|move|p2a: Cinderace|Pyro Ball|p1a: Dondozo\n|-activate|p1a: Dondozo|move: Protect\n|\n|-weather|none\n|-heal|p1a: Dondozo|38\/100|[from] item: Leftovers\n|upkeep\n|turn|24\n|\n|t:|1700110806\n|move|p2a: Cinderace|Sucker Punch|p1a: Dondozo\n|-activate|p1a: Dondozo|move: Substitute|[damage]\n|move|p1a: Dondozo|Wave Crash|p2a: Cinderace\n|-damage|p2a: Cinderace|28\/100\n|-damage|p1a: Dondozo|26\/100|[from] Recoil\n|\n|-heal|p1a: Dondozo|32\/100|[from] item: Leftovers\n|upkeep\n|turn|25\n|\n|t:|1700110823\n|move|p1a: Dondozo|Protect|p1a: Dondozo\n|-singleturn|p1a: Dondozo|Protect\n|move|p2a: Cinderace|U-turn|p1a: Dondozo\n|-activate|p1a: Dondozo|move: Protect\n|\n|-heal|p1a: Dondozo|38\/100|[from] item: Leftovers\n|upkeep\n|turn|26\n|\n|t:|1700110841\n|switch|p2a: Rotom|Rotom-Wash, shiny|100\/100\n|move|p1a: Dondozo|Wave Crash|p2a: Rotom\n|-resisted|p2a: Rotom\n|-damage|p2a: Rotom|85\/100\n|-damage|p1a: Dondozo|35\/100|[from] Recoil\n|\n|-heal|p2a: Rotom|91\/100|[from] item: Leftovers\n|-heal|p1a: Dondozo|41\/100|[from] item: Leftovers\n|upkeep\n|turn|27\n|\n|t:|1700110861\n|move|p1a: Dondozo|Protect|p1a: Dondozo\n|-singleturn|p1a: Dondozo|Protect\n|move|p2a: Rotom|Thunderbolt|p1a: Dondozo\n|-activate|p1a: Dondozo|move: Protect\n|\n|-heal|p2a: Rotom|97\/100|[from] item: Leftovers\n|-heal|p1a: Dondozo|47\/100|[from] item: Leftovers\n|upkeep\n|turn|28\n|\n|t:|1700110873\n|move|p2a: Rotom|Protect|p2a: Rotom\n|-singleturn|p2a: Rotom|Protect\n|move|p1a: Dondozo|Body Press|p2a: Rotom\n|-activate|p2a: Rotom|move: Protect\n|\n|-heal|p2a: Rotom|100\/100|[from] item: Leftovers\n|-heal|p1a: Dondozo|53\/100|[from] item: Leftovers\n|upkeep\n|turn|29\n|\n|t:|1700110900\n|move|p1a: Dondozo|Protect|p1a: Dondozo\n|-singleturn|p1a: Dondozo|Protect\n|move|p2a: Rotom|Thunderbolt|p1a: Dondozo\n|-activate|p1a: Dondozo|move: Protect\n|\n|-heal|p1a: Dondozo|59\/100|[from] item: Leftovers\n|upkeep\n|turn|30\n|\n|t:|1700110909\n|move|p2a: Rotom|Protect|p2a: Rotom\n|-singleturn|p2a: Rotom|Protect\n|move|p1a: Dondozo|Body Press|p2a: Rotom\n|-activate|p2a: Rotom|move: Protect\n|\n|-heal|p1a: Dondozo|66\/100|[from] item: Leftovers\n|upkeep\n|turn|31\n|\n|t:|1700110923\n|move|p1a: Dondozo|Protect|p1a: Dondozo\n|-singleturn|p1a: Dondozo|Protect\n|move|p2a: Rotom|Thunderbolt|p1a: Dondozo\n|-activate|p1a: Dondozo|move: Protect\n|\n|-heal|p1a: Dondozo|72\/100|[from] item: Leftovers\n|upkeep\n|turn|32\n|\n|t:|1700110930\n|move|p2a: Rotom|Protect|p2a: Rotom\n|-singleturn|p2a: Rotom|Protect\n|move|p1a: Dondozo|Body Press|p2a: Rotom\n|-activate|p2a: Rotom|move: Protect\n|\n|-heal|p1a: Dondozo|78\/100|[from] item: Leftovers\n|upkeep\n|turn|33\n|\n|t:|1700110938\n|move|p1a: Dondozo|Protect|p1a: Dondozo\n|-singleturn|p1a: Dondozo|Protect\n|move|p2a: Rotom|Thunderbolt|p1a: Dondozo\n|-activate|p1a: Dondozo|move: Protect\n|\n|-heal|p1a: Dondozo|84\/100|[from] item: Leftovers\n|upkeep\n|turn|34\n|\n|t:|1700110945\n|move|p2a: Rotom|Protect|p2a: Rotom\n|-singleturn|p2a: Rotom|Protect\n|move|p1a: Dondozo|Body Press|p2a: Rotom\n|-activate|p2a: Rotom|move: Protect\n|\n|-heal|p1a: Dondozo|90\/100|[from] item: Leftovers\n|upkeep\n|turn|35\n|\n|t:|1700110954\n|move|p1a: Dondozo|Protect|p1a: Dondozo\n|-singleturn|p1a: Dondozo|Protect\n|move|p2a: Rotom|Thunderbolt|p1a: Dondozo\n|-activate|p1a: Dondozo|move: Protect\n|\n|-heal|p1a: Dondozo|96\/100|[from] item: Leftovers\n|upkeep\n|turn|36\n|\n|t:|1700110962\n|move|p2a: Rotom|Protect|p2a: Rotom\n|-singleturn|p2a: Rotom|Protect\n|move|p1a: Dondozo|Body Press|p2a: Rotom\n|-activate|p2a: Rotom|move: Protect\n|\n|-heal|p1a: Dondozo|100\/100|[from] item: Leftovers\n|upkeep\n|turn|37\n|\n|t:|1700110970\n|move|p2a: Rotom|Thunderbolt|p1a: Dondozo\n|-supereffective|p1a: Dondozo\n|-end|p1a: Dondozo|Substitute\n|move|p1a: Dondozo|Body Press|p2a: Rotom\n|-damage|p2a: Rotom|77\/100\n|\n|-heal|p2a: Rotom|83\/100|[from] item: Leftovers\n|upkeep\n|turn|38\n|\n|t:|1700110990\n|switch|p1a: Rillaboom|Rillaboom, F|100\/100\n|-fieldstart|move: Grassy Terrain|[from] ability: Grassy Surge|[of] p1a: Rillaboom\n|move|p2a: Rotom|Thunderbolt|p1a: Rillaboom\n|-resisted|p1a: Rillaboom\n|-damage|p1a: Rillaboom|91\/100\n|-status|p1a: Rillaboom|par\n|\n|-heal|p2a: Rotom|89\/100|[from] item: Leftovers\n|-heal|p1a: Rillaboom|97\/100 par|[from] Grassy Terrain\n|upkeep\n|turn|39\n|\n|t:|1700111033\n|move|p2a: Rotom|Thunderbolt|p1a: Rillaboom\n|-resisted|p1a: Rillaboom\n|-damage|p1a: Rillaboom|86\/100 par\n|move|p1a: Rillaboom|U-turn|p2a: Rotom\n|-damage|p2a: Rotom|72\/100\n|\n|t:|1700111038\n|switch|p1a: Dondozo|Dondozo, M|100\/100|[from] U-turn\n|\n|-heal|p2a: Rotom|78\/100|[from] item: Leftovers\n|upkeep\n|turn|40\n|\n|t:|1700111043\n|switch|p1a: Rillaboom|Rillaboom, F|86\/100 par\n|move|p2a: Rotom|Thunderbolt|p1a: Rillaboom\n|-resisted|p1a: Rillaboom\n|-damage|p1a: Rillaboom|76\/100 par\n|\n|-heal|p2a: Rotom|85\/100|[from] item: Leftovers\n|-heal|p1a: Rillaboom|82\/100 par|[from] Grassy Terrain\n|upkeep\n|turn|41\n|\n|t:|1700111056\n|move|p2a: Rotom|Protect|p2a: Rotom\n|-singleturn|p2a: Rotom|Protect\n|move|p1a: Rillaboom|Wood Hammer|p2a: Rotom\n|-activate|p2a: Rotom|move: Protect\n|\n|-heal|p2a: Rotom|91\/100|[from] item: Leftovers\n|-heal|p1a: Rillaboom|88\/100 par|[from] Grassy Terrain\n|upkeep\n|turn|42\n|\n|t:|1700111065\n|move|p2a: Rotom|Volt Switch|p1a: Rillaboom\n|-resisted|p1a: Rillaboom\n|-damage|p1a: Rillaboom|80\/100 par\n|\n|t:|1700111072\n|switch|p2a: Cinderace|Cinderace, F|28\/100|[from] Volt Switch\n|cant|p1a: Rillaboom|par\n|\n|-heal|p2a: Cinderace|34\/100|[from] Grassy Terrain\n|-heal|p1a: Rillaboom|87\/100 par|[from] Grassy Terrain\n|-fieldend|move: Grassy Terrain\n|upkeep\n|turn|43\n|\n|t:|1700111092\n|switch|p1a: Dondozo|Dondozo, M|100\/100\n|move|p2a: Cinderace|Pyro Ball|p1a: Dondozo\n|-resisted|p1a: Dondozo\n|-damage|p1a: Dondozo|86\/100\n|\n|-heal|p1a: Dondozo|92\/100|[from] item: Leftovers\n|upkeep\n|turn|44\n|\n|t:|1700111107\n|move|p2a: Cinderace|U-turn|p1a: Dondozo\n|-start|p2a: Cinderace|typechange|Bug|[from] ability: Libero\n|-damage|p1a: Dondozo|77\/100\n|\n|t:|1700111114\n|switch|p2a: Kingambit|Kingambit, M|100\/100|[from] U-turn\n|-activate|p2a: Kingambit|ability: Supreme Overlord\n|-start|p2a: Kingambit|fallen3|[silent]\n|move|p1a: Dondozo|Substitute|p1a: Dondozo\n|-start|p1a: Dondozo|Substitute\n|-damage|p1a: Dondozo|52\/100\n|\n|-heal|p1a: Dondozo|58\/100|[from] item: Leftovers\n|upkeep\n|turn|45\n|\n|t:|1700111134\n|move|p1a: Dondozo|Protect|p1a: Dondozo\n|-singleturn|p1a: Dondozo|Protect\n|move|p2a: Kingambit|Swords Dance|p2a: Kingambit\n|-boost|p2a: Kingambit|atk|2\n|\n|-heal|p1a: Dondozo|64\/100|[from] item: Leftovers\n|upkeep\n|turn|46\n|\n|t:|1700111148\n|move|p2a: Kingambit|Sucker Punch|p1a: Dondozo\n|-activate|p1a: Dondozo|move: Substitute|[damage]\n|move|p1a: Dondozo|Body Press|p2a: Kingambit\n|-supereffective|p2a: Kingambit\n|-damage|p2a: Kingambit|10\/100\n|\n|-heal|p2a: Kingambit|16\/100|[from] item: Leftovers\n|-heal|p1a: Dondozo|70\/100|[from] item: Leftovers\n|upkeep\n|turn|47\n|\n|t:|1700111162\n|-end|p2a: Kingambit|fallen3|[silent]\n|switch|p2a: Rotom|Rotom-Wash, shiny|91\/100\n|move|p1a: Dondozo|Body Press|p2a: Rotom\n|-damage|p2a: Rotom|70\/100\n|\n|-heal|p2a: Rotom|76\/100|[from] item: Leftovers\n|-heal|p1a: Dondozo|77\/100|[from] item: Leftovers\n|upkeep\n|turn|48\n|\n|t:|1700111173\n|switch|p1a: Rillaboom|Rillaboom, F|87\/100 par\n|-fieldstart|move: Grassy Terrain|[from] ability: Grassy Surge|[of] p1a: Rillaboom\n|move|p2a: Rotom|Thunderbolt|p1a: Rillaboom\n|-resisted|p1a: Rillaboom\n|-damage|p1a: Rillaboom|76\/100 par\n|\n|-heal|p2a: Rotom|82\/100|[from] item: Leftovers\n|-heal|p1a: Rillaboom|82\/100 par|[from] Grassy Terrain\n|upkeep\n|turn|49\n|\n|t:|1700111187\n|move|p2a: Rotom|Volt Switch|p1a: Rillaboom\n|-resisted|p1a: Rillaboom\n|-damage|p1a: Rillaboom|73\/100 par\n|\n|t:|1700111191\n|switch|p2a: Cinderace|Cinderace, F|34\/100|[from] Volt Switch\n|cant|p1a: Rillaboom|par\n|\n|-heal|p2a: Cinderace|40\/100|[from] Grassy Terrain\n|-heal|p1a: Rillaboom|80\/100 par|[from] Grassy Terrain\n|upkeep\n|turn|50\n|j| SpaceBear9\n|\n|t:|1700111207\n|switch|p1a: Dondozo|Dondozo, M|77\/100\n|move|p2a: Cinderace|U-turn|p1a: Dondozo\n|-start|p2a: Cinderace|typechange|Bug|[from] ability: Libero\n|-crit|p1a: Dondozo\n|-damage|p1a: Dondozo|53\/100\n|\n|t:|1700111213\n|switch|p2a: Rotom|Rotom-Wash, shiny|82\/100|[from] U-turn\n|\n|-heal|p2a: Rotom|89\/100|[from] item: Leftovers\n|-heal|p1a: Dondozo|59\/100|[from] Grassy Terrain\n|-heal|p1a: Dondozo|66\/100|[from] item: Leftovers\n|upkeep\n|turn|51\n|\n|t:|1700111224\n|move|p1a: Dondozo|Protect|p1a: Dondozo\n|-singleturn|p1a: Dondozo|Protect\n|move|p2a: Rotom|Thunderbolt|p1a: Dondozo\n|-activate|p1a: Dondozo|move: Protect\n|\n|-heal|p2a: Rotom|95\/100|[from] item: Leftovers\n|-heal|p1a: Dondozo|72\/100|[from] Grassy Terrain\n|-heal|p1a: Dondozo|78\/100|[from] item: Leftovers\n|upkeep\n|turn|52\n|c| SpaceBear9|yo garchomp\n|\n|t:|1700111236\n|switch|p1a: Rillaboom|Rillaboom, F|80\/100 par\n|move|p2a: Rotom|Thunderbolt|p1a: Rillaboom\n|-resisted|p1a: Rillaboom\n|-damage|p1a: Rillaboom|69\/100 par\n|\n|-heal|p2a: Rotom|100\/100|[from] item: Leftovers\n|-heal|p1a: Rillaboom|75\/100 par|[from] Grassy Terrain\n|-fieldend|move: Grassy Terrain\n|upkeep\n|turn|53\n|\n|t:|1700111248\n|move|p2a: Rotom|Volt Switch|p1a: Rillaboom\n|-resisted|p1a: Rillaboom\n|-damage|p1a: Rillaboom|68\/100 par\n|\n|t:|1700111252\n|switch|p2a: Cinderace|Cinderace, F|40\/100|[from] Volt Switch\n|move|p1a: Rillaboom|Wood Hammer|p2a: Cinderace\n|-resisted|p2a: Cinderace\n|-damage|p2a: Cinderace|0 fnt\n|faint|p2a: Cinderace\n|-damage|p1a: Rillaboom|57\/100 par|[from] Recoil\n|\n|upkeep\n|\n|t:|1700111262\n|switch|p2a: Kingambit|Kingambit, M|16\/100\n|-activate|p2a: Kingambit|ability: Supreme Overlord\n|-start|p2a: Kingambit|fallen4|[silent]\n|turn|54\n|\n|t:|1700111306\n|switch|p1a: Dondozo|Dondozo, M|78\/100\n|move|p2a: Kingambit|Sucker Punch||[still]\n|-fail|p2a: Kingambit\n|\n|-heal|p2a: Kingambit|22\/100|[from] item: Leftovers\n|-heal|p1a: Dondozo|84\/100|[from] item: Leftovers\n|upkeep\n|turn|55\n|\n|t:|1700111346\n|move|p2a: Kingambit|Low Kick|p1a: Dondozo\n|-damage|p1a: Dondozo|57\/100\n|move|p1a: Dondozo|Substitute|p1a: Dondozo\n|-start|p1a: Dondozo|Substitute\n|-damage|p1a: Dondozo|32\/100\n|\n|-heal|p2a: Kingambit|29\/100|[from] item: Leftovers\n|-heal|p1a: Dondozo|38\/100|[from] item: Leftovers\n|upkeep\n|turn|56\n|\n|t:|1700111355\n|-end|p2a: Kingambit|fallen4|[silent]\n|switch|p2a: Rotom|Rotom-Wash, shiny|100\/100\n|move|p1a: Dondozo|Body Press|p2a: Rotom\n|-damage|p2a: Rotom|78\/100\n|\n|-heal|p2a: Rotom|85\/100|[from] item: Leftovers\n|-heal|p1a: Dondozo|44\/100|[from] item: Leftovers\n|upkeep\n|turn|57\n|\n|t:|1700111369\n|move|p1a: Dondozo|Protect|p1a: Dondozo\n|-singleturn|p1a: Dondozo|Protect\n|move|p2a: Rotom|Hydro Pump|p1a: Dondozo\n|-activate|p1a: Dondozo|move: Protect\n|\n|-heal|p2a: Rotom|91\/100|[from] item: Leftovers\n|-heal|p1a: Dondozo|50\/100|[from] item: Leftovers\n|upkeep\n|turn|58\n|\n|t:|1700111384\n|move|p2a: Rotom|Protect|p2a: Rotom\n|-singleturn|p2a: Rotom|Protect\n|move|p1a: Dondozo|Body Press|p2a: Rotom\n|-activate|p2a: Rotom|move: Protect\n|\n|-heal|p2a: Rotom|97\/100|[from] item: Leftovers\n|-heal|p1a: Dondozo|57\/100|[from] item: Leftovers\n|upkeep\n|turn|59\n|\n|t:|1700111397\n|move|p1a: Dondozo|Protect|p1a: Dondozo\n|-singleturn|p1a: Dondozo|Protect\n|move|p2a: Rotom|Thunderbolt|p1a: Dondozo\n|-activate|p1a: Dondozo|move: Protect\n|\n|-heal|p2a: Rotom|100\/100|[from] item: Leftovers\n|-heal|p1a: Dondozo|63\/100|[from] item: Leftovers\n|upkeep\n|turn|60\n|\n|t:|1700111406\n|move|p2a: Rotom|Protect|p2a: Rotom\n|-singleturn|p2a: Rotom|Protect\n|move|p1a: Dondozo|Body Press|p2a: Rotom\n|-activate|p2a: Rotom|move: Protect\n|\n|-heal|p1a: Dondozo|69\/100|[from] item: Leftovers\n|upkeep\n|turn|61\n|\n|t:|1700111414\n|move|p1a: Dondozo|Protect|p1a: Dondozo\n|-singleturn|p1a: Dondozo|Protect\n|move|p2a: Rotom|Thunderbolt|p1a: Dondozo\n|-activate|p1a: Dondozo|move: Protect\n|\n|-heal|p1a: Dondozo|75\/100|[from] item: Leftovers\n|upkeep\n|turn|62\n|\n|t:|1700111426\n|move|p2a: Rotom|Thunderbolt|p1a: Dondozo\n|-supereffective|p1a: Dondozo\n|-end|p1a: Dondozo|Substitute\n|move|p1a: Dondozo|Body Press|p2a: Rotom\n|-damage|p2a: Rotom|78\/100\n|\n|-heal|p2a: Rotom|84\/100|[from] item: Leftovers\n|-heal|p1a: Dondozo|81\/100|[from] item: Leftovers\n|upkeep\n|turn|63\n|\n|t:|1700111436\n|switch|p1a: Rillaboom|Rillaboom, F|57\/100 par\n|-fieldstart|move: Grassy Terrain|[from] ability: Grassy Surge|[of] p1a: Rillaboom\n|move|p2a: Rotom|Thunderbolt|p1a: Rillaboom\n|-resisted|p1a: Rillaboom\n|-damage|p1a: Rillaboom|47\/100 par\n|\n|-heal|p2a: Rotom|90\/100|[from] item: Leftovers\n|-heal|p1a: Rillaboom|53\/100 par|[from] Grassy Terrain\n|upkeep\n|turn|64\n|\n|t:|1700111473\n|move|p2a: Rotom|Volt Switch|p1a: Rillaboom\n|-resisted|p1a: Rillaboom\n|-damage|p1a: Rillaboom|45\/100 par\n|\n|t:|1700111477\n|switch|p2a: Kingambit|Kingambit, M|29\/100|[from] Volt Switch\n|-activate|p2a: Kingambit|ability: Supreme Overlord\n|-start|p2a: Kingambit|fallen4|[silent]\n|move|p1a: Rillaboom|Wood Hammer|p2a: Kingambit\n|-resisted|p2a: Kingambit\n|-crit|p2a: Kingambit\n|-damage|p2a: Kingambit|0 fnt\n|faint|p2a: Kingambit\n|-end|p2a: Kingambit|fallen4|[silent]\n|-damage|p1a: Rillaboom|37\/100 par|[from] Recoil\n|\n|-heal|p1a: Rillaboom|43\/100 par|[from] Grassy Terrain\n|upkeep\n|\n|t:|1700111488\n|switch|p2a: Rotom|Rotom-Wash, shiny|90\/100\n|turn|65\n|\n|t:|1700111493\n|move|p2a: Rotom|Thunderbolt|p1a: Rillaboom\n|-resisted|p1a: Rillaboom\n|-damage|p1a: Rillaboom|32\/100 par\n|move|p1a: Rillaboom|Wood Hammer|p2a: Rotom\n|-supereffective|p2a: Rotom\n|-damage|p2a: Rotom|0 fnt\n|faint|p2a: Rotom\n|-damage|p1a: Rillaboom|8\/100 par|[from] Recoil\n|\n|win|TurboKaiSm64\n|c|\u2606cazz23|gg\n|c|\u2606TurboKaiSm64|gg\n","uploadtime":1700111507,"views":8,"p1id":"turbokaism64","p2id":"cazz23","formatid":"gen9ou","rating":0,"private":0,"password":""}