{"id":"gen9ou-2000563937","p1":"arielk","p2":"reddo161","format":"[Gen 9] OU","log":"|j|\u2606arielk\n|j|\u2606reddo161\n|t:|1701205717\n|gametype|singles\n|player|p1|arielk|rika|\n|player|p2|reddo161|silver-masters|\n|teamsize|p1|6\n|teamsize|p2|6\n|gen|9\n|tier|[Gen 9] OU\n|rule|Sleep Clause Mod: Limit one foe put to sleep\n|rule|Species Clause: Limit one of each Pok\u00e9mon\n|rule|OHKO Clause: OHKO moves are banned\n|rule|Evasion Items Clause: Evasion items are banned\n|rule|Evasion Moves Clause: Evasion moves are banned\n|rule|Endless Battle Clause: Forcing endless battles is banned\n|rule|HP Percentage Mod: HP is shown in percentages\n|clearpoke\n|poke|p1|Rillaboom, F|\n|poke|p1|Sneasler, M|\n|poke|p1|Zamazenta-*|\n|poke|p1|Manaphy|\n|poke|p1|Heatran, F|\n|poke|p1|Hatterene, F|\n|poke|p2|Clefable, M|\n|poke|p2|Milotic, F|\n|poke|p2|Mandibuzz, F|\n|poke|p2|Skeledirge, M|\n|poke|p2|Dragapult, F|\n|poke|p2|Garchomp, M|\n|teampreview\n|c|\u2606reddo161|gl hf\n|c|\u2606arielk|u2\n|\n|t:|1701205793\n|start\n|switch|p1a: Rillaboom|Rillaboom, F|100\/100\n|switch|p2a: Dragapult|Dragapult, F|100\/100\n|-fieldstart|move: Grassy Terrain|[from] ability: Grassy Surge|[of] p1a: Rillaboom\n|turn|1\n|\n|t:|1701205851\n|switch|p1a: Heatran|Heatran, F|100\/100\n|-item|p1a: Heatran|Air Balloon\n|move|p2a: Dragapult|U-turn|p1a: Heatran\n|-resisted|p1a: Heatran\n|-damage|p1a: Heatran|97\/100\n|-enditem|p1a: Heatran|Air Balloon\n|j| empoleon9000\n|\n|t:|1701205879\n|switch|p2a: Milotic|Milotic, F|100\/100|[from] U-turn\n|\n|-heal|p1a: Heatran|100\/100|[from] Grassy Terrain\n|upkeep\n|turn|2\n|\n|t:|1701205889\n|switch|p1a: Rillaboom|Rillaboom, F|100\/100\n|move|p2a: Milotic|Scald|p1a: Rillaboom\n|-resisted|p1a: Rillaboom\n|-damage|p1a: Rillaboom|84\/100\n|-status|p1a: Rillaboom|brn\n|\n|-heal|p1a: Rillaboom|91\/100 brn|[from] Grassy Terrain\n|-damage|p1a: Rillaboom|84\/100 brn|[from] brn\n|upkeep\n|turn|3\n|\n|t:|1701205900\n|switch|p2a: Clefable|Clefable, M|100\/100\n|move|p1a: Rillaboom|Knock Off|p2a: Clefable\n|-resisted|p2a: Clefable\n|-damage|p2a: Clefable|89\/100\n|-enditem|p2a: Clefable|Sticky Barb|[from] move: Knock Off|[of] p1a: Rillaboom\n|\n|-heal|p1a: Rillaboom|91\/100 brn|[from] Grassy Terrain\n|-heal|p2a: Clefable|95\/100|[from] Grassy Terrain\n|-damage|p1a: Rillaboom|84\/100 brn|[from] brn\n|upkeep\n|turn|4\n|\n|t:|1701205913\n|switch|p1a: Heatran|Heatran, F|100\/100\n|move|p2a: Clefable|Moonblast|p1a: Heatran\n|-resisted|p1a: Heatran\n|-crit|p1a: Heatran\n|-damage|p1a: Heatran|94\/100\n|\n|-heal|p1a: Heatran|99\/100|[from] Grassy Terrain\n|-heal|p2a: Clefable|100\/100|[from] Grassy Terrain\n|upkeep\n|turn|5\n|\n|t:|1701205929\n|switch|p2a: Garchomp|Garchomp, M|100\/100\n|move|p1a: Heatran|Magma Storm|p2a: Garchomp\n|-resisted|p2a: Garchomp\n|-damage|p2a: Garchomp|82\/100\n|-activate|p2a: Garchomp|move: Magma Storm|[of] p1a: Heatran\n|\n|-heal|p2a: Garchomp|88\/100|[from] Grassy Terrain\n|-heal|p2a: Garchomp|94\/100|[from] item: Leftovers\n|-heal|p1a: Heatran|100\/100|[from] Grassy Terrain\n|-damage|p2a: Garchomp|82\/100|[from] move: Magma Storm|[partiallytrapped]\n|-fieldend|move: Grassy Terrain\n|upkeep\n|turn|6\n|\n|t:|1701205945\n|switch|p1a: Hatterene|Hatterene, F|100\/100\n|move|p2a: Garchomp|Spikes|p1a: Hatterene\n|move|p1a: Hatterene|Spikes|p2a: Garchomp|[from]ability: Magic Bounce\n|-sidestart|p2: reddo161|Spikes\n|\n|-heal|p2a: Garchomp|88\/100|[from] item: Leftovers\n|-end|p2a: Garchomp|Magma Storm|[partiallytrapped]|[silent]\n|upkeep\n|turn|7\n|\n|t:|1701205964\n|switch|p2a: Milotic|Milotic, F|100\/100\n|switch|p1a: Rillaboom|Rillaboom, F|84\/100 brn\n|-fieldstart|move: Grassy Terrain|[from] ability: Grassy Surge|[of] p1a: Rillaboom\n|\n|-heal|p1a: Rillaboom|91\/100 brn|[from] Grassy Terrain\n|-damage|p1a: Rillaboom|84\/100 brn|[from] brn\n|upkeep\n|turn|8\n|\n|t:|1701205976\n|switch|p2a: Clefable|Clefable, M|100\/100\n|move|p1a: Rillaboom|Wood Hammer|p2a: Clefable\n|-damage|p2a: Clefable|51\/100\n|-damage|p1a: Rillaboom|67\/100 brn|[from] Recoil\n|\n|-heal|p1a: Rillaboom|73\/100 brn|[from] Grassy Terrain\n|-heal|p2a: Clefable|57\/100|[from] Grassy Terrain\n|-damage|p1a: Rillaboom|67\/100 brn|[from] brn\n|upkeep\n|turn|9\n|\n|t:|1701205983\n|move|p1a: Rillaboom|Wood Hammer|p2a: Clefable\n|-damage|p2a: Clefable|5\/100\n|-damage|p1a: Rillaboom|49\/100 brn|[from] Recoil\n|move|p2a: Clefable|Moonlight|p2a: Clefable\n|-heal|p2a: Clefable|54\/100\n|\n|-heal|p1a: Rillaboom|55\/100 brn|[from] Grassy Terrain\n|-heal|p2a: Clefable|61\/100|[from] Grassy Terrain\n|-damage|p1a: Rillaboom|49\/100 brn|[from] brn\n|upkeep\n|turn|10\n|\n|t:|1701205991\n|switch|p1a: Heatran|Heatran, F|100\/100\n|move|p2a: Clefable|Stealth Rock|p1a: Heatran\n|-sidestart|p1: arielk|move: Stealth Rock\n|\n|-heal|p2a: Clefable|67\/100|[from] Grassy Terrain\n|upkeep\n|turn|11\n|\n|t:|1701205999\n|switch|p2a: Garchomp|Garchomp, M|88\/100\n|-damage|p2a: Garchomp|76\/100|[from] Spikes\n|move|p1a: Heatran|Will-O-Wisp|p2a: Garchomp\n|-status|p2a: Garchomp|brn\n|\n|-heal|p2a: Garchomp|82\/100 brn|[from] Grassy Terrain\n|-heal|p2a: Garchomp|88\/100 brn|[from] item: Leftovers\n|-damage|p2a: Garchomp|82\/100 brn|[from] brn\n|-fieldend|move: Grassy Terrain\n|upkeep\n|turn|12\n|\n|t:|1701206009\n|switch|p1a: Rillaboom|Rillaboom, F|49\/100 brn\n|-damage|p1a: Rillaboom|37\/100 brn|[from] Stealth Rock\n|-fieldstart|move: Grassy Terrain|[from] ability: Grassy Surge|[of] p1a: Rillaboom\n|move|p2a: Garchomp|Earthquake|p1a: Rillaboom\n|-resisted|p1a: Rillaboom\n|-damage|p1a: Rillaboom|31\/100 brn\n|\n|-heal|p2a: Garchomp|88\/100 brn|[from] Grassy Terrain\n|-heal|p2a: Garchomp|94\/100 brn|[from] item: Leftovers\n|-heal|p1a: Rillaboom|37\/100 brn|[from] Grassy Terrain\n|-damage|p2a: Garchomp|88\/100 brn|[from] brn\n|-damage|p1a: Rillaboom|31\/100 brn|[from] brn\n|upkeep\n|turn|13\n|\n|t:|1701206016\n|switch|p1a: Hatterene|Hatterene, F|100\/100\n|-damage|p1a: Hatterene|88\/100|[from] Stealth Rock\n|-enditem|p1a: Hatterene|Grassy Seed\n|-boost|p1a: Hatterene|def|1|[from] item: Grassy Seed\n|move|p2a: Garchomp|Protect||[still]\n|-fail|p2a: Garchomp\n|\n|-heal|p2a: Garchomp|94\/100 brn|[from] Grassy Terrain\n|-heal|p2a: Garchomp|100\/100 brn|[from] item: Leftovers\n|-heal|p1a: Hatterene|94\/100|[from] Grassy Terrain\n|-damage|p2a: Garchomp|94\/100 brn|[from] brn\n|upkeep\n|turn|14\n|\n|t:|1701206022\n|switch|p2a: Milotic|Milotic, F|100\/100\n|move|p1a: Hatterene|Calm Mind|p1a: Hatterene\n|-boost|p1a: Hatterene|spa|1\n|-boost|p1a: Hatterene|spd|1\n|\n|-heal|p1a: Hatterene|99\/100|[from] Grassy Terrain\n|upkeep\n|turn|15\n|\n|t:|1701206031\n|move|p2a: Milotic|Haze|p2a: Milotic\n|-clearallboost\n|move|p1a: Hatterene|Calm Mind|p1a: Hatterene\n|-boost|p1a: Hatterene|spa|1\n|-boost|p1a: Hatterene|spd|1\n|\n|-heal|p1a: Hatterene|100\/100|[from] Grassy Terrain\n|upkeep\n|turn|16\n|\n|t:|1701206036\n|move|p2a: Milotic|Scald|p1a: Hatterene\n|-damage|p1a: Hatterene|83\/100\n|move|p1a: Hatterene|Nuzzle|p2a: Milotic\n|-supereffective|p2a: Milotic\n|-damage|p2a: Milotic|93\/100\n|-status|p2a: Milotic|par\n|\n|-heal|p2a: Milotic|99\/100 par|[from] Grassy Terrain\n|-heal|p1a: Hatterene|89\/100|[from] Grassy Terrain\n|-fieldend|move: Grassy Terrain\n|upkeep\n|turn|17\n|\n|t:|1701206041\n|move|p2a: Milotic|Haze|p2a: Milotic\n|-clearallboost\n|move|p1a: Hatterene|Draining Kiss|p2a: Milotic\n|-damage|p2a: Milotic|86\/100 par\n|-heal|p1a: Hatterene|100\/100|[from] drain|[of] p2a: Milotic\n|\n|upkeep\n|turn|18\n|\n|t:|1701206046\n|move|p2a: Milotic|Scald|p1a: Hatterene\n|-damage|p1a: Hatterene|71\/100\n|move|p1a: Hatterene|Psyshock|p2a: Milotic\n|-crit|p2a: Milotic\n|-damage|p2a: Milotic|50\/100 par\n|\n|upkeep\n|turn|19\n|\n|t:|1701206053\n|switch|p1a: Rillaboom|Rillaboom, F|31\/100 brn\n|-damage|p1a: Rillaboom|19\/100 brn|[from] Stealth Rock\n|-fieldstart|move: Grassy Terrain|[from] ability: Grassy Surge|[of] p1a: Rillaboom\n|move|p2a: Milotic|Recover|p2a: Milotic\n|-heal|p2a: Milotic|99\/100 par\n|\n|-heal|p1a: Rillaboom|25\/100 brn|[from] Grassy Terrain\n|-heal|p2a: Milotic|100\/100 par|[from] Grassy Terrain\n|-damage|p1a: Rillaboom|19\/100 brn|[from] brn\n|upkeep\n|turn|20\n|\n|t:|1701206071\n|switch|p2a: Clefable|Clefable, M|67\/100\n|move|p1a: Rillaboom|Wood Hammer|p2a: Clefable\n|-damage|p2a: Clefable|19\/100\n|-damage|p1a: Rillaboom|2\/100 brn|[from] Recoil\n|\n|-heal|p1a: Rillaboom|8\/100 brn|[from] Grassy Terrain\n|-heal|p2a: Clefable|25\/100|[from] Grassy Terrain\n|-damage|p1a: Rillaboom|2\/100 brn|[from] brn\n|upkeep\n|turn|21\n|\n|t:|1701206089\n|switch|p1a: Heatran|Heatran, F|100\/100\n|-damage|p1a: Heatran|88\/100|[from] Stealth Rock\n|switch|p2a: Mandibuzz|Mandibuzz, F|100\/100\n|\n|-heal|p1a: Heatran|94\/100|[from] Grassy Terrain\n|upkeep\n|turn|22\n|\n|t:|1701206100\n|switch|p2a: Garchomp|Garchomp, M|94\/100 brn\n|-damage|p2a: Garchomp|82\/100 brn|[from] Spikes\n|move|p1a: Heatran|Magma Storm|p2a: Garchomp\n|-resisted|p2a: Garchomp\n|-damage|p2a: Garchomp|64\/100 brn\n|-activate|p2a: Garchomp|move: Magma Storm|[of] p1a: Heatran\n|\n|-heal|p2a: Garchomp|70\/100 brn|[from] Grassy Terrain\n|-heal|p2a: Garchomp|76\/100 brn|[from] item: Leftovers\n|-heal|p1a: Heatran|100\/100|[from] Grassy Terrain\n|-damage|p2a: Garchomp|70\/100 brn|[from] brn\n|-damage|p2a: Garchomp|57\/100 brn|[from] move: Magma Storm|[partiallytrapped]\n|upkeep\n|turn|23\n|\n|t:|1701206119\n|switch|p1a: Manaphy|Manaphy|100\/100\n|-damage|p1a: Manaphy|88\/100|[from] Stealth Rock\n|move|p2a: Garchomp|Earthquake|p1a: Manaphy\n|-damage|p1a: Manaphy|79\/100\n|\n|-heal|p2a: Garchomp|64\/100 brn|[from] Grassy Terrain\n|-heal|p2a: Garchomp|70\/100 brn|[from] item: Leftovers\n|-heal|p1a: Manaphy|86\/100|[from] Grassy Terrain\n|-damage|p2a: Garchomp|64\/100 brn|[from] brn\n|-end|p2a: Garchomp|Magma Storm|[partiallytrapped]|[silent]\n|-fieldend|move: Grassy Terrain\n|upkeep\n|turn|24\n|\n|t:|1701206129\n|move|p1a: Manaphy|Ice Beam|p2a: Garchomp\n|-supereffective|p2a: Garchomp\n|-damage|p2a: Garchomp|0 fnt\n|faint|p2a: Garchomp\n|\n|upkeep\n|\n|t:|1701206150\n|switch|p2a: Milotic|Milotic, F|100\/100 par\n|turn|25\n|\n|t:|1701206154\n|move|p1a: Manaphy|Tail Glow|p1a: Manaphy\n|-boost|p1a: Manaphy|spa|3\n|cant|p2a: Milotic|par\n|\n|upkeep\n|turn|26\n|\n|t:|1701206165\n|move|p1a: Manaphy|Energy Ball|p2a: Milotic\n|-supereffective|p2a: Milotic\n|-damage|p2a: Milotic|41\/100 par\n|move|p2a: Milotic|Mirror Coat|p1a: Manaphy\n|-damage|p1a: Manaphy|0 fnt\n|faint|p1a: Manaphy\n|\n|upkeep\n|c|\u2606arielk|ah\n|\n|t:|1701206207\n|switch|p1a: Zamazenta|Zamazenta|100\/100\n|-damage|p1a: Zamazenta|94\/100|[from] Stealth Rock\n|-ability|p1a: Zamazenta|Dauntless Shield|boost\n|-boost|p1a: Zamazenta|def|1\n|turn|27\n|\n|t:|1701206233\n|move|p1a: Zamazenta|Body Press|p2a: Milotic\n|-damage|p2a: Milotic|2\/100 par\n|move|p2a: Milotic|Recover|p2a: Milotic\n|-heal|p2a: Milotic|52\/100 par\n|\n|-heal|p1a: Zamazenta|100\/100|[from] item: Leftovers\n|upkeep\n|turn|28\n|\n|t:|1701206259\n|move|p1a: Zamazenta|Body Press|p2a: Milotic\n|-damage|p2a: Milotic|13\/100 par\n|move|p2a: Milotic|Recover|p2a: Milotic\n|-heal|p2a: Milotic|63\/100 par\n|\n|upkeep\n|turn|29\n|\n|t:|1701206265\n|switch|p2a: Clefable|Clefable, M|25\/100\n|move|p1a: Zamazenta|Body Press|p2a: Clefable\n|-resisted|p2a: Clefable\n|-damage|p2a: Clefable|1\/100\n|\n|upkeep\n|turn|30\n|\n|t:|1701206273\n|move|p1a: Zamazenta|Crunch|p2a: Clefable\n|-resisted|p2a: Clefable\n|-damage|p2a: Clefable|0 fnt\n|faint|p2a: Clefable\n|\n|upkeep\n|\n|t:|1701206295\n|switch|p2a: Skeledirge|Skeledirge, M|100\/100\n|turn|31\n|\n|t:|1701206303\n|switch|p1a: Heatran|Heatran, F|100\/100\n|-damage|p1a: Heatran|88\/100|[from] Stealth Rock\n|move|p2a: Skeledirge|Torch Song|p1a: Heatran\n|-start|p1a: Heatran|ability: Flash Fire\n|\n|upkeep\n|turn|32\n|\n|t:|1701206321\n|move|p1a: Heatran|Magma Storm|p2a: Skeledirge\n|-resisted|p2a: Skeledirge\n|-damage|p2a: Skeledirge|75\/100\n|-activate|p2a: Skeledirge|move: Magma Storm|[of] p1a: Heatran\n|move|p2a: Skeledirge|Hex|p1a: Heatran\n|-damage|p1a: Heatran|74\/100\n|\n|-damage|p2a: Skeledirge|63\/100|[from] move: Magma Storm|[partiallytrapped]\n|upkeep\n|turn|33\n|\n|t:|1701206329\n|move|p1a: Heatran|Taunt|p2a: Skeledirge\n|-start|p2a: Skeledirge|move: Taunt\n|cant|p2a: Skeledirge|move: Taunt|Slack Off\n|\n|-damage|p2a: Skeledirge|50\/100|[from] move: Magma Storm|[partiallytrapped]\n|upkeep\n|turn|34\n|\n|t:|1701206332\n|move|p1a: Heatran|Earth Power|p2a: Skeledirge\n|-supereffective|p2a: Skeledirge\n|-damage|p2a: Skeledirge|6\/100\n|move|p2a: Skeledirge|Hex|p1a: Heatran\n|-damage|p1a: Heatran|59\/100\n|\n|-damage|p2a: Skeledirge|0 fnt|[from] move: Magma Storm|[partiallytrapped]\n|faint|p2a: Skeledirge\n|upkeep\n|c|\u2606reddo161|wait\n|c|\u2606reddo161|i misclicked\n|c|\u2606reddo161|i wanted to switch lmao\n|\n|t:|1701206346\n|switch|p2a: Milotic|Milotic, F|63\/100 par\n|turn|35\n|c|\u2606arielk|:(\n|\n|t:|1701206371\n|move|p1a: Heatran|Magma Storm|p2a: Milotic\n|-resisted|p2a: Milotic\n|-damage|p2a: Milotic|46\/100 par\n|-activate|p2a: Milotic|move: Magma Storm|[of] p1a: Heatran\n|move|p2a: Milotic|Recover|p2a: Milotic\n|-heal|p2a: Milotic|96\/100 par\n|\n|-damage|p2a: Milotic|84\/100 par|[from] move: Magma Storm|[partiallytrapped]\n|upkeep\n|turn|36\n|\n|t:|1701206380\n|move|p1a: Heatran|Taunt|p2a: Milotic\n|-start|p2a: Milotic|move: Taunt\n|move|p2a: Milotic|Scald|p1a: Heatran\n|-supereffective|p1a: Heatran\n|-damage|p1a: Heatran|24\/100\n|\n|-damage|p2a: Milotic|71\/100 par|[from] move: Magma Storm|[partiallytrapped]\n|upkeep\n|turn|37\n|\n|t:|1701206395\n|move|p1a: Heatran|Earth Power|p2a: Milotic\n|-damage|p2a: Milotic|57\/100 par\n|cant|p2a: Milotic|par\n|\n|-damage|p2a: Milotic|44\/100 par|[from] move: Magma Storm|[partiallytrapped]\n|upkeep\n|turn|38\n|\n|t:|1701206400\n|move|p1a: Heatran|Earth Power|p2a: Milotic\n|-damage|p2a: Milotic|28\/100 par\n|move|p2a: Milotic|Scald|p1a: Heatran\n|-supereffective|p1a: Heatran\n|-damage|p1a: Heatran|0 fnt\n|faint|p1a: Heatran\n|\n|-end|p2a: Milotic|Magma Storm|[partiallytrapped]|[silent]\n|-end|p2a: Milotic|move: Taunt\n|upkeep\n|\n|t:|1701206412\n|switch|p1a: Sneasler|Sneasler, M|100\/100\n|-damage|p1a: Sneasler|94\/100|[from] Stealth Rock\n|turn|39\n|\n|t:|1701206419\n|switch|p2a: Mandibuzz|Mandibuzz, F|100\/100\n|move|p1a: Sneasler|Swords Dance|p1a: Sneasler\n|-boost|p1a: Sneasler|atk|2\n|\n|upkeep\n|turn|40\n|\n|t:|1701206460\n|switch|p1a: Rillaboom|Rillaboom, F|2\/100 brn\n|-damage|p1a: Rillaboom|0 fnt|[from] Stealth Rock\n|faint|p1a: Rillaboom\n|move|p2a: Mandibuzz|Foul Play|p1: Rillaboom|[notarget]\n|-fail|p2a: Mandibuzz\n|\n|upkeep\n|\n|t:|1701206463\n|switch|p1a: Zamazenta|Zamazenta|100\/100\n|-damage|p1a: Zamazenta|94\/100|[from] Stealth Rock\n|turn|41\n|\n|t:|1701206476\n|switch|p2a: Dragapult|Dragapult, F|100\/100\n|move|p1a: Zamazenta|Iron Defense|p1a: Zamazenta\n|-boost|p1a: Zamazenta|def|2\n|\n|-heal|p1a: Zamazenta|100\/100|[from] item: Leftovers\n|upkeep\n|turn|42\n|\n|t:|1701206485\n|move|p2a: Dragapult|Will-O-Wisp|p1a: Zamazenta\n|-status|p1a: Zamazenta|brn\n|move|p1a: Zamazenta|Crunch|p2a: Dragapult\n|-supereffective|p2a: Dragapult\n|-damage|p2a: Dragapult|69\/100\n|\n|-damage|p1a: Zamazenta|94\/100 brn|[from] brn\n|upkeep\n|turn|43\n|\n|t:|1701206492\n|move|p2a: Dragapult|Hex|p1a: Zamazenta\n|-damage|p1a: Zamazenta|48\/100 brn\n|move|p1a: Zamazenta|Iron Defense|p1a: Zamazenta\n|-boost|p1a: Zamazenta|def|2\n|\n|-heal|p1a: Zamazenta|55\/100 brn|[from] item: Leftovers\n|-damage|p1a: Zamazenta|48\/100 brn|[from] brn\n|upkeep\n|turn|44\n|\n|t:|1701206500\n|move|p2a: Dragapult|Hex|p1a: Zamazenta\n|-damage|p1a: Zamazenta|0 fnt\n|faint|p1a: Zamazenta\n|\n|upkeep\n|\n|t:|1701206505\n|switch|p1a: Hatterene|Hatterene, F|71\/100\n|-damage|p1a: Hatterene|59\/100|[from] Stealth Rock\n|turn|45\n|\n|t:|1701206515\n|move|p2a: Dragapult|Hex|p1a: Hatterene\n|-supereffective|p1a: Hatterene\n|-damage|p1a: Hatterene|2\/100\n|move|p1a: Hatterene|Draining Kiss|p2a: Dragapult\n|-supereffective|p2a: Dragapult\n|-damage|p2a: Dragapult|9\/100\n|-heal|p1a: Hatterene|46\/100|[from] drain|[of] p2a: Dragapult\n|\n|upkeep\n|turn|46\n|\n|t:|1701206520\n|move|p2a: Dragapult|Hex|p1a: Hatterene\n|-supereffective|p1a: Hatterene\n|-damage|p1a: Hatterene|0 fnt\n|faint|p1a: Hatterene\n|\n|upkeep\n|\n|t:|1701206523\n|switch|p1a: Sneasler|Sneasler, M|94\/100\n|-damage|p1a: Sneasler|88\/100|[from] Stealth Rock\n|turn|47\n|c|\u2606arielk|well i misclicked too in the end\n|c|\u2606reddo161|rippp\n|c|\u2606arielk|for a sec i was like oh it doesnt matter but it did\n|c|\u2606reddo161|what did u mean to click\n|c|\u2606arielk|oh well we traded misclicks it ok\n|c|\u2606arielk|crunch\n|c|\u2606reddo161|ah\n|\n|t:|1701206556\n|-terastallize|p1a: Sneasler|Dark\n|move|p2a: Dragapult|Hex|p1a: Sneasler\n|-resisted|p1a: Sneasler\n|-damage|p1a: Sneasler|71\/100\n|move|p1a: Sneasler|Lash Out|p2a: Dragapult\n|-supereffective|p2a: Dragapult\n|-damage|p2a: Dragapult|0 fnt\n|faint|p2a: Dragapult\n|\n|upkeep\n|c|\u2606arielk|oh?\n|c|\u2606arielk|no wisp?\n|c|\u2606reddo161|i just want guaranteed damage\n|\n|t:|1701206571\n|switch|p2a: Mandibuzz|Mandibuzz, F|100\/100\n|turn|48\n|\n|t:|1701206574\n|move|p1a: Sneasler|Swords Dance|p1a: Sneasler\n|-boost|p1a: Sneasler|atk|2\n|move|p2a: Mandibuzz|Iron Defense|p2a: Mandibuzz\n|-boost|p2a: Mandibuzz|def|2\n|\n|upkeep\n|turn|49\n|c|\u2606arielk|oh wth is this\n|\n|t:|1701206581\n|move|p1a: Sneasler|Swords Dance|p1a: Sneasler\n|-boost|p1a: Sneasler|atk|2\n|move|p2a: Mandibuzz|Foul Play|p1a: Sneasler\n|-resisted|p1a: Sneasler\n|-damage|p1a: Sneasler|0 fnt\n|faint|p1a: Sneasler\n|\n|win|reddo161\n|c|\u2606reddo161|lmao\n|c|\u2606arielk|ggs\n|l|\u2606arielk\n|c|\u2606reddo161|gg\n|l| empoleon9000\n|j| empoleon9000\n","uploadtime":1701206595,"views":1,"p1id":"arielk","p2id":"reddo161","formatid":"gen9ou","rating":0,"private":0,"password":""}