{"id":"gen9ou-1998373753","p1":"prayerule","p2":"Legendary crybaby","format":"[Gen 9] OU","log":"|j|\u2606prayerule\n|j|\u2606Legendary crybaby\n|t:|1700935142\n|gametype|singles\n|player|p1|prayerule|koga|1155\n|player|p2|Legendary crybaby|265|1084\n|teamsize|p1|6\n|teamsize|p2|6\n|gen|9\n|tier|[Gen 9] OU\n|rated|\n|rule|Sleep Clause Mod: Limit one foe put to sleep\n|rule|Species Clause: Limit one of each Pok\u00e9mon\n|rule|OHKO Clause: OHKO moves are banned\n|rule|Evasion Items Clause: Evasion items are banned\n|rule|Evasion Moves Clause: Evasion moves are banned\n|rule|Endless Battle Clause: Forcing endless battles is banned\n|rule|HP Percentage Mod: HP is shown in percentages\n|clearpoke\n|poke|p1|Rillaboom, M|\n|poke|p1|Zamazenta-*|\n|poke|p1|Manaphy|\n|poke|p1|Heatran, M|\n|poke|p1|Hatterene, F|\n|poke|p1|Dragonite, F|\n|poke|p2|Grimmsnarl, M|\n|poke|p2|Grafaiai, M|\n|poke|p2|Quaquaval, M|\n|poke|p2|Scizor, M|\n|poke|p2|Drifblim, M|\n|poke|p2|Gardevoir, F|\n|teampreview\n|\n|t:|1700935153\n|start\n|switch|p1a: Heatran|Heatran, M|100\/100\n|switch|p2a: Straight Trollin|Grimmsnarl, M|100\/100\n|-item|p1a: Heatran|Air Balloon\n|turn|1\n|\n|t:|1700935159\n|move|p2a: Straight Trollin|Thunder Wave|p1a: Heatran\n|-status|p1a: Heatran|par\n|move|p1a: Heatran|Taunt|p2a: Straight Trollin\n|-start|p2a: Straight Trollin|move: Taunt\n|\n|upkeep\n|turn|2\n|\n|t:|1700935171\n|switch|p2a: Trolldier|Quaquaval, M|100\/100\n|move|p1a: Heatran|Will-O-Wisp|p2a: Trolldier\n|-status|p2a: Trolldier|brn\n|\n|-damage|p2a: Trolldier|94\/100 brn|[from] brn\n|upkeep\n|turn|3\n|\n|t:|1700935197\n|move|p2a: Trolldier|Aqua Step|p1a: Heatran\n|-supereffective|p1a: Heatran\n|-damage|p1a: Heatran|65\/100 par\n|-boost|p2a: Trolldier|spe|1\n|-enditem|p1a: Heatran|Air Balloon\n|move|p1a: Heatran|Magma Storm|p2a: Trolldier|[miss]\n|-miss|p1a: Heatran|p2a: Trolldier\n|\n|-heal|p2a: Trolldier|100\/100 brn|[from] item: Leftovers\n|-damage|p2a: Trolldier|94\/100 brn|[from] brn\n|upkeep\n|turn|4\n|\n|t:|1700935212\n|-terastallize|p1a: Heatran|Ghost\n|move|p2a: Trolldier|Aqua Step|p1a: Heatran\n|-damage|p1a: Heatran|46\/100 par\n|-boost|p2a: Trolldier|spe|1\n|cant|p1a: Heatran|par\n|\n|-heal|p2a: Trolldier|100\/100 brn|[from] item: Leftovers\n|-damage|p2a: Trolldier|94\/100 brn|[from] brn\n|upkeep\n|turn|5\n|\n|t:|1700935225\n|move|p2a: Trolldier|U-turn|p1a: Heatran\n|-resisted|p1a: Heatran\n|-damage|p1a: Heatran|41\/100 par\n|inactive|Battle timer is ON: inactive players will automatically lose when time's up. (requested by prayerule)\n|\n|t:|1700935232\n|switch|p2a: Trollcetta|Gardevoir, F|100\/100|[from] U-turn\n|-ability|p2a: Trollcetta|Flash Fire|[from] ability: Trace|[of] p1a: Heatran\n|move|p1a: Heatran|Magma Storm|p2a: Trollcetta\n|-start|p2a: Trollcetta|ability: Flash Fire\n|\n|upkeep\n|turn|6\n|c|\u2606prayerule|nice\n|\n|t:|1700935245\n|move|p2a: Trollcetta|Aura Sphere|p1a: Heatran\n|-immune|p1a: Heatran\n|move|p1a: Heatran|Taunt|p2a: Trollcetta\n|-start|p2a: Trollcetta|move: Taunt\n|\n|upkeep\n|turn|7\n|\n|t:|1700935262\n|-end|p2a: Trollcetta|ability: Flash Fire|[silent]\n|switch|p2a: Trolldier|Quaquaval, M|94\/100 brn\n|move|p1a: Heatran|Earth Power|p2a: Trolldier\n|-damage|p2a: Trolldier|55\/100 brn\n|\n|-heal|p2a: Trolldier|61\/100 brn|[from] item: Leftovers\n|-damage|p2a: Trolldier|55\/100 brn|[from] brn\n|upkeep\n|turn|8\n|\n|t:|1700935270\n|move|p2a: Trolldier|Aqua Step|p1a: Heatran\n|-damage|p1a: Heatran|22\/100 par\n|-boost|p2a: Trolldier|spe|1\n|move|p1a: Heatran|Magma Storm|p2a: Trolldier|[miss]\n|-miss|p1a: Heatran|p2a: Trolldier\n|\n|-heal|p2a: Trolldier|61\/100 brn|[from] item: Leftovers\n|-damage|p2a: Trolldier|55\/100 brn|[from] brn\n|upkeep\n|turn|9\n|\n|t:|1700935280\n|move|p2a: Trolldier|Aqua Step|p1a: Heatran\n|-damage|p1a: Heatran|5\/100 par\n|-boost|p2a: Trolldier|spe|1\n|move|p1a: Heatran|Magma Storm|p2a: Trolldier\n|-resisted|p2a: Trolldier\n|-damage|p2a: Trolldier|24\/100 brn\n|-activate|p2a: Trolldier|move: Magma Storm|[of] p1a: Heatran\n|\n|-heal|p2a: Trolldier|30\/100 brn|[from] item: Leftovers\n|-damage|p2a: Trolldier|24\/100 brn|[from] brn\n|-damage|p2a: Trolldier|12\/100 brn|[from] move: Magma Storm|[partiallytrapped]\n|upkeep\n|turn|10\n|inactive|prayerule has 120 seconds left.\n|\n|t:|1700935314\n|move|p2a: Trolldier|Aqua Step|p1a: Heatran\n|-damage|p1a: Heatran|0 fnt\n|-boost|p2a: Trolldier|spe|1\n|faint|p1a: Heatran\n|-ability|p2a: Trolldier|Moxie|boost\n|-boost|p2a: Trolldier|atk|1\n|\n|-heal|p2a: Trolldier|18\/100 brn|[from] item: Leftovers\n|-damage|p2a: Trolldier|12\/100 brn|[from] brn\n|-end|p2a: Trolldier|Magma Storm|[partiallytrapped]|[silent]\n|upkeep\n|inactive|prayerule has 120 seconds left.\n|\n|t:|1700935342\n|switch|p1a: Dragonite|Dragonite, F|100\/100\n|turn|11\n|\n|t:|1700935353\n|move|p1a: Dragonite|Extreme Speed|p2a: Trolldier\n|-damage|p2a: Trolldier|0 fnt\n|faint|p2a: Trolldier\n|\n|upkeep\n|\n|t:|1700935361\n|switch|p2a: Don't trust it...|Drifblim, M|100\/100\n|turn|12\n|inactive|prayerule has 120 seconds left.\n|\n|t:|1700935377\n|switch|p1a: Hatterene|Hatterene, F|100\/100\n|move|p2a: Don't trust it...|Substitute|p2a: Don't trust it...\n|-start|p2a: Don't trust it...|Substitute\n|-damage|p2a: Don't trust it...|76\/100\n|\n|upkeep\n|turn|13\n|\n|t:|1700935384\n|move|p2a: Don't trust it...|Calm Mind|p2a: Don't trust it...\n|-boost|p2a: Don't trust it...|spa|1\n|-boost|p2a: Don't trust it...|spd|1\n|move|p1a: Hatterene|Nuzzle|p2a: Don't trust it...\n|-supereffective|p2a: Don't trust it...\n|-activate|p2a: Don't trust it...|move: Substitute|[damage]\n|\n|upkeep\n|turn|14\n|inactive|prayerule has 120 seconds left.\n|\n|t:|1700935397\n|switch|p1a: Dragonite|Dragonite, F|100\/100\n|move|p2a: Don't trust it...|Calm Mind|p2a: Don't trust it...\n|-boost|p2a: Don't trust it...|spa|1\n|-boost|p2a: Don't trust it...|spd|1\n|\n|upkeep\n|turn|15\n|inactive|prayerule has 120 seconds left.\n|\n|t:|1700935404\n|move|p1a: Dragonite|Outrage|p2a: Don't trust it...\n|-end|p2a: Don't trust it...|Substitute\n|move|p2a: Don't trust it...|Strength Sap|p1a: Dragonite\n|-unboost|p1a: Dragonite|atk|1\n|-heal|p2a: Don't trust it...|100\/100\n|\n|upkeep\n|turn|16\n|\n|t:|1700935413\n|move|p1a: Dragonite|Outrage|p2a: Don't trust it...|[from]lockedmove\n|-damage|p2a: Don't trust it...|10\/100\n|-enditem|p2a: Don't trust it...|Red Card|[of] p1a: Dragonite\n|drag|p1a: Zamazenta|Zamazenta|100\/100\n|-ability|p1a: Zamazenta|Dauntless Shield|boost\n|-boost|p1a: Zamazenta|def|1\n|move|p2a: Don't trust it...|Substitute|p2a: Don't trust it...\n|-fail|p2a: Don't trust it...|move: Substitute|[weak]\n|\n|upkeep\n|turn|17\n|\n|t:|1700935423\n|move|p2a: Don't trust it...|Strength Sap|p1a: Zamazenta\n|-unboost|p1a: Zamazenta|atk|1\n|-heal|p2a: Don't trust it...|66\/100\n|move|p1a: Zamazenta|Crunch|p2a: Don't trust it...\n|-supereffective|p2a: Don't trust it...\n|-damage|p2a: Don't trust it...|26\/100\n|\n|upkeep\n|turn|18\n|\n|t:|1700935438\n|switch|p1a: Dragonite|Dragonite, F|100\/100\n|-terastallize|p2a: Don't trust it...|Flying\n|move|p2a: Don't trust it...|Strength Sap|p1a: Dragonite\n|-unboost|p1a: Dragonite|atk|1\n|-heal|p2a: Don't trust it...|100\/100\n|\n|upkeep\n|turn|19\n|\n|t:|1700935452\n|move|p2a: Don't trust it...|Air Slash|p1a: Dragonite\n|-damage|p1a: Dragonite|55\/100\n|move|p1a: Dragonite|Outrage|p2a: Don't trust it...\n|-damage|p2a: Don't trust it...|5\/100\n|\n|upkeep\n|turn|20\n|\n|t:|1700935463\n|move|p2a: Don't trust it...|Air Slash|p1a: Dragonite\n|-damage|p1a: Dragonite|0 fnt\n|faint|p1a: Dragonite\n|\n|upkeep\n|\n|t:|1700935467\n|switch|p1a: Rillaboom|Rillaboom, M|100\/100\n|-fieldstart|move: Grassy Terrain|[from] ability: Grassy Surge|[of] p1a: Rillaboom\n|turn|21\n|\n|t:|1700935482\n|switch|p2a: Kinda buggin|Scizor, M|100\/100\n|move|p1a: Rillaboom|Grassy Glide|p2a: Kinda buggin\n|-resisted|p2a: Kinda buggin\n|-crit|p2a: Kinda buggin\n|-damage|p2a: Kinda buggin|75\/100\n|\n|-heal|p2a: Kinda buggin|81\/100|[from] Grassy Terrain\n|upkeep\n|turn|22\n|\n|t:|1700935495\n|switch|p1a: Hatterene|Hatterene, F|100\/100\n|-enditem|p1a: Hatterene|Grassy Seed\n|-boost|p1a: Hatterene|def|1|[from] item: Grassy Seed\n|move|p2a: Kinda buggin|U-turn|p1a: Hatterene\n|-damage|p1a: Hatterene|79\/100\n|-heal|p2a: Kinda buggin|84\/100|[from] item: Shell Bell|[of] p1a: Hatterene\n|\n|t:|1700935505\n|switch|p2a: Straight Trollin|Grimmsnarl, M|100\/100|[from] U-turn\n|\n|-heal|p1a: Hatterene|85\/100|[from] Grassy Terrain\n|upkeep\n|turn|23\n|c|\u2606Legendary crybaby|Wanna see setting cool?\n|\n|t:|1700935524\n|move|p2a: Straight Trollin|Parting Shot|p1a: Hatterene\n|move|p1a: Hatterene|Parting Shot|p2a: Straight Trollin|[from]ability: Magic Bounce\n|-unboost|p2a: Straight Trollin|atk|1\n|-unboost|p2a: Straight Trollin|spa|1\n|inactive|prayerule has 120 seconds left.\n|\n|t:|1700935570\n|switch|p1a: Rillaboom|Rillaboom, M|100\/100|[from] Parting Shot\n|\n|upkeep\n|turn|24\n|\n|t:|1700935582\n|move|p2a: Straight Trollin|Thunder Wave|p1a: Rillaboom\n|-status|p1a: Rillaboom|par\n|cant|p1a: Rillaboom|par\n|\n|upkeep\n|turn|25\n|\n|t:|1700935589\n|move|p2a: Straight Trollin|Reflect|p2a: Straight Trollin\n|-sidestart|p2: Legendary crybaby|Reflect\n|cant|p1a: Rillaboom|par\n|\n|-fieldend|move: Grassy Terrain\n|upkeep\n|turn|26\n|\n|t:|1700935594\n|move|p2a: Straight Trollin|Parting Shot|p1a: Rillaboom\n|-unboost|p1a: Rillaboom|atk|1\n|-unboost|p1a: Rillaboom|spa|1\n|\n|t:|1700935597\n|switch|p2a: Obviously Trollin|Grafaiai, M|100\/100|[from] Parting Shot\n|cant|p1a: Rillaboom|par\n|\n|upkeep\n|turn|27\n|inactive|prayerule has 120 seconds left.\n|\n|t:|1700935605\n|move|p2a: Obviously Trollin|Parting Shot|p1a: Rillaboom\n|-unboost|p1a: Rillaboom|atk|1\n|-unboost|p1a: Rillaboom|spa|1\n|\n|t:|1700935609\n|switch|p2a: Straight Trollin|Grimmsnarl, M|100\/100|[from] Parting Shot\n|move|p1a: Rillaboom|Wood Hammer|p2a: Straight Trollin\n|-damage|p2a: Straight Trollin|75\/100\n|-damage|p1a: Rillaboom|92\/100 par|[from] Recoil\n|\n|upkeep\n|turn|28\n|-message|prayerule forfeited.\n|\n|win|Legendary crybaby\n|raw|prayerule's rating: 1155 &rarr; <strong>1125<\/strong><br \/>(-30 for losing)\n|raw|Legendary crybaby's rating: 1084 &rarr; <strong>1117<\/strong><br \/>(+33 for winning)\n|l|\u2606prayerule\n","uploadtime":1700935626,"views":1,"p1id":"prayerule","p2id":"legendarycrybaby","formatid":"gen9ou","rating":1117,"private":0,"password":""}