{"id":"gen9ou-1997714598","p1":"TY SM MY GUY","p2":"Mrsirmansir","format":"[Gen 9] OU","log":"|j|\u2606TY SM MY GUY\n|j|\u2606Mrsirmansir\n|t:|1700844840\n|gametype|singles\n|player|p1|TY SM MY GUY|hoopster|1314\n|player|p2|Mrsirmansir|gambler|1205\n|teamsize|p1|6\n|teamsize|p2|6\n|gen|9\n|tier|[Gen 9] OU\n|rated|\n|rule|Sleep Clause Mod: Limit one foe put to sleep\n|rule|Species Clause: Limit one of each Pok\u00e9mon\n|rule|OHKO Clause: OHKO moves are banned\n|rule|Evasion Items Clause: Evasion items are banned\n|rule|Evasion Moves Clause: Evasion moves are banned\n|rule|Endless Battle Clause: Forcing endless battles is banned\n|rule|HP Percentage Mod: HP is shown in percentages\n|clearpoke\n|poke|p1|Glimmora, F|\n|poke|p1|Great Tusk|\n|poke|p1|Hatterene, F|\n|poke|p1|Greninja-*, M|\n|poke|p1|Brambleghast, M|\n|poke|p1|Zoroark-Hisui, M|\n|poke|p2|Pelipper, F|\n|poke|p2|Greninja-*, M|\n|poke|p2|Ting-Lu|\n|poke|p2|Basculegion, M|\n|poke|p2|Zapdos|\n|poke|p2|Amoonguss, M|\n|teampreview\n|inactive|Battle timer is ON: inactive players will automatically lose when time's up. (requested by Mrsirmansir)\n|\n|t:|1700844854\n|start\n|switch|p1a: Greninja|Greninja, M|100\/100\n|switch|p2a: Ting-Lu|Ting-Lu|100\/100\n|-ability|p2a: Ting-Lu|Vessel of Ruin\n|turn|1\n|\n|t:|1700844859\n|move|p1a: Greninja|Trick|p2a: Ting-Lu\n|-activate|p1a: Greninja|move: Trick|[of] p2a: Ting-Lu\n|-item|p2a: Ting-Lu|Choice Scarf|[from] move: Trick\n|-item|p1a: Greninja|Red Card|[from] move: Trick\n|move|p2a: Ting-Lu|Whirlwind|p1a: Greninja\n|drag|p1a: Brambleghast|Brambleghast, M, shiny|100\/100\n|\n|upkeep\n|turn|2\n|\n|t:|1700844867\n|switch|p2a: Pelipper|Pelipper, F|100\/100\n|-weather|RainDance|[from] ability: Drizzle|[of] p2a: Pelipper\n|move|p1a: Brambleghast|Rapid Spin|p2a: Pelipper\n|-damage|p2a: Pelipper|87\/100\n|-boost|p1a: Brambleghast|spe|1\n|\n|-weather|RainDance|[upkeep]\n|upkeep\n|turn|3\n|\n|t:|1700844875\n|move|p1a: Brambleghast|Rapid Spin|p2a: Pelipper\n|-damage|p2a: Pelipper|74\/100\n|-boost|p1a: Brambleghast|spe|1\n|move|p2a: Pelipper|U-turn|p1a: Brambleghast\n|-damage|p1a: Brambleghast|85\/100\n|\n|t:|1700844882\n|switch|p2a: Basculegion|Basculegion, M|100\/100|[from] U-turn\n|\n|-weather|RainDance|[upkeep]\n|upkeep\n|turn|4\n|\n|t:|1700844890\n|-terastallize|p1a: Brambleghast|Fighting\n|move|p1a: Brambleghast|Shadow Sneak|p2a: Basculegion\n|-supereffective|p2a: Basculegion\n|-damage|p2a: Basculegion|50\/100\n|move|p2a: Basculegion|Flip Turn|p1a: Brambleghast\n|-damage|p1a: Brambleghast|0 fnt\n|faint|p1a: Brambleghast\n|\n|t:|1700844897\n|switch|p2a: Ting-Lu|Ting-Lu|100\/100|[from] Flip Turn\n|-ability|p2a: Ting-Lu|Vessel of Ruin\n|\n|-weather|RainDance|[upkeep]\n|upkeep\n|\n|t:|1700844901\n|switch|p1a: Hatterene|Hatterene, F, shiny|100\/100\n|turn|5\n|\n|t:|1700844907\n|move|p2a: Ting-Lu|Earthquake|p1a: Hatterene\n|-damage|p1a: Hatterene|59\/100\n|-enditem|p1a: Hatterene|Eject Button\n|l|\u2606TY SM MY GUY\n|inactive|TY SM MY GUY disconnected and has a minute to reconnect!\n|player|p1|\n|j|\u2606TY SM MY GUY\n|inactive|TY SM MY GUY reconnected and has 120 seconds left.\n|player|p1|TY SM MY GUY|hoopster\n|\n|t:|1700844944\n|switch|p1a: Glimmora|Glimmora, F, shiny|100\/100\n|-item|p1a: Glimmora|Air Balloon\n|\n|-weather|RainDance|[upkeep]\n|upkeep\n|turn|6\n|\n|t:|1700844958\n|switch|p2a: Amoonguss|Amoonguss, M|100\/100\n|move|p1a: Glimmora|Stealth Rock|p2a: Amoonguss\n|-sidestart|p2: Mrsirmansir|move: Stealth Rock\n|\n|-weather|RainDance|[upkeep]\n|upkeep\n|turn|7\n|\n|t:|1700844967\n|switch|p1a: Hatterene|Hatterene, F, shiny|59\/100\n|move|p2a: Amoonguss|Giga Drain|p1a: Hatterene\n|-damage|p1a: Hatterene|43\/100\n|\n|-weather|RainDance|[upkeep]\n|upkeep\n|turn|8\n|\n|t:|1700844974\n|switch|p2a: Ting-Lu|Ting-Lu|100\/100\n|-damage|p2a: Ting-Lu|94\/100|[from] Stealth Rock\n|-ability|p2a: Ting-Lu|Vessel of Ruin\n|move|p1a: Hatterene|Nuzzle|p2a: Ting-Lu\n|-immune|p2a: Ting-Lu\n|\n|-weather|RainDance|[upkeep]\n|upkeep\n|turn|9\n|\n|t:|1700844980\n|move|p1a: Hatterene|Draining Kiss|p2a: Ting-Lu\n|-supereffective|p2a: Ting-Lu\n|-damage|p2a: Ting-Lu|73\/100\n|-heal|p1a: Hatterene|68\/100|[from] drain|[of] p2a: Ting-Lu\n|move|p2a: Ting-Lu|Whirlwind|p1a: Hatterene\n|move|p1a: Hatterene|Whirlwind|p2a: Ting-Lu|[from]ability: Magic Bounce\n|drag|p2a: Greninja|Greninja, M|100\/100\n|-damage|p2a: Greninja|88\/100|[from] Stealth Rock\n|\n|-weather|none\n|upkeep\n|turn|10\n|\n|t:|1700844993\n|switch|p2a: Pelipper|Pelipper, F|74\/100\n|-damage|p2a: Pelipper|49\/100|[from] Stealth Rock\n|-weather|RainDance|[from] ability: Drizzle|[of] p2a: Pelipper\n|move|p1a: Hatterene|Nuzzle|p2a: Pelipper\n|-supereffective|p2a: Pelipper\n|-damage|p2a: Pelipper|35\/100\n|-status|p2a: Pelipper|par\n|\n|-weather|RainDance|[upkeep]\n|upkeep\n|turn|11\n|\n|t:|1700845000\n|switch|p2a: Greninja|Greninja, M|88\/100\n|-damage|p2a: Greninja|76\/100|[from] Stealth Rock\n|move|p1a: Hatterene|Draining Kiss|p2a: Greninja\n|-supereffective|p2a: Greninja\n|-damage|p2a: Greninja|6\/100\n|-heal|p1a: Hatterene|100\/100|[from] drain|[of] p2a: Greninja\n|\n|-weather|RainDance|[upkeep]\n|upkeep\n|turn|12\n|\n|t:|1700845008\n|-terastallize|p2a: Greninja|Water\n|move|p2a: Greninja|Hydro Pump|p1a: Hatterene\n|-damage|p1a: Hatterene|0 fnt\n|faint|p1a: Hatterene\n|-ability|p2a: Greninja|Battle Bond|boost\n|-boost|p2a: Greninja|atk|1\n|-boost|p2a: Greninja|spa|1\n|-boost|p2a: Greninja|spe|1\n|-activate|p2a: Greninja|ability: Battle Bond\n|-damage|p2a: Greninja|0 fnt|[from] item: Life Orb\n|faint|p2a: Greninja\n|\n|-weather|RainDance|[upkeep]\n|upkeep\n|\n|t:|1700845023\n|switch|p2a: Basculegion|Basculegion, M|50\/100\n|switch|p1a: Greninja|Greninja, M|100\/100\n|-damage|p2a: Basculegion|37\/100|[from] Stealth Rock\n|turn|13\n|\n|t:|1700845030\n|move|p2a: Basculegion|Flip Turn|p1a: Greninja\n|-damage|p1a: Greninja|0 fnt\n|replace|p1a: Zoroark|Zoroark-Hisui, M, shiny\n|-end|p1a: Zoroark|Illusion\n|faint|p1a: Zoroark\n|\n|t:|1700845035\n|switch|p2a: Ting-Lu|Ting-Lu|73\/100|[from] Flip Turn\n|-damage|p2a: Ting-Lu|67\/100|[from] Stealth Rock\n|-ability|p2a: Ting-Lu|Vessel of Ruin\n|\n|-weather|RainDance|[upkeep]\n|upkeep\n|\n|t:|1700845051\n|switch|p1a: Glimmora|Glimmora, F, shiny|100\/100\n|-item|p1a: Glimmora|Air Balloon\n|turn|14\n|\n|t:|1700845056\n|move|p1a: Glimmora|Dazzling Gleam|p2a: Ting-Lu\n|-supereffective|p2a: Ting-Lu\n|-damage|p2a: Ting-Lu|50\/100\n|move|p2a: Ting-Lu|Earthquake|p1a: Glimmora\n|-immune|p1a: Glimmora\n|\n|-weather|RainDance|[upkeep]\n|upkeep\n|turn|15\n|\n|t:|1700845061\n|switch|p2a: Zapdos|Zapdos|100\/100\n|move|p1a: Glimmora|Dazzling Gleam|p2a: Zapdos\n|-damage|p2a: Zapdos|76\/100\n|\n|-weather|RainDance|[upkeep]\n|upkeep\n|turn|16\n|\n|t:|1700845065\n|move|p2a: Zapdos|Volt Switch|p1a: Glimmora\n|-damage|p1a: Glimmora|61\/100\n|-enditem|p1a: Glimmora|Air Balloon\n|\n|t:|1700845068\n|switch|p2a: Basculegion|Basculegion, M|37\/100|[from] Volt Switch\n|-damage|p2a: Basculegion|25\/100|[from] Stealth Rock\n|move|p1a: Glimmora|Power Gem|p2a: Basculegion\n|-damage|p2a: Basculegion|0 fnt\n|faint|p2a: Basculegion\n|\n|-weather|RainDance|[upkeep]\n|upkeep\n|\n|t:|1700845072\n|switch|p2a: Zapdos|Zapdos|76\/100\n|turn|17\n|\n|t:|1700845076\n|move|p2a: Zapdos|Volt Switch|p1a: Glimmora\n|-damage|p1a: Glimmora|24\/100\n|\n|t:|1700845080\n|switch|p2a: Pelipper|Pelipper, F|35\/100 par|[from] Volt Switch\n|-damage|p2a: Pelipper|11\/100 par|[from] Stealth Rock\n|move|p1a: Glimmora|Power Gem|p2a: Pelipper\n|-supereffective|p2a: Pelipper\n|-damage|p2a: Pelipper|0 fnt\n|faint|p2a: Pelipper\n|\n|-weather|none\n|upkeep\n|\n|t:|1700845082\n|switch|p2a: Zapdos|Zapdos|76\/100\n|turn|18\n|c|\u2606TY SM MY GUY|Oof\n|\n|t:|1700845090\n|move|p2a: Zapdos|Volt Switch|p1a: Glimmora\n|-damage|p1a: Glimmora|0 fnt\n|faint|p1a: Glimmora\n|\n|t:|1700845095\n|switch|p2a: Ting-Lu|Ting-Lu|50\/100|[from] Volt Switch\n|-damage|p2a: Ting-Lu|43\/100|[from] Stealth Rock\n|-ability|p2a: Ting-Lu|Vessel of Ruin\n|\n|upkeep\n|\n|t:|1700845097\n|switch|p1a: Greninja|Greninja, M|100\/100\n|turn|19\n|\n|t:|1700845101\n|move|p1a: Greninja|Ice Beam|p2a: Ting-Lu\n|-supereffective|p2a: Ting-Lu\n|-damage|p2a: Ting-Lu|15\/100\n|-damage|p1a: Greninja|91\/100|[from] item: Life Orb\n|move|p2a: Ting-Lu|Earthquake|p1a: Greninja\n|-damage|p1a: Greninja|18\/100\n|\n|upkeep\n|turn|20\n|\n|t:|1700845104\n|move|p1a: Greninja|Ice Beam|p2a: Ting-Lu\n|-supereffective|p2a: Ting-Lu\n|-damage|p2a: Ting-Lu|0 fnt\n|faint|p2a: Ting-Lu\n|-ability|p1a: Greninja|Battle Bond|boost\n|-boost|p1a: Greninja|atk|1\n|-boost|p1a: Greninja|spa|1\n|-boost|p1a: Greninja|spe|1\n|-activate|p1a: Greninja|ability: Battle Bond\n|-damage|p1a: Greninja|8\/100|[from] item: Life Orb\n|\n|upkeep\n|\n|t:|1700845110\n|switch|p2a: Amoonguss|Amoonguss, M|100\/100\n|-damage|p2a: Amoonguss|88\/100|[from] Stealth Rock\n|turn|21\n|\n|t:|1700845124\n|move|p1a: Greninja|Extrasensory|p2a: Amoonguss\n|-supereffective|p2a: Amoonguss\n|-damage|p2a: Amoonguss|11\/100\n|-enditem|p2a: Amoonguss|Red Card|[of] p1a: Greninja\n|drag|p1a: Great Tusk|Great Tusk|100\/100\n|-enditem|p1a: Great Tusk|Booster Energy\n|-activate|p1a: Great Tusk|ability: Protosynthesis|[fromitem]\n|-start|p1a: Great Tusk|protosynthesisspe\n|move|p2a: Amoonguss|Clear Smog|p1a: Great Tusk\n|-resisted|p1a: Great Tusk\n|-damage|p1a: Great Tusk|90\/100\n|-clearboost|p1a: Great Tusk\n|\n|upkeep\n|turn|22\n|\n|t:|1700845130\n|move|p1a: Great Tusk|Ice Spinner|p2a: Amoonguss\n|-supereffective|p2a: Amoonguss\n|-damage|p2a: Amoonguss|0 fnt\n|faint|p2a: Amoonguss\n|\n|upkeep\n|\n|t:|1700845133\n|switch|p2a: Zapdos|Zapdos|76\/100\n|turn|23\n|\n|t:|1700845136\n|move|p1a: Great Tusk|Ice Spinner|p2a: Zapdos\n|-supereffective|p2a: Zapdos\n|-damage|p2a: Zapdos|17\/100\n|move|p2a: Zapdos|Hurricane|p1a: Great Tusk\n|-supereffective|p1a: Great Tusk\n|-damage|p1a: Great Tusk|0 fnt\n|faint|p1a: Great Tusk\n|-end|p1a: Great Tusk|Protosynthesis|[silent]\n|\n|upkeep\n|\n|t:|1700845138\n|switch|p1a: Greninja|Greninja, M|8\/100\n|turn|24\n|\n|t:|1700845143\n|move|p1a: Greninja|Water Shuriken|p2a: Zapdos\n|-damage|p2a: Zapdos|7\/100\n|-damage|p2a: Zapdos|0 fnt\n|faint|p2a: Zapdos\n|-hitcount|p2: Zapdos|2\n|-damage|p1a: Greninja|0 fnt|[from] item: Life Orb\n|faint|p1a: Greninja\n|\n|win|TY SM MY GUY\n|raw|TY SM MY GUY's rating: 1314 &rarr; <strong>1328<\/strong><br \/>(+14 for winning)\n|raw|Mrsirmansir's rating: 1205 &rarr; <strong>1188<\/strong><br \/>(-17 for losing)\n|c|\u2606TY SM MY GUY|Gg\n|l|\u2606Mrsirmansir\n","uploadtime":1700845162,"views":2,"p1id":"tysmmyguy","p2id":"mrsirmansir","formatid":"gen9ou","rating":1188,"private":0,"password":""}