{"id":"gen9ou-1988316014","p1":"simplegent","p2":"Elstefano","format":"[Gen 9] OU","log":"|j|\u2606simplegent\n|j|\u2606Elstefano\n|t:|1699707254\n|gametype|singles\n|player|p1|simplegent|1|1731\n|player|p2|Elstefano|265|1784\n|teamsize|p1|6\n|teamsize|p2|6\n|gen|9\n|tier|[Gen 9] OU\n|rated|\n|rule|Sleep Clause Mod: Limit one foe put to sleep\n|rule|Species Clause: Limit one of each Pok\u00e9mon\n|rule|OHKO Clause: OHKO moves are banned\n|rule|Evasion Items Clause: Evasion items are banned\n|rule|Evasion Moves Clause: Evasion moves are banned\n|rule|Endless Battle Clause: Forcing endless battles is banned\n|rule|HP Percentage Mod: HP is shown in percentages\n|clearpoke\n|poke|p1|Dragapult, M|\n|poke|p1|Mandibuzz, F|\n|poke|p1|Corviknight, F|\n|poke|p1|Samurott-Hisui, F|\n|poke|p1|Sandy Shocks|\n|poke|p1|Sneasler, F|\n|poke|p2|Toxapex, M|\n|poke|p2|Dondozo, F|\n|poke|p2|Blissey, F|\n|poke|p2|Clodsire, F|\n|poke|p2|Gliscor, F|\n|poke|p2|Corviknight, M|\n|teampreview\n|j| Sneaslin hex\n|inactive|Battle timer is ON: inactive players will automatically lose when time's up. (requested by Elstefano)\n|j| cvvbbvyuuui34334w\n|j| WishMakerr\n|\n|t:|1699707305\n|start\n|switch|p1a: Sandy Shocks|Sandy Shocks|100\/100\n|switch|p2a: Corviknight|Corviknight, M|100\/100\n|-ability|p2a: Corviknight|Pressure\n|turn|1\n|l| Sneaslin hex\n|\n|t:|1699707318\n|switch|p2a: Gliscor|Gliscor, F|100\/100\n|move|p1a: Sandy Shocks|Stealth Rock|p2a: Gliscor\n|-sidestart|p2: Elstefano|move: Stealth Rock\n|\n|-status|p2a: Gliscor|tox|[from] item: Toxic Orb\n|upkeep\n|turn|2\n|inactive|simplegent has 120 seconds left.\n|j| VicBossMG\n|\n|t:|1699707358\n|-end|p1a: Sandy Shocks|Protosynthesis|[silent]\n|switch|p1a: Corviknight|Corviknight, F|100\/100\n|-ability|p1a: Corviknight|Pressure\n|move|p2a: Gliscor|Protect||[still]\n|-fail|p2a: Gliscor\n|\n|upkeep\n|turn|3\n|inactive|simplegent has 120 seconds left.\n|\n|t:|1699707364\n|move|p2a: Gliscor|Knock Off|p1a: Corviknight\n|-damage|p1a: Corviknight|83\/100\n|-enditem|p1a: Corviknight|Leftovers|[from] move: Knock Off|[of] p2a: Gliscor\n|move|p1a: Corviknight|Substitute|p1a: Corviknight\n|-start|p1a: Corviknight|Substitute\n|-damage|p1a: Corviknight|58\/100\n|\n|upkeep\n|turn|4\n|\n|t:|1699707373\n|switch|p2a: Toxapex|Toxapex, M|100\/100\n|move|p1a: Corviknight|Bulk Up|p1a: Corviknight\n|-boost|p1a: Corviknight|atk|1\n|-boost|p1a: Corviknight|def|1\n|\n|upkeep\n|turn|5\n|\n|t:|1699707379\n|move|p1a: Corviknight|Brave Bird|p2a: Toxapex\n|-damage|p2a: Toxapex|55\/100\n|-damage|p1a: Corviknight|47\/100|[from] Recoil\n|move|p2a: Toxapex|Surf|p1a: Corviknight\n|-activate|p1a: Corviknight|move: Substitute|[damage]\n|\n|upkeep\n|turn|6\n|j| cheese miestro\n|\n|t:|1699707401\n|move|p1a: Corviknight|Brave Bird|p2a: Toxapex\n|-damage|p2a: Toxapex|13\/100\n|-damage|p1a: Corviknight|36\/100|[from] Recoil\n|move|p2a: Toxapex|Surf|p1a: Corviknight\n|-end|p1a: Corviknight|Substitute\n|\n|upkeep\n|turn|7\n|\n|t:|1699707414\n|switch|p2a: Corviknight|Corviknight, M|100\/100\n|-damage|p2a: Corviknight|88\/100|[from] Stealth Rock\n|-ability|p2a: Corviknight|Pressure\n|move|p1a: Corviknight|Substitute|p1a: Corviknight\n|-start|p1a: Corviknight|Substitute\n|-damage|p1a: Corviknight|11\/100\n|\n|upkeep\n|turn|8\n|\n|t:|1699707423\n|move|p1a: Corviknight|Roost|p1a: Corviknight\n|-heal|p1a: Corviknight|61\/100\n|-singleturn|p1a: Corviknight|move: Roost\n|move|p2a: Corviknight|Iron Defense|p2a: Corviknight\n|-boost|p2a: Corviknight|def|2\n|\n|upkeep\n|turn|9\n|\n|t:|1699707434\n|move|p2a: Corviknight|Iron Defense|p2a: Corviknight\n|-boost|p2a: Corviknight|def|2\n|move|p1a: Corviknight|Bulk Up|p1a: Corviknight\n|-boost|p1a: Corviknight|atk|1\n|-boost|p1a: Corviknight|def|1\n|\n|upkeep\n|turn|10\n|\n|t:|1699707436\n|move|p2a: Corviknight|Body Press|p1a: Corviknight\n|-end|p1a: Corviknight|Substitute\n|move|p1a: Corviknight|Bulk Up|p1a: Corviknight\n|-boost|p1a: Corviknight|atk|1\n|-boost|p1a: Corviknight|def|1\n|\n|upkeep\n|turn|11\n|\n|t:|1699707441\n|move|p1a: Corviknight|Substitute|p1a: Corviknight\n|-start|p1a: Corviknight|Substitute\n|-damage|p1a: Corviknight|37\/100\n|move|p2a: Corviknight|Body Press|p1a: Corviknight\n|-activate|p1a: Corviknight|move: Substitute|[damage]\n|\n|upkeep\n|turn|12\n|\n|t:|1699707445\n|move|p2a: Corviknight|Iron Defense|p2a: Corviknight\n|-boost|p2a: Corviknight|def|2\n|move|p1a: Corviknight|Bulk Up|p1a: Corviknight\n|-boost|p1a: Corviknight|atk|1\n|-boost|p1a: Corviknight|def|1\n|\n|upkeep\n|turn|13\n|\n|t:|1699707447\n|move|p1a: Corviknight|Bulk Up|p1a: Corviknight\n|-boost|p1a: Corviknight|atk|1\n|-boost|p1a: Corviknight|def|1\n|move|p2a: Corviknight|Body Press|p1a: Corviknight\n|-end|p1a: Corviknight|Substitute\n|\n|upkeep\n|turn|14\n|\n|t:|1699707450\n|move|p1a: Corviknight|Substitute|p1a: Corviknight\n|-start|p1a: Corviknight|Substitute\n|-damage|p1a: Corviknight|12\/100\n|move|p2a: Corviknight|Body Press|p1a: Corviknight\n|-crit|p1a: Corviknight\n|-end|p1a: Corviknight|Substitute\n|\n|upkeep\n|turn|15\n|\n|t:|1699707461\n|switch|p1a: Dragapult|Dragapult, M|100\/100\n|move|p2a: Corviknight|Body Press|p1a: Dragapult\n|-immune|p1a: Dragapult\n|\n|upkeep\n|turn|16\n|j| PantyPhantom\n|\n|t:|1699707473\n|switch|p2a: Blissey|Blissey, F|100\/100\n|move|p1a: Dragapult|U-turn|p2a: Blissey\n|-damage|p2a: Blissey|64\/100\n|c| PantyPhantom|oo strong\n|\n|t:|1699707485\n|switch|p1a: Sneasler|Sneasler, F|100\/100|[from] U-turn\n|\n|upkeep\n|turn|17\n|\n|t:|1699707494\n|switch|p2a: Gliscor|Gliscor, F|100\/100 tox\n|-damage|p2a: Gliscor|88\/100 tox|[from] Stealth Rock\n|move|p1a: Sneasler|U-turn|p2a: Gliscor\n|-resisted|p2a: Gliscor\n|-damage|p2a: Gliscor|79\/100 tox\n|j| Brucie92\n|l| cvvbbvyuuui34334w\n|\n|t:|1699707510\n|switch|p1a: Samurott|Samurott-Hisui, F|100\/100|[from] U-turn\n|\n|-heal|p2a: Gliscor|91\/100 tox|[from] ability: Poison Heal\n|upkeep\n|turn|18\n|\n|t:|1699707523\n|move|p2a: Gliscor|Protect|p2a: Gliscor\n|-singleturn|p2a: Gliscor|Protect\n|move|p1a: Samurott|Flip Turn|p2a: Gliscor\n|-activate|p2a: Gliscor|move: Protect\n|\n|-heal|p2a: Gliscor|100\/100 tox|[from] ability: Poison Heal\n|upkeep\n|turn|19\n|\n|t:|1699707532\n|switch|p2a: Dondozo|Dondozo, F|100\/100\n|move|p1a: Samurott|Flip Turn|p2a: Dondozo\n|-resisted|p2a: Dondozo\n|-damage|p2a: Dondozo|95\/100\n|\n|t:|1699707542\n|switch|p1a: Sandy Shocks|Sandy Shocks|100\/100|[from] Flip Turn\n|\n|upkeep\n|turn|20\n|c| PantyPhantom|HIS ASS BE TURNING\n|\n|t:|1699707565\n|switch|p2a: Blissey|Blissey, F|64\/100\n|-terastallize|p1a: Sandy Shocks|Ice\n|move|p1a: Sandy Shocks|Tera Blast|p2a: Blissey|[anim] Tera Blast Ice\n|-damage|p2a: Blissey|52\/100\n|\n|upkeep\n|turn|21\n|\n|t:|1699707581\n|move|p1a: Sandy Shocks|Volt Switch|p2a: Blissey\n|-damage|p2a: Blissey|41\/100\n|\n|t:|1699707586\n|-end|p1a: Sandy Shocks|Protosynthesis|[silent]\n|switch|p1a: Sneasler|Sneasler, F|100\/100|[from] Volt Switch\n|move|p2a: Blissey|Soft-Boiled|p2a: Blissey\n|-heal|p2a: Blissey|91\/100\n|\n|upkeep\n|turn|22\n|\n|t:|1699707601\n|switch|p2a: Gliscor|Gliscor, F|100\/100 tox\n|-damage|p2a: Gliscor|88\/100 tox|[from] Stealth Rock\n|move|p1a: Sneasler|Switcheroo|p2a: Gliscor\n|-activate|p1a: Sneasler|move: Trick|[of] p2a: Gliscor\n|-item|p2a: Gliscor|Choice Scarf|[from] move: Switcheroo\n|-item|p1a: Sneasler|Toxic Orb|[from] move: Switcheroo\n|\n|-heal|p2a: Gliscor|100\/100 tox|[from] ability: Poison Heal\n|upkeep\n|turn|23\n|inactive|simplegent has 120 seconds left.\n|\n|t:|1699707622\n|switch|p1a: Corviknight|Corviknight, F|12\/100\n|-ability|p1a: Corviknight|Pressure\n|move|p2a: Gliscor|Spikes|p1a: Corviknight\n|-sidestart|p1: simplegent|Spikes\n|\n|upkeep\n|turn|24\n|\n|t:|1699707629\n|move|p2a: Gliscor|Spikes|p1a: Corviknight\n|-sidestart|p1: simplegent|Spikes\n|move|p1a: Corviknight|Roost|p1a: Corviknight\n|-heal|p1a: Corviknight|62\/100\n|-singleturn|p1a: Corviknight|move: Roost\n|\n|upkeep\n|turn|25\n|\n|t:|1699707638\n|switch|p2a: Toxapex|Toxapex, M|46\/100\n|switch|p1a: Sandy Shocks|Sandy Shocks, tera:Ice|100\/100\n|\n|upkeep\n|turn|26\n|\n|t:|1699707652\n|switch|p2a: Clodsire|Clodsire, F|100\/100\n|move|p1a: Sandy Shocks|Volt Switch|p2a: Clodsire\n|-immune|p2a: Clodsire\n|\n|upkeep\n|turn|27\n|j| lospapusredux\n|\n|t:|1699707677\n|-end|p1a: Sandy Shocks|Protosynthesis|[silent]\n|switch|p1a: Corviknight|Corviknight, F|62\/100\n|-ability|p1a: Corviknight|Pressure\n|switch|p2a: Blissey|Blissey, F|91\/100\n|\n|upkeep\n|turn|28\n|inactive|simplegent has 120 seconds left.\n|\n|t:|1699707717\n|switch|p1a: Sandy Shocks|Sandy Shocks, tera:Ice|100\/100\n|switch|p2a: Gliscor|Gliscor, F|100\/100 tox\n|-damage|p2a: Gliscor|88\/100 tox|[from] Stealth Rock\n|\n|-heal|p2a: Gliscor|100\/100 tox|[from] ability: Poison Heal\n|upkeep\n|turn|29\n|l| Brucie92\n|\n|t:|1699707727\n|switch|p2a: Blissey|Blissey, F|91\/100\n|move|p1a: Sandy Shocks|Tera Blast|p2a: Blissey|[anim] Tera Blast Ice\n|-damage|p2a: Blissey|78\/100\n|\n|upkeep\n|turn|30\n|\n|t:|1699707733\n|move|p1a: Sandy Shocks|Volt Switch|p2a: Blissey\n|-damage|p2a: Blissey|65\/100\n|\n|t:|1699707754\n|-end|p1a: Sandy Shocks|Protosynthesis|[silent]\n|switch|p1a: Corviknight|Corviknight, F|62\/100|[from] Volt Switch\n|-ability|p1a: Corviknight|Pressure\n|move|p2a: Blissey|Stealth Rock|p1a: Corviknight\n|-sidestart|p1: simplegent|move: Stealth Rock\n|\n|upkeep\n|turn|31\n|\n|t:|1699707765\n|switch|p1a: Mandibuzz|Mandibuzz, F|100\/100\n|switch|p2a: Dondozo|Dondozo, F|95\/100\n|\n|upkeep\n|turn|32\n|j| HISUIANDOGBARKBARK\n|\n|t:|1699707775\n|switch|p2a: Gliscor|Gliscor, F|100\/100 tox\n|-damage|p2a: Gliscor|88\/100 tox|[from] Stealth Rock\n|move|p1a: Mandibuzz|Defog|p2a: Gliscor\n|-unboost|p2a: Gliscor|evasion|1\n|-sideend|p2: Elstefano|Stealth Rock|[from] move: Defog|[of] p1a: Mandibuzz\n|-sideend|p1: simplegent|Spikes|[from] move: Defog|[of] p1a: Mandibuzz\n|-sideend|p1: simplegent|Stealth Rock|[from] move: Defog|[of] p1a: Mandibuzz\n|\n|-heal|p2a: Gliscor|100\/100 tox|[from] ability: Poison Heal\n|upkeep\n|turn|33\n|inactive|simplegent has 120 seconds left.\n|\n|t:|1699707786\n|switch|p1a: Corviknight|Corviknight, F|62\/100\n|-ability|p1a: Corviknight|Pressure\n|move|p2a: Gliscor|Spikes|p1a: Corviknight\n|-sidestart|p1: simplegent|Spikes\n|\n|upkeep\n|turn|34\n|inactive|simplegent has 120 seconds left.\n|\n|t:|1699707800\n|switch|p1a: Sandy Shocks|Sandy Shocks, tera:Ice|100\/100\n|move|p2a: Gliscor|Spikes|p1a: Sandy Shocks\n|-sidestart|p1: simplegent|Spikes\n|\n|upkeep\n|turn|35\n|\n|t:|1699707806\n|switch|p2a: Clodsire|Clodsire, F|100\/100\n|move|p1a: Sandy Shocks|Volt Switch|p2a: Clodsire\n|-immune|p2a: Clodsire\n|\n|upkeep\n|turn|36\n|\n|t:|1699707818\n|-end|p1a: Sandy Shocks|Protosynthesis|[silent]\n|switch|p1a: Corviknight|Corviknight, F|62\/100\n|-ability|p1a: Corviknight|Pressure\n|move|p2a: Clodsire|Earthquake|p1a: Corviknight\n|-immune|p1a: Corviknight\n|\n|upkeep\n|turn|37\n|\n|t:|1699707827\n|switch|p1a: Sandy Shocks|Sandy Shocks, tera:Ice|100\/100\n|move|p2a: Clodsire|Poison Jab|p1a: Sandy Shocks\n|-damage|p1a: Sandy Shocks|77\/100\n|\n|upkeep\n|turn|38\n|\n|t:|1699707841\n|switch|p2a: Toxapex|Toxapex, M|79\/100\n|move|p1a: Sandy Shocks|Earth Power|p2a: Toxapex\n|-supereffective|p2a: Toxapex\n|-damage|p2a: Toxapex|0 fnt\n|faint|p2a: Toxapex\n|\n|upkeep\n|\n|t:|1699707853\n|switch|p2a: Gliscor|Gliscor, F|100\/100 tox\n|turn|39\n|\n|t:|1699707857\n|switch|p2a: Blissey|Blissey, F|65\/100\n|move|p1a: Sandy Shocks|Tera Blast|p2a: Blissey|[anim] Tera Blast Ice\n|-damage|p2a: Blissey|52\/100\n|\n|upkeep\n|turn|40\n|j| banupx7\n|\n|t:|1699707866\n|move|p1a: Sandy Shocks|Volt Switch|p2a: Blissey\n|-damage|p2a: Blissey|41\/100\n|\n|t:|1699707870\n|-end|p1a: Sandy Shocks|Protosynthesis|[silent]\n|switch|p1a: Mandibuzz|Mandibuzz, F|100\/100|[from] Volt Switch\n|move|p2a: Blissey|Seismic Toss|p1a: Mandibuzz\n|-damage|p1a: Mandibuzz|77\/100\n|\n|upkeep\n|turn|41\n|\n|t:|1699707876\n|move|p1a: Mandibuzz|Defog|p2a: Blissey\n|-unboost|p2a: Blissey|evasion|1\n|-sideend|p1: simplegent|Spikes|[from] move: Defog|[of] p1a: Mandibuzz\n|move|p2a: Blissey|Soft-Boiled|p2a: Blissey\n|-heal|p2a: Blissey|91\/100\n|\n|upkeep\n|turn|42\n|\n|t:|1699707880\n|switch|p2a: Corviknight|Corviknight, M|88\/100\n|-ability|p2a: Corviknight|Pressure\n|move|p1a: Mandibuzz|U-turn|p2a: Corviknight\n|-resisted|p2a: Corviknight\n|-damage|p2a: Corviknight|86\/100\n|-damage|p1a: Mandibuzz|60\/100|[from] item: Rocky Helmet|[of] p2a: Corviknight\n|\n|t:|1699707900\n|switch|p1a: Sandy Shocks|Sandy Shocks, tera:Ice|77\/100|[from] U-turn\n|\n|upkeep\n|turn|43\n|\n|t:|1699707907\n|switch|p2a: Blissey|Blissey, F|91\/100\n|move|p1a: Sandy Shocks|Volt Switch|p2a: Blissey\n|-damage|p2a: Blissey|79\/100\n|\n|t:|1699707921\n|-end|p1a: Sandy Shocks|Protosynthesis|[silent]\n|switch|p1a: Sneasler|Sneasler, F|100\/100|[from] Volt Switch\n|\n|upkeep\n|turn|44\n|\n|t:|1699707924\n|switch|p1a: Sandy Shocks|Sandy Shocks, tera:Ice|77\/100\n|switch|p2a: Gliscor|Gliscor, F|100\/100 tox\n|\n|upkeep\n|turn|45\n|l| PantyPhantom\n|\n|t:|1699707937\n|move|p2a: Gliscor|Protect|p2a: Gliscor\n|-singleturn|p2a: Gliscor|Protect\n|move|p1a: Sandy Shocks|Tera Blast|p2a: Gliscor|[anim] Tera Blast Ice\n|-activate|p2a: Gliscor|move: Protect\n|\n|upkeep\n|turn|46\n|\n|t:|1699707946\n|switch|p2a: Blissey|Blissey, F|79\/100\n|move|p1a: Sandy Shocks|Volt Switch|p2a: Blissey\n|-damage|p2a: Blissey|67\/100\n|\n|t:|1699707962\n|-end|p1a: Sandy Shocks|Protosynthesis|[silent]\n|switch|p1a: Sneasler|Sneasler, F|100\/100|[from] Volt Switch\n|\n|upkeep\n|turn|47\n|\n|t:|1699707986\n|switch|p2a: Gliscor|Gliscor, F|100\/100 tox\n|move|p1a: Sneasler|U-turn|p2a: Gliscor\n|-resisted|p2a: Gliscor\n|-damage|p2a: Gliscor|92\/100 tox\n|\n|t:|1699707997\n|switch|p1a: Corviknight|Corviknight, F|62\/100|[from] U-turn\n|-ability|p1a: Corviknight|Pressure\n|\n|-heal|p2a: Gliscor|100\/100 tox|[from] ability: Poison Heal\n|upkeep\n|turn|48\n|\n|t:|1699708014\n|move|p2a: Gliscor|Spikes|p1a: Corviknight\n|-sidestart|p1: simplegent|Spikes\n|move|p1a: Corviknight|Substitute|p1a: Corviknight\n|-start|p1a: Corviknight|Substitute\n|-damage|p1a: Corviknight|37\/100\n|\n|upkeep\n|turn|49\n|\n|t:|1699708022\n|move|p2a: Gliscor|Spikes|p1a: Corviknight\n|-sidestart|p1: simplegent|Spikes\n|move|p1a: Corviknight|Bulk Up|p1a: Corviknight\n|-boost|p1a: Corviknight|atk|1\n|-boost|p1a: Corviknight|def|1\n|\n|upkeep\n|turn|50\n|\n|t:|1699708028\n|move|p2a: Gliscor|Spikes|p1a: Corviknight\n|-sidestart|p1: simplegent|Spikes\n|move|p1a: Corviknight|Roost|p1a: Corviknight\n|-heal|p1a: Corviknight|87\/100\n|-singleturn|p1a: Corviknight|move: Roost\n|\n|upkeep\n|turn|51\n|\n|t:|1699708036\n|switch|p2a: Dondozo|Dondozo, F|95\/100\n|move|p1a: Corviknight|Brave Bird|p2a: Dondozo\n|-damage|p2a: Dondozo|77\/100\n|-damage|p1a: Corviknight|80\/100|[from] Recoil\n|\n|upkeep\n|turn|52\n|\n|t:|1699708044\n|move|p1a: Corviknight|Brave Bird|p2a: Dondozo\n|-damage|p2a: Dondozo|62\/100\n|-damage|p1a: Corviknight|73\/100|[from] Recoil\n|move|p2a: Dondozo|Curse|p2a: Dondozo\n|-unboost|p2a: Dondozo|spe|1\n|-boost|p2a: Dondozo|atk|1\n|-boost|p2a: Dondozo|def|1\n|\n|upkeep\n|turn|53\n|inactive|simplegent has 120 seconds left.\n|\n|t:|1699708093\n|switch|p1a: Mandibuzz|Mandibuzz, F|60\/100\n|move|p2a: Dondozo|Waterfall|p1a: Mandibuzz\n|-damage|p1a: Mandibuzz|36\/100\n|\n|upkeep\n|turn|54\n|\n|t:|1699708100\n|move|p1a: Mandibuzz|Defog|p2a: Dondozo\n|-unboost|p2a: Dondozo|evasion|1\n|-sideend|p1: simplegent|Spikes|[from] move: Defog|[of] p1a: Mandibuzz\n|move|p2a: Dondozo|Curse|p2a: Dondozo\n|-unboost|p2a: Dondozo|spe|1\n|-boost|p2a: Dondozo|atk|1\n|-boost|p2a: Dondozo|def|1\n|\n|upkeep\n|turn|55\n|\n|t:|1699708105\n|move|p1a: Mandibuzz|Roost|p1a: Mandibuzz\n|-heal|p1a: Mandibuzz|86\/100\n|-singleturn|p1a: Mandibuzz|move: Roost\n|move|p2a: Dondozo|Waterfall|p1a: Mandibuzz\n|-damage|p1a: Mandibuzz|55\/100\n|\n|upkeep\n|turn|56\n|\n|t:|1699708108\n|move|p1a: Mandibuzz|U-turn|p2a: Dondozo\n|-damage|p2a: Dondozo|59\/100\n|\n|t:|1699708124\n|switch|p1a: Samurott|Samurott-Hisui, F|100\/100|[from] U-turn\n|move|p2a: Dondozo|Waterfall|p1a: Samurott\n|-resisted|p1a: Samurott\n|-damage|p1a: Samurott|66\/100\n|\n|upkeep\n|turn|57\n|\n|t:|1699708135\n|move|p1a: Samurott|Flip Turn|p2a: Dondozo\n|-resisted|p2a: Dondozo\n|-damage|p2a: Dondozo|56\/100\n|\n|t:|1699708151\n|switch|p1a: Mandibuzz|Mandibuzz, F|55\/100|[from] Flip Turn\n|move|p2a: Dondozo|Waterfall|p1a: Mandibuzz\n|-damage|p1a: Mandibuzz|26\/100\n|\n|upkeep\n|turn|58\n|\n|t:|1699708157\n|move|p1a: Mandibuzz|Roost|p1a: Mandibuzz\n|-heal|p1a: Mandibuzz|76\/100\n|-singleturn|p1a: Mandibuzz|move: Roost\n|move|p2a: Dondozo|Curse|p2a: Dondozo\n|-unboost|p2a: Dondozo|spe|1\n|-boost|p2a: Dondozo|atk|1\n|-boost|p2a: Dondozo|def|1\n|\n|upkeep\n|turn|59\n|\n|t:|1699708166\n|move|p1a: Mandibuzz|U-turn|p2a: Dondozo\n|-damage|p2a: Dondozo|54\/100\n|\n|t:|1699708186\n|switch|p1a: Samurott|Samurott-Hisui, F|66\/100|[from] U-turn\n|move|p2a: Dondozo|Waterfall|p1a: Samurott\n|-resisted|p1a: Samurott\n|-damage|p1a: Samurott|25\/100\n|\n|upkeep\n|turn|60\n|j| yellow motorola\n|\n|t:|1699708195\n|move|p1a: Samurott|Ceaseless Edge|p2a: Dondozo\n|-damage|p2a: Dondozo|46\/100\n|-sidestart|p2: Elstefano|Spikes\n|move|p2a: Dondozo|Waterfall|p1a: Samurott\n|-resisted|p1a: Samurott\n|-damage|p1a: Samurott|0 fnt\n|faint|p1a: Samurott\n|\n|upkeep\n|j| Goopui\n|\n|t:|1699708199\n|switch|p1a: Sandy Shocks|Sandy Shocks, tera:Ice|77\/100\n|turn|61\n|\n|t:|1699708205\n|switch|p2a: Clodsire|Clodsire, F|100\/100\n|move|p1a: Sandy Shocks|Volt Switch|p2a: Clodsire\n|-immune|p2a: Clodsire\n|\n|upkeep\n|turn|62\n|l| lospapusredux\n|\n|t:|1699708223\n|-end|p1a: Sandy Shocks|Protosynthesis|[silent]\n|switch|p1a: Corviknight|Corviknight, F|73\/100\n|-ability|p1a: Corviknight|Pressure\n|switch|p2a: Gliscor|Gliscor, F|100\/100 tox\n|\n|upkeep\n|turn|63\n|\n|t:|1699708235\n|switch|p1a: Sandy Shocks|Sandy Shocks, tera:Ice|77\/100\n|move|p2a: Gliscor|Spikes|p1a: Sandy Shocks\n|-sidestart|p1: simplegent|Spikes\n|\n|upkeep\n|turn|64\n|\n|t:|1699708274\n|switch|p2a: Blissey|Blissey, F|67\/100\n|move|p1a: Sandy Shocks|Volt Switch|p2a: Blissey\n|-damage|p2a: Blissey|55\/100\n|inactive|simplegent has 120 seconds left.\n|j| Diepvries\n|\n|t:|1699708313\n|-end|p1a: Sandy Shocks|Protosynthesis|[silent]\n|switch|p1a: Dragapult|Dragapult, M|100\/100|[from] Volt Switch\n|-damage|p1a: Dragapult|88\/100|[from] Spikes\n|\n|upkeep\n|turn|65\n|\n|t:|1699708321\n|switch|p2a: Gliscor|Gliscor, F|100\/100 tox\n|move|p1a: Dragapult|Will-O-Wisp||[still]\n|-fail|p1a: Dragapult\n|\n|upkeep\n|turn|66\n|\n|t:|1699708328\n|switch|p1a: Corviknight|Corviknight, F|73\/100\n|-ability|p1a: Corviknight|Pressure\n|move|p2a: Gliscor|Knock Off|p1a: Corviknight\n|-damage|p1a: Corviknight|61\/100\n|\n|upkeep\n|turn|67\n|\n|t:|1699708334\n|move|p2a: Gliscor|Knock Off|p1a: Corviknight\n|-crit|p1a: Corviknight\n|-damage|p1a: Corviknight|44\/100\n|move|p1a: Corviknight|Brave Bird|p2a: Gliscor\n|-damage|p2a: Gliscor|74\/100 tox\n|-damage|p1a: Corviknight|37\/100|[from] Recoil\n|\n|-heal|p2a: Gliscor|87\/100 tox|[from] ability: Poison Heal\n|upkeep\n|turn|68\n|\n|t:|1699708339\n|move|p2a: Gliscor|Knock Off|p1a: Corviknight\n|-damage|p1a: Corviknight|25\/100\n|move|p1a: Corviknight|Roost|p1a: Corviknight\n|-heal|p1a: Corviknight|75\/100\n|-singleturn|p1a: Corviknight|move: Roost\n|\n|-heal|p2a: Gliscor|99\/100 tox|[from] ability: Poison Heal\n|upkeep\n|turn|69\n|\n|t:|1699708344\n|switch|p2a: Dondozo|Dondozo, F|46\/100\n|move|p1a: Corviknight|Bulk Up|p1a: Corviknight\n|-boost|p1a: Corviknight|atk|1\n|-boost|p1a: Corviknight|def|1\n|\n|upkeep\n|turn|70\n|\n|t:|1699708358\n|switch|p1a: Sandy Shocks|Sandy Shocks, tera:Ice|77\/100\n|move|p2a: Dondozo|Rest|p2a: Dondozo\n|-status|p2a: Dondozo|slp|[from] move: Rest\n|-heal|p2a: Dondozo|100\/100 slp|[silent]\n|\n|upkeep\n|turn|71\n|\n|t:|1699708368\n|switch|p2a: Clodsire|Clodsire, F|100\/100\n|move|p1a: Sandy Shocks|Volt Switch|p2a: Clodsire\n|-immune|p2a: Clodsire\n|\n|upkeep\n|turn|72\n|\n|t:|1699708375\n|-end|p1a: Sandy Shocks|Protosynthesis|[silent]\n|switch|p1a: Corviknight|Corviknight, F|75\/100\n|-ability|p1a: Corviknight|Pressure\n|move|p2a: Clodsire|Earthquake|p1a: Corviknight\n|-immune|p1a: Corviknight\n|\n|upkeep\n|turn|73\n|\n|t:|1699708381\n|switch|p2a: Gliscor|Gliscor, F|99\/100 tox\n|move|p1a: Corviknight|Brave Bird|p2a: Gliscor\n|-damage|p2a: Gliscor|72\/100 tox\n|-damage|p1a: Corviknight|67\/100|[from] Recoil\n|\n|-heal|p2a: Gliscor|84\/100 tox|[from] ability: Poison Heal\n|upkeep\n|turn|74\n|\n|t:|1699708386\n|move|p2a: Gliscor|Spikes|p1a: Corviknight\n|-sidestart|p1: simplegent|Spikes\n|move|p1a: Corviknight|Bulk Up|p1a: Corviknight\n|-boost|p1a: Corviknight|atk|1\n|-boost|p1a: Corviknight|def|1\n|\n|-heal|p2a: Gliscor|97\/100 tox|[from] ability: Poison Heal\n|upkeep\n|turn|75\n|\n|t:|1699708391\n|switch|p1a: Mandibuzz|Mandibuzz, F|76\/100\n|move|p2a: Gliscor|Spikes|p1a: Mandibuzz\n|-sidestart|p1: simplegent|Spikes\n|\n|-heal|p2a: Gliscor|100\/100 tox|[from] ability: Poison Heal\n|upkeep\n|turn|76\n|\n|t:|1699708396\n|switch|p2a: Corviknight|Corviknight, M|86\/100\n|-ability|p2a: Corviknight|Pressure\n|move|p1a: Mandibuzz|Defog|p2a: Corviknight\n|-unboost|p2a: Corviknight|evasion|1\n|-sideend|p2: Elstefano|Spikes|[from] move: Defog|[of] p1a: Mandibuzz\n|-sideend|p1: simplegent|Spikes|[from] move: Defog|[of] p1a: Mandibuzz\n|\n|upkeep\n|turn|77\n|l| Diepvries\n|\n|t:|1699708402\n|switch|p1a: Dragapult|Dragapult, M|88\/100\n|move|p2a: Corviknight|Brave Bird|p1a: Dragapult\n|-damage|p1a: Dragapult|41\/100\n|-damage|p2a: Corviknight|74\/100|[from] Recoil\n|\n|upkeep\n|turn|78\n|\n|t:|1699708428\n|switch|p2a: Gliscor|Gliscor, F|100\/100 tox\n|move|p1a: Dragapult|Dragon Darts|p2a: Gliscor\n|-damage|p2a: Gliscor|71\/100 tox\n|-anim|p1a: Dragapult|Dragon Darts|p2a: Gliscor\n|-damage|p2a: Gliscor|42\/100 tox\n|\n|-heal|p2a: Gliscor|55\/100 tox|[from] ability: Poison Heal\n|upkeep\n|turn|79\n|l| banupx7\n|inactive|simplegent has 120 seconds left.\n|\n|t:|1699708459\n|move|p2a: Gliscor|Protect|p2a: Gliscor\n|-singleturn|p2a: Gliscor|Protect\n|move|p1a: Dragapult|Dragon Darts|p2a: Gliscor\n|-activate|p2a: Gliscor|move: Protect\n|\n|-heal|p2a: Gliscor|67\/100 tox|[from] ability: Poison Heal\n|upkeep\n|turn|80\n|l| Goopui\n|\n|t:|1699708469\n|switch|p1a: Sandy Shocks|Sandy Shocks, tera:Ice|77\/100\n|switch|p2a: Dondozo|Dondozo, F|100\/100 slp\n|\n|upkeep\n|turn|81\n|\n|t:|1699708480\n|switch|p2a: Blissey|Blissey, F|55\/100\n|move|p1a: Sandy Shocks|Earth Power|p2a: Blissey\n|-damage|p2a: Blissey|40\/100\n|-unboost|p2a: Blissey|spd|1\n|\n|upkeep\n|turn|82\n|inactive|simplegent has 120 seconds left.\n|\n|t:|1699708498\n|move|p1a: Sandy Shocks|Tera Blast|p2a: Blissey|[anim] Tera Blast Ice\n|-damage|p2a: Blissey|19\/100\n|move|p2a: Blissey|Soft-Boiled|p2a: Blissey\n|-heal|p2a: Blissey|69\/100\n|\n|upkeep\n|turn|83\n|\n|t:|1699708504\n|move|p1a: Sandy Shocks|Volt Switch|p2a: Blissey\n|-damage|p2a: Blissey|52\/100\n|\n|t:|1699708507\n|-end|p1a: Sandy Shocks|Protosynthesis|[silent]\n|switch|p1a: Sneasler|Sneasler, F|100\/100|[from] Volt Switch\n|move|p2a: Blissey|Calm Mind|p2a: Blissey\n|-boost|p2a: Blissey|spa|1\n|-boost|p2a: Blissey|spd|1\n|\n|upkeep\n|turn|84\n|\n|t:|1699708520\n|switch|p2a: Gliscor|Gliscor, F|67\/100 tox\n|move|p1a: Sneasler|U-turn|p2a: Gliscor\n|-resisted|p2a: Gliscor\n|-damage|p2a: Gliscor|57\/100 tox\n|\n|t:|1699708526\n|switch|p1a: Sandy Shocks|Sandy Shocks, tera:Ice|77\/100|[from] U-turn\n|\n|-heal|p2a: Gliscor|70\/100 tox|[from] ability: Poison Heal\n|upkeep\n|turn|85\n|\n|t:|1699708538\n|move|p2a: Gliscor|Protect|p2a: Gliscor\n|-singleturn|p2a: Gliscor|Protect\n|move|p1a: Sandy Shocks|Tera Blast|p2a: Gliscor|[anim] Tera Blast Ice\n|-activate|p2a: Gliscor|move: Protect\n|\n|-heal|p2a: Gliscor|82\/100 tox|[from] ability: Poison Heal\n|upkeep\n|turn|86\n|inactive|simplegent has 120 seconds left.\n|\n|t:|1699708556\n|switch|p2a: Clodsire|Clodsire, F|100\/100\n|move|p1a: Sandy Shocks|Stealth Rock|p2a: Clodsire\n|-sidestart|p2: Elstefano|move: Stealth Rock\n|\n|upkeep\n|turn|87\n|inactive|simplegent has 120 seconds left.\n|\n|t:|1699708571\n|move|p1a: Sandy Shocks|Volt Switch|p2a: Clodsire\n|-immune|p2a: Clodsire\n|move|p2a: Clodsire|Earthquake|p1a: Sandy Shocks\n|-damage|p1a: Sandy Shocks|52\/100\n|\n|upkeep\n|turn|88\n|\n|t:|1699708580\n|move|p1a: Sandy Shocks|Tera Blast|p2a: Clodsire|[anim] Tera Blast Ice\n|-supereffective|p2a: Clodsire\n|-damage|p2a: Clodsire|53\/100\n|move|p2a: Clodsire|Earthquake|p1a: Sandy Shocks\n|-damage|p1a: Sandy Shocks|26\/100\n|\n|upkeep\n|turn|89\n|\n|t:|1699708584\n|switch|p2a: Blissey|Blissey, F|52\/100\n|move|p1a: Sandy Shocks|Earth Power|p2a: Blissey\n|-damage|p2a: Blissey|35\/100\n|-unboost|p2a: Blissey|spd|1\n|\n|upkeep\n|turn|90\n|\n|t:|1699708591\n|move|p1a: Sandy Shocks|Volt Switch|p2a: Blissey\n|-damage|p2a: Blissey|18\/100\n|\n|t:|1699708595\n|-end|p1a: Sandy Shocks|Protosynthesis|[silent]\n|switch|p1a: Sneasler|Sneasler, F|100\/100|[from] Volt Switch\n|move|p2a: Blissey|Soft-Boiled|p2a: Blissey\n|-heal|p2a: Blissey|68\/100\n|\n|upkeep\n|turn|91\n|\n|t:|1699708601\n|switch|p2a: Gliscor|Gliscor, F|82\/100 tox\n|-damage|p2a: Gliscor|70\/100 tox|[from] Stealth Rock\n|move|p1a: Sneasler|U-turn|p2a: Gliscor\n|-resisted|p2a: Gliscor\n|-damage|p2a: Gliscor|60\/100 tox\n|\n|t:|1699708608\n|switch|p1a: Dragapult|Dragapult, M|41\/100|[from] U-turn\n|\n|-heal|p2a: Gliscor|72\/100 tox|[from] ability: Poison Heal\n|upkeep\n|turn|92\n|\n|t:|1699708614\n|move|p1a: Dragapult|U-turn|p2a: Gliscor\n|-resisted|p2a: Gliscor\n|-damage|p2a: Gliscor|59\/100 tox\n|\n|t:|1699708617\n|switch|p1a: Corviknight|Corviknight, F|67\/100|[from] U-turn\n|-ability|p1a: Corviknight|Pressure\n|move|p2a: Gliscor|Knock Off|p1a: Corviknight\n|-damage|p1a: Corviknight|55\/100\n|\n|-heal|p2a: Gliscor|72\/100 tox|[from] ability: Poison Heal\n|upkeep\n|turn|93\n|\n|t:|1699708638\n|move|p2a: Gliscor|Knock Off|p1a: Corviknight\n|-damage|p1a: Corviknight|44\/100\n|move|p1a: Corviknight|Brave Bird|p2a: Gliscor\n|-damage|p2a: Gliscor|44\/100 tox\n|-damage|p1a: Corviknight|36\/100|[from] Recoil\n|\n|-heal|p2a: Gliscor|57\/100 tox|[from] ability: Poison Heal\n|upkeep\n|turn|94\n|\n|t:|1699708648\n|move|p2a: Gliscor|Knock Off|p1a: Corviknight\n|-damage|p1a: Corviknight|24\/100\n|move|p1a: Corviknight|Roost|p1a: Corviknight\n|-heal|p1a: Corviknight|74\/100\n|-singleturn|p1a: Corviknight|move: Roost\n|\n|-heal|p2a: Gliscor|69\/100 tox|[from] ability: Poison Heal\n|upkeep\n|turn|95\n|\n|t:|1699708657\n|switch|p2a: Dondozo|Dondozo, F|100\/100 slp\n|move|p1a: Corviknight|Bulk Up|p1a: Corviknight\n|-boost|p1a: Corviknight|atk|1\n|-boost|p1a: Corviknight|def|1\n|\n|upkeep\n|turn|96\n|\n|t:|1699708667\n|switch|p1a: Sneasler|Sneasler, F|100\/100\n|cant|p2a: Dondozo|slp\n|move|p2a: Dondozo|Sleep Talk|p2a: Dondozo\n|move|p2a: Dondozo|Waterfall|p1a: Sneasler|[from]move: Sleep Talk\n|-damage|p1a: Sneasler|55\/100\n|\n|upkeep\n|turn|97\n|l| VicBossMG\n|\n|t:|1699708680\n|switch|p2a: Gliscor|Gliscor, F|69\/100 tox\n|-damage|p2a: Gliscor|57\/100 tox|[from] Stealth Rock\n|move|p1a: Sneasler|U-turn|p2a: Gliscor\n|-resisted|p2a: Gliscor\n|-damage|p2a: Gliscor|47\/100 tox\n|j| Goopui\n|\n|t:|1699708688\n|switch|p1a: Dragapult|Dragapult, M|41\/100|[from] U-turn\n|\n|-heal|p2a: Gliscor|59\/100 tox|[from] ability: Poison Heal\n|upkeep\n|turn|98\n|\n|t:|1699708694\n|move|p2a: Gliscor|Protect|p2a: Gliscor\n|-singleturn|p2a: Gliscor|Protect\n|move|p1a: Dragapult|Dragon Darts|p2a: Gliscor\n|-activate|p2a: Gliscor|move: Protect\n|\n|-heal|p2a: Gliscor|72\/100 tox|[from] ability: Poison Heal\n|upkeep\n|turn|99\n|\n|t:|1699708702\n|switch|p1a: Sandy Shocks|Sandy Shocks, tera:Ice|26\/100\n|switch|p2a: Dondozo|Dondozo, F|100\/100 slp\n|\n|upkeep\n|turn|100\n|\n|t:|1699708710\n|switch|p2a: Blissey|Blissey, F|68\/100\n|move|p1a: Sandy Shocks|Volt Switch|p2a: Blissey\n|-damage|p2a: Blissey|55\/100\n|inactive|simplegent has 120 seconds left.\n|\n|t:|1699708731\n|-end|p1a: Sandy Shocks|Protosynthesis|[silent]\n|switch|p1a: Dragapult|Dragapult, M|41\/100|[from] Volt Switch\n|\n|upkeep\n|turn|101\n|inactive|simplegent has 120 seconds left.\n|\n|t:|1699708740\n|switch|p2a: Corviknight|Corviknight, M|74\/100\n|-damage|p2a: Corviknight|61\/100|[from] Stealth Rock\n|-ability|p2a: Corviknight|Pressure\n|move|p1a: Dragapult|U-turn|p2a: Corviknight\n|-resisted|p2a: Corviknight\n|-damage|p2a: Corviknight|56\/100\n|-damage|p1a: Dragapult|24\/100|[from] item: Rocky Helmet|[of] p2a: Corviknight\n|inactive|simplegent has 120 seconds left.\n|\n|t:|1699708748\n|switch|p1a: Sandy Shocks|Sandy Shocks, tera:Ice|26\/100|[from] U-turn\n|\n|upkeep\n|turn|102\n|inactive|simplegent has 120 seconds left.\n|\n|t:|1699708759\n|switch|p2a: Blissey|Blissey, F|55\/100\n|move|p1a: Sandy Shocks|Volt Switch|p2a: Blissey\n|-damage|p2a: Blissey|42\/100\n|\n|t:|1699708766\n|-end|p1a: Sandy Shocks|Protosynthesis|[silent]\n|switch|p1a: Dragapult|Dragapult, M|24\/100|[from] Volt Switch\n|\n|upkeep\n|turn|103\n|\n|t:|1699708774\n|switch|p2a: Dondozo|Dondozo, F|100\/100 slp\n|move|p1a: Dragapult|Dragon Darts|p2a: Dondozo\n|-damage|p2a: Dondozo|84\/100 slp\n|-anim|p1a: Dragapult|Dragon Darts|p2a: Dondozo\n|-damage|p2a: Dondozo|66\/100 slp\n|\n|upkeep\n|turn|104\n|\n|t:|1699708783\n|move|p1a: Dragapult|Dragon Darts|p2a: Dondozo\n|-damage|p2a: Dondozo|49\/100 slp\n|-anim|p1a: Dragapult|Dragon Darts|p2a: Dondozo\n|-damage|p2a: Dondozo|32\/100 slp\n|cant|p2a: Dondozo|slp\n|move|p2a: Dondozo|Sleep Talk|p2a: Dondozo\n|move|p2a: Dondozo|Waterfall|p1a: Dragapult|[from]move: Sleep Talk\n|-resisted|p1a: Dragapult\n|-damage|p1a: Dragapult|5\/100\n|\n|upkeep\n|turn|105\n|inactive|simplegent has 120 seconds left.\n|\n|t:|1699708798\n|switch|p2a: Corviknight|Corviknight, M|56\/100\n|-damage|p2a: Corviknight|44\/100|[from] Stealth Rock\n|-ability|p2a: Corviknight|Pressure\n|move|p1a: Dragapult|Dragon Darts|p2a: Corviknight\n|-resisted|p2a: Corviknight\n|-damage|p2a: Corviknight|32\/100\n|-anim|p1a: Dragapult|Dragon Darts|p2a: Corviknight\n|-resisted|p2a: Corviknight\n|-damage|p2a: Corviknight|22\/100\n|\n|upkeep\n|turn|106\n|\n|t:|1699708818\n|-terastallize|p2a: Corviknight|Fairy\n|move|p1a: Dragapult|Dragon Darts|p2a: Corviknight\n|-immune|p2a: Corviknight\n|move|p2a: Corviknight|Roost|p2a: Corviknight\n|-heal|p2a: Corviknight|72\/100\n|\n|upkeep\n|turn|107\n|inactive|simplegent has 120 seconds left.\n|\n|t:|1699708845\n|switch|p1a: Sneasler|Sneasler, F|55\/100\n|switch|p2a: Gliscor|Gliscor, F|72\/100 tox\n|-damage|p2a: Gliscor|59\/100 tox|[from] Stealth Rock\n|\n|-heal|p2a: Gliscor|72\/100 tox|[from] ability: Poison Heal\n|upkeep\n|turn|108\n|\n|t:|1699708850\n|switch|p1a: Corviknight|Corviknight, F|74\/100\n|-ability|p1a: Corviknight|Pressure\n|move|p2a: Gliscor|Spikes|p1a: Corviknight\n|-sidestart|p1: simplegent|Spikes\n|\n|-heal|p2a: Gliscor|84\/100 tox|[from] ability: Poison Heal\n|upkeep\n|turn|109\n|\n|t:|1699708860\n|switch|p2a: Corviknight|Corviknight, M, tera:Fairy|72\/100\n|-damage|p2a: Corviknight|59\/100|[from] Stealth Rock\n|-ability|p2a: Corviknight|Pressure\n|move|p1a: Corviknight|Bulk Up|p1a: Corviknight\n|-boost|p1a: Corviknight|atk|1\n|-boost|p1a: Corviknight|def|1\n|\n|upkeep\n|turn|110\n|\n|t:|1699708876\n|move|p2a: Corviknight|Iron Defense|p2a: Corviknight\n|-boost|p2a: Corviknight|def|2\n|move|p1a: Corviknight|Brave Bird|p2a: Corviknight\n|-damage|p2a: Corviknight|43\/100\n|-damage|p1a: Corviknight|57\/100|[from] item: Rocky Helmet|[of] p2a: Corviknight\n|-damage|p1a: Corviknight|52\/100|[from] Recoil\n|\n|upkeep\n|turn|111\n|l| yellow motorola\n|\n|t:|1699708882\n|switch|p1a: Mandibuzz|Mandibuzz, F|76\/100\n|move|p2a: Corviknight|Roost|p2a: Corviknight\n|-heal|p2a: Corviknight|93\/100\n|\n|upkeep\n|turn|112\n|\n|t:|1699708890\n|move|p1a: Mandibuzz|Defog|p2a: Corviknight\n|-unboost|p2a: Corviknight|evasion|1\n|-sideend|p2: Elstefano|Stealth Rock|[from] move: Defog|[of] p1a: Mandibuzz\n|-sideend|p1: simplegent|Spikes|[from] move: Defog|[of] p1a: Mandibuzz\n|move|p2a: Corviknight|Iron Defense|p2a: Corviknight\n|-boost|p2a: Corviknight|def|2\n|\n|upkeep\n|turn|113\n|\n|t:|1699708893\n|move|p1a: Mandibuzz|U-turn|p2a: Corviknight\n|-resisted|p2a: Corviknight\n|-damage|p2a: Corviknight|92\/100\n|-damage|p1a: Mandibuzz|59\/100|[from] item: Rocky Helmet|[of] p2a: Corviknight\n|\n|t:|1699708897\n|switch|p1a: Dragapult|Dragapult, M|5\/100|[from] U-turn\n|move|p2a: Corviknight|Brave Bird|p1a: Dragapult\n|-damage|p1a: Dragapult|0 fnt\n|faint|p1a: Dragapult\n|-damage|p2a: Corviknight|91\/100|[from] Recoil\n|\n|upkeep\n|\n|t:|1699708901\n|switch|p1a: Sneasler|Sneasler, F|55\/100\n|turn|114\n|\n|t:|1699708907\n|switch|p2a: Gliscor|Gliscor, F|84\/100 tox\n|move|p1a: Sneasler|Switcheroo|p2a: Gliscor\n|-activate|p1a: Sneasler|move: Trick|[of] p2a: Gliscor\n|-item|p2a: Gliscor|Toxic Orb|[from] move: Switcheroo\n|-item|p1a: Sneasler|Choice Scarf|[from] move: Switcheroo\n|\n|-heal|p2a: Gliscor|97\/100 tox|[from] ability: Poison Heal\n|upkeep\n|turn|115\n|\n|t:|1699708916\n|move|p2a: Gliscor|Protect|p2a: Gliscor\n|-singleturn|p2a: Gliscor|Protect\n|move|p1a: Sneasler|Switcheroo|p2a: Gliscor\n|-activate|p2a: Gliscor|move: Protect\n|\n|-heal|p2a: Gliscor|100\/100 tox|[from] ability: Poison Heal\n|upkeep\n|turn|116\n|j| banupx7\n|\n|t:|1699708923\n|switch|p1a: Corviknight|Corviknight, F|52\/100\n|-ability|p1a: Corviknight|Pressure\n|move|p2a: Gliscor|Earthquake|p1a: Corviknight\n|-immune|p1a: Corviknight\n|\n|upkeep\n|turn|117\n|l| banupx7\n|\n|t:|1699708928\n|switch|p2a: Corviknight|Corviknight, M, tera:Fairy|91\/100\n|-ability|p2a: Corviknight|Pressure\n|switch|p1a: Sandy Shocks|Sandy Shocks, tera:Ice|26\/100\n|\n|upkeep\n|turn|118\n|\n|t:|1699708933\n|switch|p2a: Clodsire|Clodsire, F|53\/100\n|move|p1a: Sandy Shocks|Volt Switch|p2a: Clodsire\n|-immune|p2a: Clodsire\n|\n|upkeep\n|turn|119\n|\n|t:|1699708940\n|move|p1a: Sandy Shocks|Earth Power|p2a: Clodsire\n|-supereffective|p2a: Clodsire\n|-damage|p2a: Clodsire|0 fnt\n|faint|p2a: Clodsire\n|\n|upkeep\n|\n|t:|1699708943\n|switch|p2a: Blissey|Blissey, F|42\/100\n|turn|120\n|\n|t:|1699708946\n|move|p1a: Sandy Shocks|Volt Switch|p2a: Blissey\n|-damage|p2a: Blissey|30\/100\n|\n|t:|1699708955\n|-end|p1a: Sandy Shocks|Protosynthesis|[silent]\n|switch|p1a: Corviknight|Corviknight, F|52\/100|[from] Volt Switch\n|-ability|p1a: Corviknight|Pressure\n|move|p2a: Blissey|Soft-Boiled|p2a: Blissey\n|-heal|p2a: Blissey|80\/100\n|\n|upkeep\n|turn|121\n|\n|t:|1699708973\n|switch|p1a: Sandy Shocks|Sandy Shocks, tera:Ice|26\/100\n|switch|p2a: Corviknight|Corviknight, M, tera:Fairy|91\/100\n|-ability|p2a: Corviknight|Pressure\n|\n|upkeep\n|turn|122\n|\n|t:|1699708984\n|move|p1a: Sandy Shocks|Volt Switch|p2a: Corviknight\n|-damage|p2a: Corviknight|56\/100\n|\n|t:|1699708990\n|-end|p1a: Sandy Shocks|Protosynthesis|[silent]\n|switch|p1a: Sneasler|Sneasler, F|55\/100|[from] Volt Switch\n|move|p2a: Corviknight|Body Press|p1a: Sneasler\n|-resisted|p1a: Sneasler\n|-damage|p1a: Sneasler|30\/100\n|\n|upkeep\n|turn|123\n|\n|t:|1699709007\n|switch|p2a: Gliscor|Gliscor, F|100\/100 tox\n|move|p1a: Sneasler|Switcheroo|p2a: Gliscor\n|-activate|p1a: Sneasler|move: Trick|[of] p2a: Gliscor\n|-item|p2a: Gliscor|Choice Scarf|[from] move: Switcheroo\n|-item|p1a: Sneasler|Toxic Orb|[from] move: Switcheroo\n|\n|upkeep\n|turn|124\n|\n|t:|1699709022\n|switch|p1a: Mandibuzz|Mandibuzz, F|59\/100\n|move|p2a: Gliscor|Earthquake|p1a: Mandibuzz\n|-immune|p1a: Mandibuzz\n|\n|upkeep\n|turn|125\n|\n|t:|1699709027\n|move|p2a: Gliscor|Earthquake|p1a: Mandibuzz\n|-immune|p1a: Mandibuzz\n|move|p1a: Mandibuzz|U-turn|p2a: Gliscor\n|-resisted|p2a: Gliscor\n|-damage|p2a: Gliscor|96\/100 tox\n|\n|t:|1699709039\n|switch|p1a: Sandy Shocks|Sandy Shocks, tera:Ice|26\/100|[from] U-turn\n|\n|-heal|p2a: Gliscor|100\/100 tox|[from] ability: Poison Heal\n|upkeep\n|turn|126\n|\n|t:|1699709045\n|switch|p2a: Blissey|Blissey, F|80\/100\n|move|p1a: Sandy Shocks|Tera Blast|p2a: Blissey|[anim] Tera Blast Ice\n|-damage|p2a: Blissey|67\/100\n|\n|upkeep\n|turn|127\n|\n|t:|1699709051\n|move|p1a: Sandy Shocks|Volt Switch|p2a: Blissey\n|-damage|p2a: Blissey|56\/100\n|\n|t:|1699709065\n|-end|p1a: Sandy Shocks|Protosynthesis|[silent]\n|switch|p1a: Mandibuzz|Mandibuzz, F|59\/100|[from] Volt Switch\n|move|p2a: Blissey|Stealth Rock|p1a: Mandibuzz\n|-sidestart|p1: simplegent|move: Stealth Rock\n|\n|upkeep\n|turn|128\n|\n|t:|1699709071\n|move|p1a: Mandibuzz|U-turn|p2a: Blissey\n|-damage|p2a: Blissey|44\/100\n|j| MarburgCOVEbola\n|\n|t:|1699709075\n|switch|p1a: Corviknight|Corviknight, F|52\/100|[from] U-turn\n|-damage|p1a: Corviknight|40\/100|[from] Stealth Rock\n|-ability|p1a: Corviknight|Pressure\n|move|p2a: Blissey|Soft-Boiled|p2a: Blissey\n|-heal|p2a: Blissey|94\/100\n|\n|upkeep\n|turn|129\n|j| Mr.Fuji245\n|\n|t:|1699709086\n|switch|p2a: Corviknight|Corviknight, M, tera:Fairy|56\/100\n|-ability|p2a: Corviknight|Pressure\n|move|p1a: Corviknight|Roost|p1a: Corviknight\n|-heal|p1a: Corviknight|90\/100\n|-singleturn|p1a: Corviknight|move: Roost\n|\n|upkeep\n|turn|130\n|c| MarburgCOVEbola|fairy corv?\n|\n|t:|1699709096\n|move|p2a: Corviknight|Roost|p2a: Corviknight\n|-heal|p2a: Corviknight|100\/100\n|move|p1a: Corviknight|Bulk Up|p1a: Corviknight\n|-boost|p1a: Corviknight|atk|1\n|-boost|p1a: Corviknight|def|1\n|\n|upkeep\n|turn|131\n|c| MarburgCOVEbola|you become poson weak\n|\n|t:|1699709108\n|move|p2a: Corviknight|Iron Defense|p2a: Corviknight\n|-boost|p2a: Corviknight|def|2\n|move|p1a: Corviknight|Substitute|p1a: Corviknight\n|-start|p1a: Corviknight|Substitute\n|-damage|p1a: Corviknight|65\/100\n|\n|upkeep\n|turn|132\n|\n|t:|1699709113\n|move|p1a: Corviknight|Substitute|p1a: Corviknight\n|-fail|p1a: Corviknight|move: Substitute\n|move|p2a: Corviknight|Iron Defense|p2a: Corviknight\n|-boost|p2a: Corviknight|def|2\n|\n|upkeep\n|turn|133\n|\n|t:|1699709118\n|move|p2a: Corviknight|Iron Defense|p2a: Corviknight\n|-boost|p2a: Corviknight|def|2\n|move|p1a: Corviknight|Bulk Up|p1a: Corviknight\n|-boost|p1a: Corviknight|atk|1\n|-boost|p1a: Corviknight|def|1\n|\n|upkeep\n|turn|134\n|\n|t:|1699709124\n|switch|p2a: Dondozo|Dondozo, F|32\/100 slp\n|move|p1a: Corviknight|Bulk Up|p1a: Corviknight\n|-boost|p1a: Corviknight|atk|1\n|-boost|p1a: Corviknight|def|1\n|\n|upkeep\n|turn|135\n|\n|t:|1699709131\n|move|p1a: Corviknight|Brave Bird|p2a: Dondozo\n|-damage|p2a: Dondozo|17\/100 slp\n|-damage|p1a: Corviknight|59\/100|[from] Recoil\n|-curestatus|p2a: Dondozo|slp|[msg]\n|move|p2a: Dondozo|Rest|p2a: Dondozo\n|-status|p2a: Dondozo|slp|[from] move: Rest\n|-heal|p2a: Dondozo|100\/100 slp|[silent]\n|\n|upkeep\n|turn|136\n|\n|t:|1699709136\n|switch|p1a: Sandy Shocks|Sandy Shocks, tera:Ice|26\/100\n|cant|p2a: Dondozo|slp\n|move|p2a: Dondozo|Sleep Talk|p2a: Dondozo\n|move|p2a: Dondozo|Rest||[from]move: Sleep Talk|[still]\n|-fail|p2a: Dondozo\n|\n|upkeep\n|turn|137\n|\n|t:|1699709150\n|switch|p2a: Gliscor|Gliscor, F|100\/100 tox\n|move|p1a: Sandy Shocks|Volt Switch|p2a: Gliscor\n|-immune|p2a: Gliscor\n|\n|upkeep\n|turn|138\n|\n|t:|1699709154\n|move|p2a: Gliscor|Protect|p2a: Gliscor\n|-singleturn|p2a: Gliscor|Protect\n|move|p1a: Sandy Shocks|Tera Blast|p2a: Gliscor|[anim] Tera Blast Ice\n|-activate|p2a: Gliscor|move: Protect\n|\n|upkeep\n|turn|139\n|\n|t:|1699709163\n|switch|p2a: Blissey|Blissey, F|94\/100\n|move|p1a: Sandy Shocks|Volt Switch|p2a: Blissey\n|-damage|p2a: Blissey|81\/100\n|\n|t:|1699709169\n|-end|p1a: Sandy Shocks|Protosynthesis|[silent]\n|switch|p1a: Sneasler|Sneasler, F|30\/100|[from] Volt Switch\n|-damage|p1a: Sneasler|24\/100|[from] Stealth Rock\n|\n|upkeep\n|turn|140\n|c| MarburgCOVEbola|see\n|\n|t:|1699709183\n|switch|p2a: Gliscor|Gliscor, F|100\/100 tox\n|move|p1a: Sneasler|U-turn|p2a: Gliscor\n|-resisted|p2a: Gliscor\n|-damage|p2a: Gliscor|91\/100 tox\n|\n|t:|1699709196\n|switch|p1a: Sandy Shocks|Sandy Shocks, tera:Ice|26\/100|[from] U-turn\n|\n|-heal|p2a: Gliscor|100\/100 tox|[from] ability: Poison Heal\n|upkeep\n|turn|141\n|\n|t:|1699709207\n|move|p2a: Gliscor|Earthquake|p1a: Sandy Shocks\n|-damage|p1a: Sandy Shocks|0 fnt\n|faint|p1a: Sandy Shocks\n|-end|p1a: Sandy Shocks|Protosynthesis|[silent]\n|\n|upkeep\n|j| Nature_K\n|l| Nature_K\n|inactive|simplegent has 120 seconds left.\n|\n|t:|1699709238\n|switch|p1a: Corviknight|Corviknight, F|59\/100\n|-damage|p1a: Corviknight|47\/100|[from] Stealth Rock\n|-ability|p1a: Corviknight|Pressure\n|turn|142\n|\n|t:|1699709254\n|switch|p2a: Dondozo|Dondozo, F|100\/100 slp\n|move|p1a: Corviknight|Bulk Up|p1a: Corviknight\n|-boost|p1a: Corviknight|atk|1\n|-boost|p1a: Corviknight|def|1\n|\n|upkeep\n|turn|143\n|\n|t:|1699709260\n|move|p1a: Corviknight|Substitute|p1a: Corviknight\n|-start|p1a: Corviknight|Substitute\n|-damage|p1a: Corviknight|22\/100\n|cant|p2a: Dondozo|slp\n|move|p2a: Dondozo|Sleep Talk|p2a: Dondozo\n|move|p2a: Dondozo|Curse|p2a: Dondozo|[from]move: Sleep Talk\n|-unboost|p2a: Dondozo|spe|1\n|-boost|p2a: Dondozo|atk|1\n|-boost|p2a: Dondozo|def|1\n|\n|upkeep\n|turn|144\n|\n|t:|1699709266\n|move|p1a: Corviknight|Roost|p1a: Corviknight\n|-heal|p1a: Corviknight|72\/100\n|-singleturn|p1a: Corviknight|move: Roost\n|-curestatus|p2a: Dondozo|slp|[msg]\n|move|p2a: Dondozo|Curse|p2a: Dondozo\n|-unboost|p2a: Dondozo|spe|1\n|-boost|p2a: Dondozo|atk|1\n|-boost|p2a: Dondozo|def|1\n|\n|upkeep\n|turn|145\n|inactive|simplegent has 120 seconds left.\n|\n|t:|1699709278\n|move|p1a: Corviknight|Bulk Up|p1a: Corviknight\n|-boost|p1a: Corviknight|atk|1\n|-boost|p1a: Corviknight|def|1\n|move|p2a: Dondozo|Curse|p2a: Dondozo\n|-unboost|p2a: Dondozo|spe|1\n|-boost|p2a: Dondozo|atk|1\n|-boost|p2a: Dondozo|def|1\n|\n|upkeep\n|turn|146\n|\n|t:|1699709281\n|move|p1a: Corviknight|Bulk Up|p1a: Corviknight\n|-boost|p1a: Corviknight|atk|1\n|-boost|p1a: Corviknight|def|1\n|move|p2a: Dondozo|Curse|p2a: Dondozo\n|-unboost|p2a: Dondozo|spe|1\n|-boost|p2a: Dondozo|atk|1\n|-boost|p2a: Dondozo|def|1\n|\n|upkeep\n|turn|147\n|\n|t:|1699709283\n|move|p1a: Corviknight|Bulk Up|p1a: Corviknight\n|-boost|p1a: Corviknight|atk|1\n|-boost|p1a: Corviknight|def|1\n|move|p2a: Dondozo|Curse|p2a: Dondozo\n|-unboost|p2a: Dondozo|spe|1\n|-boost|p2a: Dondozo|atk|1\n|-boost|p2a: Dondozo|def|1\n|\n|upkeep\n|turn|148\n|\n|t:|1699709286\n|move|p1a: Corviknight|Bulk Up|p1a: Corviknight\n|-boost|p1a: Corviknight|atk|1\n|-boost|p1a: Corviknight|def|1\n|move|p2a: Dondozo|Curse|p2a: Dondozo\n|-unboost|p2a: Dondozo|spe|1\n|-boost|p2a: Dondozo|atk|1\n|-boost|p2a: Dondozo|def|1\n|\n|upkeep\n|turn|149\n|\n|t:|1699709289\n|move|p1a: Corviknight|Bulk Up|p1a: Corviknight\n|-boost|p1a: Corviknight|atk|1\n|-boost|p1a: Corviknight|def|1\n|move|p2a: Dondozo|Waterfall|p1a: Corviknight\n|-end|p1a: Corviknight|Substitute\n|\n|upkeep\n|turn|150\n|\n|t:|1699709292\n|move|p1a: Corviknight|Substitute|p1a: Corviknight\n|-start|p1a: Corviknight|Substitute\n|-damage|p1a: Corviknight|47\/100\n|move|p2a: Dondozo|Waterfall|p1a: Corviknight\n|-end|p1a: Corviknight|Substitute\n|\n|upkeep\n|turn|151\n|j| gosuBX\n|\n|t:|1699709295\n|move|p1a: Corviknight|Substitute|p1a: Corviknight\n|-start|p1a: Corviknight|Substitute\n|-damage|p1a: Corviknight|22\/100\n|move|p2a: Dondozo|Waterfall|p1a: Corviknight\n|-end|p1a: Corviknight|Substitute\n|\n|upkeep\n|turn|152\n|\n|t:|1699709298\n|move|p1a: Corviknight|Roost|p1a: Corviknight\n|-heal|p1a: Corviknight|72\/100\n|-singleturn|p1a: Corviknight|move: Roost\n|move|p2a: Dondozo|Waterfall|p1a: Corviknight\n|-damage|p1a: Corviknight|0 fnt\n|faint|p1a: Corviknight\n|\n|upkeep\n|\n|t:|1699709301\n|switch|p1a: Sneasler|Sneasler, F|24\/100\n|-damage|p1a: Sneasler|18\/100|[from] Stealth Rock\n|turn|153\n|\n|t:|1699709307\n|move|p1a: Sneasler|Dire Claw|p2a: Dondozo\n|-damage|p2a: Dondozo|96\/100\n|-status|p2a: Dondozo|psn\n|move|p2a: Dondozo|Waterfall|p1a: Sneasler\n|-damage|p1a: Sneasler|0 fnt\n|faint|p1a: Sneasler\n|\n|-damage|p2a: Dondozo|83\/100 psn|[from] psn\n|upkeep\n|l| Goopui\n|\n|t:|1699709312\n|switch|p1a: Mandibuzz|Mandibuzz, F|59\/100\n|turn|154\n|\n|t:|1699709315\n|move|p1a: Mandibuzz|Defog|p2a: Dondozo\n|-unboost|p2a: Dondozo|evasion|1\n|-sideend|p1: simplegent|Stealth Rock|[from] move: Defog|[of] p1a: Mandibuzz\n|move|p2a: Dondozo|Waterfall|p1a: Mandibuzz\n|-damage|p1a: Mandibuzz|0 fnt\n|faint|p1a: Mandibuzz\n|\n|win|Elstefano\n|raw|simplegent's rating: 1731 &rarr; <strong>1714<\/strong><br \/>(-17 for losing)\n|raw|Elstefano's rating: 1784 &rarr; <strong>1801<\/strong><br \/>(+17 for winning)\n|c|\u2606Elstefano|G\n|c|\u2606Elstefano|Gg\n|l| gosuBX\n","uploadtime":1699709328,"views":21,"p1id":"simplegent","p2id":"elstefano","formatid":"gen9ou","rating":1714,"private":0,"password":""}