{"id":"gen9ou-1993758001","p1":"ShadowB2W2","p2":"HGpawmi","format":"[Gen 9] OU","log":"|j|\u2606ShadowB2W2\n|j|\u2606HGpawmi\n|t:|1700353731\n|gametype|singles\n|player|p1|ShadowB2W2|nate|1016\n|player|p2|HGpawmi|mars|1059\n|teamsize|p1|6\n|teamsize|p2|6\n|gen|9\n|tier|[Gen 9] OU\n|rated|\n|rule|Sleep Clause Mod: Limit one foe put to sleep\n|rule|Species Clause: Limit one of each Pok\u00e9mon\n|rule|OHKO Clause: OHKO moves are banned\n|rule|Evasion Items Clause: Evasion items are banned\n|rule|Evasion Moves Clause: Evasion moves are banned\n|rule|Endless Battle Clause: Forcing endless battles is banned\n|rule|HP Percentage Mod: HP is shown in percentages\n|clearpoke\n|poke|p1|Jirachi|\n|poke|p1|Sawsbuck-Winter, M|\n|poke|p1|Pawmot, M|\n|poke|p1|Sinistcha-Masterpiece|\n|poke|p1|Hatterene, F|\n|poke|p1|Arcanine-Hisui, M|\n|poke|p2|Arbok, M|\n|poke|p2|Weezing-Galar, M|\n|poke|p2|Muk-Alola, F|\n|poke|p2|Magcargo, M|\n|poke|p2|Grafaiai, F|\n|poke|p2|Dragalge, M|\n|teampreview\n|\n|t:|1700353736\n|start\n|switch|p1a: Hatterene|Hatterene, F|100\/100\n|switch|p2a: Muk|Muk-Alola, F|100\/100\n|turn|1\n|\n|t:|1700353744\n|move|p2a: Muk|Knock Off|p1a: Hatterene\n|-damage|p1a: Hatterene|54\/100\n|-enditem|p1a: Hatterene|Assault Vest|[from] move: Knock Off|[of] p2a: Muk\n|move|p1a: Hatterene|Nuzzle|p2a: Muk\n|-damage|p2a: Muk|96\/100\n|-status|p2a: Muk|par\n|\n|upkeep\n|turn|2\n|\n|t:|1700353755\n|move|p1a: Hatterene|Draining Kiss|p2a: Muk\n|-damage|p2a: Muk|82\/100 par\n|-heal|p1a: Hatterene|66\/100|[from] drain|[of] p2a: Muk\n|move|p2a: Muk|Gunk Shot|p1a: Hatterene\n|-supereffective|p1a: Hatterene\n|-damage|p1a: Hatterene|0 fnt\n|faint|p1a: Hatterene\n|\n|upkeep\n|\n|t:|1700353767\n|switch|p1a: Jirachi|Jirachi|100\/100\n|turn|3\n|\n|t:|1700353772\n|move|p1a: Jirachi|Meteor Mash|p2a: Muk\n|-damage|p2a: Muk|36\/100 par\n|move|p2a: Muk|Knock Off|p1a: Jirachi\n|-supereffective|p1a: Jirachi\n|-damage|p1a: Jirachi|13\/100\n|-enditem|p1a: Jirachi|Covert Cloak|[from] move: Knock Off|[of] p2a: Muk\n|\n|upkeep\n|turn|4\n|\n|t:|1700353780\n|move|p1a: Jirachi|Meteor Mash|p2a: Muk\n|-damage|p2a: Muk|0 fnt\n|-boost|p1a: Jirachi|atk|1\n|faint|p2a: Muk\n|\n|upkeep\n|\n|t:|1700353786\n|switch|p2a: Arbok|Arbok, M, shiny|100\/100\n|-ability|p2a: Arbok|Intimidate|boost\n|-unboost|p1a: Jirachi|atk|1\n|turn|5\n|\n|t:|1700353793\n|move|p1a: Jirachi|Iron Head|p2a: Arbok\n|-damage|p2a: Arbok|58\/100\n|move|p2a: Arbok|Earthquake|p1a: Jirachi\n|-supereffective|p1a: Jirachi\n|-damage|p1a: Jirachi|0 fnt\n|faint|p1a: Jirachi\n|\n|upkeep\n|\n|t:|1700353805\n|switch|p1a: Arcanine|Arcanine-Hisui, M|100\/100\n|turn|6\n|\n|t:|1700353809\n|move|p1a: Arcanine|Head Smash|p2a: Arbok\n|-damage|p2a: Arbok|0 fnt\n|faint|p2a: Arbok\n|\n|upkeep\n|\n|t:|1700353814\n|switch|p2a: Weezing|Weezing-Galar, M|100\/100\n|-fieldstart|move: Misty Terrain|[from] ability: Misty Surge|[of] p2a: Weezing\n|turn|7\n|\n|t:|1700353827\n|-terastallize|p1a: Arcanine|Fire\n|move|p1a: Arcanine|Flare Blitz|p2a: Weezing\n|-damage|p2a: Weezing|46\/100\n|move|p2a: Weezing|Strange Steam|p1a: Arcanine\n|-resisted|p1a: Arcanine\n|-damage|p1a: Arcanine|84\/100\n|\n|-heal|p2a: Weezing|52\/100|[from] item: Black Sludge\n|upkeep\n|turn|8\n|\n|t:|1700353837\n|move|p1a: Arcanine|Psychic Fangs|p2a: Weezing\n|-supereffective|p2a: Weezing\n|-damage|p2a: Weezing|13\/100\n|move|p2a: Weezing|Misty Explosion|p1a: Arcanine\n|-resisted|p1a: Arcanine\n|-damage|p1a: Arcanine|55\/100\n|faint|p2a: Weezing\n|\n|upkeep\n|\n|t:|1700353848\n|switch|p2a: Magcargo|Magcargo, M|100\/100\n|turn|9\n|\n|t:|1700353852\n|move|p1a: Arcanine|Head Smash|p2a: Magcargo\n|-supereffective|p2a: Magcargo\n|-damage|p2a: Magcargo|0 fnt\n|faint|p2a: Magcargo\n|\n|upkeep\n|\n|t:|1700353859\n|switch|p2a: Dragalge|Dragalge, M, shiny|100\/100\n|turn|10\n|\n|t:|1700353863\n|move|p1a: Arcanine|Head Smash|p2a: Dragalge\n|-damage|p2a: Dragalge|22\/100\n|move|p2a: Dragalge|Dragon Pulse|p1a: Arcanine\n|-damage|p1a: Arcanine|11\/100\n|-damage|p2a: Dragalge|12\/100|[from] item: Life Orb\n|\n|upkeep\n|turn|11\n|\n|t:|1700353870\n|move|p1a: Arcanine|Flame Charge|p2a: Dragalge\n|-resisted|p2a: Dragalge\n|-damage|p2a: Dragalge|0 fnt\n|-boost|p1a: Arcanine|spe|1\n|faint|p2a: Dragalge\n|\n|-fieldend|Misty Terrain\n|upkeep\n|\n|t:|1700353878\n|switch|p2a: Grafaiai|Grafaiai, F|100\/100\n|turn|12\n|\n|t:|1700353882\n|-terastallize|p2a: Grafaiai|Flying\n|move|p2a: Grafaiai|Endure|p2a: Grafaiai\n|-singleturn|p2a: Grafaiai|move: Endure\n|move|p1a: Arcanine|Flare Blitz|p2a: Grafaiai\n|-crit|p2a: Grafaiai\n|-activate|p2a: Grafaiai|move: Endure\n|-damage|p2a: Grafaiai|1\/100\n|-enditem|p2a: Grafaiai|Liechi Berry|[eat]\n|-boost|p2a: Grafaiai|atk|1|[from] item: Liechi Berry\n|\n|upkeep\n|turn|13\n|\n|t:|1700353894\n|move|p2a: Grafaiai|Acrobatics|p1a: Arcanine\n|-damage|p1a: Arcanine|0 fnt\n|faint|p1a: Arcanine\n|\n|upkeep\n|\n|t:|1700353901\n|switch|p1a: Sawsbuck|Sawsbuck-Winter, M, shiny|100\/100\n|turn|14\n|\n|t:|1700353904\n|move|p2a: Grafaiai|Acrobatics|p1a: Sawsbuck\n|-supereffective|p1a: Sawsbuck\n|-enditem|p1a: Sawsbuck|Focus Sash\n|-damage|p1a: Sawsbuck|1\/100\n|move|p1a: Sawsbuck|Body Slam|p2a: Grafaiai\n|-damage|p2a: Grafaiai|0 fnt\n|faint|p2a: Grafaiai\n|\n|win|ShadowB2W2\n|raw|ShadowB2W2's rating: 1016 &rarr; <strong>1058<\/strong><br \/>(+42 for winning)\n|raw|HGpawmi's rating: 1059 &rarr; <strong>1038<\/strong><br \/>(-21 for losing)\n","uploadtime":1700353915,"views":17,"p1id":"shadowb2w2","p2id":"hgpawmi","formatid":"gen9ou","rating":1038,"private":0,"password":""}