{"id":"gen9ou-1989025843","p1":"Originxpulse","p2":"yellow motorola","format":"[Gen 9] OU","log":"|j|\u2606Originxpulse\n|j|\u2606yellow motorola\n|t:|1699803724\n|gametype|singles\n|player|p1|Originxpulse|hilbert|1489\n|player|p2|yellow motorola|will-gen2|1588\n|teamsize|p1|6\n|teamsize|p2|6\n|gen|9\n|tier|[Gen 9] OU\n|rated|\n|rule|Sleep Clause Mod: Limit one foe put to sleep\n|rule|Species Clause: Limit one of each Pok\u00e9mon\n|rule|OHKO Clause: OHKO moves are banned\n|rule|Evasion Items Clause: Evasion items are banned\n|rule|Evasion Moves Clause: Evasion moves are banned\n|rule|Endless Battle Clause: Forcing endless battles is banned\n|rule|HP Percentage Mod: HP is shown in percentages\n|clearpoke\n|poke|p1|Zamazenta-*|\n|poke|p1|Greninja-*, M|\n|poke|p1|Toxapex, M|\n|poke|p1|Landorus-Therian, M|\n|poke|p1|Slowking-Galar, F|\n|poke|p1|Dragapult, F|\n|poke|p2|Sinistcha|\n|poke|p2|Rillaboom, F|\n|poke|p2|Ursaluna, F|\n|poke|p2|Cinderace, F|\n|poke|p2|Sneasler, M|\n|poke|p2|Manaphy|\n|teampreview\n|inactive|Battle timer is ON: inactive players will automatically lose when time's up. (requested by yellow motorola)\n|inactive|yellow motorola has 120 seconds left.\n|\n|t:|1699803758\n|start\n|switch|p1a: Landorus|Landorus-Therian, M|100\/100\n|switch|p2a: Winston \ud83e\udd8d|Rillaboom, F|100\/100\n|-ability|p1a: Landorus|Intimidate|boost\n|-unboost|p2a: Winston \ud83e\udd8d|atk|1\n|-fieldstart|move: Grassy Terrain|[from] ability: Grassy Surge|[of] p2a: Winston \ud83e\udd8d\n|turn|1\n|\n|t:|1699803773\n|move|p1a: Landorus|U-turn|p2a: Winston \ud83e\udd8d\n|-supereffective|p2a: Winston \ud83e\udd8d\n|-damage|p2a: Winston \ud83e\udd8d|41\/100\n|\n|t:|1699803775\n|switch|p1a: Dragapult|Dragapult, F|100\/100|[from] U-turn\n|move|p2a: Winston \ud83e\udd8d|U-turn|p1a: Dragapult\n|-resisted|p1a: Dragapult\n|-damage|p1a: Dragapult|83\/100\n|\n|t:|1699803788\n|switch|p2a: Freddy Fazbear|Ursaluna, F, shiny|100\/100|[from] U-turn\n|\n|-heal|p1a: Dragapult|89\/100|[from] Grassy Terrain\n|-status|p2a: Freddy Fazbear|brn|[from] item: Flame Orb\n|upkeep\n|turn|2\n|\n|t:|1699803794\n|move|p1a: Dragapult|Draco Meteor|p2a: Freddy Fazbear\n|-damage|p2a: Freddy Fazbear|20\/100 brn\n|-unboost|p1a: Dragapult|spa|2\n|move|p2a: Freddy Fazbear|Headlong Rush|p1a: Dragapult\n|-damage|p1a: Dragapult|0 fnt\n|-unboost|p2a: Freddy Fazbear|def|1\n|-unboost|p2a: Freddy Fazbear|spd|1\n|faint|p1a: Dragapult\n|\n|-heal|p2a: Freddy Fazbear|26\/100 brn|[from] Grassy Terrain\n|-damage|p2a: Freddy Fazbear|20\/100 brn|[from] brn\n|upkeep\n|\n|t:|1699803802\n|switch|p1a: Greninja|Greninja, M|100\/100\n|turn|3\n|\n|t:|1699803810\n|switch|p2a: Leo|Manaphy|100\/100\n|move|p1a: Greninja|Dark Pulse|p2a: Leo\n|-damage|p2a: Leo|62\/100\n|-damage|p1a: Greninja|91\/100|[from] item: Life Orb\n|\n|-heal|p1a: Greninja|97\/100|[from] Grassy Terrain\n|-heal|p2a: Leo|68\/100|[from] Grassy Terrain\n|-heal|p2a: Leo|74\/100|[from] item: Leftovers\n|upkeep\n|turn|4\n|\n|t:|1699803815\n|switch|p1a: Toxapex|Toxapex, M|100\/100\n|move|p2a: Leo|Scald|p1a: Toxapex\n|-resisted|p1a: Toxapex\n|-damage|p1a: Toxapex|93\/100\n|\n|-heal|p2a: Leo|80\/100|[from] Grassy Terrain\n|-heal|p2a: Leo|87\/100|[from] item: Leftovers\n|-heal|p1a: Toxapex|99\/100|[from] Grassy Terrain\n|upkeep\n|turn|5\n|\n|t:|1699803825\n|switch|p2a: Freddy Fazbear|Ursaluna, F, shiny|20\/100 brn\n|move|p1a: Toxapex|Infestation|p2a: Freddy Fazbear\n|-damage|p2a: Freddy Fazbear|16\/100 brn\n|-activate|p2a: Freddy Fazbear|move: Infestation|[of] p1a: Toxapex\n|\n|-heal|p2a: Freddy Fazbear|22\/100 brn|[from] Grassy Terrain\n|-heal|p1a: Toxapex|100\/100|[from] Grassy Terrain\n|-damage|p2a: Freddy Fazbear|16\/100 brn|[from] brn\n|-damage|p2a: Freddy Fazbear|3\/100 brn|[from] move: Infestation|[partiallytrapped]\n|-fieldend|move: Grassy Terrain\n|upkeep\n|turn|6\n|\n|t:|1699803832\n|switch|p1a: Slowking|Slowking-Galar, F|100\/100\n|move|p2a: Freddy Fazbear|Facade|p1a: Slowking\n|-damage|p1a: Slowking|3\/100\n|\n|-damage|p2a: Freddy Fazbear|0 fnt|[from] brn\n|faint|p2a: Freddy Fazbear\n|upkeep\n|\n|t:|1699803840\n|switch|p2a: Winston \ud83e\udd8d|Rillaboom, F|41\/100\n|-fieldstart|move: Grassy Terrain|[from] ability: Grassy Surge|[of] p2a: Winston \ud83e\udd8d\n|turn|7\n|\n|t:|1699803843\n|move|p2a: Winston \ud83e\udd8d|U-turn|p1a: Slowking\n|-damage|p1a: Slowking|0 fnt\n|faint|p1a: Slowking\n|\n|t:|1699803852\n|switch|p2a: Leo|Manaphy|87\/100|[from] U-turn\n|\n|-heal|p2a: Leo|93\/100|[from] Grassy Terrain\n|-heal|p2a: Leo|99\/100|[from] item: Leftovers\n|upkeep\n|\n|t:|1699803858\n|switch|p1a: Toxapex|Toxapex, M|100\/100\n|turn|8\n|inactive|yellow motorola has 120 seconds left.\n|c|\u2606Originxpulse|does it have take heart?\n|\n|t:|1699803895\n|-terastallize|p2a: Leo|Poison\n|move|p2a: Leo|Take Heart|p2a: Leo\n|-boost|p2a: Leo|spa|1\n|-boost|p2a: Leo|spd|1\n|move|p1a: Toxapex|Infestation|p2a: Leo\n|-resisted|p2a: Leo\n|-damage|p2a: Leo|98\/100\n|-activate|p2a: Leo|move: Infestation|[of] p1a: Toxapex\n|\n|-heal|p2a: Leo|100\/100|[from] Grassy Terrain\n|-damage|p2a: Leo|88\/100|[from] move: Infestation|[partiallytrapped]\n|upkeep\n|turn|9\n|c|\u2606Originxpulse|got ewm\n|\n|t:|1699803906\n|move|p2a: Leo|Acid Armor|p2a: Leo\n|-boost|p2a: Leo|def|2\n|move|p1a: Toxapex|Acid Spray|p2a: Leo\n|-resisted|p2a: Leo\n|-damage|p2a: Leo|85\/100\n|-unboost|p2a: Leo|spd|2\n|\n|-heal|p2a: Leo|91\/100|[from] Grassy Terrain\n|-heal|p2a: Leo|97\/100|[from] item: Leftovers\n|-damage|p2a: Leo|85\/100|[from] move: Infestation|[partiallytrapped]\n|upkeep\n|turn|10\n|\n|t:|1699803910\n|move|p2a: Leo|Stored Power|p1a: Toxapex\n|-supereffective|p1a: Toxapex\n|-damage|p1a: Toxapex|72\/100\n|move|p1a: Toxapex|Acid Spray|p2a: Leo\n|-resisted|p2a: Leo\n|-damage|p2a: Leo|76\/100\n|-unboost|p2a: Leo|spd|2\n|\n|-heal|p2a: Leo|82\/100|[from] Grassy Terrain\n|-heal|p2a: Leo|89\/100|[from] item: Leftovers\n|-heal|p1a: Toxapex|78\/100|[from] Grassy Terrain\n|-damage|p2a: Leo|76\/100|[from] move: Infestation|[partiallytrapped]\n|upkeep\n|turn|11\n|c|\u2606Originxpulse|assualt vest toxapex\n|\n|t:|1699803925\n|move|p2a: Leo|Take Heart|p2a: Leo\n|-boost|p2a: Leo|spa|1\n|-boost|p2a: Leo|spd|1\n|move|p1a: Toxapex|Sludge Bomb|p2a: Leo\n|-resisted|p2a: Leo\n|-damage|p2a: Leo|50\/100\n|\n|-heal|p2a: Leo|56\/100|[from] Grassy Terrain\n|-heal|p2a: Leo|63\/100|[from] item: Leftovers\n|-heal|p1a: Toxapex|84\/100|[from] Grassy Terrain\n|-damage|p2a: Leo|50\/100|[from] move: Infestation|[partiallytrapped]\n|-fieldend|move: Grassy Terrain\n|upkeep\n|turn|12\n|\n|t:|1699803930\n|move|p2a: Leo|Stored Power|p1a: Toxapex\n|-supereffective|p1a: Toxapex\n|-damage|p1a: Toxapex|37\/100\n|move|p1a: Toxapex|Acid Spray|p2a: Leo\n|-resisted|p2a: Leo\n|-damage|p2a: Leo|40\/100\n|-unboost|p2a: Leo|spd|2\n|\n|-heal|p2a: Leo|46\/100|[from] item: Leftovers\n|-end|p2a: Leo|Infestation|[partiallytrapped]\n|upkeep\n|turn|13\n|\n|t:|1699803933\n|move|p2a: Leo|Stored Power|p1a: Toxapex\n|-supereffective|p1a: Toxapex\n|-damage|p1a: Toxapex|0 fnt\n|faint|p1a: Toxapex\n|\n|-heal|p2a: Leo|52\/100|[from] item: Leftovers\n|upkeep\n|\n|t:|1699803935\n|switch|p1a: Landorus|Landorus-Therian, M|100\/100\n|-ability|p1a: Landorus|Intimidate|boost\n|-unboost|p2a: Leo|atk|1\n|turn|14\n|inactive|yellow motorola has 120 seconds left.\n|inactive|yellow motorola has 90 seconds left.\n|\n|t:|1699804004\n|-terastallize|p1a: Landorus|Ground\n|move|p1a: Landorus|Earthquake|p2a: Leo\n|-supereffective|p2a: Leo\n|-damage|p2a: Leo|6\/100\n|move|p2a: Leo|Scald|p1a: Landorus\n|-supereffective|p1a: Landorus\n|-crit|p1a: Landorus\n|-damage|p1a: Landorus|0 fnt\n|faint|p1a: Landorus\n|\n|-heal|p2a: Leo|13\/100|[from] item: Leftovers\n|upkeep\n|\n|t:|1699804008\n|switch|p1a: Greninja|Greninja, M|97\/100\n|turn|15\n|inactive|yellow motorola has 90 seconds left.\n|\n|t:|1699804022\n|move|p1a: Greninja|Dark Pulse|p2a: Leo\n|-damage|p2a: Leo|0 fnt\n|faint|p2a: Leo\n|-ability|p1a: Greninja|Battle Bond|boost\n|-boost|p1a: Greninja|atk|1\n|-boost|p1a: Greninja|spa|1\n|-boost|p1a: Greninja|spe|1\n|-activate|p1a: Greninja|ability: Battle Bond\n|-damage|p1a: Greninja|87\/100|[from] item: Life Orb\n|\n|upkeep\n|\n|t:|1699804023\n|switch|p2a: Winston \ud83e\udd8d|Rillaboom, F|41\/100\n|-fieldstart|move: Grassy Terrain|[from] ability: Grassy Surge|[of] p2a: Winston \ud83e\udd8d\n|turn|16\n|\n|t:|1699804028\n|switch|p1a: Zamazenta|Zamazenta|100\/100\n|-ability|p1a: Zamazenta|Dauntless Shield|boost\n|-boost|p1a: Zamazenta|def|1\n|move|p2a: Winston \ud83e\udd8d|Grassy Glide|p1a: Zamazenta\n|-damage|p1a: Zamazenta|73\/100\n|\n|-heal|p1a: Zamazenta|79\/100|[from] Grassy Terrain\n|-heal|p1a: Zamazenta|85\/100|[from] item: Leftovers\n|-heal|p2a: Winston \ud83e\udd8d|47\/100|[from] Grassy Terrain\n|upkeep\n|turn|17\n|\n|t:|1699804031\n|switch|p2a: Dimple \ud83c\udf75|Sinistcha|100\/100\n|-enditem|p2a: Dimple \ud83c\udf75|Grassy Seed\n|-boost|p2a: Dimple \ud83c\udf75|def|1|[from] item: Grassy Seed\n|move|p1a: Zamazenta|Substitute|p1a: Zamazenta\n|-start|p1a: Zamazenta|Substitute\n|-damage|p1a: Zamazenta|60\/100\n|\n|-heal|p1a: Zamazenta|66\/100|[from] Grassy Terrain\n|-heal|p1a: Zamazenta|72\/100|[from] item: Leftovers\n|upkeep\n|turn|18\n|\n|t:|1699804035\n|move|p1a: Zamazenta|Crunch|p2a: Dimple \ud83c\udf75\n|-supereffective|p2a: Dimple \ud83c\udf75\n|-damage|p2a: Dimple \ud83c\udf75|79\/100\n|move|p2a: Dimple \ud83c\udf75|Matcha Gotcha|p1a: Zamazenta\n|-end|p1a: Zamazenta|Substitute\n|-heal|p2a: Dimple \ud83c\udf75|93\/100|[from] drain|[of] p1a: Zamazenta\n|\n|-heal|p1a: Zamazenta|79\/100|[from] Grassy Terrain\n|-heal|p1a: Zamazenta|85\/100|[from] item: Leftovers\n|-heal|p2a: Dimple \ud83c\udf75|99\/100|[from] Grassy Terrain\n|upkeep\n|turn|19\n|\n|t:|1699804054\n|move|p1a: Zamazenta|Crunch|p2a: Dimple \ud83c\udf75\n|-supereffective|p2a: Dimple \ud83c\udf75\n|-damage|p2a: Dimple \ud83c\udf75|78\/100\n|-unboost|p2a: Dimple \ud83c\udf75|def|1\n|move|p2a: Dimple \ud83c\udf75|Matcha Gotcha|p1a: Zamazenta\n|-damage|p1a: Zamazenta|50\/100\n|-heal|p2a: Dimple \ud83c\udf75|97\/100|[from] drain|[of] p1a: Zamazenta\n|-status|p1a: Zamazenta|brn\n|\n|-heal|p1a: Zamazenta|57\/100 brn|[from] Grassy Terrain\n|-heal|p1a: Zamazenta|63\/100 brn|[from] item: Leftovers\n|-heal|p2a: Dimple \ud83c\udf75|100\/100|[from] Grassy Terrain\n|-damage|p1a: Zamazenta|57\/100 brn|[from] brn\n|upkeep\n|turn|20\n|\n|t:|1699804065\n|switch|p1a: Greninja|Greninja, M|87\/100\n|move|p2a: Dimple \ud83c\udf75|Calm Mind|p2a: Dimple \ud83c\udf75\n|-boost|p2a: Dimple \ud83c\udf75|spa|1\n|-boost|p2a: Dimple \ud83c\udf75|spd|1\n|\n|-heal|p1a: Greninja|93\/100|[from] Grassy Terrain\n|-fieldend|move: Grassy Terrain\n|upkeep\n|turn|21\n|inactive|yellow motorola has 120 seconds left.\n|\n|t:|1699804093\n|switch|p2a: Portgas D. Ace \ud83d\udd25|Cinderace, F, shiny|100\/100\n|move|p1a: Greninja|Dark Pulse|p2a: Portgas D. Ace \ud83d\udd25\n|-damage|p2a: Portgas D. Ace \ud83d\udd25|48\/100\n|-damage|p1a: Greninja|83\/100|[from] item: Life Orb\n|\n|upkeep\n|turn|22\n|\n|t:|1699804101\n|move|p1a: Greninja|Dark Pulse|p2a: Portgas D. Ace \ud83d\udd25\n|-damage|p2a: Portgas D. Ace \ud83d\udd25|0 fnt\n|faint|p2a: Portgas D. Ace \ud83d\udd25\n|-damage|p1a: Greninja|73\/100|[from] item: Life Orb\n|\n|upkeep\n|\n|t:|1699804104\n|switch|p2a: Winston \ud83e\udd8d|Rillaboom, F|47\/100\n|-fieldstart|move: Grassy Terrain|[from] ability: Grassy Surge|[of] p2a: Winston \ud83e\udd8d\n|turn|23\n|\n|t:|1699804106\n|switch|p1a: Zamazenta|Zamazenta|57\/100 brn\n|move|p2a: Winston \ud83e\udd8d|Grassy Glide|p1a: Zamazenta\n|-damage|p1a: Zamazenta|13\/100 brn\n|\n|-heal|p1a: Zamazenta|19\/100 brn|[from] Grassy Terrain\n|-heal|p1a: Zamazenta|25\/100 brn|[from] item: Leftovers\n|-heal|p2a: Winston \ud83e\udd8d|53\/100|[from] Grassy Terrain\n|-damage|p1a: Zamazenta|19\/100 brn|[from] brn\n|upkeep\n|turn|24\n|\n|t:|1699804108\n|move|p2a: Winston \ud83e\udd8d|Grassy Glide|p1a: Zamazenta\n|-damage|p1a: Zamazenta|0 fnt\n|faint|p1a: Zamazenta\n|\n|-heal|p2a: Winston \ud83e\udd8d|59\/100|[from] Grassy Terrain\n|upkeep\n|\n|t:|1699804111\n|switch|p1a: Greninja|Greninja, M|73\/100\n|turn|25\n|c|\u2606yellow motorola|gg\n|\n|t:|1699804113\n|move|p2a: Winston \ud83e\udd8d|Grassy Glide|p1a: Greninja\n|-supereffective|p1a: Greninja\n|-damage|p1a: Greninja|0 fnt\n|faint|p1a: Greninja\n|\n|win|yellow motorola\n|raw|Originxpulse's rating: 1470 &rarr; <strong>1457<\/strong><br \/>(-13 for losing)\n|raw|yellow motorola's rating: 1588 &rarr; <strong>1601<\/strong><br \/>(+13 for winning)\n|l|\u2606Originxpulse\n","uploadtime":1699804118,"views":12,"p1id":"originxpulse","p2id":"yellowmotorola","formatid":"gen9ou","rating":1457,"private":0,"password":""}