{"id":"gen9ou-1995245732","p1":"Soramm","p2":"RadReaper","format":"[Gen 9] OU","log":"|j|\u2606Soramm\n|j|\u2606RadReaper\n|t:|1700539515\n|gametype|singles\n|player|p1|Soramm|169|1102\n|player|p2|RadReaper|bugcatcher-gen4dp|1154\n|teamsize|p1|6\n|teamsize|p2|6\n|gen|9\n|tier|[Gen 9] OU\n|rated|\n|rule|Sleep Clause Mod: Limit one foe put to sleep\n|rule|Species Clause: Limit one of each Pok\u00e9mon\n|rule|OHKO Clause: OHKO moves are banned\n|rule|Evasion Items Clause: Evasion items are banned\n|rule|Evasion Moves Clause: Evasion moves are banned\n|rule|Endless Battle Clause: Forcing endless battles is banned\n|rule|HP Percentage Mod: HP is shown in percentages\n|clearpoke\n|poke|p1|Gholdengo|\n|poke|p1|Great Tusk|\n|poke|p1|Rotom-Wash|\n|poke|p1|Iron Valiant|\n|poke|p1|Dragonite, M|\n|poke|p1|Ting-Lu|\n|poke|p2|Articuno-Galar|\n|poke|p2|Mamoswine, F|\n|poke|p2|Samurott-Hisui, F|\n|poke|p2|Weezing-Galar, M|\n|poke|p2|Brambleghast, M|\n|poke|p2|Moltres|\n|teampreview\n|\n|t:|1700539522\n|start\n|switch|p1a: Rotom|Rotom-Wash|100\/100\n|switch|p2a: Weezing|Weezing-Galar, M, shiny|100\/100\n|-ability|p2a: Weezing|Neutralizing Gas\n|turn|1\n|\n|t:|1700539534\n|move|p1a: Rotom|Will-O-Wisp|p2a: Weezing\n|-status|p2a: Weezing|brn\n|move|p2a: Weezing|Toxic Spikes|p1a: Rotom\n|-sidestart|p1: Soramm|move: Toxic Spikes\n|\n|-damage|p2a: Weezing|95\/100 brn|[from] brn\n|upkeep\n|turn|2\n|\n|t:|1700539543\n|move|p1a: Rotom|Volt Switch|p2a: Weezing\n|-damage|p2a: Weezing|62\/100 brn\n|\n|t:|1700539553\n|switch|p1a: Great Tusk|Great Tusk|100\/100|[from] Volt Switch\n|-status|p1a: Great Tusk|psn\n|move|p2a: Weezing|Toxic Spikes|p1a: Great Tusk\n|-sidestart|p1: Soramm|move: Toxic Spikes\n|\n|-heal|p2a: Weezing|68\/100 brn|[from] item: Black Sludge\n|-damage|p1a: Great Tusk|88\/100 psn|[from] psn\n|-damage|p2a: Weezing|62\/100 brn|[from] brn\n|upkeep\n|turn|3\n|\n|t:|1700539567\n|-end|p2a: Weezing|ability: Neutralizing Gas\n|switch|p2a: Brambleghast|Brambleghast, M|100\/100\n|move|p1a: Great Tusk|Rapid Spin|p2a: Brambleghast\n|-immune|p2a: Brambleghast\n|\n|-heal|p1a: Great Tusk|94\/100 psn|[from] item: Leftovers\n|-damage|p1a: Great Tusk|82\/100 psn|[from] psn\n|upkeep\n|turn|4\n|c|\u2606RadReaper|rapid spin of the year\n|c|\u2606RadReaper|ur a moron\n|c|\u2606RadReaper|enjoy permanant poison\n|\n|t:|1700539597\n|-end|p1a: Great Tusk|Protosynthesis|[silent]\n|switch|p1a: Iron Valiant|Iron Valiant|100\/100\n|-status|p1a: Iron Valiant|tox\n|-enditem|p1a: Iron Valiant|Booster Energy\n|-activate|p1a: Iron Valiant|ability: Quark Drive|[fromitem]\n|-start|p1a: Iron Valiant|quarkdrivespe\n|move|p2a: Brambleghast|Power Whip|p1a: Iron Valiant\n|-damage|p1a: Iron Valiant|0 fnt\n|faint|p1a: Iron Valiant\n|-end|p1a: Iron Valiant|Quark Drive|[silent]\n|\n|upkeep\n|inactive|Battle timer is ON: inactive players will automatically lose when time's up. (requested by RadReaper)\n|c|\u2606RadReaper|nice one\n|\n|t:|1700539608\n|switch|p1a: Gholdengo|Gholdengo|100\/100\n|turn|5\n|\n|t:|1700539619\n|switch|p2a: Samurott|Samurott-Hisui, F|100\/100\n|move|p1a: Gholdengo|Shadow Ball|p2a: Samurott\n|-resisted|p2a: Samurott\n|-damage|p2a: Samurott|71\/100\n|-unboost|p2a: Samurott|spd|1\n|\n|upkeep\n|turn|6\n|c|\u2606RadReaper|ur mentally ill\n|\n|t:|1700539629\n|switch|p1a: Rotom|Rotom-Wash|100\/100\n|move|p2a: Samurott|Ceaseless Edge|p1a: Rotom\n|-damage|p1a: Rotom|66\/100\n|-sidestart|p1: Soramm|Spikes\n|\n|-heal|p1a: Rotom|72\/100|[from] item: Leftovers\n|upkeep\n|turn|7\n|\n|t:|1700539642\n|switch|p2a: Mamoswine|Mamoswine, F|100\/100\n|move|p1a: Rotom|Volt Switch|p2a: Mamoswine\n|-immune|p2a: Mamoswine\n|\n|-heal|p1a: Rotom|78\/100|[from] item: Leftovers\n|upkeep\n|turn|8\n|\n|t:|1700539651\n|move|p2a: Mamoswine|Earthquake|p1a: Rotom\n|-immune|p1a: Rotom|[from] ability: Levitate\n|move|p1a: Rotom|Will-O-Wisp|p2a: Mamoswine\n|-status|p2a: Mamoswine|brn\n|\n|-heal|p1a: Rotom|85\/100|[from] item: Leftovers\n|-damage|p2a: Mamoswine|94\/100 brn|[from] brn\n|upkeep\n|turn|9\n|c|\u2606RadReaper|im stupid\n|c|\u2606RadReaper|oops\n|\n|t:|1700539662\n|move|p2a: Mamoswine|Icicle Crash|p1a: Rotom\n|-resisted|p1a: Rotom\n|-damage|p1a: Rotom|76\/100\n|move|p1a: Rotom|Volt Switch|p2a: Mamoswine\n|-immune|p2a: Mamoswine\n|\n|-heal|p1a: Rotom|82\/100|[from] item: Leftovers\n|-damage|p2a: Mamoswine|88\/100 brn|[from] brn\n|upkeep\n|turn|10\n|\n|t:|1700539679\n|switch|p2a: Samurott|Samurott-Hisui, F|71\/100\n|move|p1a: Rotom|Volt Switch|p2a: Samurott\n|-supereffective|p2a: Samurott\n|-damage|p2a: Samurott|0 fnt\n|faint|p2a: Samurott\n|c|\u2606RadReaper|im stupid 2x\n|inactive|Soramm has 120 seconds left.\n|\n|t:|1700539701\n|switch|p1a: Ting-Lu|Ting-Lu|100\/100|[from] Volt Switch\n|-status|p1a: Ting-Lu|tox\n|-damage|p1a: Ting-Lu|88\/100 tox|[from] Spikes\n|-ability|p1a: Ting-Lu|Vessel of Ruin\n|\n|-heal|p1a: Ting-Lu|94\/100 tox|[from] item: Leftovers\n|-damage|p1a: Ting-Lu|88\/100 tox|[from] psn\n|upkeep\n|\n|t:|1700539720\n|switch|p2a: Articuno|Articuno-Galar, shiny|100\/100\n|turn|11\n|\n|t:|1700539729\n|switch|p1a: Rotom|Rotom-Wash|82\/100\n|move|p2a: Articuno|Agility|p2a: Articuno\n|-boost|p2a: Articuno|spe|2\n|\n|-heal|p1a: Rotom|88\/100|[from] item: Leftovers\n|upkeep\n|turn|12\n|\n|t:|1700539742\n|move|p2a: Articuno|Calm Mind|p2a: Articuno\n|-boost|p2a: Articuno|spa|1\n|-boost|p2a: Articuno|spd|1\n|move|p1a: Rotom|Volt Switch|p2a: Articuno\n|-supereffective|p2a: Articuno\n|-damage|p2a: Articuno|67\/100\n|-enditem|p2a: Articuno|Weakness Policy\n|-boost|p2a: Articuno|atk|2|[from] item: Weakness Policy\n|-boost|p2a: Articuno|spa|2|[from] item: Weakness Policy\n|c|\u2606RadReaper|ur a moron\n|c|\u2606RadReaper|sweep incoming\n|\n|t:|1700539752\n|switch|p1a: Gholdengo|Gholdengo|100\/100|[from] Volt Switch\n|-damage|p1a: Gholdengo|88\/100|[from] Spikes\n|\n|upkeep\n|turn|13\n|\n|t:|1700539758\n|-terastallize|p2a: Articuno|Fire\n|move|p2a: Articuno|Tera Blast|p1a: Gholdengo|[anim] Tera Blast Fire\n|-supereffective|p1a: Gholdengo\n|-damage|p1a: Gholdengo|0 fnt\n|faint|p1a: Gholdengo\n|\n|upkeep\n|c|\u2606RadReaper|pro gholdengo user\n|inactive|Soramm has 120 seconds left.\n|\n|t:|1700539783\n|switch|p1a: Dragonite|Dragonite, M|100\/100\n|turn|14\n|c|\u2606RadReaper|when that shit gets banned im gonna throw a rock through your window\n|\n|t:|1700539788\n|move|p2a: Articuno|Stored Power|p1a: Dragonite\n|-damage|p1a: Dragonite|0 fnt\n|faint|p1a: Dragonite\n|\n|upkeep\n|c|\u2606RadReaper|nah we sweeping\n|c|\u2606RadReaper|close the game bro\n|\n|t:|1700539799\n|switch|p1a: Ting-Lu|Ting-Lu|88\/100 tox\n|-damage|p1a: Ting-Lu|76\/100 tox|[from] Spikes\n|-ability|p1a: Ting-Lu|Vessel of Ruin\n|turn|15\n|\n|t:|1700539808\n|move|p2a: Articuno|Stored Power|p1a: Ting-Lu\n|-immune|p1a: Ting-Lu\n|move|p1a: Ting-Lu|Whirlwind|p2a: Articuno\n|drag|p2a: Brambleghast|Brambleghast, M|100\/100\n|\n|-heal|p1a: Ting-Lu|82\/100 tox|[from] item: Leftovers\n|-damage|p1a: Ting-Lu|76\/100 tox|[from] psn\n|upkeep\n|turn|16\n|\n|t:|1700539825\n|move|p2a: Brambleghast|Power Whip|p1a: Ting-Lu|[miss]\n|-miss|p2a: Brambleghast|p1a: Ting-Lu\n|move|p1a: Ting-Lu|Stealth Rock|p2a: Brambleghast\n|-sidestart|p2: RadReaper|move: Stealth Rock\n|\n|-heal|p1a: Ting-Lu|82\/100 tox|[from] item: Leftovers\n|-damage|p1a: Ting-Lu|69\/100 tox|[from] psn\n|upkeep\n|turn|17\n|inactive|Soramm has 120 seconds left.\n|\n|t:|1700539847\n|move|p2a: Brambleghast|Power Whip|p1a: Ting-Lu\n|-supereffective|p1a: Ting-Lu\n|-damage|p1a: Ting-Lu|0 fnt\n|faint|p1a: Ting-Lu\n|\n|upkeep\n|c|\u2606RadReaper|we're sweeping x3\n|j|@Mathy\n|n|\u203dRadReaper|radreaper\n|c|@Mathy|\/log RadReaper was locked from talking by Mathy. (battle harassment)\n|l|@Mathy\n|\n|t:|1700539862\n|switch|p1a: Great Tusk|Great Tusk|82\/100 psn\n|-damage|p1a: Great Tusk|70\/100 psn|[from] Spikes\n|turn|18\n|\n|t:|1700539870\n|move|p2a: Brambleghast|Power Whip|p1a: Great Tusk\n|-supereffective|p1a: Great Tusk\n|-damage|p1a: Great Tusk|0 fnt\n|faint|p1a: Great Tusk\n|-end|p1a: Great Tusk|Protosynthesis|[silent]\n|\n|upkeep\n|\n|t:|1700539876\n|switch|p1a: Rotom|Rotom-Wash|88\/100\n|turn|19\n|\n|t:|1700539879\n|move|p2a: Brambleghast|Power Whip|p1a: Rotom\n|-supereffective|p1a: Rotom\n|-damage|p1a: Rotom|0 fnt\n|faint|p1a: Rotom\n|\n|win|RadReaper\n|raw|Soramm's rating: 1102 &rarr; <strong>1081<\/strong><br \/>(-21 for losing)\n|raw|RadReaper's rating: 1154 &rarr; <strong>1175<\/strong><br \/>(+21 for winning)\n","uploadtime":1700539786,"views":14,"p1id":"soramm","p2id":"radreaper","formatid":"gen9ou","rating":1081,"private":0,"password":""}