{"id":"gen9ou-1990292574","p1":"Arj.uno","p2":"ChillLanturnYT","format":"[Gen 9] OU","log":"|j|\u2606Arj.uno\n|j|\u2606ChillLanturnYT\n|t:|1699951924\n|gametype|singles\n|player|p1|Arj.uno|102|1056\n|player|p2|ChillLanturnYT|palmer|1091\n|teamsize|p1|6\n|teamsize|p2|6\n|gen|9\n|tier|[Gen 9] OU\n|rated|\n|rule|Sleep Clause Mod: Limit one foe put to sleep\n|rule|Species Clause: Limit one of each Pok\u00e9mon\n|rule|OHKO Clause: OHKO moves are banned\n|rule|Evasion Items Clause: Evasion items are banned\n|rule|Evasion Moves Clause: Evasion moves are banned\n|rule|Endless Battle Clause: Forcing endless battles is banned\n|rule|HP Percentage Mod: HP is shown in percentages\n|clearpoke\n|poke|p1|Cinderace, M|\n|poke|p1|Greninja-*, F|\n|poke|p1|Meowscarada, F|\n|poke|p1|Great Tusk|\n|poke|p1|Gengar, F|\n|poke|p1|Farigiraf, F|\n|poke|p2|Ninetales-Alola, M|\n|poke|p2|Gholdengo|\n|poke|p2|Mew|\n|poke|p2|Clefable, M|\n|poke|p2|Mandibuzz, F|\n|poke|p2|Overqwil, M|\n|teampreview\n|inactive|Battle timer is ON: inactive players will automatically lose when time's up. (requested by Arj.uno)\n|\n|t:|1699951933\n|start\n|switch|p1a: Gengar|Gengar, F|100\/100\n|switch|p2a: Mew|Mew|100\/100\n|turn|1\n|\n|t:|1699951937\n|move|p1a: Gengar|Shadow Ball|p2a: Mew\n|-supereffective|p2a: Mew\n|-damage|p2a: Mew|30\/100\n|move|p2a: Mew|Roar|p1a: Gengar\n|drag|p1a: Meowscarada|Meowscarada, F|100\/100\n|\n|-heal|p2a: Mew|36\/100|[from] item: Leftovers\n|upkeep\n|turn|2\n|\n|t:|1699951942\n|switch|p2a: Overqwil|Overqwil, M|100\/100\n|-ability|p2a: Overqwil|Intimidate|boost\n|-unboost|p1a: Meowscarada|atk|1\n|move|p1a: Meowscarada|U-turn|p2a: Overqwil\n|-start|p1a: Meowscarada|typechange|Bug|[from] ability: Protean\n|-damage|p2a: Overqwil|75\/100\n|\n|t:|1699951948\n|switch|p1a: Great Tusk|Great Tusk|100\/100|[from] U-turn\n|-enditem|p1a: Great Tusk|Booster Energy\n|-activate|p1a: Great Tusk|ability: Protosynthesis|[fromitem]\n|-start|p1a: Great Tusk|protosynthesisspe\n|\n|-heal|p2a: Overqwil|82\/100|[from] item: Black Sludge\n|upkeep\n|turn|3\n|\n|t:|1699951952\n|switch|p2a: Mandibuzz|Mandibuzz, F|100\/100\n|move|p1a: Great Tusk|Earthquake|p2a: Mandibuzz\n|-immune|p2a: Mandibuzz\n|\n|upkeep\n|turn|4\n|\n|t:|1699951962\n|move|p1a: Great Tusk|Facade|p2a: Mandibuzz\n|-damage|p2a: Mandibuzz|89\/100\n|move|p2a: Mandibuzz|Foul Play|p1a: Great Tusk\n|-resisted|p1a: Great Tusk\n|-damage|p1a: Great Tusk|87\/100\n|\n|upkeep\n|turn|5\n|\n|t:|1699951982\n|move|p1a: Great Tusk|Body Press|p2a: Mandibuzz\n|-damage|p2a: Mandibuzz|69\/100\n|move|p2a: Mandibuzz|Toxic|p1a: Great Tusk\n|-status|p1a: Great Tusk|tox\n|\n|-damage|p1a: Great Tusk|81\/100 tox|[from] psn\n|upkeep\n|turn|6\n|\n|t:|1699951987\n|move|p1a: Great Tusk|Facade|p2a: Mandibuzz\n|-damage|p2a: Mandibuzz|47\/100\n|move|p2a: Mandibuzz|Roost|p2a: Mandibuzz\n|-heal|p2a: Mandibuzz|97\/100\n|-singleturn|p2a: Mandibuzz|move: Roost\n|\n|-damage|p1a: Great Tusk|69\/100 tox|[from] psn\n|upkeep\n|turn|7\n|\n|t:|1699951994\n|-end|p1a: Great Tusk|Protosynthesis|[silent]\n|switch|p1a: Gengar|Gengar, F|100\/100\n|switch|p2a: Gholdengo|Gholdengo|100\/100\n|\n|upkeep\n|turn|8\n|\n|t:|1699951996\n|move|p2a: Gholdengo|Shadow Ball|p1a: Gengar\n|-supereffective|p1a: Gengar\n|-damage|p1a: Gengar|6\/100\n|move|p1a: Gengar|Shadow Ball|p2a: Gholdengo\n|-supereffective|p2a: Gholdengo\n|-damage|p2a: Gholdengo|0 fnt\n|faint|p2a: Gholdengo\n|\n|upkeep\n|\n|t:|1699952007\n|switch|p2a: Overqwil|Overqwil, M|82\/100\n|-ability|p2a: Overqwil|Intimidate|boost\n|-unboost|p1a: Gengar|atk|1\n|turn|9\n|\n|t:|1699952010\n|move|p1a: Gengar|Thunderbolt|p2a: Overqwil\n|-damage|p2a: Overqwil|29\/100\n|move|p2a: Overqwil|Fell Stinger|p1a: Gengar\n|-resisted|p1a: Gengar\n|-damage|p1a: Gengar|0 fnt\n|-start|p2a: Overqwil|Disable|Fell Stinger|[from] ability: Cursed Body|[of] p1a: Gengar\n|faint|p1a: Gengar\n|-boost|p2a: Overqwil|atk|3\n|\n|-heal|p2a: Overqwil|35\/100|[from] item: Black Sludge\n|upkeep\n|\n|t:|1699952018\n|switch|p1a: Greninja|Greninja, F|100\/100\n|turn|10\n|\n|t:|1699952021\n|move|p1a: Greninja|Surf|p2a: Overqwil\n|-start|p1a: Greninja|typechange|Water|[from] ability: Protean\n|-damage|p2a: Overqwil|0 fnt\n|faint|p2a: Overqwil\n|\n|upkeep\n|\n|t:|1699952043\n|switch|p2a: Ninetales|Ninetales-Alola, M|100\/100\n|-weather|Snow|[from] ability: Snow Warning|[of] p2a: Ninetales\n|turn|11\n|\n|t:|1699952049\n|move|p1a: Greninja|U-turn|p2a: Ninetales\n|-resisted|p2a: Ninetales\n|-damage|p2a: Ninetales|94\/100\n|\n|t:|1699952065\n|switch|p1a: Great Tusk|Great Tusk|69\/100 tox|[from] U-turn\n|move|p2a: Ninetales|Freeze-Dry|p1a: Great Tusk\n|-supereffective|p1a: Great Tusk\n|-damage|p1a: Great Tusk|0 fnt\n|faint|p1a: Great Tusk\n|-end|p1a: Great Tusk|Protosynthesis|[silent]\n|\n|-weather|Snow|[upkeep]\n|upkeep\n|\n|t:|1699952067\n|switch|p1a: Cinderace|Cinderace, M|100\/100\n|turn|12\n|\n|t:|1699952073\n|switch|p2a: Mandibuzz|Mandibuzz, F|97\/100\n|move|p1a: Cinderace|Pyro Ball|p2a: Mandibuzz\n|-damage|p2a: Mandibuzz|64\/100\n|\n|-weather|Snow|[upkeep]\n|upkeep\n|turn|13\n|\n|t:|1699952075\n|move|p1a: Cinderace|U-turn|p2a: Mandibuzz\n|-start|p1a: Cinderace|typechange|Bug|[from] ability: Libero\n|-damage|p2a: Mandibuzz|44\/100\n|\n|t:|1699952080\n|switch|p1a: Greninja|Greninja, F|100\/100|[from] U-turn\n|move|p2a: Mandibuzz|Toxic|p1a: Greninja\n|-status|p1a: Greninja|tox\n|\n|-weather|Snow|[upkeep]\n|-damage|p1a: Greninja|95\/100 tox|[from] psn\n|upkeep\n|turn|14\n|\n|t:|1699952083\n|switch|p2a: Mew|Mew|36\/100\n|move|p1a: Greninja|Ice Beam|p2a: Mew\n|-start|p1a: Greninja|typechange|Ice|[from] ability: Protean\n|-damage|p2a: Mew|4\/100\n|\n|-weather|Snow|[upkeep]\n|-heal|p2a: Mew|10\/100|[from] item: Leftovers\n|-damage|p1a: Greninja|83\/100 tox|[from] psn\n|upkeep\n|turn|15\n|\n|t:|1699952099\n|move|p1a: Greninja|U-turn|p2a: Mew\n|-supereffective|p2a: Mew\n|-damage|p2a: Mew|0 fnt\n|faint|p2a: Mew\n|\n|t:|1699952103\n|switch|p1a: Cinderace|Cinderace, M|100\/100|[from] U-turn\n|\n|-weather|none\n|upkeep\n|\n|t:|1699952108\n|switch|p2a: Mandibuzz|Mandibuzz, F|44\/100\n|turn|16\n|\n|t:|1699952110\n|move|p1a: Cinderace|Pyro Ball|p2a: Mandibuzz\n|-damage|p2a: Mandibuzz|10\/100\n|move|p2a: Mandibuzz|Roost|p2a: Mandibuzz\n|-heal|p2a: Mandibuzz|61\/100\n|-singleturn|p2a: Mandibuzz|move: Roost\n|\n|upkeep\n|turn|17\n|\n|t:|1699952116\n|move|p1a: Cinderace|U-turn|p2a: Mandibuzz\n|-start|p1a: Cinderace|typechange|Bug|[from] ability: Libero\n|-damage|p2a: Mandibuzz|43\/100\n|\n|t:|1699952123\n|switch|p1a: Greninja|Greninja, F|83\/100 tox|[from] U-turn\n|move|p2a: Mandibuzz|Foul Play|p1a: Greninja\n|-resisted|p1a: Greninja\n|-damage|p1a: Greninja|58\/100 tox\n|\n|-damage|p1a: Greninja|52\/100 tox|[from] psn\n|upkeep\n|turn|18\n|\n|t:|1699952140\n|switch|p2a: Clefable|Clefable, M|100\/100\n|move|p1a: Greninja|Ice Beam|p2a: Clefable\n|-start|p1a: Greninja|typechange|Ice|[from] ability: Protean\n|-damage|p2a: Clefable|68\/100\n|\n|-heal|p2a: Clefable|74\/100|[from] item: Leftovers\n|-damage|p1a: Greninja|40\/100 tox|[from] psn\n|upkeep\n|turn|19\n|\n|t:|1699952152\n|move|p1a: Greninja|U-turn|p2a: Clefable\n|-resisted|p2a: Clefable\n|-damage|p2a: Clefable|66\/100\n|\n|t:|1699952180\n|switch|p1a: Farigiraf|Farigiraf, F|100\/100|[from] U-turn\n|move|p2a: Clefable|Calm Mind|p2a: Clefable\n|-boost|p2a: Clefable|spa|1\n|-boost|p2a: Clefable|spd|1\n|\n|-heal|p2a: Clefable|72\/100|[from] item: Leftovers\n|upkeep\n|turn|20\n|\n|t:|1699952184\n|move|p2a: Clefable|Calm Mind|p2a: Clefable\n|-boost|p2a: Clefable|spa|1\n|-boost|p2a: Clefable|spd|1\n|move|p1a: Farigiraf|Future Sight|p2a: Clefable\n|-start|p1a: Farigiraf|move: Future Sight\n|\n|-heal|p2a: Clefable|78\/100|[from] item: Leftovers\n|upkeep\n|turn|21\n|\n|t:|1699952192\n|move|p1a: Farigiraf|Twin Beam|p2a: Clefable\n|-damage|p2a: Clefable|69\/100\n|-damage|p2a: Clefable|61\/100\n|-hitcount|p2a: Clefable|2\n|move|p2a: Clefable|Stored Power|p1a: Farigiraf\n|-resisted|p1a: Farigiraf\n|-damage|p1a: Farigiraf|75\/100\n|\n|-heal|p1a: Farigiraf|81\/100|[from] item: Leftovers\n|-heal|p2a: Clefable|67\/100|[from] item: Leftovers\n|upkeep\n|turn|22\n|\n|t:|1699952213\n|move|p1a: Farigiraf|Future Sight||[still]\n|-fail|p1a: Farigiraf\n|move|p2a: Clefable|Moonlight|p2a: Clefable\n|-heal|p2a: Clefable|100\/100\n|\n|-end|p2a: Clefable|move: Future Sight\n|-damage|p2a: Clefable|76\/100\n|-heal|p1a: Farigiraf|87\/100|[from] item: Leftovers\n|-heal|p2a: Clefable|82\/100|[from] item: Leftovers\n|upkeep\n|turn|23\n|\n|t:|1699952222\n|move|p1a: Farigiraf|Future Sight|p2a: Clefable\n|-start|p1a: Farigiraf|move: Future Sight\n|move|p2a: Clefable|Calm Mind|p2a: Clefable\n|-boost|p2a: Clefable|spa|1\n|-boost|p2a: Clefable|spd|1\n|\n|-heal|p2a: Clefable|88\/100|[from] item: Leftovers\n|-heal|p1a: Farigiraf|93\/100|[from] item: Leftovers\n|upkeep\n|turn|24\n|\n|t:|1699952225\n|move|p2a: Clefable|Flamethrower|p1a: Farigiraf\n|-damage|p1a: Farigiraf|30\/100\n|-status|p1a: Farigiraf|brn\n|move|p1a: Farigiraf|Twin Beam|p2a: Clefable\n|-damage|p2a: Clefable|81\/100\n|-damage|p2a: Clefable|75\/100\n|-hitcount|p2a: Clefable|2\n|\n|-heal|p1a: Farigiraf|36\/100 brn|[from] item: Leftovers\n|-heal|p2a: Clefable|81\/100|[from] item: Leftovers\n|-damage|p1a: Farigiraf|30\/100 brn|[from] brn\n|upkeep\n|turn|25\n|\n|t:|1699952229\n|move|p2a: Clefable|Calm Mind|p2a: Clefable\n|-boost|p2a: Clefable|spa|1\n|-boost|p2a: Clefable|spd|1\n|move|p1a: Farigiraf|Twin Beam|p2a: Clefable\n|-damage|p2a: Clefable|75\/100\n|-damage|p2a: Clefable|69\/100\n|-hitcount|p2a: Clefable|2\n|\n|-end|p2a: Clefable|move: Future Sight\n|-damage|p2a: Clefable|53\/100\n|-heal|p2a: Clefable|59\/100|[from] item: Leftovers\n|-heal|p1a: Farigiraf|36\/100 brn|[from] item: Leftovers\n|-damage|p1a: Farigiraf|30\/100 brn|[from] brn\n|upkeep\n|turn|26\n|\n|t:|1699952231\n|move|p1a: Farigiraf|Twin Beam|p2a: Clefable\n|-damage|p2a: Clefable|53\/100\n|-damage|p2a: Clefable|48\/100\n|-hitcount|p2a: Clefable|2\n|move|p2a: Clefable|Moonlight|p2a: Clefable\n|-heal|p2a: Clefable|98\/100\n|\n|-heal|p2a: Clefable|100\/100|[from] item: Leftovers\n|-heal|p1a: Farigiraf|36\/100 brn|[from] item: Leftovers\n|-damage|p1a: Farigiraf|30\/100 brn|[from] brn\n|upkeep\n|turn|27\n|\n|t:|1699952236\n|move|p1a: Farigiraf|Future Sight|p2a: Clefable\n|-start|p1a: Farigiraf|move: Future Sight\n|move|p2a: Clefable|Flamethrower|p1a: Farigiraf\n|-damage|p1a: Farigiraf|0 fnt\n|faint|p1a: Farigiraf\n|\n|upkeep\n|\n|t:|1699952242\n|switch|p1a: Cinderace|Cinderace, M|100\/100\n|turn|28\n|\n|t:|1699952245\n|move|p1a: Cinderace|Pyro Ball|p2a: Clefable\n|-damage|p2a: Clefable|34\/100\n|-status|p2a: Clefable|brn\n|move|p2a: Clefable|Stored Power|p1a: Cinderace\n|-damage|p1a: Cinderace|0 fnt\n|faint|p1a: Cinderace\n|\n|-heal|p2a: Clefable|40\/100 brn|[from] item: Leftovers\n|upkeep\n|\n|t:|1699952248\n|switch|p1a: Meowscarada|Meowscarada, F|100\/100\n|turn|29\n|\n|t:|1699952253\n|move|p1a: Meowscarada|Flower Trick|p2a: Clefable\n|-start|p1a: Meowscarada|typechange|Grass|[from] ability: Protean\n|-crit|p2a: Clefable\n|-damage|p2a: Clefable|0 fnt\n|faint|p2a: Clefable\n|\n|-hint|Future Sight did not hit because the target is fainted.\n|upkeep\n|\n|t:|1699952260\n|switch|p2a: Mandibuzz|Mandibuzz, F|43\/100\n|turn|30\n|\n|t:|1699952263\n|move|p1a: Meowscarada|U-turn|p2a: Mandibuzz\n|-damage|p2a: Mandibuzz|31\/100\n|\n|t:|1699952265\n|switch|p1a: Greninja|Greninja, F|40\/100 tox|[from] U-turn\n|move|p2a: Mandibuzz|Roost|p2a: Mandibuzz\n|-heal|p2a: Mandibuzz|81\/100\n|-singleturn|p2a: Mandibuzz|move: Roost\n|\n|-damage|p1a: Greninja|35\/100 tox|[from] psn\n|upkeep\n|turn|31\n|\n|t:|1699952269\n|switch|p2a: Ninetales|Ninetales-Alola, M|94\/100\n|-weather|Snow|[from] ability: Snow Warning|[of] p2a: Ninetales\n|move|p1a: Greninja|Ice Beam|p2a: Ninetales\n|-start|p1a: Greninja|typechange|Ice|[from] ability: Protean\n|-resisted|p2a: Ninetales\n|-damage|p2a: Ninetales|68\/100\n|\n|-weather|Snow|[upkeep]\n|-damage|p1a: Greninja|23\/100 tox|[from] psn\n|upkeep\n|turn|32\n|\n|t:|1699952277\n|move|p1a: Greninja|Surf|p2a: Ninetales\n|-damage|p2a: Ninetales|36\/100\n|move|p2a: Ninetales|Freeze-Dry|p1a: Greninja\n|-resisted|p1a: Greninja\n|-damage|p1a: Greninja|0 fnt\n|faint|p1a: Greninja\n|\n|-weather|Snow|[upkeep]\n|upkeep\n|\n|t:|1699952280\n|switch|p1a: Meowscarada|Meowscarada, F|100\/100\n|turn|33\n|\n|t:|1699952284\n|move|p1a: Meowscarada|Thunder Punch|p2a: Ninetales\n|-start|p1a: Meowscarada|typechange|Electric|[from] ability: Protean\n|-damage|p2a: Ninetales|0 fnt\n|faint|p2a: Ninetales\n|\n|-weather|Snow|[upkeep]\n|upkeep\n|\n|t:|1699952288\n|switch|p2a: Mandibuzz|Mandibuzz, F|81\/100\n|turn|34\n|\n|t:|1699952292\n|-terastallize|p2a: Mandibuzz|Dark\n|move|p1a: Meowscarada|Thunder Punch|p2a: Mandibuzz\n|-damage|p2a: Mandibuzz|61\/100\n|-status|p2a: Mandibuzz|par\n|move|p2a: Mandibuzz|Foul Play|p1a: Meowscarada\n|-damage|p1a: Meowscarada|4\/100\n|\n|-weather|Snow|[upkeep]\n|upkeep\n|turn|35\n|\n|t:|1699952302\n|-terastallize|p1a: Meowscarada|Grass\n|move|p1a: Meowscarada|Flower Trick|p2a: Mandibuzz\n|-crit|p2a: Mandibuzz\n|-damage|p2a: Mandibuzz|34\/100 par\n|move|p2a: Mandibuzz|Foul Play|p1a: Meowscarada\n|-damage|p1a: Meowscarada|0 fnt\n|faint|p1a: Meowscarada\n|\n|win|ChillLanturnYT\n|raw|Arj.uno's rating: 1056 &rarr; <strong>1039<\/strong><br \/>(-17 for losing)\n|raw|ChillLanturnYT's rating: 1091 &rarr; <strong>1115<\/strong><br \/>(+24 for winning)\n","uploadtime":1699952320,"views":13,"p1id":"arjuno","p2id":"chilllanturnyt","formatid":"gen9ou","rating":1039,"private":0,"password":""}