{"id":"gen9ou-1991473979","p1":"Ye4prez","p2":"tyty2","format":"[Gen 9] OU","log":"|j|\u2606Ye4prez\n|j|\u2606tyty2\n|t:|1700080241\n|gametype|singles\n|player|p1|Ye4prez|plasmagruntf|1209\n|player|p2|tyty2|giovanni|1136\n|teamsize|p1|6\n|teamsize|p2|6\n|gen|9\n|tier|[Gen 9] OU\n|rated|\n|rule|Sleep Clause Mod: Limit one foe put to sleep\n|rule|Species Clause: Limit one of each Pok\u00e9mon\n|rule|OHKO Clause: OHKO moves are banned\n|rule|Evasion Items Clause: Evasion items are banned\n|rule|Evasion Moves Clause: Evasion moves are banned\n|rule|Endless Battle Clause: Forcing endless battles is banned\n|rule|HP Percentage Mod: HP is shown in percentages\n|clearpoke\n|poke|p1|Zoroark-Hisui, F|\n|poke|p1|Corviknight, M|\n|poke|p1|Ogerpon-Wellspring, F|\n|poke|p1|Garganacl, M|\n|poke|p1|Lokix, M|\n|poke|p1|Sneasler, F|\n|poke|p2|Great Tusk|\n|poke|p2|Torkoal, F|\n|poke|p2|Rillaboom, M|\n|poke|p2|Zapdos|\n|poke|p2|Cinderace, M|\n|poke|p2|Greninja-*, M|\n|teampreview\n|inactive|Battle timer is ON: inactive players will automatically lose when time's up. (requested by Ye4prez)\n|\n|t:|1700080265\n|start\n|switch|p1a: Garganacl|Garganacl, M|100\/100\n|switch|p2a: Rillaboom|Rillaboom, M|100\/100\n|-fieldstart|move: Grassy Terrain|[from] ability: Grassy Surge|[of] p2a: Rillaboom\n|turn|1\n|\n|t:|1700080274\n|switch|p1a: Corviknight|Corviknight, M|100\/100\n|-ability|p1a: Corviknight|Pressure\n|move|p2a: Rillaboom|Fake Out|p1a: Corviknight\n|-resisted|p1a: Corviknight\n|-damage|p1a: Corviknight|96\/100\n|-damage|p2a: Rillaboom|84\/100|[from] item: Rocky Helmet|[of] p1a: Corviknight\n|\n|-heal|p2a: Rillaboom|90\/100|[from] Grassy Terrain\n|upkeep\n|turn|2\n|\n|t:|1700080283\n|switch|p2a: Zapdos|Zapdos|100\/100\n|move|p1a: Corviknight|U-turn|p2a: Zapdos\n|-resisted|p2a: Zapdos\n|-damage|p2a: Zapdos|94\/100\n|\n|t:|1700080288\n|switch|p1a: Garganacl|Garganacl, M|100\/100|[from] U-turn\n|\n|upkeep\n|turn|3\n|\n|t:|1700080293\n|move|p2a: Zapdos|U-turn|p1a: Garganacl\n|-damage|p1a: Garganacl|91\/100\n|\n|t:|1700080297\n|switch|p2a: Rillaboom|Rillaboom, M|90\/100|[from] U-turn\n|move|p1a: Garganacl|Salt Cure|p2a: Rillaboom\n|-damage|p2a: Rillaboom|75\/100\n|-start|p2a: Rillaboom|Salt Cure\n|\n|-heal|p2a: Rillaboom|81\/100|[from] Grassy Terrain\n|-heal|p1a: Garganacl|97\/100|[from] Grassy Terrain\n|-heal|p1a: Garganacl|100\/100|[from] item: Leftovers\n|-damage|p2a: Rillaboom|69\/100|[from] Salt Cure\n|upkeep\n|turn|4\n|\n|t:|1700080309\n|move|p2a: Rillaboom|Knock Off|p1a: Garganacl\n|-crit|p1a: Garganacl\n|-damage|p1a: Garganacl|67\/100\n|-enditem|p1a: Garganacl|Leftovers|[from] move: Knock Off|[of] p2a: Rillaboom\n|move|p1a: Garganacl|Stealth Rock|p2a: Rillaboom\n|-sidestart|p2: tyty2|move: Stealth Rock\n|\n|-heal|p2a: Rillaboom|75\/100|[from] Grassy Terrain\n|-heal|p1a: Garganacl|73\/100|[from] Grassy Terrain\n|-damage|p2a: Rillaboom|63\/100|[from] Salt Cure\n|upkeep\n|turn|5\n|\n|t:|1700080323\n|switch|p1a: Corviknight|Corviknight, M|96\/100\n|-ability|p1a: Corviknight|Pressure\n|move|p2a: Rillaboom|Bullet Seed|p1a: Corviknight\n|-resisted|p1a: Corviknight\n|-damage|p1a: Corviknight|94\/100\n|-resisted|p1a: Corviknight\n|-damage|p1a: Corviknight|91\/100\n|-resisted|p1a: Corviknight\n|-damage|p1a: Corviknight|88\/100\n|-resisted|p1a: Corviknight\n|-damage|p1a: Corviknight|86\/100\n|-resisted|p1a: Corviknight\n|-damage|p1a: Corviknight|84\/100\n|-hitcount|p1a: Corviknight|5\n|\n|-heal|p2a: Rillaboom|69\/100|[from] Grassy Terrain\n|-damage|p2a: Rillaboom|57\/100|[from] Salt Cure\n|-fieldend|move: Grassy Terrain\n|upkeep\n|turn|6\n|\n|t:|1700080338\n|switch|p2a: Zapdos|Zapdos|94\/100\n|switch|p1a: Sneasler|Sneasler, F|100\/100\n|\n|upkeep\n|turn|7\n|\n|t:|1700080345\n|move|p1a: Sneasler|Shadow Ball|p2a: Zapdos\n|-damage|p2a: Zapdos|64\/100\n|move|p2a: Zapdos|Discharge|p1a: Sneasler\n|-crit|p1a: Sneasler\n|-damage|p1a: Sneasler|0 fnt\n|replace|p1a: Zoroark|Zoroark-Hisui, F, shiny\n|-end|p1a: Zoroark|Illusion\n|faint|p1a: Zoroark\n|\n|upkeep\n|c|\u2606Ye4prez|Crits are so cool\n|\n|t:|1700080372\n|switch|p1a: Lokix|Lokix, M|100\/100\n|turn|8\n|\n|t:|1700080381\n|move|p1a: Lokix|First Impression|p2a: Zapdos\n|-resisted|p2a: Zapdos\n|-damage|p2a: Zapdos|3\/100\n|move|p2a: Zapdos|Discharge|p1a: Lokix\n|-damage|p1a: Lokix|34\/100\n|-status|p1a: Lokix|par\n|\n|upkeep\n|turn|9\n|c|\u2606Ye4prez|Fuck yiu\n|-message|Ye4prez forfeited.\n|\n|win|tyty2\n|raw|Ye4prez's rating: 1209 &rarr; <strong>1179<\/strong><br \/>(-30 for losing)\n|raw|tyty2's rating: 1136 &rarr; <strong>1166<\/strong><br \/>(+30 for winning)\n|l|\u2606Ye4prez\n","uploadtime":1700080393,"views":7,"p1id":"ye4prez","p2id":"tyty2","formatid":"gen9ou","rating":1166,"private":0,"password":""}