{"id":"gen9ou-1988310893","p1":"spestfast","p2":"Oak77777","format":"[Gen 9] OU","log":"|j|\u2606spestfast\n|j|\u2606Oak77777\n|t:|1699706414\n|gametype|singles\n|player|p1|spestfast|rika|1364\n|player|p2|Oak77777|cynthia-gen7|1417\n|teamsize|p1|6\n|teamsize|p2|6\n|gen|9\n|tier|[Gen 9] OU\n|rated|\n|rule|Sleep Clause Mod: Limit one foe put to sleep\n|rule|Species Clause: Limit one of each Pok\u00e9mon\n|rule|OHKO Clause: OHKO moves are banned\n|rule|Evasion Items Clause: Evasion items are banned\n|rule|Evasion Moves Clause: Evasion moves are banned\n|rule|Endless Battle Clause: Forcing endless battles is banned\n|rule|HP Percentage Mod: HP is shown in percentages\n|clearpoke\n|poke|p1|Gliscor, F|\n|poke|p1|Ogerpon-Wellspring, F|\n|poke|p1|Salamence, M|\n|poke|p1|Heatran, M|\n|poke|p1|Gholdengo|\n|poke|p1|Great Tusk|\n|poke|p2|Indeedee, M|\n|poke|p2|Kingambit, F|\n|poke|p2|Maushold|\n|poke|p2|Armarouge, F|\n|poke|p2|Polteageist|\n|poke|p2|Sneasler, M|\n|teampreview\n|inactive|Battle timer is ON: inactive players will automatically lose when time's up. (requested by Oak77777)\n|inactive|spestfast also wants the timer to be on.\n|\n|t:|1699706432\n|start\n|switch|p1a: Gliscor|Gliscor, F|100\/100\n|switch|p2a: Indeedee|Indeedee, M|100\/100\n|-fieldstart|move: Psychic Terrain|[from] ability: Psychic Surge|[of] p2a: Indeedee\n|turn|1\n|\n|t:|1699706442\n|switch|p2a: Kingambit|Kingambit, F|100\/100\n|move|p1a: Gliscor|Spikes|p2a: Kingambit\n|-sidestart|p2: Oak77777|Spikes\n|\n|-status|p1a: Gliscor|tox|[from] item: Toxic Orb\n|upkeep\n|turn|2\n|\n|t:|1699706457\n|-terastallize|p2a: Kingambit|Fairy\n|move|p1a: Gliscor|Earthquake|p2a: Kingambit\n|-damage|p2a: Kingambit|73\/100\n|-enditem|p2a: Kingambit|Eject Button\n|\n|t:|1699706466\n|-end|p2a: Kingambit|fallenundefined|[silent]\n|switch|p2a: Maushold|Maushold|100\/100\n|-damage|p2a: Maushold|88\/100|[from] Spikes\n|\n|upkeep\n|turn|3\n|\n|t:|1699706473\n|move|p2a: Maushold|Tidy Up|p2a: Maushold\n|-sideend|p2: Oak77777|Spikes\n|-activate|p2a: Maushold|move: Tidy Up\n|-boost|p2a: Maushold|atk|1\n|-boost|p2a: Maushold|spe|1\n|move|p1a: Gliscor|Earthquake|p2a: Maushold\n|-damage|p2a: Maushold|37\/100\n|\n|upkeep\n|turn|4\n|\n|t:|1699706480\n|switch|p1a: Gholdengo|Gholdengo|100\/100\n|move|p2a: Maushold|Population Bomb|p1a: Gholdengo\n|-immune|p1a: Gholdengo\n|\n|upkeep\n|turn|5\n|\n|t:|1699706484\n|move|p2a: Maushold|Bite|p1a: Gholdengo\n|-supereffective|p1a: Gholdengo\n|-damage|p1a: Gholdengo|53\/100\n|move|p1a: Gholdengo|Dazzling Gleam|p2a: Maushold\n|-damage|p2a: Maushold|4\/100\n|\n|upkeep\n|turn|6\n|\n|t:|1699706490\n|move|p2a: Maushold|Bite|p1a: Gholdengo\n|-supereffective|p1a: Gholdengo\n|-damage|p1a: Gholdengo|3\/100\n|move|p1a: Gholdengo|Dazzling Gleam|p2a: Maushold\n|-damage|p2a: Maushold|0 fnt\n|faint|p2a: Maushold\n|\n|upkeep\n|\n|t:|1699706502\n|switch|p2a: Indeedee|Indeedee, M|100\/100\n|turn|7\n|\n|t:|1699706506\n|switch|p1a: Gliscor|Gliscor, F|100\/100 tox\n|move|p2a: Indeedee|Dazzling Gleam|p1a: Gliscor\n|-damage|p1a: Gliscor|81\/100 tox\n|\n|-heal|p1a: Gliscor|93\/100 tox|[from] ability: Poison Heal\n|upkeep\n|turn|8\n|\n|t:|1699706520\n|switch|p2a: Sneasler|Sneasler, M|100\/100\n|-enditem|p2a: Sneasler|Psychic Seed\n|-boost|p2a: Sneasler|spd|1|[from] item: Psychic Seed\n|move|p1a: Gliscor|Spikes|p2a: Sneasler\n|-sidestart|p2: Oak77777|Spikes\n|\n|-heal|p1a: Gliscor|100\/100 tox|[from] ability: Poison Heal\n|-fieldend|move: Psychic Terrain\n|upkeep\n|turn|9\n|\n|t:|1699706532\n|move|p2a: Sneasler|Close Combat|p1a: Gliscor\n|-resisted|p1a: Gliscor\n|-damage|p1a: Gliscor|74\/100 tox\n|-unboost|p2a: Sneasler|def|1\n|-unboost|p2a: Sneasler|spd|1\n|move|p1a: Gliscor|Earthquake|p2a: Sneasler\n|-supereffective|p2a: Sneasler\n|-damage|p2a: Sneasler|0 fnt\n|faint|p2a: Sneasler\n|\n|-heal|p1a: Gliscor|86\/100 tox|[from] ability: Poison Heal\n|upkeep\n|\n|t:|1699706535\n|switch|p2a: Indeedee|Indeedee, M|100\/100\n|-damage|p2a: Indeedee|88\/100|[from] Spikes\n|-fieldstart|move: Psychic Terrain|[from] ability: Psychic Surge|[of] p2a: Indeedee\n|turn|10\n|\n|t:|1699706540\n|move|p2a: Indeedee|Healing Wish|p2a: Indeedee\n|faint|p2a: Indeedee\n|move|p1a: Gliscor|Spikes|p2: Indeedee\n|-sidestart|p2: Oak77777|Spikes\n|\n|-heal|p1a: Gliscor|99\/100 tox|[from] ability: Poison Heal\n|upkeep\n|\n|t:|1699706544\n|switch|p2a: Armarouge|Armarouge, F|100\/100\n|-damage|p2a: Armarouge|84\/100|[from] Spikes\n|turn|11\n|\n|t:|1699706551\n|move|p1a: Gliscor|Protect|p1a: Gliscor\n|-singleturn|p1a: Gliscor|Protect\n|move|p2a: Armarouge|Expanding Force|p1a: Gliscor\n|-activate|p1a: Gliscor|move: Protect\n|\n|-heal|p1a: Gliscor|100\/100 tox|[from] ability: Poison Heal\n|upkeep\n|turn|12\n|\n|t:|1699706558\n|switch|p1a: Heatran|Heatran, M|100\/100\n|-item|p1a: Heatran|Air Balloon\n|move|p2a: Armarouge|Expanding Force|p1a: Heatran\n|-resisted|p1a: Heatran\n|-damage|p1a: Heatran|62\/100\n|-enditem|p1a: Heatran|Air Balloon\n|\n|upkeep\n|turn|13\n|\n|t:|1699706567\n|move|p2a: Armarouge|Expanding Force|p1a: Heatran\n|-resisted|p1a: Heatran\n|-damage|p1a: Heatran|26\/100\n|move|p1a: Heatran|Earth Power|p2a: Armarouge\n|-supereffective|p2a: Armarouge\n|-damage|p2a: Armarouge|0 fnt\n|faint|p2a: Armarouge\n|\n|upkeep\n|c|\u2606spestfast|worst psychic surge player i ever seen\n|\n|t:|1699706576\n|switch|p2a: Polteageist|Polteageist, shiny|100\/100\n|-damage|p2a: Polteageist|84\/100|[from] Spikes\n|turn|14\n|\n|t:|1699706580\n|move|p2a: Polteageist|Shadow Ball|p1a: Heatran\n|-damage|p1a: Heatran|0 fnt\n|faint|p1a: Heatran\n|\n|upkeep\n|\n|t:|1699706584\n|switch|p1a: Ogerpon|Ogerpon-Wellspring, F|100\/100\n|turn|15\n|\n|t:|1699706590\n|move|p1a: Ogerpon|Knock Off|p2a: Polteageist\n|-supereffective|p2a: Polteageist\n|-damage|p2a: Polteageist|0 fnt\n|-enditem|p2a: Polteageist|Focus Sash|[from] move: Knock Off|[of] p1a: Ogerpon\n|faint|p2a: Polteageist\n|\n|upkeep\n|\n|t:|1699706592\n|switch|p2a: Kingambit|Kingambit, F, tera:Fairy|73\/100\n|-heal|p2a: Kingambit|100\/100|[from] move: Healing Wish\n|-damage|p2a: Kingambit|84\/100|[from] Spikes\n|-activate|p2a: Kingambit|ability: Supreme Overlord\n|-start|p2a: Kingambit|fallen5|[silent]\n|turn|16\n|\n|t:|1699706606\n|switch|p1a: Salamence|Salamence, M|100\/100\n|-ability|p1a: Salamence|Intimidate|boost\n|-unboost|p2a: Kingambit|atk|1\n|move|p2a: Kingambit|Kowtow Cleave|p1a: Salamence\n|-damage|p1a: Salamence|62\/100\n|\n|upkeep\n|turn|17\n|\n|t:|1699706615\n|move|p1a: Salamence|Hurricane|p2a: Kingambit\n|-damage|p2a: Kingambit|38\/100\n|move|p2a: Kingambit|Tera Blast|p1a: Salamence|[anim] Tera Blast Fairy\n|-supereffective|p1a: Salamence\n|-damage|p1a: Salamence|0 fnt\n|faint|p1a: Salamence\n|\n|-fieldend|move: Psychic Terrain\n|upkeep\n|\n|t:|1699706624\n|switch|p1a: Great Tusk|Great Tusk, shiny|100\/100\n|turn|18\n|\n|t:|1699706627\n|move|p1a: Great Tusk|Earthquake|p2a: Kingambit\n|-damage|p2a: Kingambit|0 fnt\n|faint|p2a: Kingambit\n|-end|p2a: Kingambit|fallen5|[silent]\n|\n|win|spestfast\n|raw|spestfast's rating: 1364 &rarr; <strong>1387<\/strong><br \/>(+23 for winning)\n|raw|Oak77777's rating: 1417 &rarr; <strong>1394<\/strong><br \/>(-23 for losing)\n|l|\u2606Oak77777\n","uploadtime":1699706639,"views":24,"p1id":"spestfast","p2id":"oak77777","formatid":"gen9ou","rating":1387,"private":0,"password":""}