{"id":"gen9ou-1997382134","p1":"3Brains1Cell","p2":"SpasDeUzi","format":"[Gen 9] OU","log":"|j|\u26063Brains1Cell\n|j|\u2606SpasDeUzi\n|t:|1700796852\n|gametype|singles\n|player|p1|3Brains1Cell|guzma|1175\n|player|p2|SpasDeUzi|102|1215\n|teamsize|p1|6\n|teamsize|p2|6\n|gen|9\n|tier|[Gen 9] OU\n|rated|\n|rule|Sleep Clause Mod: Limit one foe put to sleep\n|rule|Species Clause: Limit one of each Pok\u00e9mon\n|rule|OHKO Clause: OHKO moves are banned\n|rule|Evasion Items Clause: Evasion items are banned\n|rule|Evasion Moves Clause: Evasion moves are banned\n|rule|Endless Battle Clause: Forcing endless battles is banned\n|rule|HP Percentage Mod: HP is shown in percentages\n|clearpoke\n|poke|p1|Haxorus, F|\n|poke|p1|Gholdengo|\n|poke|p1|Ribombee, F|\n|poke|p1|Ceruledge, M|\n|poke|p1|Samurott-Hisui, F|\n|poke|p1|Rillaboom, F|\n|poke|p2|Garchomp, F|\n|poke|p2|Maushold-Four|\n|poke|p2|Tyranitar, F|\n|poke|p2|Gyarados, F|\n|poke|p2|Iron Valiant|\n|poke|p2|Grimmsnarl, M|\n|teampreview\n|inactive|Battle timer is ON: inactive players will automatically lose when time's up. (requested by SpasDeUzi)\n|\n|t:|1700796859\n|start\n|switch|p1a: Tsushima|Samurott-Hisui, F, shiny|100\/100\n|switch|p2a: Grimmsnarl|Grimmsnarl, M, shiny|100\/100\n|turn|1\n|\n|t:|1700796864\n|move|p2a: Grimmsnarl|Reflect|p2a: Grimmsnarl\n|-sidestart|p2: SpasDeUzi|Reflect\n|move|p1a: Tsushima|Aqua Cutter|p2a: Grimmsnarl\n|-crit|p2a: Grimmsnarl\n|-damage|p2a: Grimmsnarl|0 fnt\n|faint|p2a: Grimmsnarl\n|\n|upkeep\n|\n|t:|1700796869\n|switch|p2a: Gyarados|Gyarados, F|100\/100\n|turn|2\n|\n|t:|1700796872\n|move|p1a: Tsushima|Ceaseless Edge|p2a: Gyarados|[miss]\n|-miss|p1a: Tsushima|p2a: Gyarados\n|move|p2a: Gyarados|Dragon Dance|p2a: Gyarados\n|-boost|p2a: Gyarados|atk|1\n|-boost|p2a: Gyarados|spe|1\n|\n|upkeep\n|turn|3\n|\n|t:|1700796874\n|move|p2a: Gyarados|Dragon Dance|p2a: Gyarados\n|-boost|p2a: Gyarados|atk|1\n|-boost|p2a: Gyarados|spe|1\n|move|p1a: Tsushima|Ceaseless Edge|p2a: Gyarados\n|-damage|p2a: Gyarados|71\/100\n|-sidestart|p2: SpasDeUzi|Spikes\n|\n|upkeep\n|turn|4\n|\n|t:|1700796878\n|move|p2a: Gyarados|Scale Shot|p1a: Tsushima\n|-damage|p1a: Tsushima|77\/100\n|-damage|p1a: Tsushima|53\/100\n|-damage|p1a: Tsushima|29\/100\n|-damage|p1a: Tsushima|6\/100\n|-damage|p1a: Tsushima|0 fnt\n|faint|p1a: Tsushima\n|-ability|p2a: Gyarados|Moxie|boost\n|-boost|p2a: Gyarados|atk|1\n|-hitcount|p1: Tsushima|5\n|-unboost|p2a: Gyarados|def|1\n|-boost|p2a: Gyarados|spe|1\n|\n|upkeep\n|\n|t:|1700796896\n|switch|p1a: Get Ya Money Up|Gholdengo, shiny|100\/100\n|turn|5\n|\n|t:|1700796899\n|move|p2a: Gyarados|Earthquake|p1a: Get Ya Money Up\n|-supereffective|p1a: Get Ya Money Up\n|-damage|p1a: Get Ya Money Up|0 fnt\n|faint|p1a: Get Ya Money Up\n|-ability|p2a: Gyarados|Moxie|boost\n|-boost|p2a: Gyarados|atk|1\n|\n|upkeep\n|\n|t:|1700796903\n|switch|p1a: The Ledge|Ceruledge, M|100\/100\n|turn|6\n|\n|t:|1700796909\n|move|p2a: Gyarados|Scale Shot|p1a: The Ledge\n|-damage|p1a: The Ledge|59\/100\n|-ability|p1a: The Ledge|Weak Armor|boost\n|-unboost|p1a: The Ledge|def|1\n|-boost|p1a: The Ledge|spe|2\n|-damage|p1a: The Ledge|3\/100\n|-ability|p1a: The Ledge|Weak Armor|boost\n|-unboost|p1a: The Ledge|def|1\n|-boost|p1a: The Ledge|spe|2\n|-damage|p1a: The Ledge|0 fnt\n|faint|p1a: The Ledge\n|-ability|p2a: Gyarados|Moxie|boost\n|-boost|p2a: Gyarados|atk|1\n|-hitcount|p1: The Ledge|3\n|-unboost|p2a: Gyarados|def|1\n|-boost|p2a: Gyarados|spe|1\n|\n|upkeep\n|-message|3Brains1Cell forfeited.\n|\n|win|SpasDeUzi\n|raw|3Brains1Cell's rating: 1175 &rarr; <strong>1153<\/strong><br \/>(-22 for losing)\n|raw|SpasDeUzi's rating: 1215 &rarr; <strong>1237<\/strong><br \/>(+22 for winning)\n|l|\u26063Brains1Cell\n","uploadtime":1700796917,"views":12,"p1id":"3brains1cell","p2id":"spasdeuzi","formatid":"gen9ou","rating":1153,"private":0,"password":""}