{"id":"gen9ou-1996771634","p1":"Thehombre","p2":"KimmBTimmy","format":"[Gen 9] OU","log":"|j|\u2606Thehombre\n|j|\u2606KimmBTimmy\n|t:|1700722597\n|gametype|singles\n|player|p1|Thehombre|1|1159\n|player|p2|KimmBTimmy|lisia-masters|1143\n|teamsize|p1|6\n|teamsize|p2|6\n|gen|9\n|tier|[Gen 9] OU\n|rated|\n|rule|Sleep Clause Mod: Limit one foe put to sleep\n|rule|Species Clause: Limit one of each Pok\u00e9mon\n|rule|OHKO Clause: OHKO moves are banned\n|rule|Evasion Items Clause: Evasion items are banned\n|rule|Evasion Moves Clause: Evasion moves are banned\n|rule|Endless Battle Clause: Forcing endless battles is banned\n|rule|HP Percentage Mod: HP is shown in percentages\n|clearpoke\n|poke|p1|Kingambit, M|\n|poke|p1|Ninetales-Alola, F|\n|poke|p1|Samurott-Hisui, M|\n|poke|p1|Masquerain, F|\n|poke|p1|Manaphy|\n|poke|p1|Maushold-Four|\n|poke|p2|Kingambit, F|\n|poke|p2|Glimmora, M|\n|poke|p2|Gholdengo|\n|poke|p2|Clefable, F|\n|poke|p2|Great Tusk|\n|poke|p2|Toxapex, F|\n|teampreview\n|inactive|Battle timer is ON: inactive players will automatically lose when time's up. (requested by Thehombre)\n|\n|t:|1700722615\n|start\n|switch|p1a: Manaphy|Manaphy|100\/100\n|switch|p2a: Glimmora|Glimmora, M|100\/100\n|turn|1\n|\n|t:|1700722624\n|switch|p2a: Toxapex|Toxapex, F|100\/100\n|move|p1a: Manaphy|Tail Glow|p1a: Manaphy\n|-boost|p1a: Manaphy|spa|3\n|\n|upkeep\n|turn|2\n|\n|t:|1700722628\n|move|p1a: Manaphy|Scald|p2a: Toxapex\n|-resisted|p2a: Toxapex\n|-damage|p2a: Toxapex|68\/100\n|move|p2a: Toxapex|Haze|p2a: Toxapex\n|-clearallboost\n|\n|-heal|p2a: Toxapex|74\/100|[from] item: Leftovers\n|upkeep\n|turn|3\n|\n|t:|1700722638\n|switch|p1a: Masquerain|Masquerain, F|100\/100\n|-ability|p1a: Masquerain|Intimidate|boost\n|-unboost|p2a: Toxapex|atk|1\n|move|p2a: Toxapex|Toxic|p1a: Masquerain\n|-status|p1a: Masquerain|tox\n|\n|-heal|p2a: Toxapex|80\/100|[from] item: Leftovers\n|-damage|p1a: Masquerain|94\/100 tox|[from] psn\n|upkeep\n|turn|4\n|\n|t:|1700722649\n|switch|p2a: Glimmora|Glimmora, M|100\/100\n|move|p1a: Masquerain|Sticky Web|p2a: Glimmora\n|-sidestart|p2: KimmBTimmy|move: Sticky Web\n|\n|-damage|p1a: Masquerain|82\/100 tox|[from] psn\n|upkeep\n|turn|5\n|\n|t:|1700722657\n|switch|p1a: Manaphy|Manaphy|100\/100\n|move|p2a: Glimmora|Mortal Spin|p1a: Manaphy\n|-damage|p1a: Manaphy|95\/100\n|-status|p1a: Manaphy|psn\n|-sideend|p2: KimmBTimmy|Sticky Web|[from] move: Mortal Spin|[of] p2a: Glimmora\n|\n|-heal|p1a: Manaphy|100\/100 psn|[from] item: Leftovers\n|-damage|p1a: Manaphy|88\/100 psn|[from] psn\n|upkeep\n|turn|6\n|\n|t:|1700722665\n|switch|p1a: Masquerain|Masquerain, F|82\/100 tox\n|-ability|p1a: Masquerain|Intimidate|boost\n|-unboost|p2a: Glimmora|atk|1\n|move|p2a: Glimmora|Spikes|p1a: Masquerain\n|-sidestart|p1: Thehombre|Spikes\n|\n|-damage|p1a: Masquerain|76\/100 tox|[from] psn\n|upkeep\n|turn|7\n|\n|t:|1700722668\n|move|p2a: Glimmora|Spikes|p1a: Masquerain\n|-sidestart|p1: Thehombre|Spikes\n|move|p1a: Masquerain|Sticky Web|p2a: Glimmora\n|-sidestart|p2: KimmBTimmy|move: Sticky Web\n|\n|-damage|p1a: Masquerain|64\/100 tox|[from] psn\n|upkeep\n|turn|8\n|\n|t:|1700722671\n|switch|p1a: Samurott|Samurott-Hisui, M|100\/100\n|-damage|p1a: Samurott|84\/100|[from] Spikes\n|move|p2a: Glimmora|Spikes|p1a: Samurott\n|-sidestart|p1: Thehombre|Spikes\n|\n|upkeep\n|turn|9\n|\n|t:|1700722675\n|move|p2a: Glimmora|Mortal Spin|p1a: Samurott\n|-damage|p1a: Samurott|79\/100\n|-status|p1a: Samurott|psn\n|-sideend|p2: KimmBTimmy|Sticky Web|[from] move: Mortal Spin|[of] p2a: Glimmora\n|move|p1a: Samurott|Swords Dance|p1a: Samurott\n|-boost|p1a: Samurott|atk|2\n|\n|-damage|p1a: Samurott|67\/100 psn|[from] psn\n|upkeep\n|turn|10\n|\n|t:|1700722681\n|switch|p2a: Toxapex|Toxapex, F|100\/100\n|move|p1a: Samurott|Ceaseless Edge|p2a: Toxapex\n|-damage|p2a: Toxapex|40\/100\n|-sidestart|p2: KimmBTimmy|Spikes\n|\n|-heal|p2a: Toxapex|46\/100|[from] item: Leftovers\n|-damage|p1a: Samurott|54\/100 psn|[from] psn\n|upkeep\n|turn|11\n|\n|t:|1700722685\n|move|p1a: Samurott|Ceaseless Edge|p2a: Toxapex\n|-damage|p2a: Toxapex|0 fnt\n|-sidestart|p2: KimmBTimmy|Spikes\n|faint|p2a: Toxapex\n|\n|-damage|p1a: Samurott|42\/100 psn|[from] psn\n|upkeep\n|\n|t:|1700722697\n|switch|p2a: Glimmora|Glimmora, M|100\/100\n|-damage|p2a: Glimmora|84\/100|[from] Spikes\n|turn|12\n|\n|t:|1700722700\n|move|p2a: Glimmora|Mortal Spin|p1a: Samurott\n|-damage|p1a: Samurott|35\/100 psn\n|-sideend|p2: KimmBTimmy|Spikes|[from] move: Mortal Spin|[of] p2a: Glimmora\n|move|p1a: Samurott|Ceaseless Edge|p2a: Glimmora\n|-damage|p2a: Glimmora|0 fnt\n|-activate|p2a: Glimmora|ability: Toxic Debris\n|-sidestart|p1: Thehombre|move: Toxic Spikes\n|-sidestart|p2: KimmBTimmy|Spikes\n|faint|p2a: Glimmora\n|\n|-damage|p1a: Samurott|22\/100 psn|[from] psn\n|upkeep\n|\n|t:|1700722708\n|switch|p2a: Great Tusk|Great Tusk|100\/100\n|turn|13\n|\n|t:|1700722715\n|move|p2a: Great Tusk|Close Combat|p1a: Samurott\n|-supereffective|p1a: Samurott\n|-damage|p1a: Samurott|0 fnt\n|-unboost|p2a: Great Tusk|def|1\n|-unboost|p2a: Great Tusk|spd|1\n|faint|p1a: Samurott\n|\n|upkeep\n|\n|t:|1700722717\n|switch|p1a: Ninetales|Ninetales-Alola, F|100\/100\n|-damage|p1a: Ninetales|76\/100|[from] Spikes\n|-status|p1a: Ninetales|psn\n|-weather|Snow|[from] ability: Snow Warning|[of] p1a: Ninetales\n|turn|14\n|\n|t:|1700722727\n|move|p1a: Ninetales|Blizzard|p2a: Great Tusk\n|-supereffective|p2a: Great Tusk\n|-damage|p2a: Great Tusk|0 fnt\n|faint|p2a: Great Tusk\n|-end|p2a: Great Tusk|Protosynthesis|[silent]\n|\n|-weather|Snow|[upkeep]\n|-damage|p1a: Ninetales|64\/100 psn|[from] psn\n|upkeep\n|\n|t:|1700722736\n|switch|p2a: Gholdengo|Gholdengo|100\/100\n|turn|15\n|\n|t:|1700722739\n|move|p1a: Ninetales|Aurora Veil|p1a: Ninetales\n|-sidestart|p1: Thehombre|move: Aurora Veil\n|move|p2a: Gholdengo|Make It Rain|p1a: Ninetales\n|-supereffective|p1a: Ninetales\n|-damage|p1a: Ninetales|0 fnt\n|-unboost|p2a: Gholdengo|spa|1\n|faint|p1a: Ninetales\n|\n|-weather|Snow|[upkeep]\n|upkeep\n|\n|t:|1700722743\n|switch|p1a: Masquerain|Masquerain, F|64\/100 tox\n|-ability|p1a: Masquerain|Intimidate|boost\n|-unboost|p2a: Gholdengo|atk|1\n|turn|16\n|\n|t:|1700722748\n|move|p2a: Gholdengo|Shadow Ball|p1a: Masquerain\n|-damage|p1a: Masquerain|45\/100 tox\n|move|p1a: Masquerain|Sticky Web|p2a: Gholdengo\n|-sidestart|p2: KimmBTimmy|move: Sticky Web\n|\n|-weather|Snow|[upkeep]\n|-damage|p1a: Masquerain|39\/100 tox|[from] psn\n|upkeep\n|turn|17\n|\n|t:|1700722753\n|switch|p1a: Kingambit|Kingambit, M|100\/100\n|-damage|p1a: Kingambit|75\/100|[from] Spikes\n|-activate|p1a: Kingambit|ability: Supreme Overlord\n|-start|p1a: Kingambit|fallen2|[silent]\n|move|p2a: Gholdengo|Shadow Ball|p1a: Kingambit\n|-resisted|p1a: Kingambit\n|-damage|p1a: Kingambit|68\/100\n|\n|-weather|Snow|[upkeep]\n|upkeep\n|turn|18\n|\n|t:|1700722757\n|move|p2a: Gholdengo|Shadow Ball|p1a: Kingambit\n|-resisted|p1a: Kingambit\n|-damage|p1a: Kingambit|62\/100\n|move|p1a: Kingambit|Swords Dance|p1a: Kingambit\n|-boost|p1a: Kingambit|atk|2\n|\n|-weather|none\n|upkeep\n|turn|19\n|\n|t:|1700722765\n|switch|p2a: Clefable|Clefable, F|100\/100\n|-activate|p2a: Clefable|move: Sticky Web\n|-unboost|p2a: Clefable|spe|1\n|move|p1a: Kingambit|Sucker Punch||[still]\n|-fail|p1a: Kingambit\n|\n|upkeep\n|turn|20\n|\n|t:|1700722773\n|move|p1a: Kingambit|Iron Head|p2a: Clefable\n|-supereffective|p2a: Clefable\n|-damage|p2a: Clefable|0 fnt\n|faint|p2a: Clefable\n|\n|upkeep\n|\n|t:|1700722777\n|switch|p2a: Gholdengo|Gholdengo|100\/100\n|turn|21\n|\n|t:|1700722780\n|move|p1a: Kingambit|Sucker Punch|p2a: Gholdengo\n|-supereffective|p2a: Gholdengo\n|-damage|p2a: Gholdengo|0 fnt\n|faint|p2a: Gholdengo\n|\n|upkeep\n|\n|t:|1700722782\n|switch|p2a: Kingambit|Kingambit, F|100\/100\n|-damage|p2a: Kingambit|88\/100|[from] Spikes\n|-activate|p2a: Kingambit|move: Sticky Web\n|-unboost|p2a: Kingambit|spe|1\n|-activate|p2a: Kingambit|ability: Supreme Overlord\n|-start|p2a: Kingambit|fallen5|[silent]\n|turn|22\n|\n|t:|1700722789\n|-terastallize|p1a: Kingambit|Dark\n|move|p2a: Kingambit|Kowtow Cleave|p1a: Kingambit\n|-resisted|p1a: Kingambit\n|-damage|p1a: Kingambit|46\/100\n|move|p1a: Kingambit|Kowtow Cleave|p2a: Kingambit\n|-resisted|p2a: Kingambit\n|-damage|p2a: Kingambit|8\/100\n|\n|-sideend|p1: Thehombre|move: Aurora Veil\n|upkeep\n|turn|23\n|\n|t:|1700722797\n|move|p2a: Kingambit|Sucker Punch|p1a: Kingambit\n|-resisted|p1a: Kingambit\n|-damage|p1a: Kingambit|22\/100\n|move|p1a: Kingambit|Sucker Punch||[still]\n|-fail|p1a: Kingambit\n|\n|upkeep\n|turn|24\n|\n|t:|1700722808\n|move|p2a: Kingambit|Sucker Punch|p1a: Kingambit\n|-resisted|p1a: Kingambit\n|-damage|p1a: Kingambit|0 fnt\n|faint|p1a: Kingambit\n|-end|p1a: Kingambit|fallen2|[silent]\n|\n|upkeep\n|\n|t:|1700722810\n|switch|p1a: Masquerain|Masquerain, F|39\/100 tox\n|-ability|p1a: Masquerain|Intimidate|boost\n|-unboost|p2a: Kingambit|atk|1\n|turn|25\n|\n|t:|1700722816\n|move|p1a: Masquerain|Bug Buzz|p2a: Kingambit\n|-damage|p2a: Kingambit|0 fnt\n|faint|p2a: Kingambit\n|-end|p2a: Kingambit|fallen5|[silent]\n|\n|win|Thehombre\n|raw|Thehombre's rating: 1159 &rarr; <strong>1183<\/strong><br \/>(+24 for winning)\n|raw|KimmBTimmy's rating: 1143 &rarr; <strong>1119<\/strong><br \/>(-24 for losing)\n|l|\u2606KimmBTimmy\n","uploadtime":1700722822,"views":2,"p1id":"thehombre","p2id":"kimmbtimmy","formatid":"gen9ou","rating":1119,"private":0,"password":""}