{"id":"gen9ou-1991153864","p1":"Vigilante V8","p2":"OUHF Zam Zam","format":"[Gen 9] OU","log":"|j|\u2606Vigilante V8\n|j|\u2606OUHF Zam Zam\n|t:|1700050960\n|gametype|singles\n|player|p1|Vigilante V8|2|1747\n|player|p2|OUHF Zam Zam|palmer|1798\n|teamsize|p1|6\n|teamsize|p2|6\n|gen|9\n|tier|[Gen 9] OU\n|rated|\n|rule|Sleep Clause Mod: Limit one foe put to sleep\n|rule|Species Clause: Limit one of each Pok\u00e9mon\n|rule|OHKO Clause: OHKO moves are banned\n|rule|Evasion Items Clause: Evasion items are banned\n|rule|Evasion Moves Clause: Evasion moves are banned\n|rule|Endless Battle Clause: Forcing endless battles is banned\n|rule|HP Percentage Mod: HP is shown in percentages\n|clearpoke\n|poke|p1|Corviknight, F|\n|poke|p1|Clodsire, M|\n|poke|p1|Dondozo, F|\n|poke|p1|Kingambit, F|\n|poke|p1|Garganacl, M|\n|poke|p1|Weavile, M|\n|poke|p2|Weavile, F|\n|poke|p2|Zapdos|\n|poke|p2|Cinderace, M|\n|poke|p2|Ting-Lu|\n|poke|p2|Alomomola, F|\n|poke|p2|Iron Valiant|\n|teampreview\n|inactive|Battle timer is ON: inactive players will automatically lose when time's up. (requested by OUHF Zam Zam)\n|j| teamtester48\n|inactive|Vigilante V8 has 120 seconds left.\n|\n|t:|1700050997\n|start\n|switch|p1a: Garganacl|Garganacl, M|100\/100\n|switch|p2a: Ting-Lu|Ting-Lu|100\/100\n|-ability|p2a: Ting-Lu|Vessel of Ruin\n|turn|1\n|\n|t:|1700051011\n|switch|p1a: Corviknight|Corviknight, F|100\/100\n|-ability|p1a: Corviknight|Pressure\n|move|p2a: Ting-Lu|Ruination|p1a: Corviknight\n|-damage|p1a: Corviknight|51\/100\n|\n|upkeep\n|turn|2\n|\n|t:|1700051016\n|move|p1a: Corviknight|Roost|p1a: Corviknight\n|-heal|p1a: Corviknight|100\/100\n|-singleturn|p1a: Corviknight|move: Roost\n|move|p2a: Ting-Lu|Spikes|p1a: Corviknight\n|-sidestart|p1: Vigilante V8|Spikes\n|\n|upkeep\n|turn|3\n|\n|t:|1700051021\n|move|p1a: Corviknight|Body Press|p2a: Ting-Lu\n|-supereffective|p2a: Ting-Lu\n|-damage|p2a: Ting-Lu|69\/100\n|move|p2a: Ting-Lu|Ruination|p1a: Corviknight\n|-damage|p1a: Corviknight|51\/100\n|\n|-heal|p2a: Ting-Lu|75\/100|[from] item: Leftovers\n|upkeep\n|turn|4\n|\n|t:|1700051031\n|move|p1a: Corviknight|Defog|p2a: Ting-Lu\n|-unboost|p2a: Ting-Lu|evasion|1\n|-sideend|p1: Vigilante V8|Spikes|[from] move: Defog|[of] p1a: Corviknight\n|move|p2a: Ting-Lu|Ruination|p1a: Corviknight\n|-damage|p1a: Corviknight|26\/100\n|\n|-heal|p2a: Ting-Lu|81\/100|[from] item: Leftovers\n|upkeep\n|turn|5\n|\n|t:|1700051042\n|move|p1a: Corviknight|Body Press|p2a: Ting-Lu\n|-supereffective|p2a: Ting-Lu\n|-damage|p2a: Ting-Lu|55\/100\n|move|p2a: Ting-Lu|Spikes|p1a: Corviknight\n|-sidestart|p1: Vigilante V8|Spikes\n|\n|-heal|p2a: Ting-Lu|61\/100|[from] item: Leftovers\n|upkeep\n|turn|6\n|\n|t:|1700051047\n|switch|p2a: Zapdos|Zapdos|100\/100\n|move|p1a: Corviknight|Defog|p2a: Zapdos\n|-unboost|p2a: Zapdos|evasion|1\n|-sideend|p1: Vigilante V8|Spikes|[from] move: Defog|[of] p1a: Corviknight\n|\n|upkeep\n|turn|7\n|\n|t:|1700051054\n|switch|p1a: Clodsire|Clodsire, M|100\/100\n|move|p2a: Zapdos|U-turn|p1a: Clodsire\n|-resisted|p1a: Clodsire\n|-damage|p1a: Clodsire|93\/100\n|\n|t:|1700051060\n|switch|p2a: Weavile|Weavile, F|100\/100|[from] U-turn\n|-ability|p2a: Weavile|Pressure\n|\n|-heal|p1a: Clodsire|99\/100|[from] item: Black Sludge\n|upkeep\n|turn|8\n|\n|t:|1700051064\n|switch|p1a: Corviknight|Corviknight, F|26\/100\n|-ability|p1a: Corviknight|Pressure\n|move|p2a: Weavile|Knock Off|p1a: Corviknight\n|-damage|p1a: Corviknight|0 fnt\n|-damage|p2a: Weavile|84\/100|[from] item: Rocky Helmet|[of] p1a: Corviknight\n|-enditem|p1a: Corviknight|Rocky Helmet|[from] move: Knock Off|[of] p2a: Weavile\n|faint|p1a: Corviknight\n|\n|upkeep\n|inactive|Vigilante V8 has 120 seconds left.\n|inactive|Vigilante V8 has 90 seconds left.\n|\n|t:|1700051129\n|switch|p1a: Kingambit|Kingambit, F|100\/100\n|-activate|p1a: Kingambit|ability: Supreme Overlord\n|-start|p1a: Kingambit|fallen1|[silent]\n|turn|9\n|inactive|Vigilante V8 has 90 seconds left.\n|\n|t:|1700051150\n|switch|p2a: Alomomola|Alomomola, F|100\/100\n|move|p1a: Kingambit|Swords Dance|p1a: Kingambit\n|-boost|p1a: Kingambit|atk|2\n|\n|upkeep\n|turn|10\n|\n|t:|1700051160\n|-terastallize|p1a: Kingambit|Dark\n|move|p1a: Kingambit|Kowtow Cleave|p2a: Alomomola\n|-damage|p2a: Alomomola|0 fnt\n|faint|p2a: Alomomola\n|\n|upkeep\n|c|\u2606OUHF Zam Zam|unfortunate\n|\n|t:|1700051175\n|switch|p2a: Iron Valiant|Iron Valiant|100\/100\n|turn|11\n|\n|t:|1700051179\n|-end|p1a: Kingambit|fallen1|[silent]\n|switch|p1a: Clodsire|Clodsire, M|99\/100\n|move|p2a: Iron Valiant|Moonblast|p1a: Clodsire\n|-resisted|p1a: Clodsire\n|-damage|p1a: Clodsire|80\/100\n|-unboost|p1a: Clodsire|spa|1\n|\n|-heal|p1a: Clodsire|86\/100|[from] item: Black Sludge\n|upkeep\n|turn|12\n|\n|t:|1700051184\n|-end|p2a: Iron Valiant|Quark Drive|[silent]\n|switch|p2a: Weavile|Weavile, F|84\/100\n|-ability|p2a: Weavile|Pressure\n|move|p1a: Clodsire|Toxic|p2a: Weavile\n|-status|p2a: Weavile|tox\n|\n|-heal|p1a: Clodsire|93\/100|[from] item: Black Sludge\n|-damage|p2a: Weavile|78\/100 tox|[from] psn\n|upkeep\n|turn|13\n|\n|t:|1700051189\n|switch|p1a: Dondozo|Dondozo, F|100\/100\n|move|p2a: Weavile|Knock Off|p1a: Dondozo\n|-damage|p1a: Dondozo|78\/100\n|-enditem|p1a: Dondozo|Leftovers|[from] move: Knock Off|[of] p2a: Weavile\n|\n|-damage|p2a: Weavile|66\/100 tox|[from] psn\n|upkeep\n|turn|14\n|\n|t:|1700051194\n|switch|p2a: Zapdos|Zapdos|100\/100\n|switch|p1a: Garganacl|Garganacl, M|100\/100\n|\n|upkeep\n|turn|15\n|\n|t:|1700051198\n|move|p2a: Zapdos|U-turn|p1a: Garganacl\n|-crit|p1a: Garganacl\n|-damage|p1a: Garganacl|88\/100\n|\n|t:|1700051207\n|switch|p2a: Ting-Lu|Ting-Lu|61\/100|[from] U-turn\n|-ability|p2a: Ting-Lu|Vessel of Ruin\n|move|p1a: Garganacl|Salt Cure|p2a: Ting-Lu\n|-resisted|p2a: Ting-Lu\n|-crit|p2a: Ting-Lu\n|-damage|p2a: Ting-Lu|55\/100\n|-start|p2a: Ting-Lu|Salt Cure\n|\n|-heal|p2a: Ting-Lu|61\/100|[from] item: Leftovers\n|-heal|p1a: Garganacl|94\/100|[from] item: Leftovers\n|-damage|p2a: Ting-Lu|49\/100|[from] Salt Cure\n|upkeep\n|turn|16\n|\n|t:|1700051213\n|move|p2a: Ting-Lu|Spikes|p1a: Garganacl\n|-sidestart|p1: Vigilante V8|Spikes\n|move|p1a: Garganacl|Stealth Rock|p2a: Ting-Lu\n|-sidestart|p2: OUHF Zam Zam|move: Stealth Rock\n|\n|-heal|p2a: Ting-Lu|55\/100|[from] item: Leftovers\n|-heal|p1a: Garganacl|99\/100|[from] item: Leftovers\n|-damage|p2a: Ting-Lu|42\/100|[from] Salt Cure\n|upkeep\n|turn|17\n|\n|t:|1700051219\n|switch|p1a: Kingambit|Kingambit, F, tera:Dark|100\/100\n|-damage|p1a: Kingambit|88\/100|[from] Spikes\n|-activate|p1a: Kingambit|ability: Supreme Overlord\n|-start|p1a: Kingambit|fallen1|[silent]\n|move|p2a: Ting-Lu|Spikes|p1a: Kingambit\n|-sidestart|p1: Vigilante V8|Spikes\n|\n|-heal|p2a: Ting-Lu|49\/100|[from] item: Leftovers\n|-damage|p2a: Ting-Lu|36\/100|[from] Salt Cure\n|upkeep\n|turn|18\n|\n|t:|1700051226\n|move|p1a: Kingambit|Low Kick|p2a: Ting-Lu\n|-supereffective|p2a: Ting-Lu\n|-damage|p2a: Ting-Lu|0 fnt\n|faint|p2a: Ting-Lu\n|\n|upkeep\n|\n|t:|1700051228\n|switch|p2a: Iron Valiant|Iron Valiant|100\/100\n|-damage|p2a: Iron Valiant|94\/100|[from] Stealth Rock\n|turn|19\n|\n|t:|1700051236\n|-end|p1a: Kingambit|fallen1|[silent]\n|switch|p1a: Clodsire|Clodsire, M|93\/100\n|-damage|p1a: Clodsire|76\/100|[from] Spikes\n|move|p2a: Iron Valiant|Psyshock|p1a: Clodsire\n|-supereffective|p1a: Clodsire\n|-damage|p1a: Clodsire|0 fnt\n|faint|p1a: Clodsire\n|\n|upkeep\n|\n|t:|1700051240\n|switch|p1a: Garganacl|Garganacl, M|99\/100\n|-damage|p1a: Garganacl|83\/100|[from] Spikes\n|turn|20\n|\n|t:|1700051257\n|-end|p2a: Iron Valiant|Quark Drive|[silent]\n|switch|p2a: Weavile|Weavile, F|66\/100 tox\n|-damage|p2a: Weavile|41\/100 tox|[from] Stealth Rock\n|-ability|p2a: Weavile|Pressure\n|move|p1a: Garganacl|Salt Cure|p2a: Weavile\n|-supereffective|p2a: Weavile\n|-damage|p2a: Weavile|0 fnt\n|faint|p2a: Weavile\n|\n|-heal|p1a: Garganacl|90\/100|[from] item: Leftovers\n|upkeep\n|\n|t:|1700051259\n|switch|p2a: Iron Valiant|Iron Valiant|94\/100\n|-damage|p2a: Iron Valiant|88\/100|[from] Stealth Rock\n|turn|21\n|\n|t:|1700051261\n|-terastallize|p2a: Iron Valiant|Fairy\n|move|p1a: Garganacl|Protect|p1a: Garganacl\n|-singleturn|p1a: Garganacl|Protect\n|move|p2a: Iron Valiant|Moonblast|p1a: Garganacl\n|-activate|p1a: Garganacl|move: Protect\n|\n|-heal|p1a: Garganacl|96\/100|[from] item: Leftovers\n|upkeep\n|turn|22\n|\n|t:|1700051265\n|move|p2a: Iron Valiant|Moonblast|p1a: Garganacl\n|-damage|p1a: Garganacl|39\/100\n|-unboost|p1a: Garganacl|spa|1\n|move|p1a: Garganacl|Salt Cure|p2a: Iron Valiant\n|-damage|p2a: Iron Valiant|69\/100\n|-start|p2a: Iron Valiant|Salt Cure\n|\n|-heal|p1a: Garganacl|45\/100|[from] item: Leftovers\n|-damage|p2a: Iron Valiant|57\/100|[from] Salt Cure\n|upkeep\n|turn|23\n|\n|t:|1700051271\n|move|p1a: Garganacl|Protect|p1a: Garganacl\n|-singleturn|p1a: Garganacl|Protect\n|move|p2a: Iron Valiant|Moonblast|p1a: Garganacl\n|-activate|p1a: Garganacl|move: Protect\n|\n|-heal|p1a: Garganacl|51\/100|[from] item: Leftovers\n|-damage|p2a: Iron Valiant|44\/100|[from] Salt Cure\n|upkeep\n|turn|24\n|\n|t:|1700051290\n|switch|p1a: Dondozo|Dondozo, F|78\/100\n|-damage|p1a: Dondozo|62\/100|[from] Spikes\n|move|p2a: Iron Valiant|Moonblast|p1a: Dondozo\n|-damage|p1a: Dondozo|0 fnt\n|faint|p1a: Dondozo\n|\n|-damage|p2a: Iron Valiant|32\/100|[from] Salt Cure\n|upkeep\n|\n|t:|1700051304\n|switch|p1a: Weavile|Weavile, M|100\/100\n|-damage|p1a: Weavile|84\/100|[from] Spikes\n|-ability|p1a: Weavile|Pressure\n|turn|25\n|\n|t:|1700051309\n|-end|p2a: Iron Valiant|Quark Drive|[silent]\n|switch|p2a: Zapdos|Zapdos|100\/100\n|move|p1a: Weavile|Ice Shard|p2a: Zapdos\n|-supereffective|p2a: Zapdos\n|-damage|p2a: Zapdos|44\/100\n|\n|upkeep\n|turn|26\n|\n|t:|1700051313\n|switch|p2a: Cinderace|Cinderace, M|100\/100\n|move|p1a: Weavile|Ice Shard|p2a: Cinderace\n|-resisted|p2a: Cinderace\n|-damage|p2a: Cinderace|83\/100\n|\n|upkeep\n|turn|27\n|\n|t:|1700051323\n|switch|p1a: Garganacl|Garganacl, M|51\/100\n|-damage|p1a: Garganacl|35\/100|[from] Spikes\n|move|p2a: Cinderace|U-turn|p1a: Garganacl\n|-damage|p1a: Garganacl|22\/100\n|\n|t:|1700051337\n|switch|p2a: Iron Valiant|Iron Valiant, tera:Fairy|32\/100|[from] U-turn\n|-damage|p2a: Iron Valiant|20\/100|[from] Stealth Rock\n|\n|-heal|p1a: Garganacl|28\/100|[from] item: Leftovers\n|upkeep\n|turn|28\n|\n|t:|1700051340\n|move|p1a: Garganacl|Protect|p1a: Garganacl\n|-singleturn|p1a: Garganacl|Protect\n|move|p2a: Iron Valiant|Moonblast|p1a: Garganacl\n|-activate|p1a: Garganacl|move: Protect\n|\n|-heal|p1a: Garganacl|34\/100|[from] item: Leftovers\n|upkeep\n|turn|29\n|\n|t:|1700051345\n|move|p2a: Iron Valiant|Moonblast|p1a: Garganacl\n|-damage|p1a: Garganacl|0 fnt\n|faint|p1a: Garganacl\n|\n|upkeep\n|\n|t:|1700051351\n|switch|p1a: Weavile|Weavile, M|84\/100\n|-damage|p1a: Weavile|68\/100|[from] Spikes\n|-ability|p1a: Weavile|Pressure\n|turn|30\n|\n|t:|1700051356\n|move|p1a: Weavile|Knock Off|p2a: Iron Valiant\n|-resisted|p2a: Iron Valiant\n|-damage|p2a: Iron Valiant|0 fnt\n|-enditem|p2a: Iron Valiant|Choice Specs|[from] move: Knock Off|[of] p1a: Weavile\n|faint|p2a: Iron Valiant\n|-end|p2a: Iron Valiant|Quark Drive|[silent]\n|\n|upkeep\n|inactive|OUHF Zam Zam has 120 seconds left.\n|\n|t:|1700051389\n|switch|p2a: Cinderace|Cinderace, M|83\/100\n|turn|31\n|\n|t:|1700051394\n|move|p1a: Weavile|Knock Off|p2a: Cinderace\n|-damage|p2a: Cinderace|0 fnt\n|-enditem|p2a: Cinderace|Heavy-Duty Boots|[from] move: Knock Off|[of] p1a: Weavile\n|faint|p2a: Cinderace\n|\n|upkeep\n|-message|OUHF Zam Zam forfeited.\n|\n|win|Vigilante V8\n|raw|Vigilante V8's rating: 1747 &rarr; <strong>1770<\/strong><br \/>(+23 for winning)\n|raw|OUHF Zam Zam's rating: 1798 &rarr; <strong>1775<\/strong><br \/>(-23 for losing)\n|l|\u2606OUHF Zam Zam\n|l|\u2606Vigilante V8\n","uploadtime":1700051403,"views":7,"p1id":"vigilantev8","p2id":"ouhfzamzam","formatid":"gen9ou","rating":1770,"private":0,"password":""}