{"id":"gen9ou-1991664266","p1":"randomslowbrouser","p2":"Martin80","format":"[Gen 9] OU","log":"|j|\u2606randomslowbrouser\n|j|\u2606Martin80\n|t:|1700100037\n|gametype|singles\n|player|p1|randomslowbrouser|ariana|1283\n|player|p2|Martin80|steven|1182\n|teamsize|p1|6\n|teamsize|p2|6\n|gen|9\n|tier|[Gen 9] OU\n|rated|\n|rule|Sleep Clause Mod: Limit one foe put to sleep\n|rule|Species Clause: Limit one of each Pok\u00e9mon\n|rule|OHKO Clause: OHKO moves are banned\n|rule|Evasion Items Clause: Evasion items are banned\n|rule|Evasion Moves Clause: Evasion moves are banned\n|rule|Endless Battle Clause: Forcing endless battles is banned\n|rule|HP Percentage Mod: HP is shown in percentages\n|clearpoke\n|poke|p1|Inteleon, F|\n|poke|p1|Clodsire, F|\n|poke|p1|Glimmora, F|\n|poke|p1|Gholdengo|\n|poke|p1|Zapdos|\n|poke|p1|Zamazenta-*|\n|poke|p2|Quaquaval, F|\n|poke|p2|Tinkaton, F|\n|poke|p2|Lokix, F|\n|poke|p2|Garganacl, F|\n|poke|p2|Ceruledge, F|\n|poke|p2|Arboliva, F|\n|teampreview\n|\n|t:|1700100052\n|start\n|switch|p1a: Glimmora|Glimmora, F|100\/100\n|switch|p2a: Jolyne|Quaquaval, F, shiny|100\/100\n|turn|1\n|inactive|Battle timer is ON: inactive players will automatically lose when time's up. (requested by Martin80)\n|\n|t:|1700100060\n|move|p2a: Jolyne|Aqua Step|p1a: Glimmora\n|-supereffective|p1a: Glimmora\n|-damage|p1a: Glimmora|16\/100\n|-boost|p2a: Jolyne|spe|1\n|-activate|p1a: Glimmora|ability: Toxic Debris\n|-sidestart|p2: Martin80|move: Toxic Spikes\n|move|p1a: Glimmora|Reflect|p1a: Glimmora\n|-sidestart|p1: randomslowbrouser|Reflect\n|\n|upkeep\n|turn|2\n|\n|t:|1700100078\n|move|p2a: Jolyne|Aqua Step|p1a: Glimmora\n|-supereffective|p1a: Glimmora\n|-damage|p1a: Glimmora|0 fnt\n|-boost|p2a: Jolyne|spe|1\n|-activate|p1a: Glimmora|ability: Toxic Debris\n|-sidestart|p2: Martin80|move: Toxic Spikes\n|faint|p1a: Glimmora\n|-ability|p2a: Jolyne|Moxie|boost\n|-boost|p2a: Jolyne|atk|1\n|\n|upkeep\n|\n|t:|1700100093\n|switch|p1a: Clodsire|Clodsire, F, shiny|100\/100\n|turn|3\n|\n|t:|1700100101\n|-terastallize|p1a: Clodsire|Bug\n|move|p2a: Jolyne|Rapid Spin|p1a: Clodsire\n|-damage|p1a: Clodsire|93\/100\n|-boost|p2a: Jolyne|spe|1\n|-sideend|p2: Martin80|Toxic Spikes|[from] move: Rapid Spin|[of] p2a: Jolyne\n|move|p1a: Clodsire|Curse|p1a: Clodsire\n|-unboost|p1a: Clodsire|spe|1\n|-boost|p1a: Clodsire|atk|1\n|-boost|p1a: Clodsire|def|1\n|\n|upkeep\n|turn|4\n|\n|t:|1700100113\n|switch|p2a: Arboliva|Arboliva, F, shiny|100\/100\n|move|p1a: Clodsire|Curse|p1a: Clodsire\n|-unboost|p1a: Clodsire|spe|1\n|-boost|p1a: Clodsire|atk|1\n|-boost|p1a: Clodsire|def|1\n|\n|upkeep\n|turn|5\n|\n|t:|1700100121\n|move|p2a: Arboliva|Strength Sap|p1a: Clodsire\n|-unboost|p1a: Clodsire|atk|1\n|move|p1a: Clodsire|Gunk Shot|p2a: Arboliva\n|-supereffective|p2a: Arboliva\n|-damage|p2a: Arboliva|25\/100\n|-fieldstart|move: Grassy Terrain|[from] ability: Seed Sower|[of] p2a: Arboliva\n|\n|-heal|p2a: Arboliva|32\/100|[from] Grassy Terrain\n|-heal|p2a: Arboliva|38\/100|[from] item: Leftovers\n|-heal|p1a: Clodsire|99\/100|[from] Grassy Terrain\n|upkeep\n|turn|6\n|\n|t:|1700100131\n|move|p2a: Arboliva|Strength Sap|p1a: Clodsire\n|-unboost|p1a: Clodsire|atk|1\n|-heal|p2a: Arboliva|100\/100\n|move|p1a: Clodsire|Gunk Shot|p2a: Arboliva\n|-supereffective|p2a: Arboliva\n|-damage|p2a: Arboliva|44\/100\n|\n|-heal|p2a: Arboliva|50\/100|[from] Grassy Terrain\n|-heal|p2a: Arboliva|56\/100|[from] item: Leftovers\n|-heal|p1a: Clodsire|100\/100|[from] Grassy Terrain\n|upkeep\n|turn|7\n|\n|t:|1700100141\n|move|p2a: Arboliva|Strength Sap|p1a: Clodsire\n|-unboost|p1a: Clodsire|atk|1\n|-heal|p2a: Arboliva|100\/100\n|move|p1a: Clodsire|Gunk Shot|p2a: Arboliva\n|-supereffective|p2a: Arboliva\n|-damage|p2a: Arboliva|63\/100\n|\n|-heal|p2a: Arboliva|69\/100|[from] Grassy Terrain\n|-heal|p2a: Arboliva|75\/100|[from] item: Leftovers\n|upkeep\n|turn|8\n|\n|t:|1700100159\n|switch|p1a: Zapdos|Zapdos, shiny|100\/100\n|move|p2a: Arboliva|Substitute|p2a: Arboliva\n|-start|p2a: Arboliva|Substitute\n|-damage|p2a: Arboliva|50\/100\n|\n|-heal|p2a: Arboliva|57\/100|[from] Grassy Terrain\n|-heal|p2a: Arboliva|63\/100|[from] item: Leftovers\n|-sideend|p1: randomslowbrouser|Reflect\n|upkeep\n|turn|9\n|\n|t:|1700100170\n|move|p1a: Zapdos|Heat Wave|p2a: Arboliva\n|-supereffective|p2a: Arboliva\n|-end|p2a: Arboliva|Substitute\n|move|p2a: Arboliva|Strength Sap|p1a: Zapdos\n|-unboost|p1a: Zapdos|atk|1\n|-heal|p2a: Arboliva|100\/100\n|\n|-fieldend|move: Grassy Terrain\n|upkeep\n|turn|10\n|\n|t:|1700100178\n|move|p1a: Zapdos|Hurricane|p2a: Arboliva\n|-supereffective|p2a: Arboliva\n|-damage|p2a: Arboliva|22\/100\n|-fieldstart|move: Grassy Terrain|[from] ability: Seed Sower|[of] p2a: Arboliva\n|move|p2a: Arboliva|Giga Drain|p1a: Zapdos\n|-resisted|p1a: Zapdos\n|-damage|p1a: Zapdos|81\/100\n|-heal|p2a: Arboliva|32\/100|[from] drain|[of] p1a: Zapdos\n|\n|-heal|p2a: Arboliva|38\/100|[from] Grassy Terrain\n|-heal|p2a: Arboliva|44\/100|[from] item: Leftovers\n|upkeep\n|turn|11\n|\n|t:|1700100189\n|move|p2a: Arboliva|Protect|p2a: Arboliva\n|-singleturn|p2a: Arboliva|Protect\n|move|p1a: Zapdos|Hurricane|p2a: Arboliva\n|-activate|p2a: Arboliva|move: Protect\n|\n|-heal|p2a: Arboliva|50\/100|[from] Grassy Terrain\n|-heal|p2a: Arboliva|56\/100|[from] item: Leftovers\n|upkeep\n|turn|12\n|\n|t:|1700100203\n|switch|p2a: Golemcita|Garganacl, F, shiny|100\/100\n|move|p1a: Zapdos|Hurricane|p2a: Golemcita|[miss]\n|-miss|p1a: Zapdos|p2a: Golemcita\n|\n|upkeep\n|turn|13\n|\n|t:|1700100208\n|switch|p1a: Clodsire|Clodsire, F, shiny, tera:Bug|100\/100\n|move|p2a: Golemcita|Iron Defense|p2a: Golemcita\n|-boost|p2a: Golemcita|def|2\n|\n|upkeep\n|turn|14\n|\n|t:|1700100214\n|move|p2a: Golemcita|Iron Defense|p2a: Golemcita\n|-boost|p2a: Golemcita|def|2\n|move|p1a: Clodsire|Earthquake|p2a: Golemcita\n|-supereffective|p2a: Golemcita\n|-damage|p2a: Golemcita|84\/100\n|\n|-heal|p2a: Golemcita|90\/100|[from] Grassy Terrain\n|-heal|p2a: Golemcita|96\/100|[from] item: Leftovers\n|-fieldend|move: Grassy Terrain\n|upkeep\n|turn|15\n|\n|t:|1700100222\n|move|p2a: Golemcita|Iron Defense|p2a: Golemcita\n|-boost|p2a: Golemcita|def|2\n|move|p1a: Clodsire|Curse|p1a: Clodsire\n|-unboost|p1a: Clodsire|spe|1\n|-boost|p1a: Clodsire|atk|1\n|-boost|p1a: Clodsire|def|1\n|\n|-heal|p2a: Golemcita|100\/100|[from] item: Leftovers\n|upkeep\n|turn|16\n|\n|t:|1700100230\n|move|p2a: Golemcita|Body Press|p1a: Clodsire\n|-resisted|p1a: Clodsire\n|-damage|p1a: Clodsire|93\/100\n|move|p1a: Clodsire|Curse|p1a: Clodsire\n|-unboost|p1a: Clodsire|spe|1\n|-boost|p1a: Clodsire|atk|1\n|-boost|p1a: Clodsire|def|1\n|\n|upkeep\n|turn|17\n|\n|t:|1700100237\n|move|p2a: Golemcita|Salt Cure|p1a: Clodsire\n|-supereffective|p1a: Clodsire\n|-damage|p1a: Clodsire|80\/100\n|move|p1a: Clodsire|Curse|p1a: Clodsire\n|-unboost|p1a: Clodsire|spe|1\n|-boost|p1a: Clodsire|atk|1\n|-boost|p1a: Clodsire|def|1\n|\n|upkeep\n|turn|18\n|\n|t:|1700100246\n|move|p2a: Golemcita|Salt Cure|p1a: Clodsire\n|-supereffective|p1a: Clodsire\n|-damage|p1a: Clodsire|69\/100\n|move|p1a: Clodsire|Earthquake|p2a: Golemcita\n|-supereffective|p2a: Golemcita\n|-damage|p2a: Golemcita|15\/100\n|\n|-heal|p2a: Golemcita|22\/100|[from] item: Leftovers\n|upkeep\n|turn|19\n|\n|t:|1700100258\n|move|p2a: Golemcita|Recover|p2a: Golemcita\n|-heal|p2a: Golemcita|72\/100\n|move|p1a: Clodsire|Curse|p1a: Clodsire\n|-unboost|p1a: Clodsire|spe|1\n|-boost|p1a: Clodsire|atk|1\n|-boost|p1a: Clodsire|def|1\n|\n|-heal|p2a: Golemcita|78\/100|[from] item: Leftovers\n|upkeep\n|turn|20\n|\n|t:|1700100267\n|move|p2a: Golemcita|Salt Cure|p1a: Clodsire\n|-supereffective|p1a: Clodsire\n|-damage|p1a: Clodsire|60\/100\n|move|p1a: Clodsire|Recover|p1a: Clodsire\n|-heal|p1a: Clodsire|100\/100\n|\n|-heal|p2a: Golemcita|84\/100|[from] item: Leftovers\n|upkeep\n|turn|21\n|c|\u2606Martin80|HOW THIS THING IS IN NOT SALT CURE?\n|\n|t:|1700100288\n|move|p2a: Golemcita|Salt Cure|p1a: Clodsire\n|-supereffective|p1a: Clodsire\n|-damage|p1a: Clodsire|91\/100\n|move|p1a: Clodsire|Earthquake|p2a: Golemcita\n|-supereffective|p2a: Golemcita\n|-damage|p2a: Golemcita|0 fnt\n|faint|p2a: Golemcita\n|\n|upkeep\n|\n|t:|1700100295\n|switch|p2a: Jolyne|Quaquaval, F, shiny|100\/100\n|turn|22\n|c|\u2606randomslowbrouser|Covert cloak\n|c|\u2606Martin80|>>>>>>;(\n|\n|t:|1700100313\n|move|p2a: Jolyne|Swords Dance|p2a: Jolyne\n|-boost|p2a: Jolyne|atk|2\n|move|p1a: Clodsire|Gunk Shot|p2a: Jolyne\n|-damage|p2a: Jolyne|0 fnt\n|faint|p2a: Jolyne\n|\n|upkeep\n|c|\u2606Martin80|YOU SIK BASTARD\n|\n|t:|1700100320\n|switch|p2a: Arboliva|Arboliva, F, shiny|56\/100\n|turn|23\n|\n|t:|1700100323\n|move|p2a: Arboliva|Strength Sap|p1a: Clodsire\n|-unboost|p1a: Clodsire|atk|1\n|-heal|p2a: Arboliva|100\/100\n|move|p1a: Clodsire|Gunk Shot|p2a: Arboliva\n|-supereffective|p2a: Arboliva\n|-damage|p2a: Arboliva|0 fnt\n|-fieldstart|move: Grassy Terrain|[from] ability: Seed Sower|[of] p2a: Arboliva\n|faint|p2a: Arboliva\n|\n|-heal|p1a: Clodsire|97\/100|[from] Grassy Terrain\n|upkeep\n|-message|Martin80 forfeited.\n|\n|win|randomslowbrouser\n|raw|randomslowbrouser's rating: 1283 &rarr; <strong>1301<\/strong><br \/>(+18 for winning)\n|raw|Martin80's rating: 1182 &rarr; <strong>1164<\/strong><br \/>(-18 for losing)\n|l|\u2606Martin80\n|c|\u2606randomslowbrouser|Mud bug sweep\n","uploadtime":1700100344,"views":10,"p1id":"randomslowbrouser","p2id":"martin80","formatid":"gen9ou","rating":1164,"private":0,"password":""}