{"id":"gen9ou-1999598683","p1":"Magolor16","p2":"edel71","format":"[Gen 9] OU","log":"|j|\u2606Magolor16\n|j|\u2606edel71\n|t:|1701099871\n|gametype|singles\n|player|p1|Magolor16|266|1342\n|player|p2|edel71|wallace|1449\n|teamsize|p1|6\n|teamsize|p2|6\n|gen|9\n|tier|[Gen 9] OU\n|rated|\n|rule|Sleep Clause Mod: Limit one foe put to sleep\n|rule|Species Clause: Limit one of each Pok\u00e9mon\n|rule|OHKO Clause: OHKO moves are banned\n|rule|Evasion Items Clause: Evasion items are banned\n|rule|Evasion Moves Clause: Evasion moves are banned\n|rule|Endless Battle Clause: Forcing endless battles is banned\n|rule|HP Percentage Mod: HP is shown in percentages\n|clearpoke\n|poke|p1|Rillaboom, M|\n|poke|p1|Kingambit, M|\n|poke|p1|Hatterene, F|\n|poke|p1|Sinistcha-Masterpiece|\n|poke|p1|Hawlucha, M|\n|poke|p1|Empoleon, M|\n|poke|p2|Landorus-Therian, M|\n|poke|p2|Iron Moth|\n|poke|p2|Greninja-*, F|\n|poke|p2|Corviknight, F|\n|poke|p2|Cinderace, M|\n|poke|p2|Zamazenta-*|\n|teampreview\n|c|\u2606Magolor16|gl hf\n|\n|t:|1701099892\n|start\n|switch|p1a: Rillaboom|Rillaboom, M|100\/100\n|switch|p2a: Landorus|Landorus-Therian, M|100\/100\n|-ability|p2a: Landorus|Intimidate|boost\n|-unboost|p1a: Rillaboom|atk|1\n|-fieldstart|move: Grassy Terrain|[from] ability: Grassy Surge|[of] p1a: Rillaboom\n|turn|1\n|\n|t:|1701099898\n|switch|p1a: Hatterene|Hatterene, F|100\/100\n|-enditem|p1a: Hatterene|Grassy Seed\n|-boost|p1a: Hatterene|def|1|[from] item: Grassy Seed\n|move|p2a: Landorus|U-turn|p1a: Hatterene\n|-damage|p1a: Hatterene|80\/100\n|\n|t:|1701099910\n|switch|p2a: Iron Moth|Iron Moth|100\/100|[from] U-turn\n|-enditem|p2a: Iron Moth|Booster Energy\n|-activate|p2a: Iron Moth|ability: Quark Drive|[fromitem]\n|-start|p2a: Iron Moth|quarkdrivespe\n|\n|-heal|p1a: Hatterene|86\/100|[from] Grassy Terrain\n|upkeep\n|turn|2\n|\n|t:|1701099915\n|move|p2a: Iron Moth|Substitute|p2a: Iron Moth\n|-start|p2a: Iron Moth|Substitute\n|-damage|p2a: Iron Moth|76\/100\n|move|p1a: Hatterene|Stored Power|p2a: Iron Moth\n|-supereffective|p2a: Iron Moth\n|-end|p2a: Iron Moth|Substitute\n|\n|-heal|p2a: Iron Moth|82\/100|[from] Grassy Terrain\n|-heal|p1a: Hatterene|92\/100|[from] Grassy Terrain\n|upkeep\n|turn|3\n|\n|t:|1701099918\n|move|p2a: Iron Moth|Sludge Wave|p1a: Hatterene\n|-supereffective|p1a: Hatterene\n|-damage|p1a: Hatterene|0 fnt\n|faint|p1a: Hatterene\n|\n|-heal|p2a: Iron Moth|88\/100|[from] Grassy Terrain\n|upkeep\n|\n|t:|1701099921\n|switch|p1a: Empoleon|Empoleon, M|100\/100\n|turn|4\n|\n|t:|1701099927\n|move|p2a: Iron Moth|Fiery Dance|p1a: Empoleon\n|-damage|p1a: Empoleon|55\/100\n|-boost|p2a: Iron Moth|spa|1\n|move|p1a: Empoleon|Surf|p2a: Iron Moth\n|-supereffective|p2a: Iron Moth\n|-damage|p2a: Iron Moth|0 fnt\n|faint|p2a: Iron Moth\n|-end|p2a: Iron Moth|Quark Drive|[silent]\n|\n|-heal|p1a: Empoleon|61\/100|[from] Grassy Terrain\n|-heal|p1a: Empoleon|67\/100|[from] item: Leftovers\n|upkeep\n|\n|t:|1701099940\n|switch|p2a: Corviknight|Corviknight, F|100\/100\n|-ability|p2a: Corviknight|Pressure\n|turn|5\n|\n|t:|1701099946\n|switch|p1a: Sinistcha|Sinistcha-Masterpiece|100\/100\n|-enditem|p1a: Sinistcha|Grassy Seed\n|-boost|p1a: Sinistcha|def|1|[from] item: Grassy Seed\n|move|p2a: Corviknight|U-turn|p1a: Sinistcha\n|-damage|p1a: Sinistcha|92\/100\n|\n|t:|1701099953\n|switch|p2a: Greninja|Greninja, F|100\/100|[from] U-turn\n|\n|-heal|p1a: Sinistcha|98\/100|[from] Grassy Terrain\n|upkeep\n|turn|6\n|\n|t:|1701099957\n|move|p2a: Greninja|Dark Pulse|p1a: Sinistcha\n|-start|p2a: Greninja|typechange|Dark|[from] ability: Protean\n|-supereffective|p1a: Sinistcha\n|-damage|p1a: Sinistcha|9\/100\n|move|p1a: Sinistcha|Matcha Gotcha|p2a: Greninja\n|-damage|p2a: Greninja|31\/100\n|-heal|p1a: Sinistcha|38\/100|[from] drain|[of] p2a: Greninja\n|\n|-heal|p2a: Greninja|37\/100|[from] Grassy Terrain\n|-heal|p1a: Sinistcha|44\/100|[from] Grassy Terrain\n|upkeep\n|turn|7\n|j| encostoo\n|\n|t:|1701099970\n|switch|p1a: Hawlucha|Hawlucha, M|100\/100\n|-enditem|p1a: Hawlucha|Grassy Seed\n|-boost|p1a: Hawlucha|def|1|[from] item: Grassy Seed\n|move|p2a: Greninja|Dark Pulse|p1a: Hawlucha\n|-resisted|p1a: Hawlucha\n|-damage|p1a: Hawlucha|56\/100\n|\n|-heal|p2a: Greninja|43\/100|[from] Grassy Terrain\n|upkeep\n|turn|8\n|\n|t:|1701099978\n|switch|p2a: Landorus|Landorus-Therian, M|100\/100\n|-ability|p2a: Landorus|Intimidate|boost\n|-unboost|p1a: Hawlucha|atk|1\n|move|p1a: Hawlucha|Swords Dance|p1a: Hawlucha\n|-boost|p1a: Hawlucha|atk|2\n|\n|-fieldend|move: Grassy Terrain\n|upkeep\n|turn|9\n|\n|t:|1701099983\n|move|p1a: Hawlucha|Acrobatics|p2a: Landorus\n|-damage|p2a: Landorus|9\/100\n|move|p2a: Landorus|Stone Edge|p1a: Hawlucha|[miss]\n|-miss|p2a: Landorus|p1a: Hawlucha\n|\n|upkeep\n|turn|10\n|\n|t:|1701099988\n|move|p1a: Hawlucha|Acrobatics|p2a: Landorus\n|-damage|p2a: Landorus|0 fnt\n|faint|p2a: Landorus\n|\n|upkeep\n|\n|t:|1701099992\n|switch|p2a: Cinderace|Cinderace, M|100\/100\n|turn|11\n|\n|t:|1701099996\n|move|p1a: Hawlucha|Close Combat|p2a: Cinderace\n|-damage|p2a: Cinderace|6\/100\n|-unboost|p1a: Hawlucha|def|1\n|-unboost|p1a: Hawlucha|spd|1\n|move|p2a: Cinderace|Will-O-Wisp|p1a: Hawlucha\n|-status|p1a: Hawlucha|brn\n|\n|-damage|p1a: Hawlucha|50\/100 brn|[from] brn\n|upkeep\n|turn|12\n|\n|t:|1701100003\n|switch|p1a: Sinistcha|Sinistcha-Masterpiece|44\/100\n|move|p2a: Cinderace|Sucker Punch||[still]\n|-fail|p2a: Cinderace\n|\n|upkeep\n|turn|13\n|\n|t:|1701100006\n|move|p2a: Cinderace|Pyro Ball|p1a: Sinistcha\n|-supereffective|p1a: Sinistcha\n|-damage|p1a: Sinistcha|0 fnt\n|faint|p1a: Sinistcha\n|\n|upkeep\n|\n|t:|1701100011\n|switch|p1a: Rillaboom|Rillaboom, M|100\/100\n|-fieldstart|move: Grassy Terrain|[from] ability: Grassy Surge|[of] p1a: Rillaboom\n|turn|14\n|\n|t:|1701100018\n|move|p1a: Rillaboom|Grassy Glide|p2a: Cinderace\n|-resisted|p2a: Cinderace\n|-damage|p2a: Cinderace|0 fnt\n|faint|p2a: Cinderace\n|\n|upkeep\n|\n|t:|1701100023\n|switch|p2a: Zamazenta|Zamazenta|100\/100\n|-ability|p2a: Zamazenta|Dauntless Shield|boost\n|-boost|p2a: Zamazenta|def|1\n|turn|15\n|\n|t:|1701100026\n|switch|p1a: Hawlucha|Hawlucha, M|50\/100 brn\n|move|p2a: Zamazenta|Iron Defense|p2a: Zamazenta\n|-boost|p2a: Zamazenta|def|2\n|\n|-damage|p1a: Hawlucha|44\/100 brn|[from] brn\n|upkeep\n|turn|16\n|\n|t:|1701100030\n|move|p2a: Zamazenta|Body Press|p1a: Hawlucha\n|-resisted|p1a: Hawlucha\n|-damage|p1a: Hawlucha|0 fnt\n|faint|p1a: Hawlucha\n|\n|upkeep\n|\n|t:|1701100032\n|switch|p1a: Empoleon|Empoleon, M|67\/100\n|turn|17\n|\n|t:|1701100041\n|-terastallize|p1a: Empoleon|Water\n|move|p2a: Zamazenta|Body Press|p1a: Empoleon\n|-damage|p1a: Empoleon|0 fnt\n|faint|p1a: Empoleon\n|\n|upkeep\n|-message|Magolor16 forfeited.\n|\n|win|edel71\n|raw|Magolor16's rating: 1342 &rarr; <strong>1328<\/strong><br \/>(-14 for losing)\n|raw|edel71's rating: 1449 &rarr; <strong>1463<\/strong><br \/>(+14 for winning)\n|l|\u2606Magolor16\n","uploadtime":1701100092,"views":3,"p1id":"magolor16","p2id":"edel71","formatid":"gen9ou","rating":1328,"private":0,"password":""}