{"id":"gen9ou-1995043741","p1":"Lyriq","p2":"Dragon is Uber","format":"[Gen 9] OU","log":"|j|\u2606Lyriq\n|j|\u2606Dragon is Uber\n|t:|1700516503\n|gametype|singles\n|player|p1|Lyriq|brycen|1434\n|player|p2|Dragon is Uber|shadowtriad|1454\n|teamsize|p1|6\n|teamsize|p2|6\n|gen|9\n|tier|[Gen 9] OU\n|rated|\n|rule|Sleep Clause Mod: Limit one foe put to sleep\n|rule|Species Clause: Limit one of each Pok\u00e9mon\n|rule|OHKO Clause: OHKO moves are banned\n|rule|Evasion Items Clause: Evasion items are banned\n|rule|Evasion Moves Clause: Evasion moves are banned\n|rule|Endless Battle Clause: Forcing endless battles is banned\n|rule|HP Percentage Mod: HP is shown in percentages\n|clearpoke\n|poke|p1|Dragapult, M|\n|poke|p1|Gholdengo|\n|poke|p1|Kingambit, M|\n|poke|p1|Toxapex, F|\n|poke|p1|Iron Treads|\n|poke|p1|Zapdos|\n|poke|p2|Mimikyu, M|\n|poke|p2|Ninetales-Alola, F|\n|poke|p2|Heatran, M|\n|poke|p2|Zapdos|\n|poke|p2|Amoonguss, M|\n|poke|p2|Hatterene, F|\n|teampreview\n|inactive|Battle timer is ON: inactive players will automatically lose when time's up. (requested by Lyriq)\n|\n|t:|1700516530\n|start\n|switch|p1a: Dragapult|Dragapult, M|100\/100\n|switch|p2a: Amoonguss|Amoonguss, M|100\/100\n|turn|1\n|\n|t:|1700516534\n|switch|p2a: Heatran|Heatran, M|100\/100\n|move|p1a: Dragapult|Fire Blast|p2a: Heatran\n|-start|p2a: Heatran|ability: Flash Fire\n|\n|upkeep\n|turn|2\n|\n|t:|1700516540\n|switch|p1a: Iron Treads|Iron Treads|100\/100\n|move|p2a: Heatran|Stealth Rock|p1a: Iron Treads\n|-sidestart|p1: Lyriq|move: Stealth Rock\n|\n|upkeep\n|turn|3\n|\n|t:|1700516547\n|-end|p2a: Heatran|ability: Flash Fire|[silent]\n|switch|p2a: Amoonguss|Amoonguss, M|100\/100\n|move|p1a: Iron Treads|Earthquake|p2a: Amoonguss\n|-damage|p2a: Amoonguss|72\/100\n|\n|upkeep\n|turn|4\n|\n|t:|1700516555\n|move|p1a: Iron Treads|Stealth Rock|p2a: Amoonguss\n|-sidestart|p2: Dragon is Uber|move: Stealth Rock\n|move|p2a: Amoonguss|Giga Drain|p1a: Iron Treads\n|-damage|p1a: Iron Treads|79\/100\n|-heal|p2a: Amoonguss|82\/100|[from] drain|[of] p1a: Iron Treads\n|\n|-heal|p1a: Iron Treads|86\/100|[from] item: Leftovers\n|upkeep\n|turn|5\n|\n|t:|1700516558\n|move|p1a: Iron Treads|Rapid Spin|p2a: Amoonguss\n|-damage|p2a: Amoonguss|72\/100\n|-boost|p1a: Iron Treads|spe|1\n|-damage|p1a: Iron Treads|69\/100|[from] item: Rocky Helmet|[of] p2a: Amoonguss\n|-sideend|p1: Lyriq|Stealth Rock|[from] move: Rapid Spin|[of] p1a: Iron Treads\n|move|p2a: Amoonguss|Giga Drain|p1a: Iron Treads\n|-damage|p1a: Iron Treads|51\/100\n|-heal|p2a: Amoonguss|81\/100|[from] drain|[of] p1a: Iron Treads\n|\n|-heal|p1a: Iron Treads|57\/100|[from] item: Leftovers\n|upkeep\n|turn|6\n|\n|t:|1700516565\n|-end|p1a: Iron Treads|Quark Drive|[silent]\n|switch|p1a: Zapdos|Zapdos|100\/100\n|move|p2a: Amoonguss|Giga Drain|p1a: Zapdos\n|-resisted|p1a: Zapdos\n|-damage|p1a: Zapdos|86\/100\n|-heal|p2a: Amoonguss|86\/100|[from] drain|[of] p1a: Zapdos\n|\n|upkeep\n|turn|7\n|\n|t:|1700516572\n|switch|p2a: Heatran|Heatran, M|100\/100\n|-damage|p2a: Heatran|88\/100|[from] Stealth Rock\n|move|p1a: Zapdos|Hurricane|p2a: Heatran|[miss]\n|-miss|p1a: Zapdos|p2a: Heatran\n|\n|-heal|p2a: Heatran|94\/100|[from] item: Leftovers\n|upkeep\n|turn|8\n|\n|t:|1700516580\n|move|p1a: Zapdos|Discharge|p2a: Heatran\n|-damage|p2a: Heatran|66\/100\n|move|p2a: Heatran|Magma Storm|p1a: Zapdos|[miss]\n|-miss|p2a: Heatran|p1a: Zapdos\n|\n|-heal|p2a: Heatran|73\/100|[from] item: Leftovers\n|upkeep\n|turn|9\n|\n|t:|1700516587\n|move|p1a: Zapdos|Discharge|p2a: Heatran\n|-damage|p2a: Heatran|45\/100\n|move|p2a: Heatran|Taunt|p1a: Zapdos\n|-start|p1a: Zapdos|move: Taunt\n|\n|-heal|p2a: Heatran|51\/100|[from] item: Leftovers\n|upkeep\n|turn|10\n|\n|t:|1700516592\n|move|p1a: Zapdos|Discharge|p2a: Heatran\n|-damage|p2a: Heatran|26\/100\n|move|p2a: Heatran|Stealth Rock|p1a: Zapdos\n|-sidestart|p1: Lyriq|move: Stealth Rock\n|\n|-heal|p2a: Heatran|32\/100|[from] item: Leftovers\n|upkeep\n|turn|11\n|\n|t:|1700516597\n|switch|p2a: Zapdos|Zapdos|100\/100\n|move|p1a: Zapdos|Discharge|p2a: Zapdos\n|-damage|p2a: Zapdos|58\/100\n|\n|upkeep\n|turn|12\n|\n|t:|1700516601\n|move|p1a: Zapdos|Volt Switch|p2a: Zapdos\n|-damage|p2a: Zapdos|23\/100\n|\n|t:|1700516606\n|switch|p1a: Iron Treads|Iron Treads|57\/100|[from] Volt Switch\n|-damage|p1a: Iron Treads|54\/100|[from] Stealth Rock\n|move|p2a: Zapdos|Volt Switch|p1a: Iron Treads\n|-immune|p1a: Iron Treads\n|\n|-heal|p1a: Iron Treads|60\/100|[from] item: Leftovers\n|upkeep\n|turn|13\n|\n|t:|1700516610\n|move|p2a: Zapdos|Heat Wave|p1a: Iron Treads\n|-supereffective|p1a: Iron Treads\n|-damage|p1a: Iron Treads|15\/100\n|move|p1a: Iron Treads|Rapid Spin|p2a: Zapdos\n|-damage|p2a: Zapdos|11\/100\n|-boost|p1a: Iron Treads|spe|1\n|-sideend|p1: Lyriq|Stealth Rock|[from] move: Rapid Spin|[of] p1a: Iron Treads\n|\n|-heal|p1a: Iron Treads|21\/100|[from] item: Leftovers\n|upkeep\n|turn|14\n|\n|t:|1700516616\n|switch|p2a: Amoonguss|Amoonguss, M|100\/100\n|-damage|p2a: Amoonguss|88\/100|[from] Stealth Rock\n|move|p1a: Iron Treads|Knock Off|p2a: Amoonguss\n|-damage|p2a: Amoonguss|67\/100\n|-damage|p1a: Iron Treads|4\/100|[from] item: Rocky Helmet|[of] p2a: Amoonguss\n|-enditem|p2a: Amoonguss|Rocky Helmet|[from] move: Knock Off|[of] p1a: Iron Treads\n|\n|-heal|p1a: Iron Treads|11\/100|[from] item: Leftovers\n|upkeep\n|turn|15\n|\n|t:|1700516627\n|-end|p1a: Iron Treads|Quark Drive|[silent]\n|switch|p1a: Zapdos|Zapdos|86\/100\n|move|p2a: Amoonguss|Giga Drain|p1a: Zapdos\n|-resisted|p1a: Zapdos\n|-damage|p1a: Zapdos|73\/100\n|-heal|p2a: Amoonguss|72\/100|[from] drain|[of] p1a: Zapdos\n|\n|upkeep\n|turn|16\n|\n|t:|1700516632\n|move|p1a: Zapdos|Hurricane|p2a: Amoonguss\n|-supereffective|p2a: Amoonguss\n|-damage|p2a: Amoonguss|0 fnt\n|faint|p2a: Amoonguss\n|\n|upkeep\n|\n|t:|1700516636\n|switch|p2a: Hatterene|Hatterene, F|100\/100\n|-damage|p2a: Hatterene|88\/100|[from] Stealth Rock\n|turn|17\n|\n|t:|1700516642\n|move|p1a: Zapdos|Volt Switch|p2a: Hatterene\n|-damage|p2a: Hatterene|48\/100\n|\n|t:|1700516645\n|switch|p1a: Gholdengo|Gholdengo|100\/100|[from] Volt Switch\n|-item|p1a: Gholdengo|Air Balloon\n|move|p2a: Hatterene|Calm Mind|p2a: Hatterene\n|-boost|p2a: Hatterene|spa|1\n|-boost|p2a: Hatterene|spd|1\n|\n|-heal|p2a: Hatterene|54\/100|[from] item: Leftovers\n|upkeep\n|turn|18\n|\n|t:|1700516651\n|-terastallize|p2a: Hatterene|Water\n|move|p1a: Gholdengo|Make It Rain|p2a: Hatterene\n|-resisted|p2a: Hatterene\n|-damage|p2a: Hatterene|28\/100\n|-unboost|p1a: Gholdengo|spa|1\n|move|p2a: Hatterene|Mystical Fire|p1a: Gholdengo\n|-supereffective|p1a: Gholdengo\n|-damage|p1a: Gholdengo|19\/100\n|-unboost|p1a: Gholdengo|spa|1\n|-enditem|p1a: Gholdengo|Air Balloon\n|\n|-heal|p2a: Hatterene|34\/100|[from] item: Leftovers\n|upkeep\n|turn|19\n|\n|t:|1700516662\n|switch|p1a: Zapdos|Zapdos|73\/100\n|move|p2a: Hatterene|Draining Kiss|p1a: Zapdos\n|-damage|p1a: Zapdos|34\/100\n|-heal|p2a: Hatterene|64\/100|[from] drain|[of] p1a: Zapdos\n|\n|-heal|p2a: Hatterene|70\/100|[from] item: Leftovers\n|upkeep\n|turn|20\n|\n|t:|1700516667\n|move|p1a: Zapdos|Discharge|p2a: Hatterene\n|-supereffective|p2a: Hatterene\n|-damage|p2a: Hatterene|14\/100\n|-status|p2a: Hatterene|par\n|move|p2a: Hatterene|Draining Kiss|p1a: Zapdos\n|-damage|p1a: Zapdos|0 fnt\n|-heal|p2a: Hatterene|39\/100 par|[from] drain|[of] p1a: Zapdos\n|faint|p1a: Zapdos\n|\n|-heal|p2a: Hatterene|45\/100 par|[from] item: Leftovers\n|upkeep\n|\n|t:|1700516674\n|switch|p1a: Dragapult|Dragapult, M|100\/100\n|turn|21\n|\n|t:|1700516678\n|move|p1a: Dragapult|Draco Meteor|p2a: Hatterene\n|-damage|p2a: Hatterene|0 fnt\n|-unboost|p1a: Dragapult|spa|2\n|faint|p2a: Hatterene\n|\n|upkeep\n|\n|t:|1700516682\n|switch|p2a: Mimikyu|Mimikyu, M|100\/100\n|-damage|p2a: Mimikyu|88\/100|[from] Stealth Rock\n|turn|22\n|\n|t:|1700516690\n|switch|p1a: Gholdengo|Gholdengo|19\/100\n|move|p2a: Mimikyu|Swords Dance|p2a: Mimikyu\n|-boost|p2a: Mimikyu|atk|2\n|\n|upkeep\n|turn|23\n|\n|t:|1700516694\n|move|p2a: Mimikyu|Shadow Sneak|p1a: Gholdengo\n|-supereffective|p1a: Gholdengo\n|-damage|p1a: Gholdengo|0 fnt\n|faint|p1a: Gholdengo\n|-damage|p2a: Mimikyu|78\/100|[from] item: Life Orb\n|\n|upkeep\n|\n|t:|1700516701\n|switch|p1a: Dragapult|Dragapult, M|100\/100\n|turn|24\n|\n|t:|1700516704\n|move|p2a: Mimikyu|Shadow Sneak|p1a: Dragapult\n|-supereffective|p1a: Dragapult\n|-damage|p1a: Dragapult|0 fnt\n|faint|p1a: Dragapult\n|-damage|p2a: Mimikyu|68\/100|[from] item: Life Orb\n|\n|upkeep\n|\n|t:|1700516709\n|switch|p1a: Kingambit|Kingambit, M|100\/100\n|-activate|p1a: Kingambit|ability: Supreme Overlord\n|-start|p1a: Kingambit|fallen3|[silent]\n|turn|25\n|\n|t:|1700516722\n|move|p2a: Mimikyu|Play Rough|p1a: Kingambit\n|-damage|p1a: Kingambit|29\/100\n|-damage|p2a: Mimikyu|58\/100|[from] item: Life Orb\n|move|p1a: Kingambit|Iron Head|p2a: Mimikyu\n|-activate|p2a: Mimikyu|ability: Disguise\n|-damage|p2a: Mimikyu|58\/100\n|detailschange|p2a: Mimikyu|Mimikyu-Busted, M\n|-damage|p2a: Mimikyu|46\/100|[from] pokemon: Mimikyu-Busted\n|\n|-heal|p1a: Kingambit|35\/100|[from] item: Leftovers\n|upkeep\n|turn|26\n|\n|t:|1700516735\n|move|p1a: Kingambit|Sucker Punch|p2a: Mimikyu\n|-damage|p2a: Mimikyu|0 fnt\n|faint|p2a: Mimikyu\n|\n|-heal|p1a: Kingambit|42\/100|[from] item: Leftovers\n|upkeep\n|\n|t:|1700516740\n|switch|p2a: Ninetales|Ninetales-Alola, F|100\/100\n|-damage|p2a: Ninetales|76\/100|[from] Stealth Rock\n|-weather|Snow|[from] ability: Snow Warning|[of] p2a: Ninetales\n|turn|27\n|\n|t:|1700516746\n|move|p2a: Ninetales|Encore|p1a: Kingambit\n|-start|p1a: Kingambit|Encore\n|move|p1a: Kingambit|Sucker Punch||[still]\n|-fail|p1a: Kingambit\n|\n|-weather|Snow|[upkeep]\n|-heal|p1a: Kingambit|48\/100|[from] item: Leftovers\n|upkeep\n|turn|28\n|\n|t:|1700516751\n|-end|p1a: Kingambit|fallen3|[silent]\n|switch|p1a: Iron Treads|Iron Treads|11\/100\n|move|p2a: Ninetales|Aurora Veil|p2a: Ninetales\n|-sidestart|p2: Dragon is Uber|move: Aurora Veil\n|\n|-weather|Snow|[upkeep]\n|-heal|p1a: Iron Treads|17\/100|[from] item: Leftovers\n|upkeep\n|turn|29\n|\n|t:|1700516758\n|move|p2a: Ninetales|Freeze-Dry|p1a: Iron Treads\n|-damage|p1a: Iron Treads|0 fnt\n|faint|p1a: Iron Treads\n|-end|p1a: Iron Treads|Quark Drive|[silent]\n|\n|-weather|Snow|[upkeep]\n|upkeep\n|\n|t:|1700516766\n|switch|p1a: Toxapex|Toxapex, F|100\/100\n|turn|30\n|\n|t:|1700516774\n|move|p2a: Ninetales|Freeze-Dry|p1a: Toxapex\n|-supereffective|p1a: Toxapex\n|-damage|p1a: Toxapex|72\/100\n|move|p1a: Toxapex|Toxic|p2a: Ninetales\n|-status|p2a: Ninetales|tox\n|\n|-weather|Snow|[upkeep]\n|-heal|p1a: Toxapex|78\/100|[from] item: Leftovers\n|-damage|p2a: Ninetales|70\/100 tox|[from] psn\n|upkeep\n|turn|31\n|l|\u2606Lyriq\n|inactive|Lyriq disconnected and has a minute to reconnect!\n|player|p1|\n|inactive|Lyriq has 30 seconds to reconnect!\n|inactive|Lyriq has 20 seconds to reconnect!\n|inactive|Lyriq has 15 seconds to reconnect!\n|inactive|Lyriq has 10 seconds to reconnect!\n|inactive|Lyriq has 5 seconds to reconnect!\n|-message|Lyriq lost due to inactivity.\n|\n|win|Dragon is Uber\n|raw|Lyriq's rating: 1434 &rarr; <strong>1415<\/strong><br \/>(-19 for losing)\n|raw|Dragon is Uber's rating: 1454 &rarr; <strong>1473<\/strong><br \/>(+19 for winning)\n","uploadtime":1700516847,"views":12,"p1id":"lyriq","p2id":"dragonisuber","formatid":"gen9ou","rating":1415,"private":0,"password":""}