{"id":"gen9ou-1993457275","p1":"CrossRebellion","p2":"chenfbyb","format":"[Gen 9] OU","log":"|j|\u2606CrossRebellion\n|j|\u2606chenfbyb\n|t:|1700320259\n|gametype|singles\n|player|p1|CrossRebellion|clair|1281\n|player|p2|chenfbyb|hilda|1296\n|teamsize|p1|6\n|teamsize|p2|6\n|gen|9\n|tier|[Gen 9] OU\n|rated|\n|rule|Sleep Clause Mod: Limit one foe put to sleep\n|rule|Species Clause: Limit one of each Pok\u00e9mon\n|rule|OHKO Clause: OHKO moves are banned\n|rule|Evasion Items Clause: Evasion items are banned\n|rule|Evasion Moves Clause: Evasion moves are banned\n|rule|Endless Battle Clause: Forcing endless battles is banned\n|rule|HP Percentage Mod: HP is shown in percentages\n|clearpoke\n|poke|p1|Lokix, M|\n|poke|p1|Ribombee, M|\n|poke|p1|Great Tusk|\n|poke|p1|Gholdengo|\n|poke|p1|Dragapult, M|\n|poke|p1|Ogerpon-Wellspring, F|\n|poke|p2|Pelipper, F|\n|poke|p2|Greninja-*, M|\n|poke|p2|Basculegion, M|\n|poke|p2|Zapdos|\n|poke|p2|Sandy Shocks|\n|poke|p2|Scizor, M|\n|teampreview\n|inactive|Battle timer is ON: inactive players will automatically lose when time's up. (requested by chenfbyb)\n|\n|t:|1700320265\n|start\n|switch|p1a: Mr Beest|Ribombee, M, shiny|100\/100\n|switch|p2a: Sandy Shocks|Sandy Shocks|100\/100\n|-enditem|p2a: Sandy Shocks|Booster Energy\n|-activate|p2a: Sandy Shocks|ability: Protosynthesis|[fromitem]\n|-start|p2a: Sandy Shocks|protosynthesisspe\n|turn|1\n|\n|t:|1700320282\n|move|p2a: Sandy Shocks|Thunderbolt|p1a: Mr Beest\n|-damage|p1a: Mr Beest|30\/100\n|move|p1a: Mr Beest|Sticky Web|p2a: Sandy Shocks\n|-sidestart|p2: chenfbyb|move: Sticky Web\n|\n|upkeep\n|turn|2\n|\n|t:|1700320291\n|move|p2a: Sandy Shocks|Thunderbolt|p1a: Mr Beest\n|-damage|p1a: Mr Beest|0 fnt\n|faint|p1a: Mr Beest\n|\n|upkeep\n|\n|t:|1700320303\n|switch|p1a: Tusk|Great Tusk|100\/100\n|turn|3\n|\n|t:|1700320312\n|-terastallize|p2a: Sandy Shocks|Ice\n|move|p2a: Sandy Shocks|Tera Blast|p1a: Tusk|[anim] Tera Blast Ice\n|-supereffective|p1a: Tusk\n|-damage|p1a: Tusk|0 fnt\n|faint|p1a: Tusk\n|-end|p1a: Tusk|Protosynthesis|[silent]\n|\n|upkeep\n|\n|t:|1700320323\n|switch|p1a: Big Iron|Gholdengo|100\/100\n|-item|p1a: Big Iron|Air Balloon\n|turn|4\n|\n|t:|1700320330\n|-end|p2a: Sandy Shocks|Protosynthesis|[silent]\n|switch|p2a: Pelipper|Pelipper, F|100\/100\n|-weather|RainDance|[from] ability: Drizzle|[of] p2a: Pelipper\n|move|p1a: Big Iron|Make It Rain|p2a: Pelipper\n|-resisted|p2a: Pelipper\n|-damage|p2a: Pelipper|50\/100\n|-unboost|p1a: Big Iron|spa|1\n|\n|-weather|RainDance|[upkeep]\n|upkeep\n|turn|5\n|\n|t:|1700320343\n|switch|p1a: Drag-on Dragapult|Dragapult, M|100\/100\n|move|p2a: Pelipper|Surf|p1a: Drag-on Dragapult\n|-resisted|p1a: Drag-on Dragapult\n|-damage|p1a: Drag-on Dragapult|55\/100\n|\n|-weather|RainDance|[upkeep]\n|upkeep\n|turn|6\n|\n|t:|1700320353\n|move|p1a: Drag-on Dragapult|Shadow Ball|p2a: Pelipper\n|-damage|p2a: Pelipper|0 fnt\n|faint|p2a: Pelipper\n|\n|-weather|RainDance|[upkeep]\n|upkeep\n|\n|t:|1700320362\n|switch|p2a: Basculegion|Basculegion, M|100\/100\n|-activate|p2a: Basculegion|move: Sticky Web\n|-unboost|p2a: Basculegion|spe|1\n|turn|7\n|\n|t:|1700320384\n|move|p1a: Drag-on Dragapult|Shadow Ball|p2a: Basculegion\n|-supereffective|p2a: Basculegion\n|-damage|p2a: Basculegion|0 fnt\n|faint|p2a: Basculegion\n|\n|-weather|RainDance|[upkeep]\n|upkeep\n|\n|t:|1700320387\n|switch|p2a: Greninja|Greninja, M|100\/100\n|-activate|p2a: Greninja|move: Sticky Web\n|-unboost|p2a: Greninja|spe|1\n|turn|8\n|\n|t:|1700320402\n|switch|p1a: A jump to the sky|Lokix, M, shiny|100\/100\n|move|p2a: Greninja|Dark Pulse|p1a: A jump to the sky\n|-resisted|p1a: A jump to the sky\n|-damage|p1a: A jump to the sky|52\/100\n|-damage|p2a: Greninja|91\/100|[from] item: Life Orb\n|\n|-weather|RainDance|[upkeep]\n|upkeep\n|turn|9\n|\n|t:|1700320415\n|move|p1a: A jump to the sky|Leech Life|p2a: Greninja\n|-supereffective|p2a: Greninja\n|-damage|p2a: Greninja|0 fnt\n|-heal|p1a: A jump to the sky|98\/100|[from] drain|[of] p2a: Greninja\n|faint|p2a: Greninja\n|\n|-weather|RainDance|[upkeep]\n|upkeep\n|-message|chenfbyb forfeited.\n|\n|win|CrossRebellion\n|raw|CrossRebellion's rating: 1281 &rarr; <strong>1307<\/strong><br \/>(+26 for winning)\n|raw|chenfbyb's rating: 1296 &rarr; <strong>1270<\/strong><br \/>(-26 for losing)\n|l|\u2606chenfbyb\n","uploadtime":1700320435,"views":9,"p1id":"crossrebellion","p2id":"chenfbyb","formatid":"gen9ou","rating":1270,"private":0,"password":""}