{"id":"gen9ou-1993896776","p1":"Thehombre","p2":"Lokender122","format":"[Gen 9] OU","log":"|j|\u2606Thehombre\n|j|\u2606Lokender122\n|t:|1700371749\n|gametype|singles\n|player|p1|Thehombre|102|1024\n|player|p2|Lokender122|1|1000\n|teamsize|p1|6\n|teamsize|p2|6\n|gen|9\n|tier|[Gen 9] OU\n|rated|\n|rule|Sleep Clause Mod: Limit one foe put to sleep\n|rule|Species Clause: Limit one of each Pok\u00e9mon\n|rule|OHKO Clause: OHKO moves are banned\n|rule|Evasion Items Clause: Evasion items are banned\n|rule|Evasion Moves Clause: Evasion moves are banned\n|rule|Endless Battle Clause: Forcing endless battles is banned\n|rule|HP Percentage Mod: HP is shown in percentages\n|clearpoke\n|poke|p1|Sinistcha|\n|poke|p1|Masquerain, F|\n|poke|p1|Okidogi, M|\n|poke|p1|Heatran, M|\n|poke|p1|Jirachi|\n|poke|p1|Torterra, F|\n|poke|p2|Garchomp, M|\n|poke|p2|Chansey, F|\n|poke|p2|Scizor, F|\n|poke|p2|Mienshao, M|\n|poke|p2|Amoonguss, F|\n|poke|p2|Gyarados, F|\n|teampreview\n|inactive|Battle timer is ON: inactive players will automatically lose when time's up. (requested by Thehombre)\n|\n|t:|1700371775\n|start\n|switch|p1a: Masquerain|Masquerain, F|100\/100\n|switch|p2a: Garchomp|Garchomp, M, shiny|100\/100\n|-ability|p1a: Masquerain|Intimidate|boost\n|-unboost|p2a: Garchomp|atk|1\n|turn|1\n|\n|t:|1700371784\n|move|p2a: Garchomp|Stealth Rock|p1a: Masquerain\n|-sidestart|p1: Thehombre|move: Stealth Rock\n|move|p1a: Masquerain|Quiver Dance|p1a: Masquerain\n|-boost|p1a: Masquerain|spa|1\n|-boost|p1a: Masquerain|spd|1\n|-boost|p1a: Masquerain|spe|1\n|\n|upkeep\n|turn|2\n|\n|t:|1700371795\n|move|p1a: Masquerain|Ice Beam|p2a: Garchomp\n|-supereffective|p2a: Garchomp\n|-damage|p2a: Garchomp|0 fnt\n|faint|p2a: Garchomp\n|\n|upkeep\n|\n|t:|1700371802\n|switch|p2a: Gyarados|Gyarados, F|100\/100\n|turn|3\n|\n|t:|1700371807\n|move|p1a: Masquerain|Sticky Web|p2a: Gyarados\n|-sidestart|p2: Lokender122|move: Sticky Web\n|move|p2a: Gyarados|Flamethrower|p1a: Masquerain\n|-supereffective|p1a: Masquerain\n|-damage|p1a: Masquerain|56\/100\n|-status|p1a: Masquerain|brn\n|\n|-damage|p1a: Masquerain|50\/100 brn|[from] brn\n|upkeep\n|turn|4\n|\n|t:|1700371811\n|move|p1a: Masquerain|Ice Beam|p2a: Gyarados\n|-damage|p2a: Gyarados|60\/100\n|move|p2a: Gyarados|Flamethrower|p1a: Masquerain\n|-supereffective|p1a: Masquerain\n|-damage|p1a: Masquerain|10\/100 brn\n|\n|-heal|p2a: Gyarados|66\/100|[from] item: Leftovers\n|-damage|p1a: Masquerain|4\/100 brn|[from] brn\n|upkeep\n|turn|5\n|\n|t:|1700371817\n|move|p1a: Masquerain|Ice Beam|p2a: Gyarados\n|-damage|p2a: Gyarados|20\/100\n|move|p2a: Gyarados|Dragon Pulse|p1a: Masquerain\n|-damage|p1a: Masquerain|0 fnt\n|faint|p1a: Masquerain\n|-ability|p2a: Gyarados|Moxie|boost\n|-boost|p2a: Gyarados|atk|1\n|\n|-heal|p2a: Gyarados|26\/100|[from] item: Leftovers\n|upkeep\n|\n|t:|1700371832\n|switch|p1a: Okidogi|Okidogi, M|100\/100\n|-damage|p1a: Okidogi|94\/100|[from] Stealth Rock\n|turn|6\n|\n|t:|1700371840\n|move|p2a: Gyarados|Dragon Pulse|p1a: Okidogi\n|-damage|p1a: Okidogi|73\/100\n|move|p1a: Okidogi|Bulk Up|p1a: Okidogi\n|-boost|p1a: Okidogi|atk|1\n|-boost|p1a: Okidogi|def|1\n|\n|-heal|p2a: Gyarados|32\/100|[from] item: Leftovers\n|-heal|p1a: Okidogi|79\/100|[from] item: Leftovers\n|upkeep\n|turn|7\n|\n|t:|1700371844\n|move|p2a: Gyarados|Ice Beam|p1a: Okidogi\n|-damage|p1a: Okidogi|59\/100\n|move|p1a: Okidogi|Drain Punch|p2a: Gyarados\n|-resisted|p2a: Gyarados\n|-damage|p2a: Gyarados|0 fnt\n|-heal|p1a: Okidogi|72\/100|[from] drain|[of] p2a: Gyarados\n|faint|p2a: Gyarados\n|\n|-heal|p1a: Okidogi|78\/100|[from] item: Leftovers\n|upkeep\n|\n|t:|1700371849\n|switch|p2a: Chansey|Chansey, F, shiny|100\/100\n|-activate|p2a: Chansey|move: Sticky Web\n|-unboost|p2a: Chansey|spe|1\n|turn|8\n|\n|t:|1700371856\n|move|p1a: Okidogi|Knock Off|p2a: Chansey\n|-damage|p2a: Chansey|15\/100\n|-enditem|p2a: Chansey|Eviolite|[from] move: Knock Off|[of] p1a: Okidogi\n|move|p2a: Chansey|Seismic Toss|p1a: Okidogi\n|-damage|p1a: Okidogi|52\/100\n|\n|-heal|p1a: Okidogi|58\/100|[from] item: Leftovers\n|upkeep\n|turn|9\n|\n|t:|1700371861\n|move|p1a: Okidogi|Drain Punch|p2a: Chansey\n|-supereffective|p2a: Chansey\n|-damage|p2a: Chansey|0 fnt\n|-heal|p1a: Okidogi|72\/100|[from] drain|[of] p2a: Chansey\n|faint|p2a: Chansey\n|\n|-heal|p1a: Okidogi|78\/100|[from] item: Leftovers\n|upkeep\n|\n|t:|1700371865\n|switch|p2a: Mienshao|Mienshao, M, shiny|100\/100\n|-activate|p2a: Mienshao|move: Sticky Web\n|-unboost|p2a: Mienshao|spe|1\n|turn|10\n|\n|t:|1700371871\n|move|p2a: Mienshao|U-turn|p1a: Okidogi\n|-resisted|p1a: Okidogi\n|-damage|p1a: Okidogi|75\/100\n|\n|t:|1700371877\n|switch|p2a: Scizor|Scizor, F, shiny|100\/100|[from] U-turn\n|-activate|p2a: Scizor|move: Sticky Web\n|-unboost|p2a: Scizor|spe|1\n|move|p1a: Okidogi|Drain Punch|p2a: Scizor\n|-damage|p2a: Scizor|29\/100\n|-heal|p1a: Okidogi|100\/100|[from] drain|[of] p2a: Scizor\n|\n|upkeep\n|turn|11\n|\n|t:|1700371893\n|move|p2a: Scizor|Bullet Punch|p1a: Okidogi\n|-damage|p1a: Okidogi|75\/100\n|-damage|p2a: Scizor|19\/100|[from] item: Life Orb\n|move|p1a: Okidogi|Drain Punch|p2a: Scizor\n|-damage|p2a: Scizor|0 fnt\n|-heal|p1a: Okidogi|82\/100|[from] drain|[of] p2a: Scizor\n|faint|p2a: Scizor\n|\n|-heal|p1a: Okidogi|88\/100|[from] item: Leftovers\n|upkeep\n|\n|t:|1700371897\n|switch|p2a: Amoonguss|Amoonguss, F|100\/100\n|-activate|p2a: Amoonguss|move: Sticky Web\n|-unboost|p2a: Amoonguss|spe|1\n|turn|12\n|\n|t:|1700371907\n|move|p1a: Okidogi|Bulk Up|p1a: Okidogi\n|-boost|p1a: Okidogi|atk|1\n|-boost|p1a: Okidogi|def|1\n|move|p2a: Amoonguss|Toxic|p1a: Okidogi\n|-immune|p1a: Okidogi\n|\n|-heal|p1a: Okidogi|94\/100|[from] item: Leftovers\n|upkeep\n|turn|13\n|\n|t:|1700371921\n|move|p1a: Okidogi|Poison Jab|p2a: Amoonguss\n|-damage|p2a: Amoonguss|12\/100\n|move|p2a: Amoonguss|Toxic|p1a: Okidogi\n|-immune|p1a: Okidogi\n|\n|-heal|p1a: Okidogi|99\/100|[from] item: Leftovers\n|upkeep\n|turn|14\n|\n|t:|1700371926\n|move|p1a: Okidogi|Knock Off|p2a: Amoonguss\n|-damage|p2a: Amoonguss|0 fnt\n|faint|p2a: Amoonguss\n|\n|-heal|p1a: Okidogi|100\/100|[from] item: Leftovers\n|upkeep\n|\n|t:|1700371930\n|switch|p2a: Mienshao|Mienshao, M, shiny|100\/100\n|-activate|p2a: Mienshao|move: Sticky Web\n|-unboost|p2a: Mienshao|spe|1\n|turn|15\n|\n|t:|1700371937\n|move|p2a: Mienshao|Fake Out|p1a: Okidogi\n|-damage|p1a: Okidogi|94\/100\n|cant|p1a: Okidogi|flinch\n|\n|-heal|p1a: Okidogi|100\/100|[from] item: Leftovers\n|upkeep\n|turn|16\n|\n|t:|1700371940\n|move|p2a: Mienshao|Acrobatics|p1a: Okidogi\n|-supereffective|p1a: Okidogi\n|-crit|p1a: Okidogi\n|-damage|p1a: Okidogi|9\/100\n|move|p1a: Okidogi|Poison Jab|p2a: Mienshao\n|-damage|p2a: Mienshao|0 fnt\n|faint|p2a: Mienshao\n|\n|win|Thehombre\n|raw|Thehombre's rating: 1024 &rarr; <strong>1058<\/strong><br \/>(+34 for winning)\n|raw|Lokender122's rating: 1000 &rarr; <strong>1000<\/strong><br \/>(+0 for losing)\n","uploadtime":1700371947,"views":12,"p1id":"thehombre","p2id":"lokender122","formatid":"gen9ou","rating":1000,"private":0,"password":""}