{"id":"gen9ou-2000035338","p1":"Sir Kit Tree","p2":"chaperonrouge33","format":"[Gen 9] OU","log":"|j|\u2606Sir Kit Tree\n|j|\u2606chaperonrouge33\n|t:|1701144033\n|gametype|singles\n|player|p1|Sir Kit Tree|flannery|1148\n|player|p2|chaperonrouge33|picnicker|1185\n|teamsize|p1|6\n|teamsize|p2|6\n|gen|9\n|tier|[Gen 9] OU\n|rated|\n|rule|Sleep Clause Mod: Limit one foe put to sleep\n|rule|Species Clause: Limit one of each Pok\u00e9mon\n|rule|OHKO Clause: OHKO moves are banned\n|rule|Evasion Items Clause: Evasion items are banned\n|rule|Evasion Moves Clause: Evasion moves are banned\n|rule|Endless Battle Clause: Forcing endless battles is banned\n|rule|HP Percentage Mod: HP is shown in percentages\n|clearpoke\n|poke|p1|Manaphy|\n|poke|p1|Okidogi, M|\n|poke|p1|Zoroark-Hisui, M|\n|poke|p1|Arcanine-Hisui, M|\n|poke|p1|Ambipom, F|\n|poke|p1|Jirachi|\n|poke|p2|Lokix, F|\n|poke|p2|Toxapex, M|\n|poke|p2|Great Tusk|\n|poke|p2|Gholdengo|\n|poke|p2|Enamorus, F|\n|poke|p2|Ogerpon-Cornerstone, F|\n|teampreview\n|\n|t:|1701144051\n|start\n|switch|p1a: Ambipom|Ambipom, F|100\/100\n|switch|p2a: Lokix|Lokix, F|100\/100\n|turn|1\n|inactive|Battle timer is ON: inactive players will automatically lose when time's up. (requested by chaperonrouge33)\n|\n|t:|1701144062\n|move|p2a: Lokix|First Impression|p1a: Ambipom\n|-resisted|p1a: Ambipom\n|-crit|p1a: Ambipom\n|-damage|p1a: Ambipom|0 fnt\n|replace|p1a: Zoroark|Zoroark-Hisui, M\n|-end|p1a: Zoroark|Illusion\n|faint|p1a: Zoroark\n|\n|upkeep\n|\n|t:|1701144074\n|switch|p1a: Ambipom|Ambipom, F|100\/100\n|turn|2\n|\n|t:|1701144085\n|switch|p2a: Gholdengo|Gholdengo|100\/100\n|-item|p2a: Gholdengo|Air Balloon\n|move|p1a: Ambipom|Knock Off|p2a: Gholdengo\n|-supereffective|p2a: Gholdengo\n|-damage|p2a: Gholdengo|61\/100\n|-enditem|p2a: Gholdengo|Air Balloon\n|\n|upkeep\n|turn|3\n|\n|t:|1701144096\n|move|p1a: Ambipom|U-turn|p2a: Gholdengo\n|-resisted|p2a: Gholdengo\n|-crit|p2a: Gholdengo\n|-damage|p2a: Gholdengo|56\/100\n|\n|t:|1701144100\n|switch|p1a: Manaphy|Manaphy|100\/100|[from] U-turn\n|move|p2a: Gholdengo|Recover|p2a: Gholdengo\n|-heal|p2a: Gholdengo|100\/100\n|\n|upkeep\n|turn|4\n|\n|t:|1701144110\n|switch|p2a: Toxapex|Toxapex, M|100\/100\n|move|p1a: Manaphy|Take Heart|p1a: Manaphy\n|-boost|p1a: Manaphy|spa|1\n|-boost|p1a: Manaphy|spd|1\n|\n|upkeep\n|turn|5\n|\n|t:|1701144118\n|move|p1a: Manaphy|Take Heart|p1a: Manaphy\n|-boost|p1a: Manaphy|spa|1\n|-boost|p1a: Manaphy|spd|1\n|move|p2a: Toxapex|Toxic|p1a: Manaphy\n|-status|p1a: Manaphy|tox\n|\n|-damage|p1a: Manaphy|94\/100 tox|[from] psn\n|upkeep\n|turn|6\n|\n|t:|1701144126\n|move|p1a: Manaphy|Take Heart|p1a: Manaphy\n|-boost|p1a: Manaphy|spa|1\n|-boost|p1a: Manaphy|spd|1\n|-curestatus|p1a: Manaphy|tox|[msg]\n|move|p2a: Toxapex|Haze|p2a: Toxapex\n|-clearallboost\n|\n|-heal|p1a: Manaphy|100\/100|[from] item: Leftovers\n|upkeep\n|turn|7\n|\n|t:|1701144141\n|move|p1a: Manaphy|Acid Armor|p1a: Manaphy\n|-boost|p1a: Manaphy|def|2\n|move|p2a: Toxapex|Toxic|p1a: Manaphy\n|-status|p1a: Manaphy|tox\n|\n|-damage|p1a: Manaphy|94\/100 tox|[from] psn\n|upkeep\n|turn|8\n|\n|t:|1701144151\n|move|p1a: Manaphy|Take Heart|p1a: Manaphy\n|-boost|p1a: Manaphy|spa|1\n|-boost|p1a: Manaphy|spd|1\n|-curestatus|p1a: Manaphy|tox|[msg]\n|move|p2a: Toxapex|Surf|p1a: Manaphy\n|-resisted|p1a: Manaphy\n|-damage|p1a: Manaphy|90\/100\n|\n|-heal|p1a: Manaphy|96\/100|[from] item: Leftovers\n|upkeep\n|turn|9\n|\n|t:|1701144162\n|move|p1a: Manaphy|Stored Power|p2a: Toxapex\n|-supereffective|p2a: Toxapex\n|-damage|p2a: Toxapex|30\/100\n|move|p2a: Toxapex|Haze|p2a: Toxapex\n|-clearallboost\n|\n|-heal|p1a: Manaphy|100\/100|[from] item: Leftovers\n|-heal|p2a: Toxapex|36\/100|[from] item: Leftovers\n|upkeep\n|turn|10\n|\n|t:|1701144187\n|switch|p2a: Ogerpon|Ogerpon-Cornerstone, F|100\/100\n|move|p1a: Manaphy|Take Heart|p1a: Manaphy\n|-boost|p1a: Manaphy|spa|1\n|-boost|p1a: Manaphy|spd|1\n|\n|upkeep\n|turn|11\n|\n|t:|1701144197\n|-terastallize|p1a: Manaphy|Fairy\n|move|p2a: Ogerpon|Horn Leech|p1a: Manaphy\n|-damage|p1a: Manaphy|56\/100\n|move|p1a: Manaphy|Acid Armor|p1a: Manaphy\n|-boost|p1a: Manaphy|def|2\n|\n|-heal|p1a: Manaphy|62\/100|[from] item: Leftovers\n|upkeep\n|turn|12\n|\n|t:|1701144210\n|move|p2a: Ogerpon|Swords Dance|p2a: Ogerpon\n|-boost|p2a: Ogerpon|atk|2\n|move|p1a: Manaphy|Acid Armor|p1a: Manaphy\n|-boost|p1a: Manaphy|def|2\n|\n|-heal|p1a: Manaphy|68\/100|[from] item: Leftovers\n|upkeep\n|turn|13\n|\n|t:|1701144224\n|move|p2a: Ogerpon|Ivy Cudgel|p1a: Manaphy|[anim] Ivy Cudgel Rock\n|-damage|p1a: Manaphy|32\/100\n|move|p1a: Manaphy|Stored Power|p2a: Ogerpon\n|-damage|p2a: Ogerpon|25\/100\n|\n|-heal|p1a: Manaphy|38\/100|[from] item: Leftovers\n|upkeep\n|turn|14\n|\n|t:|1701144233\n|move|p2a: Ogerpon|Ivy Cudgel|p1a: Manaphy|[anim] Ivy Cudgel Rock\n|-damage|p1a: Manaphy|0 fnt\n|faint|p1a: Manaphy\n|\n|upkeep\n|\n|t:|1701144244\n|switch|p1a: Arcanine|Arcanine-Hisui, M|100\/100\n|turn|15\n|\n|t:|1701144249\n|move|p1a: Arcanine|Extreme Speed|p2a: Ogerpon\n|-resisted|p2a: Ogerpon\n|-damage|p2a: Ogerpon|3\/100\n|-damage|p1a: Arcanine|91\/100|[from] item: Life Orb\n|move|p2a: Ogerpon|Ivy Cudgel|p1a: Arcanine|[anim] Ivy Cudgel Rock\n|-supereffective|p1a: Arcanine\n|-damage|p1a: Arcanine|0 fnt\n|faint|p1a: Arcanine\n|\n|upkeep\n|\n|t:|1701144260\n|switch|p1a: Ambipom|Ambipom, F|100\/100\n|turn|16\n|\n|t:|1701144264\n|switch|p2a: Gholdengo|Gholdengo|100\/100\n|move|p1a: Ambipom|Knock Off|p2a: Gholdengo\n|-supereffective|p2a: Gholdengo\n|-damage|p2a: Gholdengo|76\/100\n|\n|upkeep\n|turn|17\n|\n|t:|1701144275\n|move|p1a: Ambipom|U-turn|p2a: Gholdengo\n|-resisted|p2a: Gholdengo\n|-damage|p2a: Gholdengo|72\/100\n|\n|t:|1701144278\n|switch|p1a: Jirachi|Jirachi|100\/100|[from] U-turn\n|move|p2a: Gholdengo|Nasty Plot|p2a: Gholdengo\n|-boost|p2a: Gholdengo|spa|2\n|\n|upkeep\n|turn|18\n|\n|t:|1701144299\n|move|p1a: Jirachi|Zen Headbutt|p2a: Gholdengo\n|-resisted|p2a: Gholdengo\n|-damage|p2a: Gholdengo|61\/100\n|move|p2a: Gholdengo|Shadow Ball|p1a: Jirachi\n|-supereffective|p1a: Jirachi\n|-damage|p1a: Jirachi|18\/100\n|\n|upkeep\n|turn|19\n|-message|Sir Kit Tree forfeited.\n|\n|win|chaperonrouge33\n|raw|Sir Kit Tree's rating: 1148 &rarr; <strong>1126<\/strong><br \/>(-22 for losing)\n|raw|chaperonrouge33's rating: 1185 &rarr; <strong>1207<\/strong><br \/>(+22 for winning)\n|l|\u2606Sir Kit Tree\n","uploadtime":1701144316,"views":2,"p1id":"sirkittree","p2id":"chaperonrouge33","formatid":"gen9ou","rating":1126,"private":0,"password":""}