{"id":"gen9ou-1992286659","p1":"MrPr1ce","p2":"Minimimik","format":"[Gen 9] OU","log":"|j|\u2606MrPr1ce\n|j|\u2606Minimimik\n|t:|1700171058\n|gametype|singles\n|player|p1|MrPr1ce|volkner|1473\n|player|p2|Minimimik|n|1490\n|teamsize|p1|6\n|teamsize|p2|6\n|gen|9\n|tier|[Gen 9] OU\n|rated|\n|rule|Sleep Clause Mod: Limit one foe put to sleep\n|rule|Species Clause: Limit one of each Pok\u00e9mon\n|rule|OHKO Clause: OHKO moves are banned\n|rule|Evasion Items Clause: Evasion items are banned\n|rule|Evasion Moves Clause: Evasion moves are banned\n|rule|Endless Battle Clause: Forcing endless battles is banned\n|rule|HP Percentage Mod: HP is shown in percentages\n|clearpoke\n|poke|p1|Torkoal, M|\n|poke|p1|Walking Wake|\n|poke|p1|Hatterene, F|\n|poke|p1|Zamazenta-*|\n|poke|p1|Ting-Lu|\n|poke|p1|Iron Valiant|\n|poke|p2|Great Tusk|\n|poke|p2|Hatterene, F|\n|poke|p2|Dondozo, F|\n|poke|p2|Mandibuzz, F|\n|poke|p2|Heatran, M|\n|poke|p2|Dragapult, M|\n|teampreview\n|inactive|Battle timer is ON: inactive players will automatically lose when time's up. (requested by MrPr1ce)\n|j| Neystha\n|\n|t:|1700171080\n|start\n|switch|p1a: Ting-Lu|Ting-Lu|100\/100\n|switch|p2a: Great Tusk|Great Tusk|100\/100\n|-ability|p1a: Ting-Lu|Vessel of Ruin\n|turn|1\n|\n|t:|1700171089\n|move|p2a: Great Tusk|Close Combat|p1a: Ting-Lu\n|-supereffective|p1a: Ting-Lu\n|-damage|p1a: Ting-Lu|3\/100\n|-unboost|p2a: Great Tusk|def|1\n|-unboost|p2a: Great Tusk|spd|1\n|move|p1a: Ting-Lu|Whirlwind|p2a: Great Tusk\n|-end|p2a: Great Tusk|Protosynthesis|[silent]\n|drag|p2a: Dondozo|Dondozo, F|100\/100\n|\n|-heal|p1a: Ting-Lu|9\/100|[from] item: Leftovers\n|upkeep\n|turn|2\n|\n|t:|1700171106\n|switch|p1a: Torkoal|Torkoal, M, shiny|100\/100\n|-weather|SunnyDay|[from] ability: Drought|[of] p1a: Torkoal\n|switch|p2a: Dragapult|Dragapult, M|100\/100\n|\n|-weather|SunnyDay|[upkeep]\n|upkeep\n|turn|3\n|\n|t:|1700171115\n|move|p2a: Dragapult|Shadow Ball|p1a: Torkoal\n|-damage|p1a: Torkoal|29\/100\n|-unboost|p1a: Torkoal|spd|1\n|move|p1a: Torkoal|Yawn|p2a: Dragapult\n|-start|p2a: Dragapult|move: Yawn|[of] p1a: Torkoal\n|\n|-weather|SunnyDay|[upkeep]\n|upkeep\n|turn|4\n|\n|t:|1700171143\n|switch|p2a: Hatterene|Hatterene, F|100\/100\n|move|p1a: Torkoal|Lava Plume|p2a: Hatterene\n|-damage|p2a: Hatterene|64\/100\n|\n|-weather|SunnyDay|[upkeep]\n|-heal|p2a: Hatterene|70\/100|[from] item: Leftovers\n|upkeep\n|turn|5\n|\n|t:|1700171156\n|switch|p1a: Peunne-aim\u00e9|Hatterene, F|100\/100\n|move|p2a: Hatterene|Nuzzle|p1a: Peunne-aim\u00e9\n|-damage|p1a: Peunne-aim\u00e9|96\/100\n|-status|p1a: Peunne-aim\u00e9|par\n|\n|-weather|SunnyDay|[upkeep]\n|-heal|p2a: Hatterene|76\/100|[from] item: Leftovers\n|-heal|p1a: Peunne-aim\u00e9|100\/100 par|[from] item: Leftovers\n|upkeep\n|turn|6\n|\n|t:|1700171170\n|move|p2a: Hatterene|Calm Mind|p2a: Hatterene\n|-boost|p2a: Hatterene|spa|1\n|-boost|p2a: Hatterene|spd|1\n|move|p1a: Peunne-aim\u00e9|Calm Mind|p1a: Peunne-aim\u00e9\n|-boost|p1a: Peunne-aim\u00e9|spa|1\n|-boost|p1a: Peunne-aim\u00e9|spd|1\n|\n|-weather|SunnyDay|[upkeep]\n|-heal|p2a: Hatterene|82\/100|[from] item: Leftovers\n|upkeep\n|turn|7\n|inactive|MrPr1ce has 120 seconds left.\n|\n|t:|1700171188\n|move|p2a: Hatterene|Calm Mind|p2a: Hatterene\n|-boost|p2a: Hatterene|spa|1\n|-boost|p2a: Hatterene|spd|1\n|cant|p1a: Peunne-aim\u00e9|par\n|\n|-weather|SunnyDay|[upkeep]\n|-heal|p2a: Hatterene|88\/100|[from] item: Leftovers\n|upkeep\n|turn|8\n|\n|t:|1700171193\n|move|p2a: Hatterene|Calm Mind|p2a: Hatterene\n|-boost|p2a: Hatterene|spa|1\n|-boost|p2a: Hatterene|spd|1\n|move|p1a: Peunne-aim\u00e9|Psyshock|p2a: Hatterene\n|-resisted|p2a: Hatterene\n|-damage|p2a: Hatterene|57\/100\n|\n|-weather|SunnyDay|[upkeep]\n|-heal|p2a: Hatterene|63\/100|[from] item: Leftovers\n|upkeep\n|turn|9\n|\n|t:|1700171203\n|move|p2a: Hatterene|Calm Mind|p2a: Hatterene\n|-boost|p2a: Hatterene|spa|1\n|-boost|p2a: Hatterene|spd|1\n|move|p1a: Peunne-aim\u00e9|Draining Kiss|p2a: Hatterene\n|-damage|p2a: Hatterene|47\/100\n|\n|-weather|none\n|-heal|p2a: Hatterene|53\/100|[from] item: Leftovers\n|upkeep\n|turn|10\n|\n|t:|1700171212\n|move|p2a: Hatterene|Psyshock|p1a: Peunne-aim\u00e9\n|-resisted|p1a: Peunne-aim\u00e9\n|-damage|p1a: Peunne-aim\u00e9|41\/100 par\n|move|p1a: Peunne-aim\u00e9|Calm Mind|p1a: Peunne-aim\u00e9\n|-boost|p1a: Peunne-aim\u00e9|spa|1\n|-boost|p1a: Peunne-aim\u00e9|spd|1\n|\n|-heal|p2a: Hatterene|59\/100|[from] item: Leftovers\n|-heal|p1a: Peunne-aim\u00e9|47\/100 par|[from] item: Leftovers\n|upkeep\n|turn|11\n|\n|t:|1700171223\n|move|p2a: Hatterene|Psyshock|p1a: Peunne-aim\u00e9\n|-resisted|p1a: Peunne-aim\u00e9\n|-damage|p1a: Peunne-aim\u00e9|0 fnt\n|faint|p1a: Peunne-aim\u00e9\n|\n|-heal|p2a: Hatterene|65\/100|[from] item: Leftovers\n|upkeep\n|\n|t:|1700171228\n|switch|p1a: Torkoal|Torkoal, M, shiny|29\/100\n|-weather|SunnyDay|[from] ability: Drought|[of] p1a: Torkoal\n|turn|12\n|\n|t:|1700171234\n|move|p2a: Hatterene|Draining Kiss|p1a: Torkoal\n|-resisted|p1a: Torkoal\n|-damage|p1a: Torkoal|0 fnt\n|-heal|p2a: Hatterene|88\/100|[from] drain|[of] p1a: Torkoal\n|faint|p1a: Torkoal\n|\n|-weather|SunnyDay|[upkeep]\n|-heal|p2a: Hatterene|94\/100|[from] item: Leftovers\n|upkeep\n|\n|t:|1700171239\n|switch|p1a: Why not ?|Walking Wake|100\/100\n|-activate|p1a: Why not ?|ability: Protosynthesis\n|-start|p1a: Why not ?|protosynthesisspa\n|turn|13\n|\n|t:|1700171253\n|move|p1a: Why not ?|Flamethrower|p2a: Hatterene\n|-damage|p2a: Hatterene|71\/100\n|move|p2a: Hatterene|Draining Kiss|p1a: Why not ?\n|-supereffective|p1a: Why not ?\n|-damage|p1a: Why not ?|0 fnt\n|-heal|p2a: Hatterene|100\/100|[from] drain|[of] p1a: Why not ?\n|faint|p1a: Why not ?\n|-end|p1a: Why not ?|Protosynthesis|[silent]\n|\n|-weather|SunnyDay|[upkeep]\n|upkeep\n|\n|t:|1700171258\n|switch|p1a: Iron Valiant|Iron Valiant|100\/100\n|-enditem|p1a: Iron Valiant|Booster Energy\n|-activate|p1a: Iron Valiant|ability: Quark Drive|[fromitem]\n|-start|p1a: Iron Valiant|quarkdrivespe\n|turn|14\n|\n|t:|1700171267\n|-terastallize|p1a: Iron Valiant|Fairy\n|move|p1a: Iron Valiant|Spirit Break|p2a: Hatterene\n|-damage|p2a: Hatterene|59\/100\n|-unboost|p2a: Hatterene|spa|1\n|move|p2a: Hatterene|Draining Kiss|p1a: Iron Valiant\n|-damage|p1a: Iron Valiant|1\/100\n|-heal|p2a: Hatterene|100\/100|[from] drain|[of] p1a: Iron Valiant\n|\n|-weather|SunnyDay|[upkeep]\n|upkeep\n|turn|15\n|-message|MrPr1ce forfeited.\n|\n|win|Minimimik\n|raw|MrPr1ce's rating: 1473 &rarr; <strong>1454<\/strong><br \/>(-19 for losing)\n|raw|Minimimik's rating: 1490 &rarr; <strong>1509<\/strong><br \/>(+19 for winning)\n|l|\u2606MrPr1ce\n","uploadtime":1700171292,"views":21,"p1id":"mrpr1ce","p2id":"minimimik","formatid":"gen9ou","rating":1454,"private":0,"password":""}