{"id":"gen9ou-1997309594","p1":"calabrese baby","p2":"Pokestar Yancy","format":"[Gen 9] OU","log":"|j|\u2606calabrese baby\n|j|\u2606Pokestar Yancy\n|t:|1700787670\n|gametype|singles\n|player|p1|calabrese baby|clair|1092\n|player|p2|Pokestar Yancy|caitlin|1180\n|teamsize|p1|6\n|teamsize|p2|6\n|gen|9\n|tier|[Gen 9] OU\n|rated|\n|rule|Sleep Clause Mod: Limit one foe put to sleep\n|rule|Species Clause: Limit one of each Pok\u00e9mon\n|rule|OHKO Clause: OHKO moves are banned\n|rule|Evasion Items Clause: Evasion items are banned\n|rule|Evasion Moves Clause: Evasion moves are banned\n|rule|Endless Battle Clause: Forcing endless battles is banned\n|rule|HP Percentage Mod: HP is shown in percentages\n|clearpoke\n|poke|p1|Amoonguss, F|\n|poke|p1|Gholdengo|\n|poke|p1|Zamazenta-*|\n|poke|p1|Ting-Lu|\n|poke|p1|Zapdos|\n|poke|p1|Slowking, F|\n|poke|p2|Rillaboom, M|\n|poke|p2|Ogerpon-Cornerstone, F|\n|poke|p2|Hawlucha, M|\n|poke|p2|Samurott-Hisui, M|\n|poke|p2|Heatran, F|\n|poke|p2|Great Tusk|\n|teampreview\n|inactive|Battle timer is ON: inactive players will automatically lose when time's up. (requested by calabrese baby)\n|\n|t:|1700787684\n|start\n|switch|p1a: Amoonguss|Amoonguss, F|100\/100\n|switch|p2a: Weeb Samurott|Samurott-Hisui, M, shiny|100\/100\n|turn|1\n|\n|t:|1700787689\n|move|p2a: Weeb Samurott|Flip Turn|p1a: Amoonguss\n|-resisted|p1a: Amoonguss\n|-damage|p1a: Amoonguss|89\/100\n|\n|t:|1700787691\n|switch|p2a: FunkyKonga|Rillaboom, M|100\/100|[from] Flip Turn\n|-fieldstart|move: Grassy Terrain|[from] ability: Grassy Surge|[of] p2a: FunkyKonga\n|move|p1a: Amoonguss|Spore|p2a: FunkyKonga\n|-immune|p2a: FunkyKonga\n|\n|-heal|p1a: Amoonguss|95\/100|[from] Grassy Terrain\n|upkeep\n|turn|2\n|\n|t:|1700787694\n|move|p2a: FunkyKonga|U-turn|p1a: Amoonguss\n|-damage|p1a: Amoonguss|75\/100\n|\n|t:|1700787698\n|switch|p2a: Toy Airplane|Heatran, F|100\/100|[from] U-turn\n|move|p1a: Amoonguss|Sludge Bomb|p2a: Toy Airplane\n|-immune|p2a: Toy Airplane\n|\n|-heal|p1a: Amoonguss|82\/100|[from] Grassy Terrain\n|upkeep\n|turn|3\n|c|\u2606Pokestar Yancy|I'm in your head already\n|\n|t:|1700787719\n|move|p2a: Toy Airplane|Magma Storm|p1a: Amoonguss\n|-supereffective|p1a: Amoonguss\n|-damage|p1a: Amoonguss|13\/100\n|-activate|p1a: Amoonguss|move: Magma Storm|[of] p2a: Toy Airplane\n|move|p1a: Amoonguss|Spore|p2a: Toy Airplane\n|-status|p2a: Toy Airplane|slp|[from] move: Spore\n|\n|-heal|p1a: Amoonguss|19\/100|[from] Grassy Terrain\n|-damage|p1a: Amoonguss|7\/100|[from] move: Magma Storm|[partiallytrapped]\n|upkeep\n|turn|4\n|\n|t:|1700787729\n|cant|p2a: Toy Airplane|slp\n|move|p1a: Amoonguss|Giga Drain|p2a: Toy Airplane\n|-resisted|p2a: Toy Airplane\n|-damage|p2a: Toy Airplane|96\/100 slp\n|-heal|p1a: Amoonguss|9\/100|[from] drain|[of] p2a: Toy Airplane\n|\n|-heal|p2a: Toy Airplane|100\/100 slp|[from] Grassy Terrain\n|-heal|p1a: Amoonguss|15\/100|[from] Grassy Terrain\n|-damage|p1a: Amoonguss|3\/100|[from] move: Magma Storm|[partiallytrapped]\n|upkeep\n|turn|5\n|c|\u2606calabrese baby|you wish lmfao\n|\n|t:|1700787754\n|-curestatus|p2a: Toy Airplane|slp|[msg]\n|move|p2a: Toy Airplane|Stealth Rock|p1a: Amoonguss\n|-sidestart|p1: calabrese baby|move: Stealth Rock\n|move|p1a: Amoonguss|Giga Drain|p2a: Toy Airplane\n|-resisted|p2a: Toy Airplane\n|-damage|p2a: Toy Airplane|96\/100\n|-heal|p1a: Amoonguss|5\/100|[from] drain|[of] p2a: Toy Airplane\n|\n|-heal|p2a: Toy Airplane|100\/100|[from] Grassy Terrain\n|-heal|p1a: Amoonguss|11\/100|[from] Grassy Terrain\n|-damage|p1a: Amoonguss|0 fnt|[from] move: Magma Storm|[partiallytrapped]\n|faint|p1a: Amoonguss\n|upkeep\n|\n|t:|1700787761\n|switch|p1a: Zamazenta|Zamazenta|100\/100\n|-ability|p1a: Zamazenta|Dauntless Shield|boost\n|-boost|p1a: Zamazenta|def|1\n|turn|6\n|inactive|Pokestar Yancy has 120 seconds left.\n|\n|t:|1700787781\n|-terastallize|p2a: Toy Airplane|Grass\n|move|p1a: Zamazenta|Close Combat|p2a: Toy Airplane\n|-damage|p2a: Toy Airplane|53\/100\n|-unboost|p1a: Zamazenta|def|1\n|-unboost|p1a: Zamazenta|spd|1\n|move|p2a: Toy Airplane|Magma Storm|p1a: Zamazenta\n|-damage|p1a: Zamazenta|46\/100\n|-activate|p1a: Zamazenta|move: Magma Storm|[of] p2a: Toy Airplane\n|\n|-heal|p1a: Zamazenta|52\/100|[from] Grassy Terrain\n|-heal|p2a: Toy Airplane|59\/100|[from] Grassy Terrain\n|-heal|p2a: Toy Airplane|66\/100|[from] item: Leftovers\n|-damage|p1a: Zamazenta|40\/100|[from] move: Magma Storm|[partiallytrapped]\n|upkeep\n|turn|7\n|inactive|Pokestar Yancy has 120 seconds left.\n|\n|t:|1700787803\n|move|p1a: Zamazenta|Close Combat|p2a: Toy Airplane\n|-damage|p2a: Toy Airplane|15\/100\n|-unboost|p1a: Zamazenta|def|1\n|-unboost|p1a: Zamazenta|spd|1\n|move|p2a: Toy Airplane|Magma Storm|p1a: Zamazenta\n|-damage|p1a: Zamazenta|0 fnt\n|faint|p1a: Zamazenta\n|\n|-heal|p2a: Toy Airplane|21\/100|[from] Grassy Terrain\n|-heal|p2a: Toy Airplane|27\/100|[from] item: Leftovers\n|upkeep\n|\n|t:|1700787810\n|switch|p1a: Zapdos|Zapdos|100\/100\n|turn|8\n|inactive|Pokestar Yancy has 120 seconds left.\n|\n|t:|1700787825\n|move|p1a: Zapdos|Hurricane|p2a: Toy Airplane\n|-supereffective|p2a: Toy Airplane\n|-damage|p2a: Toy Airplane|0 fnt\n|faint|p2a: Toy Airplane\n|\n|-fieldend|move: Grassy Terrain\n|upkeep\n|\n|t:|1700787828\n|switch|p2a: Goblin|Ogerpon-Cornerstone, F|100\/100\n|turn|9\n|\n|t:|1700787837\n|switch|p1a: Gholdengo|Gholdengo|100\/100\n|-damage|p1a: Gholdengo|94\/100|[from] Stealth Rock\n|move|p2a: Goblin|Ivy Cudgel|p1a: Gholdengo|[anim] Ivy Cudgel Rock\n|-resisted|p1a: Gholdengo\n|-damage|p1a: Gholdengo|59\/100\n|\n|upkeep\n|turn|10\n|\n|t:|1700787844\n|switch|p2a: Weeb Samurott|Samurott-Hisui, M, shiny|100\/100\n|move|p1a: Gholdengo|Trick|p2a: Weeb Samurott\n|-activate|p1a: Gholdengo|move: Trick|[of] p2a: Weeb Samurott\n|-item|p2a: Weeb Samurott|Choice Specs|[from] move: Trick\n|-item|p1a: Gholdengo|Assault Vest|[from] move: Trick\n|\n|upkeep\n|turn|11\n|\n|t:|1700787860\n|switch|p1a: Zapdos|Zapdos|100\/100\n|move|p2a: Weeb Samurott|Ceaseless Edge|p1a: Zapdos\n|-damage|p1a: Zapdos|43\/100\n|-sidestart|p1: calabrese baby|Spikes\n|\n|upkeep\n|turn|12\n|\n|t:|1700787871\n|switch|p2a: Chad Donphan|Great Tusk, shiny|100\/100\n|move|p1a: Zapdos|Roost|p1a: Zapdos\n|-heal|p1a: Zapdos|93\/100\n|-singleturn|p1a: Zapdos|move: Roost\n|\n|upkeep\n|turn|13\n|\n|t:|1700787882\n|move|p1a: Zapdos|Hurricane|p2a: Chad Donphan\n|-supereffective|p2a: Chad Donphan\n|-damage|p2a: Chad Donphan|0 fnt\n|faint|p2a: Chad Donphan\n|-end|p2a: Chad Donphan|Protosynthesis|[silent]\n|\n|upkeep\n|\n|t:|1700787885\n|switch|p2a: Goblin|Ogerpon-Cornerstone, F|100\/100\n|turn|14\n|\n|t:|1700787895\n|move|p2a: Goblin|Swords Dance|p2a: Goblin\n|-boost|p2a: Goblin|atk|2\n|move|p1a: Zapdos|Volt Switch|p2a: Goblin\n|-resisted|p2a: Goblin\n|-crit|p2a: Goblin\n|-damage|p2a: Goblin|70\/100\n|\n|t:|1700787899\n|switch|p1a: Gholdengo|Gholdengo|59\/100|[from] Volt Switch\n|-damage|p1a: Gholdengo|53\/100|[from] Stealth Rock\n|-damage|p1a: Gholdengo|40\/100|[from] Spikes\n|\n|upkeep\n|turn|15\n|\n|t:|1700787901\n|move|p2a: Goblin|Ivy Cudgel|p1a: Gholdengo|[anim] Ivy Cudgel Rock\n|-resisted|p1a: Gholdengo\n|-damage|p1a: Gholdengo|0 fnt\n|faint|p1a: Gholdengo\n|\n|upkeep\n|-message|calabrese baby forfeited.\n|\n|win|Pokestar Yancy\n|raw|calabrese baby's rating: 1092 &rarr; <strong>1074<\/strong><br \/>(-18 for losing)\n|raw|Pokestar Yancy's rating: 1180 &rarr; <strong>1199<\/strong><br \/>(+19 for winning)\n|l|\u2606calabrese baby\n|c|\u2606Pokestar Yancy|Gg\n","uploadtime":1700787930,"views":16,"p1id":"calabresebaby","p2id":"pokestaryancy","formatid":"gen9ou","rating":1074,"private":0,"password":""}