{"id":"gen9ou-1998366027","p1":"liaoya","p2":"niekitje","format":"[Gen 9] OU","log":"|j|\u2606liaoya\n|j|\u2606niekitje\n|t:|1700934295\n|gametype|singles\n|player|p1|liaoya|petrel|1552\n|player|p2|niekitje|170|1625\n|teamsize|p1|6\n|teamsize|p2|6\n|gen|9\n|tier|[Gen 9] OU\n|rated|\n|rule|Sleep Clause Mod: Limit one foe put to sleep\n|rule|Species Clause: Limit one of each Pok\u00e9mon\n|rule|OHKO Clause: OHKO moves are banned\n|rule|Evasion Items Clause: Evasion items are banned\n|rule|Evasion Moves Clause: Evasion moves are banned\n|rule|Endless Battle Clause: Forcing endless battles is banned\n|rule|HP Percentage Mod: HP is shown in percentages\n|clearpoke\n|poke|p1|Drifblim, F|\n|poke|p1|Garganacl, F|\n|poke|p1|Umbreon, F|\n|poke|p1|Rotom-Wash|\n|poke|p1|Glimmora, F|\n|poke|p1|Espeon, F|\n|poke|p2|Glimmora, F|\n|poke|p2|Slowking-Galar, F|\n|poke|p2|Landorus-Therian, M|\n|poke|p2|Clefable, M|\n|poke|p2|Walking Wake|\n|poke|p2|Kingambit, M|\n|teampreview\n|inactive|Battle timer is ON: inactive players will automatically lose when time's up. (requested by liaoya)\n|j| Kurenaiwing\n|c|\u2606niekitje|gl hf\n|c|\u2606niekitje|:D\n|\n|t:|1700934309\n|start\n|switch|p1a: Rotom|Rotom-Wash|100\/100\n|switch|p2a: Glimmora|Glimmora, F|100\/100\n|turn|1\n|c|\u2606liaoya|:D\n|\n|t:|1700934318\n|switch|p2a: Walking Wake|Walking Wake|100\/100\n|move|p1a: Rotom|Volt Switch|p2a: Walking Wake\n|-damage|p2a: Walking Wake|61\/100\n|c|\u2606niekitje|you got a coach or something?\n|j| SageModeMaster2\n|\n|t:|1700934328\n|switch|p1a: Umbreon|Umbreon, F, shiny|100\/100|[from] Volt Switch\n|\n|upkeep\n|turn|2\n|c|\u2606niekitje|the spectator\n|c|\u2606niekitje|2 even\n|c|\u2606niekitje|damn XD\n|\n|t:|1700934337\n|move|p2a: Walking Wake|Hydro Steam|p1a: Umbreon\n|-damage|p1a: Umbreon|59\/100\n|move|p1a: Umbreon|Yawn|p2a: Walking Wake\n|-start|p2a: Walking Wake|move: Yawn|[of] p1a: Umbreon\n|\n|-heal|p1a: Umbreon|65\/100|[from] item: Leftovers\n|upkeep\n|turn|3\n|\n|t:|1700934348\n|-end|p2a: Walking Wake|Protosynthesis|[silent]\n|switch|p2a: Clefable|Clefable, M, shiny|100\/100\n|move|p1a: Umbreon|Wish|p1a: Umbreon\n|\n|-heal|p1a: Umbreon|71\/100|[from] item: Leftovers\n|upkeep\n|turn|4\n|\n|t:|1700934359\n|move|p1a: Umbreon|Protect|p1a: Umbreon\n|-singleturn|p1a: Umbreon|Protect\n|move|p2a: Clefable|Cosmic Power|p2a: Clefable\n|-boost|p2a: Clefable|def|1\n|-boost|p2a: Clefable|spd|1\n|\n|-heal|p1a: Umbreon|100\/100|[from] move: Wish|[wisher] Umbreon\n|upkeep\n|turn|5\n|\n|t:|1700934364\n|switch|p1a: Rotom|Rotom-Wash|100\/100\n|move|p2a: Clefable|Moonblast|p1a: Rotom\n|-damage|p1a: Rotom|66\/100\n|-unboost|p1a: Rotom|spa|1\n|\n|upkeep\n|turn|6\n|\n|t:|1700934372\n|switch|p2a: Landorus|Landorus-Therian, M|100\/100\n|-ability|p2a: Landorus|Intimidate|boost\n|-unboost|p1a: Rotom|atk|1\n|move|p1a: Rotom|Trick|p2a: Landorus\n|-activate|p1a: Rotom|move: Trick|[of] p2a: Landorus\n|-item|p2a: Landorus|Choice Scarf|[from] move: Trick\n|-item|p1a: Rotom|Choice Scarf|[from] move: Trick\n|\n|upkeep\n|turn|7\n|\n|t:|1700934380\n|move|p2a: Landorus|U-turn|p1a: Rotom\n|-damage|p1a: Rotom|36\/100\n|\n|t:|1700934383\n|switch|p2a: Walking Wake|Walking Wake|61\/100|[from] U-turn\n|move|p1a: Rotom|Hydro Pump|p2a: Walking Wake|[miss]\n|-miss|p1a: Rotom|p2a: Walking Wake\n|\n|upkeep\n|turn|8\n|\n|t:|1700934391\n|switch|p1a: Umbreon|Umbreon, F, shiny|100\/100\n|move|p2a: Walking Wake|Hydro Steam|p1a: Umbreon\n|-damage|p1a: Umbreon|60\/100\n|\n|-heal|p1a: Umbreon|66\/100|[from] item: Leftovers\n|upkeep\n|turn|9\n|\n|t:|1700934394\n|-end|p2a: Walking Wake|Protosynthesis|[silent]\n|switch|p2a: Glimmora|Glimmora, F|100\/100\n|move|p1a: Umbreon|Wish|p1a: Umbreon\n|\n|-heal|p1a: Umbreon|72\/100|[from] item: Leftovers\n|upkeep\n|turn|10\n|\n|t:|1700934399\n|switch|p1a: Espeon|Espeon, F|100\/100\n|move|p2a: Glimmora|Stealth Rock|p1a: Espeon\n|move|p1a: Espeon|Stealth Rock|p2a: Glimmora|[from]ability: Magic Bounce\n|-sidestart|p2: niekitje|move: Stealth Rock\n|\n|upkeep\n|turn|11\n|c|\u2606niekitje|nice one\n|\n|t:|1700934406\n|move|p1a: Espeon|Trick|p2a: Glimmora\n|-activate|p1a: Espeon|move: Trick|[of] p2a: Glimmora\n|-item|p2a: Glimmora|Choice Scarf|[from] move: Trick\n|-item|p1a: Espeon|Rocky Helmet|[from] move: Trick\n|move|p2a: Glimmora|Mortal Spin|p1a: Espeon\n|-damage|p1a: Espeon|93\/100\n|-status|p1a: Espeon|psn\n|-damage|p2a: Glimmora|84\/100|[from] item: Rocky Helmet|[of] p1a: Espeon\n|-sideend|p2: niekitje|Stealth Rock|[from] move: Mortal Spin|[of] p2a: Glimmora\n|\n|-damage|p1a: Espeon|81\/100 psn|[from] psn\n|upkeep\n|turn|12\n|c|\u2606niekitje|i forgot about that ability XD\n|\n|t:|1700934415\n|switch|p2a: Slowking|Slowking-Galar, F|100\/100\n|move|p1a: Espeon|Psyshock|p2a: Slowking\n|-damage|p2a: Slowking|68\/100\n|\n|-damage|p1a: Espeon|68\/100 psn|[from] psn\n|upkeep\n|turn|13\n|\n|t:|1700934423\n|switch|p1a: Drifblim|Drifblim, F|100\/100\n|move|p2a: Slowking|Sludge Bomb|p1a: Drifblim\n|-resisted|p1a: Drifblim\n|-damage|p1a: Drifblim|71\/100\n|\n|upkeep\n|turn|14\n|\n|t:|1700934429\n|switch|p1a: Rotom|Rotom-Wash|36\/100\n|-terastallize|p2a: Slowking|Dark\n|move|p2a: Slowking|Ice Beam|p1a: Rotom\n|-resisted|p1a: Rotom\n|-damage|p1a: Rotom|18\/100\n|\n|upkeep\n|turn|15\n|\n|t:|1700934438\n|move|p1a: Rotom|Hydro Pump|p2a: Slowking|[miss]\n|-miss|p1a: Rotom|p2a: Slowking\n|move|p2a: Slowking|Sludge Bomb|p1a: Rotom\n|-damage|p1a: Rotom|0 fnt\n|faint|p1a: Rotom\n|\n|upkeep\n|\n|t:|1700934443\n|switch|p1a: Garganacl|Garganacl, F, shiny|100\/100\n|turn|16\n|\n|t:|1700934454\n|switch|p2a: Glimmora|Glimmora, F|84\/100\n|move|p1a: Garganacl|Salt Cure|p2a: Glimmora\n|-damage|p2a: Glimmora|73\/100\n|-start|p2a: Glimmora|Salt Cure\n|-activate|p2a: Glimmora|ability: Toxic Debris\n|-sidestart|p1: liaoya|move: Toxic Spikes\n|\n|-damage|p2a: Glimmora|61\/100|[from] Salt Cure\n|upkeep\n|turn|17\n|\n|t:|1700934462\n|move|p2a: Glimmora|Earth Power|p1a: Garganacl\n|-supereffective|p1a: Garganacl\n|-damage|p1a: Garganacl|63\/100\n|move|p1a: Garganacl|Iron Defense|p1a: Garganacl\n|-boost|p1a: Garganacl|def|2\n|\n|-heal|p1a: Garganacl|70\/100|[from] item: Leftovers\n|-damage|p2a: Glimmora|49\/100|[from] Salt Cure\n|upkeep\n|turn|18\n|\n|t:|1700934465\n|move|p2a: Glimmora|Earth Power|p1a: Garganacl\n|-supereffective|p1a: Garganacl\n|-damage|p1a: Garganacl|34\/100\n|move|p1a: Garganacl|Salt Cure|p2a: Glimmora\n|-crit|p2a: Glimmora\n|-damage|p2a: Glimmora|34\/100\n|-activate|p2a: Glimmora|ability: Toxic Debris\n|-sidestart|p1: liaoya|move: Toxic Spikes\n|\n|-heal|p1a: Garganacl|40\/100|[from] item: Leftovers\n|-damage|p2a: Glimmora|22\/100|[from] Salt Cure\n|upkeep\n|turn|19\n|\n|t:|1700934470\n|-terastallize|p1a: Garganacl|Ghost\n|move|p2a: Glimmora|Earth Power|p1a: Garganacl\n|-damage|p1a: Garganacl|25\/100\n|move|p1a: Garganacl|Recover|p1a: Garganacl\n|-heal|p1a: Garganacl|75\/100\n|\n|-heal|p1a: Garganacl|81\/100|[from] item: Leftovers\n|-damage|p2a: Glimmora|9\/100|[from] Salt Cure\n|upkeep\n|turn|20\n|\n|t:|1700934475\n|move|p2a: Glimmora|Earth Power|p1a: Garganacl\n|-damage|p1a: Garganacl|63\/100\n|move|p1a: Garganacl|Recover|p1a: Garganacl\n|-heal|p1a: Garganacl|100\/100\n|\n|-damage|p2a: Glimmora|0 fnt|[from] Salt Cure\n|faint|p2a: Glimmora\n|upkeep\n|c|\u2606niekitje|no spdef drops\n|c|\u2606niekitje|damn\n|\n|t:|1700934495\n|switch|p2a: Landorus|Landorus-Therian, M|100\/100\n|-ability|p2a: Landorus|Intimidate|boost\n|-unboost|p1a: Garganacl|atk|1\n|turn|21\n|c|\u2606liaoya|Yuri's Revenge\n|c|\u2606liaoya|I am loyal to Yuri\n|\n|t:|1700934522\n|move|p2a: Landorus|U-turn|p1a: Garganacl\n|-resisted|p1a: Garganacl\n|-damage|p1a: Garganacl|96\/100\n|c|\u2606niekitje|i dont know who that is\n|c|\u2606niekitje|sorry\n|\n|t:|1700934534\n|switch|p2a: Slowking|Slowking-Galar, F, tera:Dark|100\/100|[from] U-turn\n|move|p1a: Garganacl|Salt Cure|p2a: Slowking\n|-damage|p2a: Slowking|91\/100\n|-start|p2a: Slowking|Salt Cure\n|\n|-heal|p1a: Garganacl|100\/100|[from] item: Leftovers\n|-damage|p2a: Slowking|79\/100|[from] Salt Cure\n|upkeep\n|turn|22\n|c|\u2606niekitje|i forgot i terad\n|c|\u2606niekitje|i expected body press XD\n|\n|t:|1700934552\n|switch|p1a: Glimmora|Glimmora, F|100\/100\n|-sideend|p1: liaoya|move: Toxic Spikes|[of] p1a: Glimmora\n|move|p2a: Slowking|Future Sight|p1a: Glimmora\n|-start|p2a: Slowking|move: Future Sight\n|\n|-damage|p2a: Slowking|66\/100|[from] Salt Cure\n|upkeep\n|turn|23\n|inactive|liaoya has 120 seconds left.\n|\n|t:|1700934570\n|switch|p2a: Walking Wake|Walking Wake|61\/100\n|move|p1a: Glimmora|Mortal Spin|p2a: Walking Wake\n|-damage|p2a: Walking Wake|54\/100\n|-status|p2a: Walking Wake|psn\n|\n|-damage|p2a: Walking Wake|42\/100 psn|[from] psn\n|upkeep\n|turn|24\n|\n|t:|1700934576\n|switch|p1a: Umbreon|Umbreon, F, shiny|72\/100\n|move|p2a: Walking Wake|Hydro Steam|p1a: Umbreon\n|-damage|p1a: Umbreon|31\/100\n|\n|-end|p1a: Umbreon|move: Future Sight\n|-immune|p1a: Umbreon\n|-heal|p1a: Umbreon|37\/100|[from] item: Leftovers\n|-damage|p2a: Walking Wake|29\/100 psn|[from] psn\n|upkeep\n|turn|25\n|\n|t:|1700934581\n|move|p1a: Umbreon|Protect|p1a: Umbreon\n|-singleturn|p1a: Umbreon|Protect\n|move|p2a: Walking Wake|Hydro Steam|p1a: Umbreon\n|-activate|p1a: Umbreon|move: Protect\n|\n|-heal|p1a: Umbreon|43\/100|[from] item: Leftovers\n|-damage|p2a: Walking Wake|17\/100 psn|[from] psn\n|upkeep\n|turn|26\n|\n|t:|1700934591\n|move|p2a: Walking Wake|Hydro Steam|p1a: Umbreon\n|-damage|p1a: Umbreon|6\/100\n|move|p1a: Umbreon|Wish|p1a: Umbreon\n|\n|-heal|p1a: Umbreon|12\/100|[from] item: Leftovers\n|-damage|p2a: Walking Wake|5\/100 psn|[from] psn\n|upkeep\n|turn|27\n|\n|t:|1700934599\n|-end|p2a: Walking Wake|Protosynthesis|[silent]\n|switch|p2a: Landorus|Landorus-Therian, M|100\/100\n|-ability|p2a: Landorus|Intimidate|boost\n|-fail|p1a: Umbreon|unboost|Attack|[from] ability: Inner Focus|[of] p1a: Umbreon\n|move|p1a: Umbreon|Protect||[still]\n|-fail|p1a: Umbreon\n|\n|-heal|p1a: Umbreon|62\/100|[from] move: Wish|[wisher] Umbreon\n|-heal|p1a: Umbreon|68\/100|[from] item: Leftovers\n|upkeep\n|turn|28\n|l| SageModeMaster2\n|c|\u2606liaoya|Give me strength, Yuri!\n|j| SageModeMaster2\n|\n|t:|1700934606\n|move|p1a: Umbreon|Protect|p1a: Umbreon\n|-singleturn|p1a: Umbreon|Protect\n|move|p2a: Landorus|U-turn|p1a: Umbreon\n|-activate|p1a: Umbreon|move: Protect\n|\n|-heal|p1a: Umbreon|74\/100|[from] item: Leftovers\n|upkeep\n|turn|29\n|\n|t:|1700934612\n|move|p2a: Landorus|U-turn|p1a: Umbreon\n|-supereffective|p1a: Umbreon\n|-damage|p1a: Umbreon|38\/100\n|\n|t:|1700934615\n|switch|p2a: Walking Wake|Walking Wake|5\/100 psn|[from] U-turn\n|move|p1a: Umbreon|Wish|p1a: Umbreon\n|\n|-heal|p1a: Umbreon|44\/100|[from] item: Leftovers\n|-damage|p2a: Walking Wake|0 fnt|[from] psn\n|faint|p2a: Walking Wake\n|-end|p2a: Walking Wake|Protosynthesis|[silent]\n|upkeep\n|\n|t:|1700934620\n|switch|p2a: Slowking|Slowking-Galar, F, tera:Dark|99\/100\n|turn|30\n|\n|t:|1700934624\n|move|p1a: Umbreon|Protect|p1a: Umbreon\n|-singleturn|p1a: Umbreon|Protect\n|move|p2a: Slowking|Future Sight|p1a: Umbreon\n|-start|p2a: Slowking|move: Future Sight\n|\n|-heal|p1a: Umbreon|94\/100|[from] move: Wish|[wisher] Umbreon\n|-heal|p1a: Umbreon|99\/100|[from] item: Leftovers\n|upkeep\n|turn|31\n|l| SageModeMaster2\n|\n|t:|1700934639\n|move|p1a: Umbreon|Wish|p1a: Umbreon\n|move|p2a: Slowking|Sludge Bomb|p1a: Umbreon\n|-damage|p1a: Umbreon|71\/100\n|\n|-heal|p1a: Umbreon|77\/100|[from] item: Leftovers\n|upkeep\n|turn|32\n|\n|t:|1700934646\n|move|p1a: Umbreon|Protect|p1a: Umbreon\n|-singleturn|p1a: Umbreon|Protect\n|move|p2a: Slowking|Sludge Bomb|p1a: Umbreon\n|-activate|p1a: Umbreon|move: Protect\n|\n|-end|p1a: Umbreon|move: Future Sight\n|-immune|p1a: Umbreon\n|-heal|p1a: Umbreon|100\/100|[from] move: Wish|[wisher] Umbreon\n|upkeep\n|turn|33\n|\n|t:|1700934651\n|switch|p1a: Garganacl|Garganacl, F, shiny, tera:Ghost|100\/100\n|move|p2a: Slowking|Sludge Bomb|p1a: Garganacl\n|-resisted|p1a: Garganacl\n|-damage|p1a: Garganacl|87\/100\n|\n|-heal|p1a: Garganacl|93\/100|[from] item: Leftovers\n|upkeep\n|turn|34\n|\n|t:|1700934656\n|move|p1a: Garganacl|Salt Cure|p2a: Slowking\n|-damage|p2a: Slowking|84\/100\n|-start|p2a: Slowking|Salt Cure\n|move|p2a: Slowking|Future Sight|p1a: Garganacl\n|-start|p2a: Slowking|move: Future Sight\n|\n|-heal|p1a: Garganacl|99\/100|[from] item: Leftovers\n|-damage|p2a: Slowking|72\/100|[from] Salt Cure\n|upkeep\n|turn|35\n|\n|t:|1700934664\n|switch|p2a: Clefable|Clefable, M, shiny|100\/100\n|move|p1a: Garganacl|Body Press|p2a: Clefable\n|-resisted|p2a: Clefable\n|-damage|p2a: Clefable|91\/100\n|\n|-heal|p2a: Clefable|97\/100|[from] item: Leftovers\n|-heal|p1a: Garganacl|100\/100|[from] item: Leftovers\n|upkeep\n|turn|36\n|\n|t:|1700934676\n|switch|p1a: Umbreon|Umbreon, F, shiny|100\/100\n|move|p2a: Clefable|Cosmic Power|p2a: Clefable\n|-boost|p2a: Clefable|def|1\n|-boost|p2a: Clefable|spd|1\n|\n|-end|p1a: Umbreon|move: Future Sight\n|-immune|p1a: Umbreon\n|-heal|p2a: Clefable|100\/100|[from] item: Leftovers\n|upkeep\n|turn|37\n|\n|t:|1700934680\n|move|p1a: Umbreon|Yawn|p2a: Clefable\n|-start|p2a: Clefable|move: Yawn|[of] p1a: Umbreon\n|move|p2a: Clefable|Cosmic Power|p2a: Clefable\n|-boost|p2a: Clefable|def|1\n|-boost|p2a: Clefable|spd|1\n|\n|upkeep\n|turn|38\n|\n|t:|1700934691\n|switch|p2a: Landorus|Landorus-Therian, M|100\/100\n|-ability|p2a: Landorus|Intimidate|boost\n|-fail|p1a: Umbreon|unboost|Attack|[from] ability: Inner Focus|[of] p1a: Umbreon\n|move|p1a: Umbreon|Wish|p1a: Umbreon\n|\n|upkeep\n|turn|39\n|\n|t:|1700934696\n|move|p2a: Landorus|U-turn|p1a: Umbreon\n|-supereffective|p1a: Umbreon\n|-damage|p1a: Umbreon|63\/100\n|c|\u2606niekitje|damn im having trouble with umbreon\n|c|\u2606niekitje|XD\n|\n|t:|1700934708\n|switch|p2a: Slowking|Slowking-Galar, F, tera:Dark|100\/100|[from] U-turn\n|move|p1a: Umbreon|Foul Play|p2a: Slowking\n|-resisted|p2a: Slowking\n|-damage|p2a: Slowking|91\/100\n|\n|-heal|p1a: Umbreon|100\/100|[from] move: Wish|[wisher] Umbreon\n|upkeep\n|turn|40\n|\n|t:|1700934717\n|switch|p1a: Drifblim|Drifblim, F|71\/100\n|move|p2a: Slowking|Future Sight|p1a: Drifblim\n|-start|p2a: Slowking|move: Future Sight\n|\n|upkeep\n|turn|41\n|\n|t:|1700934723\n|move|p1a: Drifblim|Trick|p2a: Slowking\n|-activate|p1a: Drifblim|move: Trick|[of] p2a: Slowking\n|-item|p2a: Slowking|Choice Scarf|[from] move: Trick\n|-item|p1a: Drifblim|Assault Vest|[from] move: Trick\n|move|p2a: Slowking|Ice Beam|p1a: Drifblim\n|-supereffective|p1a: Drifblim\n|-damage|p1a: Drifblim|16\/100\n|\n|upkeep\n|turn|42\n|\n|t:|1700934736\n|switch|p1a: Umbreon|Umbreon, F, shiny|100\/100\n|move|p2a: Slowking|Ice Beam|p1a: Umbreon\n|-damage|p1a: Umbreon|82\/100\n|\n|-end|p1a: Umbreon|move: Future Sight\n|-immune|p1a: Umbreon\n|-heal|p1a: Umbreon|88\/100|[from] item: Leftovers\n|upkeep\n|turn|43\n|\n|t:|1700934756\n|switch|p1a: Garganacl|Garganacl, F, shiny, tera:Ghost|100\/100\n|switch|p2a: Landorus|Landorus-Therian, M|100\/100\n|-ability|p2a: Landorus|Intimidate|boost\n|-unboost|p1a: Garganacl|atk|1\n|\n|upkeep\n|turn|44\n|\n|t:|1700934777\n|move|p2a: Landorus|Earthquake|p1a: Garganacl\n|-damage|p1a: Garganacl|57\/100\n|move|p1a: Garganacl|Iron Defense|p1a: Garganacl\n|-boost|p1a: Garganacl|def|2\n|\n|-heal|p1a: Garganacl|64\/100|[from] item: Leftovers\n|upkeep\n|turn|45\n|inactive|niekitje has 120 seconds left.\n|c|\u2606liaoya|Hail to the great Yuri\n|\n|t:|1700934809\n|move|p2a: Landorus|Earthquake|p1a: Garganacl\n|-damage|p1a: Garganacl|43\/100\n|move|p1a: Garganacl|Salt Cure|p2a: Landorus\n|-damage|p2a: Landorus|89\/100\n|-start|p2a: Landorus|Salt Cure\n|\n|-heal|p1a: Garganacl|50\/100|[from] item: Leftovers\n|-damage|p2a: Landorus|77\/100|[from] Salt Cure\n|upkeep\n|turn|46\n|c|\u2606liaoya|Kirov reporting!\n|c|\u2606niekitje|dude\n|c|\u2606niekitje|i hate this garg XD\n|\n|t:|1700934823\n|switch|p2a: Slowking|Slowking-Galar, F, tera:Dark|100\/100\n|move|p1a: Garganacl|Recover|p1a: Garganacl\n|-heal|p1a: Garganacl|99\/100\n|\n|-heal|p1a: Garganacl|100\/100|[from] item: Leftovers\n|upkeep\n|turn|47\n|\n|t:|1700934834\n|switch|p2a: Clefable|Clefable, M, shiny|100\/100\n|move|p1a: Garganacl|Body Press|p2a: Clefable\n|-resisted|p2a: Clefable\n|-damage|p2a: Clefable|92\/100\n|\n|-heal|p2a: Clefable|98\/100|[from] item: Leftovers\n|upkeep\n|turn|48\n|inactive|niekitje has 120 seconds left.\n|inactive|niekitje has 90 seconds left.\n|\n|t:|1700934871\n|move|p2a: Clefable|Cosmic Power|p2a: Clefable\n|-boost|p2a: Clefable|def|1\n|-boost|p2a: Clefable|spd|1\n|move|p1a: Garganacl|Salt Cure|p2a: Clefable\n|-damage|p2a: Clefable|89\/100\n|-start|p2a: Clefable|Salt Cure\n|\n|-heal|p2a: Clefable|95\/100|[from] item: Leftovers\n|-damage|p2a: Clefable|83\/100|[from] Salt Cure\n|upkeep\n|turn|49\n|c|\u2606liaoya|For mother Russia!\n|inactive|niekitje has 90 seconds left.\n|\n|t:|1700934889\n|switch|p1a: Drifblim|Drifblim, F|16\/100\n|move|p2a: Clefable|Cosmic Power|p2a: Clefable\n|-boost|p2a: Clefable|def|1\n|-boost|p2a: Clefable|spd|1\n|\n|-heal|p2a: Clefable|89\/100|[from] item: Leftovers\n|-damage|p2a: Clefable|77\/100|[from] Salt Cure\n|upkeep\n|turn|50\n|\n|t:|1700934896\n|move|p1a: Drifblim|Knock Off|p2a: Clefable\n|-resisted|p2a: Clefable\n|-damage|p2a: Clefable|72\/100\n|-enditem|p2a: Clefable|Leftovers|[from] move: Knock Off|[of] p1a: Drifblim\n|move|p2a: Clefable|Stored Power|p1a: Drifblim\n|-damage|p1a: Drifblim|0 fnt\n|faint|p1a: Drifblim\n|\n|-damage|p2a: Clefable|59\/100|[from] Salt Cure\n|upkeep\n|\n|t:|1700934906\n|switch|p1a: Glimmora|Glimmora, F|100\/100\n|turn|51\n|inactive|niekitje has 90 seconds left.\n|c|\u2606liaoya|We are being attacked!\n|c|\u2606liaoya|Mommy!!\n|c|\u2606liaoya|Crying~\n|c|\u2606liaoya|Conscript reporting.\n|inactive|niekitje has 60 seconds left.\n|c|\u2606liaoya|For home country!\n|\n|t:|1700934967\n|move|p1a: Glimmora|Mortal Spin|p2a: Clefable\n|-supereffective|p2a: Clefable\n|-damage|p2a: Clefable|54\/100\n|-status|p2a: Clefable|psn\n|move|p2a: Clefable|Stored Power|p1a: Glimmora\n|-supereffective|p1a: Glimmora\n|-damage|p1a: Glimmora|54\/100\n|\n|-damage|p2a: Clefable|42\/100 psn|[from] psn\n|-damage|p2a: Clefable|29\/100 psn|[from] Salt Cure\n|upkeep\n|turn|52\n|\n|t:|1700934979\n|switch|p1a: Umbreon|Umbreon, F, shiny|88\/100\n|move|p2a: Clefable|Stored Power|p1a: Umbreon\n|-immune|p1a: Umbreon\n|\n|-heal|p1a: Umbreon|94\/100|[from] item: Leftovers\n|-damage|p2a: Clefable|17\/100 psn|[from] psn\n|-damage|p2a: Clefable|4\/100 psn|[from] Salt Cure\n|upkeep\n|turn|53\n|inactive|niekitje has 60 seconds left.\n|\n|t:|1700935017\n|move|p1a: Umbreon|Protect|p1a: Umbreon\n|-singleturn|p1a: Umbreon|Protect\n|move|p2a: Clefable|Moonblast|p1a: Umbreon\n|-activate|p1a: Umbreon|move: Protect\n|\n|-heal|p1a: Umbreon|100\/100|[from] item: Leftovers\n|-damage|p2a: Clefable|0 fnt|[from] psn\n|faint|p2a: Clefable\n|upkeep\n|\n|t:|1700935019\n|switch|p2a: Landorus|Landorus-Therian, M|77\/100\n|-ability|p2a: Landorus|Intimidate|boost\n|-fail|p1a: Umbreon|unboost|Attack|[from] ability: Inner Focus|[of] p1a: Umbreon\n|turn|54\n|c|\u2606liaoya|Yuri's Revenge\n|c|\u2606niekitje|bruh\n|c|\u2606niekitje|WHO is yuri\n|\n|t:|1700935030\n|switch|p1a: Glimmora|Glimmora, F|54\/100\n|move|p2a: Landorus|U-turn|p1a: Glimmora\n|-resisted|p1a: Glimmora\n|-damage|p1a: Glimmora|43\/100\n|-activate|p1a: Glimmora|ability: Toxic Debris\n|-sidestart|p2: niekitje|move: Toxic Spikes\n|\n|t:|1700935051\n|switch|p2a: Kingambit|Kingambit, M, shiny|100\/100|[from] U-turn\n|-activate|p2a: Kingambit|ability: Supreme Overlord\n|-start|p2a: Kingambit|fallen3|[silent]\n|\n|upkeep\n|turn|55\n|\n|t:|1700935059\n|switch|p1a: Umbreon|Umbreon, F, shiny|100\/100\n|move|p2a: Kingambit|Iron Head|p1a: Umbreon\n|-damage|p1a: Umbreon|62\/100\n|\n|-heal|p1a: Umbreon|68\/100|[from] item: Leftovers\n|upkeep\n|turn|56\n|\n|t:|1700935067\n|move|p1a: Umbreon|Yawn|p2a: Kingambit\n|-start|p2a: Kingambit|move: Yawn|[of] p1a: Umbreon\n|move|p2a: Kingambit|Iron Head|p1a: Umbreon\n|-damage|p1a: Umbreon|30\/100\n|\n|-heal|p1a: Umbreon|36\/100|[from] item: Leftovers\n|upkeep\n|turn|57\n|\n|t:|1700935095\n|move|p1a: Umbreon|Wish|p1a: Umbreon\n|move|p2a: Kingambit|Iron Head|p1a: Umbreon\n|-damage|p1a: Umbreon|0 fnt\n|faint|p1a: Umbreon\n|\n|-end|p2a: Kingambit|move: Yawn|[silent]\n|-status|p2a: Kingambit|slp\n|upkeep\n|\n|t:|1700935100\n|switch|p1a: Garganacl|Garganacl, F, shiny, tera:Ghost|100\/100\n|turn|58\n|\n|t:|1700935114\n|cant|p2a: Kingambit|slp\n|move|p1a: Garganacl|Iron Defense|p1a: Garganacl\n|-boost|p1a: Garganacl|def|2\n|\n|upkeep\n|turn|59\n|\n|t:|1700935117\n|cant|p2a: Kingambit|slp\n|move|p1a: Garganacl|Body Press|p2a: Kingambit\n|-supereffective|p2a: Kingambit\n|-damage|p2a: Kingambit|0 fnt\n|faint|p2a: Kingambit\n|-end|p2a: Kingambit|fallen3|[silent]\n|\n|upkeep\n|\n|t:|1700935120\n|switch|p2a: Landorus|Landorus-Therian, M|77\/100\n|-ability|p2a: Landorus|Intimidate|boost\n|-unboost|p1a: Garganacl|atk|1\n|turn|60\n|\n|t:|1700935122\n|move|p2a: Landorus|Earthquake|p1a: Garganacl\n|-damage|p1a: Garganacl|81\/100\n|move|p1a: Garganacl|Iron Defense|p1a: Garganacl\n|-boost|p1a: Garganacl|def|2\n|\n|-heal|p1a: Garganacl|87\/100|[from] item: Leftovers\n|upkeep\n|turn|61\n|inactive|niekitje has 60 seconds left.\n|c|\u2606liaoya|low power\n|\n|t:|1700935149\n|move|p2a: Landorus|Earthquake|p1a: Garganacl\n|-damage|p1a: Garganacl|73\/100\n|move|p1a: Garganacl|Salt Cure|p2a: Landorus\n|-damage|p2a: Landorus|66\/100\n|-start|p2a: Landorus|Salt Cure\n|\n|-heal|p1a: Garganacl|79\/100|[from] item: Leftovers\n|-damage|p2a: Landorus|54\/100|[from] Salt Cure\n|upkeep\n|turn|62\n|c|\u2606liaoya|power subbotaged\n|inactive|niekitje has 30 seconds left.\n|c|\u2606liaoya|unit lost\n|inactive|niekitje has 20 seconds left.\n|c|\u2606liaoya|Yuri is master\n|inactive|niekitje has 15 seconds left.\n|inactive|niekitje has 10 seconds left.\n|\n|t:|1700935199\n|move|p2a: Landorus|Earthquake|p1a: Garganacl\n|-damage|p1a: Garganacl|66\/100\n|move|p1a: Garganacl|Iron Defense|p1a: Garganacl\n|-boost|p1a: Garganacl|def|2\n|\n|-heal|p1a: Garganacl|72\/100|[from] item: Leftovers\n|-damage|p2a: Landorus|41\/100|[from] Salt Cure\n|upkeep\n|turn|63\n|inactive|niekitje has 20 seconds left this turn.\n|c|\u2606liaoya|Hail to the great Yuri\n|inactive|niekitje has 15 seconds left.\n|c|\u2606niekitje|hail to the great yuri\n|inactive|niekitje has 10 seconds left.\n|c|\u2606niekitje|ggs bro\n|\n|t:|1700935209\n|move|p2a: Landorus|Earthquake|p1a: Garganacl\n|-damage|p1a: Garganacl|61\/100\n|move|p1a: Garganacl|Recover|p1a: Garganacl\n|-heal|p1a: Garganacl|100\/100\n|\n|-damage|p2a: Landorus|29\/100|[from] Salt Cure\n|upkeep\n|turn|64\n|inactive|niekitje has 20 seconds left this turn.\n|c|\u2606liaoya|Enlighten me\n|\n|t:|1700935218\n|move|p2a: Landorus|Earthquake|p1a: Garganacl\n|-damage|p1a: Garganacl|89\/100\n|move|p1a: Garganacl|Body Press|p2a: Landorus\n|-resisted|p2a: Landorus\n|-damage|p2a: Landorus|0 fnt\n|faint|p2a: Landorus\n|\n|-heal|p1a: Garganacl|96\/100|[from] item: Leftovers\n|upkeep\n|inactive|niekitje has 25 seconds left this turn.\n|c|\u2606niekitje|you got a good team\n|c|\u2606liaoya|gg\n|c|\u2606niekitje|:D\n|inactive|niekitje has 20 seconds left.\n|\n|t:|1700935226\n|switch|p2a: Slowking|Slowking-Galar, F, tera:Dark|100\/100\n|-status|p2a: Slowking|psn\n|turn|65\n|inactive|niekitje has 30 seconds left this turn.\n|\n|t:|1700935230\n|move|p2a: Slowking|Sludge Bomb|p1a: Garganacl\n|-resisted|p1a: Garganacl\n|-damage|p1a: Garganacl|79\/100\n|move|p1a: Garganacl|Body Press|p2a: Slowking\n|-supereffective|p2a: Slowking\n|-damage|p2a: Slowking|0 fnt\n|faint|p2a: Slowking\n|\n|win|liaoya\n|raw|liaoya's rating: 1552 &rarr; <strong>1576<\/strong><br \/>(+24 for winning)\n|raw|niekitje's rating: 1625 &rarr; <strong>1601<\/strong><br \/>(-24 for losing)\n|c|\u2606liaoya|Concession\n","uploadtime":1700935235,"views":1,"p1id":"liaoya","p2id":"niekitje","formatid":"gen9ou","rating":1576,"private":0,"password":""}