{"id":"gen9ou-1991662357","p1":"Silmarillion8","p2":"punkmag","format":"[Gen 9] OU","log":"|j|\u2606Silmarillion8\n|j|\u2606punkmag\n|t:|1700099827\n|gametype|singles\n|player|p1|Silmarillion8|1|1391\n|player|p2|punkmag|waitress-gen4|1362\n|teamsize|p1|6\n|teamsize|p2|6\n|gen|9\n|tier|[Gen 9] OU\n|rated|\n|rule|Sleep Clause Mod: Limit one foe put to sleep\n|rule|Species Clause: Limit one of each Pok\u00e9mon\n|rule|OHKO Clause: OHKO moves are banned\n|rule|Evasion Items Clause: Evasion items are banned\n|rule|Evasion Moves Clause: Evasion moves are banned\n|rule|Endless Battle Clause: Forcing endless battles is banned\n|rule|HP Percentage Mod: HP is shown in percentages\n|clearpoke\n|poke|p1|Landorus-Therian, M|\n|poke|p1|Arcanine-Hisui, M|\n|poke|p1|Corviknight, M|\n|poke|p1|Ogerpon-Wellspring, F|\n|poke|p1|Thundurus-Therian, M|\n|poke|p1|Garchomp, F|\n|poke|p2|Dragapult, F|\n|poke|p2|Garchomp, M|\n|poke|p2|Regidrago|\n|poke|p2|Alomomola, F|\n|poke|p2|Corviknight, F|\n|poke|p2|Hoopa|\n|teampreview\n|inactive|Battle timer is ON: inactive players will automatically lose when time's up. (requested by punkmag)\n|\n|t:|1700099848\n|start\n|switch|p1a: Arcanine|Arcanine-Hisui, M|100\/100\n|switch|p2a: Regidrago|Regidrago|100\/100\n|turn|1\n|\n|t:|1700099873\n|switch|p1a: Corviknight|Corviknight, M|100\/100\n|-ability|p1a: Corviknight|Pressure\n|move|p2a: Regidrago|Earth Power|p1a: Corviknight\n|-immune|p1a: Corviknight\n|\n|upkeep\n|turn|2\n|\n|t:|1700099888\n|switch|p2a: Corviknight|Corviknight, F|100\/100\n|-ability|p2a: Corviknight|Pressure\n|move|p1a: Corviknight|U-turn|p2a: Corviknight\n|-resisted|p2a: Corviknight\n|-damage|p2a: Corviknight|98\/100\n|-damage|p1a: Corviknight|84\/100|[from] item: Rocky Helmet|[of] p2a: Corviknight\n|\n|t:|1700099900\n|switch|p1a: Thundurus|Thundurus-Therian, M|100\/100|[from] U-turn\n|\n|upkeep\n|turn|3\n|\n|t:|1700099913\n|switch|p2a: Garchomp|Garchomp, M|100\/100\n|move|p1a: Thundurus|Nasty Plot|p1a: Thundurus\n|-boost|p1a: Thundurus|spa|2\n|\n|upkeep\n|turn|4\n|\n|t:|1700099922\n|-terastallize|p1a: Thundurus|Ice\n|move|p2a: Garchomp|Dragon Claw|p1a: Thundurus\n|-crit|p1a: Thundurus\n|-damage|p1a: Thundurus|14\/100\n|move|p1a: Thundurus|Tera Blast|p2a: Garchomp|[anim] Tera Blast Ice\n|-supereffective|p2a: Garchomp\n|-damage|p2a: Garchomp|0 fnt\n|faint|p2a: Garchomp\n|\n|upkeep\n|\n|t:|1700099934\n|switch|p2a: Dragapult|Dragapult, F|100\/100\n|turn|5\n|\n|t:|1700099939\n|move|p2a: Dragapult|Shadow Ball|p1a: Thundurus\n|-damage|p1a: Thundurus|0 fnt\n|faint|p1a: Thundurus\n|\n|upkeep\n|\n|t:|1700099951\n|switch|p1a: Corviknight|Corviknight, M|84\/100\n|-ability|p1a: Corviknight|Pressure\n|turn|6\n|\n|t:|1700099960\n|switch|p2a: Alomomola|Alomomola, F|100\/100\n|move|p1a: Corviknight|U-turn|p2a: Alomomola\n|-damage|p2a: Alomomola|92\/100\n|\n|t:|1700099966\n|switch|p1a: Ogerpon|Ogerpon-Wellspring, F|100\/100|[from] U-turn\n|\n|upkeep\n|turn|7\n|\n|t:|1700099977\n|switch|p2a: Corviknight|Corviknight, F|98\/100\n|-ability|p2a: Corviknight|Pressure\n|move|p1a: Ogerpon|Trailblaze|p2a: Corviknight\n|-resisted|p2a: Corviknight\n|-damage|p2a: Corviknight|94\/100\n|-boost|p1a: Ogerpon|spe|1\n|-damage|p1a: Ogerpon|84\/100|[from] item: Rocky Helmet|[of] p2a: Corviknight\n|\n|upkeep\n|turn|8\n|j| ReverieOfRapture\n|\n|t:|1700099998\n|switch|p1a: Landorus|Landorus-Therian, M|100\/100\n|-ability|p1a: Landorus|Intimidate|boost\n|-unboost|p2a: Corviknight|atk|1\n|move|p2a: Corviknight|Brave Bird|p1a: Landorus\n|-damage|p1a: Landorus|75\/100\n|-damage|p2a: Corviknight|86\/100|[from] Recoil\n|\n|-heal|p1a: Landorus|81\/100|[from] item: Leftovers\n|upkeep\n|turn|9\n|l| ReverieOfRapture\n|\n|t:|1700100011\n|move|p1a: Landorus|Stealth Rock|p2a: Corviknight\n|-sidestart|p2: punkmag|move: Stealth Rock\n|move|p2a: Corviknight|U-turn|p1a: Landorus\n|-resisted|p1a: Landorus\n|-damage|p1a: Landorus|76\/100\n|\n|t:|1700100030\n|switch|p2a: Alomomola|Alomomola, F|100\/100|[from] U-turn\n|\n|-heal|p1a: Landorus|82\/100|[from] item: Leftovers\n|upkeep\n|turn|10\n|\n|t:|1700100036\n|move|p1a: Landorus|U-turn|p2a: Alomomola\n|-damage|p2a: Alomomola|89\/100\n|\n|t:|1700100041\n|switch|p1a: Garchomp|Garchomp, F|100\/100|[from] U-turn\n|move|p2a: Alomomola|Wish|p2a: Alomomola\n|\n|upkeep\n|turn|11\n|\n|t:|1700100053\n|move|p1a: Garchomp|Substitute|p1a: Garchomp\n|-start|p1a: Garchomp|Substitute\n|-damage|p1a: Garchomp|76\/100\n|move|p2a: Alomomola|Chilling Water|p1a: Garchomp\n|-activate|p1a: Garchomp|move: Substitute|[damage]\n|\n|-heal|p2a: Alomomola|100\/100|[from] move: Wish|[wisher] Alomomola\n|upkeep\n|turn|12\n|\n|t:|1700100061\n|move|p1a: Garchomp|Swords Dance|p1a: Garchomp\n|-boost|p1a: Garchomp|atk|2\n|move|p2a: Alomomola|Flip Turn|p1a: Garchomp\n|-activate|p1a: Garchomp|move: Substitute|[damage]\n|\n|t:|1700100070\n|switch|p2a: Dragapult|Dragapult, F|100\/100|[from] Flip Turn\n|-damage|p2a: Dragapult|88\/100|[from] Stealth Rock\n|\n|upkeep\n|turn|13\n|\n|t:|1700100091\n|switch|p1a: Corviknight|Corviknight, M|84\/100\n|-ability|p1a: Corviknight|Pressure\n|move|p2a: Dragapult|U-turn|p1a: Corviknight\n|-resisted|p1a: Corviknight\n|-damage|p1a: Corviknight|81\/100\n|-damage|p2a: Dragapult|72\/100|[from] item: Rocky Helmet|[of] p1a: Corviknight\n|\n|t:|1700100101\n|switch|p2a: Corviknight|Corviknight, F|86\/100|[from] U-turn\n|-damage|p2a: Corviknight|73\/100|[from] Stealth Rock\n|-ability|p2a: Corviknight|Pressure\n|\n|upkeep\n|turn|14\n|\n|t:|1700100112\n|move|p2a: Corviknight|Defog|p1a: Corviknight\n|-unboost|p1a: Corviknight|evasion|1\n|-sideend|p2: punkmag|Stealth Rock|[from] move: Defog|[of] p2a: Corviknight\n|move|p1a: Corviknight|U-turn|p2a: Corviknight\n|-resisted|p2a: Corviknight\n|-damage|p2a: Corviknight|71\/100\n|-damage|p1a: Corviknight|65\/100|[from] item: Rocky Helmet|[of] p2a: Corviknight\n|\n|t:|1700100119\n|switch|p1a: Arcanine|Arcanine-Hisui, M|100\/100|[from] U-turn\n|\n|upkeep\n|turn|15\n|\n|t:|1700100125\n|switch|p2a: Alomomola|Alomomola, F|100\/100\n|move|p1a: Arcanine|Flare Blitz|p2a: Alomomola\n|-resisted|p2a: Alomomola\n|-damage|p2a: Alomomola|84\/100\n|\n|upkeep\n|turn|16\n|\n|t:|1700100135\n|switch|p1a: Ogerpon|Ogerpon-Wellspring, F|84\/100\n|move|p2a: Alomomola|Wish|p2a: Alomomola\n|\n|upkeep\n|turn|17\n|\n|t:|1700100146\n|switch|p2a: Corviknight|Corviknight, F|71\/100\n|-ability|p2a: Corviknight|Pressure\n|move|p1a: Ogerpon|Encore||[still]\n|-fail|p1a: Ogerpon\n|\n|-heal|p2a: Corviknight|100\/100|[from] move: Wish|[wisher] Alomomola\n|upkeep\n|turn|18\n|\n|t:|1700100155\n|move|p1a: Ogerpon|Ivy Cudgel|p2a: Corviknight|[anim] Ivy Cudgel Water\n|-damage|p2a: Corviknight|67\/100\n|move|p2a: Corviknight|U-turn|p1a: Ogerpon\n|-supereffective|p1a: Ogerpon\n|-damage|p1a: Ogerpon|45\/100\n|\n|t:|1700100166\n|switch|p2a: Hoopa|Hoopa|100\/100|[from] U-turn\n|\n|upkeep\n|turn|19\n|\n|t:|1700100178\n|move|p2a: Hoopa|Psychic|p1a: Ogerpon\n|-damage|p1a: Ogerpon|0 fnt\n|faint|p1a: Ogerpon\n|\n|upkeep\n|\n|t:|1700100185\n|switch|p1a: Arcanine|Arcanine-Hisui, M|100\/100\n|turn|20\n|\n|t:|1700100194\n|switch|p2a: Regidrago|Regidrago|100\/100\n|move|p1a: Arcanine|Head Smash|p2a: Regidrago|[miss]\n|-miss|p1a: Arcanine|p2a: Regidrago\n|\n|upkeep\n|turn|21\n|\n|t:|1700100202\n|move|p1a: Arcanine|Head Smash|p2a: Regidrago\n|-damage|p2a: Regidrago|20\/100\n|move|p2a: Regidrago|Draco Meteor|p1a: Arcanine\n|-crit|p1a: Arcanine\n|-damage|p1a: Arcanine|0 fnt\n|-unboost|p2a: Regidrago|spa|2\n|faint|p1a: Arcanine\n|\n|upkeep\n|\n|t:|1700100211\n|switch|p1a: Garchomp|Garchomp, F|76\/100\n|turn|22\n|\n|t:|1700100225\n|switch|p2a: Hoopa|Hoopa|100\/100\n|move|p1a: Garchomp|Substitute|p1a: Garchomp\n|-start|p1a: Garchomp|Substitute\n|-damage|p1a: Garchomp|51\/100\n|\n|upkeep\n|turn|23\n|\n|t:|1700100238\n|move|p2a: Hoopa|Psychic|p1a: Garchomp\n|-end|p1a: Garchomp|Substitute\n|move|p1a: Garchomp|Scale Shot|p2a: Hoopa\n|-damage|p2a: Hoopa|75\/100\n|-damage|p2a: Hoopa|51\/100\n|-damage|p2a: Hoopa|25\/100\n|-damage|p2a: Hoopa|0 fnt\n|faint|p2a: Hoopa\n|-hitcount|p2: Hoopa|4\n|-unboost|p1a: Garchomp|def|1\n|-boost|p1a: Garchomp|spe|1\n|\n|upkeep\n|\n|t:|1700100255\n|switch|p2a: Corviknight|Corviknight, F|67\/100\n|-ability|p2a: Corviknight|Pressure\n|turn|24\n|\n|t:|1700100263\n|move|p1a: Garchomp|Substitute|p1a: Garchomp\n|-start|p1a: Garchomp|Substitute\n|-damage|p1a: Garchomp|26\/100\n|move|p2a: Corviknight|Brave Bird|p1a: Garchomp\n|-end|p1a: Garchomp|Substitute\n|-damage|p2a: Corviknight|60\/100|[from] Recoil|[of] p1a: Garchomp\n|\n|upkeep\n|turn|25\n|\n|t:|1700100278\n|move|p1a: Garchomp|Scale Shot|p2a: Corviknight\n|-resisted|p2a: Corviknight\n|-damage|p2a: Corviknight|56\/100\n|-resisted|p2a: Corviknight\n|-damage|p2a: Corviknight|52\/100\n|-resisted|p2a: Corviknight\n|-damage|p2a: Corviknight|47\/100\n|-resisted|p2a: Corviknight\n|-damage|p2a: Corviknight|43\/100\n|-hitcount|p2a: Corviknight|4\n|-unboost|p1a: Garchomp|def|1\n|-boost|p1a: Garchomp|spe|1\n|move|p2a: Corviknight|Roost|p2a: Corviknight\n|-heal|p2a: Corviknight|93\/100\n|-singleturn|p2a: Corviknight|move: Roost\n|\n|upkeep\n|turn|26\n|\n|t:|1700100295\n|move|p1a: Garchomp|Swords Dance|p1a: Garchomp\n|-boost|p1a: Garchomp|atk|2\n|move|p2a: Corviknight|Brave Bird|p1a: Garchomp\n|-damage|p1a: Garchomp|0 fnt\n|-damage|p2a: Corviknight|81\/100|[from] ability: Rough Skin|[of] p1a: Garchomp\n|faint|p1a: Garchomp\n|-damage|p2a: Corviknight|73\/100|[from] Recoil\n|\n|upkeep\n|\n|t:|1700100304\n|switch|p1a: Corviknight|Corviknight, M|65\/100\n|-ability|p1a: Corviknight|Pressure\n|turn|27\n|-message|Silmarillion8 forfeited.\n|\n|win|punkmag\n|raw|Silmarillion8's rating: 1391 &rarr; <strong>1369<\/strong><br \/>(-22 for losing)\n|raw|punkmag's rating: 1362 &rarr; <strong>1384<\/strong><br \/>(+22 for winning)\n|l|\u2606Silmarillion8\n","uploadtime":1700100318,"views":7,"p1id":"silmarillion8","p2id":"punkmag","formatid":"gen9ou","rating":1369,"private":0,"password":""}