{"id":"gen9ou-1988763980","p1":"Annler_Regi","p2":"HxneyLovie","format":"[Gen 9] OU","log":"|j|\u2606Annler_Regi\n|j|\u2606HxneyLovie\n|t:|1699760086\n|gametype|singles\n|player|p1|Annler_Regi|selene|\n|player|p2|HxneyLovie|dawn-gen4pt|\n|teamsize|p1|6\n|teamsize|p2|6\n|gen|9\n|tier|[Gen 9] OU\n|rule|Sleep Clause Mod: Limit one foe put to sleep\n|rule|Species Clause: Limit one of each Pok\u00e9mon\n|rule|OHKO Clause: OHKO moves are banned\n|rule|Evasion Items Clause: Evasion items are banned\n|rule|Evasion Moves Clause: Evasion moves are banned\n|rule|Endless Battle Clause: Forcing endless battles is banned\n|rule|HP Percentage Mod: HP is shown in percentages\n|clearpoke\n|poke|p1|Meowscarada, M|\n|poke|p1|Klawf, F|\n|poke|p1|Garganacl, M|\n|poke|p1|Tinkaton, F|\n|poke|p1|Ceruledge, F|\n|poke|p1|Pawmot, F|\n|poke|p2|Piplup, F|\n|poke|p2|Delphox, F|\n|poke|p2|Meowscarada, M|\n|poke|p2|Blissey, F|\n|poke|p2|Tinkaton, F|\n|poke|p2|Hydreigon, M|\n|teampreview\n|inactive|Battle timer is ON: inactive players will automatically lose when time's up. (requested by Annler_Regi)\n|inactive|HxneyLovie has 270 seconds left.\n|\n|t:|1699760124\n|start\n|switch|p1a: Overshadowed|Ceruledge, F|100\/100\n|switch|p2a: Hydreigon|Hydreigon, M|100\/100\n|turn|1\n|\n|t:|1699760145\n|-terastallize|p2a: Hydreigon|Poison\n|move|p2a: Hydreigon|Dark Pulse|p1a: Overshadowed\n|-supereffective|p1a: Overshadowed\n|-damage|p1a: Overshadowed|15\/100\n|move|p1a: Overshadowed|Brick Break|p2a: Hydreigon\n|-resisted|p2a: Hydreigon\n|-damage|p2a: Hydreigon|84\/100\n|\n|upkeep\n|turn|2\n|inactive|Annler_Regi has 270 seconds left.\n|inactive|HxneyLovie has 270 seconds left.\n|\n|t:|1699760181\n|switch|p2a: Blissey|Blissey, F|100\/100\n|move|p1a: Overshadowed|Destiny Bond|p1a: Overshadowed\n|-singlemove|p1a: Overshadowed|Destiny Bond\n|\n|upkeep\n|turn|3\n|inactive|HxneyLovie has 270 seconds left.\n|\n|t:|1699760200\n|move|p1a: Overshadowed|Flame Charge|p2a: Blissey\n|-damage|p2a: Blissey|76\/100\n|-boost|p1a: Overshadowed|spe|1\n|move|p2a: Blissey|Stealth Rock|p1a: Overshadowed\n|-sidestart|p1: Annler_Regi|move: Stealth Rock\n|\n|-heal|p2a: Blissey|83\/100|[from] item: Leftovers\n|upkeep\n|turn|4\n|inactive|HxneyLovie has 270 seconds left.\n|\n|t:|1699760220\n|move|p1a: Overshadowed|Brick Break|p2a: Blissey\n|-supereffective|p2a: Blissey\n|-damage|p2a: Blissey|38\/100\n|move|p2a: Blissey|Thunder Wave|p1a: Overshadowed\n|-status|p1a: Overshadowed|par\n|\n|-heal|p2a: Blissey|44\/100|[from] item: Leftovers\n|upkeep\n|turn|5\n|\n|t:|1699760230\n|move|p1a: Overshadowed|Destiny Bond|p1a: Overshadowed\n|-singlemove|p1a: Overshadowed|Destiny Bond\n|move|p2a: Blissey|Soft-Boiled|p2a: Blissey\n|-heal|p2a: Blissey|94\/100\n|\n|-heal|p2a: Blissey|99\/100|[from] item: Leftovers\n|upkeep\n|turn|6\n|inactive|HxneyLovie has 270 seconds left.\n|inactive|Annler_Regi has 240 seconds left.\n|\n|t:|1699760275\n|switch|p2a: Piplup|Piplup, F|100\/100\n|cant|p1a: Overshadowed|par\n|\n|upkeep\n|turn|7\n|inactive|Annler_Regi has 240 seconds left.\n|\n|t:|1699760280\n|move|p1a: Overshadowed|Destiny Bond|p1a: Overshadowed\n|-singlemove|p1a: Overshadowed|Destiny Bond\n|move|p2a: Piplup|Hydro Pump|p1a: Overshadowed|[miss]\n|-miss|p2a: Piplup|p1a: Overshadowed\n|\n|upkeep\n|turn|8\n|inactive|Annler_Regi has 240 seconds left.\n|inactive|HxneyLovie has 240 seconds left.\n|inactive|Annler_Regi has 210 seconds left.\n|\n|t:|1699760330\n|switch|p2a: Blissey|Blissey, F|99\/100\n|move|p1a: Overshadowed|Swords Dance|p1a: Overshadowed\n|-boost|p1a: Overshadowed|atk|2\n|\n|-heal|p2a: Blissey|100\/100|[from] item: Leftovers\n|upkeep\n|turn|9\n|inactive|Annler_Regi has 210 seconds left.\n|\n|t:|1699760341\n|switch|p2a: Piplup|Piplup, F|100\/100\n|move|p1a: Overshadowed|Destiny Bond|p1a: Overshadowed\n|-singlemove|p1a: Overshadowed|Destiny Bond\n|\n|upkeep\n|turn|10\n|\n|t:|1699760346\n|move|p1a: Overshadowed|Brick Break|p2a: Piplup\n|-damage|p2a: Piplup|32\/100\n|move|p2a: Piplup|Haze|p2a: Piplup\n|-clearallboost\n|\n|upkeep\n|turn|11\n|\n|t:|1699760358\n|move|p1a: Overshadowed|Destiny Bond|p1a: Overshadowed\n|-singlemove|p1a: Overshadowed|Destiny Bond\n|move|p2a: Piplup|Hydro Pump|p1a: Overshadowed\n|-supereffective|p1a: Overshadowed\n|-damage|p1a: Overshadowed|0 fnt\n|faint|p1a: Overshadowed\n|-activate|p1a: Overshadowed|move: Destiny Bond\n|faint|p2a: Piplup\n|\n|upkeep\n|\n|t:|1699760381\n|switch|p1a: Hxney|Tinkaton, F|100\/100\n|switch|p2a: Blissey|Blissey, F|100\/100\n|-damage|p1a: Hxney|94\/100|[from] Stealth Rock\n|-ability|p1a: Hxney|Mold Breaker\n|turn|12\n|\n|t:|1699760387\n|move|p1a: Hxney|Stealth Rock|p2a: Blissey\n|-sidestart|p2: HxneyLovie|move: Stealth Rock\n|move|p2a: Blissey|Thunder Wave|p1a: Hxney\n|-status|p1a: Hxney|par\n|\n|upkeep\n|turn|13\n|\n|t:|1699760393\n|move|p2a: Blissey|Seismic Toss|p1a: Hxney\n|-damage|p1a: Hxney|68\/100 par\n|move|p1a: Hxney|Knock Off|p2a: Blissey\n|-damage|p2a: Blissey|85\/100\n|-enditem|p2a: Blissey|Leftovers|[from] move: Knock Off|[of] p1a: Hxney\n|\n|upkeep\n|turn|14\n|\n|t:|1699760399\n|move|p2a: Blissey|Seismic Toss|p1a: Hxney\n|-damage|p1a: Hxney|41\/100 par\n|move|p1a: Hxney|Reflect|p1a: Hxney\n|-sidestart|p1: Annler_Regi|Reflect\n|\n|upkeep\n|turn|15\n|\n|t:|1699760404\n|move|p2a: Blissey|Seismic Toss|p1a: Hxney\n|-damage|p1a: Hxney|14\/100 par\n|move|p1a: Hxney|Light Screen|p1a: Hxney\n|-sidestart|p1: Annler_Regi|move: Light Screen\n|\n|upkeep\n|turn|16\n|\n|t:|1699760409\n|move|p2a: Blissey|Seismic Toss|p1a: Hxney\n|-damage|p1a: Hxney|0 fnt\n|faint|p1a: Hxney\n|\n|upkeep\n|\n|t:|1699760414\n|switch|p1a: Piranha|Meowscarada, M|100\/100\n|-damage|p1a: Piranha|88\/100|[from] Stealth Rock\n|turn|17\n|\n|t:|1699760421\n|move|p1a: Piranha|Protect|p1a: Piranha\n|-start|p1a: Piranha|typechange|Normal|[from] ability: Protean\n|-singleturn|p1a: Piranha|Protect\n|move|p2a: Blissey|Thunder Wave|p1a: Piranha\n|-activate|p1a: Piranha|move: Protect\n|\n|-status|p1a: Piranha|brn|[from] item: Flame Orb\n|upkeep\n|turn|18\n|\n|t:|1699760427\n|move|p1a: Piranha|Facade|p2a: Blissey\n|-damage|p2a: Blissey|27\/100\n|move|p2a: Blissey|Thunder Wave||[still]\n|-fail|p2a: Blissey\n|\n|-damage|p1a: Piranha|82\/100 brn|[from] brn\n|upkeep\n|turn|19\n|\n|t:|1699760440\n|move|p1a: Piranha|Facade|p2a: Blissey\n|-damage|p2a: Blissey|0 fnt\n|faint|p2a: Blissey\n|\n|-damage|p1a: Piranha|76\/100 brn|[from] brn\n|upkeep\n|\n|t:|1699760451\n|switch|p2a: Tinkaton|Tinkaton, F|100\/100\n|-damage|p2a: Tinkaton|94\/100|[from] Stealth Rock\n|-ability|p2a: Tinkaton|Mold Breaker\n|turn|20\n|inactive|Annler_Regi has 270 seconds left.\n|\n|t:|1699760465\n|switch|p1a: Crustle 2.0|Klawf, F|100\/100\n|-damage|p1a: Crustle 2.0|88\/100|[from] Stealth Rock\n|move|p2a: Tinkaton|Swords Dance|p2a: Tinkaton\n|-boost|p2a: Tinkaton|atk|2\n|\n|upkeep\n|turn|21\n|\n|t:|1699760472\n|move|p2a: Tinkaton|Play Rough|p1a: Crustle 2.0\n|-damage|p1a: Crustle 2.0|39\/100\n|-ability|p1a: Crustle 2.0|Anger Shell|boost\n|-boost|p1a: Crustle 2.0|atk|1\n|-boost|p1a: Crustle 2.0|spa|1\n|-boost|p1a: Crustle 2.0|spe|1\n|-unboost|p1a: Crustle 2.0|def|1\n|-unboost|p1a: Crustle 2.0|spd|1\n|-damage|p2a: Tinkaton|84\/100|[from] item: Life Orb\n|move|p1a: Crustle 2.0|Endeavor|p2a: Tinkaton\n|-damage|p2a: Tinkaton|34\/100\n|\n|-sideend|p1: Annler_Regi|Reflect\n|upkeep\n|turn|22\n|\n|t:|1699760483\n|move|p1a: Crustle 2.0|Reversal|p2a: Tinkaton\n|-damage|p2a: Tinkaton|8\/100\n|move|p2a: Tinkaton|Gigaton Hammer|p1a: Crustle 2.0\n|-supereffective|p1a: Crustle 2.0\n|-damage|p1a: Crustle 2.0|0 fnt\n|faint|p1a: Crustle 2.0\n|-damage|p2a: Tinkaton|0 fnt|[from] item: Life Orb\n|faint|p2a: Tinkaton\n|\n|-sideend|p1: Annler_Regi|move: Light Screen\n|upkeep\n|inactive|HxneyLovie has 270 seconds left.\n|\n|t:|1699760516\n|switch|p2a: Meowscarada|Meowscarada, M|100\/100\n|switch|p1a: Cheap Bear|Garganacl, M|100\/100\n|-damage|p2a: Meowscarada|88\/100|[from] Stealth Rock\n|-damage|p1a: Cheap Bear|88\/100|[from] Stealth Rock\n|turn|23\n|inactive|Annler_Regi has 270 seconds left.\n|inactive|HxneyLovie has 270 seconds left.\n|inactive|Annler_Regi has 240 seconds left.\n|\n|t:|1699760568\n|-terastallize|p1a: Cheap Bear|Normal\n|move|p2a: Meowscarada|Knock Off|p1a: Cheap Bear\n|-damage|p1a: Cheap Bear|59\/100\n|-enditem|p1a: Cheap Bear|Flame Orb|[from] move: Knock Off|[of] p2a: Meowscarada\n|move|p1a: Cheap Bear|Recover|p1a: Cheap Bear\n|-heal|p1a: Cheap Bear|100\/100\n|\n|upkeep\n|turn|24\n|inactive|Annler_Regi has 240 seconds left.\n|\n|t:|1699760576\n|move|p2a: Meowscarada|Spikes|p1a: Cheap Bear\n|-sidestart|p1: Annler_Regi|Spikes\n|move|p1a: Cheap Bear|Salt Cure|p2a: Meowscarada\n|-damage|p2a: Meowscarada|57\/100\n|-start|p2a: Meowscarada|Salt Cure\n|\n|-damage|p2a: Meowscarada|45\/100|[from] Salt Cure\n|upkeep\n|turn|25\n|\n|t:|1699760586\n|switch|p2a: Delphox|Delphox, F|100\/100\n|-damage|p2a: Delphox|76\/100|[from] Stealth Rock\n|-item|p2a: Delphox|Air Balloon\n|move|p1a: Cheap Bear|Salt Cure|p2a: Delphox\n|-supereffective|p2a: Delphox\n|-damage|p2a: Delphox|15\/100\n|-start|p2a: Delphox|Salt Cure\n|-enditem|p2a: Delphox|Air Balloon\n|\n|-damage|p2a: Delphox|3\/100|[from] Salt Cure\n|upkeep\n|turn|26\n|\n|t:|1699760596\n|move|p1a: Cheap Bear|Protect|p1a: Cheap Bear\n|-singleturn|p1a: Cheap Bear|Protect\n|move|p2a: Delphox|Focus Blast|p1a: Cheap Bear\n|-activate|p1a: Cheap Bear|move: Protect\n|\n|-damage|p2a: Delphox|0 fnt|[from] Salt Cure\n|faint|p2a: Delphox\n|upkeep\n|\n|t:|1699760602\n|switch|p2a: Meowscarada|Meowscarada, M|45\/100\n|-damage|p2a: Meowscarada|33\/100|[from] Stealth Rock\n|turn|27\n|\n|t:|1699760609\n|move|p2a: Meowscarada|Flower Trick|p1a: Cheap Bear\n|-crit|p1a: Cheap Bear\n|-damage|p1a: Cheap Bear|51\/100\n|move|p1a: Cheap Bear|Salt Cure|p2a: Meowscarada\n|-damage|p2a: Meowscarada|3\/100\n|-start|p2a: Meowscarada|Salt Cure\n|\n|-damage|p2a: Meowscarada|0 fnt|[from] Salt Cure\n|faint|p2a: Meowscarada\n|upkeep\n|\n|t:|1699760613\n|switch|p2a: Hydreigon|Hydreigon, M, tera:Poison|84\/100\n|-damage|p2a: Hydreigon|72\/100|[from] Stealth Rock\n|turn|28\n|inactive|Annler_Regi has 270 seconds left.\n|\n|t:|1699760620\n|move|p2a: Hydreigon|Flamethrower|p1a: Cheap Bear\n|-damage|p1a: Cheap Bear|21\/100\n|move|p1a: Cheap Bear|Salt Cure|p2a: Hydreigon\n|-damage|p2a: Hydreigon|50\/100\n|-start|p2a: Hydreigon|Salt Cure\n|\n|-damage|p2a: Hydreigon|38\/100|[from] Salt Cure\n|upkeep\n|turn|29\n|\n|t:|1699760623\n|move|p1a: Cheap Bear|Protect|p1a: Cheap Bear\n|-singleturn|p1a: Cheap Bear|Protect\n|move|p2a: Hydreigon|Flamethrower|p1a: Cheap Bear\n|-activate|p1a: Cheap Bear|move: Protect\n|\n|-damage|p2a: Hydreigon|26\/100|[from] Salt Cure\n|upkeep\n|turn|30\n|inactive|Annler_Regi has 270 seconds left.\n|\n|t:|1699760652\n|switch|p1a: Lil' Gremlin|Pawmot, F|100\/100\n|-damage|p1a: Lil' Gremlin|94\/100|[from] Stealth Rock\n|-damage|p1a: Lil' Gremlin|82\/100|[from] Spikes\n|move|p2a: Hydreigon|Flamethrower|p1a: Lil' Gremlin\n|-damage|p1a: Lil' Gremlin|37\/100\n|\n|-damage|p2a: Hydreigon|13\/100|[from] Salt Cure\n|upkeep\n|turn|31\n|inactive|Annler_Regi has 270 seconds left.\n|\n|t:|1699760663\n|move|p2a: Hydreigon|Flamethrower|p1a: Lil' Gremlin\n|-damage|p1a: Lil' Gremlin|0 fnt\n|faint|p1a: Lil' Gremlin\n|\n|-damage|p2a: Hydreigon|1\/100|[from] Salt Cure\n|upkeep\n|\n|t:|1699760665\n|switch|p1a: Cheap Bear|Garganacl, M, tera:Normal|21\/100\n|-damage|p1a: Cheap Bear|9\/100|[from] Stealth Rock\n|-damage|p1a: Cheap Bear|0 fnt|[from] Spikes\n|faint|p1a: Cheap Bear\n|\n|t:|1699760668\n|switch|p1a: Piranha|Meowscarada, M|76\/100 brn\n|-damage|p1a: Piranha|64\/100 brn|[from] Stealth Rock\n|-damage|p1a: Piranha|52\/100 brn|[from] Spikes\n|turn|32\n|\n|t:|1699760673\n|move|p1a: Piranha|Protect|p1a: Piranha\n|-start|p1a: Piranha|typechange|Normal|[from] ability: Protean\n|-singleturn|p1a: Piranha|Protect\n|move|p2a: Hydreigon|Flamethrower|p1a: Piranha\n|-activate|p1a: Piranha|move: Protect\n|\n|-damage|p1a: Piranha|46\/100 brn|[from] brn\n|-damage|p2a: Hydreigon|0 fnt|[from] Salt Cure\n|faint|p2a: Hydreigon\n|\n|win|Annler_Regi\n|upkeep\n|l|\u2606HxneyLovie\n","uploadtime":1699760881,"views":11,"p1id":"annlerregi","p2id":"hxneylovie","formatid":"gen9ou","rating":0,"private":0,"password":""}