{"id":"gen9ou-1992518481","p1":"CrushMeGoodra","p2":"ArbysDealer23","format":"[Gen 9] OU","log":"|j|\u2606CrushMeGoodra\n|j|\u2606ArbysDealer23\n|t:|1700198417\n|gametype|singles\n|player|p1|CrushMeGoodra|poppy|\n|player|p2|ArbysDealer23|clair|\n|teamsize|p1|6\n|teamsize|p2|6\n|gen|9\n|tier|[Gen 9] OU\n|rule|Sleep Clause Mod: Limit one foe put to sleep\n|rule|Species Clause: Limit one of each Pok\u00e9mon\n|rule|OHKO Clause: OHKO moves are banned\n|rule|Evasion Items Clause: Evasion items are banned\n|rule|Evasion Moves Clause: Evasion moves are banned\n|rule|Endless Battle Clause: Forcing endless battles is banned\n|rule|HP Percentage Mod: HP is shown in percentages\n|clearpoke\n|poke|p1|Samurott-Hisui, M|\n|poke|p1|Iron Moth|\n|poke|p1|Breloom, M|\n|poke|p1|Sandy Shocks|\n|poke|p1|Espeon, M|\n|poke|p1|Donphan, M|\n|poke|p2|Sneasler, M|\n|poke|p2|Manaphy|\n|poke|p2|Salamence, F|\n|poke|p2|Meowscarada, F|\n|poke|p2|Ambipom, F|\n|poke|p2|Mudsdale, F|\n|teampreview\n|\n|t:|1700198436\n|start\n|switch|p1a: The Guys|Sandy Shocks|100\/100\n|switch|p2a: Miraidon Wannabee|Ambipom, F|100\/100\n|-enditem|p1a: The Guys|Booster Energy\n|-activate|p1a: The Guys|ability: Protosynthesis|[fromitem]\n|-start|p1a: The Guys|protosynthesisspe\n|turn|1\n|\n|t:|1700198447\n|move|p2a: Miraidon Wannabee|Fake Out|p1a: The Guys\n|-damage|p1a: The Guys|71\/100\n|cant|p1a: The Guys|flinch\n|\n|upkeep\n|turn|2\n|\n|t:|1700198455\n|move|p1a: The Guys|Stealth Rock|p2a: Miraidon Wannabee\n|-sidestart|p2: ArbysDealer23|move: Stealth Rock\n|move|p2a: Miraidon Wannabee|Double Hit|p1a: The Guys\n|-damage|p1a: The Guys|44\/100\n|-damage|p1a: The Guys|18\/100\n|-hitcount|p1a: The Guys|2\n|\n|upkeep\n|turn|3\n|\n|t:|1700198463\n|move|p1a: The Guys|Thunderbolt|p2a: Miraidon Wannabee\n|-damage|p2a: Miraidon Wannabee|60\/100\n|move|p2a: Miraidon Wannabee|Double Hit|p1a: The Guys\n|-damage|p1a: The Guys|0 fnt\n|faint|p1a: The Guys\n|-end|p1a: The Guys|Protosynthesis|[silent]\n|-hitcount|p1: The Guys|1\n|\n|upkeep\n|\n|t:|1700198477\n|switch|p1a: One Piece|Samurott-Hisui, M|100\/100\n|turn|4\n|\n|t:|1700198481\n|move|p1a: One Piece|Ceaseless Edge|p2a: Miraidon Wannabee\n|-damage|p2a: Miraidon Wannabee|3\/100\n|-sidestart|p2: ArbysDealer23|Spikes\n|move|p2a: Miraidon Wannabee|Brick Break|p1a: One Piece\n|-supereffective|p1a: One Piece\n|-damage|p1a: One Piece|41\/100\n|\n|upkeep\n|turn|5\n|\n|t:|1700198514\n|move|p1a: One Piece|Ceaseless Edge|p2a: Miraidon Wannabee\n|-damage|p2a: Miraidon Wannabee|0 fnt\n|-sidestart|p2: ArbysDealer23|Spikes\n|faint|p2a: Miraidon Wannabee\n|\n|upkeep\n|\n|t:|1700198524\n|switch|p2a: Miraidon Wannabeee|Meowscarada, F|100\/100\n|turn|6\n|\n|t:|1700198535\n|move|p1a: One Piece|Ceaseless Edge|p2a: Miraidon Wannabeee\n|-resisted|p2a: Miraidon Wannabeee\n|-damage|p2a: Miraidon Wannabeee|65\/100\n|-sidestart|p2: ArbysDealer23|Spikes\n|move|p2a: Miraidon Wannabeee|Spikes|p1a: One Piece\n|-sidestart|p1: CrushMeGoodra|Spikes\n|\n|upkeep\n|turn|7\n|\n|t:|1700198545\n|move|p1a: One Piece|Ceaseless Edge|p2a: Miraidon Wannabeee\n|-resisted|p2a: Miraidon Wannabeee\n|-damage|p2a: Miraidon Wannabeee|32\/100\n|move|p2a: Miraidon Wannabeee|Flower Trick|p1a: One Piece\n|-supereffective|p1a: One Piece\n|-crit|p1a: One Piece\n|-damage|p1a: One Piece|0 fnt\n|faint|p1a: One Piece\n|\n|upkeep\n|\n|t:|1700198567\n|switch|p1a: The DON|Donphan, M, shiny|100\/100\n|turn|8\n|\n|t:|1700198577\n|move|p2a: Miraidon Wannabeee|Flower Trick|p1a: The DON\n|-supereffective|p1a: The DON\n|-crit|p1a: The DON\n|-ability|p1a: The DON|Sturdy\n|-damage|p1a: The DON|1\/100\n|move|p1a: The DON|Rapid Spin|p2a: Miraidon Wannabeee\n|-damage|p2a: Miraidon Wannabeee|3\/100\n|-boost|p1a: The DON|spe|1\n|-sideend|p1: CrushMeGoodra|Spikes|[from] move: Rapid Spin|[of] p1a: The DON\n|\n|upkeep\n|turn|9\n|\n|t:|1700198590\n|move|p1a: The DON|Ice Shard|p2a: Miraidon Wannabeee\n|-supereffective|p2a: Miraidon Wannabeee\n|-crit|p2a: Miraidon Wannabeee\n|-damage|p2a: Miraidon Wannabeee|0 fnt\n|faint|p2a: Miraidon Wannabeee\n|\n|upkeep\n|\n|t:|1700198600\n|switch|p2a: MiraidonWannabeee|Sneasler, M|100\/100\n|-damage|p2a: MiraidonWannabeee|95\/100|[from] Stealth Rock\n|-damage|p2a: MiraidonWannabeee|70\/100|[from] Spikes\n|-ability|p2a: MiraidonWannabeee|Pressure\n|turn|10\n|\n|t:|1700198607\n|move|p2a: MiraidonWannabeee|Fake Out|p1a: The DON\n|-damage|p1a: The DON|0 fnt\n|faint|p1a: The DON\n|-damage|p2a: MiraidonWannabeee|60\/100|[from] item: Life Orb\n|\n|upkeep\n|\n|t:|1700198618\n|switch|p1a: Tight Cookie|Espeon, M|100\/100\n|turn|11\n|\n|t:|1700198623\n|move|p2a: MiraidonWannabeee|Gunk Shot|p1a: Tight Cookie\n|-damage|p1a: Tight Cookie|0 fnt\n|faint|p1a: Tight Cookie\n|-damage|p2a: MiraidonWannabeee|50\/100|[from] item: Life Orb\n|\n|upkeep\n|\n|t:|1700198647\n|switch|p1a: Victory Moth|Iron Moth|100\/100\n|-enditem|p1a: Victory Moth|Booster Energy\n|-activate|p1a: Victory Moth|ability: Quark Drive|[fromitem]\n|-start|p1a: Victory Moth|quarkdrivespe\n|turn|12\n|\n|t:|1700198658\n|move|p1a: Victory Moth|Fiery Dance|p2a: MiraidonWannabeee\n|-damage|p2a: MiraidonWannabeee|0 fnt\n|faint|p2a: MiraidonWannabeee\n|\n|upkeep\n|\n|t:|1700198663\n|switch|p2a: MiraidonWannabee|Manaphy|100\/100\n|-damage|p2a: MiraidonWannabee|88\/100|[from] Stealth Rock\n|-damage|p2a: MiraidonWannabee|63\/100|[from] Spikes\n|turn|13\n|j| S3PP1\n|\n|t:|1700198679\n|-terastallize|p1a: Victory Moth|Grass\n|-terastallize|p2a: MiraidonWannabee|Water\n|move|p1a: Victory Moth|Energy Ball|p2a: MiraidonWannabee\n|-supereffective|p2a: MiraidonWannabee\n|-damage|p2a: MiraidonWannabee|0 fnt\n|faint|p2a: MiraidonWannabee\n|\n|upkeep\n|\n|t:|1700198687\n|switch|p2a: MiraidonWannabe|Salamence, F|100\/100\n|-ability|p2a: MiraidonWannabe|Intimidate|boost\n|-unboost|p1a: Victory Moth|atk|1\n|turn|14\n|\n|t:|1700198696\n|move|p1a: Victory Moth|Substitute|p1a: Victory Moth\n|-start|p1a: Victory Moth|Substitute\n|-damage|p1a: Victory Moth|76\/100\n|move|p2a: MiraidonWannabe|Air Slash|p1a: Victory Moth\n|-supereffective|p1a: Victory Moth\n|-end|p1a: Victory Moth|Substitute\n|\n|upkeep\n|turn|15\n|\n|t:|1700198702\n|move|p1a: Victory Moth|Substitute|p1a: Victory Moth\n|-start|p1a: Victory Moth|Substitute\n|-damage|p1a: Victory Moth|51\/100\n|move|p2a: MiraidonWannabe|Air Slash|p1a: Victory Moth\n|-supereffective|p1a: Victory Moth\n|-end|p1a: Victory Moth|Substitute\n|\n|upkeep\n|turn|16\n|\n|t:|1700198707\n|move|p1a: Victory Moth|Substitute|p1a: Victory Moth\n|-start|p1a: Victory Moth|Substitute\n|-damage|p1a: Victory Moth|26\/100\n|move|p2a: MiraidonWannabe|Air Slash|p1a: Victory Moth\n|-supereffective|p1a: Victory Moth\n|-end|p1a: Victory Moth|Substitute\n|\n|upkeep\n|turn|17\n|\n|t:|1700198714\n|move|p1a: Victory Moth|Sludge Wave|p2a: MiraidonWannabe\n|-crit|p2a: MiraidonWannabe\n|-damage|p2a: MiraidonWannabe|31\/100\n|move|p2a: MiraidonWannabe|Air Slash|p1a: Victory Moth\n|-supereffective|p1a: Victory Moth\n|-damage|p1a: Victory Moth|0 fnt\n|faint|p1a: Victory Moth\n|-end|p1a: Victory Moth|Quark Drive|[silent]\n|\n|upkeep\n|\n|t:|1700198717\n|switch|p1a: Fun Guy|Breloom, M|100\/100\n|turn|18\n|\n|t:|1700198726\n|move|p1a: Fun Guy|Mach Punch|p2a: MiraidonWannabe\n|-resisted|p2a: MiraidonWannabe\n|-damage|p2a: MiraidonWannabe|15\/100\n|move|p2a: MiraidonWannabe|Air Slash|p1a: Fun Guy\n|-supereffective|p1a: Fun Guy\n|-enditem|p1a: Fun Guy|Focus Sash\n|-damage|p1a: Fun Guy|1\/100\n|\n|upkeep\n|turn|19\n|\n|t:|1700198734\n|move|p1a: Fun Guy|Mach Punch|p2a: MiraidonWannabe\n|-resisted|p2a: MiraidonWannabe\n|-crit|p2a: MiraidonWannabe\n|-damage|p2a: MiraidonWannabe|0 fnt\n|faint|p2a: MiraidonWannabe\n|\n|upkeep\n|\n|t:|1700198738\n|switch|p2a: Miraidon Wannabe|Mudsdale, F|100\/100\n|-damage|p2a: Miraidon Wannabe|94\/100|[from] Stealth Rock\n|-damage|p2a: Miraidon Wannabe|69\/100|[from] Spikes\n|turn|20\n|\n|t:|1700198745\n|move|p1a: Fun Guy|Spore|p2a: Miraidon Wannabe\n|-status|p2a: Miraidon Wannabe|slp|[from] move: Spore\n|cant|p2a: Miraidon Wannabe|slp\n|\n|-heal|p2a: Miraidon Wannabe|75\/100 slp|[from] item: Leftovers\n|upkeep\n|turn|21\n|\n|t:|1700198752\n|move|p1a: Fun Guy|Swords Dance|p1a: Fun Guy\n|-boost|p1a: Fun Guy|atk|2\n|cant|p2a: Miraidon Wannabe|slp\n|\n|-heal|p2a: Miraidon Wannabe|82\/100 slp|[from] item: Leftovers\n|upkeep\n|turn|22\n|\n|t:|1700198759\n|move|p1a: Fun Guy|Bullet Seed|p2a: Miraidon Wannabe\n|-supereffective|p2a: Miraidon Wannabe\n|-damage|p2a: Miraidon Wannabe|7\/100 slp\n|-ability|p2a: Miraidon Wannabe|Stamina|boost\n|-boost|p2a: Miraidon Wannabe|def|1\n|-supereffective|p2a: Miraidon Wannabe\n|-damage|p2a: Miraidon Wannabe|0 fnt\n|faint|p2a: Miraidon Wannabe\n|-hitcount|p2: Miraidon Wannabe|2\n|\n|win|CrushMeGoodra\n","uploadtime":1700198771,"views":8,"p1id":"crushmegoodra","p2id":"arbysdealer23","formatid":"gen9ou","rating":0,"private":0,"password":""}