{"id":"gen9ou-1988696332","p1":"Herris456","p2":"ratatta17","format":"[Gen 9] OU","log":"|j|\u2606Herris456\n|j|\u2606ratatta17\n|t:|1699751809\n|gametype|singles\n|player|p1|Herris456|pokekid|1469\n|player|p2|ratatta17|1|1485\n|teamsize|p1|6\n|teamsize|p2|6\n|gen|9\n|tier|[Gen 9] OU\n|rated|\n|rule|Sleep Clause Mod: Limit one foe put to sleep\n|rule|Species Clause: Limit one of each Pok\u00e9mon\n|rule|OHKO Clause: OHKO moves are banned\n|rule|Evasion Items Clause: Evasion items are banned\n|rule|Evasion Moves Clause: Evasion moves are banned\n|rule|Endless Battle Clause: Forcing endless battles is banned\n|rule|HP Percentage Mod: HP is shown in percentages\n|clearpoke\n|poke|p1|Gliscor, M|\n|poke|p1|Gholdengo|\n|poke|p1|Ogerpon-Wellspring, F|\n|poke|p1|Great Tusk|\n|poke|p1|Iron Moth|\n|poke|p1|Blissey, F|\n|poke|p2|Azumarill, M|\n|poke|p2|Staraptor, F|\n|poke|p2|Toedscruel, F|\n|poke|p2|Skeledirge, F|\n|poke|p2|Ninetales-Alola, F|\n|poke|p2|Iron Valiant|\n|teampreview\n|inactive|Battle timer is ON: inactive players will automatically lose when time's up. (requested by ratatta17)\n|\n|t:|1699751825\n|start\n|switch|p1a: Blissey|Blissey, F|100\/100\n|switch|p2a: Toedscruel|Toedscruel, F|100\/100\n|turn|1\n|\n|t:|1699751828\n|move|p2a: Toedscruel|Knock Off|p1a: Blissey\n|-damage|p1a: Blissey|65\/100\n|-enditem|p1a: Blissey|Expert Belt|[from] move: Knock Off|[of] p2a: Toedscruel\n|move|p1a: Blissey|Ice Beam|p2a: Toedscruel\n|-supereffective|p2a: Toedscruel\n|-crit|p2a: Toedscruel\n|-damage|p2a: Toedscruel|0 fnt\n|faint|p2a: Toedscruel\n|\n|upkeep\n|\n|t:|1699751837\n|switch|p2a: Staraptor|Staraptor, F|100\/100\n|-ability|p2a: Staraptor|Intimidate|boost\n|-unboost|p1a: Blissey|atk|1\n|turn|2\n|\n|t:|1699751843\n|switch|p1a: Gliscor|Gliscor, M|100\/100\n|move|p2a: Staraptor|Final Gambit|p1a: Gliscor\n|-damage|p1a: Gliscor|0 fnt\n|faint|p2a: Staraptor\n|faint|p1a: Gliscor\n|\n|upkeep\n|\n|t:|1699751858\n|switch|p2a: Iron Valiant|Iron Valiant|100\/100\n|switch|p1a: Iron Moth|Iron Moth|100\/100\n|-enditem|p1a: Iron Moth|Booster Energy\n|-activate|p1a: Iron Moth|ability: Quark Drive|[fromitem]\n|-start|p1a: Iron Moth|quarkdrivespe\n|turn|3\n|\n|t:|1699751862\n|-end|p2a: Iron Valiant|Quark Drive|[silent]\n|switch|p2a: Skeledirge|Skeledirge, F|100\/100\n|move|p1a: Iron Moth|Sludge Wave|p2a: Skeledirge\n|-resisted|p2a: Skeledirge\n|-damage|p2a: Skeledirge|84\/100\n|\n|-heal|p2a: Skeledirge|90\/100|[from] item: Leftovers\n|upkeep\n|turn|4\n|\n|t:|1699751877\n|-end|p1a: Iron Moth|Quark Drive|[silent]\n|switch|p1a: Ogerpon|Ogerpon-Wellspring, F|100\/100\n|move|p2a: Skeledirge|Torch Song|p1a: Ogerpon\n|-damage|p1a: Ogerpon|65\/100\n|-boost|p2a: Skeledirge|spa|1\n|\n|-heal|p2a: Skeledirge|96\/100|[from] item: Leftovers\n|upkeep\n|turn|5\n|\n|t:|1699751888\n|-terastallize|p2a: Skeledirge|Dragon\n|move|p1a: Ogerpon|Knock Off|p2a: Skeledirge\n|-damage|p2a: Skeledirge|62\/100\n|-enditem|p2a: Skeledirge|Leftovers|[from] move: Knock Off|[of] p1a: Ogerpon\n|move|p2a: Skeledirge|Will-O-Wisp|p1a: Ogerpon\n|-status|p1a: Ogerpon|brn\n|\n|-damage|p1a: Ogerpon|59\/100 brn|[from] brn\n|upkeep\n|turn|6\n|\n|t:|1699751898\n|move|p1a: Ogerpon|U-turn|p2a: Skeledirge\n|-damage|p2a: Skeledirge|51\/100\n|\n|t:|1699751900\n|switch|p1a: Blissey|Blissey, F|65\/100|[from] U-turn\n|move|p2a: Skeledirge|Torch Song|p1a: Blissey\n|-damage|p1a: Blissey|50\/100\n|-boost|p2a: Skeledirge|spa|1\n|\n|upkeep\n|turn|7\n|\n|t:|1699751905\n|move|p2a: Skeledirge|Slack Off|p2a: Skeledirge\n|-heal|p2a: Skeledirge|100\/100\n|move|p1a: Blissey|Ice Beam|p2a: Skeledirge\n|-supereffective|p2a: Skeledirge\n|-damage|p2a: Skeledirge|67\/100\n|\n|upkeep\n|turn|8\n|\n|t:|1699751910\n|move|p2a: Skeledirge|Will-O-Wisp|p1a: Blissey\n|-status|p1a: Blissey|brn\n|move|p1a: Blissey|Ice Beam|p2a: Skeledirge\n|-supereffective|p2a: Skeledirge\n|-damage|p2a: Skeledirge|35\/100\n|\n|-damage|p1a: Blissey|44\/100 brn|[from] brn\n|upkeep\n|turn|9\n|\n|t:|1699751913\n|move|p2a: Skeledirge|Slack Off|p2a: Skeledirge\n|-heal|p2a: Skeledirge|85\/100\n|move|p1a: Blissey|Soft-Boiled|p1a: Blissey\n|-heal|p1a: Blissey|94\/100 brn\n|\n|-damage|p1a: Blissey|87\/100 brn|[from] brn\n|upkeep\n|turn|10\n|\n|t:|1699751920\n|move|p2a: Skeledirge|Torch Song|p1a: Blissey\n|-damage|p1a: Blissey|68\/100 brn\n|-boost|p2a: Skeledirge|spa|1\n|move|p1a: Blissey|Ice Beam|p2a: Skeledirge\n|-supereffective|p2a: Skeledirge\n|-damage|p2a: Skeledirge|49\/100\n|\n|-damage|p1a: Blissey|62\/100 brn|[from] brn\n|upkeep\n|turn|11\n|\n|t:|1699751923\n|move|p2a: Skeledirge|Slack Off|p2a: Skeledirge\n|-heal|p2a: Skeledirge|99\/100\n|move|p1a: Blissey|Ice Beam|p2a: Skeledirge\n|-supereffective|p2a: Skeledirge\n|-damage|p2a: Skeledirge|63\/100\n|\n|-damage|p1a: Blissey|56\/100 brn|[from] brn\n|upkeep\n|turn|12\n|\n|t:|1699751926\n|move|p2a: Skeledirge|Torch Song|p1a: Blissey\n|-damage|p1a: Blissey|31\/100 brn\n|-boost|p2a: Skeledirge|spa|1\n|move|p1a: Blissey|Soft-Boiled|p1a: Blissey\n|-heal|p1a: Blissey|81\/100 brn\n|\n|-damage|p1a: Blissey|75\/100 brn|[from] brn\n|upkeep\n|turn|13\n|\n|t:|1699751931\n|move|p2a: Skeledirge|Slack Off|p2a: Skeledirge\n|-heal|p2a: Skeledirge|100\/100\n|move|p1a: Blissey|Ice Beam|p2a: Skeledirge\n|-supereffective|p2a: Skeledirge\n|-damage|p2a: Skeledirge|68\/100\n|-status|p2a: Skeledirge|frz\n|\n|-damage|p1a: Blissey|69\/100 brn|[from] brn\n|upkeep\n|turn|14\n|\n|t:|1699751935\n|cant|p2a: Skeledirge|frz\n|move|p1a: Blissey|Ice Beam|p2a: Skeledirge\n|-supereffective|p2a: Skeledirge\n|-damage|p2a: Skeledirge|36\/100 frz\n|\n|-damage|p1a: Blissey|63\/100 brn|[from] brn\n|upkeep\n|turn|15\n|\n|t:|1699751941\n|cant|p2a: Skeledirge|frz\n|move|p1a: Blissey|Ice Beam|p2a: Skeledirge\n|-supereffective|p2a: Skeledirge\n|-damage|p2a: Skeledirge|2\/100 frz\n|\n|-damage|p1a: Blissey|56\/100 brn|[from] brn\n|upkeep\n|turn|16\n|\n|t:|1699751947\n|switch|p2a: Ninetales|Ninetales-Alola, F|100\/100\n|-weather|Snow|[from] ability: Snow Warning|[of] p2a: Ninetales\n|move|p1a: Blissey|Soft-Boiled|p1a: Blissey\n|-heal|p1a: Blissey|100\/100 brn\n|\n|-weather|Snow|[upkeep]\n|-damage|p1a: Blissey|94\/100 brn|[from] brn\n|upkeep\n|turn|17\n|\n|t:|1699751950\n|move|p2a: Ninetales|Aurora Veil|p2a: Ninetales\n|-sidestart|p2: ratatta17|move: Aurora Veil\n|move|p1a: Blissey|Flamethrower|p2a: Ninetales\n|-supereffective|p2a: Ninetales\n|-damage|p2a: Ninetales|85\/100\n|\n|-weather|Snow|[upkeep]\n|-damage|p1a: Blissey|88\/100 brn|[from] brn\n|upkeep\n|turn|18\n|\n|t:|1699751954\n|move|p2a: Ninetales|Encore|p1a: Blissey\n|-start|p1a: Blissey|Encore\n|move|p1a: Blissey|Flamethrower|p2a: Ninetales\n|-supereffective|p2a: Ninetales\n|-damage|p2a: Ninetales|69\/100\n|\n|-weather|Snow|[upkeep]\n|-damage|p1a: Blissey|82\/100 brn|[from] brn\n|upkeep\n|turn|19\n|\n|t:|1699751957\n|switch|p2a: Azumarill|Azumarill, M|100\/100\n|move|p1a: Blissey|Flamethrower|p2a: Azumarill\n|-resisted|p2a: Azumarill\n|-damage|p2a: Azumarill|95\/100\n|\n|-weather|Snow|[upkeep]\n|-damage|p1a: Blissey|76\/100 brn|[from] brn\n|upkeep\n|turn|20\n|\n|t:|1699751962\n|move|p1a: Blissey|Flamethrower|p2a: Azumarill\n|-resisted|p2a: Azumarill\n|-damage|p2a: Azumarill|89\/100\n|-status|p2a: Azumarill|brn\n|move|p2a: Azumarill|Play Rough|p1a: Blissey\n|-damage|p1a: Blissey|14\/100 brn\n|\n|-weather|none\n|-damage|p1a: Blissey|8\/100 brn|[from] brn\n|-damage|p2a: Azumarill|83\/100 brn|[from] brn\n|-end|p1a: Blissey|Encore\n|upkeep\n|turn|21\n|\n|t:|1699751970\n|move|p1a: Blissey|Thunderbolt|p2a: Azumarill\n|-supereffective|p2a: Azumarill\n|-damage|p2a: Azumarill|57\/100 brn\n|move|p2a: Azumarill|Belly Drum|p2a: Azumarill\n|-damage|p2a: Azumarill|7\/100 brn\n|-setboost|p2a: Azumarill|atk|6|[from] move: Belly Drum\n|-enditem|p2a: Azumarill|Sitrus Berry|[eat]\n|-heal|p2a: Azumarill|32\/100 brn|[from] item: Sitrus Berry\n|\n|-damage|p1a: Blissey|2\/100 brn|[from] brn\n|-damage|p2a: Azumarill|26\/100 brn|[from] brn\n|upkeep\n|turn|22\n|\n|t:|1699751978\n|move|p2a: Azumarill|Aqua Jet|p1a: Blissey\n|-damage|p1a: Blissey|0 fnt\n|faint|p1a: Blissey\n|\n|-damage|p2a: Azumarill|20\/100 brn|[from] brn\n|upkeep\n|\n|t:|1699751991\n|switch|p1a: Ogerpon|Ogerpon-Wellspring, F|59\/100 brn\n|turn|23\n|\n|t:|1699751994\n|move|p1a: Ogerpon|Horn Leech|p2a: Azumarill\n|-supereffective|p2a: Azumarill\n|-damage|p2a: Azumarill|0 fnt\n|-heal|p1a: Ogerpon|72\/100 brn|[from] drain|[of] p2a: Azumarill\n|faint|p2a: Azumarill\n|\n|-damage|p1a: Ogerpon|66\/100 brn|[from] brn\n|upkeep\n|inactive|ratatta17 has 120 seconds left.\n|\n|t:|1699752026\n|switch|p2a: Skeledirge|Skeledirge, F, tera:Dragon|2\/100 frz\n|turn|24\n|c|\u2606Herris456|Serene grace btw, not just fully BS rng lol\n|\n|t:|1699752046\n|move|p1a: Ogerpon|U-turn|p2a: Skeledirge\n|-damage|p2a: Skeledirge|0 fnt\n|faint|p2a: Skeledirge\n|\n|t:|1699752050\n|switch|p1a: Iron Moth|Iron Moth|100\/100|[from] U-turn\n|\n|-sideend|p2: ratatta17|move: Aurora Veil\n|upkeep\n|\n|t:|1699752054\n|switch|p2a: Iron Valiant|Iron Valiant|100\/100\n|turn|25\n|\n|t:|1699752066\n|-terastallize|p1a: Iron Moth|Grass\n|move|p2a: Iron Valiant|Thunderbolt|p1a: Iron Moth\n|-resisted|p1a: Iron Moth\n|-damage|p1a: Iron Moth|82\/100\n|-damage|p2a: Iron Valiant|91\/100|[from] item: Life Orb\n|move|p1a: Iron Moth|Sludge Wave|p2a: Iron Valiant\n|-supereffective|p2a: Iron Valiant\n|-damage|p2a: Iron Valiant|0 fnt\n|faint|p2a: Iron Valiant\n|-end|p2a: Iron Valiant|Quark Drive|[silent]\n|\n|upkeep\n|\n|t:|1699752075\n|switch|p2a: Ninetales|Ninetales-Alola, F|69\/100\n|-weather|Snow|[from] ability: Snow Warning|[of] p2a: Ninetales\n|turn|26\n|\n|t:|1699752077\n|move|p1a: Iron Moth|Sludge Wave|p2a: Ninetales\n|-supereffective|p2a: Ninetales\n|-damage|p2a: Ninetales|7\/100\n|move|p2a: Ninetales|Freeze-Dry|p1a: Iron Moth\n|-supereffective|p1a: Iron Moth\n|-damage|p1a: Iron Moth|36\/100\n|\n|-weather|Snow|[upkeep]\n|upkeep\n|turn|27\n|\n|t:|1699752082\n|move|p2a: Ninetales|Ice Shard|p1a: Iron Moth\n|-supereffective|p1a: Iron Moth\n|-damage|p1a: Iron Moth|9\/100\n|move|p1a: Iron Moth|Sludge Wave|p2a: Ninetales\n|-supereffective|p2a: Ninetales\n|-damage|p2a: Ninetales|0 fnt\n|faint|p2a: Ninetales\n|\n|win|Herris456\n|raw|Herris456's rating: 1469 &rarr; <strong>1490<\/strong><br \/>(+21 for winning)\n|raw|ratatta17's rating: 1485 &rarr; <strong>1464<\/strong><br \/>(-21 for losing)\n|l|\u2606ratatta17\n","uploadtime":1699752091,"views":26,"p1id":"herris456","p2id":"ratatta17","formatid":"gen9ou","rating":1464,"private":0,"password":""}