{"id":"gen9ou-1992450551","p1":"Imanjoneser","p2":"funkyfunke","format":"[Gen 9] OU","log":"|j|\u2606Imanjoneser\n|j|\u2606funkyfunke\n|t:|1700189087\n|gametype|singles\n|player|p1|Imanjoneser|bugcatcher-gen4dp|1123\n|player|p2|funkyfunke|giovanni-gen1rb|1021\n|teamsize|p1|6\n|teamsize|p2|6\n|gen|9\n|tier|[Gen 9] OU\n|rated|\n|rule|Sleep Clause Mod: Limit one foe put to sleep\n|rule|Species Clause: Limit one of each Pok\u00e9mon\n|rule|OHKO Clause: OHKO moves are banned\n|rule|Evasion Items Clause: Evasion items are banned\n|rule|Evasion Moves Clause: Evasion moves are banned\n|rule|Endless Battle Clause: Forcing endless battles is banned\n|rule|HP Percentage Mod: HP is shown in percentages\n|clearpoke\n|poke|p1|Maushold-Four|\n|poke|p1|Ambipom, M|\n|poke|p1|Staraptor, F|\n|poke|p1|Ditto|\n|poke|p1|Farigiraf, M|\n|poke|p1|Sawsbuck, M|\n|poke|p2|Dragalge, F|\n|poke|p2|Arcanine, M|\n|poke|p2|Donphan, F|\n|poke|p2|Dondozo, F|\n|poke|p2|Wyrdeer, M|\n|poke|p2|Jumpluff, M|\n|teampreview\n|c|\u2606Imanjoneser|JUMPLUFF!\n|c|\u2606Imanjoneser|I forgot about that cool floaty pollen ball\n|\n|t:|1700189120\n|start\n|switch|p1a: Ambipom|Ambipom, M, shiny|100\/100\n|switch|p2a: Wyrdeer|Wyrdeer, M|100\/100\n|-ability|p2a: Wyrdeer|Intimidate|boost\n|-unboost|p1a: Ambipom|atk|1\n|turn|1\n|\n|t:|1700189127\n|switch|p2a: Donphan|Donphan, F|100\/100\n|move|p1a: Ambipom|Taunt|p2a: Donphan\n|-start|p2a: Donphan|move: Taunt\n|\n|upkeep\n|turn|2\n|\n|t:|1700189141\n|switch|p1a: Ditto|Ditto, shiny|100\/100\n|-transform|p1a: Ditto|p2a: Donphan|[from] ability: Imposter\n|move|p2a: Donphan|Counter||[still]\n|-fail|p2a: Donphan\n|\n|upkeep\n|turn|3\n|\n|t:|1700189159\n|switch|p1a: Ambipom|Ambipom, M, shiny|100\/100\n|move|p2a: Donphan|Rapid Spin|p1a: Ambipom\n|-damage|p1a: Ambipom|81\/100\n|-boost|p2a: Donphan|spe|1\n|\n|-end|p2a: Donphan|move: Taunt\n|upkeep\n|turn|4\n|\n|t:|1700189169\n|move|p1a: Ambipom|Knock Off|p2a: Donphan\n|-damage|p2a: Donphan|85\/100\n|-damage|p1a: Ambipom|64\/100|[from] item: Rocky Helmet|[of] p2a: Donphan\n|-enditem|p2a: Donphan|Rocky Helmet|[from] move: Knock Off|[of] p1a: Ambipom\n|move|p2a: Donphan|Stealth Rock|p1a: Ambipom\n|-sidestart|p1: Imanjoneser|move: Stealth Rock\n|\n|upkeep\n|turn|5\n|\n|t:|1700189179\n|switch|p2a: Jumpluff|Jumpluff, M|100\/100\n|move|p1a: Ambipom|Thief|p2a: Jumpluff\n|-damage|p2a: Jumpluff|65\/100\n|\n|upkeep\n|turn|6\n|\n|t:|1700189194\n|move|p1a: Ambipom|Taunt|p2a: Jumpluff\n|-start|p2a: Jumpluff|move: Taunt\n|cant|p2a: Jumpluff|move: Taunt|Leech Seed\n|\n|upkeep\n|turn|7\n|\n|t:|1700189217\n|switch|p1a: Farigiraf|Farigiraf, M, shiny|100\/100\n|-damage|p1a: Farigiraf|88\/100|[from] Stealth Rock\n|switch|p2a: Dondozo|Dondozo, F|100\/100\n|\n|-heal|p1a: Farigiraf|94\/100|[from] item: Leftovers\n|upkeep\n|turn|8\n|\n|t:|1700189240\n|move|p1a: Farigiraf|Reflect|p1a: Farigiraf\n|-sidestart|p1: Imanjoneser|Reflect\n|move|p2a: Dondozo|Curse|p2a: Dondozo\n|-unboost|p2a: Dondozo|spe|1\n|-boost|p2a: Dondozo|atk|1\n|-boost|p2a: Dondozo|def|1\n|\n|-heal|p1a: Farigiraf|99\/100|[from] item: Leftovers\n|upkeep\n|turn|9\n|\n|t:|1700189250\n|move|p1a: Farigiraf|Power Swap|p2a: Dondozo\n|-swapboost|p1a: Farigiraf|p2a: Dondozo|atk, spa|[from] move: Power Swap\n|move|p2a: Dondozo|Curse|p2a: Dondozo\n|-unboost|p2a: Dondozo|spe|1\n|-boost|p2a: Dondozo|atk|1\n|-boost|p2a: Dondozo|def|1\n|\n|-heal|p1a: Farigiraf|100\/100|[from] item: Leftovers\n|upkeep\n|turn|10\n|\n|t:|1700189268\n|move|p1a: Farigiraf|Twin Beam|p2a: Dondozo\n|-crit|p2a: Dondozo\n|-damage|p2a: Dondozo|74\/100\n|-damage|p2a: Dondozo|58\/100\n|-hitcount|p2a: Dondozo|2\n|move|p2a: Dondozo|Curse|p2a: Dondozo\n|-unboost|p2a: Dondozo|spe|1\n|-boost|p2a: Dondozo|atk|1\n|-boost|p2a: Dondozo|def|1\n|\n|-heal|p2a: Dondozo|64\/100|[from] item: Leftovers\n|upkeep\n|turn|11\n|c|\u2606Imanjoneser|You're getting a shiny in the upcoming set dozo\n|\n|t:|1700189284\n|move|p1a: Farigiraf|Twin Beam|p2a: Dondozo\n|-damage|p2a: Dondozo|48\/100\n|-damage|p2a: Dondozo|30\/100\n|-hitcount|p2a: Dondozo|2\n|move|p2a: Dondozo|Wave Crash|p1a: Farigiraf\n|-damage|p1a: Farigiraf|42\/100\n|-damage|p2a: Dondozo|16\/100|[from] Recoil\n|\n|-heal|p1a: Farigiraf|48\/100|[from] item: Leftovers\n|-heal|p2a: Dondozo|22\/100|[from] item: Leftovers\n|upkeep\n|turn|12\n|\n|t:|1700189297\n|move|p1a: Farigiraf|Twin Beam|p2a: Dondozo\n|-damage|p2a: Dondozo|3\/100\n|-damage|p2a: Dondozo|0 fnt\n|faint|p2a: Dondozo\n|-hitcount|p2: Dondozo|2\n|\n|-heal|p1a: Farigiraf|54\/100|[from] item: Leftovers\n|-sideend|p1: Imanjoneser|Reflect\n|upkeep\n|c|\u2606Imanjoneser|But for now you sleep\n|\n|t:|1700189308\n|switch|p2a: Arcanine|Arcanine, M|100\/100\n|-ability|p2a: Arcanine|Intimidate|boost\n|-unboost|p1a: Farigiraf|atk|1\n|turn|13\n|\n|t:|1700189316\n|move|p2a: Arcanine|Flare Blitz|p1a: Farigiraf\n|-damage|p1a: Farigiraf|0 fnt\n|faint|p1a: Farigiraf\n|-damage|p2a: Arcanine|79\/100|[from] Recoil\n|\n|upkeep\n|\n|t:|1700189324\n|switch|p1a: Ambipom|Ambipom, M, shiny|64\/100\n|-damage|p1a: Ambipom|52\/100|[from] Stealth Rock\n|turn|14\n|\n|t:|1700189336\n|-terastallize|p2a: Arcanine|Normal\n|move|p1a: Ambipom|Fake Out|p2a: Arcanine\n|-enditem|p1a: Ambipom|Normal Gem|[from] gem\n|-damage|p2a: Arcanine|36\/100\n|cant|p2a: Arcanine|flinch\n|\n|upkeep\n|turn|15\n|\n|t:|1700189353\n|switch|p1a: Ditto|Ditto, shiny|100\/100\n|-damage|p1a: Ditto|88\/100|[from] Stealth Rock\n|-transform|p1a: Ditto|p2a: Arcanine|[from] ability: Imposter\n|-ability|p1a: Ditto|Intimidate|boost\n|-unboost|p2a: Arcanine|atk|1\n|move|p2a: Arcanine|Extreme Speed|p1a: Ditto\n|-damage|p1a: Ditto|54\/100\n|\n|-heal|p1a: Ditto|60\/100|[from] item: Leftovers\n|upkeep\n|-start|p1a: Ditto|typechange|Fire|[silent]\n|turn|16\n|\n|t:|1700189369\n|switch|p2a: Donphan|Donphan, F|85\/100\n|move|p1a: Ditto|Close Combat|p2a: Donphan\n|-damage|p2a: Donphan|64\/100\n|-unboost|p1a: Ditto|def|1\n|-unboost|p1a: Ditto|spd|1\n|\n|-heal|p1a: Ditto|66\/100|[from] item: Leftovers\n|upkeep\n|turn|17\n|\n|t:|1700189410\n|switch|p1a: Staraptor|Staraptor, F, shiny|100\/100\n|-damage|p1a: Staraptor|75\/100|[from] Stealth Rock\n|-ability|p1a: Staraptor|Intimidate|boost\n|-unboost|p2a: Donphan|atk|1\n|move|p2a: Donphan|Counter||[still]\n|-fail|p2a: Donphan\n|\n|upkeep\n|turn|18\n|\n|t:|1700189429\n|move|p1a: Staraptor|Endeavor|p2a: Donphan\n|-damage|p2a: Donphan|62\/100\n|move|p2a: Donphan|Counter|p1a: Staraptor\n|-damage|p1a: Staraptor|68\/100\n|\n|upkeep\n|turn|19\n|c|\u2606funkyfunke|huh\n|c|\u2606Imanjoneser|Xd\n|c|\u2606Imanjoneser|Surprise!\n|\n|t:|1700189456\n|switch|p1a: Sawsbuck|Sawsbuck, M, shiny|100\/100\n|-damage|p1a: Sawsbuck|88\/100|[from] Stealth Rock\n|switch|p2a: Jumpluff|Jumpluff, M|65\/100\n|\n|-heal|p1a: Sawsbuck|94\/100|[from] item: Leftovers\n|upkeep\n|turn|20\n|\n|t:|1700189468\n|move|p2a: Jumpluff|Strength Sap|p1a: Sawsbuck\n|-unboost|p1a: Sawsbuck|atk|1\n|-heal|p2a: Jumpluff|100\/100\n|move|p1a: Sawsbuck|Headbutt|p2a: Jumpluff\n|-damage|p2a: Jumpluff|73\/100\n|\n|-heal|p1a: Sawsbuck|99\/100|[from] item: Leftovers\n|upkeep\n|turn|21\n|\n|t:|1700189477\n|move|p2a: Jumpluff|Encore|p1a: Sawsbuck\n|-start|p1a: Sawsbuck|Encore\n|move|p1a: Sawsbuck|Headbutt|p2a: Jumpluff\n|-damage|p2a: Jumpluff|49\/100\n|\n|-heal|p1a: Sawsbuck|100\/100|[from] item: Leftovers\n|upkeep\n|turn|22\n|\n|t:|1700189483\n|move|p2a: Jumpluff|Strength Sap|p1a: Sawsbuck\n|-unboost|p1a: Sawsbuck|atk|1\n|-heal|p2a: Jumpluff|100\/100\n|move|p1a: Sawsbuck|Headbutt|p2a: Jumpluff\n|-damage|p2a: Jumpluff|81\/100\n|\n|upkeep\n|turn|23\n|\n|t:|1700189497\n|switch|p2a: Arcanine|Arcanine, M, tera:Normal|36\/100\n|-ability|p2a: Arcanine|Intimidate|boost\n|-unboost|p1a: Sawsbuck|atk|1\n|switch|p1a: Staraptor|Staraptor, F, shiny|68\/100\n|-damage|p1a: Staraptor|43\/100|[from] Stealth Rock\n|-ability|p1a: Staraptor|Intimidate|boost\n|-unboost|p2a: Arcanine|atk|1\n|\n|upkeep\n|turn|24\n|\n|t:|1700189514\n|move|p1a: Staraptor|Brave Bird|p2a: Arcanine\n|-damage|p2a: Arcanine|0 fnt\n|faint|p2a: Arcanine\n|-damage|p1a: Staraptor|31\/100|[from] Recoil\n|\n|upkeep\n|\n|t:|1700189538\n|switch|p2a: Dragalge|Dragalge, F|100\/100\n|turn|25\n|\n|t:|1700189544\n|move|p1a: Staraptor|Endeavor|p2a: Dragalge\n|-damage|p2a: Dragalge|31\/100\n|move|p2a: Dragalge|Thunderbolt|p1a: Staraptor\n|-supereffective|p1a: Staraptor\n|-damage|p1a: Staraptor|0 fnt\n|faint|p1a: Staraptor\n|\n|upkeep\n|\n|t:|1700189553\n|switch|p1a: Ambipom|Ambipom, M, shiny|52\/100\n|-damage|p1a: Ambipom|39\/100|[from] Stealth Rock\n|turn|26\n|c|\u2606funkyfunke|gotta say man neat team\n|c|\u2606funkyfunke|also gotta say gg\n|-message|funkyfunke forfeited.\n|\n|win|Imanjoneser\n|raw|Imanjoneser's rating: 1123 &rarr; <strong>1141<\/strong><br \/>(+18 for winning)\n|raw|funkyfunke's rating: 1021 &rarr; <strong>1012<\/strong><br \/>(-9 for losing)\n|l|\u2606funkyfunke\n","uploadtime":1700189662,"views":7,"p1id":"imanjoneser","p2id":"funkyfunke","formatid":"gen9ou","rating":1012,"private":0,"password":""}