{"id":"gen9ou-1997261030","p1":"Sabrina1307","p2":"lucascarneiro","format":"[Gen 9] OU","log":"|j|\u2606Sabrina1307\n|j|\u2606lucascarneiro\n|t:|1700781708\n|gametype|singles\n|player|p1|Sabrina1307|1|1490\n|player|p2|lucascarneiro|170|1586\n|teamsize|p1|6\n|teamsize|p2|6\n|gen|9\n|tier|[Gen 9] OU\n|rated|\n|rule|Sleep Clause Mod: Limit one foe put to sleep\n|rule|Species Clause: Limit one of each Pok\u00e9mon\n|rule|OHKO Clause: OHKO moves are banned\n|rule|Evasion Items Clause: Evasion items are banned\n|rule|Evasion Moves Clause: Evasion moves are banned\n|rule|Endless Battle Clause: Forcing endless battles is banned\n|rule|HP Percentage Mod: HP is shown in percentages\n|clearpoke\n|poke|p1|Indeedee, M|\n|poke|p1|Armarouge, M|\n|poke|p1|Hoopa-Unbound|\n|poke|p1|Great Tusk|\n|poke|p1|Bruxish, M|\n|poke|p1|Mew|\n|poke|p2|Zarude|\n|poke|p2|Ribombee, F|\n|poke|p2|Gholdengo|\n|poke|p2|Great Tusk|\n|poke|p2|Indeedee, M|\n|poke|p2|Glimmora, F|\n|teampreview\n|inactive|Battle timer is ON: inactive players will automatically lose when time's up. (requested by lucascarneiro)\n|\n|t:|1700781722\n|start\n|switch|p1a: Indeedee|Indeedee, M|100\/100\n|switch|p2a: Ribombee|Ribombee, F|100\/100\n|-fieldstart|move: Psychic Terrain|[from] ability: Psychic Surge|[of] p1a: Indeedee\n|turn|1\n|\n|t:|1700781733\n|move|p2a: Ribombee|Sticky Web|p1a: Indeedee\n|-sidestart|p1: Sabrina1307|move: Sticky Web\n|move|p1a: Indeedee|Psychic|p2a: Ribombee\n|-damage|p2a: Ribombee|22\/100\n|\n|upkeep\n|turn|2\n|\n|t:|1700781745\n|move|p2a: Ribombee|U-turn|p1a: Indeedee\n|-supereffective|p1a: Indeedee\n|-damage|p1a: Indeedee|48\/100\n|\n|t:|1700781748\n|switch|p2a: Zarude|Zarude|100\/100|[from] U-turn\n|-enditem|p2a: Zarude|Psychic Seed\n|-boost|p2a: Zarude|spd|1|[from] item: Psychic Seed\n|move|p1a: Indeedee|Shadow Ball|p2a: Zarude\n|-resisted|p2a: Zarude\n|-damage|p2a: Zarude|92\/100\n|\n|upkeep\n|turn|3\n|\n|t:|1700781761\n|switch|p1a: Great Tusk|Great Tusk|100\/100\n|-activate|p1a: Great Tusk|move: Sticky Web\n|-unboost|p1a: Great Tusk|spe|1\n|move|p2a: Zarude|Bulk Up|p2a: Zarude\n|-boost|p2a: Zarude|atk|1\n|-boost|p2a: Zarude|def|1\n|\n|upkeep\n|turn|4\n|\n|t:|1700781770\n|-terastallize|p2a: Zarude|Flying\n|move|p2a: Zarude|Acrobatics|p1a: Great Tusk\n|-supereffective|p1a: Great Tusk\n|-damage|p1a: Great Tusk|0 fnt\n|-damage|p2a: Zarude|76\/100|[from] item: Rocky Helmet|[of] p1a: Great Tusk\n|faint|p1a: Great Tusk\n|-end|p1a: Great Tusk|Protosynthesis|[silent]\n|\n|upkeep\n|\n|t:|1700781783\n|switch|p1a: Armarouge|Armarouge, M|100\/100\n|-activate|p1a: Armarouge|move: Sticky Web\n|-unboost|p1a: Armarouge|spe|1\n|turn|5\n|\n|t:|1700781789\n|move|p2a: Zarude|Crunch|p1a: Armarouge\n|-supereffective|p1a: Armarouge\n|-enditem|p1a: Armarouge|Focus Sash\n|-damage|p1a: Armarouge|1\/100\n|-ability|p1a: Armarouge|Weak Armor|boost\n|-unboost|p1a: Armarouge|def|1\n|-boost|p1a: Armarouge|spe|2\n|move|p1a: Armarouge|Expanding Force|p2a: Zarude\n|-damage|p2a: Zarude|21\/100\n|\n|upkeep\n|turn|6\n|\n|t:|1700781800\n|move|p1a: Armarouge|Expanding Force|p2a: Zarude\n|-damage|p2a: Zarude|0 fnt\n|faint|p2a: Zarude\n|\n|upkeep\n|\n|t:|1700781811\n|switch|p2a: Indeedee|Indeedee, M|100\/100\n|turn|7\n|\n|t:|1700781817\n|move|p2a: Indeedee|Dazzling Gleam|p1a: Armarouge\n|-resisted|p1a: Armarouge\n|-damage|p1a: Armarouge|0 fnt\n|faint|p1a: Armarouge\n|\n|upkeep\n|\n|t:|1700781830\n|switch|p1a: Bruxish|Bruxish, M|100\/100\n|-activate|p1a: Bruxish|move: Sticky Web\n|-unboost|p1a: Bruxish|spe|1\n|turn|8\n|\n|t:|1700781835\n|switch|p2a: Glimmora|Glimmora, F|100\/100\n|move|p1a: Bruxish|Flip Turn|p2a: Glimmora\n|-supereffective|p2a: Glimmora\n|-damage|p2a: Glimmora|31\/100\n|-activate|p2a: Glimmora|ability: Toxic Debris\n|-sidestart|p1: Sabrina1307|move: Toxic Spikes\n|\n|t:|1700781844\n|switch|p1a: Hoopa|Hoopa-Unbound|100\/100|[from] Flip Turn\n|-activate|p1a: Hoopa|move: Sticky Web\n|-unboost|p1a: Hoopa|spe|1\n|-status|p1a: Hoopa|psn\n|-enditem|p1a: Hoopa|Psychic Seed\n|-boost|p1a: Hoopa|spd|1|[from] item: Psychic Seed\n|\n|-damage|p1a: Hoopa|88\/100 psn|[from] psn\n|-fieldend|move: Psychic Terrain\n|upkeep\n|turn|9\n|\n|t:|1700781858\n|switch|p2a: Indeedee|Indeedee, M|100\/100\n|-fieldstart|move: Psychic Terrain|[from] ability: Psychic Surge|[of] p2a: Indeedee\n|move|p1a: Hoopa|Dark Pulse|p2a: Indeedee\n|-supereffective|p2a: Indeedee\n|-damage|p2a: Indeedee|0 fnt\n|faint|p2a: Indeedee\n|\n|-damage|p1a: Hoopa|76\/100 psn|[from] psn\n|upkeep\n|\n|t:|1700781868\n|switch|p2a: Ribombee|Ribombee, F|22\/100\n|turn|10\n|\n|t:|1700781874\n|-terastallize|p1a: Hoopa|Psychic\n|move|p2a: Ribombee|U-turn|p1a: Hoopa\n|-supereffective|p1a: Hoopa\n|-crit|p1a: Hoopa\n|-damage|p1a: Hoopa|9\/100 psn\n|\n|t:|1700781885\n|switch|p2a: Glimmora|Glimmora, F|31\/100|[from] U-turn\n|move|p1a: Hoopa|Psyshock|p2a: Glimmora\n|-supereffective|p2a: Glimmora\n|-damage|p2a: Glimmora|0 fnt\n|faint|p2a: Glimmora\n|\n|-damage|p1a: Hoopa|0 fnt|[from] psn\n|faint|p1a: Hoopa\n|upkeep\n|\n|t:|1700781899\n|switch|p2a: Ribombee|Ribombee, F|22\/100\n|switch|p1a: Bruxish|Bruxish, M|100\/100\n|-activate|p1a: Bruxish|move: Sticky Web\n|-unboost|p1a: Bruxish|spe|1\n|-status|p1a: Bruxish|psn\n|turn|11\n|\n|t:|1700781913\n|move|p2a: Ribombee|U-turn|p1a: Bruxish\n|-supereffective|p1a: Bruxish\n|-damage|p1a: Bruxish|54\/100 psn\n|\n|t:|1700781916\n|switch|p2a: Gholdengo|Gholdengo|100\/100|[from] U-turn\n|-item|p2a: Gholdengo|Air Balloon\n|move|p1a: Bruxish|Flip Turn|p2a: Gholdengo\n|-damage|p2a: Gholdengo|70\/100\n|-enditem|p2a: Gholdengo|Air Balloon\n|\n|t:|1700781924\n|switch|p1a: Indeedee|Indeedee, M|48\/100|[from] Flip Turn\n|-activate|p1a: Indeedee|move: Sticky Web\n|-unboost|p1a: Indeedee|spe|1\n|-status|p1a: Indeedee|psn\n|\n|-damage|p1a: Indeedee|35\/100 psn|[from] psn\n|upkeep\n|turn|12\n|\n|t:|1700781934\n|move|p2a: Gholdengo|Nasty Plot|p2a: Gholdengo\n|-boost|p2a: Gholdengo|spa|2\n|move|p1a: Indeedee|Shadow Ball|p2a: Gholdengo\n|-supereffective|p2a: Gholdengo\n|-damage|p2a: Gholdengo|16\/100\n|\n|-damage|p1a: Indeedee|23\/100 psn|[from] psn\n|upkeep\n|turn|13\n|\n|t:|1700781944\n|move|p2a: Gholdengo|Thunderbolt|p1a: Indeedee\n|-damage|p1a: Indeedee|0 fnt\n|faint|p1a: Indeedee\n|\n|-fieldend|move: Psychic Terrain\n|upkeep\n|\n|t:|1700781951\n|switch|p1a: Bruxish|Bruxish, M|54\/100 psn\n|-activate|p1a: Bruxish|move: Sticky Web\n|-unboost|p1a: Bruxish|spe|1\n|turn|14\n|\n|t:|1700781961\n|move|p2a: Gholdengo|Shadow Ball|p1a: Bruxish\n|-supereffective|p1a: Bruxish\n|-damage|p1a: Bruxish|0 fnt\n|faint|p1a: Bruxish\n|\n|upkeep\n|-message|Sabrina1307 forfeited.\n|\n|win|lucascarneiro\n|raw|Sabrina1307's rating: 1490 &rarr; <strong>1475<\/strong><br \/>(-15 for losing)\n|raw|lucascarneiro's rating: 1586 &rarr; <strong>1601<\/strong><br \/>(+15 for winning)\n|l|\u2606Sabrina1307\n","uploadtime":1700781971,"views":16,"p1id":"sabrina1307","p2id":"lucascarneiro","formatid":"gen9ou","rating":1475,"private":0,"password":""}