{"id":"gen9ou-1991773886","p1":"diamond2lion","p2":"Serranity","format":"[Gen 9] OU","log":"|j|\u2606diamond2lion\n|j|\u2606Serranity\n|t:|1700114811\n|gametype|singles\n|player|p1|diamond2lion|2|1049\n|player|p2|Serranity|170|1079\n|teamsize|p1|6\n|teamsize|p2|6\n|gen|9\n|tier|[Gen 9] OU\n|rated|\n|rule|Sleep Clause Mod: Limit one foe put to sleep\n|rule|Species Clause: Limit one of each Pok\u00e9mon\n|rule|OHKO Clause: OHKO moves are banned\n|rule|Evasion Items Clause: Evasion items are banned\n|rule|Evasion Moves Clause: Evasion moves are banned\n|rule|Endless Battle Clause: Forcing endless battles is banned\n|rule|HP Percentage Mod: HP is shown in percentages\n|clearpoke\n|poke|p1|Infernape, F|\n|poke|p1|Great Tusk|\n|poke|p1|Garganacl, F|\n|poke|p1|Scream Tail|\n|poke|p1|Torkoal, M|\n|poke|p1|Goodra-Hisui, M|\n|poke|p2|Goodra-Hisui, M|\n|poke|p2|Alomomola, M|\n|poke|p2|Landorus-Therian, M|\n|poke|p2|Rotom-Wash|\n|poke|p2|Kingambit, F|\n|poke|p2|Enamorus, F|\n|teampreview\n|\n|t:|1700114815\n|start\n|switch|p1a: jordan peterson|Torkoal, M|100\/100\n|switch|p2a: Rotom|Rotom-Wash|100\/100\n|-weather|SunnyDay|[from] ability: Drought|[of] p1a: jordan peterson\n|turn|1\n|\n|t:|1700114833\n|-terastallize|p1a: jordan peterson|Fairy\n|move|p2a: Rotom|Volt Switch|p1a: jordan peterson\n|-damage|p1a: jordan peterson|56\/100\n|\n|t:|1700114837\n|switch|p2a: Enamorus|Enamorus, F|100\/100|[from] Volt Switch\n|move|p1a: jordan peterson|Yawn|p2a: Enamorus\n|-start|p2a: Enamorus|move: Yawn|[of] p1a: jordan peterson\n|\n|-weather|SunnyDay|[upkeep]\n|upkeep\n|turn|2\n|inactive|Battle timer is ON: inactive players will automatically lose when time's up. (requested by Serranity)\n|\n|t:|1700114869\n|switch|p2a: Goodra|Goodra-Hisui, M|100\/100\n|move|p1a: jordan peterson|Stealth Rock|p2a: Goodra\n|-sidestart|p2: Serranity|move: Stealth Rock\n|\n|-weather|SunnyDay|[upkeep]\n|upkeep\n|turn|3\n|\n|t:|1700114880\n|move|p2a: Goodra|Iron Head|p1a: jordan peterson\n|-supereffective|p1a: jordan peterson\n|-damage|p1a: jordan peterson|16\/100\n|cant|p1a: jordan peterson|flinch\n|\n|-weather|SunnyDay|[upkeep]\n|upkeep\n|turn|4\n|inactive|diamond2lion has 120 seconds left.\n|\n|t:|1700114916\n|move|p1a: jordan peterson|Will-O-Wisp|p2a: Goodra|[miss]\n|-miss|p1a: jordan peterson|p2a: Goodra\n|move|p2a: Goodra|Dragon Tail|p1a: jordan peterson\n|-immune|p1a: jordan peterson\n|\n|-weather|SunnyDay|[upkeep]\n|upkeep\n|turn|5\n|inactive|diamond2lion has 120 seconds left.\n|\n|t:|1700114925\n|switch|p2a: Enamorus|Enamorus, F|100\/100\n|-damage|p2a: Enamorus|76\/100|[from] Stealth Rock\n|move|p1a: jordan peterson|Will-O-Wisp|p2a: Enamorus\n|-status|p2a: Enamorus|brn\n|\n|-weather|none\n|-damage|p2a: Enamorus|69\/100 brn|[from] brn\n|upkeep\n|turn|6\n|inactive|diamond2lion has 120 seconds left.\n|\n|t:|1700114941\n|switch|p1a: sligger|Goodra-Hisui, M|100\/100\n|move|p2a: Enamorus|Moonblast|p1a: sligger\n|-damage|p1a: sligger|66\/100\n|-unboost|p1a: sligger|spa|1\n|\n|-damage|p2a: Enamorus|63\/100 brn|[from] brn\n|upkeep\n|turn|7\n|inactive|diamond2lion has 120 seconds left.\n|\n|t:|1700114954\n|switch|p2a: Goodra|Goodra-Hisui, M|100\/100\n|-damage|p2a: Goodra|94\/100|[from] Stealth Rock\n|move|p1a: sligger|Sludge Bomb|p2a: Goodra\n|-immune|p2a: Goodra\n|\n|upkeep\n|turn|8\n|inactive|diamond2lion has 120 seconds left.\n|\n|t:|1700114988\n|switch|p1a: Great Tusk|Great Tusk|100\/100\n|move|p2a: Goodra|Earthquake|p1a: Great Tusk\n|-damage|p1a: Great Tusk|82\/100\n|\n|upkeep\n|turn|9\n|inactive|diamond2lion has 90 seconds left.\n|c|\u2606Serranity|dawg pls take longer\n|\n|t:|1700115023\n|switch|p2a: Alomomola|Alomomola, M|100\/100\n|move|p1a: Great Tusk|Headlong Rush|p2a: Alomomola\n|-damage|p2a: Alomomola|66\/100\n|-unboost|p1a: Great Tusk|def|1\n|-unboost|p1a: Great Tusk|spd|1\n|\n|upkeep\n|turn|10\n|\n|t:|1700115031\n|move|p1a: Great Tusk|Close Combat|p2a: Alomomola\n|-damage|p2a: Alomomola|31\/100\n|-unboost|p1a: Great Tusk|def|1\n|-unboost|p1a: Great Tusk|spd|1\n|move|p2a: Alomomola|Flip Turn|p1a: Great Tusk\n|-supereffective|p1a: Great Tusk\n|-damage|p1a: Great Tusk|35\/100\n|\n|t:|1700115037\n|switch|p2a: Landorus|Landorus-Therian, M|100\/100|[from] Flip Turn\n|-damage|p2a: Landorus|88\/100|[from] Stealth Rock\n|-ability|p2a: Landorus|Intimidate|boost\n|-unboost|p1a: Great Tusk|atk|1\n|\n|upkeep\n|turn|11\n|inactive|diamond2lion has 90 seconds left.\n|\n|t:|1700115068\n|-end|p1a: Great Tusk|Protosynthesis|[silent]\n|switch|p1a: Garganacl|Garganacl, F|100\/100\n|move|p2a: Landorus|U-turn|p1a: Garganacl\n|-damage|p1a: Garganacl|88\/100\n|\n|t:|1700115075\n|switch|p2a: Kingambit|Kingambit, F|100\/100|[from] U-turn\n|-damage|p2a: Kingambit|94\/100|[from] Stealth Rock\n|\n|-heal|p1a: Garganacl|95\/100|[from] item: Leftovers\n|upkeep\n|turn|12\n|\n|t:|1700115086\n|switch|p1a: sligger|Goodra-Hisui, M|66\/100\n|move|p2a: Kingambit|Low Kick|p1a: sligger\n|-supereffective|p1a: sligger\n|-damage|p1a: sligger|0 fnt\n|-ability|p1a: sligger|Gooey\n|-unboost|p2a: Kingambit|spe|1\n|faint|p1a: sligger\n|\n|upkeep\n|\n|t:|1700115100\n|switch|p1a: Winston|Infernape, F|100\/100\n|turn|13\n|\n|t:|1700115108\n|-end|p2a: Kingambit|fallenundefined|[silent]\n|switch|p2a: Landorus|Landorus-Therian, M|88\/100\n|-damage|p2a: Landorus|76\/100|[from] Stealth Rock\n|-ability|p2a: Landorus|Intimidate|boost\n|-unboost|p1a: Winston|atk|1\n|move|p1a: Winston|Aura Sphere|p2a: Landorus\n|-resisted|p2a: Landorus\n|-damage|p2a: Landorus|48\/100\n|\n|upkeep\n|turn|14\n|inactive|diamond2lion has 60 seconds left.\n|\n|t:|1700115128\n|switch|p1a: Garganacl|Garganacl, F|95\/100\n|move|p2a: Landorus|U-turn|p1a: Garganacl\n|-damage|p1a: Garganacl|83\/100\n|\n|t:|1700115132\n|switch|p2a: Alomomola|Alomomola, M|64\/100|[from] U-turn\n|\n|-heal|p1a: Garganacl|89\/100|[from] item: Leftovers\n|upkeep\n|turn|15\n|inactive|diamond2lion has 60 seconds left.\n|\n|t:|1700115150\n|switch|p1a: Scream Tail|Scream Tail, shiny|100\/100\n|move|p2a: Alomomola|Wish|p2a: Alomomola\n|\n|upkeep\n|turn|16\n|\n|t:|1700115155\n|move|p1a: Scream Tail|Encore|p2a: Alomomola\n|-start|p2a: Alomomola|Encore\n|move|p2a: Alomomola|Wish||[still]\n|-fail|p2a: Alomomola\n|\n|-heal|p2a: Alomomola|100\/100|[from] move: Wish|[wisher] Alomomola\n|upkeep\n|turn|17\n|inactive|diamond2lion has 60 seconds left.\n|\n|t:|1700115171\n|-end|p1a: Scream Tail|Protosynthesis|[silent]\n|switch|p1a: Winston|Infernape, F|100\/100\n|move|p2a: Alomomola|Wish|p2a: Alomomola\n|\n|upkeep\n|turn|18\n|\n|t:|1700115175\n|switch|p2a: Enamorus|Enamorus, F|63\/100 brn\n|-damage|p2a: Enamorus|38\/100 brn|[from] Stealth Rock\n|move|p1a: Winston|Solar Beam||[still]\n|-prepare|p1a: Winston|Solar Beam\n|\n|-heal|p2a: Enamorus|100\/100 brn|[from] move: Wish|[wisher] Alomomola\n|-damage|p2a: Enamorus|94\/100 brn|[from] brn\n|upkeep\n|turn|19\n|c|\u2606Serranity|ok\n|\n|t:|1700115192\n|move|p2a: Enamorus|Earth Power|p1a: Winston\n|-supereffective|p1a: Winston\n|-damage|p1a: Winston|4\/100\n|move|p1a: Winston|Solar Beam|p2a: Enamorus|[from]lockedmove\n|-resisted|p2a: Enamorus\n|-damage|p2a: Enamorus|58\/100 brn\n|\n|-damage|p2a: Enamorus|52\/100 brn|[from] brn\n|upkeep\n|turn|20\n|\n|t:|1700115205\n|switch|p1a: Garganacl|Garganacl, F|89\/100\n|move|p2a: Enamorus|Earth Power|p1a: Garganacl\n|-supereffective|p1a: Garganacl\n|-damage|p1a: Garganacl|39\/100\n|\n|-heal|p1a: Garganacl|46\/100|[from] item: Leftovers\n|-damage|p2a: Enamorus|45\/100 brn|[from] brn\n|upkeep\n|turn|21\n|\n|t:|1700115220\n|switch|p1a: Great Tusk|Great Tusk|35\/100\n|move|p2a: Enamorus|Earth Power|p1a: Great Tusk\n|-damage|p1a: Great Tusk|1\/100\n|\n|-damage|p2a: Enamorus|39\/100 brn|[from] brn\n|upkeep\n|turn|22\n|inactive|diamond2lion has 60 seconds left.\n|\n|t:|1700115237\n|-end|p1a: Great Tusk|Protosynthesis|[silent]\n|switch|p1a: jordan peterson|Torkoal, M, tera:Fairy|16\/100\n|-weather|SunnyDay|[from] ability: Drought|[of] p1a: jordan peterson\n|move|p2a: Enamorus|Earth Power|p1a: jordan peterson\n|-damage|p1a: jordan peterson|0 fnt\n|faint|p1a: jordan peterson\n|\n|-weather|SunnyDay|[upkeep]\n|-damage|p2a: Enamorus|33\/100 brn|[from] brn\n|upkeep\n|inactive|diamond2lion has 60 seconds left.\n|\n|t:|1700115257\n|switch|p1a: Scream Tail|Scream Tail, shiny|100\/100\n|-activate|p1a: Scream Tail|ability: Protosynthesis\n|-start|p1a: Scream Tail|protosynthesisspe\n|turn|23\n|\n|t:|1700115268\n|switch|p2a: Alomomola|Alomomola, M|100\/100\n|move|p1a: Scream Tail|Dazzling Gleam|p2a: Alomomola\n|-damage|p2a: Alomomola|76\/100\n|\n|-weather|SunnyDay|[upkeep]\n|upkeep\n|turn|24\n|\n|t:|1700115277\n|move|p1a: Scream Tail|Misty Terrain|p1a: Scream Tail\n|-fieldstart|move: Misty Terrain\n|move|p2a: Alomomola|Wish|p2a: Alomomola\n|\n|-weather|SunnyDay|[upkeep]\n|upkeep\n|turn|25\n|\n|t:|1700115292\n|switch|p2a: Enamorus|Enamorus, F|33\/100 brn\n|-damage|p2a: Enamorus|8\/100 brn|[from] Stealth Rock\n|move|p1a: Scream Tail|Encore||[still]\n|-fail|p1a: Scream Tail\n|\n|-weather|SunnyDay|[upkeep]\n|-heal|p2a: Enamorus|100\/100 brn|[from] move: Wish|[wisher] Alomomola\n|-damage|p2a: Enamorus|94\/100 brn|[from] brn\n|upkeep\n|turn|26\n|c|\u2606Serranity|pls forfeit im in pain\n|\n|t:|1700115313\n|switch|p2a: Goodra|Goodra-Hisui, M|94\/100\n|-damage|p2a: Goodra|88\/100|[from] Stealth Rock\n|move|p1a: Scream Tail|Dazzling Gleam|p2a: Goodra\n|-damage|p2a: Goodra|82\/100\n|\n|-weather|none\n|-end|p1a: Scream Tail|Protosynthesis\n|upkeep\n|turn|27\n|inactive|diamond2lion has 30 seconds left.\n|\n|t:|1700115335\n|-end|p1a: Scream Tail|Protosynthesis|[silent]\n|switch|p1a: Garganacl|Garganacl, F|46\/100\n|move|p2a: Goodra|Iron Head|p1a: Garganacl\n|-supereffective|p1a: Garganacl\n|-damage|p1a: Garganacl|11\/100\n|\n|-heal|p1a: Garganacl|17\/100|[from] item: Leftovers\n|upkeep\n|turn|28\n|inactive|diamond2lion has 30 seconds left.\n|\n|t:|1700115344\n|move|p2a: Goodra|Iron Head|p1a: Garganacl\n|-supereffective|p1a: Garganacl\n|-damage|p1a: Garganacl|0 fnt\n|faint|p1a: Garganacl\n|\n|-fieldend|Misty Terrain\n|upkeep\n|inactive|diamond2lion has 30 seconds left.\n|\n|t:|1700115350\n|switch|p1a: Scream Tail|Scream Tail, shiny|100\/100\n|turn|29\n|\n|t:|1700115359\n|move|p1a: Scream Tail|Encore|p2a: Goodra\n|-start|p2a: Goodra|Encore\n|move|p2a: Goodra|Iron Head|p1a: Scream Tail\n|-supereffective|p1a: Scream Tail\n|-damage|p1a: Scream Tail|55\/100\n|\n|-heal|p1a: Scream Tail|62\/100|[from] item: Leftovers\n|upkeep\n|turn|30\n|inactive|diamond2lion has 30 seconds left.\n|\n|t:|1700115375\n|move|p1a: Scream Tail|Misty Terrain|p1a: Scream Tail\n|-fieldstart|move: Misty Terrain\n|move|p2a: Goodra|Iron Head|p1a: Scream Tail\n|-supereffective|p1a: Scream Tail\n|-damage|p1a: Scream Tail|17\/100\n|\n|-heal|p1a: Scream Tail|23\/100|[from] item: Leftovers\n|upkeep\n|turn|31\n|\n|t:|1700115381\n|move|p1a: Scream Tail|Dazzling Gleam|p2a: Goodra\n|-damage|p2a: Goodra|75\/100\n|move|p2a: Goodra|Iron Head|p1a: Scream Tail\n|-supereffective|p1a: Scream Tail\n|-damage|p1a: Scream Tail|0 fnt\n|faint|p1a: Scream Tail\n|-end|p1a: Scream Tail|Protosynthesis|[silent]\n|\n|-end|p2a: Goodra|Encore\n|upkeep\n|c|\u2606Serranity|:[\n|inactive|diamond2lion has 30 seconds left.\n|\n|t:|1700115394\n|switch|p1a: Great Tusk|Great Tusk|1\/100\n|turn|32\n|\n|t:|1700115402\n|switch|p2a: Landorus|Landorus-Therian, M|48\/100\n|-damage|p2a: Landorus|36\/100|[from] Stealth Rock\n|-ability|p2a: Landorus|Intimidate|boost\n|-unboost|p1a: Great Tusk|atk|1\n|move|p1a: Great Tusk|Headlong Rush|p2a: Landorus\n|-immune|p2a: Landorus\n|\n|upkeep\n|turn|33\n|\n|t:|1700115413\n|move|p1a: Great Tusk|Ice Spinner|p2a: Landorus\n|-supereffective|p2a: Landorus\n|-damage|p2a: Landorus|0 fnt\n|-damage|p1a: Great Tusk|0 fnt|[from] item: Rocky Helmet|[of] p2a: Landorus\n|faint|p2a: Landorus\n|faint|p1a: Great Tusk\n|-end|p1a: Great Tusk|Protosynthesis|[silent]\n|\n|upkeep\n|\n|t:|1700115418\n|switch|p1a: Winston|Infernape, F|4\/100\n|switch|p2a: Enamorus|Enamorus, F|94\/100 brn\n|-damage|p2a: Enamorus|69\/100 brn|[from] Stealth Rock\n|turn|34\n|\n|t:|1700115425\n|move|p2a: Enamorus|Moonblast|p1a: Winston\n|-damage|p1a: Winston|0 fnt\n|faint|p1a: Winston\n|\n|win|Serranity\n|raw|diamond2lion's rating: 1049 &rarr; <strong>1033<\/strong><br \/>(-16 for losing)\n|raw|Serranity's rating: 1079 &rarr; <strong>1105<\/strong><br \/>(+26 for winning)\n|l|\u2606diamond2lion\n","uploadtime":1700115433,"views":33,"p1id":"diamond2lion","p2id":"serranity","formatid":"gen9ou","rating":1033,"private":0,"password":""}