{"id":"gen9ou-1988401711","p1":"2021MarkelleFultz","p2":"CapitalistCapper","format":"[Gen 9] OU","log":"|j|\u26062021MarkelleFultz\n|j|\u2606CapitalistCapper\n|t:|1699718892\n|gametype|singles\n|player|p1|2021MarkelleFultz|caitlin|1335\n|player|p2|CapitalistCapper|ghetsis|1440\n|teamsize|p1|6\n|teamsize|p2|6\n|gen|9\n|tier|[Gen 9] OU\n|rated|\n|rule|Sleep Clause Mod: Limit one foe put to sleep\n|rule|Species Clause: Limit one of each Pok\u00e9mon\n|rule|OHKO Clause: OHKO moves are banned\n|rule|Evasion Items Clause: Evasion items are banned\n|rule|Evasion Moves Clause: Evasion moves are banned\n|rule|Endless Battle Clause: Forcing endless battles is banned\n|rule|HP Percentage Mod: HP is shown in percentages\n|clearpoke\n|poke|p1|Pelipper, M|\n|poke|p1|Barraskewda, F|\n|poke|p1|Great Tusk|\n|poke|p1|Zapdos|\n|poke|p1|Kingambit, F|\n|poke|p1|Corviknight, F|\n|poke|p2|Iron Valiant|\n|poke|p2|Ting-Lu|\n|poke|p2|Slowking-Galar, M|\n|poke|p2|Zapdos|\n|poke|p2|Enamorus, F|\n|poke|p2|Quaquaval, F|\n|teampreview\n|inactive|Battle timer is ON: inactive players will automatically lose when time's up. (requested by 2021MarkelleFultz)\n|\n|t:|1699718899\n|start\n|switch|p1a: Quandale Wingull|Pelipper, M|100\/100\n|switch|p2a: Zapdos|Zapdos|100\/100\n|-weather|RainDance|[from] ability: Drizzle|[of] p1a: Quandale Wingull\n|turn|1\n|\n|t:|1699718903\n|switch|p1a: Tusky Depot|Great Tusk|100\/100\n|-enditem|p1a: Tusky Depot|Booster Energy\n|-activate|p1a: Tusky Depot|ability: Protosynthesis|[fromitem]\n|-start|p1a: Tusky Depot|protosynthesisatk\n|move|p2a: Zapdos|Thunderbolt|p1a: Tusky Depot\n|-immune|p1a: Tusky Depot\n|\n|-weather|RainDance|[upkeep]\n|upkeep\n|turn|2\n|\n|t:|1699718905\n|-end|p1a: Tusky Depot|Protosynthesis|[silent]\n|switch|p1a: Chirp Holmgren|Zapdos|100\/100\n|move|p2a: Zapdos|Hurricane|p1a: Chirp Holmgren\n|-resisted|p1a: Chirp Holmgren\n|-damage|p1a: Chirp Holmgren|66\/100\n|\n|-weather|RainDance|[upkeep]\n|upkeep\n|turn|3\n|\n|t:|1699718908\n|switch|p2a: Ting-Lu|Ting-Lu|100\/100\n|-ability|p2a: Ting-Lu|Vessel of Ruin\n|move|p1a: Chirp Holmgren|Thunder|p2a: Ting-Lu\n|-immune|p2a: Ting-Lu\n|\n|-weather|RainDance|[upkeep]\n|upkeep\n|turn|4\n|\n|t:|1699718912\n|switch|p1a: ScHoolBoy Skew|Barraskewda, F|100\/100\n|move|p2a: Ting-Lu|Stealth Rock|p1a: ScHoolBoy Skew\n|-sidestart|p1: 2021MarkelleFultz|move: Stealth Rock\n|\n|-weather|RainDance|[upkeep]\n|upkeep\n|turn|5\n|\n|t:|1699718929\n|-terastallize|p1a: ScHoolBoy Skew|Water\n|move|p1a: ScHoolBoy Skew|Liquidation|p2a: Ting-Lu\n|-supereffective|p2a: Ting-Lu\n|-damage|p2a: Ting-Lu|0 fnt\n|faint|p2a: Ting-Lu\n|\n|-weather|RainDance|[upkeep]\n|upkeep\n|\n|t:|1699718937\n|switch|p2a: Slowking|Slowking-Galar, M|100\/100\n|turn|6\n|\n|t:|1699718949\n|-terastallize|p2a: Slowking|Grass\n|move|p1a: ScHoolBoy Skew|Liquidation|p2a: Slowking\n|-resisted|p2a: Slowking\n|-crit|p2a: Slowking\n|-damage|p2a: Slowking|31\/100\n|-unboost|p2a: Slowking|def|1\n|move|p2a: Slowking|Thunder Wave|p1a: ScHoolBoy Skew\n|-status|p1a: ScHoolBoy Skew|par\n|\n|-weather|RainDance|[upkeep]\n|upkeep\n|turn|7\n|\n|t:|1699718958\n|switch|p2a: Quaquaval|Quaquaval, F|100\/100\n|move|p1a: ScHoolBoy Skew|Liquidation|p2a: Quaquaval\n|-resisted|p2a: Quaquaval\n|-damage|p2a: Quaquaval|4\/100\n|\n|-weather|RainDance|[upkeep]\n|upkeep\n|turn|8\n|\n|t:|1699718964\n|move|p1a: ScHoolBoy Skew|Liquidation|p2a: Quaquaval\n|-resisted|p2a: Quaquaval\n|-damage|p2a: Quaquaval|0 fnt\n|faint|p2a: Quaquaval\n|\n|-weather|none\n|upkeep\n|\n|t:|1699718966\n|switch|p2a: Zapdos|Zapdos|100\/100\n|turn|9\n|\n|t:|1699718971\n|switch|p1a: Kyle Corver|Corviknight, F|100\/100\n|-damage|p1a: Kyle Corver|88\/100|[from] Stealth Rock\n|-ability|p1a: Kyle Corver|Pressure\n|move|p2a: Zapdos|Thunderbolt|p1a: Kyle Corver\n|-supereffective|p1a: Kyle Corver\n|-damage|p1a: Kyle Corver|0 fnt\n|faint|p1a: Kyle Corver\n|\n|upkeep\n|\n|t:|1699718983\n|switch|p1a: Chirp Holmgren|Zapdos|66\/100\n|-damage|p1a: Chirp Holmgren|41\/100|[from] Stealth Rock\n|turn|10\n|\n|t:|1699718986\n|move|p1a: Chirp Holmgren|Hurricane|p2a: Zapdos|[miss]\n|-miss|p1a: Chirp Holmgren|p2a: Zapdos\n|move|p2a: Zapdos|Thunderbolt|p1a: Chirp Holmgren\n|-damage|p1a: Chirp Holmgren|0 fnt\n|faint|p1a: Chirp Holmgren\n|\n|upkeep\n|\n|t:|1699718989\n|switch|p1a: Quandale Wingull|Pelipper, M|100\/100\n|-damage|p1a: Quandale Wingull|76\/100|[from] Stealth Rock\n|-weather|RainDance|[from] ability: Drizzle|[of] p1a: Quandale Wingull\n|turn|11\n|\n|t:|1699718992\n|switch|p1a: Tusky Depot|Great Tusk|100\/100\n|-damage|p1a: Tusky Depot|98\/100|[from] Stealth Rock\n|move|p2a: Zapdos|Thunderbolt|p1a: Tusky Depot\n|-immune|p1a: Tusky Depot\n|\n|-weather|RainDance|[upkeep]\n|upkeep\n|turn|12\n|\n|t:|1699718993\n|move|p2a: Zapdos|Hurricane|p1a: Tusky Depot\n|-supereffective|p1a: Tusky Depot\n|-damage|p1a: Tusky Depot|0 fnt\n|faint|p1a: Tusky Depot\n|-end|p1a: Tusky Depot|Protosynthesis|[silent]\n|\n|-weather|RainDance|[upkeep]\n|upkeep\n|\n|t:|1699718995\n|switch|p1a: ScHoolBoy Skew|Barraskewda, F, tera:Water|100\/100 par\n|-damage|p1a: ScHoolBoy Skew|88\/100 par|[from] Stealth Rock\n|turn|13\n|\n|t:|1699718998\n|move|p1a: ScHoolBoy Skew|Liquidation|p2a: Zapdos\n|-damage|p2a: Zapdos|0 fnt\n|faint|p2a: Zapdos\n|\n|-weather|RainDance|[upkeep]\n|upkeep\n|\n|t:|1699719003\n|switch|p2a: Iron Valiant|Iron Valiant, shiny|100\/100\n|-enditem|p2a: Iron Valiant|Booster Energy\n|-activate|p2a: Iron Valiant|ability: Quark Drive|[fromitem]\n|-start|p2a: Iron Valiant|quarkdrivespe\n|turn|14\n|\n|t:|1699719008\n|switch|p1a: Gambino|Kingambit, F|100\/100\n|-damage|p1a: Gambino|94\/100|[from] Stealth Rock\n|-activate|p1a: Gambino|ability: Supreme Overlord\n|-start|p1a: Gambino|fallen3|[silent]\n|move|p2a: Iron Valiant|Thunderbolt|p1a: Gambino\n|-damage|p1a: Gambino|65\/100\n|\n|-weather|RainDance|[upkeep]\n|-heal|p1a: Gambino|71\/100|[from] item: Leftovers\n|upkeep\n|turn|15\n|\n|t:|1699719014\n|move|p1a: Gambino|Sucker Punch|p2a: Iron Valiant\n|-resisted|p2a: Iron Valiant\n|-damage|p2a: Iron Valiant|83\/100\n|move|p2a: Iron Valiant|Aura Sphere|p1a: Gambino\n|-supereffective|p1a: Gambino\n|-damage|p1a: Gambino|0 fnt\n|faint|p1a: Gambino\n|-end|p1a: Gambino|fallen3|[silent]\n|\n|-weather|RainDance|[upkeep]\n|upkeep\n|\n|t:|1699719016\n|switch|p1a: ScHoolBoy Skew|Barraskewda, F, tera:Water|88\/100 par\n|-damage|p1a: ScHoolBoy Skew|76\/100 par|[from] Stealth Rock\n|turn|16\n|\n|t:|1699719020\n|move|p2a: Iron Valiant|Thunderbolt|p1a: ScHoolBoy Skew\n|-supereffective|p1a: ScHoolBoy Skew\n|-damage|p1a: ScHoolBoy Skew|0 fnt\n|faint|p1a: ScHoolBoy Skew\n|\n|-weather|RainDance|[upkeep]\n|upkeep\n|c|\u2606CapitalistCapper|gg\n|-message|2021MarkelleFultz forfeited.\n|\n|win|CapitalistCapper\n|raw|2021MarkelleFultz's rating: 1335 &rarr; <strong>1321<\/strong><br \/>(-14 for losing)\n|raw|CapitalistCapper's rating: 1440 &rarr; <strong>1454<\/strong><br \/>(+14 for winning)\n|l|\u26062021MarkelleFultz\n","uploadtime":1699719031,"views":17,"p1id":"2021markellefultz","p2id":"capitalistcapper","formatid":"gen9ou","rating":1321,"private":0,"password":""}