{"id":"gen9ou-1988624309","p1":"Workoutbrobroman","p2":"Rubyboi711","format":"[Gen 9] OU","log":"|j|\u2606Workoutbrobroman\n|j|\u2606Rubyboi711\n|t:|1699743248\n|gametype|singles\n|player|p1|Workoutbrobroman|blackbelt-gen4dp|1170\n|player|p2|Rubyboi711|volkner|1273\n|teamsize|p1|6\n|teamsize|p2|6\n|gen|9\n|tier|[Gen 9] OU\n|rated|\n|rule|Sleep Clause Mod: Limit one foe put to sleep\n|rule|Species Clause: Limit one of each Pok\u00e9mon\n|rule|OHKO Clause: OHKO moves are banned\n|rule|Evasion Items Clause: Evasion items are banned\n|rule|Evasion Moves Clause: Evasion moves are banned\n|rule|Endless Battle Clause: Forcing endless battles is banned\n|rule|HP Percentage Mod: HP is shown in percentages\n|clearpoke\n|poke|p1|Walking Wake|\n|poke|p1|Maushold-Four|\n|poke|p1|Dragonite, M|\n|poke|p1|Weezing-Galar, M|\n|poke|p1|Great Tusk|\n|poke|p1|Muk-Alola, M|\n|poke|p2|Zamazenta-*|\n|poke|p2|Gyarados, M|\n|poke|p2|Forretress, F|\n|poke|p2|Ogerpon-Cornerstone, F|\n|poke|p2|Kommo-o, M|\n|poke|p2|Electrode-Hisui|\n|teampreview\n|\n|t:|1699743259\n|start\n|switch|p1a: Weezing|Weezing-Galar, M|100\/100\n|switch|p2a: Forretress|Forretress, F|100\/100\n|turn|1\n|\n|t:|1699743266\n|move|p1a: Weezing|Overheat|p2a: Forretress\n|-supereffective|p2a: Forretress\n|-ability|p2a: Forretress|Sturdy\n|-damage|p2a: Forretress|1\/100\n|-unboost|p1a: Weezing|spa|2\n|move|p2a: Forretress|Gyro Ball|p1a: Weezing\n|-supereffective|p1a: Weezing\n|-damage|p1a: Weezing|51\/100\n|\n|upkeep\n|turn|2\n|-enditem|p2a: Forretress|Custap Berry|[eat]\n|-activate|p2a: Forretress|item: Custap Berry|[consumed]\n|\n|t:|1699743276\n|move|p2a: Forretress|Explosion|p1a: Weezing\n|-crit|p1a: Weezing\n|-damage|p1a: Weezing|0 fnt\n|faint|p2a: Forretress\n|faint|p1a: Weezing\n|\n|upkeep\n|\n|t:|1699743300\n|switch|p1a: Maushold|Maushold-Four|100\/100\n|switch|p2a: Kommo-o|Kommo-o, M|100\/100\n|turn|3\n|\n|t:|1699743308\n|-terastallize|p2a: Kommo-o|Steel\n|move|p1a: Maushold|Tidy Up|p1a: Maushold\n|-boost|p1a: Maushold|atk|1\n|-boost|p1a: Maushold|spe|1\n|move|p2a: Kommo-o|Clangorous Soul|p2a: Kommo-o\n|-boost|p2a: Kommo-o|atk|1\n|-boost|p2a: Kommo-o|def|1\n|-boost|p2a: Kommo-o|spa|1\n|-boost|p2a: Kommo-o|spd|1\n|-boost|p2a: Kommo-o|spe|1\n|-damage|p2a: Kommo-o|68\/100\n|-enditem|p2a: Kommo-o|Throat Spray\n|-boost|p2a: Kommo-o|spa|1|[from] item: Throat Spray\n|\n|upkeep\n|turn|4\n|\n|t:|1699743321\n|move|p2a: Kommo-o|Vacuum Wave|p1a: Maushold\n|-supereffective|p1a: Maushold\n|-damage|p1a: Maushold|0 fnt\n|faint|p1a: Maushold\n|\n|upkeep\n|\n|t:|1699743343\n|switch|p1a: Walking Wake|Walking Wake|100\/100\n|turn|5\n|\n|t:|1699743349\n|move|p1a: Walking Wake|Flamethrower|p2a: Kommo-o\n|-supereffective|p2a: Kommo-o\n|-damage|p2a: Kommo-o|25\/100\n|-status|p2a: Kommo-o|brn\n|move|p2a: Kommo-o|Clanging Scales|p1a: Walking Wake\n|-supereffective|p1a: Walking Wake\n|-damage|p1a: Walking Wake|0 fnt\n|faint|p1a: Walking Wake\n|-end|p1a: Walking Wake|Protosynthesis|[silent]\n|-unboost|p2a: Kommo-o|def|1\n|\n|-damage|p2a: Kommo-o|19\/100 brn|[from] brn\n|upkeep\n|\n|t:|1699743362\n|switch|p1a: Dragonite|Dragonite, M|100\/100\n|turn|6\n|\n|t:|1699743369\n|move|p1a: Dragonite|Extreme Speed|p2a: Kommo-o\n|-resisted|p2a: Kommo-o\n|-damage|p2a: Kommo-o|0 fnt\n|faint|p2a: Kommo-o\n|\n|upkeep\n|\n|t:|1699743384\n|switch|p2a: Electrode|Electrode-Hisui|100\/100\n|turn|7\n|\n|t:|1699743389\n|-terastallize|p1a: Dragonite|Normal\n|move|p1a: Dragonite|Extreme Speed|p2a: Electrode\n|-damage|p2a: Electrode|0 fnt\n|-damage|p1a: Dragonite|76\/100|[from] ability: Aftermath|[of] p2a: Electrode\n|faint|p2a: Electrode\n|\n|upkeep\n|\n|t:|1699743399\n|switch|p2a: Zamazenta|Zamazenta|100\/100\n|-ability|p2a: Zamazenta|Dauntless Shield|boost\n|-boost|p2a: Zamazenta|def|1\n|turn|8\n|\n|t:|1699743405\n|switch|p1a: Great Tusk|Great Tusk|100\/100\n|move|p2a: Zamazenta|Close Combat|p1a: Great Tusk\n|-damage|p1a: Great Tusk|58\/100\n|-unboost|p2a: Zamazenta|def|1\n|-unboost|p2a: Zamazenta|spd|1\n|-damage|p2a: Zamazenta|84\/100|[from] item: Rocky Helmet|[of] p1a: Great Tusk\n|\n|upkeep\n|turn|9\n|\n|t:|1699743415\n|switch|p2a: Gyarados|Gyarados, M, shiny|100\/100\n|move|p1a: Great Tusk|Stealth Rock|p2a: Gyarados\n|-sidestart|p2: Rubyboi711|move: Stealth Rock\n|\n|upkeep\n|turn|10\n|\n|t:|1699743424\n|-end|p1a: Great Tusk|Protosynthesis|[silent]\n|switch|p1a: Muk|Muk-Alola, M|100\/100\n|move|p2a: Gyarados|Dragon Dance|p2a: Gyarados\n|-boost|p2a: Gyarados|atk|1\n|-boost|p2a: Gyarados|spe|1\n|\n|upkeep\n|turn|11\n|\n|t:|1699743433\n|move|p2a: Gyarados|Earthquake|p1a: Muk\n|-supereffective|p1a: Muk\n|-damage|p1a: Muk|0 fnt\n|faint|p1a: Muk\n|-ability|p2a: Gyarados|Moxie|boost\n|-boost|p2a: Gyarados|atk|1\n|\n|upkeep\n|\n|t:|1699743445\n|switch|p1a: Dragonite|Dragonite, M, tera:Normal|76\/100\n|turn|12\n|\n|t:|1699743449\n|move|p1a: Dragonite|Extreme Speed|p2a: Gyarados\n|-damage|p2a: Gyarados|3\/100\n|move|p2a: Gyarados|Waterfall|p1a: Dragonite\n|-damage|p1a: Dragonite|0 fnt\n|faint|p1a: Dragonite\n|-ability|p2a: Gyarados|Moxie|boost\n|-boost|p2a: Gyarados|atk|1\n|\n|upkeep\n|\n|t:|1699743458\n|switch|p1a: Great Tusk|Great Tusk|58\/100\n|turn|13\n|-message|Workoutbrobroman forfeited.\n|\n|win|Rubyboi711\n|raw|Workoutbrobroman's rating: 1195 &rarr; <strong>1176<\/strong><br \/>(-19 for losing)\n|raw|Rubyboi711's rating: 1273 &rarr; <strong>1292<\/strong><br \/>(+19 for winning)\n|l|\u2606Workoutbrobroman\n","uploadtime":1699743464,"views":10,"p1id":"workoutbrobroman","p2id":"rubyboi711","formatid":"gen9ou","rating":1176,"private":0,"password":""}