{"id":"gen9ou-1995291700","p1":"mcgriddlesoe","p2":"Dervon","format":"[Gen 9] OU","log":"|j|\u2606mcgriddlesoe\n|j|\u2606Dervon\n|t:|1700547998\n|gametype|singles\n|player|p1|mcgriddlesoe|roughneck-gen4|1256\n|player|p2|Dervon|102|1173\n|teamsize|p1|6\n|teamsize|p2|6\n|gen|9\n|tier|[Gen 9] OU\n|rated|\n|rule|Sleep Clause Mod: Limit one foe put to sleep\n|rule|Species Clause: Limit one of each Pok\u00e9mon\n|rule|OHKO Clause: OHKO moves are banned\n|rule|Evasion Items Clause: Evasion items are banned\n|rule|Evasion Moves Clause: Evasion moves are banned\n|rule|Endless Battle Clause: Forcing endless battles is banned\n|rule|HP Percentage Mod: HP is shown in percentages\n|clearpoke\n|poke|p1|Lokix, M|\n|poke|p1|Ogerpon-Wellspring, F|\n|poke|p1|Corviknight, F|\n|poke|p1|Zoroark-Hisui, M|\n|poke|p1|Great Tusk|\n|poke|p1|Ceruledge, M|\n|poke|p2|Kingambit, F|\n|poke|p2|Cinderace, F|\n|poke|p2|Gholdengo|\n|poke|p2|Clefable, F|\n|poke|p2|Zapdos|\n|poke|p2|Walking Wake|\n|teampreview\n|inactive|Battle timer is ON: inactive players will automatically lose when time's up. (requested by Dervon)\n|c|\u2606mcgriddlesoe|glhf\n|c|\u2606Dervon|u 2\n|inactive|mcgriddlesoe has 120 seconds left.\n|\n|t:|1700548085\n|start\n|switch|p1a: Medium Tusk|Great Tusk|100\/100\n|switch|p2a: Clefable|Clefable, F|100\/100\n|-enditem|p1a: Medium Tusk|Booster Energy\n|-activate|p1a: Medium Tusk|ability: Protosynthesis|[fromitem]\n|-start|p1a: Medium Tusk|protosynthesisatk\n|turn|1\n|\n|t:|1700548100\n|move|p1a: Medium Tusk|Headlong Rush|p2a: Clefable\n|-damage|p2a: Clefable|16\/100\n|-unboost|p1a: Medium Tusk|def|1\n|-unboost|p1a: Medium Tusk|spd|1\n|move|p2a: Clefable|Moonblast|p1a: Medium Tusk\n|-supereffective|p1a: Medium Tusk\n|-damage|p1a: Medium Tusk|6\/100\n|-unboost|p1a: Medium Tusk|spa|1\n|\n|upkeep\n|turn|2\n|\n|t:|1700548115\n|switch|p2a: Zapdos|Zapdos|100\/100\n|move|p1a: Medium Tusk|Rapid Spin|p2a: Zapdos\n|-damage|p2a: Zapdos|84\/100\n|-boost|p1a: Medium Tusk|spe|1\n|-status|p1a: Medium Tusk|par|[from] ability: Static|[of] p2a: Zapdos\n|\n|upkeep\n|turn|3\n|\n|t:|1700548125\n|move|p2a: Zapdos|Hurricane|p1a: Medium Tusk\n|-supereffective|p1a: Medium Tusk\n|-damage|p1a: Medium Tusk|0 fnt\n|faint|p1a: Medium Tusk\n|-end|p1a: Medium Tusk|Protosynthesis|[silent]\n|\n|upkeep\n|\n|t:|1700548141\n|switch|p1a: Pablo|Lokix, M|100\/100\n|turn|4\n|\n|t:|1700548145\n|move|p1a: Pablo|Shadow Ball|p2a: Zapdos\n|-damage|p2a: Zapdos|46\/100\n|move|p2a: Zapdos|Volt Switch|p1a: Pablo\n|-damage|p1a: Pablo|43\/100\n|replace|p1a: Gottem|Zoroark-Hisui, M\n|-end|p1a: Gottem|Illusion\n|\n|t:|1700548159\n|switch|p2a: Cinderace|Cinderace, F|100\/100|[from] Volt Switch\n|\n|upkeep\n|turn|5\n|inactive|mcgriddlesoe has 120 seconds left.\n|\n|t:|1700548195\n|move|p2a: Cinderace|Pyro Ball|p1a: Gottem\n|-crit|p1a: Gottem\n|-damage|p1a: Gottem|0 fnt\n|faint|p1a: Gottem\n|\n|upkeep\n|\n|t:|1700548197\n|switch|p1a: Deadass|Ceruledge, M|100\/100\n|turn|6\n|\n|t:|1700548206\n|move|p2a: Cinderace|Pyro Ball|p1a: Deadass\n|-resisted|p1a: Deadass\n|-damage|p1a: Deadass|59\/100\n|-ability|p1a: Deadass|Weak Armor|boost\n|-unboost|p1a: Deadass|def|1\n|-boost|p1a: Deadass|spe|2\n|move|p1a: Deadass|Swords Dance|p1a: Deadass\n|-boost|p1a: Deadass|atk|2\n|\n|upkeep\n|turn|7\n|inactive|mcgriddlesoe has 120 seconds left.\n|\n|t:|1700548255\n|-terastallize|p2a: Cinderace|Fire\n|move|p1a: Deadass|Swords Dance|p1a: Deadass\n|-boost|p1a: Deadass|atk|2\n|move|p2a: Cinderace|Pyro Ball|p1a: Deadass\n|-resisted|p1a: Deadass\n|-damage|p1a: Deadass|0 fnt\n|faint|p1a: Deadass\n|\n|upkeep\n|\n|t:|1700548261\n|switch|p1a: Oger|Ogerpon-Wellspring, F|100\/100\n|turn|8\n|\n|t:|1700548266\n|-terastallize|p1a: Oger|Water\n|detailschange|p1a: Oger|Ogerpon-Wellspring-Tera, F, tera:Water\n|-ability|p1a: Oger|Embody Aspect (Wellspring)|boost\n|-boost|p1a: Oger|spd|1\n|move|p2a: Cinderace|U-turn|p1a: Oger\n|-damage|p1a: Oger|69\/100\n|\n|t:|1700548274\n|switch|p2a: Clefable|Clefable, F|16\/100|[from] U-turn\n|move|p1a: Oger|Ivy Cudgel|p2a: Clefable|[anim] Ivy Cudgel Water\n|-damage|p2a: Clefable|0 fnt\n|faint|p2a: Clefable\n|\n|upkeep\n|\n|t:|1700548283\n|switch|p2a: Walking Wake|Walking Wake|100\/100\n|turn|9\n|inactive|mcgriddlesoe has 90 seconds left.\n|\n|t:|1700548314\n|move|p1a: Oger|Horn Leech|p2a: Walking Wake\n|-damage|p2a: Walking Wake|55\/100\n|-heal|p1a: Oger|95\/100|[from] drain|[of] p2a: Walking Wake\n|move|p2a: Walking Wake|Draco Meteor|p1a: Oger\n|-damage|p1a: Oger|17\/100\n|-unboost|p2a: Walking Wake|spa|2\n|\n|upkeep\n|turn|10\n|\n|t:|1700548325\n|move|p1a: Oger|Horn Leech|p2a: Walking Wake\n|-damage|p2a: Walking Wake|10\/100\n|-heal|p1a: Oger|43\/100|[from] drain|[of] p2a: Walking Wake\n|move|p2a: Walking Wake|Draco Meteor|p1a: Oger\n|-damage|p1a: Oger|4\/100\n|-unboost|p2a: Walking Wake|spa|2\n|\n|upkeep\n|turn|11\n|\n|t:|1700548335\n|move|p1a: Oger|Horn Leech|p2a: Walking Wake\n|-damage|p2a: Walking Wake|0 fnt\n|-heal|p1a: Oger|10\/100|[from] drain|[of] p2a: Walking Wake\n|faint|p2a: Walking Wake\n|-end|p2a: Walking Wake|Protosynthesis|[silent]\n|\n|upkeep\n|\n|t:|1700548341\n|switch|p2a: Cinderace|Cinderace, F, tera:Fire|100\/100\n|turn|12\n|inactive|mcgriddlesoe has 90 seconds left.\n|\n|t:|1700548362\n|move|p2a: Cinderace|U-turn|p1a: Oger\n|-damage|p1a: Oger|0 fnt\n|faint|p1a: Oger\n|\n|t:|1700548375\n|switch|p2a: Gholdengo|Gholdengo|100\/100|[from] U-turn\n|-item|p2a: Gholdengo|Air Balloon\n|\n|upkeep\n|\n|t:|1700548380\n|switch|p1a: Pablo|Lokix, M|100\/100\n|turn|13\n|\n|t:|1700548389\n|switch|p2a: Cinderace|Cinderace, F, tera:Fire|100\/100\n|move|p1a: Pablo|Knock Off|p2a: Cinderace\n|-damage|p2a: Cinderace|1\/100\n|-enditem|p2a: Cinderace|Heavy-Duty Boots|[from] move: Knock Off|[of] p1a: Pablo\n|\n|upkeep\n|turn|14\n|\n|t:|1700548398\n|switch|p1a: Dark Knight|Corviknight, F|100\/100\n|-ability|p1a: Dark Knight|Pressure\n|move|p2a: Cinderace|Pyro Ball|p1a: Dark Knight\n|-supereffective|p1a: Dark Knight\n|-damage|p1a: Dark Knight|7\/100\n|\n|upkeep\n|turn|15\n|inactive|mcgriddlesoe has 120 seconds left.\n|\n|t:|1700548408\n|move|p2a: Cinderace|Pyro Ball|p1a: Dark Knight|[miss]\n|-miss|p2a: Cinderace|p1a: Dark Knight\n|move|p1a: Dark Knight|Body Press|p2a: Cinderace\n|-damage|p2a: Cinderace|0 fnt\n|faint|p2a: Cinderace\n|\n|upkeep\n|\n|t:|1700548416\n|switch|p2a: Zapdos|Zapdos|46\/100\n|turn|16\n|\n|t:|1700548423\n|move|p2a: Zapdos|Roost|p2a: Zapdos\n|-heal|p2a: Zapdos|96\/100\n|-singleturn|p2a: Zapdos|move: Roost\n|move|p1a: Dark Knight|Roost|p1a: Dark Knight\n|-heal|p1a: Dark Knight|57\/100\n|-singleturn|p1a: Dark Knight|move: Roost\n|\n|upkeep\n|turn|17\n|\n|t:|1700548432\n|move|p2a: Zapdos|Thunder Wave|p1a: Dark Knight\n|-status|p1a: Dark Knight|par\n|move|p1a: Dark Knight|Body Press|p2a: Zapdos\n|-resisted|p2a: Zapdos\n|-damage|p2a: Zapdos|87\/100\n|\n|upkeep\n|turn|18\n|inactive|Dervon has 120 seconds left.\n|\n|t:|1700548468\n|move|p2a: Zapdos|Volt Switch|p1a: Dark Knight\n|-supereffective|p1a: Dark Knight\n|-damage|p1a: Dark Knight|4\/100 par\n|\n|t:|1700548478\n|switch|p2a: Gholdengo|Gholdengo|100\/100|[from] Volt Switch\n|-item|p2a: Gholdengo|Air Balloon\n|move|p1a: Dark Knight|Body Press|p2a: Gholdengo\n|-immune|p2a: Gholdengo\n|\n|upkeep\n|turn|19\n|inactive|Dervon has 120 seconds left.\n|\n|t:|1700548501\n|move|p2a: Gholdengo|Shadow Ball|p1a: Dark Knight\n|-damage|p1a: Dark Knight|0 fnt\n|faint|p1a: Dark Knight\n|\n|upkeep\n|inactive|mcgriddlesoe has 120 seconds left.\n|\n|t:|1700548558\n|switch|p1a: Pablo|Lokix, M|100\/100\n|turn|20\n|\n|t:|1700548568\n|move|p1a: Pablo|Knock Off|p2a: Gholdengo\n|-supereffective|p2a: Gholdengo\n|-crit|p2a: Gholdengo\n|-damage|p2a: Gholdengo|0 fnt\n|-enditem|p2a: Gholdengo|Air Balloon\n|faint|p2a: Gholdengo\n|\n|upkeep\n|\n|t:|1700548574\n|switch|p2a: Zapdos|Zapdos|87\/100\n|turn|21\n|\n|t:|1700548577\n|move|p1a: Pablo|Knock Off|p2a: Zapdos\n|-damage|p2a: Zapdos|38\/100\n|-enditem|p2a: Zapdos|Heavy-Duty Boots|[from] move: Knock Off|[of] p1a: Pablo\n|move|p2a: Zapdos|Thunder Wave|p1a: Pablo\n|-status|p1a: Pablo|par\n|\n|upkeep\n|turn|22\n|\n|t:|1700548584\n|move|p2a: Zapdos|Roost|p2a: Zapdos\n|-heal|p2a: Zapdos|88\/100\n|-singleturn|p2a: Zapdos|move: Roost\n|move|p1a: Pablo|Knock Off|p2a: Zapdos\n|-damage|p2a: Zapdos|55\/100\n|\n|upkeep\n|turn|23\n|\n|t:|1700548591\n|move|p2a: Zapdos|Hurricane|p1a: Pablo\n|-supereffective|p1a: Pablo\n|-damage|p1a: Pablo|0 fnt\n|faint|p1a: Pablo\n|\n|win|Dervon\n|raw|mcgriddlesoe's rating: 1256 &rarr; <strong>1225<\/strong><br \/>(-31 for losing)\n|raw|Dervon's rating: 1173 &rarr; <strong>1204<\/strong><br \/>(+31 for winning)\n","uploadtime":1700548594,"views":17,"p1id":"mcgriddlesoe","p2id":"dervon","formatid":"gen9ou","rating":1204,"private":0,"password":""}