{"id":"gen9ou-1998040647","p1":"ouvt botolwotol","p2":"Poison Ivy Thorns","format":"[Gen 9] OU","log":"|j|\u2606ouvt botolwotol\n|j|\u2606Poison Ivy Thorns\n|t:|1700882489\n|gametype|singles\n|player|p1|ouvt botolwotol|pokemonrangerf-gen4|1516\n|player|p2|Poison Ivy Thorns|mallow-masters|1502\n|teamsize|p1|6\n|teamsize|p2|6\n|gen|9\n|tier|[Gen 9] OU\n|rated|\n|rule|Sleep Clause Mod: Limit one foe put to sleep\n|rule|Species Clause: Limit one of each Pok\u00e9mon\n|rule|OHKO Clause: OHKO moves are banned\n|rule|Evasion Items Clause: Evasion items are banned\n|rule|Evasion Moves Clause: Evasion moves are banned\n|rule|Endless Battle Clause: Forcing endless battles is banned\n|rule|HP Percentage Mod: HP is shown in percentages\n|clearpoke\n|poke|p1|Rillaboom, F|\n|poke|p1|Tornadus-Therian, M|\n|poke|p1|Ogerpon-Cornerstone, F|\n|poke|p1|Glimmora, F|\n|poke|p1|Greninja-*, M|\n|poke|p1|Iron Valiant|\n|poke|p2|Zapdos|\n|poke|p2|Cinderace, M|\n|poke|p2|Landorus-Therian, M|\n|poke|p2|Rillaboom, M|\n|poke|p2|Samurott-Hisui, M|\n|poke|p2|Dragapult, M|\n|teampreview\n|inactive|Battle timer is ON: inactive players will automatically lose when time's up. (requested by Poison Ivy Thorns)\n|\n|t:|1700882504\n|start\n|switch|p1a: Glimmora|Glimmora, F|100\/100\n|switch|p2a: Landorus|Landorus-Therian, M|100\/100\n|-ability|p2a: Landorus|Intimidate|boost\n|-unboost|p1a: Glimmora|atk|1\n|turn|1\n|\n|t:|1700882509\n|move|p2a: Landorus|Earth Power|p1a: Glimmora\n|-supereffective|p1a: Glimmora\n|-enditem|p1a: Glimmora|Focus Sash\n|-damage|p1a: Glimmora|1\/100\n|move|p1a: Glimmora|Stealth Rock|p2a: Landorus\n|-sidestart|p2: Poison Ivy Thorns|move: Stealth Rock\n|\n|upkeep\n|turn|2\n|\n|t:|1700882515\n|switch|p1a: Rillaboom|Rillaboom, F|100\/100\n|-fieldstart|move: Grassy Terrain|[from] ability: Grassy Surge|[of] p1a: Rillaboom\n|move|p2a: Landorus|Earth Power|p1a: Rillaboom\n|-resisted|p1a: Rillaboom\n|-damage|p1a: Rillaboom|74\/100\n|\n|-heal|p1a: Rillaboom|81\/100|[from] Grassy Terrain\n|upkeep\n|turn|3\n|\n|t:|1700882519\n|switch|p2a: Zapdos|Zapdos|100\/100\n|move|p1a: Rillaboom|Wood Hammer|p2a: Zapdos\n|-resisted|p2a: Zapdos\n|-damage|p2a: Zapdos|37\/100\n|-damage|p1a: Rillaboom|57\/100|[from] Recoil\n|\n|-heal|p1a: Rillaboom|63\/100|[from] Grassy Terrain\n|upkeep\n|turn|4\n|\n|t:|1700882522\n|switch|p1a: Glimmora|Glimmora, F|1\/100\n|move|p2a: Zapdos|Roost|p2a: Zapdos\n|-heal|p2a: Zapdos|87\/100\n|-singleturn|p2a: Zapdos|move: Roost\n|\n|-heal|p1a: Glimmora|7\/100|[from] Grassy Terrain\n|-heal|p2a: Zapdos|93\/100|[from] Grassy Terrain\n|upkeep\n|turn|5\n|\n|t:|1700882526\n|move|p1a: Glimmora|Mortal Spin|p2a: Zapdos\n|-damage|p2a: Zapdos|87\/100\n|-status|p2a: Zapdos|psn\n|move|p2a: Zapdos|U-turn|p1a: Glimmora\n|-resisted|p1a: Glimmora\n|-damage|p1a: Glimmora|0 fnt\n|-activate|p1a: Glimmora|ability: Toxic Debris\n|-sidestart|p2: Poison Ivy Thorns|move: Toxic Spikes\n|faint|p1a: Glimmora\n|\n|t:|1700882530\n|switch|p2a: Landorus|Landorus-Therian, M|100\/100|[from] U-turn\n|-damage|p2a: Landorus|88\/100|[from] Stealth Rock\n|\n|upkeep\n|\n|t:|1700882546\n|switch|p1a: Rillaboom|Rillaboom, F|63\/100\n|turn|6\n|\n|t:|1700882559\n|switch|p1a: Iron Valiant|Iron Valiant|100\/100\n|-enditem|p1a: Iron Valiant|Booster Energy\n|-activate|p1a: Iron Valiant|ability: Quark Drive|[fromitem]\n|-start|p1a: Iron Valiant|quarkdrivespe\n|move|p2a: Landorus|Sludge Bomb|p1a: Iron Valiant\n|-supereffective|p1a: Iron Valiant\n|-damage|p1a: Iron Valiant|2\/100\n|\n|-heal|p1a: Iron Valiant|8\/100|[from] Grassy Terrain\n|-fieldend|move: Grassy Terrain\n|upkeep\n|turn|7\n|\n|t:|1700882580\n|switch|p2a: Dragapult|Dragapult, M|100\/100\n|-damage|p2a: Dragapult|88\/100|[from] Stealth Rock\n|-status|p2a: Dragapult|psn\n|move|p1a: Iron Valiant|Destiny Bond|p1a: Iron Valiant\n|-singlemove|p1a: Iron Valiant|Destiny Bond\n|\n|-heal|p2a: Dragapult|94\/100 psn|[from] item: Leftovers\n|-damage|p2a: Dragapult|82\/100 psn|[from] psn\n|upkeep\n|turn|8\n|\n|t:|1700882586\n|move|p1a: Iron Valiant|Moonblast|p2a: Dragapult\n|-supereffective|p2a: Dragapult\n|-damage|p2a: Dragapult|0 fnt\n|faint|p2a: Dragapult\n|\n|upkeep\n|\n|t:|1700882591\n|switch|p2a: Rillaboom|Rillaboom, M|100\/100\n|-damage|p2a: Rillaboom|88\/100|[from] Stealth Rock\n|-status|p2a: Rillaboom|psn\n|-fieldstart|move: Grassy Terrain|[from] ability: Grassy Surge|[of] p2a: Rillaboom\n|turn|9\n|\n|t:|1700882595\n|move|p2a: Rillaboom|Grassy Glide|p1a: Iron Valiant\n|-crit|p1a: Iron Valiant\n|-damage|p1a: Iron Valiant|0 fnt\n|faint|p1a: Iron Valiant\n|-end|p1a: Iron Valiant|Quark Drive|[silent]\n|\n|-heal|p2a: Rillaboom|94\/100 psn|[from] Grassy Terrain\n|-damage|p2a: Rillaboom|82\/100 psn|[from] psn\n|upkeep\n|\n|t:|1700882597\n|switch|p1a: Tornadus|Tornadus-Therian, M|100\/100\n|turn|10\n|\n|t:|1700882600\n|switch|p2a: Zapdos|Zapdos|87\/100 psn\n|move|p1a: Tornadus|Bleakwind Storm|p2a: Zapdos\n|-resisted|p2a: Zapdos\n|-damage|p2a: Zapdos|66\/100 psn\n|\n|-damage|p2a: Zapdos|54\/100 psn|[from] psn\n|upkeep\n|turn|11\n|\n|t:|1700882604\n|-terastallize|p1a: Tornadus|Electric\n|move|p1a: Tornadus|Nasty Plot|p1a: Tornadus\n|-boost|p1a: Tornadus|spa|2\n|move|p2a: Zapdos|U-turn|p1a: Tornadus\n|-damage|p1a: Tornadus|85\/100\n|\n|t:|1700882614\n|switch|p2a: Rillaboom|Rillaboom, M|82\/100 psn|[from] U-turn\n|-damage|p2a: Rillaboom|70\/100 psn|[from] Stealth Rock\n|\n|-heal|p1a: Tornadus|91\/100|[from] Grassy Terrain\n|-heal|p2a: Rillaboom|76\/100 psn|[from] Grassy Terrain\n|-damage|p2a: Rillaboom|64\/100 psn|[from] psn\n|upkeep\n|turn|12\n|\n|t:|1700882616\n|-terastallize|p2a: Rillaboom|Grass\n|move|p2a: Rillaboom|Grassy Glide|p1a: Tornadus\n|-damage|p1a: Tornadus|2\/100\n|move|p1a: Tornadus|Bleakwind Storm|p2a: Rillaboom\n|-supereffective|p2a: Rillaboom\n|-damage|p2a: Rillaboom|0 fnt\n|faint|p2a: Rillaboom\n|\n|-heal|p1a: Tornadus|8\/100|[from] Grassy Terrain\n|upkeep\n|\n|t:|1700882623\n|switch|p2a: Cinderace|Cinderace, M|100\/100\n|turn|13\n|\n|t:|1700882626\n|move|p2a: Cinderace|Sucker Punch|p1a: Tornadus\n|-start|p2a: Cinderace|typechange|Dark|[from] ability: Libero\n|-crit|p1a: Tornadus\n|-damage|p1a: Tornadus|0 fnt\n|faint|p1a: Tornadus\n|\n|-fieldend|move: Grassy Terrain\n|upkeep\n|\n|t:|1700882632\n|switch|p1a: Rillaboom|Rillaboom, F|63\/100\n|-fieldstart|move: Grassy Terrain|[from] ability: Grassy Surge|[of] p1a: Rillaboom\n|turn|14\n|\n|t:|1700882634\n|switch|p2a: Zapdos|Zapdos|54\/100 psn\n|move|p1a: Rillaboom|Wood Hammer|p2a: Zapdos\n|-resisted|p2a: Zapdos\n|-damage|p2a: Zapdos|0 fnt\n|-status|p1a: Rillaboom|par|[from] ability: Static|[of] p2a: Zapdos\n|faint|p2a: Zapdos\n|-damage|p1a: Rillaboom|43\/100 par|[from] Recoil\n|\n|-heal|p1a: Rillaboom|49\/100 par|[from] Grassy Terrain\n|upkeep\n|\n|t:|1700882641\n|switch|p2a: Cinderace|Cinderace, M|100\/100\n|turn|15\n|\n|t:|1700882646\n|move|p2a: Cinderace|Court Change|p2a: Cinderace\n|-start|p2a: Cinderace|typechange|Normal|[from] ability: Libero\n|-swapsideconditions\n|-activate|p2a: Cinderace|move: Court Change\n|move|p1a: Rillaboom|Wood Hammer|p2a: Cinderace\n|-damage|p2a: Cinderace|0 fnt\n|faint|p2a: Cinderace\n|-damage|p1a: Rillaboom|20\/100 par|[from] Recoil\n|\n|-heal|p1a: Rillaboom|26\/100 par|[from] Grassy Terrain\n|upkeep\n|\n|t:|1700882650\n|switch|p2a: Samurott|Samurott-Hisui, M|100\/100\n|turn|16\n|\n|t:|1700882652\n|move|p2a: Samurott|Ceaseless Edge|p1a: Rillaboom\n|-damage|p1a: Rillaboom|0 fnt\n|-sidestart|p1: ouvt botolwotol|Spikes\n|faint|p1a: Rillaboom\n|\n|upkeep\n|\n|t:|1700882654\n|switch|p1a: Greninja|Greninja, M|100\/100\n|-damage|p1a: Greninja|88\/100|[from] Stealth Rock\n|-status|p1a: Greninja|psn\n|-damage|p1a: Greninja|76\/100 psn|[from] Spikes\n|turn|17\n|\n|t:|1700882656\n|move|p1a: Greninja|Grass Knot|p2a: Samurott\n|-supereffective|p2a: Samurott\n|-enditem|p2a: Samurott|Focus Sash\n|-damage|p2a: Samurott|1\/100\n|-damage|p1a: Greninja|66\/100 psn|[from] item: Life Orb\n|move|p2a: Samurott|Sacred Sword|p1a: Greninja\n|-supereffective|p1a: Greninja\n|-damage|p1a: Greninja|0 fnt\n|faint|p1a: Greninja\n|\n|-heal|p2a: Samurott|7\/100|[from] Grassy Terrain\n|upkeep\n|\n|t:|1700882659\n|switch|p1a: Ogerpon|Ogerpon-Cornerstone, F|100\/100\n|-damage|p1a: Ogerpon|88\/100|[from] Stealth Rock\n|-status|p1a: Ogerpon|psn\n|-damage|p1a: Ogerpon|76\/100 psn|[from] Spikes\n|turn|18\n|\n|t:|1700882663\n|move|p2a: Samurott|Aqua Jet|p1a: Ogerpon\n|-damage|p1a: Ogerpon|53\/100 psn\n|move|p1a: Ogerpon|Ivy Cudgel|p2a: Samurott|[anim] Ivy Cudgel Rock\n|-damage|p2a: Samurott|0 fnt\n|faint|p2a: Samurott\n|\n|-heal|p1a: Ogerpon|59\/100 psn|[from] Grassy Terrain\n|-damage|p1a: Ogerpon|47\/100 psn|[from] psn\n|-fieldend|move: Grassy Terrain\n|upkeep\n|\n|t:|1700882665\n|switch|p2a: Landorus|Landorus-Therian, M|88\/100\n|-ability|p2a: Landorus|Intimidate|boost\n|-unboost|p1a: Ogerpon|atk|1\n|turn|19\n|\n|t:|1700882671\n|move|p2a: Landorus|Earth Power|p1a: Ogerpon\n|-damage|p1a: Ogerpon|0 fnt\n|faint|p1a: Ogerpon\n|\n|win|Poison Ivy Thorns\n|raw|ouvt botolwotol's rating: 1516 &rarr; <strong>1495<\/strong><br \/>(-21 for losing)\n|raw|Poison Ivy Thorns's rating: 1502 &rarr; <strong>1523<\/strong><br \/>(+21 for winning)\n|c|\u2606Poison Ivy Thorns|gg\n","uploadtime":1700882677,"views":1,"p1id":"ouvtbotolwotol","p2id":"poisonivythorns","formatid":"gen9ou","rating":1495,"private":0,"password":""}