{"id":"gen9ou-1990998698","p1":"ivorye","p2":"Izmagack","format":"[Gen 9] OU","log":"|j|\u2606ivorye\n|j|\u2606Izmagack\n|t:|1700025539\n|gametype|singles\n|player|p1|ivorye|lillie-z|1108\n|player|p2|Izmagack|ghetsis-gen5bw|1074\n|teamsize|p1|6\n|teamsize|p2|6\n|gen|9\n|tier|[Gen 9] OU\n|rated|\n|rule|Sleep Clause Mod: Limit one foe put to sleep\n|rule|Species Clause: Limit one of each Pok\u00e9mon\n|rule|OHKO Clause: OHKO moves are banned\n|rule|Evasion Items Clause: Evasion items are banned\n|rule|Evasion Moves Clause: Evasion moves are banned\n|rule|Endless Battle Clause: Forcing endless battles is banned\n|rule|HP Percentage Mod: HP is shown in percentages\n|clearpoke\n|poke|p1|Garchomp, M|\n|poke|p1|Iron Moth|\n|poke|p1|Ninetales-Alola, F|\n|poke|p1|Diancie|\n|poke|p1|Ursaluna, F|\n|poke|p1|Samurott-Hisui, M|\n|poke|p2|Heatran, F|\n|poke|p2|Tyranitar, M|\n|poke|p2|Houndstone, F|\n|poke|p2|Scizor, F|\n|poke|p2|Thundurus-Therian, M|\n|poke|p2|Garchomp, F|\n|teampreview\n|\n|t:|1700025582\n|start\n|switch|p1a: Diancie|Diancie|100\/100\n|switch|p2a: tyranitareturned|Tyranitar, M|100\/100\n|-weather|Sandstorm|[from] ability: Sand Stream|[of] p2a: tyranitareturned\n|turn|1\n|inactive|Battle timer is ON: inactive players will automatically lose when time's up. (requested by Izmagack)\n|\n|t:|1700025589\n|move|p1a: Diancie|Earth Power|p2a: tyranitareturned\n|-supereffective|p2a: tyranitareturned\n|-damage|p2a: tyranitareturned|71\/100\n|move|p2a: tyranitareturned|Stealth Rock|p1a: Diancie\n|-sidestart|p1: ivorye|move: Stealth Rock\n|\n|-weather|Sandstorm|[upkeep]\n|upkeep\n|turn|2\n|\n|t:|1700025595\n|move|p1a: Diancie|Stealth Rock|p2a: tyranitareturned\n|-sidestart|p2: Izmagack|move: Stealth Rock\n|move|p2a: tyranitareturned|Knock Off|p1a: Diancie\n|-resisted|p1a: Diancie\n|-damage|p1a: Diancie|77\/100\n|-enditem|p1a: Diancie|Leftovers|[from] move: Knock Off|[of] p2a: tyranitareturned\n|\n|-weather|Sandstorm|[upkeep]\n|upkeep\n|turn|3\n|\n|t:|1700025605\n|move|p1a: Diancie|Moonblast|p2a: tyranitareturned\n|-supereffective|p2a: tyranitareturned\n|-damage|p2a: tyranitareturned|19\/100\n|move|p2a: tyranitareturned|Earthquake|p1a: Diancie\n|-supereffective|p1a: Diancie\n|-damage|p1a: Diancie|11\/100\n|\n|-weather|Sandstorm|[upkeep]\n|upkeep\n|turn|4\n|\n|t:|1700025612\n|switch|p2a: guido|Heatran, F|100\/100\n|-damage|p2a: guido|88\/100|[from] Stealth Rock\n|move|p1a: Diancie|Moonblast|p2a: guido\n|-resisted|p2a: guido\n|-damage|p2a: guido|76\/100\n|-unboost|p2a: guido|spa|1\n|\n|-weather|Sandstorm|[upkeep]\n|-heal|p2a: guido|82\/100|[from] item: Leftovers\n|upkeep\n|turn|5\n|\n|t:|1700025622\n|move|p2a: guido|Earth Power|p1a: Diancie\n|-supereffective|p1a: Diancie\n|-damage|p1a: Diancie|0 fnt\n|faint|p1a: Diancie\n|\n|-weather|Sandstorm|[upkeep]\n|-heal|p2a: guido|88\/100|[from] item: Leftovers\n|upkeep\n|\n|t:|1700025630\n|switch|p1a: Ursaluna|Ursaluna, F|100\/100\n|-damage|p1a: Ursaluna|94\/100|[from] Stealth Rock\n|turn|6\n|\n|t:|1700025635\n|move|p2a: guido|Protect|p2a: guido\n|-singleturn|p2a: guido|Protect\n|move|p1a: Ursaluna|Drain Punch|p2a: guido\n|-activate|p2a: guido|move: Protect\n|\n|-weather|Sandstorm|[upkeep]\n|-heal|p2a: guido|95\/100|[from] item: Leftovers\n|-status|p1a: Ursaluna|brn|[from] item: Flame Orb\n|upkeep\n|turn|7\n|\n|t:|1700025647\n|switch|p2a: gliscor at home|Garchomp, F|100\/100\n|-damage|p2a: gliscor at home|94\/100|[from] Stealth Rock\n|move|p1a: Ursaluna|Yawn|p2a: gliscor at home\n|-start|p2a: gliscor at home|move: Yawn|[of] p1a: Ursaluna\n|\n|-weather|Sandstorm|[upkeep]\n|-damage|p1a: Ursaluna|88\/100 brn|[from] brn\n|upkeep\n|turn|8\n|inactive|ivorye has 120 seconds left.\n|c|\u2606ivorye|chomp being your gliscor replacement is something i wasnt prepared for\n|\n|t:|1700025687\n|switch|p2a: dawg|Houndstone, F|100\/100\n|-damage|p2a: dawg|88\/100|[from] Stealth Rock\n|move|p1a: Ursaluna|Facade|p2a: dawg\n|-immune|p2a: dawg\n|\n|-weather|none\n|-damage|p1a: Ursaluna|82\/100 brn|[from] brn\n|upkeep\n|turn|9\n|inactive|ivorye has 120 seconds left.\n|\n|t:|1700025707\n|move|p2a: dawg|Play Rough|p1a: Ursaluna\n|-damage|p1a: Ursaluna|62\/100 brn\n|move|p1a: Ursaluna|Earthquake|p2a: dawg\n|-damage|p2a: dawg|0 fnt\n|faint|p2a: dawg\n|\n|-damage|p1a: Ursaluna|56\/100 brn|[from] brn\n|upkeep\n|\n|t:|1700025711\n|switch|p2a: gliscor at home|Garchomp, F|94\/100\n|-damage|p2a: gliscor at home|88\/100|[from] Stealth Rock\n|turn|10\n|\n|t:|1700025717\n|move|p2a: gliscor at home|Spikes|p1a: Ursaluna\n|-sidestart|p1: ivorye|Spikes\n|move|p1a: Ursaluna|Drain Punch|p2a: gliscor at home\n|-damage|p2a: gliscor at home|51\/100\n|-heal|p1a: Ursaluna|73\/100 brn|[from] drain|[of] p2a: gliscor at home\n|-damage|p1a: Ursaluna|61\/100 brn|[from] ability: Rough Skin|[of] p2a: gliscor at home\n|-damage|p1a: Ursaluna|44\/100 brn|[from] item: Rocky Helmet|[of] p2a: gliscor at home\n|\n|-damage|p1a: Ursaluna|38\/100 brn|[from] brn\n|upkeep\n|turn|11\n|\n|t:|1700025729\n|move|p2a: gliscor at home|Spikes|p1a: Ursaluna\n|-sidestart|p1: ivorye|Spikes\n|move|p1a: Ursaluna|Facade|p2a: gliscor at home\n|-damage|p2a: gliscor at home|0 fnt\n|-damage|p1a: Ursaluna|26\/100 brn|[from] ability: Rough Skin|[of] p2a: gliscor at home\n|-damage|p1a: Ursaluna|9\/100 brn|[from] item: Rocky Helmet|[of] p2a: gliscor at home\n|faint|p2a: gliscor at home\n|\n|-damage|p1a: Ursaluna|3\/100 brn|[from] brn\n|upkeep\n|\n|t:|1700025741\n|switch|p2a: tyranitareturned|Tyranitar, M|19\/100\n|-damage|p2a: tyranitareturned|6\/100|[from] Stealth Rock\n|-weather|Sandstorm|[from] ability: Sand Stream|[of] p2a: tyranitareturned\n|turn|12\n|\n|t:|1700025746\n|move|p1a: Ursaluna|Drain Punch|p2a: tyranitareturned\n|-supereffective|p2a: tyranitareturned\n|-damage|p2a: tyranitareturned|0 fnt\n|-heal|p1a: Ursaluna|5\/100 brn|[from] drain|[of] p2a: tyranitareturned\n|faint|p2a: tyranitareturned\n|\n|-weather|Sandstorm|[upkeep]\n|-damage|p1a: Ursaluna|0 fnt|[from] brn\n|faint|p1a: Ursaluna\n|upkeep\n|\n|t:|1700025757\n|switch|p1a: Samurott|Samurott-Hisui, M, shiny|100\/100\n|switch|p2a: throwing claws|Thundurus-Therian, M|100\/100\n|-damage|p2a: throwing claws|76\/100|[from] Stealth Rock\n|-damage|p1a: Samurott|88\/100|[from] Stealth Rock\n|-damage|p1a: Samurott|72\/100|[from] Spikes\n|turn|13\n|\n|t:|1700025773\n|switch|p1a: Greg|Garchomp, M, shiny|100\/100\n|-damage|p1a: Greg|94\/100|[from] Stealth Rock\n|-damage|p1a: Greg|78\/100|[from] Spikes\n|move|p2a: throwing claws|Volt Switch|p1a: Greg\n|-immune|p1a: Greg\n|\n|-weather|Sandstorm|[upkeep]\n|-damage|p2a: throwing claws|70\/100|[from] Sandstorm\n|upkeep\n|turn|14\n|\n|t:|1700025786\n|switch|p2a: guido|Heatran, F|95\/100\n|-damage|p2a: guido|82\/100|[from] Stealth Rock\n|move|p1a: Greg|Iron Head|p2a: guido\n|-resisted|p2a: guido\n|-damage|p2a: guido|75\/100\n|\n|-weather|Sandstorm|[upkeep]\n|-heal|p2a: guido|81\/100|[from] item: Leftovers\n|upkeep\n|turn|15\n|inactive|Izmagack has 120 seconds left.\n|\n|t:|1700025830\n|move|p2a: guido|Protect|p2a: guido\n|-singleturn|p2a: guido|Protect\n|move|p1a: Greg|Swords Dance|p1a: Greg\n|-boost|p1a: Greg|atk|2\n|\n|-weather|Sandstorm|[upkeep]\n|-heal|p2a: guido|87\/100|[from] item: Leftovers\n|upkeep\n|turn|16\n|\n|t:|1700025836\n|move|p1a: Greg|Earthquake|p2a: guido\n|-supereffective|p2a: guido\n|-damage|p2a: guido|0 fnt\n|faint|p2a: guido\n|\n|-weather|Sandstorm|[upkeep]\n|upkeep\n|\n|t:|1700025841\n|switch|p2a: throwing claws|Thundurus-Therian, M|70\/100\n|-damage|p2a: throwing claws|45\/100|[from] Stealth Rock\n|turn|17\n|inactive|Izmagack has 120 seconds left.\n|\n|t:|1700025854\n|-terastallize|p2a: throwing claws|Flying\n|move|p2a: throwing claws|Tera Blast|p1a: Greg|[anim] Tera Blast Flying\n|-damage|p1a: Greg|9\/100\n|move|p1a: Greg|Iron Head|p2a: throwing claws\n|-damage|p2a: throwing claws|0 fnt\n|faint|p2a: throwing claws\n|\n|-weather|Sandstorm|[upkeep]\n|upkeep\n|inactive|Izmagack has 120 seconds left.\n|\n|t:|1700025860\n|switch|p2a: shut up valiant|Scizor, F|100\/100\n|-damage|p2a: shut up valiant|88\/100|[from] Stealth Rock\n|turn|18\n|\n|t:|1700025866\n|move|p2a: shut up valiant|Bullet Punch|p1a: Greg\n|-damage|p1a: Greg|0 fnt\n|-damage|p2a: shut up valiant|76\/100|[from] ability: Rough Skin|[of] p1a: Greg\n|-damage|p2a: shut up valiant|59\/100|[from] item: Rocky Helmet|[of] p1a: Greg\n|faint|p1a: Greg\n|\n|-weather|Sandstorm|[upkeep]\n|upkeep\n|\n|t:|1700025878\n|switch|p1a: Samurott|Samurott-Hisui, M, shiny|72\/100\n|-damage|p1a: Samurott|59\/100|[from] Stealth Rock\n|-damage|p1a: Samurott|43\/100|[from] Spikes\n|turn|19\n|\n|t:|1700025885\n|move|p1a: Samurott|Sacred Sword|p2a: shut up valiant\n|-damage|p2a: shut up valiant|15\/100\n|move|p2a: shut up valiant|Swords Dance|p2a: shut up valiant\n|-boost|p2a: shut up valiant|atk|2\n|\n|-weather|none\n|-heal|p1a: Samurott|49\/100|[from] item: Leftovers\n|upkeep\n|turn|20\n|\n|t:|1700025894\n|move|p2a: shut up valiant|Bullet Punch|p1a: Samurott\n|-resisted|p1a: Samurott\n|-damage|p1a: Samurott|0 fnt\n|faint|p1a: Samurott\n|\n|upkeep\n|\n|t:|1700025900\n|switch|p1a: Ninetales|Ninetales-Alola, F|100\/100\n|-damage|p1a: Ninetales|76\/100|[from] Stealth Rock\n|-damage|p1a: Ninetales|59\/100|[from] Spikes\n|-weather|Snow|[from] ability: Snow Warning|[of] p1a: Ninetales\n|turn|21\n|\n|t:|1700025910\n|move|p2a: shut up valiant|Bullet Punch|p1a: Ninetales\n|-supereffective|p1a: Ninetales\n|-damage|p1a: Ninetales|0 fnt\n|faint|p1a: Ninetales\n|\n|-weather|Snow|[upkeep]\n|upkeep\n|\n|t:|1700025915\n|switch|p1a: Not Volcarona|Iron Moth|100\/100\n|turn|22\n|c|\u2606Izmagack|If I win this\n|c|\u2606Izmagack|Ill go to bed\n|c|\u2606Izmagack|gg wp\n|\n|t:|1700025933\n|-terastallize|p1a: Not Volcarona|Grass\n|move|p2a: shut up valiant|Bullet Punch|p1a: Not Volcarona\n|-damage|p1a: Not Volcarona|0 fnt\n|faint|p1a: Not Volcarona\n|-end|p1a: Not Volcarona|Quark Drive|[silent]\n|\n|win|Izmagack\n|raw|ivorye's rating: 1108 &rarr; <strong>1081<\/strong><br \/>(-27 for losing)\n|raw|Izmagack's rating: 1074 &rarr; <strong>1106<\/strong><br \/>(+32 for winning)\n|c|\u2606ivorye|gg wp\n|c|\u2606ivorye|NO WAY\n|c|\u2606Izmagack|THE ROEDICT THAT FAILED\n|c|\u2606Izmagack|*PREDICT\n|c|\u2606ivorye|have a great sleep my friend\n|c|\u2606Izmagack|NOWAY\n|c|\u2606Izmagack|u 2\n|c|\u2606ivorye|:)\n|l|\u2606ivorye\n","uploadtime":1700025967,"views":22,"p1id":"ivorye","p2id":"izmagack","formatid":"gen9ou","rating":1081,"private":0,"password":""}