{"id":"gen9ou-1990134292","p1":"d18l","p2":"FleetFoxxx","format":"[Gen 9] OU","log":"|j|\u2606d18l\n|j|\u2606FleetFoxxx\n|t:|1699928249\n|gametype|singles\n|player|p1|d18l|backpacker|1691\n|player|p2|FleetFoxxx|1|1602\n|teamsize|p1|6\n|teamsize|p2|6\n|gen|9\n|tier|[Gen 9] OU\n|rated|\n|rule|Sleep Clause Mod: Limit one foe put to sleep\n|rule|Species Clause: Limit one of each Pok\u00e9mon\n|rule|OHKO Clause: OHKO moves are banned\n|rule|Evasion Items Clause: Evasion items are banned\n|rule|Evasion Moves Clause: Evasion moves are banned\n|rule|Endless Battle Clause: Forcing endless battles is banned\n|rule|HP Percentage Mod: HP is shown in percentages\n|clearpoke\n|poke|p1|Ribombee, F|\n|poke|p1|Gholdengo|\n|poke|p1|Great Tusk|\n|poke|p1|Kingambit, F|\n|poke|p1|Ogerpon-Wellspring, F|\n|poke|p1|Iron Moth|\n|poke|p2|Rillaboom, F|\n|poke|p2|Sneasler, F|\n|poke|p2|Zamazenta-*|\n|poke|p2|Heatran, F|\n|poke|p2|Hatterene, F|\n|poke|p2|Manaphy|\n|teampreview\n|inactive|Battle timer is ON: inactive players will automatically lose when time's up. (requested by d18l)\n|\n|t:|1699928273\n|start\n|switch|p1a: Ribombee|Ribombee, F|100\/100\n|switch|p2a: Hatterene|Hatterene, F|100\/100\n|turn|1\n|j| Porycomingback\n|\n|t:|1699928302\n|switch|p1a: Kingambit|Kingambit, F|100\/100\n|move|p2a: Hatterene|Calm Mind|p2a: Hatterene\n|-boost|p2a: Hatterene|spa|1\n|-boost|p2a: Hatterene|spd|1\n|\n|upkeep\n|turn|2\n|\n|t:|1699928316\n|switch|p2a: Heatran|Heatran, F|100\/100\n|-item|p2a: Heatran|Air Balloon\n|move|p1a: Kingambit|Kowtow Cleave|p2a: Heatran\n|-damage|p2a: Heatran|51\/100\n|-enditem|p2a: Heatran|Air Balloon\n|\n|upkeep\n|turn|3\n|j| SwabbyYabby\n|inactive|d18l has 120 seconds left.\n|inactive|d18l has 90 seconds left.\n|\n|t:|1699928383\n|-end|p1a: Kingambit|fallenundefined|[silent]\n|switch|p1a: Ribombee|Ribombee, F|100\/100\n|move|p2a: Heatran|Will-O-Wisp|p1a: Ribombee\n|-status|p1a: Ribombee|brn\n|\n|-damage|p1a: Ribombee|94\/100 brn|[from] brn\n|upkeep\n|turn|4\n|\n|t:|1699928393\n|switch|p2a: Hatterene|Hatterene, F|100\/100\n|move|p1a: Ribombee|Stun Spore|p2a: Hatterene\n|move|p2a: Hatterene|Stun Spore||[from]ability: Magic Bounce|[still]\n|-fail|p2a: Hatterene\n|\n|-damage|p1a: Ribombee|88\/100 brn|[from] brn\n|upkeep\n|turn|5\n|\n|t:|1699928405\n|switch|p1a: Kingambit|Kingambit, F|100\/100\n|move|p2a: Hatterene|Draining Kiss|p1a: Kingambit\n|-damage|p1a: Kingambit|75\/100\n|\n|upkeep\n|turn|6\n|\n|t:|1699928411\n|move|p1a: Kingambit|Kowtow Cleave|p2a: Hatterene\n|-crit|p2a: Hatterene\n|-damage|p2a: Hatterene|30\/100\n|move|p2a: Hatterene|Nuzzle|p1a: Kingambit\n|-damage|p1a: Kingambit|72\/100\n|-status|p1a: Kingambit|par\n|\n|upkeep\n|turn|7\n|\n|t:|1699928419\n|switch|p2a: Heatran|Heatran, F|51\/100\n|cant|p1a: Kingambit|par\n|\n|upkeep\n|turn|8\n|inactive|d18l has 90 seconds left.\n|\n|t:|1699928448\n|move|p1a: Kingambit|Sucker Punch|p2a: Heatran\n|-damage|p2a: Heatran|9\/100\n|move|p2a: Heatran|Magma Storm|p1a: Kingambit\n|-supereffective|p1a: Kingambit\n|-crit|p1a: Kingambit\n|-damage|p1a: Kingambit|0 fnt\n|faint|p1a: Kingambit\n|-end|p1a: Kingambit|fallenundefined|[silent]\n|\n|upkeep\n|inactive|d18l has 90 seconds left.\n|\n|t:|1699928470\n|switch|p1a: Ogerpon|Ogerpon-Wellspring, F|100\/100\n|turn|9\n|\n|t:|1699928479\n|move|p1a: Ogerpon|Ivy Cudgel|p2a: Heatran\n|-supereffective|p2a: Heatran\n|-damage|p2a: Heatran|0 fnt\n|faint|p2a: Heatran\n|\n|upkeep\n|\n|t:|1699928482\n|switch|p2a: Rillaboom|Rillaboom, F|100\/100\n|-fieldstart|move: Grassy Terrain|[from] ability: Grassy Surge|[of] p2a: Rillaboom\n|turn|10\n|inactive|d18l has 90 seconds left.\n|\n|t:|1699928507\n|switch|p1a: Ribombee|Ribombee, F|88\/100 brn\n|move|p2a: Rillaboom|U-turn|p1a: Ribombee\n|-resisted|p1a: Ribombee\n|-damage|p1a: Ribombee|53\/100 brn\n|\n|t:|1699928513\n|switch|p2a: Hatterene|Hatterene, F|30\/100|[from] U-turn\n|-enditem|p2a: Hatterene|Grassy Seed\n|-boost|p2a: Hatterene|def|1|[from] item: Grassy Seed\n|\n|-heal|p1a: Ribombee|59\/100 brn|[from] Grassy Terrain\n|-heal|p2a: Hatterene|36\/100|[from] Grassy Terrain\n|-damage|p1a: Ribombee|53\/100 brn|[from] brn\n|upkeep\n|turn|11\n|\n|t:|1699928522\n|move|p1a: Ribombee|Moonblast|p2a: Hatterene\n|-damage|p2a: Hatterene|0 fnt\n|faint|p2a: Hatterene\n|\n|-heal|p1a: Ribombee|59\/100 brn|[from] Grassy Terrain\n|-damage|p1a: Ribombee|53\/100 brn|[from] brn\n|upkeep\n|\n|t:|1699928531\n|switch|p2a: Sneasler|Sneasler, F|100\/100\n|-enditem|p2a: Sneasler|Grassy Seed\n|-boost|p2a: Sneasler|def|1|[from] item: Grassy Seed\n|turn|12\n|\n|t:|1699928538\n|move|p2a: Sneasler|Dire Claw|p1a: Ribombee\n|-supereffective|p1a: Ribombee\n|-damage|p1a: Ribombee|0 fnt\n|faint|p1a: Ribombee\n|\n|upkeep\n|\n|t:|1699928542\n|switch|p1a: Gholdengo|Gholdengo|100\/100\n|-item|p1a: Gholdengo|Air Balloon\n|turn|13\n|\n|t:|1699928554\n|move|p2a: Sneasler|Lash Out|p1a: Gholdengo\n|-supereffective|p1a: Gholdengo\n|-damage|p1a: Gholdengo|52\/100\n|-enditem|p1a: Gholdengo|Air Balloon\n|move|p1a: Gholdengo|Shadow Ball|p2a: Sneasler\n|-damage|p2a: Sneasler|54\/100\n|\n|-heal|p2a: Sneasler|60\/100|[from] Grassy Terrain\n|-heal|p1a: Gholdengo|58\/100|[from] Grassy Terrain\n|upkeep\n|turn|14\n|\n|t:|1699928565\n|move|p2a: Sneasler|Lash Out|p1a: Gholdengo\n|-supereffective|p1a: Gholdengo\n|-damage|p1a: Gholdengo|8\/100\n|move|p1a: Gholdengo|Make It Rain|p2a: Sneasler\n|-damage|p2a: Sneasler|0 fnt\n|-unboost|p1a: Gholdengo|spa|1\n|faint|p2a: Sneasler\n|\n|-heal|p1a: Gholdengo|15\/100|[from] Grassy Terrain\n|-fieldend|move: Grassy Terrain\n|upkeep\n|\n|t:|1699928568\n|switch|p2a: Manaphy|Manaphy|100\/100\n|turn|15\n|\n|t:|1699928575\n|switch|p1a: Ogerpon|Ogerpon-Wellspring, F|100\/100\n|move|p2a: Manaphy|Acid Armor|p2a: Manaphy\n|-boost|p2a: Manaphy|def|2\n|\n|upkeep\n|turn|16\n|\n|t:|1699928580\n|-terastallize|p2a: Manaphy|Poison\n|move|p1a: Ogerpon|Encore|p2a: Manaphy\n|-start|p2a: Manaphy|Encore\n|move|p2a: Manaphy|Acid Armor|p2a: Manaphy\n|-boost|p2a: Manaphy|def|2\n|\n|upkeep\n|turn|17\n|\n|t:|1699928591\n|move|p1a: Ogerpon|Power Whip|p2a: Manaphy\n|-resisted|p2a: Manaphy\n|-crit|p2a: Manaphy\n|-damage|p2a: Manaphy|61\/100\n|move|p2a: Manaphy|Acid Armor|p2a: Manaphy\n|-boost|p2a: Manaphy|def|2\n|\n|-heal|p2a: Manaphy|67\/100|[from] item: Leftovers\n|upkeep\n|turn|18\n|\n|t:|1699928600\n|move|p1a: Ogerpon|Swords Dance|p1a: Ogerpon\n|-boost|p1a: Ogerpon|atk|2\n|move|p2a: Manaphy|Acid Armor|p2a: Manaphy\n|-boost|p2a: Manaphy|def|0\n|\n|-heal|p2a: Manaphy|73\/100|[from] item: Leftovers\n|-end|p2a: Manaphy|Encore\n|upkeep\n|turn|19\n|\n|t:|1699928606\n|switch|p2a: Rillaboom|Rillaboom, F|100\/100\n|-fieldstart|move: Grassy Terrain|[from] ability: Grassy Surge|[of] p2a: Rillaboom\n|move|p1a: Ogerpon|Encore||[still]\n|-fail|p1a: Ogerpon\n|\n|upkeep\n|turn|20\n|\n|t:|1699928614\n|switch|p1a: Gholdengo|Gholdengo|15\/100\n|move|p2a: Rillaboom|U-turn|p1a: Gholdengo\n|-resisted|p1a: Gholdengo\n|-damage|p1a: Gholdengo|7\/100\n|\n|t:|1699928616\n|switch|p2a: Manaphy|Manaphy, tera:Poison|73\/100|[from] U-turn\n|\n|-heal|p2a: Manaphy|80\/100|[from] Grassy Terrain\n|-heal|p2a: Manaphy|86\/100|[from] item: Leftovers\n|-heal|p1a: Gholdengo|13\/100|[from] Grassy Terrain\n|upkeep\n|turn|21\n|\n|t:|1699928621\n|switch|p1a: Ogerpon|Ogerpon-Wellspring, F|100\/100\n|move|p2a: Manaphy|Take Heart|p2a: Manaphy\n|-boost|p2a: Manaphy|spa|1\n|-boost|p2a: Manaphy|spd|1\n|\n|-heal|p2a: Manaphy|92\/100|[from] Grassy Terrain\n|-heal|p2a: Manaphy|98\/100|[from] item: Leftovers\n|upkeep\n|turn|22\n|\n|t:|1699928632\n|switch|p2a: Rillaboom|Rillaboom, F|100\/100\n|move|p1a: Ogerpon|Ivy Cudgel|p2a: Rillaboom\n|-resisted|p2a: Rillaboom\n|-damage|p2a: Rillaboom|69\/100\n|\n|-heal|p2a: Rillaboom|75\/100|[from] Grassy Terrain\n|upkeep\n|turn|23\n|\n|t:|1699928652\n|switch|p1a: Gholdengo|Gholdengo|13\/100\n|move|p2a: Rillaboom|U-turn|p1a: Gholdengo\n|-resisted|p1a: Gholdengo\n|-damage|p1a: Gholdengo|5\/100\n|\n|t:|1699928654\n|switch|p2a: Manaphy|Manaphy, tera:Poison|98\/100|[from] U-turn\n|\n|-heal|p2a: Manaphy|100\/100|[from] Grassy Terrain\n|-heal|p1a: Gholdengo|11\/100|[from] Grassy Terrain\n|-fieldend|move: Grassy Terrain\n|upkeep\n|turn|24\n|\n|t:|1699928658\n|switch|p1a: Ogerpon|Ogerpon-Wellspring, F|100\/100\n|move|p2a: Manaphy|Take Heart|p2a: Manaphy\n|-boost|p2a: Manaphy|spa|1\n|-boost|p2a: Manaphy|spd|1\n|\n|upkeep\n|turn|25\n|\n|t:|1699928667\n|switch|p2a: Rillaboom|Rillaboom, F|75\/100\n|-fieldstart|move: Grassy Terrain|[from] ability: Grassy Surge|[of] p2a: Rillaboom\n|move|p1a: Ogerpon|Ivy Cudgel|p2a: Rillaboom\n|-resisted|p2a: Rillaboom\n|-crit|p2a: Rillaboom\n|-damage|p2a: Rillaboom|33\/100\n|\n|-heal|p2a: Rillaboom|39\/100|[from] Grassy Terrain\n|upkeep\n|turn|26\n|inactive|FleetFoxxx has 120 seconds left.\n|\n|t:|1699928698\n|switch|p1a: Gholdengo|Gholdengo|11\/100\n|move|p2a: Rillaboom|U-turn|p1a: Gholdengo\n|-resisted|p1a: Gholdengo\n|-damage|p1a: Gholdengo|4\/100\n|\n|t:|1699928701\n|switch|p2a: Manaphy|Manaphy, tera:Poison|100\/100|[from] U-turn\n|\n|-heal|p1a: Gholdengo|10\/100|[from] Grassy Terrain\n|upkeep\n|turn|27\n|\n|t:|1699928720\n|switch|p2a: Rillaboom|Rillaboom, F|39\/100\n|switch|p1a: Ogerpon|Ogerpon-Wellspring, F|100\/100\n|\n|-heal|p2a: Rillaboom|45\/100|[from] Grassy Terrain\n|upkeep\n|turn|28\n|\n|t:|1699928733\n|switch|p1a: Gholdengo|Gholdengo|10\/100\n|move|p2a: Rillaboom|U-turn|p1a: Gholdengo\n|-resisted|p1a: Gholdengo\n|-damage|p1a: Gholdengo|2\/100\n|\n|t:|1699928735\n|switch|p2a: Manaphy|Manaphy, tera:Poison|100\/100|[from] U-turn\n|\n|-heal|p1a: Gholdengo|8\/100|[from] Grassy Terrain\n|upkeep\n|turn|29\n|\n|t:|1699928738\n|switch|p1a: Ogerpon|Ogerpon-Wellspring, F|100\/100\n|move|p2a: Manaphy|Take Heart|p2a: Manaphy\n|-boost|p2a: Manaphy|spa|1\n|-boost|p2a: Manaphy|spd|1\n|\n|-fieldend|move: Grassy Terrain\n|upkeep\n|turn|30\n|\n|t:|1699928745\n|move|p1a: Ogerpon|Encore|p2a: Manaphy\n|-start|p2a: Manaphy|Encore\n|move|p2a: Manaphy|Take Heart|p2a: Manaphy\n|-boost|p2a: Manaphy|spa|1\n|-boost|p2a: Manaphy|spd|1\n|\n|upkeep\n|turn|31\n|\n|t:|1699928751\n|switch|p2a: Rillaboom|Rillaboom, F|45\/100\n|-fieldstart|move: Grassy Terrain|[from] ability: Grassy Surge|[of] p2a: Rillaboom\n|move|p1a: Ogerpon|Ivy Cudgel|p2a: Rillaboom\n|-resisted|p2a: Rillaboom\n|-damage|p2a: Rillaboom|15\/100\n|\n|-heal|p2a: Rillaboom|21\/100|[from] Grassy Terrain\n|upkeep\n|turn|32\n|\n|t:|1699928770\n|move|p2a: Rillaboom|Grassy Glide|p1a: Ogerpon\n|-crit|p1a: Ogerpon\n|-damage|p1a: Ogerpon|0 fnt\n|faint|p1a: Ogerpon\n|\n|-heal|p2a: Rillaboom|27\/100|[from] Grassy Terrain\n|upkeep\n|c|\u2606d18l|oh ok\n|inactive|d18l has 120 seconds left.\n|inactive|d18l has 90 seconds left.\n|inactive|d18l has 60 seconds left.\n|\n|t:|1699928855\n|switch|p1a: Great Tusk|Great Tusk|100\/100\n|-enditem|p1a: Great Tusk|Booster Energy\n|-activate|p1a: Great Tusk|ability: Protosynthesis|[fromitem]\n|-start|p1a: Great Tusk|protosynthesisspe\n|turn|33\n|inactive|d18l has 60 seconds left.\n|\n|t:|1699928864\n|-terastallize|p1a: Great Tusk|Poison\n|move|p2a: Rillaboom|Grassy Glide|p1a: Great Tusk\n|-resisted|p1a: Great Tusk\n|-damage|p1a: Great Tusk|83\/100\n|move|p1a: Great Tusk|Bulk Up|p1a: Great Tusk\n|-boost|p1a: Great Tusk|atk|1\n|-boost|p1a: Great Tusk|def|1\n|\n|-heal|p1a: Great Tusk|89\/100|[from] Grassy Terrain\n|-heal|p2a: Rillaboom|34\/100|[from] Grassy Terrain\n|upkeep\n|turn|34\n|\n|t:|1699928882\n|switch|p2a: Zamazenta|Zamazenta|100\/100\n|-ability|p2a: Zamazenta|Dauntless Shield|boost\n|-boost|p2a: Zamazenta|def|1\n|move|p1a: Great Tusk|Ice Spinner|p2a: Zamazenta\n|-damage|p2a: Zamazenta|84\/100\n|-fieldend|move: Grassy Terrain\n|\n|-heal|p2a: Zamazenta|91\/100|[from] item: Leftovers\n|upkeep\n|turn|35\n|\n|t:|1699928889\n|-end|p1a: Great Tusk|Protosynthesis|[silent]\n|switch|p1a: Iron Moth|Iron Moth|100\/100\n|-enditem|p1a: Iron Moth|Booster Energy\n|-activate|p1a: Iron Moth|ability: Quark Drive|[fromitem]\n|-start|p1a: Iron Moth|quarkdrivespe\n|move|p2a: Zamazenta|Iron Defense|p2a: Zamazenta\n|-boost|p2a: Zamazenta|def|2\n|\n|-heal|p2a: Zamazenta|97\/100|[from] item: Leftovers\n|upkeep\n|turn|36\n|\n|t:|1699928897\n|switch|p2a: Manaphy|Manaphy, tera:Poison|100\/100\n|move|p1a: Iron Moth|Dazzling Gleam|p2a: Manaphy\n|-resisted|p2a: Manaphy\n|-damage|p2a: Manaphy|89\/100\n|\n|-heal|p2a: Manaphy|95\/100|[from] item: Leftovers\n|upkeep\n|turn|37\n|\n|t:|1699928899\n|-end|p1a: Iron Moth|Quark Drive|[silent]\n|switch|p1a: Great Tusk|Great Tusk, tera:Poison|89\/100\n|move|p2a: Manaphy|Take Heart|p2a: Manaphy\n|-boost|p2a: Manaphy|spa|1\n|-boost|p2a: Manaphy|spd|1\n|\n|-heal|p2a: Manaphy|100\/100|[from] item: Leftovers\n|upkeep\n|turn|38\n|\n|t:|1699928904\n|move|p2a: Manaphy|Acid Armor|p2a: Manaphy\n|-boost|p2a: Manaphy|def|2\n|move|p1a: Great Tusk|Earthquake|p2a: Manaphy\n|-supereffective|p2a: Manaphy\n|-damage|p2a: Manaphy|64\/100\n|\n|-heal|p2a: Manaphy|70\/100|[from] item: Leftovers\n|upkeep\n|turn|39\n|c|\u2606d18l|well that sucks\n|c|\u2606d18l|gg\n|-message|d18l forfeited.\n|\n|win|FleetFoxxx\n|raw|d18l's rating: 1691 &rarr; <strong>1665<\/strong><br \/>(-26 for losing)\n|raw|FleetFoxxx's rating: 1590 &rarr; <strong>1616<\/strong><br \/>(+26 for winning)\n","uploadtime":1699928919,"views":18,"p1id":"d18l","p2id":"fleetfoxxx","formatid":"gen9ou","rating":1616,"private":0,"password":""}