{"id":"gen9ou-2000419806","p1":"Edfinn","p2":"SmokedSprite","format":"[Gen 9] OU","log":"|j|\u2606Edfinn\n|j|\u2606SmokedSprite\n|t:|1701193269\n|gametype|singles\n|player|p1|Edfinn|lucas|1092\n|player|p2|SmokedSprite|2|1005\n|teamsize|p1|6\n|teamsize|p2|6\n|gen|9\n|tier|[Gen 9] OU\n|rated|\n|rule|Sleep Clause Mod: Limit one foe put to sleep\n|rule|Species Clause: Limit one of each Pok\u00e9mon\n|rule|OHKO Clause: OHKO moves are banned\n|rule|Evasion Items Clause: Evasion items are banned\n|rule|Evasion Moves Clause: Evasion moves are banned\n|rule|Endless Battle Clause: Forcing endless battles is banned\n|rule|HP Percentage Mod: HP is shown in percentages\n|clearpoke\n|poke|p1|Hatterene, F|\n|poke|p1|Garganacl, M|\n|poke|p1|Iron Moth|\n|poke|p1|Ninetales-Alola, F|\n|poke|p1|Jirachi|\n|poke|p1|Masquerain, M|\n|poke|p2|Kingambit, M|\n|poke|p2|Iron Valiant|\n|poke|p2|Dragapult, F|\n|poke|p2|Cinderace, F|\n|poke|p2|Zapdos|\n|poke|p2|Garganacl, M|\n|teampreview\n|inactive|Battle timer is ON: inactive players will automatically lose when time's up. (requested by Edfinn)\n|\n|t:|1701193367\n|start\n|switch|p1a: Jirachi|Jirachi|100\/100\n|switch|p2a: Bird Up|Zapdos|100\/100\n|turn|1\n|\n|t:|1701193389\n|move|p1a: Jirachi|Trick|p2a: Bird Up\n|-activate|p1a: Jirachi|move: Trick|[of] p2a: Bird Up\n|-item|p2a: Bird Up|Choice Specs|[from] move: Trick\n|-item|p1a: Jirachi|Heavy-Duty Boots|[from] move: Trick\n|move|p2a: Bird Up|Heat Wave|p1a: Jirachi\n|-supereffective|p1a: Jirachi\n|-damage|p1a: Jirachi|23\/100\n|\n|upkeep\n|turn|2\n|\n|t:|1701193397\n|move|p1a: Jirachi|Doom Desire|p2a: Bird Up\n|-start|p1a: Jirachi|Doom Desire\n|move|p2a: Bird Up|Heat Wave|p1a: Jirachi\n|-supereffective|p1a: Jirachi\n|-damage|p1a: Jirachi|0 fnt\n|faint|p1a: Jirachi\n|\n|upkeep\n|c|\u2606SmokedSprite|very cool\n|inactive|Edfinn has 120 seconds left.\n|\n|t:|1701193422\n|switch|p1a: Iron Moth|Iron Moth, shiny|100\/100\n|-enditem|p1a: Iron Moth|Booster Energy\n|-activate|p1a: Iron Moth|ability: Quark Drive|[fromitem]\n|-start|p1a: Iron Moth|quarkdrivespa\n|turn|3\n|\n|t:|1701193439\n|switch|p2a: Armstrong|Garganacl, M|100\/100\n|move|p1a: Iron Moth|Agility|p1a: Iron Moth\n|-boost|p1a: Iron Moth|spe|2\n|\n|upkeep\n|turn|4\n|\n|t:|1701193445\n|move|p1a: Iron Moth|Energy Ball|p2a: Armstrong\n|-supereffective|p2a: Armstrong\n|-damage|p2a: Armstrong|42\/100\n|-unboost|p2a: Armstrong|spd|1\n|move|p2a: Armstrong|Salt Cure|p1a: Iron Moth\n|-supereffective|p1a: Iron Moth\n|-damage|p1a: Iron Moth|57\/100\n|-start|p1a: Iron Moth|Salt Cure\n|\n|-end|p2a: Armstrong|move: Doom Desire\n|-supereffective|p2a: Armstrong\n|-crit|p2a: Armstrong\n|-damage|p2a: Armstrong|0 fnt\n|faint|p2a: Armstrong\n|-damage|p1a: Iron Moth|45\/100|[from] Salt Cure\n|upkeep\n|\n|t:|1701193465\n|switch|p2a: Mid|Cinderace, F|100\/100\n|turn|5\n|\n|t:|1701193470\n|move|p2a: Mid|Sucker Punch|p1a: Iron Moth\n|-start|p2a: Mid|typechange|Dark|[from] ability: Libero\n|-damage|p1a: Iron Moth|0 fnt\n|faint|p1a: Iron Moth\n|-end|p1a: Iron Moth|Quark Drive|[silent]\n|\n|upkeep\n|\n|t:|1701193476\n|switch|p1a: Garganacl|Garganacl, M|100\/100\n|turn|6\n|\n|t:|1701193491\n|switch|p2a: Android 18|Iron Valiant|100\/100\n|move|p1a: Garganacl|Iron Defense|p1a: Garganacl\n|-boost|p1a: Garganacl|def|2\n|\n|upkeep\n|turn|7\n|inactive|Edfinn has 120 seconds left.\n|\n|t:|1701193537\n|move|p2a: Android 18|Moonblast|p1a: Garganacl\n|-damage|p1a: Garganacl|70\/100\n|move|p1a: Garganacl|Salt Cure|p2a: Android 18\n|-resisted|p2a: Android 18\n|-damage|p2a: Android 18|92\/100\n|-start|p2a: Android 18|Salt Cure\n|\n|-damage|p2a: Android 18|79\/100|[from] Salt Cure\n|upkeep\n|turn|8\n|\n|t:|1701193554\n|-end|p2a: Android 18|Quark Drive|[silent]\n|switch|p2a: Kitchen Gun|Dragapult, F|100\/100\n|move|p1a: Garganacl|Recover|p1a: Garganacl\n|-heal|p1a: Garganacl|100\/100\n|\n|upkeep\n|turn|9\n|c|\u2606SmokedSprite|less damage than i thought i would do\n|\n|t:|1701193562\n|move|p2a: Kitchen Gun|Draco Meteor|p1a: Garganacl\n|-damage|p1a: Garganacl|48\/100\n|-unboost|p2a: Kitchen Gun|spa|2\n|move|p1a: Garganacl|Salt Cure|p2a: Kitchen Gun\n|-damage|p2a: Kitchen Gun|80\/100\n|-start|p2a: Kitchen Gun|Salt Cure\n|\n|-damage|p2a: Kitchen Gun|67\/100|[from] Salt Cure\n|upkeep\n|turn|10\n|inactive|Edfinn has 120 seconds left.\n|c|\u2606SmokedSprite|ermmmmm\n|c|\u2606SmokedSprite|fuck it\n|\n|t:|1701193597\n|-terastallize|p2a: Kitchen Gun|Dragon\n|move|p2a: Kitchen Gun|Draco Meteor|p1a: Garganacl\n|-damage|p1a: Garganacl|8\/100\n|-unboost|p2a: Kitchen Gun|spa|2\n|move|p1a: Garganacl|Recover|p1a: Garganacl\n|-heal|p1a: Garganacl|58\/100\n|\n|-damage|p2a: Kitchen Gun|55\/100|[from] Salt Cure\n|upkeep\n|turn|11\n|c|\u2606SmokedSprite|shit\n|\n|t:|1701193606\n|switch|p2a: Bird Up|Zapdos|100\/100\n|move|p1a: Garganacl|Recover|p1a: Garganacl\n|-heal|p1a: Garganacl|100\/100\n|\n|upkeep\n|turn|12\n|c|\u2606SmokedSprite|paralysis save my ass\n|\n|t:|1701193614\n|move|p2a: Bird Up|Discharge|p1a: Garganacl\n|-damage|p1a: Garganacl|68\/100\n|move|p1a: Garganacl|Salt Cure|p2a: Bird Up\n|-supereffective|p2a: Bird Up\n|-damage|p2a: Bird Up|80\/100\n|-start|p2a: Bird Up|Salt Cure\n|\n|-damage|p2a: Bird Up|67\/100|[from] Salt Cure\n|upkeep\n|turn|13\n|\n|t:|1701193622\n|move|p2a: Bird Up|Discharge|p1a: Garganacl\n|-damage|p1a: Garganacl|36\/100\n|move|p1a: Garganacl|Iron Defense|p1a: Garganacl\n|-boost|p1a: Garganacl|def|2\n|\n|-damage|p2a: Bird Up|55\/100|[from] Salt Cure\n|upkeep\n|turn|14\n|c|\u2606SmokedSprite|paralysis x2\n|c|\u2606SmokedSprite|paralysis x3\n|\n|t:|1701193634\n|move|p2a: Bird Up|Discharge|p1a: Garganacl\n|-damage|p1a: Garganacl|6\/100\n|move|p1a: Garganacl|Recover|p1a: Garganacl\n|-heal|p1a: Garganacl|56\/100\n|\n|-damage|p2a: Bird Up|43\/100|[from] Salt Cure\n|upkeep\n|turn|15\n|c|\u2606Edfinn|Purifying Salt. . . . . .\n|\n|t:|1701193651\n|move|p2a: Bird Up|Discharge|p1a: Garganacl\n|-damage|p1a: Garganacl|24\/100\n|move|p1a: Garganacl|Recover|p1a: Garganacl\n|-heal|p1a: Garganacl|74\/100\n|\n|-damage|p2a: Bird Up|31\/100|[from] Salt Cure\n|upkeep\n|turn|16\n|c|\u2606SmokedSprite|if i do not get a single paralysis with discharge\n|c|\u2606SmokedSprite|PARALYSIS\n|c|\u2606SmokedSprite|x5\n|\n|t:|1701193662\n|move|p2a: Bird Up|Discharge|p1a: Garganacl\n|-damage|p1a: Garganacl|40\/100\n|move|p1a: Garganacl|Recover|p1a: Garganacl\n|-heal|p1a: Garganacl|90\/100\n|\n|-damage|p2a: Bird Up|18\/100|[from] Salt Cure\n|upkeep\n|turn|17\n|c|\u2606SmokedSprite|WHY ARE YOU NOT AIMING FOR IT'S LEGS\n|c|\u2606Edfinn|Purifying Salt!!!\n|c|\u2606SmokedSprite|GO FOR THAT\n|\n|t:|1701193685\n|move|p2a: Bird Up|Discharge|p1a: Garganacl\n|-damage|p1a: Garganacl|60\/100\n|move|p1a: Garganacl|Salt Cure|p2a: Bird Up\n|-supereffective|p2a: Bird Up\n|-damage|p2a: Bird Up|0 fnt\n|faint|p2a: Bird Up\n|\n|upkeep\n|c|\u2606SmokedSprite|PARALYZE IT\n|c|\u2606SmokedSprite|IN THE SHINS\n|\n|t:|1701193694\n|switch|p2a: MF DOOM|Kingambit, M|100\/100\n|-activate|p2a: MF DOOM|ability: Supreme Overlord\n|-start|p2a: MF DOOM|fallen2|[silent]\n|turn|18\n|\n|t:|1701193704\n|move|p2a: MF DOOM|Iron Head|p1a: Garganacl\n|-supereffective|p1a: Garganacl\n|-damage|p1a: Garganacl|33\/100\n|-enditem|p1a: Garganacl|Weakness Policy\n|-boost|p1a: Garganacl|atk|2|[from] item: Weakness Policy\n|-boost|p1a: Garganacl|spa|2|[from] item: Weakness Policy\n|cant|p1a: Garganacl|flinch\n|\n|upkeep\n|turn|19\n|c|\u2606SmokedSprite|this can work out for me\n|c|\u2606SmokedSprite|hopefully\n|\n|t:|1701193727\n|move|p2a: MF DOOM|Kowtow Cleave|p1a: Garganacl\n|-damage|p1a: Garganacl|18\/100\n|move|p1a: Garganacl|Recover|p1a: Garganacl\n|-heal|p1a: Garganacl|68\/100\n|\n|upkeep\n|turn|20\n|c|\u2606SmokedSprite|son of a bitch\n|\n|t:|1701193733\n|move|p2a: MF DOOM|Swords Dance|p2a: MF DOOM\n|-boost|p2a: MF DOOM|atk|2\n|move|p1a: Garganacl|Body Press|p2a: MF DOOM\n|-supereffective|p2a: MF DOOM\n|-damage|p2a: MF DOOM|0 fnt\n|faint|p2a: MF DOOM\n|-end|p2a: MF DOOM|fallen2|[silent]\n|\n|upkeep\n|-message|SmokedSprite forfeited.\n|\n|win|Edfinn\n|raw|Edfinn's rating: 1092 &rarr; <strong>1112<\/strong><br \/>(+20 for winning)\n|raw|SmokedSprite's rating: 1005 &rarr; <strong>1000<\/strong><br \/>(-5 for losing)\n","uploadtime":1701193733,"views":1,"p1id":"edfinn","p2id":"smokedsprite","formatid":"gen9ou","rating":1000,"private":0,"password":""}