{"id":"gen9ou-1994460650","p1":"Winterbub","p2":"Argentavis_Gaming","format":"[Gen 9] OU","log":"|j|\u2606Winterbub\n|j|\u2606Argentavis_Gaming\n|t:|1700446494\n|gametype|singles\n|player|p1|Winterbub|ballguy|1687\n|player|p2|Argentavis_Gaming|unknown|1600\n|teamsize|p1|6\n|teamsize|p2|6\n|gen|9\n|tier|[Gen 9] OU\n|rated|\n|rule|Sleep Clause Mod: Limit one foe put to sleep\n|rule|Species Clause: Limit one of each Pok\u00e9mon\n|rule|OHKO Clause: OHKO moves are banned\n|rule|Evasion Items Clause: Evasion items are banned\n|rule|Evasion Moves Clause: Evasion moves are banned\n|rule|Endless Battle Clause: Forcing endless battles is banned\n|rule|HP Percentage Mod: HP is shown in percentages\n|clearpoke\n|poke|p1|Glimmora, F|\n|poke|p1|Greninja-*, M|\n|poke|p1|Iron Valiant|\n|poke|p1|Dragonite, F|\n|poke|p1|Kingambit, F|\n|poke|p1|Iron Moth|\n|poke|p2|Munkidori, M|\n|poke|p2|Kingambit, M|\n|poke|p2|Okidogi, M|\n|poke|p2|Moltres|\n|poke|p2|Ogerpon-Wellspring, F|\n|poke|p2|Iron Treads|\n|teampreview\n|j| DudeILoveFrogs\n|\n|t:|1700446508\n|start\n|switch|p1a: Glimmora|Glimmora, F|100\/100\n|switch|p2a: Munkidori|Munkidori, M|100\/100\n|turn|1\n|\n|t:|1700446516\n|move|p2a: Munkidori|Psychic|p1a: Glimmora\n|-supereffective|p1a: Glimmora\n|-enditem|p1a: Glimmora|Focus Sash\n|-damage|p1a: Glimmora|1\/100\n|move|p1a: Glimmora|Earth Power|p2a: Munkidori\n|-supereffective|p2a: Munkidori\n|-damage|p2a: Munkidori|26\/100\n|\n|upkeep\n|turn|2\n|\n|t:|1700446520\n|switch|p1a: Kingambit|Kingambit, F|100\/100\n|-item|p1a: Kingambit|Air Balloon\n|move|p2a: Munkidori|Psychic|p1a: Kingambit\n|-immune|p1a: Kingambit\n|\n|upkeep\n|turn|3\n|\n|t:|1700446527\n|switch|p2a: Chicken|Moltres, shiny|100\/100\n|move|p1a: Kingambit|Sucker Punch||[still]\n|-fail|p1a: Kingambit\n|\n|upkeep\n|turn|4\n|\n|t:|1700446532\n|-end|p1a: Kingambit|fallenundefined|[silent]\n|switch|p1a: Glimmora|Glimmora, F|1\/100\n|move|p2a: Chicken|U-turn|p1a: Glimmora\n|-resisted|p1a: Glimmora\n|-crit|p1a: Glimmora\n|-damage|p1a: Glimmora|0 fnt\n|-activate|p1a: Glimmora|ability: Toxic Debris\n|-sidestart|p2: Argentavis_Gaming|move: Toxic Spikes\n|faint|p1a: Glimmora\n|\n|t:|1700446535\n|switch|p2a: Munkidori|Munkidori, M|26\/100|[from] U-turn\n|-sideend|p2: Argentavis_Gaming|move: Toxic Spikes|[of] p2a: Munkidori\n|\n|upkeep\n|\n|t:|1700446539\n|switch|p1a: Greninja|Greninja, M|100\/100\n|turn|5\n|\n|t:|1700446541\n|switch|p2a: Overpon|Ogerpon-Wellspring, F|100\/100\n|move|p1a: Greninja|Dark Pulse|p2a: Overpon\n|-damage|p2a: Overpon|51\/100\n|-damage|p1a: Greninja|91\/100|[from] item: Life Orb\n|\n|upkeep\n|turn|6\n|\n|t:|1700446550\n|switch|p2a: Bi-Han|Okidogi, M|100\/100\n|move|p1a: Greninja|Dark Pulse|p2a: Bi-Han\n|-resisted|p2a: Bi-Han\n|-damage|p2a: Bi-Han|80\/100\n|-damage|p1a: Greninja|81\/100|[from] item: Life Orb\n|\n|-heal|p2a: Bi-Han|86\/100|[from] item: Leftovers\n|upkeep\n|turn|7\n|\n|t:|1700446566\n|switch|p1a: Iron Moth|Iron Moth|100\/100\n|-enditem|p1a: Iron Moth|Booster Energy\n|-activate|p1a: Iron Moth|ability: Quark Drive|[fromitem]\n|-start|p1a: Iron Moth|quarkdrivespa\n|move|p2a: Bi-Han|Poison Jab|p1a: Iron Moth\n|-resisted|p1a: Iron Moth\n|-damage|p1a: Iron Moth|67\/100\n|\n|-heal|p2a: Bi-Han|92\/100|[from] item: Leftovers\n|upkeep\n|turn|8\n|\n|t:|1700446572\n|move|p1a: Iron Moth|Fiery Dance|p2a: Bi-Han\n|-damage|p2a: Bi-Han|44\/100\n|-boost|p1a: Iron Moth|spa|1\n|move|p2a: Bi-Han|Poison Jab|p1a: Iron Moth\n|-resisted|p1a: Iron Moth\n|-damage|p1a: Iron Moth|34\/100\n|\n|-heal|p2a: Bi-Han|50\/100|[from] item: Leftovers\n|upkeep\n|turn|9\n|\n|t:|1700446578\n|switch|p2a: Munkidori|Munkidori, M|26\/100\n|move|p1a: Iron Moth|Fiery Dance|p2a: Munkidori\n|-damage|p2a: Munkidori|0 fnt\n|-boost|p1a: Iron Moth|spa|1\n|faint|p2a: Munkidori\n|\n|upkeep\n|\n|t:|1700446581\n|switch|p2a: Joe Swanson|Kingambit, M|100\/100\n|-activate|p2a: Joe Swanson|ability: Supreme Overlord\n|-start|p2a: Joe Swanson|fallen1|[silent]\n|turn|10\n|\n|t:|1700446587\n|move|p2a: Joe Swanson|Sucker Punch|p1a: Iron Moth\n|-damage|p1a: Iron Moth|0 fnt\n|faint|p1a: Iron Moth\n|-end|p1a: Iron Moth|Quark Drive|[silent]\n|\n|upkeep\n|\n|t:|1700446589\n|switch|p1a: Kingambit|Kingambit, F|100\/100\n|-activate|p1a: Kingambit|ability: Supreme Overlord\n|-start|p1a: Kingambit|fallen2|[silent]\n|-item|p1a: Kingambit|Air Balloon\n|turn|11\n|\n|t:|1700446592\n|-end|p2a: Joe Swanson|fallen1|[silent]\n|switch|p2a: Chicken|Moltres, shiny|100\/100\n|move|p1a: Kingambit|Low Kick|p2a: Chicken\n|-resisted|p2a: Chicken\n|-damage|p2a: Chicken|89\/100\n|\n|upkeep\n|turn|12\n|c| DudeILoveFrogs|hey peter\n|\n|t:|1700446608\n|move|p1a: Kingambit|Sucker Punch|p2a: Chicken\n|-damage|p2a: Chicken|53\/100\n|move|p2a: Chicken|U-turn|p1a: Kingambit\n|-damage|p1a: Kingambit|91\/100\n|-enditem|p1a: Kingambit|Air Balloon\n|\n|t:|1700446611\n|switch|p2a: Bi-Han|Okidogi, M|50\/100|[from] U-turn\n|\n|-heal|p2a: Bi-Han|57\/100|[from] item: Leftovers\n|upkeep\n|turn|13\n|\n|t:|1700446631\n|move|p2a: Bi-Han|Poison Jab|p1a: Kingambit\n|-immune|p1a: Kingambit\n|move|p1a: Kingambit|Iron Head|p2a: Bi-Han\n|-damage|p2a: Bi-Han|10\/100\n|\n|-heal|p2a: Bi-Han|16\/100|[from] item: Leftovers\n|upkeep\n|turn|14\n|\n|t:|1700446638\n|switch|p2a: Chicken|Moltres, shiny|53\/100\n|move|p1a: Kingambit|Sucker Punch||[still]\n|-fail|p1a: Kingambit\n|\n|upkeep\n|turn|15\n|\n|t:|1700446642\n|-end|p1a: Kingambit|fallen2|[silent]\n|switch|p1a: Greninja|Greninja, M|81\/100\n|move|p2a: Chicken|Will-O-Wisp|p1a: Greninja|[miss]\n|-miss|p2a: Chicken|p1a: Greninja\n|\n|upkeep\n|turn|16\n|\n|t:|1700446647\n|switch|p2a: Joe Swanson|Kingambit, M|100\/100\n|-activate|p2a: Joe Swanson|ability: Supreme Overlord\n|-start|p2a: Joe Swanson|fallen1|[silent]\n|move|p1a: Greninja|Dark Pulse|p2a: Joe Swanson\n|-resisted|p2a: Joe Swanson\n|-damage|p2a: Joe Swanson|79\/100\n|-damage|p1a: Greninja|71\/100|[from] item: Life Orb\n|\n|upkeep\n|turn|17\n|\n|t:|1700446652\n|move|p1a: Greninja|Dark Pulse|p2a: Joe Swanson\n|-resisted|p2a: Joe Swanson\n|-damage|p2a: Joe Swanson|55\/100\n|-damage|p1a: Greninja|61\/100|[from] item: Life Orb\n|move|p2a: Joe Swanson|Iron Head|p1a: Greninja\n|-resisted|p1a: Greninja\n|-damage|p1a: Greninja|19\/100\n|\n|upkeep\n|turn|18\n|\n|t:|1700446666\n|move|p1a: Greninja|Water Shuriken|p2a: Joe Swanson\n|-damage|p2a: Joe Swanson|47\/100\n|-damage|p2a: Joe Swanson|37\/100\n|-hitcount|p2a: Joe Swanson|2\n|-damage|p1a: Greninja|9\/100|[from] item: Life Orb\n|move|p2a: Joe Swanson|Sucker Punch||[still]\n|-fail|p2a: Joe Swanson\n|\n|upkeep\n|turn|19\n|\n|t:|1700446673\n|-end|p2a: Joe Swanson|fallen1|[silent]\n|switch|p2a: Overpon|Ogerpon-Wellspring, F|51\/100\n|move|p1a: Greninja|Water Shuriken|p2a: Overpon\n|-heal|p2a: Overpon|76\/100|[from] ability: Water Absorb|[of] p1a: Greninja\n|\n|upkeep\n|turn|20\n|\n|t:|1700446680\n|switch|p2a: Amongla Swag|Iron Treads|100\/100\n|move|p1a: Greninja|Dark Pulse|p2a: Amongla Swag\n|-damage|p2a: Amongla Swag|57\/100\n|-damage|p1a: Greninja|0 fnt|[from] item: Life Orb\n|faint|p1a: Greninja\n|\n|upkeep\n|\n|t:|1700446687\n|switch|p1a: Iron Valiant|Iron Valiant|100\/100\n|-enditem|p1a: Iron Valiant|Booster Energy\n|-activate|p1a: Iron Valiant|ability: Quark Drive|[fromitem]\n|-start|p1a: Iron Valiant|quarkdrivespe\n|turn|21\n|\n|t:|1700446693\n|move|p1a: Iron Valiant|Close Combat|p2a: Amongla Swag\n|-supereffective|p2a: Amongla Swag\n|-damage|p2a: Amongla Swag|0 fnt\n|-unboost|p1a: Iron Valiant|def|1\n|-unboost|p1a: Iron Valiant|spd|1\n|faint|p2a: Amongla Swag\n|-end|p2a: Amongla Swag|Quark Drive|[silent]\n|\n|upkeep\n|\n|t:|1700446695\n|switch|p2a: Overpon|Ogerpon-Wellspring, F|76\/100\n|turn|22\n|\n|t:|1700446698\n|-terastallize|p2a: Overpon|Water\n|detailschange|p2a: Overpon|Ogerpon-Wellspring-Tera, F, tera:Water\n|-ability|p2a: Overpon|Embody Aspect (Wellspring)|boost\n|-boost|p2a: Overpon|spd|1\n|move|p1a: Iron Valiant|Moonblast|p2a: Overpon\n|-damage|p2a: Overpon|42\/100\n|move|p2a: Overpon|Horn Leech|p1a: Iron Valiant\n|-damage|p1a: Iron Valiant|12\/100\n|-heal|p2a: Overpon|85\/100|[from] drain|[of] p1a: Iron Valiant\n|\n|upkeep\n|turn|23\n|\n|t:|1700446711\n|move|p1a: Iron Valiant|Encore|p2a: Overpon\n|-start|p2a: Overpon|Encore\n|move|p2a: Overpon|Horn Leech|p1a: Iron Valiant\n|-damage|p1a: Iron Valiant|0 fnt\n|-heal|p2a: Overpon|90\/100|[from] drain|[of] p1a: Iron Valiant\n|faint|p1a: Iron Valiant\n|-end|p1a: Iron Valiant|Quark Drive|[silent]\n|\n|upkeep\n|\n|t:|1700446713\n|switch|p1a: Dragonite|Dragonite, F|100\/100\n|turn|24\n|\n|t:|1700446720\n|switch|p2a: Chicken|Moltres, shiny|53\/100\n|move|p1a: Dragonite|Dragon Dance|p1a: Dragonite\n|-boost|p1a: Dragonite|atk|1\n|-boost|p1a: Dragonite|spe|1\n|\n|upkeep\n|turn|25\n|\n|t:|1700446726\n|move|p1a: Dragonite|Dragon Dance|p1a: Dragonite\n|-boost|p1a: Dragonite|atk|1\n|-boost|p1a: Dragonite|spe|1\n|move|p2a: Chicken|Will-O-Wisp|p1a: Dragonite\n|-status|p1a: Dragonite|brn\n|\n|-damage|p1a: Dragonite|94\/100 brn|[from] brn\n|upkeep\n|turn|26\n|\n|t:|1700446731\n|move|p1a: Dragonite|Dragon Dance|p1a: Dragonite\n|-boost|p1a: Dragonite|atk|1\n|-boost|p1a: Dragonite|spe|1\n|move|p2a: Chicken|U-turn|p1a: Dragonite\n|-resisted|p1a: Dragonite\n|-damage|p1a: Dragonite|86\/100 brn\n|\n|t:|1700446733\n|switch|p2a: Joe Swanson|Kingambit, M|37\/100|[from] U-turn\n|-activate|p2a: Joe Swanson|ability: Supreme Overlord\n|-start|p2a: Joe Swanson|fallen2|[silent]\n|\n|-damage|p1a: Dragonite|80\/100 brn|[from] brn\n|upkeep\n|turn|27\n|\n|t:|1700446738\n|move|p2a: Joe Swanson|Sucker Punch|p1a: Dragonite\n|-damage|p1a: Dragonite|9\/100 brn\n|move|p1a: Dragonite|Fire Punch|p2a: Joe Swanson\n|-supereffective|p2a: Joe Swanson\n|-damage|p2a: Joe Swanson|0 fnt\n|faint|p2a: Joe Swanson\n|-end|p2a: Joe Swanson|fallen2|[silent]\n|\n|-damage|p1a: Dragonite|2\/100 brn|[from] brn\n|upkeep\n|\n|t:|1700446745\n|switch|p2a: Overpon|Ogerpon-Wellspring-Tera, F, tera:Water|90\/100\n|-ability|p2a: Overpon|Embody Aspect (Wellspring)|boost\n|-boost|p2a: Overpon|spd|1\n|turn|28\n|\n|t:|1700446750\n|move|p1a: Dragonite|Extreme Speed|p2a: Overpon\n|-damage|p2a: Overpon|36\/100\n|move|p2a: Overpon|Horn Leech|p1a: Dragonite\n|-resisted|p1a: Dragonite\n|-damage|p1a: Dragonite|0 fnt\n|-heal|p2a: Overpon|37\/100|[from] drain|[of] p1a: Dragonite\n|faint|p1a: Dragonite\n|\n|upkeep\n|\n|t:|1700446754\n|switch|p1a: Kingambit|Kingambit, F|91\/100\n|-activate|p1a: Kingambit|ability: Supreme Overlord\n|-start|p1a: Kingambit|fallen5|[silent]\n|turn|29\n|\n|t:|1700446765\n|move|p2a: Overpon|Ivy Cudgel|p1a: Kingambit|[anim] Ivy Cudgel Water\n|-crit|p1a: Kingambit\n|-damage|p1a: Kingambit|3\/100\n|move|p1a: Kingambit|Iron Head|p2a: Overpon\n|-resisted|p2a: Overpon\n|-damage|p2a: Overpon|0 fnt\n|faint|p2a: Overpon\n|\n|upkeep\n|\n|t:|1700446768\n|switch|p2a: Chicken|Moltres, shiny|53\/100\n|turn|30\n|\n|t:|1700446775\n|move|p2a: Chicken|Will-O-Wisp|p1a: Kingambit\n|-status|p1a: Kingambit|brn\n|move|p1a: Kingambit|Swords Dance|p1a: Kingambit\n|-boost|p1a: Kingambit|atk|2\n|\n|-damage|p1a: Kingambit|0 fnt|[from] brn\n|faint|p1a: Kingambit\n|-end|p1a: Kingambit|fallen5|[silent]\n|\n|win|Argentavis_Gaming\n|upkeep\n|raw|Winterbub's rating: 1687 &rarr; <strong>1662<\/strong><br \/>(-25 for losing)\n|raw|Argentavis_Gaming's rating: 1600 &rarr; <strong>1625<\/strong><br \/>(+25 for winning)\n|c|\u2606Winterbub|gg\n|c|\u2606Argentavis_Gaming|gg\n|l|\u2606Winterbub\n|l|\u2606Argentavis_Gaming\n|j|\u2606Winterbub\n|player|p1|Winterbub|ballguy\n|l| DudeILoveFrogs\n","uploadtime":1700446781,"views":18,"p1id":"winterbub","p2id":"argentavisgaming","formatid":"gen9ou","rating":1625,"private":0,"password":""}