{"id":"gen9ou-1988836987","p1":"FanFanSan2882","p2":"Gliscornumber1","format":"[Gen 9] OU","log":"|j|\u2606FanFanSan2882\n|j|\u2606Gliscornumber1\n|t:|1699770877\n|gametype|singles\n|player|p1|FanFanSan2882|265|1220\n|player|p2|Gliscornumber1|giovanni|1239\n|teamsize|p1|6\n|teamsize|p2|6\n|gen|9\n|tier|[Gen 9] OU\n|rated|\n|rule|Sleep Clause Mod: Limit one foe put to sleep\n|rule|Species Clause: Limit one of each Pok\u00e9mon\n|rule|OHKO Clause: OHKO moves are banned\n|rule|Evasion Items Clause: Evasion items are banned\n|rule|Evasion Moves Clause: Evasion moves are banned\n|rule|Endless Battle Clause: Forcing endless battles is banned\n|rule|HP Percentage Mod: HP is shown in percentages\n|clearpoke\n|poke|p1|Gliscor, M|\n|poke|p1|Iron Moth|\n|poke|p1|Kingambit, F|\n|poke|p1|Alomomola, M|\n|poke|p1|Iron Valiant|\n|poke|p1|Corviknight, F|\n|poke|p2|Cinderace, F|\n|poke|p2|Gallade, M|\n|poke|p2|Walking Wake|\n|poke|p2|Ursaluna, F|\n|poke|p2|Muk-Alola, F|\n|poke|p2|Arcanine-Hisui, F|\n|teampreview\n|inactive|Battle timer is ON: inactive players will automatically lose when time's up. (requested by FanFanSan2882)\n|\n|t:|1699770888\n|start\n|switch|p1a: Gliscor|Gliscor, M|100\/100\n|switch|p2a: crystal meth|Muk-Alola, F|100\/100\n|turn|1\n|\n|t:|1699770895\n|move|p1a: Gliscor|Protect|p1a: Gliscor\n|-singleturn|p1a: Gliscor|Protect\n|move|p2a: crystal meth|Knock Off|p1a: Gliscor\n|-activate|p1a: Gliscor|move: Protect\n|\n|-status|p1a: Gliscor|tox|[from] item: Toxic Orb\n|upkeep\n|turn|2\n|\n|t:|1699770901\n|switch|p2a: Walking Wake|Walking Wake|100\/100\n|-enditem|p2a: Walking Wake|Booster Energy\n|-activate|p2a: Walking Wake|ability: Protosynthesis|[fromitem]\n|-start|p2a: Walking Wake|protosynthesisspa\n|move|p1a: Gliscor|Earthquake|p2a: Walking Wake\n|-crit|p2a: Walking Wake\n|-damage|p2a: Walking Wake|46\/100\n|\n|upkeep\n|turn|3\n|\n|t:|1699770917\n|switch|p1a: Iron Valiant|Iron Valiant|100\/100\n|-enditem|p1a: Iron Valiant|Booster Energy\n|-activate|p1a: Iron Valiant|ability: Quark Drive|[fromitem]\n|-start|p1a: Iron Valiant|quarkdrivespe\n|move|p2a: Walking Wake|Dragon Pulse|p1a: Iron Valiant\n|-immune|p1a: Iron Valiant\n|\n|upkeep\n|turn|4\n|c|\u2606Gliscornumber1|WHY\n|c|\u2606Gliscornumber1|HOW WOULD YOU PREDICT THAT\n|\n|t:|1699770928\n|move|p1a: Iron Valiant|Moonblast|p2a: Walking Wake\n|-supereffective|p2a: Walking Wake\n|-damage|p2a: Walking Wake|0 fnt\n|faint|p2a: Walking Wake\n|-end|p2a: Walking Wake|Protosynthesis|[silent]\n|\n|upkeep\n|\n|t:|1699770936\n|switch|p2a: OG good boi|Arcanine-Hisui, F|100\/100\n|turn|5\n|c|\u2606Gliscornumber1|of all things to switch into!\n|inactive|FanFanSan2882 has 120 seconds left.\n|c|\u2606Gliscornumber1|also when is the gliscor ban coming into affect?\n|\n|t:|1699770982\n|move|p1a: Iron Valiant|Psyshock|p2a: OG good boi\n|-damage|p2a: OG good boi|67\/100\n|move|p2a: OG good boi|Head Smash|p1a: Iron Valiant\n|-resisted|p1a: Iron Valiant\n|-damage|p1a: Iron Valiant|51\/100\n|\n|upkeep\n|turn|6\n|\n|t:|1699770997\n|move|p1a: Iron Valiant|Shadow Ball|p2a: OG good boi\n|-damage|p2a: OG good boi|33\/100\n|move|p2a: OG good boi|Flare Blitz|p1a: Iron Valiant\n|-damage|p1a: Iron Valiant|0 fnt\n|faint|p1a: Iron Valiant\n|-end|p1a: Iron Valiant|Quark Drive|[silent]\n|\n|upkeep\n|\n|t:|1699771004\n|switch|p1a: Gliscor|Gliscor, M|100\/100 tox\n|turn|7\n|\n|t:|1699771019\n|move|p2a: OG good boi|Head Smash|p1a: Gliscor\n|-damage|p1a: Gliscor|53\/100 tox\n|move|p1a: Gliscor|Earthquake|p2a: OG good boi\n|-supereffective|p2a: OG good boi\n|-damage|p2a: OG good boi|0 fnt\n|faint|p2a: OG good boi\n|\n|-heal|p1a: Gliscor|66\/100 tox|[from] ability: Poison Heal\n|upkeep\n|\n|t:|1699771022\n|switch|p2a: THE BEAR|Ursaluna, F|100\/100\n|turn|8\n|\n|t:|1699771025\n|move|p2a: THE BEAR|Protect|p2a: THE BEAR\n|-singleturn|p2a: THE BEAR|Protect\n|move|p1a: Gliscor|Toxic|p2a: THE BEAR\n|-activate|p2a: THE BEAR|move: Protect\n|\n|-heal|p1a: Gliscor|78\/100 tox|[from] ability: Poison Heal\n|-status|p2a: THE BEAR|brn|[from] item: Flame Orb\n|upkeep\n|turn|9\n|\n|t:|1699771034\n|move|p1a: Gliscor|Earthquake|p2a: THE BEAR\n|-damage|p2a: THE BEAR|76\/100 brn\n|move|p2a: THE BEAR|Facade|p1a: Gliscor\n|-damage|p1a: Gliscor|0 fnt\n|faint|p1a: Gliscor\n|\n|-damage|p2a: THE BEAR|69\/100 brn|[from] brn\n|upkeep\n|\n|t:|1699771041\n|switch|p1a: Corviknight|Corviknight, F|100\/100\n|-ability|p1a: Corviknight|Pressure\n|turn|10\n|\n|t:|1699771054\n|move|p1a: Corviknight|Iron Defense|p1a: Corviknight\n|-boost|p1a: Corviknight|def|2\n|move|p2a: THE BEAR|Drain Punch|p1a: Corviknight\n|-damage|p1a: Corviknight|86\/100\n|-heal|p2a: THE BEAR|76\/100 brn|[from] drain|[of] p1a: Corviknight\n|\n|-heal|p1a: Corviknight|92\/100|[from] item: Leftovers\n|-damage|p2a: THE BEAR|70\/100 brn|[from] brn\n|upkeep\n|turn|11\n|\n|t:|1699771062\n|switch|p2a: omae wa ma|Gallade, M|100\/100\n|move|p1a: Corviknight|Brave Bird|p2a: omae wa ma\n|-supereffective|p2a: omae wa ma\n|-damage|p2a: omae wa ma|0 fnt\n|faint|p2a: omae wa ma\n|-damage|p1a: Corviknight|69\/100|[from] Recoil\n|\n|-heal|p1a: Corviknight|75\/100|[from] item: Leftovers\n|upkeep\n|c|\u2606Gliscornumber1|what the fuck are you on!\n|c|\u2606Gliscornumber1|how are you making these predicts!\n|\n|t:|1699771079\n|switch|p2a: furry joke|Cinderace, F|100\/100\n|turn|12\n|\n|t:|1699771085\n|-terastallize|p2a: furry joke|Fire\n|-terastallize|p1a: Corviknight|Fighting\n|move|p2a: furry joke|Pyro Ball|p1a: Corviknight\n|-damage|p1a: Corviknight|52\/100\n|move|p1a: Corviknight|Brave Bird|p2a: furry joke\n|-damage|p2a: furry joke|46\/100\n|-damage|p1a: Corviknight|38\/100|[from] Recoil\n|\n|-heal|p1a: Corviknight|44\/100|[from] item: Leftovers\n|upkeep\n|turn|13\n|\n|t:|1699771094\n|move|p2a: furry joke|Pyro Ball|p1a: Corviknight\n|-damage|p1a: Corviknight|19\/100\n|move|p1a: Corviknight|Brave Bird|p2a: furry joke\n|-damage|p2a: furry joke|0 fnt\n|faint|p2a: furry joke\n|-damage|p1a: Corviknight|7\/100|[from] Recoil\n|\n|-heal|p1a: Corviknight|13\/100|[from] item: Leftovers\n|upkeep\n|\n|t:|1699771107\n|switch|p2a: THE BEAR|Ursaluna, F|70\/100 brn\n|turn|14\n|\n|t:|1699771110\n|move|p1a: Corviknight|Roost|p1a: Corviknight\n|-heal|p1a: Corviknight|63\/100\n|move|p2a: THE BEAR|Facade|p1a: Corviknight\n|-damage|p1a: Corviknight|23\/100\n|\n|-heal|p1a: Corviknight|29\/100|[from] item: Leftovers\n|-damage|p2a: THE BEAR|64\/100 brn|[from] brn\n|upkeep\n|turn|15\n|\n|t:|1699771117\n|move|p1a: Corviknight|Roost|p1a: Corviknight\n|-heal|p1a: Corviknight|79\/100\n|move|p2a: THE BEAR|Facade|p1a: Corviknight\n|-damage|p1a: Corviknight|38\/100\n|\n|-heal|p1a: Corviknight|44\/100|[from] item: Leftovers\n|-damage|p2a: THE BEAR|58\/100 brn|[from] brn\n|upkeep\n|turn|16\n|\n|t:|1699771123\n|move|p1a: Corviknight|Roost|p1a: Corviknight\n|-heal|p1a: Corviknight|94\/100\n|move|p2a: THE BEAR|Facade|p1a: Corviknight\n|-damage|p1a: Corviknight|54\/100\n|\n|-heal|p1a: Corviknight|60\/100|[from] item: Leftovers\n|-damage|p2a: THE BEAR|52\/100 brn|[from] brn\n|upkeep\n|turn|17\n|c|\u2606Gliscornumber1|f**k this\n|c|\u2606Gliscornumber1|you goddamn psychic ass\n|n|\u203dGliscornumber1|gliscornumber1\n|c|&|\/log Gliscornumber1 was locked from talking by Artemis. (\u2606Gliscornumber1: you goddamn psychic ass)\n|c|&|\/raw <small>This action was done automatically. Want to learn more about the AI? <a href=\"https:\/\/www.smogon.com\/forums\/threads\/3570628\/#post-9056769\">Visit the information thread<\/a>.<\/small>\n|-message|Gliscornumber1 forfeited.\n|\n|win|FanFanSan2882\n|raw|FanFanSan2882's rating: 1220 &rarr; <strong>1246<\/strong><br \/>(+26 for winning)\n|raw|Gliscornumber1's rating: 1239 &rarr; <strong>1213<\/strong><br \/>(-26 for losing)\n","uploadtime":1699771135,"views":9,"p1id":"fanfansan2882","p2id":"gliscornumber1","formatid":"gen9ou","rating":1213,"private":0,"password":""}