{"id":"gen9ou-2000229193","p1":"perol","p2":"ArayAlex","format":"[Gen 9] OU","log":"|j|\u2606perol\n|j|\u2606ArayAlex\n|t:|1701175023\n|gametype|singles\n|player|p1|perol|alder|\n|player|p2|ArayAlex|102|\n|teamsize|p1|6\n|teamsize|p2|6\n|gen|9\n|tier|[Gen 9] OU\n|rule|Sleep Clause Mod: Limit one foe put to sleep\n|rule|Species Clause: Limit one of each Pok\u00e9mon\n|rule|OHKO Clause: OHKO moves are banned\n|rule|Evasion Items Clause: Evasion items are banned\n|rule|Evasion Moves Clause: Evasion moves are banned\n|rule|Endless Battle Clause: Forcing endless battles is banned\n|rule|HP Percentage Mod: HP is shown in percentages\n|clearpoke\n|poke|p1|Garganacl, F|\n|poke|p1|Landorus-Therian, M|\n|poke|p1|Iron Valiant|\n|poke|p1|Ceruledge, M|\n|poke|p1|Rillaboom, M|\n|poke|p1|Cyclizar, M|\n|poke|p2|Arcanine-Hisui, M|\n|poke|p2|Slowking-Galar, M|\n|poke|p2|Walking Wake|\n|poke|p2|Blissey, F|\n|poke|p2|Corviknight, M|\n|poke|p2|Meowscarada, F|\n|teampreview\n|inactive|Battle timer is ON: inactive players will automatically lose when time's up. (requested by perol)\n|\n|t:|1701175035\n|start\n|switch|p1a: Landorus|Landorus-Therian, M|100\/100\n|switch|p2a: Meowscarada|Meowscarada, F|100\/100\n|-ability|p1a: Landorus|Intimidate|boost\n|-unboost|p2a: Meowscarada|atk|1\n|turn|1\n|\n|t:|1701175055\n|move|p2a: Meowscarada|U-turn|p1a: Landorus\n|-start|p2a: Meowscarada|typechange|Bug|[from] ability: Protean\n|-resisted|p1a: Landorus\n|-damage|p1a: Landorus|90\/100\n|-damage|p2a: Meowscarada|84\/100|[from] item: Rocky Helmet|[of] p1a: Landorus\n|\n|t:|1701175062\n|switch|p2a: Corviknight|Corviknight, M|100\/100|[from] U-turn\n|move|p1a: Landorus|Stealth Rock|p2a: Corviknight\n|-sidestart|p2: ArayAlex|move: Stealth Rock\n|\n|upkeep\n|turn|2\n|\n|t:|1701175081\n|switch|p1a: Garganacl|Garganacl, F|100\/100\n|move|p2a: Corviknight|Defog|p1a: Garganacl\n|-unboost|p1a: Garganacl|evasion|1\n|-sideend|p2: ArayAlex|Stealth Rock|[from] move: Defog|[of] p2a: Corviknight\n|\n|upkeep\n|turn|3\n|\n|t:|1701175099\n|move|p2a: Corviknight|U-turn|p1a: Garganacl\n|-damage|p1a: Garganacl|91\/100\n|inactive|ArayAlex has 270 seconds left.\n|\n|t:|1701175122\n|switch|p2a: Blissey|Blissey, F|100\/100|[from] U-turn\n|move|p1a: Garganacl|Salt Cure|p2a: Blissey\n|-damage|p2a: Blissey|73\/100\n|-start|p2a: Blissey|Salt Cure\n|\n|-heal|p2a: Blissey|79\/100|[from] item: Leftovers\n|-heal|p1a: Garganacl|97\/100|[from] item: Leftovers\n|-damage|p2a: Blissey|67\/100|[from] Salt Cure\n|upkeep\n|turn|4\n|inactive|ArayAlex has 270 seconds left.\n|\n|t:|1701175141\n|switch|p2a: Corviknight|Corviknight, M|100\/100\n|move|p1a: Garganacl|Curse|p1a: Garganacl\n|-unboost|p1a: Garganacl|spe|1\n|-boost|p1a: Garganacl|atk|1\n|-boost|p1a: Garganacl|def|1\n|\n|-heal|p1a: Garganacl|100\/100|[from] item: Leftovers\n|upkeep\n|turn|5\n|\n|t:|1701175152\n|move|p2a: Corviknight|U-turn|p1a: Garganacl\n|-damage|p1a: Garganacl|93\/100\n|\n|t:|1701175157\n|switch|p2a: Walking Wake|Walking Wake|100\/100|[from] U-turn\n|move|p1a: Garganacl|Curse|p1a: Garganacl\n|-unboost|p1a: Garganacl|spe|1\n|-boost|p1a: Garganacl|atk|1\n|-boost|p1a: Garganacl|def|1\n|\n|-heal|p1a: Garganacl|99\/100|[from] item: Leftovers\n|upkeep\n|turn|6\n|inactive|ArayAlex has 270 seconds left.\n|\n|t:|1701175170\n|-terastallize|p1a: Garganacl|Water\n|move|p2a: Walking Wake|Scald|p1a: Garganacl\n|-resisted|p1a: Garganacl\n|-damage|p1a: Garganacl|79\/100\n|move|p1a: Garganacl|Salt Cure|p2a: Walking Wake\n|-damage|p2a: Walking Wake|68\/100\n|-start|p2a: Walking Wake|Salt Cure\n|\n|-heal|p1a: Garganacl|85\/100|[from] item: Leftovers\n|-damage|p2a: Walking Wake|43\/100|[from] Salt Cure\n|upkeep\n|turn|7\n|inactive|ArayAlex has 270 seconds left.\n|\n|t:|1701175196\n|-end|p2a: Walking Wake|Protosynthesis|[silent]\n|switch|p2a: Meowscarada|Meowscarada, F|84\/100\n|move|p1a: Garganacl|Curse|p1a: Garganacl\n|-unboost|p1a: Garganacl|spe|1\n|-boost|p1a: Garganacl|atk|1\n|-boost|p1a: Garganacl|def|1\n|\n|-heal|p1a: Garganacl|91\/100|[from] item: Leftovers\n|upkeep\n|turn|8\n|\n|t:|1701175209\n|switch|p1a: Landorus|Landorus-Therian, M|90\/100\n|-ability|p1a: Landorus|Intimidate|boost\n|-unboost|p2a: Meowscarada|atk|1\n|move|p2a: Meowscarada|Flower Trick|p1a: Landorus\n|-start|p2a: Meowscarada|typechange|Grass|[from] ability: Protean\n|-crit|p1a: Landorus\n|-damage|p1a: Landorus|41\/100\n|\n|upkeep\n|turn|9\n|inactive|perol has 270 seconds left.\n|\n|t:|1701175235\n|switch|p1a: Cyclizar|Cyclizar, M|100\/100\n|move|p2a: Meowscarada|Flower Trick|p1a: Cyclizar\n|-resisted|p1a: Cyclizar\n|-crit|p1a: Cyclizar\n|-damage|p1a: Cyclizar|52\/100\n|\n|upkeep\n|turn|10\n|inactive|perol has 270 seconds left.\n|\n|t:|1701175254\n|switch|p2a: Blissey|Blissey, F|67\/100\n|move|p1a: Cyclizar|Knock Off|p2a: Blissey\n|-damage|p2a: Blissey|29\/100\n|-enditem|p2a: Blissey|Leftovers|[from] move: Knock Off|[of] p1a: Cyclizar\n|\n|upkeep\n|turn|11\n|\n|t:|1701175265\n|move|p1a: Cyclizar|U-turn|p2a: Blissey\n|-damage|p2a: Blissey|0 fnt\n|faint|p2a: Blissey\n|\n|t:|1701175271\n|switch|p1a: Landorus|Landorus-Therian, M|41\/100|[from] U-turn\n|\n|upkeep\n|\n|t:|1701175276\n|switch|p2a: Meowscarada|Meowscarada, F|84\/100\n|turn|12\n|\n|t:|1701175282\n|move|p2a: Meowscarada|Flower Trick|p1a: Landorus\n|-start|p2a: Meowscarada|typechange|Grass|[from] ability: Protean\n|-crit|p1a: Landorus\n|-damage|p1a: Landorus|0 fnt\n|faint|p1a: Landorus\n|\n|upkeep\n|\n|t:|1701175295\n|switch|p1a: Iron Valiant|Iron Valiant|100\/100\n|turn|13\n|inactive|ArayAlex has 270 seconds left.\n|\n|t:|1701175322\n|move|p2a: Meowscarada|Flower Trick|p1a: Iron Valiant\n|-crit|p1a: Iron Valiant\n|-damage|p1a: Iron Valiant|12\/100\n|move|p1a: Iron Valiant|Trick|p2a: Meowscarada\n|-activate|p1a: Iron Valiant|move: Trick|[of] p2a: Meowscarada\n|-item|p2a: Meowscarada|Choice Specs|[from] move: Trick\n|-item|p1a: Iron Valiant|Choice Band|[from] move: Trick\n|\n|upkeep\n|turn|14\n|\n|t:|1701175330\n|-end|p1a: Iron Valiant|Quark Drive|[silent]\n|switch|p1a: Cyclizar|Cyclizar, M|85\/100\n|move|p2a: Meowscarada|Flower Trick|p1a: Cyclizar\n|-resisted|p1a: Cyclizar\n|-crit|p1a: Cyclizar\n|-damage|p1a: Cyclizar|52\/100\n|\n|upkeep\n|turn|15\n|\n|t:|1701175349\n|switch|p2a: Corviknight|Corviknight, M|100\/100\n|move|p1a: Cyclizar|U-turn|p2a: Corviknight\n|-resisted|p2a: Corviknight\n|-damage|p2a: Corviknight|98\/100\n|-damage|p1a: Cyclizar|35\/100|[from] item: Rocky Helmet|[of] p2a: Corviknight\n|\n|t:|1701175357\n|switch|p1a: Ceruledge|Ceruledge, M|100\/100|[from] U-turn\n|\n|upkeep\n|turn|16\n|\n|t:|1701175384\n|switch|p1a: Rillaboom|Rillaboom, M|100\/100\n|-fieldstart|move: Grassy Terrain|[from] ability: Grassy Surge|[of] p1a: Rillaboom\n|switch|p2a: Arcanine|Arcanine-Hisui, M|100\/100\n|\n|upkeep\n|turn|17\n|inactive|perol has 270 seconds left.\n|inactive|ArayAlex has 240 seconds left.\n|\n|t:|1701175405\n|move|p1a: Rillaboom|Grassy Glide|p2a: Arcanine\n|-damage|p2a: Arcanine|22\/100\n|move|p2a: Arcanine|Wild Charge|p1a: Rillaboom\n|-resisted|p1a: Rillaboom\n|-damage|p1a: Rillaboom|83\/100\n|\n|-heal|p2a: Arcanine|29\/100|[from] Grassy Terrain\n|-heal|p1a: Rillaboom|89\/100|[from] Grassy Terrain\n|upkeep\n|turn|18\n|inactive|perol has 270 seconds left.\n|inactive|ArayAlex has 240 seconds left.\n|\n|t:|1701175425\n|switch|p2a: Corviknight|Corviknight, M|98\/100\n|switch|p1a: Ceruledge|Ceruledge, M|100\/100\n|\n|upkeep\n|turn|19\n|inactive|ArayAlex has 240 seconds left.\n|\n|t:|1701175449\n|switch|p2a: Walking Wake|Walking Wake|43\/100\n|move|p1a: Ceruledge|Bulk Up|p1a: Ceruledge\n|-boost|p1a: Ceruledge|atk|1\n|-boost|p1a: Ceruledge|def|1\n|\n|-heal|p2a: Walking Wake|49\/100|[from] Grassy Terrain\n|upkeep\n|turn|20\n|\n|t:|1701175468\n|move|p1a: Ceruledge|Shadow Sneak|p2a: Walking Wake\n|-damage|p2a: Walking Wake|20\/100\n|move|p2a: Walking Wake|Draco Meteor|p1a: Ceruledge\n|-damage|p1a: Ceruledge|28\/100\n|-unboost|p2a: Walking Wake|spa|2\n|\n|-heal|p2a: Walking Wake|27\/100|[from] Grassy Terrain\n|-heal|p1a: Ceruledge|35\/100|[from] Grassy Terrain\n|-fieldend|move: Grassy Terrain\n|upkeep\n|turn|21\n|inactive|perol has 270 seconds left.\n|\n|t:|1701175482\n|move|p1a: Ceruledge|Shadow Sneak|p2a: Walking Wake\n|-crit|p2a: Walking Wake\n|-damage|p2a: Walking Wake|0 fnt\n|faint|p2a: Walking Wake\n|-end|p2a: Walking Wake|Protosynthesis|[silent]\n|\n|upkeep\n|\n|t:|1701175493\n|switch|p2a: Corviknight|Corviknight, M|98\/100\n|turn|22\n|inactive|perol has 270 seconds left.\n|\n|t:|1701175506\n|move|p1a: Ceruledge|Bulk Up|p1a: Ceruledge\n|-boost|p1a: Ceruledge|atk|1\n|-boost|p1a: Ceruledge|def|1\n|move|p2a: Corviknight|Brave Bird|p1a: Ceruledge\n|-damage|p1a: Ceruledge|12\/100\n|-damage|p2a: Corviknight|92\/100|[from] Recoil\n|\n|upkeep\n|turn|23\n|inactive|ArayAlex has 210 seconds left.\n|\n|t:|1701175548\n|-terastallize|p2a: Corviknight|Water\n|move|p1a: Ceruledge|Bitter Blade|p2a: Corviknight\n|-resisted|p2a: Corviknight\n|-damage|p2a: Corviknight|69\/100\n|-heal|p1a: Ceruledge|26\/100|[from] drain|[of] p2a: Corviknight\n|-damage|p1a: Ceruledge|9\/100|[from] item: Rocky Helmet|[of] p2a: Corviknight\n|move|p2a: Corviknight|Brave Bird|p1a: Ceruledge\n|-damage|p1a: Ceruledge|0 fnt\n|faint|p1a: Ceruledge\n|-damage|p2a: Corviknight|67\/100|[from] Recoil\n|\n|upkeep\n|inactive|perol has 270 seconds left.\n|\n|t:|1701175568\n|switch|p1a: Rillaboom|Rillaboom, M|89\/100\n|-fieldstart|move: Grassy Terrain|[from] ability: Grassy Surge|[of] p1a: Rillaboom\n|turn|24\n|\n|t:|1701175579\n|switch|p2a: Slowking|Slowking-Galar, M|100\/100\n|move|p1a: Rillaboom|U-turn|p2a: Slowking\n|-damage|p2a: Slowking|57\/100\n|\n|t:|1701175584\n|switch|p1a: Cyclizar|Cyclizar, M|68\/100|[from] U-turn\n|\n|-heal|p1a: Cyclizar|74\/100|[from] Grassy Terrain\n|-heal|p2a: Slowking|63\/100|[from] Grassy Terrain\n|upkeep\n|turn|25\n|\n|t:|1701175596\n|switch|p2a: Corviknight|Corviknight, M, tera:Water|67\/100\n|move|p1a: Cyclizar|Knock Off|p2a: Corviknight\n|-damage|p2a: Corviknight|55\/100\n|-damage|p1a: Cyclizar|58\/100|[from] item: Rocky Helmet|[of] p2a: Corviknight\n|-enditem|p2a: Corviknight|Rocky Helmet|[from] move: Knock Off|[of] p1a: Cyclizar\n|\n|-heal|p1a: Cyclizar|64\/100|[from] Grassy Terrain\n|-heal|p2a: Corviknight|61\/100|[from] Grassy Terrain\n|upkeep\n|turn|26\n|inactive|perol has 270 seconds left.\n|\n|t:|1701175613\n|move|p1a: Cyclizar|U-turn|p2a: Corviknight\n|-damage|p2a: Corviknight|52\/100\n|\n|t:|1701175615\n|switch|p1a: Garganacl|Garganacl, F, tera:Water|91\/100|[from] U-turn\n|move|p2a: Corviknight|Roost|p2a: Corviknight\n|-heal|p2a: Corviknight|100\/100\n|\n|-heal|p1a: Garganacl|97\/100|[from] Grassy Terrain\n|-heal|p1a: Garganacl|100\/100|[from] item: Leftovers\n|upkeep\n|turn|27\n|inactive|perol has 270 seconds left.\n|\n|t:|1701175642\n|switch|p2a: Slowking|Slowking-Galar, M|96\/100\n|move|p1a: Garganacl|Salt Cure|p2a: Slowking\n|-damage|p2a: Slowking|82\/100\n|-start|p2a: Slowking|Salt Cure\n|\n|-heal|p2a: Slowking|88\/100|[from] Grassy Terrain\n|-damage|p2a: Slowking|75\/100|[from] Salt Cure\n|upkeep\n|turn|28\n|inactive|perol has 270 seconds left.\n|inactive|ArayAlex has 180 seconds left.\n|\n|t:|1701175659\n|switch|p1a: Cyclizar|Cyclizar, M|97\/100\n|move|p2a: Slowking|Eerie Spell|p1a: Cyclizar\n|-damage|p1a: Cyclizar|59\/100\n|\n|-heal|p1a: Cyclizar|65\/100|[from] Grassy Terrain\n|-heal|p2a: Slowking|81\/100|[from] Grassy Terrain\n|-damage|p2a: Slowking|69\/100|[from] Salt Cure\n|-fieldend|move: Grassy Terrain\n|upkeep\n|turn|29\n|inactive|ArayAlex has 180 seconds left.\n|\n|t:|1701175674\n|switch|p2a: Corviknight|Corviknight, M, tera:Water|100\/100\n|move|p1a: Cyclizar|U-turn|p2a: Corviknight\n|-damage|p2a: Corviknight|92\/100\n|\n|t:|1701175679\n|switch|p1a: Garganacl|Garganacl, F, tera:Water|100\/100|[from] U-turn\n|\n|upkeep\n|turn|30\n|inactive|ArayAlex has 180 seconds left.\n|\n|t:|1701175692\n|switch|p2a: Slowking|Slowking-Galar, M|100\/100\n|move|p1a: Garganacl|Salt Cure|p2a: Slowking\n|-damage|p2a: Slowking|86\/100\n|-start|p2a: Slowking|Salt Cure\n|\n|-damage|p2a: Slowking|73\/100|[from] Salt Cure\n|upkeep\n|turn|31\n|inactive|perol has 270 seconds left.\n|inactive|ArayAlex has 180 seconds left.\n|\n|t:|1701175709\n|move|p1a: Garganacl|Curse|p1a: Garganacl\n|-unboost|p1a: Garganacl|spe|1\n|-boost|p1a: Garganacl|atk|1\n|-boost|p1a: Garganacl|def|1\n|move|p2a: Slowking|Sludge Bomb|p1a: Garganacl\n|-damage|p1a: Garganacl|68\/100\n|\n|-heal|p1a: Garganacl|74\/100|[from] item: Leftovers\n|-damage|p2a: Slowking|61\/100|[from] Salt Cure\n|upkeep\n|turn|32\n|inactive|ArayAlex has 180 seconds left.\n|inactive|perol has 270 seconds left.\n|inactive|ArayAlex has 150 seconds left.\n|\n|t:|1701175747\n|switch|p2a: Corviknight|Corviknight, M, tera:Water|92\/100\n|move|p1a: Garganacl|Curse|p1a: Garganacl\n|-unboost|p1a: Garganacl|spe|1\n|-boost|p1a: Garganacl|atk|1\n|-boost|p1a: Garganacl|def|1\n|\n|-heal|p1a: Garganacl|80\/100|[from] item: Leftovers\n|upkeep\n|turn|33\n|inactive|ArayAlex has 150 seconds left.\n|\n|t:|1701175763\n|move|p2a: Corviknight|U-turn|p1a: Garganacl\n|-damage|p1a: Garganacl|75\/100\n|inactive|ArayAlex has 150 seconds left.\n|\n|t:|1701175769\n|switch|p2a: Arcanine|Arcanine-Hisui, M|29\/100|[from] U-turn\n|move|p1a: Garganacl|Salt Cure|p2a: Arcanine\n|-supereffective|p2a: Arcanine\n|-damage|p2a: Arcanine|0 fnt\n|faint|p2a: Arcanine\n|\n|-heal|p1a: Garganacl|81\/100|[from] item: Leftovers\n|upkeep\n|inactive|ArayAlex has 150 seconds left.\n|\n|t:|1701175780\n|switch|p2a: Meowscarada|Meowscarada, F|84\/100\n|turn|34\n|inactive|perol has 270 seconds left.\n|inactive|ArayAlex has 150 seconds left.\n|\n|t:|1701175800\n|switch|p1a: Cyclizar|Cyclizar, M|98\/100\n|move|p2a: Meowscarada|Flower Trick|p1a: Cyclizar\n|-start|p2a: Meowscarada|typechange|Grass|[from] ability: Protean\n|-resisted|p1a: Cyclizar\n|-crit|p1a: Cyclizar\n|-damage|p1a: Cyclizar|64\/100\n|\n|upkeep\n|turn|35\n|\n|t:|1701175812\n|switch|p2a: Corviknight|Corviknight, M, tera:Water|92\/100\n|move|p1a: Cyclizar|U-turn|p2a: Corviknight\n|-damage|p2a: Corviknight|85\/100\n|\n|t:|1701175817\n|switch|p1a: Garganacl|Garganacl, F, tera:Water|81\/100|[from] U-turn\n|\n|-heal|p1a: Garganacl|87\/100|[from] item: Leftovers\n|upkeep\n|turn|36\n|inactive|ArayAlex has 150 seconds left.\n|\n|t:|1701175824\n|move|p2a: Corviknight|U-turn|p1a: Garganacl\n|-damage|p1a: Garganacl|77\/100\n|\n|t:|1701175827\n|switch|p2a: Meowscarada|Meowscarada, F|84\/100|[from] U-turn\n|move|p1a: Garganacl|Salt Cure|p2a: Meowscarada\n|-damage|p2a: Meowscarada|64\/100\n|-start|p2a: Meowscarada|Salt Cure\n|\n|-heal|p1a: Garganacl|83\/100|[from] item: Leftovers\n|-damage|p2a: Meowscarada|51\/100|[from] Salt Cure\n|upkeep\n|turn|37\n|inactive|perol has 270 seconds left.\n|\n|t:|1701175838\n|switch|p1a: Cyclizar|Cyclizar, M|97\/100\n|move|p2a: Meowscarada|Flower Trick|p1a: Cyclizar\n|-start|p2a: Meowscarada|typechange|Grass|[from] ability: Protean\n|-resisted|p1a: Cyclizar\n|-crit|p1a: Cyclizar\n|-damage|p1a: Cyclizar|61\/100\n|\n|-damage|p2a: Meowscarada|39\/100|[from] Salt Cure\n|upkeep\n|turn|38\n|inactive|perol has 270 seconds left.\n|\n|t:|1701175849\n|move|p2a: Meowscarada|Flower Trick|p1a: Cyclizar\n|-resisted|p1a: Cyclizar\n|-crit|p1a: Cyclizar\n|-damage|p1a: Cyclizar|23\/100\n|move|p1a: Cyclizar|U-turn|p2a: Meowscarada\n|-supereffective|p2a: Meowscarada\n|-damage|p2a: Meowscarada|0 fnt\n|faint|p2a: Meowscarada\n|inactive|perol has 270 seconds left.\n|\n|t:|1701175857\n|switch|p1a: Garganacl|Garganacl, F, tera:Water|83\/100|[from] U-turn\n|\n|-heal|p1a: Garganacl|89\/100|[from] item: Leftovers\n|upkeep\n|\n|t:|1701175864\n|switch|p2a: Slowking|Slowking-Galar, M|94\/100\n|turn|39\n|\n|t:|1701175871\n|move|p1a: Garganacl|Curse|p1a: Garganacl\n|-unboost|p1a: Garganacl|spe|1\n|-boost|p1a: Garganacl|atk|1\n|-boost|p1a: Garganacl|def|1\n|move|p2a: Slowking|Sludge Bomb|p1a: Garganacl\n|-damage|p1a: Garganacl|56\/100\n|\n|-heal|p1a: Garganacl|63\/100|[from] item: Leftovers\n|upkeep\n|turn|40\n|\n|t:|1701175883\n|move|p2a: Slowking|Sludge Bomb|p1a: Garganacl\n|-crit|p1a: Garganacl\n|-damage|p1a: Garganacl|19\/100\n|move|p1a: Garganacl|Curse|p1a: Garganacl\n|-unboost|p1a: Garganacl|spe|1\n|-boost|p1a: Garganacl|atk|1\n|-boost|p1a: Garganacl|def|1\n|\n|-heal|p1a: Garganacl|25\/100|[from] item: Leftovers\n|upkeep\n|turn|41\n|inactive|perol has 270 seconds left.\n|\n|t:|1701175904\n|switch|p1a: Cyclizar|Cyclizar, M|57\/100\n|move|p2a: Slowking|Sludge Bomb|p1a: Cyclizar\n|-damage|p1a: Cyclizar|7\/100\n|\n|upkeep\n|turn|42\n|\n|t:|1701175913\n|move|p1a: Cyclizar|Knock Off|p2a: Slowking\n|-supereffective|p2a: Slowking\n|-damage|p2a: Slowking|57\/100\n|-enditem|p2a: Slowking|Assault Vest|[from] move: Knock Off|[of] p1a: Cyclizar\n|move|p2a: Slowking|Sludge Bomb|p1a: Cyclizar\n|-damage|p1a: Cyclizar|0 fnt\n|faint|p1a: Cyclizar\n|\n|upkeep\n|\n|t:|1701175922\n|switch|p1a: Iron Valiant|Iron Valiant|12\/100\n|turn|43\n|\n|t:|1701175931\n|switch|p2a: Corviknight|Corviknight, M, tera:Water|85\/100\n|move|p1a: Iron Valiant|Shadow Ball|p2a: Corviknight\n|-damage|p2a: Corviknight|61\/100\n|\n|upkeep\n|turn|44\n|\n|t:|1701175941\n|move|p1a: Iron Valiant|Shadow Ball|p2a: Corviknight\n|-damage|p2a: Corviknight|36\/100\n|move|p2a: Corviknight|Brave Bird|p1a: Iron Valiant\n|-supereffective|p1a: Iron Valiant\n|-damage|p1a: Iron Valiant|0 fnt\n|faint|p1a: Iron Valiant\n|-end|p1a: Iron Valiant|Quark Drive|[silent]\n|-damage|p2a: Corviknight|33\/100|[from] Recoil\n|\n|upkeep\n|\n|t:|1701175955\n|switch|p1a: Garganacl|Garganacl, F, tera:Water|25\/100\n|turn|45\n|\n|t:|1701175961\n|move|p2a: Corviknight|U-turn|p1a: Garganacl\n|-damage|p1a: Garganacl|15\/100\n|\n|t:|1701175964\n|switch|p2a: Slowking|Slowking-Galar, M|90\/100|[from] U-turn\n|move|p1a: Garganacl|Recover|p1a: Garganacl\n|-heal|p1a: Garganacl|65\/100\n|\n|-heal|p1a: Garganacl|72\/100|[from] item: Leftovers\n|upkeep\n|turn|46\n|inactive|ArayAlex has 210 seconds left.\n|\n|t:|1701175974\n|move|p1a: Garganacl|Recover|p1a: Garganacl\n|-heal|p1a: Garganacl|100\/100\n|move|p2a: Slowking|Eerie Spell|p1a: Garganacl\n|-damage|p1a: Garganacl|73\/100\n|-activate|p1a: Garganacl|move: Eerie Spell|Recover|3\n|\n|-heal|p1a: Garganacl|79\/100|[from] item: Leftovers\n|upkeep\n|turn|47\n|inactive|ArayAlex has 210 seconds left.\n|\n|t:|1701175987\n|move|p1a: Garganacl|Salt Cure|p2a: Slowking\n|-damage|p2a: Slowking|77\/100\n|-start|p2a: Slowking|Salt Cure\n|move|p2a: Slowking|Eerie Spell|p1a: Garganacl\n|-damage|p1a: Garganacl|51\/100\n|-activate|p1a: Garganacl|move: Eerie Spell|Salt Cure|3\n|\n|-heal|p1a: Garganacl|57\/100|[from] item: Leftovers\n|-damage|p2a: Slowking|65\/100|[from] Salt Cure\n|upkeep\n|turn|48\n|inactive|ArayAlex has 210 seconds left.\n|\n|t:|1701175999\n|switch|p1a: Rillaboom|Rillaboom, M|89\/100\n|-fieldstart|move: Grassy Terrain|[from] ability: Grassy Surge|[of] p1a: Rillaboom\n|switch|p2a: Corviknight|Corviknight, M, tera:Water|33\/100\n|\n|-heal|p1a: Rillaboom|95\/100|[from] Grassy Terrain\n|-heal|p2a: Corviknight|40\/100|[from] Grassy Terrain\n|upkeep\n|turn|49\n|inactive|ArayAlex has 210 seconds left.\n|\n|t:|1701176014\n|move|p1a: Rillaboom|Drum Beating|p2a: Corviknight\n|-supereffective|p2a: Corviknight\n|-damage|p2a: Corviknight|0 fnt\n|faint|p2a: Corviknight\n|\n|-heal|p1a: Rillaboom|100\/100|[from] Grassy Terrain\n|upkeep\n|\n|t:|1701176021\n|switch|p2a: Slowking|Slowking-Galar, M|98\/100\n|turn|50\n|\n|t:|1701176025\n|move|p1a: Rillaboom|Drum Beating|p2a: Slowking\n|-resisted|p2a: Slowking\n|-damage|p2a: Slowking|50\/100\n|-unboost|p2a: Slowking|spe|1\n|move|p2a: Slowking|Eerie Spell|p1a: Rillaboom\n|-damage|p1a: Rillaboom|55\/100\n|-activate|p1a: Rillaboom|move: Eerie Spell|Drum Beating|3\n|\n|-heal|p1a: Rillaboom|61\/100|[from] Grassy Terrain\n|-heal|p2a: Slowking|56\/100|[from] Grassy Terrain\n|upkeep\n|turn|51\n|\n|t:|1701176038\n|move|p1a: Rillaboom|Drum Beating|p2a: Slowking\n|-resisted|p2a: Slowking\n|-damage|p2a: Slowking|13\/100\n|-unboost|p2a: Slowking|spe|1\n|move|p2a: Slowking|Sludge Bomb|p1a: Rillaboom\n|-supereffective|p1a: Rillaboom\n|-damage|p1a: Rillaboom|0 fnt\n|faint|p1a: Rillaboom\n|\n|-heal|p2a: Slowking|19\/100|[from] Grassy Terrain\n|upkeep\n|\n|t:|1701176049\n|switch|p1a: Garganacl|Garganacl, F, tera:Water|57\/100\n|turn|52\n|\n|t:|1701176054\n|move|p1a: Garganacl|Salt Cure|p2a: Slowking\n|-damage|p2a: Slowking|5\/100\n|-start|p2a: Slowking|Salt Cure\n|move|p2a: Slowking|Sludge Bomb|p1a: Garganacl\n|-damage|p1a: Garganacl|26\/100\n|\n|-heal|p1a: Garganacl|32\/100|[from] Grassy Terrain\n|-heal|p1a: Garganacl|38\/100|[from] item: Leftovers\n|-heal|p2a: Slowking|11\/100|[from] Grassy Terrain\n|-damage|p2a: Slowking|0 fnt|[from] Salt Cure\n|faint|p2a: Slowking\n|\n|win|perol\n|upkeep\n","uploadtime":1701176069,"views":11,"p1id":"perol","p2id":"arayalex","formatid":"gen9ou","rating":0,"private":0,"password":""}