{"id":"gen9ou-1990065611","p1":"alfonsogutie","p2":"mystori_","format":"[Gen 9] OU","log":"|j|\u2606alfonsogutie\n|j|\u2606mystori_\n|t:|1699920830\n|gametype|singles\n|player|p1|alfonsogutie|101|1095\n|player|p2|mystori_|shauntal|1033\n|teamsize|p1|6\n|teamsize|p2|6\n|gen|9\n|tier|[Gen 9] OU\n|rated|\n|rule|Sleep Clause Mod: Limit one foe put to sleep\n|rule|Species Clause: Limit one of each Pok\u00e9mon\n|rule|OHKO Clause: OHKO moves are banned\n|rule|Evasion Items Clause: Evasion items are banned\n|rule|Evasion Moves Clause: Evasion moves are banned\n|rule|Endless Battle Clause: Forcing endless battles is banned\n|rule|HP Percentage Mod: HP is shown in percentages\n|clearpoke\n|poke|p1|Manaphy|\n|poke|p1|Ninetales-Alola, F|\n|poke|p1|Kingambit, F|\n|poke|p1|Rillaboom, F|\n|poke|p1|Zamazenta-*|\n|poke|p1|Gholdengo|\n|poke|p2|Sliggoo, M|\n|poke|p2|Ditto|\n|poke|p2|Pawniard, M|\n|poke|p2|Kirlia, F|\n|poke|p2|Ralts, M|\n|poke|p2|Empoleon, M|\n|teampreview\n|inactive|Battle timer is ON: inactive players will automatically lose when time's up. (requested by mystori_)\n|\n|t:|1699920838\n|start\n|switch|p1a: Ninetales|Ninetales-Alola, F|100\/100\n|switch|p2a: Meta Knight|Pawniard, M, shiny|100\/100\n|-weather|Snow|[from] ability: Snow Warning|[of] p1a: Ninetales\n|turn|1\n|\n|t:|1699920845\n|move|p1a: Ninetales|Aurora Veil|p1a: Ninetales\n|-sidestart|p1: alfonsogutie|move: Aurora Veil\n|move|p2a: Meta Knight|Swords Dance|p2a: Meta Knight\n|-boost|p2a: Meta Knight|atk|2\n|\n|-weather|Snow|[upkeep]\n|upkeep\n|turn|2\n|\n|t:|1699920852\n|switch|p1a: Rillaboom|Rillaboom, F|100\/100\n|-fieldstart|move: Grassy Terrain|[from] ability: Grassy Surge|[of] p1a: Rillaboom\n|move|p2a: Meta Knight|Iron Head|p1a: Rillaboom\n|-damage|p1a: Rillaboom|69\/100\n|\n|-weather|Snow|[upkeep]\n|-heal|p1a: Rillaboom|75\/100|[from] Grassy Terrain\n|upkeep\n|turn|3\n|\n|t:|1699920861\n|move|p1a: Rillaboom|Drain Punch|p2a: Meta Knight\n|-supereffective|p2a: Meta Knight\n|-damage|p2a: Meta Knight|0 fnt\n|-heal|p1a: Rillaboom|100\/100|[from] drain|[of] p2a: Meta Knight\n|faint|p2a: Meta Knight\n|\n|-weather|Snow|[upkeep]\n|upkeep\n|\n|t:|1699920876\n|switch|p2a: Escargoon|Sliggoo, M|100\/100\n|turn|4\n|\n|t:|1699920880\n|switch|p1a: Manaphy|Manaphy|100\/100\n|move|p2a: Escargoon|Curse|p2a: Escargoon\n|-unboost|p2a: Escargoon|spe|1\n|-boost|p2a: Escargoon|atk|1\n|-boost|p2a: Escargoon|def|1\n|\n|-weather|Snow|[upkeep]\n|upkeep\n|turn|5\n|\n|t:|1699920889\n|move|p1a: Manaphy|Take Heart|p1a: Manaphy\n|-boost|p1a: Manaphy|spa|1\n|-boost|p1a: Manaphy|spd|1\n|move|p2a: Escargoon|Curse|p2a: Escargoon\n|-unboost|p2a: Escargoon|spe|1\n|-boost|p2a: Escargoon|atk|1\n|-boost|p2a: Escargoon|def|1\n|\n|-weather|none\n|upkeep\n|turn|6\n|\n|t:|1699920897\n|move|p1a: Manaphy|Acid Armor|p1a: Manaphy\n|-boost|p1a: Manaphy|def|2\n|move|p2a: Escargoon|Curse|p2a: Escargoon\n|-unboost|p2a: Escargoon|spe|1\n|-boost|p2a: Escargoon|atk|1\n|-boost|p2a: Escargoon|def|1\n|\n|upkeep\n|turn|7\n|\n|t:|1699920908\n|move|p1a: Manaphy|Stored Power|p2a: Escargoon\n|-damage|p2a: Escargoon|85\/100\n|move|p2a: Escargoon|Curse|p2a: Escargoon\n|-unboost|p2a: Escargoon|spe|1\n|-boost|p2a: Escargoon|atk|1\n|-boost|p2a: Escargoon|def|1\n|\n|-heal|p2a: Escargoon|91\/100|[from] Grassy Terrain\n|upkeep\n|turn|8\n|\n|t:|1699920916\n|move|p1a: Manaphy|Acid Armor|p1a: Manaphy\n|-boost|p1a: Manaphy|def|2\n|move|p2a: Escargoon|Outrage|p1a: Manaphy\n|-damage|p1a: Manaphy|89\/100\n|\n|-heal|p1a: Manaphy|95\/100|[from] Grassy Terrain\n|-heal|p1a: Manaphy|100\/100|[from] item: Leftovers\n|-heal|p2a: Escargoon|97\/100|[from] Grassy Terrain\n|-sideend|p1: alfonsogutie|move: Aurora Veil\n|upkeep\n|turn|9\n|\n|t:|1699920926\n|move|p1a: Manaphy|Scald|p2a: Escargoon\n|-resisted|p2a: Escargoon\n|-damage|p2a: Escargoon|88\/100\n|move|p2a: Escargoon|Outrage|p1a: Manaphy|[from]lockedmove\n|-damage|p1a: Manaphy|78\/100\n|-start|p2a: Escargoon|confusion|[fatigue]\n|\n|-heal|p1a: Manaphy|84\/100|[from] Grassy Terrain\n|-heal|p1a: Manaphy|91\/100|[from] item: Leftovers\n|-heal|p2a: Escargoon|94\/100|[from] Grassy Terrain\n|-fieldend|move: Grassy Terrain\n|upkeep\n|turn|10\n|\n|t:|1699920939\n|move|p1a: Manaphy|Take Heart|p1a: Manaphy\n|-boost|p1a: Manaphy|spa|1\n|-boost|p1a: Manaphy|spd|1\n|-activate|p2a: Escargoon|confusion\n|-damage|p2a: Escargoon|82\/100|[from] confusion\n|\n|-heal|p1a: Manaphy|97\/100|[from] item: Leftovers\n|upkeep\n|turn|11\n|\n|t:|1699920947\n|move|p1a: Manaphy|Acid Armor|p1a: Manaphy\n|-boost|p1a: Manaphy|def|2\n|-end|p2a: Escargoon|confusion\n|move|p2a: Escargoon|Curse|p2a: Escargoon\n|-unboost|p2a: Escargoon|spe|1\n|-boost|p2a: Escargoon|atk|1\n|-boost|p2a: Escargoon|def|1\n|\n|-heal|p1a: Manaphy|100\/100|[from] item: Leftovers\n|upkeep\n|turn|12\n|\n|t:|1699920957\n|move|p1a: Manaphy|Stored Power|p2a: Escargoon\n|-damage|p2a: Escargoon|40\/100\n|move|p2a: Escargoon|Curse|p2a: Escargoon\n|-unboost|p2a: Escargoon|spe|1\n|-boost|p2a: Escargoon|atk|1\n|-boost|p2a: Escargoon|def|1\n|\n|upkeep\n|turn|13\n|\n|t:|1699920965\n|move|p1a: Manaphy|Scald|p2a: Escargoon\n|-resisted|p2a: Escargoon\n|-damage|p2a: Escargoon|28\/100\n|move|p2a: Escargoon|Outrage|p1a: Manaphy\n|-damage|p1a: Manaphy|77\/100\n|\n|-heal|p1a: Manaphy|84\/100|[from] item: Leftovers\n|upkeep\n|turn|14\n|\n|t:|1699920974\n|move|p1a: Manaphy|Stored Power|p2a: Escargoon\n|-damage|p2a: Escargoon|0 fnt\n|faint|p2a: Escargoon\n|\n|-heal|p1a: Manaphy|90\/100|[from] item: Leftovers\n|upkeep\n|\n|t:|1699920979\n|switch|p2a: Tuff|Ralts, M|100\/100\n|turn|15\n|\n|t:|1699920985\n|move|p1a: Manaphy|Take Heart|p1a: Manaphy\n|-boost|p1a: Manaphy|spa|1\n|-boost|p1a: Manaphy|spd|1\n|move|p2a: Tuff|Trick Room|p2a: Tuff\n|-fieldstart|move: Trick Room|[of] p2a: Tuff\n|\n|-heal|p1a: Manaphy|96\/100|[from] item: Leftovers\n|upkeep\n|turn|16\n|\n|t:|1699920993\n|move|p2a: Tuff|Encore|p1a: Manaphy\n|-start|p1a: Manaphy|Encore\n|move|p1a: Manaphy|Take Heart|p1a: Manaphy\n|-boost|p1a: Manaphy|spa|1\n|-boost|p1a: Manaphy|spd|1\n|\n|-heal|p1a: Manaphy|100\/100|[from] item: Leftovers\n|upkeep\n|turn|17\n|\n|t:|1699921007\n|move|p2a: Tuff|Dazzling Gleam|p1a: Manaphy\n|-damage|p1a: Manaphy|94\/100\n|move|p1a: Manaphy|Take Heart|p1a: Manaphy\n|-boost|p1a: Manaphy|spa|1\n|-boost|p1a: Manaphy|spd|1\n|\n|-heal|p1a: Manaphy|99\/100|[from] item: Leftovers\n|upkeep\n|turn|18\n|\n|t:|1699921018\n|move|p2a: Tuff|Dazzling Gleam|p1a: Manaphy\n|-damage|p1a: Manaphy|94\/100\n|move|p1a: Manaphy|Take Heart|p1a: Manaphy\n|-boost|p1a: Manaphy|spa|1\n|-boost|p1a: Manaphy|spd|1\n|\n|-heal|p1a: Manaphy|99\/100|[from] item: Leftovers\n|-end|p1a: Manaphy|Encore\n|upkeep\n|turn|19\n|\n|t:|1699921027\n|move|p2a: Tuff|Encore|p1a: Manaphy\n|-start|p1a: Manaphy|Encore\n|move|p1a: Manaphy|Take Heart||[still]\n|-boost|p1a: Manaphy|spa|0\n|-boost|p1a: Manaphy|spd|0\n|-fail|p1a: Manaphy\n|\n|-heal|p1a: Manaphy|100\/100|[from] item: Leftovers\n|-fieldend|move: Trick Room\n|upkeep\n|turn|20\n|\n|t:|1699921036\n|move|p1a: Manaphy|Take Heart||[still]\n|-boost|p1a: Manaphy|spa|0\n|-boost|p1a: Manaphy|spd|0\n|-fail|p1a: Manaphy\n|move|p2a: Tuff|Trick Room|p2a: Tuff\n|-fieldstart|move: Trick Room|[of] p2a: Tuff\n|\n|upkeep\n|turn|21\n|\n|t:|1699921043\n|switch|p2a: Kirby|Ditto|100\/100\n|-transform|p2a: Kirby|p1a: Manaphy|[from] ability: Imposter\n|move|p1a: Manaphy|Take Heart||[still]\n|-boost|p1a: Manaphy|spa|0\n|-boost|p1a: Manaphy|spd|0\n|-fail|p1a: Manaphy\n|\n|-end|p1a: Manaphy|Encore\n|upkeep\n|turn|22\n|\n|t:|1699921056\n|move|p2a: Kirby|Stored Power|p1a: Manaphy\n|-damage|p1a: Manaphy|13\/100\n|-damage|p2a: Kirby|90\/100|[from] item: Life Orb\n|move|p1a: Manaphy|Stored Power|p2a: Kirby\n|-damage|p2a: Kirby|0 fnt\n|faint|p2a: Kirby\n|\n|-heal|p1a: Manaphy|19\/100|[from] item: Leftovers\n|upkeep\n|\n|t:|1699921071\n|switch|p2a: King Dedede|Empoleon, M, shiny|100\/100\n|turn|23\n|\n|t:|1699921076\n|move|p2a: King Dedede|Knock Off|p1a: Manaphy\n|-damage|p1a: Manaphy|12\/100\n|-enditem|p1a: Manaphy|Leftovers|[from] move: Knock Off|[of] p2a: King Dedede\n|move|p1a: Manaphy|Stored Power|p2a: King Dedede\n|-resisted|p2a: King Dedede\n|-damage|p2a: King Dedede|0 fnt\n|faint|p2a: King Dedede\n|\n|upkeep\n|-message|mystori_ forfeited.\n|\n|win|alfonsogutie\n|raw|alfonsogutie's rating: 1095 &rarr; <strong>1116<\/strong><br \/>(+21 for winning)\n|raw|mystori_'s rating: 1033 &rarr; <strong>1021<\/strong><br \/>(-12 for losing)\n|l|\u2606mystori_\n","uploadtime":1699921090,"views":7,"p1id":"alfonsogutie","p2id":"mystori","formatid":"gen9ou","rating":1021,"private":0,"password":""}