{"id":"gen9ou-1991570302","p1":"Keenan8181","p2":"dreadway","format":"[Gen 9] OU","log":"|j|\u2606Keenan8181\n|j|\u2606dreadway\n|t:|1700089486\n|gametype|singles\n|player|p1|Keenan8181|101|1235\n|player|p2|dreadway|2|1308\n|teamsize|p1|6\n|teamsize|p2|6\n|gen|9\n|tier|[Gen 9] OU\n|rated|\n|rule|Sleep Clause Mod: Limit one foe put to sleep\n|rule|Species Clause: Limit one of each Pok\u00e9mon\n|rule|OHKO Clause: OHKO moves are banned\n|rule|Evasion Items Clause: Evasion items are banned\n|rule|Evasion Moves Clause: Evasion moves are banned\n|rule|Endless Battle Clause: Forcing endless battles is banned\n|rule|HP Percentage Mod: HP is shown in percentages\n|clearpoke\n|poke|p1|Dragapult, F|\n|poke|p1|Rillaboom, M|\n|poke|p1|Mandibuzz, F|\n|poke|p1|Weezing-Galar, M|\n|poke|p1|Milotic, F|\n|poke|p1|Zapdos|\n|poke|p2|Samurott-Hisui, F|\n|poke|p2|Zoroark-Hisui, M|\n|poke|p2|Kingambit, M|\n|poke|p2|Slowking-Galar, F|\n|poke|p2|Rillaboom, F|\n|poke|p2|Sneasler, F|\n|teampreview\n|inactive|Battle timer is ON: inactive players will automatically lose when time's up. (requested by Keenan8181)\n|\n|t:|1700089499\n|start\n|switch|p1a: Rillaboom|Rillaboom, M|100\/100\n|switch|p2a: Samurott|Samurott-Hisui, F|100\/100\n|-fieldstart|move: Grassy Terrain|[from] ability: Grassy Surge|[of] p1a: Rillaboom\n|turn|1\n|\n|t:|1700089511\n|switch|p2a: Rillaboom|Rillaboom, F|100\/100\n|move|p1a: Rillaboom|Knock Off|p2a: Rillaboom\n|-crit|p2a: Rillaboom\n|-damage|p2a: Rillaboom|29\/100\n|-enditem|p2a: Rillaboom|Choice Band|[from] move: Knock Off|[of] p1a: Rillaboom\n|\n|-heal|p2a: Rillaboom|35\/100|[from] Grassy Terrain\n|upkeep\n|turn|2\n|\n|t:|1700089518\n|move|p1a: Rillaboom|Knock Off|p2a: Rillaboom\n|-damage|p2a: Rillaboom|2\/100\n|move|p2a: Rillaboom|U-turn|p1a: Rillaboom\n|-supereffective|p1a: Rillaboom\n|-crit|p1a: Rillaboom\n|-damage|p1a: Rillaboom|12\/100\n|\n|t:|1700089527\n|switch|p2a: Samurott|Samurott-Hisui, F|100\/100|[from] U-turn\n|\n|-heal|p1a: Rillaboom|18\/100|[from] Grassy Terrain\n|upkeep\n|turn|3\n|\n|t:|1700089550\n|switch|p1a: Weezing|Weezing-Galar, M|100\/100\n|-ability|p1a: Weezing|Neutralizing Gas\n|move|p2a: Samurott|Ceaseless Edge|p1a: Weezing\n|-resisted|p1a: Weezing\n|-damage|p1a: Weezing|91\/100\n|-sidestart|p1: Keenan8181|Spikes\n|\n|-heal|p1a: Weezing|97\/100|[from] Grassy Terrain\n|-heal|p1a: Weezing|100\/100|[from] item: Leftovers\n|upkeep\n|turn|4\n|\n|t:|1700089568\n|move|p2a: Samurott|Aqua Cutter|p1a: Weezing\n|-damage|p1a: Weezing|77\/100\n|move|p1a: Weezing|Will-O-Wisp|p2a: Samurott\n|-status|p2a: Samurott|brn\n|\n|-heal|p1a: Weezing|83\/100|[from] Grassy Terrain\n|-heal|p1a: Weezing|89\/100|[from] item: Leftovers\n|-damage|p2a: Samurott|94\/100 brn|[from] brn\n|upkeep\n|turn|5\n|\n|t:|1700089579\n|move|p2a: Samurott|Ceaseless Edge|p1a: Weezing\n|-resisted|p1a: Weezing\n|-damage|p1a: Weezing|85\/100\n|-sidestart|p1: Keenan8181|Spikes\n|move|p1a: Weezing|Sludge Bomb|p2a: Samurott\n|-damage|p2a: Samurott|51\/100 brn\n|\n|-heal|p2a: Samurott|57\/100 brn|[from] Grassy Terrain\n|-heal|p1a: Weezing|91\/100|[from] Grassy Terrain\n|-heal|p1a: Weezing|97\/100|[from] item: Leftovers\n|-damage|p2a: Samurott|51\/100 brn|[from] brn\n|-fieldend|move: Grassy Terrain\n|upkeep\n|turn|6\n|\n|t:|1700089585\n|move|p2a: Samurott|Ceaseless Edge|p1a: Weezing\n|-resisted|p1a: Weezing\n|-damage|p1a: Weezing|92\/100\n|-sidestart|p1: Keenan8181|Spikes\n|move|p1a: Weezing|Sludge Bomb|p2a: Samurott\n|-damage|p2a: Samurott|9\/100 brn\n|\n|-heal|p1a: Weezing|98\/100|[from] item: Leftovers\n|-damage|p2a: Samurott|3\/100 brn|[from] brn\n|upkeep\n|turn|7\n|\n|t:|1700089588\n|move|p2a: Samurott|Aqua Cutter|p1a: Weezing\n|-damage|p1a: Weezing|86\/100\n|move|p1a: Weezing|Defog|p2a: Samurott\n|-unboost|p2a: Samurott|evasion|1\n|-sideend|p1: Keenan8181|Spikes|[from] move: Defog|[of] p1a: Weezing\n|\n|-heal|p1a: Weezing|92\/100|[from] item: Leftovers\n|-damage|p2a: Samurott|0 fnt|[from] brn\n|faint|p2a: Samurott\n|upkeep\n|\n|t:|1700089595\n|switch|p2a: Zoroark|Zoroark-Hisui, M|100\/100\n|turn|8\n|\n|t:|1700089610\n|-end|p1a: Weezing|ability: Neutralizing Gas\n|switch|p1a: Milotic|Milotic, F|100\/100\n|move|p2a: Zoroark|Nasty Plot|p2a: Zoroark\n|-boost|p2a: Zoroark|spa|2\n|\n|upkeep\n|turn|9\n|\n|t:|1700089615\n|move|p2a: Zoroark|Grass Knot|p1a: Milotic\n|-supereffective|p1a: Milotic\n|-damage|p1a: Milotic|20\/100\n|move|p1a: Milotic|Mirror Coat|p2a: Zoroark\n|-enditem|p2a: Zoroark|Focus Sash\n|-damage|p2a: Zoroark|1\/100\n|\n|upkeep\n|turn|10\n|c|\u2606dreadway|did that come out revealed\n|c|\u2606dreadway|or am i tripping\n|c|\u2606Keenan8181|it did\n|c|\u2606dreadway|why\n|\n|t:|1700089640\n|move|p2a: Zoroark|Shadow Ball|p1a: Milotic\n|-damage|p1a: Milotic|0 fnt\n|faint|p1a: Milotic\n|\n|upkeep\n|\n|t:|1700089643\n|switch|p1a: Rillaboom|Rillaboom, M|18\/100\n|-fieldstart|move: Grassy Terrain|[from] ability: Grassy Surge|[of] p1a: Rillaboom\n|turn|11\n|\n|t:|1700089654\n|move|p1a: Rillaboom|Grassy Glide|p2a: Zoroark\n|-damage|p2a: Zoroark|0 fnt\n|faint|p2a: Zoroark\n|\n|-heal|p1a: Rillaboom|24\/100|[from] Grassy Terrain\n|upkeep\n|\n|t:|1700089658\n|switch|p2a: Slowking|Slowking-Galar, F|100\/100\n|turn|12\n|c|\u2606Keenan8181|maybe the illusion is for Samurott only since he\u2019s your lead idk\n|\n|t:|1700089681\n|switch|p1a: Dragapult|Dragapult, F|100\/100\n|move|p2a: Slowking|Future Sight|p1a: Dragapult\n|-start|p2a: Slowking|move: Future Sight\n|\n|upkeep\n|turn|13\n|\n|t:|1700089701\n|switch|p2a: Rillaboom|Rillaboom, F|2\/100\n|move|p1a: Dragapult|Shadow Ball|p2a: Rillaboom\n|-crit|p2a: Rillaboom\n|-damage|p2a: Rillaboom|0 fnt\n|faint|p2a: Rillaboom\n|\n|upkeep\n|\n|t:|1700089703\n|switch|p2a: Sneasler|Sneasler, F|100\/100\n|-enditem|p2a: Sneasler|Grassy Seed\n|-boost|p2a: Sneasler|def|1|[from] item: Grassy Seed\n|turn|14\n|\n|t:|1700089709\n|-terastallize|p1a: Dragapult|Ghost\n|move|p2a: Sneasler|Swords Dance|p2a: Sneasler\n|-boost|p2a: Sneasler|atk|2\n|move|p1a: Dragapult|Shadow Ball|p2a: Sneasler\n|-damage|p2a: Sneasler|11\/100\n|\n|-end|p1a: Dragapult|move: Future Sight\n|-damage|p1a: Dragapult|29\/100\n|-heal|p2a: Sneasler|18\/100|[from] Grassy Terrain\n|-heal|p1a: Dragapult|35\/100|[from] Grassy Terrain\n|upkeep\n|turn|15\n|\n|t:|1700089733\n|move|p2a: Sneasler|Dire Claw|p1a: Dragapult\n|-resisted|p1a: Dragapult\n|-damage|p1a: Dragapult|0 fnt\n|faint|p1a: Dragapult\n|\n|-heal|p2a: Sneasler|24\/100|[from] Grassy Terrain\n|-fieldend|move: Grassy Terrain\n|upkeep\n|\n|t:|1700089740\n|switch|p1a: Mandibuzz|Mandibuzz, F|100\/100\n|turn|16\n|\n|t:|1700089750\n|move|p2a: Sneasler|Close Combat|p1a: Mandibuzz\n|-damage|p1a: Mandibuzz|29\/100\n|-unboost|p2a: Sneasler|def|1\n|-unboost|p2a: Sneasler|spd|1\n|move|p1a: Mandibuzz|Foul Play|p2a: Sneasler\n|-resisted|p2a: Sneasler\n|-damage|p2a: Sneasler|0 fnt\n|faint|p2a: Sneasler\n|\n|upkeep\n|\n|t:|1700089757\n|switch|p2a: Slowking|Slowking-Galar, F|100\/100\n|turn|17\n|\n|t:|1700089763\n|move|p1a: Mandibuzz|Roost|p1a: Mandibuzz\n|-heal|p1a: Mandibuzz|79\/100\n|-singleturn|p1a: Mandibuzz|move: Roost\n|move|p2a: Slowking|Sludge Bomb|p1a: Mandibuzz\n|-damage|p1a: Mandibuzz|48\/100\n|\n|upkeep\n|turn|18\n|\n|t:|1700089784\n|switch|p1a: Zapdos|Zapdos|100\/100\n|switch|p2a: Kingambit|Kingambit, M|100\/100\n|-activate|p2a: Kingambit|ability: Supreme Overlord\n|-start|p2a: Kingambit|fallen4|[silent]\n|\n|upkeep\n|turn|19\n|inactive|dreadway has 120 seconds left.\n|\n|t:|1700089818\n|move|p1a: Zapdos|Discharge|p2a: Kingambit\n|-damage|p2a: Kingambit|50\/100\n|move|p2a: Kingambit|Swords Dance|p2a: Kingambit\n|-boost|p2a: Kingambit|atk|2\n|\n|upkeep\n|turn|20\n|\n|t:|1700089823\n|move|p2a: Kingambit|Sucker Punch|p1a: Zapdos\n|-damage|p1a: Zapdos|0 fnt\n|faint|p1a: Zapdos\n|\n|upkeep\n|\n|t:|1700089829\n|switch|p1a: Weezing|Weezing-Galar, M|92\/100\n|-ability|p1a: Weezing|Neutralizing Gas\n|turn|21\n|\n|t:|1700089830\n|move|p2a: Kingambit|Iron Head|p1a: Weezing\n|-supereffective|p1a: Weezing\n|-damage|p1a: Weezing|0 fnt\n|faint|p1a: Weezing\n|-end|p1a: Weezing|ability: Neutralizing Gas\n|-activate|p2a: Kingambit|ability: Supreme Overlord\n|-start|p2a: Kingambit|fallen4|[silent]\n|\n|upkeep\n|\n|t:|1700089834\n|switch|p1a: Mandibuzz|Mandibuzz, F|48\/100\n|turn|22\n|\n|t:|1700089837\n|move|p1a: Mandibuzz|Roost|p1a: Mandibuzz\n|-heal|p1a: Mandibuzz|98\/100\n|-singleturn|p1a: Mandibuzz|move: Roost\n|move|p2a: Kingambit|Iron Head|p1a: Mandibuzz\n|-damage|p1a: Mandibuzz|18\/100\n|\n|upkeep\n|turn|23\n|\n|t:|1700089845\n|move|p1a: Mandibuzz|Foul Play|p2a: Kingambit\n|-resisted|p2a: Kingambit\n|-damage|p2a: Kingambit|5\/100\n|move|p2a: Kingambit|Iron Head|p1a: Mandibuzz\n|-damage|p1a: Mandibuzz|0 fnt\n|faint|p1a: Mandibuzz\n|\n|upkeep\n|\n|t:|1700089848\n|switch|p1a: Rillaboom|Rillaboom, M|24\/100\n|-fieldstart|move: Grassy Terrain|[from] ability: Grassy Surge|[of] p1a: Rillaboom\n|turn|24\n|\n|t:|1700089852\n|move|p2a: Kingambit|Sucker Punch|p1a: Rillaboom\n|-damage|p1a: Rillaboom|0 fnt\n|faint|p1a: Rillaboom\n|\n|win|dreadway\n|raw|Keenan8181's rating: 1235 &rarr; <strong>1215<\/strong><br \/>(-20 for losing)\n|raw|dreadway's rating: 1308 &rarr; <strong>1324<\/strong><br \/>(+16 for winning)\n|l|\u2606Keenan8181\n","uploadtime":1700089861,"views":8,"p1id":"keenan8181","p2id":"dreadway","formatid":"gen9ou","rating":1215,"private":0,"password":""}