{"id":"gen9ou-1998254117","p1":"endersOverlord","p2":"Cl0wd","format":"[Gen 9] OU","log":"|j|\u2606endersOverlord\n|j|\u2606Cl0wd\n|t:|1700920407\n|gametype|singles\n|player|p1|endersOverlord|colress|\n|player|p2|Cl0wd|hilbert|\n|teamsize|p1|6\n|teamsize|p2|6\n|gen|9\n|tier|[Gen 9] OU\n|rule|Sleep Clause Mod: Limit one foe put to sleep\n|rule|Species Clause: Limit one of each Pok\u00e9mon\n|rule|OHKO Clause: OHKO moves are banned\n|rule|Evasion Items Clause: Evasion items are banned\n|rule|Evasion Moves Clause: Evasion moves are banned\n|rule|Endless Battle Clause: Forcing endless battles is banned\n|rule|HP Percentage Mod: HP is shown in percentages\n|clearpoke\n|poke|p1|Rotom-Wash|\n|poke|p1|Tinkaton, F|\n|poke|p1|Iron Hands|\n|poke|p1|Hydreigon, F|\n|poke|p1|Iron Moth|\n|poke|p1|Ogerpon, F|\n|poke|p2|Samurott-Hisui, M|\n|poke|p2|Sylveon, F|\n|poke|p2|Lucario, M|\n|poke|p2|Toxtricity, M|\n|poke|p2|Corviknight, F|\n|poke|p2|Ceruledge, M|\n|teampreview\n|\n|t:|1700920430\n|start\n|switch|p1a: Cal-Gone|Rotom-Wash, shiny|100\/100\n|switch|p2a: (Taylor's Version)|Toxtricity, M|100\/100\n|turn|1\n|\n|t:|1700920437\n|move|p2a: (Taylor's Version)|Boomburst|p1a: Cal-Gone\n|-damage|p1a: Cal-Gone|9\/100\n|move|p1a: Cal-Gone|Electric Terrain|p1a: Cal-Gone\n|-fieldstart|move: Electric Terrain\n|\n|upkeep\n|turn|2\n|\n|t:|1700920443\n|move|p2a: (Taylor's Version)|Boomburst|p1a: Cal-Gone\n|-damage|p1a: Cal-Gone|0 fnt\n|faint|p1a: Cal-Gone\n|\n|upkeep\n|\n|t:|1700920452\n|switch|p1a: Harmonia|Hydreigon, F|100\/100\n|turn|3\n|\n|t:|1700920462\n|switch|p2a: Doja Cat|Samurott-Hisui, M|100\/100\n|move|p1a: Harmonia|Earth Power|p2a: Doja Cat\n|-damage|p2a: Doja Cat|42\/100\n|-damage|p1a: Harmonia|91\/100|[from] item: Life Orb\n|\n|upkeep\n|turn|4\n|\n|t:|1700920472\n|move|p1a: Harmonia|Earth Power|p2a: Doja Cat\n|-damage|p2a: Doja Cat|0 fnt\n|faint|p2a: Doja Cat\n|-damage|p1a: Harmonia|81\/100|[from] item: Life Orb\n|\n|upkeep\n|\n|t:|1700920477\n|switch|p2a: Crusher|Sylveon, F, shiny|100\/100\n|turn|5\n|\n|t:|1700920484\n|-terastallize|p1a: Harmonia|Steel\n|-terastallize|p2a: Crusher|Fairy\n|move|p1a: Harmonia|Nasty Plot|p1a: Harmonia\n|-boost|p1a: Harmonia|spa|2\n|move|p2a: Crusher|Hyper Voice|p1a: Harmonia\n|-resisted|p1a: Harmonia\n|-damage|p1a: Harmonia|52\/100\n|\n|upkeep\n|turn|6\n|\n|t:|1700920496\n|switch|p2a: New York City|Corviknight, F|100\/100\n|-ability|p2a: New York City|Pressure\n|move|p1a: Harmonia|Earth Power|p2a: New York City\n|-immune|p2a: New York City\n|\n|upkeep\n|turn|7\n|\n|t:|1700920506\n|move|p1a: Harmonia|Dark Pulse|p2a: New York City\n|-damage|p2a: New York City|3\/100\n|-damage|p1a: Harmonia|42\/100|[from] item: Life Orb\n|move|p2a: New York City|Body Press|p1a: Harmonia\n|-supereffective|p1a: Harmonia\n|-damage|p1a: Harmonia|0 fnt\n|faint|p1a: Harmonia\n|\n|upkeep\n|\n|t:|1700920517\n|switch|p1a: Ra-Moon|Iron Moth, shiny|100\/100\n|-activate|p1a: Ra-Moon|ability: Quark Drive\n|-start|p1a: Ra-Moon|quarkdrivespa\n|turn|8\n|\n|t:|1700920536\n|switch|p2a: Gay Knife|Ceruledge, M|100\/100\n|move|p1a: Ra-Moon|Fiery Dance|p2a: Gay Knife\n|-resisted|p2a: Gay Knife\n|-damage|p2a: Gay Knife|50\/100\n|\n|-fieldend|move: Electric Terrain\n|-end|p1a: Ra-Moon|Quark Drive\n|upkeep\n|turn|9\n|\n|t:|1700920546\n|move|p1a: Ra-Moon|Fiery Dance|p2a: Gay Knife\n|-resisted|p2a: Gay Knife\n|-damage|p2a: Gay Knife|9\/100\n|move|p2a: Gay Knife|Poltergeist|p1a: Ra-Moon\n|-activate|p1a: Ra-Moon|move: Poltergeist|Choice Specs\n|-damage|p1a: Ra-Moon|5\/100\n|\n|upkeep\n|turn|10\n|\n|t:|1700920553\n|move|p2a: Gay Knife|Shadow Sneak|p1a: Ra-Moon\n|-damage|p1a: Ra-Moon|0 fnt\n|faint|p1a: Ra-Moon\n|-end|p1a: Ra-Moon|Quark Drive|[silent]\n|\n|upkeep\n|\n|t:|1700920557\n|switch|p1a: Mr. Electric|Iron Hands, shiny|100\/100\n|turn|11\n|\n|t:|1700920563\n|move|p2a: Gay Knife|Bitter Blade|p1a: Mr. Electric\n|-damage|p1a: Mr. Electric|80\/100\n|-heal|p2a: Gay Knife|28\/100|[from] drain|[of] p1a: Mr. Electric\n|move|p1a: Mr. Electric|Ice Punch|p2a: Gay Knife\n|-resisted|p2a: Gay Knife\n|-damage|p2a: Gay Knife|12\/100\n|-status|p2a: Gay Knife|frz\n|-ability|p2a: Gay Knife|Weak Armor|boost\n|-unboost|p2a: Gay Knife|def|1\n|-boost|p2a: Gay Knife|spe|2\n|\n|-heal|p1a: Mr. Electric|86\/100|[from] item: Leftovers\n|upkeep\n|turn|12\n|\n|t:|1700920583\n|cant|p2a: Gay Knife|frz\n|move|p1a: Mr. Electric|Wild Charge|p2a: Gay Knife\n|-damage|p2a: Gay Knife|0 fnt\n|faint|p2a: Gay Knife\n|-damage|p1a: Mr. Electric|84\/100|[from] Recoil\n|\n|-heal|p1a: Mr. Electric|90\/100|[from] item: Leftovers\n|upkeep\n|\n|t:|1700920593\n|switch|p2a: Crusher|Sylveon, F, shiny, tera:Fairy|100\/100\n|turn|13\n|\n|t:|1700920597\n|move|p1a: Mr. Electric|Wild Charge|p2a: Crusher\n|-damage|p2a: Crusher|66\/100\n|-damage|p1a: Mr. Electric|83\/100|[from] Recoil\n|move|p2a: Crusher|Hyper Voice|p1a: Mr. Electric\n|-supereffective|p1a: Mr. Electric\n|-damage|p1a: Mr. Electric|0 fnt\n|faint|p1a: Mr. Electric\n|-end|p1a: Mr. Electric|Quark Drive|[silent]\n|\n|-heal|p2a: Crusher|72\/100|[from] item: Leftovers\n|upkeep\n|\n|t:|1700920606\n|switch|p1a: Doubletap|Tinkaton, F|100\/100\n|-ability|p1a: Doubletap|Mold Breaker\n|turn|14\n|\n|t:|1700920612\n|move|p1a: Doubletap|Gigaton Hammer|p2a: Crusher\n|-supereffective|p2a: Crusher\n|-damage|p2a: Crusher|2\/100\n|move|p2a: Crusher|Wish|p2a: Crusher\n|\n|-heal|p2a: Crusher|8\/100|[from] item: Leftovers\n|upkeep\n|turn|15\n|\n|t:|1700920623\n|switch|p2a: Chicken wings|Lucario, M|100\/100\n|move|p1a: Doubletap|Knock Off|p2a: Chicken wings\n|-resisted|p2a: Chicken wings\n|-crit|p2a: Chicken wings\n|-damage|p2a: Chicken wings|80\/100\n|-enditem|p2a: Chicken wings|Expert Belt|[from] move: Knock Off|[of] p1a: Doubletap\n|\n|-heal|p2a: Chicken wings|100\/100|[from] move: Wish|[wisher] Crusher\n|upkeep\n|turn|16\n|\n|t:|1700920637\n|move|p2a: Chicken wings|Brick Break|p1a: Doubletap\n|-damage|p1a: Doubletap|62\/100\n|move|p1a: Doubletap|Thunder Wave|p2a: Chicken wings\n|-status|p2a: Chicken wings|par\n|\n|-heal|p1a: Doubletap|68\/100|[from] item: Leftovers\n|upkeep\n|turn|17\n|\n|t:|1700920646\n|move|p1a: Doubletap|Play Rough|p2a: Chicken wings\n|-damage|p2a: Chicken wings|62\/100 par\n|move|p2a: Chicken wings|Swords Dance|p2a: Chicken wings\n|-boost|p2a: Chicken wings|atk|2\n|\n|-heal|p1a: Doubletap|74\/100|[from] item: Leftovers\n|upkeep\n|turn|18\n|\n|t:|1700920653\n|move|p1a: Doubletap|Play Rough|p2a: Chicken wings\n|-damage|p2a: Chicken wings|24\/100 par\n|move|p2a: Chicken wings|Brick Break|p1a: Doubletap\n|-damage|p1a: Doubletap|0 fnt\n|faint|p1a: Doubletap\n|\n|upkeep\n|\n|t:|1700920659\n|switch|p1a: Ogerpon|Ogerpon, F|100\/100\n|turn|19\n|\n|t:|1700920664\n|move|p2a: Chicken wings|Extreme Speed|p1a: Ogerpon\n|-damage|p1a: Ogerpon|38\/100\n|move|p1a: Ogerpon|Ivy Cudgel|p2a: Chicken wings\n|-resisted|p2a: Chicken wings\n|-crit|p2a: Chicken wings\n|-damage|p2a: Chicken wings|0 fnt\n|faint|p2a: Chicken wings\n|\n|upkeep\n|\n|t:|1700920672\n|switch|p2a: (Taylor's Version)|Toxtricity, M|100\/100\n|turn|20\n|\n|t:|1700920676\n|move|p1a: Ogerpon|Ivy Cudgel|p2a: (Taylor's Version)\n|-resisted|p2a: (Taylor's Version)\n|-crit|p2a: (Taylor's Version)\n|-damage|p2a: (Taylor's Version)|8\/100\n|move|p2a: (Taylor's Version)|Boomburst|p1a: Ogerpon\n|-damage|p1a: Ogerpon|0 fnt\n|faint|p1a: Ogerpon\n|\n|win|Cl0wd\n|l|\u2606Cl0wd\n","uploadtime":1700920734,"views":3,"p1id":"endersoverlord","p2id":"cl0wd","formatid":"gen9ou","rating":0,"private":0,"password":""}