{"id":"gen9ou-1995315773","p1":"llxcjghxgk","p2":"djkslaf","format":"[Gen 9] OU","log":"|j|\u2606llxcjghxgk\n|j|\u2606djkslaf\n|t:|1700552346\n|gametype|singles\n|player|p1|llxcjghxgk|265|1124\n|player|p2|djkslaf|lyra|1140\n|teamsize|p1|6\n|teamsize|p2|6\n|gen|9\n|tier|[Gen 9] OU\n|rated|\n|rule|Sleep Clause Mod: Limit one foe put to sleep\n|rule|Species Clause: Limit one of each Pok\u00e9mon\n|rule|OHKO Clause: OHKO moves are banned\n|rule|Evasion Items Clause: Evasion items are banned\n|rule|Evasion Moves Clause: Evasion moves are banned\n|rule|Endless Battle Clause: Forcing endless battles is banned\n|rule|HP Percentage Mod: HP is shown in percentages\n|clearpoke\n|poke|p1|Ceruledge, M|\n|poke|p1|Greninja-*, M|\n|poke|p1|Ribombee, M|\n|poke|p1|Heracross, M|\n|poke|p1|Heatran, F|\n|poke|p1|Ting-Lu|\n|poke|p2|Kingambit, M|\n|poke|p2|Samurott-Hisui, F|\n|poke|p2|Empoleon, M|\n|poke|p2|Cresselia, F|\n|poke|p2|Slowking-Galar, F|\n|poke|p2|Kommo-o, F|\n|teampreview\n|inactive|Battle timer is ON: inactive players will automatically lose when time's up. (requested by djkslaf)\n|\n|t:|1700552367\n|start\n|switch|p1a: Ting-Lu|Ting-Lu|100\/100\n|switch|p2a: Samurott|Samurott-Hisui, F|100\/100\n|-ability|p1a: Ting-Lu|Vessel of Ruin\n|turn|1\n|\n|t:|1700552382\n|move|p2a: Samurott|Ceaseless Edge|p1a: Ting-Lu\n|-resisted|p1a: Ting-Lu\n|-damage|p1a: Ting-Lu|90\/100\n|-sidestart|p1: llxcjghxgk|Spikes\n|move|p1a: Ting-Lu|Stealth Rock|p2a: Samurott\n|-sidestart|p2: djkslaf|move: Stealth Rock\n|\n|-heal|p1a: Ting-Lu|96\/100|[from] item: Leftovers\n|upkeep\n|turn|2\n|\n|t:|1700552390\n|move|p2a: Samurott|Ceaseless Edge|p1a: Ting-Lu\n|-resisted|p1a: Ting-Lu\n|-damage|p1a: Ting-Lu|84\/100\n|-sidestart|p1: llxcjghxgk|Spikes\n|move|p1a: Ting-Lu|Spikes|p2a: Samurott\n|-sidestart|p2: djkslaf|Spikes\n|\n|-heal|p1a: Ting-Lu|90\/100|[from] item: Leftovers\n|upkeep\n|turn|3\n|\n|t:|1700552414\n|move|p2a: Samurott|Ceaseless Edge|p1a: Ting-Lu\n|-resisted|p1a: Ting-Lu\n|-damage|p1a: Ting-Lu|79\/100\n|-sidestart|p1: llxcjghxgk|Spikes\n|move|p1a: Ting-Lu|Spikes|p2a: Samurott\n|-sidestart|p2: djkslaf|Spikes\n|\n|-heal|p1a: Ting-Lu|85\/100|[from] item: Leftovers\n|upkeep\n|turn|4\n|\n|t:|1700552422\n|move|p2a: Samurott|Razor Shell|p1a: Ting-Lu\n|-supereffective|p1a: Ting-Lu\n|-damage|p1a: Ting-Lu|30\/100\n|-unboost|p1a: Ting-Lu|def|1\n|move|p1a: Ting-Lu|Spikes|p2a: Samurott\n|-sidestart|p2: djkslaf|Spikes\n|\n|-heal|p1a: Ting-Lu|36\/100|[from] item: Leftovers\n|upkeep\n|turn|5\n|\n|t:|1700552432\n|move|p2a: Samurott|Aqua Cutter|p1a: Ting-Lu\n|-supereffective|p1a: Ting-Lu\n|-damage|p1a: Ting-Lu|0 fnt\n|faint|p1a: Ting-Lu\n|\n|upkeep\n|\n|t:|1700552436\n|switch|p1a: Heracross|Heracross, M|100\/100\n|-damage|p1a: Heracross|76\/100|[from] Spikes\n|turn|6\n|\n|t:|1700552448\n|move|p2a: Samurott|Aqua Cutter|p1a: Heracross\n|-damage|p1a: Heracross|4\/100\n|move|p1a: Heracross|Trailblaze|p2a: Samurott\n|-supereffective|p2a: Samurott\n|-damage|p2a: Samurott|55\/100\n|-boost|p1a: Heracross|spe|1\n|\n|upkeep\n|turn|7\n|\n|t:|1700552457\n|move|p2a: Samurott|Aqua Jet|p1a: Heracross\n|-damage|p1a: Heracross|0 fnt\n|faint|p1a: Heracross\n|\n|upkeep\n|\n|t:|1700552463\n|switch|p1a: Greninja|Greninja, M|100\/100\n|-damage|p1a: Greninja|76\/100|[from] Spikes\n|turn|8\n|\n|t:|1700552473\n|move|p1a: Greninja|Low Kick|p2a: Samurott\n|-supereffective|p2a: Samurott\n|-damage|p2a: Samurott|2\/100\n|move|p2a: Samurott|Aqua Cutter|p1a: Greninja\n|-resisted|p1a: Greninja\n|-damage|p1a: Greninja|36\/100\n|\n|upkeep\n|turn|9\n|\n|t:|1700552485\n|move|p2a: Samurott|Aqua Jet|p1a: Greninja\n|-resisted|p1a: Greninja\n|-damage|p1a: Greninja|19\/100\n|move|p1a: Greninja|Low Kick|p2a: Samurott\n|-supereffective|p2a: Samurott\n|-damage|p2a: Samurott|0 fnt\n|faint|p2a: Samurott\n|-ability|p1a: Greninja|Battle Bond|boost\n|-boost|p1a: Greninja|atk|1\n|-boost|p1a: Greninja|spa|1\n|-boost|p1a: Greninja|spe|1\n|-activate|p1a: Greninja|ability: Battle Bond\n|\n|upkeep\n|inactive|djkslaf has 120 seconds left.\n|\n|t:|1700552516\n|switch|p2a: Kommo-o|Kommo-o, F|100\/100\n|-damage|p2a: Kommo-o|94\/100|[from] Stealth Rock\n|-damage|p2a: Kommo-o|70\/100|[from] Spikes\n|turn|10\n|inactive|djkslaf has 120 seconds left.\n|\n|t:|1700552531\n|move|p1a: Greninja|Ice Punch|p2a: Kommo-o\n|-supereffective|p2a: Kommo-o\n|-damage|p2a: Kommo-o|4\/100\n|move|p2a: Kommo-o|Boomburst|p1a: Greninja\n|-crit|p1a: Greninja\n|-damage|p1a: Greninja|0 fnt\n|faint|p1a: Greninja\n|-enditem|p2a: Kommo-o|Throat Spray\n|-boost|p2a: Kommo-o|spa|1|[from] item: Throat Spray\n|\n|upkeep\n|\n|t:|1700552544\n|switch|p1a: Ribombee|Ribombee, M|100\/100\n|-damage|p1a: Ribombee|76\/100|[from] Spikes\n|turn|11\n|\n|t:|1700552549\n|move|p1a: Ribombee|Quiver Dance|p1a: Ribombee\n|-boost|p1a: Ribombee|spa|1\n|-boost|p1a: Ribombee|spd|1\n|-boost|p1a: Ribombee|spe|1\n|move|p2a: Kommo-o|Flamethrower|p1a: Ribombee\n|-supereffective|p1a: Ribombee\n|-damage|p1a: Ribombee|0 fnt\n|faint|p1a: Ribombee\n|\n|upkeep\n|\n|t:|1700552569\n|switch|p1a: Ceruledge|Ceruledge, M|100\/100\n|-damage|p1a: Ceruledge|76\/100|[from] Spikes\n|turn|12\n|\n|t:|1700552575\n|move|p2a: Kommo-o|Clanging Scales|p1a: Ceruledge\n|-damage|p1a: Ceruledge|0 fnt\n|faint|p1a: Ceruledge\n|-unboost|p2a: Kommo-o|def|1\n|\n|upkeep\n|-message|llxcjghxgk forfeited.\n|\n|win|djkslaf\n|raw|llxcjghxgk's rating: 1090 &rarr; <strong>1070<\/strong><br \/>(-20 for losing)\n|raw|djkslaf's rating: 1140 &rarr; <strong>1161<\/strong><br \/>(+21 for winning)\n|l|\u2606llxcjghxgk\n","uploadtime":1700552598,"views":2,"p1id":"llxcjghxgk","p2id":"djkslaf","formatid":"gen9ou","rating":1070,"private":0,"password":""}