{"id":"gen9ou-1999364674","p1":"debabrat","p2":"5ebKaF8RErUZhjTigb","format":"[Gen 9] OU","log":"|j|\u2606debabrat\n|j|\u26065ebKaF8RErUZhjTigb\n|t:|1701067430\n|gametype|singles\n|player|p1|debabrat|red-masters2|1110\n|player|p2|5ebKaF8RErUZhjTigb|1|1000\n|teamsize|p1|6\n|teamsize|p2|6\n|gen|9\n|tier|[Gen 9] OU\n|rated|\n|rule|Sleep Clause Mod: Limit one foe put to sleep\n|rule|Species Clause: Limit one of each Pok\u00e9mon\n|rule|OHKO Clause: OHKO moves are banned\n|rule|Evasion Items Clause: Evasion items are banned\n|rule|Evasion Moves Clause: Evasion moves are banned\n|rule|Endless Battle Clause: Forcing endless battles is banned\n|rule|HP Percentage Mod: HP is shown in percentages\n|clearpoke\n|poke|p1|Great Tusk|\n|poke|p1|Slowking-Galar, M|\n|poke|p1|Dondozo, F|\n|poke|p1|Jolteon, F|\n|poke|p1|Mandibuzz, F|\n|poke|p1|Heatran, F|\n|poke|p2|Manaphy|\n|poke|p2|Kingambit, M|\n|poke|p2|Ribombee, M|\n|poke|p2|Gholdengo|\n|poke|p2|Iron Moth|\n|poke|p2|Ogerpon-Wellspring, F|\n|teampreview\n|inactive|Battle timer is ON: inactive players will automatically lose when time's up. (requested by 5ebKaF8RErUZhjTigb)\n|\n|t:|1701067437\n|start\n|switch|p1a: Jolteon|Jolteon, F|100\/100\n|switch|p2a: Ribombee|Ribombee, M, shiny|100\/100\n|turn|1\n|\n|t:|1701067444\n|move|p1a: Jolteon|Thunderbolt|p2a: Ribombee\n|-enditem|p2a: Ribombee|Focus Sash\n|-damage|p2a: Ribombee|1\/100\n|move|p2a: Ribombee|Sticky Web|p1a: Jolteon\n|-sidestart|p1: debabrat|move: Sticky Web\n|\n|upkeep\n|turn|2\n|\n|t:|1701067451\n|move|p1a: Jolteon|Thunderbolt|p2a: Ribombee\n|-damage|p2a: Ribombee|0 fnt\n|faint|p2a: Ribombee\n|\n|upkeep\n|\n|t:|1701067456\n|switch|p2a: Iron Moth|Iron Moth|100\/100\n|-enditem|p2a: Iron Moth|Booster Energy\n|-activate|p2a: Iron Moth|ability: Quark Drive|[fromitem]\n|-start|p2a: Iron Moth|quarkdrivespe\n|turn|3\n|\n|t:|1701067465\n|switch|p1a: Great Tusk|Great Tusk|100\/100\n|-activate|p1a: Great Tusk|move: Sticky Web\n|-unboost|p1a: Great Tusk|spe|1\n|move|p2a: Iron Moth|Fiery Dance|p1a: Great Tusk\n|-damage|p1a: Great Tusk|48\/100\n|-boost|p2a: Iron Moth|spa|1\n|\n|-heal|p1a: Great Tusk|55\/100|[from] item: Leftovers\n|upkeep\n|turn|4\n|\n|t:|1701067471\n|move|p2a: Iron Moth|Fiery Dance|p1a: Great Tusk\n|-damage|p1a: Great Tusk|0 fnt\n|faint|p1a: Great Tusk\n|-end|p1a: Great Tusk|Protosynthesis|[silent]\n|\n|upkeep\n|\n|t:|1701067480\n|switch|p1a: Slowking|Slowking-Galar, M|100\/100\n|turn|5\n|\n|t:|1701067488\n|move|p2a: Iron Moth|Psychic|p1a: Slowking\n|-damage|p1a: Slowking|66\/100\n|move|p1a: Slowking|Future Sight|p2a: Iron Moth\n|-start|p1a: Slowking|move: Future Sight\n|\n|upkeep\n|turn|6\n|\n|t:|1701067496\n|move|p2a: Iron Moth|Fiery Dance|p1a: Slowking\n|-damage|p1a: Slowking|24\/100\n|-boost|p2a: Iron Moth|spa|1\n|move|p1a: Slowking|Ice Beam|p2a: Iron Moth\n|-resisted|p2a: Iron Moth\n|-damage|p2a: Iron Moth|88\/100\n|\n|upkeep\n|turn|7\n|\n|t:|1701067505\n|move|p2a: Iron Moth|Substitute|p2a: Iron Moth\n|-start|p2a: Iron Moth|Substitute\n|-damage|p2a: Iron Moth|63\/100\n|move|p1a: Slowking|Focus Blast|p2a: Iron Moth|[miss]\n|-miss|p1a: Slowking|p2a: Iron Moth\n|\n|-end|p2a: Iron Moth|move: Future Sight\n|-supereffective|p2a: Iron Moth\n|-crit|p2a: Iron Moth\n|-end|p2a: Iron Moth|Substitute\n|upkeep\n|turn|8\n|\n|t:|1701067519\n|switch|p1a: Dondozo|Dondozo, F|100\/100\n|-activate|p1a: Dondozo|move: Sticky Web\n|-unboost|p1a: Dondozo|spe|1\n|move|p2a: Iron Moth|Substitute|p2a: Iron Moth\n|-start|p2a: Iron Moth|Substitute\n|-damage|p2a: Iron Moth|38\/100\n|\n|upkeep\n|turn|9\n|\n|t:|1701067525\n|move|p2a: Iron Moth|Psychic|p1a: Dondozo\n|-damage|p1a: Dondozo|82\/100\n|move|p1a: Dondozo|Liquidation|p2a: Iron Moth\n|-supereffective|p2a: Iron Moth\n|-end|p2a: Iron Moth|Substitute\n|\n|-heal|p1a: Dondozo|88\/100|[from] item: Leftovers\n|upkeep\n|turn|10\n|\n|t:|1701067538\n|-end|p2a: Iron Moth|Quark Drive|[silent]\n|switch|p2a: Manaphy|Manaphy|100\/100\n|move|p1a: Dondozo|Liquidation|p2a: Manaphy\n|-resisted|p2a: Manaphy\n|-damage|p2a: Manaphy|86\/100\n|\n|-heal|p2a: Manaphy|92\/100|[from] item: Leftovers\n|-heal|p1a: Dondozo|94\/100|[from] item: Leftovers\n|upkeep\n|turn|11\n|\n|t:|1701067545\n|switch|p1a: Slowking|Slowking-Galar, M|57\/100\n|move|p2a: Manaphy|Take Heart|p2a: Manaphy\n|-boost|p2a: Manaphy|spa|1\n|-boost|p2a: Manaphy|spd|1\n|\n|-heal|p2a: Manaphy|98\/100|[from] item: Leftovers\n|upkeep\n|turn|12\n|\n|t:|1701067551\n|move|p2a: Manaphy|Acid Armor|p2a: Manaphy\n|-boost|p2a: Manaphy|def|2\n|move|p1a: Slowking|Future Sight|p2a: Manaphy\n|-start|p1a: Slowking|move: Future Sight\n|\n|-heal|p2a: Manaphy|100\/100|[from] item: Leftovers\n|upkeep\n|turn|13\n|\n|t:|1701067560\n|move|p2a: Manaphy|Take Heart|p2a: Manaphy\n|-boost|p2a: Manaphy|spa|1\n|-boost|p2a: Manaphy|spd|1\n|move|p1a: Slowking|Focus Blast|p2a: Manaphy\n|-damage|p2a: Manaphy|87\/100\n|\n|-heal|p2a: Manaphy|93\/100|[from] item: Leftovers\n|upkeep\n|turn|14\n|inactive|debabrat has 120 seconds left.\n|inactive|debabrat has 90 seconds left.\n|inactive|debabrat has 60 seconds left.\n|inactive|debabrat has 30 seconds left.\n|inactive|debabrat has 20 seconds left.\n|inactive|debabrat has 15 seconds left.\n|inactive|debabrat has 10 seconds left.\n|inactive|debabrat has 5 seconds left.\n|-message|debabrat lost due to inactivity.\n|\n|win|5ebKaF8RErUZhjTigb\n|raw|debabrat's rating: 1110 &rarr; <strong>1077<\/strong><br \/>(-33 for losing)\n|raw|5ebKaF8RErUZhjTigb's rating: 1000 &rarr; <strong>1052<\/strong><br \/>(+52 for winning)\n|l|\u2606debabrat\n","uploadtime":1701067714,"views":5,"p1id":"debabrat","p2id":"5ebkaf8reruzhjtigb","formatid":"gen9ou","rating":1052,"private":0,"password":""}