{"id":"gen9ou-1994260905","p1":"crispybaconn","p2":"Welcometoearth420","format":"[Gen 9] OU","log":"|j|\u2606crispybaconn\n|j|\u2606Welcometoearth420\n|t:|1700424566\n|gametype|singles\n|player|p1|crispybaconn|az|1337\n|player|p2|Welcometoearth420|turo-ai|1288\n|teamsize|p1|6\n|teamsize|p2|6\n|gen|9\n|tier|[Gen 9] OU\n|rated|\n|rule|Sleep Clause Mod: Limit one foe put to sleep\n|rule|Species Clause: Limit one of each Pok\u00e9mon\n|rule|OHKO Clause: OHKO moves are banned\n|rule|Evasion Items Clause: Evasion items are banned\n|rule|Evasion Moves Clause: Evasion moves are banned\n|rule|Endless Battle Clause: Forcing endless battles is banned\n|rule|HP Percentage Mod: HP is shown in percentages\n|clearpoke\n|poke|p1|Landorus-Therian, M|\n|poke|p1|Pelipper, M|\n|poke|p1|Kingambit, F|\n|poke|p1|Hatterene, F|\n|poke|p1|Barraskewda, F|\n|poke|p1|Dragapult, M|\n|poke|p2|Corviknight, M|\n|poke|p2|Dragapult, M|\n|poke|p2|Slowking-Galar, F|\n|poke|p2|Alomomola, M|\n|poke|p2|Iron Valiant|\n|poke|p2|Tornadus-Therian, M|\n|teampreview\n|\n|t:|1700424578\n|start\n|switch|p1a: Pelipper|Pelipper, M, shiny|100\/100\n|switch|p2a: Dragapult|Dragapult, M|100\/100\n|-weather|RainDance|[from] ability: Drizzle|[of] p1a: Pelipper\n|turn|1\n|\n|t:|1700424592\n|move|p2a: Dragapult|Draco Meteor|p1a: Pelipper\n|-damage|p1a: Pelipper|7\/100\n|-unboost|p2a: Dragapult|spa|2\n|move|p1a: Pelipper|U-turn|p2a: Dragapult\n|-resisted|p2a: Dragapult\n|-damage|p2a: Dragapult|95\/100\n|\n|t:|1700424599\n|switch|p1a: Hatterene|Hatterene, F|100\/100|[from] U-turn\n|\n|-weather|RainDance|[upkeep]\n|upkeep\n|turn|2\n|\n|t:|1700424606\n|switch|p2a: Slowking|Slowking-Galar, F|100\/100\n|move|p1a: Hatterene|Nuzzle|p2a: Slowking\n|-damage|p2a: Slowking|96\/100\n|-status|p2a: Slowking|par\n|\n|-weather|RainDance|[upkeep]\n|upkeep\n|turn|3\n|\n|t:|1700424611\n|switch|p1a: Landorus|Landorus-Therian, M|100\/100\n|-ability|p1a: Landorus|Intimidate|boost\n|-unboost|p2a: Slowking|atk|1\n|move|p2a: Slowking|Thunder Wave|p1a: Landorus\n|-immune|p1a: Landorus\n|\n|-weather|RainDance|[upkeep]\n|upkeep\n|turn|4\n|\n|t:|1700424621\n|switch|p2a: Alomomola|Alomomola, M|100\/100\n|move|p1a: Landorus|Sandsear Storm|p2a: Alomomola\n|-damage|p2a: Alomomola|26\/100\n|\n|-weather|RainDance|[upkeep]\n|upkeep\n|turn|5\n|\n|t:|1700424633\n|switch|p2a: Tornadus|Tornadus-Therian, M|100\/100\n|move|p1a: Landorus|Sandsear Storm|p2a: Tornadus\n|-immune|p2a: Tornadus\n|\n|-weather|RainDance|[upkeep]\n|upkeep\n|turn|6\n|\n|t:|1700424640\n|switch|p1a: Hatterene|Hatterene, F|100\/100\n|move|p2a: Tornadus|Knock Off|p1a: Hatterene\n|-damage|p1a: Hatterene|84\/100\n|-enditem|p1a: Hatterene|Covert Cloak|[from] move: Knock Off|[of] p2a: Tornadus\n|\n|-weather|RainDance|[upkeep]\n|upkeep\n|turn|7\n|\n|t:|1700424646\n|move|p2a: Tornadus|Hurricane|p1a: Hatterene\n|-damage|p1a: Hatterene|44\/100\n|move|p1a: Hatterene|Nuzzle|p2a: Tornadus\n|-supereffective|p2a: Tornadus\n|-damage|p2a: Tornadus|91\/100\n|-status|p2a: Tornadus|par\n|\n|-weather|RainDance|[upkeep]\n|upkeep\n|turn|8\n|\n|t:|1700424651\n|move|p2a: Tornadus|Hurricane|p1a: Hatterene\n|-damage|p1a: Hatterene|2\/100\n|move|p1a: Hatterene|Draining Kiss|p2a: Tornadus\n|-damage|p2a: Tornadus|79\/100 par\n|-heal|p1a: Hatterene|12\/100|[from] drain|[of] p2a: Tornadus\n|\n|-weather|none\n|upkeep\n|turn|9\n|\n|t:|1700424658\n|switch|p1a: Pelipper|Pelipper, M, shiny|7\/100\n|-weather|RainDance|[from] ability: Drizzle|[of] p1a: Pelipper\n|move|p2a: Tornadus|U-turn|p1a: Pelipper\n|-resisted|p1a: Pelipper\n|-damage|p1a: Pelipper|0 fnt\n|faint|p1a: Pelipper\n|\n|t:|1700424665\n|switch|p2a: Dragapult|Dragapult, M|95\/100|[from] U-turn\n|\n|-weather|RainDance|[upkeep]\n|upkeep\n|\n|t:|1700424675\n|switch|p1a: Barraskewda|Barraskewda, F|100\/100\n|turn|10\n|\n|t:|1700424683\n|move|p1a: Barraskewda|Liquidation|p2a: Dragapult\n|-resisted|p2a: Dragapult\n|-damage|p2a: Dragapult|28\/100\n|move|p2a: Dragapult|Draco Meteor|p1a: Barraskewda\n|-damage|p1a: Barraskewda|0 fnt\n|-unboost|p2a: Dragapult|spa|2\n|faint|p1a: Barraskewda\n|\n|-weather|RainDance|[upkeep]\n|upkeep\n|\n|t:|1700424692\n|switch|p1a: Landorus|Landorus-Therian, M|100\/100\n|-ability|p1a: Landorus|Intimidate|boost\n|-unboost|p2a: Dragapult|atk|1\n|turn|11\n|\n|t:|1700424700\n|switch|p2a: Tornadus|Tornadus-Therian, M|100\/100 par\n|move|p1a: Landorus|Sandsear Storm|p2a: Tornadus\n|-immune|p2a: Tornadus\n|\n|-weather|RainDance|[upkeep]\n|upkeep\n|turn|12\n|\n|t:|1700424707\n|switch|p1a: Hatterene|Hatterene, F|12\/100\n|move|p2a: Tornadus|Knock Off|p1a: Hatterene\n|-damage|p1a: Hatterene|0 fnt\n|faint|p1a: Hatterene\n|\n|-weather|RainDance|[upkeep]\n|upkeep\n|\n|t:|1700424711\n|switch|p1a: Dragapult|Dragapult, M|100\/100\n|turn|13\n|\n|t:|1700424715\n|-terastallize|p1a: Dragapult|Electric\n|move|p1a: Dragapult|Thunder|p2a: Tornadus\n|-supereffective|p2a: Tornadus\n|-damage|p2a: Tornadus|27\/100 par\n|move|p2a: Tornadus|Knock Off|p1a: Dragapult\n|-damage|p1a: Dragapult|74\/100\n|-enditem|p1a: Dragapult|Choice Specs|[from] move: Knock Off|[of] p2a: Tornadus\n|\n|-weather|RainDance|[upkeep]\n|upkeep\n|turn|14\n|\n|t:|1700424731\n|switch|p2a: Slowking|Slowking-Galar, F|100\/100 par\n|move|p1a: Dragapult|Thunder|p2a: Slowking\n|-damage|p2a: Slowking|72\/100 par\n|\n|-weather|RainDance|[upkeep]\n|upkeep\n|turn|15\n|\n|t:|1700424737\n|move|p1a: Dragapult|Shadow Ball|p2a: Slowking\n|-supereffective|p2a: Slowking\n|-damage|p2a: Slowking|33\/100 par\n|move|p2a: Slowking|Chilly Reception|p2a: Slowking\n|-weather|Snow\n|\n|t:|1700424751\n|switch|p2a: Dragapult|Dragapult, M|28\/100|[from] Chilly Reception\n|\n|-weather|Snow|[upkeep]\n|upkeep\n|turn|16\n|\n|t:|1700424787\n|move|p2a: Dragapult|Draco Meteor|p1a: Dragapult\n|-damage|p1a: Dragapult|0 fnt\n|-unboost|p2a: Dragapult|spa|2\n|faint|p1a: Dragapult\n|\n|-weather|Snow|[upkeep]\n|upkeep\n|\n|t:|1700424790\n|switch|p1a: Landorus|Landorus-Therian, M|100\/100\n|-ability|p1a: Landorus|Intimidate|boost\n|-unboost|p2a: Dragapult|atk|1\n|turn|17\n|\n|t:|1700424795\n|switch|p2a: Tornadus|Tornadus-Therian, M|60\/100 par\n|move|p1a: Landorus|Weather Ball|p2a: Tornadus\n|-supereffective|p2a: Tornadus\n|-damage|p2a: Tornadus|19\/100 par\n|\n|-weather|Snow|[upkeep]\n|upkeep\n|turn|18\n|\n|t:|1700424806\n|switch|p2a: Iron Valiant|Iron Valiant|100\/100\n|-enditem|p2a: Iron Valiant|Booster Energy\n|-activate|p2a: Iron Valiant|ability: Quark Drive|[fromitem]\n|-start|p2a: Iron Valiant|quarkdrivespe\n|move|p1a: Landorus|Weather Ball|p2a: Iron Valiant\n|-damage|p2a: Iron Valiant|27\/100\n|\n|-weather|Snow|[upkeep]\n|upkeep\n|turn|19\n|\n|t:|1700424811\n|move|p2a: Iron Valiant|Knock Off|p1a: Landorus\n|-damage|p1a: Landorus|60\/100\n|-enditem|p1a: Landorus|Choice Specs|[from] move: Knock Off|[of] p2a: Iron Valiant\n|move|p1a: Landorus|Weather Ball|p2a: Iron Valiant\n|-damage|p2a: Iron Valiant|0 fnt\n|faint|p2a: Iron Valiant\n|-end|p2a: Iron Valiant|Quark Drive|[silent]\n|\n|-weather|none\n|upkeep\n|\n|t:|1700424817\n|switch|p2a: Dragapult|Dragapult, M|28\/100\n|turn|20\n|\n|t:|1700424822\n|move|p2a: Dragapult|Draco Meteor|p1a: Landorus\n|-damage|p1a: Landorus|0 fnt\n|-unboost|p2a: Dragapult|spa|2\n|faint|p1a: Landorus\n|\n|upkeep\n|\n|t:|1700424824\n|switch|p1a: Kingambit|Kingambit, F|100\/100\n|-activate|p1a: Kingambit|ability: Supreme Overlord\n|-start|p1a: Kingambit|fallen5|[silent]\n|turn|21\n|\n|t:|1700424828\n|switch|p2a: Corviknight|Corviknight, M|100\/100\n|move|p1a: Kingambit|Kowtow Cleave|p2a: Corviknight\n|-damage|p2a: Corviknight|52\/100\n|-damage|p1a: Kingambit|84\/100|[from] item: Rocky Helmet|[of] p2a: Corviknight\n|\n|upkeep\n|turn|22\n|\n|t:|1700424834\n|move|p1a: Kingambit|Kowtow Cleave|p2a: Corviknight\n|-damage|p2a: Corviknight|8\/100\n|-damage|p1a: Kingambit|68\/100|[from] item: Rocky Helmet|[of] p2a: Corviknight\n|move|p2a: Corviknight|Body Press|p1a: Kingambit\n|-supereffective|p1a: Kingambit\n|-damage|p1a: Kingambit|0 fnt\n|faint|p1a: Kingambit\n|-end|p1a: Kingambit|fallen5|[silent]\n|\n|win|Welcometoearth420\n|raw|crispybaconn's rating: 1337 &rarr; <strong>1314<\/strong><br \/>(-23 for losing)\n|raw|Welcometoearth420's rating: 1288 &rarr; <strong>1317<\/strong><br \/>(+29 for winning)\n","uploadtime":1700424838,"views":14,"p1id":"crispybaconn","p2id":"welcometoearth420","formatid":"gen9ou","rating":1314,"private":0,"password":""}