{"id":"gen9ou-1988762272","p1":"Granny Pie","p2":"the.ramen.gang","format":"[Gen 9] OU","log":"|j|\u2606Granny Pie\n|j|\u2606the.ramen.gang\n|t:|1699759874\n|gametype|singles\n|player|p1|Granny Pie|medium|1328\n|player|p2|the.ramen.gang|2|1302\n|teamsize|p1|6\n|teamsize|p2|6\n|gen|9\n|tier|[Gen 9] OU\n|rated|\n|rule|Sleep Clause Mod: Limit one foe put to sleep\n|rule|Species Clause: Limit one of each Pok\u00e9mon\n|rule|OHKO Clause: OHKO moves are banned\n|rule|Evasion Items Clause: Evasion items are banned\n|rule|Evasion Moves Clause: Evasion moves are banned\n|rule|Endless Battle Clause: Forcing endless battles is banned\n|rule|HP Percentage Mod: HP is shown in percentages\n|clearpoke\n|poke|p1|Landorus-Therian, M|\n|poke|p1|Slowking-Galar, M|\n|poke|p1|Enamorus, F|\n|poke|p1|Dragapult, M|\n|poke|p1|Zapdos|\n|poke|p1|Dragonite, F|\n|poke|p2|Ursaring, M|\n|poke|p2|Dondozo, M|\n|poke|p2|Magcargo, F|\n|poke|p2|Hoopa-Unbound|\n|poke|p2|Eelektross, F|\n|poke|p2|Dudunsparce-*, F|\n|teampreview\n|inactive|Battle timer is ON: inactive players will automatically lose when time's up. (requested by the.ramen.gang)\n|\n|t:|1699759904\n|start\n|switch|p1a: Dragonite|Dragonite, F|100\/100\n|switch|p2a: Ursaring|Ursaring, M|100\/100\n|turn|1\n|\n|t:|1699759909\n|move|p1a: Dragonite|Outrage|p2a: Ursaring\n|-damage|p2a: Ursaring|23\/100\n|move|p2a: Ursaring|Bulk Up|p2a: Ursaring\n|-boost|p2a: Ursaring|atk|1\n|-boost|p2a: Ursaring|def|1\n|\n|upkeep\n|turn|2\n|\n|t:|1699759914\n|move|p1a: Dragonite|Outrage|p2a: Ursaring|[from]lockedmove\n|-damage|p2a: Ursaring|0 fnt\n|faint|p2a: Ursaring\n|-start|p1a: Dragonite|confusion|[fatigue]\n|\n|upkeep\n|\n|t:|1699759918\n|switch|p2a: Dondozo|Dondozo, M|100\/100\n|turn|3\n|\n|t:|1699759931\n|switch|p1a: Slowking|Slowking-Galar, M|100\/100\n|move|p2a: Dondozo|Avalanche|p1a: Slowking\n|-damage|p1a: Slowking|86\/100\n|\n|upkeep\n|turn|4\n|\n|t:|1699759938\n|move|p2a: Dondozo|Earthquake|p1a: Slowking\n|-supereffective|p1a: Slowking\n|-damage|p1a: Slowking|41\/100\n|move|p1a: Slowking|Sludge Bomb|p2a: Dondozo\n|-damage|p2a: Dondozo|83\/100\n|\n|upkeep\n|turn|5\n|\n|t:|1699759955\n|move|p2a: Dondozo|Earthquake|p1a: Slowking\n|-supereffective|p1a: Slowking\n|-damage|p1a: Slowking|0 fnt\n|faint|p1a: Slowking\n|\n|upkeep\n|\n|t:|1699759959\n|switch|p1a: Zapdos|Zapdos|100\/100\n|turn|6\n|\n|t:|1699759969\n|move|p1a: Zapdos|Thunderbolt|p2a: Dondozo\n|-supereffective|p2a: Dondozo\n|-damage|p2a: Dondozo|30\/100\n|move|p2a: Dondozo|Avalanche|p1a: Zapdos\n|-supereffective|p1a: Zapdos\n|-damage|p1a: Zapdos|2\/100\n|-status|p2a: Dondozo|par|[from] ability: Static|[of] p1a: Zapdos\n|\n|upkeep\n|turn|7\n|c|\u2606Granny Pie|It makes contact?\n|c|\u2606Granny Pie|Wild\n|\n|t:|1699759993\n|move|p1a: Zapdos|Volt Switch|p2a: Dondozo\n|-supereffective|p2a: Dondozo\n|-damage|p2a: Dondozo|0 fnt\n|faint|p2a: Dondozo\n|\n|t:|1699760004\n|switch|p1a: Landorus|Landorus-Therian, M|100\/100|[from] Volt Switch\n|\n|upkeep\n|\n|t:|1699760016\n|switch|p2a: Dudunsparce|Dudunsparce-Three-Segment, F|100\/100\n|turn|8\n|\n|t:|1699760031\n|move|p1a: Landorus|U-turn|p2a: Dudunsparce\n|-damage|p2a: Dudunsparce|74\/100\n|-ability|p2a: Dudunsparce|Rattled|boost\n|-boost|p2a: Dudunsparce|spe|1\n|c|\u2606Granny Pie|Real af\n|inactive|Granny Pie has 120 seconds left.\n|\n|t:|1699760042\n|switch|p1a: Zapdos|Zapdos|2\/100|[from] U-turn\n|move|p2a: Dudunsparce|Calm Mind|p2a: Dudunsparce\n|-boost|p2a: Dudunsparce|spa|1\n|-boost|p2a: Dudunsparce|spd|1\n|\n|-heal|p2a: Dudunsparce|80\/100|[from] item: Leftovers\n|upkeep\n|turn|9\n|\n|t:|1699760047\n|move|p1a: Zapdos|Thunderbolt|p2a: Dudunsparce\n|-damage|p2a: Dudunsparce|54\/100\n|move|p2a: Dudunsparce|Boomburst|p1a: Zapdos\n|-damage|p1a: Zapdos|0 fnt\n|faint|p1a: Zapdos\n|\n|-heal|p2a: Dudunsparce|60\/100|[from] item: Leftovers\n|upkeep\n|inactive|Granny Pie has 120 seconds left.\n|\n|t:|1699760069\n|switch|p1a: Enamorus|Enamorus, F|100\/100\n|turn|10\n|\n|t:|1699760072\n|move|p1a: Enamorus|Moonblast|p2a: Dudunsparce\n|-damage|p2a: Dudunsparce|21\/100\n|move|p2a: Dudunsparce|Boomburst|p1a: Enamorus\n|-crit|p1a: Enamorus\n|-damage|p1a: Enamorus|0 fnt\n|faint|p1a: Enamorus\n|\n|-heal|p2a: Dudunsparce|27\/100|[from] item: Leftovers\n|upkeep\n|inactive|Granny Pie has 120 seconds left.\n|\n|t:|1699760083\n|switch|p1a: Dragonite|Dragonite, F|100\/100\n|turn|11\n|\n|t:|1699760087\n|-terastallize|p1a: Dragonite|Normal\n|move|p1a: Dragonite|Extreme Speed|p2a: Dudunsparce\n|-damage|p2a: Dudunsparce|0 fnt\n|faint|p2a: Dudunsparce\n|\n|upkeep\n|\n|t:|1699760097\n|switch|p2a: Hoopa|Hoopa-Unbound|100\/100\n|turn|12\n|\n|t:|1699760102\n|move|p1a: Dragonite|Extreme Speed|p2a: Hoopa\n|-damage|p2a: Hoopa|0 fnt\n|faint|p2a: Hoopa\n|\n|upkeep\n|\n|t:|1699760106\n|switch|p2a: Magcargo|Magcargo, F|100\/100\n|turn|13\n|\n|t:|1699760114\n|switch|p1a: Dragapult|Dragapult, M|100\/100\n|move|p2a: Magcargo|Fire Blast|p1a: Dragapult\n|-resisted|p1a: Dragapult\n|-damage|p1a: Dragapult|70\/100\n|\n|-heal|p1a: Dragapult|76\/100|[from] item: Leftovers\n|upkeep\n|turn|14\n|\n|t:|1699760123\n|move|p1a: Dragapult|Dragon Darts|p2a: Magcargo\n|-damage|p2a: Magcargo|71\/100\n|-ability|p2a: Magcargo|Weak Armor|boost\n|-unboost|p2a: Magcargo|def|1\n|-boost|p2a: Magcargo|spe|2\n|-anim|p1a: Dragapult|Dragon Darts|p2a: Magcargo\n|-damage|p2a: Magcargo|31\/100\n|-ability|p2a: Magcargo|Weak Armor|boost\n|-unboost|p2a: Magcargo|def|1\n|-boost|p2a: Magcargo|spe|2\n|move|p2a: Magcargo|Power Gem|p1a: Dragapult\n|-damage|p1a: Dragapult|31\/100\n|\n|-heal|p1a: Dragapult|37\/100|[from] item: Leftovers\n|upkeep\n|turn|15\n|\n|t:|1699760139\n|move|p2a: Magcargo|Power Gem|p1a: Dragapult\n|-damage|p1a: Dragapult|0 fnt\n|faint|p1a: Dragapult\n|\n|upkeep\n|\n|t:|1699760140\n|switch|p1a: Dragonite|Dragonite, F, tera:Normal|100\/100\n|turn|16\n|\n|t:|1699760143\n|move|p1a: Dragonite|Extreme Speed|p2a: Magcargo\n|-resisted|p2a: Magcargo\n|-damage|p2a: Magcargo|0 fnt\n|faint|p2a: Magcargo\n|\n|upkeep\n|\n|t:|1699760145\n|switch|p2a: Eelektross|Eelektross, F|100\/100\n|turn|17\n|\n|t:|1699760148\n|-terastallize|p2a: Eelektross|Electric\n|move|p1a: Dragonite|Extreme Speed|p2a: Eelektross\n|-damage|p2a: Eelektross|30\/100\n|move|p2a: Eelektross|Thunderbolt|p1a: Dragonite\n|-damage|p1a: Dragonite|70\/100\n|\n|upkeep\n|turn|18\n|\n|t:|1699760153\n|move|p1a: Dragonite|Extreme Speed|p2a: Eelektross\n|-damage|p2a: Eelektross|0 fnt\n|faint|p2a: Eelektross\n|\n|win|Granny Pie\n|raw|Granny Pie's rating: 1328 &rarr; <strong>1347<\/strong><br \/>(+19 for winning)\n|raw|the.ramen.gang's rating: 1302 &rarr; <strong>1283<\/strong><br \/>(-19 for losing)\n","uploadtime":1699760158,"views":8,"p1id":"grannypie","p2id":"theramengang","formatid":"gen9ou","rating":1283,"private":0,"password":""}