{"id":"gen9ou-1995012829","p1":"sir_miestro","p2":"273_Kalstor","format":"[Gen 9] OU","log":"|j|\u2606sir_miestro\n|j|\u2606273_Kalstor\n|t:|1700513330\n|gametype|singles\n|player|p1|sir_miestro|blackbelt-gen4dp|1079\n|player|p2|273_Kalstor|acetrainerf-gen4dp|1117\n|teamsize|p1|6\n|teamsize|p2|6\n|gen|9\n|tier|[Gen 9] OU\n|rated|\n|rule|Sleep Clause Mod: Limit one foe put to sleep\n|rule|Species Clause: Limit one of each Pok\u00e9mon\n|rule|OHKO Clause: OHKO moves are banned\n|rule|Evasion Items Clause: Evasion items are banned\n|rule|Evasion Moves Clause: Evasion moves are banned\n|rule|Endless Battle Clause: Forcing endless battles is banned\n|rule|HP Percentage Mod: HP is shown in percentages\n|clearpoke\n|poke|p1|Slaking, M|\n|poke|p1|Dragonite, M|\n|poke|p1|Heatran, F|\n|poke|p1|Manaphy|\n|poke|p1|Cloyster, F|\n|poke|p1|Probopass, F|\n|poke|p2|Chandelure, M|\n|poke|p2|Torkoal, F|\n|poke|p2|Great Tusk|\n|poke|p2|Zapdos|\n|poke|p2|Rillaboom, M|\n|poke|p2|Ogerpon-Wellspring, F|\n|teampreview\n|inactive|Battle timer is ON: inactive players will automatically lose when time's up. (requested by 273_Kalstor)\n|\n|t:|1700513347\n|start\n|switch|p1a: Probopass|Probopass, F|100\/100\n|switch|p2a: Ogerpon|Ogerpon-Wellspring, F|100\/100\n|turn|1\n|\n|t:|1700513355\n|move|p2a: Ogerpon|Ivy Cudgel|p1a: Probopass|[anim] Ivy Cudgel Water\n|-supereffective|p1a: Probopass\n|-damage|p1a: Probopass|13\/100\n|move|p1a: Probopass|Zap Cannon|p2a: Ogerpon|[miss]\n|-miss|p1a: Probopass|p2a: Ogerpon\n|\n|upkeep\n|turn|2\n|\n|t:|1700513366\n|move|p2a: Ogerpon|Ivy Cudgel|p1a: Probopass|[anim] Ivy Cudgel Water\n|-supereffective|p1a: Probopass\n|-damage|p1a: Probopass|0 fnt\n|faint|p1a: Probopass\n|\n|upkeep\n|c|\u2606273_Kalstor|I feel so bad\n|c|\u2606sir_miestro|perche\n|inactive|sir_miestro has 120 seconds left.\n|\n|t:|1700513392\n|switch|p1a: Dragonite|Dragonite, M|100\/100\n|turn|3\n|c|\u2606273_Kalstor|that zap cannon should\u2019ve killed\n|\n|t:|1700513402\n|switch|p2a: Zapdos|Zapdos|100\/100\n|move|p1a: Dragonite|Earthquake|p2a: Zapdos\n|-immune|p2a: Zapdos\n|\n|upkeep\n|turn|4\n|\n|t:|1700513412\n|move|p1a: Dragonite|Dragon Rush|p2a: Zapdos\n|-damage|p2a: Zapdos|39\/100\n|-status|p1a: Dragonite|par|[from] ability: Static|[of] p2a: Zapdos\n|move|p2a: Zapdos|Discharge|p1a: Dragonite\n|-damage|p1a: Dragonite|52\/100 par\n|\n|upkeep\n|turn|5\n|\n|t:|1700513421\n|move|p2a: Zapdos|Roost|p2a: Zapdos\n|-heal|p2a: Zapdos|90\/100\n|-singleturn|p2a: Zapdos|move: Roost\n|move|p1a: Dragonite|Dragon Rush|p2a: Zapdos\n|-damage|p2a: Zapdos|34\/100\n|\n|upkeep\n|turn|6\n|\n|t:|1700513429\n|move|p2a: Zapdos|Discharge|p1a: Dragonite\n|-damage|p1a: Dragonite|5\/100 par\n|move|p1a: Dragonite|Dragon Rush|p2a: Zapdos\n|-damage|p2a: Zapdos|0 fnt\n|faint|p2a: Zapdos\n|\n|upkeep\n|\n|t:|1700513438\n|switch|p2a: Rillaboom|Rillaboom, M|100\/100\n|-fieldstart|move: Grassy Terrain|[from] ability: Grassy Surge|[of] p2a: Rillaboom\n|turn|7\n|\n|t:|1700513443\n|move|p2a: Rillaboom|Grassy Glide|p1a: Dragonite\n|-resisted|p1a: Dragonite\n|-damage|p1a: Dragonite|0 fnt\n|faint|p1a: Dragonite\n|\n|upkeep\n|\n|t:|1700513453\n|switch|p1a: Heatran|Heatran, F|100\/100\n|turn|8\n|\n|t:|1700513459\n|switch|p2a: Chandelure|Chandelure, M|100\/100\n|move|p1a: Heatran|Flame Charge|p2a: Chandelure\n|-start|p2a: Chandelure|ability: Flash Fire\n|\n|upkeep\n|turn|9\n|\n|t:|1700513474\n|switch|p1a: Manaphy|Manaphy|100\/100\n|move|p2a: Chandelure|Shadow Ball|p1a: Manaphy\n|-damage|p1a: Manaphy|60\/100\n|-unboost|p1a: Manaphy|spd|1\n|\n|-heal|p1a: Manaphy|66\/100|[from] Grassy Terrain\n|upkeep\n|turn|10\n|\n|t:|1700513486\n|-end|p2a: Chandelure|ability: Flash Fire|[silent]\n|switch|p2a: Rillaboom|Rillaboom, M|100\/100\n|move|p1a: Manaphy|Hydro Pump|p2a: Rillaboom\n|-resisted|p2a: Rillaboom\n|-damage|p2a: Rillaboom|68\/100\n|\n|-heal|p2a: Rillaboom|74\/100|[from] Grassy Terrain\n|-heal|p1a: Manaphy|72\/100|[from] Grassy Terrain\n|upkeep\n|turn|11\n|\n|t:|1700513501\n|move|p2a: Rillaboom|Drum Beating|p1a: Manaphy\n|-supereffective|p1a: Manaphy\n|-damage|p1a: Manaphy|0 fnt\n|faint|p1a: Manaphy\n|\n|-heal|p2a: Rillaboom|80\/100|[from] Grassy Terrain\n|-fieldend|move: Grassy Terrain\n|upkeep\n|\n|t:|1700513516\n|switch|p1a: Heatran|Heatran, F|100\/100\n|turn|12\n|\n|t:|1700513527\n|move|p2a: Rillaboom|U-turn|p1a: Heatran\n|-resisted|p1a: Heatran\n|-damage|p1a: Heatran|96\/100\n|-status|p2a: Rillaboom|brn|[from] ability: Flame Body|[of] p1a: Heatran\n|\n|t:|1700513531\n|switch|p2a: Chandelure|Chandelure, M|100\/100|[from] U-turn\n|move|p1a: Heatran|Flame Charge|p2a: Chandelure\n|-start|p2a: Chandelure|ability: Flash Fire\n|\n|upkeep\n|turn|13\n|\n|t:|1700513543\n|move|p2a: Chandelure|Energy Ball|p1a: Heatran\n|-resisted|p1a: Heatran\n|-damage|p1a: Heatran|88\/100\n|move|p1a: Heatran|Solar Beam||[still]\n|-prepare|p1a: Heatran|Solar Beam\n|\n|upkeep\n|turn|14\n|\n|t:|1700513549\n|-end|p2a: Chandelure|ability: Flash Fire|[silent]\n|switch|p2a: Ogerpon|Ogerpon-Wellspring, F|100\/100\n|move|p1a: Heatran|Solar Beam|p2a: Ogerpon|[from]lockedmove\n|-damage|p2a: Ogerpon|48\/100\n|\n|upkeep\n|turn|15\n|\n|t:|1700513560\n|-terastallize|p2a: Ogerpon|Water\n|detailschange|p2a: Ogerpon|Ogerpon-Wellspring-Tera, F, tera:Water\n|-ability|p2a: Ogerpon|Embody Aspect (Wellspring)|boost\n|-boost|p2a: Ogerpon|spd|1\n|move|p2a: Ogerpon|Ivy Cudgel|p1a: Heatran|[anim] Ivy Cudgel Water\n|-supereffective|p1a: Heatran\n|-damage|p1a: Heatran|0 fnt\n|faint|p1a: Heatran\n|\n|upkeep\n|\n|t:|1700513570\n|switch|p1a: Cloyster|Cloyster, F|100\/100\n|turn|16\n|\n|t:|1700513579\n|move|p2a: Ogerpon|Seed Bomb|p1a: Cloyster\n|-supereffective|p1a: Cloyster\n|-damage|p1a: Cloyster|39\/100\n|move|p1a: Cloyster|Icicle Spear|p2a: Ogerpon\n|-resisted|p2a: Ogerpon\n|-damage|p2a: Ogerpon|43\/100\n|-resisted|p2a: Ogerpon\n|-damage|p2a: Ogerpon|38\/100\n|-resisted|p2a: Ogerpon\n|-damage|p2a: Ogerpon|32\/100\n|-resisted|p2a: Ogerpon\n|-damage|p2a: Ogerpon|27\/100\n|-resisted|p2a: Ogerpon\n|-damage|p2a: Ogerpon|22\/100\n|-hitcount|p2a: Ogerpon|5\n|\n|-heal|p1a: Cloyster|46\/100|[from] item: Leftovers\n|upkeep\n|turn|17\n|\n|t:|1700513597\n|move|p2a: Ogerpon|Seed Bomb|p1a: Cloyster\n|-supereffective|p1a: Cloyster\n|-damage|p1a: Cloyster|0 fnt\n|faint|p1a: Cloyster\n|\n|upkeep\n|\n|t:|1700513602\n|switch|p1a: Slaking|Slaking, M|100\/100\n|turn|18\n|\n|t:|1700513608\n|move|p1a: Slaking|Sucker Punch|p2a: Ogerpon\n|-crit|p2a: Ogerpon\n|-damage|p2a: Ogerpon|0 fnt\n|faint|p2a: Ogerpon\n|\n|upkeep\n|\n|t:|1700513616\n|switch|p2a: Great Tusk|Great Tusk|100\/100\n|turn|19\n|\n|t:|1700513625\n|-terastallize|p1a: Slaking|Fighting\n|cant|p1a: Slaking|ability: Truant\n|move|p2a: Great Tusk|Bulk Up|p2a: Great Tusk\n|-boost|p2a: Great Tusk|atk|1\n|-boost|p2a: Great Tusk|def|1\n|\n|upkeep\n|turn|20\n|\n|t:|1700513633\n|move|p1a: Slaking|Seed Bomb|p2a: Great Tusk\n|-supereffective|p2a: Great Tusk\n|-damage|p2a: Great Tusk|71\/100\n|move|p2a: Great Tusk|Headlong Rush|p1a: Slaking\n|-damage|p1a: Slaking|28\/100\n|-unboost|p2a: Great Tusk|def|1\n|-unboost|p2a: Great Tusk|spd|1\n|\n|-heal|p1a: Slaking|34\/100|[from] item: Leftovers\n|upkeep\n|turn|21\n|\n|t:|1700513642\n|cant|p1a: Slaking|ability: Truant\n|move|p2a: Great Tusk|Bulk Up|p2a: Great Tusk\n|-boost|p2a: Great Tusk|atk|1\n|-boost|p2a: Great Tusk|def|1\n|\n|-heal|p1a: Slaking|41\/100|[from] item: Leftovers\n|upkeep\n|turn|22\n|\n|t:|1700513665\n|move|p1a: Slaking|Mud-Slap|p2a: Great Tusk\n|-damage|p2a: Great Tusk|62\/100\n|-unboost|p2a: Great Tusk|accuracy|1\n|move|p2a: Great Tusk|Headlong Rush|p1a: Slaking\n|-damage|p1a: Slaking|0 fnt\n|-unboost|p2a: Great Tusk|def|1\n|-unboost|p2a: Great Tusk|spd|1\n|faint|p1a: Slaking\n|\n|win|273_Kalstor\n|raw|sir_miestro's rating: 1079 &rarr; <strong>1060<\/strong><br \/>(-19 for losing)\n|raw|273_Kalstor's rating: 1117 &rarr; <strong>1139<\/strong><br \/>(+22 for winning)\n|c|\u2606273_Kalstor|Gg\n|l|\u2606sir_miestro\n","uploadtime":1700513871,"views":5,"p1id":"sirmiestro","p2id":"273kalstor","formatid":"gen9ou","rating":1060,"private":0,"password":""}