{"id":"gen9ou-1991138476","p1":"Pokebladerss","p2":"Autumn0815","format":"[Gen 9] OU","log":"|j|\u2606Pokebladerss\n|j|\u2606Autumn0815\n|t:|1700048757\n|gametype|singles\n|player|p1|Pokebladerss|101|1090\n|player|p2|Autumn0815|lady|1074\n|teamsize|p1|6\n|teamsize|p2|6\n|gen|9\n|tier|[Gen 9] OU\n|rated|\n|rule|Sleep Clause Mod: Limit one foe put to sleep\n|rule|Species Clause: Limit one of each Pok\u00e9mon\n|rule|OHKO Clause: OHKO moves are banned\n|rule|Evasion Items Clause: Evasion items are banned\n|rule|Evasion Moves Clause: Evasion moves are banned\n|rule|Endless Battle Clause: Forcing endless battles is banned\n|rule|HP Percentage Mod: HP is shown in percentages\n|clearpoke\n|poke|p1|Mimikyu, M|\n|poke|p1|Iron Valiant|\n|poke|p1|Dragapult, F|\n|poke|p1|Typhlosion-Hisui, F|\n|poke|p1|Palossand, F|\n|poke|p1|Meowscarada, M|\n|poke|p2|Landorus-Therian, M|\n|poke|p2|Garchomp, F|\n|poke|p2|Garganacl, M|\n|poke|p2|Kommo-o, M|\n|poke|p2|Iron Moth|\n|poke|p2|Kingambit, M|\n|teampreview\n|inactive|Battle timer is ON: inactive players will automatically lose when time's up. (requested by Autumn0815)\n|inactive|Autumn0815 has 120 seconds left.\n|c|\u2606Autumn0815|Hello! Working on learning to play Gen 9 OU (usually play doubles). Good luck and have fun!\n|\n|t:|1700048799\n|start\n|switch|p1a: Dragapult|Dragapult, F|100\/100\n|switch|p2a: Landorus|Landorus-Therian, M, shiny|100\/100\n|-ability|p2a: Landorus|Intimidate|boost\n|-fail|p1a: Dragapult|unboost|[from] ability: Clear Body|[of] p1a: Dragapult\n|turn|1\n|\n|t:|1700048812\n|move|p1a: Dragapult|Dragon Dance|p1a: Dragapult\n|-boost|p1a: Dragapult|atk|1\n|-boost|p1a: Dragapult|spe|1\n|move|p2a: Landorus|Taunt|p1a: Dragapult\n|-start|p1a: Dragapult|move: Taunt\n|\n|upkeep\n|turn|2\n|\n|t:|1700048822\n|-terastallize|p1a: Dragapult|Dragon\n|move|p1a: Dragapult|Dragon Darts|p2a: Landorus\n|-damage|p2a: Landorus|55\/100\n|-anim|p1a: Dragapult|Dragon Darts|p2a: Landorus\n|-damage|p2a: Landorus|14\/100\n|-enditem|p2a: Landorus|Iapapa Berry|[eat]\n|-heal|p2a: Landorus|47\/100|[from] item: Iapapa Berry\n|-damage|p1a: Dragapult|91\/100|[from] item: Life Orb\n|move|p2a: Landorus|Stealth Rock|p1a: Dragapult\n|-sidestart|p1: Pokebladerss|move: Stealth Rock\n|\n|upkeep\n|turn|3\n|\n|t:|1700048848\n|move|p1a: Dragapult|Dragon Darts|p2a: Landorus\n|-damage|p2a: Landorus|1\/100\n|-anim|p1a: Dragapult|Dragon Darts|p2a: Landorus\n|-damage|p2a: Landorus|0 fnt\n|faint|p2a: Landorus\n|-damage|p1a: Dragapult|81\/100|[from] item: Life Orb\n|\n|upkeep\n|inactive|Autumn0815 has 120 seconds left.\n|\n|t:|1700048872\n|switch|p2a: Iron Moth|Iron Moth, shiny|100\/100\n|-enditem|p2a: Iron Moth|Booster Energy\n|-activate|p2a: Iron Moth|ability: Quark Drive|[fromitem]\n|-start|p2a: Iron Moth|quarkdrivespe\n|turn|4\n|\n|t:|1700048878\n|move|p1a: Dragapult|Dragon Darts|p2a: Iron Moth\n|-crit|p2a: Iron Moth\n|-damage|p2a: Iron Moth|0 fnt\n|faint|p2a: Iron Moth\n|-end|p2a: Iron Moth|Quark Drive|[silent]\n|-damage|p1a: Dragapult|71\/100|[from] item: Life Orb\n|\n|-end|p1a: Dragapult|move: Taunt\n|upkeep\n|\n|t:|1700048892\n|switch|p2a: Garganacl|Garganacl, M, shiny|100\/100\n|turn|5\n|\n|t:|1700048898\n|move|p1a: Dragapult|Dragon Darts|p2a: Garganacl\n|-damage|p2a: Garganacl|59\/100\n|-anim|p1a: Dragapult|Dragon Darts|p2a: Garganacl\n|-damage|p2a: Garganacl|16\/100\n|-damage|p1a: Dragapult|61\/100|[from] item: Life Orb\n|move|p2a: Garganacl|Salt Cure|p1a: Dragapult\n|-damage|p1a: Dragapult|42\/100\n|-start|p1a: Dragapult|Salt Cure\n|\n|-heal|p2a: Garganacl|22\/100|[from] item: Leftovers\n|-damage|p1a: Dragapult|30\/100|[from] Salt Cure\n|upkeep\n|turn|6\n|inactive|Autumn0815 has 120 seconds left.\n|\n|t:|1700048913\n|move|p2a: Garganacl|Protect|p2a: Garganacl\n|-singleturn|p2a: Garganacl|Protect\n|move|p1a: Dragapult|Dragon Darts|p2a: Garganacl\n|-activate|p2a: Garganacl|move: Protect\n|\n|-heal|p2a: Garganacl|28\/100|[from] item: Leftovers\n|-damage|p1a: Dragapult|18\/100|[from] Salt Cure\n|upkeep\n|turn|7\n|inactive|Autumn0815 has 120 seconds left.\n|\n|t:|1700048929\n|-terastallize|p2a: Garganacl|Fairy\n|move|p1a: Dragapult|Dragon Darts|p2a: Garganacl\n|-immune|p2a: Garganacl\n|move|p2a: Garganacl|Recover|p2a: Garganacl\n|-heal|p2a: Garganacl|78\/100\n|\n|-heal|p2a: Garganacl|84\/100|[from] item: Leftovers\n|-damage|p1a: Dragapult|6\/100|[from] Salt Cure\n|upkeep\n|turn|8\n|\n|t:|1700048941\n|move|p1a: Dragapult|Fire Blast|p2a: Garganacl\n|-damage|p2a: Garganacl|61\/100\n|-damage|p1a: Dragapult|0 fnt|[from] item: Life Orb\n|faint|p1a: Dragapult\n|move|p2a: Garganacl|Recover|p2a: Garganacl\n|-heal|p2a: Garganacl|100\/100\n|\n|upkeep\n|\n|t:|1700048957\n|switch|p1a: Iron Valiant|Iron Valiant|100\/100\n|-damage|p1a: Iron Valiant|94\/100|[from] Stealth Rock\n|-enditem|p1a: Iron Valiant|Booster Energy\n|-activate|p1a: Iron Valiant|ability: Quark Drive|[fromitem]\n|-start|p1a: Iron Valiant|quarkdrivespe\n|turn|9\n|\n|t:|1700048966\n|move|p1a: Iron Valiant|Substitute|p1a: Iron Valiant\n|-start|p1a: Iron Valiant|Substitute\n|-damage|p1a: Iron Valiant|69\/100\n|move|p2a: Garganacl|Salt Cure|p1a: Iron Valiant\n|-resisted|p1a: Iron Valiant\n|-activate|p1a: Iron Valiant|move: Substitute|[damage]\n|\n|upkeep\n|turn|10\n|\n|t:|1700048975\n|move|p1a: Iron Valiant|Swords Dance|p1a: Iron Valiant\n|-boost|p1a: Iron Valiant|atk|2\n|move|p2a: Garganacl|Curse|p2a: Garganacl\n|-unboost|p2a: Garganacl|spe|1\n|-boost|p2a: Garganacl|atk|1\n|-boost|p2a: Garganacl|def|1\n|\n|upkeep\n|turn|11\n|\n|t:|1700048985\n|move|p1a: Iron Valiant|Spirit Break|p2a: Garganacl\n|-damage|p2a: Garganacl|68\/100\n|-unboost|p2a: Garganacl|spa|1\n|move|p2a: Garganacl|Curse|p2a: Garganacl\n|-unboost|p2a: Garganacl|spe|1\n|-boost|p2a: Garganacl|atk|1\n|-boost|p2a: Garganacl|def|1\n|\n|-heal|p2a: Garganacl|74\/100|[from] item: Leftovers\n|upkeep\n|turn|12\n|\n|t:|1700048997\n|move|p1a: Iron Valiant|Swords Dance|p1a: Iron Valiant\n|-boost|p1a: Iron Valiant|atk|2\n|move|p2a: Garganacl|Curse|p2a: Garganacl\n|-unboost|p2a: Garganacl|spe|1\n|-boost|p2a: Garganacl|atk|1\n|-boost|p2a: Garganacl|def|1\n|\n|-heal|p2a: Garganacl|80\/100|[from] item: Leftovers\n|upkeep\n|turn|13\n|\n|t:|1700049014\n|move|p1a: Iron Valiant|Spirit Break|p2a: Garganacl\n|-damage|p2a: Garganacl|51\/100\n|-unboost|p2a: Garganacl|spa|1\n|move|p2a: Garganacl|Curse|p2a: Garganacl\n|-unboost|p2a: Garganacl|spe|1\n|-boost|p2a: Garganacl|atk|1\n|-boost|p2a: Garganacl|def|1\n|\n|-heal|p2a: Garganacl|57\/100|[from] item: Leftovers\n|upkeep\n|turn|14\n|\n|t:|1700049026\n|move|p1a: Iron Valiant|Spirit Break|p2a: Garganacl\n|-damage|p2a: Garganacl|33\/100\n|-unboost|p2a: Garganacl|spa|1\n|move|p2a: Garganacl|Curse|p2a: Garganacl\n|-unboost|p2a: Garganacl|spe|1\n|-boost|p2a: Garganacl|atk|1\n|-boost|p2a: Garganacl|def|1\n|\n|-heal|p2a: Garganacl|40\/100|[from] item: Leftovers\n|upkeep\n|turn|15\n|\n|t:|1700049038\n|move|p2a: Garganacl|Protect|p2a: Garganacl\n|-singleturn|p2a: Garganacl|Protect\n|move|p1a: Iron Valiant|Spirit Break|p2a: Garganacl\n|-activate|p2a: Garganacl|move: Protect\n|\n|-heal|p2a: Garganacl|46\/100|[from] item: Leftovers\n|upkeep\n|turn|16\n|\n|t:|1700049043\n|move|p1a: Iron Valiant|Spirit Break|p2a: Garganacl\n|-damage|p2a: Garganacl|24\/100\n|-unboost|p2a: Garganacl|spa|1\n|move|p2a: Garganacl|Recover|p2a: Garganacl\n|-heal|p2a: Garganacl|74\/100\n|\n|-heal|p2a: Garganacl|80\/100|[from] item: Leftovers\n|upkeep\n|turn|17\n|\n|t:|1700049054\n|move|p1a: Iron Valiant|Swords Dance|p1a: Iron Valiant\n|-boost|p1a: Iron Valiant|atk|2\n|move|p2a: Garganacl|Curse|p2a: Garganacl\n|-unboost|p2a: Garganacl|spe|1\n|-boost|p2a: Garganacl|atk|1\n|-boost|p2a: Garganacl|def|1\n|\n|-heal|p2a: Garganacl|87\/100|[from] item: Leftovers\n|upkeep\n|turn|18\n|\n|t:|1700049065\n|move|p1a: Iron Valiant|Swords Dance|p1a: Iron Valiant\n|-boost|p1a: Iron Valiant|atk|0\n|move|p2a: Garganacl|Salt Cure|p1a: Iron Valiant\n|-resisted|p1a: Iron Valiant\n|-crit|p1a: Iron Valiant\n|-end|p1a: Iron Valiant|Substitute\n|\n|-heal|p2a: Garganacl|93\/100|[from] item: Leftovers\n|upkeep\n|turn|19\n|\n|t:|1700049075\n|move|p1a: Iron Valiant|Spirit Break|p2a: Garganacl\n|-damage|p2a: Garganacl|65\/100\n|-unboost|p2a: Garganacl|spa|1\n|move|p2a: Garganacl|Salt Cure|p1a: Iron Valiant\n|-resisted|p1a: Iron Valiant\n|-damage|p1a: Iron Valiant|32\/100\n|-start|p1a: Iron Valiant|Salt Cure\n|\n|-heal|p2a: Garganacl|72\/100|[from] item: Leftovers\n|-damage|p1a: Iron Valiant|20\/100|[from] Salt Cure\n|upkeep\n|turn|20\n|\n|t:|1700049088\n|move|p2a: Garganacl|Protect|p2a: Garganacl\n|-singleturn|p2a: Garganacl|Protect\n|move|p1a: Iron Valiant|Spirit Break|p2a: Garganacl\n|-activate|p2a: Garganacl|move: Protect\n|\n|-heal|p2a: Garganacl|78\/100|[from] item: Leftovers\n|-damage|p1a: Iron Valiant|7\/100|[from] Salt Cure\n|upkeep\n|turn|21\n|\n|t:|1700049111\n|move|p1a: Iron Valiant|Spirit Break|p2a: Garganacl\n|-damage|p2a: Garganacl|50\/100\n|-unboost|p2a: Garganacl|spa|1\n|move|p2a: Garganacl|Recover|p2a: Garganacl\n|-heal|p2a: Garganacl|99\/100\n|\n|-heal|p2a: Garganacl|100\/100|[from] item: Leftovers\n|-damage|p1a: Iron Valiant|0 fnt|[from] Salt Cure\n|faint|p1a: Iron Valiant\n|-end|p1a: Iron Valiant|Quark Drive|[silent]\n|upkeep\n|\n|t:|1700049126\n|switch|p1a: Meowscarada|Meowscarada, M|100\/100\n|-damage|p1a: Meowscarada|88\/100|[from] Stealth Rock\n|turn|22\n|\n|t:|1700049131\n|move|p1a: Meowscarada|Flower Trick|p2a: Garganacl\n|-start|p1a: Meowscarada|typechange|Grass|[from] ability: Protean\n|-crit|p2a: Garganacl\n|-damage|p2a: Garganacl|57\/100\n|move|p2a: Garganacl|Salt Cure|p1a: Meowscarada\n|-damage|p1a: Meowscarada|0 fnt\n|faint|p1a: Meowscarada\n|\n|-heal|p2a: Garganacl|63\/100|[from] item: Leftovers\n|upkeep\n|\n|t:|1700049145\n|switch|p1a: Mimikyu|Mimikyu, M|100\/100\n|-damage|p1a: Mimikyu|88\/100|[from] Stealth Rock\n|turn|23\n|\n|t:|1700049150\n|move|p1a: Mimikyu|Play Rough|p2a: Garganacl\n|-damage|p2a: Garganacl|54\/100\n|-damage|p1a: Mimikyu|78\/100|[from] item: Life Orb\n|move|p2a: Garganacl|Salt Cure|p1a: Mimikyu\n|-activate|p1a: Mimikyu|ability: Disguise\n|-damage|p1a: Mimikyu|78\/100\n|-start|p1a: Mimikyu|Salt Cure\n|detailschange|p1a: Mimikyu|Mimikyu-Busted, M\n|-damage|p1a: Mimikyu|66\/100|[from] pokemon: Mimikyu-Busted\n|\n|-heal|p2a: Garganacl|60\/100|[from] item: Leftovers\n|-damage|p1a: Mimikyu|53\/100|[from] Salt Cure\n|upkeep\n|turn|24\n|\n|t:|1700049173\n|move|p2a: Garganacl|Protect|p2a: Garganacl\n|-singleturn|p2a: Garganacl|Protect\n|move|p1a: Mimikyu|Shadow Claw|p2a: Garganacl\n|-activate|p2a: Garganacl|move: Protect\n|\n|-heal|p2a: Garganacl|67\/100|[from] item: Leftovers\n|-damage|p1a: Mimikyu|41\/100|[from] Salt Cure\n|upkeep\n|turn|25\n|\n|t:|1700049183\n|move|p1a: Mimikyu|Shadow Claw|p2a: Garganacl\n|-damage|p2a: Garganacl|63\/100\n|-damage|p1a: Mimikyu|31\/100|[from] item: Life Orb\n|move|p2a: Garganacl|Recover|p2a: Garganacl\n|-heal|p2a: Garganacl|100\/100\n|\n|-damage|p1a: Mimikyu|19\/100|[from] Salt Cure\n|upkeep\n|turn|26\n|-message|Pokebladerss forfeited.\n|\n|win|Autumn0815\n|raw|Pokebladerss's rating: 1090 &rarr; <strong>1065<\/strong><br \/>(-25 for losing)\n|raw|Autumn0815's rating: 1074 &rarr; <strong>1104<\/strong><br \/>(+30 for winning)\n|l|\u2606Pokebladerss\n","uploadtime":1700049201,"views":13,"p1id":"pokebladerss","p2id":"autumn0815","formatid":"gen9ou","rating":1065,"private":0,"password":""}