{"id":"gen9ou-1991583880","p1":"notTonyStark","p2":"JustTweety","format":"[Gen 9] OU","log":"|j|\u2606notTonyStark\n|j|\u2606JustTweety\n|t:|1700090969\n|gametype|singles\n|player|p1|notTonyStark|101|1102\n|player|p2|JustTweety|silver|1005\n|teamsize|p1|6\n|teamsize|p2|6\n|gen|9\n|tier|[Gen 9] OU\n|rated|\n|rule|Sleep Clause Mod: Limit one foe put to sleep\n|rule|Species Clause: Limit one of each Pok\u00e9mon\n|rule|OHKO Clause: OHKO moves are banned\n|rule|Evasion Items Clause: Evasion items are banned\n|rule|Evasion Moves Clause: Evasion moves are banned\n|rule|Endless Battle Clause: Forcing endless battles is banned\n|rule|HP Percentage Mod: HP is shown in percentages\n|clearpoke\n|poke|p1|Pincurchin, M|\n|poke|p1|Drifblim, M|\n|poke|p1|Torterra, M|\n|poke|p1|Furret, M|\n|poke|p1|Glimmora, M|\n|poke|p1|Grafaiai, M|\n|poke|p2|Kingambit, F|\n|poke|p2|Polteageist|\n|poke|p2|Hatterene, F|\n|poke|p2|Dragonite, F|\n|poke|p2|Clodsire, F|\n|poke|p2|Decidueye-Hisui, F|\n|teampreview\n|\n|t:|1700090985\n|start\n|switch|p1a: Glimmora|Glimmora, M|100\/100\n|switch|p2a: Itsdamfteapot|Polteageist|100\/100\n|turn|1\n|\n|t:|1700090993\n|move|p1a: Glimmora|Stealth Rock|p2a: Itsdamfteapot\n|-sidestart|p2: JustTweety|move: Stealth Rock\n|move|p2a: Itsdamfteapot|Shell Smash|p2a: Itsdamfteapot\n|-unboost|p2a: Itsdamfteapot|def|1\n|-unboost|p2a: Itsdamfteapot|spd|1\n|-boost|p2a: Itsdamfteapot|atk|2\n|-boost|p2a: Itsdamfteapot|spa|2\n|-boost|p2a: Itsdamfteapot|spe|2\n|\n|upkeep\n|turn|2\n|\n|t:|1700091001\n|move|p2a: Itsdamfteapot|Stored Power|p1a: Glimmora\n|-supereffective|p1a: Glimmora\n|-enditem|p1a: Glimmora|Focus Sash\n|-damage|p1a: Glimmora|1\/100\n|move|p1a: Glimmora|Earth Power|p2a: Itsdamfteapot\n|-damage|p2a: Itsdamfteapot|57\/100\n|\n|upkeep\n|turn|3\n|\n|t:|1700091011\n|move|p1a: Glimmora|Spiky Shield|p1a: Glimmora\n|-singleturn|p1a: Glimmora|move: Protect\n|move|p2a: Itsdamfteapot|Stored Power|p1a: Glimmora\n|-activate|p1a: Glimmora|move: Protect\n|\n|upkeep\n|turn|4\n|\n|t:|1700091018\n|move|p2a: Itsdamfteapot|Stored Power|p1a: Glimmora\n|-supereffective|p1a: Glimmora\n|-damage|p1a: Glimmora|0 fnt\n|faint|p1a: Glimmora\n|\n|upkeep\n|\n|t:|1700091027\n|switch|p1a: Pincurchin|Pincurchin, M|100\/100\n|-fieldstart|move: Electric Terrain|[from] ability: Electric Surge|[of] p1a: Pincurchin\n|turn|5\n|\n|t:|1700091033\n|move|p1a: Pincurchin|Sucker Punch|p2a: Itsdamfteapot\n|-supereffective|p2a: Itsdamfteapot\n|-damage|p2a: Itsdamfteapot|0 fnt\n|faint|p2a: Itsdamfteapot\n|\n|upkeep\n|inactive|Battle timer is ON: inactive players will automatically lose when time's up. (requested by notTonyStark)\n|\n|t:|1700091041\n|switch|p2a: Stupid|Clodsire, F|100\/100\n|-damage|p2a: Stupid|94\/100|[from] Stealth Rock\n|turn|6\n|\n|t:|1700091046\n|move|p2a: Stupid|Earthquake|p1a: Pincurchin\n|-supereffective|p1a: Pincurchin\n|-damage|p1a: Pincurchin|50\/100\n|move|p1a: Pincurchin|Spikes|p2a: Stupid\n|-sidestart|p2: JustTweety|Spikes\n|\n|-heal|p2a: Stupid|100\/100|[from] item: Black Sludge\n|upkeep\n|turn|7\n|\n|t:|1700091054\n|move|p2a: Stupid|Earthquake|p1a: Pincurchin\n|-supereffective|p1a: Pincurchin\n|-damage|p1a: Pincurchin|6\/100\n|move|p1a: Pincurchin|Memento|p2a: Stupid\n|-unboost|p2a: Stupid|atk|2\n|-unboost|p2a: Stupid|spa|2\n|faint|p1a: Pincurchin\n|\n|upkeep\n|\n|t:|1700091064\n|switch|p1a: Torterra|Torterra, M|100\/100\n|turn|8\n|\n|t:|1700091069\n|move|p1a: Torterra|Shell Smash|p1a: Torterra\n|-unboost|p1a: Torterra|def|1\n|-unboost|p1a: Torterra|spd|1\n|-boost|p1a: Torterra|atk|2\n|-boost|p1a: Torterra|spa|2\n|-boost|p1a: Torterra|spe|2\n|move|p2a: Stupid|Yawn|p1a: Torterra\n|-activate|p1a: Torterra|move: Electric Terrain\n|\n|upkeep\n|turn|9\n|\n|t:|1700091088\n|move|p2a: Stupid|Protect|p2a: Stupid\n|-singleturn|p2a: Stupid|Protect\n|move|p1a: Torterra|Shell Smash|p1a: Torterra\n|-unboost|p1a: Torterra|def|1\n|-unboost|p1a: Torterra|spd|1\n|-boost|p1a: Torterra|atk|2\n|-boost|p1a: Torterra|spa|2\n|-boost|p1a: Torterra|spe|2\n|\n|upkeep\n|turn|10\n|\n|t:|1700091108\n|switch|p2a: PunchyOwl|Decidueye-Hisui, F|100\/100\n|-damage|p2a: PunchyOwl|94\/100|[from] Stealth Rock\n|-damage|p2a: PunchyOwl|82\/100|[from] Spikes\n|move|p1a: Torterra|Earthquake|p2a: PunchyOwl\n|-resisted|p2a: PunchyOwl\n|-damage|p2a: PunchyOwl|2\/100\n|\n|-heal|p2a: PunchyOwl|8\/100|[from] item: Leftovers\n|upkeep\n|turn|11\n|inactive|JustTweety has 120 seconds left.\n|\n|t:|1700091130\n|move|p1a: Torterra|Bullet Seed|p2a: PunchyOwl\n|-resisted|p2a: PunchyOwl\n|-crit|p2a: PunchyOwl\n|-damage|p2a: PunchyOwl|0 fnt\n|faint|p2a: PunchyOwl\n|-hitcount|p2: PunchyOwl|1\n|\n|upkeep\n|inactive|JustTweety has 120 seconds left.\n|\n|t:|1700091137\n|switch|p2a: Chubs|Dragonite, F|100\/100\n|-damage|p2a: Chubs|76\/100|[from] Stealth Rock\n|turn|12\n|\n|t:|1700091146\n|move|p1a: Torterra|Bullet Seed|p2a: Chubs\n|-resisted|p2a: Chubs\n|-damage|p2a: Chubs|67\/100\n|-resisted|p2a: Chubs\n|-damage|p2a: Chubs|58\/100\n|-resisted|p2a: Chubs\n|-damage|p2a: Chubs|48\/100\n|-resisted|p2a: Chubs\n|-damage|p2a: Chubs|40\/100\n|-resisted|p2a: Chubs\n|-damage|p2a: Chubs|31\/100\n|-hitcount|p2a: Chubs|5\n|move|p2a: Chubs|Ice Spinner|p1a: Torterra\n|-supereffective|p1a: Torterra\n|-damage|p1a: Torterra|0 fnt\n|-fieldend|move: Electric Terrain\n|faint|p1a: Torterra\n|\n|-heal|p2a: Chubs|38\/100|[from] item: Leftovers\n|upkeep\n|\n|t:|1700091166\n|switch|p1a: Furret|Furret, M|100\/100\n|-item|p2a: Chubs|Leftovers|[from] ability: Frisk|[of] p1a: Furret|[identify]\n|turn|13\n|\n|t:|1700091176\n|move|p1a: Furret|Trick|p2a: Chubs\n|-activate|p1a: Furret|move: Trick|[of] p2a: Chubs\n|-item|p2a: Chubs|Choice Scarf|[from] move: Trick\n|-item|p1a: Furret|Leftovers|[from] move: Trick\n|move|p2a: Chubs|Earthquake|p1a: Furret\n|-damage|p1a: Furret|55\/100\n|\n|-heal|p1a: Furret|61\/100|[from] item: Leftovers\n|upkeep\n|turn|14\n|\n|t:|1700091189\n|move|p2a: Chubs|Earthquake|p1a: Furret\n|-damage|p1a: Furret|17\/100\n|move|p1a: Furret|Body Slam|p2a: Chubs\n|-damage|p2a: Chubs|16\/100\n|-status|p2a: Chubs|par\n|\n|-heal|p1a: Furret|23\/100|[from] item: Leftovers\n|upkeep\n|turn|15\n|\n|t:|1700091199\n|switch|p1a: Drifblim|Drifblim, M|100\/100\n|move|p2a: Chubs|Earthquake|p1a: Drifblim\n|-immune|p1a: Drifblim\n|\n|upkeep\n|turn|16\n|\n|t:|1700091207\n|move|p1a: Drifblim|Knock Off|p2a: Chubs\n|-damage|p2a: Chubs|0 fnt\n|-enditem|p2a: Chubs|Choice Scarf|[from] move: Knock Off|[of] p1a: Drifblim\n|faint|p2a: Chubs\n|\n|upkeep\n|\n|t:|1700091214\n|switch|p2a: Lady Lamp|Hatterene, F|100\/100\n|-damage|p2a: Lady Lamp|88\/100|[from] Stealth Rock\n|-damage|p2a: Lady Lamp|75\/100|[from] Spikes\n|turn|17\n|\n|t:|1700091222\n|move|p1a: Drifblim|Knock Off|p2a: Lady Lamp\n|-damage|p2a: Lady Lamp|40\/100\n|-enditem|p2a: Lady Lamp|Big Root|[from] move: Knock Off|[of] p1a: Drifblim\n|move|p2a: Lady Lamp|Trick Room|p2a: Lady Lamp\n|-fieldstart|move: Trick Room|[of] p2a: Lady Lamp\n|\n|upkeep\n|turn|18\n|\n|t:|1700091237\n|move|p2a: Lady Lamp|Dazzling Gleam|p1a: Drifblim\n|-damage|p1a: Drifblim|43\/100\n|move|p1a: Drifblim|Acrobatics|p2a: Lady Lamp\n|-damage|p2a: Lady Lamp|10\/100\n|\n|upkeep\n|turn|19\n|\n|t:|1700091254\n|move|p2a: Lady Lamp|Dazzling Gleam|p1a: Drifblim\n|-damage|p1a: Drifblim|0 fnt\n|faint|p1a: Drifblim\n|\n|upkeep\n|\n|t:|1700091265\n|switch|p1a: Grafaiai|Grafaiai, M|100\/100\n|turn|20\n|\n|t:|1700091293\n|move|p1a: Grafaiai|Sludge Bomb|p2a: Lady Lamp\n|-supereffective|p2a: Lady Lamp\n|-damage|p2a: Lady Lamp|0 fnt\n|faint|p2a: Lady Lamp\n|-damage|p1a: Grafaiai|91\/100|[from] item: Life Orb\n|\n|upkeep\n|\n|t:|1700091300\n|switch|p2a: Stupid|Clodsire, F|100\/100\n|-damage|p2a: Stupid|94\/100|[from] Stealth Rock\n|-damage|p2a: Stupid|82\/100|[from] Spikes\n|turn|21\n|\n|t:|1700091308\n|switch|p1a: Furret|Furret, M|23\/100\n|-item|p2a: Stupid|Black Sludge|[from] ability: Frisk|[of] p1a: Furret|[identify]\n|move|p2a: Stupid|Earthquake|p1a: Furret\n|-damage|p1a: Furret|0 fnt\n|faint|p1a: Furret\n|\n|-heal|p2a: Stupid|88\/100|[from] item: Black Sludge\n|-fieldend|move: Trick Room\n|upkeep\n|\n|t:|1700091317\n|switch|p1a: Grafaiai|Grafaiai, M|91\/100\n|turn|22\n|\n|t:|1700091322\n|-terastallize|p1a: Grafaiai|Ground\n|move|p1a: Grafaiai|Nasty Plot|p1a: Grafaiai\n|-boost|p1a: Grafaiai|spa|2\n|move|p2a: Stupid|Yawn|p1a: Grafaiai\n|-start|p1a: Grafaiai|move: Yawn|[of] p2a: Stupid\n|\n|-heal|p2a: Stupid|94\/100|[from] item: Black Sludge\n|upkeep\n|turn|23\n|\n|t:|1700091333\n|move|p2a: Stupid|Protect|p2a: Stupid\n|-singleturn|p2a: Stupid|Protect\n|move|p1a: Grafaiai|Encore|p2a: Stupid\n|-activate|p2a: Stupid|move: Protect\n|\n|-heal|p2a: Stupid|100\/100|[from] item: Black Sludge\n|-end|p1a: Grafaiai|move: Yawn|[silent]\n|-status|p1a: Grafaiai|slp\n|upkeep\n|turn|24\n|\n|t:|1700091342\n|cant|p1a: Grafaiai|slp\n|move|p2a: Stupid|Earthquake|p1a: Grafaiai\n|-damage|p1a: Grafaiai|42\/100 slp\n|\n|upkeep\n|turn|25\n|\n|t:|1700091348\n|-curestatus|p1a: Grafaiai|slp|[msg]\n|move|p1a: Grafaiai|Tera Blast|p2a: Stupid|[anim] Tera Blast Ground\n|-supereffective|p2a: Stupid\n|-damage|p2a: Stupid|61\/100\n|-damage|p1a: Grafaiai|33\/100|[from] item: Life Orb\n|move|p2a: Stupid|Earthquake|p1a: Grafaiai\n|-damage|p1a: Grafaiai|0 fnt\n|faint|p1a: Grafaiai\n|\n|win|JustTweety\n|raw|notTonyStark's rating: 1102 &rarr; <strong>1070<\/strong><br \/>(-32 for losing)\n|raw|JustTweety's rating: 1005 &rarr; <strong>1055<\/strong><br \/>(+50 for winning)\n|l|\u2606notTonyStark\n","uploadtime":1700091370,"views":7,"p1id":"nottonystark","p2id":"justtweety","formatid":"gen9ou","rating":1055,"private":0,"password":""}