{"id":"gen9ou-1992599287","p1":"wyverbal","p2":"Diavola+Ska","format":"[Gen 9] OU","log":"|j|\u2606wyverbal\n|j|\u2606Diavola+Ska\n|t:|1700212525\n|gametype|singles\n|player|p1|wyverbal|266|1139\n|player|p2|Diavola+Ska|101|1137\n|teamsize|p1|6\n|teamsize|p2|6\n|gen|9\n|tier|[Gen 9] OU\n|rated|\n|rule|Sleep Clause Mod: Limit one foe put to sleep\n|rule|Species Clause: Limit one of each Pok\u00e9mon\n|rule|OHKO Clause: OHKO moves are banned\n|rule|Evasion Items Clause: Evasion items are banned\n|rule|Evasion Moves Clause: Evasion moves are banned\n|rule|Endless Battle Clause: Forcing endless battles is banned\n|rule|HP Percentage Mod: HP is shown in percentages\n|clearpoke\n|poke|p1|Dipplin, F|\n|poke|p1|Enamorus-Therian, F|\n|poke|p1|Glimmora, F|\n|poke|p1|Alomomola, F|\n|poke|p1|Iron Treads|\n|poke|p1|Kommo-o, M|\n|poke|p2|Kingambit, M|\n|poke|p2|Glimmora, F|\n|poke|p2|Zamazenta-*|\n|poke|p2|Iron Valiant|\n|poke|p2|Iron Moth|\n|poke|p2|Ogerpon-Wellspring, F|\n|teampreview\n|inactive|Battle timer is ON: inactive players will automatically lose when time's up. (requested by wyverbal)\n|inactive|Diavola+Ska has 120 seconds left.\n|inactive|Diavola+Ska has 90 seconds left.\n|\n|t:|1700212586\n|start\n|switch|p1a: Iron Treads|Iron Treads|100\/100\n|switch|p2a: Glimmora|Glimmora, F|100\/100\n|turn|1\n|\n|t:|1700212600\n|move|p1a: Iron Treads|Stealth Rock|p2a: Glimmora\n|-sidestart|p2: Diavola+Ska|move: Stealth Rock\n|move|p2a: Glimmora|Stealth Rock|p1a: Iron Treads\n|-sidestart|p1: wyverbal|move: Stealth Rock\n|\n|upkeep\n|turn|2\n|\n|t:|1700212611\n|move|p1a: Iron Treads|Rapid Spin|p2a: Glimmora\n|-resisted|p2a: Glimmora\n|-damage|p2a: Glimmora|90\/100\n|-boost|p1a: Iron Treads|spe|1\n|-activate|p2a: Glimmora|ability: Toxic Debris\n|-sidestart|p1: wyverbal|move: Toxic Spikes\n|-sideend|p1: wyverbal|Toxic Spikes|[from] move: Rapid Spin|[of] p1a: Iron Treads\n|-sideend|p1: wyverbal|Stealth Rock|[from] move: Rapid Spin|[of] p1a: Iron Treads\n|move|p2a: Glimmora|Earth Power|p1a: Iron Treads\n|-supereffective|p1a: Iron Treads\n|-damage|p1a: Iron Treads|9\/100\n|\n|upkeep\n|turn|3\n|\n|t:|1700212627\n|move|p1a: Iron Treads|Rapid Spin|p2a: Glimmora\n|-resisted|p2a: Glimmora\n|-damage|p2a: Glimmora|81\/100\n|-boost|p1a: Iron Treads|spe|1\n|-activate|p2a: Glimmora|ability: Toxic Debris\n|-sidestart|p1: wyverbal|move: Toxic Spikes\n|-sideend|p1: wyverbal|Toxic Spikes|[from] move: Rapid Spin|[of] p1a: Iron Treads\n|move|p2a: Glimmora|Stealth Rock|p1a: Iron Treads\n|-sidestart|p1: wyverbal|move: Stealth Rock\n|\n|upkeep\n|turn|4\n|\n|t:|1700212638\n|move|p1a: Iron Treads|Rapid Spin|p2a: Glimmora\n|-resisted|p2a: Glimmora\n|-damage|p2a: Glimmora|72\/100\n|-boost|p1a: Iron Treads|spe|1\n|-activate|p2a: Glimmora|ability: Toxic Debris\n|-sidestart|p1: wyverbal|move: Toxic Spikes\n|-sideend|p1: wyverbal|Toxic Spikes|[from] move: Rapid Spin|[of] p1a: Iron Treads\n|-sideend|p1: wyverbal|Stealth Rock|[from] move: Rapid Spin|[of] p1a: Iron Treads\n|move|p2a: Glimmora|Earth Power|p1a: Iron Treads\n|-supereffective|p1a: Iron Treads\n|-damage|p1a: Iron Treads|0 fnt\n|faint|p1a: Iron Treads\n|-end|p1a: Iron Treads|Quark Drive|[silent]\n|\n|upkeep\n|inactive|wyverbal has 120 seconds left.\n|\n|t:|1700212672\n|switch|p1a: Enamorus|Enamorus-Therian, F, shiny|100\/100\n|turn|5\n|\n|t:|1700212698\n|move|p2a: Glimmora|Stealth Rock|p1a: Enamorus\n|-sidestart|p1: wyverbal|move: Stealth Rock\n|move|p1a: Enamorus|Agility|p1a: Enamorus\n|-boost|p1a: Enamorus|spe|2\n|\n|upkeep\n|turn|6\n|\n|t:|1700212711\n|move|p1a: Enamorus|Agility|p1a: Enamorus\n|-boost|p1a: Enamorus|spe|2\n|move|p2a: Glimmora|Mortal Spin|p1a: Enamorus\n|-supereffective|p1a: Enamorus\n|-damage|p1a: Enamorus|85\/100\n|-status|p1a: Enamorus|psn\n|-enditem|p1a: Enamorus|Weakness Policy\n|-boost|p1a: Enamorus|atk|2|[from] item: Weakness Policy\n|-boost|p1a: Enamorus|spa|2|[from] item: Weakness Policy\n|-sideend|p2: Diavola+Ska|Stealth Rock|[from] move: Mortal Spin|[of] p2a: Glimmora\n|\n|-damage|p1a: Enamorus|73\/100 psn|[from] psn\n|upkeep\n|turn|7\n|\n|t:|1700212728\n|move|p1a: Enamorus|Earth Power|p2a: Glimmora\n|-supereffective|p2a: Glimmora\n|-damage|p2a: Glimmora|0 fnt\n|faint|p2a: Glimmora\n|\n|-damage|p1a: Enamorus|60\/100 psn|[from] psn\n|upkeep\n|inactive|Diavola+Ska has 120 seconds left.\n|\n|t:|1700212744\n|switch|p2a: Kingambit|Kingambit, M|100\/100\n|-activate|p2a: Kingambit|ability: Supreme Overlord\n|-start|p2a: Kingambit|fallen1|[silent]\n|turn|8\n|inactive|Diavola+Ska has 120 seconds left.\n|\n|t:|1700212750\n|move|p2a: Kingambit|Sucker Punch|p1a: Enamorus\n|-resisted|p1a: Enamorus\n|-damage|p1a: Enamorus|32\/100 psn\n|move|p1a: Enamorus|Earth Power|p2a: Kingambit\n|-supereffective|p2a: Kingambit\n|-damage|p2a: Kingambit|0 fnt\n|faint|p2a: Kingambit\n|-end|p2a: Kingambit|fallen1|[silent]\n|\n|-damage|p1a: Enamorus|19\/100 psn|[from] psn\n|upkeep\n|inactive|Diavola+Ska has 120 seconds left.\n|inactive|Diavola+Ska has 90 seconds left.\n|\n|t:|1700212792\n|switch|p2a: Iron Valiant|Iron Valiant|100\/100\n|-enditem|p2a: Iron Valiant|Booster Energy\n|-activate|p2a: Iron Valiant|ability: Quark Drive|[fromitem]\n|-start|p2a: Iron Valiant|quarkdrivespe\n|turn|9\n|inactive|Diavola+Ska has 90 seconds left.\n|\n|t:|1700212802\n|move|p1a: Enamorus|Moonblast|p2a: Iron Valiant\n|-supereffective|p2a: Iron Valiant\n|-damage|p2a: Iron Valiant|0 fnt\n|faint|p2a: Iron Valiant\n|-end|p2a: Iron Valiant|Quark Drive|[silent]\n|\n|-damage|p1a: Enamorus|7\/100 psn|[from] psn\n|upkeep\n|\n|t:|1700212814\n|switch|p2a: Iron Moth|Iron Moth|100\/100\n|-enditem|p2a: Iron Moth|Booster Energy\n|-activate|p2a: Iron Moth|ability: Quark Drive|[fromitem]\n|-start|p2a: Iron Moth|quarkdrivespe\n|turn|10\n|\n|t:|1700212821\n|move|p1a: Enamorus|Earth Power|p2a: Iron Moth\n|-supereffective|p2a: Iron Moth\n|-damage|p2a: Iron Moth|0 fnt\n|faint|p2a: Iron Moth\n|-end|p2a: Iron Moth|Quark Drive|[silent]\n|\n|-damage|p1a: Enamorus|0 fnt|[from] psn\n|faint|p1a: Enamorus\n|upkeep\n|inactive|Diavola+Ska has 90 seconds left.\n|\n|t:|1700212837\n|switch|p2a: Ogerpon|Ogerpon-Wellspring, F|100\/100\n|switch|p1a: Glimmora|Glimmora, F, shiny|100\/100\n|-damage|p1a: Glimmora|88\/100|[from] Stealth Rock\n|-item|p1a: Glimmora|Air Balloon\n|turn|11\n|inactive|Diavola+Ska has 90 seconds left.\n|\n|t:|1700212849\n|move|p2a: Ogerpon|Swords Dance|p2a: Ogerpon\n|-boost|p2a: Ogerpon|atk|2\n|move|p1a: Glimmora|Toxic|p2a: Ogerpon\n|-status|p2a: Ogerpon|tox\n|\n|-damage|p2a: Ogerpon|95\/100 tox|[from] psn\n|upkeep\n|turn|12\n|\n|t:|1700212857\n|move|p1a: Glimmora|Spiky Shield|p1a: Glimmora\n|-singleturn|p1a: Glimmora|move: Protect\n|move|p2a: Ogerpon|Ivy Cudgel|p1a: Glimmora|[anim] Ivy Cudgel Water\n|-activate|p1a: Glimmora|move: Protect\n|\n|-damage|p2a: Ogerpon|83\/100 tox|[from] psn\n|upkeep\n|turn|13\n|\n|t:|1700212869\n|switch|p1a: Alomomola|Alomomola, F|100\/100\n|-damage|p1a: Alomomola|88\/100|[from] Stealth Rock\n|move|p2a: Ogerpon|Ivy Cudgel|p1a: Alomomola|[anim] Ivy Cudgel Water\n|-resisted|p1a: Alomomola\n|-damage|p1a: Alomomola|58\/100\n|\n|-damage|p2a: Ogerpon|65\/100 tox|[from] psn\n|upkeep\n|turn|14\n|\n|t:|1700212877\n|move|p1a: Alomomola|Protect|p1a: Alomomola\n|-singleturn|p1a: Alomomola|Protect\n|move|p2a: Ogerpon|Power Whip|p1a: Alomomola\n|-activate|p1a: Alomomola|move: Protect\n|\n|-damage|p2a: Ogerpon|41\/100 tox|[from] psn\n|upkeep\n|turn|15\n|\n|t:|1700212888\n|move|p2a: Ogerpon|Ivy Cudgel|p1a: Alomomola|[anim] Ivy Cudgel Water\n|-resisted|p1a: Alomomola\n|-damage|p1a: Alomomola|28\/100\n|move|p1a: Alomomola|Wish|p1a: Alomomola\n|\n|-damage|p2a: Ogerpon|11\/100 tox|[from] psn\n|upkeep\n|turn|16\n|\n|t:|1700212896\n|move|p1a: Alomomola|Protect|p1a: Alomomola\n|-singleturn|p1a: Alomomola|Protect\n|move|p2a: Ogerpon|Knock Off|p1a: Alomomola\n|-activate|p1a: Alomomola|move: Protect\n|\n|-heal|p1a: Alomomola|78\/100|[from] move: Wish|[wisher] Alomomola\n|-damage|p2a: Ogerpon|0 fnt|[from] psn\n|faint|p2a: Ogerpon\n|upkeep\n|\n|t:|1700212904\n|switch|p2a: Zamazenta|Zamazenta, shiny|100\/100\n|-ability|p2a: Zamazenta|Dauntless Shield|boost\n|-boost|p2a: Zamazenta|def|1\n|turn|17\n|\n|t:|1700212912\n|move|p2a: Zamazenta|Body Press|p1a: Alomomola\n|-crit|p1a: Alomomola\n|-damage|p1a: Alomomola|36\/100\n|move|p1a: Alomomola|Flip Turn|p2a: Zamazenta\n|-damage|p2a: Zamazenta|92\/100\n|\n|t:|1700212921\n|switch|p1a: Glimmora|Glimmora, F, shiny|88\/100|[from] Flip Turn\n|-damage|p1a: Glimmora|76\/100|[from] Stealth Rock\n|-item|p1a: Glimmora|Air Balloon\n|\n|-heal|p2a: Zamazenta|98\/100|[from] item: Leftovers\n|upkeep\n|turn|18\n|\n|t:|1700212929\n|move|p2a: Zamazenta|Body Press|p1a: Glimmora\n|-damage|p1a: Glimmora|19\/100\n|-enditem|p1a: Glimmora|Air Balloon\n|move|p1a: Glimmora|Toxic|p2a: Zamazenta\n|-status|p2a: Zamazenta|tox\n|\n|-heal|p2a: Zamazenta|100\/100 tox|[from] item: Leftovers\n|-damage|p2a: Zamazenta|94\/100 tox|[from] psn\n|upkeep\n|turn|19\n|\n|t:|1700212940\n|move|p2a: Zamazenta|Body Press|p1a: Glimmora\n|-damage|p1a: Glimmora|0 fnt\n|faint|p1a: Glimmora\n|\n|-heal|p2a: Zamazenta|100\/100 tox|[from] item: Leftovers\n|-damage|p2a: Zamazenta|88\/100 tox|[from] psn\n|upkeep\n|\n|t:|1700212948\n|switch|p1a: Dipplin|Dipplin, F, shiny|100\/100\n|-damage|p1a: Dipplin|88\/100|[from] Stealth Rock\n|turn|20\n|\n|t:|1700212957\n|move|p2a: Zamazenta|Body Press|p1a: Dipplin\n|-damage|p1a: Dipplin|67\/100\n|move|p1a: Dipplin|Recover|p1a: Dipplin\n|-heal|p1a: Dipplin|100\/100\n|\n|-heal|p2a: Zamazenta|94\/100 tox|[from] item: Leftovers\n|-damage|p2a: Zamazenta|76\/100 tox|[from] psn\n|upkeep\n|turn|21\n|\n|t:|1700212969\n|move|p2a: Zamazenta|Stone Edge|p1a: Dipplin\n|-crit|p1a: Dipplin\n|-damage|p1a: Dipplin|78\/100\n|move|p1a: Dipplin|Giga Drain|p2a: Zamazenta\n|-damage|p2a: Zamazenta|53\/100 tox\n|-heal|p1a: Dipplin|88\/100|[from] drain|[of] p2a: Zamazenta\n|\n|-heal|p2a: Zamazenta|60\/100 tox|[from] item: Leftovers\n|-damage|p2a: Zamazenta|35\/100 tox|[from] psn\n|upkeep\n|turn|22\n|\n|t:|1700212978\n|move|p2a: Zamazenta|Crunch|p1a: Dipplin\n|-damage|p1a: Dipplin|77\/100\n|move|p1a: Dipplin|Giga Drain|p2a: Zamazenta\n|-damage|p2a: Zamazenta|13\/100 tox\n|-heal|p1a: Dipplin|87\/100|[from] drain|[of] p2a: Zamazenta\n|\n|-heal|p2a: Zamazenta|19\/100 tox|[from] item: Leftovers\n|-damage|p2a: Zamazenta|0 fnt|[from] psn\n|faint|p2a: Zamazenta\n|\n|win|wyverbal\n|upkeep\n|raw|wyverbal's rating: 1160 &rarr; <strong>1183<\/strong><br \/>(+23 for winning)\n|raw|Diavola+Ska's rating: 1137 &rarr; <strong>1114<\/strong><br \/>(-23 for losing)\n","uploadtime":1700212988,"views":6,"p1id":"wyverbal","p2id":"diavolaska","formatid":"gen9ou","rating":1114,"private":0,"password":""}