{"id":"gen9ou-1993065048","p1":"top500all","p2":"CyberH3","format":"[Gen 9] OU","log":"|j|\u2606top500all\n|j|\u2606CyberH3\n|t:|1700260809\n|gametype|singles\n|player|p1|top500all|parasollady-gen4|1499\n|player|p2|CyberH3|mars|1402\n|teamsize|p1|6\n|teamsize|p2|6\n|gen|9\n|tier|[Gen 9] OU\n|rated|\n|rule|Sleep Clause Mod: Limit one foe put to sleep\n|rule|Species Clause: Limit one of each Pok\u00e9mon\n|rule|OHKO Clause: OHKO moves are banned\n|rule|Evasion Items Clause: Evasion items are banned\n|rule|Evasion Moves Clause: Evasion moves are banned\n|rule|Endless Battle Clause: Forcing endless battles is banned\n|rule|HP Percentage Mod: HP is shown in percentages\n|clearpoke\n|poke|p1|Rillaboom, M|\n|poke|p1|Sneasler, F|\n|poke|p1|Tyranitar, M|\n|poke|p1|Moltres|\n|poke|p1|Great Tusk|\n|poke|p1|Kingambit, F|\n|poke|p2|Goodra-Hisui, M|\n|poke|p2|Scizor, F|\n|poke|p2|Mimikyu, F|\n|poke|p2|Iron Valiant|\n|poke|p2|Talonflame, F|\n|poke|p2|Lokix, M|\n|teampreview\n|inactive|Battle timer is ON: inactive players will automatically lose when time's up. (requested by top500all)\n|\n|t:|1700260825\n|start\n|switch|p1a: Tyranitar|Tyranitar, M|100\/100\n|switch|p2a: The XO|Talonflame, F|100\/100\n|-weather|Sandstorm|[from] ability: Sand Stream|[of] p1a: Tyranitar\n|turn|1\n|\n|t:|1700260830\n|move|p2a: The XO|Will-O-Wisp|p1a: Tyranitar\n|-status|p1a: Tyranitar|brn\n|move|p1a: Tyranitar|Stone Edge|p2a: The XO\n|-supereffective|p2a: The XO\n|-damage|p2a: The XO|0 fnt\n|faint|p2a: The XO\n|\n|-weather|Sandstorm|[upkeep]\n|-damage|p1a: Tyranitar|94\/100 brn|[from] brn\n|upkeep\n|\n|t:|1700260838\n|switch|p2a: Morf LeRosh|Lokix, M|100\/100\n|turn|2\n|\n|t:|1700260841\n|switch|p1a: Moltres|Moltres|100\/100\n|move|p2a: Morf LeRosh|Axe Kick|p1a: Moltres\n|-resisted|p1a: Moltres\n|-damage|p1a: Moltres|71\/100\n|-damage|p2a: Morf LeRosh|91\/100|[from] item: Life Orb\n|\n|-weather|Sandstorm|[upkeep]\n|-damage|p2a: Morf LeRosh|85\/100|[from] Sandstorm\n|-damage|p1a: Moltres|65\/100|[from] Sandstorm\n|upkeep\n|turn|3\n|\n|t:|1700260848\n|move|p2a: Morf LeRosh|U-turn|p1a: Moltres\n|-resisted|p1a: Moltres\n|-damage|p1a: Moltres|50\/100\n|-status|p2a: Morf LeRosh|brn|[from] ability: Flame Body|[of] p1a: Moltres\n|-damage|p2a: Morf LeRosh|75\/100 brn|[from] item: Life Orb\n|\n|t:|1700260853\n|switch|p2a: Snailtare|Goodra-Hisui, M|100\/100|[from] U-turn\n|move|p1a: Moltres|Roost|p1a: Moltres\n|-heal|p1a: Moltres|100\/100\n|-singleturn|p1a: Moltres|move: Roost\n|\n|-weather|Sandstorm|[upkeep]\n|-damage|p1a: Moltres|94\/100|[from] Sandstorm\n|upkeep\n|turn|4\n|\n|t:|1700260859\n|switch|p1a: Great Tusk|Great Tusk|100\/100\n|move|p2a: Snailtare|Draco Meteor|p1a: Great Tusk\n|-damage|p1a: Great Tusk|6\/100\n|-unboost|p2a: Snailtare|spa|2\n|\n|-weather|Sandstorm|[upkeep]\n|upkeep\n|turn|5\n|\n|t:|1700260865\n|move|p2a: Snailtare|Protect|p2a: Snailtare\n|-singleturn|p2a: Snailtare|Protect\n|move|p1a: Great Tusk|Knock Off|p2a: Snailtare\n|-activate|p2a: Snailtare|move: Protect\n|\n|-weather|none\n|upkeep\n|turn|6\n|\n|t:|1700260867\n|move|p1a: Great Tusk|Headlong Rush|p2a: Snailtare\n|-supereffective|p2a: Snailtare\n|-damage|p2a: Snailtare|0 fnt\n|-unboost|p1a: Great Tusk|def|1\n|-unboost|p1a: Great Tusk|spd|1\n|faint|p2a: Snailtare\n|\n|upkeep\n|\n|t:|1700260871\n|switch|p2a: Morf LeRosh|Lokix, M|75\/100 brn\n|turn|7\n|\n|t:|1700260874\n|move|p2a: Morf LeRosh|Knock Off|p1a: Great Tusk\n|-resisted|p1a: Great Tusk\n|-damage|p1a: Great Tusk|0 fnt\n|-enditem|p1a: Great Tusk|Heavy-Duty Boots|[from] move: Knock Off|[of] p2a: Morf LeRosh\n|faint|p1a: Great Tusk\n|-end|p1a: Great Tusk|Protosynthesis|[silent]\n|-damage|p2a: Morf LeRosh|65\/100 brn|[from] item: Life Orb\n|\n|-damage|p2a: Morf LeRosh|59\/100 brn|[from] brn\n|upkeep\n|\n|t:|1700260876\n|switch|p1a: Rillaboom|Rillaboom, M|100\/100\n|-fieldstart|move: Grassy Terrain|[from] ability: Grassy Surge|[of] p1a: Rillaboom\n|turn|8\n|\n|t:|1700260884\n|move|p2a: Morf LeRosh|Knock Off|p1a: Rillaboom\n|-crit|p1a: Rillaboom\n|-damage|p1a: Rillaboom|54\/100\n|-enditem|p1a: Rillaboom|Heavy-Duty Boots|[from] move: Knock Off|[of] p2a: Morf LeRosh\n|-damage|p2a: Morf LeRosh|49\/100 brn|[from] item: Life Orb\n|move|p1a: Rillaboom|Swords Dance|p1a: Rillaboom\n|-boost|p1a: Rillaboom|atk|2\n|\n|-heal|p2a: Morf LeRosh|55\/100 brn|[from] Grassy Terrain\n|-heal|p1a: Rillaboom|60\/100|[from] Grassy Terrain\n|-damage|p2a: Morf LeRosh|49\/100 brn|[from] brn\n|upkeep\n|turn|9\n|\n|t:|1700260891\n|-terastallize|p1a: Rillaboom|Grass\n|move|p1a: Rillaboom|Grassy Glide|p2a: Morf LeRosh\n|-resisted|p2a: Morf LeRosh\n|-damage|p2a: Morf LeRosh|0 fnt\n|faint|p2a: Morf LeRosh\n|\n|-heal|p1a: Rillaboom|66\/100|[from] Grassy Terrain\n|upkeep\n|\n|t:|1700260898\n|switch|p2a: Eat With Scissors|Scizor, F|100\/100\n|turn|10\n|\n|t:|1700260902\n|move|p1a: Rillaboom|Knock Off|p2a: Eat With Scissors\n|-damage|p2a: Eat With Scissors|31\/100\n|-enditem|p2a: Eat With Scissors|Life Orb|[from] move: Knock Off|[of] p1a: Rillaboom\n|move|p2a: Eat With Scissors|U-turn|p1a: Rillaboom\n|-supereffective|p1a: Rillaboom\n|-damage|p1a: Rillaboom|0 fnt\n|faint|p1a: Rillaboom\n|\n|t:|1700260907\n|switch|p2a: R-TRUS|Iron Valiant|100\/100|[from] U-turn\n|-enditem|p2a: R-TRUS|Booster Energy\n|-activate|p2a: R-TRUS|ability: Quark Drive|[fromitem]\n|-start|p2a: R-TRUS|quarkdrivespe\n|\n|upkeep\n|\n|t:|1700260924\n|switch|p1a: Tyranitar|Tyranitar, M|94\/100 brn\n|-weather|Sandstorm|[from] ability: Sand Stream|[of] p1a: Tyranitar\n|turn|11\n|\n|t:|1700260929\n|move|p2a: R-TRUS|Aura Sphere|p1a: Tyranitar\n|-supereffective|p1a: Tyranitar\n|-crit|p1a: Tyranitar\n|-damage|p1a: Tyranitar|25\/100 brn\n|move|p1a: Tyranitar|Knock Off|p2a: R-TRUS\n|-resisted|p2a: R-TRUS\n|-damage|p2a: R-TRUS|95\/100\n|\n|-weather|Sandstorm|[upkeep]\n|-damage|p2a: R-TRUS|89\/100|[from] Sandstorm\n|-heal|p2a: R-TRUS|95\/100|[from] Grassy Terrain\n|-heal|p1a: Tyranitar|31\/100 brn|[from] Grassy Terrain\n|-damage|p1a: Tyranitar|25\/100 brn|[from] brn\n|upkeep\n|turn|12\n|\n|t:|1700260932\n|move|p2a: R-TRUS|Aura Sphere|p1a: Tyranitar\n|-supereffective|p1a: Tyranitar\n|-damage|p1a: Tyranitar|0 fnt\n|faint|p1a: Tyranitar\n|\n|-weather|Sandstorm|[upkeep]\n|-damage|p2a: R-TRUS|89\/100|[from] Sandstorm\n|-heal|p2a: R-TRUS|95\/100|[from] Grassy Terrain\n|-fieldend|move: Grassy Terrain\n|upkeep\n|\n|t:|1700260937\n|switch|p1a: Sneasler|Sneasler, F|100\/100\n|turn|13\n|\n|t:|1700260943\n|-terastallize|p2a: R-TRUS|Steel\n|move|p2a: R-TRUS|Moonblast|p1a: Sneasler\n|-damage|p1a: Sneasler|32\/100\n|-unboost|p1a: Sneasler|spa|1\n|move|p1a: Sneasler|Dire Claw|p2a: R-TRUS\n|-immune|p2a: R-TRUS\n|\n|-weather|Sandstorm|[upkeep]\n|-damage|p1a: Sneasler|26\/100|[from] Sandstorm\n|upkeep\n|turn|14\n|\n|t:|1700260948\n|switch|p1a: Moltres|Moltres|94\/100\n|move|p2a: R-TRUS|Moonblast|p1a: Moltres\n|-resisted|p1a: Moltres\n|-damage|p1a: Moltres|72\/100\n|\n|-weather|Sandstorm|[upkeep]\n|-damage|p1a: Moltres|66\/100|[from] Sandstorm\n|upkeep\n|turn|15\n|\n|t:|1700260951\n|move|p2a: R-TRUS|Thunderbolt|p1a: Moltres\n|-supereffective|p1a: Moltres\n|-damage|p1a: Moltres|7\/100\n|move|p1a: Moltres|Flamethrower|p2a: R-TRUS\n|-supereffective|p2a: R-TRUS\n|-damage|p2a: R-TRUS|0 fnt\n|faint|p2a: R-TRUS\n|-end|p2a: R-TRUS|Quark Drive|[silent]\n|\n|-weather|none\n|upkeep\n|\n|t:|1700260956\n|switch|p2a: Eat With Scissors|Scizor, F|31\/100\n|turn|16\n|\n|t:|1700260962\n|move|p2a: Eat With Scissors|Bullet Punch|p1a: Moltres\n|-resisted|p1a: Moltres\n|-damage|p1a: Moltres|0 fnt\n|faint|p1a: Moltres\n|\n|upkeep\n|\n|t:|1700260964\n|switch|p1a: Sneasler|Sneasler, F|26\/100\n|turn|17\n|\n|t:|1700260966\n|move|p2a: Eat With Scissors|Bullet Punch|p1a: Sneasler\n|-damage|p1a: Sneasler|0 fnt\n|faint|p1a: Sneasler\n|\n|upkeep\n|\n|t:|1700260968\n|switch|p1a: Kingambit|Kingambit, F|100\/100\n|-activate|p1a: Kingambit|ability: Supreme Overlord\n|-start|p1a: Kingambit|fallen5|[silent]\n|turn|18\n|\n|t:|1700260970\n|move|p1a: Kingambit|Swords Dance|p1a: Kingambit\n|-boost|p1a: Kingambit|atk|2\n|move|p2a: Eat With Scissors|Close Combat|p1a: Kingambit\n|-supereffective|p1a: Kingambit\n|-damage|p1a: Kingambit|0 fnt\n|-unboost|p2a: Eat With Scissors|def|1\n|-unboost|p2a: Eat With Scissors|spd|1\n|faint|p1a: Kingambit\n|-end|p1a: Kingambit|fallen5|[silent]\n|\n|win|CyberH3\n|raw|top500all's rating: 1499 &rarr; <strong>1474<\/strong><br \/>(-25 for losing)\n|raw|CyberH3's rating: 1402 &rarr; <strong>1427<\/strong><br \/>(+25 for winning)\n|l|\u2606top500all\n|c|\u2606CyberH3|gg\n","uploadtime":1700260981,"views":11,"p1id":"top500all","p2id":"cyberh3","formatid":"gen9ou","rating":1427,"private":0,"password":""}