{"id":"gen9ou-1996338490","p1":"teedu_111","p2":"evabenecosi","format":"[Gen 9] OU","log":"|j|\u2606teedu_111\n|j|\u2606evabenecosi\n|inactive|Battle timer is ON: inactive players will automatically lose when time's up.\n|t:|1700672575\n|gametype|singles\n|player|p1|teedu_111|skyla|\n|player|p2|evabenecosi|2|\n|teamsize|p1|6\n|teamsize|p2|6\n|gen|9\n|tier|[Gen 9] OU\n|rated|Tournament battle\n|rule|Sleep Clause Mod: Limit one foe put to sleep\n|rule|Species Clause: Limit one of each Pok\u00e9mon\n|rule|OHKO Clause: OHKO moves are banned\n|rule|Evasion Items Clause: Evasion items are banned\n|rule|Evasion Moves Clause: Evasion moves are banned\n|rule|Endless Battle Clause: Forcing endless battles is banned\n|rule|HP Percentage Mod: HP is shown in percentages\n|clearpoke\n|poke|p1|Zapdos|\n|poke|p1|Gholdengo|\n|poke|p1|Great Tusk|\n|poke|p1|Iron Valiant|\n|poke|p1|Rotom-Wash|\n|poke|p1|Kingambit, M|\n|poke|p2|Ditto|\n|poke|p2|Dragapult, F|\n|poke|p2|Corviknight, M|\n|poke|p2|Kingambit, M|\n|poke|p2|Gengar, F|\n|poke|p2|Gholdengo|\n|teampreview\n|j|*Lady Monita \u2746\n|inactive|teedu_111 also wants the timer to be on.\n|c|\u2606teedu_111|bro can you stop the timer for like 20 secs\n|c|\u2606teedu_111|i gotta piss\n|inactive|teedu_111 no longer wants the timer on, but the timer is staying on because staff still does.\n|c|\u2606evabenecosi|ok\n|c|\u2606teedu_111|oh\n|c|\u2606teedu_111|nvm\n|inactive|teedu_111 has 120 seconds left.\n|c|\u2606evabenecosi|?\n|inactive|teedu_111 has 90 seconds left.\n|c|\u2606teedu_111|you cant turn it off\n|\n|t:|1700672654\n|start\n|switch|p1a: Great Tusk|Great Tusk|100\/100\n|switch|p2a: Ditto|Ditto|100\/100\n|-enditem|p1a: Great Tusk|Booster Energy\n|-activate|p1a: Great Tusk|ability: Protosynthesis|[fromitem]\n|-start|p1a: Great Tusk|protosynthesisdef\n|turn|1\n|\n|t:|1700672664\n|move|p1a: Great Tusk|Knock Off|p2a: Ditto\n|-damage|p2a: Ditto|45\/100\n|-enditem|p2a: Ditto|Focus Sash|[from] move: Knock Off|[of] p1a: Great Tusk\n|move|p2a: Ditto|Transform|p1a: Great Tusk\n|-transform|p2a: Ditto|p1a: Great Tusk\n|\n|upkeep\n|turn|2\n|\n|t:|1700672674\n|move|p2a: Ditto|Stealth Rock|p1a: Great Tusk\n|-sidestart|p1: teedu_111|move: Stealth Rock\n|move|p1a: Great Tusk|Stealth Rock|p2a: Ditto\n|-sidestart|p2: evabenecosi|move: Stealth Rock\n|\n|upkeep\n|turn|3\n|\n|t:|1700672682\n|move|p2a: Ditto|Knock Off|p1a: Great Tusk\n|-resisted|p1a: Great Tusk\n|-damage|p1a: Great Tusk|96\/100\n|move|p1a: Great Tusk|Earthquake|p2a: Ditto\n|-damage|p2a: Ditto|6\/100\n|\n|upkeep\n|turn|4\n|\n|t:|1700672689\n|move|p1a: Great Tusk|Earthquake|p2a: Ditto\n|-crit|p2a: Ditto\n|-damage|p2a: Ditto|0 fnt\n|faint|p2a: Ditto\n|-end|p2a: Ditto|Protosynthesis|[silent]\n|\n|upkeep\n|\n|t:|1700672698\n|switch|p2a: Corviknight|Corviknight, M|100\/100\n|-damage|p2a: Corviknight|88\/100|[from] Stealth Rock\n|-ability|p2a: Corviknight|Pressure\n|turn|5\n|\n|t:|1700672707\n|move|p1a: Great Tusk|Knock Off|p2a: Corviknight\n|-damage|p2a: Corviknight|65\/100\n|-enditem|p2a: Corviknight|Expert Belt|[from] move: Knock Off|[of] p1a: Great Tusk\n|move|p2a: Corviknight|Air Slash|p1a: Great Tusk\n|-supereffective|p1a: Great Tusk\n|-damage|p1a: Great Tusk|54\/100\n|\n|upkeep\n|turn|6\n|\n|t:|1700672714\n|-terastallize|p2a: Corviknight|Flying\n|move|p1a: Great Tusk|Rapid Spin|p2a: Corviknight\n|-damage|p2a: Corviknight|55\/100\n|-boost|p1a: Great Tusk|spe|1\n|-sideend|p1: teedu_111|Stealth Rock|[from] move: Rapid Spin|[of] p1a: Great Tusk\n|move|p2a: Corviknight|Brave Bird|p1a: Great Tusk\n|-supereffective|p1a: Great Tusk\n|-crit|p1a: Great Tusk\n|-damage|p1a: Great Tusk|0 fnt\n|faint|p1a: Great Tusk\n|-end|p1a: Great Tusk|Protosynthesis|[silent]\n|-damage|p2a: Corviknight|36\/100|[from] Recoil\n|\n|upkeep\n|\n|t:|1700672738\n|switch|p1a: Rotom|Rotom-Wash, shiny|100\/100\n|turn|7\n|\n|t:|1700672745\n|move|p1a: Rotom|Volt Switch|p2a: Corviknight\n|-supereffective|p2a: Corviknight\n|-damage|p2a: Corviknight|0 fnt\n|faint|p2a: Corviknight\n|\n|t:|1700672750\n|switch|p1a: Iron Valiant|Iron Valiant, shiny|100\/100|[from] Volt Switch\n|\n|upkeep\n|c|\u2606evabenecosi|dam\n|\n|t:|1700672758\n|switch|p2a: Dragapult|Dragapult, F|100\/100\n|-damage|p2a: Dragapult|88\/100|[from] Stealth Rock\n|turn|8\n|\n|t:|1700672765\n|move|p1a: Iron Valiant|Moonblast|p2a: Dragapult\n|-supereffective|p2a: Dragapult\n|-damage|p2a: Dragapult|12\/100\n|move|p2a: Dragapult|Body Slam|p1a: Iron Valiant\n|-damage|p1a: Iron Valiant|68\/100\n|-status|p1a: Iron Valiant|par\n|\n|upkeep\n|turn|9\n|c|\u2606teedu_111|what is that set\n|\n|t:|1700672773\n|move|p2a: Dragapult|Double-Edge|p1a: Iron Valiant\n|-damage|p1a: Iron Valiant|18\/100 par\n|-damage|p2a: Dragapult|0 fnt|[from] Recoil\n|faint|p2a: Dragapult\n|move|p1a: Iron Valiant|Moonblast|p2: Dragapult|[notarget]\n|-fail|p1a: Iron Valiant\n|\n|upkeep\n|c|\u2606teedu_111|what\n|\n|t:|1700672781\n|switch|p2a: Gengar|Gengar, F|100\/100\n|-damage|p2a: Gengar|88\/100|[from] Stealth Rock\n|turn|10\n|\n|t:|1700672789\n|move|p1a: Iron Valiant|Moonblast|p2a: Gengar\n|-resisted|p2a: Gengar\n|-damage|p2a: Gengar|68\/100\n|move|p2a: Gengar|Foul Play|p1a: Iron Valiant\n|-resisted|p1a: Iron Valiant\n|-damage|p1a: Iron Valiant|9\/100 par\n|\n|upkeep\n|turn|11\n|c|\u2606teedu_111|huh\n|\n|t:|1700672796\n|move|p1a: Iron Valiant|Moonblast|p2a: Gengar\n|-resisted|p2a: Gengar\n|-damage|p2a: Gengar|49\/100\n|-start|p1a: Iron Valiant|Disable|Moonblast|[from] ability: Cursed Body|[of] p2a: Gengar\n|move|p2a: Gengar|Foul Play|p1a: Iron Valiant\n|-resisted|p1a: Iron Valiant\n|-damage|p1a: Iron Valiant|0 fnt\n|faint|p1a: Iron Valiant\n|-end|p1a: Iron Valiant|Quark Drive|[silent]\n|\n|upkeep\n|c|\u2606teedu_111|bro??\n|\n|t:|1700672801\n|switch|p1a: Gholdengo|Gholdengo, shiny|100\/100\n|turn|12\n|c|\u2606evabenecosi|is poison\n|\n|t:|1700672817\n|-terastallize|p1a: Gholdengo|Flying\n|move|p2a: Gengar|Dazzling Gleam|p1a: Gholdengo\n|-damage|p1a: Gholdengo|73\/100\n|move|p1a: Gholdengo|Shadow Ball|p2a: Gengar\n|-supereffective|p2a: Gengar\n|-damage|p2a: Gengar|0 fnt\n|faint|p2a: Gengar\n|\n|upkeep\n|\n|t:|1700672828\n|switch|p2a: Kingambit|Kingambit, M|100\/100\n|-damage|p2a: Kingambit|95\/100|[from] Stealth Rock\n|turn|13\n|c|\u2606teedu_111|what\n|\n|t:|1700672837\n|switch|p1a: Zapdos|Zapdos, shiny|100\/100\n|move|p2a: Kingambit|Brick Break|p1a: Zapdos\n|-resisted|p1a: Zapdos\n|-damage|p1a: Zapdos|86\/100\n|-damage|p2a: Kingambit|78\/100|[from] item: Rocky Helmet|[of] p1a: Zapdos\n|\n|-heal|p2a: Kingambit|84\/100|[from] item: Leftovers\n|upkeep\n|turn|14\n|\n|t:|1700672848\n|move|p1a: Zapdos|Heat Wave|p2a: Kingambit\n|-supereffective|p2a: Kingambit\n|-damage|p2a: Kingambit|16\/100\n|move|p2a: Kingambit|Dark Pulse|p1a: Zapdos\n|-damage|p1a: Zapdos|58\/100\n|\n|-heal|p2a: Kingambit|22\/100|[from] item: Leftovers\n|upkeep\n|turn|15\n|\n|t:|1700672860\n|move|p1a: Zapdos|Heat Wave|p2a: Kingambit\n|-supereffective|p2a: Kingambit\n|-damage|p2a: Kingambit|0 fnt\n|faint|p2a: Kingambit\n|\n|upkeep\n|\n|t:|1700672865\n|switch|p2a: Gholdengo|Gholdengo|100\/100\n|-damage|p2a: Gholdengo|94\/100|[from] Stealth Rock\n|turn|16\n|\n|t:|1700672872\n|-singleturn|p2a: Gholdengo|move: Focus Punch\n|move|p1a: Zapdos|Heat Wave|p2a: Gholdengo\n|-supereffective|p2a: Gholdengo\n|-damage|p2a: Gholdengo|19\/100\n|cant|p2a: Gholdengo|Focus Punch|Focus Punch\n|\n|upkeep\n|turn|17\n|\n|t:|1700672882\n|move|p1a: Zapdos|Volt Switch|p2a: Gholdengo\n|-damage|p2a: Gholdengo|0 fnt\n|faint|p2a: Gholdengo\n|\n|win|teedu_111\n|n|\u2606teedu_111|teedu111\n|n|\u2606evabenecosi|evabenecosi\n|n|*Lady Monita \u2746|ladymonita\n|l|*Lady Monita \u2746\n|c|\u2606teedu_111|gg ig\n|c|\u2606evabenecosi|gg\n","uploadtime":1700672891,"views":4,"p1id":"teedu111","p2id":"evabenecosi","formatid":"gen9ou","rating":0,"private":0,"password":""}