{"id":"gen9ou-1995149491","p1":"HawthorneSouthside","p2":"b00mie","format":"[Gen 9] OU","log":"|j|\u2606HawthorneSouthside\n|j|\u2606b00mie\n|t:|1700528096\n|gametype|singles\n|player|p1|HawthorneSouthside|janitor|1116\n|player|p2|b00mie|clown|1116\n|teamsize|p1|6\n|teamsize|p2|6\n|gen|9\n|tier|[Gen 9] OU\n|rated|\n|rule|Sleep Clause Mod: Limit one foe put to sleep\n|rule|Species Clause: Limit one of each Pok\u00e9mon\n|rule|OHKO Clause: OHKO moves are banned\n|rule|Evasion Items Clause: Evasion items are banned\n|rule|Evasion Moves Clause: Evasion moves are banned\n|rule|Endless Battle Clause: Forcing endless battles is banned\n|rule|HP Percentage Mod: HP is shown in percentages\n|clearpoke\n|poke|p1|Gholdengo|\n|poke|p1|Dragapult, F|\n|poke|p1|Rillaboom, F|\n|poke|p1|Hawlucha, F|\n|poke|p1|Iron Valiant|\n|poke|p1|Kingambit, F|\n|poke|p2|Zamazenta-*|\n|poke|p2|Goodra-Hisui, F|\n|poke|p2|Glimmora, F|\n|poke|p2|Skeledirge, M|\n|poke|p2|Greninja-*, M|\n|poke|p2|Hatterene, F|\n|teampreview\n|inactive|Battle timer is ON: inactive players will automatically lose when time's up. (requested by HawthorneSouthside)\n|\n|t:|1700528136\n|start\n|switch|p1a: Dragapult|Dragapult, F|100\/100\n|switch|p2a: Hatterene|Hatterene, F|100\/100\n|turn|1\n|inactive|HawthorneSouthside has 120 seconds left.\n|\n|t:|1700528171\n|move|p1a: Dragapult|Light Screen|p1a: Dragapult\n|-sidestart|p1: HawthorneSouthside|move: Light Screen\n|move|p2a: Hatterene|Dazzling Gleam|p1a: Dragapult\n|-supereffective|p1a: Dragapult\n|-damage|p1a: Dragapult|42\/100\n|\n|upkeep\n|turn|2\n|\n|t:|1700528178\n|move|p1a: Dragapult|Reflect|p1a: Dragapult\n|-sidestart|p1: HawthorneSouthside|Reflect\n|move|p2a: Hatterene|Dazzling Gleam|p1a: Dragapult\n|-supereffective|p1a: Dragapult\n|-damage|p1a: Dragapult|0 fnt\n|faint|p1a: Dragapult\n|\n|upkeep\n|\n|t:|1700528185\n|switch|p1a: Rillaboom|Rillaboom, F|100\/100\n|-fieldstart|move: Grassy Terrain|[from] ability: Grassy Surge|[of] p1a: Rillaboom\n|turn|3\n|\n|t:|1700528190\n|move|p1a: Rillaboom|U-turn|p2a: Hatterene\n|-damage|p2a: Hatterene|57\/100\n|\n|t:|1700528194\n|switch|p1a: Gholdengo|Gholdengo|100\/100|[from] U-turn\n|move|p2a: Hatterene|Mystical Fire|p1a: Gholdengo\n|-supereffective|p1a: Gholdengo\n|-damage|p1a: Gholdengo|69\/100\n|-unboost|p1a: Gholdengo|spa|1\n|\n|-heal|p1a: Gholdengo|75\/100|[from] Grassy Terrain\n|-heal|p2a: Hatterene|63\/100|[from] Grassy Terrain\n|-heal|p2a: Hatterene|69\/100|[from] item: Leftovers\n|upkeep\n|turn|4\n|\n|t:|1700528207\n|switch|p2a: Goodra|Goodra-Hisui, F|100\/100\n|move|p1a: Gholdengo|Nasty Plot|p1a: Gholdengo\n|-boost|p1a: Gholdengo|spa|2\n|\n|-heal|p1a: Gholdengo|81\/100|[from] Grassy Terrain\n|upkeep\n|turn|5\n|\n|t:|1700528216\n|move|p1a: Gholdengo|Substitute|p1a: Gholdengo\n|-start|p1a: Gholdengo|Substitute\n|-damage|p1a: Gholdengo|56\/100\n|move|p2a: Goodra|Surf|p1a: Gholdengo\n|-activate|p1a: Gholdengo|move: Substitute|[damage]\n|\n|-heal|p1a: Gholdengo|63\/100|[from] Grassy Terrain\n|upkeep\n|turn|6\n|\n|t:|1700528223\n|move|p1a: Gholdengo|Nasty Plot|p1a: Gholdengo\n|-boost|p1a: Gholdengo|spa|2\n|move|p2a: Goodra|Surf|p1a: Gholdengo\n|-end|p1a: Gholdengo|Substitute\n|\n|-heal|p1a: Gholdengo|69\/100|[from] Grassy Terrain\n|upkeep\n|turn|7\n|\n|t:|1700528230\n|move|p1a: Gholdengo|Substitute|p1a: Gholdengo\n|-start|p1a: Gholdengo|Substitute\n|-damage|p1a: Gholdengo|44\/100\n|move|p2a: Goodra|Surf|p1a: Gholdengo\n|-activate|p1a: Gholdengo|move: Substitute|[damage]\n|\n|-heal|p1a: Gholdengo|50\/100|[from] Grassy Terrain\n|-fieldend|move: Grassy Terrain\n|upkeep\n|turn|8\n|\n|t:|1700528253\n|move|p1a: Gholdengo|Shadow Ball|p2a: Goodra\n|-damage|p2a: Goodra|53\/100\n|move|p2a: Goodra|Surf|p1a: Gholdengo\n|-end|p1a: Gholdengo|Substitute\n|\n|-sideend|p1: HawthorneSouthside|move: Light Screen\n|upkeep\n|turn|9\n|\n|t:|1700528261\n|move|p1a: Gholdengo|Substitute|p1a: Gholdengo\n|-start|p1a: Gholdengo|Substitute\n|-damage|p1a: Gholdengo|25\/100\n|-enditem|p1a: Gholdengo|Salac Berry|[eat]\n|-boost|p1a: Gholdengo|spe|1|[from] item: Salac Berry\n|move|p2a: Goodra|Surf|p1a: Gholdengo\n|-end|p1a: Gholdengo|Substitute\n|\n|-sideend|p1: HawthorneSouthside|Reflect\n|upkeep\n|turn|10\n|\n|t:|1700528269\n|move|p1a: Gholdengo|Focus Blast|p2a: Goodra|[miss]\n|-miss|p1a: Gholdengo|p2a: Goodra\n|move|p2a: Goodra|Surf|p1a: Gholdengo\n|-damage|p1a: Gholdengo|0 fnt\n|faint|p1a: Gholdengo\n|\n|upkeep\n|c|\u2606b00mie|oop\n|\n|t:|1700528276\n|switch|p1a: Rillaboom|Rillaboom, F|100\/100\n|-fieldstart|move: Grassy Terrain|[from] ability: Grassy Surge|[of] p1a: Rillaboom\n|turn|11\n|\n|t:|1700528283\n|move|p1a: Rillaboom|U-turn|p2a: Goodra\n|-resisted|p2a: Goodra\n|-damage|p2a: Goodra|32\/100\n|\n|t:|1700528288\n|switch|p1a: Iron Valiant|Iron Valiant|100\/100|[from] U-turn\n|-enditem|p1a: Iron Valiant|Booster Energy\n|-activate|p1a: Iron Valiant|ability: Quark Drive|[fromitem]\n|-start|p1a: Iron Valiant|quarkdrivespe\n|move|p2a: Goodra|Ice Beam|p1a: Iron Valiant\n|-damage|p1a: Iron Valiant|42\/100\n|\n|-heal|p1a: Iron Valiant|48\/100|[from] Grassy Terrain\n|-heal|p2a: Goodra|38\/100|[from] Grassy Terrain\n|upkeep\n|turn|12\n|\n|t:|1700528302\n|move|p1a: Iron Valiant|Calm Mind|p1a: Iron Valiant\n|-boost|p1a: Iron Valiant|spa|1\n|-boost|p1a: Iron Valiant|spd|1\n|move|p2a: Goodra|Ice Beam|p1a: Iron Valiant\n|-damage|p1a: Iron Valiant|13\/100\n|\n|-heal|p1a: Iron Valiant|19\/100|[from] Grassy Terrain\n|-heal|p2a: Goodra|45\/100|[from] Grassy Terrain\n|upkeep\n|turn|13\n|inactive|HawthorneSouthside has 120 seconds left.\n|\n|t:|1700528338\n|move|p1a: Iron Valiant|Moonblast|p2a: Goodra\n|-damage|p2a: Goodra|13\/100\n|-unboost|p2a: Goodra|spa|1\n|move|p2a: Goodra|Flash Cannon|p1a: Iron Valiant\n|-supereffective|p1a: Iron Valiant\n|-damage|p1a: Iron Valiant|0 fnt\n|faint|p1a: Iron Valiant\n|-end|p1a: Iron Valiant|Quark Drive|[silent]\n|\n|-heal|p2a: Goodra|19\/100|[from] Grassy Terrain\n|upkeep\n|\n|t:|1700528345\n|switch|p1a: Hawlucha|Hawlucha, F|100\/100\n|-enditem|p1a: Hawlucha|Grassy Seed\n|-boost|p1a: Hawlucha|def|1|[from] item: Grassy Seed\n|turn|14\n|inactive|HawthorneSouthside has 120 seconds left.\n|\n|t:|1700528376\n|switch|p2a: Zamazenta|Zamazenta|100\/100\n|-ability|p2a: Zamazenta|Dauntless Shield|boost\n|-boost|p2a: Zamazenta|def|1\n|-terastallize|p1a: Hawlucha|Dark\n|move|p1a: Hawlucha|Swords Dance|p1a: Hawlucha\n|-boost|p1a: Hawlucha|atk|2\n|\n|upkeep\n|turn|15\n|\n|t:|1700528388\n|move|p1a: Hawlucha|Acrobatics|p2a: Zamazenta\n|-supereffective|p2a: Zamazenta\n|-damage|p2a: Zamazenta|0 fnt\n|-damage|p1a: Hawlucha|84\/100|[from] item: Rocky Helmet|[of] p2a: Zamazenta\n|faint|p2a: Zamazenta\n|\n|-heal|p1a: Hawlucha|90\/100|[from] Grassy Terrain\n|-fieldend|move: Grassy Terrain\n|upkeep\n|\n|t:|1700528398\n|switch|p2a: Glimmora|Glimmora, F|100\/100\n|turn|16\n|inactive|HawthorneSouthside has 90 seconds left.\n|\n|t:|1700528448\n|move|p1a: Hawlucha|Tera Blast|p2a: Glimmora|[anim] Tera Blast Dark\n|-damage|p2a: Glimmora|10\/100\n|move|p2a: Glimmora|Toxic|p1a: Hawlucha\n|-status|p1a: Hawlucha|tox\n|\n|-damage|p1a: Hawlucha|84\/100 tox|[from] psn\n|upkeep\n|turn|17\n|inactive|b00mie has 120 seconds left.\n|\n|t:|1700528478\n|move|p1a: Hawlucha|Tera Blast|p2a: Glimmora|[anim] Tera Blast Dark\n|-damage|p2a: Glimmora|0 fnt\n|faint|p2a: Glimmora\n|\n|-damage|p1a: Hawlucha|72\/100 tox|[from] psn\n|upkeep\n|inactive|b00mie has 120 seconds left.\n|\n|t:|1700528491\n|switch|p2a: Goodra|Goodra-Hisui, F|19\/100\n|turn|18\n|inactive|b00mie has 120 seconds left.\n|\n|t:|1700528507\n|move|p1a: Hawlucha|Drain Punch|p2a: Goodra\n|-supereffective|p2a: Goodra\n|-damage|p2a: Goodra|0 fnt\n|-heal|p1a: Hawlucha|80\/100 tox|[from] drain|[of] p2a: Goodra\n|faint|p2a: Goodra\n|\n|-damage|p1a: Hawlucha|62\/100 tox|[from] psn\n|upkeep\n|\n|t:|1700528515\n|switch|p2a: Hatterene|Hatterene, F|69\/100\n|turn|19\n|\n|t:|1700528525\n|move|p1a: Hawlucha|Acrobatics|p2a: Hatterene\n|-damage|p2a: Hatterene|0 fnt\n|faint|p2a: Hatterene\n|\n|-damage|p1a: Hawlucha|38\/100 tox|[from] psn\n|upkeep\n|\n|t:|1700528531\n|switch|p2a: Greninja|Greninja, M|100\/100\n|turn|20\n|inactive|b00mie has 120 seconds left.\n|\n|t:|1700528540\n|move|p2a: Greninja|Water Shuriken|p1a: Hawlucha\n|-damage|p1a: Hawlucha|27\/100 tox\n|-damage|p1a: Hawlucha|17\/100 tox\n|-damage|p1a: Hawlucha|7\/100 tox\n|-damage|p1a: Hawlucha|0 fnt\n|faint|p1a: Hawlucha\n|-ability|p2a: Greninja|Battle Bond|boost\n|-boost|p2a: Greninja|atk|1\n|-boost|p2a: Greninja|spa|1\n|-boost|p2a: Greninja|spe|1\n|-activate|p2a: Greninja|ability: Battle Bond\n|-hitcount|p1: Hawlucha|4\n|\n|upkeep\n|\n|t:|1700528544\n|switch|p1a: Rillaboom|Rillaboom, F|100\/100\n|-fieldstart|move: Grassy Terrain|[from] ability: Grassy Surge|[of] p1a: Rillaboom\n|turn|21\n|inactive|HawthorneSouthside has 120 seconds left.\n|\n|t:|1700528557\n|switch|p2a: Skeledirge|Skeledirge, M|100\/100\n|move|p1a: Rillaboom|Grassy Glide|p2a: Skeledirge\n|-resisted|p2a: Skeledirge\n|-damage|p2a: Skeledirge|78\/100\n|\n|-heal|p2a: Skeledirge|84\/100|[from] Grassy Terrain\n|upkeep\n|turn|22\n|\n|t:|1700528565\n|switch|p1a: Kingambit|Kingambit, F|100\/100\n|-activate|p1a: Kingambit|ability: Supreme Overlord\n|-start|p1a: Kingambit|fallen4|[silent]\n|move|p2a: Skeledirge|Torch Song|p1a: Kingambit\n|-supereffective|p1a: Kingambit\n|-damage|p1a: Kingambit|19\/100\n|-boost|p2a: Skeledirge|spa|1\n|\n|-heal|p2a: Skeledirge|90\/100|[from] Grassy Terrain\n|-heal|p1a: Kingambit|25\/100|[from] Grassy Terrain\n|-heal|p1a: Kingambit|32\/100|[from] item: Leftovers\n|upkeep\n|turn|23\n|\n|t:|1700528577\n|switch|p2a: Greninja|Greninja, M|100\/100\n|move|p1a: Kingambit|Kowtow Cleave|p2a: Greninja\n|-resisted|p2a: Greninja\n|-damage|p2a: Greninja|47\/100\n|\n|-heal|p2a: Greninja|53\/100|[from] Grassy Terrain\n|-heal|p1a: Kingambit|38\/100|[from] Grassy Terrain\n|-heal|p1a: Kingambit|44\/100|[from] item: Leftovers\n|upkeep\n|turn|24\n|\n|t:|1700528589\n|move|p2a: Greninja|Water Shuriken|p1a: Kingambit\n|-damage|p1a: Kingambit|37\/100\n|-damage|p1a: Kingambit|30\/100\n|-damage|p1a: Kingambit|22\/100\n|-damage|p1a: Kingambit|14\/100\n|-damage|p1a: Kingambit|7\/100\n|-hitcount|p1a: Kingambit|5\n|move|p1a: Kingambit|Kowtow Cleave|p2a: Greninja\n|-resisted|p2a: Greninja\n|-damage|p2a: Greninja|0 fnt\n|faint|p2a: Greninja\n|\n|-heal|p1a: Kingambit|13\/100|[from] Grassy Terrain\n|-heal|p1a: Kingambit|19\/100|[from] item: Leftovers\n|upkeep\n|\n|t:|1700528603\n|switch|p2a: Skeledirge|Skeledirge, M|90\/100\n|turn|25\n|\n|t:|1700528619\n|-terastallize|p2a: Skeledirge|Flying\n|move|p1a: Kingambit|Sucker Punch|p2a: Skeledirge\n|-damage|p2a: Skeledirge|39\/100\n|move|p2a: Skeledirge|Torch Song|p1a: Kingambit\n|-supereffective|p1a: Kingambit\n|-damage|p1a: Kingambit|0 fnt\n|-boost|p2a: Skeledirge|spa|1\n|faint|p1a: Kingambit\n|-end|p1a: Kingambit|fallen4|[silent]\n|\n|-fieldend|move: Grassy Terrain\n|upkeep\n|\n|t:|1700528623\n|switch|p1a: Rillaboom|Rillaboom, F|100\/100\n|-fieldstart|move: Grassy Terrain|[from] ability: Grassy Surge|[of] p1a: Rillaboom\n|turn|26\n|inactive|HawthorneSouthside has 120 seconds left.\n|\n|t:|1700528656\n|move|p1a: Rillaboom|Wood Hammer|p2a: Skeledirge\n|-resisted|p2a: Skeledirge\n|-damage|p2a: Skeledirge|0 fnt\n|faint|p2a: Skeledirge\n|-damage|p1a: Rillaboom|85\/100|[from] Recoil\n|\n|win|HawthorneSouthside\n|raw|HawthorneSouthside's rating: 1116 &rarr; <strong>1141<\/strong><br \/>(+25 for winning)\n|raw|b00mie's rating: 1116 &rarr; <strong>1091<\/strong><br \/>(-25 for losing)\n|l|\u2606b00mie\n|c|\u2606HawthorneSouthside|gg\n","uploadtime":1700528669,"views":6,"p1id":"hawthornesouthside","p2id":"b00mie","formatid":"gen9ou","rating":1091,"private":0,"password":""}