{"id":"gen9ou-1988388256","p1":"Vactin","p2":"MukYaUp","format":"[Gen 9] OU","log":"|j|\u2606Vactin\n|j|\u2606MukYaUp\n|t:|1699717308\n|gametype|singles\n|player|p1|Vactin|nate|1127\n|player|p2|MukYaUp|koga|1164\n|teamsize|p1|6\n|teamsize|p2|6\n|gen|9\n|tier|[Gen 9] OU\n|rated|\n|rule|Sleep Clause Mod: Limit one foe put to sleep\n|rule|Species Clause: Limit one of each Pok\u00e9mon\n|rule|OHKO Clause: OHKO moves are banned\n|rule|Evasion Items Clause: Evasion items are banned\n|rule|Evasion Moves Clause: Evasion moves are banned\n|rule|Endless Battle Clause: Forcing endless battles is banned\n|rule|HP Percentage Mod: HP is shown in percentages\n|clearpoke\n|poke|p1|Zamazenta-*|\n|poke|p1|Zapdos|\n|poke|p1|Greninja-*, M|\n|poke|p1|Great Tusk|\n|poke|p1|Slowking-Galar, F|\n|poke|p1|Heatran, M|\n|poke|p2|Maushold-Four|\n|poke|p2|Weezing-Galar, F|\n|poke|p2|Dragonite, M|\n|poke|p2|Walking Wake|\n|poke|p2|Muk-Alola, F|\n|poke|p2|Great Tusk|\n|teampreview\n|\n|t:|1699717321\n|start\n|switch|p1a: FLANT FLANT|Great Tusk|100\/100\n|switch|p2a: WalkingMid|Walking Wake|100\/100\n|turn|1\n|inactive|Battle timer is ON: inactive players will automatically lose when time's up. (requested by MukYaUp)\n|\n|t:|1699717329\n|-end|p1a: FLANT FLANT|Protosynthesis|[silent]\n|switch|p1a: ZZZZ|Slowking-Galar, F|100\/100\n|move|p2a: WalkingMid|Hydro Steam|p1a: ZZZZ\n|-damage|p1a: ZZZZ|77\/100\n|\n|upkeep\n|turn|2\n|\n|t:|1699717338\n|-end|p2a: WalkingMid|Protosynthesis|[silent]\n|switch|p2a: Pride \ud83c\udf08|Muk-Alola, F|100\/100\n|move|p1a: ZZZZ|Sludge Bomb|p2a: Pride \ud83c\udf08\n|-resisted|p2a: Pride \ud83c\udf08\n|-damage|p2a: Pride \ud83c\udf08|91\/100\n|\n|-heal|p2a: Pride \ud83c\udf08|97\/100|[from] item: Black Sludge\n|upkeep\n|turn|3\n|\n|t:|1699717350\n|switch|p1a: FLOOOO|Heatran, M|100\/100\n|move|p2a: Pride \ud83c\udf08|Knock Off|p1a: FLOOOO\n|-damage|p1a: FLOOOO|72\/100\n|-enditem|p1a: FLOOOO|Leftovers|[from] move: Knock Off|[of] p2a: Pride \ud83c\udf08\n|\n|-heal|p2a: Pride \ud83c\udf08|100\/100|[from] item: Black Sludge\n|upkeep\n|turn|4\n|\n|t:|1699717358\n|move|p1a: FLOOOO|Earth Power|p2a: Pride \ud83c\udf08\n|-supereffective|p2a: Pride \ud83c\udf08\n|-damage|p2a: Pride \ud83c\udf08|68\/100\n|move|p2a: Pride \ud83c\udf08|Drain Punch|p1a: FLOOOO\n|-supereffective|p1a: FLOOOO\n|-damage|p1a: FLOOOO|39\/100\n|-heal|p2a: Pride \ud83c\udf08|83\/100|[from] drain|[of] p1a: FLOOOO\n|\n|-heal|p2a: Pride \ud83c\udf08|89\/100|[from] item: Black Sludge\n|upkeep\n|turn|5\n|\n|t:|1699717367\n|move|p1a: FLOOOO|Will-O-Wisp|p2a: Pride \ud83c\udf08\n|-status|p2a: Pride \ud83c\udf08|brn\n|move|p2a: Pride \ud83c\udf08|Drain Punch|p1a: FLOOOO\n|-supereffective|p1a: FLOOOO\n|-damage|p1a: FLOOOO|25\/100\n|-heal|p2a: Pride \ud83c\udf08|95\/100 brn|[from] drain|[of] p1a: FLOOOO\n|\n|-heal|p2a: Pride \ud83c\udf08|100\/100 brn|[from] item: Black Sludge\n|-damage|p2a: Pride \ud83c\udf08|94\/100 brn|[from] brn\n|upkeep\n|turn|6\n|\n|t:|1699717378\n|switch|p1a: PZZZZ|Zapdos|100\/100\n|move|p2a: Pride \ud83c\udf08|Drain Punch|p1a: PZZZZ\n|-resisted|p1a: PZZZZ\n|-damage|p1a: PZZZZ|96\/100\n|-heal|p2a: Pride \ud83c\udf08|96\/100 brn|[from] drain|[of] p1a: PZZZZ\n|\n|-heal|p2a: Pride \ud83c\udf08|100\/100 brn|[from] item: Black Sludge\n|-damage|p2a: Pride \ud83c\udf08|94\/100 brn|[from] brn\n|upkeep\n|turn|7\n|\n|t:|1699717386\n|move|p1a: PZZZZ|Hurricane|p2a: Pride \ud83c\udf08|[miss]\n|-miss|p1a: PZZZZ|p2a: Pride \ud83c\udf08\n|move|p2a: Pride \ud83c\udf08|Knock Off|p1a: PZZZZ\n|-damage|p1a: PZZZZ|78\/100\n|-status|p1a: PZZZZ|psn|[from] ability: Poison Touch|[of] p2a: Pride \ud83c\udf08\n|-enditem|p1a: PZZZZ|Heavy-Duty Boots|[from] move: Knock Off|[of] p2a: Pride \ud83c\udf08\n|\n|-heal|p2a: Pride \ud83c\udf08|100\/100 brn|[from] item: Black Sludge\n|-damage|p1a: PZZZZ|66\/100 psn|[from] psn\n|-damage|p2a: Pride \ud83c\udf08|94\/100 brn|[from] brn\n|upkeep\n|turn|8\n|\n|t:|1699717407\n|move|p1a: PZZZZ|Hurricane|p2a: Pride \ud83c\udf08\n|-damage|p2a: Pride \ud83c\udf08|64\/100 brn\n|move|p2a: Pride \ud83c\udf08|Poison Jab|p1a: PZZZZ\n|-damage|p1a: PZZZZ|52\/100 psn\n|\n|-heal|p2a: Pride \ud83c\udf08|70\/100 brn|[from] item: Black Sludge\n|-damage|p1a: PZZZZ|40\/100 psn|[from] psn\n|-damage|p2a: Pride \ud83c\udf08|64\/100 brn|[from] brn\n|upkeep\n|turn|9\n|\n|t:|1699717423\n|switch|p1a: WAOUF|Zamazenta|100\/100\n|-ability|p1a: WAOUF|Dauntless Shield|boost\n|-boost|p1a: WAOUF|def|1\n|switch|p2a: ChinaAttacks|Maushold-Four|100\/100\n|\n|upkeep\n|turn|10\n|\n|t:|1699717433\n|move|p1a: WAOUF|Iron Defense|p1a: WAOUF\n|-boost|p1a: WAOUF|def|2\n|move|p2a: ChinaAttacks|Encore|p1a: WAOUF\n|-start|p1a: WAOUF|Encore\n|\n|upkeep\n|turn|11\n|\n|t:|1699717446\n|switch|p1a: FLANT FLANT|Great Tusk|100\/100\n|move|p2a: ChinaAttacks|Tidy Up|p2a: ChinaAttacks\n|-boost|p2a: ChinaAttacks|atk|1\n|-boost|p2a: ChinaAttacks|spe|1\n|\n|upkeep\n|turn|12\n|\n|t:|1699717455\n|move|p2a: ChinaAttacks|Population Bomb|p1a: FLANT FLANT\n|-damage|p1a: FLANT FLANT|93\/100\n|-damage|p1a: FLANT FLANT|84\/100\n|-damage|p1a: FLANT FLANT|76\/100\n|-damage|p1a: FLANT FLANT|69\/100\n|-damage|p1a: FLANT FLANT|60\/100\n|-damage|p1a: FLANT FLANT|53\/100\n|-damage|p1a: FLANT FLANT|44\/100\n|-damage|p1a: FLANT FLANT|36\/100\n|-damage|p1a: FLANT FLANT|28\/100\n|-crit|p1a: FLANT FLANT\n|-damage|p1a: FLANT FLANT|15\/100\n|-hitcount|p1a: FLANT FLANT|10\n|move|p1a: FLANT FLANT|Stealth Rock|p2a: ChinaAttacks\n|-sidestart|p2: MukYaUp|move: Stealth Rock\n|\n|-heal|p1a: FLANT FLANT|21\/100|[from] item: Leftovers\n|upkeep\n|turn|13\n|\n|t:|1699717484\n|move|p2a: ChinaAttacks|Encore|p1a: FLANT FLANT\n|-start|p1a: FLANT FLANT|Encore\n|move|p1a: FLANT FLANT|Stealth Rock||[still]\n|-fail|p1a: FLANT FLANT\n|\n|-heal|p1a: FLANT FLANT|27\/100|[from] item: Leftovers\n|upkeep\n|turn|14\n|\n|t:|1699717493\n|-end|p1a: FLANT FLANT|Protosynthesis|[silent]\n|switch|p1a: ZZZZ|Slowking-Galar, F|100\/100\n|move|p2a: ChinaAttacks|Tidy Up|p2a: ChinaAttacks\n|-sideend|p2: MukYaUp|Stealth Rock\n|-activate|p2a: ChinaAttacks|move: Tidy Up\n|-boost|p2a: ChinaAttacks|atk|1\n|-boost|p2a: ChinaAttacks|spe|1\n|\n|upkeep\n|turn|15\n|\n|t:|1699717497\n|move|p2a: ChinaAttacks|Population Bomb|p1a: ZZZZ\n|-damage|p1a: ZZZZ|80\/100\n|-damage|p1a: ZZZZ|58\/100\n|-damage|p1a: ZZZZ|34\/100\n|-damage|p1a: ZZZZ|13\/100\n|-damage|p1a: ZZZZ|0 fnt\n|faint|p1a: ZZZZ\n|-hitcount|p1: ZZZZ|5\n|\n|upkeep\n|\n|t:|1699717506\n|switch|p1a: WAOUF|Zamazenta|100\/100\n|turn|16\n|\n|t:|1699717509\n|move|p2a: ChinaAttacks|Population Bomb|p1a: WAOUF\n|-crit|p1a: WAOUF\n|-damage|p1a: WAOUF|78\/100\n|-damage|p1a: WAOUF|61\/100\n|-damage|p1a: WAOUF|45\/100\n|-damage|p1a: WAOUF|30\/100\n|-damage|p1a: WAOUF|13\/100\n|-damage|p1a: WAOUF|0 fnt\n|faint|p1a: WAOUF\n|-hitcount|p1: WAOUF|6\n|\n|upkeep\n|-message|Vactin forfeited.\n|\n|win|MukYaUp\n|raw|Vactin's rating: 1127 &rarr; <strong>1105<\/strong><br \/>(-22 for losing)\n|raw|MukYaUp's rating: 1164 &rarr; <strong>1186<\/strong><br \/>(+22 for winning)\n|l|\u2606Vactin\n","uploadtime":1699717522,"views":20,"p1id":"vactin","p2id":"mukyaup","formatid":"gen9ou","rating":1105,"private":0,"password":""}