{"id":"gen9ou-1997586115","p1":"WestminsterWarrior","p2":"Diatere","format":"[Gen 9] OU","log":"|j|\u2606WestminsterWarrior\n|j|\u2606Diatere\n|t:|1700829377\n|gametype|singles\n|player|p1|WestminsterWarrior|dawn|1336\n|player|p2|Diatere|mina|1430\n|teamsize|p1|6\n|teamsize|p2|6\n|gen|9\n|tier|[Gen 9] OU\n|rated|\n|rule|Sleep Clause Mod: Limit one foe put to sleep\n|rule|Species Clause: Limit one of each Pok\u00e9mon\n|rule|OHKO Clause: OHKO moves are banned\n|rule|Evasion Items Clause: Evasion items are banned\n|rule|Evasion Moves Clause: Evasion moves are banned\n|rule|Endless Battle Clause: Forcing endless battles is banned\n|rule|HP Percentage Mod: HP is shown in percentages\n|clearpoke\n|poke|p1|Greninja-*, M|\n|poke|p1|Skeledirge, F|\n|poke|p1|Amoonguss, M|\n|poke|p1|Iron Treads|\n|poke|p1|Zapdos|\n|poke|p1|Iron Valiant|\n|poke|p2|Ninetales-Alola, M|\n|poke|p2|Hatterene, F|\n|poke|p2|Manaphy|\n|poke|p2|Ogerpon-Cornerstone, F|\n|poke|p2|Rillaboom, M|\n|poke|p2|Iron Valiant|\n|teampreview\n|inactive|Battle timer is ON: inactive players will automatically lose when time's up. (requested by WestminsterWarrior)\n|inactive|WestminsterWarrior has 120 seconds left.\n|\n|t:|1700829417\n|start\n|switch|p1a: Skeledirge|Skeledirge, F|100\/100\n|switch|p2a: Tavros|Ninetales-Alola, M|100\/100\n|-weather|Snow|[from] ability: Snow Warning|[of] p2a: Tavros\n|turn|1\n|\n|t:|1700829420\n|move|p2a: Tavros|Aurora Veil|p2a: Tavros\n|-sidestart|p2: Diatere|move: Aurora Veil\n|move|p1a: Skeledirge|Torch Song|p2a: Tavros\n|-supereffective|p2a: Tavros\n|-damage|p2a: Tavros|70\/100\n|-boost|p1a: Skeledirge|spa|1\n|\n|-weather|Snow|[upkeep]\n|upkeep\n|turn|2\n|\n|t:|1700829428\n|switch|p2a: Karkat|Manaphy|100\/100\n|move|p1a: Skeledirge|Substitute|p1a: Skeledirge\n|-start|p1a: Skeledirge|Substitute\n|-damage|p1a: Skeledirge|75\/100\n|\n|-weather|Snow|[upkeep]\n|upkeep\n|turn|3\n|\n|t:|1700829435\n|move|p2a: Karkat|Scald|p1a: Skeledirge\n|-supereffective|p1a: Skeledirge\n|-end|p1a: Skeledirge|Substitute\n|move|p1a: Skeledirge|Shadow Ball|p2a: Karkat\n|-damage|p2a: Karkat|81\/100\n|\n|-weather|Snow|[upkeep]\n|-heal|p2a: Karkat|87\/100|[from] item: Leftovers\n|upkeep\n|turn|4\n|\n|t:|1700829441\n|switch|p1a: Amoonguss|Amoonguss, M|100\/100\n|move|p2a: Karkat|Scald|p1a: Amoonguss\n|-resisted|p1a: Amoonguss\n|-damage|p1a: Amoonguss|85\/100\n|-enditem|p1a: Amoonguss|Red Card|[of] p2a: Karkat\n|drag|p2a: Tavros|Ninetales-Alola, M|70\/100\n|\n|-weather|Snow|[upkeep]\n|upkeep\n|turn|5\n|\n|t:|1700829460\n|switch|p2a: Gamzee|Rillaboom, M|100\/100\n|-fieldstart|move: Grassy Terrain|[from] ability: Grassy Surge|[of] p2a: Gamzee\n|move|p1a: Amoonguss|Spore|p2a: Gamzee\n|-immune|p2a: Gamzee\n|\n|-weather|none\n|-heal|p1a: Amoonguss|92\/100|[from] Grassy Terrain\n|upkeep\n|turn|6\n|\n|t:|1700829468\n|move|p2a: Gamzee|U-turn|p1a: Amoonguss\n|-damage|p1a: Amoonguss|65\/100\n|\n|t:|1700829473\n|switch|p2a: Kanaya|Hatterene, F|100\/100|[from] U-turn\n|-enditem|p2a: Kanaya|Grassy Seed\n|-boost|p2a: Kanaya|def|1|[from] item: Grassy Seed\n|move|p1a: Amoonguss|Sludge Bomb|p2a: Kanaya\n|-supereffective|p2a: Kanaya\n|-damage|p2a: Kanaya|71\/100\n|\n|-heal|p2a: Kanaya|77\/100|[from] Grassy Terrain\n|-heal|p1a: Amoonguss|72\/100|[from] Grassy Terrain\n|upkeep\n|turn|7\n|\n|t:|1700829492\n|switch|p1a: Skeledirge|Skeledirge, F|75\/100\n|move|p2a: Kanaya|Calm Mind|p2a: Kanaya\n|-boost|p2a: Kanaya|spa|1\n|-boost|p2a: Kanaya|spd|1\n|\n|-heal|p1a: Skeledirge|82\/100|[from] Grassy Terrain\n|-heal|p2a: Kanaya|83\/100|[from] Grassy Terrain\n|upkeep\n|turn|8\n|\n|t:|1700829513\n|move|p1a: Skeledirge|Torch Song|p2a: Kanaya\n|-damage|p2a: Kanaya|68\/100\n|-boost|p1a: Skeledirge|spa|1\n|move|p2a: Kanaya|Psyshock|p1a: Skeledirge\n|-damage|p1a: Skeledirge|57\/100\n|\n|-heal|p1a: Skeledirge|63\/100|[from] Grassy Terrain\n|-heal|p2a: Kanaya|74\/100|[from] Grassy Terrain\n|-sideend|p2: Diatere|move: Aurora Veil\n|upkeep\n|turn|9\n|\n|t:|1700829527\n|move|p1a: Skeledirge|Torch Song|p2a: Kanaya\n|-damage|p2a: Kanaya|26\/100\n|-boost|p1a: Skeledirge|spa|1\n|move|p2a: Kanaya|Psyshock|p1a: Skeledirge\n|-damage|p1a: Skeledirge|35\/100\n|\n|-heal|p1a: Skeledirge|41\/100|[from] Grassy Terrain\n|-heal|p2a: Kanaya|32\/100|[from] Grassy Terrain\n|-fieldend|move: Grassy Terrain\n|upkeep\n|turn|10\n|\n|t:|1700829534\n|switch|p2a: Karkat|Manaphy|87\/100\n|move|p1a: Skeledirge|Slack Off|p1a: Skeledirge\n|-heal|p1a: Skeledirge|91\/100\n|\n|-heal|p2a: Karkat|93\/100|[from] item: Leftovers\n|upkeep\n|turn|11\n|\n|t:|1700829541\n|switch|p1a: Amoonguss|Amoonguss, M|100\/100\n|move|p2a: Karkat|Scald|p1a: Amoonguss\n|-resisted|p1a: Amoonguss\n|-damage|p1a: Amoonguss|85\/100\n|\n|-heal|p2a: Karkat|99\/100|[from] item: Leftovers\n|upkeep\n|turn|12\n|\n|t:|1700829550\n|switch|p2a: Gamzee|Rillaboom, M|100\/100\n|-fieldstart|move: Grassy Terrain|[from] ability: Grassy Surge|[of] p2a: Gamzee\n|move|p1a: Amoonguss|Sludge Bomb|p2a: Gamzee\n|-supereffective|p2a: Gamzee\n|-damage|p2a: Gamzee|23\/100\n|\n|-heal|p2a: Gamzee|29\/100|[from] Grassy Terrain\n|-heal|p1a: Amoonguss|91\/100|[from] Grassy Terrain\n|upkeep\n|turn|13\n|\n|t:|1700829580\n|move|p2a: Gamzee|U-turn|p1a: Amoonguss\n|-damage|p1a: Amoonguss|64\/100\n|inactive|Diatere has 120 seconds left.\n|c|\u2606WestminsterWarrior|what are we thinkin' chief\n|\n|t:|1700829622\n|switch|p2a: Kanaya|Hatterene, F|32\/100|[from] U-turn\n|move|p1a: Amoonguss|Sludge Bomb|p2a: Kanaya\n|-supereffective|p2a: Kanaya\n|-damage|p2a: Kanaya|0 fnt\n|faint|p2a: Kanaya\n|\n|-heal|p1a: Amoonguss|70\/100|[from] Grassy Terrain\n|upkeep\n|c|\u2606Diatere|thinking wrong\n|\n|t:|1700829632\n|switch|p2a: Tavros|Ninetales-Alola, M|70\/100\n|-weather|Snow|[from] ability: Snow Warning|[of] p2a: Tavros\n|turn|14\n|\n|t:|1700829637\n|move|p2a: Tavros|Aurora Veil|p2a: Tavros\n|-sidestart|p2: Diatere|move: Aurora Veil\n|move|p1a: Amoonguss|Spore|p2a: Tavros\n|-status|p2a: Tavros|slp|[from] move: Spore\n|\n|-weather|Snow|[upkeep]\n|-heal|p2a: Tavros|76\/100 slp|[from] Grassy Terrain\n|-heal|p1a: Amoonguss|76\/100|[from] Grassy Terrain\n|upkeep\n|turn|15\n|\n|t:|1700829641\n|switch|p2a: Karkat|Manaphy|99\/100\n|move|p1a: Amoonguss|Sludge Bomb|p2a: Karkat\n|-damage|p2a: Karkat|86\/100\n|-status|p2a: Karkat|psn\n|\n|-weather|Snow|[upkeep]\n|-heal|p2a: Karkat|93\/100 psn|[from] Grassy Terrain\n|-heal|p2a: Karkat|99\/100 psn|[from] item: Leftovers\n|-heal|p1a: Amoonguss|82\/100|[from] Grassy Terrain\n|-damage|p2a: Karkat|86\/100 psn|[from] psn\n|upkeep\n|turn|16\n|inactive|WestminsterWarrior has 120 seconds left.\n|inactive|WestminsterWarrior has 90 seconds left.\n|\n|t:|1700829721\n|switch|p1a: Skeledirge|Skeledirge, F|91\/100\n|move|p2a: Karkat|Take Heart|p2a: Karkat\n|-boost|p2a: Karkat|spa|1\n|-boost|p2a: Karkat|spd|1\n|-curestatus|p2a: Karkat|psn|[msg]\n|\n|-weather|Snow|[upkeep]\n|-heal|p2a: Karkat|92\/100|[from] Grassy Terrain\n|-heal|p2a: Karkat|98\/100|[from] item: Leftovers\n|-heal|p1a: Skeledirge|97\/100|[from] Grassy Terrain\n|-fieldend|move: Grassy Terrain\n|upkeep\n|turn|17\n|c|\u2606WestminsterWarrior|that is the first time i've seen that\n|\n|t:|1700829745\n|-terastallize|p1a: Skeledirge|Fairy\n|move|p2a: Karkat|Scald|p1a: Skeledirge\n|-damage|p1a: Skeledirge|67\/100\n|move|p1a: Skeledirge|Torch Song|p2a: Karkat\n|-resisted|p2a: Karkat\n|-damage|p2a: Karkat|93\/100\n|-boost|p1a: Skeledirge|spa|1\n|\n|-weather|Snow|[upkeep]\n|-heal|p2a: Karkat|99\/100|[from] item: Leftovers\n|upkeep\n|turn|18\n|c|\u2606Diatere|take heart is kinda busted yeah\n|\n|t:|1700829759\n|move|p2a: Karkat|Take Heart|p2a: Karkat\n|-boost|p2a: Karkat|spa|1\n|-boost|p2a: Karkat|spd|1\n|move|p1a: Skeledirge|Slack Off|p1a: Skeledirge\n|-heal|p1a: Skeledirge|100\/100\n|\n|-weather|none\n|-heal|p2a: Karkat|100\/100|[from] item: Leftovers\n|upkeep\n|turn|19\n|\n|t:|1700829764\n|move|p2a: Karkat|Acid Armor|p2a: Karkat\n|-boost|p2a: Karkat|def|2\n|move|p1a: Skeledirge|Torch Song|p2a: Karkat\n|-resisted|p2a: Karkat\n|-damage|p2a: Karkat|91\/100\n|-boost|p1a: Skeledirge|spa|1\n|\n|-heal|p2a: Karkat|97\/100|[from] item: Leftovers\n|upkeep\n|turn|20\n|\n|t:|1700829771\n|move|p2a: Karkat|Take Heart|p2a: Karkat\n|-boost|p2a: Karkat|spa|1\n|-boost|p2a: Karkat|spd|1\n|move|p1a: Skeledirge|Torch Song|p2a: Karkat\n|-resisted|p2a: Karkat\n|-damage|p2a: Karkat|84\/100\n|-boost|p1a: Skeledirge|spa|1\n|\n|-heal|p2a: Karkat|90\/100|[from] item: Leftovers\n|upkeep\n|turn|21\n|inactive|WestminsterWarrior has 90 seconds left.\n|\n|t:|1700829776\n|move|p2a: Karkat|Take Heart|p2a: Karkat\n|-boost|p2a: Karkat|spa|1\n|-boost|p2a: Karkat|spd|1\n|move|p1a: Skeledirge|Torch Song|p2a: Karkat\n|-resisted|p2a: Karkat\n|-damage|p2a: Karkat|74\/100\n|-boost|p1a: Skeledirge|spa|1\n|\n|-heal|p2a: Karkat|80\/100|[from] item: Leftovers\n|-sideend|p2: Diatere|move: Aurora Veil\n|upkeep\n|turn|22\n|\n|t:|1700829779\n|move|p2a: Karkat|Stored Power|p1a: Skeledirge\n|-damage|p1a: Skeledirge|39\/100\n|move|p1a: Skeledirge|Shadow Ball|p2a: Karkat\n|-damage|p2a: Karkat|6\/100\n|\n|-heal|p2a: Karkat|12\/100|[from] item: Leftovers\n|upkeep\n|turn|23\n|\n|t:|1700829785\n|switch|p1a: Greninja|Greninja, M|100\/100\n|move|p2a: Karkat|Stored Power|p1a: Greninja\n|-immune|p1a: Greninja\n|\n|-heal|p2a: Karkat|18\/100|[from] item: Leftovers\n|upkeep\n|turn|24\n|\n|t:|1700829791\n|move|p1a: Greninja|Dark Pulse|p2a: Karkat\n|-start|p1a: Greninja|typechange|Dark|[from] ability: Protean\n|-damage|p2a: Karkat|2\/100\n|move|p2a: Karkat|Scald|p1a: Greninja\n|-damage|p1a: Greninja|0 fnt\n|faint|p1a: Greninja\n|\n|-heal|p2a: Karkat|8\/100|[from] item: Leftovers\n|upkeep\n|\n|t:|1700829806\n|switch|p1a: Iron Valiant|Iron Valiant|100\/100\n|-enditem|p1a: Iron Valiant|Booster Energy\n|-activate|p1a: Iron Valiant|ability: Quark Drive|[fromitem]\n|-start|p1a: Iron Valiant|quarkdrivespe\n|turn|25\n|\n|t:|1700829831\n|switch|p2a: Gamzee|Rillaboom, M|29\/100\n|-fieldstart|move: Grassy Terrain|[from] ability: Grassy Surge|[of] p2a: Gamzee\n|move|p1a: Iron Valiant|Knock Off|p2a: Gamzee\n|-damage|p2a: Gamzee|0 fnt\n|-enditem|p2a: Gamzee|Choice Band|[from] move: Knock Off|[of] p1a: Iron Valiant\n|faint|p2a: Gamzee\n|\n|upkeep\n|\n|t:|1700829847\n|switch|p2a: Vriska|Iron Valiant|100\/100\n|-enditem|p2a: Vriska|Booster Energy\n|-activate|p2a: Vriska|ability: Quark Drive|[fromitem]\n|-start|p2a: Vriska|quarkdrivespe\n|turn|26\n|\n|t:|1700829856\n|move|p2a: Vriska|Moonblast|p1a: Iron Valiant\n|-supereffective|p1a: Iron Valiant\n|-damage|p1a: Iron Valiant|0 fnt\n|faint|p1a: Iron Valiant\n|-end|p1a: Iron Valiant|Quark Drive|[silent]\n|\n|upkeep\n|c|\u2606WestminsterWarrior|yikes\n|\n|t:|1700829861\n|switch|p1a: Iron Treads|Iron Treads|100\/100\n|turn|27\n|c|\u2606Diatere|gotta love those speed ties\n|\n|t:|1700829871\n|-end|p1a: Iron Treads|Quark Drive|[silent]\n|switch|p1a: Zapdos|Zapdos|100\/100\n|move|p2a: Vriska|Close Combat|p1a: Zapdos\n|-resisted|p1a: Zapdos\n|-damage|p1a: Zapdos|67\/100\n|-unboost|p2a: Vriska|def|1\n|-unboost|p2a: Vriska|spd|1\n|\n|upkeep\n|turn|28\n|\n|t:|1700829879\n|switch|p1a: Amoonguss|Amoonguss, M|100\/100\n|move|p2a: Vriska|Moonblast|p1a: Amoonguss\n|-resisted|p1a: Amoonguss\n|-damage|p1a: Amoonguss|80\/100\n|-unboost|p1a: Amoonguss|spa|1\n|\n|-heal|p1a: Amoonguss|86\/100|[from] Grassy Terrain\n|upkeep\n|turn|29\n|\n|t:|1700829884\n|move|p2a: Vriska|Psyshock|p1a: Amoonguss\n|-supereffective|p1a: Amoonguss\n|-damage|p1a: Amoonguss|47\/100\n|move|p1a: Amoonguss|Sludge Bomb|p2a: Vriska\n|-supereffective|p2a: Vriska\n|-damage|p2a: Vriska|0 fnt\n|faint|p2a: Vriska\n|-end|p2a: Vriska|Quark Drive|[silent]\n|\n|-heal|p1a: Amoonguss|54\/100|[from] Grassy Terrain\n|-fieldend|move: Grassy Terrain\n|upkeep\n|\n|t:|1700829892\n|switch|p2a: Terezi|Ogerpon-Cornerstone, F|100\/100\n|turn|30\n|\n|t:|1700829895\n|move|p2a: Terezi|Swords Dance|p2a: Terezi\n|-boost|p2a: Terezi|atk|2\n|move|p1a: Amoonguss|Foul Play|p2a: Terezi\n|-damage|p2a: Terezi|12\/100\n|\n|upkeep\n|turn|31\n|\n|t:|1700829922\n|switch|p1a: Skeledirge|Skeledirge, F, tera:Fairy|39\/100\n|move|p2a: Terezi|Ivy Cudgel|p1a: Skeledirge|[anim] Ivy Cudgel Rock\n|-damage|p1a: Skeledirge|0 fnt\n|faint|p1a: Skeledirge\n|\n|upkeep\n|inactive|WestminsterWarrior has 120 seconds left.\n|\n|t:|1700829952\n|switch|p1a: Amoonguss|Amoonguss, M|87\/100\n|turn|32\n|inactive|Diatere has 120 seconds left.\n|\n|t:|1700829988\n|switch|p1a: Iron Treads|Iron Treads|100\/100\n|move|p2a: Terezi|Ivy Cudgel|p1a: Iron Treads|[anim] Ivy Cudgel Rock\n|-resisted|p1a: Iron Treads\n|-damage|p1a: Iron Treads|79\/100\n|\n|-heal|p1a: Iron Treads|85\/100|[from] item: Leftovers\n|upkeep\n|turn|33\n|\n|t:|1700829997\n|move|p2a: Terezi|Low Kick|p1a: Iron Treads\n|-supereffective|p1a: Iron Treads\n|-damage|p1a: Iron Treads|0 fnt\n|faint|p1a: Iron Treads\n|-end|p1a: Iron Treads|Quark Drive|[silent]\n|\n|upkeep\n|\n|t:|1700829999\n|switch|p1a: Amoonguss|Amoonguss, M|100\/100\n|turn|34\n|\n|t:|1700830011\n|move|p2a: Terezi|Ivy Cudgel|p1a: Amoonguss|[anim] Ivy Cudgel Rock\n|-damage|p1a: Amoonguss|10\/100\n|move|p1a: Amoonguss|Foul Play|p2a: Terezi\n|-damage|p2a: Terezi|0 fnt\n|faint|p2a: Terezi\n|\n|upkeep\n|\n|t:|1700830018\n|switch|p2a: Karkat|Manaphy|8\/100\n|turn|35\n|inactive|Diatere has 120 seconds left.\n|\n|t:|1700830038\n|-terastallize|p2a: Karkat|Poison\n|move|p2a: Karkat|Take Heart|p2a: Karkat\n|-boost|p2a: Karkat|spa|1\n|-boost|p2a: Karkat|spd|1\n|move|p1a: Amoonguss|Sludge Bomb|p2a: Karkat\n|-resisted|p2a: Karkat\n|-damage|p2a: Karkat|0 fnt\n|faint|p2a: Karkat\n|\n|upkeep\n|inactive|Diatere has 120 seconds left.\n|c|\u2606Diatere|dang\n|\n|t:|1700830046\n|switch|p2a: Tavros|Ninetales-Alola, M|76\/100 slp\n|-weather|Snow|[from] ability: Snow Warning|[of] p2a: Tavros\n|turn|36\n|c|\u2606WestminsterWarrior|among us imposter does too much\n|\n|t:|1700830054\n|cant|p2a: Tavros|slp\n|move|p1a: Amoonguss|Sludge Bomb|p2a: Tavros\n|-supereffective|p2a: Tavros\n|-damage|p2a: Tavros|21\/100 slp\n|\n|-weather|Snow|[upkeep]\n|upkeep\n|turn|37\n|inactive|Diatere has 120 seconds left.\n|\n|t:|1700830088\n|cant|p2a: Tavros|slp\n|move|p1a: Amoonguss|Sludge Bomb|p2a: Tavros\n|-supereffective|p2a: Tavros\n|-damage|p2a: Tavros|0 fnt\n|faint|p2a: Tavros\n|\n|win|WestminsterWarrior\n|raw|WestminsterWarrior's rating: 1336 &rarr; <strong>1361<\/strong><br \/>(+25 for winning)\n|raw|Diatere's rating: 1430 &rarr; <strong>1405<\/strong><br \/>(-25 for losing)\n|c|\u2606Diatere|sussy\n|c|\u2606WestminsterWarrior|gg\n|c|\u2606Diatere|gg\n|c|\u2606WestminsterWarrior|i threw by going for the speed tie anyway\n|c|\u2606WestminsterWarrior|wp\n|l|\u2606WestminsterWarrior\n|c|\u2606Diatere|that 3-turn sleep was my karma for winning the speed tie\n","uploadtime":1700830115,"views":9,"p1id":"westminsterwarrior","p2id":"diatere","formatid":"gen9ou","rating":1361,"private":0,"password":""}