{"id":"gen9ou-1998186069","p1":"hpl12345","p2":"bnm5g","format":"[Gen 9] OU","log":"|j|\u2606hpl12345\n|j|\u2606bnm5g\n|inactive|Battle timer is ON: inactive players will automatically lose when time's up.\n|t:|1700908675\n|gametype|singles\n|player|p1|hpl12345|101|\n|player|p2|bnm5g|266|\n|teamsize|p1|4\n|teamsize|p2|4\n|gen|9\n|tier|[Gen 9] OU\n|rated|Tournament battle\n|rule|Sleep Clause Mod: Limit one foe put to sleep\n|rule|Species Clause: Limit one of each Pok\u00e9mon\n|rule|OHKO Clause: OHKO moves are banned\n|rule|Evasion Items Clause: Evasion items are banned\n|rule|Evasion Moves Clause: Evasion moves are banned\n|rule|Endless Battle Clause: Forcing endless battles is banned\n|rule|HP Percentage Mod: HP is shown in percentages\n|clearpoke\n|poke|p1|Cubchoo, M|\n|poke|p1|Cloyster, F|\n|poke|p1|Lurantis, F|\n|poke|p1|Riolu, F|\n|poke|p2|Skrelp, F|\n|poke|p2|Salazzle, F|\n|poke|p2|Charmander, F|\n|poke|p2|Dragonair, F|\n|teampreview\n|j|*Lady Monita \u2746\n|c|\u2606bnm5g|oh crap\n|\n|t:|1700908691\n|start\n|switch|p1a: Riolu|Riolu, F|100\/100\n|switch|p2a: Salazzle|Salazzle, F|100\/100\n|turn|1\n|\n|t:|1700908706\n|move|p2a: Salazzle|Flamethrower|p1a: Riolu\n|-damage|p1a: Riolu|47\/100\n|move|p1a: Riolu|Earthquake|p2a: Salazzle\n|-supereffective|p2a: Salazzle\n|-damage|p2a: Salazzle|0 fnt\n|faint|p2a: Salazzle\n|\n|upkeep\n|\n|t:|1700908730\n|switch|p2a: Dragonair|Dragonair, F|100\/100\n|turn|2\n|\n|t:|1700908745\n|move|p2a: Dragonair|Dragon Dance|p2a: Dragonair\n|-boost|p2a: Dragonair|atk|1\n|-boost|p2a: Dragonair|spe|1\n|move|p1a: Riolu|Bulk Up|p1a: Riolu\n|-boost|p1a: Riolu|atk|1\n|-boost|p1a: Riolu|def|1\n|\n|upkeep\n|turn|3\n|\n|t:|1700908764\n|move|p2a: Dragonair|Dragon Dance|p2a: Dragonair\n|-boost|p2a: Dragonair|atk|1\n|-boost|p2a: Dragonair|spe|1\n|move|p1a: Riolu|Drain Punch|p2a: Dragonair\n|-crit|p2a: Dragonair\n|-damage|p2a: Dragonair|40\/100\n|-heal|p1a: Riolu|82\/100|[from] drain|[of] p2a: Dragonair\n|\n|upkeep\n|turn|4\n|\n|t:|1700908777\n|move|p2a: Dragonair|Rest|p2a: Dragonair\n|-status|p2a: Dragonair|slp|[from] move: Rest\n|-heal|p2a: Dragonair|100\/100 slp|[silent]\n|move|p1a: Riolu|Bulk Up|p1a: Riolu\n|-boost|p1a: Riolu|atk|1\n|-boost|p1a: Riolu|def|1\n|\n|upkeep\n|turn|5\n|\n|t:|1700908783\n|cant|p2a: Dragonair|slp\n|move|p2a: Dragonair|Sleep Talk|p2a: Dragonair\n|move|p2a: Dragonair|Dragon Dance|p2a: Dragonair|[from]move: Sleep Talk\n|-boost|p2a: Dragonair|atk|1\n|-boost|p2a: Dragonair|spe|1\n|move|p1a: Riolu|Bulk Up|p1a: Riolu\n|-boost|p1a: Riolu|atk|1\n|-boost|p1a: Riolu|def|1\n|\n|upkeep\n|turn|6\n|\n|t:|1700908806\n|cant|p2a: Dragonair|slp\n|move|p2a: Dragonair|Sleep Talk|p2a: Dragonair\n|move|p2a: Dragonair|Dragon Dance|p2a: Dragonair|[from]move: Sleep Talk\n|-boost|p2a: Dragonair|atk|1\n|-boost|p2a: Dragonair|spe|1\n|move|p1a: Riolu|Bulk Up|p1a: Riolu\n|-boost|p1a: Riolu|atk|1\n|-boost|p1a: Riolu|def|1\n|\n|upkeep\n|turn|7\n|\n|t:|1700908817\n|-curestatus|p2a: Dragonair|slp|[msg]\n|move|p2a: Dragonair|Iron Head|p1a: Riolu\n|-damage|p1a: Riolu|51\/100\n|move|p1a: Riolu|Ice Punch|p2a: Dragonair\n|-supereffective|p2a: Dragonair\n|-damage|p2a: Dragonair|0 fnt\n|faint|p2a: Dragonair\n|\n|upkeep\n|-message|bnm5g forfeited.\n|\n|win|hpl12345\n|n|\u2606hpl12345|hpl12345\n|n|\u2606bnm5g|bnm5g\n|n|*Lady Monita \u2746|ladymonita\n","uploadtime":1700908827,"views":0,"p1id":"hpl12345","p2id":"bnm5g","formatid":"gen9ou","rating":0,"private":0,"password":""}