{"id":"gen9ou-1989550542","p1":"cdaz","p2":"Kyleailude ren666","format":"[Gen 9] OU","log":"|j|\u2606cdaz\n|j|\u2606Kyleailude ren666\n|t:|1699869819\n|gametype|singles\n|player|p1|cdaz|170|1040\n|player|p2|Kyleailude ren666|1|1123\n|teamsize|p1|6\n|teamsize|p2|6\n|gen|9\n|tier|[Gen 9] OU\n|rated|\n|rule|Sleep Clause Mod: Limit one foe put to sleep\n|rule|Species Clause: Limit one of each Pok\u00e9mon\n|rule|OHKO Clause: OHKO moves are banned\n|rule|Evasion Items Clause: Evasion items are banned\n|rule|Evasion Moves Clause: Evasion moves are banned\n|rule|Endless Battle Clause: Forcing endless battles is banned\n|rule|HP Percentage Mod: HP is shown in percentages\n|clearpoke\n|poke|p1|Clodsire, F|\n|poke|p1|Corviknight, M|\n|poke|p1|Talonflame, F|\n|poke|p1|Dondozo, F|\n|poke|p1|Toxapex, F|\n|poke|p1|Blissey, F|\n|poke|p2|Conkeldurr, M|\n|poke|p2|Goodra, F|\n|poke|p2|Corviknight, M|\n|poke|p2|Sableye, M|\n|poke|p2|Gyarados, M|\n|poke|p2|Torterra, M|\n|teampreview\n|inactive|Battle timer is ON: inactive players will automatically lose when time's up. (requested by cdaz)\n|\n|t:|1699869823\n|start\n|switch|p1a: Toxapex|Toxapex, F|100\/100\n|switch|p2a: Sableye|Sableye, M, shiny|100\/100\n|turn|1\n|\n|t:|1699869841\n|move|p2a: Sableye|Trick|p1a: Toxapex\n|-activate|p2a: Sableye|move: Trick|[of] p1a: Toxapex\n|-item|p1a: Toxapex|Choice Scarf|[from] move: Trick\n|-item|p2a: Sableye|Heavy-Duty Boots|[from] move: Trick\n|move|p1a: Toxapex|Toxic|p2a: Sableye\n|-status|p2a: Sableye|tox\n|\n|-damage|p2a: Sableye|94\/100 tox|[from] psn\n|upkeep\n|turn|2\n|\n|t:|1699869855\n|switch|p1a: Corviknight|Corviknight, M|100\/100\n|-ability|p1a: Corviknight|Pressure\n|switch|p2a: Corviknight|Corviknight, M|100\/100\n|\n|upkeep\n|turn|3\n|\n|t:|1699869868\n|switch|p2a: Goodra|Goodra, F|100\/100\n|move|p1a: Corviknight|U-turn|p2a: Goodra\n|-damage|p2a: Goodra|86\/100\n|-ability|p2a: Goodra|Gooey\n|-unboost|p1a: Corviknight|spe|1\n|\n|t:|1699869874\n|switch|p1a: Toxapex|Toxapex, F|100\/100|[from] U-turn\n|\n|-heal|p2a: Goodra|93\/100|[from] item: Leftovers\n|upkeep\n|turn|4\n|inactive|Kyleailude ren666 has 120 seconds left.\n|\n|t:|1699869908\n|-terastallize|p2a: Goodra|Poison\n|move|p2a: Goodra|Thunderbolt|p1a: Toxapex\n|-supereffective|p1a: Toxapex\n|-damage|p1a: Toxapex|60\/100\n|move|p1a: Toxapex|Toxic|p2a: Goodra\n|-immune|p2a: Goodra\n|\n|-heal|p2a: Goodra|99\/100|[from] item: Leftovers\n|upkeep\n|turn|5\n|inactive|Kyleailude ren666 has 120 seconds left.\n|\n|t:|1699869919\n|switch|p1a: Clodsire|Clodsire, F|100\/100\n|move|p2a: Goodra|Dragon Tail|p1a: Clodsire\n|-damage|p1a: Clodsire|77\/100\n|drag|p1a: Toxapex|Toxapex, F|94\/100\n|\n|-heal|p2a: Goodra|100\/100|[from] item: Leftovers\n|upkeep\n|turn|6\n|inactive|Kyleailude ren666 has 120 seconds left.\n|\n|t:|1699869930\n|move|p1a: Toxapex|Infestation|p2a: Goodra\n|-resisted|p2a: Goodra\n|-damage|p2a: Goodra|99\/100\n|-activate|p2a: Goodra|move: Infestation|[of] p1a: Toxapex\n|-ability|p2a: Goodra|Gooey\n|-unboost|p1a: Toxapex|spe|1\n|move|p2a: Goodra|Dragon Tail|p1a: Toxapex\n|-damage|p1a: Toxapex|80\/100\n|drag|p1a: Clodsire|Clodsire, F|77\/100\n|\n|-heal|p2a: Goodra|100\/100|[from] item: Leftovers\n|-end|p2a: Goodra|Infestation|[partiallytrapped]|[silent]\n|upkeep\n|turn|7\n|inactive|Kyleailude ren666 has 120 seconds left.\n|\n|t:|1699869944\n|switch|p2a: Gyarados|Gyarados, M, shiny|100\/100\n|move|p1a: Clodsire|Earthquake|p2a: Gyarados\n|-immune|p2a: Gyarados\n|\n|upkeep\n|turn|8\n|\n|t:|1699869952\n|switch|p1a: Toxapex|Toxapex, F|100\/100\n|move|p2a: Gyarados|Dragon Dance|p2a: Gyarados\n|-boost|p2a: Gyarados|atk|1\n|-boost|p2a: Gyarados|spe|1\n|\n|upkeep\n|turn|9\n|\n|t:|1699869961\n|move|p2a: Gyarados|Earthquake|p1a: Toxapex\n|-supereffective|p1a: Toxapex\n|-damage|p1a: Toxapex|28\/100\n|move|p1a: Toxapex|Toxic|p2a: Gyarados\n|-status|p2a: Gyarados|tox\n|\n|-damage|p2a: Gyarados|94\/100 tox|[from] psn\n|upkeep\n|turn|10\n|\n|t:|1699869968\n|switch|p1a: Dondozo|Dondozo, F|100\/100\n|move|p2a: Gyarados|Dragon Dance|p2a: Gyarados\n|-boost|p2a: Gyarados|atk|1\n|-boost|p2a: Gyarados|spe|1\n|\n|-damage|p2a: Gyarados|82\/100 tox|[from] psn\n|upkeep\n|turn|11\n|\n|t:|1699869975\n|move|p2a: Gyarados|Earthquake|p1a: Dondozo\n|-damage|p1a: Dondozo|83\/100\n|move|p1a: Dondozo|Avalanche|p2a: Gyarados\n|-damage|p2a: Gyarados|48\/100 tox\n|\n|-damage|p2a: Gyarados|30\/100 tox|[from] psn\n|upkeep\n|turn|12\n|\n|t:|1699869983\n|move|p2a: Gyarados|Earthquake|p1a: Dondozo\n|-damage|p1a: Dondozo|68\/100\n|move|p1a: Dondozo|Avalanche|p2a: Gyarados\n|-damage|p2a: Gyarados|0 fnt\n|faint|p2a: Gyarados\n|\n|upkeep\n|\n|t:|1699869990\n|switch|p2a: Sableye|Sableye, M, shiny|94\/100 tox\n|turn|13\n|\n|t:|1699869993\n|switch|p1a: Toxapex|Toxapex, F|61\/100\n|move|p2a: Sableye|Encore||[still]\n|-fail|p2a: Sableye\n|\n|-damage|p2a: Sableye|88\/100 tox|[from] psn\n|upkeep\n|turn|14\n|\n|t:|1699870005\n|switch|p2a: Corviknight|Corviknight, M|100\/100\n|move|p1a: Toxapex|Infestation|p2a: Corviknight\n|-resisted|p2a: Corviknight\n|-damage|p2a: Corviknight|99\/100\n|-activate|p2a: Corviknight|move: Infestation|[of] p1a: Toxapex\n|-damage|p1a: Toxapex|45\/100|[from] item: Rocky Helmet|[of] p2a: Corviknight\n|\n|-damage|p2a: Corviknight|87\/100|[from] move: Infestation|[partiallytrapped]\n|upkeep\n|turn|15\n|\n|t:|1699870030\n|switch|p1a: Talonflame|Talonflame, F|100\/100\n|move|p2a: Corviknight|Drill Peck|p1a: Talonflame\n|-damage|p1a: Talonflame|67\/100\n|\n|-end|p2a: Corviknight|Infestation|[partiallytrapped]|[silent]\n|upkeep\n|turn|16\n|\n|t:|1699870039\n|switch|p2a: Goodra|Goodra, F, tera:Poison|100\/100\n|move|p1a: Talonflame|Will-O-Wisp|p2a: Goodra\n|-status|p2a: Goodra|brn\n|\n|-damage|p2a: Goodra|94\/100 brn|[from] brn\n|upkeep\n|turn|17\n|\n|t:|1699870047\n|switch|p1a: Clodsire|Clodsire, F|77\/100\n|move|p2a: Goodra|Sludge Bomb|p1a: Clodsire\n|-resisted|p1a: Clodsire\n|-damage|p1a: Clodsire|72\/100\n|\n|-heal|p2a: Goodra|100\/100 brn|[from] item: Leftovers\n|-damage|p2a: Goodra|94\/100 brn|[from] brn\n|upkeep\n|turn|18\n|\n|t:|1699870061\n|switch|p2a: Corviknight|Corviknight, M|87\/100\n|move|p1a: Clodsire|Earthquake|p2a: Corviknight\n|-immune|p2a: Corviknight\n|\n|upkeep\n|turn|19\n|\n|t:|1699870076\n|switch|p1a: Talonflame|Talonflame, F|67\/100\n|move|p2a: Corviknight|Drill Peck|p1a: Talonflame\n|-damage|p1a: Talonflame|37\/100\n|-status|p2a: Corviknight|brn|[from] ability: Flame Body|[of] p1a: Talonflame\n|\n|-damage|p2a: Corviknight|81\/100 brn|[from] brn\n|upkeep\n|turn|20\n|\n|t:|1699870086\n|switch|p2a: Goodra|Goodra, F, tera:Poison|94\/100 brn\n|move|p1a: Talonflame|Roost|p1a: Talonflame\n|-heal|p1a: Talonflame|87\/100\n|-singleturn|p1a: Talonflame|move: Roost\n|\n|-heal|p2a: Goodra|100\/100 brn|[from] item: Leftovers\n|-damage|p2a: Goodra|94\/100 brn|[from] brn\n|upkeep\n|turn|21\n|\n|t:|1699870096\n|switch|p1a: Clodsire|Clodsire, F|72\/100\n|move|p2a: Goodra|Dragon Tail|p1a: Clodsire|[miss]\n|-miss|p2a: Goodra|p1a: Clodsire\n|\n|-heal|p2a: Goodra|100\/100 brn|[from] item: Leftovers\n|-damage|p2a: Goodra|94\/100 brn|[from] brn\n|upkeep\n|turn|22\n|\n|t:|1699870104\n|switch|p2a: Torterra|Torterra, M|100\/100\n|move|p1a: Clodsire|Recover|p1a: Clodsire\n|-heal|p1a: Clodsire|100\/100\n|\n|upkeep\n|turn|23\n|\n|t:|1699870125\n|switch|p1a: Dondozo|Dondozo, F|68\/100\n|move|p2a: Torterra|Shell Smash|p2a: Torterra\n|-unboost|p2a: Torterra|def|1\n|-unboost|p2a: Torterra|spd|1\n|-boost|p2a: Torterra|atk|2\n|-boost|p2a: Torterra|spa|2\n|-boost|p2a: Torterra|spe|2\n|-enditem|p2a: Torterra|White Herb\n|-clearnegativeboost|p2a: Torterra|[silent]\n|\n|upkeep\n|turn|24\n|\n|t:|1699870138\n|-terastallize|p1a: Dondozo|Grass\n|move|p2a: Torterra|Giga Drain|p1a: Dondozo\n|-resisted|p1a: Dondozo\n|-damage|p1a: Dondozo|53\/100\n|move|p1a: Dondozo|Avalanche|p2a: Torterra\n|-supereffective|p2a: Torterra\n|-damage|p2a: Torterra|0 fnt\n|faint|p2a: Torterra\n|\n|upkeep\n|\n|t:|1699870148\n|switch|p2a: Goodra|Goodra, F, tera:Poison|94\/100 brn\n|turn|25\n|\n|t:|1699870157\n|switch|p1a: Clodsire|Clodsire, F|100\/100\n|move|p2a: Goodra|Thunderbolt|p1a: Clodsire\n|-immune|p1a: Clodsire\n|\n|-heal|p2a: Goodra|100\/100 brn|[from] item: Leftovers\n|-damage|p2a: Goodra|94\/100 brn|[from] brn\n|upkeep\n|turn|26\n|-message|Kyleailude ren666 forfeited.\n|\n|win|cdaz\n|raw|cdaz's rating: 1040 &rarr; <strong>1082<\/strong><br \/>(+42 for winning)\n|raw|Kyleailude ren666's rating: 1123 &rarr; <strong>1092<\/strong><br \/>(-31 for losing)\n|l|\u2606Kyleailude ren666\n","uploadtime":1699870162,"views":12,"p1id":"cdaz","p2id":"kyleailuderen666","formatid":"gen9ou","rating":1082,"private":0,"password":""}