{"id":"gen9ou-1990192150","p1":"trayvor1322","p2":"Spider-Saiyan","format":"[Gen 9] OU","log":"|j|\u2606trayvor1322\n|j|\u2606Spider-Saiyan\n|t:|1699935265\n|gametype|singles\n|player|p1|trayvor1322|birdkeeper-gen4dp|1592\n|player|p2|Spider-Saiyan|n|1596\n|teamsize|p1|6\n|teamsize|p2|6\n|gen|9\n|tier|[Gen 9] OU\n|rated|\n|rule|Sleep Clause Mod: Limit one foe put to sleep\n|rule|Species Clause: Limit one of each Pok\u00e9mon\n|rule|OHKO Clause: OHKO moves are banned\n|rule|Evasion Items Clause: Evasion items are banned\n|rule|Evasion Moves Clause: Evasion moves are banned\n|rule|Endless Battle Clause: Forcing endless battles is banned\n|rule|HP Percentage Mod: HP is shown in percentages\n|clearpoke\n|poke|p1|Sneasler, F|\n|poke|p1|Kingambit, F|\n|poke|p1|Hatterene, F|\n|poke|p1|Great Tusk|\n|poke|p1|Skeledirge, M|\n|poke|p1|Clodsire, F|\n|poke|p2|Ninetales-Alola, F|\n|poke|p2|Kingambit, M|\n|poke|p2|Iron Moth|\n|poke|p2|Ogerpon-Wellspring, F|\n|poke|p2|Maushold|\n|poke|p2|Ceruledge, M|\n|teampreview\n|inactive|Battle timer is ON: inactive players will automatically lose when time's up. (requested by Spider-Saiyan)\n|\n|t:|1699935286\n|start\n|switch|p1a: Sneasler|Sneasler, F|100\/100\n|switch|p2a: Borealis|Ninetales-Alola, F, shiny|100\/100\n|-weather|Snow|[from] ability: Snow Warning|[of] p2a: Borealis\n|turn|1\n|\n|t:|1699935291\n|switch|p2a: Goober|Ceruledge, M|100\/100\n|move|p1a: Sneasler|Dire Claw|p2a: Goober\n|-resisted|p2a: Goober\n|-damage|p2a: Goober|70\/100\n|-ability|p2a: Goober|Weak Armor|boost\n|-unboost|p2a: Goober|def|1\n|-boost|p2a: Goober|spe|2\n|\n|-weather|Snow|[upkeep]\n|upkeep\n|turn|2\n|inactive|trayvor1322 has 120 seconds left.\n|\n|t:|1699935347\n|switch|p1a: Great Tusk|Great Tusk|100\/100\n|move|p2a: Goober|Poltergeist|p1a: Great Tusk\n|-activate|p1a: Great Tusk|move: Poltergeist|Leftovers\n|-damage|p1a: Great Tusk|63\/100\n|\n|-weather|Snow|[upkeep]\n|-heal|p1a: Great Tusk|69\/100|[from] item: Leftovers\n|upkeep\n|turn|3\n|inactive|Spider-Saiyan has 120 seconds left.\n|\n|t:|1699935382\n|switch|p2a: Ogerpon|Ogerpon-Wellspring, F|100\/100\n|move|p1a: Great Tusk|Earthquake|p2a: Ogerpon\n|-resisted|p2a: Ogerpon\n|-damage|p2a: Ogerpon|71\/100\n|\n|-weather|Snow|[upkeep]\n|-heal|p1a: Great Tusk|75\/100|[from] item: Leftovers\n|upkeep\n|turn|4\n|\n|t:|1699935398\n|-end|p1a: Great Tusk|Protosynthesis|[silent]\n|switch|p1a: Clodsire|Clodsire, F|100\/100\n|move|p2a: Ogerpon|Horn Leech|p1a: Clodsire\n|-damage|p1a: Clodsire|54\/100\n|-heal|p2a: Ogerpon|100\/100|[from] drain|[of] p1a: Clodsire\n|\n|-weather|Snow|[upkeep]\n|-heal|p1a: Clodsire|61\/100|[from] item: Leftovers\n|upkeep\n|turn|5\n|\n|t:|1699935425\n|move|p2a: Ogerpon|Horn Leech|p1a: Clodsire\n|-damage|p1a: Clodsire|9\/100\n|move|p1a: Clodsire|Toxic|p2a: Ogerpon\n|-status|p2a: Ogerpon|tox\n|\n|-weather|none\n|-heal|p1a: Clodsire|15\/100|[from] item: Leftovers\n|-damage|p2a: Ogerpon|95\/100 tox|[from] psn\n|upkeep\n|turn|6\n|inactive|trayvor1322 has 90 seconds left.\n|\n|t:|1699935442\n|move|p2a: Ogerpon|Knock Off|p1a: Clodsire\n|-damage|p1a: Clodsire|0 fnt\n|-enditem|p1a: Clodsire|Leftovers|[from] move: Knock Off|[of] p2a: Ogerpon\n|faint|p1a: Clodsire\n|\n|-damage|p2a: Ogerpon|83\/100 tox|[from] psn\n|upkeep\n|inactive|trayvor1322 has 90 seconds left.\n|\n|t:|1699935452\n|switch|p1a: Sneasler|Sneasler, F|100\/100\n|turn|7\n|\n|t:|1699935459\n|switch|p2a: Goober|Ceruledge, M|70\/100\n|move|p1a: Sneasler|Dire Claw|p2a: Goober\n|-resisted|p2a: Goober\n|-damage|p2a: Goober|42\/100\n|-status|p2a: Goober|slp\n|-ability|p2a: Goober|Weak Armor|boost\n|-unboost|p2a: Goober|def|1\n|-boost|p2a: Goober|spe|2\n|\n|upkeep\n|turn|8\n|inactive|trayvor1322 has 90 seconds left.\n|inactive|Spider-Saiyan has 90 seconds left.\n|\n|t:|1699935506\n|switch|p2a: Spageeto|Iron Moth|100\/100\n|-enditem|p2a: Spageeto|Booster Energy\n|-activate|p2a: Spageeto|ability: Quark Drive|[fromitem]\n|-start|p2a: Spageeto|quarkdrivespe\n|move|p1a: Sneasler|Dire Claw|p2a: Spageeto\n|-resisted|p2a: Spageeto\n|-damage|p2a: Spageeto|70\/100\n|\n|upkeep\n|turn|9\n|\n|t:|1699935526\n|move|p1a: Sneasler|Dire Claw|p2a: Spageeto\n|-resisted|p2a: Spageeto\n|-damage|p2a: Spageeto|42\/100\n|move|p2a: Spageeto|Fiery Dance|p1a: Sneasler\n|-damage|p1a: Sneasler|44\/100\n|-boost|p2a: Spageeto|spa|1\n|\n|upkeep\n|turn|10\n|\n|t:|1699935549\n|switch|p1a: Hatterene|Hatterene, F|100\/100\n|move|p2a: Spageeto|Fiery Dance|p1a: Hatterene\n|-damage|p1a: Hatterene|34\/100\n|\n|-heal|p1a: Hatterene|40\/100|[from] item: Leftovers\n|upkeep\n|turn|11\n|\n|t:|1699935556\n|move|p2a: Spageeto|Fiery Dance|p1a: Hatterene\n|-damage|p1a: Hatterene|0 fnt\n|-boost|p2a: Spageeto|spa|1\n|faint|p1a: Hatterene\n|\n|upkeep\n|\n|t:|1699935566\n|switch|p1a: Skeledirge|Skeledirge, M|100\/100\n|turn|12\n|\n|t:|1699935590\n|-terastallize|p2a: Spageeto|Ground\n|move|p2a: Spageeto|Tera Blast|p1a: Skeledirge|[anim] Tera Blast Ground\n|-supereffective|p1a: Skeledirge\n|-damage|p1a: Skeledirge|31\/100\n|move|p1a: Skeledirge|Torch Song|p2a: Spageeto\n|-damage|p2a: Spageeto|13\/100\n|-boost|p1a: Skeledirge|spa|1\n|\n|upkeep\n|turn|13\n|inactive|trayvor1322 has 90 seconds left.\n|\n|t:|1699935604\n|move|p2a: Spageeto|Tera Blast|p1a: Skeledirge|[anim] Tera Blast Ground\n|-supereffective|p1a: Skeledirge\n|-damage|p1a: Skeledirge|0 fnt\n|faint|p1a: Skeledirge\n|\n|upkeep\n|\n|t:|1699935606\n|switch|p1a: Sneasler|Sneasler, F|44\/100\n|turn|14\n|\n|t:|1699935614\n|move|p1a: Sneasler|Close Combat|p2a: Spageeto\n|-damage|p2a: Spageeto|0 fnt\n|-unboost|p1a: Sneasler|def|1\n|-unboost|p1a: Sneasler|spd|1\n|faint|p2a: Spageeto\n|-end|p2a: Spageeto|Quark Drive|[silent]\n|\n|upkeep\n|\n|t:|1699935621\n|switch|p2a: Goober|Ceruledge, M|42\/100 slp\n|turn|15\n|\n|t:|1699935624\n|switch|p1a: Great Tusk|Great Tusk|75\/100\n|cant|p2a: Goober|slp\n|\n|-heal|p1a: Great Tusk|82\/100|[from] item: Leftovers\n|upkeep\n|turn|16\n|inactive|trayvor1322 has 120 seconds left.\n|inactive|Spider-Saiyan has 90 seconds left.\n|inactive|trayvor1322 has 90 seconds left.\n|\n|t:|1699935668\n|switch|p2a: Ogerpon|Ogerpon-Wellspring, F|83\/100 tox\n|move|p1a: Great Tusk|Earthquake|p2a: Ogerpon\n|-resisted|p2a: Ogerpon\n|-damage|p2a: Ogerpon|53\/100 tox\n|\n|-heal|p1a: Great Tusk|88\/100|[from] item: Leftovers\n|-damage|p2a: Ogerpon|47\/100 tox|[from] psn\n|upkeep\n|turn|17\n|inactive|trayvor1322 has 90 seconds left.\n|inactive|Spider-Saiyan has 90 seconds left.\n|\n|t:|1699935683\n|-terastallize|p1a: Great Tusk|Dragon\n|move|p2a: Ogerpon|Ivy Cudgel|p1a: Great Tusk\n|-resisted|p1a: Great Tusk\n|-damage|p1a: Great Tusk|68\/100\n|move|p1a: Great Tusk|Rapid Spin|p2a: Ogerpon\n|-damage|p2a: Ogerpon|27\/100 tox\n|-boost|p1a: Great Tusk|spe|1\n|\n|-heal|p1a: Great Tusk|74\/100|[from] item: Leftovers\n|-damage|p2a: Ogerpon|15\/100 tox|[from] psn\n|upkeep\n|turn|18\n|inactive|trayvor1322 has 90 seconds left.\n|\n|t:|1699935697\n|move|p1a: Great Tusk|Stealth Rock|p2a: Ogerpon\n|-sidestart|p2: Spider-Saiyan|move: Stealth Rock\n|move|p2a: Ogerpon|Knock Off|p1a: Great Tusk\n|-damage|p1a: Great Tusk|51\/100\n|-enditem|p1a: Great Tusk|Leftovers|[from] move: Knock Off|[of] p2a: Ogerpon\n|\n|-damage|p2a: Ogerpon|0 fnt|[from] psn\n|faint|p2a: Ogerpon\n|upkeep\n|inactive|Spider-Saiyan has 90 seconds left.\n|j| Regimidas\n|\n|t:|1699935709\n|switch|p2a: Catholic Family|Maushold|100\/100\n|-damage|p2a: Catholic Family|88\/100|[from] Stealth Rock\n|turn|19\n|\n|t:|1699935721\n|move|p1a: Great Tusk|Rapid Spin|p2a: Catholic Family\n|-damage|p2a: Catholic Family|63\/100\n|-boost|p1a: Great Tusk|spe|1\n|move|p2a: Catholic Family|Tidy Up|p2a: Catholic Family\n|-sideend|p2: Spider-Saiyan|Stealth Rock\n|-activate|p2a: Catholic Family|move: Tidy Up\n|-boost|p2a: Catholic Family|atk|1\n|-boost|p2a: Catholic Family|spe|1\n|\n|upkeep\n|turn|20\n|\n|t:|1699935731\n|move|p1a: Great Tusk|Earthquake|p2a: Catholic Family\n|-damage|p2a: Catholic Family|0 fnt\n|faint|p2a: Catholic Family\n|\n|upkeep\n|\n|t:|1699935733\n|switch|p2a: Borealis|Ninetales-Alola, F, shiny|100\/100\n|-weather|Snow|[from] ability: Snow Warning|[of] p2a: Borealis\n|turn|21\n|\n|t:|1699935739\n|-end|p1a: Great Tusk|Protosynthesis|[silent]\n|switch|p1a: Kingambit|Kingambit, F|100\/100\n|-activate|p1a: Kingambit|ability: Supreme Overlord\n|-start|p1a: Kingambit|fallen3|[silent]\n|move|p2a: Borealis|Aurora Veil|p2a: Borealis\n|-sidestart|p2: Spider-Saiyan|move: Aurora Veil\n|\n|-weather|Snow|[upkeep]\n|upkeep\n|turn|22\n|inactive|trayvor1322 has 120 seconds left.\n|\n|t:|1699935750\n|move|p2a: Borealis|Moonblast|p1a: Kingambit\n|-damage|p1a: Kingambit|57\/100\n|move|p1a: Kingambit|Iron Head|p2a: Borealis\n|-supereffective|p2a: Borealis\n|-damage|p2a: Borealis|0 fnt\n|faint|p2a: Borealis\n|\n|-weather|Snow|[upkeep]\n|upkeep\n|inactive|Spider-Saiyan has 120 seconds left.\n|\n|t:|1699935763\n|switch|p2a: Anglican \ud83d\ude21|Kingambit, M|100\/100\n|-activate|p2a: Anglican \ud83d\ude21|ability: Supreme Overlord\n|-start|p2a: Anglican \ud83d\ude21|fallen4|[silent]\n|turn|23\n|\n|t:|1699935768\n|-end|p1a: Kingambit|fallen3|[silent]\n|switch|p1a: Great Tusk|Great Tusk, tera:Dragon|51\/100\n|move|p2a: Anglican \ud83d\ude21|Swords Dance|p2a: Anglican \ud83d\ude21\n|-boost|p2a: Anglican \ud83d\ude21|atk|2\n|\n|-weather|Snow|[upkeep]\n|upkeep\n|turn|24\n|inactive|trayvor1322 has 120 seconds left.\n|\n|t:|1699935788\n|-end|p1a: Great Tusk|Protosynthesis|[silent]\n|switch|p1a: Sneasler|Sneasler, F|44\/100\n|move|p2a: Anglican \ud83d\ude21|Kowtow Cleave|p1a: Sneasler\n|-resisted|p1a: Sneasler\n|-damage|p1a: Sneasler|0 fnt\n|faint|p1a: Sneasler\n|\n|-weather|Snow|[upkeep]\n|upkeep\n|inactive|trayvor1322 has 120 seconds left.\n|\n|t:|1699935794\n|switch|p1a: Great Tusk|Great Tusk, tera:Dragon|51\/100\n|turn|25\n|\n|t:|1699935797\n|move|p2a: Anglican \ud83d\ude21|Sucker Punch|p1a: Great Tusk\n|-damage|p1a: Great Tusk|0 fnt\n|faint|p1a: Great Tusk\n|-end|p1a: Great Tusk|Protosynthesis|[silent]\n|\n|-weather|none\n|upkeep\n|\n|t:|1699935799\n|switch|p1a: Kingambit|Kingambit, F|57\/100\n|-activate|p1a: Kingambit|ability: Supreme Overlord\n|-start|p1a: Kingambit|fallen5|[silent]\n|turn|26\n|\n|t:|1699935804\n|move|p1a: Kingambit|Swords Dance|p1a: Kingambit\n|-boost|p1a: Kingambit|atk|2\n|move|p2a: Anglican \ud83d\ude21|Kowtow Cleave|p1a: Kingambit\n|-resisted|p1a: Kingambit\n|-damage|p1a: Kingambit|0 fnt\n|faint|p1a: Kingambit\n|-end|p1a: Kingambit|fallen5|[silent]\n|\n|win|Spider-Saiyan\n|raw|trayvor1322's rating: 1592 &rarr; <strong>1572<\/strong><br \/>(-20 for losing)\n|raw|Spider-Saiyan's rating: 1596 &rarr; <strong>1616<\/strong><br \/>(+20 for winning)\n|l|\u2606trayvor1322\n","uploadtime":1699935824,"views":6,"p1id":"trayvor1322","p2id":"spidersaiyan","formatid":"gen9ou","rating":1572,"private":0,"password":""}