{"id":"gen9ou-1991033670","p1":"vxsikcnkk","p2":"FromRussiaWithLove","format":"[Gen 9] OU","log":"|j|\u2606vxsikcnkk\n|j|\u2606FromRussiaWithLove\n|t:|1700031659\n|gametype|singles\n|player|p1|vxsikcnkk|169|1000\n|player|p2|FromRussiaWithLove|2|1000\n|teamsize|p1|6\n|teamsize|p2|6\n|gen|9\n|tier|[Gen 9] OU\n|rated|\n|rule|Sleep Clause Mod: Limit one foe put to sleep\n|rule|Species Clause: Limit one of each Pok\u00e9mon\n|rule|OHKO Clause: OHKO moves are banned\n|rule|Evasion Items Clause: Evasion items are banned\n|rule|Evasion Moves Clause: Evasion moves are banned\n|rule|Endless Battle Clause: Forcing endless battles is banned\n|rule|HP Percentage Mod: HP is shown in percentages\n|clearpoke\n|poke|p1|Mimikyu, M|\n|poke|p1|Gholdengo|\n|poke|p1|Hawlucha, F|\n|poke|p1|Corviknight, M|\n|poke|p1|Ceruledge, M|\n|poke|p1|Meowscarada, F|\n|poke|p2|Arboliva, M|\n|poke|p2|Wigglytuff, M|\n|poke|p2|Vivillon-Pokeball, F|\n|poke|p2|Pyroar, M|\n|poke|p2|Morpeko, M|\n|poke|p2|Tauros, M|\n|teampreview\n|inactive|Battle timer is ON: inactive players will automatically lose when time's up. (requested by FromRussiaWithLove)\n|\n|t:|1700031666\n|start\n|switch|p1a: Gholdengo|Gholdengo|100\/100\n|switch|p2a: BUTTERFLY|Vivillon-Pokeball, F|100\/100\n|turn|1\n|\n|t:|1700031674\n|switch|p2a: PRIDE|Pyroar, M|100\/100\n|move|p1a: Gholdengo|Nasty Plot|p1a: Gholdengo\n|-boost|p1a: Gholdengo|spa|2\n|\n|upkeep\n|turn|2\n|\n|t:|1700031687\n|move|p2a: PRIDE|Fire Blast|p1a: Gholdengo\n|-supereffective|p1a: Gholdengo\n|-damage|p1a: Gholdengo|0 fnt\n|faint|p1a: Gholdengo\n|\n|upkeep\n|\n|t:|1700031694\n|switch|p1a: Ceruledge|Ceruledge, M|100\/100\n|turn|3\n|\n|t:|1700031704\n|switch|p2a: WIGGLY STUFF|Wigglytuff, M|100\/100\n|-item|p1a: Ceruledge|Charcoal|[from] ability: Frisk|[of] p2a: WIGGLY STUFF|[identify]\n|move|p1a: Ceruledge|Destiny Bond|p1a: Ceruledge\n|-singlemove|p1a: Ceruledge|Destiny Bond\n|\n|upkeep\n|turn|4\n|\n|t:|1700031713\n|move|p1a: Ceruledge|Bitter Blade|p2a: WIGGLY STUFF\n|-damage|p2a: WIGGLY STUFF|45\/100\n|move|p2a: WIGGLY STUFF|Stealth Rock|p1a: Ceruledge\n|-sidestart|p1: vxsikcnkk|move: Stealth Rock\n|\n|-heal|p2a: WIGGLY STUFF|51\/100|[from] item: Leftovers\n|upkeep\n|turn|5\n|\n|t:|1700031722\n|move|p1a: Ceruledge|Bitter Blade|p2a: WIGGLY STUFF\n|-damage|p2a: WIGGLY STUFF|0 fnt\n|faint|p2a: WIGGLY STUFF\n|\n|upkeep\n|\n|t:|1700031732\n|switch|p2a: BUTTERFLY|Vivillon-Pokeball, F|100\/100\n|turn|6\n|\n|t:|1700031736\n|move|p2a: BUTTERFLY|Sleep Powder|p1a: Ceruledge\n|-status|p1a: Ceruledge|slp|[from] move: Sleep Powder\n|cant|p1a: Ceruledge|slp\n|\n|upkeep\n|turn|7\n|\n|t:|1700031744\n|move|p2a: BUTTERFLY|Quiver Dance|p2a: BUTTERFLY\n|-boost|p2a: BUTTERFLY|spa|1\n|-boost|p2a: BUTTERFLY|spd|1\n|-boost|p2a: BUTTERFLY|spe|1\n|-curestatus|p1a: Ceruledge|slp|[msg]\n|move|p1a: Ceruledge|Destiny Bond|p1a: Ceruledge\n|-singlemove|p1a: Ceruledge|Destiny Bond\n|\n|upkeep\n|turn|8\n|\n|t:|1700031754\n|move|p2a: BUTTERFLY|Sleep Powder|p1a: Ceruledge\n|-status|p1a: Ceruledge|slp|[from] move: Sleep Powder\n|cant|p1a: Ceruledge|slp\n|\n|upkeep\n|turn|9\n|\n|t:|1700031763\n|move|p2a: BUTTERFLY|Hurricane|p1a: Ceruledge\n|-damage|p1a: Ceruledge|23\/100 slp\n|cant|p1a: Ceruledge|slp\n|\n|upkeep\n|turn|10\n|\n|t:|1700031772\n|switch|p1a: Corviknight|Corviknight, M|100\/100\n|-damage|p1a: Corviknight|88\/100|[from] Stealth Rock\n|move|p2a: BUTTERFLY|Quiver Dance|p2a: BUTTERFLY\n|-boost|p2a: BUTTERFLY|spa|1\n|-boost|p2a: BUTTERFLY|spd|1\n|-boost|p2a: BUTTERFLY|spe|1\n|\n|-heal|p1a: Corviknight|94\/100|[from] item: Leftovers\n|upkeep\n|turn|11\n|\n|t:|1700031784\n|move|p2a: BUTTERFLY|Hurricane|p1a: Corviknight\n|-resisted|p1a: Corviknight\n|-damage|p1a: Corviknight|54\/100\n|move|p1a: Corviknight|Defog|p2a: BUTTERFLY\n|-unboost|p2a: BUTTERFLY|evasion|1\n|-sideend|p1: vxsikcnkk|Stealth Rock|[from] move: Defog|[of] p1a: Corviknight\n|\n|-heal|p1a: Corviknight|60\/100|[from] item: Leftovers\n|upkeep\n|turn|12\n|\n|t:|1700031797\n|move|p2a: BUTTERFLY|Hurricane|p1a: Corviknight\n|-resisted|p1a: Corviknight\n|-damage|p1a: Corviknight|24\/100\n|move|p1a: Corviknight|Iron Head|p2a: BUTTERFLY\n|-damage|p2a: BUTTERFLY|46\/100\n|\n|-heal|p1a: Corviknight|30\/100|[from] item: Leftovers\n|upkeep\n|turn|13\n|\n|t:|1700031812\n|switch|p1a: Ceruledge|Ceruledge, M|23\/100 slp\n|move|p2a: BUTTERFLY|Hurricane|p1a: Ceruledge\n|-damage|p1a: Ceruledge|0 fnt\n|faint|p1a: Ceruledge\n|\n|upkeep\n|\n|t:|1700031820\n|switch|p1a: Meowscarada|Meowscarada, F|100\/100\n|turn|14\n|\n|t:|1700031826\n|move|p2a: BUTTERFLY|Bug Buzz|p1a: Meowscarada\n|-supereffective|p1a: Meowscarada\n|-damage|p1a: Meowscarada|0 fnt\n|faint|p1a: Meowscarada\n|\n|upkeep\n|\n|t:|1700031834\n|switch|p1a: Hawlucha|Hawlucha, F|100\/100\n|turn|15\n|\n|t:|1700031838\n|-terastallize|p1a: Hawlucha|Steel\n|move|p2a: BUTTERFLY|Hurricane|p1a: Hawlucha\n|-resisted|p1a: Hawlucha\n|-damage|p1a: Hawlucha|20\/100\n|-start|p1a: Hawlucha|confusion\n|-activate|p1a: Hawlucha|confusion\n|-damage|p1a: Hawlucha|4\/100|[from] confusion\n|\n|upkeep\n|turn|16\n|\n|t:|1700031850\n|move|p2a: BUTTERFLY|Bug Buzz|p1a: Hawlucha\n|-resisted|p1a: Hawlucha\n|-damage|p1a: Hawlucha|0 fnt\n|faint|p1a: Hawlucha\n|\n|upkeep\n|inactive|vxsikcnkk has 120 seconds left.\n|inactive|vxsikcnkk has 90 seconds left.\n|inactive|vxsikcnkk has 60 seconds left.\n|inactive|vxsikcnkk has 30 seconds left.\n|inactive|vxsikcnkk has 20 seconds left.\n|inactive|vxsikcnkk has 15 seconds left.\n|inactive|vxsikcnkk has 10 seconds left.\n|inactive|vxsikcnkk has 5 seconds left.\n|-message|vxsikcnkk lost due to inactivity.\n|\n|win|FromRussiaWithLove\n|raw|vxsikcnkk's rating: 1044 &rarr; <strong>1025<\/strong><br \/>(-19 for losing)\n|raw|FromRussiaWithLove's rating: 1000 &rarr; <strong>1045<\/strong><br \/>(+45 for winning)\n","uploadtime":1700031999,"views":14,"p1id":"vxsikcnkk","p2id":"fromrussiawithlove","formatid":"gen9ou","rating":1025,"private":0,"password":""}