{"id":"gen9ou-1991503367","p1":"LeaderMissingNo","p2":"NaokiS2","format":"[Gen 9] OU","log":"|j|\u2606LeaderMissingNo\n|j|\u2606NaokiS2\n|inactive|Battle timer is ON: inactive players will automatically lose when time's up.\n|t:|1700082914\n|gametype|singles\n|player|p1|LeaderMissingNo|giovanni|\n|player|p2|NaokiS2|marnie-masters3|\n|teamsize|p1|6\n|teamsize|p2|6\n|gen|9\n|tier|[Gen 9] OU\n|rated|Tournament battle\n|rule|Sleep Clause Mod: Limit one foe put to sleep\n|rule|Species Clause: Limit one of each Pok\u00e9mon\n|rule|OHKO Clause: OHKO moves are banned\n|rule|Evasion Items Clause: Evasion items are banned\n|rule|Evasion Moves Clause: Evasion moves are banned\n|rule|Endless Battle Clause: Forcing endless battles is banned\n|rule|HP Percentage Mod: HP is shown in percentages\n|clearpoke\n|poke|p1|Toxapex, M|\n|poke|p1|Blissey, F|\n|poke|p1|Ditto|\n|poke|p1|Glimmora, F|\n|poke|p1|Dondozo, M|\n|poke|p1|Toedscruel, F|\n|poke|p2|Ribombee, F|\n|poke|p2|Iron Moth|\n|poke|p2|Ogerpon-Wellspring, F|\n|poke|p2|Great Tusk|\n|poke|p2|Kingambit, F|\n|poke|p2|Gholdengo|\n|teampreview\n|j|*Lady Monita \u2746\n|\n|t:|1700082937\n|start\n|switch|p1a: Glimmora|Glimmora, F|100\/100\n|switch|p2a: Ogerpon|Ogerpon-Wellspring, F|100\/100\n|turn|1\n|\n|t:|1700082947\n|-terastallize|p1a: Glimmora|Flying\n|move|p1a: Glimmora|Spiky Shield|p1a: Glimmora\n|-singleturn|p1a: Glimmora|move: Protect\n|move|p2a: Ogerpon|Ivy Cudgel|p1a: Glimmora|[anim] Ivy Cudgel Water\n|-activate|p1a: Glimmora|move: Protect\n|\n|upkeep\n|turn|2\n|\n|t:|1700082954\n|switch|p1a: Toxapex|Toxapex, M|100\/100\n|move|p2a: Ogerpon|Encore||[still]\n|-fail|p2a: Ogerpon\n|\n|upkeep\n|turn|3\n|\n|t:|1700082959\n|switch|p2a: Ribombee|Ribombee, F|100\/100\n|move|p1a: Toxapex|Toxic|p2a: Ribombee\n|-status|p2a: Ribombee|tox\n|\n|-damage|p2a: Ribombee|94\/100 tox|[from] psn\n|upkeep\n|turn|4\n|\n|t:|1700082962\n|move|p2a: Ribombee|Sticky Web|p1a: Toxapex\n|-sidestart|p1: LeaderMissingNo|move: Sticky Web\n|move|p1a: Toxapex|Poison Jab|p2a: Ribombee\n|-supereffective|p2a: Ribombee\n|-damage|p2a: Ribombee|14\/100 tox\n|\n|-damage|p2a: Ribombee|2\/100 tox|[from] psn\n|upkeep\n|turn|5\n|\n|t:|1700082966\n|switch|p2a: Gholdengo|Gholdengo|100\/100\n|-item|p2a: Gholdengo|Air Balloon\n|move|p1a: Toxapex|Baneful Bunker||[still]\n|-fail|p1a: Toxapex\n|\n|upkeep\n|turn|6\n|\n|t:|1700082970\n|switch|p1a: Toedscruel|Toedscruel, F|100\/100\n|move|p2a: Gholdengo|Nasty Plot|p2a: Gholdengo\n|-boost|p2a: Gholdengo|spa|2\n|\n|upkeep\n|turn|7\n|\n|t:|1700082978\n|move|p2a: Gholdengo|Make It Rain|p1a: Toedscruel\n|-damage|p1a: Toedscruel|23\/100\n|-unboost|p2a: Gholdengo|spa|1\n|move|p1a: Toedscruel|Leech Seed|p2a: Gholdengo\n|-start|p2a: Gholdengo|move: Leech Seed\n|\n|-damage|p2a: Gholdengo|88\/100|[from] Leech Seed|[of] p1a: Toedscruel\n|-heal|p1a: Toedscruel|34\/100|[silent]\n|upkeep\n|turn|8\n|\n|t:|1700082981\n|move|p2a: Gholdengo|Shadow Ball|p1a: Toedscruel\n|-damage|p1a: Toedscruel|0 fnt\n|faint|p1a: Toedscruel\n|\n|upkeep\n|\n|t:|1700082986\n|switch|p1a: Ditto|Ditto, shiny|100\/100\n|-activate|p1a: Ditto|move: Sticky Web\n|-unboost|p1a: Ditto|spe|1\n|-transform|p1a: Ditto|p2a: Gholdengo|[from] ability: Imposter\n|turn|9\n|\n|t:|1700082989\n|switch|p2a: Ribombee|Ribombee, F|2\/100 tox\n|move|p1a: Ditto|Shadow Ball|p2a: Ribombee\n|-damage|p2a: Ribombee|0 fnt\n|faint|p2a: Ribombee\n|\n|upkeep\n|\n|t:|1700082992\n|switch|p2a: Iron Moth|Iron Moth|100\/100\n|-enditem|p2a: Iron Moth|Booster Energy\n|-activate|p2a: Iron Moth|ability: Quark Drive|[fromitem]\n|-start|p2a: Iron Moth|quarkdrivespa\n|turn|10\n|\n|t:|1700082994\n|switch|p1a: Blissey|Blissey, F|100\/100\n|-activate|p1a: Blissey|move: Sticky Web\n|-unboost|p1a: Blissey|spe|1\n|move|p2a: Iron Moth|Fiery Dance|p1a: Blissey\n|-damage|p1a: Blissey|81\/100\n|-boost|p2a: Iron Moth|spa|1\n|\n|-heal|p1a: Blissey|87\/100|[from] item: Leftovers\n|upkeep\n|turn|11\n|\n|t:|1700083001\n|-end|p2a: Iron Moth|Quark Drive|[silent]\n|switch|p2a: Ogerpon|Ogerpon-Wellspring, F|100\/100\n|move|p1a: Blissey|Stealth Rock|p2a: Ogerpon\n|-sidestart|p2: NaokiS2|move: Stealth Rock\n|\n|-heal|p1a: Blissey|93\/100|[from] item: Leftovers\n|upkeep\n|turn|12\n|\n|t:|1700083004\n|switch|p1a: Toxapex|Toxapex, M|100\/100\n|-activate|p1a: Toxapex|move: Sticky Web\n|-unboost|p1a: Toxapex|spe|1\n|move|p2a: Ogerpon|Ivy Cudgel|p1a: Toxapex|[anim] Ivy Cudgel Water\n|-resisted|p1a: Toxapex\n|-crit|p1a: Toxapex\n|-damage|p1a: Toxapex|71\/100\n|\n|-heal|p1a: Toxapex|77\/100|[from] item: Leftovers\n|upkeep\n|turn|13\n|\n|t:|1700083009\n|switch|p2a: Gholdengo|Gholdengo|88\/100\n|-damage|p2a: Gholdengo|82\/100|[from] Stealth Rock\n|-item|p2a: Gholdengo|Air Balloon\n|move|p1a: Toxapex|Toxic|p2a: Gholdengo\n|-immune|p2a: Gholdengo|[from] ability: Good as Gold\n|\n|-heal|p1a: Toxapex|84\/100|[from] item: Leftovers\n|upkeep\n|turn|14\n|\n|t:|1700083013\n|switch|p1a: Blissey|Blissey, F|93\/100\n|-activate|p1a: Blissey|move: Sticky Web\n|-unboost|p1a: Blissey|spe|1\n|move|p2a: Gholdengo|Nasty Plot|p2a: Gholdengo\n|-boost|p2a: Gholdengo|spa|2\n|\n|-heal|p1a: Blissey|99\/100|[from] item: Leftovers\n|upkeep\n|turn|15\n|\n|t:|1700083016\n|move|p2a: Gholdengo|Nasty Plot|p2a: Gholdengo\n|-boost|p2a: Gholdengo|spa|2\n|move|p1a: Blissey|Shadow Ball|p2a: Gholdengo\n|-supereffective|p2a: Gholdengo\n|-damage|p2a: Gholdengo|52\/100\n|-enditem|p2a: Gholdengo|Air Balloon\n|\n|-heal|p1a: Blissey|100\/100|[from] item: Leftovers\n|upkeep\n|turn|16\n|\n|t:|1700083019\n|move|p2a: Gholdengo|Make It Rain|p1a: Blissey\n|-damage|p1a: Blissey|29\/100\n|-unboost|p2a: Gholdengo|spa|1\n|move|p1a: Blissey|Shadow Ball|p2a: Gholdengo\n|-supereffective|p2a: Gholdengo\n|-damage|p2a: Gholdengo|20\/100\n|-unboost|p2a: Gholdengo|spd|1\n|\n|-heal|p1a: Blissey|35\/100|[from] item: Leftovers\n|upkeep\n|turn|17\n|j| sandveil10\n|\n|t:|1700083044\n|move|p1a: Blissey|Protect|p1a: Blissey\n|-singleturn|p1a: Blissey|Protect\n|move|p2a: Gholdengo|Make It Rain|p1a: Blissey\n|-activate|p1a: Blissey|move: Protect\n|\n|-heal|p1a: Blissey|41\/100|[from] item: Leftovers\n|upkeep\n|turn|18\n|\n|t:|1700083050\n|switch|p1a: Toxapex|Toxapex, M|100\/100\n|-activate|p1a: Toxapex|move: Sticky Web\n|-unboost|p1a: Toxapex|spe|1\n|move|p2a: Gholdengo|Make It Rain|p1a: Toxapex\n|-resisted|p1a: Toxapex\n|-damage|p1a: Toxapex|38\/100\n|-unboost|p2a: Gholdengo|spa|1\n|\n|-heal|p1a: Toxapex|44\/100|[from] item: Leftovers\n|upkeep\n|turn|19\n|\n|t:|1700083057\n|move|p2a: Gholdengo|Recover|p2a: Gholdengo\n|-heal|p2a: Gholdengo|71\/100\n|move|p1a: Toxapex|Infestation|p2a: Gholdengo\n|-resisted|p2a: Gholdengo\n|-damage|p2a: Gholdengo|70\/100\n|-activate|p2a: Gholdengo|move: Infestation|[of] p1a: Toxapex\n|\n|-heal|p1a: Toxapex|50\/100|[from] item: Leftovers\n|-damage|p2a: Gholdengo|57\/100|[from] move: Infestation|[partiallytrapped]\n|upkeep\n|turn|20\n|\n|t:|1700083061\n|move|p1a: Toxapex|Baneful Bunker|p1a: Toxapex\n|-singleturn|p1a: Toxapex|move: Protect\n|move|p2a: Gholdengo|Shadow Ball|p1a: Toxapex\n|-activate|p1a: Toxapex|move: Protect\n|\n|-heal|p1a: Toxapex|56\/100|[from] item: Leftovers\n|-damage|p2a: Gholdengo|45\/100|[from] move: Infestation|[partiallytrapped]\n|upkeep\n|turn|21\n|\n|t:|1700083067\n|switch|p1a: Ditto|Ditto, shiny|100\/100\n|-activate|p1a: Ditto|move: Sticky Web\n|-unboost|p1a: Ditto|spe|1\n|-transform|p1a: Ditto|p2a: Gholdengo|[from] ability: Imposter\n|move|p2a: Gholdengo|Shadow Ball|p1a: Ditto\n|-supereffective|p1a: Ditto\n|-crit|p1a: Ditto\n|-damage|p1a: Ditto|0 fnt\n|faint|p1a: Ditto\n|\n|-end|p2a: Gholdengo|Infestation|[partiallytrapped]|[silent]\n|upkeep\n|\n|t:|1700083072\n|switch|p1a: Blissey|Blissey, F|41\/100\n|-activate|p1a: Blissey|move: Sticky Web\n|-unboost|p1a: Blissey|spe|1\n|turn|22\n|-message|LeaderMissingNo forfeited.\n|\n|win|NaokiS2\n|n|\u2606LeaderMissingNo|leadermissingno\n|n|\u2606NaokiS2|naokis2\n|n|*Lady Monita \u2746|ladymonita\n|n| sandveil10|sandveil10\n|l|*Lady Monita \u2746\n|l|\u2606LeaderMissingNo\n","uploadtime":1700083091,"views":7,"p1id":"leadermissingno","p2id":"naokis2","formatid":"gen9ou","rating":0,"private":0,"password":""}