{"id":"gen9ou-1988576543","p1":"penguinpenguin1","p2":"Alice-chan89","format":"[Gen 9] OU","log":"|j|\u2606penguinpenguin1\n|j|\u2606Alice-chan89\n|t:|1699737953\n|gametype|singles\n|player|p1|penguinpenguin1|1|1292\n|player|p2|Alice-chan89|elesa|1332\n|teamsize|p1|6\n|teamsize|p2|6\n|gen|9\n|tier|[Gen 9] OU\n|rated|\n|rule|Sleep Clause Mod: Limit one foe put to sleep\n|rule|Species Clause: Limit one of each Pok\u00e9mon\n|rule|OHKO Clause: OHKO moves are banned\n|rule|Evasion Items Clause: Evasion items are banned\n|rule|Evasion Moves Clause: Evasion moves are banned\n|rule|Endless Battle Clause: Forcing endless battles is banned\n|rule|HP Percentage Mod: HP is shown in percentages\n|clearpoke\n|poke|p1|Iron Jugulis|\n|poke|p1|Ogerpon-Wellspring, F|\n|poke|p1|Tinkaton, F|\n|poke|p1|Iron Moth|\n|poke|p1|Great Tusk|\n|poke|p1|Dragapult, M|\n|poke|p2|Great Tusk|\n|poke|p2|Iron Hands|\n|poke|p2|Enamorus, F|\n|poke|p2|Gholdengo|\n|poke|p2|Torkoal, M|\n|poke|p2|Walking Wake|\n|teampreview\n|inactive|Battle timer is ON: inactive players will automatically lose when time's up. (requested by penguinpenguin1)\n|\n|t:|1699737968\n|start\n|switch|p1a: Iron Jugulis|Iron Jugulis|100\/100\n|switch|p2a: Alpha|Iron Hands, shiny|100\/100\n|-enditem|p1a: Iron Jugulis|Booster Energy\n|-activate|p1a: Iron Jugulis|ability: Quark Drive|[fromitem]\n|-start|p1a: Iron Jugulis|quarkdrivespe\n|turn|1\n|\n|t:|1699737975\n|move|p2a: Alpha|Fake Out|p1a: Iron Jugulis\n|-damage|p1a: Iron Jugulis|80\/100\n|cant|p1a: Iron Jugulis|flinch\n|\n|upkeep\n|turn|2\n|\n|t:|1699737983\n|move|p1a: Iron Jugulis|Earth Power|p2a: Alpha\n|-supereffective|p2a: Alpha\n|-damage|p2a: Alpha|64\/100\n|move|p2a: Alpha|Volt Switch|p1a: Iron Jugulis\n|-supereffective|p1a: Iron Jugulis\n|-damage|p1a: Iron Jugulis|47\/100\n|\n|t:|1699737997\n|-end|p2a: Alpha|Quark Drive|[silent]\n|switch|p2a: Goldmember|Gholdengo, shiny|100\/100|[from] Volt Switch\n|\n|upkeep\n|turn|3\n|\n|t:|1699738004\n|move|p1a: Iron Jugulis|Knock Off|p2a: Goldmember\n|-supereffective|p2a: Goldmember\n|-damage|p2a: Goldmember|41\/100\n|-enditem|p2a: Goldmember|Choice Scarf|[from] move: Knock Off|[of] p1a: Iron Jugulis\n|move|p2a: Goldmember|Charge Beam|p1a: Iron Jugulis\n|-supereffective|p1a: Iron Jugulis\n|-damage|p1a: Iron Jugulis|0 fnt\n|-boost|p2a: Goldmember|spa|1\n|faint|p1a: Iron Jugulis\n|-end|p1a: Iron Jugulis|Quark Drive|[silent]\n|\n|upkeep\n|\n|t:|1699738016\n|switch|p1a: Iron Moth|Iron Moth|100\/100\n|-enditem|p1a: Iron Moth|Booster Energy\n|-activate|p1a: Iron Moth|ability: Quark Drive|[fromitem]\n|-start|p1a: Iron Moth|quarkdrivespe\n|turn|4\n|\n|t:|1699738026\n|move|p1a: Iron Moth|Fiery Dance|p2a: Goldmember\n|-supereffective|p2a: Goldmember\n|-damage|p2a: Goldmember|0 fnt\n|-boost|p1a: Iron Moth|spa|1\n|faint|p2a: Goldmember\n|\n|upkeep\n|\n|t:|1699738040\n|switch|p2a: Shep|Great Tusk, shiny|100\/100\n|turn|5\n|\n|t:|1699738046\n|move|p1a: Iron Moth|Psychic|p2a: Shep\n|-supereffective|p2a: Shep\n|-damage|p2a: Shep|9\/100\n|move|p2a: Shep|Headlong Rush|p1a: Iron Moth\n|-supereffective|p1a: Iron Moth\n|-damage|p1a: Iron Moth|0 fnt\n|-unboost|p2a: Shep|def|1\n|-unboost|p2a: Shep|spd|1\n|faint|p1a: Iron Moth\n|-end|p1a: Iron Moth|Quark Drive|[silent]\n|\n|upkeep\n|\n|t:|1699738059\n|switch|p1a: Great Tusk|Great Tusk|100\/100\n|-enditem|p1a: Great Tusk|Booster Energy\n|-activate|p1a: Great Tusk|ability: Protosynthesis|[fromitem]\n|-start|p1a: Great Tusk|protosynthesisspe\n|turn|6\n|\n|t:|1699738075\n|move|p1a: Great Tusk|Rapid Spin|p2a: Shep\n|-damage|p2a: Shep|0 fnt\n|-boost|p1a: Great Tusk|spe|1\n|faint|p2a: Shep\n|-end|p2a: Shep|Protosynthesis|[silent]\n|\n|upkeep\n|\n|t:|1699738080\n|switch|p2a: Enamorus|Enamorus, F|100\/100\n|turn|7\n|\n|t:|1699738088\n|-terastallize|p1a: Great Tusk|Poison\n|move|p1a: Great Tusk|Bulk Up|p1a: Great Tusk\n|-boost|p1a: Great Tusk|atk|1\n|-boost|p1a: Great Tusk|def|1\n|move|p2a: Enamorus|Superpower|p1a: Great Tusk\n|-resisted|p1a: Great Tusk\n|-damage|p1a: Great Tusk|93\/100\n|-boost|p2a: Enamorus|atk|1\n|-boost|p2a: Enamorus|def|1\n|\n|upkeep\n|turn|8\n|\n|t:|1699738098\n|move|p1a: Great Tusk|Ice Spinner|p2a: Enamorus\n|-supereffective|p2a: Enamorus\n|-damage|p2a: Enamorus|26\/100\n|move|p2a: Enamorus|Superpower|p1a: Great Tusk\n|-resisted|p1a: Great Tusk\n|-damage|p1a: Great Tusk|81\/100\n|-boost|p2a: Enamorus|atk|1\n|-boost|p2a: Enamorus|def|1\n|\n|upkeep\n|turn|9\n|\n|t:|1699738111\n|move|p1a: Great Tusk|Ice Spinner|p2a: Enamorus\n|-supereffective|p2a: Enamorus\n|-damage|p2a: Enamorus|0 fnt\n|faint|p2a: Enamorus\n|\n|upkeep\n|\n|t:|1699738116\n|switch|p2a: Raphael|Torkoal, M, shiny|100\/100\n|-weather|SunnyDay|[from] ability: Drought|[of] p2a: Raphael\n|turn|10\n|\n|t:|1699738122\n|move|p1a: Great Tusk|Headlong Rush|p2a: Raphael\n|-supereffective|p2a: Raphael\n|-damage|p2a: Raphael|0 fnt\n|-unboost|p1a: Great Tusk|def|1\n|-unboost|p1a: Great Tusk|spd|1\n|faint|p2a: Raphael\n|\n|-weather|SunnyDay|[upkeep]\n|upkeep\n|\n|t:|1699738129\n|switch|p2a: Blue|Walking Wake|100\/100\n|-activate|p2a: Blue|ability: Protosynthesis\n|-start|p2a: Blue|protosynthesisspe\n|turn|11\n|\n|t:|1699738135\n|-terastallize|p2a: Blue|Water\n|move|p1a: Great Tusk|Headlong Rush|p2a: Blue\n|-damage|p2a: Blue|12\/100\n|-unboost|p1a: Great Tusk|def|1\n|-unboost|p1a: Great Tusk|spd|1\n|move|p2a: Blue|Hydro Steam|p1a: Great Tusk\n|-damage|p1a: Great Tusk|0 fnt\n|faint|p1a: Great Tusk\n|-end|p1a: Great Tusk|Protosynthesis|[silent]\n|\n|-weather|SunnyDay|[upkeep]\n|upkeep\n|\n|t:|1699738144\n|switch|p1a: Ogerpon|Ogerpon-Wellspring, F|100\/100\n|turn|12\n|\n|t:|1699738151\n|move|p2a: Blue|Draco Meteor|p1a: Ogerpon\n|-crit|p1a: Ogerpon\n|-damage|p1a: Ogerpon|0 fnt\n|-unboost|p2a: Blue|spa|2\n|faint|p1a: Ogerpon\n|\n|-weather|SunnyDay|[upkeep]\n|upkeep\n|\n|t:|1699738154\n|switch|p1a: Dragapult|Dragapult, M|100\/100\n|turn|13\n|\n|t:|1699738159\n|move|p2a: Blue|Draco Meteor|p1a: Dragapult\n|-supereffective|p1a: Dragapult\n|-damage|p1a: Dragapult|5\/100\n|-unboost|p2a: Blue|spa|2\n|move|p1a: Dragapult|Shadow Ball|p2a: Blue\n|-damage|p2a: Blue|0 fnt\n|faint|p2a: Blue\n|-end|p2a: Blue|Protosynthesis|[silent]\n|\n|-weather|SunnyDay|[upkeep]\n|upkeep\n|\n|t:|1699738168\n|switch|p2a: Alpha|Iron Hands, shiny|64\/100\n|turn|14\n|\n|t:|1699738171\n|move|p1a: Dragapult|Shadow Ball|p2a: Alpha\n|-damage|p2a: Alpha|35\/100\n|-unboost|p2a: Alpha|spd|1\n|move|p2a: Alpha|Thunder Punch|p1a: Dragapult\n|-resisted|p1a: Dragapult\n|-damage|p1a: Dragapult|0 fnt\n|faint|p1a: Dragapult\n|\n|-weather|SunnyDay|[upkeep]\n|upkeep\n|\n|t:|1699738175\n|switch|p1a: TWINKATON|Tinkaton, F|100\/100\n|-item|p1a: TWINKATON|Air Balloon\n|turn|15\n|\n|t:|1699738182\n|move|p1a: TWINKATON|Play Rough|p2a: Alpha\n|-supereffective|p2a: Alpha\n|-damage|p2a: Alpha|2\/100\n|move|p2a: Alpha|Thunder Punch|p1a: TWINKATON\n|-damage|p1a: TWINKATON|51\/100\n|-enditem|p1a: TWINKATON|Air Balloon\n|-enditem|p2a: Alpha|Assault Vest|[silent]|[from] ability: Pickpocket|[of] p2a: Alpha\n|-item|p1a: TWINKATON|Assault Vest|[from] ability: Pickpocket|[of] p2a: Alpha\n|\n|-weather|SunnyDay|[upkeep]\n|upkeep\n|turn|16\n|\n|t:|1699738192\n|move|p1a: TWINKATON|Play Rough|p2a: Alpha\n|-supereffective|p2a: Alpha\n|-damage|p2a: Alpha|0 fnt\n|faint|p2a: Alpha\n|-end|p2a: Alpha|Quark Drive|[silent]\n|\n|win|penguinpenguin1\n|raw|penguinpenguin1's rating: 1292 &rarr; <strong>1320<\/strong><br \/>(+28 for winning)\n|raw|Alice-chan89's rating: 1332 &rarr; <strong>1310<\/strong><br \/>(-22 for losing)\n","uploadtime":1699738200,"views":10,"p1id":"penguinpenguin1","p2id":"alicechan89","formatid":"gen9ou","rating":1310,"private":0,"password":""}