{"id":"gen9ou-1991437560","p1":"Pando067","p2":"disgustingboymoder","format":"[Gen 9] OU","log":"|j|\u203dPando067\n|j|\u2606disgustingboymoder\n|t:|1700077057\n|gametype|singles\n|player|p1|Pando067|psychic-lgpe|1466\n|player|p2|disgustingboymoder|kieran|1386\n|teamsize|p1|6\n|teamsize|p2|6\n|gen|9\n|tier|[Gen 9] OU\n|rated|\n|rule|Sleep Clause Mod: Limit one foe put to sleep\n|rule|Species Clause: Limit one of each Pok\u00e9mon\n|rule|OHKO Clause: OHKO moves are banned\n|rule|Evasion Items Clause: Evasion items are banned\n|rule|Evasion Moves Clause: Evasion moves are banned\n|rule|Endless Battle Clause: Forcing endless battles is banned\n|rule|HP Percentage Mod: HP is shown in percentages\n|clearpoke\n|poke|p1|Alomomola, F|\n|poke|p1|Blissey, F|\n|poke|p1|Corviknight, M|\n|poke|p1|Weezing-Galar, M|\n|poke|p1|Dondozo, F|\n|poke|p1|Clefable, F|\n|poke|p2|Rillaboom, M|\n|poke|p2|Sneasler, M|\n|poke|p2|Ting-Lu|\n|poke|p2|Garganacl, F|\n|poke|p2|Dragonite, F|\n|poke|p2|Iron Moth|\n|teampreview\n|\n|t:|1700077078\n|start\n|switch|p1a: Clefable|Clefable, F|100\/100\n|switch|p2a: Ting-Lu|Ting-Lu|100\/100\n|-ability|p2a: Ting-Lu|Vessel of Ruin\n|turn|1\n|\n|t:|1700077081\n|move|p1a: Clefable|Stealth Rock|p2a: Ting-Lu\n|-sidestart|p2: disgustingboymoder|move: Stealth Rock\n|move|p2a: Ting-Lu|Spikes|p1a: Clefable\n|-sidestart|p1: Pando067|Spikes\n|\n|upkeep\n|turn|2\n|\n|t:|1700077084\n|move|p1a: Clefable|Knock Off|p2a: Ting-Lu\n|-resisted|p2a: Ting-Lu\n|-damage|p2a: Ting-Lu|96\/100\n|-enditem|p2a: Ting-Lu|Leftovers|[from] move: Knock Off|[of] p1a: Clefable\n|move|p2a: Ting-Lu|Spikes|p1a: Clefable\n|-sidestart|p1: Pando067|Spikes\n|\n|upkeep\n|turn|3\n|\n|t:|1700077090\n|switch|p1a: Corviknight|Corviknight, M|100\/100\n|-ability|p1a: Corviknight|Pressure\n|move|p2a: Ting-Lu|Spikes|p1a: Corviknight\n|-sidestart|p1: Pando067|Spikes\n|\n|upkeep\n|turn|4\n|\n|t:|1700077115\n|switch|p2a: Garganacl|Garganacl, F|100\/100\n|-damage|p2a: Garganacl|88\/100|[from] Stealth Rock\n|move|p1a: Corviknight|Iron Defense|p1a: Corviknight\n|-boost|p1a: Corviknight|def|2\n|\n|-heal|p2a: Garganacl|94\/100|[from] item: Leftovers\n|upkeep\n|turn|5\n|inactive|Battle timer is ON: inactive players will automatically lose when time's up. (requested by disgustingboymoder)\n|\n|t:|1700077154\n|-terastallize|p2a: Garganacl|Ghost\n|move|p1a: Corviknight|Body Press|p2a: Garganacl\n|-immune|p2a: Garganacl\n|move|p2a: Garganacl|Salt Cure|p1a: Corviknight\n|-damage|p1a: Corviknight|95\/100\n|-start|p1a: Corviknight|Salt Cure\n|\n|-heal|p1a: Corviknight|100\/100|[from] item: Leftovers\n|-heal|p2a: Garganacl|100\/100|[from] item: Leftovers\n|-damage|p1a: Corviknight|75\/100|[from] Salt Cure\n|upkeep\n|turn|6\n|\n|t:|1700077165\n|switch|p1a: Clefable|Clefable, F|100\/100\n|move|p2a: Garganacl|Iron Defense|p2a: Garganacl\n|-boost|p2a: Garganacl|def|2\n|\n|upkeep\n|turn|7\n|\n|t:|1700077177\n|switch|p2a: Iron Moth|Iron Moth|100\/100\n|-damage|p2a: Iron Moth|76\/100|[from] Stealth Rock\n|-enditem|p2a: Iron Moth|Booster Energy\n|-activate|p2a: Iron Moth|ability: Quark Drive|[fromitem]\n|-start|p2a: Iron Moth|quarkdrivespe\n|move|p1a: Clefable|Knock Off|p2a: Iron Moth\n|-damage|p2a: Iron Moth|62\/100\n|\n|upkeep\n|turn|8\n|\n|t:|1700077189\n|move|p1a: Clefable|Protect|p1a: Clefable\n|-singleturn|p1a: Clefable|Protect\n|move|p2a: Iron Moth|Fiery Dance|p1a: Clefable\n|-activate|p1a: Clefable|move: Protect\n|\n|upkeep\n|turn|9\n|\n|t:|1700077196\n|switch|p1a: Alomomola|Alomomola, F|100\/100\n|move|p2a: Iron Moth|Fiery Dance|p1a: Alomomola\n|-resisted|p1a: Alomomola\n|-crit|p1a: Alomomola\n|-damage|p1a: Alomomola|78\/100\n|\n|upkeep\n|turn|10\n|\n|t:|1700077201\n|move|p2a: Iron Moth|Energy Ball|p1a: Alomomola\n|-supereffective|p1a: Alomomola\n|-damage|p1a: Alomomola|30\/100\n|move|p1a: Alomomola|Whirlpool|p2a: Iron Moth|[miss]\n|-miss|p1a: Alomomola|p2a: Iron Moth\n|\n|upkeep\n|turn|11\n|\n|t:|1700077207\n|switch|p1a: Corviknight|Corviknight, M|75\/100\n|-ability|p1a: Corviknight|Pressure\n|move|p2a: Iron Moth|Energy Ball|p1a: Corviknight\n|-resisted|p1a: Corviknight\n|-damage|p1a: Corviknight|70\/100\n|\n|-heal|p1a: Corviknight|76\/100|[from] item: Leftovers\n|upkeep\n|turn|12\n|\n|t:|1700077214\n|switch|p1a: Blissey|Blissey, F|100\/100\n|move|p2a: Iron Moth|Fiery Dance|p1a: Blissey\n|-damage|p1a: Blissey|83\/100\n|-boost|p2a: Iron Moth|spa|1\n|\n|upkeep\n|turn|13\n|\n|t:|1700077221\n|-end|p2a: Iron Moth|Quark Drive|[silent]\n|switch|p2a: Garganacl|Garganacl, F, tera:Ghost|100\/100\n|-damage|p2a: Garganacl|88\/100|[from] Stealth Rock\n|move|p1a: Blissey|Calm Mind|p1a: Blissey\n|-boost|p1a: Blissey|spa|1\n|-boost|p1a: Blissey|spd|1\n|\n|-heal|p2a: Garganacl|94\/100|[from] item: Leftovers\n|upkeep\n|turn|14\n|inactive|Pando067 has 120 seconds left.\n|\n|t:|1700077260\n|switch|p1a: Clefable|Clefable, F|100\/100\n|move|p2a: Garganacl|Salt Cure|p1a: Clefable\n|-damage|p1a: Clefable|89\/100\n|-start|p1a: Clefable|Salt Cure\n|\n|-heal|p1a: Clefable|95\/100|[from] item: Leftovers\n|-heal|p2a: Garganacl|100\/100|[from] item: Leftovers\n|upkeep\n|turn|15\n|\n|t:|1700077278\n|switch|p2a: Sneasler|Sneasler, M|100\/100\n|-damage|p2a: Sneasler|95\/100|[from] Stealth Rock\n|move|p1a: Clefable|Knock Off|p2a: Sneasler\n|-resisted|p2a: Sneasler\n|-damage|p2a: Sneasler|81\/100\n|-enditem|p2a: Sneasler|Grassy Seed|[from] move: Knock Off|[of] p1a: Clefable\n|\n|-heal|p1a: Clefable|100\/100|[from] item: Leftovers\n|upkeep\n|turn|16\n|\n|t:|1700077287\n|switch|p1a: Corviknight|Corviknight, M|76\/100\n|-ability|p1a: Corviknight|Pressure\n|move|p2a: Sneasler|Dire Claw|p1a: Corviknight\n|-immune|p1a: Corviknight\n|\n|-heal|p1a: Corviknight|82\/100|[from] item: Leftovers\n|upkeep\n|turn|17\n|\n|t:|1700077292\n|move|p2a: Sneasler|Swords Dance|p2a: Sneasler\n|-boost|p2a: Sneasler|atk|2\n|move|p1a: Corviknight|Body Press|p2a: Sneasler\n|-resisted|p2a: Sneasler\n|-damage|p2a: Sneasler|66\/100\n|\n|-heal|p1a: Corviknight|89\/100|[from] item: Leftovers\n|upkeep\n|turn|18\n|\n|t:|1700077295\n|move|p2a: Sneasler|Swords Dance|p2a: Sneasler\n|-boost|p2a: Sneasler|atk|2\n|move|p1a: Corviknight|Iron Defense|p1a: Corviknight\n|-boost|p1a: Corviknight|def|2\n|\n|-heal|p1a: Corviknight|95\/100|[from] item: Leftovers\n|upkeep\n|turn|19\n|\n|t:|1700077298\n|move|p2a: Sneasler|Close Combat|p1a: Corviknight\n|-damage|p1a: Corviknight|5\/100\n|-unboost|p2a: Sneasler|def|1\n|-unboost|p2a: Sneasler|spd|1\n|move|p1a: Corviknight|Iron Defense|p1a: Corviknight\n|-boost|p1a: Corviknight|def|2\n|\n|-heal|p1a: Corviknight|11\/100|[from] item: Leftovers\n|upkeep\n|turn|20\n|\n|t:|1700077308\n|switch|p1a: Dondozo|Dondozo, F|100\/100\n|move|p2a: Sneasler|Acrobatics|p1a: Dondozo\n|-damage|p1a: Dondozo|80\/100\n|\n|upkeep\n|turn|21\n|\n|t:|1700077313\n|switch|p2a: Rillaboom|Rillaboom, M|100\/100\n|-damage|p2a: Rillaboom|88\/100|[from] Stealth Rock\n|-fieldstart|move: Grassy Terrain|[from] ability: Grassy Surge|[of] p2a: Rillaboom\n|move|p1a: Dondozo|Curse|p1a: Dondozo\n|-unboost|p1a: Dondozo|spe|1\n|-boost|p1a: Dondozo|atk|1\n|-boost|p1a: Dondozo|def|1\n|\n|-heal|p2a: Rillaboom|94\/100|[from] Grassy Terrain\n|-heal|p1a: Dondozo|86\/100|[from] Grassy Terrain\n|upkeep\n|turn|22\n|\n|t:|1700077319\n|switch|p1a: Corviknight|Corviknight, M|11\/100\n|-ability|p1a: Corviknight|Pressure\n|move|p2a: Rillaboom|Wood Hammer|p1a: Corviknight\n|-resisted|p1a: Corviknight\n|-damage|p1a: Corviknight|0 fnt\n|faint|p1a: Corviknight\n|-damage|p2a: Rillaboom|90\/100|[from] Recoil\n|\n|-heal|p2a: Rillaboom|96\/100|[from] Grassy Terrain\n|upkeep\n|\n|t:|1700077326\n|switch|p1a: Weezing|Weezing-Galar, M|100\/100\n|-ability|p1a: Weezing|Neutralizing Gas\n|turn|23\n|\n|t:|1700077330\n|switch|p2a: Iron Moth|Iron Moth|62\/100\n|-damage|p2a: Iron Moth|37\/100|[from] Stealth Rock\n|move|p1a: Weezing|Will-O-Wisp|p2a: Iron Moth\n|-immune|p2a: Iron Moth\n|\n|-heal|p2a: Iron Moth|43\/100|[from] Grassy Terrain\n|upkeep\n|turn|24\n|\n|t:|1700077336\n|-end|p1a: Weezing|ability: Neutralizing Gas\n|switch|p1a: Blissey|Blissey, F|83\/100\n|move|p2a: Iron Moth|Psychic|p1a: Blissey\n|-damage|p1a: Blissey|71\/100\n|\n|-heal|p2a: Iron Moth|49\/100|[from] Grassy Terrain\n|-heal|p1a: Blissey|77\/100|[from] Grassy Terrain\n|upkeep\n|turn|25\n|\n|t:|1700077346\n|-end|p2a: Iron Moth|Quark Drive|[silent]\n|switch|p2a: Ting-Lu|Ting-Lu|96\/100\n|-damage|p2a: Ting-Lu|90\/100|[from] Stealth Rock\n|-ability|p2a: Ting-Lu|Vessel of Ruin\n|move|p1a: Blissey|Seismic Toss|p2a: Ting-Lu\n|-damage|p2a: Ting-Lu|71\/100\n|\n|-heal|p1a: Blissey|84\/100|[from] Grassy Terrain\n|-heal|p2a: Ting-Lu|77\/100|[from] Grassy Terrain\n|-fieldend|move: Grassy Terrain\n|upkeep\n|turn|26\n|\n|t:|1700077355\n|move|p1a: Blissey|Calm Mind|p1a: Blissey\n|-boost|p1a: Blissey|spa|1\n|-boost|p1a: Blissey|spd|1\n|move|p2a: Ting-Lu|Earthquake|p1a: Blissey\n|-damage|p1a: Blissey|46\/100\n|\n|upkeep\n|turn|27\n|\n|t:|1700077360\n|move|p1a: Blissey|Soft-Boiled|p1a: Blissey\n|-heal|p1a: Blissey|96\/100\n|move|p2a: Ting-Lu|Whirlwind|p1a: Blissey\n|drag|p1a: Alomomola|Alomomola, F|63\/100\n|\n|upkeep\n|turn|28\n|\n|t:|1700077366\n|switch|p2a: Rillaboom|Rillaboom, M|96\/100\n|-damage|p2a: Rillaboom|84\/100|[from] Stealth Rock\n|-fieldstart|move: Grassy Terrain|[from] ability: Grassy Surge|[of] p2a: Rillaboom\n|move|p1a: Alomomola|Whirlpool|p2a: Rillaboom\n|-resisted|p2a: Rillaboom\n|-damage|p2a: Rillaboom|80\/100\n|-activate|p2a: Rillaboom|move: Whirlpool|[of] p1a: Alomomola\n|\n|-heal|p2a: Rillaboom|86\/100|[from] Grassy Terrain\n|-heal|p1a: Alomomola|70\/100|[from] Grassy Terrain\n|-damage|p2a: Rillaboom|74\/100|[from] move: Whirlpool|[partiallytrapped]\n|upkeep\n|turn|29\n|\n|t:|1700077368\n|move|p1a: Alomomola|Protect|p1a: Alomomola\n|-singleturn|p1a: Alomomola|Protect\n|move|p2a: Rillaboom|Wood Hammer|p1a: Alomomola\n|-activate|p1a: Alomomola|move: Protect\n|\n|-heal|p2a: Rillaboom|80\/100|[from] Grassy Terrain\n|-heal|p1a: Alomomola|76\/100|[from] Grassy Terrain\n|-damage|p2a: Rillaboom|68\/100|[from] move: Whirlpool|[partiallytrapped]\n|upkeep\n|turn|30\n|\n|t:|1700077373\n|switch|p1a: Weezing|Weezing-Galar, M|100\/100\n|-ability|p1a: Weezing|Neutralizing Gas\n|move|p2a: Rillaboom|Wood Hammer|p1a: Weezing\n|-resisted|p1a: Weezing\n|-damage|p1a: Weezing|51\/100\n|-damage|p2a: Rillaboom|52\/100|[from] Recoil\n|\n|-heal|p2a: Rillaboom|58\/100|[from] Grassy Terrain\n|-heal|p1a: Weezing|57\/100|[from] Grassy Terrain\n|-end|p2a: Rillaboom|Whirlpool|[partiallytrapped]|[silent]\n|upkeep\n|turn|31\n|\n|t:|1700077389\n|switch|p2a: Dragonite|Dragonite, F|100\/100\n|move|p1a: Weezing|Will-O-Wisp|p2a: Dragonite\n|-status|p2a: Dragonite|brn\n|\n|-heal|p1a: Weezing|63\/100|[from] Grassy Terrain\n|-damage|p2a: Dragonite|94\/100 brn|[from] brn\n|upkeep\n|turn|32\n|\n|t:|1700077396\n|switch|p2a: Iron Moth|Iron Moth|49\/100\n|-damage|p2a: Iron Moth|24\/100|[from] Stealth Rock\n|move|p1a: Weezing|Strange Steam|p2a: Iron Moth\n|-resisted|p2a: Iron Moth\n|-damage|p2a: Iron Moth|17\/100\n|\n|-heal|p2a: Iron Moth|23\/100|[from] Grassy Terrain\n|-heal|p1a: Weezing|69\/100|[from] Grassy Terrain\n|-fieldend|move: Grassy Terrain\n|upkeep\n|turn|33\n|\n|t:|1700077402\n|-end|p2a: Iron Moth|Quark Drive|[silent]\n|switch|p2a: Garganacl|Garganacl, F, tera:Ghost|100\/100\n|-damage|p2a: Garganacl|88\/100|[from] Stealth Rock\n|-end|p1a: Weezing|ability: Neutralizing Gas\n|switch|p1a: Blissey|Blissey, F|96\/100\n|\n|-heal|p2a: Garganacl|94\/100|[from] item: Leftovers\n|upkeep\n|turn|34\n|\n|t:|1700077406\n|switch|p1a: Clefable|Clefable, F|100\/100\n|move|p2a: Garganacl|Earthquake|p1a: Clefable\n|-damage|p1a: Clefable|82\/100\n|\n|-heal|p1a: Clefable|88\/100|[from] item: Leftovers\n|-heal|p2a: Garganacl|100\/100|[from] item: Leftovers\n|upkeep\n|turn|35\n|\n|t:|1700077413\n|switch|p2a: Iron Moth|Iron Moth|23\/100\n|-damage|p2a: Iron Moth|0 fnt|[from] Stealth Rock\n|faint|p2a: Iron Moth\n|-end|p2a: Iron Moth|Quark Drive|[silent]\n|move|p1a: Clefable|Knock Off|p2: Iron Moth|[notarget]\n|-fail|p1a: Clefable\n|\n|-heal|p1a: Clefable|94\/100|[from] item: Leftovers\n|upkeep\n|\n|t:|1700077414\n|switch|p2a: Sneasler|Sneasler, M|66\/100\n|-damage|p2a: Sneasler|60\/100|[from] Stealth Rock\n|turn|36\n|\n|t:|1700077419\n|switch|p1a: Dondozo|Dondozo, F|86\/100\n|move|p2a: Sneasler|Dire Claw|p1a: Dondozo\n|-crit|p1a: Dondozo\n|-damage|p1a: Dondozo|58\/100\n|\n|upkeep\n|turn|37\n|inactive|Pando067 has 120 seconds left.\n|\n|t:|1700077449\n|move|p2a: Sneasler|Dire Claw|p1a: Dondozo\n|-damage|p1a: Dondozo|38\/100\n|-status|p1a: Dondozo|psn\n|move|p1a: Dondozo|Rest|p1a: Dondozo\n|-status|p1a: Dondozo|slp|[from] move: Rest\n|-heal|p1a: Dondozo|100\/100 slp|[silent]\n|\n|upkeep\n|turn|38\n|\n|t:|1700077456\n|switch|p2a: Rillaboom|Rillaboom, M|58\/100\n|-damage|p2a: Rillaboom|46\/100|[from] Stealth Rock\n|-fieldstart|move: Grassy Terrain|[from] ability: Grassy Surge|[of] p2a: Rillaboom\n|cant|p1a: Dondozo|slp\n|move|p1a: Dondozo|Sleep Talk|p1a: Dondozo\n|move|p1a: Dondozo|Curse|p1a: Dondozo|[from]move: Sleep Talk\n|-unboost|p1a: Dondozo|spe|1\n|-boost|p1a: Dondozo|atk|1\n|-boost|p1a: Dondozo|def|1\n|\n|-heal|p2a: Rillaboom|52\/100|[from] Grassy Terrain\n|upkeep\n|turn|39\n|\n|t:|1700077463\n|-terastallize|p1a: Dondozo|Grass\n|move|p2a: Rillaboom|Wood Hammer|p1a: Dondozo\n|-resisted|p1a: Dondozo\n|-damage|p1a: Dondozo|80\/100 slp\n|-damage|p2a: Rillaboom|42\/100|[from] Recoil\n|cant|p1a: Dondozo|slp\n|move|p1a: Dondozo|Sleep Talk|p1a: Dondozo\n|move|p1a: Dondozo|Curse|p1a: Dondozo|[from]move: Sleep Talk\n|-unboost|p1a: Dondozo|spe|1\n|-boost|p1a: Dondozo|atk|1\n|-boost|p1a: Dondozo|def|1\n|\n|-heal|p2a: Rillaboom|48\/100|[from] Grassy Terrain\n|-heal|p1a: Dondozo|86\/100 slp|[from] Grassy Terrain\n|upkeep\n|turn|40\n|\n|t:|1700077469\n|switch|p2a: Sneasler|Sneasler, M|60\/100\n|-damage|p2a: Sneasler|54\/100|[from] Stealth Rock\n|-curestatus|p1a: Dondozo|slp|[msg]\n|move|p1a: Dondozo|Waterfall|p2a: Sneasler\n|-damage|p2a: Sneasler|0 fnt\n|faint|p2a: Sneasler\n|\n|-heal|p1a: Dondozo|92\/100|[from] Grassy Terrain\n|upkeep\n|\n|t:|1700077475\n|switch|p2a: Ting-Lu|Ting-Lu|77\/100\n|-damage|p2a: Ting-Lu|71\/100|[from] Stealth Rock\n|-ability|p2a: Ting-Lu|Vessel of Ruin\n|turn|41\n|\n|t:|1700077478\n|move|p2a: Ting-Lu|Ruination|p1a: Dondozo\n|-damage|p1a: Dondozo|47\/100\n|move|p1a: Dondozo|Waterfall|p2a: Ting-Lu\n|-supereffective|p2a: Ting-Lu\n|-damage|p2a: Ting-Lu|8\/100\n|\n|-heal|p2a: Ting-Lu|14\/100|[from] Grassy Terrain\n|-heal|p1a: Dondozo|53\/100|[from] Grassy Terrain\n|upkeep\n|turn|42\n|\n|t:|1700077483\n|move|p1a: Dondozo|Rest|p1a: Dondozo\n|-status|p1a: Dondozo|slp|[from] move: Rest\n|-heal|p1a: Dondozo|100\/100 slp|[silent]\n|move|p2a: Ting-Lu|Whirlwind|p1a: Dondozo\n|drag|p1a: Weezing|Weezing-Galar, M|69\/100\n|-ability|p1a: Weezing|Neutralizing Gas\n|\n|-heal|p1a: Weezing|75\/100|[from] Grassy Terrain\n|-heal|p2a: Ting-Lu|20\/100|[from] Grassy Terrain\n|-fieldend|move: Grassy Terrain\n|upkeep\n|turn|43\n|\n|t:|1700077489\n|move|p1a: Weezing|Strange Steam|p2a: Ting-Lu\n|-supereffective|p2a: Ting-Lu\n|-damage|p2a: Ting-Lu|0 fnt\n|faint|p2a: Ting-Lu\n|\n|upkeep\n|\n|t:|1700077494\n|switch|p2a: Garganacl|Garganacl, F, tera:Ghost|100\/100\n|-damage|p2a: Garganacl|88\/100|[from] Stealth Rock\n|turn|44\n|\n|t:|1700077498\n|move|p1a: Weezing|Will-O-Wisp|p2a: Garganacl\n|-status|p2a: Garganacl|brn\n|move|p2a: Garganacl|Iron Defense|p2a: Garganacl\n|-boost|p2a: Garganacl|def|2\n|\n|-heal|p2a: Garganacl|94\/100 brn|[from] item: Leftovers\n|-damage|p2a: Garganacl|88\/100 brn|[from] brn\n|upkeep\n|turn|45\n|\n|t:|1700077504\n|move|p1a: Weezing|Taunt|p2a: Garganacl\n|-start|p2a: Garganacl|move: Taunt\n|move|p2a: Garganacl|Salt Cure|p1a: Weezing\n|-damage|p1a: Weezing|70\/100\n|-start|p1a: Weezing|Salt Cure\n|\n|-heal|p2a: Garganacl|94\/100 brn|[from] item: Leftovers\n|-damage|p2a: Garganacl|88\/100 brn|[from] brn\n|-damage|p1a: Weezing|57\/100|[from] Salt Cure\n|upkeep\n|turn|46\n|\n|t:|1700077509\n|-end|p1a: Weezing|ability: Neutralizing Gas\n|switch|p1a: Clefable|Clefable, F|94\/100\n|move|p2a: Garganacl|Earthquake|p1a: Clefable\n|-damage|p1a: Clefable|85\/100\n|\n|-heal|p1a: Clefable|91\/100|[from] item: Leftovers\n|-heal|p2a: Garganacl|94\/100 brn|[from] item: Leftovers\n|-damage|p2a: Garganacl|88\/100 brn|[from] brn\n|upkeep\n|turn|47\n|\n|t:|1700077513\n|switch|p2a: Rillaboom|Rillaboom, M|48\/100\n|-damage|p2a: Rillaboom|36\/100|[from] Stealth Rock\n|-fieldstart|move: Grassy Terrain|[from] ability: Grassy Surge|[of] p2a: Rillaboom\n|move|p1a: Clefable|Knock Off|p2a: Rillaboom\n|-damage|p2a: Rillaboom|20\/100\n|-enditem|p2a: Rillaboom|Choice Band|[from] move: Knock Off|[of] p1a: Clefable\n|\n|-heal|p2a: Rillaboom|27\/100|[from] Grassy Terrain\n|-heal|p1a: Clefable|97\/100|[from] Grassy Terrain\n|-heal|p1a: Clefable|100\/100|[from] item: Leftovers\n|upkeep\n|turn|48\n|\n|t:|1700077518\n|move|p2a: Rillaboom|Wood Hammer|p1a: Clefable\n|-damage|p1a: Clefable|38\/100\n|-damage|p2a: Rillaboom|3\/100|[from] Recoil\n|move|p1a: Clefable|Wish|p1a: Clefable\n|\n|-heal|p2a: Rillaboom|9\/100|[from] Grassy Terrain\n|-heal|p1a: Clefable|44\/100|[from] Grassy Terrain\n|-heal|p1a: Clefable|50\/100|[from] item: Leftovers\n|upkeep\n|turn|49\n|\n|t:|1700077523\n|move|p1a: Clefable|Protect|p1a: Clefable\n|-singleturn|p1a: Clefable|Protect\n|move|p2a: Rillaboom|Wood Hammer|p1a: Clefable\n|-activate|p1a: Clefable|move: Protect\n|\n|-heal|p1a: Clefable|99\/100|[from] move: Wish|[wisher] Clefable\n|-heal|p2a: Rillaboom|15\/100|[from] Grassy Terrain\n|-heal|p1a: Clefable|100\/100|[from] Grassy Terrain\n|upkeep\n|turn|50\n|\n|t:|1700077526\n|move|p2a: Rillaboom|Wood Hammer|p1a: Clefable\n|-crit|p1a: Clefable\n|-damage|p1a: Clefable|2\/100\n|-damage|p2a: Rillaboom|0 fnt|[from] Recoil\n|faint|p2a: Rillaboom\n|move|p1a: Clefable|Wish|p1a: Clefable\n|\n|-heal|p1a: Clefable|8\/100|[from] Grassy Terrain\n|-heal|p1a: Clefable|14\/100|[from] item: Leftovers\n|upkeep\n|\n|t:|1700077528\n|switch|p2a: Dragonite|Dragonite, F|94\/100 brn\n|turn|51\n|\n|t:|1700077531\n|move|p1a: Clefable|Protect|p1a: Clefable\n|-singleturn|p1a: Clefable|Protect\n|move|p2a: Dragonite|Extreme Speed|p1a: Clefable\n|-activate|p1a: Clefable|move: Protect\n|\n|-heal|p1a: Clefable|64\/100|[from] move: Wish|[wisher] Clefable\n|-heal|p1a: Clefable|70\/100|[from] Grassy Terrain\n|-heal|p1a: Clefable|76\/100|[from] item: Leftovers\n|-damage|p2a: Dragonite|88\/100 brn|[from] brn\n|-fieldend|move: Grassy Terrain\n|upkeep\n|turn|52\n|c|\u2606disgustingboymoder|okay i'll put gholdengo on my team ffs\n|-message|disgustingboymoder forfeited.\n|\n|win|Pando067\n|raw|Pando067's rating: 1466 &rarr; <strong>1481<\/strong><br \/>(+15 for winning)\n|raw|disgustingboymoder's rating: 1386 &rarr; <strong>1371<\/strong><br \/>(-15 for losing)\n|l|\u2606disgustingboymoder\n","uploadtime":1700077631,"views":28,"p1id":"pando067","p2id":"disgustingboymoder","formatid":"gen9ou","rating":1371,"private":0,"password":""}