{"id":"gen9ou-1994513659","p1":"Poison Ivy Thorns","p2":"2dots","format":"[Gen 9] OU","log":"|j|\u2606Poison Ivy Thorns\n|j|\u26062dots\n|t:|1700452975\n|gametype|singles\n|player|p1|Poison Ivy Thorns|ethan-gen2|1466\n|player|p2|2dots|170|1436\n|teamsize|p1|6\n|teamsize|p2|6\n|gen|9\n|tier|[Gen 9] OU\n|rated|\n|rule|Sleep Clause Mod: Limit one foe put to sleep\n|rule|Species Clause: Limit one of each Pok\u00e9mon\n|rule|OHKO Clause: OHKO moves are banned\n|rule|Evasion Items Clause: Evasion items are banned\n|rule|Evasion Moves Clause: Evasion moves are banned\n|rule|Endless Battle Clause: Forcing endless battles is banned\n|rule|HP Percentage Mod: HP is shown in percentages\n|clearpoke\n|poke|p1|Mew|\n|poke|p1|Enamorus, F|\n|poke|p1|Heatran, M|\n|poke|p1|Mandibuzz, F|\n|poke|p1|Dragapult, M|\n|poke|p1|Great Tusk|\n|poke|p2|Samurott-Hisui, F|\n|poke|p2|Kleavor, M|\n|poke|p2|Great Tusk|\n|poke|p2|Ogerpon-Wellspring, F|\n|poke|p2|Iron Leaves|\n|poke|p2|Iron Valiant|\n|teampreview\n|inactive|Battle timer is ON: inactive players will automatically lose when time's up. (requested by Poison Ivy Thorns)\n|\n|t:|1700453000\n|start\n|switch|p1a: Great Tusk|Great Tusk|100\/100\n|switch|p2a: Kleavor|Kleavor, M|100\/100\n|turn|1\n|\n|t:|1700453025\n|switch|p2a: Ogerpon|Ogerpon-Wellspring, F|100\/100\n|move|p1a: Great Tusk|Stealth Rock|p2a: Ogerpon\n|-sidestart|p2: 2dots|move: Stealth Rock\n|\n|upkeep\n|turn|2\n|\n|t:|1700453036\n|-end|p1a: Great Tusk|Protosynthesis|[silent]\n|switch|p1a: Mandibuzz|Mandibuzz, F|100\/100\n|move|p2a: Ogerpon|Trailblaze|p1a: Mandibuzz\n|-resisted|p1a: Mandibuzz\n|-damage|p1a: Mandibuzz|92\/100\n|-boost|p2a: Ogerpon|spe|1\n|\n|upkeep\n|turn|3\n|\n|t:|1700453043\n|move|p2a: Ogerpon|Swords Dance|p2a: Ogerpon\n|-boost|p2a: Ogerpon|atk|2\n|move|p1a: Mandibuzz|Toxic|p2a: Ogerpon\n|-status|p2a: Ogerpon|tox\n|\n|-damage|p2a: Ogerpon|95\/100 tox|[from] psn\n|upkeep\n|turn|4\n|inactive|Poison Ivy Thorns has 120 seconds left.\n|\n|t:|1700453074\n|switch|p1a: Dragapult|Dragapult, M|100\/100\n|move|p2a: Ogerpon|Ivy Cudgel|p1a: Dragapult|[anim] Ivy Cudgel Water\n|-resisted|p1a: Dragapult\n|-damage|p1a: Dragapult|27\/100\n|\n|-damage|p2a: Ogerpon|83\/100 tox|[from] psn\n|upkeep\n|turn|5\n|\n|t:|1700453083\n|move|p2a: Ogerpon|Ivy Cudgel|p1a: Dragapult|[anim] Ivy Cudgel Water\n|-resisted|p1a: Dragapult\n|-damage|p1a: Dragapult|0 fnt\n|faint|p1a: Dragapult\n|\n|-damage|p2a: Ogerpon|65\/100 tox|[from] psn\n|upkeep\n|\n|t:|1700453091\n|switch|p1a: Great Tusk|Great Tusk|100\/100\n|turn|6\n|\n|t:|1700453094\n|-terastallize|p1a: Great Tusk|Steel\n|move|p2a: Ogerpon|Ivy Cudgel|p1a: Great Tusk|[anim] Ivy Cudgel Water\n|-crit|p1a: Great Tusk\n|-damage|p1a: Great Tusk|0 fnt\n|faint|p1a: Great Tusk\n|-end|p1a: Great Tusk|Protosynthesis|[silent]\n|\n|-damage|p2a: Ogerpon|41\/100 tox|[from] psn\n|upkeep\n|c|\u2606Poison Ivy Thorns|why crit bro\n|c|\u2606Poison Ivy Thorns|why\n|\n|t:|1700453105\n|switch|p1a: Heatran|Heatran, M|100\/100\n|turn|7\n|\n|t:|1700453110\n|move|p1a: Heatran|Protect|p1a: Heatran\n|-singleturn|p1a: Heatran|Protect\n|move|p2a: Ogerpon|Ivy Cudgel|p1a: Heatran|[anim] Ivy Cudgel Water\n|-activate|p1a: Heatran|move: Protect\n|\n|-damage|p2a: Ogerpon|11\/100 tox|[from] psn\n|upkeep\n|turn|8\n|\n|t:|1700453119\n|move|p2a: Ogerpon|Ivy Cudgel|p1a: Heatran|[anim] Ivy Cudgel Water\n|-supereffective|p1a: Heatran\n|-damage|p1a: Heatran|0 fnt\n|faint|p1a: Heatran\n|\n|-damage|p2a: Ogerpon|0 fnt|[from] psn\n|faint|p2a: Ogerpon\n|upkeep\n|\n|t:|1700453125\n|switch|p2a: Great Tusk|Great Tusk|100\/100\n|switch|p1a: Enamorus|Enamorus, F|100\/100\n|-damage|p2a: Great Tusk|98\/100|[from] Stealth Rock\n|-enditem|p2a: Great Tusk|Booster Energy\n|-activate|p2a: Great Tusk|ability: Protosynthesis|[fromitem]\n|-start|p2a: Great Tusk|protosynthesisspe\n|turn|9\n|\n|t:|1700453129\n|move|p1a: Enamorus|Moonblast|p2a: Great Tusk\n|-supereffective|p2a: Great Tusk\n|-damage|p2a: Great Tusk|0 fnt\n|faint|p2a: Great Tusk\n|-end|p2a: Great Tusk|Protosynthesis|[silent]\n|\n|upkeep\n|\n|t:|1700453134\n|switch|p2a: Kleavor|Kleavor, M|100\/100\n|-damage|p2a: Kleavor|76\/100|[from] Stealth Rock\n|turn|10\n|inactive|Poison Ivy Thorns has 120 seconds left.\n|\n|t:|1700453180\n|move|p1a: Enamorus|Moonblast|p2a: Kleavor\n|-damage|p2a: Kleavor|0 fnt\n|faint|p2a: Kleavor\n|\n|upkeep\n|\n|t:|1700453188\n|switch|p2a: Iron Valiant|Iron Valiant|100\/100\n|-damage|p2a: Iron Valiant|94\/100|[from] Stealth Rock\n|-enditem|p2a: Iron Valiant|Booster Energy\n|-activate|p2a: Iron Valiant|ability: Quark Drive|[fromitem]\n|-start|p2a: Iron Valiant|quarkdrivespe\n|turn|11\n|\n|t:|1700453195\n|move|p2a: Iron Valiant|Thunderbolt|p1a: Enamorus\n|-supereffective|p1a: Enamorus\n|-damage|p1a: Enamorus|31\/100\n|move|p1a: Enamorus|Moonblast|p2a: Iron Valiant\n|-supereffective|p2a: Iron Valiant\n|-damage|p2a: Iron Valiant|0 fnt\n|faint|p2a: Iron Valiant\n|-end|p2a: Iron Valiant|Quark Drive|[silent]\n|\n|upkeep\n|\n|t:|1700453210\n|switch|p2a: Samurott|Samurott-Hisui, F|100\/100\n|-damage|p2a: Samurott|88\/100|[from] Stealth Rock\n|turn|12\n|\n|t:|1700453218\n|-terastallize|p2a: Samurott|Ghost\n|move|p1a: Enamorus|Moonblast|p2a: Samurott\n|-damage|p2a: Samurott|6\/100\n|move|p2a: Samurott|Razor Shell|p1a: Enamorus\n|-damage|p1a: Enamorus|0 fnt\n|faint|p1a: Enamorus\n|\n|upkeep\n|\n|t:|1700453227\n|switch|p1a: Mandibuzz|Mandibuzz, F|92\/100\n|turn|13\n|\n|t:|1700453230\n|move|p2a: Samurott|Ceaseless Edge|p1a: Mandibuzz\n|-resisted|p1a: Mandibuzz\n|-damage|p1a: Mandibuzz|80\/100\n|-sidestart|p1: Poison Ivy Thorns|Spikes\n|move|p1a: Mandibuzz|Foul Play|p2a: Samurott\n|-supereffective|p2a: Samurott\n|-damage|p2a: Samurott|0 fnt\n|faint|p2a: Samurott\n|\n|upkeep\n|\n|t:|1700453233\n|switch|p2a: Iron Leaves|Iron Leaves|100\/100\n|-damage|p2a: Iron Leaves|88\/100|[from] Stealth Rock\n|-enditem|p2a: Iron Leaves|Booster Energy\n|-activate|p2a: Iron Leaves|ability: Quark Drive|[fromitem]\n|-start|p2a: Iron Leaves|quarkdrivespe\n|turn|14\n|\n|t:|1700453237\n|move|p2a: Iron Leaves|Swords Dance|p2a: Iron Leaves\n|-boost|p2a: Iron Leaves|atk|2\n|move|p1a: Mandibuzz|Foul Play|p2a: Iron Leaves\n|-supereffective|p2a: Iron Leaves\n|-damage|p2a: Iron Leaves|0 fnt\n|faint|p2a: Iron Leaves\n|-end|p2a: Iron Leaves|Quark Drive|[silent]\n|\n|win|Poison Ivy Thorns\n|raw|Poison Ivy Thorns's rating: 1466 &rarr; <strong>1484<\/strong><br \/>(+18 for winning)\n|raw|2dots's rating: 1436 &rarr; <strong>1418<\/strong><br \/>(-18 for losing)\n","uploadtime":1700453241,"views":19,"p1id":"poisonivythorns","p2id":"2dots","formatid":"gen9ou","rating":1418,"private":0,"password":""}