{"id":"gen9ou-1999762174","p1":"dragonmaster441","p2":"Edward2066","format":"[Gen 9] OU","log":"|j|\u2606dragonmaster441\n|j|\u2606Edward2066\n|t:|1701114402\n|gametype|singles\n|player|p1|dragonmaster441|bianca|1150\n|player|p2|Edward2066|gambler|1051\n|teamsize|p1|6\n|teamsize|p2|6\n|gen|9\n|tier|[Gen 9] OU\n|rated|\n|rule|Sleep Clause Mod: Limit one foe put to sleep\n|rule|Species Clause: Limit one of each Pok\u00e9mon\n|rule|OHKO Clause: OHKO moves are banned\n|rule|Evasion Items Clause: Evasion items are banned\n|rule|Evasion Moves Clause: Evasion moves are banned\n|rule|Endless Battle Clause: Forcing endless battles is banned\n|rule|HP Percentage Mod: HP is shown in percentages\n|clearpoke\n|poke|p1|Conkeldurr, M|\n|poke|p1|Gholdengo|\n|poke|p1|Walking Wake|\n|poke|p1|Dragonite, M|\n|poke|p1|Enamorus, F|\n|poke|p1|Zamazenta-*|\n|poke|p2|Hariyama, F|\n|poke|p2|Enamorus, F|\n|poke|p2|Toxicroak, F|\n|poke|p2|Samurott, F|\n|poke|p2|Politoed, M|\n|poke|p2|Rillaboom, M|\n|teampreview\n|inactive|Battle timer is ON: inactive players will automatically lose when time's up. (requested by dragonmaster441)\n|c|\u2606dragonmaster441|hf\n|c|\u2606Edward2066|hf :)\n|c|\u2606dragonmaster441|cool team\n|\n|t:|1701114430\n|start\n|switch|p1a: grig|Gholdengo|100\/100\n|switch|p2a: Rillaboom|Rillaboom, M, shiny|100\/100\n|-fieldstart|move: Grassy Terrain|[from] ability: Grassy Surge|[of] p2a: Rillaboom\n|turn|1\n|c|\u2606Edward2066|thx , curious to see yours\n|\n|t:|1701114444\n|switch|p1a: zazarius|Zamazenta|100\/100\n|-ability|p1a: zazarius|Dauntless Shield|boost\n|-boost|p1a: zazarius|def|1\n|move|p2a: Rillaboom|Swords Dance|p2a: Rillaboom\n|-boost|p2a: Rillaboom|atk|2\n|\n|upkeep\n|turn|2\n|\n|t:|1701114451\n|move|p2a: Rillaboom|Grassy Glide|p1a: zazarius\n|-damage|p1a: zazarius|48\/100\n|move|p1a: zazarius|Close Combat|p2a: Rillaboom\n|-damage|p2a: Rillaboom|4\/100\n|-unboost|p1a: zazarius|def|1\n|-unboost|p1a: zazarius|spd|1\n|\n|-heal|p1a: zazarius|54\/100|[from] Grassy Terrain\n|-heal|p2a: Rillaboom|10\/100|[from] Grassy Terrain\n|upkeep\n|turn|3\n|\n|t:|1701114460\n|move|p2a: Rillaboom|Grassy Glide|p1a: zazarius\n|-damage|p1a: zazarius|0 fnt\n|faint|p1a: zazarius\n|\n|-heal|p2a: Rillaboom|17\/100|[from] Grassy Terrain\n|upkeep\n|\n|t:|1701114465\n|switch|p1a: erdingerinho|Enamorus, F|100\/100\n|turn|4\n|\n|t:|1701114471\n|move|p2a: Rillaboom|Grassy Glide|p1a: erdingerinho\n|-resisted|p1a: erdingerinho\n|-damage|p1a: erdingerinho|30\/100\n|move|p1a: erdingerinho|Moonblast|p2a: Rillaboom\n|-damage|p2a: Rillaboom|0 fnt\n|faint|p2a: Rillaboom\n|\n|upkeep\n|\n|t:|1701114482\n|switch|p2a: Enamorus|Enamorus, F|100\/100\n|turn|5\n|\n|t:|1701114486\n|switch|p1a: grig|Gholdengo|100\/100\n|move|p2a: Enamorus|Superpower|p1a: grig\n|-immune|p1a: grig\n|\n|-fieldend|move: Grassy Terrain\n|upkeep\n|turn|6\n|c|\u2606Edward2066|dam- good predict\n|\n|t:|1701114505\n|move|p1a: grig|Shadow Ball|p2a: Enamorus\n|-damage|p2a: Enamorus|57\/100\n|-boost|p2a: Enamorus|spd|1\n|move|p2a: Enamorus|Zen Headbutt|p1a: grig\n|-resisted|p1a: grig\n|-damage|p1a: grig|87\/100\n|\n|upkeep\n|turn|7\n|\n|t:|1701114524\n|switch|p2a: Politoed|Politoed, M|100\/100\n|-weather|RainDance|[from] ability: Drizzle|[of] p2a: Politoed\n|move|p1a: grig|Shadow Ball|p2a: Politoed\n|-damage|p2a: Politoed|72\/100\n|-unboost|p2a: Politoed|spd|1\n|\n|-weather|RainDance|[upkeep]\n|upkeep\n|turn|8\n|\n|t:|1701114531\n|switch|p1a: cadwallader|Walking Wake|100\/100\n|move|p2a: Politoed|Perish Song|p2a: Politoed\n|-start|p1a: cadwallader|perish3|[silent]\n|-start|p2a: Politoed|perish3|[silent]\n|-fieldactivate|move: Perish Song\n|\n|-weather|RainDance|[upkeep]\n|-start|p1a: cadwallader|perish3\n|-start|p2a: Politoed|perish3\n|upkeep\n|turn|9\n|\n|t:|1701114539\n|move|p2a: Politoed|Protect|p2a: Politoed\n|-singleturn|p2a: Politoed|Protect\n|move|p1a: cadwallader|Flip Turn|p2a: Politoed\n|-activate|p2a: Politoed|move: Protect\n|\n|-weather|RainDance|[upkeep]\n|-start|p1a: cadwallader|perish2\n|-start|p2a: Politoed|perish2\n|upkeep\n|turn|10\n|\n|t:|1701114552\n|-end|p1a: cadwallader|Protosynthesis|[silent]\n|switch|p1a: grig|Gholdengo|87\/100\n|move|p2a: Politoed|Waterfall|p1a: grig\n|-damage|p1a: grig|50\/100\n|\n|-weather|RainDance|[upkeep]\n|-start|p2a: Politoed|perish1\n|upkeep\n|turn|11\n|\n|t:|1701114559\n|switch|p2a: Samurott|Samurott, F|100\/100\n|move|p1a: grig|Shadow Ball|p2a: Samurott\n|-damage|p2a: Samurott|49\/100\n|\n|-weather|none\n|upkeep\n|turn|12\n|\n|t:|1701114565\n|move|p2a: Samurott|Aqua Jet|p1a: grig\n|-damage|p1a: grig|24\/100\n|move|p1a: grig|Shadow Ball|p2a: Samurott\n|-damage|p2a: Samurott|0 fnt\n|faint|p2a: Samurott\n|\n|upkeep\n|\n|t:|1701114577\n|switch|p2a: Toxicroak|Toxicroak, F|100\/100\n|turn|13\n|\n|t:|1701114592\n|switch|p1a: chinsley|Conkeldurr, M|100\/100\n|move|p2a: Toxicroak|Knock Off|p1a: chinsley\n|-resisted|p1a: chinsley\n|-damage|p1a: chinsley|82\/100\n|-status|p1a: chinsley|psn|[from] ability: Poison Touch|[of] p2a: Toxicroak\n|-enditem|p1a: chinsley|Heavy-Duty Boots|[from] move: Knock Off|[of] p2a: Toxicroak\n|\n|-damage|p1a: chinsley|69\/100 psn|[from] psn\n|upkeep\n|turn|14\n|\n|t:|1701114605\n|move|p2a: Toxicroak|Knock Off|p1a: chinsley\n|-resisted|p1a: chinsley\n|-damage|p1a: chinsley|57\/100 psn\n|move|p1a: chinsley|Knock Off|p2a: Toxicroak\n|-resisted|p2a: Toxicroak\n|-crit|p2a: Toxicroak\n|-damage|p2a: Toxicroak|45\/100\n|-enditem|p2a: Toxicroak|Choice Band|[from] move: Knock Off|[of] p1a: chinsley\n|\n|-damage|p1a: chinsley|44\/100 psn|[from] psn\n|upkeep\n|turn|15\n|\n|t:|1701114615\n|switch|p2a: Hariyama|Hariyama, F, shiny|100\/100\n|move|p1a: chinsley|Drain Punch|p2a: Hariyama\n|-damage|p2a: Hariyama|42\/100\n|-heal|p1a: chinsley|79\/100 psn|[from] drain|[of] p2a: Hariyama\n|\n|-damage|p1a: chinsley|67\/100 psn|[from] psn\n|-status|p2a: Hariyama|brn|[from] item: Flame Orb\n|upkeep\n|turn|16\n|\n|t:|1701114622\n|move|p2a: Hariyama|Drain Punch|p1a: chinsley\n|-damage|p1a: chinsley|16\/100 psn\n|-heal|p2a: Hariyama|63\/100 brn|[from] drain|[of] p1a: chinsley\n|move|p1a: chinsley|Drain Punch|p2a: Hariyama\n|-damage|p2a: Hariyama|4\/100 brn\n|-heal|p1a: chinsley|52\/100 psn|[from] drain|[of] p2a: Hariyama\n|\n|-damage|p1a: chinsley|39\/100 psn|[from] psn\n|-damage|p2a: Hariyama|0 fnt|[from] brn\n|faint|p2a: Hariyama\n|upkeep\n|\n|t:|1701114631\n|switch|p2a: Enamorus|Enamorus, F|57\/100\n|turn|17\n|\n|t:|1701114639\n|move|p2a: Enamorus|Zen Headbutt|p1a: chinsley\n|-supereffective|p1a: chinsley\n|-damage|p1a: chinsley|0 fnt\n|faint|p1a: chinsley\n|\n|upkeep\n|\n|t:|1701114644\n|switch|p1a: grig|Gholdengo|24\/100\n|turn|18\n|\n|t:|1701114656\n|move|p1a: grig|Recover|p1a: grig\n|-heal|p1a: grig|74\/100\n|move|p2a: Enamorus|Zen Headbutt|p1a: grig\n|-resisted|p1a: grig\n|-crit|p1a: grig\n|-damage|p1a: grig|53\/100\n|\n|upkeep\n|turn|19\n|\n|t:|1701114665\n|-terastallize|p2a: Enamorus|Fairy\n|move|p1a: grig|Recover|p1a: grig\n|-heal|p1a: grig|100\/100\n|move|p2a: Enamorus|Play Rough|p1a: grig\n|-resisted|p1a: grig\n|-damage|p1a: grig|65\/100\n|\n|upkeep\n|turn|20\n|\n|t:|1701114683\n|switch|p1a: erdingerinho|Enamorus, F|30\/100\n|move|p2a: Enamorus|Play Rough|p1a: erdingerinho\n|-damage|p1a: erdingerinho|0 fnt\n|faint|p1a: erdingerinho\n|\n|upkeep\n|\n|t:|1701114686\n|switch|p1a: grig|Gholdengo|65\/100\n|turn|21\n|\n|t:|1701114691\n|move|p1a: grig|Make It Rain|p2a: Enamorus\n|-supereffective|p2a: Enamorus\n|-damage|p2a: Enamorus|0 fnt\n|-unboost|p1a: grig|spa|1\n|faint|p2a: Enamorus\n|\n|upkeep\n|\n|t:|1701114695\n|switch|p2a: Toxicroak|Toxicroak, F|45\/100\n|turn|22\n|\n|t:|1701114700\n|switch|p1a: cadwallader|Walking Wake|100\/100\n|move|p2a: Toxicroak|Sucker Punch||[still]\n|-fail|p2a: Toxicroak\n|\n|upkeep\n|turn|23\n|\n|t:|1701114710\n|move|p1a: cadwallader|Draco Meteor|p2a: Toxicroak|[miss]\n|-miss|p1a: cadwallader|p2a: Toxicroak\n|move|p2a: Toxicroak|Drain Punch|p1a: cadwallader\n|-damage|p1a: cadwallader|66\/100\n|-heal|p2a: Toxicroak|64\/100|[from] drain|[of] p1a: cadwallader\n|\n|upkeep\n|turn|24\n|inactive|dragonmaster441 has 120 seconds left.\n|\n|t:|1701114744\n|move|p1a: cadwallader|Draco Meteor|p2a: Toxicroak\n|-damage|p2a: Toxicroak|0 fnt\n|-unboost|p1a: cadwallader|spa|2\n|faint|p2a: Toxicroak\n|\n|upkeep\n|\n|t:|1701114747\n|switch|p2a: Politoed|Politoed, M|72\/100\n|-weather|RainDance|[from] ability: Drizzle|[of] p2a: Politoed\n|turn|25\n|\n|t:|1701114752\n|-end|p1a: cadwallader|Protosynthesis|[silent]\n|switch|p1a: macdeish|Dragonite, M|100\/100\n|move|p2a: Politoed|Waterfall|p1a: macdeish\n|-resisted|p1a: macdeish\n|-damage|p1a: macdeish|92\/100\n|\n|-weather|RainDance|[upkeep]\n|upkeep\n|turn|26\n|\n|t:|1701114759\n|-terastallize|p1a: macdeish|Normal\n|move|p1a: macdeish|Extreme Speed|p2a: Politoed\n|-damage|p2a: Politoed|16\/100\n|move|p2a: Politoed|Perish Song|p2a: Politoed\n|-start|p1a: macdeish|perish3|[silent]\n|-start|p2a: Politoed|perish3|[silent]\n|-fieldactivate|move: Perish Song\n|\n|-weather|RainDance|[upkeep]\n|-start|p1a: macdeish|perish3\n|-start|p2a: Politoed|perish3\n|upkeep\n|turn|27\n|\n|t:|1701114769\n|move|p2a: Politoed|Protect|p2a: Politoed\n|-singleturn|p2a: Politoed|Protect\n|move|p1a: macdeish|Roost|p1a: macdeish\n|-heal|p1a: macdeish|100\/100\n|\n|-weather|RainDance|[upkeep]\n|-start|p1a: macdeish|perish2\n|-start|p2a: Politoed|perish2\n|upkeep\n|turn|28\n|\n|t:|1701114775\n|move|p1a: macdeish|Dragon Dance|p1a: macdeish\n|-boost|p1a: macdeish|atk|1\n|-boost|p1a: macdeish|spe|1\n|move|p2a: Politoed|Haze|p2a: Politoed\n|-clearallboost\n|\n|-weather|RainDance|[upkeep]\n|-start|p1a: macdeish|perish1\n|-start|p2a: Politoed|perish1\n|upkeep\n|turn|29\n|\n|t:|1701114786\n|switch|p1a: cadwallader|Walking Wake|66\/100\n|move|p2a: Politoed|Waterfall|p1a: cadwallader\n|-resisted|p1a: cadwallader\n|-damage|p1a: cadwallader|57\/100\n|\n|-weather|none\n|-start|p2a: Politoed|perish0\n|upkeep\n|faint|p2a: Politoed\n|\n|win|dragonmaster441\n|raw|dragonmaster441's rating: 1150 &rarr; <strong>1168<\/strong><br \/>(+18 for winning)\n|raw|Edward2066's rating: 1051 &rarr; <strong>1038<\/strong><br \/>(-13 for losing)\n|c|\u2606dragonmaster441|gg\n","uploadtime":1701114798,"views":2,"p1id":"dragonmaster441","p2id":"edward2066","formatid":"gen9ou","rating":1038,"private":0,"password":""}