{"id":"gen9ou-1989398562","p1":"jackolascooking","p2":"Airwave15","format":"[Gen 9] OU","log":"|j|\u2606jackolascooking\n|j|\u2606Airwave15\n|t:|1699845215\n|gametype|singles\n|player|p1|jackolascooking|169|1044\n|player|p2|Airwave15|sabrina|1000\n|teamsize|p1|6\n|teamsize|p2|6\n|gen|9\n|tier|[Gen 9] OU\n|rated|\n|rule|Sleep Clause Mod: Limit one foe put to sleep\n|rule|Species Clause: Limit one of each Pok\u00e9mon\n|rule|OHKO Clause: OHKO moves are banned\n|rule|Evasion Items Clause: Evasion items are banned\n|rule|Evasion Moves Clause: Evasion moves are banned\n|rule|Endless Battle Clause: Forcing endless battles is banned\n|rule|HP Percentage Mod: HP is shown in percentages\n|clearpoke\n|poke|p1|Rillaboom, F|\n|poke|p1|Sneasler, F|\n|poke|p1|Enamorus-Therian, F|\n|poke|p1|Great Tusk|\n|poke|p1|Heatran, F|\n|poke|p1|Kingambit, F|\n|poke|p2|Tinkaton, F|\n|poke|p2|Clefable, F|\n|poke|p2|Espeon, F|\n|poke|p2|Meowscarada, M|\n|poke|p2|Ceruledge, M|\n|poke|p2|Dondozo, F|\n|teampreview\n|\n|t:|1699845217\n|start\n|switch|p1a: Winston|Rillaboom, F|100\/100\n|switch|p2a: Meowscarada|Meowscarada, M|100\/100\n|-fieldstart|move: Grassy Terrain|[from] ability: Grassy Surge|[of] p1a: Winston\n|turn|1\n|\n|t:|1699845229\n|switch|p1a: Polnareff|Enamorus-Therian, F|100\/100\n|-enditem|p1a: Polnareff|Grassy Seed\n|-boost|p1a: Polnareff|def|1|[from] item: Grassy Seed\n|move|p2a: Meowscarada|Spikes|p1a: Polnareff\n|-sidestart|p1: jackolascooking|Spikes\n|\n|upkeep\n|turn|2\n|\n|t:|1699845238\n|move|p2a: Meowscarada|Spikes|p1a: Polnareff\n|-sidestart|p1: jackolascooking|Spikes\n|move|p1a: Polnareff|Iron Defense|p1a: Polnareff\n|-boost|p1a: Polnareff|def|2\n|\n|upkeep\n|turn|3\n|\n|t:|1699845244\n|move|p2a: Meowscarada|Spikes|p1a: Polnareff\n|-sidestart|p1: jackolascooking|Spikes\n|move|p1a: Polnareff|Calm Mind|p1a: Polnareff\n|-boost|p1a: Polnareff|spa|1\n|-boost|p1a: Polnareff|spd|1\n|\n|upkeep\n|turn|4\n|\n|t:|1699845251\n|move|p2a: Meowscarada|Knock Off|p1a: Polnareff\n|-resisted|p1a: Polnareff\n|-damage|p1a: Polnareff|96\/100\n|move|p1a: Polnareff|Draining Kiss|p2a: Meowscarada\n|-supereffective|p2a: Meowscarada\n|-enditem|p2a: Meowscarada|Focus Sash\n|-damage|p2a: Meowscarada|1\/100\n|-heal|p1a: Polnareff|100\/100|[from] drain|[of] p2a: Meowscarada\n|\n|-heal|p2a: Meowscarada|7\/100|[from] Grassy Terrain\n|upkeep\n|turn|5\n|\n|t:|1699845263\n|switch|p2a: Clefable|Clefable, F|100\/100\n|move|p1a: Polnareff|Calm Mind|p1a: Polnareff\n|-boost|p1a: Polnareff|spa|1\n|-boost|p1a: Polnareff|spd|1\n|\n|upkeep\n|turn|6\n|\n|t:|1699845269\n|move|p2a: Clefable|Stealth Rock|p1a: Polnareff\n|-sidestart|p1: jackolascooking|move: Stealth Rock\n|move|p1a: Polnareff|Earth Power|p2a: Clefable\n|-damage|p2a: Clefable|47\/100\n|\n|-heal|p2a: Clefable|53\/100|[from] Grassy Terrain\n|-heal|p2a: Clefable|59\/100|[from] item: Leftovers\n|upkeep\n|turn|7\n|\n|t:|1699845277\n|move|p2a: Clefable|Moonblast|p1a: Polnareff\n|-damage|p1a: Polnareff|90\/100\n|-unboost|p1a: Polnareff|spa|1\n|move|p1a: Polnareff|Earth Power|p2a: Clefable\n|-damage|p2a: Clefable|23\/100\n|\n|-heal|p2a: Clefable|29\/100|[from] Grassy Terrain\n|-heal|p2a: Clefable|35\/100|[from] item: Leftovers\n|upkeep\n|turn|8\n|\n|t:|1699845288\n|move|p2a: Clefable|Moonblast|p1a: Polnareff\n|-damage|p1a: Polnareff|79\/100\n|move|p1a: Polnareff|Earth Power|p2a: Clefable\n|-damage|p2a: Clefable|0 fnt\n|faint|p2a: Clefable\n|\n|-fieldend|move: Grassy Terrain\n|upkeep\n|\n|t:|1699845297\n|switch|p2a: Tinkaton|Tinkaton, F|100\/100\n|-ability|p2a: Tinkaton|Mold Breaker\n|turn|9\n|\n|t:|1699845308\n|-terastallize|p2a: Tinkaton|Electric\n|-terastallize|p1a: Polnareff|Water\n|move|p2a: Tinkaton|Tera Blast|p1a: Polnareff|[anim] Tera Blast Electric\n|-supereffective|p1a: Polnareff\n|-damage|p1a: Polnareff|47\/100\n|-damage|p2a: Tinkaton|91\/100|[from] item: Life Orb\n|move|p1a: Polnareff|Iron Defense|p1a: Polnareff\n|-boost|p1a: Polnareff|def|2\n|\n|upkeep\n|turn|10\n|\n|t:|1699845325\n|move|p2a: Tinkaton|Swords Dance|p2a: Tinkaton\n|-boost|p2a: Tinkaton|atk|2\n|move|p1a: Polnareff|Draining Kiss|p2a: Tinkaton\n|-damage|p2a: Tinkaton|55\/100\n|-heal|p1a: Polnareff|71\/100|[from] drain|[of] p2a: Tinkaton\n|\n|upkeep\n|turn|11\n|\n|t:|1699845332\n|move|p2a: Tinkaton|Gigaton Hammer|p1a: Polnareff\n|-resisted|p1a: Polnareff\n|-damage|p1a: Polnareff|51\/100\n|-damage|p2a: Tinkaton|45\/100|[from] item: Life Orb\n|move|p1a: Polnareff|Earth Power|p2a: Tinkaton\n|-supereffective|p2a: Tinkaton\n|-damage|p2a: Tinkaton|0 fnt\n|faint|p2a: Tinkaton\n|\n|upkeep\n|\n|t:|1699845344\n|switch|p2a: Meowscarada|Meowscarada, M|7\/100\n|turn|12\n|\n|t:|1699845349\n|move|p2a: Meowscarada|Leaf Storm|p1a: Polnareff\n|-supereffective|p1a: Polnareff\n|-damage|p1a: Polnareff|0 fnt\n|-unboost|p2a: Meowscarada|spa|2\n|faint|p1a: Polnareff\n|\n|upkeep\n|\n|t:|1699845353\n|switch|p1a: Winston|Rillaboom, F|100\/100\n|-damage|p1a: Winston|75\/100|[from] Spikes\n|-damage|p1a: Winston|63\/100|[from] Stealth Rock\n|-fieldstart|move: Grassy Terrain|[from] ability: Grassy Surge|[of] p1a: Winston\n|turn|13\n|\n|t:|1699845362\n|move|p1a: Winston|Grassy Glide|p2a: Meowscarada\n|-resisted|p2a: Meowscarada\n|-damage|p2a: Meowscarada|0 fnt\n|faint|p2a: Meowscarada\n|\n|-heal|p1a: Winston|69\/100|[from] Grassy Terrain\n|upkeep\n|\n|t:|1699845370\n|switch|p2a: Dondozo|Dondozo, F|100\/100\n|turn|14\n|\n|t:|1699845388\n|switch|p2a: Ceruledge|Ceruledge, M|100\/100\n|move|p1a: Winston|Grassy Glide|p2a: Ceruledge\n|-resisted|p2a: Ceruledge\n|-damage|p2a: Ceruledge|76\/100\n|\n|-heal|p1a: Winston|75\/100|[from] Grassy Terrain\n|-heal|p2a: Ceruledge|83\/100|[from] Grassy Terrain\n|upkeep\n|turn|15\n|\n|t:|1699845397\n|move|p1a: Winston|Knock Off|p2a: Ceruledge\n|-supereffective|p2a: Ceruledge\n|-damage|p2a: Ceruledge|0 fnt\n|-enditem|p2a: Ceruledge|Heavy-Duty Boots|[from] move: Knock Off|[of] p1a: Winston\n|faint|p2a: Ceruledge\n|\n|-heal|p1a: Winston|81\/100|[from] Grassy Terrain\n|upkeep\n|\n|t:|1699845404\n|switch|p2a: Espeon|Espeon, F|100\/100\n|turn|16\n|\n|t:|1699845412\n|move|p2a: Espeon|Psyshock|p1a: Winston\n|-damage|p1a: Winston|21\/100\n|move|p1a: Winston|Knock Off|p2a: Espeon\n|-supereffective|p2a: Espeon\n|-damage|p2a: Espeon|0 fnt\n|-enditem|p2a: Espeon|Choice Specs|[from] move: Knock Off|[of] p1a: Winston\n|faint|p2a: Espeon\n|\n|-heal|p1a: Winston|27\/100|[from] Grassy Terrain\n|upkeep\n|\n|t:|1699845421\n|switch|p2a: Dondozo|Dondozo, F|100\/100\n|turn|17\n|\n|t:|1699845425\n|move|p1a: Winston|Grassy Glide|p2a: Dondozo\n|-supereffective|p2a: Dondozo\n|-damage|p2a: Dondozo|65\/100\n|-damage|p1a: Winston|10\/100|[from] item: Rocky Helmet|[of] p2a: Dondozo\n|move|p2a: Dondozo|Body Press|p1a: Winston\n|-damage|p1a: Winston|0 fnt\n|faint|p1a: Winston\n|\n|-heal|p2a: Dondozo|71\/100|[from] Grassy Terrain\n|upkeep\n|\n|t:|1699845432\n|switch|p1a: Great Tusk|Great Tusk|100\/100\n|-damage|p1a: Great Tusk|76\/100|[from] Spikes\n|-damage|p1a: Great Tusk|73\/100|[from] Stealth Rock\n|-enditem|p1a: Great Tusk|Booster Energy\n|-activate|p1a: Great Tusk|ability: Protosynthesis|[fromitem]\n|-start|p1a: Great Tusk|protosynthesisspe\n|turn|18\n|\n|t:|1699845440\n|move|p1a: Great Tusk|Rapid Spin|p2a: Dondozo\n|-damage|p2a: Dondozo|64\/100\n|-boost|p1a: Great Tusk|spe|1\n|-damage|p1a: Great Tusk|56\/100|[from] item: Rocky Helmet|[of] p2a: Dondozo\n|-sideend|p1: jackolascooking|Spikes|[from] move: Rapid Spin|[of] p1a: Great Tusk\n|-sideend|p1: jackolascooking|Stealth Rock|[from] move: Rapid Spin|[of] p1a: Great Tusk\n|move|p2a: Dondozo|Wave Crash|p1a: Great Tusk\n|-supereffective|p1a: Great Tusk\n|-damage|p1a: Great Tusk|8\/100\n|-damage|p2a: Dondozo|50\/100|[from] Recoil\n|\n|-heal|p1a: Great Tusk|14\/100|[from] Grassy Terrain\n|-heal|p2a: Dondozo|56\/100|[from] Grassy Terrain\n|upkeep\n|turn|19\n|\n|t:|1699845452\n|move|p1a: Great Tusk|Headlong Rush|p2a: Dondozo\n|-damage|p2a: Dondozo|32\/100\n|-unboost|p1a: Great Tusk|def|1\n|-unboost|p1a: Great Tusk|spd|1\n|-damage|p1a: Great Tusk|0 fnt|[from] item: Rocky Helmet|[of] p2a: Dondozo\n|faint|p1a: Great Tusk\n|-end|p1a: Great Tusk|Protosynthesis|[silent]\n|move|p2a: Dondozo|Rest|p2a: Dondozo\n|-status|p2a: Dondozo|slp|[from] move: Rest\n|-heal|p2a: Dondozo|100\/100 slp|[silent]\n|\n|upkeep\n|\n|t:|1699845480\n|switch|p1a: Heatran|Heatran, F|100\/100\n|turn|20\n|\n|t:|1699845484\n|move|p1a: Heatran|Magma Storm|p2a: Dondozo|[miss]\n|-miss|p1a: Heatran|p2a: Dondozo\n|cant|p2a: Dondozo|slp\n|move|p2a: Dondozo|Sleep Talk|p2a: Dondozo\n|move|p2a: Dondozo|Wave Crash|p1a: Heatran|[from]move: Sleep Talk\n|-supereffective|p1a: Heatran\n|-damage|p1a: Heatran|11\/100\n|-damage|p2a: Dondozo|82\/100 slp|[from] Recoil\n|\n|-heal|p1a: Heatran|18\/100|[from] Grassy Terrain\n|-heal|p1a: Heatran|24\/100|[from] item: Leftovers\n|-heal|p2a: Dondozo|88\/100 slp|[from] Grassy Terrain\n|-fieldend|move: Grassy Terrain\n|upkeep\n|turn|21\n|\n|t:|1699845496\n|move|p1a: Heatran|Magma Storm|p2a: Dondozo\n|-resisted|p2a: Dondozo\n|-damage|p2a: Dondozo|61\/100 slp\n|-activate|p2a: Dondozo|move: Magma Storm|[of] p1a: Heatran\n|cant|p2a: Dondozo|slp\n|move|p2a: Dondozo|Sleep Talk|p2a: Dondozo\n|move|p2a: Dondozo|Rest||[from]move: Sleep Talk|[still]\n|-fail|p2a: Dondozo\n|\n|-heal|p1a: Heatran|30\/100|[from] item: Leftovers\n|-damage|p2a: Dondozo|49\/100 slp|[from] move: Magma Storm|[partiallytrapped]\n|upkeep\n|turn|22\n|\n|t:|1699845508\n|move|p1a: Heatran|Taunt|p2a: Dondozo\n|-start|p2a: Dondozo|move: Taunt\n|-curestatus|p2a: Dondozo|slp|[msg]\n|cant|p2a: Dondozo|move: Taunt|Rest\n|\n|-heal|p1a: Heatran|36\/100|[from] item: Leftovers\n|-damage|p2a: Dondozo|36\/100|[from] move: Magma Storm|[partiallytrapped]\n|upkeep\n|turn|23\n|\n|t:|1699845517\n|move|p1a: Heatran|Earth Power|p2a: Dondozo\n|-damage|p2a: Dondozo|2\/100\n|-unboost|p2a: Dondozo|spd|1\n|move|p2a: Dondozo|Wave Crash|p1a: Heatran\n|-supereffective|p1a: Heatran\n|-damage|p1a: Heatran|0 fnt\n|faint|p1a: Heatran\n|-damage|p2a: Dondozo|0 fnt|[from] Recoil\n|faint|p2a: Dondozo\n|\n|win|jackolascooking\n|raw|jackolascooking's rating: 1044 &rarr; <strong>1073<\/strong><br \/>(+29 for winning)\n|raw|Airwave15's rating: 1000 &rarr; <strong>1000<\/strong><br \/>(+0 for losing)\n|l|\u2606Airwave15\n","uploadtime":1699845538,"views":31,"p1id":"jackolascooking","p2id":"airwave15","formatid":"gen9ou","rating":1000,"private":0,"password":""}