{"id":"gen9ou-1992638183","p1":"Prince Smurf","p2":"Horrific17","format":"[Gen 9] OU","log":"|j|\u2606Prince Smurf\n|j|\u2606Horrific17\n|t:|1700218642\n|gametype|singles\n|player|p1|Prince Smurf|hop-masters|\n|player|p2|Horrific17|acetrainerf-gen4dp|\n|teamsize|p1|6\n|teamsize|p2|6\n|gen|9\n|tier|[Gen 9] OU\n|rule|Sleep Clause Mod: Limit one foe put to sleep\n|rule|Species Clause: Limit one of each Pok\u00e9mon\n|rule|OHKO Clause: OHKO moves are banned\n|rule|Evasion Items Clause: Evasion items are banned\n|rule|Evasion Moves Clause: Evasion moves are banned\n|rule|Endless Battle Clause: Forcing endless battles is banned\n|rule|HP Percentage Mod: HP is shown in percentages\n|clearpoke\n|poke|p1|Grafaiai, F|\n|poke|p1|Garganacl, F|\n|poke|p1|Talonflame, F|\n|poke|p1|Raichu-Alola, F|\n|poke|p1|Pincurchin, F|\n|poke|p1|Sneasler, F|\n|poke|p2|Samurott-Hisui, M|\n|poke|p2|Hoopa-Unbound|\n|poke|p2|Dragapult, F|\n|poke|p2|Iron Treads|\n|poke|p2|Thundurus, M|\n|poke|p2|Torterra, M|\n|teampreview\n|j| Tsar dragon\n|\n|t:|1700218656\n|start\n|switch|p1a: Grafaiai|Grafaiai, F|100\/100\n|switch|p2a: The Sentinel|Iron Treads|100\/100\n|turn|1\n|\n|t:|1700218667\n|move|p1a: Grafaiai|Parting Shot|p2a: The Sentinel\n|-unboost|p2a: The Sentinel|atk|1\n|-unboost|p2a: The Sentinel|spa|1\n|\n|t:|1700218679\n|switch|p1a: Garganacl|Garganacl, F|100\/100|[from] Parting Shot\n|move|p2a: The Sentinel|Earthquake|p1a: Garganacl\n|-supereffective|p1a: Garganacl\n|-damage|p1a: Garganacl|65\/100\n|\n|-heal|p1a: Garganacl|71\/100|[from] item: Leftovers\n|upkeep\n|turn|2\n|\n|t:|1700218690\n|-end|p2a: The Sentinel|Quark Drive|[silent]\n|switch|p2a: Methuselah|Torterra, M|100\/100\n|move|p1a: Garganacl|Body Press|p2a: Methuselah\n|-damage|p2a: Methuselah|82\/100\n|\n|-heal|p2a: Methuselah|88\/100|[from] item: Leftovers\n|-heal|p1a: Garganacl|77\/100|[from] item: Leftovers\n|upkeep\n|turn|3\n|\n|t:|1700218702\n|move|p2a: Methuselah|Energy Ball|p1a: Garganacl\n|-supereffective|p1a: Garganacl\n|-crit|p1a: Garganacl\n|-damage|p1a: Garganacl|31\/100\n|move|p1a: Garganacl|Recover|p1a: Garganacl\n|-heal|p1a: Garganacl|81\/100\n|\n|-heal|p2a: Methuselah|94\/100|[from] item: Leftovers\n|-heal|p1a: Garganacl|87\/100|[from] item: Leftovers\n|upkeep\n|turn|4\n|\n|t:|1700218720\n|switch|p1a: Talonflame|Talonflame, F|100\/100\n|move|p2a: Methuselah|Rock Slide|p1a: Talonflame\n|-supereffective|p1a: Talonflame\n|-damage|p1a: Talonflame|0 fnt\n|faint|p1a: Talonflame\n|\n|-heal|p2a: Methuselah|100\/100|[from] item: Leftovers\n|upkeep\n|\n|t:|1700218727\n|switch|p1a: Grafaiai|Grafaiai, F|100\/100\n|turn|5\n|\n|t:|1700218732\n|move|p1a: Grafaiai|Encore|p2a: Methuselah\n|-start|p2a: Methuselah|Encore\n|move|p2a: Methuselah|Rock Slide|p1a: Grafaiai\n|-damage|p1a: Grafaiai|63\/100\n|\n|-heal|p1a: Grafaiai|69\/100|[from] item: Black Sludge\n|upkeep\n|turn|6\n|\n|t:|1700218738\n|switch|p2a: The Sentinel|Iron Treads|100\/100\n|move|p1a: Grafaiai|Knock Off|p2a: The Sentinel\n|-damage|p2a: The Sentinel|85\/100\n|-enditem|p2a: The Sentinel|Chople Berry|[from] move: Knock Off|[of] p1a: Grafaiai\n|\n|-heal|p1a: Grafaiai|75\/100|[from] item: Black Sludge\n|upkeep\n|turn|7\n|\n|t:|1700218748\n|move|p1a: Grafaiai|Parting Shot|p2a: The Sentinel\n|-unboost|p2a: The Sentinel|atk|1\n|-unboost|p2a: The Sentinel|spa|1\n|\n|t:|1700218758\n|switch|p1a: Pincurchin|Pincurchin, F|100\/100|[from] Parting Shot\n|-fieldstart|move: Electric Terrain|[from] ability: Electric Surge|[of] p1a: Pincurchin\n|-activate|p2a: The Sentinel|ability: Quark Drive\n|-start|p2a: The Sentinel|quarkdrivespe\n|move|p2a: The Sentinel|Earthquake|p1a: Pincurchin\n|-supereffective|p1a: Pincurchin\n|-damage|p1a: Pincurchin|56\/100\n|\n|upkeep\n|turn|8\n|\n|t:|1700218771\n|move|p2a: The Sentinel|Earthquake|p1a: Pincurchin\n|-supereffective|p1a: Pincurchin\n|-damage|p1a: Pincurchin|10\/100\n|move|p1a: Pincurchin|Scald|p2a: The Sentinel\n|-supereffective|p2a: The Sentinel\n|-damage|p2a: The Sentinel|46\/100\n|\n|upkeep\n|turn|9\n|\n|t:|1700218782\n|switch|p1a: Raichu|Raichu-Alola, F|100\/100\n|move|p2a: The Sentinel|Earthquake|p1a: Raichu\n|-supereffective|p1a: Raichu\n|-damage|p1a: Raichu|0 fnt\n|faint|p1a: Raichu\n|\n|upkeep\n|\n|t:|1700218787\n|switch|p1a: Sneasler|Sneasler, F|100\/100\n|-enditem|p1a: Sneasler|Electric Seed\n|-boost|p1a: Sneasler|def|1|[from] item: Electric Seed\n|turn|10\n|\n|t:|1700218796\n|-terastallize|p2a: The Sentinel|Fairy\n|move|p1a: Sneasler|Swords Dance|p1a: Sneasler\n|-boost|p1a: Sneasler|atk|2\n|move|p2a: The Sentinel|Scary Face|p1a: Sneasler\n|-unboost|p1a: Sneasler|spe|2\n|\n|upkeep\n|turn|11\n|\n|t:|1700218807\n|move|p2a: The Sentinel|Earthquake|p1a: Sneasler\n|-supereffective|p1a: Sneasler\n|-damage|p1a: Sneasler|45\/100\n|move|p1a: Sneasler|Dire Claw|p2a: The Sentinel\n|-supereffective|p2a: The Sentinel\n|-damage|p2a: The Sentinel|0 fnt\n|faint|p2a: The Sentinel\n|-end|p2a: The Sentinel|Quark Drive|[silent]\n|\n|upkeep\n|\n|t:|1700218815\n|switch|p2a: Storm Approaching|Thundurus, M|100\/100\n|turn|12\n|\n|t:|1700218841\n|move|p2a: Storm Approaching|Wild Charge|p1a: Sneasler\n|-damage|p1a: Sneasler|0 fnt\n|faint|p1a: Sneasler\n|-damage|p2a: Storm Approaching|89\/100|[from] Recoil\n|\n|upkeep\n|\n|t:|1700218849\n|switch|p1a: Garganacl|Garganacl, F|87\/100\n|turn|13\n|\n|t:|1700218859\n|-terastallize|p1a: Garganacl|Fairy\n|move|p2a: Storm Approaching|Grass Knot|p1a: Garganacl\n|-damage|p1a: Garganacl|61\/100\n|move|p1a: Garganacl|Iron Defense|p1a: Garganacl\n|-boost|p1a: Garganacl|def|2\n|\n|-heal|p1a: Garganacl|67\/100|[from] item: Leftovers\n|upkeep\n|turn|14\n|\n|t:|1700218870\n|move|p2a: Storm Approaching|Knock Off|p1a: Garganacl\n|-resisted|p1a: Garganacl\n|-damage|p1a: Garganacl|62\/100\n|-enditem|p1a: Garganacl|Leftovers|[from] move: Knock Off|[of] p2a: Storm Approaching\n|move|p1a: Garganacl|Iron Defense|p1a: Garganacl\n|-boost|p1a: Garganacl|def|2\n|\n|-fieldend|move: Electric Terrain\n|upkeep\n|turn|15\n|\n|t:|1700218878\n|move|p2a: Storm Approaching|U-turn|p1a: Garganacl\n|-resisted|p1a: Garganacl\n|-damage|p1a: Garganacl|59\/100\n|\n|t:|1700218880\n|switch|p2a: Horton 229|Dragapult, F|100\/100|[from] U-turn\n|move|p1a: Garganacl|Recover|p1a: Garganacl\n|-heal|p1a: Garganacl|100\/100\n|\n|upkeep\n|turn|16\n|\n|t:|1700218890\n|move|p2a: Horton 229|Dragon Darts|p1a: Garganacl\n|-immune|p1a: Garganacl\n|move|p1a: Garganacl|Salt Cure|p2a: Horton 229\n|-damage|p2a: Horton 229|86\/100\n|-start|p2a: Horton 229|Salt Cure\n|\n|-damage|p2a: Horton 229|74\/100|[from] Salt Cure\n|upkeep\n|turn|17\n|c|\u2606Horrific17|oh\n|c|\u2606Horrific17|im dumb\n|c|\u2606Horrific17|lmao\n|c|\u2606Prince Smurf|same\n|c| Tsar dragon|did u\n|c| Tsar dragon|not have a ghost move\n|\n|t:|1700218919\n|switch|p2a: Methuselah|Torterra, M|100\/100\n|move|p1a: Garganacl|Body Press|p2a: Methuselah\n|-damage|p2a: Methuselah|42\/100\n|\n|-heal|p2a: Methuselah|48\/100|[from] item: Leftovers\n|upkeep\n|turn|18\n|\n|t:|1700218927\n|move|p2a: Methuselah|Energy Ball|p1a: Garganacl\n|-damage|p1a: Garganacl|86\/100\n|move|p1a: Garganacl|Body Press|p2a: Methuselah\n|-damage|p2a: Methuselah|0 fnt\n|faint|p2a: Methuselah\n|\n|upkeep\n|\n|t:|1700218934\n|switch|p2a: \u0627\u0644\u0641 \u0644\u064a\u0644\u0629 \u0648 \u0644\u064a\u0644\u0629|Hoopa-Unbound|100\/100\n|turn|19\n|\n|t:|1700218939\n|move|p2a: \u0627\u0644\u0641 \u0644\u064a\u0644\u0629 \u0648 \u0644\u064a\u0644\u0629|Psychic|p1a: Garganacl\n|-damage|p1a: Garganacl|47\/100\n|move|p1a: Garganacl|Body Press|p2a: \u0627\u0644\u0641 \u0644\u064a\u0644\u0629 \u0648 \u0644\u064a\u0644\u0629\n|-damage|p2a: \u0627\u0644\u0641 \u0644\u064a\u0644\u0629 \u0648 \u0644\u064a\u0644\u0629|0 fnt\n|faint|p2a: \u0627\u0644\u0641 \u0644\u064a\u0644\u0629 \u0648 \u0644\u064a\u0644\u0629\n|\n|upkeep\n|\n|t:|1700218943\n|switch|p2a: Otterheimer|Samurott-Hisui, M|100\/100\n|turn|20\n|\n|t:|1700218948\n|move|p2a: Otterheimer|Smart Strike|p1a: Garganacl\n|-supereffective|p1a: Garganacl\n|-crit|p1a: Garganacl\n|-damage|p1a: Garganacl|0 fnt\n|faint|p1a: Garganacl\n|\n|upkeep\n|c|\u2606Horrific17|easy crit\n|c|\u2606Horrific17|kappa\n|c| Tsar dragon|mattered\n|\n|t:|1700218962\n|switch|p1a: Pincurchin|Pincurchin, F|10\/100\n|-fieldstart|move: Electric Terrain|[from] ability: Electric Surge|[of] p1a: Pincurchin\n|turn|21\n|\n|t:|1700218973\n|move|p2a: Otterheimer|Smart Strike|p1a: Pincurchin\n|-resisted|p1a: Pincurchin\n|-damage|p1a: Pincurchin|0 fnt\n|faint|p1a: Pincurchin\n|\n|upkeep\n|\n|t:|1700218975\n|switch|p1a: Grafaiai|Grafaiai, F|75\/100\n|turn|22\n|\n|t:|1700218981\n|move|p2a: Otterheimer|Smart Strike|p1a: Grafaiai\n|-damage|p1a: Grafaiai|42\/100\n|move|p1a: Grafaiai|Knock Off|p2a: Otterheimer\n|-resisted|p2a: Otterheimer\n|-damage|p2a: Otterheimer|87\/100\n|-enditem|p2a: Otterheimer|Choice Scarf|[from] move: Knock Off|[of] p1a: Grafaiai\n|\n|-heal|p1a: Grafaiai|48\/100|[from] item: Black Sludge\n|upkeep\n|turn|23\n|\n|t:|1700218990\n|move|p1a: Grafaiai|Poison Jab|p2a: Otterheimer\n|-damage|p2a: Otterheimer|55\/100\n|move|p2a: Otterheimer|Razor Shell|p1a: Grafaiai\n|-damage|p1a: Grafaiai|0 fnt\n|faint|p1a: Grafaiai\n|\n|win|Horrific17\n|c|\u2606Horrific17|gg sorry about the crit\n","uploadtime":1700218995,"views":23,"p1id":"princesmurf","p2id":"horrific17","formatid":"gen9ou","rating":0,"private":0,"password":""}