{"id":"gen9ou-1997290153","p1":"StrykerMan81","p2":"LeopLazuli","format":"[Gen 9] OU","log":"|j|\u2606StrykerMan81\n|j|\u2606LeopLazuli\n|t:|1700785254\n|gametype|singles\n|player|p1|StrykerMan81|1|1241\n|player|p2|LeopLazuli|acetrainerf|1197\n|teamsize|p1|6\n|teamsize|p2|6\n|gen|9\n|tier|[Gen 9] OU\n|rated|\n|rule|Sleep Clause Mod: Limit one foe put to sleep\n|rule|Species Clause: Limit one of each Pok\u00e9mon\n|rule|OHKO Clause: OHKO moves are banned\n|rule|Evasion Items Clause: Evasion items are banned\n|rule|Evasion Moves Clause: Evasion moves are banned\n|rule|Endless Battle Clause: Forcing endless battles is banned\n|rule|HP Percentage Mod: HP is shown in percentages\n|clearpoke\n|poke|p1|Ursaring, F|\n|poke|p1|Alomomola, F|\n|poke|p1|Dragapult, M|\n|poke|p1|Gholdengo|\n|poke|p1|Zapdos|\n|poke|p1|Garchomp, F|\n|poke|p2|Glimmora, M|\n|poke|p2|Gholdengo|\n|poke|p2|Samurott-Hisui, M|\n|poke|p2|Kommo-o, F|\n|poke|p2|Landorus-Therian, M|\n|poke|p2|Ogerpon-Wellspring, F|\n|teampreview\n|j| TheGreatestBot\n|\n|t:|1700785260\n|start\n|switch|p1a: Ursaring|Ursaring, F|100\/100\n|switch|p2a: Glimmora|Glimmora, M|100\/100\n|turn|1\n|\n|t:|1700785270\n|switch|p1a: Garchomp|Garchomp, F|100\/100\n|move|p2a: Glimmora|Stealth Rock|p1a: Garchomp\n|-sidestart|p1: StrykerMan81|move: Stealth Rock\n|\n|upkeep\n|turn|2\n|\n|t:|1700785278\n|switch|p2a: Landorus|Landorus-Therian, M|100\/100\n|-ability|p2a: Landorus|Intimidate|boost\n|-unboost|p1a: Garchomp|atk|1\n|move|p1a: Garchomp|Scale Shot|p2a: Landorus\n|-damage|p2a: Landorus|88\/100\n|-damage|p2a: Landorus|78\/100\n|-damage|p2a: Landorus|66\/100\n|-damage|p2a: Landorus|53\/100\n|-damage|p2a: Landorus|42\/100\n|-hitcount|p2a: Landorus|5\n|-unboost|p1a: Garchomp|def|1\n|-boost|p1a: Garchomp|spe|1\n|\n|upkeep\n|turn|3\n|\n|t:|1700785308\n|move|p2a: Landorus|Earthquake|p1a: Garchomp\n|-damage|p1a: Garchomp|33\/100\n|move|p1a: Garchomp|Swords Dance|p1a: Garchomp\n|-boost|p1a: Garchomp|atk|2\n|\n|-heal|p1a: Garchomp|39\/100|[from] item: Leftovers\n|upkeep\n|turn|4\n|\n|t:|1700785316\n|switch|p1a: Zapdos|Zapdos|100\/100\n|-damage|p1a: Zapdos|75\/100|[from] Stealth Rock\n|move|p2a: Landorus|Earthquake|p1a: Zapdos\n|-immune|p1a: Zapdos\n|\n|upkeep\n|turn|5\n|\n|t:|1700785351\n|switch|p2a: Glimmora|Glimmora, M|100\/100\n|move|p1a: Zapdos|Volt Switch|p2a: Glimmora\n|-damage|p2a: Glimmora|31\/100\n|-damage|p1a: Zapdos|66\/100|[from] item: Life Orb\n|\n|t:|1700785367\n|switch|p1a: Alomomola|Alomomola, F|100\/100|[from] Volt Switch\n|-damage|p1a: Alomomola|88\/100|[from] Stealth Rock\n|\n|upkeep\n|turn|6\n|\n|t:|1700785379\n|move|p2a: Glimmora|Energy Ball|p1a: Alomomola\n|-supereffective|p1a: Alomomola\n|-damage|p1a: Alomomola|44\/100\n|move|p1a: Alomomola|Wish|p1a: Alomomola\n|\n|upkeep\n|turn|7\n|\n|t:|1700785389\n|move|p2a: Glimmora|Mortal Spin|p1a: Alomomola\n|-damage|p1a: Alomomola|40\/100\n|-status|p1a: Alomomola|psn\n|-damage|p2a: Glimmora|15\/100|[from] item: Rocky Helmet|[of] p1a: Alomomola\n|move|p1a: Alomomola|Flip Turn|p2a: Glimmora\n|-supereffective|p2a: Glimmora\n|-damage|p2a: Glimmora|0 fnt\n|-activate|p2a: Glimmora|ability: Toxic Debris\n|-sidestart|p1: StrykerMan81|move: Toxic Spikes\n|faint|p2a: Glimmora\n|\n|t:|1700785411\n|switch|p1a: Zapdos|Zapdos|66\/100|[from] Flip Turn\n|-damage|p1a: Zapdos|41\/100|[from] Stealth Rock\n|\n|-heal|p1a: Zapdos|100\/100|[from] move: Wish|[wisher] Alomomola\n|upkeep\n|\n|t:|1700785420\n|switch|p2a: Landorus|Landorus-Therian, M|42\/100\n|-ability|p2a: Landorus|Intimidate|boost\n|-unboost|p1a: Zapdos|atk|1\n|turn|8\n|\n|t:|1700785440\n|move|p2a: Landorus|Stone Edge|p1a: Zapdos\n|-supereffective|p1a: Zapdos\n|-damage|p1a: Zapdos|24\/100\n|move|p1a: Zapdos|Hurricane|p2a: Landorus|[miss]\n|-miss|p1a: Zapdos|p2a: Landorus\n|\n|upkeep\n|turn|9\n|\n|t:|1700785448\n|move|p2a: Landorus|Stone Edge|p1a: Zapdos\n|-supereffective|p1a: Zapdos\n|-damage|p1a: Zapdos|0 fnt\n|faint|p1a: Zapdos\n|\n|upkeep\n|\n|t:|1700785453\n|switch|p1a: Gholdengo|Gholdengo|100\/100\n|-damage|p1a: Gholdengo|94\/100|[from] Stealth Rock\n|turn|10\n|\n|t:|1700785466\n|switch|p2a: Samurott|Samurott-Hisui, M|100\/100\n|move|p1a: Gholdengo|Nasty Plot|p1a: Gholdengo\n|-boost|p1a: Gholdengo|spa|2\n|\n|-heal|p1a: Gholdengo|100\/100|[from] item: Leftovers\n|upkeep\n|turn|11\n|\n|t:|1700785482\n|-terastallize|p1a: Gholdengo|Fairy\n|move|p2a: Samurott|Ceaseless Edge|p1a: Gholdengo\n|-resisted|p1a: Gholdengo\n|-damage|p1a: Gholdengo|79\/100\n|-sidestart|p1: StrykerMan81|Spikes\n|move|p1a: Gholdengo|Thunderbolt|p2a: Samurott\n|-supereffective|p2a: Samurott\n|-crit|p2a: Samurott\n|-damage|p2a: Samurott|0 fnt\n|faint|p2a: Samurott\n|\n|-heal|p1a: Gholdengo|85\/100|[from] item: Leftovers\n|upkeep\n|\n|t:|1700785497\n|switch|p2a: Gholdengo|Gholdengo|100\/100\n|-item|p2a: Gholdengo|Air Balloon\n|turn|12\n|\n|t:|1700785503\n|switch|p1a: Alomomola|Alomomola, F|73\/100 psn\n|-damage|p1a: Alomomola|61\/100 psn|[from] Stealth Rock\n|-damage|p1a: Alomomola|48\/100 psn|[from] Spikes\n|move|p2a: Gholdengo|Make It Rain|p1a: Alomomola\n|-resisted|p1a: Alomomola\n|-damage|p1a: Alomomola|26\/100 psn\n|-unboost|p2a: Gholdengo|spa|1\n|\n|-damage|p1a: Alomomola|14\/100 psn|[from] psn\n|upkeep\n|turn|13\n|\n|t:|1700785517\n|switch|p2a: Ogerpon|Ogerpon-Wellspring, F|100\/100\n|move|p1a: Alomomola|Flip Turn|p2a: Ogerpon\n|-immune|p2a: Ogerpon|[from] ability: Water Absorb\n|\n|-damage|p1a: Alomomola|1\/100 psn|[from] psn\n|upkeep\n|turn|14\n|c|\u2606StrykerMan81|nice\n|\n|t:|1700785541\n|move|p2a: Ogerpon|Taunt|p1a: Alomomola\n|-start|p1a: Alomomola|move: Taunt\n|cant|p1a: Alomomola|move: Taunt|Healing Wish\n|\n|-damage|p1a: Alomomola|0 fnt|[from] psn\n|faint|p1a: Alomomola\n|upkeep\n|inactive|Battle timer is ON: inactive players will automatically lose when time's up. (requested by StrykerMan81)\n|\n|t:|1700785546\n|switch|p1a: Dragapult|Dragapult, M|100\/100\n|-damage|p1a: Dragapult|88\/100|[from] Stealth Rock\n|-status|p1a: Dragapult|psn\n|-damage|p1a: Dragapult|76\/100 psn|[from] Spikes\n|turn|15\n|\n|t:|1700785569\n|switch|p2a: Landorus|Landorus-Therian, M|42\/100\n|-ability|p2a: Landorus|Intimidate|boost\n|-unboost|p1a: Dragapult|atk|1\n|move|p1a: Dragapult|U-turn|p2a: Landorus\n|-resisted|p2a: Landorus\n|-damage|p2a: Landorus|30\/100\n|\n|t:|1700785576\n|switch|p1a: Ursaring|Ursaring, F|100\/100|[from] U-turn\n|-damage|p1a: Ursaring|88\/100|[from] Stealth Rock\n|-status|p1a: Ursaring|psn\n|-damage|p1a: Ursaring|76\/100 psn|[from] Spikes\n|\n|-damage|p1a: Ursaring|64\/100 psn|[from] psn\n|upkeep\n|turn|16\n|\n|t:|1700785586\n|move|p2a: Landorus|Earthquake|p1a: Ursaring\n|-damage|p1a: Ursaring|23\/100 psn\n|move|p1a: Ursaring|Play Rough|p2a: Landorus\n|-damage|p2a: Landorus|0 fnt\n|faint|p2a: Landorus\n|\n|-damage|p1a: Ursaring|11\/100 psn|[from] psn\n|upkeep\n|\n|t:|1700785596\n|switch|p2a: Kommo-o|Kommo-o, F|100\/100\n|turn|17\n|\n|t:|1700785603\n|-terastallize|p2a: Kommo-o|Normal\n|move|p2a: Kommo-o|Clangorous Soul|p2a: Kommo-o\n|-boost|p2a: Kommo-o|atk|1\n|-boost|p2a: Kommo-o|def|1\n|-boost|p2a: Kommo-o|spa|1\n|-boost|p2a: Kommo-o|spd|1\n|-boost|p2a: Kommo-o|spe|1\n|-damage|p2a: Kommo-o|68\/100\n|-enditem|p2a: Kommo-o|Throat Spray\n|-boost|p2a: Kommo-o|spa|1|[from] item: Throat Spray\n|move|p1a: Ursaring|Play Rough|p2a: Kommo-o\n|-damage|p2a: Kommo-o|35\/100\n|\n|-damage|p1a: Ursaring|0 fnt|[from] psn\n|faint|p1a: Ursaring\n|upkeep\n|\n|t:|1700785609\n|switch|p1a: Gholdengo|Gholdengo, tera:Fairy|85\/100\n|-damage|p1a: Gholdengo|72\/100|[from] Stealth Rock\n|-status|p1a: Gholdengo|psn\n|-damage|p1a: Gholdengo|60\/100 psn|[from] Spikes\n|turn|18\n|c|\u2606StrykerMan81|gg\n|-message|StrykerMan81 forfeited.\n|\n|win|LeopLazuli\n|raw|StrykerMan81's rating: 1241 &rarr; <strong>1213<\/strong><br \/>(-28 for losing)\n|raw|LeopLazuli's rating: 1197 &rarr; <strong>1225<\/strong><br \/>(+28 for winning)\n|l|\u2606StrykerMan81\n","uploadtime":1700785632,"views":9,"p1id":"strykerman81","p2id":"leoplazuli","formatid":"gen9ou","rating":1213,"private":0,"password":""}