{"id":"gen9ou-1988962551","p1":"Mukyaup","p2":"sblx","format":"[Gen 9] OU","log":"|j|\u2606Mukyaup\n|j|\u2606sblx\n|t:|1699795201\n|gametype|singles\n|player|p1|Mukyaup|koga|1388\n|player|p2|sblx|cynthia-gen4|1349\n|teamsize|p1|6\n|teamsize|p2|6\n|gen|9\n|tier|[Gen 9] OU\n|rated|\n|rule|Sleep Clause Mod: Limit one foe put to sleep\n|rule|Species Clause: Limit one of each Pok\u00e9mon\n|rule|OHKO Clause: OHKO moves are banned\n|rule|Evasion Items Clause: Evasion items are banned\n|rule|Evasion Moves Clause: Evasion moves are banned\n|rule|Endless Battle Clause: Forcing endless battles is banned\n|rule|HP Percentage Mod: HP is shown in percentages\n|clearpoke\n|poke|p1|Maushold-Four|\n|poke|p1|Weezing-Galar, F|\n|poke|p1|Dragonite, M|\n|poke|p1|Walking Wake|\n|poke|p1|Muk-Alola, M|\n|poke|p1|Great Tusk|\n|poke|p2|Zapdos|\n|poke|p2|Sneasler, F|\n|poke|p2|Heatran, M|\n|poke|p2|Ogerpon-Wellspring, F|\n|poke|p2|Hatterene, F|\n|poke|p2|Greninja-*, M|\n|teampreview\n|inactive|Battle timer is ON: inactive players will automatically lose when time's up. (requested by sblx)\n|\n|t:|1699795226\n|start\n|switch|p1a: WalkingMid|Walking Wake|100\/100\n|switch|p2a: Hatterene|Hatterene, F|100\/100\n|turn|1\n|\n|t:|1699795232\n|move|p1a: WalkingMid|Flip Turn|p2a: Hatterene\n|-damage|p2a: Hatterene|82\/100\n|\n|t:|1699795236\n|-end|p1a: WalkingMid|Protosynthesis|[silent]\n|switch|p1a: Pride \ud83c\udf08|Muk-Alola, M|100\/100|[from] Flip Turn\n|move|p2a: Hatterene|Dazzling Gleam|p1a: Pride \ud83c\udf08\n|-damage|p1a: Pride \ud83c\udf08|72\/100\n|\n|-heal|p1a: Pride \ud83c\udf08|78\/100|[from] item: Black Sludge\n|upkeep\n|turn|2\n|\n|t:|1699795246\n|switch|p2a: Heatran|Heatran, M|100\/100\n|move|p1a: Pride \ud83c\udf08|Knock Off|p2a: Heatran\n|-damage|p2a: Heatran|69\/100\n|-enditem|p2a: Heatran|Leftovers|[from] move: Knock Off|[of] p1a: Pride \ud83c\udf08\n|\n|-heal|p1a: Pride \ud83c\udf08|84\/100|[from] item: Black Sludge\n|upkeep\n|turn|3\n|\n|t:|1699795255\n|switch|p1a: ChinaAttacks|Maushold-Four|100\/100\n|move|p2a: Heatran|Magma Storm|p1a: ChinaAttacks\n|-damage|p1a: ChinaAttacks|34\/100\n|-activate|p1a: ChinaAttacks|move: Magma Storm|[of] p2a: Heatran\n|\n|-damage|p1a: ChinaAttacks|22\/100|[from] move: Magma Storm|[partiallytrapped]\n|upkeep\n|turn|4\n|\n|t:|1699795266\n|move|p1a: ChinaAttacks|Population Bomb|p2a: Heatran\n|-resisted|p2a: Heatran\n|-damage|p2a: Heatran|64\/100\n|-resisted|p2a: Heatran\n|-damage|p2a: Heatran|59\/100\n|-resisted|p2a: Heatran\n|-damage|p2a: Heatran|55\/100\n|-resisted|p2a: Heatran\n|-damage|p2a: Heatran|50\/100\n|-resisted|p2a: Heatran\n|-damage|p2a: Heatran|45\/100\n|-resisted|p2a: Heatran\n|-damage|p2a: Heatran|40\/100\n|-resisted|p2a: Heatran\n|-damage|p2a: Heatran|35\/100\n|-resisted|p2a: Heatran\n|-damage|p2a: Heatran|31\/100\n|-resisted|p2a: Heatran\n|-damage|p2a: Heatran|26\/100\n|-resisted|p2a: Heatran\n|-damage|p2a: Heatran|22\/100\n|-hitcount|p2a: Heatran|10\n|move|p2a: Heatran|Earthquake|p1a: ChinaAttacks\n|-damage|p1a: ChinaAttacks|0 fnt\n|faint|p1a: ChinaAttacks\n|\n|upkeep\n|\n|t:|1699795270\n|switch|p1a: WalkingMid|Walking Wake|100\/100\n|turn|5\n|\n|t:|1699795299\n|switch|p2a: Zapdos|Zapdos|100\/100\n|move|p1a: WalkingMid|Draco Meteor|p2a: Zapdos\n|-damage|p2a: Zapdos|39\/100\n|-unboost|p1a: WalkingMid|spa|2\n|\n|upkeep\n|turn|6\n|\n|t:|1699795304\n|move|p1a: WalkingMid|Draco Meteor|p2a: Zapdos\n|-damage|p2a: Zapdos|8\/100\n|-unboost|p1a: WalkingMid|spa|2\n|move|p2a: Zapdos|Roost|p2a: Zapdos\n|-heal|p2a: Zapdos|58\/100\n|-singleturn|p2a: Zapdos|move: Roost\n|\n|upkeep\n|turn|7\n|\n|t:|1699795312\n|-end|p1a: WalkingMid|Protosynthesis|[silent]\n|switch|p1a: Mr.TopHats|Weezing-Galar, F, shiny|100\/100\n|move|p2a: Zapdos|Thunderbolt|p1a: Mr.TopHats\n|-damage|p1a: Mr.TopHats|36\/100\n|\n|upkeep\n|turn|8\n|\n|t:|1699795320\n|move|p2a: Zapdos|Roost|p2a: Zapdos\n|-heal|p2a: Zapdos|100\/100\n|-singleturn|p2a: Zapdos|move: Roost\n|move|p1a: Mr.TopHats|Shadow Ball|p2a: Zapdos\n|-damage|p2a: Zapdos|65\/100\n|\n|upkeep\n|turn|9\n|\n|t:|1699795327\n|move|p2a: Zapdos|Thunderbolt|p1a: Mr.TopHats\n|-damage|p1a: Mr.TopHats|0 fnt\n|faint|p1a: Mr.TopHats\n|\n|upkeep\n|\n|t:|1699795330\n|switch|p1a: Barney|Dragonite, M, shiny|100\/100\n|turn|10\n|\n|t:|1699795334\n|move|p1a: Barney|Ice Spinner|p2a: Zapdos\n|-supereffective|p2a: Zapdos\n|-damage|p2a: Zapdos|0 fnt\n|-damage|p1a: Barney|84\/100|[from] item: Rocky Helmet|[of] p2a: Zapdos\n|faint|p2a: Zapdos\n|\n|upkeep\n|\n|t:|1699795345\n|switch|p2a: Sneasler|Sneasler, F|100\/100\n|turn|11\n|\n|t:|1699795358\n|switch|p1a: Beyblade|Great Tusk|100\/100\n|move|p2a: Sneasler|Dire Claw|p1a: Beyblade\n|-resisted|p1a: Beyblade\n|-damage|p1a: Beyblade|86\/100\n|-damage|p2a: Sneasler|84\/100|[from] item: Rocky Helmet|[of] p1a: Beyblade\n|\n|upkeep\n|turn|12\n|\n|t:|1699795386\n|switch|p2a: Ogerpon|Ogerpon-Wellspring, F|100\/100\n|move|p1a: Beyblade|Earthquake|p2a: Ogerpon\n|-resisted|p2a: Ogerpon\n|-damage|p2a: Ogerpon|73\/100\n|\n|upkeep\n|turn|13\n|\n|t:|1699795395\n|-terastallize|p1a: Beyblade|Dragon\n|move|p2a: Ogerpon|Swords Dance|p2a: Ogerpon\n|-boost|p2a: Ogerpon|atk|2\n|move|p1a: Beyblade|Ice Spinner|p2a: Ogerpon\n|-damage|p2a: Ogerpon|41\/100\n|\n|upkeep\n|turn|14\n|\n|t:|1699795406\n|move|p2a: Ogerpon|Knock Off|p1a: Beyblade\n|-damage|p1a: Beyblade|51\/100\n|-damage|p2a: Ogerpon|24\/100|[from] item: Rocky Helmet|[of] p1a: Beyblade\n|-enditem|p1a: Beyblade|Rocky Helmet|[from] move: Knock Off|[of] p2a: Ogerpon\n|move|p1a: Beyblade|Earthquake|p2a: Ogerpon\n|-resisted|p2a: Ogerpon\n|-damage|p2a: Ogerpon|0 fnt\n|faint|p2a: Ogerpon\n|\n|upkeep\n|\n|t:|1699795416\n|switch|p2a: Hatterene|Hatterene, F|82\/100\n|turn|15\n|\n|t:|1699795422\n|-end|p1a: Beyblade|Protosynthesis|[silent]\n|switch|p1a: Pride \ud83c\udf08|Muk-Alola, M|84\/100\n|move|p2a: Hatterene|Dazzling Gleam|p1a: Pride \ud83c\udf08\n|-damage|p1a: Pride \ud83c\udf08|55\/100\n|\n|-heal|p1a: Pride \ud83c\udf08|61\/100|[from] item: Black Sludge\n|upkeep\n|turn|16\n|\n|t:|1699795434\n|switch|p2a: Heatran|Heatran, M|22\/100\n|move|p1a: Pride \ud83c\udf08|Drain Punch|p2a: Heatran\n|-supereffective|p2a: Heatran\n|-damage|p2a: Heatran|0 fnt\n|-heal|p1a: Pride \ud83c\udf08|71\/100|[from] drain|[of] p2a: Heatran\n|faint|p2a: Heatran\n|\n|-heal|p1a: Pride \ud83c\udf08|77\/100|[from] item: Black Sludge\n|upkeep\n|\n|t:|1699795437\n|switch|p2a: Sneasler|Sneasler, F|84\/100\n|turn|17\n|\n|t:|1699795442\n|move|p1a: Pride \ud83c\udf08|Protect|p1a: Pride \ud83c\udf08\n|-singleturn|p1a: Pride \ud83c\udf08|Protect\n|move|p2a: Sneasler|Close Combat|p1a: Pride \ud83c\udf08\n|-activate|p1a: Pride \ud83c\udf08|move: Protect\n|\n|-heal|p1a: Pride \ud83c\udf08|83\/100|[from] item: Black Sludge\n|upkeep\n|turn|18\n|\n|t:|1699795453\n|switch|p1a: Beyblade|Great Tusk, tera:Dragon|51\/100\n|move|p2a: Sneasler|Close Combat|p1a: Beyblade\n|-damage|p1a: Beyblade|7\/100\n|-unboost|p2a: Sneasler|def|1\n|-unboost|p2a: Sneasler|spd|1\n|-status|p1a: Beyblade|psn|[from] ability: Poison Touch|[of] p2a: Sneasler\n|\n|-damage|p1a: Beyblade|0 fnt|[from] psn\n|faint|p1a: Beyblade\n|-end|p1a: Beyblade|Protosynthesis|[silent]\n|upkeep\n|\n|t:|1699795464\n|switch|p1a: Barney|Dragonite, M, shiny|84\/100\n|turn|19\n|\n|t:|1699795473\n|move|p1a: Barney|Extreme Speed|p2a: Sneasler\n|-damage|p2a: Sneasler|0 fnt\n|faint|p2a: Sneasler\n|\n|upkeep\n|\n|t:|1699795478\n|switch|p2a: Greninja|Greninja, M|100\/100\n|turn|20\n|\n|t:|1699795482\n|move|p1a: Barney|Extreme Speed|p2a: Greninja\n|-damage|p2a: Greninja|20\/100\n|move|p2a: Greninja|Ice Beam|p1a: Barney\n|-supereffective|p1a: Barney\n|-damage|p1a: Barney|0 fnt\n|faint|p1a: Barney\n|-ability|p2a: Greninja|Battle Bond|boost\n|-boost|p2a: Greninja|atk|1\n|-boost|p2a: Greninja|spa|1\n|-boost|p2a: Greninja|spe|1\n|-activate|p2a: Greninja|ability: Battle Bond\n|-damage|p2a: Greninja|10\/100|[from] item: Life Orb\n|\n|upkeep\n|\n|t:|1699795487\n|switch|p1a: Pride \ud83c\udf08|Muk-Alola, M|83\/100\n|turn|21\n|\n|t:|1699795495\n|-terastallize|p2a: Greninja|Water\n|move|p1a: Pride \ud83c\udf08|Protect|p1a: Pride \ud83c\udf08\n|-singleturn|p1a: Pride \ud83c\udf08|Protect\n|move|p2a: Greninja|Hydro Pump|p1a: Pride \ud83c\udf08\n|-activate|p1a: Pride \ud83c\udf08|move: Protect\n|\n|-heal|p1a: Pride \ud83c\udf08|89\/100|[from] item: Black Sludge\n|upkeep\n|turn|22\n|\n|t:|1699795513\n|switch|p1a: WalkingMid|Walking Wake|100\/100\n|move|p2a: Greninja|Ice Beam|p1a: WalkingMid\n|-damage|p1a: WalkingMid|42\/100\n|-damage|p2a: Greninja|0 fnt|[from] item: Life Orb\n|faint|p2a: Greninja\n|\n|upkeep\n|\n|t:|1699795522\n|switch|p2a: Hatterene|Hatterene, F|82\/100\n|turn|23\n|\n|t:|1699795527\n|move|p1a: WalkingMid|Hydro Steam|p2a: Hatterene\n|-damage|p2a: Hatterene|51\/100\n|move|p2a: Hatterene|Giga Drain|p1a: WalkingMid\n|-damage|p1a: WalkingMid|5\/100\n|-heal|p2a: Hatterene|71\/100|[from] drain|[of] p1a: WalkingMid\n|\n|upkeep\n|turn|24\n|\n|t:|1699795531\n|move|p1a: WalkingMid|Hydro Steam|p2a: Hatterene\n|-damage|p2a: Hatterene|43\/100\n|move|p2a: Hatterene|Giga Drain|p1a: WalkingMid\n|-damage|p1a: WalkingMid|0 fnt\n|-heal|p2a: Hatterene|45\/100|[from] drain|[of] p1a: WalkingMid\n|faint|p1a: WalkingMid\n|-end|p1a: WalkingMid|Protosynthesis|[silent]\n|\n|upkeep\n|\n|t:|1699795534\n|switch|p1a: Pride \ud83c\udf08|Muk-Alola, M|89\/100\n|turn|25\n|\n|t:|1699795538\n|move|p1a: Pride \ud83c\udf08|Poison Jab|p2a: Hatterene\n|-supereffective|p2a: Hatterene\n|-damage|p2a: Hatterene|0 fnt\n|faint|p2a: Hatterene\n|\n|win|Mukyaup\n|raw|Mukyaup's rating: 1388 &rarr; <strong>1406<\/strong><br \/>(+18 for winning)\n|raw|sblx's rating: 1349 &rarr; <strong>1331<\/strong><br \/>(-18 for losing)\n","uploadtime":1699795544,"views":10,"p1id":"mukyaup","p2id":"sblx","formatid":"gen9ou","rating":1331,"private":0,"password":""}