{"id":"gen9ou-1996313083","p1":"xiaoyang2004","p2":"Chaz the Cruel","format":"[Gen 9] OU","log":"|j|\u2606xiaoyang2004\n|j|\u2606Chaz the Cruel\n|t:|1700670171\n|gametype|singles\n|player|p1|xiaoyang2004|lyra|1408\n|player|p2|Chaz the Cruel|170|1360\n|teamsize|p1|6\n|teamsize|p2|6\n|gen|9\n|tier|[Gen 9] OU\n|rated|\n|rule|Sleep Clause Mod: Limit one foe put to sleep\n|rule|Species Clause: Limit one of each Pok\u00e9mon\n|rule|OHKO Clause: OHKO moves are banned\n|rule|Evasion Items Clause: Evasion items are banned\n|rule|Evasion Moves Clause: Evasion moves are banned\n|rule|Endless Battle Clause: Forcing endless battles is banned\n|rule|HP Percentage Mod: HP is shown in percentages\n|clearpoke\n|poke|p1|Ribombee, F|\n|poke|p1|Gholdengo|\n|poke|p1|Dragapult, M|\n|poke|p1|Samurott-Hisui, M|\n|poke|p1|Ogerpon-Cornerstone, F|\n|poke|p1|Great Tusk|\n|poke|p2|Jolteon, F|\n|poke|p2|Landorus-Therian, M|\n|poke|p2|Great Tusk|\n|poke|p2|Glimmora, F|\n|poke|p2|Rillaboom, F|\n|poke|p2|Iron Valiant|\n|teampreview\n|inactive|Battle timer is ON: inactive players will automatically lose when time's up. (requested by Chaz the Cruel)\n|\n|t:|1700670192\n|start\n|switch|p1a: Gholdengo|Gholdengo|100\/100\n|switch|p2a: Jolteon|Jolteon, F|100\/100\n|turn|1\n|\n|t:|1700670202\n|move|p2a: Jolteon|Shadow Ball|p1a: Gholdengo\n|-supereffective|p1a: Gholdengo\n|-damage|p1a: Gholdengo|22\/100\n|move|p1a: Gholdengo|Nasty Plot|p1a: Gholdengo\n|-boost|p1a: Gholdengo|spa|2\n|\n|upkeep\n|turn|2\n|\n|t:|1700670212\n|switch|p1a: Samurott|Samurott-Hisui, M, shiny|100\/100\n|move|p2a: Jolteon|Shadow Ball|p1a: Samurott\n|-resisted|p1a: Samurott\n|-damage|p1a: Samurott|71\/100\n|\n|upkeep\n|turn|3\n|\n|t:|1700670224\n|switch|p2a: Great Tusk|Great Tusk|100\/100\n|-enditem|p2a: Great Tusk|Booster Energy\n|-activate|p2a: Great Tusk|ability: Protosynthesis|[fromitem]\n|-start|p2a: Great Tusk|protosynthesisatk\n|move|p1a: Samurott|Ceaseless Edge|p2a: Great Tusk\n|-resisted|p2a: Great Tusk\n|-damage|p2a: Great Tusk|84\/100\n|-sidestart|p2: Chaz the Cruel|Spikes\n|\n|upkeep\n|turn|4\n|\n|t:|1700670246\n|-terastallize|p1a: Samurott|Ghost\n|move|p2a: Great Tusk|Rapid Spin|p1a: Samurott\n|-immune|p1a: Samurott\n|move|p1a: Samurott|Aqua Cutter|p2a: Great Tusk\n|-supereffective|p2a: Great Tusk\n|-damage|p2a: Great Tusk|9\/100\n|\n|upkeep\n|turn|5\n|\n|t:|1700670260\n|move|p1a: Samurott|Aqua Jet|p2a: Great Tusk\n|-supereffective|p2a: Great Tusk\n|-damage|p2a: Great Tusk|0 fnt\n|faint|p2a: Great Tusk\n|-end|p2a: Great Tusk|Protosynthesis|[silent]\n|\n|upkeep\n|\n|t:|1700670268\n|switch|p2a: Rillaboom|Rillaboom, F|100\/100\n|-damage|p2a: Rillaboom|88\/100|[from] Spikes\n|-fieldstart|move: Grassy Terrain|[from] ability: Grassy Surge|[of] p2a: Rillaboom\n|turn|6\n|\n|t:|1700670274\n|move|p1a: Samurott|Ceaseless Edge|p2a: Rillaboom\n|-damage|p2a: Rillaboom|37\/100\n|-sidestart|p2: Chaz the Cruel|Spikes\n|move|p2a: Rillaboom|Knock Off|p1a: Samurott\n|-supereffective|p1a: Samurott\n|-damage|p1a: Samurott|0 fnt\n|-enditem|p1a: Samurott|Focus Sash|[from] move: Knock Off|[of] p2a: Rillaboom\n|faint|p1a: Samurott\n|\n|-heal|p2a: Rillaboom|43\/100|[from] Grassy Terrain\n|upkeep\n|\n|t:|1700670295\n|switch|p1a: Ribombee|Ribombee, F, shiny|100\/100\n|turn|7\n|\n|t:|1700670305\n|switch|p2a: Glimmora|Glimmora, F|100\/100\n|-damage|p2a: Glimmora|84\/100|[from] Spikes\n|move|p1a: Ribombee|Sticky Web|p2a: Glimmora\n|-sidestart|p2: Chaz the Cruel|move: Sticky Web\n|\n|-heal|p2a: Glimmora|90\/100|[from] Grassy Terrain\n|upkeep\n|turn|8\n|\n|t:|1700670315\n|switch|p1a: Gholdengo|Gholdengo|22\/100\n|move|p2a: Glimmora|Power Gem|p1a: Gholdengo\n|-resisted|p1a: Gholdengo\n|-damage|p1a: Gholdengo|0 fnt\n|faint|p1a: Gholdengo\n|\n|-heal|p2a: Glimmora|96\/100|[from] Grassy Terrain\n|upkeep\n|\n|t:|1700670326\n|switch|p1a: Dragapult|Dragapult, M, shiny|100\/100\n|turn|9\n|\n|t:|1700670331\n|move|p1a: Dragapult|Draco Meteor|p2a: Glimmora\n|-damage|p2a: Glimmora|0 fnt\n|-unboost|p1a: Dragapult|spa|2\n|faint|p2a: Glimmora\n|\n|upkeep\n|\n|t:|1700670341\n|switch|p2a: Iron Valiant|Iron Valiant|100\/100\n|-damage|p2a: Iron Valiant|84\/100|[from] Spikes\n|-activate|p2a: Iron Valiant|move: Sticky Web\n|-unboost|p2a: Iron Valiant|spe|1\n|-enditem|p2a: Iron Valiant|Booster Energy\n|-activate|p2a: Iron Valiant|ability: Quark Drive|[fromitem]\n|-start|p2a: Iron Valiant|quarkdrivespa\n|turn|10\n|\n|t:|1700670351\n|switch|p1a: Ribombee|Ribombee, F, shiny|100\/100\n|move|p2a: Iron Valiant|Moonblast|p1a: Ribombee\n|-enditem|p1a: Ribombee|Focus Sash\n|-damage|p1a: Ribombee|1\/100\n|\n|-heal|p1a: Ribombee|7\/100|[from] Grassy Terrain\n|-heal|p2a: Iron Valiant|90\/100|[from] Grassy Terrain\n|-fieldend|move: Grassy Terrain\n|upkeep\n|turn|11\n|\n|t:|1700670361\n|move|p1a: Ribombee|Moonblast|p2a: Iron Valiant\n|-supereffective|p2a: Iron Valiant\n|-damage|p2a: Iron Valiant|0 fnt\n|faint|p2a: Iron Valiant\n|-end|p2a: Iron Valiant|Quark Drive|[silent]\n|\n|upkeep\n|\n|t:|1700670366\n|switch|p2a: Jolteon|Jolteon, F|100\/100\n|-damage|p2a: Jolteon|84\/100|[from] Spikes\n|-activate|p2a: Jolteon|move: Sticky Web\n|-unboost|p2a: Jolteon|spe|1\n|turn|12\n|\n|t:|1700670372\n|move|p1a: Ribombee|Moonblast|p2a: Jolteon\n|-damage|p2a: Jolteon|36\/100\n|move|p2a: Jolteon|Volt Switch|p1a: Ribombee\n|-damage|p1a: Ribombee|0 fnt\n|faint|p1a: Ribombee\n|\n|t:|1700670379\n|switch|p2a: Rillaboom|Rillaboom, F|43\/100|[from] Volt Switch\n|-damage|p2a: Rillaboom|27\/100|[from] Spikes\n|-activate|p2a: Rillaboom|move: Sticky Web\n|-unboost|p2a: Rillaboom|spe|1\n|-fieldstart|move: Grassy Terrain|[from] ability: Grassy Surge|[of] p2a: Rillaboom\n|\n|-heal|p2a: Rillaboom|33\/100|[from] Grassy Terrain\n|upkeep\n|\n|t:|1700670393\n|switch|p1a: Dragapult|Dragapult, M, shiny|100\/100\n|turn|13\n|\n|t:|1700670404\n|move|p2a: Rillaboom|Grassy Glide|p1a: Dragapult\n|-resisted|p1a: Dragapult\n|-damage|p1a: Dragapult|65\/100\n|move|p1a: Dragapult|U-turn|p2a: Rillaboom\n|-supereffective|p2a: Rillaboom\n|-damage|p2a: Rillaboom|0 fnt\n|faint|p2a: Rillaboom\n|\n|t:|1700670415\n|switch|p1a: Great Tusk|Great Tusk, shiny|100\/100|[from] U-turn\n|-enditem|p1a: Great Tusk|Booster Energy\n|-activate|p1a: Great Tusk|ability: Protosynthesis|[fromitem]\n|-start|p1a: Great Tusk|protosynthesisatk\n|\n|upkeep\n|\n|t:|1700670421\n|switch|p2a: Jolteon|Jolteon, F|36\/100\n|-damage|p2a: Jolteon|19\/100|[from] Spikes\n|-activate|p2a: Jolteon|move: Sticky Web\n|-unboost|p2a: Jolteon|spe|1\n|turn|14\n|\n|t:|1700670427\n|-terastallize|p2a: Jolteon|Ice\n|move|p1a: Great Tusk|Rapid Spin|p2a: Jolteon\n|-damage|p2a: Jolteon|0 fnt\n|-boost|p1a: Great Tusk|spe|1\n|faint|p2a: Jolteon\n|\n|upkeep\n|-message|Chaz the Cruel forfeited.\n|\n|win|xiaoyang2004\n|raw|xiaoyang2004's rating: 1408 &rarr; <strong>1425<\/strong><br \/>(+17 for winning)\n|raw|Chaz the Cruel's rating: 1360 &rarr; <strong>1343<\/strong><br \/>(-17 for losing)\n|l|\u2606Chaz the Cruel\n","uploadtime":1700670446,"views":2,"p1id":"xiaoyang2004","p2id":"chazthecruel","formatid":"gen9ou","rating":1343,"private":0,"password":""}