{"id":"gen9ou-1994257355","p1":"KendrickLamar(real","p2":"Bruhamastra","format":"[Gen 9] OU","log":"|j|\u2606KendrickLamar(real\n|j|\u2606Bruhamastra\n|t:|1700424196\n|gametype|singles\n|player|p1|KendrickLamar(real|170|1321\n|player|p2|Bruhamastra|waiter-gen4|1420\n|teamsize|p1|6\n|teamsize|p2|6\n|gen|9\n|tier|[Gen 9] OU\n|rated|\n|rule|Sleep Clause Mod: Limit one foe put to sleep\n|rule|Species Clause: Limit one of each Pok\u00e9mon\n|rule|OHKO Clause: OHKO moves are banned\n|rule|Evasion Items Clause: Evasion items are banned\n|rule|Evasion Moves Clause: Evasion moves are banned\n|rule|Endless Battle Clause: Forcing endless battles is banned\n|rule|HP Percentage Mod: HP is shown in percentages\n|clearpoke\n|poke|p1|Zapdos|\n|poke|p1|Ceruledge, F|\n|poke|p1|Samurott-Hisui, F|\n|poke|p1|Gholdengo|\n|poke|p1|Glimmora, M|\n|poke|p1|Iron Valiant|\n|poke|p2|Skeledirge, M|\n|poke|p2|Rillaboom, M|\n|poke|p2|Lurantis, F|\n|poke|p2|Goodra-Hisui, M|\n|poke|p2|Ursaluna, F|\n|poke|p2|Hatterene, F|\n|teampreview\n|inactive|Battle timer is ON: inactive players will automatically lose when time's up. (requested by KendrickLamar(real)\n|inactive|Bruhamastra has 120 seconds left.\n|c|\u2606Bruhamastra|no way\n|c|\u2606Bruhamastra|the real kendrick lamar?????\n|c|\u2606Bruhamastra|in real?\n|\n|t:|1700424251\n|start\n|switch|p1a: Gholdengo|Gholdengo|100\/100\n|switch|p2a: Goodra|Goodra-Hisui, M|100\/100\n|turn|1\n|c|\u2606KendrickLamar(real|New kung fu kenny\n|c|\u2606Bruhamastra|epic....\n|c|\u2606KendrickLamar(real|Aint nobody prayin for me\n|\n|t:|1700424271\n|move|p1a: Gholdengo|Shadow Ball|p2a: Goodra\n|-damage|p2a: Goodra|82\/100\n|move|p2a: Goodra|Fire Blast|p1a: Gholdengo\n|-supereffective|p1a: Gholdengo\n|-damage|p1a: Gholdengo|17\/100\n|\n|upkeep\n|turn|2\n|\n|t:|1700424280\n|switch|p1a: Ceruledge|Ceruledge, F|100\/100\n|move|p2a: Goodra|Ice Beam|p1a: Ceruledge\n|-resisted|p1a: Ceruledge\n|-damage|p1a: Ceruledge|90\/100\n|\n|upkeep\n|turn|3\n|\n|t:|1700424296\n|switch|p2a: Ursaluna|Ursaluna, F|100\/100\n|move|p1a: Ceruledge|Bulk Up|p1a: Ceruledge\n|-boost|p1a: Ceruledge|atk|1\n|-boost|p1a: Ceruledge|def|1\n|\n|-status|p2a: Ursaluna|brn|[from] item: Flame Orb\n|upkeep\n|turn|4\n|\n|t:|1700424304\n|-terastallize|p1a: Ceruledge|Bug\n|move|p1a: Ceruledge|Bitter Blade|p2a: Ursaluna\n|-damage|p2a: Ursaluna|59\/100 brn\n|-heal|p1a: Ceruledge|100\/100|[from] drain|[of] p2a: Ursaluna\n|move|p2a: Ursaluna|Facade|p1a: Ceruledge\n|-damage|p1a: Ceruledge|0 fnt\n|faint|p1a: Ceruledge\n|\n|-damage|p2a: Ursaluna|53\/100 brn|[from] brn\n|upkeep\n|\n|t:|1700424316\n|switch|p1a: Samurott|Samurott-Hisui, F|100\/100\n|turn|5\n|\n|t:|1700424326\n|move|p1a: Samurott|Razor Shell|p2a: Ursaluna\n|-supereffective|p2a: Ursaluna\n|-damage|p2a: Ursaluna|0 fnt\n|faint|p2a: Ursaluna\n|\n|upkeep\n|\n|t:|1700424329\n|switch|p2a: Rillaboom|Rillaboom, M|100\/100\n|-fieldstart|move: Grassy Terrain|[from] ability: Grassy Surge|[of] p2a: Rillaboom\n|turn|6\n|\n|t:|1700424333\n|switch|p1a: Gholdengo|Gholdengo|17\/100\n|move|p2a: Rillaboom|U-turn|p1a: Gholdengo\n|-resisted|p1a: Gholdengo\n|-damage|p1a: Gholdengo|10\/100\n|\n|t:|1700424337\n|switch|p2a: Lurantis|Lurantis, F|100\/100|[from] U-turn\n|\n|-heal|p1a: Gholdengo|16\/100|[from] Grassy Terrain\n|upkeep\n|turn|7\n|\n|t:|1700424344\n|move|p2a: Lurantis|Grassy Glide|p1a: Gholdengo\n|-resisted|p1a: Gholdengo\n|-damage|p1a: Gholdengo|0 fnt\n|faint|p1a: Gholdengo\n|\n|upkeep\n|\n|t:|1700424349\n|switch|p1a: Glimmora|Glimmora, M|100\/100\n|turn|8\n|\n|t:|1700424358\n|-terastallize|p2a: Lurantis|Poison\n|move|p1a: Glimmora|Sludge Wave|p2a: Lurantis\n|-resisted|p2a: Lurantis\n|-damage|p2a: Lurantis|76\/100\n|move|p2a: Lurantis|Superpower|p1a: Glimmora\n|-damage|p1a: Glimmora|50\/100\n|-boost|p2a: Lurantis|atk|1\n|-boost|p2a: Lurantis|def|1\n|-activate|p1a: Glimmora|ability: Toxic Debris\n|-sidestart|p2: Bruhamastra|move: Toxic Spikes\n|\n|-heal|p1a: Glimmora|57\/100|[from] Grassy Terrain\n|-heal|p2a: Lurantis|82\/100|[from] Grassy Terrain\n|-heal|p2a: Lurantis|88\/100|[from] item: Leftovers\n|upkeep\n|turn|9\n|\n|t:|1700424368\n|move|p1a: Glimmora|Sludge Wave|p2a: Lurantis\n|-resisted|p2a: Lurantis\n|-damage|p2a: Lurantis|61\/100\n|move|p2a: Lurantis|Superpower|p1a: Glimmora\n|-damage|p1a: Glimmora|0 fnt\n|-boost|p2a: Lurantis|atk|1\n|-boost|p2a: Lurantis|def|1\n|-activate|p1a: Glimmora|ability: Toxic Debris\n|-sidestart|p2: Bruhamastra|move: Toxic Spikes\n|faint|p1a: Glimmora\n|\n|-heal|p2a: Lurantis|67\/100|[from] Grassy Terrain\n|-heal|p2a: Lurantis|73\/100|[from] item: Leftovers\n|upkeep\n|\n|t:|1700424383\n|switch|p1a: Zapdos|Zapdos|100\/100\n|turn|10\n|\n|t:|1700424404\n|move|p1a: Zapdos|Hurricane|p2a: Lurantis|[miss]\n|-miss|p1a: Zapdos|p2a: Lurantis\n|move|p2a: Lurantis|Synthesis|p2a: Lurantis\n|-heal|p2a: Lurantis|100\/100\n|\n|upkeep\n|turn|11\n|\n|t:|1700424411\n|move|p1a: Zapdos|Hurricane|p2a: Lurantis\n|-damage|p2a: Lurantis|35\/100\n|move|p2a: Lurantis|Knock Off|p1a: Zapdos\n|-damage|p1a: Zapdos|26\/100\n|-status|p2a: Lurantis|par|[from] ability: Static|[of] p1a: Zapdos\n|-enditem|p1a: Zapdos|Heavy-Duty Boots|[from] move: Knock Off|[of] p2a: Lurantis\n|\n|-heal|p2a: Lurantis|42\/100 par|[from] Grassy Terrain\n|-heal|p2a: Lurantis|48\/100 par|[from] item: Leftovers\n|upkeep\n|turn|12\n|\n|t:|1700424419\n|move|p2a: Lurantis|Grassy Glide|p1a: Zapdos\n|-resisted|p1a: Zapdos\n|-damage|p1a: Zapdos|0 fnt\n|faint|p1a: Zapdos\n|\n|-heal|p2a: Lurantis|54\/100 par|[from] Grassy Terrain\n|-heal|p2a: Lurantis|60\/100 par|[from] item: Leftovers\n|upkeep\n|\n|t:|1700424425\n|switch|p1a: Samurott|Samurott-Hisui, F|100\/100\n|turn|13\n|\n|t:|1700424429\n|move|p2a: Lurantis|Grassy Glide|p1a: Samurott\n|-supereffective|p1a: Samurott\n|-damage|p1a: Samurott|0 fnt\n|faint|p1a: Samurott\n|\n|-heal|p2a: Lurantis|66\/100 par|[from] Grassy Terrain\n|-heal|p2a: Lurantis|72\/100 par|[from] item: Leftovers\n|-fieldend|move: Grassy Terrain\n|upkeep\n|\n|t:|1700424432\n|switch|p1a: Iron Valiant|Iron Valiant|100\/100\n|-enditem|p1a: Iron Valiant|Booster Energy\n|-activate|p1a: Iron Valiant|ability: Quark Drive|[fromitem]\n|-start|p1a: Iron Valiant|quarkdrivespe\n|turn|14\n|\n|t:|1700424436\n|move|p1a: Iron Valiant|Thunderbolt|p2a: Lurantis\n|-damage|p2a: Lurantis|39\/100 par\n|cant|p2a: Lurantis|par\n|\n|-heal|p2a: Lurantis|45\/100 par|[from] item: Leftovers\n|upkeep\n|turn|15\n|\n|t:|1700424442\n|move|p1a: Iron Valiant|Thunderbolt|p2a: Lurantis\n|-damage|p2a: Lurantis|11\/100 par\n|cant|p2a: Lurantis|par\n|\n|-heal|p2a: Lurantis|17\/100 par|[from] item: Leftovers\n|upkeep\n|turn|16\n|\n|t:|1700424445\n|move|p1a: Iron Valiant|Thunderbolt|p2a: Lurantis\n|-damage|p2a: Lurantis|0 fnt\n|faint|p2a: Lurantis\n|\n|upkeep\n|\n|t:|1700424448\n|switch|p2a: Goodra|Goodra-Hisui, M|82\/100\n|turn|17\n|\n|t:|1700424452\n|move|p1a: Iron Valiant|Close Combat|p2a: Goodra\n|-supereffective|p2a: Goodra\n|-damage|p2a: Goodra|0 fnt\n|-unboost|p1a: Iron Valiant|def|1\n|-unboost|p1a: Iron Valiant|spd|1\n|faint|p2a: Goodra\n|\n|upkeep\n|\n|t:|1700424458\n|switch|p2a: Skeledirge|Skeledirge, M|100\/100\n|turn|18\n|\n|t:|1700424466\n|move|p1a: Iron Valiant|Thunderbolt|p2a: Skeledirge\n|-damage|p2a: Skeledirge|78\/100\n|move|p2a: Skeledirge|Torch Song|p1a: Iron Valiant\n|-damage|p1a: Iron Valiant|40\/100\n|-boost|p2a: Skeledirge|spa|1\n|\n|upkeep\n|turn|19\n|\n|t:|1700424471\n|move|p1a: Iron Valiant|Thunderbolt|p2a: Skeledirge\n|-damage|p2a: Skeledirge|56\/100\n|move|p2a: Skeledirge|Torch Song|p1a: Iron Valiant\n|-crit|p1a: Iron Valiant\n|-damage|p1a: Iron Valiant|0 fnt\n|-boost|p2a: Skeledirge|spa|1\n|faint|p1a: Iron Valiant\n|-end|p1a: Iron Valiant|Quark Drive|[silent]\n|\n|win|Bruhamastra\n|raw|KendrickLamar(real's rating: 1321 &rarr; <strong>1307<\/strong><br \/>(-14 for losing)\n|raw|Bruhamastra's rating: 1420 &rarr; <strong>1434<\/strong><br \/>(+14 for winning)\n|l|\u2606KendrickLamar(real\n|c|\u2606Bruhamastra|gg mr lamar,you played well\n","uploadtime":1700424557,"views":15,"p1id":"kendricklamarreal","p2id":"bruhamastra","formatid":"gen9ou","rating":1307,"private":0,"password":""}