{"id":"gen9ou-1994318490","p1":"ShadySableye77","p2":"WASKDEFRIN","format":"[Gen 9] OU","log":"|j|\u2606ShadySableye77\n|j|\u2606WASKDEFRIN\n|t:|1700430560\n|gametype|singles\n|player|p1|ShadySableye77|hilbert|1168\n|player|p2|WASKDEFRIN|marlon|1206\n|teamsize|p1|6\n|teamsize|p2|6\n|gen|9\n|tier|[Gen 9] OU\n|rated|\n|rule|Sleep Clause Mod: Limit one foe put to sleep\n|rule|Species Clause: Limit one of each Pok\u00e9mon\n|rule|OHKO Clause: OHKO moves are banned\n|rule|Evasion Items Clause: Evasion items are banned\n|rule|Evasion Moves Clause: Evasion moves are banned\n|rule|Endless Battle Clause: Forcing endless battles is banned\n|rule|HP Percentage Mod: HP is shown in percentages\n|clearpoke\n|poke|p1|Rillaboom, F|\n|poke|p1|Sneasler, F|\n|poke|p1|Zamazenta-*|\n|poke|p1|Heatran, F|\n|poke|p1|Hatterene, F|\n|poke|p1|Manaphy|\n|poke|p2|Landorus-Therian, M|\n|poke|p2|Kingambit, M|\n|poke|p2|Rillaboom, M|\n|poke|p2|Slowking-Galar, M|\n|poke|p2|Iron Valiant|\n|poke|p2|Great Tusk|\n|teampreview\n|\n|t:|1700430574\n|start\n|switch|p1a: Rillaboom|Rillaboom, F|100\/100\n|switch|p2a: Landorus|Landorus-Therian, M|100\/100\n|-fieldstart|move: Grassy Terrain|[from] ability: Grassy Surge|[of] p1a: Rillaboom\n|-ability|p2a: Landorus|Intimidate|boost\n|-unboost|p1a: Rillaboom|atk|1\n|turn|1\n|\n|t:|1700430584\n|switch|p1a: Zamazenta|Zamazenta|100\/100\n|-ability|p1a: Zamazenta|Dauntless Shield|boost\n|-boost|p1a: Zamazenta|def|1\n|move|p2a: Landorus|U-turn|p1a: Zamazenta\n|-resisted|p1a: Zamazenta\n|-damage|p1a: Zamazenta|95\/100\n|\n|t:|1700430596\n|switch|p2a: Slowking|Slowking-Galar, M|100\/100|[from] U-turn\n|\n|-heal|p1a: Zamazenta|100\/100|[from] Grassy Terrain\n|upkeep\n|turn|2\n|\n|t:|1700430612\n|move|p1a: Zamazenta|Substitute|p1a: Zamazenta\n|-start|p1a: Zamazenta|Substitute\n|-damage|p1a: Zamazenta|75\/100\n|move|p2a: Slowking|Future Sight|p1a: Zamazenta\n|-start|p2a: Slowking|move: Future Sight\n|\n|-heal|p1a: Zamazenta|82\/100|[from] Grassy Terrain\n|-heal|p1a: Zamazenta|88\/100|[from] item: Leftovers\n|upkeep\n|turn|3\n|\n|t:|1700430637\n|switch|p1a: Heatran|Heatran, F|100\/100\n|-item|p1a: Heatran|Air Balloon\n|switch|p2a: Landorus|Landorus-Therian, M|100\/100\n|-ability|p2a: Landorus|Intimidate|boost\n|-unboost|p1a: Heatran|atk|1\n|\n|upkeep\n|turn|4\n|\n|t:|1700430652\n|switch|p1a: Hatterene|Hatterene, F|100\/100\n|-enditem|p1a: Hatterene|Grassy Seed\n|-boost|p1a: Hatterene|def|1|[from] item: Grassy Seed\n|move|p2a: Landorus|Stealth Rock|p1a: Hatterene\n|move|p1a: Hatterene|Stealth Rock|p2a: Landorus|[from]ability: Magic Bounce\n|-sidestart|p2: WASKDEFRIN|move: Stealth Rock\n|\n|-end|p1a: Hatterene|move: Future Sight\n|-resisted|p1a: Hatterene\n|-damage|p1a: Hatterene|78\/100\n|-heal|p1a: Hatterene|84\/100|[from] Grassy Terrain\n|upkeep\n|turn|5\n|\n|t:|1700430669\n|move|p2a: Landorus|Stealth Rock|p1a: Hatterene\n|move|p1a: Hatterene|Stealth Rock||[from]ability: Magic Bounce|[still]\n|-fail|p1a: Hatterene\n|move|p1a: Hatterene|Nuzzle|p2a: Landorus\n|-immune|p2a: Landorus\n|\n|-heal|p1a: Hatterene|90\/100|[from] Grassy Terrain\n|-fieldend|move: Grassy Terrain\n|upkeep\n|turn|6\n|\n|t:|1700430679\n|move|p2a: Landorus|U-turn|p1a: Hatterene\n|-damage|p1a: Hatterene|77\/100\n|\n|t:|1700430685\n|switch|p2a: Slowking|Slowking-Galar, M|100\/100|[from] U-turn\n|-damage|p2a: Slowking|88\/100|[from] Stealth Rock\n|move|p1a: Hatterene|Draining Kiss|p2a: Slowking\n|-resisted|p2a: Slowking\n|-damage|p2a: Slowking|79\/100\n|-heal|p1a: Hatterene|85\/100|[from] drain|[of] p2a: Slowking\n|-enditem|p2a: Slowking|Eject Button\n|\n|t:|1700430696\n|switch|p2a: Great Tusk|Great Tusk|100\/100\n|-damage|p2a: Great Tusk|98\/100|[from] Stealth Rock\n|\n|upkeep\n|turn|7\n|\n|t:|1700430704\n|-terastallize|p1a: Hatterene|Ghost\n|move|p2a: Great Tusk|Headlong Rush|p1a: Hatterene\n|-damage|p1a: Hatterene|50\/100\n|-unboost|p2a: Great Tusk|def|1\n|-unboost|p2a: Great Tusk|spd|1\n|-enditem|p2a: Great Tusk|Eject Pack\n|\n|t:|1700430718\n|-end|p2a: Great Tusk|Protosynthesis|[silent]\n|switch|p2a: Slowking|Slowking-Galar, M|100\/100\n|-damage|p2a: Slowking|88\/100|[from] Stealth Rock\n|move|p1a: Hatterene|Draining Kiss|p2a: Slowking\n|-resisted|p2a: Slowking\n|-damage|p2a: Slowking|80\/100\n|-heal|p1a: Hatterene|58\/100|[from] drain|[of] p2a: Slowking\n|\n|upkeep\n|turn|8\n|\n|t:|1700430741\n|move|p1a: Hatterene|Calm Mind|p1a: Hatterene\n|-boost|p1a: Hatterene|spa|1\n|-boost|p1a: Hatterene|spd|1\n|move|p2a: Slowking|Chilly Reception|p2a: Slowking\n|-weather|Snow\n|\n|t:|1700430752\n|switch|p2a: Iron Valiant|Iron Valiant|100\/100|[from] Chilly Reception\n|-damage|p2a: Iron Valiant|94\/100|[from] Stealth Rock\n|\n|-weather|Snow|[upkeep]\n|upkeep\n|turn|9\n|\n|t:|1700430763\n|move|p2a: Iron Valiant|Shadow Ball|p1a: Hatterene\n|-supereffective|p1a: Hatterene\n|-damage|p1a: Hatterene|3\/100\n|move|p1a: Hatterene|Draining Kiss|p2a: Iron Valiant\n|-supereffective|p2a: Iron Valiant\n|-damage|p2a: Iron Valiant|0 fnt\n|-heal|p1a: Hatterene|67\/100|[from] drain|[of] p2a: Iron Valiant\n|faint|p2a: Iron Valiant\n|-end|p2a: Iron Valiant|Quark Drive|[silent]\n|\n|-weather|Snow|[upkeep]\n|upkeep\n|\n|t:|1700430770\n|switch|p2a: Rillaboom|Rillaboom, M|100\/100\n|-damage|p2a: Rillaboom|88\/100|[from] Stealth Rock\n|-fieldstart|move: Grassy Terrain|[from] ability: Grassy Surge|[of] p2a: Rillaboom\n|turn|10\n|\n|t:|1700430776\n|move|p2a: Rillaboom|Knock Off|p1a: Hatterene\n|-supereffective|p1a: Hatterene\n|-damage|p1a: Hatterene|28\/100\n|move|p1a: Hatterene|Nuzzle|p2a: Rillaboom\n|-resisted|p2a: Rillaboom\n|-damage|p2a: Rillaboom|86\/100\n|-status|p2a: Rillaboom|par\n|\n|-weather|Snow|[upkeep]\n|-heal|p2a: Rillaboom|92\/100 par|[from] Grassy Terrain\n|-heal|p1a: Hatterene|34\/100|[from] Grassy Terrain\n|upkeep\n|turn|11\n|\n|t:|1700430795\n|switch|p1a: Sneasler|Sneasler, F|100\/100\n|-enditem|p1a: Sneasler|Grassy Seed\n|-boost|p1a: Sneasler|def|1|[from] item: Grassy Seed\n|move|p2a: Rillaboom|Knock Off|p1a: Sneasler\n|-resisted|p1a: Sneasler\n|-damage|p1a: Sneasler|82\/100\n|\n|-weather|Snow|[upkeep]\n|-heal|p1a: Sneasler|88\/100|[from] Grassy Terrain\n|-heal|p2a: Rillaboom|98\/100 par|[from] Grassy Terrain\n|upkeep\n|turn|12\n|\n|t:|1700430805\n|switch|p2a: Landorus|Landorus-Therian, M|100\/100\n|-damage|p2a: Landorus|88\/100|[from] Stealth Rock\n|-ability|p2a: Landorus|Intimidate|boost\n|-unboost|p1a: Sneasler|atk|1\n|move|p1a: Sneasler|Swords Dance|p1a: Sneasler\n|-boost|p1a: Sneasler|atk|2\n|\n|-weather|none\n|-heal|p1a: Sneasler|94\/100|[from] Grassy Terrain\n|upkeep\n|turn|13\n|\n|t:|1700430825\n|move|p1a: Sneasler|Lash Out|p2a: Landorus\n|-damage|p2a: Landorus|60\/100\n|-damage|p1a: Sneasler|78\/100|[from] item: Rocky Helmet|[of] p2a: Landorus\n|move|p2a: Landorus|Earthquake|p1a: Sneasler\n|-supereffective|p1a: Sneasler\n|-damage|p1a: Sneasler|25\/100\n|\n|-heal|p1a: Sneasler|31\/100|[from] Grassy Terrain\n|upkeep\n|turn|14\n|\n|t:|1700430836\n|switch|p1a: Rillaboom|Rillaboom, F|100\/100\n|move|p2a: Landorus|Earthquake|p1a: Rillaboom\n|-resisted|p1a: Rillaboom\n|-damage|p1a: Rillaboom|88\/100\n|\n|-heal|p1a: Rillaboom|95\/100|[from] Grassy Terrain\n|-fieldend|move: Grassy Terrain\n|upkeep\n|turn|15\n|\n|t:|1700430843\n|switch|p1a: Heatran|Heatran, F|100\/100\n|-item|p1a: Heatran|Air Balloon\n|move|p2a: Landorus|Stealth Rock|p1a: Heatran\n|-sidestart|p1: ShadySableye77|move: Stealth Rock\n|\n|upkeep\n|turn|16\n|\n|t:|1700430863\n|switch|p1a: Zamazenta|Zamazenta|88\/100\n|-damage|p1a: Zamazenta|82\/100|[from] Stealth Rock\n|move|p2a: Landorus|U-turn|p1a: Zamazenta\n|-resisted|p1a: Zamazenta\n|-damage|p1a: Zamazenta|74\/100\n|inactive|Battle timer is ON: inactive players will automatically lose when time's up. (requested by ShadySableye77)\n|\n|t:|1700430869\n|switch|p2a: Slowking|Slowking-Galar, M|100\/100|[from] U-turn\n|-damage|p2a: Slowking|88\/100|[from] Stealth Rock\n|\n|-heal|p1a: Zamazenta|80\/100|[from] item: Leftovers\n|upkeep\n|turn|17\n|\n|t:|1700430884\n|switch|p1a: Manaphy|Manaphy|100\/100\n|-damage|p1a: Manaphy|88\/100|[from] Stealth Rock\n|move|p2a: Slowking|Future Sight|p1a: Manaphy\n|-start|p2a: Slowking|move: Future Sight\n|\n|-heal|p1a: Manaphy|94\/100|[from] item: Leftovers\n|upkeep\n|turn|18\n|\n|t:|1700430893\n|move|p1a: Manaphy|Take Heart|p1a: Manaphy\n|-boost|p1a: Manaphy|spa|1\n|-boost|p1a: Manaphy|spd|1\n|move|p2a: Slowking|Thunder Wave|p1a: Manaphy\n|-status|p1a: Manaphy|par\n|\n|-heal|p1a: Manaphy|100\/100 par|[from] item: Leftovers\n|upkeep\n|turn|19\n|\n|t:|1700430897\n|cant|p1a: Manaphy|par\n|move|p2a: Slowking|Chilly Reception|p2a: Slowking\n|-weather|Snow\n|\n|t:|1700430904\n|switch|p2a: Rillaboom|Rillaboom, M|98\/100 par|[from] Chilly Reception\n|-damage|p2a: Rillaboom|86\/100 par|[from] Stealth Rock\n|-fieldstart|move: Grassy Terrain|[from] ability: Grassy Surge|[of] p2a: Rillaboom\n|\n|-weather|Snow|[upkeep]\n|-end|p1a: Manaphy|move: Future Sight\n|-damage|p1a: Manaphy|74\/100 par\n|-heal|p1a: Manaphy|81\/100 par|[from] Grassy Terrain\n|-heal|p1a: Manaphy|87\/100 par|[from] item: Leftovers\n|-heal|p2a: Rillaboom|92\/100 par|[from] Grassy Terrain\n|upkeep\n|turn|20\n|\n|t:|1700430915\n|switch|p1a: Rillaboom|Rillaboom, F|95\/100\n|-damage|p1a: Rillaboom|82\/100|[from] Stealth Rock\n|cant|p2a: Rillaboom|par\n|\n|-weather|Snow|[upkeep]\n|-heal|p1a: Rillaboom|88\/100|[from] Grassy Terrain\n|-heal|p2a: Rillaboom|98\/100 par|[from] Grassy Terrain\n|upkeep\n|turn|21\n|\n|t:|1700430923\n|move|p1a: Rillaboom|U-turn|p2a: Rillaboom\n|-supereffective|p2a: Rillaboom\n|-damage|p2a: Rillaboom|13\/100 par\n|\n|t:|1700430941\n|switch|p1a: Zamazenta|Zamazenta|80\/100|[from] U-turn\n|-damage|p1a: Zamazenta|74\/100|[from] Stealth Rock\n|cant|p2a: Rillaboom|par\n|\n|-weather|Snow|[upkeep]\n|-heal|p1a: Zamazenta|80\/100|[from] Grassy Terrain\n|-heal|p1a: Zamazenta|86\/100|[from] item: Leftovers\n|-heal|p2a: Rillaboom|19\/100 par|[from] Grassy Terrain\n|upkeep\n|turn|22\n|\n|t:|1700430951\n|move|p2a: Rillaboom|Grassy Glide|p1a: Zamazenta\n|-damage|p1a: Zamazenta|42\/100\n|move|p1a: Zamazenta|Substitute|p1a: Zamazenta\n|-start|p1a: Zamazenta|Substitute\n|-damage|p1a: Zamazenta|17\/100\n|\n|-weather|Snow|[upkeep]\n|-heal|p1a: Zamazenta|23\/100|[from] Grassy Terrain\n|-heal|p1a: Zamazenta|30\/100|[from] item: Leftovers\n|-heal|p2a: Rillaboom|25\/100 par|[from] Grassy Terrain\n|upkeep\n|turn|23\n|\n|t:|1700430956\n|move|p2a: Rillaboom|Grassy Glide|p1a: Zamazenta\n|-end|p1a: Zamazenta|Substitute\n|move|p1a: Zamazenta|Iron Defense|p1a: Zamazenta\n|-boost|p1a: Zamazenta|def|2\n|\n|-weather|none\n|-heal|p1a: Zamazenta|36\/100|[from] Grassy Terrain\n|-heal|p1a: Zamazenta|42\/100|[from] item: Leftovers\n|-heal|p2a: Rillaboom|31\/100 par|[from] Grassy Terrain\n|-fieldend|move: Grassy Terrain\n|upkeep\n|turn|24\n|\n|t:|1700430965\n|move|p1a: Zamazenta|Iron Defense|p1a: Zamazenta\n|-boost|p1a: Zamazenta|def|2\n|cant|p2a: Rillaboom|par\n|\n|-heal|p1a: Zamazenta|48\/100|[from] item: Leftovers\n|upkeep\n|turn|25\n|\n|t:|1700430970\n|move|p1a: Zamazenta|Substitute|p1a: Zamazenta\n|-start|p1a: Zamazenta|Substitute\n|-damage|p1a: Zamazenta|23\/100\n|move|p2a: Rillaboom|Grassy Glide|p1a: Zamazenta\n|-activate|p1a: Zamazenta|move: Substitute|[damage]\n|\n|-heal|p1a: Zamazenta|30\/100|[from] item: Leftovers\n|upkeep\n|turn|26\n|\n|t:|1700430977\n|move|p1a: Zamazenta|Iron Defense|p1a: Zamazenta\n|-boost|p1a: Zamazenta|def|2\n|move|p2a: Rillaboom|Grassy Glide|p1a: Zamazenta\n|-activate|p1a: Zamazenta|move: Substitute|[damage]\n|\n|-heal|p1a: Zamazenta|36\/100|[from] item: Leftovers\n|upkeep\n|turn|27\n|\n|t:|1700430980\n|move|p1a: Zamazenta|Body Press|p2a: Rillaboom\n|-damage|p2a: Rillaboom|0 fnt\n|faint|p2a: Rillaboom\n|\n|-heal|p1a: Zamazenta|42\/100|[from] item: Leftovers\n|upkeep\n|\n|t:|1700430986\n|switch|p2a: Slowking|Slowking-Galar, M|100\/100\n|-damage|p2a: Slowking|88\/100|[from] Stealth Rock\n|turn|28\n|\n|t:|1700430990\n|move|p1a: Zamazenta|Body Press|p2a: Slowking\n|-resisted|p2a: Slowking\n|-damage|p2a: Slowking|62\/100\n|move|p2a: Slowking|Future Sight|p1a: Zamazenta\n|-start|p2a: Slowking|move: Future Sight\n|\n|-heal|p1a: Zamazenta|48\/100|[from] item: Leftovers\n|upkeep\n|turn|29\n|\n|t:|1700430999\n|move|p1a: Zamazenta|Heavy Slam|p2a: Slowking\n|-damage|p2a: Slowking|49\/100\n|move|p2a: Slowking|Chilly Reception|p2a: Slowking\n|-weather|Snow\n|\n|t:|1700431003\n|switch|p2a: Landorus|Landorus-Therian, M|60\/100|[from] Chilly Reception\n|-damage|p2a: Landorus|47\/100|[from] Stealth Rock\n|-ability|p2a: Landorus|Intimidate|boost\n|-immune|p1a: Zamazenta\n|\n|-weather|Snow|[upkeep]\n|-heal|p1a: Zamazenta|55\/100|[from] item: Leftovers\n|upkeep\n|turn|30\n|\n|t:|1700431011\n|switch|p2a: Slowking|Slowking-Galar, M|82\/100\n|-damage|p2a: Slowking|70\/100|[from] Stealth Rock\n|move|p1a: Zamazenta|Body Press|p2a: Slowking\n|-resisted|p2a: Slowking\n|-crit|p2a: Slowking\n|-damage|p2a: Slowking|28\/100\n|\n|-weather|Snow|[upkeep]\n|-end|p1a: Zamazenta|move: Future Sight\n|-supereffective|p1a: Zamazenta\n|-end|p1a: Zamazenta|Substitute\n|-heal|p1a: Zamazenta|61\/100|[from] item: Leftovers\n|upkeep\n|turn|31\n|\n|t:|1700431022\n|move|p1a: Zamazenta|Substitute|p1a: Zamazenta\n|-start|p1a: Zamazenta|Substitute\n|-damage|p1a: Zamazenta|36\/100\n|move|p2a: Slowking|Future Sight|p1a: Zamazenta\n|-start|p2a: Slowking|move: Future Sight\n|\n|-weather|Snow|[upkeep]\n|-heal|p1a: Zamazenta|42\/100|[from] item: Leftovers\n|upkeep\n|turn|32\n|\n|t:|1700431029\n|switch|p2a: Landorus|Landorus-Therian, M|47\/100\n|-damage|p2a: Landorus|35\/100|[from] Stealth Rock\n|-ability|p2a: Landorus|Intimidate|boost\n|-immune|p1a: Zamazenta\n|move|p1a: Zamazenta|Heavy Slam|p2a: Landorus\n|-damage|p2a: Landorus|20\/100\n|-damage|p1a: Zamazenta|25\/100|[from] item: Rocky Helmet|[of] p2a: Landorus\n|\n|-weather|Snow|[upkeep]\n|-heal|p1a: Zamazenta|32\/100|[from] item: Leftovers\n|upkeep\n|turn|33\n|\n|t:|1700431043\n|switch|p1a: Heatran|Heatran, F|100\/100\n|-damage|p1a: Heatran|88\/100|[from] Stealth Rock\n|-item|p1a: Heatran|Air Balloon\n|move|p2a: Landorus|Grass Knot|p1a: Heatran\n|-resisted|p1a: Heatran\n|-damage|p1a: Heatran|84\/100\n|-enditem|p1a: Heatran|Air Balloon\n|\n|-weather|none\n|-end|p1a: Heatran|move: Future Sight\n|-resisted|p1a: Heatran\n|-damage|p1a: Heatran|69\/100\n|upkeep\n|turn|34\n|\n|t:|1700431061\n|switch|p1a: Rillaboom|Rillaboom, F|88\/100\n|-damage|p1a: Rillaboom|76\/100|[from] Stealth Rock\n|-fieldstart|move: Grassy Terrain|[from] ability: Grassy Surge|[of] p1a: Rillaboom\n|move|p2a: Landorus|U-turn|p1a: Rillaboom\n|-supereffective|p1a: Rillaboom\n|-damage|p1a: Rillaboom|31\/100\n|\n|t:|1700431068\n|switch|p2a: Kingambit|Kingambit, M|100\/100|[from] U-turn\n|-activate|p2a: Kingambit|ability: Supreme Overlord\n|-start|p2a: Kingambit|fallen2|[silent]\n|\n|-heal|p1a: Rillaboom|37\/100|[from] Grassy Terrain\n|upkeep\n|turn|35\n|\n|t:|1700431085\n|-end|p2a: Kingambit|fallen2|[silent]\n|switch|p2a: Landorus|Landorus-Therian, M|20\/100\n|-damage|p2a: Landorus|7\/100|[from] Stealth Rock\n|-ability|p2a: Landorus|Intimidate|boost\n|-unboost|p1a: Rillaboom|atk|1\n|move|p1a: Rillaboom|Grassy Glide|p2a: Landorus\n|-damage|p2a: Landorus|0 fnt\n|-damage|p1a: Rillaboom|20\/100|[from] item: Rocky Helmet|[of] p2a: Landorus\n|faint|p2a: Landorus\n|\n|-heal|p1a: Rillaboom|27\/100|[from] Grassy Terrain\n|upkeep\n|c|\u2606ShadySableye77|nice bait\n|\n|t:|1700431099\n|switch|p2a: Kingambit|Kingambit, M|100\/100\n|-activate|p2a: Kingambit|ability: Supreme Overlord\n|-start|p2a: Kingambit|fallen3|[silent]\n|turn|36\n|\n|t:|1700431104\n|-terastallize|p2a: Kingambit|Flying\n|move|p1a: Rillaboom|Grassy Glide|p2a: Kingambit\n|-resisted|p2a: Kingambit\n|-damage|p2a: Kingambit|83\/100\n|move|p2a: Kingambit|Swords Dance|p2a: Kingambit\n|-boost|p2a: Kingambit|atk|2\n|\n|-heal|p1a: Rillaboom|33\/100|[from] Grassy Terrain\n|upkeep\n|turn|37\n|\n|t:|1700431113\n|switch|p1a: Heatran|Heatran, F|69\/100\n|-damage|p1a: Heatran|56\/100|[from] Stealth Rock\n|move|p2a: Kingambit|Swords Dance|p2a: Kingambit\n|-boost|p2a: Kingambit|atk|2\n|\n|-heal|p1a: Heatran|63\/100|[from] Grassy Terrain\n|upkeep\n|turn|38\n|\n|t:|1700431118\n|move|p1a: Heatran|Magma Storm|p2a: Kingambit|[miss]\n|-miss|p1a: Heatran|p2a: Kingambit\n|move|p2a: Kingambit|Kowtow Cleave|p1a: Heatran\n|-damage|p1a: Heatran|0 fnt\n|faint|p1a: Heatran\n|\n|-fieldend|move: Grassy Terrain\n|upkeep\n|\n|t:|1700431121\n|switch|p1a: Sneasler|Sneasler, F|31\/100\n|-damage|p1a: Sneasler|25\/100|[from] Stealth Rock\n|turn|39\n|\n|t:|1700431129\n|move|p1a: Sneasler|Dire Claw|p2a: Kingambit\n|-damage|p2a: Kingambit|47\/100\n|move|p2a: Kingambit|Kowtow Cleave|p1a: Sneasler\n|-resisted|p1a: Sneasler\n|-damage|p1a: Sneasler|0 fnt\n|faint|p1a: Sneasler\n|\n|upkeep\n|\n|t:|1700431135\n|switch|p1a: Manaphy|Manaphy|87\/100 par\n|-damage|p1a: Manaphy|74\/100 par|[from] Stealth Rock\n|turn|40\n|\n|t:|1700431139\n|move|p2a: Kingambit|Kowtow Cleave|p1a: Manaphy\n|-damage|p1a: Manaphy|0 fnt\n|faint|p1a: Manaphy\n|\n|upkeep\n|\n|t:|1700431141\n|switch|p1a: Zamazenta|Zamazenta|32\/100\n|-damage|p1a: Zamazenta|25\/100|[from] Stealth Rock\n|turn|41\n|\n|t:|1700431144\n|move|p1a: Zamazenta|Substitute|p1a: Zamazenta\n|-fail|p1a: Zamazenta|move: Substitute|[weak]\n|move|p2a: Kingambit|Kowtow Cleave|p1a: Zamazenta\n|-resisted|p1a: Zamazenta\n|-damage|p1a: Zamazenta|0 fnt\n|faint|p1a: Zamazenta\n|\n|upkeep\n|-message|ShadySableye77 forfeited.\n|\n|win|WASKDEFRIN\n|raw|ShadySableye77's rating: 1168 &rarr; <strong>1146<\/strong><br \/>(-22 for losing)\n|raw|WASKDEFRIN's rating: 1206 &rarr; <strong>1228<\/strong><br \/>(+22 for winning)\n|l|\u2606ShadySableye77\n","uploadtime":1700431162,"views":13,"p1id":"shadysableye77","p2id":"waskdefrin","formatid":"gen9ou","rating":1146,"private":0,"password":""}