{"id":"gen9ou-1988280941","p1":"medasus2","p2":"red1998poke","format":"[Gen 9] OU","log":"|j|\u2606medasus2\n|j|\u2606red1998poke\n|t:|1699700849\n|gametype|singles\n|player|p1|medasus2|steven|1132\n|player|p2|red1998poke|266|1178\n|teamsize|p1|6\n|teamsize|p2|6\n|gen|9\n|tier|[Gen 9] OU\n|rated|\n|rule|Sleep Clause Mod: Limit one foe put to sleep\n|rule|Species Clause: Limit one of each Pok\u00e9mon\n|rule|OHKO Clause: OHKO moves are banned\n|rule|Evasion Items Clause: Evasion items are banned\n|rule|Evasion Moves Clause: Evasion moves are banned\n|rule|Endless Battle Clause: Forcing endless battles is banned\n|rule|HP Percentage Mod: HP is shown in percentages\n|clearpoke\n|poke|p1|Hatterene, F|\n|poke|p1|Hoopa-Unbound|\n|poke|p1|Lokix, F|\n|poke|p1|Dragapult, M|\n|poke|p1|Gliscor, M|\n|poke|p1|Alomomola, F|\n|poke|p2|Dunsparce, F|\n|poke|p2|Gliscor, M|\n|poke|p2|Glimmora, M|\n|poke|p2|Gyarados, F|\n|poke|p2|Enamorus-Therian, F|\n|poke|p2|Cinderace, F|\n|teampreview\n|inactive|Battle timer is ON: inactive players will automatically lose when time's up. (requested by medasus2)\n|\n|t:|1699700861\n|start\n|switch|p1a: Lokix|Lokix, F|100\/100\n|switch|p2a: Glimmora|Glimmora, M|100\/100\n|turn|1\n|\n|t:|1699700870\n|switch|p1a: Hatterene|Hatterene, F|100\/100\n|move|p2a: Glimmora|Sludge Wave|p1a: Hatterene\n|-supereffective|p1a: Hatterene\n|-damage|p1a: Hatterene|0 fnt\n|faint|p1a: Hatterene\n|\n|upkeep\n|\n|t:|1699700880\n|switch|p1a: Hoopa|Hoopa-Unbound|100\/100\n|turn|2\n|\n|t:|1699700885\n|move|p1a: Hoopa|Psychic|p2a: Glimmora\n|-supereffective|p2a: Glimmora\n|-enditem|p2a: Glimmora|Focus Sash\n|-damage|p2a: Glimmora|1\/100\n|move|p2a: Glimmora|Stealth Rock|p1a: Hoopa\n|-sidestart|p1: medasus2|move: Stealth Rock\n|\n|upkeep\n|turn|3\n|\n|t:|1699700894\n|switch|p2a: Dunsparce|Dunsparce, F|100\/100\n|move|p1a: Hoopa|Psychic|p2a: Dunsparce\n|-damage|p2a: Dunsparce|67\/100\n|\n|upkeep\n|turn|4\n|\n|t:|1699700904\n|-terastallize|p1a: Hoopa|Psychic\n|move|p1a: Hoopa|Psychic|p2a: Dunsparce\n|-damage|p2a: Dunsparce|24\/100\n|move|p2a: Dunsparce|Toxic|p1a: Hoopa\n|-status|p1a: Hoopa|tox\n|\n|-damage|p1a: Hoopa|95\/100 tox|[from] psn\n|upkeep\n|turn|5\n|\n|t:|1699700920\n|move|p1a: Hoopa|Psychic|p2a: Dunsparce\n|-crit|p2a: Dunsparce\n|-damage|p2a: Dunsparce|0 fnt\n|faint|p2a: Dunsparce\n|\n|-damage|p1a: Hoopa|83\/100 tox|[from] psn\n|upkeep\n|\n|t:|1699700937\n|switch|p2a: Cinderace|Cinderace, F|100\/100\n|turn|6\n|\n|t:|1699700944\n|move|p1a: Hoopa|Psychic|p2a: Cinderace\n|-damage|p2a: Cinderace|0 fnt\n|faint|p2a: Cinderace\n|\n|-damage|p1a: Hoopa|65\/100 tox|[from] psn\n|upkeep\n|\n|t:|1699700957\n|switch|p2a: Enamorus|Enamorus-Therian, F|100\/100\n|turn|7\n|\n|t:|1699700964\n|-terastallize|p2a: Enamorus|Steel\n|move|p1a: Hoopa|Psychic|p2a: Enamorus\n|-resisted|p2a: Enamorus\n|-damage|p2a: Enamorus|72\/100\n|move|p2a: Enamorus|Calm Mind|p2a: Enamorus\n|-boost|p2a: Enamorus|spa|1\n|-boost|p2a: Enamorus|spd|1\n|\n|-heal|p2a: Enamorus|78\/100|[from] item: Leftovers\n|-damage|p1a: Hoopa|41\/100 tox|[from] psn\n|upkeep\n|turn|8\n|\n|t:|1699700978\n|switch|p1a: Gliscor|Gliscor, M|100\/100\n|-damage|p1a: Gliscor|88\/100|[from] Stealth Rock\n|move|p2a: Enamorus|Calm Mind|p2a: Enamorus\n|-boost|p2a: Enamorus|spa|1\n|-boost|p2a: Enamorus|spd|1\n|\n|-heal|p2a: Enamorus|85\/100|[from] item: Leftovers\n|-status|p1a: Gliscor|tox|[from] item: Toxic Orb\n|upkeep\n|turn|9\n|\n|t:|1699700990\n|move|p1a: Gliscor|Knock Off|p2a: Enamorus\n|-damage|p2a: Enamorus|65\/100\n|-enditem|p2a: Enamorus|Leftovers|[from] move: Knock Off|[of] p1a: Gliscor\n|move|p2a: Enamorus|Iron Defense|p2a: Enamorus\n|-boost|p2a: Enamorus|def|2\n|\n|-heal|p1a: Gliscor|100\/100 tox|[from] ability: Poison Heal\n|upkeep\n|turn|10\n|\n|t:|1699701002\n|move|p1a: Gliscor|Knock Off|p2a: Enamorus\n|-damage|p2a: Enamorus|58\/100\n|move|p2a: Enamorus|Draining Kiss|p1a: Gliscor\n|-damage|p1a: Gliscor|47\/100 tox\n|-heal|p2a: Enamorus|99\/100|[from] drain|[of] p1a: Gliscor\n|\n|-heal|p1a: Gliscor|60\/100 tox|[from] ability: Poison Heal\n|upkeep\n|turn|11\n|\n|t:|1699701012\n|switch|p1a: Dragapult|Dragapult, M|100\/100\n|-damage|p1a: Dragapult|88\/100|[from] Stealth Rock\n|move|p2a: Enamorus|Iron Defense|p2a: Enamorus\n|-boost|p2a: Enamorus|def|2\n|\n|upkeep\n|turn|12\n|\n|t:|1699701021\n|move|p1a: Dragapult|Draco Meteor|p2a: Enamorus\n|-resisted|p2a: Enamorus\n|-damage|p2a: Enamorus|85\/100\n|-unboost|p1a: Dragapult|spa|2\n|move|p2a: Enamorus|Draining Kiss|p1a: Dragapult\n|-supereffective|p1a: Dragapult\n|-damage|p1a: Dragapult|0 fnt\n|-heal|p2a: Enamorus|100\/100|[from] drain|[of] p1a: Dragapult\n|faint|p1a: Dragapult\n|\n|upkeep\n|-message|medasus2 forfeited.\n|\n|win|red1998poke\n|raw|medasus2's rating: 1132 &rarr; <strong>1110<\/strong><br \/>(-22 for losing)\n|raw|red1998poke's rating: 1178 &rarr; <strong>1200<\/strong><br \/>(+22 for winning)\n|l|\u2606medasus2\n","uploadtime":1699701041,"views":15,"p1id":"medasus2","p2id":"red1998poke","formatid":"gen9ou","rating":1110,"private":0,"password":""}