{"id":"gen9ou-1997391727","p1":"soy bebe","p2":"Poison Ivy Thorns","format":"[Gen 9] OU","log":"|j|\u2606soy bebe\n|j|\u2606Poison Ivy Thorns\n|t:|1700798139\n|gametype|singles\n|player|p1|soy bebe|winona-gen3|1539\n|player|p2|Poison Ivy Thorns|mela|1439\n|teamsize|p1|6\n|teamsize|p2|6\n|gen|9\n|tier|[Gen 9] OU\n|rated|\n|rule|Sleep Clause Mod: Limit one foe put to sleep\n|rule|Species Clause: Limit one of each Pok\u00e9mon\n|rule|OHKO Clause: OHKO moves are banned\n|rule|Evasion Items Clause: Evasion items are banned\n|rule|Evasion Moves Clause: Evasion moves are banned\n|rule|Endless Battle Clause: Forcing endless battles is banned\n|rule|HP Percentage Mod: HP is shown in percentages\n|clearpoke\n|poke|p1|Politoed, M|\n|poke|p1|Zapdos|\n|poke|p1|Iron Treads|\n|poke|p1|Basculegion-F, F|\n|poke|p1|Quaquaval, M|\n|poke|p1|Meowscarada, F|\n|poke|p2|Heatran, M|\n|poke|p2|Tornadus-Therian, M|\n|poke|p2|Ogerpon-Cornerstone, F|\n|poke|p2|Great Tusk|\n|poke|p2|Hatterene, F|\n|poke|p2|Toxapex, F|\n|teampreview\n|inactive|Battle timer is ON: inactive players will automatically lose when time's up. (requested by Poison Ivy Thorns)\n|inactive|soy bebe has 120 seconds left.\n|inactive|Poison Ivy Thorns has 120 seconds left.\n|\n|t:|1700798184\n|start\n|switch|p1a: PoliSwirl~|Politoed, M, shiny|100\/100\n|switch|p2a: Gold|Tornadus-Therian, M|100\/100\n|-weather|RainDance|[from] ability: Drizzle|[of] p1a: PoliSwirl~\n|turn|1\n|\n|t:|1700798199\n|switch|p1a: Treadtianna|Iron Treads, shiny|100\/100\n|-enditem|p1a: Treadtianna|Booster Energy\n|-activate|p1a: Treadtianna|ability: Quark Drive|[fromitem]\n|-start|p1a: Treadtianna|quarkdrivespe\n|move|p2a: Gold|Knock Off|p1a: Treadtianna\n|-damage|p1a: Treadtianna|88\/100\n|\n|-weather|RainDance|[upkeep]\n|upkeep\n|turn|2\n|\n|t:|1700798207\n|switch|p2a: Ben|Great Tusk, shiny|100\/100\n|move|p1a: Treadtianna|Stealth Rock|p2a: Ben\n|-sidestart|p2: Poison Ivy Thorns|move: Stealth Rock\n|\n|-weather|RainDance|[upkeep]\n|upkeep\n|turn|3\n|\n|t:|1700798213\n|-end|p1a: Treadtianna|Quark Drive|[silent]\n|switch|p1a: Golden Girl|Basculegion-F, F, shiny|100\/100\n|move|p2a: Ben|Rapid Spin|p1a: Golden Girl\n|-immune|p1a: Golden Girl\n|\n|-weather|RainDance|[upkeep]\n|upkeep\n|turn|4\n|\n|t:|1700798219\n|-end|p2a: Ben|Protosynthesis|[silent]\n|switch|p2a: Trisha|Toxapex, F|100\/100\n|-damage|p2a: Trisha|88\/100|[from] Stealth Rock\n|move|p1a: Golden Girl|Hydro Pump|p2a: Trisha\n|-resisted|p2a: Trisha\n|-damage|p2a: Trisha|53\/100\n|\n|-weather|RainDance|[upkeep]\n|-heal|p2a: Trisha|59\/100|[from] item: Leftovers\n|upkeep\n|turn|5\n|\n|t:|1700798229\n|switch|p1a: Treadtianna|Iron Treads, shiny|88\/100\n|move|p2a: Trisha|Recover|p2a: Trisha\n|-heal|p2a: Trisha|100\/100\n|\n|-weather|RainDance|[upkeep]\n|upkeep\n|turn|6\n|\n|t:|1700798239\n|-end|p1a: Treadtianna|Quark Drive|[silent]\n|switch|p1a: Golden Girl|Basculegion-F, F, shiny|100\/100\n|switch|p2a: Gold|Tornadus-Therian, M|100\/100\n|-damage|p2a: Gold|76\/100|[from] Stealth Rock\n|\n|-weather|RainDance|[upkeep]\n|upkeep\n|turn|7\n|\n|t:|1700798250\n|switch|p2a: Trisha|Toxapex, F|100\/100\n|-damage|p2a: Trisha|88\/100|[from] Stealth Rock\n|move|p1a: Golden Girl|Surf|p2a: Trisha\n|-resisted|p2a: Trisha\n|-damage|p2a: Trisha|59\/100\n|\n|-weather|RainDance|[upkeep]\n|-heal|p2a: Trisha|65\/100|[from] item: Leftovers\n|upkeep\n|turn|8\n|\n|t:|1700798255\n|move|p1a: Golden Girl|Surf|p2a: Trisha\n|-resisted|p2a: Trisha\n|-damage|p2a: Trisha|34\/100\n|move|p2a: Trisha|Surf|p1a: Golden Girl\n|-resisted|p1a: Golden Girl\n|-crit|p1a: Golden Girl\n|-damage|p1a: Golden Girl|75\/100\n|\n|-weather|none\n|-heal|p2a: Trisha|40\/100|[from] item: Leftovers\n|upkeep\n|turn|9\n|\n|t:|1700798264\n|switch|p1a: PoliSwirl~|Politoed, M, shiny|100\/100\n|-weather|RainDance|[from] ability: Drizzle|[of] p1a: PoliSwirl~\n|move|p2a: Trisha|Recover|p2a: Trisha\n|-heal|p2a: Trisha|90\/100\n|\n|-weather|RainDance|[upkeep]\n|-heal|p2a: Trisha|96\/100|[from] item: Leftovers\n|upkeep\n|turn|10\n|\n|t:|1700798269\n|move|p1a: PoliSwirl~|Earth Power|p2a: Trisha\n|-supereffective|p2a: Trisha\n|-damage|p2a: Trisha|64\/100\n|move|p2a: Trisha|Toxic Spikes|p1a: PoliSwirl~\n|-sidestart|p1: soy bebe|move: Toxic Spikes\n|\n|-weather|RainDance|[upkeep]\n|-heal|p2a: Trisha|70\/100|[from] item: Leftovers\n|upkeep\n|turn|11\n|\n|t:|1700798274\n|switch|p2a: Gold|Tornadus-Therian, M|100\/100\n|-damage|p2a: Gold|76\/100|[from] Stealth Rock\n|move|p1a: PoliSwirl~|Earth Power|p2a: Gold\n|-immune|p2a: Gold\n|\n|-weather|RainDance|[upkeep]\n|upkeep\n|turn|12\n|\n|t:|1700798278\n|move|p2a: Gold|Knock Off|p1a: PoliSwirl~\n|-damage|p1a: PoliSwirl~|78\/100\n|-enditem|p1a: PoliSwirl~|Damp Rock|[from] move: Knock Off|[of] p2a: Gold\n|move|p1a: PoliSwirl~|Ice Beam|p2a: Gold\n|-supereffective|p2a: Gold\n|-damage|p2a: Gold|41\/100\n|-status|p2a: Gold|frz\n|\n|-weather|RainDance|[upkeep]\n|upkeep\n|turn|13\n|\n|t:|1700798291\n|switch|p2a: Trisha|Toxapex, F|100\/100\n|-damage|p2a: Trisha|88\/100|[from] Stealth Rock\n|move|p1a: PoliSwirl~|Earth Power|p2a: Trisha\n|-supereffective|p2a: Trisha\n|-damage|p2a: Trisha|52\/100\n|\n|-weather|RainDance|[upkeep]\n|-heal|p2a: Trisha|58\/100|[from] item: Leftovers\n|upkeep\n|turn|14\n|\n|t:|1700798299\n|switch|p1a: Treadtianna|Iron Treads, shiny|88\/100\n|switch|p2a: Trish|Hatterene, F|100\/100\n|-damage|p2a: Trish|88\/100|[from] Stealth Rock\n|\n|-weather|RainDance|[upkeep]\n|-heal|p2a: Trish|94\/100|[from] item: Leftovers\n|upkeep\n|turn|15\n|\n|t:|1700798311\n|switch|p2a: Ben|Great Tusk, shiny|100\/100\n|-damage|p2a: Ben|97\/100|[from] Stealth Rock\n|move|p1a: Treadtianna|Rapid Spin|p2a: Ben\n|-damage|p2a: Ben|90\/100\n|-boost|p1a: Treadtianna|spe|1\n|-sideend|p1: soy bebe|Toxic Spikes|[from] move: Rapid Spin|[of] p1a: Treadtianna\n|\n|-weather|RainDance|[upkeep]\n|-heal|p2a: Ben|96\/100|[from] item: Leftovers\n|upkeep\n|turn|16\n|\n|t:|1700798318\n|move|p1a: Treadtianna|Earthquake|p2a: Ben\n|-damage|p2a: Ben|76\/100\n|move|p2a: Ben|Earthquake|p1a: Treadtianna\n|-supereffective|p1a: Treadtianna\n|-damage|p1a: Treadtianna|12\/100\n|\n|-weather|none\n|-heal|p2a: Ben|82\/100|[from] item: Leftovers\n|upkeep\n|turn|17\n|\n|t:|1700798325\n|-end|p1a: Treadtianna|Quark Drive|[silent]\n|switch|p1a: Golden Girl|Basculegion-F, F, shiny|75\/100\n|move|p2a: Ben|Rapid Spin|p1a: Golden Girl\n|-immune|p1a: Golden Girl\n|\n|-heal|p2a: Ben|88\/100|[from] item: Leftovers\n|upkeep\n|turn|18\n|\n|t:|1700798330\n|-end|p2a: Ben|Protosynthesis|[silent]\n|switch|p2a: Trisha|Toxapex, F|91\/100\n|-damage|p2a: Trisha|79\/100|[from] Stealth Rock\n|move|p1a: Golden Girl|Surf|p2a: Trisha\n|-resisted|p2a: Trisha\n|-damage|p2a: Trisha|58\/100\n|\n|-heal|p2a: Trisha|64\/100|[from] item: Leftovers\n|upkeep\n|turn|19\n|\n|t:|1700798342\n|switch|p1a: Treadtianna|Iron Treads, shiny|12\/100\n|switch|p2a: Gold|Tornadus-Therian, M|75\/100 frz\n|-damage|p2a: Gold|50\/100 frz|[from] Stealth Rock\n|\n|upkeep\n|turn|20\n|\n|t:|1700798353\n|cant|p2a: Gold|frz\n|move|p1a: Treadtianna|Iron Head|p2a: Gold\n|-damage|p2a: Gold|3\/100 frz\n|\n|upkeep\n|turn|21\n|\n|t:|1700798356\n|cant|p2a: Gold|frz\n|move|p1a: Treadtianna|Rapid Spin|p2a: Gold\n|-damage|p2a: Gold|0 fnt\n|-boost|p1a: Treadtianna|spe|1\n|faint|p2a: Gold\n|\n|upkeep\n|c|\u2606Poison Ivy Thorns|ofc\n|\n|t:|1700798360\n|switch|p2a: Ben|Great Tusk, shiny|88\/100\n|-damage|p2a: Ben|85\/100|[from] Stealth Rock\n|turn|22\n|\n|t:|1700798365\n|move|p1a: Treadtianna|Earthquake|p2a: Ben\n|-damage|p2a: Ben|63\/100\n|move|p2a: Ben|Rapid Spin|p1a: Treadtianna\n|-resisted|p1a: Treadtianna\n|-damage|p1a: Treadtianna|6\/100\n|-boost|p2a: Ben|spe|1\n|-sideend|p2: Poison Ivy Thorns|Stealth Rock|[from] move: Rapid Spin|[of] p2a: Ben\n|\n|-heal|p2a: Ben|69\/100|[from] item: Leftovers\n|upkeep\n|turn|23\n|\n|t:|1700798370\n|move|p1a: Treadtianna|Stealth Rock|p2a: Ben\n|-sidestart|p2: Poison Ivy Thorns|move: Stealth Rock\n|move|p2a: Ben|Rapid Spin|p1a: Treadtianna\n|-resisted|p1a: Treadtianna\n|-damage|p1a: Treadtianna|0 fnt\n|-boost|p2a: Ben|spe|1\n|-sideend|p2: Poison Ivy Thorns|Stealth Rock|[from] move: Rapid Spin|[of] p2a: Ben\n|faint|p1a: Treadtianna\n|-end|p1a: Treadtianna|Quark Drive|[silent]\n|\n|-heal|p2a: Ben|75\/100|[from] item: Leftovers\n|upkeep\n|\n|t:|1700798378\n|switch|p1a: PoliSwirl~|Politoed, M, shiny|78\/100\n|-weather|RainDance|[from] ability: Drizzle|[of] p1a: PoliSwirl~\n|turn|24\n|\n|t:|1700798381\n|-end|p2a: Ben|Protosynthesis|[silent]\n|switch|p2a: Trisha|Toxapex, F|97\/100\n|switch|p1a: Tempo|Zapdos, shiny|100\/100\n|\n|-weather|RainDance|[upkeep]\n|-heal|p2a: Trisha|100\/100|[from] item: Leftovers\n|upkeep\n|turn|25\n|\n|t:|1700798388\n|switch|p2a: Ben|Great Tusk, shiny|75\/100\n|move|p1a: Tempo|Volt Switch|p2a: Ben\n|-immune|p2a: Ben\n|\n|-weather|RainDance|[upkeep]\n|-heal|p2a: Ben|81\/100|[from] item: Leftovers\n|upkeep\n|turn|26\n|\n|t:|1700798392\n|-end|p2a: Ben|Protosynthesis|[silent]\n|switch|p2a: He Ran|Heatran, M|100\/100\n|move|p1a: Tempo|Hurricane|p2a: He Ran\n|-resisted|p2a: He Ran\n|-damage|p2a: He Ran|87\/100\n|\n|-weather|RainDance|[upkeep]\n|-heal|p2a: He Ran|94\/100|[from] item: Leftovers\n|upkeep\n|turn|27\n|\n|t:|1700798395\n|move|p2a: He Ran|Protect|p2a: He Ran\n|-singleturn|p2a: He Ran|Protect\n|move|p1a: Tempo|Weather Ball|p2a: He Ran\n|-activate|p2a: He Ran|move: Protect\n|\n|-weather|RainDance|[upkeep]\n|-heal|p2a: He Ran|99\/100|[from] item: Leftovers\n|upkeep\n|turn|28\n|\n|t:|1700798401\n|move|p1a: Tempo|Volt Switch|p2a: He Ran\n|-damage|p2a: He Ran|80\/100\n|\n|t:|1700798405\n|switch|p1a: Golden Girl|Basculegion-F, F, shiny|75\/100|[from] Volt Switch\n|move|p2a: He Ran|Magma Storm|p1a: Golden Girl\n|-resisted|p1a: Golden Girl\n|-damage|p1a: Golden Girl|62\/100\n|-activate|p1a: Golden Girl|move: Magma Storm|[of] p2a: He Ran\n|\n|-weather|none\n|-heal|p2a: He Ran|86\/100|[from] item: Leftovers\n|-damage|p1a: Golden Girl|50\/100|[from] move: Magma Storm|[partiallytrapped]\n|upkeep\n|turn|29\n|\n|t:|1700798411\n|move|p2a: He Ran|Protect|p2a: He Ran\n|-singleturn|p2a: He Ran|Protect\n|move|p1a: Golden Girl|Hydro Pump|p2a: He Ran\n|-activate|p2a: He Ran|move: Protect\n|\n|-heal|p2a: He Ran|92\/100|[from] item: Leftovers\n|-damage|p1a: Golden Girl|37\/100|[from] move: Magma Storm|[partiallytrapped]\n|upkeep\n|turn|30\n|\n|t:|1700798416\n|switch|p1a: PoliSwirl~|Politoed, M, shiny|78\/100\n|-weather|RainDance|[from] ability: Drizzle|[of] p1a: PoliSwirl~\n|switch|p2a: Trisha|Toxapex, F|100\/100\n|\n|-weather|RainDance|[upkeep]\n|upkeep\n|turn|31\n|\n|t:|1700798430\n|move|p1a: PoliSwirl~|Earth Power|p2a: Trisha\n|-supereffective|p2a: Trisha\n|-damage|p2a: Trisha|64\/100\n|move|p2a: Trisha|Toxic Spikes|p1a: PoliSwirl~\n|-sidestart|p1: soy bebe|move: Toxic Spikes\n|\n|-weather|RainDance|[upkeep]\n|-heal|p2a: Trisha|70\/100|[from] item: Leftovers\n|upkeep\n|turn|32\n|\n|t:|1700798434\n|move|p1a: PoliSwirl~|Earth Power|p2a: Trisha\n|-supereffective|p2a: Trisha\n|-damage|p2a: Trisha|36\/100\n|move|p2a: Trisha|Toxic Spikes|p1a: PoliSwirl~\n|-sidestart|p1: soy bebe|move: Toxic Spikes\n|\n|-weather|RainDance|[upkeep]\n|-heal|p2a: Trisha|42\/100|[from] item: Leftovers\n|upkeep\n|turn|33\n|\n|t:|1700798439\n|switch|p2a: Trish|Hatterene, F|94\/100\n|move|p1a: PoliSwirl~|Earth Power|p2a: Trish\n|-damage|p2a: Trish|64\/100\n|\n|-weather|RainDance|[upkeep]\n|-heal|p2a: Trish|70\/100|[from] item: Leftovers\n|upkeep\n|turn|34\n|\n|t:|1700798446\n|move|p1a: PoliSwirl~|Surf|p2a: Trish\n|-damage|p2a: Trish|8\/100\n|move|p2a: Trish|Draining Kiss|p1a: PoliSwirl~\n|-damage|p1a: PoliSwirl~|59\/100\n|-heal|p2a: Trish|25\/100|[from] drain|[of] p1a: PoliSwirl~\n|\n|-weather|none\n|-heal|p2a: Trish|31\/100|[from] item: Leftovers\n|upkeep\n|turn|35\n|\n|t:|1700798453\n|switch|p2a: Trisha|Toxapex, F|75\/100\n|move|p1a: PoliSwirl~|Earth Power|p2a: Trisha\n|-supereffective|p2a: Trisha\n|-damage|p2a: Trisha|41\/100\n|\n|-heal|p2a: Trisha|47\/100|[from] item: Leftovers\n|upkeep\n|turn|36\n|\n|t:|1700798459\n|move|p1a: PoliSwirl~|Earth Power|p2a: Trisha\n|-supereffective|p2a: Trisha\n|-damage|p2a: Trisha|12\/100\n|move|p2a: Trisha|Recover|p2a: Trisha\n|-heal|p2a: Trisha|62\/100\n|\n|-heal|p2a: Trisha|68\/100|[from] item: Leftovers\n|upkeep\n|turn|37\n|\n|t:|1700798464\n|move|p1a: PoliSwirl~|Earth Power|p2a: Trisha\n|-supereffective|p2a: Trisha\n|-damage|p2a: Trisha|35\/100\n|move|p2a: Trisha|Recover|p2a: Trisha\n|-heal|p2a: Trisha|85\/100\n|\n|-heal|p2a: Trisha|91\/100|[from] item: Leftovers\n|upkeep\n|turn|38\n|\n|t:|1700798468\n|move|p1a: PoliSwirl~|Earth Power|p2a: Trisha\n|-supereffective|p2a: Trisha\n|-damage|p2a: Trisha|56\/100\n|move|p2a: Trisha|Surf|p1a: PoliSwirl~\n|-resisted|p1a: PoliSwirl~\n|-damage|p1a: PoliSwirl~|51\/100\n|\n|-heal|p2a: Trisha|62\/100|[from] item: Leftovers\n|upkeep\n|turn|39\n|\n|t:|1700798474\n|switch|p2a: Ben|Great Tusk, shiny|81\/100\n|move|p1a: PoliSwirl~|Earth Power|p2a: Ben\n|-damage|p2a: Ben|47\/100\n|\n|-heal|p2a: Ben|54\/100|[from] item: Leftovers\n|upkeep\n|turn|40\n|\n|t:|1700798478\n|switch|p1a: Tempo|Zapdos, shiny|100\/100\n|move|p2a: Ben|Earthquake|p1a: Tempo\n|-immune|p1a: Tempo\n|\n|-heal|p2a: Ben|60\/100|[from] item: Leftovers\n|upkeep\n|turn|41\n|\n|t:|1700798486\n|move|p1a: Tempo|Volt Switch|p2a: Ben\n|-immune|p2a: Ben\n|move|p2a: Ben|Ice Spinner|p1a: Tempo\n|-supereffective|p1a: Tempo\n|-damage|p1a: Tempo|56\/100\n|\n|-heal|p2a: Ben|66\/100|[from] item: Leftovers\n|upkeep\n|turn|42\n|\n|t:|1700798491\n|-end|p2a: Ben|Protosynthesis|[silent]\n|switch|p2a: He Ran|Heatran, M|92\/100\n|move|p1a: Tempo|Hurricane|p2a: He Ran|[miss]\n|-miss|p1a: Tempo|p2a: He Ran\n|\n|-heal|p2a: He Ran|98\/100|[from] item: Leftovers\n|upkeep\n|turn|43\n|\n|t:|1700798495\n|move|p1a: Tempo|Volt Switch|p2a: He Ran\n|-damage|p2a: He Ran|78\/100\n|\n|t:|1700798499\n|switch|p1a: PoliSwirl~|Politoed, M, shiny|51\/100|[from] Volt Switch\n|-status|p1a: PoliSwirl~|tox\n|-weather|RainDance|[from] ability: Drizzle|[of] p1a: PoliSwirl~\n|move|p2a: He Ran|Earth Power|p1a: PoliSwirl~\n|-damage|p1a: PoliSwirl~|28\/100 tox\n|\n|-weather|RainDance|[upkeep]\n|-heal|p2a: He Ran|84\/100|[from] item: Leftovers\n|-damage|p1a: PoliSwirl~|22\/100 tox|[from] psn\n|upkeep\n|turn|44\n|\n|t:|1700798508\n|switch|p1a: Tempo|Zapdos, shiny|56\/100\n|move|p2a: He Ran|Taunt|p1a: Tempo\n|-start|p1a: Tempo|move: Taunt\n|\n|-weather|RainDance|[upkeep]\n|-heal|p2a: He Ran|90\/100|[from] item: Leftovers\n|upkeep\n|turn|45\n|\n|t:|1700798515\n|move|p2a: He Ran|Protect|p2a: He Ran\n|-singleturn|p2a: He Ran|Protect\n|move|p1a: Tempo|Volt Switch|p2a: He Ran\n|-activate|p2a: He Ran|move: Protect\n|\n|-weather|RainDance|[upkeep]\n|-heal|p2a: He Ran|97\/100|[from] item: Leftovers\n|upkeep\n|turn|46\n|\n|t:|1700798522\n|move|p1a: Tempo|Weather Ball|p2a: He Ran\n|-supereffective|p2a: He Ran\n|-damage|p2a: He Ran|47\/100\n|move|p2a: He Ran|Magma Storm|p1a: Tempo|[miss]\n|-miss|p2a: He Ran|p1a: Tempo\n|\n|-weather|RainDance|[upkeep]\n|-heal|p2a: He Ran|53\/100|[from] item: Leftovers\n|-end|p1a: Tempo|move: Taunt\n|upkeep\n|turn|47\n|c|\u2606Poison Ivy Thorns|ofc\n|\n|t:|1700798528\n|move|p2a: He Ran|Protect|p2a: He Ran\n|-singleturn|p2a: He Ran|Protect\n|move|p1a: Tempo|Volt Switch|p2a: He Ran\n|-activate|p2a: He Ran|move: Protect\n|\n|-weather|none\n|-heal|p2a: He Ran|59\/100|[from] item: Leftovers\n|upkeep\n|turn|48\n|\n|t:|1700798535\n|move|p1a: Tempo|Volt Switch|p2a: He Ran\n|-damage|p2a: He Ran|42\/100\n|\n|t:|1700798539\n|switch|p1a: Quavo|Quaquaval, M, shiny|100\/100|[from] Volt Switch\n|-status|p1a: Quavo|tox\n|move|p2a: He Ran|Magma Storm|p1a: Quavo\n|-resisted|p1a: Quavo\n|-damage|p1a: Quavo|72\/100 tox\n|-activate|p1a: Quavo|move: Magma Storm|[of] p2a: He Ran\n|\n|-heal|p2a: He Ran|48\/100|[from] item: Leftovers\n|-damage|p1a: Quavo|66\/100 tox|[from] psn\n|-damage|p1a: Quavo|53\/100 tox|[from] move: Magma Storm|[partiallytrapped]\n|upkeep\n|turn|49\n|\n|t:|1700798545\n|move|p2a: He Ran|Protect|p2a: He Ran\n|-singleturn|p2a: He Ran|Protect\n|move|p1a: Quavo|Aqua Step|p2a: He Ran\n|-activate|p2a: He Ran|move: Protect\n|\n|-heal|p2a: He Ran|55\/100|[from] item: Leftovers\n|-damage|p1a: Quavo|41\/100 tox|[from] psn\n|-damage|p1a: Quavo|28\/100 tox|[from] move: Magma Storm|[partiallytrapped]\n|upkeep\n|turn|50\n|\n|t:|1700798551\n|switch|p2a: Trisha|Toxapex, F|95\/100\n|move|p1a: Quavo|Knock Off|p2a: Trisha\n|-damage|p2a: Trisha|70\/100\n|-enditem|p2a: Trisha|Leftovers|[from] move: Knock Off|[of] p1a: Quavo\n|\n|-damage|p1a: Quavo|10\/100 tox|[from] psn\n|-end|p1a: Quavo|Magma Storm|[partiallytrapped]|[silent]\n|upkeep\n|turn|51\n|\n|t:|1700798564\n|move|p1a: Quavo|Close Combat|p2a: Trisha\n|-resisted|p2a: Trisha\n|-damage|p2a: Trisha|48\/100\n|-unboost|p1a: Quavo|def|1\n|-unboost|p1a: Quavo|spd|1\n|move|p2a: Trisha|Surf|p1a: Quavo\n|-resisted|p1a: Quavo\n|-damage|p1a: Quavo|0 fnt\n|faint|p1a: Quavo\n|\n|upkeep\n|\n|t:|1700798569\n|switch|p1a: Tempo|Zapdos, shiny|56\/100\n|turn|52\n|\n|t:|1700798572\n|switch|p2a: Ben|Great Tusk, shiny|66\/100\n|move|p1a: Tempo|Volt Switch|p2a: Ben\n|-immune|p2a: Ben\n|\n|-heal|p2a: Ben|72\/100|[from] item: Leftovers\n|upkeep\n|turn|53\n|\n|t:|1700798576\n|-end|p2a: Ben|Protosynthesis|[silent]\n|switch|p2a: Trish|Hatterene, F|31\/100\n|move|p1a: Tempo|Hurricane|p2a: Trish\n|-damage|p2a: Trish|0 fnt\n|faint|p2a: Trish\n|\n|upkeep\n|\n|t:|1700798579\n|switch|p2a: He Ran|Heatran, M|55\/100\n|turn|54\n|\n|t:|1700798582\n|move|p2a: He Ran|Protect|p2a: He Ran\n|-singleturn|p2a: He Ran|Protect\n|move|p1a: Tempo|Volt Switch|p2a: He Ran\n|-activate|p2a: He Ran|move: Protect\n|\n|-heal|p2a: He Ran|61\/100|[from] item: Leftovers\n|upkeep\n|turn|55\n|\n|t:|1700798586\n|move|p1a: Tempo|Volt Switch|p2a: He Ran\n|-damage|p2a: He Ran|43\/100\n|\n|t:|1700798589\n|switch|p1a: PoliSwirl~|Politoed, M, shiny|22\/100 tox|[from] Volt Switch\n|-weather|RainDance|[from] ability: Drizzle|[of] p1a: PoliSwirl~\n|move|p2a: He Ran|Magma Storm|p1a: PoliSwirl~|[miss]\n|-miss|p2a: He Ran|p1a: PoliSwirl~\n|\n|-weather|RainDance|[upkeep]\n|-heal|p2a: He Ran|49\/100|[from] item: Leftovers\n|-damage|p1a: PoliSwirl~|16\/100 tox|[from] psn\n|upkeep\n|turn|56\n|\n|t:|1700798596\n|move|p2a: He Ran|Earth Power|p1a: PoliSwirl~\n|-damage|p1a: PoliSwirl~|0 fnt\n|faint|p1a: PoliSwirl~\n|\n|-weather|RainDance|[upkeep]\n|-heal|p2a: He Ran|55\/100|[from] item: Leftovers\n|upkeep\n|\n|t:|1700798599\n|switch|p1a: Golden Girl|Basculegion-F, F, shiny|37\/100\n|-status|p1a: Golden Girl|tox\n|turn|57\n|\n|t:|1700798607\n|-terastallize|p1a: Golden Girl|Water\n|move|p2a: He Ran|Protect|p2a: He Ran\n|-singleturn|p2a: He Ran|Protect\n|move|p1a: Golden Girl|Surf|p2a: He Ran\n|-activate|p2a: He Ran|move: Protect\n|\n|-weather|RainDance|[upkeep]\n|-heal|p2a: He Ran|61\/100|[from] item: Leftovers\n|-damage|p1a: Golden Girl|31\/100 tox|[from] psn\n|upkeep\n|turn|58\n|\n|t:|1700798624\n|switch|p2a: Ben|Great Tusk, shiny|72\/100\n|move|p1a: Golden Girl|Surf|p2a: Ben\n|-supereffective|p2a: Ben\n|-damage|p2a: Ben|0 fnt\n|faint|p2a: Ben\n|-end|p2a: Ben|Protosynthesis|[silent]\n|\n|-weather|RainDance|[upkeep]\n|-damage|p1a: Golden Girl|19\/100 tox|[from] psn\n|upkeep\n|\n|t:|1700798628\n|switch|p2a: Joeverpon|Ogerpon-Cornerstone, F|100\/100\n|turn|59\n|\n|t:|1700798631\n|switch|p1a: Tempo|Zapdos, shiny|56\/100\n|move|p2a: Joeverpon|Trailblaze|p1a: Tempo\n|-resisted|p1a: Tempo\n|-damage|p1a: Tempo|42\/100\n|-boost|p2a: Joeverpon|spe|1\n|\n|-weather|none\n|upkeep\n|turn|60\n|\n|t:|1700798637\n|move|p2a: Joeverpon|Ivy Cudgel|p1a: Tempo|[anim] Ivy Cudgel Rock\n|-supereffective|p1a: Tempo\n|-damage|p1a: Tempo|0 fnt\n|faint|p1a: Tempo\n|\n|upkeep\n|\n|t:|1700798640\n|switch|p1a: Silly Cayt|Meowscarada, F, shiny|100\/100\n|-status|p1a: Silly Cayt|tox\n|turn|61\n|\n|t:|1700798647\n|switch|p2a: He Ran|Heatran, M|61\/100\n|move|p1a: Silly Cayt|Flower Trick|p2a: He Ran\n|-start|p1a: Silly Cayt|typechange|Grass|[from] ability: Protean\n|-resisted|p2a: He Ran\n|-crit|p2a: He Ran\n|-damage|p2a: He Ran|52\/100\n|\n|-heal|p2a: He Ran|58\/100|[from] item: Leftovers\n|-damage|p1a: Silly Cayt|94\/100 tox|[from] psn\n|upkeep\n|turn|62\n|\n|t:|1700798652\n|switch|p1a: Golden Girl|Basculegion-F, F, shiny, tera:Water|19\/100 tox\n|move|p2a: He Ran|Earth Power|p1a: Golden Girl\n|-damage|p1a: Golden Girl|0 fnt\n|faint|p1a: Golden Girl\n|\n|-heal|p2a: He Ran|64\/100|[from] item: Leftovers\n|upkeep\n|\n|t:|1700798655\n|switch|p1a: Silly Cayt|Meowscarada, F, shiny|94\/100 tox\n|turn|63\n|\n|t:|1700798659\n|move|p2a: He Ran|Protect|p2a: He Ran\n|-singleturn|p2a: He Ran|Protect\n|move|p1a: Silly Cayt|Knock Off|p2a: He Ran\n|-start|p1a: Silly Cayt|typechange|Dark|[from] ability: Protean\n|-activate|p2a: He Ran|move: Protect\n|\n|-heal|p2a: He Ran|71\/100|[from] item: Leftovers\n|-damage|p1a: Silly Cayt|88\/100 tox|[from] psn\n|upkeep\n|turn|64\n|-message|soy bebe forfeited.\n|\n|win|Poison Ivy Thorns\n|raw|soy bebe's rating: 1539 &rarr; <strong>1513<\/strong><br \/>(-26 for losing)\n|raw|Poison Ivy Thorns's rating: 1439 &rarr; <strong>1465<\/strong><br \/>(+26 for winning)\n","uploadtime":1700798670,"views":5,"p1id":"soybebe","p2id":"poisonivythorns","formatid":"gen9ou","rating":1465,"private":0,"password":""}