{"id":"gen9ou-1991309943","p1":"IamTogedemaru","p2":"ChillLanturnYT","format":"[Gen 9] OU","log":"|j|\u2606IamTogedemaru\n|j|\u2606ChillLanturnYT\n|t:|1700066402\n|gametype|singles\n|player|p1|IamTogedemaru|kieran-festival|1113\n|player|p2|ChillLanturnYT|palmer|1125\n|teamsize|p1|6\n|teamsize|p2|6\n|gen|9\n|tier|[Gen 9] OU\n|rated|\n|rule|Sleep Clause Mod: Limit one foe put to sleep\n|rule|Species Clause: Limit one of each Pok\u00e9mon\n|rule|OHKO Clause: OHKO moves are banned\n|rule|Evasion Items Clause: Evasion items are banned\n|rule|Evasion Moves Clause: Evasion moves are banned\n|rule|Endless Battle Clause: Forcing endless battles is banned\n|rule|HP Percentage Mod: HP is shown in percentages\n|clearpoke\n|poke|p1|Klawf, M|\n|poke|p1|Veluza, M|\n|poke|p1|Pawmot, M|\n|poke|p1|Maushold|\n|poke|p1|Zoroark-Hisui, M|\n|poke|p1|Cramorant, M|\n|poke|p2|Grafaiai, F|\n|poke|p2|Mandibuzz, F|\n|poke|p2|Pawmot, M|\n|poke|p2|Enamorus, F|\n|poke|p2|Blissey, F|\n|poke|p2|Dragapult, F|\n|teampreview\n|inactive|Battle timer is ON: inactive players will automatically lose when time's up. (requested by IamTogedemaru)\n|\n|t:|1700066411\n|start\n|switch|p1a: Cramorant|Cramorant, M|100\/100\n|switch|p2a: Grafaiai|Grafaiai, F|100\/100\n|turn|1\n|\n|t:|1700066415\n|move|p1a: Cramorant|Nasty Plot|p1a: Cramorant\n|-boost|p1a: Cramorant|spa|2\n|-enditem|p2a: Grafaiai|Mirror Herb\n|-boost|p2a: Grafaiai|spa|2|[from] item: Mirror Herb\n|move|p2a: Grafaiai|Swagger|p1a: Cramorant\n|-boost|p1a: Cramorant|atk|2\n|-start|p1a: Cramorant|confusion\n|\n|upkeep\n|turn|2\n|\n|t:|1700066423\n|move|p2a: Grafaiai|Acrobatics|p1a: Cramorant\n|-damage|p1a: Cramorant|35\/100\n|replace|p1a: Zoroark|Zoroark-Hisui, M\n|-end|p1a: Zoroark|Illusion\n|-activate|p1a: Zoroark|confusion\n|-damage|p1a: Zoroark|8\/100|[from] confusion\n|\n|upkeep\n|turn|3\n|\n|t:|1700066429\n|move|p2a: Grafaiai|Poison Jab|p1a: Zoroark\n|-resisted|p1a: Zoroark\n|-damage|p1a: Zoroark|0 fnt\n|faint|p1a: Zoroark\n|\n|upkeep\n|\n|t:|1700066438\n|switch|p1a: Klawf|Klawf, M|100\/100\n|turn|4\n|\n|t:|1700066441\n|-terastallize|p2a: Grafaiai|Ground\n|move|p2a: Grafaiai|Tera Blast|p1a: Klawf|[anim] Tera Blast Ground\n|-supereffective|p1a: Klawf\n|-enditem|p1a: Klawf|Focus Sash\n|-damage|p1a: Klawf|1\/100\n|-ability|p1a: Klawf|Anger Shell|boost\n|-boost|p1a: Klawf|atk|1\n|-boost|p1a: Klawf|spa|1\n|-boost|p1a: Klawf|spe|1\n|-unboost|p1a: Klawf|def|1\n|-unboost|p1a: Klawf|spd|1\n|move|p1a: Klawf|High Horsepower|p2a: Grafaiai\n|-damage|p2a: Grafaiai|11\/100\n|\n|upkeep\n|turn|5\n|\n|t:|1700066451\n|move|p2a: Grafaiai|Poison Jab|p1a: Klawf\n|-resisted|p1a: Klawf\n|-damage|p1a: Klawf|0 fnt\n|faint|p1a: Klawf\n|\n|upkeep\n|\n|t:|1700066454\n|switch|p1a: Cramorant|Cramorant, M|100\/100\n|turn|6\n|\n|t:|1700066457\n|move|p2a: Grafaiai|Poison Jab|p1a: Cramorant\n|-damage|p1a: Cramorant|33\/100\n|move|p1a: Cramorant|Surf|p2a: Grafaiai\n|-formechange|p1a: Cramorant|Cramorant-Gorging|\n|-supereffective|p2a: Grafaiai\n|-damage|p2a: Grafaiai|0 fnt\n|faint|p2a: Grafaiai\n|\n|upkeep\n|\n|t:|1700066464\n|switch|p2a: Pawmot|Pawmot, M|100\/100\n|turn|7\n|\n|t:|1700066466\n|move|p2a: Pawmot|Volt Switch|p1a: Cramorant\n|-supereffective|p1a: Cramorant\n|-damage|p1a: Cramorant|0 fnt\n|-damage|p2a: Pawmot|76\/100|[from] ability: Gulp Missile|[of] p1a: Cramorant\n|-formechange|p1a: Cramorant|Cramorant|\n|faint|p1a: Cramorant\n|\n|t:|1700066472\n|switch|p2a: Enamorus|Enamorus, F|100\/100|[from] Volt Switch\n|\n|upkeep\n|\n|t:|1700066475\n|switch|p1a: Pawmot|Pawmot, M|100\/100\n|turn|8\n|\n|t:|1700066478\n|move|p2a: Enamorus|Earth Power|p1a: Pawmot\n|-supereffective|p1a: Pawmot\n|-damage|p1a: Pawmot|0 fnt\n|faint|p1a: Pawmot\n|\n|upkeep\n|\n|t:|1700066483\n|switch|p1a: Veluza|Veluza, M|100\/100\n|turn|9\n|\n|t:|1700066487\n|switch|p2a: Mandibuzz|Mandibuzz, F|100\/100\n|move|p1a: Veluza|Ice Fang|p2a: Mandibuzz\n|-supereffective|p2a: Mandibuzz\n|-damage|p2a: Mandibuzz|80\/100\n|\n|upkeep\n|turn|10\n|\n|t:|1700066493\n|move|p1a: Veluza|Fillet Away|p1a: Veluza\n|-boost|p1a: Veluza|atk|2\n|-boost|p1a: Veluza|spa|2\n|-boost|p1a: Veluza|spe|2\n|-damage|p1a: Veluza|51\/100\n|move|p2a: Mandibuzz|Toxic|p1a: Veluza\n|-status|p1a: Veluza|tox\n|\n|-damage|p1a: Veluza|44\/100 tox|[from] psn\n|upkeep\n|-enditem|p1a: Veluza|Sitrus Berry|[eat]\n|-heal|p1a: Veluza|69\/100 tox|[from] item: Sitrus Berry\n|turn|11\n|\n|t:|1700066500\n|move|p1a: Veluza|Aqua Cutter|p2a: Mandibuzz\n|-damage|p2a: Mandibuzz|24\/100\n|move|p2a: Mandibuzz|Foul Play|p1a: Veluza\n|-supereffective|p1a: Veluza\n|-damage|p1a: Veluza|0 fnt\n|faint|p1a: Veluza\n|\n|upkeep\n|\n|t:|1700066504\n|switch|p1a: Maushold|Maushold|100\/100\n|turn|12\n|\n|t:|1700066506\n|move|p1a: Maushold|Population Bomb|p2a: Mandibuzz\n|-damage|p2a: Mandibuzz|18\/100\n|-damage|p2a: Mandibuzz|11\/100\n|-damage|p2a: Mandibuzz|5\/100\n|-damage|p2a: Mandibuzz|0 fnt\n|faint|p2a: Mandibuzz\n|-hitcount|p2: Mandibuzz|4\n|\n|upkeep\n|\n|t:|1700066509\n|switch|p2a: Dragapult|Dragapult, F|100\/100\n|turn|13\n|\n|t:|1700066512\n|move|p2a: Dragapult|Dragon Dance|p2a: Dragapult\n|-boost|p2a: Dragapult|atk|1\n|-boost|p2a: Dragapult|spe|1\n|move|p1a: Maushold|Tidy Up|p1a: Maushold\n|-boost|p1a: Maushold|atk|1\n|-boost|p1a: Maushold|spe|1\n|\n|upkeep\n|turn|14\n|\n|t:|1700066515\n|move|p2a: Dragapult|Dragon Darts|p1a: Maushold\n|-damage|p1a: Maushold|39\/100\n|-anim|p2a: Dragapult|Dragon Darts|p1a: Maushold\n|-damage|p1a: Maushold|0 fnt\n|faint|p1a: Maushold\n|\n|win|ChillLanturnYT\n|raw|IamTogedemaru's rating: 1113 &rarr; <strong>1089<\/strong><br \/>(-24 for losing)\n|raw|ChillLanturnYT's rating: 1125 &rarr; <strong>1149<\/strong><br \/>(+24 for winning)\n|l|\u2606IamTogedemaru\n","uploadtime":1700066519,"views":8,"p1id":"iamtogedemaru","p2id":"chilllanturnyt","formatid":"gen9ou","rating":1089,"private":0,"password":""}