{"id":"gen9ou-1994872579","p1":"dragonbrrr","p2":"datoneguyz2","format":"[Gen 9] OU","log":"|j|\u2606dragonbrrr\n|j|\u2606datoneguyz2\n|t:|1700500520\n|gametype|singles\n|player|p1|dragonbrrr|unknownf|1376\n|player|p2|datoneguyz2|doctor|1341\n|teamsize|p1|6\n|teamsize|p2|6\n|gen|9\n|tier|[Gen 9] OU\n|rated|\n|rule|Sleep Clause Mod: Limit one foe put to sleep\n|rule|Species Clause: Limit one of each Pok\u00e9mon\n|rule|OHKO Clause: OHKO moves are banned\n|rule|Evasion Items Clause: Evasion items are banned\n|rule|Evasion Moves Clause: Evasion moves are banned\n|rule|Endless Battle Clause: Forcing endless battles is banned\n|rule|HP Percentage Mod: HP is shown in percentages\n|clearpoke\n|poke|p1|Tornadus-Therian, M|\n|poke|p1|Dondozo, F|\n|poke|p1|Clodsire, M|\n|poke|p1|Blissey, F|\n|poke|p1|Toxapex, F|\n|poke|p1|Clefable, F|\n|poke|p2|Ribombee, M|\n|poke|p2|Hydreigon, M|\n|poke|p2|Gholdengo|\n|poke|p2|Great Tusk|\n|poke|p2|Hatterene, F|\n|poke|p2|Dragapult, M|\n|teampreview\n|inactive|Battle timer is ON: inactive players will automatically lose when time's up. (requested by dragonbrrr)\n|\n|t:|1700500544\n|start\n|switch|p1a: clefunable|Clefable, F|100\/100\n|switch|p2a: Hatterene|Hatterene, F|100\/100\n|turn|1\n|\n|t:|1700500561\n|switch|p1a: biggish bird|Tornadus-Therian, M|100\/100\n|move|p2a: Hatterene|Calm Mind|p2a: Hatterene\n|-boost|p2a: Hatterene|spa|1\n|-boost|p2a: Hatterene|spd|1\n|\n|upkeep\n|turn|2\n|\n|t:|1700500573\n|move|p1a: biggish bird|Knock Off|p2a: Hatterene\n|-damage|p2a: Hatterene|85\/100\n|-enditem|p2a: Hatterene|Leftovers|[from] move: Knock Off|[of] p1a: biggish bird\n|move|p2a: Hatterene|Calm Mind|p2a: Hatterene\n|-boost|p2a: Hatterene|spa|1\n|-boost|p2a: Hatterene|spd|1\n|\n|upkeep\n|turn|3\n|\n|t:|1700500576\n|move|p1a: biggish bird|U-turn|p2a: Hatterene\n|-damage|p2a: Hatterene|73\/100\n|\n|t:|1700500578\n|switch|p1a: anything good ever|Clodsire, M|100\/100|[from] U-turn\n|move|p2a: Hatterene|Calm Mind|p2a: Hatterene\n|-boost|p2a: Hatterene|spa|1\n|-boost|p2a: Hatterene|spd|1\n|\n|upkeep\n|turn|4\n|\n|t:|1700500592\n|-terastallize|p1a: anything good ever|Steel\n|move|p2a: Hatterene|Stored Power|p1a: anything good ever\n|-resisted|p1a: anything good ever\n|-damage|p1a: anything good ever|83\/100\n|move|p1a: anything good ever|Amnesia|p1a: anything good ever\n|-boost|p1a: anything good ever|spd|2\n|\n|upkeep\n|turn|5\n|\n|t:|1700500597\n|switch|p2a: Great Tusk|Great Tusk|100\/100\n|move|p1a: anything good ever|Amnesia|p1a: anything good ever\n|-boost|p1a: anything good ever|spd|2\n|\n|upkeep\n|turn|6\n|\n|t:|1700500602\n|switch|p1a: biggish bird|Tornadus-Therian, M|100\/100\n|move|p2a: Great Tusk|Earthquake|p1a: biggish bird\n|-immune|p1a: biggish bird\n|\n|upkeep\n|turn|7\n|\n|t:|1700500606\n|-end|p2a: Great Tusk|Protosynthesis|[silent]\n|switch|p2a: Ribombee|Ribombee, M|100\/100\n|move|p1a: biggish bird|Bleakwind Storm|p2a: Ribombee\n|-supereffective|p2a: Ribombee\n|-crit|p2a: Ribombee\n|-enditem|p2a: Ribombee|Focus Sash\n|-damage|p2a: Ribombee|1\/100\n|\n|upkeep\n|turn|8\n|\n|t:|1700500613\n|switch|p1a: bartholomwa|Blissey, F|100\/100\n|move|p2a: Ribombee|Stun Spore|p1a: bartholomwa\n|-status|p1a: bartholomwa|par\n|\n|upkeep\n|turn|9\n|\n|t:|1700500618\n|switch|p2a: Hatterene|Hatterene, F|73\/100\n|move|p1a: bartholomwa|Seismic Toss|p2a: Hatterene\n|-damage|p2a: Hatterene|41\/100\n|\n|upkeep\n|turn|10\n|\n|t:|1700500628\n|switch|p2a: Gholdengo|Gholdengo|100\/100\n|-item|p2a: Gholdengo|Air Balloon\n|-curestatus|p1a: bartholomwa|par|[from] ability: Natural Cure\n|switch|p1a: anything good ever|Clodsire, M, tera:Steel|83\/100\n|\n|upkeep\n|turn|11\n|\n|t:|1700500634\n|switch|p2a: Great Tusk|Great Tusk|100\/100\n|switch|p1a: bartholomwa|Blissey, F|100\/100\n|\n|upkeep\n|turn|12\n|\n|t:|1700500639\n|move|p1a: bartholomwa|Protect|p1a: bartholomwa\n|-singleturn|p1a: bartholomwa|Protect\n|move|p2a: Great Tusk|Knock Off|p1a: bartholomwa\n|-activate|p1a: bartholomwa|move: Protect\n|\n|upkeep\n|turn|13\n|\n|t:|1700500645\n|switch|p1a: clefunable|Clefable, F|100\/100\n|move|p2a: Great Tusk|Stealth Rock|p1a: clefunable\n|-sidestart|p1: dragonbrrr|move: Stealth Rock\n|\n|upkeep\n|turn|14\n|\n|t:|1700500654\n|-end|p2a: Great Tusk|Protosynthesis|[silent]\n|switch|p2a: Gholdengo|Gholdengo|100\/100\n|-item|p2a: Gholdengo|Air Balloon\n|move|p1a: clefunable|Stealth Rock|p2a: Gholdengo\n|-sidestart|p2: datoneguyz2|move: Stealth Rock\n|\n|upkeep\n|turn|15\n|\n|t:|1700500661\n|move|p1a: clefunable|Protect|p1a: clefunable\n|-singleturn|p1a: clefunable|Protect\n|move|p2a: Gholdengo|Shadow Ball|p1a: clefunable\n|-activate|p1a: clefunable|move: Protect\n|\n|upkeep\n|turn|16\n|\n|t:|1700500669\n|switch|p1a: bartholomwa|Blissey, F|100\/100\n|move|p2a: Gholdengo|Make It Rain|p1a: bartholomwa\n|-damage|p1a: bartholomwa|78\/100\n|-unboost|p2a: Gholdengo|spa|1\n|\n|upkeep\n|turn|17\n|\n|t:|1700500677\n|switch|p2a: Ribombee|Ribombee, M|1\/100\n|-damage|p2a: Ribombee|0 fnt|[from] Stealth Rock\n|faint|p2a: Ribombee\n|move|p1a: bartholomwa|Protect||[still]\n|-fail|p1a: bartholomwa\n|\n|upkeep\n|\n|t:|1700500693\n|switch|p2a: Great Tusk|Great Tusk|100\/100\n|-damage|p2a: Great Tusk|98\/100|[from] Stealth Rock\n|turn|18\n|\n|t:|1700500699\n|switch|p1a: biggish bird|Tornadus-Therian, M|100\/100\n|move|p2a: Great Tusk|Rapid Spin|p1a: biggish bird\n|-damage|p1a: biggish bird|85\/100\n|-boost|p2a: Great Tusk|spe|1\n|-sideend|p2: datoneguyz2|Stealth Rock|[from] move: Rapid Spin|[of] p2a: Great Tusk\n|\n|-heal|p2a: Great Tusk|100\/100|[from] item: Leftovers\n|upkeep\n|turn|19\n|\n|t:|1700500712\n|move|p1a: biggish bird|Knock Off|p2a: Great Tusk\n|-resisted|p2a: Great Tusk\n|-damage|p2a: Great Tusk|96\/100\n|-enditem|p2a: Great Tusk|Leftovers|[from] move: Knock Off|[of] p1a: biggish bird\n|move|p2a: Great Tusk|Knock Off|p1a: biggish bird\n|-damage|p1a: biggish bird|54\/100\n|-enditem|p1a: biggish bird|Heavy-Duty Boots|[from] move: Knock Off|[of] p2a: Great Tusk\n|\n|upkeep\n|turn|20\n|\n|t:|1700500720\n|-end|p2a: Great Tusk|Protosynthesis|[silent]\n|switch|p2a: Dragapult|Dragapult, M|100\/100\n|move|p1a: biggish bird|Bleakwind Storm|p2a: Dragapult\n|-damage|p2a: Dragapult|51\/100\n|\n|upkeep\n|turn|21\n|\n|t:|1700500727\n|switch|p1a: clefunable|Clefable, F|100\/100\n|move|p2a: Dragapult|U-turn|p1a: clefunable\n|-resisted|p1a: clefunable\n|-damage|p1a: clefunable|91\/100\n|\n|t:|1700500731\n|switch|p2a: Hatterene|Hatterene, F|41\/100|[from] U-turn\n|\n|-heal|p1a: clefunable|97\/100|[from] item: Leftovers\n|upkeep\n|turn|22\n|\n|t:|1700500735\n|move|p1a: clefunable|Moonblast|p2a: Hatterene\n|-damage|p2a: Hatterene|9\/100\n|-unboost|p2a: Hatterene|spa|1\n|move|p2a: Hatterene|Calm Mind|p2a: Hatterene\n|-boost|p2a: Hatterene|spa|1\n|-boost|p2a: Hatterene|spd|1\n|\n|-heal|p1a: clefunable|100\/100|[from] item: Leftovers\n|upkeep\n|turn|23\n|\n|t:|1700500740\n|move|p1a: clefunable|Moonblast|p2a: Hatterene\n|-damage|p2a: Hatterene|0 fnt\n|faint|p2a: Hatterene\n|\n|upkeep\n|\n|t:|1700500744\n|switch|p2a: Gholdengo|Gholdengo|100\/100\n|-item|p2a: Gholdengo|Air Balloon\n|turn|24\n|\n|t:|1700500748\n|move|p1a: clefunable|Protect|p1a: clefunable\n|-singleturn|p1a: clefunable|Protect\n|move|p2a: Gholdengo|Make It Rain|p1a: clefunable\n|-activate|p1a: clefunable|move: Protect\n|\n|upkeep\n|turn|25\n|\n|t:|1700500755\n|switch|p1a: never again|Toxapex, F|100\/100\n|move|p2a: Gholdengo|Nasty Plot|p2a: Gholdengo\n|-boost|p2a: Gholdengo|spa|2\n|\n|upkeep\n|turn|26\n|\n|t:|1700500761\n|switch|p1a: anything good ever|Clodsire, M, tera:Steel|83\/100\n|move|p2a: Gholdengo|Shadow Ball|p1a: anything good ever\n|-damage|p1a: anything good ever|62\/100\n|\n|upkeep\n|turn|27\n|\n|t:|1700500769\n|move|p2a: Gholdengo|Shadow Ball|p1a: anything good ever\n|-damage|p1a: anything good ever|40\/100\n|move|p1a: anything good ever|Recover|p1a: anything good ever\n|-heal|p1a: anything good ever|90\/100\n|\n|upkeep\n|turn|28\n|\n|t:|1700500774\n|move|p2a: Gholdengo|Shadow Ball|p1a: anything good ever\n|-damage|p1a: anything good ever|66\/100\n|-unboost|p1a: anything good ever|spd|1\n|move|p1a: anything good ever|Amnesia|p1a: anything good ever\n|-boost|p1a: anything good ever|spd|2\n|\n|upkeep\n|turn|29\n|\n|t:|1700500777\n|move|p2a: Gholdengo|Shadow Ball|p1a: anything good ever\n|-damage|p1a: anything good ever|51\/100\n|move|p1a: anything good ever|Amnesia|p1a: anything good ever\n|-boost|p1a: anything good ever|spd|2\n|\n|upkeep\n|turn|30\n|\n|t:|1700500780\n|move|p2a: Gholdengo|Shadow Ball|p1a: anything good ever\n|-damage|p1a: anything good ever|43\/100\n|move|p1a: anything good ever|Recover|p1a: anything good ever\n|-heal|p1a: anything good ever|93\/100\n|\n|upkeep\n|turn|31\n|\n|t:|1700500782\n|move|p2a: Gholdengo|Shadow Ball|p1a: anything good ever\n|-damage|p1a: anything good ever|83\/100\n|move|p1a: anything good ever|Amnesia|p1a: anything good ever\n|-boost|p1a: anything good ever|spd|2\n|\n|upkeep\n|turn|32\n|\n|t:|1700500788\n|move|p2a: Gholdengo|Shadow Ball|p1a: anything good ever\n|-damage|p1a: anything good ever|76\/100\n|-unboost|p1a: anything good ever|spd|1\n|move|p1a: anything good ever|Spikes|p2a: Gholdengo\n|-sidestart|p2: datoneguyz2|Spikes\n|\n|upkeep\n|turn|33\n|\n|t:|1700500794\n|switch|p2a: Hydreigon|Hydreigon, M|100\/100\n|move|p1a: anything good ever|Amnesia|p1a: anything good ever\n|-boost|p1a: anything good ever|spd|2\n|\n|upkeep\n|turn|34\n|\n|t:|1700500809\n|switch|p1a: clefunable|Clefable, F|100\/100\n|move|p2a: Hydreigon|Focus Energy|p2a: Hydreigon\n|-start|p2a: Hydreigon|move: Focus Energy\n|\n|upkeep\n|turn|35\n|\n|t:|1700500817\n|-terastallize|p2a: Hydreigon|Steel\n|move|p2a: Hydreigon|Earth Power|p1a: clefunable\n|-crit|p1a: clefunable\n|-damage|p1a: clefunable|60\/100\n|move|p1a: clefunable|Moonblast|p2a: Hydreigon\n|-resisted|p2a: Hydreigon\n|-damage|p2a: Hydreigon|84\/100\n|\n|-heal|p1a: clefunable|66\/100|[from] item: Leftovers\n|upkeep\n|turn|36\n|\n|t:|1700500822\n|move|p2a: Hydreigon|Earth Power|p1a: clefunable\n|-crit|p1a: clefunable\n|-damage|p1a: clefunable|23\/100\n|move|p1a: clefunable|Stealth Rock|p2a: Hydreigon\n|-sidestart|p2: datoneguyz2|move: Stealth Rock\n|\n|-heal|p1a: clefunable|29\/100|[from] item: Leftovers\n|upkeep\n|turn|37\n|\n|t:|1700500825\n|move|p1a: clefunable|Protect|p1a: clefunable\n|-singleturn|p1a: clefunable|Protect\n|move|p2a: Hydreigon|Earth Power|p1a: clefunable\n|-activate|p1a: clefunable|move: Protect\n|\n|-heal|p1a: clefunable|35\/100|[from] item: Leftovers\n|upkeep\n|turn|38\n|\n|t:|1700500840\n|switch|p1a: biggish bird|Tornadus-Therian, M|88\/100\n|-damage|p1a: biggish bird|63\/100|[from] Stealth Rock\n|move|p2a: Hydreigon|Draco Meteor|p1a: biggish bird\n|-crit|p1a: biggish bird\n|-damage|p1a: biggish bird|0 fnt\n|-unboost|p2a: Hydreigon|spa|2\n|faint|p1a: biggish bird\n|\n|upkeep\n|\n|t:|1700500860\n|switch|p1a: clefunable|Clefable, F|35\/100\n|turn|39\n|\n|t:|1700500863\n|move|p1a: clefunable|Protect|p1a: clefunable\n|-singleturn|p1a: clefunable|Protect\n|move|p2a: Hydreigon|Dark Pulse|p1a: clefunable\n|-activate|p1a: clefunable|move: Protect\n|\n|-heal|p1a: clefunable|41\/100|[from] item: Leftovers\n|upkeep\n|turn|40\n|\n|t:|1700500868\n|move|p2a: Hydreigon|Earth Power|p1a: clefunable\n|-crit|p1a: clefunable\n|-damage|p1a: clefunable|0 fnt\n|faint|p1a: clefunable\n|\n|upkeep\n|\n|t:|1700500877\n|switch|p1a: bartholomwa|Blissey, F|78\/100\n|turn|41\n|\n|t:|1700500891\n|move|p2a: Hydreigon|Dark Pulse|p1a: bartholomwa\n|-crit|p1a: bartholomwa\n|-damage|p1a: bartholomwa|54\/100\n|cant|p1a: bartholomwa|flinch\n|\n|upkeep\n|turn|42\n|\n|t:|1700500894\n|move|p1a: bartholomwa|Protect|p1a: bartholomwa\n|-singleturn|p1a: bartholomwa|Protect\n|move|p2a: Hydreigon|Draco Meteor|p1a: bartholomwa\n|-activate|p1a: bartholomwa|move: Protect\n|\n|upkeep\n|turn|43\n|\n|t:|1700500896\n|move|p2a: Hydreigon|Draco Meteor|p1a: bartholomwa\n|-crit|p1a: bartholomwa\n|-damage|p1a: bartholomwa|16\/100\n|-unboost|p2a: Hydreigon|spa|2\n|move|p1a: bartholomwa|Soft-Boiled|p1a: bartholomwa\n|-heal|p1a: bartholomwa|66\/100\n|\n|upkeep\n|turn|44\n|\n|t:|1700500900\n|move|p2a: Hydreigon|Dark Pulse|p1a: bartholomwa\n|-crit|p1a: bartholomwa\n|-damage|p1a: bartholomwa|42\/100\n|move|p1a: bartholomwa|Soft-Boiled|p1a: bartholomwa\n|-heal|p1a: bartholomwa|93\/100\n|\n|upkeep\n|turn|45\n|\n|t:|1700500902\n|move|p2a: Hydreigon|Dark Pulse|p1a: bartholomwa\n|-crit|p1a: bartholomwa\n|-damage|p1a: bartholomwa|71\/100\n|move|p1a: bartholomwa|Seismic Toss|p2a: Hydreigon\n|-damage|p2a: Hydreigon|53\/100\n|\n|upkeep\n|turn|46\n|\n|t:|1700500909\n|move|p1a: bartholomwa|Protect|p1a: bartholomwa\n|-singleturn|p1a: bartholomwa|Protect\n|move|p2a: Hydreigon|Dark Pulse|p1a: bartholomwa\n|-activate|p1a: bartholomwa|move: Protect\n|\n|upkeep\n|turn|47\n|\n|t:|1700500916\n|switch|p2a: Great Tusk|Great Tusk|96\/100\n|-damage|p2a: Great Tusk|83\/100|[from] Spikes\n|-damage|p2a: Great Tusk|80\/100|[from] Stealth Rock\n|move|p1a: bartholomwa|Soft-Boiled|p1a: bartholomwa\n|-heal|p1a: bartholomwa|100\/100\n|\n|upkeep\n|turn|48\n|\n|t:|1700500930\n|move|p1a: bartholomwa|Protect|p1a: bartholomwa\n|-singleturn|p1a: bartholomwa|Protect\n|move|p2a: Great Tusk|Rapid Spin|p1a: bartholomwa\n|-activate|p1a: bartholomwa|move: Protect\n|\n|upkeep\n|turn|49\n|\n|t:|1700500953\n|switch|p1a: guh|Dondozo, F|100\/100\n|move|p2a: Great Tusk|Rapid Spin|p1a: guh\n|-damage|p1a: guh|94\/100\n|-boost|p2a: Great Tusk|spe|1\n|-sideend|p2: datoneguyz2|Spikes|[from] move: Rapid Spin|[of] p2a: Great Tusk\n|-sideend|p2: datoneguyz2|Stealth Rock|[from] move: Rapid Spin|[of] p2a: Great Tusk\n|\n|upkeep\n|turn|50\n|\n|t:|1700500965\n|-end|p2a: Great Tusk|Protosynthesis|[silent]\n|switch|p2a: Gholdengo|Gholdengo|100\/100\n|-item|p2a: Gholdengo|Air Balloon\n|move|p1a: guh|Avalanche|p2a: Gholdengo\n|-resisted|p2a: Gholdengo\n|-crit|p2a: Gholdengo\n|-damage|p2a: Gholdengo|88\/100\n|-enditem|p2a: Gholdengo|Air Balloon\n|\n|upkeep\n|turn|51\n|\n|t:|1700500978\n|switch|p1a: anything good ever|Clodsire, M, tera:Steel|76\/100\n|move|p2a: Gholdengo|Shadow Ball|p1a: anything good ever\n|-damage|p1a: anything good ever|54\/100\n|\n|upkeep\n|turn|52\n|\n|t:|1700500982\n|switch|p2a: Great Tusk|Great Tusk|80\/100\n|move|p1a: anything good ever|Amnesia|p1a: anything good ever\n|-boost|p1a: anything good ever|spd|2\n|\n|upkeep\n|turn|53\n|\n|t:|1700500990\n|switch|p1a: guh|Dondozo, F|94\/100\n|move|p2a: Great Tusk|Knock Off|p1a: guh\n|-damage|p1a: guh|80\/100\n|-enditem|p1a: guh|Heavy-Duty Boots|[from] move: Knock Off|[of] p2a: Great Tusk\n|\n|upkeep\n|turn|54\n|\n|t:|1700500996\n|-end|p2a: Great Tusk|Protosynthesis|[silent]\n|switch|p2a: Gholdengo|Gholdengo|88\/100\n|move|p1a: guh|Avalanche|p2a: Gholdengo\n|-resisted|p2a: Gholdengo\n|-crit|p2a: Gholdengo\n|-damage|p2a: Gholdengo|77\/100\n|\n|upkeep\n|turn|55\n|\n|t:|1700501003\n|switch|p1a: bartholomwa|Blissey, F|100\/100\n|move|p2a: Gholdengo|Shadow Ball|p1a: bartholomwa\n|-immune|p1a: bartholomwa\n|\n|upkeep\n|turn|56\n|\n|t:|1700501009\n|switch|p2a: Dragapult|Dragapult, M|51\/100\n|move|p1a: bartholomwa|Seismic Toss|p2a: Dragapult\n|-immune|p2a: Dragapult\n|\n|upkeep\n|turn|57\n|\n|t:|1700501013\n|move|p1a: bartholomwa|Protect|p1a: bartholomwa\n|-singleturn|p1a: bartholomwa|Protect\n|move|p2a: Dragapult|Dragon Darts|p1a: bartholomwa\n|-activate|p1a: bartholomwa|move: Protect\n|\n|upkeep\n|turn|58\n|\n|t:|1700501019\n|switch|p1a: never again|Toxapex, F|100\/100\n|move|p2a: Dragapult|Dragon Darts|p1a: never again\n|-damage|p1a: never again|84\/100\n|-anim|p2a: Dragapult|Dragon Darts|p1a: never again\n|-damage|p1a: never again|67\/100\n|\n|upkeep\n|turn|59\n|\n|t:|1700501023\n|switch|p2a: Hydreigon|Hydreigon, M, tera:Steel|53\/100\n|move|p1a: never again|Surf|p2a: Hydreigon\n|-damage|p2a: Hydreigon|32\/100\n|\n|upkeep\n|turn|60\n|\n|t:|1700501033\n|switch|p1a: bartholomwa|Blissey, F|100\/100\n|move|p2a: Hydreigon|Draco Meteor|p1a: bartholomwa|[miss]\n|-miss|p2a: Hydreigon|p1a: bartholomwa\n|\n|upkeep\n|turn|61\n|\n|t:|1700501040\n|switch|p2a: Dragapult|Dragapult, M|51\/100\n|move|p1a: bartholomwa|Seismic Toss|p2a: Dragapult\n|-immune|p2a: Dragapult\n|\n|upkeep\n|turn|62\n|\n|t:|1700501044\n|move|p1a: bartholomwa|Protect|p1a: bartholomwa\n|-singleturn|p1a: bartholomwa|Protect\n|move|p2a: Dragapult|Dragon Darts|p1a: bartholomwa\n|-activate|p1a: bartholomwa|move: Protect\n|\n|upkeep\n|turn|63\n|\n|t:|1700501049\n|switch|p1a: never again|Toxapex, F|100\/100\n|move|p2a: Dragapult|Dragon Darts|p1a: never again\n|-damage|p1a: never again|84\/100\n|-anim|p2a: Dragapult|Dragon Darts|p1a: never again\n|-damage|p1a: never again|66\/100\n|\n|upkeep\n|turn|64\n|\n|t:|1700501053\n|move|p2a: Dragapult|Dragon Darts|p1a: never again\n|-damage|p1a: never again|49\/100\n|-anim|p2a: Dragapult|Dragon Darts|p1a: never again\n|-damage|p1a: never again|31\/100\n|move|p1a: never again|Toxic|p2a: Dragapult\n|-status|p2a: Dragapult|tox\n|\n|-damage|p2a: Dragapult|45\/100 tox|[from] psn\n|upkeep\n|turn|65\n|\n|t:|1700501060\n|switch|p2a: Great Tusk|Great Tusk|80\/100\n|switch|p1a: guh|Dondozo, F|80\/100\n|-damage|p1a: guh|68\/100|[from] Stealth Rock\n|\n|upkeep\n|turn|66\n|\n|t:|1700501067\n|-end|p2a: Great Tusk|Protosynthesis|[silent]\n|switch|p2a: Gholdengo|Gholdengo|77\/100\n|move|p1a: guh|Avalanche|p2a: Gholdengo\n|-resisted|p2a: Gholdengo\n|-damage|p2a: Gholdengo|70\/100\n|\n|upkeep\n|turn|67\n|\n|t:|1700501076\n|switch|p2a: Great Tusk|Great Tusk|80\/100\n|switch|p1a: anything good ever|Clodsire, M, tera:Steel|54\/100\n|\n|upkeep\n|turn|68\n|\n|t:|1700501080\n|switch|p1a: guh|Dondozo, F|68\/100\n|-damage|p1a: guh|55\/100|[from] Stealth Rock\n|move|p2a: Great Tusk|Earthquake|p1a: guh\n|-damage|p1a: guh|35\/100\n|\n|upkeep\n|turn|69\n|\n|t:|1700501085\n|-end|p2a: Great Tusk|Protosynthesis|[silent]\n|switch|p2a: Hydreigon|Hydreigon, M, tera:Steel|32\/100\n|move|p1a: guh|Rest|p1a: guh\n|-status|p1a: guh|slp|[from] move: Rest\n|-heal|p1a: guh|100\/100 slp|[silent]\n|\n|upkeep\n|turn|70\n|\n|t:|1700501092\n|switch|p2a: Great Tusk|Great Tusk|80\/100\n|switch|p1a: bartholomwa|Blissey, F|100\/100\n|\n|upkeep\n|turn|71\n|\n|t:|1700501098\n|move|p1a: bartholomwa|Protect|p1a: bartholomwa\n|-singleturn|p1a: bartholomwa|Protect\n|move|p2a: Great Tusk|Knock Off|p1a: bartholomwa\n|-activate|p1a: bartholomwa|move: Protect\n|\n|upkeep\n|turn|72\n|\n|t:|1700501102\n|switch|p1a: guh|Dondozo, F|100\/100 slp\n|-damage|p1a: guh|88\/100 slp|[from] Stealth Rock\n|move|p2a: Great Tusk|Earthquake|p1a: guh\n|-damage|p1a: guh|68\/100 slp\n|\n|upkeep\n|turn|73\n|\n|t:|1700501107\n|move|p2a: Great Tusk|Earthquake|p1a: guh\n|-damage|p1a: guh|50\/100 slp\n|cant|p1a: guh|slp\n|move|p1a: guh|Sleep Talk|p1a: guh\n|move|p1a: guh|Rest||[from]move: Sleep Talk|[still]\n|-fail|p1a: guh\n|\n|upkeep\n|turn|74\n|\n|t:|1700501110\n|move|p2a: Great Tusk|Earthquake|p1a: guh\n|-damage|p1a: guh|31\/100 slp\n|cant|p1a: guh|slp\n|move|p1a: guh|Sleep Talk|p1a: guh\n|move|p1a: guh|Avalanche|p2a: Great Tusk|[from]move: Sleep Talk\n|-supereffective|p2a: Great Tusk\n|-damage|p2a: Great Tusk|55\/100\n|\n|upkeep\n|turn|75\n|\n|t:|1700501114\n|move|p2a: Great Tusk|Earthquake|p1a: guh\n|-damage|p1a: guh|13\/100 slp\n|-curestatus|p1a: guh|slp|[msg]\n|move|p1a: guh|Rest|p1a: guh\n|-status|p1a: guh|slp|[from] move: Rest\n|-heal|p1a: guh|100\/100 slp|[silent]\n|\n|upkeep\n|turn|76\n|\n|t:|1700501117\n|-end|p2a: Great Tusk|Protosynthesis|[silent]\n|switch|p2a: Hydreigon|Hydreigon, M, tera:Steel|32\/100\n|cant|p1a: guh|slp\n|move|p1a: guh|Sleep Talk|p1a: guh\n|move|p1a: guh|Body Press|p2a: Hydreigon|[from]move: Sleep Talk\n|-supereffective|p2a: Hydreigon\n|-damage|p2a: Hydreigon|0 fnt\n|faint|p2a: Hydreigon\n|\n|upkeep\n|\n|t:|1700501120\n|switch|p2a: Gholdengo|Gholdengo|70\/100\n|turn|77\n|\n|t:|1700501128\n|switch|p1a: bartholomwa|Blissey, F|100\/100\n|move|p2a: Gholdengo|Nasty Plot|p2a: Gholdengo\n|-boost|p2a: Gholdengo|spa|2\n|\n|upkeep\n|turn|78\n|\n|t:|1700501139\n|move|p1a: bartholomwa|Protect|p1a: bartholomwa\n|-singleturn|p1a: bartholomwa|Protect\n|move|p2a: Gholdengo|Shadow Ball|p1a: bartholomwa\n|-activate|p1a: bartholomwa|move: Protect\n|\n|upkeep\n|turn|79\n|\n|t:|1700501145\n|move|p2a: Gholdengo|Nasty Plot|p2a: Gholdengo\n|-boost|p2a: Gholdengo|spa|2\n|move|p1a: bartholomwa|Heal Bell|p1a: bartholomwa\n|-activate|p1a: bartholomwa|move: Heal Bell\n|-curestatus|p1: guh|slp|[msg]\n|\n|upkeep\n|turn|80\n|\n|t:|1700501148\n|move|p1a: bartholomwa|Protect|p1a: bartholomwa\n|-singleturn|p1a: bartholomwa|Protect\n|move|p2a: Gholdengo|Shadow Ball|p1a: bartholomwa\n|-activate|p1a: bartholomwa|move: Protect\n|\n|upkeep\n|turn|81\n|\n|t:|1700501162\n|switch|p1a: anything good ever|Clodsire, M, tera:Steel|54\/100\n|move|p2a: Gholdengo|Make It Rain|p1a: anything good ever\n|-resisted|p1a: anything good ever\n|-damage|p1a: anything good ever|37\/100\n|-unboost|p2a: Gholdengo|spa|1\n|\n|upkeep\n|turn|82\n|\n|t:|1700501171\n|switch|p2a: Great Tusk|Great Tusk|55\/100\n|move|p1a: anything good ever|Recover|p1a: anything good ever\n|-heal|p1a: anything good ever|87\/100\n|\n|upkeep\n|turn|83\n|\n|t:|1700501173\n|switch|p1a: guh|Dondozo, F|100\/100\n|-damage|p1a: guh|88\/100|[from] Stealth Rock\n|move|p2a: Great Tusk|Earthquake|p1a: guh\n|-damage|p1a: guh|67\/100\n|\n|upkeep\n|turn|84\n|\n|t:|1700501181\n|-end|p2a: Great Tusk|Protosynthesis|[silent]\n|switch|p2a: Gholdengo|Gholdengo|70\/100\n|move|p1a: guh|Avalanche|p2a: Gholdengo\n|-resisted|p2a: Gholdengo\n|-damage|p2a: Gholdengo|62\/100\n|\n|upkeep\n|turn|85\n|\n|t:|1700501185\n|switch|p1a: anything good ever|Clodsire, M, tera:Steel|87\/100\n|move|p2a: Gholdengo|Nasty Plot|p2a: Gholdengo\n|-boost|p2a: Gholdengo|spa|2\n|\n|upkeep\n|turn|86\n|\n|t:|1700501191\n|move|p2a: Gholdengo|Recover|p2a: Gholdengo\n|-heal|p2a: Gholdengo|100\/100\n|move|p1a: anything good ever|Earthquake|p2a: Gholdengo\n|-supereffective|p2a: Gholdengo\n|-damage|p2a: Gholdengo|35\/100\n|\n|upkeep\n|turn|87\n|\n|t:|1700501197\n|switch|p2a: Dragapult|Dragapult, M|45\/100 tox\n|move|p1a: anything good ever|Spikes|p2a: Dragapult\n|-sidestart|p2: datoneguyz2|Spikes\n|\n|-damage|p2a: Dragapult|39\/100 tox|[from] psn\n|upkeep\n|turn|88\n|\n|t:|1700501210\n|switch|p1a: never again|Toxapex, F|64\/100\n|move|p2a: Dragapult|Will-O-Wisp|p1a: never again\n|-status|p1a: never again|brn\n|\n|-damage|p2a: Dragapult|27\/100 tox|[from] psn\n|-damage|p1a: never again|58\/100 brn|[from] brn\n|upkeep\n|turn|89\n|\n|t:|1700501221\n|switch|p2a: Gholdengo|Gholdengo|35\/100\n|-damage|p2a: Gholdengo|23\/100|[from] Spikes\n|switch|p1a: bartholomwa|Blissey, F|100\/100\n|\n|upkeep\n|turn|90\n|\n|t:|1700501224\n|move|p2a: Gholdengo|Recover|p2a: Gholdengo\n|-heal|p2a: Gholdengo|73\/100\n|move|p1a: bartholomwa|Heal Bell|p1a: bartholomwa\n|-activate|p1a: bartholomwa|move: Heal Bell\n|-curestatus|p1: never again|brn|[msg]\n|\n|upkeep\n|turn|91\n|\n|t:|1700501229\n|move|p2a: Gholdengo|Nasty Plot|p2a: Gholdengo\n|-boost|p2a: Gholdengo|spa|2\n|move|p1a: bartholomwa|Seismic Toss|p2a: Gholdengo\n|-immune|p2a: Gholdengo\n|\n|upkeep\n|turn|92\n|\n|t:|1700501235\n|switch|p1a: anything good ever|Clodsire, M, tera:Steel|87\/100\n|move|p2a: Gholdengo|Nasty Plot|p2a: Gholdengo\n|-boost|p2a: Gholdengo|spa|2\n|\n|upkeep\n|turn|93\n|\n|t:|1700501241\n|switch|p2a: Great Tusk|Great Tusk|55\/100\n|-damage|p2a: Great Tusk|43\/100|[from] Spikes\n|move|p1a: anything good ever|Earthquake|p2a: Great Tusk\n|-damage|p2a: Great Tusk|31\/100\n|\n|upkeep\n|turn|94\n|\n|t:|1700501249\n|switch|p1a: guh|Dondozo, F|67\/100\n|-damage|p1a: guh|55\/100|[from] Stealth Rock\n|move|p2a: Great Tusk|Earthquake|p1a: guh\n|-damage|p1a: guh|35\/100\n|\n|upkeep\n|turn|95\n|\n|t:|1700501251\n|move|p2a: Great Tusk|Earthquake|p1a: guh\n|-damage|p1a: guh|14\/100\n|move|p1a: guh|Rest|p1a: guh\n|-status|p1a: guh|slp|[from] move: Rest\n|-heal|p1a: guh|100\/100 slp|[silent]\n|\n|upkeep\n|turn|96\n|\n|t:|1700501255\n|-end|p2a: Great Tusk|Protosynthesis|[silent]\n|switch|p2a: Gholdengo|Gholdengo|73\/100\n|-damage|p2a: Gholdengo|60\/100|[from] Spikes\n|cant|p1a: guh|slp\n|move|p1a: guh|Sleep Talk|p1a: guh\n|move|p1a: guh|Avalanche|p2a: Gholdengo|[from]move: Sleep Talk\n|-resisted|p2a: Gholdengo\n|-damage|p2a: Gholdengo|52\/100\n|\n|upkeep\n|turn|97\n|\n|t:|1700501259\n|switch|p2a: Great Tusk|Great Tusk|31\/100\n|-damage|p2a: Great Tusk|18\/100|[from] Spikes\n|switch|p1a: anything good ever|Clodsire, M, tera:Steel|87\/100\n|\n|upkeep\n|turn|98\n|\n|t:|1700501263\n|switch|p1a: guh|Dondozo, F|100\/100 slp\n|-damage|p1a: guh|88\/100 slp|[from] Stealth Rock\n|move|p2a: Great Tusk|Earthquake|p1a: guh\n|-damage|p1a: guh|68\/100 slp\n|\n|upkeep\n|turn|99\n|\n|t:|1700501267\n|-end|p2a: Great Tusk|Protosynthesis|[silent]\n|switch|p2a: Gholdengo|Gholdengo|52\/100\n|-damage|p2a: Gholdengo|40\/100|[from] Spikes\n|cant|p1a: guh|slp\n|move|p1a: guh|Sleep Talk|p1a: guh\n|move|p1a: guh|Rest||[from]move: Sleep Talk|[still]\n|-fail|p1a: guh\n|\n|upkeep\n|turn|100\n|\n|t:|1700501270\n|switch|p1a: anything good ever|Clodsire, M, tera:Steel|87\/100\n|move|p2a: Gholdengo|Nasty Plot|p2a: Gholdengo\n|-boost|p2a: Gholdengo|spa|2\n|\n|upkeep\n|turn|101\n|\n|t:|1700501274\n|move|p2a: Gholdengo|Recover|p2a: Gholdengo\n|-heal|p2a: Gholdengo|90\/100\n|move|p1a: anything good ever|Earthquake|p2a: Gholdengo\n|-supereffective|p2a: Gholdengo\n|-damage|p2a: Gholdengo|27\/100\n|\n|upkeep\n|turn|102\n|\n|t:|1700501281\n|move|p2a: Gholdengo|Shadow Ball|p1a: anything good ever\n|-damage|p1a: anything good ever|66\/100\n|move|p1a: anything good ever|Spikes|p2a: Gholdengo\n|-sidestart|p2: datoneguyz2|Spikes\n|\n|upkeep\n|turn|103\n|-message|datoneguyz2 forfeited.\n|\n|win|dragonbrrr\n|raw|dragonbrrr's rating: 1376 &rarr; <strong>1394<\/strong><br \/>(+18 for winning)\n|raw|datoneguyz2's rating: 1341 &rarr; <strong>1323<\/strong><br \/>(-18 for losing)\n|l|\u2606datoneguyz2\n","uploadtime":1700501291,"views":11,"p1id":"dragonbrrr","p2id":"datoneguyz2","formatid":"gen9ou","rating":1323,"private":0,"password":""}