{"id":"gen9ou-1995472334","p1":"VikontAlu","p2":"Barrman13","format":"[Gen 9] OU","log":"|j|\u2606VikontAlu\n|j|\u2606Barrman13\n|t:|1700574626\n|gametype|singles\n|player|p1|VikontAlu|102|1237\n|player|p2|Barrman13|blackbelt-gen4dp|1156\n|teamsize|p1|6\n|teamsize|p2|6\n|gen|9\n|tier|[Gen 9] OU\n|rated|\n|rule|Sleep Clause Mod: Limit one foe put to sleep\n|rule|Species Clause: Limit one of each Pok\u00e9mon\n|rule|OHKO Clause: OHKO moves are banned\n|rule|Evasion Items Clause: Evasion items are banned\n|rule|Evasion Moves Clause: Evasion moves are banned\n|rule|Endless Battle Clause: Forcing endless battles is banned\n|rule|HP Percentage Mod: HP is shown in percentages\n|clearpoke\n|poke|p1|Cinderace, F|\n|poke|p1|Great Tusk|\n|poke|p1|Walking Wake|\n|poke|p1|Gholdengo|\n|poke|p1|Iron Valiant|\n|poke|p1|Zapdos|\n|poke|p2|Torkoal, F|\n|poke|p2|Walking Wake|\n|poke|p2|Lilligant-Hisui, F|\n|poke|p2|Iron Valiant|\n|poke|p2|Shiftry, F|\n|poke|p2|Iron Moth|\n|teampreview\n|\n|t:|1700574631\n|start\n|switch|p1a: Walking Wake|Walking Wake|100\/100\n|switch|p2a: Torkoal|Torkoal, F|100\/100\n|-weather|SunnyDay|[from] ability: Drought|[of] p2a: Torkoal\n|-activate|p1a: Walking Wake|ability: Protosynthesis\n|-start|p1a: Walking Wake|protosynthesisspa\n|turn|1\n|\n|t:|1700574658\n|-terastallize|p2a: Torkoal|Water\n|move|p1a: Walking Wake|Hydro Steam|p2a: Torkoal\n|-resisted|p2a: Torkoal\n|-damage|p2a: Torkoal|43\/100\n|move|p2a: Torkoal|Yawn|p1a: Walking Wake\n|-start|p1a: Walking Wake|move: Yawn|[of] p2a: Torkoal\n|\n|-weather|SunnyDay|[upkeep]\n|upkeep\n|turn|2\n|\n|t:|1700574671\n|-end|p1a: Walking Wake|Protosynthesis|[silent]\n|switch|p1a: Zapdos|Zapdos|100\/100\n|switch|p2a: Shiftry|Shiftry, F|100\/100\n|\n|-weather|SunnyDay|[upkeep]\n|upkeep\n|turn|3\n|\n|t:|1700574686\n|move|p2a: Shiftry|Explosion|p1a: Zapdos\n|-damage|p1a: Zapdos|15\/100\n|faint|p2a: Shiftry\n|move|p1a: Zapdos|Heat Wave|p2: Shiftry|[notarget]\n|-fail|p1a: Zapdos\n|\n|-weather|SunnyDay|[upkeep]\n|-heal|p1a: Zapdos|21\/100|[from] item: Leftovers\n|upkeep\n|c|\u2606VikontAlu|WTF\n|\n|t:|1700574696\n|switch|p2a: Lilligant|Lilligant-Hisui, F|100\/100\n|turn|4\n|\n|t:|1700574721\n|switch|p1a: Cinderace|Cinderace, F|100\/100\n|move|p2a: Lilligant|Ice Spinner|p1a: Cinderace\n|-resisted|p1a: Cinderace\n|-damage|p1a: Cinderace|74\/100\n|-damage|p2a: Lilligant|91\/100|[from] item: Life Orb\n|\n|-weather|SunnyDay|[upkeep]\n|upkeep\n|turn|5\n|\n|t:|1700574730\n|switch|p2a: Walking Wake|Walking Wake|100\/100\n|-activate|p2a: Walking Wake|ability: Protosynthesis\n|-start|p2a: Walking Wake|protosynthesisspa\n|move|p1a: Cinderace|Pyro Ball|p2a: Walking Wake\n|-resisted|p2a: Walking Wake\n|-damage|p2a: Walking Wake|76\/100\n|\n|-weather|SunnyDay|[upkeep]\n|upkeep\n|turn|6\n|\n|t:|1700574747\n|switch|p1a: Gholdengo|Gholdengo|100\/100\n|move|p2a: Walking Wake|Agility|p2a: Walking Wake\n|-boost|p2a: Walking Wake|spe|2\n|\n|-weather|SunnyDay|[upkeep]\n|upkeep\n|turn|7\n|\n|t:|1700574755\n|move|p2a: Walking Wake|Flamethrower|p1a: Gholdengo\n|-supereffective|p1a: Gholdengo\n|-damage|p1a: Gholdengo|0 fnt\n|faint|p1a: Gholdengo\n|-damage|p2a: Walking Wake|67\/100|[from] item: Life Orb\n|\n|-weather|SunnyDay|[upkeep]\n|upkeep\n|\n|t:|1700574781\n|switch|p1a: Iron Valiant|Iron Valiant|100\/100\n|-enditem|p1a: Iron Valiant|Booster Energy\n|-activate|p1a: Iron Valiant|ability: Quark Drive|[fromitem]\n|-start|p1a: Iron Valiant|quarkdrivespe\n|turn|8\n|\n|t:|1700574790\n|-terastallize|p1a: Iron Valiant|Fairy\n|move|p2a: Walking Wake|Hydro Steam|p1a: Iron Valiant\n|-damage|p1a: Iron Valiant|0 fnt\n|faint|p1a: Iron Valiant\n|-end|p1a: Iron Valiant|Quark Drive|[silent]\n|-damage|p2a: Walking Wake|57\/100|[from] item: Life Orb\n|\n|-weather|none\n|-end|p2a: Walking Wake|Protosynthesis\n|upkeep\n|\n|t:|1700574803\n|switch|p1a: Walking Wake|Walking Wake|100\/100\n|-enditem|p1a: Walking Wake|Booster Energy\n|-activate|p1a: Walking Wake|ability: Protosynthesis|[fromitem]\n|-start|p1a: Walking Wake|protosynthesisspa\n|turn|9\n|\n|t:|1700574809\n|move|p2a: Walking Wake|Dragon Pulse|p1a: Walking Wake\n|-supereffective|p1a: Walking Wake\n|-damage|p1a: Walking Wake|0 fnt\n|faint|p1a: Walking Wake\n|-end|p1a: Walking Wake|Protosynthesis|[silent]\n|-damage|p2a: Walking Wake|47\/100|[from] item: Life Orb\n|\n|upkeep\n|\n|t:|1700574816\n|switch|p1a: Zapdos|Zapdos|21\/100\n|turn|10\n|\n|t:|1700574821\n|move|p2a: Walking Wake|Hydro Steam|p1a: Zapdos\n|-damage|p1a: Zapdos|0 fnt\n|faint|p1a: Zapdos\n|-damage|p2a: Walking Wake|37\/100|[from] item: Life Orb\n|\n|upkeep\n|c|\u2606VikontAlu|GG\n|c|\u2606VikontAlu|Wtf is this pokemon\n|\n|t:|1700574832\n|switch|p1a: Cinderace|Cinderace, F|74\/100\n|turn|11\n|c|\u2606Barrman13|Righr lol\n|\n|t:|1700574840\n|move|p1a: Cinderace|Sucker Punch|p2a: Walking Wake\n|-damage|p2a: Walking Wake|14\/100\n|move|p2a: Walking Wake|Hydro Steam|p1a: Cinderace\n|-supereffective|p1a: Cinderace\n|-damage|p1a: Cinderace|0 fnt\n|faint|p1a: Cinderace\n|-damage|p2a: Walking Wake|4\/100|[from] item: Life Orb\n|\n|upkeep\n|c|\u2606Barrman13|Gg\n|c|\u2606Barrman13|Wp\n|\n|t:|1700574847\n|switch|p1a: Great Tusk|Great Tusk|100\/100\n|-enditem|p1a: Great Tusk|Booster Energy\n|-activate|p1a: Great Tusk|ability: Protosynthesis|[fromitem]\n|-start|p1a: Great Tusk|protosynthesisspe\n|turn|12\n|\n|t:|1700574853\n|move|p2a: Walking Wake|Hydro Steam|p1a: Great Tusk\n|-supereffective|p1a: Great Tusk\n|-damage|p1a: Great Tusk|0 fnt\n|faint|p1a: Great Tusk\n|-end|p1a: Great Tusk|Protosynthesis|[silent]\n|-damage|p2a: Walking Wake|0 fnt|[from] item: Life Orb\n|faint|p2a: Walking Wake\n|-end|p2a: Walking Wake|Protosynthesis|[silent]\n|\n|win|Barrman13\n|raw|VikontAlu's rating: 1237 &rarr; <strong>1206<\/strong><br \/>(-31 for losing)\n|raw|Barrman13's rating: 1156 &rarr; <strong>1187<\/strong><br \/>(+31 for winning)\n|c|\u2606Barrman13|Life orb is nuts\n","uploadtime":1700574873,"views":2,"p1id":"vikontalu","p2id":"barrman13","formatid":"gen9ou","rating":1187,"private":0,"password":""}