{"id":"gen9ou-1991912770","p1":"Kristjan05","p2":"Cleo_Stealsmith","format":"[Gen 9] OU","log":"|j|\u2606Kristjan05\n|j|\u2606Cleo_Stealsmith\n|t:|1700137332\n|gametype|singles\n|player|p1|Kristjan05|red|1419\n|player|p2|Cleo_Stealsmith|clair|1474\n|teamsize|p1|6\n|teamsize|p2|6\n|gen|9\n|tier|[Gen 9] OU\n|rated|\n|rule|Sleep Clause Mod: Limit one foe put to sleep\n|rule|Species Clause: Limit one of each Pok\u00e9mon\n|rule|OHKO Clause: OHKO moves are banned\n|rule|Evasion Items Clause: Evasion items are banned\n|rule|Evasion Moves Clause: Evasion moves are banned\n|rule|Endless Battle Clause: Forcing endless battles is banned\n|rule|HP Percentage Mod: HP is shown in percentages\n|clearpoke\n|poke|p1|Heracross, F|\n|poke|p1|Dragapult, F|\n|poke|p1|Cinderace, F|\n|poke|p1|Iron Valiant|\n|poke|p1|Ribombee, M|\n|poke|p1|Cloyster, M|\n|poke|p2|Empoleon, M|\n|poke|p2|Rotom-Mow|\n|poke|p2|Talonflame, F|\n|poke|p2|Haxorus, M|\n|poke|p2|Muk-Alola, M|\n|poke|p2|Conkeldurr, F|\n|teampreview\n|inactive|Battle timer is ON: inactive players will automatically lose when time's up. (requested by Kristjan05)\n|\n|t:|1700137352\n|start\n|switch|p1a: Cinderace|Cinderace, F|100\/100\n|switch|p2a: Penguin|Empoleon, M, shiny|100\/100\n|turn|1\n|\n|t:|1700137359\n|move|p1a: Cinderace|U-turn|p2a: Penguin\n|-start|p1a: Cinderace|typechange|Bug|[from] ability: Libero\n|-resisted|p2a: Penguin\n|-damage|p2a: Penguin|89\/100\n|-damage|p1a: Cinderace|84\/100|[from] item: Rocky Helmet|[of] p2a: Penguin\n|\n|t:|1700137365\n|switch|p1a: Heracross|Heracross, F|100\/100|[from] U-turn\n|move|p2a: Penguin|Stealth Rock|p1a: Heracross\n|-sidestart|p1: Kristjan05|move: Stealth Rock\n|\n|-status|p1a: Heracross|brn|[from] item: Flame Orb\n|upkeep\n|turn|2\n|\n|t:|1700137385\n|move|p1a: Heracross|Close Combat|p2a: Penguin\n|-supereffective|p2a: Penguin\n|-damage|p2a: Penguin|0 fnt\n|-unboost|p1a: Heracross|def|1\n|-unboost|p1a: Heracross|spd|1\n|-damage|p1a: Heracross|84\/100 brn|[from] item: Rocky Helmet|[of] p2a: Penguin\n|faint|p2a: Penguin\n|\n|-damage|p1a: Heracross|78\/100 brn|[from] brn\n|upkeep\n|\n|t:|1700137389\n|switch|p2a: Ace|Talonflame, F|100\/100\n|turn|3\n|\n|t:|1700137394\n|switch|p1a: Dragapult|Dragapult, F|100\/100\n|-damage|p1a: Dragapult|88\/100|[from] Stealth Rock\n|move|p2a: Ace|Brave Bird|p1a: Dragapult\n|-damage|p1a: Dragapult|52\/100\n|-start|p2a: Ace|Disable|Brave Bird|[from] ability: Cursed Body|[of] p1a: Dragapult\n|-damage|p2a: Ace|88\/100|[from] Recoil\n|\n|upkeep\n|turn|4\n|inactive|Cleo_Stealsmith has 120 seconds left.\n|\n|t:|1700137424\n|switch|p2a: Chopper|Rotom-Mow|100\/100\n|move|p1a: Dragapult|Thunder Wave|p2a: Chopper\n|-immune|p2a: Chopper\n|\n|upkeep\n|turn|5\n|\n|t:|1700137433\n|switch|p1a: Cinderace|Cinderace, F|84\/100\n|move|p2a: Chopper|Will-O-Wisp|p1a: Cinderace\n|-immune|p1a: Cinderace\n|\n|upkeep\n|turn|6\n|\n|t:|1700137444\n|move|p1a: Cinderace|Court Change|p1a: Cinderace\n|-start|p1a: Cinderace|typechange|Normal|[from] ability: Libero\n|-swapsideconditions\n|-activate|p1a: Cinderace|move: Court Change\n|move|p2a: Chopper|Volt Switch|p1a: Cinderace\n|-damage|p1a: Cinderace|48\/100\n|\n|t:|1700137450\n|switch|p2a: Shanks|Conkeldurr, F, shiny|100\/100|[from] Volt Switch\n|-damage|p2a: Shanks|94\/100|[from] Stealth Rock\n|\n|-status|p2a: Shanks|brn|[from] item: Flame Orb\n|upkeep\n|turn|7\n|\n|t:|1700137455\n|move|p2a: Shanks|Mach Punch|p1a: Cinderace\n|-supereffective|p1a: Cinderace\n|-damage|p1a: Cinderace|0 fnt\n|faint|p1a: Cinderace\n|\n|-damage|p2a: Shanks|88\/100 brn|[from] brn\n|upkeep\n|\n|t:|1700137461\n|switch|p1a: Dragapult|Dragapult, F|52\/100\n|turn|8\n|inactive|Cleo_Stealsmith has 120 seconds left.\n|\n|t:|1700137492\n|move|p1a: Dragapult|Reflect|p1a: Dragapult\n|-sidestart|p1: Kristjan05|Reflect\n|move|p2a: Shanks|Knock Off|p1a: Dragapult\n|-supereffective|p1a: Dragapult\n|-damage|p1a: Dragapult|0 fnt\n|-enditem|p1a: Dragapult|Light Clay|[from] move: Knock Off|[of] p2a: Shanks\n|faint|p1a: Dragapult\n|\n|-damage|p2a: Shanks|82\/100 brn|[from] brn\n|upkeep\n|\n|t:|1700137501\n|switch|p1a: Iron Valiant|Iron Valiant|100\/100\n|-enditem|p1a: Iron Valiant|Booster Energy\n|-activate|p1a: Iron Valiant|ability: Quark Drive|[fromitem]\n|-start|p1a: Iron Valiant|quarkdrivespe\n|turn|9\n|\n|t:|1700137506\n|switch|p2a: Ace|Talonflame, F|88\/100\n|move|p1a: Iron Valiant|Calm Mind|p1a: Iron Valiant\n|-boost|p1a: Iron Valiant|spa|1\n|-boost|p1a: Iron Valiant|spd|1\n|\n|upkeep\n|turn|10\n|\n|t:|1700137511\n|move|p1a: Iron Valiant|Thunderbolt|p2a: Ace\n|-supereffective|p2a: Ace\n|-damage|p2a: Ace|0 fnt\n|faint|p2a: Ace\n|\n|upkeep\n|\n|t:|1700137519\n|switch|p2a: Magellan|Muk-Alola, M, shiny|100\/100\n|-damage|p2a: Magellan|88\/100|[from] Stealth Rock\n|turn|11\n|\n|t:|1700137527\n|move|p1a: Iron Valiant|Moonblast|p2a: Magellan\n|-damage|p2a: Magellan|61\/100\n|-unboost|p2a: Magellan|spa|1\n|move|p2a: Magellan|Poison Fang|p1a: Iron Valiant\n|-supereffective|p1a: Iron Valiant\n|-damage|p1a: Iron Valiant|77\/100\n|-status|p1a: Iron Valiant|tox\n|\n|-damage|p1a: Iron Valiant|71\/100 tox|[from] psn\n|upkeep\n|turn|12\n|\n|t:|1700137535\n|move|p1a: Iron Valiant|Calm Mind|p1a: Iron Valiant\n|-boost|p1a: Iron Valiant|spa|1\n|-boost|p1a: Iron Valiant|spd|1\n|move|p2a: Magellan|Poison Fang|p1a: Iron Valiant\n|-supereffective|p1a: Iron Valiant\n|-damage|p1a: Iron Valiant|46\/100 tox\n|\n|-damage|p1a: Iron Valiant|34\/100 tox|[from] psn\n|upkeep\n|turn|13\n|\n|t:|1700137540\n|move|p1a: Iron Valiant|Moonblast|p2a: Magellan\n|-damage|p2a: Magellan|26\/100\n|move|p2a: Magellan|Poison Fang|p1a: Iron Valiant\n|-supereffective|p1a: Iron Valiant\n|-damage|p1a: Iron Valiant|11\/100 tox\n|\n|-damage|p1a: Iron Valiant|0 fnt|[from] psn\n|faint|p1a: Iron Valiant\n|-end|p1a: Iron Valiant|Quark Drive|[silent]\n|upkeep\n|\n|t:|1700137557\n|switch|p1a: Ribombee|Ribombee, M|100\/100\n|turn|14\n|\n|t:|1700137572\n|move|p1a: Ribombee|Sticky Web|p2a: Magellan\n|-sidestart|p2: Cleo_Stealsmith|move: Sticky Web\n|move|p2a: Magellan|Poison Fang|p1a: Ribombee\n|-supereffective|p1a: Ribombee\n|-damage|p1a: Ribombee|67\/100\n|\n|upkeep\n|turn|15\n|\n|t:|1700137581\n|move|p1a: Ribombee|Quiver Dance|p1a: Ribombee\n|-boost|p1a: Ribombee|spa|1\n|-boost|p1a: Ribombee|spd|1\n|-boost|p1a: Ribombee|spe|1\n|move|p2a: Magellan|Poison Fang|p1a: Ribombee\n|-supereffective|p1a: Ribombee\n|-damage|p1a: Ribombee|34\/100\n|\n|-sideend|p1: Kristjan05|Reflect\n|upkeep\n|turn|16\n|\n|t:|1700137586\n|move|p1a: Ribombee|Moonblast|p2a: Magellan\n|-damage|p2a: Magellan|3\/100\n|move|p2a: Magellan|Poison Fang|p1a: Ribombee\n|-supereffective|p1a: Ribombee\n|-damage|p1a: Ribombee|0 fnt\n|faint|p1a: Ribombee\n|\n|upkeep\n|\n|t:|1700137593\n|switch|p1a: Heracross|Heracross, F|78\/100 brn\n|turn|17\n|\n|t:|1700137599\n|move|p2a: Magellan|Shadow Sneak|p1a: Heracross\n|-damage|p1a: Heracross|65\/100 brn\n|move|p1a: Heracross|Facade|p2a: Magellan\n|-damage|p2a: Magellan|0 fnt\n|faint|p2a: Magellan\n|\n|-damage|p1a: Heracross|59\/100 brn|[from] brn\n|upkeep\n|\n|t:|1700137617\n|switch|p2a: kido|Haxorus, M|100\/100\n|-damage|p2a: kido|88\/100|[from] Stealth Rock\n|-activate|p2a: kido|move: Sticky Web\n|-unboost|p2a: kido|spe|1\n|-ability|p2a: kido|Mold Breaker\n|turn|18\n|\n|t:|1700137633\n|switch|p2a: Chopper|Rotom-Mow|100\/100\n|-damage|p2a: Chopper|88\/100|[from] Stealth Rock\n|move|p1a: Heracross|Close Combat|p2a: Chopper\n|-damage|p2a: Chopper|6\/100\n|-unboost|p1a: Heracross|def|1\n|-unboost|p1a: Heracross|spd|1\n|\n|-heal|p2a: Chopper|12\/100|[from] item: Leftovers\n|-damage|p1a: Heracross|53\/100 brn|[from] brn\n|upkeep\n|turn|19\n|\n|t:|1700137645\n|move|p1a: Heracross|Knock Off|p2a: Chopper\n|-damage|p2a: Chopper|0 fnt\n|-enditem|p2a: Chopper|Leftovers|[from] move: Knock Off|[of] p1a: Heracross\n|faint|p2a: Chopper\n|\n|-damage|p1a: Heracross|47\/100 brn|[from] brn\n|upkeep\n|\n|t:|1700137653\n|switch|p2a: Shanks|Conkeldurr, F, shiny|82\/100 brn\n|-damage|p2a: Shanks|76\/100 brn|[from] Stealth Rock\n|-activate|p2a: Shanks|move: Sticky Web\n|-unboost|p2a: Shanks|spe|1\n|turn|20\n|inactive|Cleo_Stealsmith has 120 seconds left.\n|\n|t:|1700137673\n|move|p2a: Shanks|Mach Punch|p1a: Heracross\n|-resisted|p1a: Heracross\n|-damage|p1a: Heracross|6\/100 brn\n|move|p1a: Heracross|Close Combat|p2a: Shanks\n|-damage|p2a: Shanks|0 fnt\n|-unboost|p1a: Heracross|def|1\n|-unboost|p1a: Heracross|spd|1\n|faint|p2a: Shanks\n|\n|-damage|p1a: Heracross|0 fnt|[from] brn\n|faint|p1a: Heracross\n|upkeep\n|\n|t:|1700137679\n|switch|p1a: Cloyster|Cloyster, M|100\/100\n|switch|p2a: kido|Haxorus, M|88\/100\n|-damage|p2a: kido|76\/100|[from] Stealth Rock\n|-activate|p2a: kido|move: Sticky Web\n|-unboost|p2a: kido|spe|1\n|-ability|p2a: kido|Mold Breaker\n|turn|21\n|\n|t:|1700137694\n|-terastallize|p2a: kido|Steel\n|move|p1a: Cloyster|Shell Smash|p1a: Cloyster\n|-unboost|p1a: Cloyster|def|1\n|-unboost|p1a: Cloyster|spd|1\n|-boost|p1a: Cloyster|atk|2\n|-boost|p1a: Cloyster|spa|2\n|-boost|p1a: Cloyster|spe|2\n|move|p2a: kido|Scale Shot|p1a: Cloyster|[miss]\n|-miss|p2a: kido|p1a: Cloyster\n|\n|upkeep\n|turn|22\n|\n|t:|1700137705\n|move|p1a: Cloyster|Liquidation|p2a: kido\n|-damage|p2a: kido|0 fnt\n|faint|p2a: kido\n|\n|win|Kristjan05\n|raw|Kristjan05's rating: 1419 &rarr; <strong>1442<\/strong><br \/>(+23 for winning)\n|raw|Cleo_Stealsmith's rating: 1474 &rarr; <strong>1451<\/strong><br \/>(-23 for losing)\n|c|\u2606Kristjan05|gg\n|l|\u2606Kristjan05\n","uploadtime":1700137721,"views":17,"p1id":"kristjan05","p2id":"cleostealsmith","formatid":"gen9ou","rating":1442,"private":0,"password":""}