{"id":"gen9ou-1988361702","p1":"vils","p2":"BOX CRUSHER","format":"[Gen 9] OU","log":"|j|\u2606vils\n|j|\u2606BOX CRUSHER\n|t:|1699713982\n|gametype|singles\n|player|p1|vils|richboy|1259\n|player|p2|BOX CRUSHER|ruinmaniac|1274\n|teamsize|p1|6\n|teamsize|p2|6\n|gen|9\n|tier|[Gen 9] OU\n|rated|\n|rule|Sleep Clause Mod: Limit one foe put to sleep\n|rule|Species Clause: Limit one of each Pok\u00e9mon\n|rule|OHKO Clause: OHKO moves are banned\n|rule|Evasion Items Clause: Evasion items are banned\n|rule|Evasion Moves Clause: Evasion moves are banned\n|rule|Endless Battle Clause: Forcing endless battles is banned\n|rule|HP Percentage Mod: HP is shown in percentages\n|clearpoke\n|poke|p1|Torterra, F|\n|poke|p1|Heatran, F|\n|poke|p1|Corviknight, F|\n|poke|p1|Great Tusk|\n|poke|p1|Ninetales, F|\n|poke|p1|Slither Wing|\n|poke|p2|Hippowdon, M|\n|poke|p2|Clodsire, F|\n|poke|p2|Heatran, F|\n|poke|p2|Jirachi|\n|poke|p2|Gholdengo|\n|poke|p2|Forretress, M|\n|teampreview\n|inactive|Battle timer is ON: inactive players will automatically lose when time's up. (requested by BOX CRUSHER)\n|\n|t:|1699714007\n|start\n|switch|p1a: Torterra|Torterra, F|100\/100\n|switch|p2a: Jirachi|Jirachi|100\/100\n|turn|1\n|\n|t:|1699714015\n|move|p2a: Jirachi|U-turn|p1a: Torterra\n|-supereffective|p1a: Torterra\n|-damage|p1a: Torterra|59\/100\n|\n|t:|1699714021\n|switch|p2a: Forretress|Forretress, M|100\/100|[from] U-turn\n|move|p1a: Torterra|Shell Smash|p1a: Torterra\n|-unboost|p1a: Torterra|def|1\n|-unboost|p1a: Torterra|spd|1\n|-boost|p1a: Torterra|atk|2\n|-boost|p1a: Torterra|spa|2\n|-boost|p1a: Torterra|spe|2\n|\n|upkeep\n|turn|2\n|\n|t:|1699714041\n|-terastallize|p1a: Torterra|Rock\n|move|p1a: Torterra|Rock Blast|p2a: Forretress\n|-damage|p2a: Forretress|86\/100\n|-damage|p2a: Forretress|72\/100\n|-damage|p2a: Forretress|58\/100\n|-crit|p2a: Forretress\n|-damage|p2a: Forretress|38\/100\n|-hitcount|p2a: Forretress|4\n|move|p2a: Forretress|Body Press|p1a: Torterra\n|-supereffective|p1a: Torterra\n|-damage|p1a: Torterra|0 fnt\n|faint|p1a: Torterra\n|\n|-heal|p2a: Forretress|44\/100|[from] item: Leftovers\n|upkeep\n|\n|t:|1699714054\n|switch|p1a: Ninetales|Ninetales, F|100\/100\n|-weather|SunnyDay|[from] ability: Drought|[of] p1a: Ninetales\n|turn|3\n|\n|t:|1699714056\n|switch|p2a: Hippowdon|Hippowdon, M|100\/100\n|-weather|Sandstorm|[from] ability: Sand Stream|[of] p2a: Hippowdon\n|move|p1a: Ninetales|Nasty Plot|p1a: Ninetales\n|-boost|p1a: Ninetales|spa|2\n|\n|-weather|Sandstorm|[upkeep]\n|-damage|p1a: Ninetales|95\/100|[from] Sandstorm\n|upkeep\n|turn|4\n|\n|t:|1699714062\n|move|p1a: Ninetales|Will-O-Wisp|p2a: Hippowdon|[miss]\n|-miss|p1a: Ninetales|p2a: Hippowdon\n|move|p2a: Hippowdon|Earthquake|p1a: Ninetales\n|-supereffective|p1a: Ninetales\n|-damage|p1a: Ninetales|0 fnt\n|faint|p1a: Ninetales\n|\n|-weather|Sandstorm|[upkeep]\n|upkeep\n|\n|t:|1699714069\n|switch|p1a: Great Tusk|Great Tusk|100\/100\n|turn|5\n|\n|t:|1699714076\n|move|p1a: Great Tusk|Bulk Up|p1a: Great Tusk\n|-boost|p1a: Great Tusk|atk|1\n|-boost|p1a: Great Tusk|def|1\n|move|p2a: Hippowdon|Yawn|p1a: Great Tusk\n|-start|p1a: Great Tusk|move: Yawn|[of] p2a: Hippowdon\n|\n|-weather|Sandstorm|[upkeep]\n|upkeep\n|turn|6\n|\n|t:|1699714085\n|move|p1a: Great Tusk|Ice Spinner|p2a: Hippowdon\n|-supereffective|p2a: Hippowdon\n|-damage|p2a: Hippowdon|20\/100\n|-damage|p1a: Great Tusk|91\/100|[from] item: Life Orb\n|move|p2a: Hippowdon|Slack Off|p2a: Hippowdon\n|-heal|p2a: Hippowdon|70\/100\n|\n|-weather|Sandstorm|[upkeep]\n|-end|p1a: Great Tusk|move: Yawn|[silent]\n|-status|p1a: Great Tusk|slp\n|upkeep\n|turn|7\n|\n|t:|1699714096\n|switch|p2a: Gholdengo|Gholdengo|100\/100\n|cant|p1a: Great Tusk|slp\n|\n|-weather|Sandstorm|[upkeep]\n|upkeep\n|turn|8\n|\n|t:|1699714101\n|move|p2a: Gholdengo|Psychic|p1a: Great Tusk\n|-supereffective|p1a: Great Tusk\n|-damage|p1a: Great Tusk|0 fnt\n|faint|p1a: Great Tusk\n|-end|p1a: Great Tusk|Protosynthesis|[silent]\n|\n|-weather|Sandstorm|[upkeep]\n|upkeep\n|\n|t:|1699714106\n|switch|p1a: Corviknight|Corviknight, F|100\/100\n|-ability|p1a: Corviknight|Pressure\n|turn|9\n|\n|t:|1699714118\n|switch|p2a: Jirachi|Jirachi|100\/100\n|move|p1a: Corviknight|Bulk Up|p1a: Corviknight\n|-boost|p1a: Corviknight|atk|1\n|-boost|p1a: Corviknight|def|1\n|\n|-weather|Sandstorm|[upkeep]\n|upkeep\n|turn|10\n|\n|t:|1699714130\n|move|p2a: Jirachi|Encore|p1a: Corviknight\n|-start|p1a: Corviknight|Encore\n|move|p1a: Corviknight|Bulk Up|p1a: Corviknight\n|-boost|p1a: Corviknight|atk|1\n|-boost|p1a: Corviknight|def|1\n|\n|-weather|none\n|upkeep\n|turn|11\n|-message|vils forfeited.\n|\n|win|BOX CRUSHER\n|raw|vils's rating: 1259 &rarr; <strong>1235<\/strong><br \/>(-24 for losing)\n|raw|BOX CRUSHER's rating: 1274 &rarr; <strong>1298<\/strong><br \/>(+24 for winning)\n|l|\u2606vils\n","uploadtime":1699714138,"views":20,"p1id":"vils","p2id":"boxcrusher","formatid":"gen9ou","rating":1235,"private":0,"password":""}