{"id":"gen9ou-1995955205","p1":"fuctmdk","p2":"yoSH13jR","format":"[Gen 9] OU","log":"|j|\u2606fuctmdk\n|j|\u2606yoSH13jR\n|t:|1700621664\n|gametype|singles\n|player|p1|fuctmdk|caitlin-masters|1102\n|player|p2|yoSH13jR|rocketgrunt|1019\n|teamsize|p1|6\n|teamsize|p2|6\n|gen|9\n|tier|[Gen 9] OU\n|rated|\n|rule|Sleep Clause Mod: Limit one foe put to sleep\n|rule|Species Clause: Limit one of each Pok\u00e9mon\n|rule|OHKO Clause: OHKO moves are banned\n|rule|Evasion Items Clause: Evasion items are banned\n|rule|Evasion Moves Clause: Evasion moves are banned\n|rule|Endless Battle Clause: Forcing endless battles is banned\n|rule|HP Percentage Mod: HP is shown in percentages\n|clearpoke\n|poke|p1|Fezandipiti, M|\n|poke|p1|Landorus-Therian, M|\n|poke|p1|Samurott-Hisui, M|\n|poke|p1|Iron Valiant|\n|poke|p1|Skeledirge, F|\n|poke|p1|Dragapult, F|\n|poke|p2|Cinderace, M|\n|poke|p2|Alomomola, F|\n|poke|p2|Dragonite, F|\n|poke|p2|Goodra-Hisui, M|\n|poke|p2|Torkoal, F|\n|poke|p2|Lilligant, F|\n|teampreview\n|inactive|Battle timer is ON: inactive players will automatically lose when time's up. (requested by yoSH13jR)\n|\n|t:|1700621688\n|start\n|switch|p1a: Landorus|Landorus-Therian, M|100\/100\n|switch|p2a: Dragonite|Dragonite, F|100\/100\n|-ability|p1a: Landorus|Intimidate|boost\n|-unboost|p2a: Dragonite|atk|1\n|turn|1\n|\n|t:|1700621699\n|move|p1a: Landorus|Stealth Rock|p2a: Dragonite\n|-sidestart|p2: yoSH13jR|move: Stealth Rock\n|move|p2a: Dragonite|Substitute|p2a: Dragonite\n|-start|p2a: Dragonite|Substitute\n|-damage|p2a: Dragonite|75\/100\n|\n|-heal|p2a: Dragonite|82\/100|[from] item: Leftovers\n|upkeep\n|turn|2\n|\n|t:|1700621707\n|move|p1a: Landorus|U-turn|p2a: Dragonite\n|-resisted|p2a: Dragonite\n|-crit|p2a: Dragonite\n|-activate|p2a: Dragonite|move: Substitute|[damage]\n|\n|t:|1700621714\n|switch|p1a: Fezandipiti|Fezandipiti, M|100\/100|[from] U-turn\n|move|p2a: Dragonite|Dragon Dance|p2a: Dragonite\n|-boost|p2a: Dragonite|atk|1\n|-boost|p2a: Dragonite|spe|1\n|\n|-heal|p2a: Dragonite|88\/100|[from] item: Leftovers\n|upkeep\n|turn|3\n|\n|t:|1700621727\n|switch|p2a: Torkoal|Torkoal, F|100\/100\n|-damage|p2a: Torkoal|75\/100|[from] Stealth Rock\n|-weather|SunnyDay|[from] ability: Drought|[of] p2a: Torkoal\n|move|p1a: Fezandipiti|Moonblast|p2a: Torkoal\n|-resisted|p2a: Torkoal\n|-damage|p2a: Torkoal|60\/100\n|-unboost|p2a: Torkoal|spa|1\n|\n|-weather|SunnyDay|[upkeep]\n|upkeep\n|turn|4\n|\n|t:|1700621737\n|switch|p1a: Landorus|Landorus-Therian, M|100\/100\n|-ability|p1a: Landorus|Intimidate|boost\n|-unboost|p2a: Torkoal|atk|1\n|move|p2a: Torkoal|Rapid Spin|p1a: Landorus\n|-damage|p1a: Landorus|96\/100\n|-boost|p2a: Torkoal|spe|1\n|-damage|p2a: Torkoal|43\/100|[from] item: Rocky Helmet|[of] p1a: Landorus\n|-sideend|p2: yoSH13jR|Stealth Rock|[from] move: Rapid Spin|[of] p2a: Torkoal\n|\n|-weather|SunnyDay|[upkeep]\n|upkeep\n|turn|5\n|\n|t:|1700621760\n|switch|p2a: Lilligant|Lilligant, F|100\/100\n|move|p1a: Landorus|Stealth Rock|p2a: Lilligant\n|-sidestart|p2: yoSH13jR|move: Stealth Rock\n|\n|-weather|SunnyDay|[upkeep]\n|upkeep\n|turn|6\n|\n|t:|1700621767\n|switch|p1a: Skeledirge|Skeledirge, F|100\/100\n|move|p2a: Lilligant|Quiver Dance|p2a: Lilligant\n|-boost|p2a: Lilligant|spa|1\n|-boost|p2a: Lilligant|spd|1\n|-boost|p2a: Lilligant|spe|1\n|\n|-weather|SunnyDay|[upkeep]\n|upkeep\n|turn|7\n|\n|t:|1700621775\n|-terastallize|p2a: Lilligant|Ghost\n|move|p2a: Lilligant|Tera Blast|p1a: Skeledirge|[anim] Tera Blast Ghost\n|-supereffective|p1a: Skeledirge\n|-damage|p1a: Skeledirge|30\/100\n|move|p1a: Skeledirge|Torch Song|p2a: Lilligant\n|-damage|p2a: Lilligant|53\/100\n|-boost|p1a: Skeledirge|spa|1\n|\n|-weather|SunnyDay|[upkeep]\n|-heal|p2a: Lilligant|59\/100|[from] item: Leftovers\n|upkeep\n|turn|8\n|\n|t:|1700621788\n|switch|p1a: Samurott|Samurott-Hisui, M|100\/100\n|move|p2a: Lilligant|Tera Blast|p1a: Samurott|[anim] Tera Blast Ghost\n|-resisted|p1a: Samurott\n|-damage|p1a: Samurott|62\/100\n|\n|-weather|SunnyDay|[upkeep]\n|-heal|p2a: Lilligant|65\/100|[from] item: Leftovers\n|upkeep\n|turn|9\n|\n|t:|1700621794\n|move|p1a: Samurott|Sucker Punch|p2a: Lilligant\n|-supereffective|p2a: Lilligant\n|-damage|p2a: Lilligant|0 fnt\n|faint|p2a: Lilligant\n|\n|-weather|SunnyDay|[upkeep]\n|upkeep\n|\n|t:|1700621800\n|switch|p2a: Cinderace|Cinderace, M|100\/100\n|turn|10\n|\n|t:|1700621809\n|move|p2a: Cinderace|U-turn|p1a: Samurott\n|-start|p2a: Cinderace|typechange|Bug|[from] ability: Libero\n|-supereffective|p1a: Samurott\n|-damage|p1a: Samurott|0 fnt\n|faint|p1a: Samurott\n|\n|t:|1700621816\n|switch|p2a: Torkoal|Torkoal, F|43\/100|[from] U-turn\n|-damage|p2a: Torkoal|18\/100|[from] Stealth Rock\n|\n|-weather|none\n|upkeep\n|\n|t:|1700621823\n|switch|p1a: Skeledirge|Skeledirge, F|30\/100\n|turn|11\n|\n|t:|1700621827\n|move|p1a: Skeledirge|Slack Off|p1a: Skeledirge\n|-heal|p1a: Skeledirge|80\/100\n|move|p2a: Torkoal|Yawn|p1a: Skeledirge\n|-start|p1a: Skeledirge|move: Yawn|[of] p2a: Torkoal\n|\n|upkeep\n|turn|12\n|\n|t:|1700621836\n|switch|p1a: Landorus|Landorus-Therian, M|96\/100\n|-ability|p1a: Landorus|Intimidate|boost\n|-unboost|p2a: Torkoal|atk|1\n|move|p2a: Torkoal|Rapid Spin|p1a: Landorus\n|-damage|p1a: Landorus|91\/100\n|-boost|p2a: Torkoal|spe|1\n|-damage|p2a: Torkoal|2\/100|[from] item: Rocky Helmet|[of] p1a: Landorus\n|-sideend|p2: yoSH13jR|Stealth Rock|[from] move: Rapid Spin|[of] p2a: Torkoal\n|\n|upkeep\n|turn|13\n|\n|t:|1700621843\n|switch|p2a: Alomomola|Alomomola, F|100\/100\n|move|p1a: Landorus|Stealth Rock|p2a: Alomomola\n|-sidestart|p2: yoSH13jR|move: Stealth Rock\n|\n|upkeep\n|turn|14\n|\n|t:|1700621851\n|move|p1a: Landorus|Grass Knot|p2a: Alomomola\n|-supereffective|p2a: Alomomola\n|-damage|p2a: Alomomola|68\/100\n|-enditem|p2a: Alomomola|Red Card|[of] p1a: Landorus\n|drag|p1a: Dragapult|Dragapult, F|100\/100\n|move|p2a: Alomomola|Wish|p2a: Alomomola\n|\n|upkeep\n|turn|15\n|\n|t:|1700621859\n|move|p1a: Dragapult|Will-O-Wisp|p2a: Alomomola\n|-status|p2a: Alomomola|brn\n|move|p2a: Alomomola|Flip Turn|p1a: Dragapult\n|-resisted|p1a: Dragapult\n|-damage|p1a: Dragapult|95\/100\n|\n|t:|1700621867\n|switch|p2a: Dragonite|Dragonite, F|88\/100|[from] Flip Turn\n|-damage|p2a: Dragonite|63\/100|[from] Stealth Rock\n|\n|-heal|p2a: Dragonite|100\/100|[from] move: Wish|[wisher] Alomomola\n|upkeep\n|turn|16\n|\n|t:|1700621875\n|move|p1a: Dragapult|Draco Meteor|p2a: Dragonite\n|-supereffective|p2a: Dragonite\n|-damage|p2a: Dragonite|57\/100\n|-unboost|p1a: Dragapult|spa|2\n|move|p2a: Dragonite|Substitute|p2a: Dragonite\n|-start|p2a: Dragonite|Substitute\n|-damage|p2a: Dragonite|32\/100\n|\n|-heal|p2a: Dragonite|38\/100|[from] item: Leftovers\n|upkeep\n|turn|17\n|\n|t:|1700621885\n|move|p1a: Dragapult|Draco Meteor|p2a: Dragonite\n|-supereffective|p2a: Dragonite\n|-damage|p2a: Dragonite|0 fnt\n|-unboost|p1a: Dragapult|spa|2\n|faint|p2a: Dragonite\n|\n|upkeep\n|\n|t:|1700621896\n|switch|p2a: Cinderace|Cinderace, M|100\/100\n|turn|18\n|\n|t:|1700621905\n|switch|p1a: Skeledirge|Skeledirge, F|80\/100\n|move|p2a: Cinderace|U-turn|p1a: Skeledirge\n|-start|p2a: Cinderace|typechange|Bug|[from] ability: Libero\n|-resisted|p1a: Skeledirge\n|-damage|p1a: Skeledirge|73\/100\n|\n|t:|1700621913\n|switch|p2a: Alomomola|Alomomola, F|100\/100 brn|[from] U-turn\n|-damage|p2a: Alomomola|88\/100 brn|[from] Stealth Rock\n|\n|-damage|p2a: Alomomola|82\/100 brn|[from] brn\n|upkeep\n|turn|19\n|\n|t:|1700621928\n|switch|p1a: Dragapult|Dragapult, F|95\/100\n|move|p2a: Alomomola|Scald|p1a: Dragapult\n|-resisted|p1a: Dragapult\n|-damage|p1a: Dragapult|86\/100\n|\n|-damage|p2a: Alomomola|76\/100 brn|[from] brn\n|upkeep\n|turn|20\n|\n|t:|1700621935\n|move|p1a: Dragapult|Hex|p2a: Alomomola\n|-damage|p2a: Alomomola|8\/100 brn\n|move|p2a: Alomomola|Wish|p2a: Alomomola\n|\n|-damage|p2a: Alomomola|1\/100 brn|[from] brn\n|upkeep\n|turn|21\n|\n|t:|1700621948\n|switch|p2a: Goodra|Goodra-Hisui, M|100\/100\n|-damage|p2a: Goodra|95\/100|[from] Stealth Rock\n|move|p1a: Dragapult|Will-O-Wisp|p2a: Goodra\n|-status|p2a: Goodra|brn\n|\n|-heal|p2a: Goodra|100\/100 brn|[from] move: Wish|[wisher] Alomomola\n|-damage|p2a: Goodra|95\/100 brn|[from] brn\n|upkeep\n|turn|22\n|\n|t:|1700621965\n|switch|p1a: Landorus|Landorus-Therian, M|91\/100\n|-ability|p1a: Landorus|Intimidate|boost\n|-unboost|p2a: Goodra|atk|1\n|move|p2a: Goodra|Thunderbolt|p1a: Landorus\n|-immune|p1a: Landorus\n|\n|-heal|p2a: Goodra|100\/100 brn|[from] item: Leftovers\n|-damage|p2a: Goodra|95\/100 brn|[from] brn\n|upkeep\n|turn|23\n|\n|t:|1700621974\n|move|p1a: Landorus|Earth Power|p2a: Goodra\n|-supereffective|p2a: Goodra\n|-damage|p2a: Goodra|51\/100 brn\n|move|p2a: Goodra|Draco Meteor|p1a: Landorus|[miss]\n|-miss|p2a: Goodra|p1a: Landorus\n|\n|-heal|p2a: Goodra|57\/100 brn|[from] item: Leftovers\n|-damage|p2a: Goodra|51\/100 brn|[from] brn\n|upkeep\n|turn|24\n|\n|t:|1700621981\n|move|p1a: Landorus|Earth Power|p2a: Goodra\n|-supereffective|p2a: Goodra\n|-damage|p2a: Goodra|8\/100 brn\n|-unboost|p2a: Goodra|spd|1\n|move|p2a: Goodra|Draco Meteor|p1a: Landorus\n|-damage|p1a: Landorus|13\/100\n|-unboost|p2a: Goodra|spa|2\n|\n|-heal|p2a: Goodra|14\/100 brn|[from] item: Leftovers\n|-damage|p2a: Goodra|8\/100 brn|[from] brn\n|upkeep\n|turn|25\n|\n|t:|1700621993\n|switch|p2a: Cinderace|Cinderace, M|100\/100\n|move|p1a: Landorus|Earth Power|p2a: Cinderace\n|-supereffective|p2a: Cinderace\n|-damage|p2a: Cinderace|2\/100\n|\n|upkeep\n|turn|26\n|\n|t:|1700622005\n|switch|p1a: Skeledirge|Skeledirge, F|73\/100\n|move|p2a: Cinderace|U-turn|p1a: Skeledirge\n|-start|p2a: Cinderace|typechange|Bug|[from] ability: Libero\n|-resisted|p1a: Skeledirge\n|-damage|p1a: Skeledirge|66\/100\n|\n|t:|1700622012\n|switch|p2a: Alomomola|Alomomola, F|35\/100 brn|[from] U-turn\n|-damage|p2a: Alomomola|22\/100 brn|[from] Stealth Rock\n|\n|-damage|p2a: Alomomola|16\/100 brn|[from] brn\n|upkeep\n|turn|27\n|\n|t:|1700622018\n|move|p1a: Skeledirge|Shadow Ball|p2a: Alomomola\n|-crit|p2a: Alomomola\n|-damage|p2a: Alomomola|0 fnt\n|faint|p2a: Alomomola\n|\n|upkeep\n|\n|t:|1700622024\n|switch|p2a: Cinderace|Cinderace, M|2\/100\n|turn|28\n|\n|t:|1700622029\n|move|p2a: Cinderace|Sucker Punch|p1a: Skeledirge\n|-start|p2a: Cinderace|typechange|Dark|[from] ability: Libero\n|-supereffective|p1a: Skeledirge\n|-damage|p1a: Skeledirge|10\/100\n|move|p1a: Skeledirge|Torch Song|p2a: Cinderace\n|-damage|p2a: Cinderace|0 fnt\n|-boost|p1a: Skeledirge|spa|1\n|faint|p2a: Cinderace\n|\n|upkeep\n|-message|yoSH13jR forfeited.\n|\n|win|fuctmdk\n|raw|fuctmdk's rating: 1102 &rarr; <strong>1121<\/strong><br \/>(+19 for winning)\n|raw|yoSH13jR's rating: 1019 &rarr; <strong>1009<\/strong><br \/>(-10 for losing)\n|l|\u2606yoSH13jR\n","uploadtime":1700622043,"views":3,"p1id":"fuctmdk","p2id":"yosh13jr","formatid":"gen9ou","rating":1009,"private":0,"password":""}