{"id":"gen9ou-1996964498","p1":"Nasty N","p2":"Lord Turner","format":"[Gen 9] OU","log":"|j|\u2606Nasty N\n|j|\u2606Lord Turner\n|t:|1700750345\n|gametype|singles\n|player|p1|Nasty N|n|1118\n|player|p2|Lord Turner|brendan|1212\n|teamsize|p1|6\n|teamsize|p2|6\n|gen|9\n|tier|[Gen 9] OU\n|rated|\n|rule|Sleep Clause Mod: Limit one foe put to sleep\n|rule|Species Clause: Limit one of each Pok\u00e9mon\n|rule|OHKO Clause: OHKO moves are banned\n|rule|Evasion Items Clause: Evasion items are banned\n|rule|Evasion Moves Clause: Evasion moves are banned\n|rule|Endless Battle Clause: Forcing endless battles is banned\n|rule|HP Percentage Mod: HP is shown in percentages\n|clearpoke\n|poke|p1|Gholdengo|\n|poke|p1|Greninja-*, M|\n|poke|p1|Glimmora, F|\n|poke|p1|Rillaboom, M|\n|poke|p1|Hawlucha, F|\n|poke|p1|Kingambit, M|\n|poke|p2|Dunsparce, F|\n|poke|p2|Breloom, F|\n|poke|p2|Salamence, F|\n|poke|p2|Gardevoir, F|\n|poke|p2|Torkoal, M|\n|poke|p2|Milotic, F|\n|teampreview\n|inactive|Battle timer is ON: inactive players will automatically lose when time's up. (requested by Nasty N)\n|\n|t:|1700750360\n|start\n|switch|p1a: Rillaboom|Rillaboom, M|100\/100\n|switch|p2a: Torkoal|Torkoal, M|100\/100\n|-fieldstart|move: Grassy Terrain|[from] ability: Grassy Surge|[of] p1a: Rillaboom\n|-weather|SunnyDay|[from] ability: Drought|[of] p2a: Torkoal\n|turn|1\n|\n|t:|1700750364\n|move|p1a: Rillaboom|U-turn|p2a: Torkoal\n|-resisted|p2a: Torkoal\n|-damage|p2a: Torkoal|91\/100\n|\n|t:|1700750366\n|switch|p1a: Hawlucha|Hawlucha, F|100\/100|[from] U-turn\n|-enditem|p1a: Hawlucha|Grassy Seed\n|-boost|p1a: Hawlucha|def|1|[from] item: Grassy Seed\n|move|p2a: Torkoal|Overheat|p1a: Hawlucha\n|-damage|p1a: Hawlucha|9\/100\n|-unboost|p2a: Torkoal|spa|2\n|\n|-weather|SunnyDay|[upkeep]\n|-heal|p2a: Torkoal|97\/100|[from] Grassy Terrain\n|upkeep\n|turn|2\n|\n|t:|1700750377\n|move|p1a: Hawlucha|Acrobatics|p2a: Torkoal\n|-crit|p2a: Torkoal\n|-damage|p2a: Torkoal|43\/100\n|move|p2a: Torkoal|Yawn|p1a: Hawlucha\n|-start|p1a: Hawlucha|move: Yawn|[of] p2a: Torkoal\n|\n|-weather|SunnyDay|[upkeep]\n|-heal|p2a: Torkoal|49\/100|[from] Grassy Terrain\n|upkeep\n|turn|3\n|\n|t:|1700750384\n|move|p1a: Hawlucha|Acrobatics|p2a: Torkoal\n|-damage|p2a: Torkoal|15\/100\n|move|p2a: Torkoal|Stealth Rock|p1a: Hawlucha\n|-sidestart|p1: Nasty N|move: Stealth Rock\n|\n|-weather|SunnyDay|[upkeep]\n|-heal|p2a: Torkoal|21\/100|[from] Grassy Terrain\n|-end|p1a: Hawlucha|move: Yawn|[silent]\n|-status|p1a: Hawlucha|slp\n|upkeep\n|turn|4\n|\n|t:|1700750392\n|cant|p1a: Hawlucha|slp\n|move|p2a: Torkoal|Overheat|p1a: Hawlucha\n|-damage|p1a: Hawlucha|0 fnt\n|-unboost|p2a: Torkoal|spa|2\n|faint|p1a: Hawlucha\n|\n|-weather|SunnyDay|[upkeep]\n|-heal|p2a: Torkoal|27\/100|[from] Grassy Terrain\n|upkeep\n|\n|t:|1700750395\n|switch|p1a: Glimmora|Glimmora, F|100\/100\n|-damage|p1a: Glimmora|88\/100|[from] Stealth Rock\n|turn|5\n|\n|t:|1700750402\n|switch|p2a: Milotic|Milotic, F|100\/100\n|move|p1a: Glimmora|Stealth Rock|p2a: Milotic\n|-sidestart|p2: Lord Turner|move: Stealth Rock\n|\n|-weather|none\n|-heal|p1a: Glimmora|94\/100|[from] Grassy Terrain\n|-status|p2a: Milotic|brn|[from] item: Flame Orb\n|upkeep\n|turn|6\n|\n|t:|1700750407\n|move|p1a: Glimmora|Energy Ball|p2a: Milotic\n|-supereffective|p2a: Milotic\n|-damage|p2a: Milotic|55\/100 brn\n|move|p2a: Milotic|Scald|p1a: Glimmora\n|-supereffective|p1a: Glimmora\n|-crit|p1a: Glimmora\n|-damage|p1a: Glimmora|0 fnt\n|faint|p1a: Glimmora\n|\n|-heal|p2a: Milotic|61\/100 brn|[from] Grassy Terrain\n|-damage|p2a: Milotic|55\/100 brn|[from] brn\n|upkeep\n|\n|t:|1700750411\n|switch|p1a: Rillaboom|Rillaboom, M|100\/100\n|-damage|p1a: Rillaboom|88\/100|[from] Stealth Rock\n|turn|7\n|\n|t:|1700750420\n|move|p1a: Rillaboom|Drum Beating|p2a: Milotic\n|-supereffective|p2a: Milotic\n|-damage|p2a: Milotic|0 fnt\n|faint|p2a: Milotic\n|\n|-heal|p1a: Rillaboom|94\/100|[from] Grassy Terrain\n|upkeep\n|\n|t:|1700750424\n|switch|p2a: Torkoal|Torkoal, M|27\/100\n|-weather|SunnyDay|[from] ability: Drought|[of] p2a: Torkoal\n|turn|8\n|\n|t:|1700750434\n|move|p1a: Rillaboom|Knock Off|p2a: Torkoal\n|-damage|p2a: Torkoal|0 fnt\n|-enditem|p2a: Torkoal|Heavy-Duty Boots|[from] move: Knock Off|[of] p1a: Rillaboom\n|faint|p2a: Torkoal\n|\n|-weather|SunnyDay|[upkeep]\n|-heal|p1a: Rillaboom|99\/100|[from] Grassy Terrain\n|-fieldend|move: Grassy Terrain\n|upkeep\n|\n|t:|1700750441\n|switch|p2a: Gardevoir|Gardevoir, F, shiny|100\/100\n|-damage|p2a: Gardevoir|88\/100|[from] Stealth Rock\n|-fieldstart|move: Grassy Terrain|[from] ability: Grassy Surge|[of] p2a: Gardevoir\n|-ability|p2a: Gardevoir|Grassy Surge|[from] ability: Trace|[of] p1a: Rillaboom\n|turn|9\n|\n|t:|1700750448\n|move|p2a: Gardevoir|Mystical Fire|p1a: Rillaboom\n|-supereffective|p1a: Rillaboom\n|-damage|p1a: Rillaboom|6\/100\n|-unboost|p1a: Rillaboom|spa|1\n|move|p1a: Rillaboom|Drum Beating|p2a: Gardevoir\n|-damage|p2a: Gardevoir|0 fnt\n|faint|p2a: Gardevoir\n|\n|-weather|SunnyDay|[upkeep]\n|-heal|p1a: Rillaboom|12\/100|[from] Grassy Terrain\n|upkeep\n|\n|t:|1700750452\n|switch|p2a: Breloom|Breloom, F|100\/100\n|-damage|p2a: Breloom|94\/100|[from] Stealth Rock\n|turn|10\n|\n|t:|1700750459\n|switch|p1a: Gholdengo|Gholdengo|100\/100\n|-damage|p1a: Gholdengo|94\/100|[from] Stealth Rock\n|move|p2a: Breloom|Mach Punch|p1a: Gholdengo\n|-immune|p1a: Gholdengo\n|\n|-weather|SunnyDay|[upkeep]\n|-heal|p1a: Gholdengo|100\/100|[from] Grassy Terrain\n|-heal|p2a: Breloom|100\/100|[from] Grassy Terrain\n|upkeep\n|turn|11\n|\n|t:|1700750465\n|-terastallize|p2a: Breloom|Fire\n|move|p1a: Gholdengo|Make It Rain|p2a: Breloom\n|-resisted|p2a: Breloom\n|-damage|p2a: Breloom|34\/100\n|-unboost|p1a: Gholdengo|spa|1\n|move|p2a: Breloom|Tera Blast|p1a: Gholdengo|[anim] Tera Blast Fire\n|-supereffective|p1a: Gholdengo\n|-damage|p1a: Gholdengo|0 fnt\n|faint|p1a: Gholdengo\n|\n|-weather|SunnyDay|[upkeep]\n|-heal|p2a: Breloom|40\/100|[from] Grassy Terrain\n|upkeep\n|\n|t:|1700750471\n|switch|p1a: Rillaboom|Rillaboom, M|12\/100\n|-damage|p1a: Rillaboom|0 fnt|[from] Stealth Rock\n|faint|p1a: Rillaboom\n|\n|t:|1700750479\n|switch|p1a: Greninja|Greninja, M|100\/100\n|-damage|p1a: Greninja|88\/100|[from] Stealth Rock\n|turn|12\n|\n|t:|1700750485\n|-terastallize|p1a: Greninja|Water\n|move|p2a: Breloom|Mach Punch|p1a: Greninja\n|-damage|p1a: Greninja|21\/100\n|move|p1a: Greninja|Gunk Shot|p2a: Breloom\n|-damage|p2a: Breloom|0 fnt\n|faint|p2a: Breloom\n|-ability|p1a: Greninja|Battle Bond|boost\n|-boost|p1a: Greninja|atk|1\n|-boost|p1a: Greninja|spa|1\n|-boost|p1a: Greninja|spe|1\n|-activate|p1a: Greninja|ability: Battle Bond\n|\n|-weather|none\n|-heal|p1a: Greninja|27\/100|[from] Grassy Terrain\n|upkeep\n|\n|t:|1700750493\n|switch|p2a: Dunsparce|Dunsparce, F|100\/100\n|-damage|p2a: Dunsparce|88\/100|[from] Stealth Rock\n|turn|13\n|\n|t:|1700750501\n|move|p1a: Greninja|Water Shuriken|p2a: Dunsparce\n|-damage|p2a: Dunsparce|78\/100\n|-damage|p2a: Dunsparce|68\/100\n|-damage|p2a: Dunsparce|59\/100\n|-damage|p2a: Dunsparce|50\/100\n|-hitcount|p2a: Dunsparce|4\n|move|p2a: Dunsparce|Body Slam|p1a: Greninja\n|-damage|p1a: Greninja|0 fnt\n|faint|p1a: Greninja\n|\n|-heal|p2a: Dunsparce|56\/100|[from] Grassy Terrain\n|-fieldend|move: Grassy Terrain\n|upkeep\n|\n|t:|1700750504\n|switch|p1a: Kingambit|Kingambit, M|100\/100\n|-activate|p1a: Kingambit|ability: Supreme Overlord\n|-start|p1a: Kingambit|fallen5|[silent]\n|turn|14\n|\n|t:|1700750507\n|move|p1a: Kingambit|Swords Dance|p1a: Kingambit\n|-boost|p1a: Kingambit|atk|2\n|move|p2a: Dunsparce|Roost|p2a: Dunsparce\n|-heal|p2a: Dunsparce|100\/100\n|-singleturn|p2a: Dunsparce|move: Roost\n|\n|upkeep\n|turn|15\n|\n|t:|1700750513\n|move|p1a: Kingambit|Kowtow Cleave|p2a: Dunsparce\n|-damage|p2a: Dunsparce|0 fnt\n|faint|p2a: Dunsparce\n|\n|upkeep\n|\n|t:|1700750516\n|switch|p2a: Salamence|Salamence, F|100\/100\n|-damage|p2a: Salamence|76\/100|[from] Stealth Rock\n|turn|16\n|\n|t:|1700750518\n|move|p1a: Kingambit|Sucker Punch|p2a: Salamence\n|-damage|p2a: Salamence|0 fnt\n|faint|p2a: Salamence\n|\n|win|Nasty N\n|raw|Nasty N's rating: 1118 &rarr; <strong>1150<\/strong><br \/>(+32 for winning)\n|raw|Lord Turner's rating: 1212 &rarr; <strong>1180<\/strong><br \/>(-32 for losing)\n","uploadtime":1700750521,"views":0,"p1id":"nastyn","p2id":"lordturner","formatid":"gen9ou","rating":1150,"private":0,"password":""}