{"id":"gen9ou-1989110242","p1":"Violet Mask","p2":"Zwanito","format":"[Gen 9] OU","log":"|j|\u2606Violet Mask\n|j|\u2606Zwanito\n|t:|1699813299\n|gametype|singles\n|player|p1|Violet Mask|lucian|1397\n|player|p2|Zwanito|unknown|1406\n|teamsize|p1|6\n|teamsize|p2|6\n|gen|9\n|tier|[Gen 9] OU\n|rated|\n|rule|Sleep Clause Mod: Limit one foe put to sleep\n|rule|Species Clause: Limit one of each Pok\u00e9mon\n|rule|OHKO Clause: OHKO moves are banned\n|rule|Evasion Items Clause: Evasion items are banned\n|rule|Evasion Moves Clause: Evasion moves are banned\n|rule|Endless Battle Clause: Forcing endless battles is banned\n|rule|HP Percentage Mod: HP is shown in percentages\n|clearpoke\n|poke|p1|Toxapex, F|\n|poke|p1|Garchomp, M|\n|poke|p1|Heatran, M|\n|poke|p1|Mandibuzz, F|\n|poke|p1|Zamazenta-*|\n|poke|p1|Hoopa-Unbound|\n|poke|p2|Kingambit, F|\n|poke|p2|Enamorus, F|\n|poke|p2|Gholdengo|\n|poke|p2|Ogerpon-Wellspring, F|\n|poke|p2|Cinderace, F|\n|poke|p2|Glimmora, M|\n|teampreview\n|inactive|Battle timer is ON: inactive players will automatically lose when time's up. (requested by Violet Mask)\n|\n|t:|1699813312\n|start\n|switch|p1a: Quacker|Garchomp, M|100\/100\n|switch|p2a: Glimmora|Glimmora, M|100\/100\n|turn|1\n|\n|t:|1699813323\n|switch|p2a: Enamorus|Enamorus, F|100\/100\n|move|p1a: Quacker|Earthquake|p2a: Enamorus\n|-immune|p2a: Enamorus\n|\n|upkeep\n|turn|2\n|\n|t:|1699813339\n|switch|p1a: Toxapex|Toxapex, F|100\/100\n|move|p2a: Enamorus|Moonblast|p1a: Toxapex\n|-resisted|p1a: Toxapex\n|-crit|p1a: Toxapex\n|-damage|p1a: Toxapex|68\/100\n|-unboost|p1a: Toxapex|spa|1\n|\n|upkeep\n|turn|3\n|\n|t:|1699813351\n|switch|p2a: Gholdengo|Gholdengo|100\/100\n|-item|p2a: Gholdengo|Air Balloon\n|move|p1a: Toxapex|Toxic|p2a: Gholdengo\n|-immune|p2a: Gholdengo|[from] ability: Good as Gold\n|\n|upkeep\n|turn|4\n|\n|t:|1699813359\n|switch|p1a: Hoopa|Hoopa-Unbound|100\/100\n|move|p2a: Gholdengo|Make It Rain|p1a: Hoopa\n|-damage|p1a: Hoopa|51\/100\n|-unboost|p2a: Gholdengo|spa|1\n|\n|upkeep\n|turn|5\n|\n|t:|1699813380\n|switch|p2a: Kingambit|Kingambit, F|100\/100\n|move|p1a: Hoopa|Knock Off|p2a: Kingambit\n|-resisted|p2a: Kingambit\n|-damage|p2a: Kingambit|67\/100\n|-enditem|p2a: Kingambit|Assault Vest|[from] move: Knock Off|[of] p1a: Hoopa\n|\n|upkeep\n|turn|6\n|inactive|Zwanito has 120 seconds left.\n|\n|t:|1699813412\n|switch|p1a: Mandibuzz|Mandibuzz, F|100\/100\n|move|p2a: Kingambit|Sucker Punch||[still]\n|-fail|p2a: Kingambit\n|\n|upkeep\n|turn|7\n|\n|t:|1699813420\n|-end|p2a: Kingambit|fallenundefined|[silent]\n|switch|p2a: Glimmora|Glimmora, M|100\/100\n|move|p1a: Mandibuzz|Foul Play|p2a: Glimmora\n|-damage|p2a: Glimmora|78\/100\n|-activate|p2a: Glimmora|ability: Toxic Debris\n|-sidestart|p1: Violet Mask|move: Toxic Spikes\n|\n|upkeep\n|turn|8\n|\n|t:|1699813426\n|switch|p1a: Quacker|Garchomp, M|100\/100\n|-status|p1a: Quacker|psn\n|move|p2a: Glimmora|Mortal Spin|p1a: Quacker\n|-resisted|p1a: Quacker\n|-damage|p1a: Quacker|98\/100 psn\n|-damage|p2a: Glimmora|66\/100|[from] ability: Rough Skin|[of] p1a: Quacker\n|\n|-damage|p1a: Quacker|86\/100 psn|[from] psn\n|upkeep\n|turn|9\n|\n|t:|1699813439\n|-terastallize|p1a: Quacker|Ice\n|move|p1a: Quacker|Tera Blast|p2a: Glimmora|[anim] Tera Blast Ice\n|-damage|p2a: Glimmora|12\/100\n|-activate|p2a: Glimmora|ability: Toxic Debris\n|-sidestart|p1: Violet Mask|move: Toxic Spikes\n|move|p2a: Glimmora|Stealth Rock|p1a: Quacker\n|-sidestart|p1: Violet Mask|move: Stealth Rock\n|\n|-damage|p1a: Quacker|73\/100 psn|[from] psn\n|upkeep\n|turn|10\n|\n|t:|1699813451\n|switch|p2a: Cinderace|Cinderace, F|100\/100\n|move|p1a: Quacker|Scale Shot|p2a: Cinderace\n|-damage|p2a: Cinderace|81\/100\n|-damage|p2a: Cinderace|60\/100\n|-damage|p2a: Cinderace|39\/100\n|-damage|p2a: Cinderace|20\/100\n|-damage|p2a: Cinderace|0 fnt\n|faint|p2a: Cinderace\n|-hitcount|p2: Cinderace|5\n|-unboost|p1a: Quacker|def|1\n|-boost|p1a: Quacker|spe|1\n|\n|-damage|p1a: Quacker|61\/100 psn|[from] psn\n|upkeep\n|\n|t:|1699813460\n|switch|p2a: Kingambit|Kingambit, F|67\/100\n|-activate|p2a: Kingambit|ability: Supreme Overlord\n|-start|p2a: Kingambit|fallen1|[silent]\n|turn|11\n|\n|t:|1699813464\n|switch|p1a: Mandibuzz|Mandibuzz, F|100\/100\n|move|p2a: Kingambit|Sucker Punch||[still]\n|-fail|p2a: Kingambit\n|\n|upkeep\n|turn|12\n|\n|t:|1699813470\n|-end|p2a: Kingambit|fallen1|[silent]\n|switch|p2a: Enamorus|Enamorus, F|100\/100\n|move|p1a: Mandibuzz|Foul Play|p2a: Enamorus\n|-resisted|p2a: Enamorus\n|-crit|p2a: Enamorus\n|-damage|p2a: Enamorus|62\/100\n|\n|upkeep\n|turn|13\n|\n|t:|1699813476\n|switch|p1a: Toxapex|Toxapex, F|100\/100\n|-sideend|p1: Violet Mask|move: Toxic Spikes|[of] p1a: Toxapex\n|-damage|p1a: Toxapex|88\/100|[from] Stealth Rock\n|move|p2a: Enamorus|Moonblast|p1a: Toxapex\n|-resisted|p1a: Toxapex\n|-damage|p1a: Toxapex|67\/100\n|\n|upkeep\n|turn|14\n|\n|t:|1699813486\n|switch|p2a: Glimmora|Glimmora, M|12\/100\n|move|p1a: Toxapex|Surf|p2a: Glimmora\n|-supereffective|p2a: Glimmora\n|-damage|p2a: Glimmora|0 fnt\n|faint|p2a: Glimmora\n|\n|upkeep\n|\n|t:|1699813491\n|switch|p2a: Gholdengo|Gholdengo|100\/100\n|-item|p2a: Gholdengo|Air Balloon\n|turn|15\n|\n|t:|1699813496\n|move|p2a: Gholdengo|Nasty Plot|p2a: Gholdengo\n|-boost|p2a: Gholdengo|spa|2\n|move|p1a: Toxapex|Surf|p2a: Gholdengo\n|-crit|p2a: Gholdengo\n|-damage|p2a: Gholdengo|72\/100\n|-enditem|p2a: Gholdengo|Air Balloon\n|\n|upkeep\n|turn|16\n|\n|t:|1699813500\n|switch|p1a: Hoopa|Hoopa-Unbound|51\/100\n|-damage|p1a: Hoopa|38\/100|[from] Stealth Rock\n|move|p2a: Gholdengo|Make It Rain|p1a: Hoopa\n|-damage|p1a: Hoopa|0 fnt\n|-unboost|p2a: Gholdengo|spa|1\n|faint|p1a: Hoopa\n|\n|upkeep\n|\n|t:|1699813505\n|switch|p1a: Quacker|Garchomp, M, tera:Ice|61\/100 psn\n|-damage|p1a: Quacker|36\/100 psn|[from] Stealth Rock\n|turn|17\n|\n|t:|1699813515\n|switch|p2a: Ogerpon|Ogerpon-Wellspring, F|100\/100\n|move|p1a: Quacker|Tera Blast|p2a: Ogerpon|[anim] Tera Blast Ice\n|-damage|p2a: Ogerpon|44\/100\n|\n|-damage|p1a: Quacker|24\/100 psn|[from] psn\n|upkeep\n|turn|18\n|\n|t:|1699813520\n|move|p2a: Ogerpon|Ivy Cudgel|p1a: Quacker\n|-damage|p1a: Quacker|0 fnt\n|faint|p1a: Quacker\n|\n|upkeep\n|\n|t:|1699813524\n|switch|p1a: Zamazenta|Zamazenta|100\/100\n|-damage|p1a: Zamazenta|94\/100|[from] Stealth Rock\n|-ability|p1a: Zamazenta|Dauntless Shield|boost\n|-boost|p1a: Zamazenta|def|1\n|turn|19\n|\n|t:|1699813544\n|switch|p2a: Gholdengo|Gholdengo|72\/100\n|move|p1a: Zamazenta|Body Press|p2a: Gholdengo\n|-immune|p2a: Gholdengo\n|\n|-heal|p1a: Zamazenta|100\/100|[from] item: Leftovers\n|upkeep\n|turn|20\n|\n|t:|1699813551\n|move|p1a: Zamazenta|Crunch|p2a: Gholdengo\n|-supereffective|p2a: Gholdengo\n|-damage|p2a: Gholdengo|41\/100\n|-unboost|p2a: Gholdengo|def|1\n|move|p2a: Gholdengo|Shadow Ball|p1a: Zamazenta\n|-damage|p1a: Zamazenta|70\/100\n|\n|-heal|p1a: Zamazenta|77\/100|[from] item: Leftovers\n|upkeep\n|turn|21\n|\n|t:|1699813557\n|switch|p2a: Enamorus|Enamorus, F|62\/100\n|move|p1a: Zamazenta|Crunch|p2a: Enamorus\n|-resisted|p2a: Enamorus\n|-damage|p2a: Enamorus|46\/100\n|\n|-heal|p1a: Zamazenta|83\/100|[from] item: Leftovers\n|upkeep\n|turn|22\n|\n|t:|1699813562\n|switch|p1a: Heatran|Heatran, M|100\/100\n|-damage|p1a: Heatran|88\/100|[from] Stealth Rock\n|move|p2a: Enamorus|Moonblast|p1a: Heatran\n|-resisted|p1a: Heatran\n|-damage|p1a: Heatran|80\/100\n|\n|-heal|p1a: Heatran|87\/100|[from] item: Leftovers\n|upkeep\n|turn|23\n|\n|t:|1699813574\n|switch|p2a: Kingambit|Kingambit, F|67\/100\n|-activate|p2a: Kingambit|ability: Supreme Overlord\n|-start|p2a: Kingambit|fallen2|[silent]\n|move|p1a: Heatran|Magma Storm|p2a: Kingambit\n|-supereffective|p2a: Kingambit\n|-damage|p2a: Kingambit|0 fnt\n|faint|p2a: Kingambit\n|-end|p2a: Kingambit|fallen2|[silent]\n|\n|-heal|p1a: Heatran|93\/100|[from] item: Leftovers\n|upkeep\n|\n|t:|1699813577\n|switch|p2a: Ogerpon|Ogerpon-Wellspring, F|44\/100\n|turn|24\n|\n|t:|1699813582\n|move|p1a: Heatran|Protect|p1a: Heatran\n|-singleturn|p1a: Heatran|Protect\n|move|p2a: Ogerpon|Ivy Cudgel|p1a: Heatran\n|-activate|p1a: Heatran|move: Protect\n|\n|-heal|p1a: Heatran|99\/100|[from] item: Leftovers\n|upkeep\n|turn|25\n|\n|t:|1699813588\n|switch|p1a: Mandibuzz|Mandibuzz, F|100\/100\n|move|p2a: Ogerpon|Ivy Cudgel|p1a: Mandibuzz\n|-damage|p1a: Mandibuzz|67\/100\n|\n|upkeep\n|turn|26\n|\n|t:|1699813594\n|switch|p2a: Enamorus|Enamorus, F|46\/100\n|move|p1a: Mandibuzz|Foul Play|p2a: Enamorus\n|-resisted|p2a: Enamorus\n|-damage|p2a: Enamorus|21\/100\n|\n|upkeep\n|turn|27\n|\n|t:|1699813603\n|switch|p1a: Toxapex|Toxapex, F|99\/100\n|-damage|p1a: Toxapex|87\/100|[from] Stealth Rock\n|move|p2a: Enamorus|Healing Wish|p2a: Enamorus\n|faint|p2a: Enamorus\n|\n|upkeep\n|\n|t:|1699813605\n|switch|p2a: Ogerpon|Ogerpon-Wellspring, F|44\/100\n|-heal|p2a: Ogerpon|100\/100|[from] move: Healing Wish\n|turn|28\n|\n|t:|1699813617\n|-terastallize|p2a: Ogerpon|Water\n|detailschange|p2a: Ogerpon|Ogerpon-Wellspring-Tera, F, tera:Water\n|-ability|p2a: Ogerpon|Embody Aspect (Wellspring)|boost\n|-boost|p2a: Ogerpon|spd|1\n|move|p2a: Ogerpon|Swords Dance|p2a: Ogerpon\n|-boost|p2a: Ogerpon|atk|2\n|move|p1a: Toxapex|Toxic|p2a: Ogerpon\n|-status|p2a: Ogerpon|tox\n|\n|-damage|p2a: Ogerpon|95\/100 tox|[from] psn\n|upkeep\n|turn|29\n|\n|t:|1699813621\n|move|p2a: Ogerpon|Encore|p1a: Toxapex\n|-start|p1a: Toxapex|Encore\n|move|p1a: Toxapex|Toxic|p2a: Ogerpon\n|-fail|p2a: Ogerpon|tox\n|\n|-damage|p2a: Ogerpon|83\/100 tox|[from] psn\n|upkeep\n|turn|30\n|\n|t:|1699813633\n|move|p2a: Ogerpon|Power Whip|p1a: Toxapex\n|-damage|p1a: Toxapex|0 fnt\n|faint|p1a: Toxapex\n|\n|-damage|p2a: Ogerpon|65\/100 tox|[from] psn\n|upkeep\n|\n|t:|1699813636\n|switch|p1a: Heatran|Heatran, M|99\/100\n|-damage|p1a: Heatran|87\/100|[from] Stealth Rock\n|turn|31\n|\n|t:|1699813640\n|move|p1a: Heatran|Protect|p1a: Heatran\n|-singleturn|p1a: Heatran|Protect\n|move|p2a: Ogerpon|Ivy Cudgel|p1a: Heatran\n|-activate|p1a: Heatran|move: Protect\n|\n|-heal|p1a: Heatran|93\/100|[from] item: Leftovers\n|-damage|p2a: Ogerpon|41\/100 tox|[from] psn\n|upkeep\n|turn|32\n|\n|t:|1699813646\n|switch|p1a: Mandibuzz|Mandibuzz, F|67\/100\n|move|p2a: Ogerpon|Ivy Cudgel|p1a: Mandibuzz\n|-crit|p1a: Mandibuzz\n|-damage|p1a: Mandibuzz|0 fnt\n|faint|p1a: Mandibuzz\n|\n|-damage|p2a: Ogerpon|11\/100 tox|[from] psn\n|upkeep\n|\n|t:|1699813648\n|switch|p1a: Heatran|Heatran, M|93\/100\n|-damage|p1a: Heatran|80\/100|[from] Stealth Rock\n|turn|33\n|\n|t:|1699813652\n|switch|p2a: Gholdengo|Gholdengo|41\/100\n|move|p1a: Heatran|Protect||[still]\n|-fail|p1a: Heatran\n|\n|-heal|p1a: Heatran|87\/100|[from] item: Leftovers\n|upkeep\n|turn|34\n|\n|t:|1699813656\n|move|p2a: Gholdengo|Recover|p2a: Gholdengo\n|-heal|p2a: Gholdengo|91\/100\n|move|p1a: Heatran|Magma Storm|p2a: Gholdengo\n|-supereffective|p2a: Gholdengo\n|-damage|p2a: Gholdengo|4\/100\n|-activate|p2a: Gholdengo|move: Magma Storm|[of] p1a: Heatran\n|\n|-heal|p1a: Heatran|93\/100|[from] item: Leftovers\n|-damage|p2a: Gholdengo|0 fnt|[from] move: Magma Storm|[partiallytrapped]\n|faint|p2a: Gholdengo\n|upkeep\n|-message|Zwanito forfeited.\n|\n|win|Violet Mask\n|raw|Violet Mask's rating: 1397 &rarr; <strong>1418<\/strong><br \/>(+21 for winning)\n|raw|Zwanito's rating: 1406 &rarr; <strong>1385<\/strong><br \/>(-21 for losing)\n|l|\u2606Zwanito\n","uploadtime":1699813668,"views":11,"p1id":"violetmask","p2id":"zwanito","formatid":"gen9ou","rating":1385,"private":0,"password":""}