{"id":"gen9ou-1999620329","p1":"Diatere","p2":"Contrary Servine","format":"[Gen 9] OU","log":"|j|\u2606Diatere\n|j|\u2606Contrary Servine\n|t:|1701101876\n|gametype|singles\n|player|p1|Diatere|mina|1447\n|player|p2|Contrary Servine|pokemaniac|1540\n|teamsize|p1|6\n|teamsize|p2|6\n|gen|9\n|tier|[Gen 9] OU\n|rated|\n|rule|Sleep Clause Mod: Limit one foe put to sleep\n|rule|Species Clause: Limit one of each Pok\u00e9mon\n|rule|OHKO Clause: OHKO moves are banned\n|rule|Evasion Items Clause: Evasion items are banned\n|rule|Evasion Moves Clause: Evasion moves are banned\n|rule|Endless Battle Clause: Forcing endless battles is banned\n|rule|HP Percentage Mod: HP is shown in percentages\n|clearpoke\n|poke|p1|Ninetales-Alola, M|\n|poke|p1|Hatterene, F|\n|poke|p1|Manaphy|\n|poke|p1|Ogerpon-Cornerstone, F|\n|poke|p1|Rillaboom, M|\n|poke|p1|Iron Valiant|\n|poke|p2|Cinderace, M|\n|poke|p2|Iron Valiant|\n|poke|p2|Empoleon, M|\n|poke|p2|Rillaboom, M|\n|poke|p2|Clodsire, M|\n|poke|p2|Appletun, M|\n|teampreview\n|inactive|Battle timer is ON: inactive players will automatically lose when time's up. (requested by Contrary Servine)\n|\n|t:|1701101900\n|start\n|switch|p1a: Tavros|Ninetales-Alola, M|100\/100\n|switch|p2a: Cinderace|Cinderace, M|100\/100\n|-weather|Snow|[from] ability: Snow Warning|[of] p1a: Tavros\n|turn|1\n|\n|t:|1701101915\n|switch|p1a: Gamzee|Rillaboom, M|100\/100\n|-fieldstart|move: Grassy Terrain|[from] ability: Grassy Surge|[of] p1a: Gamzee\n|move|p2a: Cinderace|Pyro Ball|p1a: Gamzee\n|-supereffective|p1a: Gamzee\n|-damage|p1a: Gamzee|0 fnt\n|faint|p1a: Gamzee\n|\n|-weather|Snow|[upkeep]\n|upkeep\n|\n|t:|1701101927\n|switch|p1a: Kanaya|Hatterene, F|100\/100\n|-enditem|p1a: Kanaya|Grassy Seed\n|-boost|p1a: Kanaya|def|1|[from] item: Grassy Seed\n|turn|2\n|inactive|Contrary Servine has 120 seconds left.\n|\n|t:|1701101986\n|move|p2a: Cinderace|Pyro Ball|p1a: Kanaya\n|-damage|p1a: Kanaya|69\/100\n|move|p1a: Kanaya|Calm Mind|p1a: Kanaya\n|-boost|p1a: Kanaya|spa|1\n|-boost|p1a: Kanaya|spd|1\n|\n|-weather|Snow|[upkeep]\n|-heal|p1a: Kanaya|75\/100|[from] Grassy Terrain\n|upkeep\n|turn|3\n|inactive|Contrary Servine has 90 seconds left.\n|\n|t:|1701102008\n|move|p2a: Cinderace|Pyro Ball|p1a: Kanaya\n|-damage|p1a: Kanaya|41\/100\n|move|p1a: Kanaya|Calm Mind|p1a: Kanaya\n|-boost|p1a: Kanaya|spa|1\n|-boost|p1a: Kanaya|spd|1\n|\n|-weather|Snow|[upkeep]\n|-heal|p1a: Kanaya|47\/100|[from] Grassy Terrain\n|upkeep\n|turn|4\n|\n|t:|1701102015\n|-terastallize|p1a: Kanaya|Water\n|move|p2a: Cinderace|Pyro Ball|p1a: Kanaya|[miss]\n|-miss|p2a: Cinderace|p1a: Kanaya\n|move|p1a: Kanaya|Psyshock|p2a: Cinderace\n|-damage|p2a: Cinderace|0 fnt\n|faint|p2a: Cinderace\n|\n|-weather|Snow|[upkeep]\n|-heal|p1a: Kanaya|53\/100|[from] Grassy Terrain\n|upkeep\n|\n|t:|1701102024\n|switch|p2a: Rillaboom|Rillaboom, M|100\/100\n|turn|5\n|\n|t:|1701102033\n|move|p2a: Rillaboom|Wood Hammer|p1a: Kanaya\n|-supereffective|p1a: Kanaya\n|-damage|p1a: Kanaya|0 fnt\n|faint|p1a: Kanaya\n|-damage|p2a: Rillaboom|86\/100|[from] Recoil\n|\n|-weather|none\n|-heal|p2a: Rillaboom|92\/100|[from] Grassy Terrain\n|-fieldend|move: Grassy Terrain\n|upkeep\n|\n|t:|1701102037\n|switch|p1a: Tavros|Ninetales-Alola, M|100\/100\n|-weather|Snow|[from] ability: Snow Warning|[of] p1a: Tavros\n|turn|6\n|\n|t:|1701102044\n|switch|p2a: Empoleon|Empoleon, M|100\/100\n|move|p1a: Tavros|Aurora Veil|p1a: Tavros\n|-sidestart|p1: Diatere|move: Aurora Veil\n|\n|-weather|Snow|[upkeep]\n|upkeep\n|turn|7\n|inactive|Contrary Servine has 120 seconds left.\n|\n|t:|1701102052\n|switch|p1a: Karkat|Manaphy|100\/100\n|move|p2a: Empoleon|Knock Off|p1a: Karkat\n|-damage|p1a: Karkat|92\/100\n|-enditem|p1a: Karkat|Leftovers|[from] move: Knock Off|[of] p2a: Empoleon\n|\n|-weather|Snow|[upkeep]\n|upkeep\n|turn|8\n|inactive|Contrary Servine has 120 seconds left.\n|\n|t:|1701102066\n|move|p1a: Karkat|Acid Armor|p1a: Karkat\n|-boost|p1a: Karkat|def|2\n|move|p2a: Empoleon|Flip Turn|p1a: Karkat\n|-resisted|p1a: Karkat\n|-damage|p1a: Karkat|90\/100\n|inactive|Contrary Servine has 120 seconds left.\n|\n|t:|1701102083\n|switch|p2a: Iron Valiant|Iron Valiant|100\/100|[from] Flip Turn\n|-enditem|p2a: Iron Valiant|Booster Energy\n|-activate|p2a: Iron Valiant|ability: Quark Drive|[fromitem]\n|-start|p2a: Iron Valiant|quarkdrivespe\n|\n|-weather|Snow|[upkeep]\n|upkeep\n|turn|9\n|\n|t:|1701102102\n|move|p2a: Iron Valiant|Encore|p1a: Karkat\n|-start|p1a: Karkat|Encore\n|move|p1a: Karkat|Acid Armor|p1a: Karkat\n|-boost|p1a: Karkat|def|2\n|\n|-weather|Snow|[upkeep]\n|upkeep\n|turn|10\n|inactive|Contrary Servine has 120 seconds left.\n|\n|t:|1701102111\n|switch|p1a: Terezi|Ogerpon-Cornerstone, F|100\/100\n|move|p2a: Iron Valiant|Calm Mind|p2a: Iron Valiant\n|-boost|p2a: Iron Valiant|spa|1\n|-boost|p2a: Iron Valiant|spd|1\n|\n|-weather|none\n|upkeep\n|turn|11\n|\n|t:|1701102118\n|move|p2a: Iron Valiant|Moonblast|p1a: Terezi\n|-damage|p1a: Terezi|56\/100\n|move|p1a: Terezi|Ivy Cudgel|p2a: Iron Valiant|[anim] Ivy Cudgel Rock\n|-resisted|p2a: Iron Valiant\n|-damage|p2a: Iron Valiant|64\/100\n|\n|upkeep\n|turn|12\n|\n|t:|1701102127\n|move|p2a: Iron Valiant|Moonblast|p1a: Terezi\n|-damage|p1a: Terezi|15\/100\n|-unboost|p1a: Terezi|spa|1\n|move|p1a: Terezi|Power Whip|p2a: Iron Valiant|[miss]\n|-miss|p1a: Terezi|p2a: Iron Valiant\n|\n|upkeep\n|turn|13\n|\n|t:|1701102134\n|move|p2a: Iron Valiant|Moonblast|p1a: Terezi\n|-damage|p1a: Terezi|0 fnt\n|faint|p1a: Terezi\n|\n|-sideend|p1: Diatere|move: Aurora Veil\n|upkeep\n|\n|t:|1701102137\n|switch|p1a: Vriska|Iron Valiant|100\/100\n|-enditem|p1a: Vriska|Booster Energy\n|-activate|p1a: Vriska|ability: Quark Drive|[fromitem]\n|-start|p1a: Vriska|quarkdrivespe\n|turn|14\n|\n|t:|1701102149\n|move|p1a: Vriska|Moonblast|p2a: Iron Valiant\n|-supereffective|p2a: Iron Valiant\n|-damage|p2a: Iron Valiant|0 fnt\n|faint|p2a: Iron Valiant\n|-end|p2a: Iron Valiant|Quark Drive|[silent]\n|\n|upkeep\n|\n|t:|1701102154\n|switch|p2a: Clodsire|Clodsire, M|100\/100\n|turn|15\n|c|\u2606Diatere|speed ties suck. until i win one. then they're good game design\n|\n|t:|1701102170\n|move|p1a: Vriska|Psyshock|p2a: Clodsire\n|-supereffective|p2a: Clodsire\n|-damage|p2a: Clodsire|37\/100\n|move|p2a: Clodsire|Toxic|p1a: Vriska\n|-status|p1a: Vriska|tox\n|\n|-heal|p2a: Clodsire|43\/100|[from] item: Leftovers\n|-damage|p1a: Vriska|94\/100 tox|[from] psn\n|upkeep\n|turn|16\n|\n|t:|1701102179\n|switch|p2a: Empoleon|Empoleon, M|100\/100\n|move|p1a: Vriska|Psyshock|p2a: Empoleon\n|-resisted|p2a: Empoleon\n|-damage|p2a: Empoleon|87\/100\n|\n|-heal|p2a: Empoleon|93\/100|[from] item: Leftovers\n|-damage|p1a: Vriska|82\/100 tox|[from] psn\n|upkeep\n|turn|17\n|\n|t:|1701102189\n|move|p1a: Vriska|Thunderbolt|p2a: Empoleon\n|-supereffective|p2a: Empoleon\n|-damage|p2a: Empoleon|49\/100\n|move|p2a: Empoleon|Flip Turn|p1a: Vriska\n|-damage|p1a: Vriska|56\/100 tox\n|\n|t:|1701102195\n|switch|p2a: Rillaboom|Rillaboom, M|92\/100|[from] Flip Turn\n|-fieldstart|move: Grassy Terrain|[from] ability: Grassy Surge|[of] p2a: Rillaboom\n|\n|-heal|p1a: Vriska|62\/100 tox|[from] Grassy Terrain\n|-heal|p2a: Rillaboom|98\/100|[from] Grassy Terrain\n|-damage|p1a: Vriska|43\/100 tox|[from] psn\n|upkeep\n|turn|18\n|\n|t:|1701102206\n|-end|p1a: Vriska|Quark Drive|[silent]\n|switch|p1a: Tavros|Ninetales-Alola, M|100\/100\n|-weather|Snow|[from] ability: Snow Warning|[of] p1a: Tavros\n|move|p2a: Rillaboom|Grassy Glide|p1a: Tavros\n|-damage|p1a: Tavros|54\/100\n|\n|-weather|Snow|[upkeep]\n|-heal|p1a: Tavros|60\/100|[from] Grassy Terrain\n|-heal|p2a: Rillaboom|100\/100|[from] Grassy Terrain\n|upkeep\n|turn|19\n|\n|t:|1701102216\n|switch|p2a: Empoleon|Empoleon, M|49\/100\n|move|p1a: Tavros|Aurora Veil|p1a: Tavros\n|-sidestart|p1: Diatere|move: Aurora Veil\n|\n|-weather|Snow|[upkeep]\n|-heal|p1a: Tavros|66\/100|[from] Grassy Terrain\n|-heal|p2a: Empoleon|55\/100|[from] Grassy Terrain\n|-heal|p2a: Empoleon|61\/100|[from] item: Leftovers\n|upkeep\n|turn|20\n|\n|t:|1701102235\n|move|p1a: Tavros|Freeze-Dry|p2a: Empoleon\n|-damage|p2a: Empoleon|47\/100\n|move|p2a: Empoleon|Flip Turn|p1a: Tavros\n|-damage|p1a: Tavros|59\/100\n|\n|t:|1701102243\n|switch|p2a: Clodsire|Clodsire, M|43\/100|[from] Flip Turn\n|\n|-weather|Snow|[upkeep]\n|-heal|p1a: Tavros|65\/100|[from] Grassy Terrain\n|-heal|p2a: Clodsire|50\/100|[from] Grassy Terrain\n|-heal|p2a: Clodsire|56\/100|[from] item: Leftovers\n|upkeep\n|turn|21\n|\n|t:|1701102253\n|switch|p1a: Karkat|Manaphy|90\/100\n|switch|p2a: Empoleon|Empoleon, M|47\/100\n|\n|-weather|Snow|[upkeep]\n|-heal|p1a: Karkat|96\/100|[from] Grassy Terrain\n|-heal|p2a: Empoleon|53\/100|[from] Grassy Terrain\n|-heal|p2a: Empoleon|60\/100|[from] item: Leftovers\n|-fieldend|move: Grassy Terrain\n|upkeep\n|turn|22\n|\n|t:|1701102266\n|move|p1a: Karkat|Acid Armor|p1a: Karkat\n|-boost|p1a: Karkat|def|2\n|move|p2a: Empoleon|Flip Turn|p1a: Karkat\n|-resisted|p1a: Karkat\n|-damage|p1a: Karkat|94\/100\n|\n|t:|1701102271\n|switch|p2a: Appletun|Appletun, M|100\/100|[from] Flip Turn\n|\n|-weather|none\n|upkeep\n|turn|23\n|\n|t:|1701102279\n|move|p1a: Karkat|Take Heart|p1a: Karkat\n|-boost|p1a: Karkat|spa|1\n|-boost|p1a: Karkat|spd|1\n|move|p2a: Appletun|Leech Seed|p1a: Karkat\n|-start|p1a: Karkat|move: Leech Seed\n|\n|-damage|p1a: Karkat|82\/100|[from] Leech Seed|[of] p2a: Appletun\n|upkeep\n|turn|24\n|\n|t:|1701102286\n|move|p1a: Karkat|Stored Power|p2a: Appletun\n|-damage|p2a: Appletun|51\/100\n|move|p2a: Appletun|Dragon Tail|p1a: Karkat\n|-damage|p1a: Karkat|78\/100\n|drag|p1a: Tavros|Ninetales-Alola, M|65\/100\n|-weather|Snow|[from] ability: Snow Warning|[of] p1a: Tavros\n|\n|-weather|Snow|[upkeep]\n|upkeep\n|turn|25\n|\n|t:|1701102295\n|switch|p2a: Empoleon|Empoleon, M|60\/100\n|move|p1a: Tavros|Freeze-Dry|p2a: Empoleon\n|-damage|p2a: Empoleon|44\/100\n|\n|-weather|Snow|[upkeep]\n|-heal|p2a: Empoleon|50\/100|[from] item: Leftovers\n|upkeep\n|turn|26\n|\n|t:|1701102304\n|switch|p1a: Karkat|Manaphy|78\/100\n|move|p2a: Empoleon|Roost|p2a: Empoleon\n|-heal|p2a: Empoleon|100\/100\n|-singleturn|p2a: Empoleon|move: Roost\n|\n|-weather|Snow|[upkeep]\n|-sideend|p1: Diatere|move: Aurora Veil\n|upkeep\n|turn|27\n|\n|t:|1701102311\n|move|p1a: Karkat|Acid Armor|p1a: Karkat\n|-boost|p1a: Karkat|def|2\n|move|p2a: Empoleon|Flip Turn|p1a: Karkat\n|-resisted|p1a: Karkat\n|-damage|p1a: Karkat|74\/100\n|\n|t:|1701102318\n|switch|p2a: Rillaboom|Rillaboom, M|100\/100|[from] Flip Turn\n|-fieldstart|move: Grassy Terrain|[from] ability: Grassy Surge|[of] p2a: Rillaboom\n|\n|-weather|Snow|[upkeep]\n|-heal|p1a: Karkat|80\/100|[from] Grassy Terrain\n|upkeep\n|turn|28\n|\n|t:|1701102325\n|move|p1a: Karkat|Scald|p2a: Rillaboom\n|-resisted|p2a: Rillaboom\n|-damage|p2a: Rillaboom|79\/100\n|move|p2a: Rillaboom|Wood Hammer|p1a: Karkat\n|-supereffective|p1a: Karkat\n|-damage|p1a: Karkat|0 fnt\n|faint|p1a: Karkat\n|-damage|p2a: Rillaboom|51\/100|[from] Recoil\n|\n|-weather|none\n|-heal|p2a: Rillaboom|57\/100|[from] Grassy Terrain\n|upkeep\n|\n|t:|1701102331\n|switch|p1a: Vriska|Iron Valiant|43\/100 tox\n|turn|29\n|\n|t:|1701102338\n|switch|p2a: Empoleon|Empoleon, M|100\/100\n|move|p1a: Vriska|Close Combat|p2a: Empoleon\n|-supereffective|p2a: Empoleon\n|-damage|p2a: Empoleon|0 fnt\n|-unboost|p1a: Vriska|def|1\n|-unboost|p1a: Vriska|spd|1\n|faint|p2a: Empoleon\n|\n|-heal|p1a: Vriska|50\/100 tox|[from] Grassy Terrain\n|-damage|p1a: Vriska|43\/100 tox|[from] psn\n|upkeep\n|\n|t:|1701102354\n|switch|p2a: Rillaboom|Rillaboom, M|57\/100\n|turn|30\n|\n|t:|1701102360\n|move|p2a: Rillaboom|Grassy Glide|p1a: Vriska\n|-damage|p1a: Vriska|0 fnt\n|faint|p1a: Vriska\n|-end|p1a: Vriska|Quark Drive|[silent]\n|\n|-heal|p2a: Rillaboom|63\/100|[from] Grassy Terrain\n|upkeep\n|\n|t:|1701102364\n|switch|p1a: Tavros|Ninetales-Alola, M|65\/100\n|-weather|Snow|[from] ability: Snow Warning|[of] p1a: Tavros\n|turn|31\n|\n|t:|1701102369\n|move|p2a: Rillaboom|Grassy Glide|p1a: Tavros\n|-damage|p1a: Tavros|13\/100\n|move|p1a: Tavros|Aurora Veil|p1a: Tavros\n|-sidestart|p1: Diatere|move: Aurora Veil\n|\n|-weather|Snow|[upkeep]\n|-heal|p1a: Tavros|19\/100|[from] Grassy Terrain\n|-heal|p2a: Rillaboom|69\/100|[from] Grassy Terrain\n|-fieldend|move: Grassy Terrain\n|upkeep\n|turn|32\n|\n|t:|1701102376\n|move|p1a: Tavros|Freeze-Dry|p2a: Rillaboom\n|-supereffective|p2a: Rillaboom\n|-damage|p2a: Rillaboom|22\/100\n|-status|p2a: Rillaboom|frz\n|cant|p2a: Rillaboom|frz\n|\n|-weather|Snow|[upkeep]\n|upkeep\n|turn|33\n|c|\u2606Diatere|gg\n|c|\u2606Diatere|OH\n|c|\u2606Diatere|HOLY SHIT\n|\n|t:|1701102386\n|move|p1a: Tavros|Freeze-Dry|p2a: Rillaboom\n|-supereffective|p2a: Rillaboom\n|-damage|p2a: Rillaboom|0 fnt\n|faint|p2a: Rillaboom\n|\n|-weather|Snow|[upkeep]\n|upkeep\n|\n|t:|1701102391\n|switch|p2a: Appletun|Appletun, M|51\/100\n|turn|34\n|\n|t:|1701102394\n|-terastallize|p2a: Appletun|Poison\n|move|p1a: Tavros|Freeze-Dry|p2a: Appletun\n|-damage|p2a: Appletun|40\/100\n|move|p2a: Appletun|Recover|p2a: Appletun\n|-heal|p2a: Appletun|90\/100\n|\n|-weather|Snow|[upkeep]\n|upkeep\n|turn|35\n|\n|t:|1701102402\n|move|p1a: Tavros|Encore|p2a: Appletun\n|-start|p2a: Appletun|Encore\n|move|p2a: Appletun|Recover|p2a: Appletun\n|-heal|p2a: Appletun|100\/100\n|\n|-weather|none\n|upkeep\n|turn|36\n|\n|t:|1701102415\n|switch|p2a: Clodsire|Clodsire, M|56\/100\n|move|p1a: Tavros|Aurora Veil||[still]\n|-fail|p1a: Tavros\n|\n|-heal|p2a: Clodsire|62\/100|[from] item: Leftovers\n|upkeep\n|turn|37\n|\n|t:|1701102421\n|switch|p2a: Appletun|Appletun, M, tera:Poison|100\/100\n|move|p1a: Tavros|Freeze-Dry|p2a: Appletun\n|-damage|p2a: Appletun|90\/100\n|\n|upkeep\n|turn|38\n|\n|t:|1701102429\n|move|p1a: Tavros|Freeze-Dry|p2a: Appletun\n|-damage|p2a: Appletun|80\/100\n|move|p2a: Appletun|Apple Acid|p1a: Tavros\n|-crit|p1a: Tavros\n|-damage|p1a: Tavros|0 fnt\n|faint|p1a: Tavros\n|\n|win|Contrary Servine\n|raw|Diatere's rating: 1447 &rarr; <strong>1432<\/strong><br \/>(-15 for losing)\n|raw|Contrary Servine's rating: 1540 &rarr; <strong>1555<\/strong><br \/>(+15 for winning)\n|c|\u2606Diatere|gg\n","uploadtime":1701102438,"views":2,"p1id":"diatere","p2id":"contraryservine","formatid":"gen9ou","rating":1432,"private":0,"password":""}