{"id":"gen9ou-1994703553","p1":"EkCantDrawLol","p2":"Jiim80","format":"[Gen 9] OU","log":"|j|\u2606EkCantDrawLol\n|j|\u2606Jiim80\n|t:|1700483367\n|gametype|singles\n|player|p1|EkCantDrawLol|skierf|1252\n|player|p2|Jiim80|elesa|1167\n|teamsize|p1|6\n|teamsize|p2|6\n|gen|9\n|tier|[Gen 9] OU\n|rated|\n|rule|Sleep Clause Mod: Limit one foe put to sleep\n|rule|Species Clause: Limit one of each Pok\u00e9mon\n|rule|OHKO Clause: OHKO moves are banned\n|rule|Evasion Items Clause: Evasion items are banned\n|rule|Evasion Moves Clause: Evasion moves are banned\n|rule|Endless Battle Clause: Forcing endless battles is banned\n|rule|HP Percentage Mod: HP is shown in percentages\n|clearpoke\n|poke|p1|Zamazenta-*|\n|poke|p1|Greninja-*, M|\n|poke|p1|Great Tusk|\n|poke|p1|Dragonite, F|\n|poke|p1|Iron Moth|\n|poke|p1|Gholdengo|\n|poke|p2|Enamorus, F|\n|poke|p2|Dragapult, M|\n|poke|p2|Iron Valiant|\n|poke|p2|Gholdengo|\n|poke|p2|Iron Treads|\n|poke|p2|Dragonite, F|\n|teampreview\n|inactive|Battle timer is ON: inactive players will automatically lose when time's up. (requested by Jiim80)\n|inactive|EkCantDrawLol has 120 seconds left.\n|\n|t:|1700483410\n|start\n|switch|p1a: Zamazenta|Zamazenta, shiny|100\/100\n|switch|p2a: Enamorus|Enamorus, F|100\/100\n|-ability|p1a: Zamazenta|Dauntless Shield|boost\n|-boost|p1a: Zamazenta|def|1\n|turn|1\n|\n|t:|1700483422\n|move|p1a: Zamazenta|Trailblaze|p2a: Enamorus\n|-resisted|p2a: Enamorus\n|-damage|p2a: Enamorus|88\/100\n|-boost|p1a: Zamazenta|spe|1\n|move|p2a: Enamorus|Substitute|p2a: Enamorus\n|-start|p2a: Enamorus|Substitute\n|-damage|p2a: Enamorus|63\/100\n|\n|-heal|p2a: Enamorus|70\/100|[from] item: Leftovers\n|upkeep\n|turn|2\n|\n|t:|1700483431\n|move|p1a: Zamazenta|Psychic Fangs|p2a: Enamorus\n|-end|p2a: Enamorus|Substitute\n|move|p2a: Enamorus|Moonblast|p1a: Zamazenta\n|-supereffective|p1a: Zamazenta\n|-damage|p1a: Zamazenta|42\/100\n|-unboost|p1a: Zamazenta|spa|1\n|\n|-heal|p2a: Enamorus|76\/100|[from] item: Leftovers\n|upkeep\n|turn|3\n|\n|t:|1700483453\n|switch|p2a: Iron Treads|Iron Treads|100\/100\n|-enditem|p2a: Iron Treads|Booster Energy\n|-activate|p2a: Iron Treads|ability: Quark Drive|[fromitem]\n|-start|p2a: Iron Treads|quarkdrivespe\n|-terastallize|p1a: Zamazenta|Fairy\n|move|p1a: Zamazenta|Play Rough|p2a: Iron Treads\n|-resisted|p2a: Iron Treads\n|-damage|p2a: Iron Treads|85\/100\n|\n|upkeep\n|turn|4\n|\n|t:|1700483466\n|move|p1a: Zamazenta|Close Combat|p2a: Iron Treads\n|-supereffective|p2a: Iron Treads\n|-damage|p2a: Iron Treads|2\/100\n|-unboost|p1a: Zamazenta|def|1\n|-unboost|p1a: Zamazenta|spd|1\n|move|p2a: Iron Treads|Knock Off|p1a: Zamazenta\n|-resisted|p1a: Zamazenta\n|-damage|p1a: Zamazenta|31\/100\n|-enditem|p1a: Zamazenta|Assault Vest|[from] move: Knock Off|[of] p2a: Iron Treads\n|\n|upkeep\n|turn|5\n|\n|t:|1700483482\n|move|p1a: Zamazenta|Trailblaze|p2a: Iron Treads\n|-damage|p2a: Iron Treads|0 fnt\n|-boost|p1a: Zamazenta|spe|1\n|faint|p2a: Iron Treads\n|-end|p2a: Iron Treads|Quark Drive|[silent]\n|\n|upkeep\n|\n|t:|1700483487\n|switch|p2a: Dragonite|Dragonite, F|100\/100\n|turn|6\n|\n|t:|1700483493\n|move|p2a: Dragonite|Extreme Speed|p1a: Zamazenta\n|-damage|p1a: Zamazenta|2\/100\n|move|p1a: Zamazenta|Play Rough|p2a: Dragonite|[miss]\n|-miss|p1a: Zamazenta|p2a: Dragonite\n|\n|upkeep\n|turn|7\n|\n|t:|1700483501\n|move|p2a: Dragonite|Extreme Speed|p1a: Zamazenta\n|-damage|p1a: Zamazenta|0 fnt\n|faint|p1a: Zamazenta\n|\n|upkeep\n|\n|t:|1700483510\n|switch|p1a: Great Tusk|Great Tusk, shiny|100\/100\n|turn|8\n|\n|t:|1700483515\n|move|p2a: Dragonite|Ice Spinner|p1a: Great Tusk\n|-supereffective|p1a: Great Tusk\n|-damage|p1a: Great Tusk|59\/100\n|move|p1a: Great Tusk|Rapid Spin|p2a: Dragonite\n|-damage|p2a: Dragonite|90\/100\n|-boost|p1a: Great Tusk|spe|1\n|\n|upkeep\n|turn|9\n|\n|t:|1700483522\n|move|p1a: Great Tusk|Ice Spinner|p2a: Dragonite\n|-supereffective|p2a: Dragonite\n|-damage|p2a: Dragonite|0 fnt\n|faint|p2a: Dragonite\n|\n|upkeep\n|\n|t:|1700483532\n|switch|p2a: Gholdengo|Gholdengo|100\/100\n|-item|p2a: Gholdengo|Air Balloon\n|turn|10\n|\n|t:|1700483544\n|-terastallize|p2a: Gholdengo|Water\n|move|p1a: Great Tusk|Knock Off|p2a: Gholdengo\n|-damage|p2a: Gholdengo|60\/100\n|-enditem|p2a: Gholdengo|Air Balloon\n|move|p2a: Gholdengo|Psyshock|p1a: Great Tusk\n|-supereffective|p1a: Great Tusk\n|-damage|p1a: Great Tusk|25\/100\n|\n|upkeep\n|turn|11\n|\n|t:|1700483559\n|move|p1a: Great Tusk|Rapid Spin|p2a: Gholdengo\n|-damage|p2a: Gholdengo|38\/100\n|-boost|p1a: Great Tusk|spe|1\n|move|p2a: Gholdengo|Psyshock|p1a: Great Tusk\n|-supereffective|p1a: Great Tusk\n|-damage|p1a: Great Tusk|0 fnt\n|faint|p1a: Great Tusk\n|-end|p1a: Great Tusk|Protosynthesis|[silent]\n|\n|upkeep\n|\n|t:|1700483575\n|switch|p1a: Iron Moth|Iron Moth, shiny|100\/100\n|turn|12\n|\n|t:|1700483579\n|move|p1a: Iron Moth|Sludge Wave|p2a: Gholdengo\n|-damage|p2a: Gholdengo|0 fnt\n|faint|p2a: Gholdengo\n|\n|upkeep\n|\n|t:|1700483589\n|switch|p2a: Iron Valiant|Iron Valiant|100\/100\n|-enditem|p2a: Iron Valiant|Booster Energy\n|-activate|p2a: Iron Valiant|ability: Quark Drive|[fromitem]\n|-start|p2a: Iron Valiant|quarkdrivespe\n|turn|13\n|\n|t:|1700483597\n|-end|p1a: Iron Moth|Quark Drive|[silent]\n|switch|p1a: Gholdengo|Gholdengo|100\/100\n|move|p2a: Iron Valiant|Psyshock|p1a: Gholdengo\n|-resisted|p1a: Gholdengo\n|-damage|p1a: Gholdengo|88\/100\n|\n|-heal|p1a: Gholdengo|94\/100|[from] item: Leftovers\n|upkeep\n|turn|14\n|\n|t:|1700483609\n|-end|p2a: Iron Valiant|Quark Drive|[silent]\n|switch|p2a: Enamorus|Enamorus, F|76\/100\n|move|p1a: Gholdengo|Thunder Wave|p2a: Enamorus\n|-status|p2a: Enamorus|par\n|\n|-heal|p1a: Gholdengo|99\/100|[from] item: Leftovers\n|-heal|p2a: Enamorus|82\/100 par|[from] item: Leftovers\n|upkeep\n|turn|15\n|\n|t:|1700483618\n|move|p1a: Gholdengo|Hex|p2a: Enamorus\n|-damage|p2a: Enamorus|0 fnt\n|faint|p2a: Enamorus\n|\n|-heal|p1a: Gholdengo|100\/100|[from] item: Leftovers\n|upkeep\n|\n|t:|1700483624\n|switch|p2a: Dragapult|Dragapult, M|100\/100\n|turn|16\n|\n|t:|1700483630\n|move|p2a: Dragapult|Phantom Force||[still]\n|-prepare|p2a: Dragapult|Phantom Force\n|move|p1a: Gholdengo|Thunder Wave|p2a: Dragapult|[miss]\n|-miss|p1a: Gholdengo|p2a: Dragapult\n|\n|upkeep\n|turn|17\n|\n|t:|1700483636\n|move|p2a: Dragapult|Phantom Force|p1a: Gholdengo|[from]lockedmove\n|-supereffective|p1a: Gholdengo\n|-damage|p1a: Gholdengo|13\/100\n|move|p1a: Gholdengo|Recover|p1a: Gholdengo\n|-heal|p1a: Gholdengo|63\/100\n|\n|-heal|p1a: Gholdengo|69\/100|[from] item: Leftovers\n|upkeep\n|turn|18\n|\n|t:|1700483643\n|move|p2a: Dragapult|Dragon Dance|p2a: Dragapult\n|-boost|p2a: Dragapult|atk|1\n|-boost|p2a: Dragapult|spe|1\n|move|p1a: Gholdengo|Recover|p1a: Gholdengo\n|-heal|p1a: Gholdengo|100\/100\n|\n|upkeep\n|turn|19\n|\n|t:|1700483658\n|move|p2a: Dragapult|Dragon Dance|p2a: Dragapult\n|-boost|p2a: Dragapult|atk|1\n|-boost|p2a: Dragapult|spe|1\n|move|p1a: Gholdengo|Thunder Wave|p2a: Dragapult\n|-status|p2a: Dragapult|par\n|\n|upkeep\n|turn|20\n|\n|t:|1700483664\n|cant|p2a: Dragapult|par\n|move|p1a: Gholdengo|Hex|p2a: Dragapult\n|-supereffective|p2a: Dragapult\n|-crit|p2a: Dragapult\n|-enditem|p2a: Dragapult|Focus Sash\n|-damage|p2a: Dragapult|1\/100 par\n|\n|upkeep\n|turn|21\n|\n|t:|1700483670\n|move|p2a: Dragapult|Phantom Force||[still]\n|-prepare|p2a: Dragapult|Phantom Force\n|move|p1a: Gholdengo|Thunder Wave|p2a: Dragapult|[miss]\n|-miss|p1a: Gholdengo|p2a: Dragapult\n|\n|upkeep\n|turn|22\n|\n|t:|1700483673\n|move|p2a: Dragapult|Phantom Force|p1a: Gholdengo|[from]lockedmove\n|-supereffective|p1a: Gholdengo\n|-damage|p1a: Gholdengo|0 fnt\n|faint|p1a: Gholdengo\n|\n|upkeep\n|\n|t:|1700483678\n|switch|p1a: Iron Moth|Iron Moth, shiny|100\/100\n|turn|23\n|\n|t:|1700483686\n|move|p1a: Iron Moth|Sludge Wave|p2a: Dragapult\n|-resisted|p2a: Dragapult\n|-damage|p2a: Dragapult|0 fnt\n|faint|p2a: Dragapult\n|\n|upkeep\n|\n|t:|1700483691\n|switch|p2a: Iron Valiant|Iron Valiant|100\/100\n|turn|24\n|\n|t:|1700483696\n|move|p1a: Iron Moth|Sludge Wave|p2a: Iron Valiant\n|-supereffective|p2a: Iron Valiant\n|-damage|p2a: Iron Valiant|0 fnt\n|faint|p2a: Iron Valiant\n|-end|p2a: Iron Valiant|Quark Drive|[silent]\n|\n|win|EkCantDrawLol\n|raw|EkCantDrawLol's rating: 1252 &rarr; <strong>1271<\/strong><br \/>(+19 for winning)\n|raw|Jiim80's rating: 1167 &rarr; <strong>1148<\/strong><br \/>(-19 for losing)\n|l|\u2606Jiim80\n","uploadtime":1700483909,"views":4,"p1id":"ekcantdrawlol","p2id":"jiim80","formatid":"gen9ou","rating":1148,"private":0,"password":""}