{"id":"gen9ou-1993810334","p1":"the simpleton","p2":"hujvct","format":"[Gen 9] OU","log":"|j|\u2606the simpleton\n|j|\u2606hujvct\n|t:|1700360072\n|gametype|singles\n|player|p1|the simpleton|lyra|1034\n|player|p2|hujvct|bugcatcher-gen4dp|1000\n|teamsize|p1|6\n|teamsize|p2|6\n|gen|9\n|tier|[Gen 9] OU\n|rated|\n|rule|Sleep Clause Mod: Limit one foe put to sleep\n|rule|Species Clause: Limit one of each Pok\u00e9mon\n|rule|OHKO Clause: OHKO moves are banned\n|rule|Evasion Items Clause: Evasion items are banned\n|rule|Evasion Moves Clause: Evasion moves are banned\n|rule|Endless Battle Clause: Forcing endless battles is banned\n|rule|HP Percentage Mod: HP is shown in percentages\n|clearpoke\n|poke|p1|Numel, M|\n|poke|p1|Ribombee, M|\n|poke|p1|Ting-Lu|\n|poke|p1|Ninetales-Alola, M|\n|poke|p1|Gholdengo|\n|poke|p1|Clefable, F|\n|poke|p2|Toxicroak, M|\n|poke|p2|Magnezone|\n|poke|p2|Kleavor, F|\n|poke|p2|Bronzong|\n|poke|p2|Hydreigon, F|\n|poke|p2|Dusknoir, F|\n|teampreview\n|\n|t:|1700360082\n|start\n|switch|p1a: Ribombee|Ribombee, M|100\/100\n|switch|p2a: Bronzong|Bronzong|100\/100\n|turn|1\n|\n|t:|1700360090\n|move|p1a: Ribombee|Sticky Web|p2a: Bronzong\n|-sidestart|p2: hujvct|move: Sticky Web\n|move|p2a: Bronzong|Gyro Ball|p1a: Ribombee\n|-supereffective|p1a: Ribombee\n|-enditem|p1a: Ribombee|Focus Sash\n|-damage|p1a: Ribombee|1\/100\n|\n|upkeep\n|turn|2\n|\n|t:|1700360110\n|move|p1a: Ribombee|Stun Spore|p2a: Bronzong|[miss]\n|-miss|p1a: Ribombee|p2a: Bronzong\n|move|p2a: Bronzong|Iron Defense|p2a: Bronzong\n|-boost|p2a: Bronzong|def|2\n|\n|upkeep\n|turn|3\n|\n|t:|1700360117\n|move|p1a: Ribombee|Stun Spore|p2a: Bronzong|[miss]\n|-miss|p1a: Ribombee|p2a: Bronzong\n|move|p2a: Bronzong|Gyro Ball|p1a: Ribombee\n|-supereffective|p1a: Ribombee\n|-damage|p1a: Ribombee|0 fnt\n|faint|p1a: Ribombee\n|\n|upkeep\n|\n|t:|1700360127\n|switch|p1a: Ting-Lu|Ting-Lu|100\/100\n|-ability|p1a: Ting-Lu|Vessel of Ruin\n|turn|4\n|\n|t:|1700360132\n|move|p1a: Ting-Lu|Spikes|p2a: Bronzong\n|-sidestart|p2: hujvct|Spikes\n|move|p2a: Bronzong|Body Press|p1a: Ting-Lu\n|-supereffective|p1a: Ting-Lu\n|-damage|p1a: Ting-Lu|44\/100\n|\n|-heal|p1a: Ting-Lu|50\/100|[from] item: Leftovers\n|upkeep\n|turn|5\n|\n|t:|1700360156\n|move|p1a: Ting-Lu|Stealth Rock|p2a: Bronzong\n|-sidestart|p2: hujvct|move: Stealth Rock\n|move|p2a: Bronzong|Body Press|p1a: Ting-Lu\n|-supereffective|p1a: Ting-Lu\n|-damage|p1a: Ting-Lu|0 fnt\n|faint|p1a: Ting-Lu\n|\n|upkeep\n|\n|t:|1700360180\n|switch|p1a: Clefable|Clefable, F|100\/100\n|turn|6\n|\n|t:|1700360187\n|move|p1a: Clefable|Thunder Wave|p2a: Bronzong\n|-status|p2a: Bronzong|par\n|move|p2a: Bronzong|Gyro Ball|p1a: Clefable\n|-supereffective|p1a: Clefable\n|-damage|p1a: Clefable|55\/100\n|-enditem|p1a: Clefable|Red Card|[of] p2a: Bronzong\n|drag|p2a: Dusknoir|Dusknoir, F|100\/100\n|-activate|p2a: Dusknoir|move: Sticky Web\n|-unboost|p2a: Dusknoir|spe|1\n|-damage|p2a: Dusknoir|88\/100|[from] Spikes\n|-damage|p2a: Dusknoir|76\/100|[from] Stealth Rock\n|\n|upkeep\n|turn|7\n|\n|t:|1700360221\n|move|p1a: Clefable|Thunder Wave|p2a: Dusknoir\n|-status|p2a: Dusknoir|par\n|move|p2a: Dusknoir|Shadow Punch|p1a: Clefable\n|-damage|p1a: Clefable|33\/100\n|\n|upkeep\n|turn|8\n|\n|t:|1700360230\n|move|p1a: Clefable|Moonlight|p1a: Clefable\n|-heal|p1a: Clefable|83\/100\n|move|p2a: Dusknoir|Shadow Punch|p1a: Clefable\n|-damage|p1a: Clefable|61\/100\n|\n|upkeep\n|turn|9\n|\n|t:|1700360242\n|move|p1a: Clefable|Moonlight|p1a: Clefable\n|-heal|p1a: Clefable|100\/100\n|cant|p2a: Dusknoir|par\n|\n|upkeep\n|turn|10\n|\n|t:|1700360249\n|move|p1a: Clefable|Knock Off|p2a: Dusknoir\n|-supereffective|p2a: Dusknoir\n|-damage|p2a: Dusknoir|43\/100 par\n|-enditem|p2a: Dusknoir|Punching Glove|[from] move: Knock Off|[of] p1a: Clefable\n|cant|p2a: Dusknoir|par\n|\n|upkeep\n|turn|11\n|\n|t:|1700360277\n|move|p1a: Clefable|Knock Off|p2a: Dusknoir\n|-supereffective|p2a: Dusknoir\n|-damage|p2a: Dusknoir|23\/100 par\n|move|p2a: Dusknoir|Ice Punch|p1a: Clefable\n|-damage|p1a: Clefable|85\/100\n|\n|upkeep\n|turn|12\n|\n|t:|1700360289\n|move|p1a: Clefable|Knock Off|p2a: Dusknoir\n|-supereffective|p2a: Dusknoir\n|-damage|p2a: Dusknoir|0 fnt\n|faint|p2a: Dusknoir\n|\n|upkeep\n|\n|t:|1700360320\n|switch|p2a: Bronzong|Bronzong|100\/100 par\n|-damage|p2a: Bronzong|94\/100 par|[from] Stealth Rock\n|turn|13\n|\n|t:|1700360343\n|switch|p1a: Gholdengo|Gholdengo|100\/100\n|move|p2a: Bronzong|Gyro Ball|p1a: Gholdengo\n|-resisted|p1a: Gholdengo\n|-damage|p1a: Gholdengo|81\/100\n|\n|-heal|p2a: Bronzong|100\/100 par|[from] item: Leftovers\n|upkeep\n|turn|14\n|\n|t:|1700360352\n|move|p1a: Gholdengo|Trick|p2a: Bronzong\n|-activate|p1a: Gholdengo|move: Trick|[of] p2a: Bronzong\n|-item|p2a: Bronzong|Choice Scarf|[from] move: Trick\n|-item|p1a: Gholdengo|Leftovers|[from] move: Trick\n|move|p2a: Bronzong|Gyro Ball|p1a: Gholdengo\n|-resisted|p1a: Gholdengo\n|-damage|p1a: Gholdengo|63\/100\n|\n|-heal|p1a: Gholdengo|70\/100|[from] item: Leftovers\n|upkeep\n|turn|15\n|\n|t:|1700360381\n|move|p1a: Gholdengo|Shadow Ball|p2a: Bronzong\n|-supereffective|p2a: Bronzong\n|-damage|p2a: Bronzong|37\/100 par\n|move|p2a: Bronzong|Gyro Ball|p1a: Gholdengo\n|-resisted|p1a: Gholdengo\n|-damage|p1a: Gholdengo|51\/100\n|\n|-heal|p1a: Gholdengo|57\/100|[from] item: Leftovers\n|upkeep\n|turn|16\n|\n|t:|1700360392\n|move|p1a: Gholdengo|Shadow Ball|p2a: Bronzong\n|-supereffective|p2a: Bronzong\n|-damage|p2a: Bronzong|0 fnt\n|faint|p2a: Bronzong\n|\n|-heal|p1a: Gholdengo|63\/100|[from] item: Leftovers\n|upkeep\n|\n|t:|1700360400\n|switch|p2a: Magnezone|Magnezone|100\/100\n|turn|17\n|\n|t:|1700360418\n|move|p1a: Gholdengo|Memento|p2a: Magnezone\n|-unboost|p2a: Magnezone|atk|2\n|-unboost|p2a: Magnezone|spa|2\n|faint|p1a: Gholdengo\n|move|p2a: Magnezone|Mirror Coat|p1: Gholdengo|[notarget]\n|-fail|p2a: Magnezone\n|\n|upkeep\n|\n|t:|1700360428\n|switch|p1a: Ninetales|Ninetales-Alola, M|100\/100\n|-weather|Snow|[from] ability: Snow Warning|[of] p1a: Ninetales\n|turn|18\n|\n|t:|1700360438\n|switch|p2a: Kleavor|Kleavor, F|100\/100\n|-activate|p2a: Kleavor|move: Sticky Web\n|-unboost|p2a: Kleavor|spe|1\n|-damage|p2a: Kleavor|88\/100|[from] Spikes\n|-damage|p2a: Kleavor|63\/100|[from] Stealth Rock\n|move|p1a: Ninetales|Encore||[still]\n|-fail|p1a: Ninetales\n|\n|-weather|Snow|[upkeep]\n|upkeep\n|turn|19\n|\n|t:|1700360451\n|move|p1a: Ninetales|Aurora Veil|p1a: Ninetales\n|-sidestart|p1: the simpleton|move: Aurora Veil\n|move|p2a: Kleavor|Stone Axe|p1a: Ninetales|[miss]\n|-miss|p2a: Kleavor|p1a: Ninetales\n|\n|-weather|Snow|[upkeep]\n|upkeep\n|turn|20\n|\n|t:|1700360459\n|move|p1a: Ninetales|Hypnosis|p2a: Kleavor\n|-status|p2a: Kleavor|slp|[from] move: Hypnosis\n|cant|p2a: Kleavor|slp\n|\n|-weather|Snow|[upkeep]\n|upkeep\n|turn|21\n|\n|t:|1700360466\n|switch|p1a: Numel|Numel, M|100\/100\n|cant|p2a: Kleavor|slp\n|\n|-weather|Snow|[upkeep]\n|upkeep\n|turn|22\n|\n|t:|1700360478\n|cant|p2a: Kleavor|slp\n|move|p1a: Numel|Flame Charge|p2a: Kleavor\n|-damage|p2a: Kleavor|51\/100 slp\n|-boost|p1a: Numel|spe|2\n|\n|-weather|none\n|upkeep\n|turn|23\n|\n|t:|1700360487\n|move|p1a: Numel|Stockpile|p1a: Numel\n|-start|p1a: Numel|stockpile1\n|-boost|p1a: Numel|def|2\n|-boost|p1a: Numel|spd|2\n|-curestatus|p2a: Kleavor|slp|[msg]\n|move|p2a: Kleavor|Stone Axe|p1a: Numel\n|-damage|p1a: Numel|85\/100\n|-sidestart|p1: the simpleton|move: Stealth Rock\n|\n|upkeep\n|turn|24\n|\n|t:|1700360498\n|move|p1a: Numel|Stockpile|p1a: Numel\n|-start|p1a: Numel|stockpile2\n|-boost|p1a: Numel|def|2\n|-boost|p1a: Numel|spd|2\n|move|p2a: Kleavor|Stone Axe|p1a: Numel|[miss]\n|-miss|p2a: Kleavor|p1a: Numel\n|\n|upkeep\n|turn|25\n|\n|t:|1700360509\n|move|p1a: Numel|Stockpile|p1a: Numel\n|-start|p1a: Numel|stockpile3\n|-boost|p1a: Numel|def|2\n|-boost|p1a: Numel|spd|2\n|move|p2a: Kleavor|Close Combat|p1a: Numel\n|-damage|p1a: Numel|78\/100\n|-unboost|p2a: Kleavor|def|1\n|-unboost|p2a: Kleavor|spd|1\n|\n|upkeep\n|turn|26\n|\n|t:|1700360519\n|move|p1a: Numel|Flame Charge|p2a: Kleavor\n|-crit|p2a: Kleavor\n|-damage|p2a: Kleavor|24\/100\n|-boost|p1a: Numel|spe|2\n|move|p2a: Kleavor|X-Scissor|p1a: Numel\n|-resisted|p1a: Numel\n|-damage|p1a: Numel|74\/100\n|\n|-sideend|p1: the simpleton|move: Aurora Veil\n|upkeep\n|turn|27\n|\n|t:|1700360530\n|move|p1a: Numel|Flame Charge|p2a: Kleavor\n|-damage|p2a: Kleavor|4\/100\n|-boost|p1a: Numel|spe|2\n|move|p2a: Kleavor|Close Combat|p1a: Numel\n|-damage|p1a: Numel|60\/100\n|-unboost|p2a: Kleavor|def|1\n|-unboost|p2a: Kleavor|spd|1\n|\n|upkeep\n|turn|28\n|\n|t:|1700360546\n|move|p1a: Numel|Body Press|p2a: Kleavor\n|-damage|p2a: Kleavor|0 fnt\n|faint|p2a: Kleavor\n|\n|upkeep\n|inactive|Battle timer is ON: inactive players will automatically lose when time's up. (requested by the simpleton)\n|\n|t:|1700360573\n|switch|p2a: Hydreigon|Hydreigon, F|100\/100\n|-damage|p2a: Hydreigon|88\/100|[from] Stealth Rock\n|turn|29\n|\n|t:|1700360582\n|-terastallize|p1a: Numel|Fighting\n|move|p2a: Hydreigon|Dark Pulse|p1a: Numel\n|-resisted|p1a: Numel\n|-damage|p1a: Numel|55\/100\n|cant|p1a: Numel|flinch\n|\n|upkeep\n|turn|30\n|\n|t:|1700360591\n|switch|p2a: Toxicroak|Toxicroak, M|100\/100\n|-activate|p2a: Toxicroak|move: Sticky Web\n|-unboost|p2a: Toxicroak|spe|1\n|-damage|p2a: Toxicroak|88\/100|[from] Spikes\n|-damage|p2a: Toxicroak|82\/100|[from] Stealth Rock\n|move|p1a: Numel|Body Press|p2a: Toxicroak\n|-resisted|p2a: Toxicroak\n|-damage|p2a: Toxicroak|16\/100\n|\n|-heal|p2a: Toxicroak|23\/100|[from] item: Black Sludge\n|upkeep\n|turn|31\n|\n|t:|1700360608\n|move|p1a: Numel|Body Press|p2a: Toxicroak\n|-resisted|p2a: Toxicroak\n|-damage|p2a: Toxicroak|0 fnt\n|faint|p2a: Toxicroak\n|\n|upkeep\n|\n|t:|1700360615\n|switch|p2a: Hydreigon|Hydreigon, F|88\/100\n|-damage|p2a: Hydreigon|76\/100|[from] Stealth Rock\n|turn|32\n|\n|t:|1700360630\n|-terastallize|p2a: Hydreigon|Fire\n|move|p2a: Hydreigon|Flamethrower|p1a: Numel\n|-damage|p1a: Numel|42\/100\n|-status|p1a: Numel|brn\n|move|p1a: Numel|Body Press|p2a: Hydreigon\n|-damage|p2a: Hydreigon|21\/100\n|\n|-damage|p1a: Numel|36\/100 brn|[from] brn\n|upkeep\n|turn|33\n|\n|t:|1700360643\n|move|p2a: Hydreigon|Flamethrower|p1a: Numel\n|-damage|p1a: Numel|22\/100 brn\n|move|p1a: Numel|Rest|p1a: Numel\n|-status|p1a: Numel|slp|[from] move: Rest\n|-heal|p1a: Numel|100\/100 slp|[silent]\n|\n|upkeep\n|turn|34\n|\n|t:|1700360652\n|move|p2a: Hydreigon|Flamethrower|p1a: Numel\n|-damage|p1a: Numel|87\/100 slp\n|cant|p1a: Numel|slp\n|\n|upkeep\n|turn|35\n|\n|t:|1700360658\n|move|p2a: Hydreigon|Flamethrower|p1a: Numel\n|-damage|p1a: Numel|73\/100 slp\n|cant|p1a: Numel|slp\n|\n|upkeep\n|turn|36\n|\n|t:|1700360668\n|move|p2a: Hydreigon|Flamethrower|p1a: Numel\n|-damage|p1a: Numel|59\/100 slp\n|-curestatus|p1a: Numel|slp|[msg]\n|move|p1a: Numel|Body Press|p2a: Hydreigon\n|-damage|p2a: Hydreigon|0 fnt\n|faint|p2a: Hydreigon\n|\n|upkeep\n|\n|t:|1700360678\n|switch|p2a: Magnezone|Magnezone|100\/100\n|turn|37\n|\n|t:|1700360685\n|move|p1a: Numel|Body Press|p2a: Magnezone\n|-supereffective|p2a: Magnezone\n|-ability|p2a: Magnezone|Sturdy\n|-damage|p2a: Magnezone|1\/100\n|move|p2a: Magnezone|Thunderbolt|p1a: Numel\n|-damage|p1a: Numel|46\/100\n|-status|p1a: Numel|par\n|\n|upkeep\n|turn|38\n|\n|t:|1700360695\n|move|p1a: Numel|Body Press|p2a: Magnezone\n|-supereffective|p2a: Magnezone\n|-damage|p2a: Magnezone|0 fnt\n|faint|p2a: Magnezone\n|\n|win|the simpleton\n|raw|the simpleton's rating: 1034 &rarr; <strong>1065<\/strong><br \/>(+31 for winning)\n|raw|hujvct's rating: 1000 &rarr; <strong>1000<\/strong><br \/>(+0 for losing)\n|l|\u2606hujvct\n","uploadtime":1700360701,"views":34,"p1id":"thesimpleton","p2id":"hujvct","formatid":"gen9ou","rating":1000,"private":0,"password":""}