{"id":"gen9ou-1989290487","p1":"Judgieiscool","p2":"Jadenhess","format":"[Gen 9] OU","log":"|j|\u2606Judgieiscool\n|j|\u2606Jadenhess\n|t:|1699832509\n|gametype|singles\n|player|p1|Judgieiscool|volkner|1372\n|player|p2|Jadenhess|102|1465\n|teamsize|p1|6\n|teamsize|p2|6\n|gen|9\n|tier|[Gen 9] OU\n|rated|\n|rule|Sleep Clause Mod: Limit one foe put to sleep\n|rule|Species Clause: Limit one of each Pok\u00e9mon\n|rule|OHKO Clause: OHKO moves are banned\n|rule|Evasion Items Clause: Evasion items are banned\n|rule|Evasion Moves Clause: Evasion moves are banned\n|rule|Endless Battle Clause: Forcing endless battles is banned\n|rule|HP Percentage Mod: HP is shown in percentages\n|clearpoke\n|poke|p1|Mew|\n|poke|p1|Garchomp, F|\n|poke|p1|Scizor, F|\n|poke|p1|Goodra-Hisui, F|\n|poke|p1|Ogerpon-Cornerstone, F|\n|poke|p1|Meowscarada, M|\n|poke|p2|Pincurchin, F|\n|poke|p2|Iron Leaves|\n|poke|p2|Pawmot, F|\n|poke|p2|Pelipper, M|\n|poke|p2|Raichu-Alola, F|\n|poke|p2|Greninja-*, M|\n|teampreview\n|\n|t:|1699832518\n|start\n|switch|p1a: Mew|Mew|100\/100\n|switch|p2a: Pincurchin|Pincurchin, F|100\/100\n|-fieldstart|move: Electric Terrain|[from] ability: Electric Surge|[of] p2a: Pincurchin\n|turn|1\n|\n|t:|1699832525\n|move|p1a: Mew|Psychic|p2a: Pincurchin\n|-damage|p2a: Pincurchin|46\/100\n|move|p2a: Pincurchin|Thunder Wave|p1a: Mew\n|-status|p1a: Mew|par\n|-activate|p1a: Mew|ability: Synchronize\n|-immune|p2a: Pincurchin\n|\n|upkeep\n|turn|2\n|\n|t:|1699832534\n|move|p1a: Mew|Psychic|p2a: Pincurchin\n|-damage|p2a: Pincurchin|0 fnt\n|faint|p2a: Pincurchin\n|\n|upkeep\n|\n|t:|1699832537\n|switch|p2a: Iron Leaves|Iron Leaves|100\/100\n|-activate|p2a: Iron Leaves|ability: Quark Drive\n|-start|p2a: Iron Leaves|quarkdrivespe\n|turn|3\n|\n|t:|1699832547\n|move|p2a: Iron Leaves|Swords Dance|p2a: Iron Leaves\n|-boost|p2a: Iron Leaves|atk|2\n|move|p1a: Mew|Flamethrower|p2a: Iron Leaves\n|-supereffective|p2a: Iron Leaves\n|-damage|p2a: Iron Leaves|56\/100\n|\n|upkeep\n|turn|4\n|\n|t:|1699832555\n|-terastallize|p2a: Iron Leaves|Psychic\n|move|p2a: Iron Leaves|Psyblade|p1a: Mew\n|-resisted|p1a: Mew\n|-damage|p1a: Mew|33\/100 par\n|move|p1a: Mew|Flamethrower|p2a: Iron Leaves\n|-damage|p2a: Iron Leaves|33\/100\n|\n|upkeep\n|turn|5\n|inactive|Battle timer is ON: inactive players will automatically lose when time's up. (requested by Judgieiscool)\n|\n|t:|1699832566\n|move|p2a: Iron Leaves|Leaf Blade|p1a: Mew\n|-damage|p1a: Mew|0 fnt\n|faint|p1a: Mew\n|\n|upkeep\n|\n|t:|1699832578\n|switch|p1a: Scizor|Scizor, F|100\/100\n|turn|6\n|\n|t:|1699832587\n|-end|p2a: Iron Leaves|Quark Drive|[silent]\n|switch|p2a: Pelipper|Pelipper, M|100\/100\n|-weather|RainDance|[from] ability: Drizzle|[of] p2a: Pelipper\n|move|p1a: Scizor|Bullet Punch|p2a: Pelipper\n|-resisted|p2a: Pelipper\n|-damage|p2a: Pelipper|72\/100\n|\n|-weather|RainDance|[upkeep]\n|upkeep\n|turn|7\n|\n|t:|1699832599\n|switch|p1a: Goodra|Goodra-Hisui, F|100\/100\n|move|p2a: Pelipper|Knock Off|p1a: Goodra\n|-damage|p1a: Goodra|89\/100\n|-enditem|p1a: Goodra|Assault Vest|[from] move: Knock Off|[of] p2a: Pelipper\n|\n|-weather|RainDance|[upkeep]\n|upkeep\n|turn|8\n|\n|t:|1699832618\n|move|p2a: Pelipper|U-turn|p1a: Goodra\n|-resisted|p1a: Goodra\n|-damage|p1a: Goodra|85\/100\n|\n|t:|1699832620\n|switch|p2a: Pawmot|Pawmot, F|100\/100|[from] U-turn\n|move|p1a: Goodra|Heavy Slam|p2a: Pawmot\n|-resisted|p2a: Pawmot\n|-damage|p2a: Pawmot|59\/100\n|\n|-weather|RainDance|[upkeep]\n|-fieldend|move: Electric Terrain\n|upkeep\n|turn|9\n|\n|t:|1699832642\n|move|p2a: Pawmot|Revival Blessing|p2a: Pawmot\n|\n|t:|1699832643\n|-heal|p2: Pincurchin|50\/100|[from] move: Revival Blessing\n|move|p1a: Goodra|Dragon Tail|p2a: Pawmot\n|-damage|p2a: Pawmot|19\/100\n|drag|p2a: Pelipper|Pelipper, M|72\/100\n|\n|-weather|RainDance|[upkeep]\n|upkeep\n|turn|10\n|\n|t:|1699832657\n|move|p2a: Pelipper|U-turn|p1a: Goodra\n|-resisted|p1a: Goodra\n|-damage|p1a: Goodra|81\/100\n|\n|t:|1699832658\n|switch|p2a: Pincurchin|Pincurchin, F|50\/100|[from] U-turn\n|-fieldstart|move: Electric Terrain|[from] ability: Electric Surge|[of] p2a: Pincurchin\n|move|p1a: Goodra|Heavy Slam|p2a: Pincurchin\n|-resisted|p2a: Pincurchin\n|-damage|p2a: Pincurchin|28\/100\n|\n|-weather|RainDance|[upkeep]\n|upkeep\n|turn|11\n|\n|t:|1699832673\n|move|p1a: Goodra|Earthquake|p2a: Pincurchin\n|-supereffective|p2a: Pincurchin\n|-crit|p2a: Pincurchin\n|-damage|p2a: Pincurchin|0 fnt\n|faint|p2a: Pincurchin\n|\n|-weather|RainDance|[upkeep]\n|upkeep\n|\n|t:|1699832677\n|switch|p2a: Pawmot|Pawmot, F|19\/100\n|turn|12\n|\n|t:|1699832682\n|move|p2a: Pawmot|Close Combat|p1a: Goodra\n|-supereffective|p1a: Goodra\n|-damage|p1a: Goodra|0 fnt\n|-unboost|p2a: Pawmot|def|1\n|-unboost|p2a: Pawmot|spd|1\n|faint|p1a: Goodra\n|\n|-weather|RainDance|[upkeep]\n|upkeep\n|\n|t:|1699832694\n|switch|p1a: Scizor|Scizor, F|100\/100\n|turn|13\n|\n|t:|1699832698\n|move|p2a: Pawmot|Mach Punch|p1a: Scizor\n|-damage|p1a: Scizor|80\/100\n|move|p1a: Scizor|U-turn|p2a: Pawmot\n|-resisted|p2a: Pawmot\n|-damage|p2a: Pawmot|0 fnt\n|faint|p2a: Pawmot\n|\n|t:|1699832708\n|switch|p1a: Meowscarada|Meowscarada, M|100\/100|[from] U-turn\n|\n|-weather|none\n|upkeep\n|\n|t:|1699832711\n|switch|p2a: Iron Leaves|Iron Leaves, tera:Psychic|33\/100\n|-activate|p2a: Iron Leaves|ability: Quark Drive\n|-start|p2a: Iron Leaves|quarkdrivespe\n|turn|14\n|\n|t:|1699832719\n|move|p2a: Iron Leaves|Close Combat|p1a: Meowscarada\n|-supereffective|p1a: Meowscarada\n|-damage|p1a: Meowscarada|0 fnt\n|-unboost|p2a: Iron Leaves|def|1\n|-unboost|p2a: Iron Leaves|spd|1\n|faint|p1a: Meowscarada\n|\n|upkeep\n|\n|t:|1699832728\n|switch|p1a: Scizor|Scizor, F|80\/100\n|turn|15\n|\n|t:|1699832731\n|-end|p2a: Iron Leaves|Quark Drive|[silent]\n|switch|p2a: Pelipper|Pelipper, M|72\/100\n|-weather|RainDance|[from] ability: Drizzle|[of] p2a: Pelipper\n|move|p1a: Scizor|Bullet Punch|p2a: Pelipper\n|-resisted|p2a: Pelipper\n|-damage|p2a: Pelipper|44\/100\n|\n|-weather|RainDance|[upkeep]\n|upkeep\n|turn|16\n|\n|t:|1699832745\n|switch|p1a: Garchomp|Garchomp, F|100\/100\n|move|p2a: Pelipper|Weather Ball|p1a: Garchomp\n|-damage|p1a: Garchomp|41\/100\n|\n|-weather|RainDance|[upkeep]\n|upkeep\n|turn|17\n|\n|t:|1699832754\n|move|p1a: Garchomp|Stealth Rock|p2a: Pelipper\n|-sidestart|p2: Jadenhess|move: Stealth Rock\n|move|p2a: Pelipper|Weather Ball|p1a: Garchomp\n|-damage|p1a: Garchomp|0 fnt\n|faint|p1a: Garchomp\n|\n|-weather|RainDance|[upkeep]\n|-fieldend|move: Electric Terrain\n|upkeep\n|\n|t:|1699832766\n|switch|p1a: Ogerpon|Ogerpon-Cornerstone, F|100\/100\n|turn|18\n|\n|t:|1699832770\n|move|p1a: Ogerpon|Ivy Cudgel|p2a: Pelipper\n|-supereffective|p2a: Pelipper\n|-damage|p2a: Pelipper|0 fnt\n|faint|p2a: Pelipper\n|\n|-weather|RainDance|[upkeep]\n|upkeep\n|\n|t:|1699832779\n|switch|p2a: Greninja|Greninja, M|100\/100\n|-damage|p2a: Greninja|88\/100|[from] Stealth Rock\n|turn|19\n|\n|t:|1699832784\n|move|p2a: Greninja|U-turn|p1a: Ogerpon\n|-start|p2a: Greninja|typechange|Bug|[from] ability: Protean\n|-supereffective|p1a: Ogerpon\n|-damage|p1a: Ogerpon|46\/100\n|\n|t:|1699832788\n|switch|p2a: Iron Leaves|Iron Leaves, tera:Psychic|33\/100|[from] U-turn\n|-damage|p2a: Iron Leaves|20\/100|[from] Stealth Rock\n|move|p1a: Ogerpon|Horn Leech|p2a: Iron Leaves\n|-damage|p2a: Iron Leaves|0 fnt\n|-heal|p1a: Ogerpon|59\/100|[from] drain|[of] p2a: Iron Leaves\n|faint|p2a: Iron Leaves\n|-end|p2a: Iron Leaves|Quark Drive|[silent]\n|\n|-weather|RainDance|[upkeep]\n|upkeep\n|\n|t:|1699832790\n|switch|p2a: Greninja|Greninja, M|88\/100\n|-damage|p2a: Greninja|76\/100|[from] Stealth Rock\n|turn|20\n|\n|t:|1699832803\n|move|p2a: Greninja|Hydro Pump|p1a: Ogerpon|[miss]\n|-start|p2a: Greninja|typechange|Water|[from] ability: Protean\n|-miss|p2a: Greninja|p1a: Ogerpon\n|move|p1a: Ogerpon|Horn Leech|p2a: Greninja\n|-supereffective|p2a: Greninja\n|-damage|p2a: Greninja|0 fnt\n|-heal|p1a: Ogerpon|95\/100|[from] drain|[of] p2a: Greninja\n|faint|p2a: Greninja\n|\n|-weather|RainDance|[upkeep]\n|upkeep\n|\n|t:|1699832806\n|switch|p2a: Raichu|Raichu-Alola, F|100\/100\n|-damage|p2a: Raichu|88\/100|[from] Stealth Rock\n|turn|21\n|\n|t:|1699832819\n|move|p1a: Ogerpon|Ivy Cudgel|p2a: Raichu\n|-damage|p2a: Raichu|0 fnt\n|faint|p2a: Raichu\n|\n|win|Judgieiscool\n|raw|Judgieiscool's rating: 1372 &rarr; <strong>1397<\/strong><br \/>(+25 for winning)\n|raw|Jadenhess's rating: 1465 &rarr; <strong>1440<\/strong><br \/>(-25 for losing)\n|l|\u2606Jadenhess\n","uploadtime":1699832829,"views":22,"p1id":"judgieiscool","p2id":"jadenhess","formatid":"gen9ou","rating":1397,"private":0,"password":""}