{"id":"gen9ou-1989207782","p1":"shuzoku","p2":"GorLeon","format":"[Gen 9] OU","log":"|j|\u2606shuzoku\n|j|\u2606GorLeon\n|t:|1699823506\n|gametype|singles\n|player|p1|shuzoku|riley|1492\n|player|p2|GorLeon|dragontamer|1372\n|teamsize|p1|6\n|teamsize|p2|6\n|gen|9\n|tier|[Gen 9] OU\n|rated|\n|rule|Sleep Clause Mod: Limit one foe put to sleep\n|rule|Species Clause: Limit one of each Pok\u00e9mon\n|rule|OHKO Clause: OHKO moves are banned\n|rule|Evasion Items Clause: Evasion items are banned\n|rule|Evasion Moves Clause: Evasion moves are banned\n|rule|Endless Battle Clause: Forcing endless battles is banned\n|rule|HP Percentage Mod: HP is shown in percentages\n|clearpoke\n|poke|p1|Garchomp, M|\n|poke|p1|Dondozo, M|\n|poke|p1|Skeledirge, F|\n|poke|p1|Gholdengo|\n|poke|p1|Great Tusk|\n|poke|p1|Zamazenta-*|\n|poke|p2|Cinderace, F|\n|poke|p2|Zapdos|\n|poke|p2|Ogerpon-Wellspring, F|\n|poke|p2|Slowking-Galar, F|\n|poke|p2|Ting-Lu|\n|poke|p2|Dondozo, M|\n|teampreview\n|inactive|Battle timer is ON: inactive players will automatically lose when time's up. (requested by GorLeon)\n|inactive|shuzoku also wants the timer to be on.\n|c|\u2606GorLeon|gl hf\n|inactive|GorLeon has 120 seconds left.\n|\n|t:|1699823541\n|start\n|switch|p1a: Garchomp|Garchomp, M|100\/100\n|switch|p2a: Ogerpon|Ogerpon-Wellspring, F|100\/100\n|turn|1\n|\n|t:|1699823556\n|move|p2a: Ogerpon|Knock Off|p1a: Garchomp\n|-damage|p1a: Garchomp|62\/100\n|-damage|p2a: Ogerpon|88\/100|[from] ability: Rough Skin|[of] p1a: Garchomp\n|-damage|p2a: Ogerpon|72\/100|[from] item: Rocky Helmet|[of] p1a: Garchomp\n|-enditem|p1a: Garchomp|Rocky Helmet|[from] move: Knock Off|[of] p2a: Ogerpon\n|move|p1a: Garchomp|Stealth Rock|p2a: Ogerpon\n|-sidestart|p2: GorLeon|move: Stealth Rock\n|\n|upkeep\n|turn|2\n|c|\u2606shuzoku|u2\n|\n|t:|1699823565\n|move|p2a: Ogerpon|Encore|p1a: Garchomp\n|-start|p1a: Garchomp|Encore\n|move|p1a: Garchomp|Stealth Rock||[still]\n|-fail|p1a: Garchomp\n|\n|upkeep\n|turn|3\n|\n|t:|1699823577\n|switch|p1a: Dondozo|Dondozo, M|100\/100\n|move|p2a: Ogerpon|Power Whip|p1a: Dondozo\n|-supereffective|p1a: Dondozo\n|-crit|p1a: Dondozo\n|-damage|p1a: Dondozo|0 fnt\n|faint|p1a: Dondozo\n|\n|upkeep\n|c|\u2606shuzoku|damn nice read\n|\n|t:|1699823587\n|switch|p1a: Zamazenta|Zamazenta|100\/100\n|-ability|p1a: Zamazenta|Dauntless Shield|boost\n|-boost|p1a: Zamazenta|def|1\n|turn|4\n|\n|t:|1699823598\n|switch|p2a: Dondozo|Dondozo, M|100\/100\n|move|p1a: Zamazenta|Iron Defense|p1a: Zamazenta\n|-boost|p1a: Zamazenta|def|2\n|\n|upkeep\n|turn|5\n|\n|t:|1699823606\n|move|p1a: Zamazenta|Substitute|p1a: Zamazenta\n|-start|p1a: Zamazenta|Substitute\n|-damage|p1a: Zamazenta|75\/100\n|move|p2a: Dondozo|Avalanche|p1a: Zamazenta\n|-activate|p1a: Zamazenta|move: Substitute|[damage]\n|\n|-heal|p1a: Zamazenta|82\/100|[from] item: Leftovers\n|upkeep\n|turn|6\n|\n|t:|1699823614\n|move|p1a: Zamazenta|Iron Defense|p1a: Zamazenta\n|-boost|p1a: Zamazenta|def|2\n|move|p2a: Dondozo|Body Press|p1a: Zamazenta\n|-end|p1a: Zamazenta|Substitute\n|\n|-heal|p1a: Zamazenta|88\/100|[from] item: Leftovers\n|upkeep\n|turn|7\n|\n|t:|1699823625\n|move|p1a: Zamazenta|Substitute|p1a: Zamazenta\n|-start|p1a: Zamazenta|Substitute\n|-damage|p1a: Zamazenta|63\/100\n|move|p2a: Dondozo|Body Press|p1a: Zamazenta\n|-activate|p1a: Zamazenta|move: Substitute|[damage]\n|\n|-heal|p1a: Zamazenta|69\/100|[from] item: Leftovers\n|upkeep\n|turn|8\n|\n|t:|1699823633\n|move|p1a: Zamazenta|Body Press|p2a: Dondozo\n|-damage|p2a: Dondozo|85\/100\n|move|p2a: Dondozo|Body Press|p1a: Zamazenta\n|-end|p1a: Zamazenta|Substitute\n|\n|-heal|p1a: Zamazenta|75\/100|[from] item: Leftovers\n|upkeep\n|turn|9\n|\n|t:|1699823654\n|switch|p1a: Gholdengo|Gholdengo|100\/100\n|switch|p2a: Ting-Lu|Ting-Lu|100\/100\n|-damage|p2a: Ting-Lu|94\/100|[from] Stealth Rock\n|-ability|p2a: Ting-Lu|Vessel of Ruin\n|\n|-heal|p2a: Ting-Lu|100\/100|[from] item: Leftovers\n|upkeep\n|turn|10\n|\n|t:|1699823677\n|move|p1a: Gholdengo|Trick|p2a: Ting-Lu\n|-activate|p1a: Gholdengo|move: Trick|[of] p2a: Ting-Lu\n|-item|p2a: Ting-Lu|Choice Scarf|[from] move: Trick\n|-item|p1a: Gholdengo|Leftovers|[from] move: Trick\n|move|p2a: Ting-Lu|Earthquake|p1a: Gholdengo\n|-supereffective|p1a: Gholdengo\n|-damage|p1a: Gholdengo|19\/100\n|\n|-heal|p1a: Gholdengo|25\/100|[from] item: Leftovers\n|upkeep\n|turn|11\n|\n|t:|1699823687\n|switch|p1a: Zamazenta|Zamazenta|75\/100\n|move|p2a: Ting-Lu|Earthquake|p1a: Zamazenta\n|-damage|p1a: Zamazenta|47\/100\n|\n|-heal|p1a: Zamazenta|54\/100|[from] item: Leftovers\n|upkeep\n|turn|12\n|\n|t:|1699823705\n|switch|p1a: Garchomp|Garchomp, M|62\/100\n|switch|p2a: Slowking|Slowking-Galar, F|100\/100\n|\n|upkeep\n|turn|13\n|\n|t:|1699823714\n|move|p2a: Slowking|Ice Beam|p1a: Garchomp\n|-supereffective|p1a: Garchomp\n|-damage|p1a: Garchomp|0 fnt\n|faint|p1a: Garchomp\n|\n|upkeep\n|\n|t:|1699823718\n|switch|p1a: Skeledirge|Skeledirge, F|100\/100\n|turn|14\n|\n|t:|1699823724\n|move|p1a: Skeledirge|Torch Song|p2a: Slowking\n|-damage|p2a: Slowking|75\/100\n|-boost|p1a: Skeledirge|spa|1\n|move|p2a: Slowking|Sludge Bomb|p1a: Skeledirge\n|-resisted|p1a: Skeledirge\n|-damage|p1a: Skeledirge|88\/100\n|\n|upkeep\n|turn|15\n|\n|t:|1699823738\n|move|p1a: Skeledirge|Torch Song|p2a: Slowking\n|-damage|p2a: Slowking|39\/100\n|-boost|p1a: Skeledirge|spa|1\n|move|p2a: Slowking|Sludge Bomb|p1a: Skeledirge\n|-resisted|p1a: Skeledirge\n|-damage|p1a: Skeledirge|77\/100\n|-status|p1a: Skeledirge|psn\n|\n|-damage|p1a: Skeledirge|64\/100 psn|[from] psn\n|upkeep\n|turn|16\n|\n|t:|1699823754\n|switch|p2a: Dondozo|Dondozo, M|85\/100\n|move|p1a: Skeledirge|Slack Off|p1a: Skeledirge\n|-heal|p1a: Skeledirge|100\/100 psn\n|\n|-damage|p1a: Skeledirge|88\/100 psn|[from] psn\n|upkeep\n|turn|17\n|inactive|GorLeon has 120 seconds left.\n|\n|t:|1699823787\n|switch|p1a: Gholdengo|Gholdengo|25\/100\n|switch|p2a: Ting-Lu|Ting-Lu|100\/100\n|-damage|p2a: Ting-Lu|94\/100|[from] Stealth Rock\n|-ability|p2a: Ting-Lu|Vessel of Ruin\n|\n|-heal|p1a: Gholdengo|31\/100|[from] item: Leftovers\n|upkeep\n|turn|18\n|inactive|GorLeon has 120 seconds left.\n|inactive|shuzoku has 120 seconds left.\n|\n|t:|1699823823\n|switch|p1a: Great Tusk|Great Tusk|100\/100\n|move|p2a: Ting-Lu|Earthquake|p1a: Great Tusk\n|-damage|p1a: Great Tusk|74\/100\n|\n|upkeep\n|turn|19\n|inactive|shuzoku has 120 seconds left.\n|-message|shuzoku forfeited.\n|\n|win|GorLeon\n|raw|shuzoku's rating: 1492 &rarr; <strong>1465<\/strong><br \/>(-27 for losing)\n|raw|GorLeon's rating: 1372 &rarr; <strong>1399<\/strong><br \/>(+27 for winning)\n|l|\u2606shuzoku\n","uploadtime":1699823837,"views":10,"p1id":"shuzoku","p2id":"gorleon","formatid":"gen9ou","rating":1399,"private":0,"password":""}