{"id":"gen9ou-1989701759","p1":"ChronoShadowGx","p2":"Axolitle","format":"[Gen 9] OU","log":"|j|\u2606ChronoShadowGx\n|j|\u2606Axolitle\n|t:|1699888267\n|gametype|singles\n|player|p1|ChronoShadowGx|burglar|1103\n|player|p2|Axolitle|hiker-gen1|1000\n|teamsize|p1|6\n|teamsize|p2|6\n|gen|9\n|tier|[Gen 9] OU\n|rated|\n|rule|Sleep Clause Mod: Limit one foe put to sleep\n|rule|Species Clause: Limit one of each Pok\u00e9mon\n|rule|OHKO Clause: OHKO moves are banned\n|rule|Evasion Items Clause: Evasion items are banned\n|rule|Evasion Moves Clause: Evasion moves are banned\n|rule|Endless Battle Clause: Forcing endless battles is banned\n|rule|HP Percentage Mod: HP is shown in percentages\n|clearpoke\n|poke|p1|Clefable, M|\n|poke|p1|Great Tusk|\n|poke|p1|Heatran, M|\n|poke|p1|Ribombee, F|\n|poke|p1|Clodsire, F|\n|poke|p1|Kingambit, M|\n|poke|p2|Kingambit, F|\n|poke|p2|Glimmora, F|\n|poke|p2|Zamazenta-*|\n|poke|p2|Iron Valiant|\n|poke|p2|Iron Moth|\n|poke|p2|Ogerpon-Wellspring, F|\n|teampreview\n|inactive|Battle timer is ON: inactive players will automatically lose when time's up. (requested by ChronoShadowGx)\n|\n|t:|1699888291\n|start\n|switch|p1a: Heatran|Heatran, M|100\/100\n|switch|p2a: Glimmora|Glimmora, F|100\/100\n|-item|p1a: Heatran|Air Balloon\n|turn|1\n|\n|t:|1699888299\n|move|p2a: Glimmora|Power Gem|p1a: Heatran\n|-damage|p1a: Heatran|61\/100\n|-enditem|p1a: Heatran|Air Balloon\n|move|p1a: Heatran|Magma Storm|p2a: Glimmora|[miss]\n|-miss|p1a: Heatran|p2a: Glimmora\n|\n|upkeep\n|turn|2\n|\n|t:|1699888305\n|move|p2a: Glimmora|Earth Power|p1a: Heatran\n|-supereffective|p1a: Heatran\n|-damage|p1a: Heatran|0 fnt\n|faint|p1a: Heatran\n|\n|upkeep\n|c|\u2606Axolitle|e\n|c|\u2606Axolitle|z\n|\n|t:|1699888310\n|switch|p1a: Great Tusk|Great Tusk|100\/100\n|turn|3\n|\n|t:|1699888319\n|switch|p2a: Ogerpon|Ogerpon-Wellspring, F|100\/100\n|move|p1a: Great Tusk|Headlong Rush|p2a: Ogerpon\n|-resisted|p2a: Ogerpon\n|-damage|p2a: Ogerpon|58\/100\n|-unboost|p1a: Great Tusk|def|1\n|-unboost|p1a: Great Tusk|spd|1\n|\n|upkeep\n|turn|4\n|\n|t:|1699888326\n|-end|p1a: Great Tusk|Protosynthesis|[silent]\n|switch|p1a: Clodsire|Clodsire, F|100\/100\n|move|p2a: Ogerpon|Ivy Cudgel|p1a: Clodsire\n|-immune|p1a: Clodsire|[from] ability: Water Absorb\n|\n|upkeep\n|turn|5\n|c|\u2606Axolitle|e z\n|\n|t:|1699888336\n|move|p2a: Ogerpon|Power Whip|p1a: Clodsire\n|-damage|p1a: Clodsire|27\/100\n|move|p1a: Clodsire|Stealth Rock|p2a: Ogerpon\n|-sidestart|p2: Axolitle|move: Stealth Rock\n|\n|-heal|p1a: Clodsire|33\/100|[from] item: Black Sludge\n|upkeep\n|turn|6\n|\n|t:|1699888348\n|move|p2a: Ogerpon|Knock Off|p1a: Clodsire\n|-damage|p1a: Clodsire|0 fnt\n|-enditem|p1a: Clodsire|Black Sludge|[from] move: Knock Off|[of] p2a: Ogerpon\n|faint|p1a: Clodsire\n|\n|upkeep\n|c|\u2606Axolitle|e\n|c|\u2606Axolitle|z\n|\n|t:|1699888358\n|switch|p1a: Kingambit|Kingambit, M|100\/100\n|-activate|p1a: Kingambit|ability: Supreme Overlord\n|-start|p1a: Kingambit|fallen2|[silent]\n|turn|7\n|\n|t:|1699888362\n|move|p2a: Ogerpon|Swords Dance|p2a: Ogerpon\n|-boost|p2a: Ogerpon|atk|2\n|move|p1a: Kingambit|Swords Dance|p1a: Kingambit\n|-boost|p1a: Kingambit|atk|2\n|\n|upkeep\n|turn|8\n|\n|t:|1699888368\n|move|p1a: Kingambit|Sucker Punch||[still]\n|-fail|p1a: Kingambit\n|move|p2a: Ogerpon|Swords Dance|p2a: Ogerpon\n|-boost|p2a: Ogerpon|atk|2\n|\n|upkeep\n|turn|9\n|\n|t:|1699888374\n|move|p1a: Kingambit|Sucker Punch|p2a: Ogerpon\n|-damage|p2a: Ogerpon|0 fnt\n|faint|p2a: Ogerpon\n|-damage|p1a: Kingambit|91\/100|[from] item: Life Orb\n|\n|upkeep\n|\n|t:|1699888377\n|switch|p2a: Zamazenta|Zamazenta, shiny|100\/100\n|-damage|p2a: Zamazenta|94\/100|[from] Stealth Rock\n|-ability|p2a: Zamazenta|Dauntless Shield|boost\n|-boost|p2a: Zamazenta|def|1\n|turn|10\n|c|\u2606ChronoShadowGx|e\n|c|\u2606ChronoShadowGx|z\n|c|\u2606Axolitle|noob\n|c|\u2606Axolitle|noob lol\n|inactive|ChronoShadowGx has 120 seconds left.\n|c|\u2606Axolitle|go or u bad\n|\n|t:|1699888421\n|move|p1a: Kingambit|Sucker Punch||[still]\n|-fail|p1a: Kingambit\n|move|p2a: Zamazenta|Iron Defense|p2a: Zamazenta\n|-boost|p2a: Zamazenta|def|2\n|\n|-heal|p2a: Zamazenta|100\/100|[from] item: Leftovers\n|upkeep\n|turn|11\n|c|\u2606Axolitle|e\n|c|\u2606Axolitle|z\n|\n|t:|1699888430\n|-end|p1a: Kingambit|fallen2|[silent]\n|switch|p1a: Ribombee|Ribombee, F, shiny|100\/100\n|move|p2a: Zamazenta|Iron Defense|p2a: Zamazenta\n|-boost|p2a: Zamazenta|def|2\n|\n|upkeep\n|turn|12\n|inactive|ChronoShadowGx has 120 seconds left.\n|\n|t:|1699888438\n|-terastallize|p2a: Zamazenta|Fire\n|move|p2a: Zamazenta|Body Press|p1a: Ribombee\n|-resisted|p1a: Ribombee\n|-damage|p1a: Ribombee|45\/100\n|move|p1a: Ribombee|Quiver Dance|p1a: Ribombee\n|-boost|p1a: Ribombee|spa|1\n|-boost|p1a: Ribombee|spd|1\n|-boost|p1a: Ribombee|spe|1\n|\n|upkeep\n|turn|13\n|c|\u2606Axolitle|e\n|c|\u2606Axolitle|z\n|inactive|ChronoShadowGx has 120 seconds left.\n|\n|t:|1699888452\n|-terastallize|p1a: Ribombee|Fairy\n|move|p1a: Ribombee|Draining Kiss|p2a: Zamazenta\n|-resisted|p2a: Zamazenta\n|-damage|p2a: Zamazenta|76\/100\n|-heal|p1a: Ribombee|68\/100|[from] drain|[of] p2a: Zamazenta\n|move|p2a: Zamazenta|Body Press|p1a: Ribombee\n|-resisted|p1a: Ribombee\n|-damage|p1a: Ribombee|0 fnt\n|faint|p1a: Ribombee\n|\n|-heal|p2a: Zamazenta|82\/100|[from] item: Leftovers\n|upkeep\n|c|\u2606Axolitle|2\n|inactive|ChronoShadowGx has 120 seconds left.\n|c|\u2606Axolitle|e\n|c|\u2606Axolitle|z\n|\n|t:|1699888462\n|switch|p1a: Clefable|Clefable, M|100\/100\n|turn|14\n|\n|t:|1699888467\n|move|p2a: Zamazenta|Body Press|p1a: Clefable\n|-resisted|p1a: Clefable\n|-damage|p1a: Clefable|33\/100\n|move|p1a: Clefable|Calm Mind|p1a: Clefable\n|-boost|p1a: Clefable|spa|1\n|-boost|p1a: Clefable|spd|1\n|\n|-heal|p2a: Zamazenta|88\/100|[from] item: Leftovers\n|-heal|p1a: Clefable|39\/100|[from] item: Leftovers\n|upkeep\n|turn|15\n|c|\u2606Axolitle|w\n|c|\u2606Axolitle|a\n|c|\u2606Axolitle|y\n|c|\u2606Axolitle|2\n|c|\u2606Axolitle|e\n|c|\u2606Axolitle|z\n|c|\u2606Axolitle|git gud\n|\n|t:|1699888478\n|move|p2a: Zamazenta|Body Press|p1a: Clefable\n|-resisted|p1a: Clefable\n|-damage|p1a: Clefable|0 fnt\n|faint|p1a: Clefable\n|\n|-heal|p2a: Zamazenta|94\/100|[from] item: Leftovers\n|upkeep\n|\n|t:|1699888484\n|switch|p1a: Great Tusk|Great Tusk|100\/100\n|turn|16\n|\n|t:|1699888487\n|move|p2a: Zamazenta|Body Press|p1a: Great Tusk\n|-damage|p1a: Great Tusk|15\/100\n|move|p1a: Great Tusk|Headlong Rush|p2a: Zamazenta\n|-supereffective|p2a: Zamazenta\n|-damage|p2a: Zamazenta|66\/100\n|-unboost|p1a: Great Tusk|def|1\n|-unboost|p1a: Great Tusk|spd|1\n|\n|-heal|p2a: Zamazenta|72\/100|[from] item: Leftovers\n|upkeep\n|turn|17\n|c|\u2606Axolitle|2\n|c|\u2606Axolitle|e\n|c|\u2606Axolitle|z\n|\n|t:|1699888496\n|move|p2a: Zamazenta|Body Press|p1a: Great Tusk\n|-damage|p1a: Great Tusk|0 fnt\n|faint|p1a: Great Tusk\n|-end|p1a: Great Tusk|Protosynthesis|[silent]\n|\n|-heal|p2a: Zamazenta|78\/100|[from] item: Leftovers\n|upkeep\n|\n|t:|1699888501\n|switch|p1a: Kingambit|Kingambit, M|91\/100\n|-activate|p1a: Kingambit|ability: Supreme Overlord\n|-start|p1a: Kingambit|fallen5|[silent]\n|turn|18\n|\n|t:|1699888509\n|move|p1a: Kingambit|Sucker Punch|p2a: Zamazenta\n|-damage|p2a: Zamazenta|58\/100\n|-damage|p1a: Kingambit|81\/100|[from] item: Life Orb\n|move|p2a: Zamazenta|Body Press|p1a: Kingambit\n|-supereffective|p1a: Kingambit\n|-damage|p1a: Kingambit|0 fnt\n|faint|p1a: Kingambit\n|-end|p1a: Kingambit|fallen5|[silent]\n|\n|win|Axolitle\n|raw|ChronoShadowGx's rating: 1103 &rarr; <strong>1071<\/strong><br \/>(-32 for losing)\n|raw|Axolitle's rating: 1000 &rarr; <strong>1052<\/strong><br \/>(+52 for winning)\n|c|\u2606Axolitle|noob lol\n","uploadtime":1699888518,"views":10,"p1id":"chronoshadowgx","p2id":"axolitle","formatid":"gen9ou","rating":1052,"private":0,"password":""}