{"id":"gen9ou-1997351478","p1":"d18l","p2":"tenouttaten123","format":"[Gen 9] OU","log":"|j|\u2606d18l\n|j|\u2606tenouttaten123\n|t:|1700792925\n|gametype|singles\n|player|p1|d18l|backpacker|1705\n|player|p2|tenouttaten123|2|1601\n|teamsize|p1|6\n|teamsize|p2|6\n|gen|9\n|tier|[Gen 9] OU\n|rated|\n|rule|Sleep Clause Mod: Limit one foe put to sleep\n|rule|Species Clause: Limit one of each Pok\u00e9mon\n|rule|OHKO Clause: OHKO moves are banned\n|rule|Evasion Items Clause: Evasion items are banned\n|rule|Evasion Moves Clause: Evasion moves are banned\n|rule|Endless Battle Clause: Forcing endless battles is banned\n|rule|HP Percentage Mod: HP is shown in percentages\n|clearpoke\n|poke|p1|Ribombee, F|\n|poke|p1|Gholdengo|\n|poke|p1|Great Tusk|\n|poke|p1|Kingambit, F|\n|poke|p1|Ogerpon-Wellspring, F|\n|poke|p1|Iron Moth|\n|poke|p2|Dragonite, F|\n|poke|p2|Landorus-Therian, M|\n|poke|p2|Garchomp, F|\n|poke|p2|Manaphy|\n|poke|p2|Tinkaton, F|\n|poke|p2|Tyranitar, F|\n|teampreview\n|\n|t:|1700792932\n|start\n|switch|p1a: Ribombee|Ribombee, F|100\/100\n|switch|p2a: Tinkaton|Tinkaton, F|100\/100\n|-ability|p2a: Tinkaton|Mold Breaker\n|turn|1\n|\n|t:|1700792938\n|move|p1a: Ribombee|Sticky Web|p2a: Tinkaton\n|-sidestart|p2: tenouttaten123|move: Sticky Web\n|move|p2a: Tinkaton|Thunder Wave|p1a: Ribombee\n|-status|p1a: Ribombee|par\n|\n|upkeep\n|turn|2\n|\n|t:|1700792941\n|move|p2a: Tinkaton|Encore|p1a: Ribombee\n|-start|p1a: Ribombee|Encore\n|move|p1a: Ribombee|Sticky Web||[still]\n|-fail|p1a: Ribombee\n|\n|upkeep\n|turn|3\n|\n|t:|1700792974\n|switch|p1a: Gholdengo|Gholdengo|100\/100\n|-item|p1a: Gholdengo|Air Balloon\n|move|p2a: Tinkaton|Stealth Rock|p1a: Gholdengo\n|-sidestart|p1: d18l|move: Stealth Rock\n|\n|upkeep\n|turn|4\n|\n|t:|1700792982\n|move|p2a: Tinkaton|Thunder Wave|p1a: Gholdengo\n|-status|p1a: Gholdengo|par\n|move|p1a: Gholdengo|Nasty Plot|p1a: Gholdengo\n|-boost|p1a: Gholdengo|spa|2\n|\n|upkeep\n|turn|5\n|\n|t:|1700792986\n|move|p2a: Tinkaton|Encore|p1a: Gholdengo\n|-start|p1a: Gholdengo|Encore\n|cant|p1a: Gholdengo|par\n|\n|upkeep\n|turn|6\n|\n|t:|1700792994\n|switch|p1a: Great Tusk|Great Tusk|100\/100\n|-damage|p1a: Great Tusk|97\/100|[from] Stealth Rock\n|-enditem|p1a: Great Tusk|Booster Energy\n|-activate|p1a: Great Tusk|ability: Protosynthesis|[fromitem]\n|-start|p1a: Great Tusk|protosynthesisspe\n|move|p2a: Tinkaton|Play Rough|p1a: Great Tusk\n|-supereffective|p1a: Great Tusk\n|-damage|p1a: Great Tusk|64\/100\n|\n|upkeep\n|turn|7\n|\n|t:|1700793002\n|switch|p2a: Garchomp|Garchomp, F|100\/100\n|-activate|p2a: Garchomp|move: Sticky Web\n|-unboost|p2a: Garchomp|spe|1\n|move|p1a: Great Tusk|Knock Off|p2a: Garchomp\n|-damage|p2a: Garchomp|73\/100\n|-damage|p1a: Great Tusk|51\/100|[from] ability: Rough Skin|[of] p2a: Garchomp\n|-enditem|p2a: Garchomp|Life Orb|[from] move: Knock Off|[of] p1a: Great Tusk\n|\n|upkeep\n|turn|8\n|\n|t:|1700793008\n|switch|p2a: Manaphy|Manaphy|100\/100\n|-activate|p2a: Manaphy|move: Sticky Web\n|-unboost|p2a: Manaphy|spe|1\n|move|p1a: Great Tusk|Rapid Spin|p2a: Manaphy\n|-damage|p2a: Manaphy|91\/100\n|-boost|p1a: Great Tusk|spe|1\n|-sideend|p1: d18l|Stealth Rock|[from] move: Rapid Spin|[of] p1a: Great Tusk\n|\n|-heal|p2a: Manaphy|97\/100|[from] item: Leftovers\n|upkeep\n|turn|9\n|\n|t:|1700793014\n|move|p1a: Great Tusk|Knock Off|p2a: Manaphy\n|-damage|p2a: Manaphy|76\/100\n|-enditem|p2a: Manaphy|Leftovers|[from] move: Knock Off|[of] p1a: Great Tusk\n|move|p2a: Manaphy|Scald|p1a: Great Tusk\n|-supereffective|p1a: Great Tusk\n|-damage|p1a: Great Tusk|0 fnt\n|faint|p1a: Great Tusk\n|-end|p1a: Great Tusk|Protosynthesis|[silent]\n|\n|upkeep\n|\n|t:|1700793023\n|switch|p1a: Ogerpon|Ogerpon-Wellspring, F|100\/100\n|turn|10\n|\n|t:|1700793029\n|switch|p2a: Landorus|Landorus-Therian, M|100\/100\n|-ability|p2a: Landorus|Intimidate|boost\n|-unboost|p1a: Ogerpon|atk|1\n|move|p1a: Ogerpon|Power Whip|p2a: Landorus\n|-damage|p2a: Landorus|50\/100\n|\n|upkeep\n|turn|11\n|\n|t:|1700793052\n|switch|p1a: Gholdengo|Gholdengo|100\/100 par\n|-item|p1a: Gholdengo|Air Balloon\n|move|p2a: Landorus|U-turn|p1a: Gholdengo\n|-resisted|p1a: Gholdengo\n|-damage|p1a: Gholdengo|96\/100 par\n|-enditem|p1a: Gholdengo|Air Balloon\n|\n|t:|1700793060\n|switch|p2a: Garchomp|Garchomp, F|73\/100|[from] U-turn\n|-activate|p2a: Garchomp|move: Sticky Web\n|-unboost|p2a: Garchomp|spe|1\n|\n|upkeep\n|turn|12\n|\n|t:|1700793069\n|switch|p1a: Ribombee|Ribombee, F|100\/100 par\n|move|p2a: Garchomp|Spikes|p1a: Ribombee\n|-sidestart|p1: d18l|Spikes\n|\n|upkeep\n|turn|13\n|\n|t:|1700793078\n|move|p2a: Garchomp|Earthquake|p1a: Ribombee\n|-resisted|p1a: Ribombee\n|-damage|p1a: Ribombee|61\/100 par\n|move|p1a: Ribombee|Moonblast|p2a: Garchomp\n|-supereffective|p2a: Garchomp\n|-damage|p2a: Garchomp|0 fnt\n|faint|p2a: Garchomp\n|\n|upkeep\n|\n|t:|1700793081\n|switch|p2a: Tinkaton|Tinkaton, F|100\/100\n|-ability|p2a: Tinkaton|Mold Breaker\n|turn|14\n|\n|t:|1700793127\n|switch|p1a: Iron Moth|Iron Moth|100\/100\n|-damage|p1a: Iron Moth|88\/100|[from] Spikes\n|-enditem|p1a: Iron Moth|Booster Energy\n|-activate|p1a: Iron Moth|ability: Quark Drive|[fromitem]\n|-start|p1a: Iron Moth|quarkdrivespe\n|move|p2a: Tinkaton|Stealth Rock|p1a: Iron Moth\n|-sidestart|p1: d18l|move: Stealth Rock\n|\n|upkeep\n|turn|15\n|\n|t:|1700793161\n|-terastallize|p2a: Tinkaton|Fairy\n|move|p1a: Iron Moth|Fiery Dance|p2a: Tinkaton\n|-damage|p2a: Tinkaton|66\/100\n|move|p2a: Tinkaton|Thunder Wave|p1a: Iron Moth\n|-status|p1a: Iron Moth|par\n|\n|upkeep\n|turn|16\n|\n|t:|1700793171\n|switch|p2a: Manaphy|Manaphy|76\/100\n|-activate|p2a: Manaphy|move: Sticky Web\n|-unboost|p2a: Manaphy|spe|1\n|cant|p1a: Iron Moth|par\n|\n|upkeep\n|turn|17\n|\n|t:|1700793190\n|move|p1a: Iron Moth|Sludge Wave|p2a: Manaphy\n|-damage|p2a: Manaphy|38\/100\n|-status|p2a: Manaphy|psn\n|move|p2a: Manaphy|Take Heart|p2a: Manaphy\n|-boost|p2a: Manaphy|spa|1\n|-boost|p2a: Manaphy|spd|1\n|-curestatus|p2a: Manaphy|psn|[msg]\n|\n|upkeep\n|turn|18\n|\n|t:|1700793195\n|-end|p1a: Iron Moth|Quark Drive|[silent]\n|switch|p1a: Ogerpon|Ogerpon-Wellspring, F|100\/100\n|-damage|p1a: Ogerpon|88\/100|[from] Spikes\n|-damage|p1a: Ogerpon|76\/100|[from] Stealth Rock\n|move|p2a: Manaphy|Acid Armor|p2a: Manaphy\n|-boost|p2a: Manaphy|def|2\n|\n|upkeep\n|turn|19\n|\n|t:|1700793200\n|move|p1a: Ogerpon|Encore|p2a: Manaphy\n|-start|p2a: Manaphy|Encore\n|move|p2a: Manaphy|Acid Armor|p2a: Manaphy\n|-boost|p2a: Manaphy|def|2\n|\n|upkeep\n|turn|20\n|\n|t:|1700793207\n|switch|p2a: Tinkaton|Tinkaton, F, tera:Fairy|66\/100\n|-ability|p2a: Tinkaton|Mold Breaker\n|move|p1a: Ogerpon|Ivy Cudgel|p2a: Tinkaton|[anim] Ivy Cudgel Water\n|-crit|p2a: Tinkaton\n|-damage|p2a: Tinkaton|0 fnt\n|faint|p2a: Tinkaton\n|\n|upkeep\n|\n|t:|1700793211\n|switch|p2a: Landorus|Landorus-Therian, M|50\/100\n|-ability|p2a: Landorus|Intimidate|boost\n|-unboost|p1a: Ogerpon|atk|1\n|turn|21\n|\n|t:|1700793215\n|switch|p1a: Iron Moth|Iron Moth|88\/100 par\n|-damage|p1a: Iron Moth|76\/100 par|[from] Spikes\n|-damage|p1a: Iron Moth|51\/100 par|[from] Stealth Rock\n|move|p2a: Landorus|U-turn|p1a: Iron Moth\n|-resisted|p1a: Iron Moth\n|-damage|p1a: Iron Moth|42\/100 par\n|\n|t:|1700793222\n|switch|p2a: Dragonite|Dragonite, F|100\/100|[from] U-turn\n|\n|upkeep\n|turn|22\n|\n|t:|1700793239\n|move|p2a: Dragonite|Dragon Dance|p2a: Dragonite\n|-boost|p2a: Dragonite|atk|1\n|-boost|p2a: Dragonite|spe|1\n|move|p1a: Iron Moth|Sludge Wave|p2a: Dragonite\n|-damage|p2a: Dragonite|75\/100\n|\n|upkeep\n|turn|23\n|\n|t:|1700793245\n|move|p2a: Dragonite|Earthquake|p1a: Iron Moth\n|-supereffective|p1a: Iron Moth\n|-damage|p1a: Iron Moth|0 fnt\n|faint|p1a: Iron Moth\n|-end|p1a: Iron Moth|Quark Drive|[silent]\n|\n|upkeep\n|\n|t:|1700793247\n|switch|p1a: Kingambit|Kingambit, F|100\/100\n|-damage|p1a: Kingambit|88\/100|[from] Spikes\n|-damage|p1a: Kingambit|82\/100|[from] Stealth Rock\n|-activate|p1a: Kingambit|ability: Supreme Overlord\n|-start|p1a: Kingambit|fallen2|[silent]\n|turn|24\n|\n|t:|1700793251\n|-terastallize|p1a: Kingambit|Fairy\n|move|p2a: Dragonite|Earthquake|p1a: Kingambit\n|-damage|p1a: Kingambit|31\/100\n|move|p1a: Kingambit|Tera Blast|p2a: Dragonite|[anim] Tera Blast Fairy\n|-supereffective|p2a: Dragonite\n|-damage|p2a: Dragonite|0 fnt\n|faint|p2a: Dragonite\n|\n|-heal|p1a: Kingambit|37\/100|[from] item: Leftovers\n|upkeep\n|\n|t:|1700793271\n|switch|p2a: Landorus|Landorus-Therian, M|50\/100\n|-ability|p2a: Landorus|Intimidate|boost\n|-unboost|p1a: Kingambit|atk|1\n|turn|25\n|j| sourmilkcereal\n|j| tkingofh\n|\n|t:|1700793301\n|-end|p1a: Kingambit|fallen2|[silent]\n|switch|p1a: Gholdengo|Gholdengo|96\/100 par\n|-damage|p1a: Gholdengo|83\/100 par|[from] Spikes\n|-damage|p1a: Gholdengo|77\/100 par|[from] Stealth Rock\n|move|p2a: Landorus|Earthquake|p1a: Gholdengo\n|-supereffective|p1a: Gholdengo\n|-crit|p1a: Gholdengo\n|-damage|p1a: Gholdengo|0 fnt\n|faint|p1a: Gholdengo\n|\n|upkeep\n|\n|t:|1700793307\n|switch|p1a: Ribombee|Ribombee, F|61\/100 par\n|-damage|p1a: Ribombee|48\/100 par|[from] Spikes\n|-damage|p1a: Ribombee|23\/100 par|[from] Stealth Rock\n|turn|26\n|\n|t:|1700793311\n|move|p2a: Landorus|Earthquake|p1a: Ribombee\n|-resisted|p1a: Ribombee\n|-damage|p1a: Ribombee|0 fnt\n|faint|p1a: Ribombee\n|\n|upkeep\n|\n|t:|1700793314\n|switch|p1a: Ogerpon|Ogerpon-Wellspring, F|76\/100\n|-damage|p1a: Ogerpon|64\/100|[from] Spikes\n|-damage|p1a: Ogerpon|51\/100|[from] Stealth Rock\n|turn|27\n|\n|t:|1700793321\n|switch|p2a: Manaphy|Manaphy|38\/100\n|-activate|p2a: Manaphy|move: Sticky Web\n|-unboost|p2a: Manaphy|spe|1\n|move|p1a: Ogerpon|Power Whip|p2a: Manaphy\n|-supereffective|p2a: Manaphy\n|-damage|p2a: Manaphy|0 fnt\n|faint|p2a: Manaphy\n|\n|upkeep\n|\n|t:|1700793324\n|switch|p2a: Landorus|Landorus-Therian, M|50\/100\n|-ability|p2a: Landorus|Intimidate|boost\n|-unboost|p1a: Ogerpon|atk|1\n|turn|28\n|\n|t:|1700793326\n|move|p2a: Landorus|U-turn|p1a: Ogerpon\n|-supereffective|p1a: Ogerpon\n|-damage|p1a: Ogerpon|0 fnt\n|faint|p1a: Ogerpon\n|\n|t:|1700793328\n|switch|p2a: Tyranitar|Tyranitar, F|100\/100|[from] U-turn\n|-activate|p2a: Tyranitar|move: Sticky Web\n|-unboost|p2a: Tyranitar|spe|1\n|-weather|Sandstorm|[from] ability: Sand Stream|[of] p2a: Tyranitar\n|\n|-weather|Sandstorm|[upkeep]\n|upkeep\n|\n|t:|1700793330\n|switch|p1a: Kingambit|Kingambit, F, tera:Fairy|37\/100\n|-damage|p1a: Kingambit|25\/100|[from] Spikes\n|-damage|p1a: Kingambit|12\/100|[from] Stealth Rock\n|-activate|p1a: Kingambit|ability: Supreme Overlord\n|-start|p1a: Kingambit|fallen5|[silent]\n|turn|29\n|\n|t:|1700793333\n|move|p1a: Kingambit|Tera Blast|p2a: Tyranitar|[anim] Tera Blast Fairy\n|-supereffective|p2a: Tyranitar\n|-damage|p2a: Tyranitar|0 fnt\n|faint|p2a: Tyranitar\n|\n|-weather|Sandstorm|[upkeep]\n|-damage|p1a: Kingambit|6\/100|[from] Sandstorm\n|-heal|p1a: Kingambit|12\/100|[from] item: Leftovers\n|upkeep\n|\n|t:|1700793336\n|switch|p2a: Landorus|Landorus-Therian, M|50\/100\n|-ability|p2a: Landorus|Intimidate|boost\n|-unboost|p1a: Kingambit|atk|1\n|turn|30\n|\n|t:|1700793337\n|move|p1a: Kingambit|Sucker Punch|p2a: Landorus\n|-damage|p2a: Landorus|0 fnt\n|faint|p2a: Landorus\n|\n|win|d18l\n|raw|d18l's rating: 1705 &rarr; <strong>1718<\/strong><br \/>(+13 for winning)\n|raw|tenouttaten123's rating: 1585 &rarr; <strong>1572<\/strong><br \/>(-13 for losing)\n|l|\u2606tenouttaten123\n|l| sourmilkcereal\n","uploadtime":1700793340,"views":5,"p1id":"d18l","p2id":"tenouttaten123","formatid":"gen9ou","rating":1572,"private":0,"password":""}