{"id":"gen9ou-1995013385","p1":"N-Zoroark stan","p2":"jw0311","format":"[Gen 9] OU","log":"|j|\u2606N-Zoroark stan\n|j|\u2606jw0311\n|t:|1700513385\n|gametype|singles\n|player|p1|N-Zoroark stan|riley|1746\n|player|p2|jw0311|ghetsis-gen5bw|1938\n|teamsize|p1|6\n|teamsize|p2|6\n|gen|9\n|tier|[Gen 9] OU\n|rated|\n|rule|Sleep Clause Mod: Limit one foe put to sleep\n|rule|Species Clause: Limit one of each Pok\u00e9mon\n|rule|OHKO Clause: OHKO moves are banned\n|rule|Evasion Items Clause: Evasion items are banned\n|rule|Evasion Moves Clause: Evasion moves are banned\n|rule|Endless Battle Clause: Forcing endless battles is banned\n|rule|HP Percentage Mod: HP is shown in percentages\n|clearpoke\n|poke|p1|Alomomola, M|\n|poke|p1|Slowking-Galar, M|\n|poke|p1|Zoroark-Hisui, F|\n|poke|p1|Corviknight, M|\n|poke|p1|Ting-Lu|\n|poke|p1|Dragonite, M|\n|poke|p2|Dragapult, F|\n|poke|p2|Toxapex, M|\n|poke|p2|Hatterene, F|\n|poke|p2|Kingambit, F|\n|poke|p2|Great Tusk|\n|poke|p2|Dondozo, F|\n|teampreview\n|inactive|Battle timer is ON: inactive players will automatically lose when time's up. (requested by jw0311)\n|inactive|N-Zoroark stan also wants the timer to be on.\n|c|\u2606N-Zoroark stan|glhf\n|inactive|N-Zoroark stan has 120 seconds left.\n|inactive|jw0311 has 120 seconds left.\n|\n|t:|1700513430\n|start\n|switch|p1a: Corviknight|Corviknight, M|100\/100\n|switch|p2a: Toxapex|Toxapex, M|100\/100\n|turn|1\n|\n|t:|1700513436\n|move|p1a: Corviknight|U-turn|p2a: Toxapex\n|-resisted|p2a: Toxapex\n|-damage|p2a: Toxapex|95\/100\n|\n|t:|1700513439\n|switch|p1a: Slowking|Slowking-Galar, M|100\/100|[from] U-turn\n|move|p2a: Toxapex|Surf|p1a: Slowking\n|-crit|p1a: Slowking\n|-damage|p1a: Slowking|65\/100\n|\n|-heal|p1a: Slowking|71\/100|[from] item: Leftovers\n|upkeep\n|turn|2\n|\n|t:|1700513447\n|switch|p2a: Kingambit|Kingambit, F|100\/100\n|move|p1a: Slowking|Chilly Reception|p1a: Slowking\n|-weather|Snow\n|\n|t:|1700513453\n|switch|p1a: Alomomola|Alomomola, M|100\/100|[from] Chilly Reception\n|\n|-weather|Snow|[upkeep]\n|upkeep\n|turn|3\n|\n|t:|1700513458\n|-end|p2a: Kingambit|fallenundefined|[silent]\n|switch|p2a: Toxapex|Toxapex, M|100\/100\n|move|p1a: Alomomola|Scald|p2a: Toxapex\n|-resisted|p2a: Toxapex\n|-damage|p2a: Toxapex|98\/100\n|\n|-weather|Snow|[upkeep]\n|upkeep\n|turn|4\n|\n|t:|1700513468\n|move|p1a: Alomomola|Flip Turn|p2a: Toxapex\n|-resisted|p2a: Toxapex\n|-damage|p2a: Toxapex|92\/100\n|\n|t:|1700513472\n|switch|p1a: Slowking|Slowking-Galar, M|100\/100|[from] Flip Turn\n|move|p2a: Toxapex|Infestation|p1a: Slowking\n|-damage|p1a: Slowking|97\/100\n|-activate|p1a: Slowking|move: Infestation|[of] p2a: Toxapex\n|\n|-weather|Snow|[upkeep]\n|-heal|p1a: Slowking|100\/100|[from] item: Leftovers\n|-damage|p1a: Slowking|88\/100|[from] move: Infestation|[partiallytrapped]\n|upkeep\n|turn|5\n|\n|t:|1700513476\n|switch|p2a: Kingambit|Kingambit, F|100\/100\n|move|p1a: Slowking|Future Sight|p2a: Kingambit\n|-start|p1a: Slowking|move: Future Sight\n|\n|-weather|Snow|[upkeep]\n|-heal|p1a: Slowking|94\/100|[from] item: Leftovers\n|-end|p1a: Slowking|Infestation|[partiallytrapped]|[silent]\n|upkeep\n|turn|6\n|j| basically_am_baby\n|\n|t:|1700513484\n|switch|p1a: Corviknight|Corviknight, M|100\/100\n|-ability|p1a: Corviknight|Pressure\n|move|p2a: Kingambit|Swords Dance|p2a: Kingambit\n|-boost|p2a: Kingambit|atk|2\n|\n|-weather|none\n|upkeep\n|turn|7\n|\n|t:|1700513492\n|-terastallize|p2a: Kingambit|Fire\n|move|p1a: Corviknight|Body Press|p2a: Kingambit\n|-damage|p2a: Kingambit|82\/100\n|move|p2a: Kingambit|Swords Dance|p2a: Kingambit\n|-boost|p2a: Kingambit|atk|2\n|\n|-end|p2a: Kingambit|move: Future Sight\n|-damage|p2a: Kingambit|36\/100\n|-heal|p2a: Kingambit|43\/100|[from] item: Leftovers\n|upkeep\n|turn|8\n|j| PlayForDreams\n|\n|t:|1700513502\n|switch|p1a: Alomomola|Alomomola, M|100\/100\n|move|p2a: Kingambit|Kowtow Cleave|p1a: Alomomola\n|-damage|p1a: Alomomola|16\/100\n|-enditem|p1a: Alomomola|Red Card|[of] p2a: Kingambit\n|-end|p2a: Kingambit|fallenundefined|[silent]\n|drag|p2a: Great Tusk|Great Tusk|100\/100\n|\n|upkeep\n|turn|9\n|\n|t:|1700513511\n|switch|p1a: Corviknight|Corviknight, M|100\/100\n|-ability|p1a: Corviknight|Pressure\n|move|p2a: Great Tusk|Stealth Rock|p1a: Corviknight\n|-sidestart|p1: N-Zoroark stan|move: Stealth Rock\n|\n|upkeep\n|turn|10\n|\n|t:|1700513516\n|move|p2a: Great Tusk|Knock Off|p1a: Corviknight\n|-damage|p1a: Corviknight|83\/100\n|-damage|p2a: Great Tusk|84\/100|[from] item: Rocky Helmet|[of] p1a: Corviknight\n|-enditem|p1a: Corviknight|Rocky Helmet|[from] move: Knock Off|[of] p2a: Great Tusk\n|move|p1a: Corviknight|Defog|p2a: Great Tusk\n|-unboost|p2a: Great Tusk|evasion|1\n|-sideend|p1: N-Zoroark stan|Stealth Rock|[from] move: Defog|[of] p1a: Corviknight\n|\n|-heal|p2a: Great Tusk|90\/100|[from] item: Leftovers\n|upkeep\n|turn|11\n|\n|t:|1700513519\n|move|p2a: Great Tusk|Stealth Rock|p1a: Corviknight\n|-sidestart|p1: N-Zoroark stan|move: Stealth Rock\n|move|p1a: Corviknight|Defog|p2a: Great Tusk\n|-unboost|p2a: Great Tusk|evasion|1\n|-sideend|p1: N-Zoroark stan|Stealth Rock|[from] move: Defog|[of] p1a: Corviknight\n|\n|-heal|p2a: Great Tusk|96\/100|[from] item: Leftovers\n|upkeep\n|turn|12\n|\n|t:|1700513524\n|move|p2a: Great Tusk|Stealth Rock|p1a: Corviknight\n|-sidestart|p1: N-Zoroark stan|move: Stealth Rock\n|move|p1a: Corviknight|Defog|p2a: Great Tusk\n|-unboost|p2a: Great Tusk|evasion|1\n|-sideend|p1: N-Zoroark stan|Stealth Rock|[from] move: Defog|[of] p1a: Corviknight\n|\n|-heal|p2a: Great Tusk|100\/100|[from] item: Leftovers\n|upkeep\n|turn|13\n|j| dfghhhg\n|\n|t:|1700513539\n|-end|p2a: Great Tusk|Protosynthesis|[silent]\n|switch|p2a: Hatterene|Hatterene, F|100\/100\n|move|p1a: Corviknight|Defog|p2a: Hatterene\n|move|p2a: Hatterene|Defog|p1a: Corviknight|[from]ability: Magic Bounce\n|-unboost|p1a: Corviknight|evasion|1\n|\n|upkeep\n|turn|14\n|j| geen idea\n|\n|t:|1700513547\n|move|p1a: Corviknight|U-turn|p2a: Hatterene\n|-damage|p2a: Hatterene|83\/100\n|\n|t:|1700513552\n|switch|p1a: Slowking|Slowking-Galar, M|100\/100|[from] U-turn\n|move|p2a: Hatterene|Nuzzle|p1a: Slowking\n|-damage|p1a: Slowking|97\/100\n|-status|p1a: Slowking|par\n|\n|-heal|p2a: Hatterene|89\/100|[from] item: Leftovers\n|-heal|p1a: Slowking|100\/100 par|[from] item: Leftovers\n|upkeep\n|turn|15\n|\n|t:|1700513559\n|switch|p2a: Dragapult|Dragapult, F|100\/100\n|move|p1a: Slowking|Chilly Reception|p1a: Slowking\n|-weather|Snow\n|\n|t:|1700513562\n|switch|p1a: Ting-Lu|Ting-Lu|100\/100|[from] Chilly Reception\n|-ability|p1a: Ting-Lu|Vessel of Ruin\n|\n|-weather|Snow|[upkeep]\n|upkeep\n|turn|16\n|\n|t:|1700513569\n|move|p2a: Dragapult|U-turn|p1a: Ting-Lu\n|-supereffective|p1a: Ting-Lu\n|-damage|p1a: Ting-Lu|83\/100\n|\n|t:|1700513574\n|switch|p2a: Hatterene|Hatterene, F|89\/100|[from] U-turn\n|move|p1a: Ting-Lu|Ruination|p2a: Hatterene\n|-damage|p2a: Hatterene|45\/100\n|\n|-weather|Snow|[upkeep]\n|-heal|p1a: Ting-Lu|89\/100|[from] item: Leftovers\n|-heal|p2a: Hatterene|50\/100|[from] item: Leftovers\n|upkeep\n|turn|17\n|\n|t:|1700513581\n|move|p1a: Ting-Lu|Earthquake|p2a: Hatterene\n|-damage|p2a: Hatterene|11\/100\n|move|p2a: Hatterene|Draining Kiss|p1a: Ting-Lu\n|-supereffective|p1a: Ting-Lu\n|-damage|p1a: Ting-Lu|65\/100\n|-heal|p2a: Hatterene|39\/100|[from] drain|[of] p1a: Ting-Lu\n|\n|-weather|Snow|[upkeep]\n|-heal|p1a: Ting-Lu|72\/100|[from] item: Leftovers\n|-heal|p2a: Hatterene|45\/100|[from] item: Leftovers\n|upkeep\n|turn|18\n|l| PlayForDreams\n|\n|t:|1700513593\n|switch|p1a: Slowking|Slowking-Galar, M|100\/100 par\n|move|p2a: Hatterene|Draining Kiss|p1a: Slowking\n|-resisted|p1a: Slowking\n|-damage|p1a: Slowking|90\/100 par\n|-heal|p2a: Hatterene|55\/100|[from] drain|[of] p1a: Slowking\n|\n|-weather|Snow|[upkeep]\n|-heal|p2a: Hatterene|61\/100|[from] item: Leftovers\n|-heal|p1a: Slowking|96\/100 par|[from] item: Leftovers\n|upkeep\n|turn|19\n|\n|t:|1700513599\n|switch|p2a: Dragapult|Dragapult, F|100\/100\n|move|p1a: Slowking|Chilly Reception|p1a: Slowking\n|\n|t:|1700513604\n|switch|p1a: Ting-Lu|Ting-Lu|72\/100|[from] Chilly Reception\n|-ability|p1a: Ting-Lu|Vessel of Ruin\n|\n|-weather|none\n|-heal|p1a: Ting-Lu|78\/100|[from] item: Leftovers\n|upkeep\n|turn|20\n|c| geen idea|wouldn't eq just kill?\n|\n|t:|1700513607\n|move|p2a: Dragapult|U-turn|p1a: Ting-Lu\n|-supereffective|p1a: Ting-Lu\n|-damage|p1a: Ting-Lu|59\/100\n|\n|t:|1700513611\n|switch|p2a: Great Tusk|Great Tusk|100\/100|[from] U-turn\n|move|p1a: Ting-Lu|Earthquake|p2a: Great Tusk\n|-damage|p2a: Great Tusk|84\/100\n|\n|-heal|p2a: Great Tusk|90\/100|[from] item: Leftovers\n|-heal|p1a: Ting-Lu|65\/100|[from] item: Leftovers\n|upkeep\n|turn|21\n|\n|t:|1700513615\n|switch|p1a: Corviknight|Corviknight, M|83\/100\n|-ability|p1a: Corviknight|Pressure\n|move|p2a: Great Tusk|Knock Off|p1a: Corviknight\n|-damage|p1a: Corviknight|71\/100\n|\n|-heal|p2a: Great Tusk|96\/100|[from] item: Leftovers\n|upkeep\n|turn|22\n|\n|t:|1700513625\n|-end|p2a: Great Tusk|Protosynthesis|[silent]\n|switch|p2a: Dragapult|Dragapult, F|100\/100\n|move|p1a: Corviknight|U-turn|p2a: Dragapult\n|-resisted|p2a: Dragapult\n|-damage|p2a: Dragapult|90\/100\n|\n|t:|1700513628\n|switch|p1a: Ting-Lu|Ting-Lu|65\/100|[from] U-turn\n|-ability|p1a: Ting-Lu|Vessel of Ruin\n|\n|-heal|p1a: Ting-Lu|71\/100|[from] item: Leftovers\n|upkeep\n|turn|23\n|\n|t:|1700513642\n|switch|p1a: Corviknight|Corviknight, M|71\/100\n|-ability|p1a: Corviknight|Pressure\n|move|p2a: Dragapult|U-turn|p1a: Corviknight\n|-resisted|p1a: Corviknight\n|-damage|p1a: Corviknight|69\/100\n|\n|t:|1700513648\n|switch|p2a: Hatterene|Hatterene, F|61\/100|[from] U-turn\n|\n|-heal|p2a: Hatterene|67\/100|[from] item: Leftovers\n|upkeep\n|turn|24\n|\n|t:|1700513652\n|move|p1a: Corviknight|U-turn|p2a: Hatterene\n|-damage|p2a: Hatterene|51\/100\n|\n|t:|1700513655\n|switch|p1a: Slowking|Slowking-Galar, M|100\/100 par|[from] U-turn\n|move|p2a: Hatterene|Mystical Fire|p1a: Slowking\n|-damage|p1a: Slowking|79\/100 par\n|-unboost|p1a: Slowking|spa|1\n|\n|-heal|p2a: Hatterene|57\/100|[from] item: Leftovers\n|-heal|p1a: Slowking|85\/100 par|[from] item: Leftovers\n|upkeep\n|turn|25\n|\n|t:|1700513659\n|move|p2a: Hatterene|Psyshock|p1a: Slowking\n|-damage|p1a: Slowking|48\/100 par\n|move|p1a: Slowking|Chilly Reception|p1a: Slowking\n|-weather|Snow\n|\n|t:|1700513666\n|switch|p1a: Ting-Lu|Ting-Lu|100\/100|[from] Chilly Reception\n|\n|-weather|Snow|[upkeep]\n|-heal|p2a: Hatterene|63\/100|[from] item: Leftovers\n|upkeep\n|turn|26\n|\n|t:|1700513671\n|switch|p2a: Toxapex|Toxapex, M|100\/100\n|move|p1a: Ting-Lu|Shadow Ball|p2a: Toxapex\n|-damage|p2a: Toxapex|76\/100\n|\n|-weather|Snow|[upkeep]\n|upkeep\n|turn|27\n|\n|t:|1700513675\n|move|p1a: Ting-Lu|U-turn|p2a: Toxapex\n|-resisted|p2a: Toxapex\n|-damage|p2a: Toxapex|70\/100\n|\n|t:|1700513679\n|switch|p1a: Slowking|Slowking-Galar, M|81\/100 par|[from] U-turn\n|move|p2a: Toxapex|Infestation|p1a: Slowking\n|-crit|p1a: Slowking\n|-damage|p1a: Slowking|76\/100 par\n|-activate|p1a: Slowking|move: Infestation|[of] p2a: Toxapex\n|\n|-weather|Snow|[upkeep]\n|-heal|p1a: Slowking|82\/100 par|[from] item: Leftovers\n|-damage|p1a: Slowking|70\/100 par|[from] move: Infestation|[partiallytrapped]\n|upkeep\n|turn|28\n|\n|t:|1700513685\n|move|p2a: Toxapex|Surf|p1a: Slowking\n|-damage|p1a: Slowking|48\/100 par\n|move|p1a: Slowking|Future Sight|p2a: Toxapex\n|-start|p1a: Slowking|move: Future Sight\n|\n|-weather|Snow|[upkeep]\n|-heal|p1a: Slowking|54\/100 par|[from] item: Leftovers\n|-damage|p1a: Slowking|42\/100 par|[from] move: Infestation|[partiallytrapped]\n|upkeep\n|turn|29\n|\n|t:|1700513691\n|move|p2a: Toxapex|Surf|p1a: Slowking\n|-damage|p1a: Slowking|20\/100 par\n|move|p1a: Slowking|Chilly Reception|p1a: Slowking\n|\n|t:|1700513700\n|switch|p1a: Dragonite|Dragonite, M|100\/100|[from] Chilly Reception\n|\n|-weather|none\n|upkeep\n|turn|30\n|\n|t:|1700513705\n|move|p1a: Dragonite|Earthquake|p2a: Toxapex\n|-supereffective|p2a: Toxapex\n|-damage|p2a: Toxapex|0 fnt\n|faint|p2a: Toxapex\n|\n|-hint|Future Sight did not hit because the target is fainted.\n|upkeep\n|\n|t:|1700513708\n|switch|p2a: Dragapult|Dragapult, F|90\/100\n|turn|31\n|\n|t:|1700513720\n|move|p2a: Dragapult|Draco Meteor|p1a: Dragonite\n|-supereffective|p1a: Dragonite\n|-damage|p1a: Dragonite|6\/100\n|-unboost|p2a: Dragapult|spa|2\n|move|p1a: Dragonite|Earthquake|p2a: Dragapult\n|-damage|p2a: Dragapult|14\/100\n|\n|upkeep\n|turn|32\n|\n|t:|1700513724\n|switch|p2a: Dondozo|Dondozo, F|100\/100\n|switch|p1a: Corviknight|Corviknight, M|69\/100\n|-ability|p1a: Corviknight|Pressure\n|\n|upkeep\n|turn|33\n|\n|t:|1700513730\n|move|p1a: Corviknight|U-turn|p2a: Dondozo\n|-crit|p2a: Dondozo\n|-damage|p2a: Dondozo|91\/100\n|-damage|p1a: Corviknight|52\/100|[from] item: Rocky Helmet|[of] p2a: Dondozo\n|\n|t:|1700513735\n|switch|p1a: Alomomola|Alomomola, M|50\/100|[from] U-turn\n|move|p2a: Dondozo|Curse|p2a: Dondozo\n|-unboost|p2a: Dondozo|spe|1\n|-boost|p2a: Dondozo|atk|1\n|-boost|p2a: Dondozo|def|1\n|\n|upkeep\n|turn|34\n|\n|t:|1700513746\n|switch|p2a: Hatterene|Hatterene, F|63\/100\n|move|p1a: Alomomola|Wish|p1a: Alomomola\n|\n|-heal|p2a: Hatterene|69\/100|[from] item: Leftovers\n|upkeep\n|turn|35\n|\n|t:|1700513754\n|move|p1a: Alomomola|Flip Turn|p2a: Hatterene\n|-damage|p2a: Hatterene|52\/100\n|\n|t:|1700513759\n|switch|p1a: Slowking|Slowking-Galar, M|54\/100 par|[from] Flip Turn\n|move|p2a: Hatterene|Draining Kiss|p1a: Slowking\n|-resisted|p1a: Slowking\n|-damage|p1a: Slowking|43\/100 par\n|-heal|p2a: Hatterene|62\/100|[from] drain|[of] p1a: Slowking\n|\n|-heal|p1a: Slowking|100\/100 par|[from] move: Wish|[wisher] Alomomola\n|-heal|p2a: Hatterene|68\/100|[from] item: Leftovers\n|upkeep\n|turn|36\n|\n|t:|1700513766\n|switch|p2a: Kingambit|Kingambit, F, tera:Fire|43\/100\n|-activate|p2a: Kingambit|ability: Supreme Overlord\n|-start|p2a: Kingambit|fallen1|[silent]\n|move|p1a: Slowking|Chilly Reception|p1a: Slowking\n|-weather|Snow\n|\n|t:|1700513771\n|switch|p1a: Alomomola|Alomomola, M|83\/100|[from] Chilly Reception\n|\n|-weather|Snow|[upkeep]\n|-heal|p2a: Kingambit|49\/100|[from] item: Leftovers\n|upkeep\n|turn|37\n|\n|t:|1700513777\n|-end|p2a: Kingambit|fallen1|[silent]\n|switch|p2a: Hatterene|Hatterene, F|68\/100\n|move|p1a: Alomomola|Scald|p2a: Hatterene\n|-crit|p2a: Hatterene\n|-damage|p2a: Hatterene|49\/100\n|\n|-weather|Snow|[upkeep]\n|-heal|p2a: Hatterene|55\/100|[from] item: Leftovers\n|upkeep\n|turn|38\n|\n|t:|1700513784\n|move|p1a: Alomomola|Flip Turn|p2a: Hatterene\n|-damage|p2a: Hatterene|34\/100\n|\n|t:|1700513790\n|switch|p1a: Slowking|Slowking-Galar, M|100\/100 par|[from] Flip Turn\n|move|p2a: Hatterene|Psyshock|p1a: Slowking\n|-damage|p1a: Slowking|63\/100 par\n|\n|-weather|Snow|[upkeep]\n|-heal|p2a: Hatterene|40\/100|[from] item: Leftovers\n|-heal|p1a: Slowking|69\/100 par|[from] item: Leftovers\n|upkeep\n|turn|39\n|\n|t:|1700513794\n|switch|p2a: Kingambit|Kingambit, F, tera:Fire|49\/100\n|-activate|p2a: Kingambit|ability: Supreme Overlord\n|-start|p2a: Kingambit|fallen1|[silent]\n|move|p1a: Slowking|Sludge Bomb|p2a: Kingambit\n|-damage|p2a: Kingambit|17\/100\n|\n|-weather|Snow|[upkeep]\n|-heal|p2a: Kingambit|24\/100|[from] item: Leftovers\n|-heal|p1a: Slowking|75\/100 par|[from] item: Leftovers\n|upkeep\n|turn|40\n|\n|t:|1700513802\n|switch|p1a: Alomomola|Alomomola, M|100\/100\n|move|p2a: Kingambit|Kowtow Cleave|p1a: Alomomola\n|-damage|p1a: Alomomola|69\/100\n|\n|-weather|none\n|-heal|p2a: Kingambit|30\/100|[from] item: Leftovers\n|upkeep\n|turn|41\n|\n|t:|1700513808\n|-end|p2a: Kingambit|fallen1|[silent]\n|switch|p2a: Hatterene|Hatterene, F|40\/100\n|move|p1a: Alomomola|Flip Turn|p2a: Hatterene\n|-damage|p2a: Hatterene|23\/100\n|\n|t:|1700513811\n|switch|p1a: Ting-Lu|Ting-Lu|100\/100|[from] Flip Turn\n|\n|-heal|p2a: Hatterene|29\/100|[from] item: Leftovers\n|upkeep\n|turn|42\n|\n|t:|1700513815\n|move|p1a: Ting-Lu|Shadow Ball|p2a: Hatterene\n|-supereffective|p2a: Hatterene\n|-damage|p2a: Hatterene|0 fnt\n|faint|p2a: Hatterene\n|\n|upkeep\n|\n|t:|1700513819\n|switch|p2a: Great Tusk|Great Tusk|96\/100\n|turn|43\n|\n|t:|1700513821\n|move|p1a: Ting-Lu|Grass Knot|p2a: Great Tusk\n|-supereffective|p2a: Great Tusk\n|-damage|p2a: Great Tusk|0 fnt\n|faint|p2a: Great Tusk\n|-end|p2a: Great Tusk|Protosynthesis|[silent]\n|\n|upkeep\n|\n|t:|1700513823\n|switch|p2a: Dragapult|Dragapult, F|14\/100\n|turn|44\n|\n|t:|1700513830\n|switch|p1a: Ting-Lu|Ting-Lu|71\/100\n|-ability|p1a: Ting-Lu|Vessel of Ruin\n|move|p2a: Dragapult|Draco Meteor|p1a: Ting-Lu\n|-damage|p1a: Ting-Lu|34\/100\n|-unboost|p2a: Dragapult|spa|2\n|\n|-heal|p1a: Ting-Lu|40\/100|[from] item: Leftovers\n|upkeep\n|turn|45\n|-message|jw0311 forfeited.\n|\n|win|N-Zoroark stan\n|raw|N-Zoroark stan's rating: 1746 &rarr; <strong>1776<\/strong><br \/>(+30 for winning)\n|raw|jw0311's rating: 1938 &rarr; <strong>1908<\/strong><br \/>(-30 for losing)\n|l|\u2606jw0311\n|j|\u2606jw0311\n|player|p2|jw0311|ghetsis-gen5bw\n|l|\u2606jw0311\n|player|p2|\n|c|\u2606N-Zoroark stan|ggwp\n","uploadtime":1700513853,"views":36,"p1id":"nzoroarkstan","p2id":"jw0311","formatid":"gen9ou","rating":1776,"private":0,"password":""}