{"id":"gen9ou-1996412250","p1":"darkkevo","p2":"Metalpicachu150","format":"[Gen 9] OU","log":"|j|\u2606darkkevo\n|j|\u2606Metalpicachu150\n|t:|1700679529\n|gametype|singles\n|player|p1|darkkevo|265|1000\n|player|p2|Metalpicachu150|red|1084\n|teamsize|p1|6\n|teamsize|p2|6\n|gen|9\n|tier|[Gen 9] OU\n|rated|\n|rule|Sleep Clause Mod: Limit one foe put to sleep\n|rule|Species Clause: Limit one of each Pok\u00e9mon\n|rule|OHKO Clause: OHKO moves are banned\n|rule|Evasion Items Clause: Evasion items are banned\n|rule|Evasion Moves Clause: Evasion moves are banned\n|rule|Endless Battle Clause: Forcing endless battles is banned\n|rule|HP Percentage Mod: HP is shown in percentages\n|clearpoke\n|poke|p1|Manaphy|\n|poke|p1|Kingambit, M|\n|poke|p1|Ribombee, F|\n|poke|p1|Gholdengo|\n|poke|p1|Iron Moth|\n|poke|p1|Passimian, F|\n|poke|p2|Samurott-Hisui, F|\n|poke|p2|Ursaluna, M|\n|poke|p2|Zapdos|\n|poke|p2|Clefable, M|\n|poke|p2|Ogerpon-Wellspring, F|\n|poke|p2|Great Tusk|\n|teampreview\n|inactive|Battle timer is ON: inactive players will automatically lose when time's up. (requested by darkkevo)\n|\n|t:|1700679540\n|start\n|switch|p1a: Ribombee|Ribombee, F, shiny|100\/100\n|switch|p2a: Ursaluna|Ursaluna, M|100\/100\n|turn|1\n|\n|t:|1700679547\n|move|p2a: Ursaluna|Protect|p2a: Ursaluna\n|-singleturn|p2a: Ursaluna|Protect\n|move|p1a: Ribombee|Sticky Web|p2a: Ursaluna\n|-sidestart|p2: Metalpicachu150|move: Sticky Web\n|\n|-status|p2a: Ursaluna|brn|[from] item: Flame Orb\n|upkeep\n|turn|2\n|\n|t:|1700679562\n|switch|p1a: Gholdengo|Gholdengo|100\/100\n|-item|p1a: Gholdengo|Air Balloon\n|move|p2a: Ursaluna|Facade|p1a: Gholdengo\n|-immune|p1a: Gholdengo\n|\n|-damage|p2a: Ursaluna|94\/100 brn|[from] brn\n|upkeep\n|turn|3\n|inactive|darkkevo has 120 seconds left.\n|\n|t:|1700679599\n|switch|p2a: Zapdos|Zapdos|100\/100\n|move|p1a: Gholdengo|Nasty Plot|p1a: Gholdengo\n|-boost|p1a: Gholdengo|spa|2\n|\n|upkeep\n|turn|4\n|inactive|darkkevo has 120 seconds left.\n|\n|t:|1700679609\n|move|p2a: Zapdos|Volt Switch|p1a: Gholdengo\n|-damage|p1a: Gholdengo|66\/100\n|-enditem|p1a: Gholdengo|Air Balloon\n|\n|t:|1700679613\n|switch|p2a: Ursaluna|Ursaluna, M|94\/100 brn|[from] Volt Switch\n|-activate|p2a: Ursaluna|move: Sticky Web\n|-unboost|p2a: Ursaluna|spe|1\n|move|p1a: Gholdengo|Shadow Ball|p2a: Ursaluna\n|-immune|p2a: Ursaluna\n|\n|-damage|p2a: Ursaluna|88\/100 brn|[from] brn\n|upkeep\n|turn|5\n|inactive|darkkevo has 120 seconds left.\n|\n|t:|1700679630\n|move|p1a: Gholdengo|Psyshock|p2a: Ursaluna\n|-damage|p2a: Ursaluna|49\/100 brn\n|move|p2a: Ursaluna|Earthquake|p1a: Gholdengo\n|-supereffective|p1a: Gholdengo\n|-damage|p1a: Gholdengo|0 fnt\n|faint|p1a: Gholdengo\n|\n|-damage|p2a: Ursaluna|43\/100 brn|[from] brn\n|upkeep\n|inactive|darkkevo has 120 seconds left.\n|\n|t:|1700679645\n|switch|p1a: Passimian|Passimian, F|100\/100\n|turn|6\n|inactive|darkkevo has 120 seconds left.\n|\n|t:|1700679650\n|switch|p2a: Great Tusk|Great Tusk|100\/100\n|-activate|p2a: Great Tusk|move: Sticky Web\n|-unboost|p2a: Great Tusk|spe|1\n|move|p1a: Passimian|U-turn|p2a: Great Tusk\n|-resisted|p2a: Great Tusk\n|-damage|p2a: Great Tusk|88\/100\n|inactive|darkkevo has 120 seconds left.\n|\n|t:|1700679657\n|switch|p1a: Manaphy|Manaphy|100\/100|[from] U-turn\n|\n|-heal|p2a: Great Tusk|94\/100|[from] item: Leftovers\n|upkeep\n|turn|7\n|inactive|darkkevo has 120 seconds left.\n|\n|t:|1700679670\n|move|p1a: Manaphy|Scald|p2a: Great Tusk\n|-supereffective|p2a: Great Tusk\n|-damage|p2a: Great Tusk|0 fnt\n|faint|p2a: Great Tusk\n|-end|p2a: Great Tusk|Protosynthesis|[silent]\n|\n|upkeep\n|\n|t:|1700679676\n|switch|p2a: Ogerpon|Ogerpon-Wellspring, F|100\/100\n|-activate|p2a: Ogerpon|move: Sticky Web\n|-unboost|p2a: Ogerpon|spe|1\n|turn|8\n|inactive|darkkevo has 120 seconds left.\n|\n|t:|1700679714\n|-terastallize|p1a: Manaphy|Poison\n|move|p1a: Manaphy|Acid Armor|p1a: Manaphy\n|-boost|p1a: Manaphy|def|2\n|move|p2a: Ogerpon|Horn Leech|p1a: Manaphy\n|-resisted|p1a: Manaphy\n|-damage|p1a: Manaphy|90\/100\n|\n|-heal|p1a: Manaphy|96\/100|[from] item: Leftovers\n|upkeep\n|turn|9\n|\n|t:|1700679727\n|move|p1a: Manaphy|Acid Armor|p1a: Manaphy\n|-boost|p1a: Manaphy|def|2\n|move|p2a: Ogerpon|Knock Off|p1a: Manaphy\n|-damage|p1a: Manaphy|84\/100\n|-enditem|p1a: Manaphy|Leftovers|[from] move: Knock Off|[of] p2a: Ogerpon\n|\n|upkeep\n|turn|10\n|\n|t:|1700679738\n|switch|p2a: Ursaluna|Ursaluna, M|43\/100 brn\n|-activate|p2a: Ursaluna|move: Sticky Web\n|-unboost|p2a: Ursaluna|spe|1\n|move|p1a: Manaphy|Acid Armor|p1a: Manaphy\n|-boost|p1a: Manaphy|def|2\n|\n|-damage|p2a: Ursaluna|37\/100 brn|[from] brn\n|upkeep\n|turn|11\n|\n|t:|1700679747\n|move|p1a: Manaphy|Scald|p2a: Ursaluna\n|-supereffective|p2a: Ursaluna\n|-damage|p2a: Ursaluna|0 fnt\n|faint|p2a: Ursaluna\n|\n|upkeep\n|\n|t:|1700679752\n|switch|p2a: Zapdos|Zapdos|100\/100\n|turn|12\n|inactive|darkkevo has 120 seconds left.\n|\n|t:|1700679774\n|move|p2a: Zapdos|Hurricane|p1a: Manaphy\n|-damage|p1a: Manaphy|35\/100\n|move|p1a: Manaphy|Stored Power|p2a: Zapdos\n|-damage|p2a: Zapdos|47\/100\n|\n|-heal|p2a: Zapdos|53\/100|[from] item: Leftovers\n|upkeep\n|turn|13\n|\n|t:|1700679786\n|move|p2a: Zapdos|Hurricane|p1a: Manaphy\n|-damage|p1a: Manaphy|0 fnt\n|faint|p1a: Manaphy\n|\n|-heal|p2a: Zapdos|60\/100|[from] item: Leftovers\n|upkeep\n|\n|t:|1700679799\n|switch|p1a: Iron Moth|Iron Moth|100\/100\n|-enditem|p1a: Iron Moth|Booster Energy\n|-activate|p1a: Iron Moth|ability: Quark Drive|[fromitem]\n|-start|p1a: Iron Moth|quarkdrivespe\n|turn|14\n|\n|t:|1700679809\n|move|p1a: Iron Moth|Substitute|p1a: Iron Moth\n|-start|p1a: Iron Moth|Substitute\n|-damage|p1a: Iron Moth|76\/100\n|move|p2a: Zapdos|Volt Switch|p1a: Iron Moth\n|-end|p1a: Iron Moth|Substitute\n|\n|t:|1700679814\n|switch|p2a: Samurott|Samurott-Hisui, F|100\/100|[from] Volt Switch\n|-activate|p2a: Samurott|move: Sticky Web\n|-unboost|p2a: Samurott|spe|1\n|\n|upkeep\n|turn|15\n|inactive|darkkevo has 120 seconds left.\n|\n|t:|1700679828\n|move|p1a: Iron Moth|Dazzling Gleam|p2a: Samurott\n|-supereffective|p2a: Samurott\n|-damage|p2a: Samurott|17\/100\n|move|p2a: Samurott|Razor Shell|p1a: Iron Moth\n|-supereffective|p1a: Iron Moth\n|-damage|p1a: Iron Moth|0 fnt\n|faint|p1a: Iron Moth\n|-end|p1a: Iron Moth|Quark Drive|[silent]\n|\n|upkeep\n|\n|t:|1700679842\n|switch|p1a: Passimian|Passimian, F|100\/100\n|turn|16\n|\n|t:|1700679848\n|move|p2a: Samurott|Protect|p2a: Samurott\n|-singleturn|p2a: Samurott|Protect\n|move|p1a: Passimian|U-turn|p2a: Samurott\n|-activate|p2a: Samurott|move: Protect\n|\n|upkeep\n|turn|17\n|\n|t:|1700679856\n|switch|p2a: Clefable|Clefable, M|100\/100\n|-activate|p2a: Clefable|move: Sticky Web\n|-unboost|p2a: Clefable|spe|1\n|move|p1a: Passimian|U-turn|p2a: Clefable\n|-resisted|p2a: Clefable\n|-damage|p2a: Clefable|87\/100\n|\n|t:|1700679863\n|switch|p1a: Kingambit|Kingambit, M|100\/100|[from] U-turn\n|-activate|p1a: Kingambit|ability: Supreme Overlord\n|-start|p1a: Kingambit|fallen3|[silent]\n|\n|-heal|p2a: Clefable|93\/100|[from] item: Leftovers\n|upkeep\n|turn|18\n|inactive|darkkevo has 120 seconds left.\n|\n|t:|1700679879\n|move|p1a: Kingambit|Swords Dance|p1a: Kingambit\n|-boost|p1a: Kingambit|atk|2\n|move|p2a: Clefable|Thunder Wave|p1a: Kingambit\n|-status|p1a: Kingambit|par\n|\n|-heal|p2a: Clefable|99\/100|[from] item: Leftovers\n|upkeep\n|turn|19\n|\n|t:|1700679888\n|move|p2a: Clefable|Wish|p2a: Clefable\n|move|p1a: Kingambit|Swords Dance|p1a: Kingambit\n|-boost|p1a: Kingambit|atk|2\n|\n|-heal|p2a: Clefable|100\/100|[from] item: Leftovers\n|upkeep\n|turn|20\n|\n|t:|1700679895\n|switch|p2a: Samurott|Samurott-Hisui, F|17\/100\n|-activate|p2a: Samurott|move: Sticky Web\n|-unboost|p2a: Samurott|spe|1\n|move|p1a: Kingambit|Swords Dance|p1a: Kingambit\n|-boost|p1a: Kingambit|atk|2\n|\n|-heal|p2a: Samurott|76\/100|[from] move: Wish|[wisher] Clefable\n|upkeep\n|turn|21\n|\n|t:|1700679905\n|cant|p1a: Kingambit|par\n|move|p2a: Samurott|Sacred Sword|p1a: Kingambit\n|-supereffective|p1a: Kingambit\n|-damage|p1a: Kingambit|0 fnt\n|faint|p1a: Kingambit\n|-end|p1a: Kingambit|fallen3|[silent]\n|\n|upkeep\n|\n|t:|1700679915\n|switch|p1a: Passimian|Passimian, F|100\/100\n|turn|22\n|\n|t:|1700679920\n|switch|p2a: Clefable|Clefable, M|100\/100\n|-activate|p2a: Clefable|move: Sticky Web\n|-unboost|p2a: Clefable|spe|1\n|move|p1a: Passimian|U-turn|p2a: Clefable\n|-resisted|p2a: Clefable\n|-damage|p2a: Clefable|88\/100\n|\n|t:|1700679926\n|switch|p1a: Ribombee|Ribombee, F, shiny|100\/100|[from] U-turn\n|\n|-heal|p2a: Clefable|94\/100|[from] item: Leftovers\n|upkeep\n|turn|23\n|\n|t:|1700679933\n|move|p1a: Ribombee|Stun Spore|p2a: Clefable\n|-status|p2a: Clefable|par\n|move|p2a: Clefable|Wish|p2a: Clefable\n|\n|-heal|p2a: Clefable|99\/100 par|[from] item: Leftovers\n|upkeep\n|turn|24\n|\n|t:|1700679940\n|switch|p2a: Zapdos|Zapdos|60\/100\n|move|p1a: Ribombee|Moonblast|p2a: Zapdos\n|-damage|p2a: Zapdos|17\/100\n|\n|-heal|p2a: Zapdos|75\/100|[from] move: Wish|[wisher] Clefable\n|-heal|p2a: Zapdos|81\/100|[from] item: Leftovers\n|upkeep\n|turn|25\n|\n|t:|1700679950\n|move|p1a: Ribombee|Psychic|p2a: Zapdos\n|-crit|p2a: Zapdos\n|-damage|p2a: Zapdos|40\/100\n|move|p2a: Zapdos|Hurricane|p1a: Ribombee\n|-supereffective|p1a: Ribombee\n|-enditem|p1a: Ribombee|Focus Sash\n|-damage|p1a: Ribombee|1\/100\n|\n|-heal|p2a: Zapdos|46\/100|[from] item: Leftovers\n|upkeep\n|turn|26\n|\n|t:|1700679961\n|move|p1a: Ribombee|Moonblast|p2a: Zapdos\n|-crit|p2a: Zapdos\n|-damage|p2a: Zapdos|0 fnt\n|faint|p2a: Zapdos\n|\n|upkeep\n|\n|t:|1700679966\n|switch|p2a: Clefable|Clefable, M|99\/100 par\n|-activate|p2a: Clefable|move: Sticky Web\n|-unboost|p2a: Clefable|spe|1\n|turn|27\n|\n|t:|1700679971\n|move|p1a: Ribombee|Psychic|p2a: Clefable\n|-damage|p2a: Clefable|74\/100 par\n|cant|p2a: Clefable|par\n|\n|-heal|p2a: Clefable|80\/100 par|[from] item: Leftovers\n|upkeep\n|turn|28\n|\n|t:|1700679979\n|move|p1a: Ribombee|Psychic|p2a: Clefable\n|-damage|p2a: Clefable|57\/100 par\n|move|p2a: Clefable|Moonblast|p1a: Ribombee\n|-damage|p1a: Ribombee|0 fnt\n|faint|p1a: Ribombee\n|\n|-heal|p2a: Clefable|63\/100 par|[from] item: Leftovers\n|upkeep\n|\n|t:|1700679986\n|switch|p1a: Passimian|Passimian, F|100\/100\n|turn|29\n|\n|t:|1700679998\n|move|p1a: Passimian|Earthquake|p2a: Clefable\n|-damage|p2a: Clefable|26\/100 par\n|cant|p2a: Clefable|par\n|\n|-heal|p2a: Clefable|32\/100 par|[from] item: Leftovers\n|upkeep\n|turn|30\n|\n|t:|1700680008\n|switch|p2a: Ogerpon|Ogerpon-Wellspring, F|100\/100\n|-activate|p2a: Ogerpon|move: Sticky Web\n|-unboost|p2a: Ogerpon|spe|1\n|move|p1a: Passimian|Earthquake|p2a: Ogerpon\n|-resisted|p2a: Ogerpon\n|-damage|p2a: Ogerpon|69\/100\n|\n|upkeep\n|turn|31\n|\n|t:|1700680016\n|-terastallize|p2a: Ogerpon|Water\n|detailschange|p2a: Ogerpon|Ogerpon-Wellspring-Tera, F, tera:Water\n|-ability|p2a: Ogerpon|Embody Aspect (Wellspring)|boost\n|-boost|p2a: Ogerpon|spd|1\n|move|p1a: Passimian|Earthquake|p2a: Ogerpon\n|-crit|p2a: Ogerpon\n|-damage|p2a: Ogerpon|0 fnt\n|faint|p2a: Ogerpon\n|\n|upkeep\n|\n|t:|1700680026\n|switch|p2a: Samurott|Samurott-Hisui, F|76\/100\n|-activate|p2a: Samurott|move: Sticky Web\n|-unboost|p2a: Samurott|spe|1\n|turn|32\n|\n|t:|1700680031\n|move|p1a: Passimian|Earthquake|p2a: Samurott\n|-damage|p2a: Samurott|14\/100\n|move|p2a: Samurott|Ceaseless Edge|p1a: Passimian|[miss]\n|-miss|p2a: Samurott|p1a: Passimian\n|\n|upkeep\n|turn|33\n|-message|Metalpicachu150 forfeited.\n|\n|win|darkkevo\n|raw|darkkevo's rating: 1000 &rarr; <strong>1049<\/strong><br \/>(+49 for winning)\n|raw|Metalpicachu150's rating: 1084 &rarr; <strong>1056<\/strong><br \/>(-28 for losing)\n|l|\u2606Metalpicachu150\n","uploadtime":1700680041,"views":15,"p1id":"darkkevo","p2id":"metalpicachu150","formatid":"gen9ou","rating":1049,"private":0,"password":""}