{"id":"gen9ou-1994638059","p1":"Manjack","p2":"Defog Conk Enjoyer","format":"[Gen 9] OU","log":"|j|\u2606Manjack\n|j|\u2606Defog Conk Enjoyer\n|t:|1700473554\n|gametype|singles\n|player|p1|Manjack|preschooler|1688\n|player|p2|Defog Conk Enjoyer|supernerd|1671\n|teamsize|p1|6\n|teamsize|p2|6\n|gen|9\n|tier|[Gen 9] OU\n|rated|\n|rule|Sleep Clause Mod: Limit one foe put to sleep\n|rule|Species Clause: Limit one of each Pok\u00e9mon\n|rule|OHKO Clause: OHKO moves are banned\n|rule|Evasion Items Clause: Evasion items are banned\n|rule|Evasion Moves Clause: Evasion moves are banned\n|rule|Endless Battle Clause: Forcing endless battles is banned\n|rule|HP Percentage Mod: HP is shown in percentages\n|clearpoke\n|poke|p1|Ogerpon, F|\n|poke|p1|Corviknight, M|\n|poke|p1|Dachsbun, F|\n|poke|p1|Ursaring, F|\n|poke|p1|Rotom-Wash|\n|poke|p1|Clodsire, M|\n|poke|p2|Hatterene, F|\n|poke|p2|Zapdos|\n|poke|p2|Gholdengo|\n|poke|p2|Kingambit, M|\n|poke|p2|Ceruledge, M|\n|poke|p2|Great Tusk|\n|teampreview\n|c|\u2606Manjack|Glhf\n|\n|t:|1700473568\n|start\n|switch|p1a: Rotom|Rotom-Wash|100\/100\n|switch|p2a: Ceruledge|Ceruledge, M, shiny|100\/100\n|turn|1\n|\n|t:|1700473574\n|move|p2a: Ceruledge|Swords Dance|p2a: Ceruledge\n|-boost|p2a: Ceruledge|atk|2\n|move|p1a: Rotom|Hydro Pump|p2a: Ceruledge\n|-supereffective|p2a: Ceruledge\n|-damage|p2a: Ceruledge|5\/100\n|\n|upkeep\n|turn|2\n|\n|t:|1700473583\n|switch|p1a: Ursaring|Ursaring, F|100\/100\n|move|p2a: Ceruledge|Poltergeist|p1a: Ursaring\n|-immune|p1a: Ursaring\n|\n|-status|p1a: Ursaring|tox|[from] item: Toxic Orb\n|upkeep\n|turn|3\n|\n|t:|1700473587\n|move|p1a: Ursaring|Earthquake|p2a: Ceruledge\n|-supereffective|p2a: Ceruledge\n|-crit|p2a: Ceruledge\n|-damage|p2a: Ceruledge|0 fnt\n|faint|p2a: Ceruledge\n|\n|-damage|p1a: Ursaring|94\/100 tox|[from] psn\n|upkeep\n|\n|t:|1700473594\n|switch|p2a: Kingambit|Kingambit, M|100\/100\n|-activate|p2a: Kingambit|ability: Supreme Overlord\n|-start|p2a: Kingambit|fallen1|[silent]\n|turn|4\n|j| AntiDinkus\n|\n|t:|1700473604\n|-terastallize|p2a: Kingambit|Flying\n|move|p1a: Ursaring|Fire Punch|p2a: Kingambit\n|-damage|p2a: Kingambit|78\/100\n|move|p2a: Kingambit|Swords Dance|p2a: Kingambit\n|-boost|p2a: Kingambit|atk|2\n|\n|-heal|p2a: Kingambit|84\/100|[from] item: Leftovers\n|-damage|p1a: Ursaring|82\/100 tox|[from] psn\n|upkeep\n|turn|5\n|\n|t:|1700473609\n|move|p1a: Ursaring|Facade|p2a: Kingambit\n|-damage|p2a: Kingambit|31\/100\n|move|p2a: Kingambit|Swords Dance|p2a: Kingambit\n|-boost|p2a: Kingambit|atk|2\n|\n|-heal|p2a: Kingambit|37\/100|[from] item: Leftovers\n|-damage|p1a: Ursaring|63\/100 tox|[from] psn\n|upkeep\n|turn|6\n|j| Ctannn\n|\n|t:|1700473623\n|switch|p1a: Clodsire|Clodsire, M|100\/100\n|move|p2a: Kingambit|Sucker Punch||[still]\n|-fail|p2a: Kingambit\n|\n|-heal|p2a: Kingambit|43\/100|[from] item: Leftovers\n|upkeep\n|turn|7\n|\n|t:|1700473628\n|move|p2a: Kingambit|Iron Head|p1a: Clodsire\n|-damage|p1a: Clodsire|47\/100\n|move|p1a: Clodsire|Toxic|p2a: Kingambit\n|-status|p2a: Kingambit|tox\n|\n|-heal|p2a: Kingambit|49\/100 tox|[from] item: Leftovers\n|-heal|p1a: Clodsire|53\/100|[from] item: Leftovers\n|-damage|p2a: Kingambit|43\/100 tox|[from] psn\n|upkeep\n|turn|8\n|j| Sur12\n|j| shinhow\n|\n|t:|1700473636\n|switch|p1a: Corviknight|Corviknight, M|100\/100\n|-ability|p1a: Corviknight|Pressure\n|move|p2a: Kingambit|Kowtow Cleave|p1a: Corviknight\n|-damage|p1a: Corviknight|4\/100\n|\n|-heal|p1a: Corviknight|10\/100|[from] item: Leftovers\n|-heal|p2a: Kingambit|49\/100 tox|[from] item: Leftovers\n|-damage|p2a: Kingambit|37\/100 tox|[from] psn\n|upkeep\n|turn|9\n|\n|t:|1700473639\n|move|p1a: Corviknight|Brave Bird|p2a: Kingambit\n|-damage|p2a: Kingambit|9\/100 tox\n|-damage|p1a: Corviknight|0 fnt|[from] Recoil\n|faint|p1a: Corviknight\n|move|p2a: Kingambit|Kowtow Cleave|p1: Corviknight|[notarget]\n|-fail|p2a: Kingambit\n|\n|-heal|p2a: Kingambit|16\/100 tox|[from] item: Leftovers\n|-damage|p2a: Kingambit|0 fnt|[from] psn\n|faint|p2a: Kingambit\n|-end|p2a: Kingambit|fallen1|[silent]\n|upkeep\n|\n|t:|1700473648\n|switch|p1a: Rotom|Rotom-Wash|100\/100\n|switch|p2a: Zapdos|Zapdos, shiny|100\/100\n|turn|10\n|\n|t:|1700473651\n|move|p2a: Zapdos|Volt Switch|p1a: Rotom\n|-damage|p1a: Rotom|70\/100\n|\n|t:|1700473656\n|switch|p2a: Gholdengo|Gholdengo|100\/100|[from] Volt Switch\n|move|p1a: Rotom|Volt Switch|p2a: Gholdengo\n|-damage|p2a: Gholdengo|72\/100\n|\n|t:|1700473663\n|switch|p1a: Ogerpon|Ogerpon, F|100\/100|[from] Volt Switch\n|\n|-heal|p2a: Gholdengo|78\/100|[from] item: Leftovers\n|upkeep\n|turn|11\n|\n|t:|1700473665\n|move|p1a: Ogerpon|Swords Dance|p1a: Ogerpon\n|-boost|p1a: Ogerpon|atk|2\n|move|p2a: Gholdengo|Reflect|p2a: Gholdengo\n|-sidestart|p2: Defog Conk Enjoyer|Reflect\n|\n|-heal|p2a: Gholdengo|84\/100|[from] item: Leftovers\n|upkeep\n|turn|12\n|\n|t:|1700473670\n|move|p1a: Ogerpon|Knock Off|p2a: Gholdengo\n|-supereffective|p2a: Gholdengo\n|-crit|p2a: Gholdengo\n|-damage|p2a: Gholdengo|0 fnt\n|-enditem|p2a: Gholdengo|Leftovers|[from] move: Knock Off|[of] p1a: Ogerpon\n|faint|p2a: Gholdengo\n|\n|upkeep\n|c| AntiDinkus|Wait why toxic orb over flame orb guts negates burn damage reduction right?\n|j| dfghhhg\n|\n|t:|1700473677\n|switch|p2a: Zapdos|Zapdos, shiny|100\/100\n|turn|13\n|c|\u2606Manjack|Quick Feet\n|c| AntiDinkus|Aaaah nice set\n|c|\u2606Manjack|Also why it's ursaring not luna\n|\n|t:|1700473696\n|switch|p1a: Clodsire|Clodsire, M|53\/100\n|move|p2a: Zapdos|Hurricane|p1a: Clodsire\n|-damage|p1a: Clodsire|26\/100\n|-start|p1a: Clodsire|confusion\n|\n|-heal|p1a: Clodsire|32\/100|[from] item: Leftovers\n|upkeep\n|turn|14\n|\n|t:|1700473704\n|switch|p2a: Hatterene|Hatterene, F, shiny|100\/100\n|-activate|p1a: Clodsire|confusion\n|move|p1a: Clodsire|Recover|p1a: Clodsire\n|-heal|p1a: Clodsire|82\/100\n|\n|-heal|p1a: Clodsire|88\/100|[from] item: Leftovers\n|upkeep\n|turn|15\n|c| AntiDinkus|Makes way more sense now\n|\n|t:|1700473713\n|switch|p1a: Ursaring|Ursaring, F|63\/100 tox\n|move|p2a: Hatterene|Psyshock|p1a: Ursaring\n|-damage|p1a: Ursaring|0 fnt\n|faint|p1a: Ursaring\n|\n|-sideend|p2: Defog Conk Enjoyer|Reflect\n|upkeep\n|\n|t:|1700473716\n|switch|p1a: Ogerpon|Ogerpon, F|100\/100\n|turn|16\n|l| AntiDinkus\n|l| Ctannn\n|\n|t:|1700473736\n|move|p1a: Ogerpon|Rock Tomb|p2a: Hatterene\n|-damage|p2a: Hatterene|78\/100\n|-unboost|p2a: Hatterene|spe|1\n|move|p2a: Hatterene|Trick Room|p2a: Hatterene\n|-fieldstart|move: Trick Room|[of] p2a: Hatterene\n|\n|-heal|p2a: Hatterene|84\/100|[from] item: Leftovers\n|upkeep\n|turn|17\n|\n|t:|1700473746\n|move|p2a: Hatterene|Psyshock|p1a: Ogerpon\n|-damage|p1a: Ogerpon|53\/100\n|move|p1a: Ogerpon|Swords Dance|p1a: Ogerpon\n|-boost|p1a: Ogerpon|atk|2\n|\n|-heal|p2a: Hatterene|90\/100|[from] item: Leftovers\n|-heal|p1a: Ogerpon|59\/100|[from] item: Leftovers\n|upkeep\n|turn|18\n|\n|t:|1700473751\n|move|p2a: Hatterene|Psyshock|p1a: Ogerpon\n|-crit|p1a: Ogerpon\n|-damage|p1a: Ogerpon|0 fnt\n|faint|p1a: Ogerpon\n|\n|-heal|p2a: Hatterene|95\/100|[from] item: Leftovers\n|upkeep\n|j| AntiDinkus\n|c|\u2606Manjack|oop\n|\n|t:|1700473764\n|switch|p1a: Clodsire|Clodsire, M|88\/100\n|turn|19\n|\n|t:|1700473769\n|-terastallize|p1a: Clodsire|Dark\n|move|p2a: Hatterene|Psyshock|p1a: Clodsire\n|-immune|p1a: Clodsire\n|move|p1a: Clodsire|Earthquake|p2a: Hatterene\n|-damage|p2a: Hatterene|63\/100\n|\n|-heal|p2a: Hatterene|69\/100|[from] item: Leftovers\n|-heal|p1a: Clodsire|94\/100|[from] item: Leftovers\n|upkeep\n|turn|20\n|\n|t:|1700473772\n|move|p2a: Hatterene|Draining Kiss|p1a: Clodsire\n|-supereffective|p1a: Clodsire\n|-damage|p1a: Clodsire|63\/100\n|-heal|p2a: Hatterene|100\/100|[from] drain|[of] p1a: Clodsire\n|move|p1a: Clodsire|Earthquake|p2a: Hatterene\n|-damage|p2a: Hatterene|72\/100\n|\n|-heal|p2a: Hatterene|78\/100|[from] item: Leftovers\n|-heal|p1a: Clodsire|69\/100|[from] item: Leftovers\n|-fieldend|move: Trick Room\n|upkeep\n|turn|21\n|\n|t:|1700473785\n|switch|p2a: Great Tusk|Great Tusk|100\/100\n|move|p1a: Clodsire|Earthquake|p2a: Great Tusk\n|-damage|p2a: Great Tusk|89\/100\n|\n|-heal|p2a: Great Tusk|95\/100|[from] item: Leftovers\n|-heal|p1a: Clodsire|75\/100|[from] item: Leftovers\n|upkeep\n|turn|22\n|\n|t:|1700473792\n|-end|p2a: Great Tusk|Protosynthesis|[silent]\n|switch|p2a: Hatterene|Hatterene, F, shiny|78\/100\n|switch|p1a: Rotom|Rotom-Wash|70\/100\n|\n|-heal|p1a: Rotom|76\/100|[from] item: Leftovers\n|-heal|p2a: Hatterene|84\/100|[from] item: Leftovers\n|upkeep\n|turn|23\n|\n|t:|1700473801\n|move|p1a: Rotom|Hydro Pump|p2a: Hatterene|[miss]\n|-miss|p1a: Rotom|p2a: Hatterene\n|move|p2a: Hatterene|Trick Room|p2a: Hatterene\n|-fieldstart|move: Trick Room|[of] p2a: Hatterene\n|\n|-heal|p2a: Hatterene|90\/100|[from] item: Leftovers\n|-heal|p1a: Rotom|82\/100|[from] item: Leftovers\n|upkeep\n|turn|24\n|c|\u2606Manjack|good grief\n|\n|t:|1700473809\n|move|p1a: Rotom|Protect|p1a: Rotom\n|-singleturn|p1a: Rotom|Protect\n|move|p2a: Hatterene|Draining Kiss|p1a: Rotom\n|-activate|p1a: Rotom|move: Protect\n|\n|-heal|p2a: Hatterene|96\/100|[from] item: Leftovers\n|-heal|p1a: Rotom|89\/100|[from] item: Leftovers\n|upkeep\n|turn|25\n|\n|t:|1700473813\n|move|p2a: Hatterene|Draining Kiss|p1a: Rotom\n|-damage|p1a: Rotom|55\/100\n|-heal|p2a: Hatterene|100\/100|[from] drain|[of] p1a: Rotom\n|move|p1a: Rotom|Volt Switch|p2a: Hatterene\n|-damage|p2a: Hatterene|70\/100\n|\n|t:|1700473816\n|switch|p1a: Dachsbun|Dachsbun, F|100\/100|[from] Volt Switch\n|\n|-heal|p2a: Hatterene|75\/100|[from] item: Leftovers\n|upkeep\n|turn|26\n|\n|t:|1700473822\n|move|p2a: Hatterene|Psyshock|p1a: Dachsbun\n|-damage|p1a: Dachsbun|55\/100\n|move|p1a: Dachsbun|Wish|p1a: Dachsbun\n|\n|-heal|p2a: Hatterene|81\/100|[from] item: Leftovers\n|-heal|p1a: Dachsbun|61\/100|[from] item: Leftovers\n|upkeep\n|turn|27\n|\n|t:|1700473830\n|move|p2a: Hatterene|Draining Kiss|p1a: Dachsbun\n|-damage|p1a: Dachsbun|32\/100\n|-heal|p2a: Hatterene|100\/100|[from] drain|[of] p1a: Dachsbun\n|move|p1a: Dachsbun|Body Press|p2a: Hatterene\n|-resisted|p2a: Hatterene\n|-damage|p2a: Hatterene|95\/100\n|\n|-heal|p1a: Dachsbun|82\/100|[from] move: Wish|[wisher] Dachsbun\n|-heal|p2a: Hatterene|100\/100|[from] item: Leftovers\n|-heal|p1a: Dachsbun|88\/100|[from] item: Leftovers\n|-fieldend|move: Trick Room\n|upkeep\n|turn|28\n|\n|t:|1700473842\n|move|p1a: Dachsbun|Copycat|p1a: Dachsbun\n|move|p1a: Dachsbun|Body Press|p2a: Hatterene|[from]move: Copycat\n|-resisted|p2a: Hatterene\n|-damage|p2a: Hatterene|95\/100\n|move|p2a: Hatterene|Psyshock|p1a: Dachsbun\n|-damage|p1a: Dachsbun|45\/100\n|\n|-heal|p1a: Dachsbun|50\/100|[from] item: Leftovers\n|-heal|p2a: Hatterene|100\/100|[from] item: Leftovers\n|upkeep\n|turn|29\n|\n|t:|1700473853\n|move|p1a: Dachsbun|Wish|p1a: Dachsbun\n|move|p2a: Hatterene|Draining Kiss|p1a: Dachsbun\n|-damage|p1a: Dachsbun|25\/100\n|\n|-heal|p1a: Dachsbun|31\/100|[from] item: Leftovers\n|upkeep\n|turn|30\n|\n|t:|1700473857\n|switch|p2a: Great Tusk|Great Tusk|95\/100\n|move|p1a: Dachsbun|Protect||[still]\n|-fail|p1a: Dachsbun\n|\n|-heal|p1a: Dachsbun|81\/100|[from] move: Wish|[wisher] Dachsbun\n|-heal|p1a: Dachsbun|87\/100|[from] item: Leftovers\n|-heal|p2a: Great Tusk|100\/100|[from] item: Leftovers\n|upkeep\n|turn|31\n|\n|t:|1700473862\n|move|p1a: Dachsbun|Wish|p1a: Dachsbun\n|move|p2a: Great Tusk|Knock Off|p1a: Dachsbun\n|-resisted|p1a: Dachsbun\n|-damage|p1a: Dachsbun|73\/100\n|-enditem|p1a: Dachsbun|Leftovers|[from] move: Knock Off|[of] p2a: Great Tusk\n|\n|upkeep\n|turn|32\n|\n|t:|1700473867\n|switch|p1a: Rotom|Rotom-Wash|55\/100\n|move|p2a: Great Tusk|Stealth Rock|p1a: Rotom\n|-sidestart|p1: Manjack|move: Stealth Rock\n|\n|-heal|p1a: Rotom|100\/100|[from] move: Wish|[wisher] Dachsbun\n|upkeep\n|turn|33\n|\n|t:|1700473872\n|-end|p2a: Great Tusk|Protosynthesis|[silent]\n|switch|p2a: Zapdos|Zapdos, shiny|100\/100\n|move|p1a: Rotom|Hydro Pump|p2a: Zapdos\n|-damage|p2a: Zapdos|63\/100\n|\n|upkeep\n|turn|34\n|\n|t:|1700473877\n|move|p2a: Zapdos|Roost|p2a: Zapdos\n|-heal|p2a: Zapdos|100\/100\n|-singleturn|p2a: Zapdos|move: Roost\n|move|p1a: Rotom|Hydro Pump|p2a: Zapdos\n|-damage|p2a: Zapdos|62\/100\n|\n|upkeep\n|turn|35\n|\n|t:|1700473887\n|move|p2a: Zapdos|Volt Switch|p1a: Rotom\n|-damage|p1a: Rotom|68\/100\n|\n|t:|1700473889\n|switch|p2a: Hatterene|Hatterene, F, shiny|100\/100|[from] Volt Switch\n|move|p1a: Rotom|Volt Switch|p2a: Hatterene\n|-damage|p2a: Hatterene|66\/100\n|\n|t:|1700473896\n|switch|p1a: Dachsbun|Dachsbun, F|73\/100|[from] Volt Switch\n|-damage|p1a: Dachsbun|61\/100|[from] Stealth Rock\n|\n|-heal|p2a: Hatterene|72\/100|[from] item: Leftovers\n|upkeep\n|turn|36\n|\n|t:|1700473905\n|move|p1a: Dachsbun|Wish|p1a: Dachsbun\n|move|p2a: Hatterene|Psyshock|p1a: Dachsbun\n|-damage|p1a: Dachsbun|17\/100\n|\n|-heal|p2a: Hatterene|78\/100|[from] item: Leftovers\n|upkeep\n|turn|37\n|\n|t:|1700473912\n|switch|p2a: Great Tusk|Great Tusk|100\/100\n|move|p1a: Dachsbun|Protect||[still]\n|-fail|p1a: Dachsbun\n|\n|-heal|p1a: Dachsbun|67\/100|[from] move: Wish|[wisher] Dachsbun\n|upkeep\n|turn|38\n|l| dfghhhg\n|\n|t:|1700473917\n|switch|p1a: Rotom|Rotom-Wash|68\/100\n|-damage|p1a: Rotom|55\/100|[from] Stealth Rock\n|move|p2a: Great Tusk|Earthquake|p1a: Rotom\n|-immune|p1a: Rotom|[from] ability: Levitate\n|\n|-heal|p1a: Rotom|62\/100|[from] item: Leftovers\n|upkeep\n|turn|39\n|\n|t:|1700473923\n|move|p1a: Rotom|Will-O-Wisp|p2a: Great Tusk|[miss]\n|-miss|p1a: Rotom|p2a: Great Tusk\n|move|p2a: Great Tusk|Knock Off|p1a: Rotom\n|-damage|p1a: Rotom|39\/100\n|-enditem|p1a: Rotom|Leftovers|[from] move: Knock Off|[of] p2a: Great Tusk\n|\n|upkeep\n|turn|40\n|\n|t:|1700473926\n|-end|p2a: Great Tusk|Protosynthesis|[silent]\n|switch|p2a: Hatterene|Hatterene, F, shiny|78\/100\n|move|p1a: Rotom|Hydro Pump|p2a: Hatterene\n|-damage|p2a: Hatterene|25\/100\n|\n|-heal|p2a: Hatterene|31\/100|[from] item: Leftovers\n|upkeep\n|turn|41\n|\n|t:|1700473938\n|switch|p2a: Zapdos|Zapdos, shiny|62\/100\n|move|p1a: Rotom|Volt Switch|p2a: Zapdos\n|-damage|p2a: Zapdos|39\/100\n|\n|t:|1700473941\n|switch|p1a: Clodsire|Clodsire, M, tera:Dark|75\/100|[from] Volt Switch\n|-damage|p1a: Clodsire|63\/100|[from] Stealth Rock\n|\n|-heal|p1a: Clodsire|69\/100|[from] item: Leftovers\n|upkeep\n|turn|42\n|\n|t:|1700473950\n|move|p2a: Zapdos|Roost|p2a: Zapdos\n|-heal|p2a: Zapdos|89\/100\n|-singleturn|p2a: Zapdos|move: Roost\n|move|p1a: Clodsire|Toxic|p2a: Zapdos\n|-status|p2a: Zapdos|tox\n|\n|-heal|p1a: Clodsire|75\/100|[from] item: Leftovers\n|-damage|p2a: Zapdos|83\/100 tox|[from] psn\n|upkeep\n|turn|43\n|l| Sur12\n|\n|t:|1700473957\n|move|p2a: Zapdos|Volt Switch|p1a: Clodsire\n|-damage|p1a: Clodsire|59\/100\n|\n|t:|1700473960\n|switch|p2a: Hatterene|Hatterene, F, shiny|31\/100|[from] Volt Switch\n|move|p1a: Clodsire|Recover|p1a: Clodsire\n|-heal|p1a: Clodsire|100\/100\n|\n|-heal|p2a: Hatterene|37\/100|[from] item: Leftovers\n|upkeep\n|turn|44\n|\n|t:|1700473965\n|move|p2a: Hatterene|Draining Kiss|p1a: Clodsire\n|-supereffective|p1a: Clodsire\n|-damage|p1a: Clodsire|67\/100\n|-heal|p2a: Hatterene|83\/100|[from] drain|[of] p1a: Clodsire\n|move|p1a: Clodsire|Iron Head|p2a: Hatterene\n|-supereffective|p2a: Hatterene\n|-damage|p2a: Hatterene|53\/100\n|\n|-heal|p2a: Hatterene|59\/100|[from] item: Leftovers\n|-heal|p1a: Clodsire|73\/100|[from] item: Leftovers\n|upkeep\n|turn|45\n|\n|t:|1700473977\n|move|p2a: Hatterene|Draining Kiss|p1a: Clodsire\n|-supereffective|p1a: Clodsire\n|-damage|p1a: Clodsire|41\/100\n|-heal|p2a: Hatterene|100\/100|[from] drain|[of] p1a: Clodsire\n|move|p1a: Clodsire|Iron Head|p2a: Hatterene\n|-supereffective|p2a: Hatterene\n|-damage|p2a: Hatterene|70\/100\n|\n|-heal|p2a: Hatterene|76\/100|[from] item: Leftovers\n|-heal|p1a: Clodsire|47\/100|[from] item: Leftovers\n|upkeep\n|turn|46\n|\n|t:|1700473980\n|move|p2a: Hatterene|Draining Kiss|p1a: Clodsire\n|-supereffective|p1a: Clodsire\n|-damage|p1a: Clodsire|15\/100\n|-heal|p2a: Hatterene|100\/100|[from] drain|[of] p1a: Clodsire\n|move|p1a: Clodsire|Recover|p1a: Clodsire\n|-heal|p1a: Clodsire|65\/100\n|\n|-heal|p1a: Clodsire|71\/100|[from] item: Leftovers\n|upkeep\n|turn|47\n|\n|t:|1700473983\n|move|p2a: Hatterene|Draining Kiss|p1a: Clodsire\n|-supereffective|p1a: Clodsire\n|-damage|p1a: Clodsire|37\/100\n|move|p1a: Clodsire|Recover|p1a: Clodsire\n|-heal|p1a: Clodsire|87\/100\n|\n|-heal|p1a: Clodsire|93\/100|[from] item: Leftovers\n|upkeep\n|turn|48\n|\n|t:|1700473988\n|move|p2a: Hatterene|Draining Kiss|p1a: Clodsire\n|-supereffective|p1a: Clodsire\n|-damage|p1a: Clodsire|59\/100\n|move|p1a: Clodsire|Earthquake|p2a: Hatterene\n|-damage|p2a: Hatterene|68\/100\n|\n|-heal|p2a: Hatterene|73\/100|[from] item: Leftovers\n|-heal|p1a: Clodsire|65\/100|[from] item: Leftovers\n|upkeep\n|turn|49\n|\n|t:|1700473991\n|move|p2a: Hatterene|Draining Kiss|p1a: Clodsire\n|-supereffective|p1a: Clodsire\n|-damage|p1a: Clodsire|32\/100\n|-heal|p2a: Hatterene|100\/100|[from] drain|[of] p1a: Clodsire\n|move|p1a: Clodsire|Recover|p1a: Clodsire\n|-heal|p1a: Clodsire|82\/100\n|\n|-heal|p1a: Clodsire|88\/100|[from] item: Leftovers\n|upkeep\n|turn|50\n|\n|t:|1700474004\n|switch|p2a: Great Tusk|Great Tusk|100\/100\n|switch|p1a: Dachsbun|Dachsbun, F|67\/100\n|-damage|p1a: Dachsbun|55\/100|[from] Stealth Rock\n|\n|upkeep\n|turn|51\n|\n|t:|1700474009\n|move|p1a: Dachsbun|Wish|p1a: Dachsbun\n|move|p2a: Great Tusk|Rapid Spin|p1a: Dachsbun\n|-damage|p1a: Dachsbun|40\/100\n|-boost|p2a: Great Tusk|spe|1\n|\n|upkeep\n|turn|52\n|\n|t:|1700474014\n|move|p1a: Dachsbun|Protect|p1a: Dachsbun\n|-singleturn|p1a: Dachsbun|Protect\n|move|p2a: Great Tusk|Earthquake|p1a: Dachsbun\n|-activate|p1a: Dachsbun|move: Protect\n|\n|-heal|p1a: Dachsbun|90\/100|[from] move: Wish|[wisher] Dachsbun\n|upkeep\n|turn|53\n|\n|t:|1700474022\n|move|p2a: Great Tusk|Earthquake|p1a: Dachsbun\n|-damage|p1a: Dachsbun|50\/100\n|move|p1a: Dachsbun|Wish|p1a: Dachsbun\n|\n|upkeep\n|turn|54\n|\n|t:|1700474034\n|switch|p1a: Rotom|Rotom-Wash|39\/100\n|-damage|p1a: Rotom|27\/100|[from] Stealth Rock\n|move|p2a: Great Tusk|Earthquake|p1a: Rotom\n|-immune|p1a: Rotom|[from] ability: Levitate\n|\n|-heal|p1a: Rotom|79\/100|[from] move: Wish|[wisher] Dachsbun\n|upkeep\n|turn|55\n|\n|t:|1700474037\n|-end|p2a: Great Tusk|Protosynthesis|[silent]\n|switch|p2a: Hatterene|Hatterene, F, shiny|100\/100\n|move|p1a: Rotom|Hydro Pump|p2a: Hatterene\n|-damage|p2a: Hatterene|52\/100\n|\n|-heal|p2a: Hatterene|58\/100|[from] item: Leftovers\n|upkeep\n|turn|56\n|\n|t:|1700474052\n|move|p1a: Rotom|Volt Switch|p2a: Hatterene\n|-crit|p2a: Hatterene\n|-damage|p2a: Hatterene|4\/100\n|\n|t:|1700474056\n|switch|p1a: Dachsbun|Dachsbun, F|50\/100|[from] Volt Switch\n|-damage|p1a: Dachsbun|37\/100|[from] Stealth Rock\n|move|p2a: Hatterene|Draining Kiss|p1a: Dachsbun\n|-damage|p1a: Dachsbun|10\/100\n|-heal|p2a: Hatterene|30\/100|[from] drain|[of] p1a: Dachsbun\n|\n|-heal|p2a: Hatterene|36\/100|[from] item: Leftovers\n|upkeep\n|turn|57\n|\n|t:|1700474062\n|move|p1a: Dachsbun|Wish|p1a: Dachsbun\n|move|p2a: Hatterene|Draining Kiss|p1a: Dachsbun\n|-damage|p1a: Dachsbun|0 fnt\n|-heal|p2a: Hatterene|45\/100|[from] drain|[of] p1a: Dachsbun\n|faint|p1a: Dachsbun\n|\n|-heal|p2a: Hatterene|51\/100|[from] item: Leftovers\n|upkeep\n|c|\u2606Defog Conk Enjoyer|yes finally some progress\n|\n|t:|1700474072\n|switch|p1a: Rotom|Rotom-Wash|79\/100\n|-damage|p1a: Rotom|67\/100|[from] Stealth Rock\n|turn|58\n|\n|t:|1700474089\n|move|p1a: Rotom|Volt Switch|p2a: Hatterene\n|-damage|p2a: Hatterene|18\/100\n|\n|t:|1700474093\n|switch|p1a: Clodsire|Clodsire, M, tera:Dark|88\/100|[from] Volt Switch\n|-damage|p1a: Clodsire|76\/100|[from] Stealth Rock\n|move|p2a: Hatterene|Draining Kiss|p1a: Clodsire\n|-supereffective|p1a: Clodsire\n|-damage|p1a: Clodsire|42\/100\n|-heal|p2a: Hatterene|64\/100|[from] drain|[of] p1a: Clodsire\n|\n|-heal|p1a: Clodsire|77\/100|[from] move: Wish|[wisher] Dachsbun\n|-heal|p2a: Hatterene|70\/100|[from] item: Leftovers\n|-heal|p1a: Clodsire|83\/100|[from] item: Leftovers\n|upkeep\n|turn|59\n|c|\u2606Manjack|whoops\n|\n|t:|1700474112\n|switch|p2a: Zapdos|Zapdos, shiny|83\/100 tox\n|move|p1a: Clodsire|Iron Head|p2a: Zapdos\n|-resisted|p2a: Zapdos\n|-damage|p2a: Zapdos|75\/100 tox\n|\n|-heal|p1a: Clodsire|89\/100|[from] item: Leftovers\n|-damage|p2a: Zapdos|69\/100 tox|[from] psn\n|upkeep\n|turn|60\n|\n|t:|1700474118\n|move|p2a: Zapdos|Hurricane|p1a: Clodsire\n|-damage|p1a: Clodsire|66\/100\n|move|p1a: Clodsire|Toxic|p2a: Zapdos\n|-fail|p2a: Zapdos|tox\n|\n|-heal|p1a: Clodsire|72\/100|[from] item: Leftovers\n|-damage|p2a: Zapdos|56\/100 tox|[from] psn\n|upkeep\n|turn|61\n|\n|t:|1700474124\n|move|p2a: Zapdos|Hurricane|p1a: Clodsire|[miss]\n|-miss|p2a: Zapdos|p1a: Clodsire\n|move|p1a: Clodsire|Earthquake|p2a: Zapdos\n|-immune|p2a: Zapdos\n|\n|-heal|p1a: Clodsire|78\/100|[from] item: Leftovers\n|-damage|p2a: Zapdos|38\/100 tox|[from] psn\n|upkeep\n|turn|62\n|\n|t:|1700474127\n|move|p2a: Zapdos|Roost|p2a: Zapdos\n|-heal|p2a: Zapdos|88\/100 tox\n|-singleturn|p2a: Zapdos|move: Roost\n|move|p1a: Clodsire|Earthquake|p2a: Zapdos\n|-supereffective|p2a: Zapdos\n|-damage|p2a: Zapdos|33\/100 tox\n|\n|-heal|p1a: Clodsire|84\/100|[from] item: Leftovers\n|-damage|p2a: Zapdos|8\/100 tox|[from] psn\n|upkeep\n|turn|63\n|\n|t:|1700474137\n|move|p2a: Zapdos|Volt Switch|p1a: Clodsire\n|-damage|p1a: Clodsire|67\/100\n|\n|t:|1700474141\n|switch|p2a: Hatterene|Hatterene, F, shiny|70\/100|[from] Volt Switch\n|move|p1a: Clodsire|Earthquake|p2a: Hatterene\n|-crit|p2a: Hatterene\n|-damage|p2a: Hatterene|21\/100\n|\n|-heal|p2a: Hatterene|27\/100|[from] item: Leftovers\n|-heal|p1a: Clodsire|74\/100|[from] item: Leftovers\n|upkeep\n|turn|64\n|\n|t:|1700474150\n|move|p2a: Hatterene|Healing Wish|p2a: Hatterene\n|faint|p2a: Hatterene\n|move|p1a: Clodsire|Earthquake|p2: Hatterene|[notarget]\n|-fail|p1a: Clodsire\n|\n|-heal|p1a: Clodsire|80\/100|[from] item: Leftovers\n|upkeep\n|\n|t:|1700474155\n|switch|p2a: Zapdos|Zapdos, shiny|8\/100 tox\n|-heal|p2a: Zapdos|100\/100|[from] move: Healing Wish\n|turn|65\n|\n|t:|1700474163\n|move|p2a: Zapdos|Volt Switch|p1a: Clodsire\n|-damage|p1a: Clodsire|62\/100\n|\n|t:|1700474166\n|switch|p2a: Great Tusk|Great Tusk|100\/100|[from] Volt Switch\n|move|p1a: Clodsire|Toxic|p2a: Great Tusk\n|-status|p2a: Great Tusk|tox\n|\n|-heal|p1a: Clodsire|69\/100|[from] item: Leftovers\n|-damage|p2a: Great Tusk|94\/100 tox|[from] psn\n|upkeep\n|turn|66\n|\n|t:|1700474173\n|switch|p1a: Rotom|Rotom-Wash|67\/100\n|-damage|p1a: Rotom|54\/100|[from] Stealth Rock\n|move|p2a: Great Tusk|Knock Off|p1a: Rotom\n|-damage|p1a: Rotom|41\/100\n|\n|-heal|p2a: Great Tusk|100\/100 tox|[from] item: Leftovers\n|-damage|p2a: Great Tusk|88\/100 tox|[from] psn\n|upkeep\n|turn|67\n|\n|t:|1700474182\n|-end|p2a: Great Tusk|Protosynthesis|[silent]\n|switch|p2a: Zapdos|Zapdos, shiny|100\/100\n|move|p1a: Rotom|Hydro Pump|p2a: Zapdos\n|-damage|p2a: Zapdos|65\/100\n|\n|upkeep\n|turn|68\n|\n|t:|1700474187\n|move|p1a: Rotom|Protect|p1a: Rotom\n|-singleturn|p1a: Rotom|Protect\n|move|p2a: Zapdos|Volt Switch|p1a: Rotom\n|-activate|p1a: Rotom|move: Protect\n|\n|upkeep\n|turn|69\n|\n|t:|1700474198\n|move|p2a: Zapdos|Hurricane|p1a: Rotom\n|-resisted|p1a: Rotom\n|-damage|p1a: Rotom|17\/100\n|move|p1a: Rotom|Volt Switch|p2a: Zapdos\n|-damage|p2a: Zapdos|39\/100\n|\n|t:|1700474200\n|switch|p1a: Clodsire|Clodsire, M, tera:Dark|69\/100|[from] Volt Switch\n|-damage|p1a: Clodsire|56\/100|[from] Stealth Rock\n|\n|-heal|p1a: Clodsire|62\/100|[from] item: Leftovers\n|upkeep\n|turn|70\n|\n|t:|1700474209\n|move|p2a: Zapdos|Volt Switch|p1a: Clodsire\n|-damage|p1a: Clodsire|47\/100\n|\n|t:|1700474212\n|switch|p2a: Great Tusk|Great Tusk|88\/100 tox|[from] Volt Switch\n|move|p1a: Clodsire|Recover|p1a: Clodsire\n|-heal|p1a: Clodsire|97\/100\n|\n|-heal|p2a: Great Tusk|94\/100 tox|[from] item: Leftovers\n|-heal|p1a: Clodsire|100\/100|[from] item: Leftovers\n|-damage|p2a: Great Tusk|88\/100 tox|[from] psn\n|upkeep\n|turn|71\n|\n|t:|1700474217\n|switch|p1a: Rotom|Rotom-Wash|17\/100\n|-damage|p1a: Rotom|4\/100|[from] Stealth Rock\n|move|p2a: Great Tusk|Knock Off|p1a: Rotom\n|-damage|p1a: Rotom|0 fnt\n|faint|p1a: Rotom\n|\n|-heal|p2a: Great Tusk|94\/100 tox|[from] item: Leftovers\n|-damage|p2a: Great Tusk|82\/100 tox|[from] psn\n|upkeep\n|\n|t:|1700474219\n|switch|p1a: Clodsire|Clodsire, M, tera:Dark|100\/100\n|-damage|p1a: Clodsire|88\/100|[from] Stealth Rock\n|turn|72\n|\n|t:|1700474222\n|move|p2a: Great Tusk|Knock Off|p1a: Clodsire\n|-resisted|p1a: Clodsire\n|-damage|p1a: Clodsire|71\/100\n|-enditem|p1a: Clodsire|Leftovers|[from] move: Knock Off|[of] p2a: Great Tusk\n|move|p1a: Clodsire|Earthquake|p2a: Great Tusk\n|-crit|p2a: Great Tusk\n|-damage|p2a: Great Tusk|63\/100 tox\n|\n|-heal|p2a: Great Tusk|69\/100 tox|[from] item: Leftovers\n|-damage|p2a: Great Tusk|51\/100 tox|[from] psn\n|upkeep\n|turn|73\n|\n|t:|1700474228\n|-end|p2a: Great Tusk|Protosynthesis|[silent]\n|switch|p2a: Zapdos|Zapdos, shiny|39\/100\n|move|p1a: Clodsire|Recover|p1a: Clodsire\n|-heal|p1a: Clodsire|100\/100\n|\n|upkeep\n|turn|74\n|\n|t:|1700474233\n|move|p2a: Zapdos|Hurricane|p1a: Clodsire\n|-damage|p1a: Clodsire|76\/100\n|-start|p1a: Clodsire|confusion\n|-activate|p1a: Clodsire|confusion\n|move|p1a: Clodsire|Earthquake|p2a: Zapdos\n|-immune|p2a: Zapdos\n|\n|upkeep\n|turn|75\n|\n|t:|1700474241\n|move|p2a: Zapdos|Volt Switch|p1a: Clodsire\n|-damage|p1a: Clodsire|61\/100\n|\n|t:|1700474244\n|switch|p2a: Great Tusk|Great Tusk|51\/100 tox|[from] Volt Switch\n|-activate|p1a: Clodsire|confusion\n|-damage|p1a: Clodsire|53\/100|[from] confusion\n|\n|-heal|p2a: Great Tusk|57\/100 tox|[from] item: Leftovers\n|-damage|p2a: Great Tusk|51\/100 tox|[from] psn\n|upkeep\n|turn|76\n|\n|t:|1700474247\n|move|p2a: Great Tusk|Earthquake|p1a: Clodsire\n|-damage|p1a: Clodsire|8\/100\n|-activate|p1a: Clodsire|confusion\n|-damage|p1a: Clodsire|0 fnt|[from] confusion\n|faint|p1a: Clodsire\n|\n|win|Defog Conk Enjoyer\n|raw|Manjack's rating: 1688 &rarr; <strong>1667<\/strong><br \/>(-21 for losing)\n|raw|Defog Conk Enjoyer's rating: 1671 &rarr; <strong>1692<\/strong><br \/>(+21 for winning)\n|c|\u2606Manjack|Gg\n|c|\u2606Defog Conk Enjoyer|gg\n|l|\u2606Manjack\n|c|\u2606Defog Conk Enjoyer|damn\n","uploadtime":1700474259,"views":19,"p1id":"manjack","p2id":"defogconkenjoyer","formatid":"gen9ou","rating":1667,"private":0,"password":""}