{"id":"gen9ou-1998205755","p1":"endersOverlord","p2":"Jhon Jhonhonson","format":"[Gen 9] OU","log":"|j|\u2606endersOverlord\n|j|\u2606Jhon Jhonhonson\n|t:|1700912418\n|gametype|singles\n|player|p1|endersOverlord|colress|\n|player|p2|Jhon Jhonhonson|265|\n|teamsize|p1|6\n|teamsize|p2|6\n|gen|9\n|tier|[Gen 9] OU\n|rule|Sleep Clause Mod: Limit one foe put to sleep\n|rule|Species Clause: Limit one of each Pok\u00e9mon\n|rule|OHKO Clause: OHKO moves are banned\n|rule|Evasion Items Clause: Evasion items are banned\n|rule|Evasion Moves Clause: Evasion moves are banned\n|rule|Endless Battle Clause: Forcing endless battles is banned\n|rule|HP Percentage Mod: HP is shown in percentages\n|clearpoke\n|poke|p1|Rotom-Wash|\n|poke|p1|Tinkaton, F|\n|poke|p1|Iron Hands|\n|poke|p1|Hydreigon, F|\n|poke|p1|Iron Moth|\n|poke|p1|Ogerpon, F|\n|poke|p2|Torkoal, F|\n|poke|p2|Hatterene, F|\n|poke|p2|Iron Hands|\n|poke|p2|Iron Valiant|\n|poke|p2|Ursaluna, M|\n|poke|p2|Garchomp, M|\n|teampreview\n|\n|t:|1700912448\n|start\n|switch|p1a: Cal-Gone|Rotom-Wash|100\/100\n|switch|p2a: Garchomp|Garchomp, M|100\/100\n|turn|1\n|\n|t:|1700912454\n|move|p2a: Garchomp|Stealth Rock|p1a: Cal-Gone\n|-sidestart|p1: endersOverlord|move: Stealth Rock\n|move|p1a: Cal-Gone|Hydro Pump|p2a: Garchomp\n|-damage|p2a: Garchomp|66\/100\n|\n|upkeep\n|turn|2\n|\n|t:|1700912461\n|move|p1a: Cal-Gone|Protect|p1a: Cal-Gone\n|-singleturn|p1a: Cal-Gone|Protect\n|move|p2a: Garchomp|Spikes|p1a: Cal-Gone\n|-sidestart|p1: endersOverlord|Spikes\n|\n|upkeep\n|turn|3\n|\n|t:|1700912468\n|move|p2a: Garchomp|Spikes|p1a: Cal-Gone\n|-sidestart|p1: endersOverlord|Spikes\n|move|p1a: Cal-Gone|Hydro Pump|p2a: Garchomp\n|-damage|p2a: Garchomp|32\/100\n|\n|upkeep\n|turn|4\n|\n|t:|1700912474\n|move|p1a: Cal-Gone|Hydro Pump|p2a: Garchomp|[miss]\n|-miss|p1a: Cal-Gone|p2a: Garchomp\n|move|p2a: Garchomp|Dragon Tail|p1a: Cal-Gone\n|-damage|p1a: Cal-Gone|81\/100\n|drag|p1a: Doubletap|Tinkaton, F|100\/100\n|-damage|p1a: Doubletap|94\/100|[from] Stealth Rock\n|-damage|p1a: Doubletap|78\/100|[from] Spikes\n|-ability|p1a: Doubletap|Mold Breaker\n|\n|-heal|p1a: Doubletap|84\/100|[from] item: Leftovers\n|upkeep\n|turn|5\n|\n|t:|1700912486\n|move|p2a: Garchomp|Earthquake|p1a: Doubletap\n|-supereffective|p1a: Doubletap\n|-damage|p1a: Doubletap|0 fnt\n|faint|p1a: Doubletap\n|\n|upkeep\n|\n|t:|1700912500\n|switch|p1a: Smashy|Ogerpon, F|100\/100\n|-damage|p1a: Smashy|88\/100|[from] Stealth Rock\n|-damage|p1a: Smashy|72\/100|[from] Spikes\n|turn|6\n|\n|t:|1700912512\n|move|p1a: Smashy|Play Rough|p2a: Garchomp\n|-supereffective|p2a: Garchomp\n|-crit|p2a: Garchomp\n|-damage|p2a: Garchomp|0 fnt\n|-damage|p1a: Smashy|59\/100|[from] ability: Rough Skin|[of] p2a: Garchomp\n|-damage|p1a: Smashy|43\/100|[from] item: Rocky Helmet|[of] p2a: Garchomp\n|faint|p2a: Garchomp\n|\n|upkeep\n|\n|t:|1700912525\n|switch|p2a: Hatterene|Hatterene, F|100\/100\n|turn|7\n|\n|t:|1700912541\n|move|p1a: Smashy|Play Rough|p2a: Hatterene\n|-damage|p2a: Hatterene|52\/100\n|move|p2a: Hatterene|Mystical Fire|p1a: Smashy\n|-supereffective|p1a: Smashy\n|-damage|p1a: Smashy|0 fnt\n|faint|p1a: Smashy\n|\n|upkeep\n|\n|t:|1700912548\n|switch|p1a: Ra-Moon|Iron Moth|100\/100\n|-damage|p1a: Ra-Moon|76\/100|[from] Stealth Rock\n|-damage|p1a: Ra-Moon|59\/100|[from] Spikes\n|turn|8\n|\n|t:|1700912568\n|move|p1a: Ra-Moon|Sludge Wave|p2a: Hatterene\n|-supereffective|p2a: Hatterene\n|-damage|p2a: Hatterene|0 fnt\n|faint|p2a: Hatterene\n|\n|upkeep\n|\n|t:|1700912589\n|switch|p2a: Ursaluna|Ursaluna, M|100\/100\n|turn|9\n|\n|t:|1700912598\n|move|p1a: Ra-Moon|Sludge Wave|p2a: Ursaluna\n|-resisted|p2a: Ursaluna\n|-damage|p2a: Ursaluna|69\/100\n|move|p2a: Ursaluna|Headlong Rush|p1a: Ra-Moon\n|-supereffective|p1a: Ra-Moon\n|-damage|p1a: Ra-Moon|0 fnt\n|-unboost|p2a: Ursaluna|def|1\n|-unboost|p2a: Ursaluna|spd|1\n|faint|p1a: Ra-Moon\n|-end|p1a: Ra-Moon|Quark Drive|[silent]\n|\n|-status|p2a: Ursaluna|brn|[from] item: Flame Orb\n|upkeep\n|\n|t:|1700912619\n|switch|p1a: Mr. Electric|Iron Hands|100\/100\n|-damage|p1a: Mr. Electric|94\/100|[from] Stealth Rock\n|-damage|p1a: Mr. Electric|78\/100|[from] Spikes\n|turn|10\n|\n|t:|1700912655\n|switch|p2a: Iron Hands|Iron Hands|100\/100\n|-terastallize|p1a: Mr. Electric|Water\n|move|p1a: Mr. Electric|Drain Punch|p2a: Iron Hands\n|-damage|p2a: Iron Hands|78\/100\n|-heal|p1a: Mr. Electric|89\/100|[from] drain|[of] p2a: Iron Hands\n|\n|-heal|p1a: Mr. Electric|95\/100|[from] item: Leftovers\n|upkeep\n|turn|11\n|\n|t:|1700912669\n|-end|p1a: Mr. Electric|Quark Drive|[silent]\n|switch|p1a: Harmonia|Hydreigon, F|100\/100\n|-damage|p1a: Harmonia|88\/100|[from] Stealth Rock\n|move|p2a: Iron Hands|Wild Charge|p1a: Harmonia\n|-resisted|p1a: Harmonia\n|-damage|p1a: Harmonia|47\/100\n|-damage|p2a: Iron Hands|72\/100|[from] Recoil\n|-damage|p2a: Iron Hands|62\/100|[from] item: Life Orb\n|\n|upkeep\n|turn|12\n|\n|t:|1700912680\n|-terastallize|p2a: Iron Hands|Grass\n|move|p1a: Harmonia|Earth Power|p2a: Iron Hands\n|-resisted|p2a: Iron Hands\n|-damage|p2a: Iron Hands|43\/100\n|-damage|p1a: Harmonia|37\/100|[from] item: Life Orb\n|move|p2a: Iron Hands|Ice Punch|p1a: Harmonia\n|-supereffective|p1a: Harmonia\n|-damage|p1a: Harmonia|0 fnt\n|faint|p1a: Harmonia\n|-damage|p2a: Iron Hands|33\/100|[from] item: Life Orb\n|\n|upkeep\n|\n|t:|1700912692\n|switch|p1a: Mr. Electric|Iron Hands, tera:Water|95\/100\n|-damage|p1a: Mr. Electric|83\/100|[from] Stealth Rock\n|-damage|p1a: Mr. Electric|66\/100|[from] Spikes\n|turn|13\n|\n|t:|1700912698\n|move|p1a: Mr. Electric|Ice Punch|p2a: Iron Hands\n|-supereffective|p2a: Iron Hands\n|-damage|p2a: Iron Hands|1\/100\n|move|p2a: Iron Hands|Wild Charge|p1a: Mr. Electric\n|-supereffective|p1a: Mr. Electric\n|-damage|p1a: Mr. Electric|2\/100\n|-damage|p2a: Iron Hands|0 fnt|[from] Recoil\n|faint|p2a: Iron Hands\n|-end|p2a: Iron Hands|Quark Drive|[silent]\n|\n|-heal|p1a: Mr. Electric|8\/100|[from] item: Leftovers\n|upkeep\n|\n|t:|1700912708\n|switch|p2a: Iron Valiant|Iron Valiant|100\/100\n|-enditem|p2a: Iron Valiant|Booster Energy\n|-activate|p2a: Iron Valiant|ability: Quark Drive|[fromitem]\n|-start|p2a: Iron Valiant|quarkdrivespe\n|turn|14\n|\n|t:|1700912718\n|move|p2a: Iron Valiant|Thunderbolt|p1a: Mr. Electric\n|-supereffective|p1a: Mr. Electric\n|-damage|p1a: Mr. Electric|0 fnt\n|faint|p1a: Mr. Electric\n|-end|p1a: Mr. Electric|Quark Drive|[silent]\n|\n|upkeep\n|\n|t:|1700912723\n|switch|p1a: Cal-Gone|Rotom-Wash|81\/100\n|-damage|p1a: Cal-Gone|69\/100|[from] Stealth Rock\n|turn|15\n|\n|t:|1700912735\n|move|p2a: Iron Valiant|Close Combat|p1a: Cal-Gone\n|-damage|p1a: Cal-Gone|25\/100\n|-unboost|p2a: Iron Valiant|def|1\n|-unboost|p2a: Iron Valiant|spd|1\n|move|p1a: Cal-Gone|Hydro Pump|p2a: Iron Valiant\n|-crit|p2a: Iron Valiant\n|-damage|p2a: Iron Valiant|0 fnt\n|faint|p2a: Iron Valiant\n|-end|p2a: Iron Valiant|Quark Drive|[silent]\n|\n|-heal|p1a: Cal-Gone|31\/100|[from] item: Leftovers\n|upkeep\n|\n|t:|1700912747\n|switch|p2a: Ursaluna|Ursaluna, M|69\/100 brn\n|turn|16\n|\n|t:|1700912758\n|move|p1a: Cal-Gone|Hydro Pump|p2a: Ursaluna\n|-supereffective|p2a: Ursaluna\n|-damage|p2a: Ursaluna|0 fnt\n|faint|p2a: Ursaluna\n|\n|-heal|p1a: Cal-Gone|37\/100|[from] item: Leftovers\n|upkeep\n|\n|t:|1700912764\n|switch|p2a: Torkoal|Torkoal, F|100\/100\n|-weather|SunnyDay|[from] ability: Drought|[of] p2a: Torkoal\n|turn|17\n|\n|t:|1700912772\n|move|p1a: Cal-Gone|Protect|p1a: Cal-Gone\n|-singleturn|p1a: Cal-Gone|Protect\n|move|p2a: Torkoal|Solar Beam||[still]\n|-prepare|p2a: Torkoal|Solar Beam\n|-anim|p2a: Torkoal|Solar Beam|p1a: Cal-Gone\n|-activate|p1a: Cal-Gone|move: Protect\n|\n|-weather|SunnyDay|[upkeep]\n|-heal|p1a: Cal-Gone|43\/100|[from] item: Leftovers\n|upkeep\n|turn|18\n|\n|t:|1700912781\n|move|p1a: Cal-Gone|Hydro Pump|p2a: Torkoal\n|-supereffective|p2a: Torkoal\n|-damage|p2a: Torkoal|48\/100\n|move|p2a: Torkoal|Solar Beam||[still]\n|-prepare|p2a: Torkoal|Solar Beam\n|-anim|p2a: Torkoal|Solar Beam|p1a: Cal-Gone\n|-supereffective|p1a: Cal-Gone\n|-damage|p1a: Cal-Gone|0 fnt\n|faint|p1a: Cal-Gone\n|\n|win|Jhon Jhonhonson\n","uploadtime":1700912793,"views":1,"p1id":"endersoverlord","p2id":"jhonjhonhonson","formatid":"gen9ou","rating":0,"private":0,"password":""}