{"id":"gen9ou-1994180349","p1":"taoe","p2":"LemonDevInfinite","format":"[Gen 9] OU","log":"|j|\u2606taoe\n|j|\u2606LemonDevInfinite\n|t:|1700416029\n|gametype|singles\n|player|p1|taoe|pokemonrangerf-gen4|1162\n|player|p2|LemonDevInfinite|fisherman-gen4|1194\n|teamsize|p1|6\n|teamsize|p2|6\n|gen|9\n|tier|[Gen 9] OU\n|rated|\n|rule|Sleep Clause Mod: Limit one foe put to sleep\n|rule|Species Clause: Limit one of each Pok\u00e9mon\n|rule|OHKO Clause: OHKO moves are banned\n|rule|Evasion Items Clause: Evasion items are banned\n|rule|Evasion Moves Clause: Evasion moves are banned\n|rule|Endless Battle Clause: Forcing endless battles is banned\n|rule|HP Percentage Mod: HP is shown in percentages\n|clearpoke\n|poke|p1|Maushold|\n|poke|p1|Weavile, F|\n|poke|p1|Sneasler, F|\n|poke|p1|Jirachi|\n|poke|p1|Kleavor, F|\n|poke|p1|Ninetales-Alola, M|\n|poke|p2|Garchomp, F|\n|poke|p2|Alomomola, F|\n|poke|p2|Zapdos|\n|poke|p2|Heatran, M|\n|poke|p2|Kingambit, M|\n|poke|p2|Corviknight, F|\n|teampreview\n|\n|t:|1700416042\n|start\n|switch|p1a: Kleavor|Kleavor, F|100\/100\n|switch|p2a: Garchomp|Garchomp, F|100\/100\n|turn|1\n|\n|t:|1700416048\n|move|p2a: Garchomp|Earthquake|p1a: Kleavor\n|-damage|p1a: Kleavor|50\/100\n|move|p1a: Kleavor|Stone Axe|p2a: Garchomp\n|-resisted|p2a: Garchomp\n|-damage|p2a: Garchomp|70\/100\n|-damage|p1a: Kleavor|38\/100|[from] ability: Rough Skin|[of] p2a: Garchomp\n|-damage|p1a: Kleavor|21\/100|[from] item: Rocky Helmet|[of] p2a: Garchomp\n|-sidestart|p2: LemonDevInfinite|move: Stealth Rock\n|-damage|p1a: Kleavor|11\/100|[from] item: Life Orb\n|\n|upkeep\n|turn|2\n|\n|t:|1700416066\n|move|p2a: Garchomp|Spikes|p1a: Kleavor\n|-sidestart|p1: taoe|Spikes\n|move|p1a: Kleavor|Close Combat|p2a: Garchomp\n|-damage|p2a: Garchomp|21\/100\n|-unboost|p1a: Kleavor|def|1\n|-unboost|p1a: Kleavor|spd|1\n|-damage|p1a: Kleavor|0 fnt|[from] ability: Rough Skin|[of] p2a: Garchomp\n|faint|p1a: Kleavor\n|\n|upkeep\n|\n|t:|1700416077\n|switch|p1a: Weavile|Weavile, F|100\/100\n|-damage|p1a: Weavile|88\/100|[from] Spikes\n|-ability|p1a: Weavile|Pressure\n|turn|3\n|\n|t:|1700416083\n|switch|p2a: Alomomola|Alomomola, F|100\/100\n|-damage|p2a: Alomomola|88\/100|[from] Stealth Rock\n|move|p1a: Weavile|Ice Shard|p2a: Alomomola\n|-resisted|p2a: Alomomola\n|-damage|p2a: Alomomola|83\/100\n|\n|-heal|p2a: Alomomola|89\/100|[from] item: Leftovers\n|upkeep\n|turn|4\n|\n|t:|1700416093\n|move|p1a: Weavile|Knock Off|p2a: Alomomola\n|-damage|p2a: Alomomola|65\/100\n|-enditem|p2a: Alomomola|Leftovers|[from] move: Knock Off|[of] p1a: Weavile\n|move|p2a: Alomomola|Wish|p2a: Alomomola\n|\n|upkeep\n|turn|5\n|\n|t:|1700416113\n|switch|p1a: Jirachi|Jirachi|100\/100\n|-damage|p1a: Jirachi|88\/100|[from] Spikes\n|move|p2a: Alomomola|Scald|p1a: Jirachi\n|-damage|p1a: Jirachi|77\/100\n|-status|p1a: Jirachi|brn\n|\n|-heal|p2a: Alomomola|100\/100|[from] move: Wish|[wisher] Alomomola\n|-heal|p1a: Jirachi|83\/100 brn|[from] item: Leftovers\n|-damage|p1a: Jirachi|77\/100 brn|[from] brn\n|upkeep\n|turn|6\n|\n|t:|1700416126\n|move|p1a: Jirachi|Calm Mind|p1a: Jirachi\n|-boost|p1a: Jirachi|spa|1\n|-boost|p1a: Jirachi|spd|1\n|move|p2a: Alomomola|Wish|p2a: Alomomola\n|\n|-heal|p1a: Jirachi|83\/100 brn|[from] item: Leftovers\n|-damage|p1a: Jirachi|77\/100 brn|[from] brn\n|upkeep\n|turn|7\n|\n|t:|1700416134\n|move|p1a: Jirachi|Wish|p1a: Jirachi\n|move|p2a: Alomomola|Flip Turn|p1a: Jirachi\n|-damage|p1a: Jirachi|68\/100 brn\n|\n|t:|1700416140\n|switch|p2a: Garchomp|Garchomp, F|21\/100|[from] Flip Turn\n|-damage|p2a: Garchomp|15\/100|[from] Stealth Rock\n|\n|-heal|p2a: Garchomp|79\/100|[from] move: Wish|[wisher] Alomomola\n|-heal|p1a: Jirachi|75\/100 brn|[from] item: Leftovers\n|-damage|p1a: Jirachi|68\/100 brn|[from] brn\n|upkeep\n|turn|8\n|\n|t:|1700416150\n|move|p1a: Jirachi|Calm Mind|p1a: Jirachi\n|-boost|p1a: Jirachi|spa|1\n|-boost|p1a: Jirachi|spd|1\n|move|p2a: Garchomp|Dragon Tail|p1a: Jirachi\n|-resisted|p1a: Jirachi\n|-damage|p1a: Jirachi|60\/100 brn\n|drag|p1a: Ninetales|Ninetales-Alola, M, shiny|100\/100\n|-damage|p1a: Ninetales|88\/100|[from] Spikes\n|-weather|Snow|[from] ability: Snow Warning|[of] p1a: Ninetales\n|\n|-weather|Snow|[upkeep]\n|-heal|p1a: Ninetales|100\/100|[from] move: Wish|[wisher] Jirachi\n|upkeep\n|turn|9\n|\n|t:|1700416169\n|switch|p2a: Corviknight|Corviknight, F|100\/100\n|-damage|p2a: Corviknight|88\/100|[from] Stealth Rock\n|-ability|p2a: Corviknight|Pressure\n|move|p1a: Ninetales|Moonblast|p2a: Corviknight\n|-resisted|p2a: Corviknight\n|-damage|p2a: Corviknight|74\/100\n|\n|-weather|Snow|[upkeep]\n|-heal|p2a: Corviknight|81\/100|[from] item: Leftovers\n|upkeep\n|turn|10\n|\n|t:|1700416181\n|move|p1a: Ninetales|Aurora Veil|p1a: Ninetales\n|-sidestart|p1: taoe|move: Aurora Veil\n|move|p2a: Corviknight|Iron Defense|p2a: Corviknight\n|-boost|p2a: Corviknight|def|2\n|\n|-weather|Snow|[upkeep]\n|-heal|p2a: Corviknight|87\/100|[from] item: Leftovers\n|upkeep\n|turn|11\n|\n|t:|1700416192\n|move|p1a: Ninetales|Freeze-Dry|p2a: Corviknight\n|-damage|p2a: Corviknight|70\/100\n|move|p2a: Corviknight|Iron Defense|p2a: Corviknight\n|-boost|p2a: Corviknight|def|2\n|\n|-weather|Snow|[upkeep]\n|-heal|p2a: Corviknight|76\/100|[from] item: Leftovers\n|upkeep\n|turn|12\n|\n|t:|1700416207\n|move|p1a: Ninetales|Moonblast|p2a: Corviknight\n|-resisted|p2a: Corviknight\n|-damage|p2a: Corviknight|64\/100\n|-unboost|p2a: Corviknight|spa|1\n|move|p2a: Corviknight|Body Press|p1a: Ninetales\n|-damage|p1a: Ninetales|73\/100\n|\n|-weather|none\n|-heal|p2a: Corviknight|70\/100|[from] item: Leftovers\n|upkeep\n|turn|13\n|\n|t:|1700416218\n|move|p1a: Ninetales|Nasty Plot|p1a: Ninetales\n|-boost|p1a: Ninetales|spa|2\n|move|p2a: Corviknight|Body Press|p1a: Ninetales\n|-damage|p1a: Ninetales|30\/100\n|\n|-heal|p2a: Corviknight|77\/100|[from] item: Leftovers\n|upkeep\n|turn|14\n|\n|t:|1700416227\n|move|p1a: Ninetales|Moonblast|p2a: Corviknight\n|-resisted|p2a: Corviknight\n|-damage|p2a: Corviknight|52\/100\n|move|p2a: Corviknight|Body Press|p1a: Ninetales\n|-damage|p1a: Ninetales|0 fnt\n|faint|p1a: Ninetales\n|\n|-heal|p2a: Corviknight|58\/100|[from] item: Leftovers\n|upkeep\n|\n|t:|1700416237\n|switch|p1a: Maushold|Maushold|100\/100\n|-damage|p1a: Maushold|88\/100|[from] Spikes\n|turn|15\n|\n|t:|1700416247\n|switch|p2a: Garchomp|Garchomp, F|79\/100\n|-damage|p2a: Garchomp|73\/100|[from] Stealth Rock\n|-terastallize|p1a: Maushold|Ghost\n|move|p1a: Maushold|Tidy Up|p1a: Maushold\n|-sideend|p1: taoe|Spikes\n|-sideend|p2: LemonDevInfinite|Stealth Rock\n|-activate|p1a: Maushold|move: Tidy Up\n|-boost|p1a: Maushold|atk|1\n|-boost|p1a: Maushold|spe|1\n|\n|upkeep\n|turn|16\n|\n|t:|1700416262\n|move|p1a: Maushold|Bite|p2a: Garchomp\n|-damage|p2a: Garchomp|44\/100\n|-damage|p1a: Maushold|76\/100|[from] ability: Rough Skin|[of] p2a: Garchomp\n|-damage|p1a: Maushold|59\/100|[from] item: Rocky Helmet|[of] p2a: Garchomp\n|cant|p2a: Garchomp|flinch\n|\n|upkeep\n|turn|17\n|\n|t:|1700416270\n|move|p1a: Maushold|Bite|p2a: Garchomp\n|-damage|p2a: Garchomp|17\/100\n|-damage|p1a: Maushold|47\/100|[from] ability: Rough Skin|[of] p2a: Garchomp\n|-damage|p1a: Maushold|30\/100|[from] item: Rocky Helmet|[of] p2a: Garchomp\n|cant|p2a: Garchomp|flinch\n|\n|-sideend|p1: taoe|move: Aurora Veil\n|upkeep\n|turn|18\n|\n|t:|1700416279\n|switch|p2a: Alomomola|Alomomola, F|100\/100\n|move|p1a: Maushold|Bite|p2a: Alomomola\n|-damage|p2a: Alomomola|83\/100\n|\n|upkeep\n|turn|19\n|\n|t:|1700416288\n|move|p1a: Maushold|Bite|p2a: Alomomola\n|-damage|p2a: Alomomola|65\/100\n|move|p2a: Alomomola|Wish|p2a: Alomomola\n|\n|upkeep\n|turn|20\n|\n|t:|1700416309\n|move|p1a: Maushold|Encore|p2a: Alomomola\n|-start|p2a: Alomomola|Encore\n|move|p2a: Alomomola|Wish||[still]\n|-fail|p2a: Alomomola\n|\n|-heal|p2a: Alomomola|100\/100|[from] move: Wish|[wisher] Alomomola\n|upkeep\n|turn|21\n|\n|t:|1700416333\n|switch|p2a: Corviknight|Corviknight, F|58\/100\n|-ability|p2a: Corviknight|Pressure\n|move|p1a: Maushold|Tidy Up|p1a: Maushold\n|-boost|p1a: Maushold|atk|1\n|-boost|p1a: Maushold|spe|1\n|\n|-heal|p2a: Corviknight|65\/100|[from] item: Leftovers\n|upkeep\n|turn|22\n|\n|t:|1700416344\n|move|p1a: Maushold|Population Bomb|p2a: Corviknight\n|-resisted|p2a: Corviknight\n|-damage|p2a: Corviknight|57\/100\n|-resisted|p2a: Corviknight\n|-damage|p2a: Corviknight|47\/100\n|-resisted|p2a: Corviknight\n|-damage|p2a: Corviknight|39\/100\n|-resisted|p2a: Corviknight\n|-damage|p2a: Corviknight|29\/100\n|-resisted|p2a: Corviknight\n|-damage|p2a: Corviknight|21\/100\n|-resisted|p2a: Corviknight\n|-damage|p2a: Corviknight|13\/100\n|-resisted|p2a: Corviknight\n|-damage|p2a: Corviknight|5\/100\n|-resisted|p2a: Corviknight\n|-damage|p2a: Corviknight|0 fnt\n|faint|p2a: Corviknight\n|-hitcount|p2: Corviknight|8\n|\n|upkeep\n|\n|t:|1700416362\n|switch|p2a: Kingambit|Kingambit, M|100\/100\n|turn|23\n|inactive|Battle timer is ON: inactive players will automatically lose when time's up. (requested by LemonDevInfinite)\n|\n|t:|1700416409\n|move|p2a: Kingambit|Sucker Punch||[still]\n|-fail|p2a: Kingambit\n|move|p1a: Maushold|Tidy Up|p1a: Maushold\n|-boost|p1a: Maushold|atk|1\n|-boost|p1a: Maushold|spe|1\n|\n|upkeep\n|turn|24\n|\n|t:|1700416416\n|move|p2a: Kingambit|Sucker Punch||[still]\n|-fail|p2a: Kingambit\n|move|p1a: Maushold|Encore|p2a: Kingambit\n|-start|p2a: Kingambit|Encore\n|\n|upkeep\n|turn|25\n|\n|t:|1700416424\n|switch|p2a: Alomomola|Alomomola, F|100\/100\n|move|p1a: Maushold|Tidy Up|p1a: Maushold\n|-boost|p1a: Maushold|atk|1\n|-boost|p1a: Maushold|spe|1\n|\n|upkeep\n|turn|26\n|\n|t:|1700416432\n|switch|p2a: Garchomp|Garchomp, F|17\/100\n|move|p1a: Maushold|Population Bomb|p2a: Garchomp\n|-damage|p2a: Garchomp|0 fnt\n|-damage|p1a: Maushold|17\/100|[from] ability: Rough Skin|[of] p2a: Garchomp\n|-damage|p1a: Maushold|1\/100|[from] item: Rocky Helmet|[of] p2a: Garchomp\n|faint|p2a: Garchomp\n|-hitcount|p2: Garchomp|1\n|\n|upkeep\n|\n|t:|1700416446\n|switch|p2a: Heatran|Heatran, M|100\/100\n|-item|p2a: Heatran|Air Balloon\n|turn|27\n|inactive|taoe has 120 seconds left.\n|\n|t:|1700416476\n|move|p1a: Maushold|Population Bomb|p2a: Heatran\n|-resisted|p2a: Heatran\n|-damage|p2a: Heatran|86\/100\n|-enditem|p2a: Heatran|Air Balloon\n|-resisted|p2a: Heatran\n|-damage|p2a: Heatran|71\/100\n|-resisted|p2a: Heatran\n|-damage|p2a: Heatran|58\/100\n|-resisted|p2a: Heatran\n|-damage|p2a: Heatran|44\/100\n|-resisted|p2a: Heatran\n|-damage|p2a: Heatran|30\/100\n|-resisted|p2a: Heatran\n|-damage|p2a: Heatran|17\/100\n|-resisted|p2a: Heatran\n|-damage|p2a: Heatran|3\/100\n|-resisted|p2a: Heatran\n|-damage|p2a: Heatran|0 fnt\n|faint|p2a: Heatran\n|-hitcount|p2: Heatran|8\n|\n|upkeep\n|-message|LemonDevInfinite forfeited.\n|\n|win|taoe\n|raw|taoe's rating: 1162 &rarr; <strong>1189<\/strong><br \/>(+27 for winning)\n|raw|LemonDevInfinite's rating: 1194 &rarr; <strong>1167<\/strong><br \/>(-27 for losing)\n|l|\u2606LemonDevInfinite\n","uploadtime":1700416490,"views":8,"p1id":"taoe","p2id":"lemondevinfinite","formatid":"gen9ou","rating":1167,"private":0,"password":""}