{"id":"gen9ou-1992815027","p1":"Dr_DongStrong","p2":"l0ulstraT09","format":"[Gen 9] OU","log":"|j|\u2606Dr_DongStrong\n|j|\u2606l0ulstraT09\n|t:|1700237833\n|gametype|singles\n|player|p1|Dr_DongStrong|2|1328\n|player|p2|l0ulstraT09|guzma|1400\n|teamsize|p1|6\n|teamsize|p2|6\n|gen|9\n|tier|[Gen 9] OU\n|rated|\n|rule|Sleep Clause Mod: Limit one foe put to sleep\n|rule|Species Clause: Limit one of each Pok\u00e9mon\n|rule|OHKO Clause: OHKO moves are banned\n|rule|Evasion Items Clause: Evasion items are banned\n|rule|Evasion Moves Clause: Evasion moves are banned\n|rule|Endless Battle Clause: Forcing endless battles is banned\n|rule|HP Percentage Mod: HP is shown in percentages\n|clearpoke\n|poke|p1|Lokix, M|\n|poke|p1|Dragalge, M|\n|poke|p1|Mamoswine, F|\n|poke|p1|Chesnaught, F|\n|poke|p1|Bronzong|\n|poke|p1|Milotic, M|\n|poke|p2|Braviary-Hisui, M|\n|poke|p2|Corviknight, F|\n|poke|p2|Weavile, F|\n|poke|p2|Great Tusk|\n|poke|p2|Kingambit, F|\n|poke|p2|Thundurus-Therian, M|\n|teampreview\n|inactive|Battle timer is ON: inactive players will automatically lose when time's up. (requested by l0ulstraT09)\n|\n|t:|1700237853\n|start\n|switch|p1a: Bronzong|Bronzong|100\/100\n|switch|p2a: Tu veux quoi toi ?|Weavile, F|100\/100\n|turn|1\n|\n|t:|1700237863\n|move|p1a: Bronzong|Protect|p1a: Bronzong\n|-singleturn|p1a: Bronzong|Protect\n|move|p2a: Tu veux quoi toi ?|Knock Off|p1a: Bronzong\n|-activate|p1a: Bronzong|move: Protect\n|\n|upkeep\n|turn|2\n|\n|t:|1700237870\n|switch|p1a: Chesnaught|Chesnaught, F|100\/100\n|move|p2a: Tu veux quoi toi ?|Knock Off|p1a: Chesnaught\n|-resisted|p1a: Chesnaught\n|-crit|p1a: Chesnaught\n|-damage|p1a: Chesnaught|70\/100\n|-damage|p2a: Tu veux quoi toi ?|84\/100|[from] item: Rocky Helmet|[of] p1a: Chesnaught\n|-enditem|p1a: Chesnaught|Rocky Helmet|[from] move: Knock Off|[of] p2a: Tu veux quoi toi ?\n|\n|upkeep\n|turn|3\n|\n|t:|1700237882\n|switch|p2a: De type ACIER|Corviknight, F|100\/100\n|switch|p1a: Mamoswine|Mamoswine, F|100\/100\n|\n|upkeep\n|turn|4\n|\n|t:|1700237892\n|switch|p1a: Bronzong|Bronzong|100\/100\n|move|p2a: De type ACIER|Brave Bird|p1a: Bronzong\n|-resisted|p1a: Bronzong\n|-damage|p1a: Bronzong|85\/100\n|-damage|p2a: De type ACIER|96\/100|[from] Recoil\n|\n|-heal|p1a: Bronzong|92\/100|[from] item: Leftovers\n|upkeep\n|turn|5\n|\n|t:|1700237902\n|move|p2a: De type ACIER|U-turn|p1a: Bronzong\n|-damage|p1a: Bronzong|79\/100\n|\n|t:|1700237909\n|switch|p2a: Tu veux quoi toi ?|Weavile, F|84\/100|[from] U-turn\n|move|p1a: Bronzong|Stealth Rock|p2a: Tu veux quoi toi ?\n|-sidestart|p2: l0ulstraT09|move: Stealth Rock\n|\n|-heal|p1a: Bronzong|85\/100|[from] item: Leftovers\n|upkeep\n|turn|6\n|\n|t:|1700237924\n|move|p1a: Bronzong|Protect|p1a: Bronzong\n|-singleturn|p1a: Bronzong|Protect\n|move|p2a: Tu veux quoi toi ?|Knock Off|p1a: Bronzong\n|-activate|p1a: Bronzong|move: Protect\n|\n|-heal|p1a: Bronzong|91\/100|[from] item: Leftovers\n|upkeep\n|turn|7\n|\n|t:|1700237930\n|switch|p2a: De type ACIER|Corviknight, F|96\/100\n|-damage|p2a: De type ACIER|84\/100|[from] Stealth Rock\n|move|p1a: Bronzong|Gyro Ball|p2a: De type ACIER\n|-resisted|p2a: De type ACIER\n|-damage|p2a: De type ACIER|77\/100\n|-damage|p1a: Bronzong|75\/100|[from] item: Rocky Helmet|[of] p2a: De type ACIER\n|\n|-heal|p1a: Bronzong|81\/100|[from] item: Leftovers\n|upkeep\n|turn|8\n|\n|t:|1700237942\n|move|p1a: Bronzong|Protect|p1a: Bronzong\n|-singleturn|p1a: Bronzong|Protect\n|move|p2a: De type ACIER|Defog|p1a: Bronzong\n|-activate|p1a: Bronzong|move: Protect\n|\n|-heal|p1a: Bronzong|87\/100|[from] item: Leftovers\n|upkeep\n|turn|9\n|\n|t:|1700237952\n|switch|p1a: Dragalge|Dragalge, M|100\/100\n|move|p2a: De type ACIER|Defog|p1a: Dragalge\n|-unboost|p1a: Dragalge|evasion|1\n|-sideend|p2: l0ulstraT09|Stealth Rock|[from] move: Defog|[of] p2a: De type ACIER\n|\n|upkeep\n|turn|10\n|\n|t:|1700237964\n|switch|p2a: Lando Tusk|Great Tusk|100\/100\n|move|p1a: Dragalge|Draco Meteor|p2a: Lando Tusk|[miss]\n|-miss|p1a: Dragalge|p2a: Lando Tusk\n|\n|upkeep\n|turn|11\n|\n|t:|1700237976\n|switch|p1a: Chesnaught|Chesnaught, F|70\/100\n|move|p2a: Lando Tusk|Earthquake|p1a: Chesnaught\n|-resisted|p1a: Chesnaught\n|-damage|p1a: Chesnaught|58\/100\n|\n|upkeep\n|turn|12\n|\n|t:|1700237983\n|-end|p2a: Lando Tusk|Protosynthesis|[silent]\n|switch|p2a: De type ACIER|Corviknight, F|77\/100\n|move|p1a: Chesnaught|Synthesis|p1a: Chesnaught\n|-heal|p1a: Chesnaught|100\/100\n|\n|upkeep\n|turn|13\n|\n|t:|1700237991\n|switch|p1a: Bronzong|Bronzong|87\/100\n|move|p2a: De type ACIER|U-turn|p1a: Bronzong\n|-damage|p1a: Bronzong|75\/100\n|\n|t:|1700237997\n|switch|p2a: Le flow|Braviary-Hisui, M, shiny|100\/100|[from] U-turn\n|\n|-heal|p1a: Bronzong|82\/100|[from] item: Leftovers\n|upkeep\n|turn|14\n|\n|t:|1700238006\n|move|p2a: Le flow|Heat Wave|p1a: Bronzong\n|-supereffective|p1a: Bronzong\n|-damage|p1a: Bronzong|6\/100\n|move|p1a: Bronzong|Gyro Ball|p2a: Le flow\n|-damage|p2a: Le flow|68\/100\n|\n|-heal|p1a: Bronzong|12\/100|[from] item: Leftovers\n|upkeep\n|turn|15\n|\n|t:|1700238018\n|move|p1a: Bronzong|Protect|p1a: Bronzong\n|-singleturn|p1a: Bronzong|Protect\n|move|p2a: Le flow|Heat Wave|p1a: Bronzong\n|-activate|p1a: Bronzong|move: Protect\n|\n|-heal|p1a: Bronzong|19\/100|[from] item: Leftovers\n|upkeep\n|turn|16\n|\n|t:|1700238020\n|switch|p1a: Milotic|Milotic, M|100\/100\n|move|p2a: Le flow|Heat Wave|p1a: Milotic\n|-resisted|p1a: Milotic\n|-damage|p1a: Milotic|84\/100\n|\n|upkeep\n|turn|17\n|\n|t:|1700238026\n|move|p2a: Le flow|Hurricane|p1a: Milotic\n|-damage|p1a: Milotic|30\/100\n|move|p1a: Milotic|Scald|p2a: Le flow\n|-damage|p2a: Le flow|33\/100\n|\n|upkeep\n|turn|18\n|\n|t:|1700238036\n|switch|p1a: Bronzong|Bronzong|19\/100\n|move|p2a: Le flow|Psychic|p1a: Bronzong\n|-resisted|p1a: Bronzong\n|-damage|p1a: Bronzong|6\/100\n|\n|-heal|p1a: Bronzong|12\/100|[from] item: Leftovers\n|upkeep\n|turn|19\n|\n|t:|1700238045\n|move|p2a: Le flow|Agility|p2a: Le flow\n|-boost|p2a: Le flow|spe|2\n|move|p1a: Bronzong|Stealth Rock|p2a: Le flow\n|-sidestart|p2: l0ulstraT09|move: Stealth Rock\n|\n|-heal|p1a: Bronzong|18\/100|[from] item: Leftovers\n|upkeep\n|turn|20\n|\n|t:|1700238052\n|move|p2a: Le flow|Heat Wave|p1a: Bronzong\n|-supereffective|p1a: Bronzong\n|-damage|p1a: Bronzong|0 fnt\n|faint|p1a: Bronzong\n|\n|upkeep\n|\n|t:|1700238054\n|switch|p1a: Lokix|Lokix, M|100\/100\n|turn|21\n|\n|t:|1700238064\n|move|p1a: Lokix|First Impression|p2a: Le flow\n|-damage|p2a: Le flow|0 fnt\n|faint|p2a: Le flow\n|\n|upkeep\n|\n|t:|1700238070\n|switch|p2a: De type ACIER|Corviknight, F|77\/100\n|-damage|p2a: De type ACIER|65\/100|[from] Stealth Rock\n|turn|22\n|\n|t:|1700238073\n|switch|p1a: Dragalge|Dragalge, M|100\/100\n|move|p2a: De type ACIER|Roost|p2a: De type ACIER\n|-heal|p2a: De type ACIER|100\/100\n|-singleturn|p2a: De type ACIER|move: Roost\n|\n|upkeep\n|turn|23\n|\n|t:|1700238079\n|move|p1a: Dragalge|Thunderbolt|p2a: De type ACIER\n|-supereffective|p2a: De type ACIER\n|-damage|p2a: De type ACIER|31\/100\n|move|p2a: De type ACIER|Defog|p1a: Dragalge\n|-unboost|p1a: Dragalge|evasion|1\n|-sideend|p2: l0ulstraT09|Stealth Rock|[from] move: Defog|[of] p2a: De type ACIER\n|\n|upkeep\n|turn|24\n|\n|t:|1700238085\n|switch|p1a: Mamoswine|Mamoswine, F|100\/100\n|switch|p2a: Lando Tusk|Great Tusk|100\/100\n|\n|upkeep\n|turn|25\n|\n|t:|1700238090\n|move|p1a: Mamoswine|Icicle Crash|p2a: Lando Tusk\n|-supereffective|p2a: Lando Tusk\n|-damage|p2a: Lando Tusk|45\/100\n|cant|p2a: Lando Tusk|flinch\n|\n|upkeep\n|turn|26\n|\n|t:|1700238099\n|-end|p2a: Lando Tusk|Protosynthesis|[silent]\n|switch|p2a: Tu veux quoi toi ?|Weavile, F|84\/100\n|move|p1a: Mamoswine|Icicle Crash|p2a: Tu veux quoi toi ?\n|-resisted|p2a: Tu veux quoi toi ?\n|-damage|p2a: Tu veux quoi toi ?|48\/100\n|\n|upkeep\n|turn|27\n|\n|t:|1700238114\n|move|p2a: Tu veux quoi toi ?|Icicle Crash|p1a: Mamoswine\n|-damage|p1a: Mamoswine|68\/100\n|cant|p1a: Mamoswine|flinch\n|\n|upkeep\n|turn|28\n|\n|t:|1700238123\n|switch|p2a: De type ACIER|Corviknight, F|31\/100\n|move|p1a: Mamoswine|Earthquake|p2a: De type ACIER\n|-immune|p2a: De type ACIER\n|\n|upkeep\n|turn|29\n|\n|t:|1700238129\n|move|p1a: Mamoswine|Icicle Crash|p2a: De type ACIER\n|-damage|p2a: De type ACIER|3\/100\n|cant|p2a: De type ACIER|flinch\n|\n|upkeep\n|turn|30\n|\n|t:|1700238136\n|move|p1a: Mamoswine|Icicle Crash|p2a: De type ACIER\n|-damage|p2a: De type ACIER|0 fnt\n|faint|p2a: De type ACIER\n|\n|upkeep\n|\n|t:|1700238145\n|switch|p2a: Tu veux quoi toi ?|Weavile, F|48\/100\n|turn|31\n|\n|t:|1700238148\n|move|p2a: Tu veux quoi toi ?|Knock Off|p1a: Mamoswine\n|-damage|p1a: Mamoswine|0 fnt\n|-enditem|p1a: Mamoswine|Assault Vest|[from] move: Knock Off|[of] p2a: Tu veux quoi toi ?\n|faint|p1a: Mamoswine\n|\n|upkeep\n|\n|t:|1700238152\n|switch|p1a: Lokix|Lokix, M|100\/100\n|turn|32\n|\n|t:|1700238158\n|switch|p2a: Lando Tusk|Great Tusk|45\/100\n|move|p1a: Lokix|U-turn|p2a: Lando Tusk\n|-resisted|p2a: Lando Tusk\n|-damage|p2a: Lando Tusk|12\/100\n|\n|t:|1700238162\n|switch|p1a: Chesnaught|Chesnaught, F|100\/100|[from] U-turn\n|\n|upkeep\n|turn|33\n|\n|t:|1700238177\n|-end|p2a: Lando Tusk|Protosynthesis|[silent]\n|switch|p2a: La licorne styl\u00e9e|Thundurus-Therian, M|100\/100\n|move|p1a: Chesnaught|Body Press|p2a: La licorne styl\u00e9e\n|-resisted|p2a: La licorne styl\u00e9e\n|-damage|p2a: La licorne styl\u00e9e|69\/100\n|\n|upkeep\n|turn|34\n|\n|t:|1700238187\n|switch|p1a: Milotic|Milotic, M|30\/100\n|-terastallize|p2a: La licorne styl\u00e9e|Flying\n|move|p2a: La licorne styl\u00e9e|Tera Blast|p1a: Milotic|[anim] Tera Blast Flying\n|-damage|p1a: Milotic|0 fnt\n|faint|p1a: Milotic\n|\n|upkeep\n|\n|t:|1700238190\n|switch|p1a: Dragalge|Dragalge, M|100\/100\n|turn|35\n|inactive|l0ulstraT09 has 120 seconds left.\n|\n|t:|1700238232\n|switch|p2a: Lando Tusk|Great Tusk|12\/100\n|move|p1a: Dragalge|Draco Meteor|p2a: Lando Tusk|[miss]\n|-miss|p1a: Dragalge|p2a: Lando Tusk\n|\n|upkeep\n|turn|36\n|c|\u2606Dr_DongStrong|can this stop\n|\n|t:|1700238249\n|switch|p1a: Chesnaught|Chesnaught, F|100\/100\n|move|p2a: Lando Tusk|Earthquake|p1a: Chesnaught\n|-resisted|p1a: Chesnaught\n|-damage|p1a: Chesnaught|88\/100\n|\n|upkeep\n|turn|37\n|\n|t:|1700238255\n|move|p2a: Lando Tusk|Close Combat|p1a: Chesnaught\n|-damage|p1a: Chesnaught|59\/100\n|-unboost|p2a: Lando Tusk|def|1\n|-unboost|p2a: Lando Tusk|spd|1\n|move|p1a: Chesnaught|Body Press|p2a: Lando Tusk\n|-damage|p2a: Lando Tusk|0 fnt\n|faint|p2a: Lando Tusk\n|-end|p2a: Lando Tusk|Protosynthesis|[silent]\n|\n|upkeep\n|\n|t:|1700238265\n|switch|p2a: Tu veux quoi toi ?|Weavile, F|48\/100\n|turn|38\n|\n|t:|1700238271\n|switch|p1a: Lokix|Lokix, M|100\/100\n|move|p2a: Tu veux quoi toi ?|Icicle Crash|p1a: Lokix\n|-crit|p1a: Lokix\n|-damage|p1a: Lokix|0 fnt\n|faint|p1a: Lokix\n|\n|upkeep\n|c|\u2606Dr_DongStrong|OH COME ONE\n|c|\u2606Dr_DongStrong|you fucking lucky ass piece of shit\n|inactive|Dr_DongStrong has 120 seconds left.\n|c|\u2606Dr_DongStrong|this was over i won\n|c|\u2606Dr_DongStrong|but no\n|c|\u2606Dr_DongStrong|miss everything and flinch and crit\n|\n|t:|1700238312\n|switch|p1a: Dragalge|Dragalge, M|100\/100\n|turn|39\n|\n|t:|1700238319\n|move|p2a: Tu veux quoi toi ?|Icicle Crash|p1a: Dragalge\n|-supereffective|p1a: Dragalge\n|-damage|p1a: Dragalge|0 fnt\n|faint|p1a: Dragalge\n|\n|upkeep\n|n|!Dr_DongStrong|drdongstrong\n|inactive|Dr_DongStrong has 120 seconds left.\n|c|\u2606l0ulstraT09|Baby calm down\n|-message|Dr_DongStrong forfeited.\n|\n|win|l0ulstraT09\n|raw|Dr_DongStrong's rating: 1328 &rarr; <strong>1312<\/strong><br \/>(-16 for losing)\n|raw|l0ulstraT09's rating: 1400 &rarr; <strong>1416<\/strong><br \/>(+16 for winning)\n","uploadtime":1700238294,"views":10,"p1id":"drdongstrong","p2id":"l0ulstrat09","formatid":"gen9ou","rating":1312,"private":0,"password":""}