{"id":"gen9ou-1990593487","p1":"Hi fren hf","p2":"Damien971","format":"[Gen 9] OU","log":"|j|\u2606Hi fren hf\n|j|\u2606Damien971\n|t:|1699984166\n|gametype|singles\n|player|p1|Hi fren hf|169|1349\n|player|p2|Damien971|wallace|1450\n|teamsize|p1|6\n|teamsize|p2|6\n|gen|9\n|tier|[Gen 9] OU\n|rated|\n|rule|Sleep Clause Mod: Limit one foe put to sleep\n|rule|Species Clause: Limit one of each Pok\u00e9mon\n|rule|OHKO Clause: OHKO moves are banned\n|rule|Evasion Items Clause: Evasion items are banned\n|rule|Evasion Moves Clause: Evasion moves are banned\n|rule|Endless Battle Clause: Forcing endless battles is banned\n|rule|HP Percentage Mod: HP is shown in percentages\n|clearpoke\n|poke|p1|Gholdengo|\n|poke|p1|Great Tusk|\n|poke|p1|Kingambit, M|\n|poke|p1|Ribombee, F|\n|poke|p1|Iron Moth|\n|poke|p1|Greninja-*, M|\n|poke|p2|Azumarill, F|\n|poke|p2|Grimmsnarl, M|\n|poke|p2|Gholdengo|\n|poke|p2|Zapdos|\n|poke|p2|Cinderace, M|\n|poke|p2|Ogerpon-Cornerstone, F|\n|teampreview\n|inactive|Battle timer is ON: inactive players will automatically lose when time's up. (requested by Damien971)\n|\n|t:|1699984211\n|start\n|switch|p1a: Ribombee|Ribombee, F|100\/100\n|switch|p2a: Gholdengo|Gholdengo, shiny|100\/100\n|turn|1\n|\n|t:|1699984215\n|move|p2a: Gholdengo|Shadow Ball|p1a: Ribombee\n|-damage|p1a: Ribombee|30\/100\n|move|p1a: Ribombee|Sticky Web|p2a: Gholdengo\n|-sidestart|p2: Damien971|move: Sticky Web\n|\n|upkeep\n|turn|2\n|\n|t:|1699984222\n|switch|p1a: Kingambit|Kingambit, M|100\/100\n|move|p2a: Gholdengo|Shadow Ball|p1a: Kingambit\n|-resisted|p1a: Kingambit\n|-damage|p1a: Kingambit|79\/100\n|\n|-heal|p1a: Kingambit|85\/100|[from] item: Leftovers\n|upkeep\n|turn|3\n|\n|t:|1699984227\n|switch|p2a: Zapdos|Zapdos, shiny|100\/100\n|move|p1a: Kingambit|Substitute|p1a: Kingambit\n|-start|p1a: Kingambit|Substitute\n|-damage|p1a: Kingambit|60\/100\n|\n|-heal|p1a: Kingambit|66\/100|[from] item: Leftovers\n|upkeep\n|turn|4\n|\n|t:|1699984229\n|move|p2a: Zapdos|Heat Wave|p1a: Kingambit\n|-supereffective|p1a: Kingambit\n|-end|p1a: Kingambit|Substitute\n|move|p1a: Kingambit|Swords Dance|p1a: Kingambit\n|-boost|p1a: Kingambit|atk|2\n|\n|-heal|p1a: Kingambit|73\/100|[from] item: Leftovers\n|upkeep\n|turn|5\n|\n|t:|1699984234\n|move|p1a: Kingambit|Sucker Punch|p2a: Zapdos\n|-damage|p2a: Zapdos|20\/100\n|move|p2a: Zapdos|Heat Wave|p1a: Kingambit\n|-supereffective|p1a: Kingambit\n|-damage|p1a: Kingambit|5\/100\n|\n|-heal|p1a: Kingambit|11\/100|[from] item: Leftovers\n|upkeep\n|turn|6\n|\n|t:|1699984237\n|move|p2a: Zapdos|Heat Wave|p1a: Kingambit\n|-supereffective|p1a: Kingambit\n|-damage|p1a: Kingambit|0 fnt\n|faint|p1a: Kingambit\n|-end|p1a: Kingambit|fallenundefined|[silent]\n|\n|upkeep\n|\n|t:|1699984248\n|switch|p1a: Ribombee|Ribombee, F|30\/100\n|turn|7\n|\n|t:|1699984257\n|move|p1a: Ribombee|Moonblast|p2a: Zapdos\n|-damage|p2a: Zapdos|0 fnt\n|faint|p2a: Zapdos\n|\n|upkeep\n|\n|t:|1699984261\n|switch|p2a: Cinderace|Cinderace, M, shiny|100\/100\n|turn|8\n|\n|t:|1699984264\n|move|p1a: Ribombee|Stun Spore|p2a: Cinderace\n|-status|p2a: Cinderace|par\n|move|p2a: Cinderace|Pyro Ball|p1a: Ribombee\n|-supereffective|p1a: Ribombee\n|-damage|p1a: Ribombee|0 fnt\n|faint|p1a: Ribombee\n|\n|upkeep\n|\n|t:|1699984269\n|switch|p1a: Greninja|Greninja, M|100\/100\n|turn|9\n|\n|t:|1699984278\n|switch|p2a: Azumarill|Azumarill, F, shiny|100\/100\n|-activate|p2a: Azumarill|move: Sticky Web\n|-unboost|p2a: Azumarill|spe|1\n|move|p1a: Greninja|Surf|p2a: Azumarill\n|-resisted|p2a: Azumarill\n|-damage|p2a: Azumarill|75\/100\n|-damage|p1a: Greninja|91\/100|[from] item: Life Orb\n|\n|-heal|p2a: Azumarill|82\/100|[from] item: Leftovers\n|upkeep\n|turn|10\n|\n|t:|1699984281\n|move|p1a: Greninja|Gunk Shot|p2a: Azumarill\n|-supereffective|p2a: Azumarill\n|-damage|p2a: Azumarill|20\/100\n|-damage|p1a: Greninja|81\/100|[from] item: Life Orb\n|move|p2a: Azumarill|Play Rough|p1a: Greninja\n|-supereffective|p1a: Greninja\n|-damage|p1a: Greninja|0 fnt\n|faint|p1a: Greninja\n|\n|-heal|p2a: Azumarill|26\/100|[from] item: Leftovers\n|upkeep\n|\n|t:|1699984286\n|switch|p1a: Gholdengo|Gholdengo|100\/100\n|-item|p1a: Gholdengo|Air Balloon\n|turn|11\n|\n|t:|1699984292\n|move|p1a: Gholdengo|Nasty Plot|p1a: Gholdengo\n|-boost|p1a: Gholdengo|spa|2\n|move|p2a: Azumarill|Liquidation|p1a: Gholdengo\n|-damage|p1a: Gholdengo|44\/100\n|-enditem|p1a: Gholdengo|Air Balloon\n|\n|-heal|p2a: Azumarill|32\/100|[from] item: Leftovers\n|upkeep\n|turn|12\n|\n|t:|1699984298\n|move|p2a: Azumarill|Aqua Jet|p1a: Gholdengo\n|-damage|p1a: Gholdengo|14\/100\n|move|p1a: Gholdengo|Shadow Ball|p2a: Azumarill\n|-damage|p2a: Azumarill|0 fnt\n|faint|p2a: Azumarill\n|\n|upkeep\n|\n|t:|1699984301\n|switch|p2a: Cinderace|Cinderace, M, shiny|100\/100 par\n|turn|13\n|\n|t:|1699984305\n|move|p1a: Gholdengo|Shadow Ball|p2a: Cinderace\n|-damage|p2a: Cinderace|0 fnt\n|faint|p2a: Cinderace\n|\n|upkeep\n|\n|t:|1699984322\n|switch|p2a: Grimmsnarl|Grimmsnarl, M, shiny|100\/100\n|-activate|p2a: Grimmsnarl|move: Sticky Web\n|-unboost|p2a: Grimmsnarl|spe|1\n|turn|14\n|\n|t:|1699984329\n|move|p2a: Grimmsnarl|Light Screen|p2a: Grimmsnarl\n|-sidestart|p2: Damien971|move: Light Screen\n|move|p1a: Gholdengo|Recover|p1a: Gholdengo\n|-heal|p1a: Gholdengo|64\/100\n|\n|upkeep\n|turn|15\n|\n|t:|1699984333\n|move|p2a: Grimmsnarl|Reflect|p2a: Grimmsnarl\n|-sidestart|p2: Damien971|Reflect\n|move|p1a: Gholdengo|Nasty Plot|p1a: Gholdengo\n|-boost|p1a: Gholdengo|spa|2\n|\n|upkeep\n|turn|16\n|\n|t:|1699984336\n|move|p1a: Gholdengo|Recover|p1a: Gholdengo\n|-heal|p1a: Gholdengo|100\/100\n|move|p2a: Grimmsnarl|Spirit Break|p1a: Gholdengo\n|-resisted|p1a: Gholdengo\n|-damage|p1a: Gholdengo|82\/100\n|-unboost|p1a: Gholdengo|spa|1\n|\n|upkeep\n|turn|17\n|\n|t:|1699984340\n|move|p1a: Gholdengo|Shadow Ball|p2a: Grimmsnarl\n|-resisted|p2a: Grimmsnarl\n|-damage|p2a: Grimmsnarl|81\/100\n|move|p2a: Grimmsnarl|Spirit Break|p1a: Gholdengo\n|-resisted|p1a: Gholdengo\n|-damage|p1a: Gholdengo|65\/100\n|-unboost|p1a: Gholdengo|spa|1\n|\n|upkeep\n|turn|18\n|\n|t:|1699984343\n|move|p2a: Grimmsnarl|Parting Shot|p1a: Gholdengo\n|-immune|p1a: Gholdengo|[from] ability: Good as Gold\n|move|p1a: Gholdengo|Recover|p1a: Gholdengo\n|-heal|p1a: Gholdengo|100\/100\n|\n|upkeep\n|turn|19\n|-message|Damien971 forfeited.\n|\n|win|Hi fren hf\n|raw|Hi fren hf's rating: 1349 &rarr; <strong>1375<\/strong><br \/>(+26 for winning)\n|raw|Damien971's rating: 1450 &rarr; <strong>1424<\/strong><br \/>(-26 for losing)\n|l|\u2606Damien971\n","uploadtime":1699984362,"views":10,"p1id":"hifrenhf","p2id":"damien971","formatid":"gen9ou","rating":1375,"private":0,"password":""}