{"id":"gen9ou-1989313553","p1":"Dirty olive","p2":"CutieGrookey","format":"[Gen 9] OU","log":"|j|\u2606Dirty olive\n|j|\u2606CutieGrookey\n|t:|1699835202\n|gametype|singles\n|player|p1|Dirty olive|swimmerf-gen4dp|1038\n|player|p2|CutieGrookey|blackbelt-gen4|1148\n|teamsize|p1|6\n|teamsize|p2|6\n|gen|9\n|tier|[Gen 9] OU\n|rated|\n|rule|Sleep Clause Mod: Limit one foe put to sleep\n|rule|Species Clause: Limit one of each Pok\u00e9mon\n|rule|OHKO Clause: OHKO moves are banned\n|rule|Evasion Items Clause: Evasion items are banned\n|rule|Evasion Moves Clause: Evasion moves are banned\n|rule|Endless Battle Clause: Forcing endless battles is banned\n|rule|HP Percentage Mod: HP is shown in percentages\n|clearpoke\n|poke|p1|Pelipper, F|\n|poke|p1|Floatzel, F|\n|poke|p1|Iron Treads|\n|poke|p1|Amoonguss, M|\n|poke|p1|Hatterene, F|\n|poke|p1|Greninja-*, M|\n|poke|p2|Rillaboom, M|\n|poke|p2|Gholdengo|\n|poke|p2|Toxapex, F|\n|poke|p2|Zoroark-Hisui, F|\n|poke|p2|Dragonite, F|\n|poke|p2|Hatterene, F|\n|teampreview\n|inactive|Battle timer is ON: inactive players will automatically lose when time's up. (requested by Dirty olive)\n|inactive|CutieGrookey has 120 seconds left.\n|c|\u2606Dirty olive|Ceebs\n|c|\u2606Dirty olive|Just click zoroark\n|c|\u2606CutieGrookey|oh ok\n|inactive|Dirty olive has 120 seconds left.\n|c|\u2606Dirty olive|Lol silly\n|c|\u2606Dirty olive|UwU\n|c|\u2606CutieGrookey|yeah it is\n|c|\u2606Dirty olive|Im bipolar\n|c|\u2606CutieGrookey|i dodnt clay to be wolfey or glick\n|c|\u2606Dirty olive|Hehehhehahaw\n|c|\u2606CutieGrookey|sameee queen\n|inactive|Dirty olive has 90 seconds left.\n|c|\u2606CutieGrookey|periodt\n|c|\u2606Dirty olive|slay\n|c|\u2606Dirty olive|Shut up\n|c|\u2606CutieGrookey|oh ok\n|inactive|Dirty olive has 60 seconds left.\n|c|\u2606Dirty olive|Pls pick\n|\n|t:|1699835350\n|start\n|switch|p1a: Peli|Pelipper, F|100\/100\n|switch|p2a: Dragonite|Dragonite, F|100\/100\n|-weather|RainDance|[from] ability: Drizzle|[of] p1a: Peli\n|turn|1\n|c|\u2606CutieGrookey|i did?\n|\n|t:|1699835371\n|move|p2a: Dragonite|Dragon Dance|p2a: Dragonite\n|-boost|p2a: Dragonite|atk|1\n|-boost|p2a: Dragonite|spe|1\n|move|p1a: Peli|U-turn|p2a: Dragonite\n|-resisted|p2a: Dragonite\n|-damage|p2a: Dragonite|98\/100\n|\n|t:|1699835376\n|switch|p1a: Greninja|Greninja, M|100\/100|[from] U-turn\n|\n|-weather|RainDance|[upkeep]\n|upkeep\n|turn|2\n|\n|t:|1699835392\n|-terastallize|p2a: Dragonite|Normal\n|move|p1a: Greninja|Ice Beam|p2a: Dragonite\n|-damage|p2a: Dragonite|69\/100\n|-damage|p1a: Greninja|91\/100|[from] item: Life Orb\n|move|p2a: Dragonite|Dragon Dance|p2a: Dragonite\n|-boost|p2a: Dragonite|atk|1\n|-boost|p2a: Dragonite|spe|1\n|\n|-weather|RainDance|[upkeep]\n|upkeep\n|turn|3\n|c|\u2606Dirty olive|My bad\n|\n|t:|1699835400\n|move|p2a: Dragonite|Encore|p1a: Greninja\n|-start|p1a: Greninja|Encore\n|move|p1a: Greninja|Ice Beam|p2a: Dragonite\n|-damage|p2a: Dragonite|39\/100\n|-damage|p1a: Greninja|81\/100|[from] item: Life Orb\n|\n|-weather|RainDance|[upkeep]\n|upkeep\n|turn|4\n|c|\u2606Dirty olive|2 player thing\n|c|\u2606CutieGrookey|happens\n|\n|t:|1699835427\n|switch|p1a: Amoonguss|Amoonguss, M|100\/100\n|move|p2a: Dragonite|Roost|p2a: Dragonite\n|-heal|p2a: Dragonite|89\/100\n|\n|-weather|RainDance|[upkeep]\n|upkeep\n|turn|5\n|\n|t:|1699835437\n|switch|p2a: Rillaboom|Rillaboom, M|100\/100\n|-fieldstart|move: Grassy Terrain|[from] ability: Grassy Surge|[of] p2a: Rillaboom\n|move|p1a: Amoonguss|Toxic|p2a: Rillaboom\n|-status|p2a: Rillaboom|tox\n|\n|-weather|RainDance|[upkeep]\n|-damage|p2a: Rillaboom|94\/100 tox|[from] psn\n|upkeep\n|turn|6\n|\n|t:|1699835442\n|move|p2a: Rillaboom|U-turn|p1a: Amoonguss\n|-damage|p1a: Amoonguss|74\/100\n|\n|t:|1699835445\n|switch|p2a: Hatterene|Hatterene, F|100\/100|[from] U-turn\n|-enditem|p2a: Hatterene|Grassy Seed\n|-boost|p2a: Hatterene|def|1|[from] item: Grassy Seed\n|move|p1a: Amoonguss|Sludge Bomb|p2a: Hatterene\n|-supereffective|p2a: Hatterene\n|-damage|p2a: Hatterene|44\/100\n|\n|-weather|RainDance|[upkeep]\n|-heal|p1a: Amoonguss|80\/100|[from] Grassy Terrain\n|-heal|p2a: Hatterene|50\/100|[from] Grassy Terrain\n|upkeep\n|turn|7\n|\n|t:|1699835463\n|switch|p1a: Iron Treads|Iron Treads|100\/100\n|-enditem|p1a: Iron Treads|Booster Energy\n|-activate|p1a: Iron Treads|ability: Quark Drive|[fromitem]\n|-start|p1a: Iron Treads|quarkdrivespe\n|move|p2a: Hatterene|Calm Mind|p2a: Hatterene\n|-boost|p2a: Hatterene|spa|1\n|-boost|p2a: Hatterene|spd|1\n|\n|-weather|RainDance|[upkeep]\n|-heal|p2a: Hatterene|56\/100|[from] Grassy Terrain\n|upkeep\n|turn|8\n|\n|t:|1699835469\n|move|p1a: Iron Treads|Knock Off|p2a: Hatterene\n|-damage|p2a: Hatterene|42\/100\n|move|p2a: Hatterene|Mystical Fire|p1a: Iron Treads\n|-supereffective|p1a: Iron Treads\n|-damage|p1a: Iron Treads|43\/100\n|-unboost|p1a: Iron Treads|spa|1\n|\n|-weather|none\n|-heal|p1a: Iron Treads|49\/100|[from] Grassy Terrain\n|-heal|p2a: Hatterene|48\/100|[from] Grassy Terrain\n|upkeep\n|turn|9\n|\n|t:|1699835474\n|move|p1a: Iron Treads|Earthquake|p2a: Hatterene\n|-damage|p2a: Hatterene|30\/100\n|move|p2a: Hatterene|Mystical Fire|p1a: Iron Treads\n|-supereffective|p1a: Iron Treads\n|-damage|p1a: Iron Treads|0 fnt\n|faint|p1a: Iron Treads\n|-end|p1a: Iron Treads|Quark Drive|[silent]\n|\n|-heal|p2a: Hatterene|36\/100|[from] Grassy Terrain\n|-fieldend|move: Grassy Terrain\n|upkeep\n|\n|t:|1699835483\n|switch|p1a: Greninja|Greninja, M|81\/100\n|turn|10\n|\n|t:|1699835486\n|move|p1a: Greninja|Hydro Pump|p2a: Hatterene\n|-damage|p2a: Hatterene|0 fnt\n|faint|p2a: Hatterene\n|-ability|p1a: Greninja|Battle Bond|boost\n|-boost|p1a: Greninja|atk|1\n|-boost|p1a: Greninja|spa|1\n|-boost|p1a: Greninja|spe|1\n|-activate|p1a: Greninja|ability: Battle Bond\n|-damage|p1a: Greninja|71\/100|[from] item: Life Orb\n|\n|upkeep\n|c|\u2606Dirty olive|Gg\n|c|\u2606Dirty olive|Shut up bro\n|c|\u2606Dirty olive|Toxic\n|c|\u2606CutieGrookey|well no\n|inactive|CutieGrookey has 120 seconds left.\n|\n|t:|1699835525\n|switch|p2a: Dragonite|Dragonite, F, tera:Normal|89\/100\n|turn|11\n|\n|t:|1699835528\n|move|p2a: Dragonite|Extreme Speed|p1a: Greninja\n|-damage|p1a: Greninja|0 fnt\n|faint|p1a: Greninja\n|\n|upkeep\n|\n|t:|1699835531\n|switch|p1a: Floatzel|Floatzel, F|100\/100\n|turn|12\n|\n|t:|1699835546\n|switch|p2a: Rillaboom|Rillaboom, M|94\/100 tox\n|-fieldstart|move: Grassy Terrain|[from] ability: Grassy Surge|[of] p2a: Rillaboom\n|move|p1a: Floatzel|Ice Spinner|p2a: Rillaboom\n|-supereffective|p2a: Rillaboom\n|-damage|p2a: Rillaboom|10\/100 tox\n|-fieldend|move: Grassy Terrain\n|\n|-damage|p2a: Rillaboom|4\/100 tox|[from] psn\n|upkeep\n|turn|13\n|c|\u2606CutieGrookey|gagged me a bit for sure\n|\n|t:|1699835565\n|switch|p1a: Peli|Pelipper, F|100\/100\n|-weather|RainDance|[from] ability: Drizzle|[of] p1a: Peli\n|move|p2a: Rillaboom|U-turn|p1a: Peli\n|-resisted|p1a: Peli\n|-damage|p1a: Peli|91\/100\n|inactive|CutieGrookey has 120 seconds left.\n|\n|t:|1699835592\n|switch|p2a: Dragonite|Dragonite, F|100\/100|[from] U-turn\n|\n|-weather|RainDance|[upkeep]\n|upkeep\n|-start|p2a: Dragonite|typechange|Normal|[silent]\n|turn|14\n|\n|t:|1699835602\n|move|p2a: Dragonite|Nasty Plot|p2a: Dragonite\n|-boost|p2a: Dragonite|spa|2\n|move|p1a: Peli|Hurricane|p2a: Dragonite\n|-damage|p2a: Dragonite|20\/100\n|-start|p2a: Dragonite|confusion\n|replace|p2a: Zoroark|Zoroark-Hisui, F\n|-end|p2a: Zoroark|Illusion\n|\n|-weather|RainDance|[upkeep]\n|upkeep\n|turn|15\n|\n|t:|1699835610\n|-activate|p2a: Zoroark|confusion\n|-damage|p2a: Zoroark|4\/100|[from] confusion\n|move|p1a: Peli|Surf|p2a: Zoroark\n|-damage|p2a: Zoroark|0 fnt\n|faint|p2a: Zoroark\n|\n|-weather|RainDance|[upkeep]\n|upkeep\n|c|\u2606CutieGrookey|goofy\n|inactive|CutieGrookey has 120 seconds left.\n|c|\u2606Dirty olive|Damn lucky\n|c|\u2606Dirty olive|Wp\n|c|\u2606Dirty olive|Wp\n|\n|t:|1699835627\n|switch|p2a: Gholdengo|Gholdengo|100\/100\n|turn|16\n|\n|t:|1699835632\n|move|p2a: Gholdengo|Trick|p1a: Peli\n|-activate|p2a: Gholdengo|move: Trick|[of] p1a: Peli\n|-item|p1a: Peli|Choice Scarf|[from] move: Trick\n|-item|p2a: Gholdengo|Damp Rock|[from] move: Trick\n|move|p1a: Peli|U-turn|p2a: Gholdengo\n|-resisted|p2a: Gholdengo\n|-damage|p2a: Gholdengo|98\/100\n|\n|t:|1699835642\n|switch|p1a: Floatzel|Floatzel, F|100\/100|[from] U-turn\n|\n|-weather|RainDance|[upkeep]\n|upkeep\n|turn|17\n|\n|t:|1699835651\n|switch|p2a: Toxapex|Toxapex, F|100\/100\n|move|p1a: Floatzel|Wave Crash|p2a: Toxapex\n|-resisted|p2a: Toxapex\n|-damage|p2a: Toxapex|61\/100\n|-damage|p1a: Floatzel|89\/100|[from] Recoil\n|\n|-weather|RainDance|[upkeep]\n|upkeep\n|turn|18\n|\n|t:|1699835654\n|move|p1a: Floatzel|Wave Crash|p2a: Toxapex\n|-resisted|p2a: Toxapex\n|-damage|p2a: Toxapex|17\/100\n|-damage|p1a: Floatzel|76\/100|[from] Recoil\n|move|p2a: Toxapex|Infestation|p1a: Floatzel\n|-damage|p1a: Floatzel|71\/100\n|-activate|p1a: Floatzel|move: Infestation|[of] p2a: Toxapex\n|\n|-weather|RainDance|[upkeep]\n|-damage|p1a: Floatzel|59\/100|[from] move: Infestation|[partiallytrapped]\n|upkeep\n|turn|19\n|\n|t:|1699835661\n|switch|p2a: Dragonite|Dragonite, F, tera:Normal|89\/100\n|move|p1a: Floatzel|Wave Crash|p2a: Dragonite\n|-damage|p2a: Dragonite|0 fnt\n|faint|p2a: Dragonite\n|-damage|p1a: Floatzel|25\/100|[from] Recoil\n|\n|-weather|RainDance|[upkeep]\n|-end|p1a: Floatzel|Infestation|[partiallytrapped]|[silent]\n|upkeep\n|\n|t:|1699835664\n|switch|p2a: Rillaboom|Rillaboom, M|4\/100 tox\n|-fieldstart|move: Grassy Terrain|[from] ability: Grassy Surge|[of] p2a: Rillaboom\n|turn|20\n|\n|t:|1699835668\n|switch|p1a: Peli|Pelipper, F|91\/100\n|move|p2a: Rillaboom|Grassy Glide|p1a: Peli\n|-damage|p1a: Peli|60\/100\n|\n|-weather|none\n|-heal|p2a: Rillaboom|10\/100 tox|[from] Grassy Terrain\n|-damage|p2a: Rillaboom|4\/100 tox|[from] psn\n|upkeep\n|turn|21\n|\n|t:|1699835676\n|move|p2a: Rillaboom|Grassy Glide|p1a: Peli\n|-damage|p1a: Peli|33\/100\n|move|p1a: Peli|U-turn|p2a: Rillaboom\n|-supereffective|p2a: Rillaboom\n|-damage|p2a: Rillaboom|0 fnt\n|faint|p2a: Rillaboom\n|\n|t:|1699835681\n|switch|p1a: Hatterene|Hatterene, F|100\/100|[from] U-turn\n|\n|upkeep\n|\n|t:|1699835685\n|switch|p2a: Gholdengo|Gholdengo|98\/100\n|turn|22\n|\n|t:|1699835690\n|-terastallize|p1a: Hatterene|Water\n|move|p2a: Gholdengo|Shadow Ball|p1a: Hatterene\n|-damage|p1a: Hatterene|54\/100\n|move|p1a: Hatterene|Calm Mind|p1a: Hatterene\n|-boost|p1a: Hatterene|spa|1\n|-boost|p1a: Hatterene|spd|1\n|\n|-heal|p2a: Gholdengo|100\/100|[from] Grassy Terrain\n|-heal|p1a: Hatterene|60\/100|[from] Grassy Terrain\n|-heal|p1a: Hatterene|66\/100|[from] item: Leftovers\n|upkeep\n|turn|23\n|\n|t:|1699835695\n|switch|p2a: Toxapex|Toxapex, F|51\/100\n|move|p1a: Hatterene|Draining Kiss|p2a: Toxapex\n|-resisted|p2a: Toxapex\n|-damage|p2a: Toxapex|32\/100\n|-heal|p1a: Hatterene|79\/100|[from] drain|[of] p2a: Toxapex\n|\n|-heal|p2a: Toxapex|38\/100|[from] Grassy Terrain\n|-heal|p1a: Hatterene|85\/100|[from] Grassy Terrain\n|-heal|p1a: Hatterene|91\/100|[from] item: Leftovers\n|upkeep\n|turn|24\n|\n|t:|1699835705\n|move|p2a: Toxapex|Infestation|p1a: Hatterene\n|-damage|p1a: Hatterene|89\/100\n|-activate|p1a: Hatterene|move: Infestation|[of] p2a: Toxapex\n|move|p1a: Hatterene|Stored Power|p2a: Toxapex\n|-supereffective|p2a: Toxapex\n|-damage|p2a: Toxapex|0 fnt\n|faint|p2a: Toxapex\n|\n|-heal|p1a: Hatterene|95\/100|[from] Grassy Terrain\n|-heal|p1a: Hatterene|100\/100|[from] item: Leftovers\n|-end|p1a: Hatterene|Infestation|[partiallytrapped]|[silent]\n|-fieldend|move: Grassy Terrain\n|upkeep\n|c|\u2606CutieGrookey|gg\n|c|\u2606CutieGrookey|the power that u hold\n|c|\u2606CutieGrookey|it amazes me\n|-message|CutieGrookey forfeited.\n|\n|win|Dirty olive\n|raw|Dirty olive's rating: 1038 &rarr; <strong>1083<\/strong><br \/>(+45 for winning)\n|raw|CutieGrookey's rating: 1148 &rarr; <strong>1115<\/strong><br \/>(-33 for losing)\n|c|\u2606Dirty olive|Lol\n|l|\u2606CutieGrookey\n|c|\u2606Dirty olive|Ceebs\n","uploadtime":1699835727,"views":12,"p1id":"dirtyolive","p2id":"cutiegrookey","formatid":"gen9ou","rating":1083,"private":0,"password":""}