{"id":"gen9ou-1989573983","p1":"Mukyaup","p2":"permarep","format":"[Gen 9] OU","log":"|j|\u2606Mukyaup\n|j|\u2606permarep\n|t:|1699873448\n|gametype|singles\n|player|p1|Mukyaup|koga|1366\n|player|p2|permarep|265|1323\n|teamsize|p1|6\n|teamsize|p2|6\n|gen|9\n|tier|[Gen 9] OU\n|rated|\n|rule|Sleep Clause Mod: Limit one foe put to sleep\n|rule|Species Clause: Limit one of each Pok\u00e9mon\n|rule|OHKO Clause: OHKO moves are banned\n|rule|Evasion Items Clause: Evasion items are banned\n|rule|Evasion Moves Clause: Evasion moves are banned\n|rule|Endless Battle Clause: Forcing endless battles is banned\n|rule|HP Percentage Mod: HP is shown in percentages\n|clearpoke\n|poke|p1|Maushold-Four|\n|poke|p1|Weezing-Galar, F|\n|poke|p1|Dragonite, F|\n|poke|p1|Walking Wake|\n|poke|p1|Muk-Alola, F|\n|poke|p1|Great Tusk|\n|poke|p2|Samurott-Hisui, M|\n|poke|p2|Sneasler, M|\n|poke|p2|Kingambit, M|\n|poke|p2|Gholdengo|\n|poke|p2|Great Tusk|\n|poke|p2|Moltres|\n|teampreview\n|inactive|Battle timer is ON: inactive players will automatically lose when time's up. (requested by permarep)\n|\n|t:|1699873461\n|start\n|switch|p1a: WalkingMid|Walking Wake|100\/100\n|switch|p2a: Sloth|Sneasler, M|100\/100\n|turn|1\n|\n|t:|1699873470\n|move|p2a: Sloth|Fake Out|p1a: WalkingMid\n|-damage|p1a: WalkingMid|85\/100\n|-status|p1a: WalkingMid|psn|[from] ability: Poison Touch|[of] p2a: Sloth\n|cant|p1a: WalkingMid|flinch\n|\n|-damage|p1a: WalkingMid|72\/100 psn|[from] psn\n|upkeep\n|turn|2\n|\n|t:|1699873476\n|move|p1a: WalkingMid|Draco Meteor|p2a: Sloth\n|-damage|p2a: Sloth|4\/100\n|-unboost|p1a: WalkingMid|spa|2\n|move|p2a: Sloth|U-turn|p1a: WalkingMid\n|-damage|p1a: WalkingMid|47\/100 psn\n|\n|t:|1699873481\n|switch|p2a: Envy|Samurott-Hisui, M|100\/100|[from] U-turn\n|\n|-damage|p1a: WalkingMid|35\/100 psn|[from] psn\n|upkeep\n|turn|3\n|\n|t:|1699873490\n|move|p1a: WalkingMid|Draco Meteor|p2a: Envy\n|-damage|p2a: Envy|55\/100\n|-unboost|p1a: WalkingMid|spa|2\n|move|p2a: Envy|Ceaseless Edge|p1a: WalkingMid|[miss]\n|-miss|p2a: Envy|p1a: WalkingMid\n|\n|-damage|p1a: WalkingMid|22\/100 psn|[from] psn\n|upkeep\n|turn|4\n|\n|t:|1699873500\n|-end|p1a: WalkingMid|Protosynthesis|[silent]\n|switch|p1a: Mr.TopHats|Weezing-Galar, F, shiny|100\/100\n|move|p2a: Envy|Ceaseless Edge|p1a: Mr.TopHats\n|-resisted|p1a: Mr.TopHats\n|-damage|p1a: Mr.TopHats|78\/100\n|-sidestart|p1: Mukyaup|Spikes\n|\n|upkeep\n|turn|5\n|\n|t:|1699873514\n|move|p2a: Envy|Ceaseless Edge|p1a: Mr.TopHats\n|-resisted|p1a: Mr.TopHats\n|-damage|p1a: Mr.TopHats|53\/100\n|-sidestart|p1: Mukyaup|Spikes\n|move|p1a: Mr.TopHats|Strange Steam|p2a: Envy\n|-supereffective|p2a: Envy\n|-damage|p2a: Envy|0 fnt\n|faint|p2a: Envy\n|\n|upkeep\n|\n|t:|1699873519\n|switch|p2a: Sloth|Sneasler, M|4\/100\n|turn|6\n|\n|t:|1699873523\n|move|p2a: Sloth|Fake Out|p1a: Mr.TopHats\n|-damage|p1a: Mr.TopHats|38\/100\n|cant|p1a: Mr.TopHats|flinch\n|\n|upkeep\n|turn|7\n|\n|t:|1699873528\n|move|p2a: Sloth|Dire Claw|p1a: Mr.TopHats\n|-damage|p1a: Mr.TopHats|0 fnt\n|faint|p1a: Mr.TopHats\n|\n|upkeep\n|\n|t:|1699873532\n|switch|p1a: WalkingMid|Walking Wake|22\/100 psn\n|-damage|p1a: WalkingMid|6\/100 psn|[from] Spikes\n|turn|8\n|\n|t:|1699873536\n|switch|p2a: Wrath|Kingambit, M|100\/100\n|-activate|p2a: Wrath|ability: Supreme Overlord\n|-start|p2a: Wrath|fallen1|[silent]\n|move|p1a: WalkingMid|Flip Turn|p2a: Wrath\n|-damage|p2a: Wrath|89\/100\n|\n|t:|1699873540\n|-end|p1a: WalkingMid|Protosynthesis|[silent]\n|switch|p1a: Beyblade|Great Tusk|100\/100|[from] Flip Turn\n|-damage|p1a: Beyblade|84\/100|[from] Spikes\n|\n|upkeep\n|turn|9\n|\n|t:|1699873545\n|-end|p2a: Wrath|fallen1|[silent]\n|switch|p2a: Lust|Moltres|100\/100\n|move|p1a: Beyblade|Stealth Rock|p2a: Lust\n|-sidestart|p2: permarep|move: Stealth Rock\n|\n|upkeep\n|turn|10\n|\n|t:|1699873554\n|move|p2a: Lust|Flamethrower|p1a: Beyblade\n|-damage|p1a: Beyblade|33\/100\n|move|p1a: Beyblade|Rapid Spin|p2a: Lust\n|-damage|p2a: Lust|91\/100\n|-boost|p1a: Beyblade|spe|1\n|-status|p1a: Beyblade|brn|[from] ability: Flame Body|[of] p2a: Lust\n|-sideend|p1: Mukyaup|Spikes|[from] move: Rapid Spin|[of] p1a: Beyblade\n|\n|-damage|p1a: Beyblade|27\/100 brn|[from] brn\n|upkeep\n|turn|11\n|\n|t:|1699873567\n|move|p1a: Beyblade|Ice Spinner|p2a: Lust\n|-damage|p2a: Lust|82\/100\n|move|p2a: Lust|Flamethrower|p1a: Beyblade\n|-damage|p1a: Beyblade|0 fnt\n|faint|p1a: Beyblade\n|-end|p1a: Beyblade|Protosynthesis|[silent]\n|\n|upkeep\n|\n|t:|1699873580\n|switch|p1a: WalkingMid|Walking Wake|6\/100 psn\n|turn|12\n|\n|t:|1699873584\n|move|p1a: WalkingMid|Hydro Steam|p2a: Lust\n|-supereffective|p2a: Lust\n|-damage|p2a: Lust|6\/100\n|move|p2a: Lust|Roost|p2a: Lust\n|-heal|p2a: Lust|56\/100\n|-singleturn|p2a: Lust|move: Roost\n|\n|-damage|p1a: WalkingMid|0 fnt|[from] psn\n|faint|p1a: WalkingMid\n|-end|p1a: WalkingMid|Protosynthesis|[silent]\n|upkeep\n|inactive|Mukyaup has 120 seconds left.\n|\n|t:|1699873615\n|switch|p1a: ChinaAttacks|Maushold-Four|100\/100\n|turn|13\n|\n|t:|1699873619\n|move|p1a: ChinaAttacks|Encore|p2a: Lust\n|-start|p2a: Lust|Encore\n|move|p2a: Lust|Roost|p2a: Lust\n|-heal|p2a: Lust|100\/100\n|-singleturn|p2a: Lust|move: Roost\n|\n|upkeep\n|turn|14\n|\n|t:|1699873624\n|switch|p2a: Pride|Great Tusk|100\/100\n|move|p1a: ChinaAttacks|Tidy Up|p1a: ChinaAttacks\n|-sideend|p2: permarep|Stealth Rock\n|-activate|p1a: ChinaAttacks|move: Tidy Up\n|-boost|p1a: ChinaAttacks|atk|1\n|-boost|p1a: ChinaAttacks|spe|1\n|\n|upkeep\n|turn|15\n|\n|t:|1699873631\n|-terastallize|p1a: ChinaAttacks|Ghost\n|move|p1a: ChinaAttacks|Tidy Up|p1a: ChinaAttacks\n|-boost|p1a: ChinaAttacks|atk|1\n|-boost|p1a: ChinaAttacks|spe|1\n|move|p2a: Pride|Close Combat|p1a: ChinaAttacks\n|-immune|p1a: ChinaAttacks\n|\n|upkeep\n|turn|16\n|\n|t:|1699873638\n|move|p1a: ChinaAttacks|Encore|p2a: Pride\n|-start|p2a: Pride|Encore\n|move|p2a: Pride|Close Combat|p1a: ChinaAttacks\n|-immune|p1a: ChinaAttacks\n|\n|upkeep\n|turn|17\n|\n|t:|1699873644\n|-end|p2a: Pride|Protosynthesis|[silent]\n|switch|p2a: Sloth|Sneasler, M|4\/100\n|move|p1a: ChinaAttacks|Tidy Up|p1a: ChinaAttacks\n|-boost|p1a: ChinaAttacks|atk|1\n|-boost|p1a: ChinaAttacks|spe|1\n|\n|upkeep\n|turn|18\n|\n|t:|1699873650\n|move|p1a: ChinaAttacks|Bite|p2a: Sloth\n|-resisted|p2a: Sloth\n|-damage|p2a: Sloth|0 fnt\n|faint|p2a: Sloth\n|\n|upkeep\n|\n|t:|1699873653\n|switch|p2a: Pride|Great Tusk|100\/100\n|turn|19\n|\n|t:|1699873656\n|move|p1a: ChinaAttacks|Population Bomb|p2a: Pride\n|-damage|p2a: Pride|82\/100\n|-damage|p2a: Pride|62\/100\n|-damage|p2a: Pride|43\/100\n|-crit|p2a: Pride\n|-damage|p2a: Pride|12\/100\n|-damage|p2a: Pride|0 fnt\n|faint|p2a: Pride\n|-end|p2a: Pride|Protosynthesis|[silent]\n|-hitcount|p2: Pride|5\n|\n|upkeep\n|\n|t:|1699873660\n|switch|p2a: Lust|Moltres|100\/100\n|turn|20\n|\n|t:|1699873669\n|move|p1a: ChinaAttacks|Population Bomb|p2a: Lust\n|-damage|p2a: Lust|82\/100\n|-damage|p2a: Lust|65\/100\n|-damage|p2a: Lust|45\/100\n|-status|p1a: ChinaAttacks|brn|[from] ability: Flame Body|[of] p2a: Lust\n|-damage|p2a: Lust|36\/100\n|-damage|p2a: Lust|26\/100\n|-damage|p2a: Lust|17\/100\n|-damage|p2a: Lust|7\/100\n|-damage|p2a: Lust|0 fnt\n|faint|p2a: Lust\n|-hitcount|p2: Lust|8\n|\n|-damage|p1a: ChinaAttacks|94\/100 brn|[from] brn\n|upkeep\n|\n|t:|1699873676\n|switch|p2a: Wrath|Kingambit, M|89\/100\n|-activate|p2a: Wrath|ability: Supreme Overlord\n|-start|p2a: Wrath|fallen4|[silent]\n|turn|21\n|\n|t:|1699873681\n|move|p1a: ChinaAttacks|Population Bomb|p2a: Wrath\n|-resisted|p2a: Wrath\n|-damage|p2a: Wrath|84\/100\n|-resisted|p2a: Wrath\n|-damage|p2a: Wrath|79\/100\n|-resisted|p2a: Wrath\n|-damage|p2a: Wrath|74\/100\n|-resisted|p2a: Wrath\n|-damage|p2a: Wrath|70\/100\n|-resisted|p2a: Wrath\n|-damage|p2a: Wrath|65\/100\n|-resisted|p2a: Wrath\n|-damage|p2a: Wrath|60\/100\n|-resisted|p2a: Wrath\n|-damage|p2a: Wrath|55\/100\n|-resisted|p2a: Wrath\n|-crit|p2a: Wrath\n|-damage|p2a: Wrath|47\/100\n|-resisted|p2a: Wrath\n|-damage|p2a: Wrath|42\/100\n|-resisted|p2a: Wrath\n|-damage|p2a: Wrath|37\/100\n|-hitcount|p2a: Wrath|10\n|move|p2a: Wrath|Swords Dance|p2a: Wrath\n|-boost|p2a: Wrath|atk|2\n|\n|-damage|p1a: ChinaAttacks|88\/100 brn|[from] brn\n|upkeep\n|turn|22\n|\n|t:|1699873687\n|move|p1a: ChinaAttacks|Encore|p2a: Wrath\n|-start|p2a: Wrath|Encore\n|move|p2a: Wrath|Swords Dance|p2a: Wrath\n|-boost|p2a: Wrath|atk|2\n|\n|-damage|p1a: ChinaAttacks|82\/100 brn|[from] brn\n|upkeep\n|turn|23\n|\n|t:|1699873691\n|-end|p2a: Wrath|fallen4|[silent]\n|switch|p2a: Greed|Gholdengo|100\/100\n|move|p1a: ChinaAttacks|Population Bomb|p2a: Greed\n|-immune|p2a: Greed\n|\n|-damage|p1a: ChinaAttacks|76\/100 brn|[from] brn\n|upkeep\n|turn|24\n|\n|t:|1699873693\n|move|p1a: ChinaAttacks|Bite|p2a: Greed\n|-supereffective|p2a: Greed\n|-damage|p2a: Greed|46\/100\n|move|p2a: Greed|Shadow Ball|p1a: ChinaAttacks\n|-supereffective|p1a: ChinaAttacks\n|-damage|p1a: ChinaAttacks|0 fnt\n|faint|p1a: ChinaAttacks\n|\n|-heal|p2a: Greed|52\/100|[from] item: Leftovers\n|upkeep\n|\n|t:|1699873696\n|switch|p1a: Pride \ud83c\udf08|Muk-Alola, F|100\/100\n|turn|25\n|\n|t:|1699873699\n|move|p2a: Greed|Make It Rain|p1a: Pride \ud83c\udf08\n|-damage|p1a: Pride \ud83c\udf08|70\/100\n|-unboost|p2a: Greed|spa|1\n|move|p1a: Pride \ud83c\udf08|Knock Off|p2a: Greed\n|-supereffective|p2a: Greed\n|-damage|p2a: Greed|0 fnt\n|-enditem|p2a: Greed|Leftovers|[from] move: Knock Off|[of] p1a: Pride \ud83c\udf08\n|faint|p2a: Greed\n|\n|-heal|p1a: Pride \ud83c\udf08|76\/100|[from] item: Black Sludge\n|upkeep\n|\n|t:|1699873703\n|switch|p2a: Wrath|Kingambit, M|37\/100\n|-activate|p2a: Wrath|ability: Supreme Overlord\n|-start|p2a: Wrath|fallen5|[silent]\n|turn|26\n|\n|t:|1699873718\n|move|p2a: Wrath|Iron Head|p1a: Pride \ud83c\udf08\n|-damage|p1a: Pride \ud83c\udf08|7\/100\n|move|p1a: Pride \ud83c\udf08|Drain Punch|p2a: Wrath\n|-supereffective|p2a: Wrath\n|-damage|p2a: Wrath|0 fnt\n|-heal|p1a: Pride \ud83c\udf08|25\/100|[from] drain|[of] p2a: Wrath\n|faint|p2a: Wrath\n|-end|p2a: Wrath|fallen5|[silent]\n|\n|win|Mukyaup\n|raw|Mukyaup's rating: 1366 &rarr; <strong>1384<\/strong><br \/>(+18 for winning)\n|raw|permarep's rating: 1323 &rarr; <strong>1305<\/strong><br \/>(-18 for losing)\n|l|\u2606permarep\n","uploadtime":1699873737,"views":6,"p1id":"mukyaup","p2id":"permarep","formatid":"gen9ou","rating":1305,"private":0,"password":""}