{"id":"gen9ou-1989312175","p1":"8Bitducky","p2":"Anriot","format":"[Gen 9] OU","log":"|j|\u26068Bitducky\n|j|\u2606Anriot\n|t:|1699835043\n|gametype|singles\n|player|p1|8Bitducky|barry|1195\n|player|p2|Anriot|riley|1280\n|teamsize|p1|6\n|teamsize|p2|6\n|gen|9\n|tier|[Gen 9] OU\n|rated|\n|rule|Sleep Clause Mod: Limit one foe put to sleep\n|rule|Species Clause: Limit one of each Pok\u00e9mon\n|rule|OHKO Clause: OHKO moves are banned\n|rule|Evasion Items Clause: Evasion items are banned\n|rule|Evasion Moves Clause: Evasion moves are banned\n|rule|Endless Battle Clause: Forcing endless battles is banned\n|rule|HP Percentage Mod: HP is shown in percentages\n|clearpoke\n|poke|p1|Zamazenta-*|\n|poke|p1|Maushold-Four|\n|poke|p1|Iron Moth|\n|poke|p1|Thundurus-Therian, M|\n|poke|p1|Sneasler, F|\n|poke|p1|Rillaboom, M|\n|poke|p2|Empoleon, M|\n|poke|p2|Kingambit, F|\n|poke|p2|Heatran, M|\n|poke|p2|Iron Valiant|\n|poke|p2|Zapdos|\n|poke|p2|Dondozo, M|\n|teampreview\n|inactive|Battle timer is ON: inactive players will automatically lose when time's up. (requested by 8Bitducky)\n|\n|t:|1699835055\n|start\n|switch|p1a: Thundurus|Thundurus-Therian, M|100\/100\n|switch|p2a: Heatran|Heatran, M|100\/100\n|-item|p2a: Heatran|Air Balloon\n|turn|1\n|\n|t:|1699835062\n|move|p1a: Thundurus|Volt Switch|p2a: Heatran\n|-damage|p2a: Heatran|42\/100\n|-enditem|p2a: Heatran|Air Balloon\n|\n|t:|1699835069\n|switch|p1a: Zamazenta|Zamazenta, shiny|100\/100|[from] Volt Switch\n|-ability|p1a: Zamazenta|Dauntless Shield|boost\n|-boost|p1a: Zamazenta|def|1\n|move|p2a: Heatran|Lava Plume|p1a: Zamazenta\n|-damage|p1a: Zamazenta|67\/100\n|-status|p1a: Zamazenta|brn\n|\n|-heal|p1a: Zamazenta|73\/100 brn|[from] item: Leftovers\n|-damage|p1a: Zamazenta|67\/100 brn|[from] brn\n|upkeep\n|turn|2\n|\n|t:|1699835084\n|switch|p2a: Dondozo|Dondozo, M|100\/100\n|move|p1a: Zamazenta|Roar|p2a: Dondozo\n|drag|p2a: Heatran|Heatran, M|42\/100\n|\n|-heal|p1a: Zamazenta|73\/100 brn|[from] item: Leftovers\n|-damage|p1a: Zamazenta|67\/100 brn|[from] brn\n|upkeep\n|turn|3\n|\n|t:|1699835091\n|switch|p2a: Dondozo|Dondozo, M|100\/100\n|move|p1a: Zamazenta|Body Press|p2a: Dondozo\n|-damage|p2a: Dondozo|93\/100\n|\n|-heal|p1a: Zamazenta|73\/100 brn|[from] item: Leftovers\n|-heal|p2a: Dondozo|99\/100|[from] item: Leftovers\n|-damage|p1a: Zamazenta|67\/100 brn|[from] brn\n|upkeep\n|turn|4\n|\n|t:|1699835100\n|switch|p1a: Thundurus|Thundurus-Therian, M|100\/100\n|move|p2a: Dondozo|Liquidation|p1a: Thundurus\n|-damage|p1a: Thundurus|52\/100\n|\n|-heal|p2a: Dondozo|100\/100|[from] item: Leftovers\n|upkeep\n|turn|5\n|\n|t:|1699835113\n|switch|p2a: Heatran|Heatran, M|42\/100\n|move|p1a: Thundurus|Volt Switch|p2a: Heatran\n|-damage|p2a: Heatran|0 fnt\n|faint|p2a: Heatran\n|\n|t:|1699835117\n|switch|p1a: Rillaboom|Rillaboom, M|100\/100|[from] Volt Switch\n|-fieldstart|move: Grassy Terrain|[from] ability: Grassy Surge|[of] p1a: Rillaboom\n|\n|upkeep\n|\n|t:|1699835122\n|switch|p2a: Zapdos|Zapdos|100\/100\n|turn|6\n|\n|t:|1699835127\n|switch|p1a: Thundurus|Thundurus-Therian, M|52\/100\n|move|p2a: Zapdos|Hurricane|p1a: Thundurus\n|-resisted|p1a: Thundurus\n|-crit|p1a: Thundurus\n|-damage|p1a: Thundurus|0 fnt\n|faint|p1a: Thundurus\n|\n|upkeep\n|c|\u26068Bitducky|thats so unlucky\n|\n|t:|1699835154\n|switch|p1a: Iron Moth|Iron Moth|100\/100\n|-enditem|p1a: Iron Moth|Booster Energy\n|-activate|p1a: Iron Moth|ability: Quark Drive|[fromitem]\n|-start|p1a: Iron Moth|quarkdrivespe\n|turn|7\n|\n|t:|1699835162\n|switch|p2a: Empoleon|Empoleon, M|100\/100\n|move|p1a: Iron Moth|Fiery Dance|p2a: Empoleon\n|-damage|p2a: Empoleon|76\/100\n|-boost|p1a: Iron Moth|spa|1\n|\n|-heal|p2a: Empoleon|82\/100|[from] Grassy Terrain\n|-heal|p2a: Empoleon|88\/100|[from] item: Leftovers\n|upkeep\n|turn|8\n|\n|t:|1699835170\n|-end|p1a: Iron Moth|Quark Drive|[silent]\n|switch|p1a: Zamazenta|Zamazenta, shiny|67\/100 brn\n|move|p2a: Empoleon|Surf|p1a: Zamazenta\n|-damage|p1a: Zamazenta|39\/100 brn\n|\n|-heal|p1a: Zamazenta|45\/100 brn|[from] Grassy Terrain\n|-heal|p1a: Zamazenta|52\/100 brn|[from] item: Leftovers\n|-heal|p2a: Empoleon|95\/100|[from] Grassy Terrain\n|-heal|p2a: Empoleon|100\/100|[from] item: Leftovers\n|-damage|p1a: Zamazenta|45\/100 brn|[from] brn\n|upkeep\n|turn|9\n|\n|t:|1699835179\n|move|p1a: Zamazenta|Body Press|p2a: Empoleon\n|-supereffective|p2a: Empoleon\n|-damage|p2a: Empoleon|71\/100\n|move|p2a: Empoleon|Stealth Rock|p1a: Zamazenta\n|-sidestart|p1: 8Bitducky|move: Stealth Rock\n|\n|-heal|p1a: Zamazenta|52\/100 brn|[from] Grassy Terrain\n|-heal|p1a: Zamazenta|58\/100 brn|[from] item: Leftovers\n|-heal|p2a: Empoleon|77\/100|[from] Grassy Terrain\n|-heal|p2a: Empoleon|84\/100|[from] item: Leftovers\n|-damage|p1a: Zamazenta|52\/100 brn|[from] brn\n|-fieldend|move: Grassy Terrain\n|upkeep\n|turn|10\n|\n|t:|1699835188\n|move|p1a: Zamazenta|Body Press|p2a: Empoleon\n|-supereffective|p2a: Empoleon\n|-damage|p2a: Empoleon|54\/100\n|move|p2a: Empoleon|Surf|p1a: Zamazenta\n|-damage|p1a: Zamazenta|27\/100 brn\n|\n|-heal|p1a: Zamazenta|33\/100 brn|[from] item: Leftovers\n|-heal|p2a: Empoleon|60\/100|[from] item: Leftovers\n|-damage|p1a: Zamazenta|27\/100 brn|[from] brn\n|upkeep\n|turn|11\n|\n|t:|1699835194\n|move|p1a: Zamazenta|Body Press|p2a: Empoleon\n|-supereffective|p2a: Empoleon\n|-damage|p2a: Empoleon|29\/100\n|move|p2a: Empoleon|Surf|p1a: Zamazenta\n|-damage|p1a: Zamazenta|2\/100 brn\n|\n|-heal|p1a: Zamazenta|8\/100 brn|[from] item: Leftovers\n|-heal|p2a: Empoleon|35\/100|[from] item: Leftovers\n|-damage|p1a: Zamazenta|2\/100 brn|[from] brn\n|upkeep\n|turn|12\n|\n|t:|1699835203\n|move|p1a: Zamazenta|Body Press|p2a: Empoleon\n|-supereffective|p2a: Empoleon\n|-damage|p2a: Empoleon|5\/100\n|move|p2a: Empoleon|Surf|p1a: Zamazenta\n|-damage|p1a: Zamazenta|0 fnt\n|faint|p1a: Zamazenta\n|\n|-heal|p2a: Empoleon|11\/100|[from] item: Leftovers\n|upkeep\n|\n|t:|1699835205\n|switch|p1a: Maushold|Maushold-Four|100\/100\n|-damage|p1a: Maushold|88\/100|[from] Stealth Rock\n|turn|13\n|\n|t:|1699835214\n|move|p1a: Maushold|Tidy Up|p1a: Maushold\n|-sideend|p1: 8Bitducky|Stealth Rock\n|-activate|p1a: Maushold|move: Tidy Up\n|-boost|p1a: Maushold|atk|1\n|-boost|p1a: Maushold|spe|1\n|move|p2a: Empoleon|Roar|p1a: Maushold\n|drag|p1a: Rillaboom|Rillaboom, M|100\/100\n|-fieldstart|move: Grassy Terrain|[from] ability: Grassy Surge|[of] p1a: Rillaboom\n|\n|-heal|p2a: Empoleon|17\/100|[from] Grassy Terrain\n|-heal|p2a: Empoleon|23\/100|[from] item: Leftovers\n|upkeep\n|turn|14\n|\n|t:|1699835223\n|move|p1a: Rillaboom|Grassy Glide|p2a: Empoleon\n|-damage|p2a: Empoleon|0 fnt\n|faint|p2a: Empoleon\n|\n|upkeep\n|\n|t:|1699835230\n|switch|p2a: Zapdos|Zapdos|100\/100\n|turn|15\n|\n|t:|1699835244\n|switch|p1a: Maushold|Maushold-Four|88\/100\n|move|p2a: Zapdos|Hurricane|p1a: Maushold|[miss]\n|-miss|p2a: Zapdos|p1a: Maushold\n|\n|-heal|p1a: Maushold|94\/100|[from] Grassy Terrain\n|upkeep\n|turn|16\n|\n|t:|1699835258\n|move|p1a: Maushold|Population Bomb|p2a: Zapdos|[miss]\n|-miss|p1a: Maushold|p2a: Zapdos\n|move|p2a: Zapdos|Hurricane|p1a: Maushold\n|-damage|p1a: Maushold|21\/100\n|-enditem|p1a: Maushold|Sitrus Berry|[eat]\n|-heal|p1a: Maushold|46\/100|[from] item: Sitrus Berry\n|-heal|p1a: Maushold|79\/100|[from] ability: Cheek Pouch\n|\n|-heal|p1a: Maushold|85\/100|[from] Grassy Terrain\n|upkeep\n|turn|17\n|\n|t:|1699835267\n|move|p1a: Maushold|Population Bomb|p2a: Zapdos\n|-damage|p2a: Zapdos|94\/100\n|-damage|p2a: Zapdos|87\/100\n|-damage|p2a: Zapdos|81\/100\n|-status|p1a: Maushold|par|[from] ability: Static|[of] p2a: Zapdos\n|-damage|p2a: Zapdos|75\/100\n|-damage|p2a: Zapdos|68\/100\n|-damage|p2a: Zapdos|62\/100\n|-crit|p2a: Zapdos\n|-damage|p2a: Zapdos|53\/100\n|-damage|p2a: Zapdos|46\/100\n|-damage|p2a: Zapdos|40\/100\n|-damage|p2a: Zapdos|33\/100\n|-hitcount|p2a: Zapdos|10\n|move|p2a: Zapdos|Thunderbolt|p1a: Maushold\n|-damage|p1a: Maushold|34\/100 par\n|\n|-heal|p1a: Maushold|40\/100 par|[from] Grassy Terrain\n|-fieldend|move: Grassy Terrain\n|upkeep\n|turn|18\n|\n|t:|1699835285\n|move|p2a: Zapdos|Thunderbolt|p1a: Maushold\n|-damage|p1a: Maushold|0 fnt\n|faint|p1a: Maushold\n|\n|upkeep\n|\n|t:|1699835291\n|switch|p1a: Iron Moth|Iron Moth|100\/100\n|turn|19\n|\n|t:|1699835295\n|switch|p2a: Dondozo|Dondozo, M|100\/100\n|move|p1a: Iron Moth|Fiery Dance|p2a: Dondozo\n|-resisted|p2a: Dondozo\n|-damage|p2a: Dondozo|81\/100\n|-boost|p1a: Iron Moth|spa|1\n|\n|-heal|p2a: Dondozo|87\/100|[from] item: Leftovers\n|upkeep\n|turn|20\n|\n|t:|1699835302\n|-end|p1a: Iron Moth|Quark Drive|[silent]\n|switch|p1a: Rillaboom|Rillaboom, M|100\/100\n|-fieldstart|move: Grassy Terrain|[from] ability: Grassy Surge|[of] p1a: Rillaboom\n|move|p2a: Dondozo|Earthquake|p1a: Rillaboom\n|-resisted|p1a: Rillaboom\n|-damage|p1a: Rillaboom|94\/100\n|\n|-heal|p1a: Rillaboom|99\/100|[from] Grassy Terrain\n|-heal|p2a: Dondozo|93\/100|[from] Grassy Terrain\n|-heal|p2a: Dondozo|99\/100|[from] item: Leftovers\n|upkeep\n|turn|21\n|\n|t:|1699835317\n|switch|p2a: Zapdos|Zapdos|33\/100\n|-terastallize|p1a: Rillaboom|Grass\n|move|p1a: Rillaboom|Grassy Glide|p2a: Zapdos\n|-resisted|p2a: Zapdos\n|-damage|p2a: Zapdos|0 fnt\n|-status|p1a: Rillaboom|par|[from] ability: Static|[of] p2a: Zapdos\n|faint|p2a: Zapdos\n|\n|-heal|p1a: Rillaboom|100\/100 par|[from] Grassy Terrain\n|upkeep\n|\n|t:|1699835328\n|switch|p2a: Kingambit|Kingambit, F|100\/100\n|-activate|p2a: Kingambit|ability: Supreme Overlord\n|-start|p2a: Kingambit|fallen3|[silent]\n|turn|22\n|\n|t:|1699835333\n|switch|p1a: Sneasler|Sneasler, F|100\/100\n|-enditem|p1a: Sneasler|Grassy Seed\n|-boost|p1a: Sneasler|def|1|[from] item: Grassy Seed\n|move|p2a: Kingambit|Kowtow Cleave|p1a: Sneasler\n|-resisted|p1a: Sneasler\n|-damage|p1a: Sneasler|64\/100\n|\n|-heal|p1a: Sneasler|70\/100|[from] Grassy Terrain\n|upkeep\n|turn|23\n|\n|t:|1699835344\n|-end|p2a: Kingambit|fallen3|[silent]\n|switch|p2a: Dondozo|Dondozo, M|99\/100\n|move|p1a: Sneasler|Close Combat|p2a: Dondozo\n|-damage|p2a: Dondozo|71\/100\n|-unboost|p1a: Sneasler|def|1\n|-unboost|p1a: Sneasler|spd|1\n|\n|-heal|p1a: Sneasler|76\/100|[from] Grassy Terrain\n|-heal|p2a: Dondozo|77\/100|[from] Grassy Terrain\n|-heal|p2a: Dondozo|83\/100|[from] item: Leftovers\n|upkeep\n|turn|24\n|\n|t:|1699835353\n|move|p1a: Sneasler|Acrobatics|p2a: Dondozo\n|-crit|p2a: Dondozo\n|-damage|p2a: Dondozo|53\/100\n|move|p2a: Dondozo|Body Press|p1a: Sneasler\n|-resisted|p1a: Sneasler\n|-damage|p1a: Sneasler|54\/100\n|\n|-heal|p1a: Sneasler|60\/100|[from] Grassy Terrain\n|-heal|p2a: Dondozo|59\/100|[from] Grassy Terrain\n|-heal|p2a: Dondozo|65\/100|[from] item: Leftovers\n|-fieldend|move: Grassy Terrain\n|upkeep\n|turn|25\n|\n|t:|1699835359\n|switch|p1a: Rillaboom|Rillaboom, M, tera:Grass|100\/100 par\n|-fieldstart|move: Grassy Terrain|[from] ability: Grassy Surge|[of] p1a: Rillaboom\n|move|p2a: Dondozo|Earthquake|p1a: Rillaboom\n|-resisted|p1a: Rillaboom\n|-crit|p1a: Rillaboom\n|-damage|p1a: Rillaboom|92\/100 par\n|\n|-heal|p1a: Rillaboom|98\/100 par|[from] Grassy Terrain\n|-heal|p2a: Dondozo|71\/100|[from] Grassy Terrain\n|-heal|p2a: Dondozo|77\/100|[from] item: Leftovers\n|upkeep\n|turn|26\n|\n|t:|1699835367\n|-terastallize|p2a: Dondozo|Fighting\n|move|p1a: Rillaboom|High Horsepower|p2a: Dondozo|[miss]\n|-miss|p1a: Rillaboom|p2a: Dondozo\n|move|p2a: Dondozo|Body Press|p1a: Rillaboom\n|-damage|p1a: Rillaboom|50\/100 par\n|\n|-heal|p1a: Rillaboom|57\/100 par|[from] Grassy Terrain\n|-heal|p2a: Dondozo|83\/100|[from] Grassy Terrain\n|-heal|p2a: Dondozo|90\/100|[from] item: Leftovers\n|upkeep\n|turn|27\n|\n|t:|1699835374\n|move|p1a: Rillaboom|Grassy Glide|p2a: Dondozo\n|-damage|p2a: Dondozo|62\/100\n|move|p2a: Dondozo|Body Press|p1a: Rillaboom\n|-damage|p1a: Rillaboom|7\/100 par\n|\n|-heal|p1a: Rillaboom|13\/100 par|[from] Grassy Terrain\n|-heal|p2a: Dondozo|68\/100|[from] Grassy Terrain\n|-heal|p2a: Dondozo|75\/100|[from] item: Leftovers\n|upkeep\n|turn|28\n|\n|t:|1699835387\n|move|p1a: Rillaboom|Grassy Glide|p2a: Dondozo\n|-damage|p2a: Dondozo|49\/100\n|move|p2a: Dondozo|Body Press|p1a: Rillaboom\n|-crit|p1a: Rillaboom\n|-damage|p1a: Rillaboom|0 fnt\n|faint|p1a: Rillaboom\n|\n|-heal|p2a: Dondozo|55\/100|[from] Grassy Terrain\n|-heal|p2a: Dondozo|61\/100|[from] item: Leftovers\n|upkeep\n|\n|t:|1699835390\n|switch|p1a: Iron Moth|Iron Moth|100\/100\n|turn|29\n|\n|t:|1699835401\n|move|p1a: Iron Moth|Fiery Dance|p2a: Dondozo\n|-damage|p2a: Dondozo|20\/100\n|move|p2a: Dondozo|Earthquake|p1a: Iron Moth\n|-supereffective|p1a: Iron Moth\n|-damage|p1a: Iron Moth|24\/100\n|\n|-heal|p1a: Iron Moth|30\/100|[from] Grassy Terrain\n|-heal|p2a: Dondozo|26\/100|[from] Grassy Terrain\n|-heal|p2a: Dondozo|32\/100|[from] item: Leftovers\n|-fieldend|move: Grassy Terrain\n|upkeep\n|turn|30\n|\n|t:|1699835411\n|move|p1a: Iron Moth|Fiery Dance|p2a: Dondozo\n|-damage|p2a: Dondozo|0 fnt\n|-boost|p1a: Iron Moth|spa|1\n|faint|p2a: Dondozo\n|\n|upkeep\n|\n|t:|1699835416\n|switch|p2a: Iron Valiant|Iron Valiant|100\/100\n|-enditem|p2a: Iron Valiant|Booster Energy\n|-activate|p2a: Iron Valiant|ability: Quark Drive|[fromitem]\n|-start|p2a: Iron Valiant|quarkdrivespe\n|turn|31\n|\n|t:|1699835422\n|move|p2a: Iron Valiant|Psyshock|p1a: Iron Moth\n|-supereffective|p1a: Iron Moth\n|-damage|p1a: Iron Moth|0 fnt\n|faint|p1a: Iron Moth\n|-end|p1a: Iron Moth|Quark Drive|[silent]\n|\n|upkeep\n|\n|t:|1699835424\n|switch|p1a: Sneasler|Sneasler, F|60\/100\n|turn|32\n|\n|t:|1699835429\n|move|p2a: Iron Valiant|Psyshock|p1a: Sneasler\n|-supereffective|p1a: Sneasler\n|-damage|p1a: Sneasler|0 fnt\n|faint|p1a: Sneasler\n|\n|win|Anriot\n|raw|8Bitducky's rating: 1195 &rarr; <strong>1176<\/strong><br \/>(-19 for losing)\n|raw|Anriot's rating: 1280 &rarr; <strong>1299<\/strong><br \/>(+19 for winning)\n|l|\u26068Bitducky\n","uploadtime":1699835436,"views":11,"p1id":"8bitducky","p2id":"anriot","formatid":"gen9ou","rating":1176,"private":0,"password":""}