{"id":"gen9ou-1999942675","p1":"Shiva_846","p2":"brogre35","format":"[Gen 9] OU","log":"|j|\u2606Shiva_846\n|j|\u2606brogre35\n|t:|1701132775\n|gametype|singles\n|player|p1|Shiva_846|265|1435\n|player|p2|brogre35|preschooler|1530\n|teamsize|p1|6\n|teamsize|p2|6\n|gen|9\n|tier|[Gen 9] OU\n|rated|\n|rule|Sleep Clause Mod: Limit one foe put to sleep\n|rule|Species Clause: Limit one of each Pok\u00e9mon\n|rule|OHKO Clause: OHKO moves are banned\n|rule|Evasion Items Clause: Evasion items are banned\n|rule|Evasion Moves Clause: Evasion moves are banned\n|rule|Endless Battle Clause: Forcing endless battles is banned\n|rule|HP Percentage Mod: HP is shown in percentages\n|clearpoke\n|poke|p1|Rillaboom, M|\n|poke|p1|Heatran, F|\n|poke|p1|Gholdengo|\n|poke|p1|Great Tusk|\n|poke|p1|Dragapult, F|\n|poke|p1|Iron Valiant|\n|poke|p2|Sinistcha|\n|poke|p2|Muk-Alola, F|\n|poke|p2|Zapdos|\n|poke|p2|Dragapult, F|\n|poke|p2|Quaquaval, M|\n|poke|p2|Gholdengo|\n|teampreview\n|inactive|Battle timer is ON: inactive players will automatically lose when time's up. (requested by brogre35)\n|\n|t:|1701132787\n|start\n|switch|p1a: Rillaboom|Rillaboom, M|100\/100\n|switch|p2a: Zapdos|Zapdos|100\/100\n|-fieldstart|move: Grassy Terrain|[from] ability: Grassy Surge|[of] p1a: Rillaboom\n|turn|1\n|\n|t:|1701132795\n|switch|p1a: Heatran|Heatran, F|100\/100\n|move|p2a: Zapdos|Volt Switch|p1a: Heatran\n|-damage|p1a: Heatran|75\/100\n|\n|t:|1701132802\n|switch|p2a: Muk|Muk-Alola, F|100\/100|[from] Volt Switch\n|\n|-heal|p1a: Heatran|81\/100|[from] Grassy Terrain\n|-heal|p1a: Heatran|87\/100|[from] item: Leftovers\n|upkeep\n|turn|2\n|\n|t:|1701132807\n|move|p1a: Heatran|Will-O-Wisp|p2a: Muk|[miss]\n|-miss|p1a: Heatran|p2a: Muk\n|move|p2a: Muk|Knock Off|p1a: Heatran\n|-damage|p1a: Heatran|57\/100\n|-enditem|p1a: Heatran|Leftovers|[from] move: Knock Off|[of] p2a: Muk\n|\n|-heal|p1a: Heatran|63\/100|[from] Grassy Terrain\n|upkeep\n|turn|3\n|\n|t:|1701132816\n|move|p1a: Heatran|Will-O-Wisp|p2a: Muk\n|-status|p2a: Muk|brn\n|move|p2a: Muk|Drain Punch|p1a: Heatran\n|-supereffective|p1a: Heatran\n|-damage|p1a: Heatran|49\/100\n|\n|-heal|p1a: Heatran|55\/100|[from] Grassy Terrain\n|-damage|p2a: Muk|94\/100 brn|[from] brn\n|upkeep\n|turn|4\n|\n|t:|1701132821\n|move|p1a: Heatran|Earth Power|p2a: Muk\n|-supereffective|p2a: Muk\n|-damage|p2a: Muk|65\/100 brn\n|move|p2a: Muk|Drain Punch|p1a: Heatran\n|-supereffective|p1a: Heatran\n|-damage|p1a: Heatran|40\/100\n|-heal|p2a: Muk|72\/100 brn|[from] drain|[of] p1a: Heatran\n|\n|-heal|p1a: Heatran|46\/100|[from] Grassy Terrain\n|-heal|p2a: Muk|78\/100 brn|[from] Grassy Terrain\n|-damage|p2a: Muk|72\/100 brn|[from] brn\n|upkeep\n|turn|5\n|\n|t:|1701132835\n|switch|p1a: Dragapult|Dragapult, F|100\/100\n|-enditem|p1a: Dragapult|Grassy Seed\n|-boost|p1a: Dragapult|def|1|[from] item: Grassy Seed\n|move|p2a: Muk|Drain Punch|p1a: Dragapult\n|-immune|p1a: Dragapult\n|\n|-heal|p2a: Muk|78\/100 brn|[from] Grassy Terrain\n|-damage|p2a: Muk|72\/100 brn|[from] brn\n|upkeep\n|turn|6\n|\n|t:|1701132841\n|move|p1a: Dragapult|Dragon Dance|p1a: Dragapult\n|-boost|p1a: Dragapult|atk|1\n|-boost|p1a: Dragapult|spe|1\n|move|p2a: Muk|Knock Off|p1a: Dragapult\n|-supereffective|p1a: Dragapult\n|-damage|p1a: Dragapult|78\/100\n|-status|p1a: Dragapult|psn|[from] ability: Poison Touch|[of] p2a: Muk\n|\n|-heal|p1a: Dragapult|84\/100 psn|[from] Grassy Terrain\n|-heal|p2a: Muk|78\/100 brn|[from] Grassy Terrain\n|-damage|p1a: Dragapult|72\/100 psn|[from] psn\n|-damage|p2a: Muk|72\/100 brn|[from] brn\n|upkeep\n|turn|7\n|\n|t:|1701132849\n|move|p2a: Muk|Shadow Sneak|p1a: Dragapult\n|-supereffective|p1a: Dragapult\n|-damage|p1a: Dragapult|63\/100 psn\n|move|p1a: Dragapult|Dragon Dance|p1a: Dragapult\n|-boost|p1a: Dragapult|atk|1\n|-boost|p1a: Dragapult|spe|1\n|\n|-heal|p1a: Dragapult|69\/100 psn|[from] Grassy Terrain\n|-heal|p2a: Muk|78\/100 brn|[from] Grassy Terrain\n|-damage|p1a: Dragapult|56\/100 psn|[from] psn\n|-damage|p2a: Muk|72\/100 brn|[from] brn\n|upkeep\n|turn|8\n|\n|t:|1701132854\n|move|p2a: Muk|Shadow Sneak|p1a: Dragapult\n|-supereffective|p1a: Dragapult\n|-damage|p1a: Dragapult|48\/100 psn\n|move|p1a: Dragapult|Dragon Darts|p2a: Muk\n|-damage|p2a: Muk|15\/100 brn\n|-anim|p1a: Dragapult|Dragon Darts|p2a: Muk\n|-damage|p2a: Muk|0 fnt\n|faint|p2a: Muk\n|\n|-heal|p1a: Dragapult|54\/100 psn|[from] Grassy Terrain\n|-damage|p1a: Dragapult|42\/100 psn|[from] psn\n|-fieldend|move: Grassy Terrain\n|upkeep\n|\n|t:|1701132860\n|switch|p2a: Dragapult|Dragapult, F|100\/100\n|turn|9\n|\n|t:|1701132865\n|move|p2a: Dragapult|Sucker Punch|p1a: Dragapult\n|-supereffective|p1a: Dragapult\n|-damage|p1a: Dragapult|0 fnt\n|faint|p1a: Dragapult\n|\n|upkeep\n|\n|t:|1701132873\n|switch|p1a: Rillaboom|Rillaboom, M|100\/100\n|-fieldstart|move: Grassy Terrain|[from] ability: Grassy Surge|[of] p1a: Rillaboom\n|turn|10\n|\n|t:|1701132881\n|move|p2a: Dragapult|Will-O-Wisp|p1a: Rillaboom\n|-status|p1a: Rillaboom|brn\n|move|p1a: Rillaboom|Knock Off|p2a: Dragapult\n|-supereffective|p2a: Dragapult\n|-damage|p2a: Dragapult|62\/100\n|-enditem|p2a: Dragapult|Heavy-Duty Boots|[from] move: Knock Off|[of] p1a: Rillaboom\n|\n|-heal|p2a: Dragapult|68\/100|[from] Grassy Terrain\n|-damage|p1a: Rillaboom|94\/100 brn|[from] brn\n|upkeep\n|turn|11\n|\n|t:|1701132890\n|move|p2a: Dragapult|U-turn|p1a: Rillaboom\n|-supereffective|p1a: Rillaboom\n|-damage|p1a: Rillaboom|48\/100 brn\n|\n|t:|1701132894\n|switch|p2a: Zapdos|Zapdos|100\/100|[from] U-turn\n|move|p1a: Rillaboom|Leech Seed|p2a: Zapdos|[miss]\n|-miss|p1a: Rillaboom|p2a: Zapdos\n|\n|-heal|p1a: Rillaboom|54\/100 brn|[from] Grassy Terrain\n|-damage|p1a: Rillaboom|48\/100 brn|[from] brn\n|upkeep\n|turn|12\n|\n|t:|1701132903\n|switch|p1a: Gholdengo|Gholdengo|100\/100\n|move|p2a: Zapdos|Hurricane|p1a: Gholdengo\n|-resisted|p1a: Gholdengo\n|-damage|p1a: Gholdengo|79\/100\n|\n|-heal|p1a: Gholdengo|85\/100|[from] Grassy Terrain\n|upkeep\n|turn|13\n|j| kabila\u2026 POK!!! \u2605\u2605\u2605\n|\n|t:|1701132914\n|switch|p2a: Gholdengo|Gholdengo|100\/100\n|move|p1a: Gholdengo|Shadow Ball|p2a: Gholdengo\n|-supereffective|p2a: Gholdengo\n|-damage|p2a: Gholdengo|0 fnt\n|faint|p2a: Gholdengo\n|\n|-heal|p1a: Gholdengo|91\/100|[from] Grassy Terrain\n|upkeep\n|\n|t:|1701132932\n|switch|p2a: Quaquaval|Quaquaval, M|100\/100\n|turn|14\n|\n|t:|1701132940\n|move|p2a: Quaquaval|Knock Off|p1a: Gholdengo\n|-supereffective|p1a: Gholdengo\n|-damage|p1a: Gholdengo|27\/100\n|-enditem|p1a: Gholdengo|Covert Cloak|[from] move: Knock Off|[of] p2a: Quaquaval\n|move|p1a: Gholdengo|Shadow Ball|p2a: Quaquaval\n|-damage|p2a: Quaquaval|50\/100\n|\n|-heal|p2a: Quaquaval|57\/100|[from] Grassy Terrain\n|-heal|p1a: Gholdengo|33\/100|[from] Grassy Terrain\n|upkeep\n|turn|15\n|\n|t:|1701132954\n|move|p2a: Quaquaval|Aqua Step|p1a: Gholdengo\n|-damage|p1a: Gholdengo|0 fnt\n|-boost|p2a: Quaquaval|spe|1\n|faint|p1a: Gholdengo\n|-ability|p2a: Quaquaval|Moxie|boost\n|-boost|p2a: Quaquaval|atk|1\n|\n|-heal|p2a: Quaquaval|63\/100|[from] Grassy Terrain\n|upkeep\n|\n|t:|1701132962\n|switch|p1a: Iron Valiant|Iron Valiant|100\/100\n|-enditem|p1a: Iron Valiant|Booster Energy\n|-activate|p1a: Iron Valiant|ability: Quark Drive|[fromitem]\n|-start|p1a: Iron Valiant|quarkdrivespe\n|turn|16\n|\n|t:|1701132975\n|switch|p2a: Zapdos|Zapdos|100\/100\n|move|p1a: Iron Valiant|Moonblast|p2a: Zapdos\n|-damage|p2a: Zapdos|51\/100\n|\n|upkeep\n|turn|17\n|\n|t:|1701132990\n|move|p1a: Iron Valiant|Moonblast|p2a: Zapdos\n|-damage|p2a: Zapdos|3\/100\n|move|p2a: Zapdos|Hurricane|p1a: Iron Valiant\n|-supereffective|p1a: Iron Valiant\n|-damage|p1a: Iron Valiant|0 fnt\n|faint|p1a: Iron Valiant\n|-end|p1a: Iron Valiant|Quark Drive|[silent]\n|\n|-fieldend|move: Grassy Terrain\n|upkeep\n|\n|t:|1701132997\n|switch|p1a: Great Tusk|Great Tusk|100\/100\n|-enditem|p1a: Great Tusk|Booster Energy\n|-activate|p1a: Great Tusk|ability: Protosynthesis|[fromitem]\n|-start|p1a: Great Tusk|protosynthesisspe\n|turn|18\n|\n|t:|1701133007\n|-terastallize|p1a: Great Tusk|Ice\n|move|p1a: Great Tusk|Bulk Up|p1a: Great Tusk\n|-boost|p1a: Great Tusk|atk|1\n|-boost|p1a: Great Tusk|def|1\n|move|p2a: Zapdos|Hurricane|p1a: Great Tusk\n|-damage|p1a: Great Tusk|45\/100\n|-start|p1a: Great Tusk|confusion\n|\n|upkeep\n|turn|19\n|\n|t:|1701133015\n|-activate|p1a: Great Tusk|confusion\n|move|p1a: Great Tusk|Ice Spinner|p2a: Zapdos\n|-supereffective|p2a: Zapdos\n|-crit|p2a: Zapdos\n|-damage|p2a: Zapdos|0 fnt\n|-status|p1a: Great Tusk|par|[from] ability: Static|[of] p2a: Zapdos\n|faint|p2a: Zapdos\n|\n|upkeep\n|c|\u2606Shiva_846|fucking hate this game omg\n|\n|t:|1701133030\n|switch|p2a: Quaquaval|Quaquaval, M|63\/100\n|turn|20\n|\n|t:|1701133035\n|-end|p1a: Great Tusk|Protosynthesis|[silent]\n|switch|p1a: Rillaboom|Rillaboom, M|48\/100 brn\n|-fieldstart|move: Grassy Terrain|[from] ability: Grassy Surge|[of] p1a: Rillaboom\n|move|p2a: Quaquaval|Brick Break|p1a: Rillaboom\n|-damage|p1a: Rillaboom|17\/100 brn\n|\n|-heal|p2a: Quaquaval|69\/100|[from] Grassy Terrain\n|-heal|p1a: Rillaboom|23\/100 brn|[from] Grassy Terrain\n|-damage|p1a: Rillaboom|17\/100 brn|[from] brn\n|upkeep\n|turn|21\n|\n|t:|1701133045\n|move|p1a: Rillaboom|Grassy Glide|p2a: Quaquaval\n|-supereffective|p2a: Quaquaval\n|-crit|p2a: Quaquaval\n|-damage|p2a: Quaquaval|15\/100\n|move|p2a: Quaquaval|Aqua Step|p1a: Rillaboom\n|-resisted|p1a: Rillaboom\n|-crit|p1a: Rillaboom\n|-damage|p1a: Rillaboom|0 fnt\n|-boost|p2a: Quaquaval|spe|1\n|faint|p1a: Rillaboom\n|-ability|p2a: Quaquaval|Moxie|boost\n|-boost|p2a: Quaquaval|atk|1\n|\n|-heal|p2a: Quaquaval|22\/100|[from] Grassy Terrain\n|upkeep\n|-message|Shiva_846 forfeited.\n|\n|win|brogre35\n|raw|Shiva_846's rating: 1435 &rarr; <strong>1420<\/strong><br \/>(-15 for losing)\n|raw|brogre35's rating: 1530 &rarr; <strong>1545<\/strong><br \/>(+15 for winning)\n|l|\u2606Shiva_846\n","uploadtime":1701133028,"views":2,"p1id":"shiva846","p2id":"brogre35","formatid":"gen9ou","rating":1420,"private":0,"password":""}