{"id":"gen9ou-1995497404","p1":"Stuj673","p2":"vekpoc","format":"[Gen 9] OU","log":"|j|\u2606Stuj673\n|j|\u2606vekpoc\n|t:|1700577195\n|gametype|singles\n|player|p1|Stuj673|170|1101\n|player|p2|vekpoc|youngster-gen1rb|1174\n|teamsize|p1|6\n|teamsize|p2|6\n|gen|9\n|tier|[Gen 9] OU\n|rated|\n|rule|Sleep Clause Mod: Limit one foe put to sleep\n|rule|Species Clause: Limit one of each Pok\u00e9mon\n|rule|OHKO Clause: OHKO moves are banned\n|rule|Evasion Items Clause: Evasion items are banned\n|rule|Evasion Moves Clause: Evasion moves are banned\n|rule|Endless Battle Clause: Forcing endless battles is banned\n|rule|HP Percentage Mod: HP is shown in percentages\n|clearpoke\n|poke|p1|Vikavolt, F|\n|poke|p1|Enamorus, F|\n|poke|p1|Great Tusk|\n|poke|p1|Gholdengo|\n|poke|p1|Kommo-o, M|\n|poke|p1|Iron Moth|\n|poke|p2|Pelipper, F|\n|poke|p2|Quaquaval, M|\n|poke|p2|Basculegion-F, F|\n|poke|p2|Gyarados, F|\n|poke|p2|Ogerpon-Cornerstone, F|\n|poke|p2|Amoonguss, F|\n|teampreview\n|\n|t:|1700577229\n|start\n|switch|p1a: Vicodi\u00f1o|Vikavolt, F|100\/100\n|switch|p2a: Pelipper|Pelipper, F|100\/100\n|-weather|RainDance|[from] ability: Drizzle|[of] p2a: Pelipper\n|turn|1\n|\n|t:|1700577245\n|switch|p2a: Amoonguss|Amoonguss, F|100\/100\n|move|p1a: Vicodi\u00f1o|Volt Switch|p2a: Amoonguss\n|-resisted|p2a: Amoonguss\n|-damage|p2a: Amoonguss|85\/100\n|inactive|Battle timer is ON: inactive players will automatically lose when time's up. (requested by vekpoc)\n|\n|t:|1700577251\n|switch|p1a: Djengo Unrained|Gholdengo|100\/100|[from] Volt Switch\n|-item|p1a: Djengo Unrained|Air Balloon\n|\n|-weather|RainDance|[upkeep]\n|upkeep\n|turn|2\n|\n|t:|1700577261\n|switch|p2a: Basculegion|Basculegion-F, F, shiny|100\/100\n|move|p1a: Djengo Unrained|Psyshock|p2a: Basculegion\n|-damage|p2a: Basculegion|63\/100\n|\n|-weather|RainDance|[upkeep]\n|upkeep\n|turn|3\n|\n|t:|1700577284\n|move|p2a: Basculegion|Hydro Pump|p1a: Djengo Unrained|[miss]\n|-miss|p2a: Basculegion|p1a: Djengo Unrained\n|move|p1a: Djengo Unrained|Thunderbolt|p2a: Basculegion\n|-supereffective|p2a: Basculegion\n|-damage|p2a: Basculegion|0 fnt\n|faint|p2a: Basculegion\n|\n|-weather|RainDance|[upkeep]\n|upkeep\n|\n|t:|1700577292\n|switch|p2a: Quaquaval|Quaquaval, M|100\/100\n|turn|4\n|\n|t:|1700577301\n|move|p2a: Quaquaval|Aqua Step|p1a: Djengo Unrained\n|-damage|p1a: Djengo Unrained|33\/100\n|-boost|p2a: Quaquaval|spe|1\n|-enditem|p1a: Djengo Unrained|Air Balloon\n|move|p1a: Djengo Unrained|Thunderbolt|p2a: Quaquaval\n|-supereffective|p2a: Quaquaval\n|-damage|p2a: Quaquaval|12\/100\n|-status|p2a: Quaquaval|par\n|\n|-weather|RainDance|[upkeep]\n|upkeep\n|turn|5\n|c|\u2606Stuj673|Bro I\u2019m sorry\n|\n|t:|1700577319\n|move|p1a: Djengo Unrained|Psyshock|p2a: Quaquaval\n|-supereffective|p2a: Quaquaval\n|-damage|p2a: Quaquaval|0 fnt\n|faint|p2a: Quaquaval\n|\n|-weather|RainDance|[upkeep]\n|upkeep\n|c|\u2606vekpoc|alright xd\n|\n|t:|1700577328\n|switch|p2a: Ogerpon|Ogerpon-Cornerstone, F|100\/100\n|turn|6\n|\n|t:|1700577338\n|switch|p2a: Amoonguss|Amoonguss, F|100\/100\n|move|p1a: Djengo Unrained|Make It Rain|p2a: Amoonguss\n|-damage|p2a: Amoonguss|61\/100\n|-unboost|p1a: Djengo Unrained|spa|1\n|\n|-weather|RainDance|[upkeep]\n|upkeep\n|turn|7\n|\n|t:|1700577350\n|move|p1a: Djengo Unrained|Nasty Plot|p1a: Djengo Unrained\n|-boost|p1a: Djengo Unrained|spa|2\n|move|p2a: Amoonguss|Giga Drain|p1a: Djengo Unrained\n|-resisted|p1a: Djengo Unrained\n|-damage|p1a: Djengo Unrained|19\/100\n|-heal|p2a: Amoonguss|66\/100|[from] drain|[of] p1a: Djengo Unrained\n|\n|-weather|RainDance|[upkeep]\n|upkeep\n|turn|8\n|\n|t:|1700577357\n|move|p1a: Djengo Unrained|Psyshock|p2a: Amoonguss\n|-supereffective|p2a: Amoonguss\n|-damage|p2a: Amoonguss|0 fnt\n|faint|p2a: Amoonguss\n|\n|-weather|none\n|upkeep\n|\n|t:|1700577359\n|switch|p2a: Pelipper|Pelipper, F|100\/100\n|-weather|RainDance|[from] ability: Drizzle|[of] p2a: Pelipper\n|turn|9\n|\n|t:|1700577361\n|move|p1a: Djengo Unrained|Thunderbolt|p2a: Pelipper\n|-supereffective|p2a: Pelipper\n|-damage|p2a: Pelipper|0 fnt\n|faint|p2a: Pelipper\n|\n|-weather|RainDance|[upkeep]\n|upkeep\n|\n|t:|1700577364\n|switch|p2a: Ogerpon|Ogerpon-Cornerstone, F|100\/100\n|turn|10\n|\n|t:|1700577366\n|move|p2a: Ogerpon|Trailblaze|p1a: Djengo Unrained\n|-resisted|p1a: Djengo Unrained\n|-damage|p1a: Djengo Unrained|3\/100\n|-boost|p2a: Ogerpon|spe|1\n|move|p1a: Djengo Unrained|Make It Rain|p2a: Ogerpon\n|-supereffective|p2a: Ogerpon\n|-ability|p2a: Ogerpon|Sturdy\n|-damage|p2a: Ogerpon|1\/100\n|-unboost|p1a: Djengo Unrained|spa|1\n|\n|-weather|RainDance|[upkeep]\n|upkeep\n|turn|11\n|\n|t:|1700577376\n|move|p2a: Ogerpon|Trailblaze|p1a: Djengo Unrained\n|-resisted|p1a: Djengo Unrained\n|-crit|p1a: Djengo Unrained\n|-damage|p1a: Djengo Unrained|0 fnt\n|-boost|p2a: Ogerpon|spe|1\n|faint|p1a: Djengo Unrained\n|\n|-weather|RainDance|[upkeep]\n|upkeep\n|\n|t:|1700577379\n|switch|p1a: Tony Komo|Kommo-o, M|100\/100\n|turn|12\n|\n|t:|1700577395\n|move|p2a: Ogerpon|Ivy Cudgel|p1a: Tony Komo|[anim] Ivy Cudgel Rock\n|-resisted|p1a: Tony Komo\n|-damage|p1a: Tony Komo|73\/100\n|move|p1a: Tony Komo|Clanging Scales|p2a: Ogerpon\n|-damage|p2a: Ogerpon|0 fnt\n|faint|p2a: Ogerpon\n|-unboost|p1a: Tony Komo|def|1\n|\n|-weather|RainDance|[upkeep]\n|-heal|p1a: Tony Komo|79\/100|[from] item: Leftovers\n|upkeep\n|\n|t:|1700577399\n|switch|p2a: Gyarados|Gyarados, F|100\/100\n|turn|13\n|\n|t:|1700577414\n|move|p1a: Tony Komo|Clanging Scales|p2a: Gyarados\n|-damage|p2a: Gyarados|52\/100\n|-unboost|p1a: Tony Komo|def|1\n|move|p2a: Gyarados|Dragon Dance|p2a: Gyarados\n|-boost|p2a: Gyarados|atk|1\n|-boost|p2a: Gyarados|spe|1\n|\n|-weather|RainDance|[upkeep]\n|-heal|p2a: Gyarados|58\/100|[from] item: Leftovers\n|-heal|p1a: Tony Komo|85\/100|[from] item: Leftovers\n|upkeep\n|turn|14\n|\n|t:|1700577435\n|switch|p1a: Vicodi\u00f1o|Vikavolt, F|100\/100\n|move|p2a: Gyarados|Dragon Dance|p2a: Gyarados\n|-boost|p2a: Gyarados|atk|1\n|-boost|p2a: Gyarados|spe|1\n|\n|-weather|RainDance|[upkeep]\n|-heal|p2a: Gyarados|64\/100|[from] item: Leftovers\n|upkeep\n|turn|15\n|\n|t:|1700577441\n|move|p2a: Gyarados|Waterfall|p1a: Vicodi\u00f1o\n|-damage|p1a: Vicodi\u00f1o|0 fnt\n|faint|p1a: Vicodi\u00f1o\n|-ability|p2a: Gyarados|Moxie|boost\n|-boost|p2a: Gyarados|atk|1\n|\n|-weather|RainDance|[upkeep]\n|-heal|p2a: Gyarados|70\/100|[from] item: Leftovers\n|upkeep\n|\n|t:|1700577447\n|switch|p1a: Tony Komo|Kommo-o, M|85\/100\n|turn|16\n|\n|t:|1700577454\n|-terastallize|p2a: Gyarados|Flying\n|move|p2a: Gyarados|Tera Blast|p1a: Tony Komo|[anim] Tera Blast Flying\n|-supereffective|p1a: Tony Komo\n|-damage|p1a: Tony Komo|0 fnt\n|faint|p1a: Tony Komo\n|-ability|p2a: Gyarados|Moxie|boost\n|-boost|p2a: Gyarados|atk|1\n|\n|-weather|none\n|-heal|p2a: Gyarados|76\/100|[from] item: Leftovers\n|upkeep\n|c|\u2606vekpoc|he cook\n|\n|t:|1700577461\n|switch|p1a: Dentist G-Ram|Great Tusk|100\/100\n|-enditem|p1a: Dentist G-Ram|Booster Energy\n|-activate|p1a: Dentist G-Ram|ability: Protosynthesis|[fromitem]\n|-start|p1a: Dentist G-Ram|protosynthesisatk\n|turn|17\n|\n|t:|1700577466\n|-terastallize|p1a: Dentist G-Ram|Ice\n|move|p2a: Gyarados|Tera Blast|p1a: Dentist G-Ram|[anim] Tera Blast Flying\n|-damage|p1a: Dentist G-Ram|0 fnt\n|faint|p1a: Dentist G-Ram\n|-end|p1a: Dentist G-Ram|Protosynthesis|[silent]\n|-ability|p2a: Gyarados|Moxie|boost\n|-boost|p2a: Gyarados|atk|1\n|\n|-heal|p2a: Gyarados|82\/100|[from] item: Leftovers\n|upkeep\n|-message|Stuj673 forfeited.\n|\n|win|vekpoc\n|raw|Stuj673's rating: 1101 &rarr; <strong>1081<\/strong><br \/>(-20 for losing)\n|raw|vekpoc's rating: 1174 &rarr; <strong>1194<\/strong><br \/>(+20 for winning)\n|l|\u2606Stuj673\n|c|\u2606vekpoc|gg\n","uploadtime":1700577478,"views":7,"p1id":"stuj673","p2id":"vekpoc","formatid":"gen9ou","rating":1081,"private":0,"password":""}