{"id":"gen9ou-1993543317","p1":"kopro7","p2":"TheZalmancer","format":"[Gen 9] OU","log":"|j|\u2606kopro7\n|j|\u2606TheZalmancer\n|t:|1700329959\n|gametype|singles\n|player|p1|kopro7|1|1182\n|player|p2|TheZalmancer|skyla|1161\n|teamsize|p1|6\n|teamsize|p2|6\n|gen|9\n|tier|[Gen 9] OU\n|rated|\n|rule|Sleep Clause Mod: Limit one foe put to sleep\n|rule|Species Clause: Limit one of each Pok\u00e9mon\n|rule|OHKO Clause: OHKO moves are banned\n|rule|Evasion Items Clause: Evasion items are banned\n|rule|Evasion Moves Clause: Evasion moves are banned\n|rule|Endless Battle Clause: Forcing endless battles is banned\n|rule|HP Percentage Mod: HP is shown in percentages\n|clearpoke\n|poke|p1|Toedscruel, F|\n|poke|p1|Landorus-Therian, M|\n|poke|p1|Jolteon, M|\n|poke|p1|Goodra-Hisui, M|\n|poke|p1|Meowscarada, M|\n|poke|p1|Naclstack, F|\n|poke|p2|Ogerpon-Wellspring, F|\n|poke|p2|Ninetales-Alola, F|\n|poke|p2|Corviknight, F|\n|poke|p2|Slowking-Galar, F|\n|poke|p2|Hydreigon, F|\n|poke|p2|Ditto|\n|teampreview\n|\n|t:|1700329976\n|start\n|switch|p1a: Goodra|Goodra-Hisui, M|100\/100\n|switch|p2a: Hydreigon|Hydreigon, F|100\/100\n|turn|1\n|inactive|Battle timer is ON: inactive players will automatically lose when time's up. (requested by kopro7)\n|\n|t:|1700330021\n|move|p2a: Hydreigon|Stealth Rock|p1a: Goodra\n|-sidestart|p1: kopro7|move: Stealth Rock\n|move|p1a: Goodra|Dragon Tail|p2a: Hydreigon\n|-supereffective|p2a: Hydreigon\n|-damage|p2a: Hydreigon|62\/100\n|drag|p2a: Ogerpon|Ogerpon-Wellspring, F|100\/100\n|\n|upkeep\n|turn|2\n|\n|t:|1700330032\n|move|p2a: Ogerpon|Brick Break|p1a: Goodra\n|-supereffective|p1a: Goodra\n|-damage|p1a: Goodra|53\/100\n|move|p1a: Goodra|Draco Meteor|p2a: Ogerpon|[miss]\n|-miss|p1a: Goodra|p2a: Ogerpon\n|\n|-heal|p1a: Goodra|59\/100|[from] item: Leftovers\n|upkeep\n|turn|3\n|\n|t:|1700330039\n|switch|p2a: Ninetales|Ninetales-Alola, F, shiny|100\/100\n|-weather|Snow|[from] ability: Snow Warning|[of] p2a: Ninetales\n|move|p1a: Goodra|Draco Meteor|p2a: Ninetales\n|-immune|p2a: Ninetales\n|\n|-weather|Snow|[upkeep]\n|-heal|p1a: Goodra|65\/100|[from] item: Leftovers\n|upkeep\n|turn|4\n|\n|t:|1700330048\n|move|p2a: Ninetales|Aurora Veil|p2a: Ninetales\n|-sidestart|p2: TheZalmancer|move: Aurora Veil\n|move|p1a: Goodra|Flash Cannon|p2a: Ninetales\n|-supereffective|p2a: Ninetales\n|-damage|p2a: Ninetales|38\/100\n|\n|-weather|Snow|[upkeep]\n|-heal|p1a: Goodra|71\/100|[from] item: Leftovers\n|upkeep\n|turn|5\n|\n|t:|1700330059\n|switch|p2a: Slowking|Slowking-Galar, F|100\/100\n|move|p1a: Goodra|Dragon Tail|p2a: Slowking\n|-damage|p2a: Slowking|91\/100\n|drag|p2a: Ditto|Ditto, shiny|100\/100\n|-transform|p2a: Ditto|p1a: Goodra|[from] ability: Imposter\n|\n|-weather|Snow|[upkeep]\n|-heal|p1a: Goodra|77\/100|[from] item: Leftovers\n|upkeep\n|turn|6\n|\n|t:|1700330075\n|switch|p2a: Ninetales|Ninetales-Alola, F, shiny|38\/100\n|move|p1a: Goodra|Dragon Tail|p2a: Ninetales\n|-immune|p2a: Ninetales\n|\n|-weather|Snow|[upkeep]\n|-heal|p1a: Goodra|83\/100|[from] item: Leftovers\n|upkeep\n|turn|7\n|\n|t:|1700330083\n|move|p2a: Ninetales|Hypnosis|p1a: Goodra\n|-status|p1a: Goodra|slp|[from] move: Hypnosis\n|cant|p1a: Goodra|slp\n|\n|-weather|none\n|-heal|p1a: Goodra|89\/100 slp|[from] item: Leftovers\n|upkeep\n|turn|8\n|\n|t:|1700330097\n|switch|p2a: Ogerpon|Ogerpon-Wellspring, F|100\/100\n|switch|p1a: Toedscruel|Toedscruel, F|100\/100\n|-damage|p1a: Toedscruel|95\/100|[from] Stealth Rock\n|\n|upkeep\n|turn|9\n|\n|t:|1700330106\n|move|p2a: Ogerpon|Swords Dance|p2a: Ogerpon\n|-boost|p2a: Ogerpon|atk|2\n|move|p1a: Toedscruel|Rapid Spin|p2a: Ogerpon\n|-crit|p2a: Ogerpon\n|-damage|p2a: Ogerpon|86\/100\n|-boost|p1a: Toedscruel|spe|1\n|-sideend|p1: kopro7|Stealth Rock|[from] move: Rapid Spin|[of] p1a: Toedscruel\n|\n|upkeep\n|turn|10\n|\n|t:|1700330114\n|move|p1a: Toedscruel|Leaf Storm|p2a: Ogerpon\n|-damage|p2a: Ogerpon|57\/100\n|-unboost|p1a: Toedscruel|spa|2\n|move|p2a: Ogerpon|Ivy Cudgel|p1a: Toedscruel|[anim] Ivy Cudgel Water\n|-damage|p1a: Toedscruel|0 fnt\n|faint|p1a: Toedscruel\n|\n|upkeep\n|\n|t:|1700330138\n|switch|p1a: Naclstack|Naclstack, F|100\/100\n|turn|11\n|\n|t:|1700330142\n|-terastallize|p1a: Naclstack|Water\n|move|p2a: Ogerpon|Horn Leech|p1a: Naclstack\n|-supereffective|p1a: Naclstack\n|-damage|p1a: Naclstack|0 fnt\n|-heal|p2a: Ogerpon|100\/100|[from] drain|[of] p1a: Naclstack\n|faint|p1a: Naclstack\n|\n|-sideend|p2: TheZalmancer|move: Aurora Veil\n|upkeep\n|\n|t:|1700330146\n|switch|p1a: Meowscarada|Meowscarada, M|100\/100\n|turn|12\n|\n|t:|1700330157\n|switch|p2a: Corviknight|Corviknight, F, shiny|100\/100\n|move|p1a: Meowscarada|U-turn|p2a: Corviknight\n|-start|p1a: Meowscarada|typechange|Bug|[from] ability: Protean\n|-resisted|p2a: Corviknight\n|-damage|p2a: Corviknight|95\/100\n|\n|t:|1700330159\n|switch|p1a: Jolteon|Jolteon, M|100\/100|[from] U-turn\n|\n|-heal|p2a: Corviknight|100\/100|[from] item: Leftovers\n|upkeep\n|turn|13\n|l|\u2606kopro7\n|inactive|kopro7 disconnected and has a minute to reconnect!\n|player|p1|\n|inactive|TheZalmancer has 120 seconds left.\n|\n|t:|1700330193\n|move|p2a: Corviknight|Protect|p2a: Corviknight\n|-singleturn|p2a: Corviknight|Protect\n|move|p1a: Jolteon|Calm Mind|p1a: Jolteon\n|-boost|p1a: Jolteon|spa|1\n|-boost|p1a: Jolteon|spd|1\n|\n|upkeep\n|turn|14\n|inactive|TheZalmancer has 120 seconds left.\n|inactive|kopro7 has 30 seconds to reconnect!\n|inactive|kopro7 has 20 seconds to reconnect!\n|inactive|kopro7 has 15 seconds to reconnect!\n|inactive|kopro7 has 10 seconds to reconnect!\n|inactive|kopro7 has 5 seconds to reconnect!\n|-message|kopro7 lost due to inactivity.\n|\n|win|TheZalmancer\n|raw|kopro7's rating: 1182 &rarr; <strong>1155<\/strong><br \/>(-27 for losing)\n|raw|TheZalmancer's rating: 1161 &rarr; <strong>1188<\/strong><br \/>(+27 for winning)\n","uploadtime":1700330265,"views":9,"p1id":"kopro7","p2id":"thezalmancer","formatid":"gen9ou","rating":1155,"private":0,"password":""}