{"id":"gen9ou-1999732253","p1":"TDDWW","p2":"CreamerHKH","format":"[Gen 9] OU","log":"|j|\u2606TDDWW\n|j|\u2606CreamerHKH\n|t:|1701111803\n|gametype|singles\n|player|p1|TDDWW|galacticgrunt|1207\n|player|p2|CreamerHKH|266|1215\n|teamsize|p1|6\n|teamsize|p2|6\n|gen|9\n|tier|[Gen 9] OU\n|rated|\n|rule|Sleep Clause Mod: Limit one foe put to sleep\n|rule|Species Clause: Limit one of each Pok\u00e9mon\n|rule|OHKO Clause: OHKO moves are banned\n|rule|Evasion Items Clause: Evasion items are banned\n|rule|Evasion Moves Clause: Evasion moves are banned\n|rule|Endless Battle Clause: Forcing endless battles is banned\n|rule|HP Percentage Mod: HP is shown in percentages\n|clearpoke\n|poke|p1|Ursaluna, F|\n|poke|p1|Ogerpon-Wellspring, F|\n|poke|p1|Ting-Lu|\n|poke|p1|Gholdengo|\n|poke|p1|Zapdos|\n|poke|p1|Great Tusk|\n|poke|p2|Ninetales-Alola, F|\n|poke|p2|Heatran, F|\n|poke|p2|Kingambit, F|\n|poke|p2|Toxapex, M|\n|poke|p2|Landorus-Therian, M|\n|poke|p2|Iron Valiant|\n|teampreview\n|inactive|Battle timer is ON: inactive players will automatically lose when time's up. (requested by CreamerHKH)\n|\n|t:|1701111851\n|start\n|switch|p1a: Ursaluna|Ursaluna, F|100\/100\n|switch|p2a: Landorus|Landorus-Therian, M|100\/100\n|-ability|p2a: Landorus|Intimidate|boost\n|-unboost|p1a: Ursaluna|atk|1\n|turn|1\n|inactive|CreamerHKH has 120 seconds left.\n|inactive|CreamerHKH has 90 seconds left.\n|\n|t:|1701111922\n|switch|p1a: Great Tusk|Great Tusk|100\/100\n|-enditem|p1a: Great Tusk|Booster Energy\n|-activate|p1a: Great Tusk|ability: Protosynthesis|[fromitem]\n|-start|p1a: Great Tusk|protosynthesisspe\n|move|p2a: Landorus|Stealth Rock|p1a: Great Tusk\n|-sidestart|p1: TDDWW|move: Stealth Rock\n|\n|upkeep\n|turn|2\n|\n|t:|1701111937\n|move|p1a: Great Tusk|Headlong Rush|p2a: Landorus\n|-immune|p2a: Landorus\n|move|p2a: Landorus|Earthquake|p1a: Great Tusk\n|-damage|p1a: Great Tusk|71\/100\n|\n|upkeep\n|turn|3\n|inactive|CreamerHKH has 90 seconds left.\n|\n|t:|1701111956\n|switch|p2a: Iron Valiant|Iron Valiant|100\/100\n|-enditem|p2a: Iron Valiant|Booster Energy\n|-activate|p2a: Iron Valiant|ability: Quark Drive|[fromitem]\n|-start|p2a: Iron Valiant|quarkdrivespe\n|move|p1a: Great Tusk|Ice Spinner|p2a: Iron Valiant\n|-damage|p2a: Iron Valiant|71\/100\n|\n|upkeep\n|turn|4\n|inactive|CreamerHKH has 90 seconds left.\n|\n|t:|1701111967\n|-terastallize|p1a: Great Tusk|Poison\n|move|p2a: Iron Valiant|Knock Off|p1a: Great Tusk\n|-crit|p1a: Great Tusk\n|-damage|p1a: Great Tusk|49\/100\n|move|p1a: Great Tusk|Headlong Rush|p2a: Iron Valiant\n|-damage|p2a: Iron Valiant|7\/100\n|-unboost|p1a: Great Tusk|def|1\n|-unboost|p1a: Great Tusk|spd|1\n|\n|upkeep\n|turn|5\n|inactive|CreamerHKH has 90 seconds left.\n|\n|t:|1701111978\n|move|p2a: Iron Valiant|Close Combat|p1a: Great Tusk\n|-resisted|p1a: Great Tusk\n|-damage|p1a: Great Tusk|21\/100\n|-unboost|p2a: Iron Valiant|def|1\n|-unboost|p2a: Iron Valiant|spd|1\n|move|p1a: Great Tusk|Rapid Spin|p2a: Iron Valiant\n|-damage|p2a: Iron Valiant|0 fnt\n|-boost|p1a: Great Tusk|spe|1\n|-sideend|p1: TDDWW|Stealth Rock|[from] move: Rapid Spin|[of] p1a: Great Tusk\n|faint|p2a: Iron Valiant\n|-end|p2a: Iron Valiant|Quark Drive|[silent]\n|\n|upkeep\n|inactive|CreamerHKH has 90 seconds left.\n|\n|t:|1701111999\n|switch|p2a: Kingambit|Kingambit, F|100\/100\n|-activate|p2a: Kingambit|ability: Supreme Overlord\n|-start|p2a: Kingambit|fallen1|[silent]\n|turn|6\n|\n|t:|1701112002\n|move|p2a: Kingambit|Sucker Punch||[still]\n|-fail|p2a: Kingambit\n|move|p1a: Great Tusk|Bulk Up|p1a: Great Tusk\n|-boost|p1a: Great Tusk|atk|1\n|-boost|p1a: Great Tusk|def|1\n|\n|upkeep\n|turn|7\n|inactive|CreamerHKH has 90 seconds left.\n|\n|t:|1701112017\n|move|p2a: Kingambit|Sucker Punch||[still]\n|-fail|p2a: Kingambit\n|move|p1a: Great Tusk|Bulk Up|p1a: Great Tusk\n|-boost|p1a: Great Tusk|atk|1\n|-boost|p1a: Great Tusk|def|1\n|\n|upkeep\n|turn|8\n|\n|t:|1701112030\n|move|p1a: Great Tusk|Headlong Rush|p2a: Kingambit\n|-supereffective|p2a: Kingambit\n|-damage|p2a: Kingambit|0 fnt\n|-unboost|p1a: Great Tusk|def|1\n|-unboost|p1a: Great Tusk|spd|1\n|faint|p2a: Kingambit\n|-end|p2a: Kingambit|fallen1|[silent]\n|\n|upkeep\n|inactive|CreamerHKH has 90 seconds left.\n|\n|t:|1701112049\n|switch|p2a: Ninetales|Ninetales-Alola, F|100\/100\n|-weather|Snow|[from] ability: Snow Warning|[of] p2a: Ninetales\n|turn|9\n|\n|t:|1701112054\n|move|p1a: Great Tusk|Headlong Rush|p2a: Ninetales\n|-damage|p2a: Ninetales|14\/100\n|-unboost|p1a: Great Tusk|def|1\n|-unboost|p1a: Great Tusk|spd|1\n|move|p2a: Ninetales|Freeze-Dry|p1a: Great Tusk\n|-damage|p1a: Great Tusk|0 fnt\n|faint|p1a: Great Tusk\n|-end|p1a: Great Tusk|Protosynthesis|[silent]\n|\n|-weather|Snow|[upkeep]\n|upkeep\n|\n|t:|1701112074\n|switch|p1a: Gholdengo|Gholdengo|100\/100\n|turn|10\n|inactive|CreamerHKH has 90 seconds left.\n|inactive|CreamerHKH has 60 seconds left.\n|inactive|CreamerHKH has 30 seconds left.\n|inactive|CreamerHKH has 20 seconds left.\n|inactive|CreamerHKH has 15 seconds left.\n|inactive|CreamerHKH has 10 seconds left.\n|inactive|CreamerHKH has 5 seconds left.\n|-message|CreamerHKH lost due to inactivity.\n|\n|win|TDDWW\n|raw|TDDWW's rating: 1207 &rarr; <strong>1233<\/strong><br \/>(+26 for winning)\n|raw|CreamerHKH's rating: 1215 &rarr; <strong>1189<\/strong><br \/>(-26 for losing)\n","uploadtime":1701112182,"views":2,"p1id":"tddww","p2id":"creamerhkh","formatid":"gen9ou","rating":1189,"private":0,"password":""}