{"id":"gen9ou-1996512352","p1":"nihi!ity","p2":"Vivilia7982","format":"[Gen 9] OU","log":"|j|\u2606nihi!ity\n|j|\u2606Vivilia7982\n|t:|1700689288\n|gametype|singles\n|player|p1|nihi!ity|leaf-masters|1168\n|player|p2|Vivilia7982|backersf|1169\n|teamsize|p1|6\n|teamsize|p2|6\n|gen|9\n|tier|[Gen 9] OU\n|rated|\n|rule|Sleep Clause Mod: Limit one foe put to sleep\n|rule|Species Clause: Limit one of each Pok\u00e9mon\n|rule|OHKO Clause: OHKO moves are banned\n|rule|Evasion Items Clause: Evasion items are banned\n|rule|Evasion Moves Clause: Evasion moves are banned\n|rule|Endless Battle Clause: Forcing endless battles is banned\n|rule|HP Percentage Mod: HP is shown in percentages\n|clearpoke\n|poke|p1|Meowscarada, F|\n|poke|p1|Samurott-Hisui, M|\n|poke|p1|Dragonite, M|\n|poke|p1|Iron Valiant|\n|poke|p1|Iron Moth|\n|poke|p1|Corviknight, M|\n|poke|p2|Conkeldurr, F|\n|poke|p2|Iron Treads|\n|poke|p2|Dipplin, M|\n|poke|p2|Rotom-Wash|\n|poke|p2|Munkidori, M|\n|poke|p2|Salazzle, F|\n|teampreview\n|inactive|Battle timer is ON: inactive players will automatically lose when time's up. (requested by Vivilia7982)\n|\n|t:|1700689309\n|start\n|switch|p1a: Samurott|Samurott-Hisui, M|100\/100\n|switch|p2a: Conkeldurr|Conkeldurr, F|100\/100\n|turn|1\n|\n|t:|1700689337\n|move|p1a: Samurott|Razor Shell|p2a: Conkeldurr\n|-damage|p2a: Conkeldurr|53\/100\n|move|p2a: Conkeldurr|Knock Off|p1a: Samurott\n|-resisted|p1a: Samurott\n|-damage|p1a: Samurott|75\/100\n|-enditem|p1a: Samurott|Focus Sash|[from] move: Knock Off|[of] p2a: Conkeldurr\n|\n|upkeep\n|turn|2\n|\n|t:|1700689349\n|move|p1a: Samurott|Razor Shell|p2a: Conkeldurr\n|-damage|p2a: Conkeldurr|8\/100\n|move|p2a: Conkeldurr|Drain Punch|p1a: Samurott\n|-supereffective|p1a: Samurott\n|-damage|p1a: Samurott|0 fnt\n|-heal|p2a: Conkeldurr|36\/100|[from] drain|[of] p1a: Samurott\n|faint|p1a: Samurott\n|\n|upkeep\n|inactive|nihi!ity has 120 seconds left.\n|\n|t:|1700689385\n|switch|p1a: Iron Valiant|Iron Valiant|100\/100\n|-enditem|p1a: Iron Valiant|Booster Energy\n|-activate|p1a: Iron Valiant|ability: Quark Drive|[fromitem]\n|-start|p1a: Iron Valiant|quarkdrivespe\n|turn|3\n|\n|t:|1700689412\n|switch|p2a: Rotom|Rotom-Wash|100\/100\n|move|p1a: Iron Valiant|Moonblast|p2a: Rotom\n|-damage|p2a: Rotom|65\/100\n|\n|-heal|p2a: Rotom|71\/100|[from] item: Leftovers\n|upkeep\n|turn|4\n|inactive|nihi!ity has 90 seconds left.\n|\n|t:|1700689462\n|-terastallize|p1a: Iron Valiant|Fairy\n|move|p1a: Iron Valiant|Moonblast|p2a: Rotom\n|-damage|p2a: Rotom|22\/100\n|move|p2a: Rotom|Volt Switch|p1a: Iron Valiant\n|-damage|p1a: Iron Valiant|48\/100\n|inactive|Vivilia7982 has 120 seconds left.\n|\n|t:|1700689493\n|switch|p2a: Salazzle|Salazzle, F|100\/100|[from] Volt Switch\n|\n|upkeep\n|turn|5\n|\n|t:|1700689500\n|move|p1a: Iron Valiant|Psyshock|p2a: Salazzle\n|-supereffective|p2a: Salazzle\n|-damage|p2a: Salazzle|2\/100\n|move|p2a: Salazzle|Sludge Bomb|p1a: Iron Valiant\n|-supereffective|p1a: Iron Valiant\n|-damage|p1a: Iron Valiant|0 fnt\n|faint|p1a: Iron Valiant\n|-end|p1a: Iron Valiant|Quark Drive|[silent]\n|\n|upkeep\n|\n|t:|1700689510\n|switch|p1a: Dragonite|Dragonite, M|100\/100\n|turn|6\n|inactive|Vivilia7982 has 120 seconds left.\n|\n|t:|1700689515\n|move|p1a: Dragonite|Extreme Speed|p2a: Salazzle\n|-damage|p2a: Salazzle|0 fnt\n|faint|p2a: Salazzle\n|\n|upkeep\n|inactive|Vivilia7982 has 120 seconds left.\n|\n|t:|1700689527\n|switch|p2a: Dipplin|Dipplin, M|100\/100\n|turn|7\n|inactive|Vivilia7982 has 120 seconds left.\n|inactive|nihi!ity has 90 seconds left.\n|\n|t:|1700689538\n|move|p1a: Dragonite|Fire Punch|p2a: Dipplin\n|-damage|p2a: Dipplin|88\/100\n|move|p2a: Dipplin|Dragon Tail|p1a: Dragonite|[miss]\n|-miss|p2a: Dipplin|p1a: Dragonite\n|\n|upkeep\n|turn|8\n|\n|t:|1700689546\n|move|p1a: Dragonite|Extreme Speed|p2a: Dipplin\n|-damage|p2a: Dipplin|75\/100\n|move|p2a: Dipplin|Dragon Tail|p1a: Dragonite\n|-supereffective|p1a: Dragonite\n|-crit|p1a: Dragonite\n|-damage|p1a: Dragonite|75\/100\n|drag|p1a: Iron Moth|Iron Moth|100\/100\n|-enditem|p1a: Iron Moth|Booster Energy\n|-activate|p1a: Iron Moth|ability: Quark Drive|[fromitem]\n|-start|p1a: Iron Moth|quarkdrivespe\n|\n|upkeep\n|turn|9\n|inactive|Vivilia7982 has 120 seconds left.\n|\n|t:|1700689572\n|switch|p2a: Iron Treads|Iron Treads|100\/100\n|move|p1a: Iron Moth|Substitute|p1a: Iron Moth\n|-start|p1a: Iron Moth|Substitute\n|-damage|p1a: Iron Moth|76\/100\n|\n|upkeep\n|turn|10\n|\n|t:|1700689591\n|move|p1a: Iron Moth|Fiery Dance|p2a: Iron Treads\n|-supereffective|p2a: Iron Treads\n|-damage|p2a: Iron Treads|8\/100\n|-boost|p1a: Iron Moth|spa|1\n|move|p2a: Iron Treads|Earthquake|p1a: Iron Moth\n|-supereffective|p1a: Iron Moth\n|-end|p1a: Iron Moth|Substitute\n|\n|upkeep\n|turn|11\n|\n|t:|1700689603\n|move|p1a: Iron Moth|Energy Ball|p2a: Iron Treads\n|-damage|p2a: Iron Treads|0 fnt\n|faint|p2a: Iron Treads\n|-end|p2a: Iron Treads|Quark Drive|[silent]\n|\n|upkeep\n|inactive|Vivilia7982 has 90 seconds left.\n|\n|t:|1700689627\n|switch|p2a: Munkidori|Munkidori, M|100\/100\n|turn|12\n|\n|t:|1700689638\n|move|p1a: Iron Moth|Substitute|p1a: Iron Moth\n|-start|p1a: Iron Moth|Substitute\n|-damage|p1a: Iron Moth|51\/100\n|move|p2a: Munkidori|Psychic|p1a: Iron Moth\n|-supereffective|p1a: Iron Moth\n|-end|p1a: Iron Moth|Substitute\n|\n|upkeep\n|turn|13\n|\n|t:|1700689645\n|move|p1a: Iron Moth|Fiery Dance|p2a: Munkidori\n|-damage|p2a: Munkidori|28\/100\n|move|p2a: Munkidori|Psychic|p1a: Iron Moth\n|-supereffective|p1a: Iron Moth\n|-damage|p1a: Iron Moth|0 fnt\n|faint|p1a: Iron Moth\n|-end|p1a: Iron Moth|Quark Drive|[silent]\n|\n|upkeep\n|\n|t:|1700689662\n|switch|p1a: Dragonite|Dragonite, M|75\/100\n|turn|14\n|\n|t:|1700689668\n|switch|p2a: Dipplin|Dipplin, M|75\/100\n|move|p1a: Dragonite|Extreme Speed|p2a: Dipplin\n|-damage|p2a: Dipplin|62\/100\n|\n|upkeep\n|turn|15\n|inactive|Vivilia7982 has 120 seconds left.\n|\n|t:|1700689675\n|switch|p1a: Corviknight|Corviknight, M|100\/100\n|-ability|p1a: Corviknight|Pressure\n|move|p2a: Dipplin|Syrup Bomb|p1a: Corviknight\n|-resisted|p1a: Corviknight\n|-damage|p1a: Corviknight|96\/100\n|-start|p1a: Corviknight|Syrup Bomb\n|\n|-unboost|p1a: Corviknight|spe|1\n|upkeep\n|turn|16\n|inactive|nihi!ity has 120 seconds left.\n|\n|t:|1700689687\n|move|p2a: Dipplin|Recover|p2a: Dipplin\n|-heal|p2a: Dipplin|100\/100\n|move|p1a: Corviknight|Brave Bird|p2a: Dipplin\n|-supereffective|p2a: Dipplin\n|-damage|p2a: Dipplin|70\/100\n|-damage|p1a: Corviknight|87\/100|[from] Recoil\n|\n|-unboost|p1a: Corviknight|spe|1\n|upkeep\n|turn|17\n|inactive|Vivilia7982 has 120 seconds left.\n|\n|t:|1700689723\n|move|p1a: Corviknight|Brave Bird|p2a: Dipplin\n|-supereffective|p2a: Dipplin\n|-damage|p2a: Dipplin|38\/100\n|-damage|p1a: Corviknight|77\/100|[from] Recoil\n|move|p2a: Dipplin|Dragon Tail|p1a: Corviknight\n|-resisted|p1a: Corviknight\n|-damage|p1a: Corviknight|73\/100\n|-damage|p2a: Dipplin|22\/100|[from] item: Rocky Helmet|[of] p1a: Corviknight\n|drag|p1a: Meowscarada|Meowscarada, F|100\/100\n|\n|upkeep\n|turn|18\n|\n|t:|1700689732\n|move|p1a: Meowscarada|U-turn|p2a: Dipplin\n|-start|p1a: Meowscarada|typechange|Bug|[from] ability: Protean\n|-supereffective|p2a: Dipplin\n|-damage|p2a: Dipplin|0 fnt\n|faint|p2a: Dipplin\n|\n|t:|1700689738\n|switch|p1a: Dragonite|Dragonite, M|75\/100|[from] U-turn\n|\n|upkeep\n|\n|t:|1700689748\n|switch|p2a: Conkeldurr|Conkeldurr, F|36\/100\n|turn|19\n|\n|t:|1700689767\n|move|p1a: Dragonite|Earthquake|p2a: Conkeldurr\n|-damage|p2a: Conkeldurr|5\/100\n|move|p2a: Conkeldurr|Ice Punch|p1a: Dragonite\n|-supereffective|p1a: Dragonite\n|-damage|p1a: Dragonite|0 fnt\n|faint|p1a: Dragonite\n|\n|upkeep\n|\n|t:|1700689771\n|switch|p1a: Meowscarada|Meowscarada, F|100\/100\n|turn|20\n|\n|t:|1700689776\n|move|p2a: Conkeldurr|Mach Punch|p1a: Meowscarada\n|-supereffective|p1a: Meowscarada\n|-damage|p1a: Meowscarada|8\/100\n|move|p1a: Meowscarada|U-turn|p2a: Conkeldurr\n|-start|p1a: Meowscarada|typechange|Bug|[from] ability: Protean\n|-resisted|p2a: Conkeldurr\n|-damage|p2a: Conkeldurr|0 fnt\n|faint|p2a: Conkeldurr\n|\n|t:|1700689779\n|switch|p1a: Corviknight|Corviknight, M|73\/100|[from] U-turn\n|-ability|p1a: Corviknight|Pressure\n|\n|upkeep\n|\n|t:|1700689786\n|switch|p2a: Rotom|Rotom-Wash|22\/100\n|turn|21\n|\n|t:|1700689795\n|move|p2a: Rotom|Protect|p2a: Rotom\n|-singleturn|p2a: Rotom|Protect\n|move|p1a: Corviknight|U-turn|p2a: Rotom\n|-activate|p2a: Rotom|move: Protect\n|\n|-heal|p2a: Rotom|28\/100|[from] item: Leftovers\n|upkeep\n|turn|22\n|inactive|nihi!ity has 120 seconds left.\n|\n|t:|1700689848\n|-terastallize|p2a: Rotom|Electric\n|move|p2a: Rotom|Volt Switch|p1a: Corviknight\n|-supereffective|p1a: Corviknight\n|-damage|p1a: Corviknight|12\/100\n|\n|t:|1700689853\n|switch|p2a: Munkidori|Munkidori, M|28\/100|[from] Volt Switch\n|move|p1a: Corviknight|U-turn|p2a: Munkidori\n|-damage|p2a: Munkidori|7\/100\n|\n|t:|1700689857\n|switch|p1a: Meowscarada|Meowscarada, F|8\/100|[from] U-turn\n|\n|upkeep\n|turn|23\n|\n|t:|1700689882\n|move|p1a: Meowscarada|Sucker Punch|p2a: Munkidori\n|-start|p1a: Meowscarada|typechange|Dark|[from] ability: Protean\n|-supereffective|p2a: Munkidori\n|-damage|p2a: Munkidori|0 fnt\n|faint|p2a: Munkidori\n|\n|upkeep\n|\n|t:|1700689884\n|switch|p2a: Rotom|Rotom-Wash, tera:Electric|28\/100\n|turn|24\n|\n|t:|1700689903\n|switch|p1a: Corviknight|Corviknight, M|12\/100\n|-ability|p1a: Corviknight|Pressure\n|move|p2a: Rotom|Protect||[still]\n|-fail|p2a: Rotom\n|\n|-heal|p2a: Rotom|35\/100|[from] item: Leftovers\n|upkeep\n|turn|25\n|inactive|nihi!ity has 90 seconds left.\n|\n|t:|1700689940\n|move|p2a: Rotom|Protect|p2a: Rotom\n|-singleturn|p2a: Rotom|Protect\n|move|p1a: Corviknight|Roost|p1a: Corviknight\n|-heal|p1a: Corviknight|62\/100\n|-singleturn|p1a: Corviknight|move: Roost\n|\n|-heal|p2a: Rotom|41\/100|[from] item: Leftovers\n|upkeep\n|turn|26\n|\n|t:|1700689951\n|move|p2a: Rotom|Volt Switch|p1a: Corviknight\n|-supereffective|p1a: Corviknight\n|-damage|p1a: Corviknight|0 fnt\n|faint|p1a: Corviknight\n|\n|-heal|p2a: Rotom|47\/100|[from] item: Leftovers\n|upkeep\n|\n|t:|1700689954\n|switch|p1a: Meowscarada|Meowscarada, F|8\/100\n|turn|27\n|\n|t:|1700689960\n|move|p2a: Rotom|Protect|p2a: Rotom\n|-singleturn|p2a: Rotom|Protect\n|move|p1a: Meowscarada|Flower Trick|p2a: Rotom\n|-start|p1a: Meowscarada|typechange|Grass|[from] ability: Protean\n|-activate|p2a: Rotom|move: Protect\n|\n|-heal|p2a: Rotom|53\/100|[from] item: Leftovers\n|upkeep\n|turn|28\n|\n|t:|1700689965\n|move|p1a: Meowscarada|Flower Trick|p2a: Rotom\n|-crit|p2a: Rotom\n|-damage|p2a: Rotom|0 fnt\n|faint|p2a: Rotom\n|\n|win|nihi!ity\n|raw|nihi!ity's rating: 1168 &rarr; <strong>1193<\/strong><br \/>(+25 for winning)\n|raw|Vivilia7982's rating: 1169 &rarr; <strong>1144<\/strong><br \/>(-25 for losing)\n|c|\u2606Vivilia7982|Gg\n|c|\u2606nihi!ity|gg\n","uploadtime":1700689981,"views":2,"p1id":"nihiity","p2id":"vivilia7982","formatid":"gen9ou","rating":1144,"private":0,"password":""}