{"id":"gen9ou-1992890900","p1":"Psyk42","p2":"Kurisu41","format":"[Gen 9] OU","log":"|j|\u2606Psyk42\n|j|\u2606Kurisu41\n|t:|1700244340\n|gametype|singles\n|player|p1|Psyk42|aromalady|1095\n|player|p2|Kurisu41|1|1046\n|teamsize|p1|6\n|teamsize|p2|6\n|gen|9\n|tier|[Gen 9] OU\n|rated|\n|rule|Sleep Clause Mod: Limit one foe put to sleep\n|rule|Species Clause: Limit one of each Pok\u00e9mon\n|rule|OHKO Clause: OHKO moves are banned\n|rule|Evasion Items Clause: Evasion items are banned\n|rule|Evasion Moves Clause: Evasion moves are banned\n|rule|Endless Battle Clause: Forcing endless battles is banned\n|rule|HP Percentage Mod: HP is shown in percentages\n|clearpoke\n|poke|p1|Glimmora, M|\n|poke|p1|Clefable, M|\n|poke|p1|Slowking-Galar, F|\n|poke|p1|Gholdengo|\n|poke|p1|Dondozo, F|\n|poke|p1|Corviknight, M|\n|poke|p2|Milotic, M|\n|poke|p2|Great Tusk|\n|poke|p2|Zoroark-Hisui, M|\n|poke|p2|Toedscruel, F|\n|poke|p2|Espeon, M|\n|poke|p2|Samurott-Hisui, F|\n|teampreview\n|\n|t:|1700244354\n|start\n|switch|p1a: Glimmora|Glimmora, M|100\/100\n|switch|p2a: Espeon|Espeon, M|100\/100\n|turn|1\n|\n|t:|1700244362\n|move|p2a: Espeon|Bitter Malice|p1a: Glimmora\n|-crit|p1a: Glimmora\n|-damage|p1a: Glimmora|34\/100\n|-unboost|p1a: Glimmora|atk|1\n|move|p1a: Glimmora|Stealth Rock|p2a: Espeon\n|-sidestart|p2: Kurisu41|move: Stealth Rock\n|\n|upkeep\n|turn|2\n|\n|t:|1700244373\n|switch|p2a: Espeon|Espeon, M|100\/100\n|-damage|p2a: Espeon|88\/100|[from] Stealth Rock\n|move|p1a: Glimmora|Spikes|p2a: Espeon\n|move|p2a: Espeon|Spikes|p1a: Glimmora|[from]ability: Magic Bounce\n|-sidestart|p1: Psyk42|Spikes\n|\n|-heal|p2a: Espeon|94\/100|[from] item: Leftovers\n|upkeep\n|turn|3\n|\n|t:|1700244391\n|move|p2a: Espeon|Psyshock|p1a: Glimmora\n|-supereffective|p1a: Glimmora\n|-damage|p1a: Glimmora|0 fnt\n|faint|p1a: Glimmora\n|\n|-heal|p2a: Espeon|99\/100|[from] item: Leftovers\n|upkeep\n|\n|t:|1700244413\n|switch|p1a: Corviknight|Corviknight, M|100\/100\n|turn|4\n|\n|t:|1700244428\n|move|p2a: Espeon|Yawn|p1a: Corviknight\n|-start|p1a: Corviknight|move: Yawn|[of] p2a: Espeon\n|move|p1a: Corviknight|Defog|p2a: Espeon\n|move|p2a: Espeon|Defog|p1a: Corviknight|[from]ability: Magic Bounce\n|-ability|p1a: Corviknight|Mirror Armor\n|-unboost|p2a: Espeon|evasion|1\n|-sideend|p1: Psyk42|Spikes|[from] move: Defog|[of] p2a: Espeon\n|-sideend|p2: Kurisu41|Stealth Rock|[from] move: Defog|[of] p2a: Espeon\n|\n|-heal|p2a: Espeon|100\/100|[from] item: Leftovers\n|upkeep\n|turn|5\n|\n|t:|1700244443\n|move|p2a: Espeon|Power Gem|p1a: Corviknight\n|-damage|p1a: Corviknight|80\/100\n|move|p1a: Corviknight|U-turn|p2a: Espeon\n|-supereffective|p2a: Espeon\n|-damage|p2a: Espeon|44\/100\n|\n|t:|1700244453\n|switch|p1a: Gholdengo|Gholdengo|100\/100|[from] U-turn\n|\n|-heal|p2a: Espeon|50\/100|[from] item: Leftovers\n|upkeep\n|turn|6\n|\n|t:|1700244465\n|switch|p2a: Espeon|Espeon, M|100\/100\n|move|p1a: Gholdengo|Shadow Ball|p2a: Espeon\n|-immune|p2a: Espeon\n|\n|upkeep\n|turn|7\n|\n|t:|1700244483\n|move|p2a: Espeon|Bitter Malice|p1a: Gholdengo\n|-supereffective|p1a: Gholdengo\n|-damage|p1a: Gholdengo|11\/100\n|-unboost|p1a: Gholdengo|atk|1\n|move|p1a: Gholdengo|Make It Rain|p2a: Espeon\n|-enditem|p2a: Espeon|Focus Sash\n|-damage|p2a: Espeon|1\/100\n|-unboost|p1a: Gholdengo|spa|1\n|replace|p2a: Zoroark|Zoroark-Hisui, M\n|-end|p2a: Zoroark|Illusion\n|\n|-heal|p1a: Gholdengo|17\/100|[from] item: Leftovers\n|upkeep\n|turn|8\n|\n|t:|1700244506\n|switch|p1a: Corviknight|Corviknight, M|80\/100\n|move|p2a: Zoroark|Bitter Malice|p1a: Corviknight\n|-damage|p1a: Corviknight|56\/100\n|-ability|p1a: Corviknight|Mirror Armor\n|-unboost|p2a: Zoroark|atk|1\n|\n|-heal|p1a: Corviknight|62\/100|[from] item: Leftovers\n|upkeep\n|turn|9\n|\n|t:|1700244519\n|move|p2a: Zoroark|Flamethrower|p1a: Corviknight\n|-supereffective|p1a: Corviknight\n|-damage|p1a: Corviknight|19\/100\n|move|p1a: Corviknight|U-turn|p2a: Zoroark\n|-resisted|p2a: Zoroark\n|-crit|p2a: Zoroark\n|-damage|p2a: Zoroark|0 fnt\n|faint|p2a: Zoroark\n|\n|t:|1700244527\n|switch|p1a: Gholdengo|Gholdengo|17\/100|[from] U-turn\n|\n|-heal|p1a: Gholdengo|23\/100|[from] item: Leftovers\n|upkeep\n|\n|t:|1700244533\n|switch|p2a: Toedscruel|Toedscruel, F, shiny|100\/100\n|turn|10\n|inactive|Battle timer is ON: inactive players will automatically lose when time's up. (requested by Kurisu41)\n|\n|t:|1700244554\n|switch|p1a: Slowking|Slowking-Galar, F|100\/100\n|move|p2a: Toedscruel|Knock Off|p1a: Slowking\n|-supereffective|p1a: Slowking\n|-damage|p1a: Slowking|70\/100\n|-enditem|p1a: Slowking|Assault Vest|[from] move: Knock Off|[of] p2a: Toedscruel\n|\n|upkeep\n|turn|11\n|\n|t:|1700244562\n|move|p1a: Slowking|Flamethrower|p2a: Toedscruel\n|-supereffective|p2a: Toedscruel\n|-damage|p2a: Toedscruel|59\/100\n|move|p2a: Toedscruel|Spore|p1a: Slowking\n|-status|p1a: Slowking|slp|[from] move: Spore\n|\n|upkeep\n|turn|12\n|\n|t:|1700244581\n|switch|p1a: Clefable|Clefable, M|100\/100\n|move|p2a: Toedscruel|Leech Seed|p1a: Clefable\n|-start|p1a: Clefable|move: Leech Seed\n|\n|upkeep\n|turn|13\n|\n|t:|1700244589\n|move|p2a: Toedscruel|Knock Off|p1a: Clefable\n|-resisted|p1a: Clefable\n|-damage|p1a: Clefable|92\/100\n|-enditem|p1a: Clefable|Leftovers|[from] move: Knock Off|[of] p2a: Toedscruel\n|move|p1a: Clefable|Encore|p2a: Toedscruel\n|-start|p2a: Toedscruel|Encore\n|\n|upkeep\n|turn|14\n|\n|t:|1700244599\n|move|p2a: Toedscruel|Knock Off|p1a: Clefable\n|-resisted|p1a: Clefable\n|-damage|p1a: Clefable|86\/100\n|move|p1a: Clefable|Moonblast|p2a: Toedscruel\n|-damage|p2a: Toedscruel|32\/100\n|\n|upkeep\n|turn|15\n|\n|t:|1700244614\n|switch|p2a: Milotic|Milotic, M, shiny|100\/100\n|move|p1a: Clefable|Flamethrower|p2a: Milotic\n|-resisted|p2a: Milotic\n|-damage|p2a: Milotic|90\/100\n|-status|p2a: Milotic|brn\n|\n|-damage|p2a: Milotic|84\/100 brn|[from] brn\n|upkeep\n|turn|16\n|\n|t:|1700244626\n|move|p2a: Milotic|Scald|p1a: Clefable\n|-damage|p1a: Clefable|59\/100\n|-status|p1a: Clefable|brn\n|move|p1a: Clefable|Moonblast|p2a: Milotic\n|-damage|p2a: Milotic|53\/100 brn\n|\n|-damage|p2a: Milotic|47\/100 brn|[from] brn\n|upkeep\n|turn|17\n|\n|t:|1700244635\n|move|p2a: Milotic|Recover|p2a: Milotic\n|-heal|p2a: Milotic|97\/100 brn\n|move|p1a: Clefable|Moonblast|p2a: Milotic\n|-damage|p2a: Milotic|68\/100 brn\n|-unboost|p2a: Milotic|spa|1\n|\n|-damage|p2a: Milotic|62\/100 brn|[from] brn\n|upkeep\n|turn|18\n|\n|t:|1700244652\n|move|p2a: Milotic|Scald|p1a: Clefable\n|-crit|p1a: Clefable\n|-damage|p1a: Clefable|18\/100 brn\n|move|p1a: Clefable|Moonlight|p1a: Clefable\n|-heal|p1a: Clefable|68\/100 brn\n|\n|-damage|p2a: Milotic|56\/100 brn|[from] brn\n|upkeep\n|turn|19\n|\n|t:|1700244664\n|move|p2a: Milotic|Recover|p2a: Milotic\n|-heal|p2a: Milotic|100\/100 brn\n|move|p1a: Clefable|Moonlight|p1a: Clefable\n|-heal|p1a: Clefable|100\/100 brn\n|\n|-damage|p2a: Milotic|94\/100 brn|[from] brn\n|upkeep\n|turn|20\n|\n|t:|1700244680\n|move|p2a: Milotic|Haze|p2a: Milotic\n|-clearallboost\n|move|p1a: Clefable|Encore|p2a: Milotic\n|-start|p2a: Milotic|Encore\n|\n|-damage|p2a: Milotic|88\/100 brn|[from] brn\n|upkeep\n|turn|21\n|\n|t:|1700244691\n|switch|p2a: Great Tusk|Great Tusk|100\/100\n|move|p1a: Clefable|Moonblast|p2a: Great Tusk\n|-supereffective|p2a: Great Tusk\n|-damage|p2a: Great Tusk|0 fnt\n|faint|p2a: Great Tusk\n|-end|p2a: Great Tusk|Protosynthesis|[silent]\n|\n|upkeep\n|\n|t:|1700244697\n|switch|p2a: Samurott|Samurott-Hisui, F, shiny|100\/100\n|turn|22\n|\n|t:|1700244706\n|move|p2a: Samurott|Aqua Cutter|p1a: Clefable\n|-damage|p1a: Clefable|34\/100 brn\n|-damage|p2a: Samurott|91\/100|[from] item: Life Orb\n|move|p1a: Clefable|Moonblast|p2a: Samurott\n|-supereffective|p2a: Samurott\n|-damage|p2a: Samurott|0 fnt\n|faint|p2a: Samurott\n|\n|upkeep\n|\n|t:|1700244714\n|switch|p2a: Espeon|Espeon, M|50\/100\n|turn|23\n|\n|t:|1700244738\n|switch|p1a: Slowking|Slowking-Galar, F|100\/100 slp\n|move|p2a: Espeon|Psyshock|p1a: Slowking\n|-damage|p1a: Slowking|58\/100 slp\n|\n|-heal|p2a: Espeon|55\/100|[from] item: Leftovers\n|upkeep\n|turn|24\n|\n|t:|1700244753\n|move|p2a: Espeon|Psyshock|p1a: Slowking\n|-crit|p1a: Slowking\n|-damage|p1a: Slowking|0 fnt\n|faint|p1a: Slowking\n|\n|-heal|p2a: Espeon|61\/100|[from] item: Leftovers\n|upkeep\n|\n|t:|1700244764\n|switch|p1a: Dondozo|Dondozo, F|100\/100\n|turn|25\n|\n|t:|1700244769\n|move|p2a: Espeon|Yawn|p1a: Dondozo\n|-start|p1a: Dondozo|move: Yawn|[of] p2a: Espeon\n|move|p1a: Dondozo|Liquidation|p2a: Espeon\n|-damage|p2a: Espeon|3\/100\n|\n|-heal|p2a: Espeon|9\/100|[from] item: Leftovers\n|upkeep\n|turn|26\n|\n|t:|1700244777\n|move|p2a: Espeon|Dazzling Gleam|p1a: Dondozo\n|-damage|p1a: Dondozo|75\/100\n|move|p1a: Dondozo|Liquidation|p2a: Espeon\n|-damage|p2a: Espeon|0 fnt\n|faint|p2a: Espeon\n|\n|-heal|p1a: Dondozo|81\/100|[from] item: Leftovers\n|-end|p1a: Dondozo|move: Yawn|[silent]\n|-status|p1a: Dondozo|slp\n|upkeep\n|\n|t:|1700244786\n|switch|p2a: Toedscruel|Toedscruel, F, shiny|32\/100\n|turn|27\n|\n|t:|1700244807\n|switch|p1a: Corviknight|Corviknight, M|19\/100\n|move|p2a: Toedscruel|Leech Seed|p1a: Corviknight\n|-start|p1a: Corviknight|move: Leech Seed\n|\n|-heal|p1a: Corviknight|26\/100|[from] item: Leftovers\n|-damage|p1a: Corviknight|13\/100|[from] Leech Seed|[of] p2a: Toedscruel\n|-heal|p2a: Toedscruel|49\/100|[silent]\n|upkeep\n|turn|28\n|\n|t:|1700244826\n|move|p2a: Toedscruel|Giga Drain|p1a: Corviknight\n|-resisted|p1a: Corviknight\n|-damage|p1a: Corviknight|10\/100\n|-heal|p2a: Toedscruel|52\/100|[from] drain|[of] p1a: Corviknight\n|move|p1a: Corviknight|Body Press|p2a: Toedscruel\n|-damage|p2a: Toedscruel|29\/100\n|\n|-heal|p1a: Corviknight|16\/100|[from] item: Leftovers\n|-damage|p1a: Corviknight|4\/100|[from] Leech Seed|[of] p2a: Toedscruel\n|-heal|p2a: Toedscruel|47\/100|[silent]\n|upkeep\n|turn|29\n|\n|t:|1700244840\n|move|p2a: Toedscruel|Giga Drain|p1a: Corviknight\n|-resisted|p1a: Corviknight\n|-damage|p1a: Corviknight|0 fnt\n|-heal|p2a: Toedscruel|49\/100|[from] drain|[of] p1a: Corviknight\n|faint|p1a: Corviknight\n|\n|upkeep\n|\n|t:|1700244848\n|switch|p1a: Clefable|Clefable, M|34\/100 brn\n|turn|30\n|\n|t:|1700244856\n|move|p2a: Toedscruel|Giga Drain|p1a: Clefable\n|-damage|p1a: Clefable|14\/100 brn\n|-heal|p2a: Toedscruel|63\/100|[from] drain|[of] p1a: Clefable\n|move|p1a: Clefable|Flamethrower|p2a: Toedscruel\n|-supereffective|p2a: Toedscruel\n|-damage|p2a: Toedscruel|30\/100\n|\n|upkeep\n|turn|31\n|\n|t:|1700244876\n|move|p2a: Toedscruel|Giga Drain|p1a: Clefable\n|-damage|p1a: Clefable|0 fnt\n|-heal|p2a: Toedscruel|39\/100|[from] drain|[of] p1a: Clefable\n|faint|p1a: Clefable\n|\n|upkeep\n|inactive|Psyk42 has 120 seconds left.\n|\n|t:|1700244887\n|switch|p1a: Gholdengo|Gholdengo|23\/100\n|turn|32\n|inactive|Psyk42 has 120 seconds left.\n|\n|t:|1700244901\n|-terastallize|p1a: Gholdengo|Fighting\n|-terastallize|p2a: Toedscruel|Fairy\n|move|p1a: Gholdengo|Make It Rain|p2a: Toedscruel\n|-supereffective|p2a: Toedscruel\n|-damage|p2a: Toedscruel|0 fnt\n|-unboost|p1a: Gholdengo|spa|1\n|faint|p2a: Toedscruel\n|\n|-heal|p1a: Gholdengo|29\/100|[from] item: Leftovers\n|upkeep\n|\n|t:|1700244911\n|switch|p2a: Milotic|Milotic, M, shiny|88\/100 brn\n|turn|33\n|\n|t:|1700244919\n|switch|p1a: Dondozo|Dondozo, F|81\/100 slp\n|move|p2a: Milotic|Scald|p1a: Dondozo\n|-resisted|p1a: Dondozo\n|-damage|p1a: Dondozo|67\/100 slp\n|\n|-heal|p1a: Dondozo|73\/100 slp|[from] item: Leftovers\n|-damage|p2a: Milotic|82\/100 brn|[from] brn\n|upkeep\n|turn|34\n|\n|t:|1700244931\n|move|p2a: Milotic|Scald|p1a: Dondozo\n|-resisted|p1a: Dondozo\n|-damage|p1a: Dondozo|60\/100 slp\n|cant|p1a: Dondozo|slp\n|move|p1a: Dondozo|Sleep Talk|p1a: Dondozo\n|move|p1a: Dondozo|Liquidation|p2a: Milotic|[from]move: Sleep Talk\n|-resisted|p2a: Milotic\n|-crit|p2a: Milotic\n|-damage|p2a: Milotic|71\/100 brn\n|\n|-heal|p1a: Dondozo|66\/100 slp|[from] item: Leftovers\n|-damage|p2a: Milotic|65\/100 brn|[from] brn\n|upkeep\n|turn|35\n|\n|t:|1700244943\n|move|p2a: Milotic|Recover|p2a: Milotic\n|-heal|p2a: Milotic|100\/100 brn\n|-curestatus|p1a: Dondozo|slp|[msg]\n|move|p1a: Dondozo|Sleep Talk||[still]\n|-fail|p1a: Dondozo\n|\n|-heal|p1a: Dondozo|73\/100|[from] item: Leftovers\n|-damage|p2a: Milotic|94\/100 brn|[from] brn\n|upkeep\n|turn|36\n|\n|t:|1700244953\n|move|p2a: Milotic|Scald|p1a: Dondozo\n|-resisted|p1a: Dondozo\n|-damage|p1a: Dondozo|59\/100\n|move|p1a: Dondozo|Curse|p1a: Dondozo\n|-unboost|p1a: Dondozo|spe|1\n|-boost|p1a: Dondozo|atk|1\n|-boost|p1a: Dondozo|def|1\n|\n|-heal|p1a: Dondozo|66\/100|[from] item: Leftovers\n|-damage|p2a: Milotic|88\/100 brn|[from] brn\n|upkeep\n|turn|37\n|\n|t:|1700244963\n|move|p2a: Milotic|Scald|p1a: Dondozo\n|-resisted|p1a: Dondozo\n|-damage|p1a: Dondozo|53\/100\n|move|p1a: Dondozo|Curse|p1a: Dondozo\n|-unboost|p1a: Dondozo|spe|1\n|-boost|p1a: Dondozo|atk|1\n|-boost|p1a: Dondozo|def|1\n|\n|-heal|p1a: Dondozo|59\/100|[from] item: Leftovers\n|-damage|p2a: Milotic|82\/100 brn|[from] brn\n|upkeep\n|turn|38\n|\n|t:|1700244973\n|move|p2a: Milotic|Scald|p1a: Dondozo\n|-resisted|p1a: Dondozo\n|-damage|p1a: Dondozo|46\/100\n|-status|p1a: Dondozo|brn\n|move|p1a: Dondozo|Curse|p1a: Dondozo\n|-unboost|p1a: Dondozo|spe|1\n|-boost|p1a: Dondozo|atk|1\n|-boost|p1a: Dondozo|def|1\n|\n|-heal|p1a: Dondozo|52\/100 brn|[from] item: Leftovers\n|-damage|p2a: Milotic|76\/100 brn|[from] brn\n|-damage|p1a: Dondozo|46\/100 brn|[from] brn\n|upkeep\n|turn|39\n|\n|t:|1700244984\n|move|p2a: Milotic|Haze|p2a: Milotic\n|-clearallboost\n|move|p1a: Dondozo|Curse|p1a: Dondozo\n|-unboost|p1a: Dondozo|spe|1\n|-boost|p1a: Dondozo|atk|1\n|-boost|p1a: Dondozo|def|1\n|\n|-heal|p1a: Dondozo|52\/100 brn|[from] item: Leftovers\n|-damage|p2a: Milotic|70\/100 brn|[from] brn\n|-damage|p1a: Dondozo|46\/100 brn|[from] brn\n|upkeep\n|turn|40\n|\n|t:|1700244996\n|move|p2a: Milotic|Scald|p1a: Dondozo\n|-resisted|p1a: Dondozo\n|-damage|p1a: Dondozo|33\/100 brn\n|move|p1a: Dondozo|Curse|p1a: Dondozo\n|-unboost|p1a: Dondozo|spe|1\n|-boost|p1a: Dondozo|atk|1\n|-boost|p1a: Dondozo|def|1\n|\n|-heal|p1a: Dondozo|39\/100 brn|[from] item: Leftovers\n|-damage|p2a: Milotic|64\/100 brn|[from] brn\n|-damage|p1a: Dondozo|33\/100 brn|[from] brn\n|upkeep\n|turn|41\n|\n|t:|1700245008\n|move|p2a: Milotic|Scald|p1a: Dondozo\n|-resisted|p1a: Dondozo\n|-damage|p1a: Dondozo|20\/100 brn\n|move|p1a: Dondozo|Rest|p1a: Dondozo\n|-status|p1a: Dondozo|slp|[from] move: Rest\n|-heal|p1a: Dondozo|100\/100 slp|[silent]\n|\n|-damage|p2a: Milotic|58\/100 brn|[from] brn\n|upkeep\n|turn|42\n|\n|t:|1700245017\n|move|p2a: Milotic|Haze|p2a: Milotic\n|-clearallboost\n|cant|p1a: Dondozo|slp\n|move|p1a: Dondozo|Sleep Talk|p1a: Dondozo\n|move|p1a: Dondozo|Curse|p1a: Dondozo|[from]move: Sleep Talk\n|-unboost|p1a: Dondozo|spe|1\n|-boost|p1a: Dondozo|atk|1\n|-boost|p1a: Dondozo|def|1\n|\n|-damage|p2a: Milotic|52\/100 brn|[from] brn\n|upkeep\n|turn|43\n|\n|t:|1700245030\n|move|p2a: Milotic|Recover|p2a: Milotic\n|-heal|p2a: Milotic|100\/100 brn\n|cant|p1a: Dondozo|slp\n|move|p1a: Dondozo|Sleep Talk|p1a: Dondozo\n|move|p1a: Dondozo|Rest||[from]move: Sleep Talk|[still]\n|-fail|p1a: Dondozo\n|\n|-damage|p2a: Milotic|94\/100 brn|[from] brn\n|upkeep\n|turn|44\n|\n|t:|1700245048\n|move|p2a: Milotic|Scald|p1a: Dondozo\n|-resisted|p1a: Dondozo\n|-damage|p1a: Dondozo|87\/100 slp\n|-curestatus|p1a: Dondozo|slp|[msg]\n|move|p1a: Dondozo|Sleep Talk||[still]\n|-fail|p1a: Dondozo\n|\n|-heal|p1a: Dondozo|93\/100|[from] item: Leftovers\n|-damage|p2a: Milotic|88\/100 brn|[from] brn\n|upkeep\n|turn|45\n|\n|t:|1700245059\n|move|p2a: Milotic|Scald|p1a: Dondozo\n|-resisted|p1a: Dondozo\n|-damage|p1a: Dondozo|80\/100\n|move|p1a: Dondozo|Liquidation|p2a: Milotic\n|-resisted|p2a: Milotic\n|-damage|p2a: Milotic|78\/100 brn\n|\n|-heal|p1a: Dondozo|86\/100|[from] item: Leftovers\n|-damage|p2a: Milotic|72\/100 brn|[from] brn\n|upkeep\n|turn|46\n|\n|t:|1700245071\n|move|p2a: Milotic|Scald|p1a: Dondozo\n|-resisted|p1a: Dondozo\n|-damage|p1a: Dondozo|73\/100\n|-status|p1a: Dondozo|brn\n|move|p1a: Dondozo|Liquidation|p2a: Milotic\n|-resisted|p2a: Milotic\n|-damage|p2a: Milotic|68\/100 brn\n|\n|-heal|p1a: Dondozo|79\/100 brn|[from] item: Leftovers\n|-damage|p2a: Milotic|61\/100 brn|[from] brn\n|-damage|p1a: Dondozo|73\/100 brn|[from] brn\n|upkeep\n|turn|47\n|\n|t:|1700245086\n|move|p2a: Milotic|Scald|p1a: Dondozo\n|-resisted|p1a: Dondozo\n|-damage|p1a: Dondozo|60\/100 brn\n|move|p1a: Dondozo|Liquidation|p2a: Milotic\n|-resisted|p2a: Milotic\n|-damage|p2a: Milotic|57\/100 brn\n|-unboost|p2a: Milotic|def|1\n|\n|-heal|p1a: Dondozo|66\/100 brn|[from] item: Leftovers\n|-damage|p2a: Milotic|50\/100 brn|[from] brn\n|-damage|p1a: Dondozo|60\/100 brn|[from] brn\n|upkeep\n|turn|48\n|\n|t:|1700245100\n|move|p2a: Milotic|Ice Beam|p1a: Dondozo\n|-resisted|p1a: Dondozo\n|-damage|p1a: Dondozo|51\/100 brn\n|move|p1a: Dondozo|Liquidation|p2a: Milotic\n|-resisted|p2a: Milotic\n|-crit|p2a: Milotic\n|-damage|p2a: Milotic|42\/100 brn\n|\n|-heal|p1a: Dondozo|57\/100 brn|[from] item: Leftovers\n|-damage|p2a: Milotic|36\/100 brn|[from] brn\n|-damage|p1a: Dondozo|51\/100 brn|[from] brn\n|upkeep\n|turn|49\n|\n|t:|1700245113\n|move|p2a: Milotic|Recover|p2a: Milotic\n|-heal|p2a: Milotic|86\/100 brn\n|move|p1a: Dondozo|Liquidation|p2a: Milotic\n|-resisted|p2a: Milotic\n|-damage|p2a: Milotic|81\/100 brn\n|\n|-heal|p1a: Dondozo|57\/100 brn|[from] item: Leftovers\n|-damage|p2a: Milotic|75\/100 brn|[from] brn\n|-damage|p1a: Dondozo|51\/100 brn|[from] brn\n|upkeep\n|turn|50\n|\n|t:|1700245123\n|move|p2a: Milotic|Haze|p2a: Milotic\n|-clearallboost\n|move|p1a: Dondozo|Liquidation|p2a: Milotic\n|-resisted|p2a: Milotic\n|-crit|p2a: Milotic\n|-damage|p2a: Milotic|69\/100 brn\n|\n|-heal|p1a: Dondozo|57\/100 brn|[from] item: Leftovers\n|-damage|p2a: Milotic|63\/100 brn|[from] brn\n|-damage|p1a: Dondozo|51\/100 brn|[from] brn\n|upkeep\n|turn|51\n|\n|t:|1700245134\n|move|p2a: Milotic|Scald|p1a: Dondozo\n|-resisted|p1a: Dondozo\n|-damage|p1a: Dondozo|37\/100 brn\n|move|p1a: Dondozo|Curse|p1a: Dondozo\n|-unboost|p1a: Dondozo|spe|1\n|-boost|p1a: Dondozo|atk|1\n|-boost|p1a: Dondozo|def|1\n|\n|-heal|p1a: Dondozo|43\/100 brn|[from] item: Leftovers\n|-damage|p2a: Milotic|57\/100 brn|[from] brn\n|-damage|p1a: Dondozo|37\/100 brn|[from] brn\n|upkeep\n|turn|52\n|\n|t:|1700245144\n|move|p2a: Milotic|Scald|p1a: Dondozo\n|-resisted|p1a: Dondozo\n|-damage|p1a: Dondozo|23\/100 brn\n|move|p1a: Dondozo|Curse|p1a: Dondozo\n|-unboost|p1a: Dondozo|spe|1\n|-boost|p1a: Dondozo|atk|1\n|-boost|p1a: Dondozo|def|1\n|\n|-heal|p1a: Dondozo|29\/100 brn|[from] item: Leftovers\n|-damage|p2a: Milotic|51\/100 brn|[from] brn\n|-damage|p1a: Dondozo|23\/100 brn|[from] brn\n|upkeep\n|turn|53\n|\n|t:|1700245158\n|move|p2a: Milotic|Scald|p1a: Dondozo\n|-resisted|p1a: Dondozo\n|-damage|p1a: Dondozo|9\/100 brn\n|move|p1a: Dondozo|Rest|p1a: Dondozo\n|-status|p1a: Dondozo|slp|[from] move: Rest\n|-heal|p1a: Dondozo|100\/100 slp|[silent]\n|\n|-damage|p2a: Milotic|45\/100 brn|[from] brn\n|upkeep\n|turn|54\n|\n|t:|1700245168\n|move|p2a: Milotic|Recover|p2a: Milotic\n|-heal|p2a: Milotic|95\/100 brn\n|cant|p1a: Dondozo|slp\n|move|p1a: Dondozo|Sleep Talk|p1a: Dondozo\n|move|p1a: Dondozo|Curse|p1a: Dondozo|[from]move: Sleep Talk\n|-unboost|p1a: Dondozo|spe|1\n|-boost|p1a: Dondozo|atk|1\n|-boost|p1a: Dondozo|def|1\n|\n|-damage|p2a: Milotic|89\/100 brn|[from] brn\n|upkeep\n|turn|55\n|\n|t:|1700245178\n|move|p2a: Milotic|Haze|p2a: Milotic\n|-clearallboost\n|cant|p1a: Dondozo|slp\n|move|p1a: Dondozo|Sleep Talk|p1a: Dondozo\n|move|p1a: Dondozo|Curse|p1a: Dondozo|[from]move: Sleep Talk\n|-unboost|p1a: Dondozo|spe|1\n|-boost|p1a: Dondozo|atk|1\n|-boost|p1a: Dondozo|def|1\n|\n|-damage|p2a: Milotic|82\/100 brn|[from] brn\n|upkeep\n|turn|56\n|\n|t:|1700245192\n|move|p2a: Milotic|Ice Beam|p1a: Dondozo\n|-resisted|p1a: Dondozo\n|-damage|p1a: Dondozo|91\/100 slp\n|-curestatus|p1a: Dondozo|slp|[msg]\n|move|p1a: Dondozo|Curse|p1a: Dondozo\n|-unboost|p1a: Dondozo|spe|1\n|-boost|p1a: Dondozo|atk|1\n|-boost|p1a: Dondozo|def|1\n|\n|-heal|p1a: Dondozo|97\/100|[from] item: Leftovers\n|-damage|p2a: Milotic|76\/100 brn|[from] brn\n|upkeep\n|turn|57\n|-message|Kurisu41 forfeited.\n|\n|win|Psyk42\n|raw|Psyk42's rating: 1095 &rarr; <strong>1117<\/strong><br \/>(+22 for winning)\n|raw|Kurisu41's rating: 1046 &rarr; <strong>1031<\/strong><br \/>(-15 for losing)\n|l|\u2606Kurisu41\n|c|\u2606Psyk42|ggs\n","uploadtime":1700245213,"views":14,"p1id":"psyk42","p2id":"kurisu41","formatid":"gen9ou","rating":1031,"private":0,"password":""}