{"id":"gen9ou-1997413251","p1":"Aggron","p2":"420 meme 69","format":"[Gen 9] OU","log":"|j|\u2606Aggron\n|j|\u2606420 meme 69\n|t:|1700801215\n|gametype|singles\n|player|p1|Aggron|pokefan-gen4|1799\n|player|p2|420 meme 69|170|1728\n|teamsize|p1|6\n|teamsize|p2|6\n|gen|9\n|tier|[Gen 9] OU\n|rated|\n|rule|Sleep Clause Mod: Limit one foe put to sleep\n|rule|Species Clause: Limit one of each Pok\u00e9mon\n|rule|OHKO Clause: OHKO moves are banned\n|rule|Evasion Items Clause: Evasion items are banned\n|rule|Evasion Moves Clause: Evasion moves are banned\n|rule|Endless Battle Clause: Forcing endless battles is banned\n|rule|HP Percentage Mod: HP is shown in percentages\n|clearpoke\n|poke|p1|Sinistcha-Masterpiece|\n|poke|p1|Heatran, M|\n|poke|p1|Rillaboom, F|\n|poke|p1|Samurott-Hisui, F|\n|poke|p1|Tyranitar, F|\n|poke|p1|Ogerpon-Cornerstone, F|\n|poke|p2|Ting-Lu|\n|poke|p2|Garganacl, M|\n|poke|p2|Toxapex, M|\n|poke|p2|Tornadus-Therian, M|\n|poke|p2|Kommo-o, M|\n|poke|p2|Gholdengo|\n|teampreview\n|inactive|Battle timer is ON: inactive players will automatically lose when time's up. (requested by Aggron)\n|\n|t:|1700801239\n|start\n|switch|p1a: Heatran|Heatran, M|100\/100\n|switch|p2a: Tornadus|Tornadus-Therian, M|100\/100\n|-item|p1a: Heatran|Air Balloon\n|turn|1\n|\n|t:|1700801243\n|move|p2a: Tornadus|U-turn|p1a: Heatran\n|-resisted|p1a: Heatran\n|-damage|p1a: Heatran|97\/100\n|-status|p2a: Tornadus|brn|[from] ability: Flame Body|[of] p1a: Heatran\n|-enditem|p1a: Heatran|Air Balloon\n|\n|t:|1700801245\n|switch|p2a: Ting-Lu|Ting-Lu|100\/100|[from] U-turn\n|-ability|p2a: Ting-Lu|Vessel of Ruin\n|move|p1a: Heatran|Stealth Rock|p2a: Ting-Lu\n|-sidestart|p2: 420 meme 69|move: Stealth Rock\n|\n|upkeep\n|turn|2\n|j| SwabbyYabby\n|\n|t:|1700801253\n|switch|p1a: Rillaboom|Rillaboom, F, shiny|100\/100\n|-fieldstart|move: Grassy Terrain|[from] ability: Grassy Surge|[of] p1a: Rillaboom\n|move|p2a: Ting-Lu|Spikes|p1a: Rillaboom\n|-sidestart|p1: Aggron|Spikes\n|\n|upkeep\n|turn|3\n|\n|t:|1700801263\n|-terastallize|p1a: Rillaboom|Grass\n|move|p1a: Rillaboom|Wood Hammer|p2a: Ting-Lu\n|-supereffective|p2a: Ting-Lu\n|-damage|p2a: Ting-Lu|0 fnt\n|faint|p2a: Ting-Lu\n|-damage|p1a: Rillaboom|57\/100|[from] Recoil\n|\n|-heal|p1a: Rillaboom|63\/100|[from] Grassy Terrain\n|upkeep\n|j| Heihachi Mishima\n|\n|t:|1700801267\n|switch|p2a: Kommo-o|Kommo-o, M|100\/100\n|turn|4\n|\n|t:|1700801272\n|switch|p1a: Sinistcha|Sinistcha-Masterpiece|100\/100\n|move|p2a: Kommo-o|Stealth Rock|p1a: Sinistcha\n|-sidestart|p1: Aggron|move: Stealth Rock\n|\n|upkeep\n|turn|5\n|\n|t:|1700801276\n|move|p1a: Sinistcha|Matcha Gotcha|p2a: Kommo-o\n|-resisted|p2a: Kommo-o\n|-damage|p2a: Kommo-o|81\/100\n|move|p2a: Kommo-o|Dragon Tail|p1a: Sinistcha\n|-damage|p1a: Sinistcha|86\/100\n|drag|p1a: Tyranitar|Tyranitar, F|100\/100\n|-weather|Sandstorm|[from] ability: Sand Stream|[of] p1a: Tyranitar\n|\n|-weather|Sandstorm|[upkeep]\n|-damage|p2a: Kommo-o|75\/100|[from] Sandstorm\n|-heal|p2a: Kommo-o|81\/100|[from] Grassy Terrain\n|upkeep\n|turn|6\n|\n|t:|1700801285\n|switch|p1a: Heatran|Heatran, M|97\/100\n|-damage|p1a: Heatran|84\/100|[from] Spikes\n|-damage|p1a: Heatran|72\/100|[from] Stealth Rock\n|move|p2a: Kommo-o|Body Press|p1a: Heatran\n|-supereffective|p1a: Heatran\n|-damage|p1a: Heatran|0 fnt\n|faint|p1a: Heatran\n|\n|-weather|Sandstorm|[upkeep]\n|-damage|p2a: Kommo-o|75\/100|[from] Sandstorm\n|-heal|p2a: Kommo-o|81\/100|[from] Grassy Terrain\n|-fieldend|move: Grassy Terrain\n|upkeep\n|\n|t:|1700801291\n|switch|p1a: Sinistcha|Sinistcha-Masterpiece|86\/100\n|turn|7\n|\n|t:|1700801295\n|move|p1a: Sinistcha|Matcha Gotcha|p2a: Kommo-o\n|-resisted|p2a: Kommo-o\n|-damage|p2a: Kommo-o|67\/100\n|-heal|p1a: Sinistcha|93\/100|[from] drain|[of] p2a: Kommo-o\n|move|p2a: Kommo-o|Dragon Tail|p1a: Sinistcha\n|-damage|p1a: Sinistcha|78\/100\n|drag|p1a: Ogerpon|Ogerpon-Cornerstone, F|100\/100\n|-damage|p1a: Ogerpon|88\/100|[from] Spikes\n|-damage|p1a: Ogerpon|76\/100|[from] Stealth Rock\n|\n|-weather|Sandstorm|[upkeep]\n|-damage|p2a: Kommo-o|61\/100|[from] Sandstorm\n|upkeep\n|turn|8\n|\n|t:|1700801304\n|switch|p1a: Sinistcha|Sinistcha-Masterpiece|78\/100\n|move|p2a: Kommo-o|Body Press|p1a: Sinistcha\n|-immune|p1a: Sinistcha\n|\n|-weather|Sandstorm|[upkeep]\n|-damage|p2a: Kommo-o|55\/100|[from] Sandstorm\n|-damage|p1a: Sinistcha|72\/100|[from] Sandstorm\n|upkeep\n|turn|9\n|\n|t:|1700801309\n|switch|p2a: Tornadus|Tornadus-Therian, M|100\/100 brn\n|move|p1a: Sinistcha|Matcha Gotcha|p2a: Tornadus\n|-resisted|p2a: Tornadus\n|-damage|p2a: Tornadus|79\/100 brn\n|-heal|p1a: Sinistcha|81\/100|[from] drain|[of] p2a: Tornadus\n|\n|-weather|none\n|-damage|p2a: Tornadus|73\/100 brn|[from] brn\n|upkeep\n|turn|10\n|\n|t:|1700801316\n|switch|p1a: Tyranitar|Tyranitar, F|100\/100\n|-weather|Sandstorm|[from] ability: Sand Stream|[of] p1a: Tyranitar\n|move|p2a: Tornadus|Knock Off|p1a: Tyranitar\n|-resisted|p1a: Tyranitar\n|-damage|p1a: Tyranitar|96\/100\n|-enditem|p1a: Tyranitar|Heavy-Duty Boots|[from] move: Knock Off|[of] p2a: Tornadus\n|\n|-weather|Sandstorm|[upkeep]\n|-damage|p2a: Tornadus|67\/100 brn|[from] Sandstorm\n|-damage|p2a: Tornadus|61\/100 brn|[from] brn\n|upkeep\n|turn|11\n|\n|t:|1700801322\n|move|p2a: Tornadus|U-turn|p1a: Tyranitar\n|-supereffective|p1a: Tyranitar\n|-damage|p1a: Tyranitar|83\/100\n|\n|t:|1700801325\n|switch|p2a: Kommo-o|Kommo-o, M|55\/100|[from] U-turn\n|move|p1a: Tyranitar|Knock Off|p2a: Kommo-o\n|-resisted|p2a: Kommo-o\n|-damage|p2a: Kommo-o|40\/100\n|-enditem|p2a: Kommo-o|Heavy-Duty Boots|[from] move: Knock Off|[of] p1a: Tyranitar\n|\n|-weather|Sandstorm|[upkeep]\n|-damage|p2a: Kommo-o|34\/100|[from] Sandstorm\n|upkeep\n|turn|12\n|\n|t:|1700801328\n|switch|p1a: Sinistcha|Sinistcha-Masterpiece|81\/100\n|move|p2a: Kommo-o|Dragon Tail|p1a: Sinistcha\n|-damage|p1a: Sinistcha|66\/100\n|drag|p1a: Ogerpon|Ogerpon-Cornerstone, F|76\/100\n|-damage|p1a: Ogerpon|64\/100|[from] Spikes\n|-damage|p1a: Ogerpon|51\/100|[from] Stealth Rock\n|\n|-weather|Sandstorm|[upkeep]\n|-damage|p2a: Kommo-o|28\/100|[from] Sandstorm\n|upkeep\n|turn|13\n|\n|t:|1700801335\n|switch|p1a: Sinistcha|Sinistcha-Masterpiece|66\/100\n|move|p2a: Kommo-o|Body Press|p1a: Sinistcha\n|-immune|p1a: Sinistcha\n|\n|-weather|Sandstorm|[upkeep]\n|-damage|p2a: Kommo-o|21\/100|[from] Sandstorm\n|-damage|p1a: Sinistcha|60\/100|[from] Sandstorm\n|upkeep\n|turn|14\n|\n|t:|1700801339\n|switch|p2a: Tornadus|Tornadus-Therian, M|94\/100 brn\n|move|p1a: Sinistcha|Matcha Gotcha|p2a: Tornadus\n|-resisted|p2a: Tornadus\n|-crit|p2a: Tornadus\n|-damage|p2a: Tornadus|66\/100 brn\n|-heal|p1a: Sinistcha|72\/100|[from] drain|[of] p2a: Tornadus\n|\n|-weather|none\n|-damage|p2a: Tornadus|60\/100 brn|[from] brn\n|upkeep\n|turn|15\n|\n|t:|1700801345\n|switch|p1a: Tyranitar|Tyranitar, F|83\/100\n|-damage|p1a: Tyranitar|71\/100|[from] Spikes\n|-damage|p1a: Tyranitar|58\/100|[from] Stealth Rock\n|-weather|Sandstorm|[from] ability: Sand Stream|[of] p1a: Tyranitar\n|move|p2a: Tornadus|U-turn|p1a: Tyranitar\n|-supereffective|p1a: Tyranitar\n|-damage|p1a: Tyranitar|46\/100\n|\n|t:|1700801350\n|switch|p2a: Kommo-o|Kommo-o, M|21\/100|[from] U-turn\n|-damage|p2a: Kommo-o|15\/100|[from] Stealth Rock\n|\n|-weather|Sandstorm|[upkeep]\n|-damage|p2a: Kommo-o|9\/100|[from] Sandstorm\n|upkeep\n|turn|16\n|\n|t:|1700801355\n|switch|p1a: Sinistcha|Sinistcha-Masterpiece|72\/100\n|move|p2a: Kommo-o|Body Press|p1a: Sinistcha\n|-immune|p1a: Sinistcha\n|\n|-weather|Sandstorm|[upkeep]\n|-damage|p2a: Kommo-o|3\/100|[from] Sandstorm\n|-damage|p1a: Sinistcha|66\/100|[from] Sandstorm\n|upkeep\n|turn|17\n|\n|t:|1700801361\n|switch|p2a: Tornadus|Tornadus-Therian, M|93\/100 brn\n|move|p1a: Sinistcha|Matcha Gotcha|p2a: Tornadus|[miss]\n|-miss|p1a: Sinistcha|p2a: Tornadus\n|\n|-weather|Sandstorm|[upkeep]\n|-damage|p2a: Tornadus|87\/100 brn|[from] Sandstorm\n|-damage|p1a: Sinistcha|60\/100|[from] Sandstorm\n|-damage|p2a: Tornadus|81\/100 brn|[from] brn\n|upkeep\n|turn|18\n|\n|t:|1700801368\n|switch|p1a: Tyranitar|Tyranitar, F|46\/100\n|-damage|p1a: Tyranitar|34\/100|[from] Spikes\n|-damage|p1a: Tyranitar|21\/100|[from] Stealth Rock\n|move|p2a: Tornadus|Bleakwind Storm|p1a: Tyranitar\n|-resisted|p1a: Tyranitar\n|-damage|p1a: Tyranitar|9\/100\n|\n|-weather|Sandstorm|[upkeep]\n|-damage|p2a: Tornadus|75\/100 brn|[from] Sandstorm\n|-damage|p2a: Tornadus|69\/100 brn|[from] brn\n|upkeep\n|turn|19\n|\n|t:|1700801372\n|move|p2a: Tornadus|Bleakwind Storm|p1a: Tyranitar|[miss]\n|-miss|p2a: Tornadus|p1a: Tyranitar\n|move|p1a: Tyranitar|Rest|p1a: Tyranitar\n|-status|p1a: Tyranitar|slp|[from] move: Rest\n|-heal|p1a: Tyranitar|100\/100 slp|[silent]\n|\n|-weather|none\n|-damage|p2a: Tornadus|63\/100 brn|[from] brn\n|upkeep\n|turn|20\n|\n|t:|1700801379\n|move|p2a: Tornadus|U-turn|p1a: Tyranitar\n|-supereffective|p1a: Tyranitar\n|-damage|p1a: Tyranitar|88\/100 slp\n|\n|t:|1700801381\n|switch|p2a: Garganacl|Garganacl, M|100\/100|[from] U-turn\n|-damage|p2a: Garganacl|88\/100|[from] Stealth Rock\n|cant|p1a: Tyranitar|slp\n|\n|-heal|p2a: Garganacl|94\/100|[from] item: Leftovers\n|upkeep\n|turn|21\n|\n|t:|1700801386\n|switch|p1a: Samurott|Samurott-Hisui, F|100\/100\n|move|p2a: Garganacl|Curse|p2a: Garganacl\n|-unboost|p2a: Garganacl|spe|1\n|-boost|p2a: Garganacl|atk|1\n|-boost|p2a: Garganacl|def|1\n|\n|-heal|p2a: Garganacl|100\/100|[from] item: Leftovers\n|upkeep\n|turn|22\n|\n|t:|1700801391\n|move|p1a: Samurott|Encore|p2a: Garganacl\n|-start|p2a: Garganacl|Encore\n|move|p2a: Garganacl|Curse|p2a: Garganacl\n|-unboost|p2a: Garganacl|spe|1\n|-boost|p2a: Garganacl|atk|1\n|-boost|p2a: Garganacl|def|1\n|\n|upkeep\n|turn|23\n|\n|t:|1700801393\n|move|p1a: Samurott|Ceaseless Edge|p2a: Garganacl\n|-damage|p2a: Garganacl|86\/100\n|-sidestart|p2: 420 meme 69|Spikes\n|move|p2a: Garganacl|Curse|p2a: Garganacl\n|-unboost|p2a: Garganacl|spe|1\n|-boost|p2a: Garganacl|atk|1\n|-boost|p2a: Garganacl|def|1\n|\n|-heal|p2a: Garganacl|92\/100|[from] item: Leftovers\n|upkeep\n|turn|24\n|\n|t:|1700801395\n|move|p1a: Samurott|Ceaseless Edge|p2a: Garganacl\n|-damage|p2a: Garganacl|80\/100\n|-sidestart|p2: 420 meme 69|Spikes\n|move|p2a: Garganacl|Curse|p2a: Garganacl\n|-unboost|p2a: Garganacl|spe|1\n|-boost|p2a: Garganacl|atk|1\n|-boost|p2a: Garganacl|def|1\n|\n|-heal|p2a: Garganacl|87\/100|[from] item: Leftovers\n|-end|p2a: Garganacl|Encore\n|upkeep\n|turn|25\n|\n|t:|1700801399\n|move|p1a: Samurott|Ceaseless Edge|p2a: Garganacl\n|-damage|p2a: Garganacl|76\/100\n|-sidestart|p2: 420 meme 69|Spikes\n|move|p2a: Garganacl|Curse|p2a: Garganacl\n|-unboost|p2a: Garganacl|spe|1\n|-boost|p2a: Garganacl|atk|1\n|-boost|p2a: Garganacl|def|1\n|\n|-heal|p2a: Garganacl|82\/100|[from] item: Leftovers\n|upkeep\n|turn|26\n|j| fuwa the cute\n|\n|t:|1700801402\n|move|p2a: Garganacl|Protect|p2a: Garganacl\n|-singleturn|p2a: Garganacl|Protect\n|move|p1a: Samurott|Encore|p2a: Garganacl\n|-activate|p2a: Garganacl|move: Protect\n|\n|-heal|p2a: Garganacl|89\/100|[from] item: Leftovers\n|upkeep\n|turn|27\n|\n|t:|1700801404\n|move|p1a: Samurott|Encore|p2a: Garganacl\n|-start|p2a: Garganacl|Encore\n|move|p2a: Garganacl|Protect||[still]\n|-fail|p2a: Garganacl\n|\n|-heal|p2a: Garganacl|95\/100|[from] item: Leftovers\n|upkeep\n|turn|28\n|\n|t:|1700801407\n|move|p2a: Garganacl|Protect|p2a: Garganacl\n|-singleturn|p2a: Garganacl|Protect\n|move|p1a: Samurott|Sacred Sword|p2a: Garganacl\n|-activate|p2a: Garganacl|move: Protect\n|\n|-heal|p2a: Garganacl|100\/100|[from] item: Leftovers\n|upkeep\n|turn|29\n|\n|t:|1700801410\n|move|p2a: Garganacl|Protect||[still]\n|-fail|p2a: Garganacl\n|move|p1a: Samurott|Sacred Sword|p2a: Garganacl\n|-supereffective|p2a: Garganacl\n|-damage|p2a: Garganacl|47\/100\n|\n|-heal|p2a: Garganacl|54\/100|[from] item: Leftovers\n|-end|p2a: Garganacl|Encore\n|upkeep\n|turn|30\n|\n|t:|1700801412\n|move|p1a: Samurott|Encore|p2a: Garganacl\n|-start|p2a: Garganacl|Encore\n|move|p2a: Garganacl|Protect||[still]\n|-fail|p2a: Garganacl\n|\n|-heal|p2a: Garganacl|60\/100|[from] item: Leftovers\n|upkeep\n|turn|31\n|\n|t:|1700801416\n|move|p2a: Garganacl|Protect|p2a: Garganacl\n|-singleturn|p2a: Garganacl|Protect\n|move|p1a: Samurott|Sacred Sword|p2a: Garganacl\n|-activate|p2a: Garganacl|move: Protect\n|\n|-heal|p2a: Garganacl|66\/100|[from] item: Leftovers\n|upkeep\n|turn|32\n|\n|t:|1700801419\n|-terastallize|p2a: Garganacl|Ghost\n|move|p2a: Garganacl|Protect|p2a: Garganacl\n|-singleturn|p2a: Garganacl|Protect\n|move|p1a: Samurott|Sacred Sword|p2a: Garganacl\n|-activate|p2a: Garganacl|move: Protect\n|\n|-heal|p2a: Garganacl|72\/100|[from] item: Leftovers\n|-end|p2a: Garganacl|Encore\n|upkeep\n|turn|33\n|\n|t:|1700801428\n|move|p1a: Samurott|Encore|p2a: Garganacl\n|-start|p2a: Garganacl|Encore\n|move|p2a: Garganacl|Protect||[still]\n|-fail|p2a: Garganacl\n|\n|-heal|p2a: Garganacl|78\/100|[from] item: Leftovers\n|upkeep\n|turn|34\n|\n|t:|1700801430\n|switch|p1a: Sinistcha|Sinistcha-Masterpiece|60\/100\n|move|p2a: Garganacl|Protect||[still]\n|-fail|p2a: Garganacl\n|\n|-heal|p2a: Garganacl|85\/100|[from] item: Leftovers\n|upkeep\n|turn|35\n|\n|t:|1700801433\n|move|p2a: Garganacl|Protect|p2a: Garganacl\n|-singleturn|p2a: Garganacl|Protect\n|move|p1a: Sinistcha|Calm Mind|p1a: Sinistcha\n|-boost|p1a: Sinistcha|spa|1\n|-boost|p1a: Sinistcha|spd|1\n|\n|-heal|p2a: Garganacl|91\/100|[from] item: Leftovers\n|-end|p2a: Garganacl|Encore\n|upkeep\n|turn|36\n|\n|t:|1700801440\n|move|p1a: Sinistcha|Matcha Gotcha|p2a: Garganacl\n|-damage|p2a: Garganacl|59\/100\n|-heal|p1a: Sinistcha|79\/100|[from] drain|[of] p2a: Garganacl\n|move|p2a: Garganacl|Salt Cure|p1a: Sinistcha\n|-damage|p1a: Sinistcha|45\/100\n|-start|p1a: Sinistcha|Salt Cure\n|\n|-heal|p2a: Garganacl|65\/100|[from] item: Leftovers\n|-damage|p1a: Sinistcha|33\/100|[from] Salt Cure\n|upkeep\n|turn|37\n|\n|t:|1700801448\n|move|p1a: Sinistcha|Strength Sap|p2a: Garganacl\n|-unboost|p2a: Garganacl|atk|1\n|-heal|p1a: Sinistcha|100\/100\n|move|p2a: Garganacl|Recover|p2a: Garganacl\n|-heal|p2a: Garganacl|100\/100\n|\n|-damage|p1a: Sinistcha|88\/100|[from] Salt Cure\n|upkeep\n|turn|38\n|\n|t:|1700801457\n|move|p1a: Sinistcha|Calm Mind|p1a: Sinistcha\n|-boost|p1a: Sinistcha|spa|1\n|-boost|p1a: Sinistcha|spd|1\n|move|p2a: Garganacl|Curse|p1a: Sinistcha\n|-start|p1a: Sinistcha|Curse|[of] p2a: Garganacl\n|-damage|p2a: Garganacl|51\/100\n|\n|-heal|p2a: Garganacl|57\/100|[from] item: Leftovers\n|-damage|p1a: Sinistcha|63\/100|[from] Curse\n|-damage|p1a: Sinistcha|51\/100|[from] Salt Cure\n|upkeep\n|turn|39\n|\n|t:|1700801470\n|switch|p1a: Samurott|Samurott-Hisui, F|100\/100\n|move|p2a: Garganacl|Protect||[still]\n|-fail|p2a: Garganacl\n|\n|-heal|p2a: Garganacl|63\/100|[from] item: Leftovers\n|upkeep\n|turn|40\n|l|\u2606Aggron\n|inactive|Aggron disconnected and has a minute to reconnect!\n|player|p1|\n|j| Hastegan\n|j|\u2606Aggron\n|inactive|Aggron reconnected and has 120 seconds left.\n|player|p1|Aggron|pokefan-gen4\n|\n|t:|1700801514\n|move|p1a: Samurott|Encore|p2a: Garganacl\n|-start|p2a: Garganacl|Encore\n|move|p2a: Garganacl|Protect||[still]\n|-fail|p2a: Garganacl\n|\n|-heal|p2a: Garganacl|69\/100|[from] item: Leftovers\n|upkeep\n|turn|41\n|\n|t:|1700801521\n|switch|p1a: Sinistcha|Sinistcha-Masterpiece|51\/100\n|move|p2a: Garganacl|Protect||[still]\n|-fail|p2a: Garganacl\n|\n|-heal|p2a: Garganacl|75\/100|[from] item: Leftovers\n|upkeep\n|turn|42\n|\n|t:|1700801524\n|move|p2a: Garganacl|Protect|p2a: Garganacl\n|-singleturn|p2a: Garganacl|Protect\n|move|p1a: Sinistcha|Strength Sap|p2a: Garganacl\n|-activate|p2a: Garganacl|move: Protect\n|\n|-heal|p2a: Garganacl|82\/100|[from] item: Leftovers\n|-end|p2a: Garganacl|Encore\n|upkeep\n|turn|43\n|\n|t:|1700801530\n|move|p1a: Sinistcha|Strength Sap|p2a: Garganacl\n|-unboost|p2a: Garganacl|atk|1\n|-heal|p1a: Sinistcha|100\/100\n|move|p2a: Garganacl|Salt Cure|p1a: Sinistcha\n|-damage|p1a: Sinistcha|79\/100\n|-start|p1a: Sinistcha|Salt Cure\n|\n|-heal|p2a: Garganacl|88\/100|[from] item: Leftovers\n|-damage|p1a: Sinistcha|66\/100|[from] Salt Cure\n|upkeep\n|turn|44\n|\n|t:|1700801544\n|move|p1a: Sinistcha|Matcha Gotcha|p2a: Garganacl\n|-damage|p2a: Garganacl|67\/100\n|-heal|p1a: Sinistcha|78\/100|[from] drain|[of] p2a: Garganacl\n|move|p2a: Garganacl|Salt Cure|p1a: Sinistcha\n|-damage|p1a: Sinistcha|55\/100\n|\n|-heal|p2a: Garganacl|73\/100|[from] item: Leftovers\n|-damage|p1a: Sinistcha|43\/100|[from] Salt Cure\n|upkeep\n|turn|45\n|\n|t:|1700801554\n|move|p1a: Sinistcha|Strength Sap|p2a: Garganacl\n|-unboost|p2a: Garganacl|atk|1\n|-heal|p1a: Sinistcha|100\/100\n|move|p2a: Garganacl|Curse|p1a: Sinistcha\n|-start|p1a: Sinistcha|Curse|[of] p2a: Garganacl\n|-damage|p2a: Garganacl|23\/100\n|\n|-heal|p2a: Garganacl|30\/100|[from] item: Leftovers\n|-damage|p1a: Sinistcha|76\/100|[from] Curse\n|-damage|p1a: Sinistcha|63\/100|[from] Salt Cure\n|upkeep\n|turn|46\n|\n|t:|1700801560\n|switch|p1a: Samurott|Samurott-Hisui, F|100\/100\n|move|p2a: Garganacl|Salt Cure|p1a: Samurott\n|-crit|p1a: Samurott\n|-damage|p1a: Samurott|47\/100\n|-start|p1a: Samurott|Salt Cure\n|\n|-heal|p2a: Garganacl|36\/100|[from] item: Leftovers\n|-damage|p1a: Samurott|22\/100|[from] Salt Cure\n|upkeep\n|turn|47\n|\n|t:|1700801567\n|move|p2a: Garganacl|Protect|p2a: Garganacl\n|-singleturn|p2a: Garganacl|Protect\n|move|p1a: Samurott|Encore|p2a: Garganacl\n|-activate|p2a: Garganacl|move: Protect\n|\n|-heal|p2a: Garganacl|42\/100|[from] item: Leftovers\n|-damage|p1a: Samurott|0 fnt|[from] Salt Cure\n|faint|p1a: Samurott\n|upkeep\n|\n|t:|1700801580\n|switch|p1a: Sinistcha|Sinistcha-Masterpiece|63\/100\n|turn|48\n|\n|t:|1700801583\n|move|p1a: Sinistcha|Calm Mind|p1a: Sinistcha\n|-boost|p1a: Sinistcha|spa|1\n|-boost|p1a: Sinistcha|spd|1\n|move|p2a: Garganacl|Salt Cure|p1a: Sinistcha\n|-damage|p1a: Sinistcha|44\/100\n|-start|p1a: Sinistcha|Salt Cure\n|\n|-heal|p2a: Garganacl|48\/100|[from] item: Leftovers\n|-damage|p1a: Sinistcha|31\/100|[from] Salt Cure\n|upkeep\n|turn|49\n|j| Flamax\n|\n|t:|1700801599\n|move|p1a: Sinistcha|Matcha Gotcha|p2a: Garganacl\n|-damage|p2a: Garganacl|18\/100\n|-heal|p1a: Sinistcha|49\/100|[from] drain|[of] p2a: Garganacl\n|move|p2a: Garganacl|Recover|p2a: Garganacl\n|-heal|p2a: Garganacl|68\/100\n|\n|-heal|p2a: Garganacl|75\/100|[from] item: Leftovers\n|-damage|p1a: Sinistcha|36\/100|[from] Salt Cure\n|upkeep\n|turn|50\n|\n|t:|1700801604\n|move|p1a: Sinistcha|Matcha Gotcha|p2a: Garganacl\n|-damage|p2a: Garganacl|41\/100\n|-heal|p1a: Sinistcha|56\/100|[from] drain|[of] p2a: Garganacl\n|move|p2a: Garganacl|Curse|p1a: Sinistcha\n|-start|p1a: Sinistcha|Curse|[of] p2a: Garganacl\n|-damage|p2a: Garganacl|0 fnt\n|faint|p2a: Garganacl\n|\n|-damage|p1a: Sinistcha|31\/100|[from] Curse\n|-damage|p1a: Sinistcha|19\/100|[from] Salt Cure\n|upkeep\n|\n|t:|1700801617\n|switch|p2a: Tornadus|Tornadus-Therian, M|96\/100 brn\n|turn|51\n|l| fuwa the cute\n|\n|t:|1700801626\n|move|p2a: Tornadus|U-turn|p1a: Sinistcha\n|-damage|p1a: Sinistcha|13\/100\n|\n|t:|1700801628\n|switch|p2a: Kommo-o|Kommo-o, M|3\/100|[from] U-turn\n|-damage|p2a: Kommo-o|0 fnt|[from] Stealth Rock\n|faint|p2a: Kommo-o\n|move|p1a: Sinistcha|Strength Sap|p2: Kommo-o|[notarget]\n|-fail|p1a: Sinistcha\n|\n|-damage|p1a: Sinistcha|0 fnt|[from] Curse\n|faint|p1a: Sinistcha\n|upkeep\n|\n|t:|1700801639\n|switch|p2a: Tornadus|Tornadus-Therian, M|100\/100 brn\n|switch|p1a: Rillaboom|Rillaboom, F, shiny, tera:Grass|63\/100\n|-damage|p1a: Rillaboom|51\/100|[from] Spikes\n|-damage|p1a: Rillaboom|38\/100|[from] Stealth Rock\n|-fieldstart|move: Grassy Terrain|[from] ability: Grassy Surge|[of] p1a: Rillaboom\n|turn|52\n|j| EloStatusDead\n|\n|t:|1700801644\n|switch|p1a: Tyranitar|Tyranitar, F|88\/100 slp\n|-damage|p1a: Tyranitar|75\/100 slp|[from] Spikes\n|-damage|p1a: Tyranitar|63\/100 slp|[from] Stealth Rock\n|-weather|Sandstorm|[from] ability: Sand Stream|[of] p1a: Tyranitar\n|move|p2a: Tornadus|Heat Wave|p1a: Tyranitar\n|-resisted|p1a: Tyranitar\n|-damage|p1a: Tyranitar|54\/100 slp\n|\n|-weather|Sandstorm|[upkeep]\n|-damage|p2a: Tornadus|94\/100 brn|[from] Sandstorm\n|-heal|p1a: Tyranitar|61\/100 slp|[from] Grassy Terrain\n|-damage|p2a: Tornadus|88\/100 brn|[from] brn\n|upkeep\n|turn|53\n|\n|t:|1700801648\n|move|p2a: Tornadus|U-turn|p1a: Tyranitar\n|-supereffective|p1a: Tyranitar\n|-damage|p1a: Tyranitar|47\/100 slp\n|\n|t:|1700801651\n|switch|p2a: Gholdengo|Gholdengo, shiny|100\/100|[from] U-turn\n|-damage|p2a: Gholdengo|94\/100|[from] Stealth Rock\n|-damage|p2a: Gholdengo|70\/100|[from] Spikes\n|cant|p1a: Tyranitar|slp\n|\n|-weather|Sandstorm|[upkeep]\n|-heal|p2a: Gholdengo|76\/100|[from] Grassy Terrain\n|-heal|p2a: Gholdengo|82\/100|[from] item: Leftovers\n|-heal|p1a: Tyranitar|53\/100 slp|[from] Grassy Terrain\n|upkeep\n|turn|54\n|\n|t:|1700801658\n|move|p2a: Gholdengo|Nasty Plot|p2a: Gholdengo\n|-boost|p2a: Gholdengo|spa|2\n|-curestatus|p1a: Tyranitar|slp|[msg]\n|move|p1a: Tyranitar|Knock Off|p2a: Gholdengo\n|-supereffective|p2a: Gholdengo\n|-crit|p2a: Gholdengo\n|-damage|p2a: Gholdengo|0 fnt\n|-enditem|p2a: Gholdengo|Leftovers|[from] move: Knock Off|[of] p1a: Tyranitar\n|faint|p2a: Gholdengo\n|\n|-weather|Sandstorm|[upkeep]\n|-heal|p1a: Tyranitar|59\/100|[from] Grassy Terrain\n|upkeep\n|\n|t:|1700801663\n|switch|p2a: Toxapex|Toxapex, M|100\/100\n|-damage|p2a: Toxapex|88\/100|[from] Stealth Rock\n|-damage|p2a: Toxapex|63\/100|[from] Spikes\n|turn|55\n|\n|t:|1700801669\n|move|p1a: Tyranitar|Knock Off|p2a: Toxapex\n|-damage|p2a: Toxapex|25\/100\n|-enditem|p2a: Toxapex|Black Sludge|[from] move: Knock Off|[of] p1a: Tyranitar\n|move|p2a: Toxapex|Toxic Spikes|p1a: Tyranitar\n|-sidestart|p1: Aggron|move: Toxic Spikes\n|\n|-weather|Sandstorm|[upkeep]\n|-damage|p2a: Toxapex|19\/100|[from] Sandstorm\n|-heal|p1a: Tyranitar|66\/100|[from] Grassy Terrain\n|-heal|p2a: Toxapex|25\/100|[from] Grassy Terrain\n|upkeep\n|turn|56\n|\n|t:|1700801672\n|move|p1a: Tyranitar|Rock Blast|p2a: Toxapex\n|-damage|p2a: Toxapex|15\/100\n|-damage|p2a: Toxapex|4\/100\n|-hitcount|p2a: Toxapex|2\n|move|p2a: Toxapex|Chilling Water|p1a: Tyranitar\n|-supereffective|p1a: Tyranitar\n|-damage|p1a: Tyranitar|53\/100\n|-unboost|p1a: Tyranitar|atk|1\n|\n|-weather|none\n|-heal|p1a: Tyranitar|59\/100|[from] Grassy Terrain\n|-heal|p2a: Toxapex|11\/100|[from] Grassy Terrain\n|-fieldend|move: Grassy Terrain\n|upkeep\n|turn|57\n|\n|t:|1700801678\n|move|p1a: Tyranitar|Rock Blast|p2a: Toxapex\n|-damage|p2a: Toxapex|3\/100\n|-damage|p2a: Toxapex|0 fnt\n|faint|p2a: Toxapex\n|-hitcount|p2: Toxapex|2\n|\n|upkeep\n|\n|t:|1700801680\n|switch|p2a: Tornadus|Tornadus-Therian, M|100\/100 brn\n|turn|58\n|\n|t:|1700801685\n|switch|p1a: Rillaboom|Rillaboom, F, shiny, tera:Grass|38\/100\n|-damage|p1a: Rillaboom|26\/100|[from] Spikes\n|-damage|p1a: Rillaboom|13\/100|[from] Stealth Rock\n|-status|p1a: Rillaboom|psn\n|-fieldstart|move: Grassy Terrain|[from] ability: Grassy Surge|[of] p1a: Rillaboom\n|move|p2a: Tornadus|Bleakwind Storm|p1a: Rillaboom\n|-supereffective|p1a: Rillaboom\n|-crit|p1a: Rillaboom\n|-damage|p1a: Rillaboom|0 fnt\n|faint|p1a: Rillaboom\n|\n|-damage|p2a: Tornadus|94\/100 brn|[from] brn\n|upkeep\n|\n|t:|1700801690\n|switch|p1a: Tyranitar|Tyranitar, F|59\/100\n|-damage|p1a: Tyranitar|47\/100|[from] Spikes\n|-damage|p1a: Tyranitar|35\/100|[from] Stealth Rock\n|-status|p1a: Tyranitar|psn\n|-weather|Sandstorm|[from] ability: Sand Stream|[of] p1a: Tyranitar\n|turn|59\n|\n|t:|1700801695\n|move|p2a: Tornadus|Bleakwind Storm|p1a: Tyranitar\n|-resisted|p1a: Tyranitar\n|-damage|p1a: Tyranitar|21\/100 psn\n|move|p1a: Tyranitar|Rest|p1a: Tyranitar\n|-status|p1a: Tyranitar|slp|[from] move: Rest\n|-heal|p1a: Tyranitar|100\/100 slp|[silent]\n|\n|-weather|Sandstorm|[upkeep]\n|-damage|p2a: Tornadus|88\/100 brn|[from] Sandstorm\n|-damage|p2a: Tornadus|82\/100 brn|[from] brn\n|upkeep\n|turn|60\n|\n|t:|1700801698\n|move|p2a: Tornadus|Knock Off|p1a: Tyranitar\n|-resisted|p1a: Tyranitar\n|-damage|p1a: Tyranitar|98\/100 slp\n|cant|p1a: Tyranitar|slp\n|\n|-weather|Sandstorm|[upkeep]\n|-damage|p2a: Tornadus|76\/100 brn|[from] Sandstorm\n|-heal|p1a: Tyranitar|100\/100 slp|[from] Grassy Terrain\n|-damage|p2a: Tornadus|70\/100 brn|[from] brn\n|upkeep\n|turn|61\n|-message|420 meme 69 forfeited.\n|\n|win|Aggron\n|raw|Aggron's rating: 1799 &rarr; <strong>1815<\/strong><br \/>(+16 for winning)\n|raw|420 meme 69's rating: 1728 &rarr; <strong>1712<\/strong><br \/>(-16 for losing)\n|l|\u2606420 meme 69\n|l|\u2606Aggron\n|l| EloStatusDead\n","uploadtime":1700801857,"views":5,"p1id":"aggron","p2id":"420meme69","formatid":"gen9ou","rating":1712,"private":0,"password":""}