{"id":"gen9ou-1997415658","p1":"GodKmi","p2":"RR_Uzui","format":"[Gen 9] OU","log":"|j|\u2606GodKmi\n|j|\u2606RR_Uzui\n|t:|1700801577\n|gametype|singles\n|player|p1|GodKmi|adaman|\n|player|p2|RR_Uzui|2|\n|teamsize|p1|6\n|teamsize|p2|6\n|gen|9\n|tier|[Gen 9] OU\n|rule|Sleep Clause Mod: Limit one foe put to sleep\n|rule|Species Clause: Limit one of each Pok\u00e9mon\n|rule|OHKO Clause: OHKO moves are banned\n|rule|Evasion Items Clause: Evasion items are banned\n|rule|Evasion Moves Clause: Evasion moves are banned\n|rule|Endless Battle Clause: Forcing endless battles is banned\n|rule|HP Percentage Mod: HP is shown in percentages\n|clearpoke\n|poke|p1|Munkidori, M|\n|poke|p1|Grimmsnarl, M|\n|poke|p1|Fezandipiti, M|\n|poke|p1|Alomomola, M|\n|poke|p1|Corviknight, F|\n|poke|p1|Manaphy|\n|poke|p2|Kingambit, M|\n|poke|p2|Ogerpon-Wellspring, F|\n|poke|p2|Enamorus, F|\n|poke|p2|Gholdengo|\n|poke|p2|Heatran, F|\n|poke|p2|Corviknight, F|\n|teampreview\n|c|\u2606GodKmi|Toca usar este\n|c|\u2606GodKmi|xq me banearon al otro\n|j| Alexmaya29\n|c| Alexmaya29|Mmmm\n|c| Alexmaya29|El Manaphy hace 1000 hijos\n|c| Alexmaya29|Vamos a ver como lo maneja el aluche\n|c|\u2606GodKmi|** Water absorb **\n|\n|t:|1700801665\n|start\n|switch|p1a: Lucifer|Grimmsnarl, M|100\/100\n|switch|p2a: Enamorus|Enamorus, F|100\/100\n|turn|1\n|c| Alexmaya29|Naaa\n|c| Alexmaya29|Con 3 Boost tera poison\n|\n|t:|1700801675\n|move|p1a: Lucifer|Parting Shot|p2a: Enamorus\n|-boost|p2a: Enamorus|atk|1\n|-boost|p2a: Enamorus|spa|1\n|c| Alexmaya29|Adios\n|j| Chavba\n|c|\u2606RR_Uzui|Gracie\n|c|\u2606GodKmi|TENGO MIEDO\n|\n|t:|1700801690\n|switch|p1a: Jeremiah|Munkidori, M|100\/100|[from] Parting Shot\n|-item|p2a: Enamorus|Choice Specs|[from] ability: Frisk|[of] p1a: Jeremiah|[identify]\n|move|p2a: Enamorus|Moonblast|p1a: Jeremiah\n|-resisted|p1a: Jeremiah\n|-damage|p1a: Jeremiah|38\/100\n|\n|upkeep\n|turn|2\n|\n|t:|1700801701\n|switch|p2a: Corviknight|Corviknight, F|100\/100\n|-ability|p2a: Corviknight|Pressure\n|move|p1a: Jeremiah|Sludge Bomb|p2a: Corviknight\n|-immune|p2a: Corviknight\n|\n|upkeep\n|turn|3\n|\n|t:|1700801709\n|switch|p1a: Virgin Mary|Alomomola, M|100\/100\n|move|p2a: Corviknight|U-turn|p1a: Virgin Mary\n|-damage|p1a: Virgin Mary|91\/100\n|\n|t:|1700801717\n|switch|p2a: Ogerpon|Ogerpon-Wellspring, F|100\/100|[from] U-turn\n|\n|-heal|p1a: Virgin Mary|97\/100|[from] item: Leftovers\n|upkeep\n|turn|4\n|\n|t:|1700801723\n|switch|p1a: Beelzebuub|Corviknight, F|100\/100\n|-ability|p1a: Beelzebuub|Pressure\n|move|p2a: Ogerpon|Swords Dance|p2a: Ogerpon\n|-boost|p2a: Ogerpon|atk|2\n|\n|upkeep\n|turn|5\n|\n|t:|1700801731\n|switch|p2a: Corviknight|Corviknight, F|100\/100\n|-ability|p2a: Corviknight|Pressure\n|move|p1a: Beelzebuub|U-turn|p2a: Corviknight\n|-resisted|p2a: Corviknight\n|-crit|p2a: Corviknight\n|-damage|p2a: Corviknight|97\/100\n|-damage|p1a: Beelzebuub|84\/100|[from] item: Rocky Helmet|[of] p2a: Corviknight\n|\n|t:|1700801741\n|switch|p1a: Virgin Mary|Alomomola, M|100\/100|[from] U-turn\n|\n|upkeep\n|turn|6\n|\n|t:|1700801756\n|switch|p2a: Ogerpon|Ogerpon-Wellspring, F|100\/100\n|move|p1a: Virgin Mary|Wish|p1a: Virgin Mary\n|\n|upkeep\n|turn|7\n|c| Alexmaya29|Aluche preciona\n|c| Alexmaya29|Machin\n|\n|t:|1700801765\n|switch|p1a: Beelzebuub|Corviknight, F|84\/100\n|-ability|p1a: Beelzebuub|Pressure\n|move|p2a: Ogerpon|Swords Dance|p2a: Ogerpon\n|-boost|p2a: Ogerpon|atk|2\n|\n|-heal|p1a: Beelzebuub|100\/100|[from] move: Wish|[wisher] Virgin Mary\n|upkeep\n|turn|8\n|l| Alexmaya29\n|\n|t:|1700801789\n|switch|p2a: Corviknight|Corviknight, F|97\/100\n|-ability|p2a: Corviknight|Pressure\n|move|p1a: Beelzebuub|U-turn|p2a: Corviknight\n|-resisted|p2a: Corviknight\n|-damage|p2a: Corviknight|95\/100\n|-damage|p1a: Beelzebuub|84\/100|[from] item: Rocky Helmet|[of] p2a: Corviknight\n|\n|t:|1700801792\n|switch|p1a: Virgin Mary|Alomomola, M|100\/100|[from] U-turn\n|\n|upkeep\n|turn|9\n|\n|t:|1700801800\n|move|p2a: Corviknight|U-turn|p1a: Virgin Mary\n|-damage|p1a: Virgin Mary|92\/100\n|\n|t:|1700801803\n|switch|p2a: Heatran|Heatran, F|100\/100|[from] U-turn\n|move|p1a: Virgin Mary|Wish|p1a: Virgin Mary\n|\n|-heal|p1a: Virgin Mary|98\/100|[from] item: Leftovers\n|upkeep\n|turn|10\n|\n|t:|1700801811\n|move|p2a: Heatran|Stealth Rock|p1a: Virgin Mary\n|-sidestart|p1: GodKmi|move: Stealth Rock\n|move|p1a: Virgin Mary|Flip Turn|p2a: Heatran\n|-supereffective|p2a: Heatran\n|-damage|p2a: Heatran|72\/100\n|\n|t:|1700801814\n|switch|p1a: Jeremiah|Munkidori, M|38\/100|[from] Flip Turn\n|-damage|p1a: Jeremiah|25\/100|[from] Stealth Rock\n|-item|p2a: Heatran|Leftovers|[from] ability: Frisk|[of] p1a: Jeremiah|[identify]\n|\n|-heal|p1a: Jeremiah|100\/100|[from] move: Wish|[wisher] Virgin Mary\n|-heal|p2a: Heatran|78\/100|[from] item: Leftovers\n|upkeep\n|turn|11\n|j| Alexmaya29\n|\n|t:|1700801827\n|move|p2a: Heatran|Protect|p2a: Heatran\n|-singleturn|p2a: Heatran|Protect\n|move|p1a: Jeremiah|Parting Shot|p2a: Heatran\n|-activate|p2a: Heatran|move: Protect\n|\n|-heal|p2a: Heatran|84\/100|[from] item: Leftovers\n|upkeep\n|turn|12\n|\n|t:|1700801838\n|switch|p1a: Virgin Mary|Alomomola, M|100\/100\n|-damage|p1a: Virgin Mary|88\/100|[from] Stealth Rock\n|move|p2a: Heatran|Magma Storm|p1a: Virgin Mary\n|-resisted|p1a: Virgin Mary\n|-damage|p1a: Virgin Mary|69\/100\n|-activate|p1a: Virgin Mary|move: Magma Storm|[of] p2a: Heatran\n|\n|-heal|p2a: Heatran|91\/100|[from] item: Leftovers\n|-heal|p1a: Virgin Mary|76\/100|[from] item: Leftovers\n|-damage|p1a: Virgin Mary|63\/100|[from] move: Magma Storm|[partiallytrapped]\n|upkeep\n|turn|13\n|\n|t:|1700801855\n|switch|p2a: Ogerpon|Ogerpon-Wellspring, F|100\/100\n|move|p1a: Virgin Mary|Wish|p1a: Virgin Mary\n|\n|-heal|p1a: Virgin Mary|69\/100|[from] item: Leftovers\n|-end|p1a: Virgin Mary|Magma Storm|[partiallytrapped]|[silent]\n|upkeep\n|turn|14\n|\n|t:|1700801862\n|switch|p1a: Beelzebuub|Corviknight, F|84\/100\n|-damage|p1a: Beelzebuub|71\/100|[from] Stealth Rock\n|-ability|p1a: Beelzebuub|Pressure\n|move|p2a: Ogerpon|Swords Dance|p2a: Ogerpon\n|-boost|p2a: Ogerpon|atk|2\n|\n|-heal|p1a: Beelzebuub|100\/100|[from] move: Wish|[wisher] Virgin Mary\n|upkeep\n|turn|15\n|\n|t:|1700801873\n|switch|p2a: Corviknight|Corviknight, F|95\/100\n|-ability|p2a: Corviknight|Pressure\n|move|p1a: Beelzebuub|U-turn|p2a: Corviknight\n|-resisted|p2a: Corviknight\n|-damage|p2a: Corviknight|93\/100\n|-damage|p1a: Beelzebuub|84\/100|[from] item: Rocky Helmet|[of] p2a: Corviknight\n|\n|t:|1700801884\n|switch|p1a: Jeremiah|Munkidori, M|100\/100|[from] U-turn\n|-damage|p1a: Jeremiah|88\/100|[from] Stealth Rock\n|-item|p2a: Corviknight|Rocky Helmet|[from] ability: Frisk|[of] p1a: Jeremiah|[identify]\n|\n|upkeep\n|turn|16\n|\n|t:|1700801891\n|switch|p2a: Heatran|Heatran, F|91\/100\n|move|p1a: Jeremiah|Parting Shot|p2a: Heatran\n|-unboost|p2a: Heatran|atk|1\n|-unboost|p2a: Heatran|spa|1\n|\n|t:|1700801896\n|switch|p1a: Virgin Mary|Alomomola, M|100\/100|[from] Parting Shot\n|-damage|p1a: Virgin Mary|88\/100|[from] Stealth Rock\n|\n|-heal|p2a: Heatran|97\/100|[from] item: Leftovers\n|-heal|p1a: Virgin Mary|94\/100|[from] item: Leftovers\n|upkeep\n|turn|17\n|\n|t:|1700801909\n|move|p2a: Heatran|Magma Storm|p1a: Virgin Mary\n|-resisted|p1a: Virgin Mary\n|-damage|p1a: Virgin Mary|81\/100\n|-activate|p1a: Virgin Mary|move: Magma Storm|[of] p2a: Heatran\n|move|p1a: Virgin Mary|Wish|p1a: Virgin Mary\n|\n|-heal|p2a: Heatran|100\/100|[from] item: Leftovers\n|-heal|p1a: Virgin Mary|88\/100|[from] item: Leftovers\n|-damage|p1a: Virgin Mary|75\/100|[from] move: Magma Storm|[partiallytrapped]\n|upkeep\n|turn|18\n|\n|t:|1700801919\n|move|p2a: Heatran|Protect|p2a: Heatran\n|-singleturn|p2a: Heatran|Protect\n|move|p1a: Virgin Mary|Flip Turn|p2a: Heatran\n|-activate|p2a: Heatran|move: Protect\n|\n|-heal|p1a: Virgin Mary|100\/100|[from] move: Wish|[wisher] Virgin Mary\n|-damage|p1a: Virgin Mary|88\/100|[from] move: Magma Storm|[partiallytrapped]\n|upkeep\n|turn|19\n|j| Lalis1103\n|\n|t:|1700801941\n|switch|p2a: Ogerpon|Ogerpon-Wellspring, F|100\/100\n|move|p1a: Virgin Mary|Flip Turn|p2a: Ogerpon\n|-immune|p2a: Ogerpon|[from] ability: Water Absorb\n|\n|-heal|p1a: Virgin Mary|94\/100|[from] item: Leftovers\n|-end|p1a: Virgin Mary|Magma Storm|[partiallytrapped]|[silent]\n|upkeep\n|turn|20\n|c| Alexmaya29|Jajaj\n|\n|t:|1700801951\n|switch|p1a: Beelzebuub|Corviknight, F|84\/100\n|-damage|p1a: Beelzebuub|71\/100|[from] Stealth Rock\n|-ability|p1a: Beelzebuub|Pressure\n|move|p2a: Ogerpon|Swords Dance|p2a: Ogerpon\n|-boost|p2a: Ogerpon|atk|2\n|\n|-heal|p1a: Beelzebuub|78\/100|[from] item: Leftovers\n|upkeep\n|turn|21\n|c| Alexmaya29|El juego era poison everything\n|c| Alexmaya29|Y derek con 4 aceros\n|\n|t:|1700801961\n|-terastallize|p2a: Ogerpon|Water\n|detailschange|p2a: Ogerpon|Ogerpon-Wellspring-Tera, F, tera:Water\n|-ability|p2a: Ogerpon|Embody Aspect (Wellspring)|boost\n|-boost|p2a: Ogerpon|spd|1\n|move|p2a: Ogerpon|Ivy Cudgel|p1a: Beelzebuub|[anim] Ivy Cudgel Water\n|-damage|p1a: Beelzebuub|0 fnt\n|faint|p1a: Beelzebuub\n|\n|upkeep\n|\n|t:|1700801972\n|switch|p1a: Jeremiah|Munkidori, M|88\/100\n|-damage|p1a: Jeremiah|76\/100|[from] Stealth Rock\n|-item|p2a: Ogerpon|Wellspring Mask|[from] ability: Frisk|[of] p1a: Jeremiah|[identify]\n|turn|22\n|c| Alexmaya29|Ya es gg\n|\n|t:|1700801983\n|move|p1a: Jeremiah|Psychic|p2a: Ogerpon\n|-damage|p2a: Ogerpon|60\/100\n|move|p2a: Ogerpon|Ivy Cudgel|p1a: Jeremiah|[anim] Ivy Cudgel Water\n|-crit|p1a: Jeremiah\n|-damage|p1a: Jeremiah|0 fnt\n|faint|p1a: Jeremiah\n|\n|upkeep\n|\n|t:|1700801986\n|switch|p1a: Lucifer|Grimmsnarl, M|100\/100\n|-damage|p1a: Lucifer|88\/100|[from] Stealth Rock\n|turn|23\n|c|\u2606GodKmi|Yeah\n|\n|t:|1700801997\n|-terastallize|p1a: Lucifer|Dark\n|move|p1a: Lucifer|Sucker Punch|p2a: Ogerpon\n|-damage|p2a: Ogerpon|0 fnt\n|faint|p2a: Ogerpon\n|\n|upkeep\n|\n|t:|1700802004\n|switch|p2a: Enamorus|Enamorus, F|100\/100\n|turn|24\n|\n|t:|1700802009\n|switch|p1a: Arcangel Miguel|Fezandipiti, M|100\/100\n|-damage|p1a: Arcangel Miguel|88\/100|[from] Stealth Rock\n|move|p2a: Enamorus|Moonblast|p1a: Arcangel Miguel\n|-resisted|p1a: Arcangel Miguel\n|-damage|p1a: Arcangel Miguel|67\/100\n|-unboost|p1a: Arcangel Miguel|spa|1\n|\n|-heal|p1a: Arcangel Miguel|73\/100|[from] item: Leftovers\n|upkeep\n|turn|25\n|c| Alexmaya29|Alv\n|\n|t:|1700802020\n|switch|p2a: Heatran|Heatran, F|100\/100\n|move|p1a: Arcangel Miguel|U-turn|p2a: Heatran\n|-resisted|p2a: Heatran\n|-damage|p2a: Heatran|97\/100\n|\n|t:|1700802023\n|switch|p1a: Manaphy|Manaphy|100\/100|[from] U-turn\n|-damage|p1a: Manaphy|88\/100|[from] Stealth Rock\n|\n|-heal|p1a: Manaphy|94\/100|[from] item: Leftovers\n|-heal|p2a: Heatran|100\/100|[from] item: Leftovers\n|upkeep\n|turn|26\n|c| Alexmaya29|Es banded\n|\n|t:|1700802034\n|switch|p2a: Enamorus|Enamorus, F|100\/100\n|move|p1a: Manaphy|Take Heart|p1a: Manaphy\n|-boost|p1a: Manaphy|spa|1\n|-boost|p1a: Manaphy|spd|1\n|\n|-heal|p1a: Manaphy|100\/100|[from] item: Leftovers\n|upkeep\n|turn|27\n|c| Alexmaya29|Fue el.que se culeo a rene\n|\n|t:|1700802043\n|move|p2a: Enamorus|Moonblast|p1a: Manaphy\n|-damage|p1a: Manaphy|57\/100\n|move|p1a: Manaphy|Take Heart|p1a: Manaphy\n|-boost|p1a: Manaphy|spa|1\n|-boost|p1a: Manaphy|spd|1\n|\n|-heal|p1a: Manaphy|63\/100|[from] item: Leftovers\n|upkeep\n|turn|28\n|\n|t:|1700802052\n|move|p2a: Enamorus|Moonblast|p1a: Manaphy\n|-damage|p1a: Manaphy|28\/100\n|-unboost|p1a: Manaphy|spa|1\n|move|p1a: Manaphy|Rest|p1a: Manaphy\n|-status|p1a: Manaphy|slp|[from] move: Rest\n|-heal|p1a: Manaphy|100\/100 slp|[silent]\n|\n|upkeep\n|turn|29\n|\n|t:|1700802060\n|move|p2a: Enamorus|Moonblast|p1a: Manaphy\n|-damage|p1a: Manaphy|71\/100 slp\n|-unboost|p1a: Manaphy|spa|1\n|cant|p1a: Manaphy|slp\n|move|p1a: Manaphy|Sleep Talk|p1a: Manaphy\n|move|p1a: Manaphy|Rest||[from]move: Sleep Talk|[still]\n|-fail|p1a: Manaphy\n|\n|-heal|p1a: Manaphy|77\/100 slp|[from] item: Leftovers\n|upkeep\n|turn|30\n|\n|t:|1700802079\n|move|p2a: Enamorus|Moonblast|p1a: Manaphy\n|-damage|p1a: Manaphy|45\/100 slp\n|cant|p1a: Manaphy|slp\n|move|p1a: Manaphy|Sleep Talk|p1a: Manaphy\n|move|p1a: Manaphy|Rest||[from]move: Sleep Talk|[still]\n|-fail|p1a: Manaphy\n|\n|-heal|p1a: Manaphy|51\/100 slp|[from] item: Leftovers\n|upkeep\n|turn|31\n|c|\u2606GodKmi|Diablo\n|\n|t:|1700802090\n|move|p2a: Enamorus|Moonblast|p1a: Manaphy\n|-damage|p1a: Manaphy|16\/100 slp\n|-curestatus|p1a: Manaphy|slp|[msg]\n|move|p1a: Manaphy|Rest|p1a: Manaphy\n|-status|p1a: Manaphy|slp|[from] move: Rest\n|-heal|p1a: Manaphy|100\/100 slp|[silent]\n|\n|upkeep\n|turn|32\n|c|\u2606GodKmi|pero que 4 turnos estos\n|c| Alexmaya29|C mamo\n|\n|t:|1700802108\n|move|p2a: Enamorus|Moonblast|p1a: Manaphy\n|-damage|p1a: Manaphy|68\/100 slp\n|-unboost|p1a: Manaphy|spa|1\n|cant|p1a: Manaphy|slp\n|move|p1a: Manaphy|Sleep Talk|p1a: Manaphy\n|move|p1a: Manaphy|Scald|p2a: Enamorus|[from]move: Sleep Talk\n|-damage|p2a: Enamorus|77\/100\n|\n|-heal|p1a: Manaphy|74\/100 slp|[from] item: Leftovers\n|upkeep\n|turn|33\n|c|\u2606GodKmi|Oye pero haz algo de servicio\n|c|\u2606GodKmi|maldito manaphy\n|\n|t:|1700802123\n|move|p2a: Enamorus|Moonblast|p1a: Manaphy\n|-damage|p1a: Manaphy|44\/100 slp\n|cant|p1a: Manaphy|slp\n|move|p1a: Manaphy|Sleep Talk|p1a: Manaphy\n|move|p1a: Manaphy|Scald|p2a: Enamorus|[from]move: Sleep Talk\n|-damage|p2a: Enamorus|48\/100\n|\n|-heal|p1a: Manaphy|50\/100 slp|[from] item: Leftovers\n|upkeep\n|turn|34\n|\n|t:|1700802136\n|move|p2a: Enamorus|Moonblast|p1a: Manaphy\n|-damage|p1a: Manaphy|20\/100 slp\n|-curestatus|p1a: Manaphy|slp|[msg]\n|move|p1a: Manaphy|Rest|p1a: Manaphy\n|-status|p1a: Manaphy|slp|[from] move: Rest\n|-heal|p1a: Manaphy|100\/100 slp|[silent]\n|\n|upkeep\n|turn|35\n|\n|t:|1700802146\n|move|p2a: Enamorus|Moonblast|p1a: Manaphy\n|-damage|p1a: Manaphy|69\/100 slp\n|cant|p1a: Manaphy|slp\n|move|p1a: Manaphy|Sleep Talk|p1a: Manaphy\n|move|p1a: Manaphy|Scald|p2a: Enamorus|[from]move: Sleep Talk\n|-damage|p2a: Enamorus|23\/100\n|\n|-heal|p1a: Manaphy|75\/100 slp|[from] item: Leftovers\n|upkeep\n|turn|36\n|c|\u2606GodKmi|TAKE HEART\n|c|\u2606GodKmi|DAMN\n|\n|t:|1700802160\n|switch|p2a: Gholdengo|Gholdengo|100\/100\n|cant|p1a: Manaphy|slp\n|move|p1a: Manaphy|Sleep Talk|p1a: Manaphy\n|move|p1a: Manaphy|Scald|p2a: Gholdengo|[from]move: Sleep Talk\n|-damage|p2a: Gholdengo|79\/100\n|\n|-heal|p1a: Manaphy|81\/100 slp|[from] item: Leftovers\n|upkeep\n|turn|37\n|\n|t:|1700802172\n|switch|p1a: Virgin Mary|Alomomola, M|100\/100\n|-damage|p1a: Virgin Mary|88\/100|[from] Stealth Rock\n|move|p2a: Gholdengo|Nasty Plot|p2a: Gholdengo\n|-boost|p2a: Gholdengo|spa|2\n|\n|-heal|p1a: Virgin Mary|94\/100|[from] item: Leftovers\n|upkeep\n|turn|38\n|\n|t:|1700802181\n|move|p2a: Gholdengo|Shadow Ball|p1a: Virgin Mary\n|-damage|p1a: Virgin Mary|23\/100\n|move|p1a: Virgin Mary|Mirror Coat|p2a: Gholdengo\n|-damage|p2a: Gholdengo|0 fnt\n|faint|p2a: Gholdengo\n|\n|-heal|p1a: Virgin Mary|29\/100|[from] item: Leftovers\n|upkeep\n|\n|t:|1700802192\n|switch|p2a: Enamorus|Enamorus, F|23\/100\n|turn|39\n|\n|t:|1700802195\n|move|p1a: Virgin Mary|Protect|p1a: Virgin Mary\n|-singleturn|p1a: Virgin Mary|Protect\n|move|p2a: Enamorus|Psychic|p1a: Virgin Mary\n|-activate|p1a: Virgin Mary|move: Protect\n|\n|-heal|p1a: Virgin Mary|35\/100|[from] item: Leftovers\n|upkeep\n|turn|40\n|\n|t:|1700802207\n|switch|p2a: Corviknight|Corviknight, F|93\/100\n|-ability|p2a: Corviknight|Pressure\n|switch|p1a: Lucifer|Grimmsnarl, M, tera:Dark|88\/100\n|-damage|p1a: Lucifer|76\/100|[from] Stealth Rock\n|\n|upkeep\n|turn|41\n|\n|t:|1700802217\n|switch|p1a: Virgin Mary|Alomomola, M|69\/100\n|-damage|p1a: Virgin Mary|56\/100|[from] Stealth Rock\n|move|p2a: Corviknight|U-turn|p1a: Virgin Mary\n|-damage|p1a: Virgin Mary|48\/100\n|\n|t:|1700802235\n|switch|p2a: Enamorus|Enamorus, F|23\/100|[from] U-turn\n|\n|-heal|p1a: Virgin Mary|54\/100|[from] item: Leftovers\n|upkeep\n|turn|42\n|\n|t:|1700802242\n|move|p1a: Virgin Mary|Protect|p1a: Virgin Mary\n|-singleturn|p1a: Virgin Mary|Protect\n|move|p2a: Enamorus|Moonblast|p1a: Virgin Mary\n|-activate|p1a: Virgin Mary|move: Protect\n|\n|-heal|p1a: Virgin Mary|60\/100|[from] item: Leftovers\n|upkeep\n|turn|43\n|\n|t:|1700802250\n|switch|p1a: Arcangel Miguel|Fezandipiti, M|73\/100\n|-damage|p1a: Arcangel Miguel|61\/100|[from] Stealth Rock\n|move|p2a: Enamorus|Moonblast|p1a: Arcangel Miguel\n|-resisted|p1a: Arcangel Miguel\n|-damage|p1a: Arcangel Miguel|38\/100\n|-unboost|p1a: Arcangel Miguel|spa|1\n|\n|-heal|p1a: Arcangel Miguel|44\/100|[from] item: Leftovers\n|upkeep\n|turn|44\n|\n|t:|1700802262\n|switch|p2a: Heatran|Heatran, F|100\/100\n|move|p1a: Arcangel Miguel|U-turn|p2a: Heatran\n|-resisted|p2a: Heatran\n|-damage|p2a: Heatran|98\/100\n|\n|t:|1700802264\n|switch|p1a: Virgin Mary|Alomomola, M|93\/100|[from] U-turn\n|-damage|p1a: Virgin Mary|81\/100|[from] Stealth Rock\n|\n|-heal|p2a: Heatran|100\/100|[from] item: Leftovers\n|-heal|p1a: Virgin Mary|87\/100|[from] item: Leftovers\n|upkeep\n|turn|45\n|\n|t:|1700802275\n|move|p2a: Heatran|Magma Storm|p1a: Virgin Mary\n|-resisted|p1a: Virgin Mary\n|-damage|p1a: Virgin Mary|69\/100\n|-activate|p1a: Virgin Mary|move: Magma Storm|[of] p2a: Heatran\n|move|p1a: Virgin Mary|Wish|p1a: Virgin Mary\n|\n|-heal|p1a: Virgin Mary|75\/100|[from] item: Leftovers\n|-damage|p1a: Virgin Mary|62\/100|[from] move: Magma Storm|[partiallytrapped]\n|upkeep\n|turn|46\n|\n|t:|1700802284\n|move|p2a: Heatran|Protect|p2a: Heatran\n|-singleturn|p2a: Heatran|Protect\n|move|p1a: Virgin Mary|Flip Turn|p2a: Heatran\n|-activate|p2a: Heatran|move: Protect\n|\n|-heal|p1a: Virgin Mary|100\/100|[from] move: Wish|[wisher] Virgin Mary\n|-damage|p1a: Virgin Mary|88\/100|[from] move: Magma Storm|[partiallytrapped]\n|upkeep\n|turn|47\n|l| Alexmaya29\n|\n|t:|1700802296\n|move|p2a: Heatran|Earth Power|p1a: Virgin Mary\n|-damage|p1a: Virgin Mary|66\/100\n|move|p1a: Virgin Mary|Wish|p1a: Virgin Mary\n|\n|-heal|p1a: Virgin Mary|72\/100|[from] item: Leftovers\n|-damage|p1a: Virgin Mary|60\/100|[from] move: Magma Storm|[partiallytrapped]\n|upkeep\n|turn|48\n|\n|t:|1700802305\n|move|p2a: Heatran|Protect|p2a: Heatran\n|-singleturn|p2a: Heatran|Protect\n|move|p1a: Virgin Mary|Flip Turn|p2a: Heatran\n|-activate|p2a: Heatran|move: Protect\n|\n|-heal|p1a: Virgin Mary|100\/100|[from] move: Wish|[wisher] Virgin Mary\n|-damage|p1a: Virgin Mary|88\/100|[from] move: Magma Storm|[partiallytrapped]\n|upkeep\n|turn|49\n|j| Alexmaya29\n|\n|t:|1700802339\n|switch|p2a: Enamorus|Enamorus, F|23\/100\n|move|p1a: Virgin Mary|Wish|p1a: Virgin Mary\n|\n|-heal|p1a: Virgin Mary|94\/100|[from] item: Leftovers\n|-end|p1a: Virgin Mary|Magma Storm|[partiallytrapped]\n|upkeep\n|turn|50\n|\n|t:|1700802346\n|move|p2a: Enamorus|Moonblast|p1a: Virgin Mary\n|-damage|p1a: Virgin Mary|33\/100\n|move|p1a: Virgin Mary|Flip Turn|p2a: Enamorus\n|-damage|p2a: Enamorus|0 fnt\n|faint|p2a: Enamorus\n|\n|t:|1700802350\n|switch|p1a: Lucifer|Grimmsnarl, M, tera:Dark|76\/100|[from] Flip Turn\n|-damage|p1a: Lucifer|63\/100|[from] Stealth Rock\n|\n|-heal|p1a: Lucifer|100\/100|[from] move: Wish|[wisher] Virgin Mary\n|upkeep\n|\n|t:|1700802373\n|switch|p2a: Heatran|Heatran, F|100\/100\n|turn|51\n|\n|t:|1700802378\n|switch|p1a: Virgin Mary|Alomomola, M|66\/100\n|-damage|p1a: Virgin Mary|54\/100|[from] Stealth Rock\n|move|p2a: Heatran|Magma Storm|p1a: Virgin Mary\n|-resisted|p1a: Virgin Mary\n|-damage|p1a: Virgin Mary|35\/100\n|-activate|p1a: Virgin Mary|move: Magma Storm|[of] p2a: Heatran\n|\n|-heal|p1a: Virgin Mary|41\/100|[from] item: Leftovers\n|-damage|p1a: Virgin Mary|29\/100|[from] move: Magma Storm|[partiallytrapped]\n|upkeep\n|turn|52\n|\n|t:|1700802389\n|move|p2a: Heatran|Earth Power|p1a: Virgin Mary\n|-damage|p1a: Virgin Mary|5\/100\n|move|p1a: Virgin Mary|Wish|p1a: Virgin Mary\n|\n|-heal|p1a: Virgin Mary|11\/100|[from] item: Leftovers\n|-damage|p1a: Virgin Mary|0 fnt|[from] move: Magma Storm|[partiallytrapped]\n|faint|p1a: Virgin Mary\n|upkeep\n|\n|t:|1700802392\n|switch|p1a: Manaphy|Manaphy|81\/100 slp\n|-damage|p1a: Manaphy|69\/100 slp|[from] Stealth Rock\n|turn|53\n|c| Alexmaya29|Drain Punch banded\n|c| Alexmaya29|Ope\n|c|\u2606GodKmi|xD Nah\n|\n|t:|1700802402\n|switch|p2a: Kingambit|Kingambit, M|100\/100\n|-activate|p2a: Kingambit|ability: Supreme Overlord\n|-start|p2a: Kingambit|fallen3|[silent]\n|-curestatus|p1a: Manaphy|slp|[msg]\n|move|p1a: Manaphy|Take Heart|p1a: Manaphy\n|-boost|p1a: Manaphy|spa|1\n|-boost|p1a: Manaphy|spd|1\n|\n|-heal|p1a: Manaphy|100\/100|[from] move: Wish|[wisher] Virgin Mary\n|upkeep\n|turn|54\n|\n|t:|1700802416\n|move|p1a: Manaphy|Scald|p2a: Kingambit\n|-damage|p2a: Kingambit|53\/100\n|move|p2a: Kingambit|Swords Dance|p2a: Kingambit\n|-boost|p2a: Kingambit|atk|2\n|\n|upkeep\n|turn|55\n|\n|t:|1700802423\n|move|p2a: Kingambit|Sucker Punch|p1a: Manaphy\n|-damage|p1a: Manaphy|29\/100\n|move|p1a: Manaphy|Scald|p2a: Kingambit\n|-damage|p2a: Kingambit|4\/100\n|\n|-heal|p1a: Manaphy|35\/100|[from] item: Leftovers\n|upkeep\n|turn|56\n|\n|t:|1700802433\n|switch|p1a: Arcangel Miguel|Fezandipiti, M|44\/100\n|-damage|p1a: Arcangel Miguel|32\/100|[from] Stealth Rock\n|move|p2a: Kingambit|Sucker Punch||[still]\n|-fail|p2a: Kingambit\n|\n|-heal|p1a: Arcangel Miguel|38\/100|[from] item: Leftovers\n|upkeep\n|turn|57\n|\n|t:|1700802441\n|move|p2a: Kingambit|Sucker Punch||[still]\n|-fail|p2a: Kingambit\n|move|p1a: Arcangel Miguel|Roost|p1a: Arcangel Miguel\n|-heal|p1a: Arcangel Miguel|88\/100\n|-singleturn|p1a: Arcangel Miguel|move: Roost\n|\n|-heal|p1a: Arcangel Miguel|94\/100|[from] item: Leftovers\n|upkeep\n|turn|58\n|\n|t:|1700802449\n|move|p2a: Kingambit|Sucker Punch|p1a: Arcangel Miguel\n|-resisted|p1a: Arcangel Miguel\n|-damage|p1a: Arcangel Miguel|32\/100\n|move|p1a: Arcangel Miguel|U-turn|p2a: Kingambit\n|-damage|p2a: Kingambit|0 fnt\n|faint|p2a: Kingambit\n|-end|p2a: Kingambit|fallen3|[silent]\n|\n|t:|1700802452\n|switch|p1a: Manaphy|Manaphy|35\/100|[from] U-turn\n|-damage|p1a: Manaphy|23\/100|[from] Stealth Rock\n|\n|-heal|p1a: Manaphy|29\/100|[from] item: Leftovers\n|upkeep\n|\n|t:|1700802464\n|switch|p2a: Corviknight|Corviknight, F|93\/100\n|-ability|p2a: Corviknight|Pressure\n|turn|59\n|\n|t:|1700802468\n|move|p1a: Manaphy|Rest|p1a: Manaphy\n|-status|p1a: Manaphy|slp|[from] move: Rest\n|-heal|p1a: Manaphy|100\/100 slp|[silent]\n|move|p2a: Corviknight|Brave Bird|p1a: Manaphy\n|-damage|p1a: Manaphy|77\/100 slp\n|-damage|p2a: Corviknight|86\/100|[from] Recoil\n|\n|-heal|p1a: Manaphy|83\/100 slp|[from] item: Leftovers\n|upkeep\n|turn|60\n|\n|t:|1700802479\n|cant|p1a: Manaphy|slp\n|move|p1a: Manaphy|Sleep Talk|p1a: Manaphy\n|move|p1a: Manaphy|Take Heart|p1a: Manaphy|[from]move: Sleep Talk\n|-boost|p1a: Manaphy|spa|1\n|-boost|p1a: Manaphy|spd|1\n|-curestatus|p1a: Manaphy|slp|[msg]\n|move|p2a: Corviknight|Brave Bird|p1a: Manaphy\n|-damage|p1a: Manaphy|60\/100\n|-damage|p2a: Corviknight|78\/100|[from] Recoil\n|\n|-heal|p1a: Manaphy|66\/100|[from] item: Leftovers\n|upkeep\n|turn|61\n|c|\u2606GodKmi|Alexmaya29: Ya es gg\n|c|\u2606RR_Uzui|Jajajaja\n|c|\u2606RR_Uzui|Ya vali\u00f3 vrga\n|\n|t:|1700802496\n|move|p1a: Manaphy|Take Heart|p1a: Manaphy\n|-boost|p1a: Manaphy|spa|1\n|-boost|p1a: Manaphy|spd|1\n|move|p2a: Corviknight|Brave Bird|p1a: Manaphy\n|-damage|p1a: Manaphy|44\/100\n|-damage|p2a: Corviknight|70\/100|[from] Recoil\n|\n|-heal|p1a: Manaphy|50\/100|[from] item: Leftovers\n|upkeep\n|turn|62\n|\n|t:|1700802505\n|move|p1a: Manaphy|Rest|p1a: Manaphy\n|-status|p1a: Manaphy|slp|[from] move: Rest\n|-heal|p1a: Manaphy|100\/100 slp|[silent]\n|move|p2a: Corviknight|Brave Bird|p1a: Manaphy\n|-damage|p1a: Manaphy|77\/100 slp\n|-damage|p2a: Corviknight|63\/100|[from] Recoil\n|\n|-heal|p1a: Manaphy|84\/100 slp|[from] item: Leftovers\n|upkeep\n|turn|63\n|\n|t:|1700802516\n|cant|p1a: Manaphy|slp\n|move|p1a: Manaphy|Sleep Talk|p1a: Manaphy\n|move|p1a: Manaphy|Rest||[from]move: Sleep Talk|[still]\n|-fail|p1a: Manaphy\n|move|p2a: Corviknight|U-turn|p1a: Manaphy\n|-damage|p1a: Manaphy|74\/100 slp\n|c|\u2606GodKmi|** me mete 3 crits seguidos por andar de mrk **\n|\n|t:|1700802530\n|switch|p2a: Heatran|Heatran, F|100\/100|[from] U-turn\n|\n|-heal|p1a: Manaphy|80\/100 slp|[from] item: Leftovers\n|upkeep\n|turn|64\n|\n|t:|1700802536\n|cant|p1a: Manaphy|slp\n|move|p1a: Manaphy|Sleep Talk|p1a: Manaphy\n|move|p1a: Manaphy|Rest||[from]move: Sleep Talk|[still]\n|-fail|p1a: Manaphy\n|move|p2a: Heatran|Magma Storm|p1a: Manaphy\n|-resisted|p1a: Manaphy\n|-damage|p1a: Manaphy|70\/100 slp\n|-activate|p1a: Manaphy|move: Magma Storm|[of] p2a: Heatran\n|\n|-heal|p1a: Manaphy|76\/100 slp|[from] item: Leftovers\n|-damage|p1a: Manaphy|64\/100 slp|[from] move: Magma Storm|[partiallytrapped]\n|upkeep\n|turn|65\n|\n|t:|1700802556\n|-curestatus|p1a: Manaphy|slp|[msg]\n|move|p1a: Manaphy|Take Heart|p1a: Manaphy\n|-boost|p1a: Manaphy|spa|1\n|-boost|p1a: Manaphy|spd|1\n|move|p2a: Heatran|Earth Power|p1a: Manaphy\n|-damage|p1a: Manaphy|55\/100\n|\n|-heal|p1a: Manaphy|61\/100|[from] item: Leftovers\n|-damage|p1a: Manaphy|49\/100|[from] move: Magma Storm|[partiallytrapped]\n|upkeep\n|turn|66\n|\n|t:|1700802567\n|move|p1a: Manaphy|Rest|p1a: Manaphy\n|-status|p1a: Manaphy|slp|[from] move: Rest\n|-heal|p1a: Manaphy|100\/100 slp|[silent]\n|move|p2a: Heatran|Earth Power|p1a: Manaphy\n|-damage|p1a: Manaphy|92\/100 slp\n|\n|-heal|p1a: Manaphy|99\/100 slp|[from] item: Leftovers\n|-damage|p1a: Manaphy|86\/100 slp|[from] move: Magma Storm|[partiallytrapped]\n|upkeep\n|turn|67\n|\n|t:|1700802582\n|cant|p1a: Manaphy|slp\n|move|p1a: Manaphy|Sleep Talk|p1a: Manaphy\n|move|p1a: Manaphy|Rest||[from]move: Sleep Talk|[still]\n|-fail|p1a: Manaphy\n|move|p2a: Heatran|Earth Power|p1a: Manaphy\n|-damage|p1a: Manaphy|78\/100 slp\n|\n|-heal|p1a: Manaphy|84\/100 slp|[from] item: Leftovers\n|-damage|p1a: Manaphy|72\/100 slp|[from] move: Magma Storm|[partiallytrapped]\n|upkeep\n|turn|68\n|c|\u2606GodKmi|pedazo de baba amorfa esta\n|c|\u2606GodKmi|Haz algo util\n|\n|t:|1700802605\n|cant|p1a: Manaphy|slp\n|move|p1a: Manaphy|Sleep Talk|p1a: Manaphy\n|move|p1a: Manaphy|Take Heart|p1a: Manaphy|[from]move: Sleep Talk\n|-boost|p1a: Manaphy|spa|1\n|-boost|p1a: Manaphy|spd|1\n|-curestatus|p1a: Manaphy|slp|[msg]\n|move|p2a: Heatran|Earth Power|p1a: Manaphy\n|-damage|p1a: Manaphy|64\/100\n|\n|-heal|p1a: Manaphy|71\/100|[from] item: Leftovers\n|-damage|p1a: Manaphy|58\/100|[from] move: Magma Storm|[partiallytrapped]\n|upkeep\n|turn|69\n|\n|t:|1700802619\n|move|p1a: Manaphy|Scald|p2a: Heatran\n|-supereffective|p2a: Heatran\n|-damage|p2a: Heatran|4\/100\n|move|p2a: Heatran|Earth Power|p1a: Manaphy\n|-damage|p1a: Manaphy|51\/100\n|\n|-heal|p1a: Manaphy|57\/100|[from] item: Leftovers\n|-heal|p2a: Heatran|10\/100|[from] item: Leftovers\n|-end|p1a: Manaphy|Magma Storm|[partiallytrapped]\n|upkeep\n|turn|70\n|c|\u2606RR_Uzui|Alv\n|\n|t:|1700802630\n|move|p1a: Manaphy|Scald|p2a: Heatran\n|-supereffective|p2a: Heatran\n|-damage|p2a: Heatran|0 fnt\n|faint|p2a: Heatran\n|\n|-heal|p1a: Manaphy|63\/100|[from] item: Leftovers\n|upkeep\n|\n|t:|1700802637\n|switch|p2a: Corviknight|Corviknight, F|63\/100\n|-ability|p2a: Corviknight|Pressure\n|turn|71\n|c|\u2606GodKmi|El pokemon con spdef infinita no existe\n|c|\u2606GodKmi|El pokemon con spdef infinita:\n|\n|t:|1700802646\n|move|p1a: Manaphy|Scald|p2a: Corviknight\n|-damage|p2a: Corviknight|0 fnt\n|faint|p2a: Corviknight\n|\n|win|GodKmi\n|l| Lalis1103\n|c| Alexmaya29|Manaphy god\n|l| Alexmaya29\n","uploadtime":1700802651,"views":2,"p1id":"godkmi","p2id":"rruzui","formatid":"gen9ou","rating":0,"private":0,"password":""}