{"id":"gen9ou-1994247508","p1":"darkmaster","p2":"CoolMeDownB","format":"[Gen 9] OU","log":"|j|\u2606darkmaster\n|j|\u2606CoolMeDownB\n|inactive|Battle timer is ON: inactive players will automatically lose when time's up.\n|t:|1700423165\n|gametype|singles\n|player|p1|darkmaster|palmer|\n|player|p2|CoolMeDownB|crasherwake|\n|teamsize|p1|6\n|teamsize|p2|6\n|gen|9\n|tier|[Gen 9] OU\n|rated|Tournament battle\n|rule|Sleep Clause Mod: Limit one foe put to sleep\n|rule|Species Clause: Limit one of each Pok\u00e9mon\n|rule|OHKO Clause: OHKO moves are banned\n|rule|Evasion Items Clause: Evasion items are banned\n|rule|Evasion Moves Clause: Evasion moves are banned\n|rule|Endless Battle Clause: Forcing endless battles is banned\n|rule|HP Percentage Mod: HP is shown in percentages\n|clearpoke\n|poke|p1|Rillaboom, M|\n|poke|p1|Great Tusk|\n|poke|p1|Slowking-Galar, F|\n|poke|p1|Gholdengo|\n|poke|p1|Dragonite, M|\n|poke|p1|Cinderace, M|\n|poke|p2|Samurott-Hisui, F|\n|poke|p2|Great Tusk|\n|poke|p2|Kingambit, F|\n|poke|p2|Slowking-Galar, M|\n|poke|p2|Ninetales-Alola, F|\n|poke|p2|Dragapult, M|\n|teampreview\n|inactive|darkmaster also wants the timer to be on.\n|c|\u2606CoolMeDownB|gl\n|j| foyersemeric\n|j| loopydoo\n|l| loopydoo\n|inactive|darkmaster has 120 seconds left.\n|\n|t:|1700423208\n|start\n|switch|p1a: Cinderace|Cinderace, M, shiny|100\/100\n|switch|p2a: rapid spin me rn|Dragapult, M|100\/100\n|turn|1\n|\n|t:|1700423221\n|switch|p1a: Slowking|Slowking-Galar, F|100\/100\n|move|p2a: rapid spin me rn|Draco Meteor|p1a: Slowking|[miss]\n|-miss|p2a: rapid spin me rn|p1a: Slowking\n|\n|upkeep\n|turn|2\n|\n|t:|1700423239\n|switch|p2a: best mon|Samurott-Hisui, F|100\/100\n|move|p1a: Slowking|Thunder Wave|p2a: best mon\n|-status|p2a: best mon|par\n|\n|upkeep\n|turn|3\n|\n|t:|1700423252\n|switch|p1a: Great Tusk|Great Tusk, shiny|100\/100\n|move|p2a: best mon|Razor Shell|p1a: Great Tusk\n|-supereffective|p1a: Great Tusk\n|-damage|p1a: Great Tusk|42\/100\n|\n|upkeep\n|turn|4\n|j| my unowns\n|l| my unowns\n|\n|t:|1700423276\n|-end|p1a: Great Tusk|Protosynthesis|[silent]\n|switch|p1a: Slowking|Slowking-Galar, F|100\/100\n|switch|p2a: big guy|Great Tusk, shiny|100\/100\n|\n|upkeep\n|turn|5\n|\n|t:|1700423284\n|switch|p1a: Dragonite|Dragonite, M, shiny|100\/100\n|move|p2a: big guy|Knock Off|p1a: Dragonite\n|-damage|p1a: Dragonite|82\/100\n|-enditem|p1a: Dragonite|Heavy-Duty Boots|[from] move: Knock Off|[of] p2a: big guy\n|\n|upkeep\n|turn|6\n|inactive|darkmaster has 120 seconds left.\n|\n|t:|1700423305\n|switch|p1a: Slowking|Slowking-Galar, F|100\/100\n|move|p2a: big guy|Ice Spinner|p1a: Slowking\n|-damage|p1a: Slowking|81\/100\n|\n|upkeep\n|turn|7\n|inactive|darkmaster has 120 seconds left.\n|\n|t:|1700423323\n|move|p2a: big guy|Headlong Rush|p1a: Slowking\n|-supereffective|p1a: Slowking\n|-damage|p1a: Slowking|0 fnt\n|-unboost|p2a: big guy|def|1\n|-unboost|p2a: big guy|spd|1\n|faint|p1a: Slowking\n|\n|upkeep\n|\n|t:|1700423328\n|switch|p1a: Rillaboom|Rillaboom, M, shiny|100\/100\n|-fieldstart|move: Grassy Terrain|[from] ability: Grassy Surge|[of] p1a: Rillaboom\n|turn|8\n|\n|t:|1700423336\n|-end|p2a: big guy|Protosynthesis|[silent]\n|switch|p2a: rapid spin me rn|Dragapult, M|100\/100\n|move|p1a: Rillaboom|Wood Hammer|p2a: rapid spin me rn\n|-resisted|p2a: rapid spin me rn\n|-damage|p2a: rapid spin me rn|14\/100\n|-damage|p1a: Rillaboom|74\/100|[from] Recoil\n|\n|-heal|p2a: rapid spin me rn|20\/100|[from] Grassy Terrain\n|-heal|p1a: Rillaboom|80\/100|[from] Grassy Terrain\n|upkeep\n|turn|9\n|inactive|darkmaster has 120 seconds left.\n|\n|t:|1700423357\n|switch|p1a: Gholdengo|Gholdengo, shiny|100\/100\n|-item|p1a: Gholdengo|Air Balloon\n|move|p2a: rapid spin me rn|Draco Meteor|p1a: Gholdengo\n|-resisted|p1a: Gholdengo\n|-damage|p1a: Gholdengo|65\/100\n|-unboost|p2a: rapid spin me rn|spa|2\n|-enditem|p1a: Gholdengo|Air Balloon\n|\n|-heal|p2a: rapid spin me rn|26\/100|[from] Grassy Terrain\n|-heal|p1a: Gholdengo|71\/100|[from] Grassy Terrain\n|upkeep\n|turn|10\n|inactive|darkmaster has 120 seconds left.\n|\n|t:|1700423371\n|move|p2a: rapid spin me rn|Shadow Ball|p1a: Gholdengo\n|-supereffective|p1a: Gholdengo\n|-damage|p1a: Gholdengo|17\/100\n|move|p1a: Gholdengo|Nasty Plot|p1a: Gholdengo\n|-boost|p1a: Gholdengo|spa|2\n|\n|-heal|p2a: rapid spin me rn|32\/100|[from] Grassy Terrain\n|-heal|p1a: Gholdengo|23\/100|[from] Grassy Terrain\n|upkeep\n|turn|11\n|inactive|darkmaster has 120 seconds left.\n|\n|t:|1700423378\n|move|p2a: rapid spin me rn|Shadow Ball|p1a: Gholdengo\n|-supereffective|p1a: Gholdengo\n|-damage|p1a: Gholdengo|0 fnt\n|faint|p1a: Gholdengo\n|\n|-heal|p2a: rapid spin me rn|38\/100|[from] Grassy Terrain\n|upkeep\n|inactive|darkmaster has 120 seconds left.\n|\n|t:|1700423400\n|switch|p1a: Rillaboom|Rillaboom, M, shiny|80\/100\n|turn|12\n|\n|t:|1700423415\n|switch|p2a: big head|Slowking-Galar, M|100\/100\n|move|p1a: Rillaboom|Grassy Glide|p2a: big head\n|-resisted|p2a: big head\n|-crit|p2a: big head\n|-damage|p2a: big head|57\/100\n|\n|-heal|p1a: Rillaboom|86\/100|[from] Grassy Terrain\n|-heal|p2a: big head|63\/100|[from] Grassy Terrain\n|-fieldend|move: Grassy Terrain\n|upkeep\n|turn|13\n|\n|t:|1700423422\n|switch|p1a: Cinderace|Cinderace, M, shiny|100\/100\n|move|p2a: big head|Future Sight|p1a: Cinderace\n|-start|p2a: big head|move: Future Sight\n|\n|upkeep\n|turn|14\n|inactive|darkmaster has 120 seconds left.\n|\n|t:|1700423434\n|move|p1a: Cinderace|Pyro Ball|p2a: big head|[miss]\n|-miss|p1a: Cinderace|p2a: big head\n|move|p2a: big head|Surf|p1a: Cinderace\n|-supereffective|p1a: Cinderace\n|-damage|p1a: Cinderace|48\/100\n|\n|upkeep\n|turn|15\n|inactive|darkmaster has 120 seconds left.\n|\n|t:|1700423458\n|switch|p2a: best mon|Samurott-Hisui, F|100\/100 par\n|move|p1a: Cinderace|U-turn|p2a: best mon\n|-supereffective|p2a: best mon\n|-damage|p2a: best mon|74\/100 par\n|-damage|p1a: Cinderace|31\/100|[from] item: Rocky Helmet|[of] p2a: best mon\n|\n|t:|1700423460\n|switch|p1a: Great Tusk|Great Tusk, shiny|42\/100|[from] U-turn\n|\n|-end|p1a: Great Tusk|move: Future Sight\n|-supereffective|p1a: Great Tusk\n|-damage|p1a: Great Tusk|0 fnt\n|faint|p1a: Great Tusk\n|-end|p1a: Great Tusk|Protosynthesis|[silent]\n|upkeep\n|\n|t:|1700423463\n|switch|p1a: Rillaboom|Rillaboom, M, shiny|86\/100\n|-fieldstart|move: Grassy Terrain|[from] ability: Grassy Surge|[of] p1a: Rillaboom\n|turn|16\n|\n|t:|1700423473\n|move|p1a: Rillaboom|Wood Hammer|p2a: best mon\n|-supereffective|p2a: best mon\n|-damage|p2a: best mon|0 fnt\n|-damage|p1a: Rillaboom|70\/100|[from] item: Rocky Helmet|[of] p2a: best mon\n|faint|p2a: best mon\n|-damage|p1a: Rillaboom|43\/100|[from] Recoil\n|\n|-heal|p1a: Rillaboom|49\/100|[from] Grassy Terrain\n|upkeep\n|\n|t:|1700423475\n|switch|p2a: rapid spin me rn|Dragapult, M|38\/100\n|turn|17\n|\n|t:|1700423482\n|switch|p1a: Cinderace|Cinderace, M, shiny|31\/100\n|move|p2a: rapid spin me rn|Draco Meteor|p1a: Cinderace\n|-damage|p1a: Cinderace|0 fnt\n|-unboost|p2a: rapid spin me rn|spa|2\n|faint|p1a: Cinderace\n|\n|-heal|p2a: rapid spin me rn|44\/100|[from] Grassy Terrain\n|upkeep\n|\n|t:|1700423489\n|switch|p1a: Rillaboom|Rillaboom, M, shiny|49\/100\n|turn|18\n|\n|t:|1700423494\n|move|p2a: rapid spin me rn|Fire Blast|p1a: Rillaboom\n|-supereffective|p1a: Rillaboom\n|-damage|p1a: Rillaboom|1\/100\n|move|p1a: Rillaboom|Wood Hammer|p2a: rapid spin me rn\n|-resisted|p2a: rapid spin me rn\n|-damage|p2a: rapid spin me rn|0 fnt\n|faint|p2a: rapid spin me rn\n|-damage|p1a: Rillaboom|0 fnt|[from] Recoil\n|faint|p1a: Rillaboom\n|\n|upkeep\n|\n|t:|1700423503\n|switch|p2a: Elsa|Ninetales-Alola, F, shiny|100\/100\n|switch|p1a: Dragonite|Dragonite, M, shiny|82\/100\n|-weather|Snow|[from] ability: Snow Warning|[of] p2a: Elsa\n|turn|19\n|\n|t:|1700423519\n|-terastallize|p1a: Dragonite|Normal\n|move|p2a: Elsa|Aurora Veil|p2a: Elsa\n|-sidestart|p2: CoolMeDownB|move: Aurora Veil\n|move|p1a: Dragonite|Roost|p1a: Dragonite\n|-heal|p1a: Dragonite|100\/100\n|\n|-weather|Snow|[upkeep]\n|upkeep\n|turn|20\n|\n|t:|1700423522\n|move|p2a: Elsa|Encore|p1a: Dragonite\n|-start|p1a: Dragonite|Encore\n|move|p1a: Dragonite|Roost||[still]\n|-fail|p1a: Dragonite|heal\n|\n|-weather|Snow|[upkeep]\n|-fieldend|move: Grassy Terrain\n|upkeep\n|turn|21\n|\n|t:|1700423526\n|move|p2a: Elsa|Freeze-Dry|p1a: Dragonite\n|-damage|p1a: Dragonite|90\/100\n|move|p1a: Dragonite|Roost|p1a: Dragonite\n|-heal|p1a: Dragonite|100\/100\n|\n|-weather|Snow|[upkeep]\n|upkeep\n|turn|22\n|\n|t:|1700423529\n|move|p2a: Elsa|Freeze-Dry|p1a: Dragonite\n|-damage|p1a: Dragonite|91\/100\n|move|p1a: Dragonite|Roost|p1a: Dragonite\n|-heal|p1a: Dragonite|100\/100\n|\n|-weather|Snow|[upkeep]\n|-end|p1a: Dragonite|Encore\n|upkeep\n|turn|23\n|\n|t:|1700423531\n|move|p2a: Elsa|Encore|p1a: Dragonite\n|-start|p1a: Dragonite|Encore\n|move|p1a: Dragonite|Roost||[still]\n|-fail|p1a: Dragonite|heal\n|\n|-weather|none\n|upkeep\n|turn|24\n|\n|t:|1700423533\n|move|p2a: Elsa|Freeze-Dry|p1a: Dragonite\n|-damage|p1a: Dragonite|90\/100\n|move|p1a: Dragonite|Roost|p1a: Dragonite\n|-heal|p1a: Dragonite|100\/100\n|\n|upkeep\n|turn|25\n|\n|t:|1700423536\n|move|p2a: Elsa|Freeze-Dry|p1a: Dragonite\n|-damage|p1a: Dragonite|90\/100\n|move|p1a: Dragonite|Roost|p1a: Dragonite\n|-heal|p1a: Dragonite|100\/100\n|\n|-end|p1a: Dragonite|Encore\n|upkeep\n|turn|26\n|\n|t:|1700423541\n|move|p1a: Dragonite|Extreme Speed|p2a: Elsa\n|-damage|p2a: Elsa|73\/100\n|move|p2a: Elsa|Encore|p1a: Dragonite\n|-start|p1a: Dragonite|Encore\n|\n|-sideend|p2: CoolMeDownB|move: Aurora Veil\n|upkeep\n|turn|27\n|\n|t:|1700423553\n|move|p1a: Dragonite|Extreme Speed|p2a: Elsa\n|-damage|p2a: Elsa|12\/100\n|move|p2a: Elsa|Freeze-Dry|p1a: Dragonite\n|-damage|p1a: Dragonite|89\/100\n|\n|upkeep\n|turn|28\n|\n|t:|1700423563\n|-terastallize|p2a: Elsa|Ghost\n|move|p1a: Dragonite|Extreme Speed|p2a: Elsa\n|-immune|p2a: Elsa\n|move|p2a: Elsa|Freeze-Dry|p1a: Dragonite\n|-damage|p1a: Dragonite|70\/100\n|\n|upkeep\n|turn|29\n|\n|t:|1700423568\n|move|p1a: Dragonite|Extreme Speed|p2a: Elsa\n|-immune|p2a: Elsa\n|move|p2a: Elsa|Freeze-Dry|p1a: Dragonite\n|-damage|p1a: Dragonite|49\/100\n|\n|-end|p1a: Dragonite|Encore\n|upkeep\n|turn|30\n|\n|t:|1700423574\n|move|p2a: Elsa|Encore|p1a: Dragonite\n|-start|p1a: Dragonite|Encore\n|move|p1a: Dragonite|Extreme Speed|p2a: Elsa\n|-immune|p2a: Elsa\n|\n|upkeep\n|turn|31\n|c|\u2606CoolMeDownB|gg\n|c|\u2606darkmaster|lmao\n|\n|t:|1700423579\n|move|p1a: Dragonite|Extreme Speed|p2a: Elsa\n|-immune|p2a: Elsa\n|move|p2a: Elsa|Moonblast|p1a: Dragonite\n|-damage|p1a: Dragonite|20\/100\n|-unboost|p1a: Dragonite|spa|1\n|\n|upkeep\n|turn|32\n|\n|t:|1700423584\n|move|p1a: Dragonite|Extreme Speed|p2a: Elsa\n|-immune|p2a: Elsa\n|move|p2a: Elsa|Moonblast|p1a: Dragonite\n|-damage|p1a: Dragonite|0 fnt\n|faint|p1a: Dragonite\n|\n|win|CoolMeDownB\n|n|\u2606darkmaster|darkmaster\n|n|\u2606CoolMeDownB|coolmedownb\n|n| foyersemeric|foyersemeric\n","uploadtime":1700423589,"views":7,"p1id":"darkmaster","p2id":"coolmedownb","formatid":"gen9ou","rating":0,"private":0,"password":""}