{"id":"gen9ou-1993938297","p1":"8LegEater","p2":"peyutas last words","format":"[Gen 9] OU","log":"|j|\u26068LegEater\n|j|\u2606peyutas last words\n|t:|1700378914\n|gametype|singles\n|player|p1|8LegEater|n|1120\n|player|p2|peyutas last words|ingo|1055\n|teamsize|p1|6\n|teamsize|p2|6\n|gen|9\n|tier|[Gen 9] OU\n|rated|\n|rule|Sleep Clause Mod: Limit one foe put to sleep\n|rule|Species Clause: Limit one of each Pok\u00e9mon\n|rule|OHKO Clause: OHKO moves are banned\n|rule|Evasion Items Clause: Evasion items are banned\n|rule|Evasion Moves Clause: Evasion moves are banned\n|rule|Endless Battle Clause: Forcing endless battles is banned\n|rule|HP Percentage Mod: HP is shown in percentages\n|clearpoke\n|poke|p1|Ceruledge, M|\n|poke|p1|Toxapex, M|\n|poke|p1|Kleavor, F|\n|poke|p1|Sableye, F|\n|poke|p1|Iron Valiant|\n|poke|p1|Landorus-Therian, M|\n|poke|p2|Grafaiai, F|\n|poke|p2|Corviknight, M|\n|poke|p2|Iron Moth|\n|poke|p2|Sneasler, M|\n|poke|p2|Great Tusk|\n|poke|p2|Zapdos|\n|teampreview\n|\n|t:|1700378928\n|start\n|switch|p1a: Sableye|Sableye, F, shiny|100\/100\n|switch|p2a: Peyuta Friend|Grafaiai, F|100\/100\n|turn|1\n|\n|t:|1700378936\n|move|p1a: Sableye|Will-O-Wisp|p2a: Peyuta Friend|[miss]\n|-miss|p1a: Sableye|p2a: Peyuta Friend\n|move|p2a: Peyuta Friend|Knock Off|p1a: Sableye\n|-damage|p1a: Sableye|70\/100\n|-enditem|p1a: Sableye|Leftovers|[from] move: Knock Off|[of] p2a: Peyuta Friend\n|\n|upkeep\n|turn|2\n|\n|t:|1700378950\n|switch|p2a: Gumball Bird|Zapdos|100\/100\n|move|p1a: Sableye|Recover|p1a: Sableye\n|-heal|p1a: Sableye|100\/100\n|\n|upkeep\n|turn|3\n|\n|t:|1700378963\n|move|p2a: Gumball Bird|Hurricane|p1a: Sableye\n|-damage|p1a: Sableye|46\/100\n|move|p1a: Sableye|Night Shade|p2a: Gumball Bird\n|-damage|p2a: Gumball Bird|69\/100\n|\n|upkeep\n|turn|4\n|\n|t:|1700378973\n|switch|p1a: Toxapex|Toxapex, M, shiny|100\/100\n|move|p2a: Gumball Bird|Thunderbolt|p1a: Toxapex\n|-supereffective|p1a: Toxapex\n|-damage|p1a: Toxapex|21\/100\n|\n|-heal|p1a: Toxapex|27\/100|[from] item: Leftovers\n|upkeep\n|turn|5\n|\n|t:|1700378979\n|move|p1a: Toxapex|Baneful Bunker|p1a: Toxapex\n|-singleturn|p1a: Toxapex|move: Protect\n|move|p2a: Gumball Bird|Hurricane|p1a: Toxapex\n|-activate|p1a: Toxapex|move: Protect\n|\n|-heal|p1a: Toxapex|33\/100|[from] item: Leftovers\n|upkeep\n|turn|6\n|\n|t:|1700378984\n|switch|p1a: Landorus|Landorus-Therian, M|100\/100\n|-ability|p1a: Landorus|Intimidate|boost\n|-unboost|p2a: Gumball Bird|atk|1\n|move|p2a: Gumball Bird|Thunderbolt|p1a: Landorus\n|-immune|p1a: Landorus\n|\n|upkeep\n|turn|7\n|\n|t:|1700378995\n|switch|p2a: Almost a horse|Corviknight, M|100\/100\n|-ability|p2a: Almost a horse|Pressure\n|move|p1a: Landorus|Smack Down|p2a: Almost a horse\n|-damage|p2a: Almost a horse|89\/100\n|-start|p2a: Almost a horse|Smack Down\n|\n|-heal|p2a: Almost a horse|95\/100|[from] item: Leftovers\n|upkeep\n|turn|8\n|\n|t:|1700379003\n|switch|p2a: Gumball Bird|Zapdos|69\/100\n|move|p1a: Landorus|Earthquake|p2a: Gumball Bird\n|-immune|p2a: Gumball Bird\n|\n|upkeep\n|turn|9\n|\n|t:|1700379010\n|move|p2a: Gumball Bird|Hurricane|p1a: Landorus\n|-damage|p1a: Landorus|16\/100\n|-start|p1a: Landorus|confusion\n|-activate|p1a: Landorus|confusion\n|move|p1a: Landorus|Smack Down|p2a: Gumball Bird\n|-supereffective|p2a: Gumball Bird\n|-damage|p2a: Gumball Bird|21\/100\n|-start|p2a: Gumball Bird|Smack Down\n|\n|-heal|p1a: Landorus|22\/100|[from] item: Leftovers\n|upkeep\n|turn|10\n|\n|t:|1700379019\n|move|p2a: Gumball Bird|Hurricane|p1a: Landorus|[miss]\n|-miss|p2a: Gumball Bird|p1a: Landorus\n|-activate|p1a: Landorus|confusion\n|-damage|p1a: Landorus|5\/100|[from] confusion\n|\n|-heal|p1a: Landorus|11\/100|[from] item: Leftovers\n|upkeep\n|turn|11\n|\n|t:|1700379025\n|move|p2a: Gumball Bird|Hurricane|p1a: Landorus\n|-damage|p1a: Landorus|0 fnt\n|faint|p1a: Landorus\n|\n|upkeep\n|\n|t:|1700379036\n|switch|p1a: Iron Valiant|Iron Valiant|100\/100\n|-enditem|p1a: Iron Valiant|Booster Energy\n|-activate|p1a: Iron Valiant|ability: Quark Drive|[fromitem]\n|-start|p1a: Iron Valiant|quarkdrivespe\n|turn|12\n|\n|t:|1700379041\n|switch|p2a: Almost a horse|Corviknight, M|95\/100\n|-ability|p2a: Almost a horse|Pressure\n|-terastallize|p1a: Iron Valiant|Ghost\n|move|p1a: Iron Valiant|Calm Mind|p1a: Iron Valiant\n|-boost|p1a: Iron Valiant|spa|1\n|-boost|p1a: Iron Valiant|spd|1\n|\n|-heal|p2a: Almost a horse|100\/100|[from] item: Leftovers\n|upkeep\n|turn|13\n|inactive|Battle timer is ON: inactive players will automatically lose when time's up. (requested by 8LegEater)\n|\n|t:|1700379067\n|switch|p2a: Peyuta Unleashed|Sneasler, M|100\/100\n|move|p1a: Iron Valiant|Calm Mind|p1a: Iron Valiant\n|-boost|p1a: Iron Valiant|spa|1\n|-boost|p1a: Iron Valiant|spd|1\n|-enditem|p2a: Peyuta Unleashed|Mirror Herb\n|-boost|p2a: Peyuta Unleashed|spa|1|[from] item: Mirror Herb\n|-boost|p2a: Peyuta Unleashed|spd|1|[from] item: Mirror Herb\n|\n|upkeep\n|turn|14\n|\n|t:|1700379078\n|-terastallize|p2a: Peyuta Unleashed|Flying\n|move|p2a: Peyuta Unleashed|Acrobatics|p1a: Iron Valiant\n|-damage|p1a: Iron Valiant|24\/100\n|move|p1a: Iron Valiant|Shadow Ball|p2a: Peyuta Unleashed\n|-damage|p2a: Peyuta Unleashed|24\/100\n|\n|upkeep\n|turn|15\n|\n|t:|1700379088\n|move|p2a: Peyuta Unleashed|Acrobatics|p1a: Iron Valiant\n|-damage|p1a: Iron Valiant|0 fnt\n|faint|p1a: Iron Valiant\n|-end|p1a: Iron Valiant|Quark Drive|[silent]\n|\n|upkeep\n|\n|t:|1700379099\n|switch|p1a: Toxapex|Toxapex, M, shiny|67\/100\n|turn|16\n|\n|t:|1700379105\n|move|p1a: Toxapex|Baneful Bunker|p1a: Toxapex\n|-singleturn|p1a: Toxapex|move: Protect\n|move|p2a: Peyuta Unleashed|Swords Dance|p2a: Peyuta Unleashed\n|-boost|p2a: Peyuta Unleashed|atk|2\n|\n|-heal|p1a: Toxapex|73\/100|[from] item: Leftovers\n|upkeep\n|turn|17\n|\n|t:|1700379114\n|move|p2a: Peyuta Unleashed|Acrobatics|p1a: Toxapex\n|-damage|p1a: Toxapex|5\/100\n|move|p1a: Toxapex|Haze|p1a: Toxapex\n|-clearallboost\n|\n|-heal|p1a: Toxapex|11\/100|[from] item: Leftovers\n|upkeep\n|turn|18\n|\n|t:|1700379120\n|move|p2a: Peyuta Unleashed|Swords Dance|p2a: Peyuta Unleashed\n|-boost|p2a: Peyuta Unleashed|atk|2\n|move|p1a: Toxapex|Chilling Water|p2a: Peyuta Unleashed\n|-crit|p2a: Peyuta Unleashed\n|-damage|p2a: Peyuta Unleashed|1\/100\n|-unboost|p2a: Peyuta Unleashed|atk|1\n|\n|-heal|p1a: Toxapex|17\/100|[from] item: Leftovers\n|upkeep\n|turn|19\n|\n|t:|1700379126\n|move|p1a: Toxapex|Baneful Bunker|p1a: Toxapex\n|-singleturn|p1a: Toxapex|move: Protect\n|move|p2a: Peyuta Unleashed|Swords Dance|p2a: Peyuta Unleashed\n|-boost|p2a: Peyuta Unleashed|atk|2\n|\n|-heal|p1a: Toxapex|24\/100|[from] item: Leftovers\n|upkeep\n|turn|20\n|\n|t:|1700379131\n|move|p2a: Peyuta Unleashed|Acrobatics|p1a: Toxapex\n|-damage|p1a: Toxapex|0 fnt\n|faint|p1a: Toxapex\n|\n|upkeep\n|\n|t:|1700379136\n|switch|p1a: Sableye|Sableye, F, shiny|46\/100\n|turn|21\n|\n|t:|1700379142\n|move|p1a: Sableye|Will-O-Wisp|p2a: Peyuta Unleashed\n|-status|p2a: Peyuta Unleashed|brn\n|move|p2a: Peyuta Unleashed|Acrobatics|p1a: Sableye\n|-damage|p1a: Sableye|0 fnt\n|faint|p1a: Sableye\n|\n|-damage|p2a: Peyuta Unleashed|0 fnt|[from] brn\n|faint|p2a: Peyuta Unleashed\n|upkeep\n|\n|t:|1700379154\n|switch|p2a: A TOPE|Great Tusk|100\/100\n|switch|p1a: Kleavor|Kleavor, F|100\/100\n|turn|22\n|\n|t:|1700379162\n|move|p1a: Kleavor|Stone Axe|p2a: A TOPE\n|-resisted|p2a: A TOPE\n|-damage|p2a: A TOPE|92\/100\n|-sidestart|p2: peyutas last words|move: Stealth Rock\n|move|p2a: A TOPE|Knock Off|p1a: Kleavor\n|-damage|p1a: Kleavor|58\/100\n|-enditem|p1a: Kleavor|Choice Scarf|[from] move: Knock Off|[of] p2a: A TOPE\n|\n|upkeep\n|turn|23\n|-message|8LegEater forfeited.\n|\n|win|peyutas last words\n|raw|8LegEater's rating: 1120 &rarr; <strong>1090<\/strong><br \/>(-30 for losing)\n|raw|peyutas last words's rating: 1055 &rarr; <strong>1093<\/strong><br \/>(+38 for winning)\n|l|\u26068LegEater\n","uploadtime":1700379184,"views":19,"p1id":"8legeater","p2id":"peyutaslastwords","formatid":"gen9ou","rating":1090,"private":0,"password":""}