{"id":"gen9ou-1992088491","p1":"Wild We$t","p2":"TR23 testing","format":"[Gen 9] OU","log":"|j|\u2606Wild We$t\n|j|\u2606TR23 testing\n|t:|1700154098\n|gametype|singles\n|player|p1|Wild We$t|acetrainer-gen2|1377\n|player|p2|TR23 testing|2|1473\n|teamsize|p1|6\n|teamsize|p2|6\n|gen|9\n|tier|[Gen 9] OU\n|rated|\n|rule|Sleep Clause Mod: Limit one foe put to sleep\n|rule|Species Clause: Limit one of each Pok\u00e9mon\n|rule|OHKO Clause: OHKO moves are banned\n|rule|Evasion Items Clause: Evasion items are banned\n|rule|Evasion Moves Clause: Evasion moves are banned\n|rule|Endless Battle Clause: Forcing endless battles is banned\n|rule|HP Percentage Mod: HP is shown in percentages\n|clearpoke\n|poke|p1|Slowking-Galar, F|\n|poke|p1|Iron Valiant|\n|poke|p1|Kingambit, F|\n|poke|p1|Great Tusk|\n|poke|p1|Rillaboom, F|\n|poke|p1|Rotom-Wash|\n|poke|p2|Garganacl, M|\n|poke|p2|Great Tusk|\n|poke|p2|Gholdengo|\n|poke|p2|Iron Valiant|\n|poke|p2|Dragonite, F|\n|poke|p2|Zapdos|\n|teampreview\n|\n|t:|1700154118\n|start\n|switch|p1a: Rotom|Rotom-Wash|100\/100\n|switch|p2a: Iron Valiant|Iron Valiant|100\/100\n|turn|1\n|c|\u2606Wild We$t|Glhf!\n|c|\u2606TR23 testing|u2ty\n|\n|t:|1700154164\n|-end|p2a: Iron Valiant|Quark Drive|[silent]\n|switch|p2a: Zapdos|Zapdos|100\/100\n|move|p1a: Rotom|Volt Switch|p2a: Zapdos\n|-damage|p2a: Zapdos|79\/100\n|\n|t:|1700154170\n|switch|p1a: Slowking|Slowking-Galar, F|100\/100|[from] Volt Switch\n|\n|upkeep\n|turn|2\n|\n|t:|1700154174\n|switch|p2a: Garganacl|Garganacl, M|100\/100\n|move|p1a: Slowking|Future Sight|p2a: Garganacl\n|-start|p1a: Slowking|move: Future Sight\n|\n|upkeep\n|turn|3\n|\n|t:|1700154179\n|move|p2a: Garganacl|Salt Cure|p1a: Slowking\n|-damage|p1a: Slowking|90\/100\n|-start|p1a: Slowking|Salt Cure\n|move|p1a: Slowking|Chilly Reception|p1a: Slowking\n|-weather|Snow\n|\n|t:|1700154181\n|switch|p1a: Rotom|Rotom-Wash|100\/100|[from] Chilly Reception\n|\n|-weather|Snow|[upkeep]\n|upkeep\n|turn|4\n|\n|t:|1700154192\n|move|p1a: Rotom|Trick|p2a: Garganacl\n|-activate|p1a: Rotom|move: Trick|[of] p2a: Garganacl\n|-item|p2a: Garganacl|Choice Scarf|[from] move: Trick\n|-item|p1a: Rotom|Leftovers|[from] move: Trick\n|move|p2a: Garganacl|Salt Cure|p1a: Rotom\n|-damage|p1a: Rotom|86\/100\n|-start|p1a: Rotom|Salt Cure\n|\n|-weather|Snow|[upkeep]\n|-end|p2a: Garganacl|move: Future Sight\n|-damage|p2a: Garganacl|61\/100\n|-heal|p1a: Rotom|92\/100|[from] item: Leftovers\n|-damage|p1a: Rotom|67\/100|[from] Salt Cure\n|upkeep\n|turn|5\n|\n|t:|1700154199\n|switch|p1a: Great Tusk|Great Tusk|100\/100\n|move|p2a: Garganacl|Salt Cure|p1a: Great Tusk\n|-resisted|p1a: Great Tusk\n|-damage|p1a: Great Tusk|98\/100\n|-start|p1a: Great Tusk|Salt Cure\n|\n|-weather|Snow|[upkeep]\n|-heal|p1a: Great Tusk|100\/100|[from] item: Leftovers\n|-damage|p1a: Great Tusk|88\/100|[from] Salt Cure\n|upkeep\n|turn|6\n|\n|t:|1700154204\n|switch|p2a: Gholdengo|Gholdengo|100\/100\n|-item|p2a: Gholdengo|Air Balloon\n|move|p1a: Great Tusk|Stealth Rock|p2a: Gholdengo\n|-sidestart|p2: TR23 testing|move: Stealth Rock\n|\n|-weather|Snow|[upkeep]\n|-heal|p1a: Great Tusk|94\/100|[from] item: Leftovers\n|-damage|p1a: Great Tusk|82\/100|[from] Salt Cure\n|upkeep\n|turn|7\n|\n|t:|1700154211\n|-end|p1a: Great Tusk|Protosynthesis|[silent]\n|switch|p1a: Rotom|Rotom-Wash|67\/100\n|move|p2a: Gholdengo|Make It Rain|p1a: Rotom\n|-resisted|p1a: Rotom\n|-damage|p1a: Rotom|53\/100\n|-unboost|p2a: Gholdengo|spa|1\n|\n|-weather|none\n|-heal|p1a: Rotom|59\/100|[from] item: Leftovers\n|upkeep\n|turn|8\n|\n|t:|1700154222\n|switch|p2a: Zapdos|Zapdos|79\/100\n|move|p1a: Rotom|Volt Switch|p2a: Zapdos\n|-damage|p2a: Zapdos|58\/100\n|\n|t:|1700154232\n|switch|p1a: Slowking|Slowking-Galar, F|100\/100|[from] Volt Switch\n|\n|upkeep\n|turn|9\n|\n|t:|1700154240\n|switch|p2a: Garganacl|Garganacl, M|61\/100\n|-damage|p2a: Garganacl|49\/100|[from] Stealth Rock\n|move|p1a: Slowking|Future Sight|p2a: Garganacl\n|-start|p1a: Slowking|move: Future Sight\n|\n|upkeep\n|turn|10\n|\n|t:|1700154244\n|move|p2a: Garganacl|Recover|p2a: Garganacl\n|-heal|p2a: Garganacl|99\/100\n|move|p1a: Slowking|Chilly Reception|p1a: Slowking\n|-weather|Snow\n|\n|t:|1700154251\n|switch|p1a: Rotom|Rotom-Wash|59\/100|[from] Chilly Reception\n|\n|-weather|Snow|[upkeep]\n|-heal|p1a: Rotom|65\/100|[from] item: Leftovers\n|upkeep\n|turn|11\n|\n|t:|1700154260\n|switch|p2a: Zapdos|Zapdos|58\/100\n|move|p1a: Rotom|Volt Switch|p2a: Zapdos\n|-damage|p2a: Zapdos|38\/100\n|\n|t:|1700154267\n|switch|p1a: Iron Valiant|Iron Valiant|100\/100|[from] Volt Switch\n|\n|-weather|Snow|[upkeep]\n|-end|p2a: Zapdos|move: Future Sight\n|-damage|p2a: Zapdos|7\/100\n|upkeep\n|turn|12\n|\n|t:|1700154277\n|switch|p2a: Gholdengo|Gholdengo|100\/100\n|-damage|p2a: Gholdengo|94\/100|[from] Stealth Rock\n|-item|p2a: Gholdengo|Air Balloon\n|move|p1a: Iron Valiant|Moonblast|p2a: Gholdengo\n|-resisted|p2a: Gholdengo\n|-damage|p2a: Gholdengo|60\/100\n|-enditem|p2a: Gholdengo|Air Balloon\n|\n|-weather|Snow|[upkeep]\n|upkeep\n|turn|13\n|\n|t:|1700154305\n|-end|p1a: Iron Valiant|Quark Drive|[silent]\n|switch|p1a: Kingambit|Kingambit, F|100\/100\n|move|p2a: Gholdengo|Shadow Ball|p1a: Kingambit\n|-resisted|p1a: Kingambit\n|-damage|p1a: Kingambit|81\/100\n|\n|-weather|Snow|[upkeep]\n|-heal|p1a: Kingambit|87\/100|[from] item: Leftovers\n|upkeep\n|turn|14\n|\n|t:|1700154311\n|switch|p2a: Great Tusk|Great Tusk|100\/100\n|-end|p1a: Kingambit|fallenundefined|[silent]\n|switch|p1a: Rotom|Rotom-Wash|65\/100\n|\n|-weather|none\n|-heal|p1a: Rotom|71\/100|[from] item: Leftovers\n|upkeep\n|turn|15\n|\n|t:|1700154324\n|-end|p2a: Great Tusk|Protosynthesis|[silent]\n|switch|p2a: Garganacl|Garganacl, M|99\/100\n|-damage|p2a: Garganacl|86\/100|[from] Stealth Rock\n|move|p1a: Rotom|Will-O-Wisp|p2a: Garganacl|[miss]\n|-miss|p1a: Rotom|p2a: Garganacl\n|\n|-heal|p1a: Rotom|77\/100|[from] item: Leftovers\n|upkeep\n|turn|16\n|\n|t:|1700154332\n|move|p1a: Rotom|Volt Switch|p2a: Garganacl\n|-damage|p2a: Garganacl|63\/100\n|\n|t:|1700154335\n|switch|p1a: Slowking|Slowking-Galar, F|100\/100|[from] Volt Switch\n|move|p2a: Garganacl|Salt Cure|p1a: Slowking\n|-crit|p1a: Slowking\n|-damage|p1a: Slowking|87\/100\n|-start|p1a: Slowking|Salt Cure\n|\n|-damage|p1a: Slowking|74\/100|[from] Salt Cure\n|upkeep\n|turn|17\n|\n|t:|1700154352\n|switch|p2a: Dragonite|Dragonite, F|100\/100\n|move|p1a: Slowking|Future Sight|p2a: Dragonite\n|-start|p1a: Slowking|move: Future Sight\n|\n|-damage|p1a: Slowking|62\/100|[from] Salt Cure\n|upkeep\n|turn|18\n|\n|t:|1700154363\n|move|p2a: Dragonite|Dragon Dance|p2a: Dragonite\n|-boost|p2a: Dragonite|atk|1\n|-boost|p2a: Dragonite|spe|1\n|move|p1a: Slowking|Chilly Reception|p1a: Slowking\n|-weather|Snow\n|\n|t:|1700154366\n|switch|p1a: Rotom|Rotom-Wash|77\/100|[from] Chilly Reception\n|\n|-weather|Snow|[upkeep]\n|-heal|p1a: Rotom|83\/100|[from] item: Leftovers\n|upkeep\n|turn|19\n|\n|t:|1700154379\n|move|p2a: Dragonite|Extreme Speed|p1a: Rotom\n|-damage|p1a: Rotom|29\/100\n|move|p1a: Rotom|Will-O-Wisp|p2a: Dragonite\n|-status|p2a: Dragonite|brn\n|\n|-weather|Snow|[upkeep]\n|-end|p2a: Dragonite|move: Future Sight\n|-damage|p2a: Dragonite|76\/100 brn\n|-heal|p1a: Rotom|35\/100|[from] item: Leftovers\n|-damage|p2a: Dragonite|70\/100 brn|[from] brn\n|upkeep\n|turn|20\n|\n|t:|1700154393\n|move|p2a: Dragonite|Dragon Dance|p2a: Dragonite\n|-boost|p2a: Dragonite|atk|1\n|-boost|p2a: Dragonite|spe|1\n|move|p1a: Rotom|Volt Switch|p2a: Dragonite\n|-damage|p2a: Dragonite|42\/100 brn\n|\n|t:|1700154401\n|switch|p1a: Great Tusk|Great Tusk|82\/100|[from] Volt Switch\n|\n|-weather|Snow|[upkeep]\n|-heal|p1a: Great Tusk|88\/100|[from] item: Leftovers\n|-damage|p2a: Dragonite|35\/100 brn|[from] brn\n|upkeep\n|turn|21\n|\n|t:|1700154404\n|move|p2a: Dragonite|Ice Spinner|p1a: Great Tusk\n|-supereffective|p1a: Great Tusk\n|-damage|p1a: Great Tusk|39\/100\n|move|p1a: Great Tusk|Ice Spinner|p2a: Dragonite\n|-supereffective|p2a: Dragonite\n|-damage|p2a: Dragonite|0 fnt\n|faint|p2a: Dragonite\n|\n|-weather|Snow|[upkeep]\n|-heal|p1a: Great Tusk|46\/100|[from] item: Leftovers\n|upkeep\n|\n|t:|1700154407\n|switch|p2a: Iron Valiant|Iron Valiant|100\/100\n|turn|22\n|\n|t:|1700154410\n|-end|p1a: Great Tusk|Protosynthesis|[silent]\n|switch|p1a: Slowking|Slowking-Galar, F|95\/100\n|move|p2a: Iron Valiant|Knock Off|p1a: Slowking\n|-supereffective|p1a: Slowking\n|-enditem|p1a: Slowking|Colbur Berry|[eat]\n|-enditem|p1a: Slowking|Colbur Berry|[weaken]\n|-damage|p1a: Slowking|73\/100\n|\n|-weather|none\n|upkeep\n|turn|23\n|\n|t:|1700154419\n|-end|p2a: Iron Valiant|Quark Drive|[silent]\n|switch|p2a: Zapdos|Zapdos|7\/100\n|move|p1a: Slowking|Sludge Bomb|p2a: Zapdos\n|-damage|p2a: Zapdos|0 fnt\n|faint|p2a: Zapdos\n|\n|upkeep\n|\n|t:|1700154423\n|switch|p2a: Great Tusk|Great Tusk|100\/100\n|turn|24\n|\n|t:|1700154427\n|switch|p1a: Rotom|Rotom-Wash|35\/100\n|move|p2a: Great Tusk|Headlong Rush|p1a: Rotom\n|-immune|p1a: Rotom|[from] ability: Levitate\n|\n|-heal|p1a: Rotom|41\/100|[from] item: Leftovers\n|upkeep\n|turn|25\n|\n|t:|1700154433\n|-end|p2a: Great Tusk|Protosynthesis|[silent]\n|switch|p2a: Garganacl|Garganacl, M|63\/100\n|-damage|p2a: Garganacl|51\/100|[from] Stealth Rock\n|move|p1a: Rotom|Hydro Pump|p2a: Garganacl\n|-supereffective|p2a: Garganacl\n|-damage|p2a: Garganacl|0 fnt\n|faint|p2a: Garganacl\n|\n|-heal|p1a: Rotom|47\/100|[from] item: Leftovers\n|upkeep\n|c|\u2606TR23 testing|bro is outplaying tf out of me\n|\n|t:|1700154449\n|switch|p2a: Iron Valiant|Iron Valiant|100\/100\n|turn|26\n|\n|t:|1700154454\n|switch|p1a: Slowking|Slowking-Galar, F|100\/100\n|move|p2a: Iron Valiant|Moonblast|p1a: Slowking\n|-resisted|p1a: Slowking\n|-damage|p1a: Slowking|82\/100\n|\n|upkeep\n|turn|27\n|\n|t:|1700154460\n|-end|p2a: Iron Valiant|Quark Drive|[silent]\n|switch|p2a: Gholdengo|Gholdengo|60\/100\n|-damage|p2a: Gholdengo|54\/100|[from] Stealth Rock\n|move|p1a: Slowking|Future Sight|p2a: Gholdengo\n|-start|p1a: Slowking|move: Future Sight\n|\n|upkeep\n|turn|28\n|\n|t:|1700154466\n|switch|p2a: Iron Valiant|Iron Valiant|100\/100\n|switch|p1a: Kingambit|Kingambit, F|87\/100\n|\n|-heal|p1a: Kingambit|93\/100|[from] item: Leftovers\n|upkeep\n|turn|29\n|\n|t:|1700154472\n|-end|p1a: Kingambit|fallenundefined|[silent]\n|switch|p1a: Slowking|Slowking-Galar, F|100\/100\n|-terastallize|p2a: Iron Valiant|Fairy\n|move|p2a: Iron Valiant|Close Combat|p1a: Slowking\n|-resisted|p1a: Slowking\n|-damage|p1a: Slowking|92\/100\n|-unboost|p2a: Iron Valiant|def|1\n|-unboost|p2a: Iron Valiant|spd|1\n|\n|-end|p2a: Iron Valiant|move: Future Sight\n|-damage|p2a: Iron Valiant|0 fnt\n|faint|p2a: Iron Valiant\n|-end|p2a: Iron Valiant|Quark Drive|[silent]\n|upkeep\n|-message|TR23 testing forfeited.\n|\n|win|Wild We$t\n|raw|Wild We$t's rating: 1377 &rarr; <strong>1402<\/strong><br \/>(+25 for winning)\n|raw|TR23 testing's rating: 1473 &rarr; <strong>1448<\/strong><br \/>(-25 for losing)\n|l|\u2606TR23 testing\n|c|\u2606Wild We$t|Gg!\n","uploadtime":1700154488,"views":23,"p1id":"wildwet","p2id":"tr23testing","formatid":"gen9ou","rating":1402,"private":0,"password":""}