{"id":"gen9ou-1990135646","p1":"Future king of ou","p2":"lottidotti20","format":"[Gen 9] OU","log":"|j|\u2606Future king of ou\n|j|\u2606lottidotti20\n|inactive|Battle timer is ON: inactive players will automatically lose when time's up.\n|t:|1699928402\n|gametype|singles\n|player|p1|Future king of ou|alec-anime|\n|player|p2|lottidotti20|1|\n|teamsize|p1|6\n|teamsize|p2|6\n|gen|9\n|tier|[Gen 9] OU\n|rated|Tournament battle\n|rule|Sleep Clause Mod: Limit one foe put to sleep\n|rule|Species Clause: Limit one of each Pok\u00e9mon\n|rule|OHKO Clause: OHKO moves are banned\n|rule|Evasion Items Clause: Evasion items are banned\n|rule|Evasion Moves Clause: Evasion moves are banned\n|rule|Endless Battle Clause: Forcing endless battles is banned\n|rule|HP Percentage Mod: HP is shown in percentages\n|clearpoke\n|poke|p1|Kingambit, M|\n|poke|p1|Glimmora, F|\n|poke|p1|Iron Valiant|\n|poke|p1|Kyurem-White|\n|poke|p1|Hatterene, F|\n|poke|p1|Dragonite, F|\n|poke|p2|Mew|\n|poke|p2|Fezandipiti, M|\n|poke|p2|Hoopa-Unbound|\n|poke|p2|Great Tusk|\n|poke|p2|Gholdengo|\n|poke|p2|Samurott-Hisui, F|\n|teampreview\n|j|@Disorient\n|j| Teegrizzled\n|j| Whitestone Andy\n|j| bloatedbagel\n|l| Whitestone Andy\n|c|\u2606lottidotti20|wrong team lol\n|inactive|lottidotti20 has 120 seconds left.\n|\n|t:|1699928432\n|start\n|switch|p1a: Glimmora|Glimmora, F|100\/100\n|switch|p2a: Samurott|Samurott-Hisui, F|100\/100\n|turn|1\n|j| IConsumeChairs\n|j| SDK04\n|j| yesyesir14\n|j| TheNewBrends11@!\n|\n|t:|1699928456\n|move|p1a: Glimmora|Stealth Rock|p2a: Samurott\n|-sidestart|p2: lottidotti20|move: Stealth Rock\n|move|p2a: Samurott|Razor Shell|p1a: Glimmora\n|-supereffective|p1a: Glimmora\n|-enditem|p1a: Glimmora|Focus Sash\n|-damage|p1a: Glimmora|1\/100\n|-activate|p1a: Glimmora|ability: Toxic Debris\n|-sidestart|p2: lottidotti20|move: Toxic Spikes\n|\n|upkeep\n|turn|2\n|j| onntra\n|c| SDK04|lottidotti is this the one Fez team I swept with Double Dance Gliscor?\n|\n|t:|1699928483\n|move|p1a: Glimmora|Power Gem|p2a: Samurott\n|-damage|p2a: Samurott|34\/100\n|move|p2a: Samurott|Ceaseless Edge|p1a: Glimmora\n|-damage|p1a: Glimmora|0 fnt\n|-activate|p1a: Glimmora|ability: Toxic Debris\n|-sidestart|p2: lottidotti20|move: Toxic Spikes\n|-sidestart|p1: Future king of ou|Spikes\n|faint|p1a: Glimmora\n|\n|upkeep\n|l| onntra\n|j| virgin to rank 1\n|l| yesyesir14\n|j|+cromagnet\n|j| Dlc 1 Is Here\n|inactive|Future king of ou has 120 seconds left.\n|\n|t:|1699928519\n|switch|p1a: Iron Valiant|Iron Valiant|100\/100\n|-damage|p1a: Iron Valiant|88\/100|[from] Spikes\n|turn|3\n|\n|t:|1699928536\n|move|p2a: Samurott|Aqua Jet|p1a: Iron Valiant\n|-damage|p1a: Iron Valiant|65\/100\n|move|p1a: Iron Valiant|Shell Smash|p1a: Iron Valiant\n|-unboost|p1a: Iron Valiant|def|1\n|-unboost|p1a: Iron Valiant|spd|1\n|-boost|p1a: Iron Valiant|atk|2\n|-boost|p1a: Iron Valiant|spa|2\n|-boost|p1a: Iron Valiant|spe|2\n|-enditem|p1a: Iron Valiant|White Herb\n|-clearnegativeboost|p1a: Iron Valiant|[silent]\n|\n|upkeep\n|turn|4\n|inactive|Future king of ou has 120 seconds left.\n|j| blacksqualo\n|c|\u2606lottidotti20|heh\n|inactive|lottidotti20 has 120 seconds left.\n|\n|t:|1699928563\n|move|p1a: Iron Valiant|Moonblast|p2a: Samurott\n|-supereffective|p2a: Samurott\n|-damage|p2a: Samurott|0 fnt\n|faint|p2a: Samurott\n|\n|upkeep\n|\n|t:|1699928569\n|switch|p2a: Fezandipiti|Fezandipiti, M|100\/100\n|-damage|p2a: Fezandipiti|88\/100|[from] Stealth Rock\n|-sideend|p2: lottidotti20|move: Toxic Spikes|[of] p2a: Fezandipiti\n|turn|5\n|inactive|lottidotti20 has 120 seconds left.\n|\n|t:|1699928577\n|move|p1a: Iron Valiant|Thunderbolt|p2a: Fezandipiti\n|-damage|p2a: Fezandipiti|37\/100\n|move|p2a: Fezandipiti|Moonblast|p1a: Iron Valiant\n|-supereffective|p1a: Iron Valiant\n|-damage|p1a: Iron Valiant|0 fnt\n|faint|p1a: Iron Valiant\n|-end|p1a: Iron Valiant|Quark Drive|[silent]\n|\n|-heal|p2a: Fezandipiti|43\/100|[from] item: Leftovers\n|upkeep\n|\n|t:|1699928580\n|switch|p1a: Kingambit|Kingambit, M|100\/100\n|-damage|p1a: Kingambit|88\/100|[from] Spikes\n|-activate|p1a: Kingambit|ability: Supreme Overlord\n|-start|p1a: Kingambit|fallen2|[silent]\n|turn|6\n|\n|t:|1699928584\n|switch|p2a: Great Tusk|Great Tusk|100\/100\n|-damage|p2a: Great Tusk|97\/100|[from] Stealth Rock\n|move|p1a: Kingambit|Shell Smash|p1a: Kingambit\n|-unboost|p1a: Kingambit|def|1\n|-unboost|p1a: Kingambit|spd|1\n|-boost|p1a: Kingambit|atk|2\n|-boost|p1a: Kingambit|spa|2\n|-boost|p1a: Kingambit|spe|2\n|-enditem|p1a: Kingambit|White Herb\n|-clearnegativeboost|p1a: Kingambit|[silent]\n|\n|upkeep\n|turn|7\n|l| Teegrizzled\n|\n|t:|1699928589\n|-terastallize|p1a: Kingambit|Flying\n|move|p1a: Kingambit|Iron Head|p2a: Great Tusk\n|-damage|p2a: Great Tusk|39\/100\n|-damage|p1a: Kingambit|72\/100|[from] item: Rocky Helmet|[of] p2a: Great Tusk\n|cant|p2a: Great Tusk|flinch\n|\n|upkeep\n|turn|8\n|\n|t:|1699928598\n|-terastallize|p2a: Great Tusk|Steel\n|move|p1a: Kingambit|Iron Head|p2a: Great Tusk\n|-resisted|p2a: Great Tusk\n|-damage|p2a: Great Tusk|14\/100\n|-damage|p1a: Kingambit|55\/100|[from] item: Rocky Helmet|[of] p2a: Great Tusk\n|move|p2a: Great Tusk|Bulk Up|p2a: Great Tusk\n|-boost|p2a: Great Tusk|atk|1\n|-boost|p2a: Great Tusk|def|1\n|\n|upkeep\n|turn|9\n|j| Teegrizzled\n|l| Dlc 1 Is Here\n|j| Dlc 1 Is Here\n|inactive|Future king of ou has 120 seconds left.\n|l| virgin to rank 1\n|j| Rekless_Zombie\n|\n|t:|1699928631\n|move|p1a: Kingambit|Kowtow Cleave|p2a: Great Tusk\n|-damage|p2a: Great Tusk|0 fnt\n|-damage|p1a: Kingambit|39\/100|[from] item: Rocky Helmet|[of] p2a: Great Tusk\n|faint|p2a: Great Tusk\n|-end|p2a: Great Tusk|Protosynthesis|[silent]\n|\n|upkeep\n|l| Rekless_Zombie\n|\n|t:|1699928659\n|switch|p2a: Fezandipiti|Fezandipiti, M|43\/100\n|-damage|p2a: Fezandipiti|30\/100|[from] Stealth Rock\n|turn|10\n|inactive|Future king of ou has 120 seconds left.\n|\n|t:|1699928687\n|move|p1a: Kingambit|Iron Head|p2a: Fezandipiti\n|-supereffective|p2a: Fezandipiti\n|-damage|p2a: Fezandipiti|0 fnt\n|faint|p2a: Fezandipiti\n|\n|upkeep\n|inactive|lottidotti20 has 120 seconds left.\n|l| Dlc 1 Is Here\n|j| Dlc 1 Is Here\n|\n|t:|1699928721\n|switch|p2a: Hoopa|Hoopa-Unbound|100\/100\n|-damage|p2a: Hoopa|88\/100|[from] Stealth Rock\n|turn|11\n|-message|lottidotti20 forfeited.\n|\n|win|Future king of ou\n|n|\u2606Future king of ou|futurekingofou\n|n|\u2606lottidotti20|lottidotti20\n|n|+Disorient|disorient\n|n| bloatedbagel|bloatedbagel\n|n| IConsumeChairs|iconsumechairs\n|n| SDK04|sdk04\n|n| TheNewBrends11@!|thenewbrends11\n|n|+cromagnet|cromagnet\n|n| blacksqualo|blacksqualo\n|n| Teegrizzled|teegrizzled\n|n| Dlc 1 Is Here|dlc1ishere\n|l|\u2606lottidotti20\n|l| IConsumeChairs\n|l|\u2606Future king of ou\n|l| Dlc 1 Is Here\n|l|+cromagnet\n|l| bloatedbagel\n|l| blacksqualo\n|l| Teegrizzled\n|l|+Disorient\n","uploadtime":1699929436,"views":17,"p1id":"futurekingofou","p2id":"lottidotti20","formatid":"gen9ou","rating":0,"private":0,"password":""}