{"id":"gen9ou-1996811740","p1":"Chabbott918","p2":"Scratchez","format":"[Gen 9] OU","log":"|j|\u2606Chabbott918\n|j|\u2606Scratchez\n|t:|1700729256\n|gametype|singles\n|player|p1|Chabbott918|raifort|1486\n|player|p2|Scratchez|170|1478\n|teamsize|p1|6\n|teamsize|p2|6\n|gen|9\n|tier|[Gen 9] OU\n|rated|\n|rule|Sleep Clause Mod: Limit one foe put to sleep\n|rule|Species Clause: Limit one of each Pok\u00e9mon\n|rule|OHKO Clause: OHKO moves are banned\n|rule|Evasion Items Clause: Evasion items are banned\n|rule|Evasion Moves Clause: Evasion moves are banned\n|rule|Endless Battle Clause: Forcing endless battles is banned\n|rule|HP Percentage Mod: HP is shown in percentages\n|clearpoke\n|poke|p1|Cresselia, F|\n|poke|p1|Iron Valiant|\n|poke|p1|Garganacl, M|\n|poke|p1|Landorus-Therian, M|\n|poke|p1|Greninja-*, M|\n|poke|p1|Maushold-Four|\n|poke|p2|Garganacl, M|\n|poke|p2|Arcanine-Hisui, F|\n|poke|p2|Iron Valiant|\n|poke|p2|Corviknight, F|\n|poke|p2|Heatran, F|\n|poke|p2|Hatterene, F|\n|teampreview\n|inactive|Battle timer is ON: inactive players will automatically lose when time's up. (requested by Scratchez)\n|\n|t:|1700729277\n|start\n|switch|p1a: Garganacl|Garganacl, M|100\/100\n|switch|p2a: Iron Valiant|Iron Valiant|100\/100\n|turn|1\n|\n|t:|1700729284\n|move|p2a: Iron Valiant|Focus Blast|p1a: Garganacl\n|-supereffective|p1a: Garganacl\n|-damage|p1a: Garganacl|20\/100\n|move|p1a: Garganacl|Salt Cure|p2a: Iron Valiant\n|-resisted|p2a: Iron Valiant\n|-damage|p2a: Iron Valiant|92\/100\n|-start|p2a: Iron Valiant|Salt Cure\n|\n|-heal|p1a: Garganacl|26\/100|[from] item: Leftovers\n|-damage|p2a: Iron Valiant|79\/100|[from] Salt Cure\n|upkeep\n|turn|2\n|\n|t:|1700729298\n|-end|p2a: Iron Valiant|Quark Drive|[silent]\n|switch|p2a: Garganacl|Garganacl, M|100\/100\n|switch|p1a: Landorus|Landorus-Therian, M, shiny|100\/100\n|-ability|p1a: Landorus|Intimidate|boost\n|-unboost|p2a: Garganacl|atk|1\n|\n|upkeep\n|turn|3\n|\n|t:|1700729305\n|move|p1a: Landorus|U-turn|p2a: Garganacl\n|-damage|p2a: Garganacl|90\/100\n|\n|t:|1700729310\n|switch|p1a: Cresselia|Cresselia, F, shiny|100\/100|[from] U-turn\n|move|p2a: Garganacl|Stealth Rock|p1a: Cresselia\n|-sidestart|p1: Chabbott918|move: Stealth Rock\n|\n|-heal|p2a: Garganacl|96\/100|[from] item: Leftovers\n|upkeep\n|turn|4\n|\n|t:|1700729318\n|move|p1a: Cresselia|Calm Mind|p1a: Cresselia\n|-boost|p1a: Cresselia|spa|1\n|-boost|p1a: Cresselia|spd|1\n|move|p2a: Garganacl|Salt Cure|p1a: Cresselia\n|-damage|p1a: Cresselia|96\/100\n|\n|-heal|p2a: Garganacl|100\/100|[from] item: Leftovers\n|upkeep\n|turn|5\n|\n|t:|1700729328\n|switch|p2a: Arcanine|Arcanine-Hisui, F|100\/100\n|move|p1a: Cresselia|Calm Mind|p1a: Cresselia\n|-boost|p1a: Cresselia|spa|1\n|-boost|p1a: Cresselia|spd|1\n|\n|upkeep\n|turn|6\n|\n|t:|1700729332\n|switch|p1a: Landorus|Landorus-Therian, M, shiny|100\/100\n|-damage|p1a: Landorus|88\/100|[from] Stealth Rock\n|-ability|p1a: Landorus|Intimidate|boost\n|-unboost|p2a: Arcanine|atk|1\n|move|p2a: Arcanine|Flare Blitz|p1a: Landorus\n|-damage|p1a: Landorus|38\/100\n|-damage|p2a: Arcanine|84\/100|[from] item: Rocky Helmet|[of] p1a: Landorus\n|\n|upkeep\n|turn|7\n|\n|t:|1700729341\n|switch|p1a: Greninja|Greninja, M|100\/100\n|-damage|p1a: Greninja|88\/100|[from] Stealth Rock\n|move|p2a: Arcanine|Flare Blitz|p1a: Greninja\n|-resisted|p1a: Greninja\n|-damage|p1a: Greninja|38\/100\n|\n|upkeep\n|turn|8\n|\n|t:|1700729350\n|switch|p2a: Hatterene|Hatterene, F|100\/100\n|move|p1a: Greninja|Water Shuriken|p2a: Hatterene\n|-damage|p2a: Hatterene|91\/100\n|-damage|p2a: Hatterene|81\/100\n|-damage|p2a: Hatterene|73\/100\n|-damage|p2a: Hatterene|63\/100\n|-hitcount|p2a: Hatterene|4\n|-damage|p1a: Greninja|28\/100|[from] item: Life Orb\n|\n|-heal|p2a: Hatterene|69\/100|[from] item: Leftovers\n|upkeep\n|turn|9\n|\n|t:|1700729359\n|switch|p1a: Cresselia|Cresselia, F, shiny|96\/100\n|-damage|p1a: Cresselia|83\/100|[from] Stealth Rock\n|move|p2a: Hatterene|Draining Kiss|p1a: Cresselia\n|-damage|p1a: Cresselia|63\/100\n|-heal|p2a: Hatterene|90\/100|[from] drain|[of] p1a: Cresselia\n|\n|-heal|p2a: Hatterene|96\/100|[from] item: Leftovers\n|upkeep\n|turn|10\n|\n|t:|1700729365\n|move|p1a: Cresselia|Calm Mind|p1a: Cresselia\n|-boost|p1a: Cresselia|spa|1\n|-boost|p1a: Cresselia|spd|1\n|move|p2a: Hatterene|Calm Mind|p2a: Hatterene\n|-boost|p2a: Hatterene|spa|1\n|-boost|p2a: Hatterene|spd|1\n|\n|-heal|p2a: Hatterene|100\/100|[from] item: Leftovers\n|upkeep\n|turn|11\n|\n|t:|1700729372\n|move|p1a: Cresselia|Calm Mind|p1a: Cresselia\n|-boost|p1a: Cresselia|spa|1\n|-boost|p1a: Cresselia|spd|1\n|move|p2a: Hatterene|Calm Mind|p2a: Hatterene\n|-boost|p2a: Hatterene|spa|1\n|-boost|p2a: Hatterene|spd|1\n|\n|upkeep\n|turn|12\n|\n|t:|1700729379\n|move|p1a: Cresselia|Calm Mind|p1a: Cresselia\n|-boost|p1a: Cresselia|spa|1\n|-boost|p1a: Cresselia|spd|1\n|move|p2a: Hatterene|Calm Mind|p2a: Hatterene\n|-boost|p2a: Hatterene|spa|1\n|-boost|p2a: Hatterene|spd|1\n|\n|upkeep\n|turn|13\n|\n|t:|1700729385\n|move|p1a: Cresselia|Calm Mind|p1a: Cresselia\n|-boost|p1a: Cresselia|spa|1\n|-boost|p1a: Cresselia|spd|1\n|move|p2a: Hatterene|Calm Mind|p2a: Hatterene\n|-boost|p2a: Hatterene|spa|1\n|-boost|p2a: Hatterene|spd|1\n|\n|upkeep\n|turn|14\n|\n|t:|1700729388\n|move|p1a: Cresselia|Calm Mind|p1a: Cresselia\n|-boost|p1a: Cresselia|spa|1\n|-boost|p1a: Cresselia|spd|1\n|move|p2a: Hatterene|Calm Mind|p2a: Hatterene\n|-boost|p2a: Hatterene|spa|1\n|-boost|p2a: Hatterene|spd|1\n|\n|upkeep\n|turn|15\n|\n|t:|1700729391\n|move|p1a: Cresselia|Calm Mind|p1a: Cresselia\n|-boost|p1a: Cresselia|spa|1\n|-boost|p1a: Cresselia|spd|1\n|move|p2a: Hatterene|Calm Mind|p2a: Hatterene\n|-boost|p2a: Hatterene|spa|1\n|-boost|p2a: Hatterene|spd|1\n|\n|upkeep\n|turn|16\n|\n|t:|1700729420\n|move|p1a: Cresselia|Moonlight|p1a: Cresselia\n|-heal|p1a: Cresselia|100\/100\n|move|p2a: Hatterene|Draining Kiss|p1a: Cresselia\n|-damage|p1a: Cresselia|81\/100\n|\n|upkeep\n|turn|17\n|\n|t:|1700729429\n|move|p1a: Cresselia|Stored Power|p2a: Hatterene\n|-resisted|p2a: Hatterene\n|-damage|p2a: Hatterene|64\/100\n|move|p2a: Hatterene|Draining Kiss|p1a: Cresselia\n|-damage|p1a: Cresselia|60\/100\n|-heal|p2a: Hatterene|86\/100|[from] drain|[of] p1a: Cresselia\n|\n|-heal|p2a: Hatterene|92\/100|[from] item: Leftovers\n|upkeep\n|turn|18\n|\n|t:|1700729435\n|move|p1a: Cresselia|Stored Power|p2a: Hatterene\n|-resisted|p2a: Hatterene\n|-damage|p2a: Hatterene|57\/100\n|move|p2a: Hatterene|Draining Kiss|p1a: Cresselia\n|-damage|p1a: Cresselia|40\/100\n|-heal|p2a: Hatterene|78\/100|[from] drain|[of] p1a: Cresselia\n|\n|-heal|p2a: Hatterene|84\/100|[from] item: Leftovers\n|upkeep\n|turn|19\n|\n|t:|1700729447\n|move|p1a: Cresselia|Moonlight|p1a: Cresselia\n|-heal|p1a: Cresselia|90\/100\n|move|p2a: Hatterene|Mystical Fire|p1a: Cresselia\n|-damage|p1a: Cresselia|70\/100\n|\n|-heal|p2a: Hatterene|90\/100|[from] item: Leftovers\n|upkeep\n|turn|20\n|\n|t:|1700729453\n|move|p1a: Cresselia|Stored Power|p2a: Hatterene\n|-resisted|p2a: Hatterene\n|-crit|p2a: Hatterene\n|-damage|p2a: Hatterene|0 fnt\n|faint|p2a: Hatterene\n|\n|upkeep\n|\n|t:|1700729457\n|switch|p2a: Heatran|Heatran, F|100\/100\n|turn|21\n|\n|t:|1700729464\n|move|p1a: Cresselia|Stored Power|p2a: Heatran\n|-resisted|p2a: Heatran\n|-damage|p2a: Heatran|14\/100\n|move|p2a: Heatran|Taunt|p1a: Cresselia\n|-start|p1a: Cresselia|move: Taunt\n|\n|-heal|p2a: Heatran|21\/100|[from] item: Leftovers\n|upkeep\n|turn|22\n|\n|t:|1700729472\n|move|p1a: Cresselia|Stored Power|p2a: Heatran\n|-resisted|p2a: Heatran\n|-damage|p2a: Heatran|0 fnt\n|faint|p2a: Heatran\n|\n|upkeep\n|\n|t:|1700729474\n|switch|p2a: Arcanine|Arcanine-Hisui, F|84\/100\n|turn|23\n|\n|t:|1700729479\n|move|p2a: Arcanine|Flare Blitz|p1a: Cresselia\n|-damage|p1a: Cresselia|29\/100\n|move|p1a: Cresselia|Stored Power|p2a: Arcanine\n|-damage|p2a: Arcanine|0 fnt\n|faint|p2a: Arcanine\n|\n|upkeep\n|\n|t:|1700729482\n|switch|p2a: Iron Valiant|Iron Valiant|79\/100\n|turn|24\n|\n|t:|1700729488\n|move|p2a: Iron Valiant|Psyshock|p1a: Cresselia\n|-resisted|p1a: Cresselia\n|-damage|p1a: Cresselia|21\/100\n|move|p1a: Cresselia|Stored Power|p2a: Iron Valiant\n|-supereffective|p2a: Iron Valiant\n|-damage|p2a: Iron Valiant|0 fnt\n|faint|p2a: Iron Valiant\n|-end|p2a: Iron Valiant|Quark Drive|[silent]\n|\n|-end|p1a: Cresselia|move: Taunt\n|upkeep\n|inactive|Scratchez has 120 seconds left.\n|inactive|Scratchez has 90 seconds left.\n|inactive|Scratchez has 60 seconds left.\n|\n|t:|1700729603\n|switch|p2a: Corviknight|Corviknight, F|100\/100\n|-ability|p2a: Corviknight|Pressure\n|turn|25\n|-message|Scratchez forfeited.\n|\n|win|Chabbott918\n|raw|Chabbott918's rating: 1486 &rarr; <strong>1506<\/strong><br \/>(+20 for winning)\n|raw|Scratchez's rating: 1478 &rarr; <strong>1458<\/strong><br \/>(-20 for losing)\n|l|\u2606Scratchez\n","uploadtime":1700729619,"views":5,"p1id":"chabbott918","p2id":"scratchez","formatid":"gen9ou","rating":1458,"private":0,"password":""}