{"id":"gen9ou-1993310408","p1":"Yinlang","p2":"We hit hard","format":"[Gen 9] OU","log":"|j|\u2606Yinlang\n|j|\u2606We hit hard\n|t:|1700295523\n|gametype|singles\n|player|p1|Yinlang|cynthia-gen4|1127\n|player|p2|We hit hard|hilbert|1211\n|teamsize|p1|6\n|teamsize|p2|6\n|gen|9\n|tier|[Gen 9] OU\n|rated|\n|rule|Sleep Clause Mod: Limit one foe put to sleep\n|rule|Species Clause: Limit one of each Pok\u00e9mon\n|rule|OHKO Clause: OHKO moves are banned\n|rule|Evasion Items Clause: Evasion items are banned\n|rule|Evasion Moves Clause: Evasion moves are banned\n|rule|Endless Battle Clause: Forcing endless battles is banned\n|rule|HP Percentage Mod: HP is shown in percentages\n|clearpoke\n|poke|p1|Dondozo, M|\n|poke|p1|Hydreigon, F|\n|poke|p1|Gallade, M|\n|poke|p1|Gholdengo|\n|poke|p1|Kingambit, F|\n|poke|p1|Blissey, F|\n|poke|p2|Rillaboom, F|\n|poke|p2|Sneasler, F|\n|poke|p2|Great Tusk|\n|poke|p2|Enamorus, F|\n|poke|p2|Greninja-*, M|\n|poke|p2|Kingambit, M|\n|teampreview\n|\n|t:|1700295539\n|start\n|switch|p1a: Gallade|Gallade, M, shiny|100\/100\n|switch|p2a: Great Tusk|Great Tusk|100\/100\n|turn|1\n|\n|t:|1700295558\n|-end|p2a: Great Tusk|Protosynthesis|[silent]\n|switch|p2a: Greninja|Greninja, M|100\/100\n|move|p1a: Gallade|Psycho Cut|p2a: Greninja\n|-immune|p2a: Greninja\n|\n|upkeep\n|turn|2\n|\n|t:|1700295585\n|switch|p1a: Kingambit|Kingambit, F|100\/100\n|move|p2a: Greninja|Surf|p1a: Kingambit\n|-damage|p1a: Kingambit|51\/100\n|-damage|p2a: Greninja|91\/100|[from] item: Life Orb\n|\n|upkeep\n|turn|3\n|\n|t:|1700295591\n|move|p1a: Kingambit|Sucker Punch|p2a: Greninja\n|-resisted|p2a: Greninja\n|-damage|p2a: Greninja|57\/100\n|move|p2a: Greninja|Surf|p1a: Kingambit\n|-damage|p1a: Kingambit|0 fnt\n|faint|p1a: Kingambit\n|-end|p1a: Kingambit|fallenundefined|[silent]\n|-ability|p2a: Greninja|Battle Bond|boost\n|-boost|p2a: Greninja|atk|1\n|-boost|p2a: Greninja|spa|1\n|-boost|p2a: Greninja|spe|1\n|-activate|p2a: Greninja|ability: Battle Bond\n|-damage|p2a: Greninja|47\/100|[from] item: Life Orb\n|\n|upkeep\n|\n|t:|1700295602\n|switch|p1a: Blissey|Blissey, F|100\/100\n|turn|4\n|\n|t:|1700295610\n|move|p2a: Greninja|Dark Pulse|p1a: Blissey\n|-damage|p1a: Blissey|82\/100\n|-damage|p2a: Greninja|37\/100|[from] item: Life Orb\n|move|p1a: Blissey|Thunder Wave|p2a: Greninja\n|-status|p2a: Greninja|par\n|\n|-heal|p1a: Blissey|88\/100|[from] item: Leftovers\n|upkeep\n|turn|5\n|\n|t:|1700295618\n|move|p2a: Greninja|Surf|p1a: Blissey\n|-damage|p1a: Blissey|68\/100\n|-damage|p2a: Greninja|28\/100 par|[from] item: Life Orb\n|move|p1a: Blissey|Seismic Toss|p2a: Greninja\n|-damage|p2a: Greninja|0 fnt\n|faint|p2a: Greninja\n|\n|-heal|p1a: Blissey|74\/100|[from] item: Leftovers\n|upkeep\n|\n|t:|1700295632\n|switch|p2a: Great Tusk|Great Tusk|100\/100\n|turn|6\n|\n|t:|1700295646\n|switch|p1a: Dondozo|Dondozo, M, shiny|100\/100\n|move|p2a: Great Tusk|Knock Off|p1a: Dondozo\n|-damage|p1a: Dondozo|85\/100\n|-enditem|p1a: Dondozo|Leftovers|[from] move: Knock Off|[of] p2a: Great Tusk\n|\n|upkeep\n|turn|7\n|\n|t:|1700295654\n|-end|p2a: Great Tusk|Protosynthesis|[silent]\n|switch|p2a: Rillaboom|Rillaboom, F|100\/100\n|-fieldstart|move: Grassy Terrain|[from] ability: Grassy Surge|[of] p2a: Rillaboom\n|move|p1a: Dondozo|Wave Crash|p2a: Rillaboom\n|-resisted|p2a: Rillaboom\n|-crit|p2a: Rillaboom\n|-damage|p2a: Rillaboom|74\/100\n|-damage|p1a: Dondozo|78\/100|[from] Recoil\n|\n|-heal|p2a: Rillaboom|80\/100|[from] Grassy Terrain\n|-heal|p1a: Dondozo|84\/100|[from] Grassy Terrain\n|upkeep\n|turn|8\n|\n|t:|1700295688\n|-terastallize|p1a: Dondozo|Fire\n|move|p2a: Rillaboom|U-turn|p1a: Dondozo\n|-resisted|p1a: Dondozo\n|-damage|p1a: Dondozo|75\/100\n|\n|t:|1700295698\n|switch|p2a: Great Tusk|Great Tusk|100\/100|[from] U-turn\n|move|p1a: Dondozo|Body Press|p2a: Great Tusk\n|-damage|p2a: Great Tusk|83\/100\n|\n|-heal|p2a: Great Tusk|89\/100|[from] Grassy Terrain\n|-heal|p1a: Dondozo|81\/100|[from] Grassy Terrain\n|upkeep\n|turn|9\n|\n|t:|1700295728\n|-end|p2a: Great Tusk|Protosynthesis|[silent]\n|switch|p2a: Rillaboom|Rillaboom, F|80\/100\n|switch|p1a: Hydreigon|Hydreigon, F|100\/100\n|\n|-heal|p2a: Rillaboom|86\/100|[from] Grassy Terrain\n|upkeep\n|turn|10\n|\n|t:|1700295740\n|move|p1a: Hydreigon|Draco Meteor|p2a: Rillaboom\n|-damage|p2a: Rillaboom|0 fnt\n|-unboost|p1a: Hydreigon|spa|2\n|faint|p2a: Rillaboom\n|\n|upkeep\n|\n|t:|1700295752\n|switch|p2a: Enamorus|Enamorus, F|100\/100\n|turn|11\n|\n|t:|1700295812\n|switch|p2a: Sneasler|Sneasler, F|100\/100\n|-enditem|p2a: Sneasler|Grassy Seed\n|-boost|p2a: Sneasler|def|1|[from] item: Grassy Seed\n|switch|p1a: Blissey|Blissey, F|74\/100\n|\n|-heal|p1a: Blissey|80\/100|[from] Grassy Terrain\n|-heal|p1a: Blissey|86\/100|[from] item: Leftovers\n|-fieldend|move: Grassy Terrain\n|upkeep\n|turn|12\n|\n|t:|1700295884\n|switch|p1a: Gallade|Gallade, M, shiny|100\/100\n|move|p2a: Sneasler|Acrobatics|p1a: Gallade\n|-supereffective|p1a: Gallade\n|-damage|p1a: Gallade|0 fnt\n|faint|p1a: Gallade\n|\n|upkeep\n|\n|t:|1700295893\n|switch|p1a: Dondozo|Dondozo, M, shiny, tera:Fire|81\/100\n|turn|13\n|\n|t:|1700295898\n|move|p2a: Sneasler|Dire Claw|p1a: Dondozo\n|-damage|p1a: Dondozo|59\/100\n|move|p1a: Dondozo|Wave Crash|p2a: Sneasler\n|-damage|p2a: Sneasler|34\/100\n|-damage|p1a: Dondozo|46\/100|[from] Recoil\n|\n|upkeep\n|turn|14\n|\n|t:|1700295904\n|move|p2a: Sneasler|Dire Claw|p1a: Dondozo\n|-damage|p1a: Dondozo|25\/100\n|move|p1a: Dondozo|Wave Crash|p2a: Sneasler\n|-damage|p2a: Sneasler|0 fnt\n|faint|p2a: Sneasler\n|-damage|p1a: Dondozo|19\/100|[from] Recoil\n|\n|upkeep\n|\n|t:|1700295927\n|switch|p2a: Great Tusk|Great Tusk|89\/100\n|turn|15\n|\n|t:|1700295944\n|switch|p1a: Hydreigon|Hydreigon, F|100\/100\n|move|p2a: Great Tusk|Close Combat|p1a: Hydreigon\n|-supereffective|p1a: Hydreigon\n|-damage|p1a: Hydreigon|0 fnt\n|-unboost|p2a: Great Tusk|def|1\n|-unboost|p2a: Great Tusk|spd|1\n|faint|p1a: Hydreigon\n|\n|upkeep\n|\n|t:|1700295949\n|switch|p1a: Gholdengo|Gholdengo|100\/100\n|turn|16\n|\n|t:|1700295968\n|-end|p2a: Great Tusk|Protosynthesis|[silent]\n|switch|p2a: Kingambit|Kingambit, M|100\/100\n|-activate|p2a: Kingambit|ability: Supreme Overlord\n|-start|p2a: Kingambit|fallen3|[silent]\n|move|p1a: Gholdengo|Shadow Ball|p2a: Kingambit\n|-resisted|p2a: Kingambit\n|-damage|p2a: Kingambit|68\/100\n|\n|-heal|p2a: Kingambit|74\/100|[from] item: Leftovers\n|upkeep\n|turn|17\n|\n|t:|1700295979\n|switch|p1a: Dondozo|Dondozo, M, shiny, tera:Fire|19\/100\n|move|p2a: Kingambit|Kowtow Cleave|p1a: Dondozo\n|-damage|p1a: Dondozo|0 fnt\n|faint|p1a: Dondozo\n|\n|-heal|p2a: Kingambit|80\/100|[from] item: Leftovers\n|upkeep\n|\n|t:|1700295987\n|switch|p1a: Gholdengo|Gholdengo|100\/100\n|turn|18\n|\n|t:|1700295990\n|move|p2a: Kingambit|Sucker Punch|p1a: Gholdengo\n|-supereffective|p1a: Gholdengo\n|-damage|p1a: Gholdengo|0 fnt\n|faint|p1a: Gholdengo\n|\n|-heal|p2a: Kingambit|86\/100|[from] item: Leftovers\n|upkeep\n|\n|t:|1700295992\n|switch|p1a: Blissey|Blissey, F|86\/100\n|turn|19\n|-message|Yinlang forfeited.\n|\n|win|We hit hard\n|raw|Yinlang's rating: 1127 &rarr; <strong>1108<\/strong><br \/>(-19 for losing)\n|raw|We hit hard's rating: 1211 &rarr; <strong>1230<\/strong><br \/>(+19 for winning)\n|l|\u2606Yinlang\n","uploadtime":1700296009,"views":10,"p1id":"yinlang","p2id":"wehithard","formatid":"gen9ou","rating":1108,"private":0,"password":""}