{"id":"gen9ou-1992785293","p1":"elfelikz","p2":"bugthefriendlyguy","format":"[Gen 9] OU","log":"|j|\u2606elfelikz\n|j|\u2606bugthefriendlyguy\n|t:|1700235247\n|gametype|singles\n|player|p1|elfelikz|unknown|1098\n|player|p2|bugthefriendlyguy|101|1040\n|teamsize|p1|6\n|teamsize|p2|6\n|gen|9\n|tier|[Gen 9] OU\n|rated|\n|rule|Sleep Clause Mod: Limit one foe put to sleep\n|rule|Species Clause: Limit one of each Pok\u00e9mon\n|rule|OHKO Clause: OHKO moves are banned\n|rule|Evasion Items Clause: Evasion items are banned\n|rule|Evasion Moves Clause: Evasion moves are banned\n|rule|Endless Battle Clause: Forcing endless battles is banned\n|rule|HP Percentage Mod: HP is shown in percentages\n|clearpoke\n|poke|p1|Rillaboom, F|\n|poke|p1|Sneasler, F|\n|poke|p1|Ribombee, F|\n|poke|p1|Great Tusk|\n|poke|p1|Zapdos|\n|poke|p1|Enamorus, F|\n|poke|p2|Ceruledge, M|\n|poke|p2|Altaria, M|\n|poke|p2|Tsareena, F|\n|poke|p2|Ninetales-Alola, M|\n|poke|p2|Krookodile, F|\n|poke|p2|Slowbro-Galar, F|\n|teampreview\n|\n|t:|1700235254\n|start\n|switch|p1a: Sneasler|Sneasler, F, shiny|100\/100\n|switch|p2a: Slowbro|Slowbro-Galar, F|100\/100\n|turn|1\n|\n|t:|1700235262\n|switch|p1a: Great Tusk|Great Tusk|100\/100\n|move|p2a: Slowbro|Light Screen|p2a: Slowbro\n|-sidestart|p2: bugthefriendlyguy|move: Light Screen\n|\n|upkeep\n|turn|2\n|\n|t:|1700235270\n|move|p1a: Great Tusk|Headlong Rush|p2a: Slowbro\n|-supereffective|p2a: Slowbro\n|-damage|p2a: Slowbro|0 fnt\n|-unboost|p1a: Great Tusk|def|1\n|-unboost|p1a: Great Tusk|spd|1\n|-damage|p1a: Great Tusk|84\/100|[from] item: Rocky Helmet|[of] p2a: Slowbro\n|faint|p2a: Slowbro\n|\n|upkeep\n|\n|t:|1700235280\n|switch|p2a: Altaria|Altaria, M|100\/100\n|-ability|p2a: Altaria|Cloud Nine\n|turn|3\n|\n|t:|1700235289\n|-end|p1a: Great Tusk|Protosynthesis|[silent]\n|switch|p1a: Ribombee|Ribombee, F, shiny|100\/100\n|move|p2a: Altaria|Dazzling Gleam|p1a: Ribombee\n|-damage|p1a: Ribombee|67\/100\n|\n|upkeep\n|turn|4\n|\n|t:|1700235295\n|move|p1a: Ribombee|Stun Spore|p2a: Altaria\n|-status|p2a: Altaria|par\n|move|p2a: Altaria|Ice Beam|p1a: Ribombee\n|-damage|p1a: Ribombee|30\/100\n|\n|upkeep\n|turn|5\n|\n|t:|1700235301\n|move|p1a: Ribombee|Sticky Web|p2a: Altaria\n|-sidestart|p2: bugthefriendlyguy|move: Sticky Web\n|move|p2a: Altaria|Ice Beam|p1a: Ribombee\n|-damage|p1a: Ribombee|0 fnt\n|faint|p1a: Ribombee\n|\n|-sideend|p2: bugthefriendlyguy|move: Light Screen\n|upkeep\n|\n|t:|1700235310\n|switch|p1a: Enamorus|Enamorus, F|100\/100\n|turn|6\n|\n|t:|1700235314\n|move|p1a: Enamorus|Moonblast|p2a: Altaria\n|-supereffective|p2a: Altaria\n|-damage|p2a: Altaria|0 fnt\n|faint|p2a: Altaria\n|\n|upkeep\n|\n|t:|1700235327\n|switch|p2a: Ninetales|Ninetales-Alola, M|100\/100\n|-activate|p2a: Ninetales|move: Sticky Web\n|-unboost|p2a: Ninetales|spe|1\n|-weather|Snow|[from] ability: Snow Warning|[of] p2a: Ninetales\n|turn|7\n|\n|t:|1700235333\n|switch|p1a: Zapdos|Zapdos|100\/100\n|move|p2a: Ninetales|Aurora Veil|p2a: Ninetales\n|-sidestart|p2: bugthefriendlyguy|move: Aurora Veil\n|\n|-weather|Snow|[upkeep]\n|upkeep\n|turn|8\n|\n|t:|1700235340\n|move|p1a: Zapdos|Thunderbolt|p2a: Ninetales\n|-damage|p2a: Ninetales|75\/100\n|move|p2a: Ninetales|Blizzard|p1a: Zapdos\n|-supereffective|p1a: Zapdos\n|-crit|p1a: Zapdos\n|-damage|p1a: Zapdos|0 fnt\n|faint|p1a: Zapdos\n|\n|-weather|Snow|[upkeep]\n|-heal|p2a: Ninetales|81\/100|[from] item: Leftovers\n|upkeep\n|\n|t:|1700235344\n|switch|p1a: Sneasler|Sneasler, F, shiny|100\/100\n|turn|9\n|\n|t:|1700235353\n|move|p1a: Sneasler|Dire Claw|p2a: Ninetales\n|-supereffective|p2a: Ninetales\n|-damage|p2a: Ninetales|31\/100\n|-status|p2a: Ninetales|psn\n|move|p2a: Ninetales|Moonblast|p1a: Sneasler\n|-damage|p1a: Sneasler|49\/100\n|\n|-weather|Snow|[upkeep]\n|-heal|p2a: Ninetales|37\/100 psn|[from] item: Leftovers\n|-damage|p2a: Ninetales|25\/100 psn|[from] psn\n|upkeep\n|turn|10\n|\n|t:|1700235363\n|move|p1a: Sneasler|Dire Claw|p2a: Ninetales\n|-supereffective|p2a: Ninetales\n|-damage|p2a: Ninetales|0 fnt\n|faint|p2a: Ninetales\n|\n|-weather|Snow|[upkeep]\n|upkeep\n|\n|t:|1700235374\n|switch|p2a: Krookodile|Krookodile, F|100\/100\n|-activate|p2a: Krookodile|move: Sticky Web\n|-unboost|p2a: Krookodile|spe|1\n|-ability|p2a: Krookodile|Intimidate|boost\n|-unboost|p1a: Sneasler|atk|1\n|turn|11\n|\n|t:|1700235405\n|switch|p1a: Rillaboom|Rillaboom, F|100\/100\n|-fieldstart|move: Grassy Terrain|[from] ability: Grassy Surge|[of] p1a: Rillaboom\n|-terastallize|p2a: Krookodile|Fire\n|move|p2a: Krookodile|Crunch|p1a: Rillaboom\n|-damage|p1a: Rillaboom|39\/100\n|\n|-weather|none\n|-heal|p1a: Rillaboom|45\/100|[from] Grassy Terrain\n|-sideend|p2: bugthefriendlyguy|move: Aurora Veil\n|upkeep\n|turn|12\n|\n|t:|1700235415\n|move|p1a: Rillaboom|U-turn|p2a: Krookodile\n|-resisted|p2a: Krookodile\n|-damage|p2a: Krookodile|77\/100\n|\n|t:|1700235417\n|switch|p1a: Great Tusk|Great Tusk|84\/100|[from] U-turn\n|move|p2a: Krookodile|Crunch|p1a: Great Tusk\n|-resisted|p1a: Great Tusk\n|-damage|p1a: Great Tusk|63\/100\n|\n|-heal|p1a: Great Tusk|69\/100|[from] Grassy Terrain\n|-heal|p2a: Krookodile|83\/100|[from] Grassy Terrain\n|upkeep\n|turn|13\n|\n|t:|1700235425\n|move|p1a: Great Tusk|Headlong Rush|p2a: Krookodile\n|-supereffective|p2a: Krookodile\n|-damage|p2a: Krookodile|0 fnt\n|-unboost|p1a: Great Tusk|def|1\n|-unboost|p1a: Great Tusk|spd|1\n|faint|p2a: Krookodile\n|\n|-heal|p1a: Great Tusk|75\/100|[from] Grassy Terrain\n|upkeep\n|\n|t:|1700235434\n|switch|p2a: Tsareena|Tsareena, F|100\/100\n|-activate|p2a: Tsareena|move: Sticky Web\n|-unboost|p2a: Tsareena|spe|1\n|turn|14\n|\n|t:|1700235443\n|-end|p1a: Great Tusk|Protosynthesis|[silent]\n|switch|p1a: Enamorus|Enamorus, F|100\/100\n|move|p2a: Tsareena|Seed Bomb|p1a: Enamorus\n|-resisted|p1a: Enamorus\n|-damage|p1a: Enamorus|59\/100\n|\n|upkeep\n|turn|15\n|\n|t:|1700235453\n|move|p1a: Enamorus|Mystical Fire|p2a: Tsareena\n|-supereffective|p2a: Tsareena\n|-damage|p2a: Tsareena|8\/100\n|-unboost|p2a: Tsareena|spa|1\n|move|p2a: Tsareena|Seed Bomb|p1a: Enamorus\n|-resisted|p1a: Enamorus\n|-damage|p1a: Enamorus|18\/100\n|\n|-heal|p2a: Tsareena|14\/100|[from] Grassy Terrain\n|-fieldend|move: Grassy Terrain\n|upkeep\n|turn|16\n|\n|t:|1700235467\n|move|p1a: Enamorus|Mystical Fire|p2a: Tsareena\n|-supereffective|p2a: Tsareena\n|-damage|p2a: Tsareena|0 fnt\n|faint|p2a: Tsareena\n|\n|upkeep\n|\n|t:|1700235471\n|switch|p2a: Ceruledge|Ceruledge, M|100\/100\n|turn|17\n|\n|t:|1700235479\n|switch|p1a: Sneasler|Sneasler, F, shiny|49\/100\n|move|p2a: Ceruledge|Bitter Blade|p1a: Sneasler\n|-damage|p1a: Sneasler|0 fnt\n|faint|p1a: Sneasler\n|\n|upkeep\n|\n|t:|1700235481\n|switch|p1a: Great Tusk|Great Tusk|75\/100\n|turn|18\n|\n|t:|1700235493\n|move|p1a: Great Tusk|Headlong Rush|p2a: Ceruledge\n|-supereffective|p2a: Ceruledge\n|-damage|p2a: Ceruledge|0 fnt\n|-unboost|p1a: Great Tusk|def|1\n|-unboost|p1a: Great Tusk|spd|1\n|faint|p2a: Ceruledge\n|\n|win|elfelikz\n|raw|elfelikz's rating: 1098 &rarr; <strong>1119<\/strong><br \/>(+21 for winning)\n|raw|bugthefriendlyguy's rating: 1040 &rarr; <strong>1027<\/strong><br \/>(-13 for losing)\n|l|\u2606bugthefriendlyguy\n","uploadtime":1700235514,"views":9,"p1id":"elfelikz","p2id":"bugthefriendlyguy","formatid":"gen9ou","rating":1027,"private":0,"password":""}