{"id":"gen9ou-1988675820","p1":"Katsu6624","p2":"Sp00derZ","format":"[Gen 9] OU","log":"|j|\u2606Katsu6624\n|j|\u2606Sp00derZ\n|t:|1699749284\n|gametype|singles\n|player|p1|Katsu6624|cynthia-gen4|1172\n|player|p2|Sp00derZ|101|1197\n|teamsize|p1|6\n|teamsize|p2|6\n|gen|9\n|tier|[Gen 9] OU\n|rated|\n|rule|Sleep Clause Mod: Limit one foe put to sleep\n|rule|Species Clause: Limit one of each Pok\u00e9mon\n|rule|OHKO Clause: OHKO moves are banned\n|rule|Evasion Items Clause: Evasion items are banned\n|rule|Evasion Moves Clause: Evasion moves are banned\n|rule|Endless Battle Clause: Forcing endless battles is banned\n|rule|HP Percentage Mod: HP is shown in percentages\n|clearpoke\n|poke|p1|Garchomp, M|\n|poke|p1|Spiritomb, M|\n|poke|p1|Milotic, F|\n|poke|p1|Braviary-Hisui, M|\n|poke|p1|Lucario, M|\n|poke|p1|Glaceon, F|\n|poke|p2|Great Tusk|\n|poke|p2|Rotom-Wash|\n|poke|p2|Iron Moth|\n|poke|p2|Iron Valiant|\n|poke|p2|Kingambit, F|\n|poke|p2|Amoonguss, M|\n|teampreview\n|inactive|Battle timer is ON: inactive players will automatically lose when time's up. (requested by Katsu6624)\n|\n|t:|1699749296\n|start\n|switch|p1a: Poubelle|Glaceon, F, shiny|100\/100\n|switch|p2a: Great Tusk|Great Tusk|100\/100\n|turn|1\n|\n|t:|1699749319\n|-end|p2a: Great Tusk|Protosynthesis|[silent]\n|switch|p2a: Rotom|Rotom-Wash|100\/100\n|move|p1a: Poubelle|Freeze-Dry|p2a: Rotom\n|-supereffective|p2a: Rotom\n|-crit|p2a: Rotom\n|-damage|p2a: Rotom|0 fnt\n|faint|p2a: Rotom\n|\n|upkeep\n|inactive|Sp00derZ has 120 seconds left.\n|c|\u2606Katsu6624|Crit does not change anything\n|c|\u2606Katsu6624|I am specs\n|\n|t:|1699749344\n|switch|p2a: Iron Moth|Iron Moth|100\/100\n|-enditem|p2a: Iron Moth|Booster Energy\n|-activate|p2a: Iron Moth|ability: Quark Drive|[fromitem]\n|-start|p2a: Iron Moth|quarkdrivespe\n|turn|2\n|inactive|Sp00derZ has 120 seconds left.\n|\n|t:|1699749355\n|switch|p1a: Je stall|Milotic, F|100\/100\n|move|p2a: Iron Moth|Energy Ball|p1a: Je stall\n|-supereffective|p1a: Je stall\n|-damage|p1a: Je stall|66\/100\n|\n|upkeep\n|turn|3\n|inactive|Sp00derZ has 120 seconds left.\n|\n|t:|1699749370\n|-terastallize|p2a: Iron Moth|Grass\n|move|p2a: Iron Moth|Substitute|p2a: Iron Moth\n|-start|p2a: Iron Moth|Substitute\n|-damage|p2a: Iron Moth|76\/100\n|move|p1a: Je stall|Recover|p1a: Je stall\n|-heal|p1a: Je stall|100\/100\n|\n|upkeep\n|turn|4\n|inactive|Sp00derZ has 120 seconds left.\n|\n|t:|1699749392\n|move|p2a: Iron Moth|Fiery Dance|p1a: Je stall\n|-resisted|p1a: Je stall\n|-damage|p1a: Je stall|89\/100\n|move|p1a: Je stall|Mirror Coat|p2a: Iron Moth\n|-end|p2a: Iron Moth|Substitute\n|\n|upkeep\n|turn|5\n|inactive|Sp00derZ has 120 seconds left.\n|\n|t:|1699749404\n|-end|p2a: Iron Moth|Quark Drive|[silent]\n|switch|p2a: Amoonguss|Amoonguss, M|100\/100\n|move|p1a: Je stall|Scald|p2a: Amoonguss\n|-resisted|p2a: Amoonguss\n|-damage|p2a: Amoonguss|87\/100\n|-status|p2a: Amoonguss|brn\n|\n|-heal|p2a: Amoonguss|93\/100 brn|[from] item: Leftovers\n|-damage|p2a: Amoonguss|87\/100 brn|[from] brn\n|upkeep\n|turn|6\n|inactive|Sp00derZ has 120 seconds left.\n|\n|t:|1699749416\n|switch|p1a: Poubelle|Glaceon, F, shiny|100\/100\n|move|p2a: Amoonguss|Toxic|p1a: Poubelle\n|-status|p1a: Poubelle|tox\n|\n|-heal|p2a: Amoonguss|93\/100 brn|[from] item: Leftovers\n|-damage|p1a: Poubelle|95\/100 tox|[from] psn\n|-damage|p2a: Amoonguss|87\/100 brn|[from] brn\n|upkeep\n|turn|7\n|inactive|Sp00derZ has 120 seconds left.\n|\n|t:|1699749444\n|switch|p2a: Kingambit|Kingambit, F|100\/100\n|-activate|p2a: Kingambit|ability: Supreme Overlord\n|-start|p2a: Kingambit|fallen1|[silent]\n|-item|p2a: Kingambit|Air Balloon\n|move|p1a: Poubelle|Blizzard|p2a: Kingambit\n|-resisted|p2a: Kingambit\n|-damage|p2a: Kingambit|62\/100\n|-enditem|p2a: Kingambit|Air Balloon\n|\n|-damage|p1a: Poubelle|83\/100 tox|[from] psn\n|upkeep\n|turn|8\n|\n|t:|1699749461\n|switch|p1a: AGROU GROU|Lucario, M|100\/100\n|move|p2a: Kingambit|Iron Head|p1a: AGROU GROU\n|-resisted|p1a: AGROU GROU\n|-damage|p1a: AGROU GROU|68\/100\n|\n|upkeep\n|turn|9\n|\n|t:|1699749472\n|-end|p2a: Kingambit|fallen1|[silent]\n|switch|p2a: Great Tusk|Great Tusk|100\/100\n|move|p1a: AGROU GROU|Drain Punch|p2a: Great Tusk\n|-damage|p2a: Great Tusk|85\/100\n|-heal|p1a: AGROU GROU|81\/100|[from] drain|[of] p2a: Great Tusk\n|-damage|p1a: AGROU GROU|71\/100|[from] item: Life Orb\n|\n|-heal|p2a: Great Tusk|91\/100|[from] item: Leftovers\n|upkeep\n|turn|10\n|\n|t:|1699749487\n|switch|p1a: ZEHAHAHAHAHAHA|Garchomp, M|100\/100\n|move|p2a: Great Tusk|Stealth Rock|p1a: ZEHAHAHAHAHAHA\n|-sidestart|p1: Katsu6624|move: Stealth Rock\n|\n|-heal|p2a: Great Tusk|97\/100|[from] item: Leftovers\n|upkeep\n|turn|11\n|\n|t:|1699749494\n|move|p1a: ZEHAHAHAHAHAHA|Draco Meteor|p2a: Great Tusk\n|-damage|p2a: Great Tusk|12\/100\n|-unboost|p1a: ZEHAHAHAHAHAHA|spa|2\n|-damage|p1a: ZEHAHAHAHAHAHA|91\/100|[from] item: Life Orb\n|move|p2a: Great Tusk|Knock Off|p1a: ZEHAHAHAHAHAHA\n|-damage|p1a: ZEHAHAHAHAHAHA|61\/100\n|-damage|p2a: Great Tusk|0 fnt|[from] ability: Rough Skin|[of] p1a: ZEHAHAHAHAHAHA\n|faint|p2a: Great Tusk\n|-end|p2a: Great Tusk|Protosynthesis|[silent]\n|\n|upkeep\n|\n|t:|1699749507\n|switch|p2a: Iron Valiant|Iron Valiant|100\/100\n|-enditem|p2a: Iron Valiant|Booster Energy\n|-activate|p2a: Iron Valiant|ability: Quark Drive|[fromitem]\n|-start|p2a: Iron Valiant|quarkdrivespe\n|turn|12\n|\n|t:|1699749515\n|switch|p1a: Je stall|Milotic, F|89\/100\n|move|p2a: Iron Valiant|Moonblast|p1a: Je stall\n|-damage|p1a: Je stall|61\/100\n|\n|upkeep\n|turn|13\n|\n|t:|1699749524\n|move|p2a: Iron Valiant|Thunderbolt|p1a: Je stall\n|-supereffective|p1a: Je stall\n|-damage|p1a: Je stall|27\/100\n|move|p1a: Je stall|Recover|p1a: Je stall\n|-heal|p1a: Je stall|77\/100\n|\n|upkeep\n|turn|14\n|\n|t:|1699749532\n|move|p2a: Iron Valiant|Thunderbolt|p1a: Je stall\n|-supereffective|p1a: Je stall\n|-damage|p1a: Je stall|42\/100\n|move|p1a: Je stall|Scald|p2a: Iron Valiant\n|-damage|p2a: Iron Valiant|52\/100\n|-status|p2a: Iron Valiant|brn\n|\n|-damage|p2a: Iron Valiant|45\/100 brn|[from] brn\n|upkeep\n|turn|15\n|inactive|Sp00derZ has 120 seconds left.\n|\n|t:|1699749551\n|move|p2a: Iron Valiant|Thunderbolt|p1a: Je stall\n|-supereffective|p1a: Je stall\n|-damage|p1a: Je stall|9\/100\n|move|p1a: Je stall|Recover|p1a: Je stall\n|-heal|p1a: Je stall|59\/100\n|\n|-damage|p2a: Iron Valiant|39\/100 brn|[from] brn\n|upkeep\n|turn|16\n|\n|t:|1699749580\n|move|p2a: Iron Valiant|Encore|p1a: Je stall\n|-start|p1a: Je stall|Encore\n|move|p1a: Je stall|Recover|p1a: Je stall\n|-heal|p1a: Je stall|100\/100\n|\n|-damage|p2a: Iron Valiant|33\/100 brn|[from] brn\n|upkeep\n|turn|17\n|\n|t:|1699749602\n|-end|p2a: Iron Valiant|Quark Drive|[silent]\n|switch|p2a: Kingambit|Kingambit, F|62\/100\n|-activate|p2a: Kingambit|ability: Supreme Overlord\n|-start|p2a: Kingambit|fallen2|[silent]\n|switch|p1a: CUI CUI|Braviary-Hisui, M, shiny|100\/100\n|\n|upkeep\n|turn|18\n|inactive|Sp00derZ has 90 seconds left.\n|\n|t:|1699749624\n|move|p1a: CUI CUI|Hurricane|p2a: Kingambit|[miss]\n|-miss|p1a: CUI CUI|p2a: Kingambit\n|move|p2a: Kingambit|Kowtow Cleave|p1a: CUI CUI\n|-supereffective|p1a: CUI CUI\n|-damage|p1a: CUI CUI|0 fnt\n|faint|p1a: CUI CUI\n|\n|upkeep\n|\n|t:|1699749629\n|switch|p1a: AGROU GROU|Lucario, M|71\/100\n|-damage|p1a: AGROU GROU|68\/100|[from] Stealth Rock\n|turn|19\n|\n|t:|1699749637\n|-end|p2a: Kingambit|fallen2|[silent]\n|switch|p2a: Amoonguss|Amoonguss, M|100\/100 brn\n|move|p1a: AGROU GROU|Swords Dance|p1a: AGROU GROU\n|-boost|p1a: AGROU GROU|atk|2\n|\n|-damage|p2a: Amoonguss|94\/100 brn|[from] brn\n|upkeep\n|turn|20\n|\n|t:|1699749654\n|move|p1a: AGROU GROU|Swords Dance|p1a: AGROU GROU\n|-boost|p1a: AGROU GROU|atk|2\n|move|p2a: Amoonguss|Spore|p1a: AGROU GROU\n|-status|p1a: AGROU GROU|slp|[from] move: Spore\n|\n|-heal|p2a: Amoonguss|100\/100 brn|[from] item: Leftovers\n|-damage|p2a: Amoonguss|94\/100 brn|[from] brn\n|upkeep\n|turn|21\n|\n|t:|1699749671\n|switch|p2a: Iron Moth|Iron Moth, tera:Grass|76\/100\n|cant|p1a: AGROU GROU|slp\n|\n|upkeep\n|turn|22\n|\n|t:|1699749686\n|-terastallize|p1a: AGROU GROU|Normal\n|cant|p1a: AGROU GROU|slp\n|move|p2a: Iron Moth|Energy Ball|p1a: AGROU GROU\n|-damage|p1a: AGROU GROU|0 fnt\n|faint|p1a: AGROU GROU\n|\n|upkeep\n|\n|t:|1699749696\n|switch|p1a: Je stall|Milotic, F|100\/100\n|turn|23\n|\n|t:|1699749705\n|-end|p2a: Iron Moth|Quark Drive|[silent]\n|switch|p2a: Amoonguss|Amoonguss, M|100\/100 brn\n|move|p1a: Je stall|Mirror Coat||[still]\n|-fail|p1a: Je stall\n|\n|-damage|p2a: Amoonguss|94\/100 brn|[from] brn\n|upkeep\n|turn|24\n|\n|t:|1699749712\n|switch|p1a: Poubelle|Glaceon, F, shiny|83\/100 tox\n|-damage|p1a: Poubelle|58\/100 tox|[from] Stealth Rock\n|move|p2a: Amoonguss|Toxic|p1a: Poubelle\n|-fail|p1a: Poubelle|tox\n|\n|-heal|p2a: Amoonguss|100\/100 brn|[from] item: Leftovers\n|-damage|p1a: Poubelle|52\/100 tox|[from] psn\n|-damage|p2a: Amoonguss|94\/100 brn|[from] brn\n|upkeep\n|turn|25\n|\n|t:|1699749733\n|switch|p2a: Kingambit|Kingambit, F|62\/100\n|-activate|p2a: Kingambit|ability: Supreme Overlord\n|-start|p2a: Kingambit|fallen2|[silent]\n|move|p1a: Poubelle|Freeze-Dry|p2a: Kingambit\n|-resisted|p2a: Kingambit\n|-damage|p2a: Kingambit|35\/100\n|\n|-damage|p1a: Poubelle|40\/100 tox|[from] psn\n|upkeep\n|turn|26\n|inactive|Katsu6624 has 120 seconds left.\n|inactive|Sp00derZ has 90 seconds left.\n|\n|t:|1699749761\n|move|p1a: Poubelle|Freeze-Dry|p2a: Kingambit\n|-resisted|p2a: Kingambit\n|-damage|p2a: Kingambit|10\/100\n|move|p2a: Kingambit|Iron Head|p1a: Poubelle\n|-supereffective|p1a: Poubelle\n|-damage|p1a: Poubelle|0 fnt\n|faint|p1a: Poubelle\n|\n|upkeep\n|inactive|Katsu6624 has 120 seconds left.\n|\n|t:|1699749766\n|switch|p1a: ZEHAHAHAHAHAHA|Garchomp, M|61\/100\n|-damage|p1a: ZEHAHAHAHAHAHA|55\/100|[from] Stealth Rock\n|turn|27\n|inactive|Sp00derZ has 90 seconds left.\n|\n|t:|1699749787\n|move|p2a: Kingambit|Sucker Punch|p1a: ZEHAHAHAHAHAHA\n|-damage|p1a: ZEHAHAHAHAHAHA|6\/100\n|-damage|p2a: Kingambit|0 fnt|[from] ability: Rough Skin|[of] p1a: ZEHAHAHAHAHAHA\n|faint|p2a: Kingambit\n|-end|p2a: Kingambit|fallen2|[silent]\n|move|p1a: ZEHAHAHAHAHAHA|Earthquake|p2: Kingambit|[notarget]\n|-fail|p1a: ZEHAHAHAHAHAHA\n|\n|upkeep\n|\n|t:|1699749794\n|switch|p2a: Amoonguss|Amoonguss, M|100\/100 brn\n|turn|28\n|inactive|Sp00derZ has 90 seconds left.\n|inactive|Katsu6624 has 120 seconds left.\n|\n|t:|1699749832\n|move|p1a: ZEHAHAHAHAHAHA|Fire Blast|p2a: Amoonguss\n|-supereffective|p2a: Amoonguss\n|-damage|p2a: Amoonguss|26\/100 brn\n|-damage|p1a: ZEHAHAHAHAHAHA|0 fnt|[from] item: Life Orb\n|faint|p1a: ZEHAHAHAHAHAHA\n|move|p2a: Amoonguss|Giga Drain|p1: ZEHAHAHAHAHAHA|[notarget]\n|-fail|p2a: Amoonguss\n|\n|-heal|p2a: Amoonguss|32\/100 brn|[from] item: Leftovers\n|-damage|p2a: Amoonguss|26\/100 brn|[from] brn\n|upkeep\n|inactive|Katsu6624 has 90 seconds left.\n|\n|t:|1699749875\n|switch|p1a: Bzuuougururu|Spiritomb, M, shiny|100\/100\n|-damage|p1a: Bzuuougururu|88\/100|[from] Stealth Rock\n|-ability|p1a: Bzuuougururu|Pressure\n|turn|29\n|inactive|Sp00derZ has 90 seconds left.\n|\n|t:|1699749896\n|switch|p2a: Iron Moth|Iron Moth, tera:Grass|76\/100\n|move|p1a: Bzuuougururu|Foul Play|p2a: Iron Moth\n|-damage|p2a: Iron Moth|50\/100\n|\n|-heal|p1a: Bzuuougururu|94\/100|[from] item: Leftovers\n|upkeep\n|turn|30\n|\n|t:|1699749911\n|move|p2a: Iron Moth|Sludge Wave|p1a: Bzuuougururu\n|-resisted|p1a: Bzuuougururu\n|-damage|p1a: Bzuuougururu|68\/100\n|move|p1a: Bzuuougururu|Foul Play|p2a: Iron Moth\n|-damage|p2a: Iron Moth|24\/100\n|\n|-heal|p1a: Bzuuougururu|75\/100|[from] item: Leftovers\n|upkeep\n|turn|31\n|\n|t:|1699749924\n|move|p2a: Iron Moth|Sludge Wave|p1a: Bzuuougururu\n|-resisted|p1a: Bzuuougururu\n|-damage|p1a: Bzuuougururu|50\/100\n|move|p1a: Bzuuougururu|Foul Play|p2a: Iron Moth\n|-crit|p2a: Iron Moth\n|-damage|p2a: Iron Moth|0 fnt\n|faint|p2a: Iron Moth\n|-end|p2a: Iron Moth|Quark Drive|[silent]\n|\n|-heal|p1a: Bzuuougururu|56\/100|[from] item: Leftovers\n|upkeep\n|\n|t:|1699749932\n|switch|p2a: Iron Valiant|Iron Valiant|33\/100 brn\n|turn|32\n|inactive|Katsu6624 has 90 seconds left.\n|\n|t:|1699749946\n|move|p1a: Bzuuougururu|Shadow Sneak|p2a: Iron Valiant\n|-damage|p2a: Iron Valiant|11\/100 brn\n|move|p2a: Iron Valiant|Moonblast|p1a: Bzuuougururu\n|-supereffective|p1a: Bzuuougururu\n|-damage|p1a: Bzuuougururu|0 fnt\n|faint|p1a: Bzuuougururu\n|\n|-damage|p2a: Iron Valiant|5\/100 brn|[from] brn\n|upkeep\n|\n|t:|1699749951\n|switch|p1a: Je stall|Milotic, F|100\/100\n|turn|33\n|\n|t:|1699749958\n|-end|p2a: Iron Valiant|Quark Drive|[silent]\n|switch|p2a: Amoonguss|Amoonguss, M|59\/100 brn\n|move|p1a: Je stall|Scald|p2a: Amoonguss\n|-resisted|p2a: Amoonguss\n|-damage|p2a: Amoonguss|46\/100 brn\n|\n|-heal|p2a: Amoonguss|52\/100 brn|[from] item: Leftovers\n|-damage|p2a: Amoonguss|46\/100 brn|[from] brn\n|upkeep\n|turn|34\n|\n|t:|1699749969\n|move|p1a: Je stall|Scald|p2a: Amoonguss\n|-resisted|p2a: Amoonguss\n|-damage|p2a: Amoonguss|33\/100 brn\n|move|p2a: Amoonguss|Toxic|p1a: Je stall\n|-status|p1a: Je stall|tox\n|\n|-heal|p2a: Amoonguss|40\/100 brn|[from] item: Leftovers\n|-damage|p1a: Je stall|94\/100 tox|[from] psn\n|-damage|p2a: Amoonguss|33\/100 brn|[from] brn\n|upkeep\n|turn|35\n|\n|t:|1699749978\n|move|p1a: Je stall|Scald|p2a: Amoonguss\n|-resisted|p2a: Amoonguss\n|-damage|p2a: Amoonguss|19\/100 brn\n|move|p2a: Amoonguss|Giga Drain|p1a: Je stall\n|-supereffective|p1a: Je stall\n|-damage|p1a: Je stall|71\/100 tox\n|-heal|p2a: Amoonguss|30\/100 brn|[from] drain|[of] p1a: Je stall\n|\n|-heal|p2a: Amoonguss|36\/100 brn|[from] item: Leftovers\n|-damage|p1a: Je stall|59\/100 tox|[from] psn\n|-damage|p2a: Amoonguss|30\/100 brn|[from] brn\n|upkeep\n|turn|36\n|inactive|Katsu6624 has 120 seconds left.\n|\n|t:|1699749991\n|move|p2a: Amoonguss|Giga Drain|p1a: Je stall\n|-supereffective|p1a: Je stall\n|-damage|p1a: Je stall|36\/100 tox\n|-heal|p2a: Amoonguss|41\/100 brn|[from] drain|[of] p1a: Je stall\n|move|p1a: Je stall|Mirror Coat|p2a: Amoonguss\n|-damage|p2a: Amoonguss|0 fnt\n|faint|p2a: Amoonguss\n|\n|-damage|p1a: Je stall|17\/100 tox|[from] psn\n|upkeep\n|\n|t:|1699750001\n|switch|p2a: Iron Valiant|Iron Valiant|5\/100 brn\n|turn|37\n|\n|t:|1699750004\n|move|p2a: Iron Valiant|Thunderbolt|p1a: Je stall\n|-supereffective|p1a: Je stall\n|-damage|p1a: Je stall|0 fnt\n|faint|p1a: Je stall\n|\n|win|Sp00derZ\n|raw|Katsu6624's rating: 1172 &rarr; <strong>1149<\/strong><br \/>(-23 for losing)\n|raw|Sp00derZ's rating: 1197 &rarr; <strong>1220<\/strong><br \/>(+23 for winning)\n|l|\u2606Katsu6624\n","uploadtime":1699750017,"views":14,"p1id":"katsu6624","p2id":"sp00derz","formatid":"gen9ou","rating":1149,"private":0,"password":""}