{"id":"gen9ou-1998306336","p1":"Stallmefasterdaddy","p2":"dap0698","format":"[Gen 9] OU","log":"|j|\u2606Stallmefasterdaddy\n|j|\u2606dap0698\n|t:|1700927368\n|gametype|singles\n|player|p1|Stallmefasterdaddy|swimmerf|1160\n|player|p2|dap0698|1|1209\n|teamsize|p1|6\n|teamsize|p2|6\n|gen|9\n|tier|[Gen 9] OU\n|rated|\n|rule|Sleep Clause Mod: Limit one foe put to sleep\n|rule|Species Clause: Limit one of each Pok\u00e9mon\n|rule|OHKO Clause: OHKO moves are banned\n|rule|Evasion Items Clause: Evasion items are banned\n|rule|Evasion Moves Clause: Evasion moves are banned\n|rule|Endless Battle Clause: Forcing endless battles is banned\n|rule|HP Percentage Mod: HP is shown in percentages\n|clearpoke\n|poke|p1|Cinderace, M|\n|poke|p1|Dondozo, M|\n|poke|p1|Toxapex, M|\n|poke|p1|Great Tusk|\n|poke|p1|Rillaboom, M|\n|poke|p1|Iron Moth|\n|poke|p2|Zamazenta-*|\n|poke|p2|Rillaboom, F|\n|poke|p2|Ting-Lu|\n|poke|p2|Garganacl, M|\n|poke|p2|Great Tusk|\n|poke|p2|Oricorio, M|\n|teampreview\n|\n|t:|1700927375\n|start\n|switch|p1a: Toxapex|Toxapex, M|100\/100\n|switch|p2a: Ting-Lu|Ting-Lu|100\/100\n|-ability|p2a: Ting-Lu|Vessel of Ruin\n|turn|1\n|\n|t:|1700927382\n|move|p2a: Ting-Lu|Ruination|p1a: Toxapex\n|-damage|p1a: Toxapex|50\/100\n|move|p1a: Toxapex|Infestation|p2a: Ting-Lu\n|-supereffective|p2a: Ting-Lu\n|-damage|p2a: Ting-Lu|98\/100\n|-activate|p2a: Ting-Lu|move: Infestation|[of] p1a: Toxapex\n|\n|-heal|p1a: Toxapex|57\/100|[from] item: Leftovers\n|-damage|p2a: Ting-Lu|86\/100|[from] move: Infestation|[partiallytrapped]\n|upkeep\n|turn|2\n|\n|t:|1700927391\n|move|p2a: Ting-Lu|Stealth Rock|p1a: Toxapex\n|-sidestart|p1: Stallmefasterdaddy|move: Stealth Rock\n|move|p1a: Toxapex|Toxic|p2a: Ting-Lu\n|-status|p2a: Ting-Lu|tox\n|\n|-heal|p1a: Toxapex|63\/100|[from] item: Leftovers\n|-damage|p2a: Ting-Lu|79\/100 tox|[from] psn\n|-damage|p2a: Ting-Lu|67\/100 tox|[from] move: Infestation|[partiallytrapped]\n|upkeep\n|turn|3\n|\n|t:|1700927398\n|move|p1a: Toxapex|Baneful Bunker|p1a: Toxapex\n|-singleturn|p1a: Toxapex|move: Protect\n|move|p2a: Ting-Lu|Spikes|p1a: Toxapex\n|-sidestart|p1: Stallmefasterdaddy|Spikes\n|\n|-heal|p1a: Toxapex|69\/100|[from] item: Leftovers\n|-damage|p2a: Ting-Lu|55\/100 tox|[from] psn\n|-damage|p2a: Ting-Lu|42\/100 tox|[from] move: Infestation|[partiallytrapped]\n|upkeep\n|turn|4\n|\n|t:|1700927404\n|move|p1a: Toxapex|Recover|p1a: Toxapex\n|-heal|p1a: Toxapex|100\/100\n|move|p2a: Ting-Lu|Whirlwind|p1a: Toxapex\n|drag|p1a: Rillaboom|Rillaboom, M|100\/100\n|-damage|p1a: Rillaboom|88\/100|[from] Stealth Rock\n|-damage|p1a: Rillaboom|76\/100|[from] Spikes\n|-fieldstart|move: Grassy Terrain|[from] ability: Grassy Surge|[of] p1a: Rillaboom\n|\n|-heal|p1a: Rillaboom|82\/100|[from] Grassy Terrain\n|-heal|p2a: Ting-Lu|48\/100 tox|[from] Grassy Terrain\n|-damage|p2a: Ting-Lu|30\/100 tox|[from] psn\n|-end|p2a: Ting-Lu|Infestation|[partiallytrapped]|[silent]\n|upkeep\n|turn|5\n|\n|t:|1700927412\n|move|p1a: Rillaboom|Grassy Glide|p2a: Ting-Lu\n|-supereffective|p2a: Ting-Lu\n|-damage|p2a: Ting-Lu|0 fnt\n|faint|p2a: Ting-Lu\n|-damage|p1a: Rillaboom|72\/100|[from] item: Life Orb\n|\n|-heal|p1a: Rillaboom|78\/100|[from] Grassy Terrain\n|upkeep\n|\n|t:|1700927418\n|switch|p2a: Oricorio|Oricorio, M, shiny|100\/100\n|turn|6\n|\n|t:|1700927427\n|switch|p1a: Toxapex|Toxapex, M|100\/100\n|-damage|p1a: Toxapex|88\/100|[from] Stealth Rock\n|-damage|p1a: Toxapex|75\/100|[from] Spikes\n|move|p2a: Oricorio|Quiver Dance|p2a: Oricorio\n|-boost|p2a: Oricorio|spa|1\n|-boost|p2a: Oricorio|spd|1\n|-boost|p2a: Oricorio|spe|1\n|\n|-heal|p1a: Toxapex|82\/100|[from] Grassy Terrain\n|-heal|p1a: Toxapex|88\/100|[from] item: Leftovers\n|upkeep\n|turn|7\n|\n|t:|1700927451\n|switch|p2a: Garganacl|Garganacl, M, shiny|100\/100\n|move|p1a: Toxapex|Toxic|p2a: Garganacl\n|-immune|p2a: Garganacl|[from] ability: Purifying Salt\n|\n|-heal|p1a: Toxapex|94\/100|[from] Grassy Terrain\n|-heal|p1a: Toxapex|100\/100|[from] item: Leftovers\n|upkeep\n|turn|8\n|\n|t:|1700927457\n|switch|p1a: Great Tusk|Great Tusk|100\/100\n|-damage|p1a: Great Tusk|98\/100|[from] Stealth Rock\n|-damage|p1a: Great Tusk|85\/100|[from] Spikes\n|-enditem|p1a: Great Tusk|Booster Energy\n|-activate|p1a: Great Tusk|ability: Protosynthesis|[fromitem]\n|-start|p1a: Great Tusk|protosynthesisdef\n|move|p2a: Garganacl|Salt Cure|p1a: Great Tusk\n|-resisted|p1a: Great Tusk\n|-damage|p1a: Great Tusk|84\/100\n|-start|p1a: Great Tusk|Salt Cure\n|\n|-heal|p1a: Great Tusk|90\/100|[from] Grassy Terrain\n|-damage|p1a: Great Tusk|77\/100|[from] Salt Cure\n|-fieldend|move: Grassy Terrain\n|upkeep\n|turn|9\n|\n|t:|1700927477\n|-terastallize|p2a: Garganacl|Ghost\n|move|p1a: Great Tusk|Rapid Spin|p2a: Garganacl\n|-immune|p2a: Garganacl\n|move|p2a: Garganacl|Iron Defense|p2a: Garganacl\n|-boost|p2a: Garganacl|def|2\n|\n|-damage|p1a: Great Tusk|65\/100|[from] Salt Cure\n|upkeep\n|turn|10\n|\n|t:|1700927505\n|-end|p1a: Great Tusk|Protosynthesis|[silent]\n|switch|p1a: Rillaboom|Rillaboom, M|78\/100\n|-damage|p1a: Rillaboom|66\/100|[from] Stealth Rock\n|-damage|p1a: Rillaboom|54\/100|[from] Spikes\n|-fieldstart|move: Grassy Terrain|[from] ability: Grassy Surge|[of] p1a: Rillaboom\n|move|p2a: Garganacl|Iron Defense|p2a: Garganacl\n|-boost|p2a: Garganacl|def|2\n|\n|-heal|p1a: Rillaboom|60\/100|[from] Grassy Terrain\n|upkeep\n|turn|11\n|\n|t:|1700927517\n|move|p1a: Rillaboom|Swords Dance|p1a: Rillaboom\n|-boost|p1a: Rillaboom|atk|2\n|move|p2a: Garganacl|Salt Cure|p1a: Rillaboom\n|-crit|p1a: Rillaboom\n|-damage|p1a: Rillaboom|35\/100\n|-start|p1a: Rillaboom|Salt Cure\n|\n|-heal|p1a: Rillaboom|41\/100|[from] Grassy Terrain\n|-damage|p1a: Rillaboom|29\/100|[from] Salt Cure\n|upkeep\n|turn|12\n|\n|t:|1700927528\n|move|p1a: Rillaboom|Wood Hammer|p2a: Garganacl\n|-damage|p2a: Garganacl|65\/100\n|-damage|p1a: Rillaboom|12\/100|[from] item: Rocky Helmet|[of] p2a: Garganacl\n|-damage|p1a: Rillaboom|0 fnt|[from] Recoil\n|faint|p1a: Rillaboom\n|move|p2a: Garganacl|Recover|p2a: Garganacl\n|-heal|p2a: Garganacl|100\/100\n|\n|upkeep\n|\n|t:|1700927541\n|switch|p1a: Iron Moth|Iron Moth|100\/100\n|-damage|p1a: Iron Moth|76\/100|[from] Stealth Rock\n|-damage|p1a: Iron Moth|63\/100|[from] Spikes\n|-enditem|p1a: Iron Moth|Booster Energy\n|-activate|p1a: Iron Moth|ability: Quark Drive|[fromitem]\n|-start|p1a: Iron Moth|quarkdrivespa\n|turn|13\n|\n|t:|1700927559\n|move|p1a: Iron Moth|Fiery Dance|p2a: Garganacl\n|-damage|p2a: Garganacl|43\/100\n|move|p2a: Garganacl|Salt Cure|p1a: Iron Moth\n|-supereffective|p1a: Iron Moth\n|-damage|p1a: Iron Moth|19\/100\n|-start|p1a: Iron Moth|Salt Cure\n|\n|-heal|p1a: Iron Moth|25\/100|[from] Grassy Terrain\n|-heal|p2a: Garganacl|49\/100|[from] Grassy Terrain\n|-damage|p1a: Iron Moth|13\/100|[from] Salt Cure\n|upkeep\n|turn|14\n|\n|t:|1700927576\n|switch|p2a: Oricorio|Oricorio, M, shiny|100\/100\n|move|p1a: Iron Moth|Fiery Dance|p2a: Oricorio\n|-resisted|p2a: Oricorio\n|-damage|p2a: Oricorio|54\/100\n|-boost|p1a: Iron Moth|spa|1\n|-activate|p2a: Oricorio|ability: Dancer\n|move|p2a: Oricorio|Fiery Dance|p1a: Iron Moth|[from]ability: Dancer\n|-resisted|p1a: Iron Moth\n|-damage|p1a: Iron Moth|0 fnt\n|faint|p1a: Iron Moth\n|-end|p1a: Iron Moth|Quark Drive|[silent]\n|\n|-fieldend|move: Grassy Terrain\n|upkeep\n|\n|t:|1700927606\n|switch|p1a: Cinderace|Cinderace, M|100\/100\n|-damage|p1a: Cinderace|76\/100|[from] Stealth Rock\n|-damage|p1a: Cinderace|63\/100|[from] Spikes\n|turn|15\n|\n|t:|1700927624\n|switch|p2a: Rillaboom|Rillaboom, F, shiny|100\/100\n|-fieldstart|move: Grassy Terrain|[from] ability: Grassy Surge|[of] p2a: Rillaboom\n|move|p1a: Cinderace|Pyro Ball|p2a: Rillaboom\n|-supereffective|p2a: Rillaboom\n|-damage|p2a: Rillaboom|0 fnt\n|faint|p2a: Rillaboom\n|-damage|p1a: Cinderace|53\/100|[from] item: Life Orb\n|\n|-heal|p1a: Cinderace|59\/100|[from] Grassy Terrain\n|upkeep\n|\n|t:|1700927636\n|switch|p2a: Garganacl|Garganacl, M, shiny, tera:Ghost|49\/100\n|turn|16\n|\n|t:|1700927644\n|move|p1a: Cinderace|Pyro Ball|p2a: Garganacl\n|-damage|p2a: Garganacl|11\/100\n|-damage|p1a: Cinderace|49\/100|[from] item: Life Orb\n|move|p2a: Garganacl|Recover|p2a: Garganacl\n|-heal|p2a: Garganacl|61\/100\n|\n|-heal|p1a: Cinderace|55\/100|[from] Grassy Terrain\n|-heal|p2a: Garganacl|68\/100|[from] Grassy Terrain\n|upkeep\n|turn|17\n|\n|t:|1700927657\n|move|p1a: Cinderace|Pyro Ball|p2a: Garganacl\n|-damage|p2a: Garganacl|32\/100\n|-damage|p1a: Cinderace|45\/100|[from] item: Life Orb\n|move|p2a: Garganacl|Recover|p2a: Garganacl\n|-heal|p2a: Garganacl|82\/100\n|\n|-heal|p1a: Cinderace|51\/100|[from] Grassy Terrain\n|-heal|p2a: Garganacl|89\/100|[from] Grassy Terrain\n|upkeep\n|turn|18\n|\n|t:|1700927676\n|move|p1a: Cinderace|Sucker Punch||[still]\n|-fail|p1a: Cinderace\n|move|p2a: Garganacl|Iron Defense|p2a: Garganacl\n|-boost|p2a: Garganacl|def|2\n|\n|-heal|p1a: Cinderace|57\/100|[from] Grassy Terrain\n|-heal|p2a: Garganacl|95\/100|[from] Grassy Terrain\n|upkeep\n|turn|19\n|\n|t:|1700927683\n|switch|p1a: Toxapex|Toxapex, M|100\/100\n|-damage|p1a: Toxapex|88\/100|[from] Stealth Rock\n|-damage|p1a: Toxapex|75\/100|[from] Spikes\n|move|p2a: Garganacl|Salt Cure|p1a: Toxapex\n|-damage|p1a: Toxapex|65\/100\n|-start|p1a: Toxapex|Salt Cure\n|\n|-heal|p1a: Toxapex|71\/100|[from] Grassy Terrain\n|-heal|p2a: Garganacl|100\/100|[from] Grassy Terrain\n|-heal|p1a: Toxapex|77\/100|[from] item: Leftovers\n|-damage|p1a: Toxapex|52\/100|[from] Salt Cure\n|upkeep\n|turn|20\n|\n|t:|1700927701\n|move|p2a: Garganacl|Iron Defense|p2a: Garganacl\n|-boost|p2a: Garganacl|def|2\n|move|p1a: Toxapex|Infestation|p2a: Garganacl\n|-resisted|p2a: Garganacl\n|-damage|p2a: Garganacl|99\/100\n|-activate|p2a: Garganacl|move: Infestation|[of] p1a: Toxapex\n|-damage|p1a: Toxapex|36\/100|[from] item: Rocky Helmet|[of] p2a: Garganacl\n|\n|-heal|p1a: Toxapex|42\/100|[from] Grassy Terrain\n|-heal|p2a: Garganacl|100\/100|[from] Grassy Terrain\n|-heal|p1a: Toxapex|48\/100|[from] item: Leftovers\n|-damage|p1a: Toxapex|23\/100|[from] Salt Cure\n|-damage|p2a: Garganacl|88\/100|[from] move: Infestation|[partiallytrapped]\n|upkeep\n|turn|21\n|\n|t:|1700927722\n|switch|p1a: Dondozo|Dondozo, M|100\/100\n|-damage|p1a: Dondozo|88\/100|[from] Stealth Rock\n|-damage|p1a: Dondozo|75\/100|[from] Spikes\n|move|p2a: Garganacl|Body Press|p1a: Dondozo\n|-damage|p1a: Dondozo|56\/100\n|\n|-heal|p2a: Garganacl|94\/100|[from] Grassy Terrain\n|-heal|p1a: Dondozo|62\/100|[from] Grassy Terrain\n|-heal|p1a: Dondozo|69\/100|[from] item: Leftovers\n|-end|p2a: Garganacl|Infestation|[partiallytrapped]|[silent]\n|upkeep\n|turn|22\n|\n|t:|1700927738\n|-terastallize|p1a: Dondozo|Dragon\n|move|p1a: Dondozo|Curse|p1a: Dondozo\n|-unboost|p1a: Dondozo|spe|1\n|-boost|p1a: Dondozo|atk|1\n|-boost|p1a: Dondozo|def|1\n|move|p2a: Garganacl|Salt Cure|p1a: Dondozo\n|-damage|p1a: Dondozo|63\/100\n|-start|p1a: Dondozo|Salt Cure\n|\n|-heal|p2a: Garganacl|100\/100|[from] Grassy Terrain\n|-heal|p1a: Dondozo|69\/100|[from] Grassy Terrain\n|-heal|p1a: Dondozo|75\/100|[from] item: Leftovers\n|-damage|p1a: Dondozo|62\/100|[from] Salt Cure\n|-fieldend|move: Grassy Terrain\n|upkeep\n|turn|23\n|inactive|Battle timer is ON: inactive players will automatically lose when time's up. (requested by Stallmefasterdaddy)\n|\n|t:|1700927777\n|move|p2a: Garganacl|Body Press|p1a: Dondozo\n|-damage|p1a: Dondozo|50\/100\n|move|p1a: Dondozo|Curse|p1a: Dondozo\n|-unboost|p1a: Dondozo|spe|1\n|-boost|p1a: Dondozo|atk|1\n|-boost|p1a: Dondozo|def|1\n|\n|-heal|p1a: Dondozo|56\/100|[from] item: Leftovers\n|-damage|p1a: Dondozo|44\/100|[from] Salt Cure\n|upkeep\n|turn|24\n|\n|t:|1700927801\n|move|p2a: Garganacl|Body Press|p1a: Dondozo\n|-damage|p1a: Dondozo|35\/100\n|move|p1a: Dondozo|Curse|p1a: Dondozo\n|-unboost|p1a: Dondozo|spe|1\n|-boost|p1a: Dondozo|atk|1\n|-boost|p1a: Dondozo|def|1\n|\n|-heal|p1a: Dondozo|41\/100|[from] item: Leftovers\n|-damage|p1a: Dondozo|28\/100|[from] Salt Cure\n|upkeep\n|turn|25\n|\n|t:|1700927819\n|move|p2a: Garganacl|Salt Cure|p1a: Dondozo\n|-damage|p1a: Dondozo|25\/100\n|move|p1a: Dondozo|Rest|p1a: Dondozo\n|-status|p1a: Dondozo|slp|[from] move: Rest\n|-heal|p1a: Dondozo|100\/100 slp|[silent]\n|\n|-damage|p1a: Dondozo|88\/100 slp|[from] Salt Cure\n|upkeep\n|turn|26\n|inactive|dap0698 has 120 seconds left.\n|\n|t:|1700927840\n|switch|p2a: Oricorio|Oricorio, M, shiny|54\/100\n|cant|p1a: Dondozo|slp\n|\n|-heal|p1a: Dondozo|94\/100 slp|[from] item: Leftovers\n|-damage|p1a: Dondozo|82\/100 slp|[from] Salt Cure\n|upkeep\n|turn|27\n|\n|t:|1700927847\n|move|p2a: Oricorio|Hurricane|p1a: Dondozo|[miss]\n|-miss|p2a: Oricorio|p1a: Dondozo\n|cant|p1a: Dondozo|slp\n|\n|-heal|p1a: Dondozo|88\/100 slp|[from] item: Leftovers\n|-damage|p1a: Dondozo|75\/100 slp|[from] Salt Cure\n|upkeep\n|turn|28\n|\n|t:|1700927851\n|move|p2a: Oricorio|Hurricane|p1a: Dondozo\n|-damage|p1a: Dondozo|44\/100 slp\n|-curestatus|p1a: Dondozo|slp|[msg]\n|move|p1a: Dondozo|Avalanche|p2a: Oricorio\n|-damage|p2a: Oricorio|0 fnt\n|faint|p2a: Oricorio\n|\n|-heal|p1a: Dondozo|50\/100|[from] item: Leftovers\n|-damage|p1a: Dondozo|38\/100|[from] Salt Cure\n|upkeep\n|inactive|dap0698 has 120 seconds left.\n|\n|t:|1700927887\n|switch|p2a: Garganacl|Garganacl, M, shiny, tera:Ghost|100\/100\n|turn|29\n|\n|t:|1700927900\n|move|p2a: Garganacl|Recover||[still]\n|-fail|p2a: Garganacl|heal\n|move|p1a: Dondozo|Curse|p1a: Dondozo\n|-unboost|p1a: Dondozo|spe|1\n|-boost|p1a: Dondozo|atk|1\n|-boost|p1a: Dondozo|def|1\n|\n|-heal|p1a: Dondozo|44\/100|[from] item: Leftovers\n|-damage|p1a: Dondozo|32\/100|[from] Salt Cure\n|upkeep\n|turn|30\n|\n|t:|1700927908\n|move|p2a: Garganacl|Iron Defense|p2a: Garganacl\n|-boost|p2a: Garganacl|def|2\n|move|p1a: Dondozo|Curse|p1a: Dondozo\n|-unboost|p1a: Dondozo|spe|1\n|-boost|p1a: Dondozo|atk|1\n|-boost|p1a: Dondozo|def|1\n|\n|-heal|p1a: Dondozo|38\/100|[from] item: Leftovers\n|-damage|p1a: Dondozo|25\/100|[from] Salt Cure\n|upkeep\n|turn|31\n|inactive|dap0698 has 120 seconds left.\n|\n|t:|1700927925\n|move|p2a: Garganacl|Body Press|p1a: Dondozo\n|-damage|p1a: Dondozo|20\/100\n|move|p1a: Dondozo|Rest|p1a: Dondozo\n|-status|p1a: Dondozo|slp|[from] move: Rest\n|-heal|p1a: Dondozo|100\/100 slp|[silent]\n|\n|-damage|p1a: Dondozo|88\/100 slp|[from] Salt Cure\n|upkeep\n|turn|32\n|inactive|dap0698 has 120 seconds left.\n|\n|t:|1700927946\n|switch|p2a: Zamazenta|Zamazenta|100\/100\n|-ability|p2a: Zamazenta|Dauntless Shield|boost\n|-boost|p2a: Zamazenta|def|1\n|cant|p1a: Dondozo|slp\n|\n|-heal|p1a: Dondozo|94\/100 slp|[from] item: Leftovers\n|-damage|p1a: Dondozo|82\/100 slp|[from] Salt Cure\n|upkeep\n|turn|33\n|inactive|Stallmefasterdaddy has 120 seconds left.\n|inactive|Stallmefasterdaddy has 90 seconds left.\n|inactive|Stallmefasterdaddy has 60 seconds left.\n|\n|t:|1700928041\n|move|p2a: Zamazenta|Iron Head|p1a: Dondozo\n|-damage|p1a: Dondozo|78\/100 slp\n|cant|p1a: Dondozo|slp\n|\n|-heal|p1a: Dondozo|84\/100 slp|[from] item: Leftovers\n|-damage|p1a: Dondozo|72\/100 slp|[from] Salt Cure\n|upkeep\n|turn|34\n|\n|t:|1700928054\n|move|p2a: Zamazenta|Crunch|p1a: Dondozo\n|-crit|p1a: Dondozo\n|-damage|p1a: Dondozo|52\/100 slp\n|-unboost|p1a: Dondozo|def|1\n|-curestatus|p1a: Dondozo|slp|[msg]\n|move|p1a: Dondozo|Wave Crash|p2a: Zamazenta\n|-damage|p2a: Zamazenta|0 fnt\n|faint|p2a: Zamazenta\n|-damage|p1a: Dondozo|30\/100|[from] Recoil\n|\n|-heal|p1a: Dondozo|37\/100|[from] item: Leftovers\n|-damage|p1a: Dondozo|24\/100|[from] Salt Cure\n|upkeep\n|\n|t:|1700928074\n|switch|p2a: Great Tusk|Great Tusk, shiny|100\/100\n|-enditem|p2a: Great Tusk|Booster Energy\n|-activate|p2a: Great Tusk|ability: Protosynthesis|[fromitem]\n|-start|p2a: Great Tusk|protosynthesisatk\n|turn|35\n|inactive|Stallmefasterdaddy has 60 seconds left.\n|inactive|dap0698 has 90 seconds left.\n|\n|t:|1700928102\n|move|p2a: Great Tusk|Close Combat|p1a: Dondozo\n|-damage|p1a: Dondozo|7\/100\n|-unboost|p2a: Great Tusk|def|1\n|-unboost|p2a: Great Tusk|spd|1\n|move|p1a: Dondozo|Rest|p1a: Dondozo\n|-status|p1a: Dondozo|slp|[from] move: Rest\n|-heal|p1a: Dondozo|100\/100 slp|[silent]\n|\n|-damage|p1a: Dondozo|88\/100 slp|[from] Salt Cure\n|upkeep\n|turn|36\n|inactive|Stallmefasterdaddy has 60 seconds left.\n|\n|t:|1700928112\n|move|p2a: Great Tusk|Close Combat|p1a: Dondozo\n|-damage|p1a: Dondozo|71\/100 slp\n|-unboost|p2a: Great Tusk|def|1\n|-unboost|p2a: Great Tusk|spd|1\n|cant|p1a: Dondozo|slp\n|\n|-heal|p1a: Dondozo|77\/100 slp|[from] item: Leftovers\n|-damage|p1a: Dondozo|65\/100 slp|[from] Salt Cure\n|upkeep\n|turn|37\n|\n|t:|1700928115\n|move|p2a: Great Tusk|Close Combat|p1a: Dondozo\n|-damage|p1a: Dondozo|48\/100 slp\n|-unboost|p2a: Great Tusk|def|1\n|-unboost|p2a: Great Tusk|spd|1\n|cant|p1a: Dondozo|slp\n|\n|-heal|p1a: Dondozo|54\/100 slp|[from] item: Leftovers\n|-damage|p1a: Dondozo|42\/100 slp|[from] Salt Cure\n|upkeep\n|turn|38\n|\n|t:|1700928120\n|move|p2a: Great Tusk|Close Combat|p1a: Dondozo\n|-damage|p1a: Dondozo|26\/100 slp\n|-unboost|p2a: Great Tusk|def|1\n|-unboost|p2a: Great Tusk|spd|1\n|-curestatus|p1a: Dondozo|slp|[msg]\n|move|p1a: Dondozo|Avalanche|p2a: Great Tusk\n|-supereffective|p2a: Great Tusk\n|-damage|p2a: Great Tusk|0 fnt\n|faint|p2a: Great Tusk\n|-end|p2a: Great Tusk|Protosynthesis|[silent]\n|\n|-heal|p1a: Dondozo|32\/100|[from] item: Leftovers\n|-damage|p1a: Dondozo|20\/100|[from] Salt Cure\n|upkeep\n|\n|t:|1700928130\n|switch|p2a: Garganacl|Garganacl, M, shiny, tera:Ghost|100\/100\n|turn|39\n|inactive|dap0698 has 120 seconds left.\n|\n|t:|1700928143\n|move|p2a: Garganacl|Body Press|p1a: Dondozo\n|-crit|p1a: Dondozo\n|-damage|p1a: Dondozo|0 fnt\n|faint|p1a: Dondozo\n|\n|upkeep\n|inactive|Stallmefasterdaddy has 90 seconds left.\n|\n|t:|1700928157\n|switch|p1a: Great Tusk|Great Tusk|65\/100\n|-damage|p1a: Great Tusk|62\/100|[from] Stealth Rock\n|-damage|p1a: Great Tusk|50\/100|[from] Spikes\n|turn|40\n|\n|t:|1700928162\n|move|p1a: Great Tusk|Bulk Up|p1a: Great Tusk\n|-boost|p1a: Great Tusk|atk|1\n|-boost|p1a: Great Tusk|def|1\n|move|p2a: Garganacl|Iron Defense|p2a: Garganacl\n|-boost|p2a: Garganacl|def|2\n|\n|upkeep\n|turn|41\n|\n|t:|1700928168\n|move|p1a: Great Tusk|Bulk Up|p1a: Great Tusk\n|-boost|p1a: Great Tusk|atk|1\n|-boost|p1a: Great Tusk|def|1\n|move|p2a: Garganacl|Iron Defense|p2a: Garganacl\n|-boost|p2a: Garganacl|def|2\n|\n|upkeep\n|turn|42\n|\n|t:|1700928173\n|move|p1a: Great Tusk|Bulk Up|p1a: Great Tusk\n|-boost|p1a: Great Tusk|atk|1\n|-boost|p1a: Great Tusk|def|1\n|move|p2a: Garganacl|Salt Cure|p1a: Great Tusk\n|-resisted|p1a: Great Tusk\n|-damage|p1a: Great Tusk|49\/100\n|-start|p1a: Great Tusk|Salt Cure\n|\n|-damage|p1a: Great Tusk|36\/100|[from] Salt Cure\n|upkeep\n|turn|43\n|\n|t:|1700928178\n|move|p1a: Great Tusk|Headlong Rush|p2a: Garganacl\n|-damage|p2a: Garganacl|78\/100\n|-unboost|p1a: Great Tusk|def|1\n|-unboost|p1a: Great Tusk|spd|1\n|-damage|p1a: Great Tusk|20\/100|[from] item: Rocky Helmet|[of] p2a: Garganacl\n|move|p2a: Garganacl|Iron Defense|p2a: Garganacl\n|-boost|p2a: Garganacl|def|2\n|\n|-damage|p1a: Great Tusk|7\/100|[from] Salt Cure\n|upkeep\n|turn|44\n|\n|t:|1700928186\n|move|p1a: Great Tusk|Headlong Rush|p2a: Garganacl\n|-damage|p2a: Garganacl|63\/100\n|-unboost|p1a: Great Tusk|def|1\n|-unboost|p1a: Great Tusk|spd|1\n|-damage|p1a: Great Tusk|0 fnt|[from] item: Rocky Helmet|[of] p2a: Garganacl\n|faint|p1a: Great Tusk\n|-end|p1a: Great Tusk|Protosynthesis|[silent]\n|move|p2a: Garganacl|Recover|p2a: Garganacl\n|-heal|p2a: Garganacl|100\/100\n|\n|upkeep\n|\n|t:|1700928189\n|switch|p1a: Cinderace|Cinderace, M|57\/100\n|-damage|p1a: Cinderace|32\/100|[from] Stealth Rock\n|-damage|p1a: Cinderace|20\/100|[from] Spikes\n|turn|45\n|\n|t:|1700928199\n|move|p1a: Cinderace|Sucker Punch||[still]\n|-fail|p1a: Cinderace\n|move|p2a: Garganacl|Recover||[still]\n|-fail|p2a: Garganacl|heal\n|\n|upkeep\n|turn|46\n|\n|t:|1700928206\n|move|p1a: Cinderace|Sucker Punch|p2a: Garganacl\n|-start|p1a: Cinderace|typechange|Dark|[from] ability: Libero\n|-supereffective|p2a: Garganacl\n|-damage|p2a: Garganacl|89\/100\n|-damage|p1a: Cinderace|3\/100|[from] item: Rocky Helmet|[of] p2a: Garganacl\n|-damage|p1a: Cinderace|0 fnt|[from] item: Life Orb\n|faint|p1a: Cinderace\n|move|p2a: Garganacl|Salt Cure|p1: Cinderace|[notarget]\n|-fail|p2a: Garganacl\n|\n|upkeep\n|\n|t:|1700928214\n|switch|p1a: Toxapex|Toxapex, M|56\/100\n|-damage|p1a: Toxapex|44\/100|[from] Stealth Rock\n|-damage|p1a: Toxapex|31\/100|[from] Spikes\n|turn|47\n|-message|Stallmefasterdaddy forfeited.\n|\n|win|dap0698\n|raw|Stallmefasterdaddy's rating: 1181 &rarr; <strong>1158<\/strong><br \/>(-23 for losing)\n|raw|dap0698's rating: 1209 &rarr; <strong>1232<\/strong><br \/>(+23 for winning)\n|l|\u2606Stallmefasterdaddy\n","uploadtime":1700928228,"views":13,"p1id":"stallmefasterdaddy","p2id":"dap0698","formatid":"gen9ou","rating":1158,"private":0,"password":""}