{"id":"gen9ou-1995986727","p1":"Ottonaut","p2":"ratatta17","format":"[Gen 9] OU","log":"|j|\u2606Ottonaut\n|j|\u2606ratatta17\n|t:|1700625647\n|gametype|singles\n|player|p1|Ottonaut|266|1491\n|player|p2|ratatta17|169|1589\n|teamsize|p1|6\n|teamsize|p2|6\n|gen|9\n|tier|[Gen 9] OU\n|rated|\n|rule|Sleep Clause Mod: Limit one foe put to sleep\n|rule|Species Clause: Limit one of each Pok\u00e9mon\n|rule|OHKO Clause: OHKO moves are banned\n|rule|Evasion Items Clause: Evasion items are banned\n|rule|Evasion Moves Clause: Evasion moves are banned\n|rule|Endless Battle Clause: Forcing endless battles is banned\n|rule|HP Percentage Mod: HP is shown in percentages\n|clearpoke\n|poke|p1|Kingambit, M|\n|poke|p1|Ribombee, F|\n|poke|p1|Gholdengo|\n|poke|p1|Iron Moth|\n|poke|p1|Ogerpon-Wellspring, F|\n|poke|p1|Manaphy|\n|poke|p2|Azumarill, M|\n|poke|p2|Staraptor, M|\n|poke|p2|Toedscruel, F|\n|poke|p2|Skeledirge, F|\n|poke|p2|Ninetales-Alola, M|\n|poke|p2|Iron Valiant|\n|teampreview\n|inactive|Battle timer is ON: inactive players will automatically lose when time's up. (requested by ratatta17)\n|\n|t:|1700625666\n|start\n|switch|p1a: Ribombee|Ribombee, F, shiny|100\/100\n|switch|p2a: Toedscruel|Toedscruel, F|100\/100\n|turn|1\n|\n|t:|1700625680\n|move|p1a: Ribombee|Sticky Web|p2a: Toedscruel\n|-sidestart|p2: ratatta17|move: Sticky Web\n|move|p2a: Toedscruel|Rapid Spin|p1a: Ribombee\n|-damage|p1a: Ribombee|82\/100\n|-boost|p2a: Toedscruel|spe|1\n|-sideend|p2: ratatta17|Sticky Web|[from] move: Rapid Spin|[of] p2a: Toedscruel\n|\n|upkeep\n|turn|2\n|\n|t:|1700625683\n|switch|p1a: Ogerpon|Ogerpon-Wellspring, F|100\/100\n|move|p2a: Toedscruel|Spore|p1a: Ogerpon\n|-immune|p1a: Ogerpon\n|\n|upkeep\n|turn|3\n|\n|t:|1700625689\n|switch|p2a: Staraptor|Staraptor, M|100\/100\n|-ability|p2a: Staraptor|Intimidate|boost\n|-unboost|p1a: Ogerpon|atk|1\n|move|p1a: Ogerpon|Swords Dance|p1a: Ogerpon\n|-boost|p1a: Ogerpon|atk|2\n|\n|upkeep\n|turn|4\n|\n|t:|1700625697\n|-terastallize|p1a: Ogerpon|Water\n|detailschange|p1a: Ogerpon|Ogerpon-Wellspring-Tera, F, tera:Water\n|-ability|p1a: Ogerpon|Embody Aspect (Wellspring)|boost\n|-boost|p1a: Ogerpon|spd|1\n|move|p2a: Staraptor|Final Gambit|p1a: Ogerpon\n|-damage|p1a: Ogerpon|0 fnt\n|faint|p2a: Staraptor\n|faint|p1a: Ogerpon\n|\n|upkeep\n|\n|t:|1700625710\n|switch|p1a: Manaphy|Manaphy|100\/100\n|switch|p2a: Toedscruel|Toedscruel, F|100\/100\n|turn|5\n|\n|t:|1700625720\n|switch|p1a: Gholdengo|Gholdengo|100\/100\n|-item|p1a: Gholdengo|Air Balloon\n|move|p2a: Toedscruel|Spore|p1a: Gholdengo\n|-status|p1a: Gholdengo|slp|[from] move: Spore\n|\n|upkeep\n|turn|6\n|\n|t:|1700625731\n|switch|p1a: Kingambit|Kingambit, M|100\/100\n|-activate|p1a: Kingambit|ability: Supreme Overlord\n|-start|p1a: Kingambit|fallen1|[silent]\n|move|p2a: Toedscruel|Knock Off|p1a: Kingambit\n|-resisted|p1a: Kingambit\n|-damage|p1a: Kingambit|93\/100\n|-enditem|p1a: Kingambit|Black Glasses|[from] move: Knock Off|[of] p2a: Toedscruel\n|\n|upkeep\n|turn|7\n|\n|t:|1700625737\n|switch|p2a: Ninetales|Ninetales-Alola, M|100\/100\n|-weather|Snow|[from] ability: Snow Warning|[of] p2a: Ninetales\n|move|p1a: Kingambit|Swords Dance|p1a: Kingambit\n|-boost|p1a: Kingambit|atk|2\n|\n|-weather|Snow|[upkeep]\n|upkeep\n|turn|8\n|\n|t:|1700625744\n|move|p2a: Ninetales|Encore|p1a: Kingambit\n|-start|p1a: Kingambit|Encore\n|move|p1a: Kingambit|Swords Dance|p1a: Kingambit\n|-boost|p1a: Kingambit|atk|2\n|\n|-weather|Snow|[upkeep]\n|upkeep\n|turn|9\n|\n|t:|1700625749\n|-end|p1a: Kingambit|fallen1|[silent]\n|switch|p1a: Ribombee|Ribombee, F, shiny|82\/100\n|move|p2a: Ninetales|Aurora Veil|p2a: Ninetales\n|-sidestart|p2: ratatta17|move: Aurora Veil\n|\n|-weather|Snow|[upkeep]\n|upkeep\n|turn|10\n|\n|t:|1700625751\n|switch|p2a: Toedscruel|Toedscruel, F|100\/100\n|move|p1a: Ribombee|Sticky Web|p2a: Toedscruel\n|-sidestart|p2: ratatta17|move: Sticky Web\n|\n|-weather|Snow|[upkeep]\n|upkeep\n|turn|11\n|\n|t:|1700625756\n|switch|p1a: Gholdengo|Gholdengo|100\/100 slp\n|-item|p1a: Gholdengo|Air Balloon\n|move|p2a: Toedscruel|Knock Off|p1a: Gholdengo\n|-supereffective|p1a: Gholdengo\n|-damage|p1a: Gholdengo|68\/100 slp\n|-enditem|p1a: Gholdengo|Air Balloon\n|\n|-weather|none\n|upkeep\n|turn|12\n|\n|t:|1700625759\n|cant|p1a: Gholdengo|slp\n|move|p2a: Toedscruel|Leech Seed|p1a: Gholdengo\n|-start|p1a: Gholdengo|move: Leech Seed\n|\n|-damage|p1a: Gholdengo|56\/100 slp|[from] Leech Seed|[of] p2a: Toedscruel\n|upkeep\n|turn|13\n|\n|t:|1700625762\n|cant|p1a: Gholdengo|slp\n|move|p2a: Toedscruel|Knock Off|p1a: Gholdengo\n|-supereffective|p1a: Gholdengo\n|-damage|p1a: Gholdengo|34\/100 slp\n|\n|-damage|p1a: Gholdengo|22\/100 slp|[from] Leech Seed|[of] p2a: Toedscruel\n|upkeep\n|turn|14\n|\n|t:|1700625768\n|switch|p1a: Manaphy|Manaphy|100\/100\n|move|p2a: Toedscruel|Knock Off|p1a: Manaphy\n|-damage|p1a: Manaphy|88\/100\n|-enditem|p1a: Manaphy|Leftovers|[from] move: Knock Off|[of] p2a: Toedscruel\n|\n|upkeep\n|turn|15\n|\n|t:|1700625772\n|switch|p1a: Gholdengo|Gholdengo|22\/100 slp\n|move|p2a: Toedscruel|Rapid Spin|p1a: Gholdengo\n|-immune|p1a: Gholdengo\n|\n|upkeep\n|turn|16\n|\n|t:|1700625799\n|switch|p1a: Kingambit|Kingambit, M|93\/100\n|-activate|p1a: Kingambit|ability: Supreme Overlord\n|-start|p1a: Kingambit|fallen1|[silent]\n|move|p2a: Toedscruel|Leech Seed|p1a: Kingambit\n|-start|p1a: Kingambit|move: Leech Seed\n|\n|-damage|p1a: Kingambit|81\/100|[from] Leech Seed|[of] p2a: Toedscruel\n|-sideend|p2: ratatta17|move: Aurora Veil\n|upkeep\n|turn|17\n|\n|t:|1700625807\n|move|p2a: Toedscruel|Rapid Spin|p1a: Kingambit\n|-resisted|p1a: Kingambit\n|-damage|p1a: Kingambit|78\/100\n|-boost|p2a: Toedscruel|spe|1\n|-sideend|p2: ratatta17|Sticky Web|[from] move: Rapid Spin|[of] p2a: Toedscruel\n|move|p1a: Kingambit|Kowtow Cleave|p2a: Toedscruel\n|-damage|p2a: Toedscruel|50\/100\n|\n|-heal|p2a: Toedscruel|56\/100|[from] item: Leftovers\n|-damage|p1a: Kingambit|65\/100|[from] Leech Seed|[of] p2a: Toedscruel\n|-heal|p2a: Toedscruel|68\/100|[silent]\n|upkeep\n|turn|18\n|\n|t:|1700625816\n|switch|p2a: Ninetales|Ninetales-Alola, M|100\/100\n|-weather|Snow|[from] ability: Snow Warning|[of] p2a: Ninetales\n|move|p1a: Kingambit|Swords Dance|p1a: Kingambit\n|-boost|p1a: Kingambit|atk|2\n|\n|-weather|Snow|[upkeep]\n|-damage|p1a: Kingambit|53\/100|[from] Leech Seed|[of] p2a: Ninetales\n|upkeep\n|turn|19\n|\n|t:|1700625823\n|-end|p1a: Kingambit|fallen1|[silent]\n|switch|p1a: Ribombee|Ribombee, F, shiny|82\/100\n|move|p2a: Ninetales|Aurora Veil|p2a: Ninetales\n|-sidestart|p2: ratatta17|move: Aurora Veil\n|\n|-weather|Snow|[upkeep]\n|upkeep\n|turn|20\n|\n|t:|1700625829\n|switch|p2a: Toedscruel|Toedscruel, F|68\/100\n|move|p1a: Ribombee|Sticky Web|p2a: Toedscruel\n|-sidestart|p2: ratatta17|move: Sticky Web\n|\n|-weather|Snow|[upkeep]\n|-heal|p2a: Toedscruel|74\/100|[from] item: Leftovers\n|upkeep\n|turn|21\n|\n|t:|1700625835\n|switch|p1a: Gholdengo|Gholdengo|22\/100 slp\n|move|p2a: Toedscruel|Leech Seed|p1a: Gholdengo\n|-start|p1a: Gholdengo|move: Leech Seed\n|\n|-weather|Snow|[upkeep]\n|-heal|p2a: Toedscruel|80\/100|[from] item: Leftovers\n|-damage|p1a: Gholdengo|9\/100 slp|[from] Leech Seed|[of] p2a: Toedscruel\n|-heal|p2a: Toedscruel|92\/100|[silent]\n|upkeep\n|turn|22\n|\n|t:|1700625844\n|-curestatus|p1a: Gholdengo|slp|[msg]\n|move|p1a: Gholdengo|Shadow Ball|p2a: Toedscruel\n|-damage|p2a: Toedscruel|75\/100\n|move|p2a: Toedscruel|Knock Off|p1a: Gholdengo\n|-supereffective|p1a: Gholdengo\n|-damage|p1a: Gholdengo|0 fnt\n|faint|p1a: Gholdengo\n|\n|-weather|none\n|-heal|p2a: Toedscruel|81\/100|[from] item: Leftovers\n|upkeep\n|\n|t:|1700625852\n|switch|p1a: Iron Moth|Iron Moth|100\/100\n|-enditem|p1a: Iron Moth|Booster Energy\n|-activate|p1a: Iron Moth|ability: Quark Drive|[fromitem]\n|-start|p1a: Iron Moth|quarkdrivespe\n|turn|23\n|\n|t:|1700625856\n|switch|p2a: Skeledirge|Skeledirge, F|100\/100\n|-activate|p2a: Skeledirge|move: Sticky Web\n|-unboost|p2a: Skeledirge|spe|1\n|move|p1a: Iron Moth|Substitute|p1a: Iron Moth\n|-start|p1a: Iron Moth|Substitute\n|-damage|p1a: Iron Moth|76\/100\n|\n|upkeep\n|turn|24\n|\n|t:|1700625860\n|move|p1a: Iron Moth|Fiery Dance|p2a: Skeledirge\n|-resisted|p2a: Skeledirge\n|-damage|p2a: Skeledirge|93\/100\n|move|p2a: Skeledirge|Torch Song|p1a: Iron Moth\n|-resisted|p1a: Iron Moth\n|-damage|p1a: Iron Moth|59\/100\n|-boost|p2a: Skeledirge|spa|1\n|\n|-heal|p2a: Skeledirge|99\/100|[from] item: Leftovers\n|upkeep\n|turn|25\n|\n|t:|1700625866\n|move|p1a: Iron Moth|Fiery Dance|p2a: Skeledirge\n|-resisted|p2a: Skeledirge\n|-damage|p2a: Skeledirge|92\/100\n|move|p2a: Skeledirge|Torch Song|p1a: Iron Moth\n|-resisted|p1a: Iron Moth\n|-damage|p1a: Iron Moth|35\/100\n|-boost|p2a: Skeledirge|spa|1\n|\n|-heal|p2a: Skeledirge|98\/100|[from] item: Leftovers\n|upkeep\n|turn|26\n|-message|Ottonaut forfeited.\n|\n|win|ratatta17\n|raw|Ottonaut's rating: 1491 &rarr; <strong>1476<\/strong><br \/>(-15 for losing)\n|raw|ratatta17's rating: 1589 &rarr; <strong>1604<\/strong><br \/>(+15 for winning)\n","uploadtime":1700625877,"views":2,"p1id":"ottonaut","p2id":"ratatta17","formatid":"gen9ou","rating":1476,"private":0,"password":""}