{"id":"gen9ou-1991356824","p1":"Leafeon Enjoyer","p2":"Spongete","format":"[Gen 9] OU","log":"|j|\u2606Leafeon Enjoyer\n|j|\u2606Spongete\n|t:|1700070356\n|gametype|singles\n|player|p1|Leafeon Enjoyer|rosa-masters|1146\n|player|p2|Spongete|sabrina|1131\n|teamsize|p1|6\n|teamsize|p2|6\n|gen|9\n|tier|[Gen 9] OU\n|rated|\n|rule|Sleep Clause Mod: Limit one foe put to sleep\n|rule|Species Clause: Limit one of each Pok\u00e9mon\n|rule|OHKO Clause: OHKO moves are banned\n|rule|Evasion Items Clause: Evasion items are banned\n|rule|Evasion Moves Clause: Evasion moves are banned\n|rule|Endless Battle Clause: Forcing endless battles is banned\n|rule|HP Percentage Mod: HP is shown in percentages\n|clearpoke\n|poke|p1|Manaphy|\n|poke|p1|Ninetales-Alola, F|\n|poke|p1|Armarouge, F|\n|poke|p1|Iron Valiant|\n|poke|p1|Great Tusk|\n|poke|p1|Mew|\n|poke|p2|Rillaboom, F|\n|poke|p2|Hawlucha, F|\n|poke|p2|Sneasler, F|\n|poke|p2|Walking Wake|\n|poke|p2|Dragapult, M|\n|poke|p2|Hoopa-Unbound|\n|teampreview\n|inactive|Battle timer is ON: inactive players will automatically lose when time's up. (requested by Leafeon Enjoyer)\n|\n|t:|1700070366\n|start\n|switch|p1a: Ninetales|Ninetales-Alola, F|100\/100\n|switch|p2a: Rillaboom|Rillaboom, F|100\/100\n|-weather|Snow|[from] ability: Snow Warning|[of] p1a: Ninetales\n|-fieldstart|move: Grassy Terrain|[from] ability: Grassy Surge|[of] p2a: Rillaboom\n|turn|1\n|\n|t:|1700070395\n|move|p1a: Ninetales|Aurora Veil|p1a: Ninetales\n|-sidestart|p1: Leafeon Enjoyer|move: Aurora Veil\n|move|p2a: Rillaboom|Drain Punch|p1a: Ninetales\n|-damage|p1a: Ninetales|86\/100\n|\n|-weather|Snow|[upkeep]\n|-heal|p1a: Ninetales|92\/100|[from] Grassy Terrain\n|upkeep\n|turn|2\n|inactive|Spongete has 120 seconds left.\n|\n|t:|1700070412\n|switch|p1a: Mew|Mew|100\/100\n|switch|p2a: Hoopa|Hoopa-Unbound|100\/100\n|\n|-weather|Snow|[upkeep]\n|upkeep\n|turn|3\n|\n|t:|1700070421\n|-terastallize|p1a: Mew|Fairy\n|move|p1a: Mew|Iron Defense|p1a: Mew\n|-boost|p1a: Mew|def|2\n|move|p2a: Hoopa|Knock Off|p1a: Mew\n|-resisted|p1a: Mew\n|-damage|p1a: Mew|96\/100\n|-enditem|p1a: Mew|Leftovers|[from] move: Knock Off|[of] p2a: Hoopa\n|\n|-weather|Snow|[upkeep]\n|-heal|p1a: Mew|100\/100|[from] Grassy Terrain\n|upkeep\n|turn|4\n|\n|t:|1700070435\n|-terastallize|p2a: Hoopa|Poison\n|move|p1a: Mew|Calm Mind|p1a: Mew\n|-boost|p1a: Mew|spa|1\n|-boost|p1a: Mew|spd|1\n|move|p2a: Hoopa|Gunk Shot|p1a: Mew\n|-supereffective|p1a: Mew\n|-damage|p1a: Mew|80\/100\n|\n|-weather|Snow|[upkeep]\n|-heal|p1a: Mew|87\/100|[from] Grassy Terrain\n|upkeep\n|turn|5\n|\n|t:|1700070443\n|move|p1a: Mew|Iron Defense|p1a: Mew\n|-boost|p1a: Mew|def|2\n|move|p2a: Hoopa|Gunk Shot|p1a: Mew\n|-supereffective|p1a: Mew\n|-damage|p1a: Mew|73\/100\n|\n|-weather|none\n|-heal|p1a: Mew|79\/100|[from] Grassy Terrain\n|upkeep\n|turn|6\n|\n|t:|1700070450\n|move|p1a: Mew|Iron Defense|p1a: Mew\n|-boost|p1a: Mew|def|2\n|move|p2a: Hoopa|Gunk Shot|p1a: Mew\n|-supereffective|p1a: Mew\n|-damage|p1a: Mew|67\/100\n|\n|-heal|p1a: Mew|74\/100|[from] Grassy Terrain\n|upkeep\n|turn|7\n|\n|t:|1700070457\n|move|p1a: Mew|Calm Mind|p1a: Mew\n|-boost|p1a: Mew|spa|1\n|-boost|p1a: Mew|spd|1\n|move|p2a: Hoopa|Gunk Shot|p1a: Mew\n|-supereffective|p1a: Mew\n|-damage|p1a: Mew|62\/100\n|\n|-heal|p1a: Mew|68\/100|[from] Grassy Terrain\n|upkeep\n|turn|8\n|\n|t:|1700070466\n|move|p1a: Mew|Calm Mind|p1a: Mew\n|-boost|p1a: Mew|spa|1\n|-boost|p1a: Mew|spd|1\n|move|p2a: Hoopa|Gunk Shot|p1a: Mew\n|-supereffective|p1a: Mew\n|-damage|p1a: Mew|58\/100\n|\n|-heal|p1a: Mew|65\/100|[from] Grassy Terrain\n|-sideend|p1: Leafeon Enjoyer|move: Aurora Veil\n|-fieldend|move: Grassy Terrain\n|upkeep\n|turn|9\n|\n|t:|1700070474\n|move|p1a: Mew|Stored Power|p2a: Hoopa\n|-supereffective|p2a: Hoopa\n|-damage|p2a: Hoopa|0 fnt\n|faint|p2a: Hoopa\n|\n|upkeep\n|\n|t:|1700070483\n|switch|p2a: Dragapult|Dragapult, M, shiny|100\/100\n|turn|10\n|\n|t:|1700070492\n|move|p2a: Dragapult|Flamethrower|p1a: Mew\n|-damage|p1a: Mew|50\/100\n|move|p1a: Mew|Draining Kiss|p2a: Dragapult\n|-supereffective|p2a: Dragapult\n|-damage|p2a: Dragapult|0 fnt\n|-heal|p1a: Mew|100\/100|[from] drain|[of] p2a: Dragapult\n|faint|p2a: Dragapult\n|\n|upkeep\n|-message|Spongete forfeited.\n|\n|win|Leafeon Enjoyer\n|raw|Leafeon Enjoyer's rating: 1146 &rarr; <strong>1170<\/strong><br \/>(+24 for winning)\n|raw|Spongete's rating: 1131 &rarr; <strong>1107<\/strong><br \/>(-24 for losing)\n|l|\u2606Spongete\n","uploadtime":1700070504,"views":8,"p1id":"leafeonenjoyer","p2id":"spongete","formatid":"gen9ou","rating":1107,"private":0,"password":""}