{"id":"gen9ou-1991598447","p1":"Rufurufusito","p2":"Violet Mask","format":"[Gen 9] OU","log":"|j|\u2606Rufurufusito\n|j|\u2606Violet Mask\n|t:|1700092578\n|gametype|singles\n|player|p1|Rufurufusito|cilan|1355\n|player|p2|Violet Mask|veteran-gen4|1462\n|teamsize|p1|6\n|teamsize|p2|6\n|gen|9\n|tier|[Gen 9] OU\n|rated|\n|rule|Sleep Clause Mod: Limit one foe put to sleep\n|rule|Species Clause: Limit one of each Pok\u00e9mon\n|rule|OHKO Clause: OHKO moves are banned\n|rule|Evasion Items Clause: Evasion items are banned\n|rule|Evasion Moves Clause: Evasion moves are banned\n|rule|Endless Battle Clause: Forcing endless battles is banned\n|rule|HP Percentage Mod: HP is shown in percentages\n|clearpoke\n|poke|p1|Hoopa-Unbound|\n|poke|p1|Great Tusk|\n|poke|p1|Garchomp, M|\n|poke|p1|Dragapult, M|\n|poke|p1|Iron Moth|\n|poke|p1|Clodsire, M|\n|poke|p2|Kingambit, M|\n|poke|p2|Cinderace, F|\n|poke|p2|Great Tusk|\n|poke|p2|Slowking, M|\n|poke|p2|Gengar, M|\n|poke|p2|Zapdos|\n|teampreview\n|inactive|Battle timer is ON: inactive players will automatically lose when time's up. (requested by Violet Mask)\n|inactive|Rufurufusito also wants the timer to be on.\n|\n|t:|1700092602\n|start\n|switch|p1a: Iron Moth|Iron Moth|100\/100\n|switch|p2a: Cinderace|Cinderace, F|100\/100\n|turn|1\n|\n|t:|1700092608\n|move|p1a: Iron Moth|Sludge Wave|p2a: Cinderace\n|-damage|p2a: Cinderace|24\/100\n|move|p2a: Cinderace|U-turn|p1a: Iron Moth\n|-start|p2a: Cinderace|typechange|Bug|[from] ability: Libero\n|-resisted|p1a: Iron Moth\n|-damage|p1a: Iron Moth|85\/100\n|\n|t:|1700092613\n|switch|p2a: Gengar|Gengar, M|100\/100|[from] U-turn\n|\n|upkeep\n|turn|2\n|\n|t:|1700092625\n|-end|p1a: Iron Moth|Quark Drive|[silent]\n|switch|p1a: Hoopa|Hoopa-Unbound|100\/100\n|move|p2a: Gengar|Shadow Ball|p1a: Hoopa\n|-damage|p1a: Hoopa|77\/100\n|\n|upkeep\n|turn|3\n|\n|t:|1700092632\n|switch|p2a: Great Tusk|Great Tusk, shiny|100\/100\n|move|p1a: Hoopa|Knock Off|p2a: Great Tusk\n|-resisted|p2a: Great Tusk\n|-damage|p2a: Great Tusk|90\/100\n|-enditem|p2a: Great Tusk|Leftovers|[from] move: Knock Off|[of] p1a: Hoopa\n|\n|upkeep\n|turn|4\n|\n|t:|1700092652\n|move|p2a: Great Tusk|Earthquake|p1a: Hoopa\n|-crit|p1a: Hoopa\n|-damage|p1a: Hoopa|0 fnt\n|faint|p1a: Hoopa\n|\n|upkeep\n|\n|t:|1700092660\n|switch|p1a: Iron Moth|Iron Moth|85\/100\n|turn|5\n|\n|t:|1700092669\n|-end|p2a: Great Tusk|Protosynthesis|[silent]\n|switch|p2a: Slowking|Slowking, M|100\/100\n|move|p1a: Iron Moth|Energy Ball|p2a: Slowking\n|-supereffective|p2a: Slowking\n|-damage|p2a: Slowking|51\/100\n|\n|upkeep\n|turn|6\n|\n|t:|1700092678\n|switch|p2a: Zapdos|Zapdos|100\/100\n|move|p1a: Iron Moth|Energy Ball|p2a: Zapdos\n|-resisted|p2a: Zapdos\n|-damage|p2a: Zapdos|88\/100\n|\n|upkeep\n|turn|7\n|\n|t:|1700092685\n|-end|p1a: Iron Moth|Quark Drive|[silent]\n|switch|p1a: Clodsire|Clodsire, M|100\/100\n|switch|p2a: Great Tusk|Great Tusk, shiny|90\/100\n|\n|upkeep\n|turn|8\n|\n|t:|1700092691\n|move|p2a: Great Tusk|Earthquake|p1a: Clodsire\n|-supereffective|p1a: Clodsire\n|-crit|p1a: Clodsire\n|-damage|p1a: Clodsire|0 fnt\n|faint|p1a: Clodsire\n|\n|upkeep\n|\n|t:|1700092704\n|switch|p1a: Dragapult|Dragapult, M|100\/100\n|turn|9\n|\n|t:|1700092711\n|-end|p2a: Great Tusk|Protosynthesis|[silent]\n|switch|p2a: Kingambit|Kingambit, M, shiny|100\/100\n|move|p1a: Dragapult|Shadow Ball|p2a: Kingambit\n|-resisted|p2a: Kingambit\n|-damage|p2a: Kingambit|83\/100\n|\n|-heal|p2a: Kingambit|89\/100|[from] item: Leftovers\n|upkeep\n|turn|10\n|\n|t:|1700092721\n|move|p1a: Dragapult|Flamethrower|p2a: Kingambit\n|-supereffective|p2a: Kingambit\n|-damage|p2a: Kingambit|38\/100\n|move|p2a: Kingambit|Swords Dance|p2a: Kingambit\n|-boost|p2a: Kingambit|atk|2\n|\n|-heal|p2a: Kingambit|45\/100|[from] item: Leftovers\n|upkeep\n|turn|11\n|\n|t:|1700092728\n|switch|p1a: Garchomp|Garchomp, M|100\/100\n|move|p2a: Kingambit|Sucker Punch||[still]\n|-fail|p2a: Kingambit\n|\n|-heal|p2a: Kingambit|51\/100|[from] item: Leftovers\n|upkeep\n|turn|12\n|\n|t:|1700092733\n|move|p2a: Kingambit|Sucker Punch||[still]\n|-fail|p2a: Kingambit\n|move|p1a: Garchomp|Spikes|p2a: Kingambit\n|-sidestart|p2: Violet Mask|Spikes\n|\n|-heal|p2a: Kingambit|57\/100|[from] item: Leftovers\n|upkeep\n|turn|13\n|\n|t:|1700092738\n|move|p2a: Kingambit|Sucker Punch||[still]\n|-fail|p2a: Kingambit\n|move|p1a: Garchomp|Spikes|p2a: Kingambit\n|-sidestart|p2: Violet Mask|Spikes\n|\n|-heal|p2a: Kingambit|63\/100|[from] item: Leftovers\n|upkeep\n|turn|14\n|\n|t:|1700092743\n|move|p1a: Garchomp|Spikes|p2a: Kingambit\n|-sidestart|p2: Violet Mask|Spikes\n|move|p2a: Kingambit|Kowtow Cleave|p1a: Garchomp\n|-damage|p1a: Garchomp|35\/100\n|-damage|p2a: Kingambit|51\/100|[from] ability: Rough Skin|[of] p1a: Garchomp\n|-damage|p2a: Kingambit|34\/100|[from] item: Rocky Helmet|[of] p1a: Garchomp\n|\n|-heal|p2a: Kingambit|41\/100|[from] item: Leftovers\n|upkeep\n|turn|15\n|\n|t:|1700092750\n|move|p2a: Kingambit|Sucker Punch|p1a: Garchomp\n|-damage|p1a: Garchomp|0 fnt\n|-damage|p2a: Kingambit|28\/100|[from] ability: Rough Skin|[of] p1a: Garchomp\n|-damage|p2a: Kingambit|12\/100|[from] item: Rocky Helmet|[of] p1a: Garchomp\n|faint|p1a: Garchomp\n|\n|-heal|p2a: Kingambit|18\/100|[from] item: Leftovers\n|upkeep\n|\n|t:|1700092757\n|switch|p1a: Great Tusk|Great Tusk|100\/100\n|turn|16\n|\n|t:|1700092762\n|move|p2a: Kingambit|Sucker Punch||[still]\n|-fail|p2a: Kingambit\n|move|p1a: Great Tusk|Bulk Up|p1a: Great Tusk\n|-boost|p1a: Great Tusk|atk|1\n|-boost|p1a: Great Tusk|def|1\n|\n|-heal|p2a: Kingambit|24\/100|[from] item: Leftovers\n|upkeep\n|turn|17\n|\n|t:|1700092771\n|-terastallize|p2a: Kingambit|Fairy\n|move|p1a: Great Tusk|Rapid Spin|p2a: Kingambit\n|-damage|p2a: Kingambit|5\/100\n|-boost|p1a: Great Tusk|spe|1\n|move|p2a: Kingambit|Tera Blast|p1a: Great Tusk|[anim] Tera Blast Fairy\n|-supereffective|p1a: Great Tusk\n|-damage|p1a: Great Tusk|27\/100\n|\n|-heal|p1a: Great Tusk|33\/100|[from] item: Leftovers\n|-heal|p2a: Kingambit|12\/100|[from] item: Leftovers\n|upkeep\n|turn|18\n|\n|t:|1700092781\n|move|p1a: Great Tusk|Rapid Spin|p2a: Kingambit\n|-damage|p2a: Kingambit|0 fnt\n|-boost|p1a: Great Tusk|spe|1\n|faint|p2a: Kingambit\n|-end|p2a: Kingambit|fallenundefined|[silent]\n|\n|-heal|p1a: Great Tusk|39\/100|[from] item: Leftovers\n|upkeep\n|\n|t:|1700092785\n|switch|p2a: Great Tusk|Great Tusk, shiny|90\/100\n|-damage|p2a: Great Tusk|65\/100|[from] Spikes\n|turn|19\n|\n|t:|1700092791\n|move|p1a: Great Tusk|Ice Spinner|p2a: Great Tusk\n|-supereffective|p2a: Great Tusk\n|-damage|p2a: Great Tusk|26\/100\n|move|p2a: Great Tusk|Rapid Spin|p1a: Great Tusk\n|-damage|p1a: Great Tusk|33\/100\n|-boost|p2a: Great Tusk|spe|1\n|-sideend|p2: Violet Mask|Spikes|[from] move: Rapid Spin|[of] p2a: Great Tusk\n|\n|-heal|p1a: Great Tusk|39\/100|[from] item: Leftovers\n|upkeep\n|turn|20\n|\n|t:|1700092797\n|move|p1a: Great Tusk|Ice Spinner|p2a: Great Tusk\n|-supereffective|p2a: Great Tusk\n|-damage|p2a: Great Tusk|0 fnt\n|faint|p2a: Great Tusk\n|-end|p2a: Great Tusk|Protosynthesis|[silent]\n|\n|-heal|p1a: Great Tusk|45\/100|[from] item: Leftovers\n|upkeep\n|\n|t:|1700092803\n|switch|p2a: Zapdos|Zapdos|88\/100\n|turn|21\n|\n|t:|1700092810\n|move|p1a: Great Tusk|Ice Spinner|p2a: Zapdos\n|-supereffective|p2a: Zapdos\n|-damage|p2a: Zapdos|10\/100\n|move|p2a: Zapdos|Hurricane|p1a: Great Tusk\n|-supereffective|p1a: Great Tusk\n|-damage|p1a: Great Tusk|0 fnt\n|faint|p1a: Great Tusk\n|-end|p1a: Great Tusk|Protosynthesis|[silent]\n|\n|upkeep\n|\n|t:|1700092822\n|switch|p1a: Dragapult|Dragapult, M|100\/100\n|turn|22\n|\n|t:|1700092827\n|move|p1a: Dragapult|Shadow Ball|p2a: Zapdos\n|-damage|p2a: Zapdos|0 fnt\n|faint|p2a: Zapdos\n|\n|upkeep\n|\n|t:|1700092832\n|switch|p2a: Cinderace|Cinderace, F|24\/100\n|turn|23\n|\n|t:|1700092834\n|move|p2a: Cinderace|Sucker Punch|p1a: Dragapult\n|-start|p2a: Cinderace|typechange|Dark|[from] ability: Libero\n|-supereffective|p1a: Dragapult\n|-damage|p1a: Dragapult|15\/100\n|move|p1a: Dragapult|Shadow Ball|p2a: Cinderace\n|-resisted|p2a: Cinderace\n|-damage|p2a: Cinderace|0 fnt\n|faint|p2a: Cinderace\n|\n|upkeep\n|\n|t:|1700092839\n|switch|p2a: Slowking|Slowking, M|85\/100\n|turn|24\n|\n|t:|1700092844\n|move|p1a: Dragapult|Shadow Ball|p2a: Slowking\n|-supereffective|p2a: Slowking\n|-damage|p2a: Slowking|40\/100\n|-unboost|p2a: Slowking|spd|1\n|move|p2a: Slowking|Scald|p1a: Dragapult\n|-resisted|p1a: Dragapult\n|-damage|p1a: Dragapult|0 fnt\n|faint|p1a: Dragapult\n|\n|upkeep\n|\n|t:|1700092852\n|switch|p1a: Iron Moth|Iron Moth|85\/100\n|turn|25\n|\n|t:|1700092868\n|switch|p2a: Gengar|Gengar, M|100\/100\n|-terastallize|p1a: Iron Moth|Flying\n|move|p1a: Iron Moth|Fiery Dance|p2a: Gengar\n|-damage|p2a: Gengar|21\/100\n|\n|upkeep\n|turn|26\n|\n|t:|1700092876\n|move|p1a: Iron Moth|Fiery Dance|p2a: Gengar\n|-damage|p2a: Gengar|0 fnt\n|-boost|p1a: Iron Moth|spa|1\n|-start|p1a: Iron Moth|Disable|Fiery Dance|[from] ability: Cursed Body|[of] p2a: Gengar\n|faint|p2a: Gengar\n|\n|upkeep\n|\n|t:|1700092879\n|switch|p2a: Slowking|Slowking, M|73\/100\n|turn|27\n|\n|t:|1700092884\n|-activate|p1a: Iron Moth|move: Struggle\n|move|p1a: Iron Moth|Struggle|p2a: Slowking\n|-damage|p2a: Slowking|68\/100\n|-damage|p1a: Iron Moth|60\/100|[from] recoil\n|move|p2a: Slowking|Scald|p1a: Iron Moth\n|-damage|p1a: Iron Moth|33\/100\n|\n|upkeep\n|turn|28\n|c|\u2606Violet Mask|gg\n|\n|t:|1700092892\n|-activate|p1a: Iron Moth|move: Struggle\n|move|p1a: Iron Moth|Struggle|p2a: Slowking\n|-damage|p2a: Slowking|63\/100\n|-damage|p1a: Iron Moth|8\/100|[from] recoil\n|move|p2a: Slowking|Scald|p1a: Iron Moth\n|-damage|p1a: Iron Moth|0 fnt\n|faint|p1a: Iron Moth\n|-end|p1a: Iron Moth|Quark Drive|[silent]\n|\n|win|Violet Mask\n|raw|Rufurufusito's rating: 1355 &rarr; <strong>1341<\/strong><br \/>(-14 for losing)\n|raw|Violet Mask's rating: 1462 &rarr; <strong>1476<\/strong><br \/>(+14 for winning)\n","uploadtime":1700092896,"views":7,"p1id":"rufurufusito","p2id":"violetmask","formatid":"gen9ou","rating":1341,"private":0,"password":""}