{"id":"gen9ou-1997473217","p1":"PixelPenguin2","p2":"we're so barack","format":"[Gen 9] OU","log":"|j|\u2606PixelPenguin2\n|j|\u2606we're so barack\n|t:|1700811522\n|gametype|singles\n|player|p1|PixelPenguin2|guitarist|1475\n|player|p2|we're so barack|giovanni|1581\n|teamsize|p1|6\n|teamsize|p2|6\n|gen|9\n|tier|[Gen 9] OU\n|rated|\n|rule|Sleep Clause Mod: Limit one foe put to sleep\n|rule|Species Clause: Limit one of each Pok\u00e9mon\n|rule|OHKO Clause: OHKO moves are banned\n|rule|Evasion Items Clause: Evasion items are banned\n|rule|Evasion Moves Clause: Evasion moves are banned\n|rule|Endless Battle Clause: Forcing endless battles is banned\n|rule|HP Percentage Mod: HP is shown in percentages\n|clearpoke\n|poke|p1|Weavile, F|\n|poke|p1|Heatran, F|\n|poke|p1|Great Tusk|\n|poke|p1|Landorus-Therian, M|\n|poke|p1|Ogerpon-Wellspring, F|\n|poke|p1|Gholdengo|\n|poke|p2|Weavile, F|\n|poke|p2|Heatran, M|\n|poke|p2|Great Tusk|\n|poke|p2|Landorus-Therian, M|\n|poke|p2|Ogerpon-Wellspring, F|\n|poke|p2|Gholdengo|\n|teampreview\n|inactive|Battle timer is ON: inactive players will automatically lose when time's up. (requested by we're so barack)\n|inactive|PixelPenguin2 also wants the timer to be on.\n|c|\u2606we're so barack|nice team dawg\n|c|\u2606PixelPenguin2|no way\n|c|\u2606PixelPenguin2|yo you too\n|c|\u2606we're so barack|LMAO\n|c|\u2606PixelPenguin2|looks like a banger team\n|c|\u2606we're so barack|I'm saying\n|inactive|PixelPenguin2 has 120 seconds left.\n|inactive|we're so barack has 120 seconds left.\n|c|\u2606we're so barack|masterfully crafted\n|c|\u2606PixelPenguin2|for real\n|inactive|PixelPenguin2 has 90 seconds left.\n|c|\u2606PixelPenguin2|real ones lead lando t\n|\n|t:|1700811588\n|start\n|switch|p1a: Landorus|Landorus-Therian, M|100\/100\n|switch|p2a: calrissian flow|Landorus-Therian, M|100\/100\n|-ability|p1a: Landorus|Intimidate|boost\n|-unboost|p2a: calrissian flow|atk|1\n|-ability|p2a: calrissian flow|Intimidate|boost\n|-unboost|p1a: Landorus|atk|1\n|turn|1\n|c|\u2606we're so barack|AYEEE\n|c|\u2606PixelPenguin2|LMAO\n|c|\u2606PixelPenguin2|Landorus T my beloved\n|inactive|PixelPenguin2 has 120 seconds left.\n|c|\u2606PixelPenguin2|real ones u-turn\n|c|\u2606we're so barack|we are so lanback\n|\n|t:|1700811633\n|move|p1a: Landorus|U-turn|p2a: calrissian flow\n|-resisted|p2a: calrissian flow\n|-damage|p2a: calrissian flow|90\/100\n|\n|t:|1700811636\n|switch|p1a: Great Tusk|Great Tusk|100\/100|[from] U-turn\n|move|p2a: calrissian flow|U-turn|p1a: Great Tusk\n|-resisted|p1a: Great Tusk\n|-damage|p1a: Great Tusk|95\/100\n|\n|t:|1700811645\n|switch|p2a: the captain|Great Tusk|100\/100|[from] U-turn\n|\n|upkeep\n|turn|2\n|c|\u2606PixelPenguin2|omg\n|c|\u2606PixelPenguin2|this is amazing\n|c|\u2606we're so barack|this is crazy\n|inactive|PixelPenguin2 has 120 seconds left.\n|c|\u2606we're so barack|real ones click rocks\n|c|\u2606PixelPenguin2|fr\n|\n|t:|1700811672\n|move|p2a: the captain|Stealth Rock|p1a: Great Tusk\n|-sidestart|p1: PixelPenguin2|move: Stealth Rock\n|move|p1a: Great Tusk|Stealth Rock|p2a: the captain\n|-sidestart|p2: we're so barack|move: Stealth Rock\n|\n|upkeep\n|turn|3\n|c|\u2606PixelPenguin2|pffff\n|inactive|PixelPenguin2 has 90 seconds left.\n|c|\u2606PixelPenguin2|real ones go Ghold on the rapid spin\n|\n|t:|1700811708\n|-end|p1a: Great Tusk|Protosynthesis|[silent]\n|switch|p1a: Gholdengo|Gholdengo|100\/100\n|-damage|p1a: Gholdengo|94\/100|[from] Stealth Rock\n|move|p2a: the captain|Ice Spinner|p1a: Gholdengo\n|-resisted|p1a: Gholdengo\n|-damage|p1a: Gholdengo|85\/100\n|\n|upkeep\n|turn|4\n|c|\u2606PixelPenguin2|damn\n|c|\u2606PixelPenguin2|not a real one \ud83d\ude14\n|inactive|PixelPenguin2 has 60 seconds left.\n|inactive|we're so barack has 120 seconds left.\n|c|\u2606we're so barack|it had to be done at some point\n|c|\u2606PixelPenguin2|lol\n|c|\u2606PixelPenguin2|gl hf\n|c|\u2606we're so barack|you too bro lmao\n|\n|t:|1700811763\n|switch|p1a: Landorus|Landorus-Therian, M|100\/100\n|-damage|p1a: Landorus|88\/100|[from] Stealth Rock\n|-ability|p1a: Landorus|Intimidate|boost\n|-unboost|p2a: the captain|atk|1\n|move|p2a: the captain|Headlong Rush|p1a: Landorus\n|-immune|p1a: Landorus\n|\n|upkeep\n|turn|5\n|\n|t:|1700811784\n|move|p1a: Landorus|U-turn|p2a: the captain\n|-resisted|p2a: the captain\n|-damage|p2a: the captain|92\/100\n|\n|t:|1700811786\n|switch|p1a: Ogerpon|Ogerpon-Wellspring, F|100\/100|[from] U-turn\n|-damage|p1a: Ogerpon|88\/100|[from] Stealth Rock\n|move|p2a: the captain|Rapid Spin|p1a: Ogerpon\n|-damage|p1a: Ogerpon|76\/100\n|-boost|p2a: the captain|spe|1\n|-sideend|p2: we're so barack|Stealth Rock|[from] move: Rapid Spin|[of] p2a: the captain\n|\n|upkeep\n|turn|6\n|inactive|we're so barack has 120 seconds left.\n|\n|t:|1700811798\n|-end|p2a: the captain|Protosynthesis|[silent]\n|switch|p2a: castaway|Ogerpon-Wellspring, F|100\/100\n|move|p1a: Ogerpon|Power Whip|p2a: castaway\n|-damage|p2a: castaway|11\/100\n|\n|upkeep\n|turn|7\n|\n|t:|1700811806\n|switch|p1a: Landorus|Landorus-Therian, M|88\/100\n|-damage|p1a: Landorus|76\/100|[from] Stealth Rock\n|-ability|p1a: Landorus|Intimidate|boost\n|-unboost|p2a: castaway|atk|1\n|move|p2a: castaway|Power Whip|p1a: Landorus|[miss]\n|-miss|p2a: castaway|p1a: Landorus\n|\n|upkeep\n|turn|8\n|c|\u2606PixelPenguin2|rip\n|\n|t:|1700811820\n|switch|p2a: calrissian flow|Landorus-Therian, M|90\/100\n|-ability|p2a: calrissian flow|Intimidate|boost\n|-unboost|p1a: Landorus|atk|1\n|move|p1a: Landorus|U-turn|p2a: calrissian flow\n|-resisted|p2a: calrissian flow\n|-damage|p2a: calrissian flow|80\/100\n|\n|t:|1700811827\n|switch|p1a: Great Tusk|Great Tusk|95\/100|[from] U-turn\n|\n|upkeep\n|turn|9\n|c|\u2606we're so barack|it's chill\n|\n|t:|1700811849\n|move|p2a: calrissian flow|U-turn|p1a: Great Tusk\n|-resisted|p1a: Great Tusk\n|-damage|p1a: Great Tusk|87\/100\n|\n|t:|1700811858\n|switch|p2a: the captain|Great Tusk|92\/100|[from] U-turn\n|move|p1a: Great Tusk|Stealth Rock|p2a: the captain\n|-sidestart|p2: we're so barack|move: Stealth Rock\n|\n|upkeep\n|turn|10\n|inactive|PixelPenguin2 has 60 seconds left.\n|\n|t:|1700811864\n|move|p2a: the captain|Headlong Rush|p1a: Great Tusk\n|-damage|p1a: Great Tusk|55\/100\n|-unboost|p2a: the captain|def|1\n|-unboost|p2a: the captain|spd|1\n|move|p1a: Great Tusk|Rapid Spin|p2a: the captain\n|-damage|p2a: the captain|79\/100\n|-boost|p1a: Great Tusk|spe|1\n|-sideend|p1: PixelPenguin2|Stealth Rock|[from] move: Rapid Spin|[of] p1a: Great Tusk\n|\n|upkeep\n|turn|11\n|inactive|PixelPenguin2 has 60 seconds left.\n|\n|t:|1700811878\n|-end|p1a: Great Tusk|Protosynthesis|[silent]\n|switch|p1a: Landorus|Landorus-Therian, M|76\/100\n|-ability|p1a: Landorus|Intimidate|boost\n|-unboost|p2a: the captain|atk|1\n|move|p2a: the captain|Headlong Rush|p1a: Landorus\n|-immune|p1a: Landorus\n|\n|upkeep\n|turn|12\n|inactive|PixelPenguin2 has 60 seconds left.\n|\n|t:|1700811889\n|-end|p2a: the captain|Protosynthesis|[silent]\n|switch|p2a: calrissian flow|Landorus-Therian, M|80\/100\n|-damage|p2a: calrissian flow|68\/100|[from] Stealth Rock\n|-ability|p2a: calrissian flow|Intimidate|boost\n|-unboost|p1a: Landorus|atk|1\n|move|p1a: Landorus|Earthquake|p2a: calrissian flow\n|-immune|p2a: calrissian flow\n|\n|upkeep\n|turn|13\n|\n|t:|1700811896\n|move|p1a: Landorus|Earthquake|p2a: calrissian flow\n|-immune|p2a: calrissian flow\n|move|p2a: calrissian flow|U-turn|p1a: Landorus\n|-resisted|p1a: Landorus\n|-damage|p1a: Landorus|60\/100\n|\n|t:|1700811902\n|switch|p2a: diabolical|Weavile, F|100\/100|[from] U-turn\n|-damage|p2a: diabolical|76\/100|[from] Stealth Rock\n|-ability|p2a: diabolical|Pressure\n|\n|upkeep\n|turn|14\n|\n|t:|1700811910\n|switch|p1a: Heatran|Heatran, F|100\/100\n|move|p2a: diabolical|Knock Off|p1a: Heatran\n|-damage|p1a: Heatran|57\/100\n|-enditem|p1a: Heatran|Leftovers|[from] move: Knock Off|[of] p2a: diabolical\n|\n|upkeep\n|turn|15\n|inactive|PixelPenguin2 has 60 seconds left.\n|inactive|we're so barack has 120 seconds left.\n|\n|t:|1700811954\n|switch|p2a: sriracha|Heatran, M|100\/100\n|-damage|p2a: sriracha|88\/100|[from] Stealth Rock\n|switch|p1a: Ogerpon|Ogerpon-Wellspring, F|76\/100\n|\n|-heal|p2a: sriracha|94\/100|[from] item: Leftovers\n|upkeep\n|turn|16\n|inactive|PixelPenguin2 has 60 seconds left.\n|\n|t:|1700811987\n|move|p1a: Ogerpon|Spikes|p2a: sriracha\n|-sidestart|p2: we're so barack|Spikes\n|move|p2a: sriracha|Will-O-Wisp|p1a: Ogerpon\n|-status|p1a: Ogerpon|brn\n|\n|-heal|p2a: sriracha|100\/100|[from] item: Leftovers\n|-damage|p1a: Ogerpon|70\/100 brn|[from] brn\n|upkeep\n|turn|17\n|c|\u2606PixelPenguin2|damn oof\n|inactive|PixelPenguin2 has 30 seconds left.\n|\n|t:|1700812021\n|move|p1a: Ogerpon|Power Whip|p2a: sriracha\n|-resisted|p2a: sriracha\n|-damage|p2a: sriracha|94\/100\n|move|p2a: sriracha|Magma Storm|p1a: Ogerpon\n|-damage|p1a: Ogerpon|20\/100 brn\n|-activate|p1a: Ogerpon|move: Magma Storm|[of] p2a: sriracha\n|\n|-heal|p2a: sriracha|99\/100|[from] item: Leftovers\n|-damage|p1a: Ogerpon|14\/100 brn|[from] brn\n|-damage|p1a: Ogerpon|2\/100 brn|[from] move: Magma Storm|[partiallytrapped]\n|upkeep\n|turn|18\n|inactive|PixelPenguin2 has 30 seconds left.\n|c|\u2606PixelPenguin2|omg\n|inactive|we're so barack has 90 seconds left.\n|c|\u2606we're so barack|it's crazy because I still don't have a switchin lmao\n|\n|t:|1700812043\n|move|p1a: Ogerpon|Spikes|p2a: sriracha\n|-sidestart|p2: we're so barack|Spikes\n|move|p2a: sriracha|Earth Power|p1a: Ogerpon\n|-resisted|p1a: Ogerpon\n|-damage|p1a: Ogerpon|0 fnt\n|faint|p1a: Ogerpon\n|\n|-heal|p2a: sriracha|100\/100|[from] item: Leftovers\n|upkeep\n|inactive|PixelPenguin2 has 30 seconds left this turn.\n|inactive|PixelPenguin2 has 20 seconds left.\n|inactive|PixelPenguin2 has 15 seconds left.\n|c|\u2606PixelPenguin2|I was terrified of the other Ogerpon \ud83d\ude2d\ud83d\ude2d\n|inactive|PixelPenguin2 has 10 seconds left.\n|\n|t:|1700812064\n|switch|p1a: Landorus|Landorus-Therian, M|60\/100\n|-ability|p1a: Landorus|Intimidate|boost\n|-unboost|p2a: sriracha|atk|1\n|turn|19\n|inactive|PixelPenguin2 has 20 seconds left this turn.\n|inactive|PixelPenguin2 has 15 seconds left.\n|inactive|PixelPenguin2 has 10 seconds left.\n|inactive|we're so barack has 90 seconds left.\n|c|\u2606we're so barack|I just die to rocks if I switch\n|\n|t:|1700812081\n|switch|p2a: calrissian flow|Landorus-Therian, M|68\/100\n|-damage|p2a: calrissian flow|55\/100|[from] Stealth Rock\n|-ability|p2a: calrissian flow|Intimidate|boost\n|-unboost|p1a: Landorus|atk|1\n|move|p1a: Landorus|U-turn|p2a: calrissian flow\n|-resisted|p2a: calrissian flow\n|-damage|p2a: calrissian flow|45\/100\n|inactive|PixelPenguin2 has 15 seconds left this turn.\n|c|\u2606PixelPenguin2|oh wait yeah\n|inactive|PixelPenguin2 has 10 seconds left.\n|\n|t:|1700812090\n|switch|p1a: Weavile|Weavile, F|100\/100|[from] U-turn\n|-ability|p1a: Weavile|Pressure\n|\n|upkeep\n|turn|20\n|inactive|PixelPenguin2 has 20 seconds left this turn.\n|inactive|PixelPenguin2 has 15 seconds left.\n|\n|t:|1700812097\n|move|p1a: Weavile|Ice Shard|p2a: calrissian flow\n|-supereffective|p2a: calrissian flow\n|-damage|p2a: calrissian flow|0 fnt\n|faint|p2a: calrissian flow\n|\n|upkeep\n|inactive|PixelPenguin2 has 20 seconds left this turn.\n|\n|t:|1700812102\n|switch|p2a: sriracha|Heatran, M|100\/100\n|-damage|p2a: sriracha|88\/100|[from] Stealth Rock\n|-damage|p2a: sriracha|71\/100|[from] Spikes\n|turn|21\n|inactive|PixelPenguin2 has 30 seconds left this turn.\n|\n|t:|1700812110\n|switch|p1a: Heatran|Heatran, F|57\/100\n|move|p2a: sriracha|Earth Power|p1a: Heatran\n|-supereffective|p1a: Heatran\n|-damage|p1a: Heatran|0 fnt\n|faint|p1a: Heatran\n|\n|-heal|p2a: sriracha|78\/100|[from] item: Leftovers\n|upkeep\n|inactive|PixelPenguin2 has 30 seconds left this turn.\n|\n|t:|1700812117\n|switch|p1a: Landorus|Landorus-Therian, M|60\/100\n|-ability|p1a: Landorus|Intimidate|boost\n|-unboost|p2a: sriracha|atk|1\n|turn|22\n|\n|t:|1700812131\n|switch|p2a: castaway|Ogerpon-Wellspring, F|11\/100\n|-damage|p2a: castaway|0 fnt|[from] Stealth Rock\n|faint|p2a: castaway\n|move|p1a: Landorus|Earthquake|p2: castaway|[notarget]\n|-fail|p1a: Landorus\n|\n|upkeep\n|\n|t:|1700812135\n|switch|p2a: the captain|Great Tusk|79\/100\n|turn|23\n|inactive|we're so barack has 120 seconds left.\n|\n|t:|1700812143\n|move|p1a: Landorus|Earthquake|p2a: the captain\n|-damage|p2a: the captain|41\/100\n|move|p2a: the captain|Rapid Spin|p1a: Landorus\n|-damage|p1a: Landorus|44\/100\n|-boost|p2a: the captain|spe|1\n|-sideend|p2: we're so barack|Spikes|[from] move: Rapid Spin|[of] p2a: the captain\n|-sideend|p2: we're so barack|Stealth Rock|[from] move: Rapid Spin|[of] p2a: the captain\n|\n|upkeep\n|turn|24\n|\n|t:|1700812153\n|switch|p1a: Weavile|Weavile, F|100\/100\n|-ability|p1a: Weavile|Pressure\n|move|p2a: the captain|Ice Spinner|p1a: Weavile\n|-resisted|p1a: Weavile\n|-damage|p1a: Weavile|82\/100\n|\n|upkeep\n|turn|25\n|\n|t:|1700812165\n|switch|p1a: Landorus|Landorus-Therian, M|44\/100\n|-ability|p1a: Landorus|Intimidate|boost\n|-unboost|p2a: the captain|atk|1\n|move|p2a: the captain|Headlong Rush|p1a: Landorus\n|-immune|p1a: Landorus\n|\n|upkeep\n|turn|26\n|\n|t:|1700812182\n|move|p1a: Landorus|U-turn|p2a: the captain\n|-resisted|p2a: the captain\n|-damage|p2a: the captain|32\/100\n|\n|t:|1700812183\n|switch|p1a: Great Tusk|Great Tusk|55\/100|[from] U-turn\n|move|p2a: the captain|Ice Spinner|p1a: Great Tusk\n|-supereffective|p1a: Great Tusk\n|-damage|p1a: Great Tusk|35\/100\n|\n|upkeep\n|turn|27\n|\n|t:|1700812193\n|move|p2a: the captain|Ice Spinner|p1a: Great Tusk\n|-supereffective|p1a: Great Tusk\n|-damage|p1a: Great Tusk|15\/100\n|move|p1a: Great Tusk|Rapid Spin|p2a: the captain\n|-damage|p2a: the captain|24\/100\n|-boost|p1a: Great Tusk|spe|1\n|\n|upkeep\n|turn|28\n|\n|t:|1700812198\n|-end|p1a: Great Tusk|Protosynthesis|[silent]\n|switch|p1a: Weavile|Weavile, F|82\/100\n|-ability|p1a: Weavile|Pressure\n|move|p2a: the captain|Ice Spinner|p1a: Weavile\n|-resisted|p1a: Weavile\n|-damage|p1a: Weavile|68\/100\n|\n|upkeep\n|turn|29\n|inactive|PixelPenguin2 has 60 seconds left.\n|\n|t:|1700812216\n|-end|p2a: the captain|Protosynthesis|[silent]\n|switch|p2a: sriracha|Heatran, M|78\/100\n|move|p1a: Weavile|Ice Shard|p2a: sriracha\n|-resisted|p2a: sriracha\n|-damage|p2a: sriracha|72\/100\n|\n|-heal|p2a: sriracha|78\/100|[from] item: Leftovers\n|upkeep\n|turn|30\n|inactive|PixelPenguin2 has 60 seconds left.\n|\n|t:|1700812230\n|switch|p1a: Great Tusk|Great Tusk|15\/100\n|move|p2a: sriracha|Magma Storm|p1a: Great Tusk\n|-damage|p1a: Great Tusk|0 fnt\n|faint|p1a: Great Tusk\n|-end|p1a: Great Tusk|Protosynthesis|[silent]\n|\n|-heal|p2a: sriracha|85\/100|[from] item: Leftovers\n|upkeep\n|inactive|PixelPenguin2 has 60 seconds left.\n|\n|t:|1700812237\n|switch|p1a: Landorus|Landorus-Therian, M|44\/100\n|-ability|p1a: Landorus|Intimidate|boost\n|-unboost|p2a: sriracha|atk|1\n|turn|31\n|\n|t:|1700812252\n|switch|p2a: the captain|Great Tusk|24\/100\n|move|p1a: Landorus|Earthquake|p2a: the captain\n|-damage|p2a: the captain|0 fnt\n|faint|p2a: the captain\n|-end|p2a: the captain|Protosynthesis|[silent]\n|\n|upkeep\n|\n|t:|1700812254\n|switch|p2a: diabolical|Weavile, F|76\/100\n|-ability|p2a: diabolical|Pressure\n|turn|32\n|inactive|PixelPenguin2 has 60 seconds left.\n|\n|t:|1700812289\n|-terastallize|p1a: Landorus|Ice\n|move|p1a: Landorus|Earthquake|p2a: diabolical\n|-damage|p2a: diabolical|0 fnt\n|faint|p2a: diabolical\n|\n|upkeep\n|\n|t:|1700812302\n|switch|p2a: insaneintherain|Gholdengo|100\/100\n|turn|33\n|inactive|PixelPenguin2 has 60 seconds left.\n|inactive|we're so barack has 120 seconds left.\n|\n|t:|1700812360\n|switch|p1a: Gholdengo|Gholdengo|85\/100\n|-terastallize|p2a: insaneintherain|Fairy\n|move|p2a: insaneintherain|Dazzling Gleam|p1a: Gholdengo\n|-resisted|p1a: Gholdengo\n|-damage|p1a: Gholdengo|67\/100\n|\n|upkeep\n|turn|34\n|\n|t:|1700812373\n|switch|p1a: Weavile|Weavile, F|68\/100\n|-ability|p1a: Weavile|Pressure\n|move|p2a: insaneintherain|Shadow Ball|p1a: Weavile\n|-resisted|p1a: Weavile\n|-damage|p1a: Weavile|43\/100\n|-unboost|p1a: Weavile|spd|1\n|\n|upkeep\n|turn|35\n|\n|t:|1700812383\n|switch|p2a: sriracha|Heatran, M|85\/100\n|move|p1a: Weavile|Icicle Crash|p2a: sriracha\n|-resisted|p2a: sriracha\n|-damage|p2a: sriracha|74\/100\n|\n|-heal|p2a: sriracha|80\/100|[from] item: Leftovers\n|upkeep\n|turn|36\n|\n|t:|1700812393\n|move|p1a: Weavile|Knock Off|p2a: sriracha\n|-damage|p2a: sriracha|38\/100\n|-enditem|p2a: sriracha|Leftovers|[from] move: Knock Off|[of] p1a: Weavile\n|move|p2a: sriracha|Magma Storm|p1a: Weavile|[miss]\n|-miss|p2a: sriracha|p1a: Weavile\n|\n|upkeep\n|turn|37\n|\n|t:|1700812401\n|move|p1a: Weavile|Knock Off|p2a: sriracha\n|-crit|p2a: sriracha\n|-damage|p2a: sriracha|0 fnt\n|faint|p2a: sriracha\n|\n|upkeep\n|\n|t:|1700812406\n|switch|p2a: insaneintherain|Gholdengo, tera:Fairy|100\/100\n|turn|38\n|c|\u2606PixelPenguin2|oof\n|c|\u2606PixelPenguin2|that was lucky\n|c|\u2606we're so barack|damn bruh\n|\n|t:|1700812414\n|move|p1a: Weavile|Icicle Crash|p2a: insaneintherain\n|-damage|p2a: insaneintherain|63\/100\n|move|p2a: insaneintherain|Dazzling Gleam|p1a: Weavile\n|-supereffective|p1a: Weavile\n|-damage|p1a: Weavile|0 fnt\n|faint|p1a: Weavile\n|\n|upkeep\n|\n|t:|1700812421\n|switch|p1a: Gholdengo|Gholdengo|67\/100\n|turn|39\n|\n|t:|1700812425\n|move|p2a: insaneintherain|Shadow Ball|p1a: Gholdengo\n|-supereffective|p1a: Gholdengo\n|-damage|p1a: Gholdengo|0 fnt\n|faint|p1a: Gholdengo\n|\n|upkeep\n|\n|t:|1700812429\n|switch|p1a: Landorus|Landorus-Therian, M, tera:Ice|44\/100\n|-ability|p1a: Landorus|Intimidate|boost\n|-unboost|p2a: insaneintherain|atk|1\n|turn|40\n|c|\u2606we're so barack|gg\n|\n|t:|1700812440\n|move|p1a: Landorus|Earthquake|p2a: insaneintherain\n|-damage|p2a: insaneintherain|26\/100\n|move|p2a: insaneintherain|Shadow Ball|p1a: Landorus\n|-damage|p1a: Landorus|1\/100\n|\n|upkeep\n|turn|41\n|c|\u2606PixelPenguin2|gg\n|\n|t:|1700812448\n|move|p1a: Landorus|Earthquake|p2a: insaneintherain\n|-damage|p2a: insaneintherain|0 fnt\n|faint|p2a: insaneintherain\n|\n|win|PixelPenguin2\n|raw|PixelPenguin2's rating: 1475 &rarr; <strong>1501<\/strong><br \/>(+26 for winning)\n|raw|we&apos;re so barack's rating: 1581 &rarr; <strong>1555<\/strong><br \/>(-26 for losing)\n|c|\u2606PixelPenguin2|that was a really good game\n|c|\u2606we're so barack|that was close as shit yeah\n|c|\u2606PixelPenguin2|had lots of fun\n|c|\u2606we're so barack|you and me both brother\n|c|\u2606we're so barack|wait yo hold on\n|c|\u2606PixelPenguin2|yeah?\n|c|\u2606we're so barack|idk if I'm tripping but are you in traineraid\n|c|\u2606we're so barack|discord server\n|c|\u2606PixelPenguin2|don't think I know it\n|c|\u2606we're so barack|ah damn I see I see\n|c|\u2606we're so barack|speaking of actually you're chill\n|c|\u2606we're so barack|add me on discord\n|c|\u2606we're so barack|user's allegromj\n|c|\u2606PixelPenguin2|okay cool\n|c|\u2606PixelPenguin2|I'm ancientpenguij25\n|c|\u2606PixelPenguin2|*penguin\n|c|\u2606PixelPenguin2|did you get it?\n|c|\u2606we're so barack|yeah I got it bro\n|c|\u2606PixelPenguin2|awesome\n|c|\u2606we're so barack|I'll ttyl big dawg\n|c|\u2606we're so barack|it's getting late\n|c|\u2606PixelPenguin2|yeah it is\n|c|\u2606we're so barack|you have a good rest of your night and black friday\n|c|\u2606PixelPenguin2|you too\n|l|\u2606we're so barack\n|c|\u2606PixelPenguin2|see ya when I see ya\n|l|\u2606PixelPenguin2\n|j|\u2606we're so barack\n|player|p2|we're so barack|giovanni\n","uploadtime":1700812709,"views":9,"p1id":"pixelpenguin2","p2id":"weresobarack","formatid":"gen9ou","rating":1501,"private":0,"password":""}