{"id":"gen9ou-1988970699","p1":"Lardoh","p2":"DivineGabriel","format":"[Gen 9] OU","log":"|j|\u2606Lardoh\n|j|\u2606DivineGabriel\n|t:|1699796425\n|gametype|singles\n|player|p1|Lardoh|169|1754\n|player|p2|DivineGabriel|rye|1911\n|teamsize|p1|6\n|teamsize|p2|6\n|gen|9\n|tier|[Gen 9] OU\n|rated|\n|rule|Sleep Clause Mod: Limit one foe put to sleep\n|rule|Species Clause: Limit one of each Pok\u00e9mon\n|rule|OHKO Clause: OHKO moves are banned\n|rule|Evasion Items Clause: Evasion items are banned\n|rule|Evasion Moves Clause: Evasion moves are banned\n|rule|Endless Battle Clause: Forcing endless battles is banned\n|rule|HP Percentage Mod: HP is shown in percentages\n|clearpoke\n|poke|p1|Iron Hands|\n|poke|p1|Mimikyu, M|\n|poke|p1|Hatterene, F|\n|poke|p1|Maushold|\n|poke|p1|Torkoal, F|\n|poke|p1|Hoopa-Unbound|\n|poke|p2|Typhlosion-Hisui, M|\n|poke|p2|Ting-Lu|\n|poke|p2|Torkoal, F|\n|poke|p2|Walking Wake|\n|poke|p2|Hatterene, F|\n|poke|p2|Meowscarada, M|\n|teampreview\n|inactive|Battle timer is ON: inactive players will automatically lose when time's up. (requested by Lardoh)\n|c|\u2606Lardoh|Big #3\n|c|\u2606Lardoh|i be sure to sack my torkoal this time\n|inactive|Lardoh has 120 seconds left.\n|\n|t:|1699796462\n|start\n|switch|p1a: Mrs. Cooper|Hatterene, F, shiny|100\/100\n|switch|p2a: Typhlosion|Typhlosion-Hisui, M|100\/100\n|turn|1\n|\n|t:|1699796467\n|move|p2a: Typhlosion|Eruption|p1a: Mrs. Cooper\n|-enditem|p1a: Mrs. Cooper|Focus Sash\n|-damage|p1a: Mrs. Cooper|1\/100\n|move|p1a: Mrs. Cooper|Trick Room|p1a: Mrs. Cooper\n|-fieldstart|move: Trick Room|[of] p1a: Mrs. Cooper\n|\n|upkeep\n|turn|2\n|\n|t:|1699796471\n|switch|p2a: Ting-Lu|Ting-Lu|100\/100\n|-ability|p2a: Ting-Lu|Vessel of Ruin\n|move|p1a: Mrs. Cooper|Healing Wish|p1a: Mrs. Cooper\n|faint|p1a: Mrs. Cooper\n|\n|upkeep\n|\n|t:|1699796475\n|switch|p1a: Mr.Cooper|Iron Hands|100\/100\n|turn|3\n|\n|t:|1699796481\n|move|p1a: Mr.Cooper|Drain Punch|p2a: Ting-Lu\n|-supereffective|p2a: Ting-Lu\n|-damage|p2a: Ting-Lu|51\/100\n|move|p2a: Ting-Lu|Earthquake|p1a: Mr.Cooper\n|-supereffective|p1a: Mr.Cooper\n|-enditem|p1a: Mr.Cooper|Shuca Berry|[eat]\n|-enditem|p1a: Mr.Cooper|Shuca Berry|[weaken]\n|-damage|p1a: Mr.Cooper|76\/100\n|\n|-heal|p2a: Ting-Lu|58\/100|[from] item: Leftovers\n|upkeep\n|turn|4\n|\n|t:|1699796492\n|move|p1a: Mr.Cooper|Drain Punch|p2a: Ting-Lu\n|-supereffective|p2a: Ting-Lu\n|-damage|p2a: Ting-Lu|7\/100\n|-heal|p1a: Mr.Cooper|100\/100|[from] drain|[of] p2a: Ting-Lu\n|move|p2a: Ting-Lu|Earthquake|p1a: Mr.Cooper\n|-supereffective|p1a: Mr.Cooper\n|-damage|p1a: Mr.Cooper|57\/100\n|\n|-heal|p2a: Ting-Lu|13\/100|[from] item: Leftovers\n|upkeep\n|turn|5\n|\n|t:|1699796496\n|move|p1a: Mr.Cooper|Ice Punch|p2a: Ting-Lu\n|-supereffective|p2a: Ting-Lu\n|-damage|p2a: Ting-Lu|0 fnt\n|faint|p2a: Ting-Lu\n|\n|-fieldend|move: Trick Room\n|upkeep\n|\n|t:|1699796498\n|switch|p2a: Typhlosion|Typhlosion-Hisui, M|100\/100\n|turn|6\n|\n|t:|1699796504\n|move|p2a: Typhlosion|Eruption|p1a: Mr.Cooper\n|-damage|p1a: Mr.Cooper|0 fnt\n|faint|p1a: Mr.Cooper\n|-end|p1a: Mr.Cooper|Quark Drive|[silent]\n|\n|upkeep\n|\n|t:|1699796508\n|switch|p1a: Meemawchu|Mimikyu, M|100\/100\n|turn|7\n|\n|t:|1699796511\n|move|p2a: Typhlosion|Eruption|p1a: Meemawchu\n|-activate|p1a: Meemawchu|ability: Disguise\n|-damage|p1a: Meemawchu|100\/100\n|detailschange|p1a: Meemawchu|Mimikyu-Busted, M\n|-damage|p1a: Meemawchu|88\/100|[from] pokemon: Mimikyu-Busted\n|move|p1a: Meemawchu|Trick Room|p1a: Meemawchu\n|-fieldstart|move: Trick Room|[of] p1a: Meemawchu\n|\n|upkeep\n|turn|8\n|\n|t:|1699796515\n|switch|p2a: Torkoal|Torkoal, F|100\/100\n|-weather|SunnyDay|[from] ability: Drought|[of] p2a: Torkoal\n|move|p1a: Meemawchu|Destiny Bond|p1a: Meemawchu\n|-singlemove|p1a: Meemawchu|Destiny Bond\n|\n|-weather|SunnyDay|[upkeep]\n|upkeep\n|turn|9\n|\n|t:|1699796519\n|switch|p1a: Young Shelldon|Torkoal, F|100\/100\n|move|p2a: Torkoal|Stealth Rock|p1a: Young Shelldon\n|-sidestart|p1: Lardoh|move: Stealth Rock\n|\n|-weather|SunnyDay|[upkeep]\n|upkeep\n|turn|10\n|\n|t:|1699796530\n|switch|p2a: Hatterene|Hatterene, F|100\/100\n|-terastallize|p1a: Young Shelldon|Fire\n|move|p1a: Young Shelldon|Eruption|p2a: Hatterene\n|-damage|p2a: Hatterene|0 fnt\n|faint|p2a: Hatterene\n|\n|-weather|SunnyDay|[upkeep]\n|upkeep\n|\n|t:|1699796533\n|switch|p2a: Walking Wake|Walking Wake|100\/100\n|-activate|p2a: Walking Wake|ability: Protosynthesis\n|-start|p2a: Walking Wake|protosynthesisspe\n|turn|11\n|\n|t:|1699796545\n|switch|p1a: FamWenSheldonIsOn|Maushold, shiny|100\/100\n|-damage|p1a: FamWenSheldonIsOn|88\/100|[from] Stealth Rock\n|move|p2a: Walking Wake|Hydro Steam|p1a: FamWenSheldonIsOn\n|-damage|p1a: FamWenSheldonIsOn|0 fnt\n|faint|p1a: FamWenSheldonIsOn\n|\n|-weather|SunnyDay|[upkeep]\n|-fieldend|move: Trick Room\n|upkeep\n|\n|t:|1699796547\n|switch|p1a: Georgie|Hoopa-Unbound|100\/100\n|-damage|p1a: Georgie|88\/100|[from] Stealth Rock\n|turn|12\n|\n|t:|1699796551\n|move|p2a: Walking Wake|Hydro Steam|p1a: Georgie\n|-damage|p1a: Georgie|15\/100\n|move|p1a: Georgie|Trick Room|p1a: Georgie\n|-fieldstart|move: Trick Room|[of] p1a: Georgie\n|\n|-weather|SunnyDay|[upkeep]\n|upkeep\n|turn|13\n|\n|t:|1699796563\n|-end|p2a: Walking Wake|Protosynthesis|[silent]\n|switch|p2a: Typhlosion|Typhlosion-Hisui, M|100\/100\n|move|p1a: Georgie|Hyperspace Fury|p2a: Typhlosion\n|-supereffective|p2a: Typhlosion\n|-damage|p2a: Typhlosion|0 fnt\n|-unboost|p1a: Georgie|def|1\n|faint|p2a: Typhlosion\n|\n|-weather|SunnyDay|[upkeep]\n|upkeep\n|\n|t:|1699796571\n|switch|p2a: Torkoal|Torkoal, F|100\/100\n|turn|14\n|j| xiaofanfan2\n|\n|t:|1699796584\n|switch|p1a: Young Shelldon|Torkoal, F, tera:Fire|100\/100\n|-damage|p1a: Young Shelldon|76\/100|[from] Stealth Rock\n|move|p2a: Torkoal|Lava Plume|p1a: Young Shelldon\n|-resisted|p1a: Young Shelldon\n|-damage|p1a: Young Shelldon|53\/100\n|\n|-weather|SunnyDay|[upkeep]\n|upkeep\n|turn|15\n|j| YELLOW MOTOROLA\n|inactive|DivineGabriel has 120 seconds left.\n|c|\u2606DivineGabriel|run eject pack on hoopa it will make it easier on pivoting to a offensive mon. Also ursaluna must be on every trick room team\n|\n|t:|1699796626\n|move|p1a: Young Shelldon|Earth Power|p2a: Torkoal\n|-supereffective|p2a: Torkoal\n|-damage|p2a: Torkoal|1\/100\n|move|p2a: Torkoal|Yawn|p1a: Young Shelldon\n|-start|p1a: Young Shelldon|move: Yawn|[of] p2a: Torkoal\n|\n|-weather|none\n|upkeep\n|turn|16\n|\n|t:|1699796637\n|switch|p1a: Meemawchu|Mimikyu-Busted, M|88\/100\n|-heal|p1a: Meemawchu|100\/100|[from] move: Healing Wish\n|-damage|p1a: Meemawchu|88\/100|[from] Stealth Rock\n|switch|p2a: Walking Wake|Walking Wake|100\/100\n|\n|-fieldend|move: Trick Room\n|upkeep\n|turn|17\n|\n|t:|1699796640\n|-terastallize|p2a: Walking Wake|Water\n|move|p2a: Walking Wake|Hydro Steam|p1a: Meemawchu\n|-damage|p1a: Meemawchu|3\/100\n|move|p1a: Meemawchu|Trick Room|p1a: Meemawchu\n|-fieldstart|move: Trick Room|[of] p1a: Meemawchu\n|\n|upkeep\n|turn|18\n|\n|t:|1699796650\n|-end|p2a: Walking Wake|Protosynthesis|[silent]\n|switch|p2a: Meowscarada|Meowscarada, M|100\/100\n|move|p1a: Meemawchu|Play Rough|p2a: Meowscarada\n|-supereffective|p2a: Meowscarada\n|-damage|p2a: Meowscarada|0 fnt\n|faint|p2a: Meowscarada\n|-damage|p1a: Meemawchu|0 fnt|[from] item: Life Orb\n|faint|p1a: Meemawchu\n|\n|upkeep\n|inactive|DivineGabriel has 120 seconds left.\n|c|\u2606DivineGabriel|also curse on mikyu can help as well\n|\n|t:|1699796677\n|switch|p1a: Georgie|Hoopa-Unbound|15\/100\n|switch|p2a: Walking Wake|Walking Wake, tera:Water|100\/100\n|-damage|p1a: Georgie|2\/100|[from] Stealth Rock\n|turn|19\n|\n|t:|1699796685\n|move|p1a: Georgie|Hyperspace Fury|p2a: Walking Wake\n|-damage|p2a: Walking Wake|31\/100\n|-unboost|p1a: Georgie|def|1\n|move|p2a: Walking Wake|Hydro Steam|p1a: Georgie\n|-damage|p1a: Georgie|0 fnt\n|faint|p1a: Georgie\n|\n|upkeep\n|\n|t:|1699796687\n|switch|p1a: Young Shelldon|Torkoal, F, tera:Fire|53\/100\n|-damage|p1a: Young Shelldon|28\/100|[from] Stealth Rock\n|-weather|SunnyDay|[from] ability: Drought|[of] p1a: Young Shelldon\n|-activate|p2a: Walking Wake|ability: Protosynthesis\n|-start|p2a: Walking Wake|protosynthesisspe\n|turn|20\n|\n|t:|1699796693\n|move|p1a: Young Shelldon|Earth Power|p2a: Walking Wake\n|-damage|p2a: Walking Wake|0 fnt\n|faint|p2a: Walking Wake\n|-end|p2a: Walking Wake|Protosynthesis|[silent]\n|\n|-weather|SunnyDay|[upkeep]\n|upkeep\n|\n|t:|1699796695\n|switch|p2a: Torkoal|Torkoal, F|1\/100\n|turn|21\n|\n|t:|1699796697\n|move|p1a: Young Shelldon|Earth Power|p2a: Torkoal\n|-supereffective|p2a: Torkoal\n|-damage|p2a: Torkoal|0 fnt\n|faint|p2a: Torkoal\n|\n|win|Lardoh\n|raw|Lardoh's rating: 1754 &rarr; <strong>1782<\/strong><br \/>(+28 for winning)\n|raw|DivineGabriel's rating: 1911 &rarr; <strong>1883<\/strong><br \/>(-28 for losing)\n|c|\u2606DivineGabriel|gg\n|c|\u2606Lardoh|Gg\n|l|\u2606Lardoh\n","uploadtime":1699796707,"views":28,"p1id":"lardoh","p2id":"divinegabriel","formatid":"gen9ou","rating":1782,"private":0,"password":""}