{"id":"gen9ou-1995960144","p1":"Aslock","p2":"Nitro524","format":"[Gen 9] OU","log":"|j|\u2606Aslock\n|j|\u2606Nitro524\n|t:|1700622266\n|gametype|singles\n|player|p1|Aslock|101|1280\n|player|p2|Nitro524|hilbert|1342\n|teamsize|p1|6\n|teamsize|p2|6\n|gen|9\n|tier|[Gen 9] OU\n|rated|\n|rule|Sleep Clause Mod: Limit one foe put to sleep\n|rule|Species Clause: Limit one of each Pok\u00e9mon\n|rule|OHKO Clause: OHKO moves are banned\n|rule|Evasion Items Clause: Evasion items are banned\n|rule|Evasion Moves Clause: Evasion moves are banned\n|rule|Endless Battle Clause: Forcing endless battles is banned\n|rule|HP Percentage Mod: HP is shown in percentages\n|clearpoke\n|poke|p1|Kingambit, F|\n|poke|p1|Wo-Chien|\n|poke|p1|Zapdos|\n|poke|p1|Slowking, F|\n|poke|p1|Great Tusk|\n|poke|p1|Sinistcha-Masterpiece|\n|poke|p2|Samurott-Hisui, M|\n|poke|p2|Ceruledge, M|\n|poke|p2|Iron Valiant|\n|poke|p2|Gholdengo|\n|poke|p2|Landorus-Therian, M|\n|poke|p2|Kingambit, M|\n|teampreview\n|inactive|Battle timer is ON: inactive players will automatically lose when time's up. (requested by Nitro524)\n|c|\u2606Nitro524|glhf\n|\n|t:|1700622280\n|start\n|switch|p1a: Kingambit|Kingambit, F|100\/100\n|switch|p2a: Masakado|Samurott-Hisui, M, shiny|100\/100\n|turn|1\n|\n|t:|1700622288\n|-terastallize|p1a: Kingambit|Flying\n|move|p2a: Masakado|Ceaseless Edge|p1a: Kingambit\n|-damage|p1a: Kingambit|68\/100\n|-sidestart|p1: Aslock|Spikes\n|move|p1a: Kingambit|Fling|p2a: Masakado\n|-resisted|p2a: Masakado\n|-damage|p2a: Masakado|89\/100\n|-status|p2a: Masakado|brn\n|-enditem|p1a: Kingambit|Flame Orb|[from] move: Fling\n|\n|-damage|p2a: Masakado|83\/100 brn|[from] brn\n|upkeep\n|turn|2\n|c|\u2606Aslock|u 2\n|\n|t:|1700622295\n|move|p2a: Masakado|Ceaseless Edge|p1a: Kingambit\n|-damage|p1a: Kingambit|50\/100\n|-sidestart|p1: Aslock|Spikes\n|move|p1a: Kingambit|Thief|p2a: Masakado\n|-resisted|p2a: Masakado\n|-damage|p2a: Masakado|60\/100 brn\n|-enditem|p2a: Masakado|Focus Sash|[silent]|[from] move: Thief|[of] p1a: Kingambit\n|-item|p1a: Kingambit|Focus Sash|[from] move: Thief|[of] p2a: Masakado\n|\n|-damage|p2a: Masakado|54\/100 brn|[from] brn\n|upkeep\n|turn|3\n|\n|t:|1700622313\n|move|p2a: Masakado|Razor Shell|p1a: Kingambit\n|-damage|p1a: Kingambit|32\/100\n|-unboost|p1a: Kingambit|def|1\n|-ability|p1a: Kingambit|Defiant|boost\n|-boost|p1a: Kingambit|atk|2\n|move|p1a: Kingambit|Stealth Rock|p2a: Masakado\n|-sidestart|p2: Nitro524|move: Stealth Rock\n|\n|-damage|p2a: Masakado|48\/100 brn|[from] brn\n|upkeep\n|turn|4\n|c|\u2606Nitro524|what\n|c|\u2606Aslock|hello\n|c|\u2606Nitro524|hi\n|\n|t:|1700622336\n|move|p2a: Masakado|Razor Shell|p1a: Kingambit\n|-damage|p1a: Kingambit|4\/100\n|move|p1a: Kingambit|Iron Head|p2a: Masakado\n|-resisted|p2a: Masakado\n|-damage|p2a: Masakado|0 fnt\n|faint|p2a: Masakado\n|\n|upkeep\n|\n|t:|1700622341\n|switch|p2a: Apollo|Ceruledge, M|100\/100\n|-damage|p2a: Apollo|76\/100|[from] Stealth Rock\n|turn|5\n|\n|t:|1700622345\n|move|p2a: Apollo|Shadow Sneak|p1a: Kingambit\n|-damage|p1a: Kingambit|0 fnt\n|faint|p1a: Kingambit\n|\n|upkeep\n|\n|t:|1700622349\n|switch|p1a: Zapdos|Zapdos|100\/100\n|turn|6\n|\n|t:|1700622359\n|move|p2a: Apollo|Bitter Blade|p1a: Zapdos\n|-damage|p1a: Zapdos|46\/100\n|-heal|p2a: Apollo|100\/100|[from] drain|[of] p1a: Zapdos\n|move|p1a: Zapdos|Thunderbolt|p2a: Apollo\n|-damage|p2a: Apollo|41\/100\n|\n|-heal|p1a: Zapdos|53\/100|[from] item: Leftovers\n|upkeep\n|turn|7\n|\n|t:|1700622367\n|move|p2a: Apollo|Bitter Blade|p1a: Zapdos\n|-damage|p1a: Zapdos|0 fnt\n|-heal|p2a: Apollo|75\/100|[from] drain|[of] p1a: Zapdos\n|faint|p1a: Zapdos\n|\n|upkeep\n|\n|t:|1700622373\n|switch|p1a: Wo-Chien|Wo-Chien|100\/100\n|-damage|p1a: Wo-Chien|84\/100|[from] Spikes\n|-ability|p1a: Wo-Chien|Tablets of Ruin\n|turn|8\n|\n|t:|1700622380\n|move|p2a: Apollo|Bitter Blade|p1a: Wo-Chien\n|-supereffective|p1a: Wo-Chien\n|-damage|p1a: Wo-Chien|24\/100\n|-heal|p2a: Apollo|100\/100|[from] drain|[of] p1a: Wo-Chien\n|move|p1a: Wo-Chien|Mud-Slap|p2a: Apollo\n|-supereffective|p2a: Apollo\n|-damage|p2a: Apollo|88\/100\n|-unboost|p2a: Apollo|accuracy|1\n|\n|-heal|p1a: Wo-Chien|30\/100|[from] item: Leftovers\n|upkeep\n|turn|9\n|\n|t:|1700622389\n|move|p2a: Apollo|Bitter Blade|p1a: Wo-Chien\n|-supereffective|p1a: Wo-Chien\n|-damage|p1a: Wo-Chien|0 fnt\n|-heal|p2a: Apollo|100\/100|[from] drain|[of] p1a: Wo-Chien\n|faint|p1a: Wo-Chien\n|\n|upkeep\n|\n|t:|1700622395\n|switch|p1a: Great Tusk|Great Tusk|100\/100\n|-damage|p1a: Great Tusk|84\/100|[from] Spikes\n|-enditem|p1a: Great Tusk|Booster Energy\n|-activate|p1a: Great Tusk|ability: Protosynthesis|[fromitem]\n|-start|p1a: Great Tusk|protosynthesisspe\n|turn|10\n|\n|t:|1700622410\n|switch|p2a: Lando Calrissian|Landorus-Therian, M|100\/100\n|-damage|p2a: Lando Calrissian|88\/100|[from] Stealth Rock\n|-ability|p2a: Lando Calrissian|Intimidate|boost\n|-unboost|p1a: Great Tusk|atk|1\n|move|p1a: Great Tusk|Bulk Up|p1a: Great Tusk\n|-boost|p1a: Great Tusk|atk|1\n|-boost|p1a: Great Tusk|def|1\n|\n|upkeep\n|turn|11\n|\n|t:|1700622415\n|move|p1a: Great Tusk|Rapid Spin|p2a: Lando Calrissian\n|-damage|p2a: Lando Calrissian|78\/100\n|-boost|p1a: Great Tusk|spe|1\n|-damage|p1a: Great Tusk|67\/100|[from] item: Rocky Helmet|[of] p2a: Lando Calrissian\n|-sideend|p1: Aslock|Spikes|[from] move: Rapid Spin|[of] p1a: Great Tusk\n|move|p2a: Lando Calrissian|Grass Knot|p1a: Great Tusk\n|-supereffective|p1a: Great Tusk\n|-damage|p1a: Great Tusk|1\/100\n|\n|upkeep\n|turn|12\n|\n|t:|1700622423\n|move|p1a: Great Tusk|Close Combat|p2a: Lando Calrissian\n|-resisted|p2a: Lando Calrissian\n|-damage|p2a: Lando Calrissian|60\/100\n|-unboost|p1a: Great Tusk|def|1\n|-unboost|p1a: Great Tusk|spd|1\n|-damage|p1a: Great Tusk|0 fnt|[from] item: Rocky Helmet|[of] p2a: Lando Calrissian\n|faint|p1a: Great Tusk\n|-end|p1a: Great Tusk|Protosynthesis|[silent]\n|move|p2a: Lando Calrissian|Grass Knot|p1: Great Tusk|[notarget]\n|-fail|p2a: Lando Calrissian\n|\n|upkeep\n|\n|t:|1700622427\n|switch|p1a: Sinistcha|Sinistcha-Masterpiece|100\/100\n|turn|13\n|\n|t:|1700622436\n|move|p2a: Lando Calrissian|Stealth Rock|p1a: Sinistcha\n|-sidestart|p1: Aslock|move: Stealth Rock\n|move|p1a: Sinistcha|Calm Mind|p1a: Sinistcha\n|-boost|p1a: Sinistcha|spa|1\n|-boost|p1a: Sinistcha|spd|1\n|\n|upkeep\n|turn|14\n|\n|t:|1700622443\n|move|p2a: Lando Calrissian|U-turn|p1a: Sinistcha\n|-damage|p1a: Sinistcha|78\/100\n|\n|t:|1700622453\n|switch|p2a: Apollo|Ceruledge, M|100\/100|[from] U-turn\n|-damage|p2a: Apollo|76\/100|[from] Stealth Rock\n|move|p1a: Sinistcha|Matcha Gotcha|p2a: Apollo\n|-resisted|p2a: Apollo\n|-damage|p2a: Apollo|40\/100\n|-heal|p1a: Sinistcha|93\/100|[from] drain|[of] p2a: Apollo\n|\n|-heal|p1a: Sinistcha|99\/100|[from] item: Leftovers\n|upkeep\n|turn|15\n|\n|t:|1700622461\n|move|p2a: Apollo|Bitter Blade|p1a: Sinistcha\n|-supereffective|p1a: Sinistcha\n|-damage|p1a: Sinistcha|55\/100\n|-heal|p2a: Apollo|66\/100|[from] drain|[of] p1a: Sinistcha\n|move|p1a: Sinistcha|Shadow Ball|p2a: Apollo\n|-supereffective|p2a: Apollo\n|-damage|p2a: Apollo|0 fnt\n|faint|p2a: Apollo\n|\n|-heal|p1a: Sinistcha|61\/100|[from] item: Leftovers\n|upkeep\n|\n|t:|1700622465\n|switch|p2a: Prince|Gholdengo|100\/100\n|-damage|p2a: Prince|94\/100|[from] Stealth Rock\n|turn|16\n|\n|t:|1700622489\n|move|p2a: Prince|Shadow Ball|p1a: Sinistcha\n|-supereffective|p1a: Sinistcha\n|-damage|p1a: Sinistcha|1\/100\n|move|p1a: Sinistcha|Shadow Ball|p2a: Prince\n|-supereffective|p2a: Prince\n|-damage|p2a: Prince|0 fnt\n|faint|p2a: Prince\n|\n|-heal|p1a: Sinistcha|7\/100|[from] item: Leftovers\n|upkeep\n|\n|t:|1700622494\n|switch|p2a: Cassandra Gemini|Iron Valiant|100\/100\n|-damage|p2a: Cassandra Gemini|94\/100|[from] Stealth Rock\n|-enditem|p2a: Cassandra Gemini|Booster Energy\n|-activate|p2a: Cassandra Gemini|ability: Quark Drive|[fromitem]\n|-start|p2a: Cassandra Gemini|quarkdrivespe\n|turn|17\n|\n|t:|1700622499\n|move|p2a: Cassandra Gemini|Moonblast|p1a: Sinistcha\n|-damage|p1a: Sinistcha|0 fnt\n|faint|p1a: Sinistcha\n|\n|upkeep\n|\n|t:|1700622501\n|switch|p1a: Slowking|Slowking, F|100\/100\n|-damage|p1a: Slowking|88\/100|[from] Stealth Rock\n|turn|18\n|c|\u2606Nitro524|gg\n|\n|t:|1700622508\n|move|p2a: Cassandra Gemini|Thunderbolt|p1a: Slowking\n|-supereffective|p1a: Slowking\n|-damage|p1a: Slowking|44\/100\n|-status|p1a: Slowking|par\n|move|p1a: Slowking|Psychic|p2a: Cassandra Gemini\n|-supereffective|p2a: Cassandra Gemini\n|-crit|p2a: Cassandra Gemini\n|-damage|p2a: Cassandra Gemini|0 fnt\n|faint|p2a: Cassandra Gemini\n|-end|p2a: Cassandra Gemini|Quark Drive|[silent]\n|\n|upkeep\n|\n|t:|1700622511\n|switch|p2a: Checkmate|Kingambit, M|100\/100\n|-damage|p2a: Checkmate|94\/100|[from] Stealth Rock\n|-activate|p2a: Checkmate|ability: Supreme Overlord\n|-start|p2a: Checkmate|fallen4|[silent]\n|turn|19\n|c|\u2606Aslock|gg\n|\n|t:|1700622516\n|move|p2a: Checkmate|Kowtow Cleave|p1a: Slowking\n|-supereffective|p1a: Slowking\n|-damage|p1a: Slowking|0 fnt\n|faint|p1a: Slowking\n|\n|win|Nitro524\n|raw|Aslock's rating: 1280 &rarr; <strong>1259<\/strong><br \/>(-21 for losing)\n|raw|Nitro524's rating: 1342 &rarr; <strong>1358<\/strong><br \/>(+16 for winning)\n|l|\u2606Aslock\n","uploadtime":1700622522,"views":0,"p1id":"aslock","p2id":"nitro524","formatid":"gen9ou","rating":1259,"private":0,"password":""}