{"id":"gen9ou-1988599483","p1":"Welcometoearth420","p2":"tbkouko","format":"[Gen 9] OU","log":"|j|\u2606Welcometoearth420\n|j|\u2606tbkouko\n|t:|1699740482\n|gametype|singles\n|player|p1|Welcometoearth420|169|1502\n|player|p2|tbkouko|serena-masters3|1419\n|teamsize|p1|6\n|teamsize|p2|6\n|gen|9\n|tier|[Gen 9] OU\n|rated|\n|rule|Sleep Clause Mod: Limit one foe put to sleep\n|rule|Species Clause: Limit one of each Pok\u00e9mon\n|rule|OHKO Clause: OHKO moves are banned\n|rule|Evasion Items Clause: Evasion items are banned\n|rule|Evasion Moves Clause: Evasion moves are banned\n|rule|Endless Battle Clause: Forcing endless battles is banned\n|rule|HP Percentage Mod: HP is shown in percentages\n|clearpoke\n|poke|p1|Corviknight, M|\n|poke|p1|Dragapult, M|\n|poke|p1|Slowking-Galar, M|\n|poke|p1|Gliscor, M|\n|poke|p1|Iron Valiant|\n|poke|p1|Milotic, F|\n|poke|p2|Gholdengo|\n|poke|p2|Kingambit, F|\n|poke|p2|Ceruledge, M|\n|poke|p2|Iron Valiant|\n|poke|p2|Greninja-*, M|\n|poke|p2|Glimmora, F|\n|teampreview\n|inactive|Battle timer is ON: inactive players will automatically lose when time's up. (requested by tbkouko)\n|\n|t:|1699740487\n|start\n|switch|p1a: Dragapult|Dragapult, M|100\/100\n|switch|p2a: Glimmora|Glimmora, F|100\/100\n|turn|1\n|\n|t:|1699740495\n|move|p1a: Dragapult|Shadow Ball|p2a: Glimmora\n|-damage|p2a: Glimmora|26\/100\n|move|p2a: Glimmora|Stealth Rock|p1a: Dragapult\n|-sidestart|p1: Welcometoearth420|move: Stealth Rock\n|\n|upkeep\n|turn|2\n|\n|t:|1699740505\n|move|p1a: Dragapult|Shadow Ball|p2a: Glimmora\n|-damage|p2a: Glimmora|0 fnt\n|faint|p2a: Glimmora\n|\n|upkeep\n|\n|t:|1699740517\n|switch|p2a: Greninja|Greninja, M|100\/100\n|turn|3\n|\n|t:|1699740521\n|switch|p1a: Milotic|Milotic, F|100\/100\n|move|p2a: Greninja|Ice Beam|p1a: Milotic\n|-resisted|p1a: Milotic\n|-damage|p1a: Milotic|92\/100\n|-damage|p2a: Greninja|91\/100|[from] item: Life Orb\n|\n|upkeep\n|turn|4\n|\n|t:|1699740538\n|switch|p2a: Iron Valiant|Iron Valiant|100\/100\n|-enditem|p2a: Iron Valiant|Booster Energy\n|-activate|p2a: Iron Valiant|ability: Quark Drive|[fromitem]\n|-start|p2a: Iron Valiant|quarkdrivespe\n|move|p1a: Milotic|Scald|p2a: Iron Valiant\n|-damage|p2a: Iron Valiant|53\/100\n|\n|upkeep\n|turn|5\n|\n|t:|1699740547\n|switch|p1a: Corviknight|Corviknight, M|100\/100\n|-damage|p1a: Corviknight|88\/100|[from] Stealth Rock\n|move|p2a: Iron Valiant|Thunderbolt|p1a: Corviknight\n|-supereffective|p1a: Corviknight\n|-damage|p1a: Corviknight|29\/100\n|\n|upkeep\n|turn|6\n|\n|t:|1699740554\n|switch|p1a: Slowking|Slowking-Galar, M|100\/100\n|-damage|p1a: Slowking|88\/100|[from] Stealth Rock\n|move|p2a: Iron Valiant|Thunderbolt|p1a: Slowking\n|-damage|p1a: Slowking|76\/100\n|\n|upkeep\n|turn|7\n|\n|t:|1699740566\n|move|p2a: Iron Valiant|Hypnosis|p1a: Slowking|[miss]\n|-miss|p2a: Iron Valiant|p1a: Slowking\n|move|p1a: Slowking|Sludge Bomb|p2a: Iron Valiant\n|-supereffective|p2a: Iron Valiant\n|-crit|p2a: Iron Valiant\n|-damage|p2a: Iron Valiant|0 fnt\n|faint|p2a: Iron Valiant\n|-end|p2a: Iron Valiant|Quark Drive|[silent]\n|\n|upkeep\n|\n|t:|1699740575\n|switch|p2a: Gholdengo|Gholdengo|100\/100\n|-item|p2a: Gholdengo|Air Balloon\n|turn|8\n|\n|t:|1699740580\n|move|p2a: Gholdengo|Shadow Ball|p1a: Slowking\n|-supereffective|p1a: Slowking\n|-damage|p1a: Slowking|44\/100\n|-unboost|p1a: Slowking|spd|1\n|move|p1a: Slowking|Flamethrower|p2a: Gholdengo\n|-supereffective|p2a: Gholdengo\n|-damage|p2a: Gholdengo|56\/100\n|-enditem|p2a: Gholdengo|Air Balloon\n|\n|upkeep\n|turn|9\n|\n|t:|1699740587\n|switch|p1a: Milotic|Milotic, F|92\/100\n|move|p2a: Gholdengo|Shadow Ball|p1a: Milotic\n|-damage|p1a: Milotic|69\/100\n|\n|upkeep\n|turn|10\n|\n|t:|1699740590\n|move|p2a: Gholdengo|Recover|p2a: Gholdengo\n|-heal|p2a: Gholdengo|100\/100\n|move|p1a: Milotic|Scald|p2a: Gholdengo\n|-damage|p2a: Gholdengo|73\/100\n|-status|p2a: Gholdengo|brn\n|\n|-damage|p2a: Gholdengo|67\/100 brn|[from] brn\n|upkeep\n|turn|11\n|\n|t:|1699740598\n|move|p2a: Gholdengo|Nasty Plot|p2a: Gholdengo\n|-boost|p2a: Gholdengo|spa|2\n|move|p1a: Milotic|Scald|p2a: Gholdengo\n|-damage|p2a: Gholdengo|43\/100 brn\n|\n|-damage|p2a: Gholdengo|36\/100 brn|[from] brn\n|upkeep\n|turn|12\n|\n|t:|1699740600\n|move|p2a: Gholdengo|Recover|p2a: Gholdengo\n|-heal|p2a: Gholdengo|86\/100 brn\n|move|p1a: Milotic|Recover|p1a: Milotic\n|-heal|p1a: Milotic|100\/100\n|\n|-damage|p2a: Gholdengo|80\/100 brn|[from] brn\n|upkeep\n|turn|13\n|\n|t:|1699740607\n|move|p2a: Gholdengo|Nasty Plot|p2a: Gholdengo\n|-boost|p2a: Gholdengo|spa|2\n|move|p1a: Milotic|Haze|p1a: Milotic\n|-clearallboost\n|\n|-damage|p2a: Gholdengo|74\/100 brn|[from] brn\n|upkeep\n|turn|14\n|\n|t:|1699740613\n|move|p2a: Gholdengo|Nasty Plot|p2a: Gholdengo\n|-boost|p2a: Gholdengo|spa|2\n|move|p1a: Milotic|Flip Turn|p2a: Gholdengo\n|-damage|p2a: Gholdengo|65\/100 brn\n|\n|t:|1699740619\n|switch|p1a: Iron Valiant|Iron Valiant|100\/100|[from] Flip Turn\n|-damage|p1a: Iron Valiant|94\/100|[from] Stealth Rock\n|-enditem|p1a: Iron Valiant|Booster Energy\n|-activate|p1a: Iron Valiant|ability: Quark Drive|[fromitem]\n|-start|p1a: Iron Valiant|quarkdrivespe\n|\n|-damage|p2a: Gholdengo|58\/100 brn|[from] brn\n|upkeep\n|turn|15\n|\n|t:|1699740634\n|switch|p2a: Ceruledge|Ceruledge, M|100\/100\n|move|p1a: Iron Valiant|Knock Off|p2a: Ceruledge\n|-supereffective|p2a: Ceruledge\n|-damage|p2a: Ceruledge|12\/100\n|-ability|p2a: Ceruledge|Weak Armor|boost\n|-unboost|p2a: Ceruledge|def|1\n|-boost|p2a: Ceruledge|spe|2\n|-enditem|p2a: Ceruledge|Focus Sash|[from] move: Knock Off|[of] p1a: Iron Valiant\n|\n|upkeep\n|turn|16\n|\n|t:|1699740648\n|move|p1a: Iron Valiant|Knock Off|p2a: Ceruledge\n|-supereffective|p2a: Ceruledge\n|-damage|p2a: Ceruledge|0 fnt\n|faint|p2a: Ceruledge\n|\n|upkeep\n|\n|t:|1699740651\n|switch|p2a: Greninja|Greninja, M|91\/100\n|turn|17\n|\n|t:|1699740653\n|-terastallize|p2a: Greninja|Poison\n|move|p1a: Iron Valiant|Close Combat|p2a: Greninja\n|-resisted|p2a: Greninja\n|-damage|p2a: Greninja|40\/100\n|-unboost|p1a: Iron Valiant|def|1\n|-unboost|p1a: Iron Valiant|spd|1\n|move|p2a: Greninja|Tera Blast|p1a: Iron Valiant|[anim] Tera Blast Poison\n|-supereffective|p1a: Iron Valiant\n|-damage|p1a: Iron Valiant|0 fnt\n|faint|p1a: Iron Valiant\n|-end|p1a: Iron Valiant|Quark Drive|[silent]\n|-ability|p2a: Greninja|Battle Bond|boost\n|-boost|p2a: Greninja|atk|1\n|-boost|p2a: Greninja|spa|1\n|-boost|p2a: Greninja|spe|1\n|-activate|p2a: Greninja|ability: Battle Bond\n|-damage|p2a: Greninja|30\/100|[from] item: Life Orb\n|\n|upkeep\n|\n|t:|1699740656\n|switch|p1a: Milotic|Milotic, F|100\/100\n|turn|18\n|\n|t:|1699740664\n|move|p2a: Greninja|Tera Blast|p1a: Milotic|[anim] Tera Blast Poison\n|-damage|p1a: Milotic|63\/100\n|-damage|p2a: Greninja|20\/100|[from] item: Life Orb\n|move|p1a: Milotic|Haze|p1a: Milotic\n|-clearallboost\n|\n|upkeep\n|turn|19\n|\n|t:|1699740671\n|move|p2a: Greninja|Tera Blast|p1a: Milotic|[anim] Tera Blast Poison\n|-damage|p1a: Milotic|37\/100\n|-damage|p2a: Greninja|10\/100|[from] item: Life Orb\n|move|p1a: Milotic|Recover|p1a: Milotic\n|-heal|p1a: Milotic|87\/100\n|\n|upkeep\n|turn|20\n|-message|tbkouko forfeited.\n|\n|win|Welcometoearth420\n|raw|Welcometoearth420's rating: 1502 &rarr; <strong>1517<\/strong><br \/>(+15 for winning)\n|raw|tbkouko's rating: 1419 &rarr; <strong>1404<\/strong><br \/>(-15 for losing)\n|l|\u2606tbkouko\n","uploadtime":1699740679,"views":18,"p1id":"welcometoearth420","p2id":"tbkouko","formatid":"gen9ou","rating":1404,"private":0,"password":""}