{"id":"gen9ou-1998108514","p1":"Sick Fiesta","p2":"deniz2323","format":"[Gen 9] OU","log":"|j|\u2606Sick Fiesta\n|j|\u2606deniz2323\n|t:|1700892752\n|gametype|singles\n|player|p1|Sick Fiesta|rocketgrunt|1636\n|player|p2|deniz2323|2|1675\n|teamsize|p1|6\n|teamsize|p2|6\n|gen|9\n|tier|[Gen 9] OU\n|rated|\n|rule|Sleep Clause Mod: Limit one foe put to sleep\n|rule|Species Clause: Limit one of each Pok\u00e9mon\n|rule|OHKO Clause: OHKO moves are banned\n|rule|Evasion Items Clause: Evasion items are banned\n|rule|Evasion Moves Clause: Evasion moves are banned\n|rule|Endless Battle Clause: Forcing endless battles is banned\n|rule|HP Percentage Mod: HP is shown in percentages\n|clearpoke\n|poke|p1|Zamazenta-*|\n|poke|p1|Great Tusk|\n|poke|p1|Zapdos|\n|poke|p1|Dragapult, M|\n|poke|p1|Meowscarada, F|\n|poke|p1|Iron Valiant|\n|poke|p2|Great Tusk|\n|poke|p2|Samurott-Hisui, F|\n|poke|p2|Gholdengo|\n|poke|p2|Iron Valiant|\n|poke|p2|Zapdos|\n|poke|p2|Dragonite, M|\n|teampreview\n|\n|t:|1700892765\n|start\n|switch|p1a: Zapdos|Zapdos|100\/100\n|switch|p2a: Samurott|Samurott-Hisui, F|100\/100\n|turn|1\n|\n|t:|1700892772\n|-terastallize|p2a: Samurott|Ground\n|move|p1a: Zapdos|Volt Switch|p2a: Samurott\n|-immune|p2a: Samurott\n|move|p2a: Samurott|Aqua Cutter|p1a: Zapdos\n|-crit|p1a: Zapdos\n|-damage|p1a: Zapdos|39\/100\n|\n|upkeep\n|turn|2\n|\n|t:|1700892784\n|move|p1a: Zapdos|Hurricane|p2a: Samurott|[miss]\n|-miss|p1a: Zapdos|p2a: Samurott\n|move|p2a: Samurott|Ceaseless Edge|p1a: Zapdos\n|-damage|p1a: Zapdos|0 fnt\n|-sidestart|p1: Sick Fiesta|Spikes\n|faint|p1a: Zapdos\n|\n|upkeep\n|\n|t:|1700892809\n|switch|p1a: Iron Valiant|Iron Valiant|100\/100\n|-damage|p1a: Iron Valiant|88\/100|[from] Spikes\n|-enditem|p1a: Iron Valiant|Booster Energy\n|-activate|p1a: Iron Valiant|ability: Quark Drive|[fromitem]\n|-start|p1a: Iron Valiant|quarkdrivespa\n|turn|3\n|\n|t:|1700892817\n|move|p1a: Iron Valiant|Encore|p2a: Samurott\n|-start|p2a: Samurott|Encore\n|move|p2a: Samurott|Ceaseless Edge|p1a: Iron Valiant\n|-resisted|p1a: Iron Valiant\n|-damage|p1a: Iron Valiant|74\/100\n|-sidestart|p1: Sick Fiesta|Spikes\n|\n|upkeep\n|turn|4\n|\n|t:|1700892820\n|move|p1a: Iron Valiant|Calm Mind|p1a: Iron Valiant\n|-boost|p1a: Iron Valiant|spa|1\n|-boost|p1a: Iron Valiant|spd|1\n|move|p2a: Samurott|Ceaseless Edge|p1a: Iron Valiant\n|-resisted|p1a: Iron Valiant\n|-damage|p1a: Iron Valiant|58\/100\n|-sidestart|p1: Sick Fiesta|Spikes\n|\n|upkeep\n|turn|5\n|\n|t:|1700892824\n|move|p1a: Iron Valiant|Moonblast|p2a: Samurott\n|-enditem|p2a: Samurott|Focus Sash\n|-damage|p2a: Samurott|1\/100\n|-unboost|p2a: Samurott|spa|1\n|move|p2a: Samurott|Ceaseless Edge|p1a: Iron Valiant|[miss]\n|-miss|p2a: Samurott|p1a: Iron Valiant\n|\n|-end|p2a: Samurott|Encore\n|upkeep\n|turn|6\n|\n|t:|1700892830\n|move|p2a: Samurott|Sucker Punch|p1a: Iron Valiant\n|-resisted|p1a: Iron Valiant\n|-damage|p1a: Iron Valiant|47\/100\n|move|p1a: Iron Valiant|Moonblast|p2a: Samurott\n|-damage|p2a: Samurott|0 fnt\n|faint|p2a: Samurott\n|\n|upkeep\n|\n|t:|1700892832\n|switch|p2a: Dragonite|Dragonite, M|100\/100\n|turn|7\n|\n|t:|1700892835\n|move|p2a: Dragonite|Extreme Speed|p1a: Iron Valiant\n|-damage|p1a: Iron Valiant|7\/100\n|move|p1a: Iron Valiant|Moonblast|p2a: Dragonite\n|-supereffective|p2a: Dragonite\n|-damage|p2a: Dragonite|0 fnt\n|faint|p2a: Dragonite\n|\n|upkeep\n|\n|t:|1700892843\n|switch|p2a: Gholdengo|Gholdengo|100\/100\n|-item|p2a: Gholdengo|Air Balloon\n|turn|8\n|\n|t:|1700892848\n|move|p1a: Iron Valiant|Moonblast|p2a: Gholdengo\n|-resisted|p2a: Gholdengo\n|-damage|p2a: Gholdengo|43\/100\n|-unboost|p2a: Gholdengo|spa|1\n|-enditem|p2a: Gholdengo|Air Balloon\n|move|p2a: Gholdengo|Shadow Ball|p1a: Iron Valiant\n|-damage|p1a: Iron Valiant|0 fnt\n|faint|p1a: Iron Valiant\n|-end|p1a: Iron Valiant|Quark Drive|[silent]\n|\n|upkeep\n|\n|t:|1700892867\n|switch|p1a: Dragapult|Dragapult, M|100\/100\n|-damage|p1a: Dragapult|76\/100|[from] Spikes\n|turn|9\n|\n|t:|1700892874\n|move|p1a: Dragapult|Shadow Ball|p2a: Gholdengo\n|-supereffective|p2a: Gholdengo\n|-damage|p2a: Gholdengo|0 fnt\n|faint|p2a: Gholdengo\n|\n|upkeep\n|\n|t:|1700892880\n|switch|p2a: Great Tusk|Great Tusk|100\/100\n|turn|10\n|\n|t:|1700892885\n|move|p1a: Dragapult|Shadow Ball|p2a: Great Tusk\n|-damage|p2a: Great Tusk|20\/100\n|move|p2a: Great Tusk|Knock Off|p1a: Dragapult\n|-supereffective|p1a: Dragapult\n|-damage|p1a: Dragapult|4\/100\n|-enditem|p1a: Dragapult|Choice Specs|[from] move: Knock Off|[of] p2a: Great Tusk\n|\n|upkeep\n|turn|11\n|\n|t:|1700892892\n|move|p1a: Dragapult|Shadow Ball|p2a: Great Tusk\n|-damage|p2a: Great Tusk|0 fnt\n|faint|p2a: Great Tusk\n|-end|p2a: Great Tusk|Protosynthesis|[silent]\n|\n|upkeep\n|\n|t:|1700892895\n|switch|p2a: Zapdos|Zapdos|100\/100\n|turn|12\n|\n|t:|1700892898\n|move|p1a: Dragapult|Draco Meteor|p2a: Zapdos\n|-damage|p2a: Zapdos|47\/100\n|-unboost|p1a: Dragapult|spa|2\n|move|p2a: Zapdos|Volt Switch|p1a: Dragapult\n|-resisted|p1a: Dragapult\n|-damage|p1a: Dragapult|0 fnt\n|faint|p1a: Dragapult\n|\n|t:|1700892902\n|switch|p2a: Iron Valiant|Iron Valiant|100\/100|[from] Volt Switch\n|-enditem|p2a: Iron Valiant|Booster Energy\n|-activate|p2a: Iron Valiant|ability: Quark Drive|[fromitem]\n|-start|p2a: Iron Valiant|quarkdrivespe\n|\n|upkeep\n|\n|t:|1700892912\n|switch|p1a: Meowscarada|Meowscarada, F|100\/100\n|-damage|p1a: Meowscarada|76\/100|[from] Spikes\n|turn|13\n|\n|t:|1700892915\n|move|p1a: Meowscarada|Play Rough|p2a: Iron Valiant\n|-start|p1a: Meowscarada|typechange|Fairy|[from] ability: Protean\n|-supereffective|p2a: Iron Valiant\n|-damage|p2a: Iron Valiant|0 fnt\n|faint|p2a: Iron Valiant\n|-end|p2a: Iron Valiant|Quark Drive|[silent]\n|\n|upkeep\n|-message|deniz2323 forfeited.\n|\n|win|Sick Fiesta\n|raw|Sick Fiesta's rating: 1636 &rarr; <strong>1658<\/strong><br \/>(+22 for winning)\n|raw|deniz2323's rating: 1675 &rarr; <strong>1653<\/strong><br \/>(-22 for losing)\n|l|\u2606deniz2323\n","uploadtime":1700892927,"views":1,"p1id":"sickfiesta","p2id":"deniz2323","formatid":"gen9ou","rating":1653,"private":0,"password":""}