{"id":"gen9ou-1988784095","p1":"Galactikitty","p2":"lemonr","format":"[Gen 9] OU","log":"|j|\u2606Galactikitty\n|j|\u2606lemonr\n|t:|1699762695\n|gametype|singles\n|player|p1|Galactikitty|galacticgruntf|1194\n|player|p2|lemonr|guitarist|1252\n|teamsize|p1|6\n|teamsize|p2|6\n|gen|9\n|tier|[Gen 9] OU\n|rated|\n|rule|Sleep Clause Mod: Limit one foe put to sleep\n|rule|Species Clause: Limit one of each Pok\u00e9mon\n|rule|OHKO Clause: OHKO moves are banned\n|rule|Evasion Items Clause: Evasion items are banned\n|rule|Evasion Moves Clause: Evasion moves are banned\n|rule|Endless Battle Clause: Forcing endless battles is banned\n|rule|HP Percentage Mod: HP is shown in percentages\n|clearpoke\n|poke|p1|Gliscor, M|\n|poke|p1|Gholdengo|\n|poke|p1|Toxapex, M|\n|poke|p1|Garganacl, F|\n|poke|p1|Great Tusk|\n|poke|p1|Iron Valiant|\n|poke|p2|Gholdengo|\n|poke|p2|Mimikyu, F|\n|poke|p2|Dragalge, M|\n|poke|p2|Rillaboom, F|\n|poke|p2|Sneasler, F|\n|poke|p2|Moltres|\n|teampreview\n|\n|t:|1699762725\n|start\n|switch|p1a: Gliscor|Gliscor, M|100\/100\n|switch|p2a: Rillaboom|Rillaboom, F|100\/100\n|-fieldstart|move: Grassy Terrain|[from] ability: Grassy Surge|[of] p2a: Rillaboom\n|turn|1\n|\n|t:|1699762737\n|move|p1a: Gliscor|Protect|p1a: Gliscor\n|-singleturn|p1a: Gliscor|Protect\n|move|p2a: Rillaboom|Fake Out|p1a: Gliscor\n|-activate|p1a: Gliscor|move: Protect\n|\n|-status|p1a: Gliscor|tox|[from] item: Toxic Orb\n|upkeep\n|turn|2\n|inactive|Battle timer is ON: inactive players will automatically lose when time's up. (requested by Galactikitty)\n|\n|t:|1699762755\n|move|p1a: Gliscor|Knock Off|p2a: Rillaboom\n|-damage|p2a: Rillaboom|82\/100\n|-enditem|p2a: Rillaboom|Assault Vest|[from] move: Knock Off|[of] p1a: Gliscor\n|move|p2a: Rillaboom|U-turn|p1a: Gliscor\n|-resisted|p1a: Gliscor\n|-damage|p1a: Gliscor|91\/100 tox\n|\n|t:|1699762768\n|switch|p2a: Gholdengo|Gholdengo|100\/100|[from] U-turn\n|\n|-heal|p1a: Gliscor|100\/100 tox|[from] ability: Poison Heal\n|upkeep\n|turn|3\n|\n|t:|1699762777\n|move|p2a: Gholdengo|Hex|p1a: Gliscor\n|-damage|p1a: Gliscor|43\/100 tox\n|move|p1a: Gliscor|Knock Off|p2a: Gholdengo\n|-supereffective|p2a: Gholdengo\n|-damage|p2a: Gholdengo|56\/100\n|-enditem|p2a: Gholdengo|Leftovers|[from] move: Knock Off|[of] p1a: Gliscor\n|\n|-heal|p2a: Gholdengo|62\/100|[from] Grassy Terrain\n|-heal|p1a: Gliscor|56\/100 tox|[from] ability: Poison Heal\n|upkeep\n|turn|4\n|\n|t:|1699762789\n|switch|p1a: Toxapex|Toxapex, M|100\/100\n|move|p2a: Gholdengo|Nasty Plot|p2a: Gholdengo\n|-boost|p2a: Gholdengo|spa|2\n|\n|-heal|p2a: Gholdengo|68\/100|[from] Grassy Terrain\n|upkeep\n|turn|5\n|\n|t:|1699762796\n|move|p2a: Gholdengo|Thunder Wave|p1a: Toxapex\n|-status|p1a: Toxapex|par\n|move|p1a: Toxapex|Haze|p1a: Toxapex\n|-clearallboost\n|\n|-heal|p2a: Gholdengo|75\/100|[from] Grassy Terrain\n|-fieldend|move: Grassy Terrain\n|upkeep\n|turn|6\n|\n|t:|1699762806\n|move|p2a: Gholdengo|Nasty Plot|p2a: Gholdengo\n|-boost|p2a: Gholdengo|spa|2\n|move|p1a: Toxapex|Surf|p2a: Gholdengo\n|-damage|p2a: Gholdengo|55\/100\n|\n|upkeep\n|turn|7\n|\n|t:|1699762813\n|move|p2a: Gholdengo|Hex|p1a: Toxapex\n|-damage|p1a: Toxapex|20\/100 par\n|move|p1a: Toxapex|Recover|p1a: Toxapex\n|-heal|p1a: Toxapex|70\/100 par\n|\n|-heal|p1a: Toxapex|76\/100 par|[from] item: Black Sludge\n|upkeep\n|turn|8\n|\n|t:|1699762820\n|switch|p1a: Garganacl|Garganacl, F|100\/100\n|move|p2a: Gholdengo|Hex|p1a: Garganacl\n|-damage|p1a: Garganacl|72\/100\n|\n|-heal|p1a: Garganacl|78\/100|[from] item: Leftovers\n|upkeep\n|turn|9\n|\n|t:|1699762827\n|move|p2a: Gholdengo|Make It Rain|p1a: Garganacl\n|-supereffective|p1a: Garganacl\n|-damage|p1a: Garganacl|0 fnt\n|-unboost|p2a: Gholdengo|spa|1\n|faint|p1a: Garganacl\n|\n|upkeep\n|\n|t:|1699762834\n|switch|p1a: Great Tusk|Great Tusk|100\/100\n|turn|10\n|\n|t:|1699762845\n|switch|p2a: Moltres|Moltres|100\/100\n|-terastallize|p1a: Great Tusk|Water\n|move|p1a: Great Tusk|Earthquake|p2a: Moltres\n|-immune|p2a: Moltres\n|\n|upkeep\n|turn|11\n|\n|t:|1699762852\n|move|p1a: Great Tusk|Knock Off|p2a: Moltres\n|-crit|p2a: Moltres\n|-damage|p2a: Moltres|73\/100\n|-status|p1a: Great Tusk|brn|[from] ability: Flame Body|[of] p2a: Moltres\n|-enditem|p2a: Moltres|Heavy-Duty Boots|[from] move: Knock Off|[of] p1a: Great Tusk\n|move|p2a: Moltres|Will-O-Wisp|p1a: Great Tusk\n|-fail|p1a: Great Tusk|brn\n|\n|-damage|p1a: Great Tusk|94\/100 brn|[from] brn\n|upkeep\n|turn|12\n|\n|t:|1699762863\n|switch|p2a: Rillaboom|Rillaboom, F|82\/100\n|-fieldstart|move: Grassy Terrain|[from] ability: Grassy Surge|[of] p2a: Rillaboom\n|move|p1a: Great Tusk|Bulk Up|p1a: Great Tusk\n|-boost|p1a: Great Tusk|atk|1\n|-boost|p1a: Great Tusk|def|1\n|\n|-heal|p1a: Great Tusk|100\/100 brn|[from] Grassy Terrain\n|-heal|p2a: Rillaboom|89\/100|[from] Grassy Terrain\n|-damage|p1a: Great Tusk|94\/100 brn|[from] brn\n|upkeep\n|turn|13\n|\n|t:|1699762882\n|-end|p1a: Great Tusk|Protosynthesis|[silent]\n|switch|p1a: Gliscor|Gliscor, M|56\/100 tox\n|move|p2a: Rillaboom|Grassy Glide|p1a: Gliscor\n|-damage|p1a: Gliscor|24\/100 tox\n|\n|-heal|p2a: Rillaboom|95\/100|[from] Grassy Terrain\n|-heal|p1a: Gliscor|36\/100 tox|[from] ability: Poison Heal\n|upkeep\n|turn|14\n|\n|t:|1699762894\n|switch|p2a: Gholdengo|Gholdengo|55\/100\n|move|p1a: Gliscor|Protect||[still]\n|-fail|p1a: Gliscor\n|\n|-heal|p2a: Gholdengo|61\/100|[from] Grassy Terrain\n|-heal|p1a: Gliscor|49\/100 tox|[from] ability: Poison Heal\n|upkeep\n|turn|15\n|\n|t:|1699762904\n|move|p2a: Gholdengo|Hex|p1a: Gliscor\n|-damage|p1a: Gliscor|0 fnt\n|faint|p1a: Gliscor\n|\n|-heal|p2a: Gholdengo|67\/100|[from] Grassy Terrain\n|upkeep\n|\n|t:|1699762909\n|switch|p1a: Iron Valiant|Iron Valiant|100\/100\n|turn|16\n|\n|t:|1699762918\n|move|p1a: Iron Valiant|Trick|p2a: Gholdengo\n|-immune|p2a: Gholdengo|[from] ability: Good as Gold\n|move|p2a: Gholdengo|Make It Rain|p1a: Iron Valiant\n|-supereffective|p1a: Iron Valiant\n|-damage|p1a: Iron Valiant|0 fnt\n|-unboost|p2a: Gholdengo|spa|1\n|faint|p1a: Iron Valiant\n|-end|p1a: Iron Valiant|Quark Drive|[silent]\n|\n|-heal|p2a: Gholdengo|73\/100|[from] Grassy Terrain\n|-fieldend|move: Grassy Terrain\n|upkeep\n|\n|t:|1699762935\n|switch|p1a: Gholdengo|Gholdengo|100\/100\n|turn|17\n|\n|t:|1699762941\n|switch|p2a: Rillaboom|Rillaboom, F|95\/100\n|-fieldstart|move: Grassy Terrain|[from] ability: Grassy Surge|[of] p2a: Rillaboom\n|move|p1a: Gholdengo|Shadow Ball|p2a: Rillaboom\n|-damage|p2a: Rillaboom|45\/100\n|\n|-heal|p2a: Rillaboom|51\/100|[from] Grassy Terrain\n|upkeep\n|turn|18\n|\n|t:|1699762957\n|move|p1a: Gholdengo|Shadow Ball|p2a: Rillaboom\n|-damage|p2a: Rillaboom|5\/100\n|move|p2a: Rillaboom|High Horsepower|p1a: Gholdengo\n|-supereffective|p1a: Gholdengo\n|-damage|p1a: Gholdengo|27\/100\n|\n|-heal|p1a: Gholdengo|33\/100|[from] Grassy Terrain\n|-heal|p2a: Rillaboom|11\/100|[from] Grassy Terrain\n|upkeep\n|turn|19\n|\n|t:|1699762967\n|switch|p2a: Moltres|Moltres|73\/100\n|move|p1a: Gholdengo|Shadow Ball|p2a: Moltres\n|-damage|p2a: Moltres|31\/100\n|\n|-heal|p1a: Gholdengo|39\/100|[from] Grassy Terrain\n|upkeep\n|turn|20\n|\n|t:|1699762981\n|move|p1a: Gholdengo|Shadow Ball|p2a: Moltres\n|-damage|p2a: Moltres|0 fnt\n|faint|p2a: Moltres\n|\n|-heal|p1a: Gholdengo|45\/100|[from] Grassy Terrain\n|upkeep\n|\n|t:|1699762992\n|switch|p2a: Gholdengo|Gholdengo|73\/100\n|turn|21\n|\n|t:|1699762999\n|move|p1a: Gholdengo|Shadow Ball|p2a: Gholdengo\n|-supereffective|p2a: Gholdengo\n|-damage|p2a: Gholdengo|0 fnt\n|faint|p2a: Gholdengo\n|\n|-heal|p1a: Gholdengo|51\/100|[from] Grassy Terrain\n|-fieldend|move: Grassy Terrain\n|upkeep\n|\n|t:|1699763009\n|switch|p2a: Mimikyu|Mimikyu, F|100\/100\n|turn|22\n|\n|t:|1699763015\n|switch|p1a: Toxapex|Toxapex, M|100\/100 par\n|move|p2a: Mimikyu|Trick Room|p2a: Mimikyu\n|-fieldstart|move: Trick Room|[of] p2a: Mimikyu\n|\n|upkeep\n|turn|23\n|\n|t:|1699763024\n|switch|p2a: Dragalge|Dragalge, M|100\/100\n|move|p1a: Toxapex|Toxic|p2a: Dragalge\n|-immune|p2a: Dragalge\n|\n|upkeep\n|turn|24\n|\n|t:|1699763029\n|move|p1a: Toxapex|Surf|p2a: Dragalge\n|-resisted|p2a: Dragalge\n|-damage|p2a: Dragalge|92\/100\n|move|p2a: Dragalge|Draco Meteor|p1a: Toxapex\n|-damage|p1a: Toxapex|38\/100 par\n|-unboost|p2a: Dragalge|spa|2\n|-damage|p2a: Dragalge|83\/100|[from] item: Life Orb\n|\n|-heal|p1a: Toxapex|44\/100 par|[from] item: Black Sludge\n|upkeep\n|turn|25\n|\n|t:|1699763041\n|switch|p2a: Sneasler|Sneasler, F|100\/100\n|cant|p1a: Toxapex|par\n|\n|-heal|p1a: Toxapex|50\/100 par|[from] item: Black Sludge\n|upkeep\n|turn|26\n|\n|t:|1699763053\n|move|p1a: Toxapex|Surf|p2a: Sneasler\n|-damage|p2a: Sneasler|75\/100\n|move|p2a: Sneasler|Swords Dance|p2a: Sneasler\n|-boost|p2a: Sneasler|atk|2\n|\n|-heal|p1a: Toxapex|57\/100 par|[from] item: Black Sludge\n|-fieldend|move: Trick Room\n|upkeep\n|turn|27\n|\n|t:|1699763062\n|move|p2a: Sneasler|Acrobatics|p1a: Toxapex\n|-damage|p1a: Toxapex|22\/100 par\n|move|p1a: Toxapex|Haze|p1a: Toxapex\n|-clearallboost\n|\n|-heal|p1a: Toxapex|28\/100 par|[from] item: Black Sludge\n|upkeep\n|turn|28\n|\n|t:|1699763070\n|move|p2a: Sneasler|Swords Dance|p2a: Sneasler\n|-boost|p2a: Sneasler|atk|2\n|move|p1a: Toxapex|Recover|p1a: Toxapex\n|-heal|p1a: Toxapex|78\/100 par\n|\n|-heal|p1a: Toxapex|84\/100 par|[from] item: Black Sludge\n|upkeep\n|turn|29\n|\n|t:|1699763078\n|move|p2a: Sneasler|Acrobatics|p1a: Toxapex\n|-damage|p1a: Toxapex|51\/100 par\n|move|p1a: Toxapex|Surf|p2a: Sneasler\n|-damage|p2a: Sneasler|47\/100\n|\n|-heal|p1a: Toxapex|57\/100 par|[from] item: Black Sludge\n|upkeep\n|turn|30\n|\n|t:|1699763088\n|-terastallize|p2a: Sneasler|Flying\n|move|p2a: Sneasler|Acrobatics|p1a: Toxapex\n|-damage|p1a: Toxapex|2\/100 par\n|move|p1a: Toxapex|Haze|p1a: Toxapex\n|-clearallboost\n|\n|-heal|p1a: Toxapex|8\/100 par|[from] item: Black Sludge\n|upkeep\n|turn|31\n|\n|t:|1699763096\n|move|p2a: Sneasler|Acrobatics|p1a: Toxapex\n|-damage|p1a: Toxapex|0 fnt\n|faint|p1a: Toxapex\n|\n|upkeep\n|\n|t:|1699763101\n|switch|p1a: Gholdengo|Gholdengo|51\/100\n|turn|32\n|\n|t:|1699763124\n|switch|p2a: Rillaboom|Rillaboom, F|11\/100\n|-fieldstart|move: Grassy Terrain|[from] ability: Grassy Surge|[of] p2a: Rillaboom\n|move|p1a: Gholdengo|Trick|p2a: Rillaboom\n|-activate|p1a: Gholdengo|move: Trick|[of] p2a: Rillaboom\n|-item|p2a: Rillaboom|Choice Scarf|[from] move: Trick\n|-enditem|p1a: Gholdengo|Choice Scarf|[silent]|[from] move: Trick\n|\n|-heal|p2a: Rillaboom|17\/100|[from] Grassy Terrain\n|-heal|p1a: Gholdengo|57\/100|[from] Grassy Terrain\n|upkeep\n|turn|33\n|\n|t:|1699763136\n|switch|p1a: Great Tusk|Great Tusk, tera:Water|94\/100 brn\n|move|p2a: Rillaboom|High Horsepower|p1a: Great Tusk\n|-damage|p1a: Great Tusk|75\/100 brn\n|\n|-heal|p2a: Rillaboom|24\/100|[from] Grassy Terrain\n|-heal|p1a: Great Tusk|82\/100 brn|[from] Grassy Terrain\n|-heal|p1a: Great Tusk|88\/100 brn|[from] item: Leftovers\n|-damage|p1a: Great Tusk|82\/100 brn|[from] brn\n|upkeep\n|turn|34\n|\n|t:|1699763150\n|switch|p2a: Mimikyu|Mimikyu, F|100\/100\n|move|p1a: Great Tusk|Bulk Up|p1a: Great Tusk\n|-boost|p1a: Great Tusk|atk|1\n|-boost|p1a: Great Tusk|def|1\n|\n|-heal|p1a: Great Tusk|88\/100 brn|[from] Grassy Terrain\n|-heal|p1a: Great Tusk|94\/100 brn|[from] item: Leftovers\n|-damage|p1a: Great Tusk|88\/100 brn|[from] brn\n|upkeep\n|turn|35\n|\n|t:|1699763162\n|move|p1a: Great Tusk|Knock Off|p2a: Mimikyu\n|-activate|p2a: Mimikyu|ability: Disguise\n|-damage|p2a: Mimikyu|100\/100\n|-enditem|p2a: Mimikyu|Red Card|[from] move: Knock Off|[of] p1a: Great Tusk\n|detailschange|p2a: Mimikyu|Mimikyu-Busted, F\n|-damage|p2a: Mimikyu|88\/100|[from] pokemon: Mimikyu-Busted\n|move|p2a: Mimikyu|Trick Room|p2a: Mimikyu\n|-fieldstart|move: Trick Room|[of] p2a: Mimikyu\n|\n|-heal|p2a: Mimikyu|94\/100|[from] Grassy Terrain\n|-heal|p1a: Great Tusk|94\/100 brn|[from] Grassy Terrain\n|-heal|p1a: Great Tusk|99\/100 brn|[from] item: Leftovers\n|-damage|p1a: Great Tusk|94\/100 brn|[from] brn\n|upkeep\n|turn|36\n|\n|t:|1699763177\n|move|p2a: Mimikyu|Curse|p1a: Great Tusk\n|-start|p1a: Great Tusk|Curse|[of] p2a: Mimikyu\n|-damage|p2a: Mimikyu|44\/100\n|move|p1a: Great Tusk|Bulk Up|p1a: Great Tusk\n|-boost|p1a: Great Tusk|atk|1\n|-boost|p1a: Great Tusk|def|1\n|\n|-heal|p2a: Mimikyu|50\/100|[from] Grassy Terrain\n|-heal|p1a: Great Tusk|99\/100 brn|[from] Grassy Terrain\n|-heal|p1a: Great Tusk|100\/100 brn|[from] item: Leftovers\n|-damage|p1a: Great Tusk|94\/100 brn|[from] brn\n|-damage|p1a: Great Tusk|69\/100 brn|[from] Curse\n|-fieldend|move: Grassy Terrain\n|upkeep\n|turn|37\n|\n|t:|1699763191\n|switch|p2a: Sneasler|Sneasler, F, tera:Flying|47\/100\n|move|p1a: Great Tusk|Earthquake|p2a: Sneasler\n|-immune|p2a: Sneasler\n|\n|-heal|p1a: Great Tusk|76\/100 brn|[from] item: Leftovers\n|-damage|p1a: Great Tusk|69\/100 brn|[from] brn\n|-damage|p1a: Great Tusk|45\/100 brn|[from] Curse\n|upkeep\n|turn|38\n|\n|t:|1699763209\n|switch|p2a: Rillaboom|Rillaboom, F|24\/100\n|-fieldstart|move: Grassy Terrain|[from] ability: Grassy Surge|[of] p2a: Rillaboom\n|move|p1a: Great Tusk|Knock Off|p2a: Rillaboom\n|-damage|p2a: Rillaboom|0 fnt\n|-enditem|p2a: Rillaboom|Choice Scarf|[from] move: Knock Off|[of] p1a: Great Tusk\n|faint|p2a: Rillaboom\n|\n|-heal|p1a: Great Tusk|51\/100 brn|[from] Grassy Terrain\n|-heal|p1a: Great Tusk|57\/100 brn|[from] item: Leftovers\n|-damage|p1a: Great Tusk|51\/100 brn|[from] brn\n|-damage|p1a: Great Tusk|26\/100 brn|[from] Curse\n|upkeep\n|\n|t:|1699763225\n|switch|p2a: Dragalge|Dragalge, M|83\/100\n|turn|39\n|\n|t:|1699763234\n|move|p2a: Dragalge|Sludge Bomb|p1a: Great Tusk\n|-damage|p1a: Great Tusk|0 fnt\n|faint|p1a: Great Tusk\n|-end|p1a: Great Tusk|Protosynthesis|[silent]\n|-damage|p2a: Dragalge|73\/100|[from] item: Life Orb\n|\n|-heal|p2a: Dragalge|79\/100|[from] Grassy Terrain\n|-fieldend|move: Trick Room\n|upkeep\n|\n|t:|1699763238\n|switch|p1a: Gholdengo|Gholdengo|57\/100\n|turn|40\n|\n|t:|1699763254\n|move|p1a: Gholdengo|Recover|p1a: Gholdengo\n|-heal|p1a: Gholdengo|100\/100\n|move|p2a: Dragalge|Draco Meteor|p1a: Gholdengo\n|-resisted|p1a: Gholdengo\n|-damage|p1a: Gholdengo|38\/100\n|-unboost|p2a: Dragalge|spa|2\n|-damage|p2a: Dragalge|69\/100|[from] item: Life Orb\n|\n|-heal|p1a: Gholdengo|44\/100|[from] Grassy Terrain\n|-heal|p2a: Dragalge|75\/100|[from] Grassy Terrain\n|upkeep\n|turn|41\n|\n|t:|1699763266\n|switch|p2a: Sneasler|Sneasler, F, tera:Flying|47\/100\n|-enditem|p2a: Sneasler|Grassy Seed\n|-boost|p2a: Sneasler|def|1|[from] item: Grassy Seed\n|move|p1a: Gholdengo|Recover|p1a: Gholdengo\n|-heal|p1a: Gholdengo|94\/100\n|\n|-heal|p1a: Gholdengo|99\/100|[from] Grassy Terrain\n|upkeep\n|turn|42\n|\n|t:|1699763279\n|move|p2a: Sneasler|Acrobatics|p1a: Gholdengo\n|-resisted|p1a: Gholdengo\n|-crit|p1a: Gholdengo\n|-damage|p1a: Gholdengo|50\/100\n|move|p1a: Gholdengo|Shadow Ball|p2a: Sneasler\n|-damage|p2a: Sneasler|0 fnt\n|faint|p2a: Sneasler\n|\n|-heal|p1a: Gholdengo|56\/100|[from] Grassy Terrain\n|-fieldend|move: Grassy Terrain\n|upkeep\n|\n|t:|1699763291\n|switch|p2a: Mimikyu|Mimikyu-Busted, F|50\/100\n|turn|43\n|\n|t:|1699763301\n|move|p2a: Mimikyu|Shadow Sneak|p1a: Gholdengo\n|-supereffective|p1a: Gholdengo\n|-damage|p1a: Gholdengo|30\/100\n|move|p1a: Gholdengo|Recover|p1a: Gholdengo\n|-heal|p1a: Gholdengo|80\/100\n|\n|upkeep\n|turn|44\n|\n|t:|1699763314\n|move|p1a: Gholdengo|Shadow Ball|p2a: Mimikyu\n|-supereffective|p2a: Mimikyu\n|-damage|p2a: Mimikyu|0 fnt\n|faint|p2a: Mimikyu\n|\n|upkeep\n|\n|t:|1699763318\n|switch|p2a: Dragalge|Dragalge, M|75\/100\n|turn|45\n|\n|t:|1699763328\n|move|p1a: Gholdengo|Trick|p2a: Dragalge\n|-activate|p1a: Gholdengo|move: Trick|[of] p2a: Dragalge\n|-enditem|p2a: Dragalge|Life Orb|[silent]|[from] move: Trick\n|-item|p1a: Gholdengo|Life Orb|[from] move: Trick\n|move|p2a: Dragalge|Draco Meteor|p1a: Gholdengo|[miss]\n|-miss|p2a: Dragalge|p1a: Gholdengo\n|\n|upkeep\n|turn|46\n|\n|t:|1699763335\n|move|p1a: Gholdengo|Make It Rain|p2a: Dragalge\n|-damage|p2a: Dragalge|0 fnt\n|-unboost|p1a: Gholdengo|spa|1\n|faint|p2a: Dragalge\n|-damage|p1a: Gholdengo|70\/100|[from] item: Life Orb\n|\n|win|Galactikitty\n|raw|Galactikitty's rating: 1194 &rarr; <strong>1223<\/strong><br \/>(+29 for winning)\n|raw|lemonr's rating: 1252 &rarr; <strong>1223<\/strong><br \/>(-29 for losing)\n","uploadtime":1699763343,"views":10,"p1id":"galactikitty","p2id":"lemonr","formatid":"gen9ou","rating":1223,"private":0,"password":""}