{"id":"gen9ou-1995982683","p1":"Poison Ivy Thorns","p2":"Ukelele_prowess","format":"[Gen 9] OU","log":"|j|\u2606Poison Ivy Thorns\n|j|\u2606Ukelele_prowess\n|t:|1700625100\n|gametype|singles\n|player|p1|Poison Ivy Thorns|unknown|1361\n|player|p2|Ukelele_prowess|169|1401\n|teamsize|p1|6\n|teamsize|p2|6\n|gen|9\n|tier|[Gen 9] OU\n|rated|\n|rule|Sleep Clause Mod: Limit one foe put to sleep\n|rule|Species Clause: Limit one of each Pok\u00e9mon\n|rule|OHKO Clause: OHKO moves are banned\n|rule|Evasion Items Clause: Evasion items are banned\n|rule|Evasion Moves Clause: Evasion moves are banned\n|rule|Endless Battle Clause: Forcing endless battles is banned\n|rule|HP Percentage Mod: HP is shown in percentages\n|clearpoke\n|poke|p1|Salamence, M|\n|poke|p1|Heatran, F|\n|poke|p1|Tyranitar, F|\n|poke|p1|Iron Valiant|\n|poke|p1|Samurott-Hisui, F|\n|poke|p1|Sandy Shocks|\n|poke|p2|Meowscarada, F|\n|poke|p2|Garchomp, F|\n|poke|p2|Gholdengo|\n|poke|p2|Iron Moth|\n|poke|p2|Greninja-*, M|\n|poke|p2|Maushold-Four|\n|teampreview\n|inactive|Battle timer is ON: inactive players will automatically lose when time's up. (requested by Poison Ivy Thorns)\n|\n|t:|1700625123\n|start\n|switch|p1a: Salamence|Salamence, M|100\/100\n|switch|p2a: Meowscarada|Meowscarada, F|100\/100\n|turn|1\n|\n|t:|1700625135\n|move|p2a: Meowscarada|U-turn|p1a: Salamence\n|-resisted|p1a: Salamence\n|-damage|p1a: Salamence|87\/100\n|\n|t:|1700625145\n|switch|p2a: Gholdengo|Gholdengo|100\/100|[from] U-turn\n|-item|p2a: Gholdengo|Air Balloon\n|move|p1a: Salamence|Dual Wingbeat|p2a: Gholdengo\n|-resisted|p2a: Gholdengo\n|-damage|p2a: Gholdengo|89\/100\n|-enditem|p2a: Gholdengo|Air Balloon\n|-resisted|p2a: Gholdengo\n|-damage|p2a: Gholdengo|78\/100\n|-hitcount|p2a: Gholdengo|2\n|\n|upkeep\n|turn|2\n|\n|t:|1700625154\n|switch|p1a: Samurott|Samurott-Hisui, F|100\/100\n|move|p2a: Gholdengo|Make It Rain|p1a: Samurott\n|-resisted|p1a: Samurott\n|-damage|p1a: Samurott|56\/100\n|-unboost|p2a: Gholdengo|spa|1\n|\n|upkeep\n|turn|3\n|\n|t:|1700625159\n|switch|p2a: Garchomp|Garchomp, F|100\/100\n|move|p1a: Samurott|Ceaseless Edge|p2a: Garchomp\n|-damage|p2a: Garchomp|57\/100\n|-damage|p1a: Samurott|43\/100|[from] ability: Rough Skin|[of] p2a: Garchomp\n|-sidestart|p2: Ukelele_prowess|Spikes\n|\n|upkeep\n|turn|4\n|\n|t:|1700625176\n|move|p2a: Garchomp|Spikes|p1a: Samurott\n|-sidestart|p1: Poison Ivy Thorns|Spikes\n|move|p1a: Samurott|Ceaseless Edge|p2a: Garchomp\n|-damage|p2a: Garchomp|12\/100\n|-damage|p1a: Samurott|31\/100|[from] ability: Rough Skin|[of] p2a: Garchomp\n|-sidestart|p2: Ukelele_prowess|Spikes\n|\n|upkeep\n|turn|5\n|\n|t:|1700625187\n|move|p1a: Samurott|Aqua Jet|p2a: Garchomp\n|-damage|p2a: Garchomp|0 fnt\n|-damage|p1a: Samurott|18\/100|[from] ability: Rough Skin|[of] p2a: Garchomp\n|faint|p2a: Garchomp\n|\n|upkeep\n|\n|t:|1700625204\n|switch|p2a: Maushold|Maushold-Four|100\/100\n|-damage|p2a: Maushold|84\/100|[from] Spikes\n|turn|6\n|\n|t:|1700625211\n|move|p2a: Maushold|Population Bomb|p1a: Samurott\n|-damage|p1a: Samurott|5\/100\n|-damage|p1a: Samurott|0 fnt\n|faint|p1a: Samurott\n|-hitcount|p1: Samurott|2\n|\n|upkeep\n|\n|t:|1700625217\n|switch|p1a: Iron Valiant|Iron Valiant|100\/100\n|-damage|p1a: Iron Valiant|88\/100|[from] Spikes\n|turn|7\n|\n|t:|1700625224\n|switch|p2a: Gholdengo|Gholdengo|78\/100\n|-damage|p2a: Gholdengo|61\/100|[from] Spikes\n|move|p1a: Iron Valiant|Moonblast|p2a: Gholdengo\n|-resisted|p2a: Gholdengo\n|-damage|p2a: Gholdengo|23\/100\n|-unboost|p2a: Gholdengo|spa|1\n|\n|upkeep\n|turn|8\n|\n|t:|1700625234\n|move|p1a: Iron Valiant|Moonblast|p2a: Gholdengo\n|-resisted|p2a: Gholdengo\n|-damage|p2a: Gholdengo|0 fnt\n|faint|p2a: Gholdengo\n|\n|upkeep\n|\n|t:|1700625245\n|switch|p2a: Iron Moth|Iron Moth|100\/100\n|-damage|p2a: Iron Moth|84\/100|[from] Spikes\n|-enditem|p2a: Iron Moth|Booster Energy\n|-activate|p2a: Iron Moth|ability: Quark Drive|[fromitem]\n|-start|p2a: Iron Moth|quarkdrivespa\n|turn|9\n|\n|t:|1700625251\n|-end|p1a: Iron Valiant|Quark Drive|[silent]\n|switch|p1a: Heatran|Heatran, F|100\/100\n|-damage|p1a: Heatran|88\/100|[from] Spikes\n|-end|p2a: Iron Moth|Quark Drive|[silent]\n|switch|p2a: Maushold|Maushold-Four|84\/100\n|-damage|p2a: Maushold|67\/100|[from] Spikes\n|\n|-heal|p1a: Heatran|94\/100|[from] item: Leftovers\n|upkeep\n|turn|10\n|\n|t:|1700625256\n|move|p2a: Maushold|Tidy Up|p2a: Maushold\n|-sideend|p2: Ukelele_prowess|Spikes\n|-sideend|p1: Poison Ivy Thorns|Spikes\n|-activate|p2a: Maushold|move: Tidy Up\n|-boost|p2a: Maushold|atk|1\n|-boost|p2a: Maushold|spe|1\n|move|p1a: Heatran|Magma Storm|p2a: Maushold|[miss]\n|-miss|p1a: Heatran|p2a: Maushold\n|\n|-heal|p1a: Heatran|100\/100|[from] item: Leftovers\n|upkeep\n|turn|11\n|\n|t:|1700625269\n|move|p2a: Maushold|Population Bomb|p1a: Heatran\n|-resisted|p1a: Heatran\n|-damage|p1a: Heatran|93\/100\n|-resisted|p1a: Heatran\n|-damage|p1a: Heatran|86\/100\n|-resisted|p1a: Heatran\n|-damage|p1a: Heatran|79\/100\n|-resisted|p1a: Heatran\n|-damage|p1a: Heatran|72\/100\n|-resisted|p1a: Heatran\n|-damage|p1a: Heatran|66\/100\n|-resisted|p1a: Heatran\n|-damage|p1a: Heatran|59\/100\n|-resisted|p1a: Heatran\n|-damage|p1a: Heatran|53\/100\n|-resisted|p1a: Heatran\n|-damage|p1a: Heatran|47\/100\n|-resisted|p1a: Heatran\n|-damage|p1a: Heatran|40\/100\n|-resisted|p1a: Heatran\n|-damage|p1a: Heatran|33\/100\n|-hitcount|p1a: Heatran|10\n|move|p1a: Heatran|Magma Storm|p2a: Maushold\n|-damage|p2a: Maushold|1\/100\n|-activate|p2a: Maushold|move: Magma Storm|[of] p1a: Heatran\n|\n|-heal|p1a: Heatran|39\/100|[from] item: Leftovers\n|-damage|p2a: Maushold|0 fnt|[from] move: Magma Storm|[partiallytrapped]\n|faint|p2a: Maushold\n|upkeep\n|\n|t:|1700625286\n|switch|p2a: Meowscarada|Meowscarada, F|100\/100\n|turn|12\n|\n|t:|1700625289\n|move|p1a: Heatran|Protect|p1a: Heatran\n|-singleturn|p1a: Heatran|Protect\n|move|p2a: Meowscarada|Knock Off|p1a: Heatran\n|-activate|p1a: Heatran|move: Protect\n|\n|-heal|p1a: Heatran|45\/100|[from] item: Leftovers\n|upkeep\n|turn|13\n|\n|t:|1700625296\n|switch|p1a: Tyranitar|Tyranitar, F|100\/100\n|-weather|Sandstorm|[from] ability: Sand Stream|[of] p1a: Tyranitar\n|move|p2a: Meowscarada|Knock Off|p1a: Tyranitar\n|-resisted|p1a: Tyranitar\n|-damage|p1a: Tyranitar|84\/100\n|-enditem|p1a: Tyranitar|Choice Band|[from] move: Knock Off|[of] p2a: Meowscarada\n|\n|-weather|Sandstorm|[upkeep]\n|-damage|p2a: Meowscarada|94\/100|[from] Sandstorm\n|upkeep\n|turn|14\n|\n|t:|1700625322\n|switch|p2a: Iron Moth|Iron Moth|84\/100\n|move|p1a: Tyranitar|Knock Off|p2a: Iron Moth\n|-damage|p2a: Iron Moth|24\/100\n|\n|-weather|Sandstorm|[upkeep]\n|-damage|p2a: Iron Moth|18\/100|[from] Sandstorm\n|upkeep\n|turn|15\n|\n|t:|1700625331\n|switch|p1a: Heatran|Heatran, F|45\/100\n|move|p2a: Iron Moth|Energy Ball|p1a: Heatran\n|-resisted|p1a: Heatran\n|-damage|p1a: Heatran|40\/100\n|\n|-weather|Sandstorm|[upkeep]\n|-damage|p2a: Iron Moth|12\/100|[from] Sandstorm\n|-heal|p1a: Heatran|46\/100|[from] item: Leftovers\n|upkeep\n|turn|16\n|-message|Ukelele_prowess forfeited.\n|\n|win|Poison Ivy Thorns\n|raw|Poison Ivy Thorns's rating: 1361 &rarr; <strong>1383<\/strong><br \/>(+22 for winning)\n|raw|Ukelele_prowess's rating: 1401 &rarr; <strong>1379<\/strong><br \/>(-22 for losing)\n|l|\u2606Ukelele_prowess\n","uploadtime":1700625339,"views":1,"p1id":"poisonivythorns","p2id":"ukeleleprowess","formatid":"gen9ou","rating":1379,"private":0,"password":""}