{"id":"gen9ou-1991449442","p1":"monkeyjawls","p2":"Jeromeothy69","format":"[Gen 9] OU","log":"|j|\u203dmonkeyjawls\n|j|\u203dJeromeothy69\n|t:|1700078066\n|gametype|singles\n|player|p1|monkeyjawls|backersf|1090\n|player|p2|Jeromeothy69|1|1000\n|teamsize|p1|6\n|teamsize|p2|6\n|gen|9\n|tier|[Gen 9] OU\n|rated|\n|rule|Sleep Clause Mod: Limit one foe put to sleep\n|rule|Species Clause: Limit one of each Pok\u00e9mon\n|rule|OHKO Clause: OHKO moves are banned\n|rule|Evasion Items Clause: Evasion items are banned\n|rule|Evasion Moves Clause: Evasion moves are banned\n|rule|Endless Battle Clause: Forcing endless battles is banned\n|rule|HP Percentage Mod: HP is shown in percentages\n|clearpoke\n|poke|p1|Enamorus, F|\n|poke|p1|Gholdengo|\n|poke|p1|Kommo-o, M|\n|poke|p1|Iron Moth|\n|poke|p1|Sinistcha-Masterpiece|\n|poke|p1|Weezing-Galar, M|\n|poke|p2|Iron Moth|\n|poke|p2|Iron Valiant|\n|poke|p2|Great Tusk|\n|poke|p2|Enamorus, F|\n|poke|p2|Ogerpon-Wellspring, F|\n|poke|p2|Raichu-Alola, F|\n|teampreview\n|\n|t:|1700078079\n|start\n|switch|p1a: Weezing|Weezing-Galar, M|100\/100\n|switch|p2a: Enamorus|Enamorus, F|100\/100\n|-ability|p1a: Weezing|Neutralizing Gas\n|turn|1\n|\n|t:|1700078087\n|move|p2a: Enamorus|Psychic|p1a: Weezing\n|-supereffective|p1a: Weezing\n|-damage|p1a: Weezing|47\/100\n|move|p1a: Weezing|Toxic Spikes|p2a: Enamorus\n|-sidestart|p2: Jeromeothy69|move: Toxic Spikes\n|\n|-heal|p1a: Weezing|53\/100|[from] item: Leftovers\n|upkeep\n|turn|2\n|\n|t:|1700078116\n|-end|p1a: Weezing|ability: Neutralizing Gas\n|switch|p1a: Gholdengo|Gholdengo|100\/100\n|-item|p1a: Gholdengo|Air Balloon\n|move|p2a: Enamorus|Psychic|p1a: Gholdengo\n|-resisted|p1a: Gholdengo\n|-damage|p1a: Gholdengo|85\/100\n|-unboost|p1a: Gholdengo|spd|1\n|-enditem|p1a: Gholdengo|Air Balloon\n|\n|upkeep\n|turn|3\n|inactive|Battle timer is ON: inactive players will automatically lose when time's up. (requested by monkeyjawls)\n|\n|t:|1700078135\n|switch|p2a: Great Tusk|Great Tusk|100\/100\n|-status|p2a: Great Tusk|psn\n|-enditem|p2a: Great Tusk|Booster Energy\n|-activate|p2a: Great Tusk|ability: Protosynthesis|[fromitem]\n|-start|p2a: Great Tusk|protosynthesisatk\n|move|p1a: Gholdengo|Psyshock|p2a: Great Tusk\n|-supereffective|p2a: Great Tusk\n|-damage|p2a: Great Tusk|58\/100 psn\n|\n|-damage|p2a: Great Tusk|46\/100 psn|[from] psn\n|upkeep\n|turn|4\n|\n|t:|1700078151\n|move|p2a: Great Tusk|Earthquake|p1a: Gholdengo\n|-supereffective|p1a: Gholdengo\n|-damage|p1a: Gholdengo|0 fnt\n|faint|p1a: Gholdengo\n|\n|-damage|p2a: Great Tusk|34\/100 psn|[from] psn\n|upkeep\n|\n|t:|1700078156\n|switch|p1a: Weezing|Weezing-Galar, M|53\/100\n|-ability|p1a: Weezing|Neutralizing Gas\n|turn|5\n|\n|t:|1700078165\n|-end|p1a: Weezing|ability: Neutralizing Gas\n|switch|p1a: Sinistcha|Sinistcha-Masterpiece|100\/100\n|move|p2a: Great Tusk|Earthquake|p1a: Sinistcha\n|-resisted|p1a: Sinistcha\n|-damage|p1a: Sinistcha|66\/100\n|\n|-heal|p1a: Sinistcha|72\/100|[from] item: Leftovers\n|-damage|p2a: Great Tusk|21\/100 psn|[from] psn\n|upkeep\n|turn|6\n|\n|t:|1700078176\n|move|p2a: Great Tusk|Knock Off|p1a: Sinistcha\n|-supereffective|p1a: Sinistcha\n|-damage|p1a: Sinistcha|0 fnt\n|-enditem|p1a: Sinistcha|Leftovers|[from] move: Knock Off|[of] p2a: Great Tusk\n|faint|p1a: Sinistcha\n|\n|-damage|p2a: Great Tusk|9\/100 psn|[from] psn\n|upkeep\n|\n|t:|1700078182\n|switch|p1a: Enamorus|Enamorus, F, shiny|100\/100\n|turn|7\n|\n|t:|1700078188\n|move|p1a: Enamorus|Draining Kiss|p2a: Great Tusk\n|-supereffective|p2a: Great Tusk\n|-damage|p2a: Great Tusk|0 fnt\n|faint|p2a: Great Tusk\n|-end|p2a: Great Tusk|Protosynthesis|[silent]\n|-damage|p1a: Enamorus|91\/100|[from] item: Life Orb\n|\n|upkeep\n|\n|t:|1700078194\n|switch|p2a: Enamorus|Enamorus, F|100\/100\n|turn|8\n|\n|t:|1700078204\n|switch|p1a: Iron Moth|Iron Moth|100\/100\n|-enditem|p1a: Iron Moth|Booster Energy\n|-activate|p1a: Iron Moth|ability: Quark Drive|[fromitem]\n|-start|p1a: Iron Moth|quarkdrivespe\n|move|p2a: Enamorus|Psychic|p1a: Iron Moth\n|-supereffective|p1a: Iron Moth\n|-damage|p1a: Iron Moth|39\/100\n|\n|upkeep\n|turn|9\n|\n|t:|1700078211\n|move|p1a: Iron Moth|Sludge Wave|p2a: Enamorus\n|-supereffective|p2a: Enamorus\n|-damage|p2a: Enamorus|0 fnt\n|faint|p2a: Enamorus\n|\n|upkeep\n|\n|t:|1700078217\n|switch|p2a: Raichu|Raichu-Alola, F|100\/100\n|-status|p2a: Raichu|psn\n|turn|10\n|\n|t:|1700078226\n|-terastallize|p1a: Iron Moth|Ground\n|move|p1a: Iron Moth|Tera Blast|p2a: Raichu|[anim] Tera Blast Ground\n|-supereffective|p2a: Raichu\n|-enditem|p2a: Raichu|Focus Sash\n|-damage|p2a: Raichu|1\/100 psn\n|move|p2a: Raichu|Psyshock|p1a: Iron Moth\n|-damage|p1a: Iron Moth|0 fnt\n|faint|p1a: Iron Moth\n|-end|p1a: Iron Moth|Quark Drive|[silent]\n|\n|-damage|p2a: Raichu|0 fnt|[from] psn\n|faint|p2a: Raichu\n|upkeep\n|\n|t:|1700078247\n|switch|p1a: Enamorus|Enamorus, F, shiny|91\/100\n|switch|p2a: Iron Moth|Iron Moth|100\/100\n|-sideend|p2: Jeromeothy69|move: Toxic Spikes|[of] p2a: Iron Moth\n|-enditem|p2a: Iron Moth|Booster Energy\n|-activate|p2a: Iron Moth|ability: Quark Drive|[fromitem]\n|-start|p2a: Iron Moth|quarkdrivespa\n|turn|11\n|\n|t:|1700078261\n|switch|p1a: Weezing|Weezing-Galar, M|53\/100\n|-ability|p1a: Weezing|Neutralizing Gas\n|move|p2a: Iron Moth|Sludge Wave|p1a: Weezing\n|-damage|p1a: Weezing|0 fnt\n|faint|p1a: Weezing\n|-end|p1a: Weezing|ability: Neutralizing Gas\n|\n|upkeep\n|\n|t:|1700078267\n|switch|p1a: Kommo-o|Kommo-o, M|100\/100\n|turn|12\n|\n|t:|1700078273\n|move|p2a: Iron Moth|Sludge Wave|p1a: Kommo-o\n|-damage|p1a: Kommo-o|9\/100\n|move|p1a: Kommo-o|Clangorous Soul||[still]\n|-fail|p1a: Kommo-o\n|\n|-heal|p1a: Kommo-o|15\/100|[from] item: Leftovers\n|upkeep\n|turn|13\n|-message|monkeyjawls forfeited.\n|\n|win|Jeromeothy69\n|raw|monkeyjawls's rating: 1090 &rarr; <strong>1061<\/strong><br \/>(-29 for losing)\n|raw|Jeromeothy69's rating: 1000 &rarr; <strong>1050<\/strong><br \/>(+50 for winning)\n|l|\u203dmonkeyjawls\n","uploadtime":1700078291,"views":25,"p1id":"monkeyjawls","p2id":"jeromeothy69","formatid":"gen9ou","rating":1050,"private":0,"password":""}