{"id":"gen9ou-1990212757","p1":"Saviarai","p2":"shrevon7c","format":"[Gen 9] OU","log":"|j|\u2606Saviarai\n|j|\u2606shrevon7c\n|t:|1699938243\n|gametype|singles\n|player|p1|Saviarai|pokemonranger|1127\n|player|p2|shrevon7c|biker-gen4|1002\n|teamsize|p1|6\n|teamsize|p2|6\n|gen|9\n|tier|[Gen 9] OU\n|rated|\n|rule|Sleep Clause Mod: Limit one foe put to sleep\n|rule|Species Clause: Limit one of each Pok\u00e9mon\n|rule|OHKO Clause: OHKO moves are banned\n|rule|Evasion Items Clause: Evasion items are banned\n|rule|Evasion Moves Clause: Evasion moves are banned\n|rule|Endless Battle Clause: Forcing endless battles is banned\n|rule|HP Percentage Mod: HP is shown in percentages\n|clearpoke\n|poke|p1|Ceruledge, F|\n|poke|p1|Corviknight, M|\n|poke|p1|Clefable, F|\n|poke|p1|Walking Wake|\n|poke|p1|Great Tusk|\n|poke|p1|Rillaboom, M|\n|poke|p2|Charjabug, M|\n|poke|p2|Iron Hands|\n|poke|p2|Typhlosion-Hisui, F|\n|poke|p2|Regidrago|\n|poke|p2|Klefki, F|\n|poke|p2|Jolteon, F|\n|teampreview\n|inactive|Battle timer is ON: inactive players will automatically lose when time's up. (requested by shrevon7c)\n|\n|t:|1699938266\n|start\n|switch|p1a: Miss Cleffy|Clefable, F|100\/100\n|switch|p2a: Typhlosion|Typhlosion-Hisui, F|100\/100\n|-item|p1a: Miss Cleffy|Leftovers|[from] ability: Frisk|[of] p2a: Typhlosion|[identify]\n|turn|1\n|\n|t:|1699938279\n|move|p2a: Typhlosion|Eruption|p1a: Miss Cleffy\n|-damage|p1a: Miss Cleffy|29\/100\n|move|p1a: Miss Cleffy|Stealth Rock|p2a: Typhlosion\n|-sidestart|p2: shrevon7c|move: Stealth Rock\n|\n|-heal|p1a: Miss Cleffy|35\/100|[from] item: Leftovers\n|upkeep\n|turn|2\n|\n|t:|1699938291\n|switch|p1a: Suicune Yea?|Walking Wake|100\/100\n|-enditem|p1a: Suicune Yea?|Booster Energy\n|-activate|p1a: Suicune Yea?|ability: Protosynthesis|[fromitem]\n|-start|p1a: Suicune Yea?|protosynthesisspa\n|move|p2a: Typhlosion|Eruption|p1a: Suicune Yea?\n|-resisted|p1a: Suicune Yea?\n|-damage|p1a: Suicune Yea?|77\/100\n|\n|upkeep\n|turn|3\n|\n|t:|1699938303\n|move|p2a: Typhlosion|Eruption|p1a: Suicune Yea?\n|-resisted|p1a: Suicune Yea?\n|-damage|p1a: Suicune Yea?|55\/100\n|move|p1a: Suicune Yea?|Hydro Steam|p2a: Typhlosion\n|-supereffective|p2a: Typhlosion\n|-damage|p2a: Typhlosion|0 fnt\n|faint|p2a: Typhlosion\n|\n|upkeep\n|\n|t:|1699938307\n|switch|p2a: Regidrago|Regidrago|100\/100\n|-damage|p2a: Regidrago|88\/100|[from] Stealth Rock\n|turn|4\n|\n|t:|1699938321\n|move|p2a: Regidrago|Dragon Energy|p1a: Suicune Yea?\n|-supereffective|p1a: Suicune Yea?\n|-damage|p1a: Suicune Yea?|0 fnt\n|faint|p1a: Suicune Yea?\n|-end|p1a: Suicune Yea?|Protosynthesis|[silent]\n|\n|upkeep\n|\n|t:|1699938331\n|switch|p1a: Lancelot|Corviknight, M, shiny|100\/100\n|-ability|p1a: Lancelot|Pressure\n|turn|5\n|\n|t:|1699938343\n|switch|p2a: Iron Hands|Iron Hands|100\/100\n|-damage|p2a: Iron Hands|94\/100|[from] Stealth Rock\n|-enditem|p2a: Iron Hands|Booster Energy\n|-activate|p2a: Iron Hands|ability: Quark Drive|[fromitem]\n|-start|p2a: Iron Hands|quarkdriveatk\n|move|p1a: Lancelot|Brave Bird|p2a: Iron Hands\n|-damage|p2a: Iron Hands|72\/100\n|-damage|p1a: Lancelot|91\/100|[from] Recoil\n|\n|upkeep\n|turn|6\n|\n|t:|1699938355\n|move|p2a: Iron Hands|Fake Out|p1a: Lancelot\n|-resisted|p1a: Lancelot\n|-damage|p1a: Lancelot|85\/100\n|cant|p1a: Lancelot|flinch\n|\n|upkeep\n|turn|7\n|\n|t:|1699938361\n|move|p1a: Lancelot|U-turn|p2a: Iron Hands\n|-resisted|p2a: Iron Hands\n|-damage|p2a: Iron Hands|67\/100\n|\n|t:|1699938365\n|switch|p1a: Thread of Tusk|Great Tusk|100\/100|[from] U-turn\n|-enditem|p1a: Thread of Tusk|Booster Energy\n|-activate|p1a: Thread of Tusk|ability: Protosynthesis|[fromitem]\n|-start|p1a: Thread of Tusk|protosynthesisspe\n|move|p2a: Iron Hands|Drain Punch|p1a: Thread of Tusk\n|-damage|p1a: Thread of Tusk|65\/100\n|-heal|p2a: Iron Hands|82\/100|[from] drain|[of] p1a: Thread of Tusk\n|\n|upkeep\n|turn|8\n|\n|t:|1699938379\n|move|p1a: Thread of Tusk|Bulk Up|p1a: Thread of Tusk\n|-boost|p1a: Thread of Tusk|atk|1\n|-boost|p1a: Thread of Tusk|def|1\n|move|p2a: Iron Hands|Drain Punch|p1a: Thread of Tusk\n|-damage|p1a: Thread of Tusk|39\/100\n|-heal|p2a: Iron Hands|94\/100|[from] drain|[of] p1a: Thread of Tusk\n|\n|upkeep\n|turn|9\n|\n|t:|1699938387\n|move|p1a: Thread of Tusk|Headlong Rush|p2a: Iron Hands\n|-supereffective|p2a: Iron Hands\n|-damage|p2a: Iron Hands|0 fnt\n|-unboost|p1a: Thread of Tusk|def|1\n|-unboost|p1a: Thread of Tusk|spd|1\n|faint|p2a: Iron Hands\n|-end|p2a: Iron Hands|Quark Drive|[silent]\n|\n|upkeep\n|\n|t:|1699938399\n|switch|p2a: Klefki|Klefki, F|100\/100\n|-damage|p2a: Klefki|95\/100|[from] Stealth Rock\n|turn|10\n|\n|t:|1699938414\n|-end|p1a: Thread of Tusk|Protosynthesis|[silent]\n|switch|p1a: Lancelot|Corviknight, M, shiny|85\/100\n|-ability|p1a: Lancelot|Pressure\n|move|p2a: Klefki|Reflect|p2a: Klefki\n|-sidestart|p2: shrevon7c|Reflect\n|\n|upkeep\n|turn|11\n|inactive|Saviarai has 120 seconds left.\n|\n|t:|1699938457\n|switch|p2a: Jolteon|Jolteon, F|100\/100\n|-damage|p2a: Jolteon|88\/100|[from] Stealth Rock\n|move|p1a: Lancelot|U-turn|p2a: Jolteon\n|-damage|p2a: Jolteon|75\/100\n|\n|t:|1699938466\n|switch|p1a: Lombardo|Rillaboom, M, shiny|100\/100|[from] U-turn\n|-fieldstart|move: Grassy Terrain|[from] ability: Grassy Surge|[of] p1a: Lombardo\n|\n|-heal|p2a: Jolteon|81\/100|[from] Grassy Terrain\n|upkeep\n|turn|12\n|\n|t:|1699938479\n|move|p1a: Lombardo|Grassy Glide|p2a: Jolteon\n|-damage|p2a: Jolteon|30\/100\n|move|p2a: Jolteon|Wish|p2a: Jolteon\n|\n|-heal|p2a: Jolteon|36\/100|[from] Grassy Terrain\n|upkeep\n|turn|13\n|\n|t:|1699938495\n|switch|p1a: Violesca|Ceruledge, F|100\/100\n|move|p2a: Jolteon|Volt Switch|p1a: Violesca\n|-damage|p1a: Violesca|61\/100\n|\n|t:|1699938507\n|switch|p2a: Regidrago|Regidrago|88\/100|[from] Volt Switch\n|-damage|p2a: Regidrago|76\/100|[from] Stealth Rock\n|\n|-heal|p2a: Regidrago|100\/100|[from] move: Wish|[wisher] Jolteon\n|-heal|p1a: Violesca|68\/100|[from] Grassy Terrain\n|upkeep\n|turn|14\n|\n|t:|1699938523\n|switch|p1a: Lancelot|Corviknight, M, shiny|85\/100\n|-ability|p1a: Lancelot|Pressure\n|move|p2a: Regidrago|Dragon Energy|p1a: Lancelot\n|-resisted|p1a: Lancelot\n|-crit|p1a: Lancelot\n|-damage|p1a: Lancelot|9\/100\n|\n|-sideend|p2: shrevon7c|Reflect\n|upkeep\n|turn|15\n|\n|t:|1699938535\n|move|p2a: Regidrago|Dragon Energy|p1a: Lancelot\n|-resisted|p1a: Lancelot\n|-damage|p1a: Lancelot|0 fnt\n|faint|p1a: Lancelot\n|\n|-fieldend|move: Grassy Terrain\n|upkeep\n|\n|t:|1699938547\n|switch|p1a: Miss Cleffy|Clefable, F|35\/100\n|turn|16\n|\n|t:|1699938554\n|switch|p2a: Jolteon|Jolteon, F|36\/100\n|-damage|p2a: Jolteon|23\/100|[from] Stealth Rock\n|move|p1a: Miss Cleffy|Moonlight|p1a: Miss Cleffy\n|-heal|p1a: Miss Cleffy|85\/100\n|\n|-heal|p1a: Miss Cleffy|91\/100|[from] item: Leftovers\n|upkeep\n|turn|17\n|\n|t:|1699938565\n|move|p2a: Jolteon|Thunderbolt|p1a: Miss Cleffy\n|-damage|p1a: Miss Cleffy|48\/100\n|move|p1a: Miss Cleffy|Moonblast|p2a: Jolteon\n|-damage|p2a: Jolteon|0 fnt\n|faint|p2a: Jolteon\n|\n|-heal|p1a: Miss Cleffy|54\/100|[from] item: Leftovers\n|upkeep\n|\n|t:|1699938582\n|switch|p2a: Klefki|Klefki, F|95\/100\n|-damage|p2a: Klefki|89\/100|[from] Stealth Rock\n|turn|18\n|inactive|Saviarai has 120 seconds left.\n|\n|t:|1699938590\n|move|p2a: Klefki|Thunder Wave|p1a: Miss Cleffy\n|-status|p1a: Miss Cleffy|par\n|move|p1a: Miss Cleffy|Thunder Wave|p2a: Klefki\n|-status|p2a: Klefki|par\n|\n|-heal|p1a: Miss Cleffy|60\/100 par|[from] item: Leftovers\n|upkeep\n|turn|19\n|inactive|Saviarai has 120 seconds left.\n|\n|t:|1699938603\n|switch|p2a: Charjabug|Charjabug, M|100\/100\n|-damage|p2a: Charjabug|76\/100|[from] Stealth Rock\n|switch|p1a: Violesca|Ceruledge, F|68\/100\n|\n|upkeep\n|turn|20\n|inactive|Saviarai has 120 seconds left.\n|\n|t:|1699938617\n|move|p1a: Violesca|Bitter Blade|p2a: Charjabug\n|-supereffective|p2a: Charjabug\n|-damage|p2a: Charjabug|12\/100\n|-heal|p1a: Violesca|100\/100|[from] drain|[of] p2a: Charjabug\n|move|p2a: Charjabug|Eerie Impulse|p1a: Violesca\n|-unboost|p1a: Violesca|spa|2\n|\n|upkeep\n|turn|21\n|inactive|Saviarai has 120 seconds left.\n|\n|t:|1699938628\n|move|p1a: Violesca|Swords Dance|p1a: Violesca\n|-boost|p1a: Violesca|atk|2\n|move|p2a: Charjabug|Thunderbolt|p1a: Violesca\n|-damage|p1a: Violesca|79\/100\n|\n|upkeep\n|turn|22\n|\n|t:|1699938636\n|move|p1a: Violesca|Shadow Sneak|p2a: Charjabug\n|-damage|p2a: Charjabug|0 fnt\n|faint|p2a: Charjabug\n|\n|upkeep\n|\n|t:|1699938642\n|switch|p2a: Klefki|Klefki, F|89\/100 par\n|-damage|p2a: Klefki|83\/100 par|[from] Stealth Rock\n|turn|23\n|\n|t:|1699938646\n|move|p2a: Klefki|Thunder Wave|p1a: Violesca\n|-status|p1a: Violesca|par\n|move|p1a: Violesca|Bitter Blade|p2a: Klefki\n|-supereffective|p2a: Klefki\n|-crit|p2a: Klefki\n|-damage|p2a: Klefki|0 fnt\n|-heal|p1a: Violesca|100\/100 par|[from] drain|[of] p2a: Klefki\n|faint|p2a: Klefki\n|\n|upkeep\n|\n|t:|1699938653\n|switch|p2a: Regidrago|Regidrago|100\/100\n|-damage|p2a: Regidrago|88\/100|[from] Stealth Rock\n|turn|24\n|\n|t:|1699938661\n|move|p2a: Regidrago|Tera Blast|p1a: Violesca\n|-immune|p1a: Violesca\n|move|p1a: Violesca|Poltergeist|p2a: Regidrago\n|-activate|p2a: Regidrago|move: Poltergeist|Choice Scarf\n|-damage|p2a: Regidrago|0 fnt\n|faint|p2a: Regidrago\n|\n|win|Saviarai\n|raw|Saviarai's rating: 1127 &rarr; <strong>1143<\/strong><br \/>(+16 for winning)\n|raw|shrevon7c's rating: 1002 &rarr; <strong>1000<\/strong><br \/>(-2 for losing)\n|l|\u2606shrevon7c\n","uploadtime":1699938678,"views":25,"p1id":"saviarai","p2id":"shrevon7c","formatid":"gen9ou","rating":1000,"private":0,"password":""}