{"id":"gen9ou-1988976907","p1":"Zarross","p2":"chijk","format":"[Gen 9] OU","log":"|j|\u2606Zarross\n|j|\u2606chijk\n|t:|1699797323\n|gametype|singles\n|player|p1|Zarross|saturn|1524\n|player|p2|chijk|n|1637\n|teamsize|p1|6\n|teamsize|p2|6\n|gen|9\n|tier|[Gen 9] OU\n|rated|\n|rule|Sleep Clause Mod: Limit one foe put to sleep\n|rule|Species Clause: Limit one of each Pok\u00e9mon\n|rule|OHKO Clause: OHKO moves are banned\n|rule|Evasion Items Clause: Evasion items are banned\n|rule|Evasion Moves Clause: Evasion moves are banned\n|rule|Endless Battle Clause: Forcing endless battles is banned\n|rule|HP Percentage Mod: HP is shown in percentages\n|clearpoke\n|poke|p1|Clefable, F|\n|poke|p1|Dondozo, M|\n|poke|p1|Toxapex, M|\n|poke|p1|Blissey, F|\n|poke|p1|Tornadus-Therian, M|\n|poke|p1|Gastrodon-East, F|\n|poke|p2|Maushold|\n|poke|p2|Ninetales-Alola, M|\n|poke|p2|Dragonite, F|\n|poke|p2|Ceruledge, F|\n|poke|p2|Rillaboom, F|\n|poke|p2|Sneasler, M|\n|teampreview\n|inactive|Battle timer is ON: inactive players will automatically lose when time's up. (requested by Zarross)\n|\n|t:|1699797339\n|start\n|switch|p1a: Toxapex|Toxapex, M|100\/100\n|switch|p2a: Maushold|Maushold|100\/100\n|turn|1\n|inactive|chijk has 120 seconds left.\n|\n|t:|1699797376\n|switch|p2a: Sneasler|Sneasler, M|100\/100\n|move|p1a: Toxapex|Toxic|p2a: Sneasler\n|-immune|p2a: Sneasler\n|\n|upkeep\n|turn|2\n|inactive|chijk has 120 seconds left.\n|\n|t:|1699797391\n|switch|p1a: Dondozo|Dondozo, M|100\/100\n|move|p2a: Sneasler|Swords Dance|p2a: Sneasler\n|-boost|p2a: Sneasler|atk|2\n|\n|upkeep\n|turn|3\n|\n|t:|1699797398\n|switch|p2a: Rillaboom|Rillaboom, F|100\/100\n|-fieldstart|move: Grassy Terrain|[from] ability: Grassy Surge|[of] p2a: Rillaboom\n|move|p1a: Dondozo|Liquidation|p2a: Rillaboom\n|-resisted|p2a: Rillaboom\n|-damage|p2a: Rillaboom|85\/100\n|\n|-heal|p2a: Rillaboom|91\/100|[from] Grassy Terrain\n|upkeep\n|turn|4\n|inactive|chijk has 120 seconds left.\n|\n|t:|1699797412\n|-terastallize|p1a: Dondozo|Dragon\n|move|p2a: Rillaboom|U-turn|p1a: Dondozo\n|-damage|p1a: Dondozo|82\/100\n|inactive|chijk has 120 seconds left.\n|\n|t:|1699797421\n|switch|p2a: Ninetales|Ninetales-Alola, M|100\/100|[from] U-turn\n|-weather|Snow|[from] ability: Snow Warning|[of] p2a: Ninetales\n|move|p1a: Dondozo|Body Press|p2a: Ninetales\n|-damage|p2a: Ninetales|76\/100\n|\n|-weather|Snow|[upkeep]\n|-heal|p2a: Ninetales|82\/100|[from] Grassy Terrain\n|-heal|p1a: Dondozo|88\/100|[from] Grassy Terrain\n|upkeep\n|turn|5\n|\n|t:|1699797434\n|switch|p1a: Blissey|Blissey, F|100\/100\n|move|p2a: Ninetales|Blizzard|p1a: Blissey\n|-damage|p1a: Blissey|92\/100\n|\n|-weather|Snow|[upkeep]\n|-heal|p2a: Ninetales|88\/100|[from] Grassy Terrain\n|-heal|p1a: Blissey|98\/100|[from] Grassy Terrain\n|upkeep\n|turn|6\n|\n|t:|1699797446\n|switch|p1a: Gastrodon|Gastrodon-East, F|100\/100\n|move|p2a: Ninetales|Aurora Veil|p2a: Ninetales\n|-sidestart|p2: chijk|move: Aurora Veil\n|\n|-weather|Snow|[upkeep]\n|-heal|p2a: Ninetales|94\/100|[from] Grassy Terrain\n|upkeep\n|turn|7\n|inactive|chijk has 120 seconds left.\n|\n|t:|1699797466\n|switch|p2a: Rillaboom|Rillaboom, F|91\/100\n|switch|p1a: Blissey|Blissey, F|98\/100\n|\n|-weather|Snow|[upkeep]\n|-heal|p2a: Rillaboom|97\/100|[from] Grassy Terrain\n|-heal|p1a: Blissey|100\/100|[from] Grassy Terrain\n|-fieldend|move: Grassy Terrain\n|upkeep\n|turn|8\n|inactive|chijk has 120 seconds left.\n|\n|t:|1699797480\n|move|p1a: Blissey|Protect|p1a: Blissey\n|-singleturn|p1a: Blissey|Protect\n|move|p2a: Rillaboom|U-turn|p1a: Blissey\n|-activate|p1a: Blissey|move: Protect\n|\n|-weather|none\n|upkeep\n|turn|9\n|\n|t:|1699797484\n|switch|p1a: Gastrodon|Gastrodon-East, F|100\/100\n|move|p2a: Rillaboom|U-turn|p1a: Gastrodon\n|-damage|p1a: Gastrodon|70\/100\n|-damage|p2a: Rillaboom|81\/100|[from] item: Rocky Helmet|[of] p1a: Gastrodon\n|inactive|chijk has 120 seconds left.\n|\n|t:|1699797511\n|switch|p2a: Ninetales|Ninetales-Alola, M|94\/100|[from] U-turn\n|-weather|Snow|[from] ability: Snow Warning|[of] p2a: Ninetales\n|\n|-weather|Snow|[upkeep]\n|upkeep\n|turn|10\n|\n|t:|1699797519\n|switch|p2a: Rillaboom|Rillaboom, F|81\/100\n|-fieldstart|move: Grassy Terrain|[from] ability: Grassy Surge|[of] p2a: Rillaboom\n|move|p1a: Gastrodon|Recover|p1a: Gastrodon\n|-heal|p1a: Gastrodon|100\/100\n|\n|-weather|Snow|[upkeep]\n|-heal|p2a: Rillaboom|87\/100|[from] Grassy Terrain\n|upkeep\n|turn|11\n|inactive|chijk has 120 seconds left.\n|\n|t:|1699797532\n|switch|p1a: Dondozo|Dondozo, M, tera:Dragon|88\/100\n|move|p2a: Rillaboom|Knock Off|p1a: Dondozo\n|-damage|p1a: Dondozo|62\/100\n|-enditem|p1a: Dondozo|Heavy-Duty Boots|[from] move: Knock Off|[of] p2a: Rillaboom\n|\n|-weather|Snow|[upkeep]\n|-heal|p2a: Rillaboom|93\/100|[from] Grassy Terrain\n|-heal|p1a: Dondozo|68\/100|[from] Grassy Terrain\n|upkeep\n|turn|12\n|inactive|chijk has 120 seconds left.\n|\n|t:|1699797542\n|switch|p2a: Ninetales|Ninetales-Alola, M|94\/100\n|move|p1a: Dondozo|Liquidation|p2a: Ninetales\n|-damage|p2a: Ninetales|82\/100\n|\n|-weather|Snow|[upkeep]\n|-heal|p2a: Ninetales|88\/100|[from] Grassy Terrain\n|-heal|p1a: Dondozo|74\/100|[from] Grassy Terrain\n|upkeep\n|turn|13\n|inactive|chijk has 120 seconds left.\n|\n|t:|1699797554\n|switch|p1a: Blissey|Blissey, F|100\/100\n|move|p2a: Ninetales|Blizzard|p1a: Blissey\n|-damage|p1a: Blissey|92\/100\n|\n|-weather|none\n|-heal|p2a: Ninetales|94\/100|[from] Grassy Terrain\n|-heal|p1a: Blissey|98\/100|[from] Grassy Terrain\n|-sideend|p2: chijk|move: Aurora Veil\n|upkeep\n|turn|14\n|inactive|chijk has 120 seconds left.\n|\n|t:|1699797575\n|switch|p2a: Dragonite|Dragonite, F|100\/100\n|move|p1a: Blissey|Seismic Toss|p2a: Dragonite\n|-damage|p2a: Dragonite|70\/100\n|\n|-heal|p2a: Dragonite|76\/100|[from] item: Leftovers\n|-heal|p1a: Blissey|100\/100|[from] Grassy Terrain\n|-fieldend|move: Grassy Terrain\n|upkeep\n|turn|15\n|\n|t:|1699797583\n|switch|p2a: Rillaboom|Rillaboom, F|93\/100\n|-fieldstart|move: Grassy Terrain|[from] ability: Grassy Surge|[of] p2a: Rillaboom\n|switch|p1a: Gastrodon|Gastrodon-East, F|100\/100\n|\n|-heal|p2a: Rillaboom|99\/100|[from] Grassy Terrain\n|upkeep\n|turn|16\n|inactive|chijk has 120 seconds left.\n|\n|t:|1699797595\n|move|p2a: Rillaboom|U-turn|p1a: Gastrodon\n|-damage|p1a: Gastrodon|72\/100\n|-damage|p2a: Rillaboom|83\/100|[from] item: Rocky Helmet|[of] p1a: Gastrodon\n|\n|t:|1699797600\n|switch|p2a: Ninetales|Ninetales-Alola, M|94\/100|[from] U-turn\n|-weather|Snow|[from] ability: Snow Warning|[of] p2a: Ninetales\n|move|p1a: Gastrodon|Yawn|p2a: Ninetales\n|-start|p2a: Ninetales|move: Yawn|[of] p1a: Gastrodon\n|\n|-weather|Snow|[upkeep]\n|-heal|p2a: Ninetales|99\/100|[from] Grassy Terrain\n|-heal|p1a: Gastrodon|78\/100|[from] Grassy Terrain\n|upkeep\n|turn|17\n|inactive|chijk has 120 seconds left.\n|\n|t:|1699797607\n|switch|p2a: Rillaboom|Rillaboom, F|83\/100\n|switch|p1a: Toxapex|Toxapex, M|100\/100\n|\n|-weather|Snow|[upkeep]\n|-heal|p2a: Rillaboom|89\/100|[from] Grassy Terrain\n|upkeep\n|turn|18\n|\n|t:|1699797616\n|move|p2a: Rillaboom|U-turn|p1a: Toxapex\n|-resisted|p1a: Toxapex\n|-damage|p1a: Toxapex|87\/100\n|\n|t:|1699797619\n|switch|p2a: Sneasler|Sneasler, M|100\/100|[from] U-turn\n|-enditem|p2a: Sneasler|Grassy Seed\n|-boost|p2a: Sneasler|def|1|[from] item: Grassy Seed\n|move|p1a: Toxapex|Infestation|p2a: Sneasler\n|-resisted|p2a: Sneasler\n|-damage|p2a: Sneasler|99\/100\n|-activate|p2a: Sneasler|move: Infestation|[of] p1a: Toxapex\n|\n|-weather|Snow|[upkeep]\n|-heal|p2a: Sneasler|100\/100|[from] Grassy Terrain\n|-heal|p1a: Toxapex|93\/100|[from] Grassy Terrain\n|-damage|p2a: Sneasler|88\/100|[from] move: Infestation|[partiallytrapped]\n|upkeep\n|turn|19\n|\n|t:|1699797634\n|switch|p1a: Dondozo|Dondozo, M, tera:Dragon|74\/100\n|move|p2a: Sneasler|Swords Dance|p2a: Sneasler\n|-boost|p2a: Sneasler|atk|2\n|\n|-weather|Snow|[upkeep]\n|-heal|p2a: Sneasler|94\/100|[from] Grassy Terrain\n|-heal|p1a: Dondozo|80\/100|[from] Grassy Terrain\n|-end|p2a: Sneasler|Infestation|[partiallytrapped]|[silent]\n|-fieldend|move: Grassy Terrain\n|upkeep\n|turn|20\n|\n|t:|1699797662\n|switch|p2a: Ninetales|Ninetales-Alola, M|99\/100\n|move|p1a: Dondozo|Body Press|p2a: Ninetales\n|-damage|p2a: Ninetales|74\/100\n|\n|-weather|none\n|upkeep\n|turn|21\n|\n|t:|1699797677\n|switch|p2a: Rillaboom|Rillaboom, F|89\/100\n|-fieldstart|move: Grassy Terrain|[from] ability: Grassy Surge|[of] p2a: Rillaboom\n|switch|p1a: Toxapex|Toxapex, M|100\/100\n|\n|-heal|p2a: Rillaboom|95\/100|[from] Grassy Terrain\n|upkeep\n|turn|22\n|\n|t:|1699797690\n|switch|p2a: Sneasler|Sneasler, M|94\/100\n|move|p1a: Toxapex|Toxic|p2a: Sneasler\n|-immune|p2a: Sneasler\n|\n|-heal|p2a: Sneasler|100\/100|[from] Grassy Terrain\n|upkeep\n|turn|23\n|\n|t:|1699797698\n|switch|p1a: Gastrodon|Gastrodon-East, F|78\/100\n|move|p2a: Sneasler|Gunk Shot|p1a: Gastrodon|[miss]\n|-miss|p2a: Sneasler|p1a: Gastrodon\n|\n|-heal|p1a: Gastrodon|85\/100|[from] Grassy Terrain\n|upkeep\n|turn|24\n|\n|t:|1699797707\n|switch|p2a: Dragonite|Dragonite, F|76\/100\n|move|p1a: Gastrodon|Spikes|p2a: Dragonite\n|-sidestart|p2: chijk|Spikes\n|\n|-heal|p2a: Dragonite|82\/100|[from] item: Leftovers\n|-heal|p1a: Gastrodon|91\/100|[from] Grassy Terrain\n|upkeep\n|turn|25\n|\n|t:|1699797722\n|switch|p2a: Rillaboom|Rillaboom, F|95\/100\n|-damage|p2a: Rillaboom|83\/100|[from] Spikes\n|move|p1a: Gastrodon|Ice Beam|p2a: Rillaboom\n|-supereffective|p2a: Rillaboom\n|-damage|p2a: Rillaboom|33\/100\n|\n|-heal|p2a: Rillaboom|39\/100|[from] Grassy Terrain\n|-heal|p1a: Gastrodon|97\/100|[from] Grassy Terrain\n|-fieldend|move: Grassy Terrain\n|upkeep\n|turn|26\n|\n|t:|1699797737\n|switch|p1a: Tornadus|Tornadus-Therian, M|100\/100\n|move|p2a: Rillaboom|Grassy Glide|p1a: Tornadus\n|-resisted|p1a: Tornadus\n|-damage|p1a: Tornadus|69\/100\n|\n|upkeep\n|turn|27\n|\n|t:|1699797744\n|switch|p2a: Ninetales|Ninetales-Alola, M|74\/100\n|-damage|p2a: Ninetales|62\/100|[from] Spikes\n|-weather|Snow|[from] ability: Snow Warning|[of] p2a: Ninetales\n|move|p1a: Tornadus|Bleakwind Storm|p2a: Ninetales|[miss]\n|-miss|p1a: Tornadus|p2a: Ninetales\n|\n|-weather|Snow|[upkeep]\n|upkeep\n|turn|28\n|\n|t:|1699797754\n|switch|p2a: Maushold|Maushold|100\/100\n|-damage|p2a: Maushold|88\/100|[from] Spikes\n|move|p1a: Tornadus|U-turn|p2a: Maushold\n|-damage|p2a: Maushold|66\/100\n|\n|t:|1699797760\n|switch|p1a: Dondozo|Dondozo, M, tera:Dragon|80\/100|[from] U-turn\n|\n|-weather|Snow|[upkeep]\n|upkeep\n|turn|29\n|\n|t:|1699797771\n|switch|p2a: Sneasler|Sneasler, M|100\/100\n|-damage|p2a: Sneasler|88\/100|[from] Spikes\n|move|p1a: Dondozo|Body Press|p2a: Sneasler\n|-resisted|p2a: Sneasler\n|-damage|p2a: Sneasler|70\/100\n|\n|-weather|Snow|[upkeep]\n|upkeep\n|turn|30\n|\n|t:|1699797777\n|switch|p1a: Gastrodon|Gastrodon-East, F|97\/100\n|move|p2a: Sneasler|Gunk Shot|p1a: Gastrodon\n|-resisted|p1a: Gastrodon\n|-damage|p1a: Gastrodon|72\/100\n|-status|p1a: Gastrodon|psn\n|\n|-weather|Snow|[upkeep]\n|-damage|p1a: Gastrodon|60\/100 psn|[from] psn\n|upkeep\n|turn|31\n|\n|t:|1699797797\n|move|p2a: Sneasler|Close Combat|p1a: Gastrodon\n|-damage|p1a: Gastrodon|7\/100 psn\n|-unboost|p2a: Sneasler|def|1\n|-unboost|p2a: Sneasler|spd|1\n|-damage|p2a: Sneasler|53\/100|[from] item: Rocky Helmet|[of] p1a: Gastrodon\n|move|p1a: Gastrodon|Recover|p1a: Gastrodon\n|-heal|p1a: Gastrodon|57\/100 psn\n|\n|-weather|none\n|-damage|p1a: Gastrodon|45\/100 psn|[from] psn\n|upkeep\n|turn|32\n|\n|t:|1699797807\n|switch|p1a: Dondozo|Dondozo, M, tera:Dragon|80\/100\n|move|p2a: Sneasler|Gunk Shot|p1a: Dondozo\n|-damage|p1a: Dondozo|48\/100\n|\n|upkeep\n|turn|33\n|\n|t:|1699797816\n|move|p2a: Sneasler|Close Combat|p1a: Dondozo\n|-damage|p1a: Dondozo|15\/100\n|-unboost|p2a: Sneasler|def|1\n|-unboost|p2a: Sneasler|spd|1\n|move|p1a: Dondozo|Rest|p1a: Dondozo\n|-status|p1a: Dondozo|slp|[from] move: Rest\n|-heal|p1a: Dondozo|100\/100 slp|[silent]\n|\n|upkeep\n|turn|34\n|\n|t:|1699797827\n|switch|p2a: Rillaboom|Rillaboom, F|39\/100\n|-damage|p2a: Rillaboom|27\/100|[from] Spikes\n|-fieldstart|move: Grassy Terrain|[from] ability: Grassy Surge|[of] p2a: Rillaboom\n|cant|p1a: Dondozo|slp\n|move|p1a: Dondozo|Sleep Talk|p1a: Dondozo\n|move|p1a: Dondozo|Liquidation|p2a: Rillaboom|[from]move: Sleep Talk\n|-resisted|p2a: Rillaboom\n|-damage|p2a: Rillaboom|11\/100\n|\n|-heal|p2a: Rillaboom|17\/100|[from] Grassy Terrain\n|upkeep\n|turn|35\n|\n|t:|1699797838\n|move|p2a: Rillaboom|Knock Off|p1a: Dondozo\n|-damage|p1a: Dondozo|86\/100 slp\n|cant|p1a: Dondozo|slp\n|move|p1a: Dondozo|Sleep Talk|p1a: Dondozo\n|move|p1a: Dondozo|Liquidation|p2a: Rillaboom|[from]move: Sleep Talk\n|-resisted|p2a: Rillaboom\n|-damage|p2a: Rillaboom|0 fnt\n|faint|p2a: Rillaboom\n|\n|-heal|p1a: Dondozo|92\/100 slp|[from] Grassy Terrain\n|upkeep\n|\n|t:|1699797850\n|switch|p2a: Maushold|Maushold|66\/100\n|-damage|p2a: Maushold|53\/100|[from] Spikes\n|turn|36\n|\n|t:|1699797854\n|move|p2a: Maushold|Tidy Up|p2a: Maushold\n|-sideend|p2: chijk|Spikes\n|-activate|p2a: Maushold|move: Tidy Up\n|-boost|p2a: Maushold|atk|1\n|-boost|p2a: Maushold|spe|1\n|-curestatus|p1a: Dondozo|slp|[msg]\n|move|p1a: Dondozo|Body Press|p2a: Maushold\n|-supereffective|p2a: Maushold\n|-damage|p2a: Maushold|0 fnt\n|faint|p2a: Maushold\n|\n|-heal|p1a: Dondozo|98\/100|[from] Grassy Terrain\n|upkeep\n|\n|t:|1699797864\n|switch|p2a: Ninetales|Ninetales-Alola, M|62\/100\n|-weather|Snow|[from] ability: Snow Warning|[of] p2a: Ninetales\n|turn|37\n|\n|t:|1699797869\n|switch|p2a: Ceruledge|Ceruledge, F|100\/100\n|switch|p1a: Toxapex|Toxapex, M|100\/100\n|\n|-weather|Snow|[upkeep]\n|upkeep\n|turn|38\n|\n|t:|1699797882\n|move|p2a: Ceruledge|Swords Dance|p2a: Ceruledge\n|-boost|p2a: Ceruledge|atk|2\n|move|p1a: Toxapex|Toxic|p2a: Ceruledge\n|-status|p2a: Ceruledge|tox\n|\n|-weather|Snow|[upkeep]\n|-damage|p2a: Ceruledge|94\/100 tox|[from] psn\n|-fieldend|move: Grassy Terrain\n|upkeep\n|turn|39\n|\n|t:|1699797890\n|move|p2a: Ceruledge|Swords Dance|p2a: Ceruledge\n|-boost|p2a: Ceruledge|atk|2\n|move|p1a: Toxapex|Haze|p1a: Toxapex\n|-clearallboost\n|\n|-weather|Snow|[upkeep]\n|-damage|p2a: Ceruledge|82\/100 tox|[from] psn\n|upkeep\n|turn|40\n|-message|chijk forfeited.\n|\n|win|Zarross\n|raw|Zarross's rating: 1524 &rarr; <strong>1550<\/strong><br \/>(+26 for winning)\n|raw|chijk's rating: 1637 &rarr; <strong>1611<\/strong><br \/>(-26 for losing)\n|l|\u2606chijk\n","uploadtime":1699797903,"views":19,"p1id":"zarross","p2id":"chijk","formatid":"gen9ou","rating":1550,"private":0,"password":""}