{"id":"gen9ou-1995841411","p1":"cangica","p2":"Senhor de Canavial","format":"[Gen 9] OU","log":"|j|\u2606cangica\n|j|\u2606Senhor de Canavial\n|t:|1700608557\n|gametype|singles\n|player|p1|cangica|102|\n|player|p2|Senhor de Canavial|ghetsis-gen5bw|\n|teamsize|p1|6\n|teamsize|p2|6\n|gen|9\n|tier|[Gen 9] OU\n|rule|Sleep Clause Mod: Limit one foe put to sleep\n|rule|Species Clause: Limit one of each Pok\u00e9mon\n|rule|OHKO Clause: OHKO moves are banned\n|rule|Evasion Items Clause: Evasion items are banned\n|rule|Evasion Moves Clause: Evasion moves are banned\n|rule|Endless Battle Clause: Forcing endless battles is banned\n|rule|HP Percentage Mod: HP is shown in percentages\n|clearpoke\n|poke|p1|Walking Wake|\n|poke|p1|Ninetales, M|\n|poke|p1|Armarouge, M|\n|poke|p1|Donphan, M|\n|poke|p1|Klefki, M|\n|poke|p1|Charizard, F|\n|poke|p2|Bisharp, F|\n|poke|p2|Quagsire, F|\n|poke|p2|Mimikyu, F|\n|poke|p2|Iron Thorns|\n|poke|p2|Krookodile, F|\n|poke|p2|Sylveon, M|\n|teampreview\n|j| Zemsacional\n|\n|t:|1700608676\n|start\n|switch|p1a: Ninetales|Ninetales, M|100\/100\n|switch|p2a: Sylveon|Sylveon, M|100\/100\n|-weather|SunnyDay|[from] ability: Drought|[of] p1a: Ninetales\n|turn|1\n|\n|t:|1700608691\n|move|p1a: Ninetales|Weather Ball|p2a: Sylveon\n|-damage|p2a: Sylveon|59\/100\n|move|p2a: Sylveon|Hyper Voice|p1a: Ninetales\n|-resisted|p1a: Ninetales\n|-damage|p1a: Ninetales|50\/100\n|\n|-weather|SunnyDay|[upkeep]\n|upkeep\n|turn|2\n|\n|t:|1700608710\n|switch|p1a: Armarouge|Armarouge, M|100\/100\n|move|p2a: Sylveon|Hyper Voice|p1a: Armarouge\n|-resisted|p1a: Armarouge\n|-damage|p1a: Armarouge|46\/100\n|\n|-weather|SunnyDay|[upkeep]\n|upkeep\n|turn|3\n|\n|t:|1700608729\n|move|p1a: Armarouge|Armor Cannon|p2a: Sylveon\n|-damage|p2a: Sylveon|0 fnt\n|-unboost|p1a: Armarouge|def|1\n|-unboost|p1a: Armarouge|spd|1\n|faint|p2a: Sylveon\n|\n|-weather|SunnyDay|[upkeep]\n|upkeep\n|\n|t:|1700608742\n|switch|p2a: Bisharp|Bisharp, F|100\/100\n|turn|4\n|\n|t:|1700608753\n|switch|p1a: Donphan|Donphan, M|100\/100\n|move|p2a: Bisharp|Substitute|p2a: Bisharp\n|-start|p2a: Bisharp|Substitute\n|-damage|p2a: Bisharp|76\/100\n|\n|-weather|SunnyDay|[upkeep]\n|upkeep\n|turn|5\n|\n|t:|1700608761\n|move|p2a: Bisharp|Swords Dance|p2a: Bisharp\n|-boost|p2a: Bisharp|atk|2\n|move|p1a: Donphan|Earthquake|p2a: Bisharp\n|-supereffective|p2a: Bisharp\n|-end|p2a: Bisharp|Substitute\n|\n|-weather|SunnyDay|[upkeep]\n|upkeep\n|turn|6\n|\n|t:|1700608832\n|move|p2a: Bisharp|Iron Head|p1a: Donphan\n|-damage|p1a: Donphan|46\/100\n|cant|p1a: Donphan|flinch\n|\n|-weather|SunnyDay|[upkeep]\n|-heal|p1a: Donphan|53\/100|[from] item: Leftovers\n|upkeep\n|turn|7\n|\n|t:|1700608855\n|-terastallize|p1a: Donphan|Water\n|move|p2a: Bisharp|Substitute|p2a: Bisharp\n|-start|p2a: Bisharp|Substitute\n|-damage|p2a: Bisharp|51\/100\n|move|p1a: Donphan|Earthquake|p2a: Bisharp\n|-supereffective|p2a: Bisharp\n|-end|p2a: Bisharp|Substitute\n|\n|-weather|SunnyDay|[upkeep]\n|-heal|p1a: Donphan|59\/100|[from] item: Leftovers\n|upkeep\n|turn|8\n|\n|t:|1700608863\n|move|p2a: Bisharp|Sucker Punch|p1a: Donphan\n|-damage|p1a: Donphan|16\/100\n|move|p1a: Donphan|Earthquake|p2a: Bisharp\n|-supereffective|p2a: Bisharp\n|-damage|p2a: Bisharp|0 fnt\n|faint|p2a: Bisharp\n|\n|-weather|none\n|-heal|p1a: Donphan|22\/100|[from] item: Leftovers\n|upkeep\n|\n|t:|1700608874\n|switch|p2a: Krookodile|Krookodile, F|100\/100\n|turn|9\n|\n|t:|1700608929\n|move|p2a: Krookodile|Knock Off|p1a: Donphan\n|-damage|p1a: Donphan|0 fnt\n|-enditem|p1a: Donphan|Leftovers|[from] move: Knock Off|[of] p2a: Krookodile\n|faint|p1a: Donphan\n|-ability|p2a: Krookodile|Moxie|boost\n|-boost|p2a: Krookodile|atk|1\n|\n|upkeep\n|\n|t:|1700608954\n|switch|p1a: Ninetales|Ninetales, M|50\/100\n|-weather|SunnyDay|[from] ability: Drought|[of] p1a: Ninetales\n|turn|10\n|\n|t:|1700608964\n|switch|p1a: Armarouge|Armarouge, M|46\/100\n|move|p2a: Krookodile|Knock Off|p1a: Armarouge\n|-supereffective|p1a: Armarouge\n|-damage|p1a: Armarouge|0 fnt\n|-enditem|p1a: Armarouge|Choice Specs|[from] move: Knock Off|[of] p2a: Krookodile\n|faint|p1a: Armarouge\n|-ability|p2a: Krookodile|Moxie|boost\n|-boost|p2a: Krookodile|atk|1\n|\n|-weather|SunnyDay|[upkeep]\n|upkeep\n|\n|t:|1700608972\n|switch|p1a: Charizard|Charizard, F|100\/100\n|turn|11\n|\n|t:|1700609004\n|-terastallize|p2a: Krookodile|Flying\n|move|p1a: Charizard|Solar Beam||[still]\n|-prepare|p1a: Charizard|Solar Beam\n|-anim|p1a: Charizard|Solar Beam|p2a: Krookodile\n|-resisted|p2a: Krookodile\n|-damage|p2a: Krookodile|66\/100\n|move|p2a: Krookodile|Knock Off|p1a: Charizard\n|-damage|p1a: Charizard|0 fnt\n|-enditem|p1a: Charizard|Choice Scarf|[from] move: Knock Off|[of] p2a: Krookodile\n|faint|p1a: Charizard\n|-ability|p2a: Krookodile|Moxie|boost\n|-boost|p2a: Krookodile|atk|1\n|\n|-weather|SunnyDay|[upkeep]\n|upkeep\n|\n|t:|1700609017\n|switch|p1a: Walking Wake|Walking Wake|100\/100\n|-activate|p1a: Walking Wake|ability: Protosynthesis\n|-start|p1a: Walking Wake|protosynthesisspe\n|turn|12\n|\n|t:|1700609038\n|switch|p2a: Iron Thorns|Iron Thorns|100\/100\n|-enditem|p2a: Iron Thorns|Booster Energy\n|-activate|p2a: Iron Thorns|ability: Quark Drive|[fromitem]\n|-start|p2a: Iron Thorns|quarkdriveatk\n|move|p1a: Walking Wake|Weather Ball|p2a: Iron Thorns\n|-resisted|p2a: Iron Thorns\n|-damage|p2a: Iron Thorns|58\/100\n|\n|-weather|SunnyDay|[upkeep]\n|upkeep\n|turn|13\n|\n|t:|1700609052\n|-end|p1a: Walking Wake|Protosynthesis|[silent]\n|switch|p1a: Klefki|Klefki, M|100\/100\n|-item|p1a: Klefki|Air Balloon\n|move|p2a: Iron Thorns|Dragon Dance|p2a: Iron Thorns\n|-boost|p2a: Iron Thorns|atk|1\n|-boost|p2a: Iron Thorns|spe|1\n|\n|-weather|SunnyDay|[upkeep]\n|upkeep\n|turn|14\n|\n|t:|1700609065\n|move|p1a: Klefki|Reflect|p1a: Klefki\n|-sidestart|p1: cangica|Reflect\n|move|p2a: Iron Thorns|Dragon Dance|p2a: Iron Thorns\n|-boost|p2a: Iron Thorns|atk|1\n|-boost|p2a: Iron Thorns|spe|1\n|\n|-weather|SunnyDay|[upkeep]\n|upkeep\n|turn|15\n|\n|t:|1700609074\n|move|p2a: Iron Thorns|Wild Charge|p1a: Klefki\n|-damage|p1a: Klefki|54\/100\n|-enditem|p1a: Klefki|Air Balloon\n|-damage|p2a: Iron Thorns|47\/100|[from] Recoil\n|move|p1a: Klefki|Foul Play|p2a: Iron Thorns\n|-damage|p2a: Iron Thorns|0 fnt\n|faint|p2a: Iron Thorns\n|-end|p2a: Iron Thorns|Quark Drive|[silent]\n|\n|-weather|SunnyDay|[upkeep]\n|upkeep\n|\n|t:|1700609082\n|switch|p2a: Krookodile|Krookodile, F, tera:Flying|66\/100\n|turn|16\n|\n|t:|1700609088\n|move|p1a: Klefki|Thunder Wave|p2a: Krookodile\n|-status|p2a: Krookodile|par\n|move|p2a: Krookodile|Earthquake|p1a: Klefki\n|-supereffective|p1a: Klefki\n|-damage|p1a: Klefki|16\/100\n|\n|-weather|SunnyDay|[upkeep]\n|upkeep\n|turn|17\n|\n|t:|1700609110\n|move|p2a: Krookodile|Earthquake|p1a: Klefki\n|-supereffective|p1a: Klefki\n|-damage|p1a: Klefki|0 fnt\n|faint|p1a: Klefki\n|-ability|p2a: Krookodile|Moxie|boost\n|-boost|p2a: Krookodile|atk|1\n|\n|-weather|none\n|upkeep\n|\n|t:|1700609117\n|switch|p1a: Ninetales|Ninetales, M|50\/100\n|-weather|SunnyDay|[from] ability: Drought|[of] p1a: Ninetales\n|turn|18\n|\n|t:|1700609129\n|move|p1a: Ninetales|Weather Ball|p2a: Krookodile\n|-damage|p2a: Krookodile|0 fnt\n|faint|p2a: Krookodile\n|\n|-weather|SunnyDay|[upkeep]\n|-sideend|p1: cangica|Reflect\n|upkeep\n|\n|t:|1700609140\n|switch|p2a: Mimikyu|Mimikyu, F|100\/100\n|turn|19\n|\n|t:|1700609150\n|move|p1a: Ninetales|Weather Ball|p2a: Mimikyu\n|-activate|p2a: Mimikyu|ability: Disguise\n|-damage|p2a: Mimikyu|100\/100\n|detailschange|p2a: Mimikyu|Mimikyu-Busted, F\n|-damage|p2a: Mimikyu|88\/100|[from] pokemon: Mimikyu-Busted\n|move|p2a: Mimikyu|Swords Dance|p2a: Mimikyu\n|-boost|p2a: Mimikyu|atk|2\n|\n|-weather|SunnyDay|[upkeep]\n|upkeep\n|turn|20\n|\n|t:|1700609162\n|move|p2a: Mimikyu|Shadow Sneak|p1a: Ninetales\n|-damage|p1a: Ninetales|1\/100\n|move|p1a: Ninetales|Encore|p2a: Mimikyu\n|-start|p2a: Mimikyu|Encore\n|\n|-weather|SunnyDay|[upkeep]\n|upkeep\n|turn|21\n|\n|t:|1700609181\n|switch|p1a: Walking Wake|Walking Wake|100\/100\n|-activate|p1a: Walking Wake|ability: Protosynthesis\n|-start|p1a: Walking Wake|protosynthesisspe\n|move|p2a: Mimikyu|Shadow Sneak|p1a: Walking Wake\n|-damage|p1a: Walking Wake|63\/100\n|\n|-weather|SunnyDay|[upkeep]\n|upkeep\n|turn|22\n|\n|t:|1700609193\n|move|p2a: Mimikyu|Shadow Sneak|p1a: Walking Wake\n|-damage|p1a: Walking Wake|28\/100\n|move|p1a: Walking Wake|Weather Ball|p2a: Mimikyu\n|-damage|p2a: Mimikyu|0 fnt\n|faint|p2a: Mimikyu\n|\n|-weather|SunnyDay|[upkeep]\n|upkeep\n|\n|t:|1700609199\n|switch|p2a: Quagsire|Quagsire, F|100\/100\n|turn|23\n|\n|t:|1700609283\n|-end|p1a: Walking Wake|Protosynthesis|[silent]\n|switch|p1a: Ninetales|Ninetales, M|1\/100\n|move|p2a: Quagsire|Recover||[still]\n|-fail|p2a: Quagsire|heal\n|\n|-weather|SunnyDay|[upkeep]\n|upkeep\n|turn|24\n|\n|t:|1700609300\n|move|p1a: Ninetales|Energy Ball|p2a: Quagsire\n|-supereffective|p2a: Quagsire\n|-damage|p2a: Quagsire|30\/100\n|-unboost|p2a: Quagsire|spd|1\n|move|p2a: Quagsire|Stealth Rock|p1a: Ninetales\n|-sidestart|p1: cangica|move: Stealth Rock\n|\n|-weather|SunnyDay|[upkeep]\n|-heal|p2a: Quagsire|37\/100|[from] item: Leftovers\n|upkeep\n|turn|25\n|\n|t:|1700609312\n|move|p1a: Ninetales|Energy Ball|p2a: Quagsire\n|-supereffective|p2a: Quagsire\n|-damage|p2a: Quagsire|0 fnt\n|faint|p2a: Quagsire\n|\n|win|cangica\n","uploadtime":1700609430,"views":10,"p1id":"cangica","p2id":"senhordecanavial","formatid":"gen9ou","rating":0,"private":0,"password":""}