{"id":"gen9ou-1988265931","p1":"Orcust Knightmare","p2":"KirbyKillua","format":"[Gen 9] OU","log":"|j|\u2606Orcust Knightmare\n|j|\u2606KirbyKillua\n|t:|1699697834\n|gametype|singles\n|player|p1|Orcust Knightmare|kieran-festival|1517\n|player|p2|KirbyKillua|alec-anime|1615\n|teamsize|p1|6\n|teamsize|p2|6\n|gen|9\n|tier|[Gen 9] OU\n|rated|\n|rule|Sleep Clause Mod: Limit one foe put to sleep\n|rule|Species Clause: Limit one of each Pok\u00e9mon\n|rule|OHKO Clause: OHKO moves are banned\n|rule|Evasion Items Clause: Evasion items are banned\n|rule|Evasion Moves Clause: Evasion moves are banned\n|rule|Endless Battle Clause: Forcing endless battles is banned\n|rule|HP Percentage Mod: HP is shown in percentages\n|clearpoke\n|poke|p1|Rotom-Wash|\n|poke|p1|Iron Jugulis|\n|poke|p1|Ogerpon-Cornerstone, F|\n|poke|p1|Dragapult, M|\n|poke|p1|Great Tusk|\n|poke|p1|Slowking-Galar, M|\n|poke|p2|Cinderace, F|\n|poke|p2|Meowscarada, F|\n|poke|p2|Ogerpon-Wellspring, F|\n|poke|p2|Ceruledge, M|\n|poke|p2|Iron Valiant|\n|poke|p2|Hatterene, F|\n|teampreview\n|inactive|Battle timer is ON: inactive players will automatically lose when time's up. (requested by KirbyKillua)\n|\n|t:|1699697855\n|start\n|switch|p1a: Iron Jugulis|Iron Jugulis|100\/100\n|switch|p2a: Ogerpon|Ogerpon-Wellspring, F|100\/100\n|-enditem|p1a: Iron Jugulis|Booster Energy\n|-activate|p1a: Iron Jugulis|ability: Quark Drive|[fromitem]\n|-start|p1a: Iron Jugulis|quarkdrivespe\n|turn|1\n|\n|t:|1699697860\n|switch|p2a: Alcremie's mom|Hatterene, F, shiny|100\/100\n|move|p1a: Iron Jugulis|Hurricane|p2a: Alcremie's mom|[miss]\n|-miss|p1a: Iron Jugulis|p2a: Alcremie's mom\n|\n|upkeep\n|turn|2\n|\n|t:|1699697865\n|move|p1a: Iron Jugulis|Knock Off|p2a: Alcremie's mom\n|-crit|p2a: Alcremie's mom\n|-damage|p2a: Alcremie's mom|67\/100\n|-enditem|p2a: Alcremie's mom|Leftovers|[from] move: Knock Off|[of] p1a: Iron Jugulis\n|move|p2a: Alcremie's mom|Mystical Fire|p1a: Iron Jugulis\n|-damage|p1a: Iron Jugulis|67\/100\n|-unboost|p1a: Iron Jugulis|spa|1\n|\n|upkeep\n|turn|3\n|\n|t:|1699697873\n|-end|p1a: Iron Jugulis|Quark Drive|[silent]\n|switch|p1a: Slowking|Slowking-Galar, M|100\/100\n|move|p2a: Alcremie's mom|Mystical Fire|p1a: Slowking\n|-damage|p1a: Slowking|84\/100\n|-unboost|p1a: Slowking|spa|1\n|\n|upkeep\n|turn|4\n|\n|t:|1699697879\n|switch|p2a: Cinderace|Cinderace, F|100\/100\n|move|p1a: Slowking|Chilly Reception|p1a: Slowking\n|-weather|Snow\n|\n|t:|1699697887\n|switch|p1a: Great Tusk|Great Tusk|100\/100|[from] Chilly Reception\n|\n|-weather|Snow|[upkeep]\n|upkeep\n|turn|5\n|\n|t:|1699697890\n|move|p2a: Cinderace|U-turn|p1a: Great Tusk\n|-start|p2a: Cinderace|typechange|Bug|[from] ability: Libero\n|-resisted|p1a: Great Tusk\n|-damage|p1a: Great Tusk|92\/100\n|\n|t:|1699697893\n|switch|p2a: Ogerpon|Ogerpon-Wellspring, F|100\/100|[from] U-turn\n|move|p1a: Great Tusk|Stealth Rock|p2a: Ogerpon\n|-sidestart|p2: KirbyKillua|move: Stealth Rock\n|\n|-weather|Snow|[upkeep]\n|-heal|p1a: Great Tusk|99\/100|[from] item: Leftovers\n|upkeep\n|turn|6\n|\n|t:|1699697902\n|-end|p1a: Great Tusk|Protosynthesis|[silent]\n|switch|p1a: Dragapult|Dragapult, M|100\/100\n|move|p2a: Ogerpon|Swords Dance|p2a: Ogerpon\n|-boost|p2a: Ogerpon|atk|2\n|\n|-weather|Snow|[upkeep]\n|upkeep\n|turn|7\n|\n|t:|1699697906\n|move|p1a: Dragapult|Draco Meteor|p2a: Ogerpon\n|-damage|p2a: Ogerpon|7\/100\n|-unboost|p1a: Dragapult|spa|2\n|move|p2a: Ogerpon|Trailblaze|p1a: Dragapult\n|-resisted|p1a: Dragapult\n|-crit|p1a: Dragapult\n|-damage|p1a: Dragapult|36\/100\n|-boost|p2a: Ogerpon|spe|1\n|\n|-weather|Snow|[upkeep]\n|upkeep\n|turn|8\n|\n|t:|1699697910\n|move|p2a: Ogerpon|Ivy Cudgel|p1a: Dragapult\n|-resisted|p1a: Dragapult\n|-damage|p1a: Dragapult|0 fnt\n|faint|p1a: Dragapult\n|\n|-weather|none\n|upkeep\n|\n|t:|1699697912\n|switch|p1a: Ogerpon|Ogerpon-Cornerstone, F|100\/100\n|turn|9\n|\n|t:|1699697915\n|move|p2a: Ogerpon|Ivy Cudgel|p1a: Ogerpon\n|-ability|p1a: Ogerpon|Sturdy\n|-damage|p1a: Ogerpon|1\/100\n|move|p1a: Ogerpon|Ivy Cudgel|p2a: Ogerpon\n|-damage|p2a: Ogerpon|0 fnt\n|faint|p2a: Ogerpon\n|\n|upkeep\n|\n|t:|1699697922\n|switch|p2a: Cinderace|Cinderace, F|100\/100\n|turn|10\n|\n|t:|1699697934\n|move|p2a: Cinderace|Pyro Ball|p1a: Ogerpon\n|-damage|p1a: Ogerpon|0 fnt\n|faint|p1a: Ogerpon\n|\n|upkeep\n|\n|t:|1699697939\n|switch|p1a: Rotom|Rotom-Wash, shiny|100\/100\n|turn|11\n|\n|t:|1699697943\n|move|p2a: Cinderace|Court Change|p2a: Cinderace\n|-start|p2a: Cinderace|typechange|Normal|[from] ability: Libero\n|-swapsideconditions\n|-activate|p2a: Cinderace|move: Court Change\n|move|p1a: Rotom|Hydro Pump|p2a: Cinderace|[miss]\n|-miss|p1a: Rotom|p2a: Cinderace\n|\n|upkeep\n|turn|12\n|\n|t:|1699697947\n|move|p2a: Cinderace|U-turn|p1a: Rotom\n|-damage|p1a: Rotom|82\/100\n|\n|t:|1699697949\n|switch|p2a: Meowscarada|Meowscarada, F|100\/100|[from] U-turn\n|move|p1a: Rotom|Discharge|p2a: Meowscarada\n|-resisted|p2a: Meowscarada\n|-damage|p2a: Meowscarada|79\/100\n|\n|-heal|p1a: Rotom|89\/100|[from] item: Leftovers\n|upkeep\n|turn|13\n|\n|t:|1699697956\n|switch|p1a: Iron Jugulis|Iron Jugulis|67\/100\n|-damage|p1a: Iron Jugulis|42\/100|[from] Stealth Rock\n|move|p2a: Meowscarada|Knock Off|p1a: Iron Jugulis\n|-start|p2a: Meowscarada|typechange|Dark|[from] ability: Protean\n|-resisted|p1a: Iron Jugulis\n|-damage|p1a: Iron Jugulis|14\/100\n|\n|upkeep\n|turn|14\n|\n|t:|1699697959\n|move|p2a: Meowscarada|Knock Off|p1a: Iron Jugulis\n|-resisted|p1a: Iron Jugulis\n|-damage|p1a: Iron Jugulis|0 fnt\n|faint|p1a: Iron Jugulis\n|-end|p1a: Iron Jugulis|Quark Drive|[silent]\n|\n|upkeep\n|\n|t:|1699697961\n|switch|p1a: Great Tusk|Great Tusk|99\/100\n|-damage|p1a: Great Tusk|96\/100|[from] Stealth Rock\n|turn|15\n|\n|t:|1699697964\n|switch|p2a: Soulblades|Ceruledge, M|100\/100\n|move|p1a: Great Tusk|Rapid Spin|p2a: Soulblades\n|-immune|p2a: Soulblades\n|\n|-heal|p1a: Great Tusk|100\/100|[from] item: Leftovers\n|upkeep\n|turn|16\n|\n|t:|1699697969\n|move|p2a: Soulblades|Swords Dance|p2a: Soulblades\n|-boost|p2a: Soulblades|atk|2\n|move|p1a: Great Tusk|Knock Off|p2a: Soulblades\n|-supereffective|p2a: Soulblades\n|-damage|p2a: Soulblades|19\/100\n|-ability|p2a: Soulblades|Weak Armor|boost\n|-unboost|p2a: Soulblades|def|1\n|-boost|p2a: Soulblades|spe|2\n|-enditem|p2a: Soulblades|Focus Sash|[from] move: Knock Off|[of] p1a: Great Tusk\n|\n|upkeep\n|turn|17\n|\n|t:|1699697972\n|move|p2a: Soulblades|Poltergeist|p1a: Great Tusk\n|-activate|p1a: Great Tusk|move: Poltergeist|Leftovers\n|-damage|p1a: Great Tusk|42\/100\n|move|p1a: Great Tusk|Earthquake|p2a: Soulblades\n|-supereffective|p2a: Soulblades\n|-damage|p2a: Soulblades|0 fnt\n|faint|p2a: Soulblades\n|\n|-heal|p1a: Great Tusk|49\/100|[from] item: Leftovers\n|upkeep\n|\n|t:|1699697978\n|switch|p2a: Iron Valiant|Iron Valiant|100\/100\n|-enditem|p2a: Iron Valiant|Booster Energy\n|-activate|p2a: Iron Valiant|ability: Quark Drive|[fromitem]\n|-start|p2a: Iron Valiant|quarkdrivespe\n|turn|18\n|\n|t:|1699697982\n|-end|p1a: Great Tusk|Protosynthesis|[silent]\n|switch|p1a: Slowking|Slowking-Galar, M|100\/100\n|move|p2a: Iron Valiant|Swords Dance|p2a: Iron Valiant\n|-boost|p2a: Iron Valiant|atk|2\n|\n|upkeep\n|turn|19\n|\n|t:|1699697988\n|-terastallize|p1a: Slowking|Grass\n|move|p2a: Iron Valiant|Knock Off|p1a: Slowking\n|-damage|p1a: Slowking|26\/100\n|-enditem|p1a: Slowking|Heavy-Duty Boots|[from] move: Knock Off|[of] p2a: Iron Valiant\n|move|p1a: Slowking|Sludge Bomb|p2a: Iron Valiant\n|-supereffective|p2a: Iron Valiant\n|-crit|p2a: Iron Valiant\n|-damage|p2a: Iron Valiant|0 fnt\n|faint|p2a: Iron Valiant\n|-end|p2a: Iron Valiant|Quark Drive|[silent]\n|\n|upkeep\n|\n|t:|1699697996\n|switch|p2a: Cinderace|Cinderace, F|100\/100\n|turn|20\n|\n|t:|1699697999\n|switch|p1a: Great Tusk|Great Tusk|49\/100\n|-damage|p1a: Great Tusk|46\/100|[from] Stealth Rock\n|move|p2a: Cinderace|U-turn|p1a: Great Tusk\n|-start|p2a: Cinderace|typechange|Bug|[from] ability: Libero\n|-resisted|p1a: Great Tusk\n|-damage|p1a: Great Tusk|38\/100\n|\n|t:|1699698002\n|switch|p2a: Meowscarada|Meowscarada, F|79\/100|[from] U-turn\n|\n|-heal|p1a: Great Tusk|44\/100|[from] item: Leftovers\n|upkeep\n|turn|21\n|\n|t:|1699698006\n|-end|p1a: Great Tusk|Protosynthesis|[silent]\n|switch|p1a: Slowking|Slowking-Galar, M, tera:Grass|60\/100\n|-damage|p1a: Slowking|47\/100|[from] Stealth Rock\n|move|p2a: Meowscarada|Flower Trick|p1a: Slowking\n|-start|p2a: Meowscarada|typechange|Grass|[from] ability: Protean\n|-resisted|p1a: Slowking\n|-crit|p1a: Slowking\n|-damage|p1a: Slowking|11\/100\n|\n|upkeep\n|turn|22\n|\n|t:|1699698010\n|move|p2a: Meowscarada|Flower Trick|p1a: Slowking\n|-resisted|p1a: Slowking\n|-crit|p1a: Slowking\n|-damage|p1a: Slowking|0 fnt\n|faint|p1a: Slowking\n|\n|upkeep\n|\n|t:|1699698012\n|switch|p1a: Rotom|Rotom-Wash, shiny|89\/100\n|-damage|p1a: Rotom|76\/100|[from] Stealth Rock\n|turn|23\n|\n|t:|1699698015\n|-terastallize|p2a: Meowscarada|Grass\n|move|p2a: Meowscarada|Flower Trick|p1a: Rotom\n|-supereffective|p1a: Rotom\n|-crit|p1a: Rotom\n|-damage|p1a: Rotom|0 fnt\n|faint|p1a: Rotom\n|\n|upkeep\n|-message|Orcust Knightmare forfeited.\n|\n|win|KirbyKillua\n|raw|Orcust Knightmare's rating: 1517 &rarr; <strong>1502<\/strong><br \/>(-15 for losing)\n|raw|KirbyKillua's rating: 1615 &rarr; <strong>1630<\/strong><br \/>(+15 for winning)\n|l|\u2606Orcust Knightmare\n|l|\u2606KirbyKillua\n","uploadtime":1699698046,"views":16,"p1id":"orcustknightmare","p2id":"kirbykillua","formatid":"gen9ou","rating":1502,"private":0,"password":""}