{"id":"gen9ou-1992536187","p1":"Progamerxxx412","p2":"keykiko","format":"[Gen 9] OU","log":"|j|\u2606Progamerxxx412\n|j|\u2606keykiko\n|t:|1700201461\n|gametype|singles\n|player|p1|Progamerxxx412|266|1266\n|player|p2|keykiko|lillie|1268\n|teamsize|p1|6\n|teamsize|p2|6\n|gen|9\n|tier|[Gen 9] OU\n|rated|\n|rule|Sleep Clause Mod: Limit one foe put to sleep\n|rule|Species Clause: Limit one of each Pok\u00e9mon\n|rule|OHKO Clause: OHKO moves are banned\n|rule|Evasion Items Clause: Evasion items are banned\n|rule|Evasion Moves Clause: Evasion moves are banned\n|rule|Endless Battle Clause: Forcing endless battles is banned\n|rule|HP Percentage Mod: HP is shown in percentages\n|clearpoke\n|poke|p1|Kingambit, F|\n|poke|p1|Iron Valiant|\n|poke|p1|Salazzle, F|\n|poke|p1|Great Tusk|\n|poke|p1|Gholdengo|\n|poke|p1|Thundurus-Therian, M|\n|poke|p2|Dragapult, M|\n|poke|p2|Glimmora, F|\n|poke|p2|Barraskewda, F|\n|poke|p2|Iron Valiant|\n|poke|p2|Pelipper, F|\n|poke|p2|Veluza, F|\n|teampreview\n|inactive|Battle timer is ON: inactive players will automatically lose when time's up. (requested by keykiko)\n|\n|t:|1700201517\n|start\n|switch|p1a: Thundurus|Thundurus-Therian, M|100\/100\n|switch|p2a: \u94c1\u522e\u75e7|Iron Valiant|100\/100\n|turn|1\n|\n|t:|1700201534\n|move|p2a: \u94c1\u522e\u75e7|Moonblast|p1a: Thundurus\n|-damage|p1a: Thundurus|43\/100\n|-unboost|p1a: Thundurus|spa|1\n|move|p1a: Thundurus|Volt Switch|p2a: \u94c1\u522e\u75e7\n|-damage|p2a: \u94c1\u522e\u75e7|26\/100\n|\n|t:|1700201546\n|switch|p1a: Salazzle|Salazzle, F|100\/100|[from] Volt Switch\n|-item|p1a: Salazzle|Air Balloon\n|\n|upkeep\n|turn|2\n|\n|t:|1700201554\n|move|p1a: Salazzle|Flamethrower|p2a: \u94c1\u522e\u75e7\n|-crit|p2a: \u94c1\u522e\u75e7\n|-damage|p2a: \u94c1\u522e\u75e7|0 fnt\n|faint|p2a: \u94c1\u522e\u75e7\n|-end|p2a: \u94c1\u522e\u75e7|Quark Drive|[silent]\n|\n|upkeep\n|\n|t:|1700201559\n|switch|p2a: \u771f\u7684\u4e00\u6ef4\u90fd\u4e0d\u5269\u5566|Glimmora, F|100\/100\n|turn|3\n|\n|t:|1700201568\n|move|p1a: Salazzle|Toxic|p2a: \u771f\u7684\u4e00\u6ef4\u90fd\u4e0d\u5269\u5566\n|-status|p2a: \u771f\u7684\u4e00\u6ef4\u90fd\u4e0d\u5269\u5566|tox\n|move|p2a: \u771f\u7684\u4e00\u6ef4\u90fd\u4e0d\u5269\u5566|Stealth Rock|p1a: Salazzle\n|-sidestart|p1: Progamerxxx412|move: Stealth Rock\n|\n|-damage|p2a: \u771f\u7684\u4e00\u6ef4\u90fd\u4e0d\u5269\u5566|94\/100 tox|[from] psn\n|upkeep\n|turn|4\n|\n|t:|1700201574\n|move|p1a: Salazzle|Protect|p1a: Salazzle\n|-singleturn|p1a: Salazzle|Protect\n|move|p2a: \u771f\u7684\u4e00\u6ef4\u90fd\u4e0d\u5269\u5566|Mortal Spin|p1a: Salazzle\n|-activate|p1a: Salazzle|move: Protect\n|\n|-damage|p2a: \u771f\u7684\u4e00\u6ef4\u90fd\u4e0d\u5269\u5566|82\/100 tox|[from] psn\n|upkeep\n|turn|5\n|\n|t:|1700201580\n|move|p1a: Salazzle|Flamethrower|p2a: \u771f\u7684\u4e00\u6ef4\u90fd\u4e0d\u5269\u5566\n|-resisted|p2a: \u771f\u7684\u4e00\u6ef4\u90fd\u4e0d\u5269\u5566\n|-damage|p2a: \u771f\u7684\u4e00\u6ef4\u90fd\u4e0d\u5269\u5566|55\/100 tox\n|move|p2a: \u771f\u7684\u4e00\u6ef4\u90fd\u4e0d\u5269\u5566|Sludge Bomb|p1a: Salazzle\n|-resisted|p1a: Salazzle\n|-damage|p1a: Salazzle|56\/100\n|-enditem|p1a: Salazzle|Air Balloon\n|\n|-damage|p2a: \u771f\u7684\u4e00\u6ef4\u90fd\u4e0d\u5269\u5566|37\/100 tox|[from] psn\n|upkeep\n|turn|6\n|\n|t:|1700201587\n|switch|p2a: Dragapult|Dragapult, M|100\/100\n|move|p1a: Salazzle|Endure||[still]\n|-fail|p1a: Salazzle\n|\n|upkeep\n|turn|7\n|\n|t:|1700201597\n|move|p2a: Dragapult|Draco Meteor|p1a: Salazzle\n|-damage|p1a: Salazzle|0 fnt\n|-unboost|p2a: Dragapult|spa|2\n|faint|p1a: Salazzle\n|\n|upkeep\n|\n|t:|1700201608\n|switch|p1a: Great Tusk|Great Tusk|100\/100\n|-damage|p1a: Great Tusk|98\/100|[from] Stealth Rock\n|turn|8\n|\n|t:|1700201612\n|move|p2a: Dragapult|Draco Meteor|p1a: Great Tusk\n|-damage|p1a: Great Tusk|58\/100\n|-unboost|p2a: Dragapult|spa|2\n|move|p1a: Great Tusk|Rapid Spin|p2a: Dragapult\n|-immune|p2a: Dragapult\n|\n|-heal|p1a: Great Tusk|64\/100|[from] item: Leftovers\n|upkeep\n|turn|9\n|\n|t:|1700201619\n|move|p2a: Dragapult|U-turn|p1a: Great Tusk\n|-resisted|p1a: Great Tusk\n|-damage|p1a: Great Tusk|58\/100\n|\n|t:|1700201628\n|switch|p2a: \u771f\u7684\u4e00\u6ef4\u90fd\u4e0d\u5269\u5566|Glimmora, F|37\/100 tox|[from] U-turn\n|move|p1a: Great Tusk|Knock Off|p2a: \u771f\u7684\u4e00\u6ef4\u90fd\u4e0d\u5269\u5566\n|-damage|p2a: \u771f\u7684\u4e00\u6ef4\u90fd\u4e0d\u5269\u5566|0 fnt\n|-activate|p2a: \u771f\u7684\u4e00\u6ef4\u90fd\u4e0d\u5269\u5566|ability: Toxic Debris\n|-sidestart|p1: Progamerxxx412|move: Toxic Spikes\n|-enditem|p2a: \u771f\u7684\u4e00\u6ef4\u90fd\u4e0d\u5269\u5566|Focus Sash|[from] move: Knock Off|[of] p1a: Great Tusk\n|faint|p2a: \u771f\u7684\u4e00\u6ef4\u90fd\u4e0d\u5269\u5566\n|\n|-heal|p1a: Great Tusk|64\/100|[from] item: Leftovers\n|upkeep\n|\n|t:|1700201653\n|switch|p2a: Barraskewda|Barraskewda, F, shiny|100\/100\n|turn|10\n|\n|t:|1700201683\n|move|p2a: Barraskewda|Liquidation|p1a: Great Tusk\n|-supereffective|p1a: Great Tusk\n|-crit|p1a: Great Tusk\n|-damage|p1a: Great Tusk|0 fnt\n|faint|p1a: Great Tusk\n|-end|p1a: Great Tusk|Protosynthesis|[silent]\n|-damage|p2a: Barraskewda|91\/100|[from] item: Life Orb\n|\n|upkeep\n|inactive|Progamerxxx412 has 120 seconds left.\n|\n|t:|1700201710\n|switch|p1a: Thundurus|Thundurus-Therian, M|43\/100\n|-damage|p1a: Thundurus|19\/100|[from] Stealth Rock\n|turn|11\n|\n|t:|1700201721\n|switch|p2a: Dragapult|Dragapult, M|100\/100\n|move|p1a: Thundurus|Thunderbolt|p2a: Dragapult\n|-resisted|p2a: Dragapult\n|-damage|p2a: Dragapult|42\/100\n|\n|upkeep\n|turn|12\n|\n|t:|1700201728\n|move|p2a: Dragapult|U-turn|p1a: Thundurus\n|-resisted|p1a: Thundurus\n|-crit|p1a: Thundurus\n|-damage|p1a: Thundurus|0 fnt\n|faint|p1a: Thundurus\n|\n|t:|1700201732\n|switch|p2a: \u6e23\u6e23\u7269\u8010|Pelipper, F|100\/100|[from] U-turn\n|-weather|RainDance|[from] ability: Drizzle|[of] p2a: \u6e23\u6e23\u7269\u8010\n|\n|-weather|RainDance|[upkeep]\n|upkeep\n|inactive|Progamerxxx412 has 120 seconds left.\n|\n|t:|1700201744\n|switch|p1a: Gholdengo|Gholdengo|100\/100\n|-damage|p1a: Gholdengo|94\/100|[from] Stealth Rock\n|turn|13\n|\n|t:|1700201750\n|move|p1a: Gholdengo|Nasty Plot|p1a: Gholdengo\n|-boost|p1a: Gholdengo|spa|2\n|move|p2a: \u6e23\u6e23\u7269\u8010|Surf|p1a: Gholdengo\n|-damage|p1a: Gholdengo|13\/100\n|\n|-weather|RainDance|[upkeep]\n|-heal|p1a: Gholdengo|19\/100|[from] item: Leftovers\n|upkeep\n|turn|14\n|\n|t:|1700201759\n|switch|p2a: Dragapult|Dragapult, M|42\/100\n|move|p1a: Gholdengo|Shadow Ball|p2a: Dragapult\n|-supereffective|p2a: Dragapult\n|-damage|p2a: Dragapult|0 fnt\n|faint|p2a: Dragapult\n|\n|-weather|RainDance|[upkeep]\n|-heal|p1a: Gholdengo|25\/100|[from] item: Leftovers\n|upkeep\n|\n|t:|1700201774\n|switch|p2a: Barraskewda|Barraskewda, F, shiny|91\/100\n|turn|15\n|\n|t:|1700201781\n|move|p2a: Barraskewda|Liquidation|p1a: Gholdengo\n|-crit|p1a: Gholdengo\n|-damage|p1a: Gholdengo|0 fnt\n|faint|p1a: Gholdengo\n|-damage|p2a: Barraskewda|81\/100|[from] item: Life Orb\n|\n|-weather|RainDance|[upkeep]\n|upkeep\n|\n|t:|1700201786\n|switch|p1a: Iron Valiant|Iron Valiant|100\/100\n|-damage|p1a: Iron Valiant|94\/100|[from] Stealth Rock\n|-status|p1a: Iron Valiant|psn\n|turn|16\n|\n|t:|1700201789\n|move|p2a: Barraskewda|Liquidation|p1a: Iron Valiant\n|-damage|p1a: Iron Valiant|0 fnt\n|faint|p1a: Iron Valiant\n|-end|p1a: Iron Valiant|Quark Drive|[silent]\n|-damage|p2a: Barraskewda|71\/100|[from] item: Life Orb\n|\n|-weather|none\n|upkeep\n|\n|t:|1700201791\n|switch|p1a: Kingambit|Kingambit, F|100\/100\n|-damage|p1a: Kingambit|94\/100|[from] Stealth Rock\n|-activate|p1a: Kingambit|ability: Supreme Overlord\n|-start|p1a: Kingambit|fallen5|[silent]\n|turn|17\n|\n|t:|1700201795\n|move|p2a: Barraskewda|Close Combat|p1a: Kingambit\n|-supereffective|p1a: Kingambit\n|-damage|p1a: Kingambit|0 fnt\n|-unboost|p2a: Barraskewda|def|1\n|-unboost|p2a: Barraskewda|spd|1\n|faint|p1a: Kingambit\n|-end|p1a: Kingambit|fallen5|[silent]\n|-damage|p2a: Barraskewda|61\/100|[from] item: Life Orb\n|\n|win|keykiko\n|raw|Progamerxxx412's rating: 1266 &rarr; <strong>1241<\/strong><br \/>(-25 for losing)\n|raw|keykiko's rating: 1268 &rarr; <strong>1293<\/strong><br \/>(+25 for winning)\n","uploadtime":1700201830,"views":8,"p1id":"progamerxxx412","p2id":"keykiko","formatid":"gen9ou","rating":1241,"private":0,"password":""}