{"id":"gen9ou-1994306780","p1":"Zucccchini1","p2":"BOX CRUSHER","format":"[Gen 9] OU","log":"|j|\u2606Zucccchini1\n|j|\u2606BOX CRUSHER\n|t:|1700429312\n|gametype|singles\n|player|p1|Zucccchini1|winona|1320\n|player|p2|BOX CRUSHER|ruinmaniac|1356\n|teamsize|p1|6\n|teamsize|p2|6\n|gen|9\n|tier|[Gen 9] OU\n|rated|\n|rule|Sleep Clause Mod: Limit one foe put to sleep\n|rule|Species Clause: Limit one of each Pok\u00e9mon\n|rule|OHKO Clause: OHKO moves are banned\n|rule|Evasion Items Clause: Evasion items are banned\n|rule|Evasion Moves Clause: Evasion moves are banned\n|rule|Endless Battle Clause: Forcing endless battles is banned\n|rule|HP Percentage Mod: HP is shown in percentages\n|clearpoke\n|poke|p1|Ting-Lu|\n|poke|p1|Alomomola, M|\n|poke|p1|Iron Moth|\n|poke|p1|Enamorus, F|\n|poke|p1|Maushold|\n|poke|p1|Rillaboom, F|\n|poke|p2|Bronzong|\n|poke|p2|Clefable, F|\n|poke|p2|Weezing-Galar, F|\n|poke|p2|Gholdengo|\n|poke|p2|Tatsugiri, M|\n|poke|p2|Ting-Lu|\n|teampreview\n|\n|t:|1700429328\n|start\n|switch|p1a: Maushold|Maushold|100\/100\n|switch|p2a: Weezing|Weezing-Galar, F|100\/100\n|turn|1\n|\n|t:|1700429349\n|switch|p1a: Iron Moth|Iron Moth|100\/100\n|-enditem|p1a: Iron Moth|Booster Energy\n|-activate|p1a: Iron Moth|ability: Quark Drive|[fromitem]\n|-start|p1a: Iron Moth|quarkdrivespe\n|switch|p2a: Gholdengo|Gholdengo|100\/100\n|\n|upkeep\n|turn|2\n|\n|t:|1700429356\n|switch|p2a: Ting-Lu|Ting-Lu|100\/100\n|-ability|p2a: Ting-Lu|Vessel of Ruin\n|move|p1a: Iron Moth|Fiery Dance|p2a: Ting-Lu\n|-damage|p2a: Ting-Lu|74\/100\n|\n|-heal|p2a: Ting-Lu|80\/100|[from] item: Leftovers\n|upkeep\n|turn|3\n|\n|t:|1700429363\n|move|p1a: Iron Moth|Substitute|p1a: Iron Moth\n|-start|p1a: Iron Moth|Substitute\n|-damage|p1a: Iron Moth|76\/100\n|move|p2a: Ting-Lu|Spikes|p1a: Iron Moth\n|-sidestart|p1: Zucccchini1|Spikes\n|\n|-heal|p2a: Ting-Lu|86\/100|[from] item: Leftovers\n|upkeep\n|turn|4\n|\n|t:|1700429366\n|move|p1a: Iron Moth|Fiery Dance|p2a: Ting-Lu\n|-damage|p2a: Ting-Lu|62\/100\n|move|p2a: Ting-Lu|Whirlwind|p1a: Iron Moth\n|-end|p1a: Iron Moth|Quark Drive|[silent]\n|drag|p1a: Ting-Lu|Ting-Lu|100\/100\n|-damage|p1a: Ting-Lu|88\/100|[from] Spikes\n|-ability|p1a: Ting-Lu|Vessel of Ruin\n|\n|-heal|p1a: Ting-Lu|94\/100|[from] item: Leftovers\n|-heal|p2a: Ting-Lu|68\/100|[from] item: Leftovers\n|upkeep\n|turn|5\n|\n|t:|1700429371\n|move|p1a: Ting-Lu|Spikes|p2a: Ting-Lu\n|-sidestart|p2: BOX CRUSHER|Spikes\n|move|p2a: Ting-Lu|Spikes|p1a: Ting-Lu\n|-sidestart|p1: Zucccchini1|Spikes\n|\n|-heal|p1a: Ting-Lu|100\/100|[from] item: Leftovers\n|-heal|p2a: Ting-Lu|74\/100|[from] item: Leftovers\n|upkeep\n|turn|6\n|\n|t:|1700429375\n|move|p2a: Ting-Lu|Spikes|p1a: Ting-Lu\n|-sidestart|p1: Zucccchini1|Spikes\n|move|p1a: Ting-Lu|Spikes|p2a: Ting-Lu\n|-sidestart|p2: BOX CRUSHER|Spikes\n|\n|-heal|p2a: Ting-Lu|81\/100|[from] item: Leftovers\n|upkeep\n|turn|7\n|inactive|Battle timer is ON: inactive players will automatically lose when time's up. (requested by Zucccchini1)\n|\n|t:|1700429386\n|switch|p2a: Tatsugiri|Tatsugiri, M|100\/100\n|move|p1a: Ting-Lu|Whirlwind|p2a: Tatsugiri\n|drag|p2a: Bronzong|Bronzong|100\/100\n|\n|upkeep\n|turn|8\n|\n|t:|1700429392\n|switch|p1a: Maushold|Maushold|100\/100\n|-damage|p1a: Maushold|76\/100|[from] Spikes\n|move|p2a: Bronzong|Stealth Rock|p1a: Maushold\n|-sidestart|p1: Zucccchini1|move: Stealth Rock\n|\n|upkeep\n|turn|9\n|\n|t:|1700429429\n|switch|p2a: Gholdengo|Gholdengo|100\/100\n|-damage|p2a: Gholdengo|84\/100|[from] Spikes\n|move|p1a: Maushold|Tidy Up|p1a: Maushold\n|-sideend|p1: Zucccchini1|Spikes\n|-sideend|p1: Zucccchini1|Stealth Rock\n|-sideend|p2: BOX CRUSHER|Spikes\n|-activate|p1a: Maushold|move: Tidy Up\n|-boost|p1a: Maushold|atk|1\n|-boost|p1a: Maushold|spe|1\n|\n|upkeep\n|turn|10\n|\n|t:|1700429445\n|move|p1a: Maushold|Bite|p2a: Gholdengo\n|-supereffective|p2a: Gholdengo\n|-damage|p2a: Gholdengo|16\/100\n|move|p2a: Gholdengo|Make It Rain|p1a: Maushold\n|-damage|p1a: Maushold|0 fnt\n|-unboost|p2a: Gholdengo|spa|1\n|faint|p1a: Maushold\n|\n|upkeep\n|\n|t:|1700429450\n|switch|p1a: Iron Moth|Iron Moth|76\/100\n|turn|11\n|\n|t:|1700429457\n|switch|p2a: Ting-Lu|Ting-Lu|81\/100\n|-ability|p2a: Ting-Lu|Vessel of Ruin\n|move|p1a: Iron Moth|Fiery Dance|p2a: Ting-Lu\n|-damage|p2a: Ting-Lu|57\/100\n|\n|-heal|p2a: Ting-Lu|63\/100|[from] item: Leftovers\n|upkeep\n|turn|12\n|\n|t:|1700429464\n|move|p1a: Iron Moth|Substitute|p1a: Iron Moth\n|-start|p1a: Iron Moth|Substitute\n|-damage|p1a: Iron Moth|51\/100\n|move|p2a: Ting-Lu|Spikes|p1a: Iron Moth\n|-sidestart|p1: Zucccchini1|Spikes\n|\n|-heal|p2a: Ting-Lu|69\/100|[from] item: Leftovers\n|upkeep\n|turn|13\n|\n|t:|1700429473\n|move|p1a: Iron Moth|Energy Ball|p2a: Ting-Lu\n|-supereffective|p2a: Ting-Lu\n|-damage|p2a: Ting-Lu|36\/100\n|move|p2a: Ting-Lu|Spikes|p1a: Iron Moth\n|-sidestart|p1: Zucccchini1|Spikes\n|\n|-heal|p2a: Ting-Lu|42\/100|[from] item: Leftovers\n|upkeep\n|turn|14\n|\n|t:|1700429477\n|move|p1a: Iron Moth|Energy Ball|p2a: Ting-Lu\n|-supereffective|p2a: Ting-Lu\n|-damage|p2a: Ting-Lu|2\/100\n|move|p2a: Ting-Lu|Whirlwind|p1a: Iron Moth\n|-end|p1a: Iron Moth|Quark Drive|[silent]\n|drag|p1a: Alomomola|Alomomola, M|100\/100\n|-damage|p1a: Alomomola|84\/100|[from] Spikes\n|\n|-heal|p2a: Ting-Lu|8\/100|[from] item: Leftovers\n|upkeep\n|turn|15\n|\n|t:|1700429483\n|switch|p2a: Tatsugiri|Tatsugiri, M|100\/100\n|move|p1a: Alomomola|Scald|p2a: Tatsugiri\n|-ability|p2a: Tatsugiri|Storm Drain|boost\n|-boost|p2a: Tatsugiri|spa|1\n|\n|upkeep\n|turn|16\n|\n|t:|1700429491\n|switch|p1a: Rillaboom|Rillaboom, F|100\/100\n|-damage|p1a: Rillaboom|84\/100|[from] Spikes\n|-fieldstart|move: Grassy Terrain|[from] ability: Grassy Surge|[of] p1a: Rillaboom\n|move|p2a: Tatsugiri|Rapid Spin|p1a: Rillaboom\n|-damage|p1a: Rillaboom|78\/100\n|-boost|p2a: Tatsugiri|spe|1\n|\n|-heal|p1a: Rillaboom|84\/100|[from] Grassy Terrain\n|upkeep\n|turn|17\n|\n|t:|1700429497\n|switch|p2a: Weezing|Weezing-Galar, F|100\/100\n|move|p1a: Rillaboom|Grassy Glide|p2a: Weezing\n|-resisted|p2a: Weezing\n|-damage|p2a: Weezing|81\/100\n|\n|-heal|p1a: Rillaboom|90\/100|[from] Grassy Terrain\n|-heal|p2a: Weezing|87\/100|[from] item: Black Sludge\n|upkeep\n|turn|18\n|\n|t:|1700429505\n|switch|p1a: Iron Moth|Iron Moth|51\/100\n|-damage|p1a: Iron Moth|34\/100|[from] Spikes\n|move|p2a: Weezing|Toxic Spikes|p1a: Iron Moth\n|-sidestart|p1: Zucccchini1|move: Toxic Spikes\n|\n|-heal|p1a: Iron Moth|40\/100|[from] Grassy Terrain\n|-heal|p2a: Weezing|93\/100|[from] item: Black Sludge\n|upkeep\n|turn|19\n|\n|t:|1700429523\n|switch|p2a: Ting-Lu|Ting-Lu|8\/100\n|-ability|p2a: Ting-Lu|Vessel of Ruin\n|move|p1a: Iron Moth|Substitute|p1a: Iron Moth\n|-start|p1a: Iron Moth|Substitute\n|-damage|p1a: Iron Moth|15\/100\n|\n|-heal|p1a: Iron Moth|21\/100|[from] Grassy Terrain\n|-heal|p2a: Ting-Lu|15\/100|[from] Grassy Terrain\n|-heal|p2a: Ting-Lu|21\/100|[from] item: Leftovers\n|upkeep\n|turn|20\n|\n|t:|1700429545\n|switch|p2a: Bronzong|Bronzong|100\/100\n|move|p1a: Iron Moth|Fiery Dance|p2a: Bronzong\n|-supereffective|p2a: Bronzong\n|-damage|p2a: Bronzong|45\/100\n|\n|-heal|p1a: Iron Moth|27\/100|[from] Grassy Terrain\n|-heal|p2a: Bronzong|52\/100|[from] item: Leftovers\n|-fieldend|move: Grassy Terrain\n|upkeep\n|turn|21\n|inactive|BOX CRUSHER has 120 seconds left.\n|\n|t:|1700429562\n|-terastallize|p2a: Bronzong|Ghost\n|move|p1a: Iron Moth|Fiery Dance|p2a: Bronzong\n|-damage|p2a: Bronzong|26\/100\n|move|p2a: Bronzong|Psychic|p1a: Iron Moth\n|-supereffective|p1a: Iron Moth\n|-end|p1a: Iron Moth|Substitute\n|\n|-heal|p2a: Bronzong|32\/100|[from] item: Leftovers\n|upkeep\n|turn|22\n|\n|t:|1700429588\n|-end|p1a: Iron Moth|Quark Drive|[silent]\n|switch|p1a: Alomomola|Alomomola, M|100\/100\n|-damage|p1a: Alomomola|84\/100|[from] Spikes\n|-status|p1a: Alomomola|psn\n|move|p2a: Bronzong|Psychic|p1a: Alomomola\n|-damage|p1a: Alomomola|53\/100 psn\n|-enditem|p1a: Alomomola|Red Card|[of] p2a: Bronzong\n|drag|p2a: Weezing|Weezing-Galar, F|93\/100\n|\n|-heal|p2a: Weezing|99\/100|[from] item: Black Sludge\n|-damage|p1a: Alomomola|40\/100 psn|[from] psn\n|upkeep\n|turn|23\n|\n|t:|1700429594\n|switch|p2a: Tatsugiri|Tatsugiri, M|100\/100\n|move|p1a: Alomomola|Flip Turn|p2a: Tatsugiri\n|-ability|p2a: Tatsugiri|Storm Drain|boost\n|-boost|p2a: Tatsugiri|spa|1\n|\n|-damage|p1a: Alomomola|28\/100 psn|[from] psn\n|upkeep\n|turn|24\n|\n|t:|1700429600\n|switch|p1a: Enamorus|Enamorus, F|100\/100\n|move|p2a: Tatsugiri|Draco Meteor|p1a: Enamorus\n|-immune|p1a: Enamorus\n|\n|upkeep\n|turn|25\n|\n|t:|1700429611\n|switch|p2a: Bronzong|Bronzong, tera:Ghost|32\/100\n|move|p1a: Enamorus|Healing Wish|p1a: Enamorus\n|faint|p1a: Enamorus\n|\n|-heal|p2a: Bronzong|38\/100|[from] item: Leftovers\n|upkeep\n|\n|t:|1700429614\n|switch|p1a: Iron Moth|Iron Moth|27\/100\n|-heal|p1a: Iron Moth|100\/100|[from] move: Healing Wish\n|-damage|p1a: Iron Moth|84\/100|[from] Spikes\n|-sideend|p1: Zucccchini1|move: Toxic Spikes|[of] p1a: Iron Moth\n|turn|26\n|\n|t:|1700429626\n|-terastallize|p1a: Iron Moth|Grass\n|move|p1a: Iron Moth|Fiery Dance|p2a: Bronzong\n|-crit|p2a: Bronzong\n|-damage|p2a: Bronzong|0 fnt\n|-boost|p1a: Iron Moth|spa|1\n|faint|p2a: Bronzong\n|\n|upkeep\n|\n|t:|1700429643\n|switch|p2a: Clefable|Clefable, F|100\/100\n|turn|27\n|\n|t:|1700429660\n|move|p1a: Iron Moth|Substitute|p1a: Iron Moth\n|-start|p1a: Iron Moth|Substitute\n|-damage|p1a: Iron Moth|59\/100\n|move|p2a: Clefable|Ice Beam|p1a: Iron Moth\n|-supereffective|p1a: Iron Moth\n|-end|p1a: Iron Moth|Substitute\n|\n|upkeep\n|turn|28\n|\n|t:|1700429667\n|move|p1a: Iron Moth|Sludge Wave|p2a: Clefable\n|-supereffective|p2a: Clefable\n|-damage|p2a: Clefable|9\/100\n|move|p2a: Clefable|Ice Beam|p1a: Iron Moth\n|-supereffective|p1a: Iron Moth\n|-damage|p1a: Iron Moth|7\/100\n|\n|upkeep\n|turn|29\n|\n|t:|1700429677\n|move|p1a: Iron Moth|Fiery Dance|p2a: Clefable\n|-damage|p2a: Clefable|0 fnt\n|-boost|p1a: Iron Moth|spa|1\n|faint|p2a: Clefable\n|\n|upkeep\n|\n|t:|1700429678\n|switch|p2a: Gholdengo|Gholdengo|16\/100\n|turn|30\n|\n|t:|1700429698\n|move|p2a: Gholdengo|Shadow Ball|p1a: Iron Moth\n|-damage|p1a: Iron Moth|0 fnt\n|faint|p1a: Iron Moth\n|-end|p1a: Iron Moth|Quark Drive|[silent]\n|\n|upkeep\n|\n|t:|1700429700\n|switch|p1a: Rillaboom|Rillaboom, F|90\/100\n|-damage|p1a: Rillaboom|74\/100|[from] Spikes\n|-fieldstart|move: Grassy Terrain|[from] ability: Grassy Surge|[of] p1a: Rillaboom\n|turn|31\n|\n|t:|1700429712\n|switch|p2a: Weezing|Weezing-Galar, F|99\/100\n|move|p1a: Rillaboom|Knock Off|p2a: Weezing\n|-resisted|p2a: Weezing\n|-damage|p2a: Weezing|80\/100\n|-enditem|p2a: Weezing|Black Sludge|[from] move: Knock Off|[of] p1a: Rillaboom\n|\n|-heal|p1a: Rillaboom|80\/100|[from] Grassy Terrain\n|upkeep\n|turn|32\n|\n|t:|1700429718\n|switch|p1a: Alomomola|Alomomola, M|61\/100 psn\n|-damage|p1a: Alomomola|45\/100 psn|[from] Spikes\n|move|p2a: Weezing|Toxic Spikes|p1a: Alomomola\n|-sidestart|p1: Zucccchini1|move: Toxic Spikes\n|\n|-heal|p1a: Alomomola|51\/100 psn|[from] Grassy Terrain\n|-damage|p1a: Alomomola|39\/100 psn|[from] psn\n|upkeep\n|turn|33\n|\n|t:|1700429725\n|switch|p2a: Tatsugiri|Tatsugiri, M|100\/100\n|move|p1a: Alomomola|Wish|p1a: Alomomola\n|\n|-heal|p1a: Alomomola|45\/100 psn|[from] Grassy Terrain\n|-damage|p1a: Alomomola|32\/100 psn|[from] psn\n|upkeep\n|turn|34\n|\n|t:|1700429741\n|switch|p1a: Rillaboom|Rillaboom, F|80\/100\n|-damage|p1a: Rillaboom|63\/100|[from] Spikes\n|-status|p1a: Rillaboom|psn\n|move|p2a: Tatsugiri|Draco Meteor|p1a: Rillaboom\n|-damage|p1a: Rillaboom|0 fnt\n|-unboost|p2a: Tatsugiri|spa|2\n|faint|p1a: Rillaboom\n|\n|upkeep\n|\n|t:|1700429744\n|switch|p1a: Ting-Lu|Ting-Lu|100\/100\n|-damage|p1a: Ting-Lu|84\/100|[from] Spikes\n|-status|p1a: Ting-Lu|psn\n|-ability|p1a: Ting-Lu|Vessel of Ruin\n|turn|35\n|\n|t:|1700429757\n|move|p2a: Tatsugiri|Nasty Plot|p2a: Tatsugiri\n|-boost|p2a: Tatsugiri|spa|2\n|move|p1a: Ting-Lu|Earthquake|p2a: Tatsugiri\n|-damage|p2a: Tatsugiri|64\/100\n|\n|-heal|p2a: Tatsugiri|71\/100|[from] Grassy Terrain\n|-heal|p1a: Ting-Lu|90\/100 psn|[from] Grassy Terrain\n|-heal|p1a: Ting-Lu|96\/100 psn|[from] item: Leftovers\n|-damage|p1a: Ting-Lu|84\/100 psn|[from] psn\n|-fieldend|move: Grassy Terrain\n|upkeep\n|turn|36\n|\n|t:|1700429763\n|move|p2a: Tatsugiri|Surf|p1a: Ting-Lu\n|-supereffective|p1a: Ting-Lu\n|-damage|p1a: Ting-Lu|44\/100 psn\n|move|p1a: Ting-Lu|Whirlwind|p2a: Tatsugiri\n|drag|p2a: Ting-Lu|Ting-Lu|21\/100\n|-ability|p2a: Ting-Lu|Vessel of Ruin\n|\n|-heal|p1a: Ting-Lu|50\/100 psn|[from] item: Leftovers\n|-heal|p2a: Ting-Lu|27\/100|[from] item: Leftovers\n|-damage|p1a: Ting-Lu|38\/100 psn|[from] psn\n|upkeep\n|turn|37\n|-message|Zucccchini1 forfeited.\n|\n|win|BOX CRUSHER\n|raw|Zucccchini1's rating: 1320 &rarr; <strong>1302<\/strong><br \/>(-18 for losing)\n|raw|BOX CRUSHER's rating: 1356 &rarr; <strong>1374<\/strong><br \/>(+18 for winning)\n|l|\u2606Zucccchini1\n","uploadtime":1700429773,"views":7,"p1id":"zucccchini1","p2id":"boxcrusher","formatid":"gen9ou","rating":1302,"private":0,"password":""}