{"id":"gen9ou-1995517708","p1":"Luca1087","p2":"Doubleedged9527","format":"[Gen 9] OU","log":"|j|\u2606Luca1087\n|j|\u2606Doubleedged9527\n|t:|1700579110\n|gametype|singles\n|player|p1|Luca1087|170|1246\n|player|p2|Doubleedged9527|101|1173\n|teamsize|p1|6\n|teamsize|p2|6\n|gen|9\n|tier|[Gen 9] OU\n|rated|\n|rule|Sleep Clause Mod: Limit one foe put to sleep\n|rule|Species Clause: Limit one of each Pok\u00e9mon\n|rule|OHKO Clause: OHKO moves are banned\n|rule|Evasion Items Clause: Evasion items are banned\n|rule|Evasion Moves Clause: Evasion moves are banned\n|rule|Endless Battle Clause: Forcing endless battles is banned\n|rule|HP Percentage Mod: HP is shown in percentages\n|clearpoke\n|poke|p1|Barraskewda, M|\n|poke|p1|Pelipper, M|\n|poke|p1|Maushold|\n|poke|p1|Ceruledge, M|\n|poke|p1|Amoonguss, M|\n|poke|p1|Polteageist|\n|poke|p2|Alomomola, F|\n|poke|p2|Gholdengo|\n|poke|p2|Dragonite, M|\n|poke|p2|Cinderace, F|\n|poke|p2|Toxapex, F|\n|poke|p2|Landorus-Therian, M|\n|teampreview\n|\n|t:|1700579118\n|start\n|switch|p1a: Maushold|Maushold, shiny|100\/100\n|switch|p2a: Dragonite|Dragonite, M|100\/100\n|turn|1\n|\n|t:|1700579124\n|move|p1a: Maushold|Tidy Up|p1a: Maushold\n|-boost|p1a: Maushold|atk|1\n|-boost|p1a: Maushold|spe|1\n|move|p2a: Dragonite|Roost||[still]\n|-fail|p2a: Dragonite|heal\n|\n|upkeep\n|turn|2\n|\n|t:|1700579134\n|-terastallize|p2a: Dragonite|Steel\n|move|p1a: Maushold|Population Bomb|p2a: Dragonite\n|-resisted|p2a: Dragonite\n|-damage|p2a: Dragonite|97\/100\n|-damage|p1a: Maushold|84\/100|[from] item: Rocky Helmet|[of] p2a: Dragonite\n|-resisted|p2a: Dragonite\n|-damage|p2a: Dragonite|90\/100\n|-damage|p1a: Maushold|67\/100|[from] item: Rocky Helmet|[of] p2a: Dragonite\n|-resisted|p2a: Dragonite\n|-damage|p2a: Dragonite|83\/100\n|-damage|p1a: Maushold|51\/100|[from] item: Rocky Helmet|[of] p2a: Dragonite\n|-resisted|p2a: Dragonite\n|-damage|p2a: Dragonite|77\/100\n|-damage|p1a: Maushold|34\/100|[from] item: Rocky Helmet|[of] p2a: Dragonite\n|-resisted|p2a: Dragonite\n|-damage|p2a: Dragonite|70\/100\n|-damage|p1a: Maushold|17\/100|[from] item: Rocky Helmet|[of] p2a: Dragonite\n|-resisted|p2a: Dragonite\n|-damage|p2a: Dragonite|63\/100\n|-damage|p1a: Maushold|1\/100|[from] item: Rocky Helmet|[of] p2a: Dragonite\n|-resisted|p2a: Dragonite\n|-damage|p2a: Dragonite|56\/100\n|-damage|p1a: Maushold|0 fnt|[from] item: Rocky Helmet|[of] p2a: Dragonite\n|faint|p1a: Maushold\n|-hitcount|p2a: Dragonite|7\n|move|p2a: Dragonite|Roost|p2a: Dragonite\n|-heal|p2a: Dragonite|100\/100\n|\n|upkeep\n|\n|t:|1700579141\n|switch|p1a: Ceruledge|Ceruledge, M, shiny|100\/100\n|turn|3\n|c|\u2606Doubleedged9527|lol\n|c|\u2606Luca1087|YE RIP\n|c|\u2606Luca1087|ik it too\n|\n|t:|1700579170\n|switch|p2a: Toxapex|Toxapex, F|100\/100\n|move|p1a: Ceruledge|Swords Dance|p1a: Ceruledge\n|-boost|p1a: Ceruledge|atk|2\n|\n|upkeep\n|turn|4\n|c|\u2606Luca1087|but i was like what if it isnt rocky helmet\n|\n|t:|1700579180\n|move|p1a: Ceruledge|Swords Dance|p1a: Ceruledge\n|-boost|p1a: Ceruledge|atk|2\n|move|p2a: Toxapex|Haze|p2a: Toxapex\n|-clearallboost\n|\n|upkeep\n|turn|5\n|\n|t:|1700579186\n|move|p1a: Ceruledge|Shadow Claw|p2a: Toxapex\n|-damage|p2a: Toxapex|70\/100\n|move|p2a: Toxapex|Toxic|p1a: Ceruledge\n|-status|p1a: Ceruledge|tox\n|\n|-heal|p2a: Toxapex|76\/100|[from] item: Black Sludge\n|-damage|p1a: Ceruledge|94\/100 tox|[from] psn\n|upkeep\n|turn|6\n|\n|t:|1700579199\n|switch|p1a: Amoonguss|Amoonguss, M, shiny|100\/100\n|move|p2a: Toxapex|Recover|p2a: Toxapex\n|-heal|p2a: Toxapex|100\/100\n|\n|upkeep\n|turn|7\n|\n|t:|1700579207\n|switch|p2a: Landorus|Landorus-Therian, M|100\/100\n|-ability|p2a: Landorus|Intimidate|boost\n|-unboost|p1a: Amoonguss|atk|1\n|move|p1a: Amoonguss|Spore|p2a: Landorus\n|-status|p2a: Landorus|slp|[from] move: Spore\n|\n|upkeep\n|turn|8\n|\n|t:|1700579218\n|switch|p2a: Gholdengo|Gholdengo|100\/100\n|move|p1a: Amoonguss|Substitute|p1a: Amoonguss\n|-start|p1a: Amoonguss|Substitute\n|-damage|p1a: Amoonguss|76\/100\n|\n|-heal|p1a: Amoonguss|82\/100|[from] item: Leftovers\n|upkeep\n|turn|9\n|\n|t:|1700579226\n|move|p2a: Gholdengo|Shadow Ball|p1a: Amoonguss\n|-end|p1a: Amoonguss|Substitute\n|move|p1a: Amoonguss|Energy Ball|p2a: Gholdengo\n|-resisted|p2a: Gholdengo\n|-damage|p2a: Gholdengo|79\/100\n|\n|-heal|p1a: Amoonguss|88\/100|[from] item: Leftovers\n|upkeep\n|turn|10\n|\n|t:|1700579235\n|move|p2a: Gholdengo|Shadow Ball|p1a: Amoonguss\n|-crit|p1a: Amoonguss\n|-damage|p1a: Amoonguss|0 fnt\n|faint|p1a: Amoonguss\n|\n|upkeep\n|\n|t:|1700579240\n|switch|p1a: Ceruledge|Ceruledge, M, shiny|94\/100 tox\n|turn|11\n|\n|t:|1700579244\n|switch|p2a: Toxapex|Toxapex, F|100\/100\n|move|p1a: Ceruledge|Shadow Sneak|p2a: Toxapex\n|-damage|p2a: Toxapex|84\/100\n|\n|-heal|p2a: Toxapex|90\/100|[from] item: Black Sludge\n|-damage|p1a: Ceruledge|88\/100 tox|[from] psn\n|upkeep\n|turn|12\n|\n|t:|1700579257\n|switch|p1a: Polteageist|Polteageist, shiny|100\/100\n|switch|p2a: Landorus|Landorus-Therian, M|100\/100 slp\n|-ability|p2a: Landorus|Intimidate|boost\n|-unboost|p1a: Polteageist|atk|1\n|-enditem|p1a: Polteageist|White Herb\n|-clearnegativeboost|p1a: Polteageist|[silent]\n|\n|upkeep\n|turn|13\n|\n|t:|1700579277\n|switch|p2a: Dragonite|Dragonite, M, tera:Steel|100\/100\n|move|p1a: Polteageist|Shell Smash|p1a: Polteageist\n|-unboost|p1a: Polteageist|def|1\n|-unboost|p1a: Polteageist|spd|1\n|-boost|p1a: Polteageist|atk|2\n|-boost|p1a: Polteageist|spa|2\n|-boost|p1a: Polteageist|spe|2\n|\n|upkeep\n|turn|14\n|\n|t:|1700579287\n|move|p1a: Polteageist|Shadow Ball|p2a: Dragonite\n|-damage|p2a: Dragonite|59\/100\n|move|p2a: Dragonite|Heat Wave|p1a: Polteageist\n|-damage|p1a: Polteageist|54\/100\n|\n|upkeep\n|turn|15\n|\n|t:|1700579295\n|move|p1a: Polteageist|Shadow Ball|p2a: Dragonite\n|-damage|p2a: Dragonite|0 fnt\n|faint|p2a: Dragonite\n|\n|upkeep\n|\n|t:|1700579307\n|switch|p2a: Cinderace|Cinderace, F|100\/100\n|turn|16\n|\n|t:|1700579311\n|-terastallize|p1a: Polteageist|Psychic\n|move|p1a: Polteageist|Stored Power|p2a: Cinderace\n|-enditem|p2a: Cinderace|Focus Sash\n|-damage|p2a: Cinderace|1\/100\n|move|p2a: Cinderace|Pyro Ball|p1a: Polteageist\n|-damage|p1a: Polteageist|0 fnt\n|faint|p1a: Polteageist\n|\n|upkeep\n|\n|t:|1700579319\n|switch|p1a: Ceruledge|Ceruledge, M, shiny|88\/100 tox\n|turn|17\n|\n|t:|1700579328\n|switch|p2a: Toxapex|Toxapex, F|100\/100\n|move|p1a: Ceruledge|Swords Dance|p1a: Ceruledge\n|-boost|p1a: Ceruledge|atk|2\n|\n|-damage|p1a: Ceruledge|82\/100 tox|[from] psn\n|upkeep\n|turn|18\n|\n|t:|1700579335\n|move|p1a: Ceruledge|Shadow Claw|p2a: Toxapex\n|-damage|p2a: Toxapex|43\/100\n|move|p2a: Toxapex|Haze|p2a: Toxapex\n|-clearallboost\n|\n|-heal|p2a: Toxapex|49\/100|[from] item: Black Sludge\n|-damage|p1a: Ceruledge|70\/100 tox|[from] psn\n|upkeep\n|turn|19\n|\n|t:|1700579344\n|move|p1a: Ceruledge|Shadow Claw|p2a: Toxapex\n|-damage|p2a: Toxapex|17\/100\n|move|p2a: Toxapex|Recover|p2a: Toxapex\n|-heal|p2a: Toxapex|67\/100\n|\n|-heal|p2a: Toxapex|73\/100|[from] item: Black Sludge\n|-damage|p1a: Ceruledge|51\/100 tox|[from] psn\n|upkeep\n|turn|20\n|\n|t:|1700579353\n|switch|p1a: Pelipper|Pelipper, M, shiny|100\/100\n|-weather|RainDance|[from] ability: Drizzle|[of] p1a: Pelipper\n|move|p2a: Toxapex|Recover|p2a: Toxapex\n|-heal|p2a: Toxapex|100\/100\n|\n|-weather|RainDance|[upkeep]\n|upkeep\n|turn|21\n|\n|t:|1700579362\n|move|p1a: Pelipper|Hurricane|p2a: Toxapex\n|-damage|p2a: Toxapex|73\/100\n|move|p2a: Toxapex|Toxic|p1a: Pelipper\n|-status|p1a: Pelipper|tox\n|\n|-weather|RainDance|[upkeep]\n|-heal|p2a: Toxapex|79\/100|[from] item: Black Sludge\n|-damage|p1a: Pelipper|94\/100 tox|[from] psn\n|upkeep\n|turn|22\n|\n|t:|1700579374\n|move|p2a: Toxapex|Baneful Bunker|p2a: Toxapex\n|-singleturn|p2a: Toxapex|move: Protect\n|move|p1a: Pelipper|Hurricane|p2a: Toxapex\n|-activate|p2a: Toxapex|move: Protect\n|\n|-weather|RainDance|[upkeep]\n|-heal|p2a: Toxapex|85\/100|[from] item: Black Sludge\n|-damage|p1a: Pelipper|82\/100 tox|[from] psn\n|upkeep\n|turn|23\n|\n|t:|1700579386\n|switch|p2a: Alomomola|Alomomola, F|100\/100\n|move|p1a: Pelipper|U-turn|p2a: Alomomola\n|-damage|p2a: Alomomola|95\/100\n|\n|t:|1700579390\n|switch|p1a: Barraskewda|Barraskewda, M, shiny|100\/100|[from] U-turn\n|\n|-weather|RainDance|[upkeep]\n|-heal|p2a: Alomomola|100\/100|[from] item: Leftovers\n|upkeep\n|turn|24\n|\n|t:|1700579400\n|move|p1a: Barraskewda|Liquidation|p2a: Alomomola\n|-resisted|p2a: Alomomola\n|-damage|p2a: Alomomola|66\/100\n|-unboost|p2a: Alomomola|def|1\n|move|p2a: Alomomola|Scald|p1a: Barraskewda\n|-resisted|p1a: Barraskewda\n|-damage|p1a: Barraskewda|77\/100\n|\n|-weather|RainDance|[upkeep]\n|-heal|p2a: Alomomola|72\/100|[from] item: Leftovers\n|upkeep\n|turn|25\n|\n|t:|1700579409\n|move|p2a: Alomomola|Protect|p2a: Alomomola\n|-singleturn|p2a: Alomomola|Protect\n|move|p1a: Barraskewda|Liquidation|p2a: Alomomola\n|-activate|p2a: Alomomola|move: Protect\n|\n|-weather|RainDance|[upkeep]\n|-heal|p2a: Alomomola|78\/100|[from] item: Leftovers\n|upkeep\n|turn|26\n|\n|t:|1700579418\n|switch|p2a: Toxapex|Toxapex, F|100\/100\n|move|p1a: Barraskewda|Liquidation|p2a: Toxapex\n|-resisted|p2a: Toxapex\n|-damage|p2a: Toxapex|59\/100\n|\n|-weather|RainDance|[upkeep]\n|-heal|p2a: Toxapex|65\/100|[from] item: Black Sludge\n|upkeep\n|turn|27\n|\n|t:|1700579427\n|switch|p1a: Ceruledge|Ceruledge, M, shiny|51\/100 tox\n|move|p2a: Toxapex|Baneful Bunker||[still]\n|-fail|p2a: Toxapex\n|\n|-weather|none\n|-heal|p2a: Toxapex|71\/100|[from] item: Black Sludge\n|-damage|p1a: Ceruledge|45\/100 tox|[from] psn\n|upkeep\n|turn|28\n|\n|t:|1700579439\n|move|p1a: Ceruledge|Swords Dance|p1a: Ceruledge\n|-boost|p1a: Ceruledge|atk|2\n|move|p2a: Toxapex|Recover|p2a: Toxapex\n|-heal|p2a: Toxapex|100\/100\n|\n|-damage|p1a: Ceruledge|33\/100 tox|[from] psn\n|upkeep\n|turn|29\n|\n|t:|1700579448\n|move|p1a: Ceruledge|Shadow Claw|p2a: Toxapex\n|-damage|p2a: Toxapex|41\/100\n|move|p2a: Toxapex|Haze|p2a: Toxapex\n|-clearallboost\n|\n|-heal|p2a: Toxapex|47\/100|[from] item: Black Sludge\n|-damage|p1a: Ceruledge|14\/100 tox|[from] psn\n|upkeep\n|turn|30\n|\n|t:|1700579458\n|move|p2a: Toxapex|Baneful Bunker|p2a: Toxapex\n|-singleturn|p2a: Toxapex|move: Protect\n|move|p1a: Ceruledge|Shadow Claw|p2a: Toxapex\n|-activate|p2a: Toxapex|move: Protect\n|\n|-heal|p2a: Toxapex|53\/100|[from] item: Black Sludge\n|-damage|p1a: Ceruledge|0 fnt|[from] psn\n|faint|p1a: Ceruledge\n|upkeep\n|\n|t:|1700579462\n|switch|p1a: Pelipper|Pelipper, M, shiny|82\/100 tox\n|-weather|RainDance|[from] ability: Drizzle|[of] p1a: Pelipper\n|turn|31\n|\n|t:|1700579471\n|switch|p2a: Alomomola|Alomomola, F|100\/100\n|move|p1a: Pelipper|Hurricane|p2a: Alomomola\n|-damage|p2a: Alomomola|58\/100\n|\n|-weather|RainDance|[upkeep]\n|-heal|p2a: Alomomola|65\/100|[from] item: Leftovers\n|-damage|p1a: Pelipper|76\/100 tox|[from] psn\n|upkeep\n|turn|32\n|\n|t:|1700579480\n|move|p1a: Pelipper|Hurricane|p2a: Alomomola\n|-damage|p2a: Alomomola|20\/100\n|move|p2a: Alomomola|Wish|p2a: Alomomola\n|\n|-weather|RainDance|[upkeep]\n|-heal|p2a: Alomomola|26\/100|[from] item: Leftovers\n|-damage|p1a: Pelipper|64\/100 tox|[from] psn\n|upkeep\n|turn|33\n|\n|t:|1700579491\n|switch|p1a: Barraskewda|Barraskewda, M, shiny|77\/100\n|move|p2a: Alomomola|Protect||[still]\n|-fail|p2a: Alomomola\n|\n|-weather|RainDance|[upkeep]\n|-heal|p2a: Alomomola|76\/100|[from] move: Wish|[wisher] Alomomola\n|-heal|p2a: Alomomola|82\/100|[from] item: Leftovers\n|upkeep\n|turn|34\n|\n|t:|1700579499\n|move|p1a: Barraskewda|Liquidation|p2a: Alomomola\n|-resisted|p2a: Alomomola\n|-damage|p2a: Alomomola|49\/100\n|-unboost|p2a: Alomomola|def|1\n|move|p2a: Alomomola|Scald|p1a: Barraskewda\n|-resisted|p1a: Barraskewda\n|-damage|p1a: Barraskewda|54\/100\n|\n|-weather|RainDance|[upkeep]\n|-heal|p2a: Alomomola|55\/100|[from] item: Leftovers\n|upkeep\n|turn|35\n|\n|t:|1700579509\n|move|p2a: Alomomola|Protect|p2a: Alomomola\n|-singleturn|p2a: Alomomola|Protect\n|move|p1a: Barraskewda|Liquidation|p2a: Alomomola\n|-activate|p2a: Alomomola|move: Protect\n|\n|-weather|RainDance|[upkeep]\n|-heal|p2a: Alomomola|61\/100|[from] item: Leftovers\n|upkeep\n|turn|36\n|\n|t:|1700579518\n|switch|p2a: Toxapex|Toxapex, F|86\/100\n|move|p1a: Barraskewda|Liquidation|p2a: Toxapex\n|-resisted|p2a: Toxapex\n|-damage|p2a: Toxapex|45\/100\n|\n|-weather|RainDance|[upkeep]\n|-heal|p2a: Toxapex|51\/100|[from] item: Black Sludge\n|upkeep\n|turn|37\n|\n|t:|1700579527\n|move|p2a: Toxapex|Baneful Bunker|p2a: Toxapex\n|-singleturn|p2a: Toxapex|move: Protect\n|move|p1a: Barraskewda|Liquidation|p2a: Toxapex\n|-activate|p2a: Toxapex|move: Protect\n|-status|p1a: Barraskewda|psn\n|\n|-weather|RainDance|[upkeep]\n|-heal|p2a: Toxapex|57\/100|[from] item: Black Sludge\n|-damage|p1a: Barraskewda|42\/100 psn|[from] psn\n|upkeep\n|turn|38\n|\n|t:|1700579537\n|move|p1a: Barraskewda|Liquidation|p2a: Toxapex\n|-resisted|p2a: Toxapex\n|-damage|p2a: Toxapex|15\/100\n|move|p2a: Toxapex|Recover|p2a: Toxapex\n|-heal|p2a: Toxapex|65\/100\n|\n|-weather|none\n|-heal|p2a: Toxapex|71\/100|[from] item: Black Sludge\n|-damage|p1a: Barraskewda|30\/100 psn|[from] psn\n|upkeep\n|turn|39\n|\n|t:|1700579546\n|switch|p1a: Pelipper|Pelipper, M, shiny|64\/100 tox\n|-weather|RainDance|[from] ability: Drizzle|[of] p1a: Pelipper\n|move|p2a: Toxapex|Baneful Bunker||[still]\n|-fail|p2a: Toxapex\n|\n|-weather|RainDance|[upkeep]\n|-heal|p2a: Toxapex|77\/100|[from] item: Black Sludge\n|-damage|p1a: Pelipper|58\/100 tox|[from] psn\n|upkeep\n|turn|40\n|\n|t:|1700579558\n|switch|p2a: Alomomola|Alomomola, F|95\/100\n|move|p1a: Pelipper|Hurricane|p2a: Alomomola\n|-damage|p2a: Alomomola|49\/100\n|-start|p2a: Alomomola|confusion\n|\n|-weather|RainDance|[upkeep]\n|-heal|p2a: Alomomola|55\/100|[from] item: Leftovers\n|-damage|p1a: Pelipper|46\/100 tox|[from] psn\n|upkeep\n|turn|41\n|\n|t:|1700579567\n|-activate|p2a: Alomomola|confusion\n|-damage|p2a: Alomomola|52\/100|[from] confusion\n|move|p1a: Pelipper|Hurricane|p2a: Alomomola\n|-damage|p2a: Alomomola|7\/100\n|\n|-weather|RainDance|[upkeep]\n|-heal|p2a: Alomomola|13\/100|[from] item: Leftovers\n|-damage|p1a: Pelipper|27\/100 tox|[from] psn\n|upkeep\n|turn|42\n|\n|t:|1700579576\n|-end|p2a: Alomomola|confusion\n|move|p2a: Alomomola|Protect|p2a: Alomomola\n|-singleturn|p2a: Alomomola|Protect\n|move|p1a: Pelipper|U-turn|p2a: Alomomola\n|-activate|p2a: Alomomola|move: Protect\n|\n|-weather|RainDance|[upkeep]\n|-heal|p2a: Alomomola|19\/100|[from] item: Leftovers\n|-damage|p1a: Pelipper|3\/100 tox|[from] psn\n|upkeep\n|turn|43\n|\n|t:|1700579587\n|switch|p2a: Cinderace|Cinderace, F|1\/100\n|move|p1a: Pelipper|Hurricane|p2a: Cinderace\n|-damage|p2a: Cinderace|0 fnt\n|faint|p2a: Cinderace\n|\n|-weather|RainDance|[upkeep]\n|-damage|p1a: Pelipper|0 fnt|[from] psn\n|faint|p1a: Pelipper\n|upkeep\n|-message|Luca1087 forfeited.\n|\n|win|Doubleedged9527\n|raw|Luca1087's rating: 1246 &rarr; <strong>1216<\/strong><br \/>(-30 for losing)\n|raw|Doubleedged9527's rating: 1173 &rarr; <strong>1203<\/strong><br \/>(+30 for winning)\n|l|\u2606Luca1087\n","uploadtime":1700579651,"views":13,"p1id":"luca1087","p2id":"doubleedged9527","formatid":"gen9ou","rating":1203,"private":0,"password":""}