{"id":"gen9ou-1996168380","p1":"Manjack","p2":"Mister_ttar","format":"[Gen 9] OU","log":"|j|\u2606Manjack\n|j|\u2606Mister_ttar\n|t:|1700654226\n|gametype|singles\n|player|p1|Manjack|preschooler|1567\n|player|p2|Mister_ttar|tateandliza-gen6|1609\n|teamsize|p1|6\n|teamsize|p2|6\n|gen|9\n|tier|[Gen 9] OU\n|rated|\n|rule|Sleep Clause Mod: Limit one foe put to sleep\n|rule|Species Clause: Limit one of each Pok\u00e9mon\n|rule|OHKO Clause: OHKO moves are banned\n|rule|Evasion Items Clause: Evasion items are banned\n|rule|Evasion Moves Clause: Evasion moves are banned\n|rule|Endless Battle Clause: Forcing endless battles is banned\n|rule|HP Percentage Mod: HP is shown in percentages\n|clearpoke\n|poke|p1|Ogerpon, F|\n|poke|p1|Garganacl, F|\n|poke|p1|Dachsbun, F|\n|poke|p1|Landorus-Therian, M|\n|poke|p1|Rotom-Wash|\n|poke|p1|Clodsire, M|\n|poke|p2|Ceruledge, F|\n|poke|p2|Zamazenta-*|\n|poke|p2|Thundurus-Therian, M|\n|poke|p2|Kingambit, F|\n|poke|p2|Great Tusk|\n|poke|p2|Toxapex, F|\n|teampreview\n|c|\u2606Manjack|Glhf\n|\n|t:|1700654235\n|start\n|switch|p1a: Landorus|Landorus-Therian, M|100\/100\n|switch|p2a: Great Tusk|Great Tusk|100\/100\n|-ability|p1a: Landorus|Intimidate|boost\n|-unboost|p2a: Great Tusk|atk|1\n|turn|1\n|\n|t:|1700654240\n|switch|p1a: Rotom|Rotom-Wash|100\/100\n|move|p2a: Great Tusk|Knock Off|p1a: Rotom\n|-damage|p1a: Rotom|86\/100\n|-enditem|p1a: Rotom|Leftovers|[from] move: Knock Off|[of] p2a: Great Tusk\n|\n|upkeep\n|turn|2\n|\n|t:|1700654247\n|-end|p2a: Great Tusk|Protosynthesis|[silent]\n|switch|p2a: Toxapex|Toxapex, F|100\/100\n|move|p1a: Rotom|Volt Switch|p2a: Toxapex\n|-supereffective|p2a: Toxapex\n|-damage|p2a: Toxapex|75\/100\n|\n|t:|1700654249\n|switch|p1a: Landorus|Landorus-Therian, M|100\/100|[from] Volt Switch\n|-ability|p1a: Landorus|Intimidate|boost\n|-unboost|p2a: Toxapex|atk|1\n|\n|upkeep\n|turn|3\n|\n|t:|1700654255\n|switch|p2a: Great Tusk|Great Tusk|100\/100\n|move|p1a: Landorus|Sandsear Storm|p2a: Great Tusk\n|-damage|p2a: Great Tusk|56\/100\n|-status|p2a: Great Tusk|brn\n|\n|-heal|p2a: Great Tusk|62\/100 brn|[from] item: Leftovers\n|-damage|p2a: Great Tusk|56\/100 brn|[from] brn\n|upkeep\n|turn|4\n|\n|t:|1700654265\n|switch|p1a: Rotom|Rotom-Wash|86\/100\n|move|p2a: Great Tusk|Stealth Rock|p1a: Rotom\n|-sidestart|p1: Manjack|move: Stealth Rock\n|\n|-heal|p2a: Great Tusk|62\/100 brn|[from] item: Leftovers\n|-damage|p2a: Great Tusk|56\/100 brn|[from] brn\n|upkeep\n|turn|5\n|\n|t:|1700654272\n|-end|p2a: Great Tusk|Protosynthesis|[silent]\n|switch|p2a: Toxapex|Toxapex, F|100\/100\n|move|p1a: Rotom|Hydro Pump|p2a: Toxapex\n|-resisted|p2a: Toxapex\n|-damage|p2a: Toxapex|89\/100\n|\n|upkeep\n|turn|6\n|\n|t:|1700654283\n|move|p1a: Rotom|Volt Switch|p2a: Toxapex\n|-supereffective|p2a: Toxapex\n|-damage|p2a: Toxapex|59\/100\n|j| Riyad Mahrez\n|\n|t:|1700654285\n|switch|p1a: Garganacl|Garganacl, F|100\/100|[from] Volt Switch\n|-damage|p1a: Garganacl|88\/100|[from] Stealth Rock\n|move|p2a: Toxapex|Surf|p1a: Garganacl\n|-supereffective|p1a: Garganacl\n|-damage|p1a: Garganacl|39\/100\n|\n|-heal|p1a: Garganacl|45\/100|[from] item: Leftovers\n|upkeep\n|turn|7\n|\n|t:|1700654292\n|switch|p1a: Ogerpon|Ogerpon, F|100\/100\n|-damage|p1a: Ogerpon|88\/100|[from] Stealth Rock\n|move|p2a: Toxapex|Surf|p1a: Ogerpon\n|-resisted|p1a: Ogerpon\n|-damage|p1a: Ogerpon|75\/100\n|\n|-heal|p1a: Ogerpon|81\/100|[from] item: Leftovers\n|upkeep\n|turn|8\n|\n|t:|1700654296\n|move|p1a: Ogerpon|Swords Dance|p1a: Ogerpon\n|-boost|p1a: Ogerpon|atk|2\n|move|p2a: Toxapex|Sludge Bomb|p1a: Ogerpon\n|-supereffective|p1a: Ogerpon\n|-damage|p1a: Ogerpon|19\/100\n|\n|-heal|p1a: Ogerpon|25\/100|[from] item: Leftovers\n|upkeep\n|turn|9\n|\n|t:|1700654305\n|switch|p2a: Zamazenta|Zamazenta|100\/100\n|-ability|p2a: Zamazenta|Dauntless Shield|boost\n|-boost|p2a: Zamazenta|def|1\n|move|p1a: Ogerpon|Horn Leech|p2a: Zamazenta\n|-damage|p2a: Zamazenta|60\/100\n|-heal|p1a: Ogerpon|47\/100|[from] drain|[of] p2a: Zamazenta\n|\n|-heal|p2a: Zamazenta|66\/100|[from] item: Leftovers\n|-heal|p1a: Ogerpon|53\/100|[from] item: Leftovers\n|upkeep\n|turn|10\n|\n|t:|1700654315\n|move|p2a: Zamazenta|Body Press|p1a: Ogerpon\n|-damage|p1a: Ogerpon|1\/100\n|move|p1a: Ogerpon|Knock Off|p2a: Zamazenta\n|-resisted|p2a: Zamazenta\n|-damage|p2a: Zamazenta|50\/100\n|-enditem|p2a: Zamazenta|Leftovers|[from] move: Knock Off|[of] p1a: Ogerpon\n|\n|-heal|p1a: Ogerpon|7\/100|[from] item: Leftovers\n|upkeep\n|turn|11\n|\n|t:|1700654322\n|move|p2a: Zamazenta|Body Press|p1a: Ogerpon\n|-damage|p1a: Ogerpon|0 fnt\n|faint|p1a: Ogerpon\n|\n|upkeep\n|\n|t:|1700654328\n|switch|p1a: Clodsire|Clodsire, M|100\/100\n|-damage|p1a: Clodsire|94\/100|[from] Stealth Rock\n|turn|12\n|\n|t:|1700654336\n|move|p2a: Zamazenta|Substitute|p2a: Zamazenta\n|-start|p2a: Zamazenta|Substitute\n|-damage|p2a: Zamazenta|25\/100\n|move|p1a: Clodsire|Toxic||[still]\n|-fail|p1a: Clodsire\n|\n|-heal|p1a: Clodsire|100\/100|[from] item: Leftovers\n|upkeep\n|turn|13\n|\n|t:|1700654340\n|move|p2a: Zamazenta|Body Press|p1a: Clodsire\n|-resisted|p1a: Clodsire\n|-damage|p1a: Clodsire|81\/100\n|move|p1a: Clodsire|Earthquake|p2a: Zamazenta\n|-activate|p2a: Zamazenta|move: Substitute|[damage]\n|\n|-heal|p1a: Clodsire|87\/100|[from] item: Leftovers\n|upkeep\n|turn|14\n|\n|t:|1700654345\n|move|p2a: Zamazenta|Iron Defense|p2a: Zamazenta\n|-boost|p2a: Zamazenta|def|2\n|move|p1a: Clodsire|Poison Jab|p2a: Zamazenta\n|-end|p2a: Zamazenta|Substitute\n|\n|-heal|p1a: Clodsire|93\/100|[from] item: Leftovers\n|upkeep\n|turn|15\n|\n|t:|1700654348\n|move|p2a: Zamazenta|Body Press|p1a: Clodsire\n|-resisted|p1a: Clodsire\n|-damage|p1a: Clodsire|76\/100\n|move|p1a: Clodsire|Earthquake|p2a: Zamazenta\n|-damage|p2a: Zamazenta|6\/100\n|\n|-heal|p1a: Clodsire|82\/100|[from] item: Leftovers\n|upkeep\n|turn|16\n|\n|t:|1700654352\n|move|p2a: Zamazenta|Body Press|p1a: Clodsire\n|-resisted|p1a: Clodsire\n|-damage|p1a: Clodsire|63\/100\n|move|p1a: Clodsire|Poison Jab|p2a: Zamazenta\n|-damage|p2a: Zamazenta|0 fnt\n|faint|p2a: Zamazenta\n|\n|-heal|p1a: Clodsire|69\/100|[from] item: Leftovers\n|upkeep\n|\n|t:|1700654357\n|switch|p2a: Toxapex|Toxapex, F|92\/100\n|turn|17\n|\n|t:|1700654363\n|move|p2a: Toxapex|Infestation|p1a: Clodsire\n|-resisted|p1a: Clodsire\n|-damage|p1a: Clodsire|68\/100\n|-activate|p1a: Clodsire|move: Infestation|[of] p2a: Toxapex\n|move|p1a: Clodsire|Recover|p1a: Clodsire\n|-heal|p1a: Clodsire|100\/100\n|\n|-damage|p1a: Clodsire|88\/100|[from] move: Infestation|[partiallytrapped]\n|upkeep\n|turn|18\n|\n|t:|1700654368\n|move|p2a: Toxapex|Surf|p1a: Clodsire\n|-supereffective|p1a: Clodsire\n|-damage|p1a: Clodsire|58\/100\n|move|p1a: Clodsire|Earthquake|p2a: Toxapex\n|-supereffective|p2a: Toxapex\n|-damage|p2a: Toxapex|46\/100\n|\n|-heal|p1a: Clodsire|64\/100|[from] item: Leftovers\n|-damage|p1a: Clodsire|52\/100|[from] move: Infestation|[partiallytrapped]\n|upkeep\n|turn|19\n|\n|t:|1700654373\n|move|p2a: Toxapex|Surf|p1a: Clodsire\n|-supereffective|p1a: Clodsire\n|-damage|p1a: Clodsire|23\/100\n|move|p1a: Clodsire|Recover|p1a: Clodsire\n|-heal|p1a: Clodsire|73\/100\n|\n|-heal|p1a: Clodsire|79\/100|[from] item: Leftovers\n|-damage|p1a: Clodsire|67\/100|[from] move: Infestation|[partiallytrapped]\n|upkeep\n|turn|20\n|\n|t:|1700654381\n|switch|p2a: Great Tusk|Great Tusk|56\/100 brn\n|move|p1a: Clodsire|Earthquake|p2a: Great Tusk\n|-damage|p2a: Great Tusk|42\/100 brn\n|\n|-heal|p2a: Great Tusk|48\/100 brn|[from] item: Leftovers\n|-heal|p1a: Clodsire|73\/100|[from] item: Leftovers\n|-damage|p2a: Great Tusk|42\/100 brn|[from] brn\n|-end|p1a: Clodsire|Infestation|[partiallytrapped]|[silent]\n|upkeep\n|turn|21\n|\n|t:|1700654386\n|switch|p1a: Dachsbun|Dachsbun, F|100\/100\n|-damage|p1a: Dachsbun|88\/100|[from] Stealth Rock\n|move|p2a: Great Tusk|Knock Off|p1a: Dachsbun\n|-resisted|p1a: Dachsbun\n|-damage|p1a: Dachsbun|82\/100\n|-enditem|p1a: Dachsbun|Leftovers|[from] move: Knock Off|[of] p2a: Great Tusk\n|\n|-heal|p2a: Great Tusk|48\/100 brn|[from] item: Leftovers\n|-damage|p2a: Great Tusk|42\/100 brn|[from] brn\n|upkeep\n|turn|22\n|\n|t:|1700654390\n|-end|p2a: Great Tusk|Protosynthesis|[silent]\n|switch|p2a: Toxapex|Toxapex, F|80\/100\n|move|p1a: Dachsbun|Copycat|p1a: Dachsbun\n|move|p1a: Dachsbun|Knock Off|p2a: Toxapex|[from]move: Copycat\n|-damage|p2a: Toxapex|65\/100\n|-enditem|p2a: Toxapex|Assault Vest|[from] move: Knock Off|[of] p1a: Dachsbun\n|\n|upkeep\n|turn|23\n|\n|t:|1700654395\n|switch|p1a: Clodsire|Clodsire, M|73\/100\n|-damage|p1a: Clodsire|67\/100|[from] Stealth Rock\n|move|p2a: Toxapex|Sludge Bomb|p1a: Clodsire\n|-resisted|p1a: Clodsire\n|-damage|p1a: Clodsire|63\/100\n|\n|-heal|p1a: Clodsire|69\/100|[from] item: Leftovers\n|upkeep\n|turn|24\n|\n|t:|1700654399\n|move|p2a: Toxapex|Surf|p1a: Clodsire\n|-supereffective|p1a: Clodsire\n|-damage|p1a: Clodsire|38\/100\n|move|p1a: Clodsire|Earthquake|p2a: Toxapex\n|-supereffective|p2a: Toxapex\n|-damage|p2a: Toxapex|24\/100\n|\n|-heal|p1a: Clodsire|44\/100|[from] item: Leftovers\n|upkeep\n|turn|25\n|\n|t:|1700654405\n|switch|p2a: Kingambit|Kingambit, F|100\/100\n|-activate|p2a: Kingambit|ability: Supreme Overlord\n|-start|p2a: Kingambit|fallen1|[silent]\n|move|p1a: Clodsire|Recover|p1a: Clodsire\n|-heal|p1a: Clodsire|94\/100\n|\n|-heal|p1a: Clodsire|100\/100|[from] item: Leftovers\n|upkeep\n|turn|26\n|\n|t:|1700654410\n|move|p2a: Kingambit|Kowtow Cleave|p1a: Clodsire\n|-damage|p1a: Clodsire|40\/100\n|move|p1a: Clodsire|Earthquake|p2a: Kingambit\n|-supereffective|p2a: Kingambit\n|-damage|p2a: Kingambit|57\/100\n|\n|-heal|p2a: Kingambit|63\/100|[from] item: Leftovers\n|-heal|p1a: Clodsire|46\/100|[from] item: Leftovers\n|upkeep\n|turn|27\n|\n|t:|1700654416\n|switch|p1a: Landorus|Landorus-Therian, M|100\/100\n|-damage|p1a: Landorus|88\/100|[from] Stealth Rock\n|-ability|p1a: Landorus|Intimidate|boost\n|-unboost|p2a: Kingambit|atk|1\n|move|p2a: Kingambit|Kowtow Cleave|p1a: Landorus\n|-crit|p1a: Landorus\n|-damage|p1a: Landorus|7\/100\n|\n|-heal|p1a: Landorus|13\/100|[from] item: Leftovers\n|-heal|p2a: Kingambit|69\/100|[from] item: Leftovers\n|upkeep\n|turn|28\n|\n|t:|1700654426\n|-end|p2a: Kingambit|fallen1|[silent]\n|switch|p2a: Great Tusk|Great Tusk|42\/100 brn\n|move|p1a: Landorus|Gravity|p1a: Landorus\n|-fieldstart|move: Gravity\n|\n|-heal|p1a: Landorus|19\/100|[from] item: Leftovers\n|-heal|p2a: Great Tusk|48\/100 brn|[from] item: Leftovers\n|-damage|p2a: Great Tusk|42\/100 brn|[from] brn\n|upkeep\n|turn|29\n|\n|t:|1700654433\n|move|p1a: Landorus|Sandsear Storm|p2a: Great Tusk\n|-damage|p2a: Great Tusk|0 fnt\n|faint|p2a: Great Tusk\n|-end|p2a: Great Tusk|Protosynthesis|[silent]\n|\n|-heal|p1a: Landorus|25\/100|[from] item: Leftovers\n|upkeep\n|\n|t:|1700654437\n|switch|p2a: Thundurus|Thundurus-Therian, M|100\/100\n|turn|30\n|\n|t:|1700654442\n|-terastallize|p2a: Thundurus|Flying\n|move|p2a: Thundurus|Tera Blast|p1a: Landorus|[anim] Tera Blast Flying\n|-damage|p1a: Landorus|0 fnt\n|faint|p1a: Landorus\n|\n|upkeep\n|\n|t:|1700654447\n|switch|p1a: Rotom|Rotom-Wash|86\/100\n|-damage|p1a: Rotom|74\/100|[from] Stealth Rock\n|turn|31\n|\n|t:|1700654452\n|move|p1a: Rotom|Protect|p1a: Rotom\n|-singleturn|p1a: Rotom|Protect\n|move|p2a: Thundurus|Volt Switch|p1a: Rotom\n|-activate|p1a: Rotom|move: Protect\n|\n|upkeep\n|turn|32\n|\n|t:|1700654461\n|switch|p1a: Clodsire|Clodsire, M|46\/100\n|-damage|p1a: Clodsire|40\/100|[from] Stealth Rock\n|move|p2a: Thundurus|Thunderbolt|p1a: Clodsire\n|-immune|p1a: Clodsire\n|\n|-heal|p1a: Clodsire|46\/100|[from] item: Leftovers\n|-fieldend|move: Gravity\n|upkeep\n|turn|33\n|\n|t:|1700654465\n|move|p2a: Thundurus|Tera Blast|p1a: Clodsire|[anim] Tera Blast Flying\n|-damage|p1a: Clodsire|16\/100\n|move|p1a: Clodsire|Recover|p1a: Clodsire\n|-heal|p1a: Clodsire|66\/100\n|\n|-heal|p1a: Clodsire|72\/100|[from] item: Leftovers\n|upkeep\n|turn|34\n|\n|t:|1700654472\n|switch|p2a: Kingambit|Kingambit, F|69\/100\n|-activate|p2a: Kingambit|ability: Supreme Overlord\n|-start|p2a: Kingambit|fallen2|[silent]\n|move|p1a: Clodsire|Earthquake|p2a: Kingambit\n|-supereffective|p2a: Kingambit\n|-damage|p2a: Kingambit|30\/100\n|\n|-heal|p2a: Kingambit|37\/100|[from] item: Leftovers\n|-heal|p1a: Clodsire|78\/100|[from] item: Leftovers\n|upkeep\n|turn|35\n|\n|t:|1700654479\n|switch|p1a: Dachsbun|Dachsbun, F|82\/100\n|-damage|p1a: Dachsbun|70\/100|[from] Stealth Rock\n|move|p2a: Kingambit|Kowtow Cleave|p1a: Dachsbun\n|-resisted|p1a: Dachsbun\n|-crit|p1a: Dachsbun\n|-damage|p1a: Dachsbun|28\/100\n|\n|-heal|p2a: Kingambit|43\/100|[from] item: Leftovers\n|upkeep\n|turn|36\n|\n|t:|1700654483\n|-end|p2a: Kingambit|fallen2|[silent]\n|switch|p2a: Toxapex|Toxapex, F|57\/100\n|move|p1a: Dachsbun|Protect||[still]\n|-fail|p1a: Dachsbun\n|\n|upkeep\n|turn|37\n|\n|t:|1700654495\n|move|p1a: Dachsbun|Wish|p1a: Dachsbun\n|move|p2a: Toxapex|Acid Spray|p1a: Dachsbun\n|-supereffective|p1a: Dachsbun\n|-damage|p1a: Dachsbun|2\/100\n|-unboost|p1a: Dachsbun|spd|2\n|\n|upkeep\n|turn|38\n|\n|t:|1700654502\n|switch|p1a: Rotom|Rotom-Wash|74\/100\n|-damage|p1a: Rotom|61\/100|[from] Stealth Rock\n|move|p2a: Toxapex|Surf|p1a: Rotom\n|-resisted|p1a: Rotom\n|-crit|p1a: Rotom\n|-damage|p1a: Rotom|38\/100\n|\n|-heal|p1a: Rotom|90\/100|[from] move: Wish|[wisher] Dachsbun\n|upkeep\n|turn|39\n|\n|t:|1700654508\n|switch|p2a: Thundurus|Thundurus-Therian, M, tera:Flying|100\/100\n|move|p1a: Rotom|Will-O-Wisp|p2a: Thundurus\n|-status|p2a: Thundurus|brn\n|\n|-damage|p2a: Thundurus|94\/100 brn|[from] brn\n|upkeep\n|turn|40\n|\n|t:|1700654520\n|switch|p1a: Clodsire|Clodsire, M|78\/100\n|-damage|p1a: Clodsire|72\/100|[from] Stealth Rock\n|move|p2a: Thundurus|Thunderbolt|p1a: Clodsire\n|-immune|p1a: Clodsire\n|\n|-heal|p1a: Clodsire|78\/100|[from] item: Leftovers\n|-damage|p2a: Thundurus|88\/100 brn|[from] brn\n|upkeep\n|turn|41\n|\n|t:|1700654526\n|move|p2a: Thundurus|Tera Blast|p1a: Clodsire|[anim] Tera Blast Flying\n|-damage|p1a: Clodsire|47\/100\n|move|p1a: Clodsire|Earthquake|p2a: Thundurus\n|-immune|p2a: Thundurus\n|\n|-heal|p1a: Clodsire|53\/100|[from] item: Leftovers\n|-damage|p2a: Thundurus|82\/100 brn|[from] brn\n|upkeep\n|turn|42\n|\n|t:|1700654531\n|move|p2a: Thundurus|Tera Blast|p1a: Clodsire|[anim] Tera Blast Flying\n|-damage|p1a: Clodsire|21\/100\n|move|p1a: Clodsire|Recover|p1a: Clodsire\n|-heal|p1a: Clodsire|71\/100\n|\n|-heal|p1a: Clodsire|77\/100|[from] item: Leftovers\n|-damage|p2a: Thundurus|76\/100 brn|[from] brn\n|upkeep\n|turn|43\n|\n|t:|1700654535\n|move|p2a: Thundurus|Tera Blast|p1a: Clodsire|[anim] Tera Blast Flying\n|-crit|p1a: Clodsire\n|-damage|p1a: Clodsire|25\/100\n|move|p1a: Clodsire|Poison Jab|p2a: Thundurus\n|-damage|p2a: Thundurus|44\/100 brn\n|\n|-heal|p1a: Clodsire|31\/100|[from] item: Leftovers\n|-damage|p2a: Thundurus|38\/100 brn|[from] brn\n|upkeep\n|turn|44\n|\n|t:|1700654538\n|move|p2a: Thundurus|Tera Blast|p1a: Clodsire|[anim] Tera Blast Flying\n|-damage|p1a: Clodsire|0 fnt\n|faint|p1a: Clodsire\n|\n|-damage|p2a: Thundurus|32\/100 brn|[from] brn\n|upkeep\n|\n|t:|1700654543\n|switch|p1a: Garganacl|Garganacl, F|45\/100\n|-damage|p1a: Garganacl|33\/100|[from] Stealth Rock\n|turn|45\n|\n|t:|1700654549\n|-terastallize|p1a: Garganacl|Electric\n|move|p2a: Thundurus|Thunderbolt|p1a: Garganacl\n|-resisted|p1a: Garganacl\n|-damage|p1a: Garganacl|13\/100\n|move|p1a: Garganacl|Recover|p1a: Garganacl\n|-heal|p1a: Garganacl|63\/100\n|\n|-heal|p1a: Garganacl|70\/100|[from] item: Leftovers\n|-damage|p2a: Thundurus|26\/100 brn|[from] brn\n|upkeep\n|turn|46\n|\n|t:|1700654558\n|move|p2a: Thundurus|Volt Switch|p1a: Garganacl\n|-resisted|p1a: Garganacl\n|-damage|p1a: Garganacl|55\/100\n|\n|t:|1700654565\n|switch|p2a: Toxapex|Toxapex, F|90\/100|[from] Volt Switch\n|move|p1a: Garganacl|Recover|p1a: Garganacl\n|-heal|p1a: Garganacl|100\/100\n|\n|upkeep\n|turn|47\n|\n|t:|1700654569\n|move|p1a: Garganacl|Salt Cure|p2a: Toxapex\n|-damage|p2a: Toxapex|78\/100\n|-start|p2a: Toxapex|Salt Cure\n|move|p2a: Toxapex|Acid Spray|p1a: Garganacl\n|-damage|p1a: Garganacl|90\/100\n|-unboost|p1a: Garganacl|spd|2\n|\n|-heal|p1a: Garganacl|96\/100|[from] item: Leftovers\n|-damage|p2a: Toxapex|54\/100|[from] Salt Cure\n|upkeep\n|turn|48\n|\n|t:|1700654577\n|switch|p2a: Ceruledge|Ceruledge, F|100\/100\n|switch|p1a: Rotom|Rotom-Wash|90\/100\n|-damage|p1a: Rotom|77\/100|[from] Stealth Rock\n|\n|upkeep\n|turn|49\n|\n|t:|1700654582\n|switch|p2a: Thundurus|Thundurus-Therian, M, tera:Flying|26\/100 brn\n|move|p1a: Rotom|Hydro Pump|p2a: Thundurus\n|-damage|p2a: Thundurus|0 fnt\n|faint|p2a: Thundurus\n|\n|upkeep\n|\n|t:|1700654587\n|switch|p2a: Kingambit|Kingambit, F|43\/100\n|-activate|p2a: Kingambit|ability: Supreme Overlord\n|-start|p2a: Kingambit|fallen3|[silent]\n|turn|50\n|\n|t:|1700654593\n|move|p1a: Rotom|Will-O-Wisp|p2a: Kingambit\n|-status|p2a: Kingambit|brn\n|move|p2a: Kingambit|Kowtow Cleave|p1a: Rotom\n|-damage|p1a: Rotom|54\/100\n|\n|-heal|p2a: Kingambit|49\/100 brn|[from] item: Leftovers\n|-damage|p2a: Kingambit|43\/100 brn|[from] brn\n|upkeep\n|turn|51\n|\n|t:|1700654601\n|move|p2a: Kingambit|Sucker Punch|p1a: Rotom\n|-damage|p1a: Rotom|32\/100\n|move|p1a: Rotom|Volt Switch|p2a: Kingambit\n|-damage|p2a: Kingambit|19\/100 brn\n|\n|t:|1700654603\n|switch|p1a: Garganacl|Garganacl, F, tera:Electric|96\/100|[from] Volt Switch\n|-damage|p1a: Garganacl|84\/100|[from] Stealth Rock\n|\n|-heal|p2a: Kingambit|25\/100 brn|[from] item: Leftovers\n|-heal|p1a: Garganacl|90\/100|[from] item: Leftovers\n|-damage|p2a: Kingambit|19\/100 brn|[from] brn\n|upkeep\n|turn|52\n|\n|t:|1700654609\n|-end|p2a: Kingambit|fallen3|[silent]\n|switch|p2a: Toxapex|Toxapex, F|87\/100\n|move|p1a: Garganacl|Curse|p1a: Garganacl\n|-unboost|p1a: Garganacl|spe|1\n|-boost|p1a: Garganacl|atk|1\n|-boost|p1a: Garganacl|def|1\n|\n|-heal|p1a: Garganacl|96\/100|[from] item: Leftovers\n|upkeep\n|turn|53\n|\n|t:|1700654616\n|move|p2a: Toxapex|Acid Spray|p1a: Garganacl\n|-damage|p1a: Garganacl|84\/100\n|-unboost|p1a: Garganacl|spd|2\n|move|p1a: Garganacl|Earthquake|p2a: Toxapex\n|-supereffective|p2a: Toxapex\n|-damage|p2a: Toxapex|32\/100\n|\n|-heal|p1a: Garganacl|90\/100|[from] item: Leftovers\n|upkeep\n|turn|54\n|\n|t:|1700654623\n|switch|p2a: Kingambit|Kingambit, F|19\/100 brn\n|-activate|p2a: Kingambit|ability: Supreme Overlord\n|-start|p2a: Kingambit|fallen3|[silent]\n|switch|p1a: Dachsbun|Dachsbun, F|2\/100\n|-damage|p1a: Dachsbun|0 fnt|[from] Stealth Rock\n|faint|p1a: Dachsbun\n|\n|-heal|p2a: Kingambit|25\/100 brn|[from] item: Leftovers\n|-damage|p2a: Kingambit|19\/100 brn|[from] brn\n|upkeep\n|\n|t:|1700654626\n|switch|p1a: Garganacl|Garganacl, F, tera:Electric|90\/100\n|-damage|p1a: Garganacl|78\/100|[from] Stealth Rock\n|turn|55\n|\n|t:|1700654629\n|-end|p2a: Kingambit|fallen3|[silent]\n|switch|p2a: Toxapex|Toxapex, F|65\/100\n|move|p1a: Garganacl|Curse|p1a: Garganacl\n|-unboost|p1a: Garganacl|spe|1\n|-boost|p1a: Garganacl|atk|1\n|-boost|p1a: Garganacl|def|1\n|\n|-heal|p1a: Garganacl|84\/100|[from] item: Leftovers\n|upkeep\n|turn|56\n|\n|t:|1700654635\n|move|p2a: Toxapex|Acid Spray|p1a: Garganacl\n|-damage|p1a: Garganacl|72\/100\n|-unboost|p1a: Garganacl|spd|2\n|move|p1a: Garganacl|Earthquake|p2a: Toxapex\n|-supereffective|p2a: Toxapex\n|-damage|p2a: Toxapex|7\/100\n|\n|-heal|p1a: Garganacl|78\/100|[from] item: Leftovers\n|upkeep\n|turn|57\n|\n|t:|1700654641\n|switch|p2a: Kingambit|Kingambit, F|19\/100 brn\n|-activate|p2a: Kingambit|ability: Supreme Overlord\n|-start|p2a: Kingambit|fallen3|[silent]\n|switch|p1a: Rotom|Rotom-Wash|32\/100\n|-damage|p1a: Rotom|20\/100|[from] Stealth Rock\n|\n|-heal|p2a: Kingambit|25\/100 brn|[from] item: Leftovers\n|-damage|p2a: Kingambit|19\/100 brn|[from] brn\n|upkeep\n|turn|58\n|\n|t:|1700654646\n|switch|p1a: Garganacl|Garganacl, F, tera:Electric|78\/100\n|-damage|p1a: Garganacl|66\/100|[from] Stealth Rock\n|move|p2a: Kingambit|Kowtow Cleave|p1a: Garganacl\n|-damage|p1a: Garganacl|50\/100\n|\n|-heal|p2a: Kingambit|25\/100 brn|[from] item: Leftovers\n|-heal|p1a: Garganacl|56\/100|[from] item: Leftovers\n|-damage|p2a: Kingambit|19\/100 brn|[from] brn\n|upkeep\n|turn|59\n|\n|t:|1700654649\n|-end|p2a: Kingambit|fallen3|[silent]\n|switch|p2a: Toxapex|Toxapex, F|41\/100\n|move|p1a: Garganacl|Curse|p1a: Garganacl\n|-unboost|p1a: Garganacl|spe|1\n|-boost|p1a: Garganacl|atk|1\n|-boost|p1a: Garganacl|def|1\n|\n|-heal|p1a: Garganacl|62\/100|[from] item: Leftovers\n|upkeep\n|turn|60\n|\n|t:|1700654652\n|switch|p2a: Kingambit|Kingambit, F|19\/100 brn\n|-activate|p2a: Kingambit|ability: Supreme Overlord\n|-start|p2a: Kingambit|fallen3|[silent]\n|move|p1a: Garganacl|Earthquake|p2a: Kingambit\n|-supereffective|p2a: Kingambit\n|-damage|p2a: Kingambit|0 fnt\n|faint|p2a: Kingambit\n|-end|p2a: Kingambit|fallen3|[silent]\n|\n|-heal|p1a: Garganacl|68\/100|[from] item: Leftovers\n|upkeep\n|\n|t:|1700654655\n|switch|p2a: Toxapex|Toxapex, F|74\/100\n|turn|61\n|\n|t:|1700654659\n|move|p2a: Toxapex|Acid Spray|p1a: Garganacl\n|-damage|p1a: Garganacl|56\/100\n|-unboost|p1a: Garganacl|spd|2\n|move|p1a: Garganacl|Salt Cure|p2a: Toxapex\n|-damage|p2a: Toxapex|57\/100\n|-start|p2a: Toxapex|Salt Cure\n|\n|-heal|p1a: Garganacl|62\/100|[from] item: Leftovers\n|-damage|p2a: Toxapex|33\/100|[from] Salt Cure\n|upkeep\n|turn|62\n|\n|t:|1700654670\n|move|p2a: Toxapex|Sludge Bomb|p1a: Garganacl\n|-damage|p1a: Garganacl|18\/100\n|move|p1a: Garganacl|Recover|p1a: Garganacl\n|-heal|p1a: Garganacl|68\/100\n|\n|-heal|p1a: Garganacl|74\/100|[from] item: Leftovers\n|-damage|p2a: Toxapex|8\/100|[from] Salt Cure\n|upkeep\n|turn|63\n|\n|t:|1700654675\n|switch|p2a: Ceruledge|Ceruledge, F|100\/100\n|move|p1a: Garganacl|Recover|p1a: Garganacl\n|-heal|p1a: Garganacl|100\/100\n|\n|upkeep\n|turn|64\n|\n|t:|1700654680\n|move|p2a: Ceruledge|Bulk Up|p2a: Ceruledge\n|-boost|p2a: Ceruledge|atk|1\n|-boost|p2a: Ceruledge|def|1\n|move|p1a: Garganacl|Salt Cure|p2a: Ceruledge\n|-supereffective|p2a: Ceruledge\n|-damage|p2a: Ceruledge|70\/100\n|-start|p2a: Ceruledge|Salt Cure\n|\n|-damage|p2a: Ceruledge|58\/100|[from] Salt Cure\n|upkeep\n|turn|65\n|\n|t:|1700654686\n|move|p2a: Ceruledge|Bitter Blade|p1a: Garganacl\n|-damage|p1a: Garganacl|79\/100\n|-heal|p2a: Ceruledge|70\/100|[from] drain|[of] p1a: Garganacl\n|move|p1a: Garganacl|Curse|p1a: Garganacl\n|-unboost|p1a: Garganacl|spe|1\n|-boost|p1a: Garganacl|atk|1\n|-boost|p1a: Garganacl|def|1\n|\n|-heal|p1a: Garganacl|86\/100|[from] item: Leftovers\n|-damage|p2a: Ceruledge|57\/100|[from] Salt Cure\n|upkeep\n|turn|66\n|\n|t:|1700654690\n|move|p2a: Ceruledge|Bitter Blade|p1a: Garganacl\n|-damage|p1a: Garganacl|71\/100\n|-heal|p2a: Ceruledge|66\/100|[from] drain|[of] p1a: Garganacl\n|move|p1a: Garganacl|Curse|p1a: Garganacl\n|-unboost|p1a: Garganacl|spe|1\n|-boost|p1a: Garganacl|atk|1\n|-boost|p1a: Garganacl|def|1\n|\n|-heal|p1a: Garganacl|77\/100|[from] item: Leftovers\n|-damage|p2a: Ceruledge|54\/100|[from] Salt Cure\n|upkeep\n|turn|67\n|\n|t:|1700654694\n|move|p2a: Ceruledge|Bitter Blade|p1a: Garganacl\n|-damage|p1a: Garganacl|65\/100\n|-heal|p2a: Ceruledge|60\/100|[from] drain|[of] p1a: Garganacl\n|move|p1a: Garganacl|Curse|p1a: Garganacl\n|-unboost|p1a: Garganacl|spe|1\n|-boost|p1a: Garganacl|atk|1\n|-boost|p1a: Garganacl|def|1\n|\n|-heal|p1a: Garganacl|72\/100|[from] item: Leftovers\n|-damage|p2a: Ceruledge|48\/100|[from] Salt Cure\n|upkeep\n|turn|68\n|\n|t:|1700654697\n|move|p2a: Ceruledge|Bulk Up|p2a: Ceruledge\n|-boost|p2a: Ceruledge|atk|1\n|-boost|p2a: Ceruledge|def|1\n|move|p1a: Garganacl|Earthquake|p2a: Ceruledge\n|-supereffective|p2a: Ceruledge\n|-damage|p2a: Ceruledge|0 fnt\n|faint|p2a: Ceruledge\n|\n|-heal|p1a: Garganacl|78\/100|[from] item: Leftovers\n|upkeep\n|c|\u2606Manjack|Gg\n|\n|t:|1700654702\n|switch|p2a: Toxapex|Toxapex, F|41\/100\n|turn|69\n|\n|t:|1700654705\n|move|p2a: Toxapex|Surf|p1a: Garganacl\n|-damage|p1a: Garganacl|25\/100\n|move|p1a: Garganacl|Earthquake|p2a: Toxapex\n|-supereffective|p2a: Toxapex\n|-damage|p2a: Toxapex|0 fnt\n|faint|p2a: Toxapex\n|\n|win|Manjack\n|raw|Manjack's rating: 1567 &rarr; <strong>1589<\/strong><br \/>(+22 for winning)\n|raw|Mister_ttar's rating: 1609 &rarr; <strong>1587<\/strong><br \/>(-22 for losing)\n|l|\u2606Mister_ttar\n|l|\u2606Manjack\n","uploadtime":1700654814,"views":9,"p1id":"manjack","p2id":"misterttar","formatid":"gen9ou","rating":1587,"private":0,"password":""}