{"id":"gen9ou-1990319474","p1":"Linkinprank27","p2":"Salty coco","format":"[Gen 9] OU","log":"|j|\u2606Linkinprank27\n|j|\u2606Salty coco\n|t:|1699956129\n|gametype|singles\n|player|p1|Linkinprank27|elesa|1364\n|player|p2|Salty coco|fisherman-gen4|1377\n|teamsize|p1|6\n|teamsize|p2|6\n|gen|9\n|tier|[Gen 9] OU\n|rated|\n|rule|Sleep Clause Mod: Limit one foe put to sleep\n|rule|Species Clause: Limit one of each Pok\u00e9mon\n|rule|OHKO Clause: OHKO moves are banned\n|rule|Evasion Items Clause: Evasion items are banned\n|rule|Evasion Moves Clause: Evasion moves are banned\n|rule|Endless Battle Clause: Forcing endless battles is banned\n|rule|HP Percentage Mod: HP is shown in percentages\n|clearpoke\n|poke|p1|Landorus-Therian, M|\n|poke|p1|Arcanine-Hisui, M|\n|poke|p1|Corviknight, F|\n|poke|p1|Ogerpon-Wellspring, F|\n|poke|p1|Thundurus-Therian, M|\n|poke|p1|Garchomp, F|\n|poke|p2|Ninetales-Alola, M|\n|poke|p2|Glimmora, M|\n|poke|p2|Ogerpon-Wellspring, F|\n|poke|p2|Dragapult, M|\n|poke|p2|Zapdos|\n|poke|p2|Great Tusk|\n|teampreview\n|c|\u2606Linkinprank27|Gl\n|\n|t:|1699956142\n|start\n|switch|p1a: Landorus|Landorus-Therian, M|100\/100\n|switch|p2a: Ban lightclay|Ninetales-Alola, M|100\/100\n|-weather|Snow|[from] ability: Snow Warning|[of] p2a: Ban lightclay\n|-ability|p1a: Landorus|Intimidate|boost\n|-unboost|p2a: Ban lightclay|atk|1\n|turn|1\n|\n|t:|1699956153\n|move|p2a: Ban lightclay|Aurora Veil|p2a: Ban lightclay\n|-sidestart|p2: Salty coco|move: Aurora Veil\n|move|p1a: Landorus|U-turn|p2a: Ban lightclay\n|-resisted|p2a: Ban lightclay\n|-damage|p2a: Ban lightclay|95\/100\n|\n|t:|1699956155\n|switch|p1a: Ogerpon|Ogerpon-Wellspring, F|100\/100|[from] U-turn\n|\n|-weather|Snow|[upkeep]\n|upkeep\n|turn|2\n|\n|t:|1699956162\n|move|p1a: Ogerpon|Encore|p2a: Ban lightclay\n|-start|p2a: Ban lightclay|Encore\n|move|p2a: Ban lightclay|Aurora Veil||[still]\n|-fail|p2a: Ban lightclay\n|\n|-weather|Snow|[upkeep]\n|upkeep\n|turn|3\n|\n|t:|1699956172\n|switch|p2a: Toxic spikes|Glimmora, M|100\/100\n|move|p1a: Ogerpon|Swords Dance|p1a: Ogerpon\n|-boost|p1a: Ogerpon|atk|2\n|\n|-weather|Snow|[upkeep]\n|upkeep\n|turn|4\n|\n|t:|1699956181\n|move|p1a: Ogerpon|Trailblaze|p2a: Toxic spikes\n|-damage|p2a: Toxic spikes|61\/100\n|-boost|p1a: Ogerpon|spe|1\n|-activate|p2a: Toxic spikes|ability: Toxic Debris\n|-sidestart|p1: Linkinprank27|move: Toxic Spikes\n|move|p2a: Toxic spikes|Energy Ball|p1a: Ogerpon\n|-damage|p1a: Ogerpon|67\/100\n|\n|-weather|Snow|[upkeep]\n|upkeep\n|turn|5\n|\n|t:|1699956193\n|move|p1a: Ogerpon|Ivy Cudgel|p2a: Toxic spikes|[anim] Ivy Cudgel Water\n|-supereffective|p2a: Toxic spikes\n|-crit|p2a: Toxic spikes\n|-damage|p2a: Toxic spikes|0 fnt\n|-activate|p2a: Toxic spikes|ability: Toxic Debris\n|-sidestart|p1: Linkinprank27|move: Toxic Spikes\n|faint|p2a: Toxic spikes\n|\n|-weather|none\n|-sideend|p2: Salty coco|move: Aurora Veil\n|upkeep\n|\n|t:|1699956201\n|switch|p2a: I'm vengeance|Dragapult, M, shiny|100\/100\n|turn|6\n|\n|t:|1699956207\n|-terastallize|p1a: Ogerpon|Water\n|detailschange|p1a: Ogerpon|Ogerpon-Wellspring-Tera, F, tera:Water\n|-ability|p1a: Ogerpon|Embody Aspect (Wellspring)|boost\n|-boost|p1a: Ogerpon|spd|1\n|move|p1a: Ogerpon|Ivy Cudgel|p2a: I'm vengeance|[anim] Ivy Cudgel Water\n|-resisted|p2a: I'm vengeance\n|-damage|p2a: I'm vengeance|2\/100\n|move|p2a: I'm vengeance|Dragon Darts|p1a: Ogerpon\n|-damage|p1a: Ogerpon|33\/100\n|-anim|p2a: I'm vengeance|Dragon Darts|p1a: Ogerpon\n|-damage|p1a: Ogerpon|2\/100\n|\n|upkeep\n|turn|7\n|\n|t:|1699956219\n|move|p1a: Ogerpon|Ivy Cudgel|p2a: I'm vengeance|[anim] Ivy Cudgel Water\n|-resisted|p2a: I'm vengeance\n|-damage|p2a: I'm vengeance|0 fnt\n|faint|p2a: I'm vengeance\n|\n|upkeep\n|\n|t:|1699956229\n|switch|p2a: Thor|Zapdos|100\/100\n|turn|8\n|\n|t:|1699956234\n|move|p1a: Ogerpon|Ivy Cudgel|p2a: Thor|[anim] Ivy Cudgel Water\n|-damage|p2a: Thor|0 fnt\n|faint|p2a: Thor\n|\n|upkeep\n|\n|t:|1699956239\n|switch|p2a: Zen|Ogerpon-Wellspring, F|100\/100\n|turn|9\n|\n|t:|1699956248\n|move|p1a: Ogerpon|Trailblaze|p2a: Zen\n|-damage|p2a: Zen|27\/100\n|-boost|p1a: Ogerpon|spe|1\n|move|p2a: Zen|Ivy Cudgel|p1a: Ogerpon|[anim] Ivy Cudgel Water\n|-resisted|p1a: Ogerpon\n|-crit|p1a: Ogerpon\n|-damage|p1a: Ogerpon|0 fnt\n|faint|p1a: Ogerpon\n|\n|upkeep\n|\n|t:|1699956283\n|switch|p1a: Corviknight|Corviknight, F|100\/100\n|-ability|p1a: Corviknight|Pressure\n|turn|10\n|\n|t:|1699956298\n|move|p2a: Zen|Substitute|p2a: Zen\n|-start|p2a: Zen|Substitute\n|-damage|p2a: Zen|2\/100\n|move|p1a: Corviknight|U-turn|p2a: Zen\n|-supereffective|p2a: Zen\n|-end|p2a: Zen|Substitute\n|\n|t:|1699956306\n|switch|p1a: Arcanine|Arcanine-Hisui, M|100\/100|[from] U-turn\n|-status|p1a: Arcanine|tox\n|\n|-damage|p1a: Arcanine|94\/100 tox|[from] psn\n|upkeep\n|turn|11\n|\n|t:|1699956313\n|move|p1a: Arcanine|Flare Blitz|p2a: Zen\n|-damage|p2a: Zen|0 fnt\n|faint|p2a: Zen\n|\n|-damage|p1a: Arcanine|82\/100 tox|[from] psn\n|upkeep\n|\n|t:|1699956320\n|switch|p2a: Great Tusk|Great Tusk|100\/100\n|turn|12\n|\n|t:|1699956324\n|switch|p1a: Corviknight|Corviknight, F|100\/100\n|-ability|p1a: Corviknight|Pressure\n|move|p2a: Great Tusk|Rapid Spin|p1a: Corviknight\n|-resisted|p1a: Corviknight\n|-damage|p1a: Corviknight|96\/100\n|-boost|p2a: Great Tusk|spe|1\n|-damage|p2a: Great Tusk|84\/100|[from] item: Rocky Helmet|[of] p1a: Corviknight\n|\n|upkeep\n|turn|13\n|\n|t:|1699956334\n|move|p2a: Great Tusk|Knock Off|p1a: Corviknight\n|-damage|p1a: Corviknight|77\/100\n|-damage|p2a: Great Tusk|67\/100|[from] item: Rocky Helmet|[of] p1a: Corviknight\n|-enditem|p1a: Corviknight|Rocky Helmet|[from] move: Knock Off|[of] p2a: Great Tusk\n|move|p1a: Corviknight|Brave Bird|p2a: Great Tusk\n|-supereffective|p2a: Great Tusk\n|-damage|p2a: Great Tusk|19\/100\n|-damage|p1a: Corviknight|60\/100|[from] Recoil\n|\n|upkeep\n|turn|14\n|\n|t:|1699956345\n|move|p2a: Great Tusk|Ice Spinner|p1a: Corviknight\n|-damage|p1a: Corviknight|45\/100\n|move|p1a: Corviknight|U-turn|p2a: Great Tusk\n|-resisted|p2a: Great Tusk\n|-crit|p2a: Great Tusk\n|-damage|p2a: Great Tusk|12\/100\n|\n|t:|1699956348\n|switch|p1a: Arcanine|Arcanine-Hisui, M|82\/100 tox|[from] U-turn\n|\n|-damage|p1a: Arcanine|76\/100 tox|[from] psn\n|upkeep\n|turn|15\n|\n|t:|1699956357\n|move|p1a: Arcanine|Flare Blitz|p2a: Great Tusk\n|-damage|p2a: Great Tusk|0 fnt\n|faint|p2a: Great Tusk\n|-end|p2a: Great Tusk|Protosynthesis|[silent]\n|\n|-damage|p1a: Arcanine|64\/100 tox|[from] psn\n|upkeep\n|\n|t:|1699956365\n|switch|p2a: Ban lightclay|Ninetales-Alola, M|95\/100\n|-weather|Snow|[from] ability: Snow Warning|[of] p2a: Ban lightclay\n|turn|16\n|\n|t:|1699956370\n|-terastallize|p2a: Ban lightclay|Ice\n|move|p1a: Arcanine|Flare Blitz|p2a: Ban lightclay\n|-supereffective|p2a: Ban lightclay\n|-damage|p2a: Ban lightclay|0 fnt\n|faint|p2a: Ban lightclay\n|\n|win|Linkinprank27\n|raw|Linkinprank27's rating: 1364 &rarr; <strong>1385<\/strong><br \/>(+21 for winning)\n|raw|Salty coco's rating: 1377 &rarr; <strong>1356<\/strong><br \/>(-21 for losing)\n|l|\u2606Salty coco\n|l|\u2606Linkinprank27\n|j|\u2606Linkinprank27\n|player|p1|Linkinprank27|elesa\n","uploadtime":1699956400,"views":13,"p1id":"linkinprank27","p2id":"saltycoco","formatid":"gen9ou","rating":1356,"private":0,"password":""}