{"id":"gen9ou-1992500812","p1":"on the chat","p2":"TheAtomicBonk","format":"[Gen 9] OU","log":"|j|\u2606on the chat\n|j|\u2606TheAtomicBonk\n|t:|1700195688\n|gametype|singles\n|player|p1|on the chat|265|1134\n|player|p2|TheAtomicBonk|roxie|1190\n|teamsize|p1|6\n|teamsize|p2|6\n|gen|9\n|tier|[Gen 9] OU\n|rated|\n|rule|Sleep Clause Mod: Limit one foe put to sleep\n|rule|Species Clause: Limit one of each Pok\u00e9mon\n|rule|OHKO Clause: OHKO moves are banned\n|rule|Evasion Items Clause: Evasion items are banned\n|rule|Evasion Moves Clause: Evasion moves are banned\n|rule|Endless Battle Clause: Forcing endless battles is banned\n|rule|HP Percentage Mod: HP is shown in percentages\n|clearpoke\n|poke|p1|Manaphy|\n|poke|p1|Garchomp, F|\n|poke|p1|Iron Moth|\n|poke|p1|Clefable, M|\n|poke|p1|Zapdos|\n|poke|p1|Sneasler, M|\n|poke|p2|Torkoal, F|\n|poke|p2|Walking Wake|\n|poke|p2|Great Tusk|\n|poke|p2|Sandy Shocks|\n|poke|p2|Ogerpon-Wellspring, F|\n|poke|p2|Gholdengo|\n|teampreview\n|inactive|Battle timer is ON: inactive players will automatically lose when time's up. (requested by TheAtomicBonk)\n|\n|t:|1700195696\n|start\n|switch|p1a: Sneasler|Sneasler, M|100\/100\n|switch|p2a: Here comes the sun|Torkoal, F|100\/100\n|-weather|SunnyDay|[from] ability: Drought|[of] p2a: Here comes the sun\n|turn|1\n|\n|t:|1700195704\n|move|p1a: Sneasler|Fake Out|p2a: Here comes the sun\n|-enditem|p1a: Sneasler|Normal Gem|[from] gem\n|-damage|p2a: Here comes the sun|87\/100\n|cant|p2a: Here comes the sun|flinch\n|\n|-weather|SunnyDay|[upkeep]\n|upkeep\n|turn|2\n|\n|t:|1700195710\n|move|p1a: Sneasler|Swords Dance|p1a: Sneasler\n|-boost|p1a: Sneasler|atk|2\n|move|p2a: Here comes the sun|Yawn|p1a: Sneasler\n|-start|p1a: Sneasler|move: Yawn|[of] p2a: Here comes the sun\n|\n|-weather|SunnyDay|[upkeep]\n|upkeep\n|turn|3\n|\n|t:|1700195718\n|move|p1a: Sneasler|Close Combat|p2a: Here comes the sun\n|-damage|p2a: Here comes the sun|0 fnt\n|-unboost|p1a: Sneasler|def|1\n|-unboost|p1a: Sneasler|spd|1\n|faint|p2a: Here comes the sun\n|\n|-weather|SunnyDay|[upkeep]\n|-end|p1a: Sneasler|move: Yawn|[silent]\n|-status|p1a: Sneasler|slp\n|upkeep\n|\n|t:|1700195732\n|switch|p2a: cheex|Sandy Shocks|100\/100\n|-activate|p2a: cheex|ability: Protosynthesis\n|-start|p2a: cheex|protosynthesisspa\n|turn|4\n|\n|t:|1700195745\n|cant|p1a: Sneasler|slp\n|move|p2a: cheex|Stealth Rock|p1a: Sneasler\n|-sidestart|p1: on the chat|move: Stealth Rock\n|\n|-weather|SunnyDay|[upkeep]\n|upkeep\n|turn|5\n|\n|t:|1700195751\n|cant|p1a: Sneasler|slp\n|move|p2a: cheex|Volt Switch|p1a: Sneasler\n|-damage|p1a: Sneasler|6\/100 slp\n|\n|t:|1700195763\n|-end|p2a: cheex|Protosynthesis|[silent]\n|switch|p2a: Swamp Monster|Ogerpon-Wellspring, F|100\/100|[from] Volt Switch\n|\n|-weather|SunnyDay|[upkeep]\n|upkeep\n|turn|6\n|\n|t:|1700195767\n|cant|p1a: Sneasler|slp\n|move|p2a: Swamp Monster|Trailblaze|p1a: Sneasler\n|-resisted|p1a: Sneasler\n|-damage|p1a: Sneasler|0 fnt\n|-boost|p2a: Swamp Monster|spe|1\n|faint|p1a: Sneasler\n|\n|-weather|SunnyDay|[upkeep]\n|upkeep\n|\n|t:|1700195772\n|switch|p1a: Garchomp|Garchomp, F|100\/100\n|-damage|p1a: Garchomp|94\/100|[from] Stealth Rock\n|turn|7\n|\n|t:|1700195778\n|move|p2a: Swamp Monster|Solar Blade||[still]\n|-prepare|p2a: Swamp Monster|Solar Blade\n|-anim|p2a: Swamp Monster|Solar Blade|p1a: Garchomp\n|-damage|p1a: Garchomp|44\/100\n|-damage|p2a: Swamp Monster|88\/100|[from] ability: Rough Skin|[of] p1a: Garchomp\n|-damage|p2a: Swamp Monster|72\/100|[from] item: Rocky Helmet|[of] p1a: Garchomp\n|move|p1a: Garchomp|Dragon Tail|p2a: Swamp Monster\n|-damage|p2a: Swamp Monster|37\/100\n|drag|p2a: the wizard|Walking Wake|100\/100\n|-activate|p2a: the wizard|ability: Protosynthesis\n|-start|p2a: the wizard|protosynthesisspe\n|\n|-weather|SunnyDay|[upkeep]\n|upkeep\n|turn|8\n|\n|t:|1700195797\n|move|p2a: the wizard|Hydro Steam|p1a: Garchomp\n|-damage|p1a: Garchomp|0 fnt\n|faint|p1a: Garchomp\n|\n|-weather|none\n|-end|p2a: the wizard|Protosynthesis\n|upkeep\n|\n|t:|1700195802\n|switch|p1a: Clefable|Clefable, M|100\/100\n|-damage|p1a: Clefable|88\/100|[from] Stealth Rock\n|turn|9\n|\n|t:|1700195826\n|-end|p2a: the wizard|Protosynthesis|[silent]\n|switch|p2a: Swamp Monster|Ogerpon-Wellspring, F|37\/100\n|move|p1a: Clefable|Cosmic Power|p1a: Clefable\n|-boost|p1a: Clefable|def|1\n|-boost|p1a: Clefable|spd|1\n|\n|upkeep\n|turn|10\n|\n|t:|1700195836\n|-terastallize|p2a: Swamp Monster|Water\n|detailschange|p2a: Swamp Monster|Ogerpon-Wellspring-Tera, F, tera:Water\n|-ability|p2a: Swamp Monster|Embody Aspect (Wellspring)|boost\n|-boost|p2a: Swamp Monster|spd|1\n|move|p2a: Swamp Monster|Ivy Cudgel|p1a: Clefable|[anim] Ivy Cudgel Water\n|-damage|p1a: Clefable|46\/100\n|move|p1a: Clefable|Cosmic Power|p1a: Clefable\n|-boost|p1a: Clefable|def|1\n|-boost|p1a: Clefable|spd|1\n|\n|upkeep\n|turn|11\n|\n|t:|1700195852\n|move|p2a: Swamp Monster|Ivy Cudgel|p1a: Clefable|[anim] Ivy Cudgel Water\n|-damage|p1a: Clefable|15\/100\n|move|p1a: Clefable|Rest|p1a: Clefable\n|-status|p1a: Clefable|slp|[from] move: Rest\n|-heal|p1a: Clefable|100\/100 slp|[silent]\n|-enditem|p1a: Clefable|Chesto Berry|[eat]\n|-curestatus|p1a: Clefable|slp|[msg]\n|\n|upkeep\n|turn|12\n|\n|t:|1700195861\n|move|p2a: Swamp Monster|Ivy Cudgel|p1a: Clefable|[anim] Ivy Cudgel Water\n|-damage|p1a: Clefable|69\/100\n|move|p1a: Clefable|Cosmic Power|p1a: Clefable\n|-boost|p1a: Clefable|def|1\n|-boost|p1a: Clefable|spd|1\n|\n|upkeep\n|turn|13\n|\n|t:|1700195867\n|move|p2a: Swamp Monster|Ivy Cudgel|p1a: Clefable|[anim] Ivy Cudgel Water\n|-crit|p1a: Clefable\n|-damage|p1a: Clefable|0 fnt\n|faint|p1a: Clefable\n|\n|upkeep\n|-message|on the chat forfeited.\n|\n|win|TheAtomicBonk\n|raw|on the chat's rating: 1152 &rarr; <strong>1130<\/strong><br \/>(-22 for losing)\n|raw|TheAtomicBonk's rating: 1190 &rarr; <strong>1212<\/strong><br \/>(+22 for winning)\n|l|\u2606on the chat\n","uploadtime":1700195879,"views":8,"p1id":"onthechat","p2id":"theatomicbonk","formatid":"gen9ou","rating":1130,"private":0,"password":""}