{"id":"gen9ou-1990956980","p1":"iloveyouhavefunplz","p2":"devingamer21","format":"[Gen 9] OU","log":"|j|\u2606iloveyouhavefunplz\n|j|\u2606devingamer21\n|t:|1700019629\n|gametype|singles\n|player|p1|iloveyouhavefunplz|265|\n|player|p2|devingamer21|1|\n|teamsize|p1|6\n|teamsize|p2|6\n|gen|9\n|tier|[Gen 9] OU\n|rule|Sleep Clause Mod: Limit one foe put to sleep\n|rule|Species Clause: Limit one of each Pok\u00e9mon\n|rule|OHKO Clause: OHKO moves are banned\n|rule|Evasion Items Clause: Evasion items are banned\n|rule|Evasion Moves Clause: Evasion moves are banned\n|rule|Endless Battle Clause: Forcing endless battles is banned\n|rule|HP Percentage Mod: HP is shown in percentages\n|clearpoke\n|poke|p1|Torkoal, F|\n|poke|p1|Walking Wake|\n|poke|p1|Ogerpon, F|\n|poke|p1|Skeledirge, M|\n|poke|p1|Cinderace, M|\n|poke|p1|Rillaboom, F|\n|poke|p2|Ogerpon-Cornerstone, F|\n|poke|p2|Gastrodon, F|\n|poke|p2|Kingambit, F|\n|poke|p2|Zapdos-Galar|\n|poke|p2|Iron Moth|\n|poke|p2|Mimikyu, F|\n|teampreview\n|\n|t:|1700019644\n|start\n|switch|p1a: Skeledirge|Skeledirge, M|100\/100\n|switch|p2a: Iron Moth|Iron Moth|100\/100\n|turn|1\n|\n|t:|1700019654\n|move|p1a: Skeledirge|Earth Power|p2a: Iron Moth\n|-supereffective|p2a: Iron Moth\n|-enditem|p2a: Iron Moth|Focus Sash\n|-damage|p2a: Iron Moth|1\/100\n|move|p2a: Iron Moth|Whirlwind|p1a: Skeledirge\n|drag|p1a: Rillaboom|Rillaboom, F|100\/100\n|-fieldstart|move: Grassy Terrain|[from] ability: Grassy Surge|[of] p1a: Rillaboom\n|\n|-heal|p2a: Iron Moth|7\/100|[from] Grassy Terrain\n|upkeep\n|turn|2\n|\n|t:|1700019672\n|move|p1a: Rillaboom|Grassy Glide|p2a: Iron Moth\n|-resisted|p2a: Iron Moth\n|-damage|p2a: Iron Moth|0 fnt\n|faint|p2a: Iron Moth\n|-end|p2a: Iron Moth|Quark Drive|[silent]\n|\n|upkeep\n|\n|t:|1700019690\n|switch|p2a: Zapdos|Zapdos-Galar|100\/100\n|turn|3\n|\n|t:|1700019696\n|move|p1a: Rillaboom|Grassy Glide|p2a: Zapdos\n|-resisted|p2a: Zapdos\n|-damage|p2a: Zapdos|76\/100\n|move|p2a: Zapdos|U-turn|p1a: Rillaboom\n|-supereffective|p1a: Rillaboom\n|-damage|p1a: Rillaboom|58\/100\n|-enditem|p1a: Rillaboom|Eject Button\n|\n|t:|1700019706\n|switch|p1a: Skeledirge|Skeledirge, M|100\/100\n|\n|upkeep\n|turn|4\n|\n|t:|1700019731\n|switch|p2a: Gastrodon|Gastrodon, F|100\/100\n|move|p1a: Skeledirge|Torch Song|p2a: Gastrodon\n|-resisted|p2a: Gastrodon\n|-damage|p2a: Gastrodon|89\/100\n|-boost|p1a: Skeledirge|spa|1\n|\n|-heal|p2a: Gastrodon|95\/100|[from] Grassy Terrain\n|upkeep\n|turn|5\n|\n|t:|1700019740\n|switch|p1a: Torkoal|Torkoal, F|100\/100\n|-weather|SunnyDay|[from] ability: Drought|[of] p1a: Torkoal\n|move|p2a: Gastrodon|Hydro Pump|p1a: Torkoal|[miss]\n|-miss|p2a: Gastrodon|p1a: Torkoal\n|\n|-weather|SunnyDay|[upkeep]\n|-heal|p2a: Gastrodon|100\/100|[from] Grassy Terrain\n|-fieldend|move: Grassy Terrain\n|upkeep\n|turn|6\n|\n|t:|1700019753\n|move|p2a: Gastrodon|Hydro Pump|p1a: Torkoal\n|-supereffective|p1a: Torkoal\n|-damage|p1a: Torkoal|57\/100\n|move|p1a: Torkoal|Yawn|p2a: Gastrodon\n|-start|p2a: Gastrodon|move: Yawn|[of] p1a: Torkoal\n|\n|-weather|SunnyDay|[upkeep]\n|upkeep\n|turn|7\n|\n|t:|1700019765\n|switch|p2a: Zapdos|Zapdos-Galar|76\/100\n|switch|p1a: Rillaboom|Rillaboom, F|58\/100\n|-fieldstart|move: Grassy Terrain|[from] ability: Grassy Surge|[of] p1a: Rillaboom\n|\n|-weather|SunnyDay|[upkeep]\n|-heal|p1a: Rillaboom|64\/100|[from] Grassy Terrain\n|upkeep\n|turn|8\n|\n|t:|1700019774\n|move|p1a: Rillaboom|Fake Out|p2a: Zapdos\n|-damage|p2a: Zapdos|57\/100\n|cant|p2a: Zapdos|flinch\n|\n|-weather|SunnyDay|[upkeep]\n|-heal|p1a: Rillaboom|70\/100|[from] Grassy Terrain\n|upkeep\n|turn|9\n|\n|t:|1700019777\n|move|p1a: Rillaboom|Grassy Glide|p2a: Zapdos\n|-resisted|p2a: Zapdos\n|-damage|p2a: Zapdos|33\/100\n|move|p2a: Zapdos|Brave Bird|p1a: Rillaboom\n|-supereffective|p1a: Rillaboom\n|-damage|p1a: Rillaboom|0 fnt\n|faint|p1a: Rillaboom\n|-damage|p2a: Zapdos|4\/100|[from] Recoil\n|\n|-weather|SunnyDay|[upkeep]\n|upkeep\n|\n|t:|1700019779\n|switch|p1a: Ogerpon|Ogerpon, F|100\/100\n|turn|10\n|\n|t:|1700019796\n|switch|p1a: Skeledirge|Skeledirge, M|100\/100\n|move|p2a: Zapdos|Brave Bird|p1a: Skeledirge\n|-damage|p1a: Skeledirge|45\/100\n|-damage|p2a: Zapdos|0 fnt|[from] Recoil\n|faint|p2a: Zapdos\n|\n|-weather|SunnyDay|[upkeep]\n|-heal|p1a: Skeledirge|51\/100|[from] Grassy Terrain\n|upkeep\n|\n|t:|1700019817\n|switch|p2a: Kingambit|Kingambit, F|100\/100\n|-activate|p2a: Kingambit|ability: Supreme Overlord\n|-start|p2a: Kingambit|fallen2|[silent]\n|turn|11\n|\n|t:|1700019830\n|-terastallize|p1a: Skeledirge|Dark\n|move|p2a: Kingambit|Sucker Punch|p1a: Skeledirge\n|-resisted|p1a: Skeledirge\n|-damage|p1a: Skeledirge|21\/100\n|-damage|p2a: Kingambit|91\/100|[from] item: Life Orb\n|move|p1a: Skeledirge|Overheat|p2a: Kingambit\n|-supereffective|p2a: Kingambit\n|-damage|p2a: Kingambit|0 fnt\n|-unboost|p1a: Skeledirge|spa|2\n|faint|p2a: Kingambit\n|-end|p2a: Kingambit|fallen2|[silent]\n|\n|-weather|SunnyDay|[upkeep]\n|-heal|p1a: Skeledirge|27\/100|[from] Grassy Terrain\n|-fieldend|move: Grassy Terrain\n|upkeep\n|\n|t:|1700019856\n|switch|p2a: Gastrodon|Gastrodon, F|100\/100\n|turn|12\n|\n|t:|1700019864\n|switch|p1a: Ogerpon|Ogerpon, F|100\/100\n|move|p2a: Gastrodon|Ice Beam|p1a: Ogerpon\n|-supereffective|p1a: Ogerpon\n|-damage|p1a: Ogerpon|34\/100\n|\n|-weather|none\n|upkeep\n|turn|13\n|\n|t:|1700019876\n|switch|p1a: Torkoal|Torkoal, F|57\/100\n|-weather|SunnyDay|[from] ability: Drought|[of] p1a: Torkoal\n|-terastallize|p2a: Gastrodon|Poison\n|move|p2a: Gastrodon|Ice Beam|p1a: Torkoal\n|-resisted|p1a: Torkoal\n|-crit|p1a: Torkoal\n|-damage|p1a: Torkoal|38\/100\n|\n|-weather|SunnyDay|[upkeep]\n|upkeep\n|turn|14\n|\n|t:|1700019887\n|move|p2a: Gastrodon|Earth Power|p1a: Torkoal\n|-supereffective|p1a: Torkoal\n|-damage|p1a: Torkoal|0 fnt\n|faint|p1a: Torkoal\n|\n|-weather|SunnyDay|[upkeep]\n|upkeep\n|\n|t:|1700019893\n|switch|p1a: Cinderace|Cinderace, M|100\/100\n|turn|15\n|\n|t:|1700019903\n|move|p1a: Cinderace|Pyro Ball|p2a: Gastrodon\n|-damage|p2a: Gastrodon|0 fnt\n|faint|p2a: Gastrodon\n|-damage|p1a: Cinderace|91\/100|[from] item: Life Orb\n|\n|-weather|SunnyDay|[upkeep]\n|upkeep\n|\n|t:|1700019909\n|switch|p2a: Ogerpon|Ogerpon-Cornerstone, F|100\/100\n|turn|16\n|\n|t:|1700019913\n|move|p1a: Cinderace|Pyro Ball|p2a: Ogerpon\n|-ability|p2a: Ogerpon|Sturdy\n|-damage|p2a: Ogerpon|1\/100\n|-damage|p1a: Cinderace|81\/100|[from] item: Life Orb\n|move|p2a: Ogerpon|Counter|p1a: Cinderace\n|-damage|p1a: Cinderace|0 fnt\n|faint|p1a: Cinderace\n|\n|-weather|SunnyDay|[upkeep]\n|upkeep\n|\n|t:|1700019928\n|switch|p1a: Skeledirge|Skeledirge, M, tera:Dark|27\/100\n|turn|17\n|\n|t:|1700019941\n|move|p1a: Skeledirge|Torch Song|p2a: Ogerpon\n|-damage|p2a: Ogerpon|0 fnt\n|-boost|p1a: Skeledirge|spa|1\n|faint|p2a: Ogerpon\n|\n|-weather|SunnyDay|[upkeep]\n|upkeep\n|\n|t:|1700019943\n|switch|p2a: Mimikyu|Mimikyu, F|100\/100\n|turn|18\n|\n|t:|1700019950\n|move|p1a: Skeledirge|Torch Song|p2a: Mimikyu\n|-activate|p2a: Mimikyu|ability: Disguise\n|-damage|p2a: Mimikyu|100\/100\n|-boost|p1a: Skeledirge|spa|1\n|detailschange|p2a: Mimikyu|Mimikyu-Busted, F\n|-damage|p2a: Mimikyu|88\/100|[from] pokemon: Mimikyu-Busted\n|move|p2a: Mimikyu|Play Rough|p1a: Skeledirge\n|-supereffective|p1a: Skeledirge\n|-damage|p1a: Skeledirge|0 fnt\n|faint|p1a: Skeledirge\n|\n|-weather|SunnyDay|[upkeep]\n|upkeep\n|\n|t:|1700019958\n|switch|p1a: Walking Wake|Walking Wake|100\/100\n|-activate|p1a: Walking Wake|ability: Protosynthesis\n|-start|p1a: Walking Wake|protosynthesisspe\n|turn|19\n|\n|t:|1700019960\n|move|p1a: Walking Wake|Hydro Steam|p2a: Mimikyu\n|-damage|p2a: Mimikyu|0 fnt\n|faint|p2a: Mimikyu\n|\n|win|iloveyouhavefunplz\n","uploadtime":1700019969,"views":6,"p1id":"iloveyouhavefunplz","p2id":"devingamer21","formatid":"gen9ou","rating":0,"private":0,"password":""}