{"id":"gen9ou-1997011476","p1":"VikontAlu","p2":"Pokemon League 6","format":"[Gen 9] OU","log":"|j|\u2606VikontAlu\n|j|\u2606Pokemon League 6\n|t:|1700755463\n|gametype|singles\n|player|p1|VikontAlu|265|1080\n|player|p2|Pokemon League 6|hiker-gen4|1208\n|teamsize|p1|6\n|teamsize|p2|6\n|gen|9\n|tier|[Gen 9] OU\n|rated|\n|rule|Sleep Clause Mod: Limit one foe put to sleep\n|rule|Species Clause: Limit one of each Pok\u00e9mon\n|rule|OHKO Clause: OHKO moves are banned\n|rule|Evasion Items Clause: Evasion items are banned\n|rule|Evasion Moves Clause: Evasion moves are banned\n|rule|Endless Battle Clause: Forcing endless battles is banned\n|rule|HP Percentage Mod: HP is shown in percentages\n|clearpoke\n|poke|p1|Heatran, M|\n|poke|p1|Cinderace, F|\n|poke|p1|Kingambit, M|\n|poke|p1|Ogerpon-Wellspring, F|\n|poke|p1|Dragonite, F|\n|poke|p1|Clefable, F|\n|poke|p2|Talonflame, M|\n|poke|p2|Dragonite, M|\n|poke|p2|Garchomp, M|\n|poke|p2|Iron Valiant|\n|poke|p2|Mew|\n|poke|p2|Walking Wake|\n|teampreview\n|\n|t:|1700755473\n|start\n|switch|p1a: Dragonite|Dragonite, F|100\/100\n|switch|p2a: Garchomp|Garchomp, M|100\/100\n|turn|1\n|\n|t:|1700755479\n|move|p2a: Garchomp|Stealth Rock|p1a: Dragonite\n|-sidestart|p1: VikontAlu|move: Stealth Rock\n|move|p1a: Dragonite|Dragon Dance|p1a: Dragonite\n|-boost|p1a: Dragonite|atk|1\n|-boost|p1a: Dragonite|spe|1\n|\n|upkeep\n|turn|2\n|\n|t:|1700755492\n|move|p1a: Dragonite|Ice Spinner|p2a: Garchomp\n|-supereffective|p2a: Garchomp\n|-damage|p2a: Garchomp|0 fnt\n|-damage|p1a: Dragonite|88\/100|[from] ability: Rough Skin|[of] p2a: Garchomp\n|-damage|p1a: Dragonite|72\/100|[from] item: Rocky Helmet|[of] p2a: Garchomp\n|faint|p2a: Garchomp\n|\n|upkeep\n|\n|t:|1700755502\n|switch|p2a: Iron Valiant|Iron Valiant|100\/100\n|turn|3\n|\n|t:|1700755518\n|move|p1a: Dragonite|Earthquake|p2a: Iron Valiant\n|-damage|p2a: Iron Valiant|27\/100\n|move|p2a: Iron Valiant|Spirit Break|p1a: Dragonite\n|-supereffective|p1a: Dragonite\n|-crit|p1a: Dragonite\n|-damage|p1a: Dragonite|0 fnt\n|faint|p1a: Dragonite\n|-damage|p2a: Iron Valiant|17\/100|[from] item: Life Orb\n|\n|upkeep\n|\n|t:|1700755531\n|switch|p1a: Clefable|Clefable, F|100\/100\n|-damage|p1a: Clefable|88\/100|[from] Stealth Rock\n|turn|4\n|\n|t:|1700755536\n|move|p2a: Iron Valiant|Spirit Break|p1a: Clefable\n|-damage|p1a: Clefable|31\/100\n|-unboost|p1a: Clefable|spa|1\n|-damage|p2a: Iron Valiant|7\/100|[from] item: Life Orb\n|move|p1a: Clefable|Knock Off|p2a: Iron Valiant\n|-resisted|p2a: Iron Valiant\n|-damage|p2a: Iron Valiant|2\/100\n|-enditem|p2a: Iron Valiant|Life Orb|[from] move: Knock Off|[of] p1a: Clefable\n|\n|-heal|p1a: Clefable|37\/100|[from] item: Leftovers\n|upkeep\n|turn|5\n|c|\u2606VikontAlu|Miss click am\u0131na sokay\u0131m\n|\n|t:|1700755560\n|-terastallize|p2a: Iron Valiant|Fairy\n|move|p2a: Iron Valiant|Spirit Break|p1a: Clefable\n|-damage|p1a: Clefable|0 fnt\n|faint|p1a: Clefable\n|\n|upkeep\n|\n|t:|1700755569\n|switch|p1a: Kingambit|Kingambit, M|100\/100\n|-damage|p1a: Kingambit|94\/100|[from] Stealth Rock\n|-activate|p1a: Kingambit|ability: Supreme Overlord\n|-start|p1a: Kingambit|fallen2|[silent]\n|turn|6\n|\n|t:|1700755576\n|-end|p2a: Iron Valiant|Quark Drive|[silent]\n|switch|p2a: Walking Wake|Walking Wake|100\/100\n|move|p1a: Kingambit|Sucker Punch||[still]\n|-fail|p1a: Kingambit\n|\n|upkeep\n|turn|7\n|\n|t:|1700755583\n|move|p2a: Walking Wake|Flamethrower|p1a: Kingambit\n|-supereffective|p1a: Kingambit\n|-damage|p1a: Kingambit|32\/100\n|move|p1a: Kingambit|Swords Dance|p1a: Kingambit\n|-boost|p1a: Kingambit|atk|2\n|\n|upkeep\n|turn|8\n|\n|t:|1700755592\n|move|p1a: Kingambit|Sucker Punch|p2a: Walking Wake\n|-enditem|p2a: Walking Wake|Focus Sash\n|-damage|p2a: Walking Wake|1\/100\n|move|p2a: Walking Wake|Flamethrower|p1a: Kingambit\n|-supereffective|p1a: Kingambit\n|-damage|p1a: Kingambit|0 fnt\n|faint|p1a: Kingambit\n|-end|p1a: Kingambit|fallen2|[silent]\n|\n|upkeep\n|\n|t:|1700755603\n|switch|p1a: Cinderace|Cinderace, F|100\/100\n|turn|9\n|\n|t:|1700755607\n|move|p1a: Cinderace|U-turn|p2a: Walking Wake\n|-damage|p2a: Walking Wake|0 fnt\n|faint|p2a: Walking Wake\n|-end|p2a: Walking Wake|Protosynthesis|[silent]\n|\n|t:|1700755615\n|switch|p1a: Oregon|Ogerpon-Wellspring, F|100\/100|[from] U-turn\n|-damage|p1a: Oregon|88\/100|[from] Stealth Rock\n|\n|upkeep\n|inactive|Battle timer is ON: inactive players will automatically lose when time's up. (requested by VikontAlu)\n|\n|t:|1700755646\n|switch|p2a: Iron Valiant|Iron Valiant, tera:Fairy|2\/100\n|turn|10\n|\n|t:|1700755656\n|move|p2a: Iron Valiant|Spirit Break|p1a: Oregon\n|-damage|p1a: Oregon|20\/100\n|-unboost|p1a: Oregon|spa|1\n|move|p1a: Oregon|Ivy Cudgel|p2a: Iron Valiant|[anim] Ivy Cudgel Water\n|-damage|p2a: Iron Valiant|0 fnt\n|faint|p2a: Iron Valiant\n|-end|p2a: Iron Valiant|Quark Drive|[silent]\n|\n|upkeep\n|\n|t:|1700755665\n|switch|p2a: Mew|Mew, shiny|100\/100\n|turn|11\n|\n|t:|1700755676\n|switch|p1a: Cinderace|Cinderace, F|100\/100\n|move|p2a: Mew|Flame Charge|p1a: Cinderace\n|-resisted|p1a: Cinderace\n|-damage|p1a: Cinderace|91\/100\n|-boost|p2a: Mew|spe|1\n|\n|upkeep\n|turn|12\n|\n|t:|1700755692\n|move|p1a: Cinderace|U-turn|p2a: Mew\n|-supereffective|p2a: Mew\n|-damage|p2a: Mew|70\/100\n|\n|t:|1700755695\n|switch|p1a: Heatran|Heatran, M|100\/100|[from] U-turn\n|-damage|p1a: Heatran|88\/100|[from] Stealth Rock\n|move|p2a: Mew|Bulk Up|p2a: Mew\n|-boost|p2a: Mew|atk|1\n|-boost|p2a: Mew|def|1\n|\n|-heal|p1a: Heatran|94\/100|[from] item: Leftovers\n|upkeep\n|turn|13\n|\n|t:|1700755705\n|move|p2a: Mew|Drain Punch|p1a: Heatran\n|-supereffective|p1a: Heatran\n|-damage|p1a: Heatran|30\/100\n|-heal|p2a: Mew|100\/100|[from] drain|[of] p1a: Heatran\n|move|p1a: Heatran|Taunt|p2a: Mew\n|-start|p2a: Mew|move: Taunt\n|\n|-heal|p1a: Heatran|36\/100|[from] item: Leftovers\n|upkeep\n|turn|14\n|\n|t:|1700755717\n|move|p2a: Mew|Drain Punch|p1a: Heatran\n|-supereffective|p1a: Heatran\n|-damage|p1a: Heatran|0 fnt\n|faint|p1a: Heatran\n|\n|upkeep\n|\n|t:|1700755722\n|switch|p1a: Cinderace|Cinderace, F|91\/100\n|turn|15\n|\n|t:|1700755732\n|move|p1a: Cinderace|Will-O-Wisp|p2a: Mew|[miss]\n|-miss|p1a: Cinderace|p2a: Mew\n|move|p2a: Mew|Liquidation|p1a: Cinderace\n|-supereffective|p1a: Cinderace\n|-damage|p1a: Cinderace|0 fnt\n|faint|p1a: Cinderace\n|\n|upkeep\n|\n|t:|1700755738\n|switch|p1a: Oregon|Ogerpon-Wellspring, F|20\/100\n|-damage|p1a: Oregon|7\/100|[from] Stealth Rock\n|turn|16\n|\n|t:|1700755742\n|move|p2a: Mew|Flame Charge|p1a: Oregon\n|-damage|p1a: Oregon|0 fnt\n|-boost|p2a: Mew|spe|1\n|faint|p1a: Oregon\n|\n|win|Pokemon League 6\n|raw|VikontAlu's rating: 1080 &rarr; <strong>1066<\/strong><br \/>(-14 for losing)\n|raw|Pokemon League 6's rating: 1208 &rarr; <strong>1224<\/strong><br \/>(+16 for winning)\n","uploadtime":1700755749,"views":1,"p1id":"vikontalu","p2id":"pokemonleague6","formatid":"gen9ou","rating":1066,"private":0,"password":""}