{"id":"gen9ou-2000407541","p1":"Toto2002","p2":"Kantonian Ash","format":"[Gen 9] OU","log":"|j|\u2606Toto2002\n|j|\u2606Kantonian Ash\n|t:|1701192243\n|gametype|singles\n|player|p1|Toto2002|rosa|1361\n|player|p2|Kantonian Ash|misty|1331\n|teamsize|p1|6\n|teamsize|p2|6\n|gen|9\n|tier|[Gen 9] OU\n|rated|\n|rule|Sleep Clause Mod: Limit one foe put to sleep\n|rule|Species Clause: Limit one of each Pok\u00e9mon\n|rule|OHKO Clause: OHKO moves are banned\n|rule|Evasion Items Clause: Evasion items are banned\n|rule|Evasion Moves Clause: Evasion moves are banned\n|rule|Endless Battle Clause: Forcing endless battles is banned\n|rule|HP Percentage Mod: HP is shown in percentages\n|clearpoke\n|poke|p1|Clodsire, F|\n|poke|p1|Zapdos|\n|poke|p1|Gholdengo|\n|poke|p1|Walking Wake|\n|poke|p1|Great Tusk|\n|poke|p1|Meowscarada, F|\n|poke|p2|Enamorus, F|\n|poke|p2|Zapdos|\n|poke|p2|Decidueye-Hisui, M|\n|poke|p2|Ceruledge, F|\n|poke|p2|Walking Wake|\n|poke|p2|Great Tusk|\n|teampreview\n|inactive|Battle timer is ON: inactive players will automatically lose when time's up. (requested by Kantonian Ash)\n|inactive|Toto2002 has 120 seconds left.\n|\n|t:|1701192323\n|start\n|switch|p1a: Meowscarada|Meowscarada, F|100\/100\n|switch|p2a: Enamorus|Enamorus, F|100\/100\n|turn|1\n|\n|t:|1701192329\n|switch|p1a: Gholdengo|Gholdengo|100\/100\n|move|p2a: Enamorus|Moonblast|p1a: Gholdengo\n|-resisted|p1a: Gholdengo\n|-damage|p1a: Gholdengo|69\/100\n|\n|-heal|p1a: Gholdengo|75\/100|[from] item: Leftovers\n|upkeep\n|turn|2\n|\n|t:|1701192342\n|switch|p2a: Zapdos|Zapdos|100\/100\n|-ability|p2a: Zapdos|Pressure\n|move|p1a: Gholdengo|Make It Rain|p2a: Zapdos\n|-resisted|p2a: Zapdos\n|-damage|p2a: Zapdos|75\/100\n|-unboost|p1a: Gholdengo|spa|1\n|\n|-heal|p1a: Gholdengo|81\/100|[from] item: Leftovers\n|upkeep\n|turn|3\n|l|\u2606Toto2002\n|inactive|Toto2002 disconnected and has a minute to reconnect!\n|player|p1|\n|j|\u2606Toto2002\n|inactive|Toto2002 reconnected and has 125 seconds left.\n|player|p1|Toto2002|rosa\n|\n|t:|1701192372\n|switch|p1a: Clodsire|Clodsire, F|100\/100\n|move|p2a: Zapdos|Light Screen|p2a: Zapdos\n|-sidestart|p2: Kantonian Ash|move: Light Screen\n|\n|upkeep\n|turn|4\n|\n|t:|1701192394\n|move|p2a: Zapdos|Hurricane|p1a: Clodsire\n|-damage|p1a: Clodsire|66\/100\n|-start|p1a: Clodsire|confusion\n|-activate|p1a: Clodsire|confusion\n|-damage|p1a: Clodsire|57\/100|[from] confusion\n|\n|-heal|p1a: Clodsire|64\/100|[from] item: Leftovers\n|upkeep\n|turn|5\n|\n|t:|1701192412\n|move|p2a: Zapdos|Hurricane|p1a: Clodsire|[miss]\n|-miss|p2a: Zapdos|p1a: Clodsire\n|-activate|p1a: Clodsire|confusion\n|-damage|p1a: Clodsire|55\/100|[from] confusion\n|\n|-heal|p1a: Clodsire|62\/100|[from] item: Leftovers\n|upkeep\n|turn|6\n|\n|t:|1701192419\n|move|p2a: Zapdos|Hurricane|p1a: Clodsire|[miss]\n|-miss|p2a: Zapdos|p1a: Clodsire\n|-end|p1a: Clodsire|confusion\n|move|p1a: Clodsire|Recover|p1a: Clodsire\n|-heal|p1a: Clodsire|100\/100\n|\n|upkeep\n|turn|7\n|\n|t:|1701192426\n|move|p2a: Zapdos|Hurricane|p1a: Clodsire\n|-damage|p1a: Clodsire|69\/100\n|move|p1a: Clodsire|Stealth Rock|p2a: Zapdos\n|-sidestart|p2: Kantonian Ash|move: Stealth Rock\n|\n|-heal|p1a: Clodsire|75\/100|[from] item: Leftovers\n|upkeep\n|turn|8\n|\n|t:|1701192433\n|move|p2a: Zapdos|Hurricane|p1a: Clodsire\n|-damage|p1a: Clodsire|45\/100\n|move|p1a: Clodsire|Toxic|p2a: Zapdos\n|-status|p2a: Zapdos|tox\n|\n|-heal|p1a: Clodsire|51\/100|[from] item: Leftovers\n|-damage|p2a: Zapdos|69\/100 tox|[from] psn\n|upkeep\n|turn|9\n|inactive|Toto2002 has 120 seconds left.\n|\n|t:|1701192466\n|move|p2a: Zapdos|Hurricane|p1a: Clodsire\n|-damage|p1a: Clodsire|21\/100\n|move|p1a: Clodsire|Recover|p1a: Clodsire\n|-heal|p1a: Clodsire|71\/100\n|\n|-heal|p1a: Clodsire|77\/100|[from] item: Leftovers\n|-damage|p2a: Zapdos|57\/100 tox|[from] psn\n|upkeep\n|turn|10\n|\n|t:|1701192474\n|switch|p2a: Great Tusk|Great Tusk|100\/100\n|move|p1a: Clodsire|Recover|p1a: Clodsire\n|-heal|p1a: Clodsire|100\/100\n|\n|-sideend|p2: Kantonian Ash|move: Light Screen\n|upkeep\n|turn|11\n|\n|t:|1701192482\n|switch|p1a: Meowscarada|Meowscarada, F|100\/100\n|move|p2a: Great Tusk|Rapid Spin|p1a: Meowscarada\n|-damage|p1a: Meowscarada|73\/100\n|-boost|p2a: Great Tusk|spe|1\n|-sideend|p2: Kantonian Ash|Stealth Rock|[from] move: Rapid Spin|[of] p2a: Great Tusk\n|\n|upkeep\n|turn|12\n|\n|t:|1701192489\n|move|p2a: Great Tusk|Close Combat|p1a: Meowscarada\n|-supereffective|p1a: Meowscarada\n|-damage|p1a: Meowscarada|0 fnt\n|-unboost|p2a: Great Tusk|def|1\n|-unboost|p2a: Great Tusk|spd|1\n|faint|p1a: Meowscarada\n|\n|upkeep\n|\n|t:|1701192492\n|switch|p1a: Walking Wake|Walking Wake|100\/100\n|turn|13\n|\n|t:|1701192502\n|move|p2a: Great Tusk|Headlong Rush|p1a: Walking Wake\n|-damage|p1a: Walking Wake|27\/100\n|-unboost|p2a: Great Tusk|def|1\n|-unboost|p2a: Great Tusk|spd|1\n|move|p1a: Walking Wake|Hydro Steam|p2a: Great Tusk\n|-supereffective|p2a: Great Tusk\n|-damage|p2a: Great Tusk|0 fnt\n|faint|p2a: Great Tusk\n|-end|p2a: Great Tusk|Protosynthesis|[silent]\n|\n|upkeep\n|\n|t:|1701192521\n|switch|p2a: Enamorus|Enamorus, F|100\/100\n|turn|14\n|\n|t:|1701192537\n|-terastallize|p2a: Enamorus|Fairy\n|move|p1a: Walking Wake|Flip Turn|p2a: Enamorus\n|-damage|p2a: Enamorus|77\/100\n|\n|t:|1701192539\n|-end|p1a: Walking Wake|Protosynthesis|[silent]\n|switch|p1a: Gholdengo|Gholdengo|81\/100|[from] Flip Turn\n|move|p2a: Enamorus|Moonblast|p1a: Gholdengo\n|-resisted|p1a: Gholdengo\n|-damage|p1a: Gholdengo|45\/100\n|\n|-heal|p1a: Gholdengo|52\/100|[from] item: Leftovers\n|upkeep\n|turn|15\n|\n|t:|1701192551\n|switch|p2a: Zapdos|Zapdos|57\/100 tox\n|-ability|p2a: Zapdos|Pressure\n|move|p1a: Gholdengo|Recover|p1a: Gholdengo\n|-heal|p1a: Gholdengo|100\/100\n|\n|-damage|p2a: Zapdos|51\/100 tox|[from] psn\n|upkeep\n|turn|16\n|\n|t:|1701192560\n|switch|p1a: Clodsire|Clodsire, F|100\/100\n|move|p2a: Zapdos|Light Screen|p2a: Zapdos\n|-sidestart|p2: Kantonian Ash|move: Light Screen\n|\n|-damage|p2a: Zapdos|39\/100 tox|[from] psn\n|upkeep\n|turn|17\n|\n|t:|1701192566\n|move|p2a: Zapdos|Hurricane|p1a: Clodsire\n|-damage|p1a: Clodsire|67\/100\n|-start|p1a: Clodsire|confusion\n|-activate|p1a: Clodsire|confusion\n|move|p1a: Clodsire|Stealth Rock|p2a: Zapdos\n|-sidestart|p2: Kantonian Ash|move: Stealth Rock\n|\n|-heal|p1a: Clodsire|73\/100|[from] item: Leftovers\n|-damage|p2a: Zapdos|21\/100 tox|[from] psn\n|upkeep\n|turn|18\n|\n|t:|1701192584\n|switch|p2a: Walking Wake|Walking Wake|100\/100\n|-damage|p2a: Walking Wake|88\/100|[from] Stealth Rock\n|-end|p1a: Clodsire|confusion\n|move|p1a: Clodsire|Recover|p1a: Clodsire\n|-heal|p1a: Clodsire|100\/100\n|\n|-heal|p2a: Walking Wake|94\/100|[from] item: Leftovers\n|upkeep\n|turn|19\n|\n|t:|1701192595\n|move|p2a: Walking Wake|Substitute|p2a: Walking Wake\n|-start|p2a: Walking Wake|Substitute\n|-damage|p2a: Walking Wake|70\/100\n|move|p1a: Clodsire|Toxic||[still]\n|-fail|p1a: Clodsire\n|\n|-heal|p2a: Walking Wake|76\/100|[from] item: Leftovers\n|upkeep\n|turn|20\n|\n|t:|1701192602\n|move|p2a: Walking Wake|Hydro Steam|p1a: Clodsire\n|-immune|p1a: Clodsire|[from] ability: Water Absorb\n|move|p1a: Clodsire|Earthquake|p2a: Walking Wake\n|-end|p2a: Walking Wake|Substitute\n|\n|-heal|p2a: Walking Wake|82\/100|[from] item: Leftovers\n|upkeep\n|turn|21\n|\n|t:|1701192611\n|move|p2a: Walking Wake|Substitute|p2a: Walking Wake\n|-start|p2a: Walking Wake|Substitute\n|-damage|p2a: Walking Wake|57\/100\n|move|p1a: Clodsire|Earthquake|p2a: Walking Wake\n|-end|p2a: Walking Wake|Substitute\n|\n|-heal|p2a: Walking Wake|63\/100|[from] item: Leftovers\n|upkeep\n|turn|22\n|\n|t:|1701192620\n|-end|p2a: Walking Wake|Protosynthesis|[silent]\n|switch|p2a: Zapdos|Zapdos|21\/100 tox\n|-damage|p2a: Zapdos|0 fnt|[from] Stealth Rock\n|faint|p2a: Zapdos\n|move|p1a: Clodsire|Earthquake|p2: Zapdos|[notarget]\n|-fail|p1a: Clodsire\n|\n|upkeep\n|\n|t:|1701192629\n|switch|p2a: Enamorus|Enamorus, F, tera:Fairy|77\/100\n|-damage|p2a: Enamorus|65\/100|[from] Stealth Rock\n|turn|23\n|\n|t:|1701192636\n|switch|p1a: Zapdos|Zapdos|100\/100\n|move|p2a: Enamorus|Psychic|p1a: Zapdos\n|-damage|p1a: Zapdos|48\/100\n|\n|-sideend|p2: Kantonian Ash|move: Light Screen\n|upkeep\n|turn|24\n|\n|t:|1701192643\n|-terastallize|p1a: Zapdos|Electric\n|move|p2a: Enamorus|Psychic|p1a: Zapdos\n|-damage|p1a: Zapdos|0 fnt\n|faint|p1a: Zapdos\n|\n|upkeep\n|\n|t:|1701192648\n|switch|p1a: Gholdengo|Gholdengo|100\/100\n|turn|25\n|\n|t:|1701192663\n|switch|p2a: Walking Wake|Walking Wake|63\/100\n|-damage|p2a: Walking Wake|51\/100|[from] Stealth Rock\n|move|p1a: Gholdengo|Make It Rain|p2a: Walking Wake\n|-resisted|p2a: Walking Wake\n|-damage|p2a: Walking Wake|18\/100\n|-unboost|p1a: Gholdengo|spa|1\n|\n|-heal|p2a: Walking Wake|24\/100|[from] item: Leftovers\n|upkeep\n|turn|26\n|\n|t:|1701192677\n|switch|p1a: Clodsire|Clodsire, F|100\/100\n|move|p2a: Walking Wake|Dragon Pulse|p1a: Clodsire\n|-damage|p1a: Clodsire|74\/100\n|\n|-heal|p2a: Walking Wake|30\/100|[from] item: Leftovers\n|-heal|p1a: Clodsire|80\/100|[from] item: Leftovers\n|upkeep\n|turn|27\n|\n|t:|1701192689\n|move|p2a: Walking Wake|Dragon Pulse|p1a: Clodsire\n|-damage|p1a: Clodsire|57\/100\n|move|p1a: Clodsire|Earthquake|p2a: Walking Wake\n|-damage|p2a: Walking Wake|3\/100\n|\n|-heal|p2a: Walking Wake|9\/100|[from] item: Leftovers\n|-heal|p1a: Clodsire|63\/100|[from] item: Leftovers\n|upkeep\n|turn|28\n|\n|t:|1701192699\n|move|p2a: Walking Wake|Flamethrower|p1a: Clodsire\n|-damage|p1a: Clodsire|46\/100\n|-status|p1a: Clodsire|brn\n|move|p1a: Clodsire|Recover|p1a: Clodsire\n|-heal|p1a: Clodsire|96\/100 brn\n|\n|-heal|p2a: Walking Wake|15\/100|[from] item: Leftovers\n|-heal|p1a: Clodsire|100\/100 brn|[from] item: Leftovers\n|-damage|p1a: Clodsire|94\/100 brn|[from] brn\n|upkeep\n|turn|29\n|\n|t:|1701192709\n|move|p2a: Walking Wake|Dragon Pulse|p1a: Clodsire\n|-damage|p1a: Clodsire|68\/100 brn\n|move|p1a: Clodsire|Earthquake|p2a: Walking Wake\n|-damage|p2a: Walking Wake|2\/100\n|\n|-heal|p2a: Walking Wake|8\/100|[from] item: Leftovers\n|-heal|p1a: Clodsire|74\/100 brn|[from] item: Leftovers\n|-damage|p1a: Clodsire|68\/100 brn|[from] brn\n|upkeep\n|turn|30\n|\n|t:|1701192719\n|move|p2a: Walking Wake|Dragon Pulse|p1a: Clodsire\n|-damage|p1a: Clodsire|41\/100 brn\n|move|p1a: Clodsire|Earthquake|p2a: Walking Wake\n|-crit|p2a: Walking Wake\n|-damage|p2a: Walking Wake|0 fnt\n|faint|p2a: Walking Wake\n|-end|p2a: Walking Wake|Protosynthesis|[silent]\n|\n|-heal|p1a: Clodsire|47\/100 brn|[from] item: Leftovers\n|-damage|p1a: Clodsire|41\/100 brn|[from] brn\n|upkeep\n|\n|t:|1701192739\n|switch|p2a: Ceruledge|Ceruledge, F|100\/100\n|-damage|p2a: Ceruledge|76\/100|[from] Stealth Rock\n|turn|31\n|\n|t:|1701192746\n|move|p2a: Ceruledge|Swords Dance|p2a: Ceruledge\n|-boost|p2a: Ceruledge|atk|2\n|move|p1a: Clodsire|Toxic|p2a: Ceruledge\n|-status|p2a: Ceruledge|tox\n|\n|-heal|p2a: Ceruledge|82\/100 tox|[from] item: Leftovers\n|-heal|p1a: Clodsire|47\/100 brn|[from] item: Leftovers\n|-damage|p2a: Ceruledge|76\/100 tox|[from] psn\n|-damage|p1a: Clodsire|41\/100 brn|[from] brn\n|upkeep\n|turn|32\n|\n|t:|1701192759\n|move|p2a: Ceruledge|Flame Charge|p1a: Clodsire\n|-damage|p1a: Clodsire|0 fnt\n|-boost|p2a: Ceruledge|spe|1\n|faint|p1a: Clodsire\n|\n|-heal|p2a: Ceruledge|82\/100 tox|[from] item: Leftovers\n|-damage|p2a: Ceruledge|70\/100 tox|[from] psn\n|upkeep\n|\n|t:|1701192761\n|switch|p1a: Great Tusk|Great Tusk|100\/100\n|turn|33\n|\n|t:|1701192775\n|move|p2a: Ceruledge|Bitter Blade|p1a: Great Tusk\n|-damage|p1a: Great Tusk|52\/100\n|-heal|p2a: Ceruledge|100\/100 tox|[from] drain|[of] p1a: Great Tusk\n|move|p1a: Great Tusk|Earthquake|p2a: Ceruledge\n|-supereffective|p2a: Ceruledge\n|-damage|p2a: Ceruledge|0 fnt\n|faint|p2a: Ceruledge\n|\n|upkeep\n|\n|t:|1701192783\n|switch|p2a: Decidueye|Decidueye-Hisui, M, shiny|100\/100\n|-damage|p2a: Decidueye|94\/100|[from] Stealth Rock\n|turn|34\n|\n|t:|1701192792\n|move|p1a: Great Tusk|Body Press|p2a: Decidueye\n|-damage|p2a: Decidueye|42\/100\n|move|p2a: Decidueye|Trailblaze|p1a: Great Tusk\n|-supereffective|p1a: Great Tusk\n|-damage|p1a: Great Tusk|35\/100\n|-boost|p2a: Decidueye|spe|1\n|\n|upkeep\n|turn|35\n|\n|t:|1701192807\n|move|p2a: Decidueye|Bulk Up|p2a: Decidueye\n|-boost|p2a: Decidueye|atk|1\n|-boost|p2a: Decidueye|def|1\n|move|p1a: Great Tusk|Body Press|p2a: Decidueye\n|-damage|p2a: Decidueye|10\/100\n|\n|upkeep\n|turn|36\n|\n|t:|1701192815\n|move|p2a: Decidueye|Roost|p2a: Decidueye\n|-heal|p2a: Decidueye|60\/100\n|-singleturn|p2a: Decidueye|move: Roost\n|move|p1a: Great Tusk|Rapid Spin|p2a: Decidueye\n|-damage|p2a: Decidueye|50\/100\n|-boost|p1a: Great Tusk|spe|1\n|\n|upkeep\n|turn|37\n|\n|t:|1701192822\n|move|p1a: Great Tusk|Body Press|p2a: Decidueye\n|-damage|p2a: Decidueye|14\/100\n|move|p2a: Decidueye|Roost|p2a: Decidueye\n|-heal|p2a: Decidueye|64\/100\n|-singleturn|p2a: Decidueye|move: Roost\n|\n|upkeep\n|turn|38\n|\n|t:|1701192832\n|move|p1a: Great Tusk|Body Press|p2a: Decidueye\n|-damage|p2a: Decidueye|28\/100\n|move|p2a: Decidueye|Roost|p2a: Decidueye\n|-heal|p2a: Decidueye|78\/100\n|-singleturn|p2a: Decidueye|move: Roost\n|\n|upkeep\n|turn|39\n|\n|t:|1701192843\n|move|p1a: Great Tusk|Body Press|p2a: Decidueye\n|-damage|p2a: Decidueye|42\/100\n|move|p2a: Decidueye|Roost|p2a: Decidueye\n|-heal|p2a: Decidueye|93\/100\n|-singleturn|p2a: Decidueye|move: Roost\n|\n|upkeep\n|turn|40\n|\n|t:|1701192849\n|move|p1a: Great Tusk|Body Press|p2a: Decidueye\n|-damage|p2a: Decidueye|61\/100\n|move|p2a: Decidueye|Bulk Up|p2a: Decidueye\n|-boost|p2a: Decidueye|atk|1\n|-boost|p2a: Decidueye|def|1\n|\n|upkeep\n|turn|41\n|\n|t:|1701192858\n|move|p1a: Great Tusk|Body Press|p2a: Decidueye\n|-damage|p2a: Decidueye|34\/100\n|move|p2a: Decidueye|Roost|p2a: Decidueye\n|-heal|p2a: Decidueye|85\/100\n|-singleturn|p2a: Decidueye|move: Roost\n|\n|upkeep\n|turn|42\n|\n|t:|1701192865\n|-end|p1a: Great Tusk|Protosynthesis|[silent]\n|switch|p1a: Walking Wake|Walking Wake|27\/100\n|move|p2a: Decidueye|Roost|p2a: Decidueye\n|-heal|p2a: Decidueye|100\/100\n|-singleturn|p2a: Decidueye|move: Roost\n|\n|upkeep\n|turn|43\n|\n|t:|1701192872\n|move|p1a: Walking Wake|Flamethrower|p2a: Decidueye\n|-supereffective|p2a: Decidueye\n|-damage|p2a: Decidueye|54\/100\n|-enditem|p2a: Decidueye|Weakness Policy\n|-boost|p2a: Decidueye|atk|2|[from] item: Weakness Policy\n|-boost|p2a: Decidueye|spa|2|[from] item: Weakness Policy\n|move|p2a: Decidueye|Trailblaze|p1a: Walking Wake\n|-damage|p1a: Walking Wake|0 fnt\n|-boost|p2a: Decidueye|spe|1\n|faint|p1a: Walking Wake\n|-end|p1a: Walking Wake|Protosynthesis|[silent]\n|\n|upkeep\n|-message|Toto2002 forfeited.\n|\n|win|Kantonian Ash\n|raw|Toto2002's rating: 1361 &rarr; <strong>1339<\/strong><br \/>(-22 for losing)\n|raw|Kantonian Ash's rating: 1331 &rarr; <strong>1353<\/strong><br \/>(+22 for winning)\n|l|\u2606Toto2002\n","uploadtime":1701192908,"views":5,"p1id":"toto2002","p2id":"kantonianash","formatid":"gen9ou","rating":1339,"private":0,"password":""}