{"id":"gen9ou-1994819120","p1":"Tiranito","p2":"alt no. 598","format":"[Gen 9] OU","log":"|j|\u2606Tiranito\n|j|\u2606alt no. 598\n|t:|1700495716\n|gametype|singles\n|player|p1|Tiranito|winona|1589\n|player|p2|alt no. 598|acetrainersnowf|1592\n|teamsize|p1|6\n|teamsize|p2|6\n|gen|9\n|tier|[Gen 9] OU\n|rated|\n|rule|Sleep Clause Mod: Limit one foe put to sleep\n|rule|Species Clause: Limit one of each Pok\u00e9mon\n|rule|OHKO Clause: OHKO moves are banned\n|rule|Evasion Items Clause: Evasion items are banned\n|rule|Evasion Moves Clause: Evasion moves are banned\n|rule|Endless Battle Clause: Forcing endless battles is banned\n|rule|HP Percentage Mod: HP is shown in percentages\n|clearpoke\n|poke|p1|Quagsire, M|\n|poke|p1|Corviknight, F|\n|poke|p1|Skeledirge, F|\n|poke|p1|Rotom-Wash|\n|poke|p1|Enamorus-Therian, F|\n|poke|p1|Kingambit, M|\n|poke|p2|Landorus-Therian, M|\n|poke|p2|Moltres|\n|poke|p2|Slowking-Galar, M|\n|poke|p2|Ogerpon-Wellspring, F|\n|poke|p2|Gholdengo|\n|poke|p2|Zamazenta-*|\n|teampreview\n|inactive|Battle timer is ON: inactive players will automatically lose when time's up. (requested by Tiranito)\n|\n|t:|1700495737\n|start\n|switch|p1a: Corviknight|Corviknight, F|100\/100\n|switch|p2a: Gholdengo|Gholdengo|100\/100\n|-ability|p1a: Corviknight|Pressure\n|turn|1\n|\n|t:|1700495754\n|move|p2a: Gholdengo|Shadow Ball|p1a: Corviknight\n|-damage|p1a: Corviknight|47\/100\n|-unboost|p1a: Corviknight|spd|1\n|move|p1a: Corviknight|U-turn|p2a: Gholdengo\n|-resisted|p2a: Gholdengo\n|-damage|p2a: Gholdengo|96\/100\n|\n|t:|1700495758\n|switch|p1a: Kingambit|Kingambit, M|100\/100|[from] U-turn\n|\n|upkeep\n|turn|2\n|j| Diegogris\n|\n|t:|1700495763\n|switch|p2a: Landorus|Landorus-Therian, M|100\/100\n|-ability|p2a: Landorus|Intimidate|boost\n|-unboost|p1a: Kingambit|atk|1\n|move|p1a: Kingambit|Stealth Rock|p2a: Landorus\n|-sidestart|p2: alt no. 598|move: Stealth Rock\n|\n|upkeep\n|turn|3\n|\n|t:|1700495766\n|-end|p1a: Kingambit|fallenundefined|[silent]\n|switch|p1a: Corviknight|Corviknight, F|47\/100\n|-ability|p1a: Corviknight|Pressure\n|move|p2a: Landorus|Stealth Rock|p1a: Corviknight\n|-sidestart|p1: Tiranito|move: Stealth Rock\n|\n|upkeep\n|turn|4\n|\n|t:|1700495770\n|switch|p2a: Gholdengo|Gholdengo|96\/100\n|-damage|p2a: Gholdengo|90\/100|[from] Stealth Rock\n|move|p1a: Corviknight|Roost|p1a: Corviknight\n|-heal|p1a: Corviknight|97\/100\n|-singleturn|p1a: Corviknight|move: Roost\n|\n|upkeep\n|turn|5\n|\n|t:|1700495776\n|move|p2a: Gholdengo|Focus Blast|p1a: Corviknight|[miss]\n|-miss|p2a: Gholdengo|p1a: Corviknight\n|move|p1a: Corviknight|U-turn|p2a: Gholdengo\n|-resisted|p2a: Gholdengo\n|-damage|p2a: Gholdengo|86\/100\n|l| Diegogris\n|\n|t:|1700495784\n|switch|p1a: Skeledirge|Skeledirge, F|100\/100|[from] U-turn\n|\n|upkeep\n|turn|6\n|j| Diegogris\n|\n|t:|1700495792\n|switch|p2a: Slowking|Slowking-Galar, M|100\/100\n|switch|p1a: Corviknight|Corviknight, F|97\/100\n|-damage|p1a: Corviknight|85\/100|[from] Stealth Rock\n|-ability|p1a: Corviknight|Pressure\n|\n|upkeep\n|turn|7\n|\n|t:|1700495800\n|move|p1a: Corviknight|U-turn|p2a: Slowking\n|-damage|p2a: Slowking|87\/100\n|\n|t:|1700495804\n|switch|p1a: Skeledirge|Skeledirge, F|100\/100|[from] U-turn\n|move|p2a: Slowking|Future Sight|p1a: Skeledirge\n|-start|p2a: Slowking|move: Future Sight\n|\n|upkeep\n|turn|8\n|\n|t:|1700495818\n|move|p1a: Skeledirge|Substitute|p1a: Skeledirge\n|-start|p1a: Skeledirge|Substitute\n|-damage|p1a: Skeledirge|76\/100\n|move|p2a: Slowking|Chilly Reception|p2a: Slowking\n|-weather|Snow\n|\n|t:|1700495821\n|switch|p2a: Ogerpon|Ogerpon-Wellspring, F|100\/100|[from] Chilly Reception\n|-damage|p2a: Ogerpon|88\/100|[from] Stealth Rock\n|\n|-weather|Snow|[upkeep]\n|upkeep\n|turn|9\n|\n|t:|1700495829\n|move|p2a: Ogerpon|Ivy Cudgel|p1a: Skeledirge|[anim] Ivy Cudgel Water\n|-supereffective|p1a: Skeledirge\n|-end|p1a: Skeledirge|Substitute\n|move|p1a: Skeledirge|Torch Song|p2a: Ogerpon\n|-damage|p2a: Ogerpon|51\/100\n|-boost|p1a: Skeledirge|spa|1\n|\n|-weather|Snow|[upkeep]\n|-end|p1a: Skeledirge|move: Future Sight\n|-damage|p1a: Skeledirge|28\/100\n|upkeep\n|turn|10\n|\n|t:|1700495836\n|switch|p1a: Corviknight|Corviknight, F|85\/100\n|-damage|p1a: Corviknight|73\/100|[from] Stealth Rock\n|-ability|p1a: Corviknight|Pressure\n|move|p2a: Ogerpon|Knock Off|p1a: Corviknight\n|-damage|p1a: Corviknight|46\/100\n|-damage|p2a: Ogerpon|35\/100|[from] item: Rocky Helmet|[of] p1a: Corviknight\n|-enditem|p1a: Corviknight|Rocky Helmet|[from] move: Knock Off|[of] p2a: Ogerpon\n|\n|-weather|Snow|[upkeep]\n|upkeep\n|turn|11\n|\n|t:|1700495855\n|move|p2a: Ogerpon|Ivy Cudgel|p1a: Corviknight|[anim] Ivy Cudgel Water\n|-damage|p1a: Corviknight|5\/100\n|move|p1a: Corviknight|Roost|p1a: Corviknight\n|-heal|p1a: Corviknight|55\/100\n|-singleturn|p1a: Corviknight|move: Roost\n|\n|-weather|Snow|[upkeep]\n|upkeep\n|turn|12\n|\n|t:|1700495862\n|switch|p2a: Gholdengo|Gholdengo|86\/100\n|-damage|p2a: Gholdengo|80\/100|[from] Stealth Rock\n|move|p1a: Corviknight|Roost|p1a: Corviknight\n|-heal|p1a: Corviknight|100\/100\n|-singleturn|p1a: Corviknight|move: Roost\n|\n|-weather|none\n|upkeep\n|turn|13\n|\n|t:|1700495866\n|move|p2a: Gholdengo|Shadow Ball|p1a: Corviknight\n|-damage|p1a: Corviknight|47\/100\n|move|p1a: Corviknight|U-turn|p2a: Gholdengo\n|-resisted|p2a: Gholdengo\n|-damage|p2a: Gholdengo|76\/100\n|\n|t:|1700495873\n|switch|p1a: Kingambit|Kingambit, M|100\/100|[from] U-turn\n|-damage|p1a: Kingambit|94\/100|[from] Stealth Rock\n|\n|upkeep\n|turn|14\n|\n|t:|1700495885\n|switch|p2a: Moltres|Moltres|100\/100\n|-end|p1a: Kingambit|fallenundefined|[silent]\n|switch|p1a: Rotom|Rotom-Wash|100\/100\n|-damage|p1a: Rotom|88\/100|[from] Stealth Rock\n|\n|upkeep\n|turn|15\n|\n|t:|1700495891\n|switch|p2a: Slowking|Slowking-Galar, M|100\/100\n|move|p1a: Rotom|Hydro Pump|p2a: Slowking\n|-damage|p2a: Slowking|74\/100\n|\n|upkeep\n|turn|16\n|\n|t:|1700495898\n|switch|p1a: Corviknight|Corviknight, F|47\/100\n|-damage|p1a: Corviknight|35\/100|[from] Stealth Rock\n|-ability|p1a: Corviknight|Pressure\n|move|p2a: Slowking|Chilly Reception|p2a: Slowking\n|-weather|Snow\n|\n|t:|1700495908\n|switch|p2a: Gholdengo|Gholdengo|76\/100|[from] Chilly Reception\n|-damage|p2a: Gholdengo|70\/100|[from] Stealth Rock\n|\n|-weather|Snow|[upkeep]\n|upkeep\n|turn|17\n|\n|t:|1700495916\n|switch|p1a: Kingambit|Kingambit, M|94\/100\n|-damage|p1a: Kingambit|88\/100|[from] Stealth Rock\n|move|p2a: Gholdengo|Shadow Ball|p1a: Kingambit\n|-resisted|p1a: Kingambit\n|-damage|p1a: Kingambit|55\/100\n|\n|-weather|Snow|[upkeep]\n|upkeep\n|turn|18\n|\n|t:|1700495930\n|switch|p2a: Moltres|Moltres|100\/100\n|-end|p1a: Kingambit|fallenundefined|[silent]\n|switch|p1a: Corviknight|Corviknight, F|35\/100\n|-damage|p1a: Corviknight|22\/100|[from] Stealth Rock\n|-ability|p1a: Corviknight|Pressure\n|\n|-weather|Snow|[upkeep]\n|upkeep\n|turn|19\n|\n|t:|1700495934\n|move|p2a: Moltres|Flamethrower|p1a: Corviknight\n|-supereffective|p1a: Corviknight\n|-damage|p1a: Corviknight|0 fnt\n|faint|p1a: Corviknight\n|\n|-weather|Snow|[upkeep]\n|upkeep\n|\n|t:|1700495940\n|switch|p1a: Quagsire|Quagsire, M|100\/100\n|-damage|p1a: Quagsire|94\/100|[from] Stealth Rock\n|turn|20\n|inactive|alt no. 598 has 120 seconds left.\n|inactive|alt no. 598 has 90 seconds left.\n|\n|t:|1700496005\n|move|p2a: Moltres|U-turn|p1a: Quagsire\n|-crit|p1a: Quagsire\n|-damage|p1a: Quagsire|73\/100\n|inactive|alt no. 598 has 90 seconds left.\n|\n|t:|1700496017\n|switch|p2a: Gholdengo|Gholdengo|70\/100|[from] U-turn\n|-damage|p2a: Gholdengo|64\/100|[from] Stealth Rock\n|move|p1a: Quagsire|Toxic|p2a: Gholdengo\n|-immune|p2a: Gholdengo|[from] ability: Good as Gold\n|\n|-weather|none\n|-heal|p1a: Quagsire|79\/100|[from] item: Leftovers\n|upkeep\n|turn|21\n|inactive|alt no. 598 has 90 seconds left.\n|\n|t:|1700496038\n|move|p2a: Gholdengo|Shadow Ball|p1a: Quagsire\n|-damage|p1a: Quagsire|25\/100\n|move|p1a: Quagsire|Earthquake|p2a: Gholdengo\n|-supereffective|p2a: Gholdengo\n|-damage|p2a: Gholdengo|0 fnt\n|faint|p2a: Gholdengo\n|\n|-heal|p1a: Quagsire|31\/100|[from] item: Leftovers\n|upkeep\n|\n|t:|1700496051\n|switch|p2a: Zamazenta|Zamazenta|100\/100\n|-ability|p2a: Zamazenta|Dauntless Shield|boost\n|-boost|p2a: Zamazenta|def|1\n|turn|22\n|\n|t:|1700496054\n|move|p2a: Zamazenta|Close Combat|p1a: Quagsire\n|-damage|p1a: Quagsire|0 fnt\n|-unboost|p2a: Zamazenta|def|1\n|-unboost|p2a: Zamazenta|spd|1\n|faint|p1a: Quagsire\n|\n|upkeep\n|\n|t:|1700496065\n|switch|p1a: Enamorus|Enamorus-Therian, F|100\/100\n|-damage|p1a: Enamorus|76\/100|[from] Stealth Rock\n|turn|23\n|inactive|alt no. 598 has 90 seconds left.\n|\n|t:|1700496071\n|-terastallize|p2a: Zamazenta|Steel\n|move|p2a: Zamazenta|Heavy Slam|p1a: Enamorus\n|-supereffective|p1a: Enamorus\n|-damage|p1a: Enamorus|0 fnt\n|faint|p1a: Enamorus\n|\n|upkeep\n|\n|t:|1700496081\n|switch|p1a: Skeledirge|Skeledirge, F|28\/100\n|turn|24\n|\n|t:|1700496083\n|move|p2a: Zamazenta|Crunch|p1a: Skeledirge\n|-supereffective|p1a: Skeledirge\n|-damage|p1a: Skeledirge|0 fnt\n|faint|p1a: Skeledirge\n|\n|upkeep\n|\n|t:|1700496094\n|switch|p1a: Kingambit|Kingambit, M|55\/100\n|-damage|p1a: Kingambit|49\/100|[from] Stealth Rock\n|-activate|p1a: Kingambit|ability: Supreme Overlord\n|-start|p1a: Kingambit|fallen4|[silent]\n|turn|25\n|\n|t:|1700496099\n|move|p2a: Zamazenta|Close Combat|p1a: Kingambit\n|-supereffective|p1a: Kingambit\n|-damage|p1a: Kingambit|0 fnt\n|-unboost|p2a: Zamazenta|def|1\n|-unboost|p2a: Zamazenta|spd|1\n|faint|p1a: Kingambit\n|-end|p1a: Kingambit|fallen4|[silent]\n|\n|upkeep\n|\n|t:|1700496101\n|switch|p1a: Rotom|Rotom-Wash|88\/100\n|-damage|p1a: Rotom|76\/100|[from] Stealth Rock\n|turn|26\n|\n|t:|1700496104\n|move|p1a: Rotom|Hydro Pump|p2a: Zamazenta|[miss]\n|-miss|p1a: Rotom|p2a: Zamazenta\n|move|p2a: Zamazenta|Close Combat|p1a: Rotom\n|-damage|p1a: Rotom|0 fnt\n|-unboost|p2a: Zamazenta|def|1\n|-unboost|p2a: Zamazenta|spd|1\n|faint|p1a: Rotom\n|\n|win|alt no. 598\n|raw|Tiranito's rating: 1589 &rarr; <strong>1569<\/strong><br \/>(-20 for losing)\n|raw|alt no. 598's rating: 1592 &rarr; <strong>1612<\/strong><br \/>(+20 for winning)\n","uploadtime":1700496110,"views":5,"p1id":"tiranito","p2id":"altno598","formatid":"gen9ou","rating":1569,"private":0,"password":""}