{"id":"gen9ou-1997255644","p1":"Boyca","p2":"bleahey","format":"[Gen 9] OU","log":"|j|\u2606Boyca\n|j|\u2606bleahey\n|inactive|Battle timer is ON: inactive players will automatically lose when time's up.\n|t:|1700781060\n|gametype|singles\n|player|p1|Boyca|clown|\n|player|p2|bleahey|brendan|\n|teamsize|p1|5\n|teamsize|p2|5\n|gen|9\n|tier|[Gen 9] OU\n|rated|Tournament battle\n|rule|Sleep Clause Mod: Limit one foe put to sleep\n|rule|Species Clause: Limit one of each Pok\u00e9mon\n|rule|OHKO Clause: OHKO moves are banned\n|rule|Evasion Items Clause: Evasion items are banned\n|rule|Evasion Moves Clause: Evasion moves are banned\n|rule|Endless Battle Clause: Forcing endless battles is banned\n|rule|HP Percentage Mod: HP is shown in percentages\n|clearpoke\n|poke|p1|Salamence, F|\n|poke|p1|Ninetales-Alola, F|\n|poke|p1|Lycanroc-Dusk, F|\n|poke|p1|Goodra-Hisui, F|\n|poke|p1|Quaquaval, F|\n|poke|p2|Haxorus, F|\n|poke|p2|Medicham, F|\n|poke|p2|Conkeldurr, M|\n|poke|p2|Delphox, M|\n|poke|p2|Magcargo, F|\n|teampreview\n|j|*Lady Monita \u2746\n|inactive|bleahey also wants the timer to be on.\n|c|\u2606Boyca|gl\n|c|\u2606bleahey|glhf\n|j|^HEAVY-DUTY B0OTY\n|j| SlendVeny\n|inactive|Boyca has 120 seconds left.\n|\n|t:|1700781094\n|start\n|switch|p1a: Lycanroc|Lycanroc-Dusk, F|100\/100\n|switch|p2a: Magcargo|Magcargo, F|100\/100\n|turn|1\n|\n|t:|1700781108\n|move|p1a: Lycanroc|Stealth Rock|p2a: Magcargo\n|-sidestart|p2: bleahey|move: Stealth Rock\n|move|p2a: Magcargo|Stealth Rock|p1a: Lycanroc\n|-sidestart|p1: Boyca|move: Stealth Rock\n|\n|upkeep\n|turn|2\n|\n|t:|1700781114\n|move|p1a: Lycanroc|Stone Edge|p2a: Magcargo\n|-supereffective|p2a: Magcargo\n|-crit|p2a: Magcargo\n|-enditem|p2a: Magcargo|Focus Sash\n|-damage|p2a: Magcargo|1\/100\n|-ability|p2a: Magcargo|Weak Armor|boost\n|-unboost|p2a: Magcargo|def|1\n|-boost|p2a: Magcargo|spe|2\n|move|p2a: Magcargo|Lava Plume|p1a: Lycanroc\n|-resisted|p1a: Lycanroc\n|-damage|p1a: Lycanroc|72\/100\n|\n|upkeep\n|turn|3\n|j| ParmesanBruh\n|\n|t:|1700781125\n|move|p1a: Lycanroc|Stone Edge|p2a: Magcargo\n|-supereffective|p2a: Magcargo\n|-damage|p2a: Magcargo|0 fnt\n|faint|p2a: Magcargo\n|\n|upkeep\n|\n|t:|1700781138\n|switch|p2a: Conkeldurr|Conkeldurr, M|100\/100\n|-damage|p2a: Conkeldurr|94\/100|[from] Stealth Rock\n|turn|4\n|\n|t:|1700781144\n|move|p2a: Conkeldurr|Mach Punch|p1a: Lycanroc\n|-supereffective|p1a: Lycanroc\n|-damage|p1a: Lycanroc|0 fnt\n|faint|p1a: Lycanroc\n|\n|-status|p2a: Conkeldurr|brn|[from] item: Flame Orb\n|upkeep\n|\n|t:|1700781158\n|switch|p1a: Ninetales|Ninetales-Alola, F|100\/100\n|-damage|p1a: Ninetales|76\/100|[from] Stealth Rock\n|-weather|Snow|[from] ability: Snow Warning|[of] p1a: Ninetales\n|turn|5\n|\n|t:|1700781171\n|move|p1a: Ninetales|Aurora Veil|p1a: Ninetales\n|-sidestart|p1: Boyca|move: Aurora Veil\n|move|p2a: Conkeldurr|Facade|p1a: Ninetales\n|-crit|p1a: Ninetales\n|-damage|p1a: Ninetales|0 fnt\n|faint|p1a: Ninetales\n|\n|-weather|Snow|[upkeep]\n|-damage|p2a: Conkeldurr|88\/100 brn|[from] brn\n|upkeep\n|\n|t:|1700781187\n|switch|p1a: Salamence|Salamence, F|100\/100\n|-damage|p1a: Salamence|76\/100|[from] Stealth Rock\n|turn|6\n|\n|t:|1700781196\n|move|p1a: Salamence|Dragon Dance|p1a: Salamence\n|-boost|p1a: Salamence|atk|1\n|-boost|p1a: Salamence|spe|1\n|move|p2a: Conkeldurr|Facade|p1a: Salamence\n|-damage|p1a: Salamence|28\/100\n|\n|-weather|Snow|[upkeep]\n|-heal|p1a: Salamence|34\/100|[from] item: Leftovers\n|-damage|p2a: Conkeldurr|82\/100 brn|[from] brn\n|upkeep\n|turn|7\n|\n|t:|1700781207\n|move|p2a: Conkeldurr|Mach Punch|p1a: Salamence\n|-resisted|p1a: Salamence\n|-damage|p1a: Salamence|23\/100\n|move|p1a: Salamence|Roost|p1a: Salamence\n|-heal|p1a: Salamence|73\/100\n|-singleturn|p1a: Salamence|move: Roost\n|\n|-weather|Snow|[upkeep]\n|-heal|p1a: Salamence|79\/100|[from] item: Leftovers\n|-damage|p2a: Conkeldurr|76\/100 brn|[from] brn\n|upkeep\n|turn|8\n|c|^HEAVY-DUTY B0OTY|rip\n|\n|t:|1700781217\n|move|p1a: Salamence|Dual Wingbeat|p2a: Conkeldurr\n|-supereffective|p2a: Conkeldurr\n|-damage|p2a: Conkeldurr|6\/100 brn\n|-supereffective|p2a: Conkeldurr\n|-damage|p2a: Conkeldurr|0 fnt\n|faint|p2a: Conkeldurr\n|-ability|p1a: Salamence|Moxie|boost\n|-boost|p1a: Salamence|atk|1\n|-hitcount|p2: Conkeldurr|2\n|\n|-weather|Snow|[upkeep]\n|-heal|p1a: Salamence|85\/100|[from] item: Leftovers\n|upkeep\n|inactive|bleahey has 120 seconds left.\n|c| SlendVeny|san diego\n|\n|t:|1700781259\n|switch|p2a: Medicham|Medicham, F|100\/100\n|-damage|p2a: Medicham|94\/100|[from] Stealth Rock\n|turn|9\n|j| Im dumb srly\n|\n|t:|1700781269\n|move|p2a: Medicham|Fake Out|p1a: Salamence\n|-damage|p1a: Salamence|75\/100\n|cant|p1a: Salamence|flinch\n|\n|-weather|none\n|-heal|p1a: Salamence|81\/100|[from] item: Leftovers\n|upkeep\n|turn|10\n|inactive|bleahey has 120 seconds left.\n|\n|t:|1700781280\n|move|p1a: Salamence|Dual Wingbeat|p2a: Medicham|[miss]\n|-miss|p1a: Salamence|p2a: Medicham\n|move|p2a: Medicham|Zen Headbutt|p1a: Salamence\n|-damage|p1a: Salamence|52\/100\n|\n|-heal|p1a: Salamence|59\/100|[from] item: Leftovers\n|upkeep\n|turn|11\n|inactive|bleahey has 120 seconds left.\n|\n|t:|1700781287\n|move|p2a: Medicham|Bullet Punch|p1a: Salamence\n|-damage|p1a: Salamence|48\/100\n|move|p1a: Salamence|Dual Wingbeat|p2a: Medicham\n|-supereffective|p2a: Medicham\n|-crit|p2a: Medicham\n|-damage|p2a: Medicham|0 fnt\n|faint|p2a: Medicham\n|-ability|p1a: Salamence|Moxie|boost\n|-boost|p1a: Salamence|atk|1\n|-hitcount|p2: Medicham|1\n|\n|-heal|p1a: Salamence|54\/100|[from] item: Leftovers\n|upkeep\n|inactive|bleahey has 120 seconds left.\n|\n|t:|1700781294\n|switch|p2a: Delphox|Delphox, M|100\/100\n|-damage|p2a: Delphox|76\/100|[from] Stealth Rock\n|turn|12\n|\n|t:|1700781301\n|move|p2a: Delphox|Switcheroo|p1a: Salamence\n|-activate|p2a: Delphox|move: Trick|[of] p1a: Salamence\n|-item|p1a: Salamence|Choice Scarf|[from] move: Switcheroo\n|-item|p2a: Delphox|Leftovers|[from] move: Switcheroo\n|move|p1a: Salamence|Earthquake|p2a: Delphox\n|-supereffective|p2a: Delphox\n|-damage|p2a: Delphox|0 fnt\n|faint|p2a: Delphox\n|-ability|p1a: Salamence|Moxie|boost\n|-boost|p1a: Salamence|atk|1\n|\n|-sideend|p1: Boyca|move: Aurora Veil\n|upkeep\n|\n|t:|1700781306\n|switch|p2a: Haxorus|Haxorus, F|100\/100\n|-damage|p2a: Haxorus|88\/100|[from] Stealth Rock\n|-ability|p2a: Haxorus|Mold Breaker\n|turn|13\n|\n|t:|1700781315\n|move|p1a: Salamence|Earthquake|p2a: Haxorus\n|-damage|p2a: Haxorus|0 fnt\n|faint|p2a: Haxorus\n|\n|win|Boyca\n|n|\u2606Boyca|boyca\n|n|\u2606bleahey|bleahey\n|n|*Lady Monita \u2746|ladymonita\n|n| HEAVY-DUTY B0OTY|heavydutyb0oty\n|n| SlendVeny|slendveny\n|n| ParmesanBruh|parmesanbruh\n|n| Im dumb srly|imdumbsrly\n","uploadtime":1700781316,"views":5,"p1id":"boyca","p2id":"bleahey","formatid":"gen9ou","rating":0,"private":0,"password":""}