{"id":"gen9ou-1997895492","p1":"numSkull31","p2":"Oshwottking","format":"[Gen 9] OU","log":"|j|\u2606numSkull31\n|j|\u2606Oshwottking\n|t:|1700864741\n|gametype|singles\n|player|p1|numSkull31|265|1269\n|player|p2|Oshwottking|silver|1172\n|teamsize|p1|6\n|teamsize|p2|6\n|gen|9\n|tier|[Gen 9] OU\n|rated|\n|rule|Sleep Clause Mod: Limit one foe put to sleep\n|rule|Species Clause: Limit one of each Pok\u00e9mon\n|rule|OHKO Clause: OHKO moves are banned\n|rule|Evasion Items Clause: Evasion items are banned\n|rule|Evasion Moves Clause: Evasion moves are banned\n|rule|Endless Battle Clause: Forcing endless battles is banned\n|rule|HP Percentage Mod: HP is shown in percentages\n|clearpoke\n|poke|p1|Vikavolt, F|\n|poke|p1|Enamorus, F|\n|poke|p1|Great Tusk|\n|poke|p1|Gholdengo|\n|poke|p1|Kommo-o, F|\n|poke|p1|Iron Moth|\n|poke|p2|Munkidori, M|\n|poke|p2|Garganacl, M|\n|poke|p2|Corviknight, F|\n|poke|p2|Samurott-Hisui, F|\n|poke|p2|Garchomp, F|\n|poke|p2|Cinderace, M|\n|teampreview\n|inactive|Battle timer is ON: inactive players will automatically lose when time's up. (requested by Oshwottking)\n|\n|t:|1700864753\n|start\n|switch|p1a: Kommo-o|Kommo-o, F|100\/100\n|switch|p2a: Samurott|Samurott-Hisui, F|100\/100\n|turn|1\n|\n|t:|1700864764\n|move|p1a: Kommo-o|Clangorous Soul|p1a: Kommo-o\n|-boost|p1a: Kommo-o|atk|1\n|-boost|p1a: Kommo-o|def|1\n|-boost|p1a: Kommo-o|spa|1\n|-boost|p1a: Kommo-o|spd|1\n|-boost|p1a: Kommo-o|spe|1\n|-damage|p1a: Kommo-o|68\/100\n|move|p2a: Samurott|Sacred Sword|p1a: Kommo-o\n|-damage|p1a: Kommo-o|3\/100\n|\n|-heal|p1a: Kommo-o|9\/100|[from] item: Leftovers\n|upkeep\n|turn|2\n|\n|t:|1700864777\n|switch|p2a: Corviknight|Corviknight, F|100\/100\n|-ability|p2a: Corviknight|Pressure\n|move|p1a: Kommo-o|Drain Punch|p2a: Corviknight\n|-damage|p2a: Corviknight|73\/100\n|-heal|p1a: Kommo-o|28\/100|[from] drain|[of] p2a: Corviknight\n|-damage|p1a: Kommo-o|12\/100|[from] item: Rocky Helmet|[of] p2a: Corviknight\n|\n|-heal|p1a: Kommo-o|18\/100|[from] item: Leftovers\n|upkeep\n|turn|3\n|\n|t:|1700864793\n|move|p1a: Kommo-o|Flamethrower|p2a: Corviknight\n|-supereffective|p2a: Corviknight\n|-damage|p2a: Corviknight|0 fnt\n|faint|p2a: Corviknight\n|\n|-heal|p1a: Kommo-o|24\/100|[from] item: Leftovers\n|upkeep\n|\n|t:|1700864798\n|switch|p2a: Munkidori|Munkidori, M|100\/100\n|turn|4\n|\n|t:|1700864806\n|move|p2a: Munkidori|Psychic|p1a: Kommo-o\n|-supereffective|p1a: Kommo-o\n|-damage|p1a: Kommo-o|0 fnt\n|faint|p1a: Kommo-o\n|\n|upkeep\n|\n|t:|1700864821\n|switch|p1a: Gholdengo|Gholdengo|100\/100\n|-item|p1a: Gholdengo|Air Balloon\n|turn|5\n|\n|t:|1700864829\n|switch|p2a: Samurott|Samurott-Hisui, F|100\/100\n|move|p1a: Gholdengo|Nasty Plot|p1a: Gholdengo\n|-boost|p1a: Gholdengo|spa|2\n|\n|upkeep\n|turn|6\n|\n|t:|1700864839\n|move|p2a: Samurott|Ceaseless Edge|p1a: Gholdengo\n|-supereffective|p1a: Gholdengo\n|-damage|p1a: Gholdengo|0 fnt\n|-enditem|p1a: Gholdengo|Air Balloon\n|-sidestart|p1: numSkull31|Spikes\n|faint|p1a: Gholdengo\n|\n|upkeep\n|\n|t:|1700864857\n|switch|p1a: Enamorus|Enamorus, F, shiny|100\/100\n|turn|7\n|\n|t:|1700864863\n|switch|p2a: Garganacl|Garganacl, M|100\/100\n|move|p1a: Enamorus|Moonblast|p2a: Garganacl\n|-damage|p2a: Garganacl|51\/100\n|-damage|p1a: Enamorus|91\/100|[from] item: Life Orb\n|\n|-heal|p2a: Garganacl|57\/100|[from] item: Leftovers\n|upkeep\n|turn|8\n|\n|t:|1700864869\n|move|p1a: Enamorus|Earth Power|p2a: Garganacl\n|-supereffective|p2a: Garganacl\n|-damage|p2a: Garganacl|0 fnt\n|faint|p2a: Garganacl\n|-damage|p1a: Enamorus|81\/100|[from] item: Life Orb\n|\n|upkeep\n|\n|t:|1700864873\n|switch|p2a: Munkidori|Munkidori, M|100\/100\n|turn|9\n|\n|t:|1700864878\n|move|p2a: Munkidori|Sludge Wave|p1a: Enamorus\n|-supereffective|p1a: Enamorus\n|-damage|p1a: Enamorus|0 fnt\n|faint|p1a: Enamorus\n|\n|upkeep\n|\n|t:|1700864883\n|switch|p1a: Iron Moth|Iron Moth|100\/100\n|-damage|p1a: Iron Moth|88\/100|[from] Spikes\n|-enditem|p1a: Iron Moth|Booster Energy\n|-activate|p1a: Iron Moth|ability: Quark Drive|[fromitem]\n|-start|p1a: Iron Moth|quarkdrivespe\n|turn|10\n|\n|t:|1700864890\n|switch|p2a: Cinderace|Cinderace, M|100\/100\n|move|p1a: Iron Moth|Fiery Dance|p2a: Cinderace\n|-resisted|p2a: Cinderace\n|-damage|p2a: Cinderace|76\/100\n|\n|upkeep\n|turn|11\n|\n|t:|1700864896\n|-terastallize|p1a: Iron Moth|Ground\n|move|p1a: Iron Moth|Tera Blast|p2a: Cinderace|[anim] Tera Blast Ground\n|-supereffective|p2a: Cinderace\n|-damage|p2a: Cinderace|0 fnt\n|faint|p2a: Cinderace\n|\n|upkeep\n|\n|t:|1700864901\n|switch|p2a: Samurott|Samurott-Hisui, F|100\/100\n|turn|12\n|\n|t:|1700864904\n|move|p1a: Iron Moth|Dazzling Gleam|p2a: Samurott\n|-supereffective|p2a: Samurott\n|-damage|p2a: Samurott|18\/100\n|move|p2a: Samurott|Razor Shell|p1a: Iron Moth\n|-supereffective|p1a: Iron Moth\n|-damage|p1a: Iron Moth|0 fnt\n|faint|p1a: Iron Moth\n|-end|p1a: Iron Moth|Quark Drive|[silent]\n|\n|upkeep\n|\n|t:|1700864912\n|switch|p1a: Great Tusk|Great Tusk|100\/100\n|-damage|p1a: Great Tusk|88\/100|[from] Spikes\n|-enditem|p1a: Great Tusk|Booster Energy\n|-activate|p1a: Great Tusk|ability: Protosynthesis|[fromitem]\n|-start|p1a: Great Tusk|protosynthesisatk\n|turn|13\n|\n|t:|1700864930\n|move|p1a: Great Tusk|Ice Spinner|p2a: Samurott\n|-resisted|p2a: Samurott\n|-damage|p2a: Samurott|0 fnt\n|faint|p2a: Samurott\n|\n|upkeep\n|\n|t:|1700864936\n|switch|p2a: Garchomp|Garchomp, F|100\/100\n|turn|14\n|\n|t:|1700864941\n|-terastallize|p2a: Garchomp|Steel\n|move|p2a: Garchomp|Swords Dance|p2a: Garchomp\n|-boost|p2a: Garchomp|atk|2\n|move|p1a: Great Tusk|Ice Spinner|p2a: Garchomp\n|-resisted|p2a: Garchomp\n|-damage|p2a: Garchomp|81\/100\n|-damage|p1a: Great Tusk|76\/100|[from] ability: Rough Skin|[of] p2a: Garchomp\n|\n|upkeep\n|turn|15\n|\n|t:|1700864948\n|move|p2a: Garchomp|Scale Shot|p1a: Great Tusk\n|-damage|p1a: Great Tusk|57\/100\n|-damage|p1a: Great Tusk|37\/100\n|-damage|p1a: Great Tusk|20\/100\n|-damage|p1a: Great Tusk|0 fnt\n|faint|p1a: Great Tusk\n|-end|p1a: Great Tusk|Protosynthesis|[silent]\n|-hitcount|p1: Great Tusk|4\n|-unboost|p2a: Garchomp|def|1\n|-boost|p2a: Garchomp|spe|1\n|\n|upkeep\n|\n|t:|1700864951\n|switch|p1a: Vikavolt|Vikavolt, F|100\/100\n|turn|16\n|\n|t:|1700864955\n|move|p2a: Garchomp|Scale Shot|p1a: Vikavolt|[miss]\n|-miss|p2a: Garchomp|p1a: Vikavolt\n|move|p1a: Vikavolt|Thunder Wave|p2a: Garchomp\n|-status|p2a: Garchomp|par\n|\n|upkeep\n|turn|17\n|\n|t:|1700864963\n|cant|p2a: Garchomp|par\n|move|p1a: Vikavolt|Volt Switch|p2a: Garchomp\n|-damage|p2a: Garchomp|34\/100 par\n|\n|upkeep\n|turn|18\n|\n|t:|1700864968\n|move|p2a: Garchomp|Scale Shot|p1a: Vikavolt\n|-damage|p1a: Vikavolt|75\/100\n|-damage|p1a: Vikavolt|49\/100\n|-damage|p1a: Vikavolt|22\/100\n|-damage|p1a: Vikavolt|0 fnt\n|faint|p1a: Vikavolt\n|-hitcount|p1: Vikavolt|4\n|\n|win|Oshwottking\n|raw|numSkull31's rating: 1269 &rarr; <strong>1237<\/strong><br \/>(-32 for losing)\n|raw|Oshwottking's rating: 1172 &rarr; <strong>1204<\/strong><br \/>(+32 for winning)\n|l|\u2606numSkull31\n","uploadtime":1700864975,"views":3,"p1id":"numskull31","p2id":"oshwottking","formatid":"gen9ou","rating":1204,"private":0,"password":""}