{"id":"gen9ou-1994049784","p1":"shirmp2080","p2":"jacothaptrllr","format":"[Gen 9] OU","log":"|j|\u2606shirmp2080\n|j|\u2606jacothaptrllr\n|t:|1700399856\n|gametype|singles\n|player|p1|shirmp2080|emmet|1091\n|player|p2|jacothaptrllr|shadowtriad|1107\n|teamsize|p1|6\n|teamsize|p2|6\n|gen|9\n|tier|[Gen 9] OU\n|rated|\n|rule|Sleep Clause Mod: Limit one foe put to sleep\n|rule|Species Clause: Limit one of each Pok\u00e9mon\n|rule|OHKO Clause: OHKO moves are banned\n|rule|Evasion Items Clause: Evasion items are banned\n|rule|Evasion Moves Clause: Evasion moves are banned\n|rule|Endless Battle Clause: Forcing endless battles is banned\n|rule|HP Percentage Mod: HP is shown in percentages\n|clearpoke\n|poke|p1|Glimmora, F|\n|poke|p1|Garganacl, F|\n|poke|p1|Gholdengo|\n|poke|p1|Clodsire, M|\n|poke|p1|Zapdos|\n|poke|p1|Pelipper, F|\n|poke|p2|Goodra-Hisui, F|\n|poke|p2|Crawdaunt, M|\n|poke|p2|Slowbro-Galar, M|\n|poke|p2|Electrode-Hisui|\n|poke|p2|Samurott-Hisui, M|\n|poke|p2|Enamorus-Therian, F|\n|teampreview\n|inactive|Battle timer is ON: inactive players will automatically lose when time's up. (requested by jacothaptrllr)\n|\n|t:|1700399865\n|start\n|switch|p1a: Pelipper|Pelipper, F|100\/100\n|switch|p2a: gobekli tepe|Goodra-Hisui, F|100\/100\n|-item|p2a: gobekli tepe|Air Balloon\n|-weather|RainDance|[from] ability: Drizzle|[of] p1a: Pelipper\n|turn|1\n|\n|t:|1700399877\n|move|p2a: gobekli tepe|Ice Beam|p1a: Pelipper\n|-damage|p1a: Pelipper|54\/100\n|move|p1a: Pelipper|U-turn|p2a: gobekli tepe\n|-resisted|p2a: gobekli tepe\n|-damage|p2a: gobekli tepe|96\/100\n|-ability|p2a: gobekli tepe|Gooey\n|-unboost|p1a: Pelipper|spe|1\n|-enditem|p2a: gobekli tepe|Air Balloon\n|\n|t:|1700399891\n|switch|p1a: Garganacl|Garganacl, F|100\/100|[from] U-turn\n|\n|-weather|RainDance|[upkeep]\n|upkeep\n|turn|2\n|\n|t:|1700399896\n|move|p2a: gobekli tepe|Flash Cannon|p1a: Garganacl\n|-supereffective|p1a: Garganacl\n|-damage|p1a: Garganacl|44\/100\n|move|p1a: Garganacl|Salt Cure|p2a: gobekli tepe\n|-resisted|p2a: gobekli tepe\n|-damage|p2a: gobekli tepe|90\/100\n|-start|p2a: gobekli tepe|Salt Cure\n|\n|-weather|RainDance|[upkeep]\n|-heal|p1a: Garganacl|50\/100|[from] item: Leftovers\n|-damage|p2a: gobekli tepe|65\/100|[from] Salt Cure\n|upkeep\n|turn|3\n|\n|t:|1700399919\n|switch|p2a: magma storm missed|Crawdaunt, M|100\/100\n|switch|p1a: Clodsire|Clodsire, M|100\/100\n|\n|-weather|RainDance|[upkeep]\n|upkeep\n|turn|4\n|inactive|shirmp2080 has 120 seconds left.\n|\n|t:|1700399942\n|switch|p1a: Pelipper|Pelipper, F|54\/100\n|move|p2a: magma storm missed|Knock Off|p1a: Pelipper\n|-damage|p1a: Pelipper|0 fnt\n|-enditem|p1a: Pelipper|Damp Rock|[from] move: Knock Off|[of] p2a: magma storm missed\n|faint|p1a: Pelipper\n|\n|-weather|RainDance|[upkeep]\n|upkeep\n|inactive|shirmp2080 has 120 seconds left.\n|\n|t:|1700399948\n|switch|p1a: Zapdos|Zapdos|100\/100\n|turn|5\n|\n|t:|1700399958\n|switch|p2a: anti ribombee|Electrode-Hisui, shiny|100\/100\n|move|p1a: Zapdos|Thunder|p2a: anti ribombee\n|-resisted|p2a: anti ribombee\n|-damage|p2a: anti ribombee|82\/100\n|\n|-weather|RainDance|[upkeep]\n|-heal|p2a: anti ribombee|88\/100|[from] item: Leftovers\n|upkeep\n|turn|6\n|\n|t:|1700399968\n|move|p2a: anti ribombee|Leech Seed|p1a: Zapdos\n|-start|p1a: Zapdos|move: Leech Seed\n|move|p1a: Zapdos|Volt Switch|p2a: anti ribombee\n|-resisted|p2a: anti ribombee\n|-damage|p2a: anti ribombee|76\/100\n|\n|t:|1700399975\n|switch|p1a: Gholdengo|Gholdengo|100\/100|[from] Volt Switch\n|\n|-weather|RainDance|[upkeep]\n|-heal|p2a: anti ribombee|82\/100|[from] item: Leftovers\n|upkeep\n|turn|7\n|\n|t:|1700399982\n|switch|p2a: anti gholdengo|Samurott-Hisui, M|100\/100\n|move|p1a: Gholdengo|Trick|p2a: anti gholdengo\n|-activate|p1a: Gholdengo|move: Trick|[of] p2a: anti gholdengo\n|-item|p2a: anti gholdengo|Choice Specs|[from] move: Trick\n|-item|p1a: Gholdengo|Assault Vest|[from] move: Trick\n|\n|-weather|RainDance|[upkeep]\n|upkeep\n|turn|8\n|\n|t:|1700399998\n|move|p1a: Gholdengo|Make It Rain|p2a: anti gholdengo\n|-resisted|p2a: anti gholdengo\n|-damage|p2a: anti gholdengo|65\/100\n|-unboost|p1a: Gholdengo|spa|1\n|move|p2a: anti gholdengo|Ceaseless Edge|p1a: Gholdengo\n|-supereffective|p1a: Gholdengo\n|-damage|p1a: Gholdengo|14\/100\n|-sidestart|p1: shirmp2080|Spikes\n|\n|-weather|none\n|upkeep\n|turn|9\n|\n|t:|1700400009\n|move|p1a: Gholdengo|Make It Rain|p2a: anti gholdengo\n|-resisted|p2a: anti gholdengo\n|-damage|p2a: anti gholdengo|41\/100\n|-unboost|p1a: Gholdengo|spa|1\n|move|p2a: anti gholdengo|Ceaseless Edge|p1a: Gholdengo|[miss]\n|-miss|p2a: anti gholdengo|p1a: Gholdengo\n|\n|upkeep\n|turn|10\n|\n|t:|1700400019\n|move|p1a: Gholdengo|Make It Rain|p2a: anti gholdengo\n|-resisted|p2a: anti gholdengo\n|-damage|p2a: anti gholdengo|22\/100\n|-unboost|p1a: Gholdengo|spa|1\n|move|p2a: anti gholdengo|Ceaseless Edge|p1a: Gholdengo\n|-supereffective|p1a: Gholdengo\n|-damage|p1a: Gholdengo|0 fnt\n|-sidestart|p1: shirmp2080|Spikes\n|faint|p1a: Gholdengo\n|\n|upkeep\n|\n|t:|1700400029\n|switch|p1a: Zapdos|Zapdos|100\/100\n|turn|11\n|\n|t:|1700400040\n|switch|p2a: anti ribombee|Electrode-Hisui, shiny|82\/100\n|move|p1a: Zapdos|Volt Switch|p2a: anti ribombee\n|-resisted|p2a: anti ribombee\n|-damage|p2a: anti ribombee|69\/100\n|\n|t:|1700400047\n|switch|p1a: Glimmora|Glimmora, F|100\/100|[from] Volt Switch\n|-damage|p1a: Glimmora|84\/100|[from] Spikes\n|\n|-heal|p2a: anti ribombee|75\/100|[from] item: Leftovers\n|upkeep\n|turn|12\n|\n|t:|1700400059\n|switch|p2a: gobekli tepe|Goodra-Hisui, F|65\/100\n|move|p1a: Glimmora|Sludge Wave|p2a: gobekli tepe\n|-immune|p2a: gobekli tepe\n|\n|upkeep\n|turn|13\n|\n|t:|1700400066\n|move|p1a: Glimmora|Earth Power|p2a: gobekli tepe\n|-supereffective|p2a: gobekli tepe\n|-damage|p2a: gobekli tepe|18\/100\n|move|p2a: gobekli tepe|Flash Cannon|p1a: Glimmora\n|-supereffective|p1a: Glimmora\n|-damage|p1a: Glimmora|0 fnt\n|faint|p1a: Glimmora\n|\n|upkeep\n|\n|t:|1700400077\n|switch|p1a: Zapdos|Zapdos|100\/100\n|turn|14\n|\n|t:|1700400082\n|switch|p2a: anti ribombee|Electrode-Hisui, shiny|75\/100\n|move|p1a: Zapdos|Volt Switch|p2a: anti ribombee\n|-resisted|p2a: anti ribombee\n|-damage|p2a: anti ribombee|63\/100\n|\n|t:|1700400087\n|switch|p1a: Clodsire|Clodsire, M|100\/100|[from] Volt Switch\n|-damage|p1a: Clodsire|84\/100|[from] Spikes\n|\n|-heal|p2a: anti ribombee|69\/100|[from] item: Leftovers\n|-heal|p1a: Clodsire|90\/100|[from] item: Leftovers\n|upkeep\n|turn|15\n|\n|t:|1700400096\n|move|p2a: anti ribombee|Taunt|p1a: Clodsire\n|-start|p1a: Clodsire|move: Taunt\n|move|p1a: Clodsire|Earthquake|p2a: anti ribombee\n|-damage|p2a: anti ribombee|30\/100\n|\n|-heal|p2a: anti ribombee|36\/100|[from] item: Leftovers\n|-heal|p1a: Clodsire|96\/100|[from] item: Leftovers\n|upkeep\n|turn|16\n|\n|t:|1700400108\n|move|p2a: anti ribombee|Protect|p2a: anti ribombee\n|-singleturn|p2a: anti ribombee|Protect\n|move|p1a: Clodsire|Earthquake|p2a: anti ribombee\n|-activate|p2a: anti ribombee|move: Protect\n|\n|-heal|p2a: anti ribombee|42\/100|[from] item: Leftovers\n|-heal|p1a: Clodsire|100\/100|[from] item: Leftovers\n|upkeep\n|turn|17\n|\n|t:|1700400114\n|move|p2a: anti ribombee|Leech Seed|p1a: Clodsire\n|-start|p1a: Clodsire|move: Leech Seed\n|move|p1a: Clodsire|Earthquake|p2a: anti ribombee\n|-damage|p2a: anti ribombee|3\/100\n|\n|-heal|p2a: anti ribombee|9\/100|[from] item: Leftovers\n|-damage|p1a: Clodsire|88\/100|[from] Leech Seed|[of] p2a: anti ribombee\n|-heal|p2a: anti ribombee|27\/100|[silent]\n|-end|p1a: Clodsire|move: Taunt\n|upkeep\n|turn|18\n|\n|t:|1700400128\n|move|p2a: anti ribombee|Protect|p2a: anti ribombee\n|-singleturn|p2a: anti ribombee|Protect\n|move|p1a: Clodsire|Earthquake|p2a: anti ribombee\n|-activate|p2a: anti ribombee|move: Protect\n|\n|-heal|p2a: anti ribombee|33\/100|[from] item: Leftovers\n|-heal|p1a: Clodsire|94\/100|[from] item: Leftovers\n|-damage|p1a: Clodsire|82\/100|[from] Leech Seed|[of] p2a: anti ribombee\n|-heal|p2a: anti ribombee|51\/100|[silent]\n|upkeep\n|turn|19\n|\n|t:|1700400139\n|move|p2a: anti ribombee|Taunt|p1a: Clodsire\n|-start|p1a: Clodsire|move: Taunt\n|move|p1a: Clodsire|Earthquake|p2a: anti ribombee\n|-damage|p2a: anti ribombee|15\/100\n|\n|-heal|p2a: anti ribombee|21\/100|[from] item: Leftovers\n|-heal|p1a: Clodsire|88\/100|[from] item: Leftovers\n|-damage|p1a: Clodsire|76\/100|[from] Leech Seed|[of] p2a: anti ribombee\n|-heal|p2a: anti ribombee|38\/100|[silent]\n|upkeep\n|turn|20\n|\n|t:|1700400147\n|move|p2a: anti ribombee|Protect|p2a: anti ribombee\n|-singleturn|p2a: anti ribombee|Protect\n|move|p1a: Clodsire|Earthquake|p2a: anti ribombee\n|-activate|p2a: anti ribombee|move: Protect\n|\n|-heal|p2a: anti ribombee|45\/100|[from] item: Leftovers\n|-heal|p1a: Clodsire|82\/100|[from] item: Leftovers\n|-damage|p1a: Clodsire|69\/100|[from] Leech Seed|[of] p2a: anti ribombee\n|-heal|p2a: anti ribombee|62\/100|[silent]\n|upkeep\n|turn|21\n|\n|t:|1700400159\n|switch|p1a: Garganacl|Garganacl, F|50\/100\n|-damage|p1a: Garganacl|33\/100|[from] Spikes\n|move|p2a: anti ribombee|Substitute|p2a: anti ribombee\n|-start|p2a: anti ribombee|Substitute\n|-damage|p2a: anti ribombee|37\/100\n|\n|-heal|p2a: anti ribombee|43\/100|[from] item: Leftovers\n|-heal|p1a: Garganacl|39\/100|[from] item: Leftovers\n|upkeep\n|turn|22\n|\n|t:|1700400168\n|move|p2a: anti ribombee|Leech Seed|p1a: Garganacl\n|-start|p1a: Garganacl|move: Leech Seed\n|move|p1a: Garganacl|Recover|p1a: Garganacl\n|-heal|p1a: Garganacl|89\/100\n|\n|-heal|p2a: anti ribombee|50\/100|[from] item: Leftovers\n|-heal|p1a: Garganacl|96\/100|[from] item: Leftovers\n|-damage|p1a: Garganacl|83\/100|[from] Leech Seed|[of] p2a: anti ribombee\n|-heal|p2a: anti ribombee|65\/100|[silent]\n|upkeep\n|turn|23\n|\n|t:|1700400178\n|move|p2a: anti ribombee|Taunt|p1a: Garganacl\n|-start|p1a: Garganacl|move: Taunt\n|move|p1a: Garganacl|Body Press|p2a: anti ribombee\n|-end|p2a: anti ribombee|Substitute\n|\n|-heal|p2a: anti ribombee|71\/100|[from] item: Leftovers\n|-heal|p1a: Garganacl|89\/100|[from] item: Leftovers\n|-damage|p1a: Garganacl|77\/100|[from] Leech Seed|[of] p2a: anti ribombee\n|-heal|p2a: anti ribombee|87\/100|[silent]\n|upkeep\n|turn|24\n|\n|t:|1700400186\n|move|p2a: anti ribombee|Substitute|p2a: anti ribombee\n|-start|p2a: anti ribombee|Substitute\n|-damage|p2a: anti ribombee|62\/100\n|move|p1a: Garganacl|Salt Cure|p2a: anti ribombee\n|-activate|p2a: anti ribombee|move: Substitute|[damage]\n|\n|-heal|p2a: anti ribombee|68\/100|[from] item: Leftovers\n|-heal|p1a: Garganacl|83\/100|[from] item: Leftovers\n|-damage|p1a: Garganacl|71\/100|[from] Leech Seed|[of] p2a: anti ribombee\n|-heal|p2a: anti ribombee|83\/100|[silent]\n|upkeep\n|turn|25\n|\n|t:|1700400195\n|move|p2a: anti ribombee|Leech Seed||[still]\n|-fail|p2a: anti ribombee\n|move|p1a: Garganacl|Body Press|p2a: anti ribombee\n|-end|p2a: anti ribombee|Substitute\n|\n|-heal|p2a: anti ribombee|89\/100|[from] item: Leftovers\n|-heal|p1a: Garganacl|77\/100|[from] item: Leftovers\n|-damage|p1a: Garganacl|65\/100|[from] Leech Seed|[of] p2a: anti ribombee\n|-heal|p2a: anti ribombee|100\/100|[silent]\n|-end|p1a: Garganacl|move: Taunt\n|upkeep\n|turn|26\n|\n|t:|1700400206\n|move|p2a: anti ribombee|Protect|p2a: anti ribombee\n|-singleturn|p2a: anti ribombee|Protect\n|move|p1a: Garganacl|Body Press|p2a: anti ribombee\n|-activate|p2a: anti ribombee|move: Protect\n|\n|-heal|p1a: Garganacl|71\/100|[from] item: Leftovers\n|-damage|p1a: Garganacl|58\/100|[from] Leech Seed|[of] p2a: anti ribombee\n|upkeep\n|turn|27\n|\n|t:|1700400214\n|move|p2a: anti ribombee|Substitute|p2a: anti ribombee\n|-start|p2a: anti ribombee|Substitute\n|-damage|p2a: anti ribombee|75\/100\n|move|p1a: Garganacl|Body Press|p2a: anti ribombee\n|-end|p2a: anti ribombee|Substitute\n|\n|-heal|p2a: anti ribombee|82\/100|[from] item: Leftovers\n|-heal|p1a: Garganacl|65\/100|[from] item: Leftovers\n|-damage|p1a: Garganacl|52\/100|[from] Leech Seed|[of] p2a: anti ribombee\n|-heal|p2a: anti ribombee|97\/100|[silent]\n|upkeep\n|turn|28\n|\n|t:|1700400232\n|move|p2a: anti ribombee|Substitute|p2a: anti ribombee\n|-start|p2a: anti ribombee|Substitute\n|-damage|p2a: anti ribombee|72\/100\n|move|p1a: Garganacl|Iron Defense|p1a: Garganacl\n|-boost|p1a: Garganacl|def|2\n|\n|-heal|p2a: anti ribombee|78\/100|[from] item: Leftovers\n|-heal|p1a: Garganacl|58\/100|[from] item: Leftovers\n|-damage|p1a: Garganacl|46\/100|[from] Leech Seed|[of] p2a: anti ribombee\n|-heal|p2a: anti ribombee|94\/100|[silent]\n|upkeep\n|turn|29\n|\n|t:|1700400239\n|move|p2a: anti ribombee|Taunt|p1a: Garganacl\n|-start|p1a: Garganacl|move: Taunt\n|move|p1a: Garganacl|Body Press|p2a: anti ribombee\n|-end|p2a: anti ribombee|Substitute\n|\n|-heal|p2a: anti ribombee|99\/100|[from] item: Leftovers\n|-heal|p1a: Garganacl|52\/100|[from] item: Leftovers\n|-damage|p1a: Garganacl|40\/100|[from] Leech Seed|[of] p2a: anti ribombee\n|-heal|p2a: anti ribombee|100\/100|[silent]\n|upkeep\n|turn|30\n|\n|t:|1700400246\n|move|p2a: anti ribombee|Substitute|p2a: anti ribombee\n|-start|p2a: anti ribombee|Substitute\n|-damage|p2a: anti ribombee|75\/100\n|move|p1a: Garganacl|Body Press|p2a: anti ribombee\n|-end|p2a: anti ribombee|Substitute\n|\n|-heal|p2a: anti ribombee|82\/100|[from] item: Leftovers\n|-heal|p1a: Garganacl|46\/100|[from] item: Leftovers\n|-damage|p1a: Garganacl|34\/100|[from] Leech Seed|[of] p2a: anti ribombee\n|-heal|p2a: anti ribombee|97\/100|[silent]\n|upkeep\n|turn|31\n|\n|t:|1700400256\n|move|p2a: anti ribombee|Substitute|p2a: anti ribombee\n|-start|p2a: anti ribombee|Substitute\n|-damage|p2a: anti ribombee|72\/100\n|move|p1a: Garganacl|Body Press|p2a: anti ribombee\n|-end|p2a: anti ribombee|Substitute\n|\n|-heal|p2a: anti ribombee|78\/100|[from] item: Leftovers\n|-heal|p1a: Garganacl|40\/100|[from] item: Leftovers\n|-damage|p1a: Garganacl|27\/100|[from] Leech Seed|[of] p2a: anti ribombee\n|-heal|p2a: anti ribombee|94\/100|[silent]\n|-end|p1a: Garganacl|move: Taunt\n|upkeep\n|turn|32\n|\n|t:|1700400269\n|move|p2a: anti ribombee|Protect|p2a: anti ribombee\n|-singleturn|p2a: anti ribombee|Protect\n|move|p1a: Garganacl|Recover|p1a: Garganacl\n|-heal|p1a: Garganacl|77\/100\n|\n|-heal|p2a: anti ribombee|99\/100|[from] item: Leftovers\n|-heal|p1a: Garganacl|84\/100|[from] item: Leftovers\n|-damage|p1a: Garganacl|71\/100|[from] Leech Seed|[of] p2a: anti ribombee\n|-heal|p2a: anti ribombee|100\/100|[silent]\n|upkeep\n|turn|33\n|\n|t:|1700400275\n|move|p2a: anti ribombee|Taunt|p1a: Garganacl\n|-start|p1a: Garganacl|move: Taunt\n|move|p1a: Garganacl|Body Press|p2a: anti ribombee\n|-damage|p2a: anti ribombee|34\/100\n|\n|-heal|p2a: anti ribombee|41\/100|[from] item: Leftovers\n|-heal|p1a: Garganacl|77\/100|[from] item: Leftovers\n|-damage|p1a: Garganacl|65\/100|[from] Leech Seed|[of] p2a: anti ribombee\n|-heal|p2a: anti ribombee|56\/100|[silent]\n|upkeep\n|turn|34\n|\n|t:|1700400292\n|switch|p1a: Zapdos|Zapdos|100\/100\n|move|p2a: anti ribombee|Substitute|p2a: anti ribombee\n|-start|p2a: anti ribombee|Substitute\n|-damage|p2a: anti ribombee|31\/100\n|\n|-heal|p2a: anti ribombee|37\/100|[from] item: Leftovers\n|upkeep\n|turn|35\n|\n|t:|1700400302\n|move|p2a: anti ribombee|Leech Seed|p1a: Zapdos\n|-start|p1a: Zapdos|move: Leech Seed\n|move|p1a: Zapdos|Hurricane|p2a: anti ribombee\n|-crit|p2a: anti ribombee\n|-end|p2a: anti ribombee|Substitute\n|\n|-heal|p2a: anti ribombee|43\/100|[from] item: Leftovers\n|-damage|p1a: Zapdos|88\/100|[from] Leech Seed|[of] p2a: anti ribombee\n|-heal|p2a: anti ribombee|58\/100|[silent]\n|upkeep\n|turn|36\n|\n|t:|1700400313\n|move|p2a: anti ribombee|Substitute|p2a: anti ribombee\n|-start|p2a: anti ribombee|Substitute\n|-damage|p2a: anti ribombee|33\/100\n|move|p1a: Zapdos|Hurricane|p2a: anti ribombee\n|-end|p2a: anti ribombee|Substitute\n|\n|-heal|p2a: anti ribombee|39\/100|[from] item: Leftovers\n|-damage|p1a: Zapdos|76\/100|[from] Leech Seed|[of] p2a: anti ribombee\n|-heal|p2a: anti ribombee|54\/100|[silent]\n|upkeep\n|turn|37\n|\n|t:|1700400320\n|move|p2a: anti ribombee|Protect|p2a: anti ribombee\n|-singleturn|p2a: anti ribombee|Protect\n|move|p1a: Zapdos|Hurricane|p2a: anti ribombee\n|-activate|p2a: anti ribombee|move: Protect\n|\n|-heal|p2a: anti ribombee|60\/100|[from] item: Leftovers\n|-damage|p1a: Zapdos|64\/100|[from] Leech Seed|[of] p2a: anti ribombee\n|-heal|p2a: anti ribombee|74\/100|[silent]\n|upkeep\n|turn|38\n|\n|t:|1700400334\n|move|p2a: anti ribombee|Substitute|p2a: anti ribombee\n|-start|p2a: anti ribombee|Substitute\n|-damage|p2a: anti ribombee|49\/100\n|move|p1a: Zapdos|Hurricane|p2a: anti ribombee\n|-end|p2a: anti ribombee|Substitute\n|\n|-heal|p2a: anti ribombee|55\/100|[from] item: Leftovers\n|-damage|p1a: Zapdos|51\/100|[from] Leech Seed|[of] p2a: anti ribombee\n|-heal|p2a: anti ribombee|70\/100|[silent]\n|upkeep\n|turn|39\n|\n|t:|1700400344\n|move|p2a: anti ribombee|Protect|p2a: anti ribombee\n|-singleturn|p2a: anti ribombee|Protect\n|move|p1a: Zapdos|Roost|p1a: Zapdos\n|-heal|p1a: Zapdos|100\/100\n|-singleturn|p1a: Zapdos|move: Roost\n|\n|-heal|p2a: anti ribombee|76\/100|[from] item: Leftovers\n|-damage|p1a: Zapdos|88\/100|[from] Leech Seed|[of] p2a: anti ribombee\n|-heal|p2a: anti ribombee|91\/100|[silent]\n|upkeep\n|turn|40\n|inactive|shirmp2080 has 120 seconds left.\n|\n|t:|1700400375\n|move|p2a: anti ribombee|Substitute|p2a: anti ribombee\n|-start|p2a: anti ribombee|Substitute\n|-damage|p2a: anti ribombee|66\/100\n|move|p1a: Zapdos|Hurricane|p2a: anti ribombee\n|-end|p2a: anti ribombee|Substitute\n|\n|-heal|p2a: anti ribombee|72\/100|[from] item: Leftovers\n|-damage|p1a: Zapdos|76\/100|[from] Leech Seed|[of] p2a: anti ribombee\n|-heal|p2a: anti ribombee|86\/100|[silent]\n|upkeep\n|turn|41\n|inactive|shirmp2080 has 120 seconds left.\n|\n|t:|1700400385\n|move|p2a: anti ribombee|Substitute|p2a: anti ribombee\n|-start|p2a: anti ribombee|Substitute\n|-damage|p2a: anti ribombee|61\/100\n|move|p1a: Zapdos|Hurricane|p2a: anti ribombee|[miss]\n|-miss|p1a: Zapdos|p2a: anti ribombee\n|\n|-heal|p2a: anti ribombee|67\/100|[from] item: Leftovers\n|-damage|p1a: Zapdos|64\/100|[from] Leech Seed|[of] p2a: anti ribombee\n|-heal|p2a: anti ribombee|82\/100|[silent]\n|upkeep\n|turn|42\n|\n|t:|1700400393\n|move|p2a: anti ribombee|Taunt|p1a: Zapdos\n|-start|p1a: Zapdos|move: Taunt\n|cant|p1a: Zapdos|move: Taunt|Roost\n|\n|-heal|p2a: anti ribombee|88\/100|[from] item: Leftovers\n|-damage|p1a: Zapdos|51\/100|[from] Leech Seed|[of] p2a: anti ribombee\n|-heal|p2a: anti ribombee|100\/100|[silent]\n|upkeep\n|turn|43\n|\n|t:|1700400401\n|move|p2a: anti ribombee|Protect|p2a: anti ribombee\n|-singleturn|p2a: anti ribombee|Protect\n|move|p1a: Zapdos|Hurricane|p2a: anti ribombee\n|-activate|p2a: anti ribombee|move: Protect\n|\n|-damage|p1a: Zapdos|39\/100|[from] Leech Seed|[of] p2a: anti ribombee\n|upkeep\n|turn|44\n|\n|t:|1700400408\n|move|p2a: anti ribombee|Leech Seed||[still]\n|-fail|p2a: anti ribombee\n|move|p1a: Zapdos|Hurricane|p2a: anti ribombee\n|-end|p2a: anti ribombee|Substitute\n|\n|-damage|p1a: Zapdos|27\/100|[from] Leech Seed|[of] p2a: anti ribombee\n|-end|p1a: Zapdos|move: Taunt\n|upkeep\n|turn|45\n|\n|t:|1700400423\n|move|p2a: anti ribombee|Taunt|p1a: Zapdos\n|-start|p1a: Zapdos|move: Taunt\n|cant|p1a: Zapdos|move: Taunt|Roost\n|\n|-damage|p1a: Zapdos|15\/100|[from] Leech Seed|[of] p2a: anti ribombee\n|upkeep\n|turn|46\n|\n|t:|1700400437\n|move|p2a: anti ribombee|Substitute|p2a: anti ribombee\n|-start|p2a: anti ribombee|Substitute\n|-damage|p2a: anti ribombee|75\/100\n|move|p1a: Zapdos|Volt Switch|p2a: anti ribombee\n|-resisted|p2a: anti ribombee\n|-activate|p2a: anti ribombee|move: Substitute|[damage]\n|l|\u2606shirmp2080\n|inactive|shirmp2080 disconnected and has a minute to reconnect!\n|player|p1|\n|inactive|shirmp2080 has 30 seconds to reconnect!\n|j|\u2606shirmp2080\n|inactive|shirmp2080 reconnected and has 90 seconds left.\n|player|p1|shirmp2080|emmet\n|\n|t:|1700400499\n|switch|p1a: Garganacl|Garganacl, F|65\/100|[from] Volt Switch\n|-damage|p1a: Garganacl|49\/100|[from] Spikes\n|\n|-heal|p2a: anti ribombee|82\/100|[from] item: Leftovers\n|-heal|p1a: Garganacl|55\/100|[from] item: Leftovers\n|upkeep\n|turn|47\n|inactive|shirmp2080 has 90 seconds left.\n|\n|t:|1700400513\n|move|p2a: anti ribombee|Taunt|p1a: Garganacl\n|-start|p1a: Garganacl|move: Taunt\n|cant|p1a: Garganacl|move: Taunt|Iron Defense\n|\n|-heal|p2a: anti ribombee|88\/100|[from] item: Leftovers\n|-heal|p1a: Garganacl|61\/100|[from] item: Leftovers\n|upkeep\n|turn|48\n|\n|t:|1700400518\n|move|p2a: anti ribombee|Leech Seed|p1a: Garganacl\n|-start|p1a: Garganacl|move: Leech Seed\n|move|p1a: Garganacl|Body Press|p2a: anti ribombee\n|-end|p2a: anti ribombee|Substitute\n|\n|-heal|p2a: anti ribombee|94\/100|[from] item: Leftovers\n|-heal|p1a: Garganacl|67\/100|[from] item: Leftovers\n|-damage|p1a: Garganacl|55\/100|[from] Leech Seed|[of] p2a: anti ribombee\n|-heal|p2a: anti ribombee|100\/100|[silent]\n|upkeep\n|turn|49\n|\n|t:|1700400531\n|move|p2a: anti ribombee|Protect|p2a: anti ribombee\n|-singleturn|p2a: anti ribombee|Protect\n|move|p1a: Garganacl|Body Press|p2a: anti ribombee\n|-activate|p2a: anti ribombee|move: Protect\n|\n|-heal|p1a: Garganacl|61\/100|[from] item: Leftovers\n|-damage|p1a: Garganacl|49\/100|[from] Leech Seed|[of] p2a: anti ribombee\n|-end|p1a: Garganacl|move: Taunt\n|upkeep\n|turn|50\n|\n|t:|1700400550\n|move|p2a: anti ribombee|Taunt|p1a: Garganacl\n|-start|p1a: Garganacl|move: Taunt\n|cant|p1a: Garganacl|move: Taunt|Iron Defense\n|\n|-heal|p1a: Garganacl|55\/100|[from] item: Leftovers\n|-damage|p1a: Garganacl|42\/100|[from] Leech Seed|[of] p2a: anti ribombee\n|upkeep\n|turn|51\n|\n|t:|1700400557\n|move|p2a: anti ribombee|Substitute|p2a: anti ribombee\n|-start|p2a: anti ribombee|Substitute\n|-damage|p2a: anti ribombee|75\/100\n|move|p1a: Garganacl|Body Press|p2a: anti ribombee\n|-end|p2a: anti ribombee|Substitute\n|\n|-heal|p2a: anti ribombee|82\/100|[from] item: Leftovers\n|-heal|p1a: Garganacl|49\/100|[from] item: Leftovers\n|-damage|p1a: Garganacl|36\/100|[from] Leech Seed|[of] p2a: anti ribombee\n|-heal|p2a: anti ribombee|97\/100|[silent]\n|upkeep\n|turn|52\n|\n|t:|1700400564\n|move|p2a: anti ribombee|Protect|p2a: anti ribombee\n|-singleturn|p2a: anti ribombee|Protect\n|move|p1a: Garganacl|Body Press|p2a: anti ribombee\n|-activate|p2a: anti ribombee|move: Protect\n|\n|-heal|p2a: anti ribombee|100\/100|[from] item: Leftovers\n|-heal|p1a: Garganacl|42\/100|[from] item: Leftovers\n|-damage|p1a: Garganacl|30\/100|[from] Leech Seed|[of] p2a: anti ribombee\n|-end|p1a: Garganacl|move: Taunt\n|upkeep\n|turn|53\n|\n|t:|1700400580\n|move|p2a: anti ribombee|Taunt|p1a: Garganacl\n|-start|p1a: Garganacl|move: Taunt\n|move|p1a: Garganacl|Body Press|p2a: anti ribombee\n|-damage|p2a: anti ribombee|69\/100\n|\n|-heal|p2a: anti ribombee|75\/100|[from] item: Leftovers\n|-heal|p1a: Garganacl|36\/100|[from] item: Leftovers\n|-damage|p1a: Garganacl|24\/100|[from] Leech Seed|[of] p2a: anti ribombee\n|-heal|p2a: anti ribombee|91\/100|[silent]\n|upkeep\n|turn|54\n|\n|t:|1700400595\n|switch|p1a: Clodsire|Clodsire, M|69\/100\n|-damage|p1a: Clodsire|53\/100|[from] Spikes\n|move|p2a: anti ribombee|Protect||[still]\n|-fail|p2a: anti ribombee\n|\n|-heal|p2a: anti ribombee|97\/100|[from] item: Leftovers\n|-heal|p1a: Clodsire|59\/100|[from] item: Leftovers\n|upkeep\n|turn|55\n|\n|t:|1700400608\n|move|p2a: anti ribombee|Leech Seed|p1a: Clodsire\n|-start|p1a: Clodsire|move: Leech Seed\n|move|p1a: Clodsire|Earthquake|p2a: anti ribombee\n|-damage|p2a: anti ribombee|61\/100\n|\n|-heal|p2a: anti ribombee|67\/100|[from] item: Leftovers\n|-heal|p1a: Clodsire|65\/100|[from] item: Leftovers\n|-damage|p1a: Clodsire|53\/100|[from] Leech Seed|[of] p2a: anti ribombee\n|-heal|p2a: anti ribombee|85\/100|[silent]\n|upkeep\n|turn|56\n|\n|t:|1700400616\n|move|p2a: anti ribombee|Protect|p2a: anti ribombee\n|-singleturn|p2a: anti ribombee|Protect\n|move|p1a: Clodsire|Earthquake|p2a: anti ribombee\n|-activate|p2a: anti ribombee|move: Protect\n|\n|-heal|p2a: anti ribombee|91\/100|[from] item: Leftovers\n|-heal|p1a: Clodsire|59\/100|[from] item: Leftovers\n|-damage|p1a: Clodsire|46\/100|[from] Leech Seed|[of] p2a: anti ribombee\n|-heal|p2a: anti ribombee|100\/100|[silent]\n|upkeep\n|turn|57\n|inactive|shirmp2080 has 120 seconds left.\n|\n|t:|1700400628\n|move|p2a: anti ribombee|Taunt|p1a: Clodsire\n|-start|p1a: Clodsire|move: Taunt\n|move|p1a: Clodsire|Earthquake|p2a: anti ribombee\n|-damage|p2a: anti ribombee|61\/100\n|\n|-heal|p2a: anti ribombee|67\/100|[from] item: Leftovers\n|-heal|p1a: Clodsire|52\/100|[from] item: Leftovers\n|-damage|p1a: Clodsire|40\/100|[from] Leech Seed|[of] p2a: anti ribombee\n|-heal|p2a: anti ribombee|84\/100|[silent]\n|upkeep\n|turn|58\n|\n|t:|1700400637\n|move|p2a: anti ribombee|Protect|p2a: anti ribombee\n|-singleturn|p2a: anti ribombee|Protect\n|move|p1a: Clodsire|Earthquake|p2a: anti ribombee\n|-activate|p2a: anti ribombee|move: Protect\n|\n|-heal|p2a: anti ribombee|91\/100|[from] item: Leftovers\n|-heal|p1a: Clodsire|46\/100|[from] item: Leftovers\n|-damage|p1a: Clodsire|34\/100|[from] Leech Seed|[of] p2a: anti ribombee\n|-heal|p2a: anti ribombee|100\/100|[silent]\n|upkeep\n|turn|59\n|\n|t:|1700400656\n|switch|p1a: Zapdos|Zapdos|15\/100\n|move|p2a: anti ribombee|Taunt|p1a: Zapdos\n|-start|p1a: Zapdos|move: Taunt\n|\n|upkeep\n|turn|60\n|\n|t:|1700400664\n|move|p2a: anti ribombee|Substitute|p2a: anti ribombee\n|-start|p2a: anti ribombee|Substitute\n|-damage|p2a: anti ribombee|75\/100\n|move|p1a: Zapdos|Volt Switch|p2a: anti ribombee\n|-resisted|p2a: anti ribombee\n|-activate|p2a: anti ribombee|move: Substitute|[damage]\n|\n|t:|1700400672\n|switch|p1a: Clodsire|Clodsire, M|34\/100|[from] Volt Switch\n|-damage|p1a: Clodsire|17\/100|[from] Spikes\n|\n|-heal|p2a: anti ribombee|82\/100|[from] item: Leftovers\n|-heal|p1a: Clodsire|23\/100|[from] item: Leftovers\n|upkeep\n|turn|61\n|\n|t:|1700400679\n|move|p2a: anti ribombee|Taunt|p1a: Clodsire\n|-start|p1a: Clodsire|move: Taunt\n|move|p1a: Clodsire|Earthquake|p2a: anti ribombee\n|-end|p2a: anti ribombee|Substitute\n|\n|-heal|p2a: anti ribombee|88\/100|[from] item: Leftovers\n|-heal|p1a: Clodsire|29\/100|[from] item: Leftovers\n|upkeep\n|turn|62\n|\n|t:|1700400686\n|switch|p1a: Zapdos|Zapdos|15\/100\n|move|p2a: anti ribombee|Leech Seed|p1a: Zapdos|[miss]\n|-miss|p2a: anti ribombee|p1a: Zapdos\n|\n|-heal|p2a: anti ribombee|94\/100|[from] item: Leftovers\n|upkeep\n|turn|63\n|\n|t:|1700400694\n|move|p2a: anti ribombee|Taunt|p1a: Zapdos\n|-start|p1a: Zapdos|move: Taunt\n|cant|p1a: Zapdos|move: Taunt|Roost\n|\n|-heal|p2a: anti ribombee|99\/100|[from] item: Leftovers\n|upkeep\n|turn|64\n|\n|t:|1700400703\n|move|p2a: anti ribombee|Leech Seed|p1a: Zapdos\n|-start|p1a: Zapdos|move: Leech Seed\n|move|p1a: Zapdos|Volt Switch|p2a: anti ribombee\n|-resisted|p2a: anti ribombee\n|-damage|p2a: anti ribombee|88\/100\n|\n|t:|1700400708\n|switch|p1a: Garganacl|Garganacl, F|24\/100|[from] Volt Switch\n|-damage|p1a: Garganacl|7\/100|[from] Spikes\n|\n|-heal|p2a: anti ribombee|94\/100|[from] item: Leftovers\n|-heal|p1a: Garganacl|13\/100|[from] item: Leftovers\n|upkeep\n|turn|65\n|\n|t:|1700400717\n|move|p2a: anti ribombee|Taunt|p1a: Garganacl\n|-start|p1a: Garganacl|move: Taunt\n|move|p1a: Garganacl|Salt Cure|p2a: anti ribombee\n|-damage|p2a: anti ribombee|76\/100\n|-start|p2a: anti ribombee|Salt Cure\n|\n|-heal|p2a: anti ribombee|83\/100|[from] item: Leftovers\n|-heal|p1a: Garganacl|20\/100|[from] item: Leftovers\n|-damage|p2a: anti ribombee|70\/100|[from] Salt Cure\n|upkeep\n|turn|66\n|\n|t:|1700400729\n|switch|p2a: magma storm missed|Crawdaunt, M|100\/100\n|switch|p1a: Zapdos|Zapdos|15\/100\n|\n|upkeep\n|turn|67\n|\n|t:|1700400735\n|move|p2a: magma storm missed|Aqua Jet|p1a: Zapdos\n|-damage|p1a: Zapdos|0 fnt\n|faint|p1a: Zapdos\n|\n|upkeep\n|c|\u2606shirmp2080|damn\n|c|\u2606shirmp2080|gg\n|-message|shirmp2080 forfeited.\n|\n|win|jacothaptrllr\n|raw|shirmp2080's rating: 1091 &rarr; <strong>1068<\/strong><br \/>(-23 for losing)\n|raw|jacothaptrllr's rating: 1107 &rarr; <strong>1131<\/strong><br \/>(+24 for winning)\n|l|\u2606shirmp2080\n|c|\u2606jacothaptrllr|gg\n","uploadtime":1700400773,"views":6,"p1id":"shirmp2080","p2id":"jacothaptrllr","formatid":"gen9ou","rating":1068,"private":0,"password":""}