{"id":"gen9ou-1998075455","p1":"zuwo","p2":"warmasfan","format":"[Gen 9] OU","log":"|j|\u2606zuwo\n|j|\u2606warmasfan\n|t:|1700887376\n|gametype|singles\n|player|p1|zuwo|brawly|1104\n|player|p2|warmasfan|1|1173\n|teamsize|p1|6\n|teamsize|p2|6\n|gen|9\n|tier|[Gen 9] OU\n|rated|\n|rule|Sleep Clause Mod: Limit one foe put to sleep\n|rule|Species Clause: Limit one of each Pok\u00e9mon\n|rule|OHKO Clause: OHKO moves are banned\n|rule|Evasion Items Clause: Evasion items are banned\n|rule|Evasion Moves Clause: Evasion moves are banned\n|rule|Endless Battle Clause: Forcing endless battles is banned\n|rule|HP Percentage Mod: HP is shown in percentages\n|clearpoke\n|poke|p1|Masquerain, F|\n|poke|p1|Gardevoir, F|\n|poke|p1|Glimmora, M|\n|poke|p1|Orthworm, M|\n|poke|p1|Dragapult, M|\n|poke|p1|Great Tusk|\n|poke|p2|Heatran, M|\n|poke|p2|Dondozo, F|\n|poke|p2|Amoonguss, F|\n|poke|p2|Ogerpon-Wellspring, F|\n|poke|p2|Thundurus-Therian, M|\n|poke|p2|Iron Valiant|\n|teampreview\n|\n|t:|1700887391\n|start\n|switch|p1a: Masquerain|Masquerain, F|100\/100\n|switch|p2a: \u96f7\u7535\u5f71|Thundurus-Therian, M, shiny|100\/100\n|-ability|p1a: Masquerain|Intimidate|boost\n|-unboost|p2a: \u96f7\u7535\u5f71|atk|1\n|turn|1\n|\n|t:|1700887407\n|move|p2a: \u96f7\u7535\u5f71|Volt Switch|p1a: Masquerain\n|-supereffective|p1a: Masquerain\n|-enditem|p1a: Masquerain|Focus Sash\n|-damage|p1a: Masquerain|1\/100\n|\n|t:|1700887413\n|switch|p2a: \u795e\u76fe\u5c40\u5c40\u957f|Amoonguss, F, shiny|100\/100|[from] Volt Switch\n|move|p1a: Masquerain|Sticky Web|p2a: \u795e\u76fe\u5c40\u5c40\u957f\n|-sidestart|p2: warmasfan|move: Sticky Web\n|\n|upkeep\n|turn|2\n|\n|t:|1700887429\n|move|p1a: Masquerain|Stun Spore|p2a: \u795e\u76fe\u5c40\u5c40\u957f\n|-immune|p2a: \u795e\u76fe\u5c40\u5c40\u957f\n|move|p2a: \u795e\u76fe\u5c40\u5c40\u957f|Giga Drain|p1a: Masquerain\n|-resisted|p1a: Masquerain\n|-damage|p1a: Masquerain|0 fnt\n|faint|p1a: Masquerain\n|\n|upkeep\n|inactive|Battle timer is ON: inactive players will automatically lose when time's up. (requested by warmasfan)\n|\n|t:|1700887464\n|switch|p1a: Orthworm|Orthworm, M|100\/100\n|turn|3\n|\n|t:|1700887476\n|switch|p2a: Iron Valiant|Iron Valiant|100\/100\n|-activate|p2a: Iron Valiant|move: Sticky Web\n|-unboost|p2a: Iron Valiant|spe|1\n|-enditem|p2a: Iron Valiant|Booster Energy\n|-activate|p2a: Iron Valiant|ability: Quark Drive|[fromitem]\n|-start|p2a: Iron Valiant|quarkdriveatk\n|move|p1a: Orthworm|Stealth Rock|p2a: Iron Valiant\n|-sidestart|p2: warmasfan|move: Stealth Rock\n|\n|upkeep\n|turn|4\n|\n|t:|1700887505\n|move|p2a: Iron Valiant|Close Combat|p1a: Orthworm\n|-supereffective|p1a: Orthworm\n|-crit|p1a: Orthworm\n|-damage|p1a: Orthworm|0 fnt\n|-unboost|p2a: Iron Valiant|def|1\n|-unboost|p2a: Iron Valiant|spd|1\n|faint|p1a: Orthworm\n|\n|upkeep\n|inactive|zuwo has 120 seconds left.\n|\n|t:|1700887519\n|switch|p1a: Gardevoir|Gardevoir, F|100\/100\n|turn|5\n|\n|t:|1700887526\n|move|p1a: Gardevoir|Psychic|p2a: Iron Valiant\n|-supereffective|p2a: Iron Valiant\n|-damage|p2a: Iron Valiant|0 fnt\n|faint|p2a: Iron Valiant\n|-end|p2a: Iron Valiant|Quark Drive|[silent]\n|-damage|p1a: Gardevoir|91\/100|[from] item: Life Orb\n|\n|upkeep\n|\n|t:|1700887541\n|switch|p2a: \u96f7\u7535\u5f71|Thundurus-Therian, M, shiny|100\/100\n|-ability|p1a: Gardevoir|Volt Absorb|[from] ability: Trace|[of] p2a: \u96f7\u7535\u5f71\n|-damage|p2a: \u96f7\u7535\u5f71|76\/100|[from] Stealth Rock\n|turn|6\n|\n|t:|1700887552\n|switch|p1a: Great Tusk|Great Tusk|100\/100\n|move|p2a: \u96f7\u7535\u5f71|Flash Cannon|p1a: Great Tusk\n|-damage|p1a: Great Tusk|54\/100\n|\n|-heal|p1a: Great Tusk|61\/100|[from] item: Leftovers\n|upkeep\n|turn|7\n|\n|t:|1700887571\n|switch|p2a: \u795e\u76fe\u5c40\u5c40\u957f|Amoonguss, F, shiny|100\/100\n|-activate|p2a: \u795e\u76fe\u5c40\u5c40\u957f|move: Sticky Web\n|-unboost|p2a: \u795e\u76fe\u5c40\u5c40\u957f|spe|1\n|-damage|p2a: \u795e\u76fe\u5c40\u5c40\u957f|88\/100|[from] Stealth Rock\n|-end|p1a: Great Tusk|Protosynthesis|[silent]\n|switch|p1a: Glimmora|Glimmora, M|100\/100\n|\n|-heal|p2a: \u795e\u76fe\u5c40\u5c40\u957f|94\/100|[from] item: Leftovers\n|upkeep\n|turn|8\n|\n|t:|1700887583\n|move|p1a: Glimmora|Spikes|p2a: \u795e\u76fe\u5c40\u5c40\u957f\n|-sidestart|p2: warmasfan|Spikes\n|move|p2a: \u795e\u76fe\u5c40\u5c40\u957f|Giga Drain|p1a: Glimmora\n|-damage|p1a: Glimmora|68\/100\n|-heal|p2a: \u795e\u76fe\u5c40\u5c40\u957f|100\/100|[from] drain|[of] p1a: Glimmora\n|\n|-heal|p1a: Glimmora|74\/100|[from] item: Leftovers\n|upkeep\n|turn|9\n|inactive|zuwo has 120 seconds left.\n|\n|t:|1700887615\n|move|p1a: Glimmora|Spikes|p2a: \u795e\u76fe\u5c40\u5c40\u957f\n|-sidestart|p2: warmasfan|Spikes\n|move|p2a: \u795e\u76fe\u5c40\u5c40\u957f|Spore|p1a: Glimmora\n|-status|p1a: Glimmora|slp|[from] move: Spore\n|\n|-heal|p1a: Glimmora|80\/100 slp|[from] item: Leftovers\n|upkeep\n|turn|10\n|\n|t:|1700887633\n|switch|p1a: Great Tusk|Great Tusk|61\/100\n|switch|p2a: \u96f7\u7535\u5f71|Thundurus-Therian, M, shiny|76\/100\n|-damage|p2a: \u96f7\u7535\u5f71|51\/100|[from] Stealth Rock\n|\n|-heal|p1a: Great Tusk|67\/100|[from] item: Leftovers\n|upkeep\n|turn|11\n|\n|t:|1700887643\n|-terastallize|p2a: \u96f7\u7535\u5f71|Flying\n|move|p2a: \u96f7\u7535\u5f71|Tera Blast|p1a: Great Tusk|[anim] Tera Blast Flying\n|-supereffective|p1a: Great Tusk\n|-damage|p1a: Great Tusk|0 fnt\n|faint|p1a: Great Tusk\n|-end|p1a: Great Tusk|Protosynthesis|[silent]\n|\n|upkeep\n|\n|t:|1700887663\n|switch|p1a: Dragapult|Dragapult, M|100\/100\n|turn|12\n|\n|t:|1700887668\n|move|p2a: \u96f7\u7535\u5f71|Tera Blast|p1a: Dragapult|[anim] Tera Blast Flying\n|-damage|p1a: Dragapult|18\/100\n|move|p1a: Dragapult|Dragon Darts|p2a: \u96f7\u7535\u5f71\n|-damage|p2a: \u96f7\u7535\u5f71|0 fnt\n|faint|p2a: \u96f7\u7535\u5f71\n|-damage|p1a: Dragapult|9\/100|[from] item: Life Orb\n|\n|upkeep\n|\n|t:|1700887677\n|switch|p2a: \u4e11\u9738\u4e11\u9738|Dondozo, F, shiny|100\/100\n|-activate|p2a: \u4e11\u9738\u4e11\u9738|move: Sticky Web\n|-unboost|p2a: \u4e11\u9738\u4e11\u9738|spe|1\n|-damage|p2a: \u4e11\u9738\u4e11\u9738|88\/100|[from] Stealth Rock\n|-damage|p2a: \u4e11\u9738\u4e11\u9738|71\/100|[from] Spikes\n|turn|13\n|\n|t:|1700887692\n|move|p1a: Dragapult|Dragon Darts|p2a: \u4e11\u9738\u4e11\u9738\n|-damage|p2a: \u4e11\u9738\u4e11\u9738|50\/100\n|-anim|p1a: Dragapult|Dragon Darts|p2a: \u4e11\u9738\u4e11\u9738\n|-damage|p2a: \u4e11\u9738\u4e11\u9738|28\/100\n|-damage|p1a: Dragapult|0 fnt|[from] item: Life Orb\n|faint|p1a: Dragapult\n|move|p2a: \u4e11\u9738\u4e11\u9738|Wave Crash|p1: Dragapult|[notarget]\n|-fail|p2a: \u4e11\u9738\u4e11\u9738\n|\n|-heal|p2a: \u4e11\u9738\u4e11\u9738|34\/100|[from] item: Leftovers\n|upkeep\n|\n|t:|1700887704\n|switch|p1a: Glimmora|Glimmora, M|80\/100 slp\n|turn|14\n|\n|t:|1700887712\n|cant|p1a: Glimmora|slp\n|move|p2a: \u4e11\u9738\u4e11\u9738|Wave Crash|p1a: Glimmora\n|-supereffective|p1a: Glimmora\n|-damage|p1a: Glimmora|0 fnt\n|-activate|p1a: Glimmora|ability: Toxic Debris\n|-sidestart|p2: warmasfan|move: Toxic Spikes\n|faint|p1a: Glimmora\n|-damage|p2a: \u4e11\u9738\u4e11\u9738|18\/100|[from] Recoil\n|\n|-heal|p2a: \u4e11\u9738\u4e11\u9738|24\/100|[from] item: Leftovers\n|upkeep\n|\n|t:|1700887724\n|switch|p1a: Gardevoir|Gardevoir, F|91\/100\n|-ability|p1a: Gardevoir|Unaware|[from] ability: Trace|[of] p2a: \u4e11\u9738\u4e11\u9738\n|turn|15\n|\n|t:|1700887730\n|move|p2a: \u4e11\u9738\u4e11\u9738|Protect|p2a: \u4e11\u9738\u4e11\u9738\n|-singleturn|p2a: \u4e11\u9738\u4e11\u9738|Protect\n|move|p1a: Gardevoir|Calm Mind|p1a: Gardevoir\n|-boost|p1a: Gardevoir|spa|1\n|-boost|p1a: Gardevoir|spd|1\n|\n|-heal|p2a: \u4e11\u9738\u4e11\u9738|30\/100|[from] item: Leftovers\n|upkeep\n|turn|16\n|\n|t:|1700887745\n|switch|p2a: \u795e\u76fe\u5c40\u5c40\u957f|Amoonguss, F, shiny|100\/100\n|-activate|p2a: \u795e\u76fe\u5c40\u5c40\u957f|move: Sticky Web\n|-unboost|p2a: \u795e\u76fe\u5c40\u5c40\u957f|spe|1\n|-damage|p2a: \u795e\u76fe\u5c40\u5c40\u957f|88\/100|[from] Stealth Rock\n|-damage|p2a: \u795e\u76fe\u5c40\u5c40\u957f|71\/100|[from] Spikes\n|-sideend|p2: warmasfan|move: Toxic Spikes|[of] p2a: \u795e\u76fe\u5c40\u5c40\u957f\n|move|p1a: Gardevoir|Psychic|p2a: \u795e\u76fe\u5c40\u5c40\u957f\n|-supereffective|p2a: \u795e\u76fe\u5c40\u5c40\u957f\n|-damage|p2a: \u795e\u76fe\u5c40\u5c40\u957f|0 fnt\n|faint|p2a: \u795e\u76fe\u5c40\u5c40\u957f\n|-damage|p1a: Gardevoir|81\/100|[from] item: Life Orb\n|\n|upkeep\n|\n|t:|1700887757\n|switch|p2a: \u6211\u8981\u63a8\u961f\u5566|Ogerpon-Wellspring, F|100\/100\n|-activate|p2a: \u6211\u8981\u63a8\u961f\u5566|move: Sticky Web\n|-unboost|p2a: \u6211\u8981\u63a8\u961f\u5566|spe|1\n|-damage|p2a: \u6211\u8981\u63a8\u961f\u5566|88\/100|[from] Stealth Rock\n|-damage|p2a: \u6211\u8981\u63a8\u961f\u5566|72\/100|[from] Spikes\n|turn|17\n|\n|t:|1700887766\n|-terastallize|p1a: Gardevoir|Psychic\n|move|p1a: Gardevoir|Psychic|p2a: \u6211\u8981\u63a8\u961f\u5566\n|-damage|p2a: \u6211\u8981\u63a8\u961f\u5566|0 fnt\n|faint|p2a: \u6211\u8981\u63a8\u961f\u5566\n|-damage|p1a: Gardevoir|71\/100|[from] item: Life Orb\n|\n|upkeep\n|\n|t:|1700887775\n|switch|p2a: Heatran|Heatran, M, shiny|100\/100\n|-damage|p2a: Heatran|88\/100|[from] Stealth Rock\n|-item|p2a: Heatran|Air Balloon\n|turn|18\n|\n|t:|1700887791\n|move|p1a: Gardevoir|Psychic|p2a: Heatran\n|-resisted|p2a: Heatran\n|-damage|p2a: Heatran|39\/100\n|-enditem|p2a: Heatran|Air Balloon\n|-damage|p1a: Gardevoir|62\/100|[from] item: Life Orb\n|move|p2a: Heatran|Magma Storm|p1a: Gardevoir|[miss]\n|-miss|p2a: Heatran|p1a: Gardevoir\n|\n|upkeep\n|turn|19\n|\n|t:|1700887801\n|move|p1a: Gardevoir|Psychic|p2a: Heatran\n|-resisted|p2a: Heatran\n|-damage|p2a: Heatran|0 fnt\n|faint|p2a: Heatran\n|-damage|p1a: Gardevoir|52\/100|[from] item: Life Orb\n|\n|upkeep\n|\n|t:|1700887807\n|switch|p2a: \u4e11\u9738\u4e11\u9738|Dondozo, F, shiny|30\/100\n|-activate|p2a: \u4e11\u9738\u4e11\u9738|move: Sticky Web\n|-unboost|p2a: \u4e11\u9738\u4e11\u9738|spe|1\n|-damage|p2a: \u4e11\u9738\u4e11\u9738|18\/100|[from] Stealth Rock\n|-damage|p2a: \u4e11\u9738\u4e11\u9738|1\/100|[from] Spikes\n|turn|20\n|\n|t:|1700887814\n|move|p1a: Gardevoir|Psychic|p2a: \u4e11\u9738\u4e11\u9738\n|-damage|p2a: \u4e11\u9738\u4e11\u9738|0 fnt\n|faint|p2a: \u4e11\u9738\u4e11\u9738\n|-damage|p1a: Gardevoir|42\/100|[from] item: Life Orb\n|\n|win|zuwo\n|raw|zuwo's rating: 1104 &rarr; <strong>1134<\/strong><br \/>(+30 for winning)\n|raw|warmasfan's rating: 1173 &rarr; <strong>1143<\/strong><br \/>(-30 for losing)\n|l|\u2606warmasfan\n","uploadtime":1700887828,"views":8,"p1id":"zuwo","p2id":"warmasfan","formatid":"gen9ou","rating":1134,"private":0,"password":""}