{"id":"gen9ou-1993114457","p1":"wookiepizza","p2":"relip","format":"[Gen 9] OU","log":"|j|\u2606wookiepizza\n|j|\u2606relip\n|t:|1700266450\n|gametype|singles\n|player|p1|wookiepizza|2|1324\n|player|p2|relip|volkner|1346\n|teamsize|p1|6\n|teamsize|p2|6\n|gen|9\n|tier|[Gen 9] OU\n|rated|\n|rule|Sleep Clause Mod: Limit one foe put to sleep\n|rule|Species Clause: Limit one of each Pok\u00e9mon\n|rule|OHKO Clause: OHKO moves are banned\n|rule|Evasion Items Clause: Evasion items are banned\n|rule|Evasion Moves Clause: Evasion moves are banned\n|rule|Endless Battle Clause: Forcing endless battles is banned\n|rule|HP Percentage Mod: HP is shown in percentages\n|clearpoke\n|poke|p1|Ogerpon-Wellspring, F|\n|poke|p1|Walking Wake|\n|poke|p1|Great Tusk|\n|poke|p1|Gholdengo|\n|poke|p1|Heatran, F|\n|poke|p1|Torkoal, F|\n|poke|p2|Staraptor, F|\n|poke|p2|Clodsire, M|\n|poke|p2|Iron Hands|\n|poke|p2|Enamorus, F|\n|poke|p2|Maushold-Four|\n|poke|p2|Sinistcha-Masterpiece|\n|teampreview\n|j| StatykBoy\n|\n|t:|1700266461\n|start\n|switch|p1a: Torkoal|Torkoal, F|100\/100\n|switch|p2a: Staraptor|Staraptor, F|100\/100\n|-weather|SunnyDay|[from] ability: Drought|[of] p1a: Torkoal\n|turn|1\n|\n|t:|1700266479\n|move|p2a: Staraptor|Close Combat|p1a: Torkoal\n|-damage|p1a: Torkoal|68\/100\n|-unboost|p2a: Staraptor|def|1\n|-unboost|p2a: Staraptor|spd|1\n|move|p1a: Torkoal|Yawn|p2a: Staraptor\n|-start|p2a: Staraptor|move: Yawn|[of] p1a: Torkoal\n|\n|-weather|SunnyDay|[upkeep]\n|upkeep\n|turn|2\n|\n|t:|1700266493\n|switch|p2a: Iron Hands|Iron Hands|100\/100\n|move|p1a: Torkoal|Stealth Rock|p2a: Iron Hands\n|-sidestart|p2: relip|move: Stealth Rock\n|\n|-weather|SunnyDay|[upkeep]\n|upkeep\n|turn|3\n|\n|t:|1700266509\n|move|p2a: Iron Hands|Volt Switch|p1a: Torkoal\n|-damage|p1a: Torkoal|52\/100\n|\n|t:|1700266513\n|-end|p2a: Iron Hands|Quark Drive|[silent]\n|switch|p2a: Maushold|Maushold-Four|100\/100|[from] Volt Switch\n|-damage|p2a: Maushold|88\/100|[from] Stealth Rock\n|move|p1a: Torkoal|Yawn|p2a: Maushold\n|-start|p2a: Maushold|move: Yawn|[of] p1a: Torkoal\n|\n|-weather|SunnyDay|[upkeep]\n|upkeep\n|turn|4\n|\n|t:|1700266560\n|switch|p2a: Staraptor|Staraptor, F|100\/100\n|-damage|p2a: Staraptor|75\/100|[from] Stealth Rock\n|switch|p1a: Walking Wake|Walking Wake|100\/100\n|-activate|p1a: Walking Wake|ability: Protosynthesis\n|-start|p1a: Walking Wake|protosynthesisspe\n|\n|-weather|SunnyDay|[upkeep]\n|upkeep\n|turn|5\n|\n|t:|1700266575\n|switch|p2a: Clodsire|Clodsire, M|100\/100\n|-damage|p2a: Clodsire|94\/100|[from] Stealth Rock\n|move|p1a: Walking Wake|Hydro Steam|p2a: Clodsire\n|-heal|p2a: Clodsire|100\/100|[from] ability: Water Absorb|[of] p1a: Walking Wake\n|\n|-weather|SunnyDay|[upkeep]\n|upkeep\n|turn|6\n|\n|t:|1700266610\n|move|p1a: Walking Wake|Flip Turn|p2a: Clodsire\n|-immune|p2a: Clodsire|[from] ability: Water Absorb\n|move|p2a: Clodsire|Toxic|p1a: Walking Wake\n|-status|p1a: Walking Wake|tox\n|\n|-weather|SunnyDay|[upkeep]\n|-damage|p1a: Walking Wake|94\/100 tox|[from] psn\n|upkeep\n|turn|7\n|\n|t:|1700266620\n|move|p1a: Walking Wake|Draco Meteor|p2a: Clodsire\n|-damage|p2a: Clodsire|64\/100\n|-unboost|p1a: Walking Wake|spa|2\n|move|p2a: Clodsire|Earthquake|p1a: Walking Wake\n|-damage|p1a: Walking Wake|66\/100 tox\n|\n|-weather|SunnyDay|[upkeep]\n|-heal|p2a: Clodsire|70\/100|[from] item: Leftovers\n|-damage|p1a: Walking Wake|54\/100 tox|[from] psn\n|upkeep\n|turn|8\n|\n|t:|1700266632\n|-end|p1a: Walking Wake|Protosynthesis|[silent]\n|switch|p1a: Gholdengo|Gholdengo|100\/100\n|-item|p1a: Gholdengo|Air Balloon\n|move|p2a: Clodsire|Earthquake|p1a: Gholdengo\n|-immune|p1a: Gholdengo\n|\n|-weather|none\n|-heal|p2a: Clodsire|77\/100|[from] item: Leftovers\n|upkeep\n|turn|9\n|\n|t:|1700266642\n|switch|p2a: Maushold|Maushold-Four|88\/100\n|-damage|p2a: Maushold|76\/100|[from] Stealth Rock\n|move|p1a: Gholdengo|Make It Rain|p2a: Maushold\n|-damage|p2a: Maushold|0 fnt\n|-unboost|p1a: Gholdengo|spa|1\n|faint|p2a: Maushold\n|\n|upkeep\n|\n|t:|1700266668\n|switch|p2a: Staraptor|Staraptor, F|75\/100\n|-damage|p2a: Staraptor|50\/100|[from] Stealth Rock\n|turn|10\n|\n|t:|1700266682\n|switch|p1a: Torkoal|Torkoal, F|52\/100\n|-weather|SunnyDay|[from] ability: Drought|[of] p1a: Torkoal\n|move|p2a: Staraptor|U-turn|p1a: Torkoal\n|-resisted|p1a: Torkoal\n|-damage|p1a: Torkoal|42\/100\n|\n|t:|1700266695\n|switch|p2a: Iron Hands|Iron Hands|100\/100|[from] U-turn\n|-damage|p2a: Iron Hands|94\/100|[from] Stealth Rock\n|\n|-weather|SunnyDay|[upkeep]\n|upkeep\n|turn|11\n|\n|t:|1700266704\n|switch|p1a: Great Tusk|Great Tusk|100\/100\n|-activate|p1a: Great Tusk|ability: Protosynthesis\n|-start|p1a: Great Tusk|protosynthesisdef\n|move|p2a: Iron Hands|Thunder Punch|p1a: Great Tusk\n|-immune|p1a: Great Tusk\n|\n|-weather|SunnyDay|[upkeep]\n|upkeep\n|turn|12\n|\n|t:|1700266721\n|-end|p2a: Iron Hands|Quark Drive|[silent]\n|switch|p2a: Staraptor|Staraptor, F|50\/100\n|-damage|p2a: Staraptor|25\/100|[from] Stealth Rock\n|move|p1a: Great Tusk|Earthquake|p2a: Staraptor\n|-immune|p2a: Staraptor\n|\n|-weather|SunnyDay|[upkeep]\n|upkeep\n|turn|13\n|\n|t:|1700266729\n|move|p2a: Staraptor|Brave Bird|p1a: Great Tusk\n|-supereffective|p1a: Great Tusk\n|-damage|p1a: Great Tusk|7\/100\n|-damage|p2a: Staraptor|0 fnt|[from] Recoil\n|faint|p2a: Staraptor\n|move|p1a: Great Tusk|Ice Spinner|p2: Staraptor|[notarget]\n|-fail|p1a: Great Tusk\n|\n|-weather|SunnyDay|[upkeep]\n|-heal|p1a: Great Tusk|13\/100|[from] item: Leftovers\n|upkeep\n|\n|t:|1700266740\n|switch|p2a: Enamorus|Enamorus, F|100\/100\n|-damage|p2a: Enamorus|76\/100|[from] Stealth Rock\n|turn|14\n|\n|t:|1700266758\n|-end|p1a: Great Tusk|Protosynthesis|[silent]\n|switch|p1a: Heatran|Heatran, F|100\/100\n|-item|p1a: Heatran|Air Balloon\n|move|p2a: Enamorus|Mystical Fire|p1a: Heatran\n|-damage|p1a: Heatran|61\/100\n|-unboost|p1a: Heatran|spa|1\n|-enditem|p1a: Heatran|Air Balloon\n|\n|-weather|SunnyDay|[upkeep]\n|upkeep\n|turn|15\n|\n|t:|1700266771\n|switch|p2a: Iron Hands|Iron Hands|94\/100\n|-damage|p2a: Iron Hands|88\/100|[from] Stealth Rock\n|move|p1a: Heatran|Flash Cannon|p2a: Iron Hands\n|-resisted|p2a: Iron Hands\n|-damage|p2a: Iron Hands|81\/100\n|\n|-weather|SunnyDay|[upkeep]\n|upkeep\n|turn|16\n|\n|t:|1700266783\n|switch|p1a: Gholdengo|Gholdengo|100\/100\n|-item|p1a: Gholdengo|Air Balloon\n|move|p2a: Iron Hands|Drain Punch|p1a: Gholdengo\n|-immune|p1a: Gholdengo\n|\n|-weather|SunnyDay|[upkeep]\n|upkeep\n|turn|17\n|\n|t:|1700266793\n|move|p1a: Gholdengo|Make It Rain|p2a: Iron Hands\n|-resisted|p2a: Iron Hands\n|-damage|p2a: Iron Hands|62\/100\n|-unboost|p1a: Gholdengo|spa|1\n|move|p2a: Iron Hands|Thunder Punch|p1a: Gholdengo\n|-damage|p1a: Gholdengo|63\/100\n|-enditem|p1a: Gholdengo|Air Balloon\n|\n|-weather|none\n|upkeep\n|turn|18\n|\n|t:|1700266804\n|switch|p1a: Great Tusk|Great Tusk|13\/100\n|move|p2a: Iron Hands|Thunder Punch|p1a: Great Tusk\n|-immune|p1a: Great Tusk\n|\n|-heal|p1a: Great Tusk|19\/100|[from] item: Leftovers\n|upkeep\n|turn|19\n|\n|t:|1700266814\n|-end|p2a: Iron Hands|Quark Drive|[silent]\n|switch|p2a: Enamorus|Enamorus, F|76\/100\n|-damage|p2a: Enamorus|51\/100|[from] Stealth Rock\n|move|p1a: Great Tusk|Ice Spinner|p2a: Enamorus\n|-supereffective|p2a: Enamorus\n|-damage|p2a: Enamorus|0 fnt\n|faint|p2a: Enamorus\n|\n|-heal|p1a: Great Tusk|25\/100|[from] item: Leftovers\n|upkeep\n|\n|t:|1700266824\n|switch|p2a: Sinistcha|Sinistcha-Masterpiece|100\/100\n|-damage|p2a: Sinistcha|88\/100|[from] Stealth Rock\n|turn|20\n|\n|t:|1700266831\n|-end|p1a: Great Tusk|Protosynthesis|[silent]\n|switch|p1a: Heatran|Heatran, F|61\/100\n|-terastallize|p2a: Sinistcha|Steel\n|move|p2a: Sinistcha|Matcha Gotcha|p1a: Heatran|[miss]\n|-miss|p2a: Sinistcha|p1a: Heatran\n|\n|-heal|p2a: Sinistcha|94\/100|[from] item: Leftovers\n|upkeep\n|turn|21\n|\n|t:|1700266843\n|switch|p2a: Iron Hands|Iron Hands|62\/100\n|-damage|p2a: Iron Hands|56\/100|[from] Stealth Rock\n|move|p1a: Heatran|Magma Storm|p2a: Iron Hands\n|-damage|p2a: Iron Hands|31\/100\n|-activate|p2a: Iron Hands|move: Magma Storm|[of] p1a: Heatran\n|\n|-damage|p2a: Iron Hands|19\/100|[from] move: Magma Storm|[partiallytrapped]\n|upkeep\n|turn|22\n|\n|t:|1700266857\n|switch|p1a: Gholdengo|Gholdengo|63\/100\n|move|p2a: Iron Hands|Drain Punch|p1a: Gholdengo\n|-immune|p1a: Gholdengo\n|\n|-end|p2a: Iron Hands|Magma Storm|[partiallytrapped]|[silent]\n|upkeep\n|turn|23\n|\n|t:|1700266865\n|move|p1a: Gholdengo|Make It Rain|p2a: Iron Hands\n|-resisted|p2a: Iron Hands\n|-damage|p2a: Iron Hands|0 fnt\n|-unboost|p1a: Gholdengo|spa|1\n|faint|p2a: Iron Hands\n|-end|p2a: Iron Hands|Quark Drive|[silent]\n|\n|upkeep\n|\n|t:|1700266874\n|switch|p2a: Sinistcha|Sinistcha-Masterpiece, tera:Steel|94\/100\n|-damage|p2a: Sinistcha|88\/100|[from] Stealth Rock\n|turn|24\n|\n|t:|1700266881\n|switch|p1a: Torkoal|Torkoal, F|42\/100\n|-weather|SunnyDay|[from] ability: Drought|[of] p1a: Torkoal\n|move|p2a: Sinistcha|Calm Mind|p2a: Sinistcha\n|-boost|p2a: Sinistcha|spa|1\n|-boost|p2a: Sinistcha|spd|1\n|\n|-weather|SunnyDay|[upkeep]\n|-heal|p2a: Sinistcha|94\/100|[from] item: Leftovers\n|upkeep\n|turn|25\n|\n|t:|1700266896\n|move|p2a: Sinistcha|Shadow Ball|p1a: Torkoal\n|-damage|p1a: Torkoal|0 fnt\n|faint|p1a: Torkoal\n|\n|-weather|SunnyDay|[upkeep]\n|-heal|p2a: Sinistcha|99\/100|[from] item: Leftovers\n|upkeep\n|\n|t:|1700266904\n|switch|p1a: Heatran|Heatran, F|61\/100\n|turn|26\n|\n|t:|1700266912\n|move|p1a: Heatran|Magma Storm|p2a: Sinistcha\n|-supereffective|p2a: Sinistcha\n|-damage|p2a: Sinistcha|56\/100\n|-activate|p2a: Sinistcha|move: Magma Storm|[of] p1a: Heatran\n|move|p2a: Sinistcha|Calm Mind|p2a: Sinistcha\n|-boost|p2a: Sinistcha|spa|1\n|-boost|p2a: Sinistcha|spd|1\n|\n|-weather|SunnyDay|[upkeep]\n|-heal|p2a: Sinistcha|62\/100|[from] item: Leftovers\n|-damage|p2a: Sinistcha|50\/100|[from] move: Magma Storm|[partiallytrapped]\n|upkeep\n|turn|27\n|\n|t:|1700266923\n|move|p1a: Heatran|Magma Storm|p2a: Sinistcha|[miss]\n|-miss|p1a: Heatran|p2a: Sinistcha\n|move|p2a: Sinistcha|Strength Sap|p1a: Heatran\n|-unboost|p1a: Heatran|atk|1\n|-heal|p2a: Sinistcha|98\/100\n|\n|-weather|SunnyDay|[upkeep]\n|-heal|p2a: Sinistcha|100\/100|[from] item: Leftovers\n|-damage|p2a: Sinistcha|88\/100|[from] move: Magma Storm|[partiallytrapped]\n|upkeep\n|turn|28\n|\n|t:|1700266933\n|move|p1a: Heatran|Magma Storm|p2a: Sinistcha\n|-supereffective|p2a: Sinistcha\n|-damage|p2a: Sinistcha|51\/100\n|move|p2a: Sinistcha|Shadow Ball|p1a: Heatran\n|-damage|p1a: Heatran|19\/100\n|\n|-weather|SunnyDay|[upkeep]\n|-heal|p2a: Sinistcha|57\/100|[from] item: Leftovers\n|-damage|p2a: Sinistcha|45\/100|[from] move: Magma Storm|[partiallytrapped]\n|upkeep\n|turn|29\n|\n|t:|1700266945\n|move|p1a: Heatran|Magma Storm|p2a: Sinistcha\n|-supereffective|p2a: Sinistcha\n|-damage|p2a: Sinistcha|10\/100\n|move|p2a: Sinistcha|Calm Mind|p2a: Sinistcha\n|-boost|p2a: Sinistcha|spa|1\n|-boost|p2a: Sinistcha|spd|1\n|\n|-weather|SunnyDay|[upkeep]\n|-heal|p2a: Sinistcha|16\/100|[from] item: Leftovers\n|-damage|p2a: Sinistcha|4\/100|[from] move: Magma Storm|[partiallytrapped]\n|upkeep\n|turn|30\n|\n|t:|1700266954\n|move|p1a: Heatran|Magma Storm|p2a: Sinistcha\n|-supereffective|p2a: Sinistcha\n|-damage|p2a: Sinistcha|0 fnt\n|faint|p2a: Sinistcha\n|\n|-weather|SunnyDay|[upkeep]\n|upkeep\n|\n|t:|1700266960\n|switch|p2a: Clodsire|Clodsire, M|77\/100\n|-damage|p2a: Clodsire|70\/100|[from] Stealth Rock\n|turn|31\n|\n|t:|1700266966\n|move|p1a: Heatran|Taunt|p2a: Clodsire\n|-start|p2a: Clodsire|move: Taunt\n|move|p2a: Clodsire|Earthquake|p1a: Heatran\n|-supereffective|p1a: Heatran\n|-damage|p1a: Heatran|0 fnt\n|faint|p1a: Heatran\n|\n|-weather|none\n|-heal|p2a: Clodsire|77\/100|[from] item: Leftovers\n|upkeep\n|\n|t:|1700266974\n|switch|p1a: Great Tusk|Great Tusk|25\/100\n|turn|32\n|\n|t:|1700266984\n|move|p1a: Great Tusk|Earthquake|p2a: Clodsire\n|-supereffective|p2a: Clodsire\n|-damage|p2a: Clodsire|0 fnt\n|faint|p2a: Clodsire\n|\n|win|wookiepizza\n|raw|wookiepizza's rating: 1324 &rarr; <strong>1345<\/strong><br \/>(+21 for winning)\n|raw|relip's rating: 1346 &rarr; <strong>1325<\/strong><br \/>(-21 for losing)\n|l|\u2606relip\n","uploadtime":1700267010,"views":12,"p1id":"wookiepizza","p2id":"relip","formatid":"gen9ou","rating":1325,"private":0,"password":""}