{"id":"gen9ou-1989428838","p1":"vyuiowe","p2":"Ninetails is Uber","format":"[Gen 9] OU","log":"|j|\u2606vyuiowe\n|j|\u2606Ninetails is Uber\n|t:|1699849130\n|gametype|singles\n|player|p1|vyuiowe|pokemonranger-gen4|1580\n|player|p2|Ninetails is Uber|winona|1588\n|teamsize|p1|6\n|teamsize|p2|6\n|gen|9\n|tier|[Gen 9] OU\n|rated|\n|rule|Sleep Clause Mod: Limit one foe put to sleep\n|rule|Species Clause: Limit one of each Pok\u00e9mon\n|rule|OHKO Clause: OHKO moves are banned\n|rule|Evasion Items Clause: Evasion items are banned\n|rule|Evasion Moves Clause: Evasion moves are banned\n|rule|Endless Battle Clause: Forcing endless battles is banned\n|rule|HP Percentage Mod: HP is shown in percentages\n|clearpoke\n|poke|p1|Rillaboom, M|\n|poke|p1|Sneasler, M|\n|poke|p1|Zamazenta-*|\n|poke|p1|Manaphy|\n|poke|p1|Heatran, M|\n|poke|p1|Hatterene, F|\n|poke|p2|Ninetales-Alola, M|\n|poke|p2|Klefki, M|\n|poke|p2|Sneasler, M|\n|poke|p2|Manaphy|\n|poke|p2|Articuno-Galar|\n|poke|p2|Landorus-Therian, M|\n|teampreview\n|inactive|Battle timer is ON: inactive players will automatically lose when time's up. (requested by Ninetails is Uber)\n|\n|t:|1699849134\n|start\n|switch|p1a: Heatran|Heatran, M|100\/100\n|switch|p2a: Ninetales|Ninetales-Alola, M|100\/100\n|-weather|Snow|[from] ability: Snow Warning|[of] p2a: Ninetales\n|-item|p1a: Heatran|Air Balloon\n|turn|1\n|\n|t:|1699849140\n|move|p2a: Ninetales|Aurora Veil|p2a: Ninetales\n|-sidestart|p2: Ninetails is Uber|move: Aurora Veil\n|move|p1a: Heatran|Magma Storm|p2a: Ninetales|[miss]\n|-miss|p1a: Heatran|p2a: Ninetales\n|\n|-weather|Snow|[upkeep]\n|upkeep\n|turn|2\n|\n|t:|1699849145\n|move|p2a: Ninetales|Hypnosis|p1a: Heatran|[miss]\n|-miss|p2a: Ninetales|p1a: Heatran\n|move|p1a: Heatran|Will-O-Wisp|p2a: Ninetales\n|-status|p2a: Ninetales|brn\n|\n|-weather|Snow|[upkeep]\n|-damage|p2a: Ninetales|94\/100 brn|[from] brn\n|upkeep\n|turn|3\n|\n|t:|1699849152\n|move|p2a: Ninetales|Encore|p1a: Heatran\n|-start|p1a: Heatran|Encore\n|move|p1a: Heatran|Will-O-Wisp|p2a: Ninetales\n|-fail|p2a: Ninetales|brn\n|\n|-weather|Snow|[upkeep]\n|-damage|p2a: Ninetales|88\/100 brn|[from] brn\n|upkeep\n|turn|4\n|\n|t:|1699849159\n|switch|p2a: Manaphy|Manaphy, shiny|100\/100\n|switch|p1a: Hatterene|Hatterene, F|100\/100\n|\n|-weather|Snow|[upkeep]\n|upkeep\n|turn|5\n|\n|t:|1699849166\n|move|p2a: Manaphy|Take Heart|p2a: Manaphy\n|-boost|p2a: Manaphy|spa|1\n|-boost|p2a: Manaphy|spd|1\n|move|p1a: Hatterene|Calm Mind|p1a: Hatterene\n|-boost|p1a: Hatterene|spa|1\n|-boost|p1a: Hatterene|spd|1\n|\n|-weather|none\n|upkeep\n|turn|6\n|\n|t:|1699849173\n|move|p2a: Manaphy|Take Heart|p2a: Manaphy\n|-boost|p2a: Manaphy|spa|1\n|-boost|p2a: Manaphy|spd|1\n|move|p1a: Hatterene|Calm Mind|p1a: Hatterene\n|-boost|p1a: Hatterene|spa|1\n|-boost|p1a: Hatterene|spd|1\n|\n|upkeep\n|turn|7\n|\n|t:|1699849178\n|move|p2a: Manaphy|Take Heart|p2a: Manaphy\n|-boost|p2a: Manaphy|spa|1\n|-boost|p2a: Manaphy|spd|1\n|move|p1a: Hatterene|Calm Mind|p1a: Hatterene\n|-boost|p1a: Hatterene|spa|1\n|-boost|p1a: Hatterene|spd|1\n|\n|upkeep\n|turn|8\n|\n|t:|1699849184\n|-terastallize|p2a: Manaphy|Psychic\n|move|p2a: Manaphy|Take Heart|p2a: Manaphy\n|-boost|p2a: Manaphy|spa|1\n|-boost|p2a: Manaphy|spd|1\n|move|p1a: Hatterene|Calm Mind|p1a: Hatterene\n|-boost|p1a: Hatterene|spa|1\n|-boost|p1a: Hatterene|spd|1\n|\n|-sideend|p2: Ninetails is Uber|move: Aurora Veil\n|upkeep\n|turn|9\n|\n|t:|1699849191\n|move|p2a: Manaphy|Take Heart|p2a: Manaphy\n|-boost|p2a: Manaphy|spa|1\n|-boost|p2a: Manaphy|spd|1\n|move|p1a: Hatterene|Psyshock|p2a: Manaphy\n|-resisted|p2a: Manaphy\n|-damage|p2a: Manaphy|56\/100\n|\n|-heal|p2a: Manaphy|63\/100|[from] item: Leftovers\n|upkeep\n|turn|10\n|\n|t:|1699849198\n|move|p2a: Manaphy|Acid Armor|p2a: Manaphy\n|-boost|p2a: Manaphy|def|2\n|move|p1a: Hatterene|Psyshock|p2a: Manaphy\n|-resisted|p2a: Manaphy\n|-damage|p2a: Manaphy|40\/100\n|\n|-heal|p2a: Manaphy|47\/100|[from] item: Leftovers\n|upkeep\n|turn|11\n|\n|t:|1699849205\n|move|p2a: Manaphy|Stored Power|p1a: Hatterene\n|-resisted|p1a: Hatterene\n|-damage|p1a: Hatterene|31\/100\n|move|p1a: Hatterene|Psyshock|p2a: Manaphy\n|-resisted|p2a: Manaphy\n|-damage|p2a: Manaphy|24\/100\n|\n|-heal|p2a: Manaphy|30\/100|[from] item: Leftovers\n|upkeep\n|turn|12\n|\n|t:|1699849213\n|move|p2a: Manaphy|Stored Power|p1a: Hatterene\n|-resisted|p1a: Hatterene\n|-damage|p1a: Hatterene|0 fnt\n|faint|p1a: Hatterene\n|\n|-heal|p2a: Manaphy|36\/100|[from] item: Leftovers\n|upkeep\n|inactive|vyuiowe has 120 seconds left.\n|inactive|vyuiowe has 90 seconds left.\n|inactive|vyuiowe has 60 seconds left.\n|inactive|vyuiowe has 30 seconds left.\n|\n|t:|1699849335\n|switch|p1a: Rillaboom|Rillaboom, M|100\/100\n|-fieldstart|move: Grassy Terrain|[from] ability: Grassy Surge|[of] p1a: Rillaboom\n|turn|13\n|inactive|vyuiowe has 30 seconds left.\n|inactive|vyuiowe has 20 seconds left.\n|\n|t:|1699849358\n|move|p1a: Rillaboom|Grassy Glide|p2a: Manaphy\n|-damage|p2a: Manaphy|10\/100\n|move|p2a: Manaphy|Stored Power|p1a: Rillaboom\n|-damage|p1a: Rillaboom|0 fnt\n|faint|p1a: Rillaboom\n|\n|-heal|p2a: Manaphy|16\/100|[from] Grassy Terrain\n|-heal|p2a: Manaphy|23\/100|[from] item: Leftovers\n|upkeep\n|inactive|vyuiowe has 25 seconds left this turn.\n|inactive|vyuiowe has 20 seconds left.\n|\n|t:|1699849368\n|switch|p1a: Sneasler|Sneasler, M|100\/100\n|-enditem|p1a: Sneasler|Grassy Seed\n|-boost|p1a: Sneasler|def|1|[from] item: Grassy Seed\n|turn|14\n|inactive|vyuiowe has 30 seconds left this turn.\n|c|\u2606vyuiowe|kinda forgot about the recovery from terrain lol\n|inactive|Ninetails is Uber has 120 seconds left.\n|l|\u2606Ninetails is Uber\n|inactive|Ninetails is Uber disconnected and has a minute to reconnect!\n|player|p2|\n|j|\u2606Ninetails is Uber\n|inactive|Ninetails is Uber reconnected and has 90 seconds left.\n|player|p2|Ninetails is Uber|winona\n|\n|t:|1699849431\n|-terastallize|p1a: Sneasler|Dark\n|move|p1a: Sneasler|Swords Dance|p1a: Sneasler\n|-boost|p1a: Sneasler|atk|2\n|move|p2a: Manaphy|Stored Power|p1a: Sneasler\n|-immune|p1a: Sneasler\n|\n|-heal|p2a: Manaphy|29\/100|[from] Grassy Terrain\n|-heal|p2a: Manaphy|35\/100|[from] item: Leftovers\n|upkeep\n|turn|15\n|inactive|Ninetails is Uber has 90 seconds left.\n|\n|t:|1699849442\n|switch|p2a: Klefki|Klefki, M|100\/100\n|move|p1a: Sneasler|Lash Out|p2a: Klefki\n|-resisted|p2a: Klefki\n|-damage|p2a: Klefki|56\/100\n|\n|-heal|p2a: Klefki|62\/100|[from] Grassy Terrain\n|upkeep\n|turn|16\n|\n|t:|1699849448\n|move|p2a: Klefki|Thunder Wave|p1a: Sneasler\n|-hint|Since gen 7, Dark is immune to Prankster moves.\n|-immune|p1a: Sneasler\n|move|p1a: Sneasler|Close Combat|p2a: Klefki\n|-damage|p2a: Klefki|0 fnt\n|-unboost|p1a: Sneasler|def|1\n|-unboost|p1a: Sneasler|spd|1\n|faint|p2a: Klefki\n|\n|upkeep\n|\n|t:|1699849456\n|switch|p2a: Landorus|Landorus-Therian, M|100\/100\n|-ability|p2a: Landorus|Intimidate|boost\n|-unboost|p1a: Sneasler|atk|1\n|turn|17\n|\n|t:|1699849468\n|switch|p2a: Manaphy|Manaphy, shiny, tera:Psychic|35\/100\n|move|p1a: Sneasler|Swords Dance|p1a: Sneasler\n|-boost|p1a: Sneasler|atk|2\n|\n|-heal|p2a: Manaphy|41\/100|[from] Grassy Terrain\n|-heal|p2a: Manaphy|47\/100|[from] item: Leftovers\n|-fieldend|move: Grassy Terrain\n|upkeep\n|turn|18\n|\n|t:|1699849476\n|switch|p2a: Landorus|Landorus-Therian, M|100\/100\n|-ability|p2a: Landorus|Intimidate|boost\n|-unboost|p1a: Sneasler|atk|1\n|move|p1a: Sneasler|Lash Out|p2a: Landorus\n|-damage|p2a: Landorus|0 fnt\n|faint|p2a: Landorus\n|\n|upkeep\n|\n|t:|1699849487\n|switch|p2a: Sneasler|Sneasler, M|100\/100\n|-item|p2a: Sneasler|Air Balloon\n|turn|19\n|\n|t:|1699849490\n|move|p1a: Sneasler|Close Combat|p2a: Sneasler\n|-resisted|p2a: Sneasler\n|-damage|p2a: Sneasler|7\/100\n|-unboost|p1a: Sneasler|def|1\n|-unboost|p1a: Sneasler|spd|1\n|-enditem|p2a: Sneasler|Air Balloon\n|move|p2a: Sneasler|Close Combat|p1a: Sneasler\n|-supereffective|p1a: Sneasler\n|-damage|p1a: Sneasler|0 fnt\n|-unboost|p2a: Sneasler|def|1\n|-unboost|p2a: Sneasler|spd|1\n|faint|p1a: Sneasler\n|\n|upkeep\n|\n|t:|1699849501\n|switch|p1a: Manaphy|Manaphy|100\/100\n|turn|20\n|\n|t:|1699849504\n|move|p2a: Sneasler|Close Combat|p1a: Manaphy\n|-damage|p1a: Manaphy|43\/100\n|-unboost|p2a: Sneasler|def|1\n|-unboost|p2a: Sneasler|spd|1\n|-enditem|p1a: Manaphy|Sitrus Berry|[eat]\n|-heal|p1a: Manaphy|68\/100|[from] item: Sitrus Berry\n|move|p1a: Manaphy|Surf|p2a: Sneasler\n|-damage|p2a: Sneasler|0 fnt\n|faint|p2a: Sneasler\n|\n|upkeep\n|inactive|Ninetails is Uber has 120 seconds left.\n|\n|t:|1699849512\n|switch|p2a: Ninetales|Ninetales-Alola, M|88\/100 brn\n|-weather|Snow|[from] ability: Snow Warning|[of] p2a: Ninetales\n|turn|21\n|\n|t:|1699849516\n|switch|p1a: Heatran|Heatran, M|100\/100\n|-item|p1a: Heatran|Air Balloon\n|move|p2a: Ninetales|Aurora Veil|p2a: Ninetales\n|-sidestart|p2: Ninetails is Uber|move: Aurora Veil\n|\n|-weather|Snow|[upkeep]\n|-damage|p2a: Ninetales|82\/100 brn|[from] brn\n|upkeep\n|turn|22\n|\n|t:|1699849522\n|move|p2a: Ninetales|Hypnosis|p1a: Heatran\n|-status|p1a: Heatran|slp|[from] move: Hypnosis\n|cant|p1a: Heatran|slp\n|\n|-weather|Snow|[upkeep]\n|-damage|p2a: Ninetales|75\/100 brn|[from] brn\n|upkeep\n|turn|23\n|\n|t:|1699849528\n|switch|p2a: Articuno|Articuno-Galar, shiny|100\/100\n|cant|p1a: Heatran|slp\n|\n|-weather|Snow|[upkeep]\n|upkeep\n|turn|24\n|\n|t:|1699849534\n|move|p2a: Articuno|Agility|p2a: Articuno\n|-boost|p2a: Articuno|spe|2\n|cant|p1a: Heatran|slp\n|\n|-weather|Snow|[upkeep]\n|upkeep\n|turn|25\n|\n|t:|1699849540\n|move|p2a: Articuno|Calm Mind|p2a: Articuno\n|-boost|p2a: Articuno|spa|1\n|-boost|p2a: Articuno|spd|1\n|-curestatus|p1a: Heatran|slp|[msg]\n|move|p1a: Heatran|Taunt|p2a: Articuno\n|-start|p2a: Articuno|move: Taunt\n|\n|-weather|none\n|upkeep\n|turn|26\n|\n|t:|1699849548\n|move|p2a: Articuno|Stored Power|p1a: Heatran\n|-resisted|p1a: Heatran\n|-damage|p1a: Heatran|76\/100\n|-enditem|p1a: Heatran|Air Balloon\n|move|p1a: Heatran|Magma Storm|p2a: Articuno\n|-damage|p2a: Articuno|85\/100\n|-activate|p2a: Articuno|move: Magma Storm|[of] p1a: Heatran\n|\n|-heal|p2a: Articuno|91\/100|[from] item: Leftovers\n|-damage|p2a: Articuno|78\/100|[from] move: Magma Storm|[partiallytrapped]\n|upkeep\n|turn|27\n|\n|t:|1699849557\n|move|p2a: Articuno|Stored Power|p1a: Heatran\n|-resisted|p1a: Heatran\n|-damage|p1a: Heatran|50\/100\n|move|p1a: Heatran|Will-O-Wisp|p2a: Articuno\n|-status|p2a: Articuno|brn\n|\n|-heal|p2a: Articuno|85\/100 brn|[from] item: Leftovers\n|-damage|p2a: Articuno|78\/100 brn|[from] brn\n|-damage|p2a: Articuno|66\/100 brn|[from] move: Magma Storm|[partiallytrapped]\n|upkeep\n|turn|28\n|\n|t:|1699849566\n|move|p2a: Articuno|Stored Power|p1a: Heatran\n|-resisted|p1a: Heatran\n|-damage|p1a: Heatran|23\/100\n|move|p1a: Heatran|Magma Storm|p2a: Articuno\n|-crit|p2a: Articuno\n|-damage|p2a: Articuno|0 fnt\n|faint|p2a: Articuno\n|\n|-sideend|p2: Ninetails is Uber|move: Aurora Veil\n|upkeep\n|\n|t:|1699849573\n|switch|p2a: Ninetales|Ninetales-Alola, M|75\/100 brn\n|-weather|Snow|[from] ability: Snow Warning|[of] p2a: Ninetales\n|turn|29\n|\n|t:|1699849578\n|move|p2a: Ninetales|Aurora Veil|p2a: Ninetales\n|-sidestart|p2: Ninetails is Uber|move: Aurora Veil\n|move|p1a: Heatran|Magma Storm|p2a: Ninetales\n|-supereffective|p2a: Ninetales\n|-damage|p2a: Ninetales|21\/100 brn\n|-activate|p2a: Ninetales|move: Magma Storm|[of] p1a: Heatran\n|\n|-weather|Snow|[upkeep]\n|-damage|p2a: Ninetales|15\/100 brn|[from] brn\n|-damage|p2a: Ninetales|2\/100 brn|[from] move: Magma Storm|[partiallytrapped]\n|upkeep\n|turn|30\n|j| loopsgg\n|\n|t:|1699849590\n|move|p2a: Ninetales|Encore|p1a: Heatran\n|-start|p1a: Heatran|Encore\n|move|p1a: Heatran|Magma Storm|p2a: Ninetales|[miss]\n|-miss|p1a: Heatran|p2a: Ninetales\n|\n|-weather|Snow|[upkeep]\n|-damage|p2a: Ninetales|0 fnt|[from] brn\n|faint|p2a: Ninetales\n|upkeep\n|\n|t:|1699849597\n|switch|p2a: Manaphy|Manaphy, shiny, tera:Psychic|47\/100\n|turn|31\n|inactive|vyuiowe has 120 seconds left.\n|inactive|vyuiowe has 90 seconds left.\n|\n|t:|1699849667\n|move|p2a: Manaphy|Take Heart|p2a: Manaphy\n|-boost|p2a: Manaphy|spa|1\n|-boost|p2a: Manaphy|spd|1\n|move|p1a: Heatran|Magma Storm|p2a: Manaphy\n|-damage|p2a: Manaphy|34\/100\n|-activate|p2a: Manaphy|move: Magma Storm|[of] p1a: Heatran\n|\n|-weather|Snow|[upkeep]\n|-heal|p2a: Manaphy|40\/100|[from] item: Leftovers\n|-damage|p2a: Manaphy|28\/100|[from] move: Magma Storm|[partiallytrapped]\n|upkeep\n|turn|32\n|\n|t:|1699849676\n|move|p2a: Manaphy|Scald|p1a: Heatran\n|-supereffective|p1a: Heatran\n|-damage|p1a: Heatran|0 fnt\n|faint|p1a: Heatran\n|\n|-weather|Snow|[upkeep]\n|-heal|p2a: Manaphy|34\/100|[from] item: Leftovers\n|-end|p2a: Manaphy|Magma Storm|[partiallytrapped]|[silent]\n|upkeep\n|\n|t:|1699849679\n|switch|p1a: Manaphy|Manaphy|68\/100\n|turn|33\n|\n|t:|1699849684\n|move|p1a: Manaphy|Tail Glow|p1a: Manaphy\n|-boost|p1a: Manaphy|spa|3\n|move|p2a: Manaphy|Take Heart|p2a: Manaphy\n|-boost|p2a: Manaphy|spa|1\n|-boost|p2a: Manaphy|spd|1\n|\n|-weather|none\n|-heal|p2a: Manaphy|40\/100|[from] item: Leftovers\n|upkeep\n|turn|34\n|\n|t:|1699849695\n|move|p1a: Manaphy|Surf|p2a: Manaphy\n|-damage|p2a: Manaphy|25\/100\n|move|p2a: Manaphy|Stored Power|p1a: Manaphy\n|-damage|p1a: Manaphy|0 fnt\n|faint|p1a: Manaphy\n|\n|-heal|p2a: Manaphy|31\/100|[from] item: Leftovers\n|upkeep\n|\n|t:|1699849697\n|switch|p1a: Zamazenta|Zamazenta|100\/100\n|-ability|p1a: Zamazenta|Dauntless Shield|boost\n|-boost|p1a: Zamazenta|def|1\n|turn|35\n|\n|t:|1699849705\n|move|p1a: Zamazenta|Crunch|p2a: Manaphy\n|-supereffective|p2a: Manaphy\n|-crit|p2a: Manaphy\n|-damage|p2a: Manaphy|0 fnt\n|faint|p2a: Manaphy\n|\n|win|vyuiowe\n|raw|vyuiowe's rating: 1580 &rarr; <strong>1599<\/strong><br \/>(+19 for winning)\n|raw|Ninetails is Uber's rating: 1562 &rarr; <strong>1543<\/strong><br \/>(-19 for losing)\n|l| loopsgg\n|c|\u2606vyuiowe|lmao\n|c|\u2606vyuiowe|gg\n","uploadtime":1699849714,"views":17,"p1id":"vyuiowe","p2id":"ninetailsisuber","formatid":"gen9ou","rating":1543,"private":0,"password":""}