{"id":"gen9ou-1991585060","p1":"thunderdog_32","p2":"SonderOfAll","format":"[Gen 9] OU","log":"|j|\u2606thunderdog_32\n|j|\u2606SonderOfAll\n|t:|1700091097\n|gametype|singles\n|player|p1|thunderdog_32|265|1287\n|player|p2|SonderOfAll|blackbelt-gen4dp|1278\n|teamsize|p1|6\n|teamsize|p2|6\n|gen|9\n|tier|[Gen 9] OU\n|rated|\n|rule|Sleep Clause Mod: Limit one foe put to sleep\n|rule|Species Clause: Limit one of each Pok\u00e9mon\n|rule|OHKO Clause: OHKO moves are banned\n|rule|Evasion Items Clause: Evasion items are banned\n|rule|Evasion Moves Clause: Evasion moves are banned\n|rule|Endless Battle Clause: Forcing endless battles is banned\n|rule|HP Percentage Mod: HP is shown in percentages\n|clearpoke\n|poke|p1|Hatterene, F|\n|poke|p1|Great Tusk|\n|poke|p1|Heatran, M|\n|poke|p1|Ogerpon-Wellspring, F|\n|poke|p1|Zapdos|\n|poke|p1|Dragapult, F|\n|poke|p2|Great Tusk|\n|poke|p2|Sinistcha-Masterpiece|\n|poke|p2|Moltres|\n|poke|p2|Weezing-Galar, M|\n|poke|p2|Corviknight, F|\n|poke|p2|Regidrago|\n|teampreview\n|inactive|Battle timer is ON: inactive players will automatically lose when time's up. (requested by thunderdog_32)\n|\n|t:|1700091112\n|start\n|switch|p1a: Zapdos|Zapdos|100\/100\n|switch|p2a: Poison Smogfish|Weezing-Galar, M|100\/100\n|-ability|p2a: Poison Smogfish|Neutralizing Gas\n|turn|1\n|\n|t:|1700091121\n|move|p1a: Zapdos|Volt Switch|p2a: Poison Smogfish\n|-damage|p2a: Poison Smogfish|60\/100\n|\n|t:|1700091125\n|switch|p1a: Heatran|Heatran, M|100\/100|[from] Volt Switch\n|move|p2a: Poison Smogfish|Strange Steam|p1a: Heatran\n|-resisted|p1a: Heatran\n|-damage|p1a: Heatran|96\/100\n|\n|-heal|p1a: Heatran|100\/100|[from] item: Leftovers\n|-heal|p2a: Poison Smogfish|66\/100|[from] item: Leftovers\n|upkeep\n|turn|2\n|\n|t:|1700091135\n|-end|p2a: Poison Smogfish|ability: Neutralizing Gas\n|switch|p2a: Brighteye|Moltres|100\/100\n|move|p1a: Heatran|Magma Storm|p2a: Brighteye\n|-resisted|p2a: Brighteye\n|-damage|p2a: Brighteye|77\/100\n|-activate|p2a: Brighteye|move: Magma Storm|[of] p1a: Heatran\n|\n|-damage|p2a: Brighteye|64\/100|[from] move: Magma Storm|[partiallytrapped]\n|upkeep\n|turn|3\n|\n|t:|1700091154\n|move|p2a: Brighteye|U-turn|p1a: Heatran\n|-resisted|p1a: Heatran\n|-damage|p1a: Heatran|97\/100\n|\n|t:|1700091158\n|switch|p2a: Mammoth Trunko|Great Tusk|100\/100|[from] U-turn\n|move|p1a: Heatran|Earth Power|p2a: Mammoth Trunko\n|-damage|p2a: Mammoth Trunko|60\/100\n|\n|-heal|p1a: Heatran|100\/100|[from] item: Leftovers\n|upkeep\n|turn|4\n|\n|t:|1700091165\n|switch|p1a: Zapdos|Zapdos|100\/100\n|move|p2a: Mammoth Trunko|Headlong Rush|p1a: Zapdos\n|-immune|p1a: Zapdos\n|\n|upkeep\n|turn|5\n|\n|t:|1700091180\n|-end|p2a: Mammoth Trunko|Protosynthesis|[silent]\n|switch|p2a: Brighteye|Moltres|64\/100\n|switch|p1a: Ogerpon|Ogerpon-Wellspring, F|100\/100\n|\n|upkeep\n|turn|6\n|\n|t:|1700091187\n|move|p1a: Ogerpon|Ivy Cudgel|p2a: Brighteye|[anim] Ivy Cudgel Water\n|-supereffective|p2a: Brighteye\n|-damage|p2a: Brighteye|0 fnt\n|faint|p2a: Brighteye\n|\n|upkeep\n|\n|t:|1700091195\n|switch|p2a: Cementree|Sinistcha-Masterpiece|100\/100\n|turn|7\n|\n|t:|1700091200\n|move|p1a: Ogerpon|Taunt|p2a: Cementree\n|-start|p2a: Cementree|move: Taunt\n|cant|p2a: Cementree|move: Taunt|Calm Mind\n|\n|upkeep\n|turn|8\n|\n|t:|1700091204\n|move|p1a: Ogerpon|U-turn|p2a: Cementree\n|-damage|p2a: Cementree|80\/100\n|\n|t:|1700091206\n|switch|p1a: Heatran|Heatran, M|100\/100|[from] U-turn\n|move|p2a: Cementree|Matcha Gotcha|p1a: Heatran\n|-resisted|p1a: Heatran\n|-damage|p1a: Heatran|96\/100\n|-heal|p2a: Cementree|83\/100|[from] drain|[of] p1a: Heatran\n|\n|-heal|p1a: Heatran|100\/100|[from] item: Leftovers\n|-heal|p2a: Cementree|89\/100|[from] item: Leftovers\n|upkeep\n|turn|9\n|\n|t:|1700091223\n|switch|p2a: Mammoth Trunko|Great Tusk|60\/100\n|move|p1a: Heatran|Magma Storm|p2a: Mammoth Trunko|[miss]\n|-miss|p1a: Heatran|p2a: Mammoth Trunko\n|\n|upkeep\n|turn|10\n|\n|t:|1700091234\n|switch|p1a: Hatterene|Hatterene, F|100\/100\n|move|p2a: Mammoth Trunko|Knock Off|p1a: Hatterene\n|-damage|p1a: Hatterene|73\/100\n|-enditem|p1a: Hatterene|Leftovers|[from] move: Knock Off|[of] p2a: Mammoth Trunko\n|\n|upkeep\n|turn|11\n|\n|t:|1700091244\n|-end|p2a: Mammoth Trunko|Protosynthesis|[silent]\n|switch|p2a: Poison Smogfish|Weezing-Galar, M|66\/100\n|-ability|p2a: Poison Smogfish|Neutralizing Gas\n|move|p1a: Hatterene|Psyshock|p2a: Poison Smogfish\n|-supereffective|p2a: Poison Smogfish\n|-damage|p2a: Poison Smogfish|17\/100\n|\n|-heal|p2a: Poison Smogfish|23\/100|[from] item: Leftovers\n|upkeep\n|turn|12\n|\n|t:|1700091253\n|switch|p1a: Heatran|Heatran, M|100\/100\n|move|p2a: Poison Smogfish|Protect||[still]\n|-fail|p2a: Poison Smogfish\n|\n|-heal|p2a: Poison Smogfish|29\/100|[from] item: Leftovers\n|upkeep\n|turn|13\n|\n|t:|1700091260\n|move|p1a: Heatran|Magma Storm|p2a: Poison Smogfish\n|-damage|p2a: Poison Smogfish|0 fnt\n|faint|p2a: Poison Smogfish\n|-end|p2a: Poison Smogfish|ability: Neutralizing Gas\n|\n|upkeep\n|\n|t:|1700091265\n|switch|p2a: Mammoth Trunko|Great Tusk|60\/100\n|turn|14\n|\n|t:|1700091281\n|switch|p1a: Zapdos|Zapdos|100\/100\n|move|p2a: Mammoth Trunko|Headlong Rush|p1a: Zapdos\n|-immune|p1a: Zapdos\n|\n|upkeep\n|turn|15\n|\n|t:|1700091290\n|-end|p2a: Mammoth Trunko|Protosynthesis|[silent]\n|switch|p2a: Cragback|Corviknight, F|100\/100\n|-ability|p2a: Cragback|Pressure\n|move|p1a: Zapdos|Volt Switch|p2a: Cragback\n|-supereffective|p2a: Cragback\n|-damage|p2a: Cragback|40\/100\n|\n|t:|1700091302\n|switch|p1a: Heatran|Heatran, M|100\/100|[from] Volt Switch\n|\n|upkeep\n|turn|16\n|\n|t:|1700091309\n|move|p1a: Heatran|Magma Storm|p2a: Cragback\n|-supereffective|p2a: Cragback\n|-damage|p2a: Cragback|0 fnt\n|faint|p2a: Cragback\n|\n|upkeep\n|\n|t:|1700091313\n|switch|p2a: Kraviathan|Regidrago|100\/100\n|turn|17\n|\n|t:|1700091323\n|switch|p1a: Zapdos|Zapdos|100\/100\n|-terastallize|p2a: Kraviathan|Dragon\n|move|p2a: Kraviathan|Earth Power|p1a: Zapdos\n|-immune|p1a: Zapdos\n|\n|upkeep\n|turn|18\n|\n|t:|1700091331\n|switch|p2a: Cementree|Sinistcha-Masterpiece|89\/100\n|switch|p1a: Hatterene|Hatterene, F|73\/100\n|\n|-heal|p2a: Cementree|95\/100|[from] item: Leftovers\n|upkeep\n|turn|19\n|\n|t:|1700091338\n|move|p2a: Cementree|Matcha Gotcha|p1a: Hatterene\n|-damage|p1a: Hatterene|38\/100\n|-heal|p2a: Cementree|100\/100|[from] drain|[of] p1a: Hatterene\n|move|p1a: Hatterene|Mystical Fire|p2a: Cementree\n|-supereffective|p2a: Cementree\n|-damage|p2a: Cementree|74\/100\n|-unboost|p2a: Cementree|spa|1\n|\n|-heal|p2a: Cementree|80\/100|[from] item: Leftovers\n|upkeep\n|turn|20\n|\n|t:|1700091351\n|switch|p1a: Heatran|Heatran, M|100\/100\n|move|p2a: Cementree|Shadow Ball|p1a: Heatran\n|-damage|p1a: Heatran|86\/100\n|\n|-heal|p1a: Heatran|92\/100|[from] item: Leftovers\n|-heal|p2a: Cementree|86\/100|[from] item: Leftovers\n|upkeep\n|turn|21\n|\n|t:|1700091359\n|move|p1a: Heatran|Magma Storm|p2a: Cementree|[miss]\n|-miss|p1a: Heatran|p2a: Cementree\n|move|p2a: Cementree|Calm Mind|p2a: Cementree\n|-boost|p2a: Cementree|spa|1\n|-boost|p2a: Cementree|spd|1\n|\n|-heal|p1a: Heatran|99\/100|[from] item: Leftovers\n|-heal|p2a: Cementree|92\/100|[from] item: Leftovers\n|upkeep\n|turn|22\n|\n|t:|1700091367\n|move|p1a: Heatran|Magma Storm|p2a: Cementree\n|-supereffective|p2a: Cementree\n|-damage|p2a: Cementree|55\/100\n|-activate|p2a: Cementree|move: Magma Storm|[of] p1a: Heatran\n|move|p2a: Cementree|Calm Mind|p2a: Cementree\n|-boost|p2a: Cementree|spa|1\n|-boost|p2a: Cementree|spd|1\n|\n|-heal|p1a: Heatran|100\/100|[from] item: Leftovers\n|-heal|p2a: Cementree|61\/100|[from] item: Leftovers\n|-damage|p2a: Cementree|49\/100|[from] move: Magma Storm|[partiallytrapped]\n|upkeep\n|turn|23\n|\n|t:|1700091377\n|move|p1a: Heatran|Taunt|p2a: Cementree\n|-start|p2a: Cementree|move: Taunt\n|cant|p2a: Cementree|move: Taunt|Strength Sap\n|\n|-heal|p2a: Cementree|55\/100|[from] item: Leftovers\n|-damage|p2a: Cementree|42\/100|[from] move: Magma Storm|[partiallytrapped]\n|upkeep\n|turn|24\n|\n|t:|1700091386\n|move|p1a: Heatran|Earth Power|p2a: Cementree\n|-resisted|p2a: Cementree\n|-damage|p2a: Cementree|34\/100\n|move|p2a: Cementree|Shadow Ball|p1a: Heatran\n|-damage|p1a: Heatran|71\/100\n|\n|-heal|p1a: Heatran|77\/100|[from] item: Leftovers\n|-heal|p2a: Cementree|40\/100|[from] item: Leftovers\n|-damage|p2a: Cementree|28\/100|[from] move: Magma Storm|[partiallytrapped]\n|upkeep\n|turn|25\n|\n|t:|1700091396\n|move|p1a: Heatran|Magma Storm|p2a: Cementree\n|-supereffective|p2a: Cementree\n|-damage|p2a: Cementree|2\/100\n|move|p2a: Cementree|Shadow Ball|p1a: Heatran\n|-damage|p1a: Heatran|45\/100\n|-unboost|p1a: Heatran|spd|1\n|\n|-heal|p1a: Heatran|51\/100|[from] item: Leftovers\n|-heal|p2a: Cementree|8\/100|[from] item: Leftovers\n|-damage|p2a: Cementree|0 fnt|[from] move: Magma Storm|[partiallytrapped]\n|faint|p2a: Cementree\n|upkeep\n|\n|t:|1700091407\n|switch|p2a: Kraviathan|Regidrago, tera:Dragon|100\/100\n|turn|26\n|\n|t:|1700091412\n|switch|p1a: Hatterene|Hatterene, F|38\/100\n|move|p2a: Kraviathan|Dragon Energy|p1a: Hatterene\n|-immune|p1a: Hatterene\n|\n|upkeep\n|turn|27\n|\n|t:|1700091417\n|switch|p2a: Mammoth Trunko|Great Tusk|60\/100\n|move|p1a: Hatterene|Draining Kiss|p2a: Mammoth Trunko\n|-supereffective|p2a: Mammoth Trunko\n|-damage|p2a: Mammoth Trunko|0 fnt\n|-heal|p1a: Hatterene|90\/100|[from] drain|[of] p2a: Mammoth Trunko\n|faint|p2a: Mammoth Trunko\n|-end|p2a: Mammoth Trunko|Protosynthesis|[silent]\n|\n|upkeep\n|c|\u2606thunderdog_32|ggs\n|\n|t:|1700091425\n|switch|p2a: Kraviathan|Regidrago, tera:Dragon|100\/100\n|turn|28\n|\n|t:|1700091428\n|switch|p1a: Zapdos|Zapdos|100\/100\n|move|p2a: Kraviathan|Explosion|p1a: Zapdos\n|-damage|p1a: Zapdos|45\/100\n|faint|p2a: Kraviathan\n|\n|win|thunderdog_32\n|raw|thunderdog_32's rating: 1287 &rarr; <strong>1311<\/strong><br \/>(+24 for winning)\n|raw|SonderOfAll's rating: 1278 &rarr; <strong>1254<\/strong><br \/>(-24 for losing)\n|c|\u2606SonderOfAll|gg\n|l|\u2606SonderOfAll\n","uploadtime":1700091444,"views":7,"p1id":"thunderdog32","p2id":"sonderofall","formatid":"gen9ou","rating":1254,"private":0,"password":""}