{"id":"gen9ou-1992500187","p1":"ReDemonic","p2":"Ronzi0","format":"[Gen 9] OU","log":"|j|\u2606ReDemonic\n|j|\u2606Ronzi0\n|t:|1700195598\n|gametype|singles\n|player|p1|ReDemonic|tucker-gen3|1491\n|player|p2|Ronzi0|blue|1521\n|teamsize|p1|6\n|teamsize|p2|6\n|gen|9\n|tier|[Gen 9] OU\n|rated|\n|rule|Sleep Clause Mod: Limit one foe put to sleep\n|rule|Species Clause: Limit one of each Pok\u00e9mon\n|rule|OHKO Clause: OHKO moves are banned\n|rule|Evasion Items Clause: Evasion items are banned\n|rule|Evasion Moves Clause: Evasion moves are banned\n|rule|Endless Battle Clause: Forcing endless battles is banned\n|rule|HP Percentage Mod: HP is shown in percentages\n|clearpoke\n|poke|p1|Quaquaval, F|\n|poke|p1|Iron Valiant|\n|poke|p1|Regidrago|\n|poke|p1|Iron Moth|\n|poke|p1|Maushold|\n|poke|p1|Heatran, M|\n|poke|p2|Samurott-Hisui, F|\n|poke|p2|Ceruledge, F|\n|poke|p2|Thundurus-Therian, M|\n|poke|p2|Amoonguss, M|\n|poke|p2|Great Tusk|\n|poke|p2|Gholdengo|\n|teampreview\n|inactive|Battle timer is ON: inactive players will automatically lose when time's up. (requested by ReDemonic)\n|inactive|Ronzi0 has 120 seconds left.\n|\n|t:|1700195657\n|start\n|switch|p1a: standonbusiness|Quaquaval, F|100\/100\n|switch|p2a: Sekiro|Samurott-Hisui, F, shiny|100\/100\n|turn|1\n|c|\u2606ReDemonic|gg\n|inactive|Ronzi0 has 120 seconds left.\n|\n|t:|1700195699\n|switch|p2a: Kuzko|Gholdengo, shiny|100\/100\n|move|p1a: standonbusiness|Aqua Step|p2a: Kuzko\n|-damage|p2a: Kuzko|76\/100\n|-boost|p1a: standonbusiness|spe|1\n|\n|-heal|p2a: Kuzko|82\/100|[from] item: Leftovers\n|upkeep\n|turn|2\n|inactive|ReDemonic has 120 seconds left.\n|c|\u2606ReDemonic|i already said gg\n|\n|t:|1700195742\n|move|p1a: standonbusiness|Knock Off|p2a: Kuzko\n|-supereffective|p2a: Kuzko\n|-damage|p2a: Kuzko|36\/100\n|-enditem|p2a: Kuzko|Leftovers|[from] move: Knock Off|[of] p1a: standonbusiness\n|move|p2a: Kuzko|Shadow Ball|p1a: standonbusiness\n|-damage|p1a: standonbusiness|53\/100\n|\n|upkeep\n|turn|3\n|inactive|Ronzi0 has 120 seconds left.\n|inactive|Ronzi0 has 90 seconds left.\n|\n|t:|1700195780\n|switch|p2a: Palpatin|Ceruledge, F, shiny|100\/100\n|move|p1a: standonbusiness|Aqua Step|p2a: Palpatin\n|-supereffective|p2a: Palpatin\n|-damage|p2a: Palpatin|0 fnt\n|-boost|p1a: standonbusiness|spe|1\n|faint|p2a: Palpatin\n|-ability|p1a: standonbusiness|Moxie|boost\n|-boost|p1a: standonbusiness|atk|1\n|\n|upkeep\n|inactive|Ronzi0 has 90 seconds left.\n|\n|t:|1700195791\n|switch|p2a: Amanita Phalloides|Amoonguss, M, shiny|100\/100\n|turn|4\n|inactive|Ronzi0 has 90 seconds left.\n|inactive|ReDemonic has 120 seconds left.\n|c|\u2606ReDemonic|forfeit\n|c|\u2606Ronzi0|Stfu\n|\n|t:|1700195820\n|move|p1a: standonbusiness|Brave Bird|p2a: Amanita Phalloides\n|-supereffective|p2a: Amanita Phalloides\n|-damage|p2a: Amanita Phalloides|0 fnt\n|faint|p2a: Amanita Phalloides\n|-ability|p1a: standonbusiness|Moxie|boost\n|-boost|p1a: standonbusiness|atk|1\n|-damage|p1a: standonbusiness|7\/100|[from] Recoil\n|\n|upkeep\n|\n|t:|1700195831\n|switch|p2a: Sekiro|Samurott-Hisui, F, shiny|100\/100\n|turn|5\n|\n|t:|1700195846\n|move|p1a: standonbusiness|Close Combat|p2a: Sekiro\n|-supereffective|p2a: Sekiro\n|-damage|p2a: Sekiro|0 fnt\n|-unboost|p1a: standonbusiness|def|1\n|-unboost|p1a: standonbusiness|spd|1\n|faint|p2a: Sekiro\n|-ability|p1a: standonbusiness|Moxie|boost\n|-boost|p1a: standonbusiness|atk|1\n|\n|upkeep\n|inactive|Ronzi0 has 90 seconds left.\n|\n|t:|1700195857\n|switch|p2a: Dumbo|Great Tusk, shiny|100\/100\n|turn|6\n|inactive|Ronzi0 has 90 seconds left.\n|inactive|Ronzi0 has 60 seconds left.\n|inactive|Ronzi0 has 30 seconds left.\n|inactive|Ronzi0 has 20 seconds left.\n|inactive|Ronzi0 has 15 seconds left.\n|inactive|Ronzi0 has 10 seconds left.\n|inactive|Ronzi0 has 5 seconds left.\n|\n|t:|1700195949\n|-terastallize|p2a: Dumbo|Poison\n|move|p1a: standonbusiness|Aqua Step|p2a: Dumbo\n|-damage|p2a: Dumbo|48\/100\n|-boost|p1a: standonbusiness|spe|1\n|move|p2a: Dumbo|Rapid Spin|p1a: standonbusiness\n|-damage|p1a: standonbusiness|0 fnt\n|-boost|p2a: Dumbo|spe|1\n|faint|p1a: standonbusiness\n|\n|-heal|p2a: Dumbo|54\/100|[from] item: Leftovers\n|upkeep\n|inactive|Ronzi0 has 10 seconds left this turn.\n|inactive|ReDemonic has 120 seconds left.\n|\n|t:|1700195965\n|switch|p1a: Valiant|Iron Valiant|100\/100\n|-enditem|p1a: Valiant|Booster Energy\n|-activate|p1a: Valiant|ability: Quark Drive|[fromitem]\n|-start|p1a: Valiant|quarkdrivespe\n|turn|7\n|inactive|Ronzi0 has 20 seconds left this turn.\n|inactive|Ronzi0 has 15 seconds left.\n|inactive|Ronzi0 has 10 seconds left.\n|inactive|Ronzi0 has 5 seconds left.\n|\n|t:|1700195984\n|-end|p2a: Dumbo|Protosynthesis|[silent]\n|switch|p2a: Kuzko|Gholdengo, shiny|36\/100\n|move|p1a: Valiant|Encore|p2a: Kuzko\n|-immune|p2a: Kuzko|[from] ability: Good as Gold\n|\n|upkeep\n|turn|8\n|inactive|Ronzi0 has 15 seconds left this turn.\n|inactive|Ronzi0 has 10 seconds left.\n|inactive|Ronzi0 has 5 seconds left.\n|\n|t:|1700195996\n|move|p1a: Valiant|Destiny Bond|p1a: Valiant\n|-singlemove|p1a: Valiant|Destiny Bond\n|move|p2a: Kuzko|Recover|p2a: Kuzko\n|-heal|p2a: Kuzko|86\/100\n|\n|upkeep\n|turn|9\n|inactive|Ronzi0 has 15 seconds left this turn.\n|inactive|Ronzi0 has 10 seconds left.\n|inactive|Ronzi0 has 5 seconds left.\n|\n|t:|1700196007\n|move|p1a: Valiant|Thunderbolt|p2a: Kuzko\n|-damage|p2a: Kuzko|57\/100\n|move|p2a: Kuzko|Nasty Plot|p2a: Kuzko\n|-boost|p2a: Kuzko|spa|2\n|\n|upkeep\n|turn|10\n|inactive|Ronzi0 has 15 seconds left this turn.\n|inactive|Ronzi0 has 10 seconds left.\n|inactive|Ronzi0 has 5 seconds left.\n|\n|t:|1700196019\n|move|p1a: Valiant|Destiny Bond|p1a: Valiant\n|-singlemove|p1a: Valiant|Destiny Bond\n|move|p2a: Kuzko|Recover|p2a: Kuzko\n|-heal|p2a: Kuzko|100\/100\n|\n|upkeep\n|turn|11\n|inactive|Ronzi0 has 15 seconds left this turn.\n|\n|t:|1700196026\n|move|p1a: Valiant|Thunderbolt|p2a: Kuzko\n|-damage|p2a: Kuzko|69\/100\n|move|p2a: Kuzko|Nasty Plot|p2a: Kuzko\n|-boost|p2a: Kuzko|spa|2\n|\n|upkeep\n|turn|12\n|inactive|Ronzi0 has 25 seconds left this turn.\n|\n|t:|1700196032\n|move|p1a: Valiant|Thunderbolt|p2a: Kuzko\n|-damage|p2a: Kuzko|41\/100\n|move|p2a: Kuzko|Nasty Plot|p2a: Kuzko\n|-boost|p2a: Kuzko|spa|2\n|\n|upkeep\n|turn|13\n|\n|t:|1700196044\n|move|p1a: Valiant|Thunderbolt|p2a: Kuzko\n|-damage|p2a: Kuzko|12\/100\n|move|p2a: Kuzko|Recover|p2a: Kuzko\n|-heal|p2a: Kuzko|62\/100\n|\n|upkeep\n|turn|14\n|inactive|Ronzi0 has 30 seconds left.\n|inactive|Ronzi0 has 20 seconds left.\n|inactive|Ronzi0 has 15 seconds left.\n|\n|t:|1700196078\n|move|p1a: Valiant|Thunderbolt|p2a: Kuzko\n|-damage|p2a: Kuzko|31\/100\n|move|p2a: Kuzko|Recover|p2a: Kuzko\n|-heal|p2a: Kuzko|81\/100\n|\n|upkeep\n|turn|15\n|inactive|Ronzi0 has 25 seconds left this turn.\n|inactive|Ronzi0 has 20 seconds left.\n|inactive|Ronzi0 has 15 seconds left.\n|\n|t:|1700196090\n|move|p1a: Valiant|Thunderbolt|p2a: Kuzko\n|-damage|p2a: Kuzko|51\/100\n|-status|p2a: Kuzko|par\n|move|p2a: Kuzko|Recover|p2a: Kuzko\n|-heal|p2a: Kuzko|100\/100 par\n|\n|upkeep\n|turn|16\n|inactive|Ronzi0 has 25 seconds left this turn.\n|inactive|Ronzi0 has 20 seconds left.\n|inactive|Ronzi0 has 15 seconds left.\n|\n|t:|1700196102\n|move|p1a: Valiant|Destiny Bond|p1a: Valiant\n|-singlemove|p1a: Valiant|Destiny Bond\n|cant|p2a: Kuzko|par\n|\n|upkeep\n|turn|17\n|inactive|Ronzi0 has 25 seconds left this turn.\n|\n|t:|1700196108\n|move|p1a: Valiant|Thunderbolt|p2a: Kuzko\n|-damage|p2a: Kuzko|73\/100 par\n|move|p2a: Kuzko|Shadow Ball|p1a: Valiant\n|-damage|p1a: Valiant|0 fnt\n|faint|p1a: Valiant\n|-end|p1a: Valiant|Quark Drive|[silent]\n|\n|upkeep\n|inactive|Ronzi0 has 30 seconds left this turn.\n|\n|t:|1700196119\n|switch|p1a: mothar|Iron Moth|100\/100\n|-enditem|p1a: mothar|Booster Energy\n|-activate|p1a: mothar|ability: Quark Drive|[fromitem]\n|-start|p1a: mothar|quarkdrivespe\n|turn|18\n|\n|t:|1700196125\n|move|p1a: mothar|Fiery Dance|p2a: Kuzko\n|-supereffective|p2a: Kuzko\n|-damage|p2a: Kuzko|0 fnt\n|faint|p2a: Kuzko\n|\n|upkeep\n|inactive|Ronzi0 has 30 seconds left.\n|inactive|Ronzi0 has 20 seconds left.\n|inactive|Ronzi0 has 15 seconds left.\n|inactive|Ronzi0 has 10 seconds left.\n|inactive|Ronzi0 has 5 seconds left.\n|\n|t:|1700196166\n|switch|p2a: Dumbo|Great Tusk, shiny, tera:Poison|54\/100\n|turn|19\n|inactive|Ronzi0 has 15 seconds left this turn.\n|inactive|Ronzi0 has 10 seconds left.\n|c|\u2606ReDemonic|no hope\n|inactive|Ronzi0 has 5 seconds left.\n|\n|t:|1700196186\n|move|p1a: mothar|Fiery Dance|p2a: Dumbo\n|-damage|p2a: Dumbo|0 fnt\n|faint|p2a: Dumbo\n|-end|p2a: Dumbo|Protosynthesis|[silent]\n|\n|upkeep\n|inactive|Ronzi0 has 10 seconds left this turn.\n|inactive|Ronzi0 has 5 seconds left.\n|\n|t:|1700196194\n|switch|p2a: Thor|Thundurus-Therian, M, shiny|100\/100\n|turn|20\n|inactive|Ronzi0 has 15 seconds left this turn.\n|inactive|Ronzi0 has 10 seconds left.\n|\n|t:|1700196200\n|move|p1a: mothar|Fiery Dance|p2a: Thor\n|-damage|p2a: Thor|45\/100\n|-boost|p1a: mothar|spa|1\n|move|p2a: Thor|Volt Switch|p1a: mothar\n|-damage|p1a: mothar|67\/100\n|\n|upkeep\n|turn|21\n|inactive|Ronzi0 has 20 seconds left this turn.\n|inactive|Ronzi0 has 15 seconds left.\n|inactive|Ronzi0 has 10 seconds left.\n|c|\u2606ReDemonic|no hope\n|inactive|Ronzi0 has 5 seconds left.\n|-message|Ronzi0 lost due to inactivity.\n|\n|win|ReDemonic\n|raw|ReDemonic's rating: 1491 &rarr; <strong>1513<\/strong><br \/>(+22 for winning)\n|raw|Ronzi0's rating: 1521 &rarr; <strong>1499<\/strong><br \/>(-22 for losing)\n|l|\u2606Ronzi0\n","uploadtime":1700196228,"views":7,"p1id":"redemonic","p2id":"ronzi0","formatid":"gen9ou","rating":1499,"private":0,"password":""}