{"id":"gen9ou-1989439366","p1":"munchkinp","p2":"anomalu","format":"[Gen 9] OU","log":"|j|\u2606munchkinp\n|j|\u2606anomalu\n|inactive|Battle timer is ON: inactive players will automatically lose when time's up.\n|t:|1699850645\n|gametype|singles\n|player|p1|munchkinp|170|\n|player|p2|anomalu|kris-gen2|\n|teamsize|p1|3\n|teamsize|p2|3\n|gen|9\n|tier|[Gen 9] OU\n|rated|Tournament battle\n|rule|Sleep Clause Mod: Limit one foe put to sleep\n|rule|Species Clause: Limit one of each Pok\u00e9mon\n|rule|OHKO Clause: OHKO moves are banned\n|rule|Evasion Items Clause: Evasion items are banned\n|rule|Evasion Moves Clause: Evasion moves are banned\n|rule|Endless Battle Clause: Forcing endless battles is banned\n|rule|HP Percentage Mod: HP is shown in percentages\n|clearpoke\n|poke|p1|Torterra, F|\n|poke|p1|Bisharp, F|\n|poke|p1|Gholdengo|\n|poke|p2|Toxapex, M|\n|poke|p2|Dragonite, M|\n|poke|p2|Drakloak, F|\n|teampreview\n|j|*Lady Monita \u2746\n|j| Romsfun 2\n|\n|t:|1699850667\n|start\n|switch|p1a: Bisharp|Bisharp, F|100\/100\n|switch|p2a: Drakloak|Drakloak, F, shiny|100\/100\n|turn|1\n|\n|t:|1699850674\n|move|p2a: Drakloak|Light Screen|p2a: Drakloak\n|-sidestart|p2: anomalu|move: Light Screen\n|move|p1a: Bisharp|Stealth Rock|p2a: Drakloak\n|-sidestart|p2: anomalu|move: Stealth Rock\n|\n|upkeep\n|turn|2\n|\n|t:|1699850678\n|move|p2a: Drakloak|Reflect|p2a: Drakloak\n|-sidestart|p2: anomalu|Reflect\n|move|p1a: Bisharp|Swords Dance|p1a: Bisharp\n|-boost|p1a: Bisharp|atk|2\n|\n|upkeep\n|turn|3\n|\n|t:|1699850683\n|move|p2a: Drakloak|Disable|p1a: Bisharp\n|-start|p1a: Bisharp|Disable|Swords Dance\n|move|p1a: Bisharp|Iron Defense|p1a: Bisharp\n|-boost|p1a: Bisharp|def|2\n|\n|upkeep\n|turn|4\n|c|\u2606munchkinp|help this isnt iron head\n|\n|t:|1699850699\n|move|p1a: Bisharp|Sucker Punch|p2a: Drakloak\n|-supereffective|p2a: Drakloak\n|-damage|p2a: Drakloak|0 fnt\n|faint|p2a: Drakloak\n|\n|upkeep\n|\n|t:|1699850703\n|switch|p2a: Dragonite|Dragonite, M, shiny|100\/100\n|-damage|p2a: Dragonite|76\/100|[from] Stealth Rock\n|turn|5\n|c| Romsfun 2|ooohhh\n|\n|t:|1699850710\n|switch|p1a: Gholdengo|Gholdengo|100\/100\n|move|p2a: Dragonite|Dragon Dance|p2a: Dragonite\n|-boost|p2a: Dragonite|atk|1\n|-boost|p2a: Dragonite|spe|1\n|\n|upkeep\n|turn|6\n|c| Romsfun 2|nice kill\n|inactive|munchkinp has 120 seconds left.\n|j| DragonPhoenix333\n|c| DragonPhoenix333|whyd u switch\n|c| Romsfun 2|i agree\n|c| Romsfun 2|why\n|inactive|munchkinp has 90 seconds left.\n|c| Romsfun 2|u had stats\n|inactive|munchkinp has 60 seconds left.\n|\n|t:|1699850819\n|-terastallize|p1a: Gholdengo|Flying\n|move|p2a: Dragonite|Fire Punch|p1a: Gholdengo\n|-crit|p1a: Gholdengo\n|-damage|p1a: Gholdengo|23\/100\n|move|p1a: Gholdengo|Nasty Plot|p1a: Gholdengo\n|-boost|p1a: Gholdengo|spa|2\n|\n|upkeep\n|turn|7\n|\n|t:|1699850825\n|switch|p1a: Bisharp|Bisharp, F|100\/100\n|move|p2a: Dragonite|Fire Punch|p1a: Bisharp\n|-supereffective|p1a: Bisharp\n|-damage|p1a: Bisharp|39\/100\n|\n|upkeep\n|turn|8\n|\n|t:|1699850833\n|move|p2a: Dragonite|Extreme Speed|p1a: Bisharp\n|-resisted|p1a: Bisharp\n|-damage|p1a: Bisharp|21\/100\n|move|p1a: Bisharp|Swords Dance|p1a: Bisharp\n|-boost|p1a: Bisharp|atk|2\n|\n|-sideend|p2: anomalu|move: Light Screen\n|upkeep\n|turn|9\n|\n|t:|1699850850\n|switch|p1a: Gholdengo|Gholdengo, tera:Flying|23\/100\n|-terastallize|p2a: Dragonite|Normal\n|move|p2a: Dragonite|Extreme Speed|p1a: Gholdengo\n|-damage|p1a: Gholdengo|0 fnt\n|faint|p1a: Gholdengo\n|\n|-sideend|p2: anomalu|Reflect\n|upkeep\n|\n|t:|1699850857\n|switch|p1a: Torterra|Torterra, F|100\/100\n|turn|10\n|j| Im dumb srly\n|c| Romsfun 2|is it\n|\n|t:|1699850871\n|move|p2a: Dragonite|Fire Punch|p1a: Torterra\n|-supereffective|p1a: Torterra\n|-damage|p1a: Torterra|19\/100\n|-status|p1a: Torterra|brn\n|move|p1a: Torterra|Headlong Rush|p2a: Dragonite\n|-crit|p2a: Dragonite\n|-damage|p2a: Dragonite|40\/100\n|-unboost|p1a: Torterra|def|1\n|-unboost|p1a: Torterra|spd|1\n|\n|-damage|p1a: Torterra|13\/100 brn|[from] brn\n|upkeep\n|turn|11\n|c| Romsfun 2|Its not a shell smash\n|c|\u2606anomalu|gg\n|c| Romsfun 2|one\n|c|\u2606munchkinp|oh man\n|c|\u2606munchkinp|gg\n|inactive|munchkinp has 60 seconds left.\n|c|\u2606munchkinp|it is shell smash\n|-message|munchkinp forfeited.\n|\n|win|anomalu\n|n|\u2606munchkinp|munchkinp\n|n|\u2606anomalu|anomalu\n|n|*Lady Monita \u2746|ladymonita\n|n| Romsfun 2|romsfun2\n|n| DragonPhoenix333|dragonphoenix333\n|n| Im dumb srly|imdumbsrly\n","uploadtime":1699850893,"views":8,"p1id":"munchkinp","p2id":"anomalu","formatid":"gen9ou","rating":0,"private":0,"password":""}