{"id":"gen9ou-2000589536","p1":"Adibex","p2":"1 million wulongs","format":"[Gen 9] OU","log":"|j|\u2606Adibex\n|j|\u26061 million wulongs\n|t:|1701208154\n|gametype|singles\n|player|p1|Adibex|veteran|1117\n|player|p2|1 million wulongs|psychic-gen4|1044\n|teamsize|p1|6\n|teamsize|p2|6\n|gen|9\n|tier|[Gen 9] OU\n|rated|\n|rule|Sleep Clause Mod: Limit one foe put to sleep\n|rule|Species Clause: Limit one of each Pok\u00e9mon\n|rule|OHKO Clause: OHKO moves are banned\n|rule|Evasion Items Clause: Evasion items are banned\n|rule|Evasion Moves Clause: Evasion moves are banned\n|rule|Endless Battle Clause: Forcing endless battles is banned\n|rule|HP Percentage Mod: HP is shown in percentages\n|clearpoke\n|poke|p1|Kleavor, F|\n|poke|p1|Gholdengo|\n|poke|p1|Dragapult, M|\n|poke|p1|Iron Moth|\n|poke|p1|Ogerpon-Wellspring, F|\n|poke|p1|Cinderace, F|\n|poke|p2|Great Tusk|\n|poke|p2|Iron Treads|\n|poke|p2|Donphan, M|\n|poke|p2|Whiscash, F|\n|poke|p2|Camerupt, F|\n|poke|p2|Torterra, F|\n|teampreview\n|inactive|Battle timer is ON: inactive players will automatically lose when time's up. (requested by 1 million wulongs)\n|\n|t:|1701208178\n|start\n|switch|p1a: Kleavor|Kleavor, F, shiny|100\/100\n|switch|p2a: Iron Tusk|Donphan, M|100\/100\n|turn|1\n|\n|t:|1701208185\n|move|p1a: Kleavor|U-turn|p2a: Iron Tusk\n|-damage|p2a: Iron Tusk|76\/100\n|\n|t:|1701208190\n|switch|p1a: Ogerpon|Ogerpon-Wellspring, F|100\/100|[from] U-turn\n|move|p2a: Iron Tusk|Rapid Spin|p1a: Ogerpon\n|-damage|p1a: Ogerpon|83\/100\n|-boost|p2a: Iron Tusk|spe|1\n|\n|upkeep\n|turn|2\n|\n|t:|1701208196\n|switch|p2a: ;)|Whiscash, F|100\/100\n|move|p1a: Ogerpon|Horn Leech|p2a: ;)\n|-supereffective|p2a: ;)\n|-damage|p2a: ;)|0 fnt\n|-heal|p1a: Ogerpon|100\/100|[from] drain|[of] p2a: ;)\n|faint|p2a: ;)\n|\n|upkeep\n|\n|t:|1701208200\n|switch|p2a: wtf bro|Torterra, F|100\/100\n|turn|3\n|\n|t:|1701208204\n|move|p1a: Ogerpon|U-turn|p2a: wtf bro\n|-supereffective|p2a: wtf bro\n|-damage|p2a: wtf bro|46\/100\n|\n|t:|1701208207\n|switch|p1a: Iron Moth|Iron Moth|100\/100|[from] U-turn\n|-enditem|p1a: Iron Moth|Booster Energy\n|-activate|p1a: Iron Moth|ability: Quark Drive|[fromitem]\n|-start|p1a: Iron Moth|quarkdrivespa\n|move|p2a: wtf bro|Shell Smash|p2a: wtf bro\n|-unboost|p2a: wtf bro|def|1\n|-unboost|p2a: wtf bro|spd|1\n|-boost|p2a: wtf bro|atk|2\n|-boost|p2a: wtf bro|spa|2\n|-boost|p2a: wtf bro|spe|2\n|-enditem|p2a: wtf bro|White Herb\n|-clearnegativeboost|p2a: wtf bro|[silent]\n|\n|upkeep\n|turn|4\n|\n|t:|1701208212\n|move|p2a: wtf bro|Headlong Rush|p1a: Iron Moth\n|-supereffective|p1a: Iron Moth\n|-damage|p1a: Iron Moth|0 fnt\n|-unboost|p2a: wtf bro|def|1\n|-unboost|p2a: wtf bro|spd|1\n|faint|p1a: Iron Moth\n|-end|p1a: Iron Moth|Quark Drive|[silent]\n|\n|upkeep\n|\n|t:|1701208227\n|switch|p1a: Ogerpon|Ogerpon-Wellspring, F|100\/100\n|turn|5\n|\n|t:|1701208234\n|move|p2a: wtf bro|Wood Hammer|p1a: Ogerpon\n|-damage|p1a: Ogerpon|0 fnt\n|faint|p1a: Ogerpon\n|-damage|p2a: wtf bro|16\/100|[from] Recoil\n|\n|upkeep\n|\n|t:|1701208239\n|switch|p1a: Dragapult|Dragapult, M, shiny|100\/100\n|turn|6\n|\n|t:|1701208245\n|switch|p2a: SILVER TUSK|Iron Treads|100\/100\n|move|p1a: Dragapult|Flamethrower|p2a: SILVER TUSK\n|-supereffective|p2a: SILVER TUSK\n|-damage|p2a: SILVER TUSK|69\/100\n|\n|upkeep\n|turn|7\n|\n|t:|1701208257\n|-terastallize|p1a: Dragapult|Fire\n|move|p1a: Dragapult|Flamethrower|p2a: SILVER TUSK\n|-supereffective|p2a: SILVER TUSK\n|-damage|p2a: SILVER TUSK|26\/100\n|move|p2a: SILVER TUSK|Volt Switch|p1a: Dragapult\n|-damage|p1a: Dragapult|90\/100\n|-start|p2a: SILVER TUSK|Disable|Volt Switch|[from] ability: Cursed Body|[of] p1a: Dragapult\n|\n|t:|1701208262\n|-end|p2a: SILVER TUSK|Quark Drive|[silent]\n|switch|p2a: maxie do it to em|Camerupt, F|100\/100|[from] Volt Switch\n|\n|upkeep\n|turn|8\n|l|\u2606Adibex\n|inactive|Adibex disconnected and has a minute to reconnect!\n|player|p1|\n|inactive|Adibex has 30 seconds to reconnect!\n|inactive|Adibex has 20 seconds to reconnect!\n|inactive|Adibex has 15 seconds to reconnect!\n|inactive|Adibex has 10 seconds to reconnect!\n|inactive|Adibex has 5 seconds to reconnect!\n|-message|Adibex lost due to inactivity.\n|\n|win|1 million wulongs\n|raw|Adibex's rating: 1117 &rarr; <strong>1087<\/strong><br \/>(-30 for losing)\n|raw|1 million wulongs's rating: 1044 &rarr; <strong>1084<\/strong><br \/>(+40 for winning)\n","uploadtime":1701208375,"views":1,"p1id":"adibex","p2id":"1millionwulongs","formatid":"gen9ou","rating":1084,"private":0,"password":""}