{"id":"gen9ou-1990253612","p1":"TrickRoom0nly","p2":"iron tusk 69","format":"[Gen 9] OU","log":"|j|\u2606TrickRoom0nly\n|j|\u2606iron tusk 69\n|t:|1699945206\n|gametype|singles\n|player|p1|TrickRoom0nly|backersf|1657\n|player|p2|iron tusk 69|biker-gen4|1717\n|teamsize|p1|6\n|teamsize|p2|6\n|gen|9\n|tier|[Gen 9] OU\n|rated|\n|rule|Sleep Clause Mod: Limit one foe put to sleep\n|rule|Species Clause: Limit one of each Pok\u00e9mon\n|rule|OHKO Clause: OHKO moves are banned\n|rule|Evasion Items Clause: Evasion items are banned\n|rule|Evasion Moves Clause: Evasion moves are banned\n|rule|Endless Battle Clause: Forcing endless battles is banned\n|rule|HP Percentage Mod: HP is shown in percentages\n|clearpoke\n|poke|p1|Hatterene, F|\n|poke|p1|Cresselia, F|\n|poke|p1|Crawdaunt, F|\n|poke|p1|Scizor, F|\n|poke|p1|Iron Hands|\n|poke|p1|Vikavolt, F|\n|poke|p2|Samurott-Hisui, M|\n|poke|p2|Iron Moth|\n|poke|p2|Kingambit, F|\n|poke|p2|Ogerpon-Wellspring, F|\n|poke|p2|Iron Valiant|\n|poke|p2|Zamazenta-*|\n|teampreview\n|inactive|Battle timer is ON: inactive players will automatically lose when time's up. (requested by TrickRoom0nly)\n|\n|t:|1699945216\n|start\n|switch|p1a: Scizor|Scizor, F|100\/100\n|switch|p2a: Gliscorless Edge|Samurott-Hisui, M|100\/100\n|turn|1\n|c|\u2606iron tusk 69|Gee\n|c|\u2606iron tusk 69|I wonder what team this is, TrickRoom0nly\n|\n|t:|1699945235\n|move|p2a: Gliscorless Edge|Ceaseless Edge|p1a: Scizor\n|-damage|p1a: Scizor|66\/100\n|-sidestart|p1: TrickRoom0nly|Spikes\n|move|p1a: Scizor|Close Combat|p2a: Gliscorless Edge\n|-supereffective|p2a: Gliscorless Edge\n|-damage|p2a: Gliscorless Edge|30\/100\n|-unboost|p1a: Scizor|def|1\n|-unboost|p1a: Scizor|spd|1\n|\n|-heal|p2a: Gliscorless Edge|36\/100|[from] item: Leftovers\n|upkeep\n|turn|2\n|j| hypersonicstorm\n|\n|t:|1699945241\n|move|p2a: Gliscorless Edge|Ceaseless Edge|p1a: Scizor\n|-damage|p1a: Scizor|12\/100\n|-sidestart|p1: TrickRoom0nly|Spikes\n|-enditem|p1a: Scizor|Sitrus Berry|[eat]\n|-heal|p1a: Scizor|37\/100|[from] item: Sitrus Berry\n|move|p1a: Scizor|Close Combat|p2a: Gliscorless Edge\n|-supereffective|p2a: Gliscorless Edge\n|-damage|p2a: Gliscorless Edge|0 fnt\n|-unboost|p1a: Scizor|def|1\n|-unboost|p1a: Scizor|spd|1\n|faint|p2a: Gliscorless Edge\n|\n|upkeep\n|\n|t:|1699945248\n|switch|p2a: Freezing Sun|Iron Moth|100\/100\n|-enditem|p2a: Freezing Sun|Booster Energy\n|-activate|p2a: Freezing Sun|ability: Quark Drive|[fromitem]\n|-start|p2a: Freezing Sun|quarkdrivespe\n|turn|3\n|\n|t:|1699945253\n|switch|p1a: Cresselia|Cresselia, F|100\/100\n|move|p2a: Freezing Sun|Fiery Dance|p1a: Cresselia\n|-damage|p1a: Cresselia|79\/100\n|\n|-heal|p1a: Cresselia|85\/100|[from] item: Leftovers\n|upkeep\n|turn|4\n|\n|t:|1699945258\n|move|p2a: Freezing Sun|Substitute|p2a: Freezing Sun\n|-start|p2a: Freezing Sun|Substitute\n|-damage|p2a: Freezing Sun|76\/100\n|move|p1a: Cresselia|Trick Room|p1a: Cresselia\n|-fieldstart|move: Trick Room|[of] p1a: Cresselia\n|\n|-heal|p1a: Cresselia|91\/100|[from] item: Leftovers\n|upkeep\n|turn|5\n|\n|t:|1699945265\n|move|p1a: Cresselia|Psychic|p2a: Freezing Sun\n|-supereffective|p2a: Freezing Sun\n|-end|p2a: Freezing Sun|Substitute\n|move|p2a: Freezing Sun|Fiery Dance|p1a: Cresselia\n|-damage|p1a: Cresselia|70\/100\n|\n|-heal|p1a: Cresselia|76\/100|[from] item: Leftovers\n|upkeep\n|turn|6\n|\n|t:|1699945271\n|move|p1a: Cresselia|Psychic|p2a: Freezing Sun\n|-supereffective|p2a: Freezing Sun\n|-damage|p2a: Freezing Sun|32\/100\n|move|p2a: Freezing Sun|Fiery Dance|p1a: Cresselia\n|-damage|p1a: Cresselia|55\/100\n|\n|-heal|p1a: Cresselia|61\/100|[from] item: Leftovers\n|upkeep\n|turn|7\n|\n|t:|1699945275\n|move|p1a: Cresselia|Psychic|p2a: Freezing Sun\n|-supereffective|p2a: Freezing Sun\n|-damage|p2a: Freezing Sun|0 fnt\n|faint|p2a: Freezing Sun\n|-end|p2a: Freezing Sun|Quark Drive|[silent]\n|\n|-heal|p1a: Cresselia|67\/100|[from] item: Leftovers\n|upkeep\n|\n|t:|1699945285\n|switch|p2a: It's Oger|Ogerpon-Wellspring, F|100\/100\n|turn|8\n|\n|t:|1699945288\n|switch|p1a: Iron Hands|Iron Hands|100\/100\n|-damage|p1a: Iron Hands|84\/100|[from] Spikes\n|move|p2a: It's Oger|Swords Dance|p2a: It's Oger\n|-boost|p2a: It's Oger|atk|2\n|\n|-heal|p1a: Iron Hands|90\/100|[from] item: Leftovers\n|-fieldend|move: Trick Room\n|upkeep\n|turn|9\n|j| cheese miestro\n|\n|t:|1699945300\n|-terastallize|p2a: It's Oger|Water\n|detailschange|p2a: It's Oger|Ogerpon-Wellspring-Tera, F, tera:Water\n|-ability|p2a: It's Oger|Embody Aspect (Wellspring)|boost\n|-boost|p2a: It's Oger|spd|1\n|move|p2a: It's Oger|Ivy Cudgel|p1a: Iron Hands\n|-damage|p1a: Iron Hands|6\/100\n|move|p1a: Iron Hands|Thunder Punch|p2a: It's Oger\n|-supereffective|p2a: It's Oger\n|-damage|p2a: It's Oger|0 fnt\n|faint|p2a: It's Oger\n|\n|-heal|p1a: Iron Hands|12\/100|[from] item: Leftovers\n|upkeep\n|\n|t:|1699945309\n|switch|p2a: Ogregone|Iron Valiant|100\/100\n|-enditem|p2a: Ogregone|Booster Energy\n|-activate|p2a: Ogregone|ability: Quark Drive|[fromitem]\n|-start|p2a: Ogregone|quarkdrivespe\n|turn|10\n|c|\u2606iron tusk 69|that was embarrassing\n|\n|t:|1699945315\n|-end|p1a: Iron Hands|Quark Drive|[silent]\n|switch|p1a: Cresselia|Cresselia, F|67\/100\n|move|p2a: Ogregone|Knock Off|p1a: Cresselia\n|-supereffective|p1a: Cresselia\n|-damage|p1a: Cresselia|20\/100\n|-enditem|p1a: Cresselia|Leftovers|[from] move: Knock Off|[of] p2a: Ogregone\n|\n|upkeep\n|turn|11\n|c|\u2606TrickRoom0nly|max def hands goes crazy\n|\n|t:|1699945323\n|switch|p1a: Hatterene|Hatterene, F|100\/100\n|-damage|p1a: Hatterene|84\/100|[from] Spikes\n|move|p2a: Ogregone|Knock Off|p1a: Hatterene\n|-damage|p1a: Hatterene|57\/100\n|-enditem|p1a: Hatterene|Red Card|[from] move: Knock Off|[of] p2a: Ogregone\n|\n|upkeep\n|turn|12\n|inactive|iron tusk 69 has 120 seconds left.\n|c|\u2606iron tusk 69|why did I tera\n|c|\u2606iron tusk 69|what was I thinking\n|c|\u2606iron tusk 69|hands doesnt even get troom\n|\n|t:|1699945373\n|move|p2a: Ogregone|Swords Dance|p2a: Ogregone\n|-boost|p2a: Ogregone|atk|2\n|move|p1a: Hatterene|Trick Room|p1a: Hatterene\n|-fieldstart|move: Trick Room|[of] p1a: Hatterene\n|\n|upkeep\n|turn|13\n|\n|t:|1699945378\n|move|p1a: Hatterene|Dazzling Gleam|p2a: Ogregone\n|-supereffective|p2a: Ogregone\n|-damage|p2a: Ogregone|0 fnt\n|faint|p2a: Ogregone\n|-end|p2a: Ogregone|Quark Drive|[silent]\n|\n|upkeep\n|\n|t:|1699945381\n|switch|p2a: GAMBIT SWITCHIN|Zamazenta|100\/100\n|-ability|p2a: GAMBIT SWITCHIN|Dauntless Shield|boost\n|-boost|p2a: GAMBIT SWITCHIN|def|1\n|turn|14\n|\n|t:|1699945384\n|move|p1a: Hatterene|Dazzling Gleam|p2a: GAMBIT SWITCHIN\n|-supereffective|p2a: GAMBIT SWITCHIN\n|-damage|p2a: GAMBIT SWITCHIN|43\/100\n|move|p2a: GAMBIT SWITCHIN|Heavy Slam|p1a: Hatterene\n|-supereffective|p1a: Hatterene\n|-damage|p1a: Hatterene|4\/100\n|\n|-heal|p2a: GAMBIT SWITCHIN|49\/100|[from] item: Leftovers\n|upkeep\n|turn|15\n|\n|t:|1699945390\n|move|p1a: Hatterene|Dazzling Gleam|p2a: GAMBIT SWITCHIN\n|-supereffective|p2a: GAMBIT SWITCHIN\n|-damage|p2a: GAMBIT SWITCHIN|0 fnt\n|faint|p2a: GAMBIT SWITCHIN\n|\n|upkeep\n|\n|t:|1699945393\n|switch|p2a: Rigged Suspect|Kingambit, F|100\/100\n|-activate|p2a: Rigged Suspect|ability: Supreme Overlord\n|-start|p2a: Rigged Suspect|fallen5|[silent]\n|turn|16\n|l| cheese miestro\n|j| cheese miestro\n|c|\u2606TrickRoom0nly|lmao max def hatterene goes crazy too\n|\n|t:|1699945400\n|move|p1a: Hatterene|Mystical Fire|p2a: Rigged Suspect\n|-supereffective|p2a: Rigged Suspect\n|-damage|p2a: Rigged Suspect|60\/100\n|-unboost|p2a: Rigged Suspect|spa|1\n|move|p2a: Rigged Suspect|Swords Dance|p2a: Rigged Suspect\n|-boost|p2a: Rigged Suspect|atk|2\n|\n|-heal|p2a: Rigged Suspect|66\/100|[from] item: Leftovers\n|-fieldend|move: Trick Room\n|upkeep\n|turn|17\n|\n|t:|1699945405\n|move|p2a: Rigged Suspect|Kowtow Cleave|p1a: Hatterene\n|-crit|p1a: Hatterene\n|-damage|p1a: Hatterene|0 fnt\n|faint|p1a: Hatterene\n|\n|-heal|p2a: Rigged Suspect|72\/100|[from] item: Leftovers\n|upkeep\n|c|\u2606TrickRoom0nly|oops\n|c| cheese miestro|I wish trick room was actually more then a 2\/10 in singles\n|c|\u2606iron tusk 69|wdym oops\n|c|\u2606iron tusk 69|u win lol\n|\n|t:|1699945425\n|switch|p1a: Scizor|Scizor, F|37\/100\n|-damage|p1a: Scizor|21\/100|[from] Spikes\n|turn|18\n|c|\u2606iron tusk 69|my tera was such a disgusting choke\n|\n|t:|1699945434\n|move|p2a: Rigged Suspect|Sucker Punch|p1a: Scizor\n|-damage|p1a: Scizor|0 fnt\n|faint|p1a: Scizor\n|\n|-heal|p2a: Rigged Suspect|78\/100|[from] item: Leftovers\n|upkeep\n|c|\u2606TrickRoom0nly|gambit cleans me\n|c|\u2606iron tusk 69|how\n|\n|t:|1699945440\n|switch|p1a: Vikavolt|Vikavolt, F|100\/100\n|turn|19\n|\n|t:|1699945445\n|move|p2a: Rigged Suspect|Kowtow Cleave|p1a: Vikavolt\n|-damage|p1a: Vikavolt|0 fnt\n|faint|p1a: Vikavolt\n|\n|-heal|p2a: Rigged Suspect|85\/100|[from] item: Leftovers\n|upkeep\n|c| cheese miestro|its gambit\n|c|\u2606iron tusk 69|daunt?\n|\n|t:|1699945450\n|switch|p1a: Crawdaunt|Crawdaunt, F|100\/100\n|-damage|p1a: Crawdaunt|84\/100|[from] Spikes\n|turn|20\n|\n|t:|1699945454\n|move|p2a: Rigged Suspect|Kowtow Cleave|p1a: Crawdaunt\n|-resisted|p1a: Crawdaunt\n|-damage|p1a: Crawdaunt|0 fnt\n|faint|p1a: Crawdaunt\n|\n|-heal|p2a: Rigged Suspect|91\/100|[from] item: Leftovers\n|upkeep\n|c|\u2606iron tusk 69|oh wow\n|c|\u2606TrickRoom0nly|ye\n|j| Pierre77v\n|c|\u2606iron tusk 69|its a gambit all right\n|-message|TrickRoom0nly forfeited.\n|\n|win|iron tusk 69\n|raw|TrickRoom0nly's rating: 1657 &rarr; <strong>1640<\/strong><br \/>(-17 for losing)\n|raw|iron tusk 69's rating: 1717 &rarr; <strong>1734<\/strong><br \/>(+17 for winning)\n|l|\u2606TrickRoom0nly\n|l| cheese miestro\n|j| The real Napster\n","uploadtime":1699946320,"views":18,"p1id":"trickroom0nly","p2id":"irontusk69","formatid":"gen9ou","rating":1640,"private":0,"password":""}