{"id":"gen9ou-1991180983","p1":"Drake115","p2":"pertpert","format":"[Gen 9] OU","log":"|j|\u2606Drake115\n|j|\u2606pertpert\n|t:|1700054305\n|gametype|singles\n|player|p1|Drake115|gambler|1514\n|player|p2|pertpert|doctor|1523\n|teamsize|p1|6\n|teamsize|p2|6\n|gen|9\n|tier|[Gen 9] OU\n|rated|\n|rule|Sleep Clause Mod: Limit one foe put to sleep\n|rule|Species Clause: Limit one of each Pok\u00e9mon\n|rule|OHKO Clause: OHKO moves are banned\n|rule|Evasion Items Clause: Evasion items are banned\n|rule|Evasion Moves Clause: Evasion moves are banned\n|rule|Endless Battle Clause: Forcing endless battles is banned\n|rule|HP Percentage Mod: HP is shown in percentages\n|clearpoke\n|poke|p1|Meowscarada, M|\n|poke|p1|Skeledirge, F|\n|poke|p1|Zamazenta-*|\n|poke|p1|Corviknight, F|\n|poke|p1|Walking Wake|\n|poke|p1|Glimmora, M|\n|poke|p2|Manaphy|\n|poke|p2|Ninetales-Alola, F|\n|poke|p2|Iron Moth|\n|poke|p2|Kingambit, M|\n|poke|p2|Iron Treads|\n|poke|p2|Zamazenta-*|\n|teampreview\n|inactive|Battle timer is ON: inactive players will automatically lose when time's up. (requested by pertpert)\n|\n|t:|1700054324\n|start\n|switch|p1a: Meowscarada|Meowscarada, M, shiny|100\/100\n|switch|p2a: Droideka|Iron Treads|100\/100\n|-enditem|p2a: Droideka|Booster Energy\n|-activate|p2a: Droideka|ability: Quark Drive|[fromitem]\n|-start|p2a: Droideka|quarkdrivespe\n|turn|1\n|\n|t:|1700054333\n|move|p1a: Meowscarada|U-turn|p2a: Droideka\n|-start|p1a: Meowscarada|typechange|Bug|[from] ability: Protean\n|-resisted|p2a: Droideka\n|-crit|p2a: Droideka\n|-damage|p2a: Droideka|82\/100\n|\n|t:|1700054344\n|switch|p1a: Corviknight|Corviknight, F, shiny|100\/100|[from] U-turn\n|-ability|p1a: Corviknight|Pressure\n|move|p2a: Droideka|Stealth Rock|p1a: Corviknight\n|-sidestart|p1: Drake115|move: Stealth Rock\n|\n|upkeep\n|turn|2\n|\n|t:|1700054362\n|-end|p2a: Droideka|Quark Drive|[silent]\n|switch|p2a: Manaphy|Manaphy|100\/100\n|move|p1a: Corviknight|Defog|p2a: Manaphy\n|-unboost|p2a: Manaphy|evasion|1\n|-sideend|p1: Drake115|Stealth Rock|[from] move: Defog|[of] p1a: Corviknight\n|\n|upkeep\n|turn|3\n|\n|t:|1700054384\n|move|p2a: Manaphy|Tail Glow|p2a: Manaphy\n|-boost|p2a: Manaphy|spa|3\n|move|p1a: Corviknight|U-turn|p2a: Manaphy\n|-damage|p2a: Manaphy|87\/100\n|\n|t:|1700054391\n|switch|p1a: Glimmora|Glimmora, M|100\/100|[from] U-turn\n|\n|-heal|p2a: Manaphy|94\/100|[from] item: Leftovers\n|upkeep\n|turn|4\n|\n|t:|1700054397\n|move|p1a: Glimmora|Stealth Rock|p2a: Manaphy\n|-sidestart|p2: pertpert|move: Stealth Rock\n|move|p2a: Manaphy|Surf|p1a: Glimmora\n|-supereffective|p1a: Glimmora\n|-enditem|p1a: Glimmora|Focus Sash\n|-damage|p1a: Glimmora|1\/100\n|\n|-heal|p2a: Manaphy|99\/100|[from] item: Leftovers\n|upkeep\n|turn|5\n|\n|t:|1700054416\n|move|p1a: Glimmora|Energy Ball|p2a: Manaphy\n|-supereffective|p2a: Manaphy\n|-damage|p2a: Manaphy|45\/100\n|move|p2a: Manaphy|Energy Ball|p1a: Glimmora\n|-damage|p1a: Glimmora|0 fnt\n|faint|p1a: Glimmora\n|\n|-heal|p2a: Manaphy|51\/100|[from] item: Leftovers\n|upkeep\n|\n|t:|1700054425\n|switch|p1a: Meowscarada|Meowscarada, M, shiny|100\/100\n|turn|6\n|\n|t:|1700054436\n|switch|p2a: Zamazenta|Zamazenta|100\/100\n|-damage|p2a: Zamazenta|95\/100|[from] Stealth Rock\n|-ability|p2a: Zamazenta|Dauntless Shield|boost\n|-boost|p2a: Zamazenta|def|1\n|move|p1a: Meowscarada|U-turn|p2a: Zamazenta\n|-start|p1a: Meowscarada|typechange|Bug|[from] ability: Protean\n|-resisted|p2a: Zamazenta\n|-damage|p2a: Zamazenta|87\/100\n|\n|t:|1700054445\n|switch|p1a: Skeledirge|Skeledirge, F|100\/100|[from] U-turn\n|\n|-heal|p2a: Zamazenta|93\/100|[from] item: Leftovers\n|upkeep\n|turn|7\n|\n|t:|1700054452\n|move|p2a: Zamazenta|Substitute|p2a: Zamazenta\n|-start|p2a: Zamazenta|Substitute\n|-damage|p2a: Zamazenta|69\/100\n|move|p1a: Skeledirge|Substitute|p1a: Skeledirge\n|-start|p1a: Skeledirge|Substitute\n|-damage|p1a: Skeledirge|75\/100\n|\n|-heal|p2a: Zamazenta|75\/100|[from] item: Leftovers\n|-heal|p1a: Skeledirge|82\/100|[from] item: Leftovers\n|upkeep\n|turn|8\n|\n|t:|1700054459\n|move|p2a: Zamazenta|Crunch|p1a: Skeledirge\n|-supereffective|p1a: Skeledirge\n|-end|p1a: Skeledirge|Substitute\n|move|p1a: Skeledirge|Torch Song|p2a: Zamazenta\n|-damage|p2a: Zamazenta|50\/100\n|-boost|p1a: Skeledirge|spa|1\n|\n|-heal|p2a: Zamazenta|55\/100|[from] item: Leftovers\n|-heal|p1a: Skeledirge|88\/100|[from] item: Leftovers\n|upkeep\n|turn|9\n|\n|t:|1700054464\n|switch|p1a: Corviknight|Corviknight, F, shiny|100\/100\n|-ability|p1a: Corviknight|Pressure\n|move|p2a: Zamazenta|Crunch|p1a: Corviknight\n|-damage|p1a: Corviknight|84\/100\n|-damage|p2a: Zamazenta|39\/100|[from] item: Rocky Helmet|[of] p1a: Corviknight\n|\n|-heal|p2a: Zamazenta|45\/100|[from] item: Leftovers\n|upkeep\n|turn|10\n|\n|t:|1700054468\n|move|p2a: Zamazenta|Iron Defense|p2a: Zamazenta\n|-boost|p2a: Zamazenta|def|2\n|move|p1a: Corviknight|Brave Bird|p2a: Zamazenta\n|-supereffective|p2a: Zamazenta\n|-activate|p2a: Zamazenta|move: Substitute|[damage]\n|-damage|p1a: Corviknight|78\/100|[from] Recoil|[of] p2a: Zamazenta\n|\n|-heal|p2a: Zamazenta|51\/100|[from] item: Leftovers\n|upkeep\n|turn|11\n|\n|t:|1700054476\n|move|p2a: Zamazenta|Iron Defense|p2a: Zamazenta\n|-boost|p2a: Zamazenta|def|2\n|move|p1a: Corviknight|Brave Bird|p2a: Zamazenta\n|-supereffective|p2a: Zamazenta\n|-end|p2a: Zamazenta|Substitute\n|-damage|p1a: Corviknight|77\/100|[from] Recoil|[of] p2a: Zamazenta\n|\n|-heal|p2a: Zamazenta|57\/100|[from] item: Leftovers\n|upkeep\n|turn|12\n|\n|t:|1700054481\n|move|p2a: Zamazenta|Substitute|p2a: Zamazenta\n|-start|p2a: Zamazenta|Substitute\n|-damage|p2a: Zamazenta|32\/100\n|move|p1a: Corviknight|U-turn|p2a: Zamazenta\n|-resisted|p2a: Zamazenta\n|-activate|p2a: Zamazenta|move: Substitute|[damage]\n|\n|t:|1700054484\n|switch|p1a: Skeledirge|Skeledirge, F|88\/100|[from] U-turn\n|\n|-heal|p2a: Zamazenta|38\/100|[from] item: Leftovers\n|-heal|p1a: Skeledirge|94\/100|[from] item: Leftovers\n|upkeep\n|turn|13\n|\n|t:|1700054493\n|-terastallize|p1a: Skeledirge|Fairy\n|move|p2a: Zamazenta|Crunch|p1a: Skeledirge\n|-resisted|p1a: Skeledirge\n|-damage|p1a: Skeledirge|86\/100\n|move|p1a: Skeledirge|Substitute|p1a: Skeledirge\n|-start|p1a: Skeledirge|Substitute\n|-damage|p1a: Skeledirge|61\/100\n|\n|-heal|p2a: Zamazenta|44\/100|[from] item: Leftovers\n|-heal|p1a: Skeledirge|67\/100|[from] item: Leftovers\n|upkeep\n|turn|14\n|\n|t:|1700054499\n|move|p2a: Zamazenta|Body Press|p1a: Skeledirge\n|-resisted|p1a: Skeledirge\n|-activate|p1a: Skeledirge|move: Substitute|[damage]\n|move|p1a: Skeledirge|Will-O-Wisp||[still]\n|-fail|p1a: Skeledirge\n|\n|-heal|p2a: Zamazenta|50\/100|[from] item: Leftovers\n|-heal|p1a: Skeledirge|73\/100|[from] item: Leftovers\n|upkeep\n|turn|15\n|\n|t:|1700054502\n|move|p2a: Zamazenta|Body Press|p1a: Skeledirge\n|-resisted|p1a: Skeledirge\n|-end|p1a: Skeledirge|Substitute\n|move|p1a: Skeledirge|Torch Song|p2a: Zamazenta\n|-damage|p2a: Zamazenta|25\/100\n|-boost|p1a: Skeledirge|spa|1\n|\n|-heal|p2a: Zamazenta|31\/100|[from] item: Leftovers\n|-heal|p1a: Skeledirge|79\/100|[from] item: Leftovers\n|upkeep\n|turn|16\n|\n|t:|1700054509\n|move|p2a: Zamazenta|Body Press|p1a: Skeledirge\n|-resisted|p1a: Skeledirge\n|-damage|p1a: Skeledirge|66\/100\n|move|p1a: Skeledirge|Substitute|p1a: Skeledirge\n|-start|p1a: Skeledirge|Substitute\n|-damage|p1a: Skeledirge|41\/100\n|\n|-heal|p2a: Zamazenta|37\/100|[from] item: Leftovers\n|-heal|p1a: Skeledirge|47\/100|[from] item: Leftovers\n|upkeep\n|turn|17\n|\n|t:|1700054514\n|move|p2a: Zamazenta|Body Press|p1a: Skeledirge\n|-resisted|p1a: Skeledirge\n|-activate|p1a: Skeledirge|move: Substitute|[damage]\n|move|p1a: Skeledirge|Slack Off|p1a: Skeledirge\n|-heal|p1a: Skeledirge|97\/100\n|\n|-heal|p2a: Zamazenta|43\/100|[from] item: Leftovers\n|-heal|p1a: Skeledirge|100\/100|[from] item: Leftovers\n|upkeep\n|turn|18\n|\n|t:|1700054518\n|move|p2a: Zamazenta|Body Press|p1a: Skeledirge\n|-resisted|p1a: Skeledirge\n|-end|p1a: Skeledirge|Substitute\n|move|p1a: Skeledirge|Substitute|p1a: Skeledirge\n|-start|p1a: Skeledirge|Substitute\n|-damage|p1a: Skeledirge|75\/100\n|\n|-heal|p2a: Zamazenta|49\/100|[from] item: Leftovers\n|-heal|p1a: Skeledirge|82\/100|[from] item: Leftovers\n|upkeep\n|turn|19\n|-message|pertpert forfeited.\n|\n|win|Drake115\n|raw|Drake115's rating: 1514 &rarr; <strong>1535<\/strong><br \/>(+21 for winning)\n|raw|pertpert's rating: 1523 &rarr; <strong>1502<\/strong><br \/>(-21 for losing)\n|l|\u2606pertpert\n","uploadtime":1700054534,"views":8,"p1id":"drake115","p2id":"pertpert","formatid":"gen9ou","rating":1502,"private":0,"password":""}