{"id":"gen9ou-1991772689","p1":"Theruffletkid","p2":"Wiseblood2707","format":"[Gen 9] OU","log":"|j|\u2606Theruffletkid\n|j|\u2606Wiseblood2707\n|t:|1700114597\n|gametype|singles\n|player|p1|Theruffletkid|wattson|1370\n|player|p2|Wiseblood2707|giovanni|1272\n|teamsize|p1|6\n|teamsize|p2|6\n|gen|9\n|tier|[Gen 9] OU\n|rated|\n|rule|Sleep Clause Mod: Limit one foe put to sleep\n|rule|Species Clause: Limit one of each Pok\u00e9mon\n|rule|OHKO Clause: OHKO moves are banned\n|rule|Evasion Items Clause: Evasion items are banned\n|rule|Evasion Moves Clause: Evasion moves are banned\n|rule|Endless Battle Clause: Forcing endless battles is banned\n|rule|HP Percentage Mod: HP is shown in percentages\n|clearpoke\n|poke|p1|Slowking-Galar, F|\n|poke|p1|Garganacl, M|\n|poke|p1|Sneasler, M|\n|poke|p1|Great Tusk|\n|poke|p1|Heatran, F|\n|poke|p1|Zamazenta-*|\n|poke|p2|Kommo-o, F|\n|poke|p2|Ninetales-Alola, F|\n|poke|p2|Great Tusk|\n|poke|p2|Samurott-Hisui, F|\n|poke|p2|Iron Moth|\n|poke|p2|Enamorus, F|\n|teampreview\n|\n|t:|1700114615\n|start\n|switch|p1a: Sneasler|Sneasler, M|100\/100\n|switch|p2a: Vergil|Samurott-Hisui, F|100\/100\n|turn|1\n|\n|t:|1700114630\n|-terastallize|p2a: Vergil|Ghost\n|move|p1a: Sneasler|Fake Out|p2a: Vergil\n|-immune|p2a: Vergil\n|move|p2a: Vergil|Ceaseless Edge|p1a: Sneasler\n|-resisted|p1a: Sneasler\n|-damage|p1a: Sneasler|63\/100\n|-sidestart|p1: Theruffletkid|Spikes\n|\n|upkeep\n|turn|2\n|\n|t:|1700114639\n|move|p1a: Sneasler|U-turn|p2a: Vergil\n|-resisted|p2a: Vergil\n|-damage|p2a: Vergil|85\/100\n|\n|t:|1700114651\n|switch|p1a: Zamazenta|Zamazenta|100\/100|[from] U-turn\n|-damage|p1a: Zamazenta|88\/100|[from] Spikes\n|-ability|p1a: Zamazenta|Dauntless Shield|boost\n|-boost|p1a: Zamazenta|def|1\n|move|p2a: Vergil|Ceaseless Edge|p1a: Zamazenta\n|-resisted|p1a: Zamazenta\n|-crit|p1a: Zamazenta\n|-damage|p1a: Zamazenta|55\/100\n|-sidestart|p1: Theruffletkid|Spikes\n|\n|upkeep\n|turn|3\n|\n|t:|1700114667\n|move|p1a: Zamazenta|Stone Edge|p2a: Vergil|[miss]\n|-miss|p1a: Zamazenta|p2a: Vergil\n|move|p2a: Vergil|Knock Off|p1a: Zamazenta\n|-resisted|p1a: Zamazenta\n|-damage|p1a: Zamazenta|42\/100\n|-enditem|p1a: Zamazenta|Choice Band|[from] move: Knock Off|[of] p2a: Vergil\n|\n|upkeep\n|turn|4\n|\n|t:|1700114675\n|move|p1a: Zamazenta|Stone Edge|p2a: Vergil|[miss]\n|-miss|p1a: Zamazenta|p2a: Vergil\n|move|p2a: Vergil|Razor Shell|p1a: Zamazenta\n|-damage|p1a: Zamazenta|12\/100\n|-unboost|p1a: Zamazenta|def|1\n|\n|upkeep\n|turn|5\n|\n|t:|1700114683\n|move|p2a: Vergil|Aqua Jet|p1a: Zamazenta\n|-damage|p1a: Zamazenta|0 fnt\n|faint|p1a: Zamazenta\n|\n|upkeep\n|\n|t:|1700114688\n|switch|p1a: Heatran|Heatran, F|100\/100\n|-damage|p1a: Heatran|84\/100|[from] Spikes\n|turn|6\n|\n|t:|1700114693\n|-terastallize|p1a: Heatran|Grass\n|move|p2a: Vergil|Razor Shell|p1a: Heatran\n|-resisted|p1a: Heatran\n|-damage|p1a: Heatran|63\/100\n|-unboost|p1a: Heatran|def|1\n|move|p1a: Heatran|Magma Storm|p2a: Vergil|[miss]\n|-miss|p1a: Heatran|p2a: Vergil\n|\n|-heal|p1a: Heatran|69\/100|[from] item: Leftovers\n|upkeep\n|turn|7\n|\n|t:|1700114706\n|move|p2a: Vergil|Knock Off|p1a: Heatran\n|-damage|p1a: Heatran|12\/100\n|-enditem|p1a: Heatran|Leftovers|[from] move: Knock Off|[of] p2a: Vergil\n|move|p1a: Heatran|Magma Storm|p2a: Vergil\n|-damage|p2a: Vergil|46\/100\n|-activate|p2a: Vergil|move: Magma Storm|[of] p1a: Heatran\n|\n|-damage|p2a: Vergil|33\/100|[from] move: Magma Storm|[partiallytrapped]\n|upkeep\n|turn|8\n|\n|t:|1700114715\n|switch|p1a: Sneasler|Sneasler, M|63\/100\n|move|p2a: Vergil|Aqua Jet|p1a: Sneasler\n|-damage|p1a: Sneasler|30\/100\n|\n|-end|p2a: Vergil|Magma Storm|[partiallytrapped]|[silent]\n|upkeep\n|turn|9\n|\n|t:|1700114720\n|move|p2a: Vergil|Aqua Jet|p1a: Sneasler\n|-damage|p1a: Sneasler|0 fnt\n|faint|p1a: Sneasler\n|\n|upkeep\n|\n|t:|1700114724\n|switch|p1a: Great Tusk|Great Tusk|100\/100\n|turn|10\n|\n|t:|1700114730\n|switch|p2a: Enamorus|Enamorus, F|100\/100\n|move|p1a: Great Tusk|Headlong Rush|p2a: Enamorus\n|-immune|p2a: Enamorus\n|\n|upkeep\n|turn|11\n|\n|t:|1700114736\n|-end|p1a: Great Tusk|Protosynthesis|[silent]\n|switch|p1a: Slowking|Slowking-Galar, F|100\/100\n|move|p2a: Enamorus|Moonblast|p1a: Slowking\n|-resisted|p1a: Slowking\n|-damage|p1a: Slowking|78\/100\n|\n|upkeep\n|turn|12\n|\n|t:|1700114746\n|switch|p2a: KillerMoth|Iron Moth|100\/100\n|-enditem|p2a: KillerMoth|Booster Energy\n|-activate|p2a: KillerMoth|ability: Quark Drive|[fromitem]\n|-start|p2a: KillerMoth|quarkdrivespe\n|move|p1a: Slowking|Future Sight|p2a: KillerMoth\n|-start|p1a: Slowking|move: Future Sight\n|\n|upkeep\n|turn|13\n|\n|t:|1700114760\n|-end|p2a: KillerMoth|Quark Drive|[silent]\n|switch|p2a: Ninetales|Ninetales-Alola, F|100\/100\n|-weather|Snow|[from] ability: Snow Warning|[of] p2a: Ninetales\n|move|p1a: Slowking|Slack Off|p1a: Slowking\n|-heal|p1a: Slowking|100\/100\n|\n|-weather|Snow|[upkeep]\n|upkeep\n|turn|14\n|\n|t:|1700114767\n|move|p2a: Ninetales|Aurora Veil|p2a: Ninetales\n|-sidestart|p2: Wiseblood2707|move: Aurora Veil\n|move|p1a: Slowking|Sludge Bomb|p2a: Ninetales\n|-supereffective|p2a: Ninetales\n|-damage|p2a: Ninetales|65\/100\n|-status|p2a: Ninetales|psn\n|\n|-weather|Snow|[upkeep]\n|-end|p2a: Ninetales|move: Future Sight\n|-damage|p2a: Ninetales|43\/100 psn\n|-damage|p2a: Ninetales|31\/100 psn|[from] psn\n|upkeep\n|turn|15\n|\n|t:|1700114780\n|switch|p2a: Gran Tosko|Great Tusk|100\/100\n|-enditem|p2a: Gran Tosko|Booster Energy\n|-activate|p2a: Gran Tosko|ability: Protosynthesis|[fromitem]\n|-start|p2a: Gran Tosko|protosynthesisatk\n|move|p1a: Slowking|Future Sight|p2a: Gran Tosko\n|-start|p1a: Slowking|move: Future Sight\n|\n|-weather|Snow|[upkeep]\n|upkeep\n|turn|16\n|\n|t:|1700114788\n|switch|p1a: Great Tusk|Great Tusk|100\/100\n|move|p2a: Gran Tosko|Headlong Rush|p1a: Great Tusk\n|-damage|p1a: Great Tusk|45\/100\n|-unboost|p2a: Gran Tosko|def|1\n|-unboost|p2a: Gran Tosko|spd|1\n|\n|-weather|Snow|[upkeep]\n|upkeep\n|turn|17\n|\n|t:|1700114799\n|move|p2a: Gran Tosko|Rapid Spin|p1a: Great Tusk\n|-damage|p1a: Great Tusk|29\/100\n|-boost|p2a: Gran Tosko|spe|1\n|move|p1a: Great Tusk|Rapid Spin|p2a: Gran Tosko\n|-damage|p2a: Gran Tosko|91\/100\n|-boost|p1a: Great Tusk|spe|1\n|-sideend|p1: Theruffletkid|Spikes|[from] move: Rapid Spin|[of] p1a: Great Tusk\n|\n|-weather|none\n|-end|p2a: Gran Tosko|move: Future Sight\n|-supereffective|p2a: Gran Tosko\n|-damage|p2a: Gran Tosko|0 fnt\n|faint|p2a: Gran Tosko\n|-end|p2a: Gran Tosko|Protosynthesis|[silent]\n|upkeep\n|\n|t:|1700114810\n|switch|p2a: Vergil|Samurott-Hisui, F, tera:Ghost|33\/100\n|turn|18\n|\n|t:|1700114815\n|-end|p1a: Great Tusk|Protosynthesis|[silent]\n|switch|p1a: Heatran|Heatran, F, tera:Grass|12\/100\n|move|p2a: Vergil|Aqua Jet|p1a: Heatran\n|-resisted|p1a: Heatran\n|-damage|p1a: Heatran|3\/100\n|\n|upkeep\n|turn|19\n|\n|t:|1700114820\n|move|p2a: Vergil|Aqua Jet|p1a: Heatran\n|-resisted|p1a: Heatran\n|-damage|p1a: Heatran|0 fnt\n|faint|p1a: Heatran\n|\n|upkeep\n|\n|t:|1700114824\n|switch|p1a: Garganacl|Garganacl, M|100\/100\n|turn|20\n|\n|t:|1700114828\n|move|p2a: Vergil|Knock Off|p1a: Garganacl\n|-damage|p1a: Garganacl|73\/100\n|-enditem|p1a: Garganacl|Leftovers|[from] move: Knock Off|[of] p2a: Vergil\n|move|p1a: Garganacl|Salt Cure|p2a: Vergil\n|-damage|p2a: Vergil|25\/100\n|-start|p2a: Vergil|Salt Cure\n|\n|-damage|p2a: Vergil|13\/100|[from] Salt Cure\n|upkeep\n|turn|21\n|\n|t:|1700114836\n|move|p2a: Vergil|Ceaseless Edge|p1a: Garganacl\n|-damage|p1a: Garganacl|43\/100\n|-sidestart|p1: Theruffletkid|Spikes\n|move|p1a: Garganacl|Recover|p1a: Garganacl\n|-heal|p1a: Garganacl|93\/100\n|\n|-damage|p2a: Vergil|0 fnt|[from] Salt Cure\n|faint|p2a: Vergil\n|-sideend|p2: Wiseblood2707|move: Aurora Veil\n|upkeep\n|\n|t:|1700114844\n|switch|p2a: Ninetales|Ninetales-Alola, F|31\/100 psn\n|-weather|Snow|[from] ability: Snow Warning|[of] p2a: Ninetales\n|turn|22\n|\n|t:|1700114848\n|move|p2a: Ninetales|Aurora Veil|p2a: Ninetales\n|-sidestart|p2: Wiseblood2707|move: Aurora Veil\n|move|p1a: Garganacl|Iron Defense|p1a: Garganacl\n|-boost|p1a: Garganacl|def|2\n|\n|-weather|Snow|[upkeep]\n|-damage|p2a: Ninetales|19\/100 psn|[from] psn\n|upkeep\n|turn|23\n|\n|t:|1700114854\n|switch|p2a: Goku|Kommo-o, F|100\/100\n|move|p1a: Garganacl|Iron Defense|p1a: Garganacl\n|-boost|p1a: Garganacl|def|2\n|\n|-weather|Snow|[upkeep]\n|upkeep\n|turn|24\n|\n|t:|1700114860\n|move|p2a: Goku|Clangorous Soul|p2a: Goku\n|-boost|p2a: Goku|atk|1\n|-boost|p2a: Goku|def|1\n|-boost|p2a: Goku|spa|1\n|-boost|p2a: Goku|spd|1\n|-boost|p2a: Goku|spe|1\n|-damage|p2a: Goku|68\/100\n|-enditem|p2a: Goku|Throat Spray\n|-boost|p2a: Goku|spa|1|[from] item: Throat Spray\n|move|p1a: Garganacl|Salt Cure|p2a: Goku\n|-resisted|p2a: Goku\n|-damage|p2a: Goku|66\/100\n|-start|p2a: Goku|Salt Cure\n|\n|-weather|Snow|[upkeep]\n|-damage|p2a: Goku|53\/100|[from] Salt Cure\n|upkeep\n|turn|25\n|\n|t:|1700114875\n|move|p2a: Goku|Clanging Scales|p1a: Garganacl\n|-damage|p1a: Garganacl|33\/100\n|-unboost|p2a: Goku|def|1\n|move|p1a: Garganacl|Recover|p1a: Garganacl\n|-heal|p1a: Garganacl|83\/100\n|\n|-weather|Snow|[upkeep]\n|-damage|p2a: Goku|41\/100|[from] Salt Cure\n|upkeep\n|turn|26\n|\n|t:|1700114888\n|move|p2a: Goku|Drain Punch|p1a: Garganacl\n|-supereffective|p1a: Garganacl\n|-damage|p1a: Garganacl|67\/100\n|-heal|p2a: Goku|53\/100|[from] drain|[of] p1a: Garganacl\n|move|p1a: Garganacl|Recover|p1a: Garganacl\n|-heal|p1a: Garganacl|100\/100\n|\n|-weather|none\n|-damage|p2a: Goku|40\/100|[from] Salt Cure\n|upkeep\n|turn|27\n|\n|t:|1700114898\n|switch|p2a: Enamorus|Enamorus, F|100\/100\n|move|p1a: Garganacl|Body Press|p2a: Enamorus\n|-resisted|p2a: Enamorus\n|-damage|p2a: Enamorus|87\/100\n|\n|upkeep\n|turn|28\n|\n|t:|1700114908\n|move|p2a: Enamorus|Moonblast|p1a: Garganacl\n|-damage|p1a: Garganacl|48\/100\n|move|p1a: Garganacl|Salt Cure|p2a: Enamorus\n|-supereffective|p2a: Enamorus\n|-damage|p2a: Enamorus|63\/100\n|-start|p2a: Enamorus|Salt Cure\n|\n|-damage|p2a: Enamorus|50\/100|[from] Salt Cure\n|upkeep\n|turn|29\n|\n|t:|1700114927\n|switch|p1a: Great Tusk|Great Tusk|29\/100\n|move|p2a: Enamorus|Moonblast|p1a: Great Tusk\n|-supereffective|p1a: Great Tusk\n|-damage|p1a: Great Tusk|0 fnt\n|faint|p1a: Great Tusk\n|-end|p1a: Great Tusk|Protosynthesis|[silent]\n|\n|-damage|p2a: Enamorus|38\/100|[from] Salt Cure\n|-sideend|p2: Wiseblood2707|move: Aurora Veil\n|upkeep\n|\n|t:|1700114933\n|switch|p1a: Slowking|Slowking-Galar, F|100\/100\n|turn|30\n|\n|t:|1700114940\n|switch|p2a: Ninetales|Ninetales-Alola, F|19\/100 psn\n|-weather|Snow|[from] ability: Snow Warning|[of] p2a: Ninetales\n|move|p1a: Slowking|Future Sight|p2a: Ninetales\n|-start|p1a: Slowking|move: Future Sight\n|\n|-weather|Snow|[upkeep]\n|-damage|p2a: Ninetales|6\/100 psn|[from] psn\n|upkeep\n|turn|31\n|\n|t:|1700114949\n|move|p2a: Ninetales|Aurora Veil|p2a: Ninetales\n|-sidestart|p2: Wiseblood2707|move: Aurora Veil\n|move|p1a: Slowking|Sludge Bomb|p2a: Ninetales\n|-supereffective|p2a: Ninetales\n|-damage|p2a: Ninetales|0 fnt\n|faint|p2a: Ninetales\n|\n|-weather|Snow|[upkeep]\n|upkeep\n|\n|t:|1700114962\n|switch|p2a: Enamorus|Enamorus, F|38\/100\n|turn|32\n|\n|t:|1700114971\n|move|p2a: Enamorus|Earth Power|p1a: Slowking\n|-supereffective|p1a: Slowking\n|-damage|p1a: Slowking|44\/100\n|move|p1a: Slowking|Slack Off|p1a: Slowking\n|-heal|p1a: Slowking|94\/100\n|\n|-weather|Snow|[upkeep]\n|-end|p2a: Enamorus|move: Future Sight\n|-damage|p2a: Enamorus|8\/100\n|upkeep\n|turn|33\n|\n|t:|1700114984\n|move|p2a: Enamorus|Earth Power|p1a: Slowking\n|-supereffective|p1a: Slowking\n|-damage|p1a: Slowking|36\/100\n|move|p1a: Slowking|Sludge Bomb|p2a: Enamorus\n|-supereffective|p2a: Enamorus\n|-damage|p2a: Enamorus|0 fnt\n|faint|p2a: Enamorus\n|\n|-weather|Snow|[upkeep]\n|upkeep\n|\n|t:|1700114991\n|switch|p2a: Goku|Kommo-o, F|40\/100\n|turn|34\n|\n|t:|1700114996\n|move|p2a: Goku|Boomburst|p1a: Slowking\n|-damage|p1a: Slowking|11\/100\n|move|p1a: Slowking|Slack Off|p1a: Slowking\n|-heal|p1a: Slowking|61\/100\n|\n|-weather|none\n|upkeep\n|turn|35\n|\n|t:|1700115006\n|move|p2a: Goku|Drain Punch|p1a: Slowking\n|-resisted|p1a: Slowking\n|-damage|p1a: Slowking|55\/100\n|-heal|p2a: Goku|45\/100|[from] drain|[of] p1a: Slowking\n|move|p1a: Slowking|Slack Off|p1a: Slowking\n|-heal|p1a: Slowking|100\/100\n|\n|upkeep\n|turn|36\n|\n|t:|1700115014\n|move|p2a: Goku|Boomburst|p1a: Slowking\n|-damage|p1a: Slowking|78\/100\n|move|p1a: Slowking|Future Sight|p2a: Goku\n|-start|p1a: Slowking|move: Future Sight\n|\n|upkeep\n|turn|37\n|\n|t:|1700115024\n|move|p2a: Goku|Clanging Scales|p1a: Slowking\n|-damage|p1a: Slowking|50\/100\n|-unboost|p2a: Goku|def|1\n|move|p1a: Slowking|Chilly Reception|p1a: Slowking\n|-weather|Snow\n|\n|t:|1700115029\n|switch|p1a: Garganacl|Garganacl, M|48\/100|[from] Chilly Reception\n|-damage|p1a: Garganacl|36\/100|[from] Spikes\n|\n|-weather|Snow|[upkeep]\n|upkeep\n|turn|38\n|\n|t:|1700115035\n|move|p2a: Goku|Clanging Scales|p1a: Garganacl\n|-crit|p1a: Garganacl\n|-damage|p1a: Garganacl|0 fnt\n|faint|p1a: Garganacl\n|-unboost|p2a: Goku|def|1\n|\n|-weather|Snow|[upkeep]\n|-end|p2a: Goku|move: Future Sight\n|-supereffective|p2a: Goku\n|-damage|p2a: Goku|0 fnt\n|faint|p2a: Goku\n|-sideend|p2: Wiseblood2707|move: Aurora Veil\n|upkeep\n|\n|t:|1700115045\n|switch|p2a: KillerMoth|Iron Moth|100\/100\n|switch|p1a: Slowking|Slowking-Galar, F|83\/100\n|turn|39\n|\n|t:|1700115056\n|move|p2a: KillerMoth|Fiery Dance|p1a: Slowking\n|-damage|p1a: Slowking|61\/100\n|move|p1a: Slowking|Future Sight|p2a: KillerMoth\n|-start|p1a: Slowking|move: Future Sight\n|\n|-weather|Snow|[upkeep]\n|upkeep\n|turn|40\n|\n|t:|1700115061\n|move|p2a: KillerMoth|Fiery Dance|p1a: Slowking\n|-damage|p1a: Slowking|35\/100\n|-boost|p2a: KillerMoth|spa|1\n|move|p1a: Slowking|Slack Off|p1a: Slowking\n|-heal|p1a: Slowking|85\/100\n|\n|-weather|Snow|[upkeep]\n|upkeep\n|turn|41\n|\n|t:|1700115075\n|move|p2a: KillerMoth|Fiery Dance|p1a: Slowking\n|-damage|p1a: Slowking|50\/100\n|-boost|p2a: KillerMoth|spa|1\n|move|p1a: Slowking|Slack Off|p1a: Slowking\n|-heal|p1a: Slowking|100\/100\n|\n|-weather|none\n|-end|p2a: KillerMoth|move: Future Sight\n|-supereffective|p2a: KillerMoth\n|-damage|p2a: KillerMoth|5\/100\n|upkeep\n|turn|42\n|\n|t:|1700115085\n|move|p2a: KillerMoth|Fiery Dance|p1a: Slowking\n|-damage|p1a: Slowking|55\/100\n|move|p1a: Slowking|Sludge Bomb|p2a: KillerMoth\n|-resisted|p2a: KillerMoth\n|-damage|p2a: KillerMoth|0 fnt\n|faint|p2a: KillerMoth\n|-end|p2a: KillerMoth|Quark Drive|[silent]\n|\n|win|Theruffletkid\n|raw|Theruffletkid's rating: 1370 &rarr; <strong>1385<\/strong><br \/>(+15 for winning)\n|raw|Wiseblood2707's rating: 1272 &rarr; <strong>1254<\/strong><br \/>(-18 for losing)\n|l|\u2606Wiseblood2707\n","uploadtime":1700115095,"views":8,"p1id":"theruffletkid","p2id":"wiseblood2707","formatid":"gen9ou","rating":1254,"private":0,"password":""}