{"id":"gen9ou-1995669527","p1":"triangledangle","p2":"PLAYB0I R0BBIE B","format":"[Gen 9] OU","log":"|j|\u2606triangledangle\n|j|\u2606PLAYB0I R0BBIE B\n|t:|1700592438\n|gametype|singles\n|player|p1|triangledangle|169|1446\n|player|p2|PLAYB0I R0BBIE B|eusine|1348\n|teamsize|p1|6\n|teamsize|p2|6\n|gen|9\n|tier|[Gen 9] OU\n|rated|\n|rule|Sleep Clause Mod: Limit one foe put to sleep\n|rule|Species Clause: Limit one of each Pok\u00e9mon\n|rule|OHKO Clause: OHKO moves are banned\n|rule|Evasion Items Clause: Evasion items are banned\n|rule|Evasion Moves Clause: Evasion moves are banned\n|rule|Endless Battle Clause: Forcing endless battles is banned\n|rule|HP Percentage Mod: HP is shown in percentages\n|clearpoke\n|poke|p1|Greninja-*, M|\n|poke|p1|Iron Moth|\n|poke|p1|Thundurus-Therian, M|\n|poke|p1|Ogerpon-Cornerstone, F|\n|poke|p1|Glimmora, M|\n|poke|p1|Hoopa-Unbound|\n|poke|p2|Meowscarada, F|\n|poke|p2|Heatran, F|\n|poke|p2|Thundurus-Therian, M|\n|poke|p2|Dragapult, F|\n|poke|p2|Great Tusk|\n|poke|p2|Azumarill, F|\n|teampreview\n|inactive|Battle timer is ON: inactive players will automatically lose when time's up. (requested by triangledangle)\n|c|\u2606triangledangle|glhf\n|inactive|triangledangle has 120 seconds left.\n|c|\u2606PLAYB0I R0BBIE B|u2\n|inactive|triangledangle has 90 seconds left.\n|c|\u2606triangledangle|did u build this team? i been noticing an uptick in thudurus usage lately\n|\n|t:|1700592522\n|start\n|switch|p1a: Thundurus|Thundurus-Therian, M|100\/100\n|switch|p2a: 5% TINT|Heatran, F|100\/100\n|-item|p2a: 5% TINT|Air Balloon\n|turn|1\n|c|\u2606triangledangle|i guess w gliscor ban makes sense\n|c|\u2606PLAYB0I R0BBIE B|yeah I built this team myself\n|inactive|PLAYB0I R0BBIE B has 120 seconds left.\n|c|\u2606PLAYB0I R0BBIE B|sets and everything\n|c|\u2606triangledangle|bet\n|\n|t:|1700592565\n|switch|p2a: ASTROTHUNDER|Thundurus-Therian, M|100\/100\n|move|p1a: Thundurus|Volt Switch|p2a: ASTROTHUNDER\n|-immune|p2a: ASTROTHUNDER|[from] ability: Volt Absorb\n|\n|upkeep\n|turn|2\n|inactive|triangledangle has 120 seconds left.\n|c|\u2606triangledangle|me 2 i think everyone realized how goo dthundurus is recently\n|\n|t:|1700592589\n|switch|p1a: Ogerpon|Ogerpon-Cornerstone, F|100\/100\n|-terastallize|p2a: ASTROTHUNDER|Flying\n|move|p2a: ASTROTHUNDER|Tera Blast|p1a: Ogerpon|[anim] Tera Blast Flying\n|-ability|p1a: Ogerpon|Sturdy\n|-damage|p1a: Ogerpon|1\/100\n|\n|upkeep\n|turn|3\n|inactive|triangledangle has 120 seconds left.\n|inactive|PLAYB0I R0BBIE B has 120 seconds left.\n|c|\u2606PLAYB0I R0BBIE B|yeah it's definitely gonna be OU next shift\n|c|\u2606PLAYB0I R0BBIE B|same with Heatran\n|\n|t:|1700592612\n|switch|p2a: NO BYSTANDERS|Dragapult, F|100\/100\n|move|p1a: Ogerpon|Ivy Cudgel|p2a: NO BYSTANDERS|[anim] Ivy Cudgel Rock\n|-damage|p2a: NO BYSTANDERS|12\/100\n|\n|upkeep\n|turn|4\n|inactive|triangledangle has 120 seconds left.\n|c|\u2606triangledangle|ou council is just heatran propaganda at this point lol\n|\n|t:|1700592629\n|move|p2a: NO BYSTANDERS|U-turn|p1a: Ogerpon\n|-supereffective|p1a: Ogerpon\n|-damage|p1a: Ogerpon|0 fnt\n|faint|p1a: Ogerpon\n|inactive|PLAYB0I R0BBIE B has 120 seconds left.\n|\n|t:|1700592637\n|switch|p2a: 5% TINT|Heatran, F|100\/100|[from] U-turn\n|-item|p2a: 5% TINT|Air Balloon\n|\n|upkeep\n|inactive|triangledangle has 120 seconds left.\n|\n|t:|1700592644\n|switch|p1a: Greninja|Greninja, M|100\/100\n|turn|5\n|\n|t:|1700592648\n|switch|p2a: CAN'T SAY|Azumarill, F|100\/100\n|move|p1a: Greninja|Surf|p2a: CAN'T SAY\n|-resisted|p2a: CAN'T SAY\n|-damage|p2a: CAN'T SAY|83\/100\n|-damage|p1a: Greninja|91\/100|[from] item: Life Orb\n|\n|upkeep\n|turn|6\n|\n|t:|1700592664\n|switch|p1a: Glimmora|Glimmora, M|100\/100\n|move|p2a: CAN'T SAY|Play Rough|p1a: Glimmora\n|-resisted|p1a: Glimmora\n|-damage|p1a: Glimmora|64\/100\n|-activate|p1a: Glimmora|ability: Toxic Debris\n|-sidestart|p2: PLAYB0I R0BBIE B|move: Toxic Spikes\n|\n|upkeep\n|turn|7\n|\n|t:|1700592672\n|switch|p2a: 5% TINT|Heatran, F|100\/100\n|-item|p2a: 5% TINT|Air Balloon\n|move|p1a: Glimmora|Power Gem|p2a: 5% TINT\n|-damage|p2a: 5% TINT|65\/100\n|-enditem|p2a: 5% TINT|Air Balloon\n|\n|upkeep\n|turn|8\n|\n|t:|1700592680\n|switch|p2a: ASTROTHUNDER|Thundurus-Therian, M, tera:Flying|100\/100\n|move|p1a: Glimmora|Earth Power|p2a: ASTROTHUNDER\n|-immune|p2a: ASTROTHUNDER\n|\n|upkeep\n|turn|9\n|\n|t:|1700592688\n|switch|p1a: Thundurus|Thundurus-Therian, M|100\/100\n|move|p2a: ASTROTHUNDER|Tera Blast|p1a: Thundurus|[anim] Tera Blast Flying\n|-resisted|p1a: Thundurus\n|-crit|p1a: Thundurus\n|-damage|p1a: Thundurus|13\/100\n|\n|upkeep\n|turn|10\n|\n|t:|1700592700\n|switch|p2a: NO BYSTANDERS|Dragapult, F|12\/100\n|move|p1a: Thundurus|Tera Blast|p2a: NO BYSTANDERS\n|-immune|p2a: NO BYSTANDERS\n|\n|upkeep\n|turn|11\n|\n|t:|1700592711\n|switch|p1a: Glimmora|Glimmora, M|64\/100\n|move|p2a: NO BYSTANDERS|U-turn|p1a: Glimmora\n|-resisted|p1a: Glimmora\n|-damage|p1a: Glimmora|53\/100\n|-activate|p1a: Glimmora|ability: Toxic Debris\n|-sidestart|p2: PLAYB0I R0BBIE B|move: Toxic Spikes\n|\n|t:|1700592713\n|switch|p2a: YOSEMITE|Great Tusk|100\/100|[from] U-turn\n|\n|upkeep\n|turn|12\n|\n|t:|1700592733\n|move|p2a: YOSEMITE|Rapid Spin|p1a: Glimmora\n|-resisted|p1a: Glimmora\n|-damage|p1a: Glimmora|43\/100\n|-boost|p2a: YOSEMITE|spe|1\n|-sideend|p2: PLAYB0I R0BBIE B|Toxic Spikes|[from] move: Rapid Spin|[of] p2a: YOSEMITE\n|move|p1a: Glimmora|Earth Power|p2a: YOSEMITE\n|-damage|p2a: YOSEMITE|52\/100\n|\n|upkeep\n|turn|13\n|\n|t:|1700592744\n|move|p2a: YOSEMITE|Headlong Rush|p1a: Glimmora\n|-supereffective|p1a: Glimmora\n|-damage|p1a: Glimmora|0 fnt\n|-unboost|p2a: YOSEMITE|def|1\n|-unboost|p2a: YOSEMITE|spd|1\n|-activate|p1a: Glimmora|ability: Toxic Debris\n|-sidestart|p2: PLAYB0I R0BBIE B|move: Toxic Spikes\n|faint|p1a: Glimmora\n|\n|upkeep\n|\n|t:|1700592746\n|switch|p1a: Iron Moth|Iron Moth|100\/100\n|-enditem|p1a: Iron Moth|Booster Energy\n|-activate|p1a: Iron Moth|ability: Quark Drive|[fromitem]\n|-start|p1a: Iron Moth|quarkdrivespe\n|turn|14\n|\n|t:|1700592760\n|-end|p1a: Iron Moth|Quark Drive|[silent]\n|switch|p1a: Greninja|Greninja, M|91\/100\n|-end|p2a: YOSEMITE|Protosynthesis|[silent]\n|switch|p2a: 5% TINT|Heatran, F|65\/100\n|\n|upkeep\n|turn|15\n|\n|t:|1700592770\n|switch|p2a: CAN'T SAY|Azumarill, F|83\/100\n|-status|p2a: CAN'T SAY|psn\n|move|p1a: Greninja|Surf|p2a: CAN'T SAY\n|-resisted|p2a: CAN'T SAY\n|-damage|p2a: CAN'T SAY|67\/100 psn\n|-damage|p1a: Greninja|81\/100|[from] item: Life Orb\n|\n|-damage|p2a: CAN'T SAY|54\/100 psn|[from] psn\n|upkeep\n|turn|16\n|\n|t:|1700592794\n|switch|p1a: Thundurus|Thundurus-Therian, M|13\/100\n|move|p2a: CAN'T SAY|Play Rough|p1a: Thundurus\n|-crit|p1a: Thundurus\n|-damage|p1a: Thundurus|0 fnt\n|faint|p1a: Thundurus\n|\n|-damage|p2a: CAN'T SAY|42\/100 psn|[from] psn\n|upkeep\n|\n|t:|1700592798\n|switch|p1a: Hoopa|Hoopa-Unbound|100\/100\n|turn|17\n|\n|t:|1700592805\n|move|p1a: Hoopa|Hyperspace Fury|p2a: CAN'T SAY\n|-resisted|p2a: CAN'T SAY\n|-damage|p2a: CAN'T SAY|0 fnt\n|-unboost|p1a: Hoopa|def|1\n|faint|p2a: CAN'T SAY\n|\n|upkeep\n|\n|t:|1700592817\n|switch|p2a: YOSEMITE|Great Tusk|52\/100\n|turn|18\n|\n|t:|1700592827\n|switch|p1a: Iron Moth|Iron Moth|100\/100\n|move|p2a: YOSEMITE|Rapid Spin|p1a: Iron Moth\n|-damage|p1a: Iron Moth|74\/100\n|-boost|p2a: YOSEMITE|spe|1\n|-sideend|p2: PLAYB0I R0BBIE B|Toxic Spikes|[from] move: Rapid Spin|[of] p2a: YOSEMITE\n|\n|upkeep\n|turn|19\n|\n|t:|1700592834\n|move|p2a: YOSEMITE|Headlong Rush|p1a: Iron Moth\n|-supereffective|p1a: Iron Moth\n|-damage|p1a: Iron Moth|0 fnt\n|-unboost|p2a: YOSEMITE|def|1\n|-unboost|p2a: YOSEMITE|spd|1\n|faint|p1a: Iron Moth\n|-end|p1a: Iron Moth|Quark Drive|[silent]\n|\n|upkeep\n|\n|t:|1700592836\n|switch|p1a: Greninja|Greninja, M|81\/100\n|turn|20\n|\n|t:|1700592846\n|-end|p2a: YOSEMITE|Protosynthesis|[silent]\n|switch|p2a: SICKO MODE|Meowscarada, F|100\/100\n|move|p1a: Greninja|Water Shuriken|p2a: SICKO MODE\n|-resisted|p2a: SICKO MODE\n|-damage|p2a: SICKO MODE|94\/100\n|-resisted|p2a: SICKO MODE\n|-damage|p2a: SICKO MODE|88\/100\n|-resisted|p2a: SICKO MODE\n|-damage|p2a: SICKO MODE|81\/100\n|-hitcount|p2a: SICKO MODE|3\n|-damage|p1a: Greninja|71\/100|[from] item: Life Orb\n|\n|upkeep\n|turn|21\n|\n|t:|1700592850\n|move|p2a: SICKO MODE|U-turn|p1a: Greninja\n|-start|p2a: SICKO MODE|typechange|Bug|[from] ability: Protean\n|-supereffective|p1a: Greninja\n|-damage|p1a: Greninja|0 fnt\n|faint|p1a: Greninja\n|\n|t:|1700592854\n|switch|p2a: NO BYSTANDERS|Dragapult, F|12\/100|[from] U-turn\n|\n|upkeep\n|c|\u2606PLAYB0I R0BBIE B|ggwp\n|\n|t:|1700592860\n|switch|p1a: Hoopa|Hoopa-Unbound|100\/100\n|turn|22\n|\n|t:|1700592862\n|move|p2a: NO BYSTANDERS|U-turn|p1a: Hoopa\n|-supereffective|p1a: Hoopa\n|-damage|p1a: Hoopa|0 fnt\n|faint|p1a: Hoopa\n|\n|win|PLAYB0I R0BBIE B\n|raw|triangledangle's rating: 1446 &rarr; <strong>1421<\/strong><br \/>(-25 for losing)\n|raw|PLAYB0I R0BBIE B's rating: 1348 &rarr; <strong>1373<\/strong><br \/>(+25 for winning)\n|c|\u2606triangledangle|gg\n|c|\u2606triangledangle|lol i need to change this team i just built it\n|c|\u2606triangledangle|thx for the chat man have a great day\n|c|\u2606PLAYB0I R0BBIE B|you too man\n|l|\u2606triangledangle\n","uploadtime":1700592866,"views":5,"p1id":"triangledangle","p2id":"playb0ir0bbieb","formatid":"gen9ou","rating":1373,"private":0,"password":""}