{"id":"gen9ou-1994213624","p1":"QuarrenShow","p2":"skwinky with it","format":"[Gen 9] OU","log":"|j|\u2606QuarrenShow\n|j|\u2606skwinky with it\n|t:|1700419627\n|gametype|singles\n|player|p1|QuarrenShow|red|1460\n|player|p2|skwinky with it|265|1497\n|teamsize|p1|6\n|teamsize|p2|6\n|gen|9\n|tier|[Gen 9] OU\n|rated|\n|rule|Sleep Clause Mod: Limit one foe put to sleep\n|rule|Species Clause: Limit one of each Pok\u00e9mon\n|rule|OHKO Clause: OHKO moves are banned\n|rule|Evasion Items Clause: Evasion items are banned\n|rule|Evasion Moves Clause: Evasion moves are banned\n|rule|Endless Battle Clause: Forcing endless battles is banned\n|rule|HP Percentage Mod: HP is shown in percentages\n|clearpoke\n|poke|p1|Vikavolt, F|\n|poke|p1|Enamorus, F|\n|poke|p1|Great Tusk|\n|poke|p1|Gholdengo|\n|poke|p1|Kommo-o, M|\n|poke|p1|Iron Moth|\n|poke|p2|Samurott-Hisui, F|\n|poke|p2|Amoonguss, F|\n|poke|p2|Tornadus-Therian, M|\n|poke|p2|Dragapult, F|\n|poke|p2|Iron Valiant|\n|poke|p2|Great Tusk|\n|teampreview\n|inactive|Battle timer is ON: inactive players will automatically lose when time's up. (requested by QuarrenShow)\n|inactive|skwinky with it has 120 seconds left.\n|\n|t:|1700419665\n|start\n|switch|p1a: Vikavolt|Vikavolt, F, shiny|100\/100\n|switch|p2a: Tornadus|Tornadus-Therian, M|100\/100\n|turn|1\n|\n|t:|1700419674\n|move|p2a: Tornadus|Heat Wave|p1a: Vikavolt\n|-supereffective|p1a: Vikavolt\n|-damage|p1a: Vikavolt|46\/100\n|move|p1a: Vikavolt|Sticky Web|p2a: Tornadus\n|-sidestart|p2: skwinky with it|move: Sticky Web\n|\n|upkeep\n|turn|2\n|\n|t:|1700419678\n|move|p2a: Tornadus|Heat Wave|p1a: Vikavolt\n|-supereffective|p1a: Vikavolt\n|-damage|p1a: Vikavolt|0 fnt\n|faint|p1a: Vikavolt\n|\n|upkeep\n|\n|t:|1700419696\n|switch|p1a: Iron Moth|Iron Moth|100\/100\n|-enditem|p1a: Iron Moth|Booster Energy\n|-activate|p1a: Iron Moth|ability: Quark Drive|[fromitem]\n|-start|p1a: Iron Moth|quarkdrivespe\n|turn|3\n|\n|t:|1700419698\n|move|p1a: Iron Moth|Fiery Dance|p2a: Tornadus\n|-damage|p2a: Tornadus|72\/100\n|move|p2a: Tornadus|Bleakwind Storm|p1a: Iron Moth|[miss]\n|-miss|p2a: Tornadus|p1a: Iron Moth\n|\n|upkeep\n|turn|4\n|\n|t:|1700419706\n|move|p1a: Iron Moth|Sludge Wave|p2a: Tornadus\n|-damage|p2a: Tornadus|43\/100\n|move|p2a: Tornadus|Bleakwind Storm|p1a: Iron Moth\n|-damage|p1a: Iron Moth|62\/100\n|\n|upkeep\n|turn|5\n|\n|t:|1700419710\n|move|p1a: Iron Moth|Fiery Dance|p2a: Tornadus\n|-damage|p2a: Tornadus|18\/100\n|move|p2a: Tornadus|Bleakwind Storm|p1a: Iron Moth\n|-damage|p1a: Iron Moth|25\/100\n|-unboost|p1a: Iron Moth|spe|1\n|\n|upkeep\n|turn|6\n|\n|t:|1700419729\n|switch|p2a: Samurott|Samurott-Hisui, F|100\/100\n|move|p1a: Iron Moth|Sludge Wave|p2a: Samurott\n|-damage|p2a: Samurott|32\/100\n|\n|upkeep\n|turn|7\n|\n|t:|1700419741\n|move|p1a: Iron Moth|Dazzling Gleam|p2a: Samurott\n|-supereffective|p2a: Samurott\n|-damage|p2a: Samurott|0 fnt\n|faint|p2a: Samurott\n|\n|upkeep\n|c|\u2606skwinky with it|ooops i thought i clicked sucker my bad\n|inactive|skwinky with it has 120 seconds left.\n|\n|t:|1700419773\n|switch|p2a: Dragapult|Dragapult, F|100\/100\n|-activate|p2a: Dragapult|move: Sticky Web\n|-fail|p2a: Dragapult|unboost|[from] ability: Clear Body|[of] p2a: Dragapult\n|turn|8\n|c|\u2606QuarrenShow|oh man Im lucky I didnt even think about that\n|inactive|skwinky with it has 120 seconds left.\n|c|\u2606skwinky with it|aqua jet also could have been good\n|c|\u2606skwinky with it|im lowkey trolling\n|inactive|QuarrenShow has 120 seconds left.\n|c|\u2606QuarrenShow|im tryna elo climb but im getting distracted lol\n|inactive|skwinky with it has 90 seconds left.\n|c|\u2606skwinky with it|trying to think about how not to lose to the next sweeper\n|inactive|skwinky with it has 60 seconds left.\n|\n|t:|1700419855\n|move|p2a: Dragapult|Draco Meteor|p1a: Iron Moth\n|-damage|p1a: Iron Moth|0 fnt\n|-unboost|p2a: Dragapult|spa|2\n|faint|p1a: Iron Moth\n|-end|p1a: Iron Moth|Quark Drive|[silent]\n|\n|upkeep\n|\n|t:|1700419863\n|switch|p1a: Enamorus|Enamorus, F|100\/100\n|turn|9\n|inactive|QuarrenShow has 120 seconds left.\n|inactive|skwinky with it has 60 seconds left.\n|\n|t:|1700419876\n|switch|p2a: Amoonguss|Amoonguss, F|100\/100\n|move|p1a: Enamorus|Moonblast|p2a: Amoonguss\n|-resisted|p2a: Amoonguss\n|-damage|p2a: Amoonguss|71\/100\n|-unboost|p2a: Amoonguss|spa|1\n|-damage|p1a: Enamorus|91\/100|[from] item: Life Orb\n|\n|upkeep\n|turn|10\n|inactive|QuarrenShow has 120 seconds left.\n|\n|t:|1700419886\n|switch|p2a: Tornadus|Tornadus-Therian, M|51\/100\n|move|p1a: Enamorus|Mystical Fire|p2a: Tornadus\n|-damage|p2a: Tornadus|28\/100\n|-unboost|p2a: Tornadus|spa|1\n|-damage|p1a: Enamorus|81\/100|[from] item: Life Orb\n|\n|upkeep\n|turn|11\n|\n|t:|1700419896\n|move|p2a: Tornadus|Heat Wave|p1a: Enamorus\n|-damage|p1a: Enamorus|60\/100\n|move|p1a: Enamorus|Draining Kiss|p2a: Tornadus\n|-damage|p2a: Tornadus|3\/100\n|-heal|p1a: Enamorus|81\/100|[from] drain|[of] p2a: Tornadus\n|-damage|p1a: Enamorus|71\/100|[from] item: Life Orb\n|\n|upkeep\n|turn|12\n|\n|t:|1700419905\n|move|p2a: Tornadus|Heat Wave|p1a: Enamorus\n|-damage|p1a: Enamorus|48\/100\n|move|p1a: Enamorus|Mystical Fire|p2a: Tornadus\n|-damage|p2a: Tornadus|0 fnt\n|faint|p2a: Tornadus\n|-damage|p1a: Enamorus|39\/100|[from] item: Life Orb\n|\n|upkeep\n|\n|t:|1700419914\n|switch|p2a: Iron Valiant|Iron Valiant|100\/100\n|turn|13\n|\n|t:|1700419925\n|-terastallize|p1a: Enamorus|Poison\n|move|p2a: Iron Valiant|Moonblast|p1a: Enamorus\n|-resisted|p1a: Enamorus\n|-damage|p1a: Enamorus|10\/100\n|move|p1a: Enamorus|Draining Kiss|p2a: Iron Valiant\n|-supereffective|p2a: Iron Valiant\n|-damage|p2a: Iron Valiant|0 fnt\n|-heal|p1a: Enamorus|85\/100|[from] drain|[of] p2a: Iron Valiant\n|faint|p2a: Iron Valiant\n|-end|p2a: Iron Valiant|Quark Drive|[silent]\n|-damage|p1a: Enamorus|76\/100|[from] item: Life Orb\n|\n|upkeep\n|c|\u2606skwinky with it|ow\n|\n|t:|1700419932\n|switch|p2a: Dragapult|Dragapult, F|100\/100\n|-activate|p2a: Dragapult|move: Sticky Web\n|-fail|p2a: Dragapult|unboost|[from] ability: Clear Body|[of] p2a: Dragapult\n|turn|14\n|\n|t:|1700419940\n|move|p2a: Dragapult|Draco Meteor|p1a: Enamorus\n|-damage|p1a: Enamorus|0 fnt\n|-unboost|p2a: Dragapult|spa|2\n|faint|p1a: Enamorus\n|\n|upkeep\n|c|\u2606QuarrenShow|fuck yes ive been waiting for that change to pay off at least once lol\n|\n|t:|1700419954\n|switch|p1a: Great Tusk|Great Tusk|100\/100\n|-enditem|p1a: Great Tusk|Booster Energy\n|-activate|p1a: Great Tusk|ability: Protosynthesis|[fromitem]\n|-start|p1a: Great Tusk|protosynthesisatk\n|turn|15\n|inactive|skwinky with it has 90 seconds left.\n|c|\u2606skwinky with it|i like steel a little more\n|\n|t:|1700419967\n|switch|p2a: Great Tusk|Great Tusk|100\/100\n|-activate|p2a: Great Tusk|move: Sticky Web\n|-unboost|p2a: Great Tusk|spe|1\n|move|p1a: Great Tusk|Ice Spinner|p2a: Great Tusk\n|-supereffective|p2a: Great Tusk\n|-damage|p2a: Great Tusk|61\/100\n|\n|-heal|p2a: Great Tusk|67\/100|[from] item: Leftovers\n|upkeep\n|turn|16\n|c|\u2606QuarrenShow|I just made the change before this game\n|inactive|skwinky with it has 90 seconds left.\n|c|\u2606QuarrenShow|im experimenting a little\n|c|\u2606skwinky with it|hmmm\n|\n|t:|1700419986\n|-end|p2a: Great Tusk|Protosynthesis|[silent]\n|switch|p2a: Dragapult|Dragapult, F|100\/100\n|-activate|p2a: Dragapult|move: Sticky Web\n|-fail|p2a: Dragapult|unboost|[from] ability: Clear Body|[of] p2a: Dragapult\n|move|p1a: Great Tusk|Rapid Spin|p2a: Dragapult\n|-immune|p2a: Dragapult\n|\n|upkeep\n|turn|17\n|\n|t:|1700419994\n|move|p2a: Dragapult|Draco Meteor|p1a: Great Tusk\n|-damage|p1a: Great Tusk|0 fnt\n|-unboost|p2a: Dragapult|spa|2\n|faint|p1a: Great Tusk\n|-end|p1a: Great Tusk|Protosynthesis|[silent]\n|\n|upkeep\n|\n|t:|1700419997\n|switch|p1a: Gholdengo|Gholdengo|100\/100\n|-item|p1a: Gholdengo|Air Balloon\n|turn|18\n|\n|t:|1700420004\n|switch|p2a: Great Tusk|Great Tusk|67\/100\n|-activate|p2a: Great Tusk|move: Sticky Web\n|-unboost|p2a: Great Tusk|spe|1\n|move|p1a: Gholdengo|Psyshock|p2a: Great Tusk\n|-supereffective|p2a: Great Tusk\n|-damage|p2a: Great Tusk|40\/100\n|\n|-heal|p2a: Great Tusk|46\/100|[from] item: Leftovers\n|upkeep\n|turn|19\n|\n|t:|1700420013\n|move|p1a: Gholdengo|Nasty Plot|p1a: Gholdengo\n|-boost|p1a: Gholdengo|spa|2\n|move|p2a: Great Tusk|Ice Spinner|p1a: Gholdengo\n|-resisted|p1a: Gholdengo\n|-damage|p1a: Gholdengo|87\/100\n|-enditem|p1a: Gholdengo|Air Balloon\n|\n|-heal|p2a: Great Tusk|53\/100|[from] item: Leftovers\n|upkeep\n|turn|20\n|\n|t:|1700420017\n|move|p1a: Gholdengo|Make It Rain|p2a: Great Tusk\n|-damage|p2a: Great Tusk|0 fnt\n|-unboost|p1a: Gholdengo|spa|1\n|faint|p2a: Great Tusk\n|-end|p2a: Great Tusk|Protosynthesis|[silent]\n|\n|upkeep\n|\n|t:|1700420023\n|switch|p2a: Dragapult|Dragapult, F|100\/100\n|-activate|p2a: Dragapult|move: Sticky Web\n|-fail|p2a: Dragapult|unboost|[from] ability: Clear Body|[of] p2a: Dragapult\n|turn|21\n|inactive|skwinky with it has 120 seconds left.\n|\n|t:|1700420030\n|-terastallize|p2a: Dragapult|Ghost\n|move|p2a: Dragapult|Shadow Ball|p1a: Gholdengo\n|-supereffective|p1a: Gholdengo\n|-damage|p1a: Gholdengo|0 fnt\n|faint|p1a: Gholdengo\n|\n|upkeep\n|\n|t:|1700420034\n|switch|p1a: Kommo-o|Kommo-o, M, shiny|100\/100\n|turn|22\n|\n|t:|1700420040\n|switch|p2a: Amoonguss|Amoonguss, F|100\/100\n|move|p1a: Kommo-o|Clangorous Soul|p1a: Kommo-o\n|-boost|p1a: Kommo-o|atk|1\n|-boost|p1a: Kommo-o|def|1\n|-boost|p1a: Kommo-o|spa|1\n|-boost|p1a: Kommo-o|spd|1\n|-boost|p1a: Kommo-o|spe|1\n|-damage|p1a: Kommo-o|68\/100\n|-enditem|p1a: Kommo-o|Throat Spray\n|-boost|p1a: Kommo-o|spa|1|[from] item: Throat Spray\n|\n|upkeep\n|turn|23\n|\n|t:|1700420046\n|move|p1a: Kommo-o|Flamethrower|p2a: Amoonguss\n|-supereffective|p2a: Amoonguss\n|-damage|p2a: Amoonguss|13\/100\n|move|p2a: Amoonguss|Spore|p1a: Kommo-o\n|-status|p1a: Kommo-o|slp|[from] move: Spore\n|\n|upkeep\n|turn|24\n|c|\u2606QuarrenShow|NOOOOOOOO\n|\n|t:|1700420057\n|switch|p2a: Dragapult|Dragapult, F, tera:Ghost|100\/100\n|-activate|p2a: Dragapult|move: Sticky Web\n|-fail|p2a: Dragapult|unboost|[from] ability: Clear Body|[of] p2a: Dragapult\n|cant|p1a: Kommo-o|slp\n|\n|upkeep\n|turn|25\n|c|\u2606QuarrenShow|wake up please !!!\n|c|\u2606QuarrenShow|this like an anime\n|c|\u2606skwinky with it|turn two wake up you got it\n|c|\u2606skwinky with it|you better be timid\n|\n|t:|1700420073\n|cant|p1a: Kommo-o|slp\n|move|p2a: Dragapult|Draco Meteor|p1a: Kommo-o|[miss]\n|-miss|p2a: Dragapult|p1a: Kommo-o\n|\n|upkeep\n|turn|26\n|c|\u2606skwinky with it|LOL\n|c|\u2606QuarrenShow|ITS NOT OVER\n|c|\u2606QuarrenShow|ITS NOT OVER TILL I SAY ITS OVER\n|\n|t:|1700420087\n|-curestatus|p1a: Kommo-o|slp|[msg]\n|move|p1a: Kommo-o|Clanging Scales|p2a: Dragapult\n|-damage|p2a: Dragapult|0 fnt\n|faint|p2a: Dragapult\n|-unboost|p1a: Kommo-o|def|1\n|\n|upkeep\n|c|\u2606QuarrenShow|AHHHHHHHHHHHHHHHHHHHHHHHHHHHHHH\n|c|\u2606skwinky with it|LOLOL\n|c|\u2606skwinky with it|gg\n|c|\u2606QuarrenShow|gg\n|-message|skwinky with it forfeited.\n|\n|win|QuarrenShow\n|raw|QuarrenShow's rating: 1460 &rarr; <strong>1482<\/strong><br \/>(+22 for winning)\n|raw|skwinky with it's rating: 1497 &rarr; <strong>1475<\/strong><br \/>(-22 for losing)\n","uploadtime":1700420110,"views":11,"p1id":"quarrenshow","p2id":"skwinkywithit","formatid":"gen9ou","rating":1475,"private":0,"password":""}