{"id":"gen9ou-1988294645","p1":"Skoomabangbang","p2":"TheLump","format":"[Gen 9] OU","log":"|j|\u2606Skoomabangbang\n|j|\u2606TheLump\n|t:|1699703477\n|gametype|singles\n|player|p1|Skoomabangbang|shadowtriad|1303\n|player|p2|TheLump|102|1309\n|teamsize|p1|6\n|teamsize|p2|6\n|gen|9\n|tier|[Gen 9] OU\n|rated|\n|rule|Sleep Clause Mod: Limit one foe put to sleep\n|rule|Species Clause: Limit one of each Pok\u00e9mon\n|rule|OHKO Clause: OHKO moves are banned\n|rule|Evasion Items Clause: Evasion items are banned\n|rule|Evasion Moves Clause: Evasion moves are banned\n|rule|Endless Battle Clause: Forcing endless battles is banned\n|rule|HP Percentage Mod: HP is shown in percentages\n|clearpoke\n|poke|p1|Torkoal, M|\n|poke|p1|Ceruledge, M|\n|poke|p1|Zarude-Dada|\n|poke|p1|Walking Wake|\n|poke|p1|Clodsire, M|\n|poke|p1|Enamorus-Therian, F|\n|poke|p2|Slither Wing|\n|poke|p2|Iron Moth|\n|poke|p2|Polteageist|\n|poke|p2|Salamence, M|\n|poke|p2|Dragonite, M|\n|poke|p2|Victreebel, M|\n|teampreview\n|\n|t:|1699703485\n|start\n|switch|p1a: Tortue G\u00e9nial|Torkoal, M|100\/100\n|switch|p2a: Salamence|Salamence, M|100\/100\n|-ability|p2a: Salamence|Intimidate|boost\n|-unboost|p1a: Tortue G\u00e9nial|atk|1\n|-weather|SunnyDay|[from] ability: Drought|[of] p1a: Tortue G\u00e9nial\n|turn|1\n|\n|t:|1699703498\n|switch|p1a: WTF|Enamorus-Therian, F|100\/100\n|move|p2a: Salamence|Earthquake|p1a: WTF\n|-immune|p1a: WTF\n|\n|-weather|SunnyDay|[upkeep]\n|upkeep\n|turn|2\n|\n|t:|1699703522\n|switch|p2a: Victreebel|Victreebel, M|100\/100\n|move|p1a: WTF|Mystical Fire|p2a: Victreebel\n|-supereffective|p2a: Victreebel\n|-damage|p2a: Victreebel|7\/100\n|-unboost|p2a: Victreebel|spa|1\n|\n|-weather|SunnyDay|[upkeep]\n|upkeep\n|turn|3\n|\n|t:|1699703542\n|move|p2a: Victreebel|Weather Ball|p1a: WTF\n|-damage|p1a: WTF|85\/100\n|move|p1a: WTF|Draining Kiss|p2a: Victreebel\n|-resisted|p2a: Victreebel\n|-damage|p2a: Victreebel|0 fnt\n|-heal|p1a: WTF|89\/100|[from] drain|[of] p2a: Victreebel\n|faint|p2a: Victreebel\n|\n|-weather|SunnyDay|[upkeep]\n|upkeep\n|\n|t:|1699703551\n|switch|p2a: Iron Moth|Iron Moth|100\/100\n|-enditem|p2a: Iron Moth|Booster Energy\n|-activate|p2a: Iron Moth|ability: Quark Drive|[fromitem]\n|-start|p2a: Iron Moth|quarkdrivespe\n|turn|4\n|\n|t:|1699703575\n|switch|p1a: Se\u00f1or Pink|Clodsire, M, shiny|100\/100\n|move|p2a: Iron Moth|Fiery Dance|p1a: Se\u00f1or Pink\n|-damage|p1a: Se\u00f1or Pink|66\/100\n|\n|-weather|SunnyDay|[upkeep]\n|-heal|p1a: Se\u00f1or Pink|72\/100|[from] item: Black Sludge\n|upkeep\n|turn|5\n|\n|t:|1699703589\n|move|p2a: Iron Moth|Fiery Dance|p1a: Se\u00f1or Pink\n|-damage|p1a: Se\u00f1or Pink|41\/100\n|move|p1a: Se\u00f1or Pink|Earthquake|p2a: Iron Moth\n|-supereffective|p2a: Iron Moth\n|-damage|p2a: Iron Moth|0 fnt\n|faint|p2a: Iron Moth\n|-end|p2a: Iron Moth|Quark Drive|[silent]\n|\n|-weather|SunnyDay|[upkeep]\n|-heal|p1a: Se\u00f1or Pink|48\/100|[from] item: Black Sludge\n|upkeep\n|\n|t:|1699703595\n|switch|p2a: Salamence|Salamence, M|100\/100\n|-ability|p2a: Salamence|Intimidate|boost\n|-unboost|p1a: Se\u00f1or Pink|atk|1\n|turn|6\n|\n|t:|1699703608\n|switch|p1a: WTF|Enamorus-Therian, F|89\/100\n|move|p2a: Salamence|Dragon Dance|p2a: Salamence\n|-boost|p2a: Salamence|atk|1\n|-boost|p2a: Salamence|spe|1\n|\n|-weather|SunnyDay|[upkeep]\n|upkeep\n|turn|7\n|\n|t:|1699703620\n|move|p2a: Salamence|Dual Wingbeat|p1a: WTF\n|-damage|p1a: WTF|64\/100\n|-damage|p1a: WTF|39\/100\n|-hitcount|p1a: WTF|2\n|move|p1a: WTF|Draining Kiss|p2a: Salamence\n|-supereffective|p2a: Salamence\n|-damage|p2a: Salamence|46\/100\n|-heal|p1a: WTF|78\/100|[from] drain|[of] p2a: Salamence\n|\n|-weather|SunnyDay|[upkeep]\n|-heal|p2a: Salamence|52\/100|[from] item: Leftovers\n|upkeep\n|turn|8\n|\n|t:|1699703634\n|-terastallize|p2a: Salamence|Fairy\n|move|p2a: Salamence|Dragon Dance|p2a: Salamence\n|-boost|p2a: Salamence|atk|1\n|-boost|p2a: Salamence|spe|1\n|move|p1a: WTF|Draining Kiss|p2a: Salamence\n|-damage|p2a: Salamence|23\/100\n|-heal|p1a: WTF|99\/100|[from] drain|[of] p2a: Salamence\n|\n|-weather|none\n|-heal|p2a: Salamence|29\/100|[from] item: Leftovers\n|upkeep\n|turn|9\n|\n|t:|1699703656\n|switch|p1a: Tortue G\u00e9nial|Torkoal, M|100\/100\n|-weather|SunnyDay|[from] ability: Drought|[of] p1a: Tortue G\u00e9nial\n|move|p2a: Salamence|Dual Wingbeat|p1a: Tortue G\u00e9nial\n|-damage|p1a: Tortue G\u00e9nial|78\/100\n|-damage|p1a: Tortue G\u00e9nial|53\/100\n|-hitcount|p1a: Tortue G\u00e9nial|2\n|\n|-weather|SunnyDay|[upkeep]\n|-heal|p2a: Salamence|35\/100|[from] item: Leftovers\n|upkeep\n|turn|10\n|\n|t:|1699703681\n|move|p2a: Salamence|Dragon Claw|p1a: Tortue G\u00e9nial\n|-damage|p1a: Tortue G\u00e9nial|7\/100\n|move|p1a: Tortue G\u00e9nial|Stealth Rock|p2a: Salamence\n|-sidestart|p2: TheLump|move: Stealth Rock\n|\n|-weather|SunnyDay|[upkeep]\n|-heal|p2a: Salamence|41\/100|[from] item: Leftovers\n|upkeep\n|turn|11\n|\n|t:|1699703698\n|move|p2a: Salamence|Dual Wingbeat|p1a: Tortue G\u00e9nial\n|-damage|p1a: Tortue G\u00e9nial|0 fnt\n|faint|p1a: Tortue G\u00e9nial\n|-hitcount|p1: Tortue G\u00e9nial|1\n|\n|-weather|SunnyDay|[upkeep]\n|-heal|p2a: Salamence|47\/100|[from] item: Leftovers\n|upkeep\n|\n|t:|1699703711\n|switch|p1a: WTF|Enamorus-Therian, F|99\/100\n|turn|12\n|\n|t:|1699703715\n|move|p2a: Salamence|Dual Wingbeat|p1a: WTF\n|-damage|p1a: WTF|67\/100\n|-damage|p1a: WTF|38\/100\n|-hitcount|p1a: WTF|2\n|move|p1a: WTF|Mystical Fire|p2a: Salamence\n|-damage|p2a: Salamence|4\/100\n|-unboost|p2a: Salamence|spa|1\n|\n|-weather|SunnyDay|[upkeep]\n|-heal|p2a: Salamence|10\/100|[from] item: Leftovers\n|upkeep\n|turn|13\n|\n|t:|1699703732\n|move|p2a: Salamence|Dual Wingbeat|p1a: WTF\n|-damage|p1a: WTF|5\/100\n|-damage|p1a: WTF|0 fnt\n|faint|p1a: WTF\n|-hitcount|p1: WTF|2\n|\n|-weather|SunnyDay|[upkeep]\n|-heal|p2a: Salamence|16\/100|[from] item: Leftovers\n|upkeep\n|\n|t:|1699703744\n|switch|p1a: Ryuma|Ceruledge, M, shiny|100\/100\n|turn|14\n|\n|t:|1699703748\n|move|p1a: Ryuma|Shadow Sneak|p2a: Salamence\n|-damage|p2a: Salamence|0 fnt\n|faint|p2a: Salamence\n|\n|-weather|SunnyDay|[upkeep]\n|upkeep\n|\n|t:|1699703752\n|switch|p2a: Dragonite|Dragonite, M|100\/100\n|-damage|p2a: Dragonite|76\/100|[from] Stealth Rock\n|turn|15\n|\n|t:|1699703762\n|-terastallize|p1a: Ryuma|Fairy\n|move|p1a: Ryuma|Bulk Up|p1a: Ryuma\n|-boost|p1a: Ryuma|atk|1\n|-boost|p1a: Ryuma|def|1\n|move|p2a: Dragonite|Dragon Claw|p1a: Ryuma\n|-immune|p1a: Ryuma\n|\n|-weather|SunnyDay|[upkeep]\n|-heal|p2a: Dragonite|82\/100|[from] item: Leftovers\n|upkeep\n|turn|16\n|\n|t:|1699703777\n|move|p1a: Ryuma|Tera Blast|p2a: Dragonite|[anim] Tera Blast Fairy\n|-supereffective|p2a: Dragonite\n|-damage|p2a: Dragonite|0 fnt\n|faint|p2a: Dragonite\n|\n|-weather|none\n|upkeep\n|\n|t:|1699703783\n|switch|p2a: Slither Wing|Slither Wing|100\/100\n|-damage|p2a: Slither Wing|88\/100|[from] Stealth Rock\n|turn|17\n|\n|t:|1699703793\n|move|p2a: Slither Wing|First Impression|p1a: Ryuma\n|-resisted|p1a: Ryuma\n|-damage|p1a: Ryuma|83\/100\n|-ability|p1a: Ryuma|Weak Armor|boost\n|-unboost|p1a: Ryuma|def|1\n|-boost|p1a: Ryuma|spe|2\n|move|p1a: Ryuma|Bitter Blade|p2a: Slither Wing\n|-supereffective|p2a: Slither Wing\n|-damage|p2a: Slither Wing|0 fnt\n|-heal|p1a: Ryuma|100\/100|[from] drain|[of] p2a: Slither Wing\n|faint|p2a: Slither Wing\n|-end|p2a: Slither Wing|Protosynthesis|[silent]\n|\n|upkeep\n|\n|t:|1699703798\n|switch|p2a: Polteageist|Polteageist, shiny|100\/100\n|-damage|p2a: Polteageist|88\/100|[from] Stealth Rock\n|turn|18\n|-message|TheLump forfeited.\n|\n|win|Skoomabangbang\n|raw|Skoomabangbang's rating: 1303 &rarr; <strong>1323<\/strong><br \/>(+20 for winning)\n|raw|TheLump's rating: 1309 &rarr; <strong>1289<\/strong><br \/>(-20 for losing)\n|l|\u2606TheLump\n","uploadtime":1699703818,"views":32,"p1id":"skoomabangbang","p2id":"thelump","formatid":"gen9ou","rating":1289,"private":0,"password":""}