{"id":"gen9ou-1992716450","p1":"Speectrum","p2":"radiant_reploid","format":"[Gen 9] OU","log":"|j|\u2606Speectrum\n|j|\u2606radiant_reploid\n|t:|1700228543\n|gametype|singles\n|player|p1|Speectrum|bellelba|1401\n|player|p2|radiant_reploid|cheren-gen5bw2|1370\n|teamsize|p1|6\n|teamsize|p2|6\n|gen|9\n|tier|[Gen 9] OU\n|rated|\n|rule|Sleep Clause Mod: Limit one foe put to sleep\n|rule|Species Clause: Limit one of each Pok\u00e9mon\n|rule|OHKO Clause: OHKO moves are banned\n|rule|Evasion Items Clause: Evasion items are banned\n|rule|Evasion Moves Clause: Evasion moves are banned\n|rule|Endless Battle Clause: Forcing endless battles is banned\n|rule|HP Percentage Mod: HP is shown in percentages\n|clearpoke\n|poke|p1|Sinistcha|\n|poke|p1|Landorus-Therian, M|\n|poke|p1|Samurott-Hisui, F|\n|poke|p1|Cinderace, F|\n|poke|p1|Goodra-Hisui, M|\n|poke|p1|Great Tusk|\n|poke|p2|Weavile, F|\n|poke|p2|Heatran, F|\n|poke|p2|Dragapult, F|\n|poke|p2|Amoonguss, M|\n|poke|p2|Great Tusk|\n|poke|p2|Iron Valiant|\n|teampreview\n|\n|t:|1700228566\n|start\n|switch|p1a: Landorus|Landorus-Therian, M|100\/100\n|switch|p2a: Shamoong|Amoonguss, M|100\/100\n|-ability|p1a: Landorus|Intimidate|boost\n|-unboost|p2a: Shamoong|atk|1\n|turn|1\n|\n|t:|1700228579\n|switch|p2a: Magmisstorm|Heatran, F|100\/100\n|move|p1a: Landorus|Stealth Rock|p2a: Magmisstorm\n|-sidestart|p2: radiant_reploid|move: Stealth Rock\n|\n|upkeep\n|turn|2\n|\n|t:|1700228586\n|switch|p2a: Shamoong|Amoonguss, M|100\/100\n|-damage|p2a: Shamoong|88\/100|[from] Stealth Rock\n|move|p1a: Landorus|Earthquake|p2a: Shamoong\n|-damage|p2a: Shamoong|51\/100\n|-enditem|p2a: Shamoong|Red Card|[of] p1a: Landorus\n|drag|p1a: Great Tusk|Great Tusk|100\/100\n|-enditem|p1a: Great Tusk|Booster Energy\n|-activate|p1a: Great Tusk|ability: Protosynthesis|[fromitem]\n|-start|p1a: Great Tusk|protosynthesisspe\n|\n|upkeep\n|turn|3\n|\n|t:|1700228597\n|-end|p1a: Great Tusk|Protosynthesis|[silent]\n|switch|p1a: Goodra|Goodra-Hisui, M|100\/100\n|move|p2a: Shamoong|Giga Drain|p1a: Goodra\n|-ability|p1a: Goodra|Sap Sipper|boost\n|-boost|p1a: Goodra|atk|1\n|\n|upkeep\n|turn|4\n|\n|t:|1700228608\n|switch|p2a: Magmisstorm|Heatran, F|100\/100\n|move|p1a: Goodra|Knock Off|p2a: Magmisstorm\n|-damage|p2a: Magmisstorm|76\/100\n|-enditem|p2a: Magmisstorm|Heavy-Duty Boots|[from] move: Knock Off|[of] p1a: Goodra\n|\n|upkeep\n|turn|5\n|\n|t:|1700228614\n|move|p2a: Magmisstorm|Magma Storm|p1a: Goodra\n|-damage|p1a: Goodra|82\/100\n|-activate|p1a: Goodra|move: Magma Storm|[of] p2a: Magmisstorm\n|move|p1a: Goodra|Dragon Tail|p2a: Magmisstorm\n|-resisted|p2a: Magmisstorm\n|-damage|p2a: Magmisstorm|65\/100\n|drag|p2a: Baby Boomer|Dragapult, F|100\/100\n|\n|-end|p1a: Goodra|Magma Storm|[partiallytrapped]|[silent]\n|upkeep\n|turn|6\n|\n|t:|1700228627\n|move|p2a: Baby Boomer|U-turn|p1a: Goodra\n|-resisted|p1a: Goodra\n|-damage|p1a: Goodra|73\/100\n|inactive|Battle timer is ON: inactive players will automatically lose when time's up. (requested by Speectrum)\n|\n|t:|1700228634\n|switch|p2a: Primal Nose|Great Tusk|100\/100|[from] U-turn\n|move|p1a: Goodra|Knock Off|p2a: Primal Nose\n|-resisted|p2a: Primal Nose\n|-damage|p2a: Primal Nose|91\/100\n|-enditem|p2a: Primal Nose|Heavy-Duty Boots|[from] move: Knock Off|[of] p1a: Goodra\n|\n|upkeep\n|turn|7\n|\n|t:|1700228643\n|switch|p1a: Sinistcha|Sinistcha|100\/100\n|move|p2a: Primal Nose|Close Combat|p1a: Sinistcha\n|-immune|p1a: Sinistcha\n|\n|upkeep\n|turn|8\n|\n|t:|1700228652\n|-end|p2a: Primal Nose|Protosynthesis|[silent]\n|switch|p2a: Magmisstorm|Heatran, F|65\/100\n|-damage|p2a: Magmisstorm|52\/100|[from] Stealth Rock\n|move|p1a: Sinistcha|Matcha Gotcha|p2a: Magmisstorm\n|-resisted|p2a: Magmisstorm\n|-damage|p2a: Magmisstorm|47\/100\n|\n|upkeep\n|turn|9\n|\n|t:|1700228659\n|switch|p1a: Samurott|Samurott-Hisui, F|100\/100\n|move|p2a: Magmisstorm|Magma Storm|p1a: Samurott\n|-resisted|p1a: Samurott\n|-damage|p1a: Samurott|71\/100\n|-activate|p1a: Samurott|move: Magma Storm|[of] p2a: Magmisstorm\n|\n|-damage|p1a: Samurott|59\/100|[from] move: Magma Storm|[partiallytrapped]\n|upkeep\n|turn|10\n|\n|t:|1700228671\n|switch|p2a: Shamoong|Amoonguss, M|84\/100\n|-damage|p2a: Shamoong|72\/100|[from] Stealth Rock\n|move|p1a: Samurott|Ceaseless Edge|p2a: Shamoong\n|-damage|p2a: Shamoong|36\/100\n|-sidestart|p2: radiant_reploid|Spikes\n|\n|-end|p1a: Samurott|Magma Storm|[partiallytrapped]|[silent]\n|upkeep\n|turn|11\n|\n|t:|1700228677\n|move|p1a: Samurott|Ceaseless Edge|p2a: Shamoong\n|-damage|p2a: Shamoong|0 fnt\n|-sidestart|p2: radiant_reploid|Spikes\n|faint|p2a: Shamoong\n|\n|upkeep\n|\n|t:|1700228704\n|switch|p2a: Baby Boomer|Dragapult, F|100\/100\n|turn|12\n|\n|t:|1700228709\n|switch|p1a: Goodra|Goodra-Hisui, M|73\/100\n|move|p2a: Baby Boomer|U-turn|p1a: Goodra\n|-resisted|p1a: Goodra\n|-damage|p1a: Goodra|64\/100\n|\n|t:|1700228727\n|switch|p2a: Primal Nose|Great Tusk|91\/100|[from] U-turn\n|-damage|p2a: Primal Nose|88\/100|[from] Stealth Rock\n|-damage|p2a: Primal Nose|71\/100|[from] Spikes\n|\n|upkeep\n|turn|13\n|\n|t:|1700228729\n|switch|p1a: Sinistcha|Sinistcha|100\/100\n|move|p2a: Primal Nose|Ice Spinner|p1a: Sinistcha\n|-supereffective|p1a: Sinistcha\n|-damage|p1a: Sinistcha|56\/100\n|\n|-heal|p1a: Sinistcha|62\/100|[from] item: Leftovers\n|upkeep\n|turn|14\n|\n|t:|1700228738\n|-end|p2a: Primal Nose|Protosynthesis|[silent]\n|switch|p2a: Magmisstorm|Heatran, F|47\/100\n|-damage|p2a: Magmisstorm|34\/100|[from] Stealth Rock\n|-damage|p2a: Magmisstorm|18\/100|[from] Spikes\n|move|p1a: Sinistcha|Strength Sap|p2a: Magmisstorm\n|-unboost|p2a: Magmisstorm|atk|1\n|-heal|p1a: Sinistcha|100\/100\n|\n|upkeep\n|turn|15\n|\n|t:|1700228755\n|switch|p1a: Landorus|Landorus-Therian, M|100\/100\n|-ability|p1a: Landorus|Intimidate|boost\n|-unboost|p2a: Magmisstorm|atk|1\n|move|p2a: Magmisstorm|Stealth Rock|p1a: Landorus\n|-sidestart|p1: Speectrum|move: Stealth Rock\n|\n|upkeep\n|turn|16\n|\n|t:|1700228760\n|move|p2a: Magmisstorm|Magma Storm|p1a: Landorus\n|-damage|p1a: Landorus|51\/100\n|-activate|p1a: Landorus|move: Magma Storm|[of] p2a: Magmisstorm\n|move|p1a: Landorus|Earthquake|p2a: Magmisstorm\n|-supereffective|p2a: Magmisstorm\n|-damage|p2a: Magmisstorm|0 fnt\n|faint|p2a: Magmisstorm\n|\n|-end|p1a: Landorus|Magma Storm|[partiallytrapped]|[silent]\n|upkeep\n|\n|t:|1700228773\n|switch|p2a: Baby Boomer|Dragapult, F|100\/100\n|turn|17\n|\n|t:|1700228780\n|move|p2a: Baby Boomer|Shadow Ball|p1a: Landorus\n|-damage|p1a: Landorus|17\/100\n|-unboost|p1a: Landorus|spd|1\n|move|p1a: Landorus|Earthquake|p2a: Baby Boomer\n|-damage|p2a: Baby Boomer|31\/100\n|\n|upkeep\n|turn|18\n|\n|t:|1700228786\n|move|p2a: Baby Boomer|Shadow Ball|p1a: Landorus\n|-damage|p1a: Landorus|0 fnt\n|faint|p1a: Landorus\n|\n|upkeep\n|\n|t:|1700228793\n|switch|p1a: Goodra|Goodra-Hisui, M|64\/100\n|-damage|p1a: Goodra|58\/100|[from] Stealth Rock\n|turn|19\n|\n|t:|1700228807\n|move|p2a: Baby Boomer|U-turn|p1a: Goodra\n|-resisted|p1a: Goodra\n|-damage|p1a: Goodra|50\/100\n|\n|t:|1700228821\n|switch|p2a: Primal Nose|Great Tusk|71\/100|[from] U-turn\n|-damage|p2a: Primal Nose|68\/100|[from] Stealth Rock\n|-damage|p2a: Primal Nose|52\/100|[from] Spikes\n|move|p1a: Goodra|Flash Cannon|p2a: Primal Nose\n|-damage|p2a: Primal Nose|0 fnt\n|faint|p2a: Primal Nose\n|-end|p2a: Primal Nose|Protosynthesis|[silent]\n|\n|upkeep\n|\n|t:|1700228829\n|switch|p2a: Gallade Runner|Iron Valiant|100\/100\n|-damage|p2a: Gallade Runner|94\/100|[from] Stealth Rock\n|-damage|p2a: Gallade Runner|78\/100|[from] Spikes\n|-enditem|p2a: Gallade Runner|Booster Energy\n|-activate|p2a: Gallade Runner|ability: Quark Drive|[fromitem]\n|-start|p2a: Gallade Runner|quarkdrivespe\n|turn|20\n|\n|t:|1700228833\n|move|p2a: Gallade Runner|Moonblast|p1a: Goodra\n|-damage|p1a: Goodra|30\/100\n|-unboost|p1a: Goodra|spa|1\n|move|p1a: Goodra|Flash Cannon|p2a: Gallade Runner\n|-supereffective|p2a: Gallade Runner\n|-damage|p2a: Gallade Runner|0 fnt\n|faint|p2a: Gallade Runner\n|-end|p2a: Gallade Runner|Quark Drive|[silent]\n|\n|upkeep\n|\n|t:|1700228838\n|switch|p2a: Malice|Weavile, F|100\/100\n|-damage|p2a: Malice|76\/100|[from] Stealth Rock\n|-damage|p2a: Malice|59\/100|[from] Spikes\n|-ability|p2a: Malice|Pressure\n|turn|21\n|\n|t:|1700228843\n|move|p2a: Malice|Icicle Spear|p1a: Goodra\n|-damage|p1a: Goodra|18\/100\n|-damage|p1a: Goodra|6\/100\n|-damage|p1a: Goodra|0 fnt\n|faint|p1a: Goodra\n|-hitcount|p1: Goodra|3\n|\n|upkeep\n|\n|t:|1700228854\n|switch|p1a: Cinderace|Cinderace, F|100\/100\n|turn|22\n|\n|t:|1700228872\n|move|p2a: Malice|Knock Off|p1a: Cinderace\n|-damage|p1a: Cinderace|41\/100\n|-enditem|p1a: Cinderace|Heavy-Duty Boots|[from] move: Knock Off|[of] p2a: Malice\n|move|p1a: Cinderace|Pyro Ball|p2a: Malice|[miss]\n|-miss|p1a: Cinderace|p2a: Malice\n|\n|upkeep\n|turn|23\n|inactive|radiant_reploid has 120 seconds left.\n|\n|t:|1700228905\n|-terastallize|p2a: Malice|Ice\n|move|p2a: Malice|Icicle Spear|p1a: Cinderace\n|-resisted|p1a: Cinderace\n|-damage|p1a: Cinderace|30\/100\n|-resisted|p1a: Cinderace\n|-damage|p1a: Cinderace|20\/100\n|-resisted|p1a: Cinderace\n|-damage|p1a: Cinderace|11\/100\n|-resisted|p1a: Cinderace\n|-damage|p1a: Cinderace|1\/100\n|-hitcount|p1a: Cinderace|4\n|move|p1a: Cinderace|U-turn|p2a: Malice\n|-start|p1a: Cinderace|typechange|Bug|[from] ability: Libero\n|-damage|p2a: Malice|15\/100\n|\n|t:|1700228916\n|switch|p1a: Samurott|Samurott-Hisui, F|59\/100|[from] U-turn\n|-damage|p1a: Samurott|46\/100|[from] Stealth Rock\n|\n|upkeep\n|turn|24\n|inactive|radiant_reploid has 120 seconds left.\n|\n|t:|1700228926\n|move|p1a: Samurott|Aqua Jet|p2a: Malice\n|-damage|p2a: Malice|0 fnt\n|faint|p2a: Malice\n|\n|upkeep\n|c|\u2606Speectrum|gg\n|inactive|radiant_reploid has 120 seconds left.\n|c|\u2606radiant_reploid|gg\n|-message|radiant_reploid forfeited.\n|\n|win|Speectrum\n|raw|Speectrum's rating: 1401 &rarr; <strong>1419<\/strong><br \/>(+18 for winning)\n|raw|radiant_reploid's rating: 1370 &rarr; <strong>1352<\/strong><br \/>(-18 for losing)\n|l|\u2606radiant_reploid\n","uploadtime":1700228942,"views":9,"p1id":"speectrum","p2id":"radiantreploid","formatid":"gen9ou","rating":1352,"private":0,"password":""}