{"id":"gen9ou-1991166806","p1":"Italoxgod \u6f22\u5b57","p2":"Zovafire","format":"[Gen 9] OU","log":"|j|\u2606Italoxgod \u6f22\u5b57\n|j|\u2606Zovafire\n|t:|1700052625\n|gametype|singles\n|player|p1|Italoxgod \u6f22\u5b57|cyrus|1438\n|player|p2|Zovafire|roxie|1367\n|teamsize|p1|6\n|teamsize|p2|6\n|gen|9\n|tier|[Gen 9] OU\n|rated|\n|rule|Sleep Clause Mod: Limit one foe put to sleep\n|rule|Species Clause: Limit one of each Pok\u00e9mon\n|rule|OHKO Clause: OHKO moves are banned\n|rule|Evasion Items Clause: Evasion items are banned\n|rule|Evasion Moves Clause: Evasion moves are banned\n|rule|Endless Battle Clause: Forcing endless battles is banned\n|rule|HP Percentage Mod: HP is shown in percentages\n|clearpoke\n|poke|p1|Dragonite, F|\n|poke|p1|Great Tusk|\n|poke|p1|Iron Moth|\n|poke|p1|Ogerpon-Wellspring, F|\n|poke|p1|Iron Valiant|\n|poke|p1|Kingambit, F|\n|poke|p2|Great Tusk|\n|poke|p2|Ogerpon-Wellspring, F|\n|poke|p2|Hatterene, F|\n|poke|p2|Kingambit, M|\n|poke|p2|Meowscarada, F|\n|poke|p2|Ninetales-Alola, F|\n|teampreview\n|inactive|Battle timer is ON: inactive players will automatically lose when time's up. (requested by Zovafire)\n|\n|t:|1700052631\n|start\n|switch|p1a: Iron Moth|Iron Moth|100\/100\n|switch|p2a: Shiver Tails|Ninetales-Alola, F|100\/100\n|-weather|Snow|[from] ability: Snow Warning|[of] p2a: Shiver Tails\n|turn|1\n|\n|t:|1700052634\n|move|p1a: Iron Moth|Substitute|p1a: Iron Moth\n|-start|p1a: Iron Moth|Substitute\n|-damage|p1a: Iron Moth|76\/100\n|move|p2a: Shiver Tails|Aurora Veil|p2a: Shiver Tails\n|-sidestart|p2: Zovafire|move: Aurora Veil\n|\n|-weather|Snow|[upkeep]\n|upkeep\n|turn|2\n|\n|t:|1700052640\n|move|p1a: Iron Moth|Fiery Dance|p2a: Shiver Tails\n|-supereffective|p2a: Shiver Tails\n|-damage|p2a: Shiver Tails|61\/100\n|-boost|p1a: Iron Moth|spa|1\n|move|p2a: Shiver Tails|Encore|p1a: Iron Moth\n|-start|p1a: Iron Moth|Encore\n|\n|-weather|Snow|[upkeep]\n|upkeep\n|turn|3\n|\n|t:|1700052649\n|switch|p2a: Great Tusk|Great Tusk|100\/100\n|-enditem|p2a: Great Tusk|Booster Energy\n|-activate|p2a: Great Tusk|ability: Protosynthesis|[fromitem]\n|-start|p2a: Great Tusk|protosynthesisspe\n|move|p1a: Iron Moth|Fiery Dance|p2a: Great Tusk\n|-damage|p2a: Great Tusk|55\/100\n|-boost|p1a: Iron Moth|spa|1\n|\n|-weather|Snow|[upkeep]\n|upkeep\n|turn|4\n|\n|t:|1700052657\n|move|p2a: Great Tusk|Knock Off|p1a: Iron Moth\n|-end|p1a: Iron Moth|Substitute\n|move|p1a: Iron Moth|Fiery Dance|p2a: Great Tusk\n|-damage|p2a: Great Tusk|0 fnt\n|faint|p2a: Great Tusk\n|-end|p2a: Great Tusk|Protosynthesis|[silent]\n|\n|-weather|Snow|[upkeep]\n|upkeep\n|\n|t:|1700052664\n|switch|p2a: Fungal Witch|Hatterene, F|100\/100\n|turn|5\n|\n|t:|1700052672\n|-end|p1a: Iron Moth|Quark Drive|[silent]\n|switch|p1a: Kingambit|Kingambit, F|100\/100\n|move|p2a: Fungal Witch|Calm Mind|p2a: Fungal Witch\n|-boost|p2a: Fungal Witch|spa|1\n|-boost|p2a: Fungal Witch|spd|1\n|\n|-weather|none\n|upkeep\n|turn|6\n|\n|t:|1700052676\n|move|p1a: Kingambit|Iron Head|p2a: Fungal Witch\n|-supereffective|p2a: Fungal Witch\n|-damage|p2a: Fungal Witch|62\/100\n|move|p2a: Fungal Witch|Nuzzle|p1a: Kingambit\n|-damage|p1a: Kingambit|97\/100\n|-status|p1a: Kingambit|par\n|\n|-heal|p2a: Fungal Witch|68\/100|[from] item: Leftovers\n|-heal|p1a: Kingambit|100\/100 par|[from] item: Leftovers\n|upkeep\n|turn|7\n|\n|t:|1700052683\n|move|p2a: Fungal Witch|Calm Mind|p2a: Fungal Witch\n|-boost|p2a: Fungal Witch|spa|1\n|-boost|p2a: Fungal Witch|spd|1\n|move|p1a: Kingambit|Iron Head|p2a: Fungal Witch\n|-supereffective|p2a: Fungal Witch\n|-damage|p2a: Fungal Witch|30\/100\n|\n|-heal|p2a: Fungal Witch|36\/100|[from] item: Leftovers\n|upkeep\n|turn|8\n|\n|t:|1700052687\n|move|p1a: Kingambit|Sucker Punch|p2a: Fungal Witch\n|-damage|p2a: Fungal Witch|19\/100\n|move|p2a: Fungal Witch|Draining Kiss|p1a: Kingambit\n|-damage|p1a: Kingambit|57\/100 par\n|-heal|p2a: Fungal Witch|57\/100|[from] drain|[of] p1a: Kingambit\n|\n|-heal|p2a: Fungal Witch|63\/100|[from] item: Leftovers\n|-heal|p1a: Kingambit|63\/100 par|[from] item: Leftovers\n|-sideend|p2: Zovafire|move: Aurora Veil\n|upkeep\n|turn|9\n|\n|t:|1700052694\n|move|p2a: Fungal Witch|Draining Kiss|p1a: Kingambit\n|-damage|p1a: Kingambit|20\/100 par\n|-heal|p2a: Fungal Witch|100\/100|[from] drain|[of] p1a: Kingambit\n|move|p1a: Kingambit|Iron Head|p2a: Fungal Witch\n|-supereffective|p2a: Fungal Witch\n|-damage|p2a: Fungal Witch|22\/100\n|\n|-heal|p2a: Fungal Witch|28\/100|[from] item: Leftovers\n|-heal|p1a: Kingambit|26\/100 par|[from] item: Leftovers\n|upkeep\n|turn|10\n|\n|t:|1700052700\n|move|p1a: Kingambit|Sucker Punch|p2a: Fungal Witch\n|-damage|p2a: Fungal Witch|0 fnt\n|faint|p2a: Fungal Witch\n|\n|-heal|p1a: Kingambit|32\/100 par|[from] item: Leftovers\n|upkeep\n|\n|t:|1700052703\n|switch|p2a: Shiver Tails|Ninetales-Alola, F|61\/100\n|-weather|Snow|[from] ability: Snow Warning|[of] p2a: Shiver Tails\n|turn|11\n|\n|t:|1700052710\n|-end|p1a: Kingambit|fallenundefined|[silent]\n|switch|p1a: Iron Moth|Iron Moth|76\/100\n|move|p2a: Shiver Tails|Aurora Veil|p2a: Shiver Tails\n|-sidestart|p2: Zovafire|move: Aurora Veil\n|\n|-weather|Snow|[upkeep]\n|upkeep\n|turn|12\n|\n|t:|1700052716\n|move|p1a: Iron Moth|Sludge Wave|p2a: Shiver Tails\n|-supereffective|p2a: Shiver Tails\n|-damage|p2a: Shiver Tails|10\/100\n|move|p2a: Shiver Tails|Encore|p1a: Iron Moth\n|-start|p1a: Iron Moth|Encore\n|\n|-weather|Snow|[upkeep]\n|upkeep\n|turn|13\n|\n|t:|1700052725\n|-end|p1a: Iron Moth|Quark Drive|[silent]\n|switch|p1a: Ogerpon|Ogerpon-Wellspring, F|100\/100\n|switch|p2a: Iron Overlord|Kingambit, M|100\/100\n|-activate|p2a: Iron Overlord|ability: Supreme Overlord\n|-start|p2a: Iron Overlord|fallen2|[silent]\n|\n|-weather|Snow|[upkeep]\n|upkeep\n|turn|14\n|\n|t:|1700052731\n|move|p1a: Ogerpon|Ivy Cudgel|p2a: Iron Overlord|[anim] Ivy Cudgel Water\n|-damage|p2a: Iron Overlord|76\/100\n|move|p2a: Iron Overlord|Swords Dance|p2a: Iron Overlord\n|-boost|p2a: Iron Overlord|atk|2\n|\n|-weather|Snow|[upkeep]\n|-heal|p2a: Iron Overlord|82\/100|[from] item: Leftovers\n|upkeep\n|turn|15\n|\n|t:|1700052738\n|move|p1a: Ogerpon|Ivy Cudgel|p2a: Iron Overlord|[anim] Ivy Cudgel Water\n|-damage|p2a: Iron Overlord|56\/100\n|move|p2a: Iron Overlord|Swords Dance|p2a: Iron Overlord\n|-boost|p2a: Iron Overlord|atk|2\n|\n|-weather|none\n|-heal|p2a: Iron Overlord|62\/100|[from] item: Leftovers\n|upkeep\n|turn|16\n|\n|t:|1700052743\n|move|p1a: Ogerpon|Ivy Cudgel|p2a: Iron Overlord|[anim] Ivy Cudgel Water\n|-damage|p2a: Iron Overlord|36\/100\n|move|p2a: Iron Overlord|Swords Dance|p2a: Iron Overlord\n|-boost|p2a: Iron Overlord|atk|2\n|\n|-heal|p2a: Iron Overlord|43\/100|[from] item: Leftovers\n|upkeep\n|turn|17\n|\n|t:|1700052747\n|move|p2a: Iron Overlord|Sucker Punch|p1a: Ogerpon\n|-damage|p1a: Ogerpon|0 fnt\n|faint|p1a: Ogerpon\n|\n|-heal|p2a: Iron Overlord|49\/100|[from] item: Leftovers\n|upkeep\n|\n|t:|1700052750\n|switch|p1a: Great Tusk|Great Tusk|100\/100\n|turn|18\n|\n|t:|1700052758\n|-terastallize|p2a: Iron Overlord|Fairy\n|move|p1a: Great Tusk|Close Combat|p2a: Iron Overlord\n|-resisted|p2a: Iron Overlord\n|-damage|p2a: Iron Overlord|35\/100\n|-unboost|p1a: Great Tusk|def|1\n|-unboost|p1a: Great Tusk|spd|1\n|move|p2a: Iron Overlord|Iron Head|p1a: Great Tusk\n|-damage|p1a: Great Tusk|0 fnt\n|faint|p1a: Great Tusk\n|-end|p1a: Great Tusk|Protosynthesis|[silent]\n|\n|-heal|p2a: Iron Overlord|41\/100|[from] item: Leftovers\n|-sideend|p2: Zovafire|move: Aurora Veil\n|upkeep\n|\n|t:|1700052764\n|switch|p1a: Iron Moth|Iron Moth|76\/100\n|turn|19\n|\n|t:|1700052772\n|move|p2a: Iron Overlord|Sucker Punch|p1a: Iron Moth\n|-damage|p1a: Iron Moth|0 fnt\n|faint|p1a: Iron Moth\n|-end|p1a: Iron Moth|Quark Drive|[silent]\n|\n|-heal|p2a: Iron Overlord|47\/100|[from] item: Leftovers\n|upkeep\n|\n|t:|1700052777\n|switch|p1a: Dragonite|Dragonite, F|100\/100\n|turn|20\n|\n|t:|1700052781\n|-terastallize|p1a: Dragonite|Flying\n|move|p1a: Dragonite|Extreme Speed|p2a: Iron Overlord\n|-damage|p2a: Iron Overlord|21\/100\n|move|p2a: Iron Overlord|Iron Head|p1a: Dragonite\n|-damage|p1a: Dragonite|0 fnt\n|faint|p1a: Dragonite\n|\n|-heal|p2a: Iron Overlord|27\/100|[from] item: Leftovers\n|upkeep\n|\n|t:|1700052788\n|switch|p1a: Iron Valiant|Iron Valiant|100\/100\n|-enditem|p1a: Iron Valiant|Booster Energy\n|-activate|p1a: Iron Valiant|ability: Quark Drive|[fromitem]\n|-start|p1a: Iron Valiant|quarkdrivespe\n|turn|21\n|\n|t:|1700052792\n|move|p1a: Iron Valiant|Moonblast|p2a: Iron Overlord\n|-damage|p2a: Iron Overlord|0 fnt\n|faint|p2a: Iron Overlord\n|-end|p2a: Iron Overlord|fallen2|[silent]\n|\n|upkeep\n|\n|t:|1700052794\n|switch|p2a: Purring Mask|Meowscarada, F, shiny|100\/100\n|turn|22\n|\n|t:|1700052798\n|move|p2a: Purring Mask|Play Rough|p1a: Iron Valiant\n|-start|p2a: Purring Mask|typechange|Fairy|[from] ability: Protean\n|-supereffective|p1a: Iron Valiant\n|-damage|p1a: Iron Valiant|0 fnt\n|faint|p1a: Iron Valiant\n|-end|p1a: Iron Valiant|Quark Drive|[silent]\n|\n|upkeep\n|\n|t:|1700052801\n|switch|p1a: Kingambit|Kingambit, F|32\/100 par\n|-activate|p1a: Kingambit|ability: Supreme Overlord\n|-start|p1a: Kingambit|fallen5|[silent]\n|turn|23\n|\n|t:|1700052804\n|move|p2a: Purring Mask|Play Rough|p1a: Kingambit\n|-damage|p1a: Kingambit|0 fnt\n|faint|p1a: Kingambit\n|-end|p1a: Kingambit|fallen5|[silent]\n|\n|win|Zovafire\n|raw|Italoxgod \u6f22\u5b57's rating: 1438 &rarr; <strong>1414<\/strong><br \/>(-24 for losing)\n|raw|Zovafire's rating: 1367 &rarr; <strong>1391<\/strong><br \/>(+24 for winning)\n|l|\u2606Italoxgod \u6f22\u5b57\n","uploadtime":1700052813,"views":30,"p1id":"italoxgod","p2id":"zovafire","formatid":"gen9ou","rating":1391,"private":0,"password":""}