{"id":"gen9ou-1990606134","p1":"Folcard","p2":"JackRG","format":"[Gen 9] OU","log":"|j|\u2606Folcard\n|j|\u2606JackRG\n|t:|1699985190\n|gametype|singles\n|player|p1|Folcard|fisherman-gen4|1464\n|player|p2|JackRG|shauntal|1363\n|teamsize|p1|6\n|teamsize|p2|6\n|gen|9\n|tier|[Gen 9] OU\n|rated|\n|rule|Sleep Clause Mod: Limit one foe put to sleep\n|rule|Species Clause: Limit one of each Pok\u00e9mon\n|rule|OHKO Clause: OHKO moves are banned\n|rule|Evasion Items Clause: Evasion items are banned\n|rule|Evasion Moves Clause: Evasion moves are banned\n|rule|Endless Battle Clause: Forcing endless battles is banned\n|rule|HP Percentage Mod: HP is shown in percentages\n|clearpoke\n|poke|p1|Ribombee, M|\n|poke|p1|Ogerpon-Wellspring, F|\n|poke|p1|Iron Moth|\n|poke|p1|Kingambit, F|\n|poke|p1|Gholdengo|\n|poke|p1|Iron Valiant|\n|poke|p2|Alomomola, M|\n|poke|p2|Slowking-Galar, F|\n|poke|p2|Kingambit, F|\n|poke|p2|Great Tusk|\n|poke|p2|Cinderace, F|\n|poke|p2|Thundurus-Therian, M|\n|teampreview\n|inactive|Battle timer is ON: inactive players will automatically lose when time's up. (requested by JackRG)\n|inactive|JackRG has 120 seconds left.\n|\n|t:|1699985225\n|start\n|switch|p1a: Ribombee|Ribombee, M|100\/100\n|switch|p2a: Alomomola|Alomomola, M, shiny|100\/100\n|turn|1\n|\n|t:|1699985231\n|switch|p2a: Thundurus|Thundurus-Therian, M, shiny|100\/100\n|move|p1a: Ribombee|Sticky Web|p2a: Thundurus\n|-sidestart|p2: JackRG|move: Sticky Web\n|\n|upkeep\n|turn|2\n|\n|t:|1699985235\n|move|p1a: Ribombee|Stun Spore|p2a: Thundurus|[miss]\n|-miss|p1a: Ribombee|p2a: Thundurus\n|move|p2a: Thundurus|Volt Switch|p1a: Ribombee\n|-damage|p1a: Ribombee|6\/100\n|-damage|p2a: Thundurus|91\/100|[from] item: Life Orb\n|\n|t:|1699985243\n|switch|p2a: Kingambit|Kingambit, F, shiny|100\/100|[from] Volt Switch\n|-activate|p2a: Kingambit|move: Sticky Web\n|-unboost|p2a: Kingambit|spe|1\n|\n|upkeep\n|turn|3\n|\n|t:|1699985253\n|move|p1a: Ribombee|Sunny Day|p1a: Ribombee\n|-weather|SunnyDay\n|move|p2a: Kingambit|Iron Head|p1a: Ribombee\n|-supereffective|p1a: Ribombee\n|-damage|p1a: Ribombee|0 fnt\n|faint|p1a: Ribombee\n|\n|-weather|SunnyDay|[upkeep]\n|upkeep\n|\n|t:|1699985256\n|switch|p1a: Iron Moth|Iron Moth|100\/100\n|-enditem|p1a: Iron Moth|Booster Energy\n|-activate|p1a: Iron Moth|ability: Quark Drive|[fromitem]\n|-start|p1a: Iron Moth|quarkdrivespa\n|turn|4\n|\n|t:|1699985264\n|-end|p2a: Kingambit|fallenundefined|[silent]\n|switch|p2a: Alomomola|Alomomola, M, shiny|100\/100\n|-activate|p2a: Alomomola|move: Sticky Web\n|-unboost|p2a: Alomomola|spe|1\n|move|p1a: Iron Moth|Fiery Dance|p2a: Alomomola\n|-resisted|p2a: Alomomola\n|-damage|p2a: Alomomola|62\/100\n|-boost|p1a: Iron Moth|spa|1\n|-enditem|p2a: Alomomola|Red Card|[of] p1a: Iron Moth\n|-end|p1a: Iron Moth|Quark Drive|[silent]\n|drag|p1a: Iron Valiant|Iron Valiant|100\/100\n|-enditem|p1a: Iron Valiant|Booster Energy\n|-activate|p1a: Iron Valiant|ability: Quark Drive|[fromitem]\n|-start|p1a: Iron Valiant|quarkdrivespe\n|\n|-weather|SunnyDay|[upkeep]\n|upkeep\n|turn|5\n|\n|t:|1699985277\n|move|p1a: Iron Valiant|Knock Off|p2a: Alomomola\n|-damage|p2a: Alomomola|48\/100\n|move|p2a: Alomomola|Acrobatics|p1a: Iron Valiant\n|-supereffective|p1a: Iron Valiant\n|-damage|p1a: Iron Valiant|53\/100\n|\n|-weather|SunnyDay|[upkeep]\n|upkeep\n|turn|6\n|\n|t:|1699985283\n|move|p1a: Iron Valiant|Moonblast|p2a: Alomomola\n|-damage|p2a: Alomomola|12\/100\n|-unboost|p2a: Alomomola|spa|1\n|move|p2a: Alomomola|Acrobatics|p1a: Iron Valiant\n|-supereffective|p1a: Iron Valiant\n|-crit|p1a: Iron Valiant\n|-damage|p1a: Iron Valiant|0 fnt\n|faint|p1a: Iron Valiant\n|-end|p1a: Iron Valiant|Quark Drive|[silent]\n|\n|-weather|SunnyDay|[upkeep]\n|upkeep\n|\n|t:|1699985287\n|switch|p1a: Iron Moth|Iron Moth|100\/100\n|turn|7\n|\n|t:|1699985293\n|switch|p2a: Slowking|Slowking-Galar, F, shiny|100\/100\n|move|p1a: Iron Moth|Fiery Dance|p2a: Slowking\n|-crit|p2a: Slowking\n|-damage|p2a: Slowking|41\/100\n|-boost|p1a: Iron Moth|spa|1\n|\n|-weather|none\n|upkeep\n|turn|8\n|\n|t:|1699985309\n|move|p1a: Iron Moth|Psychic|p2a: Slowking\n|-damage|p2a: Slowking|14\/100\n|move|p2a: Slowking|Chilly Reception|p2a: Slowking\n|-weather|Snow\n|\n|t:|1699985312\n|switch|p2a: Cinderace|Cinderace, F, shiny|100\/100|[from] Chilly Reception\n|\n|-weather|Snow|[upkeep]\n|upkeep\n|turn|9\n|\n|t:|1699985324\n|move|p2a: Cinderace|Court Change|p2a: Cinderace\n|-start|p2a: Cinderace|typechange|Normal|[from] ability: Libero\n|-swapsideconditions\n|-activate|p2a: Cinderace|move: Court Change\n|move|p1a: Iron Moth|Sludge Wave|p2a: Cinderace\n|-damage|p2a: Cinderace|0 fnt\n|faint|p2a: Cinderace\n|\n|-weather|Snow|[upkeep]\n|upkeep\n|\n|t:|1699985339\n|switch|p2a: Alomomola|Alomomola, M, shiny|46\/100\n|turn|10\n|\n|t:|1699985346\n|move|p1a: Iron Moth|Substitute|p1a: Iron Moth\n|-start|p1a: Iron Moth|Substitute\n|-damage|p1a: Iron Moth|76\/100\n|move|p2a: Alomomola|Scald|p1a: Iron Moth\n|-supereffective|p1a: Iron Moth\n|-end|p1a: Iron Moth|Substitute\n|\n|-weather|Snow|[upkeep]\n|upkeep\n|turn|11\n|inactive|JackRG has 120 seconds left.\n|inactive|Folcard has 120 seconds left.\n|\n|t:|1699985396\n|-terastallize|p1a: Iron Moth|Ghost\n|-terastallize|p2a: Alomomola|Flying\n|move|p1a: Iron Moth|Substitute|p1a: Iron Moth\n|-start|p1a: Iron Moth|Substitute\n|-damage|p1a: Iron Moth|51\/100\n|move|p2a: Alomomola|Flip Turn|p1a: Iron Moth\n|-end|p1a: Iron Moth|Substitute\n|\n|t:|1699985405\n|switch|p2a: Kingambit|Kingambit, F, shiny|100\/100|[from] Flip Turn\n|-activate|p2a: Kingambit|ability: Supreme Overlord\n|-start|p2a: Kingambit|fallen1|[silent]\n|\n|-weather|Snow|[upkeep]\n|upkeep\n|turn|12\n|\n|t:|1699985409\n|move|p1a: Iron Moth|Substitute|p1a: Iron Moth\n|-start|p1a: Iron Moth|Substitute\n|-damage|p1a: Iron Moth|26\/100\n|move|p2a: Kingambit|Kowtow Cleave|p1a: Iron Moth\n|-supereffective|p1a: Iron Moth\n|-end|p1a: Iron Moth|Substitute\n|\n|-weather|none\n|upkeep\n|turn|13\n|\n|t:|1699985414\n|move|p1a: Iron Moth|Fiery Dance|p2a: Kingambit\n|-supereffective|p2a: Kingambit\n|-damage|p2a: Kingambit|0 fnt\n|-boost|p1a: Iron Moth|spa|1\n|faint|p2a: Kingambit\n|-end|p2a: Kingambit|fallen1|[silent]\n|\n|upkeep\n|\n|t:|1699985425\n|switch|p2a: Slowking|Slowking-Galar, F, shiny|47\/100\n|turn|14\n|\n|t:|1699985428\n|move|p1a: Iron Moth|Psychic|p2a: Slowking\n|-damage|p2a: Slowking|11\/100\n|move|p2a: Slowking|Surf|p1a: Iron Moth\n|-damage|p1a: Iron Moth|1\/100\n|\n|upkeep\n|turn|15\n|\n|t:|1699985436\n|switch|p2a: Alomomola|Alomomola, M, shiny, tera:Flying|79\/100\n|move|p1a: Iron Moth|Fiery Dance|p2a: Alomomola\n|-damage|p2a: Alomomola|0 fnt\n|-boost|p1a: Iron Moth|spa|1\n|faint|p2a: Alomomola\n|\n|upkeep\n|\n|t:|1699985442\n|switch|p2a: Slowking|Slowking-Galar, F, shiny|44\/100\n|turn|16\n|\n|t:|1699985444\n|move|p1a: Iron Moth|Psychic|p2a: Slowking\n|-damage|p2a: Slowking|0 fnt\n|faint|p2a: Slowking\n|\n|upkeep\n|-message|JackRG forfeited.\n|\n|win|Folcard\n|raw|Folcard's rating: 1464 &rarr; <strong>1478<\/strong><br \/>(+14 for winning)\n|raw|JackRG's rating: 1363 &rarr; <strong>1349<\/strong><br \/>(-14 for losing)\n|l|\u2606JackRG\n","uploadtime":1699985453,"views":8,"p1id":"folcard","p2id":"jackrg","formatid":"gen9ou","rating":1349,"private":0,"password":""}