{"id":"gen9ou-1995784703","p1":"continuumg","p2":"Ez M$ney","format":"[Gen 9] OU","log":"|j|\u2606continuumg\n|j|\u2606Ez M$ney\n|t:|1700602886\n|gametype|singles\n|player|p1|continuumg|scientist-gen4dp|1144\n|player|p2|Ez M$ney|265|1190\n|teamsize|p1|6\n|teamsize|p2|6\n|gen|9\n|tier|[Gen 9] OU\n|rated|\n|rule|Sleep Clause Mod: Limit one foe put to sleep\n|rule|Species Clause: Limit one of each Pok\u00e9mon\n|rule|OHKO Clause: OHKO moves are banned\n|rule|Evasion Items Clause: Evasion items are banned\n|rule|Evasion Moves Clause: Evasion moves are banned\n|rule|Endless Battle Clause: Forcing endless battles is banned\n|rule|HP Percentage Mod: HP is shown in percentages\n|clearpoke\n|poke|p1|Cyclizar, F|\n|poke|p1|Tornadus-Therian, M|\n|poke|p1|Lokix, M|\n|poke|p1|Espeon, M|\n|poke|p1|Kilowattrel, M|\n|poke|p1|Dondozo, M|\n|poke|p2|Vikavolt, M|\n|poke|p2|Enamorus, F|\n|poke|p2|Great Tusk|\n|poke|p2|Gholdengo|\n|poke|p2|Kommo-o, M|\n|poke|p2|Iron Moth|\n|teampreview\n|inactive|Battle timer is ON: inactive players will automatically lose when time's up. (requested by Ez M$ney)\n|c|\u2606continuumg|love vikavolt\n|c|\u2606Ez M$ney|love you\n|\n|t:|1700602911\n|start\n|switch|p1a: Kilowattrel|Kilowattrel, M|100\/100\n|switch|p2a: Vicodi\u00f1o|Vikavolt, M|100\/100\n|turn|1\n|\n|t:|1700602925\n|move|p1a: Kilowattrel|Volt Switch|p2a: Vicodi\u00f1o\n|-resisted|p2a: Vicodi\u00f1o\n|-damage|p2a: Vicodi\u00f1o|81\/100\n|\n|t:|1700602930\n|switch|p1a: Espeon|Espeon, M|100\/100|[from] Volt Switch\n|move|p2a: Vicodi\u00f1o|Sticky Web|p1a: Espeon\n|move|p1a: Espeon|Sticky Web|p2a: Vicodi\u00f1o|[from]ability: Magic Bounce\n|-sidestart|p2: Ez M$ney|move: Sticky Web\n|\n|upkeep\n|turn|2\n|\n|t:|1700602944\n|move|p1a: Espeon|Light Screen|p1a: Espeon\n|-sidestart|p1: continuumg|move: Light Screen\n|move|p2a: Vicodi\u00f1o|Bug Buzz|p1a: Espeon\n|-supereffective|p1a: Espeon\n|-damage|p1a: Espeon|27\/100\n|\n|upkeep\n|turn|3\n|\n|t:|1700602959\n|switch|p1a: Tornadus|Tornadus-Therian, M|100\/100\n|move|p2a: Vicodi\u00f1o|Bug Buzz|p1a: Tornadus\n|-resisted|p1a: Tornadus\n|-damage|p1a: Tornadus|83\/100\n|\n|upkeep\n|turn|4\n|\n|t:|1700602971\n|switch|p2a: Djengo Unrained|Gholdengo|100\/100\n|-item|p2a: Djengo Unrained|Air Balloon\n|move|p1a: Tornadus|Heat Wave|p2a: Djengo Unrained\n|-supereffective|p2a: Djengo Unrained\n|-damage|p2a: Djengo Unrained|12\/100\n|-enditem|p2a: Djengo Unrained|Air Balloon\n|-damage|p1a: Tornadus|73\/100|[from] item: Life Orb\n|\n|upkeep\n|turn|5\n|\n|t:|1700602986\n|move|p1a: Tornadus|Heat Wave|p2a: Djengo Unrained\n|-supereffective|p2a: Djengo Unrained\n|-damage|p2a: Djengo Unrained|0 fnt\n|faint|p2a: Djengo Unrained\n|-damage|p1a: Tornadus|64\/100|[from] item: Life Orb\n|\n|upkeep\n|\n|t:|1700603009\n|switch|p2a: Dentist G-Ram|Great Tusk|100\/100\n|-activate|p2a: Dentist G-Ram|move: Sticky Web\n|-unboost|p2a: Dentist G-Ram|spe|1\n|-enditem|p2a: Dentist G-Ram|Booster Energy\n|-activate|p2a: Dentist G-Ram|ability: Protosynthesis|[fromitem]\n|-start|p2a: Dentist G-Ram|protosynthesisatk\n|turn|6\n|\n|t:|1700603023\n|-terastallize|p2a: Dentist G-Ram|Ice\n|move|p1a: Tornadus|U-turn|p2a: Dentist G-Ram\n|-damage|p2a: Dentist G-Ram|86\/100\n|-damage|p1a: Tornadus|54\/100|[from] item: Life Orb\n|\n|t:|1700603037\n|switch|p1a: Espeon|Espeon, M|27\/100|[from] U-turn\n|move|p2a: Dentist G-Ram|Ice Spinner|p1a: Espeon\n|-damage|p1a: Espeon|0 fnt\n|faint|p1a: Espeon\n|\n|upkeep\n|\n|t:|1700603049\n|switch|p1a: Cyclizar|Cyclizar, F|100\/100\n|turn|7\n|inactive|continuumg has 120 seconds left.\n|\n|t:|1700603075\n|-terastallize|p1a: Cyclizar|Fire\n|move|p1a: Cyclizar|Overheat|p2a: Dentist G-Ram\n|-supereffective|p2a: Dentist G-Ram\n|-damage|p2a: Dentist G-Ram|0 fnt\n|-unboost|p1a: Cyclizar|spa|2\n|-enditem|p1a: Cyclizar|White Herb\n|-clearnegativeboost|p1a: Cyclizar|[silent]\n|faint|p2a: Dentist G-Ram\n|-end|p2a: Dentist G-Ram|Protosynthesis|[silent]\n|\n|upkeep\n|\n|t:|1700603098\n|switch|p2a: Tony Komo|Kommo-o, M|100\/100\n|-activate|p2a: Tony Komo|move: Sticky Web\n|-unboost|p2a: Tony Komo|spe|1\n|turn|8\n|\n|t:|1700603105\n|move|p1a: Cyclizar|Draco Meteor|p2a: Tony Komo\n|-supereffective|p2a: Tony Komo\n|-damage|p2a: Tony Komo|0 fnt\n|-unboost|p1a: Cyclizar|spa|2\n|faint|p2a: Tony Komo\n|\n|upkeep\n|\n|t:|1700603111\n|switch|p2a: Pink Flyday|Enamorus, F, shiny|100\/100\n|turn|9\n|\n|t:|1700603122\n|move|p1a: Cyclizar|U-turn|p2a: Pink Flyday\n|-resisted|p2a: Pink Flyday\n|-damage|p2a: Pink Flyday|94\/100\n|\n|t:|1700603130\n|switch|p1a: Kilowattrel|Kilowattrel, M|100\/100|[from] U-turn\n|move|p2a: Pink Flyday|Earth Power|p1a: Kilowattrel\n|-immune|p1a: Kilowattrel\n|\n|-sideend|p1: continuumg|move: Light Screen\n|upkeep\n|turn|10\n|\n|t:|1700603147\n|switch|p2a: Both Baby|Iron Moth|100\/100\n|-activate|p2a: Both Baby|move: Sticky Web\n|-unboost|p2a: Both Baby|spe|1\n|-enditem|p2a: Both Baby|Booster Energy\n|-activate|p2a: Both Baby|ability: Quark Drive|[fromitem]\n|-start|p2a: Both Baby|quarkdrivespa\n|move|p1a: Kilowattrel|Discharge|p2a: Both Baby\n|-damage|p2a: Both Baby|59\/100\n|-status|p2a: Both Baby|par\n|\n|upkeep\n|turn|11\n|inactive|continuumg has 120 seconds left.\n|\n|t:|1700603171\n|move|p1a: Kilowattrel|Discharge|p2a: Both Baby\n|-damage|p2a: Both Baby|17\/100 par\n|move|p2a: Both Baby|Sludge Wave|p1a: Kilowattrel\n|-damage|p1a: Kilowattrel|0 fnt\n|faint|p1a: Kilowattrel\n|\n|upkeep\n|\n|t:|1700603180\n|switch|p1a: Tornadus|Tornadus-Therian, M|87\/100\n|turn|12\n|inactive|continuumg has 120 seconds left.\n|\n|t:|1700603187\n|move|p1a: Tornadus|Extrasensory|p2a: Both Baby\n|-supereffective|p2a: Both Baby\n|-damage|p2a: Both Baby|0 fnt\n|faint|p2a: Both Baby\n|-end|p2a: Both Baby|Quark Drive|[silent]\n|-damage|p1a: Tornadus|77\/100|[from] item: Life Orb\n|\n|upkeep\n|\n|t:|1700603196\n|switch|p2a: Pink Flyday|Enamorus, F, shiny|94\/100\n|turn|13\n|\n|t:|1700603201\n|move|p1a: Tornadus|Sludge Bomb|p2a: Pink Flyday\n|-supereffective|p2a: Pink Flyday\n|-damage|p2a: Pink Flyday|0 fnt\n|faint|p2a: Pink Flyday\n|-damage|p1a: Tornadus|68\/100|[from] item: Life Orb\n|\n|upkeep\n|\n|t:|1700603204\n|switch|p2a: Vicodi\u00f1o|Vikavolt, M|81\/100\n|turn|14\n|\n|t:|1700603210\n|move|p1a: Tornadus|Heat Wave|p2a: Vicodi\u00f1o\n|-supereffective|p2a: Vicodi\u00f1o\n|-damage|p2a: Vicodi\u00f1o|0 fnt\n|faint|p2a: Vicodi\u00f1o\n|-damage|p1a: Tornadus|58\/100|[from] item: Life Orb\n|\n|win|continuumg\n|raw|continuumg's rating: 1144 &rarr; <strong>1172<\/strong><br \/>(+28 for winning)\n|raw|Ez M$ney's rating: 1190 &rarr; <strong>1162<\/strong><br \/>(-28 for losing)\n|c|\u2606continuumg|gg\n|l|\u2606Ez M$ney\n","uploadtime":1700603226,"views":7,"p1id":"continuumg","p2id":"ezmney","formatid":"gen9ou","rating":1162,"private":0,"password":""}