{"id":"gen9ou-1995655467","p1":"noob1877","p2":"doodieray","format":"[Gen 9] OU","log":"|j|\u2606noob1877\n|j|\u2606doodieray\n|t:|1700591234\n|gametype|singles\n|player|p1|noob1877|1|1247\n|player|p2|doodieray|1|1326\n|teamsize|p1|6\n|teamsize|p2|6\n|gen|9\n|tier|[Gen 9] OU\n|rated|\n|rule|Sleep Clause Mod: Limit one foe put to sleep\n|rule|Species Clause: Limit one of each Pok\u00e9mon\n|rule|OHKO Clause: OHKO moves are banned\n|rule|Evasion Items Clause: Evasion items are banned\n|rule|Evasion Moves Clause: Evasion moves are banned\n|rule|Endless Battle Clause: Forcing endless battles is banned\n|rule|HP Percentage Mod: HP is shown in percentages\n|clearpoke\n|poke|p1|Kleavor, F|\n|poke|p1|Quaquaval, F|\n|poke|p1|Skeledirge, F|\n|poke|p1|Meowscarada, F|\n|poke|p1|Zapdos|\n|poke|p1|Munkidori, M|\n|poke|p2|Flamigo, M|\n|poke|p2|Shiftry, F|\n|poke|p2|Slowking-Galar, M|\n|poke|p2|Alomomola, M|\n|poke|p2|Cinderace, F|\n|poke|p2|Zapdos|\n|teampreview\n|\n|t:|1700591240\n|start\n|switch|p1a: Kleavor|Kleavor, F|100\/100\n|switch|p2a: Shiftry|Shiftry, F|100\/100\n|turn|1\n|\n|t:|1700591243\n|move|p1a: Kleavor|U-turn|p2a: Shiftry\n|-supereffective|p2a: Shiftry\n|-enditem|p2a: Shiftry|Focus Sash\n|-damage|p2a: Shiftry|1\/100\n|\n|t:|1700591251\n|switch|p1a: Zapdos|Zapdos|100\/100|[from] U-turn\n|move|p2a: Shiftry|Tailwind|p2a: Shiftry\n|-sidestart|p2: doodieray|move: Tailwind\n|-ability|p2a: Shiftry|Wind Rider|boost\n|-boost|p2a: Shiftry|atk|1\n|\n|upkeep\n|turn|2\n|\n|t:|1700591263\n|move|p2a: Shiftry|Explosion|p1a: Zapdos\n|-damage|p1a: Zapdos|0 fnt\n|faint|p2a: Shiftry\n|faint|p1a: Zapdos\n|\n|upkeep\n|\n|t:|1700591275\n|switch|p1a: Quaquaval|Quaquaval, F|100\/100\n|switch|p2a: Flamigo|Flamigo, M|100\/100\n|turn|3\n|\n|t:|1700591287\n|-terastallize|p1a: Quaquaval|Flying\n|move|p2a: Flamigo|Brave Bird|p1a: Quaquaval\n|-damage|p1a: Quaquaval|42\/100\n|-damage|p2a: Flamigo|77\/100|[from] Recoil\n|move|p1a: Quaquaval|Brave Bird|p2a: Flamigo\n|-supereffective|p2a: Flamigo\n|-damage|p2a: Flamigo|0 fnt\n|faint|p2a: Flamigo\n|-ability|p1a: Quaquaval|Moxie|boost\n|-boost|p1a: Quaquaval|atk|1\n|-damage|p1a: Quaquaval|21\/100|[from] Recoil\n|\n|-heal|p1a: Quaquaval|27\/100|[from] item: Leftovers\n|upkeep\n|\n|t:|1700591295\n|switch|p2a: Zapdos|Zapdos|100\/100\n|turn|4\n|\n|t:|1700591298\n|switch|p1a: Skeledirge|Skeledirge, F|100\/100\n|move|p2a: Zapdos|Volt Switch|p1a: Skeledirge\n|-damage|p1a: Skeledirge|80\/100\n|\n|t:|1700591306\n|switch|p2a: Slowking|Slowking-Galar, M|100\/100|[from] Volt Switch\n|\n|-heal|p1a: Skeledirge|86\/100|[from] item: Leftovers\n|-sideend|p2: doodieray|move: Tailwind\n|upkeep\n|turn|5\n|\n|t:|1700591312\n|move|p1a: Skeledirge|Torch Song|p2a: Slowking\n|-damage|p2a: Slowking|77\/100\n|-boost|p1a: Skeledirge|spa|1\n|move|p2a: Slowking|Future Sight|p1a: Skeledirge\n|-start|p2a: Slowking|move: Future Sight\n|\n|-heal|p1a: Skeledirge|92\/100|[from] item: Leftovers\n|upkeep\n|turn|6\n|\n|t:|1700591318\n|switch|p2a: Alomomola|Alomomola, M|100\/100\n|move|p1a: Skeledirge|Torch Song|p2a: Alomomola\n|-resisted|p2a: Alomomola\n|-damage|p2a: Alomomola|79\/100\n|-boost|p1a: Skeledirge|spa|1\n|-enditem|p2a: Alomomola|Red Card|[of] p1a: Skeledirge\n|drag|p1a: Kleavor|Kleavor, F|100\/100\n|\n|upkeep\n|turn|7\n|\n|t:|1700591333\n|move|p1a: Kleavor|Stone Axe|p2a: Alomomola\n|-damage|p2a: Alomomola|45\/100\n|-sidestart|p2: doodieray|move: Stealth Rock\n|move|p2a: Alomomola|Flip Turn|p1a: Kleavor\n|-supereffective|p1a: Kleavor\n|-damage|p1a: Kleavor|58\/100\n|\n|t:|1700591339\n|switch|p2a: Cinderace|Cinderace, F|100\/100|[from] Flip Turn\n|\n|-end|p1a: Kleavor|move: Future Sight\n|-damage|p1a: Kleavor|0 fnt\n|faint|p1a: Kleavor\n|upkeep\n|\n|t:|1700591347\n|switch|p1a: Skeledirge|Skeledirge, F|92\/100\n|turn|8\n|\n|t:|1700591353\n|move|p2a: Cinderace|Court Change|p2a: Cinderace\n|-swapsideconditions\n|-activate|p2a: Cinderace|move: Court Change\n|move|p1a: Skeledirge|Slack Off|p1a: Skeledirge\n|-heal|p1a: Skeledirge|100\/100\n|\n|upkeep\n|turn|9\n|\n|t:|1700591359\n|move|p2a: Cinderace|U-turn|p1a: Skeledirge\n|-resisted|p1a: Skeledirge\n|-damage|p1a: Skeledirge|97\/100\n|\n|t:|1700591363\n|switch|p2a: Slowking|Slowking-Galar, M|100\/100|[from] U-turn\n|move|p1a: Skeledirge|Torch Song|p2a: Slowking\n|-damage|p2a: Slowking|75\/100\n|-boost|p1a: Skeledirge|spa|1\n|\n|-heal|p1a: Skeledirge|100\/100|[from] item: Leftovers\n|upkeep\n|turn|10\n|\n|t:|1700591366\n|move|p1a: Skeledirge|Torch Song|p2a: Slowking\n|-damage|p2a: Slowking|38\/100\n|-boost|p1a: Skeledirge|spa|1\n|move|p2a: Slowking|Future Sight|p1a: Skeledirge\n|-start|p2a: Slowking|move: Future Sight\n|\n|upkeep\n|turn|11\n|\n|t:|1700591372\n|move|p1a: Skeledirge|Torch Song|p2a: Slowking\n|-damage|p2a: Slowking|0 fnt\n|-boost|p1a: Skeledirge|spa|1\n|faint|p2a: Slowking\n|\n|upkeep\n|\n|t:|1700591375\n|switch|p2a: Zapdos|Zapdos|100\/100\n|turn|12\n|\n|t:|1700591381\n|move|p2a: Zapdos|Hurricane|p1a: Skeledirge\n|-damage|p1a: Skeledirge|66\/100\n|move|p1a: Skeledirge|Torch Song|p2a: Zapdos\n|-damage|p2a: Zapdos|34\/100\n|-boost|p1a: Skeledirge|spa|1\n|\n|-end|p1a: Skeledirge|move: Future Sight\n|-damage|p1a: Skeledirge|33\/100\n|-heal|p1a: Skeledirge|39\/100|[from] item: Leftovers\n|upkeep\n|turn|13\n|\n|t:|1700591391\n|move|p2a: Zapdos|Hurricane|p1a: Skeledirge\n|-damage|p1a: Skeledirge|2\/100\n|move|p1a: Skeledirge|Slack Off|p1a: Skeledirge\n|-heal|p1a: Skeledirge|52\/100\n|\n|-heal|p1a: Skeledirge|58\/100|[from] item: Leftovers\n|upkeep\n|turn|14\n|\n|t:|1700591394\n|move|p2a: Zapdos|Hurricane|p1a: Skeledirge\n|-damage|p1a: Skeledirge|21\/100\n|-start|p1a: Skeledirge|confusion\n|-activate|p1a: Skeledirge|confusion\n|-damage|p1a: Skeledirge|17\/100|[from] confusion\n|\n|-heal|p1a: Skeledirge|23\/100|[from] item: Leftovers\n|upkeep\n|turn|15\n|\n|t:|1700591398\n|move|p2a: Zapdos|Hurricane|p1a: Skeledirge\n|-damage|p1a: Skeledirge|0 fnt\n|faint|p1a: Skeledirge\n|\n|upkeep\n|\n|t:|1700591413\n|switch|p1a: Munkidori|Munkidori, M|100\/100\n|-damage|p1a: Munkidori|88\/100|[from] Stealth Rock\n|turn|16\n|\n|t:|1700591423\n|-terastallize|p2a: Zapdos|Steel\n|move|p1a: Munkidori|Sludge Wave|p2a: Zapdos\n|-immune|p2a: Zapdos\n|move|p2a: Zapdos|Volt Switch|p1a: Munkidori\n|-damage|p1a: Munkidori|57\/100\n|\n|t:|1700591427\n|switch|p2a: Alomomola|Alomomola, M|78\/100|[from] Volt Switch\n|\n|upkeep\n|turn|17\n|\n|t:|1700591437\n|move|p1a: Munkidori|Psychic|p2a: Alomomola\n|-damage|p2a: Alomomola|23\/100\n|-damage|p1a: Munkidori|47\/100|[from] item: Life Orb\n|move|p2a: Alomomola|Wish|p2a: Alomomola\n|\n|upkeep\n|turn|18\n|\n|t:|1700591444\n|switch|p2a: Zapdos|Zapdos, tera:Steel|34\/100\n|move|p1a: Munkidori|Psychic|p2a: Zapdos\n|-resisted|p2a: Zapdos\n|-damage|p2a: Zapdos|4\/100\n|-damage|p1a: Munkidori|37\/100|[from] item: Life Orb\n|\n|-heal|p2a: Zapdos|65\/100|[from] move: Wish|[wisher] Alomomola\n|upkeep\n|turn|19\n|\n|t:|1700591456\n|move|p1a: Munkidori|Psychic|p2a: Zapdos\n|-resisted|p2a: Zapdos\n|-damage|p2a: Zapdos|37\/100\n|-damage|p1a: Munkidori|27\/100|[from] item: Life Orb\n|move|p2a: Zapdos|Volt Switch|p1a: Munkidori\n|-damage|p1a: Munkidori|0 fnt\n|faint|p1a: Munkidori\n|\n|t:|1700591459\n|switch|p2a: Alomomola|Alomomola, M|56\/100|[from] Volt Switch\n|\n|upkeep\n|\n|t:|1700591462\n|switch|p1a: Quaquaval|Quaquaval, F, tera:Flying|27\/100\n|-damage|p1a: Quaquaval|2\/100|[from] Stealth Rock\n|turn|20\n|\n|t:|1700591469\n|move|p1a: Quaquaval|Roost|p1a: Quaquaval\n|-heal|p1a: Quaquaval|52\/100\n|-hint|If a Flying Terastallized Pokemon uses Roost, it remains Flying-type.\n|move|p2a: Alomomola|Flip Turn|p1a: Quaquaval\n|-damage|p1a: Quaquaval|32\/100\n|\n|t:|1700591472\n|switch|p2a: Zapdos|Zapdos, tera:Steel|37\/100|[from] Flip Turn\n|\n|-heal|p1a: Quaquaval|38\/100|[from] item: Leftovers\n|upkeep\n|turn|21\n|\n|t:|1700591478\n|move|p2a: Zapdos|Volt Switch|p1a: Quaquaval\n|-supereffective|p1a: Quaquaval\n|-damage|p1a: Quaquaval|0 fnt\n|faint|p1a: Quaquaval\n|\n|t:|1700591486\n|switch|p2a: Cinderace|Cinderace, F|100\/100|[from] Volt Switch\n|\n|upkeep\n|\n|t:|1700591490\n|switch|p1a: Meowscarada|Meowscarada, F|100\/100\n|-damage|p1a: Meowscarada|88\/100|[from] Stealth Rock\n|turn|22\n|\n|t:|1700591494\n|move|p1a: Meowscarada|Knock Off|p2a: Cinderace\n|-start|p1a: Meowscarada|typechange|Dark|[from] ability: Protean\n|-damage|p2a: Cinderace|17\/100\n|-enditem|p2a: Cinderace|Heavy-Duty Boots|[from] move: Knock Off|[of] p1a: Meowscarada\n|move|p2a: Cinderace|U-turn|p1a: Meowscarada\n|-supereffective|p1a: Meowscarada\n|-damage|p1a: Meowscarada|26\/100\n|\n|t:|1700591500\n|switch|p2a: Alomomola|Alomomola, M|90\/100|[from] U-turn\n|\n|upkeep\n|turn|23\n|\n|t:|1700591503\n|move|p1a: Meowscarada|Knock Off|p2a: Alomomola\n|-damage|p2a: Alomomola|62\/100\n|move|p2a: Alomomola|Acrobatics|p1a: Meowscarada\n|-damage|p1a: Meowscarada|0 fnt\n|faint|p1a: Meowscarada\n|\n|win|doodieray\n|raw|noob1877's rating: 1247 &rarr; <strong>1228<\/strong><br \/>(-19 for losing)\n|raw|doodieray's rating: 1326 &rarr; <strong>1342<\/strong><br \/>(+16 for winning)\n|l|\u2606noob1877\n","uploadtime":1700591517,"views":1,"p1id":"noob1877","p2id":"doodieray","formatid":"gen9ou","rating":1228,"private":0,"password":""}