{"id":"gen9ou-1993862319","p1":"wooloo supremacy","p2":"Z-pokemaster2000","format":"[Gen 9] OU","log":"|j|\u2606wooloo supremacy\n|j|\u2606Z-pokemaster2000\n|t:|1700366742\n|gametype|singles\n|player|p1|wooloo supremacy|adaman|1709\n|player|p2|Z-pokemaster2000|veteran|1672\n|teamsize|p1|6\n|teamsize|p2|6\n|gen|9\n|tier|[Gen 9] OU\n|rated|\n|rule|Sleep Clause Mod: Limit one foe put to sleep\n|rule|Species Clause: Limit one of each Pok\u00e9mon\n|rule|OHKO Clause: OHKO moves are banned\n|rule|Evasion Items Clause: Evasion items are banned\n|rule|Evasion Moves Clause: Evasion moves are banned\n|rule|Endless Battle Clause: Forcing endless battles is banned\n|rule|HP Percentage Mod: HP is shown in percentages\n|clearpoke\n|poke|p1|Great Tusk|\n|poke|p1|Hatterene, F|\n|poke|p1|Dondozo, F|\n|poke|p1|Mandibuzz, F|\n|poke|p1|Heatran, F|\n|poke|p1|Dragapult, M|\n|poke|p2|Okidogi, M|\n|poke|p2|Clefable, F|\n|poke|p2|Great Tusk|\n|poke|p2|Grimmsnarl, M|\n|poke|p2|Sinistcha-Masterpiece|\n|poke|p2|Ceruledge, M|\n|teampreview\n|inactive|Battle timer is ON: inactive players will automatically lose when time's up. (requested by Z-pokemaster2000)\n|inactive|wooloo supremacy also wants the timer to be on.\n|inactive|Z-pokemaster2000 has 120 seconds left.\n|\n|t:|1700366779\n|start\n|switch|p1a: Heatran|Heatran, F|100\/100\n|switch|p2a: Okidogi|Okidogi, M|100\/100\n|turn|1\n|\n|t:|1700366791\n|move|p1a: Heatran|Protect|p1a: Heatran\n|-singleturn|p1a: Heatran|Protect\n|move|p2a: Okidogi|Drain Punch|p1a: Heatran\n|-activate|p1a: Heatran|move: Protect\n|\n|upkeep\n|turn|2\n|\n|t:|1700366794\n|switch|p1a: Dragapult|Dragapult, M|100\/100\n|move|p2a: Okidogi|Knock Off|p1a: Dragapult\n|-supereffective|p1a: Dragapult\n|-damage|p1a: Dragapult|5\/100\n|-enditem|p1a: Dragapult|Choice Specs|[from] move: Knock Off|[of] p2a: Okidogi\n|\n|upkeep\n|turn|3\n|\n|t:|1700366804\n|move|p1a: Dragapult|U-turn|p2a: Okidogi\n|-resisted|p2a: Okidogi\n|-damage|p2a: Okidogi|97\/100\n|\n|t:|1700366808\n|switch|p1a: Heatran|Heatran, F|100\/100|[from] U-turn\n|move|p2a: Okidogi|Knock Off|p1a: Heatran\n|-damage|p1a: Heatran|69\/100\n|-status|p2a: Okidogi|brn|[from] ability: Flame Body|[of] p1a: Heatran\n|-enditem|p1a: Heatran|Leftovers|[from] move: Knock Off|[of] p2a: Okidogi\n|\n|-damage|p2a: Okidogi|91\/100 brn|[from] brn\n|upkeep\n|turn|4\n|\n|t:|1700366816\n|switch|p1a: Dragapult|Dragapult, M|5\/100\n|move|p2a: Okidogi|Drain Punch|p1a: Dragapult\n|-immune|p1a: Dragapult\n|\n|-damage|p2a: Okidogi|85\/100 brn|[from] brn\n|upkeep\n|turn|5\n|\n|t:|1700366819\n|move|p1a: Dragapult|Draco Meteor|p2a: Okidogi\n|-damage|p2a: Okidogi|42\/100 brn\n|-unboost|p1a: Dragapult|spa|2\n|move|p2a: Okidogi|Knock Off|p1a: Dragapult\n|-supereffective|p1a: Dragapult\n|-damage|p1a: Dragapult|0 fnt\n|faint|p1a: Dragapult\n|\n|-damage|p2a: Okidogi|35\/100 brn|[from] brn\n|upkeep\n|\n|t:|1700366832\n|switch|p1a: Great Tusk|Great Tusk|100\/100\n|turn|6\n|\n|t:|1700366836\n|move|p1a: Great Tusk|Headlong Rush|p2a: Okidogi\n|-supereffective|p2a: Okidogi\n|-damage|p2a: Okidogi|0 fnt\n|-unboost|p1a: Great Tusk|def|1\n|-unboost|p1a: Great Tusk|spd|1\n|faint|p2a: Okidogi\n|\n|upkeep\n|\n|t:|1700366842\n|switch|p2a: Grimmsnarl|Grimmsnarl, M, shiny|100\/100\n|turn|7\n|\n|t:|1700366860\n|-end|p1a: Great Tusk|Protosynthesis|[silent]\n|switch|p1a: Heatran|Heatran, F|69\/100\n|move|p2a: Grimmsnarl|Reflect|p2a: Grimmsnarl\n|-sidestart|p2: Z-pokemaster2000|Reflect\n|\n|upkeep\n|turn|8\n|\n|t:|1700366863\n|move|p2a: Grimmsnarl|Light Screen|p2a: Grimmsnarl\n|-sidestart|p2: Z-pokemaster2000|move: Light Screen\n|move|p1a: Heatran|Magma Storm|p2a: Grimmsnarl\n|-damage|p2a: Grimmsnarl|81\/100\n|-activate|p2a: Grimmsnarl|move: Magma Storm|[of] p1a: Heatran\n|\n|-damage|p2a: Grimmsnarl|69\/100|[from] move: Magma Storm|[partiallytrapped]\n|upkeep\n|turn|9\n|\n|t:|1700366866\n|move|p1a: Heatran|Protect|p1a: Heatran\n|-singleturn|p1a: Heatran|Protect\n|move|p2a: Grimmsnarl|Parting Shot|p1a: Heatran\n|-activate|p1a: Heatran|move: Protect\n|\n|-damage|p2a: Grimmsnarl|57\/100|[from] move: Magma Storm|[partiallytrapped]\n|upkeep\n|turn|10\n|\n|t:|1700366869\n|switch|p1a: Mandibuzz|Mandibuzz, F|100\/100\n|move|p2a: Grimmsnarl|Parting Shot|p1a: Mandibuzz\n|-hint|Since gen 7, Dark is immune to Prankster moves.\n|-immune|p1a: Mandibuzz\n|\n|-end|p2a: Grimmsnarl|Magma Storm|[partiallytrapped]|[silent]\n|upkeep\n|turn|11\n|\n|t:|1700366875\n|switch|p2a: Great Tusk|Great Tusk|100\/100\n|move|p1a: Mandibuzz|Defog|p2a: Great Tusk\n|-unboost|p2a: Great Tusk|evasion|1\n|-sideend|p2: Z-pokemaster2000|Reflect\n|-sideend|p2: Z-pokemaster2000|move: Light Screen\n|\n|upkeep\n|turn|12\n|\n|t:|1700366879\n|move|p2a: Great Tusk|Knock Off|p1a: Mandibuzz\n|-resisted|p1a: Mandibuzz\n|-damage|p1a: Mandibuzz|92\/100\n|-enditem|p1a: Mandibuzz|Heavy-Duty Boots|[from] move: Knock Off|[of] p2a: Great Tusk\n|move|p1a: Mandibuzz|U-turn|p2a: Great Tusk\n|-resisted|p2a: Great Tusk\n|-damage|p2a: Great Tusk|96\/100\n|\n|t:|1700366881\n|switch|p1a: Hatterene|Hatterene, F|100\/100|[from] U-turn\n|\n|-heal|p2a: Great Tusk|100\/100|[from] item: Leftovers\n|upkeep\n|turn|13\n|\n|t:|1700366886\n|-end|p2a: Great Tusk|Protosynthesis|[silent]\n|switch|p2a: Ceruledge|Ceruledge, M|100\/100\n|move|p1a: Hatterene|Draining Kiss|p2a: Ceruledge\n|-resisted|p2a: Ceruledge\n|-damage|p2a: Ceruledge|90\/100\n|\n|-heal|p2a: Ceruledge|96\/100|[from] item: Leftovers\n|upkeep\n|turn|14\n|\n|t:|1700366895\n|switch|p1a: Mandibuzz|Mandibuzz, F|92\/100\n|move|p2a: Ceruledge|Swords Dance|p2a: Ceruledge\n|-boost|p2a: Ceruledge|atk|2\n|\n|-heal|p2a: Ceruledge|100\/100|[from] item: Leftovers\n|upkeep\n|turn|15\n|\n|t:|1700366899\n|move|p2a: Ceruledge|Bitter Blade|p1a: Mandibuzz\n|-damage|p1a: Mandibuzz|46\/100\n|move|p1a: Mandibuzz|Foul Play|p2a: Ceruledge\n|-supereffective|p2a: Ceruledge\n|-damage|p2a: Ceruledge|0 fnt\n|faint|p2a: Ceruledge\n|\n|upkeep\n|j| Roshino\n|\n|t:|1700366905\n|switch|p2a: Great Tusk|Great Tusk|100\/100\n|turn|16\n|\n|t:|1700366907\n|move|p2a: Great Tusk|Close Combat|p1a: Mandibuzz\n|-damage|p1a: Mandibuzz|12\/100\n|-unboost|p2a: Great Tusk|def|1\n|-unboost|p2a: Great Tusk|spd|1\n|move|p1a: Mandibuzz|Roost|p1a: Mandibuzz\n|-heal|p1a: Mandibuzz|62\/100\n|-singleturn|p1a: Mandibuzz|move: Roost\n|\n|upkeep\n|turn|17\n|\n|t:|1700366921\n|move|p2a: Great Tusk|Close Combat|p1a: Mandibuzz\n|-damage|p1a: Mandibuzz|28\/100\n|-unboost|p2a: Great Tusk|def|1\n|-unboost|p2a: Great Tusk|spd|1\n|move|p1a: Mandibuzz|Roost|p1a: Mandibuzz\n|-heal|p1a: Mandibuzz|78\/100\n|-singleturn|p1a: Mandibuzz|move: Roost\n|\n|upkeep\n|turn|18\n|\n|t:|1700366925\n|move|p2a: Great Tusk|Close Combat|p1a: Mandibuzz\n|-damage|p1a: Mandibuzz|46\/100\n|-unboost|p2a: Great Tusk|def|1\n|-unboost|p2a: Great Tusk|spd|1\n|move|p1a: Mandibuzz|Foul Play|p2a: Great Tusk\n|-resisted|p2a: Great Tusk\n|-damage|p2a: Great Tusk|59\/100\n|\n|-heal|p2a: Great Tusk|65\/100|[from] item: Leftovers\n|upkeep\n|turn|19\n|\n|t:|1700366931\n|move|p2a: Great Tusk|Close Combat|p1a: Mandibuzz\n|-damage|p1a: Mandibuzz|9\/100\n|-unboost|p2a: Great Tusk|def|1\n|-unboost|p2a: Great Tusk|spd|1\n|move|p1a: Mandibuzz|Roost|p1a: Mandibuzz\n|-heal|p1a: Mandibuzz|59\/100\n|-singleturn|p1a: Mandibuzz|move: Roost\n|\n|-heal|p2a: Great Tusk|71\/100|[from] item: Leftovers\n|upkeep\n|turn|20\n|\n|t:|1700366934\n|move|p2a: Great Tusk|Close Combat|p1a: Mandibuzz\n|-damage|p1a: Mandibuzz|24\/100\n|-unboost|p2a: Great Tusk|def|1\n|-unboost|p2a: Great Tusk|spd|1\n|move|p1a: Mandibuzz|Roost|p1a: Mandibuzz\n|-heal|p1a: Mandibuzz|74\/100\n|-singleturn|p1a: Mandibuzz|move: Roost\n|\n|-heal|p2a: Great Tusk|78\/100|[from] item: Leftovers\n|upkeep\n|turn|21\n|\n|t:|1700366947\n|move|p2a: Great Tusk|Close Combat|p1a: Mandibuzz\n|-damage|p1a: Mandibuzz|38\/100\n|-unboost|p2a: Great Tusk|def|1\n|-unboost|p2a: Great Tusk|spd|1\n|move|p1a: Mandibuzz|Foul Play|p2a: Great Tusk\n|-resisted|p2a: Great Tusk\n|-damage|p2a: Great Tusk|14\/100\n|\n|-heal|p2a: Great Tusk|21\/100|[from] item: Leftovers\n|upkeep\n|turn|22\n|\n|t:|1700366951\n|move|p2a: Great Tusk|Close Combat|p1a: Mandibuzz\n|-damage|p1a: Mandibuzz|5\/100\n|move|p1a: Mandibuzz|Roost|p1a: Mandibuzz\n|-heal|p1a: Mandibuzz|55\/100\n|-singleturn|p1a: Mandibuzz|move: Roost\n|\n|-heal|p2a: Great Tusk|27\/100|[from] item: Leftovers\n|upkeep\n|turn|23\n|\n|t:|1700366956\n|move|p2a: Great Tusk|Close Combat|p1a: Mandibuzz\n|-damage|p1a: Mandibuzz|20\/100\n|move|p1a: Mandibuzz|Roost|p1a: Mandibuzz\n|-heal|p1a: Mandibuzz|70\/100\n|-singleturn|p1a: Mandibuzz|move: Roost\n|\n|-heal|p2a: Great Tusk|33\/100|[from] item: Leftovers\n|upkeep\n|turn|24\n|\n|t:|1700366964\n|-end|p2a: Great Tusk|Protosynthesis|[silent]\n|switch|p2a: Grimmsnarl|Grimmsnarl, M, shiny|57\/100\n|move|p1a: Mandibuzz|Foul Play|p2a: Grimmsnarl\n|-resisted|p2a: Grimmsnarl\n|-damage|p2a: Grimmsnarl|49\/100\n|\n|upkeep\n|turn|25\n|\n|t:|1700366969\n|switch|p2a: Great Tusk|Great Tusk|33\/100\n|move|p1a: Mandibuzz|U-turn|p2a: Great Tusk\n|-resisted|p2a: Great Tusk\n|-damage|p2a: Great Tusk|29\/100\n|\n|t:|1700366972\n|switch|p1a: Great Tusk|Great Tusk|100\/100|[from] U-turn\n|\n|-heal|p2a: Great Tusk|35\/100|[from] item: Leftovers\n|upkeep\n|turn|26\n|\n|t:|1700366977\n|-end|p2a: Great Tusk|Protosynthesis|[silent]\n|switch|p2a: Sinistcha|Sinistcha-Masterpiece|100\/100\n|move|p1a: Great Tusk|Headlong Rush|p2a: Sinistcha\n|-resisted|p2a: Sinistcha\n|-crit|p2a: Sinistcha\n|-damage|p2a: Sinistcha|53\/100\n|-unboost|p1a: Great Tusk|def|1\n|-unboost|p1a: Great Tusk|spd|1\n|-enditem|p2a: Sinistcha|Kee Berry|[eat]\n|-boost|p2a: Sinistcha|def|1|[from] item: Kee Berry\n|\n|upkeep\n|turn|27\n|\n|t:|1700366983\n|-end|p1a: Great Tusk|Protosynthesis|[silent]\n|switch|p1a: Heatran|Heatran, F|69\/100\n|move|p2a: Sinistcha|Matcha Gotcha|p1a: Heatran\n|-resisted|p1a: Heatran\n|-damage|p1a: Heatran|64\/100\n|-heal|p2a: Sinistcha|56\/100|[from] drain|[of] p1a: Heatran\n|\n|upkeep\n|turn|28\n|\n|t:|1700366987\n|move|p1a: Heatran|Taunt|p2a: Sinistcha\n|-start|p2a: Sinistcha|move: Taunt\n|move|p2a: Sinistcha|Scald|p1a: Heatran\n|-supereffective|p1a: Heatran\n|-damage|p1a: Heatran|36\/100\n|\n|upkeep\n|turn|29\n|\n|t:|1700366990\n|move|p1a: Heatran|Magma Storm|p2a: Sinistcha|[miss]\n|-miss|p1a: Heatran|p2a: Sinistcha\n|move|p2a: Sinistcha|Scald|p1a: Heatran\n|-supereffective|p1a: Heatran\n|-damage|p1a: Heatran|6\/100\n|\n|upkeep\n|turn|30\n|\n|t:|1700366995\n|move|p1a: Heatran|Magma Storm|p2a: Sinistcha\n|-supereffective|p2a: Sinistcha\n|-damage|p2a: Sinistcha|5\/100\n|-activate|p2a: Sinistcha|move: Magma Storm|[of] p1a: Heatran\n|move|p2a: Sinistcha|Scald|p1a: Heatran\n|-supereffective|p1a: Heatran\n|-damage|p1a: Heatran|0 fnt\n|faint|p1a: Heatran\n|\n|-end|p2a: Sinistcha|Magma Storm|[partiallytrapped]|[silent]\n|-end|p2a: Sinistcha|move: Taunt\n|upkeep\n|\n|t:|1700367003\n|switch|p1a: Great Tusk|Great Tusk|100\/100\n|turn|31\n|\n|t:|1700367006\n|move|p1a: Great Tusk|Headlong Rush|p2a: Sinistcha\n|-resisted|p2a: Sinistcha\n|-damage|p2a: Sinistcha|0 fnt\n|-unboost|p1a: Great Tusk|def|1\n|-unboost|p1a: Great Tusk|spd|1\n|faint|p2a: Sinistcha\n|\n|upkeep\n|\n|t:|1700367017\n|switch|p2a: Luna|Clefable, F, shiny|100\/100\n|turn|32\n|\n|t:|1700367019\n|-terastallize|p1a: Great Tusk|Steel\n|move|p1a: Great Tusk|Headlong Rush|p2a: Luna\n|-damage|p2a: Luna|16\/100\n|-unboost|p1a: Great Tusk|def|1\n|-unboost|p1a: Great Tusk|spd|1\n|move|p2a: Luna|Cosmic Power|p2a: Luna\n|-boost|p2a: Luna|def|1\n|-boost|p2a: Luna|spd|1\n|\n|-heal|p2a: Luna|22\/100|[from] item: Leftovers\n|upkeep\n|turn|33\n|-message|Z-pokemaster2000 forfeited.\n|\n|win|wooloo supremacy\n|raw|wooloo supremacy's rating: 1690 &rarr; <strong>1709<\/strong><br \/>(+19 for winning)\n|raw|Z-pokemaster2000's rating: 1672 &rarr; <strong>1653<\/strong><br \/>(-19 for losing)\n|l|\u2606Z-pokemaster2000\n","uploadtime":1700367032,"views":12,"p1id":"wooloosupremacy","p2id":"zpokemaster2000","formatid":"gen9ou","rating":1653,"private":0,"password":""}