{"id":"gen9ou-1990870017","p1":"Cambrian James","p2":"Luckibreak","format":"[Gen 9] OU","log":"|j|\u2606Cambrian James\n|j|\u2606Luckibreak\n|t:|1700009608\n|gametype|singles\n|player|p1|Cambrian James|bugcatcher-gen4dp|1137\n|player|p2|Luckibreak|2|1224\n|teamsize|p1|6\n|teamsize|p2|6\n|gen|9\n|tier|[Gen 9] OU\n|rated|\n|rule|Sleep Clause Mod: Limit one foe put to sleep\n|rule|Species Clause: Limit one of each Pok\u00e9mon\n|rule|OHKO Clause: OHKO moves are banned\n|rule|Evasion Items Clause: Evasion items are banned\n|rule|Evasion Moves Clause: Evasion moves are banned\n|rule|Endless Battle Clause: Forcing endless battles is banned\n|rule|HP Percentage Mod: HP is shown in percentages\n|clearpoke\n|poke|p1|Samurott-Hisui, F|\n|poke|p1|Gholdengo|\n|poke|p1|Great Tusk|\n|poke|p1|Manaphy|\n|poke|p1|Dragonite, F|\n|poke|p1|Kingambit, F|\n|poke|p2|Dragapult, F|\n|poke|p2|Gholdengo|\n|poke|p2|Iron Valiant|\n|poke|p2|Manaphy|\n|poke|p2|Glimmora, F|\n|poke|p2|Ninetales-Alola, M|\n|teampreview\n|inactive|Battle timer is ON: inactive players will automatically lose when time's up. (requested by Luckibreak)\n|\n|t:|1700009612\n|start\n|switch|p1a: Samurott|Samurott-Hisui, F|100\/100\n|switch|p2a: Glimmora|Glimmora, F|100\/100\n|turn|1\n|c|\u2606Cambrian James|glhf!\n|\n|t:|1700009627\n|move|p2a: Glimmora|Energy Ball|p1a: Samurott\n|-supereffective|p1a: Samurott\n|-enditem|p1a: Samurott|Focus Sash\n|-damage|p1a: Samurott|1\/100\n|-unboost|p1a: Samurott|spd|1\n|move|p1a: Samurott|Surf|p2a: Glimmora\n|-supereffective|p2a: Glimmora\n|-damage|p2a: Glimmora|18\/100\n|\n|upkeep\n|turn|2\n|\n|t:|1700009650\n|move|p1a: Samurott|Aqua Jet|p2a: Glimmora\n|-supereffective|p2a: Glimmora\n|-damage|p2a: Glimmora|0 fnt\n|-activate|p2a: Glimmora|ability: Toxic Debris\n|-sidestart|p1: Cambrian James|move: Toxic Spikes\n|faint|p2a: Glimmora\n|\n|upkeep\n|\n|t:|1700009653\n|switch|p2a: Ninetales|Ninetales-Alola, M|100\/100\n|-weather|Snow|[from] ability: Snow Warning|[of] p2a: Ninetales\n|turn|3\n|\n|t:|1700009659\n|move|p2a: Ninetales|Aurora Veil|p2a: Ninetales\n|-sidestart|p2: Luckibreak|move: Aurora Veil\n|move|p1a: Samurott|Ceaseless Edge|p2a: Ninetales\n|-resisted|p2a: Ninetales\n|-damage|p2a: Ninetales|92\/100\n|-sidestart|p2: Luckibreak|Spikes\n|\n|-weather|Snow|[upkeep]\n|upkeep\n|turn|4\n|\n|t:|1700009669\n|move|p2a: Ninetales|Moonblast|p1a: Samurott\n|-supereffective|p1a: Samurott\n|-damage|p1a: Samurott|0 fnt\n|faint|p1a: Samurott\n|\n|-weather|Snow|[upkeep]\n|upkeep\n|\n|t:|1700009678\n|switch|p1a: Gholdengo|Gholdengo|100\/100\n|-item|p1a: Gholdengo|Air Balloon\n|turn|5\n|\n|t:|1700009682\n|switch|p2a: Manaphy|Manaphy|100\/100\n|-damage|p2a: Manaphy|88\/100|[from] Spikes\n|move|p1a: Gholdengo|Nasty Plot|p1a: Gholdengo\n|-boost|p1a: Gholdengo|spa|2\n|\n|-weather|Snow|[upkeep]\n|-heal|p2a: Manaphy|94\/100|[from] item: Leftovers\n|upkeep\n|turn|6\n|\n|t:|1700009692\n|move|p1a: Gholdengo|Shadow Ball|p2a: Manaphy\n|-damage|p2a: Manaphy|61\/100\n|move|p2a: Manaphy|Take Heart|p2a: Manaphy\n|-boost|p2a: Manaphy|spa|1\n|-boost|p2a: Manaphy|spd|1\n|\n|-weather|Snow|[upkeep]\n|-heal|p2a: Manaphy|67\/100|[from] item: Leftovers\n|upkeep\n|turn|7\n|\n|t:|1700009703\n|move|p1a: Gholdengo|Nasty Plot|p1a: Gholdengo\n|-boost|p1a: Gholdengo|spa|2\n|move|p2a: Manaphy|Take Heart|p2a: Manaphy\n|-boost|p2a: Manaphy|spa|1\n|-boost|p2a: Manaphy|spd|1\n|\n|-weather|none\n|-heal|p2a: Manaphy|73\/100|[from] item: Leftovers\n|upkeep\n|turn|8\n|\n|t:|1700009720\n|move|p1a: Gholdengo|Make It Rain|p2a: Manaphy\n|-resisted|p2a: Manaphy\n|-damage|p2a: Manaphy|52\/100\n|-unboost|p1a: Gholdengo|spa|1\n|move|p2a: Manaphy|Take Heart|p2a: Manaphy\n|-boost|p2a: Manaphy|spa|1\n|-boost|p2a: Manaphy|spd|1\n|\n|-heal|p2a: Manaphy|58\/100|[from] item: Leftovers\n|upkeep\n|turn|9\n|\n|t:|1700009739\n|move|p1a: Gholdengo|Shadow Ball|p2a: Manaphy\n|-damage|p2a: Manaphy|42\/100\n|move|p2a: Manaphy|Acid Armor|p2a: Manaphy\n|-boost|p2a: Manaphy|def|2\n|\n|-heal|p2a: Manaphy|48\/100|[from] item: Leftovers\n|upkeep\n|turn|10\n|\n|t:|1700009750\n|move|p1a: Gholdengo|Shadow Ball|p2a: Manaphy\n|-damage|p2a: Manaphy|29\/100\n|move|p2a: Manaphy|Take Heart|p2a: Manaphy\n|-boost|p2a: Manaphy|spa|1\n|-boost|p2a: Manaphy|spd|1\n|\n|-heal|p2a: Manaphy|35\/100|[from] item: Leftovers\n|-sideend|p2: Luckibreak|move: Aurora Veil\n|upkeep\n|turn|11\n|\n|t:|1700009758\n|move|p1a: Gholdengo|Shadow Ball|p2a: Manaphy\n|-damage|p2a: Manaphy|6\/100\n|move|p2a: Manaphy|Stored Power|p1a: Gholdengo\n|-resisted|p1a: Gholdengo\n|-damage|p1a: Gholdengo|14\/100\n|-enditem|p1a: Gholdengo|Air Balloon\n|\n|-heal|p2a: Manaphy|12\/100|[from] item: Leftovers\n|upkeep\n|turn|12\n|inactive|Luckibreak has 120 seconds left.\n|\n|t:|1700009789\n|switch|p2a: Ninetales|Ninetales-Alola, M|92\/100\n|-damage|p2a: Ninetales|79\/100|[from] Spikes\n|-weather|Snow|[from] ability: Snow Warning|[of] p2a: Ninetales\n|move|p1a: Gholdengo|Make It Rain|p2a: Ninetales\n|-supereffective|p2a: Ninetales\n|-damage|p2a: Ninetales|0 fnt\n|-unboost|p1a: Gholdengo|spa|1\n|faint|p2a: Ninetales\n|\n|-weather|Snow|[upkeep]\n|upkeep\n|\n|t:|1700009804\n|switch|p2a: Dragapult|Dragapult, F|100\/100\n|-damage|p2a: Dragapult|88\/100|[from] Spikes\n|turn|13\n|\n|t:|1700009814\n|move|p2a: Dragapult|Dragon Darts|p1a: Gholdengo\n|-resisted|p1a: Gholdengo\n|-damage|p1a: Gholdengo|0 fnt\n|faint|p1a: Gholdengo\n|\n|-weather|Snow|[upkeep]\n|-heal|p2a: Dragapult|94\/100|[from] item: Leftovers\n|upkeep\n|\n|t:|1700009820\n|switch|p1a: Dragonite|Dragonite, F|100\/100\n|turn|14\n|inactive|Luckibreak has 120 seconds left.\n|\n|t:|1700009840\n|switch|p2a: Iron Valiant|Iron Valiant|100\/100\n|-damage|p2a: Iron Valiant|88\/100|[from] Spikes\n|-enditem|p2a: Iron Valiant|Booster Energy\n|-activate|p2a: Iron Valiant|ability: Quark Drive|[fromitem]\n|-start|p2a: Iron Valiant|quarkdrivespe\n|-terastallize|p1a: Dragonite|Normal\n|move|p1a: Dragonite|Dragon Dance|p1a: Dragonite\n|-boost|p1a: Dragonite|atk|1\n|-boost|p1a: Dragonite|spe|1\n|\n|-weather|Snow|[upkeep]\n|upkeep\n|turn|15\n|inactive|Luckibreak has 120 seconds left.\n|\n|t:|1700009853\n|move|p1a: Dragonite|Extreme Speed|p2a: Iron Valiant\n|-damage|p2a: Iron Valiant|3\/100\n|move|p2a: Iron Valiant|Close Combat|p1a: Dragonite\n|-supereffective|p1a: Dragonite\n|-damage|p1a: Dragonite|41\/100\n|-unboost|p2a: Iron Valiant|def|1\n|-unboost|p2a: Iron Valiant|spd|1\n|\n|-weather|Snow|[upkeep]\n|upkeep\n|turn|16\n|inactive|Luckibreak has 120 seconds left.\n|\n|t:|1700009863\n|-end|p2a: Iron Valiant|Quark Drive|[silent]\n|switch|p2a: Dragapult|Dragapult, F|94\/100\n|-damage|p2a: Dragapult|82\/100|[from] Spikes\n|move|p1a: Dragonite|Fire Punch|p2a: Dragapult\n|-resisted|p2a: Dragapult\n|-damage|p2a: Dragapult|57\/100\n|\n|-weather|none\n|-heal|p2a: Dragapult|63\/100|[from] item: Leftovers\n|upkeep\n|turn|17\n|\n|t:|1700009872\n|-terastallize|p2a: Dragapult|Dragon\n|move|p1a: Dragonite|Dragon Claw|p2a: Dragapult\n|-supereffective|p2a: Dragapult\n|-damage|p2a: Dragapult|0 fnt\n|faint|p2a: Dragapult\n|\n|upkeep\n|\n|t:|1700009878\n|switch|p2a: Gholdengo|Gholdengo|100\/100\n|-item|p2a: Gholdengo|Air Balloon\n|turn|18\n|\n|t:|1700009883\n|move|p1a: Dragonite|Fire Punch|p2a: Gholdengo\n|-supereffective|p2a: Gholdengo\n|-damage|p2a: Gholdengo|15\/100\n|-enditem|p2a: Gholdengo|Air Balloon\n|move|p2a: Gholdengo|Make It Rain|p1a: Dragonite\n|-damage|p1a: Dragonite|0 fnt\n|-unboost|p2a: Gholdengo|spa|1\n|faint|p1a: Dragonite\n|\n|upkeep\n|\n|t:|1700009898\n|switch|p1a: Great Tusk|Great Tusk|100\/100\n|turn|19\n|\n|t:|1700009907\n|move|p1a: Great Tusk|Knock Off|p2a: Gholdengo\n|-supereffective|p2a: Gholdengo\n|-damage|p2a: Gholdengo|0 fnt\n|faint|p2a: Gholdengo\n|\n|upkeep\n|\n|t:|1700009910\n|switch|p2a: Manaphy|Manaphy|12\/100\n|-damage|p2a: Manaphy|0 fnt|[from] Spikes\n|faint|p2a: Manaphy\n|\n|t:|1700009911\n|switch|p2a: Iron Valiant|Iron Valiant|3\/100\n|-damage|p2a: Iron Valiant|0 fnt|[from] Spikes\n|faint|p2a: Iron Valiant\n|-end|p2a: Iron Valiant|Quark Drive|[silent]\n|\n|win|Cambrian James\n|raw|Cambrian James's rating: 1137 &rarr; <strong>1168<\/strong><br \/>(+31 for winning)\n|raw|Luckibreak's rating: 1224 &rarr; <strong>1193<\/strong><br \/>(-31 for losing)\n|l|\u2606Luckibreak\n|c|\u2606Cambrian James|gg\n|j| pokegirl457\n","uploadtime":1700009922,"views":15,"p1id":"cambrianjames","p2id":"luckibreak","formatid":"gen9ou","rating":1168,"private":0,"password":""}