{"id":"gen9ou-1988415896","p1":"Pokeman208115","p2":"Oeggamiom","format":"[Gen 9] OU","log":"|j|\u2606Pokeman208115\n|j|\u2606Oeggamiom\n|t:|1699720523\n|gametype|singles\n|player|p1|Pokeman208115|red|1164\n|player|p2|Oeggamiom|xerosic|1124\n|teamsize|p1|6\n|teamsize|p2|6\n|gen|9\n|tier|[Gen 9] OU\n|rated|\n|rule|Sleep Clause Mod: Limit one foe put to sleep\n|rule|Species Clause: Limit one of each Pok\u00e9mon\n|rule|OHKO Clause: OHKO moves are banned\n|rule|Evasion Items Clause: Evasion items are banned\n|rule|Evasion Moves Clause: Evasion moves are banned\n|rule|Endless Battle Clause: Forcing endless battles is banned\n|rule|HP Percentage Mod: HP is shown in percentages\n|clearpoke\n|poke|p1|Grafaiai, M|\n|poke|p1|Ribombee, F|\n|poke|p1|Great Tusk|\n|poke|p1|Gholdengo|\n|poke|p1|Goodra-Hisui, F|\n|poke|p1|Iron Moth|\n|poke|p2|Tyranitar, F|\n|poke|p2|Palossand, F|\n|poke|p2|Cyclizar, F|\n|poke|p2|Garchomp, F|\n|poke|p2|Gliscor, F|\n|poke|p2|Houndstone, F|\n|teampreview\n|\n|t:|1699720528\n|start\n|switch|p1a: Grafaiai|Grafaiai, M|100\/100\n|switch|p2a: bastio Don|Tyranitar, F, shiny|100\/100\n|-weather|Sandstorm|[from] ability: Sand Stream|[of] p2a: bastio Don\n|turn|1\n|\n|t:|1699720539\n|switch|p1a: Great Tusk|Great Tusk|100\/100\n|-terastallize|p2a: bastio Don|Rock\n|move|p2a: bastio Don|Stone Edge|p1a: Great Tusk|[miss]\n|-miss|p2a: bastio Don|p1a: Great Tusk\n|\n|-weather|Sandstorm|[upkeep]\n|upkeep\n|turn|2\n|\n|t:|1699720547\n|switch|p2a: Mytey|Gliscor, F, shiny|100\/100\n|move|p1a: Great Tusk|Knock Off|p2a: Mytey\n|-damage|p2a: Mytey|80\/100\n|-enditem|p2a: Mytey|Toxic Orb|[from] move: Knock Off|[of] p1a: Great Tusk\n|\n|-weather|Sandstorm|[upkeep]\n|upkeep\n|turn|3\n|\n|t:|1699720557\n|-end|p1a: Great Tusk|Protosynthesis|[silent]\n|switch|p1a: Goodra|Goodra-Hisui, F|100\/100\n|move|p2a: Mytey|Acrobatics|p1a: Goodra\n|-resisted|p1a: Goodra\n|-damage|p1a: Goodra|82\/100\n|\n|-weather|Sandstorm|[upkeep]\n|upkeep\n|turn|4\n|\n|t:|1699720566\n|move|p2a: Mytey|Earthquake|p1a: Goodra\n|-supereffective|p1a: Goodra\n|-damage|p1a: Goodra|16\/100\n|move|p1a: Goodra|Flash Cannon|p2a: Mytey\n|-damage|p2a: Mytey|36\/100\n|\n|-weather|Sandstorm|[upkeep]\n|upkeep\n|turn|5\n|\n|t:|1699720575\n|move|p2a: Mytey|Earthquake|p1a: Goodra\n|-supereffective|p1a: Goodra\n|-damage|p1a: Goodra|0 fnt\n|faint|p1a: Goodra\n|\n|-weather|Sandstorm|[upkeep]\n|upkeep\n|\n|t:|1699720576\n|switch|p1a: Ribombee|Ribombee, F|100\/100\n|turn|6\n|\n|t:|1699720586\n|move|p1a: Ribombee|Sticky Web|p2a: Mytey\n|-sidestart|p2: Oeggamiom|move: Sticky Web\n|move|p2a: Mytey|Acrobatics|p1a: Ribombee\n|-supereffective|p1a: Ribombee\n|-enditem|p1a: Ribombee|Focus Sash\n|-damage|p1a: Ribombee|1\/100\n|\n|-weather|Sandstorm|[upkeep]\n|-damage|p1a: Ribombee|0 fnt|[from] Sandstorm\n|faint|p1a: Ribombee\n|upkeep\n|\n|t:|1699720597\n|switch|p1a: Iron Moth|Iron Moth|100\/100\n|-enditem|p1a: Iron Moth|Booster Energy\n|-activate|p1a: Iron Moth|ability: Quark Drive|[fromitem]\n|-start|p1a: Iron Moth|quarkdrivespa\n|turn|7\n|\n|t:|1699720602\n|move|p1a: Iron Moth|Fiery Dance|p2a: Mytey\n|-damage|p2a: Mytey|0 fnt\n|-boost|p1a: Iron Moth|spa|1\n|faint|p2a: Mytey\n|\n|-weather|Sandstorm|[upkeep]\n|-damage|p1a: Iron Moth|95\/100|[from] Sandstorm\n|upkeep\n|\n|t:|1699720613\n|switch|p2a: bastio Don|Tyranitar, F, shiny, tera:Rock|100\/100\n|-activate|p2a: bastio Don|move: Sticky Web\n|-unboost|p2a: bastio Don|spe|1\n|turn|8\n|\n|t:|1699720622\n|-terastallize|p1a: Iron Moth|Water\n|move|p1a: Iron Moth|Energy Ball|p2a: bastio Don\n|-supereffective|p2a: bastio Don\n|-damage|p2a: bastio Don|31\/100\n|move|p2a: bastio Don|Stone Edge|p1a: Iron Moth\n|-damage|p1a: Iron Moth|0 fnt\n|faint|p1a: Iron Moth\n|-end|p1a: Iron Moth|Quark Drive|[silent]\n|\n|-weather|none\n|upkeep\n|\n|t:|1699720632\n|switch|p1a: Great Tusk|Great Tusk|100\/100\n|turn|9\n|\n|t:|1699720640\n|switch|p2a: blod Totem|Palossand, F, shiny|100\/100\n|-activate|p2a: blod Totem|move: Sticky Web\n|-unboost|p2a: blod Totem|spe|1\n|move|p1a: Great Tusk|Rapid Spin|p2a: blod Totem\n|-immune|p2a: blod Totem\n|\n|upkeep\n|turn|10\n|\n|t:|1699720649\n|move|p1a: Great Tusk|Knock Off|p2a: blod Totem\n|-supereffective|p2a: blod Totem\n|-damage|p2a: blod Totem|57\/100\n|-enditem|p2a: blod Totem|Leftovers|[from] move: Knock Off|[of] p1a: Great Tusk\n|move|p2a: blod Totem|Stealth Rock|p1a: Great Tusk\n|-sidestart|p1: Pokeman208115|move: Stealth Rock\n|\n|upkeep\n|turn|11\n|\n|t:|1699720660\n|move|p1a: Great Tusk|Bulk Up|p1a: Great Tusk\n|-boost|p1a: Great Tusk|atk|1\n|-boost|p1a: Great Tusk|def|1\n|move|p2a: blod Totem|Shore Up|p2a: blod Totem\n|-heal|p2a: blod Totem|100\/100\n|\n|upkeep\n|turn|12\n|\n|t:|1699720668\n|move|p1a: Great Tusk|Bulk Up|p1a: Great Tusk\n|-boost|p1a: Great Tusk|atk|1\n|-boost|p1a: Great Tusk|def|1\n|move|p2a: blod Totem|Earth Power|p1a: Great Tusk\n|-damage|p1a: Great Tusk|46\/100\n|\n|-heal|p1a: Great Tusk|52\/100|[from] item: Leftovers\n|upkeep\n|turn|13\n|\n|t:|1699720677\n|move|p1a: Great Tusk|Earthquake|p2a: blod Totem\n|-damage|p2a: blod Totem|29\/100\n|move|p2a: blod Totem|Earth Power|p1a: Great Tusk\n|-damage|p1a: Great Tusk|0 fnt\n|faint|p1a: Great Tusk\n|-end|p1a: Great Tusk|Protosynthesis|[silent]\n|\n|upkeep\n|\n|t:|1699720680\n|switch|p1a: Grafaiai|Grafaiai, M|100\/100\n|-damage|p1a: Grafaiai|88\/100|[from] Stealth Rock\n|turn|14\n|\n|t:|1699720688\n|move|p1a: Grafaiai|Swagger|p2a: blod Totem\n|-boost|p2a: blod Totem|atk|2\n|-enditem|p1a: Grafaiai|Mirror Herb\n|-boost|p1a: Grafaiai|atk|2|[from] item: Mirror Herb\n|-start|p2a: blod Totem|confusion\n|-activate|p2a: blod Totem|confusion\n|-damage|p2a: blod Totem|19\/100|[from] confusion\n|\n|upkeep\n|turn|15\n|\n|t:|1699720693\n|move|p1a: Grafaiai|Knock Off|p2a: blod Totem\n|-supereffective|p2a: blod Totem\n|-damage|p2a: blod Totem|0 fnt\n|faint|p2a: blod Totem\n|\n|upkeep\n|\n|t:|1699720702\n|switch|p2a: Raidon|Cyclizar, F, shiny|100\/100\n|-activate|p2a: Raidon|move: Sticky Web\n|-unboost|p2a: Raidon|spe|1\n|turn|16\n|\n|t:|1699720710\n|move|p1a: Grafaiai|Knock Off|p2a: Raidon\n|-damage|p2a: Raidon|3\/100\n|-enditem|p2a: Raidon|Life Orb|[from] move: Knock Off|[of] p1a: Grafaiai\n|move|p2a: Raidon|Rapid Spin|p1a: Grafaiai\n|-damage|p1a: Grafaiai|50\/100\n|-boost|p2a: Raidon|spe|1\n|-sideend|p2: Oeggamiom|Sticky Web|[from] move: Rapid Spin|[of] p2a: Raidon\n|\n|upkeep\n|turn|17\n|\n|t:|1699720715\n|move|p1a: Grafaiai|Poison Jab|p2a: Raidon\n|-damage|p2a: Raidon|0 fnt\n|faint|p2a: Raidon\n|\n|upkeep\n|\n|t:|1699720719\n|switch|p2a: bastio Don|Tyranitar, F, shiny, tera:Rock|31\/100\n|-weather|Sandstorm|[from] ability: Sand Stream|[of] p2a: bastio Don\n|turn|18\n|\n|t:|1699720726\n|move|p1a: Grafaiai|Knock Off|p2a: bastio Don\n|-damage|p2a: bastio Don|0 fnt\n|-enditem|p2a: bastio Don|Smooth Rock|[from] move: Knock Off|[of] p1a: Grafaiai\n|faint|p2a: bastio Don\n|\n|-weather|Sandstorm|[upkeep]\n|-damage|p1a: Grafaiai|44\/100|[from] Sandstorm\n|upkeep\n|\n|t:|1699720740\n|switch|p2a: doge|Houndstone, F, shiny|100\/100\n|turn|19\n|\n|t:|1699720763\n|move|p1a: Grafaiai|Knock Off|p2a: doge\n|-supereffective|p2a: doge\n|-damage|p2a: doge|0 fnt\n|-enditem|p2a: doge|Wide Lens|[from] move: Knock Off|[of] p1a: Grafaiai\n|faint|p2a: doge\n|\n|-weather|Sandstorm|[upkeep]\n|-damage|p1a: Grafaiai|38\/100|[from] Sandstorm\n|upkeep\n|\n|t:|1699720773\n|switch|p2a: gachomp|Garchomp, F, shiny|100\/100\n|turn|20\n|\n|t:|1699720777\n|move|p1a: Grafaiai|Knock Off|p2a: gachomp\n|-damage|p2a: gachomp|59\/100\n|-damage|p1a: Grafaiai|26\/100|[from] ability: Rough Skin|[of] p2a: gachomp\n|-enditem|p2a: gachomp|Leftovers|[from] move: Knock Off|[of] p1a: Grafaiai\n|move|p2a: gachomp|Earthquake|p1a: Grafaiai\n|-supereffective|p1a: Grafaiai\n|-damage|p1a: Grafaiai|0 fnt\n|faint|p1a: Grafaiai\n|\n|-weather|Sandstorm|[upkeep]\n|upkeep\n|\n|t:|1699720784\n|switch|p1a: Gholdengo|Gholdengo|100\/100\n|-damage|p1a: Gholdengo|94\/100|[from] Stealth Rock\n|-item|p1a: Gholdengo|Air Balloon\n|turn|21\n|\n|t:|1699720793\n|move|p1a: Gholdengo|Shadow Ball|p2a: gachomp\n|-damage|p2a: gachomp|20\/100\n|move|p2a: gachomp|Dragon Tail|p1a: Gholdengo\n|-resisted|p1a: Gholdengo\n|-damage|p1a: Gholdengo|79\/100\n|-enditem|p1a: Gholdengo|Air Balloon\n|\n|-weather|Sandstorm|[upkeep]\n|upkeep\n|turn|22\n|c|\u2606Oeggamiom|<grdztudifyoguphio\n|-message|Oeggamiom forfeited.\n|\n|win|Pokeman208115\n|raw|Pokeman208115's rating: 1164 &rarr; <strong>1186<\/strong><br \/>(+22 for winning)\n|raw|Oeggamiom's rating: 1124 &rarr; <strong>1102<\/strong><br \/>(-22 for losing)\n|l|\u2606Oeggamiom\n","uploadtime":1699720811,"views":25,"p1id":"pokeman208115","p2id":"oeggamiom","formatid":"gen9ou","rating":1102,"private":0,"password":""}