{"id":"gen9ou-1992762759","p1":"Ghost_DZ","p2":"d18l","format":"[Gen 9] OU","log":"|j|\u2606Ghost_DZ\n|j|\u2606d18l\n|t:|1700233221\n|gametype|singles\n|player|p1|Ghost_DZ|turo|1603\n|player|p2|d18l|backpacker|1714\n|teamsize|p1|6\n|teamsize|p2|6\n|gen|9\n|tier|[Gen 9] OU\n|rated|\n|rule|Sleep Clause Mod: Limit one foe put to sleep\n|rule|Species Clause: Limit one of each Pok\u00e9mon\n|rule|OHKO Clause: OHKO moves are banned\n|rule|Evasion Items Clause: Evasion items are banned\n|rule|Evasion Moves Clause: Evasion moves are banned\n|rule|Endless Battle Clause: Forcing endless battles is banned\n|rule|HP Percentage Mod: HP is shown in percentages\n|clearpoke\n|poke|p1|Zamazenta-*|\n|poke|p1|Zapdos|\n|poke|p1|Amoonguss, M|\n|poke|p1|Rotom-Wash|\n|poke|p1|Kingambit, F|\n|poke|p1|Great Tusk|\n|poke|p2|Ribombee, F|\n|poke|p2|Gholdengo|\n|poke|p2|Great Tusk|\n|poke|p2|Kingambit, F|\n|poke|p2|Ogerpon-Wellspring, F|\n|poke|p2|Iron Moth|\n|teampreview\n|inactive|Battle timer is ON: inactive players will automatically lose when time's up. (requested by Ghost_DZ)\n|\n|t:|1700233228\n|start\n|switch|p1a: Amoonguss|Amoonguss, M|100\/100\n|switch|p2a: Ribombee|Ribombee, F|100\/100\n|turn|1\n|\n|t:|1700233233\n|move|p2a: Ribombee|Psychic|p1a: Amoonguss\n|-supereffective|p1a: Amoonguss\n|-damage|p1a: Amoonguss|61\/100\n|move|p1a: Amoonguss|Sludge Bomb|p2a: Ribombee\n|-supereffective|p2a: Ribombee\n|-enditem|p2a: Ribombee|Focus Sash\n|-damage|p2a: Ribombee|1\/100\n|\n|upkeep\n|turn|2\n|j| FatherSuperior7\n|l| FatherSuperior7\n|\n|t:|1700233260\n|move|p2a: Ribombee|Psychic|p1a: Amoonguss\n|-supereffective|p1a: Amoonguss\n|-damage|p1a: Amoonguss|17\/100\n|move|p1a: Amoonguss|Giga Drain|p2a: Ribombee\n|-resisted|p2a: Ribombee\n|-damage|p2a: Ribombee|0 fnt\n|-heal|p1a: Amoonguss|17\/100|[from] drain|[of] p2a: Ribombee\n|faint|p2a: Ribombee\n|\n|upkeep\n|inactive|d18l has 120 seconds left.\n|inactive|d18l has 90 seconds left.\n|\n|t:|1700233306\n|switch|p2a: Ogerpon|Ogerpon-Wellspring, F|100\/100\n|turn|3\n|\n|t:|1700233313\n|switch|p1a: Rotom|Rotom-Wash|100\/100\n|move|p2a: Ogerpon|Ivy Cudgel|p1a: Rotom|[anim] Ivy Cudgel Water\n|-resisted|p1a: Rotom\n|-damage|p1a: Rotom|71\/100\n|\n|-heal|p1a: Rotom|77\/100|[from] item: Leftovers\n|upkeep\n|turn|4\n|\n|t:|1700233319\n|move|p2a: Ogerpon|Swords Dance|p2a: Ogerpon\n|-boost|p2a: Ogerpon|atk|2\n|move|p1a: Rotom|Will-O-Wisp|p2a: Ogerpon\n|-status|p2a: Ogerpon|brn\n|\n|-heal|p1a: Rotom|83\/100|[from] item: Leftovers\n|-damage|p2a: Ogerpon|95\/100 brn|[from] brn\n|upkeep\n|turn|5\n|\n|t:|1700233326\n|move|p2a: Ogerpon|Power Whip|p1a: Rotom|[miss]\n|-miss|p2a: Ogerpon|p1a: Rotom\n|move|p1a: Rotom|Volt Switch|p2a: Ogerpon\n|-damage|p2a: Ogerpon|63\/100 brn\n|\n|t:|1700233331\n|switch|p1a: Amoonguss|Amoonguss, M|51\/100|[from] Volt Switch\n|\n|-damage|p2a: Ogerpon|57\/100 brn|[from] brn\n|upkeep\n|turn|6\n|c|\u2606d18l|im so sad rn\n|\n|t:|1700233345\n|switch|p1a: Rotom|Rotom-Wash|83\/100\n|move|p2a: Ogerpon|Ivy Cudgel|p1a: Rotom|[anim] Ivy Cudgel Water\n|-resisted|p1a: Rotom\n|-damage|p1a: Rotom|53\/100\n|\n|-heal|p1a: Rotom|59\/100|[from] item: Leftovers\n|-damage|p2a: Ogerpon|51\/100 brn|[from] brn\n|upkeep\n|turn|7\n|\n|t:|1700233352\n|move|p1a: Rotom|Protect|p1a: Rotom\n|-singleturn|p1a: Rotom|Protect\n|move|p2a: Ogerpon|Ivy Cudgel|p1a: Rotom|[anim] Ivy Cudgel Water\n|-activate|p1a: Rotom|move: Protect\n|\n|-heal|p1a: Rotom|66\/100|[from] item: Leftovers\n|-damage|p2a: Ogerpon|45\/100 brn|[from] brn\n|upkeep\n|turn|8\n|\n|t:|1700233359\n|switch|p1a: Amoonguss|Amoonguss, M|84\/100\n|move|p2a: Ogerpon|Ivy Cudgel|p1a: Amoonguss|[anim] Ivy Cudgel Water\n|-resisted|p1a: Amoonguss\n|-damage|p1a: Amoonguss|62\/100\n|\n|-damage|p2a: Ogerpon|39\/100 brn|[from] brn\n|upkeep\n|turn|9\n|inactive|d18l has 120 seconds left.\n|\n|t:|1700233390\n|move|p2a: Ogerpon|Ivy Cudgel|p1a: Amoonguss|[anim] Ivy Cudgel Water\n|-resisted|p1a: Amoonguss\n|-damage|p1a: Amoonguss|38\/100\n|move|p1a: Amoonguss|Sludge Bomb|p2a: Ogerpon\n|-supereffective|p2a: Ogerpon\n|-damage|p2a: Ogerpon|0 fnt\n|faint|p2a: Ogerpon\n|\n|upkeep\n|\n|t:|1700233392\n|switch|p2a: Gholdengo|Gholdengo|100\/100\n|-item|p2a: Gholdengo|Air Balloon\n|turn|10\n|\n|t:|1700233403\n|switch|p1a: Zapdos|Zapdos|100\/100\n|move|p2a: Gholdengo|Nasty Plot|p2a: Gholdengo\n|-boost|p2a: Gholdengo|spa|2\n|\n|upkeep\n|turn|11\n|inactive|d18l has 120 seconds left.\n|\n|t:|1700233414\n|move|p2a: Gholdengo|Shadow Ball|p1a: Zapdos\n|-damage|p1a: Zapdos|48\/100\n|-unboost|p1a: Zapdos|spd|1\n|move|p1a: Zapdos|Volt Switch|p2a: Gholdengo\n|-damage|p2a: Gholdengo|69\/100\n|-enditem|p2a: Gholdengo|Air Balloon\n|\n|t:|1700233417\n|switch|p1a: Kingambit|Kingambit, F|100\/100|[from] Volt Switch\n|\n|upkeep\n|turn|12\n|\n|t:|1700233424\n|-terastallize|p2a: Gholdengo|Fairy\n|move|p1a: Kingambit|Sucker Punch|p2a: Gholdengo\n|-resisted|p2a: Gholdengo\n|-damage|p2a: Gholdengo|54\/100\n|move|p2a: Gholdengo|Dazzling Gleam|p1a: Kingambit\n|-damage|p1a: Kingambit|24\/100\n|\n|upkeep\n|turn|13\n|\n|t:|1700233433\n|-end|p1a: Kingambit|fallenundefined|[silent]\n|switch|p1a: Amoonguss|Amoonguss, M|71\/100\n|move|p2a: Gholdengo|Dazzling Gleam|p1a: Amoonguss\n|-resisted|p1a: Amoonguss\n|-damage|p1a: Amoonguss|41\/100\n|\n|upkeep\n|turn|14\n|\n|t:|1700233439\n|switch|p1a: Rotom|Rotom-Wash|66\/100\n|move|p2a: Gholdengo|Shadow Ball|p1a: Rotom\n|-crit|p1a: Rotom\n|-damage|p1a: Rotom|0 fnt\n|faint|p1a: Rotom\n|\n|upkeep\n|\n|t:|1700233455\n|switch|p1a: Great Tusk|Great Tusk|100\/100\n|turn|15\n|\n|t:|1700233462\n|-terastallize|p1a: Great Tusk|Steel\n|move|p2a: Gholdengo|Recover|p2a: Gholdengo\n|-heal|p2a: Gholdengo|100\/100\n|move|p1a: Great Tusk|Earthquake|p2a: Gholdengo\n|-damage|p2a: Gholdengo|69\/100\n|\n|upkeep\n|turn|16\n|\n|t:|1700233470\n|move|p2a: Gholdengo|Nasty Plot|p2a: Gholdengo\n|-boost|p2a: Gholdengo|spa|2\n|move|p1a: Great Tusk|Earthquake|p2a: Gholdengo\n|-damage|p2a: Gholdengo|36\/100\n|\n|upkeep\n|turn|17\n|\n|t:|1700233478\n|-end|p1a: Great Tusk|Protosynthesis|[silent]\n|switch|p1a: Ghost|Zamazenta|100\/100\n|-ability|p1a: Ghost|Dauntless Shield|boost\n|-boost|p1a: Ghost|def|1\n|move|p2a: Gholdengo|Recover|p2a: Gholdengo\n|-heal|p2a: Gholdengo|86\/100\n|\n|upkeep\n|turn|18\n|\n|t:|1700233482\n|move|p1a: Ghost|Heavy Slam|p2a: Gholdengo\n|-supereffective|p2a: Gholdengo\n|-damage|p2a: Gholdengo|0 fnt\n|faint|p2a: Gholdengo\n|\n|upkeep\n|\n|t:|1700233491\n|switch|p2a: Iron Moth|Iron Moth|100\/100\n|-enditem|p2a: Iron Moth|Booster Energy\n|-activate|p2a: Iron Moth|ability: Quark Drive|[fromitem]\n|-start|p2a: Iron Moth|quarkdrivespe\n|turn|19\n|\n|t:|1700233506\n|switch|p1a: Kingambit|Kingambit, F|24\/100\n|-activate|p1a: Kingambit|ability: Supreme Overlord\n|-start|p1a: Kingambit|fallen1|[silent]\n|move|p2a: Iron Moth|Substitute|p2a: Iron Moth\n|-start|p2a: Iron Moth|Substitute\n|-damage|p2a: Iron Moth|76\/100\n|\n|upkeep\n|turn|20\n|\n|t:|1700233509\n|move|p1a: Kingambit|Sucker Punch|p2a: Iron Moth\n|-end|p2a: Iron Moth|Substitute\n|move|p2a: Iron Moth|Fiery Dance|p1a: Kingambit\n|-supereffective|p1a: Kingambit\n|-damage|p1a: Kingambit|0 fnt\n|faint|p1a: Kingambit\n|-end|p1a: Kingambit|fallen1|[silent]\n|\n|upkeep\n|\n|t:|1700233514\n|switch|p1a: Ghost|Zamazenta|100\/100\n|turn|21\n|\n|t:|1700233517\n|move|p2a: Iron Moth|Dazzling Gleam|p1a: Ghost\n|-supereffective|p1a: Ghost\n|-damage|p1a: Ghost|53\/100\n|move|p1a: Ghost|Stone Edge|p2a: Iron Moth|[miss]\n|-miss|p1a: Ghost|p2a: Iron Moth\n|\n|upkeep\n|turn|22\n|\n|t:|1700233524\n|move|p2a: Iron Moth|Substitute|p2a: Iron Moth\n|-start|p2a: Iron Moth|Substitute\n|-damage|p2a: Iron Moth|51\/100\n|move|p1a: Ghost|Stone Edge|p2a: Iron Moth\n|-supereffective|p2a: Iron Moth\n|-end|p2a: Iron Moth|Substitute\n|\n|upkeep\n|turn|23\n|\n|t:|1700233527\n|move|p2a: Iron Moth|Substitute|p2a: Iron Moth\n|-start|p2a: Iron Moth|Substitute\n|-damage|p2a: Iron Moth|26\/100\n|move|p1a: Ghost|Stone Edge|p2a: Iron Moth\n|-supereffective|p2a: Iron Moth\n|-end|p2a: Iron Moth|Substitute\n|\n|upkeep\n|turn|24\n|\n|t:|1700233544\n|move|p2a: Iron Moth|Substitute|p2a: Iron Moth\n|-start|p2a: Iron Moth|Substitute\n|-damage|p2a: Iron Moth|1\/100\n|move|p1a: Ghost|Stone Edge|p2a: Iron Moth\n|-supereffective|p2a: Iron Moth\n|-end|p2a: Iron Moth|Substitute\n|\n|upkeep\n|turn|25\n|\n|t:|1700233548\n|move|p2a: Iron Moth|Fiery Dance|p1a: Ghost\n|-damage|p1a: Ghost|13\/100\n|-boost|p2a: Iron Moth|spa|1\n|move|p1a: Ghost|Stone Edge|p2a: Iron Moth\n|-supereffective|p2a: Iron Moth\n|-damage|p2a: Iron Moth|0 fnt\n|faint|p2a: Iron Moth\n|-end|p2a: Iron Moth|Quark Drive|[silent]\n|\n|upkeep\n|inactive|d18l has 120 seconds left.\n|\n|t:|1700233582\n|switch|p2a: Kingambit|Kingambit, F|100\/100\n|-activate|p2a: Kingambit|ability: Supreme Overlord\n|-start|p2a: Kingambit|fallen4|[silent]\n|turn|26\n|\n|t:|1700233586\n|switch|p1a: Great Tusk|Great Tusk, tera:Steel|100\/100\n|move|p2a: Kingambit|Swords Dance|p2a: Kingambit\n|-boost|p2a: Kingambit|atk|2\n|\n|upkeep\n|turn|27\n|\n|t:|1700233589\n|move|p1a: Great Tusk|Earthquake|p2a: Kingambit\n|-supereffective|p2a: Kingambit\n|-damage|p2a: Kingambit|33\/100\n|move|p2a: Kingambit|Kowtow Cleave|p1a: Great Tusk\n|-damage|p1a: Great Tusk|33\/100\n|\n|-heal|p1a: Great Tusk|39\/100|[from] item: Leftovers\n|-heal|p2a: Kingambit|39\/100|[from] item: Leftovers\n|upkeep\n|turn|28\n|\n|t:|1700233591\n|move|p2a: Kingambit|Sucker Punch|p1a: Great Tusk\n|-damage|p1a: Great Tusk|0 fnt\n|faint|p1a: Great Tusk\n|-end|p1a: Great Tusk|Protosynthesis|[silent]\n|\n|-heal|p2a: Kingambit|45\/100|[from] item: Leftovers\n|upkeep\n|\n|t:|1700233601\n|switch|p1a: Amoonguss|Amoonguss, M|74\/100\n|turn|29\n|\n|t:|1700233607\n|move|p2a: Kingambit|Kowtow Cleave|p1a: Amoonguss\n|-damage|p1a: Amoonguss|0 fnt\n|-damage|p2a: Kingambit|28\/100|[from] item: Rocky Helmet|[of] p1a: Amoonguss\n|faint|p1a: Amoonguss\n|\n|-heal|p2a: Kingambit|34\/100|[from] item: Leftovers\n|upkeep\n|\n|t:|1700233609\n|switch|p1a: Ghost|Zamazenta|13\/100\n|turn|30\n|\n|t:|1700233611\n|move|p2a: Kingambit|Sucker Punch|p1a: Ghost\n|-resisted|p1a: Ghost\n|-damage|p1a: Ghost|0 fnt\n|faint|p1a: Ghost\n|\n|-heal|p2a: Kingambit|40\/100|[from] item: Leftovers\n|upkeep\n|\n|t:|1700233614\n|switch|p1a: Zapdos|Zapdos|48\/100\n|turn|31\n|\n|t:|1700233628\n|move|p2a: Kingambit|Sucker Punch||[still]\n|-fail|p2a: Kingambit\n|move|p1a: Zapdos|Roost|p1a: Zapdos\n|-heal|p1a: Zapdos|98\/100\n|-singleturn|p1a: Zapdos|move: Roost\n|\n|-heal|p2a: Kingambit|46\/100|[from] item: Leftovers\n|upkeep\n|turn|32\n|\n|t:|1700233632\n|move|p1a: Zapdos|Thunder Wave|p2a: Kingambit\n|-status|p2a: Kingambit|par\n|cant|p2a: Kingambit|par\n|\n|-heal|p2a: Kingambit|52\/100 par|[from] item: Leftovers\n|upkeep\n|turn|33\n|\n|t:|1700233635\n|move|p1a: Zapdos|Hurricane|p2a: Kingambit\n|-resisted|p2a: Kingambit\n|-damage|p2a: Kingambit|29\/100 par\n|move|p2a: Kingambit|Kowtow Cleave|p1a: Zapdos\n|-crit|p1a: Zapdos\n|-damage|p1a: Zapdos|0 fnt\n|faint|p1a: Zapdos\n|\n|win|d18l\n|raw|Ghost_DZ's rating: 1603 &rarr; <strong>1589<\/strong><br \/>(-14 for losing)\n|raw|d18l's rating: 1714 &rarr; <strong>1728<\/strong><br \/>(+14 for winning)\n|l|\u2606Ghost_DZ\n","uploadtime":1700233640,"views":13,"p1id":"ghostdz","p2id":"d18l","formatid":"gen9ou","rating":1589,"private":0,"password":""}