{"id":"gen9ou-1994289454","p1":"mcp3","p2":"mathismathin","format":"[Gen 9] OU","log":"|j|\u2606mcp3\n|j|\u2606mathismathin\n|t:|1700427488\n|gametype|singles\n|player|p1|mcp3|sage|1711\n|player|p2|mathismathin|nate|1752\n|teamsize|p1|6\n|teamsize|p2|6\n|gen|9\n|tier|[Gen 9] OU\n|rated|\n|rule|Sleep Clause Mod: Limit one foe put to sleep\n|rule|Species Clause: Limit one of each Pok\u00e9mon\n|rule|OHKO Clause: OHKO moves are banned\n|rule|Evasion Items Clause: Evasion items are banned\n|rule|Evasion Moves Clause: Evasion moves are banned\n|rule|Endless Battle Clause: Forcing endless battles is banned\n|rule|HP Percentage Mod: HP is shown in percentages\n|clearpoke\n|poke|p1|Samurott-Hisui, F|\n|poke|p1|Rillaboom, F|\n|poke|p1|Cinderace, M|\n|poke|p1|Dragapult, M|\n|poke|p1|Kingambit, M|\n|poke|p1|Ogerpon-Cornerstone, F|\n|poke|p2|Wo-Chien|\n|poke|p2|Weezing-Galar, F|\n|poke|p2|Blissey, F|\n|poke|p2|Cyclizar, M|\n|poke|p2|Alomomola, F|\n|poke|p2|Corviknight, F|\n|teampreview\n|c|\u2606mcp3|hf\n|c|\u2606mathismathin|u2\n|\n|t:|1700427518\n|start\n|switch|p1a: Samurott|Samurott-Hisui, F|100\/100\n|switch|p2a: Cyclizar|Cyclizar, M|100\/100\n|turn|1\n|\n|t:|1700427524\n|move|p2a: Cyclizar|U-turn|p1a: Samurott\n|-supereffective|p1a: Samurott\n|-damage|p1a: Samurott|66\/100\n|\n|t:|1700427528\n|switch|p2a: Weezing|Weezing-Galar, F|100\/100|[from] U-turn\n|-ability|p2a: Weezing|Neutralizing Gas\n|move|p1a: Samurott|Knock Off|p2a: Weezing\n|-resisted|p2a: Weezing\n|-damage|p2a: Weezing|86\/100\n|-enditem|p2a: Weezing|Heavy-Duty Boots|[from] move: Knock Off|[of] p1a: Samurott\n|\n|upkeep\n|turn|2\n|\n|t:|1700427532\n|move|p1a: Samurott|Razor Shell|p2a: Weezing\n|-damage|p2a: Weezing|63\/100\n|move|p2a: Weezing|Will-O-Wisp|p1a: Samurott\n|-status|p1a: Samurott|brn\n|\n|-damage|p1a: Samurott|60\/100 brn|[from] brn\n|upkeep\n|turn|3\n|\n|t:|1700427538\n|switch|p1a: Dragapult|Dragapult, M|100\/100\n|move|p2a: Weezing|Sludge Bomb|p1a: Dragapult\n|-resisted|p1a: Dragapult\n|-damage|p1a: Dragapult|83\/100\n|-status|p1a: Dragapult|psn\n|\n|-damage|p1a: Dragapult|70\/100 psn|[from] psn\n|upkeep\n|turn|4\n|\n|t:|1700427542\n|-end|p2a: Weezing|ability: Neutralizing Gas\n|switch|p2a: Alomomola|Alomomola, F|100\/100\n|move|p1a: Dragapult|U-turn|p2a: Alomomola\n|-damage|p2a: Alomomola|90\/100\n|\n|t:|1700427578\n|switch|p1a: Rillaboom|Rillaboom, F|100\/100|[from] U-turn\n|-fieldstart|move: Grassy Terrain|[from] ability: Grassy Surge|[of] p1a: Rillaboom\n|\n|-heal|p2a: Alomomola|96\/100|[from] Grassy Terrain\n|-heal|p2a: Alomomola|100\/100|[from] item: Leftovers\n|upkeep\n|turn|5\n|\n|t:|1700427582\n|switch|p2a: Corviknight|Corviknight, F|100\/100\n|-ability|p2a: Corviknight|Pressure\n|move|p1a: Rillaboom|Swords Dance|p1a: Rillaboom\n|-boost|p1a: Rillaboom|atk|2\n|\n|upkeep\n|turn|6\n|\n|t:|1700427587\n|move|p1a: Rillaboom|Knock Off|p2a: Corviknight\n|-damage|p2a: Corviknight|40\/100\n|-enditem|p2a: Corviknight|Leftovers|[from] move: Knock Off|[of] p1a: Rillaboom\n|-damage|p1a: Rillaboom|91\/100|[from] item: Life Orb\n|move|p2a: Corviknight|Iron Defense|p2a: Corviknight\n|-boost|p2a: Corviknight|def|2\n|\n|-heal|p1a: Rillaboom|97\/100|[from] Grassy Terrain\n|upkeep\n|turn|7\n|\n|t:|1700427601\n|switch|p1a: Ogerpon|Ogerpon-Cornerstone, F|100\/100\n|move|p2a: Corviknight|Roost|p2a: Corviknight\n|-heal|p2a: Corviknight|90\/100\n|-singleturn|p2a: Corviknight|move: Roost\n|\n|-heal|p2a: Corviknight|96\/100|[from] Grassy Terrain\n|upkeep\n|turn|8\n|\n|t:|1700427605\n|move|p1a: Ogerpon|Encore|p2a: Corviknight\n|-start|p2a: Corviknight|Encore\n|move|p2a: Corviknight|Roost|p2a: Corviknight\n|-heal|p2a: Corviknight|100\/100\n|-singleturn|p2a: Corviknight|move: Roost\n|\n|-fieldend|move: Grassy Terrain\n|upkeep\n|turn|9\n|\n|t:|1700427609\n|switch|p2a: Wo-Chien|Wo-Chien|100\/100\n|-ability|p2a: Wo-Chien|Tablets of Ruin\n|move|p1a: Ogerpon|Ivy Cudgel|p2a: Wo-Chien|[anim] Ivy Cudgel Rock\n|-damage|p2a: Wo-Chien|69\/100\n|\n|-heal|p2a: Wo-Chien|75\/100|[from] item: Leftovers\n|upkeep\n|turn|10\n|\n|t:|1700427613\n|move|p1a: Ogerpon|Low Kick|p2a: Wo-Chien\n|-supereffective|p2a: Wo-Chien\n|-crit|p2a: Wo-Chien\n|-damage|p2a: Wo-Chien|24\/100\n|move|p2a: Wo-Chien|Foul Play|p1a: Ogerpon\n|-damage|p1a: Ogerpon|34\/100\n|\n|-heal|p2a: Wo-Chien|30\/100|[from] item: Leftovers\n|upkeep\n|turn|11\n|\n|t:|1700427618\n|switch|p2a: Corviknight|Corviknight, F|100\/100\n|-ability|p2a: Corviknight|Pressure\n|move|p1a: Ogerpon|Ivy Cudgel|p2a: Corviknight|[anim] Ivy Cudgel Rock\n|-damage|p2a: Corviknight|64\/100\n|\n|upkeep\n|turn|12\n|\n|t:|1700427622\n|move|p1a: Ogerpon|Ivy Cudgel|p2a: Corviknight|[anim] Ivy Cudgel Rock\n|-damage|p2a: Corviknight|27\/100\n|move|p2a: Corviknight|Body Press|p1a: Ogerpon\n|-supereffective|p1a: Ogerpon\n|-damage|p1a: Ogerpon|0 fnt\n|faint|p1a: Ogerpon\n|\n|upkeep\n|\n|t:|1700427633\n|switch|p1a: Cinderace|Cinderace, M|100\/100\n|turn|13\n|\n|t:|1700427638\n|switch|p2a: Alomomola|Alomomola, F|100\/100\n|move|p1a: Cinderace|U-turn|p2a: Alomomola\n|-damage|p2a: Alomomola|89\/100\n|\n|t:|1700427640\n|switch|p1a: Rillaboom|Rillaboom, F|97\/100|[from] U-turn\n|-fieldstart|move: Grassy Terrain|[from] ability: Grassy Surge|[of] p1a: Rillaboom\n|\n|-heal|p1a: Rillaboom|100\/100|[from] Grassy Terrain\n|-heal|p2a: Alomomola|95\/100|[from] Grassy Terrain\n|-heal|p2a: Alomomola|100\/100|[from] item: Leftovers\n|upkeep\n|turn|14\n|\n|t:|1700427643\n|move|p1a: Rillaboom|Swords Dance|p1a: Rillaboom\n|-boost|p1a: Rillaboom|atk|2\n|move|p2a: Alomomola|Wish|p2a: Alomomola\n|\n|upkeep\n|turn|15\n|\n|t:|1700427650\n|switch|p2a: Weezing|Weezing-Galar, F|63\/100\n|-ability|p2a: Weezing|Neutralizing Gas\n|move|p1a: Rillaboom|Wood Hammer|p2a: Weezing\n|-resisted|p2a: Weezing\n|-damage|p2a: Weezing|0 fnt\n|faint|p2a: Weezing\n|-end|p2a: Weezing|ability: Neutralizing Gas\n|-damage|p1a: Rillaboom|80\/100|[from] Recoil\n|-damage|p1a: Rillaboom|70\/100|[from] item: Life Orb\n|\n|-heal|p1a: Rillaboom|76\/100|[from] Grassy Terrain\n|upkeep\n|\n|t:|1700427657\n|switch|p2a: Cyclizar|Cyclizar, M|100\/100\n|turn|16\n|\n|t:|1700427662\n|move|p2a: Cyclizar|Overheat|p1a: Rillaboom\n|-supereffective|p1a: Rillaboom\n|-damage|p1a: Rillaboom|5\/100\n|-unboost|p2a: Cyclizar|spa|2\n|move|p1a: Rillaboom|Knock Off|p2a: Cyclizar\n|-damage|p2a: Cyclizar|0 fnt\n|-enditem|p2a: Cyclizar|Heavy-Duty Boots|[from] move: Knock Off|[of] p1a: Rillaboom\n|faint|p2a: Cyclizar\n|-damage|p1a: Rillaboom|0 fnt|[from] item: Life Orb\n|faint|p1a: Rillaboom\n|\n|upkeep\n|\n|t:|1700427676\n|switch|p2a: Alomomola|Alomomola, F|100\/100\n|switch|p1a: Kingambit|Kingambit, M|100\/100\n|-activate|p1a: Kingambit|ability: Supreme Overlord\n|-start|p1a: Kingambit|fallen2|[silent]\n|turn|17\n|\n|t:|1700427679\n|move|p1a: Kingambit|Swords Dance|p1a: Kingambit\n|-boost|p1a: Kingambit|atk|2\n|move|p2a: Alomomola|Wish|p2a: Alomomola\n|\n|-fieldend|move: Grassy Terrain\n|upkeep\n|turn|18\n|\n|t:|1700427687\n|move|p1a: Kingambit|Swords Dance|p1a: Kingambit\n|-boost|p1a: Kingambit|atk|2\n|move|p2a: Alomomola|Flip Turn|p1a: Kingambit\n|-damage|p1a: Kingambit|89\/100\n|\n|t:|1700427688\n|switch|p2a: Wo-Chien|Wo-Chien|30\/100|[from] Flip Turn\n|-ability|p2a: Wo-Chien|Tablets of Ruin\n|\n|-heal|p2a: Wo-Chien|94\/100|[from] move: Wish|[wisher] Alomomola\n|-heal|p2a: Wo-Chien|99\/100|[from] item: Leftovers\n|-heal|p1a: Kingambit|95\/100|[from] item: Leftovers\n|upkeep\n|turn|19\n|\n|t:|1700427691\n|-terastallize|p1a: Kingambit|Fairy\n|move|p2a: Wo-Chien|Reflect|p2a: Wo-Chien\n|-sidestart|p2: mathismathin|Reflect\n|move|p1a: Kingambit|Tera Blast|p2a: Wo-Chien|[anim] Tera Blast Fairy\n|-supereffective|p2a: Wo-Chien\n|-damage|p2a: Wo-Chien|16\/100\n|\n|-heal|p2a: Wo-Chien|22\/100|[from] item: Leftovers\n|-heal|p1a: Kingambit|100\/100|[from] item: Leftovers\n|upkeep\n|turn|20\n|\n|t:|1700427697\n|move|p2a: Wo-Chien|Foul Play|p1a: Kingambit\n|-resisted|p1a: Kingambit\n|-damage|p1a: Kingambit|38\/100\n|move|p1a: Kingambit|Tera Blast|p2a: Wo-Chien|[anim] Tera Blast Fairy\n|-supereffective|p2a: Wo-Chien\n|-damage|p2a: Wo-Chien|0 fnt\n|faint|p2a: Wo-Chien\n|\n|-heal|p1a: Kingambit|45\/100|[from] item: Leftovers\n|upkeep\n|\n|t:|1700427700\n|switch|p2a: Corviknight|Corviknight, F|27\/100\n|-ability|p2a: Corviknight|Pressure\n|turn|21\n|\n|t:|1700427703\n|move|p2a: Corviknight|Iron Defense|p2a: Corviknight\n|-boost|p2a: Corviknight|def|2\n|move|p1a: Kingambit|Kowtow Cleave|p2a: Corviknight\n|-damage|p2a: Corviknight|0 fnt\n|faint|p2a: Corviknight\n|\n|-heal|p1a: Kingambit|51\/100|[from] item: Leftovers\n|upkeep\n|c|\u2606mathismathin|gg\n|-message|mathismathin forfeited.\n|\n|win|mcp3\n|raw|mcp3's rating: 1711 &rarr; <strong>1733<\/strong><br \/>(+22 for winning)\n|raw|mathismathin's rating: 1752 &rarr; <strong>1730<\/strong><br \/>(-22 for losing)\n|c|\u2606mcp3|gg\n","uploadtime":1700427712,"views":10,"p1id":"mcp3","p2id":"mathismathin","formatid":"gen9ou","rating":1730,"private":0,"password":""}