{"id":"gen9ou-1994175930","p1":"whisperingeyez","p2":"Vanessa1994","format":"[Gen 9] OU","log":"|j|\u2606whisperingeyez\n|j|\u2606Vanessa1994\n|t:|1700415560\n|gametype|singles\n|player|p1|whisperingeyez|169|\n|player|p2|Vanessa1994|clair|\n|teamsize|p1|6\n|teamsize|p2|6\n|gen|9\n|tier|[Gen 9] OU\n|rule|Sleep Clause Mod: Limit one foe put to sleep\n|rule|Species Clause: Limit one of each Pok\u00e9mon\n|rule|OHKO Clause: OHKO moves are banned\n|rule|Evasion Items Clause: Evasion items are banned\n|rule|Evasion Moves Clause: Evasion moves are banned\n|rule|Endless Battle Clause: Forcing endless battles is banned\n|rule|HP Percentage Mod: HP is shown in percentages\n|clearpoke\n|poke|p1|Walking Wake|\n|poke|p1|Torkoal, M|\n|poke|p1|Ninetales, M|\n|poke|p1|Infernape, F|\n|poke|p1|Volcanion|\n|poke|p1|Talonflame, M|\n|poke|p2|Meowscarada, F|\n|poke|p2|Glimmora, F|\n|poke|p2|Landorus-Therian, M|\n|poke|p2|Ribombee, F|\n|poke|p2|Toxapex, F|\n|poke|p2|Dragapult, F|\n|teampreview\n|inactive|Battle timer is ON: inactive players will automatically lose when time's up. (requested by Vanessa1994)\n|\n|t:|1700415584\n|start\n|switch|p1a: Infernape|Infernape, F|100\/100\n|switch|p2a: Ribombee|Ribombee, F|100\/100\n|turn|1\n|\n|t:|1700415593\n|move|p1a: Infernape|U-turn|p2a: Ribombee\n|-resisted|p2a: Ribombee\n|-crit|p2a: Ribombee\n|-damage|p2a: Ribombee|69\/100\n|\n|t:|1700415598\n|switch|p1a: Torkoal|Torkoal, M|100\/100|[from] U-turn\n|-weather|SunnyDay|[from] ability: Drought|[of] p1a: Torkoal\n|move|p2a: Ribombee|Sticky Web|p1a: Torkoal\n|-sidestart|p1: whisperingeyez|move: Sticky Web\n|\n|-weather|SunnyDay|[upkeep]\n|upkeep\n|turn|2\n|\n|t:|1700415607\n|move|p2a: Ribombee|Moonblast|p1a: Torkoal\n|-resisted|p1a: Torkoal\n|-damage|p1a: Torkoal|73\/100\n|move|p1a: Torkoal|Rapid Spin|p2a: Ribombee\n|-damage|p2a: Ribombee|52\/100\n|-boost|p1a: Torkoal|spe|1\n|-sideend|p1: whisperingeyez|Sticky Web|[from] move: Rapid Spin|[of] p1a: Torkoal\n|\n|-weather|SunnyDay|[upkeep]\n|upkeep\n|turn|3\n|\n|t:|1700415617\n|move|p2a: Ribombee|Sticky Web|p1a: Torkoal\n|-sidestart|p1: whisperingeyez|move: Sticky Web\n|move|p1a: Torkoal|Weather Ball|p2a: Ribombee\n|-supereffective|p2a: Ribombee\n|-damage|p2a: Ribombee|0 fnt\n|faint|p2a: Ribombee\n|\n|-weather|SunnyDay|[upkeep]\n|upkeep\n|\n|t:|1700415619\n|switch|p2a: Glimmora|Glimmora, F|100\/100\n|turn|4\n|\n|t:|1700415629\n|move|p2a: Glimmora|Power Gem|p1a: Torkoal\n|-supereffective|p1a: Torkoal\n|-crit|p1a: Torkoal\n|-damage|p1a: Torkoal|0 fnt\n|faint|p1a: Torkoal\n|\n|-weather|SunnyDay|[upkeep]\n|upkeep\n|\n|t:|1700415636\n|switch|p1a: Walking Wake|Walking Wake|100\/100\n|-activate|p1a: Walking Wake|move: Sticky Web\n|-unboost|p1a: Walking Wake|spe|1\n|-activate|p1a: Walking Wake|ability: Protosynthesis\n|-start|p1a: Walking Wake|protosynthesisspa\n|turn|5\n|\n|t:|1700415647\n|-terastallize|p1a: Walking Wake|Fire\n|move|p2a: Glimmora|Energy Ball|p1a: Walking Wake\n|-resisted|p1a: Walking Wake\n|-damage|p1a: Walking Wake|81\/100\n|move|p1a: Walking Wake|Hydro Steam|p2a: Glimmora\n|-supereffective|p2a: Glimmora\n|-enditem|p2a: Glimmora|Focus Sash\n|-damage|p2a: Glimmora|1\/100\n|\n|-weather|SunnyDay|[upkeep]\n|upkeep\n|turn|6\n|\n|t:|1700415660\n|move|p2a: Glimmora|Power Gem|p1a: Walking Wake\n|-supereffective|p1a: Walking Wake\n|-damage|p1a: Walking Wake|0 fnt\n|faint|p1a: Walking Wake\n|-end|p1a: Walking Wake|Protosynthesis|[silent]\n|\n|-weather|SunnyDay|[upkeep]\n|upkeep\n|\n|t:|1700415668\n|switch|p1a: Talonflame|Talonflame, M|100\/100\n|turn|7\n|\n|t:|1700415675\n|move|p1a: Talonflame|Air Slash|p2a: Glimmora\n|-resisted|p2a: Glimmora\n|-damage|p2a: Glimmora|0 fnt\n|faint|p2a: Glimmora\n|\n|-weather|SunnyDay|[upkeep]\n|upkeep\n|\n|t:|1700415682\n|switch|p2a: Dragapult|Dragapult, F|100\/100\n|turn|8\n|\n|t:|1700415690\n|move|p1a: Talonflame|Defog|p2a: Dragapult\n|-unboost|p2a: Dragapult|evasion|1\n|-sideend|p1: whisperingeyez|Sticky Web|[from] move: Defog|[of] p1a: Talonflame\n|move|p2a: Dragapult|Thunderbolt|p1a: Talonflame\n|-supereffective|p1a: Talonflame\n|-damage|p1a: Talonflame|0 fnt\n|faint|p1a: Talonflame\n|\n|-weather|none\n|upkeep\n|\n|t:|1700415712\n|switch|p1a: Infernape|Infernape, F|100\/100\n|turn|9\n|\n|t:|1700415725\n|switch|p2a: Landorus|Landorus-Therian, M|100\/100\n|-ability|p2a: Landorus|Intimidate|boost\n|-unboost|p1a: Infernape|atk|1\n|move|p1a: Infernape|Fire Punch|p2a: Landorus\n|-damage|p2a: Landorus|69\/100\n|\n|upkeep\n|turn|10\n|\n|t:|1700415733\n|switch|p1a: Ninetales|Ninetales, M|100\/100\n|-weather|SunnyDay|[from] ability: Drought|[of] p1a: Ninetales\n|-terastallize|p2a: Landorus|Fairy\n|move|p2a: Landorus|Tera Blast|p1a: Ninetales|[anim] Tera Blast Fairy\n|-resisted|p1a: Ninetales\n|-damage|p1a: Ninetales|49\/100\n|\n|-weather|SunnyDay|[upkeep]\n|upkeep\n|turn|11\n|\n|t:|1700415750\n|move|p1a: Ninetales|Will-O-Wisp|p2a: Landorus|[miss]\n|-miss|p1a: Ninetales|p2a: Landorus\n|move|p2a: Landorus|Tera Blast|p1a: Ninetales|[anim] Tera Blast Fairy\n|-resisted|p1a: Ninetales\n|-damage|p1a: Ninetales|0 fnt\n|faint|p1a: Ninetales\n|\n|-weather|SunnyDay|[upkeep]\n|upkeep\n|\n|t:|1700415762\n|switch|p1a: Volcanion|Volcanion|100\/100\n|turn|12\n|\n|t:|1700415771\n|switch|p2a: Toxapex|Toxapex, F|100\/100\n|move|p1a: Volcanion|Flash Cannon|p2a: Toxapex\n|-resisted|p2a: Toxapex\n|-damage|p2a: Toxapex|88\/100\n|\n|-weather|SunnyDay|[upkeep]\n|-heal|p2a: Toxapex|94\/100|[from] item: Black Sludge\n|upkeep\n|turn|13\n|\n|t:|1700415780\n|move|p1a: Volcanion|Earth Power|p2a: Toxapex\n|-supereffective|p2a: Toxapex\n|-damage|p2a: Toxapex|39\/100\n|-unboost|p2a: Toxapex|spd|1\n|move|p2a: Toxapex|Toxic|p1a: Volcanion\n|-status|p1a: Volcanion|tox\n|\n|-weather|SunnyDay|[upkeep]\n|-heal|p2a: Toxapex|45\/100|[from] item: Black Sludge\n|-damage|p1a: Volcanion|94\/100 tox|[from] psn\n|upkeep\n|turn|14\n|\n|t:|1700415792\n|switch|p2a: Meowscarada|Meowscarada, F|100\/100\n|move|p1a: Volcanion|Earth Power|p2a: Meowscarada\n|-resisted|p2a: Meowscarada\n|-damage|p2a: Meowscarada|73\/100\n|\n|-weather|SunnyDay|[upkeep]\n|-damage|p1a: Volcanion|82\/100 tox|[from] psn\n|upkeep\n|turn|15\n|\n|t:|1700415815\n|switch|p1a: Infernape|Infernape, F|100\/100\n|move|p2a: Meowscarada|Sucker Punch||[still]\n|-fail|p2a: Meowscarada\n|\n|-weather|SunnyDay|[upkeep]\n|upkeep\n|turn|16\n|\n|t:|1700415823\n|switch|p2a: Landorus|Landorus-Therian, M, tera:Fairy|69\/100\n|-ability|p2a: Landorus|Intimidate|boost\n|-unboost|p1a: Infernape|atk|1\n|move|p1a: Infernape|U-turn|p2a: Landorus\n|-resisted|p2a: Landorus\n|-damage|p2a: Landorus|61\/100\n|\n|t:|1700415829\n|switch|p1a: Volcanion|Volcanion|82\/100 tox|[from] U-turn\n|\n|-weather|SunnyDay|[upkeep]\n|-damage|p1a: Volcanion|76\/100 tox|[from] psn\n|upkeep\n|turn|17\n|\n|t:|1700415839\n|move|p2a: Landorus|Earthquake|p1a: Volcanion\n|-supereffective|p1a: Volcanion\n|-damage|p1a: Volcanion|0 fnt\n|faint|p1a: Volcanion\n|\n|-weather|none\n|upkeep\n|c|\u2606whisperingeyez|Gg\n|\n|t:|1700415848\n|switch|p1a: Infernape|Infernape, F|100\/100\n|turn|18\n|c|\u2606Vanessa1994|Gg :)\n|\n|t:|1700415860\n|switch|p2a: Toxapex|Toxapex, F|78\/100\n|move|p1a: Infernape|Thunder Punch|p2a: Toxapex\n|-supereffective|p2a: Toxapex\n|-damage|p2a: Toxapex|44\/100\n|\n|-heal|p2a: Toxapex|50\/100|[from] item: Black Sludge\n|upkeep\n|turn|19\n|\n|t:|1700415868\n|move|p1a: Infernape|Thunder Punch|p2a: Toxapex\n|-supereffective|p2a: Toxapex\n|-damage|p2a: Toxapex|18\/100\n|move|p2a: Toxapex|Chilling Water|p1a: Infernape\n|-supereffective|p1a: Infernape\n|-damage|p1a: Infernape|65\/100\n|-unboost|p1a: Infernape|atk|1\n|\n|-heal|p2a: Toxapex|24\/100|[from] item: Black Sludge\n|upkeep\n|turn|20\n|\n|t:|1700415878\n|switch|p2a: Landorus|Landorus-Therian, M, tera:Fairy|61\/100\n|-ability|p2a: Landorus|Intimidate|boost\n|-unboost|p1a: Infernape|atk|1\n|move|p1a: Infernape|Thunder Punch|p2a: Landorus\n|-damage|p2a: Landorus|45\/100\n|\n|upkeep\n|turn|21\n|\n|t:|1700415885\n|move|p1a: Infernape|Thunder Punch|p2a: Landorus\n|-damage|p2a: Landorus|29\/100\n|move|p2a: Landorus|Tera Blast|p1a: Infernape|[anim] Tera Blast Fairy\n|-damage|p1a: Infernape|0 fnt\n|faint|p1a: Infernape\n|\n|win|Vanessa1994\n|l|\u2606Vanessa1994\n|l|\u2606whisperingeyez\n|j|\u2606Vanessa1994\n|player|p2|Vanessa1994|clair\n","uploadtime":1700415905,"views":9,"p1id":"whisperingeyez","p2id":"vanessa1994","formatid":"gen9ou","rating":0,"private":0,"password":""}