{"id":"gen9ou-1989475578","p1":"BenBekigu","p2":"Holystea","format":"[Gen 9] OU","log":"|j|\u2606BenBekigu\n|j|\u2606Holystea\n|t:|1699856613\n|gametype|singles\n|player|p1|BenBekigu|shauntal|1298\n|player|p2|Holystea|169|1270\n|teamsize|p1|6\n|teamsize|p2|6\n|gen|9\n|tier|[Gen 9] OU\n|rated|\n|rule|Sleep Clause Mod: Limit one foe put to sleep\n|rule|Species Clause: Limit one of each Pok\u00e9mon\n|rule|OHKO Clause: OHKO moves are banned\n|rule|Evasion Items Clause: Evasion items are banned\n|rule|Evasion Moves Clause: Evasion moves are banned\n|rule|Endless Battle Clause: Forcing endless battles is banned\n|rule|HP Percentage Mod: HP is shown in percentages\n|clearpoke\n|poke|p1|Ting-Lu|\n|poke|p1|Ogerpon-Wellspring, F|\n|poke|p1|Great Tusk|\n|poke|p1|Slowking-Galar, F|\n|poke|p1|Alomomola, M|\n|poke|p1|Cinderace, M|\n|poke|p2|Kingambit, M|\n|poke|p2|Cinderace, M|\n|poke|p2|Grimmsnarl, M|\n|poke|p2|Dragonite, F|\n|poke|p2|Greninja-*, M|\n|poke|p2|Dragapult, M|\n|teampreview\n|inactive|Battle timer is ON: inactive players will automatically lose when time's up. (requested by BenBekigu)\n|\n|t:|1699856651\n|start\n|switch|p1a: Ting-Lu|Ting-Lu|100\/100\n|switch|p2a: Grimmsnarl|Grimmsnarl, M|100\/100\n|-ability|p1a: Ting-Lu|Vessel of Ruin\n|turn|1\n|\n|t:|1699856669\n|move|p2a: Grimmsnarl|Reflect|p2a: Grimmsnarl\n|-sidestart|p2: Holystea|Reflect\n|move|p1a: Ting-Lu|Stealth Rock|p2a: Grimmsnarl\n|-sidestart|p2: Holystea|move: Stealth Rock\n|\n|upkeep\n|turn|2\n|\n|t:|1699856673\n|switch|p2a: Cinderace|Cinderace, M|100\/100\n|move|p1a: Ting-Lu|Spikes|p2a: Cinderace\n|-sidestart|p2: Holystea|Spikes\n|\n|upkeep\n|turn|3\n|\n|t:|1699856681\n|move|p2a: Cinderace|Will-O-Wisp|p1a: Ting-Lu\n|-status|p1a: Ting-Lu|brn\n|move|p1a: Ting-Lu|Spikes|p2a: Cinderace\n|-sidestart|p2: Holystea|Spikes\n|\n|-damage|p1a: Ting-Lu|94\/100 brn|[from] brn\n|upkeep\n|turn|4\n|\n|t:|1699856691\n|move|p2a: Cinderace|Pyro Ball|p1a: Ting-Lu|[miss]\n|-miss|p2a: Cinderace|p1a: Ting-Lu\n|move|p1a: Ting-Lu|Spikes|p2a: Cinderace\n|-sidestart|p2: Holystea|Spikes\n|\n|-heal|p1a: Ting-Lu|100\/100 brn|[from] item: Leftovers\n|-damage|p1a: Ting-Lu|94\/100 brn|[from] brn\n|upkeep\n|turn|5\n|\n|t:|1699856696\n|move|p2a: Cinderace|Pyro Ball|p1a: Ting-Lu\n|-damage|p1a: Ting-Lu|76\/100 brn\n|move|p1a: Ting-Lu|Ruination|p2a: Cinderace|[miss]\n|-miss|p1a: Ting-Lu|p2a: Cinderace\n|\n|-heal|p1a: Ting-Lu|82\/100 brn|[from] item: Leftovers\n|-damage|p1a: Ting-Lu|76\/100 brn|[from] brn\n|-sideend|p2: Holystea|Reflect\n|upkeep\n|turn|6\n|\n|t:|1699856702\n|switch|p2a: Grimmsnarl|Grimmsnarl, M|100\/100\n|-damage|p2a: Grimmsnarl|88\/100|[from] Stealth Rock\n|-damage|p2a: Grimmsnarl|63\/100|[from] Spikes\n|move|p1a: Ting-Lu|Ruination|p2a: Grimmsnarl\n|-damage|p2a: Grimmsnarl|32\/100\n|\n|-heal|p2a: Grimmsnarl|38\/100|[from] item: Leftovers\n|-heal|p1a: Ting-Lu|82\/100 brn|[from] item: Leftovers\n|-damage|p1a: Ting-Lu|76\/100 brn|[from] brn\n|upkeep\n|turn|7\n|\n|t:|1699856709\n|move|p2a: Grimmsnarl|Reflect|p2a: Grimmsnarl\n|-sidestart|p2: Holystea|Reflect\n|move|p1a: Ting-Lu|Ruination|p2a: Grimmsnarl\n|-damage|p2a: Grimmsnarl|19\/100\n|\n|-heal|p2a: Grimmsnarl|25\/100|[from] item: Leftovers\n|-heal|p1a: Ting-Lu|82\/100 brn|[from] item: Leftovers\n|-damage|p1a: Ting-Lu|76\/100 brn|[from] brn\n|upkeep\n|turn|8\n|\n|t:|1699856713\n|move|p2a: Grimmsnarl|Parting Shot|p1a: Ting-Lu\n|-hint|Since gen 7, Dark is immune to Prankster moves.\n|-immune|p1a: Ting-Lu\n|move|p1a: Ting-Lu|Ruination|p2a: Grimmsnarl\n|-damage|p2a: Grimmsnarl|13\/100\n|\n|-heal|p2a: Grimmsnarl|19\/100|[from] item: Leftovers\n|-heal|p1a: Ting-Lu|82\/100 brn|[from] item: Leftovers\n|-damage|p1a: Ting-Lu|76\/100 brn|[from] brn\n|upkeep\n|turn|9\n|c|\u2606BenBekigu|??????\n|\n|t:|1699856727\n|switch|p2a: Dragonite|Dragonite, F|100\/100\n|-damage|p2a: Dragonite|76\/100|[from] Stealth Rock\n|move|p1a: Ting-Lu|Ruination|p2a: Dragonite\n|-damage|p2a: Dragonite|38\/100\n|\n|-heal|p1a: Ting-Lu|82\/100 brn|[from] item: Leftovers\n|-damage|p1a: Ting-Lu|76\/100 brn|[from] brn\n|upkeep\n|turn|10\n|c|\u2606Holystea|i forgor\n|\n|t:|1699856735\n|move|p2a: Dragonite|Ice Spinner|p1a: Ting-Lu\n|-supereffective|p1a: Ting-Lu\n|-damage|p1a: Ting-Lu|48\/100 brn\n|move|p1a: Ting-Lu|Whirlwind|p2a: Dragonite\n|drag|p2a: Dragapult|Dragapult, M|100\/100\n|-damage|p2a: Dragapult|88\/100|[from] Stealth Rock\n|-damage|p2a: Dragapult|63\/100|[from] Spikes\n|\n|-heal|p1a: Ting-Lu|54\/100 brn|[from] item: Leftovers\n|-damage|p1a: Ting-Lu|48\/100 brn|[from] brn\n|upkeep\n|turn|11\n|c|\u2606BenBekigu|\ud83d\udc80\n|\n|t:|1699856754\n|move|p2a: Dragapult|Dragon Darts|p1a: Ting-Lu\n|-damage|p1a: Ting-Lu|33\/100 brn\n|-anim|p2a: Dragapult|Dragon Darts|p1a: Ting-Lu\n|-damage|p1a: Ting-Lu|18\/100 brn\n|move|p1a: Ting-Lu|Whirlwind|p2a: Dragapult\n|drag|p2a: Grimmsnarl|Grimmsnarl, M|19\/100\n|-damage|p2a: Grimmsnarl|7\/100|[from] Stealth Rock\n|-damage|p2a: Grimmsnarl|0 fnt|[from] Spikes\n|faint|p2a: Grimmsnarl\n|\n|-heal|p1a: Ting-Lu|24\/100 brn|[from] item: Leftovers\n|-damage|p1a: Ting-Lu|18\/100 brn|[from] brn\n|-sideend|p2: Holystea|Reflect\n|upkeep\n|\n|t:|1699856758\n|switch|p2a: Cinderace|Cinderace, M|100\/100\n|turn|12\n|\n|t:|1699856773\n|move|p2a: Cinderace|Pyro Ball|p1a: Ting-Lu\n|-damage|p1a: Ting-Lu|0 fnt\n|faint|p1a: Ting-Lu\n|\n|upkeep\n|\n|t:|1699856777\n|switch|p1a: Great Tusk|Great Tusk|100\/100\n|turn|13\n|\n|t:|1699856782\n|move|p2a: Cinderace|Will-O-Wisp|p1a: Great Tusk\n|-status|p1a: Great Tusk|brn\n|move|p1a: Great Tusk|Headlong Rush|p2a: Cinderace\n|-supereffective|p2a: Cinderace\n|-damage|p2a: Cinderace|29\/100\n|-unboost|p1a: Great Tusk|def|1\n|-unboost|p1a: Great Tusk|spd|1\n|\n|-damage|p1a: Great Tusk|94\/100 brn|[from] brn\n|upkeep\n|turn|14\n|\n|t:|1699856788\n|move|p2a: Cinderace|Court Change|p2a: Cinderace\n|-swapsideconditions\n|-activate|p2a: Cinderace|move: Court Change\n|move|p1a: Great Tusk|Knock Off|p2a: Cinderace\n|-damage|p2a: Cinderace|8\/100\n|-enditem|p2a: Cinderace|Heavy-Duty Boots|[from] move: Knock Off|[of] p1a: Great Tusk\n|\n|-damage|p1a: Great Tusk|88\/100 brn|[from] brn\n|upkeep\n|turn|15\n|\n|t:|1699856795\n|switch|p2a: Dragapult|Dragapult, M|63\/100\n|move|p1a: Great Tusk|Rapid Spin|p2a: Dragapult\n|-immune|p2a: Dragapult\n|\n|-damage|p1a: Great Tusk|82\/100 brn|[from] brn\n|upkeep\n|turn|16\n|\n|t:|1699856802\n|-end|p1a: Great Tusk|Protosynthesis|[silent]\n|switch|p1a: Slowking|Slowking-Galar, F|100\/100\n|move|p2a: Dragapult|Dragon Tail|p1a: Slowking\n|-damage|p1a: Slowking|57\/100\n|drag|p1a: Cinderace|Cinderace, M|100\/100\n|\n|upkeep\n|turn|17\n|\n|t:|1699856814\n|move|p1a: Cinderace|Court Change|p1a: Cinderace\n|-start|p1a: Cinderace|typechange|Normal|[from] ability: Libero\n|-swapsideconditions\n|-activate|p1a: Cinderace|move: Court Change\n|move|p2a: Dragapult|Dragon Tail|p1a: Cinderace\n|-damage|p1a: Cinderace|36\/100\n|drag|p1a: Great Tusk|Great Tusk|82\/100 brn\n|\n|-damage|p1a: Great Tusk|76\/100 brn|[from] brn\n|upkeep\n|turn|18\n|\n|t:|1699856819\n|move|p1a: Great Tusk|Knock Off|p2a: Dragapult\n|-supereffective|p2a: Dragapult\n|-damage|p2a: Dragapult|13\/100\n|-enditem|p2a: Dragapult|Choice Band|[from] move: Knock Off|[of] p1a: Great Tusk\n|move|p2a: Dragapult|Dragon Tail|p1a: Great Tusk\n|-damage|p1a: Great Tusk|54\/100 brn\n|-end|p1a: Great Tusk|Protosynthesis|[silent]\n|drag|p1a: Ogerpon|Ogerpon-Wellspring, F|100\/100\n|\n|upkeep\n|turn|19\n|\n|t:|1699856828\n|move|p2a: Dragapult|U-turn|p1a: Ogerpon\n|-supereffective|p1a: Ogerpon\n|-damage|p1a: Ogerpon|35\/100\n|\n|t:|1699856835\n|switch|p2a: Dragonite|Dragonite, F|38\/100|[from] U-turn\n|-damage|p2a: Dragonite|14\/100|[from] Stealth Rock\n|move|p1a: Ogerpon|Trailblaze|p2a: Dragonite\n|-resisted|p2a: Dragonite\n|-damage|p2a: Dragonite|6\/100\n|-boost|p1a: Ogerpon|spe|1\n|\n|upkeep\n|turn|20\n|\n|t:|1699856851\n|switch|p1a: Alomomola|Alomomola, M|100\/100\n|move|p2a: Dragonite|Extreme Speed|p1a: Alomomola\n|-crit|p1a: Alomomola\n|-damage|p1a: Alomomola|75\/100\n|-enditem|p1a: Alomomola|Red Card|[of] p2a: Dragonite\n|drag|p2a: Dragapult|Dragapult, M|13\/100\n|-damage|p2a: Dragapult|0 fnt|[from] Stealth Rock\n|faint|p2a: Dragapult\n|\n|upkeep\n|\n|t:|1699856856\n|switch|p2a: Cinderace|Cinderace, M|8\/100\n|-damage|p2a: Cinderace|0 fnt|[from] Stealth Rock\n|faint|p2a: Cinderace\n|\n|t:|1699856859\n|switch|p2a: Kingambit|Kingambit, M|100\/100\n|-damage|p2a: Kingambit|94\/100|[from] Stealth Rock\n|-damage|p2a: Kingambit|69\/100|[from] Spikes\n|-activate|p2a: Kingambit|ability: Supreme Overlord\n|-start|p2a: Kingambit|fallen3|[silent]\n|turn|21\n|\n|t:|1699856865\n|move|p1a: Alomomola|Scald|p2a: Kingambit\n|-damage|p2a: Kingambit|57\/100\n|-status|p2a: Kingambit|brn\n|move|p2a: Kingambit|Swords Dance|p2a: Kingambit\n|-boost|p2a: Kingambit|atk|2\n|\n|-damage|p2a: Kingambit|51\/100 brn|[from] brn\n|upkeep\n|turn|22\n|\n|t:|1699856872\n|move|p1a: Alomomola|Wish|p1a: Alomomola\n|move|p2a: Kingambit|Swords Dance|p2a: Kingambit\n|-boost|p2a: Kingambit|atk|2\n|\n|-damage|p2a: Kingambit|45\/100 brn|[from] brn\n|upkeep\n|turn|23\n|\n|t:|1699856879\n|move|p1a: Alomomola|Protect|p1a: Alomomola\n|-singleturn|p1a: Alomomola|Protect\n|move|p2a: Kingambit|Kowtow Cleave|p1a: Alomomola\n|-activate|p1a: Alomomola|move: Protect\n|\n|-heal|p1a: Alomomola|100\/100|[from] move: Wish|[wisher] Alomomola\n|-damage|p2a: Kingambit|39\/100 brn|[from] brn\n|upkeep\n|turn|24\n|\n|t:|1699856884\n|move|p1a: Alomomola|Wish|p1a: Alomomola\n|move|p2a: Kingambit|Kowtow Cleave|p1a: Alomomola\n|-damage|p1a: Alomomola|42\/100\n|\n|-damage|p2a: Kingambit|32\/100 brn|[from] brn\n|upkeep\n|turn|25\n|\n|t:|1699856896\n|move|p1a: Alomomola|Protect|p1a: Alomomola\n|-singleturn|p1a: Alomomola|Protect\n|move|p2a: Kingambit|Swords Dance|p2a: Kingambit\n|-boost|p2a: Kingambit|atk|2\n|\n|-heal|p1a: Alomomola|92\/100|[from] move: Wish|[wisher] Alomomola\n|-damage|p2a: Kingambit|26\/100 brn|[from] brn\n|upkeep\n|turn|26\n|\n|t:|1699856907\n|move|p1a: Alomomola|Scald|p2a: Kingambit\n|-crit|p2a: Kingambit\n|-damage|p2a: Kingambit|8\/100 brn\n|move|p2a: Kingambit|Kowtow Cleave|p1a: Alomomola\n|-damage|p1a: Alomomola|3\/100\n|\n|-damage|p2a: Kingambit|2\/100 brn|[from] brn\n|upkeep\n|turn|27\n|\n|t:|1699856915\n|move|p1a: Alomomola|Protect|p1a: Alomomola\n|-singleturn|p1a: Alomomola|Protect\n|move|p2a: Kingambit|Sucker Punch||[still]\n|-fail|p2a: Kingambit\n|\n|-damage|p2a: Kingambit|0 fnt|[from] brn\n|faint|p2a: Kingambit\n|-end|p2a: Kingambit|fallen3|[silent]\n|upkeep\n|\n|t:|1699856919\n|switch|p2a: Greninja|Greninja, M|100\/100\n|-damage|p2a: Greninja|88\/100|[from] Stealth Rock\n|-damage|p2a: Greninja|63\/100|[from] Spikes\n|turn|28\n|\n|t:|1699856927\n|move|p2a: Greninja|Grass Knot|p1a: Alomomola\n|-supereffective|p1a: Alomomola\n|-damage|p1a: Alomomola|0 fnt\n|faint|p1a: Alomomola\n|-ability|p2a: Greninja|Battle Bond|boost\n|-boost|p2a: Greninja|atk|1\n|-boost|p2a: Greninja|spa|1\n|-boost|p2a: Greninja|spe|1\n|-activate|p2a: Greninja|ability: Battle Bond\n|\n|upkeep\n|\n|t:|1699856935\n|switch|p1a: Slowking|Slowking-Galar, F|90\/100\n|turn|29\n|\n|t:|1699856944\n|-terastallize|p1a: Slowking|Poison\n|move|p2a: Greninja|Dark Pulse|p1a: Slowking\n|-damage|p1a: Slowking|59\/100\n|cant|p1a: Slowking|flinch\n|\n|upkeep\n|turn|30\n|\n|t:|1699856950\n|move|p2a: Greninja|Dark Pulse|p1a: Slowking\n|-damage|p1a: Slowking|28\/100\n|move|p1a: Slowking|Thunder Wave|p2a: Greninja\n|-status|p2a: Greninja|par\n|\n|upkeep\n|turn|31\n|\n|t:|1699856954\n|cant|p2a: Greninja|par\n|move|p1a: Slowking|Chilly Reception|p1a: Slowking\n|-weather|Snow\n|\n|t:|1699856957\n|switch|p1a: Ogerpon|Ogerpon-Wellspring, F|35\/100|[from] Chilly Reception\n|\n|-weather|Snow|[upkeep]\n|upkeep\n|turn|32\n|\n|t:|1699856961\n|move|p1a: Ogerpon|Horn Leech|p2a: Greninja\n|-supereffective|p2a: Greninja\n|-damage|p2a: Greninja|0 fnt\n|-heal|p1a: Ogerpon|65\/100|[from] drain|[of] p2a: Greninja\n|faint|p2a: Greninja\n|\n|-weather|Snow|[upkeep]\n|upkeep\n|c|\u2606BenBekigu|Gg wp\n|inactive|Holystea has 120 seconds left.\n|-message|Holystea forfeited.\n|\n|win|BenBekigu\n|raw|BenBekigu's rating: 1298 &rarr; <strong>1321<\/strong><br \/>(+23 for winning)\n|raw|Holystea's rating: 1270 &rarr; <strong>1247<\/strong><br \/>(-23 for losing)\n|l|\u2606Holystea\n","uploadtime":1699857012,"views":8,"p1id":"benbekigu","p2id":"holystea","formatid":"gen9ou","rating":1247,"private":0,"password":""}