{"id":"gen9ou-1994424100","p1":"Ihatekingambit12","p2":"idunno_honestly","format":"[Gen 9] OU","log":"|j|\u2606Ihatekingambit12\n|j|\u2606idunno_honestly\n|t:|1700442362\n|gametype|singles\n|player|p1|Ihatekingambit12|266|1215\n|player|p2|idunno_honestly|266|1303\n|teamsize|p1|6\n|teamsize|p2|6\n|gen|9\n|tier|[Gen 9] OU\n|rated|\n|rule|Sleep Clause Mod: Limit one foe put to sleep\n|rule|Species Clause: Limit one of each Pok\u00e9mon\n|rule|OHKO Clause: OHKO moves are banned\n|rule|Evasion Items Clause: Evasion items are banned\n|rule|Evasion Moves Clause: Evasion moves are banned\n|rule|Endless Battle Clause: Forcing endless battles is banned\n|rule|HP Percentage Mod: HP is shown in percentages\n|clearpoke\n|poke|p1|Weavile, F|\n|poke|p1|Salamence, M|\n|poke|p1|Glimmora, F|\n|poke|p1|Great Tusk|\n|poke|p1|Clefable, F|\n|poke|p1|Skeledirge, F|\n|poke|p2|Blissey, F|\n|poke|p2|Alomomola, M|\n|poke|p2|Dondozo, M|\n|poke|p2|Clefable, M|\n|poke|p2|Clodsire, F|\n|poke|p2|Corviknight, F|\n|teampreview\n|inactive|Battle timer is ON: inactive players will automatically lose when time's up. (requested by Ihatekingambit12)\n|\n|t:|1700442387\n|start\n|switch|p1a: Weavile|Weavile, F|100\/100\n|switch|p2a: Clefable|Clefable, M|100\/100\n|-ability|p1a: Weavile|Pressure\n|turn|1\n|\n|t:|1700442397\n|move|p1a: Weavile|Substitute|p1a: Weavile\n|-start|p1a: Weavile|Substitute\n|-damage|p1a: Weavile|76\/100\n|move|p2a: Clefable|Knock Off|p1a: Weavile\n|-resisted|p1a: Weavile\n|-activate|p1a: Weavile|move: Substitute|[damage]\n|\n|upkeep\n|turn|2\n|inactive|idunno_honestly has 120 seconds left.\n|\n|t:|1700442429\n|move|p1a: Weavile|Knock Off|p2a: Clefable\n|-resisted|p2a: Clefable\n|-damage|p2a: Clefable|72\/100\n|-enditem|p2a: Clefable|Leftovers|[from] move: Knock Off|[of] p1a: Weavile\n|move|p2a: Clefable|Moonblast|p1a: Weavile\n|-supereffective|p1a: Weavile\n|-end|p1a: Weavile|Substitute\n|\n|upkeep\n|turn|3\n|inactive|idunno_honestly has 120 seconds left.\n|\n|t:|1700442441\n|switch|p1a: Glimmora|Glimmora, F|100\/100\n|move|p2a: Clefable|Moonblast|p1a: Glimmora\n|-resisted|p1a: Glimmora\n|-damage|p1a: Glimmora|79\/100\n|-unboost|p1a: Glimmora|spa|1\n|\n|upkeep\n|turn|4\n|\n|t:|1700442449\n|switch|p2a: Clodsire|Clodsire, F|100\/100\n|move|p1a: Glimmora|Power Gem|p2a: Clodsire\n|-resisted|p2a: Clodsire\n|-damage|p2a: Clodsire|90\/100\n|\n|upkeep\n|turn|5\n|\n|t:|1700442460\n|switch|p1a: Salamence|Salamence, M|100\/100\n|move|p2a: Clodsire|Spikes|p1a: Salamence\n|-sidestart|p1: Ihatekingambit12|Spikes\n|\n|upkeep\n|turn|6\n|\n|t:|1700442473\n|move|p1a: Salamence|Earthquake|p2a: Clodsire\n|-supereffective|p2a: Clodsire\n|-damage|p2a: Clodsire|5\/100\n|move|p2a: Clodsire|Toxic|p1a: Salamence\n|-status|p1a: Salamence|tox\n|\n|-damage|p1a: Salamence|94\/100 tox|[from] psn\n|upkeep\n|turn|7\n|\n|t:|1700442491\n|switch|p1a: Glimmora|Glimmora, F|79\/100\n|-damage|p1a: Glimmora|67\/100|[from] Spikes\n|switch|p2a: Dondozo|Dondozo, M|100\/100\n|\n|upkeep\n|turn|8\n|\n|t:|1700442495\n|move|p1a: Glimmora|Stealth Rock|p2a: Dondozo\n|-sidestart|p2: idunno_honestly|move: Stealth Rock\n|move|p2a: Dondozo|Waterfall|p1a: Glimmora\n|-supereffective|p1a: Glimmora\n|-damage|p1a: Glimmora|4\/100\n|-damage|p2a: Dondozo|84\/100|[from] item: Rocky Helmet|[of] p1a: Glimmora\n|-activate|p1a: Glimmora|ability: Toxic Debris\n|-sidestart|p2: idunno_honestly|move: Toxic Spikes\n|\n|upkeep\n|turn|9\n|\n|t:|1700442507\n|switch|p2a: Clodsire|Clodsire, F|5\/100\n|-sideend|p2: idunno_honestly|move: Toxic Spikes|[of] p2a: Clodsire\n|move|p1a: Glimmora|Power Gem|p2a: Clodsire\n|-resisted|p2a: Clodsire\n|-damage|p2a: Clodsire|0 fnt\n|faint|p2a: Clodsire\n|\n|upkeep\n|\n|t:|1700442521\n|switch|p2a: Dondozo|Dondozo, M|84\/100\n|turn|10\n|\n|t:|1700442523\n|move|p1a: Glimmora|Sludge Bomb|p2a: Dondozo\n|-damage|p2a: Dondozo|37\/100\n|move|p2a: Dondozo|Waterfall|p1a: Glimmora\n|-supereffective|p1a: Glimmora\n|-damage|p1a: Glimmora|0 fnt\n|-damage|p2a: Dondozo|21\/100|[from] item: Rocky Helmet|[of] p1a: Glimmora\n|-activate|p1a: Glimmora|ability: Toxic Debris\n|-sidestart|p2: idunno_honestly|move: Toxic Spikes\n|faint|p1a: Glimmora\n|\n|upkeep\n|\n|t:|1700442535\n|switch|p1a: Clefable|Clefable, F|100\/100\n|turn|11\n|\n|t:|1700442552\n|switch|p2a: Corviknight|Corviknight, F|100\/100\n|-damage|p2a: Corviknight|88\/100|[from] Stealth Rock\n|-ability|p2a: Corviknight|Pressure\n|move|p1a: Clefable|Fire Blast|p2a: Corviknight\n|-supereffective|p2a: Corviknight\n|-damage|p2a: Corviknight|22\/100\n|\n|upkeep\n|turn|12\n|\n|t:|1700442557\n|move|p2a: Corviknight|Roost|p2a: Corviknight\n|-heal|p2a: Corviknight|72\/100\n|-singleturn|p2a: Corviknight|move: Roost\n|move|p1a: Clefable|Fire Blast|p2a: Corviknight|[miss]\n|-miss|p1a: Clefable|p2a: Corviknight\n|\n|upkeep\n|turn|13\n|\n|t:|1700442560\n|switch|p2a: Alomomola|Alomomola, M|100\/100\n|move|p1a: Clefable|Fire Blast|p2a: Alomomola\n|-resisted|p2a: Alomomola\n|-damage|p2a: Alomomola|83\/100\n|\n|upkeep\n|turn|14\n|\n|t:|1700442565\n|move|p1a: Clefable|Moonblast|p2a: Alomomola\n|-damage|p2a: Alomomola|39\/100\n|move|p2a: Alomomola|Wish|p2a: Alomomola\n|\n|upkeep\n|turn|15\n|\n|t:|1700442571\n|move|p2a: Alomomola|Protect|p2a: Alomomola\n|-singleturn|p2a: Alomomola|Protect\n|move|p1a: Clefable|Moonblast|p2a: Alomomola\n|-activate|p2a: Alomomola|move: Protect\n|\n|-heal|p2a: Alomomola|89\/100|[from] move: Wish|[wisher] Alomomola\n|upkeep\n|turn|16\n|\n|t:|1700442581\n|move|p1a: Clefable|Moonblast|p2a: Alomomola\n|-damage|p2a: Alomomola|37\/100\n|-unboost|p2a: Alomomola|spa|1\n|move|p2a: Alomomola|Wish|p2a: Alomomola\n|\n|upkeep\n|turn|17\n|\n|t:|1700442593\n|move|p2a: Alomomola|Protect|p2a: Alomomola\n|-singleturn|p2a: Alomomola|Protect\n|move|p1a: Clefable|Moonblast|p2a: Alomomola\n|-activate|p2a: Alomomola|move: Protect\n|\n|-heal|p2a: Alomomola|87\/100|[from] move: Wish|[wisher] Alomomola\n|upkeep\n|turn|18\n|\n|t:|1700442600\n|move|p1a: Clefable|Moonblast|p2a: Alomomola\n|-damage|p2a: Alomomola|34\/100\n|move|p2a: Alomomola|Wish|p2a: Alomomola\n|\n|upkeep\n|turn|19\n|\n|t:|1700442613\n|move|p1a: Clefable|Moonblast|p2a: Alomomola\n|-damage|p2a: Alomomola|0 fnt\n|faint|p2a: Alomomola\n|\n|upkeep\n|\n|t:|1700442615\n|switch|p2a: Dondozo|Dondozo, M|21\/100\n|turn|20\n|\n|t:|1700442619\n|move|p1a: Clefable|Fire Blast|p2a: Dondozo\n|-resisted|p2a: Dondozo\n|-damage|p2a: Dondozo|7\/100\n|move|p2a: Dondozo|Rest|p2a: Dondozo\n|-status|p2a: Dondozo|slp|[from] move: Rest\n|-heal|p2a: Dondozo|100\/100 slp|[silent]\n|\n|upkeep\n|turn|21\n|\n|t:|1700442629\n|move|p1a: Clefable|Chilling Water|p2a: Dondozo\n|-resisted|p2a: Dondozo\n|-damage|p2a: Dondozo|94\/100 slp\n|-unboost|p2a: Dondozo|atk|1\n|cant|p2a: Dondozo|slp\n|move|p2a: Dondozo|Sleep Talk|p2a: Dondozo\n|move|p2a: Dondozo|Rest||[from]move: Sleep Talk|[still]\n|-fail|p2a: Dondozo\n|\n|upkeep\n|turn|22\n|\n|t:|1700442658\n|move|p1a: Clefable|Chilling Water|p2a: Dondozo\n|-resisted|p2a: Dondozo\n|-damage|p2a: Dondozo|87\/100 slp\n|-unboost|p2a: Dondozo|atk|1\n|cant|p2a: Dondozo|slp\n|move|p2a: Dondozo|Sleep Talk|p2a: Dondozo\n|move|p2a: Dondozo|Curse|p2a: Dondozo|[from]move: Sleep Talk\n|-unboost|p2a: Dondozo|spe|1\n|-boost|p2a: Dondozo|atk|1\n|-boost|p2a: Dondozo|def|1\n|\n|upkeep\n|turn|23\n|inactive|idunno_honestly has 120 seconds left.\n|\n|t:|1700442676\n|move|p1a: Clefable|Chilling Water|p2a: Dondozo\n|-resisted|p2a: Dondozo\n|-damage|p2a: Dondozo|79\/100 slp\n|-unboost|p2a: Dondozo|atk|1\n|-curestatus|p2a: Dondozo|slp|[msg]\n|move|p2a: Dondozo|Sleep Talk||[still]\n|-fail|p2a: Dondozo\n|\n|upkeep\n|turn|24\n|\n|t:|1700442684\n|move|p1a: Clefable|Chilling Water|p2a: Dondozo\n|-resisted|p2a: Dondozo\n|-damage|p2a: Dondozo|72\/100\n|-unboost|p2a: Dondozo|atk|1\n|move|p2a: Dondozo|Rest|p2a: Dondozo\n|-status|p2a: Dondozo|slp|[from] move: Rest\n|-heal|p2a: Dondozo|100\/100 slp|[silent]\n|\n|upkeep\n|turn|25\n|-message|idunno_honestly forfeited.\n|\n|win|Ihatekingambit12\n|raw|Ihatekingambit12's rating: 1215 &rarr; <strong>1246<\/strong><br \/>(+31 for winning)\n|raw|idunno_honestly's rating: 1303 &rarr; <strong>1278<\/strong><br \/>(-25 for losing)\n|l|\u2606idunno_honestly\n","uploadtime":1700442694,"views":15,"p1id":"ihatekingambit12","p2id":"idunnohonestly","formatid":"gen9ou","rating":1246,"private":0,"password":""}