{"id":"gen9ou-1992996157","p1":"OmegaReap21","p2":"Katsu6624","format":"[Gen 9] OU","log":"|j|\u2606OmegaReap21\n|j|\u2606Katsu6624\n|t:|1700253831\n|gametype|singles\n|player|p1|OmegaReap21|265|1000\n|player|p2|Katsu6624|cynthia-gen4|1067\n|teamsize|p1|6\n|teamsize|p2|6\n|gen|9\n|tier|[Gen 9] OU\n|rated|\n|rule|Sleep Clause Mod: Limit one foe put to sleep\n|rule|Species Clause: Limit one of each Pok\u00e9mon\n|rule|OHKO Clause: OHKO moves are banned\n|rule|Evasion Items Clause: Evasion items are banned\n|rule|Evasion Moves Clause: Evasion moves are banned\n|rule|Endless Battle Clause: Forcing endless battles is banned\n|rule|HP Percentage Mod: HP is shown in percentages\n|clearpoke\n|poke|p1|Arbok, M|\n|poke|p1|Ariados, M|\n|poke|p1|Noctowl, M|\n|poke|p1|Coalossal, M|\n|poke|p1|Dusknoir, M|\n|poke|p1|Iron Moth|\n|poke|p2|Garchomp, M|\n|poke|p2|Spiritomb, M|\n|poke|p2|Milotic, F|\n|poke|p2|Braviary-Hisui, M|\n|poke|p2|Lucario, M|\n|poke|p2|Glaceon, F|\n|teampreview\n|inactive|Battle timer is ON: inactive players will automatically lose when time's up. (requested by Katsu6624)\n|\n|t:|1700253842\n|start\n|switch|p1a: Ariados|Ariados, M|100\/100\n|switch|p2a: Poubelle|Glaceon, F, shiny|100\/100\n|turn|1\n|\n|t:|1700253849\n|move|p2a: Poubelle|Blizzard|p1a: Ariados|[miss]\n|-miss|p2a: Poubelle|p1a: Ariados\n|move|p1a: Ariados|Sticky Web|p2a: Poubelle\n|-sidestart|p2: Katsu6624|move: Sticky Web\n|\n|upkeep\n|turn|2\n|\n|t:|1700253857\n|move|p2a: Poubelle|Blizzard|p1a: Ariados\n|-activate|p1a: Ariados|item: Focus Band\n|-damage|p1a: Ariados|1\/100\n|move|p1a: Ariados|Poison Jab|p2a: Poubelle\n|-damage|p2a: Poubelle|62\/100\n|\n|upkeep\n|turn|3\n|\n|t:|1700253864\n|move|p1a: Ariados|Sucker Punch|p2a: Poubelle\n|-damage|p2a: Poubelle|37\/100\n|move|p2a: Poubelle|Blizzard|p1a: Ariados|[miss]\n|-miss|p2a: Poubelle|p1a: Ariados\n|\n|upkeep\n|turn|4\n|\n|t:|1700253870\n|move|p2a: Poubelle|Blizzard|p1a: Ariados\n|-damage|p1a: Ariados|0 fnt\n|faint|p1a: Ariados\n|\n|upkeep\n|\n|t:|1700253877\n|switch|p1a: Coalossal|Coalossal, M|100\/100\n|turn|5\n|\n|t:|1700253880\n|move|p2a: Poubelle|Blizzard|p1a: Coalossal\n|-resisted|p1a: Coalossal\n|-damage|p1a: Coalossal|63\/100\n|move|p1a: Coalossal|Stealth Rock|p2a: Poubelle\n|-sidestart|p2: Katsu6624|move: Stealth Rock\n|\n|upkeep\n|turn|6\n|\n|t:|1700253885\n|move|p2a: Poubelle|Blizzard|p1a: Coalossal\n|-resisted|p1a: Coalossal\n|-damage|p1a: Coalossal|26\/100\n|move|p1a: Coalossal|Power Gem|p2a: Poubelle\n|-supereffective|p2a: Poubelle\n|-damage|p2a: Poubelle|0 fnt\n|faint|p2a: Poubelle\n|\n|upkeep\n|\n|t:|1700253891\n|switch|p2a: CUI CUI|Braviary-Hisui, M, shiny|100\/100\n|turn|7\n|\n|t:|1700253895\n|move|p2a: CUI CUI|Esper Wing|p1a: Coalossal\n|-damage|p1a: Coalossal|0 fnt\n|-boost|p2a: CUI CUI|spe|1\n|faint|p1a: Coalossal\n|\n|upkeep\n|\n|t:|1700253899\n|switch|p1a: Arbok|Arbok, M, shiny|100\/100\n|-ability|p1a: Arbok|Intimidate|boost\n|-unboost|p2a: CUI CUI|atk|1\n|turn|8\n|\n|t:|1700253909\n|-terastallize|p1a: Arbok|Dragon\n|move|p2a: CUI CUI|Esper Wing|p1a: Arbok\n|-damage|p1a: Arbok|55\/100\n|-boost|p2a: CUI CUI|spe|1\n|move|p1a: Arbok|Coil|p1a: Arbok\n|-boost|p1a: Arbok|atk|1\n|-boost|p1a: Arbok|def|1\n|-boost|p1a: Arbok|accuracy|1\n|\n|upkeep\n|turn|9\n|\n|t:|1700253920\n|move|p2a: CUI CUI|Hurricane|p1a: Arbok|[miss]\n|-miss|p2a: CUI CUI|p1a: Arbok\n|move|p1a: Arbok|Scale Shot|p2a: CUI CUI\n|-damage|p2a: CUI CUI|84\/100\n|-damage|p2a: CUI CUI|67\/100\n|-damage|p2a: CUI CUI|50\/100\n|-damage|p2a: CUI CUI|32\/100\n|-damage|p2a: CUI CUI|15\/100\n|-hitcount|p2a: CUI CUI|5\n|-unboost|p1a: Arbok|def|1\n|-boost|p1a: Arbok|spe|1\n|\n|upkeep\n|turn|10\n|\n|t:|1700253936\n|move|p2a: CUI CUI|Hurricane|p1a: Arbok\n|-damage|p1a: Arbok|0 fnt\n|faint|p1a: Arbok\n|\n|upkeep\n|\n|t:|1700253940\n|switch|p1a: Noctowl|Noctowl, M, shiny|100\/100\n|turn|11\n|\n|t:|1700253948\n|move|p2a: CUI CUI|Hurricane|p1a: Noctowl\n|-damage|p1a: Noctowl|67\/100\n|move|p1a: Noctowl|Hypnosis|p2a: CUI CUI|[miss]\n|-miss|p1a: Noctowl|p2a: CUI CUI\n|-enditem|p1a: Noctowl|Blunder Policy\n|-boost|p1a: Noctowl|spe|2\n|\n|upkeep\n|turn|12\n|\n|t:|1700253956\n|move|p2a: CUI CUI|Hurricane|p1a: Noctowl|[miss]\n|-miss|p2a: CUI CUI|p1a: Noctowl\n|move|p1a: Noctowl|Nasty Plot|p1a: Noctowl\n|-boost|p1a: Noctowl|spa|2\n|\n|upkeep\n|turn|13\n|\n|t:|1700253959\n|move|p2a: CUI CUI|Hurricane|p1a: Noctowl\n|-damage|p1a: Noctowl|33\/100\n|move|p1a: Noctowl|Air Slash|p2a: CUI CUI\n|-damage|p2a: CUI CUI|0 fnt\n|faint|p2a: CUI CUI\n|\n|upkeep\n|\n|t:|1700253971\n|switch|p2a: AGROU GROU|Lucario, M|100\/100\n|-activate|p2a: AGROU GROU|move: Sticky Web\n|-unboost|p2a: AGROU GROU|spe|1\n|-damage|p2a: AGROU GROU|98\/100|[from] Stealth Rock\n|turn|14\n|\n|t:|1700253979\n|-terastallize|p2a: AGROU GROU|Normal\n|move|p2a: AGROU GROU|Extreme Speed|p1a: Noctowl\n|-damage|p1a: Noctowl|0 fnt\n|faint|p1a: Noctowl\n|-damage|p2a: AGROU GROU|88\/100|[from] item: Life Orb\n|\n|upkeep\n|\n|t:|1700253988\n|switch|p1a: Iron Moth|Iron Moth|100\/100\n|-enditem|p1a: Iron Moth|Booster Energy\n|-activate|p1a: Iron Moth|ability: Quark Drive|[fromitem]\n|-start|p1a: Iron Moth|quarkdrivespa\n|turn|15\n|inactive|Katsu6624 has 120 seconds left.\n|\n|t:|1700254025\n|move|p2a: AGROU GROU|Extreme Speed|p1a: Iron Moth\n|-damage|p1a: Iron Moth|44\/100\n|-damage|p2a: AGROU GROU|78\/100|[from] item: Life Orb\n|move|p1a: Iron Moth|Sludge Wave|p2a: AGROU GROU\n|-damage|p2a: AGROU GROU|0 fnt\n|faint|p2a: AGROU GROU\n|\n|upkeep\n|\n|t:|1700254034\n|switch|p2a: Je stall|Milotic, F|100\/100\n|turn|16\n|\n|t:|1700254039\n|move|p1a: Iron Moth|Sludge Wave|p2a: Je stall\n|-damage|p2a: Je stall|65\/100\n|move|p2a: Je stall|Scald|p1a: Iron Moth\n|-supereffective|p1a: Iron Moth\n|-damage|p1a: Iron Moth|0 fnt\n|faint|p1a: Iron Moth\n|-end|p1a: Iron Moth|Quark Drive|[silent]\n|\n|upkeep\n|\n|t:|1700254043\n|switch|p1a: Dusknoir|Dusknoir, M|100\/100\n|-item|p2a: Je stall|Heavy-Duty Boots|[from] ability: Frisk|[of] p1a: Dusknoir|[identify]\n|turn|17\n|inactive|Katsu6624 has 120 seconds left.\n|inactive|Katsu6624 has 90 seconds left.\n|inactive|Katsu6624 has 60 seconds left.\n|\n|t:|1700254130\n|move|p2a: Je stall|Recover|p2a: Je stall\n|-heal|p2a: Je stall|100\/100\n|move|p1a: Dusknoir|Poltergeist|p2a: Je stall\n|-activate|p2a: Je stall|move: Poltergeist|Heavy-Duty Boots\n|-crit|p2a: Je stall\n|-damage|p2a: Je stall|0 fnt\n|faint|p2a: Je stall\n|\n|upkeep\n|\n|t:|1700254139\n|switch|p2a: Bzuuougururu|Spiritomb, M, shiny|100\/100\n|-activate|p2a: Bzuuougururu|move: Sticky Web\n|-unboost|p2a: Bzuuougururu|spe|1\n|-damage|p2a: Bzuuougururu|88\/100|[from] Stealth Rock\n|-ability|p2a: Bzuuougururu|Pressure\n|turn|18\n|inactive|Katsu6624 has 60 seconds left.\n|\n|t:|1700254146\n|move|p1a: Dusknoir|Poltergeist|p2a: Bzuuougururu\n|-activate|p2a: Bzuuougururu|move: Poltergeist|Leftovers\n|-damage|p2a: Bzuuougururu|0 fnt\n|faint|p2a: Bzuuougururu\n|\n|upkeep\n|\n|t:|1700254151\n|switch|p2a: ZEHAHAHAHAHAHA|Garchomp, M|100\/100\n|-activate|p2a: ZEHAHAHAHAHAHA|move: Sticky Web\n|-unboost|p2a: ZEHAHAHAHAHAHA|spe|1\n|-damage|p2a: ZEHAHAHAHAHAHA|94\/100|[from] Stealth Rock\n|turn|19\n|\n|t:|1700254160\n|move|p2a: ZEHAHAHAHAHAHA|Draco Meteor|p1a: Dusknoir|[miss]\n|-miss|p2a: ZEHAHAHAHAHAHA|p1a: Dusknoir\n|move|p1a: Dusknoir|Poltergeist|p2a: ZEHAHAHAHAHAHA\n|-activate|p2a: ZEHAHAHAHAHAHA|move: Poltergeist|Life Orb\n|-damage|p2a: ZEHAHAHAHAHAHA|20\/100\n|\n|upkeep\n|turn|20\n|c|\u2606OmegaReap21|gg\n|\n|t:|1700254169\n|move|p2a: ZEHAHAHAHAHAHA|Draco Meteor|p1a: Dusknoir|[miss]\n|-miss|p2a: ZEHAHAHAHAHAHA|p1a: Dusknoir\n|move|p1a: Dusknoir|Poltergeist|p2a: ZEHAHAHAHAHAHA|[miss]\n|-miss|p1a: Dusknoir|p2a: ZEHAHAHAHAHAHA\n|\n|upkeep\n|turn|21\n|\n|t:|1700254174\n|move|p2a: ZEHAHAHAHAHAHA|Draco Meteor|p1a: Dusknoir\n|-damage|p1a: Dusknoir|42\/100\n|-unboost|p2a: ZEHAHAHAHAHAHA|spa|2\n|-damage|p2a: ZEHAHAHAHAHAHA|11\/100|[from] item: Life Orb\n|move|p1a: Dusknoir|Poltergeist|p2a: ZEHAHAHAHAHAHA\n|-activate|p2a: ZEHAHAHAHAHAHA|move: Poltergeist|Life Orb\n|-damage|p2a: ZEHAHAHAHAHAHA|0 fnt\n|faint|p2a: ZEHAHAHAHAHAHA\n|\n|win|OmegaReap21\n|raw|OmegaReap21's rating: 1000 &rarr; <strong>1048<\/strong><br \/>(+48 for winning)\n|raw|Katsu6624's rating: 1067 &rarr; <strong>1043<\/strong><br \/>(-24 for losing)\n|c|\u2606Katsu6624|god\n","uploadtime":1700254184,"views":17,"p1id":"omegareap21","p2id":"katsu6624","formatid":"gen9ou","rating":1043,"private":0,"password":""}