{"id":"gen9ou-1989697419","p1":"Zuela","p2":"luizin_061","format":"[Gen 9] OU","log":"|j|\u2606Zuela\n|j|\u2606luizin_061\n|t:|1699887860\n|gametype|singles\n|player|p1|Zuela|2|1013\n|player|p2|luizin_061|skier|1003\n|teamsize|p1|4\n|teamsize|p2|6\n|gen|9\n|tier|[Gen 9] OU\n|rated|\n|rule|Sleep Clause Mod: Limit one foe put to sleep\n|rule|Species Clause: Limit one of each Pok\u00e9mon\n|rule|OHKO Clause: OHKO moves are banned\n|rule|Evasion Items Clause: Evasion items are banned\n|rule|Evasion Moves Clause: Evasion moves are banned\n|rule|Endless Battle Clause: Forcing endless battles is banned\n|rule|HP Percentage Mod: HP is shown in percentages\n|clearpoke\n|poke|p1|Sneasler, M|\n|poke|p1|Iron Valiant|\n|poke|p1|Clefable, F|\n|poke|p1|Cinderace, M|\n|poke|p2|Iron Treads|\n|poke|p2|Garchomp, M|\n|poke|p2|Arcanine, M|\n|poke|p2|Rillaboom, M|\n|poke|p2|Ditto|\n|poke|p2|Rotom-Wash|\n|teampreview\n|\n|t:|1699887872\n|start\n|switch|p1a: Clefable|Clefable, F, shiny|100\/100\n|switch|p2a: Ditto|Ditto, shiny|100\/100\n|-transform|p2a: Ditto|p1a: Clefable|[from] ability: Imposter\n|turn|1\n|\n|t:|1699887884\n|move|p2a: Ditto|Cosmic Power|p2a: Ditto\n|-boost|p2a: Ditto|def|1\n|-boost|p2a: Ditto|spd|1\n|move|p1a: Clefable|Cosmic Power|p1a: Clefable\n|-boost|p1a: Clefable|def|1\n|-boost|p1a: Clefable|spd|1\n|\n|upkeep\n|turn|2\n|\n|t:|1699887898\n|move|p2a: Ditto|Cosmic Power|p2a: Ditto\n|-boost|p2a: Ditto|def|1\n|-boost|p2a: Ditto|spd|1\n|move|p1a: Clefable|Cosmic Power|p1a: Clefable\n|-boost|p1a: Clefable|def|1\n|-boost|p1a: Clefable|spd|1\n|\n|upkeep\n|turn|3\n|\n|t:|1699887906\n|move|p2a: Ditto|Cosmic Power|p2a: Ditto\n|-boost|p2a: Ditto|def|1\n|-boost|p2a: Ditto|spd|1\n|move|p1a: Clefable|Cosmic Power|p1a: Clefable\n|-boost|p1a: Clefable|def|1\n|-boost|p1a: Clefable|spd|1\n|\n|upkeep\n|turn|4\n|\n|t:|1699887914\n|move|p2a: Ditto|Cosmic Power|p2a: Ditto\n|-boost|p2a: Ditto|def|1\n|-boost|p2a: Ditto|spd|1\n|move|p1a: Clefable|Cosmic Power|p1a: Clefable\n|-boost|p1a: Clefable|def|1\n|-boost|p1a: Clefable|spd|1\n|\n|upkeep\n|turn|5\n|\n|t:|1699887927\n|-terastallize|p1a: Clefable|Fire\n|move|p2a: Ditto|Cosmic Power|p2a: Ditto\n|-boost|p2a: Ditto|def|1\n|-boost|p2a: Ditto|spd|1\n|move|p1a: Clefable|Flamethrower|p2a: Ditto\n|-damage|p2a: Ditto|32\/100\n|\n|upkeep\n|turn|6\n|\n|t:|1699887942\n|switch|p2a: Rotom|Rotom-Wash|100\/100\n|move|p1a: Clefable|Stored Power|p2a: Rotom\n|-damage|p2a: Rotom|39\/100\n|\n|upkeep\n|turn|7\n|\n|t:|1699887952\n|move|p2a: Rotom|Hydro Pump|p1a: Clefable\n|-supereffective|p1a: Clefable\n|-damage|p1a: Clefable|61\/100\n|-damage|p2a: Rotom|30\/100|[from] item: Life Orb\n|move|p1a: Clefable|Stored Power|p2a: Rotom\n|-damage|p2a: Rotom|0 fnt\n|faint|p2a: Rotom\n|\n|-heal|p1a: Clefable|67\/100|[from] item: Leftovers\n|upkeep\n|\n|t:|1699887962\n|switch|p2a: Ditto|Ditto, shiny|32\/100\n|-transform|p2a: Ditto|p1a: Clefable|[from] ability: Imposter\n|-start|p2a: Ditto|typechange|Fairy|[silent]\n|turn|8\n|\n|t:|1699887978\n|move|p2a: Ditto|Stored Power|p1a: Clefable\n|-damage|p1a: Clefable|15\/100\n|move|p1a: Clefable|Flamethrower|p2a: Ditto\n|-damage|p2a: Ditto|0 fnt\n|faint|p2a: Ditto\n|\n|-heal|p1a: Clefable|21\/100|[from] item: Leftovers\n|upkeep\n|\n|t:|1699887994\n|switch|p2a: Iron Treads|Iron Treads, shiny|100\/100\n|-enditem|p2a: Iron Treads|Booster Energy\n|-activate|p2a: Iron Treads|ability: Quark Drive|[fromitem]\n|-start|p2a: Iron Treads|quarkdrivespe\n|turn|9\n|\n|t:|1699888002\n|move|p2a: Iron Treads|Earthquake|p1a: Clefable\n|-supereffective|p1a: Clefable\n|-damage|p1a: Clefable|0 fnt\n|faint|p1a: Clefable\n|\n|upkeep\n|\n|t:|1699888010\n|switch|p1a: Sneasler|Sneasler, M, shiny|100\/100\n|-item|p1a: Sneasler|Air Balloon\n|turn|10\n|\n|t:|1699888019\n|move|p2a: Iron Treads|Stealth Rock|p1a: Sneasler\n|-sidestart|p1: Zuela|move: Stealth Rock\n|move|p1a: Sneasler|Swords Dance|p1a: Sneasler\n|-boost|p1a: Sneasler|atk|2\n|\n|upkeep\n|turn|11\n|\n|t:|1699888025\n|move|p2a: Iron Treads|Earthquake|p1a: Sneasler\n|-immune|p1a: Sneasler\n|move|p1a: Sneasler|Close Combat|p2a: Iron Treads\n|-supereffective|p2a: Iron Treads\n|-damage|p2a: Iron Treads|0 fnt\n|-unboost|p1a: Sneasler|def|1\n|-unboost|p1a: Sneasler|spd|1\n|faint|p2a: Iron Treads\n|-end|p2a: Iron Treads|Quark Drive|[silent]\n|\n|upkeep\n|\n|t:|1699888046\n|switch|p2a: Rillaboom|Rillaboom, M|100\/100\n|-fieldstart|move: Grassy Terrain|[from] ability: Grassy Surge|[of] p2a: Rillaboom\n|turn|12\n|\n|t:|1699888056\n|move|p1a: Sneasler|Dire Claw|p2a: Rillaboom\n|-supereffective|p2a: Rillaboom\n|-damage|p2a: Rillaboom|0 fnt\n|faint|p2a: Rillaboom\n|\n|upkeep\n|\n|t:|1699888063\n|switch|p2a: Arcanine|Arcanine, M|100\/100\n|-ability|p2a: Arcanine|Intimidate|boost\n|-unboost|p1a: Sneasler|atk|1\n|turn|13\n|\n|t:|1699888073\n|move|p1a: Sneasler|Close Combat|p2a: Arcanine\n|-damage|p2a: Arcanine|0 fnt\n|-unboost|p1a: Sneasler|def|1\n|-unboost|p1a: Sneasler|spd|1\n|faint|p2a: Arcanine\n|\n|upkeep\n|-message|luizin_061 forfeited.\n|\n|win|Zuela\n|raw|Zuela's rating: 1013 &rarr; <strong>1050<\/strong><br \/>(+37 for winning)\n|raw|luizin_061's rating: 1003 &rarr; <strong>1000<\/strong><br \/>(-3 for losing)\n|l|\u2606luizin_061\n","uploadtime":1699888086,"views":25,"p1id":"zuela","p2id":"luizin061","formatid":"gen9ou","rating":1000,"private":0,"password":""}