{"id":"gen9ou-1990365598","p1":"jzhuc1841","p2":"YOSHlNlAN","format":"[Gen 9] OU","log":"|j|\u2606jzhuc1841\n|j|\u2606YOSHlNlAN\n|t:|1699962740\n|gametype|singles\n|player|p1|jzhuc1841|hilbert-wonderlauncher|1484\n|player|p2|YOSHlNlAN|colress|1534\n|teamsize|p1|6\n|teamsize|p2|6\n|gen|9\n|tier|[Gen 9] OU\n|rated|\n|rule|Sleep Clause Mod: Limit one foe put to sleep\n|rule|Species Clause: Limit one of each Pok\u00e9mon\n|rule|OHKO Clause: OHKO moves are banned\n|rule|Evasion Items Clause: Evasion items are banned\n|rule|Evasion Moves Clause: Evasion moves are banned\n|rule|Endless Battle Clause: Forcing endless battles is banned\n|rule|HP Percentage Mod: HP is shown in percentages\n|clearpoke\n|poke|p1|Ogerpon-Wellspring, F|\n|poke|p1|Kingambit, F|\n|poke|p1|Iron Moth|\n|poke|p1|Iron Valiant|\n|poke|p1|Zamazenta-*|\n|poke|p1|Glimmora, F|\n|poke|p2|Corviknight, M|\n|poke|p2|Iron Thorns|\n|poke|p2|Meowscarada, F|\n|poke|p2|Mew|\n|poke|p2|Heatran, M|\n|poke|p2|Walking Wake|\n|teampreview\n|inactive|Battle timer is ON: inactive players will automatically lose when time's up. (requested by YOSHlNlAN)\n|\n|t:|1699962750\n|start\n|switch|p1a: Glimmora|Glimmora, F|100\/100\n|switch|p2a: Heatran|Heatran, M|100\/100\n|-item|p1a: Glimmora|Air Balloon\n|turn|1\n|\n|t:|1699962754\n|move|p1a: Glimmora|Stealth Rock|p2a: Heatran\n|-sidestart|p2: YOSHlNlAN|move: Stealth Rock\n|move|p2a: Heatran|Flash Cannon|p1a: Glimmora\n|-supereffective|p1a: Glimmora\n|-damage|p1a: Glimmora|0 fnt\n|-enditem|p1a: Glimmora|Air Balloon\n|faint|p1a: Glimmora\n|\n|upkeep\n|\n|t:|1699962761\n|switch|p1a: Ogerpon|Ogerpon-Wellspring, F|100\/100\n|turn|2\n|\n|t:|1699962764\n|switch|p2a: Corviknight|Corviknight, M, shiny|100\/100\n|-damage|p2a: Corviknight|88\/100|[from] Stealth Rock\n|-ability|p2a: Corviknight|Pressure\n|move|p1a: Ogerpon|Trailblaze|p2a: Corviknight\n|-resisted|p2a: Corviknight\n|-damage|p2a: Corviknight|83\/100\n|-boost|p1a: Ogerpon|spe|1\n|-damage|p1a: Ogerpon|84\/100|[from] item: Rocky Helmet|[of] p2a: Corviknight\n|\n|upkeep\n|turn|3\n|\n|t:|1699962771\n|move|p1a: Ogerpon|Swords Dance|p1a: Ogerpon\n|-boost|p1a: Ogerpon|atk|2\n|move|p2a: Corviknight|Defog|p1a: Ogerpon\n|-unboost|p1a: Ogerpon|evasion|1\n|-sideend|p2: YOSHlNlAN|Stealth Rock|[from] move: Defog|[of] p2a: Corviknight\n|\n|upkeep\n|turn|4\n|\n|t:|1699962779\n|move|p1a: Ogerpon|Ivy Cudgel|p2a: Corviknight|[anim] Ivy Cudgel Water\n|-crit|p2a: Corviknight\n|-damage|p2a: Corviknight|0 fnt\n|faint|p2a: Corviknight\n|\n|upkeep\n|\n|t:|1699962782\n|switch|p2a: Mew|Mew, shiny|100\/100\n|turn|5\n|\n|t:|1699962786\n|move|p1a: Ogerpon|Ivy Cudgel|p2a: Mew|[anim] Ivy Cudgel Water\n|-damage|p2a: Mew|8\/100\n|move|p2a: Mew|Thunder Wave|p1a: Ogerpon\n|-status|p1a: Ogerpon|par\n|\n|-heal|p2a: Mew|14\/100|[from] item: Leftovers\n|upkeep\n|turn|6\n|\n|t:|1699962792\n|cant|p1a: Ogerpon|par\n|move|p2a: Mew|Calm Mind|p2a: Mew\n|-boost|p2a: Mew|spa|1\n|-boost|p2a: Mew|spd|1\n|\n|-heal|p2a: Mew|20\/100|[from] item: Leftovers\n|upkeep\n|turn|7\n|\n|t:|1699962797\n|cant|p1a: Ogerpon|par\n|move|p2a: Mew|Calm Mind|p2a: Mew\n|-boost|p2a: Mew|spa|1\n|-boost|p2a: Mew|spd|1\n|\n|-heal|p2a: Mew|26\/100|[from] item: Leftovers\n|upkeep\n|turn|8\n|\n|t:|1699962800\n|cant|p1a: Ogerpon|par\n|move|p2a: Mew|Stored Power|p1a: Ogerpon\n|-damage|p1a: Ogerpon|0 fnt\n|faint|p1a: Ogerpon\n|\n|-heal|p2a: Mew|32\/100|[from] item: Leftovers\n|upkeep\n|\n|t:|1699962807\n|switch|p1a: Zamazenta|Zamazenta|100\/100\n|-ability|p1a: Zamazenta|Dauntless Shield|boost\n|-boost|p1a: Zamazenta|def|1\n|turn|9\n|\n|t:|1699962810\n|move|p1a: Zamazenta|Crunch|p2a: Mew\n|-supereffective|p2a: Mew\n|-damage|p2a: Mew|0 fnt\n|faint|p2a: Mew\n|\n|upkeep\n|\n|t:|1699962813\n|switch|p2a: Walking Wake|Walking Wake|100\/100\n|turn|10\n|\n|t:|1699962821\n|move|p1a: Zamazenta|Body Press|p2a: Walking Wake\n|-damage|p2a: Walking Wake|32\/100\n|move|p2a: Walking Wake|Hydro Steam|p1a: Zamazenta\n|-damage|p1a: Zamazenta|45\/100\n|\n|-heal|p1a: Zamazenta|51\/100|[from] item: Leftovers\n|upkeep\n|turn|11\n|\n|t:|1699962826\n|move|p1a: Zamazenta|Body Press|p2a: Walking Wake\n|-damage|p2a: Walking Wake|0 fnt\n|faint|p2a: Walking Wake\n|-end|p2a: Walking Wake|Protosynthesis|[silent]\n|\n|-heal|p1a: Zamazenta|57\/100|[from] item: Leftovers\n|upkeep\n|\n|t:|1699962829\n|switch|p2a: Heatran|Heatran, M|100\/100\n|turn|12\n|\n|t:|1699962834\n|-terastallize|p2a: Heatran|Grass\n|move|p1a: Zamazenta|Substitute|p1a: Zamazenta\n|-start|p1a: Zamazenta|Substitute\n|-damage|p1a: Zamazenta|32\/100\n|move|p2a: Heatran|Magma Storm|p1a: Zamazenta\n|-end|p1a: Zamazenta|Substitute\n|\n|-heal|p1a: Zamazenta|38\/100|[from] item: Leftovers\n|upkeep\n|turn|13\n|\n|t:|1699962841\n|move|p1a: Zamazenta|Substitute|p1a: Zamazenta\n|-start|p1a: Zamazenta|Substitute\n|-damage|p1a: Zamazenta|13\/100\n|move|p2a: Heatran|Flash Cannon|p1a: Zamazenta\n|-end|p1a: Zamazenta|Substitute\n|\n|-heal|p1a: Zamazenta|20\/100|[from] item: Leftovers\n|upkeep\n|turn|14\n|\n|t:|1699962847\n|move|p1a: Zamazenta|Body Press|p2a: Heatran\n|-damage|p2a: Heatran|52\/100\n|move|p2a: Heatran|Flash Cannon|p1a: Zamazenta\n|-damage|p1a: Zamazenta|0 fnt\n|faint|p1a: Zamazenta\n|\n|upkeep\n|\n|t:|1699962851\n|switch|p1a: Iron Moth|Iron Moth|100\/100\n|-enditem|p1a: Iron Moth|Booster Energy\n|-activate|p1a: Iron Moth|ability: Quark Drive|[fromitem]\n|-start|p1a: Iron Moth|quarkdrivespe\n|turn|15\n|\n|t:|1699962855\n|move|p1a: Iron Moth|Sludge Wave|p2a: Heatran\n|-supereffective|p2a: Heatran\n|-damage|p2a: Heatran|0 fnt\n|faint|p2a: Heatran\n|\n|upkeep\n|\n|t:|1699962861\n|switch|p2a: Meowscarada|Meowscarada, F|100\/100\n|turn|16\n|\n|t:|1699962864\n|move|p2a: Meowscarada|Sucker Punch|p1a: Iron Moth\n|-start|p2a: Meowscarada|typechange|Dark|[from] ability: Protean\n|-damage|p1a: Iron Moth|57\/100\n|move|p1a: Iron Moth|Fiery Dance|p2a: Meowscarada\n|-damage|p2a: Meowscarada|39\/100\n|\n|upkeep\n|turn|17\n|\n|t:|1699962872\n|move|p2a: Meowscarada|Sucker Punch|p1a: Iron Moth\n|-damage|p1a: Iron Moth|12\/100\n|move|p1a: Iron Moth|Fiery Dance|p2a: Meowscarada\n|-damage|p2a: Meowscarada|0 fnt\n|-boost|p1a: Iron Moth|spa|1\n|faint|p2a: Meowscarada\n|\n|upkeep\n|\n|t:|1699962874\n|switch|p2a: Iron Thorns|Iron Thorns, shiny|100\/100\n|-enditem|p2a: Iron Thorns|Booster Energy\n|-activate|p2a: Iron Thorns|ability: Quark Drive|[fromitem]\n|-start|p2a: Iron Thorns|quarkdriveatk\n|turn|18\n|\n|t:|1699962882\n|-terastallize|p1a: Iron Moth|Grass\n|move|p1a: Iron Moth|Energy Ball|p2a: Iron Thorns\n|-supereffective|p2a: Iron Thorns\n|-crit|p2a: Iron Thorns\n|-damage|p2a: Iron Thorns|0 fnt\n|faint|p2a: Iron Thorns\n|-end|p2a: Iron Thorns|Quark Drive|[silent]\n|\n|win|jzhuc1841\n|raw|jzhuc1841's rating: 1484 &rarr; <strong>1507<\/strong><br \/>(+23 for winning)\n|raw|YOSHlNlAN's rating: 1534 &rarr; <strong>1511<\/strong><br \/>(-23 for losing)\n|l|\u2606YOSHlNlAN\n","uploadtime":1699962894,"views":6,"p1id":"jzhuc1841","p2id":"yoshlnlan","formatid":"gen9ou","rating":1507,"private":0,"password":""}