{"id":"gen9ou-1994266776","p1":"Football_12","p2":"dawggggg","format":"[Gen 9] OU","log":"|j|\u2606Football_12\n|j|\u2606dawggggg\n|t:|1700425166\n|gametype|singles\n|player|p1|Football_12|170|1041\n|player|p2|dawggggg|102|1000\n|teamsize|p1|6\n|teamsize|p2|6\n|gen|9\n|tier|[Gen 9] OU\n|rated|\n|rule|Sleep Clause Mod: Limit one foe put to sleep\n|rule|Species Clause: Limit one of each Pok\u00e9mon\n|rule|OHKO Clause: OHKO moves are banned\n|rule|Evasion Items Clause: Evasion items are banned\n|rule|Evasion Moves Clause: Evasion moves are banned\n|rule|Endless Battle Clause: Forcing endless battles is banned\n|rule|HP Percentage Mod: HP is shown in percentages\n|clearpoke\n|poke|p1|Sneasler, M|\n|poke|p1|Toxapex, F|\n|poke|p1|Kleavor, F|\n|poke|p1|Tornadus-Therian, M|\n|poke|p1|Zoroark-Hisui, M|\n|poke|p1|Dudunsparce-*, F|\n|poke|p2|Blissey, F|\n|poke|p2|Gholdengo|\n|poke|p2|Greninja-*, M|\n|poke|p2|Dragapult, M|\n|poke|p2|Garchomp, F|\n|poke|p2|Gengar, M|\n|teampreview\n|\n|t:|1700425176\n|start\n|switch|p1a: Sneasler|Sneasler, M|100\/100\n|switch|p2a: Blissey|Blissey, F, shiny|100\/100\n|turn|1\n|\n|t:|1700425184\n|move|p1a: Sneasler|Fake Out|p2a: Blissey\n|-damage|p2a: Blissey|82\/100\n|-damage|p1a: Sneasler|91\/100|[from] item: Life Orb\n|cant|p2a: Blissey|flinch\n|\n|-heal|p2a: Blissey|88\/100|[from] item: Leftovers\n|upkeep\n|turn|2\n|\n|t:|1700425193\n|move|p1a: Sneasler|Close Combat|p2a: Blissey\n|-supereffective|p2a: Blissey\n|-damage|p2a: Blissey|0 fnt\n|-unboost|p1a: Sneasler|def|1\n|-unboost|p1a: Sneasler|spd|1\n|faint|p2a: Blissey\n|-damage|p1a: Sneasler|81\/100|[from] item: Life Orb\n|\n|upkeep\n|\n|t:|1700425203\n|switch|p2a: Gengar|Gengar, M|100\/100\n|turn|3\n|\n|t:|1700425210\n|move|p2a: Gengar|Toxic Spikes|p1a: Sneasler\n|-sidestart|p1: Football_12|move: Toxic Spikes\n|move|p1a: Sneasler|U-turn|p2a: Gengar\n|-resisted|p2a: Gengar\n|-damage|p2a: Gengar|84\/100\n|-damage|p1a: Sneasler|71\/100|[from] item: Life Orb\n|\n|t:|1700425215\n|switch|p1a: Toxapex|Toxapex, F|100\/100|[from] U-turn\n|-sideend|p1: Football_12|move: Toxic Spikes|[of] p1a: Toxapex\n|\n|-heal|p2a: Gengar|91\/100|[from] item: Leftovers\n|upkeep\n|turn|4\n|\n|t:|1700425229\n|move|p2a: Gengar|Sludge Bomb|p1a: Toxapex\n|-resisted|p1a: Toxapex\n|-damage|p1a: Toxapex|84\/100\n|move|p1a: Toxapex|Toxic Spikes|p2a: Gengar\n|-sidestart|p2: dawggggg|move: Toxic Spikes\n|\n|-heal|p2a: Gengar|97\/100|[from] item: Leftovers\n|upkeep\n|turn|5\n|\n|t:|1700425240\n|move|p2a: Gengar|Hex|p1a: Toxapex\n|-damage|p1a: Toxapex|59\/100\n|move|p1a: Toxapex|Toxic Spikes|p2a: Gengar\n|-sidestart|p2: dawggggg|move: Toxic Spikes\n|\n|-heal|p2a: Gengar|100\/100|[from] item: Leftovers\n|upkeep\n|turn|6\n|\n|t:|1700425253\n|switch|p1a: Tornadus|Tornadus-Therian, M|100\/100\n|move|p2a: Gengar|Sludge Bomb|p1a: Tornadus\n|-damage|p1a: Tornadus|31\/100\n|\n|upkeep\n|turn|7\n|\n|t:|1700425263\n|move|p2a: Gengar|Toxic Spikes|p1a: Tornadus\n|-sidestart|p1: Football_12|move: Toxic Spikes\n|move|p1a: Tornadus|Tailwind|p1a: Tornadus\n|-sidestart|p1: Football_12|move: Tailwind\n|\n|upkeep\n|turn|8\n|\n|t:|1700425271\n|move|p1a: Tornadus|Bleakwind Storm|p2a: Gengar\n|-damage|p2a: Gengar|10\/100\n|-start|p1a: Tornadus|Disable|Bleakwind Storm|[from] ability: Cursed Body|[of] p2a: Gengar\n|move|p2a: Gengar|Sludge Bomb|p1a: Tornadus\n|-damage|p1a: Tornadus|0 fnt\n|faint|p1a: Tornadus\n|\n|-heal|p2a: Gengar|17\/100|[from] item: Leftovers\n|upkeep\n|\n|t:|1700425282\n|switch|p1a: Sneasler|Sneasler, M|71\/100\n|-sideend|p1: Football_12|move: Toxic Spikes|[of] p1a: Sneasler\n|turn|9\n|\n|t:|1700425290\n|move|p1a: Sneasler|U-turn|p2a: Gengar\n|-resisted|p2a: Gengar\n|-damage|p2a: Gengar|1\/100\n|-start|p1a: Sneasler|Disable|U-turn|[from] ability: Cursed Body|[of] p2a: Gengar\n|-damage|p1a: Sneasler|61\/100|[from] item: Life Orb\n|\n|t:|1700425299\n|switch|p1a: Toxapex|Toxapex, F|93\/100|[from] U-turn\n|move|p2a: Gengar|Sludge Bomb|p1a: Toxapex\n|-resisted|p1a: Toxapex\n|-damage|p1a: Toxapex|76\/100\n|\n|-heal|p2a: Gengar|7\/100|[from] item: Leftovers\n|upkeep\n|turn|10\n|\n|t:|1700425309\n|move|p2a: Gengar|Will-O-Wisp|p1a: Toxapex\n|-status|p1a: Toxapex|brn\n|move|p1a: Toxapex|Poison Jab|p2a: Gengar\n|-resisted|p2a: Gengar\n|-damage|p2a: Gengar|3\/100\n|\n|-heal|p2a: Gengar|9\/100|[from] item: Leftovers\n|-damage|p1a: Toxapex|70\/100 brn|[from] brn\n|-sideend|p1: Football_12|move: Tailwind\n|upkeep\n|turn|11\n|\n|t:|1700425330\n|move|p2a: Gengar|Hex|p1a: Toxapex\n|-damage|p1a: Toxapex|16\/100 brn\n|move|p1a: Toxapex|Toxic|p2a: Gengar\n|-immune|p2a: Gengar\n|\n|-heal|p2a: Gengar|15\/100|[from] item: Leftovers\n|-damage|p1a: Toxapex|10\/100 brn|[from] brn\n|upkeep\n|turn|12\n|\n|t:|1700425339\n|move|p2a: Gengar|Sludge Bomb|p1a: Toxapex\n|-resisted|p1a: Toxapex\n|-damage|p1a: Toxapex|0 fnt\n|faint|p1a: Toxapex\n|\n|-heal|p2a: Gengar|21\/100|[from] item: Leftovers\n|upkeep\n|\n|t:|1700425347\n|switch|p1a: Sneasler|Sneasler, M|61\/100\n|turn|13\n|\n|t:|1700425355\n|move|p1a: Sneasler|Fake Out|p2a: Gengar\n|-immune|p2a: Gengar\n|move|p2a: Gengar|Hex|p1a: Sneasler\n|-damage|p1a: Sneasler|18\/100\n|\n|-heal|p2a: Gengar|27\/100|[from] item: Leftovers\n|upkeep\n|turn|14\n|\n|t:|1700425367\n|move|p2a: Gengar|Will-O-Wisp|p1a: Sneasler\n|-status|p1a: Sneasler|brn\n|move|p1a: Sneasler|U-turn|p2a: Gengar\n|-resisted|p2a: Gengar\n|-damage|p2a: Gengar|19\/100\n|-damage|p1a: Sneasler|8\/100 brn|[from] item: Life Orb\n|\n|t:|1700425376\n|switch|p1a: Dudunsparce|Dudunsparce-Three-Segment, F|100\/100|[from] U-turn\n|\n|-heal|p2a: Gengar|25\/100|[from] item: Leftovers\n|upkeep\n|turn|15\n|\n|t:|1700425385\n|move|p1a: Dudunsparce|Shadow Sneak|p2a: Gengar\n|-supereffective|p2a: Gengar\n|-damage|p2a: Gengar|0 fnt\n|-start|p1a: Dudunsparce|Disable|Shadow Sneak|[from] ability: Cursed Body|[of] p2a: Gengar\n|faint|p2a: Gengar\n|\n|upkeep\n|\n|t:|1700425392\n|switch|p2a: Gholdengo|Gholdengo|100\/100\n|turn|16\n|\n|t:|1700425400\n|switch|p1a: Sneasler|Sneasler, M|8\/100 brn\n|move|p2a: Gholdengo|Nasty Plot|p2a: Gholdengo\n|-boost|p2a: Gholdengo|spa|2\n|\n|-damage|p1a: Sneasler|2\/100 brn|[from] brn\n|upkeep\n|turn|17\n|\n|t:|1700425416\n|move|p1a: Sneasler|U-turn|p2a: Gholdengo\n|-resisted|p2a: Gholdengo\n|-damage|p2a: Gholdengo|97\/100\n|-damage|p1a: Sneasler|0 fnt|[from] item: Life Orb\n|faint|p1a: Sneasler\n|move|p2a: Gholdengo|Nasty Plot|p2a: Gholdengo\n|-boost|p2a: Gholdengo|spa|2\n|\n|upkeep\n|\n|t:|1700425425\n|switch|p1a: Dudunsparce|Dudunsparce-Three-Segment, F|100\/100\n|turn|18\n|\n|t:|1700425433\n|move|p1a: Dudunsparce|Bitter Malice|p2a: Gholdengo\n|-supereffective|p2a: Gholdengo\n|-damage|p2a: Gholdengo|28\/100\n|-unboost|p2a: Gholdengo|atk|1\n|move|p2a: Gholdengo|Make It Rain|p1a: Dudunsparce\n|-damage|p1a: Dudunsparce|0 fnt\n|-unboost|p2a: Gholdengo|spa|1\n|replace|p1a: Zoroark|Zoroark-Hisui, M\n|-end|p1a: Zoroark|Illusion\n|faint|p1a: Zoroark\n|\n|upkeep\n|\n|t:|1700425465\n|switch|p1a: Kleavor|Kleavor, F|100\/100\n|turn|19\n|\n|t:|1700425474\n|move|p1a: Kleavor|Night Slash|p2a: Gholdengo\n|-supereffective|p2a: Gholdengo\n|-crit|p2a: Gholdengo\n|-damage|p2a: Gholdengo|0 fnt\n|faint|p2a: Gholdengo\n|\n|upkeep\n|\n|t:|1700425480\n|switch|p2a: Dragapult|Dragapult, M|100\/100\n|-status|p2a: Dragapult|tox\n|turn|20\n|\n|t:|1700425505\n|move|p2a: Dragapult|Dragon Darts|p1a: Kleavor\n|-damage|p1a: Kleavor|78\/100\n|-anim|p2a: Dragapult|Dragon Darts|p1a: Kleavor\n|-crit|p1a: Kleavor\n|-damage|p1a: Kleavor|42\/100\n|move|p1a: Kleavor|Night Slash|p2a: Dragapult\n|-supereffective|p2a: Dragapult\n|-damage|p2a: Dragapult|28\/100 tox\n|\n|-damage|p2a: Dragapult|22\/100 tox|[from] psn\n|upkeep\n|turn|21\n|\n|t:|1700425521\n|move|p2a: Dragapult|Dragon Darts|p1a: Kleavor\n|-damage|p1a: Kleavor|19\/100\n|-anim|p2a: Dragapult|Dragon Darts|p1a: Kleavor\n|-damage|p1a: Kleavor|0 fnt\n|faint|p1a: Kleavor\n|\n|-damage|p2a: Dragapult|10\/100 tox|[from] psn\n|upkeep\n|\n|t:|1700425530\n|switch|p1a: Dudunsparce|Dudunsparce-Three-Segment, F|100\/100\n|turn|22\n|\n|t:|1700425550\n|-terastallize|p1a: Dudunsparce|Normal\n|move|p2a: Dragapult|Dragon Darts|p1a: Dudunsparce\n|-damage|p1a: Dudunsparce|83\/100\n|-anim|p2a: Dragapult|Dragon Darts|p1a: Dudunsparce\n|-damage|p1a: Dudunsparce|66\/100\n|move|p1a: Dudunsparce|Earthquake|p2a: Dragapult\n|-damage|p2a: Dragapult|0 fnt\n|faint|p2a: Dragapult\n|\n|upkeep\n|\n|t:|1700425561\n|switch|p2a: Greninja|Greninja, M|100\/100\n|-status|p2a: Greninja|tox\n|turn|23\n|\n|t:|1700425568\n|move|p2a: Greninja|Dark Pulse|p1a: Dudunsparce\n|-damage|p1a: Dudunsparce|24\/100\n|-enditem|p1a: Dudunsparce|Mago Berry|[eat]\n|-heal|p1a: Dudunsparce|57\/100|[from] item: Mago Berry\n|-damage|p2a: Greninja|91\/100 tox|[from] item: Life Orb\n|move|p1a: Dudunsparce|Boomburst|p2a: Greninja\n|-damage|p2a: Greninja|17\/100 tox\n|\n|-damage|p2a: Greninja|11\/100 tox|[from] psn\n|upkeep\n|turn|24\n|\n|t:|1700425581\n|move|p2a: Greninja|Dark Pulse|p1a: Dudunsparce\n|-damage|p1a: Dudunsparce|10\/100\n|-damage|p2a: Greninja|1\/100 tox|[from] item: Life Orb\n|move|p1a: Dudunsparce|Drill Run|p2a: Greninja|[miss]\n|-miss|p1a: Dudunsparce|p2a: Greninja\n|\n|-damage|p2a: Greninja|0 fnt|[from] psn\n|faint|p2a: Greninja\n|upkeep\n|\n|t:|1700425591\n|switch|p2a: Garchomp|Garchomp, F|100\/100\n|-status|p2a: Garchomp|tox\n|turn|25\n|\n|t:|1700425598\n|move|p2a: Garchomp|Earth Power|p1a: Dudunsparce\n|-damage|p1a: Dudunsparce|0 fnt\n|faint|p1a: Dudunsparce\n|\n|win|dawggggg\n|raw|Football_12's rating: 1041 &rarr; <strong>1023<\/strong><br \/>(-18 for losing)\n|raw|dawggggg's rating: 1000 &rarr; <strong>1045<\/strong><br \/>(+45 for winning)\n|c|\u2606dawggggg|Gg\n|l|\u2606Football_12\n","uploadtime":1700425618,"views":7,"p1id":"football12","p2id":"dawggggg","formatid":"gen9ou","rating":1023,"private":0,"password":""}