{"id":"gen9ou-1990085367","p1":"Prof Balls","p2":"praisespinda","format":"[Gen 9] OU","log":"|j|\u2606Prof Balls\n|j|\u2606praisespinda\n|t:|1699922956\n|gametype|singles\n|player|p1|Prof Balls|brycenman|1082\n|player|p2|praisespinda|266|1133\n|teamsize|p1|6\n|teamsize|p2|6\n|gen|9\n|tier|[Gen 9] OU\n|rated|\n|rule|Sleep Clause Mod: Limit one foe put to sleep\n|rule|Species Clause: Limit one of each Pok\u00e9mon\n|rule|OHKO Clause: OHKO moves are banned\n|rule|Evasion Items Clause: Evasion items are banned\n|rule|Evasion Moves Clause: Evasion moves are banned\n|rule|Endless Battle Clause: Forcing endless battles is banned\n|rule|HP Percentage Mod: HP is shown in percentages\n|clearpoke\n|poke|p1|Ogerpon-Wellspring, F|\n|poke|p1|Dragapult, F|\n|poke|p1|Great Tusk|\n|poke|p1|Zapdos|\n|poke|p1|Gholdengo|\n|poke|p1|Heatran, M|\n|poke|p2|Magnezone|\n|poke|p2|Dragapult, M|\n|poke|p2|Braviary, M|\n|poke|p2|Ting-Lu|\n|poke|p2|Alomomola, M|\n|poke|p2|Conkeldurr, M|\n|teampreview\n|\n|t:|1699922974\n|start\n|switch|p1a: Kai Cenat|Great Tusk|100\/100\n|switch|p2a: Dragapult|Dragapult, M|100\/100\n|-enditem|p1a: Kai Cenat|Booster Energy\n|-activate|p1a: Kai Cenat|ability: Protosynthesis|[fromitem]\n|-start|p1a: Kai Cenat|protosynthesisatk\n|turn|1\n|\n|t:|1699922979\n|move|p2a: Dragapult|Reflect|p2a: Dragapult\n|-sidestart|p2: praisespinda|Reflect\n|move|p1a: Kai Cenat|Headlong Rush|p2a: Dragapult\n|-damage|p2a: Dragapult|57\/100\n|-unboost|p1a: Kai Cenat|def|1\n|-unboost|p1a: Kai Cenat|spd|1\n|\n|upkeep\n|turn|2\n|\n|t:|1699922989\n|-terastallize|p1a: Kai Cenat|Ice\n|move|p2a: Dragapult|Light Screen|p2a: Dragapult\n|-sidestart|p2: praisespinda|move: Light Screen\n|move|p1a: Kai Cenat|Ice Spinner|p2a: Dragapult\n|-supereffective|p2a: Dragapult\n|-damage|p2a: Dragapult|0 fnt\n|faint|p2a: Dragapult\n|\n|upkeep\n|\n|t:|1699923001\n|switch|p2a: Conkeldurr|Conkeldurr, M|100\/100\n|turn|3\n|\n|t:|1699923022\n|-end|p1a: Kai Cenat|Protosynthesis|[silent]\n|switch|p1a: Among Us|Zapdos, shiny|100\/100\n|switch|p2a: Ting-Lu|Ting-Lu|100\/100\n|-ability|p2a: Ting-Lu|Vessel of Ruin\n|\n|upkeep\n|turn|4\n|\n|t:|1699923037\n|move|p1a: Among Us|Hurricane|p2a: Ting-Lu\n|-damage|p2a: Ting-Lu|91\/100\n|move|p2a: Ting-Lu|Spikes|p1a: Among Us\n|-sidestart|p1: Prof Balls|Spikes\n|\n|-heal|p2a: Ting-Lu|97\/100|[from] item: Leftovers\n|upkeep\n|turn|5\n|\n|t:|1699923043\n|move|p1a: Among Us|Hurricane|p2a: Ting-Lu\n|-damage|p2a: Ting-Lu|88\/100\n|move|p2a: Ting-Lu|Ruination|p1a: Among Us\n|-damage|p1a: Among Us|51\/100\n|\n|-heal|p2a: Ting-Lu|94\/100|[from] item: Leftovers\n|upkeep\n|turn|6\n|\n|t:|1699923061\n|switch|p1a: Fanum Tax|Dragapult, F, shiny|100\/100\n|-damage|p1a: Fanum Tax|88\/100|[from] Spikes\n|move|p2a: Ting-Lu|Spikes|p1a: Fanum Tax\n|-sidestart|p1: Prof Balls|Spikes\n|\n|-heal|p2a: Ting-Lu|99\/100|[from] item: Leftovers\n|upkeep\n|turn|7\n|\n|t:|1699923068\n|move|p1a: Fanum Tax|Dragon Darts|p2a: Ting-Lu\n|-damage|p2a: Ting-Lu|80\/100\n|-anim|p1a: Fanum Tax|Dragon Darts|p2a: Ting-Lu\n|-damage|p2a: Ting-Lu|61\/100\n|move|p2a: Ting-Lu|Earthquake|p1a: Fanum Tax\n|-damage|p1a: Fanum Tax|36\/100\n|\n|-heal|p2a: Ting-Lu|67\/100|[from] item: Leftovers\n|upkeep\n|turn|8\n|\n|t:|1699923081\n|switch|p1a: Skibidy|Ogerpon-Wellspring, F|100\/100\n|-damage|p1a: Skibidy|84\/100|[from] Spikes\n|move|p2a: Ting-Lu|Earthquake|p1a: Skibidy\n|-resisted|p1a: Skibidy\n|-damage|p1a: Skibidy|60\/100\n|\n|-heal|p2a: Ting-Lu|73\/100|[from] item: Leftovers\n|-sideend|p2: praisespinda|Reflect\n|upkeep\n|turn|9\n|\n|t:|1699923094\n|-terastallize|p2a: Ting-Lu|Poison\n|move|p1a: Skibidy|Horn Leech|p2a: Ting-Lu\n|-resisted|p2a: Ting-Lu\n|-damage|p2a: Ting-Lu|62\/100\n|-heal|p1a: Skibidy|69\/100|[from] drain|[of] p2a: Ting-Lu\n|move|p2a: Ting-Lu|Whirlwind|p1a: Skibidy\n|drag|p1a: The Tism|Gholdengo|100\/100\n|-damage|p1a: The Tism|84\/100|[from] Spikes\n|\n|-heal|p1a: The Tism|90\/100|[from] item: Leftovers\n|-heal|p2a: Ting-Lu|68\/100|[from] item: Leftovers\n|-sideend|p2: praisespinda|move: Light Screen\n|upkeep\n|turn|10\n|\n|t:|1699923109\n|switch|p1a: Kai Cenat|Great Tusk, tera:Ice|100\/100\n|-damage|p1a: Kai Cenat|84\/100|[from] Spikes\n|move|p2a: Ting-Lu|Earthquake|p1a: Kai Cenat\n|-damage|p1a: Kai Cenat|55\/100\n|\n|-heal|p2a: Ting-Lu|74\/100|[from] item: Leftovers\n|upkeep\n|turn|11\n|\n|t:|1699923114\n|switch|p2a: Braviary|Braviary, M|100\/100\n|move|p1a: Kai Cenat|Headlong Rush|p2a: Braviary\n|-immune|p2a: Braviary\n|\n|upkeep\n|turn|12\n|\n|t:|1699923120\n|switch|p2a: Alomomola|Alomomola, M|100\/100\n|move|p1a: Kai Cenat|Rapid Spin|p2a: Alomomola\n|-damage|p2a: Alomomola|90\/100\n|-boost|p1a: Kai Cenat|spe|1\n|-sideend|p1: Prof Balls|Spikes|[from] move: Rapid Spin|[of] p1a: Kai Cenat\n|\n|upkeep\n|turn|13\n|\n|t:|1699923133\n|move|p1a: Kai Cenat|Close Combat|p2a: Alomomola\n|-damage|p2a: Alomomola|55\/100\n|-unboost|p1a: Kai Cenat|def|1\n|-unboost|p1a: Kai Cenat|spd|1\n|move|p2a: Alomomola|Scald|p1a: Kai Cenat\n|-damage|p1a: Kai Cenat|23\/100\n|\n|upkeep\n|turn|14\n|\n|t:|1699923142\n|-end|p1a: Kai Cenat|Protosynthesis|[silent]\n|switch|p1a: Among Us|Zapdos, shiny|51\/100\n|move|p2a: Alomomola|Flip Turn|p1a: Among Us\n|-damage|p1a: Among Us|38\/100\n|\n|t:|1699923148\n|switch|p2a: Conkeldurr|Conkeldurr, M|100\/100|[from] Flip Turn\n|\n|-status|p2a: Conkeldurr|brn|[from] item: Flame Orb\n|upkeep\n|turn|15\n|\n|t:|1699923168\n|move|p1a: Among Us|Volt Switch|p2a: Conkeldurr\n|-damage|p2a: Conkeldurr|65\/100 brn\n|\n|t:|1699923181\n|switch|p1a: Mr Beast|Heatran, M|100\/100|[from] Volt Switch\n|move|p2a: Conkeldurr|Ice Punch|p1a: Mr Beast\n|-resisted|p1a: Mr Beast\n|-damage|p1a: Mr Beast|89\/100\n|\n|-damage|p2a: Conkeldurr|59\/100 brn|[from] brn\n|upkeep\n|turn|16\n|\n|t:|1699923193\n|move|p1a: Mr Beast|Overheat|p2a: Conkeldurr\n|-damage|p2a: Conkeldurr|0 fnt\n|-unboost|p1a: Mr Beast|spa|2\n|faint|p2a: Conkeldurr\n|\n|upkeep\n|\n|t:|1699923197\n|switch|p2a: Magnezone|Magnezone|100\/100\n|turn|17\n|\n|t:|1699923211\n|move|p1a: Mr Beast|Overheat|p2a: Magnezone\n|-supereffective|p2a: Magnezone\n|-damage|p2a: Magnezone|53\/100\n|-unboost|p1a: Mr Beast|spa|2\n|move|p2a: Magnezone|Thunderbolt|p1a: Mr Beast\n|-damage|p1a: Mr Beast|41\/100\n|\n|upkeep\n|turn|18\n|\n|t:|1699923220\n|move|p1a: Mr Beast|Overheat|p2a: Magnezone\n|-supereffective|p2a: Magnezone\n|-damage|p2a: Magnezone|18\/100\n|-unboost|p1a: Mr Beast|spa|2\n|move|p2a: Magnezone|Thunderbolt|p1a: Mr Beast\n|-damage|p1a: Mr Beast|0 fnt\n|faint|p1a: Mr Beast\n|\n|upkeep\n|\n|t:|1699923229\n|switch|p1a: The Tism|Gholdengo|90\/100\n|turn|19\n|\n|t:|1699923235\n|move|p1a: The Tism|Make It Rain|p2a: Magnezone\n|-resisted|p2a: Magnezone\n|-damage|p2a: Magnezone|7\/100\n|-unboost|p1a: The Tism|spa|1\n|move|p2a: Magnezone|Thunderbolt|p1a: The Tism\n|-damage|p1a: The Tism|36\/100\n|-status|p1a: The Tism|par\n|\n|-heal|p1a: The Tism|42\/100 par|[from] item: Leftovers\n|upkeep\n|turn|20\n|\n|t:|1699923241\n|move|p2a: Magnezone|Volt Switch|p1a: The Tism\n|-damage|p1a: The Tism|5\/100 par\n|\n|t:|1699923246\n|switch|p2a: Alomomola|Alomomola, M|88\/100|[from] Volt Switch\n|move|p1a: The Tism|Recover|p1a: The Tism\n|-heal|p1a: The Tism|55\/100 par\n|\n|-heal|p1a: The Tism|61\/100 par|[from] item: Leftovers\n|upkeep\n|turn|21\n|\n|t:|1699923276\n|move|p2a: Alomomola|Wish|p2a: Alomomola\n|cant|p1a: The Tism|par\n|\n|-heal|p1a: The Tism|67\/100 par|[from] item: Leftovers\n|upkeep\n|turn|22\n|\n|t:|1699923283\n|move|p2a: Alomomola|Flip Turn|p1a: The Tism\n|-damage|p1a: The Tism|51\/100 par\n|\n|t:|1699923285\n|switch|p2a: Magnezone|Magnezone|7\/100|[from] Flip Turn\n|cant|p1a: The Tism|par\n|\n|-heal|p2a: Magnezone|100\/100|[from] move: Wish|[wisher] Alomomola\n|-heal|p1a: The Tism|57\/100 par|[from] item: Leftovers\n|upkeep\n|turn|23\n|\n|t:|1699923308\n|switch|p1a: Kai Cenat|Great Tusk, tera:Ice|23\/100\n|move|p2a: Magnezone|Thunderbolt|p1a: Kai Cenat\n|-damage|p1a: Kai Cenat|0 fnt\n|faint|p1a: Kai Cenat\n|-end|p1a: Kai Cenat|Protosynthesis|[silent]\n|\n|upkeep\n|\n|t:|1699923320\n|switch|p1a: Skibidy|Ogerpon-Wellspring, F|69\/100\n|turn|24\n|\n|t:|1699923334\n|move|p1a: Skibidy|Ivy Cudgel|p2a: Magnezone\n|-damage|p2a: Magnezone|40\/100\n|move|p2a: Magnezone|Thunderbolt|p1a: Skibidy\n|-damage|p1a: Skibidy|10\/100\n|\n|upkeep\n|turn|25\n|\n|t:|1699923341\n|switch|p2a: Alomomola|Alomomola, M|100\/100\n|move|p1a: Skibidy|Ivy Cudgel|p2a: Alomomola\n|-resisted|p2a: Alomomola\n|-damage|p2a: Alomomola|85\/100\n|\n|upkeep\n|turn|26\n|\n|t:|1699923351\n|move|p1a: Skibidy|Horn Leech|p2a: Alomomola\n|-supereffective|p2a: Alomomola\n|-damage|p2a: Alomomola|38\/100\n|-heal|p1a: Skibidy|50\/100|[from] drain|[of] p2a: Alomomola\n|move|p2a: Alomomola|Scald|p1a: Skibidy\n|-heal|p1a: Skibidy|75\/100|[from] ability: Water Absorb|[of] p2a: Alomomola\n|\n|upkeep\n|turn|27\n|\n|t:|1699923358\n|switch|p2a: Braviary|Braviary, M|100\/100\n|move|p1a: Skibidy|Horn Leech|p2a: Braviary\n|-resisted|p2a: Braviary\n|-damage|p2a: Braviary|76\/100\n|-heal|p1a: Skibidy|92\/100|[from] drain|[of] p2a: Braviary\n|\n|-heal|p2a: Braviary|82\/100|[from] item: Leftovers\n|upkeep\n|turn|28\n|\n|t:|1699923372\n|switch|p1a: Among Us|Zapdos, shiny|38\/100\n|move|p2a: Braviary|Body Slam|p1a: Among Us\n|-damage|p1a: Among Us|1\/100\n|\n|-heal|p2a: Braviary|88\/100|[from] item: Leftovers\n|upkeep\n|turn|29\n|\n|t:|1699923382\n|switch|p2a: Ting-Lu|Ting-Lu, tera:Poison|74\/100\n|-ability|p2a: Ting-Lu|Vessel of Ruin\n|move|p1a: Among Us|Roost|p1a: Among Us\n|-heal|p1a: Among Us|51\/100\n|-singleturn|p1a: Among Us|move: Roost\n|\n|-heal|p2a: Ting-Lu|81\/100|[from] item: Leftovers\n|upkeep\n|turn|30\n|inactive|Battle timer is ON: inactive players will automatically lose when time's up. (requested by praisespinda)\n|inactive|Prof Balls has 120 seconds left.\n|\n|t:|1699923449\n|move|p1a: Among Us|Volt Switch|p2a: Ting-Lu\n|-damage|p2a: Ting-Lu|68\/100\n|\n|t:|1699923456\n|switch|p1a: Fanum Tax|Dragapult, F, shiny|36\/100|[from] Volt Switch\n|move|p2a: Ting-Lu|Spikes|p1a: Fanum Tax\n|-sidestart|p1: Prof Balls|Spikes\n|\n|-heal|p2a: Ting-Lu|74\/100|[from] item: Leftovers\n|upkeep\n|turn|31\n|\n|t:|1699923469\n|move|p1a: Fanum Tax|Dragon Darts|p2a: Ting-Lu\n|-damage|p2a: Ting-Lu|54\/100\n|-anim|p1a: Fanum Tax|Dragon Darts|p2a: Ting-Lu\n|-damage|p2a: Ting-Lu|36\/100\n|move|p2a: Ting-Lu|Earthquake|p1a: Fanum Tax\n|-damage|p1a: Fanum Tax|0 fnt\n|faint|p1a: Fanum Tax\n|\n|-heal|p2a: Ting-Lu|42\/100|[from] item: Leftovers\n|upkeep\n|\n|t:|1699923490\n|switch|p1a: Among Us|Zapdos, shiny|51\/100\n|turn|32\n|\n|t:|1699923495\n|move|p1a: Among Us|Hurricane|p2a: Ting-Lu\n|-damage|p2a: Ting-Lu|21\/100\n|move|p2a: Ting-Lu|Spikes|p1a: Among Us\n|-sidestart|p1: Prof Balls|Spikes\n|\n|-heal|p2a: Ting-Lu|27\/100|[from] item: Leftovers\n|upkeep\n|turn|33\n|\n|t:|1699923500\n|move|p1a: Among Us|Hurricane|p2a: Ting-Lu\n|-damage|p2a: Ting-Lu|6\/100\n|-start|p2a: Ting-Lu|confusion\n|-activate|p2a: Ting-Lu|confusion\n|move|p2a: Ting-Lu|Spikes|p1a: Among Us\n|-sidestart|p1: Prof Balls|Spikes\n|\n|-heal|p2a: Ting-Lu|12\/100|[from] item: Leftovers\n|upkeep\n|turn|34\n|\n|t:|1699923506\n|switch|p2a: Braviary|Braviary, M|88\/100\n|move|p1a: Among Us|Hurricane|p2a: Braviary\n|-damage|p2a: Braviary|41\/100\n|\n|-heal|p2a: Braviary|47\/100|[from] item: Leftovers\n|upkeep\n|turn|35\n|\n|t:|1699923513\n|move|p2a: Braviary|Roost|p2a: Braviary\n|-heal|p2a: Braviary|97\/100\n|-singleturn|p2a: Braviary|move: Roost\n|move|p1a: Among Us|Hurricane|p2a: Braviary\n|-damage|p2a: Braviary|48\/100\n|-start|p2a: Braviary|confusion\n|\n|-heal|p2a: Braviary|54\/100|[from] item: Leftovers\n|upkeep\n|turn|36\n|\n|t:|1699923520\n|-activate|p2a: Braviary|confusion\n|move|p2a: Braviary|Body Slam|p1a: Among Us\n|-damage|p1a: Among Us|17\/100\n|move|p1a: Among Us|Hurricane|p2a: Braviary\n|-damage|p2a: Braviary|5\/100\n|\n|-heal|p2a: Braviary|12\/100|[from] item: Leftovers\n|upkeep\n|turn|37\n|\n|t:|1699923527\n|-end|p2a: Braviary|confusion\n|move|p2a: Braviary|Body Slam|p1a: Among Us\n|-damage|p1a: Among Us|0 fnt\n|faint|p1a: Among Us\n|\n|-heal|p2a: Braviary|18\/100|[from] item: Leftovers\n|upkeep\n|\n|t:|1699923532\n|switch|p1a: Skibidy|Ogerpon-Wellspring, F|92\/100\n|-damage|p1a: Skibidy|67\/100|[from] Spikes\n|turn|38\n|\n|t:|1699923540\n|move|p1a: Skibidy|Ivy Cudgel|p2a: Braviary\n|-damage|p2a: Braviary|0 fnt\n|faint|p2a: Braviary\n|\n|upkeep\n|\n|t:|1699923547\n|switch|p2a: Magnezone|Magnezone|40\/100\n|turn|39\n|\n|t:|1699923556\n|move|p1a: Skibidy|Ivy Cudgel|p2a: Magnezone\n|-damage|p2a: Magnezone|0 fnt\n|faint|p2a: Magnezone\n|\n|upkeep\n|\n|t:|1699923559\n|switch|p2a: Ting-Lu|Ting-Lu, tera:Poison|12\/100\n|-ability|p2a: Ting-Lu|Vessel of Ruin\n|turn|40\n|\n|t:|1699923564\n|move|p1a: Skibidy|Ivy Cudgel|p2a: Ting-Lu\n|-damage|p2a: Ting-Lu|0 fnt\n|faint|p2a: Ting-Lu\n|\n|upkeep\n|\n|t:|1699923565\n|switch|p2a: Alomomola|Alomomola, M|72\/100\n|turn|41\n|\n|t:|1699923569\n|move|p1a: Skibidy|Horn Leech|p2a: Alomomola\n|-supereffective|p2a: Alomomola\n|-damage|p2a: Alomomola|21\/100\n|-heal|p1a: Skibidy|100\/100|[from] drain|[of] p2a: Alomomola\n|move|p2a: Alomomola|Scald|p1a: Skibidy\n|-immune|p1a: Skibidy|[from] ability: Water Absorb\n|\n|upkeep\n|turn|42\n|\n|t:|1699923573\n|move|p1a: Skibidy|Horn Leech|p2a: Alomomola\n|-supereffective|p2a: Alomomola\n|-damage|p2a: Alomomola|0 fnt\n|faint|p2a: Alomomola\n|\n|win|Prof Balls\n|raw|Prof Balls's rating: 1082 &rarr; <strong>1114<\/strong><br \/>(+32 for winning)\n|raw|praisespinda's rating: 1133 &rarr; <strong>1104<\/strong><br \/>(-29 for losing)\n|l|\u2606praisespinda\n","uploadtime":1699923748,"views":17,"p1id":"profballs","p2id":"praisespinda","formatid":"gen9ou","rating":1104,"private":0,"password":""}