{"id":"gen9ou-1993681341","p1":"Winterbub","p2":"palmin","format":"[Gen 9] OU","log":"|j|\u2606Winterbub\n|j|\u2606palmin\n|t:|1700344951\n|gametype|singles\n|player|p1|Winterbub|cynthia|1597\n|player|p2|palmin|lance|1504\n|teamsize|p1|6\n|teamsize|p2|6\n|gen|9\n|tier|[Gen 9] OU\n|rated|\n|rule|Sleep Clause Mod: Limit one foe put to sleep\n|rule|Species Clause: Limit one of each Pok\u00e9mon\n|rule|OHKO Clause: OHKO moves are banned\n|rule|Evasion Items Clause: Evasion items are banned\n|rule|Evasion Moves Clause: Evasion moves are banned\n|rule|Endless Battle Clause: Forcing endless battles is banned\n|rule|HP Percentage Mod: HP is shown in percentages\n|clearpoke\n|poke|p1|Glimmora, F|\n|poke|p1|Greninja-*, M|\n|poke|p1|Iron Valiant|\n|poke|p1|Dragonite, F|\n|poke|p1|Kingambit, F|\n|poke|p1|Iron Moth|\n|poke|p2|Ribombee, F|\n|poke|p2|Great Tusk|\n|poke|p2|Gholdengo|\n|poke|p2|Manaphy|\n|poke|p2|Kingambit, F|\n|poke|p2|Iron Moth|\n|teampreview\n|inactive|Battle timer is ON: inactive players will automatically lose when time's up. (requested by palmin)\n|\n|t:|1700344956\n|start\n|switch|p1a: Glimmora|Glimmora, F|100\/100\n|switch|p2a: Ribombee|Ribombee, F|100\/100\n|turn|1\n|\n|t:|1700344968\n|move|p2a: Ribombee|Psychic|p1a: Glimmora\n|-supereffective|p1a: Glimmora\n|-damage|p1a: Glimmora|26\/100\n|move|p1a: Glimmora|Power Gem|p2a: Ribombee\n|-supereffective|p2a: Ribombee\n|-enditem|p2a: Ribombee|Focus Sash\n|-damage|p2a: Ribombee|1\/100\n|\n|upkeep\n|turn|2\n|\n|t:|1700344971\n|move|p2a: Ribombee|Psychic|p1a: Glimmora\n|-supereffective|p1a: Glimmora\n|-damage|p1a: Glimmora|0 fnt\n|faint|p1a: Glimmora\n|\n|upkeep\n|\n|t:|1700344973\n|switch|p1a: Greninja|Greninja, M|100\/100\n|turn|3\n|\n|t:|1700344977\n|switch|p2a: Manaphy|Manaphy|100\/100\n|move|p1a: Greninja|Water Shuriken|p2a: Manaphy\n|-resisted|p2a: Manaphy\n|-damage|p2a: Manaphy|97\/100\n|-resisted|p2a: Manaphy\n|-damage|p2a: Manaphy|93\/100\n|-resisted|p2a: Manaphy\n|-damage|p2a: Manaphy|89\/100\n|-hitcount|p2a: Manaphy|3\n|-damage|p1a: Greninja|91\/100|[from] item: Life Orb\n|\n|-heal|p2a: Manaphy|95\/100|[from] item: Leftovers\n|upkeep\n|turn|4\n|\n|t:|1700344986\n|move|p1a: Greninja|Dark Pulse|p2a: Manaphy\n|-damage|p2a: Manaphy|54\/100\n|-damage|p1a: Greninja|81\/100|[from] item: Life Orb\n|cant|p2a: Manaphy|flinch\n|\n|-heal|p2a: Manaphy|61\/100|[from] item: Leftovers\n|upkeep\n|turn|5\n|\n|t:|1700344995\n|switch|p1a: Iron Moth|Iron Moth|100\/100\n|-enditem|p1a: Iron Moth|Booster Energy\n|-activate|p1a: Iron Moth|ability: Quark Drive|[fromitem]\n|-start|p1a: Iron Moth|quarkdrivespa\n|switch|p2a: Kingambit|Kingambit, F|100\/100\n|\n|upkeep\n|turn|6\n|\n|t:|1700345002\n|move|p1a: Iron Moth|Fiery Dance|p2a: Kingambit\n|-supereffective|p2a: Kingambit\n|-damage|p2a: Kingambit|0 fnt\n|faint|p2a: Kingambit\n|-end|p2a: Kingambit|fallenundefined|[silent]\n|\n|upkeep\n|\n|t:|1700345007\n|switch|p2a: Iron Moth|Iron Moth|100\/100\n|-enditem|p2a: Iron Moth|Booster Energy\n|-activate|p2a: Iron Moth|ability: Quark Drive|[fromitem]\n|-start|p2a: Iron Moth|quarkdrivespe\n|turn|7\n|\n|t:|1700345019\n|move|p2a: Iron Moth|Fiery Dance|p1a: Iron Moth\n|-resisted|p1a: Iron Moth\n|-crit|p1a: Iron Moth\n|-damage|p1a: Iron Moth|68\/100\n|move|p1a: Iron Moth|Fiery Dance|p2a: Iron Moth\n|-resisted|p2a: Iron Moth\n|-damage|p2a: Iron Moth|72\/100\n|\n|upkeep\n|turn|8\n|\n|t:|1700345027\n|move|p2a: Iron Moth|Fiery Dance|p1a: Iron Moth\n|-resisted|p1a: Iron Moth\n|-damage|p1a: Iron Moth|48\/100\n|-boost|p2a: Iron Moth|spa|1\n|move|p1a: Iron Moth|Fiery Dance|p2a: Iron Moth\n|-resisted|p2a: Iron Moth\n|-damage|p2a: Iron Moth|43\/100\n|-boost|p1a: Iron Moth|spa|1\n|\n|upkeep\n|turn|9\n|\n|t:|1700345035\n|move|p2a: Iron Moth|Fiery Dance|p1a: Iron Moth\n|-resisted|p1a: Iron Moth\n|-damage|p1a: Iron Moth|15\/100\n|move|p1a: Iron Moth|Sludge Wave|p2a: Iron Moth\n|-resisted|p2a: Iron Moth\n|-damage|p2a: Iron Moth|0 fnt\n|faint|p2a: Iron Moth\n|-end|p2a: Iron Moth|Quark Drive|[silent]\n|\n|upkeep\n|\n|t:|1700345047\n|switch|p2a: Ribombee|Ribombee, F|1\/100\n|turn|10\n|\n|t:|1700345051\n|move|p2a: Ribombee|Psychic|p1a: Iron Moth\n|-supereffective|p1a: Iron Moth\n|-damage|p1a: Iron Moth|0 fnt\n|faint|p1a: Iron Moth\n|-end|p1a: Iron Moth|Quark Drive|[silent]\n|\n|upkeep\n|\n|t:|1700345052\n|switch|p1a: Greninja|Greninja, M|81\/100\n|turn|11\n|\n|t:|1700345056\n|switch|p2a: Manaphy|Manaphy|61\/100\n|move|p1a: Greninja|Water Shuriken|p2a: Manaphy\n|-resisted|p2a: Manaphy\n|-damage|p2a: Manaphy|57\/100\n|-resisted|p2a: Manaphy\n|-damage|p2a: Manaphy|53\/100\n|-hitcount|p2a: Manaphy|2\n|-damage|p1a: Greninja|71\/100|[from] item: Life Orb\n|\n|-heal|p2a: Manaphy|59\/100|[from] item: Leftovers\n|upkeep\n|turn|12\n|\n|t:|1700345060\n|move|p1a: Greninja|Dark Pulse|p2a: Manaphy\n|-damage|p2a: Manaphy|23\/100\n|-damage|p1a: Greninja|61\/100|[from] item: Life Orb\n|cant|p2a: Manaphy|flinch\n|\n|-heal|p2a: Manaphy|29\/100|[from] item: Leftovers\n|upkeep\n|turn|13\n|\n|t:|1700345065\n|move|p1a: Greninja|Dark Pulse|p2a: Manaphy\n|-damage|p2a: Manaphy|0 fnt\n|faint|p2a: Manaphy\n|-ability|p1a: Greninja|Battle Bond|boost\n|-boost|p1a: Greninja|atk|1\n|-boost|p1a: Greninja|spa|1\n|-boost|p1a: Greninja|spe|1\n|-activate|p1a: Greninja|ability: Battle Bond\n|-damage|p1a: Greninja|51\/100|[from] item: Life Orb\n|\n|upkeep\n|-message|palmin forfeited.\n|\n|win|Winterbub\n|raw|Winterbub's rating: 1597 &rarr; <strong>1612<\/strong><br \/>(+15 for winning)\n|raw|palmin's rating: 1504 &rarr; <strong>1489<\/strong><br \/>(-15 for losing)\n|l|\u2606palmin\n","uploadtime":1700345084,"views":10,"p1id":"winterbub","p2id":"palmin","formatid":"gen9ou","rating":1489,"private":0,"password":""}