{"id":"gen9ou-1993876651","p1":"pwrsavage 2","p2":"VanhominTesting","format":"[Gen 9] OU","log":"|j|\u2606pwrsavage 2\n|j|\u2606VanhominTesting\n|t:|1700368762\n|gametype|singles\n|player|p1|pwrsavage 2|bugcatcher-gen4dp|1136\n|player|p2|VanhominTesting|scientist-gen4|1157\n|teamsize|p1|6\n|teamsize|p2|6\n|gen|9\n|tier|[Gen 9] OU\n|rated|\n|rule|Sleep Clause Mod: Limit one foe put to sleep\n|rule|Species Clause: Limit one of each Pok\u00e9mon\n|rule|OHKO Clause: OHKO moves are banned\n|rule|Evasion Items Clause: Evasion items are banned\n|rule|Evasion Moves Clause: Evasion moves are banned\n|rule|Endless Battle Clause: Forcing endless battles is banned\n|rule|HP Percentage Mod: HP is shown in percentages\n|clearpoke\n|poke|p1|Garganacl, F|\n|poke|p1|Salamence, F|\n|poke|p1|Armarouge, M|\n|poke|p1|Breloom, F|\n|poke|p1|Gholdengo|\n|poke|p1|Quaquaval, M|\n|poke|p2|Zapdos|\n|poke|p2|Glimmora, F|\n|poke|p2|Garganacl, M|\n|poke|p2|Ursaluna, M|\n|poke|p2|Toxapex, F|\n|poke|p2|Ditto|\n|teampreview\n|inactive|Battle timer is ON: inactive players will automatically lose when time's up. (requested by VanhominTesting)\n|inactive|VanhominTesting has 120 seconds left.\n|\n|t:|1700368808\n|start\n|switch|p1a: Garganacl|Garganacl, F|100\/100\n|switch|p2a: Glimmora|Glimmora, F|100\/100\n|turn|1\n|\n|t:|1700368823\n|switch|p2a: Zapdos|Zapdos|100\/100\n|-ability|p2a: Zapdos|Pressure\n|move|p1a: Garganacl|Earthquake|p2a: Zapdos\n|-immune|p2a: Zapdos\n|\n|upkeep\n|turn|2\n|\n|t:|1700368826\n|move|p2a: Zapdos|Thunderbolt|p1a: Garganacl\n|-damage|p1a: Garganacl|60\/100\n|move|p1a: Garganacl|Stealth Rock|p2a: Zapdos\n|-sidestart|p2: VanhominTesting|move: Stealth Rock\n|\n|-heal|p1a: Garganacl|66\/100|[from] item: Leftovers\n|upkeep\n|turn|3\n|\n|t:|1700368829\n|move|p2a: Zapdos|Thunderbolt|p1a: Garganacl\n|-crit|p1a: Garganacl\n|-damage|p1a: Garganacl|12\/100\n|move|p1a: Garganacl|Stone Edge|p2a: Zapdos\n|-supereffective|p2a: Zapdos\n|-crit|p2a: Zapdos\n|-damage|p2a: Zapdos|0 fnt\n|faint|p2a: Zapdos\n|\n|-heal|p1a: Garganacl|18\/100|[from] item: Leftovers\n|upkeep\n|\n|t:|1700368845\n|switch|p2a: Recursion|Ditto|100\/100\n|-damage|p2a: Recursion|88\/100|[from] Stealth Rock\n|-transform|p2a: Recursion|p1a: Garganacl|[from] ability: Imposter\n|turn|4\n|\n|t:|1700368857\n|move|p2a: Recursion|Earthquake|p1a: Garganacl\n|-supereffective|p1a: Garganacl\n|-damage|p1a: Garganacl|0 fnt\n|faint|p1a: Garganacl\n|\n|upkeep\n|\n|t:|1700368867\n|switch|p1a: Breloom|Breloom, F|100\/100\n|turn|5\n|inactive|VanhominTesting has 120 seconds left.\n|\n|t:|1700368897\n|switch|p2a: Glimmora|Glimmora, F|100\/100\n|-damage|p2a: Glimmora|88\/100|[from] Stealth Rock\n|move|p1a: Breloom|Spore|p2a: Glimmora\n|-status|p2a: Glimmora|slp|[from] move: Spore\n|\n|-status|p1a: Breloom|tox|[from] item: Toxic Orb\n|upkeep\n|turn|6\n|\n|t:|1700368903\n|switch|p2a: Aristotle|Toxapex, F|100\/100\n|-damage|p2a: Aristotle|88\/100|[from] Stealth Rock\n|move|p1a: Breloom|Swords Dance|p1a: Breloom\n|-boost|p1a: Breloom|atk|2\n|\n|-heal|p2a: Aristotle|94\/100|[from] item: Black Sludge\n|upkeep\n|turn|7\n|\n|t:|1700368917\n|switch|p2a: Glimmora|Glimmora, F|88\/100 slp\n|-damage|p2a: Glimmora|76\/100 slp|[from] Stealth Rock\n|move|p1a: Breloom|Swords Dance|p1a: Breloom\n|-boost|p1a: Breloom|atk|2\n|\n|upkeep\n|turn|8\n|\n|t:|1700368923\n|cant|p2a: Glimmora|slp\n|move|p1a: Breloom|Bullet Seed|p2a: Glimmora\n|-damage|p2a: Glimmora|30\/100 slp\n|-activate|p2a: Glimmora|ability: Toxic Debris\n|-sidestart|p1: pwrsavage 2|move: Toxic Spikes\n|-damage|p2a: Glimmora|0 fnt\n|-activate|p2a: Glimmora|ability: Toxic Debris\n|-sidestart|p1: pwrsavage 2|move: Toxic Spikes\n|faint|p2a: Glimmora\n|-hitcount|p2: Glimmora|2\n|\n|upkeep\n|\n|t:|1700368926\n|switch|p2a: Recursion|Ditto|88\/100\n|-damage|p2a: Recursion|76\/100|[from] Stealth Rock\n|-transform|p2a: Recursion|p1a: Breloom|[from] ability: Imposter\n|turn|9\n|\n|t:|1700368936\n|move|p2a: Recursion|Mach Punch|p1a: Breloom\n|-damage|p1a: Breloom|0 fnt\n|faint|p1a: Breloom\n|\n|upkeep\n|\n|t:|1700368941\n|switch|p1a: Gholdengo|Gholdengo|100\/100\n|turn|10\n|\n|t:|1700368950\n|switch|p2a: Aristotle|Toxapex, F|100\/100\n|-damage|p2a: Aristotle|88\/100|[from] Stealth Rock\n|move|p1a: Gholdengo|Dazzling Gleam|p2a: Aristotle\n|-resisted|p2a: Aristotle\n|-damage|p2a: Aristotle|74\/100\n|\n|-heal|p2a: Aristotle|80\/100|[from] item: Black Sludge\n|upkeep\n|turn|11\n|\n|t:|1700368958\n|-terastallize|p1a: Gholdengo|Steel\n|move|p1a: Gholdengo|Flash Cannon|p2a: Aristotle\n|-resisted|p2a: Aristotle\n|-crit|p2a: Aristotle\n|-damage|p2a: Aristotle|42\/100\n|move|p2a: Aristotle|Chilling Water|p1a: Gholdengo\n|-damage|p1a: Gholdengo|88\/100\n|-unboost|p1a: Gholdengo|atk|1\n|\n|-heal|p2a: Aristotle|48\/100|[from] item: Black Sludge\n|upkeep\n|turn|12\n|\n|t:|1700368968\n|move|p2a: Aristotle|Protect|p2a: Aristotle\n|-singleturn|p2a: Aristotle|Protect\n|move|p1a: Gholdengo|Nasty Plot|p1a: Gholdengo\n|-boost|p1a: Gholdengo|spa|2\n|\n|-heal|p2a: Aristotle|54\/100|[from] item: Black Sludge\n|upkeep\n|turn|13\n|\n|t:|1700368972\n|move|p1a: Gholdengo|Shadow Ball|p2a: Aristotle\n|-damage|p2a: Aristotle|0 fnt\n|faint|p2a: Aristotle\n|\n|upkeep\n|inactive|VanhominTesting has 120 seconds left.\n|\n|t:|1700369002\n|switch|p2a: Recursion|Ditto|76\/100\n|-damage|p2a: Recursion|63\/100|[from] Stealth Rock\n|-transform|p2a: Recursion|p1a: Gholdengo|[from] ability: Imposter\n|-start|p2a: Recursion|typechange|Steel\/Ghost|[silent]\n|turn|14\n|inactive|pwrsavage 2 has 120 seconds left.\n|\n|t:|1700369037\n|move|p2a: Recursion|Shadow Ball|p1a: Gholdengo\n|-damage|p1a: Gholdengo|0 fnt\n|faint|p1a: Gholdengo\n|\n|upkeep\n|\n|t:|1700369040\n|switch|p1a: Quaquaval|Quaquaval, M|100\/100\n|-status|p1a: Quaquaval|tox\n|turn|15\n|\n|t:|1700369044\n|move|p2a: Recursion|Shadow Ball|p1a: Quaquaval\n|-damage|p1a: Quaquaval|0 fnt\n|faint|p1a: Quaquaval\n|\n|upkeep\n|c|\u2606pwrsavage 2|bro what you literally had lower speed what\n|inactive|pwrsavage 2 has 120 seconds left.\n|c|\u2606pwrsavage 2|tf\n|\n|t:|1700369079\n|switch|p1a: Armarouge|Armarouge, M|100\/100\n|-status|p1a: Armarouge|tox\n|turn|16\n|\n|t:|1700369084\n|move|p2a: Recursion|Shadow Ball|p1a: Armarouge\n|-supereffective|p1a: Armarouge\n|-damage|p1a: Armarouge|0 fnt\n|faint|p1a: Armarouge\n|\n|upkeep\n|inactive|pwrsavage 2 has 120 seconds left.\n|c|\u2606pwrsavage 2|nah youre hacking\n|\n|t:|1700369093\n|switch|p1a: Salamence|Salamence, F|100\/100\n|-ability|p1a: Salamence|Intimidate|boost\n|-unboost|p2a: Recursion|atk|1\n|turn|17\n|\n|t:|1700369102\n|move|p2a: Recursion|Shadow Ball|p1a: Salamence\n|-damage|p1a: Salamence|0 fnt\n|faint|p1a: Salamence\n|\n|win|VanhominTesting\n|raw|pwrsavage 2's rating: 1136 &rarr; <strong>1113<\/strong><br \/>(-23 for losing)\n|raw|VanhominTesting's rating: 1157 &rarr; <strong>1180<\/strong><br \/>(+23 for winning)\n|c|\u2606pwrsavage 2|screw this stupid game i outsped\n|l|\u2606pwrsavage 2\n|c|\u2606VanhominTesting|scarf\n","uploadtime":1700369108,"views":14,"p1id":"pwrsavage2","p2id":"vanhomintesting","formatid":"gen9ou","rating":1113,"private":0,"password":""}