{"id":"gen9ou-1988410344","p1":"Marco99240202121","p2":"Yellow rat Hunter","format":"[Gen 9] OU","log":"|j|\u2606Marco99240202121\n|j|\u2606Yellow rat Hunter\n|t:|1699719891\n|gametype|singles\n|player|p1|Marco99240202121|lucas-gen4pt|1119\n|player|p2|Yellow rat Hunter|dahlia|1072\n|teamsize|p1|6\n|teamsize|p2|6\n|gen|9\n|tier|[Gen 9] OU\n|rated|\n|rule|Sleep Clause Mod: Limit one foe put to sleep\n|rule|Species Clause: Limit one of each Pok\u00e9mon\n|rule|OHKO Clause: OHKO moves are banned\n|rule|Evasion Items Clause: Evasion items are banned\n|rule|Evasion Moves Clause: Evasion moves are banned\n|rule|Endless Battle Clause: Forcing endless battles is banned\n|rule|HP Percentage Mod: HP is shown in percentages\n|clearpoke\n|poke|p1|Sneasler, F|\n|poke|p1|Zoroark-Hisui, M|\n|poke|p1|Gliscor, M|\n|poke|p1|Talonflame, F|\n|poke|p1|Grimmsnarl, M|\n|poke|p1|Greninja-*, M|\n|poke|p2|Slowking-Galar, F|\n|poke|p2|Hatterene, F|\n|poke|p2|Corviknight, M|\n|poke|p2|Manaphy|\n|poke|p2|Glimmora, M|\n|poke|p2|Landorus-Therian, M|\n|teampreview\n|inactive|Battle timer is ON: inactive players will automatically lose when time's up. (requested by Yellow rat Hunter)\n|\n|t:|1699719912\n|start\n|switch|p1a: Gliscor|Gliscor, M, shiny|100\/100\n|switch|p2a: The jester|Manaphy|100\/100\n|turn|1\n|\n|t:|1699719920\n|move|p2a: The jester|Tail Glow|p2a: The jester\n|-boost|p2a: The jester|spa|3\n|move|p1a: Gliscor|Knock Off|p2a: The jester\n|-damage|p2a: The jester|72\/100\n|-enditem|p2a: The jester|Leftovers|[from] move: Knock Off|[of] p1a: Gliscor\n|\n|-status|p1a: Gliscor|tox|[from] item: Toxic Orb\n|upkeep\n|turn|2\n|\n|t:|1699719933\n|switch|p1a: Grimmsnarl|Grimmsnarl, M, shiny|100\/100\n|move|p2a: The jester|Surf|p1a: Grimmsnarl\n|-crit|p1a: Grimmsnarl\n|-damage|p1a: Grimmsnarl|0 fnt\n|faint|p1a: Grimmsnarl\n|\n|upkeep\n|\n|t:|1699719938\n|switch|p1a: \u5c71\u7530\u30ea\u30e7\u30a6|Sneasler, F|100\/100\n|turn|3\n|\n|t:|1699719943\n|move|p1a: \u5c71\u7530\u30ea\u30e7\u30a6|Fake Out|p2a: The jester\n|-damage|p2a: The jester|59\/100\n|cant|p2a: The jester|flinch\n|\n|upkeep\n|turn|4\n|\n|t:|1699719947\n|-terastallize|p1a: \u5c71\u7530\u30ea\u30e7\u30a6|Fighting\n|move|p1a: \u5c71\u7530\u30ea\u30e7\u30a6|Close Combat|p2a: The jester\n|-crit|p2a: The jester\n|-damage|p2a: The jester|0 fnt\n|-unboost|p1a: \u5c71\u7530\u30ea\u30e7\u30a6|def|1\n|-unboost|p1a: \u5c71\u7530\u30ea\u30e7\u30a6|spd|1\n|-enditem|p1a: \u5c71\u7530\u30ea\u30e7\u30a6|White Herb\n|-clearnegativeboost|p1a: \u5c71\u7530\u30ea\u30e7\u30a6|[silent]\n|faint|p2a: The jester\n|\n|upkeep\n|\n|t:|1699719960\n|switch|p2a: The castle|Corviknight, M, shiny|100\/100\n|-ability|p2a: The castle|Pressure\n|turn|5\n|\n|t:|1699719968\n|move|p1a: \u5c71\u7530\u30ea\u30e7\u30a6|Close Combat|p2a: The castle\n|-damage|p2a: The castle|46\/100\n|-unboost|p1a: \u5c71\u7530\u30ea\u30e7\u30a6|def|1\n|-unboost|p1a: \u5c71\u7530\u30ea\u30e7\u30a6|spd|1\n|move|p2a: The castle|Brave Bird|p1a: \u5c71\u7530\u30ea\u30e7\u30a6\n|-supereffective|p1a: \u5c71\u7530\u30ea\u30e7\u30a6\n|-damage|p1a: \u5c71\u7530\u30ea\u30e7\u30a6|0 fnt\n|faint|p1a: \u5c71\u7530\u30ea\u30e7\u30a6\n|-damage|p2a: The castle|22\/100|[from] Recoil\n|\n|-heal|p2a: The castle|28\/100|[from] item: Leftovers\n|upkeep\n|\n|t:|1699719982\n|switch|p1a: Gliscor|Gliscor, M, shiny|100\/100\n|turn|6\n|\n|t:|1699719989\n|move|p1a: Gliscor|Bitter Malice|p2a: The castle\n|-damage|p2a: The castle|0 fnt\n|faint|p2a: The castle\n|\n|upkeep\n|\n|t:|1699719998\n|switch|p2a: King of em all|Slowking-Galar, F|100\/100\n|turn|7\n|\n|t:|1699720005\n|switch|p1a: Gliscor|Gliscor, M, shiny|100\/100 tox\n|move|p2a: King of em all|Future Sight|p1a: Gliscor\n|-start|p2a: King of em all|move: Future Sight\n|\n|upkeep\n|turn|8\n|\n|t:|1699720011\n|move|p1a: Gliscor|Knock Off|p2a: King of em all\n|-supereffective|p2a: King of em all\n|-damage|p2a: King of em all|64\/100\n|-enditem|p2a: King of em all|Heavy-Duty Boots|[from] move: Knock Off|[of] p1a: Gliscor\n|move|p2a: King of em all|Chilly Reception|p2a: King of em all\n|-weather|Snow\n|\n|t:|1699720022\n|switch|p2a: Queen of em all|Hatterene, F|100\/100|[from] Chilly Reception\n|\n|-weather|Snow|[upkeep]\n|upkeep\n|turn|9\n|\n|t:|1699720050\n|move|p1a: Gliscor|Knock Off|p2a: Queen of em all\n|-damage|p2a: Queen of em all|76\/100\n|-enditem|p2a: Queen of em all|Eject Button|[from] move: Knock Off|[of] p1a: Gliscor\n|move|p2a: Queen of em all|Psychic|p1a: Gliscor\n|-damage|p1a: Gliscor|43\/100 tox\n|\n|-weather|Snow|[upkeep]\n|-end|p1a: Gliscor|move: Future Sight\n|-damage|p1a: Gliscor|0 fnt\n|faint|p1a: Gliscor\n|upkeep\n|\n|t:|1699720057\n|switch|p1a: \u30b2\u30c3\u30b3\u30a6\u30ac|Greninja, M|100\/100\n|turn|10\n|\n|t:|1699720064\n|move|p1a: \u30b2\u30c3\u30b3\u30a6\u30ac|Bitter Malice|p2a: Queen of em all\n|-supereffective|p2a: Queen of em all\n|-damage|p2a: Queen of em all|0 fnt\n|faint|p2a: Queen of em all\n|\n|-weather|Snow|[upkeep]\n|upkeep\n|\n|t:|1699720073\n|switch|p2a: The peasant|Landorus-Therian, M|100\/100\n|-ability|p2a: The peasant|Intimidate|boost\n|-unboost|p1a: \u30b2\u30c3\u30b3\u30a6\u30ac|atk|1\n|turn|11\n|\n|t:|1699720082\n|move|p1a: \u30b2\u30c3\u30b3\u30a6\u30ac|Bitter Malice|p2a: The peasant\n|-damage|p2a: The peasant|60\/100\n|-unboost|p2a: The peasant|atk|1\n|move|p2a: The peasant|U-turn|p1a: \u30b2\u30c3\u30b3\u30a6\u30ac\n|-resisted|p1a: \u30b2\u30c3\u30b3\u30a6\u30ac\n|-damage|p1a: \u30b2\u30c3\u30b3\u30a6\u30ac|87\/100\n|replace|p1a: ScizorHands|Zoroark-Hisui, M\n|-end|p1a: ScizorHands|Illusion\n|\n|t:|1699720091\n|switch|p2a: The knight|Glimmora, M|100\/100|[from] U-turn\n|\n|-weather|Snow|[upkeep]\n|upkeep\n|turn|12\n|\n|t:|1699720097\n|move|p1a: ScizorHands|Bitter Malice|p2a: The knight\n|-damage|p2a: The knight|50\/100\n|-unboost|p2a: The knight|atk|1\n|move|p2a: The knight|Energy Ball|p1a: ScizorHands\n|-damage|p1a: ScizorHands|18\/100\n|\n|-weather|none\n|upkeep\n|turn|13\n|\n|t:|1699720106\n|move|p1a: ScizorHands|Bitter Malice|p2a: The knight\n|-damage|p2a: The knight|2\/100\n|-unboost|p2a: The knight|atk|1\n|move|p2a: The knight|Mortal Spin|p1a: ScizorHands\n|-resisted|p1a: ScizorHands\n|-damage|p1a: ScizorHands|15\/100\n|-status|p1a: ScizorHands|psn\n|\n|-damage|p1a: ScizorHands|2\/100 psn|[from] psn\n|upkeep\n|turn|14\n|\n|t:|1699720118\n|switch|p2a: The peasant|Landorus-Therian, M|60\/100\n|-ability|p2a: The peasant|Intimidate|boost\n|-unboost|p1a: ScizorHands|atk|1\n|move|p1a: ScizorHands|Bitter Malice|p2a: The peasant\n|-damage|p2a: The peasant|19\/100\n|-unboost|p2a: The peasant|atk|1\n|\n|-damage|p1a: ScizorHands|0 fnt|[from] psn\n|faint|p1a: ScizorHands\n|upkeep\n|\n|t:|1699720126\n|switch|p1a: \u30b2\u30c3\u30b3\u30a6\u30ac|Greninja, M|100\/100\n|turn|15\n|\n|t:|1699720135\n|-terastallize|p2a: The peasant|Water\n|move|p1a: \u30b2\u30c3\u30b3\u30a6\u30ac|Dark Pulse|p2a: The peasant\n|-damage|p2a: The peasant|0 fnt\n|faint|p2a: The peasant\n|-ability|p1a: \u30b2\u30c3\u30b3\u30a6\u30ac|Battle Bond|boost\n|-boost|p1a: \u30b2\u30c3\u30b3\u30a6\u30ac|atk|1\n|-boost|p1a: \u30b2\u30c3\u30b3\u30a6\u30ac|spa|1\n|-boost|p1a: \u30b2\u30c3\u30b3\u30a6\u30ac|spe|1\n|-activate|p1a: \u30b2\u30c3\u30b3\u30a6\u30ac|ability: Battle Bond\n|\n|upkeep\n|-message|Yellow rat Hunter forfeited.\n|\n|win|Marco99240202121\n|raw|Marco99240202121's rating: 1119 &rarr; <strong>1141<\/strong><br \/>(+22 for winning)\n|raw|Yellow rat Hunter's rating: 1072 &rarr; <strong>1054<\/strong><br \/>(-18 for losing)\n|l|\u2606Yellow rat Hunter\n","uploadtime":1699720165,"views":26,"p1id":"marco99240202121","p2id":"yellowrathunter","formatid":"gen9ou","rating":1054,"private":0,"password":""}