{"id":"gen9ou-1992897115","p1":"toiletstinkersreal","p2":"tobrobsob","format":"[Gen 9] OU","log":"|j|\u2606toiletstinkersreal\n|j|\u2606tobrobsob\n|t:|1700244879\n|gametype|singles\n|player|p1|toiletstinkersreal|169|1057\n|player|p2|tobrobsob|pokemonranger-gen4|1045\n|teamsize|p1|6\n|teamsize|p2|6\n|gen|9\n|tier|[Gen 9] OU\n|rated|\n|rule|Sleep Clause Mod: Limit one foe put to sleep\n|rule|Species Clause: Limit one of each Pok\u00e9mon\n|rule|OHKO Clause: OHKO moves are banned\n|rule|Evasion Items Clause: Evasion items are banned\n|rule|Evasion Moves Clause: Evasion moves are banned\n|rule|Endless Battle Clause: Forcing endless battles is banned\n|rule|HP Percentage Mod: HP is shown in percentages\n|clearpoke\n|poke|p1|Sneasler, F|\n|poke|p1|Dondozo, F|\n|poke|p1|Arcanine-Hisui, F|\n|poke|p1|Hydreigon, F|\n|poke|p1|Zamazenta-*|\n|poke|p1|Breloom, F|\n|poke|p2|Thundurus-Therian, M|\n|poke|p2|Maushold|\n|poke|p2|Sylveon, F|\n|poke|p2|Pawmot, F|\n|poke|p2|Cinderace, F|\n|poke|p2|Cresselia, F|\n|teampreview\n|inactive|Battle timer is ON: inactive players will automatically lose when time's up. (requested by tobrobsob)\n|\n|t:|1700244893\n|start\n|switch|p1a: Zamazenta|Zamazenta|100\/100\n|switch|p2a: Thundurus|Thundurus-Therian, M|100\/100\n|-ability|p1a: Zamazenta|Dauntless Shield|boost\n|-boost|p1a: Zamazenta|def|1\n|turn|1\n|\n|t:|1700244902\n|move|p2a: Thundurus|Volt Switch|p1a: Zamazenta\n|-damage|p1a: Zamazenta|72\/100\n|\n|t:|1700244908\n|switch|p2a: Cinderace|Cinderace, F|100\/100|[from] Volt Switch\n|move|p1a: Zamazenta|Light Screen|p1a: Zamazenta\n|-sidestart|p1: toiletstinkersreal|move: Light Screen\n|\n|-heal|p1a: Zamazenta|79\/100|[from] item: Leftovers\n|upkeep\n|turn|2\n|\n|t:|1700244916\n|-terastallize|p1a: Zamazenta|Fairy\n|move|p1a: Zamazenta|Reflect|p1a: Zamazenta\n|-sidestart|p1: toiletstinkersreal|Reflect\n|move|p2a: Cinderace|Will-O-Wisp|p1a: Zamazenta\n|-status|p1a: Zamazenta|brn\n|\n|-heal|p1a: Zamazenta|85\/100 brn|[from] item: Leftovers\n|-damage|p1a: Zamazenta|79\/100 brn|[from] brn\n|upkeep\n|turn|3\n|\n|t:|1700244930\n|switch|p1a: Dondozo|Dondozo, F|100\/100\n|move|p2a: Cinderace|U-turn|p1a: Dondozo\n|-start|p2a: Cinderace|typechange|Bug|[from] ability: Libero\n|-damage|p1a: Dondozo|90\/100\n|\n|t:|1700244935\n|switch|p2a: Thundurus|Thundurus-Therian, M|100\/100|[from] U-turn\n|\n|upkeep\n|turn|4\n|\n|t:|1700244944\n|switch|p1a: Hydreigon|Hydreigon, F|100\/100\n|move|p2a: Thundurus|Discharge|p1a: Hydreigon\n|-resisted|p1a: Hydreigon\n|-damage|p1a: Hydreigon|93\/100\n|\n|-heal|p1a: Hydreigon|99\/100|[from] item: Leftovers\n|upkeep\n|turn|5\n|\n|t:|1700244952\n|switch|p2a: Sylveon|Sylveon, F|100\/100\n|move|p1a: Hydreigon|Thunder Wave|p2a: Sylveon\n|-status|p2a: Sylveon|par\n|\n|-heal|p1a: Hydreigon|100\/100|[from] item: Leftovers\n|-sideend|p1: toiletstinkersreal|move: Light Screen\n|upkeep\n|turn|6\n|\n|t:|1700244963\n|move|p1a: Hydreigon|Stealth Rock|p2a: Sylveon\n|-sidestart|p2: tobrobsob|move: Stealth Rock\n|move|p2a: Sylveon|Yawn|p1a: Hydreigon\n|-start|p1a: Hydreigon|move: Yawn|[of] p2a: Sylveon\n|\n|-sideend|p1: toiletstinkersreal|Reflect\n|upkeep\n|turn|7\n|\n|t:|1700244973\n|switch|p1a: Zamazenta|Zamazenta, tera:Fairy|79\/100 brn\n|cant|p2a: Sylveon|par\n|\n|-heal|p1a: Zamazenta|85\/100 brn|[from] item: Leftovers\n|-damage|p1a: Zamazenta|79\/100 brn|[from] brn\n|upkeep\n|turn|8\n|\n|t:|1700244981\n|move|p1a: Zamazenta|Light Screen|p1a: Zamazenta\n|-sidestart|p1: toiletstinkersreal|move: Light Screen\n|move|p2a: Sylveon|Psychic|p1a: Zamazenta\n|-damage|p1a: Zamazenta|66\/100 brn\n|\n|-heal|p1a: Zamazenta|72\/100 brn|[from] item: Leftovers\n|-damage|p1a: Zamazenta|66\/100 brn|[from] brn\n|upkeep\n|turn|9\n|\n|t:|1700244993\n|switch|p2a: Cresselia|Cresselia, F|100\/100\n|-damage|p2a: Cresselia|88\/100|[from] Stealth Rock\n|move|p1a: Zamazenta|Reflect|p1a: Zamazenta\n|-sidestart|p1: toiletstinkersreal|Reflect\n|\n|-heal|p1a: Zamazenta|72\/100 brn|[from] item: Leftovers\n|-heal|p2a: Cresselia|94\/100|[from] item: Leftovers\n|-damage|p1a: Zamazenta|66\/100 brn|[from] brn\n|upkeep\n|turn|10\n|\n|t:|1700245004\n|move|p1a: Zamazenta|Play Rough|p2a: Cresselia\n|-damage|p2a: Cresselia|83\/100\n|move|p2a: Cresselia|Calm Mind|p2a: Cresselia\n|-boost|p2a: Cresselia|spa|1\n|-boost|p2a: Cresselia|spd|1\n|\n|-heal|p1a: Zamazenta|72\/100 brn|[from] item: Leftovers\n|-heal|p2a: Cresselia|89\/100|[from] item: Leftovers\n|-damage|p1a: Zamazenta|66\/100 brn|[from] brn\n|upkeep\n|turn|11\n|\n|t:|1700245015\n|switch|p1a: Dondozo|Dondozo, F|90\/100\n|move|p2a: Cresselia|Calm Mind|p2a: Cresselia\n|-boost|p2a: Cresselia|spa|1\n|-boost|p2a: Cresselia|spd|1\n|\n|-heal|p2a: Cresselia|95\/100|[from] item: Leftovers\n|upkeep\n|turn|12\n|\n|t:|1700245024\n|move|p2a: Cresselia|Calm Mind|p2a: Cresselia\n|-boost|p2a: Cresselia|spa|1\n|-boost|p2a: Cresselia|spd|1\n|move|p1a: Dondozo|Yawn|p2a: Cresselia\n|-start|p2a: Cresselia|move: Yawn|[of] p1a: Dondozo\n|\n|-heal|p2a: Cresselia|100\/100|[from] item: Leftovers\n|-sideend|p1: toiletstinkersreal|move: Light Screen\n|upkeep\n|turn|13\n|\n|t:|1700245034\n|move|p2a: Cresselia|Calm Mind|p2a: Cresselia\n|-boost|p2a: Cresselia|spa|1\n|-boost|p2a: Cresselia|spd|1\n|move|p1a: Dondozo|Heavy Slam|p2a: Cresselia\n|-damage|p2a: Cresselia|88\/100\n|\n|-heal|p2a: Cresselia|94\/100|[from] item: Leftovers\n|-end|p2a: Cresselia|move: Yawn|[silent]\n|-status|p2a: Cresselia|slp\n|-sideend|p1: toiletstinkersreal|Reflect\n|upkeep\n|turn|14\n|\n|t:|1700245044\n|cant|p2a: Cresselia|slp\n|move|p1a: Dondozo|Wave Crash|p2a: Cresselia\n|-damage|p2a: Cresselia|57\/100 slp\n|-damage|p1a: Dondozo|79\/100|[from] Recoil\n|\n|-heal|p2a: Cresselia|63\/100 slp|[from] item: Leftovers\n|upkeep\n|turn|15\n|\n|t:|1700245053\n|-curestatus|p2a: Cresselia|slp|[msg]\n|move|p2a: Cresselia|Stored Power|p1a: Dondozo\n|-damage|p1a: Dondozo|19\/100\n|move|p1a: Dondozo|Wave Crash|p2a: Cresselia\n|-damage|p2a: Cresselia|28\/100\n|-damage|p1a: Dondozo|8\/100|[from] Recoil\n|\n|-heal|p2a: Cresselia|34\/100|[from] item: Leftovers\n|upkeep\n|turn|16\n|\n|t:|1700245064\n|move|p2a: Cresselia|Moonlight|p2a: Cresselia\n|-heal|p2a: Cresselia|84\/100\n|move|p1a: Dondozo|Rest|p1a: Dondozo\n|-status|p1a: Dondozo|slp|[from] move: Rest\n|-enditem|p1a: Dondozo|Lum Berry|[eat]\n|-curestatus|p1a: Dondozo|slp|[msg]\n|-heal|p1a: Dondozo|100\/100|[silent]\n|\n|-heal|p2a: Cresselia|90\/100|[from] item: Leftovers\n|upkeep\n|turn|17\n|\n|t:|1700245075\n|move|p2a: Cresselia|Calm Mind|p2a: Cresselia\n|-boost|p2a: Cresselia|spa|1\n|-boost|p2a: Cresselia|spd|1\n|move|p1a: Dondozo|Yawn|p2a: Cresselia\n|-start|p2a: Cresselia|move: Yawn|[of] p1a: Dondozo\n|\n|-heal|p2a: Cresselia|96\/100|[from] item: Leftovers\n|upkeep\n|turn|18\n|\n|t:|1700245084\n|move|p2a: Cresselia|Calm Mind|p2a: Cresselia\n|-boost|p2a: Cresselia|spa|1\n|-boost|p2a: Cresselia|spd|1\n|move|p1a: Dondozo|Wave Crash|p2a: Cresselia\n|-damage|p2a: Cresselia|61\/100\n|-damage|p1a: Dondozo|90\/100|[from] Recoil\n|\n|-heal|p2a: Cresselia|67\/100|[from] item: Leftovers\n|-end|p2a: Cresselia|move: Yawn|[silent]\n|-status|p2a: Cresselia|slp\n|upkeep\n|turn|19\n|\n|t:|1700245095\n|cant|p2a: Cresselia|slp\n|move|p1a: Dondozo|Wave Crash|p2a: Cresselia\n|-damage|p2a: Cresselia|27\/100 slp\n|-damage|p1a: Dondozo|79\/100|[from] Recoil\n|\n|-heal|p2a: Cresselia|33\/100 slp|[from] item: Leftovers\n|upkeep\n|turn|20\n|\n|t:|1700245103\n|cant|p2a: Cresselia|slp\n|move|p1a: Dondozo|Wave Crash|p2a: Cresselia\n|-damage|p2a: Cresselia|0 fnt\n|faint|p2a: Cresselia\n|-damage|p1a: Dondozo|69\/100|[from] Recoil\n|\n|upkeep\n|\n|t:|1700245110\n|switch|p2a: Thundurus|Thundurus-Therian, M|100\/100\n|-damage|p2a: Thundurus|76\/100|[from] Stealth Rock\n|turn|21\n|\n|t:|1700245115\n|switch|p1a: Hydreigon|Hydreigon, F|100\/100\n|move|p2a: Thundurus|Discharge|p1a: Hydreigon\n|-resisted|p1a: Hydreigon\n|-damage|p1a: Hydreigon|85\/100\n|\n|-heal|p1a: Hydreigon|91\/100|[from] item: Leftovers\n|upkeep\n|turn|22\n|\n|t:|1700245125\n|switch|p2a: Sylveon|Sylveon, F|100\/100 par\n|-damage|p2a: Sylveon|88\/100 par|[from] Stealth Rock\n|move|p1a: Hydreigon|Stealth Rock||[still]\n|-fail|p1a: Hydreigon\n|\n|-heal|p1a: Hydreigon|97\/100|[from] item: Leftovers\n|-heal|p2a: Sylveon|94\/100 par|[from] item: Leftovers\n|upkeep\n|turn|23\n|\n|t:|1700245136\n|switch|p1a: Breloom|Breloom, F|100\/100\n|cant|p2a: Sylveon|par\n|\n|-heal|p2a: Sylveon|99\/100 par|[from] item: Leftovers\n|upkeep\n|turn|24\n|\n|t:|1700245146\n|move|p1a: Breloom|Bullet Seed|p2a: Sylveon\n|-damage|p2a: Sylveon|76\/100 par\n|-damage|p2a: Sylveon|51\/100 par\n|-damage|p2a: Sylveon|29\/100 par\n|-damage|p2a: Sylveon|3\/100 par\n|-hitcount|p2a: Sylveon|4\n|cant|p2a: Sylveon|par\n|\n|-heal|p2a: Sylveon|9\/100 par|[from] item: Leftovers\n|upkeep\n|turn|25\n|-message|tobrobsob forfeited.\n|\n|win|toiletstinkersreal\n|raw|toiletstinkersreal's rating: 1057 &rarr; <strong>1087<\/strong><br \/>(+30 for winning)\n|raw|tobrobsob's rating: 1045 &rarr; <strong>1029<\/strong><br \/>(-16 for losing)\n|l|\u2606tobrobsob\n","uploadtime":1700245161,"views":12,"p1id":"toiletstinkersreal","p2id":"tobrobsob","formatid":"gen9ou","rating":1029,"private":0,"password":""}