{"id":"gen9ou-1993169613","p1":"Ballzgoingdown","p2":"elunedos","format":"[Gen 9] OU","log":"|j|\u2606Ballzgoingdown\n|j|\u2606elunedos\n|t:|1700273262\n|gametype|singles\n|player|p1|Ballzgoingdown|shadowtriad|1116\n|player|p2|elunedos|brawly|1040\n|teamsize|p1|6\n|teamsize|p2|6\n|gen|9\n|tier|[Gen 9] OU\n|rated|\n|rule|Sleep Clause Mod: Limit one foe put to sleep\n|rule|Species Clause: Limit one of each Pok\u00e9mon\n|rule|OHKO Clause: OHKO moves are banned\n|rule|Evasion Items Clause: Evasion items are banned\n|rule|Evasion Moves Clause: Evasion moves are banned\n|rule|Endless Battle Clause: Forcing endless battles is banned\n|rule|HP Percentage Mod: HP is shown in percentages\n|clearpoke\n|poke|p1|Ting-Lu|\n|poke|p1|Sneasler, F|\n|poke|p1|Rillaboom, M|\n|poke|p1|Gholdengo|\n|poke|p1|Thundurus-Therian, M|\n|poke|p1|Gyarados, M|\n|poke|p2|Chandelure, M|\n|poke|p2|Dragapult, F|\n|poke|p2|Gholdengo|\n|poke|p2|Houndstone, M|\n|poke|p2|Spiritomb, F|\n|poke|p2|Skeledirge, M|\n|teampreview\n|inactive|Battle timer is ON: inactive players will automatically lose when time's up. (requested by Ballzgoingdown)\n|\n|t:|1700273278\n|start\n|switch|p1a: Ting-Lu|Ting-Lu|100\/100\n|switch|p2a: Houndstone|Houndstone, M, shiny|100\/100\n|-ability|p1a: Ting-Lu|Vessel of Ruin\n|turn|1\n|inactive|Ballzgoingdown has 120 seconds left.\n|inactive|Ballzgoingdown has 90 seconds left.\n|\n|t:|1700273342\n|move|p2a: Houndstone|Sunny Day|p2a: Houndstone\n|-weather|SunnyDay\n|move|p1a: Ting-Lu|Stealth Rock|p2a: Houndstone\n|-sidestart|p2: elunedos|move: Stealth Rock\n|\n|-weather|SunnyDay|[upkeep]\n|upkeep\n|turn|2\n|inactive|elunedos has 120 seconds left.\n|\n|t:|1700273384\n|switch|p2a: Skeledirge|Skeledirge, M, shiny|100\/100\n|-damage|p2a: Skeledirge|76\/100|[from] Stealth Rock\n|move|p1a: Ting-Lu|Earthquake|p2a: Skeledirge\n|-supereffective|p2a: Skeledirge\n|-damage|p2a: Skeledirge|0 fnt\n|faint|p2a: Skeledirge\n|\n|-weather|SunnyDay|[upkeep]\n|upkeep\n|c|\u2606Ballzgoingdown|???????????????????????????????\n|\n|t:|1700273399\n|switch|p2a: Chandelure|Chandelure, M, shiny|100\/100\n|-damage|p2a: Chandelure|76\/100|[from] Stealth Rock\n|turn|3\n|\n|t:|1700273412\n|-terastallize|p2a: Chandelure|Flying\n|move|p2a: Chandelure|Fire Blast|p1a: Ting-Lu\n|-damage|p1a: Ting-Lu|44\/100\n|move|p1a: Ting-Lu|Earthquake|p2a: Chandelure\n|-immune|p2a: Chandelure\n|\n|-weather|SunnyDay|[upkeep]\n|-heal|p1a: Ting-Lu|50\/100|[from] item: Leftovers\n|upkeep\n|turn|4\n|inactive|Ballzgoingdown has 90 seconds left.\n|\n|t:|1700273463\n|switch|p1a: Gyarados|Gyarados, M|100\/100\n|move|p2a: Chandelure|Fire Blast|p1a: Gyarados\n|-resisted|p1a: Gyarados\n|-damage|p1a: Gyarados|54\/100\n|\n|-weather|SunnyDay|[upkeep]\n|upkeep\n|turn|5\n|\n|t:|1700273477\n|move|p2a: Chandelure|Psychic|p1a: Gyarados\n|-damage|p1a: Gyarados|17\/100\n|move|p1a: Gyarados|Dragon Dance|p1a: Gyarados\n|-boost|p1a: Gyarados|atk|1\n|-boost|p1a: Gyarados|spe|1\n|\n|-weather|none\n|upkeep\n|turn|6\n|\n|t:|1700273488\n|-terastallize|p1a: Gyarados|Dragon\n|move|p1a: Gyarados|Scale Shot|p2a: Chandelure\n|-damage|p2a: Chandelure|47\/100\n|-damage|p2a: Chandelure|19\/100\n|-damage|p2a: Chandelure|0 fnt\n|faint|p2a: Chandelure\n|-ability|p1a: Gyarados|Moxie|boost\n|-boost|p1a: Gyarados|atk|1\n|-hitcount|p2: Chandelure|3\n|-unboost|p1a: Gyarados|def|1\n|-boost|p1a: Gyarados|spe|1\n|\n|upkeep\n|inactive|elunedos has 90 seconds left.\n|\n|t:|1700273508\n|switch|p2a: Spiritomb|Spiritomb, F, shiny|100\/100\n|-damage|p2a: Spiritomb|88\/100|[from] Stealth Rock\n|-ability|p2a: Spiritomb|Pressure\n|turn|7\n|inactive|Ballzgoingdown has 90 seconds left.\n|inactive|elunedos has 90 seconds left.\n|\n|t:|1700273519\n|move|p1a: Gyarados|Scale Shot|p2a: Spiritomb\n|-damage|p2a: Spiritomb|55\/100\n|-damage|p2a: Spiritomb|24\/100\n|-damage|p2a: Spiritomb|0 fnt\n|faint|p2a: Spiritomb\n|-ability|p1a: Gyarados|Moxie|boost\n|-boost|p1a: Gyarados|atk|1\n|-hitcount|p2: Spiritomb|3\n|-unboost|p1a: Gyarados|def|1\n|-boost|p1a: Gyarados|spe|1\n|\n|upkeep\n|inactive|elunedos has 90 seconds left.\n|\n|t:|1700273532\n|switch|p2a: Dragapult|Dragapult, F, shiny|100\/100\n|-damage|p2a: Dragapult|88\/100|[from] Stealth Rock\n|turn|8\n|inactive|elunedos has 90 seconds left.\n|\n|t:|1700273545\n|move|p1a: Gyarados|Scale Shot|p2a: Dragapult\n|-supereffective|p2a: Dragapult\n|-damage|p2a: Dragapult|3\/100\n|-supereffective|p2a: Dragapult\n|-damage|p2a: Dragapult|0 fnt\n|faint|p2a: Dragapult\n|-ability|p1a: Gyarados|Moxie|boost\n|-boost|p1a: Gyarados|atk|1\n|-hitcount|p2: Dragapult|2\n|-unboost|p1a: Gyarados|def|1\n|-boost|p1a: Gyarados|spe|1\n|\n|upkeep\n|\n|t:|1700273557\n|switch|p2a: Houndstone|Houndstone, M, shiny|100\/100\n|-damage|p2a: Houndstone|88\/100|[from] Stealth Rock\n|turn|9\n|\n|t:|1700273564\n|move|p1a: Gyarados|Scale Shot|p2a: Houndstone\n|-damage|p2a: Houndstone|43\/100\n|-damage|p2a: Houndstone|0 fnt\n|faint|p2a: Houndstone\n|-ability|p1a: Gyarados|Moxie|boost\n|-boost|p1a: Gyarados|atk|1\n|-hitcount|p2: Houndstone|2\n|-unboost|p1a: Gyarados|def|1\n|-boost|p1a: Gyarados|spe|1\n|\n|upkeep\n|\n|t:|1700273575\n|switch|p2a: Gholdengo|Gholdengo, shiny|100\/100\n|-damage|p2a: Gholdengo|94\/100|[from] Stealth Rock\n|turn|10\n|\n|t:|1700273584\n|move|p1a: Gyarados|Earthquake|p2a: Gholdengo\n|-supereffective|p2a: Gholdengo\n|-damage|p2a: Gholdengo|0 fnt\n|faint|p2a: Gholdengo\n|\n|win|Ballzgoingdown\n|raw|Ballzgoingdown's rating: 1116 &rarr; <strong>1136<\/strong><br \/>(+20 for winning)\n|raw|elunedos's rating: 1040 &rarr; <strong>1027<\/strong><br \/>(-13 for losing)\n|l|\u2606elunedos\n","uploadtime":1700273602,"views":17,"p1id":"ballzgoingdown","p2id":"elunedos","formatid":"gen9ou","rating":1027,"private":0,"password":""}