{"id":"gen9ou-1995106813","p1":"BladeSatoshiX","p2":"Deezmcnuggetz","format":"[Gen 9] OU","log":"|j|\u2606BladeSatoshiX\n|j|\u2606Deezmcnuggetz\n|t:|1700523290\n|gametype|singles\n|player|p1|BladeSatoshiX|drayden|1288\n|player|p2|Deezmcnuggetz|102|1236\n|teamsize|p1|6\n|teamsize|p2|6\n|gen|9\n|tier|[Gen 9] OU\n|rated|\n|rule|Sleep Clause Mod: Limit one foe put to sleep\n|rule|Species Clause: Limit one of each Pok\u00e9mon\n|rule|OHKO Clause: OHKO moves are banned\n|rule|Evasion Items Clause: Evasion items are banned\n|rule|Evasion Moves Clause: Evasion moves are banned\n|rule|Endless Battle Clause: Forcing endless battles is banned\n|rule|HP Percentage Mod: HP is shown in percentages\n|clearpoke\n|poke|p1|Ogerpon-Cornerstone, F|\n|poke|p1|Gholdengo|\n|poke|p1|Glimmora, M|\n|poke|p1|Quaquaval, F|\n|poke|p1|Clodsire, F|\n|poke|p1|Landorus-Therian, M|\n|poke|p2|Ogerpon-Cornerstone, F|\n|poke|p2|Kingambit, M|\n|poke|p2|Iron Moth|\n|poke|p2|Rillaboom, M|\n|poke|p2|Ceruledge, M|\n|poke|p2|Iron Hands|\n|teampreview\n|inactive|Battle timer is ON: inactive players will automatically lose when time's up. (requested by BladeSatoshiX)\n|c|\u2606BladeSatoshiX|glhf\n|inactive|Deezmcnuggetz has 120 seconds left.\n|\n|t:|1700523334\n|start\n|switch|p1a: robin|Glimmora, M|100\/100\n|switch|p2a: Ogerpon|Ogerpon-Cornerstone, F|100\/100\n|turn|1\n|\n|t:|1700523344\n|move|p2a: Ogerpon|Power Whip|p1a: robin\n|-damage|p1a: robin|11\/100\n|-activate|p1a: robin|ability: Toxic Debris\n|-sidestart|p2: Deezmcnuggetz|move: Toxic Spikes\n|move|p1a: robin|Sludge Wave|p2a: Ogerpon\n|-damage|p2a: Ogerpon|46\/100\n|-status|p2a: Ogerpon|psn\n|\n|-damage|p2a: Ogerpon|34\/100 psn|[from] psn\n|upkeep\n|turn|2\n|\n|t:|1700523359\n|switch|p1a: whitebeard|Landorus-Therian, M|100\/100\n|-ability|p1a: whitebeard|Intimidate|boost\n|-unboost|p2a: Ogerpon|atk|1\n|move|p2a: Ogerpon|Ivy Cudgel|p1a: whitebeard|[anim] Ivy Cudgel Rock\n|-crit|p1a: whitebeard\n|-damage|p1a: whitebeard|4\/100\n|\n|-damage|p2a: Ogerpon|22\/100 psn|[from] psn\n|upkeep\n|turn|3\n|\n|t:|1700523371\n|move|p1a: whitebeard|U-turn|p2a: Ogerpon\n|-supereffective|p2a: Ogerpon\n|-damage|p2a: Ogerpon|0 fnt\n|faint|p2a: Ogerpon\n|\n|t:|1700523377\n|switch|p1a: robin|Glimmora, M|11\/100|[from] U-turn\n|\n|upkeep\n|\n|t:|1700523381\n|switch|p2a: Iron Moth|Iron Moth|100\/100\n|-sideend|p2: Deezmcnuggetz|move: Toxic Spikes|[of] p2a: Iron Moth\n|-enditem|p2a: Iron Moth|Booster Energy\n|-activate|p2a: Iron Moth|ability: Quark Drive|[fromitem]\n|-start|p2a: Iron Moth|quarkdrivespe\n|turn|4\n|\n|t:|1700523390\n|move|p2a: Iron Moth|Fiery Dance|p1a: robin\n|-resisted|p1a: robin\n|-damage|p1a: robin|0 fnt\n|-boost|p2a: Iron Moth|spa|1\n|faint|p1a: robin\n|\n|upkeep\n|\n|t:|1700523396\n|switch|p1a: jinbei|Clodsire, F|100\/100\n|turn|5\n|\n|t:|1700523403\n|-end|p2a: Iron Moth|Quark Drive|[silent]\n|switch|p2a: Kingambit|Kingambit, M|100\/100\n|-activate|p2a: Kingambit|ability: Supreme Overlord\n|-start|p2a: Kingambit|fallen1|[silent]\n|move|p1a: jinbei|Earthquake|p2a: Kingambit\n|-supereffective|p2a: Kingambit\n|-damage|p2a: Kingambit|51\/100\n|\n|upkeep\n|turn|6\n|\n|t:|1700523416\n|move|p2a: Kingambit|Kowtow Cleave|p1a: jinbei\n|-damage|p1a: jinbei|40\/100\n|move|p1a: jinbei|Earthquake|p2a: Kingambit\n|-supereffective|p2a: Kingambit\n|-damage|p2a: Kingambit|5\/100\n|\n|-heal|p1a: jinbei|46\/100|[from] item: Leftovers\n|upkeep\n|turn|7\n|\n|t:|1700523429\n|switch|p1a: bon-chan|Quaquaval, F|100\/100\n|move|p2a: Kingambit|Kowtow Cleave|p1a: bon-chan\n|-resisted|p1a: bon-chan\n|-damage|p1a: bon-chan|72\/100\n|\n|-heal|p1a: bon-chan|78\/100|[from] item: Leftovers\n|upkeep\n|turn|8\n|\n|t:|1700523444\n|move|p1a: bon-chan|Aqua Step|p2a: Kingambit\n|-damage|p2a: Kingambit|0 fnt\n|-boost|p1a: bon-chan|spe|1\n|faint|p2a: Kingambit\n|-end|p2a: Kingambit|fallen1|[silent]\n|-ability|p1a: bon-chan|Moxie|boost\n|-boost|p1a: bon-chan|atk|1\n|\n|-heal|p1a: bon-chan|84\/100|[from] item: Leftovers\n|upkeep\n|\n|t:|1700523448\n|switch|p2a: Rillaboom|Rillaboom, M|100\/100\n|-fieldstart|move: Grassy Terrain|[from] ability: Grassy Surge|[of] p2a: Rillaboom\n|turn|9\n|inactive|Deezmcnuggetz has 120 seconds left.\n|\n|t:|1700523489\n|-terastallize|p1a: bon-chan|Steel\n|-terastallize|p2a: Rillaboom|Water\n|move|p2a: Rillaboom|Grassy Glide|p1a: bon-chan\n|-resisted|p1a: bon-chan\n|-damage|p1a: bon-chan|58\/100\n|-damage|p2a: Rillaboom|91\/100|[from] item: Life Orb\n|move|p1a: bon-chan|Knock Off|p2a: Rillaboom\n|-damage|p2a: Rillaboom|30\/100\n|-enditem|p2a: Rillaboom|Life Orb|[from] move: Knock Off|[of] p1a: bon-chan\n|\n|-heal|p1a: bon-chan|64\/100|[from] Grassy Terrain\n|-heal|p1a: bon-chan|70\/100|[from] item: Leftovers\n|-heal|p2a: Rillaboom|37\/100|[from] Grassy Terrain\n|upkeep\n|turn|10\n|\n|t:|1700523508\n|move|p1a: bon-chan|Knock Off|p2a: Rillaboom\n|-damage|p2a: Rillaboom|0 fnt\n|faint|p2a: Rillaboom\n|-ability|p1a: bon-chan|Moxie|boost\n|-boost|p1a: bon-chan|atk|1\n|\n|-heal|p1a: bon-chan|76\/100|[from] Grassy Terrain\n|-heal|p1a: bon-chan|83\/100|[from] item: Leftovers\n|upkeep\n|\n|t:|1700523519\n|switch|p2a: Iron Hands|Iron Hands, shiny|100\/100\n|turn|11\n|\n|t:|1700523524\n|move|p1a: bon-chan|Knock Off|p2a: Iron Hands\n|-resisted|p2a: Iron Hands\n|-damage|p2a: Iron Hands|78\/100\n|-enditem|p2a: Iron Hands|Leftovers|[from] move: Knock Off|[of] p1a: bon-chan\n|move|p2a: Iron Hands|Drain Punch|p1a: bon-chan\n|-supereffective|p1a: bon-chan\n|-damage|p1a: bon-chan|0 fnt\n|-heal|p2a: Iron Hands|100\/100|[from] drain|[of] p1a: bon-chan\n|faint|p1a: bon-chan\n|\n|upkeep\n|\n|t:|1700523537\n|switch|p1a: whitebeard|Landorus-Therian, M|4\/100\n|-ability|p1a: whitebeard|Intimidate|boost\n|-unboost|p2a: Iron Hands|atk|1\n|turn|12\n|\n|t:|1700523545\n|move|p1a: whitebeard|Earthquake|p2a: Iron Hands\n|-supereffective|p2a: Iron Hands\n|-damage|p2a: Iron Hands|63\/100\n|move|p2a: Iron Hands|Ice Punch|p1a: whitebeard\n|-supereffective|p1a: whitebeard\n|-damage|p1a: whitebeard|0 fnt\n|faint|p1a: whitebeard\n|\n|-heal|p2a: Iron Hands|69\/100|[from] Grassy Terrain\n|upkeep\n|\n|t:|1700523561\n|switch|p1a: gran tarismo|Gholdengo|100\/100\n|-item|p1a: gran tarismo|Air Balloon\n|turn|13\n|\n|t:|1700523578\n|-end|p2a: Iron Hands|Quark Drive|[silent]\n|switch|p2a: Iron Moth|Iron Moth|100\/100\n|move|p1a: gran tarismo|Shadow Ball|p2a: Iron Moth\n|-damage|p2a: Iron Moth|52\/100\n|-unboost|p2a: Iron Moth|spd|1\n|\n|-heal|p2a: Iron Moth|58\/100|[from] Grassy Terrain\n|-fieldend|move: Grassy Terrain\n|upkeep\n|turn|14\n|\n|t:|1700523588\n|switch|p1a: jinbei|Clodsire, F|46\/100\n|move|p2a: Iron Moth|Fiery Dance|p1a: jinbei\n|-damage|p1a: jinbei|24\/100\n|\n|-heal|p1a: jinbei|30\/100|[from] item: Leftovers\n|upkeep\n|turn|15\n|\n|t:|1700523604\n|-end|p2a: Iron Moth|Quark Drive|[silent]\n|switch|p2a: Ceruledge|Ceruledge, M, shiny|100\/100\n|move|p1a: jinbei|Recover|p1a: jinbei\n|-heal|p1a: jinbei|80\/100\n|\n|-heal|p1a: jinbei|86\/100|[from] item: Leftovers\n|upkeep\n|turn|16\n|\n|t:|1700523614\n|move|p2a: Ceruledge|Poltergeist|p1a: jinbei\n|-activate|p1a: jinbei|move: Poltergeist|Leftovers\n|-damage|p1a: jinbei|22\/100\n|move|p1a: jinbei|Toxic|p2a: Ceruledge\n|-status|p2a: Ceruledge|tox\n|\n|-heal|p1a: jinbei|28\/100|[from] item: Leftovers\n|-damage|p2a: Ceruledge|94\/100 tox|[from] psn\n|upkeep\n|turn|17\n|\n|t:|1700523627\n|move|p1a: jinbei|Protect|p1a: jinbei\n|-singleturn|p1a: jinbei|Protect\n|move|p2a: Ceruledge|Bitter Blade|p1a: jinbei\n|-activate|p1a: jinbei|move: Protect\n|\n|-heal|p1a: jinbei|35\/100|[from] item: Leftovers\n|-damage|p2a: Ceruledge|82\/100 tox|[from] psn\n|upkeep\n|turn|18\n|\n|t:|1700523639\n|move|p2a: Ceruledge|Poltergeist|p1a: jinbei\n|-activate|p1a: jinbei|move: Poltergeist|Leftovers\n|-damage|p1a: jinbei|0 fnt\n|faint|p1a: jinbei\n|\n|-damage|p2a: Ceruledge|63\/100 tox|[from] psn\n|upkeep\n|\n|t:|1700523647\n|switch|p1a: fem!kaido|Ogerpon-Cornerstone, F|100\/100\n|turn|19\n|\n|t:|1700523652\n|move|p2a: Ceruledge|Shadow Sneak|p1a: fem!kaido\n|-damage|p1a: fem!kaido|71\/100\n|move|p1a: fem!kaido|Ivy Cudgel|p2a: Ceruledge|[anim] Ivy Cudgel Rock\n|-supereffective|p2a: Ceruledge\n|-damage|p2a: Ceruledge|0 fnt\n|faint|p2a: Ceruledge\n|\n|upkeep\n|\n|t:|1700523661\n|switch|p2a: Iron Hands|Iron Hands, shiny|69\/100\n|turn|20\n|\n|t:|1700523668\n|switch|p1a: gran tarismo|Gholdengo|100\/100\n|-item|p1a: gran tarismo|Air Balloon\n|move|p2a: Iron Hands|Ice Punch|p1a: gran tarismo\n|-resisted|p1a: gran tarismo\n|-damage|p1a: gran tarismo|85\/100\n|-enditem|p1a: gran tarismo|Air Balloon\n|\n|upkeep\n|turn|21\n|\n|t:|1700523683\n|move|p1a: gran tarismo|Shadow Ball|p2a: Iron Hands\n|-damage|p2a: Iron Hands|24\/100\n|move|p2a: Iron Hands|Wild Charge|p1a: gran tarismo\n|-damage|p1a: gran tarismo|34\/100\n|-damage|p2a: Iron Hands|15\/100|[from] Recoil\n|\n|upkeep\n|turn|22\n|\n|t:|1700523692\n|move|p1a: gran tarismo|Shadow Ball|p2a: Iron Hands\n|-damage|p2a: Iron Hands|0 fnt\n|faint|p2a: Iron Hands\n|-end|p2a: Iron Hands|Quark Drive|[silent]\n|\n|upkeep\n|\n|t:|1700523694\n|switch|p2a: Iron Moth|Iron Moth|58\/100\n|turn|23\n|\n|t:|1700523701\n|move|p2a: Iron Moth|Fiery Dance|p1a: gran tarismo\n|-supereffective|p1a: gran tarismo\n|-damage|p1a: gran tarismo|0 fnt\n|-boost|p2a: Iron Moth|spa|1\n|faint|p1a: gran tarismo\n|\n|upkeep\n|\n|t:|1700523708\n|switch|p1a: fem!kaido|Ogerpon-Cornerstone, F|71\/100\n|turn|24\n|c|\u2606Deezmcnuggetz|dang down to a speed tie\n|c|\u2606Deezmcnuggetz|lol\n|c|\u2606BladeSatoshiX|gg\n|c|\u2606BladeSatoshiX|yeah rip lol\n|\n|t:|1700523727\n|move|p2a: Iron Moth|Sludge Wave|p1a: fem!kaido\n|-damage|p1a: fem!kaido|0 fnt\n|faint|p1a: fem!kaido\n|\n|win|Deezmcnuggetz\n|raw|BladeSatoshiX's rating: 1288 &rarr; <strong>1259<\/strong><br \/>(-29 for losing)\n|raw|Deezmcnuggetz's rating: 1236 &rarr; <strong>1265<\/strong><br \/>(+29 for winning)\n|c|\u2606Deezmcnuggetz|gg wp man\n|c|\u2606BladeSatoshiX|ggwp\n|l|\u2606BladeSatoshiX\n","uploadtime":1700523752,"views":6,"p1id":"bladesatoshix","p2id":"deezmcnuggetz","formatid":"gen9ou","rating":1259,"private":0,"password":""}