{"id":"gen9ou-1989806216","p1":"UltraJoey","p2":"whyismynamejeff","format":"[Gen 9] OU","log":"|j|\u2606UltraJoey\n|j|\u2606whyismynamejeff\n|inactive|Battle timer is ON: inactive players will automatically lose when time's up.\n|t:|1699897289\n|gametype|singles\n|player|p1|UltraJoey|alder|\n|player|p2|whyismynamejeff|colress|\n|teamsize|p1|6\n|teamsize|p2|6\n|gen|9\n|tier|[Gen 9] OU\n|rated|Tournament battle\n|rule|Sleep Clause Mod: Limit one foe put to sleep\n|rule|Species Clause: Limit one of each Pok\u00e9mon\n|rule|OHKO Clause: OHKO moves are banned\n|rule|Evasion Items Clause: Evasion items are banned\n|rule|Evasion Moves Clause: Evasion moves are banned\n|rule|Endless Battle Clause: Forcing endless battles is banned\n|rule|HP Percentage Mod: HP is shown in percentages\n|clearpoke\n|poke|p1|Ribombee, M|\n|poke|p1|Ogerpon-Wellspring, F|\n|poke|p1|Iron Moth|\n|poke|p1|Kingambit, M|\n|poke|p1|Gholdengo|\n|poke|p1|Great Tusk|\n|poke|p2|Hatterene, F|\n|poke|p2|Sneasler, M|\n|poke|p2|Kingambit, M|\n|poke|p2|Iron Valiant|\n|poke|p2|Rillaboom, M|\n|poke|p2|Great Tusk|\n|teampreview\n|inactive|UltraJoey also wants the timer to be on.\n|j|#UnovX\n|\n|t:|1699897306\n|start\n|switch|p1a: Ironheart|Iron Moth, shiny|100\/100\n|switch|p2a: Great Tusk|Great Tusk|100\/100\n|-enditem|p1a: Ironheart|Booster Energy\n|-activate|p1a: Ironheart|ability: Quark Drive|[fromitem]\n|-start|p1a: Ironheart|quarkdrivespa\n|turn|1\n|\n|t:|1699897315\n|move|p1a: Ironheart|Substitute|p1a: Ironheart\n|-start|p1a: Ironheart|Substitute\n|-damage|p1a: Ironheart|76\/100\n|move|p2a: Great Tusk|Knock Off|p1a: Ironheart\n|-end|p1a: Ironheart|Substitute\n|\n|upkeep\n|turn|2\n|\n|t:|1699897322\n|move|p1a: Ironheart|Psychic|p2a: Great Tusk\n|-supereffective|p2a: Great Tusk\n|-damage|p2a: Great Tusk|0 fnt\n|faint|p2a: Great Tusk\n|-end|p2a: Great Tusk|Protosynthesis|[silent]\n|\n|upkeep\n|\n|t:|1699897329\n|switch|p2a: Hatterene|Hatterene, F|100\/100\n|turn|3\n|\n|t:|1699897338\n|switch|p2a: Sneasler|Sneasler, M|100\/100\n|move|p1a: Ironheart|Substitute|p1a: Ironheart\n|-start|p1a: Ironheart|Substitute\n|-damage|p1a: Ironheart|51\/100\n|\n|upkeep\n|turn|4\n|\n|t:|1699897343\n|move|p1a: Ironheart|Psychic|p2a: Sneasler\n|-supereffective|p2a: Sneasler\n|-damage|p2a: Sneasler|0 fnt\n|faint|p2a: Sneasler\n|\n|upkeep\n|\n|t:|1699897346\n|switch|p2a: Kingambit|Kingambit, M|100\/100\n|-activate|p2a: Kingambit|ability: Supreme Overlord\n|-start|p2a: Kingambit|fallen2|[silent]\n|turn|5\n|\n|t:|1699897353\n|-end|p2a: Kingambit|fallen2|[silent]\n|switch|p2a: Iron Valiant|Iron Valiant|100\/100\n|move|p1a: Ironheart|Fiery Dance|p2a: Iron Valiant\n|-damage|p2a: Iron Valiant|0 fnt\n|-boost|p1a: Ironheart|spa|1\n|faint|p2a: Iron Valiant\n|-end|p2a: Iron Valiant|Quark Drive|[silent]\n|\n|upkeep\n|\n|t:|1699897364\n|switch|p2a: Hatterene|Hatterene, F|100\/100\n|turn|6\n|\n|t:|1699897368\n|move|p1a: Ironheart|Sludge Wave|p2a: Hatterene\n|-supereffective|p2a: Hatterene\n|-damage|p2a: Hatterene|0 fnt\n|faint|p2a: Hatterene\n|\n|upkeep\n|\n|t:|1699897372\n|switch|p2a: Rillaboom|Rillaboom, M|100\/100\n|-fieldstart|move: Grassy Terrain|[from] ability: Grassy Surge|[of] p2a: Rillaboom\n|turn|7\n|\n|t:|1699897376\n|move|p1a: Ironheart|Sludge Wave|p2a: Rillaboom\n|-supereffective|p2a: Rillaboom\n|-damage|p2a: Rillaboom|0 fnt\n|faint|p2a: Rillaboom\n|\n|-heal|p1a: Ironheart|57\/100|[from] Grassy Terrain\n|upkeep\n|c|\u2606UltraJoey|gg wp\n|\n|t:|1699897380\n|switch|p2a: Kingambit|Kingambit, M|100\/100\n|-activate|p2a: Kingambit|ability: Supreme Overlord\n|-start|p2a: Kingambit|fallen5|[silent]\n|turn|8\n|\n|t:|1699897391\n|move|p1a: Ironheart|Fiery Dance|p2a: Kingambit\n|-supereffective|p2a: Kingambit\n|-damage|p2a: Kingambit|0 fnt\n|-boost|p1a: Ironheart|spa|1\n|faint|p2a: Kingambit\n|-end|p2a: Kingambit|fallen5|[silent]\n|\n|win|UltraJoey\n|n|\u2606UltraJoey|ultrajoey\n|n|\u2606whyismynamejeff|whyismynamejeff\n|n|+UnovX|unovx\n|l|\u2606whyismynamejeff\n","uploadtime":1699897396,"views":7,"p1id":"ultrajoey","p2id":"whyismynamejeff","formatid":"gen9ou","rating":0,"private":0,"password":""}