{"id":"gen9ou-1996162322","p1":"Ikari.mp3","p2":"hehheiamcheese","format":"[Gen 9] OU","log":"|j|\u2606Ikari.mp3\n|j|\u2606hehheiamcheese\n|t:|1700653388\n|gametype|singles\n|player|p1|Ikari.mp3|n|1114\n|player|p2|hehheiamcheese|hilbert|1150\n|teamsize|p1|6\n|teamsize|p2|6\n|gen|9\n|tier|[Gen 9] OU\n|rated|\n|rule|Sleep Clause Mod: Limit one foe put to sleep\n|rule|Species Clause: Limit one of each Pok\u00e9mon\n|rule|OHKO Clause: OHKO moves are banned\n|rule|Evasion Items Clause: Evasion items are banned\n|rule|Evasion Moves Clause: Evasion moves are banned\n|rule|Endless Battle Clause: Forcing endless battles is banned\n|rule|HP Percentage Mod: HP is shown in percentages\n|clearpoke\n|poke|p1|Kommo-o, F|\n|poke|p1|Iron Valiant|\n|poke|p1|Dondozo, F|\n|poke|p1|Kingambit, M|\n|poke|p1|Zapdos|\n|poke|p1|Ogerpon-Cornerstone, F|\n|poke|p2|Hydreigon, M|\n|poke|p2|Rillaboom, M|\n|poke|p2|Amoonguss, F|\n|poke|p2|Ribombee, F|\n|poke|p2|Great Tusk|\n|poke|p2|Kingambit, M|\n|teampreview\n|\n|t:|1700653394\n|start\n|switch|p1a: Ogerpon|Ogerpon-Cornerstone, F|100\/100\n|switch|p2a: Ribombee|Ribombee, F|100\/100\n|turn|1\n|\n|t:|1700653401\n|move|p2a: Ribombee|Quiver Dance|p2a: Ribombee\n|-boost|p2a: Ribombee|spa|1\n|-boost|p2a: Ribombee|spd|1\n|-boost|p2a: Ribombee|spe|1\n|move|p1a: Ogerpon|Knock Off|p2a: Ribombee\n|-resisted|p2a: Ribombee\n|-damage|p2a: Ribombee|68\/100\n|-enditem|p2a: Ribombee|Focus Sash|[from] move: Knock Off|[of] p1a: Ogerpon\n|\n|upkeep\n|turn|2\n|\n|t:|1700653411\n|move|p2a: Ribombee|Sticky Web|p1a: Ogerpon\n|-sidestart|p1: Ikari.mp3|move: Sticky Web\n|move|p1a: Ogerpon|U-turn|p2a: Ribombee\n|-resisted|p2a: Ribombee\n|-damage|p2a: Ribombee|45\/100\n|\n|t:|1700653417\n|switch|p1a: Zapdos|Zapdos|100\/100|[from] U-turn\n|\n|upkeep\n|turn|3\n|\n|t:|1700653423\n|move|p2a: Ribombee|Stored Power|p1a: Zapdos\n|-damage|p1a: Zapdos|66\/100\n|move|p1a: Zapdos|Heat Wave|p2a: Ribombee\n|-supereffective|p2a: Ribombee\n|-damage|p2a: Ribombee|0 fnt\n|faint|p2a: Ribombee\n|\n|upkeep\n|\n|t:|1700653434\n|switch|p2a: Rillaboom|Rillaboom, M|100\/100\n|-fieldstart|move: Grassy Terrain|[from] ability: Grassy Surge|[of] p2a: Rillaboom\n|turn|4\n|\n|t:|1700653440\n|move|p2a: Rillaboom|Fake Out|p1a: Zapdos\n|-damage|p1a: Zapdos|51\/100\n|cant|p1a: Zapdos|flinch\n|\n|upkeep\n|turn|5\n|\n|t:|1700653445\n|move|p1a: Zapdos|Heat Wave|p2a: Rillaboom\n|-supereffective|p2a: Rillaboom\n|-crit|p2a: Rillaboom\n|-damage|p2a: Rillaboom|0 fnt\n|faint|p2a: Rillaboom\n|\n|upkeep\n|\n|t:|1700653450\n|switch|p2a: Hydreigon|Hydreigon, M|100\/100\n|turn|6\n|\n|t:|1700653456\n|move|p2a: Hydreigon|Focus Energy|p2a: Hydreigon\n|-start|p2a: Hydreigon|move: Focus Energy\n|move|p1a: Zapdos|Volt Switch|p2a: Hydreigon\n|-resisted|p2a: Hydreigon\n|-damage|p2a: Hydreigon|79\/100\n|\n|t:|1700653462\n|switch|p1a: Iron Valiant|Iron Valiant|100\/100|[from] Volt Switch\n|-activate|p1a: Iron Valiant|move: Sticky Web\n|-unboost|p1a: Iron Valiant|spe|1\n|\n|upkeep\n|turn|7\n|c|\u2606hehheiamcheese|Flssh cannon\n|\n|t:|1700653477\n|-terastallize|p2a: Hydreigon|Poison\n|move|p2a: Hydreigon|Focus Blast|p1a: Iron Valiant|[miss]\n|-miss|p2a: Hydreigon|p1a: Iron Valiant\n|move|p1a: Iron Valiant|Moonblast|p2a: Hydreigon\n|-resisted|p2a: Hydreigon\n|-damage|p2a: Hydreigon|41\/100\n|\n|upkeep\n|turn|8\n|\n|t:|1700653486\n|-end|p1a: Iron Valiant|Quark Drive|[silent]\n|switch|p1a: Dondozo|Dondozo, F, shiny|100\/100\n|-activate|p1a: Dondozo|move: Sticky Web\n|-unboost|p1a: Dondozo|spe|1\n|move|p2a: Hydreigon|Focus Blast|p1a: Dondozo\n|-crit|p1a: Dondozo\n|-damage|p1a: Dondozo|39\/100\n|\n|-heal|p1a: Dondozo|45\/100|[from] Grassy Terrain\n|-heal|p1a: Dondozo|51\/100|[from] item: Leftovers\n|-fieldend|move: Grassy Terrain\n|upkeep\n|turn|9\n|\n|t:|1700653497\n|move|p2a: Hydreigon|Focus Blast|p1a: Dondozo\n|-crit|p1a: Dondozo\n|-damage|p1a: Dondozo|0 fnt\n|faint|p1a: Dondozo\n|\n|upkeep\n|\n|t:|1700653502\n|switch|p1a: Iron Valiant|Iron Valiant|100\/100\n|-activate|p1a: Iron Valiant|move: Sticky Web\n|-unboost|p1a: Iron Valiant|spe|1\n|turn|10\n|\n|t:|1700653516\n|move|p2a: Hydreigon|Dark Pulse|p1a: Iron Valiant\n|-resisted|p1a: Iron Valiant\n|-crit|p1a: Iron Valiant\n|-damage|p1a: Iron Valiant|68\/100\n|cant|p1a: Iron Valiant|flinch\n|\n|upkeep\n|turn|11\n|\n|t:|1700653524\n|move|p2a: Hydreigon|Dark Pulse|p1a: Iron Valiant\n|-resisted|p1a: Iron Valiant\n|-crit|p1a: Iron Valiant\n|-damage|p1a: Iron Valiant|36\/100\n|move|p1a: Iron Valiant|Psychic|p2a: Hydreigon\n|-supereffective|p2a: Hydreigon\n|-damage|p2a: Hydreigon|0 fnt\n|faint|p2a: Hydreigon\n|\n|upkeep\n|\n|t:|1700653532\n|switch|p2a: Great Tusk|Great Tusk|100\/100\n|turn|12\n|\n|t:|1700653536\n|move|p2a: Great Tusk|Rapid Spin|p1a: Iron Valiant\n|-damage|p1a: Iron Valiant|13\/100\n|-boost|p2a: Great Tusk|spe|1\n|move|p1a: Iron Valiant|Psychic|p2a: Great Tusk\n|-supereffective|p2a: Great Tusk\n|-damage|p2a: Great Tusk|0 fnt\n|faint|p2a: Great Tusk\n|-end|p2a: Great Tusk|Protosynthesis|[silent]\n|\n|upkeep\n|\n|t:|1700653544\n|switch|p2a: Amoonguss|Amoonguss, F|100\/100\n|turn|13\n|\n|t:|1700653549\n|move|p1a: Iron Valiant|Psychic|p2a: Amoonguss\n|-supereffective|p2a: Amoonguss\n|-damage|p2a: Amoonguss|45\/100\n|move|p2a: Amoonguss|Foul Play|p1a: Iron Valiant\n|-resisted|p1a: Iron Valiant\n|-crit|p1a: Iron Valiant\n|-damage|p1a: Iron Valiant|0 fnt\n|faint|p1a: Iron Valiant\n|-end|p1a: Iron Valiant|Quark Drive|[silent]\n|\n|-heal|p2a: Amoonguss|51\/100|[from] item: Leftovers\n|upkeep\n|\n|t:|1700653554\n|switch|p1a: Kommo-o|Kommo-o, F|100\/100\n|-activate|p1a: Kommo-o|move: Sticky Web\n|-unboost|p1a: Kommo-o|spe|1\n|turn|14\n|\n|t:|1700653562\n|move|p1a: Kommo-o|Clangorous Soul|p1a: Kommo-o\n|-boost|p1a: Kommo-o|atk|1\n|-boost|p1a: Kommo-o|def|1\n|-boost|p1a: Kommo-o|spa|1\n|-boost|p1a: Kommo-o|spd|1\n|-boost|p1a: Kommo-o|spe|1\n|-damage|p1a: Kommo-o|68\/100\n|move|p2a: Amoonguss|Spore|p1a: Kommo-o\n|-status|p1a: Kommo-o|slp|[from] move: Spore\n|\n|-heal|p2a: Amoonguss|57\/100|[from] item: Leftovers\n|upkeep\n|turn|15\n|\n|t:|1700653573\n|cant|p1a: Kommo-o|slp\n|move|p2a: Amoonguss|Foul Play|p1a: Kommo-o\n|-resisted|p1a: Kommo-o\n|-damage|p1a: Kommo-o|55\/100 slp\n|\n|-heal|p2a: Amoonguss|64\/100|[from] item: Leftovers\n|upkeep\n|turn|16\n|\n|t:|1700653580\n|cant|p1a: Kommo-o|slp\n|move|p2a: Amoonguss|Clear Smog|p1a: Kommo-o\n|-damage|p1a: Kommo-o|45\/100 slp\n|-clearboost|p1a: Kommo-o\n|\n|-heal|p2a: Amoonguss|70\/100|[from] item: Leftovers\n|upkeep\n|turn|17\n|\n|t:|1700653589\n|cant|p1a: Kommo-o|slp\n|move|p2a: Amoonguss|Clear Smog|p1a: Kommo-o\n|-damage|p1a: Kommo-o|30\/100 slp\n|-clearboost|p1a: Kommo-o\n|\n|-heal|p2a: Amoonguss|76\/100|[from] item: Leftovers\n|upkeep\n|turn|18\n|\n|t:|1700653598\n|-curestatus|p1a: Kommo-o|slp|[msg]\n|move|p1a: Kommo-o|Fire Punch|p2a: Amoonguss\n|-supereffective|p2a: Amoonguss\n|-damage|p2a: Amoonguss|19\/100\n|move|p2a: Amoonguss|Clear Smog|p1a: Kommo-o\n|-crit|p1a: Kommo-o\n|-damage|p1a: Kommo-o|10\/100\n|-clearboost|p1a: Kommo-o\n|-enditem|p1a: Kommo-o|Figy Berry|[eat]\n|-heal|p1a: Kommo-o|43\/100|[from] item: Figy Berry\n|\n|-heal|p2a: Amoonguss|25\/100|[from] item: Leftovers\n|upkeep\n|turn|19\n|\n|t:|1700653611\n|move|p1a: Kommo-o|Fire Punch|p2a: Amoonguss\n|-supereffective|p2a: Amoonguss\n|-damage|p2a: Amoonguss|0 fnt\n|faint|p2a: Amoonguss\n|\n|upkeep\n|l|\u2606hehheiamcheese\n|player|p2|\n|inactive|Battle timer is ON: inactive players will automatically lose when time's up. (requested by Ikari.mp3)\n|inactive|hehheiamcheese has 30 seconds to reconnect!\n|inactive|hehheiamcheese has 20 seconds to reconnect!\n|inactive|hehheiamcheese has 15 seconds to reconnect!\n|inactive|hehheiamcheese has 10 seconds to reconnect!\n|inactive|hehheiamcheese has 5 seconds to reconnect!\n|-message|hehheiamcheese lost due to inactivity.\n|\n|win|Ikari.mp3\n|raw|Ikari.mp3's rating: 1114 &rarr; <strong>1142<\/strong><br \/>(+28 for winning)\n|raw|hehheiamcheese's rating: 1150 &rarr; <strong>1122<\/strong><br \/>(-28 for losing)\n","uploadtime":1700653713,"views":0,"p1id":"ikarimp3","p2id":"hehheiamcheese","formatid":"gen9ou","rating":1122,"private":0,"password":""}