{"id":"gen9ou-1989979413","p1":"Irvantheboredone","p2":"based trans girl","format":"[Gen 9] OU","log":"|j|\u2606Irvantheboredone\n|j|\u2606based trans girl\n|t:|1699912100\n|gametype|singles\n|player|p1|Irvantheboredone|emmet|1190\n|player|p2|based trans girl|tate-masters|1093\n|teamsize|p1|6\n|teamsize|p2|6\n|gen|9\n|tier|[Gen 9] OU\n|rated|\n|rule|Sleep Clause Mod: Limit one foe put to sleep\n|rule|Species Clause: Limit one of each Pok\u00e9mon\n|rule|OHKO Clause: OHKO moves are banned\n|rule|Evasion Items Clause: Evasion items are banned\n|rule|Evasion Moves Clause: Evasion moves are banned\n|rule|Endless Battle Clause: Forcing endless battles is banned\n|rule|HP Percentage Mod: HP is shown in percentages\n|clearpoke\n|poke|p1|Inteleon, M|\n|poke|p1|Gyarados, M|\n|poke|p1|Scizor, M|\n|poke|p1|Gallade, M|\n|poke|p1|Thundurus-Therian, M|\n|poke|p1|Kingambit, M|\n|poke|p2|Perrserker, F|\n|poke|p2|Cinderace, F|\n|poke|p2|Kingambit, F|\n|poke|p2|Iron Moth|\n|poke|p2|Rillaboom, M|\n|poke|p2|Clefable, M|\n|teampreview\n|l|\u2606based trans girl\n|player|p2|\n|inactive|Battle timer is ON: inactive players will automatically lose when time's up. (requested by Irvantheboredone)\n|inactive|based trans girl has 30 seconds to reconnect!\n|inactive|based trans girl has 20 seconds to reconnect!\n|inactive|based trans girl has 15 seconds to reconnect!\n|inactive|based trans girl has 10 seconds to reconnect!\n|inactive|based trans girl has 5 seconds to reconnect!\n|j|\u2606based trans girl\n|inactive|based trans girl reconnected and has 95 seconds left.\n|player|p2|based trans girl|tate-masters\n|inactive|based trans girl has 90 seconds left.\n|\n|t:|1699912178\n|start\n|switch|p1a: Leviathan|Gyarados, M, shiny|100\/100\n|switch|p2a: Perrserker|Perrserker, F, shiny|100\/100\n|turn|1\n|c|\u2606based trans girl|Damn my thing DCd\n|c|\u2606Irvantheboredone|Dw\n|\n|t:|1699912202\n|move|p2a: Perrserker|Fake Out|p1a: Leviathan\n|-damage|p1a: Leviathan|83\/100\n|cant|p1a: Leviathan|flinch\n|\n|upkeep\n|turn|2\n|\n|t:|1699912214\n|-terastallize|p1a: Leviathan|Ground\n|move|p1a: Leviathan|Earthquake|p2a: Perrserker\n|-supereffective|p2a: Perrserker\n|-damage|p2a: Perrserker|5\/100\n|move|p2a: Perrserker|Metal Burst|p1a: Leviathan\n|-damage|p1a: Leviathan|0 fnt\n|faint|p1a: Leviathan\n|\n|upkeep\n|\n|t:|1699912220\n|switch|p1a: V1|Inteleon, M|100\/100\n|turn|3\n|c|\u2606Irvantheboredone|That's one tanky cat\n|\n|t:|1699912230\n|move|p1a: V1|Snipe Shot|p2a: Perrserker\n|-damage|p2a: Perrserker|0 fnt\n|faint|p2a: Perrserker\n|\n|upkeep\n|c|\u2606based trans girl|Yeah that guy is insane\n|\n|t:|1699912258\n|switch|p2a: Rillaboom|Rillaboom, M|100\/100\n|-fieldstart|move: Grassy Terrain|[from] ability: Grassy Surge|[of] p2a: Rillaboom\n|turn|4\n|\n|t:|1699912265\n|switch|p1a: V2|Scizor, M|100\/100\n|switch|p2a: Clefable|Clefable, M|100\/100\n|\n|upkeep\n|turn|5\n|\n|t:|1699912269\n|-terastallize|p2a: Clefable|Fire\n|move|p1a: V2|Bullet Punch|p2a: Clefable\n|-resisted|p2a: Clefable\n|-damage|p2a: Clefable|82\/100\n|move|p2a: Clefable|Flamethrower|p1a: V2\n|-supereffective|p1a: V2\n|-damage|p1a: V2|0 fnt\n|faint|p1a: V2\n|\n|-heal|p2a: Clefable|88\/100|[from] Grassy Terrain\n|upkeep\n|\n|t:|1699912292\n|switch|p1a: V1|Inteleon, M|100\/100\n|turn|6\n|\n|t:|1699912297\n|switch|p2a: Rillaboom|Rillaboom, M|100\/100\n|move|p1a: V1|Ice Beam|p2a: Rillaboom\n|-supereffective|p2a: Rillaboom\n|-crit|p2a: Rillaboom\n|-damage|p2a: Rillaboom|0 fnt\n|faint|p2a: Rillaboom\n|\n|upkeep\n|c|\u2606Irvantheboredone|SIKE\n|\n|t:|1699912312\n|switch|p2a: Kingambit|Kingambit, F, shiny|100\/100\n|-activate|p2a: Kingambit|ability: Supreme Overlord\n|-start|p2a: Kingambit|fallen2|[silent]\n|-item|p2a: Kingambit|Air Balloon\n|turn|7\n|\n|t:|1699912332\n|switch|p1a: Mindflayer|Thundurus-Therian, M|100\/100\n|move|p2a: Kingambit|Kowtow Cleave|p1a: Mindflayer\n|-damage|p1a: Mindflayer|13\/100\n|\n|upkeep\n|turn|8\n|\n|t:|1699912343\n|move|p2a: Kingambit|Sucker Punch||[still]\n|-fail|p2a: Kingambit\n|move|p1a: Mindflayer|Agility|p1a: Mindflayer\n|-boost|p1a: Mindflayer|spe|2\n|\n|-fieldend|move: Grassy Terrain\n|upkeep\n|turn|9\n|\n|t:|1699912359\n|move|p2a: Kingambit|Sucker Punch|p1a: Mindflayer\n|-damage|p1a: Mindflayer|0 fnt\n|faint|p1a: Mindflayer\n|\n|upkeep\n|\n|t:|1699912362\n|switch|p1a: Ferryman|Kingambit, M, shiny|100\/100\n|-activate|p1a: Ferryman|ability: Supreme Overlord\n|-start|p1a: Ferryman|fallen3|[silent]\n|turn|10\n|\n|t:|1699912367\n|move|p2a: Kingambit|Low Kick|p1a: Ferryman\n|-supereffective|p1a: Ferryman\n|-damage|p1a: Ferryman|0 fnt\n|faint|p1a: Ferryman\n|-end|p1a: Ferryman|fallen3|[silent]\n|\n|upkeep\n|c|\u2606Irvantheboredone|BEATEN BY MY OWN STRAT\n|\n|t:|1699912374\n|switch|p1a: Gabriel|Gallade, M|100\/100\n|turn|11\n|\n|t:|1699912381\n|-end|p2a: Kingambit|fallen2|[silent]\n|switch|p2a: Clefable|Clefable, M, tera:Fire|88\/100\n|move|p1a: Gabriel|Sacred Sword|p2a: Clefable\n|-damage|p2a: Clefable|15\/100\n|\n|upkeep\n|turn|12\n|\n|t:|1699912394\n|move|p1a: Gabriel|Psycho Cut|p2a: Clefable\n|-damage|p2a: Clefable|0 fnt\n|faint|p2a: Clefable\n|\n|upkeep\n|\n|t:|1699912399\n|switch|p2a: Cinderace|Cinderace, F, shiny|100\/100\n|turn|13\n|\n|t:|1699912404\n|move|p2a: Cinderace|Pyro Ball|p1a: Gabriel\n|-damage|p1a: Gabriel|4\/100\n|move|p1a: Gabriel|Sacred Sword|p2a: Cinderace\n|-crit|p2a: Cinderace\n|-damage|p2a: Cinderace|0 fnt\n|faint|p2a: Cinderace\n|\n|upkeep\n|\n|t:|1699912410\n|switch|p2a: Iron Moth|Iron Moth|100\/100\n|-enditem|p2a: Iron Moth|Booster Energy\n|-activate|p2a: Iron Moth|ability: Quark Drive|[fromitem]\n|-start|p2a: Iron Moth|quarkdrivespe\n|turn|14\n|\n|t:|1699912416\n|move|p2a: Iron Moth|Fiery Dance|p1a: Gabriel\n|-damage|p1a: Gabriel|0 fnt\n|faint|p1a: Gabriel\n|\n|upkeep\n|\n|t:|1699912418\n|switch|p1a: V1|Inteleon, M|100\/100\n|turn|15\n|\n|t:|1699912421\n|move|p2a: Iron Moth|Sludge Wave|p1a: V1\n|-damage|p1a: V1|25\/100\n|move|p1a: V1|Snipe Shot|p2a: Iron Moth\n|-supereffective|p2a: Iron Moth\n|-crit|p2a: Iron Moth\n|-damage|p2a: Iron Moth|0 fnt\n|faint|p2a: Iron Moth\n|-end|p2a: Iron Moth|Quark Drive|[silent]\n|\n|upkeep\n|\n|t:|1699912425\n|switch|p2a: Kingambit|Kingambit, F, shiny|100\/100\n|-activate|p2a: Kingambit|ability: Supreme Overlord\n|-start|p2a: Kingambit|fallen5|[silent]\n|-item|p2a: Kingambit|Air Balloon\n|turn|16\n|\n|t:|1699912429\n|move|p2a: Kingambit|Sucker Punch|p1a: V1\n|-damage|p1a: V1|0 fnt\n|faint|p1a: V1\n|\n|win|based trans girl\n|raw|Irvantheboredone's rating: 1168 &rarr; <strong>1138<\/strong><br \/>(-30 for losing)\n|raw|based trans girl's rating: 1093 &rarr; <strong>1125<\/strong><br \/>(+32 for winning)\n|l|\u2606Irvantheboredone\n|c|\u2606based trans girl|Dont sike early gg\n","uploadtime":1699912453,"views":9,"p1id":"irvantheboredone","p2id":"basedtransgirl","formatid":"gen9ou","rating":1125,"private":0,"password":""}