{"id":"gen9ou-1999372565","p1":"King of Sla","p2":"mexicanpasta","format":"[Gen 9] OU","log":"|j|\u2606King of Sla\n|j|\u2606mexicanpasta\n|inactive|Battle timer is ON: inactive players will automatically lose when time's up.\n|t:|1701068950\n|gametype|singles\n|player|p1|King of Sla|1|\n|player|p2|mexicanpasta|parasollady|\n|teamsize|p1|3\n|teamsize|p2|3\n|gen|9\n|tier|[Gen 9] OU\n|rated|Tournament battle\n|rule|Sleep Clause Mod: Limit one foe put to sleep\n|rule|Species Clause: Limit one of each Pok\u00e9mon\n|rule|OHKO Clause: OHKO moves are banned\n|rule|Evasion Items Clause: Evasion items are banned\n|rule|Evasion Moves Clause: Evasion moves are banned\n|rule|Endless Battle Clause: Forcing endless battles is banned\n|rule|HP Percentage Mod: HP is shown in percentages\n|clearpoke\n|poke|p1|Ceruledge, M|\n|poke|p1|Arcanine-Hisui, M|\n|poke|p1|Greninja-*, M|\n|poke|p2|Ninetales-Alola, M|\n|poke|p2|Revavroom, M|\n|poke|p2|Rillaboom, F|\n|teampreview\n|j|*Lady Monita \u2746\n|inactive|mexicanpasta also wants the timer to be on.\n|c|\u2606mexicanpasta|ceruledge scares the shit out of me\n|\n|t:|1701068969\n|start\n|switch|p1a: Greninja|Greninja, M|100\/100\n|switch|p2a: Ninetales|Ninetales-Alola, M|100\/100\n|-weather|Snow|[from] ability: Snow Warning|[of] p2a: Ninetales\n|turn|1\n|\n|t:|1701068974\n|-terastallize|p1a: Greninja|Water\n|move|p1a: Greninja|Hydro Pump|p2a: Ninetales\n|-damage|p2a: Ninetales|1\/100\n|-damage|p1a: Greninja|91\/100|[from] item: Life Orb\n|move|p2a: Ninetales|Aurora Veil|p2a: Ninetales\n|-sidestart|p2: mexicanpasta|move: Aurora Veil\n|\n|-weather|Snow|[upkeep]\n|upkeep\n|turn|2\n|c|\u2606King of Sla|tuff\n|c|\u2606mexicanpasta|4 spdef EVs\n|c|\u2606mexicanpasta|expertly placed\n|c|\u2606King of Sla|ah\n|inactive|King of Sla has 120 seconds left.\n|c|\u2606King of Sla|specifically for LO tera greninja\n|c|\u2606mexicanpasta|mhm\n|c|\u2606mexicanpasta|what else\n|c|\u2606King of Sla|this puts me in a tricky situation\n|inactive|King of Sla has 90 seconds left.\n|\n|t:|1701069040\n|switch|p1a: Arcanine|Arcanine-Hisui, M|100\/100\n|move|p2a: Ninetales|Moonblast|p1a: Arcanine\n|-resisted|p1a: Arcanine\n|-damage|p1a: Arcanine|79\/100\n|\n|-weather|Snow|[upkeep]\n|upkeep\n|turn|3\n|inactive|King of Sla has 90 seconds left.\n|\n|t:|1701069045\n|move|p2a: Ninetales|Blizzard|p1a: Arcanine\n|-resisted|p1a: Arcanine\n|-damage|p1a: Arcanine|54\/100\n|move|p1a: Arcanine|Flare Blitz|p2a: Ninetales\n|-supereffective|p2a: Ninetales\n|-damage|p2a: Ninetales|0 fnt\n|faint|p2a: Ninetales\n|\n|-weather|Snow|[upkeep]\n|upkeep\n|\n|t:|1701069056\n|switch|p2a: Revavroom|Revavroom, M|100\/100\n|-item|p2a: Revavroom|Air Balloon\n|turn|4\n|\n|t:|1701069061\n|-terastallize|p2a: Revavroom|Flying\n|move|p1a: Arcanine|Flare Blitz|p2a: Revavroom\n|-damage|p2a: Revavroom|57\/100\n|-enditem|p2a: Revavroom|Air Balloon\n|move|p2a: Revavroom|Shift Gear|p2a: Revavroom\n|-boost|p2a: Revavroom|spe|2\n|-boost|p2a: Revavroom|atk|1\n|\n|-weather|Snow|[upkeep]\n|upkeep\n|turn|5\n|\n|t:|1701069074\n|switch|p1a: Greninja|Greninja, M, tera:Water|91\/100\n|move|p2a: Revavroom|Iron Head|p1a: Greninja\n|-resisted|p1a: Greninja\n|-damage|p1a: Greninja|42\/100\n|\n|-weather|none\n|upkeep\n|turn|6\n|\n|t:|1701069094\n|move|p1a: Greninja|Water Shuriken|p2a: Revavroom\n|-damage|p2a: Revavroom|49\/100\n|-damage|p2a: Revavroom|41\/100\n|-damage|p2a: Revavroom|33\/100\n|-damage|p2a: Revavroom|24\/100\n|-damage|p2a: Revavroom|16\/100\n|-hitcount|p2a: Revavroom|5\n|-damage|p1a: Greninja|32\/100|[from] item: Life Orb\n|move|p2a: Revavroom|Iron Head|p1a: Greninja\n|-resisted|p1a: Greninja\n|-damage|p1a: Greninja|0 fnt\n|faint|p1a: Greninja\n|\n|upkeep\n|\n|t:|1701069105\n|switch|p1a: Arcanine|Arcanine-Hisui, M|54\/100\n|turn|7\n|\n|t:|1701069108\n|move|p1a: Arcanine|Extreme Speed|p2a: Revavroom\n|-damage|p2a: Revavroom|0 fnt\n|faint|p2a: Revavroom\n|\n|upkeep\n|\n|t:|1701069111\n|switch|p2a: Rillaboom|Rillaboom, F|100\/100\n|-fieldstart|move: Grassy Terrain|[from] ability: Grassy Surge|[of] p2a: Rillaboom\n|-enditem|p2a: Rillaboom|Grassy Seed\n|-boost|p2a: Rillaboom|def|1|[from] item: Grassy Seed\n|turn|8\n|j| mf_salvador\n|inactive|mexicanpasta has 120 seconds left.\n|\n|t:|1701069143\n|switch|p1a: Ceruledge|Ceruledge, M|100\/100\n|move|p2a: Rillaboom|Swords Dance|p2a: Rillaboom\n|-boost|p2a: Rillaboom|atk|2\n|\n|-sideend|p2: mexicanpasta|move: Aurora Veil\n|upkeep\n|turn|9\n|\n|t:|1701069153\n|move|p2a: Rillaboom|High Horsepower|p1a: Ceruledge\n|-supereffective|p1a: Ceruledge\n|-enditem|p1a: Ceruledge|Focus Sash\n|-damage|p1a: Ceruledge|1\/100\n|-ability|p1a: Ceruledge|Weak Armor|boost\n|-unboost|p1a: Ceruledge|def|1\n|-boost|p1a: Ceruledge|spe|2\n|move|p1a: Ceruledge|Bitter Blade|p2a: Rillaboom\n|-supereffective|p2a: Rillaboom\n|-damage|p2a: Rillaboom|30\/100\n|-heal|p1a: Ceruledge|42\/100|[from] drain|[of] p2a: Rillaboom\n|\n|-heal|p1a: Ceruledge|48\/100|[from] Grassy Terrain\n|-heal|p2a: Rillaboom|36\/100|[from] Grassy Terrain\n|upkeep\n|turn|10\n|c|\u2606mexicanpasta|DAMN IT I KNEW IT\n|c|\u2606mexicanpasta|I HATETHIS ITEM\n|\n|t:|1701069168\n|move|p1a: Ceruledge|Shadow Sneak|p2a: Rillaboom\n|-damage|p2a: Rillaboom|20\/100\n|move|p2a: Rillaboom|Grassy Glide|p1a: Ceruledge\n|-resisted|p1a: Ceruledge\n|-damage|p1a: Ceruledge|0 fnt\n|faint|p1a: Ceruledge\n|\n|-heal|p2a: Rillaboom|26\/100|[from] Grassy Terrain\n|upkeep\n|\n|t:|1701069174\n|switch|p1a: Arcanine|Arcanine-Hisui, M|54\/100\n|turn|11\n|inactive|King of Sla has 120 seconds left.\n|\n|t:|1701069180\n|move|p1a: Arcanine|Extreme Speed|p2a: Rillaboom\n|-damage|p2a: Rillaboom|0 fnt\n|faint|p2a: Rillaboom\n|\n|win|King of Sla\n|n|\u2606King of Sla|kingofsla\n|n|\u2606mexicanpasta|mexicanpasta\n|n|*Lady Monita \u2746|ladymonita\n|n| mf_salvador|mfsalvador\n","uploadtime":1701069181,"views":12,"p1id":"kingofsla","p2id":"mexicanpasta","formatid":"gen9ou","rating":0,"private":0,"password":""}