{"id":"gen9ou-1999790670","p1":"lamegazelle","p2":"call me victini","format":"[Gen 9] OU","log":"|j|\u2606lamegazelle\n|j|\u2606call me victini\n|t:|1701116974\n|gametype|singles\n|player|p1|lamegazelle|265|1443\n|player|p2|call me victini|169|1421\n|teamsize|p1|6\n|teamsize|p2|6\n|gen|9\n|tier|[Gen 9] OU\n|rated|\n|rule|Sleep Clause Mod: Limit one foe put to sleep\n|rule|Species Clause: Limit one of each Pok\u00e9mon\n|rule|OHKO Clause: OHKO moves are banned\n|rule|Evasion Items Clause: Evasion items are banned\n|rule|Evasion Moves Clause: Evasion moves are banned\n|rule|Endless Battle Clause: Forcing endless battles is banned\n|rule|HP Percentage Mod: HP is shown in percentages\n|clearpoke\n|poke|p1|Cinderace, M|\n|poke|p1|Corviknight, M|\n|poke|p1|Heatran, M|\n|poke|p1|Ting-Lu|\n|poke|p1|Greninja-*, M|\n|poke|p1|Manaphy|\n|poke|p2|Dragapult, M|\n|poke|p2|Heatran, F|\n|poke|p2|Clefable, M|\n|poke|p2|Samurott-Hisui, F|\n|poke|p2|Brambleghast, F|\n|poke|p2|Landorus-Therian, M|\n|teampreview\n|inactive|Battle timer is ON: inactive players will automatically lose when time's up. (requested by call me victini)\n|\n|t:|1701117002\n|start\n|switch|p1a: Ting-Lu|Ting-Lu|100\/100\n|switch|p2a: Samurott|Samurott-Hisui, F|100\/100\n|-ability|p1a: Ting-Lu|Vessel of Ruin\n|turn|1\n|\n|t:|1701117009\n|switch|p1a: Corviknight|Corviknight, M|100\/100\n|move|p2a: Samurott|Flip Turn|p1a: Corviknight\n|-damage|p1a: Corviknight|70\/100\n|-damage|p2a: Samurott|84\/100|[from] item: Rocky Helmet|[of] p1a: Corviknight\n|\n|t:|1701117023\n|switch|p2a: Dragapult|Dragapult, M|100\/100|[from] Flip Turn\n|\n|upkeep\n|turn|2\n|\n|t:|1701117030\n|switch|p1a: Ting-Lu|Ting-Lu|100\/100\n|-ability|p1a: Ting-Lu|Vessel of Ruin\n|move|p2a: Dragapult|Will-O-Wisp|p1a: Ting-Lu\n|-status|p1a: Ting-Lu|brn\n|\n|-damage|p1a: Ting-Lu|94\/100 brn|[from] brn\n|upkeep\n|turn|3\n|\n|t:|1701117040\n|switch|p2a: Brambleghast|Brambleghast, F|100\/100\n|move|p1a: Ting-Lu|Stealth Rock|p2a: Brambleghast\n|-sidestart|p2: call me victini|move: Stealth Rock\n|\n|-heal|p1a: Ting-Lu|100\/100 brn|[from] item: Leftovers\n|-damage|p1a: Ting-Lu|94\/100 brn|[from] brn\n|upkeep\n|turn|4\n|\n|t:|1701117049\n|move|p2a: Brambleghast|Rapid Spin|p1a: Ting-Lu\n|-damage|p1a: Ting-Lu|85\/100 brn\n|-boost|p2a: Brambleghast|spe|1\n|-sideend|p2: call me victini|Stealth Rock|[from] move: Rapid Spin|[of] p2a: Brambleghast\n|move|p1a: Ting-Lu|Spikes|p2a: Brambleghast\n|-sidestart|p2: call me victini|Spikes\n|\n|-heal|p1a: Ting-Lu|91\/100 brn|[from] item: Leftovers\n|-damage|p1a: Ting-Lu|85\/100 brn|[from] brn\n|upkeep\n|turn|5\n|\n|t:|1701117059\n|move|p2a: Brambleghast|Rapid Spin|p1a: Ting-Lu\n|-damage|p1a: Ting-Lu|76\/100 brn\n|-boost|p2a: Brambleghast|spe|1\n|-sideend|p2: call me victini|Spikes|[from] move: Rapid Spin|[of] p2a: Brambleghast\n|move|p1a: Ting-Lu|Whirlwind|p2a: Brambleghast\n|-ability|p2a: Brambleghast|Wind Rider|boost\n|-boost|p2a: Brambleghast|atk|1\n|\n|-heal|p1a: Ting-Lu|82\/100 brn|[from] item: Leftovers\n|-damage|p1a: Ting-Lu|76\/100 brn|[from] brn\n|upkeep\n|turn|6\n|\n|t:|1701117072\n|move|p2a: Brambleghast|Power Whip|p1a: Ting-Lu\n|-supereffective|p1a: Ting-Lu\n|-damage|p1a: Ting-Lu|0 fnt\n|faint|p1a: Ting-Lu\n|\n|upkeep\n|\n|t:|1701117081\n|switch|p1a: Heatran|Heatran, M|100\/100\n|turn|7\n|\n|t:|1701117087\n|move|p2a: Brambleghast|Poltergeist|p1a: Heatran\n|-activate|p1a: Heatran|move: Poltergeist|Leftovers\n|-damage|p1a: Heatran|46\/100\n|move|p1a: Heatran|Magma Storm|p2a: Brambleghast\n|-supereffective|p2a: Brambleghast\n|-damage|p2a: Brambleghast|0 fnt\n|faint|p2a: Brambleghast\n|\n|-heal|p1a: Heatran|52\/100|[from] item: Leftovers\n|upkeep\n|\n|t:|1701117093\n|switch|p2a: Samurott|Samurott-Hisui, F|84\/100\n|turn|8\n|\n|t:|1701117103\n|switch|p1a: Corviknight|Corviknight, M|70\/100\n|move|p2a: Samurott|Razor Shell|p1a: Corviknight\n|-damage|p1a: Corviknight|35\/100\n|-damage|p2a: Samurott|67\/100|[from] item: Rocky Helmet|[of] p1a: Corviknight\n|\n|upkeep\n|turn|9\n|\n|t:|1701117111\n|move|p2a: Samurott|Razor Shell|p1a: Corviknight\n|-damage|p1a: Corviknight|0 fnt\n|-damage|p2a: Samurott|51\/100|[from] item: Rocky Helmet|[of] p1a: Corviknight\n|faint|p1a: Corviknight\n|\n|upkeep\n|\n|t:|1701117118\n|switch|p1a: Cinderace|Cinderace, M|100\/100\n|turn|10\n|\n|t:|1701117122\n|switch|p2a: Heatran|Heatran, F|100\/100\n|move|p1a: Cinderace|U-turn|p2a: Heatran\n|-start|p1a: Cinderace|typechange|Bug|[from] ability: Libero\n|-resisted|p2a: Heatran\n|-damage|p2a: Heatran|93\/100\n|\n|t:|1701117129\n|switch|p1a: Manaphy|Manaphy|100\/100|[from] U-turn\n|\n|-heal|p2a: Heatran|99\/100|[from] item: Leftovers\n|upkeep\n|turn|11\n|\n|t:|1701117136\n|switch|p2a: Dragapult|Dragapult, M|100\/100\n|move|p1a: Manaphy|Acid Armor|p1a: Manaphy\n|-boost|p1a: Manaphy|def|2\n|\n|upkeep\n|turn|12\n|inactive|call me victini has 120 seconds left.\n|\n|t:|1701117185\n|move|p2a: Dragapult|Will-O-Wisp|p1a: Manaphy|[miss]\n|-miss|p2a: Dragapult|p1a: Manaphy\n|move|p1a: Manaphy|Tail Glow|p1a: Manaphy\n|-boost|p1a: Manaphy|spa|3\n|\n|upkeep\n|turn|13\n|\n|t:|1701117191\n|move|p2a: Dragapult|Disable|p1a: Manaphy\n|-start|p1a: Manaphy|Disable|Tail Glow\n|cant|p1a: Manaphy|Disable|Tail Glow\n|\n|upkeep\n|turn|14\n|inactive|call me victini has 120 seconds left.\n|\n|t:|1701117197\n|move|p2a: Dragapult|Will-O-Wisp|p1a: Manaphy\n|-status|p1a: Manaphy|brn\n|move|p1a: Manaphy|Acid Armor|p1a: Manaphy\n|-boost|p1a: Manaphy|def|2\n|\n|-damage|p1a: Manaphy|94\/100 brn|[from] brn\n|upkeep\n|turn|15\n|\n|t:|1701117206\n|move|p2a: Dragapult|Hex|p1a: Manaphy\n|-damage|p1a: Manaphy|68\/100 brn\n|move|p1a: Manaphy|Stored Power|p2a: Dragapult\n|-damage|p2a: Dragapult|2\/100\n|\n|-heal|p2a: Dragapult|8\/100|[from] item: Leftovers\n|-heal|p1a: Manaphy|74\/100 brn|[from] item: Leftovers\n|-damage|p1a: Manaphy|68\/100 brn|[from] brn\n|upkeep\n|turn|16\n|\n|t:|1701117217\n|move|p2a: Dragapult|Hex|p1a: Manaphy\n|-damage|p1a: Manaphy|38\/100 brn\n|move|p1a: Manaphy|Surf|p2a: Dragapult\n|-resisted|p2a: Dragapult\n|-damage|p2a: Dragapult|0 fnt\n|faint|p2a: Dragapult\n|\n|-heal|p1a: Manaphy|44\/100 brn|[from] item: Leftovers\n|-damage|p1a: Manaphy|38\/100 brn|[from] brn\n|-end|p1a: Manaphy|Disable\n|upkeep\n|\n|t:|1701117223\n|switch|p2a: Heatran|Heatran, F|99\/100\n|turn|17\n|\n|t:|1701117231\n|-terastallize|p2a: Heatran|Grass\n|move|p1a: Manaphy|Surf|p2a: Heatran\n|-resisted|p2a: Heatran\n|-damage|p2a: Heatran|77\/100\n|move|p2a: Heatran|Magma Storm|p1a: Manaphy\n|-resisted|p1a: Manaphy\n|-crit|p1a: Manaphy\n|-damage|p1a: Manaphy|17\/100 brn\n|-activate|p1a: Manaphy|move: Magma Storm|[of] p2a: Heatran\n|\n|-heal|p1a: Manaphy|24\/100 brn|[from] item: Leftovers\n|-heal|p2a: Heatran|83\/100|[from] item: Leftovers\n|-damage|p1a: Manaphy|17\/100 brn|[from] brn\n|-damage|p1a: Manaphy|5\/100 brn|[from] move: Magma Storm|[partiallytrapped]\n|upkeep\n|turn|18\n|\n|t:|1701117246\n|move|p2a: Heatran|Protect|p2a: Heatran\n|-singleturn|p2a: Heatran|Protect\n|move|p1a: Manaphy|Stored Power|p2a: Heatran\n|-activate|p2a: Heatran|move: Protect\n|\n|-heal|p1a: Manaphy|11\/100 brn|[from] item: Leftovers\n|-heal|p2a: Heatran|89\/100|[from] item: Leftovers\n|-damage|p1a: Manaphy|5\/100 brn|[from] brn\n|-damage|p1a: Manaphy|0 fnt|[from] move: Magma Storm|[partiallytrapped]\n|faint|p1a: Manaphy\n|upkeep\n|\n|t:|1701117259\n|switch|p1a: Cinderace|Cinderace, M|100\/100\n|turn|19\n|\n|t:|1701117273\n|switch|p2a: Landorus|Landorus-Therian, M|100\/100\n|-ability|p2a: Landorus|Intimidate|boost\n|-unboost|p1a: Cinderace|atk|1\n|move|p1a: Cinderace|U-turn|p2a: Landorus\n|-start|p1a: Cinderace|typechange|Bug|[from] ability: Libero\n|-resisted|p2a: Landorus\n|-damage|p2a: Landorus|90\/100\n|\n|t:|1701117282\n|switch|p1a: Greninja|Greninja, M|100\/100|[from] U-turn\n|\n|upkeep\n|turn|20\n|\n|t:|1701117288\n|move|p1a: Greninja|Ice Beam|p2a: Landorus\n|-supereffective|p2a: Landorus\n|-damage|p2a: Landorus|16\/100\n|-damage|p1a: Greninja|91\/100|[from] item: Life Orb\n|move|p2a: Landorus|U-turn|p1a: Greninja\n|-supereffective|p1a: Greninja\n|-damage|p1a: Greninja|22\/100\n|\n|t:|1701117295\n|switch|p2a: Samurott|Samurott-Hisui, F|51\/100|[from] U-turn\n|\n|upkeep\n|turn|21\n|c|\u2606lamegazelle|I mean\n|c|\u2606call me victini|lol\n|inactive|lamegazelle has 120 seconds left.\n|c|\u2606lamegazelle|how tf isn\u2019t bro supposed to be dead\n|\n|t:|1701117340\n|switch|p1a: Heatran|Heatran, M|52\/100\n|move|p2a: Samurott|Flip Turn|p1a: Heatran\n|-supereffective|p1a: Heatran\n|-damage|p1a: Heatran|0 fnt\n|faint|p1a: Heatran\n|c|\u2606call me victini|lando is one tanky bitch\n|\n|t:|1701117357\n|switch|p2a: Heatran|Heatran, F, tera:Grass|89\/100|[from] Flip Turn\n|\n|-heal|p2a: Heatran|96\/100|[from] item: Leftovers\n|upkeep\n|c|\u2606lamegazelle|Bro is also x4 ice weak dude\n|\n|t:|1701117384\n|switch|p1a: Cinderace|Cinderace, M|100\/100\n|turn|22\n|\n|t:|1701117392\n|switch|p2a: Landorus|Landorus-Therian, M|16\/100\n|-ability|p2a: Landorus|Intimidate|boost\n|-unboost|p1a: Cinderace|atk|1\n|move|p1a: Cinderace|Sucker Punch||[still]\n|-fail|p1a: Cinderace\n|\n|upkeep\n|turn|23\n|\n|t:|1701117401\n|move|p1a: Cinderace|Sucker Punch|p2a: Landorus\n|-start|p1a: Cinderace|typechange|Dark|[from] ability: Libero\n|-crit|p2a: Landorus\n|-damage|p2a: Landorus|0 fnt\n|faint|p2a: Landorus\n|\n|upkeep\n|\n|t:|1701117404\n|switch|p2a: Clefable|Clefable, M|100\/100\n|turn|24\n|c|\u2606call me victini|spdef av lando\n|\n|t:|1701117410\n|move|p1a: Cinderace|Pyro Ball|p2a: Clefable\n|-damage|p2a: Clefable|82\/100\n|move|p2a: Clefable|Moonblast|p1a: Cinderace\n|-supereffective|p1a: Cinderace\n|-damage|p1a: Cinderace|10\/100\n|\n|-heal|p2a: Clefable|88\/100|[from] item: Leftovers\n|upkeep\n|turn|25\n|c|\u2606call me victini|great glue mon\n|inactive|lamegazelle has 120 seconds left.\n|\n|t:|1701117419\n|move|p1a: Cinderace|Pyro Ball|p2a: Clefable|[miss]\n|-miss|p1a: Cinderace|p2a: Clefable\n|move|p2a: Clefable|Moonblast|p1a: Cinderace\n|-supereffective|p1a: Cinderace\n|-damage|p1a: Cinderace|0 fnt\n|faint|p1a: Cinderace\n|\n|-heal|p2a: Clefable|94\/100|[from] item: Leftovers\n|upkeep\n|inactive|lamegazelle has 120 seconds left.\n|\n|t:|1701117428\n|switch|p1a: Greninja|Greninja, M|22\/100\n|turn|26\n|\n|t:|1701117432\n|-terastallize|p1a: Greninja|Water\n|move|p1a: Greninja|Surf|p2a: Clefable\n|-damage|p2a: Clefable|18\/100\n|-damage|p1a: Greninja|12\/100|[from] item: Life Orb\n|move|p2a: Clefable|Moonblast|p1a: Greninja\n|-damage|p1a: Greninja|0 fnt\n|faint|p1a: Greninja\n|\n|win|call me victini\n|raw|lamegazelle's rating: 1443 &rarr; <strong>1422<\/strong><br \/>(-21 for losing)\n|raw|call me victini's rating: 1421 &rarr; <strong>1442<\/strong><br \/>(+21 for winning)\n|c|\u2606call me victini|gg\n","uploadtime":1701117459,"views":11,"p1id":"lamegazelle","p2id":"callmevictini","formatid":"gen9ou","rating":1422,"private":0,"password":""}