{"id":"gen9ou-1996599386","p1":"Itwonpiam","p2":"LeeManChew","format":"[Gen 9] OU","log":"|j|\u2606Itwonpiam\n|j|\u2606LeeManChew\n|t:|1700698982\n|gametype|singles\n|player|p1|Itwonpiam|tuber|1040\n|player|p2|LeeManChew|266|1016\n|teamsize|p1|6\n|teamsize|p2|6\n|gen|9\n|tier|[Gen 9] OU\n|rated|\n|rule|Sleep Clause Mod: Limit one foe put to sleep\n|rule|Species Clause: Limit one of each Pok\u00e9mon\n|rule|OHKO Clause: OHKO moves are banned\n|rule|Evasion Items Clause: Evasion items are banned\n|rule|Evasion Moves Clause: Evasion moves are banned\n|rule|Endless Battle Clause: Forcing endless battles is banned\n|rule|HP Percentage Mod: HP is shown in percentages\n|clearpoke\n|poke|p1|Iron Moth|\n|poke|p1|Kommo-o, M|\n|poke|p1|Ninetales-Alola, M|\n|poke|p1|Hatterene, F|\n|poke|p1|Kingambit, F|\n|poke|p1|Great Tusk|\n|poke|p2|Infernape, F|\n|poke|p2|Quagsire, F|\n|poke|p2|Haxorus, F|\n|poke|p2|Florges-White, F|\n|poke|p2|Lilligant-Hisui, F|\n|poke|p2|Persian-Alola, M|\n|teampreview\n|\n|t:|1700698996\n|start\n|switch|p1a: Great Tusk|Great Tusk, shiny|100\/100\n|switch|p2a: Quagsire|Quagsire, F|100\/100\n|-enditem|p1a: Great Tusk|Booster Energy\n|-activate|p1a: Great Tusk|ability: Protosynthesis|[fromitem]\n|-start|p1a: Great Tusk|protosynthesisatk\n|turn|1\n|c|\u2606LeeManChew|glhf\n|\n|t:|1700699033\n|move|p1a: Great Tusk|Bulk Up|p1a: Great Tusk\n|-boost|p1a: Great Tusk|atk|1\n|-boost|p1a: Great Tusk|def|1\n|move|p2a: Quagsire|Liquidation|p1a: Great Tusk\n|-supereffective|p1a: Great Tusk\n|-damage|p1a: Great Tusk|76\/100\n|-unboost|p1a: Great Tusk|def|1\n|\n|upkeep\n|turn|2\n|\n|t:|1700699049\n|move|p1a: Great Tusk|Rapid Spin|p2a: Quagsire\n|-damage|p2a: Quagsire|68\/100\n|-boost|p1a: Great Tusk|spe|1\n|move|p2a: Quagsire|Yawn|p1a: Great Tusk\n|-start|p1a: Great Tusk|move: Yawn|[of] p2a: Quagsire\n|\n|-heal|p2a: Quagsire|74\/100|[from] item: Leftovers\n|upkeep\n|turn|3\n|\n|t:|1700699058\n|-end|p1a: Great Tusk|Protosynthesis|[silent]\n|switch|p1a: Hatterene|Hatterene, F, shiny|100\/100\n|move|p2a: Quagsire|Liquidation|p1a: Hatterene\n|-damage|p1a: Hatterene|72\/100\n|-enditem|p1a: Hatterene|Kee Berry|[eat]\n|-boost|p1a: Hatterene|def|1|[from] item: Kee Berry\n|\n|-heal|p2a: Quagsire|80\/100|[from] item: Leftovers\n|upkeep\n|turn|4\n|\n|t:|1700699091\n|move|p1a: Hatterene|Agility|p1a: Hatterene\n|-boost|p1a: Hatterene|spe|2\n|move|p2a: Quagsire|Earthquake|p1a: Hatterene\n|-damage|p1a: Hatterene|48\/100\n|\n|-heal|p2a: Quagsire|86\/100|[from] item: Leftovers\n|upkeep\n|turn|5\n|\n|t:|1700699100\n|move|p1a: Hatterene|Calm Mind|p1a: Hatterene\n|-boost|p1a: Hatterene|spa|1\n|-boost|p1a: Hatterene|spd|1\n|move|p2a: Quagsire|Liquidation|p1a: Hatterene\n|-damage|p1a: Hatterene|29\/100\n|\n|-heal|p2a: Quagsire|92\/100|[from] item: Leftovers\n|upkeep\n|turn|6\n|\n|t:|1700699112\n|-terastallize|p1a: Hatterene|Water\n|move|p1a: Hatterene|Calm Mind|p1a: Hatterene\n|-boost|p1a: Hatterene|spa|1\n|-boost|p1a: Hatterene|spd|1\n|move|p2a: Quagsire|Earthquake|p1a: Hatterene\n|-damage|p1a: Hatterene|6\/100\n|\n|-heal|p2a: Quagsire|98\/100|[from] item: Leftovers\n|upkeep\n|turn|7\n|\n|t:|1700699122\n|move|p1a: Hatterene|Draining Kiss|p2a: Quagsire\n|-damage|p2a: Quagsire|55\/100\n|-heal|p1a: Hatterene|40\/100|[from] drain|[of] p2a: Quagsire\n|move|p2a: Quagsire|Yawn|p1a: Hatterene\n|move|p1a: Hatterene|Yawn|p2a: Quagsire|[from]ability: Magic Bounce\n|-start|p2a: Quagsire|move: Yawn|[of] p1a: Hatterene\n|\n|-heal|p2a: Quagsire|61\/100|[from] item: Leftovers\n|upkeep\n|turn|8\n|\n|t:|1700699143\n|switch|p2a: Persian|Persian-Alola, M|100\/100\n|move|p1a: Hatterene|Draining Kiss|p2a: Persian\n|-supereffective|p2a: Persian\n|-enditem|p2a: Persian|Focus Sash\n|-damage|p2a: Persian|1\/100\n|-heal|p1a: Hatterene|100\/100|[from] drain|[of] p2a: Persian\n|\n|upkeep\n|turn|9\n|\n|t:|1700699151\n|move|p2a: Persian|Fake Out|p1a: Hatterene\n|-crit|p1a: Hatterene\n|-damage|p1a: Hatterene|90\/100\n|cant|p1a: Hatterene|flinch\n|\n|upkeep\n|turn|10\n|\n|t:|1700699156\n|move|p1a: Hatterene|Stored Power|p2a: Persian\n|-immune|p2a: Persian\n|move|p2a: Persian|Thunder Wave|p1a: Hatterene\n|move|p1a: Hatterene|Thunder Wave|p2a: Persian|[from]ability: Magic Bounce\n|-status|p2a: Persian|par\n|\n|upkeep\n|turn|11\n|c|\u2606LeeManChew|forgot that XD\n|\n|t:|1700699174\n|move|p1a: Hatterene|Calm Mind|p1a: Hatterene\n|-boost|p1a: Hatterene|spa|1\n|-boost|p1a: Hatterene|spd|1\n|move|p2a: Persian|Dark Pulse|p1a: Hatterene\n|-damage|p1a: Hatterene|80\/100\n|\n|upkeep\n|turn|12\n|\n|t:|1700699188\n|move|p1a: Hatterene|Calm Mind|p1a: Hatterene\n|-boost|p1a: Hatterene|spa|1\n|-boost|p1a: Hatterene|spd|1\n|move|p2a: Persian|Dark Pulse|p1a: Hatterene\n|-damage|p1a: Hatterene|72\/100\n|\n|upkeep\n|turn|13\n|\n|t:|1700699194\n|move|p1a: Hatterene|Draining Kiss|p2a: Persian\n|-supereffective|p2a: Persian\n|-damage|p2a: Persian|0 fnt\n|-heal|p1a: Hatterene|72\/100|[from] drain|[of] p2a: Persian\n|faint|p2a: Persian\n|\n|upkeep\n|\n|t:|1700699199\n|switch|p2a: Haxorus|Haxorus, F|100\/100\n|-ability|p2a: Haxorus|Mold Breaker\n|turn|14\n|\n|t:|1700699205\n|move|p1a: Hatterene|Draining Kiss|p2a: Haxorus\n|-supereffective|p2a: Haxorus\n|-damage|p2a: Haxorus|0 fnt\n|-heal|p1a: Hatterene|100\/100|[from] drain|[of] p2a: Haxorus\n|faint|p2a: Haxorus\n|\n|upkeep\n|\n|t:|1700699211\n|switch|p2a: Infernape|Infernape, F|100\/100\n|turn|15\n|\n|t:|1700699215\n|move|p1a: Hatterene|Stored Power|p2a: Infernape\n|-supereffective|p2a: Infernape\n|-damage|p2a: Infernape|0 fnt\n|faint|p2a: Infernape\n|\n|upkeep\n|\n|t:|1700699219\n|switch|p2a: Florges|Florges-White, F|100\/100\n|turn|16\n|\n|t:|1700699225\n|-terastallize|p2a: Florges|Grass\n|move|p1a: Hatterene|Stored Power|p2a: Florges\n|-damage|p2a: Florges|0 fnt\n|faint|p2a: Florges\n|\n|upkeep\n|\n|t:|1700699230\n|switch|p2a: Lilligant|Lilligant-Hisui, F|100\/100\n|turn|17\n|\n|t:|1700699237\n|move|p1a: Hatterene|Stored Power|p2a: Lilligant\n|-supereffective|p2a: Lilligant\n|-enditem|p2a: Lilligant|Focus Sash\n|-damage|p2a: Lilligant|1\/100\n|move|p2a: Lilligant|Leaf Blade|p1a: Hatterene\n|-supereffective|p1a: Hatterene\n|-damage|p1a: Hatterene|39\/100\n|\n|upkeep\n|turn|18\n|\n|t:|1700699245\n|move|p1a: Hatterene|Draining Kiss|p2a: Lilligant\n|-supereffective|p2a: Lilligant\n|-damage|p2a: Lilligant|0 fnt\n|-heal|p1a: Hatterene|40\/100|[from] drain|[of] p2a: Lilligant\n|faint|p2a: Lilligant\n|\n|upkeep\n|\n|t:|1700699250\n|switch|p2a: Quagsire|Quagsire, F|61\/100\n|turn|19\n|inactive|Battle timer is ON: inactive players will automatically lose when time's up. (requested by Itwonpiam)\n|\n|t:|1700699255\n|move|p1a: Hatterene|Draining Kiss|p2a: Quagsire\n|-damage|p2a: Quagsire|0 fnt\n|-heal|p1a: Hatterene|87\/100|[from] drain|[of] p2a: Quagsire\n|faint|p2a: Quagsire\n|\n|win|Itwonpiam\n|raw|Itwonpiam's rating: 1040 &rarr; <strong>1072<\/strong><br \/>(+32 for winning)\n|raw|LeeManChew's rating: 1016 &rarr; <strong>1004<\/strong><br \/>(-12 for losing)\n|l|\u2606LeeManChew\n","uploadtime":1700699263,"views":11,"p1id":"itwonpiam","p2id":"leemanchew","formatid":"gen9ou","rating":1004,"private":0,"password":""}