{"id":"gen9ou-1990072899","p1":"muey epicado","p2":"cellthadon","format":"[Gen 9] OU","log":"|j|\u2606muey epicado\n|j|\u2606cellthadon\n|t:|1699921612\n|gametype|singles\n|player|p1|muey epicado|pokemaniac|1570\n|player|p2|cellthadon|169|1580\n|teamsize|p1|6\n|teamsize|p2|6\n|gen|9\n|tier|[Gen 9] OU\n|rated|\n|rule|Sleep Clause Mod: Limit one foe put to sleep\n|rule|Species Clause: Limit one of each Pok\u00e9mon\n|rule|OHKO Clause: OHKO moves are banned\n|rule|Evasion Items Clause: Evasion items are banned\n|rule|Evasion Moves Clause: Evasion moves are banned\n|rule|Endless Battle Clause: Forcing endless battles is banned\n|rule|HP Percentage Mod: HP is shown in percentages\n|clearpoke\n|poke|p1|Garganacl, F|\n|poke|p1|Zapdos|\n|poke|p1|Heatran, M|\n|poke|p1|Hoopa-Unbound|\n|poke|p1|Cinderace, F|\n|poke|p1|Dragapult, F|\n|poke|p2|Samurott-Hisui, M|\n|poke|p2|Landorus-Therian, M|\n|poke|p2|Dragapult, F|\n|poke|p2|Sneasler, F|\n|poke|p2|Heatran, F|\n|poke|p2|Rillaboom, M|\n|teampreview\n|\n|t:|1699921619\n|start\n|switch|p1a: Zapdos|Zapdos|100\/100\n|switch|p2a: Landorus|Landorus-Therian, M|100\/100\n|-ability|p2a: Landorus|Intimidate|boost\n|-unboost|p1a: Zapdos|atk|1\n|turn|1\n|\n|t:|1699921626\n|move|p2a: Landorus|Stealth Rock|p1a: Zapdos\n|-sidestart|p1: muey epicado|move: Stealth Rock\n|move|p1a: Zapdos|U-turn|p2a: Landorus\n|-resisted|p2a: Landorus\n|-damage|p2a: Landorus|95\/100\n|\n|t:|1699921644\n|switch|p1a: Dragapult|Dragapult, F|100\/100|[from] U-turn\n|-damage|p1a: Dragapult|88\/100|[from] Stealth Rock\n|\n|-heal|p2a: Landorus|100\/100|[from] item: Leftovers\n|upkeep\n|turn|2\n|\n|t:|1699921651\n|switch|p2a: Heatran|Heatran, F|100\/100\n|move|p1a: Dragapult|Shadow Ball|p2a: Heatran\n|-damage|p2a: Heatran|57\/100\n|\n|-heal|p2a: Heatran|63\/100|[from] item: Leftovers\n|upkeep\n|turn|3\n|\n|t:|1699921661\n|switch|p2a: Samurott|Samurott-Hisui, M|100\/100\n|move|p1a: Dragapult|Shadow Ball|p2a: Samurott\n|-resisted|p2a: Samurott\n|-damage|p2a: Samurott|61\/100\n|-unboost|p2a: Samurott|spd|1\n|\n|upkeep\n|turn|4\n|\n|t:|1699921670\n|switch|p1a: Zapdos|Zapdos|100\/100\n|move|p2a: Samurott|Ceaseless Edge|p1a: Zapdos\n|-damage|p1a: Zapdos|56\/100\n|-sidestart|p1: muey epicado|Spikes\n|-damage|p2a: Samurott|51\/100|[from] item: Life Orb\n|\n|upkeep\n|turn|5\n|\n|t:|1699921682\n|switch|p2a: Dragapult|Dragapult, F|100\/100\n|move|p1a: Zapdos|Roost|p1a: Zapdos\n|-heal|p1a: Zapdos|100\/100\n|-singleturn|p1a: Zapdos|move: Roost\n|\n|upkeep\n|turn|6\n|\n|t:|1699921690\n|switch|p1a: Heatran|Heatran, M|100\/100\n|-damage|p1a: Heatran|88\/100|[from] Stealth Rock\n|-item|p1a: Heatran|Air Balloon\n|move|p2a: Dragapult|Dragon Darts|p1a: Heatran\n|-resisted|p1a: Heatran\n|-damage|p1a: Heatran|73\/100\n|-enditem|p1a: Heatran|Air Balloon\n|-anim|p2a: Dragapult|Dragon Darts|p1a: Heatran\n|-resisted|p1a: Heatran\n|-damage|p1a: Heatran|57\/100\n|\n|upkeep\n|turn|7\n|\n|t:|1699921705\n|move|p2a: Dragapult|Dragon Darts|p1a: Heatran\n|-resisted|p1a: Heatran\n|-damage|p1a: Heatran|41\/100\n|-anim|p2a: Dragapult|Dragon Darts|p1a: Heatran\n|-resisted|p1a: Heatran\n|-damage|p1a: Heatran|23\/100\n|move|p1a: Heatran|Magma Storm|p2a: Dragapult\n|-resisted|p2a: Dragapult\n|-damage|p2a: Dragapult|61\/100\n|-activate|p2a: Dragapult|move: Magma Storm|[of] p1a: Heatran\n|\n|-damage|p2a: Dragapult|49\/100|[from] move: Magma Storm|[partiallytrapped]\n|upkeep\n|turn|8\n|\n|t:|1699921716\n|move|p2a: Dragapult|Dragon Darts|p1a: Heatran\n|-resisted|p1a: Heatran\n|-damage|p1a: Heatran|6\/100\n|-anim|p2a: Dragapult|Dragon Darts|p1a: Heatran\n|-resisted|p1a: Heatran\n|-damage|p1a: Heatran|0 fnt\n|faint|p1a: Heatran\n|\n|-end|p2a: Dragapult|Magma Storm|[partiallytrapped]|[silent]\n|upkeep\n|\n|t:|1699921723\n|switch|p1a: Cinderace|Cinderace, F|100\/100\n|turn|9\n|\n|t:|1699921729\n|-terastallize|p2a: Dragapult|Fighting\n|move|p2a: Dragapult|Dragon Darts|p1a: Cinderace\n|-damage|p1a: Cinderace|54\/100\n|-anim|p2a: Dragapult|Dragon Darts|p1a: Cinderace\n|-damage|p1a: Cinderace|12\/100\n|move|p1a: Cinderace|Court Change|p1a: Cinderace\n|-start|p1a: Cinderace|typechange|Normal|[from] ability: Libero\n|-swapsideconditions\n|-activate|p1a: Cinderace|move: Court Change\n|\n|upkeep\n|turn|10\n|\n|t:|1699921741\n|switch|p1a: Garganacl|Garganacl, F|100\/100\n|move|p2a: Dragapult|Dragon Darts|p1a: Garganacl\n|-crit|p1a: Garganacl\n|-damage|p1a: Garganacl|63\/100\n|-anim|p2a: Dragapult|Dragon Darts|p1a: Garganacl\n|-damage|p1a: Garganacl|36\/100\n|\n|-heal|p1a: Garganacl|42\/100|[from] item: Leftovers\n|upkeep\n|turn|11\n|\n|t:|1699921753\n|move|p1a: Garganacl|Protect|p1a: Garganacl\n|-singleturn|p1a: Garganacl|Protect\n|move|p2a: Dragapult|Dragon Darts|p1a: Garganacl\n|-activate|p1a: Garganacl|move: Protect\n|\n|-heal|p1a: Garganacl|49\/100|[from] item: Leftovers\n|upkeep\n|turn|12\n|\n|t:|1699921760\n|switch|p1a: Cinderace|Cinderace, F|12\/100\n|move|p2a: Dragapult|Dragon Darts|p1a: Cinderace\n|-damage|p1a: Cinderace|0 fnt\n|faint|p1a: Cinderace\n|\n|upkeep\n|\n|t:|1699921789\n|switch|p1a: Dragapult|Dragapult, F|88\/100\n|turn|13\n|\n|t:|1699921792\n|move|p2a: Dragapult|Dragon Darts|p1a: Dragapult\n|-supereffective|p1a: Dragapult\n|-damage|p1a: Dragapult|0 fnt\n|faint|p1a: Dragapult\n|\n|upkeep\n|\n|t:|1699921797\n|switch|p1a: Zapdos|Zapdos|100\/100\n|turn|14\n|\n|t:|1699921800\n|move|p2a: Dragapult|Dragon Darts|p1a: Zapdos\n|-damage|p1a: Zapdos|75\/100\n|-anim|p2a: Dragapult|Dragon Darts|p1a: Zapdos\n|-damage|p1a: Zapdos|47\/100\n|move|p1a: Zapdos|Discharge|p2a: Dragapult\n|-damage|p2a: Dragapult|0 fnt\n|faint|p2a: Dragapult\n|\n|upkeep\n|\n|t:|1699921812\n|switch|p2a: Heatran|Heatran, F|63\/100\n|-damage|p2a: Heatran|50\/100|[from] Stealth Rock\n|-damage|p2a: Heatran|38\/100|[from] Spikes\n|turn|15\n|\n|t:|1699921820\n|switch|p1a: Hoopa|Hoopa-Unbound|100\/100\n|move|p2a: Heatran|Magma Storm|p1a: Hoopa|[miss]\n|-miss|p2a: Heatran|p1a: Hoopa\n|\n|-heal|p2a: Heatran|44\/100|[from] item: Leftovers\n|upkeep\n|turn|16\n|\n|t:|1699921829\n|move|p1a: Hoopa|Knock Off|p2a: Heatran\n|-damage|p2a: Heatran|0 fnt\n|-enditem|p2a: Heatran|Leftovers|[from] move: Knock Off|[of] p1a: Hoopa\n|faint|p2a: Heatran\n|-damage|p1a: Hoopa|91\/100|[from] item: Life Orb\n|\n|upkeep\n|\n|t:|1699921839\n|switch|p2a: Landorus|Landorus-Therian, M|100\/100\n|-damage|p2a: Landorus|88\/100|[from] Stealth Rock\n|-ability|p2a: Landorus|Intimidate|boost\n|-unboost|p1a: Hoopa|atk|1\n|turn|17\n|\n|t:|1699921844\n|move|p2a: Landorus|U-turn|p1a: Hoopa\n|-supereffective|p1a: Hoopa\n|-crit|p1a: Hoopa\n|-damage|p1a: Hoopa|0 fnt\n|faint|p1a: Hoopa\n|\n|t:|1699921858\n|switch|p2a: Rillaboom|Rillaboom, M|100\/100|[from] U-turn\n|-damage|p2a: Rillaboom|88\/100|[from] Stealth Rock\n|-damage|p2a: Rillaboom|76\/100|[from] Spikes\n|-fieldstart|move: Grassy Terrain|[from] ability: Grassy Surge|[of] p2a: Rillaboom\n|\n|-heal|p2a: Rillaboom|82\/100|[from] Grassy Terrain\n|upkeep\n|\n|t:|1699921866\n|switch|p1a: Zapdos|Zapdos|47\/100\n|turn|18\n|\n|t:|1699921869\n|move|p2a: Rillaboom|Wood Hammer|p1a: Zapdos\n|-resisted|p1a: Zapdos\n|-damage|p1a: Zapdos|15\/100\n|-status|p2a: Rillaboom|par|[from] ability: Static|[of] p1a: Zapdos\n|-damage|p2a: Rillaboom|70\/100 par|[from] Recoil\n|move|p1a: Zapdos|Roost|p1a: Zapdos\n|-heal|p1a: Zapdos|65\/100\n|-singleturn|p1a: Zapdos|move: Roost\n|\n|-heal|p1a: Zapdos|71\/100|[from] Grassy Terrain\n|-heal|p2a: Rillaboom|76\/100 par|[from] Grassy Terrain\n|upkeep\n|turn|19\n|\n|t:|1699921881\n|move|p1a: Zapdos|Hurricane|p2a: Rillaboom\n|-supereffective|p2a: Rillaboom\n|-damage|p2a: Rillaboom|0 fnt\n|faint|p2a: Rillaboom\n|\n|upkeep\n|\n|t:|1699921889\n|switch|p2a: Samurott|Samurott-Hisui, M|51\/100\n|-damage|p2a: Samurott|38\/100|[from] Stealth Rock\n|-damage|p2a: Samurott|26\/100|[from] Spikes\n|turn|20\n|\n|t:|1699921897\n|move|p2a: Samurott|Razor Shell|p1a: Zapdos\n|-damage|p1a: Zapdos|23\/100\n|-damage|p2a: Samurott|16\/100|[from] item: Life Orb\n|move|p1a: Zapdos|Roost|p1a: Zapdos\n|-heal|p1a: Zapdos|74\/100\n|-singleturn|p1a: Zapdos|move: Roost\n|\n|-heal|p2a: Samurott|22\/100|[from] Grassy Terrain\n|-heal|p1a: Zapdos|80\/100|[from] Grassy Terrain\n|upkeep\n|turn|21\n|\n|t:|1699921907\n|move|p2a: Samurott|Razor Shell|p1a: Zapdos\n|-damage|p1a: Zapdos|32\/100\n|-unboost|p1a: Zapdos|def|1\n|-damage|p2a: Samurott|12\/100|[from] item: Life Orb\n|move|p1a: Zapdos|Roost|p1a: Zapdos\n|-heal|p1a: Zapdos|82\/100\n|-singleturn|p1a: Zapdos|move: Roost\n|\n|-heal|p2a: Samurott|18\/100|[from] Grassy Terrain\n|-heal|p1a: Zapdos|88\/100|[from] Grassy Terrain\n|-fieldend|move: Grassy Terrain\n|upkeep\n|turn|22\n|\n|t:|1699921931\n|switch|p1a: Garganacl|Garganacl, F|49\/100\n|move|p2a: Samurott|Razor Shell|p1a: Garganacl\n|-supereffective|p1a: Garganacl\n|-damage|p1a: Garganacl|0 fnt\n|faint|p1a: Garganacl\n|-damage|p2a: Samurott|8\/100|[from] item: Life Orb\n|\n|upkeep\n|\n|t:|1699921939\n|switch|p1a: Zapdos|Zapdos|88\/100\n|turn|23\n|\n|t:|1699921942\n|move|p2a: Samurott|Razor Shell|p1a: Zapdos\n|-damage|p1a: Zapdos|39\/100\n|-damage|p2a: Samurott|0 fnt|[from] item: Life Orb\n|faint|p2a: Samurott\n|move|p1a: Zapdos|Roost|p1a: Zapdos\n|-heal|p1a: Zapdos|90\/100\n|-singleturn|p1a: Zapdos|move: Roost\n|\n|upkeep\n|\n|t:|1699921950\n|switch|p2a: Landorus|Landorus-Therian, M|88\/100\n|-damage|p2a: Landorus|76\/100|[from] Stealth Rock\n|-ability|p2a: Landorus|Intimidate|boost\n|-unboost|p1a: Zapdos|atk|1\n|turn|24\n|\n|t:|1699921962\n|move|p2a: Landorus|Grass Knot|p1a: Zapdos\n|-resisted|p1a: Zapdos\n|-damage|p1a: Zapdos|78\/100\n|-status|p2a: Landorus|par|[from] ability: Static|[of] p1a: Zapdos\n|move|p1a: Zapdos|Roost|p1a: Zapdos\n|-heal|p1a: Zapdos|100\/100\n|-singleturn|p1a: Zapdos|move: Roost\n|\n|-heal|p2a: Landorus|82\/100 par|[from] item: Leftovers\n|upkeep\n|turn|25\n|\n|t:|1699921972\n|move|p1a: Zapdos|Hurricane|p2a: Landorus\n|-damage|p2a: Landorus|23\/100 par\n|cant|p2a: Landorus|par\n|\n|-heal|p2a: Landorus|29\/100 par|[from] item: Leftovers\n|upkeep\n|turn|26\n|\n|t:|1699921978\n|move|p1a: Zapdos|Hurricane|p2a: Landorus\n|-damage|p2a: Landorus|0 fnt\n|faint|p2a: Landorus\n|\n|upkeep\n|\n|t:|1699921982\n|switch|p2a: Sneasler|Sneasler, F|100\/100\n|-damage|p2a: Sneasler|95\/100|[from] Stealth Rock\n|-damage|p2a: Sneasler|82\/100|[from] Spikes\n|turn|27\n|\n|t:|1699921987\n|move|p2a: Sneasler|Close Combat|p1a: Zapdos\n|-resisted|p1a: Zapdos\n|-damage|p1a: Zapdos|77\/100\n|-unboost|p2a: Sneasler|def|1\n|-unboost|p2a: Sneasler|spd|1\n|move|p1a: Zapdos|Hurricane|p2a: Sneasler\n|-supereffective|p2a: Sneasler\n|-damage|p2a: Sneasler|0 fnt\n|faint|p2a: Sneasler\n|\n|win|muey epicado\n|raw|muey epicado's rating: 1570 &rarr; <strong>1591<\/strong><br \/>(+21 for winning)\n|raw|cellthadon's rating: 1580 &rarr; <strong>1559<\/strong><br \/>(-21 for losing)\n|l|\u2606cellthadon\n","uploadtime":1699922016,"views":8,"p1id":"mueyepicado","p2id":"cellthadon","formatid":"gen9ou","rating":1559,"private":0,"password":""}