{"id":"gen9ou-1990948053","p1":"DJsnor","p2":"CyberH3","format":"[Gen 9] OU","log":"|j|\u2606DJsnor\n|j|\u2606CyberH3\n|t:|1700018503\n|gametype|singles\n|player|p1|DJsnor|benga|1240\n|player|p2|CyberH3|mars|1235\n|teamsize|p1|6\n|teamsize|p2|6\n|gen|9\n|tier|[Gen 9] OU\n|rated|\n|rule|Sleep Clause Mod: Limit one foe put to sleep\n|rule|Species Clause: Limit one of each Pok\u00e9mon\n|rule|OHKO Clause: OHKO moves are banned\n|rule|Evasion Items Clause: Evasion items are banned\n|rule|Evasion Moves Clause: Evasion moves are banned\n|rule|Endless Battle Clause: Forcing endless battles is banned\n|rule|HP Percentage Mod: HP is shown in percentages\n|clearpoke\n|poke|p1|Kilowattrel, M|\n|poke|p1|Mamoswine, M|\n|poke|p1|Greninja-*, M|\n|poke|p1|Ribombee, M|\n|poke|p1|Kommo-o, M|\n|poke|p1|Gholdengo|\n|poke|p2|Goodra-Hisui, M|\n|poke|p2|Scizor, M|\n|poke|p2|Mimikyu, M|\n|poke|p2|Thundurus, M|\n|poke|p2|Azelf|\n|poke|p2|Dragapult, F|\n|teampreview\n|\n|t:|1700018511\n|start\n|switch|p1a: Rumor|Ribombee, M|100\/100\n|switch|p2a: Eat With Scissors|Scizor, M|100\/100\n|turn|1\n|\n|t:|1700018515\n|move|p2a: Eat With Scissors|Bullet Punch|p1a: Rumor\n|-supereffective|p1a: Rumor\n|-enditem|p1a: Rumor|Focus Sash\n|-damage|p1a: Rumor|1\/100\n|-damage|p2a: Eat With Scissors|91\/100|[from] item: Life Orb\n|move|p1a: Rumor|Sticky Web|p2a: Eat With Scissors\n|-sidestart|p2: CyberH3|move: Sticky Web\n|\n|upkeep\n|turn|2\n|\n|t:|1700018522\n|switch|p1a: Baby Zapdos|Kilowattrel, M, shiny|100\/100\n|move|p2a: Eat With Scissors|Knock Off|p1a: Baby Zapdos\n|-damage|p1a: Baby Zapdos|11\/100\n|-enditem|p1a: Baby Zapdos|Life Orb|[from] move: Knock Off|[of] p2a: Eat With Scissors\n|-damage|p2a: Eat With Scissors|81\/100|[from] item: Life Orb\n|\n|upkeep\n|turn|3\n|\n|t:|1700018528\n|move|p2a: Eat With Scissors|Bullet Punch|p1a: Baby Zapdos\n|-resisted|p1a: Baby Zapdos\n|-damage|p1a: Baby Zapdos|0 fnt\n|faint|p1a: Baby Zapdos\n|-damage|p2a: Eat With Scissors|71\/100|[from] item: Life Orb\n|\n|upkeep\n|\n|t:|1700018535\n|switch|p1a: Gekoga|Greninja, M|100\/100\n|turn|4\n|\n|t:|1700018540\n|move|p1a: Gekoga|Dark Pulse|p2a: Eat With Scissors\n|-damage|p2a: Eat With Scissors|22\/100\n|move|p2a: Eat With Scissors|U-turn|p1a: Gekoga\n|-supereffective|p1a: Gekoga\n|-damage|p1a: Gekoga|0 fnt\n|faint|p1a: Gekoga\n|-damage|p2a: Eat With Scissors|12\/100|[from] item: Life Orb\n|\n|t:|1700018546\n|switch|p2a: Asacoco|Thundurus, M|100\/100|[from] U-turn\n|\n|upkeep\n|\n|t:|1700018552\n|switch|p1a: Manny|Mamoswine, M, shiny|100\/100\n|turn|5\n|\n|t:|1700018558\n|move|p2a: Asacoco|Grass Knot|p1a: Manny\n|-supereffective|p1a: Manny\n|-damage|p1a: Manny|28\/100\n|move|p1a: Manny|Trailblaze|p2a: Asacoco\n|-resisted|p2a: Asacoco\n|-damage|p2a: Asacoco|85\/100\n|-boost|p1a: Manny|spe|1\n|\n|upkeep\n|turn|6\n|\n|t:|1700018571\n|move|p2a: Asacoco|Taunt|p1a: Manny\n|-start|p1a: Manny|move: Taunt\n|move|p1a: Manny|Icicle Crash|p2a: Asacoco\n|-supereffective|p2a: Asacoco\n|-damage|p2a: Asacoco|0 fnt\n|faint|p2a: Asacoco\n|\n|upkeep\n|\n|t:|1700018576\n|switch|p2a: Eat With Scissors|Scizor, M|12\/100\n|-activate|p2a: Eat With Scissors|move: Sticky Web\n|-unboost|p2a: Eat With Scissors|spe|1\n|turn|7\n|\n|t:|1700018580\n|switch|p1a: Rumor|Ribombee, M|1\/100\n|move|p2a: Eat With Scissors|Bullet Punch|p1a: Rumor\n|-supereffective|p1a: Rumor\n|-damage|p1a: Rumor|0 fnt\n|faint|p1a: Rumor\n|-damage|p2a: Eat With Scissors|2\/100|[from] item: Life Orb\n|\n|upkeep\n|\n|t:|1700018589\n|switch|p1a: Manny|Mamoswine, M, shiny|28\/100\n|turn|8\n|\n|t:|1700018592\n|move|p2a: Eat With Scissors|Bullet Punch|p1a: Manny\n|-supereffective|p1a: Manny\n|-damage|p1a: Manny|0 fnt\n|faint|p1a: Manny\n|-damage|p2a: Eat With Scissors|0 fnt|[from] item: Life Orb\n|faint|p2a: Eat With Scissors\n|\n|upkeep\n|\n|t:|1700018600\n|switch|p1a: Mo-o|Kommo-o, M, shiny|100\/100\n|switch|p2a: bettel explodes|Azelf|100\/100\n|turn|9\n|\n|t:|1700018606\n|-terastallize|p1a: Mo-o|Dragon\n|move|p2a: bettel explodes|Trick|p1a: Mo-o\n|-activate|p2a: bettel explodes|move: Trick|[of] p1a: Mo-o\n|-item|p1a: Mo-o|Choice Specs|[from] move: Trick\n|-item|p2a: bettel explodes|Throat Spray|[from] move: Trick\n|move|p1a: Mo-o|Clangorous Soul|p1a: Mo-o\n|-boost|p1a: Mo-o|atk|1\n|-boost|p1a: Mo-o|def|1\n|-boost|p1a: Mo-o|spa|1\n|-boost|p1a: Mo-o|spd|1\n|-boost|p1a: Mo-o|spe|1\n|-damage|p1a: Mo-o|68\/100\n|\n|upkeep\n|turn|10\n|\n|t:|1700018616\n|switch|p1a: Nami|Gholdengo|100\/100\n|move|p2a: bettel explodes|Stealth Rock|p1a: Nami\n|-sidestart|p1: DJsnor|move: Stealth Rock\n|\n|upkeep\n|turn|11\n|\n|t:|1700018625\n|move|p1a: Nami|Shadow Ball|p2a: bettel explodes\n|-supereffective|p2a: bettel explodes\n|-damage|p2a: bettel explodes|0 fnt\n|faint|p2a: bettel explodes\n|\n|upkeep\n|\n|t:|1700018634\n|switch|p2a: OHAYOLLIE|Mimikyu, M|100\/100\n|-activate|p2a: OHAYOLLIE|move: Sticky Web\n|-unboost|p2a: OHAYOLLIE|spe|1\n|turn|12\n|\n|t:|1700018649\n|switch|p1a: Mo-o|Kommo-o, M, shiny, tera:Dragon|68\/100\n|-damage|p1a: Mo-o|55\/100|[from] Stealth Rock\n|move|p2a: OHAYOLLIE|Swords Dance|p2a: OHAYOLLIE\n|-boost|p2a: OHAYOLLIE|atk|2\n|\n|upkeep\n|turn|13\n|\n|t:|1700018654\n|move|p1a: Mo-o|Flash Cannon|p2a: OHAYOLLIE\n|-activate|p2a: OHAYOLLIE|ability: Disguise\n|-damage|p2a: OHAYOLLIE|100\/100\n|detailschange|p2a: OHAYOLLIE|Mimikyu-Busted, M\n|-damage|p2a: OHAYOLLIE|88\/100|[from] pokemon: Mimikyu-Busted\n|move|p2a: OHAYOLLIE|Play Rough|p1a: Mo-o|[miss]\n|-miss|p2a: OHAYOLLIE|p1a: Mo-o\n|\n|upkeep\n|turn|14\n|\n|t:|1700018658\n|-terastallize|p2a: OHAYOLLIE|Ghost\n|move|p2a: OHAYOLLIE|Shadow Sneak|p1a: Mo-o\n|-damage|p1a: Mo-o|4\/100\n|-damage|p2a: OHAYOLLIE|78\/100|[from] item: Life Orb\n|move|p1a: Mo-o|Flash Cannon|p2a: OHAYOLLIE\n|-damage|p2a: OHAYOLLIE|30\/100\n|\n|upkeep\n|turn|15\n|\n|t:|1700018662\n|move|p2a: OHAYOLLIE|Shadow Sneak|p1a: Mo-o\n|-damage|p1a: Mo-o|0 fnt\n|faint|p1a: Mo-o\n|-damage|p2a: OHAYOLLIE|20\/100|[from] item: Life Orb\n|\n|upkeep\n|\n|t:|1700018663\n|switch|p1a: Nami|Gholdengo|100\/100\n|-damage|p1a: Nami|94\/100|[from] Stealth Rock\n|turn|16\n|\n|t:|1700018666\n|move|p2a: OHAYOLLIE|Shadow Sneak|p1a: Nami\n|-supereffective|p1a: Nami\n|-damage|p1a: Nami|0 fnt\n|faint|p1a: Nami\n|-damage|p2a: OHAYOLLIE|10\/100|[from] item: Life Orb\n|\n|win|CyberH3\n|raw|DJsnor's rating: 1240 &rarr; <strong>1215<\/strong><br \/>(-25 for losing)\n|raw|CyberH3's rating: 1235 &rarr; <strong>1260<\/strong><br \/>(+25 for winning)\n|l|\u2606DJsnor\n|c|\u2606CyberH3|gg\n","uploadtime":1700018673,"views":24,"p1id":"djsnor","p2id":"cyberh3","formatid":"gen9ou","rating":1215,"private":0,"password":""}