{"id":"gen9ou-1988540420","p1":"ArtillarySquid","p2":"AupartPlay","format":"[Gen 9] OU","log":"|j|\u2606ArtillarySquid\n|j|\u2606AupartPlay\n|t:|1699733940\n|gametype|singles\n|player|p1|ArtillarySquid|lucas-gen4pt|1241\n|player|p2|AupartPlay|ingo|1270\n|teamsize|p1|6\n|teamsize|p2|6\n|gen|9\n|tier|[Gen 9] OU\n|rated|\n|rule|Sleep Clause Mod: Limit one foe put to sleep\n|rule|Species Clause: Limit one of each Pok\u00e9mon\n|rule|OHKO Clause: OHKO moves are banned\n|rule|Evasion Items Clause: Evasion items are banned\n|rule|Evasion Moves Clause: Evasion moves are banned\n|rule|Endless Battle Clause: Forcing endless battles is banned\n|rule|HP Percentage Mod: HP is shown in percentages\n|clearpoke\n|poke|p1|Alomomola, F|\n|poke|p1|Great Tusk|\n|poke|p1|Dragapult, M|\n|poke|p1|Iron Moth|\n|poke|p1|Blissey, F|\n|poke|p1|Kingambit, F|\n|poke|p2|Enamorus, F|\n|poke|p2|Zamazenta-*|\n|poke|p2|Ceruledge, M|\n|poke|p2|Coalossal, M|\n|poke|p2|Rillaboom, M|\n|poke|p2|Samurott-Hisui, F|\n|teampreview\n|inactive|Battle timer is ON: inactive players will automatically lose when time's up. (requested by ArtillarySquid)\n|inactive|ArtillarySquid has 120 seconds left.\n|\n|t:|1699733974\n|start\n|switch|p1a: Great Tusk|Great Tusk|100\/100\n|switch|p2a: Samurott|Samurott-Hisui, F|100\/100\n|-enditem|p1a: Great Tusk|Booster Energy\n|-activate|p1a: Great Tusk|ability: Protosynthesis|[fromitem]\n|-start|p1a: Great Tusk|protosynthesisspe\n|turn|1\n|\n|t:|1699733989\n|switch|p2a: Zamazenta|Zamazenta|100\/100\n|-ability|p2a: Zamazenta|Dauntless Shield|boost\n|-boost|p2a: Zamazenta|def|1\n|move|p1a: Great Tusk|Bulk Up|p1a: Great Tusk\n|-boost|p1a: Great Tusk|atk|1\n|-boost|p1a: Great Tusk|def|1\n|\n|upkeep\n|turn|2\n|\n|t:|1699733997\n|move|p1a: Great Tusk|Bulk Up|p1a: Great Tusk\n|-boost|p1a: Great Tusk|atk|1\n|-boost|p1a: Great Tusk|def|1\n|move|p2a: Zamazenta|Iron Defense|p2a: Zamazenta\n|-boost|p2a: Zamazenta|def|2\n|\n|upkeep\n|turn|3\n|\n|t:|1699734006\n|move|p1a: Great Tusk|Bulk Up|p1a: Great Tusk\n|-boost|p1a: Great Tusk|atk|1\n|-boost|p1a: Great Tusk|def|1\n|move|p2a: Zamazenta|Iron Defense|p2a: Zamazenta\n|-boost|p2a: Zamazenta|def|2\n|\n|upkeep\n|turn|4\n|\n|t:|1699734013\n|move|p1a: Great Tusk|Bulk Up|p1a: Great Tusk\n|-boost|p1a: Great Tusk|atk|1\n|-boost|p1a: Great Tusk|def|1\n|move|p2a: Zamazenta|Substitute|p2a: Zamazenta\n|-start|p2a: Zamazenta|Substitute\n|-damage|p2a: Zamazenta|75\/100\n|\n|-heal|p2a: Zamazenta|82\/100|[from] item: Leftovers\n|upkeep\n|turn|5\n|\n|t:|1699734021\n|move|p1a: Great Tusk|Bulk Up|p1a: Great Tusk\n|-boost|p1a: Great Tusk|atk|1\n|-boost|p1a: Great Tusk|def|1\n|move|p2a: Zamazenta|Iron Defense|p2a: Zamazenta\n|-boost|p2a: Zamazenta|def|1\n|\n|-heal|p2a: Zamazenta|88\/100|[from] item: Leftovers\n|upkeep\n|turn|6\n|\n|t:|1699734031\n|move|p1a: Great Tusk|Bulk Up|p1a: Great Tusk\n|-boost|p1a: Great Tusk|atk|1\n|-boost|p1a: Great Tusk|def|1\n|move|p2a: Zamazenta|Body Press|p1a: Great Tusk\n|-damage|p1a: Great Tusk|78\/100\n|\n|-heal|p2a: Zamazenta|94\/100|[from] item: Leftovers\n|upkeep\n|turn|7\n|\n|t:|1699734040\n|move|p1a: Great Tusk|Ice Spinner|p2a: Zamazenta\n|-activate|p2a: Zamazenta|move: Substitute|[damage]\n|move|p2a: Zamazenta|Body Press|p1a: Great Tusk\n|-damage|p1a: Great Tusk|57\/100\n|\n|-heal|p2a: Zamazenta|99\/100|[from] item: Leftovers\n|upkeep\n|turn|8\n|\n|t:|1699734049\n|move|p1a: Great Tusk|Ice Spinner|p2a: Zamazenta\n|-crit|p2a: Zamazenta\n|-end|p2a: Zamazenta|Substitute\n|move|p2a: Zamazenta|Body Press|p1a: Great Tusk\n|-damage|p1a: Great Tusk|37\/100\n|\n|-heal|p2a: Zamazenta|100\/100|[from] item: Leftovers\n|upkeep\n|turn|9\n|\n|t:|1699734057\n|move|p1a: Great Tusk|Headlong Rush|p2a: Zamazenta\n|-damage|p2a: Zamazenta|62\/100\n|-unboost|p1a: Great Tusk|def|1\n|-unboost|p1a: Great Tusk|spd|1\n|move|p2a: Zamazenta|Substitute|p2a: Zamazenta\n|-start|p2a: Zamazenta|Substitute\n|-damage|p2a: Zamazenta|37\/100\n|\n|-heal|p2a: Zamazenta|43\/100|[from] item: Leftovers\n|upkeep\n|turn|10\n|\n|t:|1699734068\n|move|p1a: Great Tusk|Headlong Rush|p2a: Zamazenta\n|-end|p2a: Zamazenta|Substitute\n|-unboost|p1a: Great Tusk|def|1\n|-unboost|p1a: Great Tusk|spd|1\n|move|p2a: Zamazenta|Body Press|p1a: Great Tusk\n|-damage|p1a: Great Tusk|9\/100\n|\n|-heal|p2a: Zamazenta|49\/100|[from] item: Leftovers\n|upkeep\n|turn|11\n|\n|t:|1699734078\n|move|p1a: Great Tusk|Close Combat|p2a: Zamazenta\n|-damage|p2a: Zamazenta|9\/100\n|-unboost|p1a: Great Tusk|def|1\n|-unboost|p1a: Great Tusk|spd|1\n|move|p2a: Zamazenta|Body Press|p1a: Great Tusk\n|-damage|p1a: Great Tusk|0 fnt\n|faint|p1a: Great Tusk\n|-end|p1a: Great Tusk|Protosynthesis|[silent]\n|\n|-heal|p2a: Zamazenta|15\/100|[from] item: Leftovers\n|upkeep\n|\n|t:|1699734105\n|switch|p1a: Dragapult|Dragapult, M|100\/100\n|turn|12\n|\n|t:|1699734112\n|move|p1a: Dragapult|Hex|p2a: Zamazenta\n|-damage|p2a: Zamazenta|0 fnt\n|faint|p2a: Zamazenta\n|\n|upkeep\n|\n|t:|1699734121\n|switch|p2a: Samurott|Samurott-Hisui, F|100\/100\n|turn|13\n|\n|t:|1699734126\n|move|p2a: Samurott|Ceaseless Edge|p1a: Dragapult\n|-supereffective|p1a: Dragapult\n|-damage|p1a: Dragapult|0 fnt\n|-sidestart|p1: ArtillarySquid|Spikes\n|faint|p1a: Dragapult\n|\n|upkeep\n|\n|t:|1699734135\n|switch|p1a: Iron Moth|Iron Moth|100\/100\n|turn|14\n|\n|t:|1699734144\n|switch|p2a: Coalossal|Coalossal, M|100\/100\n|move|p1a: Iron Moth|Toxic Spikes|p2a: Coalossal\n|-sidestart|p2: AupartPlay|move: Toxic Spikes\n|\n|upkeep\n|turn|15\n|\n|t:|1699734153\n|-end|p1a: Iron Moth|Quark Drive|[silent]\n|switch|p1a: Alomomola|Alomomola, F|100\/100\n|move|p2a: Coalossal|Rapid Spin|p1a: Alomomola\n|-damage|p1a: Alomomola|95\/100\n|-boost|p2a: Coalossal|spe|1\n|-sideend|p2: AupartPlay|Toxic Spikes|[from] move: Rapid Spin|[of] p2a: Coalossal\n|\n|upkeep\n|turn|16\n|\n|t:|1699734162\n|move|p2a: Coalossal|Stealth Rock|p1a: Alomomola\n|-sidestart|p1: ArtillarySquid|move: Stealth Rock\n|move|p1a: Alomomola|Whirlpool|p2a: Coalossal\n|-supereffective|p2a: Coalossal\n|-damage|p2a: Coalossal|85\/100\n|-activate|p2a: Coalossal|move: Whirlpool|[of] p1a: Alomomola\n|\n|-heal|p2a: Coalossal|92\/100|[from] item: Leftovers\n|-damage|p2a: Coalossal|79\/100|[from] move: Whirlpool|[partiallytrapped]\n|upkeep\n|turn|17\n|\n|t:|1699734173\n|move|p2a: Coalossal|Rock Slide|p1a: Alomomola\n|-damage|p1a: Alomomola|84\/100\n|cant|p1a: Alomomola|flinch\n|\n|-heal|p2a: Coalossal|85\/100|[from] item: Leftovers\n|-damage|p2a: Coalossal|73\/100|[from] move: Whirlpool|[partiallytrapped]\n|upkeep\n|turn|18\n|\n|t:|1699734182\n|move|p2a: Coalossal|Flamethrower|p1a: Alomomola\n|-resisted|p1a: Alomomola\n|-damage|p1a: Alomomola|68\/100\n|move|p1a: Alomomola|Chilling Water|p2a: Coalossal\n|-supereffective|p2a: Coalossal\n|-damage|p2a: Coalossal|50\/100\n|-unboost|p2a: Coalossal|atk|1\n|\n|-heal|p2a: Coalossal|57\/100|[from] item: Leftovers\n|-damage|p2a: Coalossal|44\/100|[from] move: Whirlpool|[partiallytrapped]\n|upkeep\n|turn|19\n|\n|t:|1699734198\n|move|p2a: Coalossal|Flamethrower|p1a: Alomomola\n|-resisted|p1a: Alomomola\n|-damage|p1a: Alomomola|54\/100\n|move|p1a: Alomomola|Wish|p1a: Alomomola\n|\n|-heal|p2a: Coalossal|50\/100|[from] item: Leftovers\n|-damage|p2a: Coalossal|38\/100|[from] move: Whirlpool|[partiallytrapped]\n|upkeep\n|turn|20\n|\n|t:|1699734209\n|move|p2a: Coalossal|Flamethrower|p1a: Alomomola\n|-resisted|p1a: Alomomola\n|-damage|p1a: Alomomola|38\/100\n|move|p1a: Alomomola|Chilling Water|p2a: Coalossal\n|-supereffective|p2a: Coalossal\n|-damage|p2a: Coalossal|18\/100\n|-unboost|p2a: Coalossal|atk|1\n|\n|-heal|p1a: Alomomola|88\/100|[from] move: Wish|[wisher] Alomomola\n|-heal|p2a: Coalossal|24\/100|[from] item: Leftovers\n|-damage|p2a: Coalossal|12\/100|[from] move: Whirlpool|[partiallytrapped]\n|upkeep\n|turn|21\n|\n|t:|1699734222\n|move|p2a: Coalossal|Rock Slide|p1a: Alomomola\n|-damage|p1a: Alomomola|82\/100\n|move|p1a: Alomomola|Chilling Water|p2a: Coalossal\n|-supereffective|p2a: Coalossal\n|-damage|p2a: Coalossal|0 fnt\n|faint|p2a: Coalossal\n|\n|upkeep\n|\n|t:|1699734238\n|switch|p2a: Rillaboom|Rillaboom, M|100\/100\n|-fieldstart|move: Grassy Terrain|[from] ability: Grassy Surge|[of] p2a: Rillaboom\n|turn|22\n|\n|t:|1699734246\n|switch|p1a: Iron Moth|Iron Moth|100\/100\n|move|p2a: Rillaboom|Leech Seed|p1a: Iron Moth\n|-start|p1a: Iron Moth|move: Leech Seed\n|\n|-damage|p1a: Iron Moth|88\/100|[from] Leech Seed|[of] p2a: Rillaboom\n|upkeep\n|turn|23\n|\n|t:|1699734256\n|switch|p2a: Samurott|Samurott-Hisui, F|100\/100\n|move|p1a: Iron Moth|Sludge Wave|p2a: Samurott\n|-damage|p2a: Samurott|25\/100\n|\n|-heal|p2a: Samurott|31\/100|[from] Grassy Terrain\n|-heal|p1a: Iron Moth|94\/100|[from] Grassy Terrain\n|-damage|p1a: Iron Moth|82\/100|[from] Leech Seed|[of] p2a: Samurott\n|-heal|p2a: Samurott|43\/100|[silent]\n|upkeep\n|turn|24\n|\n|t:|1699734267\n|-terastallize|p1a: Iron Moth|Fairy\n|move|p2a: Samurott|Ceaseless Edge|p1a: Iron Moth\n|-resisted|p1a: Iron Moth\n|-crit|p1a: Iron Moth\n|-damage|p1a: Iron Moth|23\/100\n|-sidestart|p1: ArtillarySquid|Spikes\n|move|p1a: Iron Moth|Sludge Wave|p2a: Samurott\n|-damage|p2a: Samurott|0 fnt\n|faint|p2a: Samurott\n|\n|-heal|p1a: Iron Moth|29\/100|[from] Grassy Terrain\n|upkeep\n|\n|t:|1699734283\n|switch|p2a: Rillaboom|Rillaboom, M|100\/100\n|turn|25\n|\n|t:|1699734297\n|move|p2a: Rillaboom|Grassy Glide|p1a: Iron Moth\n|-damage|p1a: Iron Moth|0 fnt\n|faint|p1a: Iron Moth\n|-end|p1a: Iron Moth|Quark Drive|[silent]\n|\n|upkeep\n|\n|t:|1699734302\n|switch|p1a: Kingambit|Kingambit, F|100\/100\n|-damage|p1a: Kingambit|84\/100|[from] Spikes\n|-damage|p1a: Kingambit|78\/100|[from] Stealth Rock\n|-activate|p1a: Kingambit|ability: Supreme Overlord\n|-start|p1a: Kingambit|fallen3|[silent]\n|turn|26\n|\n|t:|1699734316\n|move|p2a: Rillaboom|Leech Seed|p1a: Kingambit\n|-start|p1a: Kingambit|move: Leech Seed\n|move|p1a: Kingambit|Swords Dance|p1a: Kingambit\n|-boost|p1a: Kingambit|atk|2\n|\n|-heal|p1a: Kingambit|84\/100|[from] Grassy Terrain\n|-heal|p1a: Kingambit|90\/100|[from] item: Leftovers\n|-damage|p1a: Kingambit|78\/100|[from] Leech Seed|[of] p2a: Rillaboom\n|-fieldend|move: Grassy Terrain\n|upkeep\n|turn|27\n|\n|t:|1699734327\n|move|p1a: Kingambit|Sucker Punch|p2a: Rillaboom\n|-damage|p2a: Rillaboom|27\/100\n|move|p2a: Rillaboom|Drain Punch|p1a: Kingambit\n|-supereffective|p1a: Kingambit\n|-damage|p1a: Kingambit|17\/100\n|-heal|p2a: Rillaboom|57\/100|[from] drain|[of] p1a: Kingambit\n|\n|-heal|p2a: Rillaboom|63\/100|[from] item: Leftovers\n|-heal|p1a: Kingambit|24\/100|[from] item: Leftovers\n|-damage|p1a: Kingambit|11\/100|[from] Leech Seed|[of] p2a: Rillaboom\n|-heal|p2a: Rillaboom|76\/100|[silent]\n|upkeep\n|turn|28\n|-message|ArtillarySquid forfeited.\n|\n|win|AupartPlay\n|raw|ArtillarySquid's rating: 1241 &rarr; <strong>1218<\/strong><br \/>(-23 for losing)\n|raw|AupartPlay's rating: 1270 &rarr; <strong>1293<\/strong><br \/>(+23 for winning)\n|l|\u2606ArtillarySquid\n","uploadtime":1699734368,"views":20,"p1id":"artillarysquid","p2id":"aupartplay","formatid":"gen9ou","rating":1218,"private":0,"password":""}