{"id":"gen9ou-1988947688","p1":"ilid","p2":"Skullemojiskull","format":"[Gen 9] OU","log":"|j|\u2606ilid\n|j|\u2606Skullemojiskull\n|t:|1699792850\n|gametype|singles\n|player|p1|ilid|ethan|1211\n|player|p2|Skullemojiskull|2|1139\n|teamsize|p1|6\n|teamsize|p2|6\n|gen|9\n|tier|[Gen 9] OU\n|rated|\n|rule|Sleep Clause Mod: Limit one foe put to sleep\n|rule|Species Clause: Limit one of each Pok\u00e9mon\n|rule|OHKO Clause: OHKO moves are banned\n|rule|Evasion Items Clause: Evasion items are banned\n|rule|Evasion Moves Clause: Evasion moves are banned\n|rule|Endless Battle Clause: Forcing endless battles is banned\n|rule|HP Percentage Mod: HP is shown in percentages\n|clearpoke\n|poke|p1|Enamorus, F|\n|poke|p1|Ogerpon-Wellspring, F|\n|poke|p1|Meowscarada, F|\n|poke|p1|Hatterene, F|\n|poke|p1|Dragonite, F|\n|poke|p1|Landorus-Therian, M|\n|poke|p2|Rillaboom, M|\n|poke|p2|Skeledirge, M|\n|poke|p2|Toxtricity, M|\n|poke|p2|Kommo-o, M|\n|poke|p2|Chimecho, F|\n|poke|p2|Kricketune, M|\n|teampreview\n|inactive|Battle timer is ON: inactive players will automatically lose when time's up. (requested by ilid)\n|\n|t:|1699792870\n|start\n|switch|p1a: Meowscarada|Meowscarada, F|100\/100\n|switch|p2a: Fall Out Boy|Toxtricity, M|100\/100\n|turn|1\n|\n|t:|1699792886\n|move|p1a: Meowscarada|U-turn|p2a: Fall Out Boy\n|-start|p1a: Meowscarada|typechange|Bug|[from] ability: Protean\n|-resisted|p2a: Fall Out Boy\n|-damage|p2a: Fall Out Boy|64\/100\n|\n|t:|1699792890\n|switch|p1a: Landorus|Landorus-Therian, M|100\/100|[from] U-turn\n|-ability|p1a: Landorus|Intimidate|boost\n|-unboost|p2a: Fall Out Boy|atk|1\n|move|p2a: Fall Out Boy|Sludge Bomb|p1a: Landorus\n|-resisted|p1a: Landorus\n|-damage|p1a: Landorus|53\/100\n|\n|upkeep\n|turn|2\n|\n|t:|1699792905\n|move|p1a: Landorus|Earthquake|p2a: Fall Out Boy\n|-supereffective|p2a: Fall Out Boy\n|-damage|p2a: Fall Out Boy|0 fnt\n|faint|p2a: Fall Out Boy\n|\n|upkeep\n|\n|t:|1699792912\n|switch|p2a: Maui|Kommo-o, M|100\/100\n|turn|3\n|\n|t:|1699792917\n|move|p1a: Landorus|Earthquake|p2a: Maui\n|-damage|p2a: Maui|43\/100\n|move|p2a: Maui|Clangorous Soul|p2a: Maui\n|-boost|p2a: Maui|atk|1\n|-boost|p2a: Maui|def|1\n|-boost|p2a: Maui|spa|1\n|-boost|p2a: Maui|spd|1\n|-boost|p2a: Maui|spe|1\n|-damage|p2a: Maui|10\/100\n|-enditem|p2a: Maui|Throat Spray\n|-boost|p2a: Maui|spa|1|[from] item: Throat Spray\n|\n|upkeep\n|turn|4\n|\n|t:|1699792932\n|move|p1a: Landorus|Earthquake|p2a: Maui\n|-damage|p2a: Maui|0 fnt\n|faint|p2a: Maui\n|\n|upkeep\n|\n|t:|1699792938\n|switch|p2a: Beethoven|Kricketune, M|100\/100\n|turn|5\n|\n|t:|1699792945\n|switch|p1a: Hatterene|Hatterene, F|100\/100\n|move|p2a: Beethoven|Pounce|p1a: Hatterene\n|-damage|p1a: Hatterene|76\/100\n|-unboost|p1a: Hatterene|spe|1\n|\n|-heal|p1a: Hatterene|82\/100|[from] item: Leftovers\n|upkeep\n|turn|6\n|\n|t:|1699792958\n|move|p2a: Beethoven|Pounce|p1a: Hatterene\n|-damage|p1a: Hatterene|56\/100\n|-unboost|p1a: Hatterene|spe|1\n|move|p1a: Hatterene|Mystical Fire|p2a: Beethoven\n|-supereffective|p2a: Beethoven\n|-damage|p2a: Beethoven|8\/100\n|-unboost|p2a: Beethoven|spa|1\n|\n|-heal|p1a: Hatterene|62\/100|[from] item: Leftovers\n|upkeep\n|turn|7\n|\n|t:|1699792974\n|move|p2a: Beethoven|Pounce|p1a: Hatterene\n|-damage|p1a: Hatterene|38\/100\n|-unboost|p1a: Hatterene|spe|1\n|move|p1a: Hatterene|Draining Kiss|p2a: Beethoven\n|-damage|p2a: Beethoven|0 fnt\n|-heal|p1a: Hatterene|44\/100|[from] drain|[of] p2a: Beethoven\n|faint|p2a: Beethoven\n|\n|-heal|p1a: Hatterene|50\/100|[from] item: Leftovers\n|upkeep\n|\n|t:|1699792978\n|switch|p2a: Jungle Beat|Rillaboom, M|100\/100\n|-fieldstart|move: Grassy Terrain|[from] ability: Grassy Surge|[of] p2a: Jungle Beat\n|turn|8\n|\n|t:|1699792987\n|move|p2a: Jungle Beat|U-turn|p1a: Hatterene\n|-damage|p1a: Hatterene|17\/100\n|\n|t:|1699792990\n|switch|p2a: Isabel|Chimecho, F|100\/100|[from] U-turn\n|move|p1a: Hatterene|Draining Kiss|p2a: Isabel\n|-damage|p2a: Isabel|84\/100\n|-heal|p1a: Hatterene|30\/100|[from] drain|[of] p2a: Isabel\n|\n|-heal|p2a: Isabel|91\/100|[from] item: Leftovers\n|-heal|p1a: Hatterene|36\/100|[from] Grassy Terrain\n|-heal|p1a: Hatterene|42\/100|[from] item: Leftovers\n|upkeep\n|turn|9\n|\n|t:|1699792999\n|move|p2a: Isabel|Healing Wish|p2a: Isabel\n|faint|p2a: Isabel\n|move|p1a: Hatterene|Mystical Fire|p2: Isabel|[notarget]\n|-fail|p1a: Hatterene\n|\n|-heal|p1a: Hatterene|48\/100|[from] Grassy Terrain\n|-heal|p1a: Hatterene|54\/100|[from] item: Leftovers\n|upkeep\n|\n|t:|1699793006\n|switch|p2a: Jungle Beat|Rillaboom, M|100\/100\n|turn|10\n|\n|t:|1699793010\n|move|p2a: Jungle Beat|Wood Hammer|p1a: Hatterene\n|-damage|p1a: Hatterene|0 fnt\n|faint|p1a: Hatterene\n|-damage|p2a: Jungle Beat|84\/100|[from] Recoil\n|\n|-heal|p2a: Jungle Beat|90\/100|[from] Grassy Terrain\n|upkeep\n|\n|t:|1699793019\n|switch|p1a: Meowscarada|Meowscarada, F|100\/100\n|turn|11\n|\n|t:|1699793024\n|move|p1a: Meowscarada|Knock Off|p2a: Jungle Beat\n|-start|p1a: Meowscarada|typechange|Dark|[from] ability: Protean\n|-damage|p2a: Jungle Beat|17\/100\n|-enditem|p2a: Jungle Beat|Choice Band|[from] move: Knock Off|[of] p1a: Meowscarada\n|move|p2a: Jungle Beat|Wood Hammer|p1a: Meowscarada\n|-damage|p1a: Meowscarada|0 fnt\n|faint|p1a: Meowscarada\n|-damage|p2a: Jungle Beat|0 fnt|[from] Recoil\n|faint|p2a: Jungle Beat\n|\n|upkeep\n|\n|t:|1699793035\n|switch|p1a: Ogerpon|Ogerpon-Wellspring, F|100\/100\n|switch|p2a: Louis|Skeledirge, M|100\/100\n|turn|12\n|\n|t:|1699793041\n|-terastallize|p2a: Louis|Fairy\n|move|p1a: Ogerpon|Ivy Cudgel|p2a: Louis\n|-damage|p2a: Louis|56\/100\n|move|p2a: Louis|Will-O-Wisp|p1a: Ogerpon\n|-status|p1a: Ogerpon|brn\n|\n|-heal|p2a: Louis|63\/100|[from] Grassy Terrain\n|-damage|p1a: Ogerpon|95\/100 brn|[from] brn\n|-fieldend|move: Grassy Terrain\n|upkeep\n|turn|13\n|\n|t:|1699793053\n|move|p1a: Ogerpon|Ivy Cudgel|p2a: Louis\n|-damage|p2a: Louis|42\/100\n|move|p2a: Louis|Slack Off|p2a: Louis\n|-heal|p2a: Louis|92\/100\n|\n|-damage|p1a: Ogerpon|89\/100 brn|[from] brn\n|upkeep\n|turn|14\n|\n|t:|1699793063\n|move|p1a: Ogerpon|Ivy Cudgel|p2a: Louis\n|-damage|p2a: Louis|70\/100\n|move|p2a: Louis|Torch Song|p1a: Ogerpon\n|-damage|p1a: Ogerpon|54\/100 brn\n|-boost|p2a: Louis|spa|1\n|\n|-damage|p1a: Ogerpon|48\/100 brn|[from] brn\n|upkeep\n|turn|15\n|\n|t:|1699793071\n|move|p1a: Ogerpon|Ivy Cudgel|p2a: Louis\n|-damage|p2a: Louis|50\/100\n|move|p2a: Louis|Slack Off|p2a: Louis\n|-heal|p2a: Louis|99\/100\n|\n|-damage|p1a: Ogerpon|42\/100 brn|[from] brn\n|upkeep\n|turn|16\n|\n|t:|1699793080\n|switch|p1a: Enamorus|Enamorus, F|100\/100\n|move|p2a: Louis|Torch Song|p1a: Enamorus\n|-damage|p1a: Enamorus|36\/100\n|-boost|p2a: Louis|spa|1\n|\n|upkeep\n|turn|17\n|\n|t:|1699793089\n|move|p1a: Enamorus|Moonblast|p2a: Louis\n|-damage|p2a: Louis|59\/100\n|-unboost|p2a: Louis|spa|1\n|move|p2a: Louis|Torch Song|p1a: Enamorus\n|-damage|p1a: Enamorus|0 fnt\n|-boost|p2a: Louis|spa|1\n|faint|p1a: Enamorus\n|\n|upkeep\n|\n|t:|1699793098\n|switch|p1a: Landorus|Landorus-Therian, M|53\/100\n|-ability|p1a: Landorus|Intimidate|boost\n|-unboost|p2a: Louis|atk|1\n|turn|18\n|\n|t:|1699793105\n|move|p1a: Landorus|Earthquake|p2a: Louis\n|-damage|p2a: Louis|17\/100\n|move|p2a: Louis|Slack Off|p2a: Louis\n|-heal|p2a: Louis|67\/100\n|\n|upkeep\n|turn|19\n|\n|t:|1699793111\n|move|p1a: Landorus|Earthquake|p2a: Louis\n|-damage|p2a: Louis|28\/100\n|move|p2a: Louis|Slack Off|p2a: Louis\n|-heal|p2a: Louis|78\/100\n|\n|upkeep\n|turn|20\n|\n|t:|1699793116\n|move|p1a: Landorus|Earthquake|p2a: Louis\n|-damage|p2a: Louis|33\/100\n|move|p2a: Louis|Slack Off|p2a: Louis\n|-heal|p2a: Louis|83\/100\n|\n|upkeep\n|turn|21\n|\n|t:|1699793122\n|move|p1a: Landorus|Earthquake|p2a: Louis\n|-damage|p2a: Louis|43\/100\n|move|p2a: Louis|Slack Off|p2a: Louis\n|-heal|p2a: Louis|93\/100\n|\n|upkeep\n|turn|22\n|\n|t:|1699793127\n|move|p1a: Landorus|Earthquake|p2a: Louis\n|-damage|p2a: Louis|53\/100\n|move|p2a: Louis|Will-O-Wisp|p1a: Landorus\n|-status|p1a: Landorus|brn\n|\n|-damage|p1a: Landorus|48\/100 brn|[from] brn\n|upkeep\n|turn|23\n|\n|t:|1699793134\n|move|p1a: Landorus|Earthquake|p2a: Louis\n|-damage|p2a: Louis|30\/100\n|move|p2a: Louis|Slack Off|p2a: Louis\n|-heal|p2a: Louis|81\/100\n|\n|-damage|p1a: Landorus|42\/100 brn|[from] brn\n|upkeep\n|turn|24\n|\n|t:|1699793146\n|move|p1a: Landorus|Earthquake|p2a: Louis\n|-damage|p2a: Louis|61\/100\n|move|p2a: Louis|Will-O-Wisp|p1a: Landorus\n|-fail|p1a: Landorus|brn\n|\n|-damage|p1a: Landorus|36\/100 brn|[from] brn\n|upkeep\n|turn|25\n|\n|t:|1699793153\n|move|p1a: Landorus|Earthquake|p2a: Louis\n|-damage|p2a: Louis|41\/100\n|move|p2a: Louis|Slack Off|p2a: Louis\n|-heal|p2a: Louis|91\/100\n|\n|-damage|p1a: Landorus|30\/100 brn|[from] brn\n|upkeep\n|turn|26\n|\n|t:|1699793160\n|move|p1a: Landorus|Earthquake|p2a: Louis\n|-damage|p2a: Louis|70\/100\n|move|p2a: Louis|Torch Song|p1a: Landorus\n|-damage|p1a: Landorus|0 fnt\n|-boost|p2a: Louis|spa|1\n|faint|p1a: Landorus\n|\n|upkeep\n|\n|t:|1699793167\n|switch|p1a: Ogerpon|Ogerpon-Wellspring, F|42\/100 brn\n|turn|27\n|\n|t:|1699793172\n|move|p1a: Ogerpon|Horn Leech|p2a: Louis\n|-damage|p2a: Louis|54\/100\n|-heal|p1a: Ogerpon|53\/100 brn|[from] drain|[of] p2a: Louis\n|move|p2a: Louis|Torch Song|p1a: Ogerpon\n|-damage|p1a: Ogerpon|0 fnt\n|-boost|p2a: Louis|spa|1\n|faint|p1a: Ogerpon\n|\n|upkeep\n|\n|t:|1699793180\n|switch|p1a: Dragonite|Dragonite, F|100\/100\n|turn|28\n|\n|t:|1699793190\n|move|p1a: Dragonite|Earthquake|p2a: Louis\n|-damage|p2a: Louis|30\/100\n|move|p2a: Louis|Will-O-Wisp|p1a: Dragonite\n|-status|p1a: Dragonite|brn\n|\n|-damage|p1a: Dragonite|94\/100 brn|[from] brn\n|upkeep\n|turn|29\n|-message|ilid forfeited.\n|\n|win|Skullemojiskull\n|raw|ilid's rating: 1211 &rarr; <strong>1181<\/strong><br \/>(-30 for losing)\n|raw|Skullemojiskull's rating: 1139 &rarr; <strong>1169<\/strong><br \/>(+30 for winning)\n|l|\u2606ilid\n","uploadtime":1699793206,"views":9,"p1id":"ilid","p2id":"skullemojiskull","formatid":"gen9ou","rating":1169,"private":0,"password":""}