{"id":"gen9ou-1995030037","p1":"Mr.X&Y97","p2":"RggV","format":"[Gen 9] OU","log":"|j|\u2606Mr.X&Y97\n|j|\u2606RggV\n|t:|1700515080\n|gametype|singles\n|player|p1|Mr.X&Y97|ingo|1563\n|player|p2|RggV|#wcop2023latinamerica|1596\n|teamsize|p1|6\n|teamsize|p2|6\n|gen|9\n|tier|[Gen 9] OU\n|rated|\n|rule|Sleep Clause Mod: Limit one foe put to sleep\n|rule|Species Clause: Limit one of each Pok\u00e9mon\n|rule|OHKO Clause: OHKO moves are banned\n|rule|Evasion Items Clause: Evasion items are banned\n|rule|Evasion Moves Clause: Evasion moves are banned\n|rule|Endless Battle Clause: Forcing endless battles is banned\n|rule|HP Percentage Mod: HP is shown in percentages\n|clearpoke\n|poke|p1|Ogerpon-Cornerstone, F|\n|poke|p1|Weavile, M|\n|poke|p1|Dragapult, F|\n|poke|p1|Mandibuzz, F|\n|poke|p1|Glimmora, F|\n|poke|p1|Typhlosion-Hisui, M|\n|poke|p2|Ribombee, F|\n|poke|p2|Infernape, M|\n|poke|p2|Gholdengo|\n|poke|p2|Sandy Shocks|\n|poke|p2|Breloom, F|\n|poke|p2|Tatsugiri, F|\n|teampreview\n|inactive|Battle timer is ON: inactive players will automatically lose when time's up. (requested by RggV)\n|inactive|Mr.X&Y97 also wants the timer to be on.\n|inactive|RggV has 120 seconds left.\n|\n|t:|1700515120\n|start\n|switch|p1a: Glimmora|Glimmora, F|100\/100\n|switch|p2a: Infernape|Infernape, M|100\/100\n|turn|1\n|\n|t:|1700515137\n|switch|p2a: Tatsugiri|Tatsugiri, F|100\/100\n|move|p1a: Glimmora|Stealth Rock|p2a: Tatsugiri\n|-sidestart|p2: RggV|move: Stealth Rock\n|\n|upkeep\n|turn|2\n|\n|t:|1700515144\n|switch|p1a: Dragapult|Dragapult, F|100\/100\n|move|p2a: Tatsugiri|Surf|p1a: Dragapult\n|-resisted|p1a: Dragapult\n|-damage|p1a: Dragapult|71\/100\n|\n|upkeep\n|turn|3\n|\n|t:|1700515153\n|switch|p2a: Ribombee|Ribombee, F|100\/100\n|-damage|p2a: Ribombee|76\/100|[from] Stealth Rock\n|move|p1a: Dragapult|Draco Meteor|p2a: Ribombee\n|-immune|p2a: Ribombee\n|\n|upkeep\n|turn|4\n|\n|t:|1700515162\n|switch|p1a: Glimmora|Glimmora, F|100\/100\n|move|p2a: Ribombee|Sticky Web|p1a: Glimmora\n|-sidestart|p1: Mr.X&Y97|move: Sticky Web\n|\n|upkeep\n|turn|5\n|\n|t:|1700515167\n|switch|p2a: McFries|Gholdengo|100\/100\n|-damage|p2a: McFries|94\/100|[from] Stealth Rock\n|-item|p2a: McFries|Air Balloon\n|move|p1a: Glimmora|Mortal Spin|p2a: McFries\n|-immune|p2a: McFries\n|\n|upkeep\n|turn|6\n|\n|t:|1700515172\n|move|p1a: Glimmora|Energy Ball|p2a: McFries\n|-resisted|p2a: McFries\n|-damage|p2a: McFries|79\/100\n|-enditem|p2a: McFries|Air Balloon\n|move|p2a: McFries|Make It Rain|p1a: Glimmora\n|-supereffective|p1a: Glimmora\n|-enditem|p1a: Glimmora|Focus Sash\n|-damage|p1a: Glimmora|1\/100\n|-unboost|p2a: McFries|spa|1\n|\n|upkeep\n|turn|7\n|\n|t:|1700515178\n|move|p1a: Glimmora|Earth Power|p2a: McFries\n|-supereffective|p2a: McFries\n|-damage|p2a: McFries|23\/100\n|move|p2a: McFries|Shadow Ball|p1a: Glimmora\n|-damage|p1a: Glimmora|0 fnt\n|faint|p1a: Glimmora\n|\n|upkeep\n|\n|t:|1700515188\n|switch|p1a: Mandibuzz|Mandibuzz, F|100\/100\n|turn|8\n|\n|t:|1700515215\n|move|p2a: McFries|Recover|p2a: McFries\n|-heal|p2a: McFries|73\/100\n|move|p1a: Mandibuzz|Foul Play|p2a: McFries\n|-supereffective|p2a: McFries\n|-damage|p2a: McFries|52\/100\n|\n|upkeep\n|turn|9\n|\n|t:|1700515221\n|move|p2a: McFries|Recover|p2a: McFries\n|-heal|p2a: McFries|100\/100\n|move|p1a: Mandibuzz|U-turn|p2a: McFries\n|-resisted|p2a: McFries\n|-damage|p2a: McFries|99\/100\n|\n|t:|1700515226\n|switch|p1a: Typhlosion|Typhlosion-Hisui, M|100\/100|[from] U-turn\n|-activate|p1a: Typhlosion|move: Sticky Web\n|-unboost|p1a: Typhlosion|spe|1\n|\n|upkeep\n|turn|10\n|inactive|RggV has 120 seconds left.\n|\n|t:|1700515285\n|switch|p2a: Ribombee|Ribombee, F|76\/100\n|-damage|p2a: Ribombee|51\/100|[from] Stealth Rock\n|move|p1a: Typhlosion|Eruption|p2a: Ribombee\n|-supereffective|p2a: Ribombee\n|-damage|p2a: Ribombee|0 fnt\n|faint|p2a: Ribombee\n|\n|upkeep\n|\n|t:|1700515288\n|switch|p2a: Tatsugiri|Tatsugiri, F|100\/100\n|turn|11\n|\n|t:|1700515295\n|switch|p1a: Mandibuzz|Mandibuzz, F|100\/100\n|move|p2a: Tatsugiri|Draco Meteor|p1a: Mandibuzz\n|-damage|p1a: Mandibuzz|51\/100\n|-unboost|p2a: Tatsugiri|spa|2\n|\n|upkeep\n|turn|12\n|\n|t:|1700515308\n|move|p2a: Tatsugiri|Rapid Spin|p1a: Mandibuzz\n|-damage|p1a: Mandibuzz|47\/100\n|-boost|p2a: Tatsugiri|spe|1\n|-sideend|p2: RggV|Stealth Rock|[from] move: Rapid Spin|[of] p2a: Tatsugiri\n|move|p1a: Mandibuzz|Roost|p1a: Mandibuzz\n|-heal|p1a: Mandibuzz|97\/100\n|-singleturn|p1a: Mandibuzz|move: Roost\n|\n|upkeep\n|turn|13\n|\n|t:|1700515312\n|move|p2a: Tatsugiri|Nasty Plot|p2a: Tatsugiri\n|-boost|p2a: Tatsugiri|spa|2\n|move|p1a: Mandibuzz|Defog|p2a: Tatsugiri\n|-unboost|p2a: Tatsugiri|evasion|1\n|-sideend|p1: Mr.X&Y97|Sticky Web|[from] move: Defog|[of] p1a: Mandibuzz\n|\n|upkeep\n|turn|14\n|\n|t:|1700515321\n|move|p2a: Tatsugiri|Nasty Plot|p2a: Tatsugiri\n|-boost|p2a: Tatsugiri|spa|2\n|move|p1a: Mandibuzz|U-turn|p2a: Tatsugiri\n|-damage|p2a: Tatsugiri|78\/100\n|inactive|Mr.X&Y97 has 120 seconds left.\n|inactive|Mr.X&Y97 has 90 seconds left.\n|\n|t:|1700515388\n|switch|p1a: Ogerpon|Ogerpon-Cornerstone, F|100\/100|[from] U-turn\n|\n|upkeep\n|turn|15\n|inactive|Mr.X&Y97 has 90 seconds left.\n|\n|t:|1700515393\n|move|p2a: Tatsugiri|Surf|p1a: Ogerpon\n|-ability|p1a: Ogerpon|Sturdy\n|-damage|p1a: Ogerpon|1\/100\n|move|p1a: Ogerpon|Ivy Cudgel|p2a: Tatsugiri|[anim] Ivy Cudgel Rock\n|-damage|p2a: Tatsugiri|0 fnt\n|faint|p2a: Tatsugiri\n|\n|upkeep\n|inactive|RggV has 120 seconds left.\n|inactive|RggV has 90 seconds left.\n|\n|t:|1700515469\n|switch|p2a: Breloom|Breloom, F|100\/100\n|turn|16\n|\n|t:|1700515484\n|move|p1a: Ogerpon|Low Sweep|p2a: Breloom\n|-damage|p2a: Breloom|60\/100\n|-unboost|p2a: Breloom|spe|1\n|move|p2a: Breloom|Rock Tomb|p1a: Ogerpon\n|-damage|p1a: Ogerpon|0 fnt\n|faint|p1a: Ogerpon\n|\n|upkeep\n|inactive|Mr.X&Y97 has 90 seconds left.\n|\n|t:|1700515496\n|switch|p1a: Typhlosion|Typhlosion-Hisui, M|100\/100\n|turn|17\n|j| 0Phux\n|inactive|Mr.X&Y97 has 90 seconds left.\n|\n|t:|1700515511\n|move|p1a: Typhlosion|Eruption|p2a: Breloom\n|-supereffective|p2a: Breloom\n|-damage|p2a: Breloom|0 fnt\n|faint|p2a: Breloom\n|\n|upkeep\n|inactive|RggV has 90 seconds left.\n|\n|t:|1700515524\n|switch|p2a: Infernape|Infernape, M|100\/100\n|turn|18\n|inactive|Mr.X&Y97 has 90 seconds left.\n|\n|t:|1700515541\n|switch|p1a: Mandibuzz|Mandibuzz, F|97\/100\n|move|p2a: Infernape|Fire Punch|p1a: Mandibuzz\n|-damage|p1a: Mandibuzz|71\/100\n|\n|upkeep\n|turn|19\n|\n|t:|1700515557\n|switch|p2a: Sandy Shocks|Sandy Shocks|100\/100\n|-enditem|p2a: Sandy Shocks|Booster Energy\n|-activate|p2a: Sandy Shocks|ability: Protosynthesis|[fromitem]\n|-start|p2a: Sandy Shocks|protosynthesisspa\n|move|p1a: Mandibuzz|Roost|p1a: Mandibuzz\n|-heal|p1a: Mandibuzz|100\/100\n|-singleturn|p1a: Mandibuzz|move: Roost\n|\n|upkeep\n|turn|20\n|\n|t:|1700515563\n|move|p2a: Sandy Shocks|Stealth Rock|p1a: Mandibuzz\n|-sidestart|p1: Mr.X&Y97|move: Stealth Rock\n|move|p1a: Mandibuzz|U-turn|p2a: Sandy Shocks\n|-damage|p2a: Sandy Shocks|88\/100\n|\n|t:|1700515573\n|switch|p1a: Weavile|Weavile, M|100\/100|[from] U-turn\n|-damage|p1a: Weavile|76\/100|[from] Stealth Rock\n|-ability|p1a: Weavile|Pressure\n|\n|upkeep\n|turn|21\n|\n|t:|1700515587\n|-end|p2a: Sandy Shocks|Protosynthesis|[silent]\n|switch|p2a: Infernape|Infernape, M|100\/100\n|move|p1a: Weavile|Knock Off|p2a: Infernape\n|-resisted|p2a: Infernape\n|-damage|p2a: Infernape|45\/100\n|-enditem|p2a: Infernape|Punching Glove|[from] move: Knock Off|[of] p1a: Weavile\n|\n|upkeep\n|turn|22\n|inactive|RggV has 120 seconds left.\n|\n|t:|1700515601\n|switch|p1a: Mandibuzz|Mandibuzz, F|100\/100\n|move|p2a: Infernape|Swords Dance|p2a: Infernape\n|-boost|p2a: Infernape|atk|2\n|\n|upkeep\n|turn|23\n|j| outdated ahh team\n|inactive|RggV has 120 seconds left.\n|\n|t:|1700515611\n|move|p2a: Infernape|Fire Punch|p1a: Mandibuzz\n|-damage|p1a: Mandibuzz|50\/100\n|-status|p1a: Mandibuzz|brn\n|move|p1a: Mandibuzz|Foul Play|p2a: Infernape\n|-resisted|p2a: Infernape\n|-damage|p2a: Infernape|7\/100\n|\n|-damage|p1a: Mandibuzz|44\/100 brn|[from] brn\n|upkeep\n|turn|24\n|\n|t:|1700515618\n|move|p2a: Infernape|Fire Punch|p1a: Mandibuzz\n|-damage|p1a: Mandibuzz|0 fnt\n|faint|p1a: Mandibuzz\n|\n|upkeep\n|\n|t:|1700515629\n|switch|p1a: Typhlosion|Typhlosion-Hisui, M|100\/100\n|-damage|p1a: Typhlosion|75\/100|[from] Stealth Rock\n|turn|25\n|\n|t:|1700515637\n|-terastallize|p1a: Typhlosion|Fire\n|move|p1a: Typhlosion|Eruption|p2a: Infernape\n|-resisted|p2a: Infernape\n|-damage|p2a: Infernape|0 fnt\n|faint|p2a: Infernape\n|\n|upkeep\n|j| Spiderking3261\n|l| Spiderking3261\n|\n|t:|1700515649\n|switch|p2a: Sandy Shocks|Sandy Shocks|88\/100\n|turn|26\n|\n|t:|1700515653\n|move|p1a: Typhlosion|Eruption|p2a: Sandy Shocks\n|-damage|p2a: Sandy Shocks|0 fnt\n|faint|p2a: Sandy Shocks\n|-end|p2a: Sandy Shocks|Protosynthesis|[silent]\n|\n|upkeep\n|\n|t:|1700515655\n|switch|p2a: McFries|Gholdengo|99\/100\n|turn|27\n|\n|t:|1700515659\n|-terastallize|p2a: McFries|Fairy\n|move|p1a: Typhlosion|Eruption|p2a: McFries\n|-damage|p2a: McFries|19\/100\n|move|p2a: McFries|Shadow Ball|p1a: Typhlosion\n|-damage|p1a: Typhlosion|30\/100\n|\n|upkeep\n|turn|28\n|\n|t:|1700515668\n|move|p1a: Typhlosion|Eruption|p2a: McFries\n|-damage|p2a: McFries|0 fnt\n|faint|p2a: McFries\n|\n|win|Mr.X&Y97\n|raw|Mr.X&amp;Y97's rating: 1563 &rarr; <strong>1585<\/strong><br \/>(+22 for winning)\n|raw|RggV's rating: 1596 &rarr; <strong>1574<\/strong><br \/>(-22 for losing)\n|c|\u2606Mr.X&Y97|Ggs wp!\n|l|\u2606RggV\n","uploadtime":1700515684,"views":29,"p1id":"mrxy97","p2id":"rggv","formatid":"gen9ou","rating":1574,"private":0,"password":""}