{"id":"gen9ou-1996555859","p1":"mmeira","p2":"Davry","format":"[Gen 9] OU","log":"|j|\u2606mmeira\n|j|\u2606Davry\n|t:|1700693870\n|gametype|singles\n|player|p1|mmeira|n-masters3|\n|player|p2|Davry|1|\n|teamsize|p1|6\n|teamsize|p2|6\n|gen|9\n|tier|[Gen 9] OU\n|rule|Sleep Clause Mod: Limit one foe put to sleep\n|rule|Species Clause: Limit one of each Pok\u00e9mon\n|rule|OHKO Clause: OHKO moves are banned\n|rule|Evasion Items Clause: Evasion items are banned\n|rule|Evasion Moves Clause: Evasion moves are banned\n|rule|Endless Battle Clause: Forcing endless battles is banned\n|rule|HP Percentage Mod: HP is shown in percentages\n|clearpoke\n|poke|p1|Tyranitar, M|\n|poke|p1|Zapdos|\n|poke|p1|Arcanine-Hisui, F|\n|poke|p1|Brambleghast, M|\n|poke|p1|Veluza, F|\n|poke|p1|Arboliva, F|\n|poke|p2|Ursaluna, F|\n|poke|p2|Toxapex, F|\n|poke|p2|Zoroark-Hisui, M|\n|poke|p2|Pawmot, F|\n|poke|p2|Basculegion-F, F|\n|poke|p2|Glimmet, M|\n|teampreview\n|\n|t:|1700693883\n|start\n|switch|p1a: Bramble|Brambleghast, M|100\/100\n|switch|p2a: camisinha|Glimmet, M, shiny|100\/100\n|turn|1\n|\n|t:|1700693890\n|move|p1a: Bramble|Spikes|p2a: camisinha\n|-sidestart|p2: Davry|Spikes\n|move|p2a: camisinha|Sludge Bomb|p1a: Bramble\n|-damage|p1a: Bramble|25\/100\n|-status|p1a: Bramble|psn\n|\n|-heal|p1a: Bramble|31\/100 psn|[from] item: Leftovers\n|-damage|p1a: Bramble|18\/100 psn|[from] psn\n|upkeep\n|turn|2\n|\n|t:|1700693918\n|switch|p1a: Whatzapdos|Zapdos|100\/100\n|move|p2a: camisinha|Stealth Rock|p1a: Whatzapdos\n|-sidestart|p1: mmeira|move: Stealth Rock\n|\n|upkeep\n|turn|3\n|\n|t:|1700693924\n|move|p1a: Whatzapdos|Thunderbolt|p2a: camisinha\n|-damage|p2a: camisinha|8\/100\n|move|p2a: camisinha|Power Gem|p1a: Whatzapdos\n|-supereffective|p1a: Whatzapdos\n|-damage|p1a: Whatzapdos|19\/100\n|\n|upkeep\n|turn|4\n|\n|t:|1700693935\n|switch|p2a: samu|Pawmot, F, shiny|100\/100\n|-damage|p2a: samu|88\/100|[from] Spikes\n|move|p1a: Whatzapdos|Thunderbolt|p2a: samu\n|-heal|p2a: samu|100\/100|[from] ability: Volt Absorb|[of] p1a: Whatzapdos\n|\n|upkeep\n|turn|5\n|\n|t:|1700693943\n|move|p2a: samu|Ice Punch|p1a: Whatzapdos\n|-supereffective|p1a: Whatzapdos\n|-damage|p1a: Whatzapdos|0 fnt\n|-damage|p2a: samu|84\/100|[from] item: Rocky Helmet|[of] p1a: Whatzapdos\n|faint|p1a: Whatzapdos\n|\n|upkeep\n|j| FlameWolf26\n|\n|t:|1700693965\n|switch|p1a: Tyranostar|Tyranitar, M|100\/100\n|-damage|p1a: Tyranostar|88\/100|[from] Stealth Rock\n|-weather|Sandstorm|[from] ability: Sand Stream|[of] p1a: Tyranostar\n|turn|6\n|\n|t:|1700693972\n|switch|p2a: camisinha|Glimmet, M, shiny|8\/100\n|-damage|p2a: camisinha|0 fnt|[from] Spikes\n|faint|p2a: camisinha\n|-terastallize|p1a: Tyranostar|Water\n|move|p1a: Tyranostar|High Horsepower|p2: camisinha|[notarget]\n|-fail|p1a: Tyranostar\n|\n|-weather|Sandstorm|[upkeep]\n|-damage|p1a: Tyranostar|82\/100|[from] Sandstorm\n|-heal|p1a: Tyranostar|88\/100|[from] item: Leftovers\n|upkeep\n|\n|t:|1700693990\n|switch|p2a: tro\u00e7o|Toxapex, F|100\/100\n|-damage|p2a: tro\u00e7o|88\/100|[from] Spikes\n|turn|7\n|\n|t:|1700693995\n|move|p2a: tro\u00e7o|Grass Knot|p1a: Tyranostar\n|-supereffective|p1a: Tyranostar\n|-damage|p1a: Tyranostar|0 fnt\n|faint|p1a: Tyranostar\n|\n|-weather|Sandstorm|[upkeep]\n|-damage|p2a: tro\u00e7o|82\/100|[from] Sandstorm\n|upkeep\n|\n|t:|1700694001\n|switch|p1a: Vila|Veluza, F|100\/100\n|-damage|p1a: Vila|88\/100|[from] Stealth Rock\n|turn|8\n|\n|t:|1700694006\n|move|p2a: tro\u00e7o|Grass Knot|p1a: Vila\n|-supereffective|p1a: Vila\n|-damage|p1a: Vila|0 fnt\n|faint|p1a: Vila\n|\n|-weather|Sandstorm|[upkeep]\n|-damage|p2a: tro\u00e7o|76\/100|[from] Sandstorm\n|upkeep\n|\n|t:|1700694013\n|switch|p1a: Bramble|Brambleghast, M|18\/100 psn\n|-damage|p1a: Bramble|6\/100 psn|[from] Stealth Rock\n|turn|9\n|\n|t:|1700694017\n|move|p2a: tro\u00e7o|Grass Knot|p1a: Bramble\n|-resisted|p1a: Bramble\n|-damage|p1a: Bramble|0 fnt\n|faint|p1a: Bramble\n|\n|-weather|Sandstorm|[upkeep]\n|-damage|p2a: tro\u00e7o|70\/100|[from] Sandstorm\n|upkeep\n|\n|t:|1700694022\n|switch|p1a: Extra Virgem|Arboliva, F|100\/100\n|-damage|p1a: Extra Virgem|88\/100|[from] Stealth Rock\n|turn|10\n|\n|t:|1700694034\n|switch|p2a: samu|Pawmot, F, shiny|84\/100\n|-damage|p2a: samu|72\/100|[from] Spikes\n|move|p1a: Extra Virgem|Earth Power|p2a: samu\n|-supereffective|p2a: samu\n|-damage|p2a: samu|0 fnt\n|faint|p2a: samu\n|\n|-weather|none\n|-heal|p1a: Extra Virgem|94\/100|[from] item: Leftovers\n|upkeep\n|\n|t:|1700694041\n|switch|p2a: tro\u00e7o|Toxapex, F|70\/100\n|-damage|p2a: tro\u00e7o|58\/100|[from] Spikes\n|turn|11\n|\n|t:|1700694047\n|move|p2a: tro\u00e7o|Flamethrower|p1a: Extra Virgem\n|-supereffective|p1a: Extra Virgem\n|-damage|p1a: Extra Virgem|15\/100\n|-fieldstart|move: Grassy Terrain|[from] ability: Seed Sower|[of] p1a: Extra Virgem\n|move|p1a: Extra Virgem|Giga Drain|p2a: tro\u00e7o\n|-damage|p2a: tro\u00e7o|0 fnt\n|-heal|p1a: Extra Virgem|35\/100|[from] drain|[of] p2a: tro\u00e7o\n|replace|p2a: chamas|Zoroark-Hisui, M, shiny\n|-end|p2a: chamas|Illusion\n|faint|p2a: chamas\n|\n|-heal|p1a: Extra Virgem|41\/100|[from] Grassy Terrain\n|-heal|p1a: Extra Virgem|47\/100|[from] item: Leftovers\n|upkeep\n|\n|t:|1700694056\n|switch|p2a: basculho|Basculegion-F, F, shiny|100\/100\n|-damage|p2a: basculho|88\/100|[from] Spikes\n|turn|12\n|\n|t:|1700694066\n|move|p2a: basculho|Ice Beam|p1a: Extra Virgem\n|-supereffective|p1a: Extra Virgem\n|-damage|p1a: Extra Virgem|0 fnt\n|faint|p1a: Extra Virgem\n|\n|-heal|p2a: basculho|94\/100|[from] Grassy Terrain\n|upkeep\n|\n|t:|1700694071\n|switch|p1a: Rock Davry|Arcanine-Hisui, F|100\/100\n|-damage|p1a: Rock Davry|76\/100|[from] Stealth Rock\n|turn|13\n|\n|t:|1700694076\n|switch|p2a: tro\u00e7o|Toxapex, F|100\/100\n|-damage|p2a: tro\u00e7o|88\/100|[from] Spikes\n|move|p1a: Rock Davry|Head Smash|p2a: tro\u00e7o\n|-damage|p2a: tro\u00e7o|28\/100\n|\n|-heal|p1a: Rock Davry|82\/100|[from] Grassy Terrain\n|-heal|p2a: tro\u00e7o|34\/100|[from] Grassy Terrain\n|-heal|p2a: tro\u00e7o|40\/100|[from] item: Leftovers\n|upkeep\n|turn|14\n|\n|t:|1700694090\n|move|p1a: Rock Davry|Head Smash|p2a: tro\u00e7o|[miss]\n|-miss|p1a: Rock Davry|p2a: tro\u00e7o\n|move|p2a: tro\u00e7o|Recover|p2a: tro\u00e7o\n|-heal|p2a: tro\u00e7o|90\/100\n|\n|-heal|p1a: Rock Davry|88\/100|[from] Grassy Terrain\n|-heal|p2a: tro\u00e7o|97\/100|[from] Grassy Terrain\n|-heal|p2a: tro\u00e7o|100\/100|[from] item: Leftovers\n|upkeep\n|turn|15\n|\n|t:|1700694096\n|move|p1a: Rock Davry|Head Smash|p2a: tro\u00e7o|[miss]\n|-miss|p1a: Rock Davry|p2a: tro\u00e7o\n|move|p2a: tro\u00e7o|Surf|p1a: Rock Davry\n|-supereffective|p1a: Rock Davry\n|-damage|p1a: Rock Davry|0 fnt\n|faint|p1a: Rock Davry\n|\n|win|Davry\n|l|\u2606mmeira\n","uploadtime":1700694115,"views":12,"p1id":"mmeira","p2id":"davry","formatid":"gen9ou","rating":0,"private":0,"password":""}