{"id":"gen9ou-1999531148","p1":"yeziqie","p2":"Tony139","format":"[Gen 9] OU","log":"|j|\u2606yeziqie\n|j|\u2606Tony139\n|t:|1701093146\n|gametype|singles\n|player|p1|yeziqie|170|1376\n|player|p2|Tony139|2|1367\n|teamsize|p1|6\n|teamsize|p2|6\n|gen|9\n|tier|[Gen 9] OU\n|rated|\n|rule|Sleep Clause Mod: Limit one foe put to sleep\n|rule|Species Clause: Limit one of each Pok\u00e9mon\n|rule|OHKO Clause: OHKO moves are banned\n|rule|Evasion Items Clause: Evasion items are banned\n|rule|Evasion Moves Clause: Evasion moves are banned\n|rule|Endless Battle Clause: Forcing endless battles is banned\n|rule|HP Percentage Mod: HP is shown in percentages\n|clearpoke\n|poke|p1|Ribombee, M|\n|poke|p1|Kleavor, M|\n|poke|p1|Scizor, F|\n|poke|p1|Lokix, M|\n|poke|p1|Yanmega, F|\n|poke|p1|Iron Thorns|\n|poke|p2|Kingambit, M|\n|poke|p2|Great Tusk|\n|poke|p2|Dragapult, F|\n|poke|p2|Ogerpon-Wellspring, F|\n|poke|p2|Blissey, F|\n|poke|p2|Zapdos|\n|teampreview\n|inactive|Battle timer is ON: inactive players will automatically lose when time's up. (requested by Tony139)\n|\n|t:|1701093158\n|start\n|switch|p1a: Ribombee|Ribombee, M|100\/100\n|switch|p2a: Ogerpon|Ogerpon-Wellspring, F|100\/100\n|turn|1\n|\n|t:|1701093167\n|move|p1a: Ribombee|Sticky Web|p2a: Ogerpon\n|-sidestart|p2: Tony139|move: Sticky Web\n|move|p2a: Ogerpon|Ivy Cudgel|p1a: Ribombee|[anim] Ivy Cudgel Water\n|-crit|p1a: Ribombee\n|-enditem|p1a: Ribombee|Focus Sash\n|-damage|p1a: Ribombee|1\/100\n|\n|upkeep\n|turn|2\n|\n|t:|1701093174\n|move|p1a: Ribombee|Stun Spore|p2a: Ogerpon\n|-immune|p2a: Ogerpon\n|move|p2a: Ogerpon|U-turn|p1a: Ribombee\n|-resisted|p1a: Ribombee\n|-damage|p1a: Ribombee|0 fnt\n|faint|p1a: Ribombee\n|\n|t:|1701093179\n|switch|p2a: Great Tusk|Great Tusk|100\/100|[from] U-turn\n|-activate|p2a: Great Tusk|move: Sticky Web\n|-unboost|p2a: Great Tusk|spe|1\n|\n|upkeep\n|\n|t:|1701093184\n|switch|p1a: Yanmega|Yanmega, F|100\/100\n|turn|3\n|\n|t:|1701093190\n|move|p1a: Yanmega|U-turn|p2a: Great Tusk\n|-resisted|p2a: Great Tusk\n|-damage|p2a: Great Tusk|89\/100\n|\n|t:|1701093200\n|switch|p1a: Iron Thorns|Iron Thorns|100\/100|[from] U-turn\n|move|p2a: Great Tusk|Rapid Spin|p1a: Iron Thorns\n|-resisted|p1a: Iron Thorns\n|-damage|p1a: Iron Thorns|93\/100\n|-boost|p2a: Great Tusk|spe|1\n|-sideend|p2: Tony139|Sticky Web|[from] move: Rapid Spin|[of] p2a: Great Tusk\n|\n|-heal|p2a: Great Tusk|96\/100|[from] item: Leftovers\n|upkeep\n|turn|4\n|\n|t:|1701093204\n|-terastallize|p1a: Iron Thorns|Bug\n|move|p2a: Great Tusk|Earthquake|p1a: Iron Thorns\n|-resisted|p1a: Iron Thorns\n|-damage|p1a: Iron Thorns|74\/100\n|move|p1a: Iron Thorns|Dragon Dance|p1a: Iron Thorns\n|-boost|p1a: Iron Thorns|atk|1\n|-boost|p1a: Iron Thorns|spe|1\n|\n|-heal|p2a: Great Tusk|100\/100|[from] item: Leftovers\n|upkeep\n|turn|5\n|\n|t:|1701093214\n|move|p1a: Iron Thorns|Dragon Dance|p1a: Iron Thorns\n|-boost|p1a: Iron Thorns|atk|1\n|-boost|p1a: Iron Thorns|spe|1\n|move|p2a: Great Tusk|Knock Off|p1a: Iron Thorns\n|-damage|p1a: Iron Thorns|49\/100\n|-enditem|p1a: Iron Thorns|Loaded Dice|[from] move: Knock Off|[of] p2a: Great Tusk\n|\n|upkeep\n|turn|6\n|\n|t:|1701093224\n|move|p1a: Iron Thorns|Earthquake|p2a: Great Tusk\n|-damage|p2a: Great Tusk|59\/100\n|move|p2a: Great Tusk|Knock Off|p1a: Iron Thorns\n|-damage|p1a: Iron Thorns|30\/100\n|\n|-heal|p2a: Great Tusk|65\/100|[from] item: Leftovers\n|upkeep\n|turn|7\n|\n|t:|1701093230\n|move|p1a: Iron Thorns|Earthquake|p2a: Great Tusk\n|-damage|p2a: Great Tusk|24\/100\n|move|p2a: Great Tusk|Knock Off|p1a: Iron Thorns\n|-damage|p1a: Iron Thorns|14\/100\n|\n|-heal|p2a: Great Tusk|30\/100|[from] item: Leftovers\n|upkeep\n|turn|8\n|\n|t:|1701093235\n|-end|p2a: Great Tusk|Protosynthesis|[silent]\n|switch|p2a: Zapdos|Zapdos|100\/100\n|move|p1a: Iron Thorns|Earthquake|p2a: Zapdos\n|-immune|p2a: Zapdos\n|\n|upkeep\n|turn|9\n|\n|t:|1701093238\n|move|p1a: Iron Thorns|Rock Blast|p2a: Zapdos\n|-supereffective|p2a: Zapdos\n|-damage|p2a: Zapdos|56\/100\n|-supereffective|p2a: Zapdos\n|-damage|p2a: Zapdos|10\/100\n|-supereffective|p2a: Zapdos\n|-damage|p2a: Zapdos|0 fnt\n|faint|p2a: Zapdos\n|-hitcount|p2: Zapdos|3\n|\n|upkeep\n|\n|t:|1701093245\n|switch|p2a: Kingambit|Kingambit, M|100\/100\n|-activate|p2a: Kingambit|ability: Supreme Overlord\n|-start|p2a: Kingambit|fallen1|[silent]\n|turn|10\n|\n|t:|1701093250\n|-end|p1a: Iron Thorns|Quark Drive|[silent]\n|switch|p1a: Lokix|Lokix, M|100\/100\n|move|p2a: Kingambit|Iron Head|p1a: Lokix\n|-damage|p1a: Lokix|23\/100\n|\n|upkeep\n|turn|11\n|\n|t:|1701093256\n|-end|p2a: Kingambit|fallen1|[silent]\n|switch|p2a: Great Tusk|Great Tusk|30\/100\n|move|p1a: Lokix|First Impression|p2a: Great Tusk\n|-resisted|p2a: Great Tusk\n|-damage|p2a: Great Tusk|0 fnt\n|faint|p2a: Great Tusk\n|-end|p2a: Great Tusk|Protosynthesis|[silent]\n|\n|upkeep\n|\n|t:|1701093259\n|switch|p2a: Dragapult|Dragapult, F|100\/100\n|turn|12\n|\n|t:|1701093264\n|switch|p1a: Iron Thorns|Iron Thorns, tera:Bug|14\/100\n|move|p2a: Dragapult|Shadow Ball|p1a: Iron Thorns\n|-damage|p1a: Iron Thorns|0 fnt\n|faint|p1a: Iron Thorns\n|-end|p1a: Iron Thorns|Quark Drive|[silent]\n|\n|upkeep\n|\n|t:|1701093267\n|switch|p1a: Kleavor|Kleavor, M|100\/100\n|turn|13\n|\n|t:|1701093271\n|move|p1a: Kleavor|Night Slash|p2a: Dragapult\n|-supereffective|p2a: Dragapult\n|-damage|p2a: Dragapult|0 fnt\n|faint|p2a: Dragapult\n|\n|upkeep\n|\n|t:|1701093275\n|switch|p2a: Ogerpon|Ogerpon-Wellspring, F|100\/100\n|turn|14\n|\n|t:|1701093284\n|switch|p1a: Yanmega|Yanmega, F|100\/100\n|move|p2a: Ogerpon|Ivy Cudgel|p1a: Yanmega|[anim] Ivy Cudgel Water\n|-damage|p1a: Yanmega|26\/100\n|\n|upkeep\n|turn|15\n|\n|t:|1701093289\n|move|p2a: Ogerpon|Ivy Cudgel|p1a: Yanmega|[anim] Ivy Cudgel Water\n|-damage|p1a: Yanmega|0 fnt\n|faint|p1a: Yanmega\n|\n|upkeep\n|\n|t:|1701093296\n|switch|p1a: Kleavor|Kleavor, M|100\/100\n|turn|16\n|\n|t:|1701093299\n|move|p1a: Kleavor|X-Scissor|p2a: Ogerpon\n|-supereffective|p2a: Ogerpon\n|-damage|p2a: Ogerpon|0 fnt\n|faint|p2a: Ogerpon\n|\n|upkeep\n|\n|t:|1701093304\n|switch|p2a: Blissey|Blissey, F|100\/100\n|turn|17\n|\n|t:|1701093307\n|move|p1a: Kleavor|X-Scissor|p2a: Blissey\n|-damage|p2a: Blissey|45\/100\n|move|p2a: Blissey|Shadow Ball|p1a: Kleavor\n|-damage|p1a: Kleavor|76\/100\n|\n|upkeep\n|turn|18\n|\n|t:|1701093314\n|move|p1a: Kleavor|X-Scissor|p2a: Blissey\n|-damage|p2a: Blissey|0 fnt\n|faint|p2a: Blissey\n|\n|upkeep\n|\n|t:|1701093316\n|switch|p2a: Kingambit|Kingambit, M|100\/100\n|-activate|p2a: Kingambit|ability: Supreme Overlord\n|-start|p2a: Kingambit|fallen5|[silent]\n|turn|19\n|\n|t:|1701093319\n|move|p2a: Kingambit|Sucker Punch|p1a: Kleavor\n|-damage|p1a: Kleavor|0 fnt\n|faint|p1a: Kleavor\n|\n|upkeep\n|\n|t:|1701093335\n|switch|p1a: Scizor|Scizor, F|100\/100\n|turn|20\n|\n|t:|1701093338\n|move|p2a: Kingambit|Kowtow Cleave|p1a: Scizor\n|-damage|p1a: Scizor|26\/100\n|move|p1a: Scizor|Close Combat|p2a: Kingambit\n|-supereffective|p2a: Kingambit\n|-damage|p2a: Kingambit|0 fnt\n|-unboost|p1a: Scizor|def|1\n|-unboost|p1a: Scizor|spd|1\n|faint|p2a: Kingambit\n|-end|p2a: Kingambit|fallen5|[silent]\n|\n|win|yeziqie\n|raw|yeziqie's rating: 1376 &rarr; <strong>1395<\/strong><br \/>(+19 for winning)\n|raw|Tony139's rating: 1367 &rarr; <strong>1348<\/strong><br \/>(-19 for losing)\n|l|\u2606Tony139\n","uploadtime":1701093350,"views":2,"p1id":"yeziqie","p2id":"tony139","formatid":"gen9ou","rating":1348,"private":0,"password":""}