{"id":"gen9ou-1996423085","p1":"Bobbyslayer","p2":"HeroPrimeT","format":"[Gen 9] OU","log":"|j|\u2606Bobbyslayer\n|j|\u2606HeroPrimeT\n|t:|1700680579\n|gametype|singles\n|player|p1|Bobbyslayer|ingo|1024\n|player|p2|HeroPrimeT|265|1117\n|teamsize|p1|6\n|teamsize|p2|6\n|gen|9\n|tier|[Gen 9] OU\n|rated|\n|rule|Sleep Clause Mod: Limit one foe put to sleep\n|rule|Species Clause: Limit one of each Pok\u00e9mon\n|rule|OHKO Clause: OHKO moves are banned\n|rule|Evasion Items Clause: Evasion items are banned\n|rule|Evasion Moves Clause: Evasion moves are banned\n|rule|Endless Battle Clause: Forcing endless battles is banned\n|rule|HP Percentage Mod: HP is shown in percentages\n|clearpoke\n|poke|p1|Kommo-o, M|\n|poke|p1|Meowscarada, M|\n|poke|p1|Empoleon, M|\n|poke|p1|Grimmsnarl, M|\n|poke|p1|Dondozo, F|\n|poke|p1|Iron Moth|\n|poke|p2|Samurott-Hisui, M|\n|poke|p2|Arcanine-Hisui, M|\n|poke|p2|Great Tusk|\n|poke|p2|Ogerpon-Wellspring, F|\n|poke|p2|Cinderace, M|\n|poke|p2|Blissey, F|\n|teampreview\n|inactive|Battle timer is ON: inactive players will automatically lose when time's up. (requested by HeroPrimeT)\n|\n|t:|1700680591\n|start\n|switch|p1a: Kommo-o|Kommo-o, M|100\/100\n|switch|p2a: Great Tusk|Great Tusk|100\/100\n|turn|1\n|\n|t:|1700680601\n|move|p2a: Great Tusk|Ice Spinner|p1a: Kommo-o\n|-supereffective|p1a: Kommo-o\n|-damage|p1a: Kommo-o|48\/100\n|move|p1a: Kommo-o|Body Press|p2a: Great Tusk\n|-damage|p2a: Great Tusk|76\/100\n|\n|-heal|p2a: Great Tusk|82\/100|[from] item: Leftovers\n|upkeep\n|turn|2\n|\n|t:|1700680618\n|move|p2a: Great Tusk|Earthquake|p1a: Kommo-o\n|-damage|p1a: Kommo-o|0 fnt\n|faint|p1a: Kommo-o\n|\n|-heal|p2a: Great Tusk|89\/100|[from] item: Leftovers\n|upkeep\n|\n|t:|1700680626\n|switch|p1a: Dondozo|Dondozo, F|100\/100\n|turn|3\n|\n|t:|1700680636\n|-end|p2a: Great Tusk|Protosynthesis|[silent]\n|switch|p2a: Ogerpon|Ogerpon-Wellspring, F|100\/100\n|move|p1a: Dondozo|Chilling Water|p2a: Ogerpon\n|-immune|p2a: Ogerpon|[from] ability: Water Absorb\n|\n|upkeep\n|turn|4\n|\n|t:|1700680654\n|switch|p1a: Grimmsnarl|Grimmsnarl, M|100\/100\n|move|p2a: Ogerpon|Play Rough|p1a: Grimmsnarl\n|-supereffective|p1a: Grimmsnarl\n|-damage|p1a: Grimmsnarl|18\/100\n|-enditem|p1a: Grimmsnarl|Sitrus Berry|[eat]\n|-heal|p1a: Grimmsnarl|42\/100|[from] item: Sitrus Berry\n|\n|upkeep\n|turn|5\n|\n|t:|1700680673\n|move|p1a: Grimmsnarl|Thunder Wave|p2a: Ogerpon\n|-status|p2a: Ogerpon|par\n|cant|p2a: Ogerpon|par\n|\n|upkeep\n|turn|6\n|\n|t:|1700680683\n|move|p1a: Grimmsnarl|Reflect|p1a: Grimmsnarl\n|-sidestart|p1: Bobbyslayer|Reflect\n|move|p2a: Ogerpon|Horn Leech|p1a: Grimmsnarl\n|-damage|p1a: Grimmsnarl|14\/100\n|\n|upkeep\n|turn|7\n|\n|t:|1700680690\n|move|p1a: Grimmsnarl|Light Screen|p1a: Grimmsnarl\n|-sidestart|p1: Bobbyslayer|move: Light Screen\n|move|p2a: Ogerpon|Horn Leech|p1a: Grimmsnarl\n|-damage|p1a: Grimmsnarl|0 fnt\n|faint|p1a: Grimmsnarl\n|\n|upkeep\n|\n|t:|1700680702\n|switch|p1a: Iron Moth|Iron Moth|100\/100\n|-enditem|p1a: Iron Moth|Booster Energy\n|-activate|p1a: Iron Moth|ability: Quark Drive|[fromitem]\n|-start|p1a: Iron Moth|quarkdrivespa\n|turn|8\n|\n|t:|1700680710\n|switch|p2a: Blissey|Blissey, F|100\/100\n|move|p1a: Iron Moth|Sludge Wave|p2a: Blissey\n|-damage|p2a: Blissey|76\/100\n|\n|-heal|p2a: Blissey|82\/100|[from] item: Leftovers\n|upkeep\n|turn|9\n|\n|t:|1700680719\n|move|p1a: Iron Moth|Sludge Wave|p2a: Blissey\n|-crit|p2a: Blissey\n|-damage|p2a: Blissey|47\/100\n|move|p2a: Blissey|Thunder Wave|p1a: Iron Moth\n|-status|p1a: Iron Moth|par\n|\n|-heal|p2a: Blissey|53\/100|[from] item: Leftovers\n|upkeep\n|turn|10\n|\n|t:|1700680730\n|move|p1a: Iron Moth|Sludge Wave|p2a: Blissey\n|-damage|p2a: Blissey|30\/100\n|move|p2a: Blissey|Soft-Boiled|p2a: Blissey\n|-heal|p2a: Blissey|80\/100\n|\n|-heal|p2a: Blissey|86\/100|[from] item: Leftovers\n|-sideend|p1: Bobbyslayer|Reflect\n|upkeep\n|turn|11\n|\n|t:|1700680739\n|cant|p1a: Iron Moth|par\n|move|p2a: Blissey|Seismic Toss|p1a: Iron Moth\n|-damage|p1a: Iron Moth|69\/100 par\n|\n|-heal|p2a: Blissey|92\/100|[from] item: Leftovers\n|-sideend|p1: Bobbyslayer|move: Light Screen\n|upkeep\n|turn|12\n|\n|t:|1700680749\n|move|p1a: Iron Moth|Sludge Wave|p2a: Blissey\n|-damage|p2a: Blissey|68\/100\n|move|p2a: Blissey|Seismic Toss|p1a: Iron Moth\n|-damage|p1a: Iron Moth|38\/100 par\n|\n|-heal|p2a: Blissey|74\/100|[from] item: Leftovers\n|upkeep\n|turn|13\n|\n|t:|1700680762\n|move|p1a: Iron Moth|Sludge Wave|p2a: Blissey\n|-crit|p2a: Blissey\n|-damage|p2a: Blissey|41\/100\n|move|p2a: Blissey|Seismic Toss|p1a: Iron Moth\n|-damage|p1a: Iron Moth|7\/100 par\n|\n|-heal|p2a: Blissey|47\/100|[from] item: Leftovers\n|upkeep\n|turn|14\n|\n|t:|1700680772\n|move|p1a: Iron Moth|Sludge Wave|p2a: Blissey\n|-damage|p2a: Blissey|21\/100\n|move|p2a: Blissey|Soft-Boiled|p2a: Blissey\n|-heal|p2a: Blissey|71\/100\n|\n|-heal|p2a: Blissey|77\/100|[from] item: Leftovers\n|upkeep\n|turn|15\n|\n|t:|1700680783\n|move|p1a: Iron Moth|Fire Blast|p2a: Blissey\n|-damage|p2a: Blissey|52\/100\n|move|p2a: Blissey|Seismic Toss|p1a: Iron Moth\n|-damage|p1a: Iron Moth|0 fnt\n|faint|p1a: Iron Moth\n|-end|p1a: Iron Moth|Quark Drive|[silent]\n|\n|-heal|p2a: Blissey|58\/100|[from] item: Leftovers\n|upkeep\n|\n|t:|1700680805\n|switch|p1a: Dondozo|Dondozo, F|100\/100\n|turn|16\n|\n|t:|1700680814\n|switch|p2a: Ogerpon|Ogerpon-Wellspring, F|100\/100 par\n|move|p1a: Dondozo|Chilling Water|p2a: Ogerpon\n|-immune|p2a: Ogerpon|[from] ability: Water Absorb\n|\n|upkeep\n|turn|17\n|\n|t:|1700680823\n|cant|p2a: Ogerpon|par\n|move|p1a: Dondozo|Avalanche|p2a: Ogerpon\n|-damage|p2a: Ogerpon|84\/100 par\n|\n|upkeep\n|turn|18\n|\n|t:|1700680830\n|cant|p2a: Ogerpon|par\n|move|p1a: Dondozo|Avalanche|p2a: Ogerpon\n|-damage|p2a: Ogerpon|65\/100 par\n|\n|upkeep\n|turn|19\n|\n|t:|1700680839\n|move|p2a: Ogerpon|Horn Leech|p1a: Dondozo\n|-supereffective|p1a: Dondozo\n|-damage|p1a: Dondozo|52\/100\n|-heal|p2a: Ogerpon|100\/100 par|[from] drain|[of] p1a: Dondozo\n|move|p1a: Dondozo|Avalanche|p2a: Ogerpon\n|-damage|p2a: Ogerpon|67\/100 par\n|\n|upkeep\n|turn|20\n|\n|t:|1700680856\n|cant|p2a: Ogerpon|par\n|move|p1a: Dondozo|Rest|p1a: Dondozo\n|-status|p1a: Dondozo|slp|[from] move: Rest\n|-heal|p1a: Dondozo|100\/100 slp|[silent]\n|-enditem|p1a: Dondozo|Chesto Berry|[eat]\n|-curestatus|p1a: Dondozo|slp|[msg]\n|\n|upkeep\n|turn|21\n|\n|t:|1700680865\n|move|p2a: Ogerpon|Horn Leech|p1a: Dondozo\n|-supereffective|p1a: Dondozo\n|-damage|p1a: Dondozo|55\/100\n|-heal|p2a: Ogerpon|100\/100 par|[from] drain|[of] p1a: Dondozo\n|move|p1a: Dondozo|Avalanche|p2a: Ogerpon\n|-crit|p2a: Ogerpon\n|-damage|p2a: Ogerpon|42\/100 par\n|\n|upkeep\n|turn|22\n|\n|t:|1700680875\n|switch|p2a: Cinderace|Cinderace, M|100\/100\n|move|p1a: Dondozo|Avalanche|p2a: Cinderace\n|-resisted|p2a: Cinderace\n|-damage|p2a: Cinderace|90\/100\n|\n|upkeep\n|turn|23\n|\n|t:|1700680891\n|move|p2a: Cinderace|Iron Head|p1a: Dondozo\n|-start|p2a: Cinderace|typechange|Steel|[from] ability: Libero\n|-resisted|p1a: Dondozo\n|-damage|p1a: Dondozo|44\/100\n|cant|p1a: Dondozo|flinch\n|\n|upkeep\n|turn|24\n|\n|t:|1700680899\n|move|p2a: Cinderace|Sucker Punch|p1a: Dondozo\n|-damage|p1a: Dondozo|30\/100\n|move|p1a: Dondozo|Earthquake|p2a: Cinderace\n|-supereffective|p2a: Cinderace\n|-damage|p2a: Cinderace|25\/100\n|\n|upkeep\n|turn|25\n|\n|t:|1700680909\n|move|p2a: Cinderace|U-turn|p1a: Dondozo\n|-damage|p1a: Dondozo|17\/100\n|\n|t:|1700680915\n|switch|p2a: Ogerpon|Ogerpon-Wellspring, F|42\/100 par|[from] U-turn\n|move|p1a: Dondozo|Earthquake|p2a: Ogerpon\n|-resisted|p2a: Ogerpon\n|-damage|p2a: Ogerpon|26\/100 par\n|\n|upkeep\n|turn|26\n|\n|t:|1700680923\n|cant|p2a: Ogerpon|par\n|move|p1a: Dondozo|Rest|p1a: Dondozo\n|-status|p1a: Dondozo|slp|[from] move: Rest\n|-heal|p1a: Dondozo|100\/100 slp|[silent]\n|\n|upkeep\n|turn|27\n|\n|t:|1700680932\n|cant|p2a: Ogerpon|par\n|cant|p1a: Dondozo|slp\n|\n|upkeep\n|turn|28\n|\n|t:|1700680942\n|switch|p2a: Blissey|Blissey, F|58\/100\n|cant|p1a: Dondozo|slp\n|\n|-heal|p2a: Blissey|64\/100|[from] item: Leftovers\n|upkeep\n|turn|29\n|\n|t:|1700680955\n|move|p2a: Blissey|Thunder Wave||[still]\n|-fail|p2a: Blissey\n|-curestatus|p1a: Dondozo|slp|[msg]\n|move|p1a: Dondozo|Avalanche|p2a: Blissey\n|-damage|p2a: Blissey|52\/100\n|\n|-heal|p2a: Blissey|58\/100|[from] item: Leftovers\n|upkeep\n|turn|30\n|\n|t:|1700680975\n|-terastallize|p1a: Dondozo|Water\n|move|p2a: Blissey|Seismic Toss|p1a: Dondozo\n|-damage|p1a: Dondozo|79\/100\n|move|p1a: Dondozo|Chilling Water|p2a: Blissey\n|-damage|p2a: Blissey|50\/100\n|-unboost|p2a: Blissey|atk|1\n|\n|-heal|p2a: Blissey|56\/100|[from] item: Leftovers\n|upkeep\n|turn|31\n|\n|t:|1700680991\n|move|p2a: Blissey|Protect|p2a: Blissey\n|-singleturn|p2a: Blissey|Protect\n|move|p1a: Dondozo|Avalanche|p2a: Blissey\n|-activate|p2a: Blissey|move: Protect\n|\n|-heal|p2a: Blissey|63\/100|[from] item: Leftovers\n|upkeep\n|turn|32\n|\n|t:|1700681006\n|switch|p2a: Arcanine|Arcanine-Hisui, M|100\/100\n|move|p1a: Dondozo|Earthquake|p2a: Arcanine\n|-supereffective|p2a: Arcanine\n|-damage|p2a: Arcanine|0 fnt\n|faint|p2a: Arcanine\n|\n|upkeep\n|\n|t:|1700681019\n|switch|p2a: Blissey|Blissey, F|63\/100\n|turn|33\n|\n|t:|1700681027\n|move|p2a: Blissey|Soft-Boiled|p2a: Blissey\n|-heal|p2a: Blissey|100\/100\n|move|p1a: Dondozo|Chilling Water|p2a: Blissey\n|-damage|p2a: Blissey|92\/100\n|-unboost|p2a: Blissey|atk|1\n|\n|-heal|p2a: Blissey|99\/100|[from] item: Leftovers\n|upkeep\n|turn|34\n|\n|t:|1700681040\n|move|p2a: Blissey|Seismic Toss|p1a: Dondozo\n|-damage|p1a: Dondozo|58\/100\n|move|p1a: Dondozo|Earthquake|p2a: Blissey\n|-damage|p2a: Blissey|78\/100\n|\n|-heal|p2a: Blissey|84\/100|[from] item: Leftovers\n|upkeep\n|turn|35\n|\n|t:|1700681049\n|move|p2a: Blissey|Seismic Toss|p1a: Dondozo\n|-damage|p1a: Dondozo|37\/100\n|move|p1a: Dondozo|Earthquake|p2a: Blissey\n|-damage|p2a: Blissey|65\/100\n|\n|-heal|p2a: Blissey|71\/100|[from] item: Leftovers\n|upkeep\n|turn|36\n|\n|t:|1700681060\n|move|p2a: Blissey|Seismic Toss|p1a: Dondozo\n|-damage|p1a: Dondozo|16\/100\n|move|p1a: Dondozo|Rest|p1a: Dondozo\n|-status|p1a: Dondozo|slp|[from] move: Rest\n|-heal|p1a: Dondozo|100\/100 slp|[silent]\n|\n|-heal|p2a: Blissey|77\/100|[from] item: Leftovers\n|upkeep\n|turn|37\n|\n|t:|1700681070\n|move|p2a: Blissey|Seismic Toss|p1a: Dondozo\n|-damage|p1a: Dondozo|79\/100 slp\n|cant|p1a: Dondozo|slp\n|\n|-heal|p2a: Blissey|83\/100|[from] item: Leftovers\n|upkeep\n|turn|38\n|\n|t:|1700681078\n|switch|p2a: Ogerpon|Ogerpon-Wellspring, F|26\/100 par\n|cant|p1a: Dondozo|slp\n|\n|upkeep\n|turn|39\n|\n|t:|1700681086\n|move|p2a: Ogerpon|Horn Leech|p1a: Dondozo\n|-supereffective|p1a: Dondozo\n|-damage|p1a: Dondozo|28\/100 slp\n|-heal|p2a: Ogerpon|67\/100 par|[from] drain|[of] p1a: Dondozo\n|-curestatus|p1a: Dondozo|slp|[msg]\n|move|p1a: Dondozo|Earthquake|p2a: Ogerpon\n|-resisted|p2a: Ogerpon\n|-damage|p2a: Ogerpon|53\/100 par\n|\n|upkeep\n|turn|40\n|\n|t:|1700681100\n|switch|p1a: Meowscarada|Meowscarada, M|100\/100\n|move|p2a: Ogerpon|Horn Leech|p1a: Meowscarada\n|-resisted|p1a: Meowscarada\n|-damage|p1a: Meowscarada|70\/100\n|-heal|p2a: Ogerpon|68\/100 par|[from] drain|[of] p1a: Meowscarada\n|\n|upkeep\n|turn|41\n|\n|t:|1700681126\n|move|p2a: Ogerpon|Spiky Shield|p2a: Ogerpon\n|-singleturn|p2a: Ogerpon|move: Protect\n|move|p1a: Meowscarada|Play Rough|p2a: Ogerpon\n|-start|p1a: Meowscarada|typechange|Fairy|[from] ability: Protean\n|-activate|p2a: Ogerpon|move: Protect\n|-damage|p1a: Meowscarada|57\/100|[from] Spiky Shield|[of] p2a: Ogerpon\n|\n|upkeep\n|turn|42\n|inactive|HeroPrimeT has 120 seconds left.\n|\n|t:|1700681153\n|switch|p2a: Cinderace|Cinderace, M|25\/100\n|move|p1a: Meowscarada|Low Sweep|p2a: Cinderace\n|-damage|p2a: Cinderace|0 fnt\n|faint|p2a: Cinderace\n|-damage|p1a: Meowscarada|48\/100|[from] item: Life Orb\n|\n|upkeep\n|\n|t:|1700681161\n|switch|p2a: Blissey|Blissey, F|83\/100\n|turn|43\n|\n|t:|1700681165\n|move|p2a: Blissey|Protect|p2a: Blissey\n|-singleturn|p2a: Blissey|Protect\n|move|p1a: Meowscarada|Low Sweep|p2a: Blissey\n|-activate|p2a: Blissey|move: Protect\n|\n|-heal|p2a: Blissey|89\/100|[from] item: Leftovers\n|upkeep\n|turn|44\n|\n|t:|1700681175\n|switch|p2a: Great Tusk|Great Tusk|89\/100\n|move|p1a: Meowscarada|Low Sweep|p2a: Great Tusk\n|-damage|p2a: Great Tusk|71\/100\n|-unboost|p2a: Great Tusk|spe|1\n|-damage|p1a: Meowscarada|38\/100|[from] item: Life Orb\n|\n|-heal|p2a: Great Tusk|78\/100|[from] item: Leftovers\n|upkeep\n|turn|45\n|\n|t:|1700681190\n|-terastallize|p2a: Great Tusk|Ground\n|move|p1a: Meowscarada|Flower Trick|p2a: Great Tusk\n|-supereffective|p2a: Great Tusk\n|-crit|p2a: Great Tusk\n|-damage|p2a: Great Tusk|25\/100\n|-damage|p1a: Meowscarada|28\/100|[from] item: Life Orb\n|move|p2a: Great Tusk|Earthquake|p1a: Meowscarada\n|-damage|p1a: Meowscarada|0 fnt\n|faint|p1a: Meowscarada\n|\n|-heal|p2a: Great Tusk|31\/100|[from] item: Leftovers\n|upkeep\n|\n|t:|1700681205\n|switch|p1a: Dondozo|Dondozo, F, tera:Water|28\/100\n|turn|46\n|\n|t:|1700681213\n|-end|p2a: Great Tusk|Protosynthesis|[silent]\n|switch|p2a: Blissey|Blissey, F|89\/100\n|move|p1a: Dondozo|Rest|p1a: Dondozo\n|-status|p1a: Dondozo|slp|[from] move: Rest\n|-heal|p1a: Dondozo|100\/100 slp|[silent]\n|\n|-heal|p2a: Blissey|95\/100|[from] item: Leftovers\n|upkeep\n|turn|47\n|\n|t:|1700681224\n|move|p2a: Blissey|Seismic Toss|p1a: Dondozo\n|-damage|p1a: Dondozo|79\/100 slp\n|cant|p1a: Dondozo|slp\n|\n|-heal|p2a: Blissey|100\/100|[from] item: Leftovers\n|upkeep\n|turn|48\n|\n|t:|1700681234\n|switch|p2a: Ogerpon|Ogerpon-Wellspring, F|68\/100 par\n|cant|p1a: Dondozo|slp\n|\n|upkeep\n|turn|49\n|\n|t:|1700681246\n|cant|p2a: Ogerpon|par\n|-curestatus|p1a: Dondozo|slp|[msg]\n|move|p1a: Dondozo|Rest|p1a: Dondozo\n|-status|p1a: Dondozo|slp|[from] move: Rest\n|-heal|p1a: Dondozo|100\/100 slp|[silent]\n|\n|upkeep\n|turn|50\n|\n|t:|1700681256\n|move|p2a: Ogerpon|Horn Leech|p1a: Dondozo\n|-supereffective|p1a: Dondozo\n|-damage|p1a: Dondozo|55\/100 slp\n|-heal|p2a: Ogerpon|100\/100 par|[from] drain|[of] p1a: Dondozo\n|cant|p1a: Dondozo|slp\n|\n|upkeep\n|turn|51\n|\n|t:|1700681264\n|cant|p2a: Ogerpon|par\n|cant|p1a: Dondozo|slp\n|\n|upkeep\n|turn|52\n|\n|t:|1700681272\n|cant|p2a: Ogerpon|par\n|-curestatus|p1a: Dondozo|slp|[msg]\n|move|p1a: Dondozo|Rest|p1a: Dondozo\n|-status|p1a: Dondozo|slp|[from] move: Rest\n|-heal|p1a: Dondozo|100\/100 slp|[silent]\n|\n|upkeep\n|turn|53\n|\n|t:|1700681283\n|switch|p2a: Blissey|Blissey, F|100\/100\n|cant|p1a: Dondozo|slp\n|\n|upkeep\n|turn|54\n|\n|t:|1700681294\n|switch|p2a: Samurott|Samurott-Hisui, M|100\/100\n|switch|p1a: Empoleon|Empoleon, M|100\/100\n|\n|upkeep\n|turn|55\n|\n|t:|1700681309\n|move|p2a: Samurott|Ceaseless Edge|p1a: Empoleon\n|-damage|p1a: Empoleon|58\/100\n|-sidestart|p1: Bobbyslayer|Spikes\n|move|p1a: Empoleon|Knock Off|p2a: Samurott\n|-resisted|p2a: Samurott\n|-damage|p2a: Samurott|87\/100\n|-enditem|p2a: Samurott|Heavy-Duty Boots|[from] move: Knock Off|[of] p1a: Empoleon\n|\n|upkeep\n|turn|56\n|\n|t:|1700681321\n|move|p1a: Empoleon|Aqua Jet|p2a: Samurott\n|-resisted|p2a: Samurott\n|-damage|p2a: Samurott|79\/100\n|move|p2a: Samurott|Ceaseless Edge|p1a: Empoleon\n|-damage|p1a: Empoleon|13\/100\n|-sidestart|p1: Bobbyslayer|Spikes\n|-enditem|p1a: Empoleon|Sitrus Berry|[eat]\n|-heal|p1a: Empoleon|38\/100|[from] item: Sitrus Berry\n|\n|upkeep\n|turn|57\n|\n|t:|1700681337\n|move|p2a: Samurott|Ceaseless Edge|p1a: Empoleon\n|-damage|p1a: Empoleon|0 fnt\n|-sidestart|p1: Bobbyslayer|Spikes\n|faint|p1a: Empoleon\n|\n|upkeep\n|\n|t:|1700681343\n|switch|p1a: Dondozo|Dondozo, F, tera:Water|100\/100 slp\n|-damage|p1a: Dondozo|76\/100 slp|[from] Spikes\n|turn|58\n|\n|t:|1700681350\n|move|p2a: Samurott|X-Scissor|p1a: Dondozo\n|-damage|p1a: Dondozo|54\/100 slp\n|cant|p1a: Dondozo|slp\n|\n|upkeep\n|turn|59\n|\n|t:|1700681361\n|move|p2a: Samurott|X-Scissor|p1a: Dondozo\n|-damage|p1a: Dondozo|33\/100 slp\n|-curestatus|p1a: Dondozo|slp|[msg]\n|move|p1a: Dondozo|Rest|p1a: Dondozo\n|-status|p1a: Dondozo|slp|[from] move: Rest\n|-heal|p1a: Dondozo|100\/100 slp|[silent]\n|\n|upkeep\n|turn|60\n|\n|t:|1700681372\n|switch|p2a: Blissey|Blissey, F|100\/100\n|cant|p1a: Dondozo|slp\n|\n|upkeep\n|turn|61\n|\n|t:|1700681378\n|switch|p2a: Ogerpon|Ogerpon-Wellspring, F|100\/100 par\n|cant|p1a: Dondozo|slp\n|\n|upkeep\n|turn|62\n|\n|t:|1700681385\n|switch|p2a: Samurott|Samurott-Hisui, M|79\/100\n|-curestatus|p1a: Dondozo|slp|[msg]\n|move|p1a: Dondozo|Avalanche|p2a: Samurott\n|-resisted|p2a: Samurott\n|-damage|p2a: Samurott|71\/100\n|\n|upkeep\n|turn|63\n|\n|t:|1700681396\n|move|p2a: Samurott|X-Scissor|p1a: Dondozo\n|-damage|p1a: Dondozo|82\/100\n|move|p1a: Dondozo|Earthquake|p2a: Samurott\n|-damage|p2a: Samurott|42\/100\n|\n|upkeep\n|turn|64\n|\n|t:|1700681410\n|switch|p2a: Blissey|Blissey, F|100\/100\n|move|p1a: Dondozo|Earthquake|p2a: Blissey\n|-damage|p2a: Blissey|79\/100\n|\n|-heal|p2a: Blissey|85\/100|[from] item: Leftovers\n|upkeep\n|turn|65\n|\n|t:|1700681435\n|move|p2a: Blissey|Thunder Wave|p1a: Dondozo\n|-status|p1a: Dondozo|par\n|move|p1a: Dondozo|Avalanche|p2a: Blissey\n|-damage|p2a: Blissey|73\/100\n|\n|-heal|p2a: Blissey|79\/100|[from] item: Leftovers\n|upkeep\n|turn|66\n|inactive|Bobbyslayer has 120 seconds left.\n|\n|t:|1700681454\n|switch|p2a: Ogerpon|Ogerpon-Wellspring, F|100\/100 par\n|move|p1a: Dondozo|Avalanche|p2a: Ogerpon\n|-damage|p2a: Ogerpon|84\/100 par\n|\n|upkeep\n|turn|67\n|\n|t:|1700681462\n|move|p2a: Ogerpon|Horn Leech|p1a: Dondozo\n|-supereffective|p1a: Dondozo\n|-damage|p1a: Dondozo|33\/100 par\n|-heal|p2a: Ogerpon|100\/100 par|[from] drain|[of] p1a: Dondozo\n|move|p1a: Dondozo|Avalanche|p2a: Ogerpon\n|-damage|p2a: Ogerpon|65\/100 par\n|\n|upkeep\n|turn|68\n|\n|t:|1700681472\n|cant|p2a: Ogerpon|par\n|move|p1a: Dondozo|Rest|p1a: Dondozo\n|-status|p1a: Dondozo|slp|[from] move: Rest\n|-heal|p1a: Dondozo|100\/100 slp|[silent]\n|\n|upkeep\n|turn|69\n|\n|t:|1700681483\n|switch|p2a: Blissey|Blissey, F|79\/100\n|cant|p1a: Dondozo|slp\n|\n|-heal|p2a: Blissey|85\/100|[from] item: Leftovers\n|upkeep\n|turn|70\n|\n|t:|1700681493\n|move|p2a: Blissey|Seismic Toss|p1a: Dondozo\n|-damage|p1a: Dondozo|79\/100 slp\n|cant|p1a: Dondozo|slp\n|\n|-heal|p2a: Blissey|91\/100|[from] item: Leftovers\n|upkeep\n|turn|71\n|inactive|Bobbyslayer has 120 seconds left.\n|\n|t:|1700681510\n|move|p2a: Blissey|Seismic Toss|p1a: Dondozo\n|-damage|p1a: Dondozo|58\/100 slp\n|-curestatus|p1a: Dondozo|slp|[msg]\n|move|p1a: Dondozo|Avalanche|p2a: Blissey\n|-damage|p2a: Blissey|67\/100\n|\n|-heal|p2a: Blissey|73\/100|[from] item: Leftovers\n|upkeep\n|turn|72\n|inactive|Bobbyslayer has 120 seconds left.\n|\n|t:|1700681528\n|move|p2a: Blissey|Thunder Wave|p1a: Dondozo\n|-status|p1a: Dondozo|par\n|move|p1a: Dondozo|Earthquake|p2a: Blissey\n|-damage|p2a: Blissey|54\/100\n|\n|-heal|p2a: Blissey|61\/100|[from] item: Leftovers\n|upkeep\n|turn|73\n|inactive|Bobbyslayer has 120 seconds left.\n|\n|t:|1700681545\n|switch|p2a: Ogerpon|Ogerpon-Wellspring, F|65\/100 par\n|cant|p1a: Dondozo|par\n|\n|upkeep\n|turn|74\n|\n|t:|1700681552\n|move|p2a: Ogerpon|Horn Leech|p1a: Dondozo\n|-supereffective|p1a: Dondozo\n|-damage|p1a: Dondozo|11\/100 par\n|-heal|p2a: Ogerpon|100\/100 par|[from] drain|[of] p1a: Dondozo\n|move|p1a: Dondozo|Earthquake|p2a: Ogerpon\n|-resisted|p2a: Ogerpon\n|-damage|p2a: Ogerpon|87\/100 par\n|\n|upkeep\n|turn|75\n|inactive|Bobbyslayer has 120 seconds left.\n|\n|t:|1700681573\n|switch|p2a: Samurott|Samurott-Hisui, M|42\/100\n|move|p1a: Dondozo|Earthquake|p2a: Samurott\n|-damage|p2a: Samurott|10\/100\n|\n|upkeep\n|turn|76\n|\n|t:|1700681584\n|move|p2a: Samurott|X-Scissor|p1a: Dondozo\n|-damage|p1a: Dondozo|0 fnt\n|faint|p1a: Dondozo\n|\n|win|HeroPrimeT\n|raw|Bobbyslayer's rating: 1024 &rarr; <strong>1014<\/strong><br \/>(-10 for losing)\n|raw|HeroPrimeT's rating: 1117 &rarr; <strong>1135<\/strong><br \/>(+18 for winning)\n|l|\u2606Bobbyslayer\n","uploadtime":1700681595,"views":7,"p1id":"bobbyslayer","p2id":"heroprimet","formatid":"gen9ou","rating":1014,"private":0,"password":""}