{"id":"gen9ou-1991717126","p1":"CJCOMIX","p2":"liaoya","format":"[Gen 9] OU","log":"|j|\u2606CJCOMIX\n|j|\u2606liaoya\n|t:|1700106338\n|gametype|singles\n|player|p1|CJCOMIX|ingo|1466\n|player|p2|liaoya|petrel|1452\n|teamsize|p1|6\n|teamsize|p2|6\n|gen|9\n|tier|[Gen 9] OU\n|rated|\n|rule|Sleep Clause Mod: Limit one foe put to sleep\n|rule|Species Clause: Limit one of each Pok\u00e9mon\n|rule|OHKO Clause: OHKO moves are banned\n|rule|Evasion Items Clause: Evasion items are banned\n|rule|Evasion Moves Clause: Evasion moves are banned\n|rule|Endless Battle Clause: Forcing endless battles is banned\n|rule|HP Percentage Mod: HP is shown in percentages\n|clearpoke\n|poke|p1|Greninja-*, M|\n|poke|p1|Thundurus-Therian, M|\n|poke|p1|Torkoal, M|\n|poke|p1|Great Tusk|\n|poke|p1|Breloom, F|\n|poke|p1|Ceruledge, M|\n|poke|p2|Drifblim, F|\n|poke|p2|Garganacl, F|\n|poke|p2|Umbreon, M|\n|poke|p2|Rotom-Wash|\n|poke|p2|Glimmora, F|\n|poke|p2|Espeon, F|\n|teampreview\n|inactive|Battle timer is ON: inactive players will automatically lose when time's up. (requested by liaoya)\n|\n|t:|1700106346\n|start\n|switch|p1a: Convert 2 ISLAM|Great Tusk|100\/100\n|switch|p2a: Rotom|Rotom-Wash|100\/100\n|turn|1\n|\n|t:|1700106351\n|move|p1a: Convert 2 ISLAM|Close Combat|p2a: Rotom\n|-damage|p2a: Rotom|27\/100\n|-unboost|p1a: Convert 2 ISLAM|def|1\n|-unboost|p1a: Convert 2 ISLAM|spd|1\n|move|p2a: Rotom|Hydro Pump|p1a: Convert 2 ISLAM\n|-supereffective|p1a: Convert 2 ISLAM\n|-damage|p1a: Convert 2 ISLAM|0 fnt\n|faint|p1a: Convert 2 ISLAM\n|-end|p1a: Convert 2 ISLAM|Protosynthesis|[silent]\n|\n|upkeep\n|\n|t:|1700106357\n|switch|p1a: Ningen|Greninja, M|100\/100\n|turn|2\n|\n|t:|1700106362\n|switch|p2a: Umbreon|Umbreon, M, shiny|100\/100\n|move|p1a: Ningen|Surf|p2a: Umbreon\n|-damage|p2a: Umbreon|76\/100\n|\n|-heal|p2a: Umbreon|82\/100|[from] item: Leftovers\n|upkeep\n|turn|3\n|\n|t:|1700106367\n|move|p1a: Ningen|U-turn|p2a: Umbreon\n|-supereffective|p2a: Umbreon\n|-damage|p2a: Umbreon|65\/100\n|\n|t:|1700106374\n|switch|p1a: Go to sleep bro|Breloom, F|100\/100|[from] U-turn\n|move|p2a: Umbreon|Wish|p2a: Umbreon\n|\n|-heal|p2a: Umbreon|71\/100|[from] item: Leftovers\n|-status|p1a: Go to sleep bro|tox|[from] item: Toxic Orb\n|upkeep\n|turn|4\n|\n|t:|1700106380\n|switch|p2a: Espeon|Espeon, F|100\/100\n|move|p1a: Go to sleep bro|Bullet Seed|p2a: Espeon\n|-damage|p2a: Espeon|84\/100\n|-crit|p2a: Espeon\n|-damage|p2a: Espeon|61\/100\n|-hitcount|p2a: Espeon|2\n|\n|-heal|p2a: Espeon|100\/100|[from] move: Wish|[wisher] Umbreon\n|upkeep\n|turn|5\n|\n|t:|1700106390\n|switch|p1a: sweaty balls|Torkoal, M|100\/100\n|-weather|SunnyDay|[from] ability: Drought|[of] p1a: sweaty balls\n|move|p2a: Espeon|Trick|p1a: sweaty balls\n|-activate|p2a: Espeon|move: Trick|[of] p1a: sweaty balls\n|-item|p1a: sweaty balls|Choice Scarf|[from] move: Trick\n|-item|p2a: Espeon|Leftovers|[from] move: Trick\n|\n|-weather|SunnyDay|[upkeep]\n|upkeep\n|turn|6\n|\n|t:|1700106397\n|move|p2a: Espeon|Psyshock|p1a: sweaty balls\n|-damage|p1a: sweaty balls|80\/100\n|move|p1a: sweaty balls|Lava Plume|p2a: Espeon\n|-damage|p2a: Espeon|68\/100\n|\n|-weather|SunnyDay|[upkeep]\n|-heal|p2a: Espeon|74\/100|[from] item: Leftovers\n|upkeep\n|turn|7\n|\n|t:|1700106407\n|switch|p1a: Ningen|Greninja, M|100\/100\n|move|p2a: Espeon|Dazzling Gleam|p1a: Ningen\n|-supereffective|p1a: Ningen\n|-crit|p1a: Ningen\n|-damage|p1a: Ningen|23\/100\n|\n|-weather|SunnyDay|[upkeep]\n|-heal|p2a: Espeon|80\/100|[from] item: Leftovers\n|upkeep\n|turn|8\n|\n|t:|1700106412\n|switch|p2a: Umbreon|Umbreon, M, shiny|71\/100\n|move|p1a: Ningen|Dark Pulse|p2a: Umbreon\n|-resisted|p2a: Umbreon\n|-damage|p2a: Umbreon|59\/100\n|\n|-weather|SunnyDay|[upkeep]\n|-heal|p2a: Umbreon|65\/100|[from] item: Leftovers\n|upkeep\n|turn|9\n|\n|t:|1700106415\n|move|p1a: Ningen|U-turn|p2a: Umbreon\n|-supereffective|p2a: Umbreon\n|-damage|p2a: Umbreon|48\/100\n|\n|t:|1700106423\n|switch|p1a: Go to sleep bro|Breloom, F|100\/100 tox|[from] U-turn\n|move|p2a: Umbreon|Wish|p2a: Umbreon\n|\n|-weather|none\n|-heal|p2a: Umbreon|54\/100|[from] item: Leftovers\n|upkeep\n|turn|10\n|\n|t:|1700106435\n|switch|p2a: Espeon|Espeon, F|80\/100\n|move|p1a: Go to sleep bro|Bullet Seed|p2a: Espeon\n|-damage|p2a: Espeon|64\/100\n|-damage|p2a: Espeon|47\/100\n|-hitcount|p2a: Espeon|2\n|\n|-heal|p2a: Espeon|100\/100|[from] move: Wish|[wisher] Umbreon\n|upkeep\n|turn|11\n|\n|t:|1700106447\n|switch|p1a: black lives matter|Ceruledge, M|100\/100\n|move|p2a: Espeon|Dazzling Gleam|p1a: black lives matter\n|-resisted|p1a: black lives matter\n|-damage|p1a: black lives matter|88\/100\n|\n|-heal|p1a: black lives matter|94\/100|[from] item: Leftovers\n|upkeep\n|turn|12\n|\n|t:|1700106464\n|switch|p2a: Glimmora|Glimmora, F|100\/100\n|move|p1a: black lives matter|Bulk Up|p1a: black lives matter\n|-boost|p1a: black lives matter|atk|1\n|-boost|p1a: black lives matter|def|1\n|\n|-heal|p1a: black lives matter|99\/100|[from] item: Leftovers\n|upkeep\n|turn|13\n|\n|t:|1700106475\n|-terastallize|p1a: black lives matter|Bug\n|move|p1a: black lives matter|Close Combat|p2a: Glimmora\n|-damage|p2a: Glimmora|49\/100\n|-unboost|p1a: black lives matter|def|1\n|-unboost|p1a: black lives matter|spd|1\n|-activate|p2a: Glimmora|ability: Toxic Debris\n|-sidestart|p1: CJCOMIX|move: Toxic Spikes\n|move|p2a: Glimmora|Mortal Spin|p1a: black lives matter\n|-damage|p1a: black lives matter|94\/100\n|-status|p1a: black lives matter|psn\n|\n|-heal|p1a: black lives matter|99\/100 psn|[from] item: Leftovers\n|-damage|p1a: black lives matter|87\/100 psn|[from] psn\n|upkeep\n|turn|14\n|\n|t:|1700106487\n|move|p1a: black lives matter|Bulk Up|p1a: black lives matter\n|-boost|p1a: black lives matter|atk|1\n|-boost|p1a: black lives matter|def|1\n|move|p2a: Glimmora|Light Screen|p2a: Glimmora\n|-sidestart|p2: liaoya|move: Light Screen\n|\n|-heal|p1a: black lives matter|94\/100 psn|[from] item: Leftovers\n|-damage|p1a: black lives matter|81\/100 psn|[from] psn\n|upkeep\n|turn|15\n|\n|t:|1700106492\n|move|p2a: Glimmora|Stealth Rock|p1a: black lives matter\n|-sidestart|p1: CJCOMIX|move: Stealth Rock\n|move|p1a: black lives matter|Close Combat|p2a: Glimmora\n|-damage|p2a: Glimmora|0 fnt\n|-unboost|p1a: black lives matter|def|1\n|-unboost|p1a: black lives matter|spd|1\n|-activate|p2a: Glimmora|ability: Toxic Debris\n|-sidestart|p1: CJCOMIX|move: Toxic Spikes\n|faint|p2a: Glimmora\n|\n|-heal|p1a: black lives matter|87\/100 psn|[from] item: Leftovers\n|-damage|p1a: black lives matter|75\/100 psn|[from] psn\n|upkeep\n|\n|t:|1700106497\n|switch|p2a: Garganacl|Garganacl, F, shiny|100\/100\n|turn|16\n|\n|t:|1700106500\n|-terastallize|p2a: Garganacl|Ghost\n|move|p1a: black lives matter|Close Combat|p2a: Garganacl\n|-immune|p2a: Garganacl\n|move|p2a: Garganacl|Iron Defense|p2a: Garganacl\n|-boost|p2a: Garganacl|def|2\n|\n|-heal|p1a: black lives matter|81\/100 psn|[from] item: Leftovers\n|-damage|p1a: black lives matter|69\/100 psn|[from] psn\n|upkeep\n|turn|17\n|\n|t:|1700106505\n|move|p1a: black lives matter|Bitter Blade|p2a: Garganacl\n|-damage|p2a: Garganacl|69\/100\n|-heal|p1a: black lives matter|91\/100 psn|[from] drain|[of] p2a: Garganacl\n|move|p2a: Garganacl|Salt Cure|p1a: black lives matter\n|-supereffective|p1a: black lives matter\n|-damage|p1a: black lives matter|55\/100 psn\n|-start|p1a: black lives matter|Salt Cure\n|\n|-heal|p1a: black lives matter|61\/100 psn|[from] item: Leftovers\n|-heal|p2a: Garganacl|75\/100|[from] item: Leftovers\n|-damage|p1a: black lives matter|49\/100 psn|[from] psn\n|-damage|p1a: black lives matter|36\/100 psn|[from] Salt Cure\n|upkeep\n|turn|18\n|\n|t:|1700106510\n|move|p1a: black lives matter|Bitter Blade|p2a: Garganacl\n|-damage|p2a: Garganacl|44\/100\n|-heal|p1a: black lives matter|58\/100 psn|[from] drain|[of] p2a: Garganacl\n|move|p2a: Garganacl|Recover|p2a: Garganacl\n|-heal|p2a: Garganacl|94\/100\n|\n|-heal|p1a: black lives matter|64\/100 psn|[from] item: Leftovers\n|-heal|p2a: Garganacl|99\/100|[from] item: Leftovers\n|-damage|p1a: black lives matter|52\/100 psn|[from] psn\n|-damage|p1a: black lives matter|40\/100 psn|[from] Salt Cure\n|-sideend|p2: liaoya|move: Light Screen\n|upkeep\n|turn|19\n|\n|t:|1700106515\n|move|p1a: black lives matter|Bitter Blade|p2a: Garganacl\n|-damage|p2a: Garganacl|66\/100\n|-heal|p1a: black lives matter|63\/100 psn|[from] drain|[of] p2a: Garganacl\n|move|p2a: Garganacl|Iron Defense|p2a: Garganacl\n|-boost|p2a: Garganacl|def|2\n|\n|-heal|p1a: black lives matter|70\/100 psn|[from] item: Leftovers\n|-heal|p2a: Garganacl|72\/100|[from] item: Leftovers\n|-damage|p1a: black lives matter|57\/100 psn|[from] psn\n|-damage|p1a: black lives matter|45\/100 psn|[from] Salt Cure\n|upkeep\n|turn|20\n|\n|t:|1700106519\n|move|p1a: black lives matter|Bulk Up|p1a: black lives matter\n|-boost|p1a: black lives matter|atk|1\n|-boost|p1a: black lives matter|def|1\n|move|p2a: Garganacl|Recover|p2a: Garganacl\n|-heal|p2a: Garganacl|100\/100\n|\n|-heal|p1a: black lives matter|51\/100 psn|[from] item: Leftovers\n|-damage|p1a: black lives matter|39\/100 psn|[from] psn\n|-damage|p1a: black lives matter|26\/100 psn|[from] Salt Cure\n|upkeep\n|turn|21\n|\n|t:|1700106522\n|move|p1a: black lives matter|Bitter Blade|p2a: Garganacl\n|-damage|p2a: Garganacl|71\/100\n|-heal|p1a: black lives matter|47\/100 psn|[from] drain|[of] p2a: Garganacl\n|move|p2a: Garganacl|Salt Cure|p1a: black lives matter\n|-supereffective|p1a: black lives matter\n|-damage|p1a: black lives matter|26\/100 psn\n|\n|-heal|p1a: black lives matter|32\/100 psn|[from] item: Leftovers\n|-heal|p2a: Garganacl|77\/100|[from] item: Leftovers\n|-damage|p1a: black lives matter|20\/100 psn|[from] psn\n|-damage|p1a: black lives matter|7\/100 psn|[from] Salt Cure\n|upkeep\n|turn|22\n|\n|t:|1700106527\n|move|p1a: black lives matter|Bitter Blade|p2a: Garganacl\n|-damage|p2a: Garganacl|47\/100\n|-heal|p1a: black lives matter|29\/100 psn|[from] drain|[of] p2a: Garganacl\n|move|p2a: Garganacl|Recover|p2a: Garganacl\n|-heal|p2a: Garganacl|97\/100\n|\n|-heal|p1a: black lives matter|35\/100 psn|[from] item: Leftovers\n|-heal|p2a: Garganacl|100\/100|[from] item: Leftovers\n|-damage|p1a: black lives matter|22\/100 psn|[from] psn\n|-damage|p1a: black lives matter|10\/100 psn|[from] Salt Cure\n|upkeep\n|turn|23\n|\n|t:|1700106532\n|move|p1a: black lives matter|Bulk Up|p1a: black lives matter\n|-boost|p1a: black lives matter|atk|1\n|-boost|p1a: black lives matter|def|1\n|move|p2a: Garganacl|Iron Defense|p2a: Garganacl\n|-boost|p2a: Garganacl|def|2\n|\n|-heal|p1a: black lives matter|16\/100 psn|[from] item: Leftovers\n|-damage|p1a: black lives matter|4\/100 psn|[from] psn\n|-damage|p1a: black lives matter|0 fnt|[from] Salt Cure\n|faint|p1a: black lives matter\n|upkeep\n|\n|t:|1700106540\n|switch|p1a: Ningen|Greninja, M|23\/100\n|-status|p1a: Ningen|tox\n|-damage|p1a: Ningen|11\/100 tox|[from] Stealth Rock\n|turn|24\n|\n|t:|1700106550\n|move|p1a: Ningen|Dark Pulse|p2a: Garganacl\n|-supereffective|p2a: Garganacl\n|-damage|p2a: Garganacl|55\/100\n|cant|p2a: Garganacl|flinch\n|\n|-heal|p2a: Garganacl|62\/100|[from] item: Leftovers\n|-damage|p1a: Ningen|5\/100 tox|[from] psn\n|upkeep\n|turn|25\n|\n|t:|1700106555\n|move|p1a: Ningen|Dark Pulse|p2a: Garganacl\n|-supereffective|p2a: Garganacl\n|-damage|p2a: Garganacl|12\/100\n|move|p2a: Garganacl|Recover|p2a: Garganacl\n|-heal|p2a: Garganacl|62\/100\n|\n|-heal|p2a: Garganacl|68\/100|[from] item: Leftovers\n|-damage|p1a: Ningen|0 fnt|[from] psn\n|faint|p1a: Ningen\n|upkeep\n|\n|t:|1700106572\n|switch|p1a: Go to sleep bro|Breloom, F|100\/100 tox\n|-damage|p1a: Go to sleep bro|94\/100 tox|[from] Stealth Rock\n|turn|26\n|\n|t:|1700106578\n|move|p1a: Go to sleep bro|Swords Dance|p1a: Go to sleep bro\n|-boost|p1a: Go to sleep bro|atk|2\n|move|p2a: Garganacl|Body Press|p1a: Go to sleep bro\n|-damage|p1a: Go to sleep bro|0 fnt\n|faint|p1a: Go to sleep bro\n|\n|-heal|p2a: Garganacl|75\/100|[from] item: Leftovers\n|upkeep\n|\n|t:|1700106585\n|switch|p1a: Devious divinity|Thundurus-Therian, M|100\/100\n|-damage|p1a: Devious divinity|76\/100|[from] Stealth Rock\n|turn|27\n|\n|t:|1700106588\n|move|p1a: Devious divinity|Thunderbolt|p2a: Garganacl\n|-damage|p2a: Garganacl|40\/100\n|move|p2a: Garganacl|Salt Cure|p1a: Devious divinity\n|-supereffective|p1a: Devious divinity\n|-damage|p1a: Devious divinity|32\/100\n|-start|p1a: Devious divinity|Salt Cure\n|\n|-heal|p1a: Devious divinity|38\/100|[from] item: Leftovers\n|-heal|p2a: Garganacl|46\/100|[from] item: Leftovers\n|-damage|p1a: Devious divinity|25\/100|[from] Salt Cure\n|upkeep\n|turn|28\n|\n|t:|1700106591\n|move|p1a: Devious divinity|Thunderbolt|p2a: Garganacl\n|-damage|p2a: Garganacl|12\/100\n|move|p2a: Garganacl|Recover|p2a: Garganacl\n|-heal|p2a: Garganacl|62\/100\n|\n|-heal|p1a: Devious divinity|31\/100|[from] item: Leftovers\n|-heal|p2a: Garganacl|68\/100|[from] item: Leftovers\n|-damage|p1a: Devious divinity|19\/100|[from] Salt Cure\n|upkeep\n|turn|29\n|\n|t:|1700106595\n|move|p1a: Devious divinity|Thunderbolt|p2a: Garganacl\n|-damage|p2a: Garganacl|35\/100\n|move|p2a: Garganacl|Recover|p2a: Garganacl\n|-heal|p2a: Garganacl|85\/100\n|\n|-heal|p1a: Devious divinity|25\/100|[from] item: Leftovers\n|-heal|p2a: Garganacl|91\/100|[from] item: Leftovers\n|-damage|p1a: Devious divinity|13\/100|[from] Salt Cure\n|upkeep\n|turn|30\n|\n|t:|1700106598\n|move|p1a: Devious divinity|Thunderbolt|p2a: Garganacl\n|-damage|p2a: Garganacl|58\/100\n|move|p2a: Garganacl|Recover|p2a: Garganacl\n|-heal|p2a: Garganacl|100\/100\n|\n|-heal|p1a: Devious divinity|19\/100|[from] item: Leftovers\n|-damage|p1a: Devious divinity|6\/100|[from] Salt Cure\n|upkeep\n|turn|31\n|\n|t:|1700106603\n|move|p1a: Devious divinity|Thunderbolt|p2a: Garganacl\n|-damage|p2a: Garganacl|65\/100\n|move|p2a: Garganacl|Recover|p2a: Garganacl\n|-heal|p2a: Garganacl|100\/100\n|\n|-heal|p1a: Devious divinity|12\/100|[from] item: Leftovers\n|-damage|p1a: Devious divinity|0 fnt|[from] Salt Cure\n|faint|p1a: Devious divinity\n|upkeep\n|\n|t:|1700106605\n|switch|p1a: sweaty balls|Torkoal, M|80\/100\n|-status|p1a: sweaty balls|tox\n|-damage|p1a: sweaty balls|55\/100 tox|[from] Stealth Rock\n|-weather|SunnyDay|[from] ability: Drought|[of] p1a: sweaty balls\n|turn|32\n|\n|t:|1700106608\n|move|p1a: sweaty balls|Lava Plume|p2a: Garganacl\n|-damage|p2a: Garganacl|75\/100\n|move|p2a: Garganacl|Salt Cure|p1a: sweaty balls\n|-supereffective|p1a: sweaty balls\n|-damage|p1a: sweaty balls|38\/100 tox\n|-start|p1a: sweaty balls|Salt Cure\n|\n|-weather|SunnyDay|[upkeep]\n|-heal|p2a: Garganacl|81\/100|[from] item: Leftovers\n|-damage|p1a: sweaty balls|32\/100 tox|[from] psn\n|-damage|p1a: sweaty balls|20\/100 tox|[from] Salt Cure\n|upkeep\n|turn|33\n|\n|t:|1700106612\n|move|p1a: sweaty balls|Lava Plume|p2a: Garganacl\n|-damage|p2a: Garganacl|57\/100\n|move|p2a: Garganacl|Body Press|p1a: sweaty balls\n|-damage|p1a: sweaty balls|0 fnt\n|faint|p1a: sweaty balls\n|\n|win|liaoya\n|raw|CJCOMIX's rating: 1466 &rarr; <strong>1445<\/strong><br \/>(-21 for losing)\n|raw|liaoya's rating: 1452 &rarr; <strong>1473<\/strong><br \/>(+21 for winning)\n","uploadtime":1700106615,"views":7,"p1id":"cjcomix","p2id":"liaoya","formatid":"gen9ou","rating":1445,"private":0,"password":""}