{"id":"gen9ou-2000529854","p1":"PookieShmookieBear","p2":"testing a funni3","format":"[Gen 9] OU","log":"|j|\u2606PookieShmookieBear\n|j|\u2606testing a funni3\n|t:|1701202618\n|gametype|singles\n|player|p1|PookieShmookieBear|iris-gen5bw2|1480\n|player|p2|testing a funni3|unknownf|1492\n|teamsize|p1|6\n|teamsize|p2|6\n|gen|9\n|tier|[Gen 9] OU\n|rated|\n|rule|Sleep Clause Mod: Limit one foe put to sleep\n|rule|Species Clause: Limit one of each Pok\u00e9mon\n|rule|OHKO Clause: OHKO moves are banned\n|rule|Evasion Items Clause: Evasion items are banned\n|rule|Evasion Moves Clause: Evasion moves are banned\n|rule|Endless Battle Clause: Forcing endless battles is banned\n|rule|HP Percentage Mod: HP is shown in percentages\n|clearpoke\n|poke|p1|Ursaluna, M|\n|poke|p1|Dragapult, M|\n|poke|p1|Gholdengo|\n|poke|p1|Walking Wake|\n|poke|p1|Cinderace, M|\n|poke|p1|Rillaboom, F|\n|poke|p2|Walking Wake|\n|poke|p2|Maushold-Four|\n|poke|p2|Dragonite, F|\n|poke|p2|Weezing-Galar, F|\n|poke|p2|Great Tusk|\n|poke|p2|Muk-Alola, F|\n|teampreview\n|\n|t:|1701202657\n|start\n|switch|p1a: Cinderace|Cinderace, M|100\/100\n|switch|p2a: Walking Wake|Walking Wake|100\/100\n|turn|1\n|inactive|Battle timer is ON: inactive players will automatically lose when time's up. (requested by PookieShmookieBear)\n|\n|t:|1701202678\n|move|p2a: Walking Wake|Hydro Steam|p1a: Cinderace\n|-supereffective|p1a: Cinderace\n|-damage|p1a: Cinderace|0 fnt\n|faint|p1a: Cinderace\n|\n|upkeep\n|inactive|PookieShmookieBear has 120 seconds left.\n|\n|t:|1701202710\n|switch|p1a: Walking Wake|Walking Wake|100\/100\n|-enditem|p1a: Walking Wake|Booster Energy\n|-activate|p1a: Walking Wake|ability: Protosynthesis|[fromitem]\n|-start|p1a: Walking Wake|protosynthesisspa\n|turn|2\n|\n|t:|1701202716\n|-end|p2a: Walking Wake|Protosynthesis|[silent]\n|switch|p2a: Wheezing Stache|Weezing-Galar, F|100\/100\n|move|p1a: Walking Wake|Hydro Steam|p2a: Wheezing Stache\n|-damage|p2a: Wheezing Stache|1\/100\n|\n|upkeep\n|turn|3\n|\n|t:|1701202729\n|move|p1a: Walking Wake|Hydro Steam|p2a: Wheezing Stache\n|-damage|p2a: Wheezing Stache|0 fnt\n|faint|p2a: Wheezing Stache\n|\n|upkeep\n|\n|t:|1701202731\n|switch|p2a: Walking Wake|Walking Wake|100\/100\n|turn|4\n|\n|t:|1701202757\n|move|p2a: Walking Wake|Draco Meteor|p1a: Walking Wake\n|-supereffective|p1a: Walking Wake\n|-damage|p1a: Walking Wake|0 fnt\n|-unboost|p2a: Walking Wake|spa|2\n|faint|p1a: Walking Wake\n|-end|p1a: Walking Wake|Protosynthesis|[silent]\n|\n|upkeep\n|inactive|PookieShmookieBear has 120 seconds left.\n|\n|t:|1701202775\n|switch|p1a: Dragapult|Dragapult, M, shiny|100\/100\n|turn|5\n|\n|t:|1701202780\n|-end|p2a: Walking Wake|Protosynthesis|[silent]\n|switch|p2a: Lurid Blob|Muk-Alola, F|100\/100\n|move|p1a: Dragapult|Draco Meteor|p2a: Lurid Blob\n|-crit|p2a: Lurid Blob\n|-damage|p2a: Lurid Blob|21\/100\n|-unboost|p1a: Dragapult|spa|2\n|\n|-heal|p2a: Lurid Blob|27\/100|[from] item: Black Sludge\n|upkeep\n|turn|6\n|inactive|PookieShmookieBear has 120 seconds left.\n|inactive|PookieShmookieBear has 90 seconds left.\n|\n|t:|1701202836\n|move|p1a: Dragapult|Draco Meteor|p2a: Lurid Blob\n|-damage|p2a: Lurid Blob|1\/100\n|-unboost|p1a: Dragapult|spa|2\n|move|p2a: Lurid Blob|Knock Off|p1a: Dragapult\n|-supereffective|p1a: Dragapult\n|-damage|p1a: Dragapult|0 fnt\n|-enditem|p1a: Dragapult|Choice Specs|[from] move: Knock Off|[of] p2a: Lurid Blob\n|faint|p1a: Dragapult\n|\n|-heal|p2a: Lurid Blob|8\/100|[from] item: Black Sludge\n|upkeep\n|\n|t:|1701202845\n|switch|p1a: Ursaluna|Ursaluna, M, shiny|100\/100\n|turn|7\n|\n|t:|1701202851\n|switch|p2a: Maushold|Maushold-Four|100\/100\n|move|p1a: Ursaluna|Facade|p2a: Maushold\n|-damage|p2a: Maushold|31\/100\n|\n|-status|p1a: Ursaluna|brn|[from] item: Flame Orb\n|upkeep\n|turn|8\n|\n|t:|1701202859\n|move|p2a: Maushold|Population Bomb|p1a: Ursaluna\n|-damage|p1a: Ursaluna|93\/100 brn\n|-damage|p1a: Ursaluna|85\/100 brn\n|-damage|p1a: Ursaluna|78\/100 brn\n|-damage|p1a: Ursaluna|71\/100 brn\n|-damage|p1a: Ursaluna|63\/100 brn\n|-damage|p1a: Ursaluna|55\/100 brn\n|-damage|p1a: Ursaluna|47\/100 brn\n|-damage|p1a: Ursaluna|40\/100 brn\n|-damage|p1a: Ursaluna|33\/100 brn\n|-damage|p1a: Ursaluna|25\/100 brn\n|-hitcount|p1a: Ursaluna|10\n|move|p1a: Ursaluna|Drain Punch|p2a: Maushold\n|-supereffective|p2a: Maushold\n|-damage|p2a: Maushold|0 fnt\n|-heal|p1a: Ursaluna|34\/100 brn|[from] drain|[of] p2a: Maushold\n|faint|p2a: Maushold\n|\n|-damage|p1a: Ursaluna|28\/100 brn|[from] brn\n|upkeep\n|\n|t:|1701202883\n|switch|p2a: Walking Wake|Walking Wake|100\/100\n|turn|9\n|\n|t:|1701202888\n|move|p2a: Walking Wake|Hydro Steam|p1a: Ursaluna\n|-supereffective|p1a: Ursaluna\n|-damage|p1a: Ursaluna|0 fnt\n|faint|p1a: Ursaluna\n|\n|upkeep\n|\n|t:|1701202892\n|switch|p1a: Rillaboom|Rillaboom, F|100\/100\n|-fieldstart|move: Grassy Terrain|[from] ability: Grassy Surge|[of] p1a: Rillaboom\n|turn|10\n|\n|t:|1701202899\n|-end|p2a: Walking Wake|Protosynthesis|[silent]\n|switch|p2a: Lurid Blob|Muk-Alola, F|8\/100\n|move|p1a: Rillaboom|Swords Dance|p1a: Rillaboom\n|-boost|p1a: Rillaboom|atk|2\n|\n|-heal|p2a: Lurid Blob|14\/100|[from] Grassy Terrain\n|-heal|p2a: Lurid Blob|20\/100|[from] item: Black Sludge\n|upkeep\n|turn|11\n|\n|t:|1701202907\n|move|p2a: Lurid Blob|Protect|p2a: Lurid Blob\n|-singleturn|p2a: Lurid Blob|Protect\n|move|p1a: Rillaboom|Knock Off|p2a: Lurid Blob\n|-activate|p2a: Lurid Blob|move: Protect\n|\n|-heal|p2a: Lurid Blob|26\/100|[from] Grassy Terrain\n|-heal|p2a: Lurid Blob|32\/100|[from] item: Black Sludge\n|upkeep\n|turn|12\n|\n|t:|1701202916\n|move|p1a: Rillaboom|U-turn|p2a: Lurid Blob\n|-damage|p2a: Lurid Blob|0 fnt\n|faint|p2a: Lurid Blob\n|\n|t:|1701202919\n|switch|p1a: Gholdengo|Gholdengo|100\/100|[from] U-turn\n|-item|p1a: Gholdengo|Air Balloon\n|\n|upkeep\n|\n|t:|1701202940\n|switch|p2a: Great Tusk|Great Tusk|100\/100\n|turn|13\n|\n|t:|1701202946\n|move|p2a: Great Tusk|Ice Spinner|p1a: Gholdengo\n|-resisted|p1a: Gholdengo\n|-damage|p1a: Gholdengo|92\/100\n|-enditem|p1a: Gholdengo|Air Balloon\n|-fieldend|move: Grassy Terrain\n|move|p1a: Gholdengo|Nasty Plot|p1a: Gholdengo\n|-boost|p1a: Gholdengo|spa|2\n|\n|upkeep\n|turn|14\n|\n|t:|1701202958\n|-terastallize|p1a: Gholdengo|Fairy\n|move|p2a: Great Tusk|Earthquake|p1a: Gholdengo\n|-damage|p1a: Gholdengo|64\/100\n|move|p1a: Gholdengo|Make It Rain|p2a: Great Tusk\n|-damage|p2a: Great Tusk|0 fnt\n|-unboost|p1a: Gholdengo|spa|1\n|faint|p2a: Great Tusk\n|-end|p2a: Great Tusk|Protosynthesis|[silent]\n|\n|upkeep\n|\n|t:|1701202970\n|switch|p2a: Soaring Wings|Dragonite, F|100\/100\n|turn|15\n|\n|t:|1701202972\n|-terastallize|p2a: Soaring Wings|Normal\n|move|p2a: Soaring Wings|Extreme Speed|p1a: Gholdengo\n|-damage|p1a: Gholdengo|14\/100\n|move|p1a: Gholdengo|Shadow Ball|p2a: Soaring Wings\n|-immune|p2a: Soaring Wings\n|\n|upkeep\n|turn|16\n|\n|t:|1701202980\n|move|p2a: Soaring Wings|Extreme Speed|p1a: Gholdengo\n|-damage|p1a: Gholdengo|0 fnt\n|faint|p1a: Gholdengo\n|\n|upkeep\n|\n|t:|1701202984\n|switch|p1a: Rillaboom|Rillaboom, F|100\/100\n|-fieldstart|move: Grassy Terrain|[from] ability: Grassy Surge|[of] p1a: Rillaboom\n|turn|17\n|\n|t:|1701202987\n|move|p2a: Soaring Wings|Extreme Speed|p1a: Rillaboom\n|-damage|p1a: Rillaboom|20\/100\n|move|p1a: Rillaboom|Swords Dance|p1a: Rillaboom\n|-boost|p1a: Rillaboom|atk|2\n|\n|-heal|p1a: Rillaboom|26\/100|[from] Grassy Terrain\n|-heal|p1a: Rillaboom|32\/100|[from] item: Leftovers\n|upkeep\n|turn|18\n|-message|PookieShmookieBear forfeited.\n|\n|win|testing a funni3\n|raw|PookieShmookieBear's rating: 1480 &rarr; <strong>1461<\/strong><br \/>(-19 for losing)\n|raw|testing a funni3's rating: 1492 &rarr; <strong>1511<\/strong><br \/>(+19 for winning)\n|l|\u2606PookieShmookieBear\n","uploadtime":1701202998,"views":2,"p1id":"pookieshmookiebear","p2id":"testingafunni3","formatid":"gen9ou","rating":1461,"private":0,"password":""}