{"id":"gen9ou-1995752608","p1":"Sprocket0835","p2":"Nickim","format":"[Gen 9] OU","log":"|j|\u2606Sprocket0835\n|j|\u2606Nickim\n|t:|1700599870\n|gametype|singles\n|player|p1|Sprocket0835|hilbert|1298\n|player|p2|Nickim|cogita|1371\n|teamsize|p1|6\n|teamsize|p2|6\n|gen|9\n|tier|[Gen 9] OU\n|rated|\n|rule|Sleep Clause Mod: Limit one foe put to sleep\n|rule|Species Clause: Limit one of each Pok\u00e9mon\n|rule|OHKO Clause: OHKO moves are banned\n|rule|Evasion Items Clause: Evasion items are banned\n|rule|Evasion Moves Clause: Evasion moves are banned\n|rule|Endless Battle Clause: Forcing endless battles is banned\n|rule|HP Percentage Mod: HP is shown in percentages\n|clearpoke\n|poke|p1|Mamoswine, F|\n|poke|p1|Volcanion|\n|poke|p1|Zapdos|\n|poke|p1|Slowking-Galar, F|\n|poke|p1|Great Tusk|\n|poke|p1|Gholdengo|\n|poke|p2|Dragapult, F|\n|poke|p2|Rotom-Wash|\n|poke|p2|Iron Moth|\n|poke|p2|Iron Valiant|\n|poke|p2|Cresselia, F|\n|poke|p2|Great Tusk|\n|teampreview\n|\n|t:|1700599875\n|start\n|switch|p1a: Mamoswine|Mamoswine, F|100\/100\n|switch|p2a: Rotom|Rotom-Wash, shiny|100\/100\n|turn|1\n|\n|t:|1700599883\n|switch|p1a: Volcanion|Volcanion|100\/100\n|move|p2a: Rotom|Hydro Pump|p1a: Volcanion\n|-immune|p1a: Volcanion|[from] ability: Water Absorb\n|\n|upkeep\n|turn|2\n|\n|t:|1700599898\n|move|p2a: Rotom|Thunder Wave|p1a: Volcanion\n|-status|p1a: Volcanion|par\n|move|p1a: Volcanion|Steam Eruption|p2a: Rotom\n|-resisted|p2a: Rotom\n|-damage|p2a: Rotom|70\/100\n|\n|-heal|p2a: Rotom|76\/100|[from] item: Leftovers\n|upkeep\n|turn|3\n|\n|t:|1700599910\n|move|p2a: Rotom|Volt Switch|p1a: Volcanion\n|-supereffective|p1a: Volcanion\n|-damage|p1a: Volcanion|65\/100 par\n|\n|t:|1700599914\n|switch|p2a: Cresselia|Cresselia, F, shiny|100\/100|[from] Volt Switch\n|move|p1a: Volcanion|Steam Eruption|p2a: Cresselia\n|-damage|p2a: Cresselia|59\/100\n|\n|-heal|p2a: Cresselia|65\/100|[from] item: Leftovers\n|upkeep\n|turn|4\n|\n|t:|1700599921\n|switch|p1a: Gholdengo|Gholdengo|100\/100\n|move|p2a: Cresselia|Calm Mind|p2a: Cresselia\n|-boost|p2a: Cresselia|spa|1\n|-boost|p2a: Cresselia|spd|1\n|\n|-heal|p2a: Cresselia|71\/100|[from] item: Leftovers\n|upkeep\n|turn|5\n|\n|t:|1700599929\n|-terastallize|p2a: Cresselia|Poison\n|move|p1a: Gholdengo|Trick|p2a: Cresselia\n|-activate|p1a: Gholdengo|move: Trick|[of] p2a: Cresselia\n|-item|p2a: Cresselia|Choice Scarf|[from] move: Trick\n|-item|p1a: Gholdengo|Leftovers|[from] move: Trick\n|move|p2a: Cresselia|Calm Mind|p2a: Cresselia\n|-boost|p2a: Cresselia|spa|1\n|-boost|p2a: Cresselia|spd|1\n|\n|upkeep\n|turn|6\n|\n|t:|1700599943\n|switch|p2a: Rotom|Rotom-Wash, shiny|76\/100\n|move|p1a: Gholdengo|Nasty Plot|p1a: Gholdengo\n|-boost|p1a: Gholdengo|spa|2\n|\n|-heal|p2a: Rotom|82\/100|[from] item: Leftovers\n|upkeep\n|turn|7\n|\n|t:|1700599950\n|move|p1a: Gholdengo|Shadow Ball|p2a: Rotom\n|-damage|p2a: Rotom|0 fnt\n|faint|p2a: Rotom\n|\n|upkeep\n|\n|t:|1700599954\n|switch|p2a: Dragapult|Dragapult, F, shiny|100\/100\n|turn|8\n|inactive|Battle timer is ON: inactive players will automatically lose when time's up. (requested by Nickim)\n|\n|t:|1700599981\n|switch|p1a: Volcanion|Volcanion|65\/100 par\n|move|p2a: Dragapult|Shadow Ball|p1a: Volcanion\n|-crit|p1a: Volcanion\n|-damage|p1a: Volcanion|7\/100 par\n|\n|upkeep\n|turn|9\n|\n|t:|1700599988\n|move|p2a: Dragapult|Shadow Ball|p1a: Volcanion\n|-damage|p1a: Volcanion|0 fnt\n|faint|p1a: Volcanion\n|\n|upkeep\n|\n|t:|1700599991\n|switch|p1a: Mamoswine|Mamoswine, F|100\/100\n|turn|10\n|inactive|Nickim has 120 seconds left.\n|\n|t:|1700600022\n|switch|p2a: Cresselia|Cresselia, F, shiny, tera:Poison|71\/100\n|move|p1a: Mamoswine|Icicle Crash|p2a: Cresselia\n|-damage|p2a: Cresselia|37\/100\n|\n|upkeep\n|turn|11\n|\n|t:|1700600028\n|switch|p1a: Slowking|Slowking-Galar, F|100\/100\n|move|p2a: Cresselia|Moonlight|p2a: Cresselia\n|-heal|p2a: Cresselia|87\/100\n|\n|upkeep\n|turn|12\n|\n|t:|1700600041\n|switch|p2a: Dragapult|Dragapult, F, shiny|100\/100\n|move|p1a: Slowking|Future Sight|p2a: Dragapult\n|-start|p1a: Slowking|move: Future Sight\n|\n|upkeep\n|turn|13\n|\n|t:|1700600047\n|move|p2a: Dragapult|Shadow Ball|p1a: Slowking\n|-supereffective|p1a: Slowking\n|-damage|p1a: Slowking|34\/100\n|move|p1a: Slowking|Chilly Reception|p1a: Slowking\n|-weather|Snow\n|\n|t:|1700600055\n|switch|p1a: Mamoswine|Mamoswine, F|100\/100|[from] Chilly Reception\n|\n|-weather|Snow|[upkeep]\n|upkeep\n|turn|14\n|\n|t:|1700600060\n|switch|p2a: Cresselia|Cresselia, F, shiny, tera:Poison|87\/100\n|move|p1a: Mamoswine|Icicle Crash|p2a: Cresselia\n|-damage|p2a: Cresselia|57\/100\n|\n|-weather|Snow|[upkeep]\n|-end|p2a: Cresselia|move: Future Sight\n|-supereffective|p2a: Cresselia\n|-damage|p2a: Cresselia|0 fnt\n|faint|p2a: Cresselia\n|upkeep\n|\n|t:|1700600063\n|switch|p2a: Iron Valiant|Iron Valiant, shiny|100\/100\n|-enditem|p2a: Iron Valiant|Booster Energy\n|-activate|p2a: Iron Valiant|ability: Quark Drive|[fromitem]\n|-start|p2a: Iron Valiant|quarkdrivespe\n|turn|15\n|\n|t:|1700600075\n|move|p2a: Iron Valiant|Moonblast|p1a: Mamoswine\n|-damage|p1a: Mamoswine|42\/100\n|move|p1a: Mamoswine|Icicle Crash|p2a: Iron Valiant\n|-damage|p2a: Iron Valiant|51\/100\n|\n|-weather|Snow|[upkeep]\n|upkeep\n|turn|16\n|\n|t:|1700600089\n|switch|p1a: Slowking|Slowking-Galar, F|67\/100\n|move|p2a: Iron Valiant|Moonblast|p1a: Slowking\n|-resisted|p1a: Slowking\n|-damage|p1a: Slowking|56\/100\n|-unboost|p1a: Slowking|spa|1\n|\n|-weather|Snow|[upkeep]\n|upkeep\n|turn|17\n|\n|t:|1700600096\n|move|p2a: Iron Valiant|Knock Off|p1a: Slowking\n|-supereffective|p1a: Slowking\n|-damage|p1a: Slowking|0 fnt\n|-enditem|p1a: Slowking|Heavy-Duty Boots|[from] move: Knock Off|[of] p2a: Iron Valiant\n|faint|p1a: Slowking\n|\n|-weather|none\n|upkeep\n|\n|t:|1700600103\n|switch|p1a: Zapdos|Zapdos|100\/100\n|-ability|p1a: Zapdos|Pressure\n|turn|18\n|\n|t:|1700600108\n|move|p2a: Iron Valiant|Moonblast|p1a: Zapdos\n|-crit|p1a: Zapdos\n|-damage|p1a: Zapdos|24\/100\n|move|p1a: Zapdos|Hurricane|p2a: Iron Valiant|[miss]\n|-miss|p1a: Zapdos|p2a: Iron Valiant\n|\n|upkeep\n|turn|19\n|\n|t:|1700600115\n|move|p2a: Iron Valiant|Moonblast|p1a: Zapdos\n|-damage|p1a: Zapdos|0 fnt\n|faint|p1a: Zapdos\n|\n|upkeep\n|\n|t:|1700600124\n|switch|p1a: Great Tusk|Great Tusk|100\/100\n|-enditem|p1a: Great Tusk|Booster Energy\n|-activate|p1a: Great Tusk|ability: Protosynthesis|[fromitem]\n|-start|p1a: Great Tusk|protosynthesisspe\n|turn|20\n|\n|t:|1700600138\n|-end|p1a: Great Tusk|Protosynthesis|[silent]\n|switch|p1a: Mamoswine|Mamoswine, F|42\/100\n|move|p2a: Iron Valiant|Moonblast|p1a: Mamoswine\n|-damage|p1a: Mamoswine|0 fnt\n|faint|p1a: Mamoswine\n|\n|upkeep\n|\n|t:|1700600140\n|switch|p1a: Gholdengo|Gholdengo|100\/100\n|turn|21\n|\n|t:|1700600149\n|-terastallize|p1a: Gholdengo|Steel\n|move|p2a: Iron Valiant|Knock Off|p1a: Gholdengo\n|-damage|p1a: Gholdengo|67\/100\n|-enditem|p1a: Gholdengo|Leftovers|[from] move: Knock Off|[of] p2a: Iron Valiant\n|move|p1a: Gholdengo|Shadow Ball|p2a: Iron Valiant\n|-damage|p2a: Iron Valiant|0 fnt\n|faint|p2a: Iron Valiant\n|-end|p2a: Iron Valiant|Quark Drive|[silent]\n|\n|upkeep\n|\n|t:|1700600153\n|switch|p2a: Iron Moth|Iron Moth, shiny|100\/100\n|-enditem|p2a: Iron Moth|Booster Energy\n|-activate|p2a: Iron Moth|ability: Quark Drive|[fromitem]\n|-start|p2a: Iron Moth|quarkdrivespe\n|turn|22\n|\n|t:|1700600156\n|move|p2a: Iron Moth|Fiery Dance|p1a: Gholdengo\n|-supereffective|p1a: Gholdengo\n|-damage|p1a: Gholdengo|0 fnt\n|faint|p1a: Gholdengo\n|\n|upkeep\n|-message|Sprocket0835 forfeited.\n|\n|win|Nickim\n|raw|Sprocket0835's rating: 1298 &rarr; <strong>1278<\/strong><br \/>(-20 for losing)\n|raw|Nickim's rating: 1371 &rarr; <strong>1387<\/strong><br \/>(+16 for winning)\n","uploadtime":1700600163,"views":7,"p1id":"sprocket0835","p2id":"nickim","formatid":"gen9ou","rating":1278,"private":0,"password":""}