{"id":"gen9ou-1998231010","p1":"endersOverlord","p2":"OrrissTheUnsp0ken","format":"[Gen 9] OU","log":"|j|\u2606endersOverlord\n|j|\u2606OrrissTheUnsp0ken\n|t:|1700916773\n|gametype|singles\n|player|p1|endersOverlord|colress|\n|player|p2|OrrissTheUnsp0ken|colress|\n|teamsize|p1|6\n|teamsize|p2|6\n|gen|9\n|tier|[Gen 9] OU\n|rule|Sleep Clause Mod: Limit one foe put to sleep\n|rule|Species Clause: Limit one of each Pok\u00e9mon\n|rule|OHKO Clause: OHKO moves are banned\n|rule|Evasion Items Clause: Evasion items are banned\n|rule|Evasion Moves Clause: Evasion moves are banned\n|rule|Endless Battle Clause: Forcing endless battles is banned\n|rule|HP Percentage Mod: HP is shown in percentages\n|clearpoke\n|poke|p1|Rotom-Wash|\n|poke|p1|Tinkaton, F|\n|poke|p1|Iron Hands|\n|poke|p1|Hydreigon, F|\n|poke|p1|Iron Moth|\n|poke|p1|Ogerpon, F|\n|poke|p2|Tinkaton, F|\n|poke|p2|Corviknight, M|\n|poke|p2|Iron Treads|\n|poke|p2|Revavroom, M|\n|poke|p2|Gholdengo|\n|poke|p2|Hydreigon, M|\n|teampreview\n|\n|t:|1700916794\n|start\n|switch|p1a: Cal-Gone|Rotom-Wash, shiny|100\/100\n|switch|p2a: Rail Gun|Hydreigon, M, shiny|100\/100\n|turn|1\n|\n|t:|1700916801\n|-terastallize|p2a: Rail Gun|Steel\n|move|p2a: Rail Gun|Substitute|p2a: Rail Gun\n|-start|p2a: Rail Gun|Substitute\n|-damage|p2a: Rail Gun|76\/100\n|move|p1a: Cal-Gone|Electric Terrain|p1a: Cal-Gone\n|-fieldstart|move: Electric Terrain\n|\n|upkeep\n|turn|2\n|\n|t:|1700916810\n|move|p2a: Rail Gun|Nasty Plot|p2a: Rail Gun\n|-boost|p2a: Rail Gun|spa|2\n|move|p1a: Cal-Gone|Volt Switch|p2a: Rail Gun\n|-end|p2a: Rail Gun|Substitute\n|\n|t:|1700916816\n|switch|p1a: Ra-Moon|Iron Moth, shiny|100\/100|[from] Volt Switch\n|-activate|p1a: Ra-Moon|ability: Quark Drive\n|-start|p1a: Ra-Moon|quarkdrivespa\n|\n|upkeep\n|turn|3\n|\n|t:|1700916824\n|move|p1a: Ra-Moon|Fiery Dance|p2a: Rail Gun\n|-supereffective|p2a: Rail Gun\n|-damage|p2a: Rail Gun|0 fnt\n|faint|p2a: Rail Gun\n|\n|upkeep\n|\n|t:|1700916831\n|switch|p2a: Tank|Iron Treads|100\/100\n|-activate|p2a: Tank|ability: Quark Drive\n|-start|p2a: Tank|quarkdrivespe\n|turn|4\n|\n|t:|1700916839\n|-terastallize|p1a: Ra-Moon|Fire\n|move|p2a: Tank|Earthquake|p1a: Ra-Moon\n|-supereffective|p1a: Ra-Moon\n|-damage|p1a: Ra-Moon|0 fnt\n|faint|p1a: Ra-Moon\n|-end|p1a: Ra-Moon|Quark Drive|[silent]\n|\n|upkeep\n|\n|t:|1700916848\n|switch|p1a: Harmonia|Hydreigon, F|100\/100\n|turn|5\n|\n|t:|1700916852\n|move|p2a: Tank|Iron Head|p1a: Harmonia\n|-damage|p1a: Harmonia|59\/100\n|move|p1a: Harmonia|Earth Power|p2a: Tank\n|-supereffective|p2a: Tank\n|-damage|p2a: Tank|0 fnt\n|faint|p2a: Tank\n|-end|p2a: Tank|Quark Drive|[silent]\n|-damage|p1a: Harmonia|49\/100|[from] item: Life Orb\n|\n|upkeep\n|\n|t:|1700916862\n|switch|p2a: Nine-Iron|Tinkaton, F|100\/100\n|-ability|p2a: Nine-Iron|Mold Breaker\n|turn|6\n|\n|t:|1700916878\n|move|p1a: Harmonia|Earth Power|p2a: Nine-Iron\n|-supereffective|p2a: Nine-Iron\n|-damage|p2a: Nine-Iron|49\/100\n|-damage|p1a: Harmonia|39\/100|[from] item: Life Orb\n|move|p2a: Nine-Iron|Stealth Rock|p1a: Harmonia\n|-sidestart|p1: endersOverlord|move: Stealth Rock\n|\n|-heal|p2a: Nine-Iron|55\/100|[from] item: Leftovers\n|upkeep\n|turn|7\n|\n|t:|1700916887\n|move|p1a: Harmonia|Earth Power|p2a: Nine-Iron\n|-supereffective|p2a: Nine-Iron\n|-damage|p2a: Nine-Iron|5\/100\n|-damage|p1a: Harmonia|29\/100|[from] item: Life Orb\n|move|p2a: Nine-Iron|Gigaton Hammer|p1a: Harmonia\n|-damage|p1a: Harmonia|0 fnt\n|faint|p1a: Harmonia\n|\n|-heal|p2a: Nine-Iron|11\/100|[from] item: Leftovers\n|upkeep\n|\n|t:|1700916898\n|switch|p1a: Doubletap|Tinkaton, F|100\/100\n|-damage|p1a: Doubletap|94\/100|[from] Stealth Rock\n|-ability|p1a: Doubletap|Mold Breaker\n|turn|8\n|\n|t:|1700916913\n|switch|p2a: The Beast|Revavroom, M|100\/100\n|-item|p2a: The Beast|Air Balloon\n|move|p1a: Doubletap|Knock Off|p2a: The Beast\n|-damage|p2a: The Beast|77\/100\n|-enditem|p2a: The Beast|Air Balloon\n|\n|-heal|p1a: Doubletap|100\/100|[from] item: Leftovers\n|-fieldend|move: Electric Terrain\n|upkeep\n|turn|9\n|\n|t:|1700916929\n|move|p2a: The Beast|Shift Gear|p2a: The Beast\n|-boost|p2a: The Beast|spe|2\n|-boost|p2a: The Beast|atk|1\n|move|p1a: Doubletap|Thunder Wave|p2a: The Beast\n|-status|p2a: The Beast|par\n|\n|upkeep\n|turn|10\n|\n|t:|1700916936\n|move|p2a: The Beast|Bulldoze|p1a: Doubletap\n|-supereffective|p1a: Doubletap\n|-damage|p1a: Doubletap|32\/100\n|-unboost|p1a: Doubletap|spe|1\n|move|p1a: Doubletap|Gigaton Hammer|p2a: The Beast\n|-resisted|p2a: The Beast\n|-damage|p2a: The Beast|52\/100 par\n|\n|-heal|p1a: Doubletap|38\/100|[from] item: Leftovers\n|upkeep\n|turn|11\n|\n|t:|1700916946\n|switch|p1a: Cal-Gone|Rotom-Wash, shiny|100\/100\n|-damage|p1a: Cal-Gone|88\/100|[from] Stealth Rock\n|move|p2a: The Beast|Bulldoze|p1a: Cal-Gone\n|-immune|p1a: Cal-Gone|[from] ability: Levitate\n|\n|upkeep\n|turn|12\n|\n|t:|1700916955\n|move|p2a: The Beast|Iron Head|p1a: Cal-Gone\n|-resisted|p1a: Cal-Gone\n|-damage|p1a: Cal-Gone|76\/100\n|move|p1a: Cal-Gone|Hydro Pump|p2a: The Beast\n|-damage|p2a: The Beast|0 fnt\n|faint|p2a: The Beast\n|\n|upkeep\n|\n|t:|1700916965\n|switch|p2a: Electroplate|Gholdengo|100\/100\n|turn|13\n|\n|t:|1700916972\n|move|p2a: Electroplate|Trick|p1a: Cal-Gone\n|-activate|p2a: Electroplate|move: Trick|[of] p1a: Cal-Gone\n|-item|p1a: Cal-Gone|Choice Scarf|[from] move: Trick\n|-item|p2a: Electroplate|Terrain Extender|[from] move: Trick\n|move|p1a: Cal-Gone|Discharge|p2a: Electroplate\n|-damage|p2a: Electroplate|70\/100\n|-status|p2a: Electroplate|par\n|\n|upkeep\n|turn|14\n|\n|t:|1700916979\n|move|p1a: Cal-Gone|Discharge|p2a: Electroplate\n|-damage|p2a: Electroplate|35\/100 par\n|move|p2a: Electroplate|Shadow Ball|p1a: Cal-Gone\n|-damage|p1a: Cal-Gone|33\/100\n|\n|upkeep\n|turn|15\n|\n|t:|1700916986\n|move|p1a: Cal-Gone|Discharge|p2a: Electroplate\n|-damage|p2a: Electroplate|0 fnt\n|faint|p2a: Electroplate\n|\n|upkeep\n|\n|t:|1700916990\n|switch|p2a: Nine-Iron|Tinkaton, F|11\/100\n|-ability|p2a: Nine-Iron|Mold Breaker\n|turn|16\n|\n|t:|1700916996\n|move|p1a: Cal-Gone|Discharge|p2a: Nine-Iron\n|-damage|p2a: Nine-Iron|0 fnt\n|faint|p2a: Nine-Iron\n|\n|upkeep\n|\n|t:|1700917001\n|switch|p2a: Wing Nut|Corviknight, M, shiny|100\/100\n|-ability|p2a: Wing Nut|Pressure\n|turn|17\n|\n|t:|1700917009\n|move|p1a: Cal-Gone|Discharge|p2a: Wing Nut\n|-supereffective|p2a: Wing Nut\n|-damage|p2a: Wing Nut|46\/100\n|-status|p2a: Wing Nut|par\n|move|p2a: Wing Nut|Brave Bird|p1a: Cal-Gone\n|-resisted|p1a: Cal-Gone\n|-damage|p1a: Cal-Gone|20\/100\n|-damage|p2a: Wing Nut|43\/100 par|[from] Recoil\n|\n|upkeep\n|turn|18\n|\n|t:|1700917018\n|move|p1a: Cal-Gone|Discharge|p2a: Wing Nut\n|-supereffective|p2a: Wing Nut\n|-damage|p2a: Wing Nut|0 fnt\n|faint|p2a: Wing Nut\n|\n|win|endersOverlord\n|l|\u2606OrrissTheUnsp0ken\n","uploadtime":1700917102,"views":5,"p1id":"endersoverlord","p2id":"orrisstheunsp0ken","formatid":"gen9ou","rating":0,"private":0,"password":""}