{"id":"gen9ou-1994774279","p1":"gen1bino","p2":"liaoya","format":"[Gen 9] OU","log":"|j|\u2606gen1bino\n|j|\u2606liaoya\n|t:|1700491458\n|gametype|singles\n|player|p1|gen1bino|linebacker|1609\n|player|p2|liaoya|petrel|1551\n|teamsize|p1|6\n|teamsize|p2|6\n|gen|9\n|tier|[Gen 9] OU\n|rated|\n|rule|Sleep Clause Mod: Limit one foe put to sleep\n|rule|Species Clause: Limit one of each Pok\u00e9mon\n|rule|OHKO Clause: OHKO moves are banned\n|rule|Evasion Items Clause: Evasion items are banned\n|rule|Evasion Moves Clause: Evasion moves are banned\n|rule|Endless Battle Clause: Forcing endless battles is banned\n|rule|HP Percentage Mod: HP is shown in percentages\n|clearpoke\n|poke|p1|Dragonite, M|\n|poke|p1|Gholdengo|\n|poke|p1|Kingambit, F|\n|poke|p1|Ting-Lu|\n|poke|p1|Corviknight, M|\n|poke|p1|Enamorus, F|\n|poke|p2|Drifblim, F|\n|poke|p2|Garganacl, M|\n|poke|p2|Umbreon, M|\n|poke|p2|Rotom-Wash|\n|poke|p2|Glimmora, F|\n|poke|p2|Espeon, F|\n|teampreview\n|inactive|Battle timer is ON: inactive players will automatically lose when time's up. (requested by gen1bino)\n|\n|t:|1700491466\n|start\n|switch|p1a: Ting-Lu|Ting-Lu|100\/100\n|switch|p2a: Rotom|Rotom-Wash|100\/100\n|-ability|p1a: Ting-Lu|Vessel of Ruin\n|turn|1\n|\n|t:|1700491472\n|switch|p2a: Espeon|Espeon, F|100\/100\n|move|p1a: Ting-Lu|Stealth Rock|p2a: Espeon\n|move|p2a: Espeon|Stealth Rock|p1a: Ting-Lu|[from]ability: Magic Bounce\n|-sidestart|p1: gen1bino|move: Stealth Rock\n|\n|upkeep\n|turn|2\n|\n|t:|1700491476\n|move|p2a: Espeon|Trick|p1a: Ting-Lu\n|-activate|p2a: Espeon|move: Trick|[of] p1a: Ting-Lu\n|-item|p1a: Ting-Lu|Choice Scarf|[from] move: Trick\n|-item|p2a: Espeon|Red Card|[from] move: Trick\n|move|p1a: Ting-Lu|Earthquake|p2a: Espeon\n|-damage|p2a: Espeon|57\/100\n|-enditem|p2a: Espeon|Red Card|[of] p1a: Ting-Lu\n|drag|p1a: Dragonite|Dragonite, M|100\/100\n|\n|upkeep\n|turn|3\n|\n|t:|1700491494\n|switch|p2a: Umbreon|Umbreon, M, shiny|100\/100\n|switch|p1a: Corviknight|Corviknight, M|100\/100\n|-damage|p1a: Corviknight|88\/100|[from] Stealth Rock\n|-ability|p1a: Corviknight|Pressure\n|\n|-heal|p1a: Corviknight|94\/100|[from] item: Leftovers\n|upkeep\n|turn|4\n|\n|t:|1700491502\n|switch|p2a: Rotom|Rotom-Wash|100\/100\n|move|p1a: Corviknight|Defog|p2a: Rotom\n|-unboost|p2a: Rotom|evasion|1\n|-sideend|p1: gen1bino|Stealth Rock|[from] move: Defog|[of] p1a: Corviknight\n|\n|-heal|p1a: Corviknight|99\/100|[from] item: Leftovers\n|upkeep\n|turn|5\n|\n|t:|1700491513\n|switch|p1a: Ting-Lu|Ting-Lu|100\/100\n|-ability|p1a: Ting-Lu|Vessel of Ruin\n|move|p2a: Rotom|Trick|p1a: Ting-Lu\n|-activate|p2a: Rotom|move: Trick|[of] p1a: Ting-Lu\n|-item|p1a: Ting-Lu|Choice Scarf|[from] move: Trick\n|-item|p2a: Rotom|Choice Scarf|[from] move: Trick\n|\n|upkeep\n|turn|6\n|\n|t:|1700491521\n|switch|p2a: Espeon|Espeon, F|57\/100\n|move|p1a: Ting-Lu|Earthquake|p2a: Espeon\n|-damage|p2a: Espeon|14\/100\n|\n|upkeep\n|turn|7\n|\n|t:|1700491532\n|switch|p2a: Rotom|Rotom-Wash|100\/100\n|switch|p1a: Corviknight|Corviknight, M|99\/100\n|-ability|p1a: Corviknight|Pressure\n|\n|-heal|p1a: Corviknight|100\/100|[from] item: Leftovers\n|upkeep\n|turn|8\n|\n|t:|1700491536\n|switch|p1a: Ting-Lu|Ting-Lu|100\/100\n|-ability|p1a: Ting-Lu|Vessel of Ruin\n|move|p2a: Rotom|Hydro Pump|p1a: Ting-Lu\n|-supereffective|p1a: Ting-Lu\n|-damage|p1a: Ting-Lu|61\/100\n|\n|upkeep\n|turn|9\n|\n|t:|1700491542\n|switch|p2a: Espeon|Espeon, F|14\/100\n|move|p1a: Ting-Lu|Stealth Rock|p2a: Espeon\n|move|p2a: Espeon|Stealth Rock|p1a: Ting-Lu|[from]ability: Magic Bounce\n|-sidestart|p1: gen1bino|move: Stealth Rock\n|\n|upkeep\n|turn|10\n|\n|t:|1700491552\n|switch|p2a: Rotom|Rotom-Wash|100\/100\n|switch|p1a: Corviknight|Corviknight, M|100\/100\n|-damage|p1a: Corviknight|88\/100|[from] Stealth Rock\n|-ability|p1a: Corviknight|Pressure\n|\n|-heal|p1a: Corviknight|94\/100|[from] item: Leftovers\n|upkeep\n|turn|11\n|\n|t:|1700491570\n|switch|p1a: Ting-Lu|Ting-Lu|61\/100\n|-damage|p1a: Ting-Lu|54\/100|[from] Stealth Rock\n|-ability|p1a: Ting-Lu|Vessel of Ruin\n|move|p2a: Rotom|Trick|p1a: Ting-Lu\n|-activate|p2a: Rotom|move: Trick|[of] p1a: Ting-Lu\n|-item|p1a: Ting-Lu|Choice Scarf|[from] move: Trick\n|-item|p2a: Rotom|Choice Scarf|[from] move: Trick\n|\n|upkeep\n|turn|12\n|\n|t:|1700491579\n|move|p2a: Rotom|Hydro Pump|p1a: Ting-Lu|[miss]\n|-miss|p2a: Rotom|p1a: Ting-Lu\n|move|p1a: Ting-Lu|Stealth Rock|p2a: Rotom\n|-sidestart|p2: liaoya|move: Stealth Rock\n|\n|upkeep\n|turn|13\n|\n|t:|1700491582\n|switch|p1a: Corviknight|Corviknight, M|94\/100\n|-damage|p1a: Corviknight|82\/100|[from] Stealth Rock\n|-ability|p1a: Corviknight|Pressure\n|move|p2a: Rotom|Hydro Pump|p1a: Corviknight|[miss]\n|-miss|p2a: Rotom|p1a: Corviknight\n|\n|-heal|p1a: Corviknight|88\/100|[from] item: Leftovers\n|upkeep\n|turn|14\n|\n|t:|1700491591\n|move|p2a: Rotom|Hydro Pump|p1a: Corviknight\n|-damage|p1a: Corviknight|40\/100\n|move|p1a: Corviknight|Body Press|p2a: Rotom\n|-damage|p2a: Rotom|73\/100\n|\n|-heal|p1a: Corviknight|46\/100|[from] item: Leftovers\n|upkeep\n|turn|15\n|\n|t:|1700491598\n|-terastallize|p1a: Corviknight|Water\n|move|p2a: Rotom|Hydro Pump|p1a: Corviknight\n|-resisted|p1a: Corviknight\n|-damage|p1a: Corviknight|20\/100\n|move|p1a: Corviknight|Roost|p1a: Corviknight\n|-heal|p1a: Corviknight|70\/100\n|\n|-heal|p1a: Corviknight|76\/100|[from] item: Leftovers\n|upkeep\n|turn|16\n|\n|t:|1700491603\n|switch|p2a: Drifblim|Drifblim, F|100\/100\n|-damage|p2a: Drifblim|76\/100|[from] Stealth Rock\n|move|p1a: Corviknight|Defog|p2a: Drifblim\n|-unboost|p2a: Drifblim|evasion|1\n|-sideend|p2: liaoya|Stealth Rock|[from] move: Defog|[of] p1a: Corviknight\n|-sideend|p1: gen1bino|Stealth Rock|[from] move: Defog|[of] p1a: Corviknight\n|\n|-heal|p1a: Corviknight|82\/100|[from] item: Leftovers\n|upkeep\n|turn|17\n|\n|t:|1700491607\n|switch|p1a: Ting-Lu|Ting-Lu|54\/100\n|-ability|p1a: Ting-Lu|Vessel of Ruin\n|move|p2a: Drifblim|Trick|p1a: Ting-Lu\n|-activate|p2a: Drifblim|move: Trick|[of] p1a: Ting-Lu\n|-item|p1a: Ting-Lu|Choice Scarf|[from] move: Trick\n|-item|p2a: Drifblim|Choice Scarf|[from] move: Trick\n|\n|upkeep\n|turn|18\n|\n|t:|1700491612\n|switch|p2a: Espeon|Espeon, F|14\/100\n|move|p1a: Ting-Lu|Earthquake|p2a: Espeon\n|-damage|p2a: Espeon|0 fnt\n|faint|p2a: Espeon\n|\n|upkeep\n|\n|t:|1700491615\n|switch|p2a: Glimmora|Glimmora, F|100\/100\n|turn|19\n|\n|t:|1700491620\n|switch|p2a: Rotom|Rotom-Wash|73\/100\n|move|p1a: Ting-Lu|Earthquake|p2a: Rotom\n|-immune|p2a: Rotom|[from] ability: Levitate\n|\n|upkeep\n|turn|20\n|\n|t:|1700491628\n|move|p2a: Rotom|Volt Switch|p1a: Ting-Lu\n|-immune|p1a: Ting-Lu\n|move|p1a: Ting-Lu|Earthquake|p2a: Rotom\n|-immune|p2a: Rotom|[from] ability: Levitate\n|\n|upkeep\n|turn|21\n|\n|t:|1700491632\n|move|p2a: Rotom|Volt Switch|p1a: Ting-Lu\n|-immune|p1a: Ting-Lu\n|move|p1a: Ting-Lu|Earthquake|p2a: Rotom\n|-immune|p2a: Rotom|[from] ability: Levitate\n|\n|upkeep\n|turn|22\n|\n|t:|1700491642\n|move|p2a: Rotom|Volt Switch|p1a: Ting-Lu\n|-immune|p1a: Ting-Lu\n|move|p1a: Ting-Lu|Earthquake|p2a: Rotom\n|-immune|p2a: Rotom|[from] ability: Levitate\n|\n|upkeep\n|turn|23\n|\n|t:|1700491647\n|switch|p1a: Kingambit|Kingambit, F|100\/100\n|move|p2a: Rotom|Volt Switch|p1a: Kingambit\n|-damage|p1a: Kingambit|70\/100\n|\n|t:|1700491656\n|switch|p2a: Umbreon|Umbreon, M, shiny|100\/100|[from] Volt Switch\n|\n|upkeep\n|turn|24\n|\n|t:|1700491663\n|-end|p1a: Kingambit|fallenundefined|[silent]\n|switch|p1a: Ting-Lu|Ting-Lu|54\/100\n|-ability|p1a: Ting-Lu|Vessel of Ruin\n|move|p2a: Umbreon|Yawn|p1a: Ting-Lu\n|-start|p1a: Ting-Lu|move: Yawn|[of] p2a: Umbreon\n|\n|upkeep\n|turn|25\n|\n|t:|1700491685\n|switch|p2a: Glimmora|Glimmora, F|100\/100\n|move|p1a: Ting-Lu|Stealth Rock|p2a: Glimmora\n|-sidestart|p2: liaoya|move: Stealth Rock\n|\n|-end|p1a: Ting-Lu|move: Yawn|[silent]\n|-status|p1a: Ting-Lu|slp\n|upkeep\n|turn|26\n|\n|t:|1700491692\n|switch|p1a: Dragonite|Dragonite, M|100\/100\n|move|p2a: Glimmora|Light Screen|p2a: Glimmora\n|-sidestart|p2: liaoya|move: Light Screen\n|\n|upkeep\n|turn|27\n|\n|t:|1700491696\n|move|p1a: Dragonite|Earthquake|p2a: Glimmora\n|-supereffective|p2a: Glimmora\n|-enditem|p2a: Glimmora|Focus Sash\n|-damage|p2a: Glimmora|1\/100\n|-activate|p2a: Glimmora|ability: Toxic Debris\n|-sidestart|p1: gen1bino|move: Toxic Spikes\n|move|p2a: Glimmora|Mortal Spin|p1a: Dragonite\n|-damage|p1a: Dragonite|98\/100\n|-status|p1a: Dragonite|psn\n|-sideend|p2: liaoya|Stealth Rock|[from] move: Mortal Spin|[of] p2a: Glimmora\n|\n|-damage|p1a: Dragonite|85\/100 psn|[from] psn\n|upkeep\n|turn|28\n|\n|t:|1700491705\n|switch|p2a: Umbreon|Umbreon, M, shiny|100\/100\n|move|p1a: Dragonite|Ice Spinner|p2a: Umbreon\n|-damage|p2a: Umbreon|81\/100\n|\n|-heal|p2a: Umbreon|87\/100|[from] item: Leftovers\n|-damage|p1a: Dragonite|73\/100 psn|[from] psn\n|upkeep\n|turn|29\n|\n|t:|1700491711\n|switch|p1a: Corviknight|Corviknight, M, tera:Water|82\/100\n|-status|p1a: Corviknight|psn\n|-ability|p1a: Corviknight|Pressure\n|move|p2a: Umbreon|Wish|p2a: Umbreon\n|\n|-heal|p1a: Corviknight|88\/100 psn|[from] item: Leftovers\n|-heal|p2a: Umbreon|93\/100|[from] item: Leftovers\n|-damage|p1a: Corviknight|76\/100 psn|[from] psn\n|upkeep\n|turn|30\n|\n|t:|1700491717\n|switch|p2a: Rotom|Rotom-Wash|73\/100\n|move|p1a: Corviknight|Defog|p2a: Rotom\n|-unboost|p2a: Rotom|evasion|1\n|-sideend|p2: liaoya|move: Light Screen\n|-sideend|p1: gen1bino|Toxic Spikes|[from] move: Defog|[of] p1a: Corviknight\n|\n|-heal|p2a: Rotom|100\/100|[from] move: Wish|[wisher] Umbreon\n|-heal|p1a: Corviknight|82\/100 psn|[from] item: Leftovers\n|-damage|p1a: Corviknight|70\/100 psn|[from] psn\n|upkeep\n|turn|31\n|\n|t:|1700491725\n|switch|p1a: Ting-Lu|Ting-Lu|54\/100 slp\n|-ability|p1a: Ting-Lu|Vessel of Ruin\n|move|p2a: Rotom|Will-O-Wisp|p1a: Ting-Lu|[miss]\n|-miss|p2a: Rotom|p1a: Ting-Lu\n|\n|upkeep\n|turn|32\n|\n|t:|1700491731\n|switch|p2a: Garganacl|Garganacl, M, shiny|100\/100\n|cant|p1a: Ting-Lu|slp\n|\n|upkeep\n|turn|33\n|\n|t:|1700491735\n|cant|p1a: Ting-Lu|slp\n|move|p2a: Garganacl|Iron Defense|p2a: Garganacl\n|-boost|p2a: Garganacl|def|2\n|\n|upkeep\n|turn|34\n|\n|t:|1700491738\n|move|p2a: Garganacl|Body Press|p1a: Ting-Lu\n|-supereffective|p1a: Ting-Lu\n|-damage|p1a: Ting-Lu|7\/100 slp\n|cant|p1a: Ting-Lu|slp\n|\n|upkeep\n|turn|35\n|\n|t:|1700491751\n|-curestatus|p1a: Ting-Lu|slp|[msg]\n|move|p1a: Ting-Lu|Stealth Rock|p2a: Garganacl\n|-sidestart|p2: liaoya|move: Stealth Rock\n|move|p2a: Garganacl|Salt Cure|p1a: Ting-Lu\n|-resisted|p1a: Ting-Lu\n|-damage|p1a: Ting-Lu|4\/100\n|-start|p1a: Ting-Lu|Salt Cure\n|\n|-damage|p1a: Ting-Lu|0 fnt|[from] Salt Cure\n|faint|p1a: Ting-Lu\n|upkeep\n|\n|t:|1700491757\n|switch|p1a: Gholdengo|Gholdengo|100\/100\n|-item|p1a: Gholdengo|Air Balloon\n|turn|36\n|\n|t:|1700491762\n|-terastallize|p2a: Garganacl|Ghost\n|move|p1a: Gholdengo|Nasty Plot|p1a: Gholdengo\n|-boost|p1a: Gholdengo|spa|2\n|move|p2a: Garganacl|Salt Cure|p1a: Gholdengo\n|-resisted|p1a: Gholdengo\n|-damage|p1a: Gholdengo|92\/100\n|-start|p1a: Gholdengo|Salt Cure\n|-enditem|p1a: Gholdengo|Air Balloon\n|\n|-damage|p1a: Gholdengo|67\/100|[from] Salt Cure\n|upkeep\n|turn|37\n|\n|t:|1700491775\n|switch|p2a: Rotom|Rotom-Wash|100\/100\n|-damage|p2a: Rotom|88\/100|[from] Stealth Rock\n|move|p1a: Gholdengo|Make It Rain|p2a: Rotom\n|-resisted|p2a: Rotom\n|-damage|p2a: Rotom|56\/100\n|-unboost|p1a: Gholdengo|spa|1\n|\n|-damage|p1a: Gholdengo|42\/100|[from] Salt Cure\n|upkeep\n|turn|38\n|\n|t:|1700491788\n|switch|p1a: Corviknight|Corviknight, M, tera:Water|70\/100 psn\n|-ability|p1a: Corviknight|Pressure\n|move|p2a: Rotom|Volt Switch|p1a: Corviknight\n|-supereffective|p1a: Corviknight\n|-damage|p1a: Corviknight|14\/100 psn\n|\n|t:|1700491796\n|switch|p2a: Drifblim|Drifblim, F|76\/100|[from] Volt Switch\n|-damage|p2a: Drifblim|51\/100|[from] Stealth Rock\n|\n|-heal|p1a: Corviknight|20\/100 psn|[from] item: Leftovers\n|-damage|p1a: Corviknight|8\/100 psn|[from] psn\n|upkeep\n|turn|39\n|\n|t:|1700491802\n|move|p2a: Drifblim|Defog|p1a: Corviknight\n|-unboost|p1a: Corviknight|evasion|1\n|-sideend|p2: liaoya|Stealth Rock|[from] move: Defog|[of] p2a: Drifblim\n|move|p1a: Corviknight|Brave Bird|p2a: Drifblim\n|-damage|p2a: Drifblim|0 fnt\n|-damage|p1a: Corviknight|0 fnt|[from] ability: Aftermath|[of] p2a: Drifblim\n|faint|p2a: Drifblim\n|faint|p1a: Corviknight\n|\n|upkeep\n|\n|t:|1700491817\n|switch|p2a: Garganacl|Garganacl, M, shiny, tera:Ghost|100\/100\n|switch|p1a: Kingambit|Kingambit, F|70\/100\n|-activate|p1a: Kingambit|ability: Supreme Overlord\n|-start|p1a: Kingambit|fallen2|[silent]\n|turn|40\n|\n|t:|1700491827\n|-end|p1a: Kingambit|fallen2|[silent]\n|switch|p1a: Gholdengo|Gholdengo|42\/100\n|switch|p2a: Glimmora|Glimmora, F|1\/100\n|\n|upkeep\n|turn|41\n|\n|t:|1700491834\n|switch|p2a: Rotom|Rotom-Wash|56\/100\n|move|p1a: Gholdengo|Shadow Ball|p2a: Rotom\n|-damage|p2a: Rotom|9\/100\n|\n|upkeep\n|turn|42\n|\n|t:|1700491839\n|move|p2a: Rotom|Volt Switch|p1a: Gholdengo\n|-damage|p1a: Gholdengo|7\/100\n|\n|t:|1700491846\n|switch|p2a: Umbreon|Umbreon, M, shiny|93\/100|[from] Volt Switch\n|move|p1a: Gholdengo|Shadow Ball|p2a: Umbreon\n|-resisted|p2a: Umbreon\n|-damage|p2a: Umbreon|81\/100\n|\n|-heal|p2a: Umbreon|87\/100|[from] item: Leftovers\n|upkeep\n|turn|43\n|\n|t:|1700491852\n|switch|p1a: Enamorus|Enamorus, F|100\/100\n|move|p2a: Umbreon|Foul Play|p1a: Enamorus\n|-resisted|p1a: Enamorus\n|-damage|p1a: Enamorus|79\/100\n|\n|-heal|p2a: Umbreon|93\/100|[from] item: Leftovers\n|upkeep\n|turn|44\n|\n|t:|1700491857\n|move|p1a: Enamorus|Moonblast|p2a: Umbreon\n|-supereffective|p2a: Umbreon\n|-damage|p2a: Umbreon|30\/100\n|move|p2a: Umbreon|Yawn|p1a: Enamorus\n|-start|p1a: Enamorus|move: Yawn|[of] p2a: Umbreon\n|\n|-heal|p2a: Umbreon|36\/100|[from] item: Leftovers\n|upkeep\n|turn|45\n|\n|t:|1700491863\n|switch|p1a: Dragonite|Dragonite, M|73\/100 psn\n|move|p2a: Umbreon|Wish|p2a: Umbreon\n|\n|-heal|p2a: Umbreon|42\/100|[from] item: Leftovers\n|-damage|p1a: Dragonite|61\/100 psn|[from] psn\n|upkeep\n|turn|46\n|\n|t:|1700491868\n|switch|p1a: Enamorus|Enamorus, F|79\/100\n|move|p2a: Umbreon|Protect||[still]\n|-fail|p2a: Umbreon\n|\n|-heal|p2a: Umbreon|92\/100|[from] move: Wish|[wisher] Umbreon\n|-heal|p2a: Umbreon|98\/100|[from] item: Leftovers\n|upkeep\n|turn|47\n|\n|t:|1700491886\n|switch|p2a: Garganacl|Garganacl, M, shiny, tera:Ghost|100\/100\n|move|p1a: Enamorus|Moonblast|p2a: Garganacl\n|-damage|p2a: Garganacl|65\/100\n|\n|-heal|p2a: Garganacl|71\/100|[from] item: Leftovers\n|upkeep\n|turn|48\n|\n|t:|1700491892\n|switch|p1a: Dragonite|Dragonite, M|61\/100 psn\n|move|p2a: Garganacl|Salt Cure|p1a: Dragonite\n|-supereffective|p1a: Dragonite\n|-damage|p1a: Dragonite|31\/100 psn\n|-start|p1a: Dragonite|Salt Cure\n|\n|-heal|p2a: Garganacl|77\/100|[from] item: Leftovers\n|-damage|p1a: Dragonite|18\/100 psn|[from] psn\n|-damage|p1a: Dragonite|6\/100 psn|[from] Salt Cure\n|upkeep\n|turn|49\n|\n|t:|1700491897\n|move|p1a: Dragonite|Earthquake|p2a: Garganacl\n|-damage|p2a: Garganacl|50\/100\n|move|p2a: Garganacl|Recover|p2a: Garganacl\n|-heal|p2a: Garganacl|99\/100\n|\n|-heal|p2a: Garganacl|100\/100|[from] item: Leftovers\n|-damage|p1a: Dragonite|0 fnt|[from] psn\n|faint|p1a: Dragonite\n|upkeep\n|\n|t:|1700491901\n|switch|p1a: Enamorus|Enamorus, F|79\/100\n|turn|50\n|\n|t:|1700491904\n|move|p1a: Enamorus|Healing Wish|p1a: Enamorus\n|faint|p1a: Enamorus\n|move|p2a: Garganacl|Salt Cure|p1: Enamorus|[notarget]\n|-fail|p2a: Garganacl\n|\n|upkeep\n|\n|t:|1700491907\n|switch|p1a: Gholdengo|Gholdengo|7\/100\n|-heal|p1a: Gholdengo|100\/100|[from] move: Healing Wish\n|turn|51\n|\n|t:|1700491912\n|move|p1a: Gholdengo|Nasty Plot|p1a: Gholdengo\n|-boost|p1a: Gholdengo|spa|2\n|move|p2a: Garganacl|Salt Cure|p1a: Gholdengo\n|-resisted|p1a: Gholdengo\n|-damage|p1a: Gholdengo|93\/100\n|-start|p1a: Gholdengo|Salt Cure\n|\n|-damage|p1a: Gholdengo|68\/100|[from] Salt Cure\n|upkeep\n|turn|52\n|\n|t:|1700491923\n|move|p1a: Gholdengo|Shadow Ball|p2a: Garganacl\n|-supereffective|p2a: Garganacl\n|-damage|p2a: Garganacl|41\/100\n|move|p2a: Garganacl|Salt Cure|p1a: Gholdengo\n|-resisted|p1a: Gholdengo\n|-damage|p1a: Gholdengo|61\/100\n|\n|-heal|p2a: Garganacl|47\/100|[from] item: Leftovers\n|-damage|p1a: Gholdengo|36\/100|[from] Salt Cure\n|upkeep\n|turn|53\n|\n|t:|1700491926\n|switch|p2a: Rotom|Rotom-Wash|9\/100\n|move|p1a: Gholdengo|Shadow Ball|p2a: Rotom\n|-damage|p2a: Rotom|0 fnt\n|faint|p2a: Rotom\n|\n|-damage|p1a: Gholdengo|11\/100|[from] Salt Cure\n|upkeep\n|\n|t:|1700491933\n|switch|p2a: Umbreon|Umbreon, M, shiny|98\/100\n|turn|54\n|\n|t:|1700491938\n|switch|p1a: Kingambit|Kingambit, F|70\/100\n|-activate|p1a: Kingambit|ability: Supreme Overlord\n|-start|p1a: Kingambit|fallen4|[silent]\n|move|p2a: Umbreon|Wish|p2a: Umbreon\n|\n|-heal|p2a: Umbreon|100\/100|[from] item: Leftovers\n|upkeep\n|turn|55\n|\n|t:|1700491945\n|switch|p2a: Glimmora|Glimmora, F|1\/100\n|-end|p1a: Kingambit|fallen4|[silent]\n|switch|p1a: Gholdengo|Gholdengo|11\/100\n|\n|-heal|p2a: Glimmora|54\/100|[from] move: Wish|[wisher] Umbreon\n|upkeep\n|turn|56\n|\n|t:|1700491950\n|move|p1a: Gholdengo|Psyshock|p2a: Glimmora\n|-supereffective|p2a: Glimmora\n|-damage|p2a: Glimmora|13\/100\n|move|p2a: Glimmora|Light Screen|p2a: Glimmora\n|-sidestart|p2: liaoya|move: Light Screen\n|\n|upkeep\n|turn|57\n|\n|t:|1700491957\n|move|p1a: Gholdengo|Psyshock|p2a: Glimmora\n|-supereffective|p2a: Glimmora\n|-damage|p2a: Glimmora|0 fnt\n|faint|p2a: Glimmora\n|\n|upkeep\n|\n|t:|1700491962\n|switch|p2a: Umbreon|Umbreon, M, shiny|100\/100\n|turn|58\n|\n|t:|1700491966\n|move|p1a: Gholdengo|Make It Rain|p2a: Umbreon\n|-damage|p2a: Umbreon|79\/100\n|-unboost|p1a: Gholdengo|spa|1\n|move|p2a: Umbreon|Foul Play|p1a: Gholdengo\n|-supereffective|p1a: Gholdengo\n|-damage|p1a: Gholdengo|0 fnt\n|faint|p1a: Gholdengo\n|\n|-heal|p2a: Umbreon|85\/100|[from] item: Leftovers\n|upkeep\n|\n|t:|1700491971\n|switch|p1a: Kingambit|Kingambit, F|70\/100\n|-activate|p1a: Kingambit|ability: Supreme Overlord\n|-start|p1a: Kingambit|fallen5|[silent]\n|turn|59\n|\n|t:|1700491977\n|move|p2a: Umbreon|Yawn|p1a: Kingambit\n|-start|p1a: Kingambit|move: Yawn|[of] p2a: Umbreon\n|move|p1a: Kingambit|Iron Head|p2a: Umbreon\n|-damage|p2a: Umbreon|36\/100\n|\n|-heal|p2a: Umbreon|42\/100|[from] item: Leftovers\n|upkeep\n|turn|60\n|\n|t:|1700491982\n|move|p2a: Umbreon|Wish|p2a: Umbreon\n|move|p1a: Kingambit|Iron Head|p2a: Umbreon\n|-damage|p2a: Umbreon|0 fnt\n|faint|p2a: Umbreon\n|\n|-end|p1a: Kingambit|move: Yawn|[silent]\n|-status|p1a: Kingambit|slp\n|-sideend|p2: liaoya|move: Light Screen\n|upkeep\n|\n|t:|1700491986\n|switch|p2a: Garganacl|Garganacl, M, shiny, tera:Ghost|47\/100\n|turn|61\n|\n|t:|1700491989\n|cant|p1a: Kingambit|slp\n|move|p2a: Garganacl|Salt Cure|p1a: Kingambit\n|-resisted|p1a: Kingambit\n|-damage|p1a: Kingambit|65\/100 slp\n|\n|-heal|p2a: Garganacl|96\/100|[from] move: Wish|[wisher] Umbreon\n|-heal|p2a: Garganacl|100\/100|[from] item: Leftovers\n|upkeep\n|turn|62\n|\n|t:|1700491997\n|cant|p1a: Kingambit|slp\n|move|p2a: Garganacl|Iron Defense|p2a: Garganacl\n|-boost|p2a: Garganacl|def|2\n|\n|upkeep\n|turn|63\n|\n|t:|1700492000\n|-curestatus|p1a: Kingambit|slp|[msg]\n|move|p1a: Kingambit|Kowtow Cleave|p2a: Garganacl\n|-supereffective|p2a: Garganacl\n|-damage|p2a: Garganacl|50\/100\n|move|p2a: Garganacl|Body Press|p1a: Kingambit\n|-supereffective|p1a: Kingambit\n|-damage|p1a: Kingambit|0 fnt\n|faint|p1a: Kingambit\n|-end|p1a: Kingambit|fallen5|[silent]\n|\n|win|liaoya\n|raw|gen1bino's rating: 1609 &rarr; <strong>1586<\/strong><br \/>(-23 for losing)\n|raw|liaoya's rating: 1551 &rarr; <strong>1574<\/strong><br \/>(+23 for winning)\n","uploadtime":1700492004,"views":10,"p1id":"gen1bino","p2id":"liaoya","formatid":"gen9ou","rating":1574,"private":0,"password":""}