{"id":"gen9ou-1997388775","p1":"darcytrixxx","p2":"aarche284","format":"[Gen 9] OU","log":"|j|\u2606darcytrixxx\n|j|\u2606aarche284\n|t:|1700797737\n|gametype|singles\n|player|p1|darcytrixxx|fantina|1209\n|player|p2|aarche284|hilbert|1254\n|teamsize|p1|6\n|teamsize|p2|6\n|gen|9\n|tier|[Gen 9] OU\n|rated|\n|rule|Sleep Clause Mod: Limit one foe put to sleep\n|rule|Species Clause: Limit one of each Pok\u00e9mon\n|rule|OHKO Clause: OHKO moves are banned\n|rule|Evasion Items Clause: Evasion items are banned\n|rule|Evasion Moves Clause: Evasion moves are banned\n|rule|Endless Battle Clause: Forcing endless battles is banned\n|rule|HP Percentage Mod: HP is shown in percentages\n|clearpoke\n|poke|p1|Ninetales-Alola, F|\n|poke|p1|Ogerpon-Wellspring, F|\n|poke|p1|Corviknight, M|\n|poke|p1|Chandelure, M|\n|poke|p1|Clefable, F|\n|poke|p1|Toxtricity, M|\n|poke|p2|Garganacl, M|\n|poke|p2|Dragonite, F|\n|poke|p2|Kingambit, M|\n|poke|p2|Landorus-Therian, M|\n|poke|p2|Manaphy|\n|poke|p2|Hatterene, F|\n|teampreview\n|\n|t:|1700797740\n|start\n|switch|p1a: Ninetales|Ninetales-Alola, F|100\/100\n|switch|p2a: Hatterene|Hatterene, F|100\/100\n|-weather|Snow|[from] ability: Snow Warning|[of] p1a: Ninetales\n|turn|1\n|\n|t:|1700797751\n|move|p1a: Ninetales|Aurora Veil|p1a: Ninetales\n|-sidestart|p1: darcytrixxx|move: Aurora Veil\n|move|p2a: Hatterene|Nuzzle|p1a: Ninetales\n|-damage|p1a: Ninetales|99\/100\n|-status|p1a: Ninetales|par\n|\n|-weather|Snow|[upkeep]\n|-heal|p1a: Ninetales|100\/100 par|[from] item: Leftovers\n|upkeep\n|turn|2\n|\n|t:|1700797764\n|move|p1a: Ninetales|Ice Beam|p2a: Hatterene\n|-damage|p2a: Hatterene|72\/100\n|-enditem|p2a: Hatterene|Red Card|[of] p1a: Ninetales\n|drag|p1a: Clefable|Clefable, F, shiny|100\/100\n|move|p2a: Hatterene|Nuzzle|p1a: Clefable\n|-damage|p1a: Clefable|99\/100\n|-status|p1a: Clefable|par\n|\n|-weather|Snow|[upkeep]\n|-heal|p1a: Clefable|100\/100 par|[from] item: Leftovers\n|upkeep\n|turn|3\n|\n|t:|1700797775\n|move|p2a: Hatterene|Draining Kiss|p1a: Clefable\n|-crit|p1a: Clefable\n|-damage|p1a: Clefable|73\/100 par\n|-heal|p2a: Hatterene|97\/100|[from] drain|[of] p1a: Clefable\n|move|p1a: Clefable|Moonblast|p2a: Hatterene\n|-damage|p2a: Hatterene|67\/100\n|\n|-weather|Snow|[upkeep]\n|-heal|p1a: Clefable|79\/100 par|[from] item: Leftovers\n|upkeep\n|turn|4\n|\n|t:|1700797785\n|move|p2a: Hatterene|Draining Kiss|p1a: Clefable\n|-damage|p1a: Clefable|70\/100 par\n|-heal|p2a: Hatterene|76\/100|[from] drain|[of] p1a: Clefable\n|move|p1a: Clefable|Moonblast|p2a: Hatterene\n|-damage|p2a: Hatterene|42\/100\n|\n|-weather|Snow|[upkeep]\n|-heal|p1a: Clefable|76\/100 par|[from] item: Leftovers\n|upkeep\n|turn|5\n|inactive|Battle timer is ON: inactive players will automatically lose when time's up. (requested by darcytrixxx)\n|\n|t:|1700797800\n|move|p2a: Hatterene|Psychic|p1a: Clefable\n|-damage|p1a: Clefable|61\/100 par\n|move|p1a: Clefable|Moonblast|p2a: Hatterene\n|-damage|p2a: Hatterene|12\/100\n|\n|-weather|none\n|-heal|p1a: Clefable|67\/100 par|[from] item: Leftovers\n|-sideend|p1: darcytrixxx|move: Aurora Veil\n|upkeep\n|turn|6\n|\n|t:|1700797811\n|move|p2a: Hatterene|Healing Wish|p2a: Hatterene\n|faint|p2a: Hatterene\n|move|p1a: Clefable|Wish|p1a: Clefable\n|\n|-heal|p1a: Clefable|73\/100 par|[from] item: Leftovers\n|upkeep\n|\n|t:|1700797822\n|switch|p2a: Manaphy|Manaphy|100\/100\n|turn|7\n|\n|t:|1700797838\n|move|p2a: Manaphy|Tail Glow|p2a: Manaphy\n|-boost|p2a: Manaphy|spa|3\n|move|p1a: Clefable|Calm Mind|p1a: Clefable\n|-boost|p1a: Clefable|spa|1\n|-boost|p1a: Clefable|spd|1\n|\n|-heal|p1a: Clefable|100\/100 par|[from] move: Wish|[wisher] Clefable\n|upkeep\n|turn|8\n|\n|t:|1700797846\n|move|p2a: Manaphy|Tail Glow|p2a: Manaphy\n|-boost|p2a: Manaphy|spa|3\n|cant|p1a: Clefable|par\n|\n|upkeep\n|turn|9\n|\n|t:|1700797851\n|move|p2a: Manaphy|Surf|p1a: Clefable\n|-damage|p1a: Clefable|78\/100 par\n|move|p1a: Clefable|Calm Mind|p1a: Clefable\n|-boost|p1a: Clefable|spa|1\n|-boost|p1a: Clefable|spd|1\n|\n|-heal|p1a: Clefable|84\/100 par|[from] item: Leftovers\n|upkeep\n|turn|10\n|c|\u2606aarche284|:o una\n|\n|t:|1700797865\n|switch|p2a: Garganacl|Garganacl, M|100\/100\n|move|p1a: Clefable|Calm Mind|p1a: Clefable\n|-boost|p1a: Clefable|spa|1\n|-boost|p1a: Clefable|spd|1\n|\n|-heal|p1a: Clefable|90\/100 par|[from] item: Leftovers\n|upkeep\n|turn|11\n|\n|t:|1700797877\n|move|p2a: Garganacl|Salt Cure|p1a: Clefable\n|-damage|p1a: Clefable|77\/100 par\n|-start|p1a: Clefable|Salt Cure\n|move|p1a: Clefable|Moonblast|p2a: Garganacl\n|-damage|p2a: Garganacl|28\/100\n|\n|-heal|p2a: Garganacl|35\/100|[from] item: Leftovers\n|-heal|p1a: Clefable|83\/100 par|[from] item: Leftovers\n|-damage|p1a: Clefable|71\/100 par|[from] Salt Cure\n|upkeep\n|turn|12\n|\n|t:|1700797888\n|move|p2a: Garganacl|Protect|p2a: Garganacl\n|-singleturn|p2a: Garganacl|Protect\n|move|p1a: Clefable|Moonblast|p2a: Garganacl\n|-activate|p2a: Garganacl|move: Protect\n|\n|-heal|p2a: Garganacl|41\/100|[from] item: Leftovers\n|-heal|p1a: Clefable|77\/100 par|[from] item: Leftovers\n|-damage|p1a: Clefable|65\/100 par|[from] Salt Cure\n|upkeep\n|turn|13\n|\n|t:|1700797897\n|switch|p2a: Landorus|Landorus-Therian, M|100\/100\n|-ability|p2a: Landorus|Intimidate|boost\n|-unboost|p1a: Clefable|atk|1\n|move|p1a: Clefable|Moonblast|p2a: Landorus\n|-damage|p2a: Landorus|5\/100\n|\n|-heal|p2a: Landorus|11\/100|[from] item: Leftovers\n|-heal|p1a: Clefable|71\/100 par|[from] item: Leftovers\n|-damage|p1a: Clefable|58\/100 par|[from] Salt Cure\n|upkeep\n|turn|14\n|\n|t:|1700797908\n|move|p2a: Landorus|Earthquake|p1a: Clefable\n|-damage|p1a: Clefable|14\/100 par\n|move|p1a: Clefable|Moonblast|p2a: Landorus\n|-damage|p2a: Landorus|0 fnt\n|faint|p2a: Landorus\n|\n|-heal|p1a: Clefable|20\/100 par|[from] item: Leftovers\n|-damage|p1a: Clefable|8\/100 par|[from] Salt Cure\n|upkeep\n|\n|t:|1700797919\n|switch|p2a: Manaphy|Manaphy|100\/100\n|turn|15\n|\n|t:|1700797925\n|switch|p1a: Ogerpon|Ogerpon-Wellspring, F|100\/100\n|move|p2a: Manaphy|Surf|p1a: Ogerpon\n|-immune|p1a: Ogerpon|[from] ability: Water Absorb\n|\n|upkeep\n|turn|16\n|\n|t:|1700797931\n|switch|p2a: Dragonite|Dragonite, F|100\/100\n|move|p1a: Ogerpon|Swords Dance|p1a: Ogerpon\n|-boost|p1a: Ogerpon|atk|2\n|\n|upkeep\n|turn|17\n|\n|t:|1700797936\n|move|p1a: Ogerpon|Ivy Cudgel|p2a: Dragonite|[anim] Ivy Cudgel Water\n|-resisted|p2a: Dragonite\n|-damage|p2a: Dragonite|69\/100\n|move|p2a: Dragonite|Dragon Dance|p2a: Dragonite\n|-boost|p2a: Dragonite|atk|1\n|-boost|p2a: Dragonite|spe|1\n|\n|-heal|p2a: Dragonite|75\/100|[from] item: Leftovers\n|upkeep\n|turn|18\n|inactive|darcytrixxx has 120 seconds left.\n|inactive|aarche284 has 120 seconds left.\n|\n|t:|1700797977\n|switch|p1a: Clefable|Clefable, F, shiny|8\/100 par\n|move|p2a: Dragonite|Dragon Dance|p2a: Dragonite\n|-boost|p2a: Dragonite|atk|1\n|-boost|p2a: Dragonite|spe|1\n|\n|-heal|p2a: Dragonite|82\/100|[from] item: Leftovers\n|-heal|p1a: Clefable|14\/100 par|[from] item: Leftovers\n|upkeep\n|turn|19\n|inactive|darcytrixxx has 120 seconds left.\n|\n|t:|1700797985\n|move|p2a: Dragonite|Earthquake|p1a: Clefable\n|-damage|p1a: Clefable|0 fnt\n|faint|p1a: Clefable\n|\n|-heal|p2a: Dragonite|88\/100|[from] item: Leftovers\n|upkeep\n|inactive|darcytrixxx has 120 seconds left.\n|\n|t:|1700797991\n|switch|p1a: Toxtricity|Toxtricity, M, shiny|100\/100\n|turn|20\n|\n|t:|1700797996\n|move|p2a: Dragonite|Earthquake|p1a: Toxtricity\n|-supereffective|p1a: Toxtricity\n|-enditem|p1a: Toxtricity|Focus Sash\n|-damage|p1a: Toxtricity|1\/100\n|move|p1a: Toxtricity|Toxic|p2a: Dragonite\n|-status|p2a: Dragonite|tox\n|\n|-heal|p2a: Dragonite|94\/100 tox|[from] item: Leftovers\n|-damage|p2a: Dragonite|88\/100 tox|[from] psn\n|upkeep\n|turn|21\n|\n|t:|1700798014\n|switch|p1a: Ninetales|Ninetales-Alola, F|100\/100 par\n|-weather|Snow|[from] ability: Snow Warning|[of] p1a: Ninetales\n|move|p2a: Dragonite|Dragon Claw|p1a: Ninetales\n|-immune|p1a: Ninetales\n|\n|-weather|Snow|[upkeep]\n|-heal|p2a: Dragonite|94\/100 tox|[from] item: Leftovers\n|-damage|p2a: Dragonite|82\/100 tox|[from] psn\n|upkeep\n|turn|22\n|inactive|aarche284 has 120 seconds left.\n|\n|t:|1700798038\n|-terastallize|p1a: Ninetales|Ghost\n|move|p2a: Dragonite|Earthquake|p1a: Ninetales\n|-damage|p1a: Ninetales|12\/100 par\n|move|p1a: Ninetales|Aurora Veil|p1a: Ninetales\n|-sidestart|p1: darcytrixxx|move: Aurora Veil\n|\n|-weather|Snow|[upkeep]\n|-heal|p2a: Dragonite|88\/100 tox|[from] item: Leftovers\n|-heal|p1a: Ninetales|18\/100 par|[from] item: Leftovers\n|-damage|p2a: Dragonite|69\/100 tox|[from] psn\n|upkeep\n|turn|23\n|\n|t:|1700798049\n|switch|p1a: Corviknight|Corviknight, M|100\/100\n|-ability|p1a: Corviknight|Pressure\n|move|p2a: Dragonite|Dragon Claw|p1a: Corviknight\n|-resisted|p1a: Corviknight\n|-damage|p1a: Corviknight|82\/100\n|\n|-weather|Snow|[upkeep]\n|-heal|p2a: Dragonite|75\/100 tox|[from] item: Leftovers\n|-heal|p1a: Corviknight|88\/100|[from] item: Leftovers\n|-damage|p2a: Dragonite|51\/100 tox|[from] psn\n|upkeep\n|turn|24\n|\n|t:|1700798060\n|switch|p2a: Manaphy|Manaphy|100\/100\n|move|p1a: Corviknight|Iron Head|p2a: Manaphy\n|-resisted|p2a: Manaphy\n|-damage|p2a: Manaphy|86\/100\n|\n|-weather|Snow|[upkeep]\n|-heal|p2a: Manaphy|92\/100|[from] item: Leftovers\n|-heal|p1a: Corviknight|94\/100|[from] item: Leftovers\n|upkeep\n|turn|25\n|\n|t:|1700798070\n|switch|p1a: Ogerpon|Ogerpon-Wellspring, F|100\/100\n|move|p2a: Manaphy|Tail Glow|p2a: Manaphy\n|-boost|p2a: Manaphy|spa|3\n|\n|-weather|none\n|-heal|p2a: Manaphy|98\/100|[from] item: Leftovers\n|upkeep\n|turn|26\n|\n|t:|1700798077\n|switch|p2a: Dragonite|Dragonite, F|51\/100 tox\n|-heal|p2a: Dragonite|100\/100|[from] move: Healing Wish\n|move|p1a: Ogerpon|Horn Leech|p2a: Dragonite\n|-resisted|p2a: Dragonite\n|-damage|p2a: Dragonite|95\/100\n|\n|-heal|p2a: Dragonite|100\/100|[from] item: Leftovers\n|-sideend|p1: darcytrixxx|move: Aurora Veil\n|upkeep\n|turn|27\n|c|\u2606aarche284|:D\n|inactive|darcytrixxx has 120 seconds left.\n|c|\u2606darcytrixxx|just curious how did that healing wish work so much later?\n|c|\u2606aarche284|it wont trigger until an injured poke comes out\n|\n|t:|1700798124\n|switch|p1a: Chandelure|Chandelure, M|100\/100\n|move|p2a: Dragonite|Dragon Dance|p2a: Dragonite\n|-boost|p2a: Dragonite|atk|1\n|-boost|p2a: Dragonite|spe|1\n|\n|upkeep\n|turn|28\n|c|\u2606aarche284|if this is another sash\n|\n|t:|1700798149\n|move|p2a: Dragonite|Earthquake|p1a: Chandelure\n|-supereffective|p1a: Chandelure\n|-enditem|p1a: Chandelure|Focus Sash\n|-damage|p1a: Chandelure|1\/100\n|move|p1a: Chandelure|Will-O-Wisp|p2a: Dragonite\n|-status|p2a: Dragonite|brn\n|\n|-damage|p2a: Dragonite|94\/100 brn|[from] brn\n|upkeep\n|turn|29\n|c|\u2606aarche284|...\n|c|\u2606darcytrixxx|ah i see\n|\n|t:|1700798165\n|switch|p1a: Corviknight|Corviknight, M|94\/100\n|-ability|p1a: Corviknight|Pressure\n|move|p2a: Dragonite|Dragon Dance|p2a: Dragonite\n|-boost|p2a: Dragonite|atk|1\n|-boost|p2a: Dragonite|spe|1\n|\n|-heal|p2a: Dragonite|100\/100 brn|[from] item: Leftovers\n|-heal|p1a: Corviknight|100\/100|[from] item: Leftovers\n|-damage|p2a: Dragonite|94\/100 brn|[from] brn\n|upkeep\n|turn|30\n|\n|t:|1700798176\n|move|p2a: Dragonite|Dragon Dance|p2a: Dragonite\n|-boost|p2a: Dragonite|atk|1\n|-boost|p2a: Dragonite|spe|1\n|move|p1a: Corviknight|Iron Head|p2a: Dragonite\n|-damage|p2a: Dragonite|65\/100 brn\n|\n|-heal|p2a: Dragonite|71\/100 brn|[from] item: Leftovers\n|-damage|p2a: Dragonite|65\/100 brn|[from] brn\n|upkeep\n|turn|31\n|\n|t:|1700798186\n|move|p2a: Dragonite|Dragon Claw|p1a: Corviknight\n|-resisted|p1a: Corviknight\n|-damage|p1a: Corviknight|76\/100\n|move|p1a: Corviknight|Iron Head|p2a: Dragonite\n|-damage|p2a: Dragonite|35\/100 brn\n|\n|-heal|p2a: Dragonite|41\/100 brn|[from] item: Leftovers\n|-heal|p1a: Corviknight|82\/100|[from] item: Leftovers\n|-damage|p2a: Dragonite|35\/100 brn|[from] brn\n|upkeep\n|turn|32\n|\n|t:|1700798197\n|move|p2a: Dragonite|Dragon Claw|p1a: Corviknight\n|-resisted|p1a: Corviknight\n|-damage|p1a: Corviknight|57\/100\n|move|p1a: Corviknight|Iron Head|p2a: Dragonite\n|-damage|p2a: Dragonite|5\/100 brn\n|\n|-heal|p2a: Dragonite|11\/100 brn|[from] item: Leftovers\n|-heal|p1a: Corviknight|63\/100|[from] item: Leftovers\n|-damage|p2a: Dragonite|5\/100 brn|[from] brn\n|upkeep\n|turn|33\n|\n|t:|1700798208\n|move|p2a: Dragonite|Dragon Claw|p1a: Corviknight\n|-resisted|p1a: Corviknight\n|-damage|p1a: Corviknight|41\/100\n|move|p1a: Corviknight|Roost|p1a: Corviknight\n|-heal|p1a: Corviknight|91\/100\n|-singleturn|p1a: Corviknight|move: Roost\n|\n|-heal|p2a: Dragonite|11\/100 brn|[from] item: Leftovers\n|-heal|p1a: Corviknight|97\/100|[from] item: Leftovers\n|-damage|p2a: Dragonite|5\/100 brn|[from] brn\n|upkeep\n|turn|34\n|\n|t:|1700798222\n|move|p2a: Dragonite|Dragon Claw|p1a: Corviknight\n|-resisted|p1a: Corviknight\n|-damage|p1a: Corviknight|73\/100\n|move|p1a: Corviknight|Roost|p1a: Corviknight\n|-heal|p1a: Corviknight|100\/100\n|-singleturn|p1a: Corviknight|move: Roost\n|\n|-heal|p2a: Dragonite|11\/100 brn|[from] item: Leftovers\n|-damage|p2a: Dragonite|5\/100 brn|[from] brn\n|upkeep\n|turn|35\n|\n|t:|1700798232\n|move|p2a: Dragonite|Dragon Claw|p1a: Corviknight\n|-resisted|p1a: Corviknight\n|-damage|p1a: Corviknight|76\/100\n|move|p1a: Corviknight|Iron Head|p2a: Dragonite\n|-damage|p2a: Dragonite|0 fnt\n|faint|p2a: Dragonite\n|\n|-heal|p1a: Corviknight|82\/100|[from] item: Leftovers\n|upkeep\n|\n|t:|1700798238\n|switch|p2a: Manaphy|Manaphy|98\/100\n|turn|36\n|inactive|darcytrixxx has 120 seconds left.\n|\n|t:|1700798257\n|switch|p2a: Garganacl|Garganacl, M|41\/100\n|switch|p1a: Ogerpon|Ogerpon-Wellspring, F|100\/100\n|\n|-heal|p2a: Garganacl|47\/100|[from] item: Leftovers\n|upkeep\n|turn|37\n|\n|t:|1700798268\n|-terastallize|p2a: Garganacl|Fairy\n|move|p1a: Ogerpon|Ivy Cudgel|p2a: Garganacl|[anim] Ivy Cudgel Water\n|-damage|p2a: Garganacl|20\/100\n|move|p2a: Garganacl|Salt Cure|p1a: Ogerpon\n|-damage|p1a: Ogerpon|85\/100\n|-start|p1a: Ogerpon|Salt Cure\n|\n|-heal|p2a: Garganacl|26\/100|[from] item: Leftovers\n|-damage|p1a: Ogerpon|60\/100|[from] Salt Cure\n|upkeep\n|turn|38\n|inactive|darcytrixxx has 120 seconds left.\n|\n|t:|1700798284\n|switch|p1a: Chandelure|Chandelure, M|1\/100\n|move|p2a: Garganacl|Protect||[still]\n|-fail|p2a: Garganacl\n|\n|-heal|p2a: Garganacl|33\/100|[from] item: Leftovers\n|upkeep\n|turn|39\n|\n|t:|1700798311\n|move|p1a: Chandelure|Shadow Ball|p2a: Garganacl\n|-damage|p2a: Garganacl|15\/100\n|move|p2a: Garganacl|Salt Cure|p1a: Chandelure\n|-supereffective|p1a: Chandelure\n|-damage|p1a: Chandelure|0 fnt\n|faint|p1a: Chandelure\n|\n|-heal|p2a: Garganacl|22\/100|[from] item: Leftovers\n|upkeep\n|inactive|darcytrixxx has 90 seconds left.\n|\n|t:|1700798334\n|switch|p1a: Toxtricity|Toxtricity, M, shiny|1\/100\n|turn|40\n|l|\u2606aarche284\n|inactive|aarche284 disconnected and has a minute to reconnect!\n|player|p2|\n|j|\u2606aarche284\n|inactive|aarche284 reconnected and has 125 seconds left.\n|player|p2|aarche284|hilbert\n|inactive|aarche284 has 120 seconds left.\n|\n|t:|1700798374\n|move|p2a: Garganacl|Protect|p2a: Garganacl\n|-singleturn|p2a: Garganacl|Protect\n|move|p1a: Toxtricity|Boomburst|p2a: Garganacl\n|-activate|p2a: Garganacl|move: Protect\n|\n|-heal|p2a: Garganacl|28\/100|[from] item: Leftovers\n|upkeep\n|turn|41\n|\n|t:|1700798382\n|move|p1a: Toxtricity|Boomburst|p2a: Garganacl\n|-damage|p2a: Garganacl|0 fnt\n|faint|p2a: Garganacl\n|\n|upkeep\n|\n|t:|1700798395\n|switch|p2a: Manaphy|Manaphy|98\/100\n|turn|42\n|\n|t:|1700798405\n|switch|p1a: Ogerpon|Ogerpon-Wellspring, F|60\/100\n|move|p2a: Manaphy|Ice Beam|p1a: Ogerpon\n|-damage|p1a: Ogerpon|35\/100\n|-status|p1a: Ogerpon|frz\n|\n|-heal|p2a: Manaphy|100\/100|[from] item: Leftovers\n|upkeep\n|turn|43\n|c|\u2606aarche284|f\n|\n|t:|1700798420\n|switch|p2a: Kingambit|Kingambit, M|100\/100\n|-activate|p2a: Kingambit|ability: Supreme Overlord\n|-start|p2a: Kingambit|fallen4|[silent]\n|cant|p1a: Ogerpon|frz\n|\n|upkeep\n|turn|44\n|\n|t:|1700798428\n|switch|p1a: Corviknight|Corviknight, M|82\/100\n|-ability|p1a: Corviknight|Pressure\n|move|p2a: Kingambit|Kowtow Cleave|p1a: Corviknight\n|-damage|p1a: Corviknight|14\/100\n|\n|-heal|p1a: Corviknight|20\/100|[from] item: Leftovers\n|upkeep\n|turn|45\n|inactive|darcytrixxx has 120 seconds left.\n|inactive|aarche284 has 120 seconds left.\n|-message|darcytrixxx forfeited.\n|\n|win|aarche284\n|raw|darcytrixxx's rating: 1209 &rarr; <strong>1187<\/strong><br \/>(-22 for losing)\n|raw|aarche284's rating: 1254 &rarr; <strong>1276<\/strong><br \/>(+22 for winning)\n|l|\u2606darcytrixxx\n|c|\u2606aarche284|gg\n","uploadtime":1700798440,"views":14,"p1id":"darcytrixxx","p2id":"aarche284","formatid":"gen9ou","rating":1187,"private":0,"password":""}