{"id":"gen9ou-1989711895","p1":"Leon033","p2":"BIued","format":"[Gen 9] OU","log":"|j|\u2606Leon033\n|j|\u2606BIued\n|t:|1699889178\n|gametype|singles\n|player|p1|Leon033|266|\n|player|p2|BIued|cress|\n|teamsize|p1|6\n|teamsize|p2|6\n|gen|9\n|tier|[Gen 9] OU\n|rule|Sleep Clause Mod: Limit one foe put to sleep\n|rule|Species Clause: Limit one of each Pok\u00e9mon\n|rule|OHKO Clause: OHKO moves are banned\n|rule|Evasion Items Clause: Evasion items are banned\n|rule|Evasion Moves Clause: Evasion moves are banned\n|rule|Endless Battle Clause: Forcing endless battles is banned\n|rule|HP Percentage Mod: HP is shown in percentages\n|clearpoke\n|poke|p1|Hoopa-Unbound|\n|poke|p1|Greninja-*, M|\n|poke|p1|Gengar, M|\n|poke|p1|Glastrier|\n|poke|p1|Kricketune, F|\n|poke|p1|Salazzle, F|\n|poke|p2|Grimmsnarl, M|\n|poke|p2|Garchomp, F|\n|poke|p2|Tatsugiri, M|\n|poke|p2|Oricorio-Pa'u, F|\n|poke|p2|Sawsbuck, F|\n|poke|p2|Toxtricity, F|\n|teampreview\n|inactive|Battle timer is ON: inactive players will automatically lose when time's up. (requested by Leon033)\n|\n|t:|1699889188\n|start\n|switch|p1a: Salazzle|Salazzle, F|100\/100\n|switch|p2a: Grimmsnarl|Grimmsnarl, M|100\/100\n|turn|1\n|\n|t:|1699889206\n|move|p2a: Grimmsnarl|Parting Shot|p1a: Salazzle\n|-unboost|p1a: Salazzle|atk|1\n|-unboost|p1a: Salazzle|spa|1\n|\n|t:|1699889210\n|switch|p2a: Oricorio|Oricorio-Pa'u, F|100\/100|[from] Parting Shot\n|move|p1a: Salazzle|Sludge Bomb|p2a: Oricorio\n|-damage|p2a: Oricorio|65\/100\n|-status|p2a: Oricorio|psn\n|\n|-damage|p2a: Oricorio|52\/100 psn|[from] psn\n|upkeep\n|turn|2\n|\n|t:|1699889221\n|switch|p1a: Greninja|Greninja, M|100\/100\n|move|p2a: Oricorio|Quiver Dance|p2a: Oricorio\n|-boost|p2a: Oricorio|spa|1\n|-boost|p2a: Oricorio|spd|1\n|-boost|p2a: Oricorio|spe|1\n|\n|-damage|p2a: Oricorio|40\/100 psn|[from] psn\n|upkeep\n|turn|3\n|\n|t:|1699889236\n|move|p1a: Greninja|Hydro Pump|p2a: Oricorio\n|-damage|p2a: Oricorio|0 fnt\n|faint|p2a: Oricorio\n|-ability|p1a: Greninja|Battle Bond|boost\n|-boost|p1a: Greninja|atk|1\n|-boost|p1a: Greninja|spa|1\n|-boost|p1a: Greninja|spe|1\n|-activate|p1a: Greninja|ability: Battle Bond\n|-damage|p1a: Greninja|91\/100|[from] item: Life Orb\n|\n|upkeep\n|\n|t:|1699889244\n|switch|p2a: Tatsugiri|Tatsugiri, M|100\/100\n|turn|4\n|\n|t:|1699889255\n|-terastallize|p1a: Greninja|Dark\n|move|p1a: Greninja|Dark Pulse|p2a: Tatsugiri\n|-damage|p2a: Tatsugiri|0 fnt\n|faint|p2a: Tatsugiri\n|-damage|p1a: Greninja|81\/100|[from] item: Life Orb\n|\n|upkeep\n|\n|t:|1699889260\n|switch|p2a: Grimmsnarl|Grimmsnarl, M|100\/100\n|turn|5\n|\n|t:|1699889270\n|move|p1a: Greninja|Hydro Pump|p2a: Grimmsnarl\n|-damage|p2a: Grimmsnarl|19\/100\n|-damage|p1a: Greninja|71\/100|[from] item: Life Orb\n|move|p2a: Grimmsnarl|Spirit Break|p1a: Greninja\n|-supereffective|p1a: Greninja\n|-damage|p1a: Greninja|0 fnt\n|faint|p1a: Greninja\n|\n|upkeep\n|\n|t:|1699889283\n|switch|p1a: Gengar|Gengar, M|100\/100\n|turn|6\n|\n|t:|1699889291\n|move|p2a: Grimmsnarl|Light Screen|p2a: Grimmsnarl\n|-sidestart|p2: BIued|move: Light Screen\n|move|p1a: Gengar|Sludge Bomb|p2a: Grimmsnarl\n|-supereffective|p2a: Grimmsnarl\n|-damage|p2a: Grimmsnarl|0 fnt\n|faint|p2a: Grimmsnarl\n|\n|upkeep\n|\n|t:|1699889317\n|switch|p2a: Garchomp|Garchomp, F|100\/100\n|turn|7\n|\n|t:|1699889323\n|switch|p1a: Kricketune|Kricketune, F|100\/100\n|move|p2a: Garchomp|Swords Dance|p2a: Garchomp\n|-boost|p2a: Garchomp|atk|2\n|\n|upkeep\n|turn|8\n|\n|t:|1699889335\n|move|p2a: Garchomp|Scale Shot|p1a: Kricketune\n|-damage|p1a: Kricketune|57\/100\n|-damage|p1a: Kricketune|14\/100\n|-damage|p1a: Kricketune|0 fnt\n|faint|p1a: Kricketune\n|-hitcount|p1: Kricketune|3\n|-unboost|p2a: Garchomp|def|1\n|-boost|p2a: Garchomp|spe|1\n|\n|upkeep\n|\n|t:|1699889344\n|switch|p1a: Glastrier|Glastrier|100\/100\n|turn|9\n|\n|t:|1699889348\n|-terastallize|p2a: Garchomp|Steel\n|move|p2a: Garchomp|Iron Head|p1a: Glastrier\n|-supereffective|p1a: Glastrier\n|-damage|p1a: Glastrier|5\/100\n|move|p1a: Glastrier|Icicle Crash|p2a: Garchomp\n|-resisted|p2a: Garchomp\n|-damage|p2a: Garchomp|66\/100\n|\n|-heal|p1a: Glastrier|11\/100|[from] item: Leftovers\n|upkeep\n|turn|10\n|\n|t:|1699889371\n|switch|p1a: Salazzle|Salazzle, F|100\/100\n|move|p2a: Garchomp|Iron Head|p1a: Salazzle\n|-resisted|p1a: Salazzle\n|-damage|p1a: Salazzle|29\/100\n|\n|upkeep\n|turn|11\n|\n|t:|1699889377\n|move|p2a: Garchomp|Iron Head|p1a: Salazzle\n|-resisted|p1a: Salazzle\n|-damage|p1a: Salazzle|0 fnt\n|faint|p1a: Salazzle\n|\n|upkeep\n|\n|t:|1699889383\n|switch|p1a: Hoopa|Hoopa-Unbound|100\/100\n|turn|12\n|\n|t:|1699889391\n|move|p2a: Garchomp|Earthquake|p1a: Hoopa\n|-damage|p1a: Hoopa|0 fnt\n|faint|p1a: Hoopa\n|\n|upkeep\n|\n|t:|1699889395\n|switch|p1a: Gengar|Gengar, M|100\/100\n|turn|13\n|\n|t:|1699889416\n|move|p2a: Garchomp|Iron Head|p1a: Gengar\n|-damage|p1a: Gengar|0 fnt\n|-start|p2a: Garchomp|Disable|Iron Head|[from] ability: Cursed Body|[of] p1a: Gengar\n|faint|p1a: Gengar\n|\n|-sideend|p2: BIued|move: Light Screen\n|upkeep\n|j| Yankiken\n|\n|t:|1699889423\n|switch|p1a: Glastrier|Glastrier|11\/100\n|turn|14\n|c|\u2606BIued|Gg?\n|c| Yankiken|Hay qu\u00e1 M\u1ea1nh \u01a1i\n|\n|t:|1699889436\n|move|p2a: Garchomp|Earthquake|p1a: Glastrier\n|-damage|p1a: Glastrier|0 fnt\n|faint|p1a: Glastrier\n|\n|win|BIued\n","uploadtime":1699889442,"views":58,"p1id":"leon033","p2id":"biued","formatid":"gen9ou","rating":0,"private":0,"password":""}