{"id":"gen9ou-2000564606","p1":"McDonalds Spritz","p2":"Andres2411","format":"[Gen 9] OU","log":"|j|\u2606McDonalds Spritz\n|j|\u2606Andres2411\n|t:|1701205779\n|gametype|singles\n|player|p1|McDonalds Spritz|juliana-bb|1259\n|player|p2|Andres2411|juggler|1317\n|teamsize|p1|6\n|teamsize|p2|6\n|gen|9\n|tier|[Gen 9] OU\n|rated|\n|rule|Sleep Clause Mod: Limit one foe put to sleep\n|rule|Species Clause: Limit one of each Pok\u00e9mon\n|rule|OHKO Clause: OHKO moves are banned\n|rule|Evasion Items Clause: Evasion items are banned\n|rule|Evasion Moves Clause: Evasion moves are banned\n|rule|Endless Battle Clause: Forcing endless battles is banned\n|rule|HP Percentage Mod: HP is shown in percentages\n|clearpoke\n|poke|p1|Ribombee, M|\n|poke|p1|Gholdengo|\n|poke|p1|Kingambit, F|\n|poke|p1|Ogerpon-Wellspring, F|\n|poke|p1|Cinderace, M|\n|poke|p1|Landorus-Therian, M|\n|poke|p2|Weavile, M|\n|poke|p2|Misdreavus, F|\n|poke|p2|Garchomp, F|\n|poke|p2|Tinkaton, F|\n|poke|p2|Hatterene, F|\n|poke|p2|Zoroark-Hisui, F|\n|teampreview\n|inactive|Battle timer is ON: inactive players will automatically lose when time's up. (requested by Andres2411)\n|\n|t:|1701205791\n|start\n|switch|p1a: Ribombee|Ribombee, M|100\/100\n|switch|p2a: Hatterene|Hatterene, F|100\/100\n|turn|1\n|\n|t:|1701205800\n|move|p1a: Ribombee|Stun Spore|p2a: Hatterene\n|-status|p2a: Hatterene|par\n|move|p2a: Hatterene|Shadow Ball|p1a: Ribombee\n|-enditem|p1a: Ribombee|Focus Sash\n|-damage|p1a: Ribombee|1\/100\n|\n|upkeep\n|turn|2\n|\n|t:|1701205811\n|switch|p1a: Landorus|Landorus-Therian, M|100\/100\n|-ability|p1a: Landorus|Intimidate|boost\n|-unboost|p2a: Hatterene|atk|1\n|switch|p2a: Hatterene|Hatterene, F|100\/100\n|\n|upkeep\n|turn|3\n|\n|t:|1701205821\n|switch|p2a: Misdreavus|Misdreavus, F|100\/100\n|move|p1a: Landorus|Earthquake|p2a: Misdreavus\n|-immune|p2a: Misdreavus|[from] ability: Levitate\n|\n|upkeep\n|turn|4\n|\n|t:|1701205826\n|move|p1a: Landorus|U-turn|p2a: Misdreavus\n|-resisted|p2a: Misdreavus\n|-damage|p2a: Misdreavus|91\/100\n|\n|t:|1701205839\n|switch|p1a: Kingambit|Kingambit, F|100\/100|[from] U-turn\n|move|p2a: Misdreavus|Will-O-Wisp|p1a: Kingambit\n|-status|p1a: Kingambit|brn\n|\n|-damage|p1a: Kingambit|94\/100 brn|[from] brn\n|upkeep\n|turn|5\n|\n|t:|1701205844\n|switch|p2a: Garchomp|Garchomp, F|100\/100\n|move|p1a: Kingambit|Swords Dance|p1a: Kingambit\n|-boost|p1a: Kingambit|atk|2\n|\n|-heal|p1a: Kingambit|100\/100 brn|[from] item: Leftovers\n|-damage|p1a: Kingambit|94\/100 brn|[from] brn\n|upkeep\n|turn|6\n|\n|t:|1701205850\n|-end|p1a: Kingambit|fallenundefined|[silent]\n|switch|p1a: Landorus|Landorus-Therian, M|100\/100\n|-ability|p1a: Landorus|Intimidate|boost\n|-unboost|p2a: Garchomp|atk|1\n|move|p2a: Garchomp|Dragon Tail|p1a: Landorus\n|-damage|p1a: Landorus|89\/100\n|-damage|p2a: Garchomp|84\/100|[from] item: Rocky Helmet|[of] p1a: Landorus\n|drag|p1a: Gholdengo|Gholdengo|100\/100\n|-item|p1a: Gholdengo|Air Balloon\n|\n|upkeep\n|turn|7\n|\n|t:|1701205861\n|move|p1a: Gholdengo|Shadow Ball|p2a: Garchomp\n|-damage|p2a: Garchomp|44\/100\n|move|p2a: Garchomp|Dragon Tail|p1a: Gholdengo\n|-resisted|p1a: Gholdengo\n|-damage|p1a: Gholdengo|91\/100\n|-enditem|p1a: Gholdengo|Air Balloon\n|drag|p1a: Kingambit|Kingambit, F|94\/100 brn\n|\n|-heal|p1a: Kingambit|100\/100 brn|[from] item: Leftovers\n|-damage|p1a: Kingambit|94\/100 brn|[from] brn\n|upkeep\n|turn|8\n|\n|t:|1701205868\n|switch|p2a: Tinkaton|Tinkaton, F|100\/100\n|-ability|p2a: Tinkaton|Mold Breaker\n|-end|p1a: Kingambit|fallenundefined|[silent]\n|switch|p1a: Landorus|Landorus-Therian, M|89\/100\n|-ability|p1a: Landorus|Intimidate|boost\n|-unboost|p2a: Tinkaton|atk|1\n|\n|upkeep\n|turn|9\n|\n|t:|1701205873\n|switch|p2a: Misdreavus|Misdreavus, F|91\/100\n|move|p1a: Landorus|Stealth Rock|p2a: Misdreavus\n|-sidestart|p2: Andres2411|move: Stealth Rock\n|\n|upkeep\n|turn|10\n|\n|t:|1701205877\n|move|p1a: Landorus|U-turn|p2a: Misdreavus\n|-resisted|p2a: Misdreavus\n|-damage|p2a: Misdreavus|80\/100\n|\n|t:|1701205880\n|switch|p1a: Cinderace|Cinderace, M|100\/100|[from] U-turn\n|move|p2a: Misdreavus|Hex|p1a: Cinderace\n|-damage|p1a: Cinderace|73\/100\n|\n|upkeep\n|turn|11\n|\n|t:|1701205891\n|move|p1a: Cinderace|Pyro Ball|p2a: Misdreavus\n|-damage|p2a: Misdreavus|37\/100\n|-status|p2a: Misdreavus|brn\n|move|p2a: Misdreavus|Pain Split|p1a: Cinderace\n|-sethp|p1a: Cinderace|53\/100|[from] move: Pain Split|[silent]\n|-sethp|p2a: Misdreavus|58\/100 brn|[from] move: Pain Split\n|\n|-damage|p2a: Misdreavus|52\/100 brn|[from] brn\n|upkeep\n|turn|12\n|\n|t:|1701205897\n|switch|p2a: Garchomp|Garchomp, F|44\/100\n|-damage|p2a: Garchomp|38\/100|[from] Stealth Rock\n|move|p1a: Cinderace|Pyro Ball|p2a: Garchomp\n|-resisted|p2a: Garchomp\n|-damage|p2a: Garchomp|18\/100\n|\n|upkeep\n|turn|13\n|\n|t:|1701205902\n|switch|p1a: Landorus|Landorus-Therian, M|89\/100\n|-ability|p1a: Landorus|Intimidate|boost\n|-unboost|p2a: Garchomp|atk|1\n|move|p2a: Garchomp|Earthquake|p1a: Landorus\n|-immune|p1a: Landorus\n|\n|upkeep\n|turn|14\n|\n|t:|1701205906\n|move|p2a: Garchomp|Stealth Rock|p1a: Landorus\n|-sidestart|p1: McDonalds Spritz|move: Stealth Rock\n|move|p1a: Landorus|Earthquake|p2a: Garchomp\n|-damage|p2a: Garchomp|0 fnt\n|faint|p2a: Garchomp\n|\n|upkeep\n|\n|t:|1701205916\n|switch|p2a: Weavile|Weavile, M|100\/100\n|-damage|p2a: Weavile|76\/100|[from] Stealth Rock\n|-ability|p2a: Weavile|Pressure\n|turn|15\n|\n|t:|1701205924\n|switch|p1a: Kingambit|Kingambit, F|94\/100 brn\n|-damage|p1a: Kingambit|88\/100 brn|[from] Stealth Rock\n|-terastallize|p2a: Weavile|Ice\n|move|p2a: Weavile|Ice Spinner|p1a: Kingambit\n|-resisted|p1a: Kingambit\n|-damage|p1a: Kingambit|59\/100 brn\n|\n|-heal|p1a: Kingambit|65\/100 brn|[from] item: Leftovers\n|-damage|p1a: Kingambit|59\/100 brn|[from] brn\n|upkeep\n|turn|16\n|\n|t:|1701205932\n|switch|p2a: Tinkaton|Tinkaton, F|100\/100\n|-damage|p2a: Tinkaton|94\/100|[from] Stealth Rock\n|-ability|p2a: Tinkaton|Mold Breaker\n|move|p1a: Kingambit|Sucker Punch||[still]\n|-fail|p1a: Kingambit\n|\n|-heal|p1a: Kingambit|65\/100 brn|[from] item: Leftovers\n|-damage|p1a: Kingambit|59\/100 brn|[from] brn\n|upkeep\n|turn|17\n|\n|t:|1701205938\n|-end|p1a: Kingambit|fallenundefined|[silent]\n|switch|p1a: Landorus|Landorus-Therian, M|89\/100\n|-damage|p1a: Landorus|76\/100|[from] Stealth Rock\n|-ability|p1a: Landorus|Intimidate|boost\n|-unboost|p2a: Tinkaton|atk|1\n|move|p2a: Tinkaton|Knock Off|p1a: Landorus\n|-damage|p1a: Landorus|66\/100\n|-damage|p2a: Tinkaton|78\/100|[from] item: Rocky Helmet|[of] p1a: Landorus\n|-enditem|p1a: Landorus|Rocky Helmet|[from] move: Knock Off|[of] p2a: Tinkaton\n|\n|upkeep\n|turn|18\n|\n|t:|1701205946\n|move|p2a: Tinkaton|Gigaton Hammer|p1a: Landorus\n|-damage|p1a: Landorus|38\/100\n|move|p1a: Landorus|Earthquake|p2a: Tinkaton\n|-supereffective|p2a: Tinkaton\n|-damage|p2a: Tinkaton|0 fnt\n|faint|p2a: Tinkaton\n|\n|upkeep\n|\n|t:|1701205952\n|switch|p2a: Weavile|Weavile, M, tera:Ice|76\/100\n|-damage|p2a: Weavile|51\/100|[from] Stealth Rock\n|-ability|p2a: Weavile|Pressure\n|turn|19\n|\n|t:|1701205958\n|switch|p1a: Kingambit|Kingambit, F|59\/100 brn\n|-damage|p1a: Kingambit|53\/100 brn|[from] Stealth Rock\n|move|p2a: Weavile|Brick Break|p1a: Kingambit\n|-supereffective|p1a: Kingambit\n|-damage|p1a: Kingambit|0 fnt\n|faint|p1a: Kingambit\n|-end|p1a: Kingambit|fallenundefined|[silent]\n|\n|upkeep\n|\n|t:|1701205960\n|switch|p1a: Landorus|Landorus-Therian, M|38\/100\n|-damage|p1a: Landorus|26\/100|[from] Stealth Rock\n|-ability|p1a: Landorus|Intimidate|boost\n|-unboost|p2a: Weavile|atk|1\n|turn|20\n|\n|t:|1701205964\n|switch|p2a: Misdreavus|Misdreavus, F|52\/100 brn\n|-damage|p2a: Misdreavus|40\/100 brn|[from] Stealth Rock\n|switch|p1a: Ribombee|Ribombee, M|1\/100\n|-damage|p1a: Ribombee|0 fnt|[from] Stealth Rock\n|faint|p1a: Ribombee\n|\n|-damage|p2a: Misdreavus|34\/100 brn|[from] brn\n|upkeep\n|\n|t:|1701205969\n|switch|p1a: Cinderace|Cinderace, M|53\/100\n|turn|21\n|\n|t:|1701205973\n|move|p1a: Cinderace|Pyro Ball|p2a: Misdreavus\n|-damage|p2a: Misdreavus|0 fnt\n|faint|p2a: Misdreavus\n|\n|upkeep\n|\n|t:|1701205978\n|switch|p2a: Hatterene|Hatterene, F|100\/100\n|-damage|p2a: Hatterene|88\/100|[from] Stealth Rock\n|turn|22\n|\n|t:|1701205984\n|move|p1a: Cinderace|Pyro Ball|p2a: Hatterene\n|-damage|p2a: Hatterene|42\/100\n|-status|p2a: Hatterene|brn\n|-enditem|p2a: Hatterene|Eject Button\n|\n|t:|1701205988\n|switch|p2a: Weavile|Weavile, M, tera:Ice|51\/100\n|-damage|p2a: Weavile|26\/100|[from] Stealth Rock\n|-ability|p2a: Weavile|Pressure\n|\n|upkeep\n|turn|23\n|\n|t:|1701206001\n|move|p2a: Weavile|Night Slash|p1a: Cinderace\n|-damage|p1a: Cinderace|0 fnt\n|faint|p1a: Cinderace\n|\n|upkeep\n|\n|t:|1701206004\n|switch|p1a: Ogerpon|Ogerpon-Wellspring, F|100\/100\n|-damage|p1a: Ogerpon|88\/100|[from] Stealth Rock\n|turn|24\n|\n|t:|1701206013\n|switch|p2a: Hatterene|Hatterene, F|42\/100 brn\n|-damage|p2a: Hatterene|30\/100 brn|[from] Stealth Rock\n|-terastallize|p1a: Ogerpon|Water\n|detailschange|p1a: Ogerpon|Ogerpon-Wellspring-Tera, F, tera:Water\n|-ability|p1a: Ogerpon|Embody Aspect (Wellspring)|boost\n|-boost|p1a: Ogerpon|spd|1\n|move|p1a: Ogerpon|Horn Leech|p2a: Hatterene\n|-damage|p2a: Hatterene|0 fnt\n|-heal|p1a: Ogerpon|100\/100|[from] drain|[of] p2a: Hatterene\n|faint|p2a: Hatterene\n|\n|upkeep\n|\n|t:|1701206019\n|switch|p2a: Weavile|Weavile, M, tera:Ice|26\/100\n|-damage|p2a: Weavile|1\/100|[from] Stealth Rock\n|-ability|p2a: Weavile|Pressure\n|turn|25\n|\n|t:|1701206024\n|move|p2a: Weavile|Ice Spinner|p1a: Ogerpon\n|-resisted|p1a: Ogerpon\n|-damage|p1a: Ogerpon|47\/100\n|move|p1a: Ogerpon|Horn Leech|p2a: Weavile\n|-damage|p2a: Weavile|0 fnt\n|-heal|p1a: Ogerpon|48\/100|[from] drain|[of] p2a: Weavile\n|faint|p2a: Weavile\n|\n|upkeep\n|\n|t:|1701206026\n|switch|p2a: Zoroark|Zoroark-Hisui, F|100\/100 par\n|-damage|p2a: Zoroark|88\/100 par|[from] Stealth Rock\n|turn|26\n|\n|t:|1701206030\n|move|p1a: Ogerpon|Ivy Cudgel|p2a: Zoroark|[anim] Ivy Cudgel Water\n|-crit|p2a: Zoroark\n|-damage|p2a: Zoroark|0 fnt\n|faint|p2a: Zoroark\n|\n|win|McDonalds Spritz\n|raw|McDonalds Spritz's rating: 1259 &rarr; <strong>1290<\/strong><br \/>(+31 for winning)\n|raw|Andres2411's rating: 1337 &rarr; <strong>1313<\/strong><br \/>(-24 for losing)\n|l|\u2606Andres2411\n","uploadtime":1701206047,"views":1,"p1id":"mcdonaldsspritz","p2id":"andres2411","formatid":"gen9ou","rating":1290,"private":0,"password":""}