{"id":"gen9ou-1996875885","p1":"dylanmorgan2217","p2":"mtails142","format":"[Gen 9] OU","log":"|j|\u2606dylanmorgan2217\n|j|\u2606mtails142\n|t:|1700738926\n|gametype|singles\n|player|p1|dylanmorgan2217|169|1350\n|player|p2|mtails142|102|1256\n|teamsize|p1|6\n|teamsize|p2|6\n|gen|9\n|tier|[Gen 9] OU\n|rated|\n|rule|Sleep Clause Mod: Limit one foe put to sleep\n|rule|Species Clause: Limit one of each Pok\u00e9mon\n|rule|OHKO Clause: OHKO moves are banned\n|rule|Evasion Items Clause: Evasion items are banned\n|rule|Evasion Moves Clause: Evasion moves are banned\n|rule|Endless Battle Clause: Forcing endless battles is banned\n|rule|HP Percentage Mod: HP is shown in percentages\n|clearpoke\n|poke|p1|Zapdos|\n|poke|p1|Dragapult, M|\n|poke|p1|Great Tusk|\n|poke|p1|Alomomola, M|\n|poke|p1|Ogerpon-Cornerstone, F|\n|poke|p1|Heatran, F|\n|poke|p2|Gholdengo|\n|poke|p2|Kingambit, F|\n|poke|p2|Samurott-Hisui, M|\n|poke|p2|Ninetales-Alola, M|\n|poke|p2|Ogerpon-Wellspring, F|\n|poke|p2|Ribombee, M|\n|teampreview\n|inactive|Battle timer is ON: inactive players will automatically lose when time's up. (requested by dylanmorgan2217)\n|inactive|dylanmorgan2217 has 120 seconds left.\n|\n|t:|1700738964\n|start\n|switch|p1a: Ogerpon|Ogerpon-Cornerstone, F|100\/100\n|switch|p2a: Ribombee|Ribombee, M|100\/100\n|turn|1\n|\n|t:|1700738969\n|move|p2a: Ribombee|Sticky Web|p1a: Ogerpon\n|-sidestart|p1: dylanmorgan2217|move: Sticky Web\n|move|p1a: Ogerpon|Ivy Cudgel|p2a: Ribombee|[anim] Ivy Cudgel Rock\n|-supereffective|p2a: Ribombee\n|-enditem|p2a: Ribombee|Focus Sash\n|-damage|p2a: Ribombee|1\/100\n|\n|upkeep\n|turn|2\n|\n|t:|1700738975\n|move|p2a: Ribombee|U-turn|p1a: Ogerpon\n|-supereffective|p1a: Ogerpon\n|-damage|p1a: Ogerpon|62\/100\n|\n|t:|1700738984\n|switch|p2a: Gholdengo|Gholdengo|100\/100|[from] U-turn\n|move|p1a: Ogerpon|Horn Leech|p2a: Gholdengo\n|-resisted|p2a: Gholdengo\n|-damage|p2a: Gholdengo|77\/100\n|-heal|p1a: Ogerpon|75\/100|[from] drain|[of] p2a: Gholdengo\n|\n|upkeep\n|turn|3\n|\n|t:|1700738993\n|switch|p1a: Heatran|Heatran, F|100\/100\n|-activate|p1a: Heatran|move: Sticky Web\n|-unboost|p1a: Heatran|spe|1\n|move|p2a: Gholdengo|Make It Rain|p1a: Heatran\n|-resisted|p1a: Heatran\n|-damage|p1a: Heatran|90\/100\n|-unboost|p2a: Gholdengo|spa|1\n|\n|-heal|p1a: Heatran|96\/100|[from] item: Leftovers\n|upkeep\n|turn|4\n|\n|t:|1700739002\n|switch|p2a: Samurott|Samurott-Hisui, M|100\/100\n|move|p1a: Heatran|Stealth Rock|p2a: Samurott\n|-sidestart|p2: mtails142|move: Stealth Rock\n|\n|-heal|p1a: Heatran|100\/100|[from] item: Leftovers\n|upkeep\n|turn|5\n|\n|t:|1700739007\n|switch|p1a: Zapdos|Zapdos|100\/100\n|move|p2a: Samurott|Ceaseless Edge|p1a: Zapdos\n|-damage|p1a: Zapdos|47\/100\n|-sidestart|p1: dylanmorgan2217|Spikes\n|\n|upkeep\n|turn|6\n|\n|t:|1700739013\n|move|p1a: Zapdos|Thunderbolt|p2a: Samurott\n|-supereffective|p2a: Samurott\n|-enditem|p2a: Samurott|Focus Sash\n|-damage|p2a: Samurott|1\/100\n|move|p2a: Samurott|Ceaseless Edge|p1a: Zapdos\n|-damage|p1a: Zapdos|0 fnt\n|-sidestart|p1: dylanmorgan2217|Spikes\n|faint|p1a: Zapdos\n|\n|upkeep\n|\n|t:|1700739024\n|switch|p1a: Great Tusk|Great Tusk|100\/100\n|turn|7\n|\n|t:|1700739029\n|move|p1a: Great Tusk|Earthquake|p2a: Samurott\n|-damage|p2a: Samurott|0 fnt\n|faint|p2a: Samurott\n|\n|upkeep\n|\n|t:|1700739036\n|switch|p2a: Ogerpon|Ogerpon-Wellspring, F|100\/100\n|-damage|p2a: Ogerpon|88\/100|[from] Stealth Rock\n|turn|8\n|\n|t:|1700739051\n|-end|p1a: Great Tusk|Protosynthesis|[silent]\n|switch|p1a: Alomomola|Alomomola, M|100\/100\n|-activate|p1a: Alomomola|move: Sticky Web\n|-unboost|p1a: Alomomola|spe|1\n|-damage|p1a: Alomomola|84\/100|[from] Spikes\n|move|p2a: Ogerpon|Swords Dance|p2a: Ogerpon\n|-boost|p2a: Ogerpon|atk|2\n|\n|upkeep\n|turn|9\n|\n|t:|1700739058\n|-terastallize|p1a: Alomomola|Flying\n|move|p2a: Ogerpon|Horn Leech|p1a: Alomomola\n|-resisted|p1a: Alomomola\n|-damage|p1a: Alomomola|59\/100\n|-heal|p2a: Ogerpon|100\/100|[from] drain|[of] p1a: Alomomola\n|-damage|p2a: Ogerpon|84\/100|[from] item: Rocky Helmet|[of] p1a: Alomomola\n|move|p1a: Alomomola|Acrobatics|p2a: Ogerpon\n|-supereffective|p2a: Ogerpon\n|-damage|p2a: Ogerpon|42\/100\n|\n|upkeep\n|turn|10\n|\n|t:|1700739067\n|move|p2a: Ogerpon|Ivy Cudgel|p1a: Alomomola|[anim] Ivy Cudgel Water\n|-crit|p1a: Alomomola\n|-damage|p1a: Alomomola|0 fnt\n|faint|p1a: Alomomola\n|\n|upkeep\n|\n|t:|1700739069\n|switch|p1a: Dragapult|Dragapult, M|100\/100\n|-activate|p1a: Dragapult|move: Sticky Web\n|-unboost|p1a: Dragapult|spe|1\n|-damage|p1a: Dragapult|84\/100|[from] Spikes\n|turn|11\n|\n|t:|1700739076\n|move|p1a: Dragapult|Sucker Punch|p2a: Ogerpon\n|-damage|p2a: Ogerpon|0 fnt\n|faint|p2a: Ogerpon\n|\n|upkeep\n|\n|t:|1700739083\n|switch|p2a: Ninetales|Ninetales-Alola, M|100\/100\n|-damage|p2a: Ninetales|76\/100|[from] Stealth Rock\n|-weather|Snow|[from] ability: Snow Warning|[of] p2a: Ninetales\n|turn|12\n|\n|t:|1700739088\n|switch|p1a: Heatran|Heatran, F|100\/100\n|-activate|p1a: Heatran|move: Sticky Web\n|-unboost|p1a: Heatran|spe|1\n|-damage|p1a: Heatran|84\/100|[from] Spikes\n|move|p2a: Ninetales|Aurora Veil|p2a: Ninetales\n|-sidestart|p2: mtails142|move: Aurora Veil\n|\n|-weather|Snow|[upkeep]\n|-heal|p1a: Heatran|90\/100|[from] item: Leftovers\n|upkeep\n|turn|13\n|\n|t:|1700739096\n|switch|p2a: Ribombee|Ribombee, M|1\/100\n|-damage|p2a: Ribombee|0 fnt|[from] Stealth Rock\n|faint|p2a: Ribombee\n|move|p1a: Heatran|Magma Storm|p2: Ribombee|[notarget]\n|-fail|p1a: Heatran\n|\n|-weather|Snow|[upkeep]\n|-heal|p1a: Heatran|96\/100|[from] item: Leftovers\n|upkeep\n|\n|t:|1700739102\n|switch|p2a: Gholdengo|Gholdengo|77\/100\n|-damage|p2a: Gholdengo|71\/100|[from] Stealth Rock\n|turn|14\n|\n|t:|1700739105\n|move|p2a: Gholdengo|Shadow Ball|p1a: Heatran\n|-damage|p1a: Heatran|65\/100\n|-unboost|p1a: Heatran|spd|1\n|move|p1a: Heatran|Magma Storm|p2a: Gholdengo\n|-supereffective|p2a: Gholdengo\n|-damage|p2a: Gholdengo|20\/100\n|-activate|p2a: Gholdengo|move: Magma Storm|[of] p1a: Heatran\n|\n|-weather|Snow|[upkeep]\n|-heal|p1a: Heatran|71\/100|[from] item: Leftovers\n|-damage|p2a: Gholdengo|8\/100|[from] move: Magma Storm|[partiallytrapped]\n|upkeep\n|turn|15\n|\n|t:|1700739110\n|move|p2a: Gholdengo|Shadow Ball|p1a: Heatran\n|-damage|p1a: Heatran|30\/100\n|move|p1a: Heatran|Earth Power|p2a: Gholdengo\n|-supereffective|p2a: Gholdengo\n|-damage|p2a: Gholdengo|0 fnt\n|faint|p2a: Gholdengo\n|\n|-weather|Snow|[upkeep]\n|-heal|p1a: Heatran|36\/100|[from] item: Leftovers\n|upkeep\n|\n|t:|1700739114\n|switch|p2a: Kingambit|Kingambit, F|100\/100\n|-damage|p2a: Kingambit|94\/100|[from] Stealth Rock\n|-activate|p2a: Kingambit|ability: Supreme Overlord\n|-start|p2a: Kingambit|fallen4|[silent]\n|turn|16\n|\n|t:|1700739118\n|move|p1a: Heatran|Magma Storm|p2a: Kingambit\n|-supereffective|p2a: Kingambit\n|-damage|p2a: Kingambit|48\/100\n|-activate|p2a: Kingambit|move: Magma Storm|[of] p1a: Heatran\n|move|p2a: Kingambit|Substitute|p2a: Kingambit\n|-start|p2a: Kingambit|Substitute\n|-end|p2a: Kingambit|Magma Storm|[partiallytrapped]|[silent]\n|-damage|p2a: Kingambit|23\/100\n|\n|-weather|none\n|-heal|p1a: Heatran|42\/100|[from] item: Leftovers\n|upkeep\n|turn|17\n|\n|t:|1700739125\n|move|p2a: Kingambit|Sucker Punch|p1a: Heatran\n|-damage|p1a: Heatran|0 fnt\n|faint|p1a: Heatran\n|\n|upkeep\n|\n|t:|1700739129\n|switch|p1a: Great Tusk|Great Tusk|100\/100\n|turn|18\n|\n|t:|1700739132\n|-terastallize|p2a: Kingambit|Flying\n|move|p1a: Great Tusk|Earthquake|p2a: Kingambit\n|-immune|p2a: Kingambit\n|move|p2a: Kingambit|Tera Blast|p1a: Great Tusk|[anim] Tera Blast Flying\n|-supereffective|p1a: Great Tusk\n|-damage|p1a: Great Tusk|32\/100\n|\n|upkeep\n|turn|19\n|\n|t:|1700739140\n|move|p2a: Kingambit|Sucker Punch|p1a: Great Tusk\n|-resisted|p1a: Great Tusk\n|-damage|p1a: Great Tusk|13\/100\n|move|p1a: Great Tusk|Knock Off|p2a: Kingambit\n|-activate|p2a: Kingambit|move: Substitute|[damage]\n|\n|-sideend|p2: mtails142|move: Aurora Veil\n|upkeep\n|turn|20\n|\n|t:|1700739146\n|move|p1a: Great Tusk|Rapid Spin|p2a: Kingambit\n|-activate|p2a: Kingambit|move: Substitute|[damage]\n|-sideend|p1: dylanmorgan2217|Spikes|[from] move: Rapid Spin|[of] p1a: Great Tusk\n|-sideend|p1: dylanmorgan2217|Sticky Web|[from] move: Rapid Spin|[of] p1a: Great Tusk\n|-boost|p1a: Great Tusk|spe|1\n|move|p2a: Kingambit|Swords Dance|p2a: Kingambit\n|-boost|p2a: Kingambit|atk|2\n|\n|upkeep\n|turn|21\n|\n|t:|1700739153\n|move|p2a: Kingambit|Sucker Punch|p1a: Great Tusk\n|-resisted|p1a: Great Tusk\n|-damage|p1a: Great Tusk|0 fnt\n|faint|p1a: Great Tusk\n|-end|p1a: Great Tusk|Protosynthesis|[silent]\n|\n|upkeep\n|\n|t:|1700739157\n|switch|p1a: Ogerpon|Ogerpon-Cornerstone, F|75\/100\n|turn|22\n|\n|t:|1700739163\n|move|p2a: Kingambit|Sucker Punch|p1a: Ogerpon\n|-damage|p1a: Ogerpon|0 fnt\n|faint|p1a: Ogerpon\n|\n|upkeep\n|\n|t:|1700739166\n|switch|p1a: Dragapult|Dragapult, M|84\/100\n|turn|23\n|\n|t:|1700739169\n|move|p2a: Kingambit|Sucker Punch|p1a: Dragapult\n|-supereffective|p1a: Dragapult\n|-damage|p1a: Dragapult|0 fnt\n|faint|p1a: Dragapult\n|\n|win|mtails142\n|raw|dylanmorgan2217's rating: 1350 &rarr; <strong>1325<\/strong><br \/>(-25 for losing)\n|raw|mtails142's rating: 1256 &rarr; <strong>1288<\/strong><br \/>(+32 for winning)\n|l|\u2606dylanmorgan2217\n","uploadtime":1700739178,"views":1,"p1id":"dylanmorgan2217","p2id":"mtails142","formatid":"gen9ou","rating":1288,"private":0,"password":""}