{"id":"gen9ou-1994223342","p1":"itsEupho","p2":"Welcometoearth420","format":"[Gen 9] OU","log":"|j|\u2606itsEupho\n|j|\u2606Welcometoearth420\n|t:|1700420648\n|gametype|singles\n|player|p1|itsEupho|caitlin|1392\n|player|p2|Welcometoearth420|turo-ai|1347\n|teamsize|p1|6\n|teamsize|p2|6\n|gen|9\n|tier|[Gen 9] OU\n|rated|\n|rule|Sleep Clause Mod: Limit one foe put to sleep\n|rule|Species Clause: Limit one of each Pok\u00e9mon\n|rule|OHKO Clause: OHKO moves are banned\n|rule|Evasion Items Clause: Evasion items are banned\n|rule|Evasion Moves Clause: Evasion moves are banned\n|rule|Endless Battle Clause: Forcing endless battles is banned\n|rule|HP Percentage Mod: HP is shown in percentages\n|clearpoke\n|poke|p1|Samurott-Hisui, M|\n|poke|p1|Gholdengo|\n|poke|p1|Ogerpon-Wellspring, F|\n|poke|p1|Dragonite, F|\n|poke|p1|Enamorus, F|\n|poke|p1|Great Tusk|\n|poke|p2|Clefable, F|\n|poke|p2|Alomomola, F|\n|poke|p2|Garganacl, F|\n|poke|p2|Amoonguss, M|\n|poke|p2|Clodsire, M|\n|poke|p2|Great Tusk|\n|teampreview\n|inactive|Battle timer is ON: inactive players will automatically lose when time's up. (requested by itsEupho)\n|\n|t:|1700420659\n|start\n|switch|p1a: Samurott|Samurott-Hisui, M|100\/100\n|switch|p2a: Amoonguss|Amoonguss, M|100\/100\n|turn|1\n|\n|t:|1700420663\n|move|p1a: Samurott|Ceaseless Edge|p2a: Amoonguss\n|-damage|p2a: Amoonguss|64\/100\n|-sidestart|p2: Welcometoearth420|Spikes\n|move|p2a: Amoonguss|Spore|p1a: Samurott\n|-status|p1a: Samurott|slp|[from] move: Spore\n|\n|upkeep\n|turn|2\n|\n|t:|1700420675\n|switch|p1a: Ogerpon|Ogerpon-Wellspring, F|100\/100\n|move|p2a: Amoonguss|Giga Drain|p1a: Ogerpon\n|-damage|p1a: Ogerpon|80\/100\n|-heal|p2a: Amoonguss|73\/100|[from] drain|[of] p1a: Ogerpon\n|\n|upkeep\n|turn|3\n|\n|t:|1700420680\n|move|p1a: Ogerpon|Swords Dance|p1a: Ogerpon\n|-boost|p1a: Ogerpon|atk|2\n|move|p2a: Amoonguss|Sludge Bomb|p1a: Ogerpon\n|-supereffective|p1a: Ogerpon\n|-damage|p1a: Ogerpon|27\/100\n|\n|upkeep\n|turn|4\n|\n|t:|1700420687\n|move|p1a: Ogerpon|Horn Leech|p2a: Amoonguss\n|-resisted|p2a: Amoonguss\n|-damage|p2a: Amoonguss|58\/100\n|-heal|p1a: Ogerpon|36\/100|[from] drain|[of] p2a: Amoonguss\n|move|p2a: Amoonguss|Clear Smog|p1a: Ogerpon\n|-supereffective|p1a: Ogerpon\n|-damage|p1a: Ogerpon|6\/100\n|-clearboost|p1a: Ogerpon\n|\n|upkeep\n|turn|5\n|\n|t:|1700420692\n|switch|p1a: Gholdengo|Gholdengo|100\/100\n|-item|p1a: Gholdengo|Air Balloon\n|move|p2a: Amoonguss|Giga Drain|p1a: Gholdengo\n|-resisted|p1a: Gholdengo\n|-damage|p1a: Gholdengo|91\/100\n|-heal|p2a: Amoonguss|63\/100|[from] drain|[of] p1a: Gholdengo\n|-enditem|p1a: Gholdengo|Air Balloon\n|\n|upkeep\n|turn|6\n|\n|t:|1700420702\n|switch|p2a: Alomomola|Alomomola, F|100\/100\n|move|p1a: Gholdengo|Shadow Ball|p2a: Alomomola\n|-damage|p2a: Alomomola|49\/100\n|\n|upkeep\n|turn|7\n|\n|t:|1700420710\n|switch|p2a: Clefable|Clefable, F|100\/100\n|move|p1a: Gholdengo|Thunder Wave|p2a: Clefable\n|-status|p2a: Clefable|par\n|\n|upkeep\n|turn|8\n|\n|t:|1700420716\n|switch|p2a: Alomomola|Alomomola, F|83\/100\n|move|p1a: Gholdengo|Make It Rain|p2a: Alomomola\n|-resisted|p2a: Alomomola\n|-damage|p2a: Alomomola|45\/100\n|-unboost|p1a: Gholdengo|spa|1\n|\n|upkeep\n|turn|9\n|\n|t:|1700420720\n|switch|p1a: Ogerpon|Ogerpon-Wellspring, F|6\/100\n|move|p2a: Alomomola|Flip Turn|p1a: Ogerpon\n|-heal|p1a: Ogerpon|31\/100|[from] ability: Water Absorb|[of] p2a: Alomomola\n|\n|upkeep\n|turn|10\n|\n|t:|1700420723\n|switch|p2a: Amoonguss|Amoonguss, M|96\/100\n|move|p1a: Ogerpon|Leech Seed|p2a: Amoonguss\n|-immune|p2a: Amoonguss\n|\n|upkeep\n|turn|11\n|\n|t:|1700420729\n|switch|p1a: Gholdengo|Gholdengo|91\/100\n|move|p2a: Amoonguss|Sludge Bomb|p1a: Gholdengo\n|-immune|p1a: Gholdengo\n|\n|upkeep\n|turn|12\n|\n|t:|1700420732\n|switch|p2a: Great Tusk|Great Tusk|100\/100\n|-damage|p2a: Great Tusk|88\/100|[from] Spikes\n|-enditem|p2a: Great Tusk|Booster Energy\n|-activate|p2a: Great Tusk|ability: Protosynthesis|[fromitem]\n|-start|p2a: Great Tusk|protosynthesisspe\n|move|p1a: Gholdengo|Shadow Ball|p2a: Great Tusk\n|-damage|p2a: Great Tusk|37\/100\n|\n|upkeep\n|turn|13\n|\n|t:|1700420739\n|switch|p1a: Ogerpon|Ogerpon-Wellspring, F|31\/100\n|move|p2a: Great Tusk|Headlong Rush|p1a: Ogerpon\n|-resisted|p1a: Ogerpon\n|-damage|p1a: Ogerpon|11\/100\n|-unboost|p2a: Great Tusk|def|1\n|-unboost|p2a: Great Tusk|spd|1\n|\n|upkeep\n|turn|14\n|\n|t:|1700420746\n|move|p2a: Great Tusk|Ice Spinner|p1a: Ogerpon\n|-damage|p1a: Ogerpon|0 fnt\n|faint|p1a: Ogerpon\n|\n|upkeep\n|\n|t:|1700420750\n|switch|p1a: Great Tusk|Great Tusk|100\/100\n|turn|15\n|\n|t:|1700420756\n|-end|p2a: Great Tusk|Protosynthesis|[silent]\n|switch|p2a: Alomomola|Alomomola, F|78\/100\n|move|p1a: Great Tusk|Headlong Rush|p2a: Alomomola\n|-damage|p2a: Alomomola|42\/100\n|-unboost|p1a: Great Tusk|def|1\n|-unboost|p1a: Great Tusk|spd|1\n|\n|upkeep\n|turn|16\n|\n|t:|1700420765\n|-end|p1a: Great Tusk|Protosynthesis|[silent]\n|switch|p1a: Gholdengo|Gholdengo|91\/100\n|move|p2a: Alomomola|Wish|p2a: Alomomola\n|\n|upkeep\n|turn|17\n|\n|t:|1700420768\n|move|p2a: Alomomola|Protect|p2a: Alomomola\n|-singleturn|p2a: Alomomola|Protect\n|move|p1a: Gholdengo|Shadow Ball|p2a: Alomomola\n|-activate|p2a: Alomomola|move: Protect\n|\n|-heal|p2a: Alomomola|92\/100|[from] move: Wish|[wisher] Alomomola\n|upkeep\n|turn|18\n|\n|t:|1700420772\n|move|p1a: Gholdengo|Shadow Ball|p2a: Alomomola\n|-damage|p2a: Alomomola|46\/100\n|move|p2a: Alomomola|Flip Turn|p1a: Gholdengo\n|-damage|p1a: Gholdengo|77\/100\n|\n|t:|1700420778\n|switch|p2a: Clodsire|Clodsire, M|100\/100|[from] Flip Turn\n|\n|upkeep\n|turn|19\n|\n|t:|1700420782\n|switch|p1a: Great Tusk|Great Tusk|100\/100\n|move|p2a: Clodsire|Curse|p2a: Clodsire\n|-unboost|p2a: Clodsire|spe|1\n|-boost|p2a: Clodsire|atk|1\n|-boost|p2a: Clodsire|def|1\n|\n|upkeep\n|turn|20\n|\n|t:|1700420798\n|switch|p2a: Amoonguss|Amoonguss, M|100\/100\n|move|p1a: Great Tusk|Knock Off|p2a: Amoonguss\n|-damage|p2a: Amoonguss|75\/100\n|-enditem|p2a: Amoonguss|Heavy-Duty Boots|[from] move: Knock Off|[of] p1a: Great Tusk\n|\n|upkeep\n|turn|21\n|\n|t:|1700420804\n|-end|p1a: Great Tusk|Protosynthesis|[silent]\n|switch|p1a: Gholdengo|Gholdengo|77\/100\n|move|p2a: Amoonguss|Giga Drain|p1a: Gholdengo\n|-resisted|p1a: Gholdengo\n|-damage|p1a: Gholdengo|66\/100\n|-heal|p2a: Amoonguss|80\/100|[from] drain|[of] p1a: Gholdengo\n|\n|upkeep\n|turn|22\n|\n|t:|1700420810\n|switch|p2a: Clodsire|Clodsire, M|100\/100\n|move|p1a: Gholdengo|Thunder Wave|p2a: Clodsire\n|-immune|p2a: Clodsire\n|\n|upkeep\n|turn|23\n|\n|t:|1700420816\n|move|p1a: Gholdengo|Make It Rain|p2a: Clodsire\n|-damage|p2a: Clodsire|66\/100\n|-unboost|p1a: Gholdengo|spa|1\n|move|p2a: Clodsire|Toxic|p1a: Gholdengo\n|-immune|p1a: Gholdengo|[from] ability: Good as Gold\n|\n|upkeep\n|turn|24\n|\n|t:|1700420822\n|move|p1a: Gholdengo|Make It Rain|p2a: Clodsire\n|-damage|p2a: Clodsire|45\/100\n|-unboost|p1a: Gholdengo|spa|1\n|move|p2a: Clodsire|Toxic|p1a: Gholdengo\n|-immune|p1a: Gholdengo|[from] ability: Good as Gold\n|\n|upkeep\n|turn|25\n|\n|t:|1700420828\n|move|p1a: Gholdengo|Recover|p1a: Gholdengo\n|-heal|p1a: Gholdengo|100\/100\n|move|p2a: Clodsire|Recover|p2a: Clodsire\n|-heal|p2a: Clodsire|95\/100\n|\n|upkeep\n|turn|26\n|\n|t:|1700420831\n|move|p1a: Gholdengo|Shadow Ball|p2a: Clodsire\n|-damage|p2a: Clodsire|84\/100\n|-unboost|p2a: Clodsire|spd|1\n|move|p2a: Clodsire|Curse|p2a: Clodsire\n|-unboost|p2a: Clodsire|spe|1\n|-boost|p2a: Clodsire|atk|1\n|-boost|p2a: Clodsire|def|1\n|\n|upkeep\n|turn|27\n|\n|t:|1700420836\n|move|p1a: Gholdengo|Shadow Ball|p2a: Clodsire\n|-damage|p2a: Clodsire|68\/100\n|-unboost|p2a: Clodsire|spd|1\n|move|p2a: Clodsire|Curse|p2a: Clodsire\n|-unboost|p2a: Clodsire|spe|1\n|-boost|p2a: Clodsire|atk|1\n|-boost|p2a: Clodsire|def|1\n|\n|upkeep\n|turn|28\n|\n|t:|1700420842\n|switch|p1a: Great Tusk|Great Tusk|100\/100\n|move|p2a: Clodsire|Curse|p2a: Clodsire\n|-unboost|p2a: Clodsire|spe|1\n|-boost|p2a: Clodsire|atk|1\n|-boost|p2a: Clodsire|def|1\n|\n|upkeep\n|turn|29\n|\n|t:|1700420846\n|-end|p1a: Great Tusk|Protosynthesis|[silent]\n|switch|p1a: Gholdengo|Gholdengo|100\/100\n|move|p2a: Clodsire|Toxic|p1a: Gholdengo\n|-immune|p1a: Gholdengo|[from] ability: Good as Gold\n|\n|upkeep\n|turn|30\n|\n|t:|1700420849\n|move|p1a: Gholdengo|Make It Rain|p2a: Clodsire\n|-damage|p2a: Clodsire|0 fnt\n|-unboost|p1a: Gholdengo|spa|1\n|faint|p2a: Clodsire\n|\n|upkeep\n|\n|t:|1700420859\n|switch|p2a: Great Tusk|Great Tusk|37\/100\n|-damage|p2a: Great Tusk|25\/100|[from] Spikes\n|turn|31\n|\n|t:|1700420861\n|move|p2a: Great Tusk|Headlong Rush|p1a: Gholdengo\n|-supereffective|p1a: Gholdengo\n|-damage|p1a: Gholdengo|0 fnt\n|-unboost|p2a: Great Tusk|def|1\n|-unboost|p2a: Great Tusk|spd|1\n|faint|p1a: Gholdengo\n|\n|upkeep\n|\n|t:|1700420864\n|switch|p1a: Samurott|Samurott-Hisui, M|100\/100 slp\n|turn|32\n|\n|t:|1700420867\n|move|p2a: Great Tusk|Close Combat|p1a: Samurott\n|-supereffective|p1a: Samurott\n|-damage|p1a: Samurott|0 fnt\n|-unboost|p2a: Great Tusk|def|1\n|-unboost|p2a: Great Tusk|spd|1\n|faint|p1a: Samurott\n|\n|upkeep\n|\n|t:|1700420872\n|switch|p1a: Dragonite|Dragonite, F|100\/100\n|turn|33\n|\n|t:|1700420879\n|-end|p2a: Great Tusk|Protosynthesis|[silent]\n|switch|p2a: Garganacl|Garganacl, F|100\/100\n|-damage|p2a: Garganacl|88\/100|[from] Spikes\n|move|p1a: Dragonite|Extreme Speed|p2a: Garganacl\n|-resisted|p2a: Garganacl\n|-damage|p2a: Garganacl|79\/100\n|\n|-heal|p2a: Garganacl|85\/100|[from] item: Leftovers\n|upkeep\n|turn|34\n|\n|t:|1700420883\n|switch|p1a: Great Tusk|Great Tusk|100\/100\n|move|p2a: Garganacl|Salt Cure|p1a: Great Tusk\n|-resisted|p1a: Great Tusk\n|-damage|p1a: Great Tusk|98\/100\n|-start|p1a: Great Tusk|Salt Cure\n|\n|-heal|p2a: Garganacl|92\/100|[from] item: Leftovers\n|-damage|p1a: Great Tusk|86\/100|[from] Salt Cure\n|upkeep\n|turn|35\n|\n|t:|1700420887\n|switch|p2a: Alomomola|Alomomola, F|79\/100\n|move|p1a: Great Tusk|Knock Off|p2a: Alomomola\n|-damage|p2a: Alomomola|60\/100\n|-enditem|p2a: Alomomola|Heavy-Duty Boots|[from] move: Knock Off|[of] p1a: Great Tusk\n|\n|-damage|p1a: Great Tusk|74\/100|[from] Salt Cure\n|upkeep\n|turn|36\n|\n|t:|1700420897\n|move|p1a: Great Tusk|Headlong Rush|p2a: Alomomola\n|-crit|p2a: Alomomola\n|-damage|p2a: Alomomola|12\/100\n|-unboost|p1a: Great Tusk|def|1\n|-unboost|p1a: Great Tusk|spd|1\n|move|p2a: Alomomola|Scald|p1a: Great Tusk\n|-supereffective|p1a: Great Tusk\n|-damage|p1a: Great Tusk|7\/100\n|\n|-damage|p1a: Great Tusk|0 fnt|[from] Salt Cure\n|faint|p1a: Great Tusk\n|-end|p1a: Great Tusk|Protosynthesis|[silent]\n|upkeep\n|\n|t:|1700420901\n|switch|p1a: Dragonite|Dragonite, F|100\/100\n|turn|37\n|\n|t:|1700420928\n|switch|p2a: Amoonguss|Amoonguss, M|100\/100\n|-damage|p2a: Amoonguss|88\/100|[from] Spikes\n|move|p1a: Dragonite|Dragon Dance|p1a: Dragonite\n|-boost|p1a: Dragonite|atk|1\n|-boost|p1a: Dragonite|spe|1\n|\n|upkeep\n|turn|38\n|\n|t:|1700420933\n|move|p1a: Dragonite|Fire Punch|p2a: Amoonguss\n|-supereffective|p2a: Amoonguss\n|-damage|p2a: Amoonguss|21\/100\n|move|p2a: Amoonguss|Spore|p1a: Dragonite\n|-status|p1a: Dragonite|slp|[from] move: Spore\n|\n|upkeep\n|turn|39\n|\n|t:|1700420940\n|cant|p1a: Dragonite|slp\n|move|p2a: Amoonguss|Clear Smog|p1a: Dragonite\n|-damage|p1a: Dragonite|93\/100 slp\n|-clearboost|p1a: Dragonite\n|\n|upkeep\n|turn|40\n|\n|t:|1700420944\n|switch|p2a: Great Tusk|Great Tusk|25\/100\n|-damage|p2a: Great Tusk|12\/100|[from] Spikes\n|cant|p1a: Dragonite|slp\n|\n|upkeep\n|turn|41\n|\n|t:|1700420950\n|cant|p1a: Dragonite|slp\n|move|p2a: Great Tusk|Ice Spinner|p1a: Dragonite\n|-supereffective|p1a: Dragonite\n|-damage|p1a: Dragonite|0 fnt\n|faint|p1a: Dragonite\n|\n|upkeep\n|\n|t:|1700420953\n|switch|p1a: Enamorus|Enamorus, F|100\/100\n|turn|42\n|\n|t:|1700420959\n|move|p1a: Enamorus|Superpower|p2a: Great Tusk\n|-damage|p2a: Great Tusk|0 fnt\n|-boost|p1a: Enamorus|atk|1\n|-boost|p1a: Enamorus|def|1\n|faint|p2a: Great Tusk\n|-end|p2a: Great Tusk|Protosynthesis|[silent]\n|\n|upkeep\n|\n|t:|1700420966\n|switch|p2a: Amoonguss|Amoonguss, M|54\/100\n|-damage|p2a: Amoonguss|42\/100|[from] Spikes\n|turn|43\n|\n|t:|1700420968\n|move|p1a: Enamorus|Superpower|p2a: Amoonguss\n|-resisted|p2a: Amoonguss\n|-damage|p2a: Amoonguss|24\/100\n|-boost|p1a: Enamorus|atk|1\n|-boost|p1a: Enamorus|def|1\n|move|p2a: Amoonguss|Spore|p1a: Enamorus\n|-status|p1a: Enamorus|slp|[from] move: Spore\n|\n|upkeep\n|turn|44\n|\n|t:|1700420973\n|-terastallize|p1a: Enamorus|Ground\n|cant|p1a: Enamorus|slp\n|move|p2a: Amoonguss|Clear Smog|p1a: Enamorus\n|-resisted|p1a: Enamorus\n|-damage|p1a: Enamorus|90\/100 slp\n|-clearboost|p1a: Enamorus\n|\n|upkeep\n|turn|45\n|\n|t:|1700420981\n|switch|p2a: Alomomola|Alomomola, F|46\/100\n|-damage|p2a: Alomomola|33\/100|[from] Spikes\n|-curestatus|p1a: Enamorus|slp|[msg]\n|move|p1a: Enamorus|Superpower|p2a: Alomomola\n|-damage|p2a: Alomomola|16\/100\n|-boost|p1a: Enamorus|atk|1\n|-boost|p1a: Enamorus|def|1\n|\n|upkeep\n|turn|46\n|\n|t:|1700420985\n|-terastallize|p2a: Alomomola|Flying\n|move|p1a: Enamorus|Superpower|p2a: Alomomola\n|-resisted|p2a: Alomomola\n|-damage|p2a: Alomomola|4\/100\n|-boost|p1a: Enamorus|atk|1\n|-boost|p1a: Enamorus|def|1\n|move|p2a: Alomomola|Wish|p2a: Alomomola\n|\n|upkeep\n|turn|47\n|\n|t:|1700420989\n|move|p2a: Alomomola|Protect|p2a: Alomomola\n|-singleturn|p2a: Alomomola|Protect\n|move|p1a: Enamorus|Superpower|p2a: Alomomola\n|-activate|p2a: Alomomola|move: Protect\n|\n|-heal|p2a: Alomomola|54\/100|[from] move: Wish|[wisher] Alomomola\n|upkeep\n|turn|48\n|\n|t:|1700420991\n|move|p1a: Enamorus|Superpower|p2a: Alomomola\n|-resisted|p2a: Alomomola\n|-damage|p2a: Alomomola|37\/100\n|-boost|p1a: Enamorus|atk|1\n|-boost|p1a: Enamorus|def|1\n|move|p2a: Alomomola|Scald|p1a: Enamorus\n|-supereffective|p1a: Enamorus\n|-damage|p1a: Enamorus|52\/100\n|\n|upkeep\n|turn|49\n|\n|t:|1700420999\n|move|p1a: Enamorus|Superpower|p2a: Alomomola\n|-resisted|p2a: Alomomola\n|-damage|p2a: Alomomola|18\/100\n|-boost|p1a: Enamorus|atk|1\n|-boost|p1a: Enamorus|def|1\n|move|p2a: Alomomola|Wish|p2a: Alomomola\n|\n|upkeep\n|turn|50\n|\n|t:|1700421004\n|move|p2a: Alomomola|Protect|p2a: Alomomola\n|-singleturn|p2a: Alomomola|Protect\n|move|p1a: Enamorus|Superpower|p2a: Alomomola\n|-activate|p2a: Alomomola|move: Protect\n|\n|-heal|p2a: Alomomola|68\/100|[from] move: Wish|[wisher] Alomomola\n|upkeep\n|turn|51\n|-message|itsEupho forfeited.\n|\n|win|Welcometoearth420\n|raw|itsEupho's rating: 1392 &rarr; <strong>1369<\/strong><br \/>(-23 for losing)\n|raw|Welcometoearth420's rating: 1347 &rarr; <strong>1370<\/strong><br \/>(+23 for winning)\n|l|\u2606itsEupho\n","uploadtime":1700421010,"views":18,"p1id":"itseupho","p2id":"welcometoearth420","formatid":"gen9ou","rating":1369,"private":0,"password":""}