{"id":"gen9ou-1993982235","p1":"FROZHQ","p2":"LOOPJ21","format":"[Gen 9] OU","log":"|j|\u2606FROZHQ\n|j|\u2606LOOPJ21\n|t:|1700387746\n|gametype|singles\n|player|p1|FROZHQ|lusamine-nihilego|1134\n|player|p2|LOOPJ21|riley|1157\n|teamsize|p1|6\n|teamsize|p2|6\n|gen|9\n|tier|[Gen 9] OU\n|rated|\n|rule|Sleep Clause Mod: Limit one foe put to sleep\n|rule|Species Clause: Limit one of each Pok\u00e9mon\n|rule|OHKO Clause: OHKO moves are banned\n|rule|Evasion Items Clause: Evasion items are banned\n|rule|Evasion Moves Clause: Evasion moves are banned\n|rule|Endless Battle Clause: Forcing endless battles is banned\n|rule|HP Percentage Mod: HP is shown in percentages\n|clearpoke\n|poke|p1|Great Tusk|\n|poke|p1|Dragapult, F|\n|poke|p1|Lokix, F|\n|poke|p1|Corviknight, F|\n|poke|p1|Iron Jugulis|\n|poke|p1|Skeledirge, M|\n|poke|p2|Sableye, M|\n|poke|p2|Glimmora, M|\n|poke|p2|Iron Moth|\n|poke|p2|Sneasler, M|\n|poke|p2|Rillaboom, M|\n|poke|p2|Scizor, M|\n|teampreview\n|\n|t:|1700387754\n|start\n|switch|p1a: KARMEN RIDER|Lokix, F|100\/100\n|switch|p2a: Glimmora|Glimmora, M|100\/100\n|turn|1\n|c|\u2606FROZHQ|how much money am i gonna put that glimmora has a focus sash.\n|\n|t:|1700387779\n|switch|p2a: Sableye|Sableye, M|100\/100\n|move|p1a: KARMEN RIDER|First Impression|p2a: Sableye\n|-damage|p2a: Sableye|14\/100\n|\n|upkeep\n|turn|2\n|\n|t:|1700387796\n|switch|p1a: Iron Jugulis|Iron Jugulis|100\/100\n|-enditem|p1a: Iron Jugulis|Booster Energy\n|-activate|p1a: Iron Jugulis|ability: Quark Drive|[fromitem]\n|-start|p1a: Iron Jugulis|quarkdrivespe\n|move|p2a: Sableye|Will-O-Wisp|p1a: Iron Jugulis\n|-hint|Since gen 7, Dark is immune to Prankster moves.\n|-immune|p1a: Iron Jugulis\n|\n|upkeep\n|turn|3\n|\n|t:|1700387809\n|move|p2a: Sableye|Light Screen|p2a: Sableye\n|-sidestart|p2: LOOPJ21|move: Light Screen\n|move|p1a: Iron Jugulis|Knock Off|p2a: Sableye\n|-damage|p2a: Sableye|0 fnt\n|-enditem|p2a: Sableye|Light Clay|[from] move: Knock Off|[of] p1a: Iron Jugulis\n|faint|p2a: Sableye\n|\n|upkeep\n|\n|t:|1700387818\n|switch|p2a: Scizor|Scizor, M|100\/100\n|turn|4\n|\n|t:|1700387825\n|move|p1a: Iron Jugulis|Earth Power|p2a: Scizor\n|-damage|p2a: Scizor|84\/100\n|move|p2a: Scizor|Swords Dance|p2a: Scizor\n|-boost|p2a: Scizor|atk|2\n|\n|-heal|p2a: Scizor|90\/100|[from] item: Leftovers\n|upkeep\n|turn|5\n|\n|t:|1700387836\n|move|p1a: Iron Jugulis|Hurricane|p2a: Scizor\n|-damage|p2a: Scizor|55\/100\n|move|p2a: Scizor|Swords Dance|p2a: Scizor\n|-boost|p2a: Scizor|atk|2\n|\n|-heal|p2a: Scizor|62\/100|[from] item: Leftovers\n|upkeep\n|turn|6\n|\n|t:|1700387846\n|move|p2a: Scizor|Bullet Punch|p1a: Iron Jugulis\n|-damage|p1a: Iron Jugulis|6\/100\n|move|p1a: Iron Jugulis|Hurricane|p2a: Scizor\n|-damage|p2a: Scizor|32\/100\n|-start|p2a: Scizor|confusion\n|\n|-heal|p2a: Scizor|38\/100|[from] item: Leftovers\n|upkeep\n|turn|7\n|\n|t:|1700387858\n|-activate|p2a: Scizor|confusion\n|move|p2a: Scizor|Bullet Punch|p1a: Iron Jugulis\n|-damage|p1a: Iron Jugulis|0 fnt\n|faint|p1a: Iron Jugulis\n|-end|p1a: Iron Jugulis|Quark Drive|[silent]\n|\n|-heal|p2a: Scizor|44\/100|[from] item: Leftovers\n|upkeep\n|\n|t:|1700387870\n|switch|p1a: Skeledirge|Skeledirge, M|100\/100\n|turn|8\n|\n|t:|1700387875\n|-terastallize|p2a: Scizor|Ground\n|-activate|p2a: Scizor|confusion\n|-damage|p2a: Scizor|14\/100|[from] confusion\n|move|p1a: Skeledirge|Torch Song|p2a: Scizor\n|-damage|p2a: Scizor|0 fnt\n|-boost|p1a: Skeledirge|spa|1\n|faint|p2a: Scizor\n|\n|upkeep\n|\n|t:|1700387886\n|switch|p2a: Glimmora|Glimmora, M|100\/100\n|turn|9\n|\n|t:|1700387894\n|move|p2a: Glimmora|Stealth Rock|p1a: Skeledirge\n|-sidestart|p1: FROZHQ|move: Stealth Rock\n|move|p1a: Skeledirge|Will-O-Wisp|p2a: Glimmora\n|-status|p2a: Glimmora|brn\n|\n|-damage|p2a: Glimmora|94\/100 brn|[from] brn\n|upkeep\n|turn|10\n|\n|t:|1700387902\n|move|p2a: Glimmora|Mortal Spin|p1a: Skeledirge\n|-resisted|p1a: Skeledirge\n|-damage|p1a: Skeledirge|99\/100\n|-status|p1a: Skeledirge|psn\n|move|p1a: Skeledirge|Hex|p2a: Glimmora\n|-damage|p2a: Glimmora|53\/100 brn\n|\n|-heal|p2a: Glimmora|60\/100 brn|[from] item: Black Sludge\n|-heal|p1a: Skeledirge|100\/100 psn|[from] item: Leftovers\n|-damage|p1a: Skeledirge|88\/100 psn|[from] psn\n|-damage|p2a: Glimmora|53\/100 brn|[from] brn\n|-sideend|p2: LOOPJ21|move: Light Screen\n|upkeep\n|turn|11\n|\n|t:|1700387916\n|move|p2a: Glimmora|Earth Power|p1a: Skeledirge\n|-supereffective|p1a: Skeledirge\n|-damage|p1a: Skeledirge|48\/100 psn\n|move|p1a: Skeledirge|Torch Song|p2a: Glimmora\n|-resisted|p2a: Glimmora\n|-damage|p2a: Glimmora|30\/100 brn\n|-boost|p1a: Skeledirge|spa|1\n|\n|-heal|p2a: Glimmora|36\/100 brn|[from] item: Black Sludge\n|-heal|p1a: Skeledirge|54\/100 psn|[from] item: Leftovers\n|-damage|p1a: Skeledirge|41\/100 psn|[from] psn\n|-damage|p2a: Glimmora|30\/100 brn|[from] brn\n|upkeep\n|turn|12\n|\n|t:|1700387931\n|move|p2a: Glimmora|Earth Power|p1a: Skeledirge\n|-supereffective|p1a: Skeledirge\n|-damage|p1a: Skeledirge|3\/100 psn\n|-unboost|p1a: Skeledirge|spd|1\n|move|p1a: Skeledirge|Hex|p2a: Glimmora\n|-damage|p2a: Glimmora|0 fnt\n|faint|p2a: Glimmora\n|\n|-heal|p1a: Skeledirge|10\/100 psn|[from] item: Leftovers\n|-damage|p1a: Skeledirge|0 fnt|[from] psn\n|faint|p1a: Skeledirge\n|upkeep\n|\n|t:|1700387948\n|switch|p2a: Rillaboom|Rillaboom, M|100\/100\n|switch|p1a: Corviknight|Corviknight, F, shiny|100\/100\n|-fieldstart|move: Grassy Terrain|[from] ability: Grassy Surge|[of] p2a: Rillaboom\n|-damage|p1a: Corviknight|88\/100|[from] Stealth Rock\n|-ability|p1a: Corviknight|Pressure\n|turn|13\n|\n|t:|1700387961\n|move|p2a: Rillaboom|Fake Out|p1a: Corviknight\n|-resisted|p1a: Corviknight\n|-damage|p1a: Corviknight|84\/100\n|-damage|p2a: Rillaboom|84\/100|[from] item: Rocky Helmet|[of] p1a: Corviknight\n|cant|p1a: Corviknight|flinch\n|\n|-heal|p2a: Rillaboom|90\/100|[from] Grassy Terrain\n|upkeep\n|turn|14\n|\n|t:|1700387973\n|move|p2a: Rillaboom|Body Slam|p1a: Corviknight\n|-resisted|p1a: Corviknight\n|-damage|p1a: Corviknight|75\/100\n|-status|p1a: Corviknight|par\n|-damage|p2a: Rillaboom|74\/100|[from] item: Rocky Helmet|[of] p1a: Corviknight\n|move|p1a: Corviknight|Defog|p2a: Rillaboom\n|-unboost|p2a: Rillaboom|evasion|1\n|-sideend|p1: FROZHQ|Stealth Rock|[from] move: Defog|[of] p1a: Corviknight\n|-fieldend|move: Grassy Terrain\n|\n|upkeep\n|turn|15\n|\n|t:|1700387983\n|move|p2a: Rillaboom|Drain Punch|p1a: Corviknight\n|-damage|p1a: Corviknight|57\/100 par\n|-heal|p2a: Rillaboom|82\/100|[from] drain|[of] p1a: Corviknight\n|-damage|p2a: Rillaboom|66\/100|[from] item: Rocky Helmet|[of] p1a: Corviknight\n|cant|p1a: Corviknight|par\n|\n|upkeep\n|turn|16\n|\n|t:|1700387995\n|switch|p2a: Iron Moth|Iron Moth|100\/100\n|-enditem|p2a: Iron Moth|Booster Energy\n|-activate|p2a: Iron Moth|ability: Quark Drive|[fromitem]\n|-start|p2a: Iron Moth|quarkdrivespe\n|move|p1a: Corviknight|U-turn|p2a: Iron Moth\n|-resisted|p2a: Iron Moth\n|-damage|p2a: Iron Moth|94\/100\n|\n|t:|1700388006\n|switch|p1a: Great Fart|Great Tusk, shiny|100\/100|[from] U-turn\n|-enditem|p1a: Great Fart|Booster Energy\n|-activate|p1a: Great Fart|ability: Protosynthesis|[fromitem]\n|-start|p1a: Great Fart|protosynthesisatk\n|\n|upkeep\n|turn|17\n|\n|t:|1700388018\n|move|p2a: Iron Moth|Dazzling Gleam|p1a: Great Fart\n|-supereffective|p1a: Great Fart\n|-damage|p1a: Great Fart|17\/100\n|move|p1a: Great Fart|Earthquake|p2a: Iron Moth\n|-supereffective|p2a: Iron Moth\n|-damage|p2a: Iron Moth|0 fnt\n|faint|p2a: Iron Moth\n|-end|p2a: Iron Moth|Quark Drive|[silent]\n|\n|upkeep\n|\n|t:|1700388029\n|switch|p2a: Rillaboom|Rillaboom, M|66\/100\n|-fieldstart|move: Grassy Terrain|[from] ability: Grassy Surge|[of] p2a: Rillaboom\n|turn|18\n|\n|t:|1700388037\n|move|p2a: Rillaboom|Grassy Glide|p1a: Great Fart\n|-supereffective|p1a: Great Fart\n|-damage|p1a: Great Fart|0 fnt\n|faint|p1a: Great Fart\n|-end|p1a: Great Fart|Protosynthesis|[silent]\n|\n|-heal|p2a: Rillaboom|72\/100|[from] Grassy Terrain\n|upkeep\n|\n|t:|1700388041\n|switch|p1a: KARMEN RIDER|Lokix, F|100\/100\n|turn|19\n|\n|t:|1700388052\n|move|p1a: KARMEN RIDER|First Impression|p2a: Rillaboom\n|-supereffective|p2a: Rillaboom\n|-damage|p2a: Rillaboom|0 fnt\n|faint|p2a: Rillaboom\n|\n|upkeep\n|\n|t:|1700388058\n|switch|p2a: Sneasler|Sneasler, M|100\/100\n|-enditem|p2a: Sneasler|Grassy Seed\n|-boost|p2a: Sneasler|def|1|[from] item: Grassy Seed\n|turn|20\n|\n|t:|1700388068\n|switch|p1a: Corviknight|Corviknight, F, shiny|57\/100 par\n|-ability|p1a: Corviknight|Pressure\n|move|p2a: Sneasler|Acrobatics|p1a: Corviknight\n|-resisted|p1a: Corviknight\n|-damage|p1a: Corviknight|45\/100 par\n|-damage|p2a: Sneasler|84\/100|[from] item: Rocky Helmet|[of] p1a: Corviknight\n|\n|-heal|p2a: Sneasler|90\/100|[from] Grassy Terrain\n|upkeep\n|turn|21\n|\n|t:|1700388085\n|move|p2a: Sneasler|Swords Dance|p2a: Sneasler\n|-boost|p2a: Sneasler|atk|2\n|move|p1a: Corviknight|Roost|p1a: Corviknight\n|-heal|p1a: Corviknight|95\/100 par\n|-singleturn|p1a: Corviknight|move: Roost\n|\n|-heal|p2a: Sneasler|96\/100|[from] Grassy Terrain\n|-heal|p1a: Corviknight|100\/100 par|[from] Grassy Terrain\n|upkeep\n|turn|22\n|\n|t:|1700388099\n|move|p2a: Sneasler|Swords Dance|p2a: Sneasler\n|-boost|p2a: Sneasler|atk|2\n|move|p1a: Corviknight|Body Press|p2a: Sneasler\n|-resisted|p2a: Sneasler\n|-damage|p2a: Sneasler|81\/100\n|\n|-heal|p2a: Sneasler|87\/100|[from] Grassy Terrain\n|-fieldend|move: Grassy Terrain\n|upkeep\n|turn|23\n|\n|t:|1700388111\n|move|p2a: Sneasler|Acrobatics|p1a: Corviknight\n|-resisted|p1a: Corviknight\n|-damage|p1a: Corviknight|61\/100 par\n|-damage|p2a: Sneasler|70\/100|[from] item: Rocky Helmet|[of] p1a: Corviknight\n|move|p1a: Corviknight|U-turn|p2a: Sneasler\n|-resisted|p2a: Sneasler\n|-damage|p2a: Sneasler|66\/100\n|\n|t:|1700388118\n|switch|p1a: DragaBRUH|Dragapult, F|100\/100|[from] U-turn\n|\n|upkeep\n|turn|24\n|\n|t:|1700388127\n|move|p2a: Sneasler|Dire Claw|p1a: DragaBRUH\n|-resisted|p1a: DragaBRUH\n|-damage|p1a: DragaBRUH|0 fnt\n|faint|p1a: DragaBRUH\n|\n|upkeep\n|\n|t:|1700388133\n|switch|p1a: KARMEN RIDER|Lokix, F|100\/100\n|turn|25\n|\n|t:|1700388145\n|move|p2a: Sneasler|Dire Claw|p1a: KARMEN RIDER\n|-damage|p1a: KARMEN RIDER|0 fnt\n|faint|p1a: KARMEN RIDER\n|\n|upkeep\n|\n|t:|1700388148\n|switch|p1a: Corviknight|Corviknight, F, shiny|61\/100 par\n|-ability|p1a: Corviknight|Pressure\n|turn|26\n|c|\u2606FROZHQ|gg\n|\n|t:|1700388157\n|move|p2a: Sneasler|Acrobatics|p1a: Corviknight\n|-resisted|p1a: Corviknight\n|-damage|p1a: Corviknight|27\/100 par\n|-damage|p2a: Sneasler|49\/100|[from] item: Rocky Helmet|[of] p1a: Corviknight\n|move|p1a: Corviknight|Body Press|p2a: Sneasler\n|-resisted|p2a: Sneasler\n|-crit|p2a: Sneasler\n|-damage|p2a: Sneasler|14\/100\n|\n|upkeep\n|turn|27\n|\n|t:|1700388168\n|move|p2a: Sneasler|Close Combat|p1a: Corviknight\n|-damage|p1a: Corviknight|0 fnt\n|-unboost|p2a: Sneasler|def|1\n|-unboost|p2a: Sneasler|spd|1\n|-damage|p2a: Sneasler|0 fnt|[from] item: Rocky Helmet|[of] p1a: Corviknight\n|faint|p1a: Corviknight\n|faint|p2a: Sneasler\n|\n|win|LOOPJ21\n|raw|FROZHQ's rating: 1134 &rarr; <strong>1111<\/strong><br \/>(-23 for losing)\n|raw|LOOPJ21's rating: 1157 &rarr; <strong>1180<\/strong><br \/>(+23 for winning)\n|c|\u2606FROZHQ|oh\n|c|\u2606FROZHQ|ok\n|l|\u2606FROZHQ\n|c|\u2606LOOPJ21|Gg\n|l|\u2606LOOPJ21\n|j|\u2606LOOPJ21\n|player|p2|LOOPJ21|riley\n","uploadtime":1700388212,"views":16,"p1id":"frozhq","p2id":"loopj21","formatid":"gen9ou","rating":1111,"private":0,"password":""}