{"id":"gen9ou-1990884048","p1":"RepeatUntilTired3","p2":"Toto2002","format":"[Gen 9] OU","log":"|j|\u2606RepeatUntilTired3\n|j|\u2606Toto2002\n|t:|1700011173\n|gametype|singles\n|player|p1|RepeatUntilTired3|marlon|1303\n|player|p2|Toto2002|rosa|1282\n|teamsize|p1|6\n|teamsize|p2|6\n|gen|9\n|tier|[Gen 9] OU\n|rated|\n|rule|Sleep Clause Mod: Limit one foe put to sleep\n|rule|Species Clause: Limit one of each Pok\u00e9mon\n|rule|OHKO Clause: OHKO moves are banned\n|rule|Evasion Items Clause: Evasion items are banned\n|rule|Evasion Moves Clause: Evasion moves are banned\n|rule|Endless Battle Clause: Forcing endless battles is banned\n|rule|HP Percentage Mod: HP is shown in percentages\n|clearpoke\n|poke|p1|Basculegion-F, F|\n|poke|p1|Thundurus-Therian, M|\n|poke|p1|Zapdos|\n|poke|p1|Pelipper, M|\n|poke|p1|Iron Treads|\n|poke|p1|Samurott-Hisui, F|\n|poke|p2|Clodsire, F|\n|poke|p2|Zapdos|\n|poke|p2|Gholdengo|\n|poke|p2|Walking Wake|\n|poke|p2|Great Tusk|\n|poke|p2|Sneasler, F|\n|teampreview\n|inactive|Battle timer is ON: inactive players will automatically lose when time's up. (requested by Toto2002)\n|\n|t:|1700011193\n|start\n|switch|p1a: BigDaddyPel|Pelipper, M|100\/100\n|switch|p2a: Zapdos|Zapdos|100\/100\n|-weather|RainDance|[from] ability: Drizzle|[of] p1a: BigDaddyPel\n|turn|1\n|\n|t:|1700011199\n|switch|p1a: Droideka|Iron Treads|100\/100\n|move|p2a: Zapdos|U-turn|p1a: Droideka\n|-resisted|p1a: Droideka\n|-damage|p1a: Droideka|95\/100\n|\n|t:|1700011202\n|switch|p2a: Walking Wake|Walking Wake|100\/100|[from] U-turn\n|\n|-weather|RainDance|[upkeep]\n|-heal|p1a: Droideka|100\/100|[from] item: Leftovers\n|upkeep\n|turn|2\n|\n|t:|1700011214\n|move|p2a: Walking Wake|Hydro Steam|p1a: Droideka\n|-supereffective|p1a: Droideka\n|-damage|p1a: Droideka|0 fnt\n|faint|p1a: Droideka\n|-end|p1a: Droideka|Quark Drive|[silent]\n|\n|-weather|RainDance|[upkeep]\n|upkeep\n|\n|t:|1700011224\n|switch|p1a: Him|Samurott-Hisui, F|100\/100\n|turn|3\n|\n|t:|1700011231\n|move|p2a: Walking Wake|Draco Meteor|p1a: Him\n|-damage|p1a: Him|13\/100\n|-unboost|p2a: Walking Wake|spa|2\n|move|p1a: Him|Knock Off|p2a: Walking Wake\n|-damage|p2a: Walking Wake|25\/100\n|-enditem|p2a: Walking Wake|Expert Belt|[from] move: Knock Off|[of] p1a: Him\n|\n|-weather|RainDance|[upkeep]\n|upkeep\n|turn|4\n|\n|t:|1700011243\n|switch|p1a: BigBird|Zapdos|100\/100\n|move|p2a: Walking Wake|Draco Meteor|p1a: BigBird\n|-damage|p1a: BigBird|69\/100\n|-unboost|p2a: Walking Wake|spa|2\n|\n|-weather|RainDance|[upkeep]\n|upkeep\n|turn|5\n|\n|t:|1700011250\n|-end|p2a: Walking Wake|Protosynthesis|[silent]\n|switch|p2a: Clodsire|Clodsire, F|100\/100\n|move|p1a: BigBird|U-turn|p2a: Clodsire\n|-resisted|p2a: Clodsire\n|-damage|p2a: Clodsire|94\/100\n|\n|t:|1700011255\n|switch|p1a: Him|Samurott-Hisui, F|13\/100|[from] U-turn\n|\n|-weather|RainDance|[upkeep]\n|-heal|p2a: Clodsire|99\/100|[from] item: Leftovers\n|upkeep\n|turn|6\n|\n|t:|1700011273\n|move|p1a: Him|Ceaseless Edge|p2a: Clodsire\n|-damage|p2a: Clodsire|15\/100\n|-sidestart|p2: Toto2002|Spikes\n|move|p2a: Clodsire|Earthquake|p1a: Him\n|-damage|p1a: Him|0 fnt\n|faint|p1a: Him\n|\n|-weather|RainDance|[upkeep]\n|-heal|p2a: Clodsire|21\/100|[from] item: Leftovers\n|upkeep\n|\n|t:|1700011284\n|switch|p1a: Her|Basculegion-F, F|100\/100\n|turn|7\n|\n|t:|1700011289\n|move|p1a: Her|Shadow Ball|p2a: Clodsire\n|-damage|p2a: Clodsire|0 fnt\n|faint|p2a: Clodsire\n|\n|-weather|RainDance|[upkeep]\n|upkeep\n|\n|t:|1700011292\n|switch|p2a: Zapdos|Zapdos|100\/100\n|turn|8\n|\n|t:|1700011302\n|switch|p1a: BigBird|Zapdos|69\/100\n|move|p2a: Zapdos|U-turn|p1a: BigBird\n|-resisted|p1a: BigBird\n|-damage|p1a: BigBird|64\/100\n|\n|t:|1700011307\n|switch|p2a: Gholdengo|Gholdengo|100\/100|[from] U-turn\n|-damage|p2a: Gholdengo|88\/100|[from] Spikes\n|\n|-weather|none\n|-heal|p2a: Gholdengo|94\/100|[from] item: Leftovers\n|upkeep\n|turn|9\n|\n|t:|1700011314\n|move|p1a: BigBird|Roost|p1a: BigBird\n|-heal|p1a: BigBird|100\/100\n|-singleturn|p1a: BigBird|move: Roost\n|move|p2a: Gholdengo|Shadow Ball|p1a: BigBird\n|-damage|p1a: BigBird|66\/100\n|-unboost|p1a: BigBird|spd|1\n|\n|-heal|p2a: Gholdengo|99\/100|[from] item: Leftovers\n|upkeep\n|turn|10\n|\n|t:|1700011323\n|move|p1a: BigBird|U-turn|p2a: Gholdengo\n|-resisted|p2a: Gholdengo\n|-damage|p2a: Gholdengo|97\/100\n|\n|t:|1700011326\n|switch|p1a: BigDaddyPel|Pelipper, M|100\/100|[from] U-turn\n|-weather|RainDance|[from] ability: Drizzle|[of] p1a: BigDaddyPel\n|move|p2a: Gholdengo|Shadow Ball|p1a: BigDaddyPel\n|-crit|p1a: BigDaddyPel\n|-damage|p1a: BigDaddyPel|50\/100\n|\n|-weather|RainDance|[upkeep]\n|-heal|p2a: Gholdengo|100\/100|[from] item: Leftovers\n|upkeep\n|turn|11\n|\n|t:|1700011338\n|move|p2a: Gholdengo|Shadow Ball|p1a: BigDaddyPel\n|-damage|p1a: BigDaddyPel|18\/100\n|-unboost|p1a: BigDaddyPel|spd|1\n|move|p1a: BigDaddyPel|U-turn|p2a: Gholdengo\n|-resisted|p2a: Gholdengo\n|-damage|p2a: Gholdengo|98\/100\n|\n|t:|1700011352\n|switch|p1a: Her|Basculegion-F, F|100\/100|[from] U-turn\n|\n|-weather|RainDance|[upkeep]\n|-heal|p2a: Gholdengo|100\/100|[from] item: Leftovers\n|upkeep\n|turn|12\n|\n|t:|1700011361\n|switch|p2a: Walking Wake|Walking Wake|25\/100\n|-damage|p2a: Walking Wake|13\/100|[from] Spikes\n|move|p1a: Her|Shadow Ball|p2a: Walking Wake\n|-damage|p2a: Walking Wake|0 fnt\n|faint|p2a: Walking Wake\n|-end|p2a: Walking Wake|Protosynthesis|[silent]\n|\n|-weather|RainDance|[upkeep]\n|upkeep\n|\n|t:|1700011367\n|switch|p2a: Zapdos|Zapdos|100\/100\n|turn|13\n|\n|t:|1700011374\n|switch|p1a: BigBird|Zapdos|66\/100\n|move|p2a: Zapdos|Thunderbolt|p1a: BigBird\n|-damage|p1a: BigBird|17\/100\n|\n|-weather|RainDance|[upkeep]\n|upkeep\n|turn|14\n|\n|t:|1700011381\n|move|p2a: Zapdos|Thunderbolt|p1a: BigBird\n|-damage|p1a: BigBird|0 fnt\n|faint|p1a: BigBird\n|\n|-weather|RainDance|[upkeep]\n|upkeep\n|\n|t:|1700011386\n|switch|p1a: FatThor|Thundurus-Therian, M|100\/100\n|turn|15\n|\n|t:|1700011399\n|move|p1a: FatThor|Nasty Plot|p1a: FatThor\n|-boost|p1a: FatThor|spa|2\n|move|p2a: Zapdos|U-turn|p1a: FatThor\n|-resisted|p1a: FatThor\n|-damage|p1a: FatThor|91\/100\n|\n|t:|1700011401\n|switch|p2a: Gholdengo|Gholdengo|100\/100|[from] U-turn\n|-damage|p2a: Gholdengo|88\/100|[from] Spikes\n|\n|-weather|RainDance|[upkeep]\n|-heal|p2a: Gholdengo|94\/100|[from] item: Leftovers\n|upkeep\n|turn|16\n|\n|t:|1700011409\n|move|p1a: FatThor|Thunder|p2a: Gholdengo\n|-crit|p2a: Gholdengo\n|-damage|p2a: Gholdengo|0 fnt\n|faint|p2a: Gholdengo\n|\n|-weather|RainDance|[upkeep]\n|upkeep\n|\n|t:|1700011413\n|switch|p2a: Great Tusk|Great Tusk|100\/100\n|turn|17\n|\n|t:|1700011421\n|move|p1a: FatThor|Weather Ball|p2a: Great Tusk\n|-supereffective|p2a: Great Tusk\n|-damage|p2a: Great Tusk|0 fnt\n|faint|p2a: Great Tusk\n|-end|p2a: Great Tusk|Protosynthesis|[silent]\n|\n|-weather|none\n|upkeep\n|\n|t:|1700011426\n|switch|p2a: Sneasler|Sneasler, F|100\/100\n|turn|18\n|\n|t:|1700011429\n|move|p2a: Sneasler|Fake Out|p1a: FatThor\n|-damage|p1a: FatThor|71\/100\n|cant|p1a: FatThor|flinch\n|\n|upkeep\n|turn|19\n|\n|t:|1700011433\n|move|p2a: Sneasler|Dire Claw|p1a: FatThor\n|-damage|p1a: FatThor|12\/100\n|-status|p1a: FatThor|psn\n|move|p1a: FatThor|Psychic|p2a: Sneasler\n|-supereffective|p2a: Sneasler\n|-damage|p2a: Sneasler|0 fnt\n|faint|p2a: Sneasler\n|\n|-damage|p1a: FatThor|0 fnt|[from] psn\n|faint|p1a: FatThor\n|upkeep\n|c|\u2606RepeatUntilTired3|alright\n|\n|t:|1700011448\n|switch|p2a: Zapdos|Zapdos|100\/100\n|switch|p1a: BigDaddyPel|Pelipper, M|18\/100\n|-weather|RainDance|[from] ability: Drizzle|[of] p1a: BigDaddyPel\n|turn|20\n|\n|t:|1700011454\n|move|p2a: Zapdos|Thunderbolt|p1a: BigDaddyPel\n|-supereffective|p1a: BigDaddyPel\n|-damage|p1a: BigDaddyPel|0 fnt\n|faint|p1a: BigDaddyPel\n|\n|-weather|RainDance|[upkeep]\n|upkeep\n|\n|t:|1700011459\n|switch|p1a: Her|Basculegion-F, F|100\/100\n|turn|21\n|\n|t:|1700011464\n|-terastallize|p1a: Her|Water\n|-terastallize|p2a: Zapdos|Electric\n|move|p1a: Her|Surf|p2a: Zapdos\n|-damage|p2a: Zapdos|0 fnt\n|faint|p2a: Zapdos\n|\n|win|RepeatUntilTired3\n|raw|RepeatUntilTired3's rating: 1303 &rarr; <strong>1322<\/strong><br \/>(+19 for winning)\n|raw|Toto2002's rating: 1282 &rarr; <strong>1259<\/strong><br \/>(-23 for losing)\n|l|\u2606Toto2002\n","uploadtime":1700011475,"views":14,"p1id":"repeatuntiltired3","p2id":"toto2002","formatid":"gen9ou","rating":1259,"private":0,"password":""}