{"id":"gen9ou-1998233939","p1":"Chopsuey33","p2":"yamiyami17","format":"[Gen 9] OU","log":"|j|\u2606Chopsuey33\n|j|\u2606yamiyami17\n|t:|1700917254\n|gametype|singles\n|player|p1|Chopsuey33|marlon|1380\n|player|p2|yamiyami17|101|1295\n|teamsize|p1|6\n|teamsize|p2|6\n|gen|9\n|tier|[Gen 9] OU\n|rated|\n|rule|Sleep Clause Mod: Limit one foe put to sleep\n|rule|Species Clause: Limit one of each Pok\u00e9mon\n|rule|OHKO Clause: OHKO moves are banned\n|rule|Evasion Items Clause: Evasion items are banned\n|rule|Evasion Moves Clause: Evasion moves are banned\n|rule|Endless Battle Clause: Forcing endless battles is banned\n|rule|HP Percentage Mod: HP is shown in percentages\n|clearpoke\n|poke|p1|Mandibuzz, F|\n|poke|p1|Ceruledge, M|\n|poke|p1|Ogerpon-Wellspring, F|\n|poke|p1|Great Tusk|\n|poke|p1|Dragapult, F|\n|poke|p1|Blissey, F|\n|poke|p2|Sinistcha-Masterpiece|\n|poke|p2|Snorlax, F|\n|poke|p2|Cloyster, F|\n|poke|p2|Glimmora, M|\n|poke|p2|Ceruledge, F|\n|poke|p2|Kommo-o, M|\n|teampreview\n|\n|t:|1700917280\n|start\n|switch|p1a: Stanley Ipkiss|Ogerpon-Wellspring, F|100\/100\n|switch|p2a: Sinistcha|Sinistcha-Masterpiece|100\/100\n|turn|1\n|\n|t:|1700917294\n|move|p1a: Stanley Ipkiss|U-turn|p2a: Sinistcha\n|-damage|p2a: Sinistcha|82\/100\n|\n|t:|1700917305\n|switch|p1a: Saroumane|Mandibuzz, F|100\/100|[from] U-turn\n|move|p2a: Sinistcha|Iron Defense|p2a: Sinistcha\n|-boost|p2a: Sinistcha|def|2\n|\n|-heal|p2a: Sinistcha|88\/100|[from] item: Leftovers\n|upkeep\n|turn|2\n|\n|t:|1700917312\n|move|p1a: Saroumane|Toxic|p2a: Sinistcha|[miss]\n|-miss|p1a: Saroumane|p2a: Sinistcha\n|move|p2a: Sinistcha|Calm Mind|p2a: Sinistcha\n|-boost|p2a: Sinistcha|spa|1\n|-boost|p2a: Sinistcha|spd|1\n|\n|-heal|p2a: Sinistcha|94\/100|[from] item: Leftovers\n|upkeep\n|turn|3\n|\n|t:|1700917315\n|move|p1a: Saroumane|Toxic|p2a: Sinistcha\n|-status|p2a: Sinistcha|tox\n|move|p2a: Sinistcha|Matcha Gotcha|p1a: Saroumane\n|-resisted|p1a: Saroumane\n|-damage|p1a: Saroumane|81\/100\n|-heal|p2a: Sinistcha|100\/100 tox|[from] drain|[of] p1a: Saroumane\n|\n|-damage|p2a: Sinistcha|94\/100 tox|[from] psn\n|upkeep\n|turn|4\n|\n|t:|1700917320\n|move|p1a: Saroumane|Knock Off|p2a: Sinistcha\n|-supereffective|p2a: Sinistcha\n|-damage|p2a: Sinistcha|77\/100 tox\n|-enditem|p2a: Sinistcha|Leftovers|[from] move: Knock Off|[of] p1a: Saroumane\n|move|p2a: Sinistcha|Matcha Gotcha|p1a: Saroumane\n|-resisted|p1a: Saroumane\n|-damage|p1a: Saroumane|62\/100\n|-heal|p2a: Sinistcha|88\/100 tox|[from] drain|[of] p1a: Saroumane\n|\n|-damage|p2a: Sinistcha|76\/100 tox|[from] psn\n|upkeep\n|turn|5\n|\n|t:|1700917331\n|switch|p2a: Glimmora|Glimmora, M|100\/100\n|move|p1a: Saroumane|Roost|p1a: Saroumane\n|-heal|p1a: Saroumane|100\/100\n|-singleturn|p1a: Saroumane|move: Roost\n|\n|upkeep\n|turn|6\n|\n|t:|1700917358\n|switch|p1a: Many|Great Tusk|100\/100\n|move|p2a: Glimmora|Stealth Rock|p1a: Many\n|-sidestart|p1: Chopsuey33|move: Stealth Rock\n|\n|upkeep\n|turn|7\n|\n|t:|1700917367\n|move|p1a: Many|Rapid Spin|p2a: Glimmora\n|-resisted|p2a: Glimmora\n|-damage|p2a: Glimmora|95\/100\n|-boost|p1a: Many|spe|1\n|-activate|p2a: Glimmora|ability: Toxic Debris\n|-sidestart|p1: Chopsuey33|move: Toxic Spikes\n|-sideend|p1: Chopsuey33|Toxic Spikes|[from] move: Rapid Spin|[of] p1a: Many\n|-sideend|p1: Chopsuey33|Stealth Rock|[from] move: Rapid Spin|[of] p1a: Many\n|move|p2a: Glimmora|Mortal Spin|p1a: Many\n|-resisted|p1a: Many\n|-damage|p1a: Many|98\/100\n|-status|p1a: Many|psn\n|\n|-heal|p2a: Glimmora|100\/100|[from] item: Leftovers\n|-damage|p1a: Many|86\/100 psn|[from] psn\n|upkeep\n|turn|8\n|\n|t:|1700917375\n|switch|p2a: Sinistcha|Sinistcha-Masterpiece|76\/100 tox\n|move|p1a: Many|Headlong Rush|p2a: Sinistcha\n|-resisted|p2a: Sinistcha\n|-damage|p2a: Sinistcha|55\/100 tox\n|-unboost|p1a: Many|def|1\n|-unboost|p1a: Many|spd|1\n|-enditem|p1a: Many|Eject Pack\n|\n|t:|1700917382\n|-end|p1a: Many|Protosynthesis|[silent]\n|switch|p1a: Arthur|Ceruledge, M|100\/100\n|\n|-damage|p2a: Sinistcha|49\/100 tox|[from] psn\n|upkeep\n|turn|9\n|\n|t:|1700917391\n|move|p1a: Arthur|Bitter Blade|p2a: Sinistcha\n|-supereffective|p2a: Sinistcha\n|-damage|p2a: Sinistcha|16\/100 tox\n|move|p2a: Sinistcha|Shadow Ball|p1a: Arthur\n|-supereffective|p1a: Arthur\n|-damage|p1a: Arthur|30\/100\n|\n|-damage|p2a: Sinistcha|4\/100 tox|[from] psn\n|upkeep\n|turn|10\n|\n|t:|1700917399\n|move|p1a: Arthur|Bitter Blade|p2a: Sinistcha\n|-supereffective|p2a: Sinistcha\n|-damage|p2a: Sinistcha|0 fnt\n|-heal|p1a: Arthur|32\/100|[from] drain|[of] p2a: Sinistcha\n|faint|p2a: Sinistcha\n|\n|upkeep\n|\n|t:|1700917401\n|switch|p2a: Glimmora|Glimmora, M|100\/100\n|turn|11\n|\n|t:|1700917410\n|move|p1a: Arthur|Poltergeist|p2a: Glimmora|[miss]\n|-miss|p1a: Arthur|p2a: Glimmora\n|move|p2a: Glimmora|Stealth Rock|p1a: Arthur\n|-sidestart|p1: Chopsuey33|move: Stealth Rock\n|\n|upkeep\n|turn|12\n|\n|t:|1700917414\n|move|p1a: Arthur|Poltergeist|p2a: Glimmora\n|-activate|p2a: Glimmora|move: Poltergeist|Leftovers\n|-damage|p2a: Glimmora|60\/100\n|-activate|p2a: Glimmora|ability: Toxic Debris\n|-sidestart|p1: Chopsuey33|move: Toxic Spikes\n|move|p2a: Glimmora|Spikes|p1a: Arthur\n|-sidestart|p1: Chopsuey33|Spikes\n|\n|-heal|p2a: Glimmora|66\/100|[from] item: Leftovers\n|upkeep\n|turn|13\n|\n|t:|1700917426\n|move|p1a: Arthur|Swords Dance|p1a: Arthur\n|-boost|p1a: Arthur|atk|2\n|move|p2a: Glimmora|Spikes|p1a: Arthur\n|-sidestart|p1: Chopsuey33|Spikes\n|\n|-heal|p2a: Glimmora|72\/100|[from] item: Leftovers\n|upkeep\n|turn|14\n|\n|t:|1700917428\n|move|p1a: Arthur|Poltergeist|p2a: Glimmora\n|-activate|p2a: Glimmora|move: Poltergeist|Leftovers\n|-damage|p2a: Glimmora|0 fnt\n|-activate|p2a: Glimmora|ability: Toxic Debris\n|-sidestart|p1: Chopsuey33|move: Toxic Spikes\n|faint|p2a: Glimmora\n|\n|upkeep\n|\n|t:|1700917433\n|switch|p2a: Ceruledge|Ceruledge, F|100\/100\n|turn|15\n|\n|t:|1700917436\n|move|p2a: Ceruledge|Shadow Sneak|p1a: Arthur\n|-supereffective|p1a: Arthur\n|-damage|p1a: Arthur|0 fnt\n|faint|p1a: Arthur\n|\n|upkeep\n|\n|t:|1700917439\n|switch|p1a: Many|Great Tusk|86\/100 psn\n|-damage|p1a: Many|83\/100 psn|[from] Stealth Rock\n|-damage|p1a: Many|66\/100 psn|[from] Spikes\n|turn|16\n|\n|t:|1700917445\n|move|p2a: Ceruledge|Shadow Sneak|p1a: Many\n|-damage|p1a: Many|44\/100 psn\n|move|p1a: Many|Headlong Rush|p2a: Ceruledge\n|-supereffective|p2a: Ceruledge\n|-damage|p2a: Ceruledge|0 fnt\n|-unboost|p1a: Many|def|1\n|-unboost|p1a: Many|spd|1\n|faint|p2a: Ceruledge\n|\n|-damage|p1a: Many|32\/100 psn|[from] psn\n|upkeep\n|\n|t:|1700917452\n|switch|p2a: Cloyster|Cloyster, F|100\/100\n|turn|17\n|\n|t:|1700917457\n|-terastallize|p1a: Many|Water\n|move|p1a: Many|Rapid Spin|p2a: Cloyster\n|-damage|p2a: Cloyster|86\/100\n|-boost|p1a: Many|spe|1\n|-sideend|p1: Chopsuey33|Spikes|[from] move: Rapid Spin|[of] p1a: Many\n|-sideend|p1: Chopsuey33|Toxic Spikes|[from] move: Rapid Spin|[of] p1a: Many\n|-sideend|p1: Chopsuey33|Stealth Rock|[from] move: Rapid Spin|[of] p1a: Many\n|move|p2a: Cloyster|Shell Smash|p2a: Cloyster\n|-unboost|p2a: Cloyster|def|1\n|-unboost|p2a: Cloyster|spd|1\n|-boost|p2a: Cloyster|atk|2\n|-boost|p2a: Cloyster|spa|2\n|-boost|p2a: Cloyster|spe|2\n|-enditem|p2a: Cloyster|White Herb\n|-clearnegativeboost|p2a: Cloyster|[silent]\n|\n|-damage|p1a: Many|19\/100 psn|[from] psn\n|upkeep\n|turn|18\n|\n|t:|1700917467\n|move|p2a: Cloyster|Rock Blast|p1a: Many\n|-damage|p1a: Many|2\/100 psn\n|-damage|p1a: Many|0 fnt\n|faint|p1a: Many\n|-end|p1a: Many|Protosynthesis|[silent]\n|-hitcount|p1: Many|2\n|\n|upkeep\n|\n|t:|1700917489\n|switch|p1a: Saroumane|Mandibuzz, F|100\/100\n|turn|19\n|\n|t:|1700917495\n|move|p2a: Cloyster|Icicle Spear|p1a: Saroumane\n|-supereffective|p1a: Saroumane\n|-damage|p1a: Saroumane|73\/100\n|-supereffective|p1a: Saroumane\n|-damage|p1a: Saroumane|45\/100\n|-supereffective|p1a: Saroumane\n|-damage|p1a: Saroumane|19\/100\n|-supereffective|p1a: Saroumane\n|-damage|p1a: Saroumane|0 fnt\n|faint|p1a: Saroumane\n|-hitcount|p1: Saroumane|4\n|\n|upkeep\n|\n|t:|1700917502\n|switch|p1a: Stanley Ipkiss|Ogerpon-Wellspring, F|100\/100\n|turn|20\n|\n|t:|1700917504\n|move|p2a: Cloyster|Icicle Spear|p1a: Stanley Ipkiss\n|-damage|p1a: Stanley Ipkiss|72\/100\n|-damage|p1a: Stanley Ipkiss|41\/100\n|-damage|p1a: Stanley Ipkiss|10\/100\n|-damage|p1a: Stanley Ipkiss|0 fnt\n|faint|p1a: Stanley Ipkiss\n|-hitcount|p1: Stanley Ipkiss|4\n|\n|upkeep\n|-message|Chopsuey33 forfeited.\n|\n|win|yamiyami17\n|raw|Chopsuey33's rating: 1380 &rarr; <strong>1355<\/strong><br \/>(-25 for losing)\n|raw|yamiyami17's rating: 1295 &rarr; <strong>1326<\/strong><br \/>(+31 for winning)\n|l|\u2606Chopsuey33\n","uploadtime":1700917516,"views":13,"p1id":"chopsuey33","p2id":"yamiyami17","formatid":"gen9ou","rating":1326,"private":0,"password":""}