{"id":"gen9ou-1993783305","p1":"THEAsianFaLiUrE","p2":"megaraichu7","format":"[Gen 9] OU","log":"|j|\u2606THEAsianFaLiUrE\n|j|\u2606megaraichu7\n|t:|1700356742\n|gametype|singles\n|player|p1|THEAsianFaLiUrE|266|1065\n|player|p2|megaraichu7|chuck|1104\n|teamsize|p1|6\n|teamsize|p2|6\n|gen|9\n|tier|[Gen 9] OU\n|rated|\n|rule|Sleep Clause Mod: Limit one foe put to sleep\n|rule|Species Clause: Limit one of each Pok\u00e9mon\n|rule|OHKO Clause: OHKO moves are banned\n|rule|Evasion Items Clause: Evasion items are banned\n|rule|Evasion Moves Clause: Evasion moves are banned\n|rule|Endless Battle Clause: Forcing endless battles is banned\n|rule|HP Percentage Mod: HP is shown in percentages\n|clearpoke\n|poke|p1|Ogerpon-Cornerstone, F|\n|poke|p1|Kingambit, F|\n|poke|p1|Iron Moth|\n|poke|p1|Rillaboom, M|\n|poke|p1|Ceruledge, F|\n|poke|p1|Iron Hands|\n|poke|p2|Amoonguss, F|\n|poke|p2|Scizor, M|\n|poke|p2|Great Tusk|\n|poke|p2|Dragonite, M|\n|poke|p2|Iron Moth|\n|poke|p2|Pelipper, M|\n|teampreview\n|\n|t:|1700356761\n|start\n|switch|p1a: Iron Hands|Iron Hands|100\/100\n|switch|p2a: Pelipper|Pelipper, M|100\/100\n|-weather|RainDance|[from] ability: Drizzle|[of] p2a: Pelipper\n|turn|1\n|\n|t:|1700356768\n|move|p2a: Pelipper|Hurricane|p1a: Iron Hands\n|-damage|p1a: Iron Hands|48\/100\n|move|p1a: Iron Hands|Swords Dance|p1a: Iron Hands\n|-boost|p1a: Iron Hands|atk|2\n|\n|-weather|RainDance|[upkeep]\n|-heal|p1a: Iron Hands|54\/100|[from] item: Leftovers\n|upkeep\n|turn|2\n|\n|t:|1700356777\n|move|p2a: Pelipper|Hurricane|p1a: Iron Hands\n|-crit|p1a: Iron Hands\n|-damage|p1a: Iron Hands|0 fnt\n|faint|p1a: Iron Hands\n|-end|p1a: Iron Hands|Quark Drive|[silent]\n|\n|-weather|RainDance|[upkeep]\n|upkeep\n|c|\u2606THEAsianFaLiUrE|FUCK\n|c|\u2606THEAsianFaLiUrE|yur so lucky\n|c|\u2606THEAsianFaLiUrE|ofc\n|inactive|Battle timer is ON: inactive players will automatically lose when time's up. (requested by megaraichu7)\n|n|!megaraichu7|megaraichu7\n|c|\u2606THEAsianFaLiUrE|fighting ppl with no skill\n|\n|t:|1700356811\n|switch|p1a: Ogerpon|Ogerpon-Cornerstone, F|100\/100\n|turn|3\n|\n|t:|1700356836\n|switch|p2a: Dragonite|Dragonite, M|100\/100\n|move|p1a: Ogerpon|Ivy Cudgel|p2a: Dragonite|[anim] Ivy Cudgel Rock\n|-supereffective|p2a: Dragonite\n|-damage|p2a: Dragonite|44\/100\n|\n|-weather|RainDance|[upkeep]\n|-heal|p2a: Dragonite|50\/100|[from] item: Leftovers\n|upkeep\n|turn|4\n|inactive|THEAsianFaLiUrE has 120 seconds left.\n|\n|t:|1700356868\n|switch|p2a: Scizor|Scizor, M|100\/100\n|move|p1a: Ogerpon|Ivy Cudgel|p2a: Scizor|[anim] Ivy Cudgel Rock\n|-damage|p2a: Scizor|43\/100\n|\n|-weather|RainDance|[upkeep]\n|upkeep\n|turn|5\n|\n|t:|1700356882\n|move|p2a: Scizor|Bullet Punch|p1a: Ogerpon\n|-supereffective|p1a: Ogerpon\n|-ability|p1a: Ogerpon|Sturdy\n|-damage|p1a: Ogerpon|1\/100\n|move|p1a: Ogerpon|Ivy Cudgel|p2a: Scizor|[anim] Ivy Cudgel Rock\n|-damage|p2a: Scizor|0 fnt\n|faint|p2a: Scizor\n|\n|-weather|none\n|upkeep\n|\n|t:|1700356890\n|switch|p2a: Dragonite|Dragonite, M|50\/100\n|turn|6\n|c|\u2606THEAsianFaLiUrE|ez lol\n|\n|t:|1700356894\n|switch|p1a: Ceruledge|Ceruledge, F|100\/100\n|move|p2a: Dragonite|Extreme Speed|p1a: Ceruledge\n|-immune|p1a: Ceruledge\n|\n|-heal|p2a: Dragonite|57\/100|[from] item: Leftovers\n|upkeep\n|turn|7\n|\n|t:|1700356903\n|switch|p2a: Pelipper|Pelipper, M|100\/100\n|-weather|RainDance|[from] ability: Drizzle|[of] p2a: Pelipper\n|move|p1a: Ceruledge|Swords Dance|p1a: Ceruledge\n|-boost|p1a: Ceruledge|atk|2\n|\n|-weather|RainDance|[upkeep]\n|upkeep\n|turn|8\n|\n|t:|1700356919\n|move|p2a: Pelipper|Surf|p1a: Ceruledge\n|-supereffective|p1a: Ceruledge\n|-enditem|p1a: Ceruledge|Focus Sash\n|-damage|p1a: Ceruledge|1\/100\n|move|p1a: Ceruledge|Poltergeist|p2a: Pelipper\n|-activate|p2a: Pelipper|move: Poltergeist|Choice Scarf\n|-damage|p2a: Pelipper|0 fnt\n|faint|p2a: Pelipper\n|\n|-weather|RainDance|[upkeep]\n|upkeep\n|\n|t:|1700356931\n|switch|p2a: Dragonite|Dragonite, M|57\/100\n|turn|9\n|\n|t:|1700356940\n|move|p1a: Ceruledge|Poltergeist|p2a: Dragonite\n|-activate|p2a: Dragonite|move: Poltergeist|Leftovers\n|-damage|p2a: Dragonite|0 fnt\n|faint|p2a: Dragonite\n|\n|-weather|RainDance|[upkeep]\n|upkeep\n|-message|megaraichu7 forfeited.\n|\n|win|THEAsianFaLiUrE\n|raw|THEAsianFaLiUrE's rating: 1065 &rarr; <strong>1099<\/strong><br \/>(+34 for winning)\n|raw|megaraichu7's rating: 1104 &rarr; <strong>1076<\/strong><br \/>(-28 for losing)\n","uploadtime":1700356805,"views":8,"p1id":"theasianfaliure","p2id":"megaraichu7","formatid":"gen9ou","rating":1076,"private":0,"password":""}