{"id":"gen9ou-1990658789","p1":"MaxKouto","p2":"dafix","format":"[Gen 9] OU","log":"|j|\u2606MaxKouto\n|j|\u2606dafix\n|t:|1699989448\n|gametype|singles\n|player|p1|MaxKouto|falkner|1171\n|player|p2|dafix|wattson|1136\n|teamsize|p1|6\n|teamsize|p2|6\n|gen|9\n|tier|[Gen 9] OU\n|rated|\n|rule|Sleep Clause Mod: Limit one foe put to sleep\n|rule|Species Clause: Limit one of each Pok\u00e9mon\n|rule|OHKO Clause: OHKO moves are banned\n|rule|Evasion Items Clause: Evasion items are banned\n|rule|Evasion Moves Clause: Evasion moves are banned\n|rule|Endless Battle Clause: Forcing endless battles is banned\n|rule|HP Percentage Mod: HP is shown in percentages\n|clearpoke\n|poke|p1|Pawmot, M|\n|poke|p1|Ribombee, F|\n|poke|p1|Chandelure, M|\n|poke|p1|Mienshao, F|\n|poke|p1|Hydreigon, F|\n|poke|p1|Corviknight, M|\n|poke|p2|Great Tusk|\n|poke|p2|Ninetales-Alola, M|\n|poke|p2|Empoleon, F|\n|poke|p2|Shiftry, M|\n|poke|p2|Ceruledge, M|\n|poke|p2|Dragapult, F|\n|teampreview\n|\n|t:|1699989454\n|start\n|switch|p1a: Hydreigon|Hydreigon, F|100\/100\n|switch|p2a: Great Tusk|Great Tusk|100\/100\n|turn|1\n|\n|t:|1699989462\n|-end|p2a: Great Tusk|Protosynthesis|[silent]\n|switch|p2a: Ceruledge|Ceruledge, M|100\/100\n|move|p1a: Hydreigon|Draco Meteor|p2a: Ceruledge\n|-damage|p2a: Ceruledge|23\/100\n|-unboost|p1a: Hydreigon|spa|2\n|\n|upkeep\n|turn|2\n|\n|t:|1699989475\n|switch|p2a: Shiftry|Shiftry, M|100\/100\n|move|p1a: Hydreigon|Draco Meteor|p2a: Shiftry\n|-damage|p2a: Shiftry|44\/100\n|-unboost|p1a: Hydreigon|spa|2\n|\n|upkeep\n|turn|3\n|\n|t:|1699989489\n|switch|p1a: Corviknight|Corviknight, M|100\/100\n|-ability|p1a: Corviknight|Pressure\n|move|p2a: Shiftry|Tailwind|p2a: Shiftry\n|-sidestart|p2: dafix|move: Tailwind\n|-ability|p2a: Shiftry|Wind Rider|boost\n|-boost|p2a: Shiftry|atk|1\n|\n|upkeep\n|turn|4\n|\n|t:|1699989514\n|move|p2a: Shiftry|Knock Off|p1a: Corviknight\n|-damage|p1a: Corviknight|47\/100\n|-damage|p2a: Shiftry|28\/100|[from] item: Rocky Helmet|[of] p1a: Corviknight\n|-enditem|p1a: Corviknight|Rocky Helmet|[from] move: Knock Off|[of] p2a: Shiftry\n|move|p1a: Corviknight|U-turn|p2a: Shiftry\n|-supereffective|p2a: Shiftry\n|-damage|p2a: Shiftry|0 fnt\n|faint|p2a: Shiftry\n|\n|t:|1699989523\n|switch|p1a: Ribombee|Ribombee, F|100\/100|[from] U-turn\n|\n|upkeep\n|\n|t:|1699989543\n|switch|p2a: Great Tusk|Great Tusk|100\/100\n|turn|5\n|\n|t:|1699989551\n|move|p2a: Great Tusk|Heavy Slam|p1a: Ribombee\n|-supereffective|p1a: Ribombee\n|-enditem|p1a: Ribombee|Focus Sash\n|-damage|p1a: Ribombee|1\/100\n|move|p1a: Ribombee|Moonblast|p2a: Great Tusk\n|-supereffective|p2a: Great Tusk\n|-enditem|p2a: Great Tusk|Focus Sash\n|-damage|p2a: Great Tusk|1\/100\n|-unboost|p2a: Great Tusk|spa|1\n|\n|upkeep\n|turn|6\n|\n|t:|1699989557\n|move|p2a: Great Tusk|Rapid Spin|p1a: Ribombee\n|-damage|p1a: Ribombee|0 fnt\n|-boost|p2a: Great Tusk|spe|1\n|faint|p1a: Ribombee\n|\n|-sideend|p2: dafix|move: Tailwind\n|upkeep\n|inactive|Battle timer is ON: inactive players will automatically lose when time's up. (requested by dafix)\n|\n|t:|1699989589\n|switch|p1a: Pawmot|Pawmot, M|100\/100\n|turn|7\n|\n|t:|1699989595\n|switch|p1a: Hydreigon|Hydreigon, F|100\/100\n|move|p2a: Great Tusk|Headlong Rush|p1a: Hydreigon\n|-immune|p1a: Hydreigon|[from] ability: Levitate\n|\n|upkeep\n|turn|8\n|\n|t:|1699989607\n|move|p2a: Great Tusk|Stealth Rock|p1a: Hydreigon\n|-sidestart|p1: MaxKouto|move: Stealth Rock\n|move|p1a: Hydreigon|Earth Power|p2a: Great Tusk\n|-damage|p2a: Great Tusk|0 fnt\n|faint|p2a: Great Tusk\n|-end|p2a: Great Tusk|Protosynthesis|[silent]\n|\n|upkeep\n|\n|t:|1699989617\n|switch|p2a: Ninetales|Ninetales-Alola, M|100\/100\n|-weather|Snow|[from] ability: Snow Warning|[of] p2a: Ninetales\n|turn|9\n|\n|t:|1699989622\n|switch|p1a: Chandelure|Chandelure, M|100\/100\n|-damage|p1a: Chandelure|76\/100|[from] Stealth Rock\n|move|p2a: Ninetales|Aurora Veil|p2a: Ninetales\n|-sidestart|p2: dafix|move: Aurora Veil\n|\n|-weather|Snow|[upkeep]\n|upkeep\n|turn|10\n|\n|t:|1699989626\n|move|p1a: Chandelure|Flamethrower|p2a: Ninetales\n|-supereffective|p2a: Ninetales\n|-damage|p2a: Ninetales|46\/100\n|move|p2a: Ninetales|Hypnosis|p1a: Chandelure|[miss]\n|-miss|p2a: Ninetales|p1a: Chandelure\n|\n|-weather|Snow|[upkeep]\n|upkeep\n|turn|11\n|\n|t:|1699989639\n|switch|p1a: Corviknight|Corviknight, M|47\/100\n|-damage|p1a: Corviknight|35\/100|[from] Stealth Rock\n|-ability|p1a: Corviknight|Pressure\n|move|p2a: Ninetales|Hypnosis|p1a: Corviknight\n|-status|p1a: Corviknight|slp|[from] move: Hypnosis\n|\n|-weather|Snow|[upkeep]\n|upkeep\n|turn|12\n|\n|t:|1699989643\n|switch|p1a: Chandelure|Chandelure, M|76\/100\n|-damage|p1a: Chandelure|51\/100|[from] Stealth Rock\n|move|p2a: Ninetales|Freeze-Dry|p1a: Chandelure\n|-resisted|p1a: Chandelure\n|-damage|p1a: Chandelure|35\/100\n|\n|-weather|Snow|[upkeep]\n|upkeep\n|turn|13\n|\n|t:|1699989649\n|move|p1a: Chandelure|Shadow Ball|p2a: Ninetales\n|-damage|p2a: Ninetales|22\/100\n|-unboost|p2a: Ninetales|spd|1\n|move|p2a: Ninetales|Freeze-Dry|p1a: Chandelure\n|-resisted|p1a: Chandelure\n|-damage|p1a: Chandelure|21\/100\n|\n|-weather|none\n|upkeep\n|turn|14\n|\n|t:|1699989659\n|move|p1a: Chandelure|Shadow Ball|p2a: Ninetales\n|-damage|p2a: Ninetales|0 fnt\n|faint|p2a: Ninetales\n|\n|upkeep\n|\n|t:|1699989660\n|switch|p2a: Ceruledge|Ceruledge, M|23\/100\n|turn|15\n|\n|t:|1699989665\n|move|p2a: Ceruledge|Endure|p2a: Ceruledge\n|-singleturn|p2a: Ceruledge|move: Endure\n|move|p1a: Chandelure|Shadow Ball|p2a: Ceruledge\n|-supereffective|p2a: Ceruledge\n|-activate|p2a: Ceruledge|move: Endure\n|-damage|p2a: Ceruledge|1\/100\n|-enditem|p2a: Ceruledge|Weakness Policy\n|-boost|p2a: Ceruledge|atk|2|[from] item: Weakness Policy\n|-boost|p2a: Ceruledge|spa|2|[from] item: Weakness Policy\n|\n|upkeep\n|turn|16\n|\n|t:|1699989670\n|move|p2a: Ceruledge|Shadow Sneak|p1a: Chandelure\n|-supereffective|p1a: Chandelure\n|-damage|p1a: Chandelure|0 fnt\n|faint|p1a: Chandelure\n|\n|-sideend|p2: dafix|move: Aurora Veil\n|upkeep\n|\n|t:|1699989676\n|switch|p1a: Hydreigon|Hydreigon, F|100\/100\n|-damage|p1a: Hydreigon|88\/100|[from] Stealth Rock\n|turn|17\n|\n|t:|1699989686\n|move|p2a: Ceruledge|Shadow Sneak|p1a: Hydreigon\n|-resisted|p1a: Hydreigon\n|-damage|p1a: Hydreigon|64\/100\n|move|p1a: Hydreigon|Dark Pulse|p2a: Ceruledge\n|-supereffective|p2a: Ceruledge\n|-damage|p2a: Ceruledge|0 fnt\n|faint|p2a: Ceruledge\n|\n|upkeep\n|\n|t:|1699989697\n|switch|p2a: Empoleon|Empoleon, F|100\/100\n|turn|18\n|\n|t:|1699989702\n|switch|p1a: Corviknight|Corviknight, M|35\/100 slp\n|-damage|p1a: Corviknight|23\/100 slp|[from] Stealth Rock\n|-ability|p1a: Corviknight|Pressure\n|move|p2a: Empoleon|Agility|p2a: Empoleon\n|-boost|p2a: Empoleon|spe|2\n|\n|upkeep\n|turn|19\n|\n|t:|1699989706\n|move|p2a: Empoleon|Ice Beam|p1a: Corviknight\n|-damage|p1a: Corviknight|0 fnt\n|faint|p1a: Corviknight\n|\n|upkeep\n|\n|t:|1699989711\n|switch|p1a: Pawmot|Pawmot, M|100\/100\n|-damage|p1a: Pawmot|94\/100|[from] Stealth Rock\n|turn|20\n|\n|t:|1699989715\n|-terastallize|p2a: Empoleon|Grass\n|move|p2a: Empoleon|Hydro Pump|p1a: Pawmot\n|-damage|p1a: Pawmot|0 fnt\n|faint|p1a: Pawmot\n|\n|upkeep\n|\n|t:|1699989720\n|switch|p1a: Mienshao|Mienshao, F|100\/100\n|-damage|p1a: Mienshao|95\/100|[from] Stealth Rock\n|turn|21\n|\n|t:|1699989723\n|move|p1a: Mienshao|Fake Out|p2a: Empoleon\n|-damage|p2a: Empoleon|83\/100\n|cant|p2a: Empoleon|flinch\n|\n|upkeep\n|turn|22\n|\n|t:|1699989728\n|move|p2a: Empoleon|Hydro Pump|p1a: Mienshao\n|-damage|p1a: Mienshao|0 fnt\n|faint|p1a: Mienshao\n|\n|upkeep\n|\n|t:|1699989731\n|switch|p1a: Hydreigon|Hydreigon, F|64\/100\n|-damage|p1a: Hydreigon|52\/100|[from] Stealth Rock\n|turn|23\n|c|\u2606dafix|gg\n|\n|t:|1699989739\n|move|p1a: Hydreigon|Dark Pulse|p2a: Empoleon\n|-damage|p2a: Empoleon|35\/100\n|cant|p2a: Empoleon|flinch\n|\n|upkeep\n|turn|24\n|\n|t:|1699989744\n|move|p1a: Hydreigon|Dark Pulse|p2a: Empoleon\n|-damage|p2a: Empoleon|0 fnt\n|faint|p2a: Empoleon\n|\n|upkeep\n|\n|t:|1699989745\n|switch|p2a: Dragapult|Dragapult, F|100\/100\n|turn|25\n|\n|t:|1699989751\n|move|p1a: Hydreigon|Dark Pulse|p2a: Dragapult\n|-supereffective|p2a: Dragapult\n|-damage|p2a: Dragapult|0 fnt\n|faint|p2a: Dragapult\n|\n|win|MaxKouto\n|raw|MaxKouto's rating: 1171 &rarr; <strong>1193<\/strong><br \/>(+22 for winning)\n|raw|dafix's rating: 1136 &rarr; <strong>1114<\/strong><br \/>(-22 for losing)\n|c|\u2606MaxKouto|gg\n|c|\u2606dafix|so lucky\n|c|\u2606MaxKouto|XD\n|l|\u2606dafix\n","uploadtime":1699989769,"views":11,"p1id":"maxkouto","p2id":"dafix","formatid":"gen9ou","rating":1114,"private":0,"password":""}