{"id":"gen9ou-1996438003","p1":"thunderdog_32","p2":"Naatthegod","format":"[Gen 9] OU","log":"|j|\u2606thunderdog_32\n|j|\u2606Naatthegod\n|t:|1700681997\n|gametype|singles\n|player|p1|thunderdog_32|2|1238\n|player|p2|Naatthegod|dancer|1301\n|teamsize|p1|6\n|teamsize|p2|6\n|gen|9\n|tier|[Gen 9] OU\n|rated|\n|rule|Sleep Clause Mod: Limit one foe put to sleep\n|rule|Species Clause: Limit one of each Pok\u00e9mon\n|rule|OHKO Clause: OHKO moves are banned\n|rule|Evasion Items Clause: Evasion items are banned\n|rule|Evasion Moves Clause: Evasion moves are banned\n|rule|Endless Battle Clause: Forcing endless battles is banned\n|rule|HP Percentage Mod: HP is shown in percentages\n|clearpoke\n|poke|p1|Landorus-Therian, M|\n|poke|p1|Heatran, M|\n|poke|p1|Ogerpon-Wellspring, F|\n|poke|p1|Zapdos|\n|poke|p1|Dragapult, F|\n|poke|p1|Ribombee, F|\n|poke|p2|Torkoal, M|\n|poke|p2|Cinderace, M|\n|poke|p2|Great Tusk|\n|poke|p2|Walking Wake|\n|poke|p2|Ceruledge, F|\n|poke|p2|Lilligant-Hisui, F|\n|teampreview\n|inactive|Battle timer is ON: inactive players will automatically lose when time's up. (requested by Naatthegod)\n|\n|t:|1700682007\n|start\n|switch|p1a: Heatran|Heatran, M|100\/100\n|switch|p2a: Torkoal|Torkoal, M|100\/100\n|-weather|SunnyDay|[from] ability: Drought|[of] p2a: Torkoal\n|turn|1\n|\n|t:|1700682017\n|move|p1a: Heatran|Magma Storm|p2a: Torkoal\n|-resisted|p2a: Torkoal\n|-damage|p2a: Torkoal|58\/100\n|-activate|p2a: Torkoal|move: Magma Storm|[of] p1a: Heatran\n|move|p2a: Torkoal|Stealth Rock|p1a: Heatran\n|-sidestart|p1: thunderdog_32|move: Stealth Rock\n|\n|-weather|SunnyDay|[upkeep]\n|-damage|p2a: Torkoal|45\/100|[from] move: Magma Storm|[partiallytrapped]\n|upkeep\n|turn|2\n|\n|t:|1700682030\n|move|p1a: Heatran|Stealth Rock|p2a: Torkoal\n|-sidestart|p2: Naatthegod|move: Stealth Rock\n|move|p2a: Torkoal|Yawn|p1a: Heatran\n|-start|p1a: Heatran|move: Yawn|[of] p2a: Torkoal\n|\n|-weather|SunnyDay|[upkeep]\n|-damage|p2a: Torkoal|33\/100|[from] move: Magma Storm|[partiallytrapped]\n|upkeep\n|turn|3\n|\n|t:|1700682036\n|move|p1a: Heatran|Earth Power|p2a: Torkoal\n|-supereffective|p2a: Torkoal\n|-damage|p2a: Torkoal|0 fnt\n|faint|p2a: Torkoal\n|\n|-weather|SunnyDay|[upkeep]\n|-end|p1a: Heatran|move: Yawn|[silent]\n|-status|p1a: Heatran|slp\n|upkeep\n|\n|t:|1700682049\n|switch|p2a: Walking Wake|Walking Wake|100\/100\n|-damage|p2a: Walking Wake|88\/100|[from] Stealth Rock\n|-activate|p2a: Walking Wake|ability: Protosynthesis\n|-start|p2a: Walking Wake|protosynthesisspe\n|turn|4\n|\n|t:|1700682060\n|switch|p1a: Ogerpon|Ogerpon-Wellspring, F|100\/100\n|-damage|p1a: Ogerpon|88\/100|[from] Stealth Rock\n|move|p2a: Walking Wake|Hydro Steam|p1a: Ogerpon\n|-heal|p1a: Ogerpon|100\/100|[from] ability: Water Absorb|[of] p2a: Walking Wake\n|\n|-weather|SunnyDay|[upkeep]\n|upkeep\n|turn|5\n|\n|t:|1700682072\n|-end|p2a: Walking Wake|Protosynthesis|[silent]\n|switch|p2a: Ceruledge|Ceruledge, F|100\/100\n|-damage|p2a: Ceruledge|76\/100|[from] Stealth Rock\n|move|p1a: Ogerpon|U-turn|p2a: Ceruledge\n|-resisted|p2a: Ceruledge\n|-damage|p2a: Ceruledge|66\/100\n|-ability|p2a: Ceruledge|Weak Armor|boost\n|-unboost|p2a: Ceruledge|def|1\n|-boost|p2a: Ceruledge|spe|2\n|\n|t:|1700682086\n|switch|p1a: Landorus|Landorus-Therian, M|100\/100|[from] U-turn\n|-damage|p1a: Landorus|88\/100|[from] Stealth Rock\n|-ability|p1a: Landorus|Intimidate|boost\n|-unboost|p2a: Ceruledge|atk|1\n|\n|-weather|SunnyDay|[upkeep]\n|-heal|p1a: Landorus|94\/100|[from] item: Leftovers\n|upkeep\n|turn|6\n|\n|t:|1700682108\n|-terastallize|p2a: Ceruledge|Grass\n|move|p2a: Ceruledge|Swords Dance|p2a: Ceruledge\n|-boost|p2a: Ceruledge|atk|2\n|move|p1a: Landorus|Earthquake|p2a: Ceruledge\n|-resisted|p2a: Ceruledge\n|-damage|p2a: Ceruledge|7\/100\n|-ability|p2a: Ceruledge|Weak Armor|boost\n|-unboost|p2a: Ceruledge|def|1\n|-boost|p2a: Ceruledge|spe|2\n|\n|-weather|SunnyDay|[upkeep]\n|-heal|p1a: Landorus|99\/100|[from] item: Leftovers\n|upkeep\n|turn|7\n|\n|t:|1700682124\n|switch|p1a: Heatran|Heatran, M|100\/100 slp\n|-damage|p1a: Heatran|88\/100 slp|[from] Stealth Rock\n|move|p2a: Ceruledge|Bitter Blade|p1a: Heatran\n|-start|p1a: Heatran|ability: Flash Fire\n|\n|-weather|SunnyDay|[upkeep]\n|-heal|p1a: Heatran|94\/100 slp|[from] item: Leftovers\n|upkeep\n|turn|8\n|\n|t:|1700682128\n|-end|p1a: Heatran|ability: Flash Fire|[silent]\n|switch|p1a: Landorus|Landorus-Therian, M|99\/100\n|-damage|p1a: Landorus|88\/100|[from] Stealth Rock\n|-ability|p1a: Landorus|Intimidate|boost\n|-unboost|p2a: Ceruledge|atk|1\n|move|p2a: Ceruledge|Poltergeist|p1a: Landorus\n|-activate|p1a: Landorus|move: Poltergeist|Leftovers\n|-damage|p1a: Landorus|20\/100\n|\n|-weather|none\n|-heal|p1a: Landorus|26\/100|[from] item: Leftovers\n|upkeep\n|turn|9\n|\n|t:|1700682139\n|move|p2a: Ceruledge|Poltergeist|p1a: Landorus\n|-activate|p1a: Landorus|move: Poltergeist|Leftovers\n|-damage|p1a: Landorus|0 fnt\n|faint|p1a: Landorus\n|\n|upkeep\n|\n|t:|1700682142\n|switch|p1a: Zapdos|Zapdos|100\/100\n|turn|10\n|\n|t:|1700682146\n|move|p2a: Ceruledge|Poltergeist|p1a: Zapdos\n|-activate|p1a: Zapdos|move: Poltergeist|Heavy-Duty Boots\n|-damage|p1a: Zapdos|46\/100\n|move|p1a: Zapdos|Volt Switch|p2a: Ceruledge\n|-resisted|p2a: Ceruledge\n|-damage|p2a: Ceruledge|0 fnt\n|faint|p2a: Ceruledge\n|\n|t:|1700682167\n|switch|p1a: Dragapult|Dragapult, F|100\/100|[from] Volt Switch\n|-damage|p1a: Dragapult|88\/100|[from] Stealth Rock\n|\n|upkeep\n|\n|t:|1700682183\n|switch|p2a: Great Tusk|Great Tusk|100\/100\n|-damage|p2a: Great Tusk|98\/100|[from] Stealth Rock\n|turn|11\n|\n|t:|1700682197\n|move|p2a: Great Tusk|Knock Off|p1a: Dragapult\n|-supereffective|p1a: Dragapult\n|-damage|p1a: Dragapult|0 fnt\n|-enditem|p1a: Dragapult|Choice Specs|[from] move: Knock Off|[of] p2a: Great Tusk\n|faint|p1a: Dragapult\n|\n|upkeep\n|\n|t:|1700682209\n|switch|p1a: Ribombee|Ribombee, F|100\/100\n|-damage|p1a: Ribombee|76\/100|[from] Stealth Rock\n|turn|12\n|\n|t:|1700682215\n|-end|p2a: Great Tusk|Protosynthesis|[silent]\n|switch|p2a: Cinderace|Cinderace, M|100\/100\n|-damage|p2a: Cinderace|76\/100|[from] Stealth Rock\n|move|p1a: Ribombee|Moonblast|p2a: Cinderace\n|-resisted|p2a: Cinderace\n|-damage|p2a: Cinderace|47\/100\n|-unboost|p2a: Cinderace|spa|1\n|\n|upkeep\n|turn|13\n|inactive|thunderdog_32 has 120 seconds left.\n|\n|t:|1700682256\n|switch|p1a: Heatran|Heatran, M|94\/100 slp\n|-damage|p1a: Heatran|82\/100 slp|[from] Stealth Rock\n|move|p2a: Cinderace|Court Change|p2a: Cinderace\n|-start|p2a: Cinderace|typechange|Normal|[from] ability: Libero\n|-swapsideconditions\n|-activate|p2a: Cinderace|move: Court Change\n|\n|-heal|p1a: Heatran|88\/100 slp|[from] item: Leftovers\n|upkeep\n|turn|14\n|\n|t:|1700682265\n|switch|p2a: Walking Wake|Walking Wake|88\/100\n|-damage|p2a: Walking Wake|76\/100|[from] Stealth Rock\n|cant|p1a: Heatran|slp\n|\n|-heal|p1a: Heatran|94\/100 slp|[from] item: Leftovers\n|upkeep\n|turn|15\n|\n|t:|1700682273\n|switch|p1a: Ogerpon|Ogerpon-Wellspring, F|100\/100\n|-damage|p1a: Ogerpon|88\/100|[from] Stealth Rock\n|move|p2a: Walking Wake|Dragon Pulse|p1a: Ogerpon\n|-damage|p1a: Ogerpon|8\/100\n|\n|upkeep\n|turn|16\n|inactive|thunderdog_32 has 120 seconds left.\n|\n|t:|1700682287\n|move|p1a: Ogerpon|Horn Leech|p2a: Walking Wake\n|-damage|p2a: Walking Wake|27\/100\n|-heal|p1a: Ogerpon|37\/100|[from] drain|[of] p2a: Walking Wake\n|move|p2a: Walking Wake|Dragon Pulse|p1a: Ogerpon\n|-damage|p1a: Ogerpon|0 fnt\n|faint|p1a: Ogerpon\n|\n|upkeep\n|\n|t:|1700682293\n|switch|p1a: Ribombee|Ribombee, F|76\/100\n|-damage|p1a: Ribombee|51\/100|[from] Stealth Rock\n|turn|17\n|\n|t:|1700682298\n|-end|p2a: Walking Wake|Protosynthesis|[silent]\n|switch|p2a: Cinderace|Cinderace, M|47\/100\n|-damage|p2a: Cinderace|22\/100|[from] Stealth Rock\n|move|p1a: Ribombee|Moonblast|p2a: Cinderace\n|-resisted|p2a: Cinderace\n|-damage|p2a: Cinderace|0 fnt\n|faint|p2a: Cinderace\n|\n|upkeep\n|\n|t:|1700682302\n|switch|p2a: Great Tusk|Great Tusk|98\/100\n|-damage|p2a: Great Tusk|95\/100|[from] Stealth Rock\n|turn|18\n|\n|t:|1700682308\n|switch|p1a: Zapdos|Zapdos|46\/100\n|move|p2a: Great Tusk|Headlong Rush|p1a: Zapdos\n|-immune|p1a: Zapdos\n|\n|upkeep\n|turn|19\n|\n|t:|1700682317\n|-end|p2a: Great Tusk|Protosynthesis|[silent]\n|switch|p2a: Lilligant|Lilligant-Hisui, F|100\/100\n|-damage|p2a: Lilligant|94\/100|[from] Stealth Rock\n|move|p1a: Zapdos|Roost|p1a: Zapdos\n|-heal|p1a: Zapdos|96\/100\n|-singleturn|p1a: Zapdos|move: Roost\n|\n|upkeep\n|turn|20\n|\n|t:|1700682323\n|move|p2a: Lilligant|Ice Spinner|p1a: Zapdos\n|-supereffective|p1a: Zapdos\n|-damage|p1a: Zapdos|23\/100\n|move|p1a: Zapdos|Heat Wave|p2a: Lilligant\n|-supereffective|p2a: Lilligant\n|-damage|p2a: Lilligant|9\/100\n|\n|upkeep\n|turn|21\n|\n|t:|1700682333\n|move|p2a: Lilligant|Ice Spinner|p1a: Zapdos\n|-supereffective|p1a: Zapdos\n|-damage|p1a: Zapdos|0 fnt\n|-status|p2a: Lilligant|par|[from] ability: Static|[of] p1a: Zapdos\n|faint|p1a: Zapdos\n|\n|upkeep\n|\n|t:|1700682338\n|switch|p1a: Heatran|Heatran, M|94\/100 slp\n|-damage|p1a: Heatran|82\/100 slp|[from] Stealth Rock\n|turn|22\n|\n|t:|1700682345\n|switch|p2a: Great Tusk|Great Tusk|95\/100\n|-damage|p2a: Great Tusk|92\/100|[from] Stealth Rock\n|cant|p1a: Heatran|slp\n|\n|-heal|p1a: Heatran|88\/100 slp|[from] item: Leftovers\n|upkeep\n|turn|23\n|\n|t:|1700682360\n|-terastallize|p1a: Heatran|Grass\n|move|p2a: Great Tusk|Headlong Rush|p1a: Heatran\n|-resisted|p1a: Heatran\n|-damage|p1a: Heatran|61\/100 slp\n|-unboost|p2a: Great Tusk|def|1\n|-unboost|p2a: Great Tusk|spd|1\n|-curestatus|p1a: Heatran|slp|[msg]\n|move|p1a: Heatran|Magma Storm|p2a: Great Tusk\n|-damage|p2a: Great Tusk|0 fnt\n|faint|p2a: Great Tusk\n|-end|p2a: Great Tusk|Protosynthesis|[silent]\n|\n|-heal|p1a: Heatran|67\/100|[from] item: Leftovers\n|upkeep\n|\n|t:|1700682385\n|switch|p2a: Lilligant|Lilligant-Hisui, F|9\/100 par\n|-damage|p2a: Lilligant|3\/100 par|[from] Stealth Rock\n|turn|24\n|\n|t:|1700682388\n|move|p1a: Heatran|Earth Power|p2a: Lilligant\n|-resisted|p2a: Lilligant\n|-damage|p2a: Lilligant|0 fnt\n|faint|p2a: Lilligant\n|\n|-heal|p1a: Heatran|74\/100|[from] item: Leftovers\n|upkeep\n|\n|t:|1700682391\n|switch|p2a: Walking Wake|Walking Wake|27\/100\n|-damage|p2a: Walking Wake|14\/100|[from] Stealth Rock\n|turn|25\n|c|\u2606thunderdog_32|ggs\n|-message|Naatthegod forfeited.\n|\n|win|thunderdog_32\n|raw|thunderdog_32's rating: 1238 &rarr; <strong>1267<\/strong><br \/>(+29 for winning)\n|raw|Naatthegod's rating: 1301 &rarr; <strong>1277<\/strong><br \/>(-24 for losing)\n|l|\u2606Naatthegod\n","uploadtime":1700682403,"views":0,"p1id":"thunderdog32","p2id":"naatthegod","formatid":"gen9ou","rating":1267,"private":0,"password":""}