{"id":"gen9ou-1993676361","p1":"CyberH3","p2":"4Roses","format":"[Gen 9] OU","log":"|j|\u2606CyberH3\n|j|\u26064Roses\n|t:|1700344406\n|gametype|singles\n|player|p1|CyberH3|mars|1451\n|player|p2|4Roses|fantina|1345\n|teamsize|p1|6\n|teamsize|p2|6\n|gen|9\n|tier|[Gen 9] OU\n|rated|\n|rule|Sleep Clause Mod: Limit one foe put to sleep\n|rule|Species Clause: Limit one of each Pok\u00e9mon\n|rule|OHKO Clause: OHKO moves are banned\n|rule|Evasion Items Clause: Evasion items are banned\n|rule|Evasion Moves Clause: Evasion moves are banned\n|rule|Endless Battle Clause: Forcing endless battles is banned\n|rule|HP Percentage Mod: HP is shown in percentages\n|clearpoke\n|poke|p1|Goodra-Hisui, M|\n|poke|p1|Scizor, F|\n|poke|p1|Mimikyu, F|\n|poke|p1|Iron Valiant|\n|poke|p1|Talonflame, F|\n|poke|p1|Lokix, M|\n|poke|p2|Iron Moth|\n|poke|p2|Enamorus, F|\n|poke|p2|Heatran, M|\n|poke|p2|Ogerpon-Wellspring, F|\n|poke|p2|Great Tusk|\n|poke|p2|Clefable, M|\n|teampreview\n|\n|t:|1700344415\n|start\n|switch|p1a: The XO|Talonflame, F|100\/100\n|switch|p2a: Great Tusk|Great Tusk|100\/100\n|turn|1\n|\n|t:|1700344422\n|-end|p2a: Great Tusk|Protosynthesis|[silent]\n|switch|p2a: Heatran|Heatran, M|100\/100\n|move|p1a: The XO|Taunt|p2a: Heatran\n|-start|p2a: Heatran|move: Taunt\n|\n|upkeep\n|turn|2\n|\n|t:|1700344430\n|move|p1a: The XO|Brave Bird|p2a: Heatran\n|-resisted|p2a: Heatran\n|-damage|p2a: Heatran|83\/100\n|-damage|p1a: The XO|93\/100|[from] Recoil\n|move|p2a: Heatran|Magma Storm|p1a: The XO\n|-resisted|p1a: The XO\n|-damage|p1a: The XO|56\/100\n|-activate|p1a: The XO|move: Magma Storm|[of] p2a: Heatran\n|\n|-heal|p1a: The XO|62\/100|[from] item: Leftovers\n|-heal|p2a: Heatran|89\/100|[from] item: Leftovers\n|-damage|p1a: The XO|50\/100|[from] move: Magma Storm|[partiallytrapped]\n|upkeep\n|turn|3\n|\n|t:|1700344448\n|move|p1a: The XO|Brave Bird|p2a: Heatran\n|-resisted|p2a: Heatran\n|-damage|p2a: Heatran|70\/100\n|-damage|p1a: The XO|42\/100|[from] Recoil\n|move|p2a: Heatran|Magma Storm|p1a: The XO\n|-resisted|p1a: The XO\n|-damage|p1a: The XO|8\/100\n|\n|-heal|p1a: The XO|14\/100|[from] item: Leftovers\n|-heal|p2a: Heatran|77\/100|[from] item: Leftovers\n|-damage|p1a: The XO|2\/100|[from] move: Magma Storm|[partiallytrapped]\n|-end|p2a: Heatran|move: Taunt\n|upkeep\n|turn|4\n|\n|t:|1700344454\n|move|p2a: Heatran|Protect|p2a: Heatran\n|-singleturn|p2a: Heatran|Protect\n|move|p1a: The XO|Brave Bird|p2a: Heatran\n|-activate|p2a: Heatran|move: Protect\n|\n|-heal|p1a: The XO|8\/100|[from] item: Leftovers\n|-heal|p2a: Heatran|83\/100|[from] item: Leftovers\n|-damage|p1a: The XO|0 fnt|[from] move: Magma Storm|[partiallytrapped]\n|faint|p1a: The XO\n|upkeep\n|inactive|Battle timer is ON: inactive players will automatically lose when time's up. (requested by 4Roses)\n|\n|t:|1700344459\n|switch|p1a: R-TRUS|Iron Valiant|100\/100\n|-enditem|p1a: R-TRUS|Booster Energy\n|-activate|p1a: R-TRUS|ability: Quark Drive|[fromitem]\n|-start|p1a: R-TRUS|quarkdrivespe\n|turn|5\n|\n|t:|1700344469\n|switch|p2a: Enamorus|Enamorus, F|100\/100\n|move|p1a: R-TRUS|Encore||[still]\n|-fail|p1a: R-TRUS\n|\n|upkeep\n|turn|6\n|\n|t:|1700344488\n|-end|p1a: R-TRUS|Quark Drive|[silent]\n|switch|p1a: Eat With Scissors|Scizor, F|100\/100\n|move|p2a: Enamorus|Moonblast|p1a: Eat With Scissors\n|-resisted|p1a: Eat With Scissors\n|-damage|p1a: Eat With Scissors|73\/100\n|-unboost|p1a: Eat With Scissors|spa|1\n|\n|upkeep\n|turn|7\n|\n|t:|1700344496\n|switch|p2a: Great Tusk|Great Tusk|100\/100\n|move|p1a: Eat With Scissors|Bullet Punch|p2a: Great Tusk\n|-damage|p2a: Great Tusk|72\/100\n|-damage|p1a: Eat With Scissors|63\/100|[from] item: Life Orb\n|\n|-heal|p2a: Great Tusk|79\/100|[from] item: Leftovers\n|upkeep\n|turn|8\n|\n|t:|1700344501\n|move|p2a: Great Tusk|Stealth Rock|p1a: Eat With Scissors\n|-sidestart|p1: CyberH3|move: Stealth Rock\n|move|p1a: Eat With Scissors|U-turn|p2a: Great Tusk\n|-resisted|p2a: Great Tusk\n|-damage|p2a: Great Tusk|62\/100\n|-damage|p1a: Eat With Scissors|53\/100|[from] item: Life Orb\n|\n|t:|1700344505\n|switch|p1a: Snailtare|Goodra-Hisui, M|100\/100|[from] U-turn\n|-damage|p1a: Snailtare|94\/100|[from] Stealth Rock\n|\n|-heal|p2a: Great Tusk|69\/100|[from] item: Leftovers\n|-heal|p1a: Snailtare|100\/100|[from] item: Leftovers\n|upkeep\n|turn|9\n|\n|t:|1700344508\n|move|p1a: Snailtare|Protect|p1a: Snailtare\n|-singleturn|p1a: Snailtare|Protect\n|move|p2a: Great Tusk|Knock Off|p1a: Snailtare\n|-activate|p1a: Snailtare|move: Protect\n|\n|-heal|p2a: Great Tusk|75\/100|[from] item: Leftovers\n|upkeep\n|turn|10\n|\n|t:|1700344512\n|move|p2a: Great Tusk|Knock Off|p1a: Snailtare\n|-damage|p1a: Snailtare|75\/100\n|-enditem|p1a: Snailtare|Leftovers|[from] move: Knock Off|[of] p2a: Great Tusk\n|move|p1a: Snailtare|Ice Beam|p2a: Great Tusk\n|-supereffective|p2a: Great Tusk\n|-damage|p2a: Great Tusk|3\/100\n|\n|-heal|p2a: Great Tusk|9\/100|[from] item: Leftovers\n|upkeep\n|turn|11\n|\n|t:|1700344521\n|move|p1a: Snailtare|Protect|p1a: Snailtare\n|-singleturn|p1a: Snailtare|Protect\n|move|p2a: Great Tusk|Earthquake|p1a: Snailtare\n|-activate|p1a: Snailtare|move: Protect\n|\n|-heal|p2a: Great Tusk|15\/100|[from] item: Leftovers\n|upkeep\n|turn|12\n|\n|t:|1700344525\n|move|p2a: Great Tusk|Earthquake|p1a: Snailtare\n|-supereffective|p1a: Snailtare\n|-damage|p1a: Snailtare|0 fnt\n|faint|p1a: Snailtare\n|\n|-heal|p2a: Great Tusk|22\/100|[from] item: Leftovers\n|upkeep\n|\n|t:|1700344528\n|switch|p1a: Morf LeRosh|Lokix, M|100\/100\n|-damage|p1a: Morf LeRosh|76\/100|[from] Stealth Rock\n|turn|13\n|\n|t:|1700344531\n|move|p1a: Morf LeRosh|First Impression|p2a: Great Tusk\n|-resisted|p2a: Great Tusk\n|-damage|p2a: Great Tusk|0 fnt\n|faint|p2a: Great Tusk\n|-end|p2a: Great Tusk|Protosynthesis|[silent]\n|-damage|p1a: Morf LeRosh|66\/100|[from] item: Life Orb\n|\n|upkeep\n|\n|t:|1700344551\n|switch|p2a: Enamorus|Enamorus, F|100\/100\n|turn|14\n|\n|t:|1700344558\n|switch|p1a: Eat With Scissors|Scizor, F|53\/100\n|-damage|p1a: Eat With Scissors|41\/100|[from] Stealth Rock\n|move|p2a: Enamorus|Mystical Fire|p1a: Eat With Scissors\n|-supereffective|p1a: Eat With Scissors\n|-damage|p1a: Eat With Scissors|0 fnt\n|faint|p1a: Eat With Scissors\n|\n|upkeep\n|\n|t:|1700344561\n|switch|p1a: Morf LeRosh|Lokix, M|66\/100\n|-damage|p1a: Morf LeRosh|41\/100|[from] Stealth Rock\n|turn|15\n|\n|t:|1700344566\n|move|p1a: Morf LeRosh|First Impression|p2a: Enamorus\n|-resisted|p2a: Enamorus\n|-damage|p2a: Enamorus|57\/100\n|-damage|p1a: Morf LeRosh|31\/100|[from] item: Life Orb\n|move|p2a: Enamorus|Mystical Fire|p1a: Morf LeRosh\n|-supereffective|p1a: Morf LeRosh\n|-damage|p1a: Morf LeRosh|0 fnt\n|faint|p1a: Morf LeRosh\n|\n|upkeep\n|\n|t:|1700344570\n|switch|p1a: R-TRUS|Iron Valiant|100\/100\n|-damage|p1a: R-TRUS|94\/100|[from] Stealth Rock\n|turn|16\n|\n|t:|1700344575\n|move|p2a: Enamorus|Mystical Fire|p1a: R-TRUS\n|-damage|p1a: R-TRUS|50\/100\n|-unboost|p1a: R-TRUS|spa|1\n|move|p1a: R-TRUS|Thunderbolt|p2a: Enamorus\n|-supereffective|p2a: Enamorus\n|-damage|p2a: Enamorus|0 fnt\n|faint|p2a: Enamorus\n|\n|upkeep\n|\n|t:|1700344581\n|switch|p2a: Heatran|Heatran, M|83\/100\n|turn|17\n|\n|t:|1700344587\n|move|p1a: R-TRUS|Thunderbolt|p2a: Heatran\n|-damage|p2a: Heatran|71\/100\n|-status|p2a: Heatran|par\n|move|p2a: Heatran|Magma Storm|p1a: R-TRUS|[miss]\n|-miss|p2a: Heatran|p1a: R-TRUS\n|\n|-heal|p2a: Heatran|77\/100 par|[from] item: Leftovers\n|upkeep\n|turn|18\n|\n|t:|1700344593\n|move|p1a: R-TRUS|Aura Sphere|p2a: Heatran\n|-supereffective|p2a: Heatran\n|-damage|p2a: Heatran|43\/100 par\n|move|p2a: Heatran|Magma Storm|p1a: R-TRUS\n|-damage|p1a: R-TRUS|0 fnt\n|faint|p1a: R-TRUS\n|-end|p1a: R-TRUS|Quark Drive|[silent]\n|\n|-heal|p2a: Heatran|49\/100 par|[from] item: Leftovers\n|upkeep\n|\n|t:|1700344597\n|switch|p1a: OHAYOLLIE|Mimikyu, F|100\/100\n|-damage|p1a: OHAYOLLIE|88\/100|[from] Stealth Rock\n|turn|19\n|\n|t:|1700344600\n|move|p1a: OHAYOLLIE|Swords Dance|p1a: OHAYOLLIE\n|-boost|p1a: OHAYOLLIE|atk|2\n|move|p2a: Heatran|Earth Power|p1a: OHAYOLLIE\n|-activate|p1a: OHAYOLLIE|ability: Disguise\n|-damage|p1a: OHAYOLLIE|88\/100\n|detailschange|p1a: OHAYOLLIE|Mimikyu-Busted, F\n|-damage|p1a: OHAYOLLIE|76\/100|[from] pokemon: Mimikyu-Busted\n|\n|-heal|p2a: Heatran|55\/100 par|[from] item: Leftovers\n|upkeep\n|turn|20\n|\n|t:|1700344609\n|switch|p2a: Ogerpon|Ogerpon-Wellspring, F|100\/100\n|move|p1a: OHAYOLLIE|Swords Dance|p1a: OHAYOLLIE\n|-boost|p1a: OHAYOLLIE|atk|2\n|\n|upkeep\n|turn|21\n|\n|t:|1700344617\n|-terastallize|p1a: OHAYOLLIE|Ghost\n|move|p1a: OHAYOLLIE|Shadow Sneak|p2a: Ogerpon\n|-damage|p2a: Ogerpon|0 fnt\n|faint|p2a: Ogerpon\n|-damage|p1a: OHAYOLLIE|66\/100|[from] item: Life Orb\n|\n|upkeep\n|inactive|4Roses has 120 seconds left.\n|\n|t:|1700344650\n|switch|p2a: Heatran|Heatran, M|55\/100 par\n|turn|22\n|\n|t:|1700344657\n|move|p1a: OHAYOLLIE|Drain Punch|p2a: Heatran\n|-supereffective|p2a: Heatran\n|-damage|p2a: Heatran|0 fnt\n|-heal|p1a: OHAYOLLIE|100\/100|[from] drain|[of] p2a: Heatran\n|faint|p2a: Heatran\n|-damage|p1a: OHAYOLLIE|91\/100|[from] item: Life Orb\n|\n|upkeep\n|\n|t:|1700344663\n|switch|p2a: Iron Moth|Iron Moth|100\/100\n|-enditem|p2a: Iron Moth|Booster Energy\n|-activate|p2a: Iron Moth|ability: Quark Drive|[fromitem]\n|-start|p2a: Iron Moth|quarkdrivespe\n|turn|23\n|\n|t:|1700344668\n|move|p1a: OHAYOLLIE|Shadow Sneak|p2a: Iron Moth\n|-damage|p2a: Iron Moth|0 fnt\n|faint|p2a: Iron Moth\n|-end|p2a: Iron Moth|Quark Drive|[silent]\n|-damage|p1a: OHAYOLLIE|81\/100|[from] item: Life Orb\n|\n|upkeep\n|\n|t:|1700344670\n|switch|p2a: Clefable|Clefable, M|100\/100\n|turn|24\n|\n|t:|1700344673\n|move|p1a: OHAYOLLIE|Shadow Sneak|p2a: Clefable\n|-damage|p2a: Clefable|0 fnt\n|faint|p2a: Clefable\n|-damage|p1a: OHAYOLLIE|71\/100|[from] item: Life Orb\n|\n|win|CyberH3\n|raw|CyberH3's rating: 1451 &rarr; <strong>1465<\/strong><br \/>(+14 for winning)\n|raw|4Roses's rating: 1345 &rarr; <strong>1331<\/strong><br \/>(-14 for losing)\n|l|\u26064Roses\n","uploadtime":1700344676,"views":8,"p1id":"cyberh3","p2id":"4roses","formatid":"gen9ou","rating":1331,"private":0,"password":""}