{"id":"gen9ou-1994672426","p1":"red violet blue","p2":"Dickenz","format":"[Gen 9] OU","log":"|j|\u2606red violet blue\n|j|\u2606Dickenz\n|t:|1700478942\n|gametype|singles\n|player|p1|red violet blue|101|1544\n|player|p2|Dickenz|acetrainerf-gen4|1433\n|teamsize|p1|6\n|teamsize|p2|6\n|gen|9\n|tier|[Gen 9] OU\n|rated|\n|rule|Sleep Clause Mod: Limit one foe put to sleep\n|rule|Species Clause: Limit one of each Pok\u00e9mon\n|rule|OHKO Clause: OHKO moves are banned\n|rule|Evasion Items Clause: Evasion items are banned\n|rule|Evasion Moves Clause: Evasion moves are banned\n|rule|Endless Battle Clause: Forcing endless battles is banned\n|rule|HP Percentage Mod: HP is shown in percentages\n|clearpoke\n|poke|p1|Rillaboom, F|\n|poke|p1|Hawlucha, M|\n|poke|p1|Samurott-Hisui, M|\n|poke|p1|Ogerpon-Cornerstone, F|\n|poke|p1|Great Tusk|\n|poke|p1|Ceruledge, M|\n|poke|p2|Clefable, M|\n|poke|p2|Corviknight, M|\n|poke|p2|Great Tusk|\n|poke|p2|Skeledirge, M|\n|poke|p2|Slowking-Galar, M|\n|poke|p2|Tyranitar, M|\n|teampreview\n|inactive|Battle timer is ON: inactive players will automatically lose when time's up. (requested by Dickenz)\n|\n|t:|1700478951\n|start\n|switch|p1a: Samurott|Samurott-Hisui, M|100\/100\n|switch|p2a: Clefable|Clefable, M|100\/100\n|turn|1\n|\n|t:|1700478956\n|move|p1a: Samurott|Taunt|p2a: Clefable\n|-start|p2a: Clefable|move: Taunt\n|cant|p2a: Clefable|move: Taunt|Wish\n|\n|upkeep\n|turn|2\n|\n|t:|1700478963\n|switch|p2a: Corviknight|Corviknight, M|100\/100\n|-ability|p2a: Corviknight|Pressure\n|move|p1a: Samurott|Ceaseless Edge|p2a: Corviknight\n|-damage|p2a: Corviknight|73\/100\n|-sidestart|p2: Dickenz|Spikes\n|\n|-heal|p2a: Corviknight|79\/100|[from] item: Leftovers\n|upkeep\n|turn|3\n|\n|t:|1700478990\n|move|p1a: Samurott|Taunt|p2a: Corviknight\n|-start|p2a: Corviknight|move: Taunt\n|move|p2a: Corviknight|Body Press|p1a: Samurott\n|-supereffective|p1a: Samurott\n|-damage|p1a: Samurott|28\/100\n|\n|-heal|p2a: Corviknight|85\/100|[from] item: Leftovers\n|upkeep\n|turn|4\n|\n|t:|1700478994\n|move|p1a: Samurott|Ceaseless Edge|p2a: Corviknight\n|-damage|p2a: Corviknight|58\/100\n|-sidestart|p2: Dickenz|Spikes\n|move|p2a: Corviknight|U-turn|p1a: Samurott\n|-supereffective|p1a: Samurott\n|-damage|p1a: Samurott|0 fnt\n|faint|p1a: Samurott\n|\n|t:|1700479001\n|switch|p2a: Clefable|Clefable, M|100\/100|[from] U-turn\n|\n|upkeep\n|\n|t:|1700479020\n|switch|p1a: Ceruledge|Ceruledge, M|100\/100\n|turn|5\n|\n|t:|1700479027\n|move|p1a: Ceruledge|Taunt|p2a: Clefable\n|-start|p2a: Clefable|move: Taunt\n|cant|p2a: Clefable|move: Taunt|Calm Mind\n|\n|upkeep\n|turn|6\n|\n|t:|1700479039\n|switch|p2a: Tyranitar|Tyranitar, M|100\/100\n|-damage|p2a: Tyranitar|84\/100|[from] Spikes\n|-weather|Sandstorm|[from] ability: Sand Stream|[of] p2a: Tyranitar\n|move|p1a: Ceruledge|Bulk Up|p1a: Ceruledge\n|-boost|p1a: Ceruledge|atk|1\n|-boost|p1a: Ceruledge|def|1\n|\n|-weather|Sandstorm|[upkeep]\n|-damage|p1a: Ceruledge|94\/100|[from] Sandstorm\n|upkeep\n|turn|7\n|\n|t:|1700479048\n|switch|p1a: Great Tusk|Great Tusk|100\/100\n|-enditem|p1a: Great Tusk|Booster Energy\n|-activate|p1a: Great Tusk|ability: Protosynthesis|[fromitem]\n|-start|p1a: Great Tusk|protosynthesisspe\n|move|p2a: Tyranitar|Knock Off|p1a: Great Tusk\n|-resisted|p1a: Great Tusk\n|-damage|p1a: Great Tusk|91\/100\n|\n|-weather|Sandstorm|[upkeep]\n|upkeep\n|turn|8\n|\n|t:|1700479063\n|-end|p1a: Great Tusk|Protosynthesis|[silent]\n|switch|p1a: Ceruledge|Ceruledge, M|94\/100\n|switch|p2a: Great Tusk|Great Tusk|100\/100\n|-damage|p2a: Great Tusk|84\/100|[from] Spikes\n|\n|-weather|Sandstorm|[upkeep]\n|-damage|p1a: Ceruledge|88\/100|[from] Sandstorm\n|-heal|p2a: Great Tusk|90\/100|[from] item: Leftovers\n|upkeep\n|turn|9\n|\n|t:|1700479074\n|switch|p1a: Ogerpon|Ogerpon-Cornerstone, F|100\/100\n|move|p2a: Great Tusk|Knock Off|p1a: Ogerpon\n|-damage|p1a: Ogerpon|75\/100\n|\n|-weather|Sandstorm|[upkeep]\n|-heal|p2a: Great Tusk|96\/100|[from] item: Leftovers\n|upkeep\n|turn|10\n|\n|t:|1700479080\n|move|p1a: Ogerpon|Power Whip|p2a: Great Tusk\n|-supereffective|p2a: Great Tusk\n|-damage|p2a: Great Tusk|30\/100\n|move|p2a: Great Tusk|Rapid Spin|p1a: Ogerpon\n|-resisted|p1a: Ogerpon\n|-damage|p1a: Ogerpon|66\/100\n|-boost|p2a: Great Tusk|spe|1\n|-sideend|p2: Dickenz|Spikes|[from] move: Rapid Spin|[of] p2a: Great Tusk\n|\n|-weather|none\n|-heal|p2a: Great Tusk|36\/100|[from] item: Leftovers\n|upkeep\n|turn|11\n|\n|t:|1700479086\n|move|p1a: Ogerpon|Power Whip|p2a: Great Tusk\n|-supereffective|p2a: Great Tusk\n|-damage|p2a: Great Tusk|0 fnt\n|faint|p2a: Great Tusk\n|-end|p2a: Great Tusk|Protosynthesis|[silent]\n|\n|upkeep\n|\n|t:|1700479095\n|switch|p2a: Corviknight|Corviknight, M|58\/100\n|-ability|p2a: Corviknight|Pressure\n|turn|12\n|\n|t:|1700479099\n|move|p1a: Ogerpon|Swords Dance|p1a: Ogerpon\n|-boost|p1a: Ogerpon|atk|2\n|move|p2a: Corviknight|U-turn|p1a: Ogerpon\n|-supereffective|p1a: Ogerpon\n|-damage|p1a: Ogerpon|26\/100\n|\n|t:|1700479104\n|switch|p2a: Skeledirge|Skeledirge, M|100\/100|[from] U-turn\n|\n|upkeep\n|turn|13\n|\n|t:|1700479107\n|move|p1a: Ogerpon|Ivy Cudgel|p2a: Skeledirge|[anim] Ivy Cudgel Rock\n|-supereffective|p2a: Skeledirge\n|-crit|p2a: Skeledirge\n|-damage|p2a: Skeledirge|0 fnt\n|faint|p2a: Skeledirge\n|\n|upkeep\n|\n|t:|1700479115\n|switch|p2a: Tyranitar|Tyranitar, M|84\/100\n|-weather|Sandstorm|[from] ability: Sand Stream|[of] p2a: Tyranitar\n|turn|14\n|\n|t:|1700479123\n|-terastallize|p1a: Ogerpon|Rock\n|detailschange|p1a: Ogerpon|Ogerpon-Cornerstone-Tera, F, tera:Rock\n|-ability|p1a: Ogerpon|Embody Aspect (Cornerstone)|boost\n|-boost|p1a: Ogerpon|def|1\n|move|p1a: Ogerpon|Ivy Cudgel|p2a: Tyranitar|[anim] Ivy Cudgel Rock\n|-crit|p2a: Tyranitar\n|-damage|p2a: Tyranitar|0 fnt\n|faint|p2a: Tyranitar\n|\n|-weather|Sandstorm|[upkeep]\n|upkeep\n|\n|t:|1700479130\n|switch|p2a: Clefable|Clefable, M|100\/100\n|turn|15\n|\n|t:|1700479132\n|move|p1a: Ogerpon|Ivy Cudgel|p2a: Clefable|[anim] Ivy Cudgel Rock\n|-damage|p2a: Clefable|0 fnt\n|faint|p2a: Clefable\n|\n|-weather|Sandstorm|[upkeep]\n|upkeep\n|-message|Dickenz forfeited.\n|\n|win|red violet blue\n|raw|red violet blue's rating: 1544 &rarr; <strong>1558<\/strong><br \/>(+14 for winning)\n|raw|Dickenz's rating: 1433 &rarr; <strong>1419<\/strong><br \/>(-14 for losing)\n|l|\u2606Dickenz\n","uploadtime":1700479141,"views":12,"p1id":"redvioletblue","p2id":"dickenz","formatid":"gen9ou","rating":1419,"private":0,"password":""}