{"id":"gen9ou-1995940717","p1":"SamJNu","p2":"Bolt-Beam Studios","format":"[Gen 9] OU","log":"|j|\u2606SamJNu\n|j|\u2606Bolt-Beam Studios\n|inactive|Battle timer is ON: inactive players will automatically lose when time's up.\n|t:|1700619902\n|gametype|singles\n|player|p1|SamJNu|lance-gen3|\n|player|p2|Bolt-Beam Studios|winona|\n|teamsize|p1|6\n|teamsize|p2|6\n|gen|9\n|tier|[Gen 9] OU\n|rated|Tournament battle\n|rule|Sleep Clause Mod: Limit one foe put to sleep\n|rule|Species Clause: Limit one of each Pok\u00e9mon\n|rule|OHKO Clause: OHKO moves are banned\n|rule|Evasion Items Clause: Evasion items are banned\n|rule|Evasion Moves Clause: Evasion moves are banned\n|rule|Endless Battle Clause: Forcing endless battles is banned\n|rule|HP Percentage Mod: HP is shown in percentages\n|clearpoke\n|poke|p1|Tyranitar, M|\n|poke|p1|Corviknight, F|\n|poke|p1|Greninja-*, M|\n|poke|p1|Ogerpon, F|\n|poke|p1|Cinderace, F|\n|poke|p1|Landorus-Therian, M|\n|poke|p2|Gholdengo|\n|poke|p2|Samurott-Hisui, F|\n|poke|p2|Great Tusk|\n|poke|p2|Ribombee, F|\n|poke|p2|Kingambit, M|\n|poke|p2|Heatran, F|\n|teampreview\n|j|*Lady Monita \u2746\n|inactive|Bolt-Beam Studios also wants the timer to be on.\n|\n|t:|1700619913\n|start\n|switch|p1a: Tyranitar|Tyranitar, M|100\/100\n|switch|p2a: Ribombee|Ribombee, F|100\/100\n|-weather|Sandstorm|[from] ability: Sand Stream|[of] p1a: Tyranitar\n|turn|1\n|\n|t:|1700619919\n|move|p2a: Ribombee|Sticky Web|p1a: Tyranitar\n|-sidestart|p1: SamJNu|move: Sticky Web\n|move|p1a: Tyranitar|Stone Edge|p2a: Ribombee\n|-supereffective|p2a: Ribombee\n|-enditem|p2a: Ribombee|Focus Sash\n|-damage|p2a: Ribombee|1\/100\n|\n|-weather|Sandstorm|[upkeep]\n|-damage|p2a: Ribombee|0 fnt|[from] Sandstorm\n|faint|p2a: Ribombee\n|upkeep\n|\n|t:|1700619929\n|switch|p2a: Samurott|Samurott-Hisui, F|100\/100\n|turn|2\n|\n|t:|1700619935\n|move|p2a: Samurott|Sacred Sword|p1a: Tyranitar\n|-supereffective|p1a: Tyranitar\n|-damage|p1a: Tyranitar|0 fnt\n|faint|p1a: Tyranitar\n|\n|-weather|Sandstorm|[upkeep]\n|-damage|p2a: Samurott|94\/100|[from] Sandstorm\n|upkeep\n|\n|t:|1700619938\n|switch|p1a: Corviknight|Corviknight, F, shiny|100\/100\n|-ability|p1a: Corviknight|Pressure\n|turn|3\n|\n|t:|1700619941\n|switch|p2a: Gholdengo|Gholdengo|100\/100\n|-item|p2a: Gholdengo|Air Balloon\n|move|p1a: Corviknight|Defog|p2a: Gholdengo\n|-immune|p2a: Gholdengo|[from] ability: Good as Gold\n|\n|-weather|Sandstorm|[upkeep]\n|upkeep\n|turn|4\n|\n|t:|1700619944\n|move|p2a: Gholdengo|Nasty Plot|p2a: Gholdengo\n|-boost|p2a: Gholdengo|spa|2\n|move|p1a: Corviknight|U-turn|p2a: Gholdengo\n|-resisted|p2a: Gholdengo\n|-damage|p2a: Gholdengo|96\/100\n|-enditem|p2a: Gholdengo|Air Balloon\n|\n|t:|1700619950\n|switch|p1a: Cinderace|Cinderace, F|100\/100|[from] U-turn\n|-activate|p1a: Cinderace|move: Sticky Web\n|-unboost|p1a: Cinderace|spe|1\n|\n|-weather|Sandstorm|[upkeep]\n|-damage|p1a: Cinderace|95\/100|[from] Sandstorm\n|upkeep\n|turn|5\n|\n|t:|1700619962\n|move|p2a: Gholdengo|Shadow Ball|p1a: Cinderace\n|-damage|p1a: Cinderace|0 fnt\n|faint|p1a: Cinderace\n|\n|-weather|none\n|upkeep\n|\n|t:|1700619964\n|switch|p1a: Landorus|Landorus-Therian, M, shiny|100\/100\n|-ability|p1a: Landorus|Intimidate|boost\n|-unboost|p2a: Gholdengo|atk|1\n|turn|6\n|\n|t:|1700619972\n|switch|p2a: Samurott|Samurott-Hisui, F|94\/100\n|move|p1a: Landorus|Earthquake|p2a: Samurott\n|-damage|p2a: Samurott|17\/100\n|\n|upkeep\n|turn|7\n|\n|t:|1700619976\n|move|p1a: Landorus|Earthquake|p2a: Samurott\n|-damage|p2a: Samurott|0 fnt\n|faint|p2a: Samurott\n|\n|upkeep\n|\n|t:|1700619984\n|switch|p2a: Let Him Cook|Heatran, F|100\/100\n|-item|p2a: Let Him Cook|Air Balloon\n|turn|8\n|\n|t:|1700619999\n|switch|p1a: Greninja|Greninja, M|100\/100\n|-activate|p1a: Greninja|move: Sticky Web\n|-unboost|p1a: Greninja|spe|1\n|move|p2a: Let Him Cook|Magma Storm|p1a: Greninja\n|-resisted|p1a: Greninja\n|-damage|p1a: Greninja|54\/100\n|-activate|p1a: Greninja|move: Magma Storm|[of] p2a: Let Him Cook\n|\n|-damage|p1a: Greninja|42\/100|[from] move: Magma Storm|[partiallytrapped]\n|upkeep\n|turn|9\n|\n|t:|1700620008\n|switch|p2a: Gholdengo|Gholdengo|96\/100\n|move|p1a: Greninja|Water Shuriken|p2a: Gholdengo\n|-damage|p2a: Gholdengo|86\/100\n|-damage|p2a: Gholdengo|76\/100\n|-hitcount|p2a: Gholdengo|2\n|\n|-end|p1a: Greninja|Magma Storm|[partiallytrapped]|[silent]\n|upkeep\n|turn|10\n|\n|t:|1700620019\n|switch|p1a: Landorus|Landorus-Therian, M, shiny|100\/100\n|-ability|p1a: Landorus|Intimidate|boost\n|-unboost|p2a: Gholdengo|atk|1\n|move|p2a: Gholdengo|Make It Rain|p1a: Landorus\n|-damage|p1a: Landorus|5\/100\n|-unboost|p2a: Gholdengo|spa|1\n|\n|upkeep\n|turn|11\n|\n|t:|1700620028\n|move|p1a: Landorus|Earthquake|p2a: Gholdengo\n|-supereffective|p2a: Gholdengo\n|-damage|p2a: Gholdengo|0 fnt\n|faint|p2a: Gholdengo\n|\n|upkeep\n|\n|t:|1700620031\n|switch|p2a: Great Tusk|Great Tusk|100\/100\n|turn|12\n|\n|t:|1700620036\n|switch|p1a: Corviknight|Corviknight, F, shiny|100\/100\n|-ability|p1a: Corviknight|Pressure\n|move|p2a: Great Tusk|Rapid Spin|p1a: Corviknight\n|-resisted|p1a: Corviknight\n|-damage|p1a: Corviknight|96\/100\n|-boost|p2a: Great Tusk|spe|1\n|-damage|p2a: Great Tusk|84\/100|[from] item: Rocky Helmet|[of] p1a: Corviknight\n|\n|-heal|p2a: Great Tusk|90\/100|[from] item: Leftovers\n|upkeep\n|turn|13\n|\n|t:|1700620044\n|move|p2a: Great Tusk|Knock Off|p1a: Corviknight\n|-damage|p1a: Corviknight|79\/100\n|-damage|p2a: Great Tusk|74\/100|[from] item: Rocky Helmet|[of] p1a: Corviknight\n|-enditem|p1a: Corviknight|Rocky Helmet|[from] move: Knock Off|[of] p2a: Great Tusk\n|move|p1a: Corviknight|Defog|p2a: Great Tusk\n|-unboost|p2a: Great Tusk|evasion|1\n|-sideend|p1: SamJNu|Sticky Web|[from] move: Defog|[of] p1a: Corviknight\n|\n|-heal|p2a: Great Tusk|80\/100|[from] item: Leftovers\n|upkeep\n|turn|14\n|\n|t:|1700620052\n|move|p2a: Great Tusk|Stealth Rock|p1a: Corviknight\n|-sidestart|p1: SamJNu|move: Stealth Rock\n|move|p1a: Corviknight|Brave Bird|p2a: Great Tusk\n|-supereffective|p2a: Great Tusk\n|-crit|p2a: Great Tusk\n|-damage|p2a: Great Tusk|31\/100\n|-damage|p1a: Corviknight|62\/100|[from] Recoil\n|\n|-heal|p2a: Great Tusk|38\/100|[from] item: Leftovers\n|upkeep\n|turn|15\n|\n|t:|1700620064\n|-end|p2a: Great Tusk|Protosynthesis|[silent]\n|switch|p2a: Let Him Cook|Heatran, F|100\/100\n|-item|p2a: Let Him Cook|Air Balloon\n|move|p1a: Corviknight|Defog|p2a: Let Him Cook\n|-unboost|p2a: Let Him Cook|evasion|1\n|-sideend|p1: SamJNu|Stealth Rock|[from] move: Defog|[of] p1a: Corviknight\n|\n|upkeep\n|turn|16\n|\n|t:|1700620084\n|-terastallize|p1a: Corviknight|Water\n|move|p2a: Let Him Cook|Magma Storm|p1a: Corviknight\n|-resisted|p1a: Corviknight\n|-damage|p1a: Corviknight|35\/100\n|-activate|p1a: Corviknight|move: Magma Storm|[of] p2a: Let Him Cook\n|move|p1a: Corviknight|U-turn|p2a: Let Him Cook\n|-resisted|p2a: Let Him Cook\n|-damage|p2a: Let Him Cook|98\/100\n|-enditem|p2a: Let Him Cook|Air Balloon\n|\n|t:|1700620092\n|switch|p1a: Landorus|Landorus-Therian, M, shiny|5\/100|[from] U-turn\n|-ability|p1a: Landorus|Intimidate|boost\n|-unboost|p2a: Let Him Cook|atk|1\n|\n|upkeep\n|turn|17\n|\n|t:|1700620096\n|-terastallize|p2a: Let Him Cook|Ghost\n|move|p1a: Landorus|Earthquake|p2a: Let Him Cook\n|-damage|p2a: Let Him Cook|48\/100\n|move|p2a: Let Him Cook|Tera Blast|p1a: Landorus|[anim] Tera Blast Ghost\n|-damage|p1a: Landorus|0 fnt\n|faint|p1a: Landorus\n|\n|upkeep\n|\n|t:|1700620103\n|switch|p1a: Greninja|Greninja, M|42\/100\n|turn|18\n|\n|t:|1700620110\n|switch|p2a: Great Tusk|Great Tusk|38\/100\n|move|p1a: Greninja|Hydro Pump|p2a: Great Tusk\n|-supereffective|p2a: Great Tusk\n|-damage|p2a: Great Tusk|0 fnt\n|faint|p2a: Great Tusk\n|-end|p2a: Great Tusk|Protosynthesis|[silent]\n|-ability|p1a: Greninja|Battle Bond|boost\n|-boost|p1a: Greninja|atk|1\n|-boost|p1a: Greninja|spa|1\n|-boost|p1a: Greninja|spe|1\n|-activate|p1a: Greninja|ability: Battle Bond\n|\n|upkeep\n|\n|t:|1700620113\n|switch|p2a: Kingambit|Kingambit, M|100\/100\n|-activate|p2a: Kingambit|ability: Supreme Overlord\n|-start|p2a: Kingambit|fallen4|[silent]\n|turn|19\n|\n|t:|1700620121\n|move|p2a: Kingambit|Sucker Punch|p1a: Greninja\n|-resisted|p1a: Greninja\n|-damage|p1a: Greninja|0 fnt\n|faint|p1a: Greninja\n|\n|upkeep\n|\n|t:|1700620125\n|switch|p1a: Ogerpon|Ogerpon, F|100\/100\n|turn|20\n|\n|t:|1700620129\n|move|p2a: Kingambit|Sucker Punch|p1a: Ogerpon\n|-damage|p1a: Ogerpon|16\/100\n|move|p1a: Ogerpon|Superpower|p2a: Kingambit\n|-supereffective|p2a: Kingambit\n|-damage|p2a: Kingambit|0 fnt\n|-unboost|p1a: Ogerpon|atk|1\n|-unboost|p1a: Ogerpon|def|1\n|faint|p2a: Kingambit\n|-end|p2a: Kingambit|fallen4|[silent]\n|-damage|p1a: Ogerpon|6\/100|[from] item: Life Orb\n|\n|upkeep\n|\n|t:|1700620131\n|switch|p2a: Let Him Cook|Heatran, F, tera:Ghost|48\/100\n|turn|21\n|\n|t:|1700620136\n|switch|p1a: Corviknight|Corviknight, F, shiny, tera:Water|35\/100\n|-ability|p1a: Corviknight|Pressure\n|move|p2a: Let Him Cook|Tera Blast|p1a: Corviknight|[anim] Tera Blast Ghost\n|-damage|p1a: Corviknight|0 fnt\n|faint|p1a: Corviknight\n|\n|upkeep\n|\n|t:|1700620138\n|switch|p1a: Ogerpon|Ogerpon, F|6\/100\n|turn|22\n|\n|t:|1700620141\n|move|p1a: Ogerpon|Knock Off|p2a: Let Him Cook\n|-supereffective|p2a: Let Him Cook\n|-damage|p2a: Let Him Cook|2\/100\n|-damage|p1a: Ogerpon|0 fnt|[from] item: Life Orb\n|faint|p1a: Ogerpon\n|\n|win|Bolt-Beam Studios\n|n|\u2606SamJNu|samjnu\n|n|\u2606Bolt-Beam Studios|boltbeamstudios\n|n|*Lady Monita \u2746|ladymonita\n|l|*Lady Monita \u2746\n","uploadtime":1700620147,"views":12,"p1id":"samjnu","p2id":"boltbeamstudios","formatid":"gen9ou","rating":0,"private":0,"password":""}