{"id":"gen9ou-1994164567","p1":"wdytyaia","p2":"Morolltach","format":"[Gen 9] OU","log":"|j|\u2606wdytyaia\n|j|\u203dMorolltach\n|t:|1700414346\n|gametype|singles\n|player|p1|wdytyaia|irida|1083\n|player|p2|Morolltach|266|1084\n|teamsize|p1|6\n|teamsize|p2|6\n|gen|9\n|tier|[Gen 9] OU\n|rated|\n|rule|Sleep Clause Mod: Limit one foe put to sleep\n|rule|Species Clause: Limit one of each Pok\u00e9mon\n|rule|OHKO Clause: OHKO moves are banned\n|rule|Evasion Items Clause: Evasion items are banned\n|rule|Evasion Moves Clause: Evasion moves are banned\n|rule|Endless Battle Clause: Forcing endless battles is banned\n|rule|HP Percentage Mod: HP is shown in percentages\n|clearpoke\n|poke|p1|Pelipper, F|\n|poke|p1|Crawdaunt, F|\n|poke|p1|Barraskewda, F|\n|poke|p1|Rillaboom, F|\n|poke|p1|Corviknight, F|\n|poke|p1|Gholdengo|\n|poke|p2|Garchomp, M|\n|poke|p2|Great Tusk|\n|poke|p2|Hoopa-Unbound|\n|poke|p2|Amoonguss, F|\n|poke|p2|Gholdengo|\n|poke|p2|Sneasler, F|\n|teampreview\n|\n|t:|1700414378\n|start\n|switch|p1a: Pelipper|Pelipper, F|100\/100\n|switch|p2a: Gholdengo|Gholdengo, shiny|100\/100\n|-weather|RainDance|[from] ability: Drizzle|[of] p1a: Pelipper\n|turn|1\n|\n|t:|1700414388\n|move|p2a: Gholdengo|Shadow Ball|p1a: Pelipper\n|-damage|p1a: Pelipper|57\/100\n|move|p1a: Pelipper|U-turn|p2a: Gholdengo\n|-resisted|p2a: Gholdengo\n|-damage|p2a: Gholdengo|98\/100\n|\n|t:|1700414404\n|switch|p1a: Barraskewda|Barraskewda, F|100\/100|[from] U-turn\n|\n|-weather|RainDance|[upkeep]\n|upkeep\n|turn|2\n|\n|t:|1700414417\n|switch|p2a: Amoonguss|Amoonguss, F, shiny|100\/100\n|move|p1a: Barraskewda|Flip Turn|p2a: Amoonguss\n|-resisted|p2a: Amoonguss\n|-damage|p2a: Amoonguss|71\/100\n|-enditem|p2a: Amoonguss|Red Card|[of] p1a: Barraskewda\n|drag|p1a: Pelipper|Pelipper, F|57\/100\n|\n|-weather|RainDance|[upkeep]\n|upkeep\n|turn|3\n|\n|t:|1700414428\n|move|p1a: Pelipper|Hurricane|p2a: Amoonguss\n|-supereffective|p2a: Amoonguss\n|-damage|p2a: Amoonguss|12\/100\n|move|p2a: Amoonguss|Spore|p1a: Pelipper\n|-status|p1a: Pelipper|slp|[from] move: Spore\n|\n|-weather|RainDance|[upkeep]\n|upkeep\n|turn|4\n|\n|t:|1700414435\n|cant|p1a: Pelipper|slp\n|move|p2a: Amoonguss|Giga Drain|p1a: Pelipper\n|-damage|p1a: Pelipper|35\/100 slp\n|-heal|p2a: Amoonguss|20\/100|[from] drain|[of] p1a: Pelipper\n|\n|-weather|RainDance|[upkeep]\n|upkeep\n|turn|5\n|\n|t:|1700414441\n|cant|p1a: Pelipper|slp\n|move|p2a: Amoonguss|Sludge Bomb|p1a: Pelipper\n|-damage|p1a: Pelipper|5\/100 slp\n|\n|-weather|RainDance|[upkeep]\n|upkeep\n|turn|6\n|\n|t:|1700414450\n|switch|p1a: Gholdengo|Gholdengo|100\/100\n|move|p2a: Amoonguss|Giga Drain|p1a: Gholdengo\n|-resisted|p1a: Gholdengo\n|-damage|p1a: Gholdengo|88\/100\n|-heal|p2a: Amoonguss|25\/100|[from] drain|[of] p1a: Gholdengo\n|\n|-weather|RainDance|[upkeep]\n|-heal|p1a: Gholdengo|94\/100|[from] item: Leftovers\n|upkeep\n|turn|7\n|\n|t:|1700414463\n|switch|p2a: Garchomp|Garchomp, M, shiny|100\/100\n|move|p1a: Gholdengo|Shadow Ball|p2a: Garchomp\n|-damage|p2a: Garchomp|62\/100\n|-unboost|p2a: Garchomp|spd|1\n|\n|-weather|RainDance|[upkeep]\n|-heal|p1a: Gholdengo|100\/100|[from] item: Leftovers\n|upkeep\n|turn|8\n|\n|t:|1700414476\n|switch|p1a: Corviknight|Corviknight, F|100\/100\n|-ability|p1a: Corviknight|Pressure\n|move|p2a: Garchomp|Earth Power|p1a: Corviknight\n|-immune|p1a: Corviknight\n|\n|-weather|none\n|upkeep\n|turn|9\n|\n|t:|1700414485\n|move|p2a: Garchomp|Stealth Rock|p1a: Corviknight\n|-sidestart|p1: wdytyaia|move: Stealth Rock\n|move|p1a: Corviknight|Iron Defense|p1a: Corviknight\n|-boost|p1a: Corviknight|def|2\n|\n|upkeep\n|turn|10\n|\n|t:|1700414490\n|move|p1a: Corviknight|Defog|p2a: Garchomp\n|-unboost|p2a: Garchomp|evasion|1\n|-sideend|p1: wdytyaia|Stealth Rock|[from] move: Defog|[of] p1a: Corviknight\n|move|p2a: Garchomp|Dragon Tail|p1a: Corviknight\n|-resisted|p1a: Corviknight\n|-damage|p1a: Corviknight|96\/100\n|drag|p1a: Pelipper|Pelipper, F|5\/100 slp\n|-weather|RainDance|[from] ability: Drizzle|[of] p1a: Pelipper\n|\n|-weather|RainDance|[upkeep]\n|upkeep\n|turn|11\n|\n|t:|1700414521\n|switch|p1a: Rillaboom|Rillaboom, F|100\/100\n|-fieldstart|move: Grassy Terrain|[from] ability: Grassy Surge|[of] p1a: Rillaboom\n|move|p2a: Garchomp|Stealth Rock|p1a: Rillaboom\n|-sidestart|p1: wdytyaia|move: Stealth Rock\n|\n|-weather|RainDance|[upkeep]\n|-heal|p2a: Garchomp|68\/100|[from] Grassy Terrain\n|upkeep\n|turn|12\n|\n|t:|1700414530\n|move|p1a: Rillaboom|Wood Hammer|p2a: Garchomp\n|-damage|p2a: Garchomp|0 fnt\n|-damage|p1a: Rillaboom|88\/100|[from] ability: Rough Skin|[of] p2a: Garchomp\n|-damage|p1a: Rillaboom|72\/100|[from] item: Rocky Helmet|[of] p2a: Garchomp\n|faint|p2a: Garchomp\n|-damage|p1a: Rillaboom|47\/100|[from] Recoil\n|\n|-weather|RainDance|[upkeep]\n|-heal|p1a: Rillaboom|54\/100|[from] Grassy Terrain\n|upkeep\n|\n|t:|1700414545\n|switch|p2a: Sneasler|Sneasler, F|100\/100\n|-ability|p2a: Sneasler|Pressure\n|-item|p2a: Sneasler|Air Balloon\n|turn|13\n|\n|t:|1700414556\n|switch|p1a: Corviknight|Corviknight, F|96\/100\n|-damage|p1a: Corviknight|83\/100|[from] Stealth Rock\n|-ability|p1a: Corviknight|Pressure\n|move|p2a: Sneasler|Swords Dance|p2a: Sneasler\n|-boost|p2a: Sneasler|atk|2\n|\n|-weather|RainDance|[upkeep]\n|-heal|p1a: Corviknight|89\/100|[from] item: Leftovers\n|upkeep\n|turn|14\n|\n|t:|1700414574\n|move|p2a: Sneasler|Dire Claw|p1a: Corviknight\n|-immune|p1a: Corviknight\n|move|p1a: Corviknight|Iron Defense|p1a: Corviknight\n|-boost|p1a: Corviknight|def|2\n|\n|-weather|RainDance|[upkeep]\n|-heal|p1a: Corviknight|96\/100|[from] item: Leftovers\n|upkeep\n|turn|15\n|\n|t:|1700414583\n|move|p2a: Sneasler|Close Combat|p1a: Corviknight\n|-damage|p1a: Corviknight|39\/100\n|-unboost|p2a: Sneasler|def|1\n|-unboost|p2a: Sneasler|spd|1\n|move|p1a: Corviknight|Defog|p2a: Sneasler\n|-unboost|p2a: Sneasler|evasion|1\n|-sideend|p1: wdytyaia|Stealth Rock|[from] move: Defog|[of] p1a: Corviknight\n|-fieldend|move: Grassy Terrain\n|\n|-weather|RainDance|[upkeep]\n|-heal|p1a: Corviknight|46\/100|[from] item: Leftovers\n|upkeep\n|turn|16\n|\n|t:|1700414598\n|move|p2a: Sneasler|Shadow Claw|p1a: Corviknight\n|-damage|p1a: Corviknight|25\/100\n|move|p1a: Corviknight|Roost|p1a: Corviknight\n|-heal|p1a: Corviknight|75\/100\n|-singleturn|p1a: Corviknight|move: Roost\n|\n|-weather|RainDance|[upkeep]\n|-heal|p1a: Corviknight|81\/100|[from] item: Leftovers\n|upkeep\n|turn|17\n|\n|t:|1700414609\n|move|p2a: Sneasler|Close Combat|p1a: Corviknight\n|-damage|p1a: Corviknight|23\/100\n|-unboost|p2a: Sneasler|def|1\n|-unboost|p2a: Sneasler|spd|1\n|move|p1a: Corviknight|Iron Defense|p1a: Corviknight\n|-boost|p1a: Corviknight|def|2\n|\n|-weather|none\n|-heal|p1a: Corviknight|29\/100|[from] item: Leftovers\n|upkeep\n|turn|18\n|\n|t:|1700414619\n|move|p2a: Sneasler|Close Combat|p1a: Corviknight\n|-damage|p1a: Corviknight|0 fnt\n|-unboost|p2a: Sneasler|def|1\n|-unboost|p2a: Sneasler|spd|1\n|faint|p1a: Corviknight\n|\n|upkeep\n|\n|t:|1700414644\n|switch|p1a: Pelipper|Pelipper, F|5\/100 slp\n|-weather|RainDance|[from] ability: Drizzle|[of] p1a: Pelipper\n|turn|19\n|\n|t:|1700414651\n|switch|p1a: Rillaboom|Rillaboom, F|54\/100\n|-fieldstart|move: Grassy Terrain|[from] ability: Grassy Surge|[of] p1a: Rillaboom\n|move|p2a: Sneasler|Dire Claw|p1a: Rillaboom\n|-supereffective|p1a: Rillaboom\n|-damage|p1a: Rillaboom|0 fnt\n|faint|p1a: Rillaboom\n|\n|-weather|RainDance|[upkeep]\n|upkeep\n|\n|t:|1700414657\n|switch|p1a: Barraskewda|Barraskewda, F|100\/100\n|turn|20\n|\n|t:|1700414662\n|move|p1a: Barraskewda|Flip Turn|p2a: Sneasler\n|-damage|p2a: Sneasler|0 fnt\n|-enditem|p2a: Sneasler|Air Balloon\n|faint|p2a: Sneasler\n|\n|t:|1700414667\n|switch|p1a: Crawdaunt|Crawdaunt, F|100\/100|[from] Flip Turn\n|\n|-weather|RainDance|[upkeep]\n|upkeep\n|\n|t:|1700414673\n|switch|p2a: Amoonguss|Amoonguss, F, shiny|58\/100\n|turn|21\n|\n|t:|1700414681\n|move|p1a: Crawdaunt|Swords Dance|p1a: Crawdaunt\n|-boost|p1a: Crawdaunt|atk|2\n|move|p2a: Amoonguss|Spore|p1a: Crawdaunt\n|-message|Sleep Clause Mod activated.\n|-hint|Sleep Clause Mod prevents players from putting more than one of their opponent's Pok\u00e9mon to sleep at a time\n|\n|-weather|RainDance|[upkeep]\n|-heal|p2a: Amoonguss|64\/100|[from] Grassy Terrain\n|upkeep\n|turn|22\n|\n|t:|1700414692\n|move|p1a: Crawdaunt|Knock Off|p2a: Amoonguss\n|-damage|p2a: Amoonguss|0 fnt\n|faint|p2a: Amoonguss\n|\n|-weather|RainDance|[upkeep]\n|upkeep\n|\n|t:|1700414702\n|switch|p2a: Great Tusk|Great Tusk, shiny|100\/100\n|turn|23\n|\n|t:|1700414710\n|move|p1a: Crawdaunt|Aqua Jet|p2a: Great Tusk\n|-supereffective|p2a: Great Tusk\n|-damage|p2a: Great Tusk|0 fnt\n|faint|p2a: Great Tusk\n|-end|p2a: Great Tusk|Protosynthesis|[silent]\n|\n|-weather|RainDance|[upkeep]\n|-fieldend|move: Grassy Terrain\n|upkeep\n|\n|t:|1700414720\n|switch|p2a: Hoopa|Hoopa-Unbound|100\/100\n|turn|24\n|\n|t:|1700414727\n|move|p1a: Crawdaunt|Aqua Jet|p2a: Hoopa\n|-damage|p2a: Hoopa|0 fnt\n|faint|p2a: Hoopa\n|\n|-weather|RainDance|[upkeep]\n|upkeep\n|-message|Morolltach forfeited.\n|\n|win|wdytyaia\n|raw|wdytyaia's rating: 1083 &rarr; <strong>1111<\/strong><br \/>(+28 for winning)\n|raw|Morolltach's rating: 1084 &rarr; <strong>1061<\/strong><br \/>(-23 for losing)\n|l|\u203dMorolltach\n","uploadtime":1700414734,"views":9,"p1id":"wdytyaia","p2id":"morolltach","formatid":"gen9ou","rating":1061,"private":0,"password":""}