{"id":"gen9ou-1996517748","p1":"LightOfTheRuin","p2":"munchkinp","format":"[Gen 9] OU","log":"|j|\u2606LightOfTheRuin\n|j|\u2606munchkinp\n|inactive|Battle timer is ON: inactive players will automatically lose when time's up.\n|t:|1700689833\n|gametype|singles\n|player|p1|LightOfTheRuin|mallow-masters|\n|player|p2|munchkinp|102|\n|teamsize|p1|5\n|teamsize|p2|5\n|gen|9\n|tier|[Gen 9] OU\n|rated|Tournament battle\n|rule|Sleep Clause Mod: Limit one foe put to sleep\n|rule|Species Clause: Limit one of each Pok\u00e9mon\n|rule|OHKO Clause: OHKO moves are banned\n|rule|Evasion Items Clause: Evasion items are banned\n|rule|Evasion Moves Clause: Evasion moves are banned\n|rule|Endless Battle Clause: Forcing endless battles is banned\n|rule|HP Percentage Mod: HP is shown in percentages\n|clearpoke\n|poke|p1|Arcanine-Hisui, M|\n|poke|p1|Mienshao, M|\n|poke|p1|Noivern, M|\n|poke|p1|Golduck, F|\n|poke|p1|Kommo-o, M|\n|poke|p2|Garchomp, M|\n|poke|p2|Skuntank, F|\n|poke|p2|Snorlax, F|\n|poke|p2|Salazzle, F|\n|poke|p2|Hippowdon, F|\n|teampreview\n|j|*Lady Monita \u2746\n|\n|t:|1700689847\n|start\n|switch|p1a: Golduck|Golduck, F|100\/100\n|switch|p2a: Hippowdon|Hippowdon, F|100\/100\n|-weather|Sandstorm|[from] ability: Sand Stream|[of] p2a: Hippowdon\n|turn|1\n|j| Mezziegamer\n|\n|t:|1700689859\n|move|p1a: Golduck|Rain Dance|p1a: Golduck\n|-weather|RainDance\n|move|p2a: Hippowdon|Roar|p1a: Golduck\n|drag|p1a: Noivern|Noivern, M|100\/100\n|-item|p2a: Hippowdon|Leftovers|[from] ability: Frisk|[of] p1a: Noivern|[identify]\n|\n|-weather|RainDance|[upkeep]\n|upkeep\n|turn|2\n|\n|t:|1700689886\n|switch|p2a: Skuntank|Skuntank, F|100\/100\n|move|p1a: Noivern|Draco Meteor|p2a: Skuntank\n|-damage|p2a: Skuntank|16\/100\n|-unboost|p1a: Noivern|spa|2\n|-enditem|p1a: Noivern|White Herb\n|-clearnegativeboost|p1a: Noivern|[silent]\n|\n|-weather|RainDance|[upkeep]\n|upkeep\n|turn|3\n|j| DabBuster184\n|\n|t:|1700689896\n|move|p2a: Skuntank|Sucker Punch|p1a: Noivern\n|-damage|p1a: Noivern|64\/100\n|move|p1a: Noivern|Boomburst|p2a: Skuntank\n|-damage|p2a: Skuntank|0 fnt\n|faint|p2a: Skuntank\n|\n|-weather|RainDance|[upkeep]\n|upkeep\n|j| PiggiePiggie\n|\n|t:|1700689902\n|switch|p2a: Hippowdon|Hippowdon, F|100\/100\n|-weather|Sandstorm|[from] ability: Sand Stream|[of] p2a: Hippowdon\n|turn|4\n|j| BigSilverBilver\n|\n|t:|1700689920\n|move|p1a: Noivern|Draco Meteor|p2a: Hippowdon\n|-damage|p2a: Hippowdon|51\/100\n|-unboost|p1a: Noivern|spa|2\n|move|p2a: Hippowdon|Stealth Rock|p1a: Noivern\n|-sidestart|p1: LightOfTheRuin|move: Stealth Rock\n|\n|-weather|Sandstorm|[upkeep]\n|-damage|p1a: Noivern|57\/100|[from] Sandstorm\n|-heal|p2a: Hippowdon|57\/100|[from] item: Leftovers\n|upkeep\n|turn|5\n|\n|t:|1700689927\n|move|p1a: Noivern|U-turn|p2a: Hippowdon\n|-damage|p2a: Hippowdon|51\/100\n|\n|t:|1700689929\n|switch|p1a: Kommo-o|Kommo-o, M|100\/100|[from] U-turn\n|-damage|p1a: Kommo-o|94\/100|[from] Stealth Rock\n|move|p2a: Hippowdon|Slack Off|p2a: Hippowdon\n|-heal|p2a: Hippowdon|100\/100\n|\n|-weather|Sandstorm|[upkeep]\n|-damage|p1a: Kommo-o|88\/100|[from] Sandstorm\n|-heal|p1a: Kommo-o|94\/100|[from] item: Leftovers\n|upkeep\n|turn|6\n|\n|t:|1700689935\n|move|p1a: Kommo-o|Substitute|p1a: Kommo-o\n|-start|p1a: Kommo-o|Substitute\n|-damage|p1a: Kommo-o|69\/100\n|move|p2a: Hippowdon|Roar|p1a: Kommo-o\n|drag|p1a: Noivern|Noivern, M|57\/100\n|-damage|p1a: Noivern|33\/100|[from] Stealth Rock\n|-item|p2a: Hippowdon|Leftovers|[from] ability: Frisk|[of] p1a: Noivern|[identify]\n|\n|-weather|Sandstorm|[upkeep]\n|-damage|p1a: Noivern|27\/100|[from] Sandstorm\n|upkeep\n|turn|7\n|\n|t:|1700689940\n|move|p1a: Noivern|Draco Meteor|p2a: Hippowdon|[miss]\n|-miss|p1a: Noivern|p2a: Hippowdon\n|move|p2a: Hippowdon|Roar|p1a: Noivern\n|drag|p1a: Arcanine|Arcanine-Hisui, M|100\/100\n|-damage|p1a: Arcanine|76\/100|[from] Stealth Rock\n|\n|-weather|Sandstorm|[upkeep]\n|upkeep\n|turn|8\n|\n|t:|1700689948\n|-terastallize|p1a: Arcanine|Grass\n|move|p1a: Arcanine|Tera Blast|p2a: Hippowdon|[anim] Tera Blast Grass\n|-supereffective|p2a: Hippowdon\n|-damage|p2a: Hippowdon|57\/100\n|move|p2a: Hippowdon|Earthquake|p1a: Arcanine\n|-resisted|p1a: Arcanine\n|-damage|p1a: Arcanine|51\/100\n|\n|-weather|none\n|-heal|p2a: Hippowdon|63\/100|[from] item: Leftovers\n|upkeep\n|turn|9\n|\n|t:|1700689956\n|switch|p2a: Salazzle|Salazzle, F|100\/100\n|move|p1a: Arcanine|Tera Blast|p2a: Salazzle|[anim] Tera Blast Grass\n|-resisted|p2a: Salazzle\n|-damage|p2a: Salazzle|83\/100\n|\n|upkeep\n|turn|10\n|\n|t:|1700689978\n|switch|p1a: Noivern|Noivern, M|27\/100\n|-damage|p1a: Noivern|2\/100|[from] Stealth Rock\n|-item|p2a: Salazzle|Focus Sash|[from] ability: Frisk|[of] p1a: Noivern|[identify]\n|move|p2a: Salazzle|Flamethrower|p1a: Noivern\n|-resisted|p1a: Noivern\n|-damage|p1a: Noivern|0 fnt\n|faint|p1a: Noivern\n|\n|upkeep\n|inactive|LightOfTheRuin has 120 seconds left.\n|\n|t:|1700690000\n|switch|p1a: Golduck|Golduck, F|100\/100\n|-damage|p1a: Golduck|88\/100|[from] Stealth Rock\n|turn|11\n|\n|t:|1700690005\n|switch|p2a: Snorlax|Snorlax, F|100\/100\n|move|p1a: Golduck|Rain Dance|p1a: Golduck\n|-weather|RainDance\n|\n|-weather|RainDance|[upkeep]\n|-heal|p1a: Golduck|94\/100|[from] item: Leftovers\n|upkeep\n|turn|12\n|j| DragonPhoenix333\n|\n|t:|1700690015\n|move|p1a: Golduck|Hydro Pump|p2a: Snorlax|[miss]\n|-miss|p1a: Golduck|p2a: Snorlax\n|move|p2a: Snorlax|Curse|p2a: Snorlax\n|-unboost|p2a: Snorlax|spe|1\n|-boost|p2a: Snorlax|atk|1\n|-boost|p2a: Snorlax|def|1\n|\n|-weather|RainDance|[upkeep]\n|-heal|p1a: Golduck|99\/100|[from] item: Leftovers\n|upkeep\n|turn|13\n|\n|t:|1700690023\n|move|p1a: Golduck|Ice Beam|p2a: Snorlax\n|-damage|p2a: Snorlax|94\/100\n|move|p2a: Snorlax|Body Slam|p1a: Golduck\n|-damage|p1a: Golduck|33\/100\n|-status|p1a: Golduck|par\n|\n|-weather|RainDance|[upkeep]\n|-heal|p1a: Golduck|39\/100 par|[from] item: Leftovers\n|-heal|p2a: Snorlax|99\/100|[from] item: Leftovers\n|upkeep\n|turn|14\n|\n|t:|1700690030\n|move|p1a: Golduck|Hydro Pump|p2a: Snorlax\n|-crit|p2a: Snorlax\n|-damage|p2a: Snorlax|46\/100\n|move|p2a: Snorlax|Body Slam|p1a: Golduck\n|-damage|p1a: Golduck|0 fnt\n|faint|p1a: Golduck\n|\n|-weather|RainDance|[upkeep]\n|-heal|p2a: Snorlax|52\/100|[from] item: Leftovers\n|upkeep\n|\n|t:|1700690048\n|switch|p1a: Mienshao|Mienshao, M|100\/100\n|-damage|p1a: Mienshao|95\/100|[from] Stealth Rock\n|turn|15\n|\n|t:|1700690053\n|-terastallize|p2a: Snorlax|Ghost\n|move|p1a: Mienshao|Fake Out|p2a: Snorlax\n|-immune|p2a: Snorlax\n|move|p2a: Snorlax|Body Slam|p1a: Mienshao\n|-damage|p1a: Mienshao|0 fnt\n|faint|p1a: Mienshao\n|\n|-weather|none\n|-heal|p2a: Snorlax|58\/100|[from] item: Leftovers\n|upkeep\n|\n|t:|1700690062\n|switch|p1a: Kommo-o|Kommo-o, M|69\/100\n|-damage|p1a: Kommo-o|63\/100|[from] Stealth Rock\n|turn|16\n|\n|t:|1700690065\n|move|p1a: Kommo-o|Substitute|p1a: Kommo-o\n|-start|p1a: Kommo-o|Substitute\n|-damage|p1a: Kommo-o|38\/100\n|move|p2a: Snorlax|Body Slam|p1a: Kommo-o\n|-end|p1a: Kommo-o|Substitute\n|\n|-heal|p1a: Kommo-o|45\/100|[from] item: Leftovers\n|-heal|p2a: Snorlax|64\/100|[from] item: Leftovers\n|upkeep\n|turn|17\n|\n|t:|1700690072\n|move|p1a: Kommo-o|Protect|p1a: Kommo-o\n|-singleturn|p1a: Kommo-o|Protect\n|move|p2a: Snorlax|Body Slam|p1a: Kommo-o\n|-activate|p1a: Kommo-o|move: Protect\n|\n|-heal|p1a: Kommo-o|51\/100|[from] item: Leftovers\n|-heal|p2a: Snorlax|70\/100|[from] item: Leftovers\n|upkeep\n|turn|18\n|\n|t:|1700690082\n|move|p1a: Kommo-o|Iron Defense|p1a: Kommo-o\n|-boost|p1a: Kommo-o|def|2\n|move|p2a: Snorlax|Body Slam|p1a: Kommo-o\n|-damage|p1a: Kommo-o|28\/100\n|\n|-heal|p1a: Kommo-o|34\/100|[from] item: Leftovers\n|-heal|p2a: Snorlax|76\/100|[from] item: Leftovers\n|upkeep\n|turn|19\n|\n|t:|1700690085\n|move|p1a: Kommo-o|Protect|p1a: Kommo-o\n|-singleturn|p1a: Kommo-o|Protect\n|move|p2a: Snorlax|Curse|p1a: Kommo-o\n|-start|p1a: Kommo-o|Curse|[of] p2a: Snorlax\n|-damage|p2a: Snorlax|26\/100\n|\n|-heal|p1a: Kommo-o|40\/100|[from] item: Leftovers\n|-heal|p2a: Snorlax|32\/100|[from] item: Leftovers\n|-damage|p1a: Kommo-o|15\/100|[from] Curse\n|upkeep\n|turn|20\n|\n|t:|1700690103\n|move|p1a: Kommo-o|Iron Defense|p1a: Kommo-o\n|-boost|p1a: Kommo-o|def|2\n|move|p2a: Snorlax|Rest|p2a: Snorlax\n|-status|p2a: Snorlax|slp|[from] move: Rest\n|-heal|p2a: Snorlax|100\/100 slp|[silent]\n|\n|-heal|p1a: Kommo-o|22\/100|[from] item: Leftovers\n|-damage|p1a: Kommo-o|0 fnt|[from] Curse\n|faint|p1a: Kommo-o\n|upkeep\n|\n|t:|1700690105\n|switch|p1a: Arcanine|Arcanine-Hisui, M, tera:Grass|51\/100\n|-damage|p1a: Arcanine|39\/100|[from] Stealth Rock\n|turn|21\n|\n|t:|1700690118\n|move|p1a: Arcanine|Outrage|p2a: Snorlax\n|-damage|p2a: Snorlax|80\/100 slp\n|cant|p2a: Snorlax|slp\n|move|p2a: Snorlax|Sleep Talk|p2a: Snorlax\n|move|p2a: Snorlax|Rest||[from]move: Sleep Talk|[still]\n|-fail|p2a: Snorlax\n|\n|-heal|p2a: Snorlax|86\/100 slp|[from] item: Leftovers\n|upkeep\n|turn|22\n|\n|t:|1700690121\n|move|p1a: Arcanine|Outrage|p2a: Snorlax|[from]lockedmove\n|-damage|p2a: Snorlax|65\/100 slp\n|-start|p1a: Arcanine|confusion|[fatigue]\n|cant|p2a: Snorlax|slp\n|move|p2a: Snorlax|Sleep Talk|p2a: Snorlax\n|move|p2a: Snorlax|Rest||[from]move: Sleep Talk|[still]\n|-fail|p2a: Snorlax\n|\n|-heal|p2a: Snorlax|71\/100 slp|[from] item: Leftovers\n|upkeep\n|turn|23\n|l| DragonPhoenix333\n|\n|t:|1700690133\n|-activate|p1a: Arcanine|confusion\n|move|p1a: Arcanine|Outrage|p2a: Snorlax\n|-crit|p2a: Snorlax\n|-damage|p2a: Snorlax|23\/100 slp\n|-curestatus|p2a: Snorlax|slp|[msg]\n|move|p2a: Snorlax|Body Slam|p1a: Arcanine\n|-damage|p1a: Arcanine|0 fnt\n|faint|p1a: Arcanine\n|\n|win|munchkinp\n|n|\u2606LightOfTheRuin|lightoftheruin\n|n|\u2606munchkinp|munchkinp\n|n|*Lady Monita \u2746|ladymonita\n|n| Mezziegamer|mezziegamer\n|n| DabBuster184|dabbuster184\n|n| PiggiePiggie|piggiepiggie\n|n| BigSilverBilver|bigsilverbilver\n","uploadtime":1700690135,"views":2,"p1id":"lightoftheruin","p2id":"munchkinp","formatid":"gen9ou","rating":0,"private":0,"password":""}