{"id":"gen9ou-1989084472","p1":"hank7766","p2":"adil0301","format":"[Gen 9] OU","log":"|j|\u2606hank7766\n|j|\u2606adil0301\n|t:|1699810459\n|gametype|singles\n|player|p1|hank7766|265|1181\n|player|p2|adil0301|ghetsis-gen5bw|1260\n|teamsize|p1|6\n|teamsize|p2|6\n|gen|9\n|tier|[Gen 9] OU\n|rated|\n|rule|Sleep Clause Mod: Limit one foe put to sleep\n|rule|Species Clause: Limit one of each Pok\u00e9mon\n|rule|OHKO Clause: OHKO moves are banned\n|rule|Evasion Items Clause: Evasion items are banned\n|rule|Evasion Moves Clause: Evasion moves are banned\n|rule|Endless Battle Clause: Forcing endless battles is banned\n|rule|HP Percentage Mod: HP is shown in percentages\n|clearpoke\n|poke|p1|Gengar, M|\n|poke|p1|Milotic, F|\n|poke|p1|Indeedee-F, F|\n|poke|p1|Tyranitar, M|\n|poke|p1|Avalugg, M|\n|poke|p1|Greninja-*, M|\n|poke|p2|Thundurus-Therian, M|\n|poke|p2|Cinderace, F|\n|poke|p2|Rillaboom, M|\n|poke|p2|Gholdengo|\n|poke|p2|Alomomola, F|\n|poke|p2|Heatran, M|\n|teampreview\n|inactive|Battle timer is ON: inactive players will automatically lose when time's up. (requested by adil0301)\n|\n|t:|1699810467\n|start\n|switch|p1a: Ayane|Greninja, M|100\/100\n|switch|p2a: Rillaboom|Rillaboom, M|100\/100\n|-fieldstart|move: Grassy Terrain|[from] ability: Grassy Surge|[of] p2a: Rillaboom\n|turn|1\n|\n|t:|1699810475\n|switch|p1a: Ice - T|Avalugg, M|100\/100\n|move|p2a: Rillaboom|U-turn|p1a: Ice - T\n|-damage|p1a: Ice - T|85\/100\n|-damage|p2a: Rillaboom|84\/100|[from] item: Rocky Helmet|[of] p1a: Ice - T\n|\n|t:|1699810488\n|switch|p2a: Gholdengo|Gholdengo|100\/100|[from] U-turn\n|\n|-heal|p1a: Ice - T|91\/100|[from] Grassy Terrain\n|upkeep\n|turn|2\n|\n|t:|1699810495\n|switch|p1a: Ayane|Greninja, M|100\/100\n|move|p2a: Gholdengo|Nasty Plot|p2a: Gholdengo\n|-boost|p2a: Gholdengo|spa|2\n|\n|upkeep\n|turn|3\n|\n|t:|1699810502\n|-terastallize|p2a: Gholdengo|Flying\n|move|p1a: Ayane|Toxic Spikes|p2a: Gholdengo\n|-start|p1a: Ayane|typechange|Poison|[from] ability: Protean\n|-sidestart|p2: adil0301|move: Toxic Spikes\n|move|p2a: Gholdengo|Make It Rain|p1a: Ayane\n|-enditem|p1a: Ayane|Focus Sash\n|-damage|p1a: Ayane|1\/100\n|-unboost|p2a: Gholdengo|spa|1\n|\n|-heal|p1a: Ayane|7\/100|[from] Grassy Terrain\n|upkeep\n|turn|4\n|\n|t:|1699810515\n|switch|p1a: Gaara|Tyranitar, M|100\/100\n|-weather|Sandstorm|[from] ability: Sand Stream|[of] p1a: Gaara\n|move|p2a: Gholdengo|Make It Rain|p1a: Gaara\n|-supereffective|p1a: Gaara\n|-damage|p1a: Gaara|41\/100\n|-unboost|p2a: Gholdengo|spa|1\n|\n|-weather|Sandstorm|[upkeep]\n|-damage|p2a: Gholdengo|94\/100|[from] Sandstorm\n|-heal|p2a: Gholdengo|100\/100|[from] item: Leftovers\n|-heal|p1a: Gaara|47\/100|[from] Grassy Terrain\n|upkeep\n|turn|5\n|\n|t:|1699810532\n|move|p2a: Gholdengo|Focus Blast|p1a: Gaara\n|-supereffective|p1a: Gaara\n|-damage|p1a: Gaara|0 fnt\n|faint|p1a: Gaara\n|\n|-weather|Sandstorm|[upkeep]\n|-damage|p2a: Gholdengo|94\/100|[from] Sandstorm\n|-heal|p2a: Gholdengo|100\/100|[from] item: Leftovers\n|-fieldend|move: Grassy Terrain\n|upkeep\n|\n|t:|1699810541\n|switch|p1a: Mila|Milotic, F|100\/100\n|turn|6\n|\n|t:|1699810549\n|switch|p2a: Cinderace|Cinderace, F|100\/100\n|move|p1a: Mila|Surf|p2a: Cinderace\n|-supereffective|p2a: Cinderace\n|-damage|p2a: Cinderace|0 fnt\n|faint|p2a: Cinderace\n|\n|-weather|Sandstorm|[upkeep]\n|-damage|p1a: Mila|94\/100|[from] Sandstorm\n|upkeep\n|\n|t:|1699810552\n|switch|p2a: Rillaboom|Rillaboom, M|84\/100\n|-status|p2a: Rillaboom|psn\n|-fieldstart|move: Grassy Terrain|[from] ability: Grassy Surge|[of] p2a: Rillaboom\n|turn|7\n|\n|t:|1699810562\n|switch|p1a: Ice - T|Avalugg, M|91\/100\n|move|p2a: Rillaboom|U-turn|p1a: Ice - T\n|-damage|p1a: Ice - T|78\/100\n|-damage|p2a: Rillaboom|68\/100 psn|[from] item: Rocky Helmet|[of] p1a: Ice - T\n|\n|t:|1699810581\n|switch|p2a: Gholdengo|Gholdengo, tera:Flying|100\/100|[from] U-turn\n|\n|-weather|Sandstorm|[upkeep]\n|-damage|p2a: Gholdengo|94\/100|[from] Sandstorm\n|-damage|p1a: Ice - T|72\/100|[from] Sandstorm\n|-heal|p2a: Gholdengo|100\/100|[from] item: Leftovers\n|-heal|p1a: Ice - T|78\/100|[from] Grassy Terrain\n|upkeep\n|turn|8\n|\n|t:|1699810597\n|switch|p1a: Ayane|Greninja, M|7\/100\n|move|p2a: Gholdengo|Make It Rain|p1a: Ayane\n|-resisted|p1a: Ayane\n|-damage|p1a: Ayane|0 fnt\n|-unboost|p2a: Gholdengo|spa|1\n|faint|p1a: Ayane\n|\n|-weather|none\n|upkeep\n|\n|t:|1699810607\n|switch|p1a: Mila|Milotic, F|94\/100\n|turn|9\n|\n|t:|1699810613\n|switch|p2a: Alomomola|Alomomola, F|100\/100\n|-status|p2a: Alomomola|psn\n|-terastallize|p1a: Mila|Water\n|move|p1a: Mila|Surf|p2a: Alomomola\n|-resisted|p2a: Alomomola\n|-damage|p2a: Alomomola|53\/100 psn\n|-enditem|p2a: Alomomola|Red Card|[of] p1a: Mila\n|drag|p1a: Nightmare|Gengar, M, shiny|100\/100\n|\n|-heal|p2a: Alomomola|59\/100 psn|[from] Grassy Terrain\n|-damage|p2a: Alomomola|47\/100 psn|[from] psn\n|upkeep\n|turn|10\n|\n|t:|1699810627\n|move|p1a: Nightmare|Thunderbolt|p2a: Alomomola\n|-supereffective|p2a: Alomomola\n|-damage|p2a: Alomomola|0 fnt\n|faint|p2a: Alomomola\n|\n|upkeep\n|\n|t:|1699810642\n|switch|p2a: Gholdengo|Gholdengo, tera:Flying|100\/100\n|turn|11\n|\n|t:|1699810650\n|switch|p1a: Indeedee|Indeedee-F, F|100\/100\n|-fieldstart|move: Psychic Terrain|[from] ability: Psychic Surge|[of] p1a: Indeedee\n|switch|p2a: Thundurus|Thundurus-Therian, M|100\/100\n|\n|upkeep\n|turn|12\n|\n|t:|1699810658\n|move|p2a: Thundurus|Volt Switch|p1a: Indeedee\n|-damage|p1a: Indeedee|56\/100\n|\n|t:|1699810662\n|switch|p2a: Rillaboom|Rillaboom, M|68\/100 psn|[from] Volt Switch\n|-fieldstart|move: Grassy Terrain|[from] ability: Grassy Surge|[of] p2a: Rillaboom\n|move|p1a: Indeedee|Psyshock|p2a: Rillaboom\n|-damage|p2a: Rillaboom|37\/100 psn\n|\n|-heal|p2a: Rillaboom|44\/100 psn|[from] Grassy Terrain\n|-heal|p1a: Indeedee|62\/100|[from] Grassy Terrain\n|-damage|p2a: Rillaboom|31\/100 psn|[from] psn\n|upkeep\n|turn|13\n|\n|t:|1699810677\n|switch|p1a: Ice - T|Avalugg, M|78\/100\n|move|p2a: Rillaboom|Grassy Glide|p1a: Ice - T\n|-damage|p1a: Ice - T|56\/100\n|-damage|p2a: Rillaboom|15\/100 psn|[from] item: Rocky Helmet|[of] p1a: Ice - T\n|\n|-heal|p2a: Rillaboom|21\/100 psn|[from] Grassy Terrain\n|-heal|p1a: Ice - T|62\/100|[from] Grassy Terrain\n|-damage|p2a: Rillaboom|9\/100 psn|[from] psn\n|upkeep\n|turn|14\n|\n|t:|1699810691\n|switch|p2a: Heatran|Heatran, M|100\/100\n|move|p1a: Ice - T|Body Press|p2a: Heatran\n|-supereffective|p2a: Heatran\n|-damage|p2a: Heatran|30\/100\n|\n|-heal|p2a: Heatran|36\/100|[from] Grassy Terrain\n|-heal|p2a: Heatran|42\/100|[from] item: Leftovers\n|-heal|p1a: Ice - T|68\/100|[from] Grassy Terrain\n|upkeep\n|turn|15\n|\n|t:|1699810704\n|switch|p1a: Mila|Milotic, F, tera:Water|94\/100\n|move|p2a: Heatran|Magma Storm|p1a: Mila\n|-resisted|p1a: Mila\n|-damage|p1a: Mila|79\/100\n|-activate|p1a: Mila|move: Magma Storm|[of] p2a: Heatran\n|\n|-heal|p1a: Mila|85\/100|[from] Grassy Terrain\n|-heal|p2a: Heatran|49\/100|[from] Grassy Terrain\n|-heal|p2a: Heatran|55\/100|[from] item: Leftovers\n|-damage|p1a: Mila|73\/100|[from] move: Magma Storm|[partiallytrapped]\n|upkeep\n|turn|16\n|\n|t:|1699810723\n|move|p1a: Mila|Surf|p2a: Heatran\n|-supereffective|p2a: Heatran\n|-damage|p2a: Heatran|0 fnt\n|faint|p2a: Heatran\n|\n|-heal|p1a: Mila|79\/100|[from] Grassy Terrain\n|-end|p1a: Mila|Magma Storm|[partiallytrapped]|[silent]\n|-fieldend|move: Grassy Terrain\n|upkeep\n|\n|t:|1699810729\n|switch|p2a: Thundurus|Thundurus-Therian, M|100\/100\n|turn|17\n|\n|t:|1699810735\n|move|p2a: Thundurus|Volt Switch|p1a: Mila\n|-supereffective|p1a: Mila\n|-damage|p1a: Mila|0 fnt\n|faint|p1a: Mila\n|\n|t:|1699810742\n|switch|p2a: Gholdengo|Gholdengo, tera:Flying|100\/100|[from] Volt Switch\n|\n|upkeep\n|\n|t:|1699810748\n|switch|p1a: Indeedee|Indeedee-F, F|62\/100\n|-fieldstart|move: Psychic Terrain|[from] ability: Psychic Surge|[of] p1a: Indeedee\n|turn|18\n|\n|t:|1699810755\n|move|p2a: Gholdengo|Make It Rain|p1a: Indeedee\n|-damage|p1a: Indeedee|10\/100\n|-unboost|p2a: Gholdengo|spa|1\n|move|p1a: Indeedee|Psyshock|p2a: Gholdengo\n|-damage|p2a: Gholdengo|54\/100\n|\n|-heal|p2a: Gholdengo|60\/100|[from] item: Leftovers\n|upkeep\n|turn|19\n|\n|t:|1699810770\n|switch|p1a: Nightmare|Gengar, M, shiny|100\/100\n|move|p2a: Gholdengo|Make It Rain|p1a: Nightmare\n|-damage|p1a: Nightmare|26\/100\n|-unboost|p2a: Gholdengo|spa|1\n|\n|-heal|p2a: Gholdengo|66\/100|[from] item: Leftovers\n|upkeep\n|turn|20\n|\n|t:|1699810785\n|switch|p2a: Thundurus|Thundurus-Therian, M|100\/100\n|move|p1a: Nightmare|Sludge Bomb|p2a: Thundurus\n|-damage|p2a: Thundurus|32\/100\n|\n|upkeep\n|turn|21\n|\n|t:|1699810792\n|move|p1a: Nightmare|Sludge Bomb|p2a: Thundurus\n|-damage|p2a: Thundurus|0 fnt\n|faint|p2a: Thundurus\n|\n|upkeep\n|\n|t:|1699810796\n|switch|p2a: Rillaboom|Rillaboom, M|9\/100 psn\n|-fieldstart|move: Grassy Terrain|[from] ability: Grassy Surge|[of] p2a: Rillaboom\n|turn|22\n|\n|t:|1699810803\n|switch|p1a: Ice - T|Avalugg, M|68\/100\n|move|p2a: Rillaboom|Grassy Glide|p1a: Ice - T\n|-damage|p1a: Ice - T|46\/100\n|-damage|p2a: Rillaboom|0 fnt|[from] item: Rocky Helmet|[of] p1a: Ice - T\n|faint|p2a: Rillaboom\n|\n|-heal|p1a: Ice - T|53\/100|[from] Grassy Terrain\n|upkeep\n|\n|t:|1699810805\n|switch|p2a: Gholdengo|Gholdengo, tera:Flying|66\/100\n|turn|23\n|\n|t:|1699810816\n|move|p2a: Gholdengo|Focus Blast|p1a: Ice - T|[miss]\n|-miss|p2a: Gholdengo|p1a: Ice - T\n|move|p1a: Ice - T|Avalanche|p2a: Gholdengo\n|-supereffective|p2a: Gholdengo\n|-damage|p2a: Gholdengo|14\/100\n|\n|-heal|p2a: Gholdengo|20\/100|[from] item: Leftovers\n|-heal|p1a: Ice - T|59\/100|[from] Grassy Terrain\n|upkeep\n|turn|24\n|\n|t:|1699810825\n|move|p2a: Gholdengo|Focus Blast|p1a: Ice - T|[miss]\n|-miss|p2a: Gholdengo|p1a: Ice - T\n|move|p1a: Ice - T|Avalanche|p2a: Gholdengo\n|-supereffective|p2a: Gholdengo\n|-damage|p2a: Gholdengo|0 fnt\n|faint|p2a: Gholdengo\n|\n|win|hank7766\n|raw|hank7766's rating: 1181 &rarr; <strong>1212<\/strong><br \/>(+31 for winning)\n|raw|adil0301's rating: 1260 &rarr; <strong>1229<\/strong><br \/>(-31 for losing)\n|l|\u2606adil0301\n","uploadtime":1699810838,"views":11,"p1id":"hank7766","p2id":"adil0301","formatid":"gen9ou","rating":1212,"private":0,"password":""}