{"id":"gen9ou-1991986033","p1":"Dr. Yoshimistu","p2":"MetaSeeker","format":"[Gen 9] OU","log":"|j|\u2606Dr. Yoshimistu\n|j|\u2606MetaSeeker\n|t:|1700145255\n|gametype|singles\n|player|p1|Dr. Yoshimistu|liza|1446\n|player|p2|MetaSeeker|101|1483\n|teamsize|p1|6\n|teamsize|p2|6\n|gen|9\n|tier|[Gen 9] OU\n|rated|\n|rule|Sleep Clause Mod: Limit one foe put to sleep\n|rule|Species Clause: Limit one of each Pok\u00e9mon\n|rule|OHKO Clause: OHKO moves are banned\n|rule|Evasion Items Clause: Evasion items are banned\n|rule|Evasion Moves Clause: Evasion moves are banned\n|rule|Endless Battle Clause: Forcing endless battles is banned\n|rule|HP Percentage Mod: HP is shown in percentages\n|clearpoke\n|poke|p1|Tyranitar, M|\n|poke|p1|Dondozo, F|\n|poke|p1|Zamazenta-*|\n|poke|p1|Cinderace, F|\n|poke|p1|Thundurus-Therian, M|\n|poke|p1|Dragapult, M|\n|poke|p2|Corviknight, F|\n|poke|p2|Garchomp, M|\n|poke|p2|Slowking-Galar, F|\n|poke|p2|Zamazenta-*|\n|poke|p2|Skeledirge, M|\n|poke|p2|Iron Valiant|\n|teampreview\n|inactive|Battle timer is ON: inactive players will automatically lose when time's up. (requested by MetaSeeker)\n|c|\u2606MetaSeeker|glhf\n|\n|t:|1700145272\n|start\n|switch|p1a: Dragapult|Dragapult, M|100\/100\n|switch|p2a: Wayward|Garchomp, M, shiny|100\/100\n|turn|1\n|\n|t:|1700145276\n|move|p2a: Wayward|Dragon Claw|p1a: Dragapult\n|-supereffective|p1a: Dragapult\n|-damage|p1a: Dragapult|0 fnt\n|faint|p1a: Dragapult\n|\n|upkeep\n|\n|t:|1700145290\n|switch|p1a: Zamazenta|Zamazenta|100\/100\n|-ability|p1a: Zamazenta|Dauntless Shield|boost\n|-boost|p1a: Zamazenta|def|1\n|turn|2\n|\n|t:|1700145297\n|switch|p2a: Munchie|Skeledirge, M|100\/100\n|move|p1a: Zamazenta|Stone Edge|p2a: Munchie\n|-supereffective|p2a: Munchie\n|-damage|p2a: Munchie|40\/100\n|\n|upkeep\n|turn|3\n|\n|t:|1700145311\n|switch|p2a: Wayward|Garchomp, M, shiny|100\/100\n|move|p1a: Zamazenta|Stone Edge|p2a: Wayward|[miss]\n|-miss|p1a: Zamazenta|p2a: Wayward\n|\n|upkeep\n|turn|4\n|\n|t:|1700145315\n|switch|p1a: Dondozo|Dondozo, F|100\/100\n|move|p2a: Wayward|Earthquake|p1a: Dondozo\n|-damage|p1a: Dondozo|79\/100\n|\n|upkeep\n|turn|5\n|\n|t:|1700145319\n|switch|p2a: Queen|Slowking-Galar, F, shiny|100\/100\n|switch|p1a: Thundurus|Thundurus-Therian, M|100\/100\n|\n|upkeep\n|turn|6\n|\n|t:|1700145325\n|move|p1a: Thundurus|Thunderbolt|p2a: Queen\n|-damage|p2a: Queen|80\/100\n|move|p2a: Queen|Sludge Bomb|p1a: Thundurus\n|-damage|p1a: Thundurus|50\/100\n|-status|p1a: Thundurus|psn\n|\n|-damage|p1a: Thundurus|38\/100 psn|[from] psn\n|upkeep\n|turn|7\n|\n|t:|1700145331\n|move|p1a: Thundurus|Volt Switch|p2a: Queen\n|-damage|p2a: Queen|65\/100\n|\n|t:|1700145334\n|switch|p1a: Tyranitar|Tyranitar, M|100\/100|[from] Volt Switch\n|-weather|Sandstorm|[from] ability: Sand Stream|[of] p1a: Tyranitar\n|move|p2a: Queen|Sludge Bomb|p1a: Tyranitar\n|-resisted|p1a: Tyranitar\n|-damage|p1a: Tyranitar|94\/100\n|\n|-weather|Sandstorm|[upkeep]\n|-damage|p2a: Queen|59\/100|[from] Sandstorm\n|-heal|p1a: Tyranitar|99\/100|[from] item: Leftovers\n|upkeep\n|turn|8\n|\n|t:|1700145350\n|switch|p2a: Ari|Corviknight, F|100\/100\n|-ability|p2a: Ari|Pressure\n|move|p1a: Tyranitar|Thunder Wave|p2a: Ari\n|-status|p2a: Ari|par\n|\n|-weather|Sandstorm|[upkeep]\n|-heal|p1a: Tyranitar|100\/100|[from] item: Leftovers\n|upkeep\n|turn|9\n|\n|t:|1700145356\n|move|p1a: Tyranitar|Stealth Rock|p2a: Ari\n|-sidestart|p2: MetaSeeker|move: Stealth Rock\n|move|p2a: Ari|U-turn|p1a: Tyranitar\n|-supereffective|p1a: Tyranitar\n|-damage|p1a: Tyranitar|76\/100\n|\n|t:|1700145368\n|switch|p2a: Wayward|Garchomp, M, shiny|100\/100|[from] U-turn\n|-damage|p2a: Wayward|94\/100|[from] Stealth Rock\n|\n|-weather|Sandstorm|[upkeep]\n|-heal|p1a: Tyranitar|82\/100|[from] item: Leftovers\n|upkeep\n|turn|10\n|\n|t:|1700145374\n|switch|p1a: Thundurus|Thundurus-Therian, M|38\/100 psn\n|move|p2a: Wayward|Earthquake|p1a: Thundurus\n|-immune|p1a: Thundurus\n|\n|-weather|Sandstorm|[upkeep]\n|-damage|p1a: Thundurus|32\/100 psn|[from] Sandstorm\n|-damage|p1a: Thundurus|20\/100 psn|[from] psn\n|upkeep\n|turn|11\n|\n|t:|1700145387\n|switch|p2a: Queen|Slowking-Galar, F, shiny|92\/100\n|-damage|p2a: Queen|80\/100|[from] Stealth Rock\n|move|p1a: Thundurus|Focus Blast|p2a: Queen|[miss]\n|-miss|p1a: Thundurus|p2a: Queen\n|\n|-weather|none\n|-damage|p1a: Thundurus|7\/100 psn|[from] psn\n|upkeep\n|turn|12\n|inactive|MetaSeeker has 120 seconds left.\n|\n|t:|1700145430\n|move|p1a: Thundurus|Thunderbolt|p2a: Queen\n|-damage|p2a: Queen|59\/100\n|move|p2a: Queen|Sludge Bomb|p1a: Thundurus\n|-damage|p1a: Thundurus|0 fnt\n|faint|p1a: Thundurus\n|\n|upkeep\n|\n|t:|1700145435\n|switch|p1a: Zamazenta|Zamazenta|100\/100\n|turn|13\n|\n|t:|1700145441\n|move|p1a: Zamazenta|Crunch|p2a: Queen\n|-supereffective|p2a: Queen\n|-damage|p2a: Queen|0 fnt\n|faint|p2a: Queen\n|\n|upkeep\n|inactive|MetaSeeker has 120 seconds left.\n|\n|t:|1700145453\n|switch|p2a: Zama|Zamazenta, shiny|100\/100\n|-damage|p2a: Zama|94\/100|[from] Stealth Rock\n|-ability|p2a: Zama|Dauntless Shield|boost\n|-boost|p2a: Zama|def|1\n|turn|14\n|\n|t:|1700145459\n|switch|p1a: Dondozo|Dondozo, F|79\/100\n|move|p2a: Zama|Body Press|p1a: Dondozo\n|-damage|p1a: Dondozo|64\/100\n|\n|-heal|p2a: Zama|100\/100|[from] item: Leftovers\n|upkeep\n|turn|15\n|\n|t:|1700145467\n|move|p2a: Zama|Body Press|p1a: Dondozo\n|-damage|p1a: Dondozo|50\/100\n|move|p1a: Dondozo|Liquidation|p2a: Zama\n|-damage|p2a: Zama|80\/100\n|\n|-heal|p2a: Zama|86\/100|[from] item: Leftovers\n|upkeep\n|turn|16\n|\n|t:|1700145485\n|move|p2a: Zama|Body Press|p1a: Dondozo\n|-damage|p1a: Dondozo|34\/100\n|move|p1a: Dondozo|Liquidation|p2a: Zama\n|-damage|p2a: Zama|63\/100\n|\n|-heal|p2a: Zama|69\/100|[from] item: Leftovers\n|upkeep\n|turn|17\n|\n|t:|1700145491\n|move|p2a: Zama|Body Press|p1a: Dondozo\n|-damage|p1a: Dondozo|20\/100\n|move|p1a: Dondozo|Rest|p1a: Dondozo\n|-status|p1a: Dondozo|slp|[from] move: Rest\n|-heal|p1a: Dondozo|100\/100 slp|[silent]\n|\n|-heal|p2a: Zama|75\/100|[from] item: Leftovers\n|upkeep\n|turn|18\n|\n|t:|1700145503\n|switch|p2a: Ari|Corviknight, F|100\/100 par\n|-damage|p2a: Ari|88\/100 par|[from] Stealth Rock\n|-ability|p2a: Ari|Pressure\n|cant|p1a: Dondozo|slp\n|move|p1a: Dondozo|Sleep Talk|p1a: Dondozo\n|move|p1a: Dondozo|Liquidation|p2a: Ari|[from]move: Sleep Talk\n|-damage|p2a: Ari|71\/100 par\n|\n|-heal|p2a: Ari|77\/100 par|[from] item: Leftovers\n|upkeep\n|turn|19\n|\n|t:|1700145514\n|switch|p1a: Cinderace|Cinderace, F|100\/100\n|move|p2a: Ari|Defog|p1a: Cinderace\n|-unboost|p1a: Cinderace|evasion|1\n|-sideend|p2: MetaSeeker|Stealth Rock|[from] move: Defog|[of] p2a: Ari\n|\n|-heal|p2a: Ari|84\/100 par|[from] item: Leftovers\n|upkeep\n|turn|20\n|inactive|MetaSeeker has 120 seconds left.\n|\n|t:|1700145561\n|switch|p2a: Wayward|Garchomp, M, shiny|94\/100\n|-terastallize|p1a: Cinderace|Fire\n|move|p1a: Cinderace|Pyro Ball|p2a: Wayward\n|-resisted|p2a: Wayward\n|-damage|p2a: Wayward|57\/100\n|\n|upkeep\n|turn|21\n|\n|t:|1700145568\n|switch|p1a: Dondozo|Dondozo, F|100\/100 slp\n|move|p2a: Wayward|Earthquake|p1a: Dondozo\n|-damage|p1a: Dondozo|77\/100 slp\n|\n|upkeep\n|turn|22\n|\n|t:|1700145573\n|move|p2a: Wayward|Earthquake|p1a: Dondozo\n|-damage|p1a: Dondozo|55\/100 slp\n|cant|p1a: Dondozo|slp\n|move|p1a: Dondozo|Sleep Talk|p1a: Dondozo\n|move|p1a: Dondozo|Body Press|p2a: Wayward|[from]move: Sleep Talk\n|-damage|p2a: Wayward|27\/100\n|-damage|p1a: Dondozo|43\/100 slp|[from] ability: Rough Skin|[of] p2a: Wayward\n|\n|upkeep\n|turn|23\n|\n|t:|1700145582\n|move|p2a: Wayward|Earthquake|p1a: Dondozo\n|-crit|p1a: Dondozo\n|-damage|p1a: Dondozo|9\/100 slp\n|-curestatus|p1a: Dondozo|slp|[msg]\n|move|p1a: Dondozo|Sleep Talk||[still]\n|-fail|p1a: Dondozo\n|\n|upkeep\n|turn|24\n|\n|t:|1700145587\n|move|p2a: Wayward|Earthquake|p1a: Dondozo\n|-damage|p1a: Dondozo|0 fnt\n|faint|p1a: Dondozo\n|\n|upkeep\n|\n|t:|1700145589\n|switch|p1a: Zamazenta|Zamazenta|100\/100\n|turn|25\n|\n|t:|1700145597\n|switch|p2a: Ari|Corviknight, F|84\/100 par\n|-ability|p2a: Ari|Pressure\n|move|p1a: Zamazenta|Crunch|p2a: Ari\n|-damage|p2a: Ari|61\/100 par\n|\n|-heal|p2a: Ari|68\/100 par|[from] item: Leftovers\n|upkeep\n|turn|26\n|\n|t:|1700145601\n|switch|p1a: Cinderace|Cinderace, F, tera:Fire|100\/100\n|move|p2a: Ari|U-turn|p1a: Cinderace\n|-resisted|p1a: Cinderace\n|-damage|p1a: Cinderace|89\/100\n|\n|t:|1700145604\n|switch|p2a: Wayward|Garchomp, M, shiny|27\/100|[from] U-turn\n|\n|upkeep\n|turn|27\n|\n|t:|1700145613\n|switch|p1a: Tyranitar|Tyranitar, M|82\/100\n|-weather|Sandstorm|[from] ability: Sand Stream|[of] p1a: Tyranitar\n|move|p2a: Wayward|Earthquake|p1a: Tyranitar\n|-supereffective|p1a: Tyranitar\n|-damage|p1a: Tyranitar|3\/100\n|\n|-weather|Sandstorm|[upkeep]\n|-heal|p1a: Tyranitar|9\/100|[from] item: Leftovers\n|upkeep\n|turn|28\n|\n|t:|1700145620\n|move|p2a: Wayward|Earthquake|p1a: Tyranitar\n|-supereffective|p1a: Tyranitar\n|-damage|p1a: Tyranitar|0 fnt\n|faint|p1a: Tyranitar\n|\n|-weather|Sandstorm|[upkeep]\n|upkeep\n|\n|t:|1700145630\n|switch|p1a: Cinderace|Cinderace, F, tera:Fire|89\/100\n|turn|29\n|\n|t:|1700145633\n|move|p1a: Cinderace|Sucker Punch|p2a: Wayward\n|-damage|p2a: Wayward|2\/100\n|-damage|p1a: Cinderace|77\/100|[from] ability: Rough Skin|[of] p2a: Wayward\n|move|p2a: Wayward|Earthquake|p1a: Cinderace\n|-supereffective|p1a: Cinderace\n|-damage|p1a: Cinderace|0 fnt\n|faint|p1a: Cinderace\n|\n|-weather|Sandstorm|[upkeep]\n|upkeep\n|\n|t:|1700145636\n|switch|p1a: Zamazenta|Zamazenta|100\/100\n|turn|30\n|\n|t:|1700145643\n|move|p2a: Wayward|Earthquake|p1a: Zamazenta\n|-damage|p1a: Zamazenta|48\/100\n|move|p1a: Zamazenta|Heavy Slam|p2a: Wayward\n|-damage|p2a: Wayward|0 fnt\n|-damage|p1a: Zamazenta|36\/100|[from] ability: Rough Skin|[of] p2a: Wayward\n|faint|p2a: Wayward\n|\n|-weather|Sandstorm|[upkeep]\n|-damage|p1a: Zamazenta|30\/100|[from] Sandstorm\n|upkeep\n|\n|t:|1700145648\n|switch|p2a: Munchie|Skeledirge, M|40\/100\n|turn|31\n|-message|Dr. Yoshimistu forfeited.\n|\n|win|MetaSeeker\n|raw|Dr. Yoshimistu's rating: 1446 &rarr; <strong>1428<\/strong><br \/>(-18 for losing)\n|raw|MetaSeeker's rating: 1483 &rarr; <strong>1501<\/strong><br \/>(+18 for winning)\n|l|\u2606Dr. Yoshimistu\n","uploadtime":1700145652,"views":6,"p1id":"dryoshimistu","p2id":"metaseeker","formatid":"gen9ou","rating":1428,"private":0,"password":""}