{"id":"gen9ou-1988937307","p1":"RSstar","p2":"devious fearvg","format":"[Gen 9] OU","log":"|j|\u2606RSstar\n|j|\u2606devious fearvg\n|t:|1699791067\n|gametype|singles\n|player|p1|RSstar|drayden|\n|player|p2|devious fearvg|alec-anime|\n|teamsize|p1|6\n|teamsize|p2|6\n|gen|9\n|tier|[Gen 9] OU\n|rule|Sleep Clause Mod: Limit one foe put to sleep\n|rule|Species Clause: Limit one of each Pok\u00e9mon\n|rule|OHKO Clause: OHKO moves are banned\n|rule|Evasion Items Clause: Evasion items are banned\n|rule|Evasion Moves Clause: Evasion moves are banned\n|rule|Endless Battle Clause: Forcing endless battles is banned\n|rule|HP Percentage Mod: HP is shown in percentages\n|clearpoke\n|poke|p1|Dragapult, M|\n|poke|p1|Cinderace, M|\n|poke|p1|Iron Hands|\n|poke|p1|Iron Moth|\n|poke|p1|Samurott-Hisui, M|\n|poke|p1|Zapdos|\n|poke|p2|Samurott-Hisui, M|\n|poke|p2|Thundurus-Therian, M|\n|poke|p2|Gholdengo|\n|poke|p2|Ogerpon-Cornerstone, F|\n|poke|p2|Slowking-Galar, M|\n|poke|p2|Mandibuzz, F|\n|teampreview\n|c|\u2606RSstar|(shaking in fear)\n|c|\u2606devious fearvg|hold on the lag\n|c|\u2606RSstar|Insane how Mandibuzz is not in OU yet...\n|c|\u2606devious fearvg|ok back\n|c|\u2606devious fearvg|boi\n|c|\u2606RSstar|And welp Glowking is a problem\n|\n|t:|1699791216\n|start\n|switch|p1a: Samurott|Samurott-Hisui, M|100\/100\n|switch|p2a: Thundurus|Thundurus-Therian, M|100\/100\n|turn|1\n|c|\u2606RSstar|So... Battl gonna start or...?\n|j| CoffeeBeanz2\n|c| CoffeeBeanz2|yo\n|c|\u2606devious fearvg|sup coffee\n|\n|t:|1699791239\n|move|p1a: Samurott|Razor Shell|p2a: Thundurus\n|-damage|p2a: Thundurus|27\/100\n|-unboost|p2a: Thundurus|def|1\n|move|p2a: Thundurus|Volt Switch|p1a: Samurott\n|-supereffective|p1a: Samurott\n|-damage|p1a: Samurott|0 fnt\n|faint|p1a: Samurott\n|c|\u2606devious fearvg|hm scarf\n|c|\u2606devious fearvg|welp\n|c| CoffeeBeanz2|avenge my ru fellahs ong\n|\n|t:|1699791263\n|switch|p2a: Samurott|Samurott-Hisui, M|100\/100|[from] Volt Switch\n|\n|upkeep\n|\n|t:|1699791273\n|switch|p1a: Zapdos|Zapdos|100\/100\n|turn|2\n|\n|t:|1699791287\n|switch|p2a: Slowking|Slowking-Galar, M|100\/100\n|move|p1a: Zapdos|Hurricane|p2a: Slowking\n|-damage|p2a: Slowking|62\/100\n|\n|upkeep\n|turn|3\n|\n|t:|1699791302\n|move|p1a: Zapdos|Hurricane|p2a: Slowking\n|-damage|p2a: Slowking|25\/100\n|move|p2a: Slowking|Chilly Reception|p2a: Slowking\n|-weather|Snow\n|\n|t:|1699791314\n|switch|p2a: Ogerpon|Ogerpon-Cornerstone, F|100\/100|[from] Chilly Reception\n|\n|-weather|Snow|[upkeep]\n|upkeep\n|turn|4\n|\n|t:|1699791328\n|move|p2a: Ogerpon|Ivy Cudgel|p1a: Zapdos\n|-supereffective|p1a: Zapdos\n|-damage|p1a: Zapdos|0 fnt\n|faint|p1a: Zapdos\n|\n|-weather|Snow|[upkeep]\n|upkeep\n|c|\u2606devious fearvg|bonk\n|\n|t:|1699791335\n|switch|p1a: Iron Hands|Iron Hands|100\/100\n|turn|5\n|c| CoffeeBeanz2|big man ogre\n|\n|t:|1699791360\n|switch|p2a: Thundurus|Thundurus-Therian, M|27\/100\n|move|p1a: Iron Hands|Ice Punch|p2a: Thundurus\n|-supereffective|p2a: Thundurus\n|-damage|p2a: Thundurus|0 fnt\n|faint|p2a: Thundurus\n|\n|-weather|Snow|[upkeep]\n|upkeep\n|\n|t:|1699791373\n|switch|p2a: Slowking|Slowking-Galar, M|58\/100\n|turn|6\n|\n|t:|1699791382\n|move|p1a: Iron Hands|Thunder Punch|p2a: Slowking\n|-damage|p2a: Slowking|16\/100\n|move|p2a: Slowking|Future Sight|p1a: Iron Hands\n|-start|p2a: Slowking|move: Future Sight\n|\n|-weather|Snow|[upkeep]\n|upkeep\n|turn|7\n|\n|t:|1699791392\n|switch|p2a: Gholdengo|Gholdengo|100\/100\n|-item|p2a: Gholdengo|Air Balloon\n|move|p1a: Iron Hands|Ice Punch|p2a: Gholdengo\n|-resisted|p2a: Gholdengo\n|-damage|p2a: Gholdengo|91\/100\n|-enditem|p2a: Gholdengo|Air Balloon\n|\n|-weather|none\n|upkeep\n|turn|8\n|c|\u2606devious fearvg|well smth is dead\n|\n|t:|1699791423\n|-end|p1a: Iron Hands|Quark Drive|[silent]\n|switch|p1a: Cinderace|Cinderace, M|100\/100\n|move|p2a: Gholdengo|Shadow Ball|p1a: Cinderace\n|-crit|p1a: Cinderace\n|-damage|p1a: Cinderace|21\/100\n|\n|-end|p1a: Cinderace|move: Future Sight\n|-damage|p1a: Cinderace|0 fnt\n|faint|p1a: Cinderace\n|upkeep\n|\n|t:|1699791436\n|switch|p1a: Iron Moth|Iron Moth|100\/100\n|-enditem|p1a: Iron Moth|Booster Energy\n|-activate|p1a: Iron Moth|ability: Quark Drive|[fromitem]\n|-start|p1a: Iron Moth|quarkdrivespe\n|turn|9\n|\n|t:|1699791459\n|switch|p2a: Slowking|Slowking-Galar, M|50\/100\n|move|p1a: Iron Moth|Fiery Dance|p2a: Slowking\n|-damage|p2a: Slowking|25\/100\n|-boost|p1a: Iron Moth|spa|1\n|\n|upkeep\n|turn|10\n|\n|t:|1699791475\n|switch|p2a: Mandibuzz|Mandibuzz, F|100\/100\n|move|p1a: Iron Moth|Fiery Dance|p2a: Mandibuzz\n|-damage|p2a: Mandibuzz|54\/100\n|\n|upkeep\n|turn|11\n|\n|t:|1699791482\n|move|p1a: Iron Moth|Fiery Dance|p2a: Mandibuzz\n|-damage|p2a: Mandibuzz|13\/100\n|-boost|p1a: Iron Moth|spa|1\n|move|p2a: Mandibuzz|U-turn|p1a: Iron Moth\n|-resisted|p1a: Iron Moth\n|-damage|p1a: Iron Moth|96\/100\n|\n|t:|1699791492\n|switch|p2a: Slowking|Slowking-Galar, M|58\/100|[from] U-turn\n|\n|upkeep\n|turn|12\n|\n|t:|1699791499\n|-terastallize|p1a: Iron Moth|Ground\n|move|p1a: Iron Moth|Tera Blast|p2a: Slowking|[anim] Tera Blast Ground\n|-supereffective|p2a: Slowking\n|-damage|p2a: Slowking|0 fnt\n|faint|p2a: Slowking\n|\n|upkeep\n|\n|t:|1699791514\n|switch|p2a: Ogerpon|Ogerpon-Cornerstone, F|100\/100\n|turn|13\n|\n|t:|1699791520\n|move|p1a: Iron Moth|Tera Blast|p2a: Ogerpon|[anim] Tera Blast Ground\n|-damage|p2a: Ogerpon|10\/100\n|move|p2a: Ogerpon|Horn Leech|p1a: Iron Moth\n|-supereffective|p1a: Iron Moth\n|-damage|p1a: Iron Moth|0 fnt\n|-heal|p2a: Ogerpon|63\/100|[from] drain|[of] p1a: Iron Moth\n|faint|p1a: Iron Moth\n|-end|p1a: Iron Moth|Quark Drive|[silent]\n|\n|upkeep\n|c|\u2606devious fearvg|it doesn't even ohko\n|c|\u2606RSstar|I don't use calcs?!\n|\n|t:|1699791550\n|switch|p1a: Iron Hands|Iron Hands|100\/100\n|turn|14\n|c|\u2606devious fearvg|you're +2\n|\n|t:|1699791564\n|move|p2a: Ogerpon|Swords Dance|p2a: Ogerpon\n|-boost|p2a: Ogerpon|atk|2\n|move|p1a: Iron Hands|Drain Punch|p2a: Ogerpon\n|-supereffective|p2a: Ogerpon\n|-damage|p2a: Ogerpon|0 fnt\n|faint|p2a: Ogerpon\n|\n|upkeep\n|\n|t:|1699791573\n|switch|p2a: Gholdengo|Gholdengo|91\/100\n|turn|15\n|c|\u2606RSstar|Idk i thought it would i also thought you would tera or something\n|\n|t:|1699791591\n|move|p2a: Gholdengo|Nasty Plot|p2a: Gholdengo\n|-boost|p2a: Gholdengo|spa|2\n|move|p1a: Iron Hands|Thunder Punch|p2a: Gholdengo\n|-damage|p2a: Gholdengo|65\/100\n|\n|upkeep\n|turn|16\n|\n|t:|1699791603\n|move|p2a: Gholdengo|Shadow Ball|p1a: Iron Hands\n|-damage|p1a: Iron Hands|59\/100\n|move|p1a: Iron Hands|Thunder Punch|p2a: Gholdengo\n|-damage|p2a: Gholdengo|37\/100\n|\n|upkeep\n|turn|17\n|\n|t:|1699791611\n|move|p2a: Gholdengo|Recover|p2a: Gholdengo\n|-heal|p2a: Gholdengo|87\/100\n|move|p1a: Iron Hands|Thunder Punch|p2a: Gholdengo\n|-damage|p2a: Gholdengo|60\/100\n|\n|upkeep\n|turn|18\n|\n|t:|1699791626\n|move|p2a: Gholdengo|Shadow Ball|p1a: Iron Hands\n|-damage|p1a: Iron Hands|16\/100\n|move|p1a: Iron Hands|Thunder Punch|p2a: Gholdengo\n|-damage|p2a: Gholdengo|35\/100\n|\n|upkeep\n|turn|19\n|\n|t:|1699791633\n|move|p2a: Gholdengo|Recover|p2a: Gholdengo\n|-heal|p2a: Gholdengo|85\/100\n|move|p1a: Iron Hands|Thunder Punch|p2a: Gholdengo\n|-damage|p2a: Gholdengo|59\/100\n|\n|upkeep\n|turn|20\n|c|\u2606devious fearvg|with moth the thing is\n|c|\u2606devious fearvg|its either u die to slowking\n|\n|t:|1699791657\n|move|p2a: Gholdengo|Shadow Ball|p1a: Iron Hands\n|-damage|p1a: Iron Hands|0 fnt\n|faint|p1a: Iron Hands\n|-end|p1a: Iron Hands|Quark Drive|[silent]\n|\n|upkeep\n|c|\u2606devious fearvg|or die to my other mons\n|c|\u2606RSstar|Gg\n|\n|t:|1699791667\n|switch|p1a: Dragapult|Dragapult, M|100\/100\n|turn|21\n|c|\u2606devious fearvg|ggs\n|\n|t:|1699791672\n|switch|p2a: Mandibuzz|Mandibuzz, F|13\/100\n|move|p1a: Dragapult|Shadow Ball|p2a: Mandibuzz\n|-resisted|p2a: Mandibuzz\n|-damage|p2a: Mandibuzz|0 fnt\n|faint|p2a: Mandibuzz\n|-damage|p1a: Dragapult|91\/100|[from] item: Life Orb\n|\n|upkeep\n|\n|t:|1699791681\n|switch|p2a: Samurott|Samurott-Hisui, M|100\/100\n|turn|22\n|\n|t:|1699791695\n|-terastallize|p2a: Samurott|Steel\n|move|p2a: Samurott|Ceaseless Edge|p1a: Dragapult\n|-supereffective|p1a: Dragapult\n|-damage|p1a: Dragapult|0 fnt\n|-sidestart|p1: RSstar|Spikes\n|faint|p1a: Dragapult\n|\n|win|devious fearvg\n|c|\u2606devious fearvg|ggs\n|c|\u2606RSstar|Gg\n|c| CoffeeBeanz2|wowzer\n","uploadtime":1699791714,"views":13,"p1id":"rsstar","p2id":"deviousfearvg","formatid":"gen9ou","rating":0,"private":0,"password":""}