{"id":"gen9ou-1991992729","p1":"WillDaFoe","p2":"OUVT SV","format":"[Gen 9] OU","log":"|j|\u2606WillDaFoe\n|j|\u2606OUVT SV\n|t:|1700145878\n|gametype|singles\n|player|p1|WillDaFoe|266|1324\n|player|p2|OUVT SV|blue|1362\n|teamsize|p1|6\n|teamsize|p2|6\n|gen|9\n|tier|[Gen 9] OU\n|rated|\n|rule|Sleep Clause Mod: Limit one foe put to sleep\n|rule|Species Clause: Limit one of each Pok\u00e9mon\n|rule|OHKO Clause: OHKO moves are banned\n|rule|Evasion Items Clause: Evasion items are banned\n|rule|Evasion Moves Clause: Evasion moves are banned\n|rule|Endless Battle Clause: Forcing endless battles is banned\n|rule|HP Percentage Mod: HP is shown in percentages\n|clearpoke\n|poke|p1|Dragapult, F|\n|poke|p1|Glimmora, M|\n|poke|p1|Dragonite, F|\n|poke|p1|Iron Moth|\n|poke|p1|Kingambit, F|\n|poke|p1|Walking Wake|\n|poke|p2|Poliwrath, M|\n|poke|p2|Pelipper, M|\n|poke|p2|Overqwil, F|\n|poke|p2|Rillaboom, F|\n|poke|p2|Iron Treads|\n|poke|p2|Zapdos|\n|teampreview\n|inactive|Battle timer is ON: inactive players will automatically lose when time's up. (requested by OUVT SV)\n|inactive|OUVT SV has 120 seconds left.\n|\n|t:|1700145934\n|start\n|switch|p1a: Glimmora|Glimmora, M|100\/100\n|switch|p2a: Pelipper|Pelipper, M|100\/100\n|-weather|RainDance|[from] ability: Drizzle|[of] p2a: Pelipper\n|turn|1\n|\n|t:|1700145952\n|switch|p2a: Iron Treads|Iron Treads|100\/100\n|move|p1a: Glimmora|Stealth Rock|p2a: Iron Treads\n|-sidestart|p2: OUVT SV|move: Stealth Rock\n|\n|-weather|RainDance|[upkeep]\n|upkeep\n|turn|2\n|inactive|OUVT SV has 120 seconds left.\n|\n|t:|1700145977\n|move|p1a: Glimmora|Earth Power|p2a: Iron Treads\n|-supereffective|p2a: Iron Treads\n|-damage|p2a: Iron Treads|37\/100\n|move|p2a: Iron Treads|Earth Power|p1a: Glimmora\n|-supereffective|p1a: Glimmora\n|-enditem|p1a: Glimmora|Focus Sash\n|-damage|p1a: Glimmora|1\/100\n|\n|-weather|RainDance|[upkeep]\n|upkeep\n|turn|3\n|\n|t:|1700145986\n|move|p1a: Glimmora|Earth Power|p2a: Iron Treads\n|-supereffective|p2a: Iron Treads\n|-damage|p2a: Iron Treads|0 fnt\n|faint|p2a: Iron Treads\n|-end|p2a: Iron Treads|Quark Drive|[silent]\n|\n|-weather|RainDance|[upkeep]\n|upkeep\n|\n|t:|1700145994\n|switch|p2a: Poliwrath|Poliwrath, M|100\/100\n|-damage|p2a: Poliwrath|94\/100|[from] Stealth Rock\n|turn|4\n|\n|t:|1700146002\n|move|p2a: Poliwrath|Liquidation|p1a: Glimmora\n|-supereffective|p1a: Glimmora\n|-damage|p1a: Glimmora|0 fnt\n|-activate|p1a: Glimmora|ability: Toxic Debris\n|-sidestart|p2: OUVT SV|move: Toxic Spikes\n|faint|p1a: Glimmora\n|\n|-weather|RainDance|[upkeep]\n|upkeep\n|\n|t:|1700146010\n|switch|p1a: Dragapult|Dragapult, F|100\/100\n|turn|5\n|\n|t:|1700146018\n|move|p2a: Poliwrath|Liquidation|p1a: Dragapult\n|-resisted|p1a: Dragapult\n|-damage|p1a: Dragapult|65\/100\n|move|p1a: Dragapult|Will-O-Wisp|p2a: Poliwrath\n|-status|p2a: Poliwrath|brn\n|\n|-weather|RainDance|[upkeep]\n|-damage|p2a: Poliwrath|88\/100 brn|[from] brn\n|upkeep\n|turn|6\n|\n|t:|1700146027\n|move|p2a: Poliwrath|Belly Drum|p2a: Poliwrath\n|-damage|p2a: Poliwrath|38\/100 brn\n|-setboost|p2a: Poliwrath|atk|6|[from] move: Belly Drum\n|-enditem|p2a: Poliwrath|Sitrus Berry|[eat]\n|-heal|p2a: Poliwrath|63\/100 brn|[from] item: Sitrus Berry\n|move|p1a: Dragapult|Hex|p2a: Poliwrath\n|-damage|p2a: Poliwrath|0 fnt\n|faint|p2a: Poliwrath\n|\n|-weather|RainDance|[upkeep]\n|upkeep\n|\n|t:|1700146047\n|switch|p2a: Zapdos|Zapdos|100\/100\n|turn|7\n|\n|t:|1700146051\n|move|p1a: Dragapult|Will-O-Wisp|p2a: Zapdos\n|-status|p2a: Zapdos|brn\n|move|p2a: Zapdos|Hurricane|p1a: Dragapult\n|-damage|p1a: Dragapult|0 fnt\n|faint|p1a: Dragapult\n|\n|-weather|RainDance|[upkeep]\n|-damage|p2a: Zapdos|94\/100 brn|[from] brn\n|upkeep\n|\n|t:|1700146067\n|switch|p1a: Dragonite|Dragonite, F|100\/100\n|turn|8\n|\n|t:|1700146072\n|move|p2a: Zapdos|Thunder|p1a: Dragonite\n|-damage|p1a: Dragonite|72\/100\n|-status|p1a: Dragonite|par\n|cant|p1a: Dragonite|par\n|\n|-weather|none\n|-damage|p2a: Zapdos|88\/100 brn|[from] brn\n|upkeep\n|turn|9\n|\n|t:|1700146080\n|move|p2a: Zapdos|Hurricane|p1a: Dragonite\n|-damage|p1a: Dragonite|12\/100 par\n|move|p1a: Dragonite|Dragon Dance|p1a: Dragonite\n|-boost|p1a: Dragonite|atk|1\n|-boost|p1a: Dragonite|spe|1\n|\n|-damage|p2a: Zapdos|82\/100 brn|[from] brn\n|upkeep\n|turn|10\n|\n|t:|1700146089\n|move|p1a: Dragonite|Extreme Speed|p2a: Zapdos\n|-damage|p2a: Zapdos|23\/100 brn\n|move|p2a: Zapdos|Weather Ball|p1a: Dragonite\n|-damage|p1a: Dragonite|0 fnt\n|faint|p1a: Dragonite\n|\n|-damage|p2a: Zapdos|17\/100 brn|[from] brn\n|upkeep\n|\n|t:|1700146099\n|switch|p1a: Iron Moth|Iron Moth|100\/100\n|-enditem|p1a: Iron Moth|Booster Energy\n|-activate|p1a: Iron Moth|ability: Quark Drive|[fromitem]\n|-start|p1a: Iron Moth|quarkdrivespa\n|turn|11\n|\n|t:|1700146108\n|move|p2a: Zapdos|Thunder|p1a: Iron Moth|[miss]\n|-miss|p2a: Zapdos|p1a: Iron Moth\n|move|p1a: Iron Moth|Psychic|p2a: Zapdos\n|-damage|p2a: Zapdos|0 fnt\n|faint|p2a: Zapdos\n|\n|upkeep\n|\n|t:|1700146116\n|switch|p2a: Pelipper|Pelipper, M|100\/100\n|-damage|p2a: Pelipper|76\/100|[from] Stealth Rock\n|-weather|RainDance|[from] ability: Drizzle|[of] p2a: Pelipper\n|turn|12\n|\n|t:|1700146127\n|-terastallize|p1a: Iron Moth|Psychic\n|move|p1a: Iron Moth|Psychic|p2a: Pelipper\n|-damage|p2a: Pelipper|4\/100\n|move|p2a: Pelipper|U-turn|p1a: Iron Moth\n|-supereffective|p1a: Iron Moth\n|-damage|p1a: Iron Moth|72\/100\n|\n|t:|1700146134\n|switch|p2a: Overqwil|Overqwil, F|100\/100|[from] U-turn\n|-damage|p2a: Overqwil|88\/100|[from] Stealth Rock\n|-sideend|p2: OUVT SV|move: Toxic Spikes|[of] p2a: Overqwil\n|\n|-weather|RainDance|[upkeep]\n|upkeep\n|turn|13\n|inactive|WillDaFoe has 120 seconds left.\n|\n|t:|1700146170\n|move|p2a: Overqwil|Liquidation|p1a: Iron Moth\n|-damage|p1a: Iron Moth|0 fnt\n|faint|p1a: Iron Moth\n|-end|p1a: Iron Moth|Quark Drive|[silent]\n|-damage|p2a: Overqwil|79\/100|[from] item: Life Orb\n|\n|-weather|RainDance|[upkeep]\n|upkeep\n|\n|t:|1700146177\n|switch|p1a: Walking Wake|Walking Wake|100\/100\n|-enditem|p1a: Walking Wake|Booster Energy\n|-activate|p1a: Walking Wake|ability: Protosynthesis|[fromitem]\n|-start|p1a: Walking Wake|protosynthesisspa\n|turn|14\n|inactive|WillDaFoe has 120 seconds left.\n|\n|t:|1700146187\n|switch|p2a: Pelipper|Pelipper, M|4\/100\n|-damage|p2a: Pelipper|0 fnt|[from] Stealth Rock\n|faint|p2a: Pelipper\n|move|p1a: Walking Wake|Hydro Steam|p2: Pelipper|[notarget]\n|-fail|p1a: Walking Wake\n|\n|-weather|RainDance|[upkeep]\n|upkeep\n|\n|t:|1700146190\n|switch|p2a: Rillaboom|Rillaboom, F|100\/100\n|-damage|p2a: Rillaboom|88\/100|[from] Stealth Rock\n|-fieldstart|move: Grassy Terrain|[from] ability: Grassy Surge|[of] p2a: Rillaboom\n|turn|15\n|\n|t:|1700146200\n|-terastallize|p2a: Rillaboom|Grass\n|move|p2a: Rillaboom|Grassy Glide|p1a: Walking Wake\n|-damage|p1a: Walking Wake|13\/100\n|move|p1a: Walking Wake|Flamethrower|p2a: Rillaboom\n|-supereffective|p2a: Rillaboom\n|-damage|p2a: Rillaboom|29\/100\n|\n|-weather|RainDance|[upkeep]\n|-heal|p1a: Walking Wake|19\/100|[from] Grassy Terrain\n|-heal|p2a: Rillaboom|35\/100|[from] Grassy Terrain\n|upkeep\n|turn|16\n|\n|t:|1700146211\n|move|p2a: Rillaboom|Grassy Glide|p1a: Walking Wake\n|-damage|p1a: Walking Wake|0 fnt\n|faint|p1a: Walking Wake\n|-end|p1a: Walking Wake|Protosynthesis|[silent]\n|\n|-weather|RainDance|[upkeep]\n|-heal|p2a: Rillaboom|41\/100|[from] Grassy Terrain\n|upkeep\n|\n|t:|1700146217\n|switch|p1a: Kingambit|Kingambit, F|100\/100\n|-activate|p1a: Kingambit|ability: Supreme Overlord\n|-start|p1a: Kingambit|fallen5|[silent]\n|turn|17\n|\n|t:|1700146227\n|switch|p2a: Overqwil|Overqwil, F|79\/100\n|-damage|p2a: Overqwil|66\/100|[from] Stealth Rock\n|move|p1a: Kingambit|Sucker Punch||[still]\n|-fail|p1a: Kingambit\n|\n|-weather|RainDance|[upkeep]\n|-heal|p2a: Overqwil|72\/100|[from] Grassy Terrain\n|upkeep\n|turn|18\n|\n|t:|1700146236\n|move|p2a: Overqwil|Liquidation|p1a: Kingambit\n|-damage|p1a: Kingambit|52\/100\n|-damage|p2a: Overqwil|63\/100|[from] item: Life Orb\n|move|p1a: Kingambit|Iron Head|p2a: Overqwil\n|-damage|p2a: Overqwil|0 fnt\n|faint|p2a: Overqwil\n|\n|-weather|RainDance|[upkeep]\n|-heal|p1a: Kingambit|59\/100|[from] Grassy Terrain\n|upkeep\n|\n|t:|1700146245\n|switch|p2a: Rillaboom|Rillaboom, F, tera:Grass|41\/100\n|-damage|p2a: Rillaboom|29\/100|[from] Stealth Rock\n|turn|19\n|\n|t:|1700146251\n|move|p2a: Rillaboom|Grassy Glide|p1a: Kingambit\n|-resisted|p1a: Kingambit\n|-crit|p1a: Kingambit\n|-damage|p1a: Kingambit|8\/100\n|move|p1a: Kingambit|Sucker Punch||[still]\n|-fail|p1a: Kingambit\n|\n|-weather|none\n|-heal|p2a: Rillaboom|35\/100|[from] Grassy Terrain\n|-heal|p1a: Kingambit|14\/100|[from] Grassy Terrain\n|-fieldend|move: Grassy Terrain\n|upkeep\n|turn|20\n|\n|t:|1700146260\n|move|p1a: Kingambit|Sucker Punch|p2a: Rillaboom\n|-damage|p2a: Rillaboom|0 fnt\n|faint|p2a: Rillaboom\n|\n|win|WillDaFoe\n|raw|WillDaFoe's rating: 1324 &rarr; <strong>1346<\/strong><br \/>(+22 for winning)\n|raw|OUVT SV's rating: 1362 &rarr; <strong>1340<\/strong><br \/>(-22 for losing)\n","uploadtime":1700146268,"views":8,"p1id":"willdafoe","p2id":"ouvtsv","formatid":"gen9ou","rating":1340,"private":0,"password":""}