{"id":"gen9ou-1999556971","p1":"Large Goat Man","p2":"paulean","format":"[Gen 9] OU","log":"|j|\u2606Large Goat Man\n|j|\u2606paulean\n|t:|1701095869\n|gametype|singles\n|player|p1|Large Goat Man|169|1367\n|player|p2|paulean|guzma|1429\n|teamsize|p1|6\n|teamsize|p2|6\n|gen|9\n|tier|[Gen 9] OU\n|rated|\n|rule|Sleep Clause Mod: Limit one foe put to sleep\n|rule|Species Clause: Limit one of each Pok\u00e9mon\n|rule|OHKO Clause: OHKO moves are banned\n|rule|Evasion Items Clause: Evasion items are banned\n|rule|Evasion Moves Clause: Evasion moves are banned\n|rule|Endless Battle Clause: Forcing endless battles is banned\n|rule|HP Percentage Mod: HP is shown in percentages\n|clearpoke\n|poke|p1|Dragonite, M|\n|poke|p1|Enamorus, F|\n|poke|p1|Glimmora, M|\n|poke|p1|Greninja-*, M|\n|poke|p1|Great Tusk|\n|poke|p1|Iron Moth|\n|poke|p2|Gardevoir, M|\n|poke|p2|Scizor, M|\n|poke|p2|Landorus-Therian, M|\n|poke|p2|Dragapult, F|\n|poke|p2|Samurott-Hisui, F|\n|poke|p2|Ogerpon-Cornerstone, F|\n|teampreview\n|\n|t:|1701095883\n|start\n|switch|p1a: Glimmora|Glimmora, M|100\/100\n|switch|p2a: Dragapult|Dragapult, F|100\/100\n|turn|1\n|\n|t:|1701095907\n|move|p2a: Dragapult|Shadow Ball|p1a: Glimmora\n|-damage|p1a: Glimmora|48\/100\n|-damage|p2a: Dragapult|91\/100|[from] item: Life Orb\n|move|p1a: Glimmora|Light Screen|p1a: Glimmora\n|-sidestart|p1: Large Goat Man|move: Light Screen\n|\n|upkeep\n|turn|2\n|\n|t:|1701095915\n|move|p2a: Dragapult|Thunder Wave|p1a: Glimmora\n|-status|p1a: Glimmora|par\n|move|p1a: Glimmora|Stealth Rock|p2a: Dragapult\n|-sidestart|p2: paulean|move: Stealth Rock\n|\n|upkeep\n|turn|3\n|\n|t:|1701095925\n|switch|p2a: Scizor|Scizor, M|100\/100\n|move|p1a: Glimmora|Spikes|p2a: Scizor\n|-sidestart|p2: paulean|Spikes\n|\n|upkeep\n|turn|4\n|\n|t:|1701095930\n|move|p2a: Scizor|Defog|p1a: Glimmora\n|-unboost|p1a: Glimmora|evasion|1\n|-sideend|p1: Large Goat Man|move: Light Screen\n|-sideend|p2: paulean|Spikes|[from] move: Defog|[of] p2a: Scizor\n|-sideend|p2: paulean|Stealth Rock|[from] move: Defog|[of] p2a: Scizor\n|move|p1a: Glimmora|Reflect|p1a: Glimmora\n|-sidestart|p1: Large Goat Man|Reflect\n|\n|upkeep\n|turn|5\n|\n|t:|1701095935\n|move|p2a: Scizor|Defog|p1a: Glimmora\n|-unboost|p1a: Glimmora|evasion|1\n|-sideend|p1: Large Goat Man|Reflect\n|move|p1a: Glimmora|Stealth Rock|p2a: Scizor\n|-sidestart|p2: paulean|move: Stealth Rock\n|\n|upkeep\n|turn|6\n|\n|t:|1701095947\n|move|p2a: Scizor|U-turn|p1a: Glimmora\n|-resisted|p1a: Glimmora\n|-damage|p1a: Glimmora|29\/100 par\n|-activate|p1a: Glimmora|ability: Toxic Debris\n|-sidestart|p2: paulean|move: Toxic Spikes\n|\n|t:|1701095952\n|switch|p2a: Landorus|Landorus-Therian, M|100\/100|[from] U-turn\n|-ability|p2a: Landorus|Intimidate|boost\n|-unboost|p1a: Glimmora|atk|1\n|move|p1a: Glimmora|Reflect|p1a: Glimmora\n|-sidestart|p1: Large Goat Man|Reflect\n|\n|upkeep\n|turn|7\n|\n|t:|1701095969\n|switch|p1a: SPICY HOT HOT HOT|Iron Moth|100\/100\n|-enditem|p1a: SPICY HOT HOT HOT|Booster Energy\n|-activate|p1a: SPICY HOT HOT HOT|ability: Quark Drive|[fromitem]\n|-start|p1a: SPICY HOT HOT HOT|quarkdrivespa\n|move|p2a: Landorus|Stone Edge|p1a: SPICY HOT HOT HOT\n|-supereffective|p1a: SPICY HOT HOT HOT\n|-crit|p1a: SPICY HOT HOT HOT\n|-damage|p1a: SPICY HOT HOT HOT|0 fnt\n|faint|p1a: SPICY HOT HOT HOT\n|-end|p1a: SPICY HOT HOT HOT|Quark Drive|[silent]\n|\n|upkeep\n|\n|t:|1701095972\n|switch|p1a: MOONBLASTER|Enamorus, F|100\/100\n|turn|8\n|\n|t:|1701095981\n|switch|p2a: Scizor|Scizor, M|100\/100\n|move|p1a: MOONBLASTER|Superpower|p2a: Scizor\n|-damage|p2a: Scizor|70\/100\n|-boost|p1a: MOONBLASTER|atk|1\n|-boost|p1a: MOONBLASTER|def|1\n|\n|upkeep\n|turn|9\n|\n|t:|1701095984\n|move|p1a: MOONBLASTER|Superpower|p2a: Scizor\n|-damage|p2a: Scizor|17\/100\n|-boost|p1a: MOONBLASTER|atk|1\n|-boost|p1a: MOONBLASTER|def|1\n|move|p2a: Scizor|Defog|p1a: MOONBLASTER\n|-boost|p1a: MOONBLASTER|evasion|1\n|-sideend|p1: Large Goat Man|Reflect\n|-sideend|p2: paulean|Toxic Spikes|[from] move: Defog|[of] p2a: Scizor\n|-sideend|p2: paulean|Stealth Rock|[from] move: Defog|[of] p2a: Scizor\n|\n|upkeep\n|turn|10\n|\n|t:|1701095995\n|switch|p2a: Dragapult|Dragapult, F|91\/100\n|move|p1a: MOONBLASTER|Superpower|p2a: Dragapult\n|-immune|p2a: Dragapult\n|\n|upkeep\n|turn|11\n|\n|t:|1701096001\n|-terastallize|p1a: MOONBLASTER|Ground\n|move|p2a: Dragapult|Shadow Ball|p1a: MOONBLASTER\n|-damage|p1a: MOONBLASTER|33\/100\n|-damage|p2a: Dragapult|81\/100|[from] item: Life Orb\n|move|p1a: MOONBLASTER|Moonblast|p2a: Dragapult\n|-supereffective|p2a: Dragapult\n|-damage|p2a: Dragapult|0 fnt\n|faint|p2a: Dragapult\n|\n|upkeep\n|\n|t:|1701096011\n|switch|p2a: Gardevoir|Gardevoir, M|100\/100\n|-ability|p2a: Gardevoir|Contrary|[from] ability: Trace|[of] p1a: MOONBLASTER\n|turn|12\n|\n|t:|1701096017\n|move|p2a: Gardevoir|Moonblast|p1a: MOONBLASTER\n|-damage|p1a: MOONBLASTER|0 fnt\n|faint|p1a: MOONBLASTER\n|\n|upkeep\n|\n|t:|1701096021\n|switch|p1a: Glimmora|Glimmora, M|29\/100 par\n|turn|13\n|\n|t:|1701096024\n|move|p2a: Gardevoir|Moonblast|p1a: Glimmora\n|-resisted|p1a: Glimmora\n|-damage|p1a: Glimmora|0 fnt\n|faint|p1a: Glimmora\n|\n|upkeep\n|\n|t:|1701096026\n|switch|p1a: Ultra Speed|Dragonite, M|100\/100\n|turn|14\n|\n|t:|1701096029\n|move|p2a: Gardevoir|Moonblast|p1a: Ultra Speed\n|-supereffective|p1a: Ultra Speed\n|-crit|p1a: Ultra Speed\n|-damage|p1a: Ultra Speed|30\/100\n|-unboost|p1a: Ultra Speed|spa|1\n|move|p1a: Ultra Speed|Dragon Dance|p1a: Ultra Speed\n|-boost|p1a: Ultra Speed|atk|1\n|-boost|p1a: Ultra Speed|spe|1\n|\n|upkeep\n|turn|15\n|\n|t:|1701096035\n|move|p2a: Gardevoir|Moonblast|p1a: Ultra Speed\n|-supereffective|p1a: Ultra Speed\n|-damage|p1a: Ultra Speed|0 fnt\n|faint|p1a: Ultra Speed\n|\n|upkeep\n|-message|Large Goat Man forfeited.\n|\n|win|paulean\n|raw|Large Goat Man's rating: 1341 &rarr; <strong>1326<\/strong><br \/>(-15 for losing)\n|raw|paulean's rating: 1429 &rarr; <strong>1444<\/strong><br \/>(+15 for winning)\n|l|\u2606Large Goat Man\n","uploadtime":1701096041,"views":4,"p1id":"largegoatman","p2id":"paulean","formatid":"gen9ou","rating":1326,"private":0,"password":""}