{"id":"gen9ou-1996483516","p1":"Welcometoearth420","p2":"Mister Huang","format":"[Gen 9] OU","log":"|j|\u2606Welcometoearth420\n|j|\u2606Mister Huang\n|t:|1700686418\n|gametype|singles\n|player|p1|Welcometoearth420|gentleman-gen4|1384\n|player|p2|Mister Huang|ghetsis|1353\n|teamsize|p1|6\n|teamsize|p2|6\n|gen|9\n|tier|[Gen 9] OU\n|rated|\n|rule|Sleep Clause Mod: Limit one foe put to sleep\n|rule|Species Clause: Limit one of each Pok\u00e9mon\n|rule|OHKO Clause: OHKO moves are banned\n|rule|Evasion Items Clause: Evasion items are banned\n|rule|Evasion Moves Clause: Evasion moves are banned\n|rule|Endless Battle Clause: Forcing endless battles is banned\n|rule|HP Percentage Mod: HP is shown in percentages\n|clearpoke\n|poke|p1|Toxapex, M|\n|poke|p1|Gholdengo|\n|poke|p1|Zamazenta-*|\n|poke|p1|Ting-Lu|\n|poke|p1|Zapdos|\n|poke|p1|Slowking-Galar, F|\n|poke|p2|Ribombee, M|\n|poke|p2|Dondozo, F|\n|poke|p2|Glimmora, M|\n|poke|p2|Gholdengo|\n|poke|p2|Meowscarada, F|\n|poke|p2|Kingambit, M|\n|teampreview\n|\n|t:|1700686445\n|start\n|switch|p1a: Ting-Lu|Ting-Lu|100\/100\n|switch|p2a: Gojo|Glimmora, M|100\/100\n|-ability|p1a: Ting-Lu|Vessel of Ruin\n|turn|1\n|\n|t:|1700686451\n|-terastallize|p2a: Gojo|Grass\n|move|p2a: Gojo|Energy Ball|p1a: Ting-Lu\n|-supereffective|p1a: Ting-Lu\n|-damage|p1a: Ting-Lu|56\/100\n|move|p1a: Ting-Lu|Stealth Rock|p2a: Gojo\n|-sidestart|p2: Mister Huang|move: Stealth Rock\n|\n|-heal|p1a: Ting-Lu|62\/100|[from] item: Leftovers\n|upkeep\n|turn|2\n|\n|t:|1700686459\n|move|p2a: Gojo|Energy Ball|p1a: Ting-Lu\n|-supereffective|p1a: Ting-Lu\n|-damage|p1a: Ting-Lu|20\/100\n|move|p1a: Ting-Lu|Whirlwind|p2a: Gojo\n|drag|p2a: Dondozo|Dondozo, F, shiny|100\/100\n|-damage|p2a: Dondozo|88\/100|[from] Stealth Rock\n|\n|-heal|p1a: Ting-Lu|26\/100|[from] item: Leftovers\n|-heal|p2a: Dondozo|94\/100|[from] item: Leftovers\n|upkeep\n|turn|3\n|\n|t:|1700686465\n|switch|p1a: Zapdos|Zapdos|100\/100\n|move|p2a: Dondozo|Wave Crash|p1a: Zapdos\n|-damage|p1a: Zapdos|71\/100\n|-damage|p2a: Dondozo|87\/100|[from] Recoil\n|\n|-heal|p2a: Dondozo|93\/100|[from] item: Leftovers\n|upkeep\n|turn|4\n|\n|t:|1700686474\n|move|p2a: Dondozo|Protect|p2a: Dondozo\n|-singleturn|p2a: Dondozo|Protect\n|move|p1a: Zapdos|Volt Switch|p2a: Dondozo\n|-activate|p2a: Dondozo|move: Protect\n|\n|-heal|p2a: Dondozo|99\/100|[from] item: Leftovers\n|upkeep\n|turn|5\n|\n|t:|1700686493\n|switch|p2a: Mahoraga|Meowscarada, F, shiny|100\/100\n|-damage|p2a: Mahoraga|88\/100|[from] Stealth Rock\n|move|p1a: Zapdos|Volt Switch|p2a: Mahoraga\n|-resisted|p2a: Mahoraga\n|-damage|p2a: Mahoraga|67\/100\n|\n|t:|1700686506\n|switch|p1a: Toxapex|Toxapex, M|100\/100|[from] Volt Switch\n|\n|upkeep\n|turn|6\n|\n|t:|1700686514\n|move|p2a: Mahoraga|Knock Off|p1a: Toxapex\n|-start|p2a: Mahoraga|typechange|Dark|[from] ability: Protean\n|-damage|p1a: Toxapex|73\/100\n|-enditem|p1a: Toxapex|Heavy-Duty Boots|[from] move: Knock Off|[of] p2a: Mahoraga\n|move|p1a: Toxapex|Toxic|p2a: Mahoraga\n|-status|p2a: Mahoraga|tox\n|\n|-damage|p2a: Mahoraga|61\/100 tox|[from] psn\n|upkeep\n|turn|7\n|\n|t:|1700686520\n|move|p2a: Mahoraga|Flower Trick|p1a: Toxapex\n|-crit|p1a: Toxapex\n|-damage|p1a: Toxapex|50\/100\n|move|p1a: Toxapex|Recover|p1a: Toxapex\n|-heal|p1a: Toxapex|99\/100\n|\n|-damage|p2a: Mahoraga|49\/100 tox|[from] psn\n|upkeep\n|turn|8\n|\n|t:|1700686534\n|move|p2a: Mahoraga|U-turn|p1a: Toxapex\n|-resisted|p1a: Toxapex\n|-crit|p1a: Toxapex\n|-damage|p1a: Toxapex|90\/100\n|\n|t:|1700686536\n|switch|p2a: Kashimo|Gholdengo|100\/100|[from] U-turn\n|-damage|p2a: Kashimo|94\/100|[from] Stealth Rock\n|move|p1a: Toxapex|Surf|p2a: Kashimo\n|-damage|p2a: Kashimo|73\/100\n|\n|upkeep\n|turn|9\n|\n|t:|1700686546\n|move|p2a: Kashimo|Thunderbolt|p1a: Toxapex\n|-supereffective|p1a: Toxapex\n|-damage|p1a: Toxapex|15\/100\n|move|p1a: Toxapex|Surf|p2a: Kashimo\n|-damage|p2a: Kashimo|51\/100\n|\n|upkeep\n|turn|10\n|\n|t:|1700686556\n|switch|p2a: Ribombee|Ribombee, M, shiny|100\/100\n|-damage|p2a: Ribombee|75\/100|[from] Stealth Rock\n|switch|p1a: Slowking|Slowking-Galar, F|100\/100\n|\n|upkeep\n|turn|11\n|\n|t:|1700686563\n|switch|p1a: Gholdengo|Gholdengo|100\/100\n|move|p2a: Ribombee|Sticky Web|p1a: Gholdengo\n|-sidestart|p1: Welcometoearth420|move: Sticky Web\n|\n|upkeep\n|turn|12\n|\n|t:|1700686578\n|move|p1a: Gholdengo|Shadow Ball|p2a: Ribombee\n|-damage|p2a: Ribombee|11\/100\n|move|p2a: Ribombee|Tailwind|p2a: Ribombee\n|-sidestart|p2: Mister Huang|move: Tailwind\n|\n|upkeep\n|turn|13\n|\n|t:|1700686587\n|switch|p1a: Toxapex|Toxapex, M|48\/100\n|-activate|p1a: Toxapex|move: Sticky Web\n|-unboost|p1a: Toxapex|spe|1\n|move|p2a: Ribombee|Moonblast|p1a: Toxapex\n|-resisted|p1a: Toxapex\n|-damage|p1a: Toxapex|37\/100\n|\n|upkeep\n|turn|14\n|\n|t:|1700686593\n|switch|p2a: Kashimo|Gholdengo|51\/100\n|-damage|p2a: Kashimo|45\/100|[from] Stealth Rock\n|move|p1a: Toxapex|Recover|p1a: Toxapex\n|-heal|p1a: Toxapex|87\/100\n|\n|upkeep\n|turn|15\n|\n|t:|1700686603\n|switch|p1a: Slowking|Slowking-Galar, F|100\/100\n|move|p2a: Kashimo|Thunderbolt|p1a: Slowking\n|-damage|p1a: Slowking|75\/100\n|\n|-sideend|p2: Mister Huang|move: Tailwind\n|upkeep\n|turn|16\n|\n|t:|1700686609\n|switch|p2a: Ribombee|Ribombee, M, shiny|11\/100\n|-damage|p2a: Ribombee|0 fnt|[from] Stealth Rock\n|faint|p2a: Ribombee\n|move|p1a: Slowking|Chilly Reception|p1a: Slowking\n|-weather|Snow\n|\n|t:|1700686626\n|switch|p1a: Toxapex|Toxapex, M|100\/100|[from] Chilly Reception\n|-activate|p1a: Toxapex|move: Sticky Web\n|-unboost|p1a: Toxapex|spe|1\n|\n|-weather|Snow|[upkeep]\n|upkeep\n|\n|t:|1700686651\n|switch|p2a: Ry\u014dmen Sukuna|Kingambit, M|100\/100\n|-damage|p2a: Ry\u014dmen Sukuna|94\/100|[from] Stealth Rock\n|-activate|p2a: Ry\u014dmen Sukuna|ability: Supreme Overlord\n|-start|p2a: Ry\u014dmen Sukuna|fallen1|[silent]\n|turn|17\n|\n|t:|1700686658\n|switch|p1a: Zamazenta|Zamazenta|100\/100\n|-ability|p1a: Zamazenta|Dauntless Shield|boost\n|-boost|p1a: Zamazenta|def|1\n|move|p2a: Ry\u014dmen Sukuna|Swords Dance|p2a: Ry\u014dmen Sukuna\n|-boost|p2a: Ry\u014dmen Sukuna|atk|2\n|\n|-weather|Snow|[upkeep]\n|upkeep\n|turn|18\n|\n|t:|1700686663\n|-end|p2a: Ry\u014dmen Sukuna|fallen1|[silent]\n|switch|p2a: Dondozo|Dondozo, F, shiny|99\/100\n|-damage|p2a: Dondozo|87\/100|[from] Stealth Rock\n|move|p1a: Zamazenta|Close Combat|p2a: Dondozo\n|-damage|p2a: Dondozo|63\/100\n|-unboost|p1a: Zamazenta|def|1\n|-unboost|p1a: Zamazenta|spd|1\n|\n|-weather|Snow|[upkeep]\n|-heal|p2a: Dondozo|69\/100|[from] item: Leftovers\n|upkeep\n|turn|19\n|\n|t:|1700686672\n|switch|p1a: Zapdos|Zapdos|71\/100\n|move|p2a: Dondozo|Yawn|p1a: Zapdos\n|-start|p1a: Zapdos|move: Yawn|[of] p2a: Dondozo\n|\n|-weather|Snow|[upkeep]\n|-heal|p2a: Dondozo|75\/100|[from] item: Leftovers\n|upkeep\n|turn|20\n|\n|t:|1700686691\n|switch|p1a: Gholdengo|Gholdengo|100\/100\n|-activate|p1a: Gholdengo|move: Sticky Web\n|-unboost|p1a: Gholdengo|spe|1\n|move|p2a: Dondozo|Protect||[still]\n|-fail|p2a: Dondozo\n|\n|-weather|none\n|-heal|p2a: Dondozo|81\/100|[from] item: Leftovers\n|upkeep\n|turn|21\n|\n|t:|1700686696\n|move|p1a: Gholdengo|Trick|p2a: Dondozo\n|-activate|p1a: Gholdengo|move: Trick|[of] p2a: Dondozo\n|-item|p2a: Dondozo|Choice Scarf|[from] move: Trick\n|-item|p1a: Gholdengo|Leftovers|[from] move: Trick\n|move|p2a: Dondozo|Earthquake|p1a: Gholdengo\n|-supereffective|p1a: Gholdengo\n|-damage|p1a: Gholdengo|48\/100\n|\n|-heal|p1a: Gholdengo|54\/100|[from] item: Leftovers\n|upkeep\n|turn|22\n|\n|t:|1700686707\n|switch|p1a: Toxapex|Toxapex, M|100\/100\n|-activate|p1a: Toxapex|move: Sticky Web\n|-unboost|p1a: Toxapex|spe|1\n|move|p2a: Dondozo|Earthquake|p1a: Toxapex\n|-supereffective|p1a: Toxapex\n|-damage|p1a: Toxapex|68\/100\n|\n|upkeep\n|turn|23\n|\n|t:|1700686713\n|switch|p2a: Kashimo|Gholdengo|45\/100\n|-damage|p2a: Kashimo|39\/100|[from] Stealth Rock\n|move|p1a: Toxapex|Toxic|p2a: Kashimo\n|-immune|p2a: Kashimo|[from] ability: Good as Gold\n|\n|upkeep\n|turn|24\n|\n|t:|1700686719\n|switch|p1a: Ting-Lu|Ting-Lu|26\/100\n|-activate|p1a: Ting-Lu|move: Sticky Web\n|-unboost|p1a: Ting-Lu|spe|1\n|-ability|p1a: Ting-Lu|Vessel of Ruin\n|move|p2a: Kashimo|Thunderbolt|p1a: Ting-Lu\n|-immune|p1a: Ting-Lu\n|\n|-heal|p1a: Ting-Lu|32\/100|[from] item: Leftovers\n|upkeep\n|turn|25\n|\n|t:|1700686723\n|switch|p2a: Dondozo|Dondozo, F, shiny|81\/100\n|-damage|p2a: Dondozo|69\/100|[from] Stealth Rock\n|move|p1a: Ting-Lu|Stealth Rock||[still]\n|-fail|p1a: Ting-Lu\n|\n|-heal|p1a: Ting-Lu|39\/100|[from] item: Leftovers\n|upkeep\n|turn|26\n|\n|t:|1700686729\n|switch|p1a: Zapdos|Zapdos|71\/100\n|move|p2a: Dondozo|Wave Crash|p1a: Zapdos\n|-damage|p1a: Zapdos|42\/100\n|-status|p2a: Dondozo|par|[from] ability: Static|[of] p1a: Zapdos\n|-damage|p2a: Dondozo|61\/100 par|[from] Recoil\n|\n|upkeep\n|turn|27\n|\n|t:|1700686737\n|move|p1a: Zapdos|Roost|p1a: Zapdos\n|-heal|p1a: Zapdos|92\/100\n|-singleturn|p1a: Zapdos|move: Roost\n|move|p2a: Dondozo|Wave Crash|p1a: Zapdos\n|-damage|p1a: Zapdos|61\/100\n|-damage|p2a: Dondozo|53\/100 par|[from] Recoil\n|\n|upkeep\n|turn|28\n|\n|t:|1700686744\n|move|p1a: Zapdos|Volt Switch|p2a: Dondozo\n|-supereffective|p2a: Dondozo\n|-damage|p2a: Dondozo|0 fnt\n|faint|p2a: Dondozo\n|\n|t:|1700686755\n|switch|p1a: Toxapex|Toxapex, M|100\/100|[from] Volt Switch\n|-activate|p1a: Toxapex|move: Sticky Web\n|-unboost|p1a: Toxapex|spe|1\n|\n|upkeep\n|\n|t:|1700686760\n|switch|p2a: Kashimo|Gholdengo|39\/100\n|-damage|p2a: Kashimo|33\/100|[from] Stealth Rock\n|turn|29\n|\n|t:|1700686767\n|move|p2a: Kashimo|Shadow Ball|p1a: Toxapex\n|-damage|p1a: Toxapex|51\/100\n|move|p1a: Toxapex|Surf|p2a: Kashimo\n|-damage|p2a: Kashimo|12\/100\n|\n|upkeep\n|turn|30\n|\n|t:|1700686772\n|switch|p1a: Ting-Lu|Ting-Lu|39\/100\n|-activate|p1a: Ting-Lu|move: Sticky Web\n|-unboost|p1a: Ting-Lu|spe|1\n|-ability|p1a: Ting-Lu|Vessel of Ruin\n|move|p2a: Kashimo|Shadow Ball|p1a: Ting-Lu\n|-resisted|p1a: Ting-Lu\n|-damage|p1a: Ting-Lu|26\/100\n|\n|-heal|p1a: Ting-Lu|32\/100|[from] item: Leftovers\n|upkeep\n|turn|31\n|\n|t:|1700686779\n|move|p2a: Kashimo|Shadow Ball|p1a: Ting-Lu\n|-resisted|p1a: Ting-Lu\n|-damage|p1a: Ting-Lu|18\/100\n|move|p1a: Ting-Lu|Earthquake|p2a: Kashimo\n|-supereffective|p2a: Kashimo\n|-damage|p2a: Kashimo|0 fnt\n|faint|p2a: Kashimo\n|\n|-heal|p1a: Ting-Lu|24\/100|[from] item: Leftovers\n|upkeep\n|\n|t:|1700686785\n|switch|p2a: Mahoraga|Meowscarada, F, shiny|49\/100 tox\n|-damage|p2a: Mahoraga|36\/100 tox|[from] Stealth Rock\n|turn|32\n|\n|t:|1700686789\n|switch|p1a: Toxapex|Toxapex, M|84\/100\n|-activate|p1a: Toxapex|move: Sticky Web\n|-unboost|p1a: Toxapex|spe|1\n|move|p2a: Mahoraga|Flower Trick|p1a: Toxapex\n|-start|p2a: Mahoraga|typechange|Grass|[from] ability: Protean\n|-crit|p1a: Toxapex\n|-damage|p1a: Toxapex|51\/100\n|\n|-damage|p2a: Mahoraga|30\/100 tox|[from] psn\n|upkeep\n|turn|33\n|\n|t:|1700686800\n|move|p2a: Mahoraga|Flower Trick|p1a: Toxapex\n|-crit|p1a: Toxapex\n|-damage|p1a: Toxapex|22\/100\n|move|p1a: Toxapex|Recover|p1a: Toxapex\n|-heal|p1a: Toxapex|72\/100\n|\n|-damage|p2a: Mahoraga|18\/100 tox|[from] psn\n|upkeep\n|turn|34\n|\n|t:|1700686805\n|move|p2a: Mahoraga|Flower Trick|p1a: Toxapex\n|-crit|p1a: Toxapex\n|-damage|p1a: Toxapex|43\/100\n|move|p1a: Toxapex|Recover|p1a: Toxapex\n|-heal|p1a: Toxapex|93\/100\n|\n|-damage|p2a: Mahoraga|0 fnt|[from] psn\n|faint|p2a: Mahoraga\n|upkeep\n|\n|t:|1700686809\n|switch|p2a: Gojo|Glimmora, M, tera:Grass|100\/100\n|-damage|p2a: Gojo|88\/100|[from] Stealth Rock\n|turn|35\n|\n|t:|1700686812\n|move|p2a: Gojo|Earth Power|p1a: Toxapex\n|-supereffective|p1a: Toxapex\n|-damage|p1a: Toxapex|43\/100\n|move|p1a: Toxapex|Toxic|p2a: Gojo\n|-status|p2a: Gojo|tox\n|\n|-damage|p2a: Gojo|82\/100 tox|[from] psn\n|upkeep\n|turn|36\n|\n|t:|1700686821\n|switch|p1a: Zapdos|Zapdos|61\/100\n|move|p2a: Gojo|Power Gem|p1a: Zapdos\n|-supereffective|p1a: Zapdos\n|-crit|p1a: Zapdos\n|-damage|p1a: Zapdos|0 fnt\n|faint|p1a: Zapdos\n|\n|-damage|p2a: Gojo|69\/100 tox|[from] psn\n|upkeep\n|\n|t:|1700686835\n|switch|p1a: Slowking|Slowking-Galar, F|100\/100\n|turn|37\n|\n|t:|1700686840\n|move|p2a: Gojo|Earth Power|p1a: Slowking\n|-supereffective|p1a: Slowking\n|-damage|p1a: Slowking|59\/100\n|move|p1a: Slowking|Sludge Bomb|p2a: Gojo\n|-supereffective|p2a: Gojo\n|-damage|p2a: Gojo|17\/100 tox\n|\n|-damage|p2a: Gojo|0 fnt|[from] psn\n|faint|p2a: Gojo\n|upkeep\n|\n|t:|1700686845\n|switch|p2a: Ry\u014dmen Sukuna|Kingambit, M|94\/100\n|-damage|p2a: Ry\u014dmen Sukuna|88\/100|[from] Stealth Rock\n|-activate|p2a: Ry\u014dmen Sukuna|ability: Supreme Overlord\n|-start|p2a: Ry\u014dmen Sukuna|fallen5|[silent]\n|turn|38\n|\n|t:|1700686849\n|move|p2a: Ry\u014dmen Sukuna|Swords Dance|p2a: Ry\u014dmen Sukuna\n|-boost|p2a: Ry\u014dmen Sukuna|atk|2\n|move|p1a: Slowking|Chilly Reception|p1a: Slowking\n|-weather|Snow\n|\n|t:|1700686850\n|switch|p1a: Zamazenta|Zamazenta|100\/100|[from] Chilly Reception\n|\n|-weather|Snow|[upkeep]\n|upkeep\n|turn|39\n|c|\u2606Welcometoearth420|gg\n|\n|t:|1700686859\n|move|p1a: Zamazenta|Close Combat|p2a: Ry\u014dmen Sukuna\n|-supereffective|p2a: Ry\u014dmen Sukuna\n|-damage|p2a: Ry\u014dmen Sukuna|0 fnt\n|-unboost|p1a: Zamazenta|def|1\n|-unboost|p1a: Zamazenta|spd|1\n|-damage|p1a: Zamazenta|84\/100|[from] item: Rocky Helmet|[of] p2a: Ry\u014dmen Sukuna\n|faint|p2a: Ry\u014dmen Sukuna\n|-end|p2a: Ry\u014dmen Sukuna|fallen5|[silent]\n|\n|win|Welcometoearth420\n|raw|Welcometoearth420's rating: 1384 &rarr; <strong>1402<\/strong><br \/>(+18 for winning)\n|raw|Mister Huang's rating: 1353 &rarr; <strong>1335<\/strong><br \/>(-18 for losing)\n|c|\u2606Mister Huang|gg\n","uploadtime":1700686862,"views":2,"p1id":"welcometoearth420","p2id":"misterhuang","formatid":"gen9ou","rating":1335,"private":0,"password":""}