{"id":"gen9ou-1994016943","p1":"Realblazing2","p2":"jobey","format":"[Gen 9] OU","log":"|j|\u2606Realblazing2\n|j|\u2606jobey\n|inactive|Battle timer is ON: inactive players will automatically lose when time's up.\n|t:|1700394226\n|gametype|singles\n|player|p1|Realblazing2|hilbert|\n|player|p2|jobey|101|\n|teamsize|p1|6\n|teamsize|p2|6\n|gen|9\n|tier|[Gen 9] OU\n|rated|Tournament battle\n|rule|Sleep Clause Mod: Limit one foe put to sleep\n|rule|Species Clause: Limit one of each Pok\u00e9mon\n|rule|OHKO Clause: OHKO moves are banned\n|rule|Evasion Items Clause: Evasion items are banned\n|rule|Evasion Moves Clause: Evasion moves are banned\n|rule|Endless Battle Clause: Forcing endless battles is banned\n|rule|HP Percentage Mod: HP is shown in percentages\n|clearpoke\n|poke|p1|Ogerpon-Cornerstone, F|\n|poke|p1|Hoopa-Unbound|\n|poke|p1|Kingambit, F|\n|poke|p1|Scizor, F|\n|poke|p1|Iron Valiant|\n|poke|p1|Great Tusk|\n|poke|p2|Kingambit, M|\n|poke|p2|Glimmora, M|\n|poke|p2|Zamazenta-*|\n|poke|p2|Iron Valiant|\n|poke|p2|Iron Moth|\n|poke|p2|Koraidon|\n|teampreview\n|j|*Lady Monita \u2746\n|\n|t:|1700394232\n|start\n|switch|p1a: Ogerpon|Ogerpon-Cornerstone, F|100\/100\n|switch|p2a: Glimmora|Glimmora, M|100\/100\n|turn|1\n|\n|t:|1700394239\n|move|p1a: Ogerpon|Ivy Cudgel|p2a: Glimmora|[anim] Ivy Cudgel Rock\n|-damage|p2a: Glimmora|28\/100\n|-activate|p2a: Glimmora|ability: Toxic Debris\n|-sidestart|p1: Realblazing2|move: Toxic Spikes\n|move|p2a: Glimmora|Earth Power|p1a: Ogerpon\n|-damage|p1a: Ogerpon|62\/100\n|\n|upkeep\n|turn|2\n|\n|t:|1700394250\n|move|p1a: Ogerpon|U-turn|p2a: Glimmora\n|-resisted|p2a: Glimmora\n|-damage|p2a: Glimmora|10\/100\n|-activate|p2a: Glimmora|ability: Toxic Debris\n|-sidestart|p1: Realblazing2|move: Toxic Spikes\n|\n|t:|1700394252\n|switch|p1a: Scizor|Scizor, F|100\/100|[from] U-turn\n|move|p2a: Glimmora|Stealth Rock|p1a: Scizor\n|-sidestart|p1: Realblazing2|move: Stealth Rock\n|\n|upkeep\n|turn|3\n|\n|t:|1700394264\n|move|p2a: Glimmora|Power Gem|p1a: Scizor\n|-damage|p1a: Scizor|52\/100\n|move|p1a: Scizor|Defog|p2a: Glimmora\n|-unboost|p2a: Glimmora|evasion|1\n|-sideend|p1: Realblazing2|Toxic Spikes|[from] move: Defog|[of] p1a: Scizor\n|-sideend|p1: Realblazing2|Stealth Rock|[from] move: Defog|[of] p1a: Scizor\n|\n|upkeep\n|turn|4\n|\n|t:|1700394271\n|move|p1a: Scizor|Bullet Punch|p2a: Glimmora\n|-supereffective|p2a: Glimmora\n|-damage|p2a: Glimmora|0 fnt\n|-activate|p2a: Glimmora|ability: Toxic Debris\n|-sidestart|p1: Realblazing2|move: Toxic Spikes\n|faint|p2a: Glimmora\n|\n|upkeep\n|\n|t:|1700394280\n|switch|p2a: Iron Moth|Iron Moth|100\/100\n|-enditem|p2a: Iron Moth|Booster Energy\n|-activate|p2a: Iron Moth|ability: Quark Drive|[fromitem]\n|-start|p2a: Iron Moth|quarkdrivespe\n|turn|5\n|\n|t:|1700394291\n|switch|p1a: Ogerpon|Ogerpon-Cornerstone, F|62\/100\n|-status|p1a: Ogerpon|psn\n|move|p2a: Iron Moth|Fiery Dance|p1a: Ogerpon\n|-damage|p1a: Ogerpon|18\/100 psn\n|\n|-damage|p1a: Ogerpon|6\/100 psn|[from] psn\n|upkeep\n|turn|6\n|j| sigmale69\n|\n|t:|1700394301\n|move|p2a: Iron Moth|Fiery Dance|p1a: Ogerpon\n|-damage|p1a: Ogerpon|0 fnt\n|-boost|p2a: Iron Moth|spa|1\n|faint|p1a: Ogerpon\n|\n|upkeep\n|\n|t:|1700394303\n|switch|p1a: Hoopa|Hoopa-Unbound|100\/100\n|-status|p1a: Hoopa|psn\n|turn|7\n|\n|t:|1700394309\n|move|p2a: Iron Moth|Dazzling Gleam|p1a: Hoopa\n|-supereffective|p1a: Hoopa\n|-damage|p1a: Hoopa|53\/100 psn\n|move|p1a: Hoopa|Psychic|p2a: Iron Moth\n|-supereffective|p2a: Iron Moth\n|-damage|p2a: Iron Moth|0 fnt\n|faint|p2a: Iron Moth\n|-end|p2a: Iron Moth|Quark Drive|[silent]\n|\n|-damage|p1a: Hoopa|41\/100 psn|[from] psn\n|upkeep\n|\n|t:|1700394320\n|switch|p2a: Iron Valiant|Iron Valiant|100\/100\n|-enditem|p2a: Iron Valiant|Booster Energy\n|-activate|p2a: Iron Valiant|ability: Quark Drive|[fromitem]\n|-start|p2a: Iron Valiant|quarkdrivespe\n|turn|8\n|\n|t:|1700394327\n|move|p2a: Iron Valiant|Moonblast|p1a: Hoopa\n|-supereffective|p1a: Hoopa\n|-damage|p1a: Hoopa|0 fnt\n|faint|p1a: Hoopa\n|\n|upkeep\n|j|^RUMYMOME\n|\n|t:|1700394330\n|switch|p1a: Scizor|Scizor, F|52\/100\n|turn|9\n|\n|t:|1700394335\n|-end|p2a: Iron Valiant|Quark Drive|[silent]\n|switch|p2a: Zamazenta|Zamazenta, shiny|100\/100\n|-ability|p2a: Zamazenta|Dauntless Shield|boost\n|-boost|p2a: Zamazenta|def|1\n|move|p1a: Scizor|U-turn|p2a: Zamazenta\n|-resisted|p2a: Zamazenta\n|-damage|p2a: Zamazenta|89\/100\n|\n|t:|1700394341\n|switch|p1a: Iron Valiant|Iron Valiant, shiny|100\/100|[from] U-turn\n|-status|p1a: Iron Valiant|psn\n|\n|-heal|p2a: Zamazenta|96\/100|[from] item: Leftovers\n|-damage|p1a: Iron Valiant|88\/100 psn|[from] psn\n|upkeep\n|turn|10\n|\n|t:|1700394352\n|-end|p1a: Iron Valiant|Quark Drive|[silent]\n|switch|p1a: Great Tusk|Great Tusk, shiny|100\/100\n|-status|p1a: Great Tusk|psn\n|move|p2a: Zamazenta|Body Press|p1a: Great Tusk\n|-damage|p1a: Great Tusk|74\/100 psn\n|-damage|p2a: Zamazenta|79\/100|[from] item: Rocky Helmet|[of] p1a: Great Tusk\n|\n|-heal|p2a: Zamazenta|85\/100|[from] item: Leftovers\n|-damage|p1a: Great Tusk|62\/100 psn|[from] psn\n|upkeep\n|turn|11\n|\n|t:|1700394362\n|move|p2a: Zamazenta|Iron Defense|p2a: Zamazenta\n|-boost|p2a: Zamazenta|def|2\n|move|p1a: Great Tusk|Stealth Rock|p2a: Zamazenta\n|-sidestart|p2: jobey|move: Stealth Rock\n|\n|-heal|p2a: Zamazenta|91\/100|[from] item: Leftovers\n|-damage|p1a: Great Tusk|49\/100 psn|[from] psn\n|upkeep\n|turn|12\n|l| sigmale69\n|\n|t:|1700394370\n|move|p2a: Zamazenta|Body Press|p1a: Great Tusk\n|-damage|p1a: Great Tusk|9\/100 psn\n|-damage|p2a: Zamazenta|75\/100|[from] item: Rocky Helmet|[of] p1a: Great Tusk\n|move|p1a: Great Tusk|Earthquake|p2a: Zamazenta\n|-damage|p2a: Zamazenta|60\/100\n|\n|-heal|p2a: Zamazenta|67\/100|[from] item: Leftovers\n|-damage|p1a: Great Tusk|0 fnt|[from] psn\n|faint|p1a: Great Tusk\n|-end|p1a: Great Tusk|Protosynthesis|[silent]\n|upkeep\n|\n|t:|1700394375\n|switch|p1a: Iron Valiant|Iron Valiant, shiny|88\/100 psn\n|turn|13\n|\n|t:|1700394382\n|move|p1a: Iron Valiant|Moonblast|p2a: Zamazenta\n|-supereffective|p2a: Zamazenta\n|-crit|p2a: Zamazenta\n|-damage|p2a: Zamazenta|0 fnt\n|faint|p2a: Zamazenta\n|\n|-damage|p1a: Iron Valiant|76\/100 psn|[from] psn\n|upkeep\n|\n|t:|1700394389\n|switch|p2a: Kingambit|Kingambit, M|100\/100\n|-damage|p2a: Kingambit|94\/100|[from] Stealth Rock\n|-activate|p2a: Kingambit|ability: Supreme Overlord\n|-start|p2a: Kingambit|fallen3|[silent]\n|turn|14\n|\n|t:|1700394395\n|-end|p1a: Iron Valiant|Quark Drive|[silent]\n|switch|p1a: Scizor|Scizor, F|52\/100\n|-terastallize|p2a: Kingambit|Fairy\n|move|p2a: Kingambit|Tera Blast|p1a: Scizor|[anim] Tera Blast Fairy\n|-resisted|p1a: Scizor\n|-damage|p1a: Scizor|19\/100\n|\n|upkeep\n|turn|15\n|\n|t:|1700394414\n|move|p1a: Scizor|Bullet Punch|p2a: Kingambit\n|-supereffective|p2a: Kingambit\n|-crit|p2a: Kingambit\n|-damage|p2a: Kingambit|13\/100\n|move|p2a: Kingambit|Kowtow Cleave|p1a: Scizor\n|-damage|p1a: Scizor|0 fnt\n|faint|p1a: Scizor\n|\n|upkeep\n|\n|t:|1700394418\n|switch|p1a: Kingambit|Kingambit, F, shiny|100\/100\n|-activate|p1a: Kingambit|ability: Supreme Overlord\n|-start|p1a: Kingambit|fallen4|[silent]\n|turn|16\n|\n|t:|1700394424\n|move|p2a: Kingambit|Tera Blast|p1a: Kingambit|[anim] Tera Blast Fairy\n|-damage|p1a: Kingambit|57\/100\n|move|p1a: Kingambit|Iron Head|p2a: Kingambit\n|-supereffective|p2a: Kingambit\n|-damage|p2a: Kingambit|0 fnt\n|faint|p2a: Kingambit\n|-end|p2a: Kingambit|fallen3|[silent]\n|\n|-heal|p1a: Kingambit|63\/100|[from] item: Leftovers\n|upkeep\n|\n|t:|1700394432\n|switch|p2a: Koraidon|Koraidon|100\/100\n|-damage|p2a: Koraidon|94\/100|[from] Stealth Rock\n|-weather|SunnyDay|[from] ability: Orichalcum Pulse|[of] p2a: Koraidon\n|-activate|p2a: Koraidon|Orichalcum Pulse|[source]\n|turn|17\n|\n|t:|1700394447\n|-terastallize|p1a: Kingambit|Flying\n|move|p2a: Koraidon|Low Kick|p1a: Kingambit\n|-resisted|p1a: Kingambit\n|-damage|p1a: Kingambit|39\/100\n|move|p1a: Kingambit|Iron Head|p2a: Koraidon\n|-damage|p2a: Koraidon|41\/100\n|\n|-weather|SunnyDay|[upkeep]\n|-heal|p1a: Kingambit|45\/100|[from] item: Leftovers\n|upkeep\n|turn|18\n|\n|t:|1700394462\n|-end|p1a: Kingambit|fallen4|[silent]\n|switch|p1a: Iron Valiant|Iron Valiant, shiny|76\/100 psn\n|move|p2a: Koraidon|Scale Shot|p1a: Iron Valiant\n|-immune|p1a: Iron Valiant\n|\n|-weather|SunnyDay|[upkeep]\n|-damage|p1a: Iron Valiant|63\/100 psn|[from] psn\n|upkeep\n|turn|19\n|\n|t:|1700394470\n|move|p1a: Iron Valiant|Moonblast|p2a: Koraidon\n|-supereffective|p2a: Koraidon\n|-damage|p2a: Koraidon|0 fnt\n|faint|p2a: Koraidon\n|\n|-weather|SunnyDay|[upkeep]\n|-damage|p1a: Iron Valiant|51\/100 psn|[from] psn\n|upkeep\n|c|\u2606Realblazing2|Gg\n|\n|t:|1700394477\n|switch|p2a: Iron Valiant|Iron Valiant|100\/100\n|-damage|p2a: Iron Valiant|94\/100|[from] Stealth Rock\n|turn|20\n|\n|t:|1700394483\n|move|p1a: Iron Valiant|Moonblast|p2a: Iron Valiant\n|-supereffective|p2a: Iron Valiant\n|-damage|p2a: Iron Valiant|0 fnt\n|faint|p2a: Iron Valiant\n|-end|p2a: Iron Valiant|Quark Drive|[silent]\n|\n|win|Realblazing2\n|n|\u2606Realblazing2|realblazing2\n|n|\u2606jobey|jobey\n|n|*Lady Monita \u2746|ladymonita\n|n| RUMYMOME|rumymome\n","uploadtime":1700394485,"views":6,"p1id":"realblazing2","p2id":"jobey","formatid":"gen9ou","rating":0,"private":0,"password":""}