{"id":"gen9ou-1994774492","p1":"Skaraptor2.1","p2":"JonySensei","format":"[Gen 9] OU","log":"|j|\u2606Skaraptor2.1\n|j|\u2606JonySensei\n|t:|1700491479\n|gametype|singles\n|player|p1|Skaraptor2.1|bodybuilderf-gen9|1334\n|player|p2|JonySensei|ingo|1283\n|teamsize|p1|6\n|teamsize|p2|6\n|gen|9\n|tier|[Gen 9] OU\n|rated|\n|rule|Sleep Clause Mod: Limit one foe put to sleep\n|rule|Species Clause: Limit one of each Pok\u00e9mon\n|rule|OHKO Clause: OHKO moves are banned\n|rule|Evasion Items Clause: Evasion items are banned\n|rule|Evasion Moves Clause: Evasion moves are banned\n|rule|Endless Battle Clause: Forcing endless battles is banned\n|rule|HP Percentage Mod: HP is shown in percentages\n|clearpoke\n|poke|p1|Ribombee, M|\n|poke|p1|Ogerpon-Wellspring, F|\n|poke|p1|Great Tusk|\n|poke|p1|Zamazenta-*|\n|poke|p1|Iron Valiant|\n|poke|p1|Kingambit, F|\n|poke|p2|Ceruledge, F|\n|poke|p2|Torkoal, M|\n|poke|p2|Walking Wake|\n|poke|p2|Scream Tail|\n|poke|p2|Lilligant-Hisui, F|\n|poke|p2|Dragapult, M|\n|teampreview\n|inactive|Battle timer is ON: inactive players will automatically lose when time's up. (requested by Skaraptor2.1)\n|\n|t:|1700491506\n|start\n|switch|p1a: Transfem|Ogerpon-Wellspring, F|100\/100\n|switch|p2a: Ceruledge|Ceruledge, F|100\/100\n|turn|1\n|\n|t:|1700491520\n|move|p1a: Transfem|Knock Off|p2a: Ceruledge\n|-supereffective|p2a: Ceruledge\n|-damage|p2a: Ceruledge|0 fnt\n|-enditem|p2a: Ceruledge|Choice Band|[from] move: Knock Off|[of] p1a: Transfem\n|faint|p2a: Ceruledge\n|\n|upkeep\n|\n|t:|1700491527\n|switch|p2a: 1000 sunny|Torkoal, M|100\/100\n|-weather|SunnyDay|[from] ability: Drought|[of] p2a: 1000 sunny\n|turn|2\n|\n|t:|1700491533\n|move|p1a: Transfem|Ivy Cudgel|p2a: 1000 sunny|[anim] Ivy Cudgel Water\n|-supereffective|p2a: 1000 sunny\n|-damage|p2a: 1000 sunny|59\/100\n|move|p2a: 1000 sunny|Yawn|p1a: Transfem\n|-start|p1a: Transfem|move: Yawn|[of] p2a: 1000 sunny\n|\n|-weather|SunnyDay|[upkeep]\n|upkeep\n|turn|3\n|\n|t:|1700491543\n|switch|p1a: Raging Queer|Great Tusk|100\/100\n|-activate|p1a: Raging Queer|ability: Protosynthesis\n|-start|p1a: Raging Queer|protosynthesisdef\n|switch|p2a: Scream Tail|Scream Tail|100\/100\n|-activate|p2a: Scream Tail|ability: Protosynthesis\n|-start|p2a: Scream Tail|protosynthesisspd\n|\n|-weather|SunnyDay|[upkeep]\n|upkeep\n|turn|4\n|l|\u2606Skaraptor2.1\n|inactive|Skaraptor2.1 disconnected and has a minute to reconnect!\n|player|p1|\n|j|\u2606Skaraptor2.1\n|inactive|Skaraptor2.1 reconnected and has 100 seconds left.\n|player|p1|Skaraptor2.1|bodybuilderf-gen9\n|\n|t:|1700491601\n|move|p2a: Scream Tail|Stealth Rock|p1a: Raging Queer\n|-sidestart|p1: Skaraptor2.1|move: Stealth Rock\n|move|p1a: Raging Queer|Knock Off|p2a: Scream Tail\n|-damage|p2a: Scream Tail|79\/100\n|-enditem|p2a: Scream Tail|Leftovers|[from] move: Knock Off|[of] p1a: Raging Queer\n|\n|-weather|SunnyDay|[upkeep]\n|upkeep\n|turn|5\n|\n|t:|1700491611\n|move|p2a: Scream Tail|Grass Knot|p1a: Raging Queer\n|-supereffective|p1a: Raging Queer\n|-damage|p1a: Raging Queer|67\/100\n|move|p1a: Raging Queer|Rapid Spin|p2a: Scream Tail\n|-damage|p2a: Scream Tail|67\/100\n|-boost|p1a: Raging Queer|spe|1\n|-sideend|p1: Skaraptor2.1|Stealth Rock|[from] move: Rapid Spin|[of] p1a: Raging Queer\n|\n|-weather|SunnyDay|[upkeep]\n|upkeep\n|turn|6\n|\n|t:|1700491623\n|-end|p1a: Raging Queer|Protosynthesis|[silent]\n|switch|p1a: Transfem|Ogerpon-Wellspring, F|100\/100\n|move|p2a: Scream Tail|Grass Knot|p1a: Transfem\n|-damage|p1a: Transfem|90\/100\n|\n|-weather|SunnyDay|[upkeep]\n|upkeep\n|turn|7\n|\n|t:|1700491631\n|move|p1a: Transfem|Swords Dance|p1a: Transfem\n|-boost|p1a: Transfem|atk|2\n|move|p2a: Scream Tail|Thunder Wave|p1a: Transfem\n|-status|p1a: Transfem|par\n|\n|-weather|SunnyDay|[upkeep]\n|upkeep\n|turn|8\n|\n|t:|1700491648\n|-end|p2a: Scream Tail|Protosynthesis|[silent]\n|switch|p2a: Bonk|Lilligant-Hisui, F|100\/100\n|move|p1a: Transfem|Ivy Cudgel|p2a: Bonk|[anim] Ivy Cudgel Water\n|-resisted|p2a: Bonk\n|-damage|p2a: Bonk|59\/100\n|\n|-weather|SunnyDay|[upkeep]\n|upkeep\n|turn|9\n|\n|t:|1700491659\n|move|p2a: Bonk|Victory Dance|p2a: Bonk\n|-boost|p2a: Bonk|atk|1\n|-boost|p2a: Bonk|def|1\n|-boost|p2a: Bonk|spe|1\n|move|p1a: Transfem|Horn Leech|p2a: Bonk\n|-resisted|p2a: Bonk\n|-damage|p2a: Bonk|15\/100\n|-heal|p1a: Transfem|100\/100 par|[from] drain|[of] p2a: Bonk\n|\n|-weather|none\n|upkeep\n|turn|10\n|inactive|Skaraptor2.1 has 120 seconds left.\n|\n|t:|1700491673\n|move|p2a: Bonk|Leaf Blade|p1a: Transfem\n|-damage|p1a: Transfem|15\/100 par\n|move|p1a: Transfem|Ivy Cudgel|p2a: Bonk|[anim] Ivy Cudgel Water\n|-resisted|p2a: Bonk\n|-damage|p2a: Bonk|0 fnt\n|faint|p2a: Bonk\n|\n|upkeep\n|\n|t:|1700491683\n|switch|p2a: Yes|Dragapult, M|100\/100\n|turn|11\n|\n|t:|1700491692\n|move|p2a: Yes|Hex|p1a: Transfem\n|-damage|p1a: Transfem|0 fnt\n|faint|p1a: Transfem\n|\n|upkeep\n|\n|t:|1700491695\n|switch|p1a: Bigender|Iron Valiant|100\/100\n|-enditem|p1a: Bigender|Booster Energy\n|-activate|p1a: Bigender|ability: Quark Drive|[fromitem]\n|-start|p1a: Bigender|quarkdrivespe\n|turn|12\n|\n|t:|1700491703\n|-terastallize|p2a: Yes|Steel\n|move|p1a: Bigender|Calm Mind|p1a: Bigender\n|-boost|p1a: Bigender|spa|1\n|-boost|p1a: Bigender|spd|1\n|move|p2a: Yes|Will-O-Wisp|p1a: Bigender|[miss]\n|-miss|p2a: Yes|p1a: Bigender\n|\n|upkeep\n|turn|13\n|\n|t:|1700491711\n|move|p1a: Bigender|Thunderbolt|p2a: Yes\n|-damage|p2a: Yes|38\/100\n|move|p2a: Yes|Tera Blast|p1a: Bigender|[anim] Tera Blast Steel\n|-supereffective|p1a: Bigender\n|-damage|p1a: Bigender|17\/100\n|\n|upkeep\n|turn|14\n|\n|t:|1700491736\n|switch|p2a: Scream Tail|Scream Tail|67\/100\n|move|p1a: Bigender|Thunderbolt|p2a: Scream Tail\n|-damage|p2a: Scream Tail|42\/100\n|-status|p2a: Scream Tail|par\n|\n|upkeep\n|turn|15\n|\n|t:|1700491752\n|move|p1a: Bigender|Thunderbolt|p2a: Scream Tail\n|-damage|p2a: Scream Tail|15\/100 par\n|move|p2a: Scream Tail|Thunder Wave|p1a: Bigender\n|-status|p1a: Bigender|par\n|\n|upkeep\n|turn|16\n|\n|t:|1700491761\n|move|p1a: Bigender|Thunderbolt|p2a: Scream Tail\n|-damage|p2a: Scream Tail|0 fnt\n|faint|p2a: Scream Tail\n|-end|p2a: Scream Tail|Protosynthesis|[silent]\n|\n|upkeep\n|\n|t:|1700491768\n|switch|p2a: Yes|Dragapult, M, tera:Steel|38\/100\n|turn|17\n|\n|t:|1700491791\n|move|p2a: Yes|Hex|p1a: Bigender\n|-damage|p1a: Bigender|0 fnt\n|faint|p1a: Bigender\n|-end|p1a: Bigender|Quark Drive|[silent]\n|\n|upkeep\n|\n|t:|1700491795\n|switch|p1a: Twink|Ribombee, M|100\/100\n|turn|18\n|\n|t:|1700491801\n|move|p2a: Yes|Tera Blast|p1a: Twink|[anim] Tera Blast Steel\n|-supereffective|p1a: Twink\n|-damage|p1a: Twink|5\/100\n|move|p1a: Twink|Stun Spore|p2a: Yes\n|-status|p2a: Yes|par\n|\n|upkeep\n|turn|19\n|\n|t:|1700491812\n|move|p1a: Twink|Sticky Web|p2a: Yes\n|-sidestart|p2: JonySensei|move: Sticky Web\n|move|p2a: Yes|Tera Blast|p1a: Twink|[anim] Tera Blast Steel\n|-supereffective|p1a: Twink\n|-damage|p1a: Twink|0 fnt\n|faint|p1a: Twink\n|\n|upkeep\n|\n|t:|1700491816\n|switch|p1a: Raging Queer|Great Tusk|67\/100\n|turn|20\n|\n|t:|1700491821\n|move|p2a: Yes|Will-O-Wisp|p1a: Raging Queer|[miss]\n|-miss|p2a: Yes|p1a: Raging Queer\n|move|p1a: Raging Queer|Earthquake|p2a: Yes\n|-supereffective|p2a: Yes\n|-damage|p2a: Yes|0 fnt\n|faint|p2a: Yes\n|\n|upkeep\n|\n|t:|1700491831\n|switch|p2a: 1000 sunny|Torkoal, M|59\/100\n|-activate|p2a: 1000 sunny|move: Sticky Web\n|-unboost|p2a: 1000 sunny|spe|1\n|-weather|SunnyDay|[from] ability: Drought|[of] p2a: 1000 sunny\n|-activate|p1a: Raging Queer|ability: Protosynthesis\n|-start|p1a: Raging Queer|protosynthesisdef\n|turn|21\n|\n|t:|1700491842\n|move|p1a: Raging Queer|Earthquake|p2a: 1000 sunny\n|-supereffective|p2a: 1000 sunny\n|-damage|p2a: 1000 sunny|0 fnt\n|faint|p2a: 1000 sunny\n|\n|-weather|SunnyDay|[upkeep]\n|upkeep\n|\n|t:|1700491849\n|switch|p2a: Walking Wake|Walking Wake|100\/100\n|-activate|p2a: Walking Wake|move: Sticky Web\n|-unboost|p2a: Walking Wake|spe|1\n|-activate|p2a: Walking Wake|ability: Protosynthesis\n|-start|p2a: Walking Wake|protosynthesisspa\n|turn|22\n|l|\u2606Skaraptor2.1\n|inactive|Skaraptor2.1 disconnected and has a minute to reconnect!\n|player|p1|\n|j|\u2606Skaraptor2.1\n|inactive|Skaraptor2.1 reconnected and has 110 seconds left.\n|player|p1|Skaraptor2.1|bodybuilderf-gen9\n|\n|t:|1700491893\n|move|p2a: Walking Wake|Hydro Steam|p1a: Raging Queer\n|-supereffective|p1a: Raging Queer\n|-crit|p1a: Raging Queer\n|-damage|p1a: Raging Queer|0 fnt\n|faint|p1a: Raging Queer\n|-end|p1a: Raging Queer|Protosynthesis|[silent]\n|\n|-weather|SunnyDay|[upkeep]\n|upkeep\n|\n|t:|1700491896\n|switch|p1a: Queengambit|Kingambit, F|100\/100\n|-activate|p1a: Queengambit|ability: Supreme Overlord\n|-start|p1a: Queengambit|fallen4|[silent]\n|turn|23\n|inactive|Skaraptor2.1 has 120 seconds left.\n|\n|t:|1700491904\n|move|p1a: Queengambit|Sucker Punch|p2a: Walking Wake\n|-damage|p2a: Walking Wake|36\/100\n|move|p2a: Walking Wake|Hydro Steam|p1a: Queengambit\n|-damage|p1a: Queengambit|0 fnt\n|faint|p1a: Queengambit\n|-end|p1a: Queengambit|fallen4|[silent]\n|\n|-weather|SunnyDay|[upkeep]\n|upkeep\n|inactive|Skaraptor2.1 has 120 seconds left.\n|\n|t:|1700491909\n|switch|p1a: Defender of Trans|Zamazenta, shiny|100\/100\n|-ability|p1a: Defender of Trans|Dauntless Shield|boost\n|-boost|p1a: Defender of Trans|def|1\n|turn|24\n|\n|t:|1700491917\n|move|p1a: Defender of Trans|Body Press|p2a: Walking Wake\n|-damage|p2a: Walking Wake|0 fnt\n|faint|p2a: Walking Wake\n|-end|p2a: Walking Wake|Protosynthesis|[silent]\n|\n|win|Skaraptor2.1\n|raw|Skaraptor2.1's rating: 1334 &rarr; <strong>1351<\/strong><br \/>(+17 for winning)\n|raw|JonySensei's rating: 1283 &rarr; <strong>1262<\/strong><br \/>(-21 for losing)\n","uploadtime":1700491920,"views":4,"p1id":"skaraptor21","p2id":"jonysensei","formatid":"gen9ou","rating":1262,"private":0,"password":""}