{"id":"gen9ou-1990249493","p1":"sauucee1n","p2":"bettergreen","format":"[Gen 9] OU","log":"|j|\u2606sauucee1n\n|j|\u2606bettergreen\n|t:|1699944440\n|gametype|singles\n|player|p1|sauucee1n|brock|1277\n|player|p2|bettergreen|acetrainer|1259\n|teamsize|p1|6\n|teamsize|p2|6\n|gen|9\n|tier|[Gen 9] OU\n|rated|\n|rule|Sleep Clause Mod: Limit one foe put to sleep\n|rule|Species Clause: Limit one of each Pok\u00e9mon\n|rule|OHKO Clause: OHKO moves are banned\n|rule|Evasion Items Clause: Evasion items are banned\n|rule|Evasion Moves Clause: Evasion moves are banned\n|rule|Endless Battle Clause: Forcing endless battles is banned\n|rule|HP Percentage Mod: HP is shown in percentages\n|clearpoke\n|poke|p1|Kingambit, F|\n|poke|p1|Slowking-Galar, F|\n|poke|p1|Alomomola, M|\n|poke|p1|Mamoswine, F|\n|poke|p1|Corviknight, M|\n|poke|p1|Enamorus, F|\n|poke|p2|Toxapex, M|\n|poke|p2|Clefable, F|\n|poke|p2|Cinderace, F|\n|poke|p2|Gholdengo|\n|poke|p2|Rillaboom, F|\n|poke|p2|Dragapult, F|\n|teampreview\n|inactive|Battle timer is ON: inactive players will automatically lose when time's up. (requested by sauucee1n)\n|\n|t:|1699944466\n|start\n|switch|p1a: Alomomola|Alomomola, M|100\/100\n|switch|p2a: Clefable|Clefable, F|100\/100\n|turn|1\n|\n|t:|1699944472\n|move|p2a: Clefable|Stealth Rock|p1a: Alomomola\n|-sidestart|p1: sauucee1n|move: Stealth Rock\n|move|p1a: Alomomola|Flip Turn|p2a: Clefable\n|-damage|p2a: Clefable|89\/100\n|\n|t:|1699944475\n|switch|p1a: Corviknight|Corviknight, M|100\/100|[from] Flip Turn\n|-damage|p1a: Corviknight|88\/100|[from] Stealth Rock\n|\n|-heal|p2a: Clefable|95\/100|[from] item: Leftovers\n|upkeep\n|turn|2\n|\n|t:|1699944485\n|switch|p2a: Toxapex|Toxapex, M|100\/100\n|move|p1a: Corviknight|Defog|p2a: Toxapex\n|-unboost|p2a: Toxapex|evasion|1\n|-sideend|p1: sauucee1n|Stealth Rock|[from] move: Defog|[of] p1a: Corviknight\n|\n|upkeep\n|turn|3\n|\n|t:|1699944493\n|move|p1a: Corviknight|U-turn|p2a: Toxapex\n|-resisted|p2a: Toxapex\n|-damage|p2a: Toxapex|95\/100\n|\n|t:|1699944496\n|switch|p1a: Slowking|Slowking-Galar, F|100\/100|[from] U-turn\n|move|p2a: Toxapex|Surf|p1a: Slowking\n|-damage|p1a: Slowking|89\/100\n|\n|-heal|p2a: Toxapex|100\/100|[from] item: Leftovers\n|upkeep\n|turn|4\n|\n|t:|1699944506\n|switch|p2a: Rillaboom|Rillaboom, F|100\/100\n|-fieldstart|move: Grassy Terrain|[from] ability: Grassy Surge|[of] p2a: Rillaboom\n|move|p1a: Slowking|Psychic|p2a: Rillaboom\n|-damage|p2a: Rillaboom|58\/100\n|\n|-heal|p2a: Rillaboom|64\/100|[from] Grassy Terrain\n|-heal|p1a: Slowking|95\/100|[from] Grassy Terrain\n|upkeep\n|turn|5\n|\n|t:|1699944517\n|move|p2a: Rillaboom|Knock Off|p1a: Slowking\n|-supereffective|p1a: Slowking\n|-damage|p1a: Slowking|0 fnt\n|-damage|p2a: Rillaboom|48\/100|[from] item: Rocky Helmet|[of] p1a: Slowking\n|-enditem|p1a: Slowking|Rocky Helmet|[from] move: Knock Off|[of] p2a: Rillaboom\n|faint|p1a: Slowking\n|\n|-heal|p2a: Rillaboom|54\/100|[from] Grassy Terrain\n|upkeep\n|\n|t:|1699944525\n|switch|p1a: Enamorus|Enamorus, F|100\/100\n|turn|6\n|\n|t:|1699944533\n|switch|p2a: Toxapex|Toxapex, M|100\/100\n|move|p1a: Enamorus|Superpower|p2a: Toxapex\n|-resisted|p2a: Toxapex\n|-damage|p2a: Toxapex|86\/100\n|-boost|p1a: Enamorus|atk|1\n|-boost|p1a: Enamorus|def|1\n|\n|-heal|p2a: Toxapex|93\/100|[from] Grassy Terrain\n|-heal|p2a: Toxapex|99\/100|[from] item: Leftovers\n|upkeep\n|turn|7\n|\n|t:|1699944548\n|switch|p1a: Corviknight|Corviknight, M|88\/100\n|move|p2a: Toxapex|Haze|p2a: Toxapex\n|-clearallboost\n|\n|-heal|p2a: Toxapex|100\/100|[from] Grassy Terrain\n|upkeep\n|turn|8\n|\n|t:|1699944560\n|move|p1a: Corviknight|U-turn|p2a: Toxapex\n|-resisted|p2a: Toxapex\n|-damage|p2a: Toxapex|95\/100\n|\n|t:|1699944566\n|switch|p1a: Mamoswine|Mamoswine, F|100\/100|[from] U-turn\n|move|p2a: Toxapex|Surf|p1a: Mamoswine\n|-supereffective|p1a: Mamoswine\n|-damage|p1a: Mamoswine|52\/100\n|\n|-heal|p1a: Mamoswine|58\/100|[from] Grassy Terrain\n|-heal|p2a: Toxapex|100\/100|[from] Grassy Terrain\n|-fieldend|move: Grassy Terrain\n|upkeep\n|turn|9\n|\n|t:|1699944577\n|switch|p2a: Rillaboom|Rillaboom, F|54\/100\n|-fieldstart|move: Grassy Terrain|[from] ability: Grassy Surge|[of] p2a: Rillaboom\n|move|p1a: Mamoswine|Stealth Rock|p2a: Rillaboom\n|-sidestart|p2: bettergreen|move: Stealth Rock\n|\n|-heal|p2a: Rillaboom|60\/100|[from] Grassy Terrain\n|-heal|p1a: Mamoswine|65\/100|[from] Grassy Terrain\n|upkeep\n|turn|10\n|\n|t:|1699944589\n|switch|p1a: Corviknight|Corviknight, M|88\/100\n|move|p2a: Rillaboom|Knock Off|p1a: Corviknight\n|-damage|p1a: Corviknight|58\/100\n|-damage|p2a: Rillaboom|44\/100|[from] item: Rocky Helmet|[of] p1a: Corviknight\n|-enditem|p1a: Corviknight|Rocky Helmet|[from] move: Knock Off|[of] p2a: Rillaboom\n|\n|-heal|p2a: Rillaboom|50\/100|[from] Grassy Terrain\n|upkeep\n|turn|11\n|inactive|bettergreen has 120 seconds left.\n|\n|t:|1699944619\n|switch|p2a: Cinderace|Cinderace, F, shiny|100\/100\n|move|p1a: Corviknight|Roost|p1a: Corviknight\n|-heal|p1a: Corviknight|100\/100\n|-singleturn|p1a: Corviknight|move: Roost\n|\n|upkeep\n|turn|12\n|inactive|bettergreen has 120 seconds left.\n|\n|t:|1699944632\n|move|p2a: Cinderace|Will-O-Wisp|p1a: Corviknight\n|-status|p1a: Corviknight|brn\n|move|p1a: Corviknight|Body Press|p2a: Cinderace\n|-damage|p2a: Cinderace|85\/100\n|\n|-heal|p2a: Cinderace|91\/100|[from] Grassy Terrain\n|-damage|p1a: Corviknight|94\/100 brn|[from] brn\n|upkeep\n|turn|13\n|\n|t:|1699944642\n|move|p2a: Cinderace|Court Change|p2a: Cinderace\n|-swapsideconditions\n|-activate|p2a: Cinderace|move: Court Change\n|move|p1a: Corviknight|Defog|p2a: Cinderace\n|-unboost|p2a: Cinderace|evasion|1\n|-sideend|p1: sauucee1n|Stealth Rock|[from] move: Defog|[of] p1a: Corviknight\n|-fieldend|move: Grassy Terrain\n|\n|-damage|p1a: Corviknight|88\/100 brn|[from] brn\n|upkeep\n|turn|14\n|\n|t:|1699944649\n|move|p2a: Cinderace|Pyro Ball|p1a: Corviknight\n|-supereffective|p1a: Corviknight\n|-damage|p1a: Corviknight|31\/100 brn\n|move|p1a: Corviknight|U-turn|p2a: Cinderace\n|-resisted|p2a: Cinderace\n|-damage|p2a: Cinderace|86\/100\n|\n|t:|1699944663\n|switch|p1a: Mamoswine|Mamoswine, F|65\/100|[from] U-turn\n|\n|upkeep\n|turn|15\n|\n|t:|1699944677\n|move|p2a: Cinderace|Will-O-Wisp|p1a: Mamoswine\n|-status|p1a: Mamoswine|brn\n|move|p1a: Mamoswine|Earthquake|p2a: Cinderace\n|-supereffective|p2a: Cinderace\n|-damage|p2a: Cinderace|32\/100\n|\n|-damage|p1a: Mamoswine|58\/100 brn|[from] brn\n|upkeep\n|turn|16\n|\n|t:|1699944683\n|move|p2a: Cinderace|U-turn|p1a: Mamoswine\n|-damage|p1a: Mamoswine|45\/100 brn\n|-damage|p2a: Cinderace|16\/100|[from] item: Rocky Helmet|[of] p1a: Mamoswine\n|\n|t:|1699944685\n|switch|p2a: Rillaboom|Rillaboom, F|50\/100|[from] U-turn\n|-fieldstart|move: Grassy Terrain|[from] ability: Grassy Surge|[of] p2a: Rillaboom\n|move|p1a: Mamoswine|Stealth Rock|p2a: Rillaboom\n|-sidestart|p2: bettergreen|move: Stealth Rock\n|\n|-heal|p2a: Rillaboom|56\/100|[from] Grassy Terrain\n|-heal|p1a: Mamoswine|51\/100 brn|[from] Grassy Terrain\n|-damage|p1a: Mamoswine|45\/100 brn|[from] brn\n|upkeep\n|turn|17\n|\n|t:|1699944696\n|switch|p1a: Corviknight|Corviknight, M|31\/100 brn\n|move|p2a: Rillaboom|U-turn|p1a: Corviknight\n|-resisted|p1a: Corviknight\n|-damage|p1a: Corviknight|25\/100 brn\n|inactive|bettergreen has 120 seconds left.\n|\n|t:|1699944742\n|switch|p2a: Dragapult|Dragapult, F|100\/100|[from] U-turn\n|-damage|p2a: Dragapult|88\/100|[from] Stealth Rock\n|\n|-heal|p2a: Dragapult|94\/100|[from] Grassy Terrain\n|-damage|p1a: Corviknight|19\/100 brn|[from] brn\n|upkeep\n|turn|18\n|\n|t:|1699944747\n|-terastallize|p2a: Dragapult|Ghost\n|move|p2a: Dragapult|Shadow Ball|p1a: Corviknight\n|-damage|p1a: Corviknight|0 fnt\n|faint|p1a: Corviknight\n|\n|-heal|p2a: Dragapult|99\/100|[from] Grassy Terrain\n|upkeep\n|\n|t:|1699944752\n|switch|p1a: Kingambit|Kingambit, F|100\/100\n|-activate|p1a: Kingambit|ability: Supreme Overlord\n|-start|p1a: Kingambit|fallen2|[silent]\n|turn|19\n|\n|t:|1699944758\n|switch|p2a: Clefable|Clefable, F|95\/100\n|move|p1a: Kingambit|Kowtow Cleave|p2a: Clefable\n|-resisted|p2a: Clefable\n|-damage|p2a: Clefable|74\/100\n|\n|-heal|p2a: Clefable|80\/100|[from] Grassy Terrain\n|-heal|p2a: Clefable|86\/100|[from] item: Leftovers\n|upkeep\n|turn|20\n|\n|t:|1699944762\n|move|p1a: Kingambit|Iron Head|p2a: Clefable\n|-supereffective|p2a: Clefable\n|-damage|p2a: Clefable|0 fnt\n|faint|p2a: Clefable\n|\n|-fieldend|move: Grassy Terrain\n|upkeep\n|\n|t:|1699944773\n|switch|p2a: Cinderace|Cinderace, F, shiny|16\/100\n|turn|21\n|\n|t:|1699944777\n|-end|p1a: Kingambit|fallen2|[silent]\n|switch|p1a: Alomomola|Alomomola, M|100\/100\n|move|p2a: Cinderace|Will-O-Wisp|p1a: Alomomola\n|-status|p1a: Alomomola|brn\n|\n|-damage|p1a: Alomomola|94\/100 brn|[from] brn\n|upkeep\n|turn|22\n|\n|t:|1699944790\n|switch|p2a: Toxapex|Toxapex, M|100\/100\n|-damage|p2a: Toxapex|88\/100|[from] Stealth Rock\n|move|p1a: Alomomola|Flip Turn|p2a: Toxapex\n|-resisted|p2a: Toxapex\n|-damage|p2a: Toxapex|85\/100\n|\n|t:|1699944797\n|switch|p1a: Mamoswine|Mamoswine, F|45\/100 brn|[from] Flip Turn\n|\n|-heal|p2a: Toxapex|91\/100|[from] item: Leftovers\n|-damage|p1a: Mamoswine|39\/100 brn|[from] brn\n|upkeep\n|turn|23\n|\n|t:|1699944805\n|switch|p2a: Rillaboom|Rillaboom, F|56\/100\n|-damage|p2a: Rillaboom|44\/100|[from] Stealth Rock\n|-fieldstart|move: Grassy Terrain|[from] ability: Grassy Surge|[of] p2a: Rillaboom\n|move|p1a: Mamoswine|Earthquake|p2a: Rillaboom\n|-resisted|p2a: Rillaboom\n|-damage|p2a: Rillaboom|38\/100\n|\n|-heal|p2a: Rillaboom|44\/100|[from] Grassy Terrain\n|-heal|p1a: Mamoswine|45\/100 brn|[from] Grassy Terrain\n|-damage|p1a: Mamoswine|39\/100 brn|[from] brn\n|upkeep\n|turn|24\n|\n|t:|1699944817\n|move|p1a: Mamoswine|Ice Shard|p2a: Rillaboom\n|-supereffective|p2a: Rillaboom\n|-damage|p2a: Rillaboom|25\/100\n|move|p2a: Rillaboom|Knock Off|p1a: Mamoswine\n|-damage|p1a: Mamoswine|2\/100 brn\n|-damage|p2a: Rillaboom|9\/100|[from] item: Rocky Helmet|[of] p1a: Mamoswine\n|-enditem|p1a: Mamoswine|Rocky Helmet|[from] move: Knock Off|[of] p2a: Rillaboom\n|\n|-heal|p2a: Rillaboom|15\/100|[from] Grassy Terrain\n|-heal|p1a: Mamoswine|8\/100 brn|[from] Grassy Terrain\n|-damage|p1a: Mamoswine|2\/100 brn|[from] brn\n|upkeep\n|turn|25\n|\n|t:|1699944828\n|switch|p2a: Gholdengo|Gholdengo|100\/100\n|-damage|p2a: Gholdengo|94\/100|[from] Stealth Rock\n|move|p1a: Mamoswine|Ice Shard|p2a: Gholdengo\n|-resisted|p2a: Gholdengo\n|-damage|p2a: Gholdengo|89\/100\n|\n|-heal|p2a: Gholdengo|95\/100|[from] Grassy Terrain\n|-heal|p1a: Mamoswine|8\/100 brn|[from] Grassy Terrain\n|-damage|p1a: Mamoswine|2\/100 brn|[from] brn\n|upkeep\n|turn|26\n|\n|t:|1699944838\n|move|p1a: Mamoswine|Ice Shard|p2a: Gholdengo\n|-resisted|p2a: Gholdengo\n|-damage|p2a: Gholdengo|90\/100\n|move|p2a: Gholdengo|Shadow Ball|p1a: Mamoswine\n|-damage|p1a: Mamoswine|0 fnt\n|faint|p1a: Mamoswine\n|\n|-heal|p2a: Gholdengo|96\/100|[from] Grassy Terrain\n|upkeep\n|\n|t:|1699944844\n|switch|p1a: Kingambit|Kingambit, F|100\/100\n|-activate|p1a: Kingambit|ability: Supreme Overlord\n|-start|p1a: Kingambit|fallen3|[silent]\n|turn|27\n|\n|t:|1699944867\n|switch|p2a: Toxapex|Toxapex, M|100\/100\n|-damage|p2a: Toxapex|88\/100|[from] Stealth Rock\n|move|p1a: Kingambit|Kowtow Cleave|p2a: Toxapex\n|-damage|p2a: Toxapex|43\/100\n|\n|-heal|p2a: Toxapex|49\/100|[from] Grassy Terrain\n|-heal|p2a: Toxapex|55\/100|[from] item: Leftovers\n|-fieldend|move: Grassy Terrain\n|upkeep\n|turn|28\n|\n|t:|1699944875\n|move|p1a: Kingambit|Kowtow Cleave|p2a: Toxapex\n|-crit|p2a: Toxapex\n|-damage|p2a: Toxapex|0 fnt\n|faint|p2a: Toxapex\n|\n|upkeep\n|\n|t:|1699944881\n|switch|p2a: Cinderace|Cinderace, F, shiny|16\/100\n|turn|29\n|\n|t:|1699944900\n|-end|p1a: Kingambit|fallen3|[silent]\n|switch|p1a: Alomomola|Alomomola, M|100\/100 brn\n|move|p2a: Cinderace|U-turn|p1a: Alomomola\n|-damage|p1a: Alomomola|87\/100 brn\n|-damage|p2a: Cinderace|0 fnt|[from] item: Rocky Helmet|[of] p1a: Alomomola\n|faint|p2a: Cinderace\n|\n|-damage|p1a: Alomomola|81\/100 brn|[from] brn\n|upkeep\n|\n|t:|1699944913\n|switch|p2a: Rillaboom|Rillaboom, F|15\/100\n|-damage|p2a: Rillaboom|3\/100|[from] Stealth Rock\n|-fieldstart|move: Grassy Terrain|[from] ability: Grassy Surge|[of] p2a: Rillaboom\n|turn|30\n|\n|t:|1699944931\n|move|p2a: Rillaboom|Wood Hammer|p1a: Alomomola\n|-supereffective|p1a: Alomomola\n|-damage|p1a: Alomomola|0 fnt\n|-damage|p2a: Rillaboom|0 fnt|[from] item: Rocky Helmet|[of] p1a: Alomomola\n|faint|p1a: Alomomola\n|faint|p2a: Rillaboom\n|\n|upkeep\n|\n|t:|1699944948\n|switch|p2a: Dragapult|Dragapult, F, tera:Ghost|99\/100\n|switch|p1a: Enamorus|Enamorus, F|100\/100\n|-damage|p2a: Dragapult|88\/100|[from] Stealth Rock\n|turn|31\n|\n|t:|1699944956\n|move|p2a: Dragapult|Shadow Ball|p1a: Enamorus\n|-crit|p1a: Enamorus\n|-damage|p1a: Enamorus|0 fnt\n|faint|p1a: Enamorus\n|\n|-heal|p2a: Dragapult|94\/100|[from] Grassy Terrain\n|upkeep\n|\n|t:|1699944959\n|switch|p1a: Kingambit|Kingambit, F|100\/100\n|-activate|p1a: Kingambit|ability: Supreme Overlord\n|-start|p1a: Kingambit|fallen5|[silent]\n|turn|32\n|\n|t:|1699944965\n|switch|p2a: Gholdengo|Gholdengo|96\/100\n|-damage|p2a: Gholdengo|90\/100|[from] Stealth Rock\n|move|p1a: Kingambit|Kowtow Cleave|p2a: Gholdengo\n|-supereffective|p2a: Gholdengo\n|-damage|p2a: Gholdengo|0 fnt\n|faint|p2a: Gholdengo\n|\n|upkeep\n|\n|t:|1699944967\n|switch|p2a: Dragapult|Dragapult, F, tera:Ghost|94\/100\n|-damage|p2a: Dragapult|82\/100|[from] Stealth Rock\n|turn|33\n|\n|t:|1699944975\n|move|p2a: Dragapult|Shadow Ball|p1a: Kingambit\n|-resisted|p1a: Kingambit\n|-damage|p1a: Kingambit|75\/100\n|move|p1a: Kingambit|Kowtow Cleave|p2a: Dragapult\n|-supereffective|p2a: Dragapult\n|-damage|p2a: Dragapult|0 fnt\n|faint|p2a: Dragapult\n|\n|win|sauucee1n\n|raw|sauucee1n's rating: 1277 &rarr; <strong>1301<\/strong><br \/>(+24 for winning)\n|raw|bettergreen's rating: 1259 &rarr; <strong>1235<\/strong><br \/>(-24 for losing)\n","uploadtime":1699944988,"views":19,"p1id":"sauucee1n","p2id":"bettergreen","formatid":"gen9ou","rating":1235,"private":0,"password":""}