{"id":"gen9ou-1993181072","p1":"Joestar4ever","p2":"Maka_bae","format":"[Gen 9] OU","log":"|j|\u2606Joestar4ever\n|j|\u203dMaka_bae\n|t:|1700274719\n|gametype|singles\n|player|p1|Joestar4ever|lance|1186\n|player|p2|Maka_bae|265|1230\n|teamsize|p1|6\n|teamsize|p2|6\n|gen|9\n|tier|[Gen 9] OU\n|rated|\n|rule|Sleep Clause Mod: Limit one foe put to sleep\n|rule|Species Clause: Limit one of each Pok\u00e9mon\n|rule|OHKO Clause: OHKO moves are banned\n|rule|Evasion Items Clause: Evasion items are banned\n|rule|Evasion Moves Clause: Evasion moves are banned\n|rule|Endless Battle Clause: Forcing endless battles is banned\n|rule|HP Percentage Mod: HP is shown in percentages\n|clearpoke\n|poke|p1|Corviknight, F|\n|poke|p1|Toxapex, F|\n|poke|p1|Heatran, M|\n|poke|p1|Ting-Lu|\n|poke|p1|Great Tusk|\n|poke|p1|Kingambit, F|\n|poke|p2|Cinderace, M|\n|poke|p2|Greninja-*, M|\n|poke|p2|Landorus-Therian, M|\n|poke|p2|Zamazenta-*|\n|poke|p2|Slowking-Galar, F|\n|poke|p2|Ambipom, F|\n|teampreview\n|\n|t:|1700274733\n|start\n|switch|p1a: Ting-Lu|Ting-Lu|100\/100\n|switch|p2a: Cinderace|Cinderace, M|100\/100\n|-ability|p1a: Ting-Lu|Vessel of Ruin\n|turn|1\n|\n|t:|1700274748\n|move|p2a: Cinderace|Will-O-Wisp|p1a: Ting-Lu\n|-status|p1a: Ting-Lu|brn\n|move|p1a: Ting-Lu|Stealth Rock|p2a: Cinderace\n|-sidestart|p2: Maka_bae|move: Stealth Rock\n|\n|-damage|p1a: Ting-Lu|94\/100 brn|[from] brn\n|upkeep\n|turn|2\n|\n|t:|1700274760\n|move|p2a: Cinderace|Court Change|p2a: Cinderace\n|-swapsideconditions\n|-activate|p2a: Cinderace|move: Court Change\n|move|p1a: Ting-Lu|Whirlwind|p2a: Cinderace\n|drag|p2a: Zamazenta|Zamazenta|100\/100\n|-ability|p2a: Zamazenta|Dauntless Shield|boost\n|-boost|p2a: Zamazenta|def|1\n|\n|-heal|p1a: Ting-Lu|100\/100 brn|[from] item: Leftovers\n|-damage|p1a: Ting-Lu|94\/100 brn|[from] brn\n|upkeep\n|turn|3\n|\n|t:|1700274773\n|move|p2a: Zamazenta|Body Press|p1a: Ting-Lu\n|-supereffective|p1a: Ting-Lu\n|-damage|p1a: Ting-Lu|43\/100 brn\n|move|p1a: Ting-Lu|Whirlwind|p2a: Zamazenta\n|drag|p2a: Cinderace|Cinderace, M|100\/100\n|\n|-heal|p1a: Ting-Lu|50\/100 brn|[from] item: Leftovers\n|-damage|p1a: Ting-Lu|43\/100 brn|[from] brn\n|upkeep\n|turn|4\n|\n|t:|1700274801\n|move|p2a: Cinderace|Pyro Ball|p1a: Ting-Lu\n|-damage|p1a: Ting-Lu|16\/100 brn\n|move|p1a: Ting-Lu|Stealth Rock|p2a: Cinderace\n|-sidestart|p2: Maka_bae|move: Stealth Rock\n|\n|-heal|p1a: Ting-Lu|22\/100 brn|[from] item: Leftovers\n|-damage|p1a: Ting-Lu|16\/100 brn|[from] brn\n|upkeep\n|turn|5\n|\n|t:|1700274814\n|move|p2a: Cinderace|Pyro Ball|p1a: Ting-Lu\n|-damage|p1a: Ting-Lu|0 fnt\n|faint|p1a: Ting-Lu\n|\n|upkeep\n|\n|t:|1700274821\n|switch|p1a: Toxapex|Toxapex, F|100\/100\n|-damage|p1a: Toxapex|88\/100|[from] Stealth Rock\n|turn|6\n|\n|t:|1700274833\n|move|p2a: Cinderace|U-turn|p1a: Toxapex\n|-resisted|p1a: Toxapex\n|-damage|p1a: Toxapex|81\/100\n|\n|t:|1700274836\n|switch|p2a: Slowking|Slowking-Galar, F|100\/100|[from] U-turn\n|move|p1a: Toxapex|Sludge Bomb|p2a: Slowking\n|-resisted|p2a: Slowking\n|-damage|p2a: Slowking|93\/100\n|\n|-heal|p1a: Toxapex|87\/100|[from] item: Leftovers\n|upkeep\n|turn|7\n|\n|t:|1700274852\n|switch|p1a: Corviknight|Corviknight, F|100\/100\n|-damage|p1a: Corviknight|88\/100|[from] Stealth Rock\n|move|p2a: Slowking|Future Sight|p1a: Corviknight\n|-start|p2a: Slowking|move: Future Sight\n|\n|-heal|p1a: Corviknight|94\/100|[from] item: Leftovers\n|upkeep\n|turn|8\n|inactive|Battle timer is ON: inactive players will automatically lose when time's up. (requested by Maka_bae)\n|\n|t:|1700274865\n|move|p1a: Corviknight|Iron Defense|p1a: Corviknight\n|-boost|p1a: Corviknight|def|2\n|move|p2a: Slowking|Thunder Wave|p1a: Corviknight\n|-status|p1a: Corviknight|par\n|\n|-heal|p1a: Corviknight|100\/100 par|[from] item: Leftovers\n|upkeep\n|turn|9\n|\n|t:|1700274876\n|cant|p1a: Corviknight|par\n|move|p2a: Slowking|Chilly Reception|p2a: Slowking\n|-weather|Snow\n|\n|t:|1700274887\n|switch|p2a: Cinderace|Cinderace, M|100\/100|[from] Chilly Reception\n|\n|-weather|Snow|[upkeep]\n|-end|p1a: Corviknight|move: Future Sight\n|-resisted|p1a: Corviknight\n|-damage|p1a: Corviknight|85\/100 par\n|-heal|p1a: Corviknight|91\/100 par|[from] item: Leftovers\n|upkeep\n|turn|10\n|\n|t:|1700274900\n|switch|p1a: Heatran|Heatran, M|100\/100\n|-damage|p1a: Heatran|88\/100|[from] Stealth Rock\n|move|p2a: Cinderace|U-turn|p1a: Heatran\n|-resisted|p1a: Heatran\n|-damage|p1a: Heatran|84\/100\n|inactive|Maka_bae has 120 seconds left.\n|\n|t:|1700274935\n|switch|p2a: Landorus|Landorus-Therian, M|100\/100|[from] U-turn\n|-damage|p2a: Landorus|88\/100|[from] Stealth Rock\n|-ability|p2a: Landorus|Intimidate|boost\n|-unboost|p1a: Heatran|atk|1\n|\n|-weather|Snow|[upkeep]\n|-heal|p1a: Heatran|90\/100|[from] item: Leftovers\n|upkeep\n|turn|11\n|\n|t:|1700274964\n|switch|p1a: Corviknight|Corviknight, F|91\/100 par\n|-damage|p1a: Corviknight|79\/100 par|[from] Stealth Rock\n|move|p2a: Landorus|Earthquake|p1a: Corviknight\n|-immune|p1a: Corviknight\n|\n|-weather|Snow|[upkeep]\n|-heal|p1a: Corviknight|85\/100 par|[from] item: Leftovers\n|upkeep\n|turn|12\n|\n|t:|1700274975\n|move|p2a: Landorus|U-turn|p1a: Corviknight\n|-resisted|p1a: Corviknight\n|-damage|p1a: Corviknight|78\/100 par\n|-damage|p2a: Landorus|79\/100|[from] item: Life Orb\n|\n|t:|1700274981\n|switch|p2a: Cinderace|Cinderace, M|100\/100|[from] U-turn\n|cant|p1a: Corviknight|par\n|\n|-weather|Snow|[upkeep]\n|-heal|p1a: Corviknight|84\/100 par|[from] item: Leftovers\n|upkeep\n|turn|13\n|\n|t:|1700274996\n|switch|p1a: Great Tusk|Great Tusk|100\/100\n|-damage|p1a: Great Tusk|98\/100|[from] Stealth Rock\n|move|p2a: Cinderace|Pyro Ball|p1a: Great Tusk\n|-damage|p1a: Great Tusk|62\/100\n|\n|-weather|none\n|-heal|p1a: Great Tusk|68\/100|[from] item: Leftovers\n|upkeep\n|turn|14\n|\n|t:|1700275007\n|move|p2a: Cinderace|Will-O-Wisp|p1a: Great Tusk\n|-status|p1a: Great Tusk|brn\n|move|p1a: Great Tusk|Rapid Spin|p2a: Cinderace\n|-damage|p2a: Cinderace|86\/100\n|-boost|p1a: Great Tusk|spe|1\n|-sideend|p1: Joestar4ever|Stealth Rock|[from] move: Rapid Spin|[of] p1a: Great Tusk\n|\n|-heal|p1a: Great Tusk|75\/100 brn|[from] item: Leftovers\n|-damage|p1a: Great Tusk|68\/100 brn|[from] brn\n|upkeep\n|turn|15\n|\n|t:|1700275021\n|switch|p2a: Landorus|Landorus-Therian, M|79\/100\n|-damage|p2a: Landorus|66\/100|[from] Stealth Rock\n|-ability|p2a: Landorus|Intimidate|boost\n|-unboost|p1a: Great Tusk|atk|1\n|move|p1a: Great Tusk|Earthquake|p2a: Landorus\n|-immune|p2a: Landorus\n|\n|-heal|p1a: Great Tusk|75\/100 brn|[from] item: Leftovers\n|-damage|p1a: Great Tusk|68\/100 brn|[from] brn\n|upkeep\n|turn|16\n|\n|t:|1700275038\n|-end|p1a: Great Tusk|Protosynthesis|[silent]\n|switch|p1a: Corviknight|Corviknight, F|84\/100 par\n|switch|p2a: Cinderace|Cinderace, M|86\/100\n|\n|-heal|p1a: Corviknight|91\/100 par|[from] item: Leftovers\n|upkeep\n|turn|17\n|\n|t:|1700275047\n|switch|p1a: Toxapex|Toxapex, F|100\/100\n|move|p2a: Cinderace|Court Change|p2a: Cinderace\n|-swapsideconditions\n|-activate|p2a: Cinderace|move: Court Change\n|\n|upkeep\n|turn|18\n|inactive|Maka_bae has 120 seconds left.\n|\n|t:|1700275054\n|move|p2a: Cinderace|U-turn|p1a: Toxapex\n|-resisted|p1a: Toxapex\n|-damage|p1a: Toxapex|93\/100\n|\n|t:|1700275058\n|switch|p2a: Slowking|Slowking-Galar, F|100\/100|[from] U-turn\n|move|p1a: Toxapex|Sludge Bomb|p2a: Slowking\n|-resisted|p2a: Slowking\n|-damage|p2a: Slowking|93\/100\n|\n|-heal|p1a: Toxapex|99\/100|[from] item: Leftovers\n|upkeep\n|turn|19\n|\n|t:|1700275069\n|switch|p1a: Great Tusk|Great Tusk|68\/100 brn\n|-damage|p1a: Great Tusk|65\/100 brn|[from] Stealth Rock\n|move|p2a: Slowking|Future Sight|p1a: Great Tusk\n|-start|p2a: Slowking|move: Future Sight\n|\n|-heal|p1a: Great Tusk|72\/100 brn|[from] item: Leftovers\n|-damage|p1a: Great Tusk|65\/100 brn|[from] brn\n|upkeep\n|turn|20\n|\n|t:|1700275080\n|switch|p2a: Landorus|Landorus-Therian, M|66\/100\n|-ability|p2a: Landorus|Intimidate|boost\n|-unboost|p1a: Great Tusk|atk|1\n|move|p1a: Great Tusk|Knock Off|p2a: Landorus\n|-damage|p2a: Landorus|51\/100\n|-enditem|p2a: Landorus|Life Orb|[from] move: Knock Off|[of] p1a: Great Tusk\n|\n|-heal|p1a: Great Tusk|72\/100 brn|[from] item: Leftovers\n|-damage|p1a: Great Tusk|65\/100 brn|[from] brn\n|upkeep\n|turn|21\n|inactive|Maka_bae has 120 seconds left.\n|\n|t:|1700275095\n|move|p2a: Landorus|Grass Knot|p1a: Great Tusk\n|-supereffective|p1a: Great Tusk\n|-damage|p1a: Great Tusk|0 fnt\n|faint|p1a: Great Tusk\n|-end|p1a: Great Tusk|Protosynthesis|[silent]\n|\n|-hint|Future Sight did not hit because the target is fainted.\n|upkeep\n|\n|t:|1700275104\n|switch|p1a: Corviknight|Corviknight, F|91\/100 par\n|-damage|p1a: Corviknight|78\/100 par|[from] Stealth Rock\n|turn|22\n|\n|t:|1700275112\n|move|p2a: Landorus|U-turn|p1a: Corviknight\n|-resisted|p1a: Corviknight\n|-damage|p1a: Corviknight|73\/100 par\n|\n|t:|1700275118\n|switch|p2a: Cinderace|Cinderace, M|86\/100|[from] U-turn\n|move|p1a: Corviknight|Iron Head|p2a: Cinderace\n|-resisted|p2a: Cinderace\n|-damage|p2a: Cinderace|67\/100\n|\n|-heal|p1a: Corviknight|79\/100 par|[from] item: Leftovers\n|upkeep\n|turn|23\n|\n|t:|1700275129\n|switch|p1a: Toxapex|Toxapex, F|100\/100\n|-damage|p1a: Toxapex|88\/100|[from] Stealth Rock\n|move|p2a: Cinderace|U-turn|p1a: Toxapex\n|-resisted|p1a: Toxapex\n|-damage|p1a: Toxapex|81\/100\n|\n|t:|1700275138\n|switch|p2a: Slowking|Slowking-Galar, F|100\/100|[from] U-turn\n|\n|-heal|p1a: Toxapex|87\/100|[from] item: Leftovers\n|upkeep\n|turn|24\n|\n|t:|1700275150\n|switch|p1a: Heatran|Heatran, M|90\/100\n|-damage|p1a: Heatran|77\/100|[from] Stealth Rock\n|move|p2a: Slowking|Thunder Wave|p1a: Heatran\n|-status|p1a: Heatran|par\n|\n|-heal|p1a: Heatran|84\/100 par|[from] item: Leftovers\n|upkeep\n|turn|25\n|\n|t:|1700275162\n|move|p1a: Heatran|Will-O-Wisp|p2a: Slowking\n|-status|p2a: Slowking|brn\n|move|p2a: Slowking|Chilly Reception|p2a: Slowking\n|-weather|Snow\n|\n|t:|1700275169\n|switch|p2a: Landorus|Landorus-Therian, M|51\/100|[from] Chilly Reception\n|-ability|p2a: Landorus|Intimidate|boost\n|-unboost|p1a: Heatran|atk|1\n|\n|-weather|Snow|[upkeep]\n|-heal|p1a: Heatran|90\/100 par|[from] item: Leftovers\n|upkeep\n|turn|26\n|\n|t:|1700275177\n|move|p2a: Landorus|Earthquake|p1a: Heatran\n|-supereffective|p1a: Heatran\n|-damage|p1a: Heatran|0 fnt\n|faint|p1a: Heatran\n|\n|-weather|Snow|[upkeep]\n|upkeep\n|\n|t:|1700275193\n|switch|p1a: Corviknight|Corviknight, F|79\/100 par\n|-damage|p1a: Corviknight|67\/100 par|[from] Stealth Rock\n|turn|27\n|\n|t:|1700275198\n|move|p2a: Landorus|U-turn|p1a: Corviknight\n|-resisted|p1a: Corviknight\n|-damage|p1a: Corviknight|61\/100 par\n|\n|t:|1700275203\n|switch|p2a: Cinderace|Cinderace, M|67\/100|[from] U-turn\n|move|p1a: Corviknight|Iron Defense|p1a: Corviknight\n|-boost|p1a: Corviknight|def|2\n|\n|-weather|Snow|[upkeep]\n|-heal|p1a: Corviknight|68\/100 par|[from] item: Leftovers\n|upkeep\n|turn|28\n|\n|t:|1700275215\n|-terastallize|p2a: Cinderace|Fire\n|move|p2a: Cinderace|Pyro Ball|p1a: Corviknight\n|-supereffective|p1a: Corviknight\n|-damage|p1a: Corviknight|9\/100 par\n|cant|p1a: Corviknight|par\n|\n|-weather|Snow|[upkeep]\n|-heal|p1a: Corviknight|15\/100 par|[from] item: Leftovers\n|upkeep\n|turn|29\n|\n|t:|1700275226\n|switch|p1a: Toxapex|Toxapex, F|100\/100\n|-damage|p1a: Toxapex|88\/100|[from] Stealth Rock\n|move|p2a: Cinderace|Pyro Ball|p1a: Toxapex\n|-resisted|p1a: Toxapex\n|-damage|p1a: Toxapex|64\/100\n|-status|p1a: Toxapex|brn\n|\n|-weather|none\n|-heal|p1a: Toxapex|70\/100 brn|[from] item: Leftovers\n|-damage|p1a: Toxapex|64\/100 brn|[from] brn\n|upkeep\n|turn|30\n|\n|t:|1700275238\n|move|p2a: Cinderace|U-turn|p1a: Toxapex\n|-resisted|p1a: Toxapex\n|-damage|p1a: Toxapex|57\/100 brn\n|\n|t:|1700275242\n|switch|p2a: Slowking|Slowking-Galar, F|100\/100 brn|[from] U-turn\n|move|p1a: Toxapex|Recover|p1a: Toxapex\n|-heal|p1a: Toxapex|100\/100 brn\n|\n|-damage|p1a: Toxapex|94\/100 brn|[from] brn\n|-damage|p2a: Slowking|94\/100 brn|[from] brn\n|upkeep\n|turn|31\n|\n|t:|1700275252\n|switch|p1a: Kingambit|Kingambit, F|100\/100\n|-damage|p1a: Kingambit|94\/100|[from] Stealth Rock\n|-activate|p1a: Kingambit|ability: Supreme Overlord\n|-start|p1a: Kingambit|fallen3|[silent]\n|move|p2a: Slowking|Future Sight|p1a: Kingambit\n|-start|p2a: Slowking|move: Future Sight\n|\n|-damage|p2a: Slowking|88\/100 brn|[from] brn\n|upkeep\n|turn|32\n|\n|t:|1700275263\n|switch|p2a: Zamazenta|Zamazenta|100\/100\n|move|p1a: Kingambit|Swords Dance|p1a: Kingambit\n|-boost|p1a: Kingambit|atk|2\n|\n|upkeep\n|turn|33\n|\n|t:|1700275271\n|-end|p1a: Kingambit|fallen3|[silent]\n|switch|p1a: Toxapex|Toxapex, F|100\/100 brn\n|-damage|p1a: Toxapex|88\/100 brn|[from] Stealth Rock\n|move|p2a: Zamazenta|Body Press|p1a: Toxapex\n|-resisted|p1a: Toxapex\n|-damage|p1a: Toxapex|77\/100 brn\n|\n|-end|p1a: Toxapex|move: Future Sight\n|-supereffective|p1a: Toxapex\n|-damage|p1a: Toxapex|4\/100 brn\n|-heal|p1a: Toxapex|10\/100 brn|[from] item: Leftovers\n|-damage|p1a: Toxapex|4\/100 brn|[from] brn\n|upkeep\n|turn|34\n|-message|Joestar4ever forfeited.\n|\n|win|Maka_bae\n|raw|Joestar4ever's rating: 1186 &rarr; <strong>1164<\/strong><br \/>(-22 for losing)\n|raw|Maka_bae's rating: 1230 &rarr; <strong>1252<\/strong><br \/>(+22 for winning)\n|l|\u2606Joestar4ever\n","uploadtime":1700275325,"views":13,"p1id":"joestar4ever","p2id":"makabae","formatid":"gen9ou","rating":1164,"private":0,"password":""}