{"id":"gen9ou-1994316135","p1":"Facu177967","p2":"edgypunishment","format":"[Gen 9] OU","log":"|j|\u2606Facu177967\n|j|\u2606edgypunishment\n|t:|1700430313\n|gametype|singles\n|player|p1|Facu177967|drayden|1094\n|player|p2|edgypunishment|dawn|1094\n|teamsize|p1|6\n|teamsize|p2|6\n|gen|9\n|tier|[Gen 9] OU\n|rated|\n|rule|Sleep Clause Mod: Limit one foe put to sleep\n|rule|Species Clause: Limit one of each Pok\u00e9mon\n|rule|OHKO Clause: OHKO moves are banned\n|rule|Evasion Items Clause: Evasion items are banned\n|rule|Evasion Moves Clause: Evasion moves are banned\n|rule|Endless Battle Clause: Forcing endless battles is banned\n|rule|HP Percentage Mod: HP is shown in percentages\n|clearpoke\n|poke|p1|Thundurus, M|\n|poke|p1|Iron Thorns|\n|poke|p1|Sneasler, M|\n|poke|p1|Orthworm, F|\n|poke|p1|Gurdurr, F|\n|poke|p1|Zoroark-Hisui, F|\n|poke|p2|Clefable, F|\n|poke|p2|Iron Valiant|\n|poke|p2|Weezing-Galar, F|\n|poke|p2|Azumarill, M|\n|poke|p2|Carbink|\n|poke|p2|Tinkaton, F|\n|teampreview\n|inactive|Battle timer is ON: inactive players will automatically lose when time's up. (requested by Facu177967)\n|\n|t:|1700430344\n|start\n|switch|p1a: Orthworm|Orthworm, F|100\/100\n|switch|p2a: Clefable|Clefable, F|100\/100\n|turn|1\n|\n|t:|1700430352\n|move|p1a: Orthworm|Stealth Rock|p2a: Clefable\n|-sidestart|p2: edgypunishment|move: Stealth Rock\n|move|p2a: Clefable|Flamethrower|p1a: Orthworm\n|-supereffective|p1a: Orthworm\n|-crit|p1a: Orthworm\n|-damage|p1a: Orthworm|0 fnt\n|faint|p1a: Orthworm\n|\n|upkeep\n|\n|t:|1700430367\n|switch|p1a: Thundurus|Thundurus, M|100\/100\n|turn|2\n|\n|t:|1700430372\n|move|p1a: Thundurus|Electric Terrain|p1a: Thundurus\n|-fieldstart|move: Electric Terrain\n|move|p2a: Clefable|Moonblast|p1a: Thundurus\n|-damage|p1a: Thundurus|55\/100\n|\n|upkeep\n|turn|3\n|\n|t:|1700430378\n|move|p1a: Thundurus|Discharge|p2a: Clefable\n|-damage|p2a: Clefable|63\/100\n|move|p2a: Clefable|Moonblast|p1a: Thundurus\n|-crit|p1a: Thundurus\n|-damage|p1a: Thundurus|0 fnt\n|faint|p1a: Thundurus\n|\n|upkeep\n|\n|t:|1700430386\n|switch|p1a: Iron Thorns|Iron Thorns, shiny|100\/100\n|-activate|p1a: Iron Thorns|ability: Quark Drive\n|-start|p1a: Iron Thorns|quarkdriveatk\n|turn|4\n|\n|t:|1700430394\n|move|p1a: Iron Thorns|Wild Charge|p2a: Clefable\n|-damage|p2a: Clefable|0 fnt\n|faint|p2a: Clefable\n|-damage|p1a: Iron Thorns|85\/100|[from] Recoil\n|\n|upkeep\n|\n|t:|1700430406\n|switch|p2a: Iron Valiant|Iron Valiant, shiny|100\/100\n|-damage|p2a: Iron Valiant|94\/100|[from] Stealth Rock\n|-activate|p2a: Iron Valiant|ability: Quark Drive\n|-start|p2a: Iron Valiant|quarkdrivespe\n|turn|5\n|\n|t:|1700430418\n|-end|p1a: Iron Thorns|Quark Drive|[silent]\n|switch|p1a: Iron Thorns|Iron Thorns, shiny|100\/100\n|move|p2a: Iron Valiant|Close Combat|p1a: Iron Thorns\n|-immune|p1a: Iron Thorns\n|\n|upkeep\n|turn|6\n|\n|t:|1700430444\n|move|p2a: Iron Valiant|Spirit Break|p1a: Iron Thorns\n|-damage|p1a: Iron Thorns|14\/100\n|-unboost|p1a: Iron Thorns|spa|1\n|replace|p1a: Zoroark|Zoroark-Hisui, F, shiny\n|-end|p1a: Zoroark|Illusion\n|move|p1a: Zoroark|Hyper Voice|p2a: Iron Valiant\n|-damage|p2a: Iron Valiant|38\/100\n|-enditem|p1a: Zoroark|Throat Spray\n|-boost|p1a: Zoroark|spa|1|[from] item: Throat Spray\n|\n|upkeep\n|turn|7\n|\n|t:|1700430454\n|move|p2a: Iron Valiant|Spirit Break|p1a: Zoroark\n|-damage|p1a: Zoroark|0 fnt\n|faint|p1a: Zoroark\n|\n|upkeep\n|\n|t:|1700430463\n|switch|p1a: Gurdurr|Gurdurr, F|100\/100\n|turn|8\n|\n|t:|1700430475\n|-terastallize|p2a: Iron Valiant|Fairy\n|move|p2a: Iron Valiant|Spirit Break|p1a: Gurdurr\n|-supereffective|p1a: Gurdurr\n|-damage|p1a: Gurdurr|33\/100\n|-unboost|p1a: Gurdurr|spa|1\n|move|p1a: Gurdurr|Thunder Punch|p2a: Iron Valiant\n|-damage|p2a: Iron Valiant|2\/100\n|\n|upkeep\n|turn|9\n|\n|t:|1700430485\n|move|p1a: Gurdurr|Mach Punch|p2a: Iron Valiant\n|-resisted|p2a: Iron Valiant\n|-damage|p2a: Iron Valiant|0 fnt\n|faint|p2a: Iron Valiant\n|-end|p2a: Iron Valiant|Quark Drive|[silent]\n|\n|-fieldend|move: Electric Terrain\n|upkeep\n|\n|t:|1700430496\n|switch|p2a: Weezing|Weezing-Galar, F|100\/100\n|-ability|p2a: Weezing|Neutralizing Gas\n|-damage|p2a: Weezing|88\/100|[from] Stealth Rock\n|turn|10\n|\n|t:|1700430504\n|move|p2a: Weezing|Strange Steam|p1a: Gurdurr\n|-supereffective|p1a: Gurdurr\n|-damage|p1a: Gurdurr|0 fnt\n|faint|p1a: Gurdurr\n|\n|-heal|p2a: Weezing|94\/100|[from] item: Leftovers\n|upkeep\n|\n|t:|1700430513\n|switch|p1a: Iron Thorns|Iron Thorns, shiny|85\/100\n|turn|11\n|\n|t:|1700430522\n|-end|p2a: Weezing|ability: Neutralizing Gas\n|switch|p2a: Carbink|Carbink|100\/100\n|-damage|p2a: Carbink|88\/100|[from] Stealth Rock\n|move|p1a: Iron Thorns|Wild Charge|p2a: Carbink\n|-damage|p2a: Carbink|55\/100\n|-damage|p1a: Iron Thorns|78\/100|[from] Recoil\n|\n|upkeep\n|turn|12\n|\n|t:|1700430532\n|-end|p1a: Iron Thorns|Quark Drive|[silent]\n|switch|p1a: Sneasler|Sneasler, M, shiny|100\/100\n|move|p2a: Carbink|Trick Room|p2a: Carbink\n|-fieldstart|move: Trick Room|[of] p2a: Carbink\n|\n|upkeep\n|turn|13\n|\n|t:|1700430539\n|move|p2a: Carbink|Stealth Rock|p1a: Sneasler\n|-sidestart|p1: Facu177967|move: Stealth Rock\n|move|p1a: Sneasler|Swords Dance|p1a: Sneasler\n|-boost|p1a: Sneasler|atk|2\n|\n|upkeep\n|turn|14\n|\n|t:|1700430548\n|move|p2a: Carbink|Body Press|p1a: Sneasler\n|-resisted|p1a: Sneasler\n|-damage|p1a: Sneasler|79\/100\n|move|p1a: Sneasler|Dire Claw|p2a: Carbink\n|-damage|p2a: Carbink|0 fnt\n|faint|p2a: Carbink\n|\n|upkeep\n|\n|t:|1700430566\n|switch|p2a: Tinkaton|Tinkaton, F|100\/100\n|-damage|p2a: Tinkaton|94\/100|[from] Stealth Rock\n|turn|15\n|\n|t:|1700430576\n|-terastallize|p1a: Sneasler|Flying\n|move|p2a: Tinkaton|Gigaton Hammer|p1a: Sneasler\n|-damage|p1a: Sneasler|0 fnt\n|faint|p1a: Sneasler\n|\n|upkeep\n|\n|t:|1700430585\n|switch|p1a: Iron Thorns|Iron Thorns, shiny|78\/100\n|-damage|p1a: Iron Thorns|66\/100|[from] Stealth Rock\n|turn|16\n|\n|t:|1700430592\n|move|p2a: Tinkaton|Brick Break|p1a: Iron Thorns\n|-supereffective|p1a: Iron Thorns\n|-damage|p1a: Iron Thorns|29\/100\n|move|p1a: Iron Thorns|Earthquake|p2a: Tinkaton\n|-supereffective|p2a: Tinkaton\n|-damage|p2a: Tinkaton|19\/100\n|\n|-fieldend|move: Trick Room\n|upkeep\n|turn|17\n|\n|t:|1700430603\n|move|p1a: Iron Thorns|Earthquake|p2a: Tinkaton\n|-supereffective|p2a: Tinkaton\n|-damage|p2a: Tinkaton|0 fnt\n|faint|p2a: Tinkaton\n|\n|upkeep\n|inactive|edgypunishment has 120 seconds left.\n|\n|t:|1700430630\n|switch|p2a: Azumarill|Azumarill, M|100\/100\n|-damage|p2a: Azumarill|88\/100|[from] Stealth Rock\n|turn|18\n|\n|t:|1700430637\n|move|p2a: Azumarill|Aqua Jet|p1a: Iron Thorns\n|-supereffective|p1a: Iron Thorns\n|-damage|p1a: Iron Thorns|0 fnt\n|faint|p1a: Iron Thorns\n|-end|p1a: Iron Thorns|Quark Drive|[silent]\n|\n|win|edgypunishment\n|raw|Facu177967's rating: 1094 &rarr; <strong>1070<\/strong><br \/>(-24 for losing)\n|raw|edgypunishment's rating: 1094 &rarr; <strong>1120<\/strong><br \/>(+26 for winning)\n","uploadtime":1700430647,"views":9,"p1id":"facu177967","p2id":"edgypunishment","formatid":"gen9ou","rating":1070,"private":0,"password":""}