{"id":"gen9ou-1989720525","p1":"oopsitzfunkyy","p2":"mitsuumi","format":"[Gen 9] OU","log":"|j|\u2606oopsitzfunkyy\n|j|\u2606mitsuumi\n|t:|1699889946\n|gametype|singles\n|player|p1|oopsitzfunkyy|cynthia-gen4|1070\n|player|p2|mitsuumi|backersf|1054\n|teamsize|p1|6\n|teamsize|p2|6\n|gen|9\n|tier|[Gen 9] OU\n|rated|\n|rule|Sleep Clause Mod: Limit one foe put to sleep\n|rule|Species Clause: Limit one of each Pok\u00e9mon\n|rule|OHKO Clause: OHKO moves are banned\n|rule|Evasion Items Clause: Evasion items are banned\n|rule|Evasion Moves Clause: Evasion moves are banned\n|rule|Endless Battle Clause: Forcing endless battles is banned\n|rule|HP Percentage Mod: HP is shown in percentages\n|clearpoke\n|poke|p1|Samurott-Hisui, F|\n|poke|p1|Raichu-Alola, F|\n|poke|p1|Great Tusk|\n|poke|p1|Ogerpon-Wellspring, F|\n|poke|p1|Arcanine-Hisui, F|\n|poke|p1|Breloom, M|\n|poke|p2|Tinkaton, F|\n|poke|p2|Ceruledge, F|\n|poke|p2|Meowscarada, F|\n|poke|p2|Slither Wing|\n|poke|p2|Goodra, M|\n|poke|p2|Milotic, F|\n|teampreview\n|inactive|Battle timer is ON: inactive players will automatically lose when time's up. (requested by mitsuumi)\n|\n|t:|1699889959\n|start\n|switch|p1a: Samurott|Samurott-Hisui, F|100\/100\n|switch|p2a: Violet|Ceruledge, F|100\/100\n|turn|1\n|\n|t:|1699889965\n|move|p2a: Violet|Protect|p2a: Violet\n|-singleturn|p2a: Violet|Protect\n|move|p1a: Samurott|Ceaseless Edge|p2a: Violet\n|-activate|p2a: Violet|move: Protect\n|\n|upkeep\n|turn|2\n|\n|t:|1699889976\n|switch|p2a: Mary Jane|Meowscarada, F, shiny|100\/100\n|move|p1a: Samurott|Aqua Jet|p2a: Mary Jane\n|-resisted|p2a: Mary Jane\n|-damage|p2a: Mary Jane|84\/100\n|-damage|p1a: Samurott|91\/100|[from] item: Life Orb\n|\n|upkeep\n|turn|3\n|\n|t:|1699889998\n|switch|p1a: Great Tusk|Great Tusk|100\/100\n|move|p2a: Mary Jane|Flower Trick|p1a: Great Tusk\n|-supereffective|p1a: Great Tusk\n|-crit|p1a: Great Tusk\n|-damage|p1a: Great Tusk|47\/100\n|\n|upkeep\n|turn|4\n|\n|t:|1699890008\n|move|p2a: Mary Jane|Flower Trick|p1a: Great Tusk\n|-supereffective|p1a: Great Tusk\n|-crit|p1a: Great Tusk\n|-damage|p1a: Great Tusk|0 fnt\n|faint|p1a: Great Tusk\n|-end|p1a: Great Tusk|Protosynthesis|[silent]\n|\n|upkeep\n|\n|t:|1699890015\n|switch|p1a: Raichu|Raichu-Alola, F|100\/100\n|turn|5\n|\n|t:|1699890020\n|move|p1a: Raichu|Electric Terrain|p1a: Raichu\n|-fieldstart|move: Electric Terrain\n|move|p2a: Mary Jane|Knock Off|p1a: Raichu\n|-supereffective|p1a: Raichu\n|-enditem|p1a: Raichu|Focus Sash\n|-damage|p1a: Raichu|1\/100\n|\n|upkeep\n|turn|6\n|\n|t:|1699890030\n|move|p1a: Raichu|Psychic|p2a: Mary Jane\n|-immune|p2a: Mary Jane\n|move|p2a: Mary Jane|Knock Off|p1a: Raichu\n|-supereffective|p1a: Raichu\n|-damage|p1a: Raichu|0 fnt\n|faint|p1a: Raichu\n|\n|upkeep\n|\n|t:|1699890038\n|switch|p1a: Arcanine|Arcanine-Hisui, F|100\/100\n|turn|7\n|\n|t:|1699890043\n|move|p2a: Mary Jane|U-turn|p1a: Arcanine\n|-resisted|p1a: Arcanine\n|-damage|p1a: Arcanine|87\/100\n|\n|t:|1699890047\n|switch|p2a: Bella|Milotic, F|100\/100|[from] U-turn\n|move|p1a: Arcanine|Flame Charge|p2a: Bella\n|-resisted|p2a: Bella\n|-damage|p2a: Bella|85\/100\n|-boost|p1a: Arcanine|spe|1\n|\n|-heal|p2a: Bella|91\/100|[from] item: Leftovers\n|upkeep\n|turn|8\n|\n|t:|1699890060\n|switch|p1a: Ogerpon|Ogerpon-Wellspring, F|100\/100\n|move|p2a: Bella|Surf|p1a: Ogerpon\n|-immune|p1a: Ogerpon|[from] ability: Water Absorb\n|\n|-heal|p2a: Bella|97\/100|[from] item: Leftovers\n|upkeep\n|turn|9\n|\n|t:|1699890071\n|move|p1a: Ogerpon|Horn Leech|p2a: Bella\n|-supereffective|p2a: Bella\n|-damage|p2a: Bella|0 fnt\n|faint|p2a: Bella\n|\n|-fieldend|move: Electric Terrain\n|upkeep\n|\n|t:|1699890081\n|switch|p2a: Tangerine|Slither Wing|100\/100\n|-enditem|p2a: Tangerine|Booster Energy\n|-activate|p2a: Tangerine|ability: Protosynthesis|[fromitem]\n|-start|p2a: Tangerine|protosynthesisatk\n|turn|10\n|\n|t:|1699890100\n|move|p1a: Ogerpon|Horn Leech|p2a: Tangerine\n|-resisted|p2a: Tangerine\n|-damage|p2a: Tangerine|76\/100\n|move|p2a: Tangerine|Leech Life|p1a: Ogerpon\n|-supereffective|p1a: Ogerpon\n|-damage|p1a: Ogerpon|0 fnt\n|-heal|p2a: Tangerine|100\/100|[from] drain|[of] p1a: Ogerpon\n|faint|p1a: Ogerpon\n|\n|upkeep\n|\n|t:|1699890107\n|switch|p1a: Arcanine|Arcanine-Hisui, F|87\/100\n|turn|11\n|\n|t:|1699890126\n|move|p1a: Arcanine|Flame Charge|p2a: Tangerine\n|-supereffective|p2a: Tangerine\n|-damage|p2a: Tangerine|33\/100\n|-boost|p1a: Arcanine|spe|1\n|move|p2a: Tangerine|Brick Break|p1a: Arcanine\n|-supereffective|p1a: Arcanine\n|-damage|p1a: Arcanine|0 fnt\n|faint|p1a: Arcanine\n|\n|upkeep\n|\n|t:|1699890139\n|switch|p1a: Samurott|Samurott-Hisui, F|91\/100\n|turn|12\n|\n|t:|1699890143\n|move|p1a: Samurott|Ceaseless Edge|p2a: Tangerine\n|-resisted|p2a: Tangerine\n|-damage|p2a: Tangerine|3\/100\n|-sidestart|p2: mitsuumi|Spikes\n|-damage|p1a: Samurott|81\/100|[from] item: Life Orb\n|move|p2a: Tangerine|Leech Life|p1a: Samurott\n|-supereffective|p1a: Samurott\n|-damage|p1a: Samurott|0 fnt\n|-heal|p2a: Tangerine|45\/100|[from] drain|[of] p1a: Samurott\n|faint|p1a: Samurott\n|\n|upkeep\n|\n|t:|1699890150\n|switch|p1a: Breloom|Breloom, M|100\/100\n|turn|13\n|\n|t:|1699890154\n|move|p2a: Tangerine|Leech Life|p1a: Breloom\n|-damage|p1a: Breloom|33\/100\n|-heal|p2a: Tangerine|73\/100|[from] drain|[of] p1a: Breloom\n|move|p1a: Breloom|Swords Dance|p1a: Breloom\n|-boost|p1a: Breloom|atk|2\n|\n|upkeep\n|turn|14\n|\n|t:|1699890163\n|move|p1a: Breloom|Mach Punch|p2a: Tangerine\n|-resisted|p2a: Tangerine\n|-damage|p2a: Tangerine|35\/100\n|move|p2a: Tangerine|Leech Life|p1a: Breloom\n|-damage|p1a: Breloom|0 fnt\n|-heal|p2a: Tangerine|49\/100|[from] drain|[of] p1a: Breloom\n|faint|p1a: Breloom\n|\n|win|mitsuumi\n|raw|oopsitzfunkyy's rating: 1070 &rarr; <strong>1049<\/strong><br \/>(-21 for losing)\n|raw|mitsuumi's rating: 1054 &rarr; <strong>1087<\/strong><br \/>(+33 for winning)\n|l|\u2606oopsitzfunkyy\n|c|\u2606mitsuumi|gg\n","uploadtime":1699890175,"views":20,"p1id":"oopsitzfunkyy","p2id":"mitsuumi","formatid":"gen9ou","rating":1049,"private":0,"password":""}