{"id":"gen9ou-1994170468","p1":"standin on bidness","p2":"Loilipop","format":"[Gen 9] OU","log":"|j|\u2606standin on bidness\n|j|\u2606Loilipop\n|t:|1700414981\n|gametype|singles\n|player|p1|standin on bidness|101|1154\n|player|p2|Loilipop|nate|1161\n|teamsize|p1|6\n|teamsize|p2|6\n|gen|9\n|tier|[Gen 9] OU\n|rated|\n|rule|Sleep Clause Mod: Limit one foe put to sleep\n|rule|Species Clause: Limit one of each Pok\u00e9mon\n|rule|OHKO Clause: OHKO moves are banned\n|rule|Evasion Items Clause: Evasion items are banned\n|rule|Evasion Moves Clause: Evasion moves are banned\n|rule|Endless Battle Clause: Forcing endless battles is banned\n|rule|HP Percentage Mod: HP is shown in percentages\n|clearpoke\n|poke|p1|Infernape, M|\n|poke|p1|Torkoal, F|\n|poke|p1|Walking Wake|\n|poke|p1|Great Tusk|\n|poke|p1|Heatran, M|\n|poke|p1|Hatterene, F|\n|poke|p2|Grimmsnarl, M|\n|poke|p2|Manaphy|\n|poke|p2|Dragapult, F|\n|poke|p2|Kingambit, M|\n|poke|p2|Hatterene, F|\n|poke|p2|Dondozo, M|\n|teampreview\n|inactive|Battle timer is ON: inactive players will automatically lose when time's up. (requested by standin on bidness)\n|\n|t:|1700415025\n|start\n|switch|p1a: Torkoal|Torkoal, F|100\/100\n|switch|p2a: Grimmsnarl|Grimmsnarl, M|100\/100\n|-weather|SunnyDay|[from] ability: Drought|[of] p1a: Torkoal\n|turn|1\n|\n|t:|1700415037\n|move|p2a: Grimmsnarl|Light Screen|p2a: Grimmsnarl\n|-sidestart|p2: Loilipop|move: Light Screen\n|move|p1a: Torkoal|Stealth Rock|p2a: Grimmsnarl\n|-sidestart|p2: Loilipop|move: Stealth Rock\n|\n|-weather|SunnyDay|[upkeep]\n|upkeep\n|turn|2\n|\n|t:|1700415043\n|switch|p1a: Hatterene|Hatterene, F|100\/100\n|move|p2a: Grimmsnarl|Taunt|p1a: Hatterene\n|move|p1a: Hatterene|Taunt|p2a: Grimmsnarl|[from]ability: Magic Bounce\n|-start|p2a: Grimmsnarl|move: Taunt\n|\n|-weather|SunnyDay|[upkeep]\n|upkeep\n|turn|3\n|\n|t:|1700415055\n|switch|p2a: Dragapult|Dragapult, F|100\/100\n|-damage|p2a: Dragapult|88\/100|[from] Stealth Rock\n|move|p1a: Hatterene|Nuzzle|p2a: Dragapult\n|-resisted|p2a: Dragapult\n|-damage|p2a: Dragapult|86\/100\n|-status|p2a: Dragapult|par\n|-enditem|p2a: Dragapult|Lum Berry|[eat]\n|-curestatus|p2a: Dragapult|par|[msg]\n|\n|-weather|SunnyDay|[upkeep]\n|upkeep\n|turn|4\n|\n|t:|1700415070\n|switch|p1a: Walking Wake|Walking Wake|100\/100\n|-activate|p1a: Walking Wake|ability: Protosynthesis\n|-start|p1a: Walking Wake|protosynthesisspe\n|move|p2a: Dragapult|Phantom Force||[still]\n|-prepare|p2a: Dragapult|Phantom Force\n|\n|-weather|SunnyDay|[upkeep]\n|upkeep\n|turn|5\n|\n|t:|1700415079\n|-end|p1a: Walking Wake|Protosynthesis|[silent]\n|switch|p1a: Great Tusk|Great Tusk|100\/100\n|-activate|p1a: Great Tusk|ability: Protosynthesis\n|-start|p1a: Great Tusk|protosynthesisspe\n|move|p2a: Dragapult|Phantom Force|p1a: Great Tusk|[from]lockedmove\n|-damage|p1a: Great Tusk|72\/100\n|\n|-weather|SunnyDay|[upkeep]\n|-heal|p1a: Great Tusk|78\/100|[from] item: Leftovers\n|upkeep\n|turn|6\n|\n|t:|1700415090\n|move|p1a: Great Tusk|Ice Spinner|p2a: Dragapult\n|-supereffective|p2a: Dragapult\n|-damage|p2a: Dragapult|24\/100\n|move|p2a: Dragapult|Dragon Dance|p2a: Dragapult\n|-boost|p2a: Dragapult|atk|1\n|-boost|p2a: Dragapult|spe|1\n|\n|-weather|SunnyDay|[upkeep]\n|-heal|p1a: Great Tusk|84\/100|[from] item: Leftovers\n|upkeep\n|turn|7\n|\n|t:|1700415100\n|move|p2a: Dragapult|U-turn|p1a: Great Tusk\n|-resisted|p1a: Great Tusk\n|-damage|p1a: Great Tusk|74\/100\n|\n|t:|1700415105\n|switch|p2a: Grimmsnarl|Grimmsnarl, M|100\/100|[from] U-turn\n|-damage|p2a: Grimmsnarl|88\/100|[from] Stealth Rock\n|move|p1a: Great Tusk|Bulk Up|p1a: Great Tusk\n|-boost|p1a: Great Tusk|atk|1\n|-boost|p1a: Great Tusk|def|1\n|\n|-weather|SunnyDay|[upkeep]\n|-heal|p1a: Great Tusk|81\/100|[from] item: Leftovers\n|upkeep\n|turn|8\n|\n|t:|1700415117\n|move|p2a: Grimmsnarl|Reflect|p2a: Grimmsnarl\n|-sidestart|p2: Loilipop|Reflect\n|move|p1a: Great Tusk|Earthquake|p2a: Grimmsnarl\n|-damage|p2a: Grimmsnarl|51\/100\n|\n|-weather|none\n|-end|p1a: Great Tusk|Protosynthesis\n|-heal|p1a: Great Tusk|87\/100|[from] item: Leftovers\n|-sideend|p2: Loilipop|move: Light Screen\n|upkeep\n|turn|9\n|\n|t:|1700415127\n|move|p2a: Grimmsnarl|Parting Shot|p1a: Great Tusk\n|-unboost|p1a: Great Tusk|atk|1\n|-unboost|p1a: Great Tusk|spa|1\n|\n|t:|1700415132\n|switch|p2a: Manaphy|Manaphy|100\/100|[from] Parting Shot\n|-damage|p2a: Manaphy|88\/100|[from] Stealth Rock\n|move|p1a: Great Tusk|Earthquake|p2a: Manaphy\n|-damage|p2a: Manaphy|71\/100\n|\n|-heal|p1a: Great Tusk|93\/100|[from] item: Leftovers\n|upkeep\n|turn|10\n|\n|t:|1700415144\n|-end|p1a: Great Tusk|Protosynthesis|[silent]\n|switch|p1a: Torkoal|Torkoal, F|100\/100\n|-weather|SunnyDay|[from] ability: Drought|[of] p1a: Torkoal\n|move|p2a: Manaphy|Tail Glow|p2a: Manaphy\n|-boost|p2a: Manaphy|spa|3\n|\n|-weather|SunnyDay|[upkeep]\n|upkeep\n|turn|11\n|\n|t:|1700415153\n|move|p2a: Manaphy|Scald|p1a: Torkoal\n|-supereffective|p1a: Torkoal\n|-damage|p1a: Torkoal|0 fnt\n|faint|p1a: Torkoal\n|\n|-weather|SunnyDay|[upkeep]\n|upkeep\n|\n|t:|1700415163\n|switch|p1a: Walking Wake|Walking Wake|100\/100\n|-activate|p1a: Walking Wake|ability: Protosynthesis\n|-start|p1a: Walking Wake|protosynthesisspe\n|turn|12\n|\n|t:|1700415173\n|move|p1a: Walking Wake|Draco Meteor|p2a: Manaphy\n|-damage|p2a: Manaphy|0 fnt\n|-unboost|p1a: Walking Wake|spa|2\n|faint|p2a: Manaphy\n|\n|-weather|SunnyDay|[upkeep]\n|upkeep\n|\n|t:|1700415181\n|switch|p2a: Hatterene|Hatterene, F|100\/100\n|-damage|p2a: Hatterene|88\/100|[from] Stealth Rock\n|turn|13\n|\n|t:|1700415188\n|-end|p1a: Walking Wake|Protosynthesis|[silent]\n|switch|p1a: Hatterene|Hatterene, F|100\/100\n|move|p2a: Hatterene|Calm Mind|p2a: Hatterene\n|-boost|p2a: Hatterene|spa|1\n|-boost|p2a: Hatterene|spd|1\n|\n|-weather|SunnyDay|[upkeep]\n|-heal|p2a: Hatterene|94\/100|[from] item: Leftovers\n|upkeep\n|turn|14\n|\n|t:|1700415200\n|move|p1a: Hatterene|Nuzzle|p2a: Hatterene\n|-damage|p2a: Hatterene|93\/100\n|-status|p2a: Hatterene|par\n|cant|p2a: Hatterene|par\n|\n|-weather|SunnyDay|[upkeep]\n|-heal|p2a: Hatterene|99\/100 par|[from] item: Leftovers\n|upkeep\n|turn|15\n|\n|t:|1700415212\n|switch|p1a: Infernape|Infernape, M|100\/100\n|move|p2a: Hatterene|Calm Mind|p2a: Hatterene\n|-boost|p2a: Hatterene|spa|1\n|-boost|p2a: Hatterene|spd|1\n|\n|-weather|SunnyDay|[upkeep]\n|-heal|p2a: Hatterene|100\/100 par|[from] item: Leftovers\n|-sideend|p2: Loilipop|Reflect\n|upkeep\n|turn|16\n|\n|t:|1700415223\n|-terastallize|p1a: Infernape|Ground\n|move|p1a: Infernape|Fire Punch|p2a: Hatterene\n|-damage|p2a: Hatterene|53\/100 par\n|move|p2a: Hatterene|Psyshock|p1a: Infernape\n|-damage|p1a: Infernape|0 fnt\n|faint|p1a: Infernape\n|\n|-weather|SunnyDay|[upkeep]\n|-heal|p2a: Hatterene|59\/100 par|[from] item: Leftovers\n|upkeep\n|\n|t:|1700415228\n|switch|p1a: Hatterene|Hatterene, F|100\/100\n|turn|17\n|\n|t:|1700415237\n|move|p1a: Hatterene|Psychic|p2a: Hatterene\n|-resisted|p2a: Hatterene\n|-damage|p2a: Hatterene|49\/100 par\n|move|p2a: Hatterene|Draining Kiss|p1a: Hatterene\n|-damage|p1a: Hatterene|58\/100\n|-heal|p2a: Hatterene|81\/100 par|[from] drain|[of] p1a: Hatterene\n|-enditem|p1a: Hatterene|Eject Button\n|\n|t:|1700415242\n|switch|p1a: Heatran|Heatran, M|100\/100\n|-item|p1a: Heatran|Air Balloon\n|\n|-weather|none\n|-heal|p2a: Hatterene|87\/100 par|[from] item: Leftovers\n|upkeep\n|turn|18\n|\n|t:|1700415253\n|switch|p2a: Grimmsnarl|Grimmsnarl, M|51\/100\n|-damage|p2a: Grimmsnarl|38\/100|[from] Stealth Rock\n|move|p1a: Heatran|Flash Cannon|p2a: Grimmsnarl\n|-supereffective|p2a: Grimmsnarl\n|-damage|p2a: Grimmsnarl|0 fnt\n|faint|p2a: Grimmsnarl\n|\n|upkeep\n|\n|t:|1700415262\n|switch|p2a: Dragapult|Dragapult, F|24\/100\n|-damage|p2a: Dragapult|12\/100|[from] Stealth Rock\n|turn|19\n|\n|t:|1700415271\n|switch|p1a: Hatterene|Hatterene, F|58\/100\n|move|p2a: Dragapult|Phantom Force||[still]\n|-prepare|p2a: Dragapult|Phantom Force\n|\n|upkeep\n|turn|20\n|\n|t:|1700415277\n|switch|p1a: Great Tusk|Great Tusk|93\/100\n|move|p2a: Dragapult|Phantom Force|p1a: Great Tusk|[from]lockedmove\n|-damage|p1a: Great Tusk|63\/100\n|\n|-heal|p1a: Great Tusk|70\/100|[from] item: Leftovers\n|upkeep\n|turn|21\n|\n|t:|1700415287\n|move|p2a: Dragapult|Dragon Darts|p1a: Great Tusk\n|-damage|p1a: Great Tusk|55\/100\n|-anim|p2a: Dragapult|Dragon Darts|p1a: Great Tusk\n|-damage|p1a: Great Tusk|40\/100\n|move|p1a: Great Tusk|Bulk Up|p1a: Great Tusk\n|-boost|p1a: Great Tusk|atk|1\n|-boost|p1a: Great Tusk|def|1\n|\n|-heal|p1a: Great Tusk|46\/100|[from] item: Leftovers\n|upkeep\n|turn|22\n|\n|t:|1700415300\n|move|p2a: Dragapult|Dragon Dance|p2a: Dragapult\n|-boost|p2a: Dragapult|atk|1\n|-boost|p2a: Dragapult|spe|1\n|move|p1a: Great Tusk|Earthquake|p2a: Dragapult\n|-damage|p2a: Dragapult|0 fnt\n|faint|p2a: Dragapult\n|\n|-heal|p1a: Great Tusk|52\/100|[from] item: Leftovers\n|upkeep\n|\n|t:|1700415311\n|switch|p2a: Dondozo|Dondozo, M|100\/100\n|-damage|p2a: Dondozo|88\/100|[from] Stealth Rock\n|turn|23\n|\n|t:|1700415332\n|move|p1a: Great Tusk|Earthquake|p2a: Dondozo\n|-damage|p2a: Dondozo|67\/100\n|move|p2a: Dondozo|Curse|p2a: Dondozo\n|-unboost|p2a: Dondozo|spe|1\n|-boost|p2a: Dondozo|atk|1\n|-boost|p2a: Dondozo|def|1\n|\n|-heal|p1a: Great Tusk|59\/100|[from] item: Leftovers\n|-heal|p2a: Dondozo|73\/100|[from] item: Leftovers\n|upkeep\n|turn|24\n|\n|t:|1700415352\n|-end|p1a: Great Tusk|Protosynthesis|[silent]\n|switch|p1a: Walking Wake|Walking Wake|100\/100\n|move|p2a: Dondozo|Liquidation|p1a: Walking Wake\n|-resisted|p1a: Walking Wake\n|-damage|p1a: Walking Wake|89\/100\n|\n|-heal|p2a: Dondozo|79\/100|[from] item: Leftovers\n|upkeep\n|turn|25\n|\n|t:|1700415362\n|switch|p2a: Hatterene|Hatterene, F|87\/100 par\n|-damage|p2a: Hatterene|74\/100 par|[from] Stealth Rock\n|move|p1a: Walking Wake|Draco Meteor|p2a: Hatterene\n|-immune|p2a: Hatterene\n|\n|-heal|p2a: Hatterene|80\/100 par|[from] item: Leftovers\n|upkeep\n|turn|26\n|\n|t:|1700415375\n|-end|p1a: Walking Wake|Protosynthesis|[silent]\n|switch|p1a: Heatran|Heatran, M|100\/100\n|-item|p1a: Heatran|Air Balloon\n|move|p2a: Hatterene|Draining Kiss|p1a: Heatran\n|-resisted|p1a: Heatran\n|-damage|p1a: Heatran|95\/100\n|-heal|p2a: Hatterene|84\/100 par|[from] drain|[of] p1a: Heatran\n|-enditem|p1a: Heatran|Air Balloon\n|\n|-heal|p2a: Hatterene|90\/100 par|[from] item: Leftovers\n|upkeep\n|turn|27\n|\n|t:|1700415389\n|switch|p2a: Dondozo|Dondozo, M|79\/100\n|-damage|p2a: Dondozo|67\/100|[from] Stealth Rock\n|move|p1a: Heatran|Flash Cannon|p2a: Dondozo\n|-resisted|p2a: Dondozo\n|-damage|p2a: Dondozo|48\/100\n|-unboost|p2a: Dondozo|spd|1\n|\n|-heal|p2a: Dondozo|54\/100|[from] item: Leftovers\n|upkeep\n|turn|28\n|\n|t:|1700415401\n|move|p1a: Heatran|Taunt|p2a: Dondozo\n|-start|p2a: Dondozo|move: Taunt\n|cant|p2a: Dondozo|move: Taunt|Rest\n|\n|-heal|p2a: Dondozo|60\/100|[from] item: Leftovers\n|upkeep\n|turn|29\n|\n|t:|1700415408\n|move|p1a: Heatran|Earth Power|p2a: Dondozo\n|-damage|p2a: Dondozo|13\/100\n|-unboost|p2a: Dondozo|spd|1\n|move|p2a: Dondozo|Body Press|p1a: Heatran\n|-supereffective|p1a: Heatran\n|-damage|p1a: Heatran|37\/100\n|\n|-heal|p2a: Dondozo|19\/100|[from] item: Leftovers\n|upkeep\n|turn|30\n|\n|t:|1700415420\n|move|p1a: Heatran|Earth Power|p2a: Dondozo\n|-crit|p2a: Dondozo\n|-damage|p2a: Dondozo|0 fnt\n|faint|p2a: Dondozo\n|\n|upkeep\n|\n|t:|1700415426\n|switch|p2a: Hatterene|Hatterene, F|90\/100 par\n|-damage|p2a: Hatterene|78\/100 par|[from] Stealth Rock\n|turn|31\n|\n|t:|1700415433\n|move|p1a: Heatran|Flash Cannon|p2a: Hatterene\n|-supereffective|p2a: Hatterene\n|-damage|p2a: Hatterene|0 fnt\n|faint|p2a: Hatterene\n|\n|upkeep\n|\n|t:|1700415438\n|switch|p2a: Kingambit|Kingambit, M|100\/100\n|-damage|p2a: Kingambit|94\/100|[from] Stealth Rock\n|-activate|p2a: Kingambit|ability: Supreme Overlord\n|-start|p2a: Kingambit|fallen5|[silent]\n|turn|32\n|\n|t:|1700415457\n|-terastallize|p2a: Kingambit|Dark\n|move|p1a: Heatran|Taunt|p2a: Kingambit\n|-start|p2a: Kingambit|move: Taunt\n|move|p2a: Kingambit|Kowtow Cleave|p1a: Heatran\n|-damage|p1a: Heatran|0 fnt\n|faint|p1a: Heatran\n|\n|-heal|p2a: Kingambit|100\/100|[from] item: Leftovers\n|upkeep\n|\n|t:|1700415470\n|switch|p1a: Hatterene|Hatterene, F|58\/100\n|turn|33\n|\n|t:|1700415476\n|move|p2a: Kingambit|Sucker Punch|p1a: Hatterene\n|-damage|p1a: Hatterene|0 fnt\n|faint|p1a: Hatterene\n|\n|upkeep\n|\n|t:|1700415478\n|switch|p1a: Great Tusk|Great Tusk|59\/100\n|turn|34\n|\n|t:|1700415484\n|move|p1a: Great Tusk|Earthquake|p2a: Kingambit\n|-damage|p2a: Kingambit|70\/100\n|move|p2a: Kingambit|Iron Head|p1a: Great Tusk\n|-damage|p1a: Great Tusk|13\/100\n|\n|-heal|p1a: Great Tusk|19\/100|[from] item: Leftovers\n|-heal|p2a: Kingambit|76\/100|[from] item: Leftovers\n|-end|p2a: Kingambit|move: Taunt\n|upkeep\n|turn|35\n|\n|t:|1700415495\n|move|p1a: Great Tusk|Bulk Up|p1a: Great Tusk\n|-boost|p1a: Great Tusk|atk|1\n|-boost|p1a: Great Tusk|def|1\n|move|p2a: Kingambit|Swords Dance|p2a: Kingambit\n|-boost|p2a: Kingambit|atk|2\n|\n|-heal|p1a: Great Tusk|25\/100|[from] item: Leftovers\n|-heal|p2a: Kingambit|82\/100|[from] item: Leftovers\n|upkeep\n|turn|36\n|\n|t:|1700415506\n|move|p1a: Great Tusk|Bulk Up|p1a: Great Tusk\n|-boost|p1a: Great Tusk|atk|1\n|-boost|p1a: Great Tusk|def|1\n|move|p2a: Kingambit|Iron Head|p1a: Great Tusk\n|-damage|p1a: Great Tusk|0 fnt\n|faint|p1a: Great Tusk\n|-end|p1a: Great Tusk|Protosynthesis|[silent]\n|\n|-heal|p2a: Kingambit|88\/100|[from] item: Leftovers\n|upkeep\n|\n|t:|1700415510\n|switch|p1a: Walking Wake|Walking Wake|89\/100\n|turn|37\n|\n|t:|1700415519\n|move|p2a: Kingambit|Sucker Punch|p1a: Walking Wake\n|-crit|p1a: Walking Wake\n|-damage|p1a: Walking Wake|0 fnt\n|faint|p1a: Walking Wake\n|-end|p1a: Walking Wake|Protosynthesis|[silent]\n|\n|win|Loilipop\n|raw|standin on bidness's rating: 1154 &rarr; <strong>1130<\/strong><br \/>(-24 for losing)\n|raw|Loilipop's rating: 1161 &rarr; <strong>1185<\/strong><br \/>(+24 for winning)\n","uploadtime":1700415523,"views":21,"p1id":"standinonbidness","p2id":"loilipop","formatid":"gen9ou","rating":1130,"private":0,"password":""}