{"id":"gen9ou-1994495149","p1":"juloan","p2":"bo552","format":"[Gen 9] OU","log":"|j|\u2606juloan\n|j|\u2606bo552\n|t:|1700450617\n|gametype|singles\n|player|p1|juloan|169|1433\n|player|p2|bo552|artist-gen4|1363\n|teamsize|p1|6\n|teamsize|p2|6\n|gen|9\n|tier|[Gen 9] OU\n|rated|\n|rule|Sleep Clause Mod: Limit one foe put to sleep\n|rule|Species Clause: Limit one of each Pok\u00e9mon\n|rule|OHKO Clause: OHKO moves are banned\n|rule|Evasion Items Clause: Evasion items are banned\n|rule|Evasion Moves Clause: Evasion moves are banned\n|rule|Endless Battle Clause: Forcing endless battles is banned\n|rule|HP Percentage Mod: HP is shown in percentages\n|clearpoke\n|poke|p1|Zapdos|\n|poke|p1|Polteageist|\n|poke|p1|Slowking-Galar, M|\n|poke|p1|Great Tusk|\n|poke|p1|Ninetales-Alola, M|\n|poke|p1|Walking Wake|\n|poke|p2|Rillaboom, M|\n|poke|p2|Hawlucha, M|\n|poke|p2|Heatran, M|\n|poke|p2|Corviknight, M|\n|poke|p2|Enamorus, F|\n|poke|p2|Ogerpon-Wellspring, F|\n|teampreview\n|inactive|Battle timer is ON: inactive players will automatically lose when time's up. (requested by juloan)\n|\n|t:|1700450628\n|start\n|switch|p1a: Zapdos|Zapdos|100\/100\n|switch|p2a: Miralis|Heatran, M|100\/100\n|turn|1\n|\n|t:|1700450636\n|move|p1a: Zapdos|Thunderbolt|p2a: Miralis\n|-damage|p2a: Miralis|69\/100\n|move|p2a: Miralis|Stealth Rock|p1a: Zapdos\n|-sidestart|p1: juloan|move: Stealth Rock\n|\n|upkeep\n|turn|2\n|\n|t:|1700450644\n|move|p1a: Zapdos|Thunderbolt|p2a: Miralis\n|-damage|p2a: Miralis|34\/100\n|move|p2a: Miralis|Will-O-Wisp|p1a: Zapdos\n|-status|p1a: Zapdos|brn\n|\n|-damage|p1a: Zapdos|94\/100 brn|[from] brn\n|upkeep\n|turn|3\n|\n|t:|1700450653\n|switch|p2a: Gordo|Rillaboom, M|100\/100\n|-fieldstart|move: Grassy Terrain|[from] ability: Grassy Surge|[of] p2a: Gordo\n|move|p1a: Zapdos|Thunderbolt|p2a: Gordo\n|-resisted|p2a: Gordo\n|-crit|p2a: Gordo\n|-damage|p2a: Gordo|28\/100\n|\n|-heal|p2a: Gordo|34\/100|[from] Grassy Terrain\n|-damage|p1a: Zapdos|88\/100 brn|[from] brn\n|upkeep\n|turn|4\n|\n|t:|1700450671\n|switch|p2a: Gawain|Corviknight, M, shiny|100\/100\n|-ability|p2a: Gawain|Pressure\n|move|p1a: Zapdos|Thunderbolt|p2a: Gawain\n|-supereffective|p2a: Gawain\n|-damage|p2a: Gawain|0 fnt\n|faint|p2a: Gawain\n|\n|-damage|p1a: Zapdos|82\/100 brn|[from] brn\n|upkeep\n|\n|t:|1700450681\n|switch|p2a: Iustinus|Ogerpon-Wellspring, F|100\/100\n|turn|5\n|\n|t:|1700450685\n|move|p2a: Iustinus|Swords Dance|p2a: Iustinus\n|-boost|p2a: Iustinus|atk|2\n|move|p1a: Zapdos|Thunderbolt|p2a: Iustinus\n|-damage|p2a: Iustinus|1\/100\n|\n|-heal|p2a: Iustinus|7\/100|[from] Grassy Terrain\n|-damage|p1a: Zapdos|76\/100 brn|[from] brn\n|upkeep\n|turn|6\n|\n|t:|1700450704\n|move|p2a: Iustinus|Ivy Cudgel|p1a: Zapdos|[anim] Ivy Cudgel Water\n|-damage|p1a: Zapdos|0 fnt\n|faint|p1a: Zapdos\n|\n|-heal|p2a: Iustinus|13\/100|[from] Grassy Terrain\n|upkeep\n|\n|t:|1700450719\n|switch|p1a: Slowking|Slowking-Galar, M|100\/100\n|-damage|p1a: Slowking|88\/100|[from] Stealth Rock\n|turn|7\n|\n|t:|1700450730\n|move|p2a: Iustinus|Ivy Cudgel|p1a: Slowking|[anim] Ivy Cudgel Water\n|-damage|p1a: Slowking|0 fnt\n|faint|p1a: Slowking\n|\n|-heal|p2a: Iustinus|19\/100|[from] Grassy Terrain\n|-fieldend|move: Grassy Terrain\n|upkeep\n|\n|t:|1700450740\n|switch|p1a: Walking Wake|Walking Wake|100\/100\n|-damage|p1a: Walking Wake|88\/100|[from] Stealth Rock\n|turn|8\n|\n|t:|1700450745\n|move|p2a: Iustinus|Horn Leech|p1a: Walking Wake\n|-damage|p1a: Walking Wake|0 fnt\n|-heal|p2a: Iustinus|69\/100|[from] drain|[of] p1a: Walking Wake\n|faint|p1a: Walking Wake\n|-end|p1a: Walking Wake|Protosynthesis|[silent]\n|\n|upkeep\n|\n|t:|1700450759\n|switch|p1a: Ninetales|Ninetales-Alola, M|100\/100\n|-damage|p1a: Ninetales|75\/100|[from] Stealth Rock\n|-weather|Snow|[from] ability: Snow Warning|[of] p1a: Ninetales\n|turn|9\n|\n|t:|1700450769\n|move|p2a: Iustinus|Ivy Cudgel|p1a: Ninetales|[anim] Ivy Cudgel Water\n|-damage|p1a: Ninetales|0 fnt\n|faint|p1a: Ninetales\n|\n|-weather|Snow|[upkeep]\n|upkeep\n|-message|juloan forfeited.\n|\n|win|bo552\n|raw|juloan's rating: 1433 &rarr; <strong>1409<\/strong><br \/>(-24 for losing)\n|raw|bo552's rating: 1363 &rarr; <strong>1387<\/strong><br \/>(+24 for winning)\n|l|\u2606juloan\n","uploadtime":1700450789,"views":13,"p1id":"juloan","p2id":"bo552","formatid":"gen9ou","rating":1387,"private":0,"password":""}