{"id":"gen9ou-1994966445","p1":"andookie","p2":"AlephTheGreat","format":"[Gen 9] OU","log":"|j|\u2606andookie\n|j|\u2606AlephTheGreat\n|t:|1700508808\n|gametype|singles\n|player|p1|andookie|red|1134\n|player|p2|AlephTheGreat|266|1109\n|teamsize|p1|6\n|teamsize|p2|6\n|gen|9\n|tier|[Gen 9] OU\n|rated|\n|rule|Sleep Clause Mod: Limit one foe put to sleep\n|rule|Species Clause: Limit one of each Pok\u00e9mon\n|rule|OHKO Clause: OHKO moves are banned\n|rule|Evasion Items Clause: Evasion items are banned\n|rule|Evasion Moves Clause: Evasion moves are banned\n|rule|Endless Battle Clause: Forcing endless battles is banned\n|rule|HP Percentage Mod: HP is shown in percentages\n|clearpoke\n|poke|p1|Landorus-Therian, M|\n|poke|p1|Rotom-Wash|\n|poke|p1|Toxapex, M|\n|poke|p1|Dragonite, M|\n|poke|p1|Corviknight, M|\n|poke|p1|Sylveon, F|\n|poke|p2|Alomomola, F|\n|poke|p2|Slowking-Galar, F|\n|poke|p2|Kingambit, F|\n|poke|p2|Great Tusk|\n|poke|p2|Cinderace, F|\n|poke|p2|Thundurus-Therian, M|\n|teampreview\n|inactive|Battle timer is ON: inactive players will automatically lose when time's up. (requested by AlephTheGreat)\n|\n|t:|1700508823\n|start\n|switch|p1a: Landorus|Landorus-Therian, M|100\/100\n|switch|p2a: the king is dead|Slowking-Galar, F|100\/100\n|-ability|p1a: Landorus|Intimidate|boost\n|-unboost|p2a: the king is dead|atk|1\n|turn|1\n|\n|t:|1700508838\n|switch|p2a: Angry bird|Thundurus-Therian, M|100\/100\n|move|p1a: Landorus|Earthquake|p2a: Angry bird\n|-immune|p2a: Angry bird\n|\n|upkeep\n|turn|2\n|\n|t:|1700508846\n|switch|p1a: Tom|Rotom-Wash|100\/100\n|move|p2a: Angry bird|Knock Off|p1a: Tom\n|-damage|p1a: Tom|76\/100\n|-enditem|p1a: Tom|Choice Scarf|[from] move: Knock Off|[of] p2a: Angry bird\n|\n|upkeep\n|turn|3\n|\n|t:|1700508857\n|switch|p2a: Who named this?|Great Tusk|100\/100\n|move|p1a: Tom|Trick|p2a: Who named this?\n|-activate|p1a: Tom|move: Trick|[of] p2a: Who named this?\n|-enditem|p2a: Who named this?|Rocky Helmet|[silent]|[from] move: Trick\n|-item|p1a: Tom|Rocky Helmet|[from] move: Trick\n|\n|upkeep\n|turn|4\n|\n|t:|1700508871\n|move|p2a: Who named this?|Stealth Rock|p1a: Tom\n|-sidestart|p1: andookie|move: Stealth Rock\n|move|p1a: Tom|Hydro Pump|p2a: Who named this?\n|-supereffective|p2a: Who named this?\n|-damage|p2a: Who named this?|0 fnt\n|faint|p2a: Who named this?\n|-end|p2a: Who named this?|Protosynthesis|[silent]\n|\n|upkeep\n|\n|t:|1700508890\n|switch|p2a: the king is dead|Slowking-Galar, F|100\/100\n|turn|5\n|\n|t:|1700508900\n|move|p1a: Tom|Volt Switch|p2a: the king is dead\n|-damage|p2a: the king is dead|82\/100\n|\n|t:|1700508910\n|switch|p1a: Landorus|Landorus-Therian, M|100\/100|[from] Volt Switch\n|-damage|p1a: Landorus|88\/100|[from] Stealth Rock\n|-ability|p1a: Landorus|Intimidate|boost\n|-unboost|p2a: the king is dead|atk|1\n|move|p2a: the king is dead|Future Sight|p1a: Landorus\n|-start|p2a: the king is dead|move: Future Sight\n|\n|upkeep\n|turn|6\n|\n|t:|1700508918\n|switch|p2a: MyDepression|Alomomola, F|100\/100\n|move|p1a: Landorus|U-turn|p2a: MyDepression\n|-damage|p2a: MyDepression|86\/100\n|-enditem|p2a: MyDepression|Red Card|[of] p1a: Landorus\n|drag|p1a: Tom|Rotom-Wash|76\/100\n|-damage|p1a: Tom|64\/100|[from] Stealth Rock\n|\n|upkeep\n|turn|7\n|\n|t:|1700508933\n|switch|p2a: the king is dead|Slowking-Galar, F|100\/100\n|move|p1a: Tom|Volt Switch|p2a: the king is dead\n|-damage|p2a: the king is dead|81\/100\n|\n|t:|1700508946\n|switch|p1a: Landorus|Landorus-Therian, M|88\/100|[from] Volt Switch\n|-damage|p1a: Landorus|76\/100|[from] Stealth Rock\n|-ability|p1a: Landorus|Intimidate|boost\n|-unboost|p2a: the king is dead|atk|1\n|\n|-end|p1a: Landorus|move: Future Sight\n|-damage|p1a: Landorus|13\/100\n|upkeep\n|turn|8\n|\n|t:|1700508959\n|switch|p1a: Sylveon|Sylveon, F, shiny|100\/100\n|-damage|p1a: Sylveon|88\/100|[from] Stealth Rock\n|switch|p2a: MyDepression|Alomomola, F|100\/100\n|\n|-heal|p1a: Sylveon|94\/100|[from] item: Leftovers\n|upkeep\n|turn|9\n|\n|t:|1700508968\n|move|p1a: Sylveon|Yawn|p2a: MyDepression\n|-start|p2a: MyDepression|move: Yawn|[of] p1a: Sylveon\n|move|p2a: MyDepression|Flip Turn|p1a: Sylveon\n|-damage|p1a: Sylveon|79\/100\n|\n|t:|1700508990\n|switch|p2a: Angry bird|Thundurus-Therian, M|100\/100|[from] Flip Turn\n|\n|-heal|p1a: Sylveon|86\/100|[from] item: Leftovers\n|upkeep\n|turn|10\n|\n|t:|1700508996\n|move|p2a: Angry bird|Volt Switch|p1a: Sylveon\n|-damage|p1a: Sylveon|43\/100\n|\n|t:|1700509004\n|switch|p2a: the king is dead|Slowking-Galar, F|100\/100|[from] Volt Switch\n|move|p1a: Sylveon|Yawn|p2a: the king is dead\n|-start|p2a: the king is dead|move: Yawn|[of] p1a: Sylveon\n|\n|-heal|p1a: Sylveon|49\/100|[from] item: Leftovers\n|upkeep\n|turn|11\n|\n|t:|1700509013\n|move|p1a: Sylveon|Protect|p1a: Sylveon\n|-singleturn|p1a: Sylveon|Protect\n|move|p2a: the king is dead|Chilly Reception|p2a: the king is dead\n|-weather|Snow\n|\n|t:|1700509026\n|switch|p2a: Cringe starter|Cinderace, F|100\/100|[from] Chilly Reception\n|\n|-weather|Snow|[upkeep]\n|-heal|p1a: Sylveon|55\/100|[from] item: Leftovers\n|upkeep\n|turn|12\n|\n|t:|1700509033\n|switch|p1a: The Wall|Toxapex, M, shiny|100\/100\n|-damage|p1a: The Wall|88\/100|[from] Stealth Rock\n|move|p2a: Cringe starter|Pyro Ball|p1a: The Wall|[miss]\n|-miss|p2a: Cringe starter|p1a: The Wall\n|\n|-weather|Snow|[upkeep]\n|-heal|p1a: The Wall|94\/100|[from] item: Black Sludge\n|upkeep\n|turn|13\n|\n|t:|1700509043\n|switch|p1a: Corviknight|Corviknight, M, shiny|100\/100\n|-damage|p1a: Corviknight|88\/100|[from] Stealth Rock\n|move|p2a: Cringe starter|U-turn|p1a: Corviknight\n|-start|p2a: Cringe starter|typechange|Bug|[from] ability: Libero\n|-resisted|p1a: Corviknight\n|-damage|p1a: Corviknight|82\/100\n|-damage|p2a: Cringe starter|84\/100|[from] item: Rocky Helmet|[of] p1a: Corviknight\n|c|\u2606andookie|learn to make your own team you chump\n|\n|t:|1700509057\n|switch|p2a: Angry bird|Thundurus-Therian, M|100\/100|[from] U-turn\n|\n|-weather|Snow|[upkeep]\n|upkeep\n|turn|14\n|c|\u2606AlephTheGreat|bruh let me learn the game in peace\n|\n|t:|1700509071\n|switch|p1a: Tom|Rotom-Wash|64\/100\n|-damage|p1a: Tom|51\/100|[from] Stealth Rock\n|move|p2a: Angry bird|Knock Off|p1a: Tom\n|-damage|p1a: Tom|27\/100\n|-damage|p2a: Angry bird|84\/100|[from] item: Rocky Helmet|[of] p1a: Tom\n|-enditem|p1a: Tom|Rocky Helmet|[from] move: Knock Off|[of] p2a: Angry bird\n|\n|-weather|Snow|[upkeep]\n|upkeep\n|turn|15\n|c|\u2606andookie|boring as hell playing some broken team somebody actaulyl good at the game made\n|\n|t:|1700509099\n|switch|p2a: the king is dead|Slowking-Galar, F|100\/100\n|move|p1a: Tom|Trick|p2a: the king is dead\n|-activate|p1a: Tom|move: Trick|[of] p2a: the king is dead\n|-enditem|p2a: the king is dead|Heavy-Duty Boots|[silent]|[from] move: Trick\n|-item|p1a: Tom|Heavy-Duty Boots|[from] move: Trick\n|\n|-weather|none\n|upkeep\n|turn|16\n|\n|t:|1700509113\n|move|p1a: Tom|Volt Switch|p2a: the king is dead\n|-damage|p2a: the king is dead|81\/100\n|\n|t:|1700509118\n|switch|p1a: Corviknight|Corviknight, M, shiny|82\/100|[from] Volt Switch\n|-damage|p1a: Corviknight|70\/100|[from] Stealth Rock\n|move|p2a: the king is dead|Future Sight|p1a: Corviknight\n|-start|p2a: the king is dead|move: Future Sight\n|\n|upkeep\n|turn|17\n|\n|t:|1700509128\n|move|p1a: Corviknight|Defog|p2a: the king is dead\n|-unboost|p2a: the king is dead|evasion|1\n|-sideend|p1: andookie|Stealth Rock|[from] move: Defog|[of] p1a: Corviknight\n|move|p2a: the king is dead|Chilly Reception|p2a: the king is dead\n|-weather|Snow\n|\n|t:|1700509140\n|switch|p2a: Cringe starter|Cinderace, F|84\/100|[from] Chilly Reception\n|\n|-weather|Snow|[upkeep]\n|upkeep\n|turn|18\n|\n|t:|1700509148\n|move|p2a: Cringe starter|Pyro Ball|p1a: Corviknight\n|-supereffective|p1a: Corviknight\n|-damage|p1a: Corviknight|0 fnt\n|faint|p1a: Corviknight\n|\n|-weather|Snow|[upkeep]\n|-hint|Future Sight did not hit because the target is fainted.\n|upkeep\n|\n|t:|1700509150\n|switch|p1a: Sylveon|Sylveon, F, shiny|55\/100\n|turn|19\n|\n|t:|1700509157\n|move|p1a: Sylveon|Protect|p1a: Sylveon\n|-singleturn|p1a: Sylveon|Protect\n|move|p2a: Cringe starter|U-turn|p1a: Sylveon\n|-start|p2a: Cringe starter|typechange|Bug|[from] ability: Libero\n|-activate|p1a: Sylveon|move: Protect\n|\n|-weather|Snow|[upkeep]\n|-heal|p1a: Sylveon|61\/100|[from] item: Leftovers\n|upkeep\n|turn|20\n|\n|t:|1700509165\n|move|p2a: Cringe starter|U-turn|p1a: Sylveon\n|-resisted|p1a: Sylveon\n|-damage|p1a: Sylveon|46\/100\n|\n|t:|1700509173\n|switch|p2a: the king is dead|Slowking-Galar, F|100\/100|[from] U-turn\n|move|p1a: Sylveon|Wish|p1a: Sylveon\n|\n|-weather|Snow|[upkeep]\n|-heal|p1a: Sylveon|53\/100|[from] item: Leftovers\n|upkeep\n|turn|21\n|\n|t:|1700509183\n|switch|p1a: Landorus|Landorus-Therian, M|13\/100\n|-ability|p1a: Landorus|Intimidate|boost\n|-unboost|p2a: the king is dead|atk|1\n|move|p2a: the king is dead|Future Sight|p1a: Landorus\n|-start|p2a: the king is dead|move: Future Sight\n|\n|-weather|none\n|-heal|p1a: Landorus|75\/100|[from] move: Wish|[wisher] Sylveon\n|upkeep\n|turn|22\n|\n|t:|1700509200\n|switch|p2a: MyDepression|Alomomola, F|100\/100\n|move|p1a: Landorus|Rock Slide|p2a: MyDepression\n|-damage|p2a: MyDepression|86\/100\n|\n|upkeep\n|turn|23\n|\n|t:|1700509214\n|switch|p1a: Sylveon|Sylveon, F, shiny|53\/100\n|move|p2a: MyDepression|Flip Turn|p1a: Sylveon\n|-damage|p1a: Sylveon|39\/100\n|\n|t:|1700509221\n|switch|p2a: the king is dead|Slowking-Galar, F|100\/100|[from] Flip Turn\n|\n|-end|p1a: Sylveon|move: Future Sight\n|-damage|p1a: Sylveon|10\/100\n|-heal|p1a: Sylveon|16\/100|[from] item: Leftovers\n|upkeep\n|turn|24\n|\n|t:|1700509239\n|move|p1a: Sylveon|Protect|p1a: Sylveon\n|-singleturn|p1a: Sylveon|Protect\n|move|p2a: the king is dead|Ice Beam|p1a: Sylveon\n|-activate|p1a: Sylveon|move: Protect\n|\n|-heal|p1a: Sylveon|22\/100|[from] item: Leftovers\n|upkeep\n|turn|25\n|\n|t:|1700509247\n|move|p1a: Sylveon|Wish|p1a: Sylveon\n|move|p2a: the king is dead|Ice Beam|p1a: Sylveon\n|-damage|p1a: Sylveon|7\/100\n|\n|-heal|p1a: Sylveon|13\/100|[from] item: Leftovers\n|upkeep\n|turn|26\n|c|\u2606AlephTheGreat|oh\n|\n|t:|1700509257\n|move|p1a: Sylveon|Protect|p1a: Sylveon\n|-singleturn|p1a: Sylveon|Protect\n|move|p2a: the king is dead|Chilly Reception|p2a: the king is dead\n|-weather|Snow\n|\n|t:|1700509270\n|switch|p2a: Cringe starter|Cinderace, F|84\/100|[from] Chilly Reception\n|\n|-weather|Snow|[upkeep]\n|-heal|p1a: Sylveon|63\/100|[from] move: Wish|[wisher] Sylveon\n|-heal|p1a: Sylveon|70\/100|[from] item: Leftovers\n|upkeep\n|turn|27\n|\n|t:|1700509283\n|switch|p1a: The Wall|Toxapex, M, shiny|100\/100\n|move|p2a: Cringe starter|U-turn|p1a: The Wall\n|-start|p2a: Cringe starter|typechange|Bug|[from] ability: Libero\n|-resisted|p1a: The Wall\n|-damage|p1a: The Wall|88\/100\n|\n|t:|1700509303\n|switch|p2a: Angry bird|Thundurus-Therian, M|84\/100|[from] U-turn\n|\n|-weather|Snow|[upkeep]\n|-heal|p1a: The Wall|95\/100|[from] item: Black Sludge\n|upkeep\n|turn|28\n|\n|t:|1700509310\n|switch|p1a: Landorus|Landorus-Therian, M|75\/100\n|-ability|p1a: Landorus|Intimidate|boost\n|-unboost|p2a: Angry bird|atk|1\n|move|p2a: Angry bird|Volt Switch|p1a: Landorus\n|-immune|p1a: Landorus\n|\n|-weather|Snow|[upkeep]\n|upkeep\n|turn|29\n|\n|t:|1700509320\n|switch|p2a: MyDepression|Alomomola, F|100\/100\n|move|p1a: Landorus|U-turn|p2a: MyDepression\n|-damage|p2a: MyDepression|87\/100\n|inactive|andookie has 120 seconds left.\n|\n|t:|1700509363\n|switch|p1a: Tom|Rotom-Wash|27\/100|[from] U-turn\n|\n|-weather|Snow|[upkeep]\n|upkeep\n|turn|30\n|inactive|andookie has 120 seconds left.\n|\n|t:|1700509374\n|switch|p2a: the king is dead|Slowking-Galar, F|100\/100\n|move|p1a: Tom|Volt Switch|p2a: the king is dead\n|-crit|p2a: the king is dead\n|-damage|p2a: the king is dead|69\/100\n|inactive|andookie has 120 seconds left.\n|\n|t:|1700509388\n|switch|p1a: Landorus|Landorus-Therian, M|75\/100|[from] Volt Switch\n|-ability|p1a: Landorus|Intimidate|boost\n|-unboost|p2a: the king is dead|atk|1\n|\n|-weather|none\n|upkeep\n|turn|31\n|\n|t:|1700509407\n|switch|p2a: MyDepression|Alomomola, F|100\/100\n|move|p1a: Landorus|U-turn|p2a: MyDepression\n|-damage|p2a: MyDepression|86\/100\n|\n|t:|1700509414\n|switch|p1a: Sylveon|Sylveon, F, shiny|70\/100|[from] U-turn\n|\n|-heal|p1a: Sylveon|76\/100|[from] item: Leftovers\n|upkeep\n|turn|32\n|\n|t:|1700509425\n|move|p1a: Sylveon|Wish|p1a: Sylveon\n|move|p2a: MyDepression|Flip Turn|p1a: Sylveon\n|-crit|p1a: Sylveon\n|-damage|p1a: Sylveon|53\/100\n|\n|t:|1700509444\n|switch|p2a: killed the king|Kingambit, F|100\/100|[from] Flip Turn\n|-activate|p2a: killed the king|ability: Supreme Overlord\n|-start|p2a: killed the king|fallen1|[silent]\n|\n|-heal|p1a: Sylveon|59\/100|[from] item: Leftovers\n|upkeep\n|turn|33\n|\n|t:|1700509460\n|switch|p1a: Landorus|Landorus-Therian, M|75\/100\n|-ability|p1a: Landorus|Intimidate|boost\n|-unboost|p2a: killed the king|atk|1\n|move|p2a: killed the king|Iron Head|p1a: Landorus\n|-crit|p1a: Landorus\n|-damage|p1a: Landorus|9\/100\n|\n|-heal|p1a: Landorus|70\/100|[from] move: Wish|[wisher] Sylveon\n|upkeep\n|turn|34\n|inactive|AlephTheGreat has 120 seconds left.\n|\n|t:|1700509476\n|-end|p2a: killed the king|fallen1|[silent]\n|switch|p2a: Angry bird|Thundurus-Therian, M|84\/100\n|move|p1a: Landorus|Earthquake|p2a: Angry bird\n|-immune|p2a: Angry bird\n|\n|upkeep\n|turn|35\n|inactive|AlephTheGreat has 120 seconds left.\n|inactive|andookie has 120 seconds left.\n|\n|t:|1700509523\n|switch|p1a: Tom|Rotom-Wash|27\/100\n|-terastallize|p2a: Angry bird|Flying\n|move|p2a: Angry bird|Tera Blast|p1a: Tom|[anim] Tera Blast Flying\n|-resisted|p1a: Tom\n|-damage|p1a: Tom|0 fnt\n|faint|p1a: Tom\n|\n|upkeep\n|\n|t:|1700509528\n|switch|p1a: Landorus|Landorus-Therian, M|70\/100\n|-ability|p1a: Landorus|Intimidate|boost\n|-unboost|p2a: Angry bird|atk|1\n|turn|36\n|\n|t:|1700509536\n|move|p1a: Landorus|Rock Slide|p2a: Angry bird\n|-supereffective|p2a: Angry bird\n|-damage|p2a: Angry bird|17\/100\n|cant|p2a: Angry bird|flinch\n|\n|upkeep\n|turn|37\n|c|\u2606AlephTheGreat|bruh moment\n|\n|t:|1700509548\n|switch|p2a: MyDepression|Alomomola, F|100\/100\n|move|p1a: Landorus|Rock Slide|p2a: MyDepression\n|-damage|p2a: MyDepression|87\/100\n|\n|upkeep\n|turn|38\n|inactive|andookie has 120 seconds left.\n|c|\u2606andookie|wouldnt have killed anyways\n|\n|t:|1700509578\n|switch|p1a: The Wall|Toxapex, M, shiny|100\/100\n|move|p2a: MyDepression|Wish|p2a: MyDepression\n|\n|upkeep\n|turn|39\n|inactive|andookie has 120 seconds left.\n|\n|t:|1700509586\n|move|p2a: MyDepression|Flip Turn|p1a: The Wall\n|-resisted|p1a: The Wall\n|-damage|p1a: The Wall|95\/100\n|c|\u2606AlephTheGreat|y u slow\n|\n|t:|1700509609\n|switch|p2a: Angry bird|Thundurus-Therian, M, tera:Flying|17\/100|[from] Flip Turn\n|move|p1a: The Wall|Toxic|p2a: Angry bird\n|-status|p2a: Angry bird|tox\n|\n|-heal|p2a: Angry bird|95\/100 tox|[from] move: Wish|[wisher] MyDepression\n|-heal|p1a: The Wall|100\/100|[from] item: Black Sludge\n|-damage|p2a: Angry bird|89\/100 tox|[from] psn\n|upkeep\n|turn|40\n|c|\u2606andookie|what a play\n|\n|t:|1700509622\n|switch|p1a: Landorus|Landorus-Therian, M|70\/100\n|-ability|p1a: Landorus|Intimidate|boost\n|-unboost|p2a: Angry bird|atk|1\n|move|p2a: Angry bird|Volt Switch|p1a: Landorus\n|-immune|p1a: Landorus\n|\n|-damage|p2a: Angry bird|77\/100 tox|[from] psn\n|upkeep\n|turn|41\n|c|\u2606andookie|two mons immune to toxic and you switch to that\n|inactive|andookie has 120 seconds left.\n|\n|t:|1700509660\n|switch|p2a: MyDepression|Alomomola, F|100\/100\n|move|p1a: Landorus|Rock Slide|p2a: MyDepression|[miss]\n|-miss|p1a: Landorus|p2a: MyDepression\n|\n|upkeep\n|turn|42\n|c|\u2606AlephTheGreat|wanted the wish heal\n|c|\u2606AlephTheGreat|doesnt stay in long enough for toxic to hurt much anyway\n|inactive|AlephTheGreat has 120 seconds left.\n|\n|t:|1700509683\n|switch|p1a: The Wall|Toxapex, M, shiny|100\/100\n|move|p2a: MyDepression|Wish|p2a: MyDepression\n|\n|upkeep\n|turn|43\n|inactive|AlephTheGreat has 120 seconds left.\n|\n|t:|1700509693\n|switch|p1a: Dragonite|Dragonite, M|100\/100\n|move|p2a: MyDepression|Flip Turn|p1a: Dragonite\n|-resisted|p1a: Dragonite\n|-damage|p1a: Dragonite|97\/100\n|inactive|AlephTheGreat has 120 seconds left.\n|\n|t:|1700509703\n|switch|p2a: Angry bird|Thundurus-Therian, M, tera:Flying|77\/100 tox|[from] Flip Turn\n|\n|-heal|p2a: Angry bird|100\/100 tox|[from] move: Wish|[wisher] MyDepression\n|-damage|p2a: Angry bird|94\/100 tox|[from] psn\n|upkeep\n|turn|44\n|\n|t:|1700509713\n|move|p2a: Angry bird|Tera Blast|p1a: Dragonite|[anim] Tera Blast Flying\n|-crit|p1a: Dragonite\n|-damage|p1a: Dragonite|0 fnt\n|faint|p1a: Dragonite\n|\n|-damage|p2a: Angry bird|82\/100 tox|[from] psn\n|upkeep\n|-message|andookie forfeited.\n|\n|win|AlephTheGreat\n|raw|andookie's rating: 1134 &rarr; <strong>1107<\/strong><br \/>(-27 for losing)\n|raw|AlephTheGreat's rating: 1109 &rarr; <strong>1136<\/strong><br \/>(+27 for winning)\n|l|\u2606andookie\n|j|\u2606andookie\n|player|p1|andookie|red\n|c|\u2606AlephTheGreat|nice\n|l|\u2606andookie\n|player|p1|\n","uploadtime":1700510043,"views":9,"p1id":"andookie","p2id":"alephthegreat","formatid":"gen9ou","rating":1107,"private":0,"password":""}