{"id":"gen9ou-1999475831","p1":"SpasDeUzi","p2":"big big M","format":"[Gen 9] OU","log":"|j|\u2606SpasDeUzi\n|j|\u2606big big M\n|t:|1701086269\n|gametype|singles\n|player|p1|SpasDeUzi|169|1145\n|player|p2|big big M|2|1027\n|teamsize|p1|6\n|teamsize|p2|6\n|gen|9\n|tier|[Gen 9] OU\n|rated|\n|rule|Sleep Clause Mod: Limit one foe put to sleep\n|rule|Species Clause: Limit one of each Pok\u00e9mon\n|rule|OHKO Clause: OHKO moves are banned\n|rule|Evasion Items Clause: Evasion items are banned\n|rule|Evasion Moves Clause: Evasion moves are banned\n|rule|Endless Battle Clause: Forcing endless battles is banned\n|rule|HP Percentage Mod: HP is shown in percentages\n|clearpoke\n|poke|p1|Torterra, M|\n|poke|p1|Toxapex, M|\n|poke|p1|Grimmsnarl, M|\n|poke|p1|Skeledirge, M|\n|poke|p1|Ninetales-Alola, M|\n|poke|p1|Jirachi|\n|poke|p2|Pelipper, F|\n|poke|p2|Drednaw, F|\n|poke|p2|Clodsire, M|\n|poke|p2|Salamence, F|\n|poke|p2|Gengar, M|\n|poke|p2|Poliwrath, F|\n|teampreview\n|inactive|Battle timer is ON: inactive players will automatically lose when time's up. (requested by SpasDeUzi)\n|\n|t:|1701086275\n|start\n|switch|p1a: Ninetales|Ninetales-Alola, M, shiny|100\/100\n|switch|p2a: Pelipper|Pelipper, F|100\/100\n|-weather|Snow|[from] ability: Snow Warning|[of] p1a: Ninetales\n|-weather|RainDance|[from] ability: Drizzle|[of] p2a: Pelipper\n|turn|1\n|\n|t:|1701086289\n|switch|p1a: Toxapex|Toxapex, M, shiny|100\/100\n|move|p2a: Pelipper|U-turn|p1a: Toxapex\n|-resisted|p1a: Toxapex\n|-damage|p1a: Toxapex|98\/100\n|inactive|big big M has 120 seconds left.\n|\n|t:|1701086321\n|switch|p2a: Drednaw|Drednaw, F|100\/100|[from] U-turn\n|\n|-weather|RainDance|[upkeep]\n|-heal|p1a: Toxapex|100\/100|[from] item: Black Sludge\n|upkeep\n|turn|2\n|inactive|big big M has 120 seconds left.\n|\n|t:|1701086327\n|move|p2a: Drednaw|Swords Dance|p2a: Drednaw\n|-boost|p2a: Drednaw|atk|2\n|move|p1a: Toxapex|Haze|p1a: Toxapex\n|-clearallboost\n|\n|-weather|RainDance|[upkeep]\n|upkeep\n|turn|3\n|\n|t:|1701086333\n|move|p2a: Drednaw|Swords Dance|p2a: Drednaw\n|-boost|p2a: Drednaw|atk|2\n|move|p1a: Toxapex|Toxic Spikes|p2a: Drednaw\n|-sidestart|p2: big big M|move: Toxic Spikes\n|\n|-weather|RainDance|[upkeep]\n|upkeep\n|turn|4\n|\n|t:|1701086339\n|move|p2a: Drednaw|Swords Dance|p2a: Drednaw\n|-boost|p2a: Drednaw|atk|2\n|move|p1a: Toxapex|Haze|p1a: Toxapex\n|-clearallboost\n|\n|-weather|RainDance|[upkeep]\n|upkeep\n|turn|5\n|\n|t:|1701086348\n|move|p2a: Drednaw|Swords Dance|p2a: Drednaw\n|-boost|p2a: Drednaw|atk|2\n|move|p1a: Toxapex|Toxic Spikes|p2a: Drednaw\n|-sidestart|p2: big big M|move: Toxic Spikes\n|\n|-weather|RainDance|[upkeep]\n|upkeep\n|turn|6\n|\n|t:|1701086355\n|move|p2a: Drednaw|Earthquake|p1a: Toxapex\n|-supereffective|p1a: Toxapex\n|-damage|p1a: Toxapex|0 fnt\n|faint|p1a: Toxapex\n|-damage|p2a: Drednaw|91\/100|[from] item: Life Orb\n|\n|-weather|RainDance|[upkeep]\n|upkeep\n|\n|t:|1701086361\n|switch|p1a: Ninetales|Ninetales-Alola, M, shiny|100\/100\n|-weather|Snow|[from] ability: Snow Warning|[of] p1a: Ninetales\n|turn|7\n|\n|t:|1701086375\n|move|p1a: Ninetales|Aurora Veil|p1a: Ninetales\n|-sidestart|p1: SpasDeUzi|move: Aurora Veil\n|move|p2a: Drednaw|Head Smash|p1a: Ninetales\n|-supereffective|p1a: Ninetales\n|-damage|p1a: Ninetales|0 fnt\n|faint|p1a: Ninetales\n|-damage|p2a: Drednaw|46\/100|[from] Recoil\n|-damage|p2a: Drednaw|36\/100|[from] item: Life Orb\n|\n|-weather|Snow|[upkeep]\n|upkeep\n|\n|t:|1701086378\n|switch|p1a: Torterra|Torterra, M, shiny|100\/100\n|turn|8\n|\n|t:|1701086405\n|move|p2a: Drednaw|Head Smash|p1a: Torterra\n|-resisted|p1a: Torterra\n|-damage|p1a: Torterra|52\/100\n|-damage|p2a: Drednaw|11\/100|[from] Recoil\n|-damage|p2a: Drednaw|1\/100|[from] item: Life Orb\n|move|p1a: Torterra|Shell Smash|p1a: Torterra\n|-unboost|p1a: Torterra|def|1\n|-unboost|p1a: Torterra|spd|1\n|-boost|p1a: Torterra|atk|2\n|-boost|p1a: Torterra|spa|2\n|-boost|p1a: Torterra|spe|2\n|\n|-weather|Snow|[upkeep]\n|upkeep\n|turn|9\n|\n|t:|1701086416\n|move|p1a: Torterra|Bullet Seed|p2a: Drednaw\n|-supereffective|p2a: Drednaw\n|-damage|p2a: Drednaw|0 fnt\n|faint|p2a: Drednaw\n|-hitcount|p2: Drednaw|1\n|\n|-weather|Snow|[upkeep]\n|upkeep\n|inactive|big big M has 120 seconds left.\n|\n|t:|1701086427\n|switch|p2a: Pelipper|Pelipper, F|100\/100\n|-weather|RainDance|[from] ability: Drizzle|[of] p2a: Pelipper\n|turn|10\n|\n|t:|1701086433\n|move|p1a: Torterra|Rock Blast|p2a: Pelipper\n|-supereffective|p2a: Pelipper\n|-damage|p2a: Pelipper|65\/100\n|-supereffective|p2a: Pelipper\n|-damage|p2a: Pelipper|29\/100\n|-supereffective|p2a: Pelipper\n|-damage|p2a: Pelipper|0 fnt\n|faint|p2a: Pelipper\n|-hitcount|p2: Pelipper|3\n|\n|-weather|RainDance|[upkeep]\n|upkeep\n|inactive|big big M has 120 seconds left.\n|\n|t:|1701086453\n|switch|p2a: Poliwrath|Poliwrath, F|100\/100\n|-status|p2a: Poliwrath|tox\n|turn|11\n|\n|t:|1701086461\n|-terastallize|p1a: Torterra|Rock\n|move|p2a: Poliwrath|Ice Beam|p1a: Torterra\n|-damage|p1a: Torterra|23\/100\n|move|p1a: Torterra|Bullet Seed|p2a: Poliwrath\n|-supereffective|p2a: Poliwrath\n|-damage|p2a: Poliwrath|39\/100 tox\n|-supereffective|p2a: Poliwrath\n|-damage|p2a: Poliwrath|0 fnt\n|faint|p2a: Poliwrath\n|-hitcount|p2: Poliwrath|2\n|\n|-weather|RainDance|[upkeep]\n|upkeep\n|\n|t:|1701086473\n|switch|p2a: Gengar|Gengar, M|100\/100\n|-sideend|p2: big big M|move: Toxic Spikes|[of] p2a: Gengar\n|turn|12\n|\n|t:|1701086478\n|move|p1a: Torterra|Rock Blast|p2a: Gengar\n|-damage|p2a: Gengar|46\/100\n|-damage|p2a: Gengar|0 fnt\n|faint|p2a: Gengar\n|-hitcount|p2: Gengar|2\n|\n|-weather|RainDance|[upkeep]\n|upkeep\n|\n|t:|1701086486\n|switch|p2a: Clodsire|Clodsire, M|100\/100\n|turn|13\n|\n|t:|1701086489\n|move|p1a: Torterra|Headlong Rush|p2a: Clodsire\n|-supereffective|p2a: Clodsire\n|-damage|p2a: Clodsire|0 fnt\n|-unboost|p1a: Torterra|def|1\n|-unboost|p1a: Torterra|spd|1\n|faint|p2a: Clodsire\n|\n|-weather|RainDance|[upkeep]\n|upkeep\n|\n|t:|1701086497\n|switch|p2a: Salamence|Salamence, F|100\/100\n|turn|14\n|\n|t:|1701086506\n|move|p1a: Torterra|Rock Blast|p2a: Salamence\n|-supereffective|p2a: Salamence\n|-damage|p2a: Salamence|43\/100\n|-supereffective|p2a: Salamence\n|-damage|p2a: Salamence|0 fnt\n|faint|p2a: Salamence\n|-hitcount|p2: Salamence|2\n|\n|win|SpasDeUzi\n|raw|SpasDeUzi's rating: 1145 &rarr; <strong>1162<\/strong><br \/>(+17 for winning)\n|raw|big big M's rating: 1027 &rarr; <strong>1018<\/strong><br \/>(-9 for losing)\n","uploadtime":1701086515,"views":13,"p1id":"spasdeuzi","p2id":"bigbigm","formatid":"gen9ou","rating":1018,"private":0,"password":""}