{"id":"gen9ou-1990887796","p1":"Daevank5","p2":"Abracadaver","format":"[Gen 9] OU","log":"|j|\u2606Daevank5\n|j|\u2606Abracadaver\n|t:|1700011594\n|gametype|singles\n|player|p1|Daevank5|workerice|1692\n|player|p2|Abracadaver|102|1583\n|teamsize|p1|6\n|teamsize|p2|6\n|gen|9\n|tier|[Gen 9] OU\n|rated|\n|rule|Sleep Clause Mod: Limit one foe put to sleep\n|rule|Species Clause: Limit one of each Pok\u00e9mon\n|rule|OHKO Clause: OHKO moves are banned\n|rule|Evasion Items Clause: Evasion items are banned\n|rule|Evasion Moves Clause: Evasion moves are banned\n|rule|Endless Battle Clause: Forcing endless battles is banned\n|rule|HP Percentage Mod: HP is shown in percentages\n|clearpoke\n|poke|p1|Gholdengo|\n|poke|p1|Ting-Lu|\n|poke|p1|Clefable, F|\n|poke|p1|Toxapex, F|\n|poke|p1|Landorus-Therian, M|\n|poke|p1|Great Tusk|\n|poke|p2|Heatran, F|\n|poke|p2|Landorus-Therian, M|\n|poke|p2|Umbreon, M|\n|poke|p2|Gastrodon, M|\n|poke|p2|Zapdos|\n|poke|p2|Dragonite, F|\n|teampreview\n|inactive|Battle timer is ON: inactive players will automatically lose when time's up. (requested by Abracadaver)\n|j| SandGetsEverywhere\n|j| CSmitty007\n|inactive|Daevank5 has 120 seconds left.\n|\n|t:|1700011634\n|start\n|switch|p1a: Clefable|Clefable, F|100\/100\n|switch|p2a: Landorus|Landorus-Therian, M|100\/100\n|-ability|p2a: Landorus|Intimidate|boost\n|-unboost|p1a: Clefable|atk|1\n|turn|1\n|\n|t:|1700011642\n|move|p2a: Landorus|Earthquake|p1a: Clefable\n|-damage|p1a: Clefable|52\/100\n|move|p1a: Clefable|Stealth Rock|p2a: Landorus\n|-sidestart|p2: Abracadaver|move: Stealth Rock\n|\n|-heal|p1a: Clefable|58\/100|[from] item: Leftovers\n|upkeep\n|turn|2\n|\n|t:|1700011650\n|move|p2a: Landorus|Earthquake|p1a: Clefable\n|-damage|p1a: Clefable|14\/100\n|move|p1a: Clefable|Wish|p1a: Clefable\n|\n|-heal|p1a: Clefable|20\/100|[from] item: Leftovers\n|upkeep\n|turn|3\n|\n|t:|1700011659\n|switch|p2a: Heatran|Heatran, F|100\/100\n|-damage|p2a: Heatran|88\/100|[from] Stealth Rock\n|-item|p2a: Heatran|Air Balloon\n|move|p1a: Clefable|Protect||[still]\n|-fail|p1a: Clefable\n|\n|-heal|p1a: Clefable|70\/100|[from] move: Wish|[wisher] Clefable\n|-heal|p1a: Clefable|76\/100|[from] item: Leftovers\n|upkeep\n|turn|4\n|\n|t:|1700011675\n|move|p2a: Heatran|Will-O-Wisp|p1a: Clefable\n|-status|p1a: Clefable|brn\n|move|p1a: Clefable|Moonblast|p2a: Heatran\n|-resisted|p2a: Heatran\n|-damage|p2a: Heatran|81\/100\n|-enditem|p2a: Heatran|Air Balloon\n|\n|-heal|p1a: Clefable|82\/100 brn|[from] item: Leftovers\n|upkeep\n|turn|5\n|j| dadhgfhjk\n|inactive|Daevank5 has 120 seconds left.\n|\n|t:|1700011705\n|switch|p1a: Ting-Lu|Ting-Lu|100\/100\n|-ability|p1a: Ting-Lu|Vessel of Ruin\n|move|p2a: Heatran|Stealth Rock|p1a: Ting-Lu\n|-sidestart|p1: Daevank5|move: Stealth Rock\n|\n|upkeep\n|turn|6\n|\n|t:|1700011712\n|move|p2a: Heatran|Will-O-Wisp|p1a: Ting-Lu\n|-status|p1a: Ting-Lu|brn\n|move|p1a: Ting-Lu|Ruination|p2a: Heatran|[miss]\n|-miss|p1a: Ting-Lu|p2a: Heatran\n|\n|-damage|p1a: Ting-Lu|94\/100 brn|[from] brn\n|upkeep\n|turn|7\n|\n|t:|1700011722\n|switch|p2a: Gastrodon|Gastrodon, M|100\/100\n|-damage|p2a: Gastrodon|94\/100|[from] Stealth Rock\n|move|p1a: Ting-Lu|Spikes|p2a: Gastrodon\n|-sidestart|p2: Abracadaver|Spikes\n|\n|-heal|p1a: Ting-Lu|100\/100 brn|[from] item: Leftovers\n|-heal|p2a: Gastrodon|100\/100|[from] item: Leftovers\n|-damage|p1a: Ting-Lu|94\/100 brn|[from] brn\n|upkeep\n|turn|8\n|\n|t:|1700011735\n|switch|p1a: Toxapex|Toxapex, F|100\/100\n|-damage|p1a: Toxapex|88\/100|[from] Stealth Rock\n|move|p2a: Gastrodon|Hydro Pump|p1a: Toxapex\n|-resisted|p1a: Toxapex\n|-damage|p1a: Toxapex|73\/100\n|\n|-heal|p1a: Toxapex|79\/100|[from] item: Leftovers\n|upkeep\n|turn|9\n|\n|t:|1700011744\n|move|p2a: Gastrodon|Earth Power|p1a: Toxapex\n|-supereffective|p1a: Toxapex\n|-damage|p1a: Toxapex|23\/100\n|move|p1a: Toxapex|Toxic|p2a: Gastrodon\n|-status|p2a: Gastrodon|tox\n|\n|-heal|p1a: Toxapex|29\/100|[from] item: Leftovers\n|-damage|p2a: Gastrodon|94\/100 tox|[from] psn\n|upkeep\n|turn|10\n|\n|t:|1700011754\n|move|p1a: Toxapex|Baneful Bunker|p1a: Toxapex\n|-singleturn|p1a: Toxapex|move: Protect\n|move|p2a: Gastrodon|Ice Beam|p1a: Toxapex\n|-activate|p1a: Toxapex|move: Protect\n|\n|-heal|p2a: Gastrodon|100\/100 tox|[from] item: Leftovers\n|-heal|p1a: Toxapex|35\/100|[from] item: Leftovers\n|-damage|p2a: Gastrodon|88\/100 tox|[from] psn\n|upkeep\n|turn|11\n|\n|t:|1700011783\n|switch|p2a: Landorus|Landorus-Therian, M|100\/100\n|-damage|p2a: Landorus|88\/100|[from] Stealth Rock\n|-ability|p2a: Landorus|Intimidate|boost\n|-unboost|p1a: Toxapex|atk|1\n|switch|p1a: Gholdengo|Gholdengo|100\/100\n|-damage|p1a: Gholdengo|94\/100|[from] Stealth Rock\n|\n|upkeep\n|turn|12\n|\n|t:|1700011797\n|switch|p1a: Landorus|Landorus-Therian, M|100\/100\n|-damage|p1a: Landorus|88\/100|[from] Stealth Rock\n|-ability|p1a: Landorus|Intimidate|boost\n|-unboost|p2a: Landorus|atk|1\n|move|p2a: Landorus|Tera Blast|p1a: Landorus\n|-damage|p1a: Landorus|67\/100\n|\n|upkeep\n|turn|13\n|\n|t:|1700011812\n|-terastallize|p2a: Landorus|Ice\n|move|p1a: Landorus|Stone Edge|p2a: Landorus\n|-supereffective|p2a: Landorus\n|-damage|p2a: Landorus|12\/100\n|move|p2a: Landorus|Tera Blast|p1a: Landorus|[anim] Tera Blast Ice\n|-supereffective|p1a: Landorus\n|-damage|p1a: Landorus|0 fnt\n|faint|p1a: Landorus\n|\n|upkeep\n|\n|t:|1700011822\n|switch|p1a: Clefable|Clefable, F|82\/100 brn\n|turn|14\n|\n|t:|1700011845\n|move|p2a: Landorus|Tera Blast|p1a: Clefable|[anim] Tera Blast Ice\n|-damage|p1a: Clefable|56\/100 brn\n|move|p1a: Clefable|Wish|p1a: Clefable\n|\n|-heal|p1a: Clefable|62\/100 brn|[from] item: Leftovers\n|upkeep\n|turn|15\n|\n|t:|1700011852\n|move|p2a: Landorus|Tera Blast|p1a: Clefable|[anim] Tera Blast Ice\n|-damage|p1a: Clefable|36\/100 brn\n|move|p1a: Clefable|Moonblast|p2a: Landorus\n|-damage|p2a: Landorus|0 fnt\n|faint|p2a: Landorus\n|\n|-heal|p1a: Clefable|86\/100 brn|[from] move: Wish|[wisher] Clefable\n|-heal|p1a: Clefable|92\/100 brn|[from] item: Leftovers\n|upkeep\n|\n|t:|1700011864\n|switch|p2a: Umbreon|Umbreon, M, shiny|100\/100\n|-damage|p2a: Umbreon|88\/100|[from] Stealth Rock\n|-damage|p2a: Umbreon|76\/100|[from] Spikes\n|turn|16\n|\n|t:|1700011875\n|move|p2a: Umbreon|Wish|p2a: Umbreon\n|move|p1a: Clefable|Moonblast|p2a: Umbreon\n|-supereffective|p2a: Umbreon\n|-damage|p2a: Umbreon|41\/100\n|-unboost|p2a: Umbreon|spa|1\n|\n|-heal|p2a: Umbreon|47\/100|[from] item: Leftovers\n|-heal|p1a: Clefable|98\/100 brn|[from] item: Leftovers\n|upkeep\n|turn|17\n|\n|t:|1700011892\n|switch|p2a: Dragonite|Dragonite, F|100\/100\n|-damage|p2a: Dragonite|76\/100|[from] Stealth Rock\n|switch|p1a: Great Tusk|Great Tusk|100\/100\n|-damage|p1a: Great Tusk|98\/100|[from] Stealth Rock\n|\n|-heal|p2a: Dragonite|100\/100|[from] move: Wish|[wisher] Umbreon\n|-heal|p1a: Great Tusk|100\/100|[from] item: Leftovers\n|upkeep\n|turn|18\n|\n|t:|1700011904\n|move|p1a: Great Tusk|Rapid Spin|p2a: Dragonite\n|-damage|p2a: Dragonite|92\/100\n|-boost|p1a: Great Tusk|spe|1\n|-sideend|p1: Daevank5|Stealth Rock|[from] move: Rapid Spin|[of] p1a: Great Tusk\n|move|p2a: Dragonite|Dragon Dance|p2a: Dragonite\n|-boost|p2a: Dragonite|atk|1\n|-boost|p2a: Dragonite|spe|1\n|\n|upkeep\n|turn|19\n|\n|t:|1700011922\n|-end|p1a: Great Tusk|Protosynthesis|[silent]\n|switch|p1a: Gholdengo|Gholdengo|94\/100\n|move|p2a: Dragonite|Dragon Dance|p2a: Dragonite\n|-boost|p2a: Dragonite|atk|1\n|-boost|p2a: Dragonite|spe|1\n|\n|upkeep\n|turn|20\n|inactive|Abracadaver has 120 seconds left.\n|\n|t:|1700011955\n|move|p2a: Dragonite|Earthquake|p1a: Gholdengo\n|-supereffective|p1a: Gholdengo\n|-damage|p1a: Gholdengo|0 fnt\n|faint|p1a: Gholdengo\n|\n|upkeep\n|\n|t:|1700011960\n|switch|p1a: Ting-Lu|Ting-Lu|94\/100 brn\n|-ability|p1a: Ting-Lu|Vessel of Ruin\n|turn|21\n|\n|t:|1700011965\n|move|p2a: Dragonite|Ice Spinner|p1a: Ting-Lu\n|-supereffective|p1a: Ting-Lu\n|-damage|p1a: Ting-Lu|30\/100 brn\n|move|p1a: Ting-Lu|Whirlwind|p2a: Dragonite\n|drag|p2a: Gastrodon|Gastrodon, M|88\/100 tox\n|-damage|p2a: Gastrodon|82\/100 tox|[from] Stealth Rock\n|-damage|p2a: Gastrodon|70\/100 tox|[from] Spikes\n|\n|-heal|p1a: Ting-Lu|36\/100 brn|[from] item: Leftovers\n|-heal|p2a: Gastrodon|76\/100 tox|[from] item: Leftovers\n|-damage|p2a: Gastrodon|70\/100 tox|[from] psn\n|-damage|p1a: Ting-Lu|30\/100 brn|[from] brn\n|upkeep\n|turn|22\n|l| SandGetsEverywhere\n|\n|t:|1700011980\n|switch|p1a: Toxapex|Toxapex, F|69\/100\n|move|p2a: Gastrodon|Hydro Pump|p1a: Toxapex|[miss]\n|-miss|p2a: Gastrodon|p1a: Toxapex\n|\n|-heal|p2a: Gastrodon|76\/100 tox|[from] item: Leftovers\n|-heal|p1a: Toxapex|75\/100|[from] item: Leftovers\n|-damage|p2a: Gastrodon|64\/100 tox|[from] psn\n|upkeep\n|turn|23\n|\n|t:|1700011991\n|switch|p2a: Zapdos|Zapdos|100\/100\n|move|p1a: Toxapex|Baneful Bunker||[still]\n|-fail|p1a: Toxapex\n|\n|-heal|p1a: Toxapex|81\/100|[from] item: Leftovers\n|upkeep\n|turn|24\n|\n|t:|1700012000\n|move|p1a: Toxapex|Baneful Bunker|p1a: Toxapex\n|-singleturn|p1a: Toxapex|move: Protect\n|move|p2a: Zapdos|Discharge|p1a: Toxapex\n|-activate|p1a: Toxapex|move: Protect\n|\n|-heal|p1a: Toxapex|87\/100|[from] item: Leftovers\n|upkeep\n|turn|25\n|\n|t:|1700012017\n|move|p2a: Zapdos|Hurricane|p1a: Toxapex\n|-damage|p1a: Toxapex|45\/100\n|-start|p1a: Toxapex|confusion\n|-activate|p1a: Toxapex|confusion\n|move|p1a: Toxapex|Toxic|p2a: Zapdos\n|-status|p2a: Zapdos|tox\n|\n|-heal|p1a: Toxapex|51\/100|[from] item: Leftovers\n|-damage|p2a: Zapdos|94\/100 tox|[from] psn\n|upkeep\n|turn|26\n|\n|t:|1700012028\n|switch|p1a: Ting-Lu|Ting-Lu|30\/100 brn\n|-ability|p1a: Ting-Lu|Vessel of Ruin\n|move|p2a: Zapdos|Roost|p2a: Zapdos\n|-heal|p2a: Zapdos|100\/100 tox\n|-singleturn|p2a: Zapdos|move: Roost\n|\n|-heal|p1a: Ting-Lu|36\/100 brn|[from] item: Leftovers\n|-damage|p2a: Zapdos|88\/100 tox|[from] psn\n|-damage|p1a: Ting-Lu|30\/100 brn|[from] brn\n|upkeep\n|turn|27\n|\n|t:|1700012055\n|move|p2a: Zapdos|Hurricane|p1a: Ting-Lu\n|-damage|p1a: Ting-Lu|2\/100 brn\n|move|p1a: Ting-Lu|Ruination|p2a: Zapdos\n|-damage|p2a: Zapdos|44\/100 tox\n|\n|-heal|p1a: Ting-Lu|9\/100 brn|[from] item: Leftovers\n|-damage|p2a: Zapdos|26\/100 tox|[from] psn\n|-damage|p1a: Ting-Lu|2\/100 brn|[from] brn\n|upkeep\n|turn|28\n|inactive|Daevank5 has 120 seconds left.\n|\n|t:|1700012073\n|switch|p1a: Toxapex|Toxapex, F|84\/100\n|move|p2a: Zapdos|Roost|p2a: Zapdos\n|-heal|p2a: Zapdos|76\/100 tox\n|-singleturn|p2a: Zapdos|move: Roost\n|\n|-heal|p1a: Toxapex|90\/100|[from] item: Leftovers\n|-damage|p2a: Zapdos|51\/100 tox|[from] psn\n|upkeep\n|turn|29\n|\n|t:|1700012086\n|switch|p2a: Dragonite|Dragonite, F|92\/100\n|-damage|p2a: Dragonite|67\/100|[from] Stealth Rock\n|move|p1a: Toxapex|Surf|p2a: Dragonite\n|-resisted|p2a: Dragonite\n|-damage|p2a: Dragonite|59\/100\n|\n|-heal|p1a: Toxapex|97\/100|[from] item: Leftovers\n|upkeep\n|turn|30\n|\n|t:|1700012096\n|move|p2a: Dragonite|Earthquake|p1a: Toxapex\n|-supereffective|p1a: Toxapex\n|-damage|p1a: Toxapex|40\/100\n|move|p1a: Toxapex|Toxic|p2a: Dragonite\n|-status|p2a: Dragonite|tox\n|\n|-heal|p1a: Toxapex|46\/100|[from] item: Leftovers\n|-damage|p2a: Dragonite|52\/100 tox|[from] psn\n|upkeep\n|turn|31\n|\n|t:|1700012105\n|move|p1a: Toxapex|Baneful Bunker|p1a: Toxapex\n|-singleturn|p1a: Toxapex|move: Protect\n|move|p2a: Dragonite|Dragon Dance|p2a: Dragonite\n|-boost|p2a: Dragonite|atk|1\n|-boost|p2a: Dragonite|spe|1\n|\n|-heal|p1a: Toxapex|52\/100|[from] item: Leftovers\n|-damage|p2a: Dragonite|40\/100 tox|[from] psn\n|upkeep\n|turn|32\n|\n|t:|1700012115\n|switch|p1a: Ting-Lu|Ting-Lu|2\/100 brn\n|-ability|p1a: Ting-Lu|Vessel of Ruin\n|move|p2a: Dragonite|Earthquake|p1a: Ting-Lu\n|-damage|p1a: Ting-Lu|0 fnt\n|faint|p1a: Ting-Lu\n|\n|-damage|p2a: Dragonite|21\/100 tox|[from] psn\n|upkeep\n|\n|t:|1700012120\n|switch|p1a: Toxapex|Toxapex, F|86\/100\n|turn|33\n|\n|t:|1700012128\n|move|p1a: Toxapex|Baneful Bunker|p1a: Toxapex\n|-singleturn|p1a: Toxapex|move: Protect\n|move|p2a: Dragonite|Earthquake|p1a: Toxapex\n|-activate|p1a: Toxapex|move: Protect\n|\n|-heal|p1a: Toxapex|92\/100|[from] item: Leftovers\n|-damage|p2a: Dragonite|0 fnt|[from] psn\n|faint|p2a: Dragonite\n|upkeep\n|\n|t:|1700012139\n|switch|p2a: Zapdos|Zapdos|51\/100 tox\n|turn|34\n|\n|t:|1700012146\n|move|p2a: Zapdos|Discharge|p1a: Toxapex\n|-supereffective|p1a: Toxapex\n|-damage|p1a: Toxapex|32\/100\n|move|p1a: Toxapex|Recover|p1a: Toxapex\n|-heal|p1a: Toxapex|82\/100\n|\n|-heal|p1a: Toxapex|88\/100|[from] item: Leftovers\n|-damage|p2a: Zapdos|45\/100 tox|[from] psn\n|upkeep\n|turn|35\n|\n|t:|1700012157\n|move|p2a: Zapdos|Roost|p2a: Zapdos\n|-heal|p2a: Zapdos|95\/100 tox\n|-singleturn|p2a: Zapdos|move: Roost\n|move|p1a: Toxapex|Surf|p2a: Zapdos\n|-damage|p2a: Zapdos|71\/100 tox\n|\n|-heal|p1a: Toxapex|95\/100|[from] item: Leftovers\n|-damage|p2a: Zapdos|59\/100 tox|[from] psn\n|upkeep\n|turn|36\n|\n|t:|1700012172\n|move|p1a: Toxapex|Baneful Bunker|p1a: Toxapex\n|-singleturn|p1a: Toxapex|move: Protect\n|move|p2a: Zapdos|Discharge|p1a: Toxapex\n|-activate|p1a: Toxapex|move: Protect\n|\n|-heal|p1a: Toxapex|100\/100|[from] item: Leftovers\n|-damage|p2a: Zapdos|40\/100 tox|[from] psn\n|upkeep\n|turn|37\n|c|\u2606Abracadaver|That Pokemon is so stupid, so unfair.. unbelievable\n|\n|t:|1700012192\n|switch|p1a: Clefable|Clefable, F|98\/100 brn\n|move|p2a: Zapdos|Discharge|p1a: Clefable\n|-damage|p1a: Clefable|57\/100 brn\n|\n|-heal|p1a: Clefable|63\/100 brn|[from] item: Leftovers\n|-damage|p2a: Zapdos|15\/100 tox|[from] psn\n|upkeep\n|turn|38\n|n|!Abracadaver|abracadaver\n|-message|Abracadaver forfeited.\n|\n|win|Daevank5\n|raw|Daevank5's rating: 1692 &rarr; <strong>1706<\/strong><br \/>(+14 for winning)\n|raw|Abracadaver's rating: 1583 &rarr; <strong>1569<\/strong><br \/>(-14 for losing)\n","uploadtime":1700012208,"views":28,"p1id":"daevank5","p2id":"abracadaver","formatid":"gen9ou","rating":1569,"private":0,"password":""}