{"id":"gen9ou-1999432071","p1":"haxxisntluck","p2":"happy skadi","format":"[Gen 9] OU","log":"|j|\u2606haxxisntluck\n|j|\u2606happy skadi\n|t:|1701079505\n|gametype|singles\n|player|p1|haxxisntluck|eusine-gen2|1494\n|player|p2|happy skadi|170|1730\n|teamsize|p1|6\n|teamsize|p2|6\n|gen|9\n|tier|[Gen 9] OU\n|rated|\n|rule|Sleep Clause Mod: Limit one foe put to sleep\n|rule|Species Clause: Limit one of each Pok\u00e9mon\n|rule|OHKO Clause: OHKO moves are banned\n|rule|Evasion Items Clause: Evasion items are banned\n|rule|Evasion Moves Clause: Evasion moves are banned\n|rule|Endless Battle Clause: Forcing endless battles is banned\n|rule|HP Percentage Mod: HP is shown in percentages\n|clearpoke\n|poke|p1|Dragonite, F|\n|poke|p1|Iron Valiant|\n|poke|p1|Glimmora, F|\n|poke|p1|Ninetales-Alola, F|\n|poke|p1|Kingambit, F|\n|poke|p1|Iron Moth|\n|poke|p2|Cinderace, F|\n|poke|p2|Dragapult, F|\n|poke|p2|Landorus-Therian, M|\n|poke|p2|Ogerpon-Cornerstone, F|\n|poke|p2|Gholdengo|\n|poke|p2|Alomomola, M|\n|teampreview\n|inactive|Battle timer is ON: inactive players will automatically lose when time's up. (requested by haxxisntluck)\n|inactive|happy skadi has 120 seconds left.\n|\n|t:|1701079559\n|start\n|switch|p1a: Iron Valiant|Iron Valiant|100\/100\n|switch|p2a: Alomomola|Alomomola, M|100\/100\n|turn|1\n|\n|t:|1701079573\n|move|p1a: Iron Valiant|Moonblast|p2a: Alomomola\n|-damage|p2a: Alomomola|39\/100\n|move|p2a: Alomomola|Flip Turn|p1a: Iron Valiant\n|-damage|p1a: Iron Valiant|79\/100\n|\n|t:|1701079590\n|switch|p2a: Cinderace|Cinderace, F|100\/100|[from] Flip Turn\n|\n|upkeep\n|turn|2\n|\n|t:|1701079600\n|-end|p1a: Iron Valiant|Quark Drive|[silent]\n|switch|p1a: Glimmora|Glimmora, F|100\/100\n|move|p2a: Cinderace|Pyro Ball|p1a: Glimmora\n|-resisted|p1a: Glimmora\n|-damage|p1a: Glimmora|64\/100\n|-activate|p1a: Glimmora|ability: Toxic Debris\n|-sidestart|p2: happy skadi|move: Toxic Spikes\n|\n|upkeep\n|turn|3\n|inactive|happy skadi has 120 seconds left.\n|\n|t:|1701079637\n|move|p2a: Cinderace|High Jump Kick|p1a: Glimmora\n|-start|p2a: Cinderace|typechange|Fighting|[from] ability: Libero\n|-damage|p1a: Glimmora|0 fnt\n|-activate|p1a: Glimmora|ability: Toxic Debris\n|-sidestart|p2: happy skadi|move: Toxic Spikes\n|faint|p1a: Glimmora\n|\n|upkeep\n|\n|t:|1701079647\n|switch|p1a: Iron Valiant|Iron Valiant|79\/100\n|turn|4\n|inactive|happy skadi has 120 seconds left.\n|\n|t:|1701079668\n|switch|p2a: Gholdengo|Gholdengo|100\/100\n|-item|p2a: Gholdengo|Air Balloon\n|-terastallize|p1a: Iron Valiant|Fairy\n|move|p1a: Iron Valiant|Moonblast|p2a: Gholdengo\n|-resisted|p2a: Gholdengo\n|-damage|p2a: Gholdengo|58\/100\n|-enditem|p2a: Gholdengo|Air Balloon\n|\n|upkeep\n|turn|5\n|\n|t:|1701079691\n|-end|p1a: Iron Valiant|Quark Drive|[silent]\n|switch|p1a: Kingambit|Kingambit, F|100\/100\n|-activate|p1a: Kingambit|ability: Supreme Overlord\n|-start|p1a: Kingambit|fallen1|[silent]\n|move|p2a: Gholdengo|Recover|p2a: Gholdengo\n|-heal|p2a: Gholdengo|100\/100\n|\n|upkeep\n|turn|6\n|\n|t:|1701079716\n|switch|p2a: Cinderace|Cinderace, F|100\/100\n|-end|p1a: Kingambit|fallen1|[silent]\n|switch|p1a: Ninetales|Ninetales-Alola, F|100\/100\n|-weather|Snow|[from] ability: Snow Warning|[of] p1a: Ninetales\n|\n|-weather|Snow|[upkeep]\n|upkeep\n|turn|7\n|\n|t:|1701079721\n|move|p2a: Cinderace|Pyro Ball|p1a: Ninetales|[miss]\n|-miss|p2a: Cinderace|p1a: Ninetales\n|move|p1a: Ninetales|Aurora Veil|p1a: Ninetales\n|-sidestart|p1: haxxisntluck|move: Aurora Veil\n|\n|-weather|Snow|[upkeep]\n|upkeep\n|turn|8\n|\n|t:|1701079731\n|move|p2a: Cinderace|Court Change|p2a: Cinderace\n|-start|p2a: Cinderace|typechange|Normal|[from] ability: Libero\n|-swapsideconditions\n|-activate|p2a: Cinderace|move: Court Change\n|move|p1a: Ninetales|Encore|p2a: Cinderace\n|-start|p2a: Cinderace|Encore\n|\n|-weather|Snow|[upkeep]\n|upkeep\n|turn|9\n|\n|t:|1701079742\n|switch|p2a: Gholdengo|Gholdengo|100\/100\n|switch|p1a: Iron Moth|Iron Moth|100\/100\n|-sideend|p1: haxxisntluck|move: Toxic Spikes|[of] p1a: Iron Moth\n|-enditem|p1a: Iron Moth|Booster Energy\n|-activate|p1a: Iron Moth|ability: Quark Drive|[fromitem]\n|-start|p1a: Iron Moth|quarkdrivespe\n|\n|-weather|Snow|[upkeep]\n|upkeep\n|turn|10\n|\n|t:|1701079750\n|switch|p2a: Alomomola|Alomomola, M|72\/100\n|move|p1a: Iron Moth|Substitute|p1a: Iron Moth\n|-start|p1a: Iron Moth|Substitute\n|-damage|p1a: Iron Moth|76\/100\n|\n|-weather|none\n|upkeep\n|turn|11\n|\n|t:|1701079753\n|move|p1a: Iron Moth|Fiery Dance|p2a: Alomomola\n|-resisted|p2a: Alomomola\n|-damage|p2a: Alomomola|62\/100\n|move|p2a: Alomomola|Flip Turn|p1a: Iron Moth\n|-supereffective|p1a: Iron Moth\n|-end|p1a: Iron Moth|Substitute\n|\n|t:|1701079758\n|switch|p2a: Ogerpon|Ogerpon-Cornerstone, F|100\/100|[from] Flip Turn\n|\n|upkeep\n|turn|12\n|\n|t:|1701079762\n|move|p1a: Iron Moth|Substitute|p1a: Iron Moth\n|-start|p1a: Iron Moth|Substitute\n|-damage|p1a: Iron Moth|51\/100\n|move|p2a: Ogerpon|Ivy Cudgel|p1a: Iron Moth|[anim] Ivy Cudgel Rock\n|-supereffective|p1a: Iron Moth\n|-end|p1a: Iron Moth|Substitute\n|\n|upkeep\n|turn|13\n|\n|t:|1701079766\n|-end|p1a: Iron Moth|Quark Drive|[silent]\n|switch|p1a: Kingambit|Kingambit, F|100\/100\n|-activate|p1a: Kingambit|ability: Supreme Overlord\n|-start|p1a: Kingambit|fallen1|[silent]\n|move|p2a: Ogerpon|Ivy Cudgel|p1a: Kingambit|[anim] Ivy Cudgel Rock\n|-resisted|p1a: Kingambit\n|-damage|p1a: Kingambit|77\/100\n|\n|upkeep\n|turn|14\n|\n|t:|1701079771\n|move|p2a: Ogerpon|Low Kick|p1a: Kingambit\n|-supereffective|p1a: Kingambit\n|-crit|p1a: Kingambit\n|-damage|p1a: Kingambit|0 fnt\n|faint|p1a: Kingambit\n|-end|p1a: Kingambit|fallen1|[silent]\n|\n|-sideend|p2: happy skadi|move: Aurora Veil\n|upkeep\n|\n|t:|1701079774\n|switch|p1a: Dragonite|Dragonite, F|100\/100\n|turn|15\n|\n|t:|1701079780\n|move|p2a: Ogerpon|Ivy Cudgel|p1a: Dragonite|[anim] Ivy Cudgel Rock\n|-supereffective|p1a: Dragonite\n|-damage|p1a: Dragonite|45\/100\n|move|p1a: Dragonite|Dragon Dance|p1a: Dragonite\n|-boost|p1a: Dragonite|atk|1\n|-boost|p1a: Dragonite|spe|1\n|\n|upkeep\n|turn|16\n|\n|t:|1701079784\n|move|p2a: Ogerpon|Ivy Cudgel|p1a: Dragonite|[anim] Ivy Cudgel Rock\n|-supereffective|p1a: Dragonite\n|-damage|p1a: Dragonite|0 fnt\n|faint|p1a: Dragonite\n|\n|upkeep\n|-message|haxxisntluck forfeited.\n|\n|win|happy skadi\n|raw|haxxisntluck's rating: 1494 &rarr; <strong>1486<\/strong><br \/>(-8 for losing)\n|raw|happy skadi's rating: 1730 &rarr; <strong>1738<\/strong><br \/>(+8 for winning)\n|l|\u2606haxxisntluck\n","uploadtime":1701079809,"views":25,"p1id":"haxxisntluck","p2id":"happyskadi","formatid":"gen9ou","rating":1486,"private":0,"password":""}