{"id":"gen9ou-1991414808","p1":"J_Stars12","p2":"SashiBagel","format":"[Gen 9] OU","log":"|j|\u2606J_Stars12\n|j|\u2606SashiBagel\n|t:|1700075146\n|gametype|singles\n|player|p1|J_Stars12|1|1318\n|player|p2|SashiBagel|klara|1224\n|teamsize|p1|6\n|teamsize|p2|6\n|gen|9\n|tier|[Gen 9] OU\n|rated|\n|rule|Sleep Clause Mod: Limit one foe put to sleep\n|rule|Species Clause: Limit one of each Pok\u00e9mon\n|rule|OHKO Clause: OHKO moves are banned\n|rule|Evasion Items Clause: Evasion items are banned\n|rule|Evasion Moves Clause: Evasion moves are banned\n|rule|Endless Battle Clause: Forcing endless battles is banned\n|rule|HP Percentage Mod: HP is shown in percentages\n|clearpoke\n|poke|p1|Gholdengo|\n|poke|p1|Landorus-Therian, M|\n|poke|p1|Rillaboom, F|\n|poke|p1|Sneasler, M|\n|poke|p1|Milotic, F|\n|poke|p1|Great Tusk|\n|poke|p2|Iron Valiant|\n|poke|p2|Kingambit, M|\n|poke|p2|Ceruledge, M|\n|poke|p2|Dragapult, M|\n|poke|p2|Lokix, F|\n|poke|p2|Weezing-Galar, M|\n|teampreview\n|inactive|Battle timer is ON: inactive players will automatically lose when time's up. (requested by SashiBagel)\n|inactive|J_Stars12 also wants the timer to be on.\n|\n|t:|1700075155\n|start\n|switch|p1a: Great Tusk|Great Tusk|100\/100\n|switch|p2a: Lokix|Lokix, F|100\/100\n|turn|1\n|\n|t:|1700075163\n|switch|p2a: Weezing|Weezing-Galar, M|100\/100\n|move|p1a: Great Tusk|Stealth Rock|p2a: Weezing\n|-sidestart|p2: SashiBagel|move: Stealth Rock\n|\n|upkeep\n|turn|2\n|\n|t:|1700075188\n|-end|p1a: Great Tusk|Protosynthesis|[silent]\n|switch|p1a: Milotic|Milotic, F|100\/100\n|move|p2a: Weezing|Strange Steam|p1a: Milotic\n|-damage|p1a: Milotic|87\/100\n|\n|-heal|p1a: Milotic|93\/100|[from] item: Leftovers\n|upkeep\n|turn|3\n|\n|t:|1700075206\n|move|p1a: Milotic|Scald|p2a: Weezing\n|-damage|p2a: Weezing|74\/100\n|-status|p2a: Weezing|brn\n|move|p2a: Weezing|Defog|p1a: Milotic\n|-unboost|p1a: Milotic|evasion|1\n|-sideend|p2: SashiBagel|Stealth Rock|[from] move: Defog|[of] p2a: Weezing\n|\n|-heal|p1a: Milotic|99\/100|[from] item: Leftovers\n|-heal|p2a: Weezing|80\/100 brn|[from] item: Leftovers\n|-damage|p2a: Weezing|74\/100 brn|[from] brn\n|upkeep\n|turn|4\n|\n|t:|1700075221\n|move|p1a: Milotic|Scald|p2a: Weezing\n|-damage|p2a: Weezing|48\/100 brn\n|move|p2a: Weezing|Will-O-Wisp|p1a: Milotic\n|-status|p1a: Milotic|brn\n|\n|-heal|p1a: Milotic|100\/100 brn|[from] item: Leftovers\n|-heal|p2a: Weezing|53\/100 brn|[from] item: Leftovers\n|-damage|p1a: Milotic|94\/100 brn|[from] brn\n|-damage|p2a: Weezing|48\/100 brn|[from] brn\n|upkeep\n|turn|5\n|\n|t:|1700075231\n|move|p1a: Milotic|Scald|p2a: Weezing\n|-damage|p2a: Weezing|22\/100 brn\n|move|p2a: Weezing|Pain Split|p1a: Milotic\n|-sethp|p1a: Milotic|57\/100 brn|[from] move: Pain Split|[silent]\n|-sethp|p2a: Weezing|67\/100 brn|[from] move: Pain Split\n|\n|-heal|p1a: Milotic|63\/100 brn|[from] item: Leftovers\n|-heal|p2a: Weezing|73\/100 brn|[from] item: Leftovers\n|-damage|p1a: Milotic|57\/100 brn|[from] brn\n|-damage|p2a: Weezing|67\/100 brn|[from] brn\n|upkeep\n|turn|6\n|\n|t:|1700075249\n|switch|p2a: Iron Valiant|Iron Valiant|100\/100\n|move|p1a: Milotic|Recover|p1a: Milotic\n|-heal|p1a: Milotic|100\/100 brn\n|\n|-damage|p1a: Milotic|94\/100 brn|[from] brn\n|upkeep\n|turn|7\n|\n|t:|1700075269\n|move|p2a: Iron Valiant|Thunderbolt|p1a: Milotic\n|-supereffective|p1a: Milotic\n|-damage|p1a: Milotic|62\/100 brn\n|move|p1a: Milotic|Scald|p2a: Iron Valiant\n|-damage|p2a: Iron Valiant|49\/100\n|\n|-heal|p1a: Milotic|68\/100 brn|[from] item: Leftovers\n|-damage|p1a: Milotic|62\/100 brn|[from] brn\n|upkeep\n|turn|8\n|\n|t:|1700075282\n|-end|p2a: Iron Valiant|Quark Drive|[silent]\n|switch|p2a: Dragapult|Dragapult, M, shiny|100\/100\n|move|p1a: Milotic|Scald|p2a: Dragapult\n|-resisted|p2a: Dragapult\n|-damage|p2a: Dragapult|82\/100\n|\n|-heal|p1a: Milotic|68\/100 brn|[from] item: Leftovers\n|-damage|p1a: Milotic|62\/100 brn|[from] brn\n|upkeep\n|turn|9\n|\n|t:|1700075294\n|move|p2a: Dragapult|Shadow Ball|p1a: Milotic\n|-damage|p1a: Milotic|43\/100 brn\n|move|p1a: Milotic|Recover|p1a: Milotic\n|-heal|p1a: Milotic|93\/100 brn\n|\n|-heal|p1a: Milotic|99\/100 brn|[from] item: Leftovers\n|-damage|p1a: Milotic|93\/100 brn|[from] brn\n|upkeep\n|turn|10\n|\n|t:|1700075306\n|switch|p2a: Ceruledge|Ceruledge, M|100\/100\n|move|p1a: Milotic|Ice Beam|p2a: Ceruledge\n|-resisted|p2a: Ceruledge\n|-damage|p2a: Ceruledge|89\/100\n|\n|-heal|p1a: Milotic|99\/100 brn|[from] item: Leftovers\n|-damage|p1a: Milotic|93\/100 brn|[from] brn\n|upkeep\n|turn|11\n|\n|t:|1700075315\n|switch|p2a: Weezing|Weezing-Galar, M|67\/100 brn\n|move|p1a: Milotic|Scald|p2a: Weezing\n|-damage|p2a: Weezing|41\/100 brn\n|\n|-heal|p1a: Milotic|99\/100 brn|[from] item: Leftovers\n|-heal|p2a: Weezing|47\/100 brn|[from] item: Leftovers\n|-damage|p1a: Milotic|93\/100 brn|[from] brn\n|-damage|p2a: Weezing|41\/100 brn|[from] brn\n|upkeep\n|turn|12\n|\n|t:|1700075326\n|switch|p1a: Landorus|Landorus-Therian, M|100\/100\n|-ability|p1a: Landorus|Intimidate|boost\n|-unboost|p2a: Weezing|atk|1\n|move|p2a: Weezing|Pain Split|p1a: Landorus\n|-sethp|p1a: Landorus|70\/100|[from] move: Pain Split|[silent]\n|-sethp|p2a: Weezing|71\/100 brn|[from] move: Pain Split\n|\n|-heal|p2a: Weezing|77\/100 brn|[from] item: Leftovers\n|-damage|p2a: Weezing|71\/100 brn|[from] brn\n|upkeep\n|turn|13\n|\n|t:|1700075336\n|move|p1a: Landorus|Earthquake|p2a: Weezing\n|-immune|p2a: Weezing|[from] ability: Levitate\n|move|p2a: Weezing|Will-O-Wisp|p1a: Landorus\n|-status|p1a: Landorus|brn\n|\n|-heal|p2a: Weezing|77\/100 brn|[from] item: Leftovers\n|-damage|p1a: Landorus|64\/100 brn|[from] brn\n|-damage|p2a: Weezing|71\/100 brn|[from] brn\n|upkeep\n|turn|14\n|\n|t:|1700075347\n|switch|p1a: Gholdengo|Gholdengo|100\/100\n|-item|p1a: Gholdengo|Air Balloon\n|move|p2a: Weezing|Strange Steam|p1a: Gholdengo|[miss]\n|-miss|p2a: Weezing|p1a: Gholdengo\n|\n|-heal|p2a: Weezing|77\/100 brn|[from] item: Leftovers\n|-damage|p2a: Weezing|71\/100 brn|[from] brn\n|upkeep\n|turn|15\n|\n|t:|1700075362\n|switch|p2a: Iron Valiant|Iron Valiant|49\/100\n|move|p1a: Gholdengo|Shadow Ball|p2a: Iron Valiant\n|-damage|p2a: Iron Valiant|0 fnt\n|faint|p2a: Iron Valiant\n|-end|p2a: Iron Valiant|Quark Drive|[silent]\n|\n|upkeep\n|\n|t:|1700075369\n|switch|p2a: Ceruledge|Ceruledge, M|89\/100\n|turn|16\n|\n|t:|1700075379\n|switch|p1a: Landorus|Landorus-Therian, M|64\/100 brn\n|-ability|p1a: Landorus|Intimidate|boost\n|-unboost|p2a: Ceruledge|atk|1\n|move|p2a: Ceruledge|Poltergeist|p1a: Landorus\n|-activate|p1a: Landorus|move: Poltergeist|Choice Scarf\n|-damage|p1a: Landorus|29\/100 brn\n|\n|-damage|p1a: Landorus|23\/100 brn|[from] brn\n|upkeep\n|turn|17\n|\n|t:|1700075391\n|switch|p2a: Weezing|Weezing-Galar, M|71\/100 brn\n|move|p1a: Landorus|Earthquake|p2a: Weezing\n|-immune|p2a: Weezing|[from] ability: Levitate\n|\n|-heal|p2a: Weezing|77\/100 brn|[from] item: Leftovers\n|-damage|p1a: Landorus|17\/100 brn|[from] brn\n|-damage|p2a: Weezing|71\/100 brn|[from] brn\n|upkeep\n|turn|18\n|\n|t:|1700075399\n|move|p1a: Landorus|Earthquake|p2a: Weezing\n|-immune|p2a: Weezing|[from] ability: Levitate\n|move|p2a: Weezing|Strange Steam|p1a: Landorus\n|-damage|p1a: Landorus|0 fnt\n|faint|p1a: Landorus\n|\n|-heal|p2a: Weezing|77\/100 brn|[from] item: Leftovers\n|-damage|p2a: Weezing|71\/100 brn|[from] brn\n|upkeep\n|\n|t:|1700075410\n|switch|p1a: Gholdengo|Gholdengo|100\/100\n|-item|p1a: Gholdengo|Air Balloon\n|turn|19\n|\n|t:|1700075421\n|switch|p2a: Lokix|Lokix, F|100\/100\n|move|p1a: Gholdengo|Nasty Plot|p1a: Gholdengo\n|-boost|p1a: Gholdengo|spa|2\n|\n|upkeep\n|turn|20\n|\n|t:|1700075429\n|move|p2a: Lokix|Knock Off|p1a: Gholdengo\n|-supereffective|p1a: Gholdengo\n|-damage|p1a: Gholdengo|0 fnt\n|-enditem|p1a: Gholdengo|Air Balloon\n|faint|p1a: Gholdengo\n|\n|upkeep\n|\n|t:|1700075452\n|switch|p1a: Great Tusk|Great Tusk|100\/100\n|turn|21\n|\n|t:|1700075458\n|switch|p2a: Weezing|Weezing-Galar, M|71\/100 brn\n|move|p1a: Great Tusk|Stealth Rock|p2a: Weezing\n|-sidestart|p2: SashiBagel|move: Stealth Rock\n|\n|-heal|p2a: Weezing|77\/100 brn|[from] item: Leftovers\n|-damage|p2a: Weezing|71\/100 brn|[from] brn\n|upkeep\n|turn|22\n|\n|t:|1700075466\n|move|p1a: Great Tusk|Ice Spinner|p2a: Weezing\n|-damage|p2a: Weezing|51\/100 brn\n|move|p2a: Weezing|Will-O-Wisp|p1a: Great Tusk\n|-status|p1a: Great Tusk|brn\n|\n|-heal|p2a: Weezing|57\/100 brn|[from] item: Leftovers\n|-damage|p1a: Great Tusk|94\/100 brn|[from] brn\n|-damage|p2a: Weezing|51\/100 brn|[from] brn\n|upkeep\n|turn|23\n|\n|t:|1700075482\n|-end|p1a: Great Tusk|Protosynthesis|[silent]\n|switch|p1a: Rillaboom|Rillaboom, F|100\/100\n|-fieldstart|move: Grassy Terrain|[from] ability: Grassy Surge|[of] p1a: Rillaboom\n|move|p2a: Weezing|Pain Split|p1a: Rillaboom\n|-sethp|p1a: Rillaboom|73\/100|[from] move: Pain Split|[silent]\n|-sethp|p2a: Weezing|81\/100 brn|[from] move: Pain Split\n|\n|-heal|p1a: Rillaboom|79\/100|[from] Grassy Terrain\n|-heal|p2a: Weezing|87\/100 brn|[from] item: Leftovers\n|-damage|p2a: Weezing|81\/100 brn|[from] brn\n|upkeep\n|turn|24\n|\n|t:|1700075493\n|switch|p1a: Milotic|Milotic, F|93\/100 brn\n|move|p2a: Weezing|Defog|p1a: Milotic\n|-unboost|p1a: Milotic|evasion|1\n|-sideend|p2: SashiBagel|Stealth Rock|[from] move: Defog|[of] p2a: Weezing\n|-fieldend|move: Grassy Terrain\n|\n|-heal|p1a: Milotic|99\/100 brn|[from] item: Leftovers\n|-heal|p2a: Weezing|87\/100 brn|[from] item: Leftovers\n|-damage|p1a: Milotic|93\/100 brn|[from] brn\n|-damage|p2a: Weezing|81\/100 brn|[from] brn\n|upkeep\n|turn|25\n|\n|t:|1700075503\n|switch|p1a: Rillaboom|Rillaboom, F|79\/100\n|-fieldstart|move: Grassy Terrain|[from] ability: Grassy Surge|[of] p1a: Rillaboom\n|switch|p2a: Lokix|Lokix, F|100\/100\n|\n|-heal|p1a: Rillaboom|86\/100|[from] Grassy Terrain\n|upkeep\n|turn|26\n|\n|t:|1700075512\n|switch|p1a: Sneasler|Sneasler, M|100\/100\n|-enditem|p1a: Sneasler|Grassy Seed\n|-boost|p1a: Sneasler|def|1|[from] item: Grassy Seed\n|move|p2a: Lokix|First Impression|p1a: Sneasler\n|-resisted|p1a: Sneasler\n|-damage|p1a: Sneasler|66\/100\n|\n|-heal|p1a: Sneasler|72\/100|[from] Grassy Terrain\n|upkeep\n|turn|27\n|\n|t:|1700075522\n|switch|p2a: Weezing|Weezing-Galar, M|81\/100 brn\n|move|p1a: Sneasler|Swords Dance|p1a: Sneasler\n|-boost|p1a: Sneasler|atk|2\n|\n|-heal|p1a: Sneasler|78\/100|[from] Grassy Terrain\n|-heal|p2a: Weezing|87\/100 brn|[from] item: Leftovers\n|-damage|p2a: Weezing|81\/100 brn|[from] brn\n|upkeep\n|turn|28\n|\n|t:|1700075532\n|move|p1a: Sneasler|Dire Claw|p2a: Weezing\n|-damage|p2a: Weezing|0 fnt\n|faint|p2a: Weezing\n|\n|-heal|p1a: Sneasler|84\/100|[from] Grassy Terrain\n|upkeep\n|\n|t:|1700075543\n|switch|p2a: Ceruledge|Ceruledge, M|89\/100\n|turn|29\n|\n|t:|1700075550\n|-terastallize|p1a: Sneasler|Flying\n|move|p1a: Sneasler|Acrobatics|p2a: Ceruledge\n|-damage|p2a: Ceruledge|0 fnt\n|faint|p2a: Ceruledge\n|\n|-fieldend|move: Grassy Terrain\n|upkeep\n|\n|t:|1700075557\n|switch|p2a: Kingambit|Kingambit, M|100\/100\n|-activate|p2a: Kingambit|ability: Supreme Overlord\n|-start|p2a: Kingambit|fallen3|[silent]\n|turn|30\n|\n|t:|1700075561\n|move|p2a: Kingambit|Sucker Punch|p1a: Sneasler\n|-damage|p1a: Sneasler|22\/100\n|move|p1a: Sneasler|Close Combat|p2a: Kingambit\n|-supereffective|p2a: Kingambit\n|-damage|p2a: Kingambit|0 fnt\n|-unboost|p1a: Sneasler|def|1\n|-unboost|p1a: Sneasler|spd|1\n|faint|p2a: Kingambit\n|-end|p2a: Kingambit|fallen3|[silent]\n|\n|upkeep\n|\n|t:|1700075569\n|switch|p2a: Lokix|Lokix, F|100\/100\n|turn|31\n|\n|t:|1700075583\n|switch|p1a: Milotic|Milotic, F|93\/100 brn\n|move|p2a: Lokix|First Impression|p1a: Milotic\n|-damage|p1a: Milotic|50\/100 brn\n|\n|-heal|p1a: Milotic|57\/100 brn|[from] item: Leftovers\n|-damage|p1a: Milotic|50\/100 brn|[from] brn\n|upkeep\n|turn|32\n|\n|t:|1700075596\n|switch|p2a: Dragapult|Dragapult, M, shiny|82\/100\n|move|p1a: Milotic|Recover|p1a: Milotic\n|-heal|p1a: Milotic|100\/100 brn\n|\n|-damage|p1a: Milotic|94\/100 brn|[from] brn\n|upkeep\n|turn|33\n|\n|t:|1700075603\n|move|p2a: Dragapult|U-turn|p1a: Milotic\n|-damage|p1a: Milotic|83\/100 brn\n|\n|t:|1700075606\n|switch|p2a: Lokix|Lokix, F|100\/100|[from] U-turn\n|move|p1a: Milotic|Ice Beam|p2a: Lokix\n|-damage|p2a: Lokix|57\/100\n|\n|-heal|p1a: Milotic|89\/100 brn|[from] item: Leftovers\n|-damage|p1a: Milotic|83\/100 brn|[from] brn\n|upkeep\n|turn|34\n|\n|t:|1700075617\n|-terastallize|p2a: Lokix|Bug\n|move|p2a: Lokix|Leech Life|p1a: Milotic\n|-damage|p1a: Milotic|31\/100 brn\n|-heal|p2a: Lokix|93\/100|[from] drain|[of] p1a: Milotic\n|move|p1a: Milotic|Scald|p2a: Lokix\n|-damage|p2a: Lokix|39\/100\n|\n|-heal|p1a: Milotic|38\/100 brn|[from] item: Leftovers\n|-damage|p1a: Milotic|31\/100 brn|[from] brn\n|upkeep\n|turn|35\n|\n|t:|1700075634\n|move|p2a: Lokix|Leech Life|p1a: Milotic\n|-damage|p1a: Milotic|0 fnt\n|-heal|p2a: Lokix|61\/100|[from] drain|[of] p1a: Milotic\n|faint|p1a: Milotic\n|\n|upkeep\n|\n|t:|1700075637\n|switch|p1a: Sneasler|Sneasler, M, tera:Flying|22\/100\n|turn|36\n|\n|t:|1700075642\n|move|p1a: Sneasler|Acrobatics|p2a: Lokix\n|-supereffective|p2a: Lokix\n|-damage|p2a: Lokix|0 fnt\n|faint|p2a: Lokix\n|\n|upkeep\n|\n|t:|1700075647\n|switch|p2a: Dragapult|Dragapult, M, shiny|82\/100\n|turn|37\n|\n|t:|1700075667\n|move|p2a: Dragapult|Shadow Ball|p1a: Sneasler\n|-damage|p1a: Sneasler|0 fnt\n|faint|p1a: Sneasler\n|\n|upkeep\n|inactive|J_Stars12 has 120 seconds left.\n|\n|t:|1700075704\n|switch|p1a: Great Tusk|Great Tusk|94\/100 brn\n|turn|38\n|\n|t:|1700075710\n|move|p2a: Dragapult|Shadow Ball|p1a: Great Tusk\n|-damage|p1a: Great Tusk|53\/100 brn\n|move|p1a: Great Tusk|Ice Spinner|p2a: Dragapult\n|-supereffective|p2a: Dragapult\n|-damage|p2a: Dragapult|52\/100\n|\n|-heal|p1a: Great Tusk|59\/100 brn|[from] item: Leftovers\n|-damage|p1a: Great Tusk|53\/100 brn|[from] brn\n|upkeep\n|turn|39\n|\n|t:|1700075718\n|move|p2a: Dragapult|Shadow Ball|p1a: Great Tusk\n|-damage|p1a: Great Tusk|10\/100 brn\n|move|p1a: Great Tusk|Ice Spinner|p2a: Dragapult\n|-supereffective|p2a: Dragapult\n|-damage|p2a: Dragapult|19\/100\n|\n|-heal|p1a: Great Tusk|16\/100 brn|[from] item: Leftovers\n|-damage|p1a: Great Tusk|10\/100 brn|[from] brn\n|upkeep\n|turn|40\n|inactive|J_Stars12 has 120 seconds left.\n|\n|t:|1700075729\n|move|p2a: Dragapult|Shadow Ball|p1a: Great Tusk\n|-damage|p1a: Great Tusk|0 fnt\n|faint|p1a: Great Tusk\n|-end|p1a: Great Tusk|Protosynthesis|[silent]\n|\n|upkeep\n|\n|t:|1700075731\n|switch|p1a: Rillaboom|Rillaboom, F|86\/100\n|-fieldstart|move: Grassy Terrain|[from] ability: Grassy Surge|[of] p1a: Rillaboom\n|turn|41\n|\n|t:|1700075736\n|move|p1a: Rillaboom|Grassy Glide|p2a: Dragapult\n|-resisted|p2a: Dragapult\n|-damage|p2a: Dragapult|0 fnt\n|faint|p2a: Dragapult\n|\n|win|J_Stars12\n|raw|J_Stars12's rating: 1318 &rarr; <strong>1333<\/strong><br \/>(+15 for winning)\n|raw|SashiBagel's rating: 1224 &rarr; <strong>1206<\/strong><br \/>(-18 for losing)\n|c|\u2606SashiBagel|gg\n|l|\u2606SashiBagel\n","uploadtime":1700075745,"views":7,"p1id":"jstars12","p2id":"sashibagel","formatid":"gen9ou","rating":1206,"private":0,"password":""}