{"id":"gen9ou-1997030228","p1":"FantaShadowRYT","p2":"Le2nard","format":"[Gen 9] OU","log":"|j|\u2606FantaShadowRYT\n|j|\u2606Le2nard\n|t:|1700757442\n|gametype|singles\n|player|p1|FantaShadowRYT|wallace|1218\n|player|p2|Le2nard|supernerd|1243\n|teamsize|p1|6\n|teamsize|p2|6\n|gen|9\n|tier|[Gen 9] OU\n|rated|\n|rule|Sleep Clause Mod: Limit one foe put to sleep\n|rule|Species Clause: Limit one of each Pok\u00e9mon\n|rule|OHKO Clause: OHKO moves are banned\n|rule|Evasion Items Clause: Evasion items are banned\n|rule|Evasion Moves Clause: Evasion moves are banned\n|rule|Endless Battle Clause: Forcing endless battles is banned\n|rule|HP Percentage Mod: HP is shown in percentages\n|clearpoke\n|poke|p1|Cyclizar, M|\n|poke|p1|Alomomola, F|\n|poke|p1|Tornadus-Therian, M|\n|poke|p1|Amoonguss, M|\n|poke|p1|Mienshao, F|\n|poke|p1|Slowking-Galar, M|\n|poke|p2|Munkidori, M|\n|poke|p2|Mandibuzz, F|\n|poke|p2|Scizor, M|\n|poke|p2|Heatran, M|\n|poke|p2|Maushold|\n|poke|p2|Ogerpon-Wellspring, F|\n|teampreview\n|inactive|Battle timer is ON: inactive players will automatically lose when time's up. (requested by FantaShadowRYT)\n|\n|t:|1700757472\n|start\n|switch|p1a: Slowking|Slowking-Galar, M|100\/100\n|switch|p2a: Heatran|Heatran, M|100\/100\n|turn|1\n|\n|t:|1700757480\n|move|p2a: Heatran|Stealth Rock|p1a: Slowking\n|-sidestart|p1: FantaShadowRYT|move: Stealth Rock\n|move|p1a: Slowking|Thunder Wave|p2a: Heatran\n|-status|p2a: Heatran|par\n|\n|upkeep\n|turn|2\n|\n|t:|1700757486\n|cant|p2a: Heatran|par\n|move|p1a: Slowking|Future Sight|p2a: Heatran\n|-start|p1a: Slowking|move: Future Sight\n|\n|upkeep\n|turn|3\n|\n|t:|1700757489\n|move|p2a: Heatran|Earth Power|p1a: Slowking\n|-supereffective|p1a: Slowking\n|-damage|p1a: Slowking|59\/100\n|move|p1a: Slowking|Chilly Reception|p1a: Slowking\n|-weather|Snow\n|\n|t:|1700757497\n|switch|p1a: Cyclizar|Cyclizar, M|100\/100|[from] Chilly Reception\n|\n|-weather|Snow|[upkeep]\n|upkeep\n|turn|4\n|\n|t:|1700757505\n|move|p1a: Cyclizar|Rapid Spin|p2a: Heatran\n|-resisted|p2a: Heatran\n|-damage|p2a: Heatran|92\/100 par\n|-boost|p1a: Cyclizar|spe|1\n|-sideend|p1: FantaShadowRYT|Stealth Rock|[from] move: Rapid Spin|[of] p1a: Cyclizar\n|move|p2a: Heatran|Magma Storm|p1a: Cyclizar\n|-resisted|p1a: Cyclizar\n|-damage|p1a: Cyclizar|65\/100\n|-activate|p1a: Cyclizar|move: Magma Storm|[of] p2a: Heatran\n|\n|-weather|Snow|[upkeep]\n|-end|p2a: Heatran|move: Future Sight\n|-resisted|p2a: Heatran\n|-damage|p2a: Heatran|77\/100 par\n|-heal|p2a: Heatran|83\/100 par|[from] item: Leftovers\n|-damage|p1a: Cyclizar|52\/100|[from] move: Magma Storm|[partiallytrapped]\n|upkeep\n|turn|5\n|\n|t:|1700757518\n|move|p1a: Cyclizar|Taunt|p2a: Heatran\n|-start|p2a: Heatran|move: Taunt\n|cant|p2a: Heatran|move: Taunt|Stealth Rock\n|\n|-weather|Snow|[upkeep]\n|-heal|p2a: Heatran|90\/100 par|[from] item: Leftovers\n|-damage|p1a: Cyclizar|40\/100|[from] move: Magma Storm|[partiallytrapped]\n|upkeep\n|turn|6\n|\n|t:|1700757520\n|move|p1a: Cyclizar|U-turn|p2a: Heatran\n|-resisted|p2a: Heatran\n|-damage|p2a: Heatran|86\/100 par\n|\n|t:|1700757523\n|switch|p1a: Tornadus|Tornadus-Therian, M, shiny|100\/100|[from] U-turn\n|move|p2a: Heatran|Earth Power|p1a: Tornadus\n|-immune|p1a: Tornadus\n|\n|-weather|Snow|[upkeep]\n|-heal|p2a: Heatran|92\/100 par|[from] item: Leftovers\n|upkeep\n|turn|7\n|\n|t:|1700757527\n|move|p1a: Tornadus|Focus Blast|p2a: Heatran\n|-supereffective|p2a: Heatran\n|-damage|p2a: Heatran|40\/100 par\n|cant|p2a: Heatran|par\n|\n|-weather|none\n|-heal|p2a: Heatran|47\/100 par|[from] item: Leftovers\n|-end|p2a: Heatran|move: Taunt\n|upkeep\n|turn|8\n|\n|t:|1700757535\n|move|p1a: Tornadus|Focus Blast|p2a: Heatran\n|-supereffective|p2a: Heatran\n|-damage|p2a: Heatran|0 fnt\n|faint|p2a: Heatran\n|\n|upkeep\n|\n|t:|1700757539\n|switch|p2a: Maushold|Maushold|100\/100\n|turn|9\n|\n|t:|1700757545\n|-terastallize|p2a: Maushold|Ghost\n|move|p1a: Tornadus|Focus Blast|p2a: Maushold\n|-immune|p2a: Maushold\n|move|p2a: Maushold|Tidy Up|p2a: Maushold\n|-boost|p2a: Maushold|atk|1\n|-boost|p2a: Maushold|spe|1\n|\n|upkeep\n|turn|10\n|\n|t:|1700757549\n|switch|p1a: Amoonguss|Amoonguss, M, shiny|100\/100\n|move|p2a: Maushold|Tidy Up|p2a: Maushold\n|-boost|p2a: Maushold|atk|1\n|-boost|p2a: Maushold|spe|1\n|\n|upkeep\n|turn|11\n|\n|t:|1700757571\n|switch|p2a: Munkidori|Munkidori, M|100\/100\n|move|p1a: Amoonguss|Spore|p2a: Munkidori\n|-status|p2a: Munkidori|slp|[from] move: Spore\n|\n|upkeep\n|turn|12\n|\n|t:|1700757580\n|switch|p1a: Tornadus|Tornadus-Therian, M, shiny|100\/100\n|cant|p2a: Munkidori|slp\n|\n|upkeep\n|turn|13\n|\n|t:|1700757589\n|switch|p2a: Mandibuzz|Mandibuzz, F|100\/100\n|move|p1a: Tornadus|Nasty Plot|p1a: Tornadus\n|-boost|p1a: Tornadus|spa|2\n|\n|upkeep\n|turn|14\n|\n|t:|1700757600\n|-terastallize|p1a: Tornadus|Flying\n|move|p1a: Tornadus|Bleakwind Storm|p2a: Mandibuzz\n|-damage|p2a: Mandibuzz|0 fnt\n|faint|p2a: Mandibuzz\n|\n|upkeep\n|\n|t:|1700757619\n|switch|p2a: Maushold|Maushold, tera:Ghost|100\/100\n|turn|15\n|\n|t:|1700757627\n|move|p1a: Tornadus|Bleakwind Storm|p2a: Maushold\n|-damage|p2a: Maushold|0 fnt\n|faint|p2a: Maushold\n|\n|upkeep\n|-message|Le2nard forfeited.\n|\n|win|FantaShadowRYT\n|raw|FantaShadowRYT's rating: 1218 &rarr; <strong>1245<\/strong><br \/>(+27 for winning)\n|raw|Le2nard's rating: 1243 &rarr; <strong>1216<\/strong><br \/>(-27 for losing)\n|l|\u2606Le2nard\n","uploadtime":1700757640,"views":1,"p1id":"fantashadowryt","p2id":"le2nard","formatid":"gen9ou","rating":1216,"private":0,"password":""}