{"id":"gen9ou-1989554737","p1":"PalletRowlet","p2":"loekma","format":"[Gen 9] OU","log":"|j|\u2606PalletRowlet\n|j|\u2606loekma\n|t:|1699870478\n|gametype|singles\n|player|p1|PalletRowlet|ghetsis|1111\n|player|p2|loekma|266|1000\n|teamsize|p1|6\n|teamsize|p2|6\n|gen|9\n|tier|[Gen 9] OU\n|rated|\n|rule|Sleep Clause Mod: Limit one foe put to sleep\n|rule|Species Clause: Limit one of each Pok\u00e9mon\n|rule|OHKO Clause: OHKO moves are banned\n|rule|Evasion Items Clause: Evasion items are banned\n|rule|Evasion Moves Clause: Evasion moves are banned\n|rule|Endless Battle Clause: Forcing endless battles is banned\n|rule|HP Percentage Mod: HP is shown in percentages\n|clearpoke\n|poke|p1|Hariyama, F|\n|poke|p1|Dragapult, F|\n|poke|p1|Cloyster, M|\n|poke|p1|Zamazenta-*|\n|poke|p1|Venomoth, F|\n|poke|p1|Espeon, F|\n|poke|p2|Clodsire, M|\n|poke|p2|Corviknight, F|\n|poke|p2|Talonflame, M|\n|poke|p2|Dondozo, M|\n|poke|p2|Toxapex, M|\n|poke|p2|Blissey, F|\n|teampreview\n|inactive|Battle timer is ON: inactive players will automatically lose when time's up. (requested by loekma)\n|\n|t:|1699870498\n|start\n|switch|p1a: Espeon|Espeon, F, shiny|100\/100\n|switch|p2a: Toxapex|Toxapex, M|100\/100\n|turn|1\n|\n|t:|1699870503\n|switch|p2a: Blissey|Blissey, F, shiny|100\/100\n|move|p1a: Espeon|Light Screen|p1a: Espeon\n|-sidestart|p1: PalletRowlet|move: Light Screen\n|\n|upkeep\n|turn|2\n|\n|t:|1699870507\n|move|p1a: Espeon|Reflect|p1a: Espeon\n|-sidestart|p1: PalletRowlet|Reflect\n|move|p2a: Blissey|Seismic Toss|p1a: Espeon\n|-damage|p1a: Espeon|71\/100\n|\n|upkeep\n|turn|3\n|\n|t:|1699870512\n|switch|p1a: Hariyama|Hariyama, F, shiny|100\/100\n|move|p2a: Blissey|Seismic Toss|p1a: Hariyama\n|-damage|p1a: Hariyama|77\/100\n|\n|upkeep\n|turn|4\n|\n|t:|1699870518\n|switch|p2a: Corviknight|Corviknight, F|100\/100\n|-ability|p2a: Corviknight|Pressure\n|-terastallize|p1a: Hariyama|Steel\n|move|p1a: Hariyama|Belly Drum|p1a: Hariyama\n|-damage|p1a: Hariyama|27\/100\n|-setboost|p1a: Hariyama|atk|6|[from] move: Belly Drum\n|-enditem|p1a: Hariyama|Sitrus Berry|[eat]\n|-heal|p1a: Hariyama|52\/100|[from] item: Sitrus Berry\n|\n|upkeep\n|turn|5\n|\n|t:|1699870529\n|move|p2a: Corviknight|Body Press|p1a: Hariyama\n|-supereffective|p1a: Hariyama\n|-damage|p1a: Hariyama|25\/100\n|move|p1a: Hariyama|Drain Punch|p2a: Corviknight\n|-damage|p2a: Corviknight|0 fnt\n|-heal|p1a: Hariyama|71\/100|[from] drain|[of] p2a: Corviknight\n|-damage|p1a: Hariyama|55\/100|[from] item: Rocky Helmet|[of] p2a: Corviknight\n|faint|p2a: Corviknight\n|\n|upkeep\n|\n|t:|1699870535\n|switch|p2a: Dondozo|Dondozo, M|100\/100\n|turn|6\n|\n|t:|1699870539\n|move|p1a: Hariyama|Knock Off|p2a: Dondozo\n|-crit|p2a: Dondozo\n|-damage|p2a: Dondozo|77\/100\n|-enditem|p2a: Dondozo|Heavy-Duty Boots|[from] move: Knock Off|[of] p1a: Hariyama\n|move|p2a: Dondozo|Body Press|p1a: Hariyama\n|-supereffective|p1a: Hariyama\n|-damage|p1a: Hariyama|26\/100\n|\n|upkeep\n|turn|7\n|\n|t:|1699870548\n|move|p1a: Hariyama|Drain Punch|p2a: Dondozo\n|-damage|p2a: Dondozo|57\/100\n|-heal|p1a: Hariyama|38\/100|[from] drain|[of] p2a: Dondozo\n|move|p2a: Dondozo|Body Press|p1a: Hariyama\n|-supereffective|p1a: Hariyama\n|-damage|p1a: Hariyama|7\/100\n|\n|upkeep\n|turn|8\n|\n|t:|1699870555\n|move|p1a: Hariyama|Drain Punch|p2a: Dondozo\n|-damage|p2a: Dondozo|39\/100\n|-heal|p1a: Hariyama|18\/100|[from] drain|[of] p2a: Dondozo\n|move|p2a: Dondozo|Rest|p2a: Dondozo\n|-status|p2a: Dondozo|slp|[from] move: Rest\n|-heal|p2a: Dondozo|100\/100 slp|[silent]\n|\n|-sideend|p1: PalletRowlet|move: Light Screen\n|upkeep\n|turn|9\n|inactive|PalletRowlet has 120 seconds left.\n|\n|t:|1699870592\n|switch|p1a: Venomoth|Venomoth, F, shiny|100\/100\n|cant|p2a: Dondozo|slp\n|move|p2a: Dondozo|Sleep Talk|p2a: Dondozo\n|move|p2a: Dondozo|Rest||[from]move: Sleep Talk|[still]\n|-fail|p2a: Dondozo\n|\n|-sideend|p1: PalletRowlet|Reflect\n|upkeep\n|turn|10\n|inactive|PalletRowlet has 120 seconds left.\n|\n|t:|1699870600\n|switch|p2a: Blissey|Blissey, F, shiny|100\/100\n|move|p1a: Venomoth|Quiver Dance|p1a: Venomoth\n|-boost|p1a: Venomoth|spa|1\n|-boost|p1a: Venomoth|spd|1\n|-boost|p1a: Venomoth|spe|1\n|\n|upkeep\n|turn|11\n|\n|t:|1699870606\n|move|p1a: Venomoth|Sleep Powder|p2a: Blissey\n|-status|p2a: Blissey|slp|[from] move: Sleep Powder\n|cant|p2a: Blissey|slp\n|\n|upkeep\n|turn|12\n|\n|t:|1699870610\n|move|p1a: Venomoth|Quiver Dance|p1a: Venomoth\n|-boost|p1a: Venomoth|spa|1\n|-boost|p1a: Venomoth|spd|1\n|-boost|p1a: Venomoth|spe|1\n|-curestatus|p2a: Blissey|slp|[msg]\n|move|p2a: Blissey|Stealth Rock|p1a: Venomoth\n|-sidestart|p1: PalletRowlet|move: Stealth Rock\n|\n|upkeep\n|turn|13\n|\n|t:|1699870619\n|switch|p2a: Talonflame|Talonflame, M|100\/100\n|move|p1a: Venomoth|Sleep Powder|p2a: Talonflame\n|-status|p2a: Talonflame|slp|[from] move: Sleep Powder\n|\n|upkeep\n|turn|14\n|\n|t:|1699870624\n|switch|p2a: Clodsire|Clodsire, M|100\/100\n|move|p1a: Venomoth|Quiver Dance|p1a: Venomoth\n|-boost|p1a: Venomoth|spa|1\n|-boost|p1a: Venomoth|spd|1\n|-boost|p1a: Venomoth|spe|1\n|\n|upkeep\n|turn|15\n|\n|t:|1699870632\n|move|p1a: Venomoth|Bug Buzz|p2a: Clodsire\n|-resisted|p2a: Clodsire\n|-damage|p2a: Clodsire|79\/100\n|move|p2a: Clodsire|Earthquake|p1a: Venomoth\n|-damage|p1a: Venomoth|47\/100\n|\n|upkeep\n|turn|16\n|\n|t:|1699870638\n|move|p1a: Venomoth|Bug Buzz|p2a: Clodsire\n|-resisted|p2a: Clodsire\n|-damage|p2a: Clodsire|60\/100\n|-unboost|p2a: Clodsire|spd|1\n|move|p2a: Clodsire|Earthquake|p1a: Venomoth\n|-damage|p1a: Venomoth|0 fnt\n|faint|p1a: Venomoth\n|\n|upkeep\n|\n|t:|1699870647\n|switch|p1a: Dragapult|Dragapult, F|100\/100\n|-damage|p1a: Dragapult|88\/100|[from] Stealth Rock\n|turn|17\n|\n|t:|1699870652\n|move|p1a: Dragapult|Draco Meteor|p2a: Clodsire\n|-damage|p2a: Clodsire|0 fnt\n|-unboost|p1a: Dragapult|spa|2\n|faint|p2a: Clodsire\n|\n|upkeep\n|\n|t:|1699870655\n|switch|p2a: Blissey|Blissey, F, shiny|100\/100\n|turn|18\n|\n|t:|1699870662\n|switch|p1a: Zamazenta|Zamazenta|100\/100\n|-damage|p1a: Zamazenta|94\/100|[from] Stealth Rock\n|-ability|p1a: Zamazenta|Dauntless Shield|boost\n|-boost|p1a: Zamazenta|def|1\n|move|p2a: Blissey|Shadow Ball|p1a: Zamazenta\n|-crit|p1a: Zamazenta\n|-damage|p1a: Zamazenta|76\/100\n|\n|-heal|p1a: Zamazenta|82\/100|[from] item: Leftovers\n|upkeep\n|turn|19\n|\n|t:|1699870672\n|switch|p2a: Talonflame|Talonflame, M|100\/100 slp\n|move|p1a: Zamazenta|Body Press|p2a: Talonflame\n|-resisted|p2a: Talonflame\n|-damage|p2a: Talonflame|78\/100 slp\n|\n|-heal|p1a: Zamazenta|89\/100|[from] item: Leftovers\n|upkeep\n|turn|20\n|\n|t:|1699870682\n|move|p1a: Zamazenta|Iron Defense|p1a: Zamazenta\n|-boost|p1a: Zamazenta|def|2\n|cant|p2a: Talonflame|slp\n|\n|-heal|p1a: Zamazenta|95\/100|[from] item: Leftovers\n|upkeep\n|turn|21\n|\n|t:|1699870688\n|move|p1a: Zamazenta|Substitute|p1a: Zamazenta\n|-start|p1a: Zamazenta|Substitute\n|-damage|p1a: Zamazenta|70\/100\n|cant|p2a: Talonflame|slp\n|\n|-heal|p1a: Zamazenta|76\/100|[from] item: Leftovers\n|upkeep\n|turn|22\n|\n|t:|1699870694\n|switch|p2a: Toxapex|Toxapex, M|100\/100\n|move|p1a: Zamazenta|Crunch|p2a: Toxapex\n|-damage|p2a: Toxapex|87\/100\n|\n|-heal|p1a: Zamazenta|82\/100|[from] item: Leftovers\n|upkeep\n|turn|23\n|\n|t:|1699870701\n|move|p1a: Zamazenta|Crunch|p2a: Toxapex\n|-damage|p2a: Toxapex|73\/100\n|move|p2a: Toxapex|Haze|p2a: Toxapex\n|-clearallboost\n|\n|-heal|p1a: Zamazenta|88\/100|[from] item: Leftovers\n|upkeep\n|turn|24\n|\n|t:|1699870708\n|switch|p2a: Talonflame|Talonflame, M|78\/100 slp\n|move|p1a: Zamazenta|Crunch|p2a: Talonflame\n|-damage|p2a: Talonflame|57\/100 slp\n|\n|-heal|p1a: Zamazenta|95\/100|[from] item: Leftovers\n|upkeep\n|turn|25\n|\n|t:|1699870715\n|move|p1a: Zamazenta|Crunch|p2a: Talonflame\n|-damage|p2a: Talonflame|34\/100 slp\n|-status|p1a: Zamazenta|brn|[from] ability: Flame Body|[of] p2a: Talonflame\n|-curestatus|p2a: Talonflame|slp|[msg]\n|move|p2a: Talonflame|Flamethrower|p1a: Zamazenta\n|-activate|p1a: Zamazenta|move: Substitute|[damage]\n|\n|-heal|p1a: Zamazenta|100\/100 brn|[from] item: Leftovers\n|-damage|p1a: Zamazenta|94\/100 brn|[from] brn\n|upkeep\n|turn|26\n|\n|t:|1699870726\n|move|p1a: Zamazenta|Crunch|p2a: Talonflame\n|-damage|p2a: Talonflame|24\/100\n|move|p2a: Talonflame|Roost|p2a: Talonflame\n|-heal|p2a: Talonflame|74\/100\n|-singleturn|p2a: Talonflame|move: Roost\n|\n|-heal|p1a: Zamazenta|100\/100 brn|[from] item: Leftovers\n|-damage|p1a: Zamazenta|94\/100 brn|[from] brn\n|upkeep\n|turn|27\n|\n|t:|1699870736\n|switch|p1a: Cloyster|Cloyster, M|100\/100\n|-damage|p1a: Cloyster|76\/100|[from] Stealth Rock\n|move|p2a: Talonflame|Flamethrower|p1a: Cloyster\n|-damage|p1a: Cloyster|9\/100\n|\n|upkeep\n|turn|28\n|\n|t:|1699870745\n|move|p2a: Talonflame|Flamethrower|p1a: Cloyster\n|-crit|p1a: Cloyster\n|-damage|p1a: Cloyster|0 fnt\n|faint|p1a: Cloyster\n|\n|upkeep\n|\n|t:|1699870749\n|switch|p1a: Dragapult|Dragapult, F|88\/100\n|-damage|p1a: Dragapult|76\/100|[from] Stealth Rock\n|turn|29\n|\n|t:|1699870753\n|switch|p2a: Blissey|Blissey, F, shiny|100\/100\n|move|p1a: Dragapult|Draco Meteor|p2a: Blissey\n|-damage|p2a: Blissey|76\/100\n|-unboost|p1a: Dragapult|spa|2\n|\n|upkeep\n|turn|30\n|-message|PalletRowlet forfeited.\n|\n|win|loekma\n|raw|PalletRowlet's rating: 1111 &rarr; <strong>1078<\/strong><br \/>(-33 for losing)\n|raw|loekma's rating: 1000 &rarr; <strong>1052<\/strong><br \/>(+52 for winning)\n","uploadtime":1699870766,"views":7,"p1id":"palletrowlet","p2id":"loekma","formatid":"gen9ou","rating":1052,"private":0,"password":""}