{"id":"gen9ou-1996769065","p1":"illinoids","p2":"Geneva Con","format":"[Gen 9] OU","log":"|j|\u2606illinoids\n|j|\u2606Geneva Con\n|t:|1700722145\n|gametype|singles\n|player|p1|illinoids|cheryl|1238\n|player|p2|Geneva Con|gardenia|1323\n|teamsize|p1|6\n|teamsize|p2|6\n|gen|9\n|tier|[Gen 9] OU\n|rated|\n|rule|Sleep Clause Mod: Limit one foe put to sleep\n|rule|Species Clause: Limit one of each Pok\u00e9mon\n|rule|OHKO Clause: OHKO moves are banned\n|rule|Evasion Items Clause: Evasion items are banned\n|rule|Evasion Moves Clause: Evasion moves are banned\n|rule|Endless Battle Clause: Forcing endless battles is banned\n|rule|HP Percentage Mod: HP is shown in percentages\n|clearpoke\n|poke|p1|Flamigo, M|\n|poke|p1|Garganacl, F|\n|poke|p1|Great Tusk|\n|poke|p1|Heatran, F|\n|poke|p1|Zapdos|\n|poke|p1|Walking Wake|\n|poke|p2|Conkeldurr, F|\n|poke|p2|Dragapult, F|\n|poke|p2|Alomomola, F|\n|poke|p2|Heatran, F|\n|poke|p2|Mandibuzz, F|\n|poke|p2|Great Tusk|\n|teampreview\n|inactive|Battle timer is ON: inactive players will automatically lose when time's up. (requested by illinoids)\n|inactive|Geneva Con has 120 seconds left.\n|\n|t:|1700722176\n|start\n|switch|p1a: Flamigo|Flamigo, M|100\/100\n|switch|p2a: Huge Axeman|Conkeldurr, F|100\/100\n|turn|1\n|\n|t:|1700722185\n|switch|p2a: Toad Database|Heatran, F|100\/100\n|move|p1a: Flamigo|Brave Bird|p2a: Toad Database\n|-resisted|p2a: Toad Database\n|-damage|p2a: Toad Database|65\/100\n|-damage|p1a: Flamigo|86\/100|[from] Recoil\n|\n|-heal|p2a: Toad Database|71\/100|[from] item: Leftovers\n|upkeep\n|turn|2\n|\n|t:|1700722200\n|switch|p1a: Walking Wake|Walking Wake|100\/100\n|switch|p2a: Whopper|Mandibuzz, F|100\/100\n|\n|upkeep\n|turn|3\n|\n|t:|1700722208\n|move|p1a: Walking Wake|Scald|p2a: Whopper\n|-damage|p2a: Whopper|64\/100\n|move|p2a: Whopper|U-turn|p1a: Walking Wake\n|-damage|p1a: Walking Wake|88\/100\n|\n|t:|1700722213\n|switch|p2a: Huge Axeman|Conkeldurr, F|100\/100|[from] U-turn\n|\n|-status|p2a: Huge Axeman|brn|[from] item: Flame Orb\n|upkeep\n|turn|4\n|\n|t:|1700722231\n|switch|p2a: Manny from Ice Age|Great Tusk|100\/100\n|move|p1a: Walking Wake|Draco Meteor|p2a: Manny from Ice Age\n|-damage|p2a: Manny from Ice Age|0 fnt\n|-unboost|p1a: Walking Wake|spa|2\n|faint|p2a: Manny from Ice Age\n|-end|p2a: Manny from Ice Age|Protosynthesis|[silent]\n|\n|upkeep\n|\n|t:|1700722252\n|switch|p2a: I Want A Snake|Dragapult, F|100\/100\n|turn|5\n|\n|t:|1700722274\n|-terastallize|p1a: Walking Wake|Steel\n|move|p2a: I Want A Snake|Dragon Darts|p1a: Walking Wake\n|-resisted|p1a: Walking Wake\n|-damage|p1a: Walking Wake|65\/100\n|-anim|p2a: I Want A Snake|Dragon Darts|p1a: Walking Wake\n|-resisted|p1a: Walking Wake\n|-damage|p1a: Walking Wake|43\/100\n|move|p1a: Walking Wake|Draco Meteor|p2a: I Want A Snake\n|-supereffective|p2a: I Want A Snake\n|-damage|p2a: I Want A Snake|13\/100\n|-unboost|p1a: Walking Wake|spa|2\n|\n|upkeep\n|turn|6\n|\n|t:|1700722284\n|move|p2a: I Want A Snake|Dragon Darts|p1a: Walking Wake\n|-resisted|p1a: Walking Wake\n|-damage|p1a: Walking Wake|23\/100\n|-anim|p2a: I Want A Snake|Dragon Darts|p1a: Walking Wake\n|-resisted|p1a: Walking Wake\n|-damage|p1a: Walking Wake|3\/100\n|move|p1a: Walking Wake|Flip Turn|p2a: I Want A Snake\n|-resisted|p2a: I Want A Snake\n|-damage|p2a: I Want A Snake|2\/100\n|\n|t:|1700722294\n|-end|p1a: Walking Wake|Protosynthesis|[silent]\n|switch|p1a: Garganacl|Garganacl, F|100\/100|[from] Flip Turn\n|\n|upkeep\n|turn|7\n|\n|t:|1700722302\n|move|p2a: I Want A Snake|Dragon Darts|p1a: Garganacl\n|-damage|p1a: Garganacl|75\/100\n|-anim|p2a: I Want A Snake|Dragon Darts|p1a: Garganacl\n|-damage|p1a: Garganacl|48\/100\n|move|p1a: Garganacl|Iron Defense|p1a: Garganacl\n|-boost|p1a: Garganacl|def|2\n|\n|-heal|p1a: Garganacl|55\/100|[from] item: Leftovers\n|upkeep\n|turn|8\n|\n|t:|1700722314\n|switch|p2a: When You're Ugly|Alomomola, F|100\/100\n|move|p1a: Garganacl|Recover|p1a: Garganacl\n|-heal|p1a: Garganacl|100\/100\n|\n|upkeep\n|turn|9\n|\n|t:|1700722323\n|move|p2a: When You're Ugly|Flip Turn|p1a: Garganacl\n|-supereffective|p1a: Garganacl\n|-damage|p1a: Garganacl|89\/100\n|\n|t:|1700722326\n|switch|p2a: Huge Axeman|Conkeldurr, F|100\/100 brn|[from] Flip Turn\n|move|p1a: Garganacl|Salt Cure|p2a: Huge Axeman\n|-resisted|p2a: Huge Axeman\n|-damage|p2a: Huge Axeman|93\/100 brn\n|-start|p2a: Huge Axeman|Salt Cure\n|\n|-heal|p1a: Garganacl|96\/100|[from] item: Leftovers\n|-damage|p2a: Huge Axeman|87\/100 brn|[from] brn\n|-damage|p2a: Huge Axeman|75\/100 brn|[from] Salt Cure\n|upkeep\n|turn|10\n|\n|t:|1700722338\n|move|p2a: Huge Axeman|Drain Punch|p1a: Garganacl\n|-supereffective|p1a: Garganacl\n|-damage|p1a: Garganacl|48\/100\n|-heal|p2a: Huge Axeman|100\/100 brn|[from] drain|[of] p1a: Garganacl\n|move|p1a: Garganacl|Body Press|p2a: Huge Axeman\n|-damage|p2a: Huge Axeman|50\/100 brn\n|\n|-heal|p1a: Garganacl|54\/100|[from] item: Leftovers\n|-damage|p2a: Huge Axeman|44\/100 brn|[from] brn\n|-damage|p2a: Huge Axeman|31\/100 brn|[from] Salt Cure\n|upkeep\n|turn|11\n|\n|t:|1700722355\n|switch|p2a: I Want A Snake|Dragapult, F|2\/100\n|switch|p1a: Walking Wake|Walking Wake, tera:Steel|3\/100\n|\n|upkeep\n|turn|12\n|\n|t:|1700722360\n|move|p2a: I Want A Snake|U-turn|p1a: Walking Wake\n|-resisted|p1a: Walking Wake\n|-damage|p1a: Walking Wake|0 fnt\n|faint|p1a: Walking Wake\n|-end|p1a: Walking Wake|Protosynthesis|[silent]\n|\n|t:|1700722363\n|switch|p2a: When You're Ugly|Alomomola, F|100\/100|[from] U-turn\n|\n|upkeep\n|\n|t:|1700722373\n|switch|p1a: Zapdos|Zapdos|100\/100\n|turn|13\n|\n|t:|1700722377\n|move|p1a: Zapdos|Volt Switch|p2a: When You're Ugly\n|-supereffective|p2a: When You're Ugly\n|-damage|p2a: When You're Ugly|56\/100\n|-enditem|p2a: When You're Ugly|Red Card|[of] p1a: Zapdos\n|drag|p1a: Heatran|Heatran, F|100\/100\n|move|p2a: When You're Ugly|Wish|p2a: When You're Ugly\n|\n|upkeep\n|turn|14\n|\n|t:|1700722389\n|move|p1a: Heatran|Stealth Rock|p2a: When You're Ugly\n|-sidestart|p2: Geneva Con|move: Stealth Rock\n|move|p2a: When You're Ugly|Flip Turn|p1a: Heatran\n|-supereffective|p1a: Heatran\n|-damage|p1a: Heatran|70\/100\n|\n|t:|1700722393\n|switch|p2a: Huge Axeman|Conkeldurr, F|31\/100 brn|[from] Flip Turn\n|-damage|p2a: Huge Axeman|25\/100 brn|[from] Stealth Rock\n|\n|-heal|p2a: Huge Axeman|100\/100 brn|[from] move: Wish|[wisher] When You're Ugly\n|-heal|p1a: Heatran|77\/100|[from] item: Leftovers\n|-damage|p2a: Huge Axeman|95\/100 brn|[from] brn\n|upkeep\n|turn|15\n|\n|t:|1700722403\n|switch|p1a: Great Tusk|Great Tusk|100\/100\n|move|p2a: Huge Axeman|Drain Punch|p1a: Great Tusk\n|-damage|p1a: Great Tusk|60\/100\n|-heal|p2a: Huge Axeman|100\/100 brn|[from] drain|[of] p1a: Great Tusk\n|\n|-heal|p1a: Great Tusk|66\/100|[from] item: Leftovers\n|-damage|p2a: Huge Axeman|95\/100 brn|[from] brn\n|upkeep\n|turn|16\n|\n|t:|1700722411\n|move|p1a: Great Tusk|Bulk Up|p1a: Great Tusk\n|-boost|p1a: Great Tusk|atk|1\n|-boost|p1a: Great Tusk|def|1\n|move|p2a: Huge Axeman|Knock Off|p1a: Great Tusk\n|-resisted|p1a: Great Tusk\n|-damage|p1a: Great Tusk|55\/100\n|-enditem|p1a: Great Tusk|Leftovers|[from] move: Knock Off|[of] p2a: Huge Axeman\n|\n|-damage|p2a: Huge Axeman|89\/100 brn|[from] brn\n|upkeep\n|turn|17\n|\n|t:|1700722419\n|switch|p2a: Whopper|Mandibuzz, F|64\/100\n|move|p1a: Great Tusk|Bulk Up|p1a: Great Tusk\n|-boost|p1a: Great Tusk|atk|1\n|-boost|p1a: Great Tusk|def|1\n|\n|upkeep\n|turn|18\n|\n|t:|1700722433\n|move|p1a: Great Tusk|Ice Spinner|p2a: Whopper\n|-supereffective|p2a: Whopper\n|-damage|p2a: Whopper|8\/100\n|move|p2a: Whopper|Foul Play|p1a: Great Tusk\n|-resisted|p1a: Great Tusk\n|-damage|p1a: Great Tusk|41\/100\n|\n|upkeep\n|turn|19\n|\n|t:|1700722462\n|move|p1a: Great Tusk|Rapid Spin|p2a: Whopper\n|-damage|p2a: Whopper|0 fnt\n|-boost|p1a: Great Tusk|spe|1\n|faint|p2a: Whopper\n|\n|upkeep\n|inactive|Geneva Con has 120 seconds left.\n|\n|t:|1700722475\n|switch|p2a: When You're Ugly|Alomomola, F|90\/100\n|-damage|p2a: When You're Ugly|77\/100|[from] Stealth Rock\n|turn|20\n|\n|t:|1700722483\n|move|p1a: Great Tusk|Headlong Rush|p2a: When You're Ugly\n|-damage|p2a: When You're Ugly|0 fnt\n|-unboost|p1a: Great Tusk|def|1\n|-unboost|p1a: Great Tusk|spd|1\n|faint|p2a: When You're Ugly\n|\n|upkeep\n|\n|t:|1700722486\n|switch|p2a: Huge Axeman|Conkeldurr, F|89\/100 brn\n|-damage|p2a: Huge Axeman|83\/100 brn|[from] Stealth Rock\n|turn|21\n|\n|t:|1700722495\n|move|p1a: Great Tusk|Headlong Rush|p2a: Huge Axeman\n|-damage|p2a: Huge Axeman|0 fnt\n|-unboost|p1a: Great Tusk|def|1\n|-unboost|p1a: Great Tusk|spd|1\n|faint|p2a: Huge Axeman\n|\n|upkeep\n|-message|Geneva Con forfeited.\n|\n|win|illinoids\n|raw|illinoids's rating: 1238 &rarr; <strong>1269<\/strong><br \/>(+31 for winning)\n|raw|Geneva Con's rating: 1323 &rarr; <strong>1298<\/strong><br \/>(-25 for losing)\n|l|\u2606Geneva Con\n","uploadtime":1700722504,"views":11,"p1id":"illinoids","p2id":"genevacon","formatid":"gen9ou","rating":1269,"private":0,"password":""}