{"id":"gen9ou-1992122786","p1":"Funylioon2","p2":"sir sardou","format":"[Gen 9] OU","log":"|j|\u2606Funylioon2\n|j|\u2606sir sardou\n|t:|1700156945\n|gametype|singles\n|player|p1|Funylioon2|piers|1344\n|player|p2|sir sardou|veteran|1368\n|teamsize|p1|6\n|teamsize|p2|6\n|gen|9\n|tier|[Gen 9] OU\n|rated|\n|rule|Sleep Clause Mod: Limit one foe put to sleep\n|rule|Species Clause: Limit one of each Pok\u00e9mon\n|rule|OHKO Clause: OHKO moves are banned\n|rule|Evasion Items Clause: Evasion items are banned\n|rule|Evasion Moves Clause: Evasion moves are banned\n|rule|Endless Battle Clause: Forcing endless battles is banned\n|rule|HP Percentage Mod: HP is shown in percentages\n|clearpoke\n|poke|p1|Maushold|\n|poke|p1|Rillaboom, F|\n|poke|p1|Great Tusk|\n|poke|p1|Heatran, M|\n|poke|p1|Enamorus, F|\n|poke|p1|Kingambit, M|\n|poke|p2|Samurott-Hisui, M|\n|poke|p2|Gholdengo|\n|poke|p2|Ceruledge, M|\n|poke|p2|Rillaboom, M|\n|poke|p2|Zamazenta-*|\n|poke|p2|Great Tusk|\n|teampreview\n|inactive|Battle timer is ON: inactive players will automatically lose when time's up. (requested by Funylioon2)\n|\n|t:|1700156959\n|start\n|switch|p1a: Enamorus|Enamorus, F|100\/100\n|switch|p2a: Samurott|Samurott-Hisui, M, shiny|100\/100\n|turn|1\n|\n|t:|1700156970\n|move|p1a: Enamorus|Moonblast|p2a: Samurott\n|-supereffective|p2a: Samurott\n|-damage|p2a: Samurott|0 fnt\n|faint|p2a: Samurott\n|\n|upkeep\n|\n|t:|1700156974\n|switch|p2a: Gholdengo|Gholdengo|100\/100\n|turn|2\n|\n|t:|1700156978\n|switch|p1a: Heatran|Heatran, M|100\/100\n|move|p2a: Gholdengo|Make It Rain|p1a: Heatran\n|-resisted|p1a: Heatran\n|-damage|p1a: Heatran|91\/100\n|-unboost|p2a: Gholdengo|spa|1\n|\n|-heal|p1a: Heatran|97\/100|[from] item: Leftovers\n|upkeep\n|turn|3\n|\n|t:|1700156994\n|switch|p2a: Great Tusk|Great Tusk|100\/100\n|-enditem|p2a: Great Tusk|Booster Energy\n|-activate|p2a: Great Tusk|ability: Protosynthesis|[fromitem]\n|-start|p2a: Great Tusk|protosynthesisspe\n|move|p1a: Heatran|Stealth Rock|p2a: Great Tusk\n|-sidestart|p2: sir sardou|move: Stealth Rock\n|\n|-heal|p1a: Heatran|100\/100|[from] item: Leftovers\n|upkeep\n|turn|4\n|\n|t:|1700157006\n|switch|p1a: Great Tusk|Great Tusk|100\/100\n|move|p2a: Great Tusk|High Horsepower|p1a: Great Tusk|[miss]\n|-miss|p2a: Great Tusk|p1a: Great Tusk\n|\n|upkeep\n|turn|5\n|\n|t:|1700157013\n|move|p2a: Great Tusk|Ice Spinner|p1a: Great Tusk\n|-supereffective|p1a: Great Tusk\n|-damage|p1a: Great Tusk|73\/100\n|move|p1a: Great Tusk|Bulk Up|p1a: Great Tusk\n|-boost|p1a: Great Tusk|atk|1\n|-boost|p1a: Great Tusk|def|1\n|\n|-heal|p1a: Great Tusk|79\/100|[from] item: Leftovers\n|upkeep\n|turn|6\n|\n|t:|1700157018\n|move|p2a: Great Tusk|Rapid Spin|p1a: Great Tusk\n|-damage|p1a: Great Tusk|72\/100\n|-boost|p2a: Great Tusk|spe|1\n|-sideend|p2: sir sardou|Stealth Rock|[from] move: Rapid Spin|[of] p2a: Great Tusk\n|move|p1a: Great Tusk|Bulk Up|p1a: Great Tusk\n|-boost|p1a: Great Tusk|atk|1\n|-boost|p1a: Great Tusk|def|1\n|\n|-heal|p1a: Great Tusk|79\/100|[from] item: Leftovers\n|upkeep\n|turn|7\n|\n|t:|1700157024\n|move|p2a: Great Tusk|Bulk Up|p2a: Great Tusk\n|-boost|p2a: Great Tusk|atk|1\n|-boost|p2a: Great Tusk|def|1\n|move|p1a: Great Tusk|Rapid Spin|p2a: Great Tusk\n|-damage|p2a: Great Tusk|88\/100\n|-boost|p1a: Great Tusk|spe|1\n|\n|-heal|p1a: Great Tusk|85\/100|[from] item: Leftovers\n|upkeep\n|turn|8\n|\n|t:|1700157029\n|move|p2a: Great Tusk|Ice Spinner|p1a: Great Tusk\n|-supereffective|p1a: Great Tusk\n|-damage|p1a: Great Tusk|64\/100\n|move|p1a: Great Tusk|Rapid Spin|p2a: Great Tusk\n|-damage|p2a: Great Tusk|76\/100\n|-boost|p1a: Great Tusk|spe|1\n|\n|-heal|p1a: Great Tusk|70\/100|[from] item: Leftovers\n|upkeep\n|turn|9\n|\n|t:|1700157033\n|move|p2a: Great Tusk|Ice Spinner|p1a: Great Tusk\n|-supereffective|p1a: Great Tusk\n|-damage|p1a: Great Tusk|47\/100\n|move|p1a: Great Tusk|Bulk Up|p1a: Great Tusk\n|-boost|p1a: Great Tusk|atk|1\n|-boost|p1a: Great Tusk|def|1\n|\n|-heal|p1a: Great Tusk|53\/100|[from] item: Leftovers\n|upkeep\n|turn|10\n|\n|t:|1700157041\n|move|p2a: Great Tusk|Rapid Spin|p1a: Great Tusk\n|-damage|p1a: Great Tusk|47\/100\n|-boost|p2a: Great Tusk|spe|1\n|move|p1a: Great Tusk|Bulk Up|p1a: Great Tusk\n|-boost|p1a: Great Tusk|atk|1\n|-boost|p1a: Great Tusk|def|1\n|\n|-heal|p1a: Great Tusk|53\/100|[from] item: Leftovers\n|upkeep\n|turn|11\n|\n|t:|1700157045\n|move|p2a: Great Tusk|Bulk Up|p2a: Great Tusk\n|-boost|p2a: Great Tusk|atk|1\n|-boost|p2a: Great Tusk|def|1\n|move|p1a: Great Tusk|Rapid Spin|p2a: Great Tusk\n|-damage|p2a: Great Tusk|61\/100\n|-boost|p1a: Great Tusk|spe|1\n|\n|-heal|p1a: Great Tusk|60\/100|[from] item: Leftovers\n|upkeep\n|turn|12\n|\n|t:|1700157051\n|move|p2a: Great Tusk|Bulk Up|p2a: Great Tusk\n|-boost|p2a: Great Tusk|atk|1\n|-boost|p2a: Great Tusk|def|1\n|move|p1a: Great Tusk|Rapid Spin|p2a: Great Tusk\n|-damage|p2a: Great Tusk|50\/100\n|-boost|p1a: Great Tusk|spe|1\n|\n|-heal|p1a: Great Tusk|66\/100|[from] item: Leftovers\n|upkeep\n|turn|13\n|\n|t:|1700157056\n|move|p2a: Great Tusk|Ice Spinner|p1a: Great Tusk\n|-supereffective|p1a: Great Tusk\n|-damage|p1a: Great Tusk|40\/100\n|move|p1a: Great Tusk|Bulk Up|p1a: Great Tusk\n|-boost|p1a: Great Tusk|atk|1\n|-boost|p1a: Great Tusk|def|1\n|\n|-heal|p1a: Great Tusk|46\/100|[from] item: Leftovers\n|upkeep\n|turn|14\n|\n|t:|1700157067\n|move|p1a: Great Tusk|Bulk Up|p1a: Great Tusk\n|-boost|p1a: Great Tusk|atk|1\n|-boost|p1a: Great Tusk|def|1\n|move|p2a: Great Tusk|Bulk Up|p2a: Great Tusk\n|-boost|p2a: Great Tusk|atk|1\n|-boost|p2a: Great Tusk|def|1\n|\n|-heal|p1a: Great Tusk|53\/100|[from] item: Leftovers\n|upkeep\n|turn|15\n|\n|t:|1700157071\n|move|p2a: Great Tusk|Bulk Up|p2a: Great Tusk\n|-boost|p2a: Great Tusk|atk|1\n|-boost|p2a: Great Tusk|def|1\n|move|p1a: Great Tusk|Ice Spinner|p2a: Great Tusk\n|-supereffective|p2a: Great Tusk\n|-damage|p2a: Great Tusk|15\/100\n|\n|-heal|p1a: Great Tusk|59\/100|[from] item: Leftovers\n|upkeep\n|turn|16\n|\n|t:|1700157083\n|move|p1a: Great Tusk|Ice Spinner|p2a: Great Tusk\n|-supereffective|p2a: Great Tusk\n|-damage|p2a: Great Tusk|0 fnt\n|faint|p2a: Great Tusk\n|-end|p2a: Great Tusk|Protosynthesis|[silent]\n|\n|-heal|p1a: Great Tusk|65\/100|[from] item: Leftovers\n|upkeep\n|\n|t:|1700157091\n|switch|p2a: Ceruledge|Ceruledge, M|100\/100\n|turn|17\n|\n|t:|1700157099\n|move|p1a: Great Tusk|Headlong Rush|p2a: Ceruledge\n|-supereffective|p2a: Ceruledge\n|-enditem|p2a: Ceruledge|Focus Sash\n|-damage|p2a: Ceruledge|1\/100\n|-unboost|p1a: Great Tusk|def|1\n|-unboost|p1a: Great Tusk|spd|1\n|-ability|p2a: Ceruledge|Weak Armor|boost\n|-unboost|p2a: Ceruledge|def|1\n|-boost|p2a: Ceruledge|spe|2\n|move|p2a: Ceruledge|Bitter Blade|p1a: Great Tusk\n|-damage|p1a: Great Tusk|57\/100\n|-heal|p2a: Ceruledge|7\/100|[from] drain|[of] p1a: Great Tusk\n|\n|-heal|p1a: Great Tusk|63\/100|[from] item: Leftovers\n|upkeep\n|turn|18\n|-message|sir sardou forfeited.\n|\n|win|Funylioon2\n|raw|Funylioon2's rating: 1344 &rarr; <strong>1365<\/strong><br \/>(+21 for winning)\n|raw|sir sardou's rating: 1368 &rarr; <strong>1347<\/strong><br \/>(-21 for losing)\n|l|\u2606sir sardou\n","uploadtime":1700157113,"views":7,"p1id":"funylioon2","p2id":"sirsardou","formatid":"gen9ou","rating":1347,"private":0,"password":""}