{"id":"gen9ou-1997501583","p1":"Multiscale Tusk 69","p2":"shamoned32","format":"[Gen 9] OU","log":"|j|\u2606Multiscale Tusk 69\n|j|\u2606shamoned32\n|t:|1700816302\n|gametype|singles\n|player|p1|Multiscale Tusk 69|biker-gen4|1451\n|player|p2|shamoned32|blue-gen2|1475\n|teamsize|p1|6\n|teamsize|p2|6\n|gen|9\n|tier|[Gen 9] OU\n|rated|\n|rule|Sleep Clause Mod: Limit one foe put to sleep\n|rule|Species Clause: Limit one of each Pok\u00e9mon\n|rule|OHKO Clause: OHKO moves are banned\n|rule|Evasion Items Clause: Evasion items are banned\n|rule|Evasion Moves Clause: Evasion moves are banned\n|rule|Endless Battle Clause: Forcing endless battles is banned\n|rule|HP Percentage Mod: HP is shown in percentages\n|clearpoke\n|poke|p1|Ninetales-Alola, F|\n|poke|p1|Iron Moth|\n|poke|p1|Kingambit, F|\n|poke|p1|Ogerpon-Wellspring, F|\n|poke|p1|Dragonite, M|\n|poke|p1|Zamazenta-*|\n|poke|p2|Samurott-Hisui, F|\n|poke|p2|Scizor, F|\n|poke|p2|Zapdos|\n|poke|p2|Dragapult, M|\n|poke|p2|Quaquaval, F|\n|poke|p2|Sandy Shocks|\n|teampreview\n|inactive|Battle timer is ON: inactive players will automatically lose when time's up. (requested by shamoned32)\n|\n|t:|1700816312\n|start\n|switch|p1a: Freezing Sun|Iron Moth|100\/100\n|switch|p2a: blitzzz|Scizor, F, shiny|100\/100\n|-enditem|p1a: Freezing Sun|Booster Energy\n|-activate|p1a: Freezing Sun|ability: Quark Drive|[fromitem]\n|-start|p1a: Freezing Sun|quarkdrivespe\n|turn|1\n|\n|t:|1700816333\n|switch|p2a: daisy|Quaquaval, F, shiny|100\/100\n|move|p1a: Freezing Sun|Fiery Dance|p2a: daisy\n|-resisted|p2a: daisy\n|-damage|p2a: daisy|83\/100\n|-boost|p1a: Freezing Sun|spa|1\n|\n|upkeep\n|turn|2\n|\n|t:|1700816341\n|move|p1a: Freezing Sun|Discharge|p2a: daisy\n|-supereffective|p2a: daisy\n|-damage|p2a: daisy|9\/100\n|move|p2a: daisy|Aqua Step|p1a: Freezing Sun\n|-supereffective|p1a: Freezing Sun\n|-damage|p1a: Freezing Sun|0 fnt\n|-boost|p2a: daisy|spe|1\n|faint|p1a: Freezing Sun\n|-end|p1a: Freezing Sun|Quark Drive|[silent]\n|-ability|p2a: daisy|Moxie|boost\n|-boost|p2a: daisy|atk|1\n|\n|upkeep\n|\n|t:|1700816348\n|switch|p1a: 69tales|Ninetales-Alola, F|100\/100\n|-weather|Snow|[from] ability: Snow Warning|[of] p1a: 69tales\n|turn|3\n|\n|t:|1700816353\n|move|p2a: daisy|Knock Off|p1a: 69tales\n|-resisted|p1a: 69tales\n|-damage|p1a: 69tales|82\/100\n|-enditem|p1a: 69tales|Light Clay|[from] move: Knock Off|[of] p2a: daisy\n|move|p1a: 69tales|Freeze-Dry|p2a: daisy\n|-supereffective|p2a: daisy\n|-damage|p2a: daisy|0 fnt\n|faint|p2a: daisy\n|\n|-weather|Snow|[upkeep]\n|upkeep\n|c|\u2606Multiscale Tusk 69|spdef quaq?\n|\n|t:|1700816372\n|switch|p2a: -samus-|Samurott-Hisui, F, shiny|100\/100\n|turn|4\n|\n|t:|1700816381\n|move|p1a: 69tales|Aurora Veil|p1a: 69tales\n|-sidestart|p1: Multiscale Tusk 69|move: Aurora Veil\n|move|p2a: -samus-|Ceaseless Edge|p1a: 69tales\n|-resisted|p1a: 69tales\n|-damage|p1a: 69tales|72\/100\n|-sidestart|p1: Multiscale Tusk 69|Spikes\n|\n|-weather|Snow|[upkeep]\n|upkeep\n|turn|5\n|\n|t:|1700816390\n|switch|p2a: blitzzz|Scizor, F, shiny|100\/100\n|move|p1a: 69tales|Freeze-Dry|p2a: blitzzz\n|-resisted|p2a: blitzzz\n|-damage|p2a: blitzzz|86\/100\n|-status|p2a: blitzzz|frz\n|-enditem|p2a: blitzzz|Lum Berry|[eat]\n|-curestatus|p2a: blitzzz|frz|[msg]\n|\n|-weather|Snow|[upkeep]\n|upkeep\n|turn|6\n|c|\u2606Multiscale Tusk 69|oof\n|\n|t:|1700816401\n|move|p1a: 69tales|Hypnosis|p2a: blitzzz|[miss]\n|-miss|p1a: 69tales|p2a: blitzzz\n|move|p2a: blitzzz|Knock Off|p1a: 69tales\n|-resisted|p1a: 69tales\n|-damage|p1a: 69tales|68\/100\n|\n|-weather|Snow|[upkeep]\n|upkeep\n|turn|7\n|\n|t:|1700816412\n|move|p2a: blitzzz|Bullet Punch|p1a: 69tales\n|-supereffective|p1a: 69tales\n|-damage|p1a: 69tales|7\/100\n|move|p1a: 69tales|Hypnosis|p2a: blitzzz|[miss]\n|-miss|p1a: 69tales|p2a: blitzzz\n|\n|-weather|none\n|upkeep\n|turn|8\n|\n|t:|1700816420\n|move|p2a: blitzzz|Bullet Punch|p1a: 69tales\n|-supereffective|p1a: 69tales\n|-damage|p1a: 69tales|0 fnt\n|faint|p1a: 69tales\n|\n|-sideend|p1: Multiscale Tusk 69|move: Aurora Veil\n|upkeep\n|\n|t:|1700816431\n|switch|p1a: Burney|Dragonite, M|100\/100\n|turn|9\n|\n|t:|1700816439\n|switch|p2a: snoop dogg|Dragapult, M, shiny|100\/100\n|move|p1a: Burney|Dragon Dance|p1a: Burney\n|-boost|p1a: Burney|atk|1\n|-boost|p1a: Burney|spe|1\n|\n|upkeep\n|turn|10\n|\n|t:|1700816448\n|move|p2a: snoop dogg|Will-O-Wisp|p1a: Burney\n|-status|p1a: Burney|brn\n|move|p1a: Burney|Ice Spinner|p2a: snoop dogg\n|-supereffective|p2a: snoop dogg\n|-damage|p2a: snoop dogg|33\/100\n|\n|-heal|p2a: snoop dogg|39\/100|[from] item: Leftovers\n|-damage|p1a: Burney|94\/100 brn|[from] brn\n|upkeep\n|turn|11\n|\n|t:|1700816457\n|move|p2a: snoop dogg|Dragon Darts|p1a: Burney\n|-supereffective|p1a: Burney\n|-damage|p1a: Burney|42\/100 brn\n|-anim|p2a: snoop dogg|Dragon Darts|p1a: Burney\n|-supereffective|p1a: Burney\n|-damage|p1a: Burney|0 fnt\n|faint|p1a: Burney\n|\n|-heal|p2a: snoop dogg|45\/100|[from] item: Leftovers\n|upkeep\n|\n|t:|1700816464\n|switch|p1a: GAMBIT SWITCHIN|Zamazenta|100\/100\n|-damage|p1a: GAMBIT SWITCHIN|88\/100|[from] Spikes\n|-ability|p1a: GAMBIT SWITCHIN|Dauntless Shield|boost\n|-boost|p1a: GAMBIT SWITCHIN|def|1\n|turn|12\n|\n|t:|1700816469\n|move|p2a: snoop dogg|Will-O-Wisp|p1a: GAMBIT SWITCHIN\n|-status|p1a: GAMBIT SWITCHIN|brn\n|move|p1a: GAMBIT SWITCHIN|Crunch|p2a: snoop dogg\n|-supereffective|p2a: snoop dogg\n|-damage|p2a: snoop dogg|12\/100\n|\n|-heal|p2a: snoop dogg|18\/100|[from] item: Leftovers\n|-heal|p1a: GAMBIT SWITCHIN|94\/100 brn|[from] item: Leftovers\n|-damage|p1a: GAMBIT SWITCHIN|88\/100 brn|[from] brn\n|upkeep\n|turn|13\n|\n|t:|1700816479\n|move|p2a: snoop dogg|Hex|p1a: GAMBIT SWITCHIN\n|-damage|p1a: GAMBIT SWITCHIN|46\/100 brn\n|move|p1a: GAMBIT SWITCHIN|Crunch|p2a: snoop dogg\n|-supereffective|p2a: snoop dogg\n|-damage|p2a: snoop dogg|0 fnt\n|faint|p2a: snoop dogg\n|\n|-heal|p1a: GAMBIT SWITCHIN|52\/100 brn|[from] item: Leftovers\n|-damage|p1a: GAMBIT SWITCHIN|46\/100 brn|[from] brn\n|upkeep\n|\n|t:|1700816489\n|switch|p2a: stadick|Zapdos, shiny|100\/100\n|turn|14\n|\n|t:|1700816493\n|move|p1a: GAMBIT SWITCHIN|Iron Defense|p1a: GAMBIT SWITCHIN\n|-boost|p1a: GAMBIT SWITCHIN|def|2\n|move|p2a: stadick|Hurricane|p1a: GAMBIT SWITCHIN\n|-supereffective|p1a: GAMBIT SWITCHIN\n|-damage|p1a: GAMBIT SWITCHIN|0 fnt\n|faint|p1a: GAMBIT SWITCHIN\n|\n|upkeep\n|\n|t:|1700816497\n|switch|p1a: It's Oger|Ogerpon-Wellspring, F|100\/100\n|-damage|p1a: It's Oger|88\/100|[from] Spikes\n|turn|15\n|\n|t:|1700816501\n|move|p1a: It's Oger|Ivy Cudgel|p2a: stadick|[anim] Ivy Cudgel Water\n|-damage|p2a: stadick|45\/100\n|move|p2a: stadick|Hurricane|p1a: It's Oger\n|-supereffective|p1a: It's Oger\n|-damage|p1a: It's Oger|0 fnt\n|faint|p1a: It's Oger\n|\n|upkeep\n|\n|t:|1700816504\n|switch|p1a: Rigged Suspect|Kingambit, F|100\/100\n|-damage|p1a: Rigged Suspect|88\/100|[from] Spikes\n|-activate|p1a: Rigged Suspect|ability: Supreme Overlord\n|-start|p1a: Rigged Suspect|fallen5|[silent]\n|turn|16\n|\n|t:|1700816512\n|move|p2a: stadick|Heat Wave|p1a: Rigged Suspect\n|-supereffective|p1a: Rigged Suspect\n|-damage|p1a: Rigged Suspect|24\/100\n|move|p1a: Rigged Suspect|Swords Dance|p1a: Rigged Suspect\n|-boost|p1a: Rigged Suspect|atk|2\n|\n|-heal|p1a: Rigged Suspect|30\/100|[from] item: Leftovers\n|upkeep\n|turn|17\n|\n|t:|1700816520\n|switch|p2a: -samus-|Samurott-Hisui, F, shiny|100\/100\n|move|p1a: Rigged Suspect|Sucker Punch||[still]\n|-fail|p1a: Rigged Suspect\n|\n|-heal|p1a: Rigged Suspect|36\/100|[from] item: Leftovers\n|upkeep\n|turn|18\n|c|\u2606Multiscale Tusk 69|gg\n|c|\u2606Multiscale Tusk 69|i cannot win\n|\n|t:|1700816531\n|move|p2a: -samus-|Encore|p1a: Rigged Suspect\n|-start|p1a: Rigged Suspect|Encore\n|move|p1a: Rigged Suspect|Sucker Punch||[still]\n|-fail|p1a: Rigged Suspect\n|\n|-heal|p1a: Rigged Suspect|42\/100|[from] item: Leftovers\n|upkeep\n|turn|19\n|c|\u2606shamoned32|gg\n|c|\u2606Multiscale Tusk 69|oh wow\n|c|\u2606Multiscale Tusk 69|now i really cannot win\n|-message|Multiscale Tusk 69 forfeited.\n|\n|win|shamoned32\n|raw|Multiscale Tusk 69's rating: 1451 &rarr; <strong>1432<\/strong><br \/>(-19 for losing)\n|raw|shamoned32's rating: 1475 &rarr; <strong>1494<\/strong><br \/>(+19 for winning)\n|c|\u2606Multiscale Tusk 69|encore hrott\n|c|\u2606Multiscale Tusk 69|goat set\n|c|\u2606Multiscale Tusk 69|underappreciated set\n|l|\u2606shamoned32\n","uploadtime":1700816720,"views":2,"p1id":"multiscaletusk69","p2id":"shamoned32","formatid":"gen9ou","rating":1432,"private":0,"password":""}