{"id":"gen9ou-1995925104","p1":"ziyi1117","p2":"Mako0690","format":"[Gen 9] OU","log":"|j|\u2606ziyi1117\n|j|\u2606Mako0690\n|t:|1700618067\n|gametype|singles\n|player|p1|ziyi1117|linebacker|1181\n|player|p2|Mako0690|169|1231\n|teamsize|p1|6\n|teamsize|p2|6\n|gen|9\n|tier|[Gen 9] OU\n|rated|\n|rule|Sleep Clause Mod: Limit one foe put to sleep\n|rule|Species Clause: Limit one of each Pok\u00e9mon\n|rule|OHKO Clause: OHKO moves are banned\n|rule|Evasion Items Clause: Evasion items are banned\n|rule|Evasion Moves Clause: Evasion moves are banned\n|rule|Endless Battle Clause: Forcing endless battles is banned\n|rule|HP Percentage Mod: HP is shown in percentages\n|clearpoke\n|poke|p1|Ninetales-Alola, M|\n|poke|p1|Cetitan, M|\n|poke|p1|Alomomola, F|\n|poke|p1|Clodsire, M|\n|poke|p1|Great Tusk|\n|poke|p1|Zapdos|\n|poke|p2|Torterra, M|\n|poke|p2|Infernape, F|\n|poke|p2|Corviknight, F|\n|poke|p2|Slowking, F|\n|poke|p2|Dragapult, F|\n|poke|p2|Enamorus, F|\n|teampreview\n|\n|t:|1700618087\n|start\n|switch|p1a: Ninetales|Ninetales-Alola, M|100\/100\n|switch|p2a: Torterra|Torterra, M|100\/100\n|-weather|Snow|[from] ability: Snow Warning|[of] p1a: Ninetales\n|turn|1\n|inactive|Battle timer is ON: inactive players will automatically lose when time's up. (requested by ziyi1117)\n|inactive|Mako0690 also wants the timer to be on.\n|\n|t:|1700618096\n|-terastallize|p2a: Torterra|Steel\n|move|p1a: Ninetales|Blizzard|p2a: Torterra\n|-resisted|p2a: Torterra\n|-damage|p2a: Torterra|75\/100\n|move|p2a: Torterra|Shell Smash|p2a: Torterra\n|-unboost|p2a: Torterra|def|1\n|-unboost|p2a: Torterra|spd|1\n|-boost|p2a: Torterra|atk|2\n|-boost|p2a: Torterra|spa|2\n|-boost|p2a: Torterra|spe|2\n|\n|-weather|Snow|[upkeep]\n|upkeep\n|turn|2\n|\n|t:|1700618109\n|move|p2a: Torterra|Iron Head|p1a: Ninetales\n|-supereffective|p1a: Ninetales\n|-damage|p1a: Ninetales|0 fnt\n|faint|p1a: Ninetales\n|\n|-weather|Snow|[upkeep]\n|upkeep\n|\n|t:|1700618113\n|switch|p1a: Cetitan|Cetitan, M|100\/100\n|turn|3\n|\n|t:|1700618120\n|-terastallize|p1a: Cetitan|Electric\n|move|p1a: Cetitan|Belly Drum|p1a: Cetitan\n|-damage|p1a: Cetitan|51\/100\n|-setboost|p1a: Cetitan|atk|6|[from] move: Belly Drum\n|move|p2a: Torterra|Iron Head|p1a: Cetitan\n|-resisted|p1a: Cetitan\n|-damage|p1a: Cetitan|17\/100\n|\n|-weather|Snow|[upkeep]\n|-heal|p1a: Cetitan|23\/100|[from] item: Leftovers\n|upkeep\n|turn|4\n|\n|t:|1700618139\n|switch|p2a: Corviknight|Corviknight, F|100\/100\n|move|p1a: Cetitan|Earthquake|p2a: Corviknight\n|-immune|p2a: Corviknight\n|\n|-weather|Snow|[upkeep]\n|-heal|p1a: Cetitan|29\/100|[from] item: Leftovers\n|upkeep\n|turn|5\n|\n|t:|1700618149\n|move|p1a: Cetitan|Tera Blast|p2a: Corviknight|[anim] Tera Blast Electric\n|-supereffective|p2a: Corviknight\n|-damage|p2a: Corviknight|0 fnt\n|faint|p2a: Corviknight\n|\n|-weather|Snow|[upkeep]\n|-heal|p1a: Cetitan|35\/100|[from] item: Leftovers\n|upkeep\n|\n|t:|1700618161\n|switch|p2a: Infernape|Infernape, F|100\/100\n|turn|6\n|\n|t:|1700618167\n|move|p2a: Infernape|Mach Punch|p1a: Cetitan\n|-damage|p1a: Cetitan|9\/100\n|-damage|p2a: Infernape|91\/100|[from] item: Life Orb\n|move|p1a: Cetitan|Earthquake|p2a: Infernape\n|-supereffective|p2a: Infernape\n|-damage|p2a: Infernape|0 fnt\n|faint|p2a: Infernape\n|\n|-weather|Snow|[upkeep]\n|-heal|p1a: Cetitan|15\/100|[from] item: Leftovers\n|upkeep\n|\n|t:|1700618185\n|switch|p2a: Dragapult|Dragapult, F|100\/100\n|turn|7\n|\n|t:|1700618190\n|switch|p2a: Slowking|Slowking, F|100\/100\n|move|p1a: Cetitan|Icicle Crash|p2a: Slowking\n|-resisted|p2a: Slowking\n|-damage|p2a: Slowking|3\/100\n|\n|-weather|Snow|[upkeep]\n|-heal|p1a: Cetitan|22\/100|[from] item: Leftovers\n|-heal|p2a: Slowking|9\/100|[from] item: Leftovers\n|upkeep\n|turn|8\n|\n|t:|1700618202\n|switch|p2a: Enamorus|Enamorus, F|100\/100\n|move|p1a: Cetitan|Tera Blast|p2a: Enamorus|[anim] Tera Blast Electric\n|-supereffective|p2a: Enamorus\n|-damage|p2a: Enamorus|0 fnt\n|faint|p2a: Enamorus\n|\n|-weather|none\n|-heal|p1a: Cetitan|28\/100|[from] item: Leftovers\n|upkeep\n|\n|t:|1700618212\n|switch|p2a: Dragapult|Dragapult, F|100\/100\n|turn|9\n|\n|t:|1700618219\n|move|p2a: Dragapult|Shadow Ball|p1a: Cetitan\n|-damage|p1a: Cetitan|0 fnt\n|faint|p1a: Cetitan\n|\n|upkeep\n|\n|t:|1700618230\n|switch|p1a: Clodsire|Clodsire, M|100\/100\n|turn|10\n|\n|t:|1700618234\n|switch|p2a: Torterra|Torterra, M, tera:Steel|75\/100\n|move|p1a: Clodsire|Poison Jab|p2a: Torterra\n|-immune|p2a: Torterra\n|\n|upkeep\n|turn|11\n|\n|t:|1700618241\n|move|p2a: Torterra|Headlong Rush|p1a: Clodsire\n|-supereffective|p1a: Clodsire\n|-damage|p1a: Clodsire|0 fnt\n|-unboost|p2a: Torterra|def|1\n|-unboost|p2a: Torterra|spd|1\n|faint|p1a: Clodsire\n|\n|upkeep\n|\n|t:|1700618249\n|switch|p1a: Great Tusk|Great Tusk|100\/100\n|turn|12\n|\n|t:|1700618255\n|switch|p2a: Slowking|Slowking, F|43\/100\n|move|p1a: Great Tusk|Headlong Rush|p2a: Slowking\n|-damage|p2a: Slowking|0 fnt\n|-unboost|p1a: Great Tusk|def|1\n|-unboost|p1a: Great Tusk|spd|1\n|faint|p2a: Slowking\n|\n|upkeep\n|\n|t:|1700618265\n|switch|p2a: Dragapult|Dragapult, F|100\/100\n|turn|13\n|\n|t:|1700618272\n|-end|p1a: Great Tusk|Protosynthesis|[silent]\n|switch|p1a: Zapdos|Zapdos|100\/100\n|move|p2a: Dragapult|Draco Meteor|p1a: Zapdos\n|-damage|p1a: Zapdos|18\/100\n|-unboost|p2a: Dragapult|spa|2\n|\n|upkeep\n|turn|14\n|\n|t:|1700618291\n|switch|p1a: Great Tusk|Great Tusk|100\/100\n|move|p2a: Dragapult|Draco Meteor|p1a: Great Tusk\n|-damage|p1a: Great Tusk|67\/100\n|-unboost|p2a: Dragapult|spa|2\n|\n|upkeep\n|turn|15\n|\n|t:|1700618300\n|switch|p2a: Torterra|Torterra, M, tera:Steel|75\/100\n|move|p1a: Great Tusk|Headlong Rush|p2a: Torterra\n|-supereffective|p2a: Torterra\n|-damage|p2a: Torterra|0 fnt\n|-unboost|p1a: Great Tusk|def|1\n|-unboost|p1a: Great Tusk|spd|1\n|faint|p2a: Torterra\n|\n|upkeep\n|\n|t:|1700618310\n|switch|p2a: Dragapult|Dragapult, F|100\/100\n|turn|16\n|\n|t:|1700618313\n|-end|p1a: Great Tusk|Protosynthesis|[silent]\n|switch|p1a: Zapdos|Zapdos|18\/100\n|move|p2a: Dragapult|Shadow Ball|p1a: Zapdos\n|-damage|p1a: Zapdos|0 fnt\n|faint|p1a: Zapdos\n|\n|upkeep\n|\n|t:|1700618319\n|switch|p1a: Alomomola|Alomomola, F|100\/100\n|turn|17\n|\n|t:|1700618325\n|move|p2a: Dragapult|Shadow Ball|p1a: Alomomola\n|-damage|p1a: Alomomola|39\/100\n|move|p1a: Alomomola|Wish|p1a: Alomomola\n|\n|upkeep\n|turn|18\n|\n|t:|1700618335\n|move|p1a: Alomomola|Protect|p1a: Alomomola\n|-singleturn|p1a: Alomomola|Protect\n|move|p2a: Dragapult|Shadow Ball|p1a: Alomomola\n|-activate|p1a: Alomomola|move: Protect\n|\n|-heal|p1a: Alomomola|89\/100|[from] move: Wish|[wisher] Alomomola\n|upkeep\n|turn|19\n|\n|t:|1700618345\n|move|p2a: Dragapult|Shadow Ball|p1a: Alomomola\n|-damage|p1a: Alomomola|31\/100\n|move|p1a: Alomomola|Wish|p1a: Alomomola\n|\n|upkeep\n|turn|20\n|\n|t:|1700618351\n|move|p2a: Dragapult|Shadow Ball|p1a: Alomomola\n|-damage|p1a: Alomomola|0 fnt\n|faint|p1a: Alomomola\n|\n|upkeep\n|\n|t:|1700618355\n|switch|p1a: Great Tusk|Great Tusk|67\/100\n|turn|21\n|\n|t:|1700618361\n|move|p2a: Dragapult|Shadow Ball|p1a: Great Tusk\n|-damage|p1a: Great Tusk|29\/100\n|move|p1a: Great Tusk|Ice Spinner|p2a: Dragapult\n|-supereffective|p2a: Dragapult\n|-damage|p2a: Dragapult|12\/100\n|\n|upkeep\n|turn|22\n|\n|t:|1700618374\n|move|p2a: Dragapult|Shadow Ball|p1a: Great Tusk\n|-damage|p1a: Great Tusk|0 fnt\n|faint|p1a: Great Tusk\n|-end|p1a: Great Tusk|Protosynthesis|[silent]\n|\n|win|Mako0690\n|raw|ziyi1117's rating: 1181 &rarr; <strong>1160<\/strong><br \/>(-21 for losing)\n|raw|Mako0690's rating: 1231 &rarr; <strong>1252<\/strong><br \/>(+21 for winning)\n|l|\u2606Mako0690\n","uploadtime":1700618390,"views":1,"p1id":"ziyi1117","p2id":"mako0690","formatid":"gen9ou","rating":1160,"private":0,"password":""}