{"id":"gen9ou-1996424823","p1":"Kanehusky13","p2":"Bub Testing","format":"[Gen 9] OU","log":"|j|\u2606Kanehusky13\n|j|\u2606Bub Testing\n|t:|1700680749\n|gametype|singles\n|player|p1|Kanehusky13|169|1516\n|player|p2|Bub Testing|n|1621\n|teamsize|p1|6\n|teamsize|p2|6\n|gen|9\n|tier|[Gen 9] OU\n|rated|\n|rule|Sleep Clause Mod: Limit one foe put to sleep\n|rule|Species Clause: Limit one of each Pok\u00e9mon\n|rule|OHKO Clause: OHKO moves are banned\n|rule|Evasion Items Clause: Evasion items are banned\n|rule|Evasion Moves Clause: Evasion moves are banned\n|rule|Endless Battle Clause: Forcing endless battles is banned\n|rule|HP Percentage Mod: HP is shown in percentages\n|clearpoke\n|poke|p1|Ninetales, M|\n|poke|p1|Walking Wake|\n|poke|p1|Ceruledge, F|\n|poke|p1|Leafeon, F|\n|poke|p1|Cinderace, F|\n|poke|p1|Hatterene, F|\n|poke|p2|Hatterene, F|\n|poke|p2|Gholdengo|\n|poke|p2|Ogerpon-Wellspring, F|\n|poke|p2|Moltres|\n|poke|p2|Zamazenta-*|\n|poke|p2|Ting-Lu|\n|teampreview\n|\n|t:|1700680771\n|start\n|switch|p1a: Ninetales|Ninetales, M|100\/100\n|switch|p2a: Zamazenta|Zamazenta|100\/100\n|-ability|p2a: Zamazenta|Dauntless Shield|boost\n|-boost|p2a: Zamazenta|def|1\n|-weather|SunnyDay|[from] ability: Drought|[of] p1a: Ninetales\n|turn|1\n|\n|t:|1700680785\n|move|p2a: Zamazenta|Close Combat|p1a: Ninetales\n|-damage|p1a: Ninetales|16\/100\n|-unboost|p2a: Zamazenta|def|1\n|-unboost|p2a: Zamazenta|spd|1\n|-enditem|p2a: Zamazenta|Eject Pack\n|\n|t:|1700680791\n|switch|p2a: Moltres|Moltres|100\/100\n|move|p1a: Ninetales|Encore||[still]\n|-fail|p1a: Ninetales\n|\n|-weather|SunnyDay|[upkeep]\n|upkeep\n|turn|2\n|\n|t:|1700680797\n|switch|p1a: Hatterene|Hatterene, F|100\/100\n|move|p2a: Moltres|U-turn|p1a: Hatterene\n|-damage|p1a: Hatterene|88\/100\n|-enditem|p1a: Hatterene|Eject Button\n|\n|t:|1700680806\n|switch|p1a: Leafeon|Leafeon, F|100\/100\n|\n|-weather|SunnyDay|[upkeep]\n|upkeep\n|turn|3\n|\n|t:|1700680812\n|switch|p2a: Gholdengo|Gholdengo|100\/100\n|-terastallize|p1a: Leafeon|Fire\n|move|p1a: Leafeon|Swords Dance|p1a: Leafeon\n|-boost|p1a: Leafeon|atk|2\n|\n|-weather|SunnyDay|[upkeep]\n|upkeep\n|turn|4\n|\n|t:|1700680834\n|-terastallize|p2a: Gholdengo|Fairy\n|move|p1a: Leafeon|Knock Off|p2a: Gholdengo\n|-resisted|p2a: Gholdengo\n|-damage|p2a: Gholdengo|75\/100\n|-enditem|p2a: Gholdengo|Eject Pack|[from] move: Knock Off|[of] p1a: Leafeon\n|-damage|p1a: Leafeon|91\/100|[from] item: Life Orb\n|move|p2a: Gholdengo|Make It Rain|p1a: Leafeon\n|-resisted|p1a: Leafeon\n|-damage|p1a: Leafeon|35\/100\n|-unboost|p2a: Gholdengo|spa|1\n|\n|-weather|SunnyDay|[upkeep]\n|upkeep\n|turn|5\n|\n|t:|1700680842\n|switch|p2a: Moltres|Moltres|100\/100\n|move|p1a: Leafeon|Solar Blade||[still]\n|-prepare|p1a: Leafeon|Solar Blade\n|-anim|p1a: Leafeon|Solar Blade|p2a: Moltres\n|-resisted|p2a: Moltres\n|-damage|p2a: Moltres|62\/100\n|-damage|p1a: Leafeon|25\/100|[from] item: Life Orb\n|\n|-weather|SunnyDay|[upkeep]\n|upkeep\n|turn|6\n|\n|t:|1700680854\n|switch|p1a: Hatterene|Hatterene, F|88\/100\n|switch|p2a: Gholdengo|Gholdengo, tera:Fairy|75\/100\n|\n|-weather|SunnyDay|[upkeep]\n|upkeep\n|turn|7\n|\n|t:|1700680867\n|switch|p1a: Cinderace|Cinderace, F|100\/100\n|move|p2a: Gholdengo|Shadow Ball|p1a: Cinderace\n|-damage|p1a: Cinderace|51\/100\n|\n|-weather|SunnyDay|[upkeep]\n|upkeep\n|turn|8\n|\n|t:|1700680876\n|switch|p2a: Zamazenta|Zamazenta|100\/100\n|move|p1a: Cinderace|Pyro Ball|p2a: Zamazenta\n|-damage|p2a: Zamazenta|26\/100\n|\n|-weather|none\n|upkeep\n|turn|9\n|\n|t:|1700680884\n|switch|p1a: Hatterene|Hatterene, F|88\/100\n|move|p2a: Zamazenta|Stone Edge|p1a: Hatterene\n|-damage|p1a: Hatterene|57\/100\n|\n|upkeep\n|turn|10\n|\n|t:|1700680889\n|move|p2a: Zamazenta|Heavy Slam|p1a: Hatterene\n|-supereffective|p1a: Hatterene\n|-damage|p1a: Hatterene|0 fnt\n|faint|p1a: Hatterene\n|\n|upkeep\n|\n|t:|1700680894\n|switch|p1a: Ninetales|Ninetales, M|16\/100\n|-weather|SunnyDay|[from] ability: Drought|[of] p1a: Ninetales\n|turn|11\n|\n|t:|1700680900\n|switch|p1a: Ceruledge|Ceruledge, F|100\/100\n|move|p2a: Zamazenta|Crunch|p1a: Ceruledge\n|-supereffective|p1a: Ceruledge\n|-damage|p1a: Ceruledge|21\/100\n|-unboost|p1a: Ceruledge|def|1\n|-ability|p1a: Ceruledge|Weak Armor|boost\n|-unboost|p1a: Ceruledge|def|1\n|-boost|p1a: Ceruledge|spe|2\n|-enditem|p1a: Ceruledge|Weakness Policy\n|-boost|p1a: Ceruledge|atk|2|[from] item: Weakness Policy\n|-boost|p1a: Ceruledge|spa|2|[from] item: Weakness Policy\n|\n|-weather|SunnyDay|[upkeep]\n|upkeep\n|turn|12\n|\n|t:|1700680905\n|move|p1a: Ceruledge|Bitter Blade|p2a: Zamazenta\n|-damage|p2a: Zamazenta|0 fnt\n|-heal|p1a: Ceruledge|36\/100|[from] drain|[of] p2a: Zamazenta\n|faint|p2a: Zamazenta\n|\n|-weather|SunnyDay|[upkeep]\n|upkeep\n|\n|t:|1700680909\n|switch|p2a: Ting-Lu|Ting-Lu|100\/100\n|-ability|p2a: Ting-Lu|Vessel of Ruin\n|turn|13\n|\n|t:|1700680912\n|move|p1a: Ceruledge|Bitter Blade|p2a: Ting-Lu\n|-crit|p2a: Ting-Lu\n|-damage|p2a: Ting-Lu|0 fnt\n|-heal|p1a: Ceruledge|100\/100|[from] drain|[of] p2a: Ting-Lu\n|faint|p2a: Ting-Lu\n|\n|-weather|SunnyDay|[upkeep]\n|upkeep\n|n|!Bub Testing|bubtesting\n|-message|Bub Testing forfeited.\n|\n|win|Kanehusky13\n|raw|Kanehusky13's rating: 1516 &rarr; <strong>1542<\/strong><br \/>(+26 for winning)\n|raw|Bub Testing's rating: 1621 &rarr; <strong>1595<\/strong><br \/>(-26 for losing)\n|l|!Bub Testing\n","uploadtime":1700680921,"views":0,"p1id":"kanehusky13","p2id":"bubtesting","formatid":"gen9ou","rating":1542,"private":0,"password":""}