{"id":"gen9ou-1990919880","p1":"JaimeLX","p2":"mai0","format":"[Gen 9] OU","log":"|j|\u2606JaimeLX\n|j|\u2606mai0\n|t:|1700015201\n|gametype|singles\n|player|p1|JaimeLX|cynthia|\n|player|p2|mai0|lady|\n|teamsize|p1|6\n|teamsize|p2|6\n|gen|9\n|tier|[Gen 9] OU\n|rule|Sleep Clause Mod: Limit one foe put to sleep\n|rule|Species Clause: Limit one of each Pok\u00e9mon\n|rule|OHKO Clause: OHKO moves are banned\n|rule|Evasion Items Clause: Evasion items are banned\n|rule|Evasion Moves Clause: Evasion moves are banned\n|rule|Endless Battle Clause: Forcing endless battles is banned\n|rule|HP Percentage Mod: HP is shown in percentages\n|clearpoke\n|poke|p1|Pelipper, M|\n|poke|p1|Ludicolo, M|\n|poke|p1|Barraskewda, M|\n|poke|p1|Crawdaunt, M|\n|poke|p1|Empoleon, M|\n|poke|p1|Milotic, M|\n|poke|p2|Infernape, F|\n|poke|p2|Ninetales-Alola, F|\n|poke|p2|Salamence, F|\n|poke|p2|Magnezone|\n|poke|p2|Slowking, F|\n|poke|p2|Sylveon, F|\n|teampreview\n|\n|t:|1700015232\n|start\n|switch|p1a: Pelipper|Pelipper, M|100\/100\n|switch|p2a: Magnezone|Magnezone, shiny|100\/100\n|-weather|RainDance|[from] ability: Drizzle|[of] p1a: Pelipper\n|turn|1\n|\n|t:|1700015241\n|switch|p1a: Ludicolo|Ludicolo, M|100\/100\n|move|p2a: Magnezone|Thunderbolt|p1a: Ludicolo\n|-damage|p1a: Ludicolo|64\/100\n|\n|-weather|RainDance|[upkeep]\n|upkeep\n|turn|2\n|\n|t:|1700015248\n|move|p1a: Ludicolo|Leech Seed|p2a: Magnezone|[miss]\n|-miss|p1a: Ludicolo|p2a: Magnezone\n|move|p2a: Magnezone|Volt Switch|p1a: Ludicolo\n|-damage|p1a: Ludicolo|39\/100\n|\n|t:|1700015262\n|switch|p2a: Salamence|Salamence, F|100\/100|[from] Volt Switch\n|-ability|p2a: Salamence|Intimidate|boost\n|-unboost|p1a: Ludicolo|atk|1\n|\n|-weather|RainDance|[upkeep]\n|upkeep\n|turn|3\n|\n|t:|1700015269\n|move|p1a: Ludicolo|Ice Beam|p2a: Salamence\n|-supereffective|p2a: Salamence\n|-damage|p2a: Salamence|1\/100\n|move|p2a: Salamence|Dual Wingbeat|p1a: Ludicolo\n|-supereffective|p1a: Ludicolo\n|-damage|p1a: Ludicolo|0 fnt\n|faint|p1a: Ludicolo\n|-hitcount|p1: Ludicolo|1\n|-damage|p2a: Salamence|0 fnt|[from] item: Life Orb\n|faint|p2a: Salamence\n|\n|-weather|RainDance|[upkeep]\n|upkeep\n|\n|t:|1700015299\n|switch|p2a: Magnezone|Magnezone, shiny|100\/100\n|switch|p1a: Crawdaunt|Crawdaunt, M|100\/100\n|turn|4\n|\n|t:|1700015310\n|move|p1a: Crawdaunt|Close Combat|p2a: Magnezone\n|-supereffective|p2a: Magnezone\n|-damage|p2a: Magnezone|21\/100\n|-unboost|p1a: Crawdaunt|def|1\n|-unboost|p1a: Crawdaunt|spd|1\n|move|p2a: Magnezone|Thunderbolt|p1a: Crawdaunt\n|-supereffective|p1a: Crawdaunt\n|-enditem|p1a: Crawdaunt|Focus Sash\n|-damage|p1a: Crawdaunt|1\/100\n|\n|-weather|RainDance|[upkeep]\n|upkeep\n|turn|5\n|\n|t:|1700015320\n|switch|p2a: Sylveon|Sylveon, F|100\/100\n|move|p1a: Crawdaunt|Close Combat|p2a: Sylveon\n|-resisted|p2a: Sylveon\n|-damage|p2a: Sylveon|82\/100\n|-unboost|p1a: Crawdaunt|def|1\n|-unboost|p1a: Crawdaunt|spd|1\n|\n|-weather|RainDance|[upkeep]\n|-heal|p2a: Sylveon|88\/100|[from] item: Leftovers\n|upkeep\n|turn|6\n|\n|t:|1700015336\n|move|p1a: Crawdaunt|Aqua Jet|p2a: Sylveon\n|-damage|p2a: Sylveon|49\/100\n|-start|p1a: Crawdaunt|Attract|[from] ability: Cute Charm|[of] p2a: Sylveon\n|move|p2a: Sylveon|Yawn|p1a: Crawdaunt\n|-start|p1a: Crawdaunt|move: Yawn|[of] p2a: Sylveon\n|\n|-weather|RainDance|[upkeep]\n|-heal|p2a: Sylveon|56\/100|[from] item: Leftovers\n|upkeep\n|turn|7\n|\n|t:|1700015346\n|-activate|p1a: Crawdaunt|move: Attract|[of] p2a: Sylveon\n|cant|p1a: Crawdaunt|Attract\n|move|p2a: Sylveon|Wish|p2a: Sylveon\n|\n|-weather|RainDance|[upkeep]\n|-heal|p2a: Sylveon|62\/100|[from] item: Leftovers\n|-end|p1a: Crawdaunt|move: Yawn|[silent]\n|-status|p1a: Crawdaunt|slp\n|upkeep\n|turn|8\n|\n|t:|1700015355\n|cant|p1a: Crawdaunt|slp\n|move|p2a: Sylveon|Hyper Voice|p1a: Crawdaunt\n|-damage|p1a: Crawdaunt|0 fnt\n|faint|p1a: Crawdaunt\n|\n|-weather|none\n|-heal|p2a: Sylveon|100\/100|[from] move: Wish|[wisher] Sylveon\n|upkeep\n|\n|t:|1700015366\n|switch|p1a: Pelipper|Pelipper, M|100\/100\n|-weather|RainDance|[from] ability: Drizzle|[of] p1a: Pelipper\n|turn|9\n|\n|t:|1700015378\n|move|p1a: Pelipper|Hurricane|p2a: Sylveon\n|-damage|p2a: Sylveon|73\/100\n|-start|p2a: Sylveon|confusion\n|-activate|p2a: Sylveon|confusion\n|move|p2a: Sylveon|Wish|p2a: Sylveon\n|\n|-weather|RainDance|[upkeep]\n|-heal|p2a: Sylveon|79\/100|[from] item: Leftovers\n|upkeep\n|turn|10\n|\n|t:|1700015386\n|switch|p2a: Magnezone|Magnezone, shiny|21\/100\n|move|p1a: Pelipper|Weather Ball|p2a: Magnezone\n|-damage|p2a: Magnezone|0 fnt\n|faint|p2a: Magnezone\n|\n|-weather|RainDance|[upkeep]\n|upkeep\n|\n|t:|1700015396\n|switch|p2a: Infernape|Infernape, F|100\/100\n|turn|11\n|\n|t:|1700015410\n|move|p2a: Infernape|Drain Punch|p1a: Pelipper\n|-resisted|p1a: Pelipper\n|-damage|p1a: Pelipper|84\/100\n|move|p1a: Pelipper|Hurricane|p2a: Infernape\n|-supereffective|p2a: Infernape\n|-damage|p2a: Infernape|0 fnt\n|faint|p2a: Infernape\n|\n|-weather|RainDance|[upkeep]\n|upkeep\n|\n|t:|1700015422\n|switch|p2a: Slowking|Slowking, F, shiny|100\/100\n|turn|12\n|\n|t:|1700015430\n|move|p1a: Pelipper|U-turn|p2a: Slowking\n|-supereffective|p2a: Slowking\n|-damage|p2a: Slowking|88\/100\n|\n|t:|1700015433\n|switch|p1a: Empoleon|Empoleon, M|100\/100|[from] U-turn\n|move|p2a: Slowking|Scald|p1a: Empoleon\n|-resisted|p1a: Empoleon\n|-damage|p1a: Empoleon|87\/100\n|-status|p1a: Empoleon|brn\n|\n|-weather|RainDance|[upkeep]\n|-damage|p1a: Empoleon|81\/100 brn|[from] brn\n|upkeep\n|turn|13\n|\n|t:|1700015459\n|switch|p2a: Sylveon|Sylveon, F|79\/100\n|move|p1a: Empoleon|Flash Cannon|p2a: Sylveon\n|-supereffective|p2a: Sylveon\n|-damage|p2a: Sylveon|33\/100\n|\n|-weather|RainDance|[upkeep]\n|-heal|p2a: Sylveon|39\/100|[from] item: Leftovers\n|-damage|p1a: Empoleon|74\/100 brn|[from] brn\n|upkeep\n|turn|14\n|\n|t:|1700015476\n|move|p2a: Sylveon|Hyper Voice|p1a: Empoleon\n|-resisted|p1a: Empoleon\n|-damage|p1a: Empoleon|67\/100 brn\n|move|p1a: Empoleon|Flash Cannon|p2a: Sylveon\n|-supereffective|p2a: Sylveon\n|-damage|p2a: Sylveon|1\/100\n|\n|-weather|RainDance|[upkeep]\n|-heal|p2a: Sylveon|7\/100|[from] item: Leftovers\n|-damage|p1a: Empoleon|61\/100 brn|[from] brn\n|upkeep\n|turn|15\n|\n|t:|1700015505\n|switch|p2a: Slowking|Slowking, F, shiny|100\/100\n|move|p1a: Empoleon|Flash Cannon|p2a: Slowking\n|-resisted|p2a: Slowking\n|-damage|p2a: Slowking|88\/100\n|\n|-weather|RainDance|[upkeep]\n|-damage|p1a: Empoleon|55\/100 brn|[from] brn\n|upkeep\n|turn|16\n|\n|t:|1700015525\n|move|p1a: Empoleon|Wave Crash|p2a: Slowking\n|-resisted|p2a: Slowking\n|-damage|p2a: Slowking|75\/100\n|-damage|p1a: Empoleon|50\/100 brn|[from] Recoil\n|move|p2a: Slowking|Scald|p1a: Empoleon\n|-resisted|p1a: Empoleon\n|-damage|p1a: Empoleon|37\/100 brn\n|\n|-weather|none\n|-damage|p1a: Empoleon|31\/100 brn|[from] brn\n|upkeep\n|turn|17\n|\n|t:|1700015538\n|move|p1a: Empoleon|Earthquake|p2a: Slowking\n|-damage|p2a: Slowking|64\/100\n|move|p2a: Slowking|Slack Off|p2a: Slowking\n|-heal|p2a: Slowking|100\/100\n|\n|-damage|p1a: Empoleon|25\/100 brn|[from] brn\n|upkeep\n|turn|18\n|\n|t:|1700015550\n|switch|p1a: Pelipper|Pelipper, M|84\/100\n|-weather|RainDance|[from] ability: Drizzle|[of] p1a: Pelipper\n|move|p2a: Slowking|Calm Mind|p2a: Slowking\n|-boost|p2a: Slowking|spa|1\n|-boost|p2a: Slowking|spd|1\n|\n|-weather|RainDance|[upkeep]\n|upkeep\n|turn|19\n|\n|t:|1700015567\n|move|p1a: Pelipper|U-turn|p2a: Slowking\n|-supereffective|p2a: Slowking\n|-damage|p2a: Slowking|89\/100\n|\n|t:|1700015570\n|switch|p1a: Empoleon|Empoleon, M|25\/100 brn|[from] U-turn\n|move|p2a: Slowking|Psyshock|p1a: Empoleon\n|-resisted|p1a: Empoleon\n|-damage|p1a: Empoleon|3\/100 brn\n|\n|-weather|RainDance|[upkeep]\n|-damage|p1a: Empoleon|0 fnt|[from] brn\n|faint|p1a: Empoleon\n|upkeep\n|\n|t:|1700015578\n|switch|p1a: Barraskewda|Barraskewda, M|100\/100\n|turn|20\n|\n|t:|1700015583\n|move|p1a: Barraskewda|Poison Jab|p2a: Slowking\n|-damage|p2a: Slowking|59\/100\n|move|p2a: Slowking|Slack Off|p2a: Slowking\n|-heal|p2a: Slowking|100\/100\n|\n|-weather|RainDance|[upkeep]\n|upkeep\n|turn|21\n|\n|t:|1700015589\n|move|p1a: Barraskewda|Poison Jab|p2a: Slowking\n|-damage|p2a: Slowking|66\/100\n|move|p2a: Slowking|Calm Mind|p2a: Slowking\n|-boost|p2a: Slowking|spa|1\n|-boost|p2a: Slowking|spd|1\n|\n|-weather|RainDance|[upkeep]\n|upkeep\n|turn|22\n|\n|t:|1700015595\n|move|p1a: Barraskewda|Poison Jab|p2a: Slowking\n|-damage|p2a: Slowking|37\/100\n|-status|p2a: Slowking|psn\n|move|p2a: Slowking|Slack Off|p2a: Slowking\n|-heal|p2a: Slowking|87\/100 psn\n|\n|-weather|RainDance|[upkeep]\n|-damage|p2a: Slowking|74\/100 psn|[from] psn\n|upkeep\n|turn|23\n|\n|t:|1700015603\n|move|p1a: Barraskewda|Poison Jab|p2a: Slowking\n|-damage|p2a: Slowking|42\/100 psn\n|move|p2a: Slowking|Scald|p1a: Barraskewda\n|-resisted|p1a: Barraskewda\n|-damage|p1a: Barraskewda|9\/100\n|\n|-weather|RainDance|[upkeep]\n|-damage|p2a: Slowking|30\/100 psn|[from] psn\n|upkeep\n|turn|24\n|\n|t:|1700015611\n|move|p1a: Barraskewda|Poison Jab|p2a: Slowking\n|-damage|p2a: Slowking|0 fnt\n|faint|p2a: Slowking\n|\n|-weather|RainDance|[upkeep]\n|upkeep\n|\n|t:|1700015618\n|switch|p2a: Ninetales|Ninetales-Alola, F, shiny|100\/100\n|-weather|Snow|[from] ability: Snow Warning|[of] p2a: Ninetales\n|turn|25\n|\n|t:|1700015623\n|move|p1a: Barraskewda|Poison Jab|p2a: Ninetales\n|-supereffective|p2a: Ninetales\n|-damage|p2a: Ninetales|31\/100\n|-status|p2a: Ninetales|psn\n|move|p2a: Ninetales|Freeze-Dry|p1a: Barraskewda\n|-supereffective|p1a: Barraskewda\n|-damage|p1a: Barraskewda|0 fnt\n|faint|p1a: Barraskewda\n|\n|-weather|Snow|[upkeep]\n|-damage|p2a: Ninetales|18\/100 psn|[from] psn\n|upkeep\n|\n|t:|1700015633\n|switch|p1a: Pelipper|Pelipper, M|84\/100\n|-weather|RainDance|[from] ability: Drizzle|[of] p1a: Pelipper\n|turn|26\n|\n|t:|1700015642\n|move|p2a: Ninetales|Hypnosis|p1a: Pelipper|[miss]\n|-miss|p2a: Ninetales|p1a: Pelipper\n|move|p1a: Pelipper|Hurricane|p2a: Ninetales\n|-damage|p2a: Ninetales|0 fnt\n|faint|p2a: Ninetales\n|\n|-weather|RainDance|[upkeep]\n|upkeep\n|\n|t:|1700015649\n|switch|p2a: Sylveon|Sylveon, F|7\/100\n|turn|27\n|\n|t:|1700015652\n|move|p1a: Pelipper|Hurricane|p2a: Sylveon\n|-damage|p2a: Sylveon|0 fnt\n|faint|p2a: Sylveon\n|\n|win|JaimeLX\n","uploadtime":1700015657,"views":8,"p1id":"jaimelx","p2id":"mai0","formatid":"gen9ou","rating":0,"private":0,"password":""}