{"id":"gen9ou-1998227719","p1":"An^nsi","p2":"eelektrik funeral","format":"[Gen 9] OU","log":"|j|\u2606An^nsi\n|j|\u2606eelektrik funeral\n|t:|1700916236\n|gametype|singles\n|player|p1|An^nsi|burglar|1513\n|player|p2|eelektrik funeral|workerice|1553\n|teamsize|p1|6\n|teamsize|p2|6\n|gen|9\n|tier|[Gen 9] OU\n|rated|\n|rule|Sleep Clause Mod: Limit one foe put to sleep\n|rule|Species Clause: Limit one of each Pok\u00e9mon\n|rule|OHKO Clause: OHKO moves are banned\n|rule|Evasion Items Clause: Evasion items are banned\n|rule|Evasion Moves Clause: Evasion moves are banned\n|rule|Endless Battle Clause: Forcing endless battles is banned\n|rule|HP Percentage Mod: HP is shown in percentages\n|clearpoke\n|poke|p1|Samurott-Hisui, F|\n|poke|p1|Iron Valiant|\n|poke|p1|Dragapult, F|\n|poke|p1|Gholdengo|\n|poke|p1|Iron Treads|\n|poke|p1|Hoopa-Unbound|\n|poke|p2|Arboliva, F|\n|poke|p2|Armarouge, M|\n|poke|p2|Goodra-Hisui, M|\n|poke|p2|Great Tusk|\n|poke|p2|Indeedee, M|\n|poke|p2|Torkoal, F|\n|teampreview\n|inactive|Battle timer is ON: inactive players will automatically lose when time's up. (requested by An^nsi)\n|\n|t:|1700916256\n|start\n|switch|p1a: Gundrake|Dragapult, F, shiny|100\/100\n|switch|p2a: Speed Racer MK II|Torkoal, F|100\/100\n|-weather|SunnyDay|[from] ability: Drought|[of] p2a: Speed Racer MK II\n|turn|1\n|\n|t:|1700916260\n|switch|p2a: Gary|Goodra-Hisui, M|100\/100\n|move|p1a: Gundrake|Draco Meteor|p2a: Gary\n|-damage|p2a: Gary|59\/100\n|-unboost|p1a: Gundrake|spa|2\n|\n|-weather|SunnyDay|[upkeep]\n|upkeep\n|turn|2\n|\n|t:|1700916270\n|switch|p1a: Hot Wheelz|Iron Treads|100\/100\n|-enditem|p1a: Hot Wheelz|Booster Energy\n|-activate|p1a: Hot Wheelz|ability: Quark Drive|[fromitem]\n|-start|p1a: Hot Wheelz|quarkdrivespe\n|switch|p2a: Lucky Charms|Great Tusk|100\/100\n|-activate|p2a: Lucky Charms|ability: Protosynthesis\n|-start|p2a: Lucky Charms|protosynthesisatk\n|\n|-weather|SunnyDay|[upkeep]\n|upkeep\n|turn|3\n|\n|t:|1700916286\n|move|p1a: Hot Wheelz|Earthquake|p2a: Lucky Charms\n|-damage|p2a: Lucky Charms|74\/100\n|move|p2a: Lucky Charms|Headlong Rush|p1a: Hot Wheelz\n|-supereffective|p1a: Hot Wheelz\n|-crit|p1a: Hot Wheelz\n|-damage|p1a: Hot Wheelz|0 fnt\n|-unboost|p2a: Lucky Charms|def|1\n|-unboost|p2a: Lucky Charms|spd|1\n|faint|p1a: Hot Wheelz\n|-end|p1a: Hot Wheelz|Quark Drive|[silent]\n|\n|-weather|SunnyDay|[upkeep]\n|upkeep\n|\n|t:|1700916292\n|switch|p1a: Wally.exe|Iron Valiant|100\/100\n|-enditem|p1a: Wally.exe|Booster Energy\n|-activate|p1a: Wally.exe|ability: Quark Drive|[fromitem]\n|-start|p1a: Wally.exe|quarkdrivespe\n|turn|4\n|\n|t:|1700916298\n|-end|p2a: Lucky Charms|Protosynthesis|[silent]\n|switch|p2a: Speed Racer MK II|Torkoal, F|100\/100\n|move|p1a: Wally.exe|Moonblast|p2a: Speed Racer MK II\n|-resisted|p2a: Speed Racer MK II\n|-damage|p2a: Speed Racer MK II|79\/100\n|\n|-weather|SunnyDay|[upkeep]\n|upkeep\n|turn|5\n|\n|t:|1700916304\n|move|p1a: Wally.exe|Thunderbolt|p2a: Speed Racer MK II\n|-damage|p2a: Speed Racer MK II|54\/100\n|move|p2a: Speed Racer MK II|Stealth Rock|p1a: Wally.exe\n|-sidestart|p1: An^nsi|move: Stealth Rock\n|\n|-weather|SunnyDay|[upkeep]\n|upkeep\n|turn|6\n|\n|t:|1700916311\n|move|p1a: Wally.exe|Encore|p2a: Speed Racer MK II\n|-start|p2a: Speed Racer MK II|Encore\n|move|p2a: Speed Racer MK II|Stealth Rock||[still]\n|-fail|p2a: Speed Racer MK II\n|\n|-weather|SunnyDay|[upkeep]\n|upkeep\n|turn|7\n|\n|t:|1700916316\n|switch|p2a: Gary|Goodra-Hisui, M|59\/100\n|move|p1a: Wally.exe|Close Combat|p2a: Gary\n|-supereffective|p2a: Gary\n|-damage|p2a: Gary|0 fnt\n|-unboost|p1a: Wally.exe|def|1\n|-unboost|p1a: Wally.exe|spd|1\n|faint|p2a: Gary\n|\n|-weather|SunnyDay|[upkeep]\n|upkeep\n|\n|t:|1700916323\n|switch|p2a: Speed Racer MK II|Torkoal, F|54\/100\n|turn|8\n|\n|t:|1700916336\n|-end|p1a: Wally.exe|Quark Drive|[silent]\n|switch|p1a: Vishnu|Hoopa-Unbound|100\/100\n|-damage|p1a: Vishnu|88\/100|[from] Stealth Rock\n|move|p2a: Speed Racer MK II|Lava Plume|p1a: Vishnu\n|-damage|p1a: Vishnu|71\/100\n|\n|-weather|none\n|upkeep\n|turn|9\n|\n|t:|1700916345\n|switch|p2a: Hips Don\u2019t Lie|Indeedee, M|100\/100\n|-fieldstart|move: Psychic Terrain|[from] ability: Psychic Surge|[of] p2a: Hips Don\u2019t Lie\n|move|p1a: Vishnu|Knock Off|p2a: Hips Don\u2019t Lie\n|-supereffective|p2a: Hips Don\u2019t Lie\n|-damage|p2a: Hips Don\u2019t Lie|0 fnt\n|-enditem|p2a: Hips Don\u2019t Lie|Terrain Extender|[from] move: Knock Off|[of] p1a: Vishnu\n|faint|p2a: Hips Don\u2019t Lie\n|\n|upkeep\n|\n|t:|1700916349\n|switch|p2a: Lucky Charms|Great Tusk|74\/100\n|turn|10\n|\n|t:|1700916359\n|move|p2a: Lucky Charms|Knock Off|p1a: Vishnu\n|-damage|p1a: Vishnu|27\/100\n|-enditem|p1a: Vishnu|Assault Vest|[from] move: Knock Off|[of] p2a: Lucky Charms\n|move|p1a: Vishnu|Psychic|p2a: Lucky Charms\n|-supereffective|p2a: Lucky Charms\n|-damage|p2a: Lucky Charms|0 fnt\n|faint|p2a: Lucky Charms\n|-end|p2a: Lucky Charms|Protosynthesis|[silent]\n|\n|upkeep\n|\n|t:|1700916363\n|switch|p2a: Knightman Cometh|Armarouge, M|100\/100\n|turn|11\n|\n|t:|1700916367\n|move|p2a: Knightman Cometh|Armor Cannon|p1a: Vishnu\n|-damage|p1a: Vishnu|0 fnt\n|-unboost|p2a: Knightman Cometh|def|1\n|-unboost|p2a: Knightman Cometh|spd|1\n|faint|p1a: Vishnu\n|\n|upkeep\n|\n|t:|1700916370\n|switch|p1a: Sith|Samurott-Hisui, F, shiny|100\/100\n|turn|12\n|\n|t:|1700916377\n|switch|p2a: Speed Racer MK II|Torkoal, F|54\/100\n|-weather|SunnyDay|[from] ability: Drought|[of] p2a: Speed Racer MK II\n|move|p1a: Sith|Ceaseless Edge|p2a: Speed Racer MK II\n|-damage|p2a: Speed Racer MK II|15\/100\n|-sidestart|p2: eelektrik funeral|Spikes\n|\n|-weather|SunnyDay|[upkeep]\n|upkeep\n|turn|13\n|\n|t:|1700916387\n|move|p1a: Sith|Ceaseless Edge|p2a: Speed Racer MK II\n|-damage|p2a: Speed Racer MK II|0 fnt\n|-sidestart|p2: eelektrik funeral|Spikes\n|faint|p2a: Speed Racer MK II\n|\n|-weather|SunnyDay|[upkeep]\n|upkeep\n|\n|t:|1700916390\n|switch|p2a: Knightman Cometh|Armarouge, M|100\/100\n|-damage|p2a: Knightman Cometh|84\/100|[from] Spikes\n|turn|14\n|\n|t:|1700916405\n|-terastallize|p1a: Sith|Ghost\n|move|p2a: Knightman Cometh|Endure|p2a: Knightman Cometh\n|-singleturn|p2a: Knightman Cometh|move: Endure\n|move|p1a: Sith|Ceaseless Edge|p2a: Knightman Cometh\n|-supereffective|p2a: Knightman Cometh\n|-activate|p2a: Knightman Cometh|move: Endure\n|-damage|p2a: Knightman Cometh|1\/100\n|-ability|p2a: Knightman Cometh|Weak Armor|boost\n|-unboost|p2a: Knightman Cometh|def|1\n|-boost|p2a: Knightman Cometh|spe|2\n|-sidestart|p2: eelektrik funeral|Spikes\n|\n|-weather|SunnyDay|[upkeep]\n|upkeep\n|turn|15\n|\n|t:|1700916421\n|switch|p1a: Pinkerton|Gholdengo, shiny|100\/100\n|-damage|p1a: Pinkerton|94\/100|[from] Stealth Rock\n|move|p2a: Knightman Cometh|Expanding Force|p1a: Pinkerton\n|-resisted|p1a: Pinkerton\n|-crit|p1a: Pinkerton\n|-damage|p1a: Pinkerton|29\/100\n|-enditem|p1a: Pinkerton|Red Card|[of] p2a: Knightman Cometh\n|drag|p2a: Popeye\u2019s Wife|Arboliva, F|100\/100\n|-damage|p2a: Popeye\u2019s Wife|75\/100|[from] Spikes\n|\n|-weather|SunnyDay|[upkeep]\n|upkeep\n|turn|16\n|\n|t:|1700916430\n|-terastallize|p2a: Popeye\u2019s Wife|Fire\n|move|p1a: Pinkerton|Make It Rain|p2a: Popeye\u2019s Wife\n|-resisted|p2a: Popeye\u2019s Wife\n|-damage|p2a: Popeye\u2019s Wife|47\/100\n|-unboost|p1a: Pinkerton|spa|1\n|move|p2a: Popeye\u2019s Wife|Substitute|p2a: Popeye\u2019s Wife\n|-start|p2a: Popeye\u2019s Wife|Substitute\n|-damage|p2a: Popeye\u2019s Wife|22\/100\n|-enditem|p2a: Popeye\u2019s Wife|Salac Berry|[eat]\n|-boost|p2a: Popeye\u2019s Wife|spe|1|[from] item: Salac Berry\n|\n|-weather|SunnyDay|[upkeep]\n|-fieldend|move: Psychic Terrain\n|-item|p2a: Popeye\u2019s Wife|Salac Berry|[from] ability: Harvest\n|upkeep\n|-enditem|p2a: Popeye\u2019s Wife|Salac Berry|[eat]\n|-boost|p2a: Popeye\u2019s Wife|spe|1|[from] item: Salac Berry\n|turn|17\n|\n|t:|1700916438\n|move|p2a: Popeye\u2019s Wife|Growth|p2a: Popeye\u2019s Wife\n|-boost|p2a: Popeye\u2019s Wife|atk|2\n|-boost|p2a: Popeye\u2019s Wife|spa|2\n|move|p1a: Pinkerton|Dazzling Gleam|p2a: Popeye\u2019s Wife\n|-resisted|p2a: Popeye\u2019s Wife\n|-activate|p2a: Popeye\u2019s Wife|move: Substitute|[damage]\n|\n|-weather|SunnyDay|[upkeep]\n|-item|p2a: Popeye\u2019s Wife|Salac Berry|[from] ability: Harvest\n|upkeep\n|-enditem|p2a: Popeye\u2019s Wife|Salac Berry|[eat]\n|-boost|p2a: Popeye\u2019s Wife|spe|1|[from] item: Salac Berry\n|turn|18\n|\n|t:|1700916447\n|switch|p1a: Sith|Samurott-Hisui, F, shiny, tera:Ghost|100\/100\n|move|p2a: Popeye\u2019s Wife|Growth|p2a: Popeye\u2019s Wife\n|-boost|p2a: Popeye\u2019s Wife|atk|2\n|-boost|p2a: Popeye\u2019s Wife|spa|2\n|\n|-weather|SunnyDay|[upkeep]\n|-item|p2a: Popeye\u2019s Wife|Salac Berry|[from] ability: Harvest\n|upkeep\n|-enditem|p2a: Popeye\u2019s Wife|Salac Berry|[eat]\n|-boost|p2a: Popeye\u2019s Wife|spe|1|[from] item: Salac Berry\n|turn|19\n|\n|t:|1700916454\n|move|p1a: Sith|Sucker Punch|p2a: Popeye\u2019s Wife\n|-crit|p2a: Popeye\u2019s Wife\n|-end|p2a: Popeye\u2019s Wife|Substitute\n|move|p2a: Popeye\u2019s Wife|Giga Drain|p1a: Sith\n|-damage|p1a: Sith|0 fnt\n|-heal|p2a: Popeye\u2019s Wife|77\/100|[from] drain|[of] p1a: Sith\n|faint|p1a: Sith\n|\n|-weather|none\n|-item|p2a: Popeye\u2019s Wife|Salac Berry|[from] ability: Harvest\n|upkeep\n|\n|t:|1700916466\n|switch|p1a: Gundrake|Dragapult, F, shiny|100\/100\n|-damage|p1a: Gundrake|88\/100|[from] Stealth Rock\n|turn|20\n|\n|t:|1700916470\n|move|p2a: Popeye\u2019s Wife|Giga Drain|p1a: Gundrake\n|-resisted|p1a: Gundrake\n|-damage|p1a: Gundrake|13\/100\n|-heal|p2a: Popeye\u2019s Wife|100\/100|[from] drain|[of] p1a: Gundrake\n|move|p1a: Gundrake|Draco Meteor|p2a: Popeye\u2019s Wife\n|-damage|p2a: Popeye\u2019s Wife|3\/100\n|-unboost|p1a: Gundrake|spa|2\n|-enditem|p2a: Popeye\u2019s Wife|Salac Berry|[eat]\n|-boost|p2a: Popeye\u2019s Wife|spe|1|[from] item: Salac Berry\n|\n|-item|p2a: Popeye\u2019s Wife|Salac Berry|[from] ability: Harvest\n|upkeep\n|-enditem|p2a: Popeye\u2019s Wife|Salac Berry|[eat]\n|-boost|p2a: Popeye\u2019s Wife|spe|1|[from] item: Salac Berry\n|turn|21\n|\n|t:|1700916493\n|move|p2a: Popeye\u2019s Wife|Giga Drain|p1a: Gundrake\n|-resisted|p1a: Gundrake\n|-damage|p1a: Gundrake|0 fnt\n|-heal|p2a: Popeye\u2019s Wife|10\/100|[from] drain|[of] p1a: Gundrake\n|faint|p1a: Gundrake\n|\n|upkeep\n|-message|An^nsi forfeited.\n|\n|win|eelektrik funeral\n|raw|An^nsi's rating: 1513 &rarr; <strong>1495<\/strong><br \/>(-18 for losing)\n|raw|eelektrik funeral's rating: 1553 &rarr; <strong>1571<\/strong><br \/>(+18 for winning)\n|l|\u2606An^nsi\n|c|\u2606eelektrik funeral|gg\n|l|\u2606eelektrik funeral\n|j|\u2606eelektrik funeral\n|player|p2|eelektrik funeral|workerice\n","uploadtime":1700916520,"views":14,"p1id":"annsi","p2id":"eelektrikfuneral","formatid":"gen9ou","rating":1495,"private":0,"password":""}