{"id":"gen9ou-1998235033","p1":"Miding br","p2":"obamaisbiden","format":"[Gen 9] OU","log":"|j|\u2606Miding br\n|j|\u203dobamaisbiden\n|t:|1700917429\n|gametype|singles\n|player|p1|Miding br|biker-gen4|1446\n|player|p2|obamaisbiden|ghetsis|1409\n|teamsize|p1|6\n|teamsize|p2|6\n|gen|9\n|tier|[Gen 9] OU\n|rated|\n|rule|Sleep Clause Mod: Limit one foe put to sleep\n|rule|Species Clause: Limit one of each Pok\u00e9mon\n|rule|OHKO Clause: OHKO moves are banned\n|rule|Evasion Items Clause: Evasion items are banned\n|rule|Evasion Moves Clause: Evasion moves are banned\n|rule|Endless Battle Clause: Forcing endless battles is banned\n|rule|HP Percentage Mod: HP is shown in percentages\n|clearpoke\n|poke|p1|Hatterene, F|\n|poke|p1|Dondozo, M|\n|poke|p1|Gholdengo|\n|poke|p1|Ting-Lu|\n|poke|p1|Dragonite, M|\n|poke|p1|Dragapult, F|\n|poke|p2|Scizor, F|\n|poke|p2|Great Tusk|\n|poke|p2|Samurott-Hisui, F|\n|poke|p2|Hatterene, F|\n|poke|p2|Moltres|\n|poke|p2|Gengar, F|\n|teampreview\n|inactive|Battle timer is ON: inactive players will automatically lose when time's up. (requested by obamaisbiden)\n|\n|t:|1700917442\n|start\n|switch|p1a: Tustao|Gholdengo|100\/100\n|switch|p2a: Samurott|Samurott-Hisui, F|100\/100\n|turn|1\n|\n|t:|1700917449\n|switch|p1a: Cumbuca|Ting-Lu|100\/100\n|-ability|p1a: Cumbuca|Vessel of Ruin\n|move|p2a: Samurott|Ceaseless Edge|p1a: Cumbuca\n|-resisted|p1a: Cumbuca\n|-damage|p1a: Cumbuca|88\/100\n|-damage|p2a: Samurott|84\/100|[from] item: Rocky Helmet|[of] p1a: Cumbuca\n|-sidestart|p1: Miding br|Spikes\n|\n|upkeep\n|turn|2\n|\n|t:|1700917460\n|switch|p2a: Hatterene|Hatterene, F|100\/100\n|move|p1a: Cumbuca|Earthquake|p2a: Hatterene\n|-damage|p2a: Hatterene|57\/100\n|\n|-heal|p2a: Hatterene|63\/100|[from] item: Leftovers\n|upkeep\n|turn|3\n|\n|t:|1700917472\n|move|p1a: Cumbuca|Heavy Slam|p2a: Hatterene\n|-supereffective|p2a: Hatterene\n|-damage|p2a: Hatterene|0 fnt\n|faint|p2a: Hatterene\n|\n|upkeep\n|\n|t:|1700917479\n|switch|p2a: Scizor|Scizor, F|100\/100\n|turn|4\n|\n|t:|1700917493\n|-terastallize|p1a: Cumbuca|Steel\n|move|p2a: Scizor|U-turn|p1a: Cumbuca\n|-resisted|p1a: Cumbuca\n|-crit|p1a: Cumbuca\n|-damage|p1a: Cumbuca|63\/100\n|-damage|p2a: Scizor|84\/100|[from] item: Rocky Helmet|[of] p1a: Cumbuca\n|\n|t:|1700917500\n|switch|p2a: Great Tusk|Great Tusk|100\/100|[from] U-turn\n|move|p1a: Cumbuca|Ruination|p2a: Great Tusk\n|-damage|p2a: Great Tusk|50\/100\n|\n|-heal|p2a: Great Tusk|57\/100|[from] item: Leftovers\n|upkeep\n|turn|5\n|\n|t:|1700917513\n|switch|p1a: Cabe\u00e7aDura|Dondozo, M, shiny|100\/100\n|-damage|p1a: Cabe\u00e7aDura|88\/100|[from] Spikes\n|move|p2a: Great Tusk|Earthquake|p1a: Cabe\u00e7aDura\n|-crit|p1a: Cabe\u00e7aDura\n|-damage|p1a: Cabe\u00e7aDura|50\/100\n|\n|-heal|p2a: Great Tusk|63\/100|[from] item: Leftovers\n|-heal|p1a: Cabe\u00e7aDura|56\/100|[from] item: Leftovers\n|upkeep\n|turn|6\n|inactive|obamaisbiden has 120 seconds left.\n|\n|t:|1700917543\n|-end|p2a: Great Tusk|Protosynthesis|[silent]\n|switch|p2a: Scizor|Scizor, F|84\/100\n|move|p1a: Cabe\u00e7aDura|Protect||[still]\n|-fail|p1a: Cabe\u00e7aDura\n|\n|-heal|p1a: Cabe\u00e7aDura|62\/100|[from] item: Leftovers\n|upkeep\n|turn|7\n|\n|t:|1700917553\n|move|p1a: Cabe\u00e7aDura|Protect|p1a: Cabe\u00e7aDura\n|-singleturn|p1a: Cabe\u00e7aDura|Protect\n|move|p2a: Scizor|U-turn|p1a: Cabe\u00e7aDura\n|-activate|p1a: Cabe\u00e7aDura|move: Protect\n|\n|-heal|p1a: Cabe\u00e7aDura|68\/100|[from] item: Leftovers\n|upkeep\n|turn|8\n|\n|t:|1700917562\n|move|p2a: Scizor|U-turn|p1a: Cabe\u00e7aDura\n|-damage|p1a: Cabe\u00e7aDura|43\/100\n|\n|t:|1700917567\n|switch|p2a: Gengar|Gengar, F|100\/100|[from] U-turn\n|move|p1a: Cabe\u00e7aDura|Yawn|p2a: Gengar\n|-start|p2a: Gengar|move: Yawn|[of] p1a: Cabe\u00e7aDura\n|\n|-heal|p1a: Cabe\u00e7aDura|49\/100|[from] item: Leftovers\n|upkeep\n|turn|9\n|\n|t:|1700917578\n|move|p1a: Cabe\u00e7aDura|Protect|p1a: Cabe\u00e7aDura\n|-singleturn|p1a: Cabe\u00e7aDura|Protect\n|move|p2a: Gengar|Sludge Bomb|p1a: Cabe\u00e7aDura\n|-activate|p1a: Cabe\u00e7aDura|move: Protect\n|\n|-heal|p1a: Cabe\u00e7aDura|55\/100|[from] item: Leftovers\n|-end|p2a: Gengar|move: Yawn|[silent]\n|-status|p2a: Gengar|slp\n|upkeep\n|turn|10\n|\n|t:|1700917591\n|cant|p2a: Gengar|slp\n|move|p1a: Cabe\u00e7aDura|Wave Crash|p2a: Gengar\n|-damage|p2a: Gengar|14\/100 slp\n|-damage|p1a: Cabe\u00e7aDura|40\/100|[from] Recoil\n|\n|-heal|p1a: Cabe\u00e7aDura|46\/100|[from] item: Leftovers\n|upkeep\n|turn|11\n|\n|t:|1700917602\n|switch|p1a: Cumbuca|Ting-Lu, tera:Steel|63\/100\n|-damage|p1a: Cumbuca|50\/100|[from] Spikes\n|-ability|p1a: Cumbuca|Vessel of Ruin\n|cant|p2a: Gengar|slp\n|\n|upkeep\n|turn|12\n|inactive|obamaisbiden has 120 seconds left.\n|\n|t:|1700917633\n|switch|p2a: Scizor|Scizor, F|84\/100\n|move|p1a: Cumbuca|Whirlwind|p2a: Scizor\n|drag|p2a: Gengar|Gengar, F|14\/100 slp\n|\n|upkeep\n|turn|13\n|\n|t:|1700917642\n|-curestatus|p2a: Gengar|slp|[msg]\n|move|p2a: Gengar|Focus Blast|p1a: Cumbuca\n|-supereffective|p1a: Cumbuca\n|-damage|p1a: Cumbuca|0 fnt\n|faint|p1a: Cumbuca\n|\n|upkeep\n|\n|t:|1700917650\n|switch|p1a: Dragapulta|Dragapult, F, shiny|100\/100\n|-damage|p1a: Dragapulta|88\/100|[from] Spikes\n|turn|14\n|\n|t:|1700917659\n|switch|p2a: Moltres|Moltres|100\/100\n|move|p1a: Dragapulta|Surf|p2a: Moltres\n|-supereffective|p2a: Moltres\n|-damage|p2a: Moltres|41\/100\n|\n|upkeep\n|turn|15\n|\n|t:|1700917667\n|switch|p2a: Samurott|Samurott-Hisui, F|84\/100\n|move|p1a: Dragapulta|Surf|p2a: Samurott\n|-resisted|p2a: Samurott\n|-damage|p2a: Samurott|54\/100\n|\n|upkeep\n|turn|16\n|\n|t:|1700917687\n|switch|p1a: Cabe\u00e7aDura|Dondozo, M, shiny|46\/100\n|-damage|p1a: Cabe\u00e7aDura|34\/100|[from] Spikes\n|move|p2a: Samurott|Ceaseless Edge|p1a: Cabe\u00e7aDura\n|-damage|p1a: Cabe\u00e7aDura|14\/100\n|-sidestart|p1: Miding br|Spikes\n|\n|-heal|p1a: Cabe\u00e7aDura|20\/100|[from] item: Leftovers\n|upkeep\n|turn|17\n|\n|t:|1700917698\n|move|p1a: Cabe\u00e7aDura|Protect|p1a: Cabe\u00e7aDura\n|-singleturn|p1a: Cabe\u00e7aDura|Protect\n|move|p2a: Samurott|Ceaseless Edge|p1a: Cabe\u00e7aDura\n|-activate|p1a: Cabe\u00e7aDura|move: Protect\n|\n|-heal|p1a: Cabe\u00e7aDura|26\/100|[from] item: Leftovers\n|upkeep\n|turn|18\n|\n|t:|1700917714\n|move|p2a: Samurott|Ceaseless Edge|p1a: Cabe\u00e7aDura|[miss]\n|-miss|p2a: Samurott|p1a: Cabe\u00e7aDura\n|move|p1a: Cabe\u00e7aDura|Body Press|p2a: Samurott\n|-supereffective|p2a: Samurott\n|-damage|p2a: Samurott|0 fnt\n|faint|p2a: Samurott\n|\n|-heal|p1a: Cabe\u00e7aDura|32\/100|[from] item: Leftovers\n|upkeep\n|\n|t:|1700917723\n|switch|p2a: Gengar|Gengar, F|14\/100\n|turn|19\n|\n|t:|1700917727\n|move|p1a: Cabe\u00e7aDura|Protect|p1a: Cabe\u00e7aDura\n|-singleturn|p1a: Cabe\u00e7aDura|Protect\n|move|p2a: Gengar|Shadow Ball|p1a: Cabe\u00e7aDura\n|-activate|p1a: Cabe\u00e7aDura|move: Protect\n|\n|-heal|p1a: Cabe\u00e7aDura|39\/100|[from] item: Leftovers\n|upkeep\n|turn|20\n|\n|t:|1700917742\n|switch|p1a: Bruxinha|Hatterene, F, shiny|100\/100\n|-damage|p1a: Bruxinha|84\/100|[from] Spikes\n|move|p2a: Gengar|Shadow Ball|p1a: Bruxinha\n|-supereffective|p1a: Bruxinha\n|-damage|p1a: Bruxinha|0 fnt\n|faint|p1a: Bruxinha\n|\n|upkeep\n|\n|t:|1700917753\n|switch|p1a: Dragapulta|Dragapult, F, shiny|88\/100\n|-damage|p1a: Dragapulta|72\/100|[from] Spikes\n|turn|21\n|\n|t:|1700917769\n|switch|p2a: Great Tusk|Great Tusk|63\/100\n|move|p1a: Dragapulta|Surf|p2a: Great Tusk\n|-supereffective|p2a: Great Tusk\n|-damage|p2a: Great Tusk|0 fnt\n|faint|p2a: Great Tusk\n|-end|p2a: Great Tusk|Protosynthesis|[silent]\n|\n|upkeep\n|\n|t:|1700917776\n|switch|p2a: Scizor|Scizor, F|84\/100\n|turn|22\n|\n|t:|1700917783\n|switch|p1a: Tustao|Gholdengo|100\/100\n|move|p2a: Scizor|Bullet Punch|p1a: Tustao\n|-resisted|p1a: Tustao\n|-damage|p1a: Tustao|78\/100\n|\n|upkeep\n|turn|23\n|\n|t:|1700917793\n|switch|p2a: Moltres|Moltres|41\/100\n|move|p1a: Tustao|Recover|p1a: Tustao\n|-heal|p1a: Tustao|100\/100\n|\n|upkeep\n|turn|24\n|\n|t:|1700917804\n|switch|p1a: Dragapulta|Dragapult, F, shiny|72\/100\n|-damage|p1a: Dragapulta|55\/100|[from] Spikes\n|move|p2a: Moltres|Roost|p2a: Moltres\n|-heal|p2a: Moltres|91\/100\n|-singleturn|p2a: Moltres|move: Roost\n|\n|upkeep\n|turn|25\n|\n|t:|1700917814\n|-terastallize|p2a: Moltres|Dragon\n|move|p1a: Dragapulta|Surf|p2a: Moltres\n|-resisted|p2a: Moltres\n|-damage|p2a: Moltres|77\/100\n|move|p2a: Moltres|U-turn|p1a: Dragapulta\n|-resisted|p1a: Dragapulta\n|-damage|p1a: Dragapulta|44\/100\n|\n|t:|1700917820\n|switch|p2a: Scizor|Scizor, F|84\/100|[from] U-turn\n|\n|upkeep\n|turn|26\n|\n|t:|1700917829\n|move|p1a: Dragapulta|Surf|p2a: Scizor\n|-damage|p2a: Scizor|39\/100\n|move|p2a: Scizor|Knock Off|p1a: Dragapulta\n|-supereffective|p1a: Dragapulta\n|-damage|p1a: Dragapulta|0 fnt\n|-enditem|p1a: Dragapulta|Choice Specs|[from] move: Knock Off|[of] p2a: Scizor\n|faint|p1a: Dragapulta\n|\n|upkeep\n|\n|t:|1700917837\n|switch|p1a: Gordin|Dragonite, M, shiny|100\/100\n|turn|27\n|\n|t:|1700917843\n|move|p1a: Gordin|Dragon Dance|p1a: Gordin\n|-boost|p1a: Gordin|atk|1\n|-boost|p1a: Gordin|spe|1\n|move|p2a: Scizor|Knock Off|p1a: Gordin\n|-damage|p1a: Gordin|70\/100\n|-enditem|p1a: Gordin|Heavy-Duty Boots|[from] move: Knock Off|[of] p2a: Scizor\n|\n|upkeep\n|turn|28\n|\n|t:|1700917853\n|switch|p2a: Moltres|Moltres, tera:Dragon|77\/100\n|move|p1a: Gordin|Dragon Dance|p1a: Gordin\n|-boost|p1a: Gordin|atk|1\n|-boost|p1a: Gordin|spe|1\n|\n|upkeep\n|turn|29\n|\n|t:|1700917862\n|move|p1a: Gordin|Dragon Claw|p2a: Moltres\n|-supereffective|p2a: Moltres\n|-damage|p2a: Moltres|0 fnt\n|-status|p1a: Gordin|brn|[from] ability: Flame Body|[of] p2a: Moltres\n|faint|p2a: Moltres\n|\n|-damage|p1a: Gordin|64\/100 brn|[from] brn\n|upkeep\n|\n|t:|1700917869\n|switch|p2a: Scizor|Scizor, F|39\/100\n|turn|30\n|\n|t:|1700917874\n|move|p2a: Scizor|Bullet Punch|p1a: Gordin\n|-damage|p1a: Gordin|4\/100 brn\n|move|p1a: Gordin|Earthquake|p2a: Scizor\n|-damage|p2a: Scizor|0 fnt\n|faint|p2a: Scizor\n|\n|-damage|p1a: Gordin|0 fnt|[from] brn\n|faint|p1a: Gordin\n|upkeep\n|\n|t:|1700917887\n|switch|p1a: Cabe\u00e7aDura|Dondozo, M, shiny|39\/100\n|switch|p2a: Gengar|Gengar, F|14\/100\n|-damage|p1a: Cabe\u00e7aDura|22\/100|[from] Spikes\n|turn|31\n|\n|t:|1700917897\n|move|p1a: Cabe\u00e7aDura|Protect|p1a: Cabe\u00e7aDura\n|-singleturn|p1a: Cabe\u00e7aDura|Protect\n|move|p2a: Gengar|Shadow Ball|p1a: Cabe\u00e7aDura\n|-activate|p1a: Cabe\u00e7aDura|move: Protect\n|\n|-heal|p1a: Cabe\u00e7aDura|28\/100|[from] item: Leftovers\n|upkeep\n|turn|32\n|\n|t:|1700917907\n|move|p2a: Gengar|Shadow Ball|p1a: Cabe\u00e7aDura\n|-damage|p1a: Cabe\u00e7aDura|0 fnt\n|faint|p1a: Cabe\u00e7aDura\n|\n|upkeep\n|\n|t:|1700917912\n|switch|p1a: Tustao|Gholdengo|100\/100\n|turn|33\n|\n|t:|1700917917\n|move|p2a: Gengar|Shadow Ball|p1a: Tustao\n|-supereffective|p1a: Tustao\n|-damage|p1a: Tustao|0 fnt\n|faint|p1a: Tustao\n|\n|win|obamaisbiden\n|raw|Miding br's rating: 1446 &rarr; <strong>1424<\/strong><br \/>(-22 for losing)\n|raw|obamaisbiden's rating: 1409 &rarr; <strong>1431<\/strong><br \/>(+22 for winning)\n","uploadtime":1700917925,"views":6,"p1id":"midingbr","p2id":"obamaisbiden","formatid":"gen9ou","rating":1424,"private":0,"password":""}