{"id":"gen9ou-1993164789","p1":"Poison Ivy Thorns","p2":"neoELVIS","format":"[Gen 9] OU","log":"|j|\u2606Poison Ivy Thorns\n|j|\u2606neoELVIS\n|t:|1700272656\n|gametype|singles\n|player|p1|Poison Ivy Thorns|will-gen2|1318\n|player|p2|neoELVIS|liza|1370\n|teamsize|p1|6\n|teamsize|p2|6\n|gen|9\n|tier|[Gen 9] OU\n|rated|\n|rule|Sleep Clause Mod: Limit one foe put to sleep\n|rule|Species Clause: Limit one of each Pok\u00e9mon\n|rule|OHKO Clause: OHKO moves are banned\n|rule|Evasion Items Clause: Evasion items are banned\n|rule|Evasion Moves Clause: Evasion moves are banned\n|rule|Endless Battle Clause: Forcing endless battles is banned\n|rule|HP Percentage Mod: HP is shown in percentages\n|clearpoke\n|poke|p1|Okidogi, M|\n|poke|p1|Rotom-Wash|\n|poke|p1|Lokix, M|\n|poke|p1|Great Tusk|\n|poke|p1|Iron Moth|\n|poke|p1|Salamence, F|\n|poke|p2|Corviknight, M|\n|poke|p2|Walking Wake|\n|poke|p2|Iron Moth|\n|poke|p2|Garganacl, M|\n|poke|p2|Ting-Lu|\n|poke|p2|Dragonite, M|\n|teampreview\n|inactive|Battle timer is ON: inactive players will automatically lose when time's up. (requested by Poison Ivy Thorns)\n|\n|t:|1700272674\n|start\n|switch|p1a: Lokix|Lokix, M|100\/100\n|switch|p2a: Walking Wake|Walking Wake|100\/100\n|turn|1\n|inactive|Poison Ivy Thorns has 120 seconds left.\n|\n|t:|1700272725\n|-end|p2a: Walking Wake|Protosynthesis|[silent]\n|switch|p2a: Corviknight|Corviknight, M|100\/100\n|-ability|p2a: Corviknight|Pressure\n|move|p1a: Lokix|U-turn|p2a: Corviknight\n|-resisted|p2a: Corviknight\n|-damage|p2a: Corviknight|86\/100\n|-damage|p1a: Lokix|84\/100|[from] item: Rocky Helmet|[of] p2a: Corviknight\n|\n|t:|1700272729\n|switch|p1a: Rotom|Rotom-Wash|100\/100|[from] U-turn\n|\n|upkeep\n|turn|2\n|inactive|neoELVIS has 120 seconds left.\n|\n|t:|1700272772\n|-terastallize|p2a: Corviknight|Fairy\n|move|p1a: Rotom|Volt Switch|p2a: Corviknight\n|-damage|p2a: Corviknight|57\/100\n|\n|t:|1700272776\n|switch|p1a: Iron Moth|Iron Moth|100\/100|[from] Volt Switch\n|-enditem|p1a: Iron Moth|Booster Energy\n|-activate|p1a: Iron Moth|ability: Quark Drive|[fromitem]\n|-start|p1a: Iron Moth|quarkdrivespe\n|move|p2a: Corviknight|U-turn|p1a: Iron Moth\n|-resisted|p1a: Iron Moth\n|-damage|p1a: Iron Moth|96\/100\n|inactive|neoELVIS has 90 seconds left.\n|\n|t:|1700272818\n|switch|p2a: Walking Wake|Walking Wake|100\/100|[from] U-turn\n|\n|upkeep\n|turn|3\n|\n|t:|1700272821\n|move|p1a: Iron Moth|Dazzling Gleam|p2a: Walking Wake\n|-supereffective|p2a: Walking Wake\n|-damage|p2a: Walking Wake|37\/100\n|move|p2a: Walking Wake|Hydro Steam|p1a: Iron Moth\n|-supereffective|p1a: Iron Moth\n|-damage|p1a: Iron Moth|0 fnt\n|faint|p1a: Iron Moth\n|-end|p1a: Iron Moth|Quark Drive|[silent]\n|\n|upkeep\n|\n|t:|1700272828\n|switch|p1a: Lokix|Lokix, M|84\/100\n|turn|4\n|\n|t:|1700272831\n|-end|p2a: Walking Wake|Protosynthesis|[silent]\n|switch|p2a: Corviknight|Corviknight, M, tera:Fairy|57\/100\n|-ability|p2a: Corviknight|Pressure\n|move|p1a: Lokix|Knock Off|p2a: Corviknight\n|-resisted|p2a: Corviknight\n|-damage|p2a: Corviknight|18\/100\n|-damage|p1a: Lokix|67\/100|[from] item: Rocky Helmet|[of] p2a: Corviknight\n|-enditem|p2a: Corviknight|Rocky Helmet|[from] move: Knock Off|[of] p1a: Lokix\n|\n|upkeep\n|turn|5\n|\n|t:|1700272835\n|move|p1a: Lokix|Knock Off|p2a: Corviknight\n|-resisted|p2a: Corviknight\n|-damage|p2a: Corviknight|0 fnt\n|faint|p2a: Corviknight\n|\n|upkeep\n|\n|t:|1700272838\n|switch|p2a: Ting-Lu|Ting-Lu|100\/100\n|-ability|p2a: Ting-Lu|Vessel of Ruin\n|turn|6\n|\n|t:|1700272846\n|switch|p1a: Great Tusk|Great Tusk|100\/100\n|move|p2a: Ting-Lu|Stealth Rock|p1a: Great Tusk\n|-sidestart|p1: Poison Ivy Thorns|move: Stealth Rock\n|\n|upkeep\n|turn|7\n|\n|t:|1700272852\n|move|p1a: Great Tusk|Rapid Spin|p2a: Ting-Lu\n|-damage|p2a: Ting-Lu|93\/100\n|-boost|p1a: Great Tusk|spe|1\n|-damage|p1a: Great Tusk|84\/100|[from] item: Rocky Helmet|[of] p2a: Ting-Lu\n|-sideend|p1: Poison Ivy Thorns|Stealth Rock|[from] move: Rapid Spin|[of] p1a: Great Tusk\n|move|p2a: Ting-Lu|Ruination|p1a: Great Tusk\n|-damage|p1a: Great Tusk|42\/100\n|\n|-heal|p1a: Great Tusk|48\/100|[from] item: Leftovers\n|upkeep\n|turn|8\n|\n|t:|1700272858\n|move|p1a: Great Tusk|Knock Off|p2a: Ting-Lu\n|-resisted|p2a: Ting-Lu\n|-damage|p2a: Ting-Lu|86\/100\n|-damage|p1a: Great Tusk|32\/100|[from] item: Rocky Helmet|[of] p2a: Ting-Lu\n|-enditem|p2a: Ting-Lu|Rocky Helmet|[from] move: Knock Off|[of] p1a: Great Tusk\n|move|p2a: Ting-Lu|Stealth Rock|p1a: Great Tusk\n|-sidestart|p1: Poison Ivy Thorns|move: Stealth Rock\n|\n|-heal|p1a: Great Tusk|38\/100|[from] item: Leftovers\n|upkeep\n|turn|9\n|\n|t:|1700272869\n|switch|p2a: Dragonite|Dragonite, M|100\/100\n|move|p1a: Great Tusk|Stealth Rock|p2a: Dragonite\n|-sidestart|p2: neoELVIS|move: Stealth Rock\n|\n|-heal|p1a: Great Tusk|44\/100|[from] item: Leftovers\n|upkeep\n|turn|10\n|\n|t:|1700272874\n|move|p1a: Great Tusk|Rapid Spin|p2a: Dragonite\n|-damage|p2a: Dragonite|92\/100\n|-boost|p1a: Great Tusk|spe|1\n|-sideend|p1: Poison Ivy Thorns|Stealth Rock|[from] move: Rapid Spin|[of] p1a: Great Tusk\n|move|p2a: Dragonite|Dragon Dance|p2a: Dragonite\n|-boost|p2a: Dragonite|atk|1\n|-boost|p2a: Dragonite|spe|1\n|\n|-heal|p1a: Great Tusk|51\/100|[from] item: Leftovers\n|upkeep\n|turn|11\n|\n|t:|1700272878\n|-end|p1a: Great Tusk|Protosynthesis|[silent]\n|switch|p1a: Rotom|Rotom-Wash|100\/100\n|move|p2a: Dragonite|Extreme Speed|p1a: Rotom\n|-damage|p1a: Rotom|30\/100\n|\n|upkeep\n|turn|12\n|\n|t:|1700272889\n|move|p2a: Dragonite|Extreme Speed|p1a: Rotom\n|-damage|p1a: Rotom|0 fnt\n|faint|p1a: Rotom\n|\n|upkeep\n|\n|t:|1700272897\n|switch|p1a: Okidogi|Okidogi, M|100\/100\n|turn|13\n|\n|t:|1700272912\n|-terastallize|p1a: Okidogi|Dark\n|move|p2a: Dragonite|Dragon Dance|p2a: Dragonite\n|-boost|p2a: Dragonite|atk|1\n|-boost|p2a: Dragonite|spe|1\n|move|p1a: Okidogi|Ice Punch|p2a: Dragonite\n|-supereffective|p2a: Dragonite\n|-damage|p2a: Dragonite|0 fnt\n|faint|p2a: Dragonite\n|\n|upkeep\n|c|\u2606neoELVIS|wp gg\n|-message|neoELVIS forfeited.\n|\n|win|Poison Ivy Thorns\n|raw|Poison Ivy Thorns's rating: 1318 &rarr; <strong>1341<\/strong><br \/>(+23 for winning)\n|raw|neoELVIS's rating: 1370 &rarr; <strong>1347<\/strong><br \/>(-23 for losing)\n|l|\u2606neoELVIS\n|c|\u2606Poison Ivy Thorns|gg\n","uploadtime":1700272933,"views":17,"p1id":"poisonivythorns","p2id":"neoelvis","formatid":"gen9ou","rating":1341,"private":0,"password":""}