{"id":"gen9ou-1996715017","p1":"ur doggo","p2":"A KlNG\u265b\u2654\u2655","format":"[Gen 9] OU","log":"|j|\u2606ur doggo\n|j|\u2606A KlNG\u265b\u2654\u2655\n|t:|1700713499\n|gametype|singles\n|player|p1|ur doggo|giovanni|1394\n|player|p2|A KlNG\u265b\u2654\u2655|xerosic|1384\n|teamsize|p1|6\n|teamsize|p2|6\n|gen|9\n|tier|[Gen 9] OU\n|rated|\n|rule|Sleep Clause Mod: Limit one foe put to sleep\n|rule|Species Clause: Limit one of each Pok\u00e9mon\n|rule|OHKO Clause: OHKO moves are banned\n|rule|Evasion Items Clause: Evasion items are banned\n|rule|Evasion Moves Clause: Evasion moves are banned\n|rule|Endless Battle Clause: Forcing endless battles is banned\n|rule|HP Percentage Mod: HP is shown in percentages\n|clearpoke\n|poke|p1|Maushold|\n|poke|p1|Rillaboom, M|\n|poke|p1|Great Tusk|\n|poke|p1|Heatran, M|\n|poke|p1|Enamorus, F|\n|poke|p1|Kingambit, F|\n|poke|p2|Ninetales-Alola, F|\n|poke|p2|Great Tusk|\n|poke|p2|Dragonite, M|\n|poke|p2|Greninja-*, M|\n|poke|p2|Rillaboom, M|\n|poke|p2|Iron Moth|\n|teampreview\n|inactive|Battle timer is ON: inactive players will automatically lose when time's up. (requested by A KlNG\u265b\u2654\u2655)\n|\n|t:|1700713505\n|start\n|switch|p1a: Mickey|Maushold|100\/100\n|switch|p2a: Roaring Tusk|Great Tusk|100\/100\n|-enditem|p2a: Roaring Tusk|Booster Energy\n|-activate|p2a: Roaring Tusk|ability: Protosynthesis|[fromitem]\n|-start|p2a: Roaring Tusk|protosynthesisspe\n|turn|1\n|\n|t:|1700713509\n|switch|p1a: Hannibal|Great Tusk|100\/100\n|move|p2a: Roaring Tusk|Taunt|p1a: Hannibal\n|-start|p1a: Hannibal|move: Taunt\n|\n|upkeep\n|turn|2\n|\n|t:|1700713514\n|move|p2a: Roaring Tusk|Stealth Rock|p1a: Hannibal\n|-sidestart|p1: ur doggo|move: Stealth Rock\n|move|p1a: Hannibal|Headlong Rush|p2a: Roaring Tusk\n|-damage|p2a: Roaring Tusk|61\/100\n|-unboost|p1a: Hannibal|def|1\n|-unboost|p1a: Hannibal|spd|1\n|\n|upkeep\n|turn|3\n|\n|t:|1700713519\n|move|p2a: Roaring Tusk|Iron Head|p1a: Hannibal\n|-damage|p1a: Hannibal|78\/100\n|move|p1a: Hannibal|Rapid Spin|p2a: Roaring Tusk\n|-damage|p2a: Roaring Tusk|50\/100\n|-boost|p1a: Hannibal|spe|1\n|-sideend|p1: ur doggo|Stealth Rock|[from] move: Rapid Spin|[of] p1a: Hannibal\n|\n|-heal|p1a: Hannibal|85\/100|[from] item: Leftovers\n|-end|p1a: Hannibal|move: Taunt\n|upkeep\n|turn|4\n|\n|t:|1700713523\n|move|p2a: Roaring Tusk|Taunt|p1a: Hannibal\n|-start|p1a: Hannibal|move: Taunt\n|move|p1a: Hannibal|Ice Spinner|p2a: Roaring Tusk\n|-supereffective|p2a: Roaring Tusk\n|-damage|p2a: Roaring Tusk|13\/100\n|\n|-heal|p1a: Hannibal|91\/100|[from] item: Leftovers\n|upkeep\n|turn|5\n|\n|t:|1700713528\n|move|p1a: Hannibal|Ice Spinner|p2a: Roaring Tusk\n|-supereffective|p2a: Roaring Tusk\n|-damage|p2a: Roaring Tusk|0 fnt\n|faint|p2a: Roaring Tusk\n|-end|p2a: Roaring Tusk|Protosynthesis|[silent]\n|\n|-heal|p1a: Hannibal|97\/100|[from] item: Leftovers\n|upkeep\n|\n|t:|1700713531\n|switch|p2a: Drizzled Ribbit|Greninja, M|100\/100\n|turn|6\n|\n|t:|1700713538\n|-terastallize|p2a: Drizzled Ribbit|Poison\n|move|p1a: Hannibal|Headlong Rush|p2a: Drizzled Ribbit\n|-supereffective|p2a: Drizzled Ribbit\n|-damage|p2a: Drizzled Ribbit|0 fnt\n|-unboost|p1a: Hannibal|def|1\n|-unboost|p1a: Hannibal|spd|1\n|faint|p2a: Drizzled Ribbit\n|\n|-heal|p1a: Hannibal|100\/100|[from] item: Leftovers\n|-end|p1a: Hannibal|move: Taunt\n|upkeep\n|\n|t:|1700713543\n|switch|p2a: IRON BAZOOKA|Iron Moth|100\/100\n|-enditem|p2a: IRON BAZOOKA|Booster Energy\n|-activate|p2a: IRON BAZOOKA|ability: Quark Drive|[fromitem]\n|-start|p2a: IRON BAZOOKA|quarkdrivespe\n|turn|7\n|\n|t:|1700713548\n|-end|p1a: Hannibal|Protosynthesis|[silent]\n|switch|p1a: Caesar|Heatran, M|100\/100\n|move|p2a: IRON BAZOOKA|Psychic|p1a: Caesar\n|-resisted|p1a: Caesar\n|-damage|p1a: Caesar|90\/100\n|-unboost|p1a: Caesar|spd|1\n|\n|-heal|p1a: Caesar|96\/100|[from] item: Leftovers\n|upkeep\n|turn|8\n|\n|t:|1700713552\n|-end|p2a: IRON BAZOOKA|Quark Drive|[silent]\n|switch|p2a: GodZillaBoom|Rillaboom, M|100\/100\n|-fieldstart|move: Grassy Terrain|[from] ability: Grassy Surge|[of] p2a: GodZillaBoom\n|move|p1a: Caesar|Magma Storm|p2a: GodZillaBoom|[miss]\n|-miss|p1a: Caesar|p2a: GodZillaBoom\n|\n|-heal|p1a: Caesar|100\/100|[from] Grassy Terrain\n|upkeep\n|turn|9\n|\n|t:|1700713555\n|move|p2a: GodZillaBoom|Drain Punch|p1a: Caesar\n|-supereffective|p1a: Caesar\n|-damage|p1a: Caesar|40\/100\n|-damage|p2a: GodZillaBoom|91\/100|[from] item: Life Orb\n|move|p1a: Caesar|Magma Storm|p2a: GodZillaBoom|[miss]\n|-miss|p1a: Caesar|p2a: GodZillaBoom\n|\n|-heal|p2a: GodZillaBoom|97\/100|[from] Grassy Terrain\n|-heal|p1a: Caesar|46\/100|[from] Grassy Terrain\n|-heal|p1a: Caesar|52\/100|[from] item: Leftovers\n|upkeep\n|turn|10\n|\n|t:|1700713566\n|switch|p1a: Harambe|Rillaboom, M|100\/100\n|move|p2a: GodZillaBoom|Drain Punch|p1a: Harambe\n|-damage|p1a: Harambe|63\/100\n|-heal|p2a: GodZillaBoom|100\/100|[from] drain|[of] p1a: Harambe\n|-damage|p2a: GodZillaBoom|91\/100|[from] item: Life Orb\n|\n|-heal|p2a: GodZillaBoom|97\/100|[from] Grassy Terrain\n|-heal|p1a: Harambe|69\/100|[from] Grassy Terrain\n|upkeep\n|turn|11\n|\n|t:|1700713569\n|move|p2a: GodZillaBoom|Swords Dance|p2a: GodZillaBoom\n|-boost|p2a: GodZillaBoom|atk|2\n|move|p1a: Harambe|U-turn|p2a: GodZillaBoom\n|-supereffective|p2a: GodZillaBoom\n|-damage|p2a: GodZillaBoom|17\/100\n|\n|t:|1700713576\n|switch|p1a: Enormous|Enamorus, F|100\/100|[from] U-turn\n|\n|-heal|p2a: GodZillaBoom|23\/100|[from] Grassy Terrain\n|upkeep\n|turn|12\n|\n|t:|1700713582\n|move|p2a: GodZillaBoom|Grassy Glide|p1a: Enormous\n|-resisted|p1a: Enormous\n|-damage|p1a: Enormous|24\/100\n|-damage|p2a: GodZillaBoom|13\/100|[from] item: Life Orb\n|move|p1a: Enormous|Moonblast|p2a: GodZillaBoom\n|-damage|p2a: GodZillaBoom|0 fnt\n|faint|p2a: GodZillaBoom\n|\n|-fieldend|move: Grassy Terrain\n|upkeep\n|\n|t:|1700713587\n|switch|p2a: IRON BAZOOKA|Iron Moth|100\/100\n|turn|13\n|\n|t:|1700713594\n|move|p1a: Enormous|Moonblast|p2a: IRON BAZOOKA\n|-resisted|p2a: IRON BAZOOKA\n|-damage|p2a: IRON BAZOOKA|89\/100\n|-unboost|p2a: IRON BAZOOKA|spa|1\n|move|p2a: IRON BAZOOKA|Sludge Wave|p1a: Enormous\n|-supereffective|p1a: Enormous\n|-damage|p1a: Enormous|0 fnt\n|faint|p1a: Enormous\n|\n|upkeep\n|\n|t:|1700713597\n|switch|p1a: Caesar|Heatran, M|52\/100\n|turn|14\n|\n|t:|1700713600\n|-end|p2a: IRON BAZOOKA|Quark Drive|[silent]\n|switch|p2a: Frozen Tails|Ninetales-Alola, F|100\/100\n|-weather|Snow|[from] ability: Snow Warning|[of] p2a: Frozen Tails\n|move|p1a: Caesar|Magma Storm|p2a: Frozen Tails\n|-supereffective|p2a: Frozen Tails\n|-damage|p2a: Frozen Tails|0 fnt\n|faint|p2a: Frozen Tails\n|\n|-weather|Snow|[upkeep]\n|-heal|p1a: Caesar|59\/100|[from] item: Leftovers\n|upkeep\n|\n|t:|1700713602\n|switch|p2a: Greatest Tail|Dragonite, M|100\/100\n|turn|15\n|\n|t:|1700713606\n|switch|p1a: Hannibal|Great Tusk|100\/100\n|move|p2a: Greatest Tail|Dragon Dance|p2a: Greatest Tail\n|-boost|p2a: Greatest Tail|atk|1\n|-boost|p2a: Greatest Tail|spe|1\n|\n|-weather|Snow|[upkeep]\n|upkeep\n|turn|16\n|\n|t:|1700713608\n|move|p2a: Greatest Tail|Air Slash|p1a: Hannibal\n|-supereffective|p1a: Hannibal\n|-damage|p1a: Hannibal|12\/100\n|cant|p1a: Hannibal|flinch\n|\n|-weather|Snow|[upkeep]\n|-heal|p1a: Hannibal|18\/100|[from] item: Leftovers\n|upkeep\n|turn|17\n|\n|t:|1700713615\n|move|p2a: Greatest Tail|Extreme Speed|p1a: Hannibal\n|-damage|p1a: Hannibal|0 fnt\n|faint|p1a: Hannibal\n|-end|p1a: Hannibal|Protosynthesis|[silent]\n|\n|-weather|Snow|[upkeep]\n|upkeep\n|\n|t:|1700713622\n|switch|p1a: Mickey|Maushold|100\/100\n|turn|18\n|\n|t:|1700713626\n|-terastallize|p1a: Mickey|Ghost\n|move|p2a: Greatest Tail|Earthquake|p1a: Mickey\n|-crit|p1a: Mickey\n|-damage|p1a: Mickey|0 fnt\n|faint|p1a: Mickey\n|\n|-weather|none\n|upkeep\n|c|\u2606A KlNG\u265b\u2654\u2655|fk that\n|c|\u2606A KlNG\u265b\u2654\u2655|PIECE OF SHIT\n|c|\u2606A KlNG\u265b\u2654\u2655|MICKY MOUSE\n|\n|t:|1700713641\n|switch|p1a: Harambe|Rillaboom, M|69\/100\n|-fieldstart|move: Grassy Terrain|[from] ability: Grassy Surge|[of] p1a: Harambe\n|turn|19\n|\n|t:|1700713646\n|move|p1a: Harambe|Grassy Glide|p2a: Greatest Tail\n|-resisted|p2a: Greatest Tail\n|-damage|p2a: Greatest Tail|93\/100\n|move|p2a: Greatest Tail|Air Slash|p1a: Harambe\n|-supereffective|p1a: Harambe\n|-damage|p1a: Harambe|0 fnt\n|faint|p1a: Harambe\n|\n|upkeep\n|\n|t:|1700713648\n|switch|p1a: Caesar|Heatran, M|59\/100\n|turn|20\n|\n|t:|1700713650\n|move|p2a: Greatest Tail|Earthquake|p1a: Caesar\n|-supereffective|p1a: Caesar\n|-damage|p1a: Caesar|0 fnt\n|faint|p1a: Caesar\n|\n|upkeep\n|\n|t:|1700713652\n|switch|p1a: Supreme|Kingambit, F|100\/100\n|-activate|p1a: Supreme|ability: Supreme Overlord\n|-start|p1a: Supreme|fallen5|[silent]\n|turn|21\n|\n|t:|1700713659\n|move|p2a: Greatest Tail|Earthquake|p1a: Supreme\n|-supereffective|p1a: Supreme\n|-damage|p1a: Supreme|58\/100\n|move|p1a: Supreme|Kowtow Cleave|p2a: Greatest Tail\n|-crit|p2a: Greatest Tail\n|-damage|p2a: Greatest Tail|0 fnt\n|faint|p2a: Greatest Tail\n|\n|-heal|p1a: Supreme|64\/100|[from] Grassy Terrain\n|-heal|p1a: Supreme|70\/100|[from] item: Leftovers\n|upkeep\n|\n|t:|1700713664\n|switch|p2a: IRON BAZOOKA|Iron Moth|89\/100\n|turn|22\n|\n|t:|1700713667\n|move|p1a: Supreme|Sucker Punch|p2a: IRON BAZOOKA\n|-damage|p2a: IRON BAZOOKA|0 fnt\n|faint|p2a: IRON BAZOOKA\n|-end|p2a: IRON BAZOOKA|Quark Drive|[silent]\n|\n|win|ur doggo\n|raw|ur doggo's rating: 1394 &rarr; <strong>1413<\/strong><br \/>(+19 for winning)\n|raw|A KlNG\u265b\u2654\u2655's rating: 1384 &rarr; <strong>1365<\/strong><br \/>(-19 for losing)\n","uploadtime":1700713635,"views":2,"p1id":"urdoggo","p2id":"aklng","formatid":"gen9ou","rating":1365,"private":0,"password":""}