{"id":"gen9ou-1992171850","p1":"TheZalmancer","p2":"Land of Pokemon","format":"[Gen 9] OU","log":"|j|\u2606TheZalmancer\n|j|\u203dLand of Pokemon\n|t:|1700160963\n|gametype|singles\n|player|p1|TheZalmancer|skyla|1041\n|player|p2|Land of Pokemon|266|1099\n|teamsize|p1|6\n|teamsize|p2|6\n|gen|9\n|tier|[Gen 9] OU\n|rated|\n|rule|Sleep Clause Mod: Limit one foe put to sleep\n|rule|Species Clause: Limit one of each Pok\u00e9mon\n|rule|OHKO Clause: OHKO moves are banned\n|rule|Evasion Items Clause: Evasion items are banned\n|rule|Evasion Moves Clause: Evasion moves are banned\n|rule|Endless Battle Clause: Forcing endless battles is banned\n|rule|HP Percentage Mod: HP is shown in percentages\n|clearpoke\n|poke|p1|Poliwrath, M|\n|poke|p1|Pelipper, M|\n|poke|p1|Overqwil, M|\n|poke|p1|Rillaboom, F|\n|poke|p1|Iron Treads|\n|poke|p1|Zapdos|\n|poke|p2|Typhlosion-Hisui, F|\n|poke|p2|Kingambit, F|\n|poke|p2|Ursaluna, F|\n|poke|p2|Kommo-o, F|\n|poke|p2|Azumarill, F|\n|poke|p2|Kilowattrel, M|\n|teampreview\n|inactive|Battle timer is ON: inactive players will automatically lose when time's up. (requested by Land of Pokemon)\n|\n|t:|1700160973\n|start\n|switch|p1a: Iron Treads|Iron Treads|100\/100\n|switch|p2a: Kilowattrel|Kilowattrel, M|100\/100\n|turn|1\n|\n|t:|1700160991\n|switch|p2a: Ursaluna|Ursaluna, F|100\/100\n|move|p1a: Iron Treads|Ice Spinner|p2a: Ursaluna\n|-supereffective|p2a: Ursaluna\n|-damage|p2a: Ursaluna|67\/100\n|\n|-status|p2a: Ursaluna|brn|[from] item: Flame Orb\n|upkeep\n|turn|2\n|\n|t:|1700161001\n|-end|p1a: Iron Treads|Quark Drive|[silent]\n|switch|p1a: Pelipper|Pelipper, M|100\/100\n|-weather|RainDance|[from] ability: Drizzle|[of] p1a: Pelipper\n|move|p2a: Ursaluna|Bulk Up|p2a: Ursaluna\n|-boost|p2a: Ursaluna|atk|1\n|-boost|p2a: Ursaluna|def|1\n|\n|-weather|RainDance|[upkeep]\n|-damage|p2a: Ursaluna|61\/100 brn|[from] brn\n|upkeep\n|turn|3\n|\n|t:|1700161010\n|move|p1a: Pelipper|Surf|p2a: Ursaluna\n|-supereffective|p2a: Ursaluna\n|-damage|p2a: Ursaluna|0 fnt\n|faint|p2a: Ursaluna\n|\n|-weather|RainDance|[upkeep]\n|upkeep\n|\n|t:|1700161014\n|switch|p2a: Kilowattrel|Kilowattrel, M|100\/100\n|turn|4\n|\n|t:|1700161024\n|switch|p2a: Kommo-o|Kommo-o, F|100\/100\n|switch|p1a: Zapdos|Zapdos|100\/100\n|\n|-weather|RainDance|[upkeep]\n|upkeep\n|turn|5\n|\n|t:|1700161033\n|-terastallize|p2a: Kommo-o|Normal\n|move|p1a: Zapdos|Hurricane|p2a: Kommo-o\n|-damage|p2a: Kommo-o|38\/100\n|move|p2a: Kommo-o|Clangorous Soul|p2a: Kommo-o\n|-boost|p2a: Kommo-o|atk|1\n|-boost|p2a: Kommo-o|def|1\n|-boost|p2a: Kommo-o|spa|1\n|-boost|p2a: Kommo-o|spd|1\n|-boost|p2a: Kommo-o|spe|1\n|-damage|p2a: Kommo-o|5\/100\n|\n|-weather|RainDance|[upkeep]\n|upkeep\n|turn|6\n|\n|t:|1700161044\n|move|p2a: Kommo-o|Boomburst|p1a: Zapdos\n|-damage|p1a: Zapdos|0 fnt\n|faint|p1a: Zapdos\n|\n|-weather|RainDance|[upkeep]\n|upkeep\n|\n|t:|1700161059\n|switch|p1a: Overqwil|Overqwil, M|100\/100\n|turn|7\n|\n|t:|1700161063\n|move|p1a: Overqwil|Crunch|p2a: Kommo-o\n|-damage|p2a: Kommo-o|0 fnt\n|faint|p2a: Kommo-o\n|-damage|p1a: Overqwil|91\/100|[from] item: Life Orb\n|\n|-weather|RainDance|[upkeep]\n|upkeep\n|\n|t:|1700161076\n|switch|p2a: Kilowattrel|Kilowattrel, M|100\/100\n|turn|8\n|l|\u203dLand of Pokemon\n|inactive|Land of Pokemon disconnected and has a minute to reconnect!\n|player|p2|\n|j|\u203dLand of Pokemon\n|inactive|Land of Pokemon reconnected and has 115 seconds left.\n|player|p2|Land of Pokemon|266\n|n|\u203dLand of Pokemon|landofpokemon\n|\n|t:|1700161117\n|switch|p1a: Iron Treads|Iron Treads|100\/100\n|move|p2a: Kilowattrel|Thunderbolt|p1a: Iron Treads\n|-immune|p1a: Iron Treads\n|\n|-weather|RainDance|[upkeep]\n|upkeep\n|turn|9\n|\n|t:|1700161129\n|switch|p2a: Azumarill|Azumarill, F|100\/100\n|move|p1a: Iron Treads|Rapid Spin|p2a: Azumarill\n|-damage|p2a: Azumarill|85\/100\n|-boost|p1a: Iron Treads|spe|1\n|\n|-weather|none\n|upkeep\n|turn|10\n|inactive|Land of Pokemon has 120 seconds left.\n|\n|t:|1700161149\n|move|p1a: Iron Treads|Thunder|p2a: Azumarill|[miss]\n|-miss|p1a: Iron Treads|p2a: Azumarill\n|move|p2a: Azumarill|Belly Drum|p2a: Azumarill\n|-damage|p2a: Azumarill|35\/100\n|-setboost|p2a: Azumarill|atk|6|[from] move: Belly Drum\n|-enditem|p2a: Azumarill|Sitrus Berry|[eat]\n|-heal|p2a: Azumarill|60\/100|[from] item: Sitrus Berry\n|\n|upkeep\n|turn|11\n|\n|t:|1700161163\n|-end|p1a: Iron Treads|Quark Drive|[silent]\n|switch|p1a: Pelipper|Pelipper, M|100\/100\n|-weather|RainDance|[from] ability: Drizzle|[of] p1a: Pelipper\n|move|p2a: Azumarill|Aqua Jet|p1a: Pelipper\n|-resisted|p1a: Pelipper\n|-damage|p1a: Pelipper|31\/100\n|\n|-weather|RainDance|[upkeep]\n|upkeep\n|turn|12\n|\n|t:|1700161180\n|switch|p1a: Rillaboom|Rillaboom, F|100\/100\n|-fieldstart|move: Grassy Terrain|[from] ability: Grassy Surge|[of] p1a: Rillaboom\n|move|p2a: Azumarill|Aqua Jet|p1a: Rillaboom\n|-resisted|p1a: Rillaboom\n|-damage|p1a: Rillaboom|18\/100\n|\n|-weather|RainDance|[upkeep]\n|-heal|p1a: Rillaboom|24\/100|[from] Grassy Terrain\n|-heal|p2a: Azumarill|66\/100|[from] Grassy Terrain\n|upkeep\n|turn|13\n|\n|t:|1700161193\n|move|p1a: Rillaboom|Grassy Glide|p2a: Azumarill\n|-supereffective|p2a: Azumarill\n|-damage|p2a: Azumarill|0 fnt\n|faint|p2a: Azumarill\n|\n|-weather|RainDance|[upkeep]\n|-heal|p1a: Rillaboom|30\/100|[from] Grassy Terrain\n|upkeep\n|\n|t:|1700161198\n|switch|p2a: Kilowattrel|Kilowattrel, M|100\/100\n|turn|14\n|\n|t:|1700161206\n|switch|p1a: Iron Treads|Iron Treads|100\/100\n|move|p2a: Kilowattrel|Air Slash|p1a: Iron Treads\n|-resisted|p1a: Iron Treads\n|-crit|p1a: Iron Treads\n|-damage|p1a: Iron Treads|61\/100\n|\n|-weather|RainDance|[upkeep]\n|-heal|p1a: Iron Treads|67\/100|[from] Grassy Terrain\n|upkeep\n|turn|15\n|\n|t:|1700161225\n|move|p2a: Kilowattrel|Air Slash|p1a: Iron Treads\n|-resisted|p1a: Iron Treads\n|-damage|p1a: Iron Treads|37\/100\n|cant|p1a: Iron Treads|flinch\n|\n|-weather|RainDance|[upkeep]\n|-heal|p1a: Iron Treads|43\/100|[from] Grassy Terrain\n|upkeep\n|turn|16\n|\n|t:|1700161249\n|move|p2a: Kilowattrel|Air Slash|p1a: Iron Treads\n|-resisted|p1a: Iron Treads\n|-damage|p1a: Iron Treads|15\/100\n|move|p1a: Iron Treads|Ice Spinner|p2a: Kilowattrel\n|-supereffective|p2a: Kilowattrel\n|-damage|p2a: Kilowattrel|15\/100\n|-fieldend|move: Grassy Terrain\n|\n|-weather|RainDance|[upkeep]\n|upkeep\n|turn|17\n|\n|t:|1700161259\n|move|p2a: Kilowattrel|Air Slash|p1a: Iron Treads\n|-resisted|p1a: Iron Treads\n|-damage|p1a: Iron Treads|0 fnt\n|faint|p1a: Iron Treads\n|-end|p1a: Iron Treads|Quark Drive|[silent]\n|\n|-weather|RainDance|[upkeep]\n|upkeep\n|\n|t:|1700161275\n|switch|p1a: Overqwil|Overqwil, M|91\/100\n|turn|18\n|inactive|Land of Pokemon has 120 seconds left.\n|\n|t:|1700161332\n|move|p1a: Overqwil|Liquidation|p2a: Kilowattrel\n|-damage|p2a: Kilowattrel|0 fnt\n|faint|p2a: Kilowattrel\n|-damage|p1a: Overqwil|81\/100|[from] item: Life Orb\n|\n|-weather|none\n|upkeep\n|\n|t:|1700161341\n|switch|p2a: Typhlosion|Typhlosion-Hisui, F|100\/100\n|turn|19\n|\n|t:|1700161351\n|switch|p1a: Pelipper|Pelipper, M|31\/100\n|-weather|RainDance|[from] ability: Drizzle|[of] p1a: Pelipper\n|move|p2a: Typhlosion|Will-O-Wisp|p1a: Pelipper|[miss]\n|-miss|p2a: Typhlosion|p1a: Pelipper\n|\n|-weather|RainDance|[upkeep]\n|upkeep\n|turn|20\n|inactive|Land of Pokemon has 90 seconds left.\n|inactive|Land of Pokemon has 60 seconds left.\n|inactive|Land of Pokemon has 30 seconds left.\n|inactive|Land of Pokemon has 20 seconds left.\n|inactive|Land of Pokemon has 15 seconds left.\n|inactive|Land of Pokemon has 10 seconds left.\n|inactive|Land of Pokemon has 5 seconds left.\n|-message|Land of Pokemon lost due to inactivity.\n|\n|win|TheZalmancer\n|raw|TheZalmancer's rating: 1041 &rarr; <strong>1080<\/strong><br \/>(+39 for winning)\n|raw|Land of Pokemon's rating: 1099 &rarr; <strong>1070<\/strong><br \/>(-29 for losing)\n","uploadtime":1700161475,"views":9,"p1id":"thezalmancer","p2id":"landofpokemon","formatid":"gen9ou","rating":1070,"private":0,"password":""}