{"id":"gen9ou-1992483909","p1":"wontonsoup420","p2":"Minimimik","format":"[Gen 9] OU","log":"|j|\u2606wontonsoup420\n|j|\u2606Minimimik\n|t:|1700193303\n|gametype|singles\n|player|p1|wontonsoup420|unknown|1626\n|player|p2|Minimimik|n|1545\n|teamsize|p1|6\n|teamsize|p2|6\n|gen|9\n|tier|[Gen 9] OU\n|rated|\n|rule|Sleep Clause Mod: Limit one foe put to sleep\n|rule|Species Clause: Limit one of each Pok\u00e9mon\n|rule|OHKO Clause: OHKO moves are banned\n|rule|Evasion Items Clause: Evasion items are banned\n|rule|Evasion Moves Clause: Evasion moves are banned\n|rule|Endless Battle Clause: Forcing endless battles is banned\n|rule|HP Percentage Mod: HP is shown in percentages\n|clearpoke\n|poke|p1|Dragapult, M|\n|poke|p1|Kingambit, F|\n|poke|p1|Great Tusk|\n|poke|p1|Glimmora, F|\n|poke|p1|Scizor, M|\n|poke|p1|Meowscarada, F|\n|poke|p2|Great Tusk|\n|poke|p2|Hatterene, F|\n|poke|p2|Dondozo, M|\n|poke|p2|Mandibuzz, F|\n|poke|p2|Heatran, F|\n|poke|p2|Dragapult, F|\n|teampreview\n|\n|t:|1700193306\n|start\n|switch|p1a: Meowscarada|Meowscarada, F|100\/100\n|switch|p2a: Dragapult|Dragapult, F|100\/100\n|turn|1\n|j| yb is better\n|\n|t:|1700193316\n|switch|p2a: Heatran|Heatran, F|100\/100\n|move|p1a: Meowscarada|Knock Off|p2a: Heatran\n|-start|p1a: Meowscarada|typechange|Dark|[from] ability: Protean\n|-damage|p2a: Heatran|61\/100\n|-status|p1a: Meowscarada|brn|[from] ability: Flame Body|[of] p2a: Heatran\n|-enditem|p2a: Heatran|Leftovers|[from] move: Knock Off|[of] p1a: Meowscarada\n|\n|-damage|p1a: Meowscarada|94\/100 brn|[from] brn\n|upkeep\n|turn|2\n|\n|t:|1700193334\n|switch|p1a: timmy Tusk|Great Tusk|100\/100\n|move|p2a: Heatran|Magma Storm|p1a: timmy Tusk\n|-damage|p1a: timmy Tusk|43\/100\n|-activate|p1a: timmy Tusk|move: Magma Storm|[of] p2a: Heatran\n|\n|-damage|p1a: timmy Tusk|31\/100|[from] move: Magma Storm|[partiallytrapped]\n|upkeep\n|turn|3\n|\n|t:|1700193348\n|move|p2a: Heatran|Protect|p2a: Heatran\n|-singleturn|p2a: Heatran|Protect\n|move|p1a: timmy Tusk|Ice Spinner|p2a: Heatran\n|-activate|p2a: Heatran|move: Protect\n|\n|-damage|p1a: timmy Tusk|18\/100|[from] move: Magma Storm|[partiallytrapped]\n|upkeep\n|turn|4\n|\n|t:|1700193351\n|switch|p2a: Dondozo|Dondozo, M|100\/100\n|move|p1a: timmy Tusk|Earthquake|p2a: Dondozo\n|-damage|p2a: Dondozo|76\/100\n|\n|-heal|p2a: Dondozo|83\/100|[from] item: Leftovers\n|-end|p1a: timmy Tusk|Magma Storm|[partiallytrapped]|[silent]\n|upkeep\n|turn|5\n|\n|t:|1700193359\n|-end|p1a: timmy Tusk|Protosynthesis|[silent]\n|switch|p1a: Meowscarada|Meowscarada, F|94\/100 brn\n|move|p2a: Dondozo|Liquidation|p1a: Meowscarada\n|-resisted|p1a: Meowscarada\n|-damage|p1a: Meowscarada|70\/100 brn\n|\n|-heal|p2a: Dondozo|89\/100|[from] item: Leftovers\n|-damage|p1a: Meowscarada|64\/100 brn|[from] brn\n|upkeep\n|turn|6\n|\n|t:|1700193365\n|switch|p2a: Mandibuzz|Mandibuzz, F|100\/100\n|move|p1a: Meowscarada|Flower Trick|p2a: Mandibuzz\n|-start|p1a: Meowscarada|typechange|Grass|[from] ability: Protean\n|-resisted|p2a: Mandibuzz\n|-crit|p2a: Mandibuzz\n|-damage|p2a: Mandibuzz|94\/100\n|\n|-damage|p1a: Meowscarada|58\/100 brn|[from] brn\n|upkeep\n|turn|7\n|\n|t:|1700193369\n|move|p1a: Meowscarada|Flower Trick|p2a: Mandibuzz\n|-resisted|p2a: Mandibuzz\n|-crit|p2a: Mandibuzz\n|-damage|p2a: Mandibuzz|87\/100\n|move|p2a: Mandibuzz|U-turn|p1a: Meowscarada\n|-supereffective|p1a: Meowscarada\n|-damage|p1a: Meowscarada|25\/100 brn\n|\n|t:|1700193375\n|switch|p2a: Dondozo|Dondozo, M|89\/100|[from] U-turn\n|\n|-heal|p2a: Dondozo|95\/100|[from] item: Leftovers\n|-damage|p1a: Meowscarada|19\/100 brn|[from] brn\n|upkeep\n|turn|8\n|\n|t:|1700193377\n|switch|p2a: Mandibuzz|Mandibuzz, F|87\/100\n|move|p1a: Meowscarada|Flower Trick|p2a: Mandibuzz\n|-resisted|p2a: Mandibuzz\n|-crit|p2a: Mandibuzz\n|-damage|p2a: Mandibuzz|80\/100\n|\n|-damage|p1a: Meowscarada|13\/100 brn|[from] brn\n|upkeep\n|turn|9\n|\n|t:|1700193381\n|move|p1a: Meowscarada|Flower Trick|p2a: Mandibuzz\n|-resisted|p2a: Mandibuzz\n|-crit|p2a: Mandibuzz\n|-damage|p2a: Mandibuzz|74\/100\n|move|p2a: Mandibuzz|Roost|p2a: Mandibuzz\n|-heal|p2a: Mandibuzz|100\/100\n|-singleturn|p2a: Mandibuzz|move: Roost\n|\n|-damage|p1a: Meowscarada|7\/100 brn|[from] brn\n|upkeep\n|turn|10\n|\n|t:|1700193392\n|move|p1a: Meowscarada|Flower Trick|p2a: Mandibuzz\n|-resisted|p2a: Mandibuzz\n|-crit|p2a: Mandibuzz\n|-damage|p2a: Mandibuzz|94\/100\n|move|p2a: Mandibuzz|U-turn|p1a: Meowscarada\n|-supereffective|p1a: Meowscarada\n|-damage|p1a: Meowscarada|0 fnt\n|faint|p1a: Meowscarada\n|j| Lobuttomize\n|l| Lobuttomize\n|inactive|Battle timer is ON: inactive players will automatically lose when time's up. (requested by wontonsoup420)\n|\n|t:|1700193401\n|switch|p2a: Great Tusk|Great Tusk|100\/100|[from] U-turn\n|\n|upkeep\n|\n|t:|1700193405\n|switch|p1a: had2 do it 2em|Scizor, M, shiny|100\/100\n|turn|11\n|\n|t:|1700193412\n|move|p2a: Great Tusk|Knock Off|p1a: had2 do it 2em\n|-crit|p1a: had2 do it 2em\n|-damage|p1a: had2 do it 2em|24\/100\n|-enditem|p1a: had2 do it 2em|Leftovers|[from] move: Knock Off|[of] p2a: Great Tusk\n|move|p1a: had2 do it 2em|Dual Wingbeat|p2a: Great Tusk\n|-supereffective|p2a: Great Tusk\n|-damage|p2a: Great Tusk|69\/100\n|-supereffective|p2a: Great Tusk\n|-crit|p2a: Great Tusk\n|-damage|p2a: Great Tusk|14\/100\n|-hitcount|p2a: Great Tusk|2\n|\n|upkeep\n|turn|12\n|l| yb is better\n|\n|t:|1700193423\n|-end|p2a: Great Tusk|Protosynthesis|[silent]\n|switch|p2a: Heatran|Heatran, F|61\/100\n|move|p1a: had2 do it 2em|Bullet Punch|p2a: Heatran\n|-resisted|p2a: Heatran\n|-damage|p2a: Heatran|53\/100\n|\n|upkeep\n|turn|13\n|j| yb is better\n|\n|t:|1700193428\n|switch|p2a: Mandibuzz|Mandibuzz, F|94\/100\n|move|p1a: had2 do it 2em|Close Combat|p2a: Mandibuzz\n|-damage|p2a: Mandibuzz|70\/100\n|-unboost|p1a: had2 do it 2em|def|1\n|-unboost|p1a: had2 do it 2em|spd|1\n|\n|upkeep\n|turn|14\n|\n|t:|1700193434\n|move|p2a: Mandibuzz|Foul Play|p1a: had2 do it 2em\n|-damage|p1a: had2 do it 2em|0 fnt\n|faint|p1a: had2 do it 2em\n|\n|upkeep\n|\n|t:|1700193436\n|switch|p1a: emo brother|Dragapult, M|100\/100\n|turn|15\n|\n|t:|1700193439\n|switch|p2a: Heatran|Heatran, F|53\/100\n|move|p1a: emo brother|Flamethrower|p2a: Heatran\n|-damage|p2a: Heatran|28\/100\n|\n|upkeep\n|turn|16\n|\n|t:|1700193444\n|move|p1a: emo brother|Flamethrower|p2a: Heatran\n|-damage|p2a: Heatran|0 fnt\n|faint|p2a: Heatran\n|\n|upkeep\n|\n|t:|1700193448\n|switch|p2a: Dragapult|Dragapult, F|100\/100\n|turn|17\n|\n|t:|1700193453\n|switch|p1a: timmy Tusk|Great Tusk|18\/100\n|move|p2a: Dragapult|Draco Meteor|p1a: timmy Tusk\n|-damage|p1a: timmy Tusk|0 fnt\n|-unboost|p2a: Dragapult|spa|2\n|faint|p1a: timmy Tusk\n|-end|p1a: timmy Tusk|Protosynthesis|[silent]\n|\n|upkeep\n|\n|t:|1700193463\n|switch|p1a: rock|Glimmora, F|100\/100\n|turn|18\n|\n|t:|1700193468\n|switch|p2a: Great Tusk|Great Tusk|14\/100\n|move|p1a: rock|Sludge Wave|p2a: Great Tusk\n|-resisted|p2a: Great Tusk\n|-damage|p2a: Great Tusk|0 fnt\n|faint|p2a: Great Tusk\n|-end|p2a: Great Tusk|Protosynthesis|[silent]\n|\n|upkeep\n|\n|t:|1700193477\n|switch|p2a: Dragapult|Dragapult, F|100\/100\n|turn|19\n|\n|t:|1700193490\n|move|p2a: Dragapult|Shadow Ball|p1a: rock\n|-damage|p1a: rock|23\/100\n|-unboost|p1a: rock|spd|1\n|move|p1a: rock|Earth Power|p2a: Dragapult\n|-damage|p2a: Dragapult|56\/100\n|\n|upkeep\n|turn|20\n|\n|t:|1700193496\n|move|p2a: Dragapult|Shadow Ball|p1a: rock\n|-damage|p1a: rock|0 fnt\n|faint|p1a: rock\n|\n|upkeep\n|\n|t:|1700193498\n|switch|p1a: dad?|Kingambit, F, shiny|100\/100\n|-activate|p1a: dad?|ability: Supreme Overlord\n|-start|p1a: dad?|fallen4|[silent]\n|turn|21\n|\n|t:|1700193502\n|switch|p2a: Dondozo|Dondozo, M|95\/100\n|move|p1a: dad?|Swords Dance|p1a: dad?\n|-boost|p1a: dad?|atk|2\n|\n|-heal|p2a: Dondozo|100\/100|[from] item: Leftovers\n|upkeep\n|turn|22\n|\n|t:|1700193507\n|move|p1a: dad?|Low Kick|p2a: Dondozo\n|-damage|p2a: Dondozo|62\/100\n|move|p2a: Dondozo|Curse|p2a: Dondozo\n|-unboost|p2a: Dondozo|spe|1\n|-boost|p2a: Dondozo|atk|1\n|-boost|p2a: Dondozo|def|1\n|\n|-heal|p2a: Dondozo|68\/100|[from] item: Leftovers\n|upkeep\n|turn|23\n|\n|t:|1700193512\n|-end|p1a: dad?|fallen4|[silent]\n|switch|p1a: emo brother|Dragapult, M|100\/100\n|move|p2a: Dondozo|Curse|p2a: Dondozo\n|-unboost|p2a: Dondozo|spe|1\n|-boost|p2a: Dondozo|atk|1\n|-boost|p2a: Dondozo|def|1\n|\n|-heal|p2a: Dondozo|74\/100|[from] item: Leftovers\n|upkeep\n|turn|24\n|\n|t:|1700193517\n|-terastallize|p1a: emo brother|Fairy\n|-terastallize|p2a: Dondozo|Dark\n|move|p1a: emo brother|Tera Blast|p2a: Dondozo|[anim] Tera Blast Fairy\n|-supereffective|p2a: Dondozo\n|-damage|p2a: Dondozo|0 fnt\n|faint|p2a: Dondozo\n|\n|upkeep\n|l| yb is better\n|c|\u2606Minimimik|Actually what the hell\n|c|\u2606Minimimik|\ud83d\ude2d\n|inactive|Minimimik has 120 seconds left.\n|c|\u2606wontonsoup420|terra fairy pult is the best terra imo\n|\n|t:|1700193555\n|switch|p2a: Hatterene|Hatterene, F|100\/100\n|turn|25\n|\n|t:|1700193559\n|move|p1a: emo brother|Tera Blast|p2a: Hatterene|[anim] Tera Blast Fairy\n|-damage|p2a: Hatterene|44\/100\n|move|p2a: Hatterene|Nuzzle|p1a: emo brother\n|-damage|p1a: emo brother|95\/100\n|-status|p1a: emo brother|par\n|\n|-heal|p2a: Hatterene|50\/100|[from] item: Leftovers\n|upkeep\n|turn|26\n|\n|t:|1700193564\n|move|p1a: emo brother|Tera Blast|p2a: Hatterene|[anim] Tera Blast Fairy\n|-damage|p2a: Hatterene|0 fnt\n|faint|p2a: Hatterene\n|\n|upkeep\n|\n|t:|1700193568\n|switch|p2a: Dragapult|Dragapult, F|56\/100\n|turn|27\n|\n|t:|1700193571\n|move|p2a: Dragapult|Flamethrower|p1a: emo brother\n|-damage|p1a: emo brother|35\/100 par\n|move|p1a: emo brother|Tera Blast|p2a: Dragapult|[anim] Tera Blast Fairy\n|-supereffective|p2a: Dragapult\n|-damage|p2a: Dragapult|0 fnt\n|faint|p2a: Dragapult\n|\n|upkeep\n|\n|t:|1700193576\n|switch|p2a: Mandibuzz|Mandibuzz, F|70\/100\n|turn|28\n|\n|t:|1700193578\n|move|p2a: Mandibuzz|Foul Play|p1a: emo brother\n|-resisted|p1a: emo brother\n|-damage|p1a: emo brother|15\/100 par\n|cant|p1a: emo brother|par\n|\n|upkeep\n|turn|29\n|\n|t:|1700193589\n|switch|p1a: dad?|Kingambit, F, shiny|100\/100\n|-activate|p1a: dad?|ability: Supreme Overlord\n|-start|p1a: dad?|fallen4|[silent]\n|move|p2a: Mandibuzz|Foul Play|p1a: dad?\n|-resisted|p1a: dad?\n|-damage|p1a: dad?|76\/100\n|\n|-heal|p1a: dad?|82\/100|[from] item: Leftovers\n|upkeep\n|turn|30\n|\n|t:|1700193593\n|move|p2a: Mandibuzz|Roost|p2a: Mandibuzz\n|-heal|p2a: Mandibuzz|100\/100\n|-singleturn|p2a: Mandibuzz|move: Roost\n|move|p1a: dad?|Iron Head|p2a: Mandibuzz\n|-damage|p2a: Mandibuzz|61\/100\n|\n|-heal|p1a: dad?|88\/100|[from] item: Leftovers\n|upkeep\n|turn|31\n|\n|t:|1700193604\n|move|p2a: Mandibuzz|Foul Play|p1a: dad?\n|-resisted|p1a: dad?\n|-damage|p1a: dad?|65\/100\n|move|p1a: dad?|Iron Head|p2a: Mandibuzz\n|-damage|p2a: Mandibuzz|21\/100\n|\n|-heal|p1a: dad?|71\/100|[from] item: Leftovers\n|upkeep\n|turn|32\n|\n|t:|1700193608\n|move|p2a: Mandibuzz|U-turn|p1a: dad?\n|-damage|p1a: dad?|61\/100\n|move|p1a: dad?|Low Kick|p2a: Mandibuzz\n|-damage|p2a: Mandibuzz|2\/100\n|\n|-heal|p1a: dad?|68\/100|[from] item: Leftovers\n|upkeep\n|turn|33\n|\n|t:|1700193613\n|move|p2a: Mandibuzz|Foul Play|p1a: dad?\n|-resisted|p1a: dad?\n|-damage|p1a: dad?|42\/100\n|move|p1a: dad?|Low Kick|p2a: Mandibuzz\n|-damage|p2a: Mandibuzz|0 fnt\n|faint|p2a: Mandibuzz\n|\n|win|wontonsoup420\n|raw|wontonsoup420's rating: 1626 &rarr; <strong>1641<\/strong><br \/>(+15 for winning)\n|raw|Minimimik's rating: 1545 &rarr; <strong>1530<\/strong><br \/>(-15 for losing)\n|l|\u2606Minimimik\n|c|\u2606wontonsoup420|gg\n|l|\u2606wontonsoup420\n|j|\u2606Minimimik\n|player|p2|Minimimik|n\n|c|\u2606Minimimik|Gg\n","uploadtime":1700193643,"views":18,"p1id":"wontonsoup420","p2id":"minimimik","formatid":"gen9ou","rating":1530,"private":0,"password":""}