{"id":"gen9ou-1996741342","p1":"Samimi","p2":"Glizzyboy","format":"[Gen 9] OU","log":"|j|\u2606Samimi\n|j|\u2606Glizzyboy\n|t:|1700717442\n|gametype|singles\n|player|p1|Samimi|clerkf|1410\n|player|p2|Glizzyboy|102|1405\n|teamsize|p1|6\n|teamsize|p2|6\n|gen|9\n|tier|[Gen 9] OU\n|rated|\n|rule|Sleep Clause Mod: Limit one foe put to sleep\n|rule|Species Clause: Limit one of each Pok\u00e9mon\n|rule|OHKO Clause: OHKO moves are banned\n|rule|Evasion Items Clause: Evasion items are banned\n|rule|Evasion Moves Clause: Evasion moves are banned\n|rule|Endless Battle Clause: Forcing endless battles is banned\n|rule|HP Percentage Mod: HP is shown in percentages\n|clearpoke\n|poke|p1|Clefable, M|\n|poke|p1|Cinderace, F|\n|poke|p1|Ogerpon-Wellspring, F|\n|poke|p1|Iron Treads|\n|poke|p1|Kommo-o, F|\n|poke|p1|Moltres-Galar|\n|poke|p2|Lokix, F|\n|poke|p2|Donphan, F|\n|poke|p2|Ribombee, M|\n|poke|p2|Dondozo, M|\n|poke|p2|Cinderace, F|\n|poke|p2|Ogerpon-Wellspring, F|\n|teampreview\n|inactive|Battle timer is ON: inactive players will automatically lose when time's up. (requested by Samimi)\n|\n|t:|1700717452\n|start\n|switch|p1a: Cinderace|Cinderace, F|100\/100\n|switch|p2a: Lokix|Lokix, F|100\/100\n|turn|1\n|\n|t:|1700717465\n|switch|p1a: Kommo-o|Kommo-o, F|100\/100\n|move|p2a: Lokix|First Impression|p1a: Kommo-o\n|-resisted|p1a: Kommo-o\n|-damage|p1a: Kommo-o|65\/100\n|\n|-heal|p1a: Kommo-o|71\/100|[from] item: Leftovers\n|upkeep\n|turn|2\n|\n|t:|1700717479\n|switch|p2a: Donphan|Donphan, F|100\/100\n|move|p1a: Kommo-o|Stealth Rock|p2a: Donphan\n|-sidestart|p2: Glizzyboy|move: Stealth Rock\n|\n|-heal|p1a: Kommo-o|77\/100|[from] item: Leftovers\n|upkeep\n|turn|3\n|\n|t:|1700717500\n|switch|p1a: Ogerpon|Ogerpon-Wellspring, F|100\/100\n|move|p2a: Donphan|Rapid Spin|p1a: Ogerpon\n|-damage|p1a: Ogerpon|77\/100\n|-boost|p2a: Donphan|spe|1\n|-sideend|p2: Glizzyboy|Stealth Rock|[from] move: Rapid Spin|[of] p2a: Donphan\n|\n|upkeep\n|turn|4\n|\n|t:|1700717512\n|move|p1a: Ogerpon|Horn Leech|p2a: Donphan\n|-supereffective|p2a: Donphan\n|-damage|p2a: Donphan|35\/100\n|-heal|p1a: Ogerpon|100\/100|[from] drain|[of] p2a: Donphan\n|move|p2a: Donphan|Earthquake|p1a: Ogerpon\n|-resisted|p1a: Ogerpon\n|-damage|p1a: Ogerpon|68\/100\n|\n|upkeep\n|turn|5\n|\n|t:|1700717531\n|move|p2a: Donphan|Ice Shard|p1a: Ogerpon\n|-damage|p1a: Ogerpon|48\/100\n|move|p1a: Ogerpon|Ivy Cudgel|p2a: Donphan|[anim] Ivy Cudgel Water\n|-supereffective|p2a: Donphan\n|-damage|p2a: Donphan|0 fnt\n|faint|p2a: Donphan\n|\n|upkeep\n|\n|t:|1700717539\n|switch|p2a: Ribombee|Ribombee, M|100\/100\n|turn|6\n|\n|t:|1700717553\n|switch|p1a: Cinderace|Cinderace, F|100\/100\n|move|p2a: Ribombee|Bug Buzz|p1a: Cinderace\n|-resisted|p1a: Cinderace\n|-damage|p1a: Cinderace|67\/100\n|-damage|p2a: Ribombee|91\/100|[from] item: Life Orb\n|\n|upkeep\n|turn|7\n|\n|t:|1700717563\n|switch|p2a: Dondozo|Dondozo, M|100\/100\n|move|p1a: Cinderace|Pyro Ball|p2a: Dondozo\n|-resisted|p2a: Dondozo\n|-damage|p2a: Dondozo|83\/100\n|\n|upkeep\n|turn|8\n|\n|t:|1700717571\n|move|p1a: Cinderace|U-turn|p2a: Dondozo\n|-start|p1a: Cinderace|typechange|Bug|[from] ability: Libero\n|-damage|p2a: Dondozo|62\/100\n|\n|t:|1700717584\n|switch|p1a: Kommo-o|Kommo-o, F|77\/100|[from] U-turn\n|move|p2a: Dondozo|Avalanche|p1a: Kommo-o\n|-supereffective|p1a: Kommo-o\n|-damage|p1a: Kommo-o|52\/100\n|\n|-heal|p1a: Kommo-o|59\/100|[from] item: Leftovers\n|upkeep\n|turn|9\n|\n|t:|1700717596\n|switch|p2a: Ribombee|Ribombee, M|91\/100\n|move|p1a: Kommo-o|Stealth Rock|p2a: Ribombee\n|-sidestart|p2: Glizzyboy|move: Stealth Rock\n|\n|-heal|p1a: Kommo-o|65\/100|[from] item: Leftovers\n|upkeep\n|turn|10\n|\n|t:|1700717614\n|switch|p1a: Iron Treads|Iron Treads|100\/100\n|move|p2a: Ribombee|Quiver Dance|p2a: Ribombee\n|-boost|p2a: Ribombee|spa|1\n|-boost|p2a: Ribombee|spd|1\n|-boost|p2a: Ribombee|spe|1\n|\n|upkeep\n|turn|11\n|\n|t:|1700717638\n|move|p2a: Ribombee|Moonblast|p1a: Iron Treads\n|-resisted|p1a: Iron Treads\n|-damage|p1a: Iron Treads|72\/100\n|-damage|p2a: Ribombee|81\/100|[from] item: Life Orb\n|move|p1a: Iron Treads|Iron Head|p2a: Ribombee\n|-supereffective|p2a: Ribombee\n|-damage|p2a: Ribombee|0 fnt\n|faint|p2a: Ribombee\n|\n|upkeep\n|inactive|Glizzyboy has 120 seconds left.\n|\n|t:|1700717669\n|switch|p2a: Ogerpon|Ogerpon-Wellspring, F|100\/100\n|-damage|p2a: Ogerpon|88\/100|[from] Stealth Rock\n|turn|12\n|inactive|Samimi has 120 seconds left.\n|\n|t:|1700717703\n|-end|p1a: Iron Treads|Quark Drive|[silent]\n|switch|p1a: Cinderace|Cinderace, F|67\/100\n|move|p2a: Ogerpon|Horn Leech|p1a: Cinderace\n|-resisted|p1a: Cinderace\n|-crit|p1a: Cinderace\n|-damage|p1a: Cinderace|19\/100\n|-heal|p2a: Ogerpon|100\/100|[from] drain|[of] p1a: Cinderace\n|\n|upkeep\n|turn|13\n|inactive|Samimi has 120 seconds left.\n|\n|t:|1700717725\n|switch|p2a: Dondozo|Dondozo, M|62\/100\n|-damage|p2a: Dondozo|50\/100|[from] Stealth Rock\n|move|p1a: Cinderace|U-turn|p2a: Dondozo\n|-start|p1a: Cinderace|typechange|Bug|[from] ability: Libero\n|-damage|p2a: Dondozo|30\/100\n|\n|t:|1700717749\n|switch|p1a: Ogerpon|Ogerpon-Wellspring, F|48\/100|[from] U-turn\n|\n|upkeep\n|turn|14\n|\n|t:|1700717761\n|move|p1a: Ogerpon|Horn Leech|p2a: Dondozo\n|-supereffective|p2a: Dondozo\n|-damage|p2a: Dondozo|0 fnt\n|-heal|p1a: Ogerpon|73\/100|[from] drain|[of] p2a: Dondozo\n|faint|p2a: Dondozo\n|\n|upkeep\n|\n|t:|1700717767\n|switch|p2a: Lokix|Lokix, F|100\/100\n|-damage|p2a: Lokix|76\/100|[from] Stealth Rock\n|turn|15\n|inactive|Samimi has 120 seconds left.\n|\n|t:|1700717785\n|switch|p1a: Cinderace|Cinderace, F|19\/100\n|-terastallize|p2a: Lokix|Bug\n|move|p2a: Lokix|U-turn|p1a: Cinderace\n|-resisted|p1a: Cinderace\n|-damage|p1a: Cinderace|0 fnt\n|faint|p1a: Cinderace\n|\n|t:|1700717790\n|switch|p2a: Cinderace|Cinderace, F|100\/100|[from] U-turn\n|\n|upkeep\n|\n|t:|1700717807\n|switch|p1a: Ogerpon|Ogerpon-Wellspring, F|73\/100\n|turn|16\n|inactive|Glizzyboy has 120 seconds left.\n|\n|t:|1700717814\n|-terastallize|p1a: Ogerpon|Water\n|detailschange|p1a: Ogerpon|Ogerpon-Wellspring-Tera, F, tera:Water\n|-ability|p1a: Ogerpon|Embody Aspect (Wellspring)|boost\n|-boost|p1a: Ogerpon|spd|1\n|move|p2a: Cinderace|Court Change|p2a: Cinderace\n|-start|p2a: Cinderace|typechange|Normal|[from] ability: Libero\n|-swapsideconditions\n|-activate|p2a: Cinderace|move: Court Change\n|move|p1a: Ogerpon|Ivy Cudgel|p2a: Cinderace|[anim] Ivy Cudgel Water\n|-damage|p2a: Cinderace|0 fnt\n|faint|p2a: Cinderace\n|\n|upkeep\n|inactive|Glizzyboy has 120 seconds left.\n|\n|t:|1700717830\n|switch|p2a: Lokix|Lokix, F, tera:Bug|76\/100\n|turn|17\n|\n|t:|1700717833\n|move|p1a: Ogerpon|Spiky Shield|p1a: Ogerpon\n|-singleturn|p1a: Ogerpon|move: Protect\n|move|p2a: Lokix|First Impression|p1a: Ogerpon\n|-activate|p1a: Ogerpon|move: Protect\n|-damage|p2a: Lokix|63\/100|[from] Spiky Shield|[of] p1a: Ogerpon\n|\n|upkeep\n|turn|18\n|inactive|Samimi has 120 seconds left.\n|\n|t:|1700717849\n|switch|p2a: Ogerpon|Ogerpon-Wellspring, F|100\/100\n|move|p1a: Ogerpon|Horn Leech|p2a: Ogerpon\n|-damage|p2a: Ogerpon|41\/100\n|-heal|p1a: Ogerpon|100\/100|[from] drain|[of] p2a: Ogerpon\n|\n|upkeep\n|turn|19\n|inactive|Samimi has 120 seconds left.\n|\n|t:|1700717888\n|move|p1a: Ogerpon|Horn Leech|p2a: Ogerpon\n|-damage|p2a: Ogerpon|0 fnt\n|faint|p2a: Ogerpon\n|\n|upkeep\n|\n|t:|1700717892\n|switch|p2a: Lokix|Lokix, F, tera:Bug|63\/100\n|turn|20\n|\n|t:|1700717900\n|move|p1a: Ogerpon|Spiky Shield|p1a: Ogerpon\n|-singleturn|p1a: Ogerpon|move: Protect\n|move|p2a: Lokix|U-turn|p1a: Ogerpon\n|-activate|p1a: Ogerpon|move: Protect\n|-damage|p2a: Lokix|51\/100|[from] Spiky Shield|[of] p1a: Ogerpon\n|\n|upkeep\n|turn|21\n|\n|t:|1700717907\n|move|p1a: Ogerpon|Ivy Cudgel|p2a: Lokix|[anim] Ivy Cudgel Water\n|-damage|p2a: Lokix|0 fnt\n|faint|p2a: Lokix\n|\n|win|Samimi\n|raw|Samimi's rating: 1410 &rarr; <strong>1430<\/strong><br \/>(+20 for winning)\n|raw|Glizzyboy's rating: 1405 &rarr; <strong>1385<\/strong><br \/>(-20 for losing)\n|l|\u2606Glizzyboy\n","uploadtime":1700717915,"views":6,"p1id":"samimi","p2id":"glizzyboy","formatid":"gen9ou","rating":1385,"private":0,"password":""}