{"id":"gen9ou-1989470351","p1":"badfish321","p2":"Stinko Man","format":"[Gen 9] OU","log":"|j|\u2606badfish321\n|j|\u2606Stinko Man\n|t:|1699855637\n|gametype|singles\n|player|p1|badfish321|1|1217\n|player|p2|Stinko Man|nate|1258\n|teamsize|p1|6\n|teamsize|p2|6\n|gen|9\n|tier|[Gen 9] OU\n|rated|\n|rule|Sleep Clause Mod: Limit one foe put to sleep\n|rule|Species Clause: Limit one of each Pok\u00e9mon\n|rule|OHKO Clause: OHKO moves are banned\n|rule|Evasion Items Clause: Evasion items are banned\n|rule|Evasion Moves Clause: Evasion moves are banned\n|rule|Endless Battle Clause: Forcing endless battles is banned\n|rule|HP Percentage Mod: HP is shown in percentages\n|clearpoke\n|poke|p1|Dragapult, F|\n|poke|p1|Clodsire, F|\n|poke|p1|Heatran, F|\n|poke|p1|Enamorus, F|\n|poke|p1|Mamoswine, F|\n|poke|p1|Samurott-Hisui, M|\n|poke|p2|Sinistcha-Masterpiece|\n|poke|p2|Heatran, F|\n|poke|p2|Hatterene, F|\n|poke|p2|Kingambit, M|\n|poke|p2|Ogerpon-Wellspring, F|\n|poke|p2|Landorus-Therian, M|\n|teampreview\n|inactive|Battle timer is ON: inactive players will automatically lose when time's up. (requested by badfish321)\n|\n|t:|1699855645\n|start\n|switch|p1a: Samurott|Samurott-Hisui, M|100\/100\n|switch|p2a: Volmpin|Ogerpon-Wellspring, F|100\/100\n|turn|1\n|\n|t:|1699855653\n|move|p1a: Samurott|Ceaseless Edge|p2a: Volmpin\n|-damage|p2a: Volmpin|45\/100\n|-sidestart|p2: Stinko Man|Spikes\n|move|p2a: Volmpin|Horn Leech|p1a: Samurott\n|-supereffective|p1a: Samurott\n|-damage|p1a: Samurott|0 fnt\n|-heal|p2a: Volmpin|99\/100|[from] drain|[of] p1a: Samurott\n|faint|p1a: Samurott\n|\n|upkeep\n|\n|t:|1699855665\n|switch|p1a: Clodsire|Clodsire, F|100\/100\n|turn|2\n|\n|t:|1699855684\n|move|p2a: Volmpin|Ivy Cudgel|p1a: Clodsire\n|-immune|p1a: Clodsire|[from] ability: Water Absorb\n|move|p1a: Clodsire|Toxic|p2a: Volmpin\n|-status|p2a: Volmpin|tox\n|\n|-damage|p2a: Volmpin|93\/100 tox|[from] psn\n|upkeep\n|turn|3\n|\n|t:|1699855688\n|switch|p2a: Fork|Landorus-Therian, M|100\/100\n|-ability|p2a: Fork|Intimidate|boost\n|-unboost|p1a: Clodsire|atk|1\n|move|p1a: Clodsire|Earthquake|p2a: Fork\n|-immune|p2a: Fork\n|\n|upkeep\n|turn|4\n|\n|t:|1699855698\n|move|p2a: Fork|U-turn|p1a: Clodsire\n|-resisted|p1a: Clodsire\n|-damage|p1a: Clodsire|86\/100\n|\n|t:|1699855711\n|switch|p2a: Hooleb|Hatterene, F|100\/100|[from] U-turn\n|-damage|p2a: Hooleb|88\/100|[from] Spikes\n|move|p1a: Clodsire|Toxic|p2a: Hooleb\n|move|p2a: Hooleb|Toxic|p1a: Clodsire|[from]ability: Magic Bounce|[miss]\n|-miss|p2a: Hooleb|p1a: Clodsire\n|\n|-heal|p2a: Hooleb|94\/100|[from] item: Leftovers\n|-heal|p1a: Clodsire|92\/100|[from] item: Leftovers\n|upkeep\n|turn|5\n|\n|t:|1699855718\n|switch|p1a: Enamorus|Enamorus, F|100\/100\n|move|p2a: Hooleb|Psyshock|p1a: Enamorus\n|-damage|p1a: Enamorus|41\/100\n|\n|-heal|p2a: Hooleb|99\/100|[from] item: Leftovers\n|upkeep\n|turn|6\n|\n|t:|1699855726\n|move|p1a: Enamorus|Moonblast|p2a: Hooleb\n|-damage|p2a: Hooleb|16\/100\n|-unboost|p2a: Hooleb|spa|1\n|move|p2a: Hooleb|Psyshock|p1a: Enamorus\n|-damage|p1a: Enamorus|0 fnt\n|faint|p1a: Enamorus\n|\n|-heal|p2a: Hooleb|22\/100|[from] item: Leftovers\n|upkeep\n|\n|t:|1699855736\n|switch|p1a: Dragapult|Dragapult, F|100\/100\n|turn|7\n|\n|t:|1699855740\n|move|p1a: Dragapult|U-turn|p2a: Hooleb\n|-damage|p2a: Hooleb|8\/100\n|\n|t:|1699855743\n|switch|p1a: Mamoswine|Mamoswine, F|100\/100|[from] U-turn\n|move|p2a: Hooleb|Draining Kiss|p1a: Mamoswine\n|-damage|p1a: Mamoswine|81\/100\n|-heal|p2a: Hooleb|25\/100|[from] drain|[of] p1a: Mamoswine\n|\n|-heal|p2a: Hooleb|31\/100|[from] item: Leftovers\n|upkeep\n|turn|8\n|\n|t:|1699855753\n|move|p1a: Mamoswine|Knock Off|p2a: Hooleb\n|-damage|p2a: Hooleb|1\/100\n|-enditem|p2a: Hooleb|Leftovers|[from] move: Knock Off|[of] p1a: Mamoswine\n|move|p2a: Hooleb|Draining Kiss|p1a: Mamoswine\n|-damage|p1a: Mamoswine|60\/100\n|-heal|p2a: Hooleb|18\/100|[from] drain|[of] p1a: Mamoswine\n|\n|upkeep\n|turn|9\n|\n|t:|1699855759\n|move|p1a: Mamoswine|Knock Off|p2a: Hooleb\n|-damage|p2a: Hooleb|0 fnt\n|faint|p2a: Hooleb\n|\n|upkeep\n|\n|t:|1699855779\n|switch|p2a: Volmpin|Ogerpon-Wellspring, F|93\/100 tox\n|-damage|p2a: Volmpin|81\/100 tox|[from] Spikes\n|turn|10\n|\n|t:|1699855784\n|move|p2a: Volmpin|Ivy Cudgel|p1a: Mamoswine\n|-supereffective|p1a: Mamoswine\n|-damage|p1a: Mamoswine|0 fnt\n|faint|p1a: Mamoswine\n|\n|-damage|p2a: Volmpin|75\/100 tox|[from] psn\n|upkeep\n|\n|t:|1699855787\n|switch|p1a: Dragapult|Dragapult, F|100\/100\n|turn|11\n|\n|t:|1699855798\n|switch|p2a: Kleg|Heatran, F|100\/100\n|-damage|p2a: Kleg|88\/100|[from] Spikes\n|move|p1a: Dragapult|Draco Meteor|p2a: Kleg\n|-resisted|p2a: Kleg\n|-damage|p2a: Kleg|59\/100\n|-unboost|p1a: Dragapult|spa|2\n|\n|-heal|p2a: Kleg|65\/100|[from] item: Leftovers\n|upkeep\n|turn|12\n|\n|t:|1699855809\n|switch|p1a: Heatran|Heatran, F|100\/100\n|move|p2a: Kleg|Earth Power|p1a: Heatran\n|-supereffective|p1a: Heatran\n|-damage|p1a: Heatran|33\/100\n|\n|-heal|p1a: Heatran|39\/100|[from] item: Leftovers\n|-heal|p2a: Kleg|72\/100|[from] item: Leftovers\n|upkeep\n|turn|13\n|\n|t:|1699855818\n|move|p1a: Heatran|Earth Power|p2a: Kleg\n|-supereffective|p2a: Kleg\n|-damage|p2a: Kleg|7\/100\n|move|p2a: Kleg|Earth Power|p1a: Heatran\n|-supereffective|p1a: Heatran\n|-damage|p1a: Heatran|0 fnt\n|faint|p1a: Heatran\n|\n|-heal|p2a: Kleg|13\/100|[from] item: Leftovers\n|upkeep\n|\n|t:|1699855820\n|switch|p1a: Dragapult|Dragapult, F|100\/100\n|turn|14\n|\n|t:|1699855828\n|move|p1a: Dragapult|Shadow Ball|p2a: Kleg\n|-damage|p2a: Kleg|0 fnt\n|faint|p2a: Kleg\n|\n|upkeep\n|\n|t:|1699855831\n|switch|p2a: Fork|Landorus-Therian, M|100\/100\n|-ability|p2a: Fork|Intimidate|boost\n|-unboost|p1a: Dragapult|atk|1\n|turn|15\n|\n|t:|1699855841\n|switch|p1a: Clodsire|Clodsire, F|92\/100\n|-terastallize|p2a: Fork|Fairy\n|move|p2a: Fork|Earthquake|p1a: Clodsire\n|-supereffective|p1a: Clodsire\n|-damage|p1a: Clodsire|0 fnt\n|faint|p1a: Clodsire\n|\n|upkeep\n|\n|t:|1699855843\n|switch|p1a: Dragapult|Dragapult, F|100\/100\n|turn|16\n|\n|t:|1699855849\n|move|p2a: Fork|Earthquake|p1a: Dragapult\n|-damage|p1a: Dragapult|27\/100\n|move|p1a: Dragapult|Flamethrower|p2a: Fork\n|-damage|p2a: Fork|51\/100\n|-status|p2a: Fork|brn\n|\n|-damage|p2a: Fork|45\/100 brn|[from] brn\n|upkeep\n|turn|17\n|\n|t:|1699855854\n|move|p2a: Fork|Earthquake|p1a: Dragapult\n|-damage|p1a: Dragapult|0 fnt\n|faint|p1a: Dragapult\n|\n|win|Stinko Man\n|raw|badfish321's rating: 1217 &rarr; <strong>1195<\/strong><br \/>(-22 for losing)\n|raw|Stinko Man's rating: 1258 &rarr; <strong>1280<\/strong><br \/>(+22 for winning)\n|l|\u2606badfish321\n|c|\u2606Stinko Man|gg\n","uploadtime":1699855865,"views":20,"p1id":"badfish321","p2id":"stinkoman","formatid":"gen9ou","rating":1195,"private":0,"password":""}