{"id":"gen9ou-1990493981","p1":"madmage147","p2":"Italoxgod \u6f22\u5b57","format":"[Gen 9] OU","log":"|j|\u2606madmage147\n|j|\u2606Italoxgod \u6f22\u5b57\n|t:|1699975996\n|gametype|singles\n|player|p1|madmage147|roxie|1459\n|player|p2|Italoxgod \u6f22\u5b57|cyrus|1504\n|teamsize|p1|6\n|teamsize|p2|6\n|gen|9\n|tier|[Gen 9] OU\n|rated|\n|rule|Sleep Clause Mod: Limit one foe put to sleep\n|rule|Species Clause: Limit one of each Pok\u00e9mon\n|rule|OHKO Clause: OHKO moves are banned\n|rule|Evasion Items Clause: Evasion items are banned\n|rule|Evasion Moves Clause: Evasion moves are banned\n|rule|Endless Battle Clause: Forcing endless battles is banned\n|rule|HP Percentage Mod: HP is shown in percentages\n|clearpoke\n|poke|p1|Dusclops, M|\n|poke|p1|Ting-Lu|\n|poke|p1|Corviknight, M|\n|poke|p1|Blissey, F|\n|poke|p1|Cyclizar, F|\n|poke|p1|Dragonite, F|\n|poke|p2|Dragonite, F|\n|poke|p2|Great Tusk|\n|poke|p2|Iron Moth|\n|poke|p2|Ogerpon-Wellspring, F|\n|poke|p2|Iron Valiant|\n|poke|p2|Kingambit, M|\n|teampreview\n|\n|t:|1699976017\n|start\n|switch|p1a: Dusclops|Dusclops, M|100\/100\n|switch|p2a: Ogerpon|Ogerpon-Wellspring, F|100\/100\n|-ability|p1a: Dusclops|Pressure\n|turn|1\n|\n|t:|1699976023\n|switch|p2a: Iron Moth|Iron Moth|100\/100\n|move|p1a: Dusclops|Will-O-Wisp|p2a: Iron Moth\n|-immune|p2a: Iron Moth\n|\n|upkeep\n|turn|2\n|\n|t:|1699976028\n|switch|p1a: Blissey|Blissey, F|100\/100\n|move|p2a: Iron Moth|Substitute|p2a: Iron Moth\n|-start|p2a: Iron Moth|Substitute\n|-damage|p2a: Iron Moth|76\/100\n|\n|upkeep\n|turn|3\n|\n|t:|1699976034\n|move|p2a: Iron Moth|Sludge Wave|p1a: Blissey\n|-damage|p1a: Blissey|85\/100\n|-status|p1a: Blissey|psn\n|move|p1a: Blissey|Seismic Toss|p2a: Iron Moth\n|-end|p2a: Iron Moth|Substitute\n|\n|-heal|p1a: Blissey|91\/100 psn|[from] item: Leftovers\n|-damage|p1a: Blissey|79\/100 psn|[from] psn\n|upkeep\n|turn|4\n|\n|t:|1699976049\n|move|p2a: Iron Moth|Fiery Dance|p1a: Blissey\n|-damage|p1a: Blissey|66\/100 psn\n|move|p1a: Blissey|Seismic Toss|p2a: Iron Moth\n|-damage|p2a: Iron Moth|42\/100\n|\n|-heal|p1a: Blissey|72\/100 psn|[from] item: Leftovers\n|-damage|p1a: Blissey|59\/100 psn|[from] psn\n|upkeep\n|turn|5\n|\n|t:|1699976062\n|move|p2a: Iron Moth|Sludge Wave|p1a: Blissey\n|-damage|p1a: Blissey|42\/100 psn\n|move|p1a: Blissey|Soft-Boiled|p1a: Blissey\n|-heal|p1a: Blissey|92\/100 psn\n|\n|-heal|p1a: Blissey|99\/100 psn|[from] item: Leftovers\n|-damage|p1a: Blissey|86\/100 psn|[from] psn\n|upkeep\n|turn|6\n|\n|t:|1699976067\n|move|p2a: Iron Moth|Fiery Dance|p1a: Blissey\n|-damage|p1a: Blissey|74\/100 psn\n|move|p1a: Blissey|Seismic Toss|p2a: Iron Moth\n|-damage|p2a: Iron Moth|9\/100\n|\n|-heal|p1a: Blissey|80\/100 psn|[from] item: Leftovers\n|-damage|p1a: Blissey|67\/100 psn|[from] psn\n|upkeep\n|turn|7\n|\n|t:|1699976073\n|move|p2a: Iron Moth|Sludge Wave|p1a: Blissey\n|-damage|p1a: Blissey|50\/100 psn\n|move|p1a: Blissey|Soft-Boiled|p1a: Blissey\n|-heal|p1a: Blissey|100\/100 psn\n|\n|-damage|p1a: Blissey|88\/100 psn|[from] psn\n|upkeep\n|turn|8\n|\n|t:|1699976080\n|move|p2a: Iron Moth|Sludge Wave|p1a: Blissey\n|-damage|p1a: Blissey|71\/100 psn\n|move|p1a: Blissey|Seismic Toss|p2a: Iron Moth\n|-damage|p2a: Iron Moth|0 fnt\n|faint|p2a: Iron Moth\n|-end|p2a: Iron Moth|Quark Drive|[silent]\n|\n|-heal|p1a: Blissey|77\/100 psn|[from] item: Leftovers\n|-damage|p1a: Blissey|64\/100 psn|[from] psn\n|upkeep\n|\n|t:|1699976085\n|switch|p2a: Ogerpon|Ogerpon-Wellspring, F|100\/100\n|turn|9\n|\n|t:|1699976092\n|-curestatus|p1a: Blissey|psn|[from] ability: Natural Cure\n|switch|p1a: Dusclops|Dusclops, M|100\/100\n|-ability|p1a: Dusclops|Pressure\n|move|p2a: Ogerpon|Play Rough|p1a: Dusclops\n|-damage|p1a: Dusclops|84\/100\n|\n|upkeep\n|turn|10\n|\n|t:|1699976098\n|switch|p2a: Iron Valiant|Iron Valiant|100\/100\n|-enditem|p2a: Iron Valiant|Booster Energy\n|-activate|p2a: Iron Valiant|ability: Quark Drive|[fromitem]\n|-start|p2a: Iron Valiant|quarkdrivespe\n|move|p1a: Dusclops|Will-O-Wisp|p2a: Iron Valiant\n|-status|p2a: Iron Valiant|brn\n|\n|-damage|p2a: Iron Valiant|94\/100 brn|[from] brn\n|upkeep\n|turn|11\n|\n|t:|1699976105\n|switch|p1a: Blissey|Blissey, F|64\/100\n|move|p2a: Iron Valiant|Aura Sphere|p1a: Blissey\n|-supereffective|p1a: Blissey\n|-damage|p1a: Blissey|40\/100\n|\n|-heal|p1a: Blissey|47\/100|[from] item: Leftovers\n|-damage|p2a: Iron Valiant|88\/100 brn|[from] brn\n|upkeep\n|turn|12\n|\n|t:|1699976109\n|-end|p2a: Iron Valiant|Quark Drive|[silent]\n|switch|p2a: Great Tusk|Great Tusk|100\/100\n|move|p1a: Blissey|Soft-Boiled|p1a: Blissey\n|-heal|p1a: Blissey|97\/100\n|\n|-heal|p1a: Blissey|100\/100|[from] item: Leftovers\n|upkeep\n|turn|13\n|\n|t:|1699976114\n|switch|p1a: Corviknight|Corviknight, M|100\/100\n|-ability|p1a: Corviknight|Pressure\n|move|p2a: Great Tusk|Earthquake|p1a: Corviknight\n|-immune|p1a: Corviknight\n|\n|upkeep\n|turn|14\n|\n|t:|1699976119\n|-end|p2a: Great Tusk|Protosynthesis|[silent]\n|switch|p2a: Iron Valiant|Iron Valiant|88\/100 brn\n|move|p1a: Corviknight|Iron Defense|p1a: Corviknight\n|-boost|p1a: Corviknight|def|2\n|\n|-damage|p2a: Iron Valiant|82\/100 brn|[from] brn\n|upkeep\n|turn|15\n|\n|t:|1699976123\n|switch|p1a: Blissey|Blissey, F|100\/100\n|move|p2a: Iron Valiant|Thunderbolt|p1a: Blissey\n|-damage|p1a: Blissey|91\/100\n|\n|-heal|p1a: Blissey|97\/100|[from] item: Leftovers\n|-damage|p2a: Iron Valiant|76\/100 brn|[from] brn\n|upkeep\n|turn|16\n|\n|t:|1699976127\n|-end|p2a: Iron Valiant|Quark Drive|[silent]\n|switch|p2a: Kingambit|Kingambit, M|100\/100\n|-activate|p2a: Kingambit|ability: Supreme Overlord\n|-start|p2a: Kingambit|fallen1|[silent]\n|move|p1a: Blissey|Stealth Rock|p2a: Kingambit\n|-sidestart|p2: Italoxgod \u6f22\u5b57|move: Stealth Rock\n|\n|-heal|p1a: Blissey|100\/100|[from] item: Leftovers\n|upkeep\n|turn|17\n|\n|t:|1699976137\n|switch|p1a: Dragonite|Dragonite, F|100\/100\n|move|p2a: Kingambit|Kowtow Cleave|p1a: Dragonite\n|-damage|p1a: Dragonite|72\/100\n|\n|upkeep\n|turn|18\n|\n|t:|1699976141\n|move|p1a: Dragonite|Earthquake|p2a: Kingambit\n|-supereffective|p2a: Kingambit\n|-damage|p2a: Kingambit|38\/100\n|move|p2a: Kingambit|Swords Dance|p2a: Kingambit\n|-boost|p2a: Kingambit|atk|2\n|\n|-heal|p2a: Kingambit|44\/100|[from] item: Leftovers\n|upkeep\n|turn|19\n|\n|t:|1699976144\n|move|p2a: Kingambit|Sucker Punch||[still]\n|-fail|p2a: Kingambit\n|move|p1a: Dragonite|Encore|p2a: Kingambit\n|-start|p2a: Kingambit|Encore\n|\n|-heal|p2a: Kingambit|51\/100|[from] item: Leftovers\n|upkeep\n|turn|20\n|\n|t:|1699976149\n|move|p2a: Kingambit|Sucker Punch||[still]\n|-fail|p2a: Kingambit\n|move|p1a: Dragonite|Dragon Dance|p1a: Dragonite\n|-boost|p1a: Dragonite|atk|1\n|-boost|p1a: Dragonite|spe|1\n|\n|-heal|p2a: Kingambit|57\/100|[from] item: Leftovers\n|upkeep\n|turn|21\n|\n|t:|1699976153\n|-end|p2a: Kingambit|fallen1|[silent]\n|switch|p2a: Iron Valiant|Iron Valiant|76\/100 brn\n|-damage|p2a: Iron Valiant|69\/100 brn|[from] Stealth Rock\n|move|p1a: Dragonite|Dragon Dance|p1a: Dragonite\n|-boost|p1a: Dragonite|atk|1\n|-boost|p1a: Dragonite|spe|1\n|\n|-damage|p2a: Iron Valiant|63\/100 brn|[from] brn\n|upkeep\n|turn|22\n|\n|t:|1699976156\n|move|p1a: Dragonite|Extreme Speed|p2a: Iron Valiant\n|-damage|p2a: Iron Valiant|0 fnt\n|faint|p2a: Iron Valiant\n|-end|p2a: Iron Valiant|Quark Drive|[silent]\n|\n|upkeep\n|\n|t:|1699976158\n|switch|p2a: Kingambit|Kingambit, M|57\/100\n|-damage|p2a: Kingambit|51\/100|[from] Stealth Rock\n|-activate|p2a: Kingambit|ability: Supreme Overlord\n|-start|p2a: Kingambit|fallen2|[silent]\n|turn|23\n|\n|t:|1699976169\n|-terastallize|p2a: Kingambit|Flying\n|move|p1a: Dragonite|Extreme Speed|p2a: Kingambit\n|-damage|p2a: Kingambit|5\/100\n|move|p2a: Kingambit|Sucker Punch||[still]\n|-fail|p2a: Kingambit\n|\n|-heal|p2a: Kingambit|11\/100|[from] item: Leftovers\n|upkeep\n|turn|24\n|\n|t:|1699976175\n|move|p1a: Dragonite|Extreme Speed|p2a: Kingambit\n|-damage|p2a: Kingambit|0 fnt\n|faint|p2a: Kingambit\n|-end|p2a: Kingambit|fallen2|[silent]\n|\n|upkeep\n|\n|t:|1699976178\n|switch|p2a: Dragonite|Dragonite, F|100\/100\n|turn|25\n|n|!Italoxgod \u6f22\u5b57|italoxgod\n|-message|Italoxgod \u6f22\u5b57 forfeited.\n|\n|win|madmage147\n|raw|madmage147's rating: 1459 &rarr; <strong>1482<\/strong><br \/>(+23 for winning)\n|raw|Italoxgod \u6f22\u5b57's rating: 1504 &rarr; <strong>1481<\/strong><br \/>(-23 for losing)\n|l|!Italoxgod \u6f22\u5b57\n","uploadtime":1699976186,"views":6,"p1id":"madmage147","p2id":"italoxgod","formatid":"gen9ou","rating":1481,"private":0,"password":""}