{"id":"gen9ou-1994810679","p1":"maddielicious","p2":"Houmura","format":"[Gen 9] OU","log":"|j|\u2606maddielicious\n|j|\u2606Houmura\n|t:|1700494954\n|gametype|singles\n|player|p1|maddielicious|shauna-masters|1020\n|player|p2|Houmura|266|1000\n|teamsize|p1|6\n|teamsize|p2|6\n|gen|9\n|tier|[Gen 9] OU\n|rated|\n|rule|Sleep Clause Mod: Limit one foe put to sleep\n|rule|Species Clause: Limit one of each Pok\u00e9mon\n|rule|OHKO Clause: OHKO moves are banned\n|rule|Evasion Items Clause: Evasion items are banned\n|rule|Evasion Moves Clause: Evasion moves are banned\n|rule|Endless Battle Clause: Forcing endless battles is banned\n|rule|HP Percentage Mod: HP is shown in percentages\n|clearpoke\n|poke|p1|Zapdos|\n|poke|p1|Iron Valiant|\n|poke|p1|Iron Moth|\n|poke|p1|Toxapex, F|\n|poke|p1|Walking Wake|\n|poke|p1|Great Tusk|\n|poke|p2|Maushold|\n|poke|p2|Rillaboom, M|\n|poke|p2|Great Tusk|\n|poke|p2|Heatran, F|\n|poke|p2|Enamorus, F|\n|poke|p2|Kingambit, M|\n|teampreview\n|inactive|Battle timer is ON: inactive players will automatically lose when time's up. (requested by maddielicious)\n|\n|t:|1700494969\n|start\n|switch|p1a: Zapdos|Zapdos|100\/100\n|switch|p2a: Heatran|Heatran, F|100\/100\n|turn|1\n|\n|t:|1700494976\n|move|p1a: Zapdos|Electric Terrain|p1a: Zapdos\n|-fieldstart|move: Electric Terrain\n|move|p2a: Heatran|Taunt|p1a: Zapdos\n|-start|p1a: Zapdos|move: Taunt\n|\n|upkeep\n|turn|2\n|\n|t:|1700494982\n|move|p1a: Zapdos|U-turn|p2a: Heatran\n|-resisted|p2a: Heatran\n|-damage|p2a: Heatran|98\/100\n|\n|t:|1700494985\n|switch|p1a: Iron Valiant|Iron Valiant|100\/100|[from] U-turn\n|-activate|p1a: Iron Valiant|ability: Quark Drive\n|-start|p1a: Iron Valiant|quarkdrivespa\n|move|p2a: Heatran|Stealth Rock|p1a: Iron Valiant\n|-sidestart|p1: maddielicious|move: Stealth Rock\n|\n|-heal|p2a: Heatran|100\/100|[from] item: Leftovers\n|upkeep\n|turn|3\n|\n|t:|1700494994\n|switch|p2a: Enamorus|Enamorus, F|100\/100\n|move|p1a: Iron Valiant|Aura Sphere|p2a: Enamorus\n|-resisted|p2a: Enamorus\n|-damage|p2a: Enamorus|79\/100\n|\n|upkeep\n|turn|4\n|\n|t:|1700495007\n|move|p2a: Enamorus|Mystical Fire|p1a: Iron Valiant\n|-damage|p1a: Iron Valiant|70\/100\n|-unboost|p1a: Iron Valiant|spa|1\n|move|p1a: Iron Valiant|Thunderbolt|p2a: Enamorus\n|-supereffective|p2a: Enamorus\n|-damage|p2a: Enamorus|0 fnt\n|faint|p2a: Enamorus\n|\n|upkeep\n|\n|t:|1700495027\n|switch|p2a: Great Tusk|Great Tusk|100\/100\n|turn|5\n|\n|t:|1700495047\n|-end|p1a: Iron Valiant|Quark Drive|[silent]\n|switch|p1a: Zapdos|Zapdos|100\/100\n|-damage|p1a: Zapdos|76\/100|[from] Stealth Rock\n|move|p2a: Great Tusk|Headlong Rush|p1a: Zapdos\n|-immune|p1a: Zapdos\n|\n|upkeep\n|turn|6\n|\n|t:|1700495061\n|-end|p2a: Great Tusk|Protosynthesis|[silent]\n|switch|p2a: Heatran|Heatran, F|100\/100\n|move|p1a: Zapdos|Tailwind|p1a: Zapdos\n|-sidestart|p1: maddielicious|move: Tailwind\n|\n|upkeep\n|turn|7\n|\n|t:|1700495070\n|move|p1a: Zapdos|U-turn|p2a: Heatran\n|-resisted|p2a: Heatran\n|-damage|p2a: Heatran|98\/100\n|\n|t:|1700495073\n|switch|p1a: Iron Valiant|Iron Valiant|70\/100|[from] U-turn\n|-damage|p1a: Iron Valiant|64\/100|[from] Stealth Rock\n|-activate|p1a: Iron Valiant|ability: Quark Drive\n|-start|p1a: Iron Valiant|quarkdrivespa\n|move|p2a: Heatran|Magma Storm|p1a: Iron Valiant|[miss]\n|-miss|p2a: Heatran|p1a: Iron Valiant\n|\n|-heal|p2a: Heatran|100\/100|[from] item: Leftovers\n|upkeep\n|turn|8\n|inactive|Houmura has 120 seconds left.\n|\n|t:|1700495112\n|switch|p2a: Great Tusk|Great Tusk|100\/100\n|move|p1a: Iron Valiant|Aura Sphere|p2a: Great Tusk\n|-damage|p2a: Great Tusk|22\/100\n|\n|-heal|p2a: Great Tusk|29\/100|[from] item: Leftovers\n|-fieldend|move: Electric Terrain\n|-end|p1a: Iron Valiant|Quark Drive\n|upkeep\n|turn|9\n|\n|t:|1700495123\n|move|p1a: Iron Valiant|Moonblast|p2a: Great Tusk\n|-supereffective|p2a: Great Tusk\n|-damage|p2a: Great Tusk|0 fnt\n|faint|p2a: Great Tusk\n|-end|p2a: Great Tusk|Protosynthesis|[silent]\n|\n|-sideend|p1: maddielicious|move: Tailwind\n|upkeep\n|\n|t:|1700495132\n|switch|p2a: Rillaboom|Rillaboom, M|100\/100\n|-fieldstart|move: Grassy Terrain|[from] ability: Grassy Surge|[of] p2a: Rillaboom\n|turn|10\n|\n|t:|1700495139\n|move|p2a: Rillaboom|Grassy Glide|p1a: Iron Valiant\n|-damage|p1a: Iron Valiant|0 fnt\n|faint|p1a: Iron Valiant\n|-end|p1a: Iron Valiant|Quark Drive|[silent]\n|\n|upkeep\n|\n|t:|1700495161\n|switch|p1a: Zapdos|Zapdos|76\/100\n|-damage|p1a: Zapdos|51\/100|[from] Stealth Rock\n|turn|11\n|\n|t:|1700495168\n|switch|p2a: Heatran|Heatran, F|100\/100\n|move|p1a: Zapdos|Electric Terrain|p1a: Zapdos\n|-fieldstart|move: Electric Terrain\n|\n|upkeep\n|turn|12\n|\n|t:|1700495174\n|move|p1a: Zapdos|Tailwind|p1a: Zapdos\n|-sidestart|p1: maddielicious|move: Tailwind\n|move|p2a: Heatran|Taunt|p1a: Zapdos\n|-start|p1a: Zapdos|move: Taunt\n|\n|upkeep\n|turn|13\n|\n|t:|1700495184\n|switch|p1a: Iron Moth|Iron Moth|100\/100\n|-damage|p1a: Iron Moth|76\/100|[from] Stealth Rock\n|-activate|p1a: Iron Moth|ability: Quark Drive\n|-start|p1a: Iron Moth|quarkdrivespa\n|move|p2a: Heatran|Earth Power|p1a: Iron Moth\n|-supereffective|p1a: Iron Moth\n|-damage|p1a: Iron Moth|0 fnt\n|faint|p1a: Iron Moth\n|-end|p1a: Iron Moth|Quark Drive|[silent]\n|\n|upkeep\n|\n|t:|1700495197\n|switch|p1a: Walking Wake|Walking Wake|100\/100\n|-damage|p1a: Walking Wake|88\/100|[from] Stealth Rock\n|turn|14\n|inactive|Houmura has 120 seconds left.\n|\n|t:|1700495231\n|switch|p2a: devindian|Kingambit, M|100\/100\n|-activate|p2a: devindian|ability: Supreme Overlord\n|-start|p2a: devindian|fallen2|[silent]\n|move|p1a: Walking Wake|Sunny Day|p1a: Walking Wake\n|-weather|SunnyDay\n|-activate|p1a: Walking Wake|ability: Protosynthesis\n|-start|p1a: Walking Wake|protosynthesisspa\n|\n|-weather|SunnyDay|[upkeep]\n|upkeep\n|turn|15\n|inactive|Houmura has 120 seconds left.\n|\n|t:|1700495248\n|move|p2a: devindian|Sucker Punch|p1a: Walking Wake\n|-damage|p1a: Walking Wake|37\/100\n|move|p1a: Walking Wake|Flamethrower|p2a: devindian\n|-supereffective|p2a: devindian\n|-damage|p2a: devindian|0 fnt\n|faint|p2a: devindian\n|-end|p2a: devindian|fallen2|[silent]\n|-damage|p1a: Walking Wake|27\/100|[from] item: Life Orb\n|\n|-weather|SunnyDay|[upkeep]\n|-sideend|p1: maddielicious|move: Tailwind\n|upkeep\n|\n|t:|1700495256\n|switch|p2a: Rillaboom|Rillaboom, M|100\/100\n|-fieldstart|move: Grassy Terrain|[from] ability: Grassy Surge|[of] p2a: Rillaboom\n|turn|16\n|inactive|Houmura has 120 seconds left.\n|\n|t:|1700495264\n|move|p2a: Rillaboom|Grassy Glide|p1a: Walking Wake\n|-damage|p1a: Walking Wake|0 fnt\n|faint|p1a: Walking Wake\n|-end|p1a: Walking Wake|Protosynthesis|[silent]\n|\n|-weather|SunnyDay|[upkeep]\n|upkeep\n|-message|maddielicious forfeited.\n|\n|win|Houmura\n|raw|maddielicious's rating: 1020 &rarr; <strong>1006<\/strong><br \/>(-14 for losing)\n|raw|Houmura's rating: 1000 &rarr; <strong>1042<\/strong><br \/>(+42 for winning)\n|l|\u2606maddielicious\n","uploadtime":1700495334,"views":9,"p1id":"maddielicious","p2id":"houmura","formatid":"gen9ou","rating":1006,"private":0,"password":""}