{"id":"gen9ou-1990706807","p1":"Smipsmop","p2":"ducktruck","format":"[Gen 9] OU","log":"|j|\u2606Smipsmop\n|j|\u2606ducktruck\n|t:|1699993490\n|gametype|singles\n|player|p1|Smipsmop|lusamine-nihilego|1140\n|player|p2|ducktruck|firebreather|1206\n|teamsize|p1|6\n|teamsize|p2|6\n|gen|9\n|tier|[Gen 9] OU\n|rated|\n|rule|Sleep Clause Mod: Limit one foe put to sleep\n|rule|Species Clause: Limit one of each Pok\u00e9mon\n|rule|OHKO Clause: OHKO moves are banned\n|rule|Evasion Items Clause: Evasion items are banned\n|rule|Evasion Moves Clause: Evasion moves are banned\n|rule|Endless Battle Clause: Forcing endless battles is banned\n|rule|HP Percentage Mod: HP is shown in percentages\n|clearpoke\n|poke|p1|Landorus-Therian, M|\n|poke|p1|Clodsire, M|\n|poke|p1|Basculegion-F, F|\n|poke|p1|Grafaiai, F|\n|poke|p1|Zapdos|\n|poke|p1|Sneasler, M|\n|poke|p2|Sandy Shocks|\n|poke|p2|Torkoal, M|\n|poke|p2|Dragapult, M|\n|poke|p2|Walking Wake|\n|poke|p2|Dragonite, M|\n|poke|p2|Brute Bonnet|\n|teampreview\n|c|\u2606Smipsmop|glhf\n|\n|t:|1699993502\n|start\n|switch|p1a: Grafaiai|Grafaiai, F|100\/100\n|switch|p2a: Doom Shroom|Brute Bonnet|100\/100\n|turn|1\n|\n|t:|1699993509\n|move|p1a: Grafaiai|Switcheroo|p2a: Doom Shroom\n|-hint|Since gen 7, Dark is immune to Prankster moves.\n|-immune|p2a: Doom Shroom\n|move|p2a: Doom Shroom|Bullet Seed|p1a: Grafaiai\n|-resisted|p1a: Grafaiai\n|-damage|p1a: Grafaiai|86\/100\n|-resisted|p1a: Grafaiai\n|-damage|p1a: Grafaiai|73\/100\n|-resisted|p1a: Grafaiai\n|-crit|p1a: Grafaiai\n|-damage|p1a: Grafaiai|53\/100\n|-resisted|p1a: Grafaiai\n|-damage|p1a: Grafaiai|40\/100\n|-resisted|p1a: Grafaiai\n|-damage|p1a: Grafaiai|28\/100\n|-hitcount|p1a: Grafaiai|5\n|\n|upkeep\n|turn|2\n|c|\u2606Smipsmop|noted.\n|\n|t:|1699993531\n|switch|p1a: Zapdos|Zapdos|100\/100\n|-ability|p1a: Zapdos|Pressure\n|move|p2a: Doom Shroom|Sucker Punch||[still]\n|-fail|p2a: Doom Shroom\n|\n|upkeep\n|turn|3\n|inactive|Battle timer is ON: inactive players will automatically lose when time's up. (requested by ducktruck)\n|\n|t:|1699993541\n|move|p1a: Zapdos|Heat Wave|p2a: Doom Shroom\n|-supereffective|p2a: Doom Shroom\n|-damage|p2a: Doom Shroom|42\/100\n|move|p2a: Doom Shroom|Spore|p1a: Zapdos\n|-status|p1a: Zapdos|slp|[from] move: Spore\n|\n|upkeep\n|turn|4\n|inactive|ducktruck has 120 seconds left.\n|\n|t:|1699993582\n|switch|p1a: Grafaiai|Grafaiai, F|28\/100\n|-end|p2a: Doom Shroom|Protosynthesis|[silent]\n|switch|p2a: Dragapult|Dragapult, M, shiny|100\/100\n|\n|upkeep\n|turn|5\n|\n|t:|1699993590\n|move|p1a: Grafaiai|Switcheroo|p2a: Dragapult\n|-activate|p1a: Grafaiai|move: Trick|[of] p2a: Dragapult\n|-item|p2a: Dragapult|Choice Scarf|[from] move: Switcheroo\n|-item|p1a: Grafaiai|Leftovers|[from] move: Switcheroo\n|move|p2a: Dragapult|Dragon Darts|p1a: Grafaiai\n|-damage|p1a: Grafaiai|0 fnt\n|faint|p1a: Grafaiai\n|\n|upkeep\n|\n|t:|1699993598\n|switch|p1a: Landorus|Landorus-Therian, M|100\/100\n|-ability|p1a: Landorus|Intimidate|boost\n|-unboost|p2a: Dragapult|atk|1\n|turn|6\n|\n|t:|1699993607\n|switch|p2a: Sideshow Bob|Sandy Shocks|100\/100\n|move|p1a: Landorus|Outrage|p2a: Sideshow Bob\n|-damage|p2a: Sideshow Bob|44\/100\n|\n|upkeep\n|turn|7\n|\n|t:|1699993614\n|-terastallize|p2a: Sideshow Bob|Ice\n|move|p1a: Landorus|Outrage|p2a: Sideshow Bob|[from]lockedmove\n|-damage|p2a: Sideshow Bob|0 fnt\n|faint|p2a: Sideshow Bob\n|-end|p2a: Sideshow Bob|Protosynthesis|[silent]\n|-start|p1a: Landorus|confusion|[fatigue]\n|\n|upkeep\n|\n|t:|1699993621\n|switch|p2a: Oatmeal|Torkoal, M|100\/100\n|-weather|SunnyDay|[from] ability: Drought|[of] p2a: Oatmeal\n|turn|8\n|\n|t:|1699993643\n|switch|p1a: Zapdos|Zapdos|100\/100 slp\n|-ability|p1a: Zapdos|Pressure\n|move|p2a: Oatmeal|Will-O-Wisp||[still]\n|-fail|p2a: Oatmeal\n|\n|-weather|SunnyDay|[upkeep]\n|upkeep\n|turn|9\n|\n|t:|1699993653\n|cant|p1a: Zapdos|slp\n|move|p2a: Oatmeal|Stealth Rock|p1a: Zapdos\n|-sidestart|p1: Smipsmop|move: Stealth Rock\n|\n|-weather|SunnyDay|[upkeep]\n|upkeep\n|turn|10\n|\n|t:|1699993662\n|switch|p2a: Walking Wake|Walking Wake|100\/100\n|-activate|p2a: Walking Wake|ability: Protosynthesis\n|-start|p2a: Walking Wake|protosynthesisspe\n|cant|p1a: Zapdos|slp\n|\n|-weather|SunnyDay|[upkeep]\n|upkeep\n|turn|11\n|\n|t:|1699993670\n|move|p2a: Walking Wake|Draco Meteor|p1a: Zapdos\n|-damage|p1a: Zapdos|41\/100 slp\n|-unboost|p2a: Walking Wake|spa|2\n|-enditem|p2a: Walking Wake|White Herb\n|-clearnegativeboost|p2a: Walking Wake|[silent]\n|cant|p1a: Zapdos|slp\n|\n|-weather|SunnyDay|[upkeep]\n|-heal|p1a: Zapdos|47\/100 slp|[from] item: Leftovers\n|upkeep\n|turn|12\n|\n|t:|1699993681\n|move|p2a: Walking Wake|Hydro Steam|p1a: Zapdos\n|-damage|p1a: Zapdos|0 fnt\n|faint|p1a: Zapdos\n|\n|-weather|SunnyDay|[upkeep]\n|upkeep\n|\n|t:|1699993691\n|switch|p1a: Clodsire|Clodsire, M|100\/100\n|-damage|p1a: Clodsire|94\/100|[from] Stealth Rock\n|turn|13\n|\n|t:|1699993696\n|move|p2a: Walking Wake|Draco Meteor|p1a: Clodsire\n|-damage|p1a: Clodsire|58\/100\n|-unboost|p2a: Walking Wake|spa|2\n|move|p1a: Clodsire|Toxic|p2a: Walking Wake\n|-status|p2a: Walking Wake|tox\n|\n|-weather|SunnyDay|[upkeep]\n|-heal|p1a: Clodsire|65\/100|[from] item: Black Sludge\n|-damage|p2a: Walking Wake|94\/100 tox|[from] psn\n|upkeep\n|turn|14\n|\n|t:|1699993711\n|move|p2a: Walking Wake|Flamethrower|p1a: Clodsire\n|-damage|p1a: Clodsire|53\/100\n|move|p1a: Clodsire|Stealth Rock|p2a: Walking Wake\n|-sidestart|p2: ducktruck|move: Stealth Rock\n|\n|-weather|SunnyDay|[upkeep]\n|-heal|p1a: Clodsire|59\/100|[from] item: Black Sludge\n|-damage|p2a: Walking Wake|82\/100 tox|[from] psn\n|upkeep\n|turn|15\n|\n|t:|1699993722\n|move|p2a: Walking Wake|Flamethrower|p1a: Clodsire\n|-damage|p1a: Clodsire|47\/100\n|move|p1a: Clodsire|Toxic|p2a: Walking Wake\n|-fail|p2a: Walking Wake|tox\n|\n|-weather|none\n|-end|p2a: Walking Wake|Protosynthesis\n|-heal|p1a: Clodsire|53\/100|[from] item: Black Sludge\n|-damage|p2a: Walking Wake|64\/100 tox|[from] psn\n|upkeep\n|turn|16\n|\n|t:|1699993732\n|-end|p2a: Walking Wake|Protosynthesis|[silent]\n|switch|p2a: Oatmeal|Torkoal, M|100\/100\n|-damage|p2a: Oatmeal|75\/100|[from] Stealth Rock\n|-weather|SunnyDay|[from] ability: Drought|[of] p2a: Oatmeal\n|move|p1a: Clodsire|Recover|p1a: Clodsire\n|-heal|p1a: Clodsire|100\/100\n|\n|-weather|SunnyDay|[upkeep]\n|upkeep\n|turn|17\n|\n|t:|1699993743\n|switch|p2a: Doom Shroom|Brute Bonnet|42\/100\n|-damage|p2a: Doom Shroom|29\/100|[from] Stealth Rock\n|-activate|p2a: Doom Shroom|ability: Protosynthesis\n|-start|p2a: Doom Shroom|protosynthesisatk\n|move|p1a: Clodsire|Toxic|p2a: Doom Shroom\n|-status|p2a: Doom Shroom|tox\n|\n|-weather|SunnyDay|[upkeep]\n|-damage|p2a: Doom Shroom|23\/100 tox|[from] psn\n|upkeep\n|turn|18\n|\n|t:|1699993758\n|move|p2a: Doom Shroom|Spore|p1a: Clodsire\n|-status|p1a: Clodsire|slp|[from] move: Spore\n|cant|p1a: Clodsire|slp\n|\n|-weather|SunnyDay|[upkeep]\n|-damage|p2a: Doom Shroom|11\/100 tox|[from] psn\n|upkeep\n|turn|19\n|\n|t:|1699993766\n|move|p2a: Doom Shroom|Bullet Seed|p1a: Clodsire\n|-damage|p1a: Clodsire|80\/100 slp\n|-damage|p1a: Clodsire|60\/100 slp\n|-damage|p1a: Clodsire|38\/100 slp\n|-damage|p1a: Clodsire|18\/100 slp\n|-hitcount|p1a: Clodsire|4\n|-curestatus|p1a: Clodsire|slp|[msg]\n|move|p1a: Clodsire|Recover|p1a: Clodsire\n|-heal|p1a: Clodsire|68\/100\n|\n|-weather|SunnyDay|[upkeep]\n|-heal|p1a: Clodsire|74\/100|[from] item: Black Sludge\n|-damage|p2a: Doom Shroom|0 fnt|[from] psn\n|faint|p2a: Doom Shroom\n|-end|p2a: Doom Shroom|Protosynthesis|[silent]\n|upkeep\n|c|\u2606ducktruck|stall is so boring man i cant do this\n|\n|t:|1699993786\n|switch|p2a: Dragapult|Dragapult, M, shiny|100\/100\n|-damage|p2a: Dragapult|88\/100|[from] Stealth Rock\n|turn|20\n|\n|t:|1699993792\n|move|p2a: Dragapult|Dragon Dance|p2a: Dragapult\n|-boost|p2a: Dragapult|atk|1\n|-boost|p2a: Dragapult|spe|1\n|move|p1a: Clodsire|Toxic|p2a: Dragapult\n|-status|p2a: Dragapult|tox\n|\n|-weather|SunnyDay|[upkeep]\n|-heal|p1a: Clodsire|80\/100|[from] item: Black Sludge\n|-damage|p2a: Dragapult|82\/100 tox|[from] psn\n|upkeep\n|turn|21\n|\n|t:|1699993810\n|switch|p2a: Dillbob|Dragonite, M, shiny|100\/100\n|move|p1a: Clodsire|Earth Power|p2a: Dillbob\n|-immune|p2a: Dillbob\n|\n|-weather|SunnyDay|[upkeep]\n|-heal|p1a: Clodsire|87\/100|[from] item: Black Sludge\n|upkeep\n|turn|22\n|\n|t:|1699993818\n|move|p2a: Dillbob|Dragon Dance|p2a: Dillbob\n|-boost|p2a: Dillbob|atk|1\n|-boost|p2a: Dillbob|spe|1\n|move|p1a: Clodsire|Toxic|p2a: Dillbob\n|-status|p2a: Dillbob|tox\n|\n|-weather|SunnyDay|[upkeep]\n|-heal|p1a: Clodsire|93\/100|[from] item: Black Sludge\n|-damage|p2a: Dillbob|94\/100 tox|[from] psn\n|upkeep\n|turn|23\n|\n|t:|1699993831\n|move|p2a: Dillbob|Dragon Dance|p2a: Dillbob\n|-boost|p2a: Dillbob|atk|1\n|-boost|p2a: Dillbob|spe|1\n|move|p1a: Clodsire|Recover|p1a: Clodsire\n|-heal|p1a: Clodsire|100\/100\n|\n|-weather|none\n|-damage|p2a: Dillbob|82\/100 tox|[from] psn\n|upkeep\n|turn|24\n|\n|t:|1699993841\n|move|p2a: Dillbob|Dragon Dance|p2a: Dillbob\n|-boost|p2a: Dillbob|atk|1\n|-boost|p2a: Dillbob|spe|1\n|move|p1a: Clodsire|Stealth Rock||[still]\n|-fail|p1a: Clodsire\n|\n|-damage|p2a: Dillbob|63\/100 tox|[from] psn\n|upkeep\n|turn|25\n|\n|t:|1699993847\n|move|p2a: Dillbob|Dragon Claw|p1a: Clodsire\n|-damage|p1a: Clodsire|0 fnt\n|faint|p1a: Clodsire\n|\n|-damage|p2a: Dillbob|39\/100 tox|[from] psn\n|upkeep\n|\n|t:|1699993853\n|switch|p1a: Sneasler|Sneasler, M|100\/100\n|-damage|p1a: Sneasler|95\/100|[from] Stealth Rock\n|turn|26\n|\n|t:|1699993858\n|move|p1a: Sneasler|Fake Out|p2a: Dillbob\n|-damage|p2a: Dillbob|20\/100 tox\n|-damage|p1a: Sneasler|85\/100|[from] item: Life Orb\n|cant|p2a: Dillbob|flinch\n|\n|-damage|p2a: Dillbob|0 fnt|[from] psn\n|faint|p2a: Dillbob\n|upkeep\n|\n|t:|1699993861\n|switch|p2a: Oatmeal|Torkoal, M|75\/100\n|-damage|p2a: Oatmeal|50\/100|[from] Stealth Rock\n|-weather|SunnyDay|[from] ability: Drought|[of] p2a: Oatmeal\n|turn|27\n|\n|t:|1699993871\n|move|p1a: Sneasler|Dire Claw|p2a: Oatmeal\n|-damage|p2a: Oatmeal|19\/100\n|-status|p2a: Oatmeal|psn\n|-damage|p1a: Sneasler|75\/100|[from] item: Life Orb\n|move|p2a: Oatmeal|Lava Plume|p1a: Sneasler\n|-damage|p1a: Sneasler|17\/100\n|\n|-weather|SunnyDay|[upkeep]\n|-damage|p2a: Oatmeal|6\/100 psn|[from] psn\n|upkeep\n|turn|28\n|\n|t:|1699993887\n|switch|p1a: Basculegion|Basculegion-F, F|100\/100\n|-damage|p1a: Basculegion|88\/100|[from] Stealth Rock\n|move|p2a: Oatmeal|Rapid Spin|p1a: Basculegion\n|-immune|p1a: Basculegion\n|\n|-weather|SunnyDay|[upkeep]\n|-damage|p2a: Oatmeal|0 fnt|[from] psn\n|faint|p2a: Oatmeal\n|upkeep\n|\n|t:|1699993891\n|switch|p2a: Dragapult|Dragapult, M, shiny|82\/100 tox\n|-damage|p2a: Dragapult|70\/100 tox|[from] Stealth Rock\n|turn|29\n|\n|t:|1699993899\n|move|p2a: Dragapult|Phantom Force||[still]\n|-prepare|p2a: Dragapult|Phantom Force\n|move|p1a: Basculegion|Hex|p2a: Dragapult|[miss]\n|-miss|p1a: Basculegion|p2a: Dragapult\n|\n|-weather|SunnyDay|[upkeep]\n|-damage|p2a: Dragapult|64\/100 tox|[from] psn\n|upkeep\n|turn|30\n|\n|t:|1699993908\n|move|p2a: Dragapult|Phantom Force|p1a: Basculegion|[from]lockedmove\n|-supereffective|p1a: Basculegion\n|-damage|p1a: Basculegion|0 fnt\n|faint|p1a: Basculegion\n|\n|-weather|SunnyDay|[upkeep]\n|-damage|p2a: Dragapult|52\/100 tox|[from] psn\n|upkeep\n|\n|t:|1699993916\n|switch|p1a: Landorus|Landorus-Therian, M|100\/100\n|-damage|p1a: Landorus|88\/100|[from] Stealth Rock\n|-ability|p1a: Landorus|Intimidate|boost\n|-unboost|p2a: Dragapult|atk|1\n|turn|31\n|\n|t:|1699993929\n|move|p2a: Dragapult|Phantom Force||[still]\n|-prepare|p2a: Dragapult|Phantom Force\n|move|p1a: Landorus|Earthquake|p2a: Dragapult|[miss]\n|-miss|p1a: Landorus|p2a: Dragapult\n|\n|-weather|SunnyDay|[upkeep]\n|-damage|p2a: Dragapult|34\/100 tox|[from] psn\n|upkeep\n|turn|32\n|\n|t:|1699993935\n|move|p2a: Dragapult|Phantom Force|p1a: Landorus|[from]lockedmove\n|-damage|p1a: Landorus|48\/100\n|move|p1a: Landorus|Earthquake|p2a: Dragapult\n|-damage|p2a: Dragapult|0 fnt\n|faint|p2a: Dragapult\n|\n|-weather|SunnyDay|[upkeep]\n|upkeep\n|\n|t:|1699993939\n|switch|p2a: Walking Wake|Walking Wake|64\/100 tox\n|-damage|p2a: Walking Wake|51\/100 tox|[from] Stealth Rock\n|-activate|p2a: Walking Wake|ability: Protosynthesis\n|-start|p2a: Walking Wake|protosynthesisspe\n|turn|33\n|\n|t:|1699993947\n|move|p2a: Walking Wake|Hydro Steam|p1a: Landorus\n|-supereffective|p1a: Landorus\n|-damage|p1a: Landorus|0 fnt\n|faint|p1a: Landorus\n|\n|-weather|SunnyDay|[upkeep]\n|-damage|p2a: Walking Wake|45\/100 tox|[from] psn\n|upkeep\n|\n|t:|1699993953\n|switch|p1a: Sneasler|Sneasler, M|17\/100\n|-damage|p1a: Sneasler|11\/100|[from] Stealth Rock\n|turn|34\n|\n|t:|1699993958\n|move|p1a: Sneasler|Fake Out|p2a: Walking Wake\n|-damage|p2a: Walking Wake|25\/100 tox\n|-damage|p1a: Sneasler|1\/100|[from] item: Life Orb\n|cant|p2a: Walking Wake|flinch\n|\n|-weather|none\n|-end|p2a: Walking Wake|Protosynthesis\n|-damage|p2a: Walking Wake|12\/100 tox|[from] psn\n|upkeep\n|turn|35\n|\n|t:|1699993966\n|move|p1a: Sneasler|Dire Claw|p2a: Walking Wake\n|-damage|p2a: Walking Wake|0 fnt\n|faint|p2a: Walking Wake\n|-end|p2a: Walking Wake|Protosynthesis|[silent]\n|-damage|p1a: Sneasler|0 fnt|[from] item: Life Orb\n|faint|p1a: Sneasler\n|\n|win|Smipsmop\n|raw|Smipsmop's rating: 1140 &rarr; <strong>1170<\/strong><br \/>(+30 for winning)\n|raw|ducktruck's rating: 1206 &rarr; <strong>1176<\/strong><br \/>(-30 for losing)\n|l|\u2606ducktruck\n|c|\u2606Smipsmop|gg\n","uploadtime":1699993979,"views":7,"p1id":"smipsmop","p2id":"ducktruck","formatid":"gen9ou","rating":1170,"private":0,"password":""}