{"id":"gen9ou-1994236144","p1":"Sloowbroo","p2":"ExitNot","format":"[Gen 9] OU","log":"|j|\u2606Sloowbroo\n|j|\u2606ExitNot\n|t:|1700421974\n|gametype|singles\n|player|p1|Sloowbroo|teamrocket|1112\n|player|p2|ExitNot|266|1108\n|teamsize|p1|6\n|teamsize|p2|6\n|gen|9\n|tier|[Gen 9] OU\n|rated|\n|rule|Sleep Clause Mod: Limit one foe put to sleep\n|rule|Species Clause: Limit one of each Pok\u00e9mon\n|rule|OHKO Clause: OHKO moves are banned\n|rule|Evasion Items Clause: Evasion items are banned\n|rule|Evasion Moves Clause: Evasion moves are banned\n|rule|Endless Battle Clause: Forcing endless battles is banned\n|rule|HP Percentage Mod: HP is shown in percentages\n|clearpoke\n|poke|p1|Rillaboom, M|\n|poke|p1|Kingambit, M|\n|poke|p1|Alomomola, F|\n|poke|p1|Ogerpon-Cornerstone, F|\n|poke|p1|Iron Valiant|\n|poke|p1|Hawlucha, M|\n|poke|p2|Ribombee, M|\n|poke|p2|Enamorus, F|\n|poke|p2|Arcanine-Hisui, F|\n|poke|p2|Gholdengo|\n|poke|p2|Rillaboom, F|\n|poke|p2|Great Tusk|\n|teampreview\n|inactive|Battle timer is ON: inactive players will automatically lose when time's up. (requested by Sloowbroo)\n|c|\u2606Sloowbroo|hf\n|\n|t:|1700421982\n|start\n|switch|p1a: Rillaboom|Rillaboom, M|100\/100\n|switch|p2a: Ribombee|Ribombee, M|100\/100\n|-fieldstart|move: Grassy Terrain|[from] ability: Grassy Surge|[of] p1a: Rillaboom\n|turn|1\n|\n|t:|1700421991\n|move|p2a: Ribombee|Moonblast|p1a: Rillaboom\n|-damage|p1a: Rillaboom|44\/100\n|move|p1a: Rillaboom|U-turn|p2a: Ribombee\n|-resisted|p2a: Ribombee\n|-damage|p2a: Ribombee|67\/100\n|\n|t:|1700421999\n|switch|p1a: Iron Valiant|Iron Valiant|100\/100|[from] U-turn\n|-enditem|p1a: Iron Valiant|Booster Energy\n|-activate|p1a: Iron Valiant|ability: Quark Drive|[fromitem]\n|-start|p1a: Iron Valiant|quarkdrivespe\n|\n|-heal|p2a: Ribombee|73\/100|[from] Grassy Terrain\n|upkeep\n|turn|2\n|\n|t:|1700422005\n|move|p1a: Iron Valiant|Shadow Ball|p2a: Ribombee\n|-damage|p2a: Ribombee|28\/100\n|move|p2a: Ribombee|Sticky Web|p1a: Iron Valiant\n|-sidestart|p1: Sloowbroo|move: Sticky Web\n|\n|-heal|p2a: Ribombee|34\/100|[from] Grassy Terrain\n|upkeep\n|turn|3\n|\n|t:|1700422016\n|switch|p2a: Gholdengo|Gholdengo|100\/100\n|-item|p2a: Gholdengo|Air Balloon\n|move|p1a: Iron Valiant|Shadow Ball|p2a: Gholdengo\n|-supereffective|p2a: Gholdengo\n|-damage|p2a: Gholdengo|38\/100\n|-unboost|p2a: Gholdengo|spd|1\n|-enditem|p2a: Gholdengo|Air Balloon\n|\n|-heal|p2a: Gholdengo|44\/100|[from] Grassy Terrain\n|upkeep\n|turn|4\n|\n|t:|1700422023\n|move|p1a: Iron Valiant|Shadow Ball|p2a: Gholdengo\n|-supereffective|p2a: Gholdengo\n|-damage|p2a: Gholdengo|0 fnt\n|faint|p2a: Gholdengo\n|\n|upkeep\n|\n|t:|1700422034\n|switch|p2a: Arcanine|Arcanine-Hisui, F|100\/100\n|turn|5\n|\n|t:|1700422052\n|-terastallize|p2a: Arcanine|Rock\n|move|p1a: Iron Valiant|Aura Sphere|p2a: Arcanine\n|-supereffective|p2a: Arcanine\n|-damage|p2a: Arcanine|11\/100\n|move|p2a: Arcanine|Head Smash|p1a: Iron Valiant|[miss]\n|-miss|p2a: Arcanine|p1a: Iron Valiant\n|\n|-heal|p2a: Arcanine|17\/100|[from] Grassy Terrain\n|-fieldend|move: Grassy Terrain\n|upkeep\n|turn|6\n|\n|t:|1700422061\n|move|p1a: Iron Valiant|Aura Sphere|p2a: Arcanine\n|-supereffective|p2a: Arcanine\n|-damage|p2a: Arcanine|0 fnt\n|faint|p2a: Arcanine\n|\n|upkeep\n|\n|t:|1700422066\n|switch|p2a: Enamorus|Enamorus, F|100\/100\n|turn|7\n|\n|t:|1700422082\n|move|p1a: Iron Valiant|Destiny Bond|p1a: Iron Valiant\n|-singlemove|p1a: Iron Valiant|Destiny Bond\n|move|p2a: Enamorus|Calm Mind|p2a: Enamorus\n|-boost|p2a: Enamorus|spa|1\n|-boost|p2a: Enamorus|spd|1\n|\n|upkeep\n|turn|8\n|\n|t:|1700422089\n|move|p1a: Iron Valiant|Moonblast|p2a: Enamorus\n|-damage|p2a: Enamorus|52\/100\n|-unboost|p2a: Enamorus|spa|1\n|move|p2a: Enamorus|Moonblast|p1a: Iron Valiant\n|-supereffective|p1a: Iron Valiant\n|-damage|p1a: Iron Valiant|0 fnt\n|faint|p1a: Iron Valiant\n|-end|p1a: Iron Valiant|Quark Drive|[silent]\n|\n|-heal|p2a: Enamorus|59\/100|[from] item: Leftovers\n|upkeep\n|\n|t:|1700422100\n|switch|p1a: Ogerpon|Ogerpon-Cornerstone, F|100\/100\n|-activate|p1a: Ogerpon|move: Sticky Web\n|-unboost|p1a: Ogerpon|spe|1\n|turn|9\n|\n|t:|1700422110\n|move|p2a: Enamorus|Earth Power|p1a: Ogerpon\n|-damage|p1a: Ogerpon|60\/100\n|move|p1a: Ogerpon|Ivy Cudgel|p2a: Enamorus|[anim] Ivy Cudgel Rock\n|-supereffective|p2a: Enamorus\n|-damage|p2a: Enamorus|0 fnt\n|faint|p2a: Enamorus\n|\n|upkeep\n|\n|t:|1700422115\n|switch|p2a: Great Tusk|Great Tusk|100\/100\n|turn|10\n|\n|t:|1700422122\n|move|p2a: Great Tusk|Ice Spinner|p1a: Ogerpon\n|-supereffective|p1a: Ogerpon\n|-damage|p1a: Ogerpon|0 fnt\n|faint|p1a: Ogerpon\n|\n|upkeep\n|\n|t:|1700422130\n|switch|p1a: Alomomola|Alomomola, F|100\/100\n|-activate|p1a: Alomomola|move: Sticky Web\n|-unboost|p1a: Alomomola|spe|1\n|turn|11\n|\n|t:|1700422136\n|move|p2a: Great Tusk|Ice Spinner|p1a: Alomomola\n|-resisted|p1a: Alomomola\n|-damage|p1a: Alomomola|89\/100\n|move|p1a: Alomomola|Scald|p2a: Great Tusk\n|-supereffective|p2a: Great Tusk\n|-damage|p2a: Great Tusk|58\/100\n|-status|p2a: Great Tusk|brn\n|\n|-heal|p1a: Alomomola|95\/100|[from] item: Leftovers\n|-damage|p2a: Great Tusk|52\/100 brn|[from] brn\n|upkeep\n|turn|12\n|\n|t:|1700422155\n|-end|p2a: Great Tusk|Protosynthesis|[silent]\n|switch|p2a: Rillaboom|Rillaboom, F|100\/100\n|-fieldstart|move: Grassy Terrain|[from] ability: Grassy Surge|[of] p2a: Rillaboom\n|move|p1a: Alomomola|Flip Turn|p2a: Rillaboom\n|-resisted|p2a: Rillaboom\n|-damage|p2a: Rillaboom|92\/100\n|\n|t:|1700422161\n|switch|p1a: Hawlucha|Hawlucha, M|100\/100|[from] Flip Turn\n|-enditem|p1a: Hawlucha|Grassy Seed\n|-boost|p1a: Hawlucha|def|1|[from] item: Grassy Seed\n|\n|-heal|p2a: Rillaboom|98\/100|[from] Grassy Terrain\n|upkeep\n|turn|13\n|\n|t:|1700422169\n|move|p1a: Hawlucha|Swords Dance|p1a: Hawlucha\n|-boost|p1a: Hawlucha|atk|2\n|move|p2a: Rillaboom|Swords Dance|p2a: Rillaboom\n|-boost|p2a: Rillaboom|atk|2\n|\n|-heal|p2a: Rillaboom|100\/100|[from] Grassy Terrain\n|upkeep\n|turn|14\n|\n|t:|1700422177\n|move|p1a: Hawlucha|Acrobatics|p2a: Rillaboom\n|-supereffective|p2a: Rillaboom\n|-damage|p2a: Rillaboom|0 fnt\n|faint|p2a: Rillaboom\n|\n|upkeep\n|\n|t:|1700422183\n|switch|p2a: Ribombee|Ribombee, M|34\/100\n|turn|15\n|\n|t:|1700422190\n|move|p1a: Hawlucha|Acrobatics|p2a: Ribombee\n|-supereffective|p2a: Ribombee\n|-damage|p2a: Ribombee|0 fnt\n|faint|p2a: Ribombee\n|\n|upkeep\n|\n|t:|1700422195\n|switch|p2a: Great Tusk|Great Tusk|52\/100 brn\n|turn|16\n|\n|t:|1700422198\n|move|p1a: Hawlucha|Acrobatics|p2a: Great Tusk\n|-supereffective|p2a: Great Tusk\n|-damage|p2a: Great Tusk|0 fnt\n|faint|p2a: Great Tusk\n|-end|p2a: Great Tusk|Protosynthesis|[silent]\n|\n|win|Sloowbroo\n|raw|Sloowbroo's rating: 1112 &rarr; <strong>1137<\/strong><br \/>(+25 for winning)\n|raw|ExitNot's rating: 1108 &rarr; <strong>1083<\/strong><br \/>(-25 for losing)\n|c|\u2606Sloowbroo|gg\n|l|\u2606ExitNot\n","uploadtime":1700422221,"views":7,"p1id":"sloowbroo","p2id":"exitnot","formatid":"gen9ou","rating":1083,"private":0,"password":""}