{"id":"gen9ou-1999827085","p1":"Shido464","p2":"Juanix SG","format":"[Gen 9] OU","log":"|j|\u2606Shido464\n|j|\u2606Juanix SG\n|t:|1701120393\n|gametype|singles\n|player|p1|Shido464|shadowtriad|\n|player|p2|Juanix SG|cynthia|\n|teamsize|p1|6\n|teamsize|p2|6\n|gen|9\n|tier|[Gen 9] OU\n|rule|Sleep Clause Mod: Limit one foe put to sleep\n|rule|Species Clause: Limit one of each Pok\u00e9mon\n|rule|OHKO Clause: OHKO moves are banned\n|rule|Evasion Items Clause: Evasion items are banned\n|rule|Evasion Moves Clause: Evasion moves are banned\n|rule|Endless Battle Clause: Forcing endless battles is banned\n|rule|HP Percentage Mod: HP is shown in percentages\n|clearpoke\n|poke|p1|Greninja-*, M|\n|poke|p1|Fezandipiti, M|\n|poke|p1|Corviknight, M|\n|poke|p1|Maushold-Four|\n|poke|p1|Garchomp, F|\n|poke|p1|Polteageist-Antique|\n|poke|p2|Iron Valiant|\n|poke|p2|Skeledirge, F|\n|poke|p2|Great Tusk|\n|poke|p2|Kingambit, M|\n|poke|p2|Toxapex, F|\n|poke|p2|Dragonite, F|\n|teampreview\n|inactive|Battle timer is ON: inactive players will automatically lose when time's up. (requested by Juanix SG)\n|\n|t:|1701120415\n|start\n|switch|p1a: Tank passarin|Corviknight, M, shiny|100\/100\n|switch|p2a: Toxapex|Toxapex, F, shiny|100\/100\n|turn|1\n|\n|t:|1701120423\n|switch|p2a: Skeledirge|Skeledirge, F, shiny|100\/100\n|move|p1a: Tank passarin|Bulk Up|p1a: Tank passarin\n|-boost|p1a: Tank passarin|atk|1\n|-boost|p1a: Tank passarin|def|1\n|\n|upkeep\n|turn|2\n|\n|t:|1701120438\n|switch|p1a: Garchomp|Garchomp, F|100\/100\n|move|p2a: Skeledirge|Torch Song|p1a: Garchomp\n|-resisted|p1a: Garchomp\n|-damage|p1a: Garchomp|82\/100\n|-boost|p2a: Skeledirge|spa|1\n|\n|upkeep\n|turn|3\n|\n|t:|1701120463\n|switch|p2a: Arkmen|Iron Valiant, shiny|100\/100\n|move|p1a: Garchomp|Scale Shot|p2a: Arkmen\n|-immune|p2a: Arkmen\n|\n|upkeep\n|turn|4\n|\n|t:|1701120478\n|switch|p1a: Tank passarin|Corviknight, M, shiny|100\/100\n|move|p2a: Arkmen|Moonblast|p1a: Tank passarin\n|-resisted|p1a: Tank passarin\n|-damage|p1a: Tank passarin|81\/100\n|-ability|p1a: Tank passarin|Mirror Armor\n|-unboost|p2a: Arkmen|spa|1\n|\n|upkeep\n|turn|5\n|\n|t:|1701120494\n|-end|p2a: Arkmen|Quark Drive|[silent]\n|switch|p2a: Dragonite|Dragonite, F|100\/100\n|switch|p1a: Fezandipiti|Fezandipiti, M|100\/100\n|\n|upkeep\n|turn|6\n|\n|t:|1701120505\n|-terastallize|p2a: Dragonite|Normal\n|move|p1a: Fezandipiti|Calm Mind|p1a: Fezandipiti\n|-boost|p1a: Fezandipiti|spa|1\n|-boost|p1a: Fezandipiti|spd|1\n|move|p2a: Dragonite|Dragon Dance|p2a: Dragonite\n|-boost|p2a: Dragonite|atk|1\n|-boost|p2a: Dragonite|spe|1\n|\n|upkeep\n|turn|7\n|\n|t:|1701120514\n|switch|p1a: Tank passarin|Corviknight, M, shiny|81\/100\n|move|p2a: Dragonite|Earthquake|p1a: Tank passarin\n|-immune|p1a: Tank passarin\n|\n|upkeep\n|turn|8\n|\n|t:|1701120518\n|move|p2a: Dragonite|Dragon Dance|p2a: Dragonite\n|-boost|p2a: Dragonite|atk|1\n|-boost|p2a: Dragonite|spe|1\n|move|p1a: Tank passarin|Bulk Up|p1a: Tank passarin\n|-boost|p1a: Tank passarin|atk|1\n|-boost|p1a: Tank passarin|def|1\n|\n|upkeep\n|turn|9\n|\n|t:|1701120523\n|move|p2a: Dragonite|Extreme Speed|p1a: Tank passarin\n|-resisted|p1a: Tank passarin\n|-damage|p1a: Tank passarin|59\/100\n|-damage|p2a: Dragonite|84\/100|[from] item: Rocky Helmet|[of] p1a: Tank passarin\n|move|p1a: Tank passarin|Bulk Up|p1a: Tank passarin\n|-boost|p1a: Tank passarin|atk|1\n|-boost|p1a: Tank passarin|def|1\n|\n|upkeep\n|turn|10\n|\n|t:|1701120529\n|switch|p2a: Skeledirge|Skeledirge, F, shiny|100\/100\n|move|p1a: Tank passarin|Roost|p1a: Tank passarin\n|-heal|p1a: Tank passarin|100\/100\n|-singleturn|p1a: Tank passarin|move: Roost\n|\n|upkeep\n|turn|11\n|\n|t:|1701120534\n|switch|p1a: Garchomp|Garchomp, F|82\/100\n|move|p2a: Skeledirge|Substitute|p2a: Skeledirge\n|-start|p2a: Skeledirge|Substitute\n|-damage|p2a: Skeledirge|76\/100\n|\n|-heal|p2a: Skeledirge|82\/100|[from] item: Leftovers\n|upkeep\n|turn|12\n|\n|t:|1701120542\n|move|p1a: Garchomp|Scale Shot|p2a: Skeledirge\n|-activate|p2a: Skeledirge|move: Substitute|[damage]\n|-end|p2a: Skeledirge|Substitute\n|-damage|p2a: Skeledirge|67\/100\n|-hitcount|p2a: Skeledirge|3\n|-unboost|p1a: Garchomp|def|1\n|-boost|p1a: Garchomp|spe|1\n|-damage|p1a: Garchomp|72\/100|[from] item: Life Orb\n|move|p2a: Skeledirge|Shadow Ball|p1a: Garchomp\n|-damage|p1a: Garchomp|35\/100\n|\n|-heal|p2a: Skeledirge|73\/100|[from] item: Leftovers\n|upkeep\n|turn|13\n|\n|t:|1701120555\n|switch|p2a: Arkmen|Iron Valiant, shiny|100\/100\n|move|p1a: Garchomp|Earthquake|p2a: Arkmen\n|-damage|p2a: Arkmen|25\/100\n|-damage|p1a: Garchomp|25\/100|[from] item: Life Orb\n|\n|upkeep\n|turn|14\n|\n|t:|1701120582\n|move|p1a: Garchomp|Iron Head|p2a: Arkmen\n|-supereffective|p2a: Arkmen\n|-damage|p2a: Arkmen|0 fnt\n|faint|p2a: Arkmen\n|-end|p2a: Arkmen|Quark Drive|[silent]\n|-damage|p1a: Garchomp|15\/100|[from] item: Life Orb\n|\n|upkeep\n|\n|t:|1701120599\n|switch|p2a: Dragonite|Dragonite, F, tera:Normal|84\/100\n|turn|15\n|\n|t:|1701120608\n|switch|p1a: Tank passarin|Corviknight, M, shiny|100\/100\n|move|p2a: Dragonite|Extreme Speed|p1a: Tank passarin\n|-resisted|p1a: Tank passarin\n|-damage|p1a: Tank passarin|82\/100\n|-damage|p2a: Dragonite|67\/100|[from] item: Rocky Helmet|[of] p1a: Tank passarin\n|\n|upkeep\n|turn|16\n|\n|t:|1701120615\n|switch|p2a: Skeledirge|Skeledirge, F, shiny|73\/100\n|move|p1a: Tank passarin|Bulk Up|p1a: Tank passarin\n|-boost|p1a: Tank passarin|atk|1\n|-boost|p1a: Tank passarin|def|1\n|\n|-heal|p2a: Skeledirge|79\/100|[from] item: Leftovers\n|upkeep\n|turn|17\n|\n|t:|1701120643\n|switch|p1a: Garchomp|Garchomp, F|15\/100\n|move|p2a: Skeledirge|Torch Song|p1a: Garchomp\n|-resisted|p1a: Garchomp\n|-damage|p1a: Garchomp|0 fnt\n|-boost|p2a: Skeledirge|spa|1\n|faint|p1a: Garchomp\n|\n|-heal|p2a: Skeledirge|85\/100|[from] item: Leftovers\n|upkeep\n|inactive|Shido464 has 270 seconds left.\n|\n|t:|1701120655\n|switch|p1a: Polteageist|Polteageist-Antique, shiny|100\/100\n|turn|18\n|\n|t:|1701120663\n|move|p1a: Polteageist|Shell Smash|p1a: Polteageist\n|-unboost|p1a: Polteageist|def|1\n|-unboost|p1a: Polteageist|spd|1\n|-boost|p1a: Polteageist|atk|2\n|-boost|p1a: Polteageist|spa|2\n|-boost|p1a: Polteageist|spe|2\n|-enditem|p1a: Polteageist|White Herb\n|-clearnegativeboost|p1a: Polteageist|[silent]\n|move|p2a: Skeledirge|Shadow Ball|p1a: Polteageist\n|-supereffective|p1a: Polteageist\n|-damage|p1a: Polteageist|0 fnt\n|faint|p1a: Polteageist\n|\n|-heal|p2a: Skeledirge|91\/100|[from] item: Leftovers\n|upkeep\n|\n|t:|1701120668\n|switch|p1a: Fezandipiti|Fezandipiti, M|100\/100\n|turn|19\n|\n|t:|1701120688\n|switch|p2a: Dragonite|Dragonite, F, tera:Normal|67\/100\n|move|p1a: Fezandipiti|Sludge Bomb|p2a: Dragonite\n|-damage|p2a: Dragonite|46\/100\n|-status|p2a: Dragonite|psn\n|\n|-damage|p2a: Dragonite|33\/100 psn|[from] psn\n|upkeep\n|turn|20\n|\n|t:|1701120693\n|switch|p1a: Tank passarin|Corviknight, M, shiny|82\/100\n|move|p2a: Dragonite|Roost|p2a: Dragonite\n|-heal|p2a: Dragonite|83\/100 psn\n|\n|-damage|p2a: Dragonite|71\/100 psn|[from] psn\n|upkeep\n|turn|21\n|\n|t:|1701120698\n|switch|p2a: Skeledirge|Skeledirge, F, shiny|91\/100\n|move|p1a: Tank passarin|Bulk Up|p1a: Tank passarin\n|-boost|p1a: Tank passarin|atk|1\n|-boost|p1a: Tank passarin|def|1\n|\n|-heal|p2a: Skeledirge|98\/100|[from] item: Leftovers\n|upkeep\n|turn|22\n|\n|t:|1701120702\n|switch|p1a: Fezandipiti|Fezandipiti, M|100\/100\n|move|p2a: Skeledirge|Torch Song|p1a: Fezandipiti\n|-damage|p1a: Fezandipiti|79\/100\n|-boost|p2a: Skeledirge|spa|1\n|\n|-heal|p1a: Fezandipiti|85\/100|[from] item: Black Sludge\n|-heal|p2a: Skeledirge|100\/100|[from] item: Leftovers\n|upkeep\n|turn|23\n|\n|t:|1701120715\n|switch|p2a: Kingambit|Kingambit, M, shiny|100\/100\n|-activate|p2a: Kingambit|ability: Supreme Overlord\n|-start|p2a: Kingambit|fallen1|[silent]\n|move|p1a: Fezandipiti|Sludge Bomb|p2a: Kingambit\n|-immune|p2a: Kingambit\n|\n|-heal|p1a: Fezandipiti|91\/100|[from] item: Black Sludge\n|upkeep\n|turn|24\n|\n|t:|1701120723\n|switch|p1a: Tank passarin|Corviknight, M, shiny|82\/100\n|move|p2a: Kingambit|Iron Head|p1a: Tank passarin\n|-resisted|p1a: Tank passarin\n|-damage|p1a: Tank passarin|65\/100\n|-damage|p2a: Kingambit|84\/100|[from] item: Rocky Helmet|[of] p1a: Tank passarin\n|\n|-heal|p2a: Kingambit|90\/100|[from] item: Leftovers\n|upkeep\n|turn|25\n|\n|t:|1701120728\n|-end|p2a: Kingambit|fallen1|[silent]\n|switch|p2a: Skeledirge|Skeledirge, F, shiny|100\/100\n|move|p1a: Tank passarin|Bulk Up|p1a: Tank passarin\n|-boost|p1a: Tank passarin|atk|1\n|-boost|p1a: Tank passarin|def|1\n|\n|upkeep\n|turn|26\n|\n|t:|1701120732\n|switch|p1a: Fezandipiti|Fezandipiti, M|91\/100\n|move|p2a: Skeledirge|Torch Song|p1a: Fezandipiti\n|-damage|p1a: Fezandipiti|72\/100\n|-boost|p2a: Skeledirge|spa|1\n|\n|-heal|p1a: Fezandipiti|78\/100|[from] item: Black Sludge\n|upkeep\n|turn|27\n|\n|t:|1701120738\n|switch|p2a: Kingambit|Kingambit, M, shiny|90\/100\n|-activate|p2a: Kingambit|ability: Supreme Overlord\n|-start|p2a: Kingambit|fallen1|[silent]\n|move|p1a: Fezandipiti|Sludge Bomb|p2a: Kingambit\n|-immune|p2a: Kingambit\n|\n|-heal|p1a: Fezandipiti|84\/100|[from] item: Black Sludge\n|-heal|p2a: Kingambit|96\/100|[from] item: Leftovers\n|upkeep\n|turn|28\n|\n|t:|1701120743\n|switch|p1a: Tank passarin|Corviknight, M, shiny|65\/100\n|move|p2a: Kingambit|Iron Head|p1a: Tank passarin\n|-resisted|p1a: Tank passarin\n|-damage|p1a: Tank passarin|49\/100\n|-damage|p2a: Kingambit|80\/100|[from] item: Rocky Helmet|[of] p1a: Tank passarin\n|\n|-heal|p2a: Kingambit|86\/100|[from] item: Leftovers\n|upkeep\n|turn|29\n|\n|t:|1701120749\n|-end|p2a: Kingambit|fallen1|[silent]\n|switch|p2a: Skeledirge|Skeledirge, F, shiny|100\/100\n|move|p1a: Tank passarin|Roost|p1a: Tank passarin\n|-heal|p1a: Tank passarin|99\/100\n|-singleturn|p1a: Tank passarin|move: Roost\n|\n|upkeep\n|turn|30\n|\n|t:|1701120754\n|switch|p1a: Fezandipiti|Fezandipiti, M|84\/100\n|move|p2a: Skeledirge|Shadow Ball|p1a: Fezandipiti\n|-damage|p1a: Fezandipiti|66\/100\n|\n|-heal|p1a: Fezandipiti|72\/100|[from] item: Black Sludge\n|upkeep\n|turn|31\n|\n|t:|1701120764\n|switch|p1a: Tank passarin|Corviknight, M, shiny|99\/100\n|switch|p2a: Toxapex|Toxapex, F, shiny|100\/100\n|\n|upkeep\n|turn|32\n|\n|t:|1701120770\n|move|p1a: Tank passarin|Iron Head|p2a: Toxapex\n|-resisted|p2a: Toxapex\n|-damage|p2a: Toxapex|92\/100\n|move|p2a: Toxapex|Surf|p1a: Tank passarin\n|-damage|p1a: Tank passarin|85\/100\n|\n|upkeep\n|turn|33\n|\n|t:|1701120778\n|switch|p2a: Skeledirge|Skeledirge, F, shiny|100\/100\n|move|p1a: Tank passarin|Bulk Up|p1a: Tank passarin\n|-boost|p1a: Tank passarin|atk|1\n|-boost|p1a: Tank passarin|def|1\n|\n|upkeep\n|turn|34\n|\n|t:|1701120784\n|switch|p1a: Fezandipiti|Fezandipiti, M|72\/100\n|move|p2a: Skeledirge|Substitute|p2a: Skeledirge\n|-start|p2a: Skeledirge|Substitute\n|-damage|p2a: Skeledirge|76\/100\n|\n|-heal|p1a: Fezandipiti|78\/100|[from] item: Black Sludge\n|-heal|p2a: Skeledirge|82\/100|[from] item: Leftovers\n|upkeep\n|turn|35\n|\n|t:|1701120790\n|move|p1a: Fezandipiti|Sludge Bomb|p2a: Skeledirge\n|-resisted|p2a: Skeledirge\n|-activate|p2a: Skeledirge|move: Substitute|[damage]\n|move|p2a: Skeledirge|Torch Song|p1a: Fezandipiti\n|-damage|p1a: Fezandipiti|57\/100\n|-boost|p2a: Skeledirge|spa|1\n|\n|-heal|p1a: Fezandipiti|63\/100|[from] item: Black Sludge\n|-heal|p2a: Skeledirge|88\/100|[from] item: Leftovers\n|upkeep\n|turn|36\n|\n|t:|1701120797\n|move|p1a: Fezandipiti|Sludge Bomb|p2a: Skeledirge\n|-resisted|p2a: Skeledirge\n|-activate|p2a: Skeledirge|move: Substitute|[damage]\n|move|p2a: Skeledirge|Torch Song|p1a: Fezandipiti\n|-damage|p1a: Fezandipiti|33\/100\n|-boost|p2a: Skeledirge|spa|1\n|\n|-heal|p1a: Fezandipiti|39\/100|[from] item: Black Sludge\n|-heal|p2a: Skeledirge|94\/100|[from] item: Leftovers\n|upkeep\n|turn|37\n|\n|t:|1701120804\n|move|p1a: Fezandipiti|Sludge Bomb|p2a: Skeledirge\n|-resisted|p2a: Skeledirge\n|-end|p2a: Skeledirge|Substitute\n|move|p2a: Skeledirge|Torch Song|p1a: Fezandipiti\n|-damage|p1a: Fezandipiti|0 fnt\n|-boost|p2a: Skeledirge|spa|1\n|faint|p1a: Fezandipiti\n|\n|-heal|p2a: Skeledirge|99\/100|[from] item: Leftovers\n|upkeep\n|\n|t:|1701120808\n|switch|p1a: Gayninja|Greninja, M|100\/100\n|turn|38\n|\n|t:|1701120822\n|switch|p2a: Dragonite|Dragonite, F, tera:Normal|71\/100 psn\n|move|p1a: Gayninja|Dark Pulse|p2a: Dragonite\n|-damage|p2a: Dragonite|37\/100 psn\n|\n|-damage|p2a: Dragonite|25\/100 psn|[from] psn\n|upkeep\n|turn|39\n|\n|t:|1701120835\n|move|p2a: Dragonite|Extreme Speed|p1a: Gayninja\n|-damage|p1a: Gayninja|28\/100\n|move|p1a: Gayninja|Water Shuriken|p2a: Dragonite\n|-damage|p2a: Dragonite|17\/100 psn\n|-damage|p2a: Dragonite|11\/100 psn\n|-hitcount|p2a: Dragonite|2\n|\n|-damage|p2a: Dragonite|0 fnt|[from] psn\n|faint|p2a: Dragonite\n|upkeep\n|\n|t:|1701120850\n|switch|p2a: Kingambit|Kingambit, M, shiny|86\/100\n|-activate|p2a: Kingambit|ability: Supreme Overlord\n|-start|p2a: Kingambit|fallen2|[silent]\n|turn|40\n|\n|t:|1701120867\n|switch|p1a: Tank passarin|Corviknight, M, shiny|85\/100\n|move|p2a: Kingambit|Kowtow Cleave|p1a: Tank passarin\n|-damage|p1a: Tank passarin|47\/100\n|-damage|p2a: Kingambit|69\/100|[from] item: Rocky Helmet|[of] p1a: Tank passarin\n|\n|-heal|p2a: Kingambit|75\/100|[from] item: Leftovers\n|upkeep\n|turn|41\n|\n|t:|1701120874\n|-end|p2a: Kingambit|fallen2|[silent]\n|switch|p2a: Skeledirge|Skeledirge, F, shiny|99\/100\n|move|p1a: Tank passarin|Roost|p1a: Tank passarin\n|-heal|p1a: Tank passarin|97\/100\n|-singleturn|p1a: Tank passarin|move: Roost\n|\n|-heal|p2a: Skeledirge|100\/100|[from] item: Leftovers\n|upkeep\n|turn|42\n|\n|t:|1701120887\n|switch|p1a: Maushold|Maushold-Four, shiny|100\/100\n|move|p2a: Skeledirge|Torch Song|p1a: Maushold\n|-damage|p1a: Maushold|51\/100\n|-boost|p2a: Skeledirge|spa|1\n|\n|upkeep\n|turn|43\n|\n|t:|1701120894\n|move|p1a: Maushold|Bite|p2a: Skeledirge\n|-supereffective|p2a: Skeledirge\n|-damage|p2a: Skeledirge|61\/100\n|cant|p2a: Skeledirge|flinch\n|\n|-heal|p2a: Skeledirge|67\/100|[from] item: Leftovers\n|upkeep\n|turn|44\n|\n|t:|1701120900\n|move|p1a: Maushold|Bite|p2a: Skeledirge\n|-supereffective|p2a: Skeledirge\n|-damage|p2a: Skeledirge|32\/100\n|move|p2a: Skeledirge|Slack Off|p2a: Skeledirge\n|-heal|p2a: Skeledirge|82\/100\n|\n|-heal|p2a: Skeledirge|88\/100|[from] item: Leftovers\n|upkeep\n|turn|45\n|\n|t:|1701120906\n|move|p1a: Maushold|Bite|p2a: Skeledirge\n|-supereffective|p2a: Skeledirge\n|-damage|p2a: Skeledirge|52\/100\n|move|p2a: Skeledirge|Torch Song|p1a: Maushold\n|-crit|p1a: Maushold\n|-damage|p1a: Maushold|0 fnt\n|-boost|p2a: Skeledirge|spa|1\n|faint|p1a: Maushold\n|\n|-heal|p2a: Skeledirge|58\/100|[from] item: Leftovers\n|upkeep\n|\n|t:|1701120912\n|switch|p1a: Gayninja|Greninja, M|28\/100\n|turn|46\n|\n|t:|1701120926\n|switch|p2a: Toxapex|Toxapex, F, shiny|100\/100\n|move|p1a: Gayninja|Dark Pulse|p2a: Toxapex\n|-damage|p2a: Toxapex|74\/100\n|\n|upkeep\n|turn|47\n|\n|t:|1701120947\n|switch|p1a: Tank passarin|Corviknight, M, shiny|97\/100\n|move|p2a: Toxapex|Toxic|p1a: Tank passarin\n|-immune|p1a: Tank passarin\n|\n|upkeep\n|turn|48\n|\n|t:|1701120955\n|switch|p2a: Skeledirge|Skeledirge, F, shiny|58\/100\n|move|p1a: Tank passarin|Bulk Up|p1a: Tank passarin\n|-boost|p1a: Tank passarin|atk|1\n|-boost|p1a: Tank passarin|def|1\n|\n|-heal|p2a: Skeledirge|64\/100|[from] item: Leftovers\n|upkeep\n|turn|49\n|\n|t:|1701120961\n|move|p2a: Skeledirge|Torch Song|p1a: Tank passarin\n|-supereffective|p1a: Tank passarin\n|-damage|p1a: Tank passarin|41\/100\n|-boost|p2a: Skeledirge|spa|1\n|move|p1a: Tank passarin|Iron Head|p2a: Skeledirge\n|-resisted|p2a: Skeledirge\n|-damage|p2a: Skeledirge|55\/100\n|\n|-heal|p2a: Skeledirge|61\/100|[from] item: Leftovers\n|upkeep\n|turn|50\n|\n|t:|1701120969\n|move|p2a: Skeledirge|Torch Song|p1a: Tank passarin\n|-supereffective|p1a: Tank passarin\n|-damage|p1a: Tank passarin|0 fnt\n|-boost|p2a: Skeledirge|spa|1\n|faint|p1a: Tank passarin\n|\n|-heal|p2a: Skeledirge|67\/100|[from] item: Leftovers\n|upkeep\n|\n|t:|1701120974\n|switch|p1a: Gayninja|Greninja, M|28\/100\n|turn|51\n|\n|t:|1701120977\n|switch|p2a: Toxapex|Toxapex, F, shiny|100\/100\n|move|p1a: Gayninja|Dark Pulse|p2a: Toxapex\n|-damage|p2a: Toxapex|74\/100\n|\n|upkeep\n|turn|52\n|\n|t:|1701121002\n|move|p1a: Gayninja|Dark Pulse|p2a: Toxapex\n|-damage|p2a: Toxapex|47\/100\n|move|p2a: Toxapex|Toxic|p1a: Gayninja\n|-status|p1a: Gayninja|tox\n|\n|-damage|p1a: Gayninja|22\/100 tox|[from] psn\n|upkeep\n|turn|53\n|\n|t:|1701121007\n|move|p1a: Gayninja|Dark Pulse|p2a: Toxapex\n|-damage|p2a: Toxapex|20\/100\n|move|p2a: Toxapex|Recover|p2a: Toxapex\n|-heal|p2a: Toxapex|70\/100\n|\n|-damage|p1a: Gayninja|10\/100 tox|[from] psn\n|upkeep\n|turn|54\n|\n|t:|1701121014\n|move|p1a: Gayninja|Dark Pulse|p2a: Toxapex\n|-damage|p2a: Toxapex|41\/100\n|move|p2a: Toxapex|Recover|p2a: Toxapex\n|-heal|p2a: Toxapex|91\/100\n|\n|-damage|p1a: Gayninja|0 fnt|[from] psn\n|faint|p1a: Gayninja\n|\n|win|Juanix SG\n|upkeep\n|l|\u2606Shido464\n","uploadtime":1701121020,"views":11,"p1id":"shido464","p2id":"juanixsg","formatid":"gen9ou","rating":0,"private":0,"password":""}