{"id":"gen9ou-1988680949","p1":"NaokiS2","p2":"Plutonium PT","format":"[Gen 9] OU","log":"|j|\u2606NaokiS2\n|j|\u2606Plutonium PT\n|t:|1699749911\n|gametype|singles\n|player|p1|NaokiS2|marnie-masters3|\n|player|p2|Plutonium PT|clay|\n|teamsize|p1|6\n|teamsize|p2|6\n|gen|9\n|tier|[Gen 9] OU\n|rule|Sleep Clause Mod: Limit one foe put to sleep\n|rule|Species Clause: Limit one of each Pok\u00e9mon\n|rule|OHKO Clause: OHKO moves are banned\n|rule|Evasion Items Clause: Evasion items are banned\n|rule|Evasion Moves Clause: Evasion moves are banned\n|rule|Endless Battle Clause: Forcing endless battles is banned\n|rule|HP Percentage Mod: HP is shown in percentages\n|clearpoke\n|poke|p1|Milotic, M|\n|poke|p1|Great Tusk|\n|poke|p1|Clefable, F|\n|poke|p1|Kingambit, M|\n|poke|p1|Rillaboom, F|\n|poke|p1|Slowking-Galar, F|\n|poke|p2|Dragapult, F|\n|poke|p2|Gholdengo|\n|poke|p2|Moltres|\n|poke|p2|Ting-Lu|\n|poke|p2|Ogerpon-Wellspring, F|\n|poke|p2|Hatterene, F|\n|teampreview\n|c|\u2606Plutonium PT|hf\n|\n|t:|1699749955\n|start\n|switch|p1a: Edgynitta|Milotic, M|100\/100\n|switch|p2a: Gholdengo|Gholdengo|100\/100\n|turn|1\n|\n|t:|1699749962\n|move|p2a: Gholdengo|Shadow Ball|p1a: Edgynitta\n|-damage|p1a: Edgynitta|64\/100\n|move|p1a: Edgynitta|Scald|p2a: Gholdengo\n|-damage|p2a: Gholdengo|67\/100\n|\n|upkeep\n|turn|2\n|\n|t:|1699749967\n|switch|p2a: Ogerpon|Ogerpon-Wellspring, F|100\/100\n|move|p1a: Edgynitta|Mirror Coat||[still]\n|-fail|p1a: Edgynitta\n|\n|upkeep\n|turn|3\n|\n|t:|1699749974\n|switch|p1a: Swampert turn 1|Rillaboom, F|100\/100\n|-fieldstart|move: Grassy Terrain|[from] ability: Grassy Surge|[of] p1a: Swampert turn 1\n|move|p2a: Ogerpon|Ivy Cudgel|p1a: Swampert turn 1\n|-resisted|p1a: Swampert turn 1\n|-damage|p1a: Swampert turn 1|66\/100\n|\n|-heal|p1a: Swampert turn 1|72\/100|[from] Grassy Terrain\n|upkeep\n|turn|4\n|\n|t:|1699749978\n|switch|p2a: Moltres|Moltres|100\/100\n|switch|p1a: Edgynitta|Milotic, M|64\/100\n|\n|-heal|p1a: Edgynitta|70\/100|[from] Grassy Terrain\n|upkeep\n|turn|5\n|\n|t:|1699749987\n|switch|p1a: Edgy maligno|Slowking-Galar, F|100\/100\n|switch|p2a: Hatterene|Hatterene, F|100\/100\n|\n|upkeep\n|turn|6\n|\n|t:|1699749994\n|switch|p2a: Ting-Lu|Ting-Lu|100\/100\n|-ability|p2a: Ting-Lu|Vessel of Ruin\n|move|p1a: Edgy maligno|Sludge Bomb|p2a: Ting-Lu\n|-resisted|p2a: Ting-Lu\n|-damage|p2a: Ting-Lu|94\/100\n|\n|-heal|p2a: Ting-Lu|99\/100|[from] Grassy Terrain\n|-heal|p2a: Ting-Lu|100\/100|[from] item: Leftovers\n|upkeep\n|turn|7\n|\n|t:|1699749999\n|switch|p1a: Edgy da cantina|Clefable, F|100\/100\n|move|p2a: Ting-Lu|Mean Look|p1a: Edgy da cantina\n|-activate|p1a: Edgy da cantina|trapped\n|\n|-fieldend|move: Grassy Terrain\n|upkeep\n|turn|8\n|\n|t:|1699750004\n|move|p1a: Edgy da cantina|Stealth Rock|p2a: Ting-Lu\n|-sidestart|p2: Plutonium PT|move: Stealth Rock\n|move|p2a: Ting-Lu|Spite|p1a: Edgy da cantina\n|-activate|p1a: Edgy da cantina|move: Spite|Stealth Rock|4\n|\n|upkeep\n|turn|9\n|\n|t:|1699750007\n|move|p1a: Edgy da cantina|Protect|p1a: Edgy da cantina\n|-singleturn|p1a: Edgy da cantina|Protect\n|move|p2a: Ting-Lu|Spite|p1a: Edgy da cantina\n|-activate|p1a: Edgy da cantina|move: Protect\n|\n|upkeep\n|turn|10\n|\n|t:|1699750009\n|move|p1a: Edgy da cantina|Moonblast|p2a: Ting-Lu\n|-supereffective|p2a: Ting-Lu\n|-damage|p2a: Ting-Lu|77\/100\n|move|p2a: Ting-Lu|Spite|p1a: Edgy da cantina\n|-activate|p1a: Edgy da cantina|move: Spite|Moonblast|4\n|\n|-heal|p2a: Ting-Lu|83\/100|[from] item: Leftovers\n|upkeep\n|turn|11\n|\n|t:|1699750015\n|move|p1a: Edgy da cantina|Wish|p1a: Edgy da cantina\n|move|p2a: Ting-Lu|Spite|p1a: Edgy da cantina\n|-activate|p1a: Edgy da cantina|move: Spite|Wish|4\n|\n|-heal|p2a: Ting-Lu|89\/100|[from] item: Leftovers\n|upkeep\n|turn|12\n|\n|t:|1699750017\n|move|p1a: Edgy da cantina|Protect|p1a: Edgy da cantina\n|-singleturn|p1a: Edgy da cantina|Protect\n|move|p2a: Ting-Lu|Spite|p1a: Edgy da cantina\n|-activate|p1a: Edgy da cantina|move: Protect\n|\n|-heal|p2a: Ting-Lu|95\/100|[from] item: Leftovers\n|upkeep\n|turn|13\n|\n|t:|1699750023\n|move|p1a: Edgy da cantina|Moonblast|p2a: Ting-Lu\n|-supereffective|p2a: Ting-Lu\n|-damage|p2a: Ting-Lu|69\/100\n|-unboost|p2a: Ting-Lu|spa|1\n|move|p2a: Ting-Lu|Spite|p1a: Edgy da cantina\n|-activate|p1a: Edgy da cantina|move: Spite|Moonblast|4\n|\n|-heal|p2a: Ting-Lu|75\/100|[from] item: Leftovers\n|upkeep\n|turn|14\n|\n|t:|1699750030\n|move|p1a: Edgy da cantina|Stealth Rock||[still]\n|-fail|p1a: Edgy da cantina\n|move|p2a: Ting-Lu|Earthquake|p1a: Edgy da cantina\n|-damage|p1a: Edgy da cantina|70\/100\n|\n|-heal|p1a: Edgy da cantina|76\/100|[from] item: Leftovers\n|-heal|p2a: Ting-Lu|81\/100|[from] item: Leftovers\n|upkeep\n|turn|15\n|\n|t:|1699750035\n|move|p1a: Edgy da cantina|Moonblast|p2a: Ting-Lu\n|-supereffective|p2a: Ting-Lu\n|-damage|p2a: Ting-Lu|54\/100\n|move|p2a: Ting-Lu|Earthquake|p1a: Edgy da cantina\n|-damage|p1a: Edgy da cantina|49\/100\n|\n|-heal|p1a: Edgy da cantina|55\/100|[from] item: Leftovers\n|-heal|p2a: Ting-Lu|60\/100|[from] item: Leftovers\n|upkeep\n|turn|16\n|\n|t:|1699750041\n|move|p1a: Edgy da cantina|Wish|p1a: Edgy da cantina\n|move|p2a: Ting-Lu|Spite|p1a: Edgy da cantina\n|-activate|p1a: Edgy da cantina|move: Spite|Wish|4\n|\n|-heal|p1a: Edgy da cantina|61\/100|[from] item: Leftovers\n|-heal|p2a: Ting-Lu|67\/100|[from] item: Leftovers\n|upkeep\n|turn|17\n|\n|t:|1699750044\n|move|p1a: Edgy da cantina|Stealth Rock||[still]\n|-fail|p1a: Edgy da cantina\n|move|p2a: Ting-Lu|Earthquake|p1a: Edgy da cantina\n|-damage|p1a: Edgy da cantina|30\/100\n|\n|-heal|p1a: Edgy da cantina|80\/100|[from] move: Wish|[wisher] Edgy da cantina\n|-heal|p1a: Edgy da cantina|87\/100|[from] item: Leftovers\n|-heal|p2a: Ting-Lu|73\/100|[from] item: Leftovers\n|upkeep\n|turn|18\n|\n|t:|1699750049\n|move|p1a: Edgy da cantina|Stealth Rock||[still]\n|-fail|p1a: Edgy da cantina\n|move|p2a: Ting-Lu|Earthquake|p1a: Edgy da cantina\n|-damage|p1a: Edgy da cantina|59\/100\n|\n|-heal|p1a: Edgy da cantina|65\/100|[from] item: Leftovers\n|-heal|p2a: Ting-Lu|79\/100|[from] item: Leftovers\n|upkeep\n|turn|19\n|\n|t:|1699750052\n|move|p1a: Edgy da cantina|Moonblast|p2a: Ting-Lu\n|-supereffective|p2a: Ting-Lu\n|-damage|p2a: Ting-Lu|55\/100\n|-unboost|p2a: Ting-Lu|spa|1\n|move|p2a: Ting-Lu|Spite|p1a: Edgy da cantina\n|-activate|p1a: Edgy da cantina|move: Spite|Moonblast|4\n|\n|-heal|p1a: Edgy da cantina|71\/100|[from] item: Leftovers\n|-heal|p2a: Ting-Lu|62\/100|[from] item: Leftovers\n|upkeep\n|turn|20\n|\n|t:|1699750060\n|move|p1a: Edgy da cantina|Moonblast|p2a: Ting-Lu\n|-supereffective|p2a: Ting-Lu\n|-damage|p2a: Ting-Lu|37\/100\n|move|p2a: Ting-Lu|Spite|p1a: Edgy da cantina\n|-activate|p1a: Edgy da cantina|move: Spite|Moonblast|4\n|\n|-heal|p1a: Edgy da cantina|77\/100|[from] item: Leftovers\n|-heal|p2a: Ting-Lu|43\/100|[from] item: Leftovers\n|upkeep\n|turn|21\n|\n|t:|1699750076\n|move|p1a: Edgy da cantina|Stealth Rock||[still]\n|-fail|p1a: Edgy da cantina\n|move|p2a: Ting-Lu|Rest|p2a: Ting-Lu\n|-status|p2a: Ting-Lu|slp|[from] move: Rest\n|-heal|p2a: Ting-Lu|100\/100 slp|[silent]\n|\n|-heal|p1a: Edgy da cantina|83\/100|[from] item: Leftovers\n|upkeep\n|turn|22\n|\n|t:|1699750079\n|move|p1a: Edgy da cantina|Moonblast|p2a: Ting-Lu\n|-supereffective|p2a: Ting-Lu\n|-damage|p2a: Ting-Lu|76\/100 slp\n|-unboost|p2a: Ting-Lu|spa|1\n|cant|p2a: Ting-Lu|slp\n|\n|-heal|p1a: Edgy da cantina|90\/100|[from] item: Leftovers\n|-heal|p2a: Ting-Lu|82\/100 slp|[from] item: Leftovers\n|upkeep\n|turn|23\n|\n|t:|1699750083\n|move|p1a: Edgy da cantina|Wish|p1a: Edgy da cantina\n|cant|p2a: Ting-Lu|slp\n|\n|-heal|p1a: Edgy da cantina|96\/100|[from] item: Leftovers\n|-heal|p2a: Ting-Lu|88\/100 slp|[from] item: Leftovers\n|upkeep\n|turn|24\n|\n|t:|1699750086\n|move|p1a: Edgy da cantina|Moonblast|p2a: Ting-Lu\n|-supereffective|p2a: Ting-Lu\n|-damage|p2a: Ting-Lu|63\/100 slp\n|-curestatus|p2a: Ting-Lu|slp|[msg]\n|move|p2a: Ting-Lu|Earthquake|p1a: Edgy da cantina\n|-damage|p1a: Edgy da cantina|66\/100\n|\n|-heal|p1a: Edgy da cantina|100\/100|[from] move: Wish|[wisher] Edgy da cantina\n|-heal|p2a: Ting-Lu|69\/100|[from] item: Leftovers\n|upkeep\n|turn|25\n|\n|t:|1699750092\n|move|p1a: Edgy da cantina|Moonblast|p2a: Ting-Lu\n|-supereffective|p2a: Ting-Lu\n|-damage|p2a: Ting-Lu|41\/100\n|move|p2a: Ting-Lu|Earthquake|p1a: Edgy da cantina\n|-damage|p1a: Edgy da cantina|71\/100\n|\n|-heal|p1a: Edgy da cantina|77\/100|[from] item: Leftovers\n|-heal|p2a: Ting-Lu|48\/100|[from] item: Leftovers\n|upkeep\n|turn|26\n|\n|t:|1699750096\n|move|p1a: Edgy da cantina|Protect|p1a: Edgy da cantina\n|-singleturn|p1a: Edgy da cantina|Protect\n|move|p2a: Ting-Lu|Spite|p1a: Edgy da cantina\n|-activate|p1a: Edgy da cantina|move: Protect\n|\n|-heal|p1a: Edgy da cantina|83\/100|[from] item: Leftovers\n|-heal|p2a: Ting-Lu|54\/100|[from] item: Leftovers\n|upkeep\n|turn|27\n|\n|t:|1699750098\n|move|p1a: Edgy da cantina|Protect||[still]\n|-fail|p1a: Edgy da cantina\n|move|p2a: Ting-Lu|Spite|p1a: Edgy da cantina\n|-activate|p1a: Edgy da cantina|move: Spite|Protect|4\n|\n|-heal|p1a: Edgy da cantina|89\/100|[from] item: Leftovers\n|-heal|p2a: Ting-Lu|60\/100|[from] item: Leftovers\n|upkeep\n|turn|28\n|\n|t:|1699750103\n|move|p1a: Edgy da cantina|Stealth Rock||[still]\n|-fail|p1a: Edgy da cantina\n|move|p2a: Ting-Lu|Earthquake|p1a: Edgy da cantina\n|-damage|p1a: Edgy da cantina|61\/100\n|\n|-heal|p1a: Edgy da cantina|68\/100|[from] item: Leftovers\n|-heal|p2a: Ting-Lu|66\/100|[from] item: Leftovers\n|upkeep\n|turn|29\n|\n|t:|1699750106\n|move|p1a: Edgy da cantina|Stealth Rock||[still]\n|-fail|p1a: Edgy da cantina\n|move|p2a: Ting-Lu|Spite|p1a: Edgy da cantina\n|-activate|p1a: Edgy da cantina|move: Spite|Stealth Rock|4\n|\n|-heal|p1a: Edgy da cantina|74\/100|[from] item: Leftovers\n|-heal|p2a: Ting-Lu|72\/100|[from] item: Leftovers\n|upkeep\n|turn|30\n|\n|t:|1699750110\n|switch|p2a: Hatterene|Hatterene, F|100\/100\n|-damage|p2a: Hatterene|88\/100|[from] Stealth Rock\n|move|p1a: Edgy da cantina|Wish|p1a: Edgy da cantina\n|\n|-heal|p1a: Edgy da cantina|80\/100|[from] item: Leftovers\n|-heal|p2a: Hatterene|94\/100|[from] item: Leftovers\n|upkeep\n|turn|31\n|\n|t:|1699750115\n|switch|p1a: Edgy maligno|Slowking-Galar, F|100\/100\n|move|p2a: Hatterene|Calm Mind|p2a: Hatterene\n|-boost|p2a: Hatterene|spa|1\n|-boost|p2a: Hatterene|spd|1\n|\n|-heal|p2a: Hatterene|99\/100|[from] item: Leftovers\n|upkeep\n|turn|32\n|\n|t:|1699750123\n|move|p2a: Hatterene|Calm Mind|p2a: Hatterene\n|-boost|p2a: Hatterene|spa|1\n|-boost|p2a: Hatterene|spd|1\n|move|p1a: Edgy maligno|Sludge Bomb|p2a: Hatterene\n|-supereffective|p2a: Hatterene\n|-damage|p2a: Hatterene|67\/100\n|\n|-heal|p2a: Hatterene|73\/100|[from] item: Leftovers\n|upkeep\n|turn|33\n|\n|t:|1699750131\n|move|p2a: Hatterene|Psyshock|p1a: Edgy maligno\n|-damage|p1a: Edgy maligno|52\/100\n|move|p1a: Edgy maligno|Sludge Bomb|p2a: Hatterene\n|-supereffective|p2a: Hatterene\n|-damage|p2a: Hatterene|38\/100\n|\n|-heal|p2a: Hatterene|44\/100|[from] item: Leftovers\n|upkeep\n|turn|34\n|\n|t:|1699750138\n|move|p2a: Hatterene|Calm Mind|p2a: Hatterene\n|-boost|p2a: Hatterene|spa|1\n|-boost|p2a: Hatterene|spd|1\n|move|p1a: Edgy maligno|Chilly Reception|p1a: Edgy maligno\n|-weather|Snow\n|\n|t:|1699750140\n|switch|p1a: Swampert turn 1|Rillaboom, F|72\/100|[from] Chilly Reception\n|-fieldstart|move: Grassy Terrain|[from] ability: Grassy Surge|[of] p1a: Swampert turn 1\n|\n|-weather|Snow|[upkeep]\n|-heal|p1a: Swampert turn 1|78\/100|[from] Grassy Terrain\n|-heal|p2a: Hatterene|50\/100|[from] Grassy Terrain\n|-heal|p2a: Hatterene|56\/100|[from] item: Leftovers\n|upkeep\n|turn|35\n|\n|t:|1699750145\n|-terastallize|p2a: Hatterene|Flying\n|move|p1a: Swampert turn 1|Grassy Glide|p2a: Hatterene\n|-resisted|p2a: Hatterene\n|-damage|p2a: Hatterene|31\/100\n|move|p2a: Hatterene|Draining Kiss|p1a: Swampert turn 1\n|-damage|p1a: Swampert turn 1|5\/100\n|-heal|p2a: Hatterene|90\/100|[from] drain|[of] p1a: Swampert turn 1\n|\n|-weather|Snow|[upkeep]\n|-heal|p1a: Swampert turn 1|11\/100|[from] Grassy Terrain\n|-heal|p2a: Hatterene|96\/100|[from] item: Leftovers\n|upkeep\n|turn|36\n|\n|t:|1699750155\n|move|p1a: Swampert turn 1|Grassy Glide|p2a: Hatterene\n|-resisted|p2a: Hatterene\n|-damage|p2a: Hatterene|72\/100\n|move|p2a: Hatterene|Calm Mind|p2a: Hatterene\n|-boost|p2a: Hatterene|spa|1\n|-boost|p2a: Hatterene|spd|1\n|\n|-weather|Snow|[upkeep]\n|-heal|p1a: Swampert turn 1|17\/100|[from] Grassy Terrain\n|-heal|p2a: Hatterene|78\/100|[from] item: Leftovers\n|upkeep\n|turn|37\n|\n|t:|1699750159\n|switch|p1a: Edgy maligno|Slowking-Galar, F|86\/100\n|move|p2a: Hatterene|Draining Kiss|p1a: Edgy maligno\n|-resisted|p1a: Edgy maligno\n|-damage|p1a: Edgy maligno|61\/100\n|-heal|p2a: Hatterene|100\/100|[from] drain|[of] p1a: Edgy maligno\n|\n|-weather|Snow|[upkeep]\n|-heal|p1a: Edgy maligno|67\/100|[from] Grassy Terrain\n|upkeep\n|turn|38\n|\n|t:|1699750162\n|switch|p1a: Swampert turn 1|Rillaboom, F|17\/100\n|move|p2a: Hatterene|Psyshock|p1a: Swampert turn 1\n|-damage|p1a: Swampert turn 1|0 fnt\n|faint|p1a: Swampert turn 1\n|\n|-weather|none\n|-fieldend|move: Grassy Terrain\n|upkeep\n|\n|t:|1699750164\n|switch|p1a: Edgynitta|Milotic, M|70\/100\n|turn|39\n|\n|t:|1699750167\n|move|p1a: Edgynitta|Haze|p1a: Edgynitta\n|-clearallboost\n|move|p2a: Hatterene|Psyshock|p1a: Edgynitta\n|-damage|p1a: Edgynitta|31\/100\n|\n|upkeep\n|turn|40\n|\n|t:|1699750171\n|move|p1a: Edgynitta|Scald|p2a: Hatterene\n|-damage|p2a: Hatterene|74\/100\n|-status|p2a: Hatterene|brn\n|move|p2a: Hatterene|Calm Mind|p2a: Hatterene\n|-boost|p2a: Hatterene|spa|1\n|-boost|p2a: Hatterene|spd|1\n|\n|-heal|p2a: Hatterene|80\/100 brn|[from] item: Leftovers\n|-damage|p2a: Hatterene|74\/100 brn|[from] brn\n|upkeep\n|turn|41\n|\n|t:|1699750174\n|move|p1a: Edgynitta|Recover|p1a: Edgynitta\n|-heal|p1a: Edgynitta|81\/100\n|move|p2a: Hatterene|Psyshock|p1a: Edgynitta\n|-damage|p1a: Edgynitta|29\/100\n|\n|-heal|p2a: Hatterene|80\/100 brn|[from] item: Leftovers\n|-damage|p2a: Hatterene|74\/100 brn|[from] brn\n|upkeep\n|turn|42\n|\n|t:|1699750181\n|move|p1a: Edgynitta|Haze|p1a: Edgynitta\n|-clearallboost\n|move|p2a: Hatterene|Psyshock|p1a: Edgynitta\n|-damage|p1a: Edgynitta|0 fnt\n|faint|p1a: Edgynitta\n|\n|-heal|p2a: Hatterene|80\/100 brn|[from] item: Leftovers\n|-damage|p2a: Hatterene|74\/100 brn|[from] brn\n|upkeep\n|\n|t:|1699750185\n|switch|p1a: Edgy no PS|Kingambit, M|100\/100\n|-activate|p1a: Edgy no PS|ability: Supreme Overlord\n|-start|p1a: Edgy no PS|fallen2|[silent]\n|turn|43\n|\n|t:|1699750190\n|switch|p2a: Moltres|Moltres|100\/100\n|move|p1a: Edgy no PS|Swords Dance|p1a: Edgy no PS\n|-boost|p1a: Edgy no PS|atk|2\n|\n|upkeep\n|turn|44\n|\n|t:|1699750196\n|-end|p1a: Edgy no PS|fallen2|[silent]\n|switch|p1a: Edgy maligno|Slowking-Galar, F|99\/100\n|move|p2a: Moltres|Will-O-Wisp|p1a: Edgy maligno\n|-status|p1a: Edgy maligno|brn\n|\n|-damage|p1a: Edgy maligno|94\/100 brn|[from] brn\n|upkeep\n|turn|45\n|\n|t:|1699750203\n|switch|p2a: Gholdengo|Gholdengo|67\/100\n|-damage|p2a: Gholdengo|61\/100|[from] Stealth Rock\n|move|p1a: Edgy maligno|Sludge Bomb|p2a: Gholdengo\n|-immune|p2a: Gholdengo\n|\n|-damage|p1a: Edgy maligno|88\/100 brn|[from] brn\n|upkeep\n|turn|46\n|\n|t:|1699750208\n|move|p2a: Gholdengo|Make It Rain|p1a: Edgy maligno\n|-damage|p1a: Edgy maligno|18\/100 brn\n|-unboost|p2a: Gholdengo|spa|1\n|move|p1a: Edgy maligno|Chilly Reception|p1a: Edgy maligno\n|-weather|Snow\n|\n|t:|1699750209\n|switch|p1a: Edgy no PS|Kingambit, M|100\/100|[from] Chilly Reception\n|-activate|p1a: Edgy no PS|ability: Supreme Overlord\n|-start|p1a: Edgy no PS|fallen2|[silent]\n|\n|-weather|Snow|[upkeep]\n|upkeep\n|turn|47\n|\n|t:|1699750217\n|switch|p2a: Moltres|Moltres|100\/100\n|-end|p1a: Edgy no PS|fallen2|[silent]\n|switch|p1a: Edgy maligno|Slowking-Galar, F|51\/100 brn\n|\n|-weather|Snow|[upkeep]\n|-damage|p1a: Edgy maligno|45\/100 brn|[from] brn\n|upkeep\n|turn|48\n|\n|t:|1699750222\n|switch|p2a: Gholdengo|Gholdengo|61\/100\n|-damage|p2a: Gholdengo|55\/100|[from] Stealth Rock\n|move|p1a: Edgy maligno|Chilly Reception|p1a: Edgy maligno\n|\n|t:|1699750225\n|switch|p1a: Edgy no PS|Kingambit, M|100\/100|[from] Chilly Reception\n|-activate|p1a: Edgy no PS|ability: Supreme Overlord\n|-start|p1a: Edgy no PS|fallen2|[silent]\n|\n|-weather|Snow|[upkeep]\n|upkeep\n|turn|49\n|\n|t:|1699750227\n|-end|p1a: Edgy no PS|fallen2|[silent]\n|switch|p1a: Edgy shepado|Great Tusk|100\/100\n|move|p2a: Gholdengo|Focus Blast|p1a: Edgy shepado|[miss]\n|-miss|p2a: Gholdengo|p1a: Edgy shepado\n|\n|-weather|Snow|[upkeep]\n|upkeep\n|turn|50\n|\n|t:|1699750244\n|switch|p2a: Moltres|Moltres|100\/100\n|move|p1a: Edgy shepado|Ice Spinner|p2a: Moltres\n|-damage|p2a: Moltres|81\/100\n|\n|-weather|none\n|upkeep\n|turn|51\n|\n|t:|1699750254\n|-end|p1a: Edgy shepado|Protosynthesis|[silent]\n|switch|p1a: Edgy maligno|Slowking-Galar, F|78\/100 brn\n|move|p2a: Moltres|Hurricane|p1a: Edgy maligno|[miss]\n|-miss|p2a: Moltres|p1a: Edgy maligno\n|\n|-damage|p1a: Edgy maligno|72\/100 brn|[from] brn\n|upkeep\n|turn|52\n|\n|t:|1699750263\n|move|p2a: Moltres|Hurricane|p1a: Edgy maligno|[miss]\n|-miss|p2a: Moltres|p1a: Edgy maligno\n|move|p1a: Edgy maligno|Ice Beam|p2a: Moltres\n|-damage|p2a: Moltres|58\/100\n|\n|-damage|p1a: Edgy maligno|66\/100 brn|[from] brn\n|upkeep\n|turn|53\n|\n|t:|1699750265\n|move|p2a: Moltres|Roost|p2a: Moltres\n|-heal|p2a: Moltres|100\/100\n|-singleturn|p2a: Moltres|move: Roost\n|move|p1a: Edgy maligno|Sludge Bomb|p2a: Moltres\n|-damage|p2a: Moltres|67\/100\n|\n|-damage|p1a: Edgy maligno|60\/100 brn|[from] brn\n|upkeep\n|turn|54\n|\n|t:|1699750270\n|switch|p2a: Gholdengo|Gholdengo|55\/100\n|-damage|p2a: Gholdengo|49\/100|[from] Stealth Rock\n|move|p1a: Edgy maligno|Sludge Bomb|p2a: Gholdengo\n|-immune|p2a: Gholdengo\n|\n|-damage|p1a: Edgy maligno|54\/100 brn|[from] brn\n|upkeep\n|turn|55\n|\n|t:|1699750276\n|move|p2a: Gholdengo|Shadow Ball|p1a: Edgy maligno\n|-supereffective|p1a: Edgy maligno\n|-damage|p1a: Edgy maligno|0 fnt\n|faint|p1a: Edgy maligno\n|\n|upkeep\n|\n|t:|1699750278\n|switch|p1a: Edgy no PS|Kingambit, M|100\/100\n|-activate|p1a: Edgy no PS|ability: Supreme Overlord\n|-start|p1a: Edgy no PS|fallen3|[silent]\n|turn|56\n|\n|t:|1699750287\n|switch|p2a: Ting-Lu|Ting-Lu|72\/100\n|-damage|p2a: Ting-Lu|66\/100|[from] Stealth Rock\n|-ability|p2a: Ting-Lu|Vessel of Ruin\n|move|p1a: Edgy no PS|Kowtow Cleave|p2a: Ting-Lu\n|-resisted|p2a: Ting-Lu\n|-damage|p2a: Ting-Lu|49\/100\n|\n|-heal|p2a: Ting-Lu|56\/100|[from] item: Leftovers\n|upkeep\n|turn|57\n|\n|t:|1699750292\n|move|p1a: Edgy no PS|Swords Dance|p1a: Edgy no PS\n|-boost|p1a: Edgy no PS|atk|2\n|move|p2a: Ting-Lu|Earthquake|p1a: Edgy no PS\n|-supereffective|p1a: Edgy no PS\n|-damage|p1a: Edgy no PS|38\/100\n|\n|-heal|p1a: Edgy no PS|44\/100|[from] item: Leftovers\n|-heal|p2a: Ting-Lu|62\/100|[from] item: Leftovers\n|upkeep\n|turn|58\n|\n|t:|1699750294\n|move|p1a: Edgy no PS|Iron Head|p2a: Ting-Lu\n|-damage|p2a: Ting-Lu|0 fnt\n|faint|p2a: Ting-Lu\n|\n|-heal|p1a: Edgy no PS|51\/100|[from] item: Leftovers\n|upkeep\n|\n|t:|1699750301\n|switch|p2a: Moltres|Moltres|67\/100\n|turn|59\n|\n|t:|1699750308\n|-terastallize|p1a: Edgy no PS|Flying\n|move|p2a: Moltres|Will-O-Wisp|p1a: Edgy no PS\n|-status|p1a: Edgy no PS|brn\n|move|p1a: Edgy no PS|Kowtow Cleave|p2a: Moltres\n|-damage|p2a: Moltres|24\/100\n|\n|-heal|p1a: Edgy no PS|57\/100 brn|[from] item: Leftovers\n|-damage|p1a: Edgy no PS|51\/100 brn|[from] brn\n|upkeep\n|turn|60\n|\n|t:|1699750314\n|move|p2a: Moltres|Roost|p2a: Moltres\n|-heal|p2a: Moltres|74\/100\n|-singleturn|p2a: Moltres|move: Roost\n|move|p1a: Edgy no PS|Swords Dance|p1a: Edgy no PS\n|-boost|p1a: Edgy no PS|atk|2\n|\n|-heal|p1a: Edgy no PS|57\/100 brn|[from] item: Leftovers\n|-damage|p1a: Edgy no PS|51\/100 brn|[from] brn\n|upkeep\n|turn|61\n|\n|t:|1699750320\n|move|p2a: Moltres|Flamethrower|p1a: Edgy no PS\n|-damage|p1a: Edgy no PS|6\/100 brn\n|move|p1a: Edgy no PS|Kowtow Cleave|p2a: Moltres\n|-damage|p2a: Moltres|1\/100\n|\n|-heal|p1a: Edgy no PS|13\/100 brn|[from] item: Leftovers\n|-damage|p1a: Edgy no PS|6\/100 brn|[from] brn\n|upkeep\n|turn|62\n|\n|t:|1699750329\n|move|p2a: Moltres|Roost|p2a: Moltres\n|-heal|p2a: Moltres|51\/100\n|-singleturn|p2a: Moltres|move: Roost\n|move|p1a: Edgy no PS|Kowtow Cleave|p2a: Moltres\n|-damage|p2a: Moltres|0 fnt\n|faint|p2a: Moltres\n|\n|-heal|p1a: Edgy no PS|13\/100 brn|[from] item: Leftovers\n|-damage|p1a: Edgy no PS|6\/100 brn|[from] brn\n|upkeep\n|\n|t:|1699750352\n|switch|p2a: Ogerpon|Ogerpon-Wellspring, F|100\/100\n|-damage|p2a: Ogerpon|88\/100|[from] Stealth Rock\n|turn|63\n|\n|t:|1699750356\n|move|p1a: Edgy no PS|Sucker Punch|p2a: Ogerpon\n|-damage|p2a: Ogerpon|0 fnt\n|faint|p2a: Ogerpon\n|\n|-heal|p1a: Edgy no PS|13\/100 brn|[from] item: Leftovers\n|-damage|p1a: Edgy no PS|6\/100 brn|[from] brn\n|upkeep\n|\n|t:|1699750362\n|switch|p2a: Gholdengo|Gholdengo|49\/100\n|-damage|p2a: Gholdengo|43\/100|[from] Stealth Rock\n|turn|64\n|\n|t:|1699750369\n|move|p2a: Gholdengo|Shadow Ball|p1a: Edgy no PS\n|-damage|p1a: Edgy no PS|0 fnt\n|faint|p1a: Edgy no PS\n|-end|p1a: Edgy no PS|fallen3|[silent]\n|\n|upkeep\n|\n|t:|1699750371\n|switch|p1a: Edgy da cantina|Clefable, F|80\/100\n|turn|65\n|\n|t:|1699750374\n|move|p1a: Edgy da cantina|Protect|p1a: Edgy da cantina\n|-singleturn|p1a: Edgy da cantina|Protect\n|move|p2a: Gholdengo|Shadow Ball|p1a: Edgy da cantina\n|-activate|p1a: Edgy da cantina|move: Protect\n|\n|-heal|p1a: Edgy da cantina|86\/100|[from] item: Leftovers\n|upkeep\n|turn|66\n|\n|t:|1699750378\n|move|p2a: Gholdengo|Shadow Ball|p1a: Edgy da cantina\n|-damage|p1a: Edgy da cantina|27\/100\n|move|p1a: Edgy da cantina|Wish|p1a: Edgy da cantina\n|\n|-heal|p1a: Edgy da cantina|33\/100|[from] item: Leftovers\n|upkeep\n|turn|67\n|\n|t:|1699750381\n|move|p1a: Edgy da cantina|Protect|p1a: Edgy da cantina\n|-singleturn|p1a: Edgy da cantina|Protect\n|move|p2a: Gholdengo|Shadow Ball|p1a: Edgy da cantina\n|-activate|p1a: Edgy da cantina|move: Protect\n|\n|-heal|p1a: Edgy da cantina|83\/100|[from] move: Wish|[wisher] Edgy da cantina\n|-heal|p1a: Edgy da cantina|89\/100|[from] item: Leftovers\n|upkeep\n|turn|68\n|c|\u2606NaokiS2|Gg\n|\n|t:|1699750386\n|switch|p2a: Hatterene|Hatterene, F, tera:Flying|74\/100 brn\n|-damage|p2a: Hatterene|49\/100 brn|[from] Stealth Rock\n|move|p1a: Edgy da cantina|Wish|p1a: Edgy da cantina\n|\n|-heal|p1a: Edgy da cantina|95\/100|[from] item: Leftovers\n|-heal|p2a: Hatterene|55\/100 brn|[from] item: Leftovers\n|-damage|p2a: Hatterene|49\/100 brn|[from] brn\n|upkeep\n|turn|69\n|\n|t:|1699750389\n|switch|p1a: Edgy shepado|Great Tusk|100\/100\n|move|p2a: Hatterene|Calm Mind|p2a: Hatterene\n|-boost|p2a: Hatterene|spa|1\n|-boost|p2a: Hatterene|spd|1\n|\n|-heal|p2a: Hatterene|55\/100 brn|[from] item: Leftovers\n|-damage|p2a: Hatterene|49\/100 brn|[from] brn\n|upkeep\n|turn|70\n|\n|t:|1699750392\n|move|p1a: Edgy shepado|Ice Spinner|p2a: Hatterene\n|-supereffective|p2a: Hatterene\n|-damage|p2a: Hatterene|1\/100 brn\n|move|p2a: Hatterene|Draining Kiss|p1a: Edgy shepado\n|-supereffective|p1a: Edgy shepado\n|-damage|p1a: Edgy shepado|0 fnt\n|-heal|p2a: Hatterene|89\/100 brn|[from] drain|[of] p1a: Edgy shepado\n|faint|p1a: Edgy shepado\n|-end|p1a: Edgy shepado|Protosynthesis|[silent]\n|\n|-heal|p2a: Hatterene|95\/100 brn|[from] item: Leftovers\n|-damage|p2a: Hatterene|89\/100 brn|[from] brn\n|upkeep\n|-message|NaokiS2 forfeited.\n|\n|win|Plutonium PT\n|l|\u2606NaokiS2\n","uploadtime":1699750399,"views":20,"p1id":"naokis2","p2id":"plutoniumpt","formatid":"gen9ou","rating":0,"private":0,"password":""}