{"id":"gen9ou-1993334103","p1":"Andrews Finn3","p2":"epongecarlatedf","format":"[Gen 9] OU","log":"|j|\u2606Andrews Finn3\n|j|\u2606epongecarlatedf\n|t:|1700300504\n|gametype|singles\n|player|p1|Andrews Finn3|steven|1123\n|player|p2|epongecarlatedf|266|1072\n|teamsize|p1|6\n|teamsize|p2|6\n|gen|9\n|tier|[Gen 9] OU\n|rated|\n|rule|Sleep Clause Mod: Limit one foe put to sleep\n|rule|Species Clause: Limit one of each Pok\u00e9mon\n|rule|OHKO Clause: OHKO moves are banned\n|rule|Evasion Items Clause: Evasion items are banned\n|rule|Evasion Moves Clause: Evasion moves are banned\n|rule|Endless Battle Clause: Forcing endless battles is banned\n|rule|HP Percentage Mod: HP is shown in percentages\n|clearpoke\n|poke|p1|Alomomola, F|\n|poke|p1|Slowking-Galar, F|\n|poke|p1|Kingambit, F|\n|poke|p1|Great Tusk|\n|poke|p1|Cinderace, F|\n|poke|p1|Thundurus-Therian, M|\n|poke|p2|Glimmora, M|\n|poke|p2|Gholdengo|\n|poke|p2|Ogerpon-Wellspring, F|\n|poke|p2|Kingambit, F|\n|poke|p2|Iron Moth|\n|poke|p2|Enamorus, F|\n|teampreview\n|\n|t:|1700300512\n|start\n|switch|p1a: Great Tusk|Great Tusk|100\/100\n|switch|p2a: Glimmora|Glimmora, M|100\/100\n|turn|1\n|\n|t:|1700300526\n|move|p1a: Great Tusk|Stealth Rock|p2a: Glimmora\n|-sidestart|p2: epongecarlatedf|move: Stealth Rock\n|move|p2a: Glimmora|Energy Ball|p1a: Great Tusk\n|-supereffective|p1a: Great Tusk\n|-damage|p1a: Great Tusk|11\/100\n|-unboost|p1a: Great Tusk|spd|1\n|\n|upkeep\n|turn|2\n|\n|t:|1700300536\n|move|p1a: Great Tusk|Headlong Rush|p2a: Glimmora\n|-supereffective|p2a: Glimmora\n|-enditem|p2a: Glimmora|Focus Sash\n|-damage|p2a: Glimmora|1\/100\n|-unboost|p1a: Great Tusk|def|1\n|-unboost|p1a: Great Tusk|spd|1\n|-activate|p2a: Glimmora|ability: Toxic Debris\n|-sidestart|p1: Andrews Finn3|move: Toxic Spikes\n|move|p2a: Glimmora|Mortal Spin|p1a: Great Tusk\n|-resisted|p1a: Great Tusk\n|-damage|p1a: Great Tusk|8\/100\n|-status|p1a: Great Tusk|psn\n|-damage|p2a: Glimmora|0 fnt|[from] item: Rocky Helmet|[of] p1a: Great Tusk\n|faint|p2a: Glimmora\n|\n|-damage|p1a: Great Tusk|0 fnt|[from] psn\n|faint|p1a: Great Tusk\n|-end|p1a: Great Tusk|Protosynthesis|[silent]\n|upkeep\n|\n|t:|1700300557\n|switch|p1a: Slowking|Slowking-Galar, F|100\/100\n|switch|p2a: Enamorus|Enamorus, F|100\/100\n|-damage|p2a: Enamorus|76\/100|[from] Stealth Rock\n|-sideend|p1: Andrews Finn3|move: Toxic Spikes|[of] p1a: Slowking\n|turn|3\n|\n|t:|1700300565\n|move|p2a: Enamorus|Earth Power|p1a: Slowking\n|-supereffective|p1a: Slowking\n|-damage|p1a: Slowking|61\/100\n|move|p1a: Slowking|Sludge Bomb|p2a: Enamorus\n|-supereffective|p2a: Enamorus\n|-damage|p2a: Enamorus|0 fnt\n|faint|p2a: Enamorus\n|\n|upkeep\n|\n|t:|1700300572\n|switch|p2a: Ogerpon|Ogerpon-Wellspring, F|100\/100\n|-damage|p2a: Ogerpon|88\/100|[from] Stealth Rock\n|turn|4\n|\n|t:|1700300582\n|switch|p1a: Thundurus|Thundurus-Therian, M|100\/100\n|-terastallize|p2a: Ogerpon|Water\n|detailschange|p2a: Ogerpon|Ogerpon-Wellspring-Tera, F, tera:Water\n|-ability|p2a: Ogerpon|Embody Aspect (Wellspring)|boost\n|-boost|p2a: Ogerpon|spd|1\n|move|p2a: Ogerpon|Ivy Cudgel|p1a: Thundurus|[anim] Ivy Cudgel Water\n|-damage|p1a: Thundurus|0 fnt\n|faint|p1a: Thundurus\n|\n|upkeep\n|\n|t:|1700300620\n|switch|p1a: Cinderace|Cinderace, F|100\/100\n|turn|5\n|\n|t:|1700300635\n|-terastallize|p1a: Cinderace|Grass\n|move|p1a: Cinderace|Will-O-Wisp|p2a: Ogerpon\n|-status|p2a: Ogerpon|brn\n|move|p2a: Ogerpon|Ivy Cudgel|p1a: Cinderace|[anim] Ivy Cudgel Water\n|-resisted|p1a: Cinderace\n|-crit|p1a: Cinderace\n|-damage|p1a: Cinderace|59\/100\n|\n|-damage|p2a: Ogerpon|82\/100 brn|[from] brn\n|upkeep\n|turn|6\n|\n|t:|1700300645\n|move|p1a: Cinderace|U-turn|p2a: Ogerpon\n|-damage|p2a: Ogerpon|54\/100 brn\n|\n|t:|1700300650\n|switch|p1a: Alomomola|Alomomola, F|100\/100|[from] U-turn\n|move|p2a: Ogerpon|Encore||[still]\n|-fail|p2a: Ogerpon\n|\n|-damage|p2a: Ogerpon|48\/100 brn|[from] brn\n|upkeep\n|turn|7\n|\n|t:|1700300660\n|move|p2a: Ogerpon|Swords Dance|p2a: Ogerpon\n|-boost|p2a: Ogerpon|atk|2\n|move|p1a: Alomomola|Wish|p1a: Alomomola\n|\n|-damage|p2a: Ogerpon|42\/100 brn|[from] brn\n|upkeep\n|turn|8\n|\n|t:|1700300666\n|switch|p1a: Cinderace|Cinderace, F, tera:Grass|59\/100\n|move|p2a: Ogerpon|Power Whip|p1a: Cinderace|[miss]\n|-miss|p2a: Ogerpon|p1a: Cinderace\n|\n|-heal|p1a: Cinderace|100\/100|[from] move: Wish|[wisher] Alomomola\n|-damage|p2a: Ogerpon|36\/100 brn|[from] brn\n|upkeep\n|turn|9\n|\n|t:|1700300679\n|move|p1a: Cinderace|Pyro Ball|p2a: Ogerpon\n|-resisted|p2a: Ogerpon\n|-damage|p2a: Ogerpon|0 fnt\n|faint|p2a: Ogerpon\n|\n|upkeep\n|\n|t:|1700300686\n|switch|p2a: Iron Moth|Iron Moth|100\/100\n|-damage|p2a: Iron Moth|76\/100|[from] Stealth Rock\n|-enditem|p2a: Iron Moth|Booster Energy\n|-activate|p2a: Iron Moth|ability: Quark Drive|[fromitem]\n|-start|p2a: Iron Moth|quarkdrivespe\n|turn|10\n|\n|t:|1700300711\n|switch|p1a: Slowking|Slowking-Galar, F|94\/100\n|move|p2a: Iron Moth|Fiery Dance|p1a: Slowking\n|-damage|p1a: Slowking|71\/100\n|\n|upkeep\n|turn|11\n|\n|t:|1700300723\n|move|p2a: Iron Moth|Fiery Dance|p1a: Slowking\n|-damage|p1a: Slowking|47\/100\n|move|p1a: Slowking|Future Sight|p2a: Iron Moth\n|-start|p1a: Slowking|move: Future Sight\n|\n|upkeep\n|turn|12\n|\n|t:|1700300730\n|move|p2a: Iron Moth|Fiery Dance|p1a: Slowking\n|-damage|p1a: Slowking|21\/100\n|-boost|p2a: Iron Moth|spa|1\n|move|p1a: Slowking|Chilly Reception|p1a: Slowking\n|-weather|Snow\n|\n|t:|1700300738\n|switch|p1a: Alomomola|Alomomola, F|100\/100|[from] Chilly Reception\n|\n|-weather|Snow|[upkeep]\n|upkeep\n|turn|13\n|\n|t:|1700300744\n|switch|p1a: Slowking|Slowking-Galar, F|54\/100\n|move|p2a: Iron Moth|Substitute|p2a: Iron Moth\n|-start|p2a: Iron Moth|Substitute\n|-damage|p2a: Iron Moth|51\/100\n|\n|-weather|Snow|[upkeep]\n|-end|p2a: Iron Moth|move: Future Sight\n|-supereffective|p2a: Iron Moth\n|-end|p2a: Iron Moth|Substitute\n|upkeep\n|turn|14\n|\n|t:|1700300760\n|move|p2a: Iron Moth|Fiery Dance|p1a: Slowking\n|-damage|p1a: Slowking|16\/100\n|move|p1a: Slowking|Chilly Reception|p1a: Slowking\n|\n|t:|1700300768\n|switch|p1a: Alomomola|Alomomola, F|100\/100|[from] Chilly Reception\n|\n|-weather|Snow|[upkeep]\n|upkeep\n|turn|15\n|\n|t:|1700300774\n|move|p2a: Iron Moth|Sludge Wave|p1a: Alomomola\n|-damage|p1a: Alomomola|35\/100\n|-enditem|p1a: Alomomola|Red Card|[of] p2a: Iron Moth\n|-end|p2a: Iron Moth|Quark Drive|[silent]\n|drag|p2a: Gholdengo|Gholdengo|100\/100\n|-damage|p2a: Gholdengo|94\/100|[from] Stealth Rock\n|-item|p2a: Gholdengo|Air Balloon\n|move|p1a: Alomomola|Flip Turn|p2a: Gholdengo\n|-damage|p2a: Gholdengo|75\/100\n|-enditem|p2a: Gholdengo|Air Balloon\n|\n|t:|1700300784\n|switch|p1a: Kingambit|Kingambit, F|100\/100|[from] Flip Turn\n|-activate|p1a: Kingambit|ability: Supreme Overlord\n|-start|p1a: Kingambit|fallen2|[silent]\n|\n|-weather|Snow|[upkeep]\n|upkeep\n|turn|16\n|\n|t:|1700300792\n|move|p2a: Gholdengo|Make It Rain|p1a: Kingambit\n|-resisted|p1a: Kingambit\n|-damage|p1a: Kingambit|69\/100\n|-unboost|p2a: Gholdengo|spa|1\n|move|p1a: Kingambit|Kowtow Cleave|p2a: Gholdengo\n|-supereffective|p2a: Gholdengo\n|-damage|p2a: Gholdengo|0 fnt\n|faint|p2a: Gholdengo\n|\n|-weather|none\n|-heal|p1a: Kingambit|75\/100|[from] item: Leftovers\n|upkeep\n|\n|t:|1700300804\n|switch|p2a: Iron Moth|Iron Moth|51\/100\n|-damage|p2a: Iron Moth|26\/100|[from] Stealth Rock\n|turn|17\n|\n|t:|1700300811\n|-end|p1a: Kingambit|fallen2|[silent]\n|switch|p1a: Alomomola|Alomomola, F|68\/100\n|move|p2a: Iron Moth|Fiery Dance|p1a: Alomomola\n|-resisted|p1a: Alomomola\n|-damage|p1a: Alomomola|49\/100\n|-boost|p2a: Iron Moth|spa|1\n|\n|upkeep\n|turn|18\n|\n|t:|1700300817\n|switch|p1a: Slowking|Slowking-Galar, F|50\/100\n|move|p2a: Iron Moth|Sludge Wave|p1a: Slowking\n|-resisted|p1a: Slowking\n|-damage|p1a: Slowking|29\/100\n|\n|upkeep\n|turn|19\n|\n|t:|1700300826\n|move|p2a: Iron Moth|Fiery Dance|p1a: Slowking\n|-damage|p1a: Slowking|0 fnt\n|-boost|p2a: Iron Moth|spa|1\n|faint|p1a: Slowking\n|\n|upkeep\n|\n|t:|1700300834\n|switch|p1a: Cinderace|Cinderace, F, tera:Grass|100\/100\n|turn|20\n|\n|t:|1700300846\n|move|p1a: Cinderace|U-turn|p2a: Iron Moth\n|-resisted|p2a: Iron Moth\n|-damage|p2a: Iron Moth|18\/100\n|\n|t:|1700300849\n|switch|p1a: Alomomola|Alomomola, F|82\/100|[from] U-turn\n|move|p2a: Iron Moth|Sludge Wave|p1a: Alomomola\n|-damage|p1a: Alomomola|0 fnt\n|faint|p1a: Alomomola\n|\n|upkeep\n|\n|t:|1700300856\n|switch|p1a: Kingambit|Kingambit, F|75\/100\n|-activate|p1a: Kingambit|ability: Supreme Overlord\n|-start|p1a: Kingambit|fallen4|[silent]\n|turn|21\n|\n|t:|1700300863\n|move|p1a: Kingambit|Sucker Punch||[still]\n|-fail|p1a: Kingambit\n|move|p2a: Iron Moth|Substitute|p2a: Iron Moth\n|-fail|p2a: Iron Moth|move: Substitute|[weak]\n|\n|-heal|p1a: Kingambit|81\/100|[from] item: Leftovers\n|upkeep\n|turn|22\n|\n|t:|1700300869\n|move|p1a: Kingambit|Sucker Punch|p2a: Iron Moth\n|-damage|p2a: Iron Moth|0 fnt\n|faint|p2a: Iron Moth\n|-end|p2a: Iron Moth|Quark Drive|[silent]\n|\n|-heal|p1a: Kingambit|87\/100|[from] item: Leftovers\n|upkeep\n|\n|t:|1700300872\n|switch|p2a: Kingambit|Kingambit, F|100\/100\n|-damage|p2a: Kingambit|94\/100|[from] Stealth Rock\n|-activate|p2a: Kingambit|ability: Supreme Overlord\n|-start|p2a: Kingambit|fallen5|[silent]\n|turn|23\n|\n|t:|1700300883\n|move|p2a: Kingambit|Swords Dance|p2a: Kingambit\n|-boost|p2a: Kingambit|atk|2\n|move|p1a: Kingambit|Swords Dance|p1a: Kingambit\n|-boost|p1a: Kingambit|atk|2\n|\n|-heal|p1a: Kingambit|94\/100|[from] item: Leftovers\n|upkeep\n|turn|24\n|\n|t:|1700300916\n|move|p2a: Kingambit|Kowtow Cleave|p1a: Kingambit\n|-resisted|p1a: Kingambit\n|-damage|p1a: Kingambit|26\/100\n|move|p1a: Kingambit|Kowtow Cleave|p2a: Kingambit\n|-resisted|p2a: Kingambit\n|-damage|p2a: Kingambit|39\/100\n|\n|-heal|p1a: Kingambit|32\/100|[from] item: Leftovers\n|upkeep\n|turn|25\n|\n|t:|1700300926\n|move|p1a: Kingambit|Sucker Punch|p2a: Kingambit\n|-resisted|p2a: Kingambit\n|-damage|p2a: Kingambit|0 fnt\n|faint|p2a: Kingambit\n|-end|p2a: Kingambit|fallen5|[silent]\n|\n|win|Andrews Finn3\n|raw|Andrews Finn3's rating: 1150 &rarr; <strong>1169<\/strong><br \/>(+19 for winning)\n|raw|epongecarlatedf's rating: 1072 &rarr; <strong>1056<\/strong><br \/>(-16 for losing)\n|l|\u2606epongecarlatedf\n","uploadtime":1700300943,"views":10,"p1id":"andrewsfinn3","p2id":"epongecarlatedf","formatid":"gen9ou","rating":1056,"private":0,"password":""}