{"id":"gen9ou-1991095881","p1":"mono suds","p2":"Dc12345","format":"[Gen 9] OU","log":"|j|\u2606mono suds\n|j|\u2606Dc12345\n|t:|1700042197\n|gametype|singles\n|player|p1|mono suds|supernerd|1053\n|player|p2|Dc12345|cynthia-gen4|1082\n|teamsize|p1|6\n|teamsize|p2|6\n|gen|9\n|tier|[Gen 9] OU\n|rated|\n|rule|Sleep Clause Mod: Limit one foe put to sleep\n|rule|Species Clause: Limit one of each Pok\u00e9mon\n|rule|OHKO Clause: OHKO moves are banned\n|rule|Evasion Items Clause: Evasion items are banned\n|rule|Evasion Moves Clause: Evasion moves are banned\n|rule|Endless Battle Clause: Forcing endless battles is banned\n|rule|HP Percentage Mod: HP is shown in percentages\n|clearpoke\n|poke|p1|Klefki, F|\n|poke|p1|Jirachi|\n|poke|p1|Garganacl, F|\n|poke|p1|Slowking-Galar, M|\n|poke|p1|Ogerpon, F|\n|poke|p1|Great Tusk|\n|poke|p2|Ogerpon-Wellspring, F|\n|poke|p2|Iron Moth|\n|poke|p2|Toxapex, F|\n|poke|p2|Ting-Lu|\n|poke|p2|Chesnaught, M|\n|poke|p2|Slowking, F|\n|teampreview\n|inactive|Battle timer is ON: inactive players will automatically lose when time's up. (requested by mono suds)\n|\n|t:|1700042205\n|start\n|switch|p1a: Jirachi|Jirachi|100\/100\n|switch|p2a: Ting-Lu|Ting-Lu|100\/100\n|-ability|p2a: Ting-Lu|Vessel of Ruin\n|turn|1\n|\n|t:|1700042214\n|move|p1a: Jirachi|Trick|p2a: Ting-Lu\n|-activate|p1a: Jirachi|move: Trick|[of] p2a: Ting-Lu\n|-item|p2a: Ting-Lu|Choice Scarf|[from] move: Trick\n|-item|p1a: Jirachi|Leftovers|[from] move: Trick\n|move|p2a: Ting-Lu|Spikes|p1a: Jirachi\n|-sidestart|p1: mono suds|Spikes\n|\n|upkeep\n|turn|2\n|\n|t:|1700042225\n|move|p1a: Jirachi|U-turn|p2a: Ting-Lu\n|-supereffective|p2a: Ting-Lu\n|-damage|p2a: Ting-Lu|81\/100\n|\n|t:|1700042228\n|switch|p1a: Great Tusk|Great Tusk|100\/100|[from] U-turn\n|move|p2a: Ting-Lu|Spikes|p1a: Great Tusk\n|-sidestart|p1: mono suds|Spikes\n|\n|upkeep\n|turn|3\n|\n|t:|1700042242\n|switch|p2a: Slowking|Slowking, F|100\/100\n|move|p1a: Great Tusk|Rapid Spin|p2a: Slowking\n|-damage|p2a: Slowking|83\/100\n|-boost|p1a: Great Tusk|spe|1\n|-sideend|p1: mono suds|Spikes|[from] move: Rapid Spin|[of] p1a: Great Tusk\n|\n|upkeep\n|turn|4\n|inactive|Dc12345 has 120 seconds left.\n|\n|t:|1700042278\n|move|p1a: Great Tusk|Knock Off|p2a: Slowking\n|-supereffective|p2a: Slowking\n|-damage|p2a: Slowking|14\/100\n|-enditem|p2a: Slowking|Wiki Berry|[from] move: Knock Off|[of] p1a: Great Tusk\n|move|p2a: Slowking|Ice Beam|p1a: Great Tusk\n|-supereffective|p1a: Great Tusk\n|-damage|p1a: Great Tusk|26\/100\n|\n|upkeep\n|turn|5\n|inactive|Dc12345 has 120 seconds left.\n|\n|t:|1700042296\n|switch|p2a: Ting-Lu|Ting-Lu|81\/100\n|-ability|p2a: Ting-Lu|Vessel of Ruin\n|move|p1a: Great Tusk|Knock Off|p2a: Ting-Lu\n|-resisted|p2a: Ting-Lu\n|-damage|p2a: Ting-Lu|72\/100\n|-enditem|p2a: Ting-Lu|Choice Scarf|[from] move: Knock Off|[of] p1a: Great Tusk\n|\n|upkeep\n|turn|6\n|inactive|Dc12345 has 120 seconds left.\n|\n|t:|1700042306\n|move|p1a: Great Tusk|Close Combat|p2a: Ting-Lu\n|-supereffective|p2a: Ting-Lu\n|-damage|p2a: Ting-Lu|10\/100\n|-unboost|p1a: Great Tusk|def|1\n|-unboost|p1a: Great Tusk|spd|1\n|move|p2a: Ting-Lu|Earthquake|p1a: Great Tusk\n|-damage|p1a: Great Tusk|0 fnt\n|faint|p1a: Great Tusk\n|-end|p1a: Great Tusk|Protosynthesis|[silent]\n|\n|upkeep\n|\n|t:|1700042310\n|switch|p1a: Klefki|Klefki, F|100\/100\n|turn|7\n|inactive|Dc12345 has 120 seconds left.\n|\n|t:|1700042322\n|move|p1a: Klefki|Fairy Lock|p1a: Klefki\n|-fieldactivate|move: Fairy Lock\n|move|p2a: Ting-Lu|Spikes|p1a: Klefki\n|-sidestart|p1: mono suds|Spikes\n|\n|upkeep\n|turn|8\n|\n|t:|1700042332\n|move|p1a: Klefki|Spikes|p2a: Ting-Lu\n|-sidestart|p2: Dc12345|Spikes\n|move|p2a: Ting-Lu|Stealth Rock|p1a: Klefki\n|-sidestart|p1: mono suds|move: Stealth Rock\n|\n|upkeep\n|turn|9\n|\n|t:|1700042338\n|move|p1a: Klefki|Fairy Lock|p1a: Klefki\n|-fieldactivate|move: Fairy Lock\n|move|p2a: Ting-Lu|Whirlwind|p1a: Klefki\n|drag|p1a: Ogerpon|Ogerpon, F|100\/100\n|\n|upkeep\n|turn|10\n|\n|t:|1700042347\n|move|p1a: Ogerpon|Ivy Cudgel|p2a: Ting-Lu\n|-supereffective|p2a: Ting-Lu\n|-damage|p2a: Ting-Lu|0 fnt\n|faint|p2a: Ting-Lu\n|\n|upkeep\n|\n|t:|1700042357\n|switch|p2a: Iron Moth|Iron Moth|100\/100\n|-damage|p2a: Iron Moth|88\/100|[from] Spikes\n|turn|11\n|\n|t:|1700042364\n|switch|p1a: Slowking|Slowking-Galar, M|100\/100\n|-damage|p1a: Slowking|88\/100|[from] Spikes\n|-damage|p1a: Slowking|76\/100|[from] Stealth Rock\n|move|p2a: Iron Moth|Fiery Dance|p1a: Slowking\n|-damage|p1a: Slowking|44\/100\n|\n|-heal|p1a: Slowking|50\/100|[from] item: Black Sludge\n|upkeep\n|turn|12\n|inactive|Dc12345 has 120 seconds left.\n|\n|t:|1700042407\n|-end|p2a: Iron Moth|Quark Drive|[silent]\n|switch|p2a: Slowking|Slowking, F|14\/100\n|-damage|p2a: Slowking|2\/100|[from] Spikes\n|move|p1a: Slowking|Future Sight|p2a: Slowking\n|-start|p1a: Slowking|move: Future Sight\n|\n|-heal|p1a: Slowking|56\/100|[from] item: Black Sludge\n|upkeep\n|turn|13\n|inactive|mono suds has 120 seconds left.\n|\n|t:|1700042450\n|move|p2a: Slowking|Foul Play|p1a: Slowking\n|-supereffective|p1a: Slowking\n|-damage|p1a: Slowking|38\/100\n|move|p1a: Slowking|Chilly Reception|p1a: Slowking\n|-weather|Snow\n|\n|t:|1700042463\n|switch|p1a: Ogerpon|Ogerpon, F|100\/100|[from] Chilly Reception\n|\n|-weather|Snow|[upkeep]\n|upkeep\n|turn|14\n|\n|t:|1700042479\n|switch|p2a: Iron Moth|Iron Moth|88\/100\n|-damage|p2a: Iron Moth|76\/100|[from] Spikes\n|move|p1a: Ogerpon|Swords Dance|p1a: Ogerpon\n|-boost|p1a: Ogerpon|atk|2\n|\n|-weather|Snow|[upkeep]\n|-end|p2a: Iron Moth|move: Future Sight\n|-supereffective|p2a: Iron Moth\n|-damage|p2a: Iron Moth|6\/100\n|upkeep\n|turn|15\n|inactive|mono suds has 120 seconds left.\n|\n|t:|1700042503\n|-terastallize|p1a: Ogerpon|Grass\n|detailschange|p1a: Ogerpon|Ogerpon-Teal-Tera, F, tera:Grass\n|-ability|p1a: Ogerpon|Embody Aspect (Teal)|boost\n|-boost|p1a: Ogerpon|spe|1\n|move|p1a: Ogerpon|Knock Off|p2a: Iron Moth\n|-damage|p2a: Iron Moth|0 fnt\n|-enditem|p2a: Iron Moth|Choice Scarf|[from] move: Knock Off|[of] p1a: Ogerpon\n|faint|p2a: Iron Moth\n|-end|p2a: Iron Moth|Quark Drive|[silent]\n|\n|-weather|Snow|[upkeep]\n|upkeep\n|\n|t:|1700042518\n|switch|p2a: Chesnaught|Chesnaught, M|100\/100\n|-damage|p2a: Chesnaught|88\/100|[from] Spikes\n|turn|16\n|\n|t:|1700042525\n|move|p1a: Ogerpon|Ivy Cudgel|p2a: Chesnaught\n|-resisted|p2a: Chesnaught\n|-damage|p2a: Chesnaught|42\/100\n|move|p2a: Chesnaught|Leech Seed|p1a: Ogerpon\n|-immune|p1a: Ogerpon\n|\n|-weather|Snow|[upkeep]\n|-heal|p2a: Chesnaught|48\/100|[from] item: Leftovers\n|upkeep\n|turn|17\n|inactive|mono suds has 120 seconds left.\n|\n|t:|1700042537\n|move|p2a: Chesnaught|Spiky Shield|p2a: Chesnaught\n|-singleturn|p2a: Chesnaught|move: Protect\n|move|p1a: Ogerpon|Swords Dance|p1a: Ogerpon\n|-boost|p1a: Ogerpon|atk|2\n|\n|-weather|none\n|-heal|p2a: Chesnaught|54\/100|[from] item: Leftovers\n|upkeep\n|turn|18\n|\n|t:|1700042546\n|move|p1a: Ogerpon|Ivy Cudgel|p2a: Chesnaught\n|-resisted|p2a: Chesnaught\n|-damage|p2a: Chesnaught|0 fnt\n|faint|p2a: Chesnaught\n|\n|upkeep\n|\n|t:|1700042552\n|switch|p2a: Ogerpon|Ogerpon-Wellspring, F|100\/100\n|-damage|p2a: Ogerpon|88\/100|[from] Spikes\n|turn|19\n|\n|t:|1700042558\n|move|p2a: Ogerpon|Spiky Shield|p2a: Ogerpon\n|-singleturn|p2a: Ogerpon|move: Protect\n|move|p1a: Ogerpon|Ivy Cudgel|p2a: Ogerpon\n|-activate|p2a: Ogerpon|move: Protect\n|\n|upkeep\n|turn|20\n|\n|t:|1700042568\n|switch|p2a: Toxapex|Toxapex, F|100\/100\n|-damage|p2a: Toxapex|88\/100|[from] Spikes\n|move|p1a: Ogerpon|Ivy Cudgel|p2a: Toxapex\n|-damage|p2a: Toxapex|0 fnt\n|faint|p2a: Toxapex\n|\n|upkeep\n|\n|t:|1700042578\n|switch|p2a: Slowking|Slowking, F|2\/100\n|-damage|p2a: Slowking|0 fnt|[from] Spikes\n|faint|p2a: Slowking\n|\n|t:|1700042583\n|switch|p2a: Ogerpon|Ogerpon-Wellspring, F|88\/100\n|-damage|p2a: Ogerpon|76\/100|[from] Spikes\n|turn|21\n|\n|t:|1700042600\n|move|p1a: Ogerpon|Ivy Cudgel|p2a: Ogerpon\n|-damage|p2a: Ogerpon|0 fnt\n|faint|p2a: Ogerpon\n|\n|win|mono suds\n|raw|mono suds's rating: 1053 &rarr; <strong>1088<\/strong><br \/>(+35 for winning)\n|raw|Dc12345's rating: 1082 &rarr; <strong>1058<\/strong><br \/>(-24 for losing)\n|l|\u2606Dc12345\n","uploadtime":1700042650,"views":19,"p1id":"monosuds","p2id":"dc12345","formatid":"gen9ou","rating":1058,"private":0,"password":""}