{"id":"gen9ou-1995913376","p1":"ziyi1117","p2":"SerasVSpectra","format":"[Gen 9] OU","log":"|j|\u2606ziyi1117\n|j|\u2606SerasVSpectra\n|t:|1700616740\n|gametype|singles\n|player|p1|ziyi1117|linebacker|1152\n|player|p2|SerasVSpectra|guitarist|1195\n|teamsize|p1|6\n|teamsize|p2|6\n|gen|9\n|tier|[Gen 9] OU\n|rated|\n|rule|Sleep Clause Mod: Limit one foe put to sleep\n|rule|Species Clause: Limit one of each Pok\u00e9mon\n|rule|OHKO Clause: OHKO moves are banned\n|rule|Evasion Items Clause: Evasion items are banned\n|rule|Evasion Moves Clause: Evasion moves are banned\n|rule|Endless Battle Clause: Forcing endless battles is banned\n|rule|HP Percentage Mod: HP is shown in percentages\n|clearpoke\n|poke|p1|Ninetales-Alola, F|\n|poke|p1|Cetitan, F|\n|poke|p1|Alomomola, F|\n|poke|p1|Clodsire, F|\n|poke|p1|Great Tusk|\n|poke|p1|Zapdos|\n|poke|p2|Scizor, F|\n|poke|p2|Masquerain, M|\n|poke|p2|Zoroark-Hisui, M|\n|poke|p2|Quaquaval, F|\n|poke|p2|Skeledirge, F|\n|poke|p2|Pawmot, F|\n|teampreview\n|\n|t:|1700616758\n|start\n|switch|p1a: Ninetales|Ninetales-Alola, F|100\/100\n|switch|p2a: Masquerain|Masquerain, M|100\/100\n|-weather|Snow|[from] ability: Snow Warning|[of] p1a: Ninetales\n|-ability|p2a: Masquerain|Intimidate|boost\n|-unboost|p1a: Ninetales|atk|1\n|turn|1\n|\n|t:|1700616772\n|move|p1a: Ninetales|Blizzard|p2a: Masquerain\n|-supereffective|p2a: Masquerain\n|-enditem|p2a: Masquerain|Focus Sash\n|-damage|p2a: Masquerain|1\/100\n|move|p2a: Masquerain|Sticky Web|p1a: Ninetales\n|-sidestart|p1: ziyi1117|move: Sticky Web\n|\n|-weather|Snow|[upkeep]\n|upkeep\n|turn|2\n|\n|t:|1700616782\n|move|p1a: Ninetales|Encore|p2a: Masquerain\n|-start|p2a: Masquerain|Encore\n|move|p2a: Masquerain|Sticky Web||[still]\n|-fail|p2a: Masquerain\n|\n|-weather|Snow|[upkeep]\n|upkeep\n|turn|3\n|\n|t:|1700616786\n|switch|p1a: Cetitan|Cetitan, F|100\/100\n|-activate|p1a: Cetitan|move: Sticky Web\n|-unboost|p1a: Cetitan|spe|1\n|switch|p2a: Scizor|Scizor, F, shiny|100\/100\n|\n|-weather|Snow|[upkeep]\n|upkeep\n|turn|4\n|\n|t:|1700616796\n|-terastallize|p1a: Cetitan|Electric\n|move|p1a: Cetitan|Belly Drum|p1a: Cetitan\n|-damage|p1a: Cetitan|51\/100\n|-setboost|p1a: Cetitan|atk|6|[from] move: Belly Drum\n|move|p2a: Scizor|Swords Dance|p2a: Scizor\n|-boost|p2a: Scizor|atk|2\n|\n|-weather|Snow|[upkeep]\n|upkeep\n|turn|5\n|\n|t:|1700616815\n|move|p1a: Cetitan|Earthquake|p2a: Scizor\n|-crit|p2a: Scizor\n|-damage|p2a: Scizor|0 fnt\n|faint|p2a: Scizor\n|\n|-weather|Snow|[upkeep]\n|upkeep\n|\n|t:|1700616819\n|switch|p2a: Masquerain|Masquerain, M|1\/100\n|-ability|p2a: Masquerain|Intimidate|boost\n|-unboost|p1a: Cetitan|atk|1\n|turn|6\n|\n|t:|1700616824\n|move|p1a: Cetitan|Tera Blast|p2a: Masquerain|[anim] Tera Blast Electric\n|-supereffective|p2a: Masquerain\n|-damage|p2a: Masquerain|0 fnt\n|faint|p2a: Masquerain\n|\n|-weather|Snow|[upkeep]\n|upkeep\n|\n|t:|1700616835\n|switch|p2a: Skeledirge|Skeledirge, F|100\/100\n|turn|7\n|\n|t:|1700616853\n|move|p1a: Cetitan|Earthquake|p2a: Skeledirge\n|-supereffective|p2a: Skeledirge\n|-damage|p2a: Skeledirge|0 fnt\n|faint|p2a: Skeledirge\n|\n|-weather|Snow|[upkeep]\n|upkeep\n|-message|SerasVSpectra forfeited.\n|\n|win|ziyi1117\n|raw|ziyi1117's rating: 1152 &rarr; <strong>1180<\/strong><br \/>(+28 for winning)\n|raw|SerasVSpectra's rating: 1195 &rarr; <strong>1167<\/strong><br \/>(-28 for losing)\n|l|\u2606SerasVSpectra\n","uploadtime":1700616875,"views":2,"p1id":"ziyi1117","p2id":"serasvspectra","formatid":"gen9ou","rating":1167,"private":0,"password":""}