{"id":"gen9ou-1995268278","p1":"AkiDes","p2":"LegendaryHeroTy","format":"[Gen 9] OU","log":"|j|\u2606AkiDes\n|j|\u2606LegendaryHeroTy\n|t:|1700544065\n|gametype|singles\n|player|p1|AkiDes|volkner|1085\n|player|p2|LegendaryHeroTy|lucas|1000\n|teamsize|p1|6\n|teamsize|p2|6\n|gen|9\n|tier|[Gen 9] OU\n|rated|\n|rule|Sleep Clause Mod: Limit one foe put to sleep\n|rule|Species Clause: Limit one of each Pok\u00e9mon\n|rule|OHKO Clause: OHKO moves are banned\n|rule|Evasion Items Clause: Evasion items are banned\n|rule|Evasion Moves Clause: Evasion moves are banned\n|rule|Endless Battle Clause: Forcing endless battles is banned\n|rule|HP Percentage Mod: HP is shown in percentages\n|clearpoke\n|poke|p1|Greninja-*, F|\n|poke|p1|Dragonite, F|\n|poke|p1|Cinderace, F|\n|poke|p1|Mandibuzz, F|\n|poke|p1|Jolteon, F|\n|poke|p1|Gengar, F|\n|poke|p2|Pelipper, M|\n|poke|p2|Ludicolo, M|\n|poke|p2|Toxicroak, F|\n|poke|p2|Politoed, M|\n|poke|p2|Toxapex, M|\n|poke|p2|Barraskewda, M|\n|teampreview\n|\n|t:|1700544094\n|start\n|switch|p1a: Clefable? ._.|Gengar, F|100\/100\n|switch|p2a: Politoed|Politoed, M|100\/100\n|-weather|RainDance|[from] ability: Drizzle|[of] p2a: Politoed\n|turn|1\n|c|\u2606AkiDes|:0\n|c|\u2606AkiDes|Semi monotype jajaja cool\n|\n|t:|1700544104\n|move|p1a: Clefable? ._.|Substitute|p1a: Clefable? ._.\n|-start|p1a: Clefable? ._.|Substitute\n|-damage|p1a: Clefable? ._.|76\/100\n|move|p2a: Politoed|Psychic|p1a: Clefable? ._.\n|-supereffective|p1a: Clefable? ._.\n|-end|p1a: Clefable? ._.|Substitute\n|\n|-weather|RainDance|[upkeep]\n|-heal|p1a: Clefable? ._.|82\/100|[from] item: Leftovers\n|upkeep\n|turn|2\n|\n|t:|1700544124\n|switch|p1a: Festin celestial|Mandibuzz, F|100\/100\n|switch|p2a: Barraskewda|Barraskewda, M|100\/100\n|\n|-weather|RainDance|[upkeep]\n|upkeep\n|turn|3\n|\n|t:|1700544142\n|move|p2a: Barraskewda|Psychic Fangs|p1a: Festin celestial\n|-immune|p1a: Festin celestial\n|move|p1a: Festin celestial|Foul Play|p2a: Barraskewda\n|-damage|p2a: Barraskewda|0 fnt\n|faint|p2a: Barraskewda\n|\n|-weather|RainDance|[upkeep]\n|upkeep\n|\n|t:|1700544171\n|switch|p2a: Toxicroak|Toxicroak, F|100\/100\n|turn|4\n|\n|t:|1700544177\n|move|p2a: Toxicroak|X-Scissor|p1a: Festin celestial\n|-damage|p1a: Festin celestial|79\/100\n|move|p1a: Festin celestial|Roost|p1a: Festin celestial\n|-heal|p1a: Festin celestial|100\/100\n|-singleturn|p1a: Festin celestial|move: Roost\n|\n|-weather|RainDance|[upkeep]\n|upkeep\n|turn|5\n|\n|t:|1700544210\n|switch|p2a: Politoed|Politoed, M|100\/100\n|move|p1a: Festin celestial|Foul Play|p2a: Politoed\n|-damage|p2a: Politoed|77\/100\n|\n|-weather|none\n|-heal|p2a: Politoed|83\/100|[from] item: Leftovers\n|upkeep\n|turn|6\n|\n|t:|1700544225\n|move|p1a: Festin celestial|Toxic|p2a: Politoed\n|-status|p2a: Politoed|tox\n|move|p2a: Politoed|Surf|p1a: Festin celestial\n|-damage|p1a: Festin celestial|72\/100\n|\n|-heal|p2a: Politoed|89\/100 tox|[from] item: Leftovers\n|-damage|p2a: Politoed|83\/100 tox|[from] psn\n|upkeep\n|turn|7\n|\n|t:|1700544236\n|switch|p1a: Jarcres|Jolteon, F|100\/100\n|move|p2a: Politoed|Earth Power|p1a: Jarcres\n|-supereffective|p1a: Jarcres\n|-damage|p1a: Jarcres|38\/100\n|\n|-heal|p2a: Politoed|89\/100 tox|[from] item: Leftovers\n|-damage|p2a: Politoed|77\/100 tox|[from] psn\n|upkeep\n|turn|8\n|\n|t:|1700544247\n|move|p1a: Jarcres|Volt Switch|p2a: Politoed\n|-supereffective|p2a: Politoed\n|-damage|p2a: Politoed|0 fnt\n|faint|p2a: Politoed\n|\n|t:|1700544253\n|switch|p1a: Clefable? ._.|Gengar, F|82\/100|[from] Volt Switch\n|\n|-heal|p1a: Clefable? ._.|88\/100|[from] item: Leftovers\n|upkeep\n|\n|t:|1700544268\n|switch|p2a: Toxicroak|Toxicroak, F|100\/100\n|turn|9\n|\n|t:|1700544290\n|move|p1a: Clefable? ._.|Substitute|p1a: Clefable? ._.\n|-start|p1a: Clefable? ._.|Substitute\n|-damage|p1a: Clefable? ._.|63\/100\n|move|p2a: Toxicroak|X-Scissor|p1a: Clefable? ._.\n|-resisted|p1a: Clefable? ._.\n|-activate|p1a: Clefable? ._.|move: Substitute|[damage]\n|\n|-heal|p1a: Clefable? ._.|69\/100|[from] item: Leftovers\n|upkeep\n|turn|10\n|\n|t:|1700544300\n|move|p1a: Clefable? ._.|Shadow Ball|p2a: Toxicroak\n|-damage|p2a: Toxicroak|40\/100\n|move|p2a: Toxicroak|X-Scissor|p1a: Clefable? ._.\n|-resisted|p1a: Clefable? ._.\n|-end|p1a: Clefable? ._.|Substitute\n|\n|-heal|p1a: Clefable? ._.|75\/100|[from] item: Leftovers\n|upkeep\n|turn|11\n|\n|t:|1700544312\n|move|p1a: Clefable? ._.|Shadow Ball|p2a: Toxicroak\n|-damage|p2a: Toxicroak|0 fnt\n|faint|p2a: Toxicroak\n|\n|-heal|p1a: Clefable? ._.|81\/100|[from] item: Leftovers\n|upkeep\n|\n|t:|1700544331\n|switch|p2a: Pelipper|Pelipper, M|100\/100\n|-weather|RainDance|[from] ability: Drizzle|[of] p2a: Pelipper\n|turn|12\n|\n|t:|1700544350\n|move|p1a: Clefable? ._.|Substitute|p1a: Clefable? ._.\n|-start|p1a: Clefable? ._.|Substitute\n|-damage|p1a: Clefable? ._.|56\/100\n|move|p2a: Pelipper|Hurricane|p1a: Clefable? ._.\n|-end|p1a: Clefable? ._.|Substitute\n|\n|-weather|RainDance|[upkeep]\n|-heal|p1a: Clefable? ._.|63\/100|[from] item: Leftovers\n|upkeep\n|turn|13\n|\n|t:|1700544389\n|move|p1a: Clefable? ._.|Substitute|p1a: Clefable? ._.\n|-start|p1a: Clefable? ._.|Substitute\n|-damage|p1a: Clefable? ._.|38\/100\n|move|p2a: Pelipper|Tailwind|p2a: Pelipper\n|-sidestart|p2: LegendaryHeroTy|move: Tailwind\n|\n|-weather|RainDance|[upkeep]\n|-heal|p1a: Clefable? ._.|44\/100|[from] item: Leftovers\n|upkeep\n|turn|14\n|\n|t:|1700544404\n|move|p1a: Clefable? ._.|Sludge Bomb|p2a: Pelipper\n|-damage|p2a: Pelipper|39\/100\n|move|p2a: Pelipper|Hurricane|p1a: Clefable? ._.\n|-end|p1a: Clefable? ._.|Substitute\n|\n|-weather|RainDance|[upkeep]\n|-heal|p1a: Clefable? ._.|50\/100|[from] item: Leftovers\n|-heal|p2a: Pelipper|45\/100|[from] item: Leftovers\n|upkeep\n|turn|15\n|\n|t:|1700544415\n|switch|p1a: Festin celestial|Mandibuzz, F|72\/100\n|move|p2a: Pelipper|U-turn|p1a: Festin celestial\n|-damage|p1a: Festin celestial|67\/100\n|\n|t:|1700544424\n|switch|p2a: Ludicolo|Ludicolo, M|100\/100|[from] U-turn\n|\n|-weather|RainDance|[upkeep]\n|upkeep\n|turn|16\n|\n|t:|1700544436\n|-terastallize|p2a: Ludicolo|Water\n|move|p2a: Ludicolo|Surf|p1a: Festin celestial\n|-damage|p1a: Festin celestial|0 fnt\n|faint|p1a: Festin celestial\n|\n|-weather|none\n|-sideend|p2: LegendaryHeroTy|move: Tailwind\n|upkeep\n|\n|t:|1700544449\n|switch|p1a: Jarcres|Jolteon, F|38\/100\n|turn|17\n|\n|t:|1700544456\n|move|p1a: Jarcres|Volt Switch|p2a: Ludicolo\n|-supereffective|p2a: Ludicolo\n|-damage|p2a: Ludicolo|0 fnt\n|faint|p2a: Ludicolo\n|\n|t:|1700544470\n|switch|p1a: Clefable? ._.|Gengar, F|50\/100|[from] Volt Switch\n|\n|-heal|p1a: Clefable? ._.|56\/100|[from] item: Leftovers\n|upkeep\n|\n|t:|1700544479\n|switch|p2a: Toxapex|Toxapex, M|100\/100\n|turn|18\n|\n|t:|1700544490\n|move|p1a: Clefable? ._.|Substitute|p1a: Clefable? ._.\n|-start|p1a: Clefable? ._.|Substitute\n|-damage|p1a: Clefable? ._.|31\/100\n|move|p2a: Toxapex|Ice Spinner|p1a: Clefable? ._.\n|-end|p1a: Clefable? ._.|Substitute\n|\n|-heal|p1a: Clefable? ._.|37\/100|[from] item: Leftovers\n|upkeep\n|turn|19\n|\n|t:|1700544504\n|move|p1a: Clefable? ._.|Substitute|p1a: Clefable? ._.\n|-start|p1a: Clefable? ._.|Substitute\n|-damage|p1a: Clefable? ._.|12\/100\n|move|p2a: Toxapex|Ice Spinner|p1a: Clefable? ._.\n|-end|p1a: Clefable? ._.|Substitute\n|\n|-heal|p1a: Clefable? ._.|19\/100|[from] item: Leftovers\n|upkeep\n|turn|20\n|\n|t:|1700544526\n|move|p1a: Clefable? ._.|Destiny Bond|p1a: Clefable? ._.\n|-singlemove|p1a: Clefable? ._.|Destiny Bond\n|move|p2a: Toxapex|Ice Spinner|p1a: Clefable? ._.\n|-damage|p1a: Clefable? ._.|0 fnt\n|faint|p1a: Clefable? ._.\n|-activate|p1a: Clefable? ._.|move: Destiny Bond\n|faint|p2a: Toxapex\n|\n|upkeep\n|\n|t:|1700544537\n|switch|p1a: Jarcres|Jolteon, F|38\/100\n|switch|p2a: Pelipper|Pelipper, M|45\/100\n|-weather|RainDance|[from] ability: Drizzle|[of] p2a: Pelipper\n|turn|21\n|\n|t:|1700544550\n|move|p1a: Jarcres|Volt Switch|p2a: Pelipper\n|-supereffective|p2a: Pelipper\n|-damage|p2a: Pelipper|0 fnt\n|faint|p2a: Pelipper\n|\n|win|AkiDes\n|raw|AkiDes's rating: 1085 &rarr; <strong>1106<\/strong><br \/>(+21 for winning)\n|raw|LegendaryHeroTy's rating: 1000 &rarr; <strong>1000<\/strong><br \/>(+0 for losing)\n|l|\u2606LegendaryHeroTy\n","uploadtime":1700544566,"views":2,"p1id":"akides","p2id":"legendaryheroty","formatid":"gen9ou","rating":1000,"private":0,"password":""}