{"id":"gen9ou-1996427815","p1":"RunkytheFunkyDunk","p2":"SuperDK09","format":"[Gen 9] OU","log":"|j|\u2606RunkytheFunkyDunk\n|j|\u2606SuperDK09\n|t:|1700681033\n|gametype|singles\n|player|p1|RunkytheFunkyDunk|266|1057\n|player|p2|SuperDK09|265|1025\n|teamsize|p1|6\n|teamsize|p2|6\n|gen|9\n|tier|[Gen 9] OU\n|rated|\n|rule|Sleep Clause Mod: Limit one foe put to sleep\n|rule|Species Clause: Limit one of each Pok\u00e9mon\n|rule|OHKO Clause: OHKO moves are banned\n|rule|Evasion Items Clause: Evasion items are banned\n|rule|Evasion Moves Clause: Evasion moves are banned\n|rule|Endless Battle Clause: Forcing endless battles is banned\n|rule|HP Percentage Mod: HP is shown in percentages\n|clearpoke\n|poke|p1|Dragapult, F|\n|poke|p1|Breloom, M|\n|poke|p1|Torkoal, F|\n|poke|p1|Clodsire, M|\n|poke|p1|Cloyster, F|\n|poke|p1|Heatran, F|\n|poke|p2|Ceruledge, M|\n|poke|p2|Garganacl, M|\n|poke|p2|Toxapex, F|\n|poke|p2|Rillaboom, M|\n|poke|p2|Grimmsnarl, M|\n|poke|p2|Kingambit, M|\n|teampreview\n|\n|t:|1700681045\n|start\n|switch|p1a: Torkoal|Torkoal, F, shiny|100\/100\n|switch|p2a: Ceruledge|Ceruledge, M|100\/100\n|-weather|SunnyDay|[from] ability: Drought|[of] p1a: Torkoal\n|turn|1\n|inactive|Battle timer is ON: inactive players will automatically lose when time's up. (requested by SuperDK09)\n|\n|t:|1700681072\n|move|p2a: Ceruledge|Destiny Bond|p2a: Ceruledge\n|-singlemove|p2a: Ceruledge|Destiny Bond\n|move|p1a: Torkoal|Ancient Power|p2a: Ceruledge\n|-supereffective|p2a: Ceruledge\n|-damage|p2a: Ceruledge|57\/100\n|\n|-weather|SunnyDay|[upkeep]\n|upkeep\n|turn|2\n|\n|t:|1700681083\n|move|p2a: Ceruledge|Bitter Blade|p1a: Torkoal\n|-resisted|p1a: Torkoal\n|-damage|p1a: Torkoal|63\/100\n|-heal|p2a: Ceruledge|74\/100|[from] drain|[of] p1a: Torkoal\n|move|p1a: Torkoal|Shell Smash|p1a: Torkoal\n|-unboost|p1a: Torkoal|def|1\n|-unboost|p1a: Torkoal|spd|1\n|-boost|p1a: Torkoal|atk|2\n|-boost|p1a: Torkoal|spa|2\n|-boost|p1a: Torkoal|spe|2\n|\n|-weather|SunnyDay|[upkeep]\n|upkeep\n|turn|3\n|\n|t:|1700681099\n|move|p2a: Ceruledge|Destiny Bond|p2a: Ceruledge\n|-singlemove|p2a: Ceruledge|Destiny Bond\n|move|p1a: Torkoal|Ancient Power|p2a: Ceruledge\n|-supereffective|p2a: Ceruledge\n|-damage|p2a: Ceruledge|0 fnt\n|faint|p2a: Ceruledge\n|-activate|p2a: Ceruledge|move: Destiny Bond\n|faint|p1a: Torkoal\n|\n|-weather|SunnyDay|[upkeep]\n|upkeep\n|\n|t:|1700681117\n|switch|p2a: Garganacl|Garganacl, M|100\/100\n|switch|p1a: Clodsire|Clodsire, M, shiny|100\/100\n|turn|4\n|\n|t:|1700681128\n|move|p2a: Garganacl|Salt Cure|p1a: Clodsire\n|-resisted|p1a: Clodsire\n|-damage|p1a: Clodsire|92\/100\n|-start|p1a: Clodsire|Salt Cure\n|move|p1a: Clodsire|Liquidation|p2a: Garganacl\n|-supereffective|p2a: Garganacl\n|-damage|p2a: Garganacl|90\/100\n|\n|-weather|SunnyDay|[upkeep]\n|-heal|p2a: Garganacl|96\/100|[from] item: Leftovers\n|-damage|p1a: Clodsire|80\/100|[from] Salt Cure\n|upkeep\n|turn|5\n|\n|t:|1700681143\n|move|p2a: Garganacl|Earthquake|p1a: Clodsire\n|-supereffective|p1a: Clodsire\n|-damage|p1a: Clodsire|25\/100\n|move|p1a: Clodsire|Toxic|p2a: Garganacl\n|-immune|p2a: Garganacl|[from] ability: Purifying Salt\n|\n|-weather|SunnyDay|[upkeep]\n|-heal|p2a: Garganacl|100\/100|[from] item: Leftovers\n|-damage|p1a: Clodsire|12\/100|[from] Salt Cure\n|upkeep\n|turn|6\n|\n|t:|1700681154\n|move|p2a: Garganacl|Curse|p2a: Garganacl\n|-unboost|p2a: Garganacl|spe|1\n|-boost|p2a: Garganacl|atk|1\n|-boost|p2a: Garganacl|def|1\n|move|p1a: Clodsire|Earthquake|p2a: Garganacl\n|-supereffective|p2a: Garganacl\n|-damage|p2a: Garganacl|78\/100\n|\n|-weather|SunnyDay|[upkeep]\n|-heal|p2a: Garganacl|84\/100|[from] item: Leftovers\n|-damage|p1a: Clodsire|0 fnt|[from] Salt Cure\n|faint|p1a: Clodsire\n|upkeep\n|\n|t:|1700681168\n|switch|p1a: Heatran|Heatran, F, shiny|100\/100\n|-item|p1a: Heatran|Air Balloon\n|turn|7\n|inactive|RunkytheFunkyDunk has 120 seconds left.\n|\n|t:|1700681198\n|move|p1a: Heatran|Flash Cannon|p2a: Garganacl\n|-supereffective|p2a: Garganacl\n|-damage|p2a: Garganacl|2\/100\n|move|p2a: Garganacl|Salt Cure|p1a: Heatran\n|-damage|p1a: Heatran|74\/100\n|-start|p1a: Heatran|Salt Cure\n|-enditem|p1a: Heatran|Air Balloon\n|\n|-weather|SunnyDay|[upkeep]\n|-heal|p2a: Garganacl|8\/100|[from] item: Leftovers\n|-damage|p1a: Heatran|49\/100|[from] Salt Cure\n|upkeep\n|turn|8\n|inactive|RunkytheFunkyDunk has 120 seconds left.\n|\n|t:|1700681213\n|move|p1a: Heatran|Flash Cannon|p2a: Garganacl\n|-supereffective|p2a: Garganacl\n|-damage|p2a: Garganacl|0 fnt\n|faint|p2a: Garganacl\n|\n|-weather|none\n|-damage|p1a: Heatran|24\/100|[from] Salt Cure\n|upkeep\n|\n|t:|1700681221\n|switch|p2a: Toxapex|Toxapex, F|100\/100\n|turn|9\n|\n|t:|1700681230\n|move|p1a: Heatran|Earth Power|p2a: Toxapex\n|-supereffective|p2a: Toxapex\n|-crit|p2a: Toxapex\n|-damage|p2a: Toxapex|17\/100\n|move|p2a: Toxapex|Chilling Water|p1a: Heatran\n|-supereffective|p1a: Heatran\n|-damage|p1a: Heatran|3\/100\n|-unboost|p1a: Heatran|atk|1\n|\n|-damage|p1a: Heatran|0 fnt|[from] Salt Cure\n|faint|p1a: Heatran\n|upkeep\n|inactive|RunkytheFunkyDunk has 120 seconds left.\n|\n|t:|1700681246\n|switch|p1a: Breloom|Breloom, M, shiny|100\/100\n|turn|10\n|-activate|p1a: Breloom|item: Quick Claw\n|\n|t:|1700681266\n|move|p2a: Toxapex|Baneful Bunker|p2a: Toxapex\n|-singleturn|p2a: Toxapex|move: Protect\n|move|p1a: Breloom|Seed Bomb|p2a: Toxapex\n|-activate|p2a: Toxapex|move: Protect\n|\n|upkeep\n|turn|11\n|-activate|p1a: Breloom|item: Quick Claw\n|\n|t:|1700681277\n|move|p1a: Breloom|Seed Bomb|p2a: Toxapex\n|-damage|p2a: Toxapex|0 fnt\n|faint|p2a: Toxapex\n|\n|upkeep\n|\n|t:|1700681285\n|switch|p2a: Rillaboom|Rillaboom, M|100\/100\n|turn|12\n|\n|t:|1700681297\n|move|p2a: Rillaboom|Fake Out|p1a: Breloom\n|-crit|p1a: Breloom\n|-damage|p1a: Breloom|71\/100\n|cant|p1a: Breloom|flinch\n|\n|upkeep\n|turn|13\n|-activate|p1a: Breloom|item: Quick Claw\n|\n|t:|1700681308\n|move|p1a: Breloom|Poison Jab|p2a: Rillaboom\n|-supereffective|p2a: Rillaboom\n|-damage|p2a: Rillaboom|43\/100\n|-status|p2a: Rillaboom|psn\n|move|p2a: Rillaboom|Drum Beating|p1a: Breloom\n|-resisted|p1a: Breloom\n|-damage|p1a: Breloom|40\/100\n|-unboost|p1a: Breloom|spe|1\n|\n|-damage|p2a: Rillaboom|31\/100 psn|[from] psn\n|upkeep\n|turn|14\n|\n|t:|1700681322\n|move|p2a: Rillaboom|Drain Punch|p1a: Breloom\n|-damage|p1a: Breloom|0 fnt\n|-heal|p2a: Rillaboom|46\/100 psn|[from] drain|[of] p1a: Breloom\n|faint|p1a: Breloom\n|\n|-damage|p2a: Rillaboom|34\/100 psn|[from] psn\n|upkeep\n|\n|t:|1700681339\n|switch|p1a: Cloyster|Cloyster, F, shiny|100\/100\n|turn|15\n|\n|t:|1700681353\n|move|p2a: Rillaboom|Drum Beating|p1a: Cloyster\n|-supereffective|p1a: Cloyster\n|-damage|p1a: Cloyster|0 fnt\n|faint|p1a: Cloyster\n|\n|-damage|p2a: Rillaboom|21\/100 psn|[from] psn\n|upkeep\n|\n|t:|1700681361\n|switch|p1a: Dragapult|Dragapult, F|100\/100\n|turn|16\n|\n|t:|1700681373\n|move|p1a: Dragapult|Dragon Darts|p2a: Rillaboom\n|-damage|p2a: Rillaboom|0 fnt\n|faint|p2a: Rillaboom\n|\n|upkeep\n|\n|t:|1700681378\n|switch|p2a: Grimmsnarl|Grimmsnarl, M|100\/100\n|turn|17\n|\n|t:|1700681391\n|move|p1a: Dragapult|Phantom Force||[still]\n|-prepare|p1a: Dragapult|Phantom Force\n|move|p2a: Grimmsnarl|Spirit Break|p1a: Dragapult|[miss]\n|-miss|p2a: Grimmsnarl|p1a: Dragapult\n|\n|upkeep\n|turn|18\n|\n|t:|1700681399\n|move|p1a: Dragapult|Phantom Force|p2a: Grimmsnarl|[from]lockedmove\n|-resisted|p2a: Grimmsnarl\n|-damage|p2a: Grimmsnarl|73\/100\n|-enditem|p1a: Dragapult|Dragon Fang|[silent]|[from] ability: Pickpocket|[of] p1a: Dragapult\n|-item|p2a: Grimmsnarl|Dragon Fang|[from] ability: Pickpocket|[of] p1a: Dragapult\n|move|p2a: Grimmsnarl|Light Screen|p2a: Grimmsnarl\n|-sidestart|p2: SuperDK09|move: Light Screen\n|\n|upkeep\n|turn|19\n|\n|t:|1700681413\n|move|p1a: Dragapult|Dragon Dance|p1a: Dragapult\n|-boost|p1a: Dragapult|atk|1\n|-boost|p1a: Dragapult|spe|1\n|move|p2a: Grimmsnarl|Draining Kiss|p1a: Dragapult\n|-supereffective|p1a: Dragapult\n|-damage|p1a: Dragapult|55\/100\n|-heal|p2a: Grimmsnarl|100\/100|[from] drain|[of] p1a: Dragapult\n|\n|upkeep\n|turn|20\n|\n|t:|1700681422\n|move|p1a: Dragapult|Phantom Force||[still]\n|-prepare|p1a: Dragapult|Phantom Force\n|move|p2a: Grimmsnarl|Spirit Break|p1a: Dragapult|[miss]\n|-miss|p2a: Grimmsnarl|p1a: Dragapult\n|\n|upkeep\n|turn|21\n|\n|t:|1700681433\n|move|p1a: Dragapult|Phantom Force|p2a: Grimmsnarl|[from]lockedmove\n|-resisted|p2a: Grimmsnarl\n|-damage|p2a: Grimmsnarl|58\/100\n|move|p2a: Grimmsnarl|Spirit Break|p1a: Dragapult\n|-supereffective|p1a: Dragapult\n|-damage|p1a: Dragapult|0 fnt\n|faint|p1a: Dragapult\n|\n|win|SuperDK09\n|raw|RunkytheFunkyDunk's rating: 1057 &rarr; <strong>1037<\/strong><br \/>(-20 for losing)\n|raw|SuperDK09's rating: 1025 &rarr; <strong>1065<\/strong><br \/>(+40 for winning)\n|c|\u2606SuperDK09|Gg\n","uploadtime":1700681455,"views":0,"p1id":"runkythefunkydunk","p2id":"superdk09","formatid":"gen9ou","rating":1037,"private":0,"password":""}