{"id":"gen9ou-1989715978","p1":"Majner","p2":"Aukitaylor","format":"[Gen 9] OU","log":"|j|\u2606Majner\n|j|\u2606Aukitaylor\n|t:|1699889546\n|gametype|singles\n|player|p1|Majner|170|1000\n|player|p2|Aukitaylor|benga|1023\n|teamsize|p1|5\n|teamsize|p2|6\n|gen|9\n|tier|[Gen 9] OU\n|rated|\n|rule|Sleep Clause Mod: Limit one foe put to sleep\n|rule|Species Clause: Limit one of each Pok\u00e9mon\n|rule|OHKO Clause: OHKO moves are banned\n|rule|Evasion Items Clause: Evasion items are banned\n|rule|Evasion Moves Clause: Evasion moves are banned\n|rule|Endless Battle Clause: Forcing endless battles is banned\n|rule|HP Percentage Mod: HP is shown in percentages\n|clearpoke\n|poke|p1|Polteageist-Antique|\n|poke|p1|Indeedee, M|\n|poke|p1|Drifblim, M|\n|poke|p1|Ursaluna, M|\n|poke|p1|Frosmoth, F|\n|poke|p2|Ogerpon-Wellspring, F|\n|poke|p2|Rillaboom, M|\n|poke|p2|Ceruledge, M|\n|poke|p2|Clefable, F|\n|poke|p2|Great Tusk|\n|poke|p2|Torkoal, M|\n|teampreview\n|\n|t:|1699889559\n|start\n|switch|p1a: Indeedee|Indeedee, M|100\/100\n|switch|p2a: Clefable|Clefable, F, shiny|100\/100\n|-fieldstart|move: Psychic Terrain|[from] ability: Psychic Surge|[of] p1a: Indeedee\n|turn|1\n|\n|t:|1699889566\n|move|p1a: Indeedee|Psychic|p2a: Clefable\n|-damage|p2a: Clefable|55\/100\n|move|p2a: Clefable|Cosmic Power|p2a: Clefable\n|-boost|p2a: Clefable|def|1\n|-boost|p2a: Clefable|spd|1\n|\n|upkeep\n|turn|2\n|\n|t:|1699889572\n|move|p1a: Indeedee|Encore|p2a: Clefable\n|-start|p2a: Clefable|Encore\n|move|p2a: Clefable|Cosmic Power|p2a: Clefable\n|-boost|p2a: Clefable|def|1\n|-boost|p2a: Clefable|spd|1\n|\n|upkeep\n|turn|3\n|\n|t:|1699889579\n|switch|p1a: Ursaluna|Ursaluna, M|100\/100\n|move|p2a: Clefable|Cosmic Power|p2a: Clefable\n|-boost|p2a: Clefable|def|1\n|-boost|p2a: Clefable|spd|1\n|\n|-status|p1a: Ursaluna|brn|[from] item: Flame Orb\n|upkeep\n|turn|4\n|\n|t:|1699889589\n|move|p1a: Ursaluna|Facade|p2a: Clefable\n|-damage|p2a: Clefable|2\/100\n|move|p2a: Clefable|Cosmic Power|p2a: Clefable\n|-boost|p2a: Clefable|def|1\n|-boost|p2a: Clefable|spd|1\n|\n|-damage|p1a: Ursaluna|94\/100 brn|[from] brn\n|-end|p2a: Clefable|Encore\n|upkeep\n|turn|5\n|\n|t:|1699889597\n|move|p1a: Ursaluna|Facade|p2a: Clefable\n|-damage|p2a: Clefable|0 fnt\n|faint|p2a: Clefable\n|\n|-damage|p1a: Ursaluna|88\/100 brn|[from] brn\n|upkeep\n|\n|t:|1699889605\n|switch|p2a: Torkoal|Torkoal, M|100\/100\n|-weather|SunnyDay|[from] ability: Drought|[of] p2a: Torkoal\n|turn|6\n|\n|t:|1699889612\n|move|p1a: Ursaluna|Earthquake|p2a: Torkoal\n|-supereffective|p2a: Torkoal\n|-damage|p2a: Torkoal|0 fnt\n|faint|p2a: Torkoal\n|\n|-weather|SunnyDay|[upkeep]\n|-damage|p1a: Ursaluna|82\/100 brn|[from] brn\n|upkeep\n|\n|t:|1699889617\n|switch|p2a: Great Tusk|Great Tusk, shiny|100\/100\n|-activate|p2a: Great Tusk|ability: Protosynthesis\n|-start|p2a: Great Tusk|protosynthesisatk\n|turn|7\n|\n|t:|1699889626\n|-terastallize|p1a: Ursaluna|Ghost\n|move|p2a: Great Tusk|Ice Spinner|p1a: Ursaluna\n|-damage|p1a: Ursaluna|50\/100 brn\n|-fieldend|move: Psychic Terrain\n|move|p1a: Ursaluna|Facade|p2a: Great Tusk\n|-damage|p2a: Great Tusk|21\/100\n|\n|-weather|SunnyDay|[upkeep]\n|-damage|p1a: Ursaluna|44\/100 brn|[from] brn\n|upkeep\n|turn|8\n|\n|t:|1699889640\n|move|p2a: Great Tusk|Knock Off|p1a: Ursaluna\n|-supereffective|p1a: Ursaluna\n|-damage|p1a: Ursaluna|0 fnt\n|-enditem|p1a: Ursaluna|Flame Orb|[from] move: Knock Off|[of] p2a: Great Tusk\n|faint|p1a: Ursaluna\n|\n|-weather|SunnyDay|[upkeep]\n|upkeep\n|\n|t:|1699889647\n|switch|p1a: Indeedee|Indeedee, M|100\/100\n|-fieldstart|move: Psychic Terrain|[from] ability: Psychic Surge|[of] p1a: Indeedee\n|turn|9\n|\n|t:|1699889658\n|move|p1a: Indeedee|Psychic|p2a: Great Tusk\n|-supereffective|p2a: Great Tusk\n|-damage|p2a: Great Tusk|0 fnt\n|faint|p2a: Great Tusk\n|-end|p2a: Great Tusk|Protosynthesis|[silent]\n|\n|-weather|SunnyDay|[upkeep]\n|upkeep\n|\n|t:|1699889662\n|switch|p2a: Rillaboom|Rillaboom, M, shiny|100\/100\n|-fieldstart|move: Grassy Terrain|[from] ability: Grassy Surge|[of] p2a: Rillaboom\n|-enditem|p2a: Rillaboom|Grassy Seed\n|-boost|p2a: Rillaboom|def|1|[from] item: Grassy Seed\n|turn|10\n|\n|t:|1699889671\n|switch|p1a: Frosmoth|Frosmoth, F, shiny|100\/100\n|move|p2a: Rillaboom|Grassy Glide|p1a: Frosmoth\n|-resisted|p1a: Frosmoth\n|-damage|p1a: Frosmoth|76\/100\n|\n|-weather|none\n|-heal|p1a: Frosmoth|82\/100|[from] Grassy Terrain\n|upkeep\n|turn|11\n|\n|t:|1699889686\n|move|p2a: Rillaboom|U-turn|p1a: Frosmoth\n|-damage|p1a: Frosmoth|49\/100\n|\n|t:|1699889690\n|switch|p2a: Ceruledge|Ceruledge, M, shiny|100\/100|[from] U-turn\n|move|p1a: Frosmoth|Blizzard|p2a: Ceruledge\n|-resisted|p2a: Ceruledge\n|-damage|p2a: Ceruledge|69\/100\n|\n|-heal|p2a: Ceruledge|75\/100|[from] Grassy Terrain\n|-heal|p1a: Frosmoth|55\/100|[from] Grassy Terrain\n|upkeep\n|turn|12\n|\n|t:|1699889701\n|move|p2a: Ceruledge|Bitter Blade|p1a: Frosmoth\n|-supereffective|p1a: Frosmoth\n|-damage|p1a: Frosmoth|0 fnt\n|-heal|p2a: Ceruledge|100\/100|[from] drain|[of] p1a: Frosmoth\n|faint|p1a: Frosmoth\n|\n|upkeep\n|\n|t:|1699889708\n|switch|p1a: Indeedee|Indeedee, M|100\/100\n|-fieldstart|move: Psychic Terrain|[from] ability: Psychic Surge|[of] p1a: Indeedee\n|turn|13\n|\n|t:|1699889722\n|move|p1a: Indeedee|Psychic|p2a: Ceruledge\n|-damage|p2a: Ceruledge|37\/100\n|move|p2a: Ceruledge|Bitter Blade|p1a: Indeedee\n|-damage|p1a: Indeedee|7\/100\n|-heal|p2a: Ceruledge|79\/100|[from] drain|[of] p1a: Indeedee\n|\n|upkeep\n|turn|14\n|\n|t:|1699889729\n|move|p1a: Indeedee|Psychic|p2a: Ceruledge\n|-damage|p2a: Ceruledge|13\/100\n|move|p2a: Ceruledge|Bitter Blade|p1a: Indeedee\n|-damage|p1a: Indeedee|0 fnt\n|-heal|p2a: Ceruledge|16\/100|[from] drain|[of] p1a: Indeedee\n|faint|p1a: Indeedee\n|\n|upkeep\n|\n|t:|1699889737\n|switch|p1a: Drifblim|Drifblim, M|100\/100\n|turn|15\n|\n|t:|1699889744\n|move|p2a: Ceruledge|Bitter Blade|p1a: Drifblim\n|-damage|p1a: Drifblim|67\/100\n|-heal|p2a: Ceruledge|46\/100|[from] drain|[of] p1a: Drifblim\n|-enditem|p1a: Drifblim|Red Card|[of] p2a: Ceruledge\n|drag|p2a: Ogerpon|Ogerpon-Wellspring, F|100\/100\n|move|p1a: Drifblim|Shadow Ball|p2a: Ogerpon\n|-damage|p2a: Ogerpon|69\/100\n|\n|upkeep\n|turn|16\n|\n|t:|1699889754\n|move|p1a: Drifblim|Will-O-Wisp|p2a: Ogerpon\n|-status|p2a: Ogerpon|brn\n|move|p2a: Ogerpon|Ivy Cudgel|p1a: Drifblim\n|-damage|p1a: Drifblim|45\/100\n|\n|-damage|p2a: Ogerpon|63\/100 brn|[from] brn\n|upkeep\n|turn|17\n|\n|t:|1699889762\n|move|p1a: Drifblim|Strength Sap|p2a: Ogerpon\n|-unboost|p2a: Ogerpon|atk|1\n|-heal|p1a: Drifblim|100\/100\n|move|p2a: Ogerpon|Ivy Cudgel|p1a: Drifblim\n|-damage|p1a: Drifblim|86\/100\n|\n|-damage|p2a: Ogerpon|57\/100 brn|[from] brn\n|upkeep\n|turn|18\n|\n|t:|1699889769\n|move|p1a: Drifblim|Shadow Ball|p2a: Ogerpon\n|-damage|p2a: Ogerpon|29\/100 brn\n|move|p2a: Ogerpon|U-turn|p1a: Drifblim\n|-resisted|p1a: Drifblim\n|-damage|p1a: Drifblim|84\/100\n|\n|t:|1699889773\n|switch|p2a: Rillaboom|Rillaboom, M, shiny|100\/100|[from] U-turn\n|-fieldstart|move: Grassy Terrain|[from] ability: Grassy Surge|[of] p2a: Rillaboom\n|\n|upkeep\n|turn|19\n|\n|t:|1699889782\n|move|p2a: Rillaboom|Grassy Glide|p1a: Drifblim\n|-resisted|p1a: Drifblim\n|-damage|p1a: Drifblim|69\/100\n|move|p1a: Drifblim|Will-O-Wisp|p2a: Rillaboom\n|-status|p2a: Rillaboom|brn\n|\n|-damage|p2a: Rillaboom|94\/100 brn|[from] brn\n|upkeep\n|turn|20\n|\n|t:|1699889790\n|move|p2a: Rillaboom|Grassy Glide|p1a: Drifblim\n|-resisted|p1a: Drifblim\n|-damage|p1a: Drifblim|62\/100\n|move|p1a: Drifblim|Shadow Ball|p2a: Rillaboom\n|-crit|p2a: Rillaboom\n|-damage|p2a: Rillaboom|42\/100 brn\n|\n|-heal|p2a: Rillaboom|49\/100 brn|[from] Grassy Terrain\n|-damage|p2a: Rillaboom|42\/100 brn|[from] brn\n|upkeep\n|turn|21\n|\n|t:|1699889807\n|move|p1a: Drifblim|Shadow Ball|p2a: Rillaboom\n|-damage|p2a: Rillaboom|6\/100 brn\n|move|p2a: Rillaboom|Bulk Up|p2a: Rillaboom\n|-boost|p2a: Rillaboom|atk|1\n|-boost|p2a: Rillaboom|def|1\n|\n|-heal|p2a: Rillaboom|12\/100 brn|[from] Grassy Terrain\n|-damage|p2a: Rillaboom|6\/100 brn|[from] brn\n|upkeep\n|turn|22\n|\n|t:|1699889829\n|move|p2a: Rillaboom|Grassy Glide|p1a: Drifblim\n|-resisted|p1a: Drifblim\n|-damage|p1a: Drifblim|51\/100\n|move|p1a: Drifblim|Strength Sap|p2a: Rillaboom\n|-unboost|p2a: Rillaboom|atk|1\n|-heal|p1a: Drifblim|100\/100\n|\n|-heal|p2a: Rillaboom|12\/100 brn|[from] Grassy Terrain\n|-damage|p2a: Rillaboom|6\/100 brn|[from] brn\n|-fieldend|move: Grassy Terrain\n|upkeep\n|turn|23\n|\n|t:|1699889840\n|move|p1a: Drifblim|Shadow Ball|p2a: Rillaboom\n|-damage|p2a: Rillaboom|0 fnt\n|faint|p2a: Rillaboom\n|\n|upkeep\n|\n|t:|1699889845\n|switch|p2a: Ceruledge|Ceruledge, M, shiny|46\/100\n|turn|24\n|\n|t:|1699889851\n|move|p1a: Drifblim|Strength Sap|p2a: Ceruledge\n|-unboost|p2a: Ceruledge|atk|1\n|move|p2a: Ceruledge|Bitter Blade|p1a: Drifblim\n|-crit|p1a: Drifblim\n|-damage|p1a: Drifblim|50\/100\n|-heal|p2a: Ceruledge|90\/100|[from] drain|[of] p1a: Drifblim\n|\n|upkeep\n|turn|25\n|\n|t:|1699889858\n|move|p1a: Drifblim|Shadow Ball|p2a: Ceruledge\n|-supereffective|p2a: Ceruledge\n|-damage|p2a: Ceruledge|36\/100\n|-unboost|p2a: Ceruledge|spd|1\n|move|p2a: Ceruledge|Bitter Blade|p1a: Drifblim\n|-damage|p1a: Drifblim|26\/100\n|-heal|p2a: Ceruledge|56\/100|[from] drain|[of] p1a: Drifblim\n|\n|upkeep\n|turn|26\n|\n|t:|1699889870\n|move|p1a: Drifblim|Strength Sap|p2a: Ceruledge\n|-unboost|p2a: Ceruledge|atk|1\n|-heal|p1a: Drifblim|73\/100\n|move|p2a: Ceruledge|Bitter Blade|p1a: Drifblim\n|-damage|p1a: Drifblim|55\/100\n|-heal|p2a: Ceruledge|71\/100|[from] drain|[of] p1a: Drifblim\n|\n|upkeep\n|turn|27\n|l|\u2606Aukitaylor\n|player|p2|\n|\n|t:|1699889879\n|move|p1a: Drifblim|Shadow Ball|p2a: Ceruledge\n|-supereffective|p2a: Ceruledge\n|-crit|p2a: Ceruledge\n|-damage|p2a: Ceruledge|0 fnt\n|faint|p2a: Ceruledge\n|\n|upkeep\n|inactive|Battle timer is ON: inactive players will automatically lose when time's up. (requested by Majner)\n|inactive|Aukitaylor has 30 seconds to reconnect!\n|inactive|Aukitaylor has 20 seconds to reconnect!\n|inactive|Aukitaylor has 15 seconds to reconnect!\n|inactive|Aukitaylor has 10 seconds to reconnect!\n|inactive|Aukitaylor has 5 seconds to reconnect!\n|-message|Aukitaylor lost due to inactivity.\n|\n|win|Majner\n|raw|Majner's rating: 1000 &rarr; <strong>1043<\/strong><br \/>(+43 for winning)\n|raw|Aukitaylor's rating: 1023 &rarr; <strong>1009<\/strong><br \/>(-14 for losing)\n","uploadtime":1699889998,"views":15,"p1id":"majner","p2id":"aukitaylor","formatid":"gen9ou","rating":1009,"private":0,"password":""}