{"id":"gen9ou-1997443613","p1":"DragsIThink","p2":"danseiki","format":"[Gen 9] OU","log":"|j|\u2606DragsIThink\n|j|\u2606danseiki\n|t:|1700806141\n|gametype|singles\n|player|p1|DragsIThink|roxie|1203\n|player|p2|danseiki|swimmer-gen4|1179\n|teamsize|p1|6\n|teamsize|p2|6\n|gen|9\n|tier|[Gen 9] OU\n|rated|\n|rule|Sleep Clause Mod: Limit one foe put to sleep\n|rule|Species Clause: Limit one of each Pok\u00e9mon\n|rule|OHKO Clause: OHKO moves are banned\n|rule|Evasion Items Clause: Evasion items are banned\n|rule|Evasion Moves Clause: Evasion moves are banned\n|rule|Endless Battle Clause: Forcing endless battles is banned\n|rule|HP Percentage Mod: HP is shown in percentages\n|clearpoke\n|poke|p1|Sandslash, M|\n|poke|p1|Forretress, M|\n|poke|p1|Armarouge, M|\n|poke|p1|Enamorus-Therian, F|\n|poke|p1|Sinistcha|\n|poke|p1|Ambipom, F|\n|poke|p2|Iron Treads|\n|poke|p2|Iron Leaves|\n|poke|p2|Iron Moth|\n|poke|p2|Iron Thorns|\n|poke|p2|Iron Hands|\n|poke|p2|Iron Valiant|\n|teampreview\n|inactive|Battle timer is ON: inactive players will automatically lose when time's up. (requested by danseiki)\n|\n|t:|1700806177\n|start\n|switch|p1a: Reki|Sandslash, M, shiny|100\/100\n|switch|p2a: Iron Treads|Iron Treads, shiny|100\/100\n|turn|1\n|\n|t:|1700806193\n|move|p2a: Iron Treads|Stealth Rock|p1a: Reki\n|-sidestart|p1: DragsIThink|move: Stealth Rock\n|move|p1a: Reki|Earthquake|p2a: Iron Treads\n|-supereffective|p2a: Iron Treads\n|-damage|p2a: Iron Treads|27\/100\n|\n|upkeep\n|turn|2\n|\n|t:|1700806201\n|move|p2a: Iron Treads|Electric Terrain|p2a: Iron Treads\n|-fieldstart|move: Electric Terrain\n|-activate|p2a: Iron Treads|ability: Quark Drive\n|-start|p2a: Iron Treads|quarkdrivespe\n|move|p1a: Reki|Swords Dance|p1a: Reki\n|-boost|p1a: Reki|atk|2\n|\n|upkeep\n|turn|3\n|\n|t:|1700806209\n|move|p2a: Iron Treads|Knock Off|p1a: Reki\n|-damage|p1a: Reki|72\/100\n|-enditem|p1a: Reki|Leftovers|[from] move: Knock Off|[of] p2a: Iron Treads\n|move|p1a: Reki|Rapid Spin|p2a: Iron Treads\n|-resisted|p2a: Iron Treads\n|-damage|p2a: Iron Treads|15\/100\n|-boost|p1a: Reki|spe|1\n|-sideend|p1: DragsIThink|Stealth Rock|[from] move: Rapid Spin|[of] p1a: Reki\n|\n|upkeep\n|turn|4\n|\n|t:|1700806220\n|move|p2a: Iron Treads|Earthquake|p1a: Reki\n|-damage|p1a: Reki|30\/100\n|move|p1a: Reki|Rapid Spin|p2a: Iron Treads\n|-resisted|p2a: Iron Treads\n|-damage|p2a: Iron Treads|4\/100\n|-boost|p1a: Reki|spe|1\n|\n|upkeep\n|turn|5\n|\n|t:|1700806229\n|move|p1a: Reki|Rapid Spin|p2a: Iron Treads\n|-resisted|p2a: Iron Treads\n|-damage|p2a: Iron Treads|0 fnt\n|-boost|p1a: Reki|spe|1\n|faint|p2a: Iron Treads\n|-end|p2a: Iron Treads|Quark Drive|[silent]\n|\n|upkeep\n|\n|t:|1700806242\n|switch|p2a: Iron Leaves|Iron Leaves|100\/100\n|-activate|p2a: Iron Leaves|ability: Quark Drive\n|-start|p2a: Iron Leaves|quarkdrivespe\n|turn|6\n|\n|t:|1700806248\n|move|p1a: Reki|Knock Off|p2a: Iron Leaves\n|-supereffective|p2a: Iron Leaves\n|-damage|p2a: Iron Leaves|0 fnt\n|-enditem|p2a: Iron Leaves|Choice Band|[from] move: Knock Off|[of] p1a: Reki\n|faint|p2a: Iron Leaves\n|-end|p2a: Iron Leaves|Quark Drive|[silent]\n|\n|upkeep\n|-message|danseiki forfeited.\n|\n|win|DragsIThink\n|raw|DragsIThink's rating: 1203 &rarr; <strong>1226<\/strong><br \/>(+23 for winning)\n|raw|danseiki's rating: 1179 &rarr; <strong>1156<\/strong><br \/>(-23 for losing)\n|l|\u2606danseiki\n","uploadtime":1700806259,"views":2,"p1id":"dragsithink","p2id":"danseiki","formatid":"gen9ou","rating":1156,"private":0,"password":""}