{"id":"gen9ou-1997199204","p1":"littensalt","p2":"pk.nutmeg","format":"[Gen 9] OU","log":"|j|\u2606littensalt\n|j|\u2606pk.nutmeg\n|t:|1700774751\n|gametype|singles\n|player|p1|littensalt|calem-masters|1412\n|player|p2|pk.nutmeg|sabrina|1405\n|teamsize|p1|6\n|teamsize|p2|6\n|gen|9\n|tier|[Gen 9] OU\n|rated|\n|rule|Sleep Clause Mod: Limit one foe put to sleep\n|rule|Species Clause: Limit one of each Pok\u00e9mon\n|rule|OHKO Clause: OHKO moves are banned\n|rule|Evasion Items Clause: Evasion items are banned\n|rule|Evasion Moves Clause: Evasion moves are banned\n|rule|Endless Battle Clause: Forcing endless battles is banned\n|rule|HP Percentage Mod: HP is shown in percentages\n|clearpoke\n|poke|p1|Thundurus-Therian, M|\n|poke|p1|Weezing-Galar, M|\n|poke|p1|Cinderace, M|\n|poke|p1|Dragapult, F|\n|poke|p1|Ting-Lu|\n|poke|p1|Zamazenta-*|\n|poke|p2|Dragapult, F|\n|poke|p2|Chandelure, M|\n|poke|p2|Gholdengo|\n|poke|p2|Weavile, F|\n|poke|p2|Landorus-Therian, M|\n|poke|p2|Ogerpon-Cornerstone, F|\n|teampreview\n|\n|t:|1700774766\n|start\n|switch|p1a: wheezy outta here|Weezing-Galar, M, shiny|100\/100\n|switch|p2a: Gholdengo|Gholdengo|100\/100\n|-ability|p1a: wheezy outta here|Neutralizing Gas\n|turn|1\n|\n|t:|1700774778\n|-end|p1a: wheezy outta here|ability: Neutralizing Gas\n|switch|p1a: Ting-Lu|Ting-Lu|100\/100\n|-ability|p1a: Ting-Lu|Vessel of Ruin\n|move|p2a: Gholdengo|Trick|p1a: Ting-Lu\n|-activate|p2a: Gholdengo|move: Trick|[of] p1a: Ting-Lu\n|-item|p1a: Ting-Lu|Choice Scarf|[from] move: Trick\n|-item|p2a: Gholdengo|Leftovers|[from] move: Trick\n|\n|upkeep\n|turn|2\n|\n|t:|1700774796\n|switch|p2a: Dragapult|Dragapult, F|100\/100\n|move|p1a: Ting-Lu|Ruination|p2a: Dragapult\n|-damage|p2a: Dragapult|51\/100\n|\n|-heal|p2a: Dragapult|57\/100|[from] item: Leftovers\n|upkeep\n|turn|3\n|\n|t:|1700774809\n|switch|p1a: wheezy outta here|Weezing-Galar, M, shiny|100\/100\n|-ability|p1a: wheezy outta here|Neutralizing Gas\n|move|p2a: Dragapult|Substitute|p2a: Dragapult\n|-start|p2a: Dragapult|Substitute\n|-damage|p2a: Dragapult|32\/100\n|\n|-heal|p2a: Dragapult|38\/100|[from] item: Leftovers\n|upkeep\n|turn|4\n|\n|t:|1700774821\n|move|p2a: Dragapult|Phantom Force||[still]\n|-prepare|p2a: Dragapult|Phantom Force\n|move|p1a: wheezy outta here|Strange Steam|p2a: Dragapult|[miss]\n|-miss|p1a: wheezy outta here|p2a: Dragapult\n|\n|-heal|p2a: Dragapult|44\/100|[from] item: Leftovers\n|upkeep\n|turn|5\n|\n|t:|1700774826\n|move|p2a: Dragapult|Phantom Force|p1a: wheezy outta here|[from]lockedmove\n|-damage|p1a: wheezy outta here|70\/100\n|-damage|p2a: Dragapult|27\/100|[from] item: Rocky Helmet|[of] p1a: wheezy outta here\n|move|p1a: wheezy outta here|Strange Steam|p2a: Dragapult\n|-supereffective|p2a: Dragapult\n|-end|p2a: Dragapult|Substitute\n|\n|-heal|p2a: Dragapult|33\/100|[from] item: Leftovers\n|upkeep\n|turn|6\n|\n|t:|1700774835\n|switch|p2a: Gholdengo|Gholdengo|100\/100\n|move|p1a: wheezy outta here|Strange Steam|p2a: Gholdengo\n|-resisted|p2a: Gholdengo\n|-crit|p2a: Gholdengo\n|-damage|p2a: Gholdengo|78\/100\n|\n|-heal|p2a: Gholdengo|84\/100|[from] item: Leftovers\n|upkeep\n|turn|7\n|\n|t:|1700774840\n|-end|p1a: wheezy outta here|ability: Neutralizing Gas\n|switch|p1a: Ting-Lu|Ting-Lu|100\/100\n|-ability|p1a: Ting-Lu|Vessel of Ruin\n|move|p2a: Gholdengo|Nasty Plot|p2a: Gholdengo\n|-boost|p2a: Gholdengo|spa|2\n|\n|-heal|p2a: Gholdengo|90\/100|[from] item: Leftovers\n|upkeep\n|turn|8\n|\n|t:|1700774850\n|move|p2a: Gholdengo|Make It Rain|p1a: Ting-Lu\n|-crit|p1a: Ting-Lu\n|-damage|p1a: Ting-Lu|16\/100\n|-unboost|p2a: Gholdengo|spa|1\n|move|p1a: Ting-Lu|Whirlwind|p2a: Gholdengo\n|-immune|p2a: Gholdengo|[from] ability: Good as Gold\n|\n|-heal|p2a: Gholdengo|96\/100|[from] item: Leftovers\n|upkeep\n|turn|9\n|\n|t:|1700774867\n|move|p2a: Gholdengo|Nasty Plot|p2a: Gholdengo\n|-boost|p2a: Gholdengo|spa|2\n|move|p1a: Ting-Lu|Whirlwind|p2a: Gholdengo\n|-immune|p2a: Gholdengo|[from] ability: Good as Gold\n|\n|-heal|p2a: Gholdengo|100\/100|[from] item: Leftovers\n|upkeep\n|turn|10\n|\n|t:|1700774884\n|switch|p1a: KIDS SEE GHOST|Dragapult, F, shiny|100\/100\n|move|p2a: Gholdengo|Trick|p1a: KIDS SEE GHOST\n|-activate|p2a: Gholdengo|move: Trick|[of] p1a: KIDS SEE GHOST\n|-item|p1a: KIDS SEE GHOST|Leftovers|[from] move: Trick\n|-item|p2a: Gholdengo|Choice Specs|[from] move: Trick\n|\n|upkeep\n|turn|11\n|\n|t:|1700774898\n|-terastallize|p2a: Gholdengo|Fighting\n|move|p1a: KIDS SEE GHOST|U-turn|p2a: Gholdengo\n|-resisted|p2a: Gholdengo\n|-damage|p2a: Gholdengo|90\/100\n|\n|t:|1700774900\n|switch|p1a: Ting-Lu|Ting-Lu|16\/100|[from] U-turn\n|-ability|p1a: Ting-Lu|Vessel of Ruin\n|move|p2a: Gholdengo|Shadow Ball|p1a: Ting-Lu\n|-resisted|p1a: Ting-Lu\n|-crit|p1a: Ting-Lu\n|-damage|p1a: Ting-Lu|0 fnt\n|faint|p1a: Ting-Lu\n|\n|upkeep\n|\n|t:|1700774915\n|switch|p1a: 5g|Thundurus-Therian, M, shiny|100\/100\n|turn|12\n|\n|t:|1700774918\n|move|p1a: 5g|Volt Switch|p2a: Gholdengo\n|-damage|p2a: Gholdengo|8\/100\n|\n|t:|1700774925\n|switch|p1a: wheezy outta here|Weezing-Galar, M, shiny|70\/100|[from] Volt Switch\n|-ability|p1a: wheezy outta here|Neutralizing Gas\n|move|p2a: Gholdengo|Shadow Ball|p1a: wheezy outta here\n|-damage|p1a: wheezy outta here|0 fnt\n|faint|p1a: wheezy outta here\n|-end|p1a: wheezy outta here|ability: Neutralizing Gas\n|\n|upkeep\n|\n|t:|1700774927\n|switch|p1a: 5g|Thundurus-Therian, M, shiny|100\/100\n|turn|13\n|\n|t:|1700774934\n|move|p1a: 5g|Tera Blast|p2a: Gholdengo\n|-damage|p2a: Gholdengo|0 fnt\n|faint|p2a: Gholdengo\n|\n|upkeep\n|\n|t:|1700774945\n|switch|p2a: Ogerpon|Ogerpon-Cornerstone, F|100\/100\n|turn|14\n|\n|t:|1700774955\n|switch|p1a: KIDS SEE GHOST|Dragapult, F, shiny|100\/100\n|move|p2a: Ogerpon|Ivy Cudgel|p1a: KIDS SEE GHOST|[anim] Ivy Cudgel Rock\n|-damage|p1a: KIDS SEE GHOST|25\/100\n|\n|-heal|p1a: KIDS SEE GHOST|31\/100|[from] item: Leftovers\n|upkeep\n|turn|15\n|\n|t:|1700774966\n|move|p1a: KIDS SEE GHOST|Draco Meteor|p2a: Ogerpon\n|-crit|p2a: Ogerpon\n|-ability|p2a: Ogerpon|Sturdy\n|-damage|p2a: Ogerpon|1\/100\n|-unboost|p1a: KIDS SEE GHOST|spa|2\n|move|p2a: Ogerpon|Ivy Cudgel|p1a: KIDS SEE GHOST|[anim] Ivy Cudgel Rock\n|-crit|p1a: KIDS SEE GHOST\n|-damage|p1a: KIDS SEE GHOST|0 fnt\n|faint|p1a: KIDS SEE GHOST\n|\n|upkeep\n|\n|t:|1700774970\n|switch|p1a: FRANCHISE|Cinderace, M|100\/100\n|turn|16\n|\n|t:|1700774973\n|switch|p2a: Landorus|Landorus-Therian, M|100\/100\n|-ability|p2a: Landorus|Intimidate|boost\n|-unboost|p1a: FRANCHISE|atk|1\n|move|p1a: FRANCHISE|U-turn|p2a: Landorus\n|-start|p1a: FRANCHISE|typechange|Bug|[from] ability: Libero\n|-resisted|p2a: Landorus\n|-damage|p2a: Landorus|92\/100\n|\n|t:|1700774976\n|switch|p1a: 5g|Thundurus-Therian, M, shiny|100\/100|[from] U-turn\n|\n|-heal|p2a: Landorus|98\/100|[from] item: Leftovers\n|upkeep\n|turn|17\n|\n|t:|1700774990\n|switch|p2a: Chandelure|Chandelure, M|100\/100\n|move|p1a: 5g|Tera Blast|p2a: Chandelure\n|-immune|p2a: Chandelure\n|\n|upkeep\n|turn|18\n|\n|t:|1700775011\n|switch|p1a: FRANCHISE|Cinderace, M|100\/100\n|move|p2a: Chandelure|Shadow Ball|p1a: FRANCHISE\n|-damage|p1a: FRANCHISE|41\/100\n|\n|upkeep\n|turn|19\n|inactive|Battle timer is ON: inactive players will automatically lose when time's up. (requested by littensalt)\n|\n|t:|1700775016\n|move|p1a: FRANCHISE|Sucker Punch|p2a: Chandelure\n|-start|p1a: FRANCHISE|typechange|Dark|[from] ability: Libero\n|-supereffective|p2a: Chandelure\n|-damage|p2a: Chandelure|1\/100\n|move|p2a: Chandelure|Shadow Ball|p1a: FRANCHISE\n|-resisted|p1a: FRANCHISE\n|-damage|p1a: FRANCHISE|7\/100\n|\n|upkeep\n|turn|20\n|\n|t:|1700775022\n|switch|p2a: Landorus|Landorus-Therian, M|98\/100\n|-ability|p2a: Landorus|Intimidate|boost\n|-unboost|p1a: FRANCHISE|atk|1\n|move|p1a: FRANCHISE|U-turn|p2a: Landorus\n|-resisted|p2a: Landorus\n|-damage|p2a: Landorus|93\/100\n|\n|t:|1700775024\n|switch|p1a: 5g|Thundurus-Therian, M, shiny|100\/100|[from] U-turn\n|\n|-heal|p2a: Landorus|99\/100|[from] item: Leftovers\n|upkeep\n|turn|21\n|\n|t:|1700775034\n|move|p1a: 5g|Tera Blast|p2a: Landorus\n|-damage|p2a: Landorus|41\/100\n|move|p2a: Landorus|U-turn|p1a: 5g\n|-resisted|p1a: 5g\n|-damage|p1a: 5g|84\/100\n|\n|t:|1700775055\n|switch|p2a: Dragapult|Dragapult, F|33\/100|[from] U-turn\n|\n|-heal|p2a: Dragapult|39\/100|[from] item: Leftovers\n|upkeep\n|turn|22\n|\n|t:|1700775064\n|move|p2a: Dragapult|Substitute|p2a: Dragapult\n|-start|p2a: Dragapult|Substitute\n|-damage|p2a: Dragapult|14\/100\n|move|p1a: 5g|Tera Blast|p2a: Dragapult\n|-immune|p2a: Dragapult\n|\n|-heal|p2a: Dragapult|20\/100|[from] item: Leftovers\n|upkeep\n|turn|23\n|\n|t:|1700775081\n|switch|p1a: FRANCHISE|Cinderace, M|7\/100\n|move|p2a: Dragapult|Dragon Dance|p2a: Dragapult\n|-boost|p2a: Dragapult|atk|1\n|-boost|p2a: Dragapult|spe|1\n|\n|-heal|p2a: Dragapult|26\/100|[from] item: Leftovers\n|upkeep\n|turn|24\n|\n|t:|1700775087\n|move|p2a: Dragapult|Dragon Dance|p2a: Dragapult\n|-boost|p2a: Dragapult|atk|1\n|-boost|p2a: Dragapult|spe|1\n|move|p1a: FRANCHISE|Pyro Ball|p2a: Dragapult\n|-resisted|p2a: Dragapult\n|-end|p2a: Dragapult|Substitute\n|\n|-heal|p2a: Dragapult|32\/100|[from] item: Leftovers\n|upkeep\n|turn|25\n|\n|t:|1700775092\n|move|p1a: FRANCHISE|Sucker Punch||[still]\n|-fail|p1a: FRANCHISE\n|move|p2a: Dragapult|Substitute|p2a: Dragapult\n|-start|p2a: Dragapult|Substitute\n|-damage|p2a: Dragapult|7\/100\n|\n|-heal|p2a: Dragapult|13\/100|[from] item: Leftovers\n|upkeep\n|turn|26\n|\n|t:|1700775094\n|move|p2a: Dragapult|Dragon Darts|p1a: FRANCHISE\n|-damage|p1a: FRANCHISE|0 fnt\n|faint|p1a: FRANCHISE\n|\n|-heal|p2a: Dragapult|19\/100|[from] item: Leftovers\n|upkeep\n|\n|t:|1700775096\n|switch|p1a: november|Zamazenta|100\/100\n|-ability|p1a: november|Dauntless Shield|boost\n|-boost|p1a: november|def|1\n|turn|27\n|\n|t:|1700775105\n|-terastallize|p1a: november|Steel\n|move|p2a: Dragapult|Dragon Darts|p1a: november\n|-resisted|p1a: november\n|-damage|p1a: november|87\/100\n|-anim|p2a: Dragapult|Dragon Darts|p1a: november\n|-resisted|p1a: november\n|-damage|p1a: november|74\/100\n|move|p1a: november|Iron Defense|p1a: november\n|-boost|p1a: november|def|2\n|\n|-heal|p2a: Dragapult|25\/100|[from] item: Leftovers\n|-heal|p1a: november|80\/100|[from] item: Leftovers\n|upkeep\n|turn|28\n|\n|t:|1700775115\n|move|p2a: Dragapult|Dragon Dance|p2a: Dragapult\n|-boost|p2a: Dragapult|atk|1\n|-boost|p2a: Dragapult|spe|1\n|move|p1a: november|Substitute|p1a: november\n|-start|p1a: november|Substitute\n|-damage|p1a: november|55\/100\n|\n|-heal|p2a: Dragapult|31\/100|[from] item: Leftovers\n|-heal|p1a: november|61\/100|[from] item: Leftovers\n|upkeep\n|turn|29\n|\n|t:|1700775124\n|move|p2a: Dragapult|Dragon Dance|p2a: Dragapult\n|-boost|p2a: Dragapult|atk|1\n|-boost|p2a: Dragapult|spe|1\n|move|p1a: november|Crunch|p2a: Dragapult\n|-supereffective|p2a: Dragapult\n|-end|p2a: Dragapult|Substitute\n|\n|-heal|p2a: Dragapult|37\/100|[from] item: Leftovers\n|-heal|p1a: november|67\/100|[from] item: Leftovers\n|upkeep\n|turn|30\n|\n|t:|1700775127\n|move|p2a: Dragapult|Phantom Force||[still]\n|-prepare|p2a: Dragapult|Phantom Force\n|move|p1a: november|Crunch|p2a: Dragapult|[miss]\n|-miss|p1a: november|p2a: Dragapult\n|\n|-heal|p2a: Dragapult|43\/100|[from] item: Leftovers\n|-heal|p1a: november|73\/100|[from] item: Leftovers\n|upkeep\n|turn|31\n|\n|t:|1700775132\n|move|p2a: Dragapult|Phantom Force|p1a: november|[from]lockedmove\n|-damage|p1a: november|28\/100\n|move|p1a: november|Crunch|p2a: Dragapult\n|-supereffective|p2a: Dragapult\n|-damage|p2a: Dragapult|0 fnt\n|faint|p2a: Dragapult\n|\n|-heal|p1a: november|34\/100|[from] item: Leftovers\n|upkeep\n|\n|t:|1700775151\n|switch|p2a: Chandelure|Chandelure, M|1\/100\n|turn|32\n|\n|t:|1700775158\n|move|p2a: Chandelure|Flamethrower|p1a: november\n|-supereffective|p1a: november\n|-end|p1a: november|Substitute\n|move|p1a: november|Crunch|p2a: Chandelure\n|-supereffective|p2a: Chandelure\n|-damage|p2a: Chandelure|0 fnt\n|faint|p2a: Chandelure\n|\n|-heal|p1a: november|40\/100|[from] item: Leftovers\n|upkeep\n|\n|t:|1700775171\n|switch|p2a: Landorus|Landorus-Therian, M|41\/100\n|-ability|p2a: Landorus|Intimidate|boost\n|-unboost|p1a: november|atk|1\n|turn|33\n|\n|t:|1700775184\n|move|p1a: november|Body Press|p2a: Landorus\n|-resisted|p2a: Landorus\n|-damage|p2a: Landorus|13\/100\n|move|p2a: Landorus|Earthquake|p1a: november\n|-supereffective|p1a: november\n|-damage|p1a: november|12\/100\n|\n|-heal|p1a: november|18\/100|[from] item: Leftovers\n|-heal|p2a: Landorus|19\/100|[from] item: Leftovers\n|upkeep\n|turn|34\n|\n|t:|1700775201\n|move|p1a: november|Body Press|p2a: Landorus\n|-resisted|p2a: Landorus\n|-damage|p2a: Landorus|0 fnt\n|faint|p2a: Landorus\n|\n|-heal|p1a: november|24\/100|[from] item: Leftovers\n|upkeep\n|\n|t:|1700775203\n|switch|p2a: Weavile|Weavile, F|100\/100\n|-ability|p2a: Weavile|Pressure\n|turn|35\n|\n|t:|1700775206\n|move|p1a: november|Body Press|p2a: Weavile\n|-supereffective|p2a: Weavile\n|-damage|p2a: Weavile|0 fnt\n|faint|p2a: Weavile\n|\n|-heal|p1a: november|30\/100|[from] item: Leftovers\n|upkeep\n|-message|pk.nutmeg forfeited.\n|\n|win|littensalt\n|raw|littensalt's rating: 1412 &rarr; <strong>1432<\/strong><br \/>(+20 for winning)\n|raw|pk.nutmeg's rating: 1405 &rarr; <strong>1385<\/strong><br \/>(-20 for losing)\n|l|\u2606pk.nutmeg\n","uploadtime":1700775217,"views":6,"p1id":"littensalt","p2id":"pknutmeg","formatid":"gen9ou","rating":1385,"private":0,"password":""}