{"id":"gen9ou-1991215910","p1":"The Pokemon Place","p2":"OUHF Zam Zam","format":"[Gen 9] OU","log":"|j|\u2606The Pokemon Place\n|j|\u2606OUHF Zam Zam\n|t:|1700058048\n|gametype|singles\n|player|p1|The Pokemon Place|1|1829\n|player|p2|OUHF Zam Zam|palmer|1882\n|teamsize|p1|6\n|teamsize|p2|6\n|gen|9\n|tier|[Gen 9] OU\n|rated|\n|rule|Sleep Clause Mod: Limit one foe put to sleep\n|rule|Species Clause: Limit one of each Pok\u00e9mon\n|rule|OHKO Clause: OHKO moves are banned\n|rule|Evasion Items Clause: Evasion items are banned\n|rule|Evasion Moves Clause: Evasion moves are banned\n|rule|Endless Battle Clause: Forcing endless battles is banned\n|rule|HP Percentage Mod: HP is shown in percentages\n|clearpoke\n|poke|p1|Cinderace, M|\n|poke|p1|Muk-Alola, F|\n|poke|p1|Dondozo, M|\n|poke|p1|Landorus-Therian, M|\n|poke|p1|Zamazenta-*|\n|poke|p1|Clefable, F|\n|poke|p2|Weavile, M|\n|poke|p2|Zapdos|\n|poke|p2|Cinderace, M|\n|poke|p2|Ting-Lu|\n|poke|p2|Alomomola, F|\n|poke|p2|Iron Valiant|\n|teampreview\n|inactive|Battle timer is ON: inactive players will automatically lose when time's up. (requested by OUHF Zam Zam)\n|inactive|OUHF Zam Zam has 120 seconds left.\n|\n|t:|1700058097\n|start\n|switch|p1a: Clefable|Clefable, F|100\/100\n|switch|p2a: Alomomola|Alomomola, F|100\/100\n|turn|1\n|\n|t:|1700058110\n|move|p1a: Clefable|Knock Off|p2a: Alomomola\n|-crit|p2a: Alomomola\n|-damage|p2a: Alomomola|80\/100\n|-enditem|p2a: Alomomola|Red Card|[from] move: Knock Off|[of] p1a: Clefable\n|move|p2a: Alomomola|Flip Turn|p1a: Clefable\n|-damage|p1a: Clefable|89\/100\n|j| Misuta Zero\n|j| Golden Oreos\n|\n|t:|1700058126\n|switch|p2a: Iron Valiant|Iron Valiant|100\/100|[from] Flip Turn\n|\n|upkeep\n|turn|2\n|j| all hips no lies\n|\n|t:|1700058129\n|-terastallize|p2a: Iron Valiant|Fairy\n|move|p2a: Iron Valiant|Moonblast|p1a: Clefable\n|-damage|p1a: Clefable|2\/100\n|move|p1a: Clefable|Moonblast|p2a: Iron Valiant\n|-damage|p2a: Iron Valiant|43\/100\n|\n|upkeep\n|turn|3\n|\n|t:|1700058136\n|switch|p1a: Muk|Muk-Alola, F|100\/100\n|move|p2a: Iron Valiant|Moonblast|p1a: Muk\n|-damage|p1a: Muk|47\/100\n|\n|-heal|p1a: Muk|53\/100|[from] item: Leftovers\n|upkeep\n|turn|4\n|\n|t:|1700058146\n|move|p1a: Muk|Protect|p1a: Muk\n|-singleturn|p1a: Muk|Protect\n|move|p2a: Iron Valiant|Moonblast|p1a: Muk\n|-activate|p1a: Muk|move: Protect\n|\n|-heal|p1a: Muk|59\/100|[from] item: Leftovers\n|upkeep\n|turn|5\n|\n|t:|1700058150\n|-end|p2a: Iron Valiant|Quark Drive|[silent]\n|switch|p2a: Ting-Lu|Ting-Lu|100\/100\n|-ability|p2a: Ting-Lu|Vessel of Ruin\n|move|p1a: Muk|Poison Jab|p2a: Ting-Lu\n|-resisted|p2a: Ting-Lu\n|-damage|p2a: Ting-Lu|93\/100\n|\n|-heal|p1a: Muk|65\/100|[from] item: Leftovers\n|-heal|p2a: Ting-Lu|99\/100|[from] item: Leftovers\n|upkeep\n|turn|6\n|\n|t:|1700058154\n|move|p1a: Muk|Knock Off|p2a: Ting-Lu\n|-resisted|p2a: Ting-Lu\n|-damage|p2a: Ting-Lu|89\/100\n|-enditem|p2a: Ting-Lu|Leftovers|[from] move: Knock Off|[of] p1a: Muk\n|move|p2a: Ting-Lu|Ruination|p1a: Muk\n|-damage|p1a: Muk|33\/100\n|\n|-heal|p1a: Muk|39\/100|[from] item: Leftovers\n|upkeep\n|turn|7\n|j| MiniLarry\n|\n|t:|1700058159\n|switch|p1a: Landorus|Landorus-Therian, M|100\/100\n|-ability|p1a: Landorus|Intimidate|boost\n|-unboost|p2a: Ting-Lu|atk|1\n|move|p2a: Ting-Lu|Earthquake|p1a: Landorus\n|-immune|p1a: Landorus\n|\n|upkeep\n|turn|8\n|\n|t:|1700058161\n|move|p1a: Landorus|Earthquake|p2a: Ting-Lu\n|-damage|p2a: Ting-Lu|62\/100\n|move|p2a: Ting-Lu|Ruination|p1a: Landorus\n|-damage|p1a: Landorus|50\/100\n|\n|upkeep\n|turn|9\n|\n|t:|1700058172\n|switch|p2a: Alomomola|Alomomola, F|100\/100\n|move|p1a: Landorus|U-turn|p2a: Alomomola\n|-damage|p2a: Alomomola|82\/100\n|\n|t:|1700058176\n|switch|p1a: Muk|Muk-Alola, F|39\/100|[from] U-turn\n|\n|-heal|p1a: Muk|45\/100|[from] item: Leftovers\n|-damage|p2a: Alomomola|70\/100|[from] item: Sticky Barb\n|upkeep\n|turn|10\n|\n|t:|1700058184\n|move|p1a: Muk|Poison Jab|p2a: Alomomola\n|-damage|p2a: Alomomola|49\/100\n|move|p2a: Alomomola|Flip Turn|p1a: Muk\n|-damage|p1a: Muk|27\/100\n|\n|t:|1700058188\n|switch|p2a: Iron Valiant|Iron Valiant, tera:Fairy|43\/100|[from] Flip Turn\n|\n|-heal|p1a: Muk|33\/100|[from] item: Leftovers\n|upkeep\n|turn|11\n|\n|t:|1700058191\n|move|p1a: Muk|Protect|p1a: Muk\n|-singleturn|p1a: Muk|Protect\n|move|p2a: Iron Valiant|Moonblast|p1a: Muk\n|-activate|p1a: Muk|move: Protect\n|\n|-heal|p1a: Muk|39\/100|[from] item: Leftovers\n|upkeep\n|turn|12\n|\n|t:|1700058193\n|switch|p1a: Clefable|Clefable, F|2\/100\n|move|p2a: Iron Valiant|Moonblast|p1a: Clefable\n|-damage|p1a: Clefable|0 fnt\n|faint|p1a: Clefable\n|\n|upkeep\n|\n|t:|1700058194\n|switch|p1a: Cinderace|Cinderace, M|100\/100\n|turn|13\n|\n|t:|1700058199\n|-end|p2a: Iron Valiant|Quark Drive|[silent]\n|switch|p2a: Zapdos|Zapdos|100\/100\n|move|p1a: Cinderace|Will-O-Wisp|p2a: Zapdos\n|-status|p2a: Zapdos|brn\n|\n|-damage|p2a: Zapdos|94\/100 brn|[from] brn\n|upkeep\n|turn|14\n|\n|t:|1700058211\n|move|p1a: Cinderace|Pyro Ball|p2a: Zapdos\n|-damage|p2a: Zapdos|52\/100 brn\n|move|p2a: Zapdos|U-turn|p1a: Cinderace\n|-resisted|p1a: Cinderace\n|-damage|p1a: Cinderace|96\/100\n|\n|t:|1700058215\n|switch|p2a: Alomomola|Alomomola, F|83\/100|[from] U-turn\n|\n|-damage|p2a: Alomomola|70\/100|[from] item: Sticky Barb\n|upkeep\n|turn|15\n|\n|t:|1700058218\n|move|p1a: Cinderace|Will-O-Wisp|p2a: Alomomola\n|-status|p2a: Alomomola|brn\n|move|p2a: Alomomola|Flip Turn|p1a: Cinderace\n|-supereffective|p1a: Cinderace\n|-damage|p1a: Cinderace|75\/100\n|\n|t:|1700058221\n|switch|p2a: Ting-Lu|Ting-Lu|62\/100|[from] Flip Turn\n|-ability|p2a: Ting-Lu|Vessel of Ruin\n|\n|upkeep\n|turn|16\n|\n|t:|1700058223\n|switch|p2a: Alomomola|Alomomola, F|100\/100 brn\n|move|p1a: Cinderace|Will-O-Wisp|p2a: Alomomola|[miss]\n|-miss|p1a: Cinderace|p2a: Alomomola\n|\n|-damage|p2a: Alomomola|94\/100 brn|[from] brn\n|-damage|p2a: Alomomola|82\/100 brn|[from] item: Sticky Barb\n|upkeep\n|turn|17\n|\n|t:|1700058227\n|move|p1a: Cinderace|U-turn|p2a: Alomomola\n|-damage|p2a: Alomomola|68\/100 brn\n|\n|t:|1700058229\n|switch|p1a: Muk|Muk-Alola, F|39\/100|[from] U-turn\n|move|p2a: Alomomola|Flip Turn|p1a: Muk\n|-damage|p1a: Muk|31\/100\n|\n|t:|1700058235\n|switch|p2a: Iron Valiant|Iron Valiant, tera:Fairy|43\/100|[from] Flip Turn\n|\n|-heal|p1a: Muk|37\/100|[from] item: Leftovers\n|upkeep\n|turn|18\n|\n|t:|1700058238\n|move|p1a: Muk|Protect|p1a: Muk\n|-singleturn|p1a: Muk|Protect\n|move|p2a: Iron Valiant|Moonblast|p1a: Muk\n|-activate|p1a: Muk|move: Protect\n|\n|-heal|p1a: Muk|43\/100|[from] item: Leftovers\n|upkeep\n|turn|19\n|\n|t:|1700058245\n|switch|p1a: Dondozo|Dondozo, M|100\/100\n|move|p2a: Iron Valiant|Moonblast|p1a: Dondozo\n|-damage|p1a: Dondozo|8\/100\n|\n|-heal|p1a: Dondozo|14\/100|[from] item: Leftovers\n|upkeep\n|turn|20\n|\n|t:|1700058249\n|move|p2a: Iron Valiant|Moonblast|p1a: Dondozo\n|-damage|p1a: Dondozo|0 fnt\n|faint|p1a: Dondozo\n|\n|upkeep\n|\n|t:|1700058251\n|switch|p1a: Cinderace|Cinderace, M|75\/100\n|turn|21\n|\n|t:|1700058257\n|-end|p2a: Iron Valiant|Quark Drive|[silent]\n|switch|p2a: Alomomola|Alomomola, F|100\/100 brn\n|move|p1a: Cinderace|U-turn|p2a: Alomomola\n|-damage|p2a: Alomomola|86\/100 brn\n|\n|t:|1700058259\n|switch|p1a: Landorus|Landorus-Therian, M|50\/100|[from] U-turn\n|-ability|p1a: Landorus|Intimidate|boost\n|-unboost|p2a: Alomomola|atk|1\n|\n|-damage|p2a: Alomomola|79\/100 brn|[from] brn\n|-damage|p2a: Alomomola|67\/100 brn|[from] item: Sticky Barb\n|upkeep\n|turn|22\n|\n|t:|1700058288\n|move|p1a: Landorus|Stealth Rock|p2a: Alomomola\n|-sidestart|p2: OUHF Zam Zam|move: Stealth Rock\n|move|p2a: Alomomola|Flip Turn|p1a: Landorus\n|-supereffective|p1a: Landorus\n|-damage|p1a: Landorus|43\/100\n|-damage|p2a: Alomomola|50\/100 brn|[from] item: Rocky Helmet|[of] p1a: Landorus\n|\n|t:|1700058294\n|switch|p2a: Iron Valiant|Iron Valiant, tera:Fairy|43\/100|[from] Flip Turn\n|-damage|p2a: Iron Valiant|31\/100|[from] Stealth Rock\n|\n|upkeep\n|turn|23\n|\n|t:|1700058298\n|move|p2a: Iron Valiant|Moonblast|p1a: Landorus\n|-damage|p1a: Landorus|0 fnt\n|faint|p1a: Landorus\n|\n|upkeep\n|\n|t:|1700058302\n|switch|p1a: Cinderace|Cinderace, M|75\/100\n|turn|24\n|\n|t:|1700058305\n|-end|p2a: Iron Valiant|Quark Drive|[silent]\n|switch|p2a: Alomomola|Alomomola, F|84\/100 brn\n|-damage|p2a: Alomomola|71\/100 brn|[from] Stealth Rock\n|move|p1a: Cinderace|Pyro Ball|p2a: Alomomola\n|-resisted|p2a: Alomomola\n|-damage|p2a: Alomomola|52\/100 brn\n|\n|-damage|p2a: Alomomola|46\/100 brn|[from] brn\n|-damage|p2a: Alomomola|34\/100 brn|[from] item: Sticky Barb\n|upkeep\n|turn|25\n|\n|t:|1700058309\n|move|p1a: Cinderace|Pyro Ball|p2a: Alomomola\n|-resisted|p2a: Alomomola\n|-damage|p2a: Alomomola|16\/100 brn\n|move|p2a: Alomomola|Flip Turn|p1a: Cinderace\n|-supereffective|p1a: Cinderace\n|-damage|p1a: Cinderace|54\/100\n|\n|t:|1700058318\n|switch|p2a: Weavile|Weavile, M|100\/100|[from] Flip Turn\n|-damage|p2a: Weavile|76\/100|[from] Stealth Rock\n|-ability|p2a: Weavile|Pressure\n|\n|upkeep\n|turn|26\n|\n|t:|1700058325\n|switch|p1a: Muk|Muk-Alola, F|43\/100\n|move|p2a: Weavile|Knock Off|p1a: Muk\n|-resisted|p1a: Muk\n|-damage|p1a: Muk|18\/100\n|-enditem|p1a: Muk|Leftovers|[from] move: Knock Off|[of] p2a: Weavile\n|\n|upkeep\n|turn|27\n|\n|t:|1700058335\n|switch|p2a: Alomomola|Alomomola, F|50\/100 brn\n|-damage|p2a: Alomomola|37\/100 brn|[from] Stealth Rock\n|move|p1a: Muk|Poison Jab|p2a: Alomomola\n|-damage|p2a: Alomomola|13\/100 brn\n|\n|-damage|p2a: Alomomola|7\/100 brn|[from] brn\n|-damage|p1a: Muk|6\/100|[from] item: Sticky Barb\n|upkeep\n|turn|28\n|\n|t:|1700058356\n|switch|p2a: Iron Valiant|Iron Valiant, tera:Fairy|31\/100\n|-damage|p2a: Iron Valiant|18\/100|[from] Stealth Rock\n|move|p1a: Muk|Poison Jab|p2a: Iron Valiant\n|-supereffective|p2a: Iron Valiant\n|-damage|p2a: Iron Valiant|0 fnt\n|faint|p2a: Iron Valiant\n|-end|p2a: Iron Valiant|Quark Drive|[silent]\n|\n|-damage|p1a: Muk|0 fnt|[from] item: Sticky Barb\n|faint|p1a: Muk\n|upkeep\n|\n|t:|1700058364\n|switch|p2a: Zapdos|Zapdos|52\/100 brn\n|switch|p1a: Cinderace|Cinderace, M|54\/100\n|turn|29\n|\n|t:|1700058368\n|move|p1a: Cinderace|Pyro Ball|p2a: Zapdos\n|-crit|p2a: Zapdos\n|-damage|p2a: Zapdos|0 fnt\n|faint|p2a: Zapdos\n|\n|upkeep\n|\n|t:|1700058380\n|switch|p2a: Alomomola|Alomomola, F|40\/100 brn\n|-damage|p2a: Alomomola|28\/100 brn|[from] Stealth Rock\n|turn|30\n|\n|t:|1700058383\n|move|p1a: Cinderace|Pyro Ball|p2a: Alomomola\n|-resisted|p2a: Alomomola\n|-damage|p2a: Alomomola|9\/100 brn\n|move|p2a: Alomomola|Flip Turn|p1a: Cinderace\n|-supereffective|p1a: Cinderace\n|-damage|p1a: Cinderace|35\/100\n|\n|t:|1700058387\n|switch|p2a: Weavile|Weavile, M|76\/100|[from] Flip Turn\n|-damage|p2a: Weavile|51\/100|[from] Stealth Rock\n|-ability|p2a: Weavile|Pressure\n|\n|upkeep\n|turn|31\n|\n|t:|1700058412\n|move|p2a: Weavile|Knock Off|p1a: Cinderace\n|-damage|p1a: Cinderace|0 fnt\n|-enditem|p1a: Cinderace|Heavy-Duty Boots|[from] move: Knock Off|[of] p2a: Weavile\n|faint|p1a: Cinderace\n|\n|upkeep\n|\n|t:|1700058415\n|switch|p1a: Zamazenta|Zamazenta|100\/100\n|-ability|p1a: Zamazenta|Dauntless Shield|boost\n|-boost|p1a: Zamazenta|def|1\n|turn|32\n|\n|t:|1700058420\n|move|p1a: Zamazenta|Substitute|p1a: Zamazenta\n|-start|p1a: Zamazenta|Substitute\n|-damage|p1a: Zamazenta|75\/100\n|move|p2a: Weavile|Icicle Spear|p1a: Zamazenta\n|-activate|p1a: Zamazenta|move: Substitute|[damage]\n|-activate|p1a: Zamazenta|move: Substitute|[damage]\n|-activate|p1a: Zamazenta|move: Substitute|[damage]\n|-activate|p1a: Zamazenta|move: Substitute|[damage]\n|-end|p1a: Zamazenta|Substitute\n|-hitcount|p1a: Zamazenta|5\n|\n|-heal|p1a: Zamazenta|82\/100|[from] item: Leftovers\n|upkeep\n|turn|33\n|j| PQPP214\n|\n|t:|1700058436\n|switch|p2a: Ting-Lu|Ting-Lu|62\/100\n|-damage|p2a: Ting-Lu|55\/100|[from] Stealth Rock\n|-ability|p2a: Ting-Lu|Vessel of Ruin\n|move|p1a: Zamazenta|Iron Defense|p1a: Zamazenta\n|-boost|p1a: Zamazenta|def|2\n|\n|-heal|p1a: Zamazenta|88\/100|[from] item: Leftovers\n|upkeep\n|turn|34\n|\n|t:|1700058439\n|move|p1a: Zamazenta|Body Press|p2a: Ting-Lu\n|-supereffective|p2a: Ting-Lu\n|-damage|p2a: Ting-Lu|0 fnt\n|faint|p2a: Ting-Lu\n|\n|-heal|p1a: Zamazenta|94\/100|[from] item: Leftovers\n|upkeep\n|-message|OUHF Zam Zam forfeited.\n|\n|win|The Pokemon Place\n|raw|The Pokemon Place's rating: 1829 &rarr; <strong>1852<\/strong><br \/>(+23 for winning)\n|raw|OUHF Zam Zam's rating: 1882 &rarr; <strong>1859<\/strong><br \/>(-23 for losing)\n|l|\u2606OUHF Zam Zam\n|c|\u2606The Pokemon Place|gg\n","uploadtime":1700058450,"views":8,"p1id":"thepokemonplace","p2id":"ouhfzamzam","formatid":"gen9ou","rating":1852,"private":0,"password":""}