{"id":"gen9ou-1988832519","p1":"Welcometoearth420","p2":"wooloo supremacy","format":"[Gen 9] OU","log":"|j|\u2606Welcometoearth420\n|j|\u2606wooloo supremacy\n|t:|1699770080\n|gametype|singles\n|player|p1|Welcometoearth420|2|1518\n|player|p2|wooloo supremacy|adaman|1545\n|teamsize|p1|6\n|teamsize|p2|6\n|gen|9\n|tier|[Gen 9] OU\n|rated|\n|rule|Sleep Clause Mod: Limit one foe put to sleep\n|rule|Species Clause: Limit one of each Pok\u00e9mon\n|rule|OHKO Clause: OHKO moves are banned\n|rule|Evasion Items Clause: Evasion items are banned\n|rule|Evasion Moves Clause: Evasion moves are banned\n|rule|Endless Battle Clause: Forcing endless battles is banned\n|rule|HP Percentage Mod: HP is shown in percentages\n|clearpoke\n|poke|p1|Corviknight, M|\n|poke|p1|Dragapult, M|\n|poke|p1|Slowking-Galar, M|\n|poke|p1|Gliscor, M|\n|poke|p1|Iron Valiant|\n|poke|p1|Milotic, F|\n|poke|p2|Walking Wake|\n|poke|p2|Cinderace, F|\n|poke|p2|Ninetales, M|\n|poke|p2|Brute Bonnet|\n|poke|p2|Hatterene, F|\n|poke|p2|Great Tusk|\n|teampreview\n|inactive|Battle timer is ON: inactive players will automatically lose when time's up. (requested by wooloo supremacy)\n|j| Blue0103\n|inactive|wooloo supremacy has 120 seconds left.\n|\n|t:|1699770113\n|start\n|switch|p1a: Dragapult|Dragapult, M|100\/100\n|switch|p2a: Walking Wake|Walking Wake|100\/100\n|turn|1\n|inactive|wooloo supremacy has 120 seconds left.\n|\n|t:|1699770161\n|-end|p2a: Walking Wake|Protosynthesis|[silent]\n|switch|p2a: Hatterene|Hatterene, F|100\/100\n|move|p1a: Dragapult|Draco Meteor|p2a: Hatterene\n|-immune|p2a: Hatterene\n|\n|upkeep\n|turn|2\n|\n|t:|1699770166\n|switch|p1a: Slowking|Slowking-Galar, M|100\/100\n|move|p2a: Hatterene|Nuzzle|p1a: Slowking\n|-damage|p1a: Slowking|95\/100\n|-status|p1a: Slowking|par\n|\n|upkeep\n|turn|3\n|inactive|wooloo supremacy has 120 seconds left.\n|l| Blue0103\n|\n|t:|1699770183\n|switch|p2a: Ninetales|Ninetales, M|100\/100\n|-weather|SunnyDay|[from] ability: Drought|[of] p2a: Ninetales\n|move|p1a: Slowking|Sludge Bomb|p2a: Ninetales\n|-damage|p2a: Ninetales|67\/100\n|\n|-weather|SunnyDay|[upkeep]\n|upkeep\n|turn|4\n|\n|t:|1699770202\n|switch|p2a: Great Tusk|Great Tusk|100\/100\n|-activate|p2a: Great Tusk|ability: Protosynthesis\n|-start|p2a: Great Tusk|protosynthesisdef\n|move|p1a: Slowking|Future Sight|p2a: Great Tusk\n|-start|p1a: Slowking|move: Future Sight\n|\n|-weather|SunnyDay|[upkeep]\n|upkeep\n|turn|5\n|\n|t:|1699770209\n|switch|p1a: Corviknight|Corviknight, M|100\/100\n|move|p2a: Great Tusk|Close Combat|p1a: Corviknight\n|-damage|p1a: Corviknight|67\/100\n|-unboost|p2a: Great Tusk|def|1\n|-unboost|p2a: Great Tusk|spd|1\n|-enditem|p2a: Great Tusk|Eject Pack\n|-damage|p2a: Great Tusk|84\/100|[from] item: Rocky Helmet|[of] p1a: Corviknight\n|\n|t:|1699770215\n|-end|p2a: Great Tusk|Protosynthesis|[silent]\n|switch|p2a: Hatterene|Hatterene, F|100\/100\n|\n|-weather|SunnyDay|[upkeep]\n|upkeep\n|turn|6\n|\n|t:|1699770221\n|switch|p1a: Slowking|Slowking-Galar, M|100\/100 par\n|move|p2a: Hatterene|Psychic|p1a: Slowking\n|-damage|p1a: Slowking|85\/100 par\n|\n|-weather|SunnyDay|[upkeep]\n|-end|p2a: Hatterene|move: Future Sight\n|-resisted|p2a: Hatterene\n|-damage|p2a: Hatterene|84\/100\n|upkeep\n|turn|7\n|\n|t:|1699770226\n|switch|p2a: Cinderace|Cinderace, F|100\/100\n|move|p1a: Slowking|Future Sight|p2a: Cinderace\n|-start|p1a: Slowking|move: Future Sight\n|\n|-weather|SunnyDay|[upkeep]\n|upkeep\n|turn|8\n|\n|t:|1699770232\n|switch|p1a: Gliscor|Gliscor, M|100\/100\n|move|p2a: Cinderace|Pyro Ball|p1a: Gliscor\n|-damage|p1a: Gliscor|50\/100\n|\n|-weather|SunnyDay|[upkeep]\n|-status|p1a: Gliscor|tox|[from] item: Toxic Orb\n|upkeep\n|turn|9\n|\n|t:|1699770237\n|switch|p2a: Walking Wake|Walking Wake|100\/100\n|-activate|p2a: Walking Wake|ability: Protosynthesis\n|-start|p2a: Walking Wake|protosynthesisspa\n|move|p1a: Gliscor|Protect||[still]\n|-fail|p1a: Gliscor\n|\n|-weather|SunnyDay|[upkeep]\n|-end|p2a: Walking Wake|move: Future Sight\n|-damage|p2a: Walking Wake|47\/100\n|-heal|p1a: Gliscor|63\/100 tox|[from] ability: Poison Heal\n|upkeep\n|turn|10\n|\n|t:|1699770243\n|-end|p2a: Walking Wake|Protosynthesis|[silent]\n|switch|p2a: Brute Bonnet|Brute Bonnet|100\/100\n|-activate|p2a: Brute Bonnet|ability: Protosynthesis\n|-start|p2a: Brute Bonnet|protosynthesisatk\n|switch|p1a: Milotic|Milotic, F|100\/100\n|\n|-weather|none\n|-end|p2a: Brute Bonnet|Protosynthesis\n|upkeep\n|turn|11\n|\n|t:|1699770250\n|switch|p1a: Corviknight|Corviknight, M|67\/100\n|move|p2a: Brute Bonnet|Spore|p1a: Corviknight\n|-status|p1a: Corviknight|slp|[from] move: Spore\n|\n|upkeep\n|turn|12\n|\n|t:|1699770259\n|-end|p2a: Brute Bonnet|Protosynthesis|[silent]\n|switch|p2a: Cinderace|Cinderace, F|100\/100\n|switch|p1a: Iron Valiant|Iron Valiant|100\/100\n|-enditem|p1a: Iron Valiant|Booster Energy\n|-activate|p1a: Iron Valiant|ability: Quark Drive|[fromitem]\n|-start|p1a: Iron Valiant|quarkdrivespe\n|\n|upkeep\n|turn|13\n|\n|t:|1699770271\n|switch|p2a: Ninetales|Ninetales, M|67\/100\n|-weather|SunnyDay|[from] ability: Drought|[of] p2a: Ninetales\n|move|p1a: Iron Valiant|Knock Off|p2a: Ninetales\n|-damage|p2a: Ninetales|25\/100\n|-enditem|p2a: Ninetales|Heat Rock|[from] move: Knock Off|[of] p1a: Iron Valiant\n|\n|-weather|SunnyDay|[upkeep]\n|upkeep\n|turn|14\n|\n|t:|1699770281\n|switch|p2a: Hatterene|Hatterene, F|84\/100\n|move|p1a: Iron Valiant|Swords Dance|p1a: Iron Valiant\n|-boost|p1a: Iron Valiant|atk|2\n|\n|-weather|SunnyDay|[upkeep]\n|upkeep\n|turn|15\n|\n|t:|1699770286\n|-terastallize|p1a: Iron Valiant|Dark\n|move|p1a: Iron Valiant|Knock Off|p2a: Hatterene\n|-damage|p2a: Hatterene|0 fnt\n|-enditem|p2a: Hatterene|Eject Button|[from] move: Knock Off|[of] p1a: Iron Valiant\n|faint|p2a: Hatterene\n|\n|-weather|SunnyDay|[upkeep]\n|upkeep\n|\n|t:|1699770289\n|switch|p2a: Cinderace|Cinderace, F|100\/100\n|turn|16\n|\n|t:|1699770293\n|move|p2a: Cinderace|Pyro Ball|p1a: Iron Valiant\n|-crit|p1a: Iron Valiant\n|-damage|p1a: Iron Valiant|0 fnt\n|faint|p1a: Iron Valiant\n|-end|p1a: Iron Valiant|Quark Drive|[silent]\n|\n|-weather|SunnyDay|[upkeep]\n|upkeep\n|\n|t:|1699770301\n|switch|p1a: Dragapult|Dragapult, M|100\/100\n|turn|17\n|\n|t:|1699770309\n|switch|p2a: Great Tusk|Great Tusk|84\/100\n|-activate|p2a: Great Tusk|ability: Protosynthesis\n|-start|p2a: Great Tusk|protosynthesisdef\n|move|p1a: Dragapult|Draco Meteor|p2a: Great Tusk\n|-damage|p2a: Great Tusk|0 fnt\n|-unboost|p1a: Dragapult|spa|2\n|faint|p2a: Great Tusk\n|-end|p2a: Great Tusk|Protosynthesis|[silent]\n|\n|-weather|SunnyDay|[upkeep]\n|upkeep\n|\n|t:|1699770315\n|switch|p2a: Cinderace|Cinderace, F|100\/100\n|turn|18\n|\n|t:|1699770323\n|switch|p1a: Milotic|Milotic, F|100\/100\n|-terastallize|p2a: Cinderace|Fire\n|move|p2a: Cinderace|Pyro Ball|p1a: Milotic\n|-resisted|p1a: Milotic\n|-damage|p1a: Milotic|40\/100\n|-status|p1a: Milotic|brn\n|\n|-weather|SunnyDay|[upkeep]\n|-damage|p1a: Milotic|34\/100 brn|[from] brn\n|upkeep\n|turn|19\n|\n|t:|1699770332\n|move|p2a: Cinderace|Pyro Ball|p1a: Milotic\n|-resisted|p1a: Milotic\n|-damage|p1a: Milotic|0 fnt\n|faint|p1a: Milotic\n|\n|-weather|SunnyDay|[upkeep]\n|upkeep\n|\n|t:|1699770334\n|switch|p1a: Dragapult|Dragapult, M|100\/100\n|turn|20\n|\n|t:|1699770345\n|switch|p2a: Walking Wake|Walking Wake|47\/100\n|-activate|p2a: Walking Wake|ability: Protosynthesis\n|-start|p2a: Walking Wake|protosynthesisspa\n|move|p1a: Dragapult|Draco Meteor|p2a: Walking Wake\n|-supereffective|p2a: Walking Wake\n|-damage|p2a: Walking Wake|0 fnt\n|-unboost|p1a: Dragapult|spa|2\n|faint|p2a: Walking Wake\n|-end|p2a: Walking Wake|Protosynthesis|[silent]\n|\n|-weather|none\n|upkeep\n|\n|t:|1699770348\n|switch|p2a: Ninetales|Ninetales, M|25\/100\n|-weather|SunnyDay|[from] ability: Drought|[of] p2a: Ninetales\n|turn|21\n|\n|t:|1699770355\n|switch|p2a: Cinderace|Cinderace, F, tera:Fire|100\/100\n|move|p1a: Dragapult|Draco Meteor|p2a: Cinderace\n|-damage|p2a: Cinderace|44\/100\n|-unboost|p1a: Dragapult|spa|2\n|\n|-weather|SunnyDay|[upkeep]\n|upkeep\n|turn|22\n|\n|t:|1699770362\n|switch|p1a: Gliscor|Gliscor, M|63\/100 tox\n|move|p2a: Cinderace|Pyro Ball|p1a: Gliscor\n|-damage|p1a: Gliscor|0 fnt\n|faint|p1a: Gliscor\n|\n|-weather|SunnyDay|[upkeep]\n|upkeep\n|\n|t:|1699770368\n|switch|p1a: Dragapult|Dragapult, M|100\/100\n|turn|23\n|\n|t:|1699770374\n|switch|p2a: Ninetales|Ninetales, M|25\/100\n|move|p1a: Dragapult|Draco Meteor|p2a: Ninetales\n|-damage|p2a: Ninetales|0 fnt\n|-unboost|p1a: Dragapult|spa|2\n|faint|p2a: Ninetales\n|\n|-weather|SunnyDay|[upkeep]\n|upkeep\n|\n|t:|1699770377\n|switch|p2a: Cinderace|Cinderace, F, tera:Fire|44\/100\n|turn|24\n|\n|t:|1699770384\n|switch|p1a: Slowking|Slowking-Galar, M|100\/100 par\n|move|p2a: Cinderace|Flare Blitz|p1a: Slowking\n|-damage|p1a: Slowking|0 fnt\n|faint|p1a: Slowking\n|-damage|p2a: Cinderace|1\/100|[from] Recoil\n|\n|-weather|SunnyDay|[upkeep]\n|upkeep\n|\n|t:|1699770394\n|switch|p1a: Dragapult|Dragapult, M|100\/100\n|turn|25\n|\n|t:|1699770404\n|move|p2a: Cinderace|Flare Blitz|p1a: Dragapult\n|-resisted|p1a: Dragapult\n|-damage|p1a: Dragapult|0 fnt\n|faint|p1a: Dragapult\n|-damage|p2a: Cinderace|0 fnt|[from] Recoil\n|faint|p2a: Cinderace\n|\n|-weather|none\n|upkeep\n|\n|t:|1699770409\n|switch|p1a: Corviknight|Corviknight, M|67\/100 slp\n|switch|p2a: Brute Bonnet|Brute Bonnet|100\/100\n|turn|26\n|\n|t:|1699770412\n|move|p2a: Brute Bonnet|Growth|p2a: Brute Bonnet\n|-boost|p2a: Brute Bonnet|atk|1\n|-boost|p2a: Brute Bonnet|spa|1\n|cant|p1a: Corviknight|slp\n|\n|upkeep\n|turn|27\n|\n|t:|1699770415\n|move|p2a: Brute Bonnet|Growth|p2a: Brute Bonnet\n|-boost|p2a: Brute Bonnet|atk|1\n|-boost|p2a: Brute Bonnet|spa|1\n|-curestatus|p1a: Corviknight|slp|[msg]\n|move|p1a: Corviknight|Brave Bird|p2a: Brute Bonnet\n|-supereffective|p2a: Brute Bonnet\n|-damage|p2a: Brute Bonnet|36\/100\n|-damage|p1a: Corviknight|47\/100|[from] Recoil\n|\n|upkeep\n|turn|28\n|\n|t:|1699770417\n|move|p2a: Brute Bonnet|Spore|p1a: Corviknight\n|-status|p1a: Corviknight|slp|[from] move: Spore\n|cant|p1a: Corviknight|slp\n|\n|upkeep\n|turn|29\n|\n|t:|1699770419\n|move|p2a: Brute Bonnet|Bullet Seed|p1a: Corviknight\n|-resisted|p1a: Corviknight\n|-damage|p1a: Corviknight|43\/100 slp\n|-resisted|p1a: Corviknight\n|-damage|p1a: Corviknight|39\/100 slp\n|-resisted|p1a: Corviknight\n|-damage|p1a: Corviknight|35\/100 slp\n|-resisted|p1a: Corviknight\n|-damage|p1a: Corviknight|31\/100 slp\n|-hitcount|p1a: Corviknight|4\n|cant|p1a: Corviknight|slp\n|\n|upkeep\n|turn|30\n|\n|t:|1699770426\n|move|p2a: Brute Bonnet|Sucker Punch||[still]\n|-fail|p2a: Brute Bonnet\n|-curestatus|p1a: Corviknight|slp|[msg]\n|move|p1a: Corviknight|Roost|p1a: Corviknight\n|-heal|p1a: Corviknight|81\/100\n|-singleturn|p1a: Corviknight|move: Roost\n|\n|upkeep\n|turn|31\n|\n|t:|1699770428\n|move|p2a: Brute Bonnet|Spore|p1a: Corviknight\n|-status|p1a: Corviknight|slp|[from] move: Spore\n|cant|p1a: Corviknight|slp\n|\n|upkeep\n|turn|32\n|\n|t:|1699770431\n|move|p2a: Brute Bonnet|Bullet Seed|p1a: Corviknight\n|-resisted|p1a: Corviknight\n|-damage|p1a: Corviknight|77\/100 slp\n|-resisted|p1a: Corviknight\n|-damage|p1a: Corviknight|73\/100 slp\n|-resisted|p1a: Corviknight\n|-damage|p1a: Corviknight|69\/100 slp\n|-resisted|p1a: Corviknight\n|-damage|p1a: Corviknight|64\/100 slp\n|-hitcount|p1a: Corviknight|4\n|cant|p1a: Corviknight|slp\n|\n|upkeep\n|turn|33\n|\n|t:|1699770433\n|move|p2a: Brute Bonnet|Bullet Seed|p1a: Corviknight\n|-resisted|p1a: Corviknight\n|-damage|p1a: Corviknight|60\/100 slp\n|-resisted|p1a: Corviknight\n|-damage|p1a: Corviknight|56\/100 slp\n|-resisted|p1a: Corviknight\n|-damage|p1a: Corviknight|52\/100 slp\n|-resisted|p1a: Corviknight\n|-damage|p1a: Corviknight|48\/100 slp\n|-hitcount|p1a: Corviknight|4\n|cant|p1a: Corviknight|slp\n|\n|upkeep\n|turn|34\n|\n|t:|1699770438\n|move|p2a: Brute Bonnet|Growth|p2a: Brute Bonnet\n|-boost|p2a: Brute Bonnet|atk|1\n|-boost|p2a: Brute Bonnet|spa|1\n|-curestatus|p1a: Corviknight|slp|[msg]\n|move|p1a: Corviknight|Brave Bird|p2a: Brute Bonnet\n|-supereffective|p2a: Brute Bonnet\n|-damage|p2a: Brute Bonnet|0 fnt\n|faint|p2a: Brute Bonnet\n|-end|p2a: Brute Bonnet|Protosynthesis|[silent]\n|-damage|p1a: Corviknight|37\/100|[from] Recoil\n|\n|win|Welcometoearth420\n|raw|Welcometoearth420's rating: 1518 &rarr; <strong>1540<\/strong><br \/>(+22 for winning)\n|raw|wooloo supremacy's rating: 1545 &rarr; <strong>1523<\/strong><br \/>(-22 for losing)\n","uploadtime":1699770441,"views":13,"p1id":"welcometoearth420","p2id":"wooloosupremacy","formatid":"gen9ou","rating":1523,"private":0,"password":""}