{"id":"gen9ou-1993896778","p1":"qrib","p2":"yomaalt","format":"[Gen 9] OU","log":"|j|\u2606qrib\n|j|\u2606yomaalt\n|inactive|Battle timer is ON: inactive players will automatically lose when time's up.\n|t:|1700371749\n|gametype|singles\n|player|p1|qrib|alec-anime|\n|player|p2|yomaalt|1|\n|teamsize|p1|6\n|teamsize|p2|6\n|gen|9\n|tier|[Gen 9] OU\n|rated|Tournament battle\n|rule|Sleep Clause Mod: Limit one foe put to sleep\n|rule|Species Clause: Limit one of each Pok\u00e9mon\n|rule|OHKO Clause: OHKO moves are banned\n|rule|Evasion Items Clause: Evasion items are banned\n|rule|Evasion Moves Clause: Evasion moves are banned\n|rule|Endless Battle Clause: Forcing endless battles is banned\n|rule|HP Percentage Mod: HP is shown in percentages\n|clearpoke\n|poke|p1|Ogerpon-Wellspring, F|\n|poke|p1|Dragapult, F|\n|poke|p1|Kingambit, F|\n|poke|p1|Great Tusk|\n|poke|p1|Iron Moth|\n|poke|p1|Enamorus-Therian, F|\n|poke|p2|Zamazenta-*|\n|poke|p2|Iron Valiant|\n|poke|p2|Zapdos|\n|poke|p2|Gholdengo|\n|poke|p2|Ogerpon-Wellspring, F|\n|poke|p2|Kingambit, M|\n|teampreview\n|inactive|qrib also wants the timer to be on.\n|c|\u2606qrib|hf\n|c|\u2606yomaalt|hf\n|\n|t:|1700371761\n|start\n|switch|p1a: Dragapult|Dragapult, F|100\/100\n|switch|p2a: Zapdos|Zapdos|100\/100\n|turn|1\n|j|#SetsuStsna\n|\n|t:|1700371768\n|move|p1a: Dragapult|Shadow Ball|p2a: Zapdos\n|-damage|p2a: Zapdos|50\/100\n|move|p2a: Zapdos|Hurricane|p1a: Dragapult|[miss]\n|-miss|p2a: Zapdos|p1a: Dragapult\n|\n|upkeep\n|turn|2\n|c|\u2606yomaalt|i don't know what i'm doing\n|j| VicBossMG\n|j| SDK04\n|\n|t:|1700371775\n|switch|p2a: Kingambit|Kingambit, M|100\/100\n|move|p1a: Dragapult|Shadow Ball|p2a: Kingambit\n|-resisted|p2a: Kingambit\n|-damage|p2a: Kingambit|75\/100\n|\n|-heal|p2a: Kingambit|81\/100|[from] item: Leftovers\n|upkeep\n|turn|3\n|j| xdool\n|j|@Mimikyu Stardust\n|\n|t:|1700371777\n|switch|p1a: Great Tusk|Great Tusk|100\/100\n|move|p2a: Kingambit|Iron Head|p1a: Great Tusk\n|-damage|p1a: Great Tusk|79\/100\n|-damage|p2a: Kingambit|65\/100|[from] item: Rocky Helmet|[of] p1a: Great Tusk\n|\n|-heal|p2a: Kingambit|71\/100|[from] item: Leftovers\n|upkeep\n|turn|4\n|j| Reukra671\n|j| empo ma mannn\n|j| fghj4\n|\n|t:|1700371779\n|-end|p2a: Kingambit|fallenundefined|[silent]\n|switch|p2a: Zapdos|Zapdos|50\/100\n|move|p1a: Great Tusk|Stealth Rock|p2a: Zapdos\n|-sidestart|p2: yomaalt|move: Stealth Rock\n|\n|upkeep\n|turn|5\n|\n|t:|1700371782\n|move|p2a: Zapdos|Hurricane|p1a: Great Tusk\n|-supereffective|p1a: Great Tusk\n|-crit|p1a: Great Tusk\n|-damage|p1a: Great Tusk|0 fnt\n|faint|p1a: Great Tusk\n|-end|p1a: Great Tusk|Protosynthesis|[silent]\n|\n|upkeep\n|\n|t:|1700371785\n|switch|p1a: Dragapult|Dragapult, F|100\/100\n|turn|6\n|j| tnkkni\n|c|\u2606yomaalt|zapdos still whiffing? nothing has changed\n|\n|t:|1700371792\n|move|p1a: Dragapult|Shadow Ball|p2a: Zapdos\n|-damage|p2a: Zapdos|0 fnt\n|faint|p2a: Zapdos\n|\n|upkeep\n|j| majorcroke\n|\n|t:|1700371795\n|switch|p2a: Kingambit|Kingambit, M|71\/100\n|-damage|p2a: Kingambit|65\/100|[from] Stealth Rock\n|-activate|p2a: Kingambit|ability: Supreme Overlord\n|-start|p2a: Kingambit|fallen1|[silent]\n|turn|7\n|j| SandGetsEverywhere\n|\n|t:|1700371802\n|switch|p1a: Iron Moth|Iron Moth|100\/100\n|-enditem|p1a: Iron Moth|Booster Energy\n|-activate|p1a: Iron Moth|ability: Quark Drive|[fromitem]\n|-start|p1a: Iron Moth|quarkdrivespe\n|move|p2a: Kingambit|Iron Head|p1a: Iron Moth\n|-resisted|p1a: Iron Moth\n|-damage|p1a: Iron Moth|63\/100\n|\n|-heal|p2a: Kingambit|71\/100|[from] item: Leftovers\n|upkeep\n|turn|8\n|l|mimikyustardust\n|\n|t:|1700371810\n|-end|p2a: Kingambit|fallen1|[silent]\n|switch|p2a: Zamazenta|Zamazenta|100\/100\n|-ability|p2a: Zamazenta|Dauntless Shield|boost\n|-boost|p2a: Zamazenta|def|1\n|move|p1a: Iron Moth|Fiery Dance|p2a: Zamazenta\n|-damage|p2a: Zamazenta|60\/100\n|-boost|p1a: Iron Moth|spa|1\n|\n|upkeep\n|turn|9\n|j|@ken\n|l| SDK04\n|\n|t:|1700371824\n|-terastallize|p2a: Zamazenta|Steel\n|move|p1a: Iron Moth|Substitute|p1a: Iron Moth\n|-start|p1a: Iron Moth|Substitute\n|-damage|p1a: Iron Moth|38\/100\n|move|p2a: Zamazenta|Stone Edge|p1a: Iron Moth\n|-supereffective|p1a: Iron Moth\n|-end|p1a: Iron Moth|Substitute\n|\n|upkeep\n|turn|10\n|l| tnkkni\n|c|\u2606yomaalt|damn ya got me\n|\n|t:|1700371833\n|move|p1a: Iron Moth|Fiery Dance|p2a: Zamazenta\n|-supereffective|p2a: Zamazenta\n|-damage|p2a: Zamazenta|0 fnt\n|faint|p2a: Zamazenta\n|\n|upkeep\n|\n|t:|1700371838\n|switch|p2a: Iron Valiant|Iron Valiant|100\/100\n|-damage|p2a: Iron Valiant|94\/100|[from] Stealth Rock\n|-enditem|p2a: Iron Valiant|Booster Energy\n|-activate|p2a: Iron Valiant|ability: Quark Drive|[fromitem]\n|-start|p2a: Iron Valiant|quarkdrivespe\n|turn|11\n|\n|t:|1700371841\n|move|p2a: Iron Valiant|Thunderbolt|p1a: Iron Moth\n|-damage|p1a: Iron Moth|5\/100\n|move|p1a: Iron Moth|Sludge Wave|p2a: Iron Valiant\n|-supereffective|p2a: Iron Valiant\n|-damage|p2a: Iron Valiant|0 fnt\n|faint|p2a: Iron Valiant\n|-end|p2a: Iron Valiant|Quark Drive|[silent]\n|\n|upkeep\n|j| Kapingote\n|\n|t:|1700371845\n|switch|p2a: Kingambit|Kingambit, M|71\/100\n|-damage|p2a: Kingambit|65\/100|[from] Stealth Rock\n|-activate|p2a: Kingambit|ability: Supreme Overlord\n|-start|p2a: Kingambit|fallen3|[silent]\n|turn|12\n|\n|t:|1700371850\n|move|p1a: Iron Moth|Fiery Dance|p2a: Kingambit\n|-supereffective|p2a: Kingambit\n|-crit|p2a: Kingambit\n|-damage|p2a: Kingambit|0 fnt\n|faint|p2a: Kingambit\n|-end|p2a: Kingambit|fallen3|[silent]\n|\n|upkeep\n|c|\u2606yomaalt|MISSLC\n|c|@ken|!worrywhirl\n|c|@ken|\/raw <img src=\"https:\/\/cdn.discordapp.com\/emojis\/935435587022897172.png\" width=\"128px\" height=\"126px\" \/>\n|c|\u2606yomaalt|I FUMBLED\n|j| Yungster_Testboi\n|c|\u2606qrib|):\n|c|\u2606yomaalt|it's over\n|c|\u2606yomaalt|gg\n|\n|t:|1700371874\n|switch|p2a: Ogerpon|Ogerpon-Wellspring, F|100\/100\n|-damage|p2a: Ogerpon|88\/100|[from] Stealth Rock\n|turn|13\n|c|\u2606qrib|ggs\n|\n|t:|1700371879\n|move|p1a: Iron Moth|Sludge Wave|p2a: Ogerpon\n|-supereffective|p2a: Ogerpon\n|-crit|p2a: Ogerpon\n|-damage|p2a: Ogerpon|0 fnt\n|faint|p2a: Ogerpon\n|\n|upkeep\n|\n|t:|1700371883\n|switch|p2a: Gholdengo|Gholdengo|100\/100\n|-damage|p2a: Gholdengo|94\/100|[from] Stealth Rock\n|turn|14\n|l|empomamannn\n|\n|t:|1700371885\n|move|p1a: Iron Moth|Fiery Dance|p2a: Gholdengo\n|-supereffective|p2a: Gholdengo\n|-damage|p2a: Gholdengo|0 fnt\n|faint|p2a: Gholdengo\n|\n|win|qrib\n|n|\u2606qrib|qrib\n|n|\u2606yomaalt|yomaalt\n|n|%SetsuStsna|setsustsna\n|n| VicBossMG|vicbossmg\n|n| xdool|xdool\n|n| Reukra671|reukra671\n|n| fghj4|fghj4\n|n| majorcroke|majorcroke\n|n| SandGetsEverywhere|sandgetseverywhere\n|n|@ken|ken\n|n| Kapingote|kapingote\n|n| Yungster_Testboi|yungstertestboi\n","uploadtime":1700371886,"views":12,"p1id":"qrib","p2id":"yomaalt","formatid":"gen9ou","rating":0,"private":0,"password":""}