{"id":"gen9ou-1996930586","p1":"Bj007","p2":"paintpaintp","format":"[Gen 9] OU","log":"|j|\u2606Bj007\n|j|\u2606paintpaintp\n|t:|1700746254\n|gametype|singles\n|player|p1|Bj007|nate|1227\n|player|p2|paintpaintp|veteran-gen4|1268\n|teamsize|p1|6\n|teamsize|p2|6\n|gen|9\n|tier|[Gen 9] OU\n|rated|\n|rule|Sleep Clause Mod: Limit one foe put to sleep\n|rule|Species Clause: Limit one of each Pok\u00e9mon\n|rule|OHKO Clause: OHKO moves are banned\n|rule|Evasion Items Clause: Evasion items are banned\n|rule|Evasion Moves Clause: Evasion moves are banned\n|rule|Endless Battle Clause: Forcing endless battles is banned\n|rule|HP Percentage Mod: HP is shown in percentages\n|clearpoke\n|poke|p1|Kingambit, F|\n|poke|p1|Iron Valiant|\n|poke|p1|Rillaboom, F|\n|poke|p1|Cinderace, M|\n|poke|p1|Great Tusk|\n|poke|p1|Clodsire, F|\n|poke|p2|Scizor, F|\n|poke|p2|Enamorus, F|\n|poke|p2|Walking Wake|\n|poke|p2|Ninetales, F|\n|poke|p2|Cinderace, M|\n|poke|p2|Great Tusk|\n|teampreview\n|inactive|Battle timer is ON: inactive players will automatically lose when time's up. (requested by Bj007)\n|\n|t:|1700746268\n|start\n|switch|p1a: Great Tusk|Great Tusk|100\/100\n|switch|p2a: Ninetales|Ninetales, F|100\/100\n|-weather|SunnyDay|[from] ability: Drought|[of] p2a: Ninetales\n|-activate|p1a: Great Tusk|ability: Protosynthesis\n|-start|p1a: Great Tusk|protosynthesisatk\n|turn|1\n|\n|t:|1700746279\n|move|p2a: Ninetales|Will-O-Wisp|p1a: Great Tusk|[miss]\n|-miss|p2a: Ninetales|p1a: Great Tusk\n|move|p1a: Great Tusk|Headlong Rush|p2a: Ninetales\n|-supereffective|p2a: Ninetales\n|-damage|p2a: Ninetales|0 fnt\n|-unboost|p1a: Great Tusk|def|1\n|-unboost|p1a: Great Tusk|spd|1\n|faint|p2a: Ninetales\n|\n|-weather|SunnyDay|[upkeep]\n|upkeep\n|\n|t:|1700746289\n|switch|p2a: Walking Wake|Walking Wake|100\/100\n|-activate|p2a: Walking Wake|ability: Protosynthesis\n|-start|p2a: Walking Wake|protosynthesisspa\n|turn|2\n|\n|t:|1700746297\n|-end|p1a: Great Tusk|Protosynthesis|[silent]\n|switch|p1a: Clodsire|Clodsire, F|100\/100\n|move|p2a: Walking Wake|Draco Meteor|p1a: Clodsire\n|-damage|p1a: Clodsire|0 fnt\n|-unboost|p2a: Walking Wake|spa|2\n|faint|p1a: Clodsire\n|\n|-weather|SunnyDay|[upkeep]\n|upkeep\n|\n|t:|1700746319\n|switch|p1a: Cinderace|Cinderace, M|100\/100\n|turn|3\n|c|\u2606paintpaintp|opa magnam style\n|\n|t:|1700746335\n|-end|p2a: Walking Wake|Protosynthesis|[silent]\n|switch|p2a: Enamorus|Enamorus, F|100\/100\n|move|p1a: Cinderace|U-turn|p2a: Enamorus\n|-resisted|p2a: Enamorus\n|-damage|p2a: Enamorus|91\/100\n|\n|t:|1700746346\n|switch|p1a: Rillaboom|Rillaboom, F|100\/100|[from] U-turn\n|-fieldstart|move: Grassy Terrain|[from] ability: Grassy Surge|[of] p1a: Rillaboom\n|\n|-weather|SunnyDay|[upkeep]\n|upkeep\n|turn|4\n|\n|t:|1700746354\n|-terastallize|p1a: Rillaboom|Grass\n|move|p2a: Enamorus|Superpower|p1a: Rillaboom\n|-damage|p1a: Rillaboom|67\/100\n|-boost|p2a: Enamorus|atk|1\n|-boost|p2a: Enamorus|def|1\n|move|p1a: Rillaboom|Wood Hammer|p2a: Enamorus\n|-resisted|p2a: Enamorus\n|-damage|p2a: Enamorus|5\/100\n|-damage|p1a: Rillaboom|47\/100|[from] Recoil\n|\n|-weather|SunnyDay|[upkeep]\n|-heal|p1a: Rillaboom|53\/100|[from] Grassy Terrain\n|upkeep\n|turn|5\n|\n|t:|1700746373\n|switch|p1a: Cinderace|Cinderace, M|100\/100\n|move|p2a: Enamorus|Superpower|p1a: Cinderace\n|-damage|p1a: Cinderace|21\/100\n|-boost|p2a: Enamorus|atk|1\n|-boost|p2a: Enamorus|def|1\n|\n|-weather|SunnyDay|[upkeep]\n|-heal|p1a: Cinderace|27\/100|[from] Grassy Terrain\n|upkeep\n|turn|6\n|\n|t:|1700746384\n|switch|p2a: Great Tusk|Great Tusk|100\/100\n|-activate|p2a: Great Tusk|ability: Protosynthesis\n|-start|p2a: Great Tusk|protosynthesisdef\n|move|p1a: Cinderace|Pyro Ball|p2a: Great Tusk\n|-damage|p2a: Great Tusk|42\/100\n|\n|-weather|SunnyDay|[upkeep]\n|-heal|p1a: Cinderace|33\/100|[from] Grassy Terrain\n|-heal|p2a: Great Tusk|48\/100|[from] Grassy Terrain\n|upkeep\n|turn|7\n|\n|t:|1700746395\n|move|p1a: Cinderace|Pyro Ball|p2a: Great Tusk\n|-damage|p2a: Great Tusk|0 fnt\n|faint|p2a: Great Tusk\n|-end|p2a: Great Tusk|Protosynthesis|[silent]\n|\n|-weather|SunnyDay|[upkeep]\n|-heal|p1a: Cinderace|39\/100|[from] Grassy Terrain\n|-fieldend|move: Grassy Terrain\n|upkeep\n|\n|t:|1700746402\n|switch|p2a: Enamorus|Enamorus, F|5\/100\n|turn|8\n|\n|t:|1700746407\n|move|p2a: Enamorus|Superpower|p1a: Cinderace\n|-damage|p1a: Cinderace|0 fnt\n|-boost|p2a: Enamorus|atk|1\n|-boost|p2a: Enamorus|def|1\n|faint|p1a: Cinderace\n|\n|-weather|none\n|upkeep\n|\n|t:|1700746415\n|switch|p1a: Rillaboom|Rillaboom, F, tera:Grass|53\/100\n|-fieldstart|move: Grassy Terrain|[from] ability: Grassy Surge|[of] p1a: Rillaboom\n|turn|9\n|c|\u2606paintpaintp|wanna see my other great tusk ;)\n|c|\u2606paintpaintp|THAT WSNT ME\n|c|\u2606paintpaintp|MY frined\n|c|\u2606Bj007|ok ?\n|c|\u2606paintpaintp|my bad\n|\n|t:|1700746437\n|move|p1a: Rillaboom|Grassy Glide|p2a: Enamorus\n|-resisted|p2a: Enamorus\n|-damage|p2a: Enamorus|0 fnt\n|faint|p2a: Enamorus\n|\n|-heal|p1a: Rillaboom|59\/100|[from] Grassy Terrain\n|upkeep\n|\n|t:|1700746444\n|switch|p2a: Scizor|Scizor, F|100\/100\n|turn|10\n|\n|t:|1700746451\n|switch|p1a: Great Tusk|Great Tusk|100\/100\n|move|p2a: Scizor|Bug Bite|p1a: Great Tusk\n|-resisted|p1a: Great Tusk\n|-damage|p1a: Great Tusk|80\/100\n|-damage|p2a: Scizor|91\/100|[from] item: Life Orb\n|\n|-heal|p1a: Great Tusk|87\/100|[from] Grassy Terrain\n|-heal|p2a: Scizor|97\/100|[from] Grassy Terrain\n|upkeep\n|turn|11\n|\n|t:|1700746472\n|switch|p2a: Walking Wake|Walking Wake|100\/100\n|move|p1a: Great Tusk|Headlong Rush|p2a: Walking Wake\n|-damage|p2a: Walking Wake|31\/100\n|-unboost|p1a: Great Tusk|def|1\n|-unboost|p1a: Great Tusk|spd|1\n|\n|-heal|p2a: Walking Wake|38\/100|[from] Grassy Terrain\n|-heal|p1a: Great Tusk|93\/100|[from] Grassy Terrain\n|upkeep\n|turn|12\n|\n|t:|1700746487\n|-end|p1a: Great Tusk|Protosynthesis|[silent]\n|switch|p1a: Kingambit|Kingambit, F|100\/100\n|-activate|p1a: Kingambit|ability: Supreme Overlord\n|-start|p1a: Kingambit|fallen2|[silent]\n|-terastallize|p2a: Walking Wake|Water\n|move|p2a: Walking Wake|Hydro Steam|p1a: Kingambit\n|-damage|p1a: Kingambit|29\/100\n|\n|-heal|p2a: Walking Wake|44\/100|[from] Grassy Terrain\n|-heal|p1a: Kingambit|35\/100|[from] Grassy Terrain\n|upkeep\n|turn|13\n|\n|t:|1700746498\n|-end|p2a: Walking Wake|Protosynthesis|[silent]\n|switch|p2a: Scizor|Scizor, F|97\/100\n|move|p1a: Kingambit|Kowtow Cleave|p2a: Scizor\n|-damage|p2a: Scizor|28\/100\n|\n|-heal|p2a: Scizor|34\/100|[from] Grassy Terrain\n|-heal|p1a: Kingambit|41\/100|[from] Grassy Terrain\n|-fieldend|move: Grassy Terrain\n|upkeep\n|turn|14\n|\n|t:|1700746508\n|-end|p1a: Kingambit|fallen2|[silent]\n|switch|p1a: Great Tusk|Great Tusk|93\/100\n|move|p2a: Scizor|Bullet Punch|p1a: Great Tusk\n|-damage|p1a: Great Tusk|64\/100\n|-damage|p2a: Scizor|24\/100|[from] item: Life Orb\n|\n|upkeep\n|turn|15\n|c|\u2606paintpaintp|gg i lose here\n|-message|paintpaintp forfeited.\n|\n|win|Bj007\n|raw|Bj007's rating: 1227 &rarr; <strong>1255<\/strong><br \/>(+28 for winning)\n|raw|paintpaintp's rating: 1268 &rarr; <strong>1240<\/strong><br \/>(-28 for losing)\n|l|\u2606paintpaintp\n","uploadtime":1700746525,"views":2,"p1id":"bj007","p2id":"paintpaintp","formatid":"gen9ou","rating":1240,"private":0,"password":""}