{"id":"gen9ou-1995399100","p1":"Jang Saxophone","p2":"PolHeo","format":"[Gen 9] OU","log":"|j|\u2606Jang Saxophone\n|j|\u2606PolHeo\n|t:|1700565609\n|gametype|singles\n|player|p1|Jang Saxophone|blackbelt|1051\n|player|p2|PolHeo|ninjaboy|1039\n|teamsize|p1|6\n|teamsize|p2|6\n|gen|9\n|tier|[Gen 9] OU\n|rated|\n|rule|Sleep Clause Mod: Limit one foe put to sleep\n|rule|Species Clause: Limit one of each Pok\u00e9mon\n|rule|OHKO Clause: OHKO moves are banned\n|rule|Evasion Items Clause: Evasion items are banned\n|rule|Evasion Moves Clause: Evasion moves are banned\n|rule|Endless Battle Clause: Forcing endless battles is banned\n|rule|HP Percentage Mod: HP is shown in percentages\n|clearpoke\n|poke|p1|Manaphy|\n|poke|p1|Iron Moth|\n|poke|p1|Torkoal, M|\n|poke|p1|Hatterene, F|\n|poke|p1|Ogerpon-Cornerstone, F|\n|poke|p1|Rillaboom, M|\n|poke|p2|Cinderace, M|\n|poke|p2|Zapdos|\n|poke|p2|Zoroark-Hisui, M|\n|poke|p2|Kommo-o, M|\n|poke|p2|Drednaw, M|\n|poke|p2|Glimmora, F|\n|teampreview\n|inactive|Battle timer is ON: inactive players will automatically lose when time's up. (requested by Jang Saxophone)\n|\n|t:|1700565630\n|start\n|switch|p1a: walter pinkman|Hatterene, F|100\/100\n|switch|p2a: Zapdos|Zapdos|100\/100\n|turn|1\n|\n|t:|1700565637\n|move|p2a: Zapdos|Hurricane|p1a: walter pinkman|[miss]\n|-miss|p2a: Zapdos|p1a: walter pinkman\n|move|p1a: walter pinkman|Trick Room|p1a: walter pinkman\n|-fieldstart|move: Trick Room|[of] p1a: walter pinkman\n|\n|upkeep\n|turn|2\n|\n|t:|1700565643\n|switch|p1a: Torcool|Torkoal, M|100\/100\n|-weather|SunnyDay|[from] ability: Drought|[of] p1a: Torcool\n|move|p2a: Zapdos|Hurricane|p1a: Torcool|[miss]\n|-miss|p2a: Zapdos|p1a: Torcool\n|\n|-weather|SunnyDay|[upkeep]\n|upkeep\n|turn|3\n|\n|t:|1700565653\n|move|p1a: Torcool|Eruption|p2a: Zapdos\n|-damage|p2a: Zapdos|18\/100\n|move|p2a: Zapdos|Ancient Power|p1a: Torcool\n|-supereffective|p1a: Torcool\n|-damage|p1a: Torcool|30\/100\n|-damage|p2a: Zapdos|8\/100|[from] item: Life Orb\n|\n|-weather|SunnyDay|[upkeep]\n|upkeep\n|turn|4\n|\n|t:|1700565661\n|move|p2a: Zapdos|Protect|p2a: Zapdos\n|-singleturn|p2a: Zapdos|Protect\n|move|p1a: Torcool|Flare Blitz|p2a: Zapdos\n|-activate|p2a: Zapdos|move: Protect\n|\n|-weather|SunnyDay|[upkeep]\n|upkeep\n|turn|5\n|\n|t:|1700565668\n|move|p2a: Zapdos|Protect|p2a: Zapdos\n|-singleturn|p2a: Zapdos|Protect\n|move|p1a: Torcool|Flare Blitz|p2a: Zapdos\n|-activate|p2a: Zapdos|move: Protect\n|\n|-weather|SunnyDay|[upkeep]\n|-fieldend|move: Trick Room\n|upkeep\n|turn|6\n|\n|t:|1700565675\n|move|p2a: Zapdos|Ancient Power|p1a: Torcool\n|-supereffective|p1a: Torcool\n|-damage|p1a: Torcool|0 fnt\n|-boost|p2a: Zapdos|atk|1\n|-boost|p2a: Zapdos|def|1\n|-boost|p2a: Zapdos|spa|1\n|-boost|p2a: Zapdos|spd|1\n|-boost|p2a: Zapdos|spe|1\n|faint|p1a: Torcool\n|-damage|p2a: Zapdos|0 fnt|[from] item: Life Orb\n|faint|p2a: Zapdos\n|\n|-weather|none\n|upkeep\n|\n|t:|1700565687\n|switch|p2a: Guds Vilja|Cinderace, M|100\/100\n|switch|p1a: \u314b\u314b\u314b\u314b\u314b\u314bugly|Manaphy|100\/100\n|turn|7\n|\n|t:|1700565693\n|-terastallize|p1a: \u314b\u314b\u314b\u314b\u314b\u314bugly|Psychic\n|move|p2a: Guds Vilja|Trailblaze|p1a: \u314b\u314b\u314b\u314b\u314b\u314bugly\n|-start|p2a: Guds Vilja|typechange|Grass|[from] ability: Libero\n|-damage|p1a: \u314b\u314b\u314b\u314b\u314b\u314bugly|69\/100\n|-boost|p2a: Guds Vilja|spe|1\n|-damage|p2a: Guds Vilja|91\/100|[from] item: Life Orb\n|move|p1a: \u314b\u314b\u314b\u314b\u314b\u314bugly|Tail Glow|p1a: \u314b\u314b\u314b\u314b\u314b\u314bugly\n|-boost|p1a: \u314b\u314b\u314b\u314b\u314b\u314bugly|spa|3\n|\n|upkeep\n|turn|8\n|\n|t:|1700565704\n|move|p2a: Guds Vilja|Pyro Ball|p1a: \u314b\u314b\u314b\u314b\u314b\u314bugly\n|-damage|p1a: \u314b\u314b\u314b\u314b\u314b\u314bugly|15\/100\n|-damage|p2a: Guds Vilja|81\/100|[from] item: Life Orb\n|move|p1a: \u314b\u314b\u314b\u314b\u314b\u314bugly|Ice Beam|p2a: Guds Vilja\n|-supereffective|p2a: Guds Vilja\n|-crit|p2a: Guds Vilja\n|-damage|p2a: Guds Vilja|0 fnt\n|faint|p2a: Guds Vilja\n|\n|upkeep\n|\n|t:|1700565712\n|switch|p2a: Drednaw|Drednaw, M|100\/100\n|turn|9\n|\n|t:|1700565720\n|move|p2a: Drednaw|Tera Blast|p1a: \u314b\u314b\u314b\u314b\u314b\u314bugly\n|-damage|p1a: \u314b\u314b\u314b\u314b\u314b\u314bugly|0 fnt\n|faint|p1a: \u314b\u314b\u314b\u314b\u314b\u314bugly\n|-damage|p2a: Drednaw|91\/100|[from] item: Life Orb\n|\n|upkeep\n|\n|t:|1700565727\n|switch|p1a: monke|Rillaboom, M|100\/100\n|-fieldstart|move: Grassy Terrain|[from] ability: Grassy Surge|[of] p1a: monke\n|-enditem|p1a: monke|Grassy Seed\n|-boost|p1a: monke|def|1|[from] item: Grassy Seed\n|turn|10\n|\n|t:|1700565738\n|move|p1a: monke|Grassy Glide|p2a: Drednaw\n|-damage|p2a: Drednaw|6\/100\n|replace|p2a: Zoroark|Zoroark-Hisui, M\n|-end|p2a: Zoroark|Illusion\n|move|p2a: Zoroark|Sludge Bomb|p1a: monke\n|-supereffective|p1a: monke\n|-damage|p1a: monke|0 fnt\n|faint|p1a: monke\n|-damage|p2a: Zoroark|0 fnt|[from] item: Life Orb\n|faint|p2a: Zoroark\n|\n|upkeep\n|\n|t:|1700565750\n|switch|p2a: Glimmora|Glimmora, F|100\/100\n|switch|p1a: moai|Ogerpon-Cornerstone, F|100\/100\n|-item|p2a: Glimmora|Air Balloon\n|turn|11\n|\n|t:|1700565760\n|move|p1a: moai|Low Kick|p2a: Glimmora\n|-damage|p2a: Glimmora|78\/100\n|-activate|p2a: Glimmora|ability: Toxic Debris\n|-sidestart|p1: Jang Saxophone|move: Toxic Spikes\n|-enditem|p2a: Glimmora|Air Balloon\n|move|p2a: Glimmora|Memento|p1a: moai\n|-unboost|p1a: moai|atk|2\n|-unboost|p1a: moai|spa|2\n|faint|p2a: Glimmora\n|\n|upkeep\n|\n|t:|1700565770\n|switch|p2a: Cactus-Lime|Kommo-o, M, shiny|100\/100\n|turn|12\n|\n|t:|1700565793\n|move|p1a: moai|Ivy Cudgel|p2a: Cactus-Lime|[anim] Ivy Cudgel Rock\n|-resisted|p2a: Cactus-Lime\n|-damage|p2a: Cactus-Lime|86\/100\n|move|p2a: Cactus-Lime|Dragon Dance|p2a: Cactus-Lime\n|-boost|p2a: Cactus-Lime|atk|1\n|-boost|p2a: Cactus-Lime|spe|1\n|\n|-heal|p2a: Cactus-Lime|92\/100|[from] Grassy Terrain\n|upkeep\n|turn|13\n|\n|t:|1700565802\n|move|p2a: Cactus-Lime|Dragon Dance|p2a: Cactus-Lime\n|-boost|p2a: Cactus-Lime|atk|1\n|-boost|p2a: Cactus-Lime|spe|1\n|move|p1a: moai|Encore|p2a: Cactus-Lime\n|-start|p2a: Cactus-Lime|Encore\n|\n|-heal|p2a: Cactus-Lime|98\/100|[from] Grassy Terrain\n|upkeep\n|turn|14\n|\n|t:|1700565809\n|switch|p1a: walter pinkman|Hatterene, F|100\/100\n|move|p2a: Cactus-Lime|Dragon Dance|p2a: Cactus-Lime\n|-boost|p2a: Cactus-Lime|atk|1\n|-boost|p2a: Cactus-Lime|spe|1\n|\n|-heal|p2a: Cactus-Lime|100\/100|[from] Grassy Terrain\n|-fieldend|move: Grassy Terrain\n|upkeep\n|turn|15\n|\n|t:|1700565817\n|-terastallize|p2a: Cactus-Lime|Steel\n|move|p2a: Cactus-Lime|Dragon Dance|p2a: Cactus-Lime\n|-boost|p2a: Cactus-Lime|atk|1\n|-boost|p2a: Cactus-Lime|spe|1\n|move|p1a: walter pinkman|Dazzling Gleam|p2a: Cactus-Lime\n|-resisted|p2a: Cactus-Lime\n|-damage|p2a: Cactus-Lime|75\/100\n|\n|upkeep\n|turn|16\n|\n|t:|1700565824\n|move|p2a: Cactus-Lime|Dragon Dance|p2a: Cactus-Lime\n|-boost|p2a: Cactus-Lime|atk|1\n|-boost|p2a: Cactus-Lime|spe|1\n|move|p1a: walter pinkman|Mystical Fire|p2a: Cactus-Lime\n|-supereffective|p2a: Cactus-Lime\n|-damage|p2a: Cactus-Lime|13\/100\n|-unboost|p2a: Cactus-Lime|spa|1\n|-enditem|p2a: Cactus-Lime|Aguav Berry|[eat]\n|-heal|p2a: Cactus-Lime|46\/100|[from] item: Aguav Berry\n|\n|-end|p2a: Cactus-Lime|Encore\n|upkeep\n|turn|17\n|\n|t:|1700565836\n|move|p2a: Cactus-Lime|Tera Blast|p1a: walter pinkman|[anim] Tera Blast Steel\n|-supereffective|p1a: walter pinkman\n|-damage|p1a: walter pinkman|0 fnt\n|faint|p1a: walter pinkman\n|\n|upkeep\n|\n|t:|1700565841\n|switch|p1a: Meth|Iron Moth|100\/100\n|-sideend|p1: Jang Saxophone|move: Toxic Spikes|[of] p1a: Meth\n|-enditem|p1a: Meth|Booster Energy\n|-activate|p1a: Meth|ability: Quark Drive|[fromitem]\n|-start|p1a: Meth|quarkdrivespe\n|turn|18\n|\n|t:|1700565854\n|move|p2a: Cactus-Lime|Outrage|p1a: Meth\n|-damage|p1a: Meth|0 fnt\n|faint|p1a: Meth\n|-end|p1a: Meth|Quark Drive|[silent]\n|\n|upkeep\n|\n|t:|1700565857\n|switch|p1a: moai|Ogerpon-Cornerstone, F|100\/100\n|turn|19\n|\n|t:|1700565861\n|move|p2a: Cactus-Lime|Outrage|p1a: moai|[from]lockedmove\n|-ability|p1a: moai|Sturdy\n|-damage|p1a: moai|1\/100\n|-start|p2a: Cactus-Lime|confusion|[fatigue]\n|move|p1a: moai|Low Kick|p2a: Cactus-Lime\n|-supereffective|p2a: Cactus-Lime\n|-damage|p2a: Cactus-Lime|0 fnt\n|faint|p2a: Cactus-Lime\n|\n|upkeep\n|\n|t:|1700565871\n|switch|p2a: Drednaw|Drednaw, M|100\/100\n|turn|20\n|\n|t:|1700565881\n|move|p1a: moai|Low Kick|p2a: Drednaw\n|-supereffective|p2a: Drednaw\n|-crit|p2a: Drednaw\n|-damage|p2a: Drednaw|0 fnt\n|faint|p2a: Drednaw\n|\n|win|Jang Saxophone\n|raw|Jang Saxophone's rating: 1051 &rarr; <strong>1082<\/strong><br \/>(+31 for winning)\n|raw|PolHeo's rating: 1039 &rarr; <strong>1024<\/strong><br \/>(-15 for losing)\n","uploadtime":1700565895,"views":4,"p1id":"jangsaxophone","p2id":"polheo","formatid":"gen9ou","rating":1024,"private":0,"password":""}