{"id":"gen9ou-1990755257","p1":"FleetFoxxx","p2":"Joltinjoe18","format":"[Gen 9] OU","log":"|j|\u2606FleetFoxxx\n|j|\u2606Joltinjoe18\n|t:|1699997789\n|gametype|singles\n|player|p1|FleetFoxxx|2|1761\n|player|p2|Joltinjoe18|266|1976\n|teamsize|p1|6\n|teamsize|p2|6\n|gen|9\n|tier|[Gen 9] OU\n|rated|\n|rule|Sleep Clause Mod: Limit one foe put to sleep\n|rule|Species Clause: Limit one of each Pok\u00e9mon\n|rule|OHKO Clause: OHKO moves are banned\n|rule|Evasion Items Clause: Evasion items are banned\n|rule|Evasion Moves Clause: Evasion moves are banned\n|rule|Endless Battle Clause: Forcing endless battles is banned\n|rule|HP Percentage Mod: HP is shown in percentages\n|clearpoke\n|poke|p1|Rillaboom, F|\n|poke|p1|Sneasler, F|\n|poke|p1|Zamazenta-*|\n|poke|p1|Ting-Lu|\n|poke|p1|Hatterene, F|\n|poke|p1|Manaphy|\n|poke|p2|Garganacl, M|\n|poke|p2|Great Tusk|\n|poke|p2|Gholdengo|\n|poke|p2|Iron Valiant|\n|poke|p2|Dragonite, M|\n|poke|p2|Zapdos|\n|teampreview\n|j| Ctannn\n|\n|t:|1699997812\n|start\n|switch|p1a: Hatterene|Hatterene, F|100\/100\n|switch|p2a: Iron Valiant|Iron Valiant|100\/100\n|turn|1\n|inactive|Battle timer is ON: inactive players will automatically lose when time's up. (requested by Joltinjoe18)\n|\n|t:|1699997832\n|-end|p2a: Iron Valiant|Quark Drive|[silent]\n|switch|p2a: Zapdos|Zapdos|100\/100\n|move|p1a: Hatterene|Draining Kiss|p2a: Zapdos\n|-damage|p2a: Zapdos|85\/100\n|-status|p1a: Hatterene|par|[from] ability: Static|[of] p2a: Zapdos\n|\n|upkeep\n|turn|2\n|\n|t:|1699997836\n|switch|p2a: Iron Valiant|Iron Valiant|100\/100\n|move|p1a: Hatterene|Calm Mind|p1a: Hatterene\n|-boost|p1a: Hatterene|spa|1\n|-boost|p1a: Hatterene|spd|1\n|\n|upkeep\n|turn|3\n|\n|t:|1699997857\n|-end|p2a: Iron Valiant|Quark Drive|[silent]\n|switch|p2a: Gholdengo|Gholdengo|100\/100\n|-item|p2a: Gholdengo|Air Balloon\n|move|p1a: Hatterene|Draining Kiss|p2a: Gholdengo\n|-resisted|p2a: Gholdengo\n|-damage|p2a: Gholdengo|83\/100\n|-enditem|p2a: Gholdengo|Air Balloon\n|\n|upkeep\n|turn|4\n|\n|t:|1699997860\n|switch|p1a: Ting-Lu|Ting-Lu|100\/100\n|-ability|p1a: Ting-Lu|Vessel of Ruin\n|move|p2a: Gholdengo|Make It Rain|p1a: Ting-Lu\n|-damage|p1a: Ting-Lu|78\/100\n|-unboost|p2a: Gholdengo|spa|1\n|\n|-heal|p1a: Ting-Lu|84\/100|[from] item: Leftovers\n|upkeep\n|turn|5\n|\n|t:|1699997863\n|switch|p2a: Iron Valiant|Iron Valiant|100\/100\n|move|p1a: Ting-Lu|Ruination|p2a: Iron Valiant\n|-damage|p2a: Iron Valiant|51\/100\n|\n|-heal|p1a: Ting-Lu|90\/100|[from] item: Leftovers\n|upkeep\n|turn|6\n|\n|t:|1699997866\n|switch|p1a: Hatterene|Hatterene, F|100\/100 par\n|move|p2a: Iron Valiant|Moonblast|p1a: Hatterene\n|-damage|p1a: Hatterene|55\/100 par\n|\n|upkeep\n|turn|7\n|\n|t:|1699997868\n|-end|p2a: Iron Valiant|Quark Drive|[silent]\n|switch|p2a: Gholdengo|Gholdengo|83\/100\n|cant|p1a: Hatterene|par\n|\n|upkeep\n|turn|8\n|\n|t:|1699997871\n|switch|p2a: Iron Valiant|Iron Valiant|51\/100\n|switch|p1a: Ting-Lu|Ting-Lu|90\/100\n|-ability|p1a: Ting-Lu|Vessel of Ruin\n|\n|-heal|p1a: Ting-Lu|96\/100|[from] item: Leftovers\n|upkeep\n|turn|9\n|\n|t:|1699997873\n|move|p2a: Iron Valiant|Moonblast|p1a: Ting-Lu\n|-supereffective|p1a: Ting-Lu\n|-damage|p1a: Ting-Lu|57\/100\n|-unboost|p1a: Ting-Lu|spa|1\n|move|p1a: Ting-Lu|Earthquake|p2a: Iron Valiant\n|-damage|p2a: Iron Valiant|5\/100\n|\n|-heal|p1a: Ting-Lu|64\/100|[from] item: Leftovers\n|upkeep\n|turn|10\n|\n|t:|1699997876\n|switch|p1a: Hatterene|Hatterene, F|55\/100 par\n|move|p2a: Iron Valiant|Close Combat|p1a: Hatterene\n|-resisted|p1a: Hatterene\n|-damage|p1a: Hatterene|45\/100 par\n|-unboost|p2a: Iron Valiant|def|1\n|-unboost|p2a: Iron Valiant|spd|1\n|\n|upkeep\n|turn|11\n|\n|t:|1699997880\n|move|p2a: Iron Valiant|Moonblast|p1a: Hatterene\n|-damage|p1a: Hatterene|0 fnt\n|faint|p1a: Hatterene\n|\n|upkeep\n|\n|t:|1699997889\n|switch|p1a: Rillaboom|Rillaboom, F|100\/100\n|-fieldstart|move: Grassy Terrain|[from] ability: Grassy Surge|[of] p1a: Rillaboom\n|turn|12\n|j| KappaHalo\n|\n|t:|1699997898\n|move|p1a: Rillaboom|Grassy Glide|p2a: Iron Valiant\n|-damage|p2a: Iron Valiant|0 fnt\n|faint|p2a: Iron Valiant\n|-end|p2a: Iron Valiant|Quark Drive|[silent]\n|\n|upkeep\n|j| CutePokesOnly\n|\n|t:|1699997918\n|switch|p2a: Gholdengo|Gholdengo|83\/100\n|turn|13\n|\n|t:|1699997920\n|switch|p1a: Ting-Lu|Ting-Lu|64\/100\n|-ability|p1a: Ting-Lu|Vessel of Ruin\n|move|p2a: Gholdengo|Nasty Plot|p2a: Gholdengo\n|-boost|p2a: Gholdengo|spa|2\n|\n|-heal|p2a: Gholdengo|89\/100|[from] Grassy Terrain\n|-heal|p1a: Ting-Lu|70\/100|[from] Grassy Terrain\n|-heal|p1a: Ting-Lu|76\/100|[from] item: Leftovers\n|upkeep\n|turn|14\n|\n|t:|1699997934\n|move|p2a: Gholdengo|Nasty Plot|p2a: Gholdengo\n|-boost|p2a: Gholdengo|spa|2\n|move|p1a: Ting-Lu|Earthquake|p2a: Gholdengo\n|-supereffective|p2a: Gholdengo\n|-damage|p2a: Gholdengo|65\/100\n|\n|-heal|p2a: Gholdengo|71\/100|[from] Grassy Terrain\n|-heal|p1a: Ting-Lu|82\/100|[from] Grassy Terrain\n|-heal|p1a: Ting-Lu|88\/100|[from] item: Leftovers\n|upkeep\n|turn|15\n|\n|t:|1699997940\n|move|p2a: Gholdengo|Make It Rain|p1a: Ting-Lu\n|-damage|p1a: Ting-Lu|28\/100\n|-unboost|p2a: Gholdengo|spa|1\n|move|p1a: Ting-Lu|Ruination|p2a: Gholdengo|[miss]\n|-miss|p1a: Ting-Lu|p2a: Gholdengo\n|\n|-heal|p2a: Gholdengo|77\/100|[from] Grassy Terrain\n|-heal|p1a: Ting-Lu|34\/100|[from] Grassy Terrain\n|-heal|p1a: Ting-Lu|40\/100|[from] item: Leftovers\n|upkeep\n|turn|16\n|\n|t:|1699997942\n|move|p2a: Gholdengo|Make It Rain|p1a: Ting-Lu\n|-damage|p1a: Ting-Lu|0 fnt\n|-unboost|p2a: Gholdengo|spa|1\n|faint|p1a: Ting-Lu\n|\n|-heal|p2a: Gholdengo|83\/100|[from] Grassy Terrain\n|-fieldend|move: Grassy Terrain\n|upkeep\n|\n|t:|1699997956\n|switch|p1a: Rillaboom|Rillaboom, F|100\/100\n|-fieldstart|move: Grassy Terrain|[from] ability: Grassy Surge|[of] p1a: Rillaboom\n|turn|17\n|\n|t:|1699997958\n|switch|p2a: Great Tusk|Great Tusk|100\/100\n|move|p1a: Rillaboom|Knock Off|p2a: Great Tusk\n|-resisted|p2a: Great Tusk\n|-damage|p2a: Great Tusk|80\/100\n|-enditem|p2a: Great Tusk|Heavy-Duty Boots|[from] move: Knock Off|[of] p1a: Rillaboom\n|\n|-heal|p2a: Great Tusk|86\/100|[from] Grassy Terrain\n|upkeep\n|turn|18\n|\n|t:|1699997964\n|switch|p1a: Manaphy|Manaphy|100\/100\n|move|p2a: Great Tusk|Stealth Rock|p1a: Manaphy\n|-sidestart|p1: FleetFoxxx|move: Stealth Rock\n|\n|-heal|p2a: Great Tusk|92\/100|[from] Grassy Terrain\n|upkeep\n|turn|19\n|\n|t:|1699997970\n|-end|p2a: Great Tusk|Protosynthesis|[silent]\n|switch|p2a: Garganacl|Garganacl, M|100\/100\n|move|p1a: Manaphy|Take Heart|p1a: Manaphy\n|-boost|p1a: Manaphy|spa|1\n|-boost|p1a: Manaphy|spd|1\n|\n|upkeep\n|turn|20\n|\n|t:|1699997975\n|-terastallize|p2a: Garganacl|Water\n|move|p1a: Manaphy|Scald|p2a: Garganacl\n|-resisted|p2a: Garganacl\n|-damage|p2a: Garganacl|84\/100\n|move|p2a: Garganacl|Salt Cure|p1a: Manaphy\n|-damage|p1a: Manaphy|90\/100\n|-start|p1a: Manaphy|Salt Cure\n|\n|-heal|p1a: Manaphy|96\/100|[from] Grassy Terrain\n|-heal|p1a: Manaphy|100\/100|[from] item: Leftovers\n|-heal|p2a: Garganacl|90\/100|[from] Grassy Terrain\n|-heal|p2a: Garganacl|96\/100|[from] item: Leftovers\n|-damage|p1a: Manaphy|76\/100|[from] Salt Cure\n|upkeep\n|turn|21\n|\n|t:|1699997979\n|switch|p1a: Rillaboom|Rillaboom, F|100\/100\n|-damage|p1a: Rillaboom|88\/100|[from] Stealth Rock\n|move|p2a: Garganacl|Curse|p2a: Garganacl\n|-unboost|p2a: Garganacl|spe|1\n|-boost|p2a: Garganacl|atk|1\n|-boost|p2a: Garganacl|def|1\n|\n|-heal|p1a: Rillaboom|94\/100|[from] Grassy Terrain\n|-heal|p2a: Garganacl|100\/100|[from] Grassy Terrain\n|-fieldend|move: Grassy Terrain\n|upkeep\n|turn|22\n|j| bobify\n|\n|t:|1699997982\n|move|p1a: Rillaboom|U-turn|p2a: Garganacl\n|-damage|p2a: Garganacl|87\/100\n|\n|t:|1699997988\n|switch|p1a: Zamazenta|Zamazenta|100\/100|[from] U-turn\n|-damage|p1a: Zamazenta|94\/100|[from] Stealth Rock\n|-ability|p1a: Zamazenta|Dauntless Shield|boost\n|-boost|p1a: Zamazenta|def|1\n|move|p2a: Garganacl|Salt Cure|p1a: Zamazenta\n|-resisted|p1a: Zamazenta\n|-damage|p1a: Zamazenta|89\/100\n|-start|p1a: Zamazenta|Salt Cure\n|\n|-heal|p1a: Zamazenta|95\/100|[from] item: Leftovers\n|-heal|p2a: Garganacl|93\/100|[from] item: Leftovers\n|-damage|p1a: Zamazenta|83\/100|[from] Salt Cure\n|upkeep\n|turn|23\n|\n|t:|1699997991\n|move|p1a: Zamazenta|Iron Defense|p1a: Zamazenta\n|-boost|p1a: Zamazenta|def|2\n|move|p2a: Garganacl|Curse|p2a: Garganacl\n|-unboost|p2a: Garganacl|spe|1\n|-boost|p2a: Garganacl|atk|1\n|-boost|p2a: Garganacl|def|1\n|\n|-heal|p1a: Zamazenta|89\/100|[from] item: Leftovers\n|-heal|p2a: Garganacl|99\/100|[from] item: Leftovers\n|-damage|p1a: Zamazenta|77\/100|[from] Salt Cure\n|upkeep\n|turn|24\n|\n|t:|1699997993\n|move|p1a: Zamazenta|Iron Defense|p1a: Zamazenta\n|-boost|p1a: Zamazenta|def|2\n|move|p2a: Garganacl|Curse|p2a: Garganacl\n|-unboost|p2a: Garganacl|spe|1\n|-boost|p2a: Garganacl|atk|1\n|-boost|p2a: Garganacl|def|1\n|\n|-heal|p1a: Zamazenta|83\/100|[from] item: Leftovers\n|-heal|p2a: Garganacl|100\/100|[from] item: Leftovers\n|-damage|p1a: Zamazenta|70\/100|[from] Salt Cure\n|upkeep\n|turn|25\n|j| Tiranito\n|\n|t:|1699998007\n|move|p1a: Zamazenta|Body Press|p2a: Garganacl\n|-damage|p2a: Garganacl|74\/100\n|move|p2a: Garganacl|Curse|p2a: Garganacl\n|-unboost|p2a: Garganacl|spe|1\n|-boost|p2a: Garganacl|atk|1\n|-boost|p2a: Garganacl|def|1\n|\n|-heal|p1a: Zamazenta|77\/100|[from] item: Leftovers\n|-heal|p2a: Garganacl|80\/100|[from] item: Leftovers\n|-damage|p1a: Zamazenta|64\/100|[from] Salt Cure\n|upkeep\n|turn|26\n|\n|t:|1699998016\n|move|p1a: Zamazenta|Body Press|p2a: Garganacl\n|-damage|p2a: Garganacl|56\/100\n|move|p2a: Garganacl|Recover|p2a: Garganacl\n|-heal|p2a: Garganacl|100\/100\n|\n|-heal|p1a: Zamazenta|70\/100|[from] item: Leftovers\n|-damage|p1a: Zamazenta|58\/100|[from] Salt Cure\n|upkeep\n|turn|27\n|\n|t:|1699998021\n|switch|p1a: Rillaboom|Rillaboom, F|94\/100\n|-damage|p1a: Rillaboom|82\/100|[from] Stealth Rock\n|-fieldstart|move: Grassy Terrain|[from] ability: Grassy Surge|[of] p1a: Rillaboom\n|move|p2a: Garganacl|Earthquake|p1a: Rillaboom\n|-resisted|p1a: Rillaboom\n|-damage|p1a: Rillaboom|63\/100\n|\n|-heal|p1a: Rillaboom|70\/100|[from] Grassy Terrain\n|upkeep\n|turn|28\n|\n|t:|1699998023\n|-terastallize|p1a: Rillaboom|Grass\n|move|p1a: Rillaboom|Wood Hammer|p2a: Garganacl\n|-supereffective|p2a: Garganacl\n|-damage|p2a: Garganacl|42\/100\n|-damage|p1a: Rillaboom|48\/100|[from] Recoil\n|move|p2a: Garganacl|Salt Cure|p1a: Rillaboom\n|-damage|p1a: Rillaboom|8\/100\n|-start|p1a: Rillaboom|Salt Cure\n|\n|-heal|p1a: Rillaboom|14\/100|[from] Grassy Terrain\n|-heal|p2a: Garganacl|48\/100|[from] Grassy Terrain\n|-heal|p2a: Garganacl|54\/100|[from] item: Leftovers\n|-damage|p1a: Rillaboom|2\/100|[from] Salt Cure\n|upkeep\n|turn|29\n|inactive|Joltinjoe18 has 120 seconds left.\n|inactive|Joltinjoe18 has 90 seconds left.\n|j| ItsaMeLuigiHere\n|\n|t:|1699998094\n|switch|p2a: Great Tusk|Great Tusk|92\/100\n|move|p1a: Rillaboom|Wood Hammer|p2a: Great Tusk\n|-supereffective|p2a: Great Tusk\n|-damage|p2a: Great Tusk|0 fnt\n|faint|p2a: Great Tusk\n|-end|p2a: Great Tusk|Protosynthesis|[silent]\n|-damage|p1a: Rillaboom|0 fnt|[from] Recoil\n|faint|p1a: Rillaboom\n|\n|upkeep\n|inactive|FleetFoxxx has 120 seconds left.\n|\n|t:|1699998133\n|switch|p2a: Gholdengo|Gholdengo|83\/100\n|switch|p1a: Sneasler|Sneasler, F|100\/100\n|-damage|p1a: Sneasler|94\/100|[from] Stealth Rock\n|-enditem|p1a: Sneasler|Grassy Seed\n|-boost|p1a: Sneasler|def|1|[from] item: Grassy Seed\n|turn|30\n|\n|t:|1699998136\n|move|p1a: Sneasler|Swords Dance|p1a: Sneasler\n|-boost|p1a: Sneasler|atk|2\n|move|p2a: Gholdengo|Make It Rain|p1a: Sneasler\n|-damage|p1a: Sneasler|29\/100\n|-unboost|p2a: Gholdengo|spa|1\n|\n|-heal|p1a: Sneasler|35\/100|[from] Grassy Terrain\n|-heal|p2a: Gholdengo|89\/100|[from] Grassy Terrain\n|upkeep\n|turn|31\n|\n|t:|1699998147\n|switch|p2a: Zapdos|Zapdos|85\/100\n|move|p1a: Sneasler|Lash Out|p2a: Zapdos\n|-damage|p2a: Zapdos|29\/100\n|\n|-heal|p1a: Sneasler|41\/100|[from] Grassy Terrain\n|-fieldend|move: Grassy Terrain\n|upkeep\n|turn|32\n|inactive|FleetFoxxx has 120 seconds left.\n|l| Ctannn\n|inactive|FleetFoxxx has 90 seconds left.\n|\n|t:|1699998204\n|move|p1a: Sneasler|Dire Claw|p2a: Zapdos\n|-damage|p2a: Zapdos|0 fnt\n|-status|p1a: Sneasler|par|[from] ability: Static|[of] p2a: Zapdos\n|faint|p2a: Zapdos\n|\n|upkeep\n|\n|t:|1699998209\n|switch|p2a: Dragonite|Dragonite, M|100\/100\n|turn|33\n|j| Spiderking3261\n|\n|t:|1699998216\n|move|p1a: Sneasler|Dire Claw|p2a: Dragonite\n|-damage|p2a: Dragonite|52\/100\n|-status|p2a: Dragonite|psn\n|move|p2a: Dragonite|Dragon Dance|p2a: Dragonite\n|-boost|p2a: Dragonite|atk|1\n|-boost|p2a: Dragonite|spe|1\n|\n|-damage|p2a: Dragonite|40\/100 psn|[from] psn\n|upkeep\n|turn|34\n|inactive|Joltinjoe18 has 120 seconds left.\n|l| Spiderking3261\n|inactive|FleetFoxxx has 90 seconds left.\n|\n|t:|1699998269\n|move|p2a: Dragonite|Extreme Speed|p1a: Sneasler\n|-damage|p1a: Sneasler|0 fnt\n|faint|p1a: Sneasler\n|\n|-damage|p2a: Dragonite|27\/100 psn|[from] psn\n|upkeep\n|\n|t:|1699998274\n|switch|p1a: Zamazenta|Zamazenta|58\/100\n|-damage|p1a: Zamazenta|52\/100|[from] Stealth Rock\n|turn|35\n|\n|t:|1699998278\n|move|p2a: Dragonite|Extreme Speed|p1a: Zamazenta\n|-damage|p1a: Zamazenta|16\/100\n|move|p1a: Zamazenta|Iron Defense|p1a: Zamazenta\n|-boost|p1a: Zamazenta|def|2\n|\n|-heal|p1a: Zamazenta|22\/100|[from] item: Leftovers\n|-damage|p2a: Dragonite|15\/100 psn|[from] psn\n|upkeep\n|turn|36\n|\n|t:|1699998291\n|move|p2a: Dragonite|Extreme Speed|p1a: Zamazenta\n|-damage|p1a: Zamazenta|5\/100\n|move|p1a: Zamazenta|Crunch|p2a: Dragonite\n|-crit|p2a: Dragonite\n|-damage|p2a: Dragonite|0 fnt\n|faint|p2a: Dragonite\n|\n|-heal|p1a: Zamazenta|12\/100|[from] item: Leftovers\n|upkeep\n|\n|t:|1699998293\n|switch|p2a: Gholdengo|Gholdengo|89\/100\n|turn|37\n|\n|t:|1699998298\n|move|p1a: Zamazenta|Crunch|p2a: Gholdengo\n|-supereffective|p2a: Gholdengo\n|-damage|p2a: Gholdengo|59\/100\n|move|p2a: Gholdengo|Shadow Ball|p1a: Zamazenta\n|-damage|p1a: Zamazenta|0 fnt\n|faint|p1a: Zamazenta\n|\n|upkeep\n|\n|t:|1699998300\n|switch|p1a: Manaphy|Manaphy|76\/100\n|-damage|p1a: Manaphy|63\/100|[from] Stealth Rock\n|turn|38\n|l| ItsaMeLuigiHere\n|\n|t:|1699998304\n|switch|p2a: Garganacl|Garganacl, M, tera:Water|54\/100\n|move|p1a: Manaphy|Take Heart|p1a: Manaphy\n|-boost|p1a: Manaphy|spa|1\n|-boost|p1a: Manaphy|spd|1\n|\n|-heal|p1a: Manaphy|69\/100|[from] item: Leftovers\n|-heal|p2a: Garganacl|61\/100|[from] item: Leftovers\n|upkeep\n|turn|39\n|\n|t:|1699998307\n|move|p1a: Manaphy|Acid Armor|p1a: Manaphy\n|-boost|p1a: Manaphy|def|2\n|move|p2a: Garganacl|Salt Cure|p1a: Manaphy\n|-damage|p1a: Manaphy|63\/100\n|-start|p1a: Manaphy|Salt Cure\n|\n|-heal|p1a: Manaphy|70\/100|[from] item: Leftovers\n|-heal|p2a: Garganacl|67\/100|[from] item: Leftovers\n|-damage|p1a: Manaphy|45\/100|[from] Salt Cure\n|upkeep\n|turn|40\n|\n|t:|1699998311\n|move|p1a: Manaphy|Stored Power|p2a: Garganacl\n|-damage|p2a: Garganacl|37\/100\n|move|p2a: Garganacl|Recover|p2a: Garganacl\n|-heal|p2a: Garganacl|87\/100\n|\n|-heal|p1a: Manaphy|51\/100|[from] item: Leftovers\n|-heal|p2a: Garganacl|93\/100|[from] item: Leftovers\n|-damage|p1a: Manaphy|26\/100|[from] Salt Cure\n|upkeep\n|turn|41\n|-message|FleetFoxxx forfeited.\n|\n|win|Joltinjoe18\n|raw|FleetFoxxx's rating: 1748 &rarr; <strong>1740<\/strong><br \/>(-8 for losing)\n|raw|Joltinjoe18's rating: 1976 &rarr; <strong>1984<\/strong><br \/>(+8 for winning)\n|l|\u2606FleetFoxxx\n|c|\u2606Joltinjoe18|gg\n|l| CutePokesOnly\n","uploadtime":1699998329,"views":95,"p1id":"fleetfoxxx","p2id":"joltinjoe18","formatid":"gen9ou","rating":1740,"private":0,"password":""}