{"id":"gen9ou-2000049125","p1":"RepeatUntilTired4","p2":"WeezerUI","format":"[Gen 9] OU","log":"|j|\u2606RepeatUntilTired4\n|j|\u2606WeezerUI\n|t:|1701146029\n|gametype|singles\n|player|p1|RepeatUntilTired4|marlon|1407\n|player|p2|WeezerUI|lance|1409\n|teamsize|p1|6\n|teamsize|p2|6\n|gen|9\n|tier|[Gen 9] OU\n|rated|\n|rule|Sleep Clause Mod: Limit one foe put to sleep\n|rule|Species Clause: Limit one of each Pok\u00e9mon\n|rule|OHKO Clause: OHKO moves are banned\n|rule|Evasion Items Clause: Evasion items are banned\n|rule|Evasion Moves Clause: Evasion moves are banned\n|rule|Endless Battle Clause: Forcing endless battles is banned\n|rule|HP Percentage Mod: HP is shown in percentages\n|clearpoke\n|poke|p1|Basculegion, M|\n|poke|p1|Magnezone|\n|poke|p1|Salamence, M|\n|poke|p1|Pelipper, M|\n|poke|p1|Iron Treads|\n|poke|p1|Samurott-Hisui, M|\n|poke|p2|Dragonite, F|\n|poke|p2|Enamorus, F|\n|poke|p2|Gholdengo|\n|poke|p2|Great Tusk|\n|poke|p2|Heatran, F|\n|poke|p2|Samurott-Hisui, F|\n|teampreview\n|inactive|Battle timer is ON: inactive players will automatically lose when time's up. (requested by RepeatUntilTired4)\n|\n|t:|1701146061\n|start\n|switch|p1a: Him|Salamence, M|100\/100\n|switch|p2a: Heatran|Heatran, F|100\/100\n|-ability|p1a: Him|Intimidate|boost\n|-unboost|p2a: Heatran|atk|1\n|turn|1\n|\n|t:|1701146067\n|move|p1a: Him|Earthquake|p2a: Heatran\n|-supereffective|p2a: Heatran\n|-damage|p2a: Heatran|0 fnt\n|faint|p2a: Heatran\n|\n|upkeep\n|\n|t:|1701146079\n|switch|p2a: Enamorus|Enamorus, F|100\/100\n|turn|2\n|\n|t:|1701146082\n|switch|p1a: Droideka|Iron Treads|100\/100\n|move|p2a: Enamorus|Moonblast|p1a: Droideka\n|-resisted|p1a: Droideka\n|-damage|p1a: Droideka|79\/100\n|\n|-heal|p1a: Droideka|86\/100|[from] item: Leftovers\n|upkeep\n|turn|3\n|\n|t:|1701146099\n|switch|p2a: Dragonite|Dragonite, F|100\/100\n|move|p1a: Droideka|Stealth Rock|p2a: Dragonite\n|-sidestart|p2: WeezerUI|move: Stealth Rock\n|\n|-heal|p1a: Droideka|92\/100|[from] item: Leftovers\n|upkeep\n|turn|4\n|\n|t:|1701146105\n|move|p2a: Dragonite|Dragon Dance|p2a: Dragonite\n|-boost|p2a: Dragonite|atk|1\n|-boost|p2a: Dragonite|spe|1\n|move|p1a: Droideka|Volt Switch|p2a: Dragonite\n|-damage|p2a: Dragonite|94\/100\n|\n|t:|1701146114\n|-end|p1a: Droideka|Quark Drive|[silent]\n|switch|p1a: Him|Salamence, M|100\/100|[from] Volt Switch\n|-ability|p1a: Him|Intimidate|boost\n|-unboost|p2a: Dragonite|atk|1\n|\n|upkeep\n|turn|5\n|\n|t:|1701146128\n|move|p2a: Dragonite|Outrage|p1a: Him\n|-supereffective|p1a: Him\n|-damage|p1a: Him|0 fnt\n|faint|p1a: Him\n|\n|upkeep\n|\n|t:|1701146133\n|switch|p1a: ArchFlash|Magnezone|100\/100\n|turn|6\n|\n|t:|1701146145\n|-terastallize|p1a: ArchFlash|Fairy\n|move|p2a: Dragonite|Outrage|p1a: ArchFlash|[from]lockedmove\n|-immune|p1a: ArchFlash\n|move|p1a: ArchFlash|Tera Blast|p2a: Dragonite|[anim] Tera Blast Fairy\n|-supereffective|p2a: Dragonite\n|-damage|p2a: Dragonite|0 fnt\n|faint|p2a: Dragonite\n|\n|upkeep\n|\n|t:|1701146158\n|switch|p2a: Gholdengo|Gholdengo|100\/100\n|-damage|p2a: Gholdengo|94\/100|[from] Stealth Rock\n|-item|p2a: Gholdengo|Air Balloon\n|turn|7\n|\n|t:|1701146166\n|switch|p1a: BigDaddyPel|Pelipper, M|100\/100\n|-weather|RainDance|[from] ability: Drizzle|[of] p1a: BigDaddyPel\n|move|p2a: Gholdengo|Make It Rain|p1a: BigDaddyPel\n|-resisted|p1a: BigDaddyPel\n|-damage|p1a: BigDaddyPel|70\/100\n|-unboost|p2a: Gholdengo|spa|1\n|\n|-weather|RainDance|[upkeep]\n|upkeep\n|turn|8\n|\n|t:|1701146176\n|move|p2a: Gholdengo|Thunderbolt|p1a: BigDaddyPel\n|-supereffective|p1a: BigDaddyPel\n|-damage|p1a: BigDaddyPel|0 fnt\n|faint|p1a: BigDaddyPel\n|\n|-weather|RainDance|[upkeep]\n|upkeep\n|\n|t:|1701146184\n|switch|p1a: KingSalmon|Basculegion, M|100\/100\n|turn|9\n|\n|t:|1701146199\n|switch|p2a: Samurott|Samurott-Hisui, F|100\/100\n|-damage|p2a: Samurott|88\/100|[from] Stealth Rock\n|move|p1a: KingSalmon|Wave Crash|p2a: Samurott\n|-resisted|p2a: Samurott\n|-damage|p2a: Samurott|9\/100\n|-damage|p1a: KingSalmon|78\/100|[from] Recoil\n|\n|-weather|RainDance|[upkeep]\n|upkeep\n|turn|10\n|\n|t:|1701146208\n|switch|p1a: Dauntless|Samurott-Hisui, M|100\/100\n|move|p2a: Samurott|Ceaseless Edge|p1a: Dauntless\n|-resisted|p1a: Dauntless\n|-damage|p1a: Dauntless|75\/100\n|-sidestart|p1: RepeatUntilTired4|Spikes\n|\n|-weather|RainDance|[upkeep]\n|upkeep\n|turn|11\n|\n|t:|1701146221\n|switch|p2a: Great Tusk|Great Tusk|100\/100\n|move|p1a: Dauntless|Swords Dance|p1a: Dauntless\n|-boost|p1a: Dauntless|atk|2\n|\n|-weather|RainDance|[upkeep]\n|upkeep\n|turn|12\n|\n|t:|1701146228\n|move|p1a: Dauntless|Aqua Jet|p2a: Great Tusk\n|-supereffective|p2a: Great Tusk\n|-damage|p2a: Great Tusk|30\/100\n|move|p2a: Great Tusk|Rapid Spin|p1a: Dauntless\n|-damage|p1a: Dauntless|58\/100\n|-boost|p2a: Great Tusk|spe|1\n|-sideend|p2: WeezerUI|Stealth Rock|[from] move: Rapid Spin|[of] p2a: Great Tusk\n|\n|-weather|RainDance|[upkeep]\n|upkeep\n|turn|13\n|\n|t:|1701146236\n|move|p1a: Dauntless|Aqua Jet|p2a: Great Tusk\n|-supereffective|p2a: Great Tusk\n|-damage|p2a: Great Tusk|0 fnt\n|faint|p2a: Great Tusk\n|-end|p2a: Great Tusk|Protosynthesis|[silent]\n|\n|-weather|RainDance|[upkeep]\n|upkeep\n|\n|t:|1701146242\n|switch|p2a: Enamorus|Enamorus, F|100\/100\n|turn|14\n|\n|t:|1701146246\n|move|p1a: Dauntless|Aqua Jet|p2a: Enamorus\n|-damage|p2a: Enamorus|13\/100\n|move|p2a: Enamorus|Moonblast|p1a: Dauntless\n|-supereffective|p1a: Dauntless\n|-damage|p1a: Dauntless|0 fnt\n|faint|p1a: Dauntless\n|\n|-weather|none\n|upkeep\n|\n|t:|1701146254\n|switch|p1a: KingSalmon|Basculegion, M|78\/100\n|-damage|p1a: KingSalmon|66\/100|[from] Spikes\n|turn|15\n|\n|t:|1701146260\n|move|p1a: KingSalmon|Aqua Jet|p2a: Enamorus\n|-damage|p2a: Enamorus|0 fnt\n|faint|p2a: Enamorus\n|\n|upkeep\n|\n|t:|1701146264\n|switch|p2a: Samurott|Samurott-Hisui, F|9\/100\n|turn|16\n|\n|t:|1701146270\n|move|p1a: KingSalmon|Aqua Jet|p2a: Samurott\n|-resisted|p2a: Samurott\n|-damage|p2a: Samurott|0 fnt\n|faint|p2a: Samurott\n|\n|upkeep\n|\n|t:|1701146273\n|switch|p2a: Gholdengo|Gholdengo|94\/100\n|-item|p2a: Gholdengo|Air Balloon\n|turn|17\n|\n|t:|1701146278\n|switch|p1a: Droideka|Iron Treads|92\/100\n|-damage|p1a: Droideka|79\/100|[from] Spikes\n|move|p2a: Gholdengo|Thunderbolt|p1a: Droideka\n|-immune|p1a: Droideka\n|\n|-heal|p1a: Droideka|86\/100|[from] item: Leftovers\n|upkeep\n|turn|18\n|\n|t:|1701146285\n|move|p2a: Gholdengo|Shadow Ball|p1a: Droideka\n|-damage|p1a: Droideka|49\/100\n|move|p1a: Droideka|Knock Off|p2a: Gholdengo\n|-supereffective|p2a: Gholdengo\n|-damage|p2a: Gholdengo|39\/100\n|-enditem|p2a: Gholdengo|Air Balloon\n|\n|-heal|p1a: Droideka|56\/100|[from] item: Leftovers\n|upkeep\n|turn|19\n|\n|t:|1701146298\n|move|p2a: Gholdengo|Shadow Ball|p1a: Droideka\n|-damage|p1a: Droideka|23\/100\n|move|p1a: Droideka|Volt Switch|p2a: Gholdengo\n|-damage|p2a: Gholdengo|24\/100\n|\n|t:|1701146304\n|-end|p1a: Droideka|Quark Drive|[silent]\n|switch|p1a: ArchFlash|Magnezone, tera:Fairy|100\/100|[from] Volt Switch\n|-damage|p1a: ArchFlash|88\/100|[from] Spikes\n|\n|upkeep\n|turn|20\n|\n|t:|1701146314\n|move|p2a: Gholdengo|Make It Rain|p1a: ArchFlash\n|-supereffective|p1a: ArchFlash\n|-damage|p1a: ArchFlash|0 fnt\n|-unboost|p2a: Gholdengo|spa|1\n|faint|p1a: ArchFlash\n|\n|upkeep\n|\n|t:|1701146323\n|switch|p1a: KingSalmon|Basculegion, M|66\/100\n|-damage|p1a: KingSalmon|54\/100|[from] Spikes\n|turn|21\n|\n|t:|1701146329\n|-terastallize|p2a: Gholdengo|Steel\n|move|p1a: KingSalmon|Aqua Jet|p2a: Gholdengo\n|-damage|p2a: Gholdengo|0 fnt\n|faint|p2a: Gholdengo\n|\n|win|RepeatUntilTired4\n|raw|RepeatUntilTired4's rating: 1407 &rarr; <strong>1427<\/strong><br \/>(+20 for winning)\n|raw|WeezerUI's rating: 1409 &rarr; <strong>1389<\/strong><br \/>(-20 for losing)\n|l|\u2606WeezerUI\n","uploadtime":1701146336,"views":14,"p1id":"repeatuntiltired4","p2id":"weezerui","formatid":"gen9ou","rating":1389,"private":0,"password":""}