{"id":"gen9ou-1993099644","p1":"Dr. Plvgue","p2":"lpkoko","format":"[Gen 9] OU","log":"|j|\u2606Dr. Plvgue\n|j|\u2606lpkoko\n|t:|1700264687\n|gametype|singles\n|player|p1|Dr. Plvgue|2|1042\n|player|p2|lpkoko|265|1000\n|teamsize|p1|6\n|teamsize|p2|6\n|gen|9\n|tier|[Gen 9] OU\n|rated|\n|rule|Sleep Clause Mod: Limit one foe put to sleep\n|rule|Species Clause: Limit one of each Pok\u00e9mon\n|rule|OHKO Clause: OHKO moves are banned\n|rule|Evasion Items Clause: Evasion items are banned\n|rule|Evasion Moves Clause: Evasion moves are banned\n|rule|Endless Battle Clause: Forcing endless battles is banned\n|rule|HP Percentage Mod: HP is shown in percentages\n|clearpoke\n|poke|p1|Torkoal, M|\n|poke|p1|Ceruledge, M|\n|poke|p1|Walking Wake|\n|poke|p1|Hatterene, F|\n|poke|p1|Corviknight, M|\n|poke|p1|Great Tusk|\n|poke|p2|Basculegion-F, F|\n|poke|p2|Volcanion|\n|poke|p2|Ting-Lu|\n|poke|p2|Iron Treads|\n|poke|p2|Ceruledge, M|\n|poke|p2|Hoopa-Unbound|\n|teampreview\n|\n|t:|1700264699\n|start\n|switch|p1a: Torkoal|Torkoal, M|100\/100\n|switch|p2a: Ting-Lu|Ting-Lu|100\/100\n|-ability|p2a: Ting-Lu|Vessel of Ruin\n|-weather|SunnyDay|[from] ability: Drought|[of] p1a: Torkoal\n|turn|1\n|\n|t:|1700264709\n|move|p2a: Ting-Lu|Stealth Rock|p1a: Torkoal\n|-sidestart|p1: Dr. Plvgue|move: Stealth Rock\n|move|p1a: Torkoal|Stealth Rock|p2a: Ting-Lu\n|-sidestart|p2: lpkoko|move: Stealth Rock\n|\n|-weather|SunnyDay|[upkeep]\n|upkeep\n|turn|2\n|\n|t:|1700264723\n|move|p2a: Ting-Lu|Earthquake|p1a: Torkoal\n|-supereffective|p1a: Torkoal\n|-damage|p1a: Torkoal|59\/100\n|move|p1a: Torkoal|Rapid Spin|p2a: Ting-Lu\n|-damage|p2a: Ting-Lu|96\/100\n|-boost|p1a: Torkoal|spe|1\n|-sideend|p1: Dr. Plvgue|Stealth Rock|[from] move: Rapid Spin|[of] p1a: Torkoal\n|\n|-weather|SunnyDay|[upkeep]\n|-heal|p2a: Ting-Lu|100\/100|[from] item: Leftovers\n|upkeep\n|turn|3\n|\n|t:|1700264734\n|switch|p1a: Hatterene|Hatterene, F|100\/100\n|move|p2a: Ting-Lu|Stealth Rock|p1a: Hatterene\n|move|p1a: Hatterene|Stealth Rock||[from]ability: Magic Bounce|[still]\n|-fail|p1a: Hatterene\n|\n|-weather|SunnyDay|[upkeep]\n|upkeep\n|turn|4\n|\n|t:|1700264751\n|switch|p2a: Hoopa|Hoopa-Unbound|100\/100\n|-damage|p2a: Hoopa|88\/100|[from] Stealth Rock\n|-terastallize|p1a: Hatterene|Water\n|move|p1a: Hatterene|Calm Mind|p1a: Hatterene\n|-boost|p1a: Hatterene|spa|1\n|-boost|p1a: Hatterene|spd|1\n|\n|-weather|SunnyDay|[upkeep]\n|upkeep\n|turn|5\n|\n|t:|1700264761\n|move|p2a: Hoopa|Thunderbolt|p1a: Hatterene\n|-supereffective|p1a: Hatterene\n|-damage|p1a: Hatterene|17\/100\n|move|p1a: Hatterene|Calm Mind|p1a: Hatterene\n|-boost|p1a: Hatterene|spa|1\n|-boost|p1a: Hatterene|spd|1\n|\n|-weather|SunnyDay|[upkeep]\n|-heal|p1a: Hatterene|23\/100|[from] item: Leftovers\n|upkeep\n|turn|6\n|\n|t:|1700264772\n|move|p2a: Hoopa|Thunderbolt|p1a: Hatterene\n|-supereffective|p1a: Hatterene\n|-damage|p1a: Hatterene|0 fnt\n|faint|p1a: Hatterene\n|\n|-weather|SunnyDay|[upkeep]\n|upkeep\n|\n|t:|1700264784\n|switch|p1a: Great Tusk|Great Tusk|100\/100\n|-activate|p1a: Great Tusk|ability: Protosynthesis\n|-start|p1a: Great Tusk|protosynthesisspe\n|turn|7\n|\n|t:|1700264800\n|switch|p2a: Ting-Lu|Ting-Lu|100\/100\n|-damage|p2a: Ting-Lu|94\/100|[from] Stealth Rock\n|-ability|p2a: Ting-Lu|Vessel of Ruin\n|move|p1a: Great Tusk|Bulk Up|p1a: Great Tusk\n|-boost|p1a: Great Tusk|atk|1\n|-boost|p1a: Great Tusk|def|1\n|\n|-weather|SunnyDay|[upkeep]\n|-heal|p2a: Ting-Lu|100\/100|[from] item: Leftovers\n|upkeep\n|turn|8\n|\n|t:|1700264814\n|move|p1a: Great Tusk|Close Combat|p2a: Ting-Lu\n|-supereffective|p2a: Ting-Lu\n|-damage|p2a: Ting-Lu|9\/100\n|-unboost|p1a: Great Tusk|def|1\n|-unboost|p1a: Great Tusk|spd|1\n|move|p2a: Ting-Lu|Whirlwind|p1a: Great Tusk\n|-end|p1a: Great Tusk|Protosynthesis|[silent]\n|drag|p1a: Ceruledge|Ceruledge, M|100\/100\n|\n|-weather|none\n|-heal|p2a: Ting-Lu|15\/100|[from] item: Leftovers\n|upkeep\n|turn|9\n|\n|t:|1700264829\n|move|p1a: Ceruledge|Bitter Blade|p2a: Ting-Lu\n|-damage|p2a: Ting-Lu|0 fnt\n|faint|p2a: Ting-Lu\n|\n|upkeep\n|\n|t:|1700264836\n|switch|p2a: Iron Treads|Iron Treads|100\/100\n|-damage|p2a: Iron Treads|97\/100|[from] Stealth Rock\n|turn|10\n|\n|t:|1700264847\n|switch|p1a: Corviknight|Corviknight, M|100\/100\n|-ability|p1a: Corviknight|Pressure\n|move|p2a: Iron Treads|Knock Off|p1a: Corviknight\n|-damage|p1a: Corviknight|85\/100\n|-enditem|p1a: Corviknight|Leftovers|[from] move: Knock Off|[of] p2a: Iron Treads\n|\n|upkeep\n|turn|11\n|inactive|Battle timer is ON: inactive players will automatically lose when time's up. (requested by Dr. Plvgue)\n|inactive|lpkoko has 120 seconds left.\n|\n|t:|1700264916\n|move|p2a: Iron Treads|Rapid Spin|p1a: Corviknight\n|-resisted|p1a: Corviknight\n|-damage|p1a: Corviknight|82\/100\n|-boost|p2a: Iron Treads|spe|1\n|-sideend|p2: lpkoko|Stealth Rock|[from] move: Rapid Spin|[of] p2a: Iron Treads\n|move|p1a: Corviknight|Body Press|p2a: Iron Treads\n|-supereffective|p2a: Iron Treads\n|-damage|p2a: Iron Treads|54\/100\n|\n|upkeep\n|turn|12\n|\n|t:|1700264924\n|move|p2a: Iron Treads|Volt Switch|p1a: Corviknight\n|-supereffective|p1a: Corviknight\n|-damage|p1a: Corviknight|61\/100\n|\n|t:|1700264928\n|-end|p2a: Iron Treads|Quark Drive|[silent]\n|switch|p2a: Volcanion|Volcanion|100\/100|[from] Volt Switch\n|move|p1a: Corviknight|Body Press|p2a: Volcanion\n|-damage|p2a: Volcanion|85\/100\n|\n|-heal|p2a: Volcanion|91\/100|[from] item: Leftovers\n|upkeep\n|turn|13\n|\n|t:|1700264941\n|switch|p1a: Ceruledge|Ceruledge, M|100\/100\n|move|p2a: Volcanion|Substitute|p2a: Volcanion\n|-start|p2a: Volcanion|Substitute\n|-damage|p2a: Volcanion|66\/100\n|\n|-heal|p2a: Volcanion|72\/100|[from] item: Leftovers\n|upkeep\n|turn|14\n|\n|t:|1700264950\n|move|p1a: Ceruledge|Swords Dance|p1a: Ceruledge\n|-boost|p1a: Ceruledge|atk|2\n|move|p2a: Volcanion|Earth Power|p1a: Ceruledge\n|-supereffective|p1a: Ceruledge\n|-damage|p1a: Ceruledge|35\/100\n|-unboost|p1a: Ceruledge|spd|1\n|\n|-heal|p2a: Volcanion|78\/100|[from] item: Leftovers\n|upkeep\n|turn|15\n|\n|t:|1700264962\n|move|p1a: Ceruledge|Poltergeist|p2a: Volcanion\n|-activate|p2a: Volcanion|move: Poltergeist|Leftovers\n|-end|p2a: Volcanion|Substitute\n|move|p2a: Volcanion|Earth Power|p1a: Ceruledge\n|-supereffective|p1a: Ceruledge\n|-damage|p1a: Ceruledge|0 fnt\n|faint|p1a: Ceruledge\n|\n|-heal|p2a: Volcanion|84\/100|[from] item: Leftovers\n|upkeep\n|\n|t:|1700264984\n|switch|p1a: Walking Wake|Walking Wake|100\/100\n|turn|16\n|inactive|Dr. Plvgue has 120 seconds left.\n|inactive|lpkoko has 120 seconds left.\n|inactive|lpkoko has 90 seconds left.\n|\n|t:|1700265049\n|switch|p2a: Basculegion|Basculegion-F, F|100\/100\n|move|p1a: Walking Wake|Dragon Pulse|p2a: Basculegion\n|-damage|p2a: Basculegion|30\/100\n|\n|upkeep\n|turn|17\n|\n|t:|1700265057\n|move|p2a: Basculegion|Flip Turn|p1a: Walking Wake\n|-resisted|p1a: Walking Wake\n|-damage|p1a: Walking Wake|95\/100\n|inactive|lpkoko has 90 seconds left.\n|\n|t:|1700265071\n|switch|p2a: Hoopa|Hoopa-Unbound|88\/100|[from] Flip Turn\n|move|p1a: Walking Wake|Dragon Pulse|p2a: Hoopa\n|-crit|p2a: Hoopa\n|-damage|p2a: Hoopa|1\/100\n|\n|upkeep\n|turn|18\n|\n|t:|1700265080\n|move|p1a: Walking Wake|Dragon Pulse|p2a: Hoopa\n|-damage|p2a: Hoopa|0 fnt\n|faint|p2a: Hoopa\n|\n|upkeep\n|\n|t:|1700265088\n|switch|p2a: Basculegion|Basculegion-F, F|30\/100\n|turn|19\n|\n|t:|1700265092\n|move|p2a: Basculegion|Shadow Ball|p1a: Walking Wake\n|-damage|p1a: Walking Wake|35\/100\n|move|p1a: Walking Wake|Dragon Pulse|p2a: Basculegion\n|-damage|p2a: Basculegion|0 fnt\n|faint|p2a: Basculegion\n|\n|upkeep\n|inactive|lpkoko has 90 seconds left.\n|\n|t:|1700265119\n|switch|p2a: Iron Treads|Iron Treads|54\/100\n|turn|20\n|\n|t:|1700265126\n|-end|p1a: Walking Wake|Protosynthesis|[silent]\n|switch|p1a: Torkoal|Torkoal, M|59\/100\n|-weather|SunnyDay|[from] ability: Drought|[of] p1a: Torkoal\n|-end|p2a: Iron Treads|Quark Drive|[silent]\n|switch|p2a: Volcanion|Volcanion|84\/100\n|\n|-weather|SunnyDay|[upkeep]\n|-heal|p2a: Volcanion|90\/100|[from] item: Leftovers\n|upkeep\n|turn|21\n|\n|t:|1700265137\n|move|p2a: Volcanion|Steam Eruption|p1a: Torkoal\n|-supereffective|p1a: Torkoal\n|-damage|p1a: Torkoal|0 fnt\n|faint|p1a: Torkoal\n|\n|-weather|SunnyDay|[upkeep]\n|-heal|p2a: Volcanion|96\/100|[from] item: Leftovers\n|upkeep\n|\n|t:|1700265148\n|switch|p1a: Walking Wake|Walking Wake|35\/100\n|-activate|p1a: Walking Wake|ability: Protosynthesis\n|-start|p1a: Walking Wake|protosynthesisspe\n|turn|22\n|\n|t:|1700265157\n|move|p1a: Walking Wake|Draco Meteor|p2a: Volcanion\n|-damage|p2a: Volcanion|1\/100\n|-unboost|p1a: Walking Wake|spa|2\n|move|p2a: Volcanion|Earth Power|p1a: Walking Wake\n|-damage|p1a: Walking Wake|2\/100\n|\n|-weather|SunnyDay|[upkeep]\n|-heal|p2a: Volcanion|7\/100|[from] item: Leftovers\n|upkeep\n|turn|23\n|\n|t:|1700265169\n|switch|p2a: Iron Treads|Iron Treads|54\/100\n|move|p1a: Walking Wake|Draco Meteor|p2a: Iron Treads\n|-resisted|p2a: Iron Treads\n|-damage|p2a: Iron Treads|35\/100\n|-unboost|p1a: Walking Wake|spa|2\n|\n|-weather|SunnyDay|[upkeep]\n|upkeep\n|turn|24\n|\n|t:|1700265179\n|-end|p1a: Walking Wake|Protosynthesis|[silent]\n|switch|p1a: Corviknight|Corviknight, M|61\/100\n|-ability|p1a: Corviknight|Pressure\n|move|p2a: Iron Treads|Rapid Spin|p1a: Corviknight\n|-resisted|p1a: Corviknight\n|-damage|p1a: Corviknight|57\/100\n|-boost|p2a: Iron Treads|spe|1\n|\n|-weather|SunnyDay|[upkeep]\n|upkeep\n|turn|25\n|\n|t:|1700265190\n|move|p2a: Iron Treads|Volt Switch|p1a: Corviknight\n|-supereffective|p1a: Corviknight\n|-damage|p1a: Corviknight|36\/100\n|\n|t:|1700265193\n|-end|p2a: Iron Treads|Quark Drive|[silent]\n|switch|p2a: Ceruledge|Ceruledge, M|100\/100|[from] Volt Switch\n|move|p1a: Corviknight|Body Press|p2a: Ceruledge\n|-immune|p2a: Ceruledge\n|\n|-weather|SunnyDay|[upkeep]\n|upkeep\n|turn|26\n|inactive|lpkoko has 120 seconds left.\n|\n|t:|1700265203\n|switch|p1a: Great Tusk|Great Tusk|100\/100\n|-activate|p1a: Great Tusk|ability: Protosynthesis\n|-start|p1a: Great Tusk|protosynthesisspe\n|move|p2a: Ceruledge|Swords Dance|p2a: Ceruledge\n|-boost|p2a: Ceruledge|atk|2\n|\n|-weather|SunnyDay|[upkeep]\n|upkeep\n|turn|27\n|\n|t:|1700265214\n|-terastallize|p2a: Ceruledge|Ghost\n|move|p1a: Great Tusk|Headlong Rush|p2a: Ceruledge\n|-damage|p2a: Ceruledge|29\/100\n|-unboost|p1a: Great Tusk|def|1\n|-unboost|p1a: Great Tusk|spd|1\n|-ability|p2a: Ceruledge|Weak Armor|boost\n|-unboost|p2a: Ceruledge|def|1\n|-boost|p2a: Ceruledge|spe|2\n|move|p2a: Ceruledge|Poltergeist|p1a: Great Tusk\n|-activate|p1a: Great Tusk|move: Poltergeist|Booster Energy\n|-damage|p1a: Great Tusk|0 fnt\n|faint|p1a: Great Tusk\n|-end|p1a: Great Tusk|Protosynthesis|[silent]\n|\n|-weather|none\n|upkeep\n|\n|t:|1700265232\n|switch|p1a: Walking Wake|Walking Wake|2\/100\n|turn|28\n|\n|t:|1700265239\n|move|p2a: Ceruledge|Shadow Sneak|p1a: Walking Wake\n|-damage|p1a: Walking Wake|0 fnt\n|faint|p1a: Walking Wake\n|-end|p1a: Walking Wake|Protosynthesis|[silent]\n|\n|upkeep\n|\n|t:|1700265242\n|switch|p1a: Corviknight|Corviknight, M|36\/100\n|-ability|p1a: Corviknight|Pressure\n|turn|29\n|inactive|lpkoko has 120 seconds left.\n|inactive|lpkoko has 90 seconds left.\n|inactive|lpkoko has 60 seconds left.\n|inactive|lpkoko has 30 seconds left.\n|inactive|lpkoko has 20 seconds left.\n|inactive|lpkoko has 15 seconds left.\n|inactive|lpkoko has 10 seconds left.\n|inactive|lpkoko has 5 seconds left.\n|-message|lpkoko lost due to inactivity.\n|\n|win|Dr. Plvgue\n|raw|Dr. Plvgue's rating: 1042 &rarr; <strong>1072<\/strong><br \/>(+30 for winning)\n|raw|lpkoko's rating: 1000 &rarr; <strong>1000<\/strong><br \/>(+0 for losing)\n|l|\u2606lpkoko\n","uploadtime":1700265516,"views":13,"p1id":"drplvgue","p2id":"lpkoko","formatid":"gen9ou","rating":1000,"private":0,"password":""}