{"id":"gen9ou-1999660245","p1":"mza_b","p2":"stev0439","format":"[Gen 9] OU","log":"|j|\u2606mza_b\n|j|\u2606stev0439\n|t:|1701105468\n|gametype|singles\n|player|p1|mza_b|266|1417\n|player|p2|stev0439|265|1378\n|teamsize|p1|6\n|teamsize|p2|6\n|gen|9\n|tier|[Gen 9] OU\n|rated|\n|rule|Sleep Clause Mod: Limit one foe put to sleep\n|rule|Species Clause: Limit one of each Pok\u00e9mon\n|rule|OHKO Clause: OHKO moves are banned\n|rule|Evasion Items Clause: Evasion items are banned\n|rule|Evasion Moves Clause: Evasion moves are banned\n|rule|Endless Battle Clause: Forcing endless battles is banned\n|rule|HP Percentage Mod: HP is shown in percentages\n|clearpoke\n|poke|p1|Kingambit, M|\n|poke|p1|Glimmora, M|\n|poke|p1|Zamazenta-*|\n|poke|p1|Iron Valiant|\n|poke|p1|Iron Moth|\n|poke|p1|Ogerpon-Wellspring, F|\n|poke|p2|Weezing-Galar, M|\n|poke|p2|Rillaboom, F|\n|poke|p2|Ting-Lu|\n|poke|p2|Iron Valiant|\n|poke|p2|Dragapult, F|\n|poke|p2|Gholdengo|\n|teampreview\n|\n|t:|1701105477\n|start\n|switch|p1a: Glimmora|Glimmora, M|100\/100\n|switch|p2a: Ting-Lu|Ting-Lu|100\/100\n|-ability|p2a: Ting-Lu|Vessel of Ruin\n|turn|1\n|inactive|Battle timer is ON: inactive players will automatically lose when time's up. (requested by mza_b)\n|\n|t:|1701105480\n|move|p1a: Glimmora|Stealth Rock|p2a: Ting-Lu\n|-sidestart|p2: stev0439|move: Stealth Rock\n|move|p2a: Ting-Lu|Earthquake|p1a: Glimmora\n|-supereffective|p1a: Glimmora\n|-enditem|p1a: Glimmora|Focus Sash\n|-damage|p1a: Glimmora|1\/100\n|-activate|p1a: Glimmora|ability: Toxic Debris\n|-sidestart|p2: stev0439|move: Toxic Spikes\n|\n|upkeep\n|turn|2\n|\n|t:|1701105495\n|switch|p2a: Weezing|Weezing-Galar, M|100\/100\n|-damage|p2a: Weezing|88\/100|[from] Stealth Rock\n|move|p1a: Glimmora|Earth Power|p2a: Weezing\n|-immune|p2a: Weezing|[from] ability: Levitate\n|\n|upkeep\n|turn|3\n|\n|t:|1701105504\n|move|p1a: Glimmora|Power Gem|p2a: Weezing\n|-damage|p2a: Weezing|29\/100\n|move|p2a: Weezing|Sludge Bomb|p1a: Glimmora\n|-resisted|p1a: Glimmora\n|-damage|p1a: Glimmora|0 fnt\n|faint|p1a: Glimmora\n|\n|upkeep\n|\n|t:|1701105510\n|switch|p1a: Ogerpon|Ogerpon-Wellspring, F|100\/100\n|turn|4\n|\n|t:|1701105525\n|switch|p2a: Rillaboom|Rillaboom, F|100\/100\n|-damage|p2a: Rillaboom|88\/100|[from] Stealth Rock\n|-status|p2a: Rillaboom|psn\n|-fieldstart|move: Grassy Terrain|[from] ability: Grassy Surge|[of] p2a: Rillaboom\n|move|p1a: Ogerpon|Ivy Cudgel|p2a: Rillaboom|[anim] Ivy Cudgel Water\n|-resisted|p2a: Rillaboom\n|-damage|p2a: Rillaboom|61\/100 psn\n|\n|-heal|p2a: Rillaboom|67\/100 psn|[from] Grassy Terrain\n|-damage|p2a: Rillaboom|55\/100 psn|[from] psn\n|upkeep\n|turn|5\n|\n|t:|1701105535\n|switch|p1a: Iron Moth|Iron Moth|100\/100\n|-enditem|p1a: Iron Moth|Booster Energy\n|-activate|p1a: Iron Moth|ability: Quark Drive|[fromitem]\n|-start|p1a: Iron Moth|quarkdrivespe\n|move|p2a: Rillaboom|Drum Beating|p1a: Iron Moth\n|-resisted|p1a: Iron Moth\n|-damage|p1a: Iron Moth|81\/100\n|-unboost|p1a: Iron Moth|spe|1\n|\n|-heal|p1a: Iron Moth|87\/100|[from] Grassy Terrain\n|-heal|p2a: Rillaboom|61\/100 psn|[from] Grassy Terrain\n|-damage|p2a: Rillaboom|48\/100 psn|[from] psn\n|upkeep\n|turn|6\n|\n|t:|1701105546\n|move|p2a: Rillaboom|Grassy Glide|p1a: Iron Moth\n|-resisted|p1a: Iron Moth\n|-damage|p1a: Iron Moth|72\/100\n|move|p1a: Iron Moth|Fiery Dance|p2a: Rillaboom\n|-supereffective|p2a: Rillaboom\n|-damage|p2a: Rillaboom|0 fnt\n|faint|p2a: Rillaboom\n|\n|-heal|p1a: Iron Moth|78\/100|[from] Grassy Terrain\n|upkeep\n|\n|t:|1701105550\n|switch|p2a: Weezing|Weezing-Galar, M|29\/100\n|-damage|p2a: Weezing|17\/100|[from] Stealth Rock\n|turn|7\n|-enditem|p2a: Weezing|Custap Berry|[eat]\n|-activate|p2a: Weezing|item: Custap Berry|[consumed]\n|\n|t:|1701105555\n|move|p2a: Weezing|Defog|p1a: Iron Moth\n|-unboost|p1a: Iron Moth|evasion|1\n|-sideend|p2: stev0439|Toxic Spikes|[from] move: Defog|[of] p2a: Weezing\n|-sideend|p2: stev0439|Stealth Rock|[from] move: Defog|[of] p2a: Weezing\n|-fieldend|move: Grassy Terrain\n|move|p1a: Iron Moth|Fiery Dance|p2a: Weezing\n|-damage|p2a: Weezing|0 fnt\n|-boost|p1a: Iron Moth|spa|1\n|faint|p2a: Weezing\n|\n|upkeep\n|\n|t:|1701105561\n|switch|p2a: Dragapult|Dragapult, F|100\/100\n|turn|8\n|\n|t:|1701105568\n|-terastallize|p1a: Iron Moth|Fairy\n|move|p2a: Dragapult|Dragon Dance|p2a: Dragapult\n|-boost|p2a: Dragapult|atk|1\n|-boost|p2a: Dragapult|spe|1\n|move|p1a: Iron Moth|Dazzling Gleam|p2a: Dragapult\n|-supereffective|p2a: Dragapult\n|-damage|p2a: Dragapult|0 fnt\n|faint|p2a: Dragapult\n|\n|upkeep\n|\n|t:|1701105580\n|switch|p2a: Iron Valiant|Iron Valiant|100\/100\n|-enditem|p2a: Iron Valiant|Booster Energy\n|-activate|p2a: Iron Valiant|ability: Quark Drive|[fromitem]\n|-start|p2a: Iron Valiant|quarkdrivespe\n|turn|9\n|\n|t:|1701105588\n|-terastallize|p2a: Iron Valiant|Fairy\n|move|p2a: Iron Valiant|Calm Mind|p2a: Iron Valiant\n|-boost|p2a: Iron Valiant|spa|1\n|-boost|p2a: Iron Valiant|spd|1\n|move|p1a: Iron Moth|Sludge Wave|p2a: Iron Valiant\n|-supereffective|p2a: Iron Valiant\n|-damage|p2a: Iron Valiant|0 fnt\n|faint|p2a: Iron Valiant\n|-end|p2a: Iron Valiant|Quark Drive|[silent]\n|\n|upkeep\n|-message|stev0439 forfeited.\n|\n|win|mza_b\n|raw|mza_b's rating: 1417 &rarr; <strong>1435<\/strong><br \/>(+18 for winning)\n|raw|stev0439's rating: 1378 &rarr; <strong>1360<\/strong><br \/>(-18 for losing)\n|l|\u2606stev0439\n|l|\u2606mza_b\n|j|\u2606mza_b\n|player|p1|mza_b|266\n","uploadtime":1701105614,"views":2,"p1id":"mzab","p2id":"stev0439","formatid":"gen9ou","rating":1360,"private":0,"password":""}