{"id":"gen9ou-2000681867","p1":"anatomy&physiology","p2":"Workoutbrobroman","format":"[Gen 9] OU","log":"|j|\u2606anatomy&physiology\n|j|\u2606Workoutbrobroman\n|t:|1701218213\n|gametype|singles\n|player|p1|anatomy&physiology|1|1169\n|player|p2|Workoutbrobroman|blackbelt-gen4dp|1239\n|teamsize|p1|6\n|teamsize|p2|6\n|gen|9\n|tier|[Gen 9] OU\n|rated|\n|rule|Sleep Clause Mod: Limit one foe put to sleep\n|rule|Species Clause: Limit one of each Pok\u00e9mon\n|rule|OHKO Clause: OHKO moves are banned\n|rule|Evasion Items Clause: Evasion items are banned\n|rule|Evasion Moves Clause: Evasion moves are banned\n|rule|Endless Battle Clause: Forcing endless battles is banned\n|rule|HP Percentage Mod: HP is shown in percentages\n|clearpoke\n|poke|p1|Ribombee, F|\n|poke|p1|Grimmsnarl, M|\n|poke|p1|Great Tusk|\n|poke|p1|Dragonite, M|\n|poke|p1|Gholdengo|\n|poke|p1|Rillaboom, M|\n|poke|p2|Slowking-Galar, F|\n|poke|p2|Great Tusk|\n|poke|p2|Rillaboom, F|\n|poke|p2|Kingambit, F|\n|poke|p2|Dragapult, F|\n|poke|p2|Moltres|\n|teampreview\n|\n|t:|1701218225\n|start\n|switch|p1a: Mid Fang|Great Tusk|100\/100\n|switch|p2a: Slowking|Slowking-Galar, F|100\/100\n|-enditem|p1a: Mid Fang|Booster Energy\n|-activate|p1a: Mid Fang|ability: Protosynthesis|[fromitem]\n|-start|p1a: Mid Fang|protosynthesisspe\n|turn|1\n|\n|t:|1701218237\n|switch|p2a: Moltres|Moltres|100\/100\n|move|p1a: Mid Fang|Knock Off|p2a: Moltres\n|-damage|p2a: Moltres|81\/100\n|-enditem|p2a: Moltres|Heavy-Duty Boots|[from] move: Knock Off|[of] p1a: Mid Fang\n|\n|upkeep\n|turn|2\n|\n|t:|1701218245\n|move|p1a: Mid Fang|Stealth Rock|p2a: Moltres\n|-sidestart|p2: Workoutbrobroman|move: Stealth Rock\n|move|p2a: Moltres|Will-O-Wisp|p1a: Mid Fang\n|-status|p1a: Mid Fang|brn\n|\n|-damage|p1a: Mid Fang|94\/100 brn|[from] brn\n|upkeep\n|turn|3\n|\n|t:|1701218253\n|move|p1a: Mid Fang|Taunt|p2a: Moltres\n|-start|p2a: Moltres|move: Taunt\n|move|p2a: Moltres|U-turn|p1a: Mid Fang\n|-resisted|p1a: Mid Fang\n|-damage|p1a: Mid Fang|90\/100 brn\n|\n|t:|1701218259\n|switch|p2a: Great Tusk|Great Tusk|100\/100|[from] U-turn\n|-damage|p2a: Great Tusk|98\/100|[from] Stealth Rock\n|\n|-heal|p2a: Great Tusk|100\/100|[from] item: Leftovers\n|-damage|p1a: Mid Fang|83\/100 brn|[from] brn\n|upkeep\n|turn|4\n|\n|t:|1701218279\n|-end|p1a: Mid Fang|Protosynthesis|[silent]\n|switch|p1a: 9 gens???|Dragonite, M|100\/100\n|move|p2a: Great Tusk|Rapid Spin|p1a: 9 gens???\n|-damage|p1a: 9 gens???|91\/100\n|-boost|p2a: Great Tusk|spe|1\n|-sideend|p2: Workoutbrobroman|Stealth Rock|[from] move: Rapid Spin|[of] p2a: Great Tusk\n|\n|upkeep\n|turn|5\n|\n|t:|1701218287\n|move|p2a: Great Tusk|Ice Spinner|p1a: 9 gens???\n|-supereffective|p1a: 9 gens???\n|-damage|p1a: 9 gens???|0 fnt\n|faint|p1a: 9 gens???\n|\n|upkeep\n|\n|t:|1701218299\n|switch|p1a: Happy Yell|Grimmsnarl, M, shiny|100\/100\n|turn|6\n|\n|t:|1701218304\n|move|p1a: Happy Yell|Reflect|p1a: Happy Yell\n|-sidestart|p1: anatomy&physiology|Reflect\n|move|p2a: Great Tusk|Headlong Rush|p1a: Happy Yell\n|-damage|p1a: Happy Yell|68\/100\n|-unboost|p2a: Great Tusk|def|1\n|-unboost|p2a: Great Tusk|spd|1\n|\n|upkeep\n|turn|7\n|\n|t:|1701218316\n|move|p2a: Great Tusk|Stealth Rock|p1a: Happy Yell\n|-sidestart|p1: anatomy&physiology|move: Stealth Rock\n|move|p1a: Happy Yell|Spirit Break|p2a: Great Tusk\n|-supereffective|p2a: Great Tusk\n|-damage|p2a: Great Tusk|36\/100\n|-unboost|p2a: Great Tusk|spa|1\n|\n|-heal|p2a: Great Tusk|42\/100|[from] item: Leftovers\n|upkeep\n|turn|8\n|inactive|Battle timer is ON: inactive players will automatically lose when time's up. (requested by anatomy&physiology)\n|\n|t:|1701218355\n|-end|p2a: Great Tusk|Protosynthesis|[silent]\n|switch|p2a: Rillaboom|Rillaboom, F|100\/100\n|-fieldstart|move: Grassy Terrain|[from] ability: Grassy Surge|[of] p2a: Rillaboom\n|move|p1a: Happy Yell|Spirit Break|p2a: Rillaboom\n|-damage|p2a: Rillaboom|69\/100\n|-unboost|p2a: Rillaboom|spa|1\n|\n|-heal|p2a: Rillaboom|75\/100|[from] Grassy Terrain\n|-heal|p1a: Happy Yell|74\/100|[from] Grassy Terrain\n|upkeep\n|turn|9\n|\n|t:|1701218367\n|move|p1a: Happy Yell|Taunt|p2a: Rillaboom\n|-start|p2a: Rillaboom|move: Taunt\n|move|p2a: Rillaboom|U-turn|p1a: Happy Yell\n|-crit|p1a: Happy Yell\n|-damage|p1a: Happy Yell|16\/100\n|\n|t:|1701218377\n|switch|p2a: Dragapult|Dragapult, F|100\/100|[from] U-turn\n|\n|-heal|p1a: Happy Yell|22\/100|[from] Grassy Terrain\n|upkeep\n|turn|10\n|\n|t:|1701218387\n|switch|p1a: Mid Fang|Great Tusk|83\/100 brn\n|-damage|p1a: Mid Fang|80\/100 brn|[from] Stealth Rock\n|-terastallize|p2a: Dragapult|Ghost\n|move|p2a: Dragapult|Shadow Ball|p1a: Mid Fang\n|-damage|p1a: Mid Fang|0 fnt\n|faint|p1a: Mid Fang\n|-end|p1a: Mid Fang|Protosynthesis|[silent]\n|\n|upkeep\n|\n|t:|1701218406\n|switch|p1a: Happy Yell|Grimmsnarl, M, shiny|22\/100\n|-damage|p1a: Happy Yell|10\/100|[from] Stealth Rock\n|turn|11\n|\n|t:|1701218410\n|move|p1a: Happy Yell|Light Screen|p1a: Happy Yell\n|-sidestart|p1: anatomy&physiology|move: Light Screen\n|move|p2a: Dragapult|Shadow Ball|p1a: Happy Yell\n|-resisted|p1a: Happy Yell\n|-damage|p1a: Happy Yell|0 fnt\n|faint|p1a: Happy Yell\n|\n|upkeep\n|\n|t:|1701218425\n|switch|p1a: gliscor +|Gholdengo|100\/100\n|-damage|p1a: gliscor +|94\/100|[from] Stealth Rock\n|turn|12\n|\n|t:|1701218432\n|move|p2a: Dragapult|Shadow Ball|p1a: gliscor +\n|-supereffective|p1a: gliscor +\n|-damage|p1a: gliscor +|6\/100\n|-enditem|p1a: gliscor +|Salac Berry|[eat]\n|-boost|p1a: gliscor +|spe|1|[from] item: Salac Berry\n|move|p1a: gliscor +|Shadow Ball|p2a: Dragapult\n|-supereffective|p2a: Dragapult\n|-damage|p2a: Dragapult|0 fnt\n|faint|p2a: Dragapult\n|\n|-heal|p1a: gliscor +|12\/100|[from] Grassy Terrain\n|-fieldend|move: Grassy Terrain\n|upkeep\n|\n|t:|1701218447\n|switch|p2a: Rillaboom|Rillaboom, F|75\/100\n|-fieldstart|move: Grassy Terrain|[from] ability: Grassy Surge|[of] p2a: Rillaboom\n|turn|13\n|\n|t:|1701218453\n|switch|p1a: The child|Ribombee, F|100\/100\n|-damage|p1a: The child|76\/100|[from] Stealth Rock\n|move|p2a: Rillaboom|Grassy Glide|p1a: The child\n|-resisted|p1a: The child\n|-damage|p1a: The child|59\/100\n|\n|-heal|p1a: The child|65\/100|[from] Grassy Terrain\n|-heal|p2a: Rillaboom|81\/100|[from] Grassy Terrain\n|-sideend|p1: anatomy&physiology|Reflect\n|upkeep\n|turn|14\n|\n|t:|1701218465\n|switch|p2a: Moltres|Moltres|81\/100\n|move|p1a: The child|Quiver Dance|p1a: The child\n|-boost|p1a: The child|spa|1\n|-boost|p1a: The child|spd|1\n|-boost|p1a: The child|spe|1\n|\n|-heal|p1a: The child|71\/100|[from] Grassy Terrain\n|upkeep\n|turn|15\n|\n|t:|1701218475\n|-terastallize|p1a: The child|Fire\n|move|p1a: The child|Quiver Dance|p1a: The child\n|-boost|p1a: The child|spa|1\n|-boost|p1a: The child|spd|1\n|-boost|p1a: The child|spe|1\n|move|p2a: Moltres|Flamethrower|p1a: The child\n|-resisted|p1a: The child\n|-damage|p1a: The child|64\/100\n|\n|-heal|p1a: The child|70\/100|[from] Grassy Terrain\n|upkeep\n|turn|16\n|\n|t:|1701218487\n|move|p1a: The child|Quiver Dance|p1a: The child\n|-boost|p1a: The child|spa|1\n|-boost|p1a: The child|spd|1\n|-boost|p1a: The child|spe|1\n|move|p2a: Moltres|U-turn|p1a: The child\n|-resisted|p1a: The child\n|-damage|p1a: The child|62\/100\n|\n|t:|1701218501\n|switch|p2a: Kingambit|Kingambit, F|100\/100|[from] U-turn\n|-activate|p2a: Kingambit|ability: Supreme Overlord\n|-start|p2a: Kingambit|fallen1|[silent]\n|\n|-heal|p1a: The child|68\/100|[from] Grassy Terrain\n|upkeep\n|turn|17\n|\n|t:|1701218509\n|move|p2a: Kingambit|Sucker Punch|p1a: The child\n|-damage|p1a: The child|11\/100\n|move|p1a: The child|Draining Kiss|p2a: Kingambit\n|-damage|p2a: Kingambit|42\/100\n|-heal|p1a: The child|63\/100|[from] drain|[of] p2a: Kingambit\n|-damage|p1a: The child|53\/100|[from] item: Life Orb\n|\n|-heal|p1a: The child|59\/100|[from] Grassy Terrain\n|-heal|p2a: Kingambit|48\/100|[from] Grassy Terrain\n|-heal|p2a: Kingambit|54\/100|[from] item: Leftovers\n|-fieldend|move: Grassy Terrain\n|upkeep\n|turn|18\n|\n|t:|1701218522\n|move|p1a: The child|Draining Kiss|p2a: Kingambit\n|-damage|p2a: Kingambit|0 fnt\n|-heal|p1a: The child|100\/100|[from] drain|[of] p2a: Kingambit\n|faint|p2a: Kingambit\n|-end|p2a: Kingambit|fallen1|[silent]\n|-damage|p1a: The child|91\/100|[from] item: Life Orb\n|\n|-sideend|p1: anatomy&physiology|move: Light Screen\n|upkeep\n|\n|t:|1701218536\n|switch|p2a: Slowking|Slowking-Galar, F|100\/100\n|turn|19\n|\n|t:|1701218541\n|move|p1a: The child|Stored Power|p2a: Slowking\n|-damage|p2a: Slowking|19\/100\n|-damage|p1a: The child|81\/100|[from] item: Life Orb\n|move|p2a: Slowking|Surf|p1a: The child\n|-supereffective|p1a: The child\n|-damage|p1a: The child|55\/100\n|\n|upkeep\n|turn|20\n|\n|t:|1701218554\n|switch|p2a: Moltres|Moltres|81\/100\n|move|p1a: The child|Stored Power|p2a: Moltres\n|-damage|p2a: Moltres|0 fnt\n|faint|p2a: Moltres\n|-damage|p1a: The child|45\/100|[from] item: Life Orb\n|\n|upkeep\n|\n|t:|1701218566\n|switch|p2a: Rillaboom|Rillaboom, F|81\/100\n|-fieldstart|move: Grassy Terrain|[from] ability: Grassy Surge|[of] p2a: Rillaboom\n|turn|21\n|\n|t:|1701218572\n|move|p2a: Rillaboom|Grassy Glide|p1a: The child\n|-resisted|p1a: The child\n|-damage|p1a: The child|7\/100\n|move|p1a: The child|Draining Kiss|p2a: Rillaboom\n|-damage|p2a: Rillaboom|13\/100\n|-heal|p1a: The child|63\/100|[from] drain|[of] p2a: Rillaboom\n|-damage|p1a: The child|53\/100|[from] item: Life Orb\n|\n|-heal|p1a: The child|59\/100|[from] Grassy Terrain\n|-heal|p2a: Rillaboom|20\/100|[from] Grassy Terrain\n|upkeep\n|turn|22\n|-message|Workoutbrobroman forfeited.\n|\n|win|anatomy&physiology\n|raw|anatomy&amp;physiology's rating: 1169 &rarr; <strong>1199<\/strong><br \/>(+30 for winning)\n|raw|Workoutbrobroman's rating: 1239 &rarr; <strong>1209<\/strong><br \/>(-30 for losing)\n|l|\u2606Workoutbrobroman\n","uploadtime":1701218603,"views":1,"p1id":"anatomyphysiology","p2id":"workoutbrobroman","formatid":"gen9ou","rating":1199,"private":0,"password":""}