{"id":"gen9ou-1990234829","p1":"soccersniper","p2":"Elmendez","format":"[Gen 9] OU","log":"|j|\u2606soccersniper\n|j|\u2606Elmendez\n|t:|1699941835\n|gametype|singles\n|player|p1|soccersniper|wally|1538\n|player|p2|Elmendez|102|1576\n|teamsize|p1|6\n|teamsize|p2|6\n|gen|9\n|tier|[Gen 9] OU\n|rated|\n|rule|Sleep Clause Mod: Limit one foe put to sleep\n|rule|Species Clause: Limit one of each Pok\u00e9mon\n|rule|OHKO Clause: OHKO moves are banned\n|rule|Evasion Items Clause: Evasion items are banned\n|rule|Evasion Moves Clause: Evasion moves are banned\n|rule|Endless Battle Clause: Forcing endless battles is banned\n|rule|HP Percentage Mod: HP is shown in percentages\n|clearpoke\n|poke|p1|Garganacl, F|\n|poke|p1|Rillaboom, F|\n|poke|p1|Sneasler, M|\n|poke|p1|Iron Valiant|\n|poke|p1|Thundurus, M|\n|poke|p1|Great Tusk|\n|poke|p2|Sinistcha-Masterpiece|\n|poke|p2|Dondozo, F|\n|poke|p2|Talonflame, F|\n|poke|p2|Blissey, F|\n|poke|p2|Toxapex, F|\n|poke|p2|Ting-Lu|\n|teampreview\n|\n|t:|1699941845\n|start\n|switch|p1a: Great Tusk|Great Tusk|100\/100\n|switch|p2a: Ting-Lu|Ting-Lu|100\/100\n|-ability|p2a: Ting-Lu|Vessel of Ruin\n|turn|1\n|\n|t:|1699941853\n|move|p1a: Great Tusk|Stealth Rock|p2a: Ting-Lu\n|-sidestart|p2: Elmendez|move: Stealth Rock\n|move|p2a: Ting-Lu|Spikes|p1a: Great Tusk\n|-sidestart|p1: soccersniper|Spikes\n|\n|upkeep\n|turn|2\n|j| TorterraMain\n|\n|t:|1699941857\n|switch|p2a: Sinistcha|Sinistcha-Masterpiece|100\/100\n|move|p1a: Great Tusk|Rapid Spin|p2a: Sinistcha\n|-immune|p2a: Sinistcha\n|\n|upkeep\n|turn|3\n|\n|t:|1699941865\n|-end|p1a: Great Tusk|Protosynthesis|[silent]\n|switch|p1a: Rillaboom|Rillaboom, F|100\/100\n|-damage|p1a: Rillaboom|88\/100|[from] Spikes\n|-fieldstart|move: Grassy Terrain|[from] ability: Grassy Surge|[of] p1a: Rillaboom\n|move|p2a: Sinistcha|Matcha Gotcha|p1a: Rillaboom\n|-resisted|p1a: Rillaboom\n|-damage|p1a: Rillaboom|59\/100\n|\n|-heal|p1a: Rillaboom|65\/100|[from] Grassy Terrain\n|upkeep\n|turn|4\n|\n|t:|1699941887\n|switch|p2a: Toxapex|Toxapex, F|100\/100\n|move|p1a: Rillaboom|U-turn|p2a: Toxapex\n|-resisted|p2a: Toxapex\n|-damage|p2a: Toxapex|87\/100\n|\n|t:|1699941894\n|switch|p1a: Thundurus|Thundurus, M|100\/100|[from] U-turn\n|\n|-heal|p2a: Toxapex|93\/100|[from] Grassy Terrain\n|upkeep\n|turn|5\n|\n|t:|1699941907\n|switch|p1a: Rillaboom|Rillaboom, F|65\/100\n|-damage|p1a: Rillaboom|53\/100|[from] Spikes\n|switch|p2a: Ting-Lu|Ting-Lu|100\/100\n|-damage|p2a: Ting-Lu|94\/100|[from] Stealth Rock\n|-ability|p2a: Ting-Lu|Vessel of Ruin\n|\n|-heal|p1a: Rillaboom|59\/100|[from] Grassy Terrain\n|-heal|p2a: Ting-Lu|100\/100|[from] Grassy Terrain\n|upkeep\n|turn|6\n|\n|t:|1699941913\n|move|p2a: Ting-Lu|Protect|p2a: Ting-Lu\n|-singleturn|p2a: Ting-Lu|Protect\n|move|p1a: Rillaboom|Knock Off|p2a: Ting-Lu\n|-activate|p2a: Ting-Lu|move: Protect\n|\n|-heal|p1a: Rillaboom|65\/100|[from] Grassy Terrain\n|upkeep\n|turn|7\n|\n|t:|1699941921\n|move|p1a: Rillaboom|Knock Off|p2a: Ting-Lu\n|-resisted|p2a: Ting-Lu\n|-damage|p2a: Ting-Lu|90\/100\n|-enditem|p2a: Ting-Lu|Leftovers|[from] move: Knock Off|[of] p1a: Rillaboom\n|move|p2a: Ting-Lu|Spikes|p1a: Rillaboom\n|-sidestart|p1: soccersniper|Spikes\n|\n|-heal|p1a: Rillaboom|71\/100|[from] Grassy Terrain\n|-heal|p2a: Ting-Lu|96\/100|[from] Grassy Terrain\n|-fieldend|move: Grassy Terrain\n|upkeep\n|turn|8\n|\n|t:|1699941926\n|switch|p1a: Great Tusk|Great Tusk|100\/100\n|-damage|p1a: Great Tusk|84\/100|[from] Spikes\n|move|p2a: Ting-Lu|Spikes|p1a: Great Tusk\n|-sidestart|p1: soccersniper|Spikes\n|\n|upkeep\n|turn|9\n|\n|t:|1699941945\n|-end|p1a: Great Tusk|Protosynthesis|[silent]\n|switch|p1a: Sneasler|Sneasler, M|100\/100\n|-damage|p1a: Sneasler|76\/100|[from] Spikes\n|switch|p2a: Sinistcha|Sinistcha-Masterpiece|100\/100\n|\n|upkeep\n|turn|10\n|\n|t:|1699941966\n|switch|p2a: Talonflame|Talonflame, F|100\/100\n|move|p1a: Sneasler|Dire Claw|p2a: Talonflame\n|-damage|p2a: Talonflame|61\/100\n|-status|p2a: Talonflame|slp\n|-status|p1a: Sneasler|brn|[from] ability: Flame Body|[of] p2a: Talonflame\n|\n|-damage|p1a: Sneasler|70\/100 brn|[from] brn\n|upkeep\n|turn|11\n|\n|t:|1699941974\n|move|p1a: Sneasler|Swords Dance|p1a: Sneasler\n|-boost|p1a: Sneasler|atk|2\n|cant|p2a: Talonflame|slp\n|\n|-damage|p1a: Sneasler|64\/100 brn|[from] brn\n|upkeep\n|turn|12\n|\n|t:|1699941976\n|move|p1a: Sneasler|Swords Dance|p1a: Sneasler\n|-boost|p1a: Sneasler|atk|2\n|cant|p2a: Talonflame|slp\n|\n|-damage|p1a: Sneasler|58\/100 brn|[from] brn\n|upkeep\n|turn|13\n|\n|t:|1699941979\n|move|p1a: Sneasler|Dire Claw|p2a: Talonflame\n|-damage|p2a: Talonflame|6\/100 slp\n|cant|p2a: Talonflame|slp\n|\n|-damage|p1a: Sneasler|52\/100 brn|[from] brn\n|upkeep\n|turn|14\n|\n|t:|1699941986\n|switch|p2a: Dondozo|Dondozo, F|100\/100\n|move|p1a: Sneasler|Dire Claw|p2a: Dondozo\n|-damage|p2a: Dondozo|90\/100\n|\n|-damage|p1a: Sneasler|46\/100 brn|[from] brn\n|upkeep\n|turn|15\n|\n|t:|1699942006\n|move|p1a: Sneasler|Shadow Claw|p2a: Dondozo\n|-damage|p2a: Dondozo|84\/100\n|move|p2a: Dondozo|Avalanche|p1a: Sneasler\n|-damage|p1a: Sneasler|0 fnt\n|faint|p1a: Sneasler\n|\n|upkeep\n|\n|t:|1699942011\n|switch|p1a: Thundurus|Thundurus, M|100\/100\n|turn|16\n|\n|t:|1699942022\n|switch|p1a: Rillaboom|Rillaboom, F|71\/100\n|-damage|p1a: Rillaboom|46\/100|[from] Spikes\n|-fieldstart|move: Grassy Terrain|[from] ability: Grassy Surge|[of] p1a: Rillaboom\n|switch|p2a: Ting-Lu|Ting-Lu|96\/100\n|-damage|p2a: Ting-Lu|90\/100|[from] Stealth Rock\n|-ability|p2a: Ting-Lu|Vessel of Ruin\n|\n|-heal|p1a: Rillaboom|52\/100|[from] Grassy Terrain\n|-heal|p2a: Ting-Lu|96\/100|[from] Grassy Terrain\n|upkeep\n|turn|17\n|\n|t:|1699942029\n|move|p2a: Ting-Lu|Protect|p2a: Ting-Lu\n|-singleturn|p2a: Ting-Lu|Protect\n|move|p1a: Rillaboom|Wood Hammer|p2a: Ting-Lu\n|-activate|p2a: Ting-Lu|move: Protect\n|\n|-heal|p1a: Rillaboom|59\/100|[from] Grassy Terrain\n|-heal|p2a: Ting-Lu|100\/100|[from] Grassy Terrain\n|upkeep\n|turn|18\n|\n|t:|1699942037\n|switch|p2a: Sinistcha|Sinistcha-Masterpiece|100\/100\n|move|p1a: Rillaboom|Wood Hammer|p2a: Sinistcha\n|-resisted|p2a: Sinistcha\n|-damage|p2a: Sinistcha|57\/100\n|-damage|p1a: Rillaboom|45\/100|[from] Recoil\n|\n|-heal|p1a: Rillaboom|51\/100|[from] Grassy Terrain\n|-heal|p2a: Sinistcha|63\/100|[from] Grassy Terrain\n|upkeep\n|turn|19\n|\n|t:|1699942049\n|switch|p1a: Thundurus|Thundurus, M|100\/100\n|move|p2a: Sinistcha|Matcha Gotcha|p1a: Thundurus\n|-resisted|p1a: Thundurus\n|-damage|p1a: Thundurus|72\/100\n|-heal|p2a: Sinistcha|76\/100|[from] drain|[of] p1a: Thundurus\n|\n|-heal|p2a: Sinistcha|82\/100|[from] Grassy Terrain\n|upkeep\n|turn|20\n|l| TorterraMain\n|\n|t:|1699942073\n|switch|p2a: Ting-Lu|Ting-Lu|100\/100\n|-damage|p2a: Ting-Lu|94\/100|[from] Stealth Rock\n|-ability|p2a: Ting-Lu|Vessel of Ruin\n|move|p1a: Thundurus|Sludge Bomb|p2a: Ting-Lu\n|-resisted|p2a: Ting-Lu\n|-damage|p2a: Ting-Lu|81\/100\n|\n|-heal|p2a: Ting-Lu|87\/100|[from] Grassy Terrain\n|-fieldend|move: Grassy Terrain\n|upkeep\n|turn|21\n|inactive|Battle timer is ON: inactive players will automatically lose when time's up. (requested by Elmendez)\n|\n|t:|1699942099\n|move|p1a: Thundurus|Sludge Bomb|p2a: Ting-Lu\n|-resisted|p2a: Ting-Lu\n|-crit|p2a: Ting-Lu\n|-damage|p2a: Ting-Lu|66\/100\n|-status|p2a: Ting-Lu|psn\n|move|p2a: Ting-Lu|Whirlwind|p1a: Thundurus\n|drag|p1a: Garganacl|Garganacl, F|100\/100\n|-damage|p1a: Garganacl|75\/100|[from] Spikes\n|\n|-heal|p1a: Garganacl|82\/100|[from] item: Leftovers\n|-damage|p2a: Ting-Lu|54\/100 psn|[from] psn\n|upkeep\n|turn|22\n|\n|t:|1699942121\n|switch|p2a: Sinistcha|Sinistcha-Masterpiece|82\/100\n|move|p1a: Garganacl|Salt Cure|p2a: Sinistcha\n|-damage|p2a: Sinistcha|71\/100\n|-start|p2a: Sinistcha|Salt Cure\n|\n|-heal|p1a: Garganacl|88\/100|[from] item: Leftovers\n|-damage|p2a: Sinistcha|58\/100|[from] Salt Cure\n|upkeep\n|turn|23\n|\n|t:|1699942131\n|switch|p1a: Great Tusk|Great Tusk|84\/100\n|-damage|p1a: Great Tusk|59\/100|[from] Spikes\n|move|p2a: Sinistcha|Matcha Gotcha|p1a: Great Tusk\n|-supereffective|p1a: Great Tusk\n|-damage|p1a: Great Tusk|0 fnt\n|-heal|p2a: Sinistcha|98\/100|[from] drain|[of] p1a: Great Tusk\n|faint|p1a: Great Tusk\n|-end|p1a: Great Tusk|Protosynthesis|[silent]\n|\n|-damage|p2a: Sinistcha|85\/100|[from] Salt Cure\n|upkeep\n|\n|t:|1699942141\n|switch|p1a: Iron Valiant|Iron Valiant|100\/100\n|-damage|p1a: Iron Valiant|76\/100|[from] Spikes\n|-enditem|p1a: Iron Valiant|Booster Energy\n|-activate|p1a: Iron Valiant|ability: Quark Drive|[fromitem]\n|-start|p1a: Iron Valiant|quarkdrivespe\n|turn|24\n|\n|t:|1699942148\n|switch|p2a: Toxapex|Toxapex, F|100\/100\n|move|p1a: Iron Valiant|Knock Off|p2a: Toxapex\n|-damage|p2a: Toxapex|72\/100\n|-enditem|p2a: Toxapex|Heavy-Duty Boots|[from] move: Knock Off|[of] p1a: Iron Valiant\n|\n|upkeep\n|turn|25\n|\n|t:|1699942157\n|-end|p1a: Iron Valiant|Quark Drive|[silent]\n|switch|p1a: Thundurus|Thundurus, M|72\/100\n|move|p2a: Toxapex|Toxic|p1a: Thundurus\n|-status|p1a: Thundurus|tox\n|\n|-damage|p1a: Thundurus|66\/100 tox|[from] psn\n|upkeep\n|turn|26\n|\n|t:|1699942164\n|move|p2a: Toxapex|Baneful Bunker|p2a: Toxapex\n|-singleturn|p2a: Toxapex|move: Protect\n|move|p1a: Thundurus|Dark Pulse|p2a: Toxapex\n|-activate|p2a: Toxapex|move: Protect\n|\n|-damage|p1a: Thundurus|54\/100 tox|[from] psn\n|upkeep\n|turn|27\n|\n|t:|1699942169\n|switch|p2a: Blissey|Blissey, F|100\/100\n|move|p1a: Thundurus|Dark Pulse|p2a: Blissey\n|-damage|p2a: Blissey|88\/100\n|\n|-damage|p1a: Thundurus|36\/100 tox|[from] psn\n|upkeep\n|turn|28\n|\n|t:|1699942172\n|switch|p1a: Rillaboom|Rillaboom, F|51\/100\n|-damage|p1a: Rillaboom|26\/100|[from] Spikes\n|-fieldstart|move: Grassy Terrain|[from] ability: Grassy Surge|[of] p1a: Rillaboom\n|move|p2a: Blissey|Stealth Rock|p1a: Rillaboom\n|-sidestart|p1: soccersniper|move: Stealth Rock\n|\n|-heal|p1a: Rillaboom|32\/100|[from] Grassy Terrain\n|-heal|p2a: Blissey|94\/100|[from] Grassy Terrain\n|upkeep\n|turn|29\n|\n|t:|1699942179\n|switch|p2a: Talonflame|Talonflame, F|6\/100 slp\n|move|p1a: Rillaboom|Wood Hammer|p2a: Talonflame\n|-resisted|p2a: Talonflame\n|-damage|p2a: Talonflame|0 fnt\n|-status|p1a: Rillaboom|brn|[from] ability: Flame Body|[of] p2a: Talonflame\n|faint|p2a: Talonflame\n|-damage|p1a: Rillaboom|30\/100 brn|[from] Recoil\n|\n|-heal|p1a: Rillaboom|37\/100 brn|[from] Grassy Terrain\n|-damage|p1a: Rillaboom|30\/100 brn|[from] brn\n|upkeep\n|-message|soccersniper forfeited.\n|\n|win|Elmendez\n|raw|soccersniper's rating: 1538 &rarr; <strong>1520<\/strong><br \/>(-18 for losing)\n|raw|Elmendez's rating: 1576 &rarr; <strong>1594<\/strong><br \/>(+18 for winning)\n|l|\u2606soccersniper\n|c|\u2606Elmendez|gg\n","uploadtime":1699942207,"views":42,"p1id":"soccersniper","p2id":"elmendez","formatid":"gen9ou","rating":1520,"private":0,"password":""}