{"id":"gen9ou-1995090915","p1":"ZenoKai","p2":"Blizzchor","format":"[Gen 9] OU","log":"|j|\u203dZenoKai\n|j|\u2606Blizzchor\n|t:|1700521523\n|gametype|singles\n|player|p1|ZenoKai|cynthia|1570\n|player|p2|Blizzchor|colress|1522\n|teamsize|p1|6\n|teamsize|p2|6\n|gen|9\n|tier|[Gen 9] OU\n|rated|\n|rule|Sleep Clause Mod: Limit one foe put to sleep\n|rule|Species Clause: Limit one of each Pok\u00e9mon\n|rule|OHKO Clause: OHKO moves are banned\n|rule|Evasion Items Clause: Evasion items are banned\n|rule|Evasion Moves Clause: Evasion moves are banned\n|rule|Endless Battle Clause: Forcing endless battles is banned\n|rule|HP Percentage Mod: HP is shown in percentages\n|clearpoke\n|poke|p1|Zamazenta-*|\n|poke|p1|Great Tusk|\n|poke|p1|Slowking-Galar, M|\n|poke|p1|Dragapult, F|\n|poke|p1|Samurott-Hisui, F|\n|poke|p1|Kingambit, F|\n|poke|p2|Dragapult, M|\n|poke|p2|Dragonite, M|\n|poke|p2|Hatterene, F|\n|poke|p2|Magnezone|\n|poke|p2|Great Tusk|\n|poke|p2|Tornadus-Therian, M|\n|teampreview\n|\n|t:|1700521534\n|start\n|switch|p1a: Dragapult|Dragapult, F|100\/100\n|switch|p2a: Dragapult|Dragapult, M|100\/100\n|turn|1\n|\n|t:|1700521561\n|switch|p2a: Tornadus|Tornadus-Therian, M, shiny|100\/100\n|move|p1a: Dragapult|Shadow Ball|p2a: Tornadus\n|-damage|p2a: Tornadus|64\/100\n|\n|upkeep\n|turn|2\n|\n|t:|1700521568\n|move|p1a: Dragapult|Shadow Ball|p2a: Tornadus\n|-damage|p2a: Tornadus|29\/100\n|move|p2a: Tornadus|Knock Off|p1a: Dragapult\n|-supereffective|p1a: Dragapult\n|-damage|p1a: Dragapult|46\/100\n|-enditem|p1a: Dragapult|Choice Specs|[from] move: Knock Off|[of] p2a: Tornadus\n|\n|upkeep\n|turn|3\n|\n|t:|1700521577\n|switch|p2a: Magnezone|Magnezone|100\/100\n|move|p1a: Dragapult|Shadow Ball|p2a: Magnezone\n|-damage|p2a: Magnezone|66\/100\n|\n|upkeep\n|turn|4\n|j| Trystan\n|\n|t:|1700521585\n|move|p1a: Dragapult|Flamethrower|p2a: Magnezone\n|-supereffective|p2a: Magnezone\n|-damage|p2a: Magnezone|13\/100\n|move|p2a: Magnezone|Flash Cannon|p1a: Dragapult\n|-damage|p1a: Dragapult|0 fnt\n|faint|p1a: Dragapult\n|\n|upkeep\n|\n|t:|1700521592\n|switch|p1a: Samurott|Samurott-Hisui, F|100\/100\n|turn|5\n|\n|t:|1700521599\n|move|p1a: Samurott|Ceaseless Edge|p2a: Magnezone\n|-damage|p2a: Magnezone|0 fnt\n|-sidestart|p2: Blizzchor|Spikes\n|faint|p2a: Magnezone\n|\n|upkeep\n|\n|t:|1700521603\n|switch|p2a: Great Tusk|Great Tusk|100\/100\n|-damage|p2a: Great Tusk|88\/100|[from] Spikes\n|turn|6\n|\n|t:|1700521609\n|move|p1a: Samurott|Aqua Cutter|p2a: Great Tusk\n|-supereffective|p2a: Great Tusk\n|-damage|p2a: Great Tusk|31\/100\n|move|p2a: Great Tusk|Rapid Spin|p1a: Samurott\n|-damage|p1a: Samurott|75\/100\n|-boost|p2a: Great Tusk|spe|1\n|-sideend|p2: Blizzchor|Spikes|[from] move: Rapid Spin|[of] p2a: Great Tusk\n|\n|-heal|p2a: Great Tusk|37\/100|[from] item: Leftovers\n|upkeep\n|turn|7\n|\n|t:|1700521619\n|move|p2a: Great Tusk|Earthquake|p1a: Samurott\n|-damage|p1a: Samurott|0 fnt\n|faint|p1a: Samurott\n|\n|-heal|p2a: Great Tusk|44\/100|[from] item: Leftovers\n|upkeep\n|\n|t:|1700521626\n|switch|p1a: Great Tusk|Great Tusk|100\/100\n|turn|8\n|\n|t:|1700521630\n|move|p2a: Great Tusk|Ice Spinner|p1a: Great Tusk\n|-supereffective|p1a: Great Tusk\n|-damage|p1a: Great Tusk|69\/100\n|move|p1a: Great Tusk|Knock Off|p2a: Great Tusk\n|-resisted|p2a: Great Tusk\n|-damage|p2a: Great Tusk|36\/100\n|-enditem|p2a: Great Tusk|Leftovers|[from] move: Knock Off|[of] p1a: Great Tusk\n|\n|-heal|p1a: Great Tusk|75\/100|[from] item: Leftovers\n|upkeep\n|turn|9\n|\n|t:|1700521636\n|move|p2a: Great Tusk|Ice Spinner|p1a: Great Tusk\n|-supereffective|p1a: Great Tusk\n|-damage|p1a: Great Tusk|48\/100\n|move|p1a: Great Tusk|Earthquake|p2a: Great Tusk\n|-damage|p2a: Great Tusk|9\/100\n|\n|-heal|p1a: Great Tusk|54\/100|[from] item: Leftovers\n|upkeep\n|turn|10\n|\n|t:|1700521640\n|move|p2a: Great Tusk|Stealth Rock|p1a: Great Tusk\n|-sidestart|p1: ZenoKai|move: Stealth Rock\n|move|p1a: Great Tusk|Rapid Spin|p2a: Great Tusk\n|-damage|p2a: Great Tusk|0 fnt\n|-boost|p1a: Great Tusk|spe|1\n|-sideend|p1: ZenoKai|Stealth Rock|[from] move: Rapid Spin|[of] p1a: Great Tusk\n|faint|p2a: Great Tusk\n|-end|p2a: Great Tusk|Protosynthesis|[silent]\n|\n|-heal|p1a: Great Tusk|60\/100|[from] item: Leftovers\n|upkeep\n|\n|t:|1700521647\n|switch|p2a: Dragapult|Dragapult, M|100\/100\n|turn|11\n|\n|t:|1700521665\n|-end|p1a: Great Tusk|Protosynthesis|[silent]\n|switch|p1a: Kingambit|Kingambit, F|100\/100\n|-activate|p1a: Kingambit|ability: Supreme Overlord\n|-start|p1a: Kingambit|fallen2|[silent]\n|move|p2a: Dragapult|Shadow Ball|p1a: Kingambit\n|-resisted|p1a: Kingambit\n|-damage|p1a: Kingambit|74\/100\n|\n|-heal|p1a: Kingambit|80\/100|[from] item: Leftovers\n|upkeep\n|turn|12\n|\n|t:|1700521679\n|switch|p2a: Tornadus|Tornadus-Therian, M, shiny|62\/100\n|move|p1a: Kingambit|Kowtow Cleave|p2a: Tornadus\n|-damage|p2a: Tornadus|0 fnt\n|faint|p2a: Tornadus\n|\n|-heal|p1a: Kingambit|86\/100|[from] item: Leftovers\n|upkeep\n|\n|t:|1700521683\n|switch|p2a: Hatterene|Hatterene, F|100\/100\n|turn|13\n|\n|t:|1700521691\n|-terastallize|p2a: Hatterene|Water\n|move|p1a: Kingambit|Iron Head|p2a: Hatterene\n|-resisted|p2a: Hatterene\n|-damage|p2a: Hatterene|71\/100\n|move|p2a: Hatterene|Nuzzle|p1a: Kingambit\n|-damage|p1a: Kingambit|82\/100\n|-status|p1a: Kingambit|par\n|\n|-heal|p1a: Kingambit|88\/100 par|[from] item: Leftovers\n|upkeep\n|turn|14\n|\n|t:|1700521698\n|move|p1a: Kingambit|Kowtow Cleave|p2a: Hatterene\n|-damage|p2a: Hatterene|0 fnt\n|faint|p2a: Hatterene\n|\n|-heal|p1a: Kingambit|94\/100 par|[from] item: Leftovers\n|upkeep\n|\n|t:|1700521703\n|switch|p2a: Dragonite|Dragonite, M|100\/100\n|turn|15\n|\n|t:|1700521706\n|-end|p1a: Kingambit|fallen2|[silent]\n|switch|p1a: Zamazenta|Zamazenta|100\/100\n|-ability|p1a: Zamazenta|Dauntless Shield|boost\n|-boost|p1a: Zamazenta|def|1\n|move|p2a: Dragonite|Dragon Dance|p2a: Dragonite\n|-boost|p2a: Dragonite|atk|1\n|-boost|p2a: Dragonite|spe|1\n|\n|upkeep\n|turn|16\n|\n|t:|1700521710\n|move|p2a: Dragonite|Earthquake|p1a: Zamazenta\n|-damage|p1a: Zamazenta|76\/100\n|move|p1a: Zamazenta|Iron Defense|p1a: Zamazenta\n|-boost|p1a: Zamazenta|def|2\n|\n|-heal|p1a: Zamazenta|82\/100|[from] item: Leftovers\n|upkeep\n|turn|17\n|\n|t:|1700521719\n|move|p2a: Dragonite|Earthquake|p1a: Zamazenta\n|-damage|p1a: Zamazenta|68\/100\n|move|p1a: Zamazenta|Body Press|p2a: Dragonite\n|-resisted|p2a: Dragonite\n|-damage|p2a: Dragonite|76\/100\n|\n|-heal|p1a: Zamazenta|74\/100|[from] item: Leftovers\n|upkeep\n|turn|18\n|\n|t:|1700521725\n|move|p2a: Dragonite|Earthquake|p1a: Zamazenta\n|-damage|p1a: Zamazenta|58\/100\n|move|p1a: Zamazenta|Body Press|p2a: Dragonite\n|-resisted|p2a: Dragonite\n|-damage|p2a: Dragonite|26\/100\n|\n|-heal|p1a: Zamazenta|64\/100|[from] item: Leftovers\n|upkeep\n|turn|19\n|\n|t:|1700521730\n|move|p2a: Dragonite|Earthquake|p1a: Zamazenta\n|-damage|p1a: Zamazenta|50\/100\n|move|p1a: Zamazenta|Body Press|p2a: Dragonite\n|-resisted|p2a: Dragonite\n|-damage|p2a: Dragonite|0 fnt\n|faint|p2a: Dragonite\n|\n|-heal|p1a: Zamazenta|56\/100|[from] item: Leftovers\n|upkeep\n|\n|t:|1700521733\n|switch|p2a: Dragapult|Dragapult, M|100\/100\n|turn|20\n|\n|t:|1700521738\n|-terastallize|p1a: Zamazenta|Steel\n|move|p2a: Dragapult|Flamethrower|p1a: Zamazenta\n|-supereffective|p1a: Zamazenta\n|-damage|p1a: Zamazenta|0 fnt\n|faint|p1a: Zamazenta\n|\n|upkeep\n|\n|t:|1700521746\n|switch|p1a: Slowking|Slowking-Galar, M|100\/100\n|turn|21\n|\n|t:|1700521748\n|move|p2a: Dragapult|Flamethrower|p1a: Slowking\n|-damage|p1a: Slowking|77\/100\n|move|p1a: Slowking|Future Sight|p2a: Dragapult\n|-start|p1a: Slowking|move: Future Sight\n|\n|upkeep\n|turn|22\n|-message|Blizzchor forfeited.\n|l|\u2606Blizzchor\n|player|p2|\n|\n|t:|1700521753\n|move|p2a: Dragapult|Flamethrower|p1a: Slowking\n|-damage|p1a: Slowking|53\/100\n|move|p1a: Slowking|Sludge Bomb|p2a: Dragapult\n|-resisted|p2a: Dragapult\n|-damage|p2a: Dragapult|77\/100\n|\n|upkeep\n|turn|23\n|\n|win|ZenoKai\n|raw|ZenoKai's rating: 1570 &rarr; <strong>1587<\/strong><br \/>(+17 for winning)\n|raw|Blizzchor's rating: 1522 &rarr; <strong>1505<\/strong><br \/>(-17 for losing)\n","uploadtime":1700521767,"views":12,"p1id":"zenokai","p2id":"blizzchor","formatid":"gen9ou","rating":1505,"private":0,"password":""}