{"id":"gen9ou-1998300591","p1":"Nakafuyu Yuki","p2":"BIued","format":"[Gen 9] OU","log":"|j|\u2606Nakafuyu Yuki\n|j|\u2606BIued\n|t:|1700926663\n|gametype|singles\n|player|p1|Nakafuyu Yuki|picnicker|\n|player|p2|BIued|riley|\n|teamsize|p1|6\n|teamsize|p2|6\n|gen|9\n|tier|[Gen 9] OU\n|rule|Sleep Clause Mod: Limit one foe put to sleep\n|rule|Species Clause: Limit one of each Pok\u00e9mon\n|rule|OHKO Clause: OHKO moves are banned\n|rule|Evasion Items Clause: Evasion items are banned\n|rule|Evasion Moves Clause: Evasion moves are banned\n|rule|Endless Battle Clause: Forcing endless battles is banned\n|rule|HP Percentage Mod: HP is shown in percentages\n|clearpoke\n|poke|p1|Great Tusk|\n|poke|p1|Iron Leaves|\n|poke|p1|Thundurus, M|\n|poke|p1|Toedscruel, F|\n|poke|p1|Jolteon, F|\n|poke|p1|Charizard, M|\n|poke|p2|Pincurchin, M|\n|poke|p2|Manaphy|\n|poke|p2|Ceruledge, F|\n|poke|p2|Dragalge, M|\n|poke|p2|Iron Thorns|\n|poke|p2|Basculegion-F, F|\n|teampreview\n|inactive|Battle timer is ON: inactive players will automatically lose when time's up. (requested by Nakafuyu Yuki)\n|\n|t:|1700926666\n|start\n|switch|p1a: Toedscruel|Toedscruel, F|100\/100\n|switch|p2a: Pincurchin|Pincurchin, M|100\/100\n|-fieldstart|move: Electric Terrain|[from] ability: Electric Surge|[of] p2a: Pincurchin\n|turn|1\n|\n|t:|1700926679\n|move|p2a: Pincurchin|Toxic Spikes|p1a: Toedscruel\n|-sidestart|p1: Nakafuyu Yuki|move: Toxic Spikes\n|move|p1a: Toedscruel|Spore|p2a: Pincurchin\n|-activate|p2a: Pincurchin|move: Electric Terrain\n|\n|upkeep\n|turn|2\n|\n|t:|1700926684\n|move|p1a: Toedscruel|Rapid Spin|p2a: Pincurchin\n|-damage|p2a: Pincurchin|93\/100\n|-boost|p1a: Toedscruel|spe|1\n|-sideend|p1: Nakafuyu Yuki|Toxic Spikes|[from] move: Rapid Spin|[of] p1a: Toedscruel\n|-enditem|p2a: Pincurchin|Red Card|[of] p1a: Toedscruel\n|drag|p1a: Jolteon|Jolteon, F|100\/100\n|move|p2a: Pincurchin|Toxic Spikes|p1a: Jolteon\n|-sidestart|p1: Nakafuyu Yuki|move: Toxic Spikes\n|\n|upkeep\n|turn|3\n|\n|t:|1700926692\n|move|p1a: Jolteon|Calm Mind|p1a: Jolteon\n|-boost|p1a: Jolteon|spa|1\n|-boost|p1a: Jolteon|spd|1\n|move|p2a: Pincurchin|Toxic Spikes|p1a: Jolteon\n|-sidestart|p1: Nakafuyu Yuki|move: Toxic Spikes\n|\n|upkeep\n|turn|4\n|\n|t:|1700926700\n|switch|p2a: Dragalge|Dragalge, M|100\/100\n|-item|p2a: Dragalge|Air Balloon\n|move|p1a: Jolteon|Calm Mind|p1a: Jolteon\n|-boost|p1a: Jolteon|spa|1\n|-boost|p1a: Jolteon|spd|1\n|\n|upkeep\n|turn|5\n|\n|t:|1700926710\n|move|p1a: Jolteon|Thunderbolt|p2a: Dragalge\n|-resisted|p2a: Dragalge\n|-damage|p2a: Dragalge|64\/100\n|-enditem|p2a: Dragalge|Air Balloon\n|move|p2a: Dragalge|Dragon Tail|p1a: Jolteon\n|-damage|p1a: Jolteon|60\/100\n|drag|p1a: Charizard|Charizard, M|100\/100\n|\n|-fieldend|move: Electric Terrain\n|upkeep\n|turn|6\n|\n|t:|1700926724\n|move|p1a: Charizard|Substitute|p1a: Charizard\n|-start|p1a: Charizard|Substitute\n|-damage|p1a: Charizard|76\/100\n|move|p2a: Dragalge|Dragon Tail|p1a: Charizard\n|-end|p1a: Charizard|Substitute\n|\n|upkeep\n|turn|7\n|\n|t:|1700926734\n|move|p1a: Charizard|Earthquake|p2a: Dragalge\n|-supereffective|p2a: Dragalge\n|-damage|p2a: Dragalge|3\/100\n|move|p2a: Dragalge|Sludge Bomb|p1a: Charizard\n|-damage|p1a: Charizard|17\/100\n|\n|upkeep\n|turn|8\n|\n|t:|1700926741\n|move|p1a: Charizard|Earthquake|p2a: Dragalge\n|-supereffective|p2a: Dragalge\n|-damage|p2a: Dragalge|0 fnt\n|faint|p2a: Dragalge\n|\n|upkeep\n|\n|t:|1700926749\n|switch|p2a: Ceruledge|Ceruledge, F|100\/100\n|-item|p2a: Ceruledge|Air Balloon\n|turn|9\n|\n|t:|1700926757\n|move|p1a: Charizard|Earthquake|p2a: Ceruledge\n|-immune|p2a: Ceruledge\n|move|p2a: Ceruledge|Swords Dance|p2a: Ceruledge\n|-boost|p2a: Ceruledge|atk|2\n|\n|upkeep\n|turn|10\n|\n|t:|1700926764\n|switch|p1a: Jolteon|Jolteon, F|60\/100\n|-status|p1a: Jolteon|tox\n|move|p2a: Ceruledge|Shadow Sneak|p1a: Jolteon\n|-damage|p1a: Jolteon|0 fnt\n|faint|p1a: Jolteon\n|\n|upkeep\n|\n|t:|1700926773\n|switch|p1a: Thundurus|Thundurus, M|100\/100\n|turn|11\n|\n|t:|1700926782\n|move|p1a: Thundurus|Thunder Wave|p2a: Ceruledge\n|-status|p2a: Ceruledge|par\n|move|p2a: Ceruledge|Bitter Blade|p1a: Thundurus\n|-damage|p1a: Thundurus|0 fnt\n|faint|p1a: Thundurus\n|\n|upkeep\n|\n|t:|1700926790\n|switch|p1a: Toedscruel|Toedscruel, F|100\/100\n|-status|p1a: Toedscruel|tox\n|turn|12\n|\n|t:|1700926805\n|switch|p1a: Charizard|Charizard, M|17\/100\n|move|p2a: Ceruledge|Bitter Blade|p1a: Charizard\n|-resisted|p1a: Charizard\n|-damage|p1a: Charizard|0 fnt\n|faint|p1a: Charizard\n|\n|upkeep\n|\n|t:|1700926810\n|switch|p1a: Great Tusk|Great Tusk|100\/100\n|-status|p1a: Great Tusk|tox\n|-enditem|p1a: Great Tusk|Booster Energy\n|-activate|p1a: Great Tusk|ability: Protosynthesis|[fromitem]\n|-start|p1a: Great Tusk|protosynthesisatk\n|turn|13\n|\n|t:|1700926824\n|-terastallize|p2a: Ceruledge|Flying\n|move|p1a: Great Tusk|Knock Off|p2a: Ceruledge\n|-crit|p2a: Ceruledge\n|-damage|p2a: Ceruledge|0 fnt\n|-enditem|p2a: Ceruledge|Air Balloon\n|faint|p2a: Ceruledge\n|\n|-damage|p1a: Great Tusk|94\/100 tox|[from] psn\n|upkeep\n|\n|t:|1700926832\n|switch|p2a: Manaphy|Manaphy|100\/100\n|turn|14\n|j| Ultramanball1\n|\n|t:|1700926838\n|move|p2a: Manaphy|Acid Armor|p2a: Manaphy\n|-boost|p2a: Manaphy|def|2\n|move|p1a: Great Tusk|Rapid Spin|p2a: Manaphy\n|-damage|p2a: Manaphy|90\/100\n|-boost|p1a: Great Tusk|spe|1\n|-sideend|p1: Nakafuyu Yuki|Toxic Spikes|[from] move: Rapid Spin|[of] p1a: Great Tusk\n|\n|-heal|p2a: Manaphy|96\/100|[from] item: Leftovers\n|-damage|p1a: Great Tusk|82\/100 tox|[from] psn\n|upkeep\n|turn|15\n|\n|t:|1700926847\n|move|p1a: Great Tusk|Knock Off|p2a: Manaphy\n|-damage|p2a: Manaphy|78\/100\n|-enditem|p2a: Manaphy|Leftovers|[from] move: Knock Off|[of] p1a: Great Tusk\n|move|p2a: Manaphy|Acid Armor|p2a: Manaphy\n|-boost|p2a: Manaphy|def|2\n|\n|-damage|p1a: Great Tusk|63\/100 tox|[from] psn\n|upkeep\n|turn|16\n|\n|t:|1700926852\n|-end|p1a: Great Tusk|Protosynthesis|[silent]\n|switch|p1a: Toedscruel|Toedscruel, F|100\/100 tox\n|move|p2a: Manaphy|Acid Armor|p2a: Manaphy\n|-boost|p2a: Manaphy|def|2\n|\n|-damage|p1a: Toedscruel|95\/100 tox|[from] psn\n|upkeep\n|turn|17\n|c| Ultramanball1|Fuckkkk\n|\n|t:|1700926860\n|move|p1a: Toedscruel|Leaf Storm|p2a: Manaphy\n|-supereffective|p2a: Manaphy\n|-damage|p2a: Manaphy|0 fnt\n|-unboost|p1a: Toedscruel|spa|2\n|faint|p2a: Manaphy\n|\n|-damage|p1a: Toedscruel|83\/100 tox|[from] psn\n|upkeep\n|c| Ultramanball1|YESSS\n|\n|t:|1700926871\n|switch|p2a: Basculegion|Basculegion-F, F|100\/100\n|turn|18\n|\n|t:|1700926876\n|switch|p1a: Iron Leaves|Iron Leaves|100\/100\n|-enditem|p1a: Iron Leaves|Booster Energy\n|-activate|p1a: Iron Leaves|ability: Quark Drive|[fromitem]\n|-start|p1a: Iron Leaves|quarkdriveatk\n|move|p2a: Basculegion|Ice Beam|p1a: Iron Leaves\n|-supereffective|p1a: Iron Leaves\n|-damage|p1a: Iron Leaves|51\/100\n|\n|upkeep\n|turn|19\n|\n|t:|1700926885\n|move|p2a: Basculegion|Ice Beam|p1a: Iron Leaves\n|-supereffective|p1a: Iron Leaves\n|-damage|p1a: Iron Leaves|0 fnt\n|faint|p1a: Iron Leaves\n|-end|p1a: Iron Leaves|Quark Drive|[silent]\n|\n|upkeep\n|\n|t:|1700926889\n|switch|p1a: Toedscruel|Toedscruel, F|83\/100 tox\n|turn|20\n|c| Ultramanball1|Loz\n|\n|t:|1700926902\n|move|p2a: Basculegion|Ice Beam|p1a: Toedscruel\n|-supereffective|p1a: Toedscruel\n|-damage|p1a: Toedscruel|0 fnt\n|faint|p1a: Toedscruel\n|\n|upkeep\n|c| Ultramanball1|Sao ko tera\n|\n|t:|1700926904\n|switch|p1a: Great Tusk|Great Tusk|63\/100 tox\n|turn|21\n|c| Ultramanball1|huhu\n|c|\u2606BIued|Domain Expansion\n|c|\u2606BIued|BLUE!\n|\n|t:|1700926926\n|-terastallize|p1a: Great Tusk|Fairy\n|move|p2a: Basculegion|Ice Beam|p1a: Great Tusk\n|-damage|p1a: Great Tusk|26\/100 tox\n|move|p1a: Great Tusk|Knock Off|p2a: Basculegion\n|-supereffective|p2a: Basculegion\n|-damage|p2a: Basculegion|15\/100\n|-enditem|p2a: Basculegion|Choice Scarf|[from] move: Knock Off|[of] p1a: Great Tusk\n|\n|-damage|p1a: Great Tusk|19\/100 tox|[from] psn\n|upkeep\n|turn|22\n|\n|t:|1700926937\n|move|p1a: Great Tusk|Knock Off|p2a: Basculegion\n|-supereffective|p2a: Basculegion\n|-damage|p2a: Basculegion|0 fnt\n|faint|p2a: Basculegion\n|\n|-damage|p1a: Great Tusk|7\/100 tox|[from] psn\n|upkeep\n|\n|t:|1700926941\n|switch|p2a: Pincurchin|Pincurchin, M|93\/100\n|-fieldstart|move: Electric Terrain|[from] ability: Electric Surge|[of] p2a: Pincurchin\n|turn|23\n|c| Ultramanball1|Fuck\n|c| Ultramanball1|6 tera\n|c|\u2606BIued|It\u2019s Blue-over for you\n|c| Ultramanball1|ma ko tera\n|\n|t:|1700926957\n|move|p1a: Great Tusk|Headlong Rush|p2a: Pincurchin\n|-supereffective|p2a: Pincurchin\n|-damage|p2a: Pincurchin|0 fnt\n|-unboost|p1a: Great Tusk|def|1\n|-unboost|p1a: Great Tusk|spd|1\n|faint|p2a: Pincurchin\n|\n|-damage|p1a: Great Tusk|0 fnt|[from] psn\n|faint|p1a: Great Tusk\n|-end|p1a: Great Tusk|Protosynthesis|[silent]\n|\n|win|BIued\n|upkeep\n|l| Ultramanball1\n","uploadtime":1700926971,"views":35,"p1id":"nakafuyuyuki","p2id":"biued","formatid":"gen9ou","rating":0,"private":0,"password":""}