{"id":"gen9ou-2000430450","p1":"N-Zoroark stan","p2":"CaptainGrungo","format":"[Gen 9] OU","log":"|j|\u2606N-Zoroark stan\n|j|\u2606CaptainGrungo\n|t:|1701194156\n|gametype|singles\n|player|p1|N-Zoroark stan|riley|1726\n|player|p2|CaptainGrungo|plasmagrunt|1707\n|teamsize|p1|6\n|teamsize|p2|6\n|gen|9\n|tier|[Gen 9] OU\n|rated|\n|rule|Sleep Clause Mod: Limit one foe put to sleep\n|rule|Species Clause: Limit one of each Pok\u00e9mon\n|rule|OHKO Clause: OHKO moves are banned\n|rule|Evasion Items Clause: Evasion items are banned\n|rule|Evasion Moves Clause: Evasion moves are banned\n|rule|Endless Battle Clause: Forcing endless battles is banned\n|rule|HP Percentage Mod: HP is shown in percentages\n|clearpoke\n|poke|p1|Dragapult, M|\n|poke|p1|Zoroark-Hisui, F|\n|poke|p1|Great Tusk|\n|poke|p1|Slowking-Galar, F|\n|poke|p1|Alomomola, M|\n|poke|p1|Ting-Lu|\n|poke|p2|Iron Valiant|\n|poke|p2|Yanmega, M|\n|poke|p2|Ting-Lu|\n|poke|p2|Garchomp, M|\n|poke|p2|Heatran, M|\n|poke|p2|Corviknight, F|\n|teampreview\n|inactive|Battle timer is ON: inactive players will automatically lose when time's up. (requested by N-Zoroark stan)\n|c|\u2606N-Zoroark stan|glhf\n|c|\u2606CaptainGrungo|u2\n|j| burgercute\n|inactive|N-Zoroark stan has 120 seconds left.\n|\n|t:|1701194193\n|start\n|switch|p1a: Great Tusk|Great Tusk|100\/100\n|switch|p2a: Garchomp|Garchomp, M|100\/100\n|turn|1\n|j| Partynparadise\n|\n|t:|1701194198\n|move|p1a: Great Tusk|Shadow Ball|p2a: Garchomp\n|-damage|p2a: Garchomp|42\/100\n|-unboost|p2a: Garchomp|spd|1\n|move|p2a: Garchomp|Liquidation|p1a: Great Tusk\n|-damage|p1a: Great Tusk|51\/100\n|-unboost|p1a: Great Tusk|def|1\n|replace|p1a: Zoroark|Zoroark-Hisui, F, shiny\n|-end|p1a: Zoroark|Illusion\n|\n|upkeep\n|turn|2\n|\n|t:|1701194211\n|switch|p1a: Great Tusk|Great Tusk|100\/100\n|switch|p2a: Ting-Lu|Ting-Lu|100\/100\n|-ability|p2a: Ting-Lu|Vessel of Ruin\n|\n|upkeep\n|turn|3\n|\n|t:|1701194221\n|-end|p1a: Great Tusk|Protosynthesis|[silent]\n|switch|p1a: Great Tusk|Great Tusk|51\/100\n|move|p2a: Ting-Lu|Ruination|p1a: Great Tusk\n|-damage|p1a: Great Tusk|26\/100\n|replace|p1a: Zoroark|Zoroark-Hisui, F, shiny\n|-end|p1a: Zoroark|Illusion\n|\n|upkeep\n|turn|4\n|\n|t:|1701194230\n|move|p1a: Zoroark|U-turn|p2a: Ting-Lu\n|-supereffective|p2a: Ting-Lu\n|-damage|p2a: Ting-Lu|89\/100\n|\n|t:|1701194238\n|switch|p1a: Alomomola|Alomomola, M|100\/100|[from] U-turn\n|move|p2a: Ting-Lu|Spikes|p1a: Alomomola\n|-sidestart|p1: N-Zoroark stan|Spikes\n|\n|-heal|p2a: Ting-Lu|95\/100|[from] item: Leftovers\n|upkeep\n|turn|5\n|j| rickzkk8\n|\n|t:|1701194244\n|move|p1a: Alomomola|Scald|p2a: Ting-Lu\n|-supereffective|p2a: Ting-Lu\n|-damage|p2a: Ting-Lu|80\/100\n|-status|p2a: Ting-Lu|brn\n|move|p2a: Ting-Lu|Ruination|p1a: Alomomola\n|-damage|p1a: Alomomola|50\/100\n|-enditem|p1a: Alomomola|Red Card|[of] p2a: Ting-Lu\n|drag|p2a: Corviknight|Corviknight, F|100\/100\n|-ability|p2a: Corviknight|Pressure\n|\n|upkeep\n|turn|6\n|\n|t:|1701194264\n|move|p2a: Corviknight|Bulk Up|p2a: Corviknight\n|-boost|p2a: Corviknight|atk|1\n|-boost|p2a: Corviknight|def|1\n|move|p1a: Alomomola|Wish|p1a: Alomomola\n|\n|upkeep\n|turn|7\n|\n|t:|1701194270\n|move|p2a: Corviknight|Bulk Up|p2a: Corviknight\n|-boost|p2a: Corviknight|atk|1\n|-boost|p2a: Corviknight|def|1\n|move|p1a: Alomomola|Scald|p2a: Corviknight\n|-damage|p2a: Corviknight|92\/100\n|\n|-heal|p1a: Alomomola|100\/100|[from] move: Wish|[wisher] Alomomola\n|-heal|p2a: Corviknight|98\/100|[from] item: Leftovers\n|upkeep\n|turn|8\n|\n|t:|1701194285\n|move|p2a: Corviknight|Bulk Up|p2a: Corviknight\n|-boost|p2a: Corviknight|atk|1\n|-boost|p2a: Corviknight|def|1\n|move|p1a: Alomomola|Scald|p2a: Corviknight\n|-damage|p2a: Corviknight|89\/100\n|\n|-heal|p2a: Corviknight|95\/100|[from] item: Leftovers\n|upkeep\n|turn|9\n|\n|t:|1701194293\n|move|p2a: Corviknight|Power Trip|p1a: Alomomola\n|-damage|p1a: Alomomola|62\/100\n|move|p1a: Alomomola|Scald|p2a: Corviknight\n|-damage|p2a: Corviknight|87\/100\n|\n|-heal|p2a: Corviknight|93\/100|[from] item: Leftovers\n|upkeep\n|turn|10\n|\n|t:|1701194300\n|move|p2a: Corviknight|Bulk Up|p2a: Corviknight\n|-boost|p2a: Corviknight|atk|1\n|-boost|p2a: Corviknight|def|1\n|move|p1a: Alomomola|Scald|p2a: Corviknight\n|-damage|p2a: Corviknight|85\/100\n|\n|-heal|p2a: Corviknight|91\/100|[from] item: Leftovers\n|upkeep\n|turn|11\n|\n|t:|1701194309\n|move|p2a: Corviknight|Power Trip|p1a: Alomomola\n|-damage|p1a: Alomomola|0 fnt\n|faint|p1a: Alomomola\n|\n|-heal|p2a: Corviknight|97\/100|[from] item: Leftovers\n|upkeep\n|\n|t:|1701194314\n|switch|p1a: Great Tusk|Great Tusk|26\/100\n|-damage|p1a: Great Tusk|14\/100|[from] Spikes\n|turn|12\n|j| FaronAan\n|j| Jan7498\n|\n|t:|1701194326\n|move|p1a: Great Tusk|Trick|p2a: Corviknight\n|-activate|p1a: Great Tusk|move: Trick|[of] p2a: Corviknight\n|-item|p2a: Corviknight|Choice Specs|[from] move: Trick\n|-item|p1a: Great Tusk|Leftovers|[from] move: Trick\n|move|p2a: Corviknight|Power Trip|p1a: Great Tusk\n|-supereffective|p1a: Great Tusk\n|-damage|p1a: Great Tusk|0 fnt\n|replace|p1a: Zoroark|Zoroark-Hisui, F, shiny\n|-end|p1a: Zoroark|Illusion\n|faint|p1a: Zoroark\n|\n|upkeep\n|\n|t:|1701194329\n|switch|p1a: Great Tusk|Great Tusk|100\/100\n|-damage|p1a: Great Tusk|88\/100|[from] Spikes\n|turn|13\n|\n|t:|1701194336\n|move|p1a: Great Tusk|Rapid Spin|p2a: Corviknight\n|-resisted|p2a: Corviknight\n|-damage|p2a: Corviknight|95\/100\n|-boost|p1a: Great Tusk|spe|1\n|-sideend|p1: N-Zoroark stan|Spikes|[from] move: Rapid Spin|[of] p1a: Great Tusk\n|move|p2a: Corviknight|Power Trip|p1a: Great Tusk\n|-resisted|p1a: Great Tusk\n|-damage|p1a: Great Tusk|50\/100\n|\n|-heal|p1a: Great Tusk|57\/100|[from] item: Leftovers\n|upkeep\n|turn|14\n|\n|t:|1701194345\n|move|p1a: Great Tusk|Bulk Up|p1a: Great Tusk\n|-boost|p1a: Great Tusk|atk|1\n|-boost|p1a: Great Tusk|def|1\n|move|p2a: Corviknight|Power Trip|p1a: Great Tusk\n|-resisted|p1a: Great Tusk\n|-damage|p1a: Great Tusk|32\/100\n|\n|-heal|p1a: Great Tusk|38\/100|[from] item: Leftovers\n|upkeep\n|turn|15\n|c| FaronAan|yo this is a funny corv set what\n|\n|t:|1701194354\n|move|p1a: Great Tusk|Bulk Up|p1a: Great Tusk\n|-boost|p1a: Great Tusk|atk|1\n|-boost|p1a: Great Tusk|def|1\n|move|p2a: Corviknight|Power Trip|p1a: Great Tusk\n|-resisted|p1a: Great Tusk\n|-damage|p1a: Great Tusk|18\/100\n|\n|-heal|p1a: Great Tusk|24\/100|[from] item: Leftovers\n|upkeep\n|turn|16\n|\n|t:|1701194370\n|move|p1a: Great Tusk|Bulk Up|p1a: Great Tusk\n|-boost|p1a: Great Tusk|atk|1\n|-boost|p1a: Great Tusk|def|1\n|move|p2a: Corviknight|Power Trip|p1a: Great Tusk\n|-resisted|p1a: Great Tusk\n|-damage|p1a: Great Tusk|8\/100\n|\n|-heal|p1a: Great Tusk|14\/100|[from] item: Leftovers\n|upkeep\n|turn|17\n|\n|t:|1701194387\n|move|p1a: Great Tusk|Ice Spinner|p2a: Corviknight\n|-damage|p2a: Corviknight|77\/100\n|move|p2a: Corviknight|Power Trip|p1a: Great Tusk\n|-resisted|p1a: Great Tusk\n|-damage|p1a: Great Tusk|0 fnt\n|faint|p1a: Great Tusk\n|-end|p1a: Great Tusk|Protosynthesis|[silent]\n|\n|upkeep\n|\n|t:|1701194389\n|switch|p1a: Ting-Lu|Ting-Lu|100\/100\n|-ability|p1a: Ting-Lu|Vessel of Ruin\n|turn|18\n|\n|t:|1701194396\n|move|p2a: Corviknight|Power Trip|p1a: Ting-Lu\n|-resisted|p1a: Ting-Lu\n|-damage|p1a: Ting-Lu|72\/100\n|move|p1a: Ting-Lu|Whirlwind|p2a: Corviknight\n|drag|p2a: Heatran|Heatran, M|100\/100\n|\n|-heal|p1a: Ting-Lu|78\/100|[from] item: Leftovers\n|upkeep\n|turn|19\n|\n|t:|1701194406\n|-terastallize|p2a: Heatran|Bug\n|move|p2a: Heatran|Will-O-Wisp|p1a: Ting-Lu\n|-status|p1a: Ting-Lu|brn\n|move|p1a: Ting-Lu|Stealth Rock|p2a: Heatran\n|-sidestart|p2: CaptainGrungo|move: Stealth Rock\n|\n|-heal|p1a: Ting-Lu|84\/100 brn|[from] item: Leftovers\n|-damage|p1a: Ting-Lu|78\/100 brn|[from] brn\n|upkeep\n|turn|20\n|\n|t:|1701194420\n|move|p2a: Heatran|Magma Storm|p1a: Ting-Lu\n|-damage|p1a: Ting-Lu|60\/100 brn\n|-activate|p1a: Ting-Lu|move: Magma Storm|[of] p2a: Heatran\n|move|p1a: Ting-Lu|Spikes|p2a: Heatran\n|-sidestart|p2: CaptainGrungo|Spikes\n|\n|-heal|p1a: Ting-Lu|66\/100 brn|[from] item: Leftovers\n|-damage|p1a: Ting-Lu|60\/100 brn|[from] brn\n|-damage|p1a: Ting-Lu|47\/100 brn|[from] move: Magma Storm|[partiallytrapped]\n|upkeep\n|turn|21\n|\n|t:|1701194429\n|move|p2a: Heatran|Earth Power|p1a: Ting-Lu\n|-damage|p1a: Ting-Lu|36\/100 brn\n|move|p1a: Ting-Lu|Whirlwind|p2a: Heatran\n|drag|p2a: Garchomp|Garchomp, M|42\/100\n|-damage|p2a: Garchomp|36\/100|[from] Stealth Rock\n|-damage|p2a: Garchomp|24\/100|[from] Spikes\n|\n|-heal|p1a: Ting-Lu|42\/100 brn|[from] item: Leftovers\n|-damage|p1a: Ting-Lu|36\/100 brn|[from] brn\n|-end|p1a: Ting-Lu|Magma Storm|[partiallytrapped]|[silent]\n|upkeep\n|turn|22\n|j| Ran Kob\n|j| Ruinous Tusk\n|\n|t:|1701194451\n|move|p2a: Garchomp|Earthquake|p1a: Ting-Lu\n|-damage|p1a: Ting-Lu|14\/100 brn\n|move|p1a: Ting-Lu|Spikes|p2a: Garchomp\n|-sidestart|p2: CaptainGrungo|Spikes\n|\n|-heal|p1a: Ting-Lu|20\/100 brn|[from] item: Leftovers\n|-damage|p1a: Ting-Lu|14\/100 brn|[from] brn\n|upkeep\n|turn|23\n|\n|t:|1701194461\n|move|p2a: Garchomp|Stealth Rock|p1a: Ting-Lu\n|-sidestart|p1: N-Zoroark stan|move: Stealth Rock\n|move|p1a: Ting-Lu|Spikes|p2a: Garchomp\n|-sidestart|p2: CaptainGrungo|Spikes\n|\n|-heal|p1a: Ting-Lu|20\/100 brn|[from] item: Leftovers\n|-damage|p1a: Ting-Lu|14\/100 brn|[from] brn\n|upkeep\n|turn|24\n|\n|t:|1701194467\n|move|p2a: Garchomp|Earthquake|p1a: Ting-Lu\n|-damage|p1a: Ting-Lu|0 fnt\n|faint|p1a: Ting-Lu\n|\n|upkeep\n|\n|t:|1701194469\n|switch|p1a: Dragapult|Dragapult, M|100\/100\n|-damage|p1a: Dragapult|88\/100|[from] Stealth Rock\n|turn|25\n|\n|t:|1701194487\n|move|p1a: Dragapult|U-turn|p2a: Garchomp\n|-damage|p2a: Garchomp|1\/100\n|-damage|p1a: Dragapult|76\/100|[from] ability: Rough Skin|[of] p2a: Garchomp\n|-damage|p1a: Dragapult|59\/100|[from] item: Rocky Helmet|[of] p2a: Garchomp\n|\n|t:|1701194489\n|switch|p1a: Slowking|Slowking-Galar, F|100\/100|[from] U-turn\n|move|p2a: Garchomp|Earthquake|p1a: Slowking\n|-supereffective|p1a: Slowking\n|-damage|p1a: Slowking|31\/100\n|\n|upkeep\n|turn|26\n|j| vanthoci\n|-message|N-Zoroark stan forfeited.\n|\n|win|CaptainGrungo\n|raw|N-Zoroark stan's rating: 1726 &rarr; <strong>1705<\/strong><br \/>(-21 for losing)\n|raw|CaptainGrungo's rating: 1707 &rarr; <strong>1728<\/strong><br \/>(+21 for winning)\n|l|\u2606N-Zoroark stan\n|l| FaronAan\n|l| Partynparadise\n|l|\u2606CaptainGrungo\n","uploadtime":1701194567,"views":7,"p1id":"nzoroarkstan","p2id":"captaingrungo","formatid":"gen9ou","rating":1705,"private":0,"password":""}