{"id":"gen9ou-1996433182","p1":"Becham141","p2":"Thehombre","format":"[Gen 9] OU","log":"|j|\u2606Becham141\n|j|\u2606Thehombre\n|t:|1700681544\n|gametype|singles\n|player|p1|Becham141|gambler|1100\n|player|p2|Thehombre|2|1117\n|teamsize|p1|6\n|teamsize|p2|6\n|gen|9\n|tier|[Gen 9] OU\n|rated|\n|rule|Sleep Clause Mod: Limit one foe put to sleep\n|rule|Species Clause: Limit one of each Pok\u00e9mon\n|rule|OHKO Clause: OHKO moves are banned\n|rule|Evasion Items Clause: Evasion items are banned\n|rule|Evasion Moves Clause: Evasion moves are banned\n|rule|Endless Battle Clause: Forcing endless battles is banned\n|rule|HP Percentage Mod: HP is shown in percentages\n|clearpoke\n|poke|p1|Empoleon, F|\n|poke|p1|Clefable, M|\n|poke|p1|Ogerpon-Cornerstone, F|\n|poke|p1|Cinderace, M|\n|poke|p1|Iron Treads|\n|poke|p1|Zapdos|\n|poke|p2|Kingambit, M|\n|poke|p2|Ninetales-Alola, M|\n|poke|p2|Samurott-Hisui, M|\n|poke|p2|Masquerain, M|\n|poke|p2|Manaphy|\n|poke|p2|Maushold-Four|\n|teampreview\n|inactive|Battle timer is ON: inactive players will automatically lose when time's up. (requested by Thehombre)\n|\n|t:|1700681552\n|start\n|switch|p1a: Cinderace|Cinderace, M|100\/100\n|switch|p2a: Masquerain|Masquerain, M|100\/100\n|-ability|p2a: Masquerain|Intimidate|boost\n|-unboost|p1a: Cinderace|atk|1\n|turn|1\n|\n|t:|1700681561\n|move|p1a: Cinderace|Pyro Ball|p2a: Masquerain\n|-supereffective|p2a: Masquerain\n|-enditem|p2a: Masquerain|Focus Sash\n|-damage|p2a: Masquerain|1\/100\n|-status|p2a: Masquerain|brn\n|-damage|p1a: Cinderace|91\/100|[from] item: Life Orb\n|move|p2a: Masquerain|Hydro Pump|p1a: Cinderace|[miss]\n|-miss|p2a: Masquerain|p1a: Cinderace\n|\n|-damage|p2a: Masquerain|0 fnt|[from] brn\n|faint|p2a: Masquerain\n|upkeep\n|c|\u2606Thehombre|Great start lol\n|\n|t:|1700681580\n|switch|p2a: Ninetales|Ninetales-Alola, M|100\/100\n|-weather|Snow|[from] ability: Snow Warning|[of] p2a: Ninetales\n|turn|2\n|c|\u2606Becham141|sorry hombre jaja\n|\n|t:|1700681585\n|move|p1a: Cinderace|U-turn|p2a: Ninetales\n|-start|p1a: Cinderace|typechange|Bug|[from] ability: Libero\n|-resisted|p2a: Ninetales\n|-damage|p2a: Ninetales|85\/100\n|-damage|p1a: Cinderace|81\/100|[from] item: Life Orb\n|\n|t:|1700681599\n|switch|p1a: Zapdos|Zapdos|100\/100|[from] U-turn\n|move|p2a: Ninetales|Aurora Veil|p2a: Ninetales\n|-sidestart|p2: Thehombre|move: Aurora Veil\n|\n|-weather|Snow|[upkeep]\n|upkeep\n|turn|3\n|\n|t:|1700681609\n|move|p2a: Ninetales|Blizzard|p1a: Zapdos\n|-supereffective|p1a: Zapdos\n|-damage|p1a: Zapdos|0 fnt\n|faint|p1a: Zapdos\n|\n|-weather|Snow|[upkeep]\n|upkeep\n|\n|t:|1700681620\n|switch|p1a: Cinderace|Cinderace, M|81\/100\n|turn|4\n|\n|t:|1700681625\n|-terastallize|p1a: Cinderace|Fire\n|move|p1a: Cinderace|Pyro Ball|p2a: Ninetales\n|-supereffective|p2a: Ninetales\n|-damage|p2a: Ninetales|0 fnt\n|faint|p2a: Ninetales\n|-damage|p1a: Cinderace|71\/100|[from] item: Life Orb\n|\n|-weather|Snow|[upkeep]\n|upkeep\n|\n|t:|1700681636\n|switch|p2a: Samurott|Samurott-Hisui, M|100\/100\n|turn|5\n|\n|t:|1700681640\n|move|p1a: Cinderace|U-turn|p2a: Samurott\n|-supereffective|p2a: Samurott\n|-damage|p2a: Samurott|62\/100\n|-damage|p1a: Cinderace|61\/100|[from] item: Life Orb\n|\n|t:|1700681645\n|switch|p1a: Clefable|Clefable, M|100\/100|[from] U-turn\n|move|p2a: Samurott|Aqua Cutter|p1a: Clefable\n|-damage|p1a: Clefable|44\/100\n|\n|-weather|Snow|[upkeep]\n|upkeep\n|turn|6\n|\n|t:|1700681653\n|move|p2a: Samurott|Aqua Cutter|p1a: Clefable\n|-crit|p1a: Clefable\n|-damage|p1a: Clefable|0 fnt\n|faint|p1a: Clefable\n|\n|-weather|none\n|upkeep\n|\n|t:|1700681660\n|switch|p1a: Empoleon|Empoleon, F|100\/100\n|turn|7\n|\n|t:|1700681663\n|move|p2a: Samurott|Ceaseless Edge|p1a: Empoleon\n|-damage|p1a: Empoleon|55\/100\n|-sidestart|p1: Becham141|Spikes\n|move|p1a: Empoleon|Knock Off|p2a: Samurott\n|-resisted|p2a: Samurott\n|-damage|p2a: Samurott|55\/100\n|-enditem|p2a: Samurott|Muscle Band|[from] move: Knock Off|[of] p1a: Empoleon\n|\n|-heal|p1a: Empoleon|61\/100|[from] item: Leftovers\n|upkeep\n|turn|8\n|\n|t:|1700681674\n|move|p2a: Samurott|Ceaseless Edge|p1a: Empoleon\n|-damage|p1a: Empoleon|14\/100\n|-sidestart|p1: Becham141|Spikes\n|move|p1a: Empoleon|Flip Turn|p2a: Samurott\n|-resisted|p2a: Samurott\n|-damage|p2a: Samurott|49\/100\n|\n|t:|1700681680\n|switch|p1a: Iron Treads|Iron Treads|100\/100|[from] Flip Turn\n|-damage|p1a: Iron Treads|84\/100|[from] Spikes\n|\n|-heal|p1a: Iron Treads|90\/100|[from] item: Leftovers\n|upkeep\n|turn|9\n|\n|t:|1700681686\n|move|p1a: Iron Treads|Rapid Spin|p2a: Samurott\n|-damage|p2a: Samurott|38\/100\n|-boost|p1a: Iron Treads|spe|1\n|-sideend|p1: Becham141|Spikes|[from] move: Rapid Spin|[of] p1a: Iron Treads\n|move|p2a: Samurott|Aqua Cutter|p1a: Iron Treads\n|-supereffective|p1a: Iron Treads\n|-damage|p1a: Iron Treads|6\/100\n|\n|-heal|p1a: Iron Treads|12\/100|[from] item: Leftovers\n|-sideend|p2: Thehombre|move: Aurora Veil\n|upkeep\n|turn|10\n|\n|t:|1700681696\n|move|p1a: Iron Treads|Earthquake|p2a: Samurott\n|-damage|p2a: Samurott|0 fnt\n|faint|p2a: Samurott\n|\n|-heal|p1a: Iron Treads|19\/100|[from] item: Leftovers\n|upkeep\n|\n|t:|1700681698\n|switch|p2a: Manaphy|Manaphy|100\/100\n|turn|11\n|\n|t:|1700681703\n|move|p1a: Iron Treads|Earthquake|p2a: Manaphy\n|-damage|p2a: Manaphy|52\/100\n|move|p2a: Manaphy|Scald|p1a: Iron Treads\n|-supereffective|p1a: Iron Treads\n|-damage|p1a: Iron Treads|0 fnt\n|faint|p1a: Iron Treads\n|-end|p1a: Iron Treads|Quark Drive|[silent]\n|\n|-heal|p2a: Manaphy|58\/100|[from] item: Leftovers\n|upkeep\n|\n|t:|1700681711\n|switch|p1a: Cinderace|Cinderace, M, tera:Fire|61\/100\n|turn|12\n|\n|t:|1700681716\n|move|p1a: Cinderace|High Jump Kick|p2a: Manaphy\n|-damage|p2a: Manaphy|0 fnt\n|faint|p2a: Manaphy\n|-damage|p1a: Cinderace|51\/100|[from] item: Life Orb\n|\n|upkeep\n|\n|t:|1700681722\n|switch|p2a: Kingambit|Kingambit, M|100\/100\n|-activate|p2a: Kingambit|ability: Supreme Overlord\n|-start|p2a: Kingambit|fallen4|[silent]\n|turn|13\n|\n|t:|1700681727\n|switch|p1a: Empoleon|Empoleon, F|14\/100\n|move|p2a: Kingambit|Swords Dance|p2a: Kingambit\n|-boost|p2a: Kingambit|atk|2\n|\n|-heal|p1a: Empoleon|21\/100|[from] item: Leftovers\n|upkeep\n|turn|14\n|\n|t:|1700681734\n|move|p2a: Kingambit|Sucker Punch|p1a: Empoleon\n|-damage|p1a: Empoleon|0 fnt\n|faint|p1a: Empoleon\n|\n|upkeep\n|\n|t:|1700681738\n|switch|p1a: Ogerpon|Ogerpon-Cornerstone, F|100\/100\n|turn|15\n|c|\u2606Thehombre|Gg\n|c|\u2606Becham141|gg\n|\n|t:|1700681744\n|move|p2a: Kingambit|Sucker Punch|p1a: Ogerpon\n|-ability|p1a: Ogerpon|Sturdy\n|-damage|p1a: Ogerpon|1\/100\n|move|p1a: Ogerpon|Stomping Tantrum|p2a: Kingambit\n|-supereffective|p2a: Kingambit\n|-damage|p2a: Kingambit|55\/100\n|\n|upkeep\n|turn|16\n|-message|Becham141 forfeited.\n|\n|win|Thehombre\n|raw|Becham141's rating: 1100 &rarr; <strong>1076<\/strong><br \/>(-24 for losing)\n|raw|Thehombre's rating: 1117 &rarr; <strong>1141<\/strong><br \/>(+24 for winning)\n|l|\u2606Becham141\n","uploadtime":1700681754,"views":0,"p1id":"becham141","p2id":"thehombre","formatid":"gen9ou","rating":1076,"private":0,"password":""}