{"id":"gen9ou-1993833055","p1":"Imsadallthetime","p2":"draco9746","format":"[Gen 9] OU","log":"|j|\u2606Imsadallthetime\n|j|\u2606draco9746\n|t:|1700362903\n|gametype|singles\n|player|p1|Imsadallthetime|swimmer-gen4dp|1240\n|player|p2|draco9746|cynthia|1313\n|teamsize|p1|6\n|teamsize|p2|6\n|gen|9\n|tier|[Gen 9] OU\n|rated|\n|rule|Sleep Clause Mod: Limit one foe put to sleep\n|rule|Species Clause: Limit one of each Pok\u00e9mon\n|rule|OHKO Clause: OHKO moves are banned\n|rule|Evasion Items Clause: Evasion items are banned\n|rule|Evasion Moves Clause: Evasion moves are banned\n|rule|Endless Battle Clause: Forcing endless battles is banned\n|rule|HP Percentage Mod: HP is shown in percentages\n|clearpoke\n|poke|p1|Dragonite, F|\n|poke|p1|Skeledirge, M|\n|poke|p1|Scizor, F|\n|poke|p1|Rotom-Wash|\n|poke|p1|Gholdengo|\n|poke|p1|Great Tusk|\n|poke|p2|Sneasler, F|\n|poke|p2|Kingambit, M|\n|poke|p2|Hatterene, F|\n|poke|p2|Zapdos|\n|poke|p2|Great Tusk|\n|poke|p2|Ninetales-Alola, M|\n|teampreview\n|inactive|Battle timer is ON: inactive players will automatically lose when time's up. (requested by draco9746)\n|inactive|Imsadallthetime also wants the timer to be on.\n|\n|t:|1700362916\n|start\n|switch|p1a: Scizor|Scizor, F|100\/100\n|switch|p2a: Hatterene|Hatterene, F|100\/100\n|turn|1\n|\n|t:|1700362925\n|move|p1a: Scizor|Bullet Punch|p2a: Hatterene\n|-supereffective|p2a: Hatterene\n|-damage|p2a: Hatterene|24\/100\n|-damage|p1a: Scizor|91\/100|[from] item: Life Orb\n|move|p2a: Hatterene|Mystical Fire|p1a: Scizor\n|-supereffective|p1a: Scizor\n|-damage|p1a: Scizor|0 fnt\n|faint|p1a: Scizor\n|\n|-heal|p2a: Hatterene|30\/100|[from] item: Leftovers\n|upkeep\n|\n|t:|1700362932\n|switch|p1a: Rotom|Rotom-Wash|100\/100\n|turn|2\n|\n|t:|1700362946\n|switch|p2a: Ninetales|Ninetales-Alola, M|100\/100\n|-weather|Snow|[from] ability: Snow Warning|[of] p2a: Ninetales\n|move|p1a: Rotom|Volt Switch|p2a: Ninetales\n|-damage|p2a: Ninetales|60\/100\n|\n|t:|1700362950\n|switch|p1a: Skeledirge|Skeledirge, M|100\/100|[from] Volt Switch\n|\n|-weather|Snow|[upkeep]\n|upkeep\n|turn|3\n|\n|t:|1700362965\n|switch|p2a: Zapdos|Zapdos|100\/100\n|move|p1a: Skeledirge|Torch Song|p2a: Zapdos\n|-damage|p2a: Zapdos|71\/100\n|-boost|p1a: Skeledirge|spa|1\n|\n|-weather|Snow|[upkeep]\n|upkeep\n|turn|4\n|\n|t:|1700362978\n|move|p2a: Zapdos|Volt Switch|p1a: Skeledirge\n|-damage|p1a: Skeledirge|77\/100\n|\n|t:|1700362985\n|switch|p2a: Great Tusk|Great Tusk|100\/100|[from] Volt Switch\n|-enditem|p2a: Great Tusk|Booster Energy\n|-activate|p2a: Great Tusk|ability: Protosynthesis|[fromitem]\n|-start|p2a: Great Tusk|protosynthesisspe\n|move|p1a: Skeledirge|Will-O-Wisp|p2a: Great Tusk|[miss]\n|-miss|p1a: Skeledirge|p2a: Great Tusk\n|\n|-weather|Snow|[upkeep]\n|-heal|p1a: Skeledirge|83\/100|[from] item: Leftovers\n|upkeep\n|turn|5\n|\n|t:|1700363000\n|move|p2a: Great Tusk|Headlong Rush|p1a: Skeledirge\n|-supereffective|p1a: Skeledirge\n|-damage|p1a: Skeledirge|5\/100\n|-unboost|p2a: Great Tusk|def|1\n|-unboost|p2a: Great Tusk|spd|1\n|move|p1a: Skeledirge|Will-O-Wisp|p2a: Great Tusk\n|-status|p2a: Great Tusk|brn\n|\n|-weather|Snow|[upkeep]\n|-heal|p1a: Skeledirge|11\/100|[from] item: Leftovers\n|-damage|p2a: Great Tusk|94\/100 brn|[from] brn\n|upkeep\n|turn|6\n|\n|t:|1700363012\n|switch|p1a: Rotom|Rotom-Wash|100\/100\n|move|p2a: Great Tusk|Headlong Rush|p1a: Rotom\n|-immune|p1a: Rotom|[from] ability: Levitate\n|\n|-weather|none\n|-damage|p2a: Great Tusk|88\/100 brn|[from] brn\n|upkeep\n|turn|7\n|inactive|draco9746 has 120 seconds left.\n|\n|t:|1700363047\n|move|p2a: Great Tusk|Close Combat|p1a: Rotom\n|-damage|p1a: Rotom|70\/100\n|-unboost|p2a: Great Tusk|def|1\n|-unboost|p2a: Great Tusk|spd|1\n|move|p1a: Rotom|Hydro Pump|p2a: Great Tusk|[miss]\n|-miss|p1a: Rotom|p2a: Great Tusk\n|\n|-damage|p2a: Great Tusk|82\/100 brn|[from] brn\n|upkeep\n|turn|8\n|inactive|Imsadallthetime has 120 seconds left.\n|\n|t:|1700363080\n|switch|p1a: Skeledirge|Skeledirge, M|11\/100\n|move|p2a: Great Tusk|Ice Spinner|p1a: Skeledirge\n|-resisted|p1a: Skeledirge\n|-damage|p1a: Skeledirge|6\/100\n|\n|-heal|p1a: Skeledirge|12\/100|[from] item: Leftovers\n|-damage|p2a: Great Tusk|76\/100 brn|[from] brn\n|upkeep\n|turn|9\n|\n|t:|1700363089\n|switch|p1a: Rotom|Rotom-Wash|70\/100\n|move|p2a: Great Tusk|Headlong Rush|p1a: Rotom\n|-immune|p1a: Rotom|[from] ability: Levitate\n|\n|-damage|p2a: Great Tusk|69\/100 brn|[from] brn\n|upkeep\n|turn|10\n|\n|t:|1700363096\n|move|p2a: Great Tusk|Headlong Rush|p1a: Rotom\n|-immune|p1a: Rotom|[from] ability: Levitate\n|move|p1a: Rotom|Hydro Pump|p2a: Great Tusk\n|-supereffective|p2a: Great Tusk\n|-damage|p2a: Great Tusk|0 fnt\n|faint|p2a: Great Tusk\n|-end|p2a: Great Tusk|Protosynthesis|[silent]\n|\n|upkeep\n|\n|t:|1700363108\n|switch|p2a: Ninetales|Ninetales-Alola, M|60\/100\n|-weather|Snow|[from] ability: Snow Warning|[of] p2a: Ninetales\n|turn|11\n|\n|t:|1700363114\n|move|p2a: Ninetales|Aurora Veil|p2a: Ninetales\n|-sidestart|p2: draco9746|move: Aurora Veil\n|move|p1a: Rotom|Hydro Pump|p2a: Ninetales\n|-damage|p2a: Ninetales|28\/100\n|\n|-weather|Snow|[upkeep]\n|upkeep\n|turn|12\n|\n|t:|1700363119\n|move|p2a: Ninetales|Freeze-Dry|p1a: Rotom\n|-supereffective|p1a: Rotom\n|-damage|p1a: Rotom|21\/100\n|move|p1a: Rotom|Hydro Pump|p2a: Ninetales|[miss]\n|-miss|p1a: Rotom|p2a: Ninetales\n|\n|-weather|Snow|[upkeep]\n|upkeep\n|turn|13\n|\n|t:|1700363136\n|move|p2a: Ninetales|Moonblast|p1a: Rotom\n|-damage|p1a: Rotom|0 fnt\n|faint|p1a: Rotom\n|\n|-weather|Snow|[upkeep]\n|upkeep\n|\n|t:|1700363139\n|switch|p1a: Skeledirge|Skeledirge, M|12\/100\n|turn|14\n|\n|t:|1700363144\n|move|p2a: Ninetales|Moonblast|p1a: Skeledirge\n|-resisted|p1a: Skeledirge\n|-damage|p1a: Skeledirge|1\/100\n|-unboost|p1a: Skeledirge|spa|1\n|move|p1a: Skeledirge|Slack Off|p1a: Skeledirge\n|-heal|p1a: Skeledirge|51\/100\n|\n|-weather|Snow|[upkeep]\n|-heal|p1a: Skeledirge|57\/100|[from] item: Leftovers\n|upkeep\n|turn|15\n|\n|t:|1700363157\n|switch|p2a: Hatterene|Hatterene, F|30\/100\n|move|p1a: Skeledirge|Will-O-Wisp|p2a: Hatterene\n|move|p2a: Hatterene|Will-O-Wisp|p1a: Skeledirge|[from]ability: Magic Bounce|[miss]\n|-miss|p2a: Hatterene|p1a: Skeledirge\n|\n|-weather|none\n|-heal|p1a: Skeledirge|63\/100|[from] item: Leftovers\n|-heal|p2a: Hatterene|36\/100|[from] item: Leftovers\n|upkeep\n|turn|16\n|\n|t:|1700363180\n|move|p1a: Skeledirge|Slack Off|p1a: Skeledirge\n|-heal|p1a: Skeledirge|100\/100\n|move|p2a: Hatterene|Draining Kiss|p1a: Skeledirge\n|-resisted|p1a: Skeledirge\n|-damage|p1a: Skeledirge|92\/100\n|-heal|p2a: Hatterene|45\/100|[from] drain|[of] p1a: Skeledirge\n|\n|-heal|p1a: Skeledirge|98\/100|[from] item: Leftovers\n|-heal|p2a: Hatterene|51\/100|[from] item: Leftovers\n|upkeep\n|turn|17\n|\n|t:|1700363189\n|move|p1a: Skeledirge|Torch Song|p2a: Hatterene\n|-damage|p2a: Hatterene|42\/100\n|-boost|p1a: Skeledirge|spa|1\n|move|p2a: Hatterene|Psyshock|p1a: Skeledirge\n|-damage|p1a: Skeledirge|68\/100\n|\n|-heal|p1a: Skeledirge|74\/100|[from] item: Leftovers\n|-heal|p2a: Hatterene|48\/100|[from] item: Leftovers\n|upkeep\n|turn|18\n|\n|t:|1700363210\n|move|p1a: Skeledirge|Torch Song|p2a: Hatterene\n|-crit|p2a: Hatterene\n|-damage|p2a: Hatterene|1\/100\n|-boost|p1a: Skeledirge|spa|1\n|move|p2a: Hatterene|Psyshock|p1a: Skeledirge\n|-damage|p1a: Skeledirge|48\/100\n|\n|-heal|p1a: Skeledirge|54\/100|[from] item: Leftovers\n|-heal|p2a: Hatterene|7\/100|[from] item: Leftovers\n|-sideend|p2: draco9746|move: Aurora Veil\n|upkeep\n|turn|19\n|\n|t:|1700363219\n|move|p1a: Skeledirge|Slack Off|p1a: Skeledirge\n|-heal|p1a: Skeledirge|100\/100\n|move|p2a: Hatterene|Psyshock|p1a: Skeledirge\n|-damage|p1a: Skeledirge|73\/100\n|\n|-heal|p1a: Skeledirge|79\/100|[from] item: Leftovers\n|-heal|p2a: Hatterene|13\/100|[from] item: Leftovers\n|upkeep\n|turn|20\n|\n|t:|1700363229\n|move|p1a: Skeledirge|Will-O-Wisp|p2a: Hatterene\n|move|p2a: Hatterene|Will-O-Wisp|p1a: Skeledirge|[from]ability: Magic Bounce\n|-immune|p1a: Skeledirge\n|move|p2a: Hatterene|Psyshock|p1a: Skeledirge\n|-damage|p1a: Skeledirge|52\/100\n|\n|-heal|p1a: Skeledirge|59\/100|[from] item: Leftovers\n|-heal|p2a: Hatterene|19\/100|[from] item: Leftovers\n|upkeep\n|turn|21\n|\n|t:|1700363239\n|move|p1a: Skeledirge|Torch Song|p2a: Hatterene\n|-damage|p2a: Hatterene|0 fnt\n|-boost|p1a: Skeledirge|spa|1\n|faint|p2a: Hatterene\n|\n|-heal|p1a: Skeledirge|65\/100|[from] item: Leftovers\n|upkeep\n|\n|t:|1700363247\n|switch|p2a: Ninetales|Ninetales-Alola, M|28\/100\n|-weather|Snow|[from] ability: Snow Warning|[of] p2a: Ninetales\n|turn|22\n|\n|t:|1700363256\n|move|p2a: Ninetales|Aurora Veil|p2a: Ninetales\n|-sidestart|p2: draco9746|move: Aurora Veil\n|move|p1a: Skeledirge|Will-O-Wisp|p2a: Ninetales\n|-status|p2a: Ninetales|brn\n|\n|-weather|Snow|[upkeep]\n|-heal|p1a: Skeledirge|71\/100|[from] item: Leftovers\n|-damage|p2a: Ninetales|22\/100 brn|[from] brn\n|upkeep\n|turn|23\n|\n|t:|1700363263\n|move|p2a: Ninetales|Encore|p1a: Skeledirge\n|-start|p1a: Skeledirge|Encore\n|move|p1a: Skeledirge|Will-O-Wisp|p2a: Ninetales\n|-fail|p2a: Ninetales|brn\n|\n|-weather|Snow|[upkeep]\n|-heal|p1a: Skeledirge|77\/100|[from] item: Leftovers\n|-damage|p2a: Ninetales|16\/100 brn|[from] brn\n|upkeep\n|turn|24\n|\n|t:|1700363278\n|switch|p2a: Zapdos|Zapdos|71\/100\n|move|p1a: Skeledirge|Will-O-Wisp|p2a: Zapdos\n|-status|p2a: Zapdos|brn\n|\n|-weather|Snow|[upkeep]\n|-heal|p1a: Skeledirge|83\/100|[from] item: Leftovers\n|-damage|p2a: Zapdos|64\/100 brn|[from] brn\n|upkeep\n|turn|25\n|\n|t:|1700363287\n|move|p2a: Zapdos|Hurricane|p1a: Skeledirge|[miss]\n|-miss|p2a: Zapdos|p1a: Skeledirge\n|move|p1a: Skeledirge|Will-O-Wisp|p2a: Zapdos|[miss]\n|-miss|p1a: Skeledirge|p2a: Zapdos\n|\n|-weather|Snow|[upkeep]\n|-heal|p1a: Skeledirge|89\/100|[from] item: Leftovers\n|-damage|p2a: Zapdos|58\/100 brn|[from] brn\n|-end|p1a: Skeledirge|Encore\n|upkeep\n|turn|26\n|\n|t:|1700363297\n|move|p2a: Zapdos|Hurricane|p1a: Skeledirge\n|-damage|p1a: Skeledirge|54\/100\n|-start|p1a: Skeledirge|confusion\n|-activate|p1a: Skeledirge|confusion\n|-damage|p1a: Skeledirge|50\/100|[from] confusion\n|\n|-weather|none\n|-heal|p1a: Skeledirge|56\/100|[from] item: Leftovers\n|-damage|p2a: Zapdos|52\/100 brn|[from] brn\n|upkeep\n|turn|27\n|\n|t:|1700363306\n|move|p2a: Zapdos|Hurricane|p1a: Skeledirge\n|-damage|p1a: Skeledirge|18\/100\n|-activate|p1a: Skeledirge|confusion\n|move|p1a: Skeledirge|Slack Off|p1a: Skeledirge\n|-heal|p1a: Skeledirge|68\/100\n|\n|-heal|p1a: Skeledirge|75\/100|[from] item: Leftovers\n|-damage|p2a: Zapdos|46\/100 brn|[from] brn\n|upkeep\n|turn|28\n|\n|t:|1700363317\n|move|p2a: Zapdos|Hurricane|p1a: Skeledirge\n|-damage|p1a: Skeledirge|40\/100\n|-activate|p1a: Skeledirge|confusion\n|move|p1a: Skeledirge|Slack Off|p1a: Skeledirge\n|-heal|p1a: Skeledirge|90\/100\n|\n|-heal|p1a: Skeledirge|96\/100|[from] item: Leftovers\n|-damage|p2a: Zapdos|39\/100 brn|[from] brn\n|upkeep\n|turn|29\n|\n|t:|1700363328\n|move|p2a: Zapdos|Hurricane|p1a: Skeledirge\n|-damage|p1a: Skeledirge|61\/100\n|-activate|p1a: Skeledirge|confusion\n|move|p1a: Skeledirge|Torch Song|p2a: Zapdos\n|-damage|p2a: Zapdos|11\/100 brn\n|-boost|p1a: Skeledirge|spa|1\n|\n|-heal|p1a: Skeledirge|67\/100|[from] item: Leftovers\n|-damage|p2a: Zapdos|5\/100 brn|[from] brn\n|-sideend|p2: draco9746|move: Aurora Veil\n|upkeep\n|turn|30\n|\n|t:|1700363337\n|move|p2a: Zapdos|Roost|p2a: Zapdos\n|-heal|p2a: Zapdos|55\/100 brn\n|-singleturn|p2a: Zapdos|move: Roost\n|-end|p1a: Skeledirge|confusion\n|move|p1a: Skeledirge|Slack Off|p1a: Skeledirge\n|-heal|p1a: Skeledirge|100\/100\n|\n|-damage|p2a: Zapdos|48\/100 brn|[from] brn\n|upkeep\n|turn|31\n|\n|t:|1700363346\n|move|p2a: Zapdos|Roost|p2a: Zapdos\n|-heal|p2a: Zapdos|98\/100 brn\n|-singleturn|p2a: Zapdos|move: Roost\n|move|p1a: Skeledirge|Hex|p2a: Zapdos\n|-damage|p2a: Zapdos|0 fnt\n|faint|p2a: Zapdos\n|\n|upkeep\n|\n|t:|1700363362\n|switch|p2a: Ninetales|Ninetales-Alola, M|16\/100 brn\n|-weather|Snow|[from] ability: Snow Warning|[of] p2a: Ninetales\n|turn|32\n|\n|t:|1700363372\n|move|p2a: Ninetales|Aurora Veil|p2a: Ninetales\n|-sidestart|p2: draco9746|move: Aurora Veil\n|move|p1a: Skeledirge|Torch Song|p2a: Ninetales\n|-supereffective|p2a: Ninetales\n|-damage|p2a: Ninetales|0 fnt\n|-boost|p1a: Skeledirge|spa|1\n|faint|p2a: Ninetales\n|\n|-weather|Snow|[upkeep]\n|upkeep\n|\n|t:|1700363379\n|switch|p2a: Kingambit|Kingambit, M|100\/100\n|-activate|p2a: Kingambit|ability: Supreme Overlord\n|-start|p2a: Kingambit|fallen4|[silent]\n|turn|33\n|\n|t:|1700363394\n|-terastallize|p2a: Kingambit|Flying\n|-terastallize|p1a: Skeledirge|Normal\n|move|p2a: Kingambit|Tera Blast|p1a: Skeledirge|[anim] Tera Blast Flying\n|-damage|p1a: Skeledirge|51\/100\n|move|p1a: Skeledirge|Will-O-Wisp|p2a: Kingambit\n|-status|p2a: Kingambit|brn\n|-enditem|p2a: Kingambit|Lum Berry|[eat]\n|-curestatus|p2a: Kingambit|brn|[msg]\n|\n|-weather|Snow|[upkeep]\n|-heal|p1a: Skeledirge|57\/100|[from] item: Leftovers\n|upkeep\n|turn|34\n|\n|t:|1700363408\n|move|p2a: Kingambit|Low Kick|p1a: Skeledirge\n|-supereffective|p1a: Skeledirge\n|-damage|p1a: Skeledirge|0 fnt\n|faint|p1a: Skeledirge\n|\n|-weather|Snow|[upkeep]\n|upkeep\n|\n|t:|1700363414\n|switch|p1a: Gholdengo|Gholdengo|100\/100\n|turn|35\n|\n|t:|1700363420\n|move|p2a: Kingambit|Sucker Punch|p1a: Gholdengo\n|-supereffective|p1a: Gholdengo\n|-damage|p1a: Gholdengo|0 fnt\n|faint|p1a: Gholdengo\n|\n|-weather|Snow|[upkeep]\n|upkeep\n|\n|t:|1700363426\n|switch|p1a: Great Tusk|Great Tusk|100\/100\n|turn|36\n|\n|t:|1700363429\n|move|p1a: Great Tusk|Ice Spinner|p2a: Kingambit\n|-supereffective|p2a: Kingambit\n|-damage|p2a: Kingambit|80\/100\n|move|p2a: Kingambit|Tera Blast|p1a: Great Tusk|[anim] Tera Blast Flying\n|-supereffective|p1a: Great Tusk\n|-damage|p1a: Great Tusk|15\/100\n|\n|-weather|none\n|upkeep\n|turn|37\n|\n|t:|1700363437\n|move|p2a: Kingambit|Sucker Punch|p1a: Great Tusk\n|-resisted|p1a: Great Tusk\n|-damage|p1a: Great Tusk|0 fnt\n|faint|p1a: Great Tusk\n|-end|p1a: Great Tusk|Protosynthesis|[silent]\n|\n|upkeep\n|-message|Imsadallthetime forfeited.\n|\n|win|draco9746\n|raw|Imsadallthetime's rating: 1240 &rarr; <strong>1220<\/strong><br \/>(-20 for losing)\n|raw|draco9746's rating: 1313 &rarr; <strong>1329<\/strong><br \/>(+16 for winning)\n|l|\u2606Imsadallthetime\n","uploadtime":1700363444,"views":9,"p1id":"imsadallthetime","p2id":"draco9746","formatid":"gen9ou","rating":1220,"private":0,"password":""}