{"id":"gen9ou-1989461774","p1":"waha8","p2":"Manjack","format":"[Gen 9] OU","log":"|j|\u2606waha8\n|j|\u2606Manjack\n|t:|1699854164\n|gametype|singles\n|player|p1|waha8|169|1565\n|player|p2|Manjack|preschooler|1569\n|teamsize|p1|6\n|teamsize|p2|6\n|gen|9\n|tier|[Gen 9] OU\n|rated|\n|rule|Sleep Clause Mod: Limit one foe put to sleep\n|rule|Species Clause: Limit one of each Pok\u00e9mon\n|rule|OHKO Clause: OHKO moves are banned\n|rule|Evasion Items Clause: Evasion items are banned\n|rule|Evasion Moves Clause: Evasion moves are banned\n|rule|Endless Battle Clause: Forcing endless battles is banned\n|rule|HP Percentage Mod: HP is shown in percentages\n|clearpoke\n|poke|p1|Indeedee, M|\n|poke|p1|Ninetales-Alola, M|\n|poke|p1|Sneasler, F|\n|poke|p1|Gallade, M|\n|poke|p1|Slowking-Galar, M|\n|poke|p1|Haxorus, M|\n|poke|p2|Weezing-Galar, F|\n|poke|p2|Ribombee, M|\n|poke|p2|Kingambit, F|\n|poke|p2|Dragonite, M|\n|poke|p2|Iron Moth|\n|poke|p2|Sneasler, M|\n|teampreview\n|c|\u2606Manjack|Glhf\n|\n|t:|1699854189\n|start\n|switch|p1a: Mavis|Ninetales-Alola, M|100\/100\n|switch|p2a: Ribombee|Ribombee, M|100\/100\n|-weather|Snow|[from] ability: Snow Warning|[of] p1a: Mavis\n|turn|1\n|\n|t:|1699854196\n|move|p2a: Ribombee|Trick|p1a: Mavis\n|-activate|p2a: Ribombee|move: Trick|[of] p1a: Mavis\n|-item|p1a: Mavis|Focus Sash|[from] move: Trick\n|-item|p2a: Ribombee|Light Clay|[from] move: Trick\n|move|p1a: Mavis|Moonblast|p2a: Ribombee\n|-damage|p2a: Ribombee|38\/100\n|\n|-weather|Snow|[upkeep]\n|upkeep\n|turn|2\n|\n|t:|1699854202\n|move|p2a: Ribombee|Sticky Web|p1a: Mavis\n|-sidestart|p1: waha8|move: Sticky Web\n|move|p1a: Mavis|Aurora Veil|p1a: Mavis\n|-sidestart|p1: waha8|move: Aurora Veil\n|\n|-weather|Snow|[upkeep]\n|upkeep\n|turn|3\n|\n|t:|1699854207\n|switch|p1a: DeeDee|Indeedee, M|100\/100\n|-activate|p1a: DeeDee|move: Sticky Web\n|-unboost|p1a: DeeDee|spe|1\n|-fieldstart|move: Psychic Terrain|[from] ability: Psychic Surge|[of] p1a: DeeDee\n|move|p2a: Ribombee|Moonblast|p1a: DeeDee\n|-damage|p1a: DeeDee|75\/100\n|\n|-weather|Snow|[upkeep]\n|upkeep\n|turn|4\n|\n|t:|1699854218\n|switch|p1a: SageofSixPath|Slowking-Galar, M|100\/100\n|-activate|p1a: SageofSixPath|move: Sticky Web\n|-unboost|p1a: SageofSixPath|spe|1\n|move|p2a: Ribombee|Moonblast|p1a: SageofSixPath\n|-resisted|p1a: SageofSixPath\n|-damage|p1a: SageofSixPath|93\/100\n|-unboost|p1a: SageofSixPath|spa|1\n|\n|-weather|Snow|[upkeep]\n|upkeep\n|turn|5\n|\n|t:|1699854227\n|move|p2a: Ribombee|Trick|p1a: SageofSixPath\n|-activate|p2a: Ribombee|move: Trick|[of] p1a: SageofSixPath\n|-item|p1a: SageofSixPath|Light Clay|[from] move: Trick\n|-item|p2a: Ribombee|Life Orb|[from] move: Trick\n|move|p1a: SageofSixPath|Trick Room|p1a: SageofSixPath\n|-fieldstart|move: Trick Room|[of] p1a: SageofSixPath\n|\n|-weather|none\n|upkeep\n|turn|6\n|\n|t:|1699854235\n|switch|p1a: Mavis|Ninetales-Alola, M|100\/100\n|-activate|p1a: Mavis|move: Sticky Web\n|-unboost|p1a: Mavis|spe|1\n|-weather|Snow|[from] ability: Snow Warning|[of] p1a: Mavis\n|move|p2a: Ribombee|Psychic|p1a: Mavis\n|-damage|p1a: Mavis|76\/100\n|-unboost|p1a: Mavis|spd|1\n|-damage|p2a: Ribombee|28\/100|[from] item: Life Orb\n|\n|-weather|Snow|[upkeep]\n|-sideend|p1: waha8|move: Aurora Veil\n|upkeep\n|turn|7\n|\n|t:|1699854246\n|switch|p1a: SageofSixPath|Slowking-Galar, M|100\/100\n|-activate|p1a: SageofSixPath|move: Sticky Web\n|-unboost|p1a: SageofSixPath|spe|1\n|move|p2a: Ribombee|Moonblast|p1a: SageofSixPath\n|-resisted|p1a: SageofSixPath\n|-damage|p1a: SageofSixPath|81\/100\n|-damage|p2a: Ribombee|18\/100|[from] item: Life Orb\n|\n|-weather|Snow|[upkeep]\n|upkeep\n|turn|8\n|\n|t:|1699854255\n|move|p1a: SageofSixPath|Psychic|p2a: Ribombee\n|-damage|p2a: Ribombee|0 fnt\n|faint|p2a: Ribombee\n|\n|-weather|Snow|[upkeep]\n|upkeep\n|c|\u2606Manjack|What are you doing my guy?\n|\n|t:|1699854268\n|switch|p2a: Dragonite|Dragonite, M|100\/100\n|turn|9\n|\n|t:|1699854278\n|-terastallize|p1a: SageofSixPath|Psychic\n|move|p1a: SageofSixPath|Psychic|p2a: Dragonite\n|-damage|p2a: Dragonite|55\/100\n|move|p2a: Dragonite|Dragon Dance|p2a: Dragonite\n|-boost|p2a: Dragonite|atk|1\n|-boost|p2a: Dragonite|spe|1\n|\n|-weather|Snow|[upkeep]\n|-fieldend|move: Trick Room\n|upkeep\n|turn|10\n|\n|t:|1699854285\n|move|p2a: Dragonite|Ice Spinner|p1a: SageofSixPath\n|-damage|p1a: SageofSixPath|35\/100\n|-fieldend|move: Psychic Terrain\n|move|p1a: SageofSixPath|Psychic|p2a: Dragonite\n|-damage|p2a: Dragonite|0 fnt\n|faint|p2a: Dragonite\n|\n|-weather|none\n|upkeep\n|\n|t:|1699854292\n|switch|p2a: Iron Moth|Iron Moth|100\/100\n|-enditem|p2a: Iron Moth|Booster Energy\n|-activate|p2a: Iron Moth|ability: Quark Drive|[fromitem]\n|-start|p2a: Iron Moth|quarkdrivespe\n|turn|11\n|\n|t:|1699854300\n|move|p2a: Iron Moth|Fiery Dance|p1a: SageofSixPath\n|-damage|p1a: SageofSixPath|2\/100\n|move|p1a: SageofSixPath|Psychic|p2a: Iron Moth\n|-supereffective|p2a: Iron Moth\n|-damage|p2a: Iron Moth|0 fnt\n|faint|p2a: Iron Moth\n|-end|p2a: Iron Moth|Quark Drive|[silent]\n|\n|upkeep\n|\n|t:|1699854310\n|switch|p2a: Sneasler|Sneasler, M|100\/100\n|turn|12\n|\n|t:|1699854332\n|move|p2a: Sneasler|Close Combat|p1a: SageofSixPath\n|-resisted|p1a: SageofSixPath\n|-damage|p1a: SageofSixPath|0 fnt\n|-unboost|p2a: Sneasler|def|1\n|-unboost|p2a: Sneasler|spd|1\n|faint|p1a: SageofSixPath\n|\n|upkeep\n|\n|t:|1699854348\n|switch|p1a: Lee|Gallade, M|100\/100\n|-activate|p1a: Lee|move: Sticky Web\n|-unboost|p1a: Lee|spe|1\n|turn|13\n|\n|t:|1699854352\n|switch|p2a: Weezing|Weezing-Galar, F|100\/100\n|-fieldstart|move: Misty Terrain|[from] ability: Misty Surge|[of] p2a: Weezing\n|move|p1a: Lee|Sacred Sword|p2a: Weezing\n|-resisted|p2a: Weezing\n|-damage|p2a: Weezing|84\/100\n|-damage|p1a: Lee|91\/100|[from] item: Life Orb\n|\n|upkeep\n|turn|14\n|\n|t:|1699854363\n|switch|p1a: DeeDee|Indeedee, M|75\/100\n|-activate|p1a: DeeDee|move: Sticky Web\n|-unboost|p1a: DeeDee|spe|1\n|-fieldstart|move: Psychic Terrain|[from] ability: Psychic Surge|[of] p1a: DeeDee\n|move|p2a: Weezing|Overheat|p1a: DeeDee\n|-damage|p1a: DeeDee|40\/100\n|-unboost|p2a: Weezing|spa|2\n|-enditem|p2a: Weezing|Eject Pack\n|\n|t:|1699854371\n|switch|p2a: Sneasler|Sneasler, M|100\/100\n|\n|upkeep\n|turn|15\n|\n|t:|1699854392\n|switch|p1a: Mavis|Ninetales-Alola, M|76\/100\n|-activate|p1a: Mavis|move: Sticky Web\n|-unboost|p1a: Mavis|spe|1\n|-weather|Snow|[from] ability: Snow Warning|[of] p1a: Mavis\n|move|p2a: Sneasler|Close Combat|p1a: Mavis\n|-damage|p1a: Mavis|3\/100\n|-unboost|p2a: Sneasler|def|1\n|-unboost|p2a: Sneasler|spd|1\n|\n|-weather|Snow|[upkeep]\n|upkeep\n|turn|16\n|inactive|Battle timer is ON: inactive players will automatically lose when time's up. (requested by waha8)\n|\n|t:|1699854404\n|switch|p2a: Weezing|Weezing-Galar, F|84\/100\n|-fieldstart|move: Misty Terrain|[from] ability: Misty Surge|[of] p2a: Weezing\n|move|p1a: Mavis|Moonblast|p2a: Weezing\n|-resisted|p2a: Weezing\n|-damage|p2a: Weezing|64\/100\n|-unboost|p2a: Weezing|spa|1\n|\n|-weather|Snow|[upkeep]\n|upkeep\n|turn|17\n|\n|t:|1699854416\n|switch|p2a: Sneasler|Sneasler, M|100\/100\n|-enditem|p2a: Sneasler|Misty Seed\n|-boost|p2a: Sneasler|spd|1|[from] item: Misty Seed\n|move|p1a: Mavis|Moonblast|p2a: Sneasler\n|-damage|p2a: Sneasler|69\/100\n|-unboost|p2a: Sneasler|spa|1\n|\n|-weather|Snow|[upkeep]\n|upkeep\n|turn|18\n|\n|t:|1699854428\n|move|p2a: Sneasler|Swords Dance|p2a: Sneasler\n|-boost|p2a: Sneasler|atk|2\n|move|p1a: Mavis|Encore|p2a: Sneasler\n|-start|p2a: Sneasler|Encore\n|\n|-weather|Snow|[upkeep]\n|upkeep\n|turn|19\n|\n|t:|1699854433\n|switch|p1a: DoNotCare|Haxorus, M|100\/100\n|-activate|p1a: DoNotCare|move: Sticky Web\n|-unboost|p1a: DoNotCare|spe|1\n|-ability|p1a: DoNotCare|Mold Breaker\n|move|p2a: Sneasler|Swords Dance|p2a: Sneasler\n|-boost|p2a: Sneasler|atk|2\n|\n|-weather|none\n|upkeep\n|turn|20\n|\n|t:|1699854441\n|move|p2a: Sneasler|Swords Dance|p2a: Sneasler\n|-boost|p2a: Sneasler|atk|2\n|move|p1a: DoNotCare|Dragon Dance|p1a: DoNotCare\n|-boost|p1a: DoNotCare|atk|1\n|-boost|p1a: DoNotCare|spe|1\n|\n|-fieldend|Misty Terrain\n|upkeep\n|turn|21\n|c|\u2606Manjack|And that is what we call overplaying your hand\n|\n|t:|1699854452\n|move|p2a: Sneasler|Swords Dance|p2a: Sneasler\n|-boost|p2a: Sneasler|atk|0\n|move|p1a: DoNotCare|Earthquake|p2a: Sneasler\n|-supereffective|p2a: Sneasler\n|-damage|p2a: Sneasler|0 fnt\n|faint|p2a: Sneasler\n|-damage|p1a: DoNotCare|91\/100|[from] item: Life Orb\n|\n|upkeep\n|\n|t:|1699854456\n|switch|p2a: Weezing|Weezing-Galar, F|64\/100\n|-fieldstart|move: Misty Terrain|[from] ability: Misty Surge|[of] p2a: Weezing\n|turn|22\n|\n|t:|1699854468\n|move|p1a: DoNotCare|Earthquake|p2a: Weezing\n|-supereffective|p2a: Weezing\n|-damage|p2a: Weezing|0 fnt\n|faint|p2a: Weezing\n|-damage|p1a: DoNotCare|81\/100|[from] item: Life Orb\n|\n|upkeep\n|\n|t:|1699854470\n|switch|p2a: Kingambit|Kingambit, F|100\/100\n|-activate|p2a: Kingambit|ability: Supreme Overlord\n|-start|p2a: Kingambit|fallen5|[silent]\n|turn|23\n|\n|t:|1699854477\n|switch|p1a: DeeDee|Indeedee, M|40\/100\n|-activate|p1a: DeeDee|move: Sticky Web\n|-unboost|p1a: DeeDee|spe|1\n|-fieldstart|move: Psychic Terrain|[from] ability: Psychic Surge|[of] p1a: DeeDee\n|-terastallize|p2a: Kingambit|Fairy\n|move|p2a: Kingambit|Swords Dance|p2a: Kingambit\n|-boost|p2a: Kingambit|atk|2\n|\n|upkeep\n|turn|24\n|\n|t:|1699854486\n|move|p1a: DeeDee|Encore|p2a: Kingambit\n|-start|p2a: Kingambit|Encore\n|move|p2a: Kingambit|Swords Dance|p2a: Kingambit\n|-boost|p2a: Kingambit|atk|2\n|\n|upkeep\n|turn|25\n|c|\u2606waha8|yulp\n|c|\u2606Manjack|Gg\n|c|\u2606waha8|gg\n|-message|Manjack forfeited.\n|\n|win|waha8\n|raw|waha8's rating: 1565 &rarr; <strong>1585<\/strong><br \/>(+20 for winning)\n|raw|Manjack's rating: 1569 &rarr; <strong>1549<\/strong><br \/>(-20 for losing)\n|l|\u2606Manjack\n","uploadtime":1699854577,"views":8,"p1id":"waha8","p2id":"manjack","formatid":"gen9ou","rating":1549,"private":0,"password":""}