{"id":"gen9ou-1997827540","p1":"Arnaenaed \u223e","p2":"Mr.Shadowdusk","format":"[Gen 9] OU","log":"|j|\u2606Arnaenaed \u223e\n|j|\u2606Mr.Shadowdusk\n|t:|1700857019\n|gametype|singles\n|player|p1|Arnaenaed \u223e|clay|\n|player|p2|Mr.Shadowdusk|ghetsis|\n|teamsize|p1|6\n|teamsize|p2|6\n|gen|9\n|tier|[Gen 9] OU\n|rule|Sleep Clause Mod: Limit one foe put to sleep\n|rule|Species Clause: Limit one of each Pok\u00e9mon\n|rule|OHKO Clause: OHKO moves are banned\n|rule|Evasion Items Clause: Evasion items are banned\n|rule|Evasion Moves Clause: Evasion moves are banned\n|rule|Endless Battle Clause: Forcing endless battles is banned\n|rule|HP Percentage Mod: HP is shown in percentages\n|clearpoke\n|poke|p1|Samurott-Hisui, M|\n|poke|p1|Gholdengo|\n|poke|p1|Ceruledge, M|\n|poke|p1|Rillaboom, F|\n|poke|p1|Zamazenta-*|\n|poke|p1|Great Tusk|\n|poke|p2|Hatterene, F|\n|poke|p2|Revavroom, M|\n|poke|p2|Thundurus-Therian, M|\n|poke|p2|Dondozo, M|\n|poke|p2|Goodra, M|\n|poke|p2|Cinderace, M|\n|teampreview\n|\n|t:|1700857027\n|start\n|switch|p1a: Gholdengo|Gholdengo|100\/100\n|switch|p2a: Thundurus|Thundurus-Therian, M, shiny|100\/100\n|turn|1\n|\n|t:|1700857032\n|switch|p1a: Rillaboom|Rillaboom, F|100\/100\n|-fieldstart|move: Grassy Terrain|[from] ability: Grassy Surge|[of] p1a: Rillaboom\n|move|p2a: Thundurus|Volt Switch|p1a: Rillaboom\n|-resisted|p1a: Rillaboom\n|-damage|p1a: Rillaboom|71\/100\n|\n|t:|1700857036\n|switch|p2a: Revavroom|Revavroom, M, shiny|100\/100|[from] Volt Switch\n|-item|p2a: Revavroom|Air Balloon\n|\n|-heal|p1a: Rillaboom|77\/100|[from] Grassy Terrain\n|upkeep\n|turn|2\n|\n|t:|1700857047\n|switch|p1a: Gholdengo|Gholdengo|100\/100\n|move|p2a: Revavroom|Shift Gear|p2a: Revavroom\n|-boost|p2a: Revavroom|spe|2\n|-boost|p2a: Revavroom|atk|1\n|\n|upkeep\n|turn|3\n|\n|t:|1700857055\n|move|p2a: Revavroom|High Horsepower|p1a: Gholdengo\n|-supereffective|p1a: Gholdengo\n|-damage|p1a: Gholdengo|0 fnt\n|faint|p1a: Gholdengo\n|\n|upkeep\n|\n|t:|1700857081\n|switch|p1a: Ceruledge|Ceruledge, M|100\/100\n|turn|4\n|\n|t:|1700857086\n|move|p2a: Revavroom|Iron Head|p1a: Ceruledge\n|-resisted|p1a: Ceruledge\n|-damage|p1a: Ceruledge|57\/100\n|-ability|p1a: Ceruledge|Weak Armor|boost\n|-unboost|p1a: Ceruledge|def|1\n|-boost|p1a: Ceruledge|spe|2\n|move|p1a: Ceruledge|Swords Dance|p1a: Ceruledge\n|-boost|p1a: Ceruledge|atk|2\n|\n|-heal|p1a: Ceruledge|63\/100|[from] Grassy Terrain\n|upkeep\n|turn|5\n|\n|t:|1700857094\n|switch|p2a: Dondozo|Dondozo, M, shiny|100\/100\n|move|p1a: Ceruledge|Bitter Blade|p2a: Dondozo\n|-resisted|p2a: Dondozo\n|-damage|p2a: Dondozo|91\/100\n|-heal|p1a: Ceruledge|71\/100|[from] drain|[of] p2a: Dondozo\n|\n|-heal|p1a: Ceruledge|77\/100|[from] Grassy Terrain\n|-heal|p2a: Dondozo|97\/100|[from] Grassy Terrain\n|-fieldend|move: Grassy Terrain\n|upkeep\n|turn|6\n|\n|t:|1700857108\n|switch|p1a: Rillaboom|Rillaboom, F|77\/100\n|-fieldstart|move: Grassy Terrain|[from] ability: Grassy Surge|[of] p1a: Rillaboom\n|move|p2a: Dondozo|Curse|p2a: Dondozo\n|-unboost|p2a: Dondozo|spe|1\n|-boost|p2a: Dondozo|atk|1\n|-boost|p2a: Dondozo|def|1\n|\n|-heal|p1a: Rillaboom|83\/100|[from] Grassy Terrain\n|-heal|p2a: Dondozo|100\/100|[from] Grassy Terrain\n|upkeep\n|turn|7\n|inactive|Battle timer is ON: inactive players will automatically lose when time's up. (requested by Arnaenaed \u223e)\n|\n|t:|1700857116\n|switch|p2a: Cinderace|Cinderace, M, shiny|100\/100\n|move|p1a: Rillaboom|Grassy Glide|p2a: Cinderace\n|-resisted|p2a: Cinderace\n|-damage|p2a: Cinderace|68\/100\n|-damage|p1a: Rillaboom|73\/100|[from] item: Life Orb\n|\n|-heal|p2a: Cinderace|74\/100|[from] Grassy Terrain\n|-heal|p1a: Rillaboom|79\/100|[from] Grassy Terrain\n|upkeep\n|turn|8\n|\n|t:|1700857144\n|-terastallize|p1a: Rillaboom|Water\n|move|p2a: Cinderace|High Jump Kick|p1a: Rillaboom|[miss]\n|-start|p2a: Cinderace|typechange|Fighting|[from] ability: Libero\n|-miss|p2a: Cinderace|p1a: Rillaboom\n|-damage|p2a: Cinderace|24\/100|[from] highjumpkick\n|move|p1a: Rillaboom|Swords Dance|p1a: Rillaboom\n|-boost|p1a: Rillaboom|atk|2\n|\n|-heal|p2a: Cinderace|30\/100|[from] Grassy Terrain\n|-heal|p1a: Rillaboom|86\/100|[from] Grassy Terrain\n|upkeep\n|turn|9\n|\n|t:|1700857154\n|switch|p2a: Dondozo|Dondozo, M, shiny|100\/100\n|move|p1a: Rillaboom|Grassy Glide|p2a: Dondozo\n|-supereffective|p2a: Dondozo\n|-damage|p2a: Dondozo|58\/100\n|-damage|p1a: Rillaboom|76\/100|[from] item: Life Orb\n|\n|-heal|p1a: Rillaboom|82\/100|[from] Grassy Terrain\n|-heal|p2a: Dondozo|64\/100|[from] Grassy Terrain\n|upkeep\n|turn|10\n|\n|t:|1700857162\n|-terastallize|p2a: Dondozo|Fairy\n|move|p1a: Rillaboom|Grassy Glide|p2a: Dondozo\n|-damage|p2a: Dondozo|43\/100\n|-damage|p1a: Rillaboom|72\/100|[from] item: Life Orb\n|move|p2a: Dondozo|Curse|p2a: Dondozo\n|-unboost|p2a: Dondozo|spe|1\n|-boost|p2a: Dondozo|atk|1\n|-boost|p2a: Dondozo|def|1\n|\n|-heal|p1a: Rillaboom|78\/100|[from] Grassy Terrain\n|-heal|p2a: Dondozo|49\/100|[from] Grassy Terrain\n|-fieldend|move: Grassy Terrain\n|upkeep\n|turn|11\n|\n|t:|1700857175\n|move|p1a: Rillaboom|Knock Off|p2a: Dondozo\n|-resisted|p2a: Dondozo\n|-damage|p2a: Dondozo|43\/100\n|-enditem|p2a: Dondozo|Covert Cloak|[from] move: Knock Off|[of] p1a: Rillaboom\n|-damage|p1a: Rillaboom|68\/100|[from] item: Life Orb\n|move|p2a: Dondozo|Curse|p2a: Dondozo\n|-unboost|p2a: Dondozo|spe|1\n|-boost|p2a: Dondozo|atk|1\n|-boost|p2a: Dondozo|def|1\n|\n|upkeep\n|turn|12\n|\n|t:|1700857186\n|switch|p1a: Samurott|Samurott-Hisui, M|100\/100\n|move|p2a: Dondozo|Curse|p2a: Dondozo\n|-unboost|p2a: Dondozo|spe|1\n|-boost|p2a: Dondozo|atk|1\n|-boost|p2a: Dondozo|def|1\n|\n|upkeep\n|turn|13\n|\n|t:|1700857190\n|move|p1a: Samurott|Ceaseless Edge|p2a: Dondozo\n|-resisted|p2a: Dondozo\n|-crit|p2a: Dondozo\n|-damage|p2a: Dondozo|23\/100\n|-sidestart|p2: Mr.Shadowdusk|Spikes\n|move|p2a: Dondozo|Rest|p2a: Dondozo\n|-status|p2a: Dondozo|slp|[from] move: Rest\n|-heal|p2a: Dondozo|100\/100 slp|[silent]\n|\n|upkeep\n|turn|14\n|\n|t:|1700857196\n|move|p1a: Samurott|Ceaseless Edge|p2a: Dondozo\n|-resisted|p2a: Dondozo\n|-damage|p2a: Dondozo|96\/100 slp\n|-sidestart|p2: Mr.Shadowdusk|Spikes\n|cant|p2a: Dondozo|slp\n|move|p2a: Dondozo|Sleep Talk|p2a: Dondozo\n|move|p2a: Dondozo|Rest||[from]move: Sleep Talk|[still]\n|-fail|p2a: Dondozo\n|\n|upkeep\n|turn|15\n|\n|t:|1700857206\n|move|p1a: Samurott|Ceaseless Edge|p2a: Dondozo\n|-resisted|p2a: Dondozo\n|-damage|p2a: Dondozo|90\/100 slp\n|-sidestart|p2: Mr.Shadowdusk|Spikes\n|cant|p2a: Dondozo|slp\n|move|p2a: Dondozo|Sleep Talk|p2a: Dondozo\n|move|p2a: Dondozo|Curse|p2a: Dondozo|[from]move: Sleep Talk\n|-unboost|p2a: Dondozo|spe|1\n|-boost|p2a: Dondozo|atk|1\n|-boost|p2a: Dondozo|def|1\n|\n|upkeep\n|turn|16\n|\n|t:|1700857211\n|move|p1a: Samurott|Aqua Cutter|p2a: Dondozo\n|-damage|p2a: Dondozo|83\/100 slp\n|-curestatus|p2a: Dondozo|slp|[msg]\n|move|p2a: Dondozo|Sleep Talk||[still]\n|-fail|p2a: Dondozo\n|\n|upkeep\n|turn|17\n|\n|t:|1700857216\n|move|p1a: Samurott|Aqua Cutter|p2a: Dondozo\n|-damage|p2a: Dondozo|75\/100\n|move|p2a: Dondozo|Liquidation|p1a: Samurott\n|-resisted|p1a: Samurott\n|-damage|p1a: Samurott|45\/100\n|\n|upkeep\n|turn|18\n|\n|t:|1700857219\n|move|p1a: Samurott|Aqua Cutter|p2a: Dondozo\n|-damage|p2a: Dondozo|68\/100\n|move|p2a: Dondozo|Liquidation|p1a: Samurott\n|-resisted|p1a: Samurott\n|-damage|p1a: Samurott|0 fnt\n|faint|p1a: Samurott\n|\n|upkeep\n|\n|t:|1700857224\n|switch|p1a: Ceruledge|Ceruledge, M|77\/100\n|turn|19\n|\n|t:|1700857231\n|move|p1a: Ceruledge|Bitter Blade|p2a: Dondozo\n|-damage|p2a: Dondozo|61\/100\n|-heal|p1a: Ceruledge|83\/100|[from] drain|[of] p2a: Dondozo\n|move|p2a: Dondozo|Curse|p2a: Dondozo\n|-unboost|p2a: Dondozo|spe|1\n|-boost|p2a: Dondozo|atk|1\n|-boost|p2a: Dondozo|def|1\n|\n|upkeep\n|turn|20\n|\n|t:|1700857237\n|move|p1a: Ceruledge|Destiny Bond|p1a: Ceruledge\n|-singlemove|p1a: Ceruledge|Destiny Bond\n|move|p2a: Dondozo|Curse|p2a: Dondozo\n|-unboost|p2a: Dondozo|spe|1\n|-boost|p2a: Dondozo|atk|1\n|-boost|p2a: Dondozo|def|1\n|\n|upkeep\n|turn|21\n|\n|t:|1700857244\n|move|p1a: Ceruledge|Bitter Blade|p2a: Dondozo\n|-damage|p2a: Dondozo|56\/100\n|-heal|p1a: Ceruledge|88\/100|[from] drain|[of] p2a: Dondozo\n|move|p2a: Dondozo|Liquidation|p1a: Ceruledge\n|-supereffective|p1a: Ceruledge\n|-damage|p1a: Ceruledge|0 fnt\n|faint|p1a: Ceruledge\n|\n|upkeep\n|\n|t:|1700857256\n|switch|p1a: Zamazenta|Zamazenta|100\/100\n|-ability|p1a: Zamazenta|Dauntless Shield|boost\n|-boost|p1a: Zamazenta|def|1\n|turn|22\n|\n|t:|1700857259\n|move|p1a: Zamazenta|Heavy Slam|p2a: Dondozo\n|-supereffective|p2a: Dondozo\n|-damage|p2a: Dondozo|52\/100\n|move|p2a: Dondozo|Liquidation|p1a: Zamazenta\n|-damage|p1a: Zamazenta|12\/100\n|\n|-heal|p1a: Zamazenta|18\/100|[from] item: Leftovers\n|upkeep\n|turn|23\n|\n|t:|1700857263\n|move|p1a: Zamazenta|Heavy Slam|p2a: Dondozo\n|-supereffective|p2a: Dondozo\n|-damage|p2a: Dondozo|49\/100\n|move|p2a: Dondozo|Liquidation|p1a: Zamazenta\n|-damage|p1a: Zamazenta|0 fnt\n|faint|p1a: Zamazenta\n|\n|upkeep\n|-message|Arnaenaed \u223e forfeited.\n|\n|win|Mr.Shadowdusk\n|l|\u2606Arnaenaed \u223e\n","uploadtime":1700857274,"views":2,"p1id":"arnaenaed","p2id":"mrshadowdusk","formatid":"gen9ou","rating":0,"private":0,"password":""}