{"id":"gen9ou-1992614671","p1":"bbonsoir29","p2":"Vigilante V8","format":"[Gen 9] OU","log":"|j|\u2606bbonsoir29\n|j|\u2606Vigilante V8\n|t:|1700215014\n|gametype|singles\n|player|p1|bbonsoir29|skier|1541\n|player|p2|Vigilante V8|1|1573\n|teamsize|p1|6\n|teamsize|p2|6\n|gen|9\n|tier|[Gen 9] OU\n|rated|\n|rule|Sleep Clause Mod: Limit one foe put to sleep\n|rule|Species Clause: Limit one of each Pok\u00e9mon\n|rule|OHKO Clause: OHKO moves are banned\n|rule|Evasion Items Clause: Evasion items are banned\n|rule|Evasion Moves Clause: Evasion moves are banned\n|rule|Endless Battle Clause: Forcing endless battles is banned\n|rule|HP Percentage Mod: HP is shown in percentages\n|clearpoke\n|poke|p1|Cinderace, F|\n|poke|p1|Samurott-Hisui, M|\n|poke|p1|Amoonguss, M|\n|poke|p1|Landorus-Therian, M|\n|poke|p1|Kingambit, F|\n|poke|p1|Iron Valiant|\n|poke|p2|Gholdengo|\n|poke|p2|Iron Valiant|\n|poke|p2|Alomomola, M|\n|poke|p2|Ting-Lu|\n|poke|p2|Zapdos|\n|poke|p2|Clodsire, M|\n|teampreview\n|inactive|Battle timer is ON: inactive players will automatically lose when time's up. (requested by bbonsoir29)\n|\n|t:|1700215022\n|start\n|switch|p1a: Landorus|Landorus-Therian, M|100\/100\n|switch|p2a: Ting-Lu|Ting-Lu|100\/100\n|-ability|p1a: Landorus|Intimidate|boost\n|-unboost|p2a: Ting-Lu|atk|1\n|-ability|p2a: Ting-Lu|Vessel of Ruin\n|turn|1\n|\n|t:|1700215026\n|move|p1a: Landorus|U-turn|p2a: Ting-Lu\n|-supereffective|p2a: Ting-Lu\n|-damage|p2a: Ting-Lu|76\/100\n|\n|t:|1700215030\n|switch|p1a: Samurott|Samurott-Hisui, M|100\/100|[from] U-turn\n|move|p2a: Ting-Lu|Stealth Rock|p1a: Samurott\n|-sidestart|p1: bbonsoir29|move: Stealth Rock\n|\n|upkeep\n|turn|2\n|\n|t:|1700215035\n|move|p1a: Samurott|Knock Off|p2a: Ting-Lu\n|-resisted|p2a: Ting-Lu\n|-damage|p2a: Ting-Lu|61\/100\n|-enditem|p2a: Ting-Lu|Heavy-Duty Boots|[from] move: Knock Off|[of] p1a: Samurott\n|move|p2a: Ting-Lu|Spikes|p1a: Samurott\n|-sidestart|p1: bbonsoir29|Spikes\n|\n|upkeep\n|turn|3\n|\n|t:|1700215042\n|switch|p1a: Landorus|Landorus-Therian, M|100\/100\n|-damage|p1a: Landorus|88\/100|[from] Stealth Rock\n|-ability|p1a: Landorus|Intimidate|boost\n|-unboost|p2a: Ting-Lu|atk|1\n|move|p2a: Ting-Lu|Spikes|p1a: Landorus\n|-sidestart|p1: bbonsoir29|Spikes\n|\n|upkeep\n|turn|4\n|\n|t:|1700215048\n|move|p1a: Landorus|U-turn|p2a: Ting-Lu\n|-supereffective|p2a: Ting-Lu\n|-damage|p2a: Ting-Lu|35\/100\n|\n|t:|1700215050\n|switch|p1a: Cinderace|Cinderace, F|100\/100|[from] U-turn\n|move|p2a: Ting-Lu|Spikes|p1a: Cinderace\n|-sidestart|p1: bbonsoir29|Spikes\n|\n|upkeep\n|turn|5\n|\n|t:|1700215055\n|move|p1a: Cinderace|Court Change|p1a: Cinderace\n|-start|p1a: Cinderace|typechange|Normal|[from] ability: Libero\n|-swapsideconditions\n|-activate|p1a: Cinderace|move: Court Change\n|move|p2a: Ting-Lu|Stealth Rock|p1a: Cinderace\n|-sidestart|p1: bbonsoir29|move: Stealth Rock\n|\n|upkeep\n|turn|6\n|\n|t:|1700215058\n|move|p1a: Cinderace|U-turn|p2a: Ting-Lu\n|-supereffective|p2a: Ting-Lu\n|-damage|p2a: Ting-Lu|12\/100\n|\n|t:|1700215065\n|switch|p1a: Amoonguss|Amoonguss, M|100\/100|[from] U-turn\n|-damage|p1a: Amoonguss|88\/100|[from] Stealth Rock\n|move|p2a: Ting-Lu|Spikes|p1a: Amoonguss\n|-sidestart|p1: bbonsoir29|Spikes\n|\n|-heal|p1a: Amoonguss|94\/100|[from] item: Leftovers\n|upkeep\n|turn|7\n|\n|t:|1700215069\n|move|p2a: Ting-Lu|Spikes|p1a: Amoonguss\n|-sidestart|p1: bbonsoir29|Spikes\n|move|p1a: Amoonguss|Giga Drain|p2a: Ting-Lu\n|-supereffective|p2a: Ting-Lu\n|-damage|p2a: Ting-Lu|0 fnt\n|-heal|p1a: Amoonguss|100\/100|[from] drain|[of] p2a: Ting-Lu\n|faint|p2a: Ting-Lu\n|\n|upkeep\n|\n|t:|1700215077\n|switch|p2a: Gholdengo|Gholdengo|100\/100\n|turn|8\n|\n|t:|1700215081\n|switch|p1a: Samurott|Samurott-Hisui, M|100\/100\n|-damage|p1a: Samurott|88\/100|[from] Stealth Rock\n|-damage|p1a: Samurott|72\/100|[from] Spikes\n|move|p2a: Gholdengo|Nasty Plot|p2a: Gholdengo\n|-boost|p2a: Gholdengo|spa|2\n|\n|upkeep\n|turn|9\n|\n|t:|1700215089\n|-terastallize|p2a: Gholdengo|Fairy\n|move|p1a: Samurott|Ceaseless Edge|p2a: Gholdengo\n|-resisted|p2a: Gholdengo\n|-damage|p2a: Gholdengo|66\/100\n|move|p2a: Gholdengo|Make It Rain|p1a: Samurott\n|-resisted|p1a: Samurott\n|-damage|p1a: Samurott|0 fnt\n|-unboost|p2a: Gholdengo|spa|1\n|faint|p1a: Samurott\n|\n|upkeep\n|\n|t:|1700215098\n|switch|p1a: Cinderace|Cinderace, F|100\/100\n|turn|10\n|\n|t:|1700215102\n|move|p1a: Cinderace|Pyro Ball|p2a: Gholdengo\n|-damage|p2a: Gholdengo|7\/100\n|move|p2a: Gholdengo|Shadow Ball|p1a: Cinderace\n|-damage|p1a: Cinderace|9\/100\n|\n|upkeep\n|turn|11\n|\n|t:|1700215109\n|switch|p2a: Alomomola|Alomomola, M|100\/100\n|move|p1a: Cinderace|Pyro Ball|p2a: Alomomola\n|-resisted|p2a: Alomomola\n|-damage|p2a: Alomomola|86\/100\n|\n|upkeep\n|turn|12\n|\n|t:|1700215115\n|move|p1a: Cinderace|U-turn|p2a: Alomomola\n|-start|p1a: Cinderace|typechange|Bug|[from] ability: Libero\n|-damage|p2a: Alomomola|68\/100\n|\n|t:|1700215122\n|switch|p1a: Kingambit|Kingambit, F|100\/100|[from] U-turn\n|-damage|p1a: Kingambit|94\/100|[from] Stealth Rock\n|-damage|p1a: Kingambit|78\/100|[from] Spikes\n|-activate|p1a: Kingambit|ability: Supreme Overlord\n|-start|p1a: Kingambit|fallen1|[silent]\n|move|p2a: Alomomola|Wish|p2a: Alomomola\n|\n|-heal|p1a: Kingambit|84\/100|[from] item: Leftovers\n|upkeep\n|turn|13\n|\n|t:|1700215131\n|move|p1a: Kingambit|Kowtow Cleave|p2a: Alomomola\n|-damage|p2a: Alomomola|38\/100\n|move|p2a: Alomomola|Flip Turn|p1a: Kingambit\n|-damage|p1a: Kingambit|71\/100\n|\n|t:|1700215136\n|switch|p2a: Gholdengo|Gholdengo, tera:Fairy|7\/100|[from] Flip Turn\n|\n|-heal|p2a: Gholdengo|82\/100|[from] move: Wish|[wisher] Alomomola\n|-heal|p1a: Kingambit|78\/100|[from] item: Leftovers\n|upkeep\n|turn|14\n|\n|t:|1700215143\n|switch|p2a: Iron Valiant|Iron Valiant|100\/100\n|-end|p1a: Kingambit|fallen1|[silent]\n|switch|p1a: Amoonguss|Amoonguss, M|100\/100\n|-damage|p1a: Amoonguss|88\/100|[from] Stealth Rock\n|-damage|p1a: Amoonguss|71\/100|[from] Spikes\n|\n|-heal|p1a: Amoonguss|78\/100|[from] item: Leftovers\n|upkeep\n|turn|15\n|\n|t:|1700215149\n|-end|p2a: Iron Valiant|Quark Drive|[silent]\n|switch|p2a: Gholdengo|Gholdengo, tera:Fairy|82\/100\n|move|p1a: Amoonguss|Sludge Bomb|p2a: Gholdengo\n|-supereffective|p2a: Gholdengo\n|-damage|p2a: Gholdengo|28\/100\n|-status|p2a: Gholdengo|psn\n|\n|-heal|p1a: Amoonguss|84\/100|[from] item: Leftovers\n|-damage|p2a: Gholdengo|16\/100 psn|[from] psn\n|upkeep\n|turn|16\n|\n|t:|1700215156\n|move|p2a: Gholdengo|Make It Rain|p1a: Amoonguss\n|-damage|p1a: Amoonguss|14\/100\n|-unboost|p2a: Gholdengo|spa|1\n|move|p1a: Amoonguss|Sludge Bomb|p2a: Gholdengo\n|-supereffective|p2a: Gholdengo\n|-damage|p2a: Gholdengo|0 fnt\n|faint|p2a: Gholdengo\n|\n|-heal|p1a: Amoonguss|21\/100|[from] item: Leftovers\n|upkeep\n|\n|t:|1700215158\n|switch|p2a: Iron Valiant|Iron Valiant|100\/100\n|turn|17\n|\n|t:|1700215174\n|switch|p1a: Kingambit|Kingambit, F|78\/100\n|-damage|p1a: Kingambit|71\/100|[from] Stealth Rock\n|-damage|p1a: Kingambit|55\/100|[from] Spikes\n|-activate|p1a: Kingambit|ability: Supreme Overlord\n|-start|p1a: Kingambit|fallen1|[silent]\n|move|p2a: Iron Valiant|Knock Off|p1a: Kingambit\n|-resisted|p1a: Kingambit\n|-damage|p1a: Kingambit|41\/100\n|-enditem|p1a: Kingambit|Leftovers|[from] move: Knock Off|[of] p2a: Iron Valiant\n|\n|upkeep\n|turn|18\n|\n|t:|1700215181\n|move|p2a: Iron Valiant|Close Combat|p1a: Kingambit\n|-supereffective|p1a: Kingambit\n|-damage|p1a: Kingambit|0 fnt\n|-unboost|p2a: Iron Valiant|def|1\n|-unboost|p2a: Iron Valiant|spd|1\n|faint|p1a: Kingambit\n|-end|p1a: Kingambit|fallen1|[silent]\n|\n|upkeep\n|\n|t:|1700215186\n|switch|p1a: Amoonguss|Amoonguss, M|54\/100\n|-damage|p1a: Amoonguss|41\/100|[from] Stealth Rock\n|-damage|p1a: Amoonguss|25\/100|[from] Spikes\n|turn|19\n|\n|t:|1700215191\n|move|p2a: Iron Valiant|Knock Off|p1a: Amoonguss\n|-damage|p1a: Amoonguss|3\/100\n|-enditem|p1a: Amoonguss|Leftovers|[from] move: Knock Off|[of] p2a: Iron Valiant\n|move|p1a: Amoonguss|Sludge Bomb|p2a: Iron Valiant\n|-supereffective|p2a: Iron Valiant\n|-damage|p2a: Iron Valiant|0 fnt\n|faint|p2a: Iron Valiant\n|-end|p2a: Iron Valiant|Quark Drive|[silent]\n|\n|upkeep\n|j| AFineTallk0tte\n|\n|t:|1700215197\n|switch|p2a: Zapdos|Zapdos|100\/100\n|-ability|p2a: Zapdos|Pressure\n|turn|20\n|\n|t:|1700215200\n|move|p2a: Zapdos|Heat Wave|p1a: Amoonguss\n|-supereffective|p1a: Amoonguss\n|-damage|p1a: Amoonguss|0 fnt\n|faint|p1a: Amoonguss\n|\n|upkeep\n|\n|t:|1700215203\n|switch|p1a: Cinderace|Cinderace, F|9\/100\n|turn|21\n|\n|t:|1700215209\n|switch|p2a: Alomomola|Alomomola, M|71\/100\n|move|p1a: Cinderace|Pyro Ball|p2a: Alomomola\n|-resisted|p2a: Alomomola\n|-damage|p2a: Alomomola|56\/100\n|\n|upkeep\n|turn|22\n|\n|t:|1700215212\n|move|p1a: Cinderace|U-turn|p2a: Alomomola\n|-start|p1a: Cinderace|typechange|Bug|[from] ability: Libero\n|-damage|p2a: Alomomola|36\/100\n|\n|t:|1700215215\n|switch|p1a: Iron Valiant|Iron Valiant|100\/100|[from] U-turn\n|-damage|p1a: Iron Valiant|94\/100|[from] Stealth Rock\n|-damage|p1a: Iron Valiant|78\/100|[from] Spikes\n|-enditem|p1a: Iron Valiant|Booster Energy\n|-activate|p1a: Iron Valiant|ability: Quark Drive|[fromitem]\n|-start|p1a: Iron Valiant|quarkdrivespe\n|move|p2a: Alomomola|Flip Turn|p1a: Iron Valiant\n|-damage|p1a: Iron Valiant|60\/100\n|\n|t:|1700215224\n|switch|p2a: Clodsire|Clodsire, M|100\/100|[from] Flip Turn\n|-damage|p2a: Clodsire|94\/100|[from] Stealth Rock\n|-damage|p2a: Clodsire|70\/100|[from] Spikes\n|\n|-heal|p2a: Clodsire|76\/100|[from] item: Black Sludge\n|upkeep\n|turn|23\n|\n|t:|1700215231\n|-terastallize|p1a: Iron Valiant|Ghost\n|move|p1a: Iron Valiant|Psyshock|p2a: Clodsire\n|-supereffective|p2a: Clodsire\n|-damage|p2a: Clodsire|12\/100\n|move|p2a: Clodsire|Toxic|p1a: Iron Valiant\n|-status|p1a: Iron Valiant|tox\n|\n|-heal|p2a: Clodsire|18\/100|[from] item: Black Sludge\n|-damage|p1a: Iron Valiant|53\/100 tox|[from] psn\n|upkeep\n|turn|24\n|\n|t:|1700215237\n|move|p1a: Iron Valiant|Psyshock|p2a: Clodsire\n|-supereffective|p2a: Clodsire\n|-damage|p2a: Clodsire|0 fnt\n|faint|p2a: Clodsire\n|\n|-damage|p1a: Iron Valiant|41\/100 tox|[from] psn\n|upkeep\n|\n|t:|1700215239\n|switch|p2a: Zapdos|Zapdos|100\/100\n|-ability|p2a: Zapdos|Pressure\n|turn|25\n|\n|t:|1700215244\n|move|p1a: Iron Valiant|Moonblast|p2a: Zapdos\n|-damage|p2a: Zapdos|52\/100\n|-unboost|p2a: Zapdos|spa|1\n|move|p2a: Zapdos|Volt Switch|p1a: Iron Valiant\n|-damage|p1a: Iron Valiant|9\/100 tox\n|\n|t:|1700215248\n|switch|p2a: Alomomola|Alomomola, M|69\/100|[from] Volt Switch\n|\n|-damage|p1a: Iron Valiant|0 fnt|[from] psn\n|faint|p1a: Iron Valiant\n|-end|p1a: Iron Valiant|Quark Drive|[silent]\n|upkeep\n|\n|t:|1700215253\n|switch|p1a: Cinderace|Cinderace, F|9\/100\n|turn|26\n|\n|t:|1700215259\n|move|p1a: Cinderace|U-turn|p2a: Alomomola\n|-start|p1a: Cinderace|typechange|Bug|[from] ability: Libero\n|-damage|p2a: Alomomola|52\/100\n|\n|t:|1700215261\n|switch|p1a: Landorus|Landorus-Therian, M|88\/100|[from] U-turn\n|-damage|p1a: Landorus|76\/100|[from] Stealth Rock\n|-ability|p1a: Landorus|Intimidate|boost\n|-unboost|p2a: Alomomola|atk|1\n|move|p2a: Alomomola|Wish|p2a: Alomomola\n|\n|upkeep\n|turn|27\n|\n|t:|1700215267\n|move|p1a: Landorus|Stone Edge|p2a: Alomomola\n|-damage|p2a: Alomomola|33\/100\n|move|p2a: Alomomola|Scald|p1a: Landorus\n|-supereffective|p1a: Landorus\n|-damage|p1a: Landorus|42\/100\n|\n|-heal|p2a: Alomomola|83\/100|[from] move: Wish|[wisher] Alomomola\n|upkeep\n|turn|28\n|-message|bbonsoir29 forfeited.\n|\n|win|Vigilante V8\n|raw|bbonsoir29's rating: 1541 &rarr; <strong>1523<\/strong><br \/>(-18 for losing)\n|raw|Vigilante V8's rating: 1573 &rarr; <strong>1591<\/strong><br \/>(+18 for winning)\n|l|\u2606bbonsoir29\n|l|\u2606Vigilante V8\n","uploadtime":1700215279,"views":9,"p1id":"bbonsoir29","p2id":"vigilantev8","formatid":"gen9ou","rating":1523,"private":0,"password":""}