{"id":"gen9ou-1991061785","p1":"Psyscar","p2":"CyberH3","format":"[Gen 9] OU","log":"|j|\u2606Psyscar\n|j|\u2606CyberH3\n|t:|1700036687\n|gametype|singles\n|player|p1|Psyscar|cilan|1209\n|player|p2|CyberH3|mars|1230\n|teamsize|p1|6\n|teamsize|p2|6\n|gen|9\n|tier|[Gen 9] OU\n|rated|\n|rule|Sleep Clause Mod: Limit one foe put to sleep\n|rule|Species Clause: Limit one of each Pok\u00e9mon\n|rule|OHKO Clause: OHKO moves are banned\n|rule|Evasion Items Clause: Evasion items are banned\n|rule|Evasion Moves Clause: Evasion moves are banned\n|rule|Endless Battle Clause: Forcing endless battles is banned\n|rule|HP Percentage Mod: HP is shown in percentages\n|clearpoke\n|poke|p1|Blissey, F|\n|poke|p1|Thundurus, M|\n|poke|p1|Dudunsparce-*, F|\n|poke|p1|Clefable, F|\n|poke|p1|Donphan, F|\n|poke|p1|Corviknight, F|\n|poke|p2|Goodra-Hisui, F|\n|poke|p2|Scizor, M|\n|poke|p2|Mimikyu, M|\n|poke|p2|Iron Valiant|\n|poke|p2|Talonflame, M|\n|poke|p2|Lokix, M|\n|teampreview\n|inactive|Battle timer is ON: inactive players will automatically lose when time's up. (requested by Psyscar)\n|\n|t:|1700036699\n|start\n|switch|p1a: Thundurus|Thundurus, M|100\/100\n|switch|p2a: Eat With Scissors|Scizor, M|100\/100\n|turn|1\n|\n|t:|1700036703\n|move|p1a: Thundurus|Substitute|p1a: Thundurus\n|-start|p1a: Thundurus|Substitute\n|-damage|p1a: Thundurus|75\/100\n|move|p2a: Eat With Scissors|Knock Off|p1a: Thundurus\n|-end|p1a: Thundurus|Substitute\n|-damage|p2a: Eat With Scissors|91\/100|[from] item: Life Orb\n|\n|-heal|p1a: Thundurus|81\/100|[from] item: Leftovers\n|upkeep\n|turn|2\n|\n|t:|1700036710\n|move|p1a: Thundurus|Discharge|p2a: Eat With Scissors\n|-damage|p2a: Eat With Scissors|46\/100\n|move|p2a: Eat With Scissors|Knock Off|p1a: Thundurus\n|-damage|p1a: Thundurus|2\/100\n|-enditem|p1a: Thundurus|Leftovers|[from] move: Knock Off|[of] p2a: Eat With Scissors\n|-damage|p2a: Eat With Scissors|36\/100|[from] item: Life Orb\n|\n|upkeep\n|turn|3\n|\n|t:|1700036719\n|switch|p1a: Corviknight|Corviknight, F|100\/100\n|move|p2a: Eat With Scissors|Bullet Punch|p1a: Corviknight\n|-resisted|p1a: Corviknight\n|-damage|p1a: Corviknight|88\/100\n|-damage|p2a: Eat With Scissors|19\/100|[from] item: Rocky Helmet|[of] p1a: Corviknight\n|-damage|p2a: Eat With Scissors|9\/100|[from] item: Life Orb\n|\n|upkeep\n|turn|4\n|\n|t:|1700036730\n|switch|p1a: Donphan|Donphan, F|100\/100\n|move|p2a: Eat With Scissors|Bullet Punch|p1a: Donphan\n|-damage|p1a: Donphan|77\/100\n|-damage|p2a: Eat With Scissors|0 fnt|[from] item: Rocky Helmet|[of] p1a: Donphan\n|faint|p2a: Eat With Scissors\n|\n|upkeep\n|\n|t:|1700036736\n|switch|p2a: The XO|Talonflame, M|100\/100\n|turn|5\n|\n|t:|1700036741\n|move|p2a: The XO|Will-O-Wisp|p1a: Donphan\n|-status|p1a: Donphan|brn\n|move|p1a: Donphan|Stealth Rock|p2a: The XO\n|-sidestart|p2: CyberH3|move: Stealth Rock\n|\n|-damage|p1a: Donphan|71\/100 brn|[from] brn\n|upkeep\n|turn|6\n|\n|t:|1700036748\n|switch|p1a: Thundurus|Thundurus, M|2\/100\n|move|p2a: The XO|Brave Bird|p1a: Thundurus\n|-resisted|p1a: Thundurus\n|-damage|p1a: Thundurus|0 fnt\n|faint|p1a: Thundurus\n|-damage|p2a: The XO|99\/100|[from] Recoil\n|\n|-heal|p2a: The XO|100\/100|[from] item: Leftovers\n|upkeep\n|\n|t:|1700036762\n|switch|p1a: Dudunsparce|Dudunsparce, F|100\/100\n|turn|7\n|\n|t:|1700036771\n|move|p2a: The XO|Taunt|p1a: Dudunsparce\n|-start|p1a: Dudunsparce|move: Taunt\n|move|p1a: Dudunsparce|Body Slam|p2a: The XO\n|-damage|p2a: The XO|43\/100\n|\n|-heal|p2a: The XO|49\/100|[from] item: Leftovers\n|upkeep\n|turn|8\n|\n|t:|1700036779\n|switch|p1a: Donphan|Donphan, F|71\/100 brn\n|move|p2a: The XO|Will-O-Wisp|p1a: Donphan\n|-fail|p1a: Donphan|brn\n|\n|-heal|p2a: The XO|55\/100|[from] item: Leftovers\n|-damage|p1a: Donphan|65\/100 brn|[from] brn\n|upkeep\n|turn|9\n|\n|t:|1700036786\n|switch|p1a: Dudunsparce|Dudunsparce, F|100\/100\n|move|p2a: The XO|Flare Blitz|p1a: Dudunsparce\n|-damage|p1a: Dudunsparce|59\/100\n|-damage|p2a: The XO|34\/100|[from] Recoil\n|\n|-heal|p2a: The XO|40\/100|[from] item: Leftovers\n|-heal|p1a: Dudunsparce|65\/100|[from] item: Leftovers\n|upkeep\n|turn|10\n|\n|t:|1700036798\n|switch|p1a: Donphan|Donphan, F|65\/100 brn\n|move|p2a: The XO|Brave Bird|p1a: Donphan\n|-crit|p1a: Donphan\n|-damage|p1a: Donphan|24\/100 brn\n|-damage|p2a: The XO|23\/100|[from] item: Rocky Helmet|[of] p1a: Donphan\n|-damage|p2a: The XO|6\/100|[from] Recoil\n|\n|-heal|p2a: The XO|12\/100|[from] item: Leftovers\n|-damage|p1a: Donphan|18\/100 brn|[from] brn\n|upkeep\n|turn|11\n|\n|t:|1700036806\n|move|p1a: Donphan|Ice Shard|p2a: The XO\n|-damage|p2a: The XO|4\/100\n|move|p2a: The XO|Flare Blitz|p1a: Donphan\n|-crit|p1a: Donphan\n|-damage|p1a: Donphan|0 fnt\n|-damage|p2a: The XO|0 fnt|[from] item: Rocky Helmet|[of] p1a: Donphan\n|faint|p1a: Donphan\n|faint|p2a: The XO\n|\n|upkeep\n|\n|t:|1700036817\n|switch|p2a: Morf LeRosh|Lokix, M|100\/100\n|switch|p1a: Dudunsparce|Dudunsparce, F|65\/100\n|-damage|p2a: Morf LeRosh|76\/100|[from] Stealth Rock\n|turn|12\n|\n|t:|1700036824\n|move|p2a: Morf LeRosh|Axe Kick|p1a: Dudunsparce\n|-supereffective|p1a: Dudunsparce\n|-crit|p1a: Dudunsparce\n|-damage|p1a: Dudunsparce|0 fnt\n|faint|p1a: Dudunsparce\n|-damage|p2a: Morf LeRosh|66\/100|[from] item: Life Orb\n|\n|upkeep\n|\n|t:|1700036836\n|switch|p1a: Clefable|Clefable, F|100\/100\n|turn|13\n|\n|t:|1700036840\n|move|p2a: Morf LeRosh|U-turn|p1a: Clefable\n|-resisted|p1a: Clefable\n|-damage|p1a: Clefable|60\/100\n|-damage|p2a: Morf LeRosh|56\/100|[from] item: Life Orb\n|\n|t:|1700036844\n|switch|p2a: Snailtare|Goodra-Hisui, F|100\/100|[from] U-turn\n|-damage|p2a: Snailtare|94\/100|[from] Stealth Rock\n|move|p1a: Clefable|Cosmic Power|p1a: Clefable\n|-boost|p1a: Clefable|def|1\n|-boost|p1a: Clefable|spd|1\n|\n|-heal|p2a: Snailtare|100\/100|[from] item: Leftovers\n|-status|p1a: Clefable|brn|[from] item: Flame Orb\n|upkeep\n|turn|14\n|\n|t:|1700036856\n|move|p2a: Snailtare|Hydro Pump|p1a: Clefable\n|-damage|p1a: Clefable|41\/100 brn\n|move|p1a: Clefable|Cosmic Power|p1a: Clefable\n|-boost|p1a: Clefable|def|1\n|-boost|p1a: Clefable|spd|1\n|\n|-damage|p1a: Clefable|35\/100 brn|[from] brn\n|upkeep\n|turn|15\n|\n|t:|1700036862\n|switch|p2a: R-TRUS|Iron Valiant|100\/100\n|-damage|p2a: R-TRUS|94\/100|[from] Stealth Rock\n|-enditem|p2a: R-TRUS|Booster Energy\n|-activate|p2a: R-TRUS|ability: Quark Drive|[fromitem]\n|-start|p2a: R-TRUS|quarkdrivespe\n|move|p1a: Clefable|Moonlight|p1a: Clefable\n|-heal|p1a: Clefable|85\/100 brn\n|\n|-damage|p1a: Clefable|79\/100 brn|[from] brn\n|upkeep\n|turn|16\n|\n|t:|1700036873\n|move|p2a: R-TRUS|Encore|p1a: Clefable\n|-start|p1a: Clefable|Encore\n|move|p1a: Clefable|Moonlight|p1a: Clefable\n|-heal|p1a: Clefable|100\/100 brn\n|\n|-damage|p1a: Clefable|94\/100 brn|[from] brn\n|upkeep\n|turn|17\n|\n|t:|1700036882\n|switch|p1a: Blissey|Blissey, F|100\/100\n|move|p2a: R-TRUS|Shadow Ball|p1a: Blissey\n|-immune|p1a: Blissey\n|\n|upkeep\n|turn|18\n|-message|Psyscar forfeited.\n|\n|win|CyberH3\n|raw|Psyscar's rating: 1209 &rarr; <strong>1186<\/strong><br \/>(-23 for losing)\n|raw|CyberH3's rating: 1230 &rarr; <strong>1253<\/strong><br \/>(+23 for winning)\n|l|\u2606Psyscar\n","uploadtime":1700036888,"views":12,"p1id":"psyscar","p2id":"cyberh3","formatid":"gen9ou","rating":1186,"private":0,"password":""}