{"id":"gen9ou-1994372664","p1":"georgiethefirst","p2":"Ottonaut","format":"[Gen 9] OU","log":"|j|\u2606georgiethefirst\n|j|\u2606Ottonaut\n|t:|1700436442\n|gametype|singles\n|player|p1|georgiethefirst|hiker-gen2|1579\n|player|p2|Ottonaut|2|1650\n|teamsize|p1|6\n|teamsize|p2|6\n|gen|9\n|tier|[Gen 9] OU\n|rated|\n|rule|Sleep Clause Mod: Limit one foe put to sleep\n|rule|Species Clause: Limit one of each Pok\u00e9mon\n|rule|OHKO Clause: OHKO moves are banned\n|rule|Evasion Items Clause: Evasion items are banned\n|rule|Evasion Moves Clause: Evasion moves are banned\n|rule|Endless Battle Clause: Forcing endless battles is banned\n|rule|HP Percentage Mod: HP is shown in percentages\n|clearpoke\n|poke|p1|Heatran, M|\n|poke|p1|Dragonite, M|\n|poke|p1|Rillaboom, F|\n|poke|p1|Great Tusk|\n|poke|p1|Garganacl, F|\n|poke|p1|Gholdengo|\n|poke|p2|Kingambit, M|\n|poke|p2|Ribombee, F|\n|poke|p2|Gholdengo|\n|poke|p2|Iron Moth|\n|poke|p2|Ogerpon-Wellspring, F|\n|poke|p2|Manaphy|\n|teampreview\n|inactive|Battle timer is ON: inactive players will automatically lose when time's up. (requested by Ottonaut)\n|\n|t:|1700436453\n|start\n|switch|p1a: Garganacl|Garganacl, F|100\/100\n|switch|p2a: Ribombee|Ribombee, F, shiny|100\/100\n|turn|1\n|j| Meelll0\n|\n|t:|1700436461\n|move|p2a: Ribombee|Sticky Web|p1a: Garganacl\n|-sidestart|p1: georgiethefirst|move: Sticky Web\n|move|p1a: Garganacl|Salt Cure|p2a: Ribombee\n|-supereffective|p2a: Ribombee\n|-damage|p2a: Ribombee|43\/100\n|\n|upkeep\n|turn|2\n|\n|t:|1700436485\n|move|p2a: Ribombee|Moonblast|p1a: Garganacl\n|-damage|p1a: Garganacl|75\/100\n|move|p1a: Garganacl|Stealth Rock|p2a: Ribombee\n|-sidestart|p2: Ottonaut|move: Stealth Rock\n|\n|-heal|p1a: Garganacl|81\/100|[from] item: Leftovers\n|upkeep\n|turn|3\n|\n|t:|1700436492\n|move|p2a: Ribombee|Moonblast|p1a: Garganacl\n|-damage|p1a: Garganacl|55\/100\n|move|p1a: Garganacl|Salt Cure|p2a: Ribombee\n|-supereffective|p2a: Ribombee\n|-damage|p2a: Ribombee|0 fnt\n|faint|p2a: Ribombee\n|\n|-heal|p1a: Garganacl|62\/100|[from] item: Leftovers\n|upkeep\n|j| 0Phux\n|\n|t:|1700436501\n|switch|p2a: Manaphy|Manaphy|100\/100\n|-damage|p2a: Manaphy|88\/100|[from] Stealth Rock\n|turn|4\n|\n|t:|1700436505\n|-terastallize|p2a: Manaphy|Dragon\n|move|p2a: Manaphy|Acid Armor|p2a: Manaphy\n|-boost|p2a: Manaphy|def|2\n|move|p1a: Garganacl|Salt Cure|p2a: Manaphy\n|-damage|p2a: Manaphy|82\/100\n|-start|p2a: Manaphy|Salt Cure\n|\n|-heal|p2a: Manaphy|88\/100|[from] item: Leftovers\n|-heal|p1a: Garganacl|68\/100|[from] item: Leftovers\n|-damage|p2a: Manaphy|76\/100|[from] Salt Cure\n|upkeep\n|turn|5\n|\n|t:|1700436510\n|switch|p1a: Gholdengo|Gholdengo|100\/100\n|-item|p1a: Gholdengo|Air Balloon\n|move|p2a: Manaphy|Acid Armor|p2a: Manaphy\n|-boost|p2a: Manaphy|def|2\n|\n|-heal|p2a: Manaphy|82\/100|[from] item: Leftovers\n|-damage|p2a: Manaphy|70\/100|[from] Salt Cure\n|upkeep\n|turn|6\n|\n|t:|1700436513\n|move|p2a: Manaphy|Take Heart|p2a: Manaphy\n|-boost|p2a: Manaphy|spa|1\n|-boost|p2a: Manaphy|spd|1\n|move|p1a: Gholdengo|Nasty Plot|p1a: Gholdengo\n|-boost|p1a: Gholdengo|spa|2\n|\n|-heal|p2a: Manaphy|76\/100|[from] item: Leftovers\n|-damage|p2a: Manaphy|63\/100|[from] Salt Cure\n|upkeep\n|turn|7\n|\n|t:|1700436517\n|move|p2a: Manaphy|Take Heart|p2a: Manaphy\n|-boost|p2a: Manaphy|spa|1\n|-boost|p2a: Manaphy|spd|1\n|move|p1a: Gholdengo|Make It Rain|p2a: Manaphy\n|-damage|p2a: Manaphy|21\/100\n|-unboost|p1a: Gholdengo|spa|1\n|\n|-heal|p2a: Manaphy|27\/100|[from] item: Leftovers\n|-damage|p2a: Manaphy|15\/100|[from] Salt Cure\n|upkeep\n|turn|8\n|\n|t:|1700436520\n|move|p2a: Manaphy|Stored Power|p1a: Gholdengo\n|-resisted|p1a: Gholdengo\n|-damage|p1a: Gholdengo|62\/100\n|-enditem|p1a: Gholdengo|Air Balloon\n|move|p1a: Gholdengo|Nasty Plot|p1a: Gholdengo\n|-boost|p1a: Gholdengo|spa|2\n|\n|-heal|p2a: Manaphy|21\/100|[from] item: Leftovers\n|-damage|p2a: Manaphy|9\/100|[from] Salt Cure\n|upkeep\n|turn|9\n|\n|t:|1700436523\n|move|p2a: Manaphy|Scald|p1a: Gholdengo\n|-damage|p1a: Gholdengo|7\/100\n|move|p1a: Gholdengo|Recover|p1a: Gholdengo\n|-heal|p1a: Gholdengo|57\/100\n|\n|-heal|p2a: Manaphy|15\/100|[from] item: Leftovers\n|-damage|p2a: Manaphy|2\/100|[from] Salt Cure\n|upkeep\n|turn|10\n|\n|t:|1700436528\n|move|p2a: Manaphy|Scald|p1a: Gholdengo\n|-damage|p1a: Gholdengo|7\/100\n|move|p1a: Gholdengo|Recover|p1a: Gholdengo\n|-heal|p1a: Gholdengo|57\/100\n|\n|-heal|p2a: Manaphy|9\/100|[from] item: Leftovers\n|-damage|p2a: Manaphy|0 fnt|[from] Salt Cure\n|faint|p2a: Manaphy\n|upkeep\n|-message|Ottonaut forfeited.\n|\n|win|georgiethefirst\n|raw|georgiethefirst's rating: 1556 &rarr; <strong>1581<\/strong><br \/>(+25 for winning)\n|raw|Ottonaut's rating: 1650 &rarr; <strong>1625<\/strong><br \/>(-25 for losing)\n|l|\u2606Ottonaut\n","uploadtime":1700436545,"views":11,"p1id":"georgiethefirst","p2id":"ottonaut","formatid":"gen9ou","rating":1581,"private":0,"password":""}