{"id":"gen9ou-1996141085","p1":"sorrow132","p2":"Niknak841","format":"[Gen 9] OU","log":"|j|\u2606sorrow132\n|j|\u2606Niknak841\n|t:|1700650323\n|gametype|singles\n|player|p1|sorrow132|red|1647\n|player|p2|Niknak841|elesa|1877\n|teamsize|p1|6\n|teamsize|p2|6\n|gen|9\n|tier|[Gen 9] OU\n|rated|\n|rule|Sleep Clause Mod: Limit one foe put to sleep\n|rule|Species Clause: Limit one of each Pok\u00e9mon\n|rule|OHKO Clause: OHKO moves are banned\n|rule|Evasion Items Clause: Evasion items are banned\n|rule|Evasion Moves Clause: Evasion moves are banned\n|rule|Endless Battle Clause: Forcing endless battles is banned\n|rule|HP Percentage Mod: HP is shown in percentages\n|clearpoke\n|poke|p1|Rillaboom, F|\n|poke|p1|Clefable, M|\n|poke|p1|Weezing-Galar, M|\n|poke|p1|Blissey, F|\n|poke|p1|Moltres|\n|poke|p1|Clodsire, F|\n|poke|p2|Ribombee, F|\n|poke|p2|Gholdengo|\n|poke|p2|Manaphy|\n|poke|p2|Dragapult, F|\n|poke|p2|Iron Moth|\n|poke|p2|Great Tusk|\n|teampreview\n|inactive|Battle timer is ON: inactive players will automatically lose when time's up. (requested by Niknak841)\n|\n|t:|1700650340\n|start\n|switch|p1a: Clefable|Clefable, M, shiny|100\/100\n|switch|p2a: Iron Moth|Iron Moth|100\/100\n|-enditem|p2a: Iron Moth|Booster Energy\n|-activate|p2a: Iron Moth|ability: Quark Drive|[fromitem]\n|-start|p2a: Iron Moth|quarkdrivespa\n|turn|1\n|\n|t:|1700650348\n|switch|p1a: Clodsire|Clodsire, F, shiny|100\/100\n|move|p2a: Iron Moth|Fiery Dance|p1a: Clodsire\n|-damage|p1a: Clodsire|61\/100\n|\n|-heal|p1a: Clodsire|67\/100|[from] item: Leftovers\n|upkeep\n|turn|2\n|\n|t:|1700650358\n|switch|p1a: Blissey|Blissey, F, shiny|100\/100\n|move|p2a: Iron Moth|Psychic|p1a: Blissey\n|-damage|p1a: Blissey|89\/100\n|\n|-heal|p1a: Blissey|95\/100|[from] item: Leftovers\n|upkeep\n|turn|3\n|\n|t:|1700650363\n|move|p2a: Iron Moth|Fiery Dance|p1a: Blissey\n|-damage|p1a: Blissey|78\/100\n|move|p1a: Blissey|Seismic Toss|p2a: Iron Moth\n|-damage|p2a: Iron Moth|67\/100\n|\n|-heal|p1a: Blissey|84\/100|[from] item: Leftovers\n|upkeep\n|turn|4\n|\n|t:|1700650368\n|move|p2a: Iron Moth|Fiery Dance|p1a: Blissey\n|-damage|p1a: Blissey|69\/100\n|move|p1a: Blissey|Flamethrower|p2a: Iron Moth\n|-resisted|p2a: Iron Moth\n|-damage|p2a: Iron Moth|59\/100\n|\n|-heal|p1a: Blissey|75\/100|[from] item: Leftovers\n|upkeep\n|turn|5\n|\n|t:|1700650371\n|move|p2a: Iron Moth|Fiery Dance|p1a: Blissey\n|-damage|p1a: Blissey|59\/100\n|-boost|p2a: Iron Moth|spa|1\n|move|p1a: Blissey|Seismic Toss|p2a: Iron Moth\n|-damage|p2a: Iron Moth|26\/100\n|\n|-heal|p1a: Blissey|65\/100|[from] item: Leftovers\n|upkeep\n|turn|6\n|\n|t:|1700650376\n|-end|p2a: Iron Moth|Quark Drive|[silent]\n|switch|p2a: Dragapult|Dragapult, F|100\/100\n|move|p1a: Blissey|Soft-Boiled|p1a: Blissey\n|-heal|p1a: Blissey|100\/100\n|\n|upkeep\n|turn|7\n|\n|t:|1700650382\n|switch|p2a: Manaphy|Manaphy|100\/100\n|switch|p1a: Clefable|Clefable, M, shiny|100\/100\n|\n|upkeep\n|turn|8\n|\n|t:|1700650389\n|move|p2a: Manaphy|Take Heart|p2a: Manaphy\n|-boost|p2a: Manaphy|spa|1\n|-boost|p2a: Manaphy|spd|1\n|move|p1a: Clefable|Knock Off|p2a: Manaphy\n|-damage|p2a: Manaphy|86\/100\n|-enditem|p2a: Manaphy|Leftovers|[from] move: Knock Off|[of] p1a: Clefable\n|\n|upkeep\n|turn|9\n|\n|t:|1700650399\n|move|p2a: Manaphy|Acid Armor|p2a: Manaphy\n|-boost|p2a: Manaphy|def|2\n|move|p1a: Clefable|Moonblast|p2a: Manaphy\n|-damage|p2a: Manaphy|67\/100\n|-unboost|p2a: Manaphy|spa|1\n|\n|upkeep\n|turn|10\n|\n|t:|1700650408\n|switch|p1a: Blissey|Blissey, F, shiny|100\/100\n|-terastallize|p2a: Manaphy|Poison\n|move|p2a: Manaphy|Take Heart|p2a: Manaphy\n|-boost|p2a: Manaphy|spa|1\n|-boost|p2a: Manaphy|spd|1\n|\n|upkeep\n|turn|11\n|j| mew852\n|\n|t:|1700650419\n|move|p2a: Manaphy|Take Heart|p2a: Manaphy\n|-boost|p2a: Manaphy|spa|1\n|-boost|p2a: Manaphy|spd|1\n|move|p1a: Blissey|Seismic Toss|p2a: Manaphy\n|-damage|p2a: Manaphy|42\/100\n|\n|upkeep\n|turn|12\n|\n|t:|1700650421\n|move|p2a: Manaphy|Stored Power|p1a: Blissey\n|-damage|p1a: Blissey|74\/100\n|move|p1a: Blissey|Seismic Toss|p2a: Manaphy\n|-damage|p2a: Manaphy|16\/100\n|\n|-heal|p1a: Blissey|81\/100|[from] item: Leftovers\n|upkeep\n|turn|13\n|\n|t:|1700650424\n|move|p2a: Manaphy|Stored Power|p1a: Blissey\n|-damage|p1a: Blissey|52\/100\n|move|p1a: Blissey|Seismic Toss|p2a: Manaphy\n|-damage|p2a: Manaphy|0 fnt\n|faint|p2a: Manaphy\n|\n|-heal|p1a: Blissey|58\/100|[from] item: Leftovers\n|upkeep\n|\n|t:|1700650427\n|switch|p2a: Great Tusk|Great Tusk|100\/100\n|-enditem|p2a: Great Tusk|Booster Energy\n|-activate|p2a: Great Tusk|ability: Protosynthesis|[fromitem]\n|-start|p2a: Great Tusk|protosynthesisatk\n|turn|14\n|\n|t:|1700650432\n|switch|p1a: Moltres|Moltres, shiny|100\/100\n|move|p2a: Great Tusk|Bulk Up|p2a: Great Tusk\n|-boost|p2a: Great Tusk|atk|1\n|-boost|p2a: Great Tusk|def|1\n|\n|upkeep\n|turn|15\n|\n|t:|1700650436\n|move|p2a: Great Tusk|Ice Spinner|p1a: Moltres\n|-crit|p1a: Moltres\n|-damage|p1a: Moltres|39\/100\n|-status|p2a: Great Tusk|brn|[from] ability: Flame Body|[of] p1a: Moltres\n|move|p1a: Moltres|Will-O-Wisp|p2a: Great Tusk\n|-fail|p2a: Great Tusk|brn\n|\n|-damage|p2a: Great Tusk|94\/100 brn|[from] brn\n|upkeep\n|turn|16\n|\n|t:|1700650446\n|-end|p2a: Great Tusk|Protosynthesis|[silent]\n|switch|p2a: Gholdengo|Gholdengo|100\/100\n|-item|p2a: Gholdengo|Air Balloon\n|move|p1a: Moltres|Roost|p1a: Moltres\n|-heal|p1a: Moltres|89\/100\n|-singleturn|p1a: Moltres|move: Roost\n|\n|upkeep\n|turn|17\n|\n|t:|1700650451\n|switch|p1a: Rillaboom|Rillaboom, F, shiny|100\/100\n|-fieldstart|move: Grassy Terrain|[from] ability: Grassy Surge|[of] p1a: Rillaboom\n|move|p2a: Gholdengo|Nasty Plot|p2a: Gholdengo\n|-boost|p2a: Gholdengo|spa|2\n|\n|upkeep\n|turn|18\n|\n|t:|1700650457\n|switch|p2a: Ribombee|Ribombee, F|100\/100\n|switch|p1a: Clodsire|Clodsire, F, shiny|67\/100\n|\n|-heal|p1a: Clodsire|74\/100|[from] Grassy Terrain\n|-heal|p1a: Clodsire|80\/100|[from] item: Leftovers\n|upkeep\n|turn|19\n|\n|t:|1700650462\n|move|p2a: Ribombee|U-turn|p1a: Clodsire\n|-resisted|p1a: Clodsire\n|-damage|p1a: Clodsire|75\/100\n|\n|t:|1700650464\n|switch|p2a: Gholdengo|Gholdengo|100\/100|[from] U-turn\n|-item|p2a: Gholdengo|Air Balloon\n|move|p1a: Clodsire|Toxic|p2a: Gholdengo\n|-immune|p2a: Gholdengo|[from] ability: Good as Gold\n|\n|-heal|p1a: Clodsire|81\/100|[from] Grassy Terrain\n|-heal|p1a: Clodsire|87\/100|[from] item: Leftovers\n|upkeep\n|turn|20\n|\n|t:|1700650469\n|switch|p1a: Blissey|Blissey, F, shiny|58\/100\n|move|p2a: Gholdengo|Nasty Plot|p2a: Gholdengo\n|-boost|p2a: Gholdengo|spa|2\n|\n|-heal|p1a: Blissey|65\/100|[from] Grassy Terrain\n|-heal|p1a: Blissey|71\/100|[from] item: Leftovers\n|upkeep\n|turn|21\n|\n|t:|1700650477\n|-terastallize|p1a: Blissey|Dark\n|move|p2a: Gholdengo|Nasty Plot|p2a: Gholdengo\n|-boost|p2a: Gholdengo|spa|2\n|move|p1a: Blissey|Flamethrower|p2a: Gholdengo\n|-supereffective|p2a: Gholdengo\n|-damage|p2a: Gholdengo|60\/100\n|-enditem|p2a: Gholdengo|Air Balloon\n|\n|-heal|p2a: Gholdengo|66\/100|[from] Grassy Terrain\n|-heal|p1a: Blissey|77\/100|[from] Grassy Terrain\n|-heal|p1a: Blissey|83\/100|[from] item: Leftovers\n|upkeep\n|turn|22\n|\n|t:|1700650485\n|move|p2a: Gholdengo|Make It Rain|p1a: Blissey\n|-damage|p1a: Blissey|27\/100\n|-unboost|p2a: Gholdengo|spa|1\n|move|p1a: Blissey|Soft-Boiled|p1a: Blissey\n|-heal|p1a: Blissey|77\/100\n|\n|-heal|p2a: Gholdengo|72\/100|[from] Grassy Terrain\n|-heal|p1a: Blissey|84\/100|[from] Grassy Terrain\n|-heal|p1a: Blissey|90\/100|[from] item: Leftovers\n|upkeep\n|turn|23\n|\n|t:|1700650489\n|move|p2a: Gholdengo|Nasty Plot|p2a: Gholdengo\n|-boost|p2a: Gholdengo|spa|2\n|move|p1a: Blissey|Flamethrower|p2a: Gholdengo\n|-supereffective|p2a: Gholdengo\n|-damage|p2a: Gholdengo|30\/100\n|\n|-heal|p2a: Gholdengo|36\/100|[from] Grassy Terrain\n|-heal|p1a: Blissey|96\/100|[from] Grassy Terrain\n|-heal|p1a: Blissey|100\/100|[from] item: Leftovers\n|upkeep\n|turn|24\n|\n|t:|1700650493\n|move|p2a: Gholdengo|Dazzling Gleam|p1a: Blissey\n|-supereffective|p1a: Blissey\n|-damage|p1a: Blissey|48\/100\n|move|p1a: Blissey|Flamethrower|p2a: Gholdengo\n|-supereffective|p2a: Gholdengo\n|-damage|p2a: Gholdengo|0 fnt\n|faint|p2a: Gholdengo\n|\n|-heal|p1a: Blissey|54\/100|[from] Grassy Terrain\n|-heal|p1a: Blissey|60\/100|[from] item: Leftovers\n|-fieldend|move: Grassy Terrain\n|upkeep\n|-message|Niknak841 forfeited.\n|\n|win|sorrow132\n|raw|sorrow132's rating: 1647 &rarr; <strong>1679<\/strong><br \/>(+32 for winning)\n|raw|Niknak841's rating: 1877 &rarr; <strong>1845<\/strong><br \/>(-32 for losing)\n|l|\u2606Niknak841\n|l|\u2606sorrow132\n","uploadtime":1700650628,"views":1,"p1id":"sorrow132","p2id":"niknak841","formatid":"gen9ou","rating":1679,"private":0,"password":""}