{"id":"gen9ou-1988505492","p1":"RealShylm","p2":"Silvershire","format":"[Gen 9] OU","log":"|j|\u2606RealShylm\n|j|\u2606Silvershire\n|t:|1699730144\n|gametype|singles\n|player|p1|RealShylm|juan|\n|player|p2|Silvershire|dawn|\n|teamsize|p1|6\n|teamsize|p2|6\n|gen|9\n|tier|[Gen 9] OU\n|rule|Sleep Clause Mod: Limit one foe put to sleep\n|rule|Species Clause: Limit one of each Pok\u00e9mon\n|rule|OHKO Clause: OHKO moves are banned\n|rule|Evasion Items Clause: Evasion items are banned\n|rule|Evasion Moves Clause: Evasion moves are banned\n|rule|Endless Battle Clause: Forcing endless battles is banned\n|rule|HP Percentage Mod: HP is shown in percentages\n|clearpoke\n|poke|p1|Kingambit, F|\n|poke|p1|Walking Wake|\n|poke|p1|Torkoal, M|\n|poke|p1|Glimmora, F|\n|poke|p1|Clefable, F|\n|poke|p1|Articuno-Galar|\n|poke|p2|Dragapult, F|\n|poke|p2|Samurott-Hisui, M|\n|poke|p2|Greninja-*, F|\n|poke|p2|Dondozo, F|\n|poke|p2|Scizor, M|\n|poke|p2|Breloom, F|\n|teampreview\n|\n|t:|1699730156\n|start\n|switch|p1a: 50 000 Gold Coins|Glimmora, F|100\/100\n|switch|p2a: Dondozo|Dondozo, F|100\/100\n|turn|1\n|\n|t:|1699730169\n|move|p1a: 50 000 Gold Coins|Mortal Spin|p2a: Dondozo\n|-damage|p2a: Dondozo|98\/100\n|-status|p2a: Dondozo|psn\n|move|p2a: Dondozo|Wave Crash|p1a: 50 000 Gold Coins\n|-supereffective|p1a: 50 000 Gold Coins\n|-enditem|p1a: 50 000 Gold Coins|Focus Sash\n|-damage|p1a: 50 000 Gold Coins|1\/100\n|-activate|p1a: 50 000 Gold Coins|ability: Toxic Debris\n|-sidestart|p2: Silvershire|move: Toxic Spikes\n|-damage|p2a: Dondozo|78\/100 psn|[from] Recoil\n|\n|-heal|p2a: Dondozo|84\/100 psn|[from] item: Leftovers\n|-damage|p2a: Dondozo|72\/100 psn|[from] psn\n|upkeep\n|turn|2\n|\n|t:|1699730185\n|move|p1a: 50 000 Gold Coins|Energy Ball|p2a: Dondozo\n|-supereffective|p2a: Dondozo\n|-damage|p2a: Dondozo|14\/100 psn\n|move|p2a: Dondozo|Body Press|p1a: 50 000 Gold Coins\n|-damage|p1a: 50 000 Gold Coins|0 fnt\n|-activate|p1a: 50 000 Gold Coins|ability: Toxic Debris\n|-sidestart|p2: Silvershire|move: Toxic Spikes\n|faint|p1a: 50 000 Gold Coins\n|\n|-heal|p2a: Dondozo|20\/100 psn|[from] item: Leftovers\n|-damage|p2a: Dondozo|7\/100 psn|[from] psn\n|upkeep\n|\n|t:|1699730202\n|switch|p1a: BoltBeamEnthusiast|Clefable, F|100\/100\n|turn|3\n|\n|t:|1699730216\n|move|p2a: Dondozo|Protect|p2a: Dondozo\n|-singleturn|p2a: Dondozo|Protect\n|move|p1a: BoltBeamEnthusiast|Calm Mind|p1a: BoltBeamEnthusiast\n|-boost|p1a: BoltBeamEnthusiast|spa|1\n|-boost|p1a: BoltBeamEnthusiast|spd|1\n|\n|-heal|p2a: Dondozo|13\/100 psn|[from] item: Leftovers\n|-damage|p2a: Dondozo|1\/100 psn|[from] psn\n|upkeep\n|turn|4\n|\n|t:|1699730229\n|move|p1a: BoltBeamEnthusiast|Calm Mind|p1a: BoltBeamEnthusiast\n|-boost|p1a: BoltBeamEnthusiast|spa|1\n|-boost|p1a: BoltBeamEnthusiast|spd|1\n|move|p2a: Dondozo|Yawn|p1a: BoltBeamEnthusiast\n|-start|p1a: BoltBeamEnthusiast|move: Yawn|[of] p2a: Dondozo\n|\n|-heal|p2a: Dondozo|7\/100 psn|[from] item: Leftovers\n|-damage|p2a: Dondozo|0 fnt|[from] psn\n|faint|p2a: Dondozo\n|upkeep\n|\n|t:|1699730243\n|switch|p2a: Scizor|Scizor, M|100\/100\n|turn|5\n|\n|t:|1699730248\n|-terastallize|p2a: Scizor|Steel\n|-terastallize|p1a: BoltBeamEnthusiast|Electric\n|move|p2a: Scizor|Bullet Punch|p1a: BoltBeamEnthusiast\n|-resisted|p1a: BoltBeamEnthusiast\n|-damage|p1a: BoltBeamEnthusiast|74\/100\n|move|p1a: BoltBeamEnthusiast|Flamethrower|p2a: Scizor\n|-supereffective|p2a: Scizor\n|-damage|p2a: Scizor|0 fnt\n|faint|p2a: Scizor\n|\n|-heal|p1a: BoltBeamEnthusiast|80\/100|[from] item: Leftovers\n|-end|p1a: BoltBeamEnthusiast|move: Yawn|[silent]\n|-status|p1a: BoltBeamEnthusiast|slp\n|upkeep\n|\n|t:|1699730278\n|switch|p2a: Breloom|Breloom, F|100\/100\n|-status|p2a: Breloom|tox\n|turn|6\n|\n|t:|1699730289\n|move|p2a: Breloom|Bullet Seed|p1a: BoltBeamEnthusiast\n|-damage|p1a: BoltBeamEnthusiast|61\/100 slp\n|-damage|p1a: BoltBeamEnthusiast|42\/100 slp\n|-damage|p1a: BoltBeamEnthusiast|23\/100 slp\n|-damage|p1a: BoltBeamEnthusiast|4\/100 slp\n|-damage|p1a: BoltBeamEnthusiast|0 fnt\n|faint|p1a: BoltBeamEnthusiast\n|-hitcount|p1: BoltBeamEnthusiast|5\n|\n|-damage|p2a: Breloom|94\/100 tox|[from] psn\n|upkeep\n|\n|t:|1699730298\n|switch|p1a: The Snoozer|Articuno-Galar|100\/100\n|turn|7\n|\n|t:|1699730311\n|switch|p2a: Samurott|Samurott-Hisui, M|100\/100\n|-status|p2a: Samurott|tox\n|move|p1a: The Snoozer|Agility|p1a: The Snoozer\n|-boost|p1a: The Snoozer|spe|2\n|\n|-damage|p2a: Samurott|94\/100 tox|[from] psn\n|upkeep\n|turn|8\n|\n|t:|1699730322\n|switch|p1a: Mr. Rock Festival|Torkoal, M|100\/100\n|-weather|SunnyDay|[from] ability: Drought|[of] p1a: Mr. Rock Festival\n|move|p2a: Samurott|Swords Dance|p2a: Samurott\n|-boost|p2a: Samurott|atk|2\n|\n|-weather|SunnyDay|[upkeep]\n|-damage|p2a: Samurott|82\/100 tox|[from] psn\n|upkeep\n|turn|9\n|\n|t:|1699730333\n|move|p2a: Samurott|Razor Shell|p1a: Mr. Rock Festival\n|-supereffective|p1a: Mr. Rock Festival\n|-damage|p1a: Mr. Rock Festival|18\/100\n|-damage|p2a: Samurott|72\/100 tox|[from] item: Life Orb\n|move|p1a: Mr. Rock Festival|Lava Plume|p2a: Samurott\n|-resisted|p2a: Samurott\n|-damage|p2a: Samurott|43\/100 tox\n|\n|-weather|SunnyDay|[upkeep]\n|-damage|p2a: Samurott|25\/100 tox|[from] psn\n|upkeep\n|turn|10\n|\n|t:|1699730352\n|move|p2a: Samurott|Razor Shell|p1a: Mr. Rock Festival\n|-supereffective|p1a: Mr. Rock Festival\n|-damage|p1a: Mr. Rock Festival|0 fnt\n|faint|p1a: Mr. Rock Festival\n|-damage|p2a: Samurott|15\/100 tox|[from] item: Life Orb\n|\n|-weather|SunnyDay|[upkeep]\n|-damage|p2a: Samurott|0 fnt|[from] psn\n|faint|p2a: Samurott\n|upkeep\n|\n|t:|1699730385\n|switch|p2a: Breloom|Breloom, F|94\/100 tox\n|switch|p1a: 12 Eyes!Fun Times!|Walking Wake|100\/100\n|-activate|p1a: 12 Eyes!Fun Times!|ability: Protosynthesis\n|-start|p1a: 12 Eyes!Fun Times!|protosynthesisspe\n|turn|11\n|\n|t:|1699730399\n|move|p1a: 12 Eyes!Fun Times!|Dragon Pulse|p2a: Breloom\n|-damage|p2a: Breloom|0 fnt\n|faint|p2a: Breloom\n|\n|-weather|SunnyDay|[upkeep]\n|upkeep\n|\n|t:|1699730407\n|switch|p2a: Dragapult|Dragapult, F|100\/100\n|-status|p2a: Dragapult|tox\n|turn|12\n|\n|t:|1699730412\n|move|p1a: 12 Eyes!Fun Times!|Dragon Pulse|p2a: Dragapult\n|-supereffective|p2a: Dragapult\n|-damage|p2a: Dragapult|0 fnt\n|faint|p2a: Dragapult\n|\n|-weather|SunnyDay|[upkeep]\n|upkeep\n|\n|t:|1699730418\n|switch|p2a: Greninja|Greninja, F|100\/100\n|-status|p2a: Greninja|tox\n|turn|13\n|\n|t:|1699730426\n|move|p1a: 12 Eyes!Fun Times!|Dragon Pulse|p2a: Greninja\n|-damage|p2a: Greninja|0 fnt\n|faint|p2a: Greninja\n|\n|win|RealShylm\n|c|\u2606RealShylm|gg\n","uploadtime":1699730433,"views":23,"p1id":"realshylm","p2id":"silvershire","formatid":"gen9ou","rating":0,"private":0,"password":""}