{"id":"gen9ou-1992947854","p1":"jexiar\u30c3","p2":"mystori_","format":"[Gen 9] OU","log":"|j|\u2606jexiar\u30c3\n|j|\u2606mystori_\n|t:|1700249364\n|gametype|singles\n|player|p1|jexiar\u30c3|lucas|1000\n|player|p2|mystori_|shauntal|1092\n|teamsize|p1|6\n|teamsize|p2|6\n|gen|9\n|tier|[Gen 9] OU\n|rated|\n|rule|Sleep Clause Mod: Limit one foe put to sleep\n|rule|Species Clause: Limit one of each Pok\u00e9mon\n|rule|OHKO Clause: OHKO moves are banned\n|rule|Evasion Items Clause: Evasion items are banned\n|rule|Evasion Moves Clause: Evasion moves are banned\n|rule|Endless Battle Clause: Forcing endless battles is banned\n|rule|HP Percentage Mod: HP is shown in percentages\n|clearpoke\n|poke|p1|Heatran, F|\n|poke|p1|Hoopa-Unbound|\n|poke|p1|Inteleon, M|\n|poke|p1|Zapdos|\n|poke|p1|Great Tusk|\n|poke|p1|Walking Wake|\n|poke|p2|Lucario, M|\n|poke|p2|Floatzel, M|\n|poke|p2|Sandslash, M|\n|poke|p2|Zoroark, M|\n|poke|p2|Kingambit, M|\n|poke|p2|Tinkaton, F|\n|teampreview\n|inactive|Battle timer is ON: inactive players will automatically lose when time's up. (requested by mystori_)\n|inactive|jexiar\u30c3 also wants the timer to be on.\n|\n|t:|1700249388\n|start\n|switch|p1a: Hoopa|Hoopa-Unbound|100\/100\n|switch|p2a: Amy|Tinkaton, F, shiny|100\/100\n|turn|1\n|\n|t:|1700249400\n|move|p1a: Hoopa|Drain Punch|p2a: Amy\n|-supereffective|p2a: Amy\n|-damage|p2a: Amy|0 fnt\n|replace|p2a: Shadow|Zoroark, M\n|-end|p2a: Shadow|Illusion\n|faint|p2a: Shadow\n|\n|upkeep\n|\n|t:|1700249414\n|switch|p2a: Knuckles|Sandslash, M, shiny|100\/100\n|turn|2\n|\n|t:|1700249422\n|move|p1a: Hoopa|Drain Punch|p2a: Knuckles\n|-damage|p2a: Knuckles|72\/100\n|move|p2a: Knuckles|Earthquake|p1a: Hoopa\n|-damage|p1a: Hoopa|0 fnt\n|faint|p1a: Hoopa\n|\n|upkeep\n|\n|t:|1700249427\n|switch|p1a: Inteleon|Inteleon, M, shiny|100\/100\n|turn|3\n|\n|t:|1700249433\n|-terastallize|p2a: Knuckles|Poison\n|move|p1a: Inteleon|Scald|p2a: Knuckles\n|-damage|p2a: Knuckles|14\/100\n|move|p2a: Knuckles|Earthquake|p1a: Inteleon\n|-damage|p1a: Inteleon|0 fnt\n|faint|p1a: Inteleon\n|\n|upkeep\n|\n|t:|1700249441\n|switch|p1a: Zapdos|Zapdos|100\/100\n|turn|4\n|\n|t:|1700249445\n|move|p1a: Zapdos|Heat Wave|p2a: Knuckles\n|-damage|p2a: Knuckles|0 fnt\n|faint|p2a: Knuckles\n|\n|upkeep\n|\n|t:|1700249450\n|switch|p2a: Tails|Floatzel, M|100\/100\n|turn|5\n|\n|t:|1700249456\n|move|p2a: Tails|Ice Spinner|p1a: Zapdos\n|-supereffective|p1a: Zapdos\n|-damage|p1a: Zapdos|56\/100\n|move|p1a: Zapdos|Volt Switch|p2a: Tails\n|-supereffective|p2a: Tails\n|-enditem|p2a: Tails|Focus Sash\n|-damage|p2a: Tails|1\/100\n|\n|t:|1700249463\n|switch|p1a: Heatran|Heatran, F|100\/100|[from] Volt Switch\n|\n|upkeep\n|turn|6\n|\n|t:|1700249469\n|move|p2a: Tails|Flip Turn|p1a: Heatran\n|-supereffective|p1a: Heatran\n|-damage|p1a: Heatran|54\/100\n|\n|t:|1700249480\n|switch|p2a: Sonic|Lucario, M|100\/100|[from] Flip Turn\n|move|p1a: Heatran|Magma Storm|p2a: Sonic\n|-supereffective|p2a: Sonic\n|-enditem|p2a: Sonic|Focus Sash\n|-damage|p2a: Sonic|1\/100\n|-activate|p2a: Sonic|move: Magma Storm|[of] p1a: Heatran\n|\n|-heal|p1a: Heatran|60\/100|[from] item: Leftovers\n|-damage|p2a: Sonic|0 fnt|[from] move: Magma Storm|[partiallytrapped]\n|faint|p2a: Sonic\n|upkeep\n|\n|t:|1700249493\n|switch|p2a: Tails|Floatzel, M|1\/100\n|turn|7\n|\n|t:|1700249503\n|-terastallize|p1a: Heatran|Grass\n|move|p2a: Tails|Flip Turn|p1a: Heatran\n|-resisted|p1a: Heatran\n|-damage|p1a: Heatran|49\/100\n|\n|t:|1700249507\n|switch|p2a: Amy|Tinkaton, F, shiny|100\/100|[from] Flip Turn\n|-ability|p2a: Amy|Mold Breaker\n|move|p1a: Heatran|Earth Power|p2a: Amy\n|-supereffective|p2a: Amy\n|-damage|p2a: Amy|72\/100\n|\n|-heal|p1a: Heatran|55\/100|[from] item: Leftovers\n|upkeep\n|turn|8\n|\n|t:|1700249518\n|move|p2a: Amy|Fake Out|p1a: Heatran\n|-crit|p1a: Heatran\n|-damage|p1a: Heatran|41\/100\n|cant|p1a: Heatran|flinch\n|\n|-heal|p1a: Heatran|48\/100|[from] item: Leftovers\n|upkeep\n|turn|9\n|\n|t:|1700249530\n|move|p2a: Amy|Ice Hammer|p1a: Heatran\n|-supereffective|p1a: Heatran\n|-damage|p1a: Heatran|3\/100\n|-unboost|p2a: Amy|spe|1\n|move|p1a: Heatran|Magma Storm|p2a: Amy\n|-supereffective|p2a: Amy\n|-damage|p2a: Amy|25\/100\n|-activate|p2a: Amy|move: Magma Storm|[of] p1a: Heatran\n|\n|-heal|p1a: Heatran|9\/100|[from] item: Leftovers\n|-damage|p2a: Amy|12\/100|[from] move: Magma Storm|[partiallytrapped]\n|upkeep\n|turn|10\n|\n|t:|1700249547\n|move|p1a: Heatran|Earth Power|p2a: Amy\n|-supereffective|p2a: Amy\n|-damage|p2a: Amy|0 fnt\n|faint|p2a: Amy\n|\n|-heal|p1a: Heatran|15\/100|[from] item: Leftovers\n|upkeep\n|\n|t:|1700249554\n|switch|p2a: Tails|Floatzel, M|1\/100\n|turn|11\n|\n|t:|1700249557\n|move|p2a: Tails|Ice Spinner|p1a: Heatran\n|-supereffective|p1a: Heatran\n|-damage|p1a: Heatran|0 fnt\n|faint|p1a: Heatran\n|\n|upkeep\n|\n|t:|1700249560\n|switch|p1a: Zapdos|Zapdos|56\/100\n|turn|12\n|\n|t:|1700249567\n|move|p2a: Tails|Flip Turn|p1a: Zapdos\n|-damage|p1a: Zapdos|30\/100\n|-status|p2a: Tails|par|[from] ability: Static|[of] p1a: Zapdos\n|\n|t:|1700249571\n|switch|p2a: Dr. Eggman|Kingambit, M|100\/100|[from] Flip Turn\n|-activate|p2a: Dr. Eggman|ability: Supreme Overlord\n|-start|p2a: Dr. Eggman|fallen4|[silent]\n|move|p1a: Zapdos|Heat Wave|p2a: Dr. Eggman\n|-supereffective|p2a: Dr. Eggman\n|-damage|p2a: Dr. Eggman|49\/100\n|\n|upkeep\n|turn|13\n|\n|t:|1700249581\n|move|p2a: Dr. Eggman|Sucker Punch||[still]\n|-fail|p2a: Dr. Eggman\n|move|p1a: Zapdos|Roost|p1a: Zapdos\n|-heal|p1a: Zapdos|80\/100\n|-singleturn|p1a: Zapdos|move: Roost\n|\n|upkeep\n|turn|14\n|\n|t:|1700249588\n|move|p2a: Dr. Eggman|Protect|p2a: Dr. Eggman\n|-singleturn|p2a: Dr. Eggman|Protect\n|move|p1a: Zapdos|Heat Wave|p2a: Dr. Eggman\n|-activate|p2a: Dr. Eggman|move: Protect\n|\n|upkeep\n|turn|15\n|\n|t:|1700249594\n|move|p2a: Dr. Eggman|Sucker Punch|p1a: Zapdos\n|-damage|p1a: Zapdos|11\/100\n|-damage|p2a: Dr. Eggman|39\/100|[from] item: Life Orb\n|move|p1a: Zapdos|Heat Wave|p2a: Dr. Eggman\n|-supereffective|p2a: Dr. Eggman\n|-damage|p2a: Dr. Eggman|0 fnt\n|faint|p2a: Dr. Eggman\n|-end|p2a: Dr. Eggman|fallen4|[silent]\n|\n|upkeep\n|-message|mystori_ forfeited.\n|\n|win|jexiar\u30c3\n|raw|jexiar\u30c3's rating: 1000 &rarr; <strong>1050<\/strong><br \/>(+50 for winning)\n|raw|mystori_'s rating: 1092 &rarr; <strong>1062<\/strong><br \/>(-30 for losing)\n|l|\u2606mystori_\n","uploadtime":1700249606,"views":19,"p1id":"jexiar","p2id":"mystori","formatid":"gen9ou","rating":1050,"private":0,"password":""}