{"id":"gen9ou-1989603812","p1":"Dracaufeu shiny","p2":"Grotn2","format":"[Gen 9] OU","log":"|j|\u2606Dracaufeu shiny\n|j|\u2606Grotn2\n|t:|1699877666\n|gametype|singles\n|player|p1|Dracaufeu shiny|red|1414\n|player|p2|Grotn2|youngcouple|1394\n|teamsize|p1|6\n|teamsize|p2|6\n|gen|9\n|tier|[Gen 9] OU\n|rated|\n|rule|Sleep Clause Mod: Limit one foe put to sleep\n|rule|Species Clause: Limit one of each Pok\u00e9mon\n|rule|OHKO Clause: OHKO moves are banned\n|rule|Evasion Items Clause: Evasion items are banned\n|rule|Evasion Moves Clause: Evasion moves are banned\n|rule|Endless Battle Clause: Forcing endless battles is banned\n|rule|HP Percentage Mod: HP is shown in percentages\n|clearpoke\n|poke|p1|Glimmora, M|\n|poke|p1|Gholdengo|\n|poke|p1|Ogerpon-Wellspring, F|\n|poke|p1|Kingambit, M|\n|poke|p1|Enamorus, F|\n|poke|p1|Iron Moth|\n|poke|p2|Landorus-Therian, M|\n|poke|p2|Ogerpon-Wellspring, F|\n|poke|p2|Arcanine-Hisui, F|\n|poke|p2|Corviknight, M|\n|poke|p2|Thundurus-Therian, M|\n|poke|p2|Garchomp, F|\n|teampreview\n|inactive|Battle timer is ON: inactive players will automatically lose when time's up. (requested by Grotn2)\n|inactive|Dracaufeu shiny also wants the timer to be on.\n|\n|t:|1699877673\n|start\n|switch|p1a: Glimmora|Glimmora, M|100\/100\n|switch|p2a: Thundurus|Thundurus-Therian, M|100\/100\n|turn|1\n|\n|t:|1699877676\n|move|p2a: Thundurus|Thunderbolt|p1a: Glimmora\n|-damage|p1a: Glimmora|35\/100\n|move|p1a: Glimmora|Stealth Rock|p2a: Thundurus\n|-sidestart|p2: Grotn2|move: Stealth Rock\n|\n|upkeep\n|turn|2\n|\n|t:|1699877687\n|move|p2a: Thundurus|Volt Switch|p1a: Glimmora\n|-damage|p1a: Glimmora|0 fnt\n|faint|p1a: Glimmora\n|\n|t:|1699877694\n|switch|p2a: Landorus|Landorus-Therian, M|100\/100|[from] Volt Switch\n|-damage|p2a: Landorus|88\/100|[from] Stealth Rock\n|\n|-heal|p2a: Landorus|94\/100|[from] item: Leftovers\n|upkeep\n|\n|t:|1699877698\n|switch|p1a: Ogerpon|Ogerpon-Wellspring, F|100\/100\n|turn|3\n|\n|t:|1699877705\n|move|p1a: Ogerpon|Ivy Cudgel|p2a: Landorus\n|-supereffective|p2a: Landorus\n|-crit|p2a: Landorus\n|-damage|p2a: Landorus|0 fnt\n|faint|p2a: Landorus\n|\n|upkeep\n|\n|t:|1699877709\n|switch|p2a: Corviknight|Corviknight, M|100\/100\n|-damage|p2a: Corviknight|88\/100|[from] Stealth Rock\n|-ability|p2a: Corviknight|Pressure\n|turn|4\n|\n|t:|1699877711\n|switch|p1a: Gholdengo|Gholdengo|100\/100\n|-item|p1a: Gholdengo|Air Balloon\n|move|p2a: Corviknight|Brave Bird|p1a: Gholdengo\n|-resisted|p1a: Gholdengo\n|-damage|p1a: Gholdengo|81\/100\n|-enditem|p1a: Gholdengo|Air Balloon\n|-damage|p2a: Corviknight|83\/100|[from] Recoil\n|\n|-heal|p2a: Corviknight|89\/100|[from] item: Leftovers\n|upkeep\n|turn|5\n|\n|t:|1699877718\n|move|p1a: Gholdengo|Shadow Ball|p2a: Corviknight\n|-damage|p2a: Corviknight|47\/100\n|move|p2a: Corviknight|U-turn|p1a: Gholdengo\n|-resisted|p1a: Gholdengo\n|-damage|p1a: Gholdengo|77\/100\n|\n|t:|1699877719\n|switch|p2a: Arcanine|Arcanine-Hisui, F|100\/100|[from] U-turn\n|-damage|p2a: Arcanine|76\/100|[from] Stealth Rock\n|\n|upkeep\n|turn|6\n|\n|t:|1699877725\n|switch|p1a: Iron Moth|Iron Moth|100\/100\n|-enditem|p1a: Iron Moth|Booster Energy\n|-activate|p1a: Iron Moth|ability: Quark Drive|[fromitem]\n|-start|p1a: Iron Moth|quarkdrivespe\n|move|p2a: Arcanine|Flare Blitz|p1a: Iron Moth\n|-resisted|p1a: Iron Moth\n|-damage|p1a: Iron Moth|59\/100\n|\n|upkeep\n|turn|7\n|\n|t:|1699877731\n|switch|p2a: Corviknight|Corviknight, M|47\/100\n|-damage|p2a: Corviknight|35\/100|[from] Stealth Rock\n|-ability|p2a: Corviknight|Pressure\n|move|p1a: Iron Moth|Sludge Wave|p2a: Corviknight\n|-immune|p2a: Corviknight\n|\n|-heal|p2a: Corviknight|41\/100|[from] item: Leftovers\n|upkeep\n|turn|8\n|\n|t:|1699877735\n|move|p1a: Iron Moth|Fiery Dance|p2a: Corviknight\n|-supereffective|p2a: Corviknight\n|-damage|p2a: Corviknight|0 fnt\n|-boost|p1a: Iron Moth|spa|1\n|faint|p2a: Corviknight\n|\n|upkeep\n|\n|t:|1699877737\n|switch|p2a: Garchomp|Garchomp, F|100\/100\n|-damage|p2a: Garchomp|94\/100|[from] Stealth Rock\n|turn|9\n|\n|t:|1699877742\n|move|p1a: Iron Moth|Sludge Wave|p2a: Garchomp\n|-resisted|p2a: Garchomp\n|-damage|p2a: Garchomp|55\/100\n|move|p2a: Garchomp|Earthquake|p1a: Iron Moth\n|-supereffective|p1a: Iron Moth\n|-damage|p1a: Iron Moth|0 fnt\n|faint|p1a: Iron Moth\n|-end|p1a: Iron Moth|Quark Drive|[silent]\n|\n|upkeep\n|\n|t:|1699877746\n|switch|p1a: Enamorus|Enamorus, F|100\/100\n|turn|10\n|\n|t:|1699877755\n|move|p1a: Enamorus|Moonblast|p2a: Garchomp\n|-supereffective|p2a: Garchomp\n|-damage|p2a: Garchomp|0 fnt\n|faint|p2a: Garchomp\n|\n|upkeep\n|\n|t:|1699877759\n|switch|p2a: Arcanine|Arcanine-Hisui, F|76\/100\n|-damage|p2a: Arcanine|51\/100|[from] Stealth Rock\n|turn|11\n|\n|t:|1699877765\n|switch|p1a: Gholdengo|Gholdengo|77\/100\n|move|p2a: Arcanine|Flare Blitz|p1a: Gholdengo\n|-supereffective|p1a: Gholdengo\n|-damage|p1a: Gholdengo|0 fnt\n|faint|p1a: Gholdengo\n|\n|upkeep\n|\n|t:|1699877770\n|switch|p1a: Ogerpon|Ogerpon-Wellspring, F|100\/100\n|turn|12\n|\n|t:|1699877773\n|-terastallize|p2a: Arcanine|Fire\n|move|p2a: Arcanine|Flare Blitz|p1a: Ogerpon\n|-damage|p1a: Ogerpon|0 fnt\n|faint|p1a: Ogerpon\n|\n|upkeep\n|\n|t:|1699877777\n|switch|p1a: Enamorus|Enamorus, F|100\/100\n|turn|13\n|\n|t:|1699877786\n|-terastallize|p1a: Enamorus|Fairy\n|move|p1a: Enamorus|Moonblast|p2a: Arcanine\n|-resisted|p2a: Arcanine\n|-damage|p2a: Arcanine|7\/100\n|-unboost|p2a: Arcanine|spa|1\n|move|p2a: Arcanine|Flare Blitz|p1a: Enamorus\n|-damage|p1a: Enamorus|0 fnt\n|faint|p1a: Enamorus\n|\n|upkeep\n|\n|t:|1699877790\n|switch|p1a: Kingambit|Kingambit, M|100\/100\n|-activate|p1a: Kingambit|ability: Supreme Overlord\n|-start|p1a: Kingambit|fallen5|[silent]\n|turn|14\n|\n|t:|1699877792\n|move|p1a: Kingambit|Sucker Punch|p2a: Arcanine\n|-damage|p2a: Arcanine|0 fnt\n|faint|p2a: Arcanine\n|\n|upkeep\n|\n|t:|1699877794\n|switch|p2a: Thundurus|Thundurus-Therian, M|100\/100\n|turn|15\n|\n|t:|1699877798\n|move|p2a: Thundurus|Thunderbolt|p1a: Kingambit\n|-damage|p1a: Kingambit|48\/100\n|move|p1a: Kingambit|Kowtow Cleave|p2a: Thundurus\n|-damage|p2a: Thundurus|0 fnt\n|faint|p2a: Thundurus\n|\n|upkeep\n|\n|t:|1699877801\n|switch|p2a: Ogerpon|Ogerpon-Wellspring, F|100\/100\n|-damage|p2a: Ogerpon|88\/100|[from] Stealth Rock\n|turn|16\n|\n|t:|1699877803\n|move|p1a: Kingambit|Sucker Punch|p2a: Ogerpon\n|-damage|p2a: Ogerpon|0 fnt\n|faint|p2a: Ogerpon\n|\n|win|Dracaufeu shiny\n|raw|Dracaufeu shiny's rating: 1414 &rarr; <strong>1433<\/strong><br \/>(+19 for winning)\n|raw|Grotn2's rating: 1394 &rarr; <strong>1375<\/strong><br \/>(-19 for losing)\n|l|\u2606Dracaufeu shiny\n|c|\u2606Grotn2|Rip\n|c|\u2606Grotn2|Gg\n","uploadtime":1699877843,"views":11,"p1id":"dracaufeushiny","p2id":"grotn2","formatid":"gen9ou","rating":1375,"private":0,"password":""}