{"id":"gen9ou-1988866987","p1":"bobobubs","p2":"Wolfiel","format":"[Gen 9] OU","log":"|j|\u2606bobobubs\n|j|\u2606Wolfiel\n|t:|1699777066\n|gametype|singles\n|player|p1|bobobubs|pokemaniac|1321\n|player|p2|Wolfiel|169|1324\n|teamsize|p1|6\n|teamsize|p2|6\n|gen|9\n|tier|[Gen 9] OU\n|rated|\n|rule|Sleep Clause Mod: Limit one foe put to sleep\n|rule|Species Clause: Limit one of each Pok\u00e9mon\n|rule|OHKO Clause: OHKO moves are banned\n|rule|Evasion Items Clause: Evasion items are banned\n|rule|Evasion Moves Clause: Evasion moves are banned\n|rule|Endless Battle Clause: Forcing endless battles is banned\n|rule|HP Percentage Mod: HP is shown in percentages\n|clearpoke\n|poke|p1|Ribombee, F|\n|poke|p1|Great Tusk|\n|poke|p1|Gholdengo|\n|poke|p1|Manaphy|\n|poke|p1|Kingambit, F|\n|poke|p1|Iron Moth|\n|poke|p2|Ogerpon-Wellspring, F|\n|poke|p2|Zapdos|\n|poke|p2|Glimmora, F|\n|poke|p2|Cinderace, M|\n|poke|p2|Kleavor, F|\n|poke|p2|Great Tusk|\n|teampreview\n|inactive|Battle timer is ON: inactive players will automatically lose when time's up. (requested by bobobubs)\n|\n|t:|1699777077\n|start\n|switch|p1a: Gholdengo|Gholdengo|100\/100\n|switch|p2a: Kleavor|Kleavor, F|100\/100\n|-item|p1a: Gholdengo|Air Balloon\n|turn|1\n|\n|t:|1699777089\n|move|p1a: Gholdengo|Make It Rain|p2a: Kleavor\n|-supereffective|p2a: Kleavor\n|-enditem|p2a: Kleavor|Focus Sash\n|-damage|p2a: Kleavor|1\/100\n|-unboost|p1a: Gholdengo|spa|1\n|move|p2a: Kleavor|Tailwind|p2a: Kleavor\n|-sidestart|p2: Wolfiel|move: Tailwind\n|\n|upkeep\n|turn|2\n|\n|t:|1699777102\n|move|p2a: Kleavor|Stone Axe|p1a: Gholdengo\n|-resisted|p1a: Gholdengo\n|-damage|p1a: Gholdengo|69\/100\n|-enditem|p1a: Gholdengo|Air Balloon\n|-sidestart|p1: bobobubs|move: Stealth Rock\n|move|p1a: Gholdengo|Shadow Ball|p2a: Kleavor\n|-damage|p2a: Kleavor|0 fnt\n|faint|p2a: Kleavor\n|\n|upkeep\n|\n|t:|1699777110\n|switch|p2a: Great Tusk|Great Tusk|100\/100\n|turn|3\n|\n|t:|1699777135\n|switch|p1a: Ribombee|Ribombee, F|100\/100\n|-damage|p1a: Ribombee|76\/100|[from] Stealth Rock\n|move|p2a: Great Tusk|Headlong Rush|p1a: Ribombee\n|-resisted|p1a: Ribombee\n|-damage|p1a: Ribombee|18\/100\n|-unboost|p2a: Great Tusk|def|1\n|-unboost|p2a: Great Tusk|spd|1\n|\n|upkeep\n|turn|4\n|\n|t:|1699777152\n|move|p2a: Great Tusk|Headlong Rush|p1a: Ribombee\n|-resisted|p1a: Ribombee\n|-damage|p1a: Ribombee|0 fnt\n|-unboost|p2a: Great Tusk|def|1\n|-unboost|p2a: Great Tusk|spd|1\n|faint|p1a: Ribombee\n|\n|-sideend|p2: Wolfiel|move: Tailwind\n|upkeep\n|\n|t:|1699777160\n|switch|p1a: Iron Moth|Iron Moth|100\/100\n|-damage|p1a: Iron Moth|76\/100|[from] Stealth Rock\n|-enditem|p1a: Iron Moth|Booster Energy\n|-activate|p1a: Iron Moth|ability: Quark Drive|[fromitem]\n|-start|p1a: Iron Moth|quarkdrivespe\n|turn|5\n|\n|t:|1699777167\n|move|p1a: Iron Moth|Energy Ball|p2a: Great Tusk\n|-supereffective|p2a: Great Tusk\n|-damage|p2a: Great Tusk|0 fnt\n|faint|p2a: Great Tusk\n|-end|p2a: Great Tusk|Protosynthesis|[silent]\n|\n|upkeep\n|inactive|Wolfiel has 120 seconds left.\n|inactive|Wolfiel has 90 seconds left.\n|inactive|Wolfiel has 60 seconds left.\n|\n|t:|1699777259\n|switch|p2a: Glimmora|Glimmora, F|100\/100\n|turn|6\n|\n|t:|1699777274\n|-end|p1a: Iron Moth|Quark Drive|[silent]\n|switch|p1a: Manaphy|Manaphy|100\/100\n|-damage|p1a: Manaphy|88\/100|[from] Stealth Rock\n|move|p2a: Glimmora|Earth Power|p1a: Manaphy\n|-damage|p1a: Manaphy|60\/100\n|\n|-heal|p1a: Manaphy|67\/100|[from] item: Leftovers\n|upkeep\n|turn|7\n|\n|t:|1699777292\n|switch|p2a: Ogerpon|Ogerpon-Wellspring, F|100\/100\n|move|p1a: Manaphy|Scald|p2a: Ogerpon\n|-immune|p2a: Ogerpon|[from] ability: Water Absorb\n|\n|-heal|p1a: Manaphy|73\/100|[from] item: Leftovers\n|upkeep\n|turn|8\n|\n|t:|1699777302\n|switch|p1a: Kingambit|Kingambit, F|100\/100\n|-damage|p1a: Kingambit|94\/100|[from] Stealth Rock\n|-activate|p1a: Kingambit|ability: Supreme Overlord\n|-start|p1a: Kingambit|fallen1|[silent]\n|move|p2a: Ogerpon|Encore||[still]\n|-fail|p2a: Ogerpon\n|\n|-heal|p1a: Kingambit|100\/100|[from] item: Leftovers\n|upkeep\n|turn|9\n|\n|t:|1699777313\n|move|p2a: Ogerpon|Ivy Cudgel|p1a: Kingambit\n|-damage|p1a: Kingambit|49\/100\n|move|p1a: Kingambit|Kowtow Cleave|p2a: Ogerpon\n|-damage|p2a: Ogerpon|24\/100\n|\n|-heal|p1a: Kingambit|55\/100|[from] item: Leftovers\n|upkeep\n|turn|10\n|\n|t:|1699777324\n|switch|p2a: Zapdos|Zapdos|100\/100\n|move|p1a: Kingambit|Sucker Punch||[still]\n|-fail|p1a: Kingambit\n|\n|-heal|p1a: Kingambit|61\/100|[from] item: Leftovers\n|upkeep\n|turn|11\n|\n|t:|1699777329\n|-end|p1a: Kingambit|fallen1|[silent]\n|switch|p1a: Great Tusk|Great Tusk|100\/100\n|-damage|p1a: Great Tusk|98\/100|[from] Stealth Rock\n|move|p2a: Zapdos|Heat Wave|p1a: Great Tusk\n|-damage|p1a: Great Tusk|61\/100\n|\n|-heal|p1a: Great Tusk|67\/100|[from] item: Leftovers\n|upkeep\n|turn|12\n|inactive|Wolfiel has 90 seconds left.\n|inactive|Wolfiel has 60 seconds left.\n|inactive|bobobubs has 120 seconds left.\n|inactive|Wolfiel has 30 seconds left.\n|inactive|Wolfiel has 20 seconds left.\n|inactive|Wolfiel has 15 seconds left.\n|inactive|Wolfiel has 10 seconds left.\n|inactive|Wolfiel has 5 seconds left.\n|-message|Wolfiel lost due to inactivity.\n|\n|win|bobobubs\n|raw|bobobubs's rating: 1321 &rarr; <strong>1341<\/strong><br \/>(+20 for winning)\n|raw|Wolfiel's rating: 1324 &rarr; <strong>1304<\/strong><br \/>(-20 for losing)\n|l|\u2606bobobubs\n","uploadtime":1699778883,"views":11,"p1id":"bobobubs","p2id":"wolfiel","formatid":"gen9ou","rating":1304,"private":0,"password":""}