{"id":"gen9ou-1996046220","p1":"vixenvalerie","p2":"seven_wik","format":"[Gen 9] OU","log":"|j|\u2606vixenvalerie\n|j|\u2606seven_wik\n|inactive|Battle timer is ON: inactive players will automatically lose when time's up.\n|t:|1700634816\n|gametype|singles\n|player|p1|vixenvalerie|candice|\n|player|p2|seven_wik|170|\n|teamsize|p1|3\n|teamsize|p2|3\n|gen|9\n|tier|[Gen 9] OU\n|rated|Tournament battle\n|rule|Sleep Clause Mod: Limit one foe put to sleep\n|rule|Species Clause: Limit one of each Pok\u00e9mon\n|rule|OHKO Clause: OHKO moves are banned\n|rule|Evasion Items Clause: Evasion items are banned\n|rule|Evasion Moves Clause: Evasion moves are banned\n|rule|Endless Battle Clause: Forcing endless battles is banned\n|rule|HP Percentage Mod: HP is shown in percentages\n|clearpoke\n|poke|p1|Vulpix-Alola, F|\n|poke|p1|Zweilous, F|\n|poke|p1|Gimmighoul|\n|poke|p2|Oshawott, M|\n|poke|p2|Zoroark-Hisui, M|\n|poke|p2|Houndour, F|\n|teampreview\n|j|*Lady Monita \u2746\n|inactive|vixenvalerie has 120 seconds left.\n|\n|t:|1700634858\n|start\n|switch|p1a: Zweilous|Zweilous, F|100\/100\n|switch|p2a: Houndour|Houndour, F|100\/100\n|turn|1\n|\n|t:|1700634868\n|-terastallize|p2a: Houndour|Fighting\n|move|p2a: Houndour|Tera Blast|p1a: Zweilous|[anim] Tera Blast Fighting\n|-supereffective|p1a: Zweilous\n|-damage|p1a: Zweilous|0 fnt\n|faint|p1a: Zweilous\n|\n|upkeep\n|\n|t:|1700634872\n|switch|p1a: Gimmighoul|Gimmighoul|100\/100\n|turn|2\n|\n|t:|1700634883\n|switch|p2a: Oshawott|Oshawott, M|100\/100\n|move|p1a: Gimmighoul|Night Shade|p2a: Oshawott\n|-damage|p2a: Oshawott|61\/100\n|\n|upkeep\n|turn|3\n|\n|t:|1700634895\n|move|p2a: Oshawott|Swords Dance|p2a: Oshawott\n|-boost|p2a: Oshawott|atk|2\n|move|p1a: Gimmighoul|Night Shade|p2a: Oshawott\n|-damage|p2a: Oshawott|21\/100\n|\n|upkeep\n|turn|4\n|\n|t:|1700634901\n|move|p2a: Oshawott|Aqua Jet|p1a: Gimmighoul\n|-damage|p1a: Gimmighoul|22\/100\n|-damage|p2a: Oshawott|11\/100|[from] item: Life Orb\n|move|p1a: Gimmighoul|Night Shade|p2a: Oshawott\n|-damage|p2a: Oshawott|0 fnt\n|faint|p2a: Oshawott\n|\n|-heal|p1a: Gimmighoul|28\/100|[from] item: Leftovers\n|upkeep\n|\n|t:|1700634915\n|switch|p2a: Houndour|Houndour, F, tera:Fighting|100\/100\n|turn|5\n|\n|t:|1700634922\n|move|p2a: Houndour|Bitter Malice|p1a: Gimmighoul\n|-supereffective|p1a: Gimmighoul\n|-damage|p1a: Gimmighoul|0 fnt\n|faint|p1a: Gimmighoul\n|\n|upkeep\n|\n|t:|1700634926\n|switch|p1a: Vulpix|Vulpix-Alola, F|100\/100\n|-weather|Snow|[from] ability: Snow Warning|[of] p1a: Vulpix\n|turn|6\n|\n|t:|1700634943\n|switch|p2a: Houndour|Houndour, F|100\/100\n|-terastallize|p1a: Vulpix|Water\n|move|p1a: Vulpix|Tera Blast|p2a: Houndour|[anim] Tera Blast Water\n|-supereffective|p2a: Houndour\n|-damage|p2a: Houndour|0 fnt\n|faint|p2a: Houndour\n|\n|-weather|Snow|[upkeep]\n|upkeep\n|\n|t:|1700634951\n|switch|p2a: Zoroark|Zoroark-Hisui, M, tera:Fighting|100\/100\n|turn|7\n|\n|t:|1700634977\n|move|p2a: Zoroark|Tera Blast|p1a: Vulpix|[anim] Tera Blast Fighting\n|-damage|p1a: Vulpix|2\/100\n|move|p1a: Vulpix|Tera Blast|p2a: Zoroark|[anim] Tera Blast Water\n|-damage|p2a: Zoroark|18\/100\n|\n|-weather|Snow|[upkeep]\n|upkeep\n|turn|8\n|\n|t:|1700634984\n|move|p2a: Zoroark|Tera Blast|p1a: Vulpix|[anim] Tera Blast Fighting\n|-damage|p1a: Vulpix|0 fnt\n|faint|p1a: Vulpix\n|\n|win|seven_wik\n|n|\u2606vixenvalerie|vixenvalerie\n|n|\u2606seven_wik|sevenwik\n|n|*Lady Monita \u2746|ladymonita\n","uploadtime":1700634985,"views":0,"p1id":"vixenvalerie","p2id":"sevenwik","formatid":"gen9ou","rating":0,"private":0,"password":""}