{"id":"gen9ou-1988934614","p1":"CoffeeBeanz2","p2":"RSstar","format":"[Gen 9] OU","log":"|j|\u2606CoffeeBeanz2\n|j|\u2606RSstar\n|t:|1699790600\n|gametype|singles\n|player|p1|CoffeeBeanz2|lysandre|\n|player|p2|RSstar|drayden|\n|teamsize|p1|6\n|teamsize|p2|6\n|gen|9\n|tier|[Gen 9] OU\n|rule|Sleep Clause Mod: Limit one foe put to sleep\n|rule|Species Clause: Limit one of each Pok\u00e9mon\n|rule|OHKO Clause: OHKO moves are banned\n|rule|Evasion Items Clause: Evasion items are banned\n|rule|Evasion Moves Clause: Evasion moves are banned\n|rule|Endless Battle Clause: Forcing endless battles is banned\n|rule|HP Percentage Mod: HP is shown in percentages\n|clearpoke\n|poke|p1|Lycanroc-Dusk, F|\n|poke|p1|Talonflame, M|\n|poke|p1|Azelf|\n|poke|p1|Tsareena, F|\n|poke|p1|Zoroark-Hisui, F|\n|poke|p1|Krookodile, F|\n|poke|p2|Grimmsnarl, M|\n|poke|p2|Dragonite, M|\n|poke|p2|Heatran, F|\n|poke|p2|Great Tusk|\n|poke|p2|Greninja-*, M|\n|poke|p2|Zapdos|\n|teampreview\n|c|\u2606CoffeeBeanz2|bout to show you how its done in RU\n|c|\u2606RSstar|BREATHE\n|c|\u2606CoffeeBeanz2|RU vs OU ong\n|j| ASharpSharpie\n|c|\u2606RSstar|Insane\n|j| devious fearvg\n|c|\u2606RSstar|Oh sh- Sharpie\n|c| ASharpSharpie|Hello.\n|\n|t:|1699790645\n|start\n|switch|p1a: Azelf|Azelf|100\/100\n|switch|p2a: Grimmsnarl|Grimmsnarl, M|100\/100\n|turn|1\n|c|\u2606RSstar|Hii Sharpie\n|c| devious fearvg|insane cancer\n|\n|t:|1699790653\n|move|p2a: Grimmsnarl|Taunt|p1a: Azelf\n|-start|p1a: Azelf|move: Taunt\n|cant|p1a: Azelf|move: Taunt|Taunt\n|\n|upkeep\n|turn|2\n|c|\u2606CoffeeBeanz2|aw\n|\n|t:|1699790660\n|move|p1a: Azelf|Explosion|p2a: Grimmsnarl\n|-enditem|p1a: Azelf|Normal Gem|[from] gem\n|-damage|p2a: Grimmsnarl|0 fnt\n|faint|p1a: Azelf\n|faint|p2a: Grimmsnarl\n|\n|upkeep\n|c|\u2606CoffeeBeanz2|its ok\n|c| devious fearvg|LMAO\n|c|\u2606RSstar|WHAT THE FUCK\n|\n|t:|1699790671\n|switch|p1a: Talonflame|Talonflame, M|100\/100\n|switch|p2a: Great Tusk|Great Tusk|100\/100\n|turn|3\n|c| ASharpSharpie|When did azelf get explosion lol\n|\n|t:|1699790680\n|move|p1a: Talonflame|Swords Dance|p1a: Talonflame\n|-boost|p1a: Talonflame|atk|2\n|move|p2a: Great Tusk|Rapid Spin|p1a: Talonflame\n|-damage|p1a: Talonflame|74\/100\n|-boost|p2a: Great Tusk|spe|1\n|\n|upkeep\n|turn|4\n|\n|t:|1699790690\n|move|p1a: Talonflame|Brave Bird|p2a: Great Tusk\n|-supereffective|p2a: Great Tusk\n|-damage|p2a: Great Tusk|6\/100\n|-damage|p1a: Talonflame|58\/100|[from] item: Rocky Helmet|[of] p2a: Great Tusk\n|-damage|p1a: Talonflame|13\/100|[from] Recoil\n|move|p2a: Great Tusk|Ice Spinner|p1a: Talonflame\n|-damage|p1a: Talonflame|0 fnt\n|faint|p1a: Talonflame\n|\n|upkeep\n|c|\u2606CoffeeBeanz2|unreal\n|\n|t:|1699790698\n|switch|p1a: Krookodile|Krookodile, F|100\/100\n|turn|5\n|c|\u2606RSstar|Wtf\n|\n|t:|1699790707\n|-end|p2a: Great Tusk|Protosynthesis|[silent]\n|switch|p2a: Zapdos|Zapdos|100\/100\n|move|p1a: Krookodile|Close Combat|p2a: Zapdos\n|-resisted|p2a: Zapdos\n|-damage|p2a: Zapdos|82\/100\n|-unboost|p1a: Krookodile|def|1\n|-unboost|p1a: Krookodile|spd|1\n|-status|p1a: Krookodile|par|[from] ability: Static|[of] p2a: Zapdos\n|\n|-heal|p2a: Zapdos|88\/100|[from] item: Leftovers\n|upkeep\n|turn|6\n|c| devious fearvg|yup\n|\n|t:|1699790726\n|switch|p1a: Lycanroc|Lycanroc-Dusk, F|100\/100\n|move|p2a: Zapdos|Hurricane|p1a: Lycanroc\n|-resisted|p1a: Lycanroc\n|-damage|p1a: Lycanroc|52\/100\n|\n|-heal|p2a: Zapdos|95\/100|[from] item: Leftovers\n|upkeep\n|turn|7\n|c| devious fearvg|idk how ground types get para but ok\n|\n|t:|1699790749\n|switch|p2a: Great Tusk|Great Tusk|6\/100\n|move|p1a: Lycanroc|Stone Edge|p2a: Great Tusk\n|-resisted|p2a: Great Tusk\n|-damage|p2a: Great Tusk|0 fnt\n|faint|p2a: Great Tusk\n|-end|p2a: Great Tusk|Protosynthesis|[silent]\n|\n|upkeep\n|c|\u2606CoffeeBeanz2|shame my win con got para'd\n|c| devious fearvg|also zoroark is RU?\n|\n|t:|1699790775\n|switch|p2a: Heatran|Heatran, F|100\/100\n|turn|8\n|c|\u2606CoffeeBeanz2|yeah\n|c| devious fearvg|zamn\n|\n|t:|1699790788\n|switch|p1a: Krookodile|Krookodile, F|100\/100 par\n|-terastallize|p2a: Heatran|Grass\n|move|p2a: Heatran|Flash Cannon|p1a: Krookodile\n|-damage|p1a: Krookodile|33\/100 par\n|\n|upkeep\n|turn|9\n|\n|t:|1699790799\n|cant|p1a: Krookodile|par\n|move|p2a: Heatran|Magma Storm|p1a: Krookodile\n|-damage|p1a: Krookodile|0 fnt\n|faint|p1a: Krookodile\n|\n|upkeep\n|c|\u2606CoffeeBeanz2|sigh\n|c|\u2606CoffeeBeanz2|its ok\n|c|\u2606CoffeeBeanz2|we lost\n|\n|t:|1699790810\n|switch|p1a: Lycanroc|Lycanroc-Dusk, F|52\/100\n|turn|10\n|\n|t:|1699790814\n|-terastallize|p1a: Lycanroc|Fighting\n|move|p2a: Heatran|Protect|p2a: Heatran\n|-singleturn|p2a: Heatran|Protect\n|move|p1a: Lycanroc|Close Combat|p2a: Heatran\n|-activate|p2a: Heatran|move: Protect\n|\n|upkeep\n|turn|11\n|c|\u2606RSstar|Oh\n|\n|t:|1699790832\n|move|p1a: Lycanroc|Close Combat|p2a: Heatran\n|-damage|p2a: Heatran|0 fnt\n|-unboost|p1a: Lycanroc|def|1\n|-unboost|p1a: Lycanroc|spd|1\n|faint|p2a: Heatran\n|\n|upkeep\n|c|\u2606RSstar|JESUS CHRIST\n|c|\u2606CoffeeBeanz2|my goat\n|\n|t:|1699790851\n|switch|p2a: Dragonite|Dragonite, M|100\/100\n|turn|12\n|\n|t:|1699790861\n|switch|p1a: Lycanroc|Lycanroc-Dusk, F|100\/100\n|move|p2a: Dragonite|Dragon Claw|p1a: Lycanroc\n|-damage|p1a: Lycanroc|14\/100\n|replace|p1a: Zoroark|Zoroark-Hisui, F\n|-end|p1a: Zoroark|Illusion\n|\n|upkeep\n|turn|13\n|\n|t:|1699790870\n|move|p1a: Zoroark|Shadow Ball|p2a: Dragonite\n|-damage|p2a: Dragonite|80\/100\n|move|p2a: Dragonite|Dragon Dance|p2a: Dragonite\n|-boost|p2a: Dragonite|atk|1\n|-boost|p2a: Dragonite|spe|1\n|\n|upkeep\n|turn|14\n|\n|t:|1699790877\n|move|p2a: Dragonite|Dragon Claw|p1a: Zoroark\n|-damage|p1a: Zoroark|0 fnt\n|faint|p1a: Zoroark\n|\n|upkeep\n|\n|t:|1699790882\n|switch|p1a: Lycanroc|Lycanroc-Dusk, F, tera:Fighting|52\/100\n|turn|15\n|\n|t:|1699790885\n|move|p1a: Lycanroc|Accelerock|p2a: Dragonite\n|-supereffective|p2a: Dragonite\n|-damage|p2a: Dragonite|4\/100\n|move|p2a: Dragonite|Dragon Claw|p1a: Lycanroc\n|-damage|p1a: Lycanroc|0 fnt\n|faint|p1a: Lycanroc\n|\n|upkeep\n|c|\u2606CoffeeBeanz2|dam\n|c|\u2606CoffeeBeanz2|low roll\n|\n|t:|1699790894\n|switch|p1a: Tsareena|Tsareena, F|100\/100\n|turn|16\n|\n|t:|1699790898\n|move|p2a: Dragonite|Dragon Claw|p1a: Tsareena\n|-damage|p1a: Tsareena|46\/100\n|-damage|p2a: Dragonite|0 fnt|[from] item: Rocky Helmet|[of] p1a: Tsareena\n|faint|p2a: Dragonite\n|move|p1a: Tsareena|Rapid Spin|p2: Dragonite|[notarget]\n|-fail|p1a: Tsareena\n|\n|upkeep\n|c| devious fearvg|yea\n|\n|t:|1699790908\n|switch|p2a: Greninja|Greninja, M|100\/100\n|turn|17\n|c|\u2606CoffeeBeanz2|we got this\n|c|\u2606CoffeeBeanz2|trust\n|\n|t:|1699790912\n|move|p2a: Greninja|Gunk Shot|p1a: Tsareena\n|-supereffective|p1a: Tsareena\n|-damage|p1a: Tsareena|0 fnt\n|faint|p1a: Tsareena\n|\n|win|RSstar\n|c|\u2606CoffeeBeanz2|ggs\n|c|\u2606RSstar|Gg...\n|c| devious fearvg|gg\n|c|\u2606RSstar|Yo yo fear wanna battl?!\n|l|\u2606CoffeeBeanz2\n|c| devious fearvg|sure\n|c|\u2606RSstar|Or a sharpie \ud83e\udd14\n|l|\u2606RSstar\n","uploadtime":1699790981,"views":12,"p1id":"coffeebeanz2","p2id":"rsstar","formatid":"gen9ou","rating":0,"private":0,"password":""}