{"id":"gen9ou-1998216912","p1":"sebbybalisteross","p2":"ArchRaccoon32","format":"[Gen 9] OU","log":"|j|\u2606sebbybalisteross\n|j|\u2606ArchRaccoon32\n|t:|1700914410\n|gametype|singles\n|player|p1|sebbybalisteross|clair|\n|player|p2|ArchRaccoon32|102|\n|teamsize|p1|6\n|teamsize|p2|6\n|gen|9\n|tier|[Gen 9] OU\n|rule|Sleep Clause Mod: Limit one foe put to sleep\n|rule|Species Clause: Limit one of each Pok\u00e9mon\n|rule|OHKO Clause: OHKO moves are banned\n|rule|Evasion Items Clause: Evasion items are banned\n|rule|Evasion Moves Clause: Evasion moves are banned\n|rule|Endless Battle Clause: Forcing endless battles is banned\n|rule|HP Percentage Mod: HP is shown in percentages\n|clearpoke\n|poke|p1|Ninetales-Alola, F|\n|poke|p1|Amoonguss, M|\n|poke|p1|Toxapex, M|\n|poke|p1|Crawdaunt, M|\n|poke|p1|Salamence, F|\n|poke|p1|Froslass, F|\n|poke|p2|Ninetales-Alola, F|\n|poke|p2|Abomasnow, F|\n|poke|p2|Mamoswine, M|\n|poke|p2|Frosmoth, M|\n|poke|p2|Sandslash-Alola, M|\n|poke|p2|Cloyster, F|\n|teampreview\n|\n|t:|1700914416\n|start\n|switch|p1a: Naruto|Ninetales-Alola, F|100\/100\n|switch|p2a: Yuki|Ninetales-Alola, F|100\/100\n|-weather|Snow|[from] ability: Snow Warning|[of] p1a: Naruto\n|turn|1\n|\n|t:|1700914425\n|move|p2a: Yuki|Aurora Veil|p2a: Yuki\n|-sidestart|p2: ArchRaccoon32|move: Aurora Veil\n|move|p1a: Naruto|Aurora Veil|p1a: Naruto\n|-sidestart|p1: sebbybalisteross|move: Aurora Veil\n|\n|-weather|Snow|[upkeep]\n|upkeep\n|turn|2\n|\n|t:|1700914432\n|switch|p1a: miho|Froslass, F|100\/100\n|move|p2a: Yuki|Encore||[still]\n|-fail|p2a: Yuki\n|\n|-weather|Snow|[upkeep]\n|upkeep\n|turn|3\n|\n|t:|1700914470\n|switch|p1a: Deez|Salamence, F|100\/100\n|switch|p2a: The Clussy|Cloyster, F, shiny|100\/100\n|\n|-weather|Snow|[upkeep]\n|upkeep\n|turn|4\n|\n|t:|1700914479\n|move|p1a: Deez|Dragon Dance|p1a: Deez\n|-boost|p1a: Deez|atk|1\n|-boost|p1a: Deez|spe|1\n|move|p2a: The Clussy|Shell Smash|p2a: The Clussy\n|-unboost|p2a: The Clussy|def|1\n|-unboost|p2a: The Clussy|spd|1\n|-boost|p2a: The Clussy|atk|2\n|-boost|p2a: The Clussy|spa|2\n|-boost|p2a: The Clussy|spe|2\n|\n|-weather|Snow|[upkeep]\n|upkeep\n|turn|5\n|\n|t:|1700914492\n|move|p1a: Deez|Fire Blast|p2a: The Clussy\n|-crit|p2a: The Clussy\n|-enditem|p2a: The Clussy|Focus Sash\n|-damage|p2a: The Clussy|1\/100\n|move|p2a: The Clussy|Shell Smash|p2a: The Clussy\n|-unboost|p2a: The Clussy|def|1\n|-unboost|p2a: The Clussy|spd|1\n|-boost|p2a: The Clussy|atk|2\n|-boost|p2a: The Clussy|spa|2\n|-boost|p2a: The Clussy|spe|2\n|\n|-weather|none\n|upkeep\n|turn|6\n|\n|t:|1700914518\n|move|p2a: The Clussy|Rock Blast|p1a: Deez\n|-supereffective|p1a: Deez\n|-damage|p1a: Deez|70\/100\n|-supereffective|p1a: Deez\n|-damage|p1a: Deez|39\/100\n|-supereffective|p1a: Deez\n|-damage|p1a: Deez|9\/100\n|-supereffective|p1a: Deez\n|-damage|p1a: Deez|0 fnt\n|faint|p1a: Deez\n|-hitcount|p1: Deez|4\n|\n|upkeep\n|\n|t:|1700914537\n|switch|p1a: miho|Froslass, F|100\/100\n|turn|7\n|\n|t:|1700914545\n|move|p2a: The Clussy|Rock Blast|p1a: miho\n|-supereffective|p1a: miho\n|-damage|p1a: miho|66\/100\n|-supereffective|p1a: miho\n|-damage|p1a: miho|27\/100\n|-supereffective|p1a: miho\n|-damage|p1a: miho|0 fnt\n|faint|p1a: miho\n|-hitcount|p1: miho|3\n|\n|upkeep\n|\n|t:|1700914554\n|switch|p1a: Items nom nom nom|Crawdaunt, M|100\/100\n|turn|8\n|\n|t:|1700914577\n|move|p1a: Items nom nom nom|Aqua Jet|p2a: The Clussy\n|-resisted|p2a: The Clussy\n|-damage|p2a: The Clussy|0 fnt\n|faint|p2a: The Clussy\n|\n|-sideend|p2: ArchRaccoon32|move: Aurora Veil\n|-sideend|p1: sebbybalisteross|move: Aurora Veil\n|upkeep\n|\n|t:|1700914590\n|switch|p2a: Yuki|Ninetales-Alola, F|100\/100\n|-weather|Snow|[from] ability: Snow Warning|[of] p2a: Yuki\n|turn|9\n|\n|t:|1700914614\n|switch|p1a: Sussy Baka|Amoonguss, M, shiny|100\/100\n|move|p2a: Yuki|Moonblast|p1a: Sussy Baka\n|-resisted|p1a: Sussy Baka\n|-damage|p1a: Sussy Baka|89\/100\n|-unboost|p1a: Sussy Baka|spa|1\n|\n|-weather|Snow|[upkeep]\n|-heal|p1a: Sussy Baka|95\/100|[from] item: Leftovers\n|upkeep\n|turn|10\n|\n|t:|1700914625\n|move|p2a: Yuki|Aurora Veil|p2a: Yuki\n|-sidestart|p2: ArchRaccoon32|move: Aurora Veil\n|move|p1a: Sussy Baka|Spore|p2a: Yuki\n|-status|p2a: Yuki|slp|[from] move: Spore\n|\n|-weather|Snow|[upkeep]\n|-heal|p1a: Sussy Baka|100\/100|[from] item: Leftovers\n|upkeep\n|turn|11\n|\n|t:|1700914644\n|switch|p2a: The Throngler|Mamoswine, M|100\/100\n|switch|p1a: Naruto|Ninetales-Alola, F|100\/100\n|\n|-weather|Snow|[upkeep]\n|upkeep\n|turn|12\n|\n|t:|1700914659\n|move|p1a: Naruto|Aurora Veil|p1a: Naruto\n|-sidestart|p1: sebbybalisteross|move: Aurora Veil\n|move|p2a: The Throngler|Earthquake|p1a: Naruto\n|-damage|p1a: Naruto|70\/100\n|\n|-weather|Snow|[upkeep]\n|upkeep\n|turn|13\n|\n|t:|1700914667\n|switch|p1a: My Ex|Toxapex, M|100\/100\n|move|p2a: The Throngler|Earthquake|p1a: My Ex\n|-supereffective|p1a: My Ex\n|-damage|p1a: My Ex|55\/100\n|\n|-weather|none\n|-heal|p1a: My Ex|61\/100|[from] item: Leftovers\n|upkeep\n|turn|14\n|\n|t:|1700914679\n|move|p2a: The Throngler|Earthquake|p1a: My Ex\n|-supereffective|p1a: My Ex\n|-damage|p1a: My Ex|16\/100\n|move|p1a: My Ex|Lunge|p2a: The Throngler\n|-damage|p2a: The Throngler|94\/100\n|-unboost|p2a: The Throngler|atk|1\n|\n|-heal|p1a: My Ex|22\/100|[from] item: Leftovers\n|upkeep\n|turn|15\n|\n|t:|1700914691\n|switch|p1a: Sussy Baka|Amoonguss, M, shiny|100\/100\n|move|p2a: The Throngler|Earthquake|p1a: Sussy Baka\n|-crit|p1a: Sussy Baka\n|-damage|p1a: Sussy Baka|11\/100\n|\n|-heal|p1a: Sussy Baka|17\/100|[from] item: Leftovers\n|upkeep\n|turn|16\n|\n|t:|1700914718\n|switch|p1a: Items nom nom nom|Crawdaunt, M|100\/100\n|move|p2a: The Throngler|Earthquake|p1a: Items nom nom nom\n|-damage|p1a: Items nom nom nom|64\/100\n|\n|upkeep\n|turn|17\n|\n|t:|1700914731\n|switch|p2a: Yuki|Ninetales-Alola, F|100\/100 slp\n|-weather|Snow|[from] ability: Snow Warning|[of] p2a: Yuki\n|move|p1a: Items nom nom nom|Razor Shell|p2a: Yuki|[miss]\n|-miss|p1a: Items nom nom nom|p2a: Yuki\n|\n|-weather|Snow|[upkeep]\n|-sideend|p2: ArchRaccoon32|move: Aurora Veil\n|upkeep\n|turn|18\n|\n|t:|1700914754\n|switch|p1a: My Ex|Toxapex, M|55\/100\n|cant|p2a: Yuki|slp\n|\n|-weather|Snow|[upkeep]\n|-heal|p1a: My Ex|62\/100|[from] item: Leftovers\n|upkeep\n|turn|19\n|\n|t:|1700914762\n|cant|p2a: Yuki|slp\n|move|p1a: My Ex|Toxic Spikes|p2a: Yuki\n|-sidestart|p2: ArchRaccoon32|move: Toxic Spikes\n|\n|-weather|Snow|[upkeep]\n|-heal|p1a: My Ex|68\/100|[from] item: Leftovers\n|-sideend|p1: sebbybalisteross|move: Aurora Veil\n|upkeep\n|turn|20\n|\n|t:|1700914770\n|switch|p1a: Naruto|Ninetales-Alola, F|70\/100\n|-curestatus|p2a: Yuki|slp|[msg]\n|move|p2a: Yuki|Aurora Veil|p2a: Yuki\n|-sidestart|p2: ArchRaccoon32|move: Aurora Veil\n|\n|-weather|Snow|[upkeep]\n|upkeep\n|turn|21\n|\n|t:|1700914786\n|switch|p2a: Sonic from Wish|Sandslash-Alola, M, shiny|100\/100\n|move|p1a: Naruto|Aurora Veil|p1a: Naruto\n|-sidestart|p1: sebbybalisteross|move: Aurora Veil\n|\n|-weather|none\n|upkeep\n|turn|22\n|\n|t:|1700914819\n|switch|p1a: My Ex|Toxapex, M|100\/100\n|move|p2a: Sonic from Wish|Rapid Spin|p1a: My Ex\n|-damage|p1a: My Ex|95\/100\n|-boost|p2a: Sonic from Wish|spe|1\n|-sideend|p2: ArchRaccoon32|Toxic Spikes|[from] move: Rapid Spin|[of] p2a: Sonic from Wish\n|\n|-heal|p1a: My Ex|100\/100|[from] item: Leftovers\n|upkeep\n|turn|23\n|\n|t:|1700914849\n|switch|p2a: Evergreen|Abomasnow, F, shiny|100\/100\n|-weather|Snow|[from] ability: Snow Warning|[of] p2a: Evergreen\n|move|p1a: My Ex|Toxic Spikes|p2a: Evergreen\n|-sidestart|p2: ArchRaccoon32|move: Toxic Spikes\n|\n|-weather|Snow|[upkeep]\n|upkeep\n|turn|24\n|\n|t:|1700914877\n|move|p2a: Evergreen|Earth Power|p1a: My Ex\n|-supereffective|p1a: My Ex\n|-damage|p1a: My Ex|80\/100\n|move|p1a: My Ex|Lunge|p2a: Evergreen\n|-supereffective|p2a: Evergreen\n|-damage|p2a: Evergreen|91\/100\n|-unboost|p2a: Evergreen|atk|1\n|\n|-weather|Snow|[upkeep]\n|-heal|p1a: My Ex|86\/100|[from] item: Leftovers\n|upkeep\n|turn|25\n|\n|t:|1700914888\n|move|p2a: Evergreen|Earth Power|p1a: My Ex\n|-supereffective|p1a: My Ex\n|-damage|p1a: My Ex|68\/100\n|move|p1a: My Ex|Lunge|p2a: Evergreen\n|-supereffective|p2a: Evergreen\n|-damage|p2a: Evergreen|81\/100\n|-unboost|p2a: Evergreen|atk|1\n|\n|-weather|Snow|[upkeep]\n|-heal|p1a: My Ex|74\/100|[from] item: Leftovers\n|upkeep\n|turn|26\n|\n|t:|1700914900\n|move|p2a: Evergreen|Leech Seed|p1a: My Ex\n|-start|p1a: My Ex|move: Leech Seed\n|move|p1a: My Ex|Lunge|p2a: Evergreen\n|-supereffective|p2a: Evergreen\n|-damage|p2a: Evergreen|70\/100\n|-unboost|p2a: Evergreen|atk|1\n|\n|-weather|Snow|[upkeep]\n|-heal|p1a: My Ex|80\/100|[from] item: Leftovers\n|-damage|p1a: My Ex|68\/100|[from] Leech Seed|[of] p2a: Evergreen\n|-heal|p2a: Evergreen|82\/100|[silent]\n|upkeep\n|turn|27\n|\n|t:|1700914912\n|move|p2a: Evergreen|Earth Power|p1a: My Ex\n|-supereffective|p1a: My Ex\n|-damage|p1a: My Ex|49\/100\n|move|p1a: My Ex|Lunge|p2a: Evergreen\n|-supereffective|p2a: Evergreen\n|-damage|p2a: Evergreen|73\/100\n|-unboost|p2a: Evergreen|atk|1\n|\n|-weather|none\n|-heal|p1a: My Ex|55\/100|[from] item: Leftovers\n|-damage|p1a: My Ex|43\/100|[from] Leech Seed|[of] p2a: Evergreen\n|-heal|p2a: Evergreen|85\/100|[silent]\n|-sideend|p2: ArchRaccoon32|move: Aurora Veil\n|upkeep\n|turn|28\n|\n|t:|1700914924\n|move|p2a: Evergreen|Earth Power|p1a: My Ex\n|-supereffective|p1a: My Ex\n|-damage|p1a: My Ex|22\/100\n|move|p1a: My Ex|Recover|p1a: My Ex\n|-heal|p1a: My Ex|72\/100\n|\n|-heal|p1a: My Ex|78\/100|[from] item: Leftovers\n|-damage|p1a: My Ex|66\/100|[from] Leech Seed|[of] p2a: Evergreen\n|-heal|p2a: Evergreen|96\/100|[silent]\n|-sideend|p1: sebbybalisteross|move: Aurora Veil\n|upkeep\n|turn|29\n|\n|t:|1700914935\n|switch|p1a: Sussy Baka|Amoonguss, M, shiny|50\/100\n|move|p2a: Evergreen|Earth Power|p1a: Sussy Baka\n|-damage|p1a: Sussy Baka|30\/100\n|\n|-heal|p1a: Sussy Baka|36\/100|[from] item: Leftovers\n|upkeep\n|turn|30\n|\n|t:|1700914945\n|switch|p1a: My Ex|Toxapex, M|99\/100\n|move|p2a: Evergreen|Blizzard|p1a: My Ex\n|-resisted|p1a: My Ex\n|-damage|p1a: My Ex|83\/100\n|\n|-heal|p1a: My Ex|89\/100|[from] item: Leftovers\n|upkeep\n|turn|31\n|\n|t:|1700914958\n|switch|p1a: Sussy Baka|Amoonguss, M, shiny|69\/100\n|move|p2a: Evergreen|Leech Seed|p1a: Sussy Baka\n|-immune|p1a: Sussy Baka\n|\n|-heal|p1a: Sussy Baka|76\/100|[from] item: Leftovers\n|upkeep\n|turn|32\n|\n|t:|1700914974\n|move|p2a: Evergreen|Blizzard|p1a: Sussy Baka|[miss]\n|-miss|p2a: Evergreen|p1a: Sussy Baka\n|move|p1a: Sussy Baka|Sludge Bomb|p2a: Evergreen\n|-supereffective|p2a: Evergreen\n|-damage|p2a: Evergreen|31\/100\n|\n|-heal|p1a: Sussy Baka|82\/100|[from] item: Leftovers\n|upkeep\n|turn|33\n|\n|t:|1700914984\n|move|p2a: Evergreen|Blizzard|p1a: Sussy Baka|[miss]\n|-miss|p2a: Evergreen|p1a: Sussy Baka\n|move|p1a: Sussy Baka|Sludge Bomb|p2a: Evergreen\n|-supereffective|p2a: Evergreen\n|-damage|p2a: Evergreen|0 fnt\n|faint|p2a: Evergreen\n|\n|-heal|p1a: Sussy Baka|88\/100|[from] item: Leftovers\n|upkeep\n|\n|t:|1700914998\n|switch|p2a: Yuki|Ninetales-Alola, F|100\/100\n|-status|p2a: Yuki|psn\n|-weather|Snow|[from] ability: Snow Warning|[of] p2a: Yuki\n|turn|34\n|\n|t:|1700915004\n|switch|p1a: Naruto|Ninetales-Alola, F|70\/100\n|move|p2a: Yuki|Aurora Veil|p2a: Yuki\n|-sidestart|p2: ArchRaccoon32|move: Aurora Veil\n|\n|-weather|Snow|[upkeep]\n|-damage|p2a: Yuki|88\/100 psn|[from] psn\n|upkeep\n|turn|35\n|\n|t:|1700915042\n|switch|p2a: Sonic from Wish|Sandslash-Alola, M, shiny|100\/100\n|move|p1a: Naruto|Aurora Veil|p1a: Naruto\n|-sidestart|p1: sebbybalisteross|move: Aurora Veil\n|\n|-weather|Snow|[upkeep]\n|upkeep\n|turn|36\n|\n|t:|1700915063\n|switch|p1a: Sussy Baka|Amoonguss, M, shiny|100\/100\n|move|p2a: Sonic from Wish|Knock Off|p1a: Sussy Baka\n|-damage|p1a: Sussy Baka|88\/100\n|-enditem|p1a: Sussy Baka|Leftovers|[from] move: Knock Off|[of] p2a: Sonic from Wish\n|\n|-weather|Snow|[upkeep]\n|upkeep\n|turn|37\n|\n|t:|1700915075\n|move|p2a: Sonic from Wish|Rapid Spin|p1a: Sussy Baka\n|-damage|p1a: Sussy Baka|82\/100\n|-boost|p2a: Sonic from Wish|spe|1\n|-sideend|p2: ArchRaccoon32|Toxic Spikes|[from] move: Rapid Spin|[of] p2a: Sonic from Wish\n|move|p1a: Sussy Baka|Spore|p2a: Sonic from Wish\n|-status|p2a: Sonic from Wish|slp|[from] move: Spore\n|\n|-weather|Snow|[upkeep]\n|upkeep\n|turn|38\n|\n|t:|1700915090\n|switch|p2a: The Throngler|Mamoswine, M|94\/100\n|switch|p1a: Items nom nom nom|Crawdaunt, M|64\/100\n|\n|-weather|none\n|upkeep\n|turn|39\n|\n|t:|1700915118\n|move|p2a: The Throngler|Earthquake|p1a: Items nom nom nom\n|-damage|p1a: Items nom nom nom|6\/100\n|move|p1a: Items nom nom nom|Razor Shell|p2a: The Throngler|[miss]\n|-miss|p1a: Items nom nom nom|p2a: The Throngler\n|\n|upkeep\n|turn|40\n|\n|t:|1700915127\n|move|p1a: Items nom nom nom|Aqua Jet|p2a: The Throngler\n|-supereffective|p2a: The Throngler\n|-damage|p2a: The Throngler|70\/100\n|move|p2a: The Throngler|Earthquake|p1a: Items nom nom nom\n|-damage|p1a: Items nom nom nom|0 fnt\n|faint|p1a: Items nom nom nom\n|\n|upkeep\n|\n|t:|1700915135\n|switch|p1a: Sussy Baka|Amoonguss, M, shiny|100\/100\n|turn|41\n|\n|t:|1700915149\n|switch|p2a: Yuki|Ninetales-Alola, F|88\/100 psn\n|-weather|Snow|[from] ability: Snow Warning|[of] p2a: Yuki\n|move|p1a: Sussy Baka|Sludge Bomb|p2a: Yuki\n|-supereffective|p2a: Yuki\n|-damage|p2a: Yuki|62\/100 psn\n|\n|-weather|Snow|[upkeep]\n|-damage|p2a: Yuki|50\/100 psn|[from] psn\n|-sideend|p2: ArchRaccoon32|move: Aurora Veil\n|upkeep\n|turn|42\n|\n|t:|1700915163\n|move|p2a: Yuki|Aurora Veil|p2a: Yuki\n|-sidestart|p2: ArchRaccoon32|move: Aurora Veil\n|move|p1a: Sussy Baka|Sludge Bomb|p2a: Yuki\n|-supereffective|p2a: Yuki\n|-damage|p2a: Yuki|24\/100 psn\n|\n|-weather|Snow|[upkeep]\n|-damage|p2a: Yuki|11\/100 psn|[from] psn\n|-sideend|p1: sebbybalisteross|move: Aurora Veil\n|upkeep\n|turn|43\n|\n|t:|1700915173\n|switch|p2a: The Throngler|Mamoswine, M|70\/100\n|move|p1a: Sussy Baka|Sludge Bomb|p2a: The Throngler\n|-resisted|p2a: The Throngler\n|-damage|p2a: The Throngler|60\/100\n|\n|-weather|Snow|[upkeep]\n|upkeep\n|turn|44\n|\n|t:|1700915182\n|switch|p1a: My Ex|Toxapex, M|100\/100\n|move|p2a: The Throngler|Icicle Crash|p1a: My Ex\n|-resisted|p1a: My Ex\n|-damage|p1a: My Ex|79\/100\n|\n|-weather|Snow|[upkeep]\n|-heal|p1a: My Ex|85\/100|[from] item: Leftovers\n|upkeep\n|turn|45\n|\n|t:|1700915207\n|switch|p2a: Sonic from Wish|Sandslash-Alola, M, shiny|100\/100 slp\n|move|p1a: My Ex|Lunge|p2a: Sonic from Wish\n|-resisted|p2a: Sonic from Wish\n|-damage|p2a: Sonic from Wish|99\/100 slp\n|-unboost|p2a: Sonic from Wish|atk|1\n|\n|-weather|none\n|-heal|p1a: My Ex|91\/100|[from] item: Leftovers\n|upkeep\n|turn|46\n|\n|t:|1700915222\n|switch|p2a: Yuki|Ninetales-Alola, F|11\/100 psn\n|-weather|Snow|[from] ability: Snow Warning|[of] p2a: Yuki\n|move|p1a: My Ex|Toxic Spikes|p2a: Yuki\n|-sidestart|p2: ArchRaccoon32|move: Toxic Spikes\n|\n|-weather|Snow|[upkeep]\n|-heal|p1a: My Ex|98\/100|[from] item: Leftovers\n|-damage|p2a: Yuki|0 fnt|[from] psn\n|faint|p2a: Yuki\n|upkeep\n|\n|t:|1700915235\n|switch|p2a: The Throngler|Mamoswine, M|60\/100\n|-status|p2a: The Throngler|psn\n|turn|47\n|\n|t:|1700915243\n|move|p2a: The Throngler|Earthquake|p1a: My Ex\n|-supereffective|p1a: My Ex\n|-damage|p1a: My Ex|1\/100\n|move|p1a: My Ex|Lunge|p2a: The Throngler\n|-damage|p2a: The Throngler|55\/100 psn\n|-unboost|p2a: The Throngler|atk|1\n|\n|-weather|Snow|[upkeep]\n|-heal|p1a: My Ex|7\/100|[from] item: Leftovers\n|-damage|p2a: The Throngler|43\/100 psn|[from] psn\n|upkeep\n|turn|48\n|\n|t:|1700915256\n|switch|p2a: Sonic from Wish|Sandslash-Alola, M, shiny|99\/100 slp\n|switch|p1a: Naruto|Ninetales-Alola, F|70\/100\n|\n|-weather|Snow|[upkeep]\n|upkeep\n|turn|49\n|\n|t:|1700915266\n|cant|p2a: Sonic from Wish|slp\n|move|p1a: Naruto|Moonblast|p2a: Sonic from Wish\n|-resisted|p2a: Sonic from Wish\n|-damage|p2a: Sonic from Wish|88\/100 slp\n|-unboost|p2a: Sonic from Wish|spa|1\n|\n|-weather|Snow|[upkeep]\n|-sideend|p2: ArchRaccoon32|move: Aurora Veil\n|upkeep\n|turn|50\n|\n|t:|1700915275\n|cant|p2a: Sonic from Wish|slp\n|move|p1a: Naruto|Aurora Veil|p1a: Naruto\n|-sidestart|p1: sebbybalisteross|move: Aurora Veil\n|\n|-weather|none\n|upkeep\n|turn|51\n|\n|t:|1700915306\n|switch|p1a: Sussy Baka|Amoonguss, M, shiny|100\/100\n|cant|p2a: Sonic from Wish|slp\n|\n|upkeep\n|turn|52\n|\n|t:|1700915313\n|-curestatus|p2a: Sonic from Wish|slp|[msg]\n|move|p2a: Sonic from Wish|Rapid Spin|p1a: Sussy Baka\n|-damage|p1a: Sussy Baka|94\/100\n|-boost|p2a: Sonic from Wish|spe|1\n|-sideend|p2: ArchRaccoon32|Toxic Spikes|[from] move: Rapid Spin|[of] p2a: Sonic from Wish\n|move|p1a: Sussy Baka|Giga Drain|p2a: Sonic from Wish\n|-resisted|p2a: Sonic from Wish\n|-damage|p2a: Sonic from Wish|70\/100\n|-heal|p1a: Sussy Baka|99\/100|[from] drain|[of] p2a: Sonic from Wish\n|\n|upkeep\n|turn|53\n|\n|t:|1700915323\n|switch|p2a: The Throngler|Mamoswine, M|43\/100 psn\n|move|p1a: Sussy Baka|Spore||[still]\n|-fail|p1a: Sussy Baka\n|\n|-damage|p2a: The Throngler|30\/100 psn|[from] psn\n|upkeep\n|turn|54\n|\n|t:|1700915353\n|move|p2a: The Throngler|Icicle Crash|p1a: Sussy Baka\n|-supereffective|p1a: Sussy Baka\n|-damage|p1a: Sussy Baka|44\/100\n|move|p1a: Sussy Baka|Sludge Bomb|p2a: The Throngler\n|-resisted|p2a: The Throngler\n|-damage|p2a: The Throngler|10\/100 psn\n|\n|-damage|p2a: The Throngler|0 fnt|[from] psn\n|faint|p2a: The Throngler\n|upkeep\n|\n|t:|1700915369\n|switch|p2a: Gojo|Frosmoth, M|100\/100\n|turn|55\n|\n|t:|1700915388\n|move|p2a: Gojo|Quiver Dance|p2a: Gojo\n|-boost|p2a: Gojo|spa|1\n|-boost|p2a: Gojo|spd|1\n|-boost|p2a: Gojo|spe|1\n|move|p1a: Sussy Baka|Spore|p2a: Gojo\n|-status|p2a: Gojo|slp|[from] move: Spore\n|\n|upkeep\n|turn|56\n|\n|t:|1700915415\n|switch|p1a: My Ex|Toxapex, M|40\/100\n|cant|p2a: Gojo|slp\n|\n|-heal|p1a: My Ex|47\/100|[from] item: Leftovers\n|upkeep\n|turn|57\n|\n|t:|1700915425\n|cant|p2a: Gojo|slp\n|move|p1a: My Ex|Recover|p1a: My Ex\n|-heal|p1a: My Ex|97\/100\n|\n|-heal|p1a: My Ex|100\/100|[from] item: Leftovers\n|-sideend|p1: sebbybalisteross|move: Aurora Veil\n|upkeep\n|turn|58\n|\n|t:|1700915436\n|-curestatus|p2a: Gojo|slp|[msg]\n|move|p2a: Gojo|Quiver Dance|p2a: Gojo\n|-boost|p2a: Gojo|spa|1\n|-boost|p2a: Gojo|spd|1\n|-boost|p2a: Gojo|spe|1\n|move|p1a: My Ex|Lunge|p2a: Gojo\n|-damage|p2a: Gojo|80\/100\n|-unboost|p2a: Gojo|atk|1\n|\n|upkeep\n|turn|59\n|\n|t:|1700915448\n|move|p2a: Gojo|Quiver Dance|p2a: Gojo\n|-boost|p2a: Gojo|spa|1\n|-boost|p2a: Gojo|spd|1\n|-boost|p2a: Gojo|spe|1\n|move|p1a: My Ex|Lunge|p2a: Gojo\n|-damage|p2a: Gojo|61\/100\n|-unboost|p2a: Gojo|atk|1\n|\n|upkeep\n|turn|60\n|\n|t:|1700915472\n|move|p2a: Gojo|Quiver Dance|p2a: Gojo\n|-boost|p2a: Gojo|spa|1\n|-boost|p2a: Gojo|spd|1\n|-boost|p2a: Gojo|spe|1\n|move|p1a: My Ex|Haze|p1a: My Ex\n|-clearallboost\n|\n|upkeep\n|turn|61\n|\n|t:|1700915482\n|move|p2a: Gojo|Ice Beam|p1a: My Ex\n|-resisted|p1a: My Ex\n|-damage|p1a: My Ex|83\/100\n|move|p1a: My Ex|Lunge|p2a: Gojo\n|-damage|p2a: Gojo|41\/100\n|-unboost|p2a: Gojo|atk|1\n|\n|-heal|p1a: My Ex|90\/100|[from] item: Leftovers\n|upkeep\n|turn|62\n|\n|t:|1700915493\n|move|p2a: Gojo|Ice Beam|p1a: My Ex\n|-resisted|p1a: My Ex\n|-damage|p1a: My Ex|73\/100\n|move|p1a: My Ex|Lunge|p2a: Gojo\n|-damage|p2a: Gojo|21\/100\n|-unboost|p2a: Gojo|atk|1\n|\n|-heal|p1a: My Ex|79\/100|[from] item: Leftovers\n|upkeep\n|turn|63\n|\n|t:|1700915503\n|move|p2a: Gojo|Ice Beam|p1a: My Ex\n|-resisted|p1a: My Ex\n|-damage|p1a: My Ex|60\/100\n|move|p1a: My Ex|Lunge|p2a: Gojo\n|-damage|p2a: Gojo|1\/100\n|-unboost|p2a: Gojo|atk|1\n|\n|-heal|p1a: My Ex|66\/100|[from] item: Leftovers\n|upkeep\n|turn|64\n|\n|t:|1700915513\n|move|p2a: Gojo|Ice Beam|p1a: My Ex\n|-resisted|p1a: My Ex\n|-damage|p1a: My Ex|49\/100\n|move|p1a: My Ex|Lunge|p2a: Gojo\n|-crit|p2a: Gojo\n|-damage|p2a: Gojo|0 fnt\n|faint|p2a: Gojo\n|\n|-heal|p1a: My Ex|55\/100|[from] item: Leftovers\n|upkeep\n|\n|t:|1700915522\n|switch|p2a: Sonic from Wish|Sandslash-Alola, M, shiny|70\/100\n|turn|65\n|\n|t:|1700915529\n|switch|p1a: Naruto|Ninetales-Alola, F|70\/100\n|-weather|Snow|[from] ability: Snow Warning|[of] p1a: Naruto\n|move|p2a: Sonic from Wish|Earthquake|p1a: Naruto\n|-damage|p1a: Naruto|46\/100\n|\n|-weather|Snow|[upkeep]\n|upkeep\n|turn|66\n|\n|t:|1700915539\n|move|p2a: Sonic from Wish|Iron Head|p1a: Naruto\n|-supereffective|p1a: Naruto\n|-damage|p1a: Naruto|0 fnt\n|faint|p1a: Naruto\n|\n|-weather|Snow|[upkeep]\n|upkeep\n|\n|t:|1700915548\n|switch|p1a: Sussy Baka|Amoonguss, M, shiny|77\/100\n|turn|67\n|\n|t:|1700915556\n|move|p2a: Sonic from Wish|Iron Head|p1a: Sussy Baka\n|-damage|p1a: Sussy Baka|49\/100\n|move|p1a: Sussy Baka|Spore|p2a: Sonic from Wish\n|-status|p2a: Sonic from Wish|slp|[from] move: Spore\n|\n|-weather|Snow|[upkeep]\n|upkeep\n|turn|68\n|\n|t:|1700915571\n|cant|p2a: Sonic from Wish|slp\n|move|p1a: Sussy Baka|Giga Drain|p2a: Sonic from Wish\n|-resisted|p2a: Sonic from Wish\n|-damage|p2a: Sonic from Wish|52\/100 slp\n|-heal|p1a: Sussy Baka|55\/100|[from] drain|[of] p2a: Sonic from Wish\n|\n|-weather|Snow|[upkeep]\n|upkeep\n|turn|69\n|\n|t:|1700915589\n|-curestatus|p2a: Sonic from Wish|slp|[msg]\n|move|p2a: Sonic from Wish|Iron Head|p1a: Sussy Baka\n|-damage|p1a: Sussy Baka|25\/100\n|move|p1a: Sussy Baka|Giga Drain|p2a: Sonic from Wish\n|-resisted|p2a: Sonic from Wish\n|-damage|p2a: Sonic from Wish|32\/100\n|-heal|p1a: Sussy Baka|32\/100|[from] drain|[of] p2a: Sonic from Wish\n|\n|-weather|none\n|upkeep\n|turn|70\n|\n|t:|1700915601\n|switch|p1a: My Ex|Toxapex, M|88\/100\n|move|p2a: Sonic from Wish|Iron Head|p1a: My Ex\n|-resisted|p1a: My Ex\n|-damage|p1a: My Ex|76\/100\n|\n|-heal|p1a: My Ex|82\/100|[from] item: Leftovers\n|upkeep\n|turn|71\n|\n|t:|1700915611\n|move|p2a: Sonic from Wish|Earthquake|p1a: My Ex\n|-supereffective|p1a: My Ex\n|-damage|p1a: My Ex|44\/100\n|move|p1a: My Ex|Lunge|p2a: Sonic from Wish\n|-resisted|p2a: Sonic from Wish\n|-damage|p2a: Sonic from Wish|26\/100\n|-unboost|p2a: Sonic from Wish|atk|1\n|\n|-heal|p1a: My Ex|50\/100|[from] item: Leftovers\n|upkeep\n|turn|72\n|\n|t:|1700915627\n|move|p2a: Sonic from Wish|Earthquake|p1a: My Ex\n|-supereffective|p1a: My Ex\n|-damage|p1a: My Ex|25\/100\n|move|p1a: My Ex|Recover|p1a: My Ex\n|-heal|p1a: My Ex|75\/100\n|\n|-heal|p1a: My Ex|82\/100|[from] item: Leftovers\n|upkeep\n|turn|73\n|\n|t:|1700915636\n|switch|p1a: Sussy Baka|Amoonguss, M, shiny|65\/100\n|move|p2a: Sonic from Wish|Earthquake|p1a: Sussy Baka\n|-damage|p1a: Sussy Baka|47\/100\n|\n|upkeep\n|turn|74\n|\n|t:|1700915644\n|switch|p1a: My Ex|Toxapex, M|100\/100\n|move|p2a: Sonic from Wish|Iron Head|p1a: My Ex\n|-resisted|p1a: My Ex\n|-damage|p1a: My Ex|93\/100\n|\n|-heal|p1a: My Ex|99\/100|[from] item: Leftovers\n|upkeep\n|turn|75\n|\n|t:|1700915656\n|move|p2a: Sonic from Wish|Earthquake|p1a: My Ex\n|-supereffective|p1a: My Ex\n|-damage|p1a: My Ex|73\/100\n|move|p1a: My Ex|Lunge|p2a: Sonic from Wish\n|-resisted|p2a: Sonic from Wish\n|-damage|p2a: Sonic from Wish|20\/100\n|-unboost|p2a: Sonic from Wish|atk|1\n|\n|-heal|p1a: My Ex|79\/100|[from] item: Leftovers\n|upkeep\n|turn|76\n|\n|t:|1700915667\n|switch|p1a: Sussy Baka|Amoonguss, M, shiny|80\/100\n|move|p2a: Sonic from Wish|Earthquake|p1a: Sussy Baka\n|-damage|p1a: Sussy Baka|68\/100\n|\n|upkeep\n|turn|77\n|\n|t:|1700915673\n|move|p2a: Sonic from Wish|Iron Head|p1a: Sussy Baka\n|-damage|p1a: Sussy Baka|52\/100\n|move|p1a: Sussy Baka|Spore|p2a: Sonic from Wish\n|-status|p2a: Sonic from Wish|slp|[from] move: Spore\n|\n|upkeep\n|turn|78\n|\n|t:|1700915680\n|cant|p2a: Sonic from Wish|slp\n|move|p1a: Sussy Baka|Giga Drain|p2a: Sonic from Wish\n|-resisted|p2a: Sonic from Wish\n|-damage|p2a: Sonic from Wish|2\/100 slp\n|-heal|p1a: Sussy Baka|58\/100|[from] drain|[of] p2a: Sonic from Wish\n|\n|upkeep\n|turn|79\n|\n|t:|1700915690\n|cant|p2a: Sonic from Wish|slp\n|move|p1a: Sussy Baka|Giga Drain|p2a: Sonic from Wish\n|-resisted|p2a: Sonic from Wish\n|-damage|p2a: Sonic from Wish|0 fnt\n|-heal|p1a: Sussy Baka|59\/100|[from] drain|[of] p2a: Sonic from Wish\n|faint|p2a: Sonic from Wish\n|\n|win|sebbybalisteross\n|l|\u2606sebbybalisteross\n","uploadtime":1700915713,"views":2,"p1id":"sebbybalisteross","p2id":"archraccoon32","formatid":"gen9ou","rating":0,"private":0,"password":""}