{"id":"gen9ou-1997852763","p1":"Logan2024","p2":"Jpatters1000","format":"[Gen 9] OU","log":"|j|\u2606Logan2024\n|j|\u2606Jpatters1000\n|t:|1700859868\n|gametype|singles\n|player|p1|Logan2024|acetrainersnow|1410\n|player|p2|Jpatters1000|scientist-gen4|1416\n|teamsize|p1|6\n|teamsize|p2|6\n|gen|9\n|tier|[Gen 9] OU\n|rated|\n|rule|Sleep Clause Mod: Limit one foe put to sleep\n|rule|Species Clause: Limit one of each Pok\u00e9mon\n|rule|OHKO Clause: OHKO moves are banned\n|rule|Evasion Items Clause: Evasion items are banned\n|rule|Evasion Moves Clause: Evasion moves are banned\n|rule|Endless Battle Clause: Forcing endless battles is banned\n|rule|HP Percentage Mod: HP is shown in percentages\n|clearpoke\n|poke|p1|Donphan, F|\n|poke|p1|Gholdengo|\n|poke|p1|Ribombee, F|\n|poke|p1|Greninja-*, M|\n|poke|p1|Kingambit, M|\n|poke|p1|Dragapult, M|\n|poke|p2|Slowking-Galar, F|\n|poke|p2|Alomomola, F|\n|poke|p2|Jolteon, F|\n|poke|p2|Talonflame, F|\n|poke|p2|Cinderace, F|\n|poke|p2|Hoopa-Unbound|\n|teampreview\n|\n|t:|1700859892\n|start\n|switch|p1a: Dragapult|Dragapult, M|100\/100\n|switch|p2a: Talonflame|Talonflame, F|100\/100\n|turn|1\n|\n|t:|1700859898\n|switch|p2a: Slowking|Slowking-Galar, F|100\/100\n|move|p1a: Dragapult|Dragon Darts|p2a: Slowking\n|-damage|p2a: Slowking|61\/100\n|-anim|p1a: Dragapult|Dragon Darts|p2a: Slowking\n|-damage|p2a: Slowking|24\/100\n|\n|upkeep\n|turn|2\n|\n|t:|1700859905\n|switch|p2a: Alomomola|Alomomola, F|100\/100\n|move|p1a: Dragapult|Dragon Darts|p2a: Alomomola\n|-damage|p2a: Alomomola|79\/100\n|-anim|p1a: Dragapult|Dragon Darts|p2a: Alomomola\n|-damage|p2a: Alomomola|57\/100\n|\n|upkeep\n|turn|3\n|\n|t:|1700859912\n|-terastallize|p1a: Dragapult|Dragon\n|move|p1a: Dragapult|Dragon Darts|p2a: Alomomola\n|-damage|p2a: Alomomola|28\/100\n|-anim|p1a: Dragapult|Dragon Darts|p2a: Alomomola\n|-damage|p2a: Alomomola|1\/100\n|move|p2a: Alomomola|Flip Turn|p1a: Dragapult\n|-resisted|p1a: Dragapult\n|-damage|p1a: Dragapult|90\/100\n|c|\u2606Logan2024|dont more stall\n|\n|t:|1700859923\n|switch|p2a: Jolteon|Jolteon, F|100\/100|[from] Flip Turn\n|\n|-status|p2a: Jolteon|brn|[from] item: Flame Orb\n|upkeep\n|turn|4\n|c|\u2606Logan2024|1\n|c|\u2606Logan2024|wtf\n|c|\u2606Jpatters1000|they're dead\n|c|\u2606Jpatters1000|how is it stall?\n|\n|t:|1700859940\n|switch|p1a: Kingambit|Kingambit, M|100\/100\n|-terastallize|p2a: Jolteon|Ice\n|move|p2a: Jolteon|Tera Blast|p1a: Kingambit|[anim] Tera Blast Ice\n|-resisted|p1a: Kingambit\n|-damage|p1a: Kingambit|82\/100\n|\n|-heal|p1a: Kingambit|88\/100|[from] item: Leftovers\n|-damage|p2a: Jolteon|94\/100 brn|[from] brn\n|upkeep\n|turn|5\n|\n|t:|1700859956\n|switch|p2a: Cinderace|Cinderace, F|100\/100\n|move|p1a: Kingambit|Iron Head|p2a: Cinderace\n|-resisted|p2a: Cinderace\n|-damage|p2a: Cinderace|69\/100\n|\n|-heal|p1a: Kingambit|94\/100|[from] item: Leftovers\n|upkeep\n|turn|6\n|\n|t:|1700859966\n|-end|p1a: Kingambit|fallenundefined|[silent]\n|switch|p1a: Dragapult|Dragapult, M, tera:Dragon|90\/100\n|move|p2a: Cinderace|U-turn|p1a: Dragapult\n|-start|p2a: Cinderace|typechange|Bug|[from] ability: Libero\n|-damage|p1a: Dragapult|47\/100\n|\n|t:|1700859973\n|switch|p2a: Talonflame|Talonflame, F|100\/100|[from] U-turn\n|\n|upkeep\n|turn|7\n|\n|t:|1700860004\n|switch|p1a: Greninja|Greninja, M|100\/100\n|move|p2a: Talonflame|Hurricane|p1a: Greninja|[miss]\n|-miss|p2a: Talonflame|p1a: Greninja\n|\n|upkeep\n|turn|8\n|\n|t:|1700860013\n|switch|p2a: Hoopa|Hoopa-Unbound|100\/100\n|move|p1a: Greninja|Surf|p2a: Hoopa\n|-damage|p2a: Hoopa|70\/100\n|\n|upkeep\n|turn|9\n|\n|t:|1700860024\n|move|p1a: Greninja|Dark Pulse|p2a: Hoopa\n|-damage|p2a: Hoopa|45\/100\n|move|p2a: Hoopa|Focus Blast|p1a: Greninja|[miss]\n|-miss|p2a: Hoopa|p1a: Greninja\n|\n|upkeep\n|turn|10\n|\n|t:|1700860034\n|switch|p2a: Jolteon|Jolteon, F, tera:Ice|94\/100 brn\n|move|p1a: Greninja|Surf|p2a: Jolteon\n|-damage|p2a: Jolteon|44\/100 brn\n|\n|-damage|p2a: Jolteon|38\/100 brn|[from] brn\n|upkeep\n|turn|11\n|\n|t:|1700860041\n|move|p1a: Greninja|Water Shuriken|p2a: Jolteon\n|-crit|p2a: Jolteon\n|-damage|p2a: Jolteon|25\/100 brn\n|-crit|p2a: Jolteon\n|-damage|p2a: Jolteon|11\/100 brn\n|-damage|p2a: Jolteon|2\/100 brn\n|-damage|p2a: Jolteon|0 fnt\n|faint|p2a: Jolteon\n|-ability|p1a: Greninja|Battle Bond|boost\n|-boost|p1a: Greninja|atk|1\n|-boost|p1a: Greninja|spa|1\n|-boost|p1a: Greninja|spe|1\n|-activate|p1a: Greninja|ability: Battle Bond\n|-hitcount|p2: Jolteon|4\n|\n|upkeep\n|c|\u2606Logan2024|gg\n|\n|t:|1700860050\n|switch|p2a: Hoopa|Hoopa-Unbound|45\/100\n|turn|12\n|\n|t:|1700860071\n|move|p1a: Greninja|Ice Beam|p2a: Hoopa\n|-damage|p2a: Hoopa|16\/100\n|move|p2a: Hoopa|Thunderbolt|p1a: Greninja\n|-supereffective|p1a: Greninja\n|-damage|p1a: Greninja|0 fnt\n|faint|p1a: Greninja\n|\n|upkeep\n|\n|t:|1700860080\n|switch|p1a: Ribombee|Ribombee, F|100\/100\n|turn|13\n|\n|t:|1700860088\n|move|p1a: Ribombee|Moonblast|p2a: Hoopa\n|-supereffective|p2a: Hoopa\n|-damage|p2a: Hoopa|0 fnt\n|faint|p2a: Hoopa\n|\n|upkeep\n|\n|t:|1700860096\n|switch|p2a: Talonflame|Talonflame, F|100\/100\n|turn|14\n|\n|t:|1700860103\n|move|p2a: Talonflame|Dual Wingbeat|p1a: Ribombee\n|-supereffective|p1a: Ribombee\n|-damage|p1a: Ribombee|50\/100\n|-supereffective|p1a: Ribombee\n|-damage|p1a: Ribombee|0 fnt\n|faint|p1a: Ribombee\n|-hitcount|p1: Ribombee|2\n|\n|upkeep\n|\n|t:|1700860113\n|switch|p1a: Donphan|Donphan, F|100\/100\n|turn|15\n|\n|t:|1700860119\n|switch|p2a: Alomomola|Alomomola, F|34\/100\n|move|p1a: Donphan|Ice Spinner|p2a: Alomomola\n|-resisted|p2a: Alomomola\n|-damage|p2a: Alomomola|27\/100\n|-damage|p1a: Donphan|84\/100|[from] item: Rocky Helmet|[of] p2a: Alomomola\n|\n|upkeep\n|turn|16\n|\n|t:|1700860127\n|switch|p2a: Talonflame|Talonflame, F|100\/100\n|move|p1a: Donphan|Knock Off|p2a: Talonflame\n|-damage|p2a: Talonflame|47\/100\n|-enditem|p2a: Talonflame|Heavy-Duty Boots|[from] move: Knock Off|[of] p1a: Donphan\n|\n|upkeep\n|turn|17\n|\n|t:|1700860136\n|move|p2a: Talonflame|Roost|p2a: Talonflame\n|-heal|p2a: Talonflame|97\/100\n|-singleturn|p2a: Talonflame|move: Roost\n|move|p1a: Donphan|Ice Spinner|p2a: Talonflame\n|-resisted|p2a: Talonflame\n|-damage|p2a: Talonflame|77\/100\n|\n|upkeep\n|turn|18\n|\n|t:|1700860146\n|switch|p2a: Alomomola|Alomomola, F|60\/100\n|move|p1a: Donphan|Knock Off|p2a: Alomomola\n|-damage|p2a: Alomomola|41\/100\n|-damage|p1a: Donphan|67\/100|[from] item: Rocky Helmet|[of] p2a: Alomomola\n|-enditem|p2a: Alomomola|Rocky Helmet|[from] move: Knock Off|[of] p1a: Donphan\n|\n|upkeep\n|turn|19\n|\n|t:|1700860155\n|switch|p1a: Dragapult|Dragapult, M, tera:Dragon|47\/100\n|move|p2a: Alomomola|Flip Turn|p1a: Dragapult\n|-resisted|p1a: Dragapult\n|-damage|p1a: Dragapult|36\/100\n|\n|t:|1700860159\n|switch|p2a: Cinderace|Cinderace, F|69\/100|[from] Flip Turn\n|\n|upkeep\n|turn|20\n|\n|t:|1700860163\n|move|p2a: Cinderace|Sucker Punch|p1a: Dragapult\n|-start|p2a: Cinderace|typechange|Dark|[from] ability: Libero\n|-damage|p1a: Dragapult|0 fnt\n|faint|p1a: Dragapult\n|\n|upkeep\n|\n|t:|1700860168\n|switch|p1a: Donphan|Donphan, F|67\/100\n|turn|21\n|\n|t:|1700860174\n|switch|p2a: Alomomola|Alomomola, F|74\/100\n|switch|p1a: Gholdengo|Gholdengo|100\/100\n|-item|p1a: Gholdengo|Air Balloon\n|\n|upkeep\n|turn|22\n|\n|t:|1700860183\n|move|p1a: Gholdengo|Shadow Ball|p2a: Alomomola\n|-damage|p2a: Alomomola|35\/100\n|move|p2a: Alomomola|Flip Turn|p1a: Gholdengo\n|-damage|p1a: Gholdengo|86\/100\n|-enditem|p1a: Gholdengo|Air Balloon\n|\n|t:|1700860188\n|switch|p2a: Talonflame|Talonflame, F|77\/100|[from] Flip Turn\n|\n|upkeep\n|turn|23\n|\n|t:|1700860193\n|move|p2a: Talonflame|Overheat|p1a: Gholdengo\n|-supereffective|p1a: Gholdengo\n|-damage|p1a: Gholdengo|7\/100\n|-unboost|p2a: Talonflame|spa|2\n|move|p1a: Gholdengo|Nasty Plot|p1a: Gholdengo\n|-boost|p1a: Gholdengo|spa|2\n|\n|upkeep\n|turn|24\n|-message|Logan2024 forfeited.\n|\n|win|Jpatters1000\n|raw|Logan2024's rating: 1410 &rarr; <strong>1390<\/strong><br \/>(-20 for losing)\n|raw|Jpatters1000's rating: 1416 &rarr; <strong>1436<\/strong><br \/>(+20 for winning)\n|l|\u2606Logan2024\n","uploadtime":1700860233,"views":3,"p1id":"logan2024","p2id":"jpatters1000","formatid":"gen9ou","rating":1390,"private":0,"password":""}