{"id":"gen9ou-1990829824","p1":"SDK04","p2":"Agent T 37","format":"[Gen 9] OU","log":"|j|\u2606SDK04\n|j|\u2606Agent T 37\n|inactive|Battle timer is ON: inactive players will automatically lose when time's up.\n|t:|1700005197\n|gametype|singles\n|player|p1|SDK04|unknown|\n|player|p2|Agent T 37|wallace|\n|teamsize|p1|6\n|teamsize|p2|6\n|gen|9\n|tier|[Gen 9] OU\n|rated|Tournament battle\n|rule|Sleep Clause Mod: Limit one foe put to sleep\n|rule|Species Clause: Limit one of each Pok\u00e9mon\n|rule|OHKO Clause: OHKO moves are banned\n|rule|Evasion Items Clause: Evasion items are banned\n|rule|Evasion Moves Clause: Evasion moves are banned\n|rule|Endless Battle Clause: Forcing endless battles is banned\n|rule|HP Percentage Mod: HP is shown in percentages\n|clearpoke\n|poke|p1|Ninetales-Alola, M|\n|poke|p1|Ogerpon-Wellspring, F|\n|poke|p1|Mew|\n|poke|p1|Kingambit, F|\n|poke|p1|Gholdengo|\n|poke|p1|Salamence, M|\n|poke|p2|Dragonite, F|\n|poke|p2|Heatran, F|\n|poke|p2|Sneasler, F|\n|poke|p2|Iron Valiant|\n|poke|p2|Corviknight, M|\n|poke|p2|Sandy Shocks|\n|teampreview\n|inactive|Agent T 37 also wants the timer to be on.\n|j| spiderkitty410\n|\n|t:|1700005202\n|start\n|switch|p1a: cool window|Ninetales-Alola, M|100\/100\n|switch|p2a: Heatran|Heatran, F|100\/100\n|-weather|Snow|[from] ability: Snow Warning|[of] p1a: cool window\n|turn|1\n|\n|t:|1700005207\n|move|p1a: cool window|Aurora Veil|p1a: cool window\n|-sidestart|p1: SDK04|move: Aurora Veil\n|move|p2a: Heatran|Magma Storm|p1a: cool window\n|-supereffective|p1a: cool window\n|-damage|p1a: cool window|62\/100\n|-activate|p1a: cool window|move: Magma Storm|[of] p2a: Heatran\n|\n|-weather|Snow|[upkeep]\n|-damage|p1a: cool window|49\/100|[from] move: Magma Storm|[partiallytrapped]\n|upkeep\n|turn|2\n|\n|t:|1700005210\n|move|p1a: cool window|Encore|p2a: Heatran\n|-start|p2a: Heatran|Encore\n|move|p2a: Heatran|Magma Storm|p1a: cool window\n|-supereffective|p1a: cool window\n|-damage|p1a: cool window|10\/100\n|\n|-weather|Snow|[upkeep]\n|-damage|p1a: cool window|0 fnt|[from] move: Magma Storm|[partiallytrapped]\n|faint|p1a: cool window\n|upkeep\n|\n|t:|1700005212\n|switch|p1a: I miss Himiko\u2026|Salamence, M|100\/100\n|turn|3\n|j| pokemonisrigged725\n|\n|t:|1700005234\n|switch|p2a: Sneasler|Sneasler, F|100\/100\n|move|p1a: I miss Himiko\u2026|Dragon Dance|p1a: I miss Himiko\u2026\n|-boost|p1a: I miss Himiko\u2026|atk|1\n|-boost|p1a: I miss Himiko\u2026|spe|1\n|\n|-weather|Snow|[upkeep]\n|upkeep\n|turn|4\n|l| pokemonisrigged725\n|\n|t:|1700005237\n|move|p2a: Sneasler|Dire Claw|p1a: I miss Himiko\u2026\n|-damage|p1a: I miss Himiko\u2026|78\/100\n|-status|p1a: I miss Himiko\u2026|slp\n|cant|p1a: I miss Himiko\u2026|slp\n|\n|-weather|Snow|[upkeep]\n|upkeep\n|turn|5\n|\n|t:|1700005244\n|move|p2a: Sneasler|Dire Claw|p1a: I miss Himiko\u2026\n|-damage|p1a: I miss Himiko\u2026|55\/100 slp\n|-curestatus|p1a: I miss Himiko\u2026|slp|[msg]\n|move|p1a: I miss Himiko\u2026|Dragon Dance|p1a: I miss Himiko\u2026\n|-boost|p1a: I miss Himiko\u2026|atk|1\n|-boost|p1a: I miss Himiko\u2026|spe|1\n|\n|-weather|none\n|upkeep\n|turn|6\n|\n|t:|1700005258\n|move|p2a: Sneasler|Dire Claw|p1a: I miss Himiko\u2026\n|-damage|p1a: I miss Himiko\u2026|33\/100\n|move|p1a: I miss Himiko\u2026|Dual Wingbeat|p2a: Sneasler\n|-supereffective|p2a: Sneasler\n|-damage|p2a: Sneasler|0 fnt\n|faint|p2a: Sneasler\n|-ability|p1a: I miss Himiko\u2026|Moxie|boost\n|-boost|p1a: I miss Himiko\u2026|atk|1\n|-hitcount|p2: Sneasler|1\n|\n|upkeep\n|c|\u2606SDK04|Nah, I\u2019d win.\n|\n|t:|1700005264\n|switch|p2a: Dragonite|Dragonite, F|100\/100\n|turn|7\n|\n|t:|1700005266\n|move|p2a: Dragonite|Extreme Speed|p1a: I miss Himiko\u2026\n|-damage|p1a: I miss Himiko\u2026|14\/100\n|move|p1a: I miss Himiko\u2026|Roost|p1a: I miss Himiko\u2026\n|-heal|p1a: I miss Himiko\u2026|64\/100\n|-singleturn|p1a: I miss Himiko\u2026|move: Roost\n|\n|upkeep\n|turn|8\n|-message|Agent T 37 forfeited.\n|\n|win|SDK04\n|n|\u2606SDK04|sdk04\n|n|\u2606Agent T 37|agentt37\n|n| spiderkitty410|spiderkitty410\n|l|\u2606Agent T 37\n|l|\u2606SDK04\n|j|\u2606SDK04\n|player|p1|SDK04|unknown\n","uploadtime":1700005285,"views":12,"p1id":"sdk04","p2id":"agentt37","formatid":"gen9ou","rating":0,"private":0,"password":""}