{"id":"gen9ou-1990032874","p1":"Shotokekipurin","p2":"Moot251","format":"[Gen 9] OU","log":"|j|\u2606Shotokekipurin\n|j|\u2606Moot251\n|t:|1699917358\n|gametype|singles\n|player|p1|Shotokekipurin|rosa-masters|\n|player|p2|Moot251|2|\n|teamsize|p1|6\n|teamsize|p2|6\n|gen|9\n|tier|[Gen 9] OU\n|rule|Sleep Clause Mod: Limit one foe put to sleep\n|rule|Species Clause: Limit one of each Pok\u00e9mon\n|rule|OHKO Clause: OHKO moves are banned\n|rule|Evasion Items Clause: Evasion items are banned\n|rule|Evasion Moves Clause: Evasion moves are banned\n|rule|Endless Battle Clause: Forcing endless battles is banned\n|rule|HP Percentage Mod: HP is shown in percentages\n|clearpoke\n|poke|p1|Greninja-*, M|\n|poke|p1|Pelipper, M|\n|poke|p1|Manaphy|\n|poke|p1|Ogerpon-Wellspring, F|\n|poke|p1|Gastrodon, F|\n|poke|p1|Rotom-Wash|\n|poke|p2|Dondozo, M|\n|poke|p2|Ceruledge, F|\n|poke|p2|Iron Valiant|\n|poke|p2|Articuno|\n|poke|p2|Ursaluna, M|\n|poke|p2|Iron Treads|\n|teampreview\n|c|\u2606Shotokekipurin|Glhf\n|c|\u2606Moot251|oh boy...\n|\n|t:|1699917391\n|start\n|switch|p1a: Rotom|Rotom-Wash, shiny|100\/100\n|switch|p2a: Iron Treads|Iron Treads|100\/100\n|-enditem|p2a: Iron Treads|Booster Energy\n|-activate|p2a: Iron Treads|ability: Quark Drive|[fromitem]\n|-start|p2a: Iron Treads|quarkdrivespe\n|turn|1\n|\n|t:|1699917400\n|move|p2a: Iron Treads|Stealth Rock|p1a: Rotom\n|-sidestart|p1: Shotokekipurin|move: Stealth Rock\n|move|p1a: Rotom|Will-O-Wisp|p2a: Iron Treads|[miss]\n|-miss|p1a: Rotom|p2a: Iron Treads\n|\n|upkeep\n|turn|2\n|\n|t:|1699917415\n|move|p2a: Iron Treads|Volt Switch|p1a: Rotom\n|-damage|p1a: Rotom|86\/100\n|\n|t:|1699917421\n|-end|p2a: Iron Treads|Quark Drive|[silent]\n|switch|p2a: Ceruledge|Ceruledge, F|100\/100|[from] Volt Switch\n|move|p1a: Rotom|Hydro Pump|p2a: Ceruledge\n|-supereffective|p2a: Ceruledge\n|-damage|p2a: Ceruledge|0 fnt\n|faint|p2a: Ceruledge\n|\n|-heal|p1a: Rotom|92\/100|[from] item: Leftovers\n|upkeep\n|\n|t:|1699917442\n|switch|p2a: Iron Valiant|Iron Valiant|100\/100\n|-enditem|p2a: Iron Valiant|Booster Energy\n|-activate|p2a: Iron Valiant|ability: Quark Drive|[fromitem]\n|-start|p2a: Iron Valiant|quarkdrivespe\n|turn|3\n|\n|t:|1699917471\n|-terastallize|p2a: Iron Valiant|Fairy\n|move|p2a: Iron Valiant|Moonblast|p1a: Rotom\n|-damage|p1a: Rotom|2\/100\n|-unboost|p1a: Rotom|spa|1\n|move|p1a: Rotom|Will-O-Wisp|p2a: Iron Valiant\n|-status|p2a: Iron Valiant|brn\n|\n|-heal|p1a: Rotom|8\/100|[from] item: Leftovers\n|-damage|p2a: Iron Valiant|94\/100 brn|[from] brn\n|upkeep\n|turn|4\n|\n|t:|1699917484\n|move|p2a: Iron Valiant|Moonblast|p1a: Rotom\n|-damage|p1a: Rotom|0 fnt\n|faint|p1a: Rotom\n|\n|-damage|p2a: Iron Valiant|88\/100 brn|[from] brn\n|upkeep\n|\n|t:|1699917491\n|switch|p1a: Gastrodon|Gastrodon, F, shiny|100\/100\n|-damage|p1a: Gastrodon|94\/100|[from] Stealth Rock\n|turn|5\n|c|\u2606Moot251|you fool! im a special attacker!!\n|\n|t:|1699917510\n|move|p2a: Iron Valiant|Moonblast|p1a: Gastrodon\n|-damage|p1a: Gastrodon|54\/100\n|-unboost|p1a: Gastrodon|spa|1\n|move|p1a: Gastrodon|Chilling Water|p2a: Iron Valiant\n|-damage|p2a: Iron Valiant|68\/100 brn\n|-unboost|p2a: Iron Valiant|atk|1\n|\n|-heal|p1a: Gastrodon|61\/100|[from] item: Leftovers\n|-damage|p2a: Iron Valiant|62\/100 brn|[from] brn\n|upkeep\n|turn|6\n|c|\u2606Shotokekipurin|Lmao\n|\n|t:|1699917525\n|move|p2a: Iron Valiant|Moonblast|p1a: Gastrodon\n|-damage|p1a: Gastrodon|23\/100\n|move|p1a: Gastrodon|Recover|p1a: Gastrodon\n|-heal|p1a: Gastrodon|73\/100\n|\n|-heal|p1a: Gastrodon|79\/100|[from] item: Leftovers\n|-damage|p2a: Iron Valiant|56\/100 brn|[from] brn\n|upkeep\n|turn|7\n|\n|t:|1699917553\n|-end|p2a: Iron Valiant|Quark Drive|[silent]\n|switch|p2a: Ursaluna|Ursaluna, M|100\/100\n|move|p1a: Gastrodon|Stealth Rock|p2a: Ursaluna\n|-sidestart|p2: Moot251|move: Stealth Rock\n|\n|-heal|p1a: Gastrodon|85\/100|[from] item: Leftovers\n|-status|p2a: Ursaluna|brn|[from] item: Flame Orb\n|upkeep\n|turn|8\n|c|\u2606Shotokekipurin|I thought it lowered spa frfr\n|\n|t:|1699917571\n|switch|p1a: Pelipper|Pelipper, M, shiny|100\/100\n|-damage|p1a: Pelipper|76\/100|[from] Stealth Rock\n|-weather|RainDance|[from] ability: Drizzle|[of] p1a: Pelipper\n|move|p2a: Ursaluna|Facade|p1a: Pelipper\n|-damage|p1a: Pelipper|0 fnt\n|faint|p1a: Pelipper\n|\n|-weather|RainDance|[upkeep]\n|-damage|p2a: Ursaluna|94\/100 brn|[from] brn\n|upkeep\n|\n|t:|1699917582\n|switch|p1a: Ogerpon|Ogerpon-Wellspring, F|100\/100\n|-damage|p1a: Ogerpon|88\/100|[from] Stealth Rock\n|turn|9\n|\n|t:|1699917611\n|move|p1a: Ogerpon|Ivy Cudgel|p2a: Ursaluna\n|-supereffective|p2a: Ursaluna\n|-damage|p2a: Ursaluna|0 fnt\n|faint|p2a: Ursaluna\n|\n|-weather|RainDance|[upkeep]\n|upkeep\n|\n|t:|1699917620\n|switch|p2a: Articuno|Articuno|100\/100\n|-ability|p2a: Articuno|Pressure\n|turn|10\n|\n|t:|1699917628\n|-terastallize|p1a: Ogerpon|Water\n|detailschange|p1a: Ogerpon|Ogerpon-Wellspring-Tera, F, tera:Water\n|-ability|p1a: Ogerpon|Embody Aspect (Wellspring)|boost\n|-boost|p1a: Ogerpon|spd|1\n|move|p1a: Ogerpon|Ivy Cudgel|p2a: Articuno\n|-damage|p2a: Articuno|0 fnt\n|faint|p2a: Articuno\n|\n|-weather|RainDance|[upkeep]\n|upkeep\n|c|\u2606Moot251|gg\n|c|\u2606Moot251|i have no grass\n|c|\u2606Moot251|zzzz\n|\n|t:|1699917641\n|switch|p2a: Iron Valiant|Iron Valiant, tera:Fairy|56\/100 brn\n|-damage|p2a: Iron Valiant|44\/100 brn|[from] Stealth Rock\n|turn|11\n|\n|t:|1699917647\n|move|p2a: Iron Valiant|Thunderbolt|p1a: Ogerpon\n|-supereffective|p1a: Ogerpon\n|-damage|p1a: Ogerpon|44\/100\n|move|p1a: Ogerpon|Horn Leech|p2a: Iron Valiant\n|-damage|p2a: Iron Valiant|0 fnt\n|-heal|p1a: Ogerpon|65\/100|[from] drain|[of] p2a: Iron Valiant\n|faint|p2a: Iron Valiant\n|-end|p2a: Iron Valiant|Quark Drive|[silent]\n|\n|-weather|RainDance|[upkeep]\n|upkeep\n|\n|t:|1699917656\n|switch|p2a: Dondozo|Dondozo, M|100\/100\n|-damage|p2a: Dondozo|88\/100|[from] Stealth Rock\n|turn|12\n|c|\u2606Shotokekipurin|Ggwp\n|\n|t:|1699917663\n|move|p1a: Ogerpon|Horn Leech|p2a: Dondozo\n|-supereffective|p2a: Dondozo\n|-damage|p2a: Dondozo|35\/100\n|-heal|p1a: Ogerpon|100\/100|[from] drain|[of] p2a: Dondozo\n|move|p2a: Dondozo|Wave Crash|p1a: Ogerpon\n|-resisted|p1a: Ogerpon\n|-damage|p1a: Ogerpon|46\/100\n|-damage|p2a: Dondozo|25\/100|[from] Recoil\n|\n|-weather|RainDance|[upkeep]\n|upkeep\n|turn|13\n|\n|t:|1699917673\n|move|p1a: Ogerpon|Horn Leech|p2a: Dondozo\n|-supereffective|p2a: Dondozo\n|-damage|p2a: Dondozo|0 fnt\n|-heal|p1a: Ogerpon|66\/100|[from] drain|[of] p2a: Dondozo\n|faint|p2a: Dondozo\n|\n|-weather|RainDance|[upkeep]\n|upkeep\n|-message|Moot251 forfeited.\n|\n|win|Shotokekipurin\n|l|\u2606Moot251\n","uploadtime":1699917682,"views":18,"p1id":"shotokekipurin","p2id":"moot251","formatid":"gen9ou","rating":0,"private":0,"password":""}