{"id":"gen9ou-1997722992","p1":"ratatta17","p2":"pokpp","format":"[Gen 9] OU","log":"|j|\u2606ratatta17\n|j|\u2606pokpp\n|t:|1700845770\n|gametype|singles\n|player|p1|ratatta17|1|1477\n|player|p2|pokpp|grimsley|1553\n|teamsize|p1|6\n|teamsize|p2|6\n|gen|9\n|tier|[Gen 9] OU\n|rated|\n|rule|Sleep Clause Mod: Limit one foe put to sleep\n|rule|Species Clause: Limit one of each Pok\u00e9mon\n|rule|OHKO Clause: OHKO moves are banned\n|rule|Evasion Items Clause: Evasion items are banned\n|rule|Evasion Moves Clause: Evasion moves are banned\n|rule|Endless Battle Clause: Forcing endless battles is banned\n|rule|HP Percentage Mod: HP is shown in percentages\n|clearpoke\n|poke|p1|Azumarill, M|\n|poke|p1|Staraptor, M|\n|poke|p1|Toedscruel, M|\n|poke|p1|Skeledirge, F|\n|poke|p1|Ninetales-Alola, F|\n|poke|p1|Iron Valiant|\n|poke|p2|Dragapult, F|\n|poke|p2|Heatran, M|\n|poke|p2|Cinderace, F|\n|poke|p2|Great Tusk|\n|poke|p2|Corviknight, F|\n|poke|p2|Hoopa-Unbound|\n|teampreview\n|inactive|Battle timer is ON: inactive players will automatically lose when time's up. (requested by pokpp)\n|\n|t:|1700845775\n|start\n|switch|p1a: Staraptor|Staraptor, M|100\/100\n|switch|p2a: Cinderace|Cinderace, F|100\/100\n|-ability|p1a: Staraptor|Intimidate|boost\n|-unboost|p2a: Cinderace|atk|1\n|turn|1\n|\n|t:|1700845782\n|move|p1a: Staraptor|Final Gambit|p2a: Cinderace\n|-damage|p2a: Cinderace|0 fnt\n|faint|p1a: Staraptor\n|faint|p2a: Cinderace\n|\n|upkeep\n|\n|t:|1700845790\n|switch|p2a: Heatran|Heatran, M|100\/100\n|switch|p1a: Ninetales|Ninetales-Alola, F|100\/100\n|-weather|Snow|[from] ability: Snow Warning|[of] p1a: Ninetales\n|turn|2\n|\n|t:|1700845794\n|switch|p1a: Toedscruel|Toedscruel, M|100\/100\n|move|p2a: Heatran|Magma Storm|p1a: Toedscruel\n|-supereffective|p1a: Toedscruel\n|-damage|p1a: Toedscruel|43\/100\n|-activate|p1a: Toedscruel|move: Magma Storm|[of] p2a: Heatran\n|\n|-weather|Snow|[upkeep]\n|-heal|p1a: Toedscruel|49\/100|[from] item: Leftovers\n|-damage|p1a: Toedscruel|36\/100|[from] move: Magma Storm|[partiallytrapped]\n|upkeep\n|turn|3\n|\n|t:|1700845801\n|switch|p2a: Corviknight|Corviknight, F|100\/100\n|move|p1a: Toedscruel|Knock Off|p2a: Corviknight\n|-damage|p2a: Corviknight|87\/100\n|-enditem|p2a: Corviknight|Covert Cloak|[from] move: Knock Off|[of] p1a: Toedscruel\n|\n|-weather|Snow|[upkeep]\n|-heal|p1a: Toedscruel|43\/100|[from] item: Leftovers\n|-end|p1a: Toedscruel|Magma Storm|[partiallytrapped]|[silent]\n|upkeep\n|turn|4\n|\n|t:|1700845806\n|switch|p1a: Skeledirge|Skeledirge, F|100\/100\n|move|p2a: Corviknight|Brave Bird|p1a: Skeledirge\n|-damage|p1a: Skeledirge|71\/100\n|-damage|p2a: Corviknight|76\/100|[from] Recoil\n|\n|-weather|Snow|[upkeep]\n|-heal|p1a: Skeledirge|77\/100|[from] item: Leftovers\n|upkeep\n|turn|5\n|\n|t:|1700845813\n|switch|p2a: Heatran|Heatran, M|100\/100\n|move|p1a: Skeledirge|Hex|p2a: Heatran\n|-damage|p2a: Heatran|74\/100\n|\n|-weather|Snow|[upkeep]\n|-heal|p2a: Heatran|81\/100|[from] item: Leftovers\n|-heal|p1a: Skeledirge|84\/100|[from] item: Leftovers\n|upkeep\n|turn|6\n|\n|t:|1700845818\n|switch|p1a: Toedscruel|Toedscruel, M|43\/100\n|move|p2a: Heatran|Will-O-Wisp|p1a: Toedscruel\n|-status|p1a: Toedscruel|brn\n|\n|-weather|none\n|-heal|p1a: Toedscruel|49\/100 brn|[from] item: Leftovers\n|-heal|p2a: Heatran|87\/100|[from] item: Leftovers\n|-damage|p1a: Toedscruel|43\/100 brn|[from] brn\n|upkeep\n|turn|7\n|\n|t:|1700845824\n|move|p1a: Toedscruel|Knock Off|p2a: Heatran\n|-damage|p2a: Heatran|81\/100\n|-enditem|p2a: Heatran|Leftovers|[from] move: Knock Off|[of] p1a: Toedscruel\n|move|p2a: Heatran|Magma Storm|p1a: Toedscruel|[miss]\n|-miss|p2a: Heatran|p1a: Toedscruel\n|\n|-heal|p1a: Toedscruel|49\/100 brn|[from] item: Leftovers\n|-damage|p1a: Toedscruel|43\/100 brn|[from] brn\n|upkeep\n|turn|8\n|\n|t:|1700845831\n|switch|p1a: Skeledirge|Skeledirge, F|84\/100\n|switch|p2a: Corviknight|Corviknight, F|76\/100\n|\n|-heal|p1a: Skeledirge|90\/100|[from] item: Leftovers\n|upkeep\n|turn|9\n|\n|t:|1700845836\n|move|p2a: Corviknight|Roost|p2a: Corviknight\n|-heal|p2a: Corviknight|100\/100\n|-singleturn|p2a: Corviknight|move: Roost\n|move|p1a: Skeledirge|Hex|p2a: Corviknight\n|-damage|p2a: Corviknight|81\/100\n|\n|-heal|p1a: Skeledirge|96\/100|[from] item: Leftovers\n|upkeep\n|turn|10\n|\n|t:|1700845840\n|switch|p2a: Hoopa|Hoopa-Unbound|100\/100\n|move|p1a: Skeledirge|Will-O-Wisp|p2a: Hoopa\n|-status|p2a: Hoopa|brn\n|\n|-heal|p1a: Skeledirge|100\/100|[from] item: Leftovers\n|-damage|p2a: Hoopa|95\/100 brn|[from] brn\n|upkeep\n|turn|11\n|\n|t:|1700845847\n|switch|p1a: Ninetales|Ninetales-Alola, F|100\/100\n|-weather|Snow|[from] ability: Snow Warning|[of] p1a: Ninetales\n|move|p2a: Hoopa|Psychic|p1a: Ninetales\n|-damage|p1a: Ninetales|35\/100\n|\n|-weather|Snow|[upkeep]\n|-damage|p2a: Hoopa|89\/100 brn|[from] brn\n|upkeep\n|turn|12\n|\n|t:|1700845859\n|move|p1a: Ninetales|Aurora Veil|p1a: Ninetales\n|-sidestart|p1: ratatta17|move: Aurora Veil\n|move|p2a: Hoopa|Psychic|p1a: Ninetales\n|-damage|p1a: Ninetales|7\/100\n|\n|-weather|Snow|[upkeep]\n|-damage|p2a: Hoopa|83\/100 brn|[from] brn\n|upkeep\n|turn|13\n|\n|t:|1700845864\n|switch|p1a: Skeledirge|Skeledirge, F|100\/100\n|switch|p2a: Heatran|Heatran, M|81\/100\n|\n|-weather|Snow|[upkeep]\n|upkeep\n|turn|14\n|\n|t:|1700845869\n|move|p2a: Heatran|Magma Storm|p1a: Skeledirge\n|-resisted|p1a: Skeledirge\n|-damage|p1a: Skeledirge|92\/100\n|-activate|p1a: Skeledirge|move: Magma Storm|[of] p2a: Heatran\n|move|p1a: Skeledirge|Hex|p2a: Heatran\n|-damage|p2a: Heatran|57\/100\n|\n|-weather|Snow|[upkeep]\n|-heal|p1a: Skeledirge|98\/100|[from] item: Leftovers\n|-damage|p1a: Skeledirge|86\/100|[from] move: Magma Storm|[partiallytrapped]\n|upkeep\n|turn|15\n|\n|t:|1700845876\n|move|p2a: Heatran|Earth Power|p1a: Skeledirge\n|-supereffective|p1a: Skeledirge\n|-damage|p1a: Skeledirge|63\/100\n|move|p1a: Skeledirge|Hex|p2a: Heatran\n|-damage|p2a: Heatran|33\/100\n|\n|-weather|none\n|-heal|p1a: Skeledirge|69\/100|[from] item: Leftovers\n|-damage|p1a: Skeledirge|57\/100|[from] move: Magma Storm|[partiallytrapped]\n|upkeep\n|turn|16\n|\n|t:|1700845885\n|move|p2a: Heatran|Earth Power|p1a: Skeledirge\n|-supereffective|p1a: Skeledirge\n|-damage|p1a: Skeledirge|37\/100\n|move|p1a: Skeledirge|Slack Off|p1a: Skeledirge\n|-heal|p1a: Skeledirge|87\/100\n|\n|-heal|p1a: Skeledirge|93\/100|[from] item: Leftovers\n|-damage|p1a: Skeledirge|80\/100|[from] move: Magma Storm|[partiallytrapped]\n|upkeep\n|turn|17\n|\n|t:|1700845889\n|move|p2a: Heatran|Earth Power|p1a: Skeledirge\n|-supereffective|p1a: Skeledirge\n|-damage|p1a: Skeledirge|60\/100\n|move|p1a: Skeledirge|Hex|p2a: Heatran\n|-damage|p2a: Heatran|9\/100\n|\n|-heal|p1a: Skeledirge|66\/100|[from] item: Leftovers\n|-damage|p1a: Skeledirge|53\/100|[from] move: Magma Storm|[partiallytrapped]\n|upkeep\n|turn|18\n|\n|t:|1700845893\n|move|p2a: Heatran|Earth Power|p1a: Skeledirge\n|-supereffective|p1a: Skeledirge\n|-damage|p1a: Skeledirge|33\/100\n|move|p1a: Skeledirge|Hex|p2a: Heatran\n|-damage|p2a: Heatran|0 fnt\n|faint|p2a: Heatran\n|\n|-heal|p1a: Skeledirge|39\/100|[from] item: Leftovers\n|-end|p1a: Skeledirge|Magma Storm|[partiallytrapped]|[silent]\n|upkeep\n|\n|t:|1700845896\n|switch|p2a: Dragapult|Dragapult, F|100\/100\n|turn|19\n|\n|t:|1700845902\n|move|p2a: Dragapult|Shadow Ball|p1a: Skeledirge\n|-supereffective|p1a: Skeledirge\n|-damage|p1a: Skeledirge|0 fnt\n|faint|p1a: Skeledirge\n|\n|-sideend|p1: ratatta17|move: Aurora Veil\n|upkeep\n|\n|t:|1700845909\n|switch|p1a: Azumarill|Azumarill, M|100\/100\n|turn|20\n|\n|t:|1700845917\n|switch|p2a: Corviknight|Corviknight, F|81\/100\n|switch|p1a: Ninetales|Ninetales-Alola, F|7\/100\n|-weather|Snow|[from] ability: Snow Warning|[of] p1a: Ninetales\n|\n|-weather|Snow|[upkeep]\n|upkeep\n|turn|21\n|\n|t:|1700845920\n|move|p1a: Ninetales|Aurora Veil|p1a: Ninetales\n|-sidestart|p1: ratatta17|move: Aurora Veil\n|move|p2a: Corviknight|Brave Bird|p1a: Ninetales\n|-damage|p1a: Ninetales|0 fnt\n|faint|p1a: Ninetales\n|-damage|p2a: Corviknight|79\/100|[from] Recoil\n|\n|-weather|Snow|[upkeep]\n|upkeep\n|\n|t:|1700845927\n|switch|p1a: Iron Valiant|Iron Valiant|100\/100\n|turn|22\n|\n|t:|1700845931\n|move|p1a: Iron Valiant|Thunderbolt|p2a: Corviknight\n|-supereffective|p2a: Corviknight\n|-damage|p2a: Corviknight|18\/100\n|-damage|p1a: Iron Valiant|91\/100|[from] item: Life Orb\n|move|p2a: Corviknight|Bulk Up|p2a: Corviknight\n|-boost|p2a: Corviknight|atk|1\n|-boost|p2a: Corviknight|def|1\n|\n|-weather|Snow|[upkeep]\n|upkeep\n|turn|23\n|\n|t:|1700845935\n|move|p1a: Iron Valiant|Thunderbolt|p2a: Corviknight\n|-supereffective|p2a: Corviknight\n|-damage|p2a: Corviknight|0 fnt\n|faint|p2a: Corviknight\n|-damage|p1a: Iron Valiant|81\/100|[from] item: Life Orb\n|\n|-weather|Snow|[upkeep]\n|upkeep\n|\n|t:|1700845938\n|switch|p2a: Dragapult|Dragapult, F|100\/100\n|turn|24\n|\n|t:|1700845943\n|-terastallize|p2a: Dragapult|Fire\n|move|p2a: Dragapult|Shadow Ball|p1a: Iron Valiant\n|-damage|p1a: Iron Valiant|0 fnt\n|faint|p1a: Iron Valiant\n|-end|p1a: Iron Valiant|Quark Drive|[silent]\n|\n|-weather|none\n|upkeep\n|\n|t:|1700845953\n|switch|p1a: Azumarill|Azumarill, M|100\/100\n|turn|25\n|\n|t:|1700845963\n|switch|p2a: Great Tusk|Great Tusk|100\/100\n|move|p1a: Azumarill|Belly Drum|p1a: Azumarill\n|-damage|p1a: Azumarill|50\/100\n|-setboost|p1a: Azumarill|atk|6|[from] move: Belly Drum\n|-enditem|p1a: Azumarill|Sitrus Berry|[eat]\n|-heal|p1a: Azumarill|75\/100|[from] item: Sitrus Berry\n|\n|upkeep\n|turn|26\n|\n|t:|1700845970\n|move|p1a: Azumarill|Aqua Jet|p2a: Great Tusk\n|-supereffective|p2a: Great Tusk\n|-damage|p2a: Great Tusk|0 fnt\n|faint|p2a: Great Tusk\n|-end|p2a: Great Tusk|Protosynthesis|[silent]\n|\n|upkeep\n|-message|pokpp forfeited.\n|\n|win|ratatta17\n|raw|ratatta17's rating: 1477 &rarr; <strong>1501<\/strong><br \/>(+24 for winning)\n|raw|pokpp's rating: 1553 &rarr; <strong>1529<\/strong><br \/>(-24 for losing)\n|l|\u2606pokpp\n","uploadtime":1700845978,"views":3,"p1id":"ratatta17","p2id":"pokpp","formatid":"gen9ou","rating":1501,"private":0,"password":""}