{"id":"gen9ou-1989347191","p1":"Exusiai-PngnLgstcs","p2":"skawa","format":"[Gen 9] OU","log":"|j|\u2606Exusiai-PngnLgstcs\n|j|\u2606skawa\n|t:|1699839090\n|gametype|singles\n|player|p1|Exusiai-PngnLgstcs|dawn-gen4pt|\n|player|p2|skawa|giovanni|\n|teamsize|p1|6\n|teamsize|p2|6\n|gen|9\n|tier|[Gen 9] OU\n|rule|Sleep Clause Mod: Limit one foe put to sleep\n|rule|Species Clause: Limit one of each Pok\u00e9mon\n|rule|OHKO Clause: OHKO moves are banned\n|rule|Evasion Items Clause: Evasion items are banned\n|rule|Evasion Moves Clause: Evasion moves are banned\n|rule|Endless Battle Clause: Forcing endless battles is banned\n|rule|HP Percentage Mod: HP is shown in percentages\n|clearpoke\n|poke|p1|Heatran, M|\n|poke|p1|Zamazenta-*|\n|poke|p1|Bellibolt, M|\n|poke|p1|Landorus-Therian, M|\n|poke|p1|Cloyster, M|\n|poke|p1|Gengar, M|\n|poke|p2|Toxapex, F|\n|poke|p2|Jirachi|\n|poke|p2|Sableye, F|\n|poke|p2|Dragonite, F|\n|poke|p2|Rotom-Wash|\n|poke|p2|Hoopa-Unbound|\n|teampreview\n|\n|t:|1699839102\n|start\n|switch|p1a: FAT ABSORPTION|Bellibolt, M|100\/100\n|switch|p2a: The guy|Jirachi, shiny|100\/100\n|turn|1\n|c|\u2606skawa|can u hold\n|c|\u2606skawa|a sec\n|c|\u2606Exusiai-PngnLgstcs|yes dw\n|j| Juroni\n|c|\u2606skawa|kk back cat was nagging me for food\n|\n|t:|1699839303\n|move|p2a: The guy|U-turn|p1a: FAT ABSORPTION\n|-damage|p1a: FAT ABSORPTION|88\/100\n|-start|p1a: FAT ABSORPTION|Charge|U-turn|[from] ability: Electromorphosis\n|\n|t:|1699839309\n|switch|p2a: The wash|Rotom-Wash, shiny|100\/100|[from] U-turn\n|move|p1a: FAT ABSORPTION|Volt Switch|p2a: The wash\n|-damage|p2a: The wash|58\/100\n|-end|p1a: FAT ABSORPTION|Charge|[silent]\n|c|\u2606Exusiai-PngnLgstcs|i understand my cats do the same LMAO\n|\n|t:|1699839349\n|switch|p1a: MAGICIANS RED|Heatran, M|100\/100|[from] Volt Switch\n|\n|-heal|p2a: The wash|64\/100|[from] item: Leftovers\n|upkeep\n|turn|2\n|c|\u2606skawa|lmfao she likes to sit in front of the screen and meow really loud so i have no choice but to feed her\n|\n|t:|1699839364\n|-terastallize|p1a: MAGICIANS RED|Grass\n|move|p2a: The wash|Protect|p2a: The wash\n|-singleturn|p2a: The wash|Protect\n|move|p1a: MAGICIANS RED|Magma Storm|p2a: The wash\n|-activate|p2a: The wash|move: Protect\n|\n|-heal|p2a: The wash|70\/100|[from] item: Leftovers\n|upkeep\n|turn|3\n|\n|t:|1699839374\n|move|p2a: The wash|Volt Switch|p1a: MAGICIANS RED\n|-resisted|p1a: MAGICIANS RED\n|-damage|p1a: MAGICIANS RED|90\/100\n|\n|t:|1699839376\n|switch|p2a: The pex|Toxapex, F, shiny|100\/100|[from] Volt Switch\n|move|p1a: MAGICIANS RED|Magma Storm|p2a: The pex\n|-resisted|p2a: The pex\n|-damage|p2a: The pex|78\/100\n|-activate|p2a: The pex|move: Magma Storm|[of] p1a: MAGICIANS RED\n|\n|-heal|p1a: MAGICIANS RED|96\/100|[from] item: Leftovers\n|-heal|p2a: The pex|84\/100|[from] item: Leftovers\n|-damage|p2a: The pex|72\/100|[from] move: Magma Storm|[partiallytrapped]\n|upkeep\n|turn|4\n|c|\u2606skawa|oh fuck\n|\n|t:|1699839398\n|move|p1a: MAGICIANS RED|Earth Power|p2a: The pex\n|-supereffective|p2a: The pex\n|-damage|p2a: The pex|22\/100\n|-unboost|p2a: The pex|spd|1\n|move|p2a: The pex|Toxic Spikes|p1a: MAGICIANS RED\n|-sidestart|p1: Exusiai-PngnLgstcs|move: Toxic Spikes\n|\n|-heal|p1a: MAGICIANS RED|100\/100|[from] item: Leftovers\n|-heal|p2a: The pex|28\/100|[from] item: Leftovers\n|-damage|p2a: The pex|15\/100|[from] move: Magma Storm|[partiallytrapped]\n|upkeep\n|turn|5\n|\n|t:|1699839408\n|move|p1a: MAGICIANS RED|Earth Power|p2a: The pex\n|-supereffective|p2a: The pex\n|-damage|p2a: The pex|0 fnt\n|faint|p2a: The pex\n|\n|upkeep\n|\n|t:|1699839416\n|switch|p2a: Dragonite|Dragonite, F|100\/100\n|turn|6\n|\n|t:|1699839445\n|switch|p2a: Hoopa|Hoopa-Unbound|100\/100\n|switch|p1a: KARS SAMA|Landorus-Therian, M|100\/100\n|-ability|p1a: KARS SAMA|Intimidate|boost\n|-unboost|p2a: Hoopa|atk|1\n|\n|upkeep\n|turn|7\n|\n|t:|1699839479\n|switch|p2a: The wash|Rotom-Wash, shiny|70\/100\n|move|p1a: KARS SAMA|U-turn|p2a: The wash\n|-damage|p2a: The wash|44\/100\n|\n|t:|1699839486\n|switch|p1a: sorry no joke here|Gengar, M|100\/100|[from] U-turn\n|-sideend|p1: Exusiai-PngnLgstcs|move: Toxic Spikes|[of] p1a: sorry no joke here\n|\n|-heal|p2a: The wash|50\/100|[from] item: Leftovers\n|upkeep\n|turn|8\n|\n|t:|1699839496\n|move|p1a: sorry no joke here|Shadow Ball|p2a: The wash\n|-damage|p2a: The wash|0 fnt\n|faint|p2a: The wash\n|\n|upkeep\n|\n|t:|1699839500\n|switch|p2a: The guy|Jirachi, shiny|100\/100\n|turn|9\n|\n|t:|1699839516\n|move|p2a: The guy|Ice Punch|p1a: sorry no joke here\n|-damage|p1a: sorry no joke here|56\/100\n|move|p1a: sorry no joke here|Shadow Ball|p2a: The guy\n|-supereffective|p2a: The guy\n|-damage|p2a: The guy|0 fnt\n|faint|p2a: The guy\n|\n|upkeep\n|\n|t:|1699839523\n|switch|p2a: Sableye|Sableye, F|100\/100\n|turn|10\n|\n|t:|1699839527\n|move|p1a: sorry no joke here|Shadow Ball|p2a: Sableye\n|-damage|p2a: Sableye|33\/100\n|-unboost|p2a: Sableye|spd|1\n|move|p2a: Sableye|Knock Off|p1a: sorry no joke here\n|-supereffective|p1a: sorry no joke here\n|-damage|p1a: sorry no joke here|0 fnt\n|-enditem|p1a: sorry no joke here|Choice Specs|[from] move: Knock Off|[of] p2a: Sableye\n|faint|p1a: sorry no joke here\n|\n|-heal|p2a: Sableye|39\/100|[from] item: Leftovers\n|upkeep\n|\n|t:|1699839546\n|switch|p1a: SILVER CHARIOT|Cloyster, M, shiny|100\/100\n|turn|11\n|\n|t:|1699839565\n|move|p2a: Sableye|Will-O-Wisp|p1a: SILVER CHARIOT\n|-status|p1a: SILVER CHARIOT|brn\n|move|p1a: SILVER CHARIOT|Shell Smash|p1a: SILVER CHARIOT\n|-unboost|p1a: SILVER CHARIOT|def|1\n|-unboost|p1a: SILVER CHARIOT|spd|1\n|-boost|p1a: SILVER CHARIOT|atk|2\n|-boost|p1a: SILVER CHARIOT|spa|2\n|-boost|p1a: SILVER CHARIOT|spe|2\n|\n|-heal|p2a: Sableye|45\/100|[from] item: Leftovers\n|-damage|p1a: SILVER CHARIOT|94\/100 brn|[from] brn\n|upkeep\n|turn|12\n|\n|t:|1699839570\n|move|p1a: SILVER CHARIOT|Shell Smash|p1a: SILVER CHARIOT\n|-unboost|p1a: SILVER CHARIOT|def|1\n|-unboost|p1a: SILVER CHARIOT|spd|1\n|-boost|p1a: SILVER CHARIOT|atk|2\n|-boost|p1a: SILVER CHARIOT|spa|2\n|-boost|p1a: SILVER CHARIOT|spe|2\n|move|p2a: Sableye|Knock Off|p1a: SILVER CHARIOT\n|-damage|p1a: SILVER CHARIOT|47\/100 brn\n|-enditem|p1a: SILVER CHARIOT|Focus Sash|[from] move: Knock Off|[of] p2a: Sableye\n|\n|-heal|p2a: Sableye|51\/100|[from] item: Leftovers\n|-damage|p1a: SILVER CHARIOT|40\/100 brn|[from] brn\n|upkeep\n|turn|13\n|\n|t:|1699839577\n|move|p2a: Sableye|Protect|p2a: Sableye\n|-singleturn|p2a: Sableye|Protect\n|move|p1a: SILVER CHARIOT|Icicle Spear|p2a: Sableye\n|-activate|p2a: Sableye|move: Protect\n|\n|-heal|p2a: Sableye|57\/100|[from] item: Leftovers\n|-damage|p1a: SILVER CHARIOT|34\/100 brn|[from] brn\n|upkeep\n|turn|14\n|\n|t:|1699839589\n|move|p1a: SILVER CHARIOT|Icicle Spear|p2a: Sableye\n|-damage|p2a: Sableye|33\/100\n|-damage|p2a: Sableye|11\/100\n|-damage|p2a: Sableye|0 fnt\n|faint|p2a: Sableye\n|-hitcount|p2: Sableye|3\n|\n|-damage|p1a: SILVER CHARIOT|28\/100 brn|[from] brn\n|upkeep\n|\n|t:|1699839592\n|switch|p2a: Dragonite|Dragonite, F|100\/100\n|turn|15\n|\n|t:|1699839602\n|move|p2a: Dragonite|Extreme Speed|p1a: SILVER CHARIOT\n|-damage|p1a: SILVER CHARIOT|0 fnt\n|faint|p1a: SILVER CHARIOT\n|\n|upkeep\n|\n|t:|1699839612\n|switch|p1a: KARS SAMA|Landorus-Therian, M|100\/100\n|-ability|p1a: KARS SAMA|Intimidate|boost\n|-unboost|p2a: Dragonite|atk|1\n|turn|16\n|\n|t:|1699839625\n|move|p2a: Dragonite|Extreme Speed|p1a: KARS SAMA\n|-damage|p1a: KARS SAMA|77\/100\n|move|p1a: KARS SAMA|Rock Slide|p2a: Dragonite\n|-supereffective|p2a: Dragonite\n|-damage|p2a: Dragonite|69\/100\n|\n|upkeep\n|turn|17\n|\n|t:|1699839634\n|-terastallize|p2a: Dragonite|Normal\n|move|p1a: KARS SAMA|Rock Slide|p2a: Dragonite\n|-crit|p2a: Dragonite\n|-damage|p2a: Dragonite|23\/100\n|move|p2a: Dragonite|Dragon Dance|p2a: Dragonite\n|-boost|p2a: Dragonite|atk|1\n|-boost|p2a: Dragonite|spe|1\n|\n|upkeep\n|turn|18\n|\n|t:|1699839640\n|move|p2a: Dragonite|Extreme Speed|p1a: KARS SAMA\n|-damage|p1a: KARS SAMA|22\/100\n|move|p1a: KARS SAMA|Rock Slide|p2a: Dragonite\n|-damage|p2a: Dragonite|0 fnt\n|faint|p2a: Dragonite\n|\n|upkeep\n|\n|t:|1699839643\n|switch|p2a: Hoopa|Hoopa-Unbound|100\/100\n|turn|19\n|c|\u2606skawa|gg\n|\n|t:|1699839649\n|switch|p1a: FAT ABSORPTION|Bellibolt, M|88\/100\n|move|p2a: Hoopa|Drain Punch|p1a: FAT ABSORPTION\n|-damage|p1a: FAT ABSORPTION|69\/100\n|-start|p1a: FAT ABSORPTION|Charge|Drain Punch|[from] ability: Electromorphosis\n|\n|-heal|p1a: FAT ABSORPTION|76\/100|[from] item: Leftovers\n|upkeep\n|turn|20\n|c|\u2606Exusiai-PngnLgstcs|gg\n|c|\u2606skawa|oh\n|\n|t:|1699839678\n|move|p2a: Hoopa|Hyperspace Fury|p1a: FAT ABSORPTION\n|-damage|p1a: FAT ABSORPTION|38\/100\n|-unboost|p2a: Hoopa|def|1\n|-start|p1a: FAT ABSORPTION|Charge|Hyperspace Fury|[from] ability: Electromorphosis\n|move|p1a: FAT ABSORPTION|Parabolic Charge|p2a: Hoopa\n|-damage|p2a: Hoopa|78\/100\n|-heal|p1a: FAT ABSORPTION|48\/100|[from] drain|[of] p2a: Hoopa\n|-end|p1a: FAT ABSORPTION|Charge|[silent]\n|\n|-heal|p1a: FAT ABSORPTION|54\/100|[from] item: Leftovers\n|upkeep\n|turn|21\n|\n|t:|1699839687\n|move|p2a: Hoopa|Drain Punch|p1a: FAT ABSORPTION\n|-damage|p1a: FAT ABSORPTION|36\/100\n|-heal|p2a: Hoopa|89\/100|[from] drain|[of] p1a: FAT ABSORPTION\n|-start|p1a: FAT ABSORPTION|Charge|Drain Punch|[from] ability: Electromorphosis\n|move|p1a: FAT ABSORPTION|Parabolic Charge|p2a: Hoopa\n|-damage|p2a: Hoopa|64\/100\n|-heal|p1a: FAT ABSORPTION|46\/100|[from] drain|[of] p2a: Hoopa\n|-end|p1a: FAT ABSORPTION|Charge|[silent]\n|\n|-heal|p1a: FAT ABSORPTION|52\/100|[from] item: Leftovers\n|upkeep\n|turn|22\n|\n|t:|1699839692\n|move|p2a: Hoopa|Psychic|p1a: FAT ABSORPTION\n|-damage|p1a: FAT ABSORPTION|9\/100\n|-start|p1a: FAT ABSORPTION|Charge|Psychic|[from] ability: Electromorphosis\n|move|p1a: FAT ABSORPTION|Parabolic Charge|p2a: Hoopa\n|-damage|p2a: Hoopa|40\/100\n|-heal|p1a: FAT ABSORPTION|19\/100|[from] drain|[of] p2a: Hoopa\n|-end|p1a: FAT ABSORPTION|Charge|[silent]\n|\n|-heal|p1a: FAT ABSORPTION|25\/100|[from] item: Leftovers\n|upkeep\n|turn|23\n|\n|t:|1699839700\n|move|p2a: Hoopa|Psychic|p1a: FAT ABSORPTION\n|-damage|p1a: FAT ABSORPTION|0 fnt\n|faint|p1a: FAT ABSORPTION\n|\n|upkeep\n|\n|t:|1699839703\n|switch|p1a: KARS SAMA|Landorus-Therian, M|22\/100\n|-ability|p1a: KARS SAMA|Intimidate|boost\n|-unboost|p2a: Hoopa|atk|1\n|turn|24\n|\n|t:|1699839707\n|move|p1a: KARS SAMA|U-turn|p2a: Hoopa\n|-supereffective|p2a: Hoopa\n|-damage|p2a: Hoopa|0 fnt\n|faint|p2a: Hoopa\n|\n|win|Exusiai-PngnLgstcs\n|l|\u2606skawa\n","uploadtime":1699839715,"views":16,"p1id":"exusiaipngnlgstcs","p2id":"skawa","formatid":"gen9ou","rating":0,"private":0,"password":""}