{"id":"gen9ou-1989981852","p1":"DerpyPidgeot","p2":"Hazzle6","format":"[Gen 9] OU","log":"|j|\u2606DerpyPidgeot\n|j|\u2606Hazzle6\n|t:|1699912329\n|gametype|singles\n|player|p1|DerpyPidgeot|ingo|1322\n|player|p2|Hazzle6|170|1230\n|teamsize|p1|6\n|teamsize|p2|6\n|gen|9\n|tier|[Gen 9] OU\n|rated|\n|rule|Sleep Clause Mod: Limit one foe put to sleep\n|rule|Species Clause: Limit one of each Pok\u00e9mon\n|rule|OHKO Clause: OHKO moves are banned\n|rule|Evasion Items Clause: Evasion items are banned\n|rule|Evasion Moves Clause: Evasion moves are banned\n|rule|Endless Battle Clause: Forcing endless battles is banned\n|rule|HP Percentage Mod: HP is shown in percentages\n|clearpoke\n|poke|p1|Iron Valiant|\n|poke|p1|Dragapult, M|\n|poke|p1|Samurott-Hisui, M|\n|poke|p1|Great Tusk|\n|poke|p1|Zapdos|\n|poke|p1|Ceruledge, M|\n|poke|p2|Samurott-Hisui, M|\n|poke|p2|Zapdos|\n|poke|p2|Iron Treads|\n|poke|p2|Clefable, F|\n|poke|p2|Dragapult, F|\n|poke|p2|Ogerpon, F|\n|teampreview\n|\n|t:|1699912363\n|start\n|switch|p1a: Zapdos|Zapdos|100\/100\n|switch|p2a: Clefable|Clefable, F|100\/100\n|turn|1\n|\n|t:|1699912372\n|move|p1a: Zapdos|Thunder Wave|p2a: Clefable\n|-status|p2a: Clefable|par\n|move|p2a: Clefable|Stealth Rock|p1a: Zapdos\n|-sidestart|p1: DerpyPidgeot|move: Stealth Rock\n|\n|upkeep\n|turn|2\n|\n|t:|1699912379\n|move|p1a: Zapdos|Thunderbolt|p2a: Clefable\n|-damage|p2a: Clefable|72\/100 par\n|move|p2a: Clefable|Moonblast|p1a: Zapdos\n|-damage|p1a: Zapdos|69\/100\n|\n|-heal|p2a: Clefable|78\/100 par|[from] item: Leftovers\n|upkeep\n|turn|3\n|\n|t:|1699912391\n|switch|p2a: Iron Treads|Iron Treads|100\/100\n|move|p1a: Zapdos|Volt Switch|p2a: Iron Treads\n|-immune|p2a: Iron Treads\n|\n|upkeep\n|turn|4\n|\n|t:|1699912398\n|switch|p1a: Great Tusk|Great Tusk|100\/100\n|-damage|p1a: Great Tusk|98\/100|[from] Stealth Rock\n|move|p2a: Iron Treads|Knock Off|p1a: Great Tusk\n|-resisted|p1a: Great Tusk\n|-damage|p1a: Great Tusk|86\/100\n|-enditem|p1a: Great Tusk|Leftovers|[from] move: Knock Off|[of] p2a: Iron Treads\n|\n|upkeep\n|turn|5\n|\n|t:|1699912408\n|-end|p2a: Iron Treads|Quark Drive|[silent]\n|switch|p2a: Dragapult|Dragapult, F|100\/100\n|move|p1a: Great Tusk|Stealth Rock|p2a: Dragapult\n|-sidestart|p2: Hazzle6|move: Stealth Rock\n|\n|upkeep\n|turn|6\n|\n|t:|1699912415\n|-end|p1a: Great Tusk|Protosynthesis|[silent]\n|switch|p1a: Zapdos|Zapdos|69\/100\n|move|p2a: Dragapult|Dragon Dance|p2a: Dragapult\n|-boost|p2a: Dragapult|atk|1\n|-boost|p2a: Dragapult|spe|1\n|\n|upkeep\n|turn|7\n|\n|t:|1699912424\n|move|p2a: Dragapult|Dragon Darts|p1a: Zapdos\n|-damage|p1a: Zapdos|28\/100\n|-anim|p2a: Dragapult|Dragon Darts|p1a: Zapdos\n|-damage|p1a: Zapdos|0 fnt\n|faint|p1a: Zapdos\n|\n|upkeep\n|\n|t:|1699912433\n|switch|p1a: Iron Valiant|Iron Valiant|100\/100\n|-damage|p1a: Iron Valiant|94\/100|[from] Stealth Rock\n|-enditem|p1a: Iron Valiant|Booster Energy\n|-activate|p1a: Iron Valiant|ability: Quark Drive|[fromitem]\n|-start|p1a: Iron Valiant|quarkdrivespe\n|turn|8\n|\n|t:|1699912443\n|-terastallize|p2a: Dragapult|Fire\n|move|p2a: Dragapult|Psychic Fangs|p1a: Iron Valiant\n|-supereffective|p1a: Iron Valiant\n|-damage|p1a: Iron Valiant|0 fnt\n|faint|p1a: Iron Valiant\n|-end|p1a: Iron Valiant|Quark Drive|[silent]\n|\n|upkeep\n|\n|t:|1699912448\n|switch|p1a: Samurott|Samurott-Hisui, M|100\/100\n|-damage|p1a: Samurott|88\/100|[from] Stealth Rock\n|turn|9\n|\n|t:|1699912452\n|move|p2a: Dragapult|Dragon Darts|p1a: Samurott\n|-damage|p1a: Samurott|39\/100\n|-anim|p2a: Dragapult|Dragon Darts|p1a: Samurott\n|-damage|p1a: Samurott|0 fnt\n|faint|p1a: Samurott\n|\n|upkeep\n|-message|DerpyPidgeot forfeited.\n|\n|win|Hazzle6\n|raw|DerpyPidgeot's rating: 1322 &rarr; <strong>1297<\/strong><br \/>(-25 for losing)\n|raw|Hazzle6's rating: 1230 &rarr; <strong>1261<\/strong><br \/>(+31 for winning)\n|l|\u2606DerpyPidgeot\n","uploadtime":1699912466,"views":21,"p1id":"derpypidgeot","p2id":"hazzle6","formatid":"gen9ou","rating":1261,"private":0,"password":""}