{"id":"gen9ou-1999993937","p1":"Charmalane","p2":"TheGr8est2EverDoIt","format":"[Gen 9] OU","log":"|j|\u2606Charmalane\n|j|\u2606TheGr8est2EverDoIt\n|t:|1701138816\n|gametype|singles\n|player|p1|Charmalane|brawly|1677\n|player|p2|TheGr8est2EverDoIt|lucas|1725\n|teamsize|p1|6\n|teamsize|p2|6\n|gen|9\n|tier|[Gen 9] OU\n|rated|\n|rule|Sleep Clause Mod: Limit one foe put to sleep\n|rule|Species Clause: Limit one of each Pok\u00e9mon\n|rule|OHKO Clause: OHKO moves are banned\n|rule|Evasion Items Clause: Evasion items are banned\n|rule|Evasion Moves Clause: Evasion moves are banned\n|rule|Endless Battle Clause: Forcing endless battles is banned\n|rule|HP Percentage Mod: HP is shown in percentages\n|clearpoke\n|poke|p1|Pelipper, M|\n|poke|p1|Barraskewda, M|\n|poke|p1|Zapdos|\n|poke|p1|Kingambit, M|\n|poke|p1|Iron Treads|\n|poke|p1|Slowking-Galar, M|\n|poke|p2|Kilowattrel, M|\n|poke|p2|Pelipper, M|\n|poke|p2|Basculegion, M|\n|poke|p2|Iron Treads|\n|poke|p2|Kingambit, F|\n|poke|p2|Amoonguss, M|\n|teampreview\n|\n|t:|1701138851\n|start\n|switch|p1a: Phoenix|Pelipper, M|100\/100\n|switch|p2a: Pelipper|Pelipper, M|100\/100\n|-weather|RainDance|[from] ability: Drizzle|[of] p1a: Phoenix\n|turn|1\n|\n|t:|1701138863\n|switch|p2a: Kilowattrel|Kilowattrel, M|100\/100\n|move|p1a: Phoenix|U-turn|p2a: Kilowattrel\n|-resisted|p2a: Kilowattrel\n|-damage|p2a: Kilowattrel|92\/100\n|\n|t:|1701138872\n|switch|p1a: Nautilus|Slowking-Galar, M|100\/100|[from] U-turn\n|\n|-weather|RainDance|[upkeep]\n|upkeep\n|turn|2\n|\n|t:|1701138877\n|move|p2a: Kilowattrel|Volt Switch|p1a: Nautilus\n|-damage|p1a: Nautilus|79\/100\n|\n|t:|1701138880\n|switch|p2a: Iron Treads|Iron Treads|100\/100|[from] Volt Switch\n|-enditem|p2a: Iron Treads|Booster Energy\n|-activate|p2a: Iron Treads|ability: Quark Drive|[fromitem]\n|-start|p2a: Iron Treads|quarkdrivespe\n|move|p1a: Nautilus|Future Sight|p2a: Iron Treads\n|-start|p1a: Nautilus|move: Future Sight\n|\n|-weather|RainDance|[upkeep]\n|upkeep\n|turn|3\n|\n|t:|1701138896\n|switch|p1a: Chocobo|Zapdos|100\/100\n|move|p2a: Iron Treads|Knock Off|p1a: Chocobo\n|-damage|p1a: Chocobo|62\/100\n|-enditem|p1a: Chocobo|Heavy-Duty Boots|[from] move: Knock Off|[of] p2a: Iron Treads\n|\n|-weather|RainDance|[upkeep]\n|upkeep\n|turn|4\n|\n|t:|1701138917\n|switch|p1a: Phoenix|Pelipper, M|100\/100\n|move|p2a: Iron Treads|Stealth Rock|p1a: Phoenix\n|-sidestart|p1: Charmalane|move: Stealth Rock\n|\n|-weather|RainDance|[upkeep]\n|-end|p2a: Iron Treads|move: Future Sight\n|-resisted|p2a: Iron Treads\n|-damage|p2a: Iron Treads|68\/100\n|upkeep\n|turn|5\n|\n|t:|1701138926\n|move|p2a: Iron Treads|Knock Off|p1a: Phoenix\n|-damage|p1a: Phoenix|78\/100\n|-enditem|p1a: Phoenix|Damp Rock|[from] move: Knock Off|[of] p2a: Iron Treads\n|move|p1a: Phoenix|Surf|p2a: Iron Treads\n|-supereffective|p2a: Iron Treads\n|-damage|p2a: Iron Treads|0 fnt\n|faint|p2a: Iron Treads\n|-end|p2a: Iron Treads|Quark Drive|[silent]\n|\n|-weather|RainDance|[upkeep]\n|upkeep\n|\n|t:|1701138928\n|switch|p2a: Kilowattrel|Kilowattrel, M|92\/100\n|turn|6\n|\n|t:|1701138939\n|switch|p1a: Nautilus|Slowking-Galar, M|100\/100\n|-damage|p1a: Nautilus|88\/100|[from] Stealth Rock\n|move|p2a: Kilowattrel|Weather Ball|p1a: Nautilus\n|-damage|p1a: Nautilus|58\/100\n|\n|-weather|RainDance|[upkeep]\n|upkeep\n|turn|7\n|\n|t:|1701138948\n|switch|p2a: Kingambit|Kingambit, F|100\/100\n|-activate|p2a: Kingambit|ability: Supreme Overlord\n|-start|p2a: Kingambit|fallen1|[silent]\n|move|p1a: Nautilus|Ice Beam|p2a: Kingambit\n|-resisted|p2a: Kingambit\n|-damage|p2a: Kingambit|87\/100\n|\n|-weather|RainDance|[upkeep]\n|-heal|p2a: Kingambit|93\/100|[from] item: Leftovers\n|upkeep\n|turn|8\n|\n|t:|1701138966\n|switch|p1a: Androidon|Iron Treads|100\/100\n|-damage|p1a: Androidon|97\/100|[from] Stealth Rock\n|move|p2a: Kingambit|Low Kick|p1a: Androidon\n|-supereffective|p1a: Androidon\n|-damage|p1a: Androidon|24\/100\n|\n|-weather|none\n|-heal|p1a: Androidon|31\/100|[from] item: Leftovers\n|-heal|p2a: Kingambit|99\/100|[from] item: Leftovers\n|upkeep\n|turn|9\n|\n|t:|1701138974\n|move|p2a: Kingambit|Sucker Punch||[still]\n|-fail|p2a: Kingambit\n|move|p1a: Androidon|Stealth Rock|p2a: Kingambit\n|-sidestart|p2: TheGr8est2EverDoIt|move: Stealth Rock\n|\n|-heal|p1a: Androidon|37\/100|[from] item: Leftovers\n|-heal|p2a: Kingambit|100\/100|[from] item: Leftovers\n|upkeep\n|turn|10\n|\n|t:|1701138980\n|move|p2a: Kingambit|Sucker Punch|p1a: Androidon\n|-damage|p1a: Androidon|7\/100\n|move|p1a: Androidon|Earthquake|p2a: Kingambit\n|-supereffective|p2a: Kingambit\n|-damage|p2a: Kingambit|37\/100\n|\n|-heal|p1a: Androidon|14\/100|[from] item: Leftovers\n|-heal|p2a: Kingambit|43\/100|[from] item: Leftovers\n|upkeep\n|turn|11\n|\n|t:|1701138990\n|move|p2a: Kingambit|Sucker Punch||[still]\n|-fail|p2a: Kingambit\n|move|p1a: Androidon|Stealth Rock||[still]\n|-fail|p1a: Androidon\n|\n|-heal|p1a: Androidon|20\/100|[from] item: Leftovers\n|-heal|p2a: Kingambit|50\/100|[from] item: Leftovers\n|upkeep\n|turn|12\n|\n|t:|1701138996\n|move|p2a: Kingambit|Sucker Punch|p1a: Androidon\n|-damage|p1a: Androidon|0 fnt\n|faint|p1a: Androidon\n|-end|p1a: Androidon|Quark Drive|[silent]\n|\n|-heal|p2a: Kingambit|56\/100|[from] item: Leftovers\n|upkeep\n|\n|t:|1701139013\n|switch|p1a: Shredder|Kingambit, M, shiny|100\/100\n|-damage|p1a: Shredder|94\/100|[from] Stealth Rock\n|-activate|p1a: Shredder|ability: Supreme Overlord\n|-start|p1a: Shredder|fallen1|[silent]\n|turn|13\n|\n|t:|1701139034\n|move|p2a: Kingambit|Low Kick|p1a: Shredder\n|-supereffective|p1a: Shredder\n|-crit|p1a: Shredder\n|-damage|p1a: Shredder|0 fnt\n|faint|p1a: Shredder\n|-end|p1a: Shredder|fallen1|[silent]\n|\n|-heal|p2a: Kingambit|62\/100|[from] item: Leftovers\n|upkeep\n|\n|t:|1701139040\n|switch|p1a: Enguarde|Barraskewda, M|100\/100\n|-damage|p1a: Enguarde|88\/100|[from] Stealth Rock\n|turn|14\n|\n|t:|1701139042\n|move|p2a: Kingambit|Sucker Punch|p1a: Enguarde\n|-damage|p1a: Enguarde|2\/100\n|move|p1a: Enguarde|Close Combat|p2a: Kingambit\n|-supereffective|p2a: Kingambit\n|-crit|p2a: Kingambit\n|-damage|p2a: Kingambit|0 fnt\n|-unboost|p1a: Enguarde|def|1\n|-unboost|p1a: Enguarde|spd|1\n|faint|p2a: Kingambit\n|-end|p2a: Kingambit|fallen1|[silent]\n|\n|upkeep\n|\n|t:|1701139049\n|switch|p2a: Pelipper|Pelipper, M|100\/100\n|-damage|p2a: Pelipper|76\/100|[from] Stealth Rock\n|-weather|RainDance|[from] ability: Drizzle|[of] p2a: Pelipper\n|turn|15\n|\n|t:|1701139058\n|move|p1a: Enguarde|Close Combat|p2a: Pelipper\n|-resisted|p2a: Pelipper\n|-damage|p2a: Pelipper|51\/100\n|-unboost|p1a: Enguarde|def|1\n|-unboost|p1a: Enguarde|spd|1\n|move|p2a: Pelipper|U-turn|p1a: Enguarde\n|-damage|p1a: Enguarde|0 fnt\n|faint|p1a: Enguarde\n|j| xxCOALLAxx\n|\n|t:|1701139063\n|switch|p2a: Basculegion|Basculegion, M|100\/100|[from] U-turn\n|-damage|p2a: Basculegion|88\/100|[from] Stealth Rock\n|\n|-weather|RainDance|[upkeep]\n|upkeep\n|l| xxCOALLAxx\n|\n|t:|1701139074\n|switch|p1a: Chocobo|Zapdos|62\/100\n|-damage|p1a: Chocobo|38\/100|[from] Stealth Rock\n|turn|16\n|\n|t:|1701139079\n|move|p2a: Basculegion|Flip Turn|p1a: Chocobo\n|-damage|p1a: Chocobo|0 fnt\n|-status|p2a: Basculegion|par|[from] ability: Static|[of] p1a: Chocobo\n|faint|p1a: Chocobo\n|\n|t:|1701139085\n|switch|p2a: Kilowattrel|Kilowattrel, M|92\/100|[from] Flip Turn\n|-damage|p2a: Kilowattrel|67\/100|[from] Stealth Rock\n|\n|-weather|RainDance|[upkeep]\n|upkeep\n|\n|t:|1701139088\n|switch|p1a: Nautilus|Slowking-Galar, M|91\/100\n|-damage|p1a: Nautilus|78\/100|[from] Stealth Rock\n|turn|17\n|\n|t:|1701139097\n|move|p2a: Kilowattrel|Volt Switch|p1a: Nautilus\n|-damage|p1a: Nautilus|58\/100\n|\n|t:|1701139099\n|switch|p2a: Amoonguss|Amoonguss, M|100\/100|[from] Volt Switch\n|-damage|p2a: Amoonguss|88\/100|[from] Stealth Rock\n|move|p1a: Nautilus|Sludge Bomb|p2a: Amoonguss\n|-damage|p2a: Amoonguss|53\/100\n|\n|-weather|RainDance|[upkeep]\n|upkeep\n|turn|18\n|\n|t:|1701139103\n|move|p2a: Amoonguss|Spore|p1a: Nautilus\n|-status|p1a: Nautilus|slp|[from] move: Spore\n|cant|p1a: Nautilus|slp\n|\n|-weather|RainDance|[upkeep]\n|upkeep\n|turn|19\n|\n|t:|1701139107\n|move|p2a: Amoonguss|Foul Play|p1a: Nautilus\n|-supereffective|p1a: Nautilus\n|-damage|p1a: Nautilus|35\/100 slp\n|-curestatus|p1a: Nautilus|slp|[msg]\n|move|p1a: Nautilus|Sludge Bomb|p2a: Amoonguss\n|-damage|p2a: Amoonguss|22\/100\n|\n|-weather|RainDance|[upkeep]\n|upkeep\n|turn|20\n|\n|t:|1701139110\n|move|p1a: Nautilus|Sludge Bomb|p2a: Amoonguss\n|-damage|p2a: Amoonguss|0 fnt\n|faint|p2a: Amoonguss\n|\n|-weather|RainDance|[upkeep]\n|upkeep\n|\n|t:|1701139117\n|switch|p2a: Kilowattrel|Kilowattrel, M|67\/100\n|-damage|p2a: Kilowattrel|42\/100|[from] Stealth Rock\n|turn|21\n|\n|t:|1701139121\n|move|p2a: Kilowattrel|Thunder|p1a: Nautilus\n|-damage|p1a: Nautilus|4\/100\n|-status|p1a: Nautilus|par\n|move|p1a: Nautilus|Sludge Bomb|p2a: Kilowattrel\n|-damage|p2a: Kilowattrel|0 fnt\n|faint|p2a: Kilowattrel\n|\n|-weather|RainDance|[upkeep]\n|upkeep\n|\n|t:|1701139127\n|switch|p2a: Basculegion|Basculegion, M|88\/100 par\n|-damage|p2a: Basculegion|76\/100 par|[from] Stealth Rock\n|turn|22\n|\n|t:|1701139131\n|move|p2a: Basculegion|Flip Turn|p1a: Nautilus\n|-damage|p1a: Nautilus|0 fnt\n|faint|p1a: Nautilus\n|\n|t:|1701139133\n|switch|p2a: Pelipper|Pelipper, M|51\/100|[from] Flip Turn\n|-damage|p2a: Pelipper|26\/100|[from] Stealth Rock\n|\n|-weather|none\n|upkeep\n|\n|t:|1701139137\n|switch|p1a: Phoenix|Pelipper, M|78\/100\n|-damage|p1a: Phoenix|53\/100|[from] Stealth Rock\n|-weather|RainDance|[from] ability: Drizzle|[of] p1a: Phoenix\n|turn|23\n|\n|t:|1701139142\n|move|p1a: Phoenix|Roost|p1a: Phoenix\n|-heal|p1a: Phoenix|100\/100\n|-singleturn|p1a: Phoenix|move: Roost\n|move|p2a: Pelipper|Hurricane|p1a: Phoenix\n|-crit|p1a: Phoenix\n|-damage|p1a: Phoenix|18\/100\n|\n|-weather|RainDance|[upkeep]\n|upkeep\n|turn|24\n|\n|t:|1701139150\n|move|p1a: Phoenix|Roost|p1a: Phoenix\n|-heal|p1a: Phoenix|68\/100\n|-singleturn|p1a: Phoenix|move: Roost\n|move|p2a: Pelipper|Hurricane|p1a: Phoenix\n|-damage|p1a: Phoenix|20\/100\n|-start|p1a: Phoenix|confusion\n|\n|-weather|RainDance|[upkeep]\n|upkeep\n|turn|25\n|\n|t:|1701139155\n|-activate|p1a: Phoenix|confusion\n|-damage|p1a: Phoenix|16\/100|[from] confusion\n|move|p2a: Pelipper|Hurricane|p1a: Phoenix\n|-damage|p1a: Phoenix|0 fnt\n|faint|p1a: Phoenix\n|\n|win|TheGr8est2EverDoIt\n|raw|Charmalane's rating: 1677 &rarr; <strong>1660<\/strong><br \/>(-17 for losing)\n|raw|TheGr8est2EverDoIt's rating: 1725 &rarr; <strong>1742<\/strong><br \/>(+17 for winning)\n","uploadtime":1701139160,"views":3,"p1id":"charmalane","p2id":"thegr8est2everdoit","formatid":"gen9ou","rating":1660,"private":0,"password":""}