{"id":"gen9ou-1993915767","p1":"Feraligatr08","p2":"Just a game loser","format":"[Gen 9] OU","log":"|j|\u2606Feraligatr08\n|j|\u2606Just a game loser\n|t:|1700374832\n|gametype|singles\n|player|p1|Feraligatr08|n|1414\n|player|p2|Just a game loser|2|1477\n|teamsize|p1|6\n|teamsize|p2|6\n|gen|9\n|tier|[Gen 9] OU\n|rated|\n|rule|Sleep Clause Mod: Limit one foe put to sleep\n|rule|Species Clause: Limit one of each Pok\u00e9mon\n|rule|OHKO Clause: OHKO moves are banned\n|rule|Evasion Items Clause: Evasion items are banned\n|rule|Evasion Moves Clause: Evasion moves are banned\n|rule|Endless Battle Clause: Forcing endless battles is banned\n|rule|HP Percentage Mod: HP is shown in percentages\n|clearpoke\n|poke|p1|Kingambit, F|\n|poke|p1|Glimmora, M|\n|poke|p1|Zamazenta-*|\n|poke|p1|Iron Valiant|\n|poke|p1|Iron Moth|\n|poke|p1|Ogerpon-Wellspring, F|\n|poke|p2|Ursaluna, M|\n|poke|p2|Cresselia, F|\n|poke|p2|Crawdaunt, M|\n|poke|p2|Hatterene, F|\n|poke|p2|Slowking, F|\n|poke|p2|Perrserker, M|\n|teampreview\n|\n|t:|1700374837\n|start\n|switch|p1a: Glimmora|Glimmora, M|100\/100\n|switch|p2a: Hatterene|Hatterene, F|100\/100\n|turn|1\n|\n|t:|1700374847\n|move|p1a: Glimmora|Mortal Spin|p2a: Hatterene\n|-supereffective|p2a: Hatterene\n|-damage|p2a: Hatterene|85\/100\n|-status|p2a: Hatterene|psn\n|move|p2a: Hatterene|Trick Room|p2a: Hatterene\n|-fieldstart|move: Trick Room|[of] p2a: Hatterene\n|\n|-damage|p2a: Hatterene|73\/100 psn|[from] psn\n|upkeep\n|turn|2\n|\n|t:|1700374856\n|switch|p1a: Kingambit|Kingambit, F|100\/100\n|move|p2a: Hatterene|Psychic|p1a: Kingambit\n|-immune|p1a: Kingambit\n|\n|-damage|p2a: Hatterene|61\/100 psn|[from] psn\n|upkeep\n|turn|3\n|\n|t:|1700374862\n|move|p2a: Hatterene|Healing Wish|p2a: Hatterene\n|faint|p2a: Hatterene\n|move|p1a: Kingambit|Iron Head|p2: Hatterene|[notarget]\n|-fail|p1a: Kingambit\n|\n|upkeep\n|\n|t:|1700374878\n|switch|p2a: Perrserker|Perrserker, M|100\/100\n|turn|4\n|j| POGGUSMCDOGGUS\n|\n|t:|1700374906\n|-end|p1a: Kingambit|fallenundefined|[silent]\n|switch|p1a: Glimmora|Glimmora, M|100\/100\n|move|p2a: Perrserker|Close Combat|p1a: Glimmora\n|-damage|p1a: Glimmora|21\/100\n|-unboost|p2a: Perrserker|def|1\n|-unboost|p2a: Perrserker|spd|1\n|-activate|p1a: Glimmora|ability: Toxic Debris\n|-sidestart|p2: Just a game loser|move: Toxic Spikes\n|\n|upkeep\n|turn|5\n|inactive|Battle timer is ON: inactive players will automatically lose when time's up. (requested by Just a game loser)\n|\n|t:|1700374917\n|move|p2a: Perrserker|Close Combat|p1a: Glimmora\n|-damage|p1a: Glimmora|0 fnt\n|-unboost|p2a: Perrserker|def|1\n|-unboost|p2a: Perrserker|spd|1\n|-activate|p1a: Glimmora|ability: Toxic Debris\n|-sidestart|p2: Just a game loser|move: Toxic Spikes\n|faint|p1a: Glimmora\n|\n|-fieldend|move: Trick Room\n|upkeep\n|\n|t:|1700374931\n|switch|p1a: Iron Moth|Iron Moth|100\/100\n|-enditem|p1a: Iron Moth|Booster Energy\n|-activate|p1a: Iron Moth|ability: Quark Drive|[fromitem]\n|-start|p1a: Iron Moth|quarkdrivespe\n|turn|6\n|\n|t:|1700374935\n|switch|p2a: Slowking|Slowking, F|100\/100\n|move|p1a: Iron Moth|Fiery Dance|p2a: Slowking\n|-resisted|p2a: Slowking\n|-damage|p2a: Slowking|89\/100\n|\n|upkeep\n|turn|7\n|\n|t:|1700374946\n|-end|p1a: Iron Moth|Quark Drive|[silent]\n|switch|p1a: Kingambit|Kingambit, F|100\/100\n|-activate|p1a: Kingambit|ability: Supreme Overlord\n|-start|p1a: Kingambit|fallen1|[silent]\n|move|p2a: Slowking|Trick Room|p2a: Slowking\n|-fieldstart|move: Trick Room|[of] p2a: Slowking\n|\n|upkeep\n|turn|8\n|\n|t:|1700374960\n|move|p2a: Slowking|Chilly Reception|p2a: Slowking\n|-weather|Snow\n|\n|t:|1700374963\n|switch|p2a: Knocked|Crawdaunt, M, shiny|100\/100|[from] Chilly Reception\n|-status|p2a: Knocked|tox\n|move|p1a: Kingambit|Kowtow Cleave|p2a: Knocked\n|-resisted|p2a: Knocked\n|-damage|p2a: Knocked|64\/100 tox\n|\n|-weather|Snow|[upkeep]\n|-damage|p2a: Knocked|58\/100 tox|[from] psn\n|upkeep\n|turn|9\n|\n|t:|1700374968\n|move|p2a: Knocked|Knock Off|p1a: Kingambit\n|-resisted|p1a: Kingambit\n|-damage|p1a: Kingambit|64\/100\n|-enditem|p1a: Kingambit|Black Glasses|[from] move: Knock Off|[of] p2a: Knocked\n|-damage|p2a: Knocked|48\/100 tox|[from] item: Life Orb\n|move|p1a: Kingambit|Kowtow Cleave|p2a: Knocked\n|-resisted|p2a: Knocked\n|-damage|p2a: Knocked|16\/100 tox\n|\n|-weather|Snow|[upkeep]\n|-damage|p2a: Knocked|4\/100 tox|[from] psn\n|upkeep\n|turn|10\n|\n|t:|1700374972\n|move|p2a: Knocked|Aqua Jet|p1a: Kingambit\n|-damage|p1a: Kingambit|30\/100\n|-damage|p2a: Knocked|0 fnt|[from] item: Life Orb\n|faint|p2a: Knocked\n|move|p1a: Kingambit|Sucker Punch|p2: Knocked|[notarget]\n|-fail|p1a: Kingambit\n|\n|-weather|Snow|[upkeep]\n|upkeep\n|\n|t:|1700374987\n|switch|p2a: Perrserker|Perrserker, M|100\/100\n|turn|11\n|\n|t:|1700375005\n|-end|p1a: Kingambit|fallen1|[silent]\n|switch|p1a: Iron Moth|Iron Moth|100\/100\n|-terastallize|p2a: Perrserker|Steel\n|move|p2a: Perrserker|Gyro Ball|p1a: Iron Moth\n|-resisted|p1a: Iron Moth\n|-damage|p1a: Iron Moth|0 fnt\n|faint|p1a: Iron Moth\n|-end|p1a: Iron Moth|Quark Drive|[silent]\n|\n|-weather|Snow|[upkeep]\n|-fieldend|move: Trick Room\n|upkeep\n|inactive|Feraligatr08 has 120 seconds left.\n|l| POGGUSMCDOGGUS\n|\n|t:|1700375038\n|switch|p1a: Zamazenta|Zamazenta, shiny|100\/100\n|-ability|p1a: Zamazenta|Dauntless Shield|boost\n|-boost|p1a: Zamazenta|def|1\n|turn|12\n|\n|t:|1700375043\n|switch|p2a: Slowking|Slowking, F|100\/100\n|move|p1a: Zamazenta|Crunch|p2a: Slowking\n|-supereffective|p2a: Slowking\n|-damage|p2a: Slowking|43\/100\n|\n|-weather|none\n|upkeep\n|turn|13\n|\n|t:|1700375048\n|move|p1a: Zamazenta|Crunch|p2a: Slowking\n|-supereffective|p2a: Slowking\n|-damage|p2a: Slowking|0 fnt\n|faint|p2a: Slowking\n|\n|upkeep\n|\n|t:|1700375050\n|switch|p2a: Cresselia|Cresselia, F|100\/100\n|turn|14\n|inactive|Feraligatr08 has 120 seconds left.\n|inactive|Feraligatr08 has 90 seconds left.\n|\n|t:|1700375106\n|switch|p1a: Ogerpon|Ogerpon-Wellspring, F|100\/100\n|move|p2a: Cresselia|Trick Room|p2a: Cresselia\n|-fieldstart|move: Trick Room|[of] p2a: Cresselia\n|\n|upkeep\n|turn|15\n|\n|t:|1700375115\n|switch|p2a: Ursaluna|Ursaluna, M|100\/100\n|-status|p2a: Ursaluna|tox\n|-terastallize|p1a: Ogerpon|Water\n|detailschange|p1a: Ogerpon|Ogerpon-Wellspring-Tera, F, tera:Water\n|-ability|p1a: Ogerpon|Embody Aspect (Wellspring)|boost\n|-boost|p1a: Ogerpon|spd|1\n|move|p1a: Ogerpon|Knock Off|p2a: Ursaluna\n|-damage|p2a: Ursaluna|75\/100 tox\n|-enditem|p2a: Ursaluna|Flame Orb|[from] move: Knock Off|[of] p1a: Ogerpon\n|\n|-damage|p2a: Ursaluna|69\/100 tox|[from] psn\n|upkeep\n|turn|16\n|inactive|Feraligatr08 has 90 seconds left.\n|\n|t:|1700375153\n|switch|p1a: Iron Valiant|Iron Valiant|100\/100\n|-enditem|p1a: Iron Valiant|Booster Energy\n|-activate|p1a: Iron Valiant|ability: Quark Drive|[fromitem]\n|-start|p1a: Iron Valiant|quarkdrivespe\n|move|p2a: Ursaluna|Facade|p1a: Iron Valiant\n|-damage|p1a: Iron Valiant|0 fnt\n|faint|p1a: Iron Valiant\n|-end|p1a: Iron Valiant|Quark Drive|[silent]\n|\n|-damage|p2a: Ursaluna|57\/100 tox|[from] psn\n|upkeep\n|\n|t:|1700375159\n|switch|p1a: Kingambit|Kingambit, F|30\/100\n|-activate|p1a: Kingambit|ability: Supreme Overlord\n|-start|p1a: Kingambit|fallen3|[silent]\n|turn|17\n|\n|t:|1700375165\n|move|p1a: Kingambit|Sucker Punch|p2a: Ursaluna\n|-damage|p2a: Ursaluna|19\/100 tox\n|move|p2a: Ursaluna|Facade|p1a: Kingambit\n|-resisted|p1a: Kingambit\n|-damage|p1a: Kingambit|0 fnt\n|faint|p1a: Kingambit\n|-end|p1a: Kingambit|fallen3|[silent]\n|\n|-damage|p2a: Ursaluna|0 fnt|[from] psn\n|faint|p2a: Ursaluna\n|upkeep\n|\n|t:|1700375171\n|switch|p2a: Cresselia|Cresselia, F|100\/100\n|switch|p1a: Zamazenta|Zamazenta, shiny|100\/100\n|turn|18\n|\n|t:|1700375178\n|switch|p1a: Ogerpon|Ogerpon-Wellspring-Tera, F, tera:Water|100\/100\n|-ability|p1a: Ogerpon|Embody Aspect (Wellspring)|boost\n|-boost|p1a: Ogerpon|spd|1\n|move|p2a: Cresselia|Ice Beam|p1a: Ogerpon\n|-resisted|p1a: Ogerpon\n|-damage|p1a: Ogerpon|94\/100\n|\n|-fieldend|move: Trick Room\n|upkeep\n|turn|19\n|\n|t:|1700375190\n|move|p1a: Ogerpon|Swords Dance|p1a: Ogerpon\n|-boost|p1a: Ogerpon|atk|2\n|move|p2a: Cresselia|Trick Room|p2a: Cresselia\n|-fieldstart|move: Trick Room|[of] p2a: Cresselia\n|\n|upkeep\n|turn|20\n|\n|t:|1700375196\n|move|p2a: Cresselia|Lunar Dance|p2a: Cresselia\n|faint|p2a: Cresselia\n|move|p1a: Ogerpon|Knock Off|p2: Cresselia|[notarget]\n|-fail|p1a: Ogerpon\n|\n|upkeep\n|\n|t:|1700375200\n|switch|p2a: Perrserker|Perrserker, M, tera:Steel|100\/100\n|-heal|p2a: Perrserker|100\/100|[from] move: Lunar Dance\n|turn|21\n|\n|t:|1700375203\n|move|p2a: Perrserker|Gyro Ball|p1a: Ogerpon\n|-resisted|p1a: Ogerpon\n|-damage|p1a: Ogerpon|0 fnt\n|faint|p1a: Ogerpon\n|\n|upkeep\n|\n|t:|1700375206\n|switch|p1a: Zamazenta|Zamazenta, shiny|100\/100\n|turn|22\n|inactive|Feraligatr08 has 120 seconds left.\n|\n|t:|1700375238\n|move|p2a: Perrserker|Gyro Ball|p1a: Zamazenta\n|-damage|p1a: Zamazenta|0 fnt\n|faint|p1a: Zamazenta\n|\n|win|Just a game loser\n|raw|Feraligatr08's rating: 1414 &rarr; <strong>1398<\/strong><br \/>(-16 for losing)\n|raw|Just a game loser's rating: 1477 &rarr; <strong>1493<\/strong><br \/>(+16 for winning)\n|l|\u2606Feraligatr08\n","uploadtime":1700375247,"views":36,"p1id":"feraligatr08","p2id":"justagameloser","formatid":"gen9ou","rating":1398,"private":0,"password":""}