{"id":"gen9ou-1994166105","p1":"Sentimenla22441","p2":"AkeIsGoldRequiem","format":"[Gen 9] OU","log":"|j|\u2606Sentimenla22441\n|j|\u2606AkeIsGoldRequiem\n|t:|1700414514\n|gametype|singles\n|player|p1|Sentimenla22441|169|1082\n|player|p2|AkeIsGoldRequiem|koga|1109\n|teamsize|p1|6\n|teamsize|p2|6\n|gen|9\n|tier|[Gen 9] OU\n|rated|\n|rule|Sleep Clause Mod: Limit one foe put to sleep\n|rule|Species Clause: Limit one of each Pok\u00e9mon\n|rule|OHKO Clause: OHKO moves are banned\n|rule|Evasion Items Clause: Evasion items are banned\n|rule|Evasion Moves Clause: Evasion moves are banned\n|rule|Endless Battle Clause: Forcing endless battles is banned\n|rule|HP Percentage Mod: HP is shown in percentages\n|clearpoke\n|poke|p1|Greninja-*, M|\n|poke|p1|Kingambit, M|\n|poke|p1|Garganacl, M|\n|poke|p1|Heatran, F|\n|poke|p1|Corviknight, F|\n|poke|p1|Samurott-Hisui, F|\n|poke|p2|Ninetales-Alola, F|\n|poke|p2|Corviknight, M|\n|poke|p2|Sneasler, F|\n|poke|p2|Ogerpon-Wellspring, F|\n|poke|p2|Rillaboom, F|\n|poke|p2|Dragapult, M|\n|teampreview\n|\n|t:|1700414537\n|start\n|switch|p1a: Heatran|Heatran, F|100\/100\n|switch|p2a: Dragapult|Dragapult, M|100\/100\n|turn|1\n|\n|t:|1700414555\n|move|p2a: Dragapult|Light Screen|p2a: Dragapult\n|-sidestart|p2: AkeIsGoldRequiem|move: Light Screen\n|move|p1a: Heatran|Earth Power|p2a: Dragapult\n|-damage|p2a: Dragapult|85\/100\n|-start|p1a: Heatran|Disable|Earth Power|[from] ability: Cursed Body|[of] p2a: Dragapult\n|\n|upkeep\n|turn|2\n|\n|t:|1700414567\n|switch|p2a: Sneasler|Sneasler, F|100\/100\n|move|p1a: Heatran|Stealth Rock|p2a: Sneasler\n|-sidestart|p2: AkeIsGoldRequiem|move: Stealth Rock\n|\n|upkeep\n|turn|3\n|\n|t:|1700414579\n|switch|p1a: Corviknight|Corviknight, F|100\/100\n|-ability|p1a: Corviknight|Pressure\n|move|p2a: Sneasler|Close Combat|p1a: Corviknight\n|-damage|p1a: Corviknight|58\/100\n|-unboost|p2a: Sneasler|def|1\n|-unboost|p2a: Sneasler|spd|1\n|\n|-heal|p1a: Corviknight|64\/100|[from] item: Leftovers\n|upkeep\n|turn|4\n|\n|t:|1700414594\n|switch|p2a: Dragapult|Dragapult, M|85\/100\n|-damage|p2a: Dragapult|73\/100|[from] Stealth Rock\n|move|p1a: Corviknight|Roost|p1a: Corviknight\n|-heal|p1a: Corviknight|100\/100\n|-singleturn|p1a: Corviknight|move: Roost\n|\n|upkeep\n|turn|5\n|\n|t:|1700414601\n|move|p2a: Dragapult|Will-O-Wisp|p1a: Corviknight\n|-status|p1a: Corviknight|brn\n|move|p1a: Corviknight|U-turn|p2a: Dragapult\n|-resisted|p2a: Dragapult\n|-damage|p2a: Dragapult|69\/100\n|\n|t:|1700414606\n|switch|p1a: Kingambit|Kingambit, M|100\/100|[from] U-turn\n|\n|upkeep\n|turn|6\n|\n|t:|1700414611\n|move|p2a: Dragapult|Reflect|p2a: Dragapult\n|-sidestart|p2: AkeIsGoldRequiem|Reflect\n|move|p1a: Kingambit|Swords Dance|p1a: Kingambit\n|-boost|p1a: Kingambit|atk|2\n|\n|upkeep\n|turn|7\n|\n|t:|1700414617\n|move|p2a: Dragapult|Will-O-Wisp|p1a: Kingambit\n|-status|p1a: Kingambit|brn\n|move|p1a: Kingambit|Swords Dance|p1a: Kingambit\n|-boost|p1a: Kingambit|atk|2\n|\n|-damage|p1a: Kingambit|94\/100 brn|[from] brn\n|upkeep\n|turn|8\n|\n|t:|1700414625\n|move|p2a: Dragapult|Draco Meteor|p1a: Kingambit\n|-resisted|p1a: Kingambit\n|-damage|p1a: Kingambit|73\/100 brn\n|-unboost|p2a: Dragapult|spa|2\n|move|p1a: Kingambit|Kowtow Cleave|p2a: Dragapult\n|-supereffective|p2a: Dragapult\n|-damage|p2a: Dragapult|0 fnt\n|faint|p2a: Dragapult\n|\n|-heal|p1a: Kingambit|80\/100 brn|[from] item: Leftovers\n|-damage|p1a: Kingambit|73\/100 brn|[from] brn\n|-sideend|p2: AkeIsGoldRequiem|move: Light Screen\n|upkeep\n|\n|t:|1700414641\n|switch|p2a: Rillaboom|Rillaboom, F|100\/100\n|-damage|p2a: Rillaboom|88\/100|[from] Stealth Rock\n|-fieldstart|move: Grassy Terrain|[from] ability: Grassy Surge|[of] p2a: Rillaboom\n|turn|9\n|\n|t:|1700414645\n|move|p2a: Rillaboom|Drain Punch|p1a: Kingambit\n|-supereffective|p1a: Kingambit\n|-damage|p1a: Kingambit|0 fnt\n|-heal|p2a: Rillaboom|100\/100|[from] drain|[of] p1a: Kingambit\n|faint|p1a: Kingambit\n|-end|p1a: Kingambit|fallenundefined|[silent]\n|\n|upkeep\n|\n|t:|1700414653\n|switch|p1a: Garganacl|Garganacl, M|100\/100\n|turn|10\n|\n|t:|1700414661\n|-terastallize|p1a: Garganacl|Fairy\n|move|p2a: Rillaboom|Drum Beating|p1a: Garganacl\n|-damage|p1a: Garganacl|62\/100\n|-unboost|p1a: Garganacl|spe|1\n|move|p1a: Garganacl|Salt Cure|p2a: Rillaboom\n|-damage|p2a: Rillaboom|93\/100\n|-start|p2a: Rillaboom|Salt Cure\n|\n|-heal|p2a: Rillaboom|99\/100|[from] Grassy Terrain\n|-heal|p1a: Garganacl|68\/100|[from] Grassy Terrain\n|-heal|p1a: Garganacl|74\/100|[from] item: Leftovers\n|-damage|p2a: Rillaboom|87\/100|[from] Salt Cure\n|upkeep\n|turn|11\n|\n|t:|1700414671\n|move|p2a: Rillaboom|Knock Off|p1a: Garganacl\n|-resisted|p1a: Garganacl\n|-damage|p1a: Garganacl|61\/100\n|-enditem|p1a: Garganacl|Leftovers|[from] move: Knock Off|[of] p2a: Rillaboom\n|move|p1a: Garganacl|Recover|p1a: Garganacl\n|-heal|p1a: Garganacl|100\/100\n|\n|-heal|p2a: Rillaboom|93\/100|[from] Grassy Terrain\n|-damage|p2a: Rillaboom|81\/100|[from] Salt Cure\n|upkeep\n|turn|12\n|\n|t:|1700414693\n|switch|p2a: Sneasler|Sneasler, F|100\/100\n|-damage|p2a: Sneasler|95\/100|[from] Stealth Rock\n|-enditem|p2a: Sneasler|Grassy Seed\n|-boost|p2a: Sneasler|def|1|[from] item: Grassy Seed\n|switch|p1a: Heatran|Heatran, F|100\/100\n|\n|-heal|p2a: Sneasler|100\/100|[from] Grassy Terrain\n|upkeep\n|turn|13\n|\n|t:|1700414699\n|switch|p1a: Corviknight|Corviknight, F|100\/100 brn\n|-ability|p1a: Corviknight|Pressure\n|move|p2a: Sneasler|Close Combat|p1a: Corviknight\n|-damage|p1a: Corviknight|58\/100 brn\n|-unboost|p2a: Sneasler|def|1\n|-unboost|p2a: Sneasler|spd|1\n|\n|-heal|p1a: Corviknight|64\/100 brn|[from] item: Leftovers\n|-damage|p1a: Corviknight|58\/100 brn|[from] brn\n|-sideend|p2: AkeIsGoldRequiem|Reflect\n|upkeep\n|turn|14\n|\n|t:|1700414711\n|move|p2a: Sneasler|Swords Dance|p2a: Sneasler\n|-boost|p2a: Sneasler|atk|2\n|move|p1a: Corviknight|Roost|p1a: Corviknight\n|-heal|p1a: Corviknight|100\/100 brn\n|-singleturn|p1a: Corviknight|move: Roost\n|\n|-damage|p1a: Corviknight|94\/100 brn|[from] brn\n|upkeep\n|turn|15\n|\n|t:|1700414721\n|move|p2a: Sneasler|Swords Dance|p2a: Sneasler\n|-boost|p2a: Sneasler|atk|2\n|move|p1a: Corviknight|Brave Bird|p2a: Sneasler\n|-supereffective|p2a: Sneasler\n|-damage|p2a: Sneasler|35\/100\n|-damage|p1a: Corviknight|78\/100 brn|[from] Recoil\n|\n|-heal|p2a: Sneasler|41\/100|[from] Grassy Terrain\n|-heal|p1a: Corviknight|84\/100 brn|[from] item: Leftovers\n|-damage|p1a: Corviknight|78\/100 brn|[from] brn\n|upkeep\n|turn|16\n|\n|t:|1700414727\n|move|p2a: Sneasler|Close Combat|p1a: Corviknight\n|-damage|p1a: Corviknight|0 fnt\n|-unboost|p2a: Sneasler|def|1\n|-unboost|p2a: Sneasler|spd|1\n|faint|p1a: Corviknight\n|\n|-heal|p2a: Sneasler|47\/100|[from] Grassy Terrain\n|-fieldend|move: Grassy Terrain\n|upkeep\n|\n|t:|1700414734\n|switch|p1a: Garganacl|Garganacl, M, tera:Fairy|100\/100\n|turn|17\n|\n|t:|1700414741\n|move|p2a: Sneasler|Dire Claw|p1a: Garganacl\n|-supereffective|p1a: Garganacl\n|-crit|p1a: Garganacl\n|-damage|p1a: Garganacl|0 fnt\n|faint|p1a: Garganacl\n|\n|upkeep\n|\n|t:|1700414748\n|switch|p1a: Samurott|Samurott-Hisui, F|100\/100\n|turn|18\n|\n|t:|1700414751\n|move|p2a: Sneasler|Close Combat|p1a: Samurott\n|-supereffective|p1a: Samurott\n|-damage|p1a: Samurott|0 fnt\n|-unboost|p2a: Sneasler|def|1\n|-unboost|p2a: Sneasler|spd|1\n|faint|p1a: Samurott\n|\n|upkeep\n|\n|t:|1700414754\n|switch|p1a: Greninja|Greninja, M|100\/100\n|turn|19\n|\n|t:|1700414761\n|move|p1a: Greninja|Water Shuriken|p2a: Sneasler\n|-damage|p2a: Sneasler|22\/100\n|-damage|p2a: Sneasler|0 fnt\n|faint|p2a: Sneasler\n|-ability|p1a: Greninja|Battle Bond|boost\n|-boost|p1a: Greninja|atk|1\n|-boost|p1a: Greninja|spa|1\n|-boost|p1a: Greninja|spe|1\n|-activate|p1a: Greninja|ability: Battle Bond\n|-hitcount|p2: Sneasler|2\n|-damage|p1a: Greninja|91\/100|[from] item: Life Orb\n|\n|upkeep\n|\n|t:|1700414769\n|switch|p2a: Ninetales|Ninetales-Alola, F|100\/100\n|-damage|p2a: Ninetales|76\/100|[from] Stealth Rock\n|-weather|Snow|[from] ability: Snow Warning|[of] p2a: Ninetales\n|turn|20\n|\n|t:|1700414778\n|-terastallize|p2a: Ninetales|Water\n|move|p1a: Greninja|Surf|p2a: Ninetales\n|-resisted|p2a: Ninetales\n|-damage|p2a: Ninetales|40\/100\n|-damage|p1a: Greninja|81\/100|[from] item: Life Orb\n|move|p2a: Ninetales|Aurora Veil|p2a: Ninetales\n|-sidestart|p2: AkeIsGoldRequiem|move: Aurora Veil\n|\n|-weather|Snow|[upkeep]\n|upkeep\n|turn|21\n|\n|t:|1700414783\n|move|p1a: Greninja|Dark Pulse|p2a: Ninetales\n|-damage|p2a: Ninetales|9\/100\n|-damage|p1a: Greninja|71\/100|[from] item: Life Orb\n|cant|p2a: Ninetales|flinch\n|\n|-weather|Snow|[upkeep]\n|upkeep\n|turn|22\n|\n|t:|1700414790\n|move|p1a: Greninja|Dark Pulse|p2a: Ninetales\n|-damage|p2a: Ninetales|0 fnt\n|faint|p2a: Ninetales\n|-damage|p1a: Greninja|61\/100|[from] item: Life Orb\n|\n|-weather|Snow|[upkeep]\n|upkeep\n|\n|t:|1700414795\n|switch|p2a: Rillaboom|Rillaboom, F|81\/100\n|-damage|p2a: Rillaboom|69\/100|[from] Stealth Rock\n|-fieldstart|move: Grassy Terrain|[from] ability: Grassy Surge|[of] p2a: Rillaboom\n|turn|23\n|\n|t:|1700414800\n|move|p2a: Rillaboom|Grassy Glide|p1a: Greninja\n|-supereffective|p1a: Greninja\n|-damage|p1a: Greninja|0 fnt\n|faint|p1a: Greninja\n|\n|-weather|Snow|[upkeep]\n|-heal|p2a: Rillaboom|75\/100|[from] Grassy Terrain\n|upkeep\n|\n|t:|1700414804\n|switch|p1a: Heatran|Heatran, F|100\/100\n|turn|24\n|\n|t:|1700414816\n|move|p2a: Rillaboom|Drain Punch|p1a: Heatran\n|-supereffective|p1a: Heatran\n|-damage|p1a: Heatran|57\/100\n|-heal|p2a: Rillaboom|99\/100|[from] drain|[of] p1a: Heatran\n|move|p1a: Heatran|Magma Storm|p2a: Rillaboom|[miss]\n|-miss|p1a: Heatran|p2a: Rillaboom\n|\n|-weather|none\n|-heal|p2a: Rillaboom|100\/100|[from] Grassy Terrain\n|-heal|p1a: Heatran|63\/100|[from] Grassy Terrain\n|-heal|p1a: Heatran|69\/100|[from] item: Leftovers\n|-sideend|p2: AkeIsGoldRequiem|move: Aurora Veil\n|upkeep\n|turn|25\n|\n|t:|1700414823\n|move|p2a: Rillaboom|Knock Off|p1a: Heatran\n|-damage|p1a: Heatran|39\/100\n|-enditem|p1a: Heatran|Leftovers|[from] move: Knock Off|[of] p2a: Rillaboom\n|move|p1a: Heatran|Magma Storm|p2a: Rillaboom\n|-supereffective|p2a: Rillaboom\n|-damage|p2a: Rillaboom|0 fnt\n|faint|p2a: Rillaboom\n|\n|-heal|p1a: Heatran|46\/100|[from] Grassy Terrain\n|upkeep\n|\n|t:|1700414826\n|switch|p2a: Ogerpon|Ogerpon-Wellspring, F|100\/100\n|-damage|p2a: Ogerpon|88\/100|[from] Stealth Rock\n|turn|26\n|\n|t:|1700414829\n|move|p2a: Ogerpon|Ivy Cudgel|p1a: Heatran|[anim] Ivy Cudgel Water\n|-supereffective|p1a: Heatran\n|-damage|p1a: Heatran|0 fnt\n|faint|p1a: Heatran\n|\n|win|AkeIsGoldRequiem\n|raw|Sentimenla22441's rating: 1082 &rarr; <strong>1061<\/strong><br \/>(-21 for losing)\n|raw|AkeIsGoldRequiem's rating: 1109 &rarr; <strong>1132<\/strong><br \/>(+23 for winning)\n|l|\u2606Sentimenla22441\n","uploadtime":1700414837,"views":7,"p1id":"sentimenla22441","p2id":"akeisgoldrequiem","formatid":"gen9ou","rating":1061,"private":0,"password":""}