{"id":"gen9ou-1988685253","p1":"Bontonhom","p2":"Honest Opp","format":"[Gen 9] OU","log":"|j|\u2606Bontonhom\n|j|\u2606Honest Opp\n|t:|1699750440\n|gametype|singles\n|player|p1|Bontonhom|fisherman-gen4|1448\n|player|p2|Honest Opp|shadowtriad|1474\n|teamsize|p1|6\n|teamsize|p2|6\n|gen|9\n|tier|[Gen 9] OU\n|rated|\n|rule|Sleep Clause Mod: Limit one foe put to sleep\n|rule|Species Clause: Limit one of each Pok\u00e9mon\n|rule|OHKO Clause: OHKO moves are banned\n|rule|Evasion Items Clause: Evasion items are banned\n|rule|Evasion Moves Clause: Evasion moves are banned\n|rule|Endless Battle Clause: Forcing endless battles is banned\n|rule|HP Percentage Mod: HP is shown in percentages\n|clearpoke\n|poke|p1|Landorus-Therian, M|\n|poke|p1|Meowscarada, M|\n|poke|p1|Slowking-Galar, M|\n|poke|p1|Dragapult, M|\n|poke|p1|Weezing-Galar, F|\n|poke|p1|Garganacl, F|\n|poke|p2|Samurott-Hisui, F|\n|poke|p2|Ceruledge, F|\n|poke|p2|Thundurus-Therian, M|\n|poke|p2|Amoonguss, M|\n|poke|p2|Great Tusk|\n|poke|p2|Gholdengo|\n|teampreview\n|j| 12gguwin21\n|inactive|Battle timer is ON: inactive players will automatically lose when time's up. (requested by Bontonhom)\n|\n|t:|1699750451\n|start\n|switch|p1a: Meowscarada|Meowscarada, M|100\/100\n|switch|p2a: Trueno|Thundurus-Therian, M, shiny|100\/100\n|turn|1\n|\n|t:|1699750454\n|move|p1a: Meowscarada|U-turn|p2a: Trueno\n|-start|p1a: Meowscarada|typechange|Bug|[from] ability: Protean\n|-resisted|p2a: Trueno\n|-damage|p2a: Trueno|61\/100\n|\n|t:|1699750457\n|switch|p1a: Slowking|Slowking-Galar, M|100\/100|[from] U-turn\n|move|p2a: Trueno|Volt Switch|p1a: Slowking\n|-damage|p1a: Slowking|78\/100\n|\n|t:|1699750460\n|switch|p2a: Sea God\u2019s Edge|Samurott-Hisui, F, shiny|100\/100|[from] Volt Switch\n|\n|upkeep\n|turn|2\n|\n|t:|1699750464\n|switch|p1a: Weezing|Weezing-Galar, F|100\/100\n|move|p2a: Sea God\u2019s Edge|Flip Turn|p1a: Weezing\n|-damage|p1a: Weezing|78\/100\n|\n|t:|1699750473\n|switch|p2a: Django|Gholdengo, shiny|100\/100|[from] Flip Turn\n|\n|-heal|p1a: Weezing|84\/100|[from] item: Leftovers\n|upkeep\n|turn|3\n|\n|t:|1699750493\n|switch|p1a: Slowking|Slowking-Galar, M|100\/100\n|move|p2a: Django|Nasty Plot|p2a: Django\n|-boost|p2a: Django|spa|2\n|\n|upkeep\n|turn|4\n|\n|t:|1699750497\n|move|p2a: Django|Shadow Ball|p1a: Slowking\n|-supereffective|p1a: Slowking\n|-damage|p1a: Slowking|15\/100\n|move|p1a: Slowking|Chilly Reception|p1a: Slowking\n|-weather|Snow\n|\n|t:|1699750503\n|switch|p1a: Meowscarada|Meowscarada, M|100\/100|[from] Chilly Reception\n|\n|-weather|Snow|[upkeep]\n|upkeep\n|turn|5\n|\n|t:|1699750512\n|-terastallize|p2a: Django|Fairy\n|move|p1a: Meowscarada|U-turn|p2a: Django\n|-start|p1a: Meowscarada|typechange|Bug|[from] ability: Protean\n|-resisted|p2a: Django\n|-damage|p2a: Django|85\/100\n|\n|t:|1699750521\n|switch|p1a: Weezing|Weezing-Galar, F|84\/100|[from] U-turn\n|move|p2a: Django|Make It Rain|p1a: Weezing\n|-supereffective|p1a: Weezing\n|-damage|p1a: Weezing|0 fnt\n|-unboost|p2a: Django|spa|1\n|faint|p1a: Weezing\n|\n|-weather|Snow|[upkeep]\n|-heal|p2a: Django|91\/100|[from] item: Leftovers\n|upkeep\n|\n|t:|1699750530\n|switch|p1a: Garganacl|Garganacl, F|100\/100\n|turn|6\n|\n|t:|1699750535\n|-terastallize|p1a: Garganacl|Water\n|move|p2a: Django|Make It Rain|p1a: Garganacl\n|-resisted|p1a: Garganacl\n|-damage|p1a: Garganacl|66\/100\n|-unboost|p2a: Django|spa|1\n|move|p1a: Garganacl|Body Press|p2a: Django\n|-resisted|p2a: Django\n|-damage|p2a: Django|81\/100\n|\n|-weather|Snow|[upkeep]\n|-heal|p2a: Django|87\/100|[from] item: Leftovers\n|-heal|p1a: Garganacl|72\/100|[from] item: Leftovers\n|upkeep\n|turn|7\n|\n|t:|1699750546\n|switch|p2a: Between Us|Amoonguss, M, shiny|100\/100\n|move|p1a: Garganacl|Salt Cure|p2a: Between Us\n|-damage|p2a: Between Us|87\/100\n|-start|p2a: Between Us|Salt Cure\n|-enditem|p2a: Between Us|Red Card|[of] p1a: Garganacl\n|drag|p1a: Meowscarada|Meowscarada, M|100\/100\n|\n|-weather|Snow|[upkeep]\n|-damage|p2a: Between Us|74\/100|[from] Salt Cure\n|upkeep\n|turn|8\n|\n|t:|1699750555\n|move|p1a: Meowscarada|Knock Off|p2a: Between Us\n|-start|p1a: Meowscarada|typechange|Dark|[from] ability: Protean\n|-damage|p2a: Between Us|33\/100\n|move|p2a: Between Us|Spore|p1a: Meowscarada\n|-status|p1a: Meowscarada|slp|[from] move: Spore\n|\n|-weather|none\n|-damage|p2a: Between Us|21\/100|[from] Salt Cure\n|upkeep\n|turn|9\n|-message|Bontonhom forfeited.\n|\n|win|Honest Opp\n|raw|Bontonhom's rating: 1448 &rarr; <strong>1429<\/strong><br \/>(-19 for losing)\n|raw|Honest Opp's rating: 1474 &rarr; <strong>1493<\/strong><br \/>(+19 for winning)\n|l|\u2606Bontonhom\n","uploadtime":1699750565,"views":8,"p1id":"bontonhom","p2id":"honestopp","formatid":"gen9ou","rating":1429,"private":0,"password":""}