{"id":"gen9ou-1995689828","p1":"PNTS_","p2":"JackJas02","format":"[Gen 9] OU","log":"|j|\u2606PNTS_\n|j|\u2606JackJas02\n|t:|1700594205\n|gametype|singles\n|player|p1|PNTS_|102|1346\n|player|p2|JackJas02|roughneck|1361\n|teamsize|p1|6\n|teamsize|p2|6\n|gen|9\n|tier|[Gen 9] OU\n|rated|\n|rule|Sleep Clause Mod: Limit one foe put to sleep\n|rule|Species Clause: Limit one of each Pok\u00e9mon\n|rule|OHKO Clause: OHKO moves are banned\n|rule|Evasion Items Clause: Evasion items are banned\n|rule|Evasion Moves Clause: Evasion moves are banned\n|rule|Endless Battle Clause: Forcing endless battles is banned\n|rule|HP Percentage Mod: HP is shown in percentages\n|clearpoke\n|poke|p1|Maushold|\n|poke|p1|Rillaboom, M|\n|poke|p1|Great Tusk|\n|poke|p1|Heatran, F|\n|poke|p1|Enamorus, F|\n|poke|p1|Kingambit, M|\n|poke|p2|Ursaluna, F|\n|poke|p2|Mamoswine, F|\n|poke|p2|Infernape, M|\n|poke|p2|Empoleon, M|\n|poke|p2|Ninetales-Alola, F|\n|poke|p2|Dragonite, F|\n|teampreview\n|\n|t:|1700594225\n|start\n|switch|p1a: Maushold|Maushold|100\/100\n|switch|p2a: Ninetales|Ninetales-Alola, F, shiny|100\/100\n|-weather|Snow|[from] ability: Snow Warning|[of] p2a: Ninetales\n|turn|1\n|inactive|Battle timer is ON: inactive players will automatically lose when time's up. (requested by JackJas02)\n|\n|t:|1700594239\n|move|p1a: Maushold|Tidy Up|p1a: Maushold\n|-boost|p1a: Maushold|atk|1\n|-boost|p1a: Maushold|spe|1\n|move|p2a: Ninetales|Encore|p1a: Maushold\n|-start|p1a: Maushold|Encore\n|\n|-weather|Snow|[upkeep]\n|upkeep\n|turn|2\n|\n|t:|1700594249\n|move|p1a: Maushold|Tidy Up|p1a: Maushold\n|-boost|p1a: Maushold|atk|1\n|-boost|p1a: Maushold|spe|1\n|move|p2a: Ninetales|Aurora Veil|p2a: Ninetales\n|-sidestart|p2: JackJas02|move: Aurora Veil\n|\n|-weather|Snow|[upkeep]\n|upkeep\n|turn|3\n|\n|t:|1700594262\n|switch|p2a: Mamoswine|Mamoswine, F|100\/100\n|move|p1a: Maushold|Tidy Up|p1a: Maushold\n|-boost|p1a: Maushold|atk|1\n|-boost|p1a: Maushold|spe|1\n|\n|-weather|Snow|[upkeep]\n|upkeep\n|turn|4\n|\n|t:|1700594267\n|move|p1a: Maushold|Tidy Up|p1a: Maushold\n|-boost|p1a: Maushold|atk|1\n|-boost|p1a: Maushold|spe|1\n|move|p2a: Mamoswine|Rock Blast|p1a: Maushold\n|-damage|p1a: Maushold|85\/100\n|-damage|p1a: Maushold|69\/100\n|-damage|p1a: Maushold|54\/100\n|-damage|p1a: Maushold|38\/100\n|-hitcount|p1a: Maushold|4\n|\n|-weather|Snow|[upkeep]\n|-end|p1a: Maushold|Encore\n|upkeep\n|turn|5\n|\n|t:|1700594280\n|move|p2a: Mamoswine|Ice Shard|p1a: Maushold\n|-damage|p1a: Maushold|2\/100\n|move|p1a: Maushold|Population Bomb|p2a: Mamoswine\n|-damage|p2a: Mamoswine|90\/100\n|-damage|p2a: Mamoswine|79\/100\n|-damage|p2a: Mamoswine|68\/100\n|-damage|p2a: Mamoswine|57\/100\n|-damage|p2a: Mamoswine|45\/100\n|-damage|p2a: Mamoswine|33\/100\n|-damage|p2a: Mamoswine|22\/100\n|-damage|p2a: Mamoswine|11\/100\n|-damage|p2a: Mamoswine|0 fnt\n|faint|p2a: Mamoswine\n|-hitcount|p2: Mamoswine|9\n|\n|-weather|none\n|upkeep\n|\n|t:|1700594299\n|switch|p2a: Empoleon|Empoleon, M, shiny|100\/100\n|turn|6\n|\n|t:|1700594302\n|move|p2a: Empoleon|Vacuum Wave|p1a: Maushold\n|-supereffective|p1a: Maushold\n|-damage|p1a: Maushold|0 fnt\n|faint|p1a: Maushold\n|\n|upkeep\n|\n|t:|1700594309\n|switch|p1a: Rillaboom|Rillaboom, M|100\/100\n|-fieldstart|move: Grassy Terrain|[from] ability: Grassy Surge|[of] p1a: Rillaboom\n|turn|7\n|\n|t:|1700594317\n|switch|p2a: Dragonite|Dragonite, F|100\/100\n|move|p1a: Rillaboom|Knock Off|p2a: Dragonite\n|-damage|p2a: Dragonite|70\/100\n|-enditem|p2a: Dragonite|Leftovers|[from] move: Knock Off|[of] p1a: Rillaboom\n|\n|upkeep\n|turn|8\n|\n|t:|1700594330\n|switch|p1a: Enamorus|Enamorus, F|100\/100\n|move|p2a: Dragonite|Ice Spinner|p1a: Enamorus\n|-supereffective|p1a: Enamorus\n|-damage|p1a: Enamorus|8\/100\n|-fieldend|move: Grassy Terrain\n|\n|upkeep\n|turn|9\n|\n|t:|1700594338\n|move|p2a: Dragonite|Extreme Speed|p1a: Enamorus\n|-damage|p1a: Enamorus|0 fnt\n|faint|p1a: Enamorus\n|\n|-sideend|p2: JackJas02|move: Aurora Veil\n|upkeep\n|\n|t:|1700594342\n|switch|p1a: Great Tusk|Great Tusk|100\/100\n|turn|10\n|\n|t:|1700594358\n|switch|p2a: Empoleon|Empoleon, M, shiny|100\/100\n|move|p1a: Great Tusk|Rapid Spin|p2a: Empoleon\n|-resisted|p2a: Empoleon\n|-damage|p2a: Empoleon|92\/100\n|-boost|p1a: Great Tusk|spe|1\n|\n|upkeep\n|turn|11\n|\n|t:|1700594369\n|-terastallize|p1a: Great Tusk|Ice\n|-terastallize|p2a: Empoleon|Flying\n|move|p1a: Great Tusk|Bulk Up|p1a: Great Tusk\n|-boost|p1a: Great Tusk|atk|1\n|-boost|p1a: Great Tusk|def|1\n|move|p2a: Empoleon|Hydro Pump|p1a: Great Tusk\n|-damage|p1a: Great Tusk|21\/100\n|\n|-heal|p1a: Great Tusk|27\/100|[from] item: Leftovers\n|upkeep\n|turn|12\n|\n|t:|1700594379\n|move|p2a: Empoleon|Vacuum Wave|p1a: Great Tusk\n|-supereffective|p1a: Great Tusk\n|-damage|p1a: Great Tusk|0 fnt\n|faint|p1a: Great Tusk\n|-end|p1a: Great Tusk|Protosynthesis|[silent]\n|\n|upkeep\n|\n|t:|1700594386\n|switch|p1a: devindian|Kingambit, M|100\/100\n|-activate|p1a: devindian|ability: Supreme Overlord\n|-start|p1a: devindian|fallen3|[silent]\n|turn|13\n|\n|t:|1700594403\n|move|p2a: Empoleon|Hydro Pump|p1a: devindian\n|-damage|p1a: devindian|42\/100\n|move|p1a: devindian|Kowtow Cleave|p2a: Empoleon\n|-damage|p2a: Empoleon|22\/100\n|\n|-heal|p1a: devindian|48\/100|[from] item: Leftovers\n|upkeep\n|turn|14\n|\n|t:|1700594412\n|move|p2a: Empoleon|Vacuum Wave|p1a: devindian\n|-supereffective|p1a: devindian\n|-crit|p1a: devindian\n|-damage|p1a: devindian|0 fnt\n|faint|p1a: devindian\n|-end|p1a: devindian|fallen3|[silent]\n|\n|upkeep\n|-message|PNTS_ forfeited.\n|\n|win|JackJas02\n|raw|PNTS_'s rating: 1346 &rarr; <strong>1327<\/strong><br \/>(-19 for losing)\n|raw|JackJas02's rating: 1361 &rarr; <strong>1380<\/strong><br \/>(+19 for winning)\n|l|\u2606PNTS_\n","uploadtime":1700594429,"views":1,"p1id":"pnts","p2id":"jackjas02","formatid":"gen9ou","rating":1327,"private":0,"password":""}