{"id":"gen9ou-1992129275","p1":"bobstanthelegend","p2":"duuuuuuy","format":"[Gen 9] OU","log":"|j|\u203dbobstanthelegend\n|j|\u2606duuuuuuy\n|t:|1700157461\n|gametype|singles\n|player|p1|bobstanthelegend|102|1000\n|player|p2|duuuuuuy|cynthia-gen4|1000\n|teamsize|p1|6\n|teamsize|p2|6\n|gen|9\n|tier|[Gen 9] OU\n|rated|\n|rule|Sleep Clause Mod: Limit one foe put to sleep\n|rule|Species Clause: Limit one of each Pok\u00e9mon\n|rule|OHKO Clause: OHKO moves are banned\n|rule|Evasion Items Clause: Evasion items are banned\n|rule|Evasion Moves Clause: Evasion moves are banned\n|rule|Endless Battle Clause: Forcing endless battles is banned\n|rule|HP Percentage Mod: HP is shown in percentages\n|clearpoke\n|poke|p1|Great Tusk|\n|poke|p1|Iron Moth|\n|poke|p1|Dondozo, F|\n|poke|p1|Sneasler, F|\n|poke|p1|Kingambit, F|\n|poke|p1|Landorus-Therian, M|\n|poke|p2|Enamorus, F|\n|poke|p2|Hatterene, F|\n|poke|p2|Slowking-Galar, M|\n|poke|p2|Gengar, M|\n|poke|p2|Furret, M|\n|poke|p2|Zoroark, F|\n|teampreview\n|\n|t:|1700157474\n|start\n|switch|p1a: Sneasler|Sneasler, F|100\/100\n|switch|p2a: Furret|Furret, M|100\/100\n|turn|1\n|\n|t:|1700157482\n|switch|p2a: Slowking|Slowking-Galar, M|100\/100\n|move|p1a: Sneasler|Fake Out|p2a: Slowking\n|-damage|p2a: Slowking|87\/100\n|\n|upkeep\n|turn|2\n|\n|t:|1700157508\n|switch|p1a: Landorus|Landorus-Therian, M|100\/100\n|-ability|p1a: Landorus|Intimidate|boost\n|-unboost|p2a: Slowking|atk|1\n|move|p2a: Slowking|Ice Beam|p1a: Landorus\n|-supereffective|p1a: Landorus\n|-damage|p1a: Landorus|0 fnt\n|faint|p1a: Landorus\n|\n|upkeep\n|inactive|Battle timer is ON: inactive players will automatically lose when time's up. (requested by duuuuuuy)\n|\n|t:|1700157529\n|switch|p1a: Kingambit|Kingambit, F|100\/100\n|-activate|p1a: Kingambit|ability: Supreme Overlord\n|-start|p1a: Kingambit|fallen1|[silent]\n|turn|3\n|\n|t:|1700157539\n|switch|p2a: Enamorus|Enamorus, F|100\/100\n|move|p1a: Kingambit|Swords Dance|p1a: Kingambit\n|-boost|p1a: Kingambit|atk|2\n|\n|upkeep\n|turn|4\n|\n|t:|1700157551\n|move|p1a: Kingambit|Sucker Punch|p2a: Enamorus\n|-resisted|p2a: Enamorus\n|-damage|p2a: Enamorus|27\/100\n|move|p2a: Enamorus|Superpower|p1a: Kingambit\n|-supereffective|p1a: Kingambit\n|-crit|p1a: Kingambit\n|-damage|p1a: Kingambit|0 fnt\n|-boost|p2a: Enamorus|atk|1\n|-boost|p2a: Enamorus|def|1\n|faint|p1a: Kingambit\n|-end|p1a: Kingambit|fallen1|[silent]\n|\n|upkeep\n|\n|t:|1700157569\n|switch|p1a: Sneasler|Sneasler, F|100\/100\n|turn|5\n|\n|t:|1700157575\n|switch|p2a: Slowking|Slowking-Galar, M|100\/100\n|move|p1a: Sneasler|Fake Out|p2a: Slowking\n|-damage|p2a: Slowking|87\/100\n|\n|upkeep\n|turn|6\n|\n|t:|1700157591\n|switch|p1a: Dondozo|Dondozo, F|100\/100\n|move|p2a: Slowking|Eerie Spell|p1a: Dondozo\n|-damage|p1a: Dondozo|61\/100\n|\n|-heal|p1a: Dondozo|67\/100|[from] item: Leftovers\n|upkeep\n|turn|7\n|\n|t:|1700157603\n|move|p1a: Dondozo|Liquidation|p2a: Slowking\n|-damage|p2a: Slowking|57\/100\n|move|p2a: Slowking|Grass Knot|p1a: Dondozo\n|-supereffective|p1a: Dondozo\n|-damage|p1a: Dondozo|0 fnt\n|faint|p1a: Dondozo\n|\n|upkeep\n|-message|bobstanthelegend forfeited.\n|\n|win|duuuuuuy\n|raw|bobstanthelegend's rating: 1000 &rarr; <strong>1000<\/strong><br \/>(+0 for losing)\n|raw|duuuuuuy's rating: 1000 &rarr; <strong>1040<\/strong><br \/>(+40 for winning)\n|l|\u203dbobstanthelegend\n","uploadtime":1700157615,"views":6,"p1id":"bobstanthelegend","p2id":"duuuuuuy","formatid":"gen9ou","rating":1000,"private":0,"password":""}