{"id":"gen9ou-1993244481","p1":"Katsu6624","p2":"testing5hitmons","format":"[Gen 9] OU","log":"|j|\u2606Katsu6624\n|j|\u2606testing5hitmons\n|t:|1700283352\n|gametype|singles\n|player|p1|Katsu6624|cynthia-gen4|1082\n|player|p2|testing5hitmons|265|1147\n|teamsize|p1|6\n|teamsize|p2|6\n|gen|9\n|tier|[Gen 9] OU\n|rated|\n|rule|Sleep Clause Mod: Limit one foe put to sleep\n|rule|Species Clause: Limit one of each Pok\u00e9mon\n|rule|OHKO Clause: OHKO moves are banned\n|rule|Evasion Items Clause: Evasion items are banned\n|rule|Evasion Moves Clause: Evasion moves are banned\n|rule|Endless Battle Clause: Forcing endless battles is banned\n|rule|HP Percentage Mod: HP is shown in percentages\n|clearpoke\n|poke|p1|Garchomp, M|\n|poke|p1|Spiritomb, M|\n|poke|p1|Milotic, F|\n|poke|p1|Braviary-Hisui, M|\n|poke|p1|Lucario, M|\n|poke|p1|Glaceon, F|\n|poke|p2|Alomomola, F|\n|poke|p2|Slowking-Galar, F|\n|poke|p2|Toxapex, M|\n|poke|p2|Amoonguss, F|\n|poke|p2|Slowbro, M|\n|poke|p2|Tornadus-Therian, M|\n|teampreview\n|inactive|Battle timer is ON: inactive players will automatically lose when time's up. (requested by Katsu6624)\n|\n|t:|1700283360\n|start\n|switch|p1a: Poubelle|Glaceon, F, shiny|100\/100\n|switch|p2a: Amoonguss|Amoonguss, F|100\/100\n|turn|1\n|inactive|testing5hitmons has 120 seconds left.\n|\n|t:|1700283396\n|switch|p2a: Slowking|Slowking-Galar, F|100\/100\n|move|p1a: Poubelle|Freeze-Dry|p2a: Slowking\n|-damage|p2a: Slowking|65\/100\n|\n|upkeep\n|turn|2\n|inactive|testing5hitmons has 120 seconds left.\n|\n|t:|1700283410\n|move|p1a: Poubelle|Freeze-Dry|p2a: Slowking\n|-damage|p2a: Slowking|31\/100\n|-status|p2a: Slowking|frz\n|cant|p2a: Slowking|frz\n|\n|upkeep\n|turn|3\n|inactive|testing5hitmons has 120 seconds left.\n|\n|t:|1700283421\n|move|p1a: Poubelle|Freeze-Dry|p2a: Slowking\n|-damage|p2a: Slowking|0 fnt\n|faint|p2a: Slowking\n|\n|upkeep\n|\n|t:|1700283431\n|switch|p2a: Tornadus|Tornadus-Therian, M|100\/100\n|turn|4\n|inactive|testing5hitmons has 120 seconds left.\n|\n|t:|1700283446\n|switch|p1a: Je stall|Milotic, F|100\/100\n|-terastallize|p2a: Tornadus|Fighting\n|move|p2a: Tornadus|Nasty Plot|p2a: Tornadus\n|-boost|p2a: Tornadus|spa|2\n|\n|upkeep\n|turn|5\n|\n|t:|1700283452\n|move|p2a: Tornadus|Substitute|p2a: Tornadus\n|-start|p2a: Tornadus|Substitute\n|-damage|p2a: Tornadus|76\/100\n|move|p1a: Je stall|Haze|p1a: Je stall\n|-clearallboost\n|\n|upkeep\n|turn|6\n|\n|t:|1700283456\n|move|p2a: Tornadus|Nasty Plot|p2a: Tornadus\n|-boost|p2a: Tornadus|spa|2\n|move|p1a: Je stall|Scald|p2a: Tornadus\n|-end|p2a: Tornadus|Substitute\n|\n|upkeep\n|turn|7\n|\n|t:|1700283458\n|move|p2a: Tornadus|Bleakwind Storm|p1a: Je stall\n|-damage|p1a: Je stall|52\/100\n|move|p1a: Je stall|Haze|p1a: Je stall\n|-clearallboost\n|\n|upkeep\n|turn|8\n|\n|t:|1700283466\n|move|p2a: Tornadus|Nasty Plot|p2a: Tornadus\n|-boost|p2a: Tornadus|spa|2\n|move|p1a: Je stall|Recover|p1a: Je stall\n|-heal|p1a: Je stall|100\/100\n|\n|upkeep\n|turn|9\n|\n|t:|1700283474\n|move|p2a: Tornadus|Focus Blast|p1a: Je stall|[miss]\n|-miss|p2a: Tornadus|p1a: Je stall\n|move|p1a: Je stall|Mirror Coat||[still]\n|-fail|p1a: Je stall\n|\n|upkeep\n|turn|10\n|\n|t:|1700283482\n|move|p2a: Tornadus|Substitute|p2a: Tornadus\n|-start|p2a: Tornadus|Substitute\n|-damage|p2a: Tornadus|51\/100\n|move|p1a: Je stall|Haze|p1a: Je stall\n|-clearallboost\n|\n|upkeep\n|turn|11\n|\n|t:|1700283484\n|move|p2a: Tornadus|Bleakwind Storm|p1a: Je stall|[miss]\n|-miss|p2a: Tornadus|p1a: Je stall\n|move|p1a: Je stall|Scald|p2a: Tornadus\n|-end|p2a: Tornadus|Substitute\n|\n|upkeep\n|turn|12\n|\n|t:|1700283490\n|switch|p2a: Toxapex|Toxapex, M|100\/100\n|move|p1a: Je stall|Scald|p2a: Toxapex\n|-resisted|p2a: Toxapex\n|-damage|p2a: Toxapex|90\/100\n|-status|p2a: Toxapex|brn\n|\n|-heal|p2a: Toxapex|96\/100 brn|[from] item: Leftovers\n|-damage|p2a: Toxapex|90\/100 brn|[from] brn\n|upkeep\n|turn|13\n|\n|t:|1700283502\n|switch|p1a: Poubelle|Glaceon, F, shiny|100\/100\n|move|p2a: Toxapex|Toxic Spikes|p1a: Poubelle\n|-sidestart|p1: Katsu6624|move: Toxic Spikes\n|\n|-heal|p2a: Toxapex|96\/100 brn|[from] item: Leftovers\n|-damage|p2a: Toxapex|90\/100 brn|[from] brn\n|upkeep\n|turn|14\n|\n|t:|1700283508\n|move|p1a: Poubelle|Freeze-Dry|p2a: Toxapex\n|-supereffective|p2a: Toxapex\n|-damage|p2a: Toxapex|6\/100 brn\n|move|p2a: Toxapex|Toxic Spikes|p1a: Poubelle\n|-sidestart|p1: Katsu6624|move: Toxic Spikes\n|\n|-heal|p2a: Toxapex|13\/100 brn|[from] item: Leftovers\n|-damage|p2a: Toxapex|6\/100 brn|[from] brn\n|upkeep\n|turn|15\n|\n|t:|1700283515\n|move|p1a: Poubelle|Freeze-Dry|p2a: Toxapex\n|-supereffective|p2a: Toxapex\n|-damage|p2a: Toxapex|0 fnt\n|faint|p2a: Toxapex\n|\n|upkeep\n|\n|t:|1700283517\n|switch|p2a: Tornadus|Tornadus-Therian, M, tera:Fighting|84\/100\n|turn|16\n|\n|t:|1700283521\n|switch|p1a: Je stall|Milotic, F|100\/100\n|move|p2a: Tornadus|Substitute|p2a: Tornadus\n|-start|p2a: Tornadus|Substitute\n|-damage|p2a: Tornadus|59\/100\n|\n|upkeep\n|turn|17\n|\n|t:|1700283526\n|move|p2a: Tornadus|Nasty Plot|p2a: Tornadus\n|-boost|p2a: Tornadus|spa|2\n|move|p1a: Je stall|Scald|p2a: Tornadus\n|-end|p2a: Tornadus|Substitute\n|\n|upkeep\n|turn|18\n|\n|t:|1700283529\n|move|p2a: Tornadus|Bleakwind Storm|p1a: Je stall\n|-damage|p1a: Je stall|49\/100\n|-unboost|p1a: Je stall|spe|1\n|move|p1a: Je stall|Mirror Coat|p2a: Tornadus\n|-damage|p2a: Tornadus|0 fnt\n|faint|p2a: Tornadus\n|\n|upkeep\n|\n|t:|1700283537\n|switch|p2a: Amoonguss|Amoonguss, F|100\/100\n|turn|19\n|\n|t:|1700283540\n|move|p1a: Je stall|Recover|p1a: Je stall\n|-heal|p1a: Je stall|99\/100\n|move|p2a: Amoonguss|Sludge Bomb|p1a: Je stall\n|-damage|p1a: Je stall|83\/100\n|-status|p1a: Je stall|psn\n|\n|-damage|p1a: Je stall|71\/100 psn|[from] psn\n|upkeep\n|turn|20\n|\n|t:|1700283547\n|switch|p1a: Poubelle|Glaceon, F, shiny|100\/100\n|-status|p1a: Poubelle|tox\n|move|p2a: Amoonguss|Sludge Bomb|p1a: Poubelle\n|-damage|p1a: Poubelle|67\/100 tox\n|\n|-damage|p1a: Poubelle|61\/100 tox|[from] psn\n|upkeep\n|turn|21\n|\n|t:|1700283561\n|move|p1a: Poubelle|Freeze-Dry|p2a: Amoonguss\n|-supereffective|p2a: Amoonguss\n|-damage|p2a: Amoonguss|0 fnt\n|faint|p2a: Amoonguss\n|\n|-damage|p1a: Poubelle|50\/100 tox|[from] psn\n|upkeep\n|\n|t:|1700283563\n|switch|p2a: Alomomola|Alomomola, F|100\/100\n|turn|22\n|\n|t:|1700283565\n|move|p2a: Alomomola|Protect|p2a: Alomomola\n|-singleturn|p2a: Alomomola|Protect\n|move|p1a: Poubelle|Freeze-Dry|p2a: Alomomola\n|-activate|p2a: Alomomola|move: Protect\n|\n|-damage|p1a: Poubelle|32\/100 tox|[from] psn\n|upkeep\n|turn|23\n|\n|t:|1700283577\n|switch|p2a: Slowbro|Slowbro, M|100\/100\n|move|p1a: Poubelle|Freeze-Dry|p2a: Slowbro\n|-supereffective|p2a: Slowbro\n|-crit|p2a: Slowbro\n|-damage|p2a: Slowbro|0 fnt\n|faint|p2a: Slowbro\n|\n|-damage|p1a: Poubelle|8\/100 tox|[from] psn\n|upkeep\n|\n|t:|1700283578\n|switch|p2a: Alomomola|Alomomola, F|100\/100\n|turn|24\n|\n|t:|1700283585\n|switch|p1a: CUI CUI|Braviary-Hisui, M, shiny|100\/100\n|move|p2a: Alomomola|Protect||[still]\n|-fail|p2a: Alomomola\n|\n|upkeep\n|turn|25\n|\n|t:|1700283588\n|move|p1a: CUI CUI|Calm Mind|p1a: CUI CUI\n|-boost|p1a: CUI CUI|spa|1\n|-boost|p1a: CUI CUI|spd|1\n|move|p2a: Alomomola|Calm Mind|p2a: Alomomola\n|-boost|p2a: Alomomola|spa|1\n|-boost|p2a: Alomomola|spd|1\n|\n|upkeep\n|turn|26\n|\n|t:|1700283590\n|move|p1a: CUI CUI|Calm Mind|p1a: CUI CUI\n|-boost|p1a: CUI CUI|spa|1\n|-boost|p1a: CUI CUI|spd|1\n|move|p2a: Alomomola|Calm Mind|p2a: Alomomola\n|-boost|p2a: Alomomola|spa|1\n|-boost|p2a: Alomomola|spd|1\n|\n|upkeep\n|turn|27\n|\n|t:|1700283596\n|move|p1a: CUI CUI|Esper Wing|p2a: Alomomola\n|-crit|p2a: Alomomola\n|-damage|p2a: Alomomola|0 fnt\n|-boost|p1a: CUI CUI|spe|1\n|faint|p2a: Alomomola\n|\n|win|Katsu6624\n|raw|Katsu6624's rating: 1082 &rarr; <strong>1115<\/strong><br \/>(+33 for winning)\n|raw|testing5hitmons's rating: 1147 &rarr; <strong>1117<\/strong><br \/>(-30 for losing)\n|l|\u2606testing5hitmons\n","uploadtime":1700283603,"views":11,"p1id":"katsu6624","p2id":"testing5hitmons","formatid":"gen9ou","rating":1115,"private":0,"password":""}