{"id":"gen9ou-1991281148","p1":"Ryan&Ditto","p2":"Derpy Monkey","format":"[Gen 9] OU","log":"|j|\u2606Ryan&Ditto\n|j|\u2606Derpy Monkey\n|t:|1700063950\n|gametype|singles\n|player|p1|Ryan&Ditto|unknown|1620\n|player|p2|Derpy Monkey|preschooler|1784\n|teamsize|p1|6\n|teamsize|p2|6\n|gen|9\n|tier|[Gen 9] OU\n|rated|\n|rule|Sleep Clause Mod: Limit one foe put to sleep\n|rule|Species Clause: Limit one of each Pok\u00e9mon\n|rule|OHKO Clause: OHKO moves are banned\n|rule|Evasion Items Clause: Evasion items are banned\n|rule|Evasion Moves Clause: Evasion moves are banned\n|rule|Endless Battle Clause: Forcing endless battles is banned\n|rule|HP Percentage Mod: HP is shown in percentages\n|clearpoke\n|poke|p1|Kingambit, M|\n|poke|p1|Clodsire, F|\n|poke|p1|Ogerpon-Wellspring, F|\n|poke|p1|Gholdengo|\n|poke|p1|Zapdos|\n|poke|p1|Zamazenta-*|\n|poke|p2|Great Tusk|\n|poke|p2|Amoonguss, M|\n|poke|p2|Iron Moth|\n|poke|p2|Dragapult, M|\n|poke|p2|Kingambit, F|\n|poke|p2|Landorus-Therian, M|\n|teampreview\n|j| AntiDinkus\n|\n|t:|1700063966\n|start\n|switch|p1a: boltreaver jr.|Zapdos|100\/100\n|switch|p2a: Landorus|Landorus-Therian, M|100\/100\n|-ability|p2a: Landorus|Intimidate|boost\n|-unboost|p1a: boltreaver jr.|atk|1\n|turn|1\n|\n|t:|1700063980\n|move|p1a: boltreaver jr.|Hurricane|p2a: Landorus\n|-damage|p2a: Landorus|66\/100\n|move|p2a: Landorus|Stealth Rock|p1a: boltreaver jr.\n|-sidestart|p1: Ryan&Ditto|move: Stealth Rock\n|\n|upkeep\n|turn|2\n|\n|t:|1700063999\n|switch|p2a: Dragapult|Dragapult, M|100\/100\n|move|p1a: boltreaver jr.|Hurricane|p2a: Dragapult\n|-damage|p2a: Dragapult|39\/100\n|\n|upkeep\n|turn|3\n|\n|t:|1700064008\n|switch|p1a: OIC representative|Clodsire, F|100\/100\n|-damage|p1a: OIC representative|94\/100|[from] Stealth Rock\n|move|p2a: Dragapult|Draco Meteor|p1a: OIC representative\n|-damage|p1a: OIC representative|52\/100\n|-unboost|p2a: Dragapult|spa|2\n|\n|-heal|p1a: OIC representative|58\/100|[from] item: Leftovers\n|upkeep\n|turn|4\n|\n|t:|1700064028\n|switch|p2a: Great Tusk|Great Tusk|100\/100\n|move|p1a: OIC representative|Recover|p1a: OIC representative\n|-heal|p1a: OIC representative|100\/100\n|\n|upkeep\n|turn|5\n|\n|t:|1700064036\n|switch|p1a: boltreaver jr.|Zapdos|100\/100\n|move|p2a: Great Tusk|Knock Off|p1a: boltreaver jr.\n|-damage|p1a: boltreaver jr.|79\/100\n|-status|p2a: Great Tusk|par|[from] ability: Static|[of] p1a: boltreaver jr.\n|-enditem|p1a: boltreaver jr.|Heavy-Duty Boots|[from] move: Knock Off|[of] p2a: Great Tusk\n|\n|upkeep\n|turn|6\n|\n|t:|1700064056\n|move|p1a: boltreaver jr.|Hurricane|p2a: Great Tusk|[miss]\n|-miss|p1a: boltreaver jr.|p2a: Great Tusk\n|cant|p2a: Great Tusk|par\n|\n|upkeep\n|turn|7\n|\n|t:|1700064070\n|move|p1a: boltreaver jr.|Hurricane|p2a: Great Tusk\n|-supereffective|p2a: Great Tusk\n|-damage|p2a: Great Tusk|0 fnt\n|faint|p2a: Great Tusk\n|-end|p2a: Great Tusk|Protosynthesis|[silent]\n|\n|upkeep\n|\n|t:|1700064072\n|switch|p2a: Dragapult|Dragapult, M|39\/100\n|turn|8\n|\n|t:|1700064081\n|switch|p1a: OIC representative|Clodsire, F|100\/100\n|-damage|p1a: OIC representative|94\/100|[from] Stealth Rock\n|move|p2a: Dragapult|Draco Meteor|p1a: OIC representative\n|-damage|p1a: OIC representative|47\/100\n|-unboost|p2a: Dragapult|spa|2\n|\n|-heal|p1a: OIC representative|53\/100|[from] item: Leftovers\n|upkeep\n|turn|9\n|\n|t:|1700064091\n|switch|p2a: Landorus|Landorus-Therian, M|66\/100\n|-ability|p2a: Landorus|Intimidate|boost\n|-unboost|p1a: OIC representative|atk|1\n|move|p1a: OIC representative|Stealth Rock|p2a: Landorus\n|-sidestart|p2: Derpy Monkey|move: Stealth Rock\n|\n|-heal|p1a: OIC representative|59\/100|[from] item: Leftovers\n|upkeep\n|turn|10\n|\n|t:|1700064108\n|move|p2a: Landorus|U-turn|p1a: OIC representative\n|-resisted|p1a: OIC representative\n|-damage|p1a: OIC representative|47\/100\n|\n|t:|1700064112\n|switch|p2a: Amoonguss|Amoonguss, M|100\/100|[from] U-turn\n|-damage|p2a: Amoonguss|88\/100|[from] Stealth Rock\n|move|p1a: OIC representative|Recover|p1a: OIC representative\n|-heal|p1a: OIC representative|97\/100\n|\n|-heal|p1a: OIC representative|100\/100|[from] item: Leftovers\n|upkeep\n|turn|11\n|\n|t:|1700064117\n|switch|p1a: tax evasion|Gholdengo|100\/100\n|-damage|p1a: tax evasion|94\/100|[from] Stealth Rock\n|move|p2a: Amoonguss|Spore|p1a: tax evasion\n|-immune|p1a: tax evasion|[from] ability: Good as Gold\n|\n|upkeep\n|turn|12\n|\n|t:|1700064121\n|move|p1a: tax evasion|Substitute|p1a: tax evasion\n|-start|p1a: tax evasion|Substitute\n|-damage|p1a: tax evasion|69\/100\n|move|p2a: Amoonguss|Giga Drain|p1a: tax evasion\n|-resisted|p1a: tax evasion\n|-activate|p1a: tax evasion|move: Substitute|[damage]\n|-heal|p2a: Amoonguss|93\/100|[from] drain|[of] p1a: tax evasion\n|\n|upkeep\n|turn|13\n|\n|t:|1700064126\n|switch|p2a: Kingambit|Kingambit, F|100\/100\n|-damage|p2a: Kingambit|94\/100|[from] Stealth Rock\n|-activate|p2a: Kingambit|ability: Supreme Overlord\n|-start|p2a: Kingambit|fallen1|[silent]\n|move|p1a: tax evasion|Nasty Plot|p1a: tax evasion\n|-boost|p1a: tax evasion|spa|2\n|\n|-heal|p2a: Kingambit|100\/100|[from] item: Leftovers\n|upkeep\n|turn|14\n|c|\u2606Derpy Monkey|i was thinking of sub gholdengo\n|c|\u2606Derpy Monkey|it has to be OP\n|\n|t:|1700064147\n|move|p1a: tax evasion|Focus Blast|p2a: Kingambit\n|-supereffective|p2a: Kingambit\n|-damage|p2a: Kingambit|0 fnt\n|faint|p2a: Kingambit\n|-end|p2a: Kingambit|fallen1|[silent]\n|\n|upkeep\n|c|\u2606Ryan&Ditto|its not bad\n|\n|t:|1700064153\n|switch|p2a: Dragapult|Dragapult, M|39\/100\n|-damage|p2a: Dragapult|27\/100|[from] Stealth Rock\n|turn|15\n|c|\u2606Derpy Monkey|but then there's dragapult\n|\n|t:|1700064176\n|-terastallize|p1a: tax evasion|Dark\n|move|p2a: Dragapult|Shadow Ball|p1a: tax evasion\n|-resisted|p1a: tax evasion\n|-damage|p1a: tax evasion|40\/100\n|-unboost|p1a: tax evasion|spd|1\n|move|p1a: tax evasion|Shadow Ball|p2a: Dragapult\n|-supereffective|p2a: Dragapult\n|-damage|p2a: Dragapult|0 fnt\n|faint|p2a: Dragapult\n|\n|upkeep\n|c|\u2606Ryan&Ditto|but then there's tera\n|c|\u2606Derpy Monkey|I mean tera Is tera\n|c|\u2606Ryan&Ditto|fair enough\n|j| Kingaston17\n|\n|t:|1700064199\n|switch|p2a: Iron Moth|Iron Moth|100\/100\n|-damage|p2a: Iron Moth|76\/100|[from] Stealth Rock\n|-enditem|p2a: Iron Moth|Booster Energy\n|-activate|p2a: Iron Moth|ability: Quark Drive|[fromitem]\n|-start|p2a: Iron Moth|quarkdrivespe\n|turn|16\n|\n|t:|1700064207\n|move|p2a: Iron Moth|Fiery Dance|p1a: tax evasion\n|-end|p1a: tax evasion|Substitute\n|-boost|p2a: Iron Moth|spa|1\n|move|p1a: tax evasion|Shadow Ball|p2a: Iron Moth\n|-damage|p2a: Iron Moth|0 fnt\n|faint|p2a: Iron Moth\n|-end|p2a: Iron Moth|Quark Drive|[silent]\n|\n|upkeep\n|\n|t:|1700064210\n|switch|p2a: Landorus|Landorus-Therian, M|66\/100\n|-damage|p2a: Landorus|54\/100|[from] Stealth Rock\n|-ability|p2a: Landorus|Intimidate|boost\n|-unboost|p1a: tax evasion|atk|1\n|turn|17\n|\n|t:|1700064219\n|move|p1a: tax evasion|Shadow Ball|p2a: Landorus\n|-damage|p2a: Landorus|0 fnt\n|faint|p2a: Landorus\n|\n|upkeep\n|l| Kingaston17\n|c|\u2606Ryan&Ditto|oh im faster\n|c|\u2606Derpy Monkey|gg\n|c|\u2606Ryan&Ditto|gg\n|-message|Derpy Monkey forfeited.\n|\n|win|Ryan&Ditto\n|raw|Ryan&amp;Ditto's rating: 1620 &rarr; <strong>1649<\/strong><br \/>(+29 for winning)\n|raw|Derpy Monkey's rating: 1784 &rarr; <strong>1755<\/strong><br \/>(-29 for losing)\n|l|\u2606Derpy Monkey\n","uploadtime":1700064234,"views":24,"p1id":"ryanditto","p2id":"derpymonkey","formatid":"gen9ou","rating":1649,"private":0,"password":""}