{"id":"gen9ou-1995466862","p1":"Br0nana","p2":"gwpray","format":"[Gen 9] OU","log":"|j|\u2606Br0nana\n|j|\u2606gwpray\n|t:|1700574042\n|gametype|singles\n|player|p1|Br0nana|acetrainer-gen4dp|1054\n|player|p2|gwpray|265|1118\n|teamsize|p1|6\n|teamsize|p2|6\n|gen|9\n|tier|[Gen 9] OU\n|rated|\n|rule|Sleep Clause Mod: Limit one foe put to sleep\n|rule|Species Clause: Limit one of each Pok\u00e9mon\n|rule|OHKO Clause: OHKO moves are banned\n|rule|Evasion Items Clause: Evasion items are banned\n|rule|Evasion Moves Clause: Evasion moves are banned\n|rule|Endless Battle Clause: Forcing endless battles is banned\n|rule|HP Percentage Mod: HP is shown in percentages\n|clearpoke\n|poke|p1|Tyranitar, F|\n|poke|p1|Arcanine-Hisui, M|\n|poke|p1|Empoleon, M|\n|poke|p1|Toedscruel, M|\n|poke|p1|Hippowdon, M|\n|poke|p1|Jirachi|\n|poke|p2|Ambipom, F|\n|poke|p2|Jirachi|\n|poke|p2|Lokix, F|\n|poke|p2|Pelipper, F|\n|poke|p2|Sandy Shocks|\n|poke|p2|Thundurus, M|\n|teampreview\n|\n|t:|1700574054\n|start\n|switch|p1a: Hippowdon|Hippowdon, M, shiny|100\/100\n|switch|p2a: Jirachi|Jirachi, shiny|100\/100\n|-weather|Sandstorm|[from] ability: Sand Stream|[of] p1a: Hippowdon\n|turn|1\n|\n|t:|1700574062\n|switch|p2a: Pelipper|Pelipper, F|100\/100\n|-weather|RainDance|[from] ability: Drizzle|[of] p2a: Pelipper\n|move|p1a: Hippowdon|Stealth Rock|p2a: Pelipper\n|-sidestart|p2: gwpray|move: Stealth Rock\n|\n|-weather|RainDance|[upkeep]\n|upkeep\n|turn|2\n|\n|t:|1700574069\n|switch|p1a: Tyranitar|Tyranitar, F|100\/100\n|-weather|Sandstorm|[from] ability: Sand Stream|[of] p1a: Tyranitar\n|move|p2a: Pelipper|Ice Beam|p1a: Tyranitar\n|-damage|p1a: Tyranitar|88\/100\n|\n|-weather|Sandstorm|[upkeep]\n|-damage|p2a: Pelipper|94\/100|[from] Sandstorm\n|upkeep\n|turn|3\n|\n|t:|1700574078\n|switch|p2a: Sandy Shocks|Sandy Shocks|100\/100\n|-damage|p2a: Sandy Shocks|94\/100|[from] Stealth Rock\n|move|p1a: Tyranitar|Power Gem|p2a: Sandy Shocks\n|-resisted|p2a: Sandy Shocks\n|-damage|p2a: Sandy Shocks|70\/100\n|\n|-weather|Sandstorm|[upkeep]\n|upkeep\n|turn|4\n|\n|t:|1700574089\n|move|p2a: Sandy Shocks|Earth Power|p1a: Tyranitar\n|-supereffective|p1a: Tyranitar\n|-damage|p1a: Tyranitar|8\/100\n|move|p1a: Tyranitar|Earth Power|p2a: Sandy Shocks\n|-supereffective|p2a: Sandy Shocks\n|-damage|p2a: Sandy Shocks|0 fnt\n|faint|p2a: Sandy Shocks\n|-end|p2a: Sandy Shocks|Protosynthesis|[silent]\n|\n|-weather|Sandstorm|[upkeep]\n|upkeep\n|\n|t:|1700574104\n|switch|p2a: Thundurus|Thundurus, M|100\/100\n|turn|5\n|\n|t:|1700574114\n|switch|p1a: Hippowdon|Hippowdon, M, shiny|100\/100\n|move|p2a: Thundurus|Discharge|p1a: Hippowdon\n|-immune|p1a: Hippowdon\n|\n|-weather|Sandstorm|[upkeep]\n|-damage|p2a: Thundurus|94\/100|[from] Sandstorm\n|upkeep\n|turn|6\n|\n|t:|1700574123\n|move|p2a: Thundurus|Nasty Plot|p2a: Thundurus\n|-boost|p2a: Thundurus|spa|2\n|move|p1a: Hippowdon|Curse|p1a: Hippowdon\n|-unboost|p1a: Hippowdon|spe|1\n|-boost|p1a: Hippowdon|atk|1\n|-boost|p1a: Hippowdon|def|1\n|\n|-weather|Sandstorm|[upkeep]\n|-damage|p2a: Thundurus|88\/100|[from] Sandstorm\n|upkeep\n|turn|7\n|\n|t:|1700574133\n|switch|p1a: Empoleon|Empoleon, M|100\/100\n|move|p2a: Thundurus|Dark Pulse|p1a: Empoleon\n|-damage|p1a: Empoleon|66\/100\n|\n|-weather|Sandstorm|[upkeep]\n|-damage|p2a: Thundurus|82\/100|[from] Sandstorm\n|upkeep\n|turn|8\n|\n|t:|1700574140\n|move|p2a: Thundurus|Discharge|p1a: Empoleon\n|-supereffective|p1a: Empoleon\n|-damage|p1a: Empoleon|0 fnt\n|faint|p1a: Empoleon\n|\n|-weather|Sandstorm|[upkeep]\n|-damage|p2a: Thundurus|76\/100|[from] Sandstorm\n|upkeep\n|\n|t:|1700574146\n|switch|p1a: Arcanine|Arcanine-Hisui, M|100\/100\n|turn|9\n|\n|t:|1700574151\n|move|p2a: Thundurus|Thunder Wave|p1a: Arcanine\n|-status|p1a: Arcanine|par\n|cant|p1a: Arcanine|par\n|\n|-weather|none\n|upkeep\n|turn|10\n|\n|t:|1700574157\n|switch|p1a: Tyranitar|Tyranitar, F|8\/100\n|-weather|Sandstorm|[from] ability: Sand Stream|[of] p1a: Tyranitar\n|move|p2a: Thundurus|Discharge|p1a: Tyranitar\n|-damage|p1a: Tyranitar|0 fnt\n|faint|p1a: Tyranitar\n|\n|-weather|Sandstorm|[upkeep]\n|-damage|p2a: Thundurus|70\/100|[from] Sandstorm\n|upkeep\n|\n|t:|1700574167\n|switch|p1a: Toedscruel|Toedscruel, M, shiny|100\/100\n|turn|11\n|\n|t:|1700574171\n|move|p2a: Thundurus|Dark Pulse|p1a: Toedscruel\n|-damage|p1a: Toedscruel|59\/100\n|move|p1a: Toedscruel|Spore|p2a: Thundurus\n|-status|p2a: Thundurus|slp|[from] move: Spore\n|\n|-weather|Sandstorm|[upkeep]\n|-damage|p2a: Thundurus|64\/100 slp|[from] Sandstorm\n|-heal|p1a: Toedscruel|65\/100|[from] item: Leftovers\n|upkeep\n|turn|12\n|\n|t:|1700574180\n|cant|p2a: Thundurus|slp\n|move|p1a: Toedscruel|Leech Seed|p2a: Thundurus\n|-start|p2a: Thundurus|move: Leech Seed\n|\n|-weather|Sandstorm|[upkeep]\n|-damage|p2a: Thundurus|58\/100 slp|[from] Sandstorm\n|-heal|p1a: Toedscruel|71\/100|[from] item: Leftovers\n|-damage|p2a: Thundurus|46\/100 slp|[from] Leech Seed|[of] p1a: Toedscruel\n|-heal|p1a: Toedscruel|81\/100|[silent]\n|upkeep\n|turn|13\n|\n|t:|1700574188\n|cant|p2a: Thundurus|slp\n|move|p1a: Toedscruel|Toxic Spikes|p2a: Thundurus\n|-sidestart|p2: gwpray|move: Toxic Spikes\n|\n|-weather|Sandstorm|[upkeep]\n|-damage|p2a: Thundurus|40\/100 slp|[from] Sandstorm\n|-heal|p1a: Toedscruel|87\/100|[from] item: Leftovers\n|-damage|p2a: Thundurus|28\/100 slp|[from] Leech Seed|[of] p1a: Toedscruel\n|-heal|p1a: Toedscruel|97\/100|[silent]\n|upkeep\n|turn|14\n|\n|t:|1700574196\n|switch|p2a: Pelipper|Pelipper, F|94\/100\n|-damage|p2a: Pelipper|70\/100|[from] Stealth Rock\n|-weather|RainDance|[from] ability: Drizzle|[of] p2a: Pelipper\n|move|p1a: Toedscruel|Toxic Spikes|p2a: Pelipper\n|-sidestart|p2: gwpray|move: Toxic Spikes\n|\n|-weather|RainDance|[upkeep]\n|-heal|p1a: Toedscruel|100\/100|[from] item: Leftovers\n|upkeep\n|turn|15\n|\n|t:|1700574206\n|switch|p1a: Hippowdon|Hippowdon, M, shiny|100\/100\n|-weather|Sandstorm|[from] ability: Sand Stream|[of] p1a: Hippowdon\n|move|p2a: Pelipper|Ice Beam|p1a: Hippowdon\n|-supereffective|p1a: Hippowdon\n|-damage|p1a: Hippowdon|65\/100\n|\n|-weather|Sandstorm|[upkeep]\n|-damage|p2a: Pelipper|63\/100|[from] Sandstorm\n|upkeep\n|turn|16\n|\n|t:|1700574220\n|switch|p1a: Jirachi|Jirachi|100\/100\n|move|p2a: Pelipper|Ice Beam|p1a: Jirachi\n|-resisted|p1a: Jirachi\n|-damage|p1a: Jirachi|93\/100\n|\n|-weather|Sandstorm|[upkeep]\n|-damage|p2a: Pelipper|57\/100|[from] Sandstorm\n|-heal|p1a: Jirachi|99\/100|[from] item: Leftovers\n|upkeep\n|turn|17\n|\n|t:|1700574229\n|move|p1a: Jirachi|Thunder Wave|p2a: Pelipper\n|-status|p2a: Pelipper|par\n|move|p2a: Pelipper|U-turn|p1a: Jirachi\n|-damage|p1a: Jirachi|93\/100\n|\n|t:|1700574244\n|switch|p2a: Lokix|Lokix, F|100\/100|[from] U-turn\n|-damage|p2a: Lokix|76\/100|[from] Stealth Rock\n|-status|p2a: Lokix|tox\n|\n|-weather|Sandstorm|[upkeep]\n|-damage|p2a: Lokix|70\/100 tox|[from] Sandstorm\n|-heal|p1a: Jirachi|99\/100|[from] item: Leftovers\n|-damage|p2a: Lokix|64\/100 tox|[from] psn\n|upkeep\n|turn|18\n|\n|t:|1700574257\n|-terastallize|p1a: Jirachi|Steel\n|move|p2a: Lokix|Knock Off|p1a: Jirachi\n|-damage|p1a: Jirachi|48\/100\n|-enditem|p1a: Jirachi|Leftovers|[from] move: Knock Off|[of] p2a: Lokix\n|move|p1a: Jirachi|Wish|p1a: Jirachi\n|\n|-weather|Sandstorm|[upkeep]\n|-damage|p2a: Lokix|58\/100 tox|[from] Sandstorm\n|-damage|p2a: Lokix|46\/100 tox|[from] psn\n|upkeep\n|turn|19\n|\n|t:|1700574270\n|move|p2a: Lokix|Knock Off|p1a: Jirachi\n|-damage|p1a: Jirachi|17\/100\n|move|p1a: Jirachi|U-turn|p2a: Lokix\n|-supereffective|p2a: Lokix\n|-damage|p2a: Lokix|0 fnt\n|faint|p2a: Lokix\n|\n|t:|1700574276\n|switch|p1a: Hippowdon|Hippowdon, M, shiny|65\/100|[from] U-turn\n|\n|-weather|Sandstorm|[upkeep]\n|-heal|p1a: Hippowdon|100\/100|[from] move: Wish|[wisher] Jirachi\n|upkeep\n|\n|t:|1700574283\n|switch|p2a: Ambipom|Ambipom, F|100\/100\n|-damage|p2a: Ambipom|88\/100|[from] Stealth Rock\n|-status|p2a: Ambipom|tox\n|turn|20\n|\n|t:|1700574289\n|move|p2a: Ambipom|Fake Out|p1a: Hippowdon\n|-damage|p1a: Hippowdon|75\/100\n|-damage|p2a: Ambipom|78\/100 tox|[from] item: Life Orb\n|cant|p1a: Hippowdon|flinch\n|\n|-weather|Sandstorm|[upkeep]\n|-damage|p2a: Ambipom|72\/100 tox|[from] Sandstorm\n|-damage|p2a: Ambipom|66\/100 tox|[from] psn\n|upkeep\n|turn|21\n|\n|t:|1700574297\n|-terastallize|p2a: Ambipom|Normal\n|move|p2a: Ambipom|Last Resort|p1a: Hippowdon\n|-damage|p1a: Hippowdon|0 fnt\n|faint|p1a: Hippowdon\n|-damage|p2a: Ambipom|56\/100 tox|[from] item: Life Orb\n|\n|-weather|Sandstorm|[upkeep]\n|-damage|p2a: Ambipom|50\/100 tox|[from] Sandstorm\n|-damage|p2a: Ambipom|37\/100 tox|[from] psn\n|upkeep\n|\n|t:|1700574306\n|switch|p1a: Arcanine|Arcanine-Hisui, M|100\/100 par\n|turn|22\n|\n|t:|1700574309\n|switch|p2a: Thundurus|Thundurus, M|28\/100 slp\n|move|p1a: Arcanine|Extreme Speed|p2a: Thundurus\n|-damage|p2a: Thundurus|0 fnt\n|faint|p2a: Thundurus\n|\n|-weather|none\n|upkeep\n|\n|t:|1700574318\n|switch|p2a: Pelipper|Pelipper, F|57\/100 par\n|-damage|p2a: Pelipper|32\/100 par|[from] Stealth Rock\n|-weather|RainDance|[from] ability: Drizzle|[of] p2a: Pelipper\n|turn|23\n|\n|t:|1700574327\n|switch|p1a: Toedscruel|Toedscruel, M, shiny|100\/100\n|move|p2a: Pelipper|Roost|p2a: Pelipper\n|-heal|p2a: Pelipper|83\/100 par\n|-singleturn|p2a: Pelipper|move: Roost\n|\n|-weather|RainDance|[upkeep]\n|upkeep\n|turn|24\n|\n|t:|1700574336\n|cant|p2a: Pelipper|par\n|move|p1a: Toedscruel|Leech Seed|p2a: Pelipper|[miss]\n|-miss|p1a: Toedscruel|p2a: Pelipper\n|\n|-weather|RainDance|[upkeep]\n|upkeep\n|turn|25\n|\n|t:|1700574341\n|move|p2a: Pelipper|Ice Beam|p1a: Toedscruel\n|-supereffective|p1a: Toedscruel\n|-damage|p1a: Toedscruel|44\/100\n|move|p1a: Toedscruel|Leech Seed|p2a: Pelipper\n|-start|p2a: Pelipper|move: Leech Seed\n|\n|-weather|RainDance|[upkeep]\n|-heal|p1a: Toedscruel|50\/100|[from] item: Leftovers\n|-damage|p2a: Pelipper|70\/100 par|[from] Leech Seed|[of] p1a: Toedscruel\n|-heal|p1a: Toedscruel|61\/100|[silent]\n|upkeep\n|turn|26\n|\n|t:|1700574352\n|switch|p1a: Arcanine|Arcanine-Hisui, M|100\/100 par\n|move|p2a: Pelipper|Ice Beam|p1a: Arcanine\n|-resisted|p1a: Arcanine\n|-damage|p1a: Arcanine|92\/100 par\n|\n|-weather|RainDance|[upkeep]\n|-damage|p2a: Pelipper|58\/100 par|[from] Leech Seed|[of] p1a: Arcanine\n|-heal|p1a: Arcanine|100\/100 par|[silent]\n|upkeep\n|turn|27\n|\n|t:|1700574363\n|switch|p1a: Jirachi|Jirachi, tera:Steel|17\/100\n|move|p2a: Pelipper|U-turn|p1a: Jirachi\n|-resisted|p1a: Jirachi\n|-damage|p1a: Jirachi|14\/100\n|\n|t:|1700574368\n|switch|p2a: Jirachi|Jirachi, shiny|100\/100|[from] U-turn\n|-damage|p2a: Jirachi|94\/100|[from] Stealth Rock\n|\n|-weather|RainDance|[upkeep]\n|-heal|p2a: Jirachi|100\/100|[from] item: Leftovers\n|upkeep\n|turn|28\n|\n|t:|1700574383\n|move|p2a: Jirachi|Shadow Ball|p1a: Jirachi\n|-damage|p1a: Jirachi|0 fnt\n|faint|p1a: Jirachi\n|\n|-weather|RainDance|[upkeep]\n|upkeep\n|\n|t:|1700574389\n|switch|p1a: Toedscruel|Toedscruel, M, shiny|61\/100\n|turn|29\n|\n|t:|1700574394\n|move|p2a: Jirachi|Psychic|p1a: Toedscruel\n|-damage|p1a: Toedscruel|33\/100\n|move|p1a: Toedscruel|Spore|p2a: Jirachi\n|-status|p2a: Jirachi|slp|[from] move: Spore\n|\n|-weather|RainDance|[upkeep]\n|-heal|p1a: Toedscruel|39\/100|[from] item: Leftovers\n|upkeep\n|turn|30\n|\n|t:|1700574404\n|cant|p2a: Jirachi|slp\n|move|p1a: Toedscruel|Leech Seed|p2a: Jirachi|[miss]\n|-miss|p1a: Toedscruel|p2a: Jirachi\n|\n|-weather|none\n|-heal|p1a: Toedscruel|45\/100|[from] item: Leftovers\n|upkeep\n|turn|31\n|\n|t:|1700574410\n|cant|p2a: Jirachi|slp\n|move|p1a: Toedscruel|Leech Seed|p2a: Jirachi\n|-start|p2a: Jirachi|move: Leech Seed\n|\n|-heal|p1a: Toedscruel|51\/100|[from] item: Leftovers\n|-damage|p2a: Jirachi|88\/100 slp|[from] Leech Seed|[of] p1a: Toedscruel\n|-heal|p1a: Toedscruel|62\/100|[silent]\n|upkeep\n|turn|32\n|\n|t:|1700574432\n|switch|p2a: Pelipper|Pelipper, F|58\/100 par\n|-damage|p2a: Pelipper|33\/100 par|[from] Stealth Rock\n|-weather|RainDance|[from] ability: Drizzle|[of] p2a: Pelipper\n|move|p1a: Toedscruel|Rapid Spin|p2a: Pelipper\n|-damage|p2a: Pelipper|27\/100 par\n|-boost|p1a: Toedscruel|spe|1\n|\n|-weather|RainDance|[upkeep]\n|-heal|p1a: Toedscruel|68\/100|[from] item: Leftovers\n|upkeep\n|turn|33\n|\n|t:|1700574444\n|move|p2a: Pelipper|Ice Beam|p1a: Toedscruel\n|-supereffective|p1a: Toedscruel\n|-damage|p1a: Toedscruel|12\/100\n|move|p1a: Toedscruel|Leech Seed|p2a: Pelipper\n|-start|p2a: Pelipper|move: Leech Seed\n|\n|-weather|RainDance|[upkeep]\n|-heal|p1a: Toedscruel|18\/100|[from] item: Leftovers\n|-damage|p2a: Pelipper|14\/100 par|[from] Leech Seed|[of] p1a: Toedscruel\n|-heal|p1a: Toedscruel|29\/100|[silent]\n|upkeep\n|turn|34\n|\n|t:|1700574453\n|switch|p1a: Arcanine|Arcanine-Hisui, M|100\/100 par\n|cant|p2a: Pelipper|par\n|\n|-weather|RainDance|[upkeep]\n|-damage|p2a: Pelipper|2\/100 par|[from] Leech Seed|[of] p1a: Arcanine\n|upkeep\n|turn|35\n|\n|t:|1700574459\n|cant|p1a: Arcanine|par\n|move|p2a: Pelipper|Roost|p2a: Pelipper\n|-heal|p2a: Pelipper|52\/100 par\n|-singleturn|p2a: Pelipper|move: Roost\n|\n|-weather|RainDance|[upkeep]\n|-damage|p2a: Pelipper|40\/100 par|[from] Leech Seed|[of] p1a: Arcanine\n|upkeep\n|turn|36\n|\n|t:|1700574468\n|move|p1a: Arcanine|Wild Charge|p2a: Pelipper\n|-supereffective|p2a: Pelipper\n|-crit|p2a: Pelipper\n|-damage|p2a: Pelipper|0 fnt\n|faint|p2a: Pelipper\n|\n|-weather|RainDance|[upkeep]\n|upkeep\n|\n|t:|1700574471\n|switch|p2a: Jirachi|Jirachi, shiny|88\/100 slp\n|-damage|p2a: Jirachi|82\/100 slp|[from] Stealth Rock\n|turn|37\n|\n|t:|1700574476\n|cant|p2a: Jirachi|slp\n|move|p1a: Arcanine|Flare Blitz|p2a: Jirachi\n|-supereffective|p2a: Jirachi\n|-damage|p2a: Jirachi|18\/100 slp\n|\n|-weather|RainDance|[upkeep]\n|-heal|p2a: Jirachi|24\/100 slp|[from] item: Leftovers\n|upkeep\n|turn|38\n|\n|t:|1700574485\n|-curestatus|p2a: Jirachi|slp|[msg]\n|move|p2a: Jirachi|Healing Wish|p2a: Jirachi\n|faint|p2a: Jirachi\n|move|p1a: Arcanine|Flare Blitz|p2: Jirachi|[notarget]\n|-fail|p1a: Arcanine\n|\n|-weather|RainDance|[upkeep]\n|upkeep\n|\n|t:|1700574489\n|switch|p2a: Ambipom|Ambipom, F, tera:Normal|37\/100 tox\n|-heal|p2a: Ambipom|100\/100|[from] move: Healing Wish\n|-damage|p2a: Ambipom|88\/100|[from] Stealth Rock\n|-status|p2a: Ambipom|tox\n|turn|39\n|\n|t:|1700574499\n|move|p2a: Ambipom|Fake Out|p1a: Arcanine\n|-resisted|p1a: Arcanine\n|-damage|p1a: Arcanine|71\/100 par\n|-damage|p2a: Ambipom|78\/100 tox|[from] item: Life Orb\n|cant|p1a: Arcanine|flinch\n|\n|-weather|none\n|-damage|p2a: Ambipom|72\/100 tox|[from] psn\n|upkeep\n|turn|40\n|\n|t:|1700574507\n|move|p2a: Ambipom|Last Resort|p1a: Arcanine\n|-resisted|p1a: Arcanine\n|-damage|p1a: Arcanine|0 fnt\n|faint|p1a: Arcanine\n|-damage|p2a: Ambipom|62\/100 tox|[from] item: Life Orb\n|\n|-damage|p2a: Ambipom|50\/100 tox|[from] psn\n|upkeep\n|\n|t:|1700574514\n|switch|p1a: Toedscruel|Toedscruel, M, shiny|29\/100\n|turn|41\n|c|\u2606gwpray|gg\n|c|\u2606Br0nana|gg\n|\n|t:|1700574519\n|move|p2a: Ambipom|Last Resort|p1a: Toedscruel\n|-damage|p1a: Toedscruel|0 fnt\n|faint|p1a: Toedscruel\n|-damage|p2a: Ambipom|40\/100 tox|[from] item: Life Orb\n|\n|win|gwpray\n|raw|Br0nana's rating: 1054 &rarr; <strong>1039<\/strong><br \/>(-15 for losing)\n|raw|gwpray's rating: 1118 &rarr; <strong>1138<\/strong><br \/>(+20 for winning)\n|l|\u2606Br0nana\n","uploadtime":1700574549,"views":4,"p1id":"br0nana","p2id":"gwpray","formatid":"gen9ou","rating":1039,"private":0,"password":""}