{"id":"gen9ou-1993146452","p1":"JaimeLX","p2":"Fr0sTtzz","format":"[Gen 9] OU","log":"|j|\u2606JaimeLX\n|j|\u2606Fr0sTtzz\n|t:|1700270353\n|gametype|singles\n|player|p1|JaimeLX|cynthia|\n|player|p2|Fr0sTtzz|2|\n|teamsize|p1|6\n|teamsize|p2|6\n|gen|9\n|tier|[Gen 9] OU\n|rule|Sleep Clause Mod: Limit one foe put to sleep\n|rule|Species Clause: Limit one of each Pok\u00e9mon\n|rule|OHKO Clause: OHKO moves are banned\n|rule|Evasion Items Clause: Evasion items are banned\n|rule|Evasion Moves Clause: Evasion moves are banned\n|rule|Endless Battle Clause: Forcing endless battles is banned\n|rule|HP Percentage Mod: HP is shown in percentages\n|clearpoke\n|poke|p1|Pelipper, M|\n|poke|p1|Ludicolo, M|\n|poke|p1|Barraskewda, M|\n|poke|p1|Crawdaunt, M|\n|poke|p1|Empoleon, F|\n|poke|p1|Milotic, M|\n|poke|p2|Gholdengo|\n|poke|p2|Iron Valiant|\n|poke|p2|Lucario, M|\n|poke|p2|Arcanine-Hisui, F|\n|poke|p2|Meowscarada, F|\n|poke|p2|Torkoal, M|\n|teampreview\n|j| Tona 0_0\n|c|\u2606Fr0sTtzz|hello\n|\n|t:|1700270426\n|start\n|switch|p1a: Milotic|Milotic, M|100\/100\n|switch|p2a: Torkoal|Torkoal, M|100\/100\n|-weather|SunnyDay|[from] ability: Drought|[of] p2a: Torkoal\n|turn|1\n|\n|t:|1700270435\n|move|p1a: Milotic|Scald|p2a: Torkoal\n|-supereffective|p2a: Torkoal\n|-damage|p2a: Torkoal|70\/100\n|move|p2a: Torkoal|Will-O-Wisp|p1a: Milotic\n|-status|p1a: Milotic|brn\n|\n|-weather|SunnyDay|[upkeep]\n|-damage|p1a: Milotic|94\/100 brn|[from] brn\n|upkeep\n|turn|2\n|\n|t:|1700270488\n|switch|p2a: Gholdengo|Gholdengo|100\/100\n|move|p1a: Milotic|Scald|p2a: Gholdengo\n|-damage|p2a: Gholdengo|87\/100\n|\n|-weather|SunnyDay|[upkeep]\n|-heal|p2a: Gholdengo|93\/100|[from] item: Leftovers\n|-heal|p1a: Milotic|100\/100 brn|[from] item: Leftovers\n|-damage|p1a: Milotic|94\/100 brn|[from] brn\n|upkeep\n|turn|3\n|c|\u2606JaimeLX|joga burro\n|l| Tona 0_0\n|\n|t:|1700270504\n|move|p1a: Milotic|Protect|p1a: Milotic\n|-singleturn|p1a: Milotic|Protect\n|move|p2a: Gholdengo|Nasty Plot|p2a: Gholdengo\n|-boost|p2a: Gholdengo|spa|2\n|\n|-weather|SunnyDay|[upkeep]\n|-heal|p2a: Gholdengo|99\/100|[from] item: Leftovers\n|-heal|p1a: Milotic|100\/100 brn|[from] item: Leftovers\n|-damage|p1a: Milotic|94\/100 brn|[from] brn\n|upkeep\n|turn|4\n|\n|t:|1700270514\n|move|p2a: Gholdengo|Thunderbolt|p1a: Milotic\n|-supereffective|p1a: Milotic\n|-crit|p1a: Milotic\n|-damage|p1a: Milotic|0 fnt\n|faint|p1a: Milotic\n|\n|-weather|SunnyDay|[upkeep]\n|-heal|p2a: Gholdengo|100\/100|[from] item: Leftovers\n|upkeep\n|\n|t:|1700270567\n|switch|p1a: Empoleon|Empoleon, F|100\/100\n|turn|5\n|\n|t:|1700270573\n|move|p2a: Gholdengo|Nasty Plot|p2a: Gholdengo\n|-boost|p2a: Gholdengo|spa|2\n|move|p1a: Empoleon|Earthquake|p2a: Gholdengo\n|-supereffective|p2a: Gholdengo\n|-damage|p2a: Gholdengo|43\/100\n|\n|-weather|none\n|-heal|p2a: Gholdengo|49\/100|[from] item: Leftovers\n|upkeep\n|turn|6\n|\n|t:|1700270581\n|move|p2a: Gholdengo|Thunderbolt|p1a: Empoleon\n|-supereffective|p1a: Empoleon\n|-damage|p1a: Empoleon|0 fnt\n|faint|p1a: Empoleon\n|\n|-heal|p2a: Gholdengo|56\/100|[from] item: Leftovers\n|upkeep\n|\n|t:|1700270584\n|switch|p1a: Pelipper|Pelipper, M|100\/100\n|-weather|RainDance|[from] ability: Drizzle|[of] p1a: Pelipper\n|turn|7\n|\n|t:|1700270590\n|move|p2a: Gholdengo|Thunderbolt|p1a: Pelipper\n|-supereffective|p1a: Pelipper\n|-damage|p1a: Pelipper|0 fnt\n|faint|p1a: Pelipper\n|\n|-weather|RainDance|[upkeep]\n|-heal|p2a: Gholdengo|62\/100|[from] item: Leftovers\n|upkeep\n|\n|t:|1700270601\n|switch|p1a: Crawdaunt|Crawdaunt, M|100\/100\n|turn|8\n|\n|t:|1700270608\n|move|p1a: Crawdaunt|Aqua Jet|p2a: Gholdengo\n|-damage|p2a: Gholdengo|19\/100\n|move|p2a: Gholdengo|Thunderbolt|p1a: Crawdaunt\n|-supereffective|p1a: Crawdaunt\n|-enditem|p1a: Crawdaunt|Focus Sash\n|-damage|p1a: Crawdaunt|1\/100\n|\n|-weather|RainDance|[upkeep]\n|-heal|p2a: Gholdengo|25\/100|[from] item: Leftovers\n|upkeep\n|turn|9\n|\n|t:|1700270622\n|switch|p2a: Lucario|Lucario, M|100\/100\n|move|p1a: Crawdaunt|Aqua Jet|p2a: Lucario\n|-damage|p2a: Lucario|21\/100\n|\n|-weather|RainDance|[upkeep]\n|upkeep\n|turn|10\n|\n|t:|1700270630\n|move|p2a: Lucario|Extreme Speed|p1a: Crawdaunt\n|-damage|p1a: Crawdaunt|0 fnt\n|faint|p1a: Crawdaunt\n|-damage|p2a: Lucario|12\/100|[from] item: Life Orb\n|\n|-weather|RainDance|[upkeep]\n|upkeep\n|\n|t:|1700270637\n|switch|p1a: Barraskewda|Barraskewda, M|100\/100\n|turn|11\n|\n|t:|1700270643\n|switch|p2a: Torkoal|Torkoal, M|70\/100\n|-weather|SunnyDay|[from] ability: Drought|[of] p2a: Torkoal\n|move|p1a: Barraskewda|Liquidation|p2a: Torkoal\n|-supereffective|p2a: Torkoal\n|-damage|p2a: Torkoal|25\/100\n|-unboost|p2a: Torkoal|def|1\n|-damage|p1a: Barraskewda|84\/100|[from] item: Rocky Helmet|[of] p2a: Torkoal\n|\n|-weather|SunnyDay|[upkeep]\n|upkeep\n|turn|12\n|\n|t:|1700270658\n|move|p1a: Barraskewda|Liquidation|p2a: Torkoal\n|-supereffective|p2a: Torkoal\n|-damage|p2a: Torkoal|0 fnt\n|-damage|p1a: Barraskewda|68\/100|[from] item: Rocky Helmet|[of] p2a: Torkoal\n|faint|p2a: Torkoal\n|\n|-weather|SunnyDay|[upkeep]\n|upkeep\n|\n|t:|1700270662\n|switch|p2a: Meowscarada|Meowscarada, F|100\/100\n|turn|13\n|\n|t:|1700270667\n|switch|p1a: Ludicolo|Ludicolo, M|100\/100\n|move|p2a: Meowscarada|Flower Trick|p1a: Ludicolo\n|-start|p2a: Meowscarada|typechange|Grass|[from] ability: Protean\n|-crit|p1a: Ludicolo\n|-damage|p1a: Ludicolo|18\/100\n|\n|-weather|SunnyDay|[upkeep]\n|upkeep\n|turn|14\n|\n|t:|1700270677\n|move|p2a: Meowscarada|Sucker Punch|p1a: Ludicolo\n|-damage|p1a: Ludicolo|0 fnt\n|faint|p1a: Ludicolo\n|\n|-weather|SunnyDay|[upkeep]\n|upkeep\n|\n|t:|1700270680\n|switch|p1a: Barraskewda|Barraskewda, M|68\/100\n|turn|15\n|\n|t:|1700270687\n|move|p1a: Barraskewda|Poison Jab|p2a: Meowscarada\n|-supereffective|p2a: Meowscarada\n|-damage|p2a: Meowscarada|0 fnt\n|faint|p2a: Meowscarada\n|\n|-weather|none\n|upkeep\n|\n|t:|1700270694\n|switch|p2a: Lucario|Lucario, M|12\/100\n|turn|16\n|\n|t:|1700270698\n|move|p2a: Lucario|Extreme Speed|p1a: Barraskewda\n|-damage|p1a: Barraskewda|15\/100\n|-damage|p2a: Lucario|2\/100|[from] item: Life Orb\n|move|p1a: Barraskewda|Poison Jab|p2a: Lucario\n|-immune|p2a: Lucario\n|\n|upkeep\n|turn|17\n|\n|t:|1700270705\n|move|p2a: Lucario|Extreme Speed|p1a: Barraskewda\n|-damage|p1a: Barraskewda|0 fnt\n|faint|p1a: Barraskewda\n|-damage|p2a: Lucario|0 fnt|[from] item: Life Orb\n|faint|p2a: Lucario\n|\n|win|Fr0sTtzz\n","uploadtime":1700270709,"views":19,"p1id":"jaimelx","p2id":"fr0sttzz","formatid":"gen9ou","rating":0,"private":0,"password":""}