{"id":"gen9ou-1989137356","p1":"Madelaine56","p2":"davidddo","format":"[Gen 9] OU","log":"|j|\u2606Madelaine56\n|j|\u2606davidddo\n|t:|1699816226\n|gametype|singles\n|player|p1|Madelaine56|266|1106\n|player|p2|davidddo|170|1000\n|teamsize|p1|6\n|teamsize|p2|6\n|gen|9\n|tier|[Gen 9] OU\n|rated|\n|rule|Sleep Clause Mod: Limit one foe put to sleep\n|rule|Species Clause: Limit one of each Pok\u00e9mon\n|rule|OHKO Clause: OHKO moves are banned\n|rule|Evasion Items Clause: Evasion items are banned\n|rule|Evasion Moves Clause: Evasion moves are banned\n|rule|Endless Battle Clause: Forcing endless battles is banned\n|rule|HP Percentage Mod: HP is shown in percentages\n|clearpoke\n|poke|p1|Infernape, M|\n|poke|p1|Gallade, M|\n|poke|p1|Ogerpon-Cornerstone, F|\n|poke|p1|Hatterene, F|\n|poke|p1|Milotic, M|\n|poke|p1|Dipplin, M|\n|poke|p2|Vikavolt, M|\n|poke|p2|Arcanine-Hisui, F|\n|poke|p2|Dragonite, F|\n|poke|p2|Mandibuzz, F|\n|poke|p2|Garganacl, F|\n|poke|p2|Slowking-Galar, M|\n|teampreview\n|\n|t:|1699816246\n|start\n|switch|p1a: Pomdramour|Dipplin, M|100\/100\n|switch|p2a: Vikavolt|Vikavolt, M|100\/100\n|turn|1\n|\n|t:|1699816264\n|move|p2a: Vikavolt|Sticky Web|p1a: Pomdramour\n|-sidestart|p1: Madelaine56|move: Sticky Web\n|move|p1a: Pomdramour|Infestation|p2a: Vikavolt\n|-damage|p2a: Vikavolt|95\/100\n|-activate|p2a: Vikavolt|move: Infestation|[of] p1a: Pomdramour\n|\n|-damage|p2a: Vikavolt|83\/100|[from] move: Infestation|[partiallytrapped]\n|upkeep\n|turn|2\n|\n|t:|1699816272\n|move|p2a: Vikavolt|Lunge|p1a: Pomdramour\n|-supereffective|p1a: Pomdramour\n|-damage|p1a: Pomdramour|80\/100\n|-unboost|p1a: Pomdramour|atk|1\n|move|p1a: Pomdramour|Dragon Breath|p2a: Vikavolt\n|-damage|p2a: Vikavolt|55\/100\n|\n|-damage|p2a: Vikavolt|43\/100|[from] move: Infestation|[partiallytrapped]\n|upkeep\n|turn|3\n|\n|t:|1699816291\n|move|p2a: Vikavolt|Volt Switch|p1a: Pomdramour\n|-resisted|p1a: Pomdramour\n|-damage|p1a: Pomdramour|75\/100\n|\n|t:|1699816297\n|switch|p2a: Slowking|Slowking-Galar, M|100\/100|[from] Volt Switch\n|move|p1a: Pomdramour|Dragon Breath|p2a: Slowking\n|-damage|p2a: Slowking|90\/100\n|-status|p2a: Slowking|par\n|\n|upkeep\n|turn|4\n|\n|t:|1699816332\n|move|p1a: Pomdramour|Infestation|p2a: Slowking\n|-damage|p2a: Slowking|88\/100 par\n|-activate|p2a: Slowking|move: Infestation|[of] p1a: Pomdramour\n|move|p2a: Slowking|Ice Beam|p1a: Pomdramour\n|-supereffective|p1a: Pomdramour\n|-damage|p1a: Pomdramour|5\/100\n|\n|-damage|p2a: Slowking|75\/100 par|[from] move: Infestation|[partiallytrapped]\n|upkeep\n|turn|5\n|\n|t:|1699816347\n|switch|p1a: Milobellus|Milotic, M|100\/100\n|-activate|p1a: Milobellus|move: Sticky Web\n|-unboost|p1a: Milobellus|spe|1\n|move|p2a: Slowking|Hydro Pump|p1a: Milobellus\n|-resisted|p1a: Milobellus\n|-crit|p1a: Milobellus\n|-damage|p1a: Milobellus|79\/100\n|\n|-end|p2a: Slowking|Infestation|[partiallytrapped]|[silent]\n|-status|p1a: Milobellus|brn|[from] item: Flame Orb\n|upkeep\n|turn|6\n|\n|t:|1699816376\n|move|p1a: Milobellus|Scald|p2a: Slowking\n|-damage|p2a: Slowking|60\/100 par\n|move|p2a: Slowking|Psychic|p1a: Milobellus\n|-damage|p1a: Milobellus|48\/100 brn\n|\n|-damage|p1a: Milobellus|42\/100 brn|[from] brn\n|upkeep\n|turn|7\n|\n|t:|1699816386\n|move|p1a: Milobellus|Recover|p1a: Milobellus\n|-heal|p1a: Milobellus|92\/100 brn\n|move|p2a: Slowking|Psychic|p1a: Milobellus\n|-damage|p1a: Milobellus|61\/100 brn\n|-unboost|p1a: Milobellus|spd|1\n|\n|-damage|p1a: Milobellus|55\/100 brn|[from] brn\n|upkeep\n|turn|8\n|\n|t:|1699816413\n|move|p1a: Milobellus|Recover|p1a: Milobellus\n|-heal|p1a: Milobellus|100\/100 brn\n|cant|p2a: Slowking|par\n|\n|-damage|p1a: Milobellus|94\/100 brn|[from] brn\n|upkeep\n|turn|9\n|\n|t:|1699816423\n|move|p1a: Milobellus|Scald|p2a: Slowking\n|-damage|p2a: Slowking|44\/100 par\n|move|p2a: Slowking|Psychic|p1a: Milobellus\n|-damage|p1a: Milobellus|45\/100 brn\n|\n|-damage|p1a: Milobellus|39\/100 brn|[from] brn\n|upkeep\n|turn|10\n|\n|t:|1699816434\n|move|p1a: Milobellus|Recover|p1a: Milobellus\n|-heal|p1a: Milobellus|89\/100 brn\n|cant|p2a: Slowking|par\n|\n|-damage|p1a: Milobellus|83\/100 brn|[from] brn\n|upkeep\n|turn|11\n|\n|t:|1699816453\n|switch|p2a: Mandibuzz|Mandibuzz, F|100\/100\n|move|p1a: Milobellus|Scald|p2a: Mandibuzz\n|-damage|p2a: Mandibuzz|73\/100\n|-status|p2a: Mandibuzz|brn\n|\n|-damage|p2a: Mandibuzz|67\/100 brn|[from] brn\n|-damage|p1a: Milobellus|77\/100 brn|[from] brn\n|upkeep\n|turn|12\n|-activate|p2a: Mandibuzz|item: Quick Claw\n|\n|t:|1699816463\n|move|p2a: Mandibuzz|Taunt|p1a: Milobellus\n|-start|p1a: Milobellus|move: Taunt\n|move|p1a: Milobellus|Draining Kiss|p2a: Mandibuzz\n|-supereffective|p2a: Mandibuzz\n|-damage|p2a: Mandibuzz|45\/100 brn\n|-heal|p1a: Milobellus|93\/100 brn|[from] drain|[of] p2a: Mandibuzz\n|\n|-damage|p2a: Mandibuzz|38\/100 brn|[from] brn\n|-damage|p1a: Milobellus|87\/100 brn|[from] brn\n|upkeep\n|turn|13\n|\n|t:|1699816495\n|switch|p2a: Slowking|Slowking-Galar, M|77\/100 par\n|move|p1a: Milobellus|Scald|p2a: Slowking\n|-damage|p2a: Slowking|62\/100 par\n|\n|-damage|p1a: Milobellus|81\/100 brn|[from] brn\n|upkeep\n|turn|14\n|\n|t:|1699816517\n|move|p1a: Milobellus|Scald|p2a: Slowking\n|-damage|p2a: Slowking|47\/100 par\n|cant|p2a: Slowking|par\n|\n|-damage|p1a: Milobellus|75\/100 brn|[from] brn\n|-end|p1a: Milobellus|move: Taunt\n|upkeep\n|turn|15\n|\n|t:|1699816528\n|move|p1a: Milobellus|Scald|p2a: Slowking\n|-damage|p2a: Slowking|32\/100 par\n|move|p2a: Slowking|Psychic|p1a: Milobellus\n|-damage|p1a: Milobellus|26\/100 brn\n|\n|-damage|p1a: Milobellus|20\/100 brn|[from] brn\n|upkeep\n|turn|16\n|\n|t:|1699816536\n|move|p1a: Milobellus|Recover|p1a: Milobellus\n|-heal|p1a: Milobellus|70\/100 brn\n|move|p2a: Slowking|Psychic|p1a: Milobellus\n|-damage|p1a: Milobellus|17\/100 brn\n|\n|-damage|p1a: Milobellus|11\/100 brn|[from] brn\n|upkeep\n|turn|17\n|\n|t:|1699816544\n|move|p1a: Milobellus|Recover|p1a: Milobellus\n|-heal|p1a: Milobellus|61\/100 brn\n|cant|p2a: Slowking|par\n|\n|-damage|p1a: Milobellus|55\/100 brn|[from] brn\n|upkeep\n|turn|18\n|\n|t:|1699816552\n|move|p1a: Milobellus|Recover|p1a: Milobellus\n|-heal|p1a: Milobellus|100\/100 brn\n|move|p2a: Slowking|Psychic|p1a: Milobellus\n|-damage|p1a: Milobellus|53\/100 brn\n|\n|-damage|p1a: Milobellus|46\/100 brn|[from] brn\n|upkeep\n|turn|19\n|\n|t:|1699816569\n|switch|p1a: Sorcilence|Hatterene, F|100\/100\n|-activate|p1a: Sorcilence|move: Sticky Web\n|-unboost|p1a: Sorcilence|spe|1\n|switch|p2a: Mandibuzz|Mandibuzz, F|38\/100 brn\n|\n|-damage|p2a: Mandibuzz|32\/100 brn|[from] brn\n|upkeep\n|turn|20\n|\n|t:|1699816584\n|move|p2a: Mandibuzz|Taunt|p1a: Sorcilence\n|move|p1a: Sorcilence|Taunt|p2a: Mandibuzz|[from]ability: Magic Bounce\n|-start|p2a: Mandibuzz|move: Taunt\n|move|p1a: Sorcilence|Draining Kiss|p2a: Mandibuzz\n|-supereffective|p2a: Mandibuzz\n|-damage|p2a: Mandibuzz|0 fnt\n|faint|p2a: Mandibuzz\n|\n|upkeep\n|\n|t:|1699816608\n|switch|p2a: Slowking|Slowking-Galar, M|65\/100 par\n|turn|21\n|\n|t:|1699816634\n|switch|p1a: Pomdramour|Dipplin, M|5\/100\n|-activate|p1a: Pomdramour|move: Sticky Web\n|-unboost|p1a: Pomdramour|spe|1\n|cant|p2a: Slowking|par\n|\n|upkeep\n|turn|22\n|\n|t:|1699816648\n|switch|p2a: Vikavolt|Vikavolt, M|43\/100\n|move|p1a: Pomdramour|Recover|p1a: Pomdramour\n|-heal|p1a: Pomdramour|55\/100\n|\n|upkeep\n|turn|23\n|\n|t:|1699816659\n|move|p2a: Vikavolt|Thunderbolt|p1a: Pomdramour\n|-resisted|p1a: Pomdramour\n|-damage|p1a: Pomdramour|48\/100\n|move|p1a: Pomdramour|Recover|p1a: Pomdramour\n|-heal|p1a: Pomdramour|98\/100\n|\n|upkeep\n|turn|24\n|\n|t:|1699816677\n|move|p2a: Vikavolt|Volt Switch|p1a: Pomdramour\n|-resisted|p1a: Pomdramour\n|-damage|p1a: Pomdramour|93\/100\n|\n|t:|1699816685\n|switch|p2a: Arcanine|Arcanine-Hisui, F|100\/100|[from] Volt Switch\n|move|p1a: Pomdramour|Dragon Breath|p2a: Arcanine\n|-damage|p2a: Arcanine|73\/100\n|\n|upkeep\n|turn|25\n|\n|t:|1699816706\n|move|p2a: Arcanine|Close Combat|p1a: Pomdramour\n|-damage|p1a: Pomdramour|54\/100\n|-unboost|p2a: Arcanine|def|1\n|-unboost|p2a: Arcanine|spd|1\n|move|p1a: Pomdramour|Giga Drain|p2a: Arcanine\n|-damage|p2a: Arcanine|24\/100\n|-heal|p1a: Pomdramour|76\/100|[from] drain|[of] p2a: Arcanine\n|\n|upkeep\n|turn|26\n|\n|t:|1699816730\n|switch|p2a: Slowking|Slowking-Galar, M|98\/100 par\n|move|p1a: Pomdramour|Dragon Breath|p2a: Slowking\n|-damage|p2a: Slowking|88\/100 par\n|\n|upkeep\n|turn|27\n|\n|t:|1699816741\n|move|p1a: Pomdramour|Infestation|p2a: Slowking\n|-damage|p2a: Slowking|86\/100 par\n|-activate|p2a: Slowking|move: Infestation|[of] p1a: Pomdramour\n|move|p2a: Slowking|Ice Beam|p1a: Pomdramour\n|-supereffective|p1a: Pomdramour\n|-damage|p1a: Pomdramour|11\/100\n|-status|p1a: Pomdramour|frz\n|\n|-damage|p2a: Slowking|73\/100 par|[from] move: Infestation|[partiallytrapped]\n|upkeep\n|turn|28\n|\n|t:|1699816757\n|cant|p1a: Pomdramour|frz\n|move|p2a: Slowking|Ice Beam|p1a: Pomdramour\n|-supereffective|p1a: Pomdramour\n|-damage|p1a: Pomdramour|0 fnt\n|faint|p1a: Pomdramour\n|\n|-end|p2a: Slowking|Infestation|[partiallytrapped]|[silent]\n|upkeep\n|\n|t:|1699816785\n|switch|p1a: Gallame|Gallade, M|100\/100\n|-activate|p1a: Gallame|move: Sticky Web\n|-unboost|p1a: Gallame|spe|1\n|turn|29\n|\n|t:|1699816826\n|move|p1a: Gallame|Psycho Cut|p2a: Slowking\n|-crit|p2a: Slowking\n|-damage|p2a: Slowking|0 fnt\n|faint|p2a: Slowking\n|\n|upkeep\n|\n|t:|1699816843\n|switch|p2a: Arcanine|Arcanine-Hisui, F|24\/100\n|turn|30\n|\n|t:|1699816887\n|switch|p1a: Milobellus|Milotic, M|46\/100 brn\n|-activate|p1a: Milobellus|move: Sticky Web\n|-unboost|p1a: Milobellus|spe|1\n|move|p2a: Arcanine|Flare Blitz|p1a: Milobellus\n|-resisted|p1a: Milobellus\n|-damage|p1a: Milobellus|24\/100 brn\n|\n|-damage|p1a: Milobellus|18\/100 brn|[from] brn\n|upkeep\n|turn|31\n|\n|t:|1699816904\n|move|p2a: Arcanine|Flare Blitz|p1a: Milobellus\n|-resisted|p1a: Milobellus\n|-damage|p1a: Milobellus|0 fnt\n|faint|p1a: Milobellus\n|\n|upkeep\n|\n|t:|1699816920\n|switch|p1a: Simiabraz|Infernape, M|100\/100\n|turn|32\n|\n|t:|1699816946\n|switch|p2a: Vikavolt|Vikavolt, M|43\/100\n|move|p1a: Simiabraz|Aura Sphere|p2a: Vikavolt\n|-resisted|p2a: Vikavolt\n|-damage|p2a: Vikavolt|18\/100\n|\n|upkeep\n|turn|33\n|\n|t:|1699816960\n|move|p1a: Simiabraz|Aura Sphere|p2a: Vikavolt\n|-resisted|p2a: Vikavolt\n|-damage|p2a: Vikavolt|0 fnt\n|faint|p2a: Vikavolt\n|\n|upkeep\n|\n|t:|1699816973\n|switch|p2a: Arcanine|Arcanine-Hisui, F|24\/100\n|turn|34\n|\n|t:|1699816988\n|move|p1a: Simiabraz|Vacuum Wave|p2a: Arcanine\n|-supereffective|p2a: Arcanine\n|-damage|p2a: Arcanine|0 fnt\n|faint|p2a: Arcanine\n|\n|upkeep\n|\n|t:|1699816999\n|switch|p2a: Dragonite|Dragonite, F|100\/100\n|turn|35\n|\n|t:|1699817030\n|switch|p1a: Ogerpon|Ogerpon-Cornerstone, F|100\/100\n|-activate|p1a: Ogerpon|move: Sticky Web\n|-unboost|p1a: Ogerpon|spe|1\n|-terastallize|p2a: Dragonite|Dragon\n|move|p2a: Dragonite|Earthquake|p1a: Ogerpon\n|-damage|p1a: Ogerpon|62\/100\n|\n|upkeep\n|turn|36\n|\n|t:|1699817050\n|move|p2a: Dragonite|Dragon Dance|p2a: Dragonite\n|-boost|p2a: Dragonite|atk|1\n|-boost|p2a: Dragonite|spe|1\n|move|p1a: Ogerpon|Ivy Cudgel|p2a: Dragonite\n|-damage|p2a: Dragonite|73\/100\n|\n|-heal|p2a: Dragonite|79\/100|[from] item: Leftovers\n|upkeep\n|turn|37\n|\n|t:|1699817060\n|move|p2a: Dragonite|Dragon Dance|p2a: Dragonite\n|-boost|p2a: Dragonite|atk|1\n|-boost|p2a: Dragonite|spe|1\n|move|p1a: Ogerpon|Encore|p2a: Dragonite\n|-start|p2a: Dragonite|Encore\n|\n|-heal|p2a: Dragonite|85\/100|[from] item: Leftovers\n|upkeep\n|turn|38\n|\n|t:|1699817088\n|switch|p1a: Sorcilence|Hatterene, F|100\/100\n|-activate|p1a: Sorcilence|move: Sticky Web\n|-unboost|p1a: Sorcilence|spe|1\n|move|p2a: Dragonite|Dragon Dance|p2a: Dragonite\n|-boost|p2a: Dragonite|atk|1\n|-boost|p2a: Dragonite|spe|1\n|\n|-heal|p2a: Dragonite|91\/100|[from] item: Leftovers\n|upkeep\n|turn|39\n|\n|t:|1699817102\n|switch|p2a: Garganacl|Garganacl, F|100\/100\n|-terastallize|p1a: Sorcilence|Fairy\n|move|p1a: Sorcilence|Draining Kiss|p2a: Garganacl\n|-damage|p2a: Garganacl|59\/100\n|\n|-heal|p2a: Garganacl|66\/100|[from] item: Leftovers\n|upkeep\n|turn|40\n|\n|t:|1699817114\n|move|p2a: Garganacl|Salt Cure|p1a: Sorcilence\n|-damage|p1a: Sorcilence|85\/100\n|-start|p1a: Sorcilence|Salt Cure\n|move|p1a: Sorcilence|Draining Kiss|p2a: Garganacl\n|-damage|p2a: Garganacl|24\/100\n|-heal|p1a: Sorcilence|100\/100|[from] drain|[of] p2a: Garganacl\n|\n|-heal|p2a: Garganacl|30\/100|[from] item: Leftovers\n|-damage|p1a: Sorcilence|88\/100|[from] Salt Cure\n|upkeep\n|turn|41\n|\n|t:|1699817126\n|move|p2a: Garganacl|Recover|p2a: Garganacl\n|-heal|p2a: Garganacl|80\/100\n|move|p1a: Sorcilence|Draining Kiss|p2a: Garganacl\n|-damage|p2a: Garganacl|38\/100\n|-heal|p1a: Sorcilence|100\/100|[from] drain|[of] p2a: Garganacl\n|\n|-heal|p2a: Garganacl|44\/100|[from] item: Leftovers\n|-damage|p1a: Sorcilence|88\/100|[from] Salt Cure\n|upkeep\n|turn|42\n|\n|t:|1699817147\n|move|p2a: Garganacl|Recover|p2a: Garganacl\n|-heal|p2a: Garganacl|94\/100\n|move|p1a: Sorcilence|Draining Kiss|p2a: Garganacl\n|-damage|p2a: Garganacl|49\/100\n|-heal|p1a: Sorcilence|100\/100|[from] drain|[of] p2a: Garganacl\n|\n|-heal|p2a: Garganacl|55\/100|[from] item: Leftovers\n|-damage|p1a: Sorcilence|88\/100|[from] Salt Cure\n|upkeep\n|turn|43\n|\n|t:|1699817167\n|move|p2a: Garganacl|Recover|p2a: Garganacl\n|-heal|p2a: Garganacl|100\/100\n|move|p1a: Sorcilence|Reflect|p1a: Sorcilence\n|-sidestart|p1: Madelaine56|Reflect\n|\n|-damage|p1a: Sorcilence|76\/100|[from] Salt Cure\n|upkeep\n|turn|44\n|\n|t:|1699817175\n|move|p2a: Garganacl|Stealth Rock|p1a: Sorcilence\n|move|p1a: Sorcilence|Stealth Rock|p2a: Garganacl|[from]ability: Magic Bounce\n|-sidestart|p2: davidddo|move: Stealth Rock\n|move|p1a: Sorcilence|Draining Kiss|p2a: Garganacl\n|-damage|p2a: Garganacl|53\/100\n|-heal|p1a: Sorcilence|100\/100|[from] drain|[of] p2a: Garganacl\n|\n|-heal|p2a: Garganacl|60\/100|[from] item: Leftovers\n|-damage|p1a: Sorcilence|88\/100|[from] Salt Cure\n|upkeep\n|turn|45\n|\n|t:|1699817186\n|move|p2a: Garganacl|Facade|p1a: Sorcilence\n|-damage|p1a: Sorcilence|79\/100\n|move|p1a: Sorcilence|Reflect||[still]\n|-fail|p1a: Sorcilence\n|\n|-heal|p2a: Garganacl|66\/100|[from] item: Leftovers\n|-damage|p1a: Sorcilence|67\/100|[from] Salt Cure\n|upkeep\n|turn|46\n|\n|t:|1699817196\n|move|p2a: Garganacl|Salt Cure|p1a: Sorcilence\n|-damage|p1a: Sorcilence|59\/100\n|move|p1a: Sorcilence|Draining Kiss|p2a: Garganacl\n|-damage|p2a: Garganacl|21\/100\n|-heal|p1a: Sorcilence|100\/100|[from] drain|[of] p2a: Garganacl\n|\n|-heal|p2a: Garganacl|27\/100|[from] item: Leftovers\n|-damage|p1a: Sorcilence|88\/100|[from] Salt Cure\n|upkeep\n|turn|47\n|\n|t:|1699817208\n|move|p2a: Garganacl|Recover|p2a: Garganacl\n|-heal|p2a: Garganacl|77\/100\n|move|p1a: Sorcilence|Draining Kiss|p2a: Garganacl\n|-damage|p2a: Garganacl|33\/100\n|-heal|p1a: Sorcilence|100\/100|[from] drain|[of] p2a: Garganacl\n|\n|-heal|p2a: Garganacl|40\/100|[from] item: Leftovers\n|-damage|p1a: Sorcilence|88\/100|[from] Salt Cure\n|upkeep\n|turn|48\n|\n|t:|1699817221\n|move|p2a: Garganacl|Recover|p2a: Garganacl\n|-heal|p2a: Garganacl|90\/100\n|move|p1a: Sorcilence|Draining Kiss|p2a: Garganacl\n|-damage|p2a: Garganacl|46\/100\n|-heal|p1a: Sorcilence|100\/100|[from] drain|[of] p2a: Garganacl\n|\n|-heal|p2a: Garganacl|52\/100|[from] item: Leftovers\n|-damage|p1a: Sorcilence|88\/100|[from] Salt Cure\n|upkeep\n|turn|49\n|\n|t:|1699817236\n|move|p2a: Garganacl|Recover|p2a: Garganacl\n|-heal|p2a: Garganacl|100\/100\n|move|p1a: Sorcilence|Draining Kiss|p2a: Garganacl\n|-damage|p2a: Garganacl|53\/100\n|-heal|p1a: Sorcilence|100\/100|[from] drain|[of] p2a: Garganacl\n|\n|-heal|p2a: Garganacl|60\/100|[from] item: Leftovers\n|-damage|p1a: Sorcilence|88\/100|[from] Salt Cure\n|upkeep\n|turn|50\n|\n|t:|1699817248\n|move|p2a: Garganacl|Recover|p2a: Garganacl\n|-heal|p2a: Garganacl|100\/100\n|move|p1a: Sorcilence|Draining Kiss|p2a: Garganacl\n|-damage|p2a: Garganacl|59\/100\n|-heal|p1a: Sorcilence|100\/100|[from] drain|[of] p2a: Garganacl\n|\n|-heal|p2a: Garganacl|66\/100|[from] item: Leftovers\n|-damage|p1a: Sorcilence|88\/100|[from] Salt Cure\n|-sideend|p1: Madelaine56|Reflect\n|upkeep\n|turn|51\n|\n|t:|1699817274\n|move|p2a: Garganacl|Recover|p2a: Garganacl\n|-heal|p2a: Garganacl|100\/100\n|move|p1a: Sorcilence|Draining Kiss|p2a: Garganacl\n|-damage|p2a: Garganacl|57\/100\n|-heal|p1a: Sorcilence|100\/100|[from] drain|[of] p2a: Garganacl\n|\n|-heal|p2a: Garganacl|63\/100|[from] item: Leftovers\n|-damage|p1a: Sorcilence|88\/100|[from] Salt Cure\n|upkeep\n|turn|52\n|\n|t:|1699817286\n|move|p2a: Garganacl|Salt Cure|p1a: Sorcilence\n|-damage|p1a: Sorcilence|73\/100\n|move|p1a: Sorcilence|Draining Kiss|p2a: Garganacl\n|-damage|p2a: Garganacl|19\/100\n|-heal|p1a: Sorcilence|100\/100|[from] drain|[of] p2a: Garganacl\n|\n|-heal|p2a: Garganacl|25\/100|[from] item: Leftovers\n|-damage|p1a: Sorcilence|88\/100|[from] Salt Cure\n|upkeep\n|turn|53\n|\n|t:|1699817297\n|move|p2a: Garganacl|Salt Cure|p1a: Sorcilence\n|-damage|p1a: Sorcilence|72\/100\n|move|p1a: Sorcilence|Reflect|p1a: Sorcilence\n|-sidestart|p1: Madelaine56|Reflect\n|\n|-heal|p2a: Garganacl|31\/100|[from] item: Leftovers\n|-damage|p1a: Sorcilence|60\/100|[from] Salt Cure\n|upkeep\n|turn|54\n|\n|t:|1699817305\n|move|p2a: Garganacl|Salt Cure|p1a: Sorcilence\n|-damage|p1a: Sorcilence|51\/100\n|move|p1a: Sorcilence|Draining Kiss|p2a: Garganacl\n|-damage|p2a: Garganacl|0 fnt\n|-heal|p1a: Sorcilence|80\/100|[from] drain|[of] p2a: Garganacl\n|faint|p2a: Garganacl\n|\n|-damage|p1a: Sorcilence|68\/100|[from] Salt Cure\n|upkeep\n|\n|t:|1699817316\n|switch|p2a: Dragonite|Dragonite, F, tera:Dragon|91\/100\n|-damage|p2a: Dragonite|79\/100|[from] Stealth Rock\n|turn|55\n|\n|t:|1699817322\n|move|p2a: Dragonite|Extreme Speed|p1a: Sorcilence\n|-damage|p1a: Sorcilence|51\/100\n|move|p1a: Sorcilence|Draining Kiss|p2a: Dragonite\n|-supereffective|p2a: Dragonite\n|-damage|p2a: Dragonite|0 fnt\n|-heal|p1a: Sorcilence|100\/100|[from] drain|[of] p2a: Dragonite\n|faint|p2a: Dragonite\n|\n|win|Madelaine56\n|raw|Madelaine56's rating: 1106 &rarr; <strong>1124<\/strong><br \/>(+18 for winning)\n|raw|davidddo's rating: 1000 &rarr; <strong>1000<\/strong><br \/>(+0 for losing)\n|l|\u2606davidddo\n","uploadtime":1699817902,"views":16,"p1id":"madelaine56","p2id":"davidddo","formatid":"gen9ou","rating":1000,"private":0,"password":""}