{"id":"gen9ou-1991460932","p1":"LanceMcgriddle","p2":"SpooningManatee","format":"[Gen 9] OU","log":"|j|\u2606LanceMcgriddle\n|j|\u2606SpooningManatee\n|t:|1700079081\n|gametype|singles\n|player|p1|LanceMcgriddle|265|1048\n|player|p2|SpooningManatee|265|1028\n|teamsize|p1|6\n|teamsize|p2|6\n|gen|9\n|tier|[Gen 9] OU\n|rated|\n|rule|Sleep Clause Mod: Limit one foe put to sleep\n|rule|Species Clause: Limit one of each Pok\u00e9mon\n|rule|OHKO Clause: OHKO moves are banned\n|rule|Evasion Items Clause: Evasion items are banned\n|rule|Evasion Moves Clause: Evasion moves are banned\n|rule|Endless Battle Clause: Forcing endless battles is banned\n|rule|HP Percentage Mod: HP is shown in percentages\n|clearpoke\n|poke|p1|Glimmora, F|\n|poke|p1|Ninetales-Alola, F|\n|poke|p1|Manaphy|\n|poke|p1|Samurott-Hisui, M|\n|poke|p1|Dragapult, F|\n|poke|p1|Thundurus, M|\n|poke|p2|Murkrow, F|\n|poke|p2|Shiftry, M|\n|poke|p2|Rillaboom, F|\n|poke|p2|Manaphy|\n|poke|p2|Magnezone|\n|poke|p2|Moltres|\n|teampreview\n|\n|t:|1700079098\n|start\n|switch|p1a: Thundurus|Thundurus, M, shiny|100\/100\n|switch|p2a: the crow|Murkrow, F|100\/100\n|turn|1\n|c|\u2606SpooningManatee|this is my last game trying to make shiftry a pokemon\n|\n|t:|1700079111\n|move|p1a: Thundurus|Taunt|p2a: the crow\n|-hint|Since gen 7, Dark is immune to Prankster moves.\n|-immune|p2a: the crow\n|move|p2a: the crow|Taunt|p1a: Thundurus\n|-start|p1a: Thundurus|move: Taunt\n|\n|upkeep\n|turn|2\n|\n|t:|1700079120\n|move|p2a: the crow|Tailwind|p2a: the crow\n|-sidestart|p2: SpooningManatee|move: Tailwind\n|move|p1a: Thundurus|Brick Break|p2a: the crow\n|-damage|p2a: the crow|74\/100\n|\n|upkeep\n|turn|3\n|\n|t:|1700079137\n|move|p2a: the crow|U-turn|p1a: Thundurus\n|-resisted|p1a: Thundurus\n|-damage|p1a: Thundurus|90\/100\n|\n|t:|1700079152\n|switch|p2a: the tree|Shiftry, M|100\/100|[from] U-turn\n|-ability|p2a: the tree|Wind Rider|boost\n|-boost|p2a: the tree|atk|1\n|move|p1a: Thundurus|Brick Break|p2a: the tree\n|-supereffective|p2a: the tree\n|-damage|p2a: the tree|38\/100\n|\n|-heal|p1a: Thundurus|96\/100|[from] item: Leftovers\n|upkeep\n|turn|4\n|\n|t:|1700079164\n|move|p2a: the tree|Rock Slide|p1a: Thundurus\n|-supereffective|p1a: Thundurus\n|-damage|p1a: Thundurus|0 fnt\n|faint|p1a: Thundurus\n|\n|upkeep\n|\n|t:|1700079192\n|switch|p1a: Dragapult|Dragapult, F, shiny|100\/100\n|turn|5\n|\n|t:|1700079199\n|move|p2a: the tree|Knock Off|p1a: Dragapult\n|-supereffective|p1a: Dragapult\n|-damage|p1a: Dragapult|0 fnt\n|-enditem|p1a: Dragapult|Assault Vest|[from] move: Knock Off|[of] p2a: the tree\n|faint|p1a: Dragapult\n|\n|-sideend|p2: SpooningManatee|move: Tailwind\n|upkeep\n|\n|t:|1700079207\n|switch|p1a: Ninetales|Ninetales-Alola, F, shiny|100\/100\n|-weather|Snow|[from] ability: Snow Warning|[of] p1a: Ninetales\n|turn|6\n|\n|t:|1700079222\n|switch|p2a: the magnet|Magnezone|100\/100\n|move|p1a: Ninetales|Freeze-Dry|p2a: the magnet\n|-resisted|p2a: the magnet\n|-damage|p2a: the magnet|91\/100\n|\n|-weather|Snow|[upkeep]\n|upkeep\n|turn|7\n|\n|t:|1700079240\n|move|p1a: Ninetales|Aurora Veil|p1a: Ninetales\n|-sidestart|p1: LanceMcgriddle|move: Aurora Veil\n|move|p2a: the magnet|Steel Beam|p1a: Ninetales\n|-supereffective|p1a: Ninetales\n|-damage|p1a: Ninetales|0 fnt\n|-damage|p2a: the magnet|41\/100|[from] steelbeam\n|faint|p1a: Ninetales\n|\n|-weather|Snow|[upkeep]\n|upkeep\n|\n|t:|1700079249\n|switch|p1a: Glimmora|Glimmora, F, shiny|100\/100\n|turn|8\n|\n|t:|1700079271\n|switch|p2a: the monke|Rillaboom, F|100\/100\n|-fieldstart|move: Grassy Terrain|[from] ability: Grassy Surge|[of] p2a: the monke\n|-terastallize|p1a: Glimmora|Fire\n|move|p1a: Glimmora|Toxic|p2a: the monke\n|-status|p2a: the monke|tox\n|\n|-weather|Snow|[upkeep]\n|-damage|p2a: the monke|94\/100 tox|[from] psn\n|upkeep\n|turn|9\n|\n|t:|1700079305\n|move|p1a: Glimmora|Toxic|p2a: the monke\n|-fail|p2a: the monke|tox\n|move|p2a: the monke|Knock Off|p1a: Glimmora\n|-damage|p1a: Glimmora|82\/100\n|-damage|p2a: the monke|78\/100 tox|[from] item: Rocky Helmet|[of] p1a: Glimmora\n|-enditem|p1a: Glimmora|Rocky Helmet|[from] move: Knock Off|[of] p2a: the monke\n|\n|-weather|Snow|[upkeep]\n|-heal|p1a: Glimmora|88\/100|[from] Grassy Terrain\n|-heal|p2a: the monke|84\/100 tox|[from] Grassy Terrain\n|-damage|p2a: the monke|72\/100 tox|[from] psn\n|upkeep\n|turn|10\n|c|\u2606SpooningManatee|lmao is that corrosion glimora\n|c|\u2606SpooningManatee|I love it\n|\n|t:|1700079333\n|move|p1a: Glimmora|Power Gem|p2a: the monke\n|-damage|p2a: the monke|32\/100 tox\n|move|p2a: the monke|Hammer Arm|p1a: Glimmora\n|-damage|p1a: Glimmora|70\/100\n|-unboost|p2a: the monke|spe|1\n|\n|-weather|none\n|-heal|p1a: Glimmora|76\/100|[from] Grassy Terrain\n|-heal|p2a: the monke|38\/100 tox|[from] Grassy Terrain\n|-damage|p2a: the monke|19\/100 tox|[from] psn\n|upkeep\n|turn|11\n|\n|t:|1700079348\n|move|p2a: the monke|Grassy Glide|p1a: Glimmora\n|-resisted|p1a: Glimmora\n|-damage|p1a: Glimmora|66\/100\n|move|p1a: Glimmora|Power Gem|p2a: the monke\n|-damage|p2a: the monke|0 fnt\n|faint|p2a: the monke\n|\n|-heal|p1a: Glimmora|73\/100|[from] Grassy Terrain\n|-sideend|p1: LanceMcgriddle|move: Aurora Veil\n|upkeep\n|\n|t:|1700079372\n|switch|p2a: the crow|Murkrow, F|74\/100\n|turn|12\n|\n|t:|1700079383\n|move|p2a: the crow|Taunt|p1a: Glimmora\n|-start|p1a: Glimmora|move: Taunt\n|move|p1a: Glimmora|Power Gem|p2a: the crow\n|-supereffective|p2a: the crow\n|-damage|p2a: the crow|16\/100\n|\n|-heal|p1a: Glimmora|79\/100|[from] Grassy Terrain\n|upkeep\n|turn|13\n|\n|t:|1700079392\n|move|p2a: the crow|Tailwind|p2a: the crow\n|-sidestart|p2: SpooningManatee|move: Tailwind\n|move|p1a: Glimmora|Power Gem|p2a: the crow\n|-supereffective|p2a: the crow\n|-damage|p2a: the crow|0 fnt\n|faint|p2a: the crow\n|\n|-heal|p1a: Glimmora|85\/100|[from] Grassy Terrain\n|upkeep\n|\n|t:|1700079407\n|switch|p2a: the glow up|Manaphy|100\/100\n|-enditem|p2a: the glow up|Grassy Seed\n|-boost|p2a: the glow up|def|1|[from] item: Grassy Seed\n|turn|14\n|\n|t:|1700079414\n|move|p2a: the glow up|Tail Glow|p2a: the glow up\n|-boost|p2a: the glow up|spa|3\n|move|p1a: Glimmora|Mortal Spin|p2a: the glow up\n|-damage|p2a: the glow up|96\/100\n|-status|p2a: the glow up|psn\n|\n|-heal|p2a: the glow up|100\/100 psn|[from] Grassy Terrain\n|-heal|p1a: Glimmora|91\/100|[from] Grassy Terrain\n|-damage|p2a: the glow up|88\/100 psn|[from] psn\n|-end|p1a: Glimmora|move: Taunt\n|upkeep\n|turn|15\n|\n|t:|1700079428\n|switch|p1a: Samurott|Samurott-Hisui, M, shiny|100\/100\n|move|p2a: the glow up|Scald|p1a: Samurott\n|-resisted|p1a: Samurott\n|-damage|p1a: Samurott|57\/100\n|\n|-heal|p2a: the glow up|94\/100 psn|[from] Grassy Terrain\n|-heal|p1a: Samurott|63\/100|[from] Grassy Terrain\n|-damage|p2a: the glow up|82\/100 psn|[from] psn\n|-fieldend|move: Grassy Terrain\n|upkeep\n|turn|16\n|\n|t:|1700079447\n|move|p2a: the glow up|Energy Ball|p1a: Samurott\n|-supereffective|p1a: Samurott\n|-damage|p1a: Samurott|0 fnt\n|faint|p1a: Samurott\n|\n|-damage|p2a: the glow up|70\/100 psn|[from] psn\n|-sideend|p2: SpooningManatee|move: Tailwind\n|upkeep\n|\n|t:|1700079456\n|switch|p1a: Manaphy|Manaphy|100\/100\n|turn|17\n|c|\u2606SpooningManatee|speed tie time\n|\n|t:|1700079467\n|move|p2a: the glow up|Energy Ball|p1a: Manaphy\n|-supereffective|p1a: Manaphy\n|-damage|p1a: Manaphy|0 fnt\n|faint|p1a: Manaphy\n|\n|-damage|p2a: the glow up|57\/100 psn|[from] psn\n|upkeep\n|\n|t:|1700079475\n|switch|p1a: Glimmora|Glimmora, F, shiny, tera:Fire|91\/100\n|turn|18\n|\n|t:|1700079486\n|move|p2a: the glow up|Scald|p1a: Glimmora\n|-supereffective|p1a: Glimmora\n|-damage|p1a: Glimmora|0 fnt\n|faint|p1a: Glimmora\n|\n|win|SpooningManatee\n|raw|LanceMcgriddle's rating: 1048 &rarr; <strong>1030<\/strong><br \/>(-18 for losing)\n|raw|SpooningManatee's rating: 1028 &rarr; <strong>1066<\/strong><br \/>(+38 for winning)\n|c|\u2606SpooningManatee|gg\n|l|\u2606LanceMcgriddle\n","uploadtime":1700079497,"views":12,"p1id":"lancemcgriddle","p2id":"spooningmanatee","formatid":"gen9ou","rating":1030,"private":0,"password":""}