{"id":"gen9ou-1993876643","p1":"justajynx xoxo","p2":"Bohbohboh","format":"[Gen 9] OU","log":"|j|\u2606justajynx xoxo\n|j|\u2606Bohbohboh\n|t:|1700368762\n|gametype|singles\n|player|p1|justajynx xoxo|marnie-masters3|\n|player|p2|Bohbohboh|preschooler|\n|teamsize|p1|6\n|teamsize|p2|6\n|gen|9\n|tier|[Gen 9] OU\n|rule|Sleep Clause Mod: Limit one foe put to sleep\n|rule|Species Clause: Limit one of each Pok\u00e9mon\n|rule|OHKO Clause: OHKO moves are banned\n|rule|Evasion Items Clause: Evasion items are banned\n|rule|Evasion Moves Clause: Evasion moves are banned\n|rule|Endless Battle Clause: Forcing endless battles is banned\n|rule|HP Percentage Mod: HP is shown in percentages\n|clearpoke\n|poke|p1|Leafeon, F|\n|poke|p1|Zamazenta-*|\n|poke|p1|Mandibuzz, F|\n|poke|p1|Copperajah, F|\n|poke|p1|Seviper, M|\n|poke|p1|Cinderace, M|\n|poke|p2|Avalugg-Hisui, M|\n|poke|p2|Blissey, F|\n|poke|p2|Slowbro, M|\n|poke|p2|Qwilfish, F|\n|poke|p2|Banette, M|\n|poke|p2|Dugtrio-Alola, F|\n|teampreview\n|c|\u2606justajynx xoxo|helno guys\n|\n|t:|1700368804\n|start\n|switch|p1a: Cinderace|Cinderace, M|100\/100\n|switch|p2a: Dugtrio|Dugtrio-Alola, F|100\/100\n|turn|1\n|\n|t:|1700368813\n|move|p1a: Cinderace|U-turn|p2a: Dugtrio\n|-start|p1a: Cinderace|typechange|Bug|[from] ability: Libero\n|-resisted|p2a: Dugtrio\n|-damage|p2a: Dugtrio|59\/100\n|-ability|p2a: Dugtrio|Tangling Hair\n|-unboost|p1a: Cinderace|spe|1\n|\n|t:|1700368827\n|switch|p1a: Mandibuzz|Mandibuzz, F|100\/100|[from] U-turn\n|move|p2a: Dugtrio|Earthquake|p1a: Mandibuzz\n|-immune|p1a: Mandibuzz\n|\n|upkeep\n|turn|2\n|\n|t:|1700368832\n|move|p2a: Dugtrio|Stone Edge|p1a: Mandibuzz\n|-supereffective|p1a: Mandibuzz\n|-crit|p1a: Mandibuzz\n|-damage|p1a: Mandibuzz|34\/100\n|move|p1a: Mandibuzz|U-turn|p2a: Dugtrio\n|-resisted|p2a: Dugtrio\n|-damage|p2a: Dugtrio|46\/100\n|-ability|p2a: Dugtrio|Tangling Hair\n|-unboost|p1a: Mandibuzz|spe|1\n|\n|t:|1700368837\n|switch|p1a: Zamazenta|Zamazenta|100\/100|[from] U-turn\n|-ability|p1a: Zamazenta|Dauntless Shield|boost\n|-boost|p1a: Zamazenta|def|1\n|\n|upkeep\n|turn|3\n|\n|t:|1700368855\n|move|p1a: Zamazenta|Crunch|p2a: Dugtrio\n|-damage|p2a: Dugtrio|0 fnt\n|-ability|p2a: Dugtrio|Tangling Hair\n|-unboost|p1a: Zamazenta|spe|1\n|faint|p2a: Dugtrio\n|\n|upkeep\n|\n|t:|1700368868\n|switch|p2a: Slowbro|Slowbro, M|100\/100\n|turn|4\n|\n|t:|1700368871\n|switch|p1a: Seviper|Seviper, M|100\/100\n|-terastallize|p2a: Slowbro|Fairy\n|move|p2a: Slowbro|Iron Defense|p2a: Slowbro\n|-boost|p2a: Slowbro|def|2\n|\n|upkeep\n|turn|5\n|\n|t:|1700368892\n|switch|p2a: Avalugg|Avalugg-Hisui, M|100\/100\n|move|p1a: Seviper|Switcheroo|p2a: Avalugg\n|-activate|p1a: Seviper|move: Trick|[of] p2a: Avalugg\n|-item|p2a: Avalugg|Choice Scarf|[from] move: Switcheroo\n|-item|p1a: Seviper|Heavy-Duty Boots|[from] move: Switcheroo\n|\n|upkeep\n|turn|6\n|\n|t:|1700368903\n|move|p1a: Seviper|Switcheroo|p2a: Avalugg\n|-activate|p1a: Seviper|move: Trick|[of] p2a: Avalugg\n|-item|p2a: Avalugg|Heavy-Duty Boots|[from] move: Switcheroo\n|-item|p1a: Seviper|Choice Scarf|[from] move: Switcheroo\n|move|p2a: Avalugg|Avalanche|p1a: Seviper\n|-damage|p1a: Seviper|56\/100\n|\n|upkeep\n|turn|7\n|\n|t:|1700368912\n|switch|p1a: Copperajah|Copperajah, F|100\/100\n|move|p2a: Avalugg|Rapid Spin|p1a: Copperajah\n|-resisted|p1a: Copperajah\n|-damage|p1a: Copperajah|91\/100\n|-boost|p2a: Avalugg|spe|1\n|\n|upkeep\n|turn|8\n|\n|t:|1700368918\n|switch|p2a: Qwilfish|Qwilfish, F|100\/100\n|-ability|p2a: Qwilfish|Intimidate|boost\n|-unboost|p1a: Copperajah|atk|1\n|move|p1a: Copperajah|Knock Off|p2a: Qwilfish\n|-damage|p2a: Qwilfish|76\/100\n|-damage|p1a: Copperajah|75\/100|[from] item: Rocky Helmet|[of] p2a: Qwilfish\n|-enditem|p2a: Qwilfish|Rocky Helmet|[from] move: Knock Off|[of] p1a: Copperajah\n|-damage|p1a: Copperajah|65\/100|[from] item: Life Orb\n|\n|upkeep\n|turn|9\n|\n|t:|1700368931\n|switch|p1a: Cinderace|Cinderace, M|100\/100\n|move|p2a: Qwilfish|Spikes|p1a: Cinderace\n|-sidestart|p1: justajynx xoxo|Spikes\n|\n|upkeep\n|turn|10\n|\n|t:|1700368935\n|move|p1a: Cinderace|Electro Ball|p2a: Qwilfish\n|-start|p1a: Cinderace|typechange|Electric|[from] ability: Libero\n|-supereffective|p2a: Qwilfish\n|-damage|p2a: Qwilfish|10\/100\n|move|p2a: Qwilfish|Waterfall|p1a: Cinderace\n|-damage|p1a: Cinderace|66\/100\n|\n|upkeep\n|turn|11\n|\n|t:|1700368947\n|switch|p2a: Blissey|Blissey, F|100\/100\n|move|p1a: Cinderace|Electro Ball|p2a: Blissey\n|-damage|p2a: Blissey|90\/100\n|\n|-heal|p2a: Blissey|97\/100|[from] item: Leftovers\n|upkeep\n|turn|12\n|\n|t:|1700368954\n|switch|p1a: Mandibuzz|Mandibuzz, F|34\/100\n|move|p2a: Blissey|Seismic Toss|p1a: Mandibuzz\n|-damage|p1a: Mandibuzz|10\/100\n|\n|-heal|p2a: Blissey|100\/100|[from] item: Leftovers\n|upkeep\n|turn|13\n|\n|t:|1700368963\n|move|p1a: Mandibuzz|Roost|p1a: Mandibuzz\n|-heal|p1a: Mandibuzz|60\/100\n|-singleturn|p1a: Mandibuzz|move: Roost\n|move|p2a: Blissey|Thunder Wave|p1a: Mandibuzz\n|-status|p1a: Mandibuzz|par\n|\n|upkeep\n|turn|14\n|\n|t:|1700368968\n|switch|p2a: Avalugg|Avalugg-Hisui, M|100\/100\n|move|p1a: Mandibuzz|U-turn|p2a: Avalugg\n|-damage|p2a: Avalugg|96\/100\n|\n|t:|1700368970\n|switch|p1a: Leafeon|Leafeon, F|100\/100|[from] U-turn\n|-damage|p1a: Leafeon|88\/100|[from] Spikes\n|\n|-heal|p1a: Leafeon|94\/100|[from] item: Leftovers\n|upkeep\n|turn|15\n|\n|t:|1700368976\n|move|p1a: Leafeon|Leaf Storm|p2a: Avalugg\n|-supereffective|p2a: Avalugg\n|-damage|p2a: Avalugg|3\/100\n|-unboost|p1a: Leafeon|spa|2\n|move|p2a: Avalugg|Avalanche|p1a: Leafeon\n|-supereffective|p1a: Leafeon\n|-damage|p1a: Leafeon|26\/100\n|\n|-heal|p1a: Leafeon|32\/100|[from] item: Leftovers\n|upkeep\n|turn|16\n|\n|t:|1700368987\n|move|p1a: Leafeon|Knock Off|p2a: Avalugg\n|-damage|p2a: Avalugg|0 fnt\n|-enditem|p2a: Avalugg|Heavy-Duty Boots|[from] move: Knock Off|[of] p1a: Leafeon\n|faint|p2a: Avalugg\n|\n|-heal|p1a: Leafeon|38\/100|[from] item: Leftovers\n|upkeep\n|\n|t:|1700369017\n|switch|p2a: Blissey|Blissey, F|100\/100\n|turn|17\n|\n|t:|1700369021\n|move|p1a: Leafeon|Synthesis|p1a: Leafeon\n|-heal|p1a: Leafeon|88\/100\n|move|p2a: Blissey|Seismic Toss|p1a: Leafeon\n|-damage|p1a: Leafeon|58\/100\n|\n|-heal|p1a: Leafeon|64\/100|[from] item: Leftovers\n|upkeep\n|turn|18\n|\n|t:|1700369024\n|move|p1a: Leafeon|Leech Seed|p2a: Blissey|[miss]\n|-miss|p1a: Leafeon|p2a: Blissey\n|move|p2a: Blissey|Thunder Wave|p1a: Leafeon\n|-status|p1a: Leafeon|par\n|\n|-heal|p1a: Leafeon|70\/100 par|[from] item: Leftovers\n|upkeep\n|turn|19\n|\n|t:|1700369032\n|move|p2a: Blissey|Seismic Toss|p1a: Leafeon\n|-damage|p1a: Leafeon|40\/100 par\n|move|p1a: Leafeon|Leech Seed|p2a: Blissey\n|-start|p2a: Blissey|move: Leech Seed\n|\n|-heal|p1a: Leafeon|46\/100 par|[from] item: Leftovers\n|-damage|p2a: Blissey|88\/100|[from] Leech Seed|[of] p1a: Leafeon\n|-heal|p1a: Leafeon|70\/100 par|[silent]\n|upkeep\n|turn|20\n|\n|t:|1700369038\n|switch|p2a: Qwilfish|Qwilfish, F|10\/100\n|-ability|p2a: Qwilfish|Intimidate|boost\n|-unboost|p1a: Leafeon|atk|1\n|move|p1a: Leafeon|Knock Off|p2a: Qwilfish\n|-damage|p2a: Qwilfish|2\/100\n|\n|-heal|p1a: Leafeon|76\/100 par|[from] item: Leftovers\n|upkeep\n|turn|21\n|\n|t:|1700369044\n|move|p2a: Qwilfish|Spikes|p1a: Leafeon\n|-sidestart|p1: justajynx xoxo|Spikes\n|move|p1a: Leafeon|Knock Off|p2a: Qwilfish\n|-damage|p2a: Qwilfish|0 fnt\n|faint|p2a: Qwilfish\n|\n|-heal|p1a: Leafeon|82\/100 par|[from] item: Leftovers\n|upkeep\n|\n|t:|1700369048\n|switch|p2a: Banette|Banette, M|100\/100\n|-item|p1a: Leafeon|Leftovers|[from] ability: Frisk|[of] p2a: Banette|[identify]\n|turn|22\n|\n|t:|1700369052\n|switch|p1a: Mandibuzz|Mandibuzz, F|60\/100 par\n|move|p2a: Banette|Gunk Shot|p1a: Mandibuzz\n|-damage|p1a: Mandibuzz|11\/100 par\n|\n|upkeep\n|turn|23\n|\n|t:|1700369058\n|move|p2a: Banette|Gunk Shot|p1a: Mandibuzz\n|-damage|p1a: Mandibuzz|0 fnt\n|faint|p1a: Mandibuzz\n|\n|upkeep\n|\n|t:|1700369066\n|switch|p1a: Cinderace|Cinderace, M|66\/100\n|-damage|p1a: Cinderace|49\/100|[from] Spikes\n|turn|24\n|\n|t:|1700369069\n|move|p1a: Cinderace|Pyro Ball|p2a: Banette\n|-damage|p2a: Banette|9\/100\n|move|p2a: Banette|Gunk Shot|p1a: Cinderace\n|-damage|p1a: Cinderace|0 fnt\n|faint|p1a: Cinderace\n|\n|upkeep\n|\n|t:|1700369077\n|switch|p1a: Copperajah|Copperajah, F|65\/100\n|-damage|p1a: Copperajah|48\/100|[from] Spikes\n|turn|25\n|\n|t:|1700369080\n|switch|p2a: Blissey|Blissey, F|88\/100\n|move|p1a: Copperajah|Iron Head|p2a: Blissey\n|-damage|p2a: Blissey|16\/100\n|\n|-heal|p2a: Blissey|22\/100|[from] item: Leftovers\n|upkeep\n|turn|26\n|\n|t:|1700369089\n|move|p1a: Copperajah|Iron Head|p2a: Blissey\n|-damage|p2a: Blissey|0 fnt\n|faint|p2a: Blissey\n|\n|upkeep\n|\n|t:|1700369091\n|switch|p2a: Banette|Banette, M|9\/100\n|-item|p1a: Copperajah|Life Orb|[from] ability: Frisk|[of] p2a: Banette|[identify]\n|turn|27\n|\n|t:|1700369116\n|move|p2a: Banette|Shadow Sneak|p1a: Copperajah\n|-damage|p1a: Copperajah|13\/100\n|move|p1a: Copperajah|Iron Head|p2a: Banette\n|-damage|p2a: Banette|0 fnt\n|faint|p2a: Banette\n|\n|upkeep\n|\n|t:|1700369121\n|switch|p2a: Slowbro|Slowbro, M, tera:Fairy|100\/100\n|turn|28\n|\n|t:|1700369125\n|move|p1a: Copperajah|Iron Head|p2a: Slowbro\n|-supereffective|p2a: Slowbro\n|-damage|p2a: Slowbro|13\/100\n|move|p2a: Slowbro|Iron Defense|p2a: Slowbro\n|-boost|p2a: Slowbro|def|2\n|\n|-heal|p2a: Slowbro|20\/100|[from] item: Leftovers\n|upkeep\n|turn|29\n|\n|t:|1700369128\n|move|p1a: Copperajah|Iron Head|p2a: Slowbro\n|-supereffective|p2a: Slowbro\n|-damage|p2a: Slowbro|0 fnt\n|faint|p2a: Slowbro\n|\n|win|justajynx xoxo\n|c|\u2606justajynx xoxo|gg\n","uploadtime":1700369134,"views":50,"p1id":"justajynxxoxo","p2id":"bohbohboh","formatid":"gen9ou","rating":0,"private":0,"password":""}