{"id":"gen9ou-1989171724","p1":"Safenritharnix","p2":"StarBerry05","format":"[Gen 9] OU","log":"|j|\u2606Safenritharnix\n|j|\u2606StarBerry05\n|t:|1699819789\n|gametype|singles\n|player|p1|Safenritharnix|colress|1051\n|player|p2|StarBerry05|roark|1128\n|teamsize|p1|6\n|teamsize|p2|6\n|gen|9\n|tier|[Gen 9] OU\n|rated|\n|rule|Sleep Clause Mod: Limit one foe put to sleep\n|rule|Species Clause: Limit one of each Pok\u00e9mon\n|rule|OHKO Clause: OHKO moves are banned\n|rule|Evasion Items Clause: Evasion items are banned\n|rule|Evasion Moves Clause: Evasion moves are banned\n|rule|Endless Battle Clause: Forcing endless battles is banned\n|rule|HP Percentage Mod: HP is shown in percentages\n|clearpoke\n|poke|p1|Dusknoir, M|\n|poke|p1|Dragapult, M|\n|poke|p1|Gholdengo|\n|poke|p1|Chandelure, M|\n|poke|p1|Ceruledge, F|\n|poke|p1|Gengar, M|\n|poke|p2|Manaphy|\n|poke|p2|Pelipper, M|\n|poke|p2|Torkoal, F|\n|poke|p2|Lilligant-Hisui, F|\n|poke|p2|Slowking, F|\n|poke|p2|Sandslash-Alola, F|\n|teampreview\n|inactive|Battle timer is ON: inactive players will automatically lose when time's up. (requested by StarBerry05)\n|inactive|StarBerry05 has 120 seconds left.\n|\n|t:|1699819834\n|start\n|switch|p1a: Chandelure|Chandelure, M|100\/100\n|switch|p2a: Slowking|Slowking, F, shiny|100\/100\n|turn|1\n|\n|t:|1699819839\n|move|p1a: Chandelure|Substitute|p1a: Chandelure\n|-start|p1a: Chandelure|Substitute\n|-damage|p1a: Chandelure|75\/100\n|move|p2a: Slowking|Chilly Reception|p2a: Slowking\n|-weather|Snow\n|\n|t:|1699819850\n|switch|p2a: Pelipper|Pelipper, M, shiny|100\/100|[from] Chilly Reception\n|-weather|RainDance|[from] ability: Drizzle|[of] p2a: Pelipper\n|\n|-weather|RainDance|[upkeep]\n|-heal|p1a: Chandelure|82\/100|[from] item: Leftovers\n|upkeep\n|turn|2\n|\n|t:|1699819853\n|move|p1a: Chandelure|Acid Armor|p1a: Chandelure\n|-boost|p1a: Chandelure|def|2\n|move|p2a: Pelipper|Surf|p1a: Chandelure\n|-supereffective|p1a: Chandelure\n|-end|p1a: Chandelure|Substitute\n|\n|-weather|RainDance|[upkeep]\n|-heal|p1a: Chandelure|88\/100|[from] item: Leftovers\n|upkeep\n|turn|3\n|\n|t:|1699819857\n|move|p1a: Chandelure|Calm Mind|p1a: Chandelure\n|-boost|p1a: Chandelure|spa|1\n|-boost|p1a: Chandelure|spd|1\n|move|p2a: Pelipper|Surf|p1a: Chandelure\n|-supereffective|p1a: Chandelure\n|-damage|p1a: Chandelure|27\/100\n|\n|-weather|RainDance|[upkeep]\n|-heal|p1a: Chandelure|33\/100|[from] item: Leftovers\n|upkeep\n|turn|4\n|\n|t:|1699819860\n|move|p1a: Chandelure|Substitute|p1a: Chandelure\n|-start|p1a: Chandelure|Substitute\n|-damage|p1a: Chandelure|8\/100\n|move|p2a: Pelipper|Surf|p1a: Chandelure\n|-supereffective|p1a: Chandelure\n|-end|p1a: Chandelure|Substitute\n|\n|-weather|RainDance|[upkeep]\n|-heal|p1a: Chandelure|14\/100|[from] item: Leftovers\n|upkeep\n|turn|5\n|c|\u2606StarBerry05|alr bro\n|\n|t:|1699819865\n|move|p1a: Chandelure|Dark Pulse|p2a: Pelipper\n|-damage|p2a: Pelipper|48\/100\n|move|p2a: Pelipper|Surf|p1a: Chandelure\n|-supereffective|p1a: Chandelure\n|-damage|p1a: Chandelure|0 fnt\n|faint|p1a: Chandelure\n|\n|-weather|RainDance|[upkeep]\n|upkeep\n|\n|t:|1699819871\n|switch|p1a: Dragapult|Dragapult, M|100\/100\n|turn|6\n|\n|t:|1699819875\n|switch|p2a: Manaphy|Manaphy|100\/100\n|move|p1a: Dragapult|Dragon Darts|p2a: Manaphy\n|-damage|p2a: Manaphy|80\/100\n|-anim|p1a: Dragapult|Dragon Darts|p2a: Manaphy\n|-damage|p2a: Manaphy|59\/100\n|\n|-weather|RainDance|[upkeep]\n|-heal|p2a: Manaphy|65\/100|[from] item: Leftovers\n|upkeep\n|turn|7\n|\n|t:|1699819883\n|move|p1a: Dragapult|Dragon Darts|p2a: Manaphy\n|-damage|p2a: Manaphy|43\/100\n|-anim|p1a: Dragapult|Dragon Darts|p2a: Manaphy\n|-damage|p2a: Manaphy|20\/100\n|move|p2a: Manaphy|Ice Beam|p1a: Dragapult\n|-supereffective|p1a: Dragapult\n|-damage|p1a: Dragapult|24\/100\n|-status|p1a: Dragapult|frz\n|\n|-weather|RainDance|[upkeep]\n|-heal|p2a: Manaphy|26\/100|[from] item: Leftovers\n|upkeep\n|turn|8\n|\n|t:|1699819890\n|cant|p1a: Dragapult|frz\n|move|p2a: Manaphy|Rest|p2a: Manaphy\n|-status|p2a: Manaphy|slp|[from] move: Rest\n|-heal|p2a: Manaphy|100\/100 slp|[silent]\n|\n|-weather|none\n|upkeep\n|turn|9\n|c|\u2606StarBerry05|when she tuggin on yo nuts but u a gansta\n|\n|t:|1699819902\n|switch|p2a: Pelipper|Pelipper, M, shiny|48\/100\n|-weather|RainDance|[from] ability: Drizzle|[of] p2a: Pelipper\n|cant|p1a: Dragapult|frz\n|\n|-weather|RainDance|[upkeep]\n|upkeep\n|turn|10\n|c|\u2606StarBerry05|oops\n|\n|t:|1699819909\n|switch|p2a: Manaphy|Manaphy|100\/100 slp\n|cant|p1a: Dragapult|frz\n|\n|-weather|RainDance|[upkeep]\n|-activate|p2a: Manaphy|ability: Hydration\n|-curestatus|p2a: Manaphy|slp|[msg]\n|upkeep\n|turn|11\n|\n|t:|1699819917\n|cant|p1a: Dragapult|frz\n|move|p2a: Manaphy|Tail Glow|p2a: Manaphy\n|-boost|p2a: Manaphy|spa|3\n|\n|-weather|RainDance|[upkeep]\n|upkeep\n|turn|12\n|\n|t:|1699819920\n|-curestatus|p1a: Dragapult|frz|[msg]\n|move|p1a: Dragapult|Dragon Darts|p2a: Manaphy\n|-damage|p2a: Manaphy|78\/100\n|-anim|p1a: Dragapult|Dragon Darts|p2a: Manaphy\n|-damage|p2a: Manaphy|59\/100\n|move|p2a: Manaphy|Ice Beam|p1a: Dragapult\n|-supereffective|p1a: Dragapult\n|-damage|p1a: Dragapult|0 fnt\n|faint|p1a: Dragapult\n|\n|-weather|RainDance|[upkeep]\n|-heal|p2a: Manaphy|65\/100|[from] item: Leftovers\n|upkeep\n|\n|t:|1699819932\n|switch|p1a: Gengar|Gengar, M|100\/100\n|turn|13\n|\n|t:|1699819939\n|move|p1a: Gengar|Toxic Spikes|p2a: Manaphy\n|-sidestart|p2: StarBerry05|move: Toxic Spikes\n|move|p2a: Manaphy|Weather Ball|p1a: Gengar\n|-enditem|p1a: Gengar|Focus Sash\n|-damage|p1a: Gengar|1\/100\n|\n|-weather|RainDance|[upkeep]\n|-heal|p2a: Manaphy|71\/100|[from] item: Leftovers\n|upkeep\n|turn|14\n|\n|t:|1699819943\n|move|p1a: Gengar|Destiny Bond|p1a: Gengar\n|-singlemove|p1a: Gengar|Destiny Bond\n|move|p2a: Manaphy|Rest|p2a: Manaphy\n|-status|p2a: Manaphy|slp|[from] move: Rest\n|-heal|p2a: Manaphy|100\/100 slp|[silent]\n|\n|-weather|RainDance|[upkeep]\n|-activate|p2a: Manaphy|ability: Hydration\n|-curestatus|p2a: Manaphy|slp|[msg]\n|upkeep\n|turn|15\n|\n|t:|1699819955\n|move|p1a: Gengar|Destiny Bond||[still]\n|-fail|p1a: Gengar\n|move|p2a: Manaphy|Ice Beam|p1a: Gengar\n|-damage|p1a: Gengar|0 fnt\n|faint|p1a: Gengar\n|\n|-weather|RainDance|[upkeep]\n|upkeep\n|c|\u2606StarBerry05|my bad still had the hacks on\n|\n|t:|1699819961\n|switch|p1a: Gholdengo|Gholdengo|100\/100\n|turn|16\n|\n|t:|1699819965\n|move|p1a: Gholdengo|Thunder|p2a: Manaphy\n|-supereffective|p2a: Manaphy\n|-damage|p2a: Manaphy|0 fnt\n|faint|p2a: Manaphy\n|\n|-weather|none\n|upkeep\n|c|\u2606StarBerry05|damn !!!!!!!!!!!!!!\n|\n|t:|1699819974\n|switch|p2a: Pelipper|Pelipper, M, shiny|48\/100\n|-weather|RainDance|[from] ability: Drizzle|[of] p2a: Pelipper\n|turn|17\n|\n|t:|1699819979\n|move|p1a: Gholdengo|Thunder|p2a: Pelipper\n|-supereffective|p2a: Pelipper\n|-damage|p2a: Pelipper|0 fnt\n|faint|p2a: Pelipper\n|\n|-weather|RainDance|[upkeep]\n|upkeep\n|\n|t:|1699819984\n|switch|p2a: Torkoal|Torkoal, F, shiny|100\/100\n|-status|p2a: Torkoal|psn\n|-weather|SunnyDay|[from] ability: Drought|[of] p2a: Torkoal\n|turn|18\n|\n|t:|1699819991\n|switch|p1a: Ceruledge|Ceruledge, F|100\/100\n|move|p2a: Torkoal|Yawn|p1a: Ceruledge\n|-start|p1a: Ceruledge|move: Yawn|[of] p2a: Torkoal\n|\n|-weather|SunnyDay|[upkeep]\n|-damage|p2a: Torkoal|88\/100 psn|[from] psn\n|upkeep\n|turn|19\n|\n|t:|1699820000\n|switch|p1a: Dusknoir|Dusknoir, M, shiny|100\/100\n|-ability|p1a: Dusknoir|Pressure\n|move|p2a: Torkoal|Stealth Rock|p1a: Dusknoir\n|-sidestart|p1: Safenritharnix|move: Stealth Rock\n|\n|-weather|SunnyDay|[upkeep]\n|-damage|p2a: Torkoal|76\/100 psn|[from] psn\n|upkeep\n|turn|20\n|\n|t:|1699820006\n|-terastallize|p1a: Dusknoir|Fire\n|move|p1a: Dusknoir|Curse|p1a: Dusknoir\n|-unboost|p1a: Dusknoir|spe|1\n|-boost|p1a: Dusknoir|atk|1\n|-boost|p1a: Dusknoir|def|1\n|move|p2a: Torkoal|Lava Plume|p1a: Dusknoir\n|-resisted|p1a: Dusknoir\n|-damage|p1a: Dusknoir|84\/100\n|\n|-weather|SunnyDay|[upkeep]\n|-heal|p1a: Dusknoir|90\/100|[from] item: Leftovers\n|-damage|p2a: Torkoal|64\/100 psn|[from] psn\n|upkeep\n|turn|21\n|\n|t:|1699820017\n|switch|p2a: Lilligant|Lilligant-Hisui, F, shiny|100\/100\n|-status|p2a: Lilligant|psn\n|move|p1a: Dusknoir|Poltergeist|p2a: Lilligant|[miss]\n|-miss|p1a: Dusknoir|p2a: Lilligant\n|\n|-weather|SunnyDay|[upkeep]\n|-heal|p1a: Dusknoir|96\/100|[from] item: Leftovers\n|-damage|p2a: Lilligant|88\/100 psn|[from] psn\n|upkeep\n|turn|22\n|\n|t:|1699820028\n|move|p2a: Lilligant|Victory Dance|p2a: Lilligant\n|-boost|p2a: Lilligant|atk|1\n|-boost|p2a: Lilligant|def|1\n|-boost|p2a: Lilligant|spe|1\n|move|p1a: Dusknoir|Poltergeist|p2a: Lilligant\n|-activate|p2a: Lilligant|move: Poltergeist|Focus Sash\n|-damage|p2a: Lilligant|13\/100 psn\n|\n|-weather|SunnyDay|[upkeep]\n|-heal|p1a: Dusknoir|100\/100|[from] item: Leftovers\n|-damage|p2a: Lilligant|0 fnt|[from] psn\n|faint|p2a: Lilligant\n|upkeep\n|c|\u2606StarBerry05|no way\n|c|\u2606StarBerry05|I lost\n|\n|t:|1699820038\n|switch|p2a: Slowking|Slowking, F, shiny|100\/100\n|-status|p2a: Slowking|psn\n|turn|23\n|\n|t:|1699820043\n|-terastallize|p2a: Slowking|Fairy\n|move|p1a: Dusknoir|Poltergeist|p2a: Slowking\n|-activate|p2a: Slowking|move: Poltergeist|Icy Rock\n|-damage|p2a: Slowking|17\/100 psn\n|move|p2a: Slowking|Chilly Reception|p2a: Slowking\n|-weather|Snow\n|\n|t:|1699820046\n|switch|p2a: Sandslash|Sandslash-Alola, F|100\/100|[from] Chilly Reception\n|\n|-weather|Snow|[upkeep]\n|upkeep\n|turn|24\n|\n|t:|1699820051\n|move|p2a: Sandslash|Swords Dance|p2a: Sandslash\n|-boost|p2a: Sandslash|atk|2\n|move|p1a: Dusknoir|Earthquake|p2a: Sandslash\n|-supereffective|p2a: Sandslash\n|-damage|p2a: Sandslash|32\/100\n|\n|-weather|Snow|[upkeep]\n|upkeep\n|turn|25\n|\n|t:|1699820055\n|move|p2a: Sandslash|Iron Head|p1a: Dusknoir\n|-resisted|p1a: Dusknoir\n|-damage|p1a: Dusknoir|73\/100\n|-damage|p2a: Sandslash|22\/100|[from] item: Life Orb\n|move|p1a: Dusknoir|Earthquake|p2a: Sandslash\n|-supereffective|p2a: Sandslash\n|-damage|p2a: Sandslash|0 fnt\n|faint|p2a: Sandslash\n|\n|-weather|Snow|[upkeep]\n|-heal|p1a: Dusknoir|79\/100|[from] item: Leftovers\n|upkeep\n|c|\u2606StarBerry05|fuuuck\n|c|\u2606Safenritharnix|teehee\n|c|\u2606StarBerry05|I threww so hard\n|c|\u2606StarBerry05|I had eq\n|c|\u2606StarBerry05|forgot u were tera fire\n|c|\u2606StarBerry05|oops\n|c|\u2606StarBerry05|gg wp lmao\n|-message|StarBerry05 forfeited.\n|\n|win|Safenritharnix\n|raw|Safenritharnix's rating: 1051 &rarr; <strong>1090<\/strong><br \/>(+39 for winning)\n|raw|StarBerry05's rating: 1128 &rarr; <strong>1098<\/strong><br \/>(-30 for losing)\n|l|\u2606StarBerry05\n|c|\u2606Safenritharnix|gg\n","uploadtime":1699820089,"views":11,"p1id":"safenritharnix","p2id":"starberry05","formatid":"gen9ou","rating":1090,"private":0,"password":""}