{"id":"gen9ou-1997989004","p1":"Leocain","p2":"Imanjoneser","format":"[Gen 9] OU","log":"|j|\u2606Leocain\n|j|\u2606Imanjoneser\n|t:|1700875938\n|gametype|singles\n|player|p1|Leocain|li|1152\n|player|p2|Imanjoneser|bugcatcher-gen4dp|1075\n|teamsize|p1|6\n|teamsize|p2|6\n|gen|9\n|tier|[Gen 9] OU\n|rated|\n|rule|Sleep Clause Mod: Limit one foe put to sleep\n|rule|Species Clause: Limit one of each Pok\u00e9mon\n|rule|OHKO Clause: OHKO moves are banned\n|rule|Evasion Items Clause: Evasion items are banned\n|rule|Evasion Moves Clause: Evasion moves are banned\n|rule|Endless Battle Clause: Forcing endless battles is banned\n|rule|HP Percentage Mod: HP is shown in percentages\n|clearpoke\n|poke|p1|Ribombee, M|\n|poke|p1|Slowking-Galar, F|\n|poke|p1|Magcargo, M|\n|poke|p1|Great Tusk|\n|poke|p1|Dragonite, M|\n|poke|p1|Alomomola, F|\n|poke|p2|Chesnaught, M|\n|poke|p2|Infernape, F|\n|poke|p2|Meowscarada, F|\n|poke|p2|Skeledirge, M|\n|poke|p2|Quaquaval, F|\n|poke|p2|Inteleon, F|\n|teampreview\n|\n|t:|1700875957\n|start\n|switch|p1a: Magcargo|Magcargo, M|100\/100\n|switch|p2a: Meowscarada|Meowscarada, F, shiny|100\/100\n|turn|1\n|inactive|Battle timer is ON: inactive players will automatically lose when time's up. (requested by Leocain)\n|\n|t:|1700875968\n|move|p2a: Meowscarada|Knock Off|p1a: Magcargo\n|-start|p2a: Meowscarada|typechange|Dark|[from] ability: Protean\n|-damage|p1a: Magcargo|53\/100\n|-ability|p1a: Magcargo|Weak Armor|boost\n|-unboost|p1a: Magcargo|def|1\n|-boost|p1a: Magcargo|spe|2\n|-enditem|p1a: Magcargo|Focus Sash|[from] move: Knock Off|[of] p2a: Meowscarada\n|move|p1a: Magcargo|Shell Smash|p1a: Magcargo\n|-unboost|p1a: Magcargo|def|1\n|-unboost|p1a: Magcargo|spd|1\n|-boost|p1a: Magcargo|atk|2\n|-boost|p1a: Magcargo|spa|2\n|-boost|p1a: Magcargo|spe|2\n|\n|upkeep\n|turn|2\n|\n|t:|1700875985\n|move|p1a: Magcargo|Lava Plume|p2a: Meowscarada\n|-enditem|p2a: Meowscarada|Focus Sash\n|-damage|p2a: Meowscarada|1\/100\n|-status|p2a: Meowscarada|brn\n|move|p2a: Meowscarada|Flower Trick|p1a: Magcargo\n|-crit|p1a: Magcargo\n|-damage|p1a: Magcargo|17\/100\n|-ability|p1a: Magcargo|Weak Armor|boost\n|-unboost|p1a: Magcargo|def|1\n|-boost|p1a: Magcargo|spe|2\n|\n|-damage|p2a: Meowscarada|0 fnt|[from] brn\n|faint|p2a: Meowscarada\n|upkeep\n|\n|t:|1700875997\n|switch|p2a: Infernape|Infernape, F, shiny|100\/100\n|turn|3\n|c|\u2606Imanjoneser|4x speed geez\n|inactive|Leocain has 120 seconds left.\n|\n|t:|1700876028\n|move|p2a: Infernape|Mach Punch|p1a: Magcargo\n|-supereffective|p1a: Magcargo\n|-damage|p1a: Magcargo|0 fnt\n|faint|p1a: Magcargo\n|\n|upkeep\n|\n|t:|1700876033\n|switch|p1a: Slowking|Slowking-Galar, F|100\/100\n|turn|4\n|\n|t:|1700876043\n|-terastallize|p2a: Infernape|Fire\n|move|p2a: Infernape|Swords Dance|p2a: Infernape\n|-boost|p2a: Infernape|atk|2\n|move|p1a: Slowking|Future Sight|p2a: Infernape\n|-start|p1a: Slowking|move: Future Sight\n|\n|upkeep\n|turn|5\n|\n|t:|1700876052\n|move|p2a: Infernape|Swords Dance|p2a: Infernape\n|-boost|p2a: Infernape|atk|2\n|move|p1a: Slowking|Surf|p2a: Infernape\n|-supereffective|p2a: Infernape\n|-damage|p2a: Infernape|25\/100\n|\n|upkeep\n|turn|6\n|\n|t:|1700876060\n|switch|p1a: Alomomola|Alomomola, F|100\/100\n|move|p2a: Infernape|Fire Punch|p1a: Alomomola\n|-resisted|p1a: Alomomola\n|-damage|p1a: Alomomola|58\/100\n|\n|-end|p2a: Infernape|move: Future Sight\n|-crit|p2a: Infernape\n|-damage|p2a: Infernape|0 fnt\n|faint|p2a: Infernape\n|upkeep\n|\n|t:|1700876071\n|switch|p2a: Chesnaught|Chesnaught, M, shiny|100\/100\n|turn|7\n|c|\u2606Imanjoneser|Omg so many Alomola's\n|\n|t:|1700876086\n|move|p2a: Chesnaught|Leech Seed|p1a: Alomomola\n|-start|p1a: Alomomola|move: Leech Seed\n|move|p1a: Alomomola|Flip Turn|p2a: Chesnaught\n|-resisted|p2a: Chesnaught\n|-damage|p2a: Chesnaught|95\/100\n|-damage|p1a: Alomomola|41\/100|[from] item: Rocky Helmet|[of] p2a: Chesnaught\n|\n|t:|1700876092\n|switch|p1a: Ribombee|Ribombee, M|100\/100|[from] Flip Turn\n|\n|upkeep\n|turn|8\n|\n|t:|1700876098\n|move|p1a: Ribombee|Quiver Dance|p1a: Ribombee\n|-boost|p1a: Ribombee|spa|1\n|-boost|p1a: Ribombee|spd|1\n|-boost|p1a: Ribombee|spe|1\n|move|p2a: Chesnaught|Leech Seed|p1a: Ribombee\n|-start|p1a: Ribombee|move: Leech Seed\n|\n|-damage|p1a: Ribombee|88\/100|[from] Leech Seed|[of] p2a: Chesnaught\n|-heal|p2a: Chesnaught|100\/100|[silent]\n|upkeep\n|turn|9\n|\n|t:|1700876106\n|move|p1a: Ribombee|Stored Power|p2a: Chesnaught\n|-supereffective|p2a: Chesnaught\n|-damage|p2a: Chesnaught|20\/100\n|move|p2a: Chesnaught|Knock Off|p1a: Ribombee\n|-resisted|p1a: Ribombee\n|-damage|p1a: Ribombee|56\/100\n|-enditem|p1a: Ribombee|Focus Sash|[from] move: Knock Off|[of] p2a: Chesnaught\n|\n|-damage|p1a: Ribombee|44\/100|[from] Leech Seed|[of] p2a: Chesnaught\n|-heal|p2a: Chesnaught|28\/100|[silent]\n|upkeep\n|turn|10\n|\n|t:|1700876116\n|move|p2a: Chesnaught|Spiky Shield|p2a: Chesnaught\n|-singleturn|p2a: Chesnaught|move: Protect\n|move|p1a: Ribombee|Moonblast|p2a: Chesnaught\n|-activate|p2a: Chesnaught|move: Protect\n|\n|-damage|p1a: Ribombee|32\/100|[from] Leech Seed|[of] p2a: Chesnaught\n|-heal|p2a: Chesnaught|37\/100|[silent]\n|upkeep\n|turn|11\n|\n|t:|1700876128\n|switch|p2a: Skeledirge|Skeledirge, M, shiny|100\/100\n|move|p1a: Ribombee|Moonblast|p2a: Skeledirge\n|-resisted|p2a: Skeledirge\n|-damage|p2a: Skeledirge|76\/100\n|\n|-heal|p2a: Skeledirge|82\/100|[from] item: Leftovers\n|-damage|p1a: Ribombee|19\/100|[from] Leech Seed|[of] p2a: Skeledirge\n|-heal|p2a: Skeledirge|91\/100|[silent]\n|upkeep\n|turn|12\n|\n|t:|1700876138\n|switch|p1a: Slowking|Slowking-Galar, F|100\/100\n|move|p2a: Skeledirge|Torch Song|p1a: Slowking\n|-damage|p1a: Slowking|84\/100\n|-boost|p2a: Skeledirge|spa|1\n|\n|-heal|p2a: Skeledirge|97\/100|[from] item: Leftovers\n|upkeep\n|turn|13\n|\n|t:|1700876148\n|move|p2a: Skeledirge|Shadow Ball|p1a: Slowking\n|-supereffective|p1a: Slowking\n|-damage|p1a: Slowking|29\/100\n|move|p1a: Slowking|Surf|p2a: Skeledirge\n|-supereffective|p2a: Skeledirge\n|-damage|p2a: Skeledirge|38\/100\n|\n|-heal|p2a: Skeledirge|44\/100|[from] item: Leftovers\n|upkeep\n|turn|14\n|\n|t:|1700876159\n|switch|p1a: Ribombee|Ribombee, M|19\/100\n|move|p2a: Skeledirge|Shadow Ball|p1a: Ribombee\n|-damage|p1a: Ribombee|0 fnt\n|faint|p1a: Ribombee\n|\n|-heal|p2a: Skeledirge|50\/100|[from] item: Leftovers\n|upkeep\n|\n|t:|1700876167\n|switch|p1a: Slowking|Slowking-Galar, F|62\/100\n|turn|15\n|\n|t:|1700876193\n|move|p2a: Skeledirge|Shadow Ball|p1a: Slowking\n|-supereffective|p1a: Slowking\n|-damage|p1a: Slowking|6\/100\n|-unboost|p1a: Slowking|spd|1\n|move|p1a: Slowking|Surf|p2a: Skeledirge\n|-supereffective|p2a: Skeledirge\n|-damage|p2a: Skeledirge|0 fnt\n|faint|p2a: Skeledirge\n|\n|upkeep\n|\n|t:|1700876202\n|switch|p2a: Quaquaval|Quaquaval, F, shiny|100\/100\n|turn|16\n|\n|t:|1700876205\n|switch|p1a: Alomomola|Alomomola, F|74\/100\n|move|p2a: Quaquaval|Aqua Step|p1a: Alomomola\n|-resisted|p1a: Alomomola\n|-damage|p1a: Alomomola|65\/100\n|-boost|p2a: Quaquaval|spe|1\n|\n|upkeep\n|turn|17\n|\n|t:|1700876216\n|switch|p2a: Chesnaught|Chesnaught, M, shiny|37\/100\n|move|p1a: Alomomola|Wish|p1a: Alomomola\n|\n|upkeep\n|turn|18\n|\n|t:|1700876224\n|switch|p1a: Slowking|Slowking-Galar, F|39\/100\n|move|p2a: Chesnaught|Knock Off|p1a: Slowking\n|-supereffective|p1a: Slowking\n|-damage|p1a: Slowking|0 fnt\n|-enditem|p1a: Slowking|Assault Vest|[from] move: Knock Off|[of] p2a: Chesnaught\n|faint|p1a: Slowking\n|\n|upkeep\n|\n|t:|1700876238\n|switch|p1a: Dragonite|Dragonite, M|100\/100\n|turn|19\n|\n|t:|1700876254\n|switch|p1a: Alomomola|Alomomola, F|98\/100\n|move|p2a: Chesnaught|Leech Seed|p1a: Alomomola|[miss]\n|-miss|p2a: Chesnaught|p1a: Alomomola\n|\n|upkeep\n|turn|20\n|\n|t:|1700876276\n|move|p2a: Chesnaught|Leech Seed|p1a: Alomomola\n|-start|p1a: Alomomola|move: Leech Seed\n|move|p1a: Alomomola|Scald|p2a: Chesnaught\n|-resisted|p2a: Chesnaught\n|-damage|p2a: Chesnaught|29\/100\n|\n|-damage|p1a: Alomomola|86\/100|[from] Leech Seed|[of] p2a: Chesnaught\n|-heal|p2a: Chesnaught|46\/100|[silent]\n|upkeep\n|turn|21\n|\n|t:|1700876290\n|switch|p1a: Great Tusk|Great Tusk|100\/100\n|move|p2a: Chesnaught|Knock Off|p1a: Great Tusk\n|-resisted|p1a: Great Tusk\n|-damage|p1a: Great Tusk|92\/100\n|-enditem|p1a: Great Tusk|Leftovers|[from] move: Knock Off|[of] p2a: Chesnaught\n|\n|upkeep\n|turn|22\n|\n|t:|1700876301\n|move|p1a: Great Tusk|Bulk Up|p1a: Great Tusk\n|-boost|p1a: Great Tusk|atk|1\n|-boost|p1a: Great Tusk|def|1\n|move|p2a: Chesnaught|Leech Seed|p1a: Great Tusk\n|-start|p1a: Great Tusk|move: Leech Seed\n|\n|-damage|p1a: Great Tusk|80\/100|[from] Leech Seed|[of] p2a: Chesnaught\n|-heal|p2a: Chesnaught|60\/100|[silent]\n|upkeep\n|turn|23\n|\n|t:|1700876312\n|move|p2a: Chesnaught|Spiky Shield|p2a: Chesnaught\n|-singleturn|p2a: Chesnaught|move: Protect\n|move|p1a: Great Tusk|Rapid Spin|p2a: Chesnaught\n|-activate|p2a: Chesnaught|move: Protect\n|-damage|p1a: Great Tusk|68\/100|[from] Spiky Shield|[of] p2a: Chesnaught\n|\n|-damage|p1a: Great Tusk|55\/100|[from] Leech Seed|[of] p2a: Chesnaught\n|-heal|p2a: Chesnaught|75\/100|[silent]\n|upkeep\n|turn|24\n|-message|Leocain forfeited.\n|\n|win|Imanjoneser\n|raw|Leocain's rating: 1152 &rarr; <strong>1122<\/strong><br \/>(-30 for losing)\n|raw|Imanjoneser's rating: 1075 &rarr; <strong>1110<\/strong><br \/>(+35 for winning)\n|l|\u2606Leocain\n","uploadtime":1700876327,"views":1,"p1id":"leocain","p2id":"imanjoneser","formatid":"gen9ou","rating":1110,"private":0,"password":""}