{"id":"gen9ou-1989353477","p1":"rihimera","p2":"Nitro524","format":"[Gen 9] OU","log":"|j|\u2606rihimera\n|j|\u2606Nitro524\n|t:|1699839816\n|gametype|singles\n|player|p1|rihimera|skier|\n|player|p2|Nitro524|hilbert|\n|teamsize|p1|6\n|teamsize|p2|6\n|gen|9\n|tier|[Gen 9] OU\n|rule|Sleep Clause Mod: Limit one foe put to sleep\n|rule|Species Clause: Limit one of each Pok\u00e9mon\n|rule|OHKO Clause: OHKO moves are banned\n|rule|Evasion Items Clause: Evasion items are banned\n|rule|Evasion Moves Clause: Evasion moves are banned\n|rule|Endless Battle Clause: Forcing endless battles is banned\n|rule|HP Percentage Mod: HP is shown in percentages\n|clearpoke\n|poke|p1|Arcanine-Hisui, M|\n|poke|p1|Thundurus-Therian, M|\n|poke|p1|Kleavor, M|\n|poke|p1|Dragapult, M|\n|poke|p1|Ogerpon-Wellspring, F|\n|poke|p1|Grimmsnarl, M|\n|poke|p2|Samurott-Hisui, M|\n|poke|p2|Ceruledge, M|\n|poke|p2|Thundurus-Therian, M|\n|poke|p2|Gholdengo|\n|poke|p2|Great Tusk|\n|poke|p2|Amoonguss, F|\n|teampreview\n|inactive|Battle timer is ON: inactive players will automatically lose when time's up. (requested by Nitro524)\n|c|\u2606Nitro524|glhf\n|\n|t:|1699839837\n|start\n|switch|p1a: Grimmsnarl|Grimmsnarl, M|100\/100\n|switch|p2a: Samurott|Samurott-Hisui, M|100\/100\n|turn|1\n|c|\u2606rihimera|This team gonna be wacky fair warning\n|inactive|Nitro524 has 270 seconds left.\n|c|\u2606Nitro524|noted lol\n|\n|t:|1699839894\n|move|p1a: Grimmsnarl|Reflect|p1a: Grimmsnarl\n|-sidestart|p1: rihimera|Reflect\n|move|p2a: Samurott|Ceaseless Edge|p1a: Grimmsnarl\n|-resisted|p1a: Grimmsnarl\n|-damage|p1a: Grimmsnarl|93\/100\n|-sidestart|p1: rihimera|Spikes\n|\n|upkeep\n|turn|2\n|inactive|Nitro524 has 240 seconds left.\n|inactive|Nitro524 has 210 seconds left.\n|\n|t:|1699839940\n|switch|p1a: Arcanine|Arcanine-Hisui, M|100\/100\n|-damage|p1a: Arcanine|88\/100|[from] Spikes\n|move|p2a: Samurott|Ceaseless Edge|p1a: Arcanine\n|-damage|p1a: Arcanine|62\/100\n|-sidestart|p1: rihimera|Spikes\n|\n|upkeep\n|turn|3\n|inactive|Nitro524 has 210 seconds left.\n|\n|t:|1699839971\n|move|p1a: Arcanine|Close Combat|p2a: Samurott\n|-supereffective|p2a: Samurott\n|-damage|p2a: Samurott|8\/100\n|-unboost|p1a: Arcanine|def|1\n|-unboost|p1a: Arcanine|spd|1\n|move|p2a: Samurott|Ceaseless Edge|p1a: Arcanine\n|-crit|p1a: Arcanine\n|-damage|p1a: Arcanine|0 fnt\n|-sidestart|p1: rihimera|Spikes\n|faint|p1a: Arcanine\n|\n|upkeep\n|\n|t:|1699839983\n|switch|p1a: Kleavor|Kleavor, M|100\/100\n|-damage|p1a: Kleavor|76\/100|[from] Spikes\n|turn|4\n|\n|t:|1699839996\n|switch|p2a: Ceruledge|Ceruledge, M|100\/100\n|move|p1a: Kleavor|Stone Axe|p2a: Ceruledge\n|-supereffective|p2a: Ceruledge\n|-damage|p2a: Ceruledge|0 fnt\n|-sidestart|p2: Nitro524|move: Stealth Rock\n|faint|p2a: Ceruledge\n|\n|-heal|p1a: Kleavor|82\/100|[from] item: Leftovers\n|upkeep\n|inactive|Nitro524 has 180 seconds left.\n|\n|t:|1699840022\n|switch|p2a: Great Tusk|Great Tusk|100\/100\n|-damage|p2a: Great Tusk|97\/100|[from] Stealth Rock\n|turn|5\n|c|\u2606rihimera|I dont think kleavor learns rapid spin\n|inactive|Nitro524 has 180 seconds left.\n|\n|t:|1699840029\n|move|p1a: Kleavor|Defog|p2a: Great Tusk\n|-unboost|p2a: Great Tusk|evasion|1\n|-sideend|p2: Nitro524|Stealth Rock|[from] move: Defog|[of] p1a: Kleavor\n|-sideend|p1: rihimera|Spikes|[from] move: Defog|[of] p1a: Kleavor\n|move|p2a: Great Tusk|Earthquake|p1a: Kleavor\n|-damage|p1a: Kleavor|52\/100\n|\n|-heal|p1a: Kleavor|58\/100|[from] item: Leftovers\n|-heal|p2a: Great Tusk|100\/100|[from] item: Leftovers\n|upkeep\n|turn|6\n|\n|t:|1699840037\n|move|p1a: Kleavor|Dual Wingbeat|p2a: Great Tusk\n|-supereffective|p2a: Great Tusk\n|-damage|p2a: Great Tusk|85\/100\n|-supereffective|p2a: Great Tusk\n|-damage|p2a: Great Tusk|70\/100\n|-hitcount|p2a: Great Tusk|2\n|move|p2a: Great Tusk|Earthquake|p1a: Kleavor\n|-damage|p1a: Kleavor|30\/100\n|\n|-heal|p1a: Kleavor|36\/100|[from] item: Leftovers\n|-heal|p2a: Great Tusk|77\/100|[from] item: Leftovers\n|upkeep\n|turn|7\n|inactive|Nitro524 has 180 seconds left.\n|inactive|Nitro524 has 150 seconds left.\n|\n|t:|1699840090\n|switch|p1a: Thundurus|Thundurus-Therian, M|100\/100\n|move|p2a: Great Tusk|Ice Spinner|p1a: Thundurus\n|-supereffective|p1a: Thundurus\n|-damage|p1a: Thundurus|66\/100\n|\n|-heal|p2a: Great Tusk|83\/100|[from] item: Leftovers\n|upkeep\n|turn|8\n|inactive|Nitro524 has 150 seconds left.\n|\n|t:|1699840119\n|move|p1a: Thundurus|Grass Knot|p2a: Great Tusk\n|-supereffective|p2a: Great Tusk\n|-damage|p2a: Great Tusk|0 fnt\n|faint|p2a: Great Tusk\n|-end|p2a: Great Tusk|Protosynthesis|[silent]\n|-damage|p1a: Thundurus|56\/100|[from] item: Life Orb\n|\n|-sideend|p1: rihimera|Reflect\n|upkeep\n|\n|t:|1699840128\n|switch|p2a: Samurott|Samurott-Hisui, M|8\/100\n|turn|9\n|\n|t:|1699840132\n|move|p2a: Samurott|Flip Turn|p1a: Thundurus\n|-damage|p1a: Thundurus|12\/100\n|\n|t:|1699840141\n|switch|p2a: Thundurus|Thundurus-Therian, M|100\/100|[from] Flip Turn\n|move|p1a: Thundurus|Thunderbolt|p2a: Thundurus\n|-immune|p2a: Thundurus|[from] ability: Volt Absorb\n|\n|upkeep\n|turn|10\n|\n|t:|1699840167\n|switch|p1a: Grimmsnarl|Grimmsnarl, M|93\/100\n|move|p2a: Thundurus|Knock Off|p1a: Grimmsnarl\n|-resisted|p1a: Grimmsnarl\n|-damage|p1a: Grimmsnarl|87\/100\n|-enditem|p1a: Grimmsnarl|Light Clay|[from] move: Knock Off|[of] p2a: Thundurus\n|\n|upkeep\n|turn|11\n|inactive|Nitro524 has 150 seconds left.\n|l|\u2606rihimera\n|inactive|rihimera disconnected and has 300 seconds to reconnect!\n|player|p1|\n|j|\u2606rihimera\n|inactive|rihimera reconnected and has 275 seconds left.\n|player|p1|rihimera|skier\n|inactive|rihimera has 270 seconds left.\n|\n|t:|1699840195\n|move|p1a: Grimmsnarl|Taunt|p2a: Thundurus\n|-start|p2a: Thundurus|move: Taunt\n|move|p2a: Thundurus|Volt Switch|p1a: Grimmsnarl\n|-damage|p1a: Grimmsnarl|58\/100\n|\n|t:|1699840205\n|switch|p2a: Samurott|Samurott-Hisui, M|8\/100|[from] Volt Switch\n|\n|upkeep\n|turn|12\n|inactive|rihimera has 270 seconds left.\n|\n|t:|1699840221\n|move|p1a: Grimmsnarl|Parting Shot|p2a: Samurott\n|-hint|Since gen 7, Dark is immune to Prankster moves.\n|-immune|p2a: Samurott\n|move|p2a: Samurott|Flip Turn|p1a: Grimmsnarl\n|-damage|p1a: Grimmsnarl|25\/100\n|\n|t:|1699840228\n|switch|p2a: Gholdengo|Gholdengo|100\/100|[from] Flip Turn\n|\n|upkeep\n|turn|13\n|c|\u2606rihimera|Shit\n|c|\u2606Nitro524|rip\n|\n|t:|1699840240\n|move|p1a: Grimmsnarl|Light Screen|p1a: Grimmsnarl\n|-sidestart|p1: rihimera|move: Light Screen\n|move|p2a: Gholdengo|Nasty Plot|p2a: Gholdengo\n|-boost|p2a: Gholdengo|spa|2\n|\n|upkeep\n|turn|14\n|inactive|Nitro524 has 150 seconds left.\n|\n|t:|1699840252\n|move|p1a: Grimmsnarl|Parting Shot|p2a: Gholdengo\n|-immune|p2a: Gholdengo|[from] ability: Good as Gold\n|move|p2a: Gholdengo|Nasty Plot|p2a: Gholdengo\n|-boost|p2a: Gholdengo|spa|2\n|\n|upkeep\n|turn|15\n|inactive|Nitro524 has 150 seconds left.\n|\n|t:|1699840261\n|switch|p1a: Dragapult|Dragapult, M|100\/100\n|move|p2a: Gholdengo|Nasty Plot|p2a: Gholdengo\n|-boost|p2a: Gholdengo|spa|2\n|\n|upkeep\n|turn|16\n|inactive|Nitro524 has 150 seconds left.\n|\n|t:|1699840278\n|-terastallize|p2a: Gholdengo|Fairy\n|move|p1a: Dragapult|Sucker Punch|p2a: Gholdengo\n|-resisted|p2a: Gholdengo\n|-damage|p2a: Gholdengo|89\/100\n|-damage|p1a: Dragapult|91\/100|[from] item: Life Orb\n|move|p2a: Gholdengo|Shadow Ball|p1a: Dragapult\n|-supereffective|p1a: Dragapult\n|-damage|p1a: Dragapult|0 fnt\n|faint|p1a: Dragapult\n|\n|-heal|p2a: Gholdengo|95\/100|[from] item: Leftovers\n|upkeep\n|\n|t:|1699840297\n|switch|p1a: Ogerpon|Ogerpon-Wellspring, F|100\/100\n|turn|17\n|inactive|Nitro524 has 150 seconds left.\n|\n|t:|1699840312\n|-terastallize|p1a: Ogerpon|Water\n|detailschange|p1a: Ogerpon|Ogerpon-Wellspring-Tera, F, tera:Water\n|-ability|p1a: Ogerpon|Embody Aspect (Wellspring)|boost\n|-boost|p1a: Ogerpon|spd|1\n|move|p1a: Ogerpon|Ivy Cudgel|p2a: Gholdengo\n|-damage|p2a: Gholdengo|39\/100\n|move|p2a: Gholdengo|Shadow Ball|p1a: Ogerpon\n|-damage|p1a: Ogerpon|46\/100\n|\n|-heal|p2a: Gholdengo|45\/100|[from] item: Leftovers\n|-sideend|p1: rihimera|move: Light Screen\n|upkeep\n|turn|18\n|\n|t:|1699840322\n|move|p1a: Ogerpon|Horn Leech|p2a: Gholdengo\n|-damage|p2a: Gholdengo|13\/100\n|-heal|p1a: Ogerpon|65\/100|[from] drain|[of] p2a: Gholdengo\n|move|p2a: Gholdengo|Shadow Ball|p1a: Ogerpon\n|-damage|p1a: Ogerpon|0 fnt\n|faint|p1a: Ogerpon\n|\n|-heal|p2a: Gholdengo|20\/100|[from] item: Leftovers\n|upkeep\n|\n|t:|1699840332\n|switch|p1a: Grimmsnarl|Grimmsnarl, M|25\/100\n|turn|19\n|\n|t:|1699840344\n|move|p1a: Grimmsnarl|Light Screen|p1a: Grimmsnarl\n|-sidestart|p1: rihimera|move: Light Screen\n|move|p2a: Gholdengo|Recover|p2a: Gholdengo\n|-heal|p2a: Gholdengo|70\/100\n|\n|-heal|p2a: Gholdengo|76\/100|[from] item: Leftovers\n|upkeep\n|turn|20\n|\n|t:|1699840352\n|move|p1a: Grimmsnarl|Reflect|p1a: Grimmsnarl\n|-sidestart|p1: rihimera|Reflect\n|move|p2a: Gholdengo|Recover|p2a: Gholdengo\n|-heal|p2a: Gholdengo|100\/100\n|\n|upkeep\n|turn|21\n|\n|t:|1699840361\n|switch|p1a: Thundurus|Thundurus-Therian, M|12\/100\n|move|p2a: Gholdengo|Shadow Ball|p1a: Thundurus\n|-damage|p1a: Thundurus|0 fnt\n|faint|p1a: Thundurus\n|\n|upkeep\n|\n|t:|1699840366\n|switch|p1a: Kleavor|Kleavor, M|36\/100\n|turn|22\n|\n|t:|1699840375\n|move|p1a: Kleavor|Stone Axe|p2a: Gholdengo\n|-damage|p2a: Gholdengo|62\/100\n|-sidestart|p2: Nitro524|move: Stealth Rock\n|move|p2a: Gholdengo|Shadow Ball|p1a: Kleavor\n|-damage|p1a: Kleavor|0 fnt\n|faint|p1a: Kleavor\n|\n|-heal|p2a: Gholdengo|68\/100|[from] item: Leftovers\n|upkeep\n|c|\u2606Nitro524|gg wp\n|\n|t:|1699840380\n|switch|p1a: Grimmsnarl|Grimmsnarl, M|25\/100\n|turn|23\n|\n|t:|1699840386\n|move|p1a: Grimmsnarl|Parting Shot|p2a: Gholdengo\n|-immune|p2a: Gholdengo|[from] ability: Good as Gold\n|move|p2a: Gholdengo|Make It Rain|p1a: Grimmsnarl\n|-supereffective|p1a: Grimmsnarl\n|-damage|p1a: Grimmsnarl|0 fnt\n|-unboost|p2a: Gholdengo|spa|1\n|faint|p1a: Grimmsnarl\n|\n|win|Nitro524\n|l|\u2606rihimera\n","uploadtime":1699840394,"views":6,"p1id":"rihimera","p2id":"nitro524","formatid":"gen9ou","rating":0,"private":0,"password":""}