{"id":"gen9ou-2000534938","p1":"SigchronVGC","p2":"hightopfade69","format":"[Gen 9] OU","log":"|j|\u2606SigchronVGC\n|j|\u2606hightopfade69\n|t:|1701203087\n|gametype|singles\n|player|p1|SigchronVGC|shadowtriad|1156\n|player|p2|hightopfade69|169|1079\n|teamsize|p1|6\n|teamsize|p2|6\n|gen|9\n|tier|[Gen 9] OU\n|rated|\n|rule|Sleep Clause Mod: Limit one foe put to sleep\n|rule|Species Clause: Limit one of each Pok\u00e9mon\n|rule|OHKO Clause: OHKO moves are banned\n|rule|Evasion Items Clause: Evasion items are banned\n|rule|Evasion Moves Clause: Evasion moves are banned\n|rule|Endless Battle Clause: Forcing endless battles is banned\n|rule|HP Percentage Mod: HP is shown in percentages\n|clearpoke\n|poke|p1|Hatterene, F|\n|poke|p1|Kingambit, M|\n|poke|p1|Noivern, F|\n|poke|p1|Samurott-Hisui, F|\n|poke|p1|Dusclops, M|\n|poke|p1|Torkoal, M|\n|poke|p2|Dragapult, M|\n|poke|p2|Ceruledge, F|\n|poke|p2|Chandelure, M|\n|poke|p2|Gholdengo|\n|poke|p2|Zoroark-Hisui, M|\n|poke|p2|Sinistcha|\n|teampreview\n|\n|t:|1701203137\n|start\n|switch|p1a: Samurott|Samurott-Hisui, F|100\/100\n|switch|p2a: Chandelure|Chandelure, M|100\/100\n|turn|1\n|\n|t:|1701203146\n|move|p2a: Chandelure|Energy Ball|p1a: Samurott\n|-supereffective|p1a: Samurott\n|-damage|p1a: Samurott|5\/100\n|-enditem|p1a: Samurott|Salac Berry|[eat]\n|-boost|p1a: Samurott|spe|1|[from] item: Salac Berry\n|move|p1a: Samurott|Aqua Cutter|p2a: Chandelure\n|-supereffective|p2a: Chandelure\n|-damage|p2a: Chandelure|0 fnt\n|faint|p2a: Chandelure\n|\n|upkeep\n|\n|t:|1701203155\n|switch|p2a: Ceruledge|Ceruledge, F|100\/100\n|turn|2\n|\n|t:|1701203173\n|move|p2a: Ceruledge|Shadow Sneak|p1a: Samurott\n|-resisted|p1a: Samurott\n|-damage|p1a: Samurott|0 fnt\n|faint|p1a: Samurott\n|\n|upkeep\n|\n|t:|1701203221\n|switch|p1a: Kingambit|Kingambit, M|100\/100\n|turn|3\n|\n|t:|1701203228\n|move|p1a: Kingambit|Sucker Punch|p2a: Ceruledge\n|-supereffective|p2a: Ceruledge\n|-enditem|p2a: Ceruledge|Focus Sash\n|-damage|p2a: Ceruledge|1\/100\n|-ability|p2a: Ceruledge|Weak Armor|boost\n|-unboost|p2a: Ceruledge|def|1\n|-boost|p2a: Ceruledge|spe|2\n|move|p2a: Ceruledge|Bitter Blade|p1a: Kingambit\n|-supereffective|p1a: Kingambit\n|-damage|p1a: Kingambit|35\/100\n|-heal|p2a: Ceruledge|47\/100|[from] drain|[of] p1a: Kingambit\n|\n|upkeep\n|turn|4\n|\n|t:|1701203240\n|move|p1a: Kingambit|Sucker Punch||[still]\n|-fail|p1a: Kingambit\n|move|p2a: Ceruledge|Swords Dance|p2a: Ceruledge\n|-boost|p2a: Ceruledge|atk|2\n|\n|upkeep\n|turn|5\n|\n|t:|1701203246\n|move|p2a: Ceruledge|Shadow Sneak|p1a: Kingambit\n|-resisted|p1a: Kingambit\n|-damage|p1a: Kingambit|20\/100\n|-enditem|p1a: Kingambit|Mago Berry|[eat]\n|-heal|p1a: Kingambit|53\/100|[from] item: Mago Berry\n|move|p1a: Kingambit|Sucker Punch||[still]\n|-fail|p1a: Kingambit\n|\n|upkeep\n|turn|6\n|\n|t:|1701203255\n|move|p1a: Kingambit|Sucker Punch||[still]\n|-fail|p1a: Kingambit\n|move|p2a: Ceruledge|Swords Dance|p2a: Ceruledge\n|-boost|p2a: Ceruledge|atk|2\n|\n|upkeep\n|turn|7\n|\n|t:|1701203259\n|move|p2a: Ceruledge|Shadow Sneak|p1a: Kingambit\n|-resisted|p1a: Kingambit\n|-damage|p1a: Kingambit|32\/100\n|move|p1a: Kingambit|Sucker Punch||[still]\n|-fail|p1a: Kingambit\n|\n|upkeep\n|turn|8\n|\n|t:|1701203270\n|move|p2a: Ceruledge|Shadow Sneak|p1a: Kingambit\n|-resisted|p1a: Kingambit\n|-damage|p1a: Kingambit|10\/100\n|move|p1a: Kingambit|Kowtow Cleave|p2a: Ceruledge\n|-supereffective|p2a: Ceruledge\n|-damage|p2a: Ceruledge|0 fnt\n|faint|p2a: Ceruledge\n|\n|upkeep\n|\n|t:|1701203276\n|switch|p2a: Dragapult|Dragapult, M|100\/100\n|turn|9\n|\n|t:|1701203281\n|move|p1a: Kingambit|Protect|p1a: Kingambit\n|-singleturn|p1a: Kingambit|Protect\n|move|p2a: Dragapult|Dragon Dance|p2a: Dragapult\n|-boost|p2a: Dragapult|atk|1\n|-boost|p2a: Dragapult|spe|1\n|\n|upkeep\n|turn|10\n|\n|t:|1701203286\n|move|p1a: Kingambit|Sucker Punch|p2a: Dragapult\n|-supereffective|p2a: Dragapult\n|-enditem|p2a: Dragapult|Colbur Berry|[eat]\n|-enditem|p2a: Dragapult|Colbur Berry|[weaken]\n|-damage|p2a: Dragapult|47\/100\n|move|p2a: Dragapult|Dragon Darts|p1a: Kingambit\n|-resisted|p1a: Kingambit\n|-damage|p1a: Kingambit|0 fnt\n|faint|p1a: Kingambit\n|\n|upkeep\n|\n|t:|1701203317\n|switch|p1a: Dusclops|Dusclops, M|100\/100\n|turn|11\n|\n|t:|1701203323\n|move|p2a: Dragapult|Phantom Force||[still]\n|-prepare|p2a: Dragapult|Phantom Force\n|move|p1a: Dusclops|Will-O-Wisp|p2a: Dragapult|[miss]\n|-miss|p1a: Dusclops|p2a: Dragapult\n|\n|upkeep\n|turn|12\n|\n|t:|1701203333\n|move|p2a: Dragapult|Phantom Force|p1a: Dusclops|[from]lockedmove\n|-supereffective|p1a: Dusclops\n|-damage|p1a: Dusclops|12\/100\n|move|p1a: Dusclops|Will-O-Wisp|p2a: Dragapult|[miss]\n|-miss|p1a: Dusclops|p2a: Dragapult\n|\n|upkeep\n|turn|13\n|\n|t:|1701203339\n|move|p1a: Dusclops|Shadow Sneak|p2a: Dragapult\n|-supereffective|p2a: Dragapult\n|-damage|p2a: Dragapult|20\/100\n|move|p2a: Dragapult|Dragon Darts|p1a: Dusclops\n|-damage|p1a: Dusclops|0 fnt\n|faint|p1a: Dusclops\n|\n|upkeep\n|\n|t:|1701203349\n|switch|p1a: Torkoal|Torkoal, M|100\/100\n|-weather|SunnyDay|[from] ability: Drought|[of] p1a: Torkoal\n|turn|14\n|\n|t:|1701203361\n|move|p2a: Dragapult|Phantom Force||[still]\n|-prepare|p2a: Dragapult|Phantom Force\n|move|p1a: Torkoal|Gyro Ball|p2a: Dragapult|[miss]\n|-miss|p1a: Torkoal|p2a: Dragapult\n|\n|-weather|SunnyDay|[upkeep]\n|upkeep\n|turn|15\n|\n|t:|1701203370\n|move|p2a: Dragapult|Phantom Force|p1a: Torkoal|[from]lockedmove\n|-damage|p1a: Torkoal|43\/100\n|move|p1a: Torkoal|Gyro Ball|p2a: Dragapult\n|-damage|p2a: Dragapult|0 fnt\n|faint|p2a: Dragapult\n|\n|-weather|SunnyDay|[upkeep]\n|-heal|p1a: Torkoal|49\/100|[from] item: Leftovers\n|upkeep\n|\n|t:|1701203384\n|switch|p2a: Gholdengo|Gholdengo|100\/100\n|turn|16\n|\n|t:|1701203397\n|move|p2a: Gholdengo|Sludge Bomb|p1a: Torkoal\n|-damage|p1a: Torkoal|0 fnt\n|faint|p1a: Torkoal\n|\n|-weather|SunnyDay|[upkeep]\n|upkeep\n|\n|t:|1701203410\n|switch|p1a: Noivern|Noivern, F|100\/100\n|-item|p2a: Gholdengo|Choice Specs|[from] ability: Frisk|[of] p1a: Noivern|[identify]\n|turn|17\n|\n|t:|1701203436\n|switch|p2a: Sinistcha|Sinistcha|100\/100\n|move|p1a: Noivern|Flamethrower|p2a: Sinistcha\n|-supereffective|p2a: Sinistcha\n|-damage|p2a: Sinistcha|54\/100\n|\n|-weather|SunnyDay|[upkeep]\n|-heal|p2a: Sinistcha|60\/100|[from] item: Leftovers\n|upkeep\n|turn|18\n|\n|t:|1701203446\n|move|p1a: Noivern|Flamethrower|p2a: Sinistcha\n|-supereffective|p2a: Sinistcha\n|-damage|p2a: Sinistcha|18\/100\n|move|p2a: Sinistcha|Strength Sap|p1a: Noivern\n|-unboost|p1a: Noivern|atk|1\n|-heal|p2a: Sinistcha|63\/100\n|\n|-weather|none\n|-heal|p2a: Sinistcha|69\/100|[from] item: Leftovers\n|upkeep\n|turn|19\n|\n|t:|1701203460\n|move|p1a: Noivern|Flamethrower|p2a: Sinistcha\n|-supereffective|p2a: Sinistcha\n|-damage|p2a: Sinistcha|39\/100\n|move|p2a: Sinistcha|Nasty Plot|p2a: Sinistcha\n|-boost|p2a: Sinistcha|spa|2\n|\n|-heal|p2a: Sinistcha|45\/100|[from] item: Leftovers\n|upkeep\n|turn|20\n|\n|t:|1701203468\n|move|p1a: Noivern|Flamethrower|p2a: Sinistcha\n|-supereffective|p2a: Sinistcha\n|-damage|p2a: Sinistcha|15\/100\n|move|p2a: Sinistcha|Strength Sap|p1a: Noivern\n|-unboost|p1a: Noivern|atk|1\n|-heal|p2a: Sinistcha|45\/100\n|\n|-heal|p2a: Sinistcha|51\/100|[from] item: Leftovers\n|upkeep\n|turn|21\n|\n|t:|1701203478\n|move|p1a: Noivern|Flamethrower|p2a: Sinistcha\n|-supereffective|p2a: Sinistcha\n|-damage|p2a: Sinistcha|19\/100\n|move|p2a: Sinistcha|Matcha Gotcha|p1a: Noivern\n|-resisted|p1a: Noivern\n|-damage|p1a: Noivern|76\/100\n|-heal|p2a: Sinistcha|31\/100|[from] drain|[of] p1a: Noivern\n|\n|-heal|p2a: Sinistcha|37\/100|[from] item: Leftovers\n|upkeep\n|turn|22\n|\n|t:|1701203489\n|move|p1a: Noivern|Flamethrower|p2a: Sinistcha\n|-supereffective|p2a: Sinistcha\n|-damage|p2a: Sinistcha|8\/100\n|move|p2a: Sinistcha|Matcha Gotcha|p1a: Noivern\n|-resisted|p1a: Noivern\n|-damage|p1a: Noivern|48\/100\n|-heal|p2a: Sinistcha|21\/100|[from] drain|[of] p1a: Noivern\n|\n|-heal|p2a: Sinistcha|27\/100|[from] item: Leftovers\n|upkeep\n|turn|23\n|\n|t:|1701203501\n|move|p1a: Noivern|Roost|p1a: Noivern\n|-heal|p1a: Noivern|98\/100\n|-singleturn|p1a: Noivern|move: Roost\n|move|p2a: Sinistcha|Matcha Gotcha|p1a: Noivern\n|-resisted|p1a: Noivern\n|-damage|p1a: Noivern|47\/100\n|-heal|p2a: Sinistcha|50\/100|[from] drain|[of] p1a: Noivern\n|\n|-heal|p2a: Sinistcha|56\/100|[from] item: Leftovers\n|upkeep\n|turn|24\n|\n|t:|1701203513\n|move|p1a: Noivern|Flamethrower|p2a: Sinistcha\n|-supereffective|p2a: Sinistcha\n|-damage|p2a: Sinistcha|23\/100\n|move|p2a: Sinistcha|Matcha Gotcha|p1a: Noivern\n|-resisted|p1a: Noivern\n|-damage|p1a: Noivern|20\/100\n|-heal|p2a: Sinistcha|35\/100|[from] drain|[of] p1a: Noivern\n|\n|-heal|p2a: Sinistcha|42\/100|[from] item: Leftovers\n|upkeep\n|turn|25\n|\n|t:|1701203525\n|move|p1a: Noivern|Flamethrower|p2a: Sinistcha\n|-supereffective|p2a: Sinistcha\n|-damage|p2a: Sinistcha|11\/100\n|move|p2a: Sinistcha|Matcha Gotcha|p1a: Noivern\n|-resisted|p1a: Noivern\n|-damage|p1a: Noivern|0 fnt\n|-heal|p2a: Sinistcha|20\/100|[from] drain|[of] p1a: Noivern\n|faint|p1a: Noivern\n|\n|-heal|p2a: Sinistcha|26\/100|[from] item: Leftovers\n|upkeep\n|\n|t:|1701203530\n|switch|p1a: Hatterene|Hatterene, F|100\/100\n|turn|26\n|\n|t:|1701203541\n|move|p2a: Sinistcha|Strength Sap|p1a: Hatterene\n|move|p1a: Hatterene|Strength Sap|p2a: Sinistcha|[from]ability: Magic Bounce\n|-unboost|p2a: Sinistcha|atk|1\n|move|p1a: Hatterene|Trick Room|p1a: Hatterene\n|-fieldstart|move: Trick Room|[of] p1a: Hatterene\n|\n|-heal|p2a: Sinistcha|32\/100|[from] item: Leftovers\n|upkeep\n|turn|27\n|\n|t:|1701203554\n|move|p1a: Hatterene|Draining Kiss|p2a: Sinistcha\n|-damage|p2a: Sinistcha|8\/100\n|move|p2a: Sinistcha|Matcha Gotcha|p1a: Hatterene\n|-damage|p1a: Hatterene|38\/100\n|-heal|p2a: Sinistcha|37\/100|[from] drain|[of] p1a: Hatterene\n|\n|-heal|p1a: Hatterene|44\/100|[from] item: Leftovers\n|-heal|p2a: Sinistcha|43\/100|[from] item: Leftovers\n|upkeep\n|turn|28\n|\n|t:|1701203568\n|move|p1a: Hatterene|Draining Kiss|p2a: Sinistcha\n|-damage|p2a: Sinistcha|20\/100\n|-heal|p1a: Hatterene|63\/100|[from] drain|[of] p2a: Sinistcha\n|move|p2a: Sinistcha|Matcha Gotcha|p1a: Hatterene\n|-damage|p1a: Hatterene|3\/100\n|-heal|p2a: Sinistcha|47\/100|[from] drain|[of] p1a: Hatterene\n|\n|-heal|p1a: Hatterene|9\/100|[from] item: Leftovers\n|-heal|p2a: Sinistcha|53\/100|[from] item: Leftovers\n|upkeep\n|turn|29\n|c|\u2606SigchronVGC|gg\n|\n|t:|1701203586\n|move|p1a: Hatterene|Draining Kiss|p2a: Sinistcha\n|-damage|p2a: Sinistcha|29\/100\n|-heal|p1a: Hatterene|29\/100|[from] drain|[of] p2a: Sinistcha\n|move|p2a: Sinistcha|Scald|p1a: Hatterene\n|-damage|p1a: Hatterene|0 fnt\n|faint|p1a: Hatterene\n|\n|win|hightopfade69\n|raw|SigchronVGC's rating: 1156 &rarr; <strong>1126<\/strong><br \/>(-30 for losing)\n|raw|hightopfade69's rating: 1079 &rarr; <strong>1113<\/strong><br \/>(+34 for winning)\n","uploadtime":1701203597,"views":0,"p1id":"sigchronvgc","p2id":"hightopfade69","formatid":"gen9ou","rating":1113,"private":0,"password":""}