{"id":"gen9ou-1994173806","p1":"outdated ahh team","p2":"EllieTheAlt","format":"[Gen 9] OU","log":"|j|\u2606outdated ahh team\n|j|\u2606EllieTheAlt\n|t:|1700415336\n|gametype|singles\n|player|p1|outdated ahh team|bruno-gen2|1570\n|player|p2|EllieTheAlt|leaf-masters|1648\n|teamsize|p1|6\n|teamsize|p2|6\n|gen|9\n|tier|[Gen 9] OU\n|rated|\n|rule|Sleep Clause Mod: Limit one foe put to sleep\n|rule|Species Clause: Limit one of each Pok\u00e9mon\n|rule|OHKO Clause: OHKO moves are banned\n|rule|Evasion Items Clause: Evasion items are banned\n|rule|Evasion Moves Clause: Evasion moves are banned\n|rule|Endless Battle Clause: Forcing endless battles is banned\n|rule|HP Percentage Mod: HP is shown in percentages\n|clearpoke\n|poke|p1|Sinistcha-Masterpiece|\n|poke|p1|Rillaboom, M|\n|poke|p1|Tyranitar, M|\n|poke|p1|Heatran, M|\n|poke|p1|Gholdengo|\n|poke|p1|Muk-Alola, F|\n|poke|p2|Great Tusk|\n|poke|p2|Rillaboom, M|\n|poke|p2|Clodsire, M|\n|poke|p2|Moltres|\n|poke|p2|Heatran, M|\n|poke|p2|Kingambit, F|\n|teampreview\n|inactive|Battle timer is ON: inactive players will automatically lose when time's up. (requested by outdated ahh team)\n|inactive|EllieTheAlt has 120 seconds left.\n|\n|t:|1700415392\n|start\n|switch|p1a: Akainu \ud83c\udf0b|Heatran, M|100\/100\n|switch|p2a: Heatran|Heatran, M|100\/100\n|-item|p1a: Akainu \ud83c\udf0b|Air Balloon\n|turn|1\n|\n|t:|1700415406\n|switch|p2a: Moltres|Moltres|100\/100\n|move|p1a: Akainu \ud83c\udf0b|Stealth Rock|p2a: Moltres\n|-sidestart|p2: EllieTheAlt|move: Stealth Rock\n|\n|upkeep\n|turn|2\n|\n|t:|1700415415\n|switch|p1a: Magellan \u2623\ufe0f|Muk-Alola, F|100\/100\n|move|p2a: Moltres|U-turn|p1a: Magellan \u2623\ufe0f\n|-damage|p1a: Magellan \u2623\ufe0f|84\/100\n|inactive|EllieTheAlt has 120 seconds left.\n|\n|t:|1700415448\n|switch|p2a: Great Tusk|Great Tusk|100\/100|[from] U-turn\n|-damage|p2a: Great Tusk|98\/100|[from] Stealth Rock\n|\n|-heal|p2a: Great Tusk|100\/100|[from] item: Leftovers\n|-heal|p1a: Magellan \u2623\ufe0f|90\/100|[from] item: Leftovers\n|upkeep\n|turn|3\n|\n|t:|1700415452\n|move|p1a: Magellan \u2623\ufe0f|Protect|p1a: Magellan \u2623\ufe0f\n|-singleturn|p1a: Magellan \u2623\ufe0f|Protect\n|move|p2a: Great Tusk|Rapid Spin|p1a: Magellan \u2623\ufe0f\n|-activate|p1a: Magellan \u2623\ufe0f|move: Protect\n|\n|-heal|p1a: Magellan \u2623\ufe0f|96\/100|[from] item: Leftovers\n|upkeep\n|turn|4\n|\n|t:|1700415464\n|switch|p1a: Cosmo \ud83c\udf75|Sinistcha-Masterpiece|100\/100\n|move|p2a: Great Tusk|Knock Off|p1a: Cosmo \ud83c\udf75\n|-supereffective|p1a: Cosmo \ud83c\udf75\n|-damage|p1a: Cosmo \ud83c\udf75|65\/100\n|-enditem|p1a: Cosmo \ud83c\udf75|Heavy-Duty Boots|[from] move: Knock Off|[of] p2a: Great Tusk\n|\n|upkeep\n|turn|5\n|l|\u2606EllieTheAlt\n|inactive|EllieTheAlt disconnected and has a minute to reconnect!\n|player|p2|\n|j|\u2606EllieTheAlt\n|inactive|EllieTheAlt reconnected and has 125 seconds left.\n|player|p2|EllieTheAlt|leaf-masters\n|inactive|EllieTheAlt has 120 seconds left.\n|inactive|EllieTheAlt has 90 seconds left.\n|\n|t:|1700415528\n|-end|p2a: Great Tusk|Protosynthesis|[silent]\n|switch|p2a: Heatran|Heatran, M|100\/100\n|-damage|p2a: Heatran|88\/100|[from] Stealth Rock\n|move|p1a: Cosmo \ud83c\udf75|Strength Sap|p2a: Heatran\n|-unboost|p2a: Heatran|atk|1\n|-heal|p1a: Cosmo \ud83c\udf75|100\/100\n|\n|-heal|p2a: Heatran|94\/100|[from] item: Leftovers\n|upkeep\n|turn|6\n|\n|t:|1700415531\n|switch|p1a: Akainu \ud83c\udf0b|Heatran, M|100\/100\n|-item|p1a: Akainu \ud83c\udf0b|Air Balloon\n|move|p2a: Heatran|Stealth Rock|p1a: Akainu \ud83c\udf0b\n|-sidestart|p1: outdated ahh team|move: Stealth Rock\n|\n|-heal|p2a: Heatran|100\/100|[from] item: Leftovers\n|upkeep\n|turn|7\n|\n|t:|1700415543\n|switch|p1a: Reiner \ud83d\uddff|Tyranitar, M|100\/100\n|-weather|Sandstorm|[from] ability: Sand Stream|[of] p1a: Reiner \ud83d\uddff\n|switch|p2a: Moltres|Moltres|100\/100\n|\n|-weather|Sandstorm|[upkeep]\n|-damage|p2a: Moltres|94\/100|[from] Sandstorm\n|upkeep\n|turn|8\n|\n|t:|1700415554\n|switch|p2a: Great Tusk|Great Tusk|100\/100\n|-damage|p2a: Great Tusk|98\/100|[from] Stealth Rock\n|move|p1a: Reiner \ud83d\uddff|Ice Beam|p2a: Great Tusk\n|-supereffective|p2a: Great Tusk\n|-damage|p2a: Great Tusk|53\/100\n|\n|-weather|Sandstorm|[upkeep]\n|-heal|p2a: Great Tusk|59\/100|[from] item: Leftovers\n|upkeep\n|turn|9\n|\n|t:|1700415561\n|switch|p1a: Zeke \ud83e\udd8d|Rillaboom, M|100\/100\n|-damage|p1a: Zeke \ud83e\udd8d|88\/100|[from] Stealth Rock\n|-fieldstart|move: Grassy Terrain|[from] ability: Grassy Surge|[of] p1a: Zeke \ud83e\udd8d\n|move|p2a: Great Tusk|Headlong Rush|p1a: Zeke \ud83e\udd8d\n|-resisted|p1a: Zeke \ud83e\udd8d\n|-damage|p1a: Zeke \ud83e\udd8d|58\/100\n|-unboost|p2a: Great Tusk|def|1\n|-unboost|p2a: Great Tusk|spd|1\n|\n|-weather|Sandstorm|[upkeep]\n|-damage|p1a: Zeke \ud83e\udd8d|52\/100|[from] Sandstorm\n|-heal|p2a: Great Tusk|65\/100|[from] Grassy Terrain\n|-heal|p2a: Great Tusk|71\/100|[from] item: Leftovers\n|-heal|p1a: Zeke \ud83e\udd8d|58\/100|[from] Grassy Terrain\n|upkeep\n|turn|10\n|\n|t:|1700415566\n|-end|p2a: Great Tusk|Protosynthesis|[silent]\n|switch|p2a: Moltres|Moltres|94\/100\n|move|p1a: Zeke \ud83e\udd8d|Knock Off|p2a: Moltres\n|-damage|p2a: Moltres|55\/100\n|-enditem|p2a: Moltres|Heavy-Duty Boots|[from] move: Knock Off|[of] p1a: Zeke \ud83e\udd8d\n|\n|-weather|Sandstorm|[upkeep]\n|-damage|p1a: Zeke \ud83e\udd8d|52\/100|[from] Sandstorm\n|-damage|p2a: Moltres|49\/100|[from] Sandstorm\n|-heal|p1a: Zeke \ud83e\udd8d|58\/100|[from] Grassy Terrain\n|upkeep\n|turn|11\n|\n|t:|1700415569\n|switch|p1a: Akainu \ud83c\udf0b|Heatran, M|100\/100\n|-damage|p1a: Akainu \ud83c\udf0b|88\/100|[from] Stealth Rock\n|-item|p1a: Akainu \ud83c\udf0b|Air Balloon\n|move|p2a: Moltres|Roost|p2a: Moltres\n|-heal|p2a: Moltres|99\/100\n|-singleturn|p2a: Moltres|move: Roost\n|\n|-weather|none\n|-heal|p2a: Moltres|100\/100|[from] Grassy Terrain\n|upkeep\n|turn|12\n|\n|t:|1700415577\n|move|p1a: Akainu \ud83c\udf0b|Magma Storm|p2a: Moltres\n|-resisted|p2a: Moltres\n|-damage|p2a: Moltres|76\/100\n|-activate|p2a: Moltres|move: Magma Storm|[of] p1a: Akainu \ud83c\udf0b\n|move|p2a: Moltres|U-turn|p1a: Akainu \ud83c\udf0b\n|-resisted|p1a: Akainu \ud83c\udf0b\n|-damage|p1a: Akainu \ud83c\udf0b|84\/100\n|-enditem|p1a: Akainu \ud83c\udf0b|Air Balloon\n|\n|t:|1700415595\n|switch|p2a: Clodsire|Clodsire, M|100\/100|[from] U-turn\n|-damage|p2a: Clodsire|94\/100|[from] Stealth Rock\n|\n|-heal|p1a: Akainu \ud83c\udf0b|91\/100|[from] Grassy Terrain\n|-heal|p2a: Clodsire|100\/100|[from] Grassy Terrain\n|upkeep\n|turn|13\n|\n|t:|1700415602\n|switch|p1a: Magellan \u2623\ufe0f|Muk-Alola, F|96\/100\n|-damage|p1a: Magellan \u2623\ufe0f|84\/100|[from] Stealth Rock\n|move|p2a: Clodsire|Spikes|p1a: Magellan \u2623\ufe0f\n|-sidestart|p1: outdated ahh team|Spikes\n|\n|-heal|p1a: Magellan \u2623\ufe0f|90\/100|[from] Grassy Terrain\n|-heal|p1a: Magellan \u2623\ufe0f|96\/100|[from] item: Leftovers\n|-fieldend|move: Grassy Terrain\n|upkeep\n|turn|14\n|\n|t:|1700415613\n|switch|p2a: Great Tusk|Great Tusk|71\/100\n|-damage|p2a: Great Tusk|68\/100|[from] Stealth Rock\n|move|p1a: Magellan \u2623\ufe0f|Knock Off|p2a: Great Tusk\n|-resisted|p2a: Great Tusk\n|-damage|p2a: Great Tusk|56\/100\n|-enditem|p2a: Great Tusk|Leftovers|[from] move: Knock Off|[of] p1a: Magellan \u2623\ufe0f\n|\n|-heal|p1a: Magellan \u2623\ufe0f|100\/100|[from] item: Leftovers\n|upkeep\n|turn|15\n|\n|t:|1700415619\n|switch|p1a: Cosmo \ud83c\udf75|Sinistcha-Masterpiece|100\/100\n|-damage|p1a: Cosmo \ud83c\udf75|88\/100|[from] Stealth Rock\n|-damage|p1a: Cosmo \ud83c\udf75|76\/100|[from] Spikes\n|move|p2a: Great Tusk|Rapid Spin|p1a: Cosmo \ud83c\udf75\n|-immune|p1a: Cosmo \ud83c\udf75\n|\n|upkeep\n|turn|16\n|\n|t:|1700415623\n|-end|p2a: Great Tusk|Protosynthesis|[silent]\n|switch|p2a: Heatran|Heatran, M|100\/100\n|-damage|p2a: Heatran|88\/100|[from] Stealth Rock\n|move|p1a: Cosmo \ud83c\udf75|Hex|p2a: Heatran\n|-crit|p2a: Heatran\n|-damage|p2a: Heatran|63\/100\n|\n|-heal|p2a: Heatran|69\/100|[from] item: Leftovers\n|upkeep\n|turn|17\n|\n|t:|1700415630\n|switch|p1a: Magellan \u2623\ufe0f|Muk-Alola, F|100\/100\n|-damage|p1a: Magellan \u2623\ufe0f|88\/100|[from] Stealth Rock\n|-damage|p1a: Magellan \u2623\ufe0f|76\/100|[from] Spikes\n|move|p2a: Heatran|Taunt|p1a: Magellan \u2623\ufe0f\n|-start|p1a: Magellan \u2623\ufe0f|move: Taunt\n|\n|-heal|p2a: Heatran|76\/100|[from] item: Leftovers\n|-heal|p1a: Magellan \u2623\ufe0f|82\/100|[from] item: Leftovers\n|upkeep\n|turn|18\n|\n|t:|1700415636\n|switch|p2a: Moltres|Moltres|76\/100\n|-damage|p2a: Moltres|26\/100|[from] Stealth Rock\n|move|p1a: Magellan \u2623\ufe0f|Drain Punch|p2a: Moltres\n|-resisted|p2a: Moltres\n|-damage|p2a: Moltres|19\/100\n|-heal|p1a: Magellan \u2623\ufe0f|85\/100|[from] drain|[of] p2a: Moltres\n|\n|-heal|p1a: Magellan \u2623\ufe0f|91\/100|[from] item: Leftovers\n|upkeep\n|turn|19\n|\n|t:|1700415639\n|move|p2a: Moltres|Roost|p2a: Moltres\n|-heal|p2a: Moltres|69\/100\n|-singleturn|p2a: Moltres|move: Roost\n|move|p1a: Magellan \u2623\ufe0f|Poison Jab|p2a: Moltres\n|-damage|p2a: Moltres|50\/100\n|-status|p2a: Moltres|psn\n|\n|-heal|p1a: Magellan \u2623\ufe0f|97\/100|[from] item: Leftovers\n|-damage|p2a: Moltres|38\/100 psn|[from] psn\n|-end|p1a: Magellan \u2623\ufe0f|move: Taunt\n|upkeep\n|turn|20\n|\n|t:|1700415643\n|move|p1a: Magellan \u2623\ufe0f|Protect|p1a: Magellan \u2623\ufe0f\n|-singleturn|p1a: Magellan \u2623\ufe0f|Protect\n|move|p2a: Moltres|Roost|p2a: Moltres\n|-heal|p2a: Moltres|88\/100 psn\n|-singleturn|p2a: Moltres|move: Roost\n|\n|-heal|p1a: Magellan \u2623\ufe0f|100\/100|[from] item: Leftovers\n|-damage|p2a: Moltres|75\/100 psn|[from] psn\n|upkeep\n|turn|21\n|\n|t:|1700415656\n|move|p2a: Moltres|Will-O-Wisp|p1a: Magellan \u2623\ufe0f\n|-status|p1a: Magellan \u2623\ufe0f|brn\n|move|p1a: Magellan \u2623\ufe0f|Knock Off|p2a: Moltres\n|-damage|p2a: Moltres|68\/100 psn\n|\n|-damage|p2a: Moltres|55\/100 psn|[from] psn\n|-damage|p1a: Magellan \u2623\ufe0f|94\/100 brn|[from] brn\n|upkeep\n|turn|22\n|\n|t:|1700415677\n|switch|p1a: Reiner \ud83d\uddff|Tyranitar, M|100\/100\n|-weather|Sandstorm|[from] ability: Sand Stream|[of] p1a: Reiner \ud83d\uddff\n|move|p2a: Moltres|Roost|p2a: Moltres\n|-heal|p2a: Moltres|100\/100 psn\n|-singleturn|p2a: Moltres|move: Roost\n|\n|-weather|Sandstorm|[upkeep]\n|-damage|p2a: Moltres|94\/100 psn|[from] Sandstorm\n|-damage|p2a: Moltres|82\/100 psn|[from] psn\n|upkeep\n|turn|23\n|\n|t:|1700415685\n|move|p2a: Moltres|Will-O-Wisp|p1a: Reiner \ud83d\uddff\n|-status|p1a: Reiner \ud83d\uddff|brn\n|move|p1a: Reiner \ud83d\uddff|Ice Beam|p2a: Moltres\n|-damage|p2a: Moltres|59\/100 psn\n|\n|-weather|Sandstorm|[upkeep]\n|-damage|p2a: Moltres|53\/100 psn|[from] Sandstorm\n|-damage|p2a: Moltres|40\/100 psn|[from] psn\n|-damage|p1a: Reiner \ud83d\uddff|94\/100 brn|[from] brn\n|upkeep\n|turn|24\n|\n|t:|1700415689\n|move|p2a: Moltres|Roost|p2a: Moltres\n|-heal|p2a: Moltres|91\/100 psn\n|-singleturn|p2a: Moltres|move: Roost\n|move|p1a: Reiner \ud83d\uddff|Rock Blast|p2a: Moltres\n|-supereffective|p2a: Moltres\n|-damage|p2a: Moltres|80\/100 psn\n|-supereffective|p2a: Moltres\n|-damage|p2a: Moltres|72\/100 psn\n|-supereffective|p2a: Moltres\n|-damage|p2a: Moltres|62\/100 psn\n|-hitcount|p2a: Moltres|3\n|\n|-weather|Sandstorm|[upkeep]\n|-damage|p2a: Moltres|56\/100 psn|[from] Sandstorm\n|-damage|p2a: Moltres|44\/100 psn|[from] psn\n|-damage|p1a: Reiner \ud83d\uddff|88\/100 brn|[from] brn\n|upkeep\n|turn|25\n|\n|t:|1700415694\n|move|p2a: Moltres|U-turn|p1a: Reiner \ud83d\uddff\n|-supereffective|p1a: Reiner \ud83d\uddff\n|-damage|p1a: Reiner \ud83d\uddff|64\/100 brn\n|\n|t:|1700415698\n|switch|p2a: Great Tusk|Great Tusk|56\/100|[from] U-turn\n|-damage|p2a: Great Tusk|54\/100|[from] Stealth Rock\n|move|p1a: Reiner \ud83d\uddff|Ice Beam|p2a: Great Tusk\n|-supereffective|p2a: Great Tusk\n|-damage|p2a: Great Tusk|11\/100\n|\n|-weather|Sandstorm|[upkeep]\n|-damage|p1a: Reiner \ud83d\uddff|58\/100 brn|[from] brn\n|upkeep\n|turn|26\n|\n|t:|1700415706\n|switch|p1a: TracyMinaj \ud83d\udcb0|Gholdengo|100\/100\n|-damage|p1a: TracyMinaj \ud83d\udcb0|94\/100|[from] Stealth Rock\n|-damage|p1a: TracyMinaj \ud83d\udcb0|82\/100|[from] Spikes\n|move|p2a: Great Tusk|Headlong Rush|p1a: TracyMinaj \ud83d\udcb0\n|-supereffective|p1a: TracyMinaj \ud83d\udcb0\n|-crit|p1a: TracyMinaj \ud83d\udcb0\n|-damage|p1a: TracyMinaj \ud83d\udcb0|0 fnt\n|-unboost|p2a: Great Tusk|def|1\n|-unboost|p2a: Great Tusk|spd|1\n|faint|p1a: TracyMinaj \ud83d\udcb0\n|\n|-weather|none\n|upkeep\n|\n|t:|1700415712\n|switch|p1a: Zeke \ud83e\udd8d|Rillaboom, M|58\/100\n|-damage|p1a: Zeke \ud83e\udd8d|45\/100|[from] Stealth Rock\n|-damage|p1a: Zeke \ud83e\udd8d|33\/100|[from] Spikes\n|-fieldstart|move: Grassy Terrain|[from] ability: Grassy Surge|[of] p1a: Zeke \ud83e\udd8d\n|turn|27\n|\n|t:|1700415717\n|-end|p2a: Great Tusk|Protosynthesis|[silent]\n|switch|p2a: Moltres|Moltres|44\/100 psn\n|-damage|p2a: Moltres|0 fnt|[from] Stealth Rock\n|faint|p2a: Moltres\n|move|p1a: Zeke \ud83e\udd8d|Grassy Glide|p2: Moltres|[notarget]\n|-fail|p1a: Zeke \ud83e\udd8d\n|\n|-heal|p1a: Zeke \ud83e\udd8d|39\/100|[from] Grassy Terrain\n|upkeep\n|\n|t:|1700415736\n|switch|p2a: Heatran|Heatran, M|76\/100\n|-damage|p2a: Heatran|63\/100|[from] Stealth Rock\n|turn|28\n|\n|t:|1700415740\n|switch|p1a: Akainu \ud83c\udf0b|Heatran, M|91\/100\n|-damage|p1a: Akainu \ud83c\udf0b|78\/100|[from] Stealth Rock\n|-damage|p1a: Akainu \ud83c\udf0b|66\/100|[from] Spikes\n|move|p2a: Heatran|Earth Power|p1a: Akainu \ud83c\udf0b\n|-supereffective|p1a: Akainu \ud83c\udf0b\n|-crit|p1a: Akainu \ud83c\udf0b\n|-damage|p1a: Akainu \ud83c\udf0b|0 fnt\n|faint|p1a: Akainu \ud83c\udf0b\n|\n|-heal|p2a: Heatran|69\/100|[from] Grassy Terrain\n|-heal|p2a: Heatran|76\/100|[from] item: Leftovers\n|upkeep\n|\n|t:|1700415747\n|switch|p1a: Magellan \u2623\ufe0f|Muk-Alola, F|94\/100 brn\n|-damage|p1a: Magellan \u2623\ufe0f|82\/100 brn|[from] Stealth Rock\n|-damage|p1a: Magellan \u2623\ufe0f|70\/100 brn|[from] Spikes\n|turn|29\n|\n|t:|1700415753\n|switch|p2a: Clodsire|Clodsire, M|100\/100\n|-damage|p2a: Clodsire|94\/100|[from] Stealth Rock\n|move|p1a: Magellan \u2623\ufe0f|Knock Off|p2a: Clodsire\n|-damage|p2a: Clodsire|75\/100\n|-enditem|p2a: Clodsire|Leftovers|[from] move: Knock Off|[of] p1a: Magellan \u2623\ufe0f\n|\n|-heal|p1a: Magellan \u2623\ufe0f|76\/100 brn|[from] Grassy Terrain\n|-heal|p1a: Magellan \u2623\ufe0f|82\/100 brn|[from] item: Leftovers\n|-heal|p2a: Clodsire|81\/100|[from] Grassy Terrain\n|-damage|p1a: Magellan \u2623\ufe0f|76\/100 brn|[from] brn\n|upkeep\n|turn|30\n|\n|t:|1700415773\n|switch|p1a: Cosmo \ud83c\udf75|Sinistcha-Masterpiece|76\/100\n|-damage|p1a: Cosmo \ud83c\udf75|63\/100|[from] Stealth Rock\n|-damage|p1a: Cosmo \ud83c\udf75|51\/100|[from] Spikes\n|move|p2a: Clodsire|High Horsepower|p1a: Cosmo \ud83c\udf75\n|-resisted|p1a: Cosmo \ud83c\udf75\n|-damage|p1a: Cosmo \ud83c\udf75|42\/100\n|\n|-heal|p1a: Cosmo \ud83c\udf75|48\/100|[from] Grassy Terrain\n|-heal|p2a: Clodsire|87\/100|[from] Grassy Terrain\n|upkeep\n|turn|31\n|\n|t:|1700415776\n|-terastallize|p1a: Cosmo \ud83c\udf75|Poison\n|move|p1a: Cosmo \ud83c\udf75|Strength Sap|p2a: Clodsire\n|-unboost|p2a: Clodsire|atk|1\n|-heal|p1a: Cosmo \ud83c\udf75|100\/100\n|move|p2a: Clodsire|Toxic|p1a: Cosmo \ud83c\udf75\n|-immune|p1a: Cosmo \ud83c\udf75\n|\n|-heal|p2a: Clodsire|93\/100|[from] Grassy Terrain\n|-fieldend|move: Grassy Terrain\n|upkeep\n|turn|32\n|\n|t:|1700415786\n|switch|p1a: Zeke \ud83e\udd8d|Rillaboom, M|39\/100\n|-damage|p1a: Zeke \ud83e\udd8d|27\/100|[from] Stealth Rock\n|-damage|p1a: Zeke \ud83e\udd8d|15\/100|[from] Spikes\n|-fieldstart|move: Grassy Terrain|[from] ability: Grassy Surge|[of] p1a: Zeke \ud83e\udd8d\n|switch|p2a: Heatran|Heatran, M|76\/100\n|-damage|p2a: Heatran|63\/100|[from] Stealth Rock\n|\n|-heal|p1a: Zeke \ud83e\udd8d|21\/100|[from] Grassy Terrain\n|-heal|p2a: Heatran|69\/100|[from] Grassy Terrain\n|-heal|p2a: Heatran|76\/100|[from] item: Leftovers\n|upkeep\n|turn|33\n|\n|t:|1700415792\n|move|p1a: Zeke \ud83e\udd8d|Knock Off|p2a: Heatran\n|-damage|p2a: Heatran|32\/100\n|-enditem|p2a: Heatran|Leftovers|[from] move: Knock Off|[of] p1a: Zeke \ud83e\udd8d\n|move|p2a: Heatran|Lava Plume|p1a: Zeke \ud83e\udd8d\n|-supereffective|p1a: Zeke \ud83e\udd8d\n|-damage|p1a: Zeke \ud83e\udd8d|0 fnt\n|faint|p1a: Zeke \ud83e\udd8d\n|\n|-heal|p2a: Heatran|38\/100|[from] Grassy Terrain\n|upkeep\n|\n|t:|1700415799\n|switch|p1a: Reiner \ud83d\uddff|Tyranitar, M|58\/100 brn\n|-weather|Sandstorm|[from] ability: Sand Stream|[of] p1a: Reiner \ud83d\uddff\n|turn|34\n|\n|t:|1700415802\n|move|p2a: Heatran|Earth Power|p1a: Reiner \ud83d\uddff\n|-supereffective|p1a: Reiner \ud83d\uddff\n|-damage|p1a: Reiner \ud83d\uddff|28\/100 brn\n|move|p1a: Reiner \ud83d\uddff|Low Kick|p2a: Heatran\n|-supereffective|p2a: Heatran\n|-damage|p2a: Heatran|2\/100\n|\n|-weather|Sandstorm|[upkeep]\n|-heal|p2a: Heatran|8\/100|[from] Grassy Terrain\n|-heal|p1a: Reiner \ud83d\uddff|34\/100 brn|[from] Grassy Terrain\n|-damage|p1a: Reiner \ud83d\uddff|28\/100 brn|[from] brn\n|upkeep\n|turn|35\n|\n|t:|1700415807\n|move|p2a: Heatran|Earth Power|p1a: Reiner \ud83d\uddff\n|-supereffective|p1a: Reiner \ud83d\uddff\n|-damage|p1a: Reiner \ud83d\uddff|2\/100 brn\n|move|p1a: Reiner \ud83d\uddff|Knock Off|p2a: Heatran\n|-damage|p2a: Heatran|0 fnt\n|faint|p2a: Heatran\n|\n|-weather|Sandstorm|[upkeep]\n|-heal|p1a: Reiner \ud83d\uddff|8\/100 brn|[from] Grassy Terrain\n|-damage|p1a: Reiner \ud83d\uddff|2\/100 brn|[from] brn\n|upkeep\n|\n|t:|1700415815\n|switch|p2a: Great Tusk|Great Tusk|11\/100\n|-damage|p2a: Great Tusk|8\/100|[from] Stealth Rock\n|turn|36\n|\n|t:|1700415818\n|switch|p1a: Cosmo \ud83c\udf75|Sinistcha-Masterpiece, tera:Poison|100\/100\n|-damage|p1a: Cosmo \ud83c\udf75|88\/100|[from] Stealth Rock\n|-damage|p1a: Cosmo \ud83c\udf75|76\/100|[from] Spikes\n|move|p2a: Great Tusk|Rapid Spin|p1a: Cosmo \ud83c\udf75\n|-damage|p1a: Cosmo \ud83c\udf75|66\/100\n|-boost|p2a: Great Tusk|spe|1\n|-sideend|p2: EllieTheAlt|Stealth Rock|[from] move: Rapid Spin|[of] p2a: Great Tusk\n|\n|-weather|Sandstorm|[upkeep]\n|-damage|p1a: Cosmo \ud83c\udf75|60\/100|[from] Sandstorm\n|-heal|p2a: Great Tusk|14\/100|[from] Grassy Terrain\n|-heal|p1a: Cosmo \ud83c\udf75|66\/100|[from] Grassy Terrain\n|-fieldend|move: Grassy Terrain\n|upkeep\n|turn|37\n|\n|t:|1700415823\n|move|p2a: Great Tusk|Headlong Rush|p1a: Cosmo \ud83c\udf75\n|-supereffective|p1a: Cosmo \ud83c\udf75\n|-damage|p1a: Cosmo \ud83c\udf75|0 fnt\n|-unboost|p2a: Great Tusk|def|1\n|-unboost|p2a: Great Tusk|spd|1\n|faint|p1a: Cosmo \ud83c\udf75\n|\n|-weather|Sandstorm|[upkeep]\n|upkeep\n|-message|outdated ahh team forfeited.\n|\n|win|EllieTheAlt\n|raw|outdated ahh team's rating: 1570 &rarr; <strong>1554<\/strong><br \/>(-16 for losing)\n|raw|EllieTheAlt's rating: 1648 &rarr; <strong>1664<\/strong><br \/>(+16 for winning)\n|l|\u2606outdated ahh team\n","uploadtime":1700415834,"views":14,"p1id":"outdatedahhteam","p2id":"elliethealt","formatid":"gen9ou","rating":1554,"private":0,"password":""}