{"id":"gen9ou-1994370870","p1":"Aeonshowdown","p2":"Yech","format":"[Gen 9] OU","log":"|j|\u2606Aeonshowdown\n|j|\u2606Yech\n|t:|1700436241\n|gametype|singles\n|player|p1|Aeonshowdown|gentleman-gen4|1161\n|player|p2|Yech|miriam|1065\n|teamsize|p1|6\n|teamsize|p2|6\n|gen|9\n|tier|[Gen 9] OU\n|rated|\n|rule|Sleep Clause Mod: Limit one foe put to sleep\n|rule|Species Clause: Limit one of each Pok\u00e9mon\n|rule|OHKO Clause: OHKO moves are banned\n|rule|Evasion Items Clause: Evasion items are banned\n|rule|Evasion Moves Clause: Evasion moves are banned\n|rule|Endless Battle Clause: Forcing endless battles is banned\n|rule|HP Percentage Mod: HP is shown in percentages\n|clearpoke\n|poke|p1|Gholdengo|\n|poke|p1|Glimmora, F|\n|poke|p1|Alomomola, F|\n|poke|p1|Kingambit, F|\n|poke|p1|Hatterene, F|\n|poke|p1|Iron Valiant|\n|poke|p2|Tyranitar, M|\n|poke|p2|Great Tusk|\n|poke|p2|Zapdos|\n|poke|p2|Ogerpon-Wellspring, F|\n|poke|p2|Slowking-Galar, F|\n|poke|p2|Enamorus, F|\n|teampreview\n|inactive|Battle timer is ON: inactive players will automatically lose when time's up. (requested by Yech)\n|\n|t:|1700436257\n|start\n|switch|p1a: Hazardus Maximus|Glimmora, F|100\/100\n|switch|p2a: Equius Zahhak|Great Tusk|100\/100\n|turn|1\n|\n|t:|1700436272\n|switch|p1a: Simon|Alomomola, F|100\/100\n|move|p2a: Equius Zahhak|Headlong Rush|p1a: Simon\n|-damage|p1a: Simon|65\/100\n|-unboost|p2a: Equius Zahhak|def|1\n|-unboost|p2a: Equius Zahhak|spd|1\n|-damage|p2a: Equius Zahhak|84\/100|[from] item: Rocky Helmet|[of] p1a: Simon\n|\n|upkeep\n|turn|2\n|\n|t:|1700436277\n|-end|p2a: Equius Zahhak|Protosynthesis|[silent]\n|switch|p2a: Hata no Kokoro|Ogerpon-Wellspring, F|100\/100\n|move|p1a: Simon|Scald|p2a: Hata no Kokoro\n|-immune|p2a: Hata no Kokoro|[from] ability: Water Absorb\n|\n|upkeep\n|turn|3\n|\n|t:|1700436285\n|switch|p1a: Hazardus Maximus|Glimmora, F|100\/100\n|move|p2a: Hata no Kokoro|Swords Dance|p2a: Hata no Kokoro\n|-boost|p2a: Hata no Kokoro|atk|2\n|\n|upkeep\n|turn|4\n|\n|t:|1700436289\n|switch|p2a: Oops All Sand|Tyranitar, M|100\/100\n|-weather|Sandstorm|[from] ability: Sand Stream|[of] p2a: Oops All Sand\n|move|p1a: Hazardus Maximus|Sludge Wave|p2a: Oops All Sand\n|-resisted|p2a: Oops All Sand\n|-damage|p2a: Oops All Sand|91\/100\n|\n|-weather|Sandstorm|[upkeep]\n|upkeep\n|turn|5\n|\n|t:|1700436293\n|switch|p1a: Simon|Alomomola, F|98\/100\n|move|p2a: Oops All Sand|Thunder Wave|p1a: Simon\n|-status|p1a: Simon|par\n|\n|-weather|Sandstorm|[upkeep]\n|-damage|p1a: Simon|92\/100 par|[from] Sandstorm\n|upkeep\n|turn|6\n|\n|t:|1700436303\n|switch|p2a: Hata no Kokoro|Ogerpon-Wellspring, F|100\/100\n|switch|p1a: Aeon's Bae|Hatterene, F|100\/100\n|\n|-weather|Sandstorm|[upkeep]\n|-damage|p2a: Hata no Kokoro|95\/100|[from] Sandstorm\n|-damage|p1a: Aeon's Bae|94\/100|[from] Sandstorm\n|-heal|p1a: Aeon's Bae|100\/100|[from] item: Leftovers\n|upkeep\n|turn|7\n|\n|t:|1700436309\n|move|p2a: Hata no Kokoro|Knock Off|p1a: Aeon's Bae\n|-damage|p1a: Aeon's Bae|51\/100\n|-enditem|p1a: Aeon's Bae|Leftovers|[from] move: Knock Off|[of] p2a: Hata no Kokoro\n|move|p1a: Aeon's Bae|Nuzzle|p2a: Hata no Kokoro\n|-damage|p2a: Hata no Kokoro|89\/100\n|-status|p2a: Hata no Kokoro|par\n|\n|-weather|Sandstorm|[upkeep]\n|-damage|p2a: Hata no Kokoro|83\/100 par|[from] Sandstorm\n|-damage|p1a: Aeon's Bae|45\/100|[from] Sandstorm\n|upkeep\n|turn|8\n|\n|t:|1700436320\n|switch|p2a: Calliope|Enamorus, F|100\/100\n|move|p1a: Aeon's Bae|Giga Drain|p2a: Calliope\n|-resisted|p2a: Calliope\n|-damage|p2a: Calliope|80\/100\n|-heal|p1a: Aeon's Bae|55\/100|[from] drain|[of] p2a: Calliope\n|\n|-weather|none\n|upkeep\n|turn|9\n|\n|t:|1700436325\n|move|p2a: Calliope|Moonblast|p1a: Aeon's Bae\n|-damage|p1a: Aeon's Bae|0 fnt\n|faint|p1a: Aeon's Bae\n|\n|upkeep\n|\n|t:|1700436328\n|switch|p1a: Hazardus Maximus|Glimmora, F|100\/100\n|turn|10\n|\n|t:|1700436334\n|switch|p2a: Oops All Sand|Tyranitar, M|91\/100\n|-weather|Sandstorm|[from] ability: Sand Stream|[of] p2a: Oops All Sand\n|move|p1a: Hazardus Maximus|Toxic|p2a: Oops All Sand\n|-status|p2a: Oops All Sand|tox\n|\n|-weather|Sandstorm|[upkeep]\n|-damage|p2a: Oops All Sand|85\/100 tox|[from] psn\n|upkeep\n|turn|11\n|\n|t:|1700436340\n|switch|p1a: Simon|Alomomola, F|100\/100 par\n|move|p2a: Oops All Sand|Ice Beam|p1a: Simon\n|-resisted|p1a: Simon\n|-damage|p1a: Simon|89\/100 par\n|\n|-weather|Sandstorm|[upkeep]\n|-damage|p1a: Simon|82\/100 par|[from] Sandstorm\n|-damage|p2a: Oops All Sand|73\/100 tox|[from] psn\n|upkeep\n|turn|12\n|\n|t:|1700436343\n|move|p2a: Oops All Sand|Knock Off|p1a: Simon\n|-damage|p1a: Simon|60\/100 par\n|-damage|p2a: Oops All Sand|56\/100 tox|[from] item: Rocky Helmet|[of] p1a: Simon\n|-enditem|p1a: Simon|Rocky Helmet|[from] move: Knock Off|[of] p2a: Oops All Sand\n|move|p1a: Simon|Scald|p2a: Oops All Sand\n|-supereffective|p2a: Oops All Sand\n|-damage|p2a: Oops All Sand|43\/100 tox\n|\n|-weather|Sandstorm|[upkeep]\n|-damage|p1a: Simon|53\/100 par|[from] Sandstorm\n|-damage|p2a: Oops All Sand|24\/100 tox|[from] psn\n|upkeep\n|turn|13\n|\n|t:|1700436346\n|switch|p2a: Hata no Kokoro|Ogerpon-Wellspring, F|83\/100 par\n|move|p1a: Simon|Wish|p1a: Simon\n|\n|-weather|Sandstorm|[upkeep]\n|-damage|p2a: Hata no Kokoro|77\/100 par|[from] Sandstorm\n|-damage|p1a: Simon|47\/100 par|[from] Sandstorm\n|upkeep\n|turn|14\n|\n|t:|1700436357\n|switch|p1a: Hazardus Maximus|Glimmora, F|100\/100\n|move|p2a: Hata no Kokoro|Knock Off|p1a: Hazardus Maximus\n|-damage|p1a: Hazardus Maximus|61\/100\n|-enditem|p1a: Hazardus Maximus|Choice Scarf|[from] move: Knock Off|[of] p2a: Hata no Kokoro\n|\n|-weather|none\n|-heal|p1a: Hazardus Maximus|100\/100|[from] move: Wish|[wisher] Simon\n|upkeep\n|turn|15\n|inactive|Yech has 120 seconds left.\n|\n|t:|1700436388\n|switch|p2a: Equius Zahhak|Great Tusk|84\/100\n|move|p1a: Hazardus Maximus|Sludge Wave|p2a: Equius Zahhak\n|-resisted|p2a: Equius Zahhak\n|-damage|p2a: Equius Zahhak|52\/100\n|\n|upkeep\n|turn|16\n|\n|t:|1700436396\n|switch|p1a: Simon|Alomomola, F|81\/100 par\n|move|p2a: Equius Zahhak|Headlong Rush|p1a: Simon\n|-damage|p1a: Simon|48\/100 par\n|-unboost|p2a: Equius Zahhak|def|1\n|-unboost|p2a: Equius Zahhak|spd|1\n|\n|upkeep\n|turn|17\n|\n|t:|1700436403\n|-end|p2a: Equius Zahhak|Protosynthesis|[silent]\n|switch|p2a: Hata no Kokoro|Ogerpon-Wellspring, F|77\/100 par\n|move|p1a: Simon|Wish|p1a: Simon\n|\n|upkeep\n|turn|18\n|\n|t:|1700436410\n|switch|p2a: Abscond|Slowking-Galar, F|100\/100\n|switch|p1a: Hazardus Maximus|Glimmora, F|100\/100\n|\n|upkeep\n|turn|19\n|\n|t:|1700436417\n|move|p1a: Hazardus Maximus|Toxic|p2a: Abscond\n|-status|p2a: Abscond|tox\n|move|p2a: Abscond|Future Sight|p1a: Hazardus Maximus\n|-start|p2a: Abscond|move: Future Sight\n|\n|-damage|p2a: Abscond|94\/100 tox|[from] psn\n|upkeep\n|turn|20\n|\n|t:|1700436424\n|move|p1a: Hazardus Maximus|Spikes|p2a: Abscond\n|-sidestart|p2: Yech|Spikes\n|move|p2a: Abscond|Yawn|p1a: Hazardus Maximus\n|-start|p1a: Hazardus Maximus|move: Yawn|[of] p2a: Abscond\n|\n|-damage|p2a: Abscond|82\/100 tox|[from] psn\n|upkeep\n|turn|21\n|\n|t:|1700436431\n|switch|p1a: King James lll|Kingambit, F|100\/100\n|-activate|p1a: King James lll|ability: Supreme Overlord\n|-start|p1a: King James lll|fallen1|[silent]\n|move|p2a: Abscond|Chilly Reception|p2a: Abscond\n|-weather|Snow\n|\n|t:|1700436434\n|switch|p2a: Equius Zahhak|Great Tusk|52\/100|[from] Chilly Reception\n|\n|-weather|Snow|[upkeep]\n|-end|p1a: King James lll|move: Future Sight\n|-immune|p1a: King James lll\n|upkeep\n|turn|22\n|\n|t:|1700436440\n|-end|p1a: King James lll|fallen1|[silent]\n|switch|p1a: Simon|Alomomola, F|81\/100 par\n|move|p2a: Equius Zahhak|Headlong Rush|p1a: Simon\n|-damage|p1a: Simon|43\/100 par\n|-unboost|p2a: Equius Zahhak|def|1\n|-unboost|p2a: Equius Zahhak|spd|1\n|\n|-weather|Snow|[upkeep]\n|upkeep\n|turn|23\n|-message|Yech forfeited.\n|\n|win|Aeonshowdown\n|raw|Aeonshowdown's rating: 1161 &rarr; <strong>1179<\/strong><br \/>(+18 for winning)\n|raw|Yech's rating: 1065 &rarr; <strong>1051<\/strong><br \/>(-14 for losing)\n|l|\u2606Yech\n","uploadtime":1700436452,"views":30,"p1id":"aeonshowdown","p2id":"yech","formatid":"gen9ou","rating":1051,"private":0,"password":""}