{"id":"gen9ou-1990986637","p1":"Thelaw1307","p2":"MoobSai","format":"[Gen 9] OU","log":"|j|\u2606Thelaw1307\n|j|\u2606MoobSai\n|t:|1700023685\n|gametype|singles\n|player|p1|Thelaw1307|dawn|1159\n|player|p2|MoobSai|n|1255\n|teamsize|p1|6\n|teamsize|p2|6\n|gen|9\n|tier|[Gen 9] OU\n|rated|\n|rule|Sleep Clause Mod: Limit one foe put to sleep\n|rule|Species Clause: Limit one of each Pok\u00e9mon\n|rule|OHKO Clause: OHKO moves are banned\n|rule|Evasion Items Clause: Evasion items are banned\n|rule|Evasion Moves Clause: Evasion moves are banned\n|rule|Endless Battle Clause: Forcing endless battles is banned\n|rule|HP Percentage Mod: HP is shown in percentages\n|clearpoke\n|poke|p1|Mandibuzz, F|\n|poke|p1|Gardevoir, F|\n|poke|p1|Gholdengo|\n|poke|p1|Great Tusk|\n|poke|p1|Quaquaval, M|\n|poke|p1|Ceruledge, M|\n|poke|p2|Iron Valiant|\n|poke|p2|Diancie|\n|poke|p2|Goodra-Hisui, F|\n|poke|p2|Kommo-o, F|\n|poke|p2|Zoroark-Hisui, F|\n|poke|p2|Rillaboom, F|\n|teampreview\n|inactive|Battle timer is ON: inactive players will automatically lose when time's up. (requested by MoobSai)\n|\n|t:|1700023703\n|start\n|switch|p1a: Gardevoir|Gardevoir, F|100\/100\n|switch|p2a: Diancie|Diancie|100\/100\n|turn|1\n|\n|t:|1700023727\n|move|p2a: Diancie|Bitter Malice|p1a: Gardevoir\n|-supereffective|p1a: Gardevoir\n|-crit|p1a: Gardevoir\n|-damage|p1a: Gardevoir|2\/100\n|-unboost|p1a: Gardevoir|atk|1\n|move|p1a: Gardevoir|Moonblast|p2a: Diancie\n|-damage|p2a: Diancie|0 fnt\n|replace|p2a: Zoroark|Zoroark-Hisui, F, shiny\n|-end|p2a: Zoroark|Illusion\n|faint|p2a: Zoroark\n|\n|upkeep\n|\n|t:|1700023744\n|switch|p2a: Rillaboom|Rillaboom, F|100\/100\n|-fieldstart|move: Grassy Terrain|[from] ability: Grassy Surge|[of] p1a: Gardevoir\n|-ability|p1a: Gardevoir|Grassy Surge|[from] ability: Trace|[of] p2a: Rillaboom\n|turn|2\n|inactive|Thelaw1307 has 120 seconds left.\n|\n|t:|1700023779\n|move|p2a: Rillaboom|Grassy Glide|p1a: Gardevoir\n|-crit|p1a: Gardevoir\n|-damage|p1a: Gardevoir|0 fnt\n|faint|p1a: Gardevoir\n|\n|upkeep\n|\n|t:|1700023789\n|switch|p1a: Ceruledge|Ceruledge, M|100\/100\n|turn|3\n|\n|t:|1700023797\n|move|p1a: Ceruledge|Bitter Blade|p2a: Rillaboom\n|-supereffective|p2a: Rillaboom\n|-damage|p2a: Rillaboom|14\/100\n|move|p2a: Rillaboom|Knock Off|p1a: Ceruledge\n|-supereffective|p1a: Ceruledge\n|-enditem|p1a: Ceruledge|Focus Sash\n|-damage|p1a: Ceruledge|1\/100\n|-ability|p1a: Ceruledge|Weak Armor|boost\n|-unboost|p1a: Ceruledge|def|1\n|-boost|p1a: Ceruledge|spe|2\n|\n|-heal|p1a: Ceruledge|7\/100|[from] Grassy Terrain\n|-heal|p2a: Rillaboom|20\/100|[from] Grassy Terrain\n|-heal|p2a: Rillaboom|26\/100|[from] item: Leftovers\n|upkeep\n|turn|4\n|inactive|Thelaw1307 has 120 seconds left.\n|\n|t:|1700023810\n|move|p1a: Ceruledge|Shadow Sneak|p2a: Rillaboom\n|-damage|p2a: Rillaboom|5\/100\n|move|p2a: Rillaboom|Grassy Glide|p1a: Ceruledge\n|-resisted|p1a: Ceruledge\n|-damage|p1a: Ceruledge|0 fnt\n|faint|p1a: Ceruledge\n|\n|-heal|p2a: Rillaboom|12\/100|[from] Grassy Terrain\n|-heal|p2a: Rillaboom|18\/100|[from] item: Leftovers\n|upkeep\n|\n|t:|1700023823\n|switch|p1a: Gholdengo|Gholdengo|100\/100\n|turn|5\n|\n|t:|1700023830\n|move|p1a: Gholdengo|Shadow Ball|p2a: Rillaboom\n|-damage|p2a: Rillaboom|0 fnt\n|faint|p2a: Rillaboom\n|\n|upkeep\n|\n|t:|1700023843\n|switch|p2a: Goodra|Goodra-Hisui, F|100\/100\n|turn|6\n|\n|t:|1700023854\n|switch|p1a: Great Tusk|Great Tusk|100\/100\n|move|p2a: Goodra|Dragon Tail|p1a: Great Tusk\n|-damage|p1a: Great Tusk|86\/100\n|-damage|p2a: Goodra|84\/100|[from] item: Rocky Helmet|[of] p1a: Great Tusk\n|-end|p1a: Great Tusk|Protosynthesis|[silent]\n|drag|p1a: Gholdengo|Gholdengo|100\/100\n|\n|-heal|p2a: Goodra|90\/100|[from] Grassy Terrain\n|-heal|p2a: Goodra|96\/100|[from] item: Leftovers\n|-fieldend|move: Grassy Terrain\n|upkeep\n|turn|7\n|\n|t:|1700023866\n|switch|p1a: Great Tusk|Great Tusk|86\/100\n|move|p2a: Goodra|Dragon Tail|p1a: Great Tusk\n|-damage|p1a: Great Tusk|72\/100\n|-damage|p2a: Goodra|79\/100|[from] item: Rocky Helmet|[of] p1a: Great Tusk\n|-end|p1a: Great Tusk|Protosynthesis|[silent]\n|drag|p1a: Mandibuzz|Mandibuzz, F|100\/100\n|\n|-heal|p2a: Goodra|85\/100|[from] item: Leftovers\n|upkeep\n|turn|8\n|inactive|Thelaw1307 has 120 seconds left.\n|\n|t:|1700023890\n|move|p1a: Mandibuzz|U-turn|p2a: Goodra\n|-resisted|p2a: Goodra\n|-damage|p2a: Goodra|79\/100\n|\n|t:|1700023893\n|switch|p1a: Great Tusk|Great Tusk|72\/100|[from] U-turn\n|move|p2a: Goodra|Ice Spinner|p1a: Great Tusk\n|-supereffective|p1a: Great Tusk\n|-damage|p1a: Great Tusk|50\/100\n|-damage|p2a: Goodra|62\/100|[from] item: Rocky Helmet|[of] p1a: Great Tusk\n|\n|-heal|p2a: Goodra|68\/100|[from] item: Leftovers\n|upkeep\n|turn|9\n|inactive|Thelaw1307 has 120 seconds left.\n|\n|t:|1700023906\n|move|p1a: Great Tusk|Stealth Rock|p2a: Goodra\n|-sidestart|p2: MoobSai|move: Stealth Rock\n|move|p2a: Goodra|Dragon Tail|p1a: Great Tusk\n|-damage|p1a: Great Tusk|37\/100\n|-damage|p2a: Goodra|52\/100|[from] item: Rocky Helmet|[of] p1a: Great Tusk\n|-end|p1a: Great Tusk|Protosynthesis|[silent]\n|drag|p1a: Gholdengo|Gholdengo|100\/100\n|\n|-heal|p2a: Goodra|58\/100|[from] item: Leftovers\n|upkeep\n|turn|10\n|inactive|Thelaw1307 has 120 seconds left.\n|\n|t:|1700023923\n|switch|p1a: Great Tusk|Great Tusk|37\/100\n|move|p2a: Goodra|Ice Spinner|p1a: Great Tusk\n|-supereffective|p1a: Great Tusk\n|-damage|p1a: Great Tusk|14\/100\n|-damage|p2a: Goodra|41\/100|[from] item: Rocky Helmet|[of] p1a: Great Tusk\n|\n|-heal|p2a: Goodra|47\/100|[from] item: Leftovers\n|upkeep\n|turn|11\n|inactive|Thelaw1307 has 120 seconds left.\n|\n|t:|1700023932\n|move|p1a: Great Tusk|Headlong Rush|p2a: Goodra\n|-supereffective|p2a: Goodra\n|-damage|p2a: Goodra|0 fnt\n|-unboost|p1a: Great Tusk|def|1\n|-unboost|p1a: Great Tusk|spd|1\n|faint|p2a: Goodra\n|\n|upkeep\n|\n|t:|1700023943\n|switch|p2a: Iron Valiant|Iron Valiant, shiny|100\/100\n|-damage|p2a: Iron Valiant|94\/100|[from] Stealth Rock\n|-enditem|p2a: Iron Valiant|Booster Energy\n|-activate|p2a: Iron Valiant|ability: Quark Drive|[fromitem]\n|-start|p2a: Iron Valiant|quarkdrivespe\n|turn|12\n|\n|t:|1700023954\n|move|p2a: Iron Valiant|Spirit Break|p1a: Great Tusk\n|-supereffective|p1a: Great Tusk\n|-damage|p1a: Great Tusk|0 fnt\n|-damage|p2a: Iron Valiant|78\/100|[from] item: Rocky Helmet|[of] p1a: Great Tusk\n|faint|p1a: Great Tusk\n|-end|p1a: Great Tusk|Protosynthesis|[silent]\n|\n|upkeep\n|inactive|Thelaw1307 has 120 seconds left.\n|\n|t:|1700023973\n|switch|p1a: Gholdengo|Gholdengo|100\/100\n|turn|13\n|\n|t:|1700023978\n|move|p2a: Iron Valiant|Fire Punch|p1a: Gholdengo\n|-supereffective|p1a: Gholdengo\n|-damage|p1a: Gholdengo|44\/100\n|-enditem|p1a: Gholdengo|Sitrus Berry|[eat]\n|-heal|p1a: Gholdengo|69\/100|[from] item: Sitrus Berry\n|move|p1a: Gholdengo|Make It Rain|p2a: Iron Valiant\n|-supereffective|p2a: Iron Valiant\n|-damage|p2a: Iron Valiant|0 fnt\n|-unboost|p1a: Gholdengo|spa|1\n|faint|p2a: Iron Valiant\n|-end|p2a: Iron Valiant|Quark Drive|[silent]\n|\n|upkeep\n|\n|t:|1700023986\n|switch|p2a: Kommo-o|Kommo-o, F|100\/100\n|-damage|p2a: Kommo-o|94\/100|[from] Stealth Rock\n|turn|14\n|\n|t:|1700024004\n|switch|p1a: Mandibuzz|Mandibuzz, F|100\/100\n|move|p2a: Kommo-o|Clangorous Soul|p2a: Kommo-o\n|-boost|p2a: Kommo-o|atk|1\n|-boost|p2a: Kommo-o|def|1\n|-boost|p2a: Kommo-o|spa|1\n|-boost|p2a: Kommo-o|spd|1\n|-boost|p2a: Kommo-o|spe|1\n|-damage|p2a: Kommo-o|61\/100\n|-enditem|p2a: Kommo-o|Throat Spray\n|-boost|p2a: Kommo-o|spa|1|[from] item: Throat Spray\n|\n|upkeep\n|turn|15\n|\n|t:|1700024015\n|-terastallize|p2a: Kommo-o|Steel\n|move|p2a: Kommo-o|Boomburst|p1a: Mandibuzz\n|-damage|p1a: Mandibuzz|28\/100\n|move|p1a: Mandibuzz|Foul Play|p2a: Kommo-o\n|-damage|p2a: Kommo-o|31\/100\n|\n|upkeep\n|turn|16\n|\n|t:|1700024023\n|move|p2a: Kommo-o|Boomburst|p1a: Mandibuzz\n|-damage|p1a: Mandibuzz|0 fnt\n|faint|p1a: Mandibuzz\n|\n|upkeep\n|\n|t:|1700024036\n|switch|p1a: Gholdengo|Gholdengo|69\/100\n|turn|17\n|\n|t:|1700024048\n|move|p2a: Kommo-o|Clanging Scales|p1a: Gholdengo\n|-resisted|p1a: Gholdengo\n|-damage|p1a: Gholdengo|13\/100\n|-unboost|p2a: Kommo-o|def|1\n|move|p1a: Gholdengo|Shadow Ball|p2a: Kommo-o\n|-damage|p2a: Kommo-o|0 fnt\n|faint|p2a: Kommo-o\n|\n|upkeep\n|\n|t:|1700024053\n|switch|p2a: Diancie|Diancie|100\/100\n|-damage|p2a: Diancie|88\/100|[from] Stealth Rock\n|turn|18\n|\n|t:|1700024060\n|move|p1a: Gholdengo|Make It Rain|p2a: Diancie\n|-supereffective|p2a: Diancie\n|-damage|p2a: Diancie|0 fnt\n|-unboost|p1a: Gholdengo|spa|1\n|faint|p2a: Diancie\n|\n|win|Thelaw1307\n|raw|Thelaw1307's rating: 1159 &rarr; <strong>1191<\/strong><br \/>(+32 for winning)\n|raw|MoobSai's rating: 1255 &rarr; <strong>1223<\/strong><br \/>(-32 for losing)\n|l|\u2606MoobSai\n","uploadtime":1700024072,"views":22,"p1id":"thelaw1307","p2id":"moobsai","formatid":"gen9ou","rating":1191,"private":0,"password":""}