{"id":"gen9ou-1992639564","p1":"Bruninho157","p2":"ShittyDitch69","format":"[Gen 9] OU","log":"|j|\u2606Bruninho157\n|j|\u2606ShittyDitch69\n|t:|1700218851\n|gametype|singles\n|player|p1|Bruninho157|169|1174\n|player|p2|ShittyDitch69|2|1220\n|teamsize|p1|6\n|teamsize|p2|6\n|gen|9\n|tier|[Gen 9] OU\n|rated|\n|rule|Sleep Clause Mod: Limit one foe put to sleep\n|rule|Species Clause: Limit one of each Pok\u00e9mon\n|rule|OHKO Clause: OHKO moves are banned\n|rule|Evasion Items Clause: Evasion items are banned\n|rule|Evasion Moves Clause: Evasion moves are banned\n|rule|Endless Battle Clause: Forcing endless battles is banned\n|rule|HP Percentage Mod: HP is shown in percentages\n|clearpoke\n|poke|p1|Greninja-*, M|\n|poke|p1|Pelipper, M|\n|poke|p1|Kingambit, M|\n|poke|p1|Zapdos|\n|poke|p1|Ting-Lu|\n|poke|p1|Basculegion, M|\n|poke|p2|Dragapult, F|\n|poke|p2|Breloom, F|\n|poke|p2|Ribombee, F|\n|poke|p2|Toxapex, M|\n|poke|p2|Scizor, M|\n|poke|p2|Conkeldurr, M|\n|teampreview\n|\n|t:|1700218860\n|start\n|switch|p1a: Pelipper|Pelipper, M|100\/100\n|switch|p2a: Ribombee|Ribombee, F|100\/100\n|-weather|RainDance|[from] ability: Drizzle|[of] p1a: Pelipper\n|turn|1\n|\n|t:|1700218866\n|move|p2a: Ribombee|Moonblast|p1a: Pelipper\n|-damage|p1a: Pelipper|48\/100\n|-unboost|p1a: Pelipper|spa|1\n|move|p1a: Pelipper|U-turn|p2a: Ribombee\n|-resisted|p2a: Ribombee\n|-damage|p2a: Ribombee|90\/100\n|\n|t:|1700218869\n|switch|p1a: Greninja|Greninja, M|100\/100|[from] U-turn\n|\n|-weather|RainDance|[upkeep]\n|upkeep\n|turn|2\n|\n|t:|1700218881\n|-terastallize|p1a: Greninja|Water\n|move|p1a: Greninja|Water Shuriken|p2a: Ribombee\n|-damage|p2a: Ribombee|59\/100\n|-damage|p2a: Ribombee|24\/100\n|-damage|p2a: Ribombee|0 fnt\n|faint|p2a: Ribombee\n|-ability|p1a: Greninja|Battle Bond|boost\n|-boost|p1a: Greninja|atk|1\n|-boost|p1a: Greninja|spa|1\n|-boost|p1a: Greninja|spe|1\n|-activate|p1a: Greninja|ability: Battle Bond\n|-hitcount|p2: Ribombee|3\n|-damage|p1a: Greninja|91\/100|[from] item: Life Orb\n|\n|-weather|RainDance|[upkeep]\n|upkeep\n|\n|t:|1700218890\n|switch|p2a: Breloom|Breloom, F|100\/100\n|turn|3\n|\n|t:|1700218893\n|move|p2a: Breloom|Mach Punch|p1a: Greninja\n|-damage|p1a: Greninja|6\/100\n|move|p1a: Greninja|Ice Beam|p2a: Breloom\n|-supereffective|p2a: Breloom\n|-damage|p2a: Breloom|0 fnt\n|faint|p2a: Breloom\n|-damage|p1a: Greninja|0 fnt|[from] item: Life Orb\n|faint|p1a: Greninja\n|\n|-weather|RainDance|[upkeep]\n|upkeep\n|\n|t:|1700218905\n|switch|p1a: Basculegion|Basculegion, M|100\/100\n|switch|p2a: Conkeldurr|Conkeldurr, M|100\/100\n|turn|4\n|\n|t:|1700218912\n|switch|p2a: Toxapex|Toxapex, M|100\/100\n|move|p1a: Basculegion|Psychic Fangs|p2a: Toxapex\n|-supereffective|p2a: Toxapex\n|-damage|p2a: Toxapex|35\/100\n|\n|-weather|RainDance|[upkeep]\n|upkeep\n|turn|5\n|\n|t:|1700218920\n|move|p1a: Basculegion|Psychic Fangs|p2a: Toxapex\n|-supereffective|p2a: Toxapex\n|-damage|p2a: Toxapex|0 fnt\n|faint|p2a: Toxapex\n|\n|-weather|RainDance|[upkeep]\n|upkeep\n|\n|t:|1700218921\n|switch|p2a: Conkeldurr|Conkeldurr, M|100\/100\n|turn|6\n|\n|t:|1700218924\n|-terastallize|p2a: Conkeldurr|Dark\n|move|p1a: Basculegion|Psychic Fangs|p2a: Conkeldurr\n|-immune|p2a: Conkeldurr\n|move|p2a: Conkeldurr|Knock Off|p1a: Basculegion\n|-supereffective|p1a: Basculegion\n|-damage|p1a: Basculegion|0 fnt\n|-enditem|p1a: Basculegion|Choice Band|[from] move: Knock Off|[of] p2a: Conkeldurr\n|faint|p1a: Basculegion\n|\n|-weather|RainDance|[upkeep]\n|-status|p2a: Conkeldurr|brn|[from] item: Flame Orb\n|upkeep\n|\n|t:|1700218935\n|switch|p1a: Ting-Lu|Ting-Lu|100\/100\n|-ability|p1a: Ting-Lu|Vessel of Ruin\n|turn|7\n|\n|t:|1700218939\n|move|p2a: Conkeldurr|Close Combat|p1a: Ting-Lu\n|-supereffective|p1a: Ting-Lu\n|-damage|p1a: Ting-Lu|0 fnt\n|-unboost|p2a: Conkeldurr|def|1\n|-unboost|p2a: Conkeldurr|spd|1\n|faint|p1a: Ting-Lu\n|\n|-weather|RainDance|[upkeep]\n|-damage|p2a: Conkeldurr|94\/100 brn|[from] brn\n|upkeep\n|\n|t:|1700218945\n|switch|p1a: Zapdos|Zapdos|100\/100\n|turn|8\n|\n|t:|1700218952\n|switch|p2a: Scizor|Scizor, M|100\/100\n|move|p1a: Zapdos|Hurricane|p2a: Scizor\n|-damage|p2a: Scizor|40\/100\n|\n|-weather|none\n|-heal|p2a: Scizor|46\/100|[from] item: Leftovers\n|upkeep\n|turn|9\n|\n|t:|1700218962\n|switch|p1a: Pelipper|Pelipper, M|48\/100\n|-weather|RainDance|[from] ability: Drizzle|[of] p1a: Pelipper\n|move|p2a: Scizor|Pounce|p1a: Pelipper\n|-resisted|p1a: Pelipper\n|-damage|p1a: Pelipper|26\/100\n|-unboost|p1a: Pelipper|spe|1\n|\n|-weather|RainDance|[upkeep]\n|-heal|p2a: Scizor|53\/100|[from] item: Leftovers\n|upkeep\n|turn|10\n|\n|t:|1700218968\n|move|p2a: Scizor|Pounce|p1a: Pelipper\n|-resisted|p1a: Pelipper\n|-damage|p1a: Pelipper|4\/100\n|-unboost|p1a: Pelipper|spe|1\n|move|p1a: Pelipper|Roost|p1a: Pelipper\n|-heal|p1a: Pelipper|54\/100\n|-singleturn|p1a: Pelipper|move: Roost\n|\n|-weather|RainDance|[upkeep]\n|-heal|p2a: Scizor|59\/100|[from] item: Leftovers\n|upkeep\n|turn|11\n|\n|t:|1700218972\n|move|p2a: Scizor|Swords Dance|p2a: Scizor\n|-boost|p2a: Scizor|atk|2\n|move|p1a: Pelipper|Roost|p1a: Pelipper\n|-heal|p1a: Pelipper|100\/100\n|-singleturn|p1a: Pelipper|move: Roost\n|\n|-weather|RainDance|[upkeep]\n|-heal|p2a: Scizor|65\/100|[from] item: Leftovers\n|upkeep\n|turn|12\n|\n|t:|1700218977\n|move|p2a: Scizor|Pounce|p1a: Pelipper\n|-resisted|p1a: Pelipper\n|-damage|p1a: Pelipper|53\/100\n|-unboost|p1a: Pelipper|spe|1\n|move|p1a: Pelipper|Surf|p2a: Scizor\n|-damage|p2a: Scizor|10\/100\n|\n|-weather|RainDance|[upkeep]\n|-heal|p2a: Scizor|16\/100|[from] item: Leftovers\n|upkeep\n|turn|13\n|\n|t:|1700218984\n|move|p2a: Scizor|Pounce|p1a: Pelipper\n|-resisted|p1a: Pelipper\n|-damage|p1a: Pelipper|10\/100\n|-unboost|p1a: Pelipper|spe|1\n|move|p1a: Pelipper|Roost|p1a: Pelipper\n|-heal|p1a: Pelipper|60\/100\n|-singleturn|p1a: Pelipper|move: Roost\n|\n|-weather|RainDance|[upkeep]\n|-heal|p2a: Scizor|22\/100|[from] item: Leftovers\n|upkeep\n|turn|14\n|\n|t:|1700218990\n|move|p2a: Scizor|Pounce|p1a: Pelipper\n|-resisted|p1a: Pelipper\n|-damage|p1a: Pelipper|12\/100\n|-unboost|p1a: Pelipper|spe|1\n|move|p1a: Pelipper|Roost|p1a: Pelipper\n|-heal|p1a: Pelipper|62\/100\n|-singleturn|p1a: Pelipper|move: Roost\n|\n|-weather|RainDance|[upkeep]\n|-heal|p2a: Scizor|29\/100|[from] item: Leftovers\n|upkeep\n|turn|15\n|\n|t:|1700218993\n|move|p2a: Scizor|Pounce|p1a: Pelipper\n|-resisted|p1a: Pelipper\n|-damage|p1a: Pelipper|15\/100\n|-unboost|p1a: Pelipper|spe|1\n|move|p1a: Pelipper|Surf|p2a: Scizor\n|-damage|p2a: Scizor|0 fnt\n|faint|p2a: Scizor\n|\n|-weather|RainDance|[upkeep]\n|upkeep\n|\n|t:|1700218998\n|switch|p2a: Conkeldurr|Conkeldurr, M, tera:Dark|94\/100 brn\n|turn|16\n|\n|t:|1700219002\n|switch|p1a: Zapdos|Zapdos|100\/100\n|move|p2a: Conkeldurr|Knock Off|p1a: Zapdos\n|-damage|p1a: Zapdos|12\/100\n|-enditem|p1a: Zapdos|Heavy-Duty Boots|[from] move: Knock Off|[of] p2a: Conkeldurr\n|\n|-weather|none\n|-damage|p2a: Conkeldurr|88\/100 brn|[from] brn\n|upkeep\n|turn|17\n|\n|t:|1700219009\n|switch|p1a: Pelipper|Pelipper, M|15\/100\n|-weather|RainDance|[from] ability: Drizzle|[of] p1a: Pelipper\n|move|p2a: Conkeldurr|Mach Punch|p1a: Pelipper\n|-resisted|p1a: Pelipper\n|-damage|p1a: Pelipper|0 fnt\n|faint|p1a: Pelipper\n|\n|-weather|RainDance|[upkeep]\n|-damage|p2a: Conkeldurr|82\/100 brn|[from] brn\n|upkeep\n|\n|t:|1700219015\n|switch|p1a: Kingambit|Kingambit, M|100\/100\n|-activate|p1a: Kingambit|ability: Supreme Overlord\n|-start|p1a: Kingambit|fallen4|[silent]\n|turn|18\n|\n|t:|1700219025\n|move|p2a: Conkeldurr|Mach Punch|p1a: Kingambit\n|-supereffective|p1a: Kingambit\n|-damage|p1a: Kingambit|0 fnt\n|faint|p1a: Kingambit\n|-end|p1a: Kingambit|fallen4|[silent]\n|\n|-weather|RainDance|[upkeep]\n|-damage|p2a: Conkeldurr|76\/100 brn|[from] brn\n|upkeep\n|-message|Bruninho157 forfeited.\n|\n|win|ShittyDitch69\n|raw|Bruninho157's rating: 1174 &rarr; <strong>1152<\/strong><br \/>(-22 for losing)\n|raw|ShittyDitch69's rating: 1220 &rarr; <strong>1242<\/strong><br \/>(+22 for winning)\n|l|\u2606Bruninho157\n","uploadtime":1700219031,"views":10,"p1id":"bruninho157","p2id":"shittyditch69","formatid":"gen9ou","rating":1152,"private":0,"password":""}