{"id":"gen9ou-1991844977","p1":"Darth_Darkrai","p2":"Carchawaii","format":"[Gen 9] OU","log":"|j|\u2606Darth_Darkrai\n|j|\u2606Carchawaii\n|t:|1700127370\n|gametype|singles\n|player|p1|Darth_Darkrai|giovanni|1331\n|player|p2|Carchawaii|cynthia|1302\n|teamsize|p1|6\n|teamsize|p2|6\n|gen|9\n|tier|[Gen 9] OU\n|rated|\n|rule|Sleep Clause Mod: Limit one foe put to sleep\n|rule|Species Clause: Limit one of each Pok\u00e9mon\n|rule|OHKO Clause: OHKO moves are banned\n|rule|Evasion Items Clause: Evasion items are banned\n|rule|Evasion Moves Clause: Evasion moves are banned\n|rule|Endless Battle Clause: Forcing endless battles is banned\n|rule|HP Percentage Mod: HP is shown in percentages\n|clearpoke\n|poke|p1|Great Tusk|\n|poke|p1|Heatran, M|\n|poke|p1|Zapdos|\n|poke|p1|Dragapult, M|\n|poke|p1|Ogerpon-Wellspring, F|\n|poke|p1|Kingambit, F|\n|poke|p2|Iron Moth|\n|poke|p2|Samurott-Hisui, M|\n|poke|p2|Kingambit, F|\n|poke|p2|Enamorus, F|\n|poke|p2|Great Tusk|\n|poke|p2|Rillaboom, M|\n|teampreview\n|inactive|Battle timer is ON: inactive players will automatically lose when time's up. (requested by Carchawaii)\n|\n|t:|1700127395\n|start\n|switch|p1a: Zapdos|Zapdos|100\/100\n|switch|p2a: Samurott|Samurott-Hisui, M|100\/100\n|turn|1\n|\n|t:|1700127405\n|move|p1a: Zapdos|Volt Switch|p2a: Samurott\n|-supereffective|p2a: Samurott\n|-damage|p2a: Samurott|7\/100\n|\n|t:|1700127411\n|switch|p1a: Ogerpon|Ogerpon-Wellspring, F|100\/100|[from] Volt Switch\n|move|p2a: Samurott|Ceaseless Edge|p1a: Ogerpon\n|-damage|p1a: Ogerpon|48\/100\n|-sidestart|p1: Darth_Darkrai|Spikes\n|\n|upkeep\n|turn|2\n|\n|t:|1700127421\n|move|p1a: Ogerpon|Horn Leech|p2a: Samurott\n|-supereffective|p2a: Samurott\n|-damage|p2a: Samurott|0 fnt\n|-heal|p1a: Ogerpon|51\/100|[from] drain|[of] p2a: Samurott\n|faint|p2a: Samurott\n|\n|upkeep\n|\n|t:|1700127432\n|switch|p2a: Iron Moth|Iron Moth|100\/100\n|-enditem|p2a: Iron Moth|Booster Energy\n|-activate|p2a: Iron Moth|ability: Quark Drive|[fromitem]\n|-start|p2a: Iron Moth|quarkdrivespe\n|turn|3\n|\n|t:|1700127444\n|switch|p1a: Heatran|Heatran, M|100\/100\n|-damage|p1a: Heatran|88\/100|[from] Spikes\n|move|p2a: Iron Moth|Substitute|p2a: Iron Moth\n|-start|p2a: Iron Moth|Substitute\n|-damage|p2a: Iron Moth|76\/100\n|\n|-heal|p1a: Heatran|94\/100|[from] item: Leftovers\n|upkeep\n|turn|4\n|\n|t:|1700127455\n|-terastallize|p2a: Iron Moth|Ground\n|move|p2a: Iron Moth|Tera Blast|p1a: Heatran|[anim] Tera Blast Ground\n|-supereffective|p1a: Heatran\n|-damage|p1a: Heatran|0 fnt\n|faint|p1a: Heatran\n|\n|upkeep\n|\n|t:|1700127481\n|switch|p1a: Zapdos|Zapdos|100\/100\n|turn|5\n|\n|t:|1700127485\n|move|p2a: Iron Moth|Fiery Dance|p1a: Zapdos\n|-damage|p1a: Zapdos|58\/100\n|move|p1a: Zapdos|Hurricane|p2a: Iron Moth\n|-end|p2a: Iron Moth|Substitute\n|\n|upkeep\n|turn|6\n|\n|t:|1700127495\n|move|p2a: Iron Moth|Substitute|p2a: Iron Moth\n|-start|p2a: Iron Moth|Substitute\n|-damage|p2a: Iron Moth|51\/100\n|move|p1a: Zapdos|Hurricane|p2a: Iron Moth|[miss]\n|-miss|p1a: Zapdos|p2a: Iron Moth\n|\n|upkeep\n|turn|7\n|\n|t:|1700127501\n|move|p2a: Iron Moth|Fiery Dance|p1a: Zapdos\n|-damage|p1a: Zapdos|16\/100\n|move|p1a: Zapdos|Hurricane|p2a: Iron Moth\n|-end|p2a: Iron Moth|Substitute\n|\n|upkeep\n|turn|8\n|\n|t:|1700127515\n|move|p2a: Iron Moth|Substitute|p2a: Iron Moth\n|-start|p2a: Iron Moth|Substitute\n|-damage|p2a: Iron Moth|26\/100\n|move|p1a: Zapdos|Hurricane|p2a: Iron Moth\n|-end|p2a: Iron Moth|Substitute\n|\n|upkeep\n|turn|9\n|\n|t:|1700127522\n|move|p2a: Iron Moth|Substitute|p2a: Iron Moth\n|-start|p2a: Iron Moth|Substitute\n|-damage|p2a: Iron Moth|1\/100\n|move|p1a: Zapdos|Hurricane|p2a: Iron Moth\n|-end|p2a: Iron Moth|Substitute\n|\n|upkeep\n|turn|10\n|\n|t:|1700127529\n|move|p2a: Iron Moth|Fiery Dance|p1a: Zapdos\n|-damage|p1a: Zapdos|0 fnt\n|faint|p1a: Zapdos\n|\n|upkeep\n|\n|t:|1700127541\n|switch|p1a: Ogerpon|Ogerpon-Wellspring, F|51\/100\n|-damage|p1a: Ogerpon|39\/100|[from] Spikes\n|turn|11\n|\n|t:|1700127546\n|move|p2a: Iron Moth|Sludge Wave|p1a: Ogerpon\n|-supereffective|p1a: Ogerpon\n|-damage|p1a: Ogerpon|0 fnt\n|faint|p1a: Ogerpon\n|\n|upkeep\n|\n|t:|1700127549\n|switch|p1a: Kingambit|Kingambit, F|100\/100\n|-damage|p1a: Kingambit|88\/100|[from] Spikes\n|-activate|p1a: Kingambit|ability: Supreme Overlord\n|-start|p1a: Kingambit|fallen3|[silent]\n|turn|12\n|\n|t:|1700127560\n|-terastallize|p1a: Kingambit|Flying\n|move|p2a: Iron Moth|Substitute|p2a: Iron Moth\n|-fail|p2a: Iron Moth|move: Substitute|[weak]\n|move|p1a: Kingambit|Kowtow Cleave|p2a: Iron Moth\n|-damage|p2a: Iron Moth|0 fnt\n|faint|p2a: Iron Moth\n|-end|p2a: Iron Moth|Quark Drive|[silent]\n|\n|-heal|p1a: Kingambit|94\/100|[from] item: Leftovers\n|upkeep\n|\n|t:|1700127573\n|switch|p2a: Enamorus|Enamorus, F|100\/100\n|turn|13\n|\n|t:|1700127578\n|move|p2a: Enamorus|Moonblast|p1a: Kingambit\n|-damage|p1a: Kingambit|40\/100\n|move|p1a: Kingambit|Iron Head|p2a: Enamorus\n|-supereffective|p2a: Enamorus\n|-damage|p2a: Enamorus|0 fnt\n|faint|p2a: Enamorus\n|\n|-heal|p1a: Kingambit|46\/100|[from] item: Leftovers\n|upkeep\n|\n|t:|1700127591\n|switch|p2a: Rillaboom|Rillaboom, M|100\/100\n|-fieldstart|move: Grassy Terrain|[from] ability: Grassy Surge|[of] p2a: Rillaboom\n|turn|14\n|\n|t:|1700127607\n|-end|p1a: Kingambit|fallen3|[silent]\n|switch|p1a: Great Tusk|Great Tusk|100\/100\n|-damage|p1a: Great Tusk|88\/100|[from] Spikes\n|move|p2a: Rillaboom|Knock Off|p1a: Great Tusk\n|-resisted|p1a: Great Tusk\n|-damage|p1a: Great Tusk|76\/100\n|-enditem|p1a: Great Tusk|Leftovers|[from] move: Knock Off|[of] p2a: Rillaboom\n|\n|-heal|p1a: Great Tusk|82\/100|[from] Grassy Terrain\n|upkeep\n|turn|15\n|\n|t:|1700127621\n|switch|p2a: Great Tusk|Great Tusk|100\/100\n|move|p1a: Great Tusk|Rapid Spin|p2a: Great Tusk\n|-crit|p2a: Great Tusk\n|-damage|p2a: Great Tusk|91\/100\n|-boost|p1a: Great Tusk|spe|1\n|-sideend|p1: Darth_Darkrai|Spikes|[from] move: Rapid Spin|[of] p1a: Great Tusk\n|\n|-heal|p1a: Great Tusk|88\/100|[from] Grassy Terrain\n|-heal|p2a: Great Tusk|97\/100|[from] Grassy Terrain\n|-heal|p2a: Great Tusk|100\/100|[from] item: Leftovers\n|upkeep\n|turn|16\n|\n|t:|1700127636\n|move|p1a: Great Tusk|Body Press|p2a: Great Tusk\n|-damage|p2a: Great Tusk|80\/100\n|move|p2a: Great Tusk|Knock Off|p1a: Great Tusk\n|-resisted|p1a: Great Tusk\n|-damage|p1a: Great Tusk|84\/100\n|\n|-heal|p1a: Great Tusk|90\/100|[from] Grassy Terrain\n|-heal|p2a: Great Tusk|86\/100|[from] Grassy Terrain\n|-heal|p2a: Great Tusk|92\/100|[from] item: Leftovers\n|upkeep\n|turn|17\n|\n|t:|1700127647\n|-end|p2a: Great Tusk|Protosynthesis|[silent]\n|switch|p2a: Rillaboom|Rillaboom, M|100\/100\n|move|p1a: Great Tusk|Knock Off|p2a: Rillaboom\n|-damage|p2a: Rillaboom|72\/100\n|-enditem|p2a: Rillaboom|Choice Band|[from] move: Knock Off|[of] p1a: Great Tusk\n|\n|-heal|p1a: Great Tusk|96\/100|[from] Grassy Terrain\n|-heal|p2a: Rillaboom|78\/100|[from] Grassy Terrain\n|upkeep\n|turn|18\n|\n|t:|1700127661\n|move|p2a: Rillaboom|Grassy Glide|p1a: Great Tusk\n|-supereffective|p1a: Great Tusk\n|-damage|p1a: Great Tusk|61\/100\n|move|p1a: Great Tusk|Body Press|p2a: Rillaboom\n|-damage|p2a: Rillaboom|29\/100\n|\n|-heal|p1a: Great Tusk|67\/100|[from] Grassy Terrain\n|-heal|p2a: Rillaboom|35\/100|[from] Grassy Terrain\n|-fieldend|move: Grassy Terrain\n|upkeep\n|turn|19\n|\n|t:|1700127675\n|switch|p2a: Great Tusk|Great Tusk|92\/100\n|move|p1a: Great Tusk|Body Press|p2a: Great Tusk\n|-damage|p2a: Great Tusk|71\/100\n|\n|-heal|p2a: Great Tusk|77\/100|[from] item: Leftovers\n|upkeep\n|turn|20\n|\n|t:|1700127684\n|move|p1a: Great Tusk|Earthquake|p2a: Great Tusk\n|-damage|p2a: Great Tusk|55\/100\n|move|p2a: Great Tusk|Earthquake|p1a: Great Tusk\n|-damage|p1a: Great Tusk|47\/100\n|\n|-heal|p2a: Great Tusk|61\/100|[from] item: Leftovers\n|upkeep\n|turn|21\n|\n|t:|1700127693\n|move|p1a: Great Tusk|Knock Off|p2a: Great Tusk\n|-resisted|p2a: Great Tusk\n|-damage|p2a: Great Tusk|54\/100\n|-enditem|p2a: Great Tusk|Leftovers|[from] move: Knock Off|[of] p1a: Great Tusk\n|move|p2a: Great Tusk|Earthquake|p1a: Great Tusk\n|-damage|p1a: Great Tusk|28\/100\n|\n|upkeep\n|turn|22\n|\n|t:|1700127702\n|move|p1a: Great Tusk|Earthquake|p2a: Great Tusk\n|-damage|p2a: Great Tusk|35\/100\n|move|p2a: Great Tusk|Stealth Rock|p1a: Great Tusk\n|-sidestart|p1: Darth_Darkrai|move: Stealth Rock\n|\n|upkeep\n|turn|23\n|\n|t:|1700127709\n|move|p1a: Great Tusk|Earthquake|p2a: Great Tusk\n|-damage|p2a: Great Tusk|15\/100\n|move|p2a: Great Tusk|Earthquake|p1a: Great Tusk\n|-damage|p1a: Great Tusk|6\/100\n|\n|upkeep\n|turn|24\n|\n|t:|1700127716\n|move|p1a: Great Tusk|Earthquake|p2a: Great Tusk\n|-damage|p2a: Great Tusk|0 fnt\n|faint|p2a: Great Tusk\n|-end|p2a: Great Tusk|Protosynthesis|[silent]\n|\n|upkeep\n|\n|t:|1700127721\n|switch|p2a: Rillaboom|Rillaboom, M|35\/100\n|-fieldstart|move: Grassy Terrain|[from] ability: Grassy Surge|[of] p2a: Rillaboom\n|turn|25\n|\n|t:|1700127727\n|move|p2a: Rillaboom|Grassy Glide|p1a: Great Tusk\n|-supereffective|p1a: Great Tusk\n|-damage|p1a: Great Tusk|0 fnt\n|faint|p1a: Great Tusk\n|-end|p1a: Great Tusk|Protosynthesis|[silent]\n|\n|-heal|p2a: Rillaboom|41\/100|[from] Grassy Terrain\n|upkeep\n|\n|t:|1700127730\n|switch|p1a: Dragapult|Dragapult, M|100\/100\n|-damage|p1a: Dragapult|88\/100|[from] Stealth Rock\n|turn|26\n|\n|t:|1700127740\n|move|p2a: Rillaboom|Grassy Glide|p1a: Dragapult\n|-resisted|p1a: Dragapult\n|-damage|p1a: Dragapult|63\/100\n|move|p1a: Dragapult|Flamethrower|p2a: Rillaboom\n|-supereffective|p2a: Rillaboom\n|-damage|p2a: Rillaboom|0 fnt\n|faint|p2a: Rillaboom\n|\n|-heal|p1a: Dragapult|69\/100|[from] Grassy Terrain\n|upkeep\n|\n|t:|1700127750\n|switch|p2a: Kingambit|Kingambit, F|100\/100\n|-activate|p2a: Kingambit|ability: Supreme Overlord\n|-start|p2a: Kingambit|fallen5|[silent]\n|turn|27\n|\n|t:|1700127758\n|move|p1a: Dragapult|Flamethrower|p2a: Kingambit\n|-supereffective|p2a: Kingambit\n|-damage|p2a: Kingambit|51\/100\n|move|p2a: Kingambit|Swords Dance|p2a: Kingambit\n|-boost|p2a: Kingambit|atk|2\n|\n|-heal|p1a: Dragapult|75\/100|[from] Grassy Terrain\n|-heal|p2a: Kingambit|57\/100|[from] Grassy Terrain\n|-heal|p2a: Kingambit|63\/100|[from] item: Leftovers\n|upkeep\n|turn|28\n|\n|t:|1700127769\n|move|p2a: Kingambit|Sucker Punch|p1a: Dragapult\n|-supereffective|p1a: Dragapult\n|-damage|p1a: Dragapult|0 fnt\n|faint|p1a: Dragapult\n|\n|-heal|p2a: Kingambit|69\/100|[from] Grassy Terrain\n|-heal|p2a: Kingambit|76\/100|[from] item: Leftovers\n|upkeep\n|\n|t:|1700127775\n|switch|p1a: Kingambit|Kingambit, F, tera:Flying|46\/100\n|-damage|p1a: Kingambit|21\/100|[from] Stealth Rock\n|-activate|p1a: Kingambit|ability: Supreme Overlord\n|-start|p1a: Kingambit|fallen5|[silent]\n|turn|29\n|\n|t:|1700127783\n|move|p1a: Kingambit|Sucker Punch|p2a: Kingambit\n|-resisted|p2a: Kingambit\n|-damage|p2a: Kingambit|53\/100\n|move|p2a: Kingambit|Kowtow Cleave|p1a: Kingambit\n|-damage|p1a: Kingambit|0 fnt\n|faint|p1a: Kingambit\n|-end|p1a: Kingambit|fallen5|[silent]\n|\n|win|Carchawaii\n|raw|Darth_Darkrai's rating: 1331 &rarr; <strong>1309<\/strong><br \/>(-22 for losing)\n|raw|Carchawaii's rating: 1302 &rarr; <strong>1324<\/strong><br \/>(+22 for winning)\n|l|\u2606Darth_Darkrai\n","uploadtime":1700127792,"views":16,"p1id":"darthdarkrai","p2id":"carchawaii","formatid":"gen9ou","rating":1309,"private":0,"password":""}