{"id":"gen9ou-1990911773","p1":"Mobmaster21","p2":"Ryan&Ditto","format":"[Gen 9] OU","log":"|j|\u2606Mobmaster21\n|j|\u2606Ryan&Ditto\n|t:|1700014278\n|gametype|singles\n|player|p1|Mobmaster21|riley|\n|player|p2|Ryan&Ditto|unknown|\n|teamsize|p1|5\n|teamsize|p2|5\n|gen|9\n|tier|[Gen 9] OU\n|rule|Sleep Clause Mod: Limit one foe put to sleep\n|rule|Species Clause: Limit one of each Pok\u00e9mon\n|rule|OHKO Clause: OHKO moves are banned\n|rule|Evasion Items Clause: Evasion items are banned\n|rule|Evasion Moves Clause: Evasion moves are banned\n|rule|Endless Battle Clause: Forcing endless battles is banned\n|rule|HP Percentage Mod: HP is shown in percentages\n|clearpoke\n|poke|p1|Bisharp, M|\n|poke|p1|Zapdos|\n|poke|p1|Meowscarada, M|\n|poke|p1|Greninja-*, F|\n|poke|p1|Polteageist-Antique|\n|poke|p2|Gastrodon-East, M|\n|poke|p2|Mandibuzz, F|\n|poke|p2|Azumarill, M|\n|poke|p2|Mamoswine, M|\n|poke|p2|Enamorus, F|\n|teampreview\n|c|\u2606Ryan&Ditto|glhf\n|j| Notgeeta101\n|j| JuneBug17\n|c|\u2606Mobmaster21|U2\n|\n|t:|1700014343\n|start\n|switch|p1a: Greninja|Greninja, F|100\/100\n|switch|p2a: elsbeth special|Enamorus, F|100\/100\n|turn|1\n|\n|t:|1700014352\n|switch|p2a: toporo :)|Gastrodon-East, M|100\/100\n|move|p1a: Greninja|Ice Beam|p2a: toporo :)\n|-start|p1a: Greninja|typechange|Ice|[from] ability: Protean\n|-crit|p2a: toporo :)\n|-damage|p2a: toporo :)|32\/100\n|\n|-heal|p2a: toporo :)|38\/100|[from] item: Leftovers\n|upkeep\n|turn|2\n|c|\u2606Ryan&Ditto|bruh\n|j| Rokaithewolf\n|\n|t:|1700014383\n|switch|p2a: mmm mamosweiner|Mamoswine, M|100\/100\n|move|p1a: Greninja|Ice Beam|p2a: mmm mamosweiner\n|-damage|p2a: mmm mamosweiner|74\/100\n|\n|upkeep\n|turn|3\n|\n|t:|1700014424\n|move|p1a: Greninja|Ice Beam|p2a: mmm mamosweiner\n|-damage|p2a: mmm mamosweiner|50\/100\n|move|p2a: mmm mamosweiner|Icicle Crash|p1a: Greninja\n|-resisted|p1a: Greninja\n|-damage|p1a: Greninja|59\/100\n|\n|upkeep\n|turn|4\n|c| Rokaithewolf|Lmao the nickname xD\n|\n|t:|1700014431\n|move|p1a: Greninja|Ice Beam|p2a: mmm mamosweiner\n|-damage|p2a: mmm mamosweiner|23\/100\n|move|p2a: mmm mamosweiner|Earthquake|p1a: Greninja\n|-damage|p1a: Greninja|0 fnt\n|faint|p1a: Greninja\n|\n|upkeep\n|\n|t:|1700014445\n|switch|p1a: Meowscarada|Meowscarada, M|100\/100\n|turn|5\n|\n|t:|1700014459\n|switch|p2a: crying about it|Mandibuzz, F|100\/100\n|move|p1a: Meowscarada|U-turn|p2a: crying about it\n|-start|p1a: Meowscarada|typechange|Bug|[from] ability: Protean\n|-crit|p2a: crying about it\n|-damage|p2a: crying about it|50\/100\n|\n|t:|1700014464\n|switch|p1a: Bisharp|Bisharp, M|100\/100|[from] U-turn\n|\n|upkeep\n|turn|6\n|c|\u2606Ryan&Ditto|bro\n|\n|t:|1700014475\n|move|p2a: crying about it|Roost|p2a: crying about it\n|-heal|p2a: crying about it|99\/100\n|-singleturn|p2a: crying about it|move: Roost\n|move|p1a: Bisharp|Iron Head|p2a: crying about it\n|-damage|p2a: crying about it|73\/100\n|\n|upkeep\n|turn|7\n|c|\u2606Ryan&Ditto|can you stop critting for 6 turns straight\n|\n|t:|1700014487\n|move|p2a: crying about it|Foul Play|p1a: Bisharp\n|-resisted|p1a: Bisharp\n|-damage|p1a: Bisharp|81\/100\n|move|p1a: Bisharp|Swords Dance|p1a: Bisharp\n|-boost|p1a: Bisharp|atk|2\n|\n|upkeep\n|turn|8\n|\n|t:|1700014499\n|move|p2a: crying about it|Iron Defense|p2a: crying about it\n|-boost|p2a: crying about it|def|2\n|move|p1a: Bisharp|Stone Edge|p2a: crying about it\n|-supereffective|p2a: crying about it\n|-damage|p2a: crying about it|27\/100\n|\n|upkeep\n|turn|9\n|\n|t:|1700014505\n|move|p2a: crying about it|Roost|p2a: crying about it\n|-heal|p2a: crying about it|77\/100\n|-singleturn|p2a: crying about it|move: Roost\n|move|p1a: Bisharp|Brick Break|p2a: crying about it\n|-supereffective|p2a: crying about it\n|-damage|p2a: crying about it|40\/100\n|\n|upkeep\n|turn|10\n|\n|t:|1700014512\n|move|p2a: crying about it|Roost|p2a: crying about it\n|-heal|p2a: crying about it|90\/100\n|-singleturn|p2a: crying about it|move: Roost\n|move|p1a: Bisharp|Swords Dance|p1a: Bisharp\n|-boost|p1a: Bisharp|atk|2\n|\n|upkeep\n|turn|11\n|\n|t:|1700014520\n|move|p2a: crying about it|Foul Play|p1a: Bisharp\n|-resisted|p1a: Bisharp\n|-damage|p1a: Bisharp|24\/100\n|move|p1a: Bisharp|Stone Edge|p2a: crying about it\n|-supereffective|p2a: crying about it\n|-crit|p2a: crying about it\n|-damage|p2a: crying about it|0 fnt\n|faint|p2a: crying about it\n|\n|upkeep\n|c|\u2606Ryan&Ditto|FOR FUCKS SAKE\n|\n|t:|1700014533\n|switch|p2a: bubble tea addict|Azumarill, M|100\/100\n|turn|12\n|\n|t:|1700014537\n|move|p2a: bubble tea addict|Aqua Jet|p1a: Bisharp\n|-damage|p1a: Bisharp|9\/100\n|move|p1a: Bisharp|Iron Head|p2a: bubble tea addict\n|-damage|p2a: bubble tea addict|0 fnt\n|faint|p2a: bubble tea addict\n|\n|upkeep\n|c| Rokaithewolf|Damn...\n|\n|t:|1700014544\n|switch|p2a: elsbeth special|Enamorus, F|100\/100\n|turn|13\n|c|\u2606Ryan&Ditto|ffs\n|c|\u2606Ryan&Ditto|game hates me today\n|\n|t:|1700014553\n|switch|p1a: Zapdos|Zapdos|100\/100\n|move|p2a: elsbeth special|Moonblast|p1a: Zapdos\n|-damage|p1a: Zapdos|54\/100\n|\n|upkeep\n|turn|14\n|\n|t:|1700014567\n|switch|p2a: toporo :)|Gastrodon-East, M|38\/100\n|move|p1a: Zapdos|Thunder Wave|p2a: toporo :)\n|-immune|p2a: toporo :)\n|\n|-heal|p2a: toporo :)|44\/100|[from] item: Leftovers\n|upkeep\n|turn|15\n|\n|t:|1700014572\n|move|p1a: Zapdos|Hurricane|p2a: toporo :)\n|-damage|p2a: toporo :)|0 fnt\n|faint|p2a: toporo :)\n|\n|upkeep\n|\n|t:|1700014576\n|switch|p2a: mmm mamosweiner|Mamoswine, M|23\/100\n|turn|16\n|\n|t:|1700014585\n|move|p2a: mmm mamosweiner|Ice Shard|p1a: Zapdos\n|-supereffective|p1a: Zapdos\n|-damage|p1a: Zapdos|10\/100\n|move|p1a: Zapdos|Roost|p1a: Zapdos\n|-heal|p1a: Zapdos|60\/100\n|-singleturn|p1a: Zapdos|move: Roost\n|\n|upkeep\n|turn|17\n|\n|t:|1700014592\n|move|p1a: Zapdos|Hurricane|p2a: mmm mamosweiner|[miss]\n|-miss|p1a: Zapdos|p2a: mmm mamosweiner\n|move|p2a: mmm mamosweiner|Icicle Crash|p1a: Zapdos\n|-supereffective|p1a: Zapdos\n|-damage|p1a: Zapdos|0 fnt\n|faint|p1a: Zapdos\n|\n|upkeep\n|\n|t:|1700014602\n|switch|p1a: Bisharp|Bisharp, M|9\/100\n|turn|18\n|\n|t:|1700014610\n|-terastallize|p2a: mmm mamosweiner|Ice\n|move|p2a: mmm mamosweiner|Ice Shard|p1a: Bisharp\n|-resisted|p1a: Bisharp\n|-damage|p1a: Bisharp|0 fnt\n|faint|p1a: Bisharp\n|\n|upkeep\n|\n|t:|1700014617\n|switch|p1a: Polteageist|Polteageist-Antique|100\/100\n|turn|19\n|j| LogIce\n|\n|t:|1700014639\n|move|p2a: mmm mamosweiner|Ice Shard|p1a: Polteageist\n|-damage|p1a: Polteageist|41\/100\n|-ability|p1a: Polteageist|Weak Armor|boost\n|-unboost|p1a: Polteageist|def|1\n|-boost|p1a: Polteageist|spe|2\n|move|p1a: Polteageist|Shadow Ball|p2a: mmm mamosweiner\n|-damage|p2a: mmm mamosweiner|0 fnt\n|faint|p2a: mmm mamosweiner\n|\n|upkeep\n|\n|t:|1700014643\n|switch|p2a: elsbeth special|Enamorus, F|100\/100\n|turn|20\n|\n|t:|1700014651\n|move|p1a: Polteageist|Shadow Ball|p2a: elsbeth special\n|-damage|p2a: elsbeth special|33\/100\n|move|p2a: elsbeth special|Moonblast|p1a: Polteageist\n|-damage|p1a: Polteageist|0 fnt\n|faint|p1a: Polteageist\n|\n|upkeep\n|\n|t:|1700014656\n|switch|p1a: Meowscarada|Meowscarada, M|100\/100\n|turn|21\n|c|\u2606Ryan&Ditto|bailed by crits smh\n|c|\u2606Ryan&Ditto|gg\n|\n|t:|1700014663\n|-terastallize|p1a: Meowscarada|Ghost\n|move|p1a: Meowscarada|Thunder Punch|p2a: elsbeth special\n|-supereffective|p2a: elsbeth special\n|-damage|p2a: elsbeth special|0 fnt\n|faint|p2a: elsbeth special\n|\n|win|Mobmaster21\n|c| Rokaithewolf|Ggs\n|l| Rokaithewolf\n|l| Notgeeta101\n|l| JuneBug17\n|l|\u2606Mobmaster21\n","uploadtime":1700014673,"views":61,"p1id":"mobmaster21","p2id":"ryanditto","formatid":"gen9ou","rating":0,"private":0,"password":""}