{"id":"gen9ou-1994429658","p1":"LazyForReal","p2":"Yankiken","format":"[Gen 9] OU","log":"|j|\u2606LazyForReal\n|j|\u2606Yankiken\n|t:|1700442993\n|gametype|singles\n|player|p1|LazyForReal|n-masters|1653\n|player|p2|Yankiken|lady-gen4|1787\n|teamsize|p1|6\n|teamsize|p2|6\n|gen|9\n|tier|[Gen 9] OU\n|rated|\n|rule|Sleep Clause Mod: Limit one foe put to sleep\n|rule|Species Clause: Limit one of each Pok\u00e9mon\n|rule|OHKO Clause: OHKO moves are banned\n|rule|Evasion Items Clause: Evasion items are banned\n|rule|Evasion Moves Clause: Evasion moves are banned\n|rule|Endless Battle Clause: Forcing endless battles is banned\n|rule|HP Percentage Mod: HP is shown in percentages\n|clearpoke\n|poke|p1|Glimmora, F|\n|poke|p1|Iron Valiant|\n|poke|p1|Sneasler, M|\n|poke|p1|Armarouge, F|\n|poke|p1|Indeedee, M|\n|poke|p1|Ogerpon-Wellspring, F|\n|poke|p2|Amoonguss, F|\n|poke|p2|Gholdengo|\n|poke|p2|Zamazenta-*|\n|poke|p2|Ting-Lu|\n|poke|p2|Zapdos|\n|poke|p2|Slowking, F|\n|teampreview\n|inactive|Battle timer is ON: inactive players will automatically lose when time's up. (requested by LazyForReal)\n|j|+Shellnuts\n|l|+Shellnuts\n|j| personnazr\n|inactive|Yankiken has 120 seconds left.\n|\n|t:|1700443033\n|start\n|switch|p1a: lol1|Glimmora, F|100\/100\n|switch|p2a: Zapdos|Zapdos|100\/100\n|turn|1\n|inactive|LazyForReal has 120 seconds left.\n|\n|t:|1700443068\n|move|p2a: Zapdos|Volt Switch|p1a: lol1\n|-damage|p1a: lol1|48\/100\n|\n|t:|1700443074\n|switch|p2a: Amoonguss|Amoonguss, F|100\/100|[from] Volt Switch\n|move|p1a: lol1|Power Gem|p2a: Amoonguss\n|-damage|p2a: Amoonguss|67\/100\n|\n|upkeep\n|turn|2\n|\n|t:|1700443079\n|move|p1a: lol1|Stealth Rock|p2a: Amoonguss\n|-sidestart|p2: Yankiken|move: Stealth Rock\n|move|p2a: Amoonguss|Spore|p1a: lol1\n|-status|p1a: lol1|slp|[from] move: Spore\n|\n|upkeep\n|turn|3\n|\n|t:|1700443085\n|switch|p1a: lol5|Indeedee, M|100\/100\n|-fieldstart|move: Psychic Terrain|[from] ability: Psychic Surge|[of] p1a: lol5\n|switch|p2a: Ting-Lu|Ting-Lu|100\/100\n|-ability|p2a: Ting-Lu|Vessel of Ruin\n|\n|upkeep\n|turn|4\n|\n|t:|1700443090\n|switch|p1a: lol6|Ogerpon-Wellspring, F|100\/100\n|move|p2a: Ting-Lu|Stealth Rock|p1a: lol6\n|-sidestart|p1: LazyForReal|move: Stealth Rock\n|\n|upkeep\n|turn|5\n|\n|t:|1700443093\n|switch|p2a: Amoonguss|Amoonguss, F|100\/100\n|move|p1a: lol6|Swords Dance|p1a: lol6\n|-boost|p1a: lol6|atk|2\n|\n|upkeep\n|turn|6\n|\n|t:|1700443098\n|switch|p1a: lol4|Armarouge, F|100\/100\n|-damage|p1a: lol4|76\/100|[from] Stealth Rock\n|move|p2a: Amoonguss|Foul Play|p1a: lol4\n|-supereffective|p1a: lol4\n|-damage|p1a: lol4|53\/100\n|-ability|p1a: lol4|Weak Armor|boost\n|-unboost|p1a: lol4|def|1\n|-boost|p1a: lol4|spe|2\n|-enditem|p1a: lol4|Weakness Policy\n|-boost|p1a: lol4|atk|2|[from] item: Weakness Policy\n|-boost|p1a: lol4|spa|2|[from] item: Weakness Policy\n|\n|upkeep\n|turn|7\n|\n|t:|1700443110\n|-terastallize|p2a: Amoonguss|Dark\n|move|p1a: lol4|Armor Cannon|p2a: Amoonguss\n|-damage|p2a: Amoonguss|0 fnt\n|-unboost|p1a: lol4|def|1\n|-unboost|p1a: lol4|spd|1\n|faint|p2a: Amoonguss\n|\n|upkeep\n|\n|t:|1700443116\n|switch|p2a: Slowking|Slowking, F|100\/100\n|turn|8\n|\n|t:|1700443133\n|move|p1a: lol4|Expanding Force|p2a: Slowking\n|-resisted|p2a: Slowking\n|-damage|p2a: Slowking|52\/100\n|move|p2a: Slowking|Scald|p1a: lol4\n|-supereffective|p1a: lol4\n|-damage|p1a: lol4|0 fnt\n|faint|p1a: lol4\n|\n|upkeep\n|\n|t:|1700443136\n|switch|p1a: lol6|Ogerpon-Wellspring, F|100\/100\n|-damage|p1a: lol6|88\/100|[from] Stealth Rock\n|turn|9\n|\n|t:|1700443152\n|switch|p2a: Ting-Lu|Ting-Lu|100\/100\n|-ability|p2a: Ting-Lu|Vessel of Ruin\n|move|p1a: lol6|Swords Dance|p1a: lol6\n|-boost|p1a: lol6|atk|2\n|\n|upkeep\n|turn|10\n|\n|t:|1700443160\n|move|p1a: lol6|Ivy Cudgel|p2a: Ting-Lu|[anim] Ivy Cudgel Water\n|-supereffective|p2a: Ting-Lu\n|-damage|p2a: Ting-Lu|0 fnt\n|faint|p2a: Ting-Lu\n|\n|-fieldend|move: Psychic Terrain\n|upkeep\n|\n|t:|1700443165\n|switch|p2a: Zamazenta|Zamazenta|100\/100\n|-ability|p2a: Zamazenta|Dauntless Shield|boost\n|-boost|p2a: Zamazenta|def|1\n|turn|11\n|l| personnazr\n|\n|t:|1700443175\n|move|p2a: Zamazenta|Close Combat|p1a: lol6\n|-damage|p1a: lol6|12\/100\n|-unboost|p2a: Zamazenta|def|1\n|-unboost|p2a: Zamazenta|spd|1\n|move|p1a: lol6|Power Whip|p2a: Zamazenta\n|-damage|p2a: Zamazenta|0 fnt\n|faint|p2a: Zamazenta\n|\n|upkeep\n|\n|t:|1700443185\n|switch|p2a: Zapdos|Zapdos|100\/100\n|turn|12\n|\n|t:|1700443187\n|move|p1a: lol6|Ivy Cudgel|p2a: Zapdos|[anim] Ivy Cudgel Water\n|-damage|p2a: Zapdos|0 fnt\n|faint|p2a: Zapdos\n|\n|upkeep\n|-message|Yankiken forfeited.\n|\n|win|LazyForReal\n|raw|LazyForReal's rating: 1653 &rarr; <strong>1680<\/strong><br \/>(+27 for winning)\n|raw|Yankiken's rating: 1787 &rarr; <strong>1760<\/strong><br \/>(-27 for losing)\n|l|\u2606Yankiken\n|j|\u2606Yankiken\n|player|p2|Yankiken|lady-gen4\n|l|\u2606Yankiken\n|player|p2|\n","uploadtime":1700443196,"views":18,"p1id":"lazyforreal","p2id":"yankiken","formatid":"gen9ou","rating":1680,"private":0,"password":""}