{"id":"gen9ou-1991803540","p1":"ratatta17","p2":"we're so barack","format":"[Gen 9] OU","log":"|j|\u2606ratatta17\n|j|\u2606we're so barack\n|t:|1700120325\n|gametype|singles\n|player|p1|ratatta17|2|1501\n|player|p2|we're so barack|giovanni|1591\n|teamsize|p1|6\n|teamsize|p2|6\n|gen|9\n|tier|[Gen 9] OU\n|rated|\n|rule|Sleep Clause Mod: Limit one foe put to sleep\n|rule|Species Clause: Limit one of each Pok\u00e9mon\n|rule|OHKO Clause: OHKO moves are banned\n|rule|Evasion Items Clause: Evasion items are banned\n|rule|Evasion Moves Clause: Evasion moves are banned\n|rule|Endless Battle Clause: Forcing endless battles is banned\n|rule|HP Percentage Mod: HP is shown in percentages\n|clearpoke\n|poke|p1|Azumarill, F|\n|poke|p1|Staraptor, F|\n|poke|p1|Toedscruel, M|\n|poke|p1|Skeledirge, M|\n|poke|p1|Ninetales-Alola, F|\n|poke|p1|Iron Valiant|\n|poke|p2|Okidogi, M|\n|poke|p2|Mamoswine, M|\n|poke|p2|Slowking, M|\n|poke|p2|Brambleghast, M|\n|poke|p2|Dragapult, F|\n|poke|p2|Iron Valiant|\n|teampreview\n|inactive|Battle timer is ON: inactive players will automatically lose when time's up. (requested by we're so barack)\n|c|\u2606we're so barack|I fuck with your team\n|inactive|ratatta17 has 120 seconds left.\n|j| Fourthstar\n|inactive|we're so barack has 120 seconds left.\n|\n|t:|1700120369\n|start\n|switch|p1a: Staraptor|Staraptor, F|100\/100\n|switch|p2a: Okidogi|Okidogi, M|100\/100\n|-ability|p1a: Staraptor|Intimidate|boost\n|-unboost|p2a: Okidogi|atk|1\n|turn|1\n|\n|t:|1700120395\n|switch|p2a: Dragapult|Dragapult, F|100\/100\n|move|p1a: Staraptor|Final Gambit|p2a: Dragapult\n|-immune|p2a: Dragapult\n|\n|upkeep\n|turn|2\n|c|\u2606ratatta17|what does it mean ?\n|\n|t:|1700120400\n|switch|p1a: Ninetales|Ninetales-Alola, F|100\/100\n|-weather|Snow|[from] ability: Snow Warning|[of] p1a: Ninetales\n|move|p2a: Dragapult|Draco Meteor|p1a: Ninetales\n|-immune|p1a: Ninetales\n|\n|-weather|Snow|[upkeep]\n|upkeep\n|turn|3\n|c|\u2606we're so barack|I like your team\n|\n|t:|1700120422\n|switch|p2a: Okidogi|Okidogi, M|100\/100\n|move|p1a: Ninetales|Aurora Veil|p1a: Ninetales\n|-sidestart|p1: ratatta17|move: Aurora Veil\n|\n|-weather|Snow|[upkeep]\n|upkeep\n|turn|4\n|\n|t:|1700120427\n|switch|p1a: Toedscruel|Toedscruel, M|100\/100\n|move|p2a: Okidogi|Knock Off|p1a: Toedscruel\n|-damage|p1a: Toedscruel|86\/100\n|-enditem|p1a: Toedscruel|Leftovers|[from] move: Knock Off|[of] p2a: Okidogi\n|\n|-weather|Snow|[upkeep]\n|upkeep\n|turn|5\n|\n|t:|1700120434\n|switch|p2a: Brambleghast|Brambleghast, M|100\/100\n|move|p1a: Toedscruel|Knock Off|p2a: Brambleghast\n|-supereffective|p2a: Brambleghast\n|-enditem|p2a: Brambleghast|Colbur Berry|[eat]\n|-enditem|p2a: Brambleghast|Colbur Berry|[weaken]\n|-damage|p2a: Brambleghast|76\/100\n|\n|-weather|Snow|[upkeep]\n|upkeep\n|turn|6\n|\n|t:|1700120440\n|switch|p1a: Skeledirge|Skeledirge, M|100\/100\n|move|p2a: Brambleghast|Poltergeist|p1a: Skeledirge\n|-activate|p1a: Skeledirge|move: Poltergeist|Leftovers\n|-supereffective|p1a: Skeledirge\n|-damage|p1a: Skeledirge|65\/100\n|\n|-weather|none\n|-heal|p1a: Skeledirge|71\/100|[from] item: Leftovers\n|upkeep\n|turn|7\n|\n|t:|1700120445\n|switch|p2a: Dragapult|Dragapult, F|100\/100\n|move|p1a: Skeledirge|Will-O-Wisp|p2a: Dragapult\n|-status|p2a: Dragapult|brn\n|\n|-heal|p1a: Skeledirge|77\/100|[from] item: Leftovers\n|-damage|p2a: Dragapult|95\/100 brn|[from] brn\n|upkeep\n|turn|8\n|\n|t:|1700120451\n|switch|p1a: Staraptor|Staraptor, F|100\/100\n|-ability|p1a: Staraptor|Intimidate|boost\n|-unboost|p2a: Dragapult|atk|1\n|move|p2a: Dragapult|Shadow Ball|p1a: Staraptor\n|-immune|p1a: Staraptor\n|\n|-damage|p2a: Dragapult|89\/100 brn|[from] brn\n|upkeep\n|turn|9\n|\n|t:|1700120457\n|switch|p2a: Slowking|Slowking, M|100\/100\n|move|p1a: Staraptor|U-turn|p2a: Slowking\n|-supereffective|p2a: Slowking\n|-damage|p2a: Slowking|62\/100\n|\n|t:|1700120461\n|switch|p1a: Iron Valiant|Iron Valiant|100\/100|[from] U-turn\n|\n|upkeep\n|turn|10\n|\n|t:|1700120465\n|move|p1a: Iron Valiant|Knock Off|p2a: Slowking\n|-supereffective|p2a: Slowking\n|-damage|p2a: Slowking|0 fnt\n|-enditem|p2a: Slowking|Heavy-Duty Boots|[from] move: Knock Off|[of] p1a: Iron Valiant\n|faint|p2a: Slowking\n|-damage|p1a: Iron Valiant|91\/100|[from] item: Life Orb\n|\n|-sideend|p1: ratatta17|move: Aurora Veil\n|upkeep\n|\n|t:|1700120474\n|switch|p2a: Okidogi|Okidogi, M|100\/100\n|turn|11\n|\n|t:|1700120479\n|-end|p1a: Iron Valiant|Quark Drive|[silent]\n|switch|p1a: Toedscruel|Toedscruel, M|86\/100\n|move|p2a: Okidogi|Gunk Shot|p1a: Toedscruel\n|-damage|p1a: Toedscruel|35\/100\n|\n|upkeep\n|turn|12\n|\n|t:|1700120488\n|move|p2a: Okidogi|Gunk Shot|p1a: Toedscruel|[miss]\n|-miss|p2a: Okidogi|p1a: Toedscruel\n|move|p1a: Toedscruel|Knock Off|p2a: Okidogi\n|-resisted|p2a: Okidogi\n|-damage|p2a: Okidogi|93\/100\n|-enditem|p2a: Okidogi|Choice Scarf|[from] move: Knock Off|[of] p1a: Toedscruel\n|\n|upkeep\n|turn|13\n|\n|t:|1700120492\n|move|p2a: Okidogi|Ice Punch|p1a: Toedscruel\n|-supereffective|p1a: Toedscruel\n|-damage|p1a: Toedscruel|0 fnt\n|faint|p1a: Toedscruel\n|\n|upkeep\n|\n|t:|1700120510\n|switch|p1a: Staraptor|Staraptor, F|100\/100\n|-ability|p1a: Staraptor|Intimidate|boost\n|-unboost|p2a: Okidogi|atk|1\n|turn|14\n|\n|t:|1700120516\n|move|p1a: Staraptor|U-turn|p2a: Okidogi\n|-resisted|p2a: Okidogi\n|-damage|p2a: Okidogi|89\/100\n|\n|t:|1700120520\n|switch|p1a: Skeledirge|Skeledirge, M|77\/100|[from] U-turn\n|move|p2a: Okidogi|Ice Punch|p1a: Skeledirge\n|-resisted|p1a: Skeledirge\n|-crit|p1a: Skeledirge\n|-damage|p1a: Skeledirge|61\/100\n|\n|-heal|p1a: Skeledirge|67\/100|[from] item: Leftovers\n|upkeep\n|turn|15\n|\n|t:|1700120528\n|switch|p2a: Dragapult|Dragapult, F|89\/100 brn\n|move|p1a: Skeledirge|Will-O-Wisp|p2a: Dragapult\n|-fail|p2a: Dragapult|brn\n|\n|-heal|p1a: Skeledirge|73\/100|[from] item: Leftovers\n|-damage|p2a: Dragapult|83\/100 brn|[from] brn\n|upkeep\n|turn|16\n|\n|t:|1700120533\n|switch|p1a: Staraptor|Staraptor, F|100\/100\n|-ability|p1a: Staraptor|Intimidate|boost\n|-unboost|p2a: Dragapult|atk|1\n|move|p2a: Dragapult|Draco Meteor|p1a: Staraptor|[miss]\n|-miss|p2a: Dragapult|p1a: Staraptor\n|\n|-damage|p2a: Dragapult|77\/100 brn|[from] brn\n|upkeep\n|turn|17\n|\n|t:|1700120539\n|move|p1a: Staraptor|Brave Bird|p2a: Dragapult\n|-damage|p2a: Dragapult|6\/100 brn\n|-damage|p1a: Staraptor|81\/100|[from] Recoil\n|move|p2a: Dragapult|Draco Meteor|p1a: Staraptor\n|-damage|p1a: Staraptor|0 fnt\n|-unboost|p2a: Dragapult|spa|2\n|faint|p1a: Staraptor\n|\n|-damage|p2a: Dragapult|0 fnt|[from] brn\n|faint|p2a: Dragapult\n|upkeep\n|\n|t:|1700120546\n|switch|p2a: Iron Valiant|Iron Valiant|100\/100\n|switch|p1a: Ninetales|Ninetales-Alola, F|100\/100\n|-weather|Snow|[from] ability: Snow Warning|[of] p1a: Ninetales\n|-enditem|p2a: Iron Valiant|Booster Energy\n|-activate|p2a: Iron Valiant|ability: Quark Drive|[fromitem]\n|-start|p2a: Iron Valiant|quarkdrivespe\n|turn|18\n|\n|t:|1700120549\n|move|p2a: Iron Valiant|Knock Off|p1a: Ninetales\n|-resisted|p1a: Ninetales\n|-damage|p1a: Ninetales|86\/100\n|-enditem|p1a: Ninetales|Light Clay|[from] move: Knock Off|[of] p2a: Iron Valiant\n|move|p1a: Ninetales|Encore|p2a: Iron Valiant\n|-start|p2a: Iron Valiant|Encore\n|\n|-weather|Snow|[upkeep]\n|upkeep\n|turn|19\n|\n|t:|1700120564\n|-end|p2a: Iron Valiant|Quark Drive|[silent]\n|switch|p2a: Okidogi|Okidogi, M|89\/100\n|move|p1a: Ninetales|Aurora Veil|p1a: Ninetales\n|-sidestart|p1: ratatta17|move: Aurora Veil\n|\n|-weather|Snow|[upkeep]\n|upkeep\n|turn|20\n|\n|t:|1700120575\n|switch|p1a: Iron Valiant|Iron Valiant|91\/100\n|move|p2a: Okidogi|Gunk Shot|p1a: Iron Valiant\n|-supereffective|p1a: Iron Valiant\n|-damage|p1a: Iron Valiant|5\/100\n|-status|p1a: Iron Valiant|psn\n|\n|-weather|Snow|[upkeep]\n|-damage|p1a: Iron Valiant|0 fnt|[from] psn\n|faint|p1a: Iron Valiant\n|-end|p1a: Iron Valiant|Quark Drive|[silent]\n|upkeep\n|\n|t:|1700120587\n|switch|p1a: Skeledirge|Skeledirge, M|73\/100\n|turn|21\n|\n|t:|1700120593\n|switch|p2a: Brambleghast|Brambleghast, M|76\/100\n|move|p1a: Skeledirge|Will-O-Wisp|p2a: Brambleghast\n|-status|p2a: Brambleghast|brn\n|\n|-weather|Snow|[upkeep]\n|-heal|p1a: Skeledirge|79\/100|[from] item: Leftovers\n|-damage|p2a: Brambleghast|70\/100 brn|[from] brn\n|upkeep\n|turn|22\n|\n|t:|1700120600\n|move|p2a: Brambleghast|Poltergeist|p1a: Skeledirge|[miss]\n|-miss|p2a: Brambleghast|p1a: Skeledirge\n|move|p1a: Skeledirge|Torch Song|p2a: Brambleghast\n|-supereffective|p2a: Brambleghast\n|-crit|p2a: Brambleghast\n|-damage|p2a: Brambleghast|0 fnt\n|-boost|p1a: Skeledirge|spa|1\n|faint|p2a: Brambleghast\n|\n|-weather|none\n|-heal|p1a: Skeledirge|85\/100|[from] item: Leftovers\n|upkeep\n|\n|t:|1700120615\n|switch|p2a: Iron Valiant|Iron Valiant|100\/100\n|turn|23\n|\n|t:|1700120620\n|move|p2a: Iron Valiant|Knock Off|p1a: Skeledirge\n|-supereffective|p1a: Skeledirge\n|-damage|p1a: Skeledirge|59\/100\n|-enditem|p1a: Skeledirge|Leftovers|[from] move: Knock Off|[of] p2a: Iron Valiant\n|move|p1a: Skeledirge|Will-O-Wisp|p2a: Iron Valiant|[miss]\n|-miss|p1a: Skeledirge|p2a: Iron Valiant\n|\n|-sideend|p1: ratatta17|move: Aurora Veil\n|upkeep\n|turn|24\n|\n|t:|1700120625\n|move|p2a: Iron Valiant|Encore|p1a: Skeledirge\n|-start|p1a: Skeledirge|Encore\n|move|p1a: Skeledirge|Will-O-Wisp|p2a: Iron Valiant\n|-status|p2a: Iron Valiant|brn\n|\n|-damage|p2a: Iron Valiant|94\/100 brn|[from] brn\n|upkeep\n|turn|25\n|\n|t:|1700120628\n|switch|p1a: Ninetales|Ninetales-Alola, F|86\/100\n|-weather|Snow|[from] ability: Snow Warning|[of] p1a: Ninetales\n|move|p2a: Iron Valiant|Knock Off|p1a: Ninetales\n|-resisted|p1a: Ninetales\n|-damage|p1a: Ninetales|82\/100\n|\n|-weather|Snow|[upkeep]\n|-damage|p2a: Iron Valiant|88\/100 brn|[from] brn\n|upkeep\n|turn|26\n|\n|t:|1700120634\n|move|p2a: Iron Valiant|Moonblast|p1a: Ninetales\n|-damage|p1a: Ninetales|52\/100\n|move|p1a: Ninetales|Aurora Veil|p1a: Ninetales\n|-sidestart|p1: ratatta17|move: Aurora Veil\n|\n|-weather|Snow|[upkeep]\n|-damage|p2a: Iron Valiant|82\/100 brn|[from] brn\n|upkeep\n|turn|27\n|\n|t:|1700120637\n|switch|p1a: Skeledirge|Skeledirge, M|59\/100\n|move|p2a: Iron Valiant|Encore||[still]\n|-fail|p2a: Iron Valiant\n|\n|-weather|Snow|[upkeep]\n|-damage|p2a: Iron Valiant|76\/100 brn|[from] brn\n|upkeep\n|turn|28\n|l| Fourthstar\n|\n|t:|1700120641\n|move|p2a: Iron Valiant|Knock Off|p1a: Skeledirge\n|-supereffective|p1a: Skeledirge\n|-damage|p1a: Skeledirge|50\/100\n|move|p1a: Skeledirge|Slack Off|p1a: Skeledirge\n|-heal|p1a: Skeledirge|99\/100\n|\n|-weather|Snow|[upkeep]\n|-damage|p2a: Iron Valiant|69\/100 brn|[from] brn\n|upkeep\n|turn|29\n|\n|t:|1700120644\n|switch|p1a: Ninetales|Ninetales-Alola, F|52\/100\n|move|p2a: Iron Valiant|Encore||[still]\n|-fail|p2a: Iron Valiant\n|\n|-weather|none\n|-damage|p2a: Iron Valiant|63\/100 brn|[from] brn\n|upkeep\n|turn|30\n|\n|t:|1700120650\n|switch|p1a: Skeledirge|Skeledirge, M|99\/100\n|move|p2a: Iron Valiant|Moonblast|p1a: Skeledirge\n|-resisted|p1a: Skeledirge\n|-damage|p1a: Skeledirge|93\/100\n|-unboost|p1a: Skeledirge|spa|1\n|\n|-damage|p2a: Iron Valiant|57\/100 brn|[from] brn\n|-sideend|p1: ratatta17|move: Aurora Veil\n|upkeep\n|turn|31\n|\n|t:|1700120660\n|move|p2a: Iron Valiant|Moonblast|p1a: Skeledirge\n|-resisted|p1a: Skeledirge\n|-damage|p1a: Skeledirge|78\/100\n|move|p1a: Skeledirge|Torch Song|p2a: Iron Valiant\n|-damage|p2a: Iron Valiant|16\/100 brn\n|-boost|p1a: Skeledirge|spa|1\n|\n|-damage|p2a: Iron Valiant|10\/100 brn|[from] brn\n|upkeep\n|turn|32\n|\n|t:|1700120665\n|move|p2a: Iron Valiant|Knock Off|p1a: Skeledirge\n|-supereffective|p1a: Skeledirge\n|-damage|p1a: Skeledirge|59\/100\n|move|p1a: Skeledirge|Slack Off|p1a: Skeledirge\n|-heal|p1a: Skeledirge|100\/100\n|\n|-damage|p2a: Iron Valiant|4\/100 brn|[from] brn\n|upkeep\n|turn|33\n|\n|t:|1700120669\n|move|p2a: Iron Valiant|Moonblast|p1a: Skeledirge\n|-resisted|p1a: Skeledirge\n|-damage|p1a: Skeledirge|84\/100\n|-unboost|p1a: Skeledirge|spa|1\n|move|p1a: Skeledirge|Torch Song|p2a: Iron Valiant\n|-damage|p2a: Iron Valiant|0 fnt\n|-boost|p1a: Skeledirge|spa|1\n|faint|p2a: Iron Valiant\n|-end|p2a: Iron Valiant|Quark Drive|[silent]\n|\n|upkeep\n|\n|t:|1700120672\n|switch|p2a: Mamoswine|Mamoswine, M|100\/100\n|turn|34\n|\n|t:|1700120679\n|-terastallize|p2a: Mamoswine|Flying\n|-terastallize|p1a: Skeledirge|Dragon\n|move|p2a: Mamoswine|High Horsepower|p1a: Skeledirge|[miss]\n|-miss|p2a: Mamoswine|p1a: Skeledirge\n|move|p1a: Skeledirge|Will-O-Wisp|p2a: Mamoswine\n|-status|p2a: Mamoswine|brn\n|\n|-damage|p2a: Mamoswine|94\/100 brn|[from] brn\n|upkeep\n|turn|35\n|\n|t:|1700120685\n|switch|p1a: Ninetales|Ninetales-Alola, F|52\/100\n|-weather|Snow|[from] ability: Snow Warning|[of] p1a: Ninetales\n|move|p2a: Mamoswine|Icicle Crash|p1a: Ninetales\n|-resisted|p1a: Ninetales\n|-damage|p1a: Ninetales|41\/100\n|-damage|p2a: Mamoswine|84\/100 brn|[from] item: Life Orb\n|\n|-weather|Snow|[upkeep]\n|-damage|p2a: Mamoswine|78\/100 brn|[from] brn\n|upkeep\n|turn|36\n|\n|t:|1700120692\n|move|p2a: Mamoswine|High Horsepower|p1a: Ninetales\n|-damage|p1a: Ninetales|14\/100\n|-damage|p2a: Mamoswine|68\/100 brn|[from] item: Life Orb\n|move|p1a: Ninetales|Aurora Veil|p1a: Ninetales\n|-sidestart|p1: ratatta17|move: Aurora Veil\n|\n|-weather|Snow|[upkeep]\n|-damage|p2a: Mamoswine|62\/100 brn|[from] brn\n|upkeep\n|turn|37\n|\n|t:|1700120696\n|move|p2a: Mamoswine|Stealth Rock|p1a: Ninetales\n|-sidestart|p1: ratatta17|move: Stealth Rock\n|move|p1a: Ninetales|Encore|p2a: Mamoswine\n|-start|p2a: Mamoswine|Encore\n|\n|-weather|Snow|[upkeep]\n|-damage|p2a: Mamoswine|56\/100 brn|[from] brn\n|upkeep\n|turn|38\n|\n|t:|1700120699\n|switch|p2a: Okidogi|Okidogi, M|89\/100\n|switch|p1a: Skeledirge|Skeledirge, M, tera:Dragon|84\/100\n|-damage|p1a: Skeledirge|72\/100|[from] Stealth Rock\n|\n|-weather|Snow|[upkeep]\n|upkeep\n|turn|39\n|\n|t:|1700120708\n|move|p2a: Okidogi|Gunk Shot|p1a: Skeledirge\n|-crit|p1a: Skeledirge\n|-damage|p1a: Skeledirge|0 fnt\n|faint|p1a: Skeledirge\n|\n|-weather|none\n|upkeep\n|\n|t:|1700120716\n|switch|p1a: Azumarill|Azumarill, F|100\/100\n|-damage|p1a: Azumarill|88\/100|[from] Stealth Rock\n|turn|40\n|\n|t:|1700120723\n|switch|p2a: Mamoswine|Mamoswine, M, tera:Flying|56\/100 brn\n|move|p1a: Azumarill|Belly Drum|p1a: Azumarill\n|-damage|p1a: Azumarill|38\/100\n|-setboost|p1a: Azumarill|atk|6|[from] move: Belly Drum\n|-enditem|p1a: Azumarill|Sitrus Berry|[eat]\n|-heal|p1a: Azumarill|63\/100|[from] item: Sitrus Berry\n|\n|-damage|p2a: Mamoswine|50\/100 brn|[from] brn\n|-sideend|p1: ratatta17|move: Aurora Veil\n|upkeep\n|turn|41\n|\n|t:|1700120729\n|move|p1a: Azumarill|Aqua Jet|p2a: Mamoswine\n|-damage|p2a: Mamoswine|0 fnt\n|faint|p2a: Mamoswine\n|\n|upkeep\n|\n|t:|1700120731\n|switch|p2a: Okidogi|Okidogi, M|89\/100\n|turn|42\n|\n|t:|1700120733\n|move|p1a: Azumarill|Aqua Jet|p2a: Okidogi\n|-damage|p2a: Okidogi|0 fnt\n|faint|p2a: Okidogi\n|\n|win|ratatta17\n|raw|ratatta17's rating: 1501 &rarr; <strong>1526<\/strong><br \/>(+25 for winning)\n|raw|we&apos;re so barack's rating: 1591 &rarr; <strong>1566<\/strong><br \/>(-25 for losing)\n|l|\u2606we're so barack\n","uploadtime":1700120336,"views":22,"p1id":"ratatta17","p2id":"weresobarack","formatid":"gen9ou","rating":1526,"private":0,"password":""}