{"id":"gen9ou-1994613575","p1":"Skaraptor2.1","p2":"iron tusk 69","format":"[Gen 9] OU","log":"|j|\u2606Skaraptor2.1\n|j|\u2606iron tusk 69\n|t:|1700469478\n|gametype|singles\n|player|p1|Skaraptor2.1|bodybuilderf-gen9|\n|player|p2|iron tusk 69|biker-gen4|\n|teamsize|p1|6\n|teamsize|p2|6\n|gen|9\n|tier|[Gen 9] OU\n|rule|Sleep Clause Mod: Limit one foe put to sleep\n|rule|Species Clause: Limit one of each Pok\u00e9mon\n|rule|OHKO Clause: OHKO moves are banned\n|rule|Evasion Items Clause: Evasion items are banned\n|rule|Evasion Moves Clause: Evasion moves are banned\n|rule|Endless Battle Clause: Forcing endless battles is banned\n|rule|HP Percentage Mod: HP is shown in percentages\n|clearpoke\n|poke|p1|Ribombee, M|\n|poke|p1|Ogerpon-Wellspring, F|\n|poke|p1|Great Tusk|\n|poke|p1|Zamazenta-*|\n|poke|p1|Iron Valiant|\n|poke|p1|Kingambit, F|\n|poke|p2|Ribombee, F|\n|poke|p2|Samurott-Hisui, F|\n|poke|p2|Glimmora, M|\n|poke|p2|Gholdengo|\n|poke|p2|Iron Treads|\n|poke|p2|Kingambit, F|\n|teampreview\n|inactive|Battle timer is ON: inactive players will automatically lose when time's up. (requested by Skaraptor2.1)\n|c|\u2606iron tusk 69|sacred webs matchup\n|\n|t:|1700469497\n|start\n|switch|p1a: Twink|Ribombee, M|100\/100\n|switch|p2a: WEB META|Ribombee, F|100\/100\n|turn|1\n|\n|t:|1700469502\n|move|p2a: WEB META|Stun Spore|p1a: Twink|[miss]\n|-miss|p2a: WEB META|p1a: Twink\n|move|p1a: Twink|Stun Spore|p2a: WEB META\n|-status|p2a: WEB META|par\n|\n|upkeep\n|turn|2\n|c|\u2606iron tusk 69|is this another girlboss team\n|\n|t:|1700469509\n|move|p1a: Twink|Sticky Web|p2a: WEB META\n|-sidestart|p2: iron tusk 69|move: Sticky Web\n|move|p2a: WEB META|Sticky Web|p1a: Twink\n|-sidestart|p1: Skaraptor2.1|move: Sticky Web\n|\n|upkeep\n|turn|3\n|\n|t:|1700469514\n|move|p1a: Twink|Moonblast|p2a: WEB META\n|-damage|p2a: WEB META|43\/100 par\n|move|p2a: WEB META|Moonblast|p1a: Twink\n|-damage|p1a: Twink|44\/100\n|\n|upkeep\n|turn|4\n|\n|t:|1700469520\n|move|p1a: Twink|Moonblast|p2a: WEB META\n|-crit|p2a: WEB META\n|-damage|p2a: WEB META|0 fnt\n|faint|p2a: WEB META\n|\n|upkeep\n|\n|t:|1700469535\n|switch|p2a: IRON TUSK 69|Iron Treads|100\/100\n|-activate|p2a: IRON TUSK 69|move: Sticky Web\n|-unboost|p2a: IRON TUSK 69|spe|1\n|-enditem|p2a: IRON TUSK 69|Booster Energy\n|-activate|p2a: IRON TUSK 69|ability: Quark Drive|[fromitem]\n|-start|p2a: IRON TUSK 69|quarkdrivedef\n|turn|5\n|\n|t:|1700469538\n|move|p1a: Twink|Stun Spore|p2a: IRON TUSK 69\n|-status|p2a: IRON TUSK 69|par\n|move|p2a: IRON TUSK 69|Rapid Spin|p1a: Twink\n|-crit|p1a: Twink\n|-damage|p1a: Twink|16\/100\n|-boost|p2a: IRON TUSK 69|spe|1\n|-sideend|p2: iron tusk 69|Sticky Web|[from] move: Rapid Spin|[of] p2a: IRON TUSK 69\n|\n|upkeep\n|turn|6\n|\n|t:|1700469543\n|move|p1a: Twink|Sticky Web|p2a: IRON TUSK 69\n|-sidestart|p2: iron tusk 69|move: Sticky Web\n|cant|p2a: IRON TUSK 69|par\n|\n|upkeep\n|turn|7\n|\n|t:|1700469546\n|move|p1a: Twink|Moonblast|p2a: IRON TUSK 69\n|-resisted|p2a: IRON TUSK 69\n|-damage|p2a: IRON TUSK 69|77\/100 par\n|-unboost|p2a: IRON TUSK 69|spa|1\n|move|p2a: IRON TUSK 69|Rapid Spin|p1a: Twink\n|-damage|p1a: Twink|0 fnt\n|-boost|p2a: IRON TUSK 69|spe|1\n|-sideend|p2: iron tusk 69|Sticky Web|[from] move: Rapid Spin|[of] p2a: IRON TUSK 69\n|faint|p1a: Twink\n|\n|upkeep\n|\n|t:|1700469553\n|switch|p1a: Raging Queer|Great Tusk|100\/100\n|turn|8\n|inactive|iron tusk 69 has 270 seconds left.\n|c|\u2606Skaraptor2.1|Girlboss team?\n|inactive|iron tusk 69 has 240 seconds left.\n|\n|t:|1700469642\n|-end|p2a: IRON TUSK 69|Quark Drive|[silent]\n|switch|p2a: EVIL META|Gholdengo|100\/100\n|move|p1a: Raging Queer|Knock Off|p2a: EVIL META\n|-supereffective|p2a: EVIL META\n|-damage|p2a: EVIL META|30\/100\n|-enditem|p2a: EVIL META|Light Clay|[from] move: Knock Off|[of] p1a: Raging Queer\n|\n|upkeep\n|turn|9\n|inactive|Skaraptor2.1 has 270 seconds left.\n|\n|t:|1700469698\n|move|p1a: Raging Queer|Earthquake|p2a: EVIL META\n|-supereffective|p2a: EVIL META\n|-damage|p2a: EVIL META|0 fnt\n|faint|p2a: EVIL META\n|\n|upkeep\n|\n|t:|1700469707\n|switch|p2a: SPIKE META|Samurott-Hisui, F|100\/100\n|turn|10\n|\n|t:|1700469718\n|-end|p1a: Raging Queer|Protosynthesis|[silent]\n|switch|p1a: Transfem|Ogerpon-Wellspring, F|100\/100\n|-activate|p1a: Transfem|move: Sticky Web\n|-unboost|p1a: Transfem|spe|1\n|move|p2a: SPIKE META|Surf|p1a: Transfem\n|-immune|p1a: Transfem|[from] ability: Water Absorb\n|\n|upkeep\n|turn|11\n|\n|t:|1700469722\n|switch|p2a: IRON TUSK 69|Iron Treads|77\/100 par\n|move|p1a: Transfem|Horn Leech|p2a: IRON TUSK 69\n|-damage|p2a: IRON TUSK 69|38\/100 par\n|\n|upkeep\n|turn|12\n|\n|t:|1700469726\n|move|p1a: Transfem|Horn Leech|p2a: IRON TUSK 69\n|-damage|p2a: IRON TUSK 69|0 fnt\n|faint|p2a: IRON TUSK 69\n|-end|p2a: IRON TUSK 69|Quark Drive|[silent]\n|\n|upkeep\n|\n|t:|1700469729\n|switch|p2a: TSPIKE META|Glimmora, M|100\/100\n|turn|13\n|\n|t:|1700469737\n|move|p2a: TSPIKE META|Toxic|p1a: Transfem\n|-status|p1a: Transfem|tox\n|move|p1a: Transfem|Knock Off|p2a: TSPIKE META\n|-damage|p2a: TSPIKE META|51\/100\n|-enditem|p2a: TSPIKE META|Focus Sash|[from] move: Knock Off|[of] p1a: Transfem\n|\n|-damage|p1a: Transfem|95\/100 tox|[from] psn\n|upkeep\n|turn|14\n|c|\u2606iron tusk 69|this isnt good for me\n|\n|t:|1700469744\n|move|p2a: TSPIKE META|Stealth Rock|p1a: Transfem\n|-sidestart|p1: Skaraptor2.1|move: Stealth Rock\n|move|p1a: Transfem|Horn Leech|p2a: TSPIKE META\n|-damage|p2a: TSPIKE META|0 fnt\n|-heal|p1a: Transfem|100\/100 tox|[from] drain|[of] p2a: TSPIKE META\n|faint|p2a: TSPIKE META\n|\n|-damage|p1a: Transfem|89\/100 tox|[from] psn\n|upkeep\n|\n|t:|1700469747\n|switch|p2a: SPIKE META|Samurott-Hisui, F|100\/100\n|turn|15\n|\n|t:|1700469750\n|move|p2a: SPIKE META|Ceaseless Edge|p1a: Transfem\n|-damage|p1a: Transfem|38\/100 tox\n|-sidestart|p1: Skaraptor2.1|Spikes\n|move|p1a: Transfem|Horn Leech|p2a: SPIKE META\n|-supereffective|p2a: SPIKE META\n|-damage|p2a: SPIKE META|0 fnt\n|-heal|p1a: Transfem|91\/100 tox|[from] drain|[of] p2a: SPIKE META\n|faint|p2a: SPIKE META\n|\n|-damage|p1a: Transfem|73\/100 tox|[from] psn\n|upkeep\n|\n|t:|1700469753\n|switch|p2a: Rigged Suspect|Kingambit, F|100\/100\n|-activate|p2a: Rigged Suspect|ability: Supreme Overlord\n|-start|p2a: Rigged Suspect|fallen5|[silent]\n|turn|16\n|\n|t:|1700469763\n|move|p1a: Transfem|Knock Off|p2a: Rigged Suspect\n|-resisted|p2a: Rigged Suspect\n|-damage|p2a: Rigged Suspect|87\/100\n|-enditem|p2a: Rigged Suspect|Leftovers|[from] move: Knock Off|[of] p1a: Transfem\n|move|p2a: Rigged Suspect|Swords Dance|p2a: Rigged Suspect\n|-boost|p2a: Rigged Suspect|atk|2\n|\n|-damage|p1a: Transfem|49\/100 tox|[from] psn\n|upkeep\n|turn|17\n|\n|t:|1700469769\n|move|p2a: Rigged Suspect|Sucker Punch|p1a: Transfem\n|-damage|p1a: Transfem|0 fnt\n|faint|p1a: Transfem\n|\n|upkeep\n|\n|t:|1700469771\n|switch|p1a: Raging Queer|Great Tusk|100\/100\n|turn|18\n|\n|t:|1700469774\n|-terastallize|p2a: Rigged Suspect|Fairy\n|move|p1a: Raging Queer|Rapid Spin|p2a: Rigged Suspect\n|-damage|p2a: Rigged Suspect|73\/100\n|-boost|p1a: Raging Queer|spe|1\n|-sideend|p1: Skaraptor2.1|Spikes|[from] move: Rapid Spin|[of] p1a: Raging Queer\n|-sideend|p1: Skaraptor2.1|Stealth Rock|[from] move: Rapid Spin|[of] p1a: Raging Queer\n|-sideend|p1: Skaraptor2.1|Sticky Web|[from] move: Rapid Spin|[of] p1a: Raging Queer\n|move|p2a: Rigged Suspect|Tera Blast|p1a: Raging Queer|[anim] Tera Blast Fairy\n|-supereffective|p1a: Raging Queer\n|-damage|p1a: Raging Queer|0 fnt\n|faint|p1a: Raging Queer\n|-end|p1a: Raging Queer|Protosynthesis|[silent]\n|\n|upkeep\n|c|\u2606iron tusk 69|i dont think i win this\n|c|\u2606iron tusk 69|unless ur sets are very specifically unable to beat this\n|inactive|Skaraptor2.1 has 270 seconds left.\n|\n|t:|1700469817\n|switch|p1a: Bigender|Iron Valiant|100\/100\n|-enditem|p1a: Bigender|Booster Energy\n|-activate|p1a: Bigender|ability: Quark Drive|[fromitem]\n|-start|p1a: Bigender|quarkdrivespe\n|turn|19\n|l|\u2606Skaraptor2.1\n|inactive|Skaraptor2.1 disconnected and has 300 seconds to reconnect!\n|player|p1|\n|j|\u2606Skaraptor2.1\n|inactive|Skaraptor2.1 reconnected.\n|player|p1|Skaraptor2.1|bodybuilderf-gen9\n|inactive|iron tusk 69 has 270 seconds left.\n|\n|t:|1700469854\n|move|p1a: Bigender|Destiny Bond|p1a: Bigender\n|-singlemove|p1a: Bigender|Destiny Bond\n|move|p2a: Rigged Suspect|Tera Blast|p1a: Bigender|[anim] Tera Blast Fairy\n|-supereffective|p1a: Bigender\n|-damage|p1a: Bigender|0 fnt\n|faint|p1a: Bigender\n|-activate|p1a: Bigender|move: Destiny Bond\n|-end|p1a: Bigender|Quark Drive|[silent]\n|faint|p2a: Rigged Suspect\n|-end|p2a: Rigged Suspect|fallen5|[silent]\n|\n|win|Skaraptor2.1\n|c|\u2606iron tusk 69|gg\n|c|\u2606Skaraptor2.1|My internet isn't build to beat this\n|c|\u2606Skaraptor2.1|GGWP\n|c|\u2606iron tusk 69|nothing can withstand reverse sweeping gambit\n|l|\u2606Skaraptor2.1\n|c|\u2606iron tusk 69|except dbond I guess\n|j|\u2606Skaraptor2.1\n|player|p1|Skaraptor2.1|bodybuilderf-gen9\n|l|\u2606Skaraptor2.1\n|player|p1|\n|j| OUFC Mu Xuanyin\n","uploadtime":1700469864,"views":11,"p1id":"skaraptor21","p2id":"irontusk69","formatid":"gen9ou","rating":0,"private":0,"password":""}