{"id":"gen9ou-1992760433","p1":"JiR0k","p2":"Aztec Priest","format":"[Gen 9] OU","log":"|j|\u2606JiR0k\n|j|\u2606Aztec Priest\n|t:|1700233002\n|gametype|singles\n|player|p1|JiR0k|red|1556\n|player|p2|Aztec Priest|elesa-masters|1516\n|teamsize|p1|6\n|teamsize|p2|6\n|gen|9\n|tier|[Gen 9] OU\n|rated|\n|rule|Sleep Clause Mod: Limit one foe put to sleep\n|rule|Species Clause: Limit one of each Pok\u00e9mon\n|rule|OHKO Clause: OHKO moves are banned\n|rule|Evasion Items Clause: Evasion items are banned\n|rule|Evasion Moves Clause: Evasion moves are banned\n|rule|Endless Battle Clause: Forcing endless battles is banned\n|rule|HP Percentage Mod: HP is shown in percentages\n|clearpoke\n|poke|p1|Great Tusk|\n|poke|p1|Dondozo, F|\n|poke|p1|Slowking-Galar, M|\n|poke|p1|Rillaboom, M|\n|poke|p1|Iron Moth|\n|poke|p1|Zapdos|\n|poke|p2|Walking Wake|\n|poke|p2|Samurott-Hisui, F|\n|poke|p2|Gholdengo|\n|poke|p2|Iron Valiant|\n|poke|p2|Ting-Lu|\n|poke|p2|Great Tusk|\n|teampreview\n|\n|t:|1700233030\n|start\n|switch|p1a: Zapdos|Zapdos|100\/100\n|switch|p2a: Gholdengo|Gholdengo|100\/100\n|-item|p2a: Gholdengo|Air Balloon\n|turn|1\n|\n|t:|1700233035\n|switch|p2a: Ting-Lu|Ting-Lu|100\/100\n|-ability|p2a: Ting-Lu|Vessel of Ruin\n|move|p1a: Zapdos|Heat Wave|p2a: Ting-Lu\n|-damage|p2a: Ting-Lu|89\/100\n|\n|-heal|p2a: Ting-Lu|95\/100|[from] item: Leftovers\n|upkeep\n|turn|2\n|\n|t:|1700233042\n|switch|p1a: Great Tusk|Great Tusk|100\/100\n|move|p2a: Ting-Lu|Ruination|p1a: Great Tusk\n|-damage|p1a: Great Tusk|51\/100\n|\n|-heal|p2a: Ting-Lu|100\/100|[from] item: Leftovers\n|upkeep\n|turn|3\n|\n|t:|1700233055\n|switch|p2a: Great Tusk|Great Tusk|100\/100\n|move|p1a: Great Tusk|Ice Spinner|p2a: Great Tusk\n|-supereffective|p2a: Great Tusk\n|-damage|p2a: Great Tusk|57\/100\n|\n|-heal|p2a: Great Tusk|63\/100|[from] item: Leftovers\n|upkeep\n|turn|4\n|\n|t:|1700233062\n|-end|p1a: Great Tusk|Protosynthesis|[silent]\n|switch|p1a: Zapdos|Zapdos|100\/100\n|move|p2a: Great Tusk|Rapid Spin|p1a: Zapdos\n|-damage|p1a: Zapdos|83\/100\n|-boost|p2a: Great Tusk|spe|1\n|-status|p2a: Great Tusk|par|[from] ability: Static|[of] p1a: Zapdos\n|\n|-heal|p2a: Great Tusk|69\/100 par|[from] item: Leftovers\n|upkeep\n|turn|5\n|\n|t:|1700233071\n|switch|p1a: Great Tusk|Great Tusk|51\/100\n|move|p2a: Great Tusk|Ice Spinner|p1a: Great Tusk\n|-supereffective|p1a: Great Tusk\n|-damage|p1a: Great Tusk|6\/100\n|\n|-heal|p2a: Great Tusk|75\/100 par|[from] item: Leftovers\n|upkeep\n|turn|6\n|\n|t:|1700233080\n|-end|p1a: Great Tusk|Protosynthesis|[silent]\n|switch|p1a: Zapdos|Zapdos|83\/100\n|move|p2a: Great Tusk|Rapid Spin|p1a: Zapdos\n|-damage|p1a: Zapdos|67\/100\n|-boost|p2a: Great Tusk|spe|1\n|\n|-heal|p2a: Great Tusk|82\/100 par|[from] item: Leftovers\n|upkeep\n|turn|7\n|\n|t:|1700233086\n|move|p1a: Zapdos|Hurricane|p2a: Great Tusk\n|-supereffective|p2a: Great Tusk\n|-crit|p2a: Great Tusk\n|-damage|p2a: Great Tusk|0 fnt\n|faint|p2a: Great Tusk\n|-end|p2a: Great Tusk|Protosynthesis|[silent]\n|\n|upkeep\n|\n|t:|1700233092\n|switch|p2a: Walking Wake|Walking Wake|100\/100\n|turn|8\n|\n|t:|1700233101\n|switch|p1a: Slowking|Slowking-Galar, M|100\/100\n|move|p2a: Walking Wake|Substitute|p2a: Walking Wake\n|-start|p2a: Walking Wake|Substitute\n|-damage|p2a: Walking Wake|76\/100\n|\n|-heal|p2a: Walking Wake|82\/100|[from] item: Leftovers\n|upkeep\n|turn|9\n|\n|t:|1700233106\n|move|p2a: Walking Wake|Scald|p1a: Slowking\n|-damage|p1a: Slowking|76\/100\n|move|p1a: Slowking|Sludge Bomb|p2a: Walking Wake\n|-end|p2a: Walking Wake|Substitute\n|\n|-heal|p2a: Walking Wake|88\/100|[from] item: Leftovers\n|upkeep\n|turn|10\n|\n|t:|1700233113\n|move|p2a: Walking Wake|Protect|p2a: Walking Wake\n|-singleturn|p2a: Walking Wake|Protect\n|move|p1a: Slowking|Future Sight|p2a: Walking Wake\n|-start|p1a: Slowking|move: Future Sight\n|\n|-heal|p2a: Walking Wake|94\/100|[from] item: Leftovers\n|upkeep\n|turn|11\n|\n|t:|1700233121\n|move|p2a: Walking Wake|Substitute|p2a: Walking Wake\n|-start|p2a: Walking Wake|Substitute\n|-damage|p2a: Walking Wake|69\/100\n|move|p1a: Slowking|Sludge Bomb|p2a: Walking Wake\n|-end|p2a: Walking Wake|Substitute\n|\n|-heal|p2a: Walking Wake|76\/100|[from] item: Leftovers\n|upkeep\n|turn|12\n|\n|t:|1700233130\n|-end|p2a: Walking Wake|Protosynthesis|[silent]\n|switch|p2a: Ting-Lu|Ting-Lu|100\/100\n|-ability|p2a: Ting-Lu|Vessel of Ruin\n|move|p1a: Slowking|Sludge Bomb|p2a: Ting-Lu\n|-resisted|p2a: Ting-Lu\n|-damage|p2a: Ting-Lu|91\/100\n|\n|-end|p2a: Ting-Lu|move: Future Sight\n|-immune|p2a: Ting-Lu\n|-heal|p2a: Ting-Lu|97\/100|[from] item: Leftovers\n|upkeep\n|turn|13\n|\n|t:|1700233137\n|move|p2a: Ting-Lu|Earthquake|p1a: Slowking\n|-supereffective|p1a: Slowking\n|-crit|p1a: Slowking\n|-damage|p1a: Slowking|0 fnt\n|faint|p1a: Slowking\n|\n|-heal|p2a: Ting-Lu|100\/100|[from] item: Leftovers\n|upkeep\n|\n|t:|1700233144\n|switch|p1a: Great Tusk|Great Tusk|6\/100\n|turn|14\n|\n|t:|1700233151\n|switch|p2a: Gholdengo|Gholdengo|100\/100\n|-item|p2a: Gholdengo|Air Balloon\n|move|p1a: Great Tusk|Ice Spinner|p2a: Gholdengo\n|-resisted|p2a: Gholdengo\n|-damage|p2a: Gholdengo|84\/100\n|-enditem|p2a: Gholdengo|Air Balloon\n|\n|upkeep\n|turn|15\n|\n|t:|1700233209\n|switch|p2a: Samurott|Samurott-Hisui, F|100\/100\n|move|p1a: Great Tusk|Earthquake|p2a: Samurott\n|-damage|p2a: Samurott|26\/100\n|\n|upkeep\n|turn|16\n|\n|t:|1700233215\n|-end|p1a: Great Tusk|Protosynthesis|[silent]\n|switch|p1a: Zapdos|Zapdos|67\/100\n|move|p2a: Samurott|Aqua Jet|p1a: Zapdos\n|-damage|p1a: Zapdos|51\/100\n|-status|p2a: Samurott|par|[from] ability: Static|[of] p1a: Zapdos\n|\n|upkeep\n|turn|17\n|\n|t:|1700233220\n|switch|p2a: Ting-Lu|Ting-Lu|100\/100\n|-ability|p2a: Ting-Lu|Vessel of Ruin\n|move|p1a: Zapdos|Roost|p1a: Zapdos\n|-heal|p1a: Zapdos|100\/100\n|-singleturn|p1a: Zapdos|move: Roost\n|\n|upkeep\n|turn|18\n|\n|t:|1700233230\n|switch|p1a: Rillaboom|Rillaboom, M|100\/100\n|-fieldstart|move: Grassy Terrain|[from] ability: Grassy Surge|[of] p1a: Rillaboom\n|move|p2a: Ting-Lu|Ruination|p1a: Rillaboom\n|-damage|p1a: Rillaboom|50\/100\n|\n|-heal|p1a: Rillaboom|57\/100|[from] Grassy Terrain\n|upkeep\n|turn|19\n|\n|t:|1700233250\n|-terastallize|p2a: Ting-Lu|Poison\n|move|p1a: Rillaboom|U-turn|p2a: Ting-Lu\n|-resisted|p2a: Ting-Lu\n|-damage|p2a: Ting-Lu|89\/100\n|\n|t:|1700233258\n|switch|p1a: Zapdos|Zapdos|100\/100|[from] U-turn\n|move|p2a: Ting-Lu|Ruination|p1a: Zapdos\n|-damage|p1a: Zapdos|50\/100\n|\n|-heal|p2a: Ting-Lu|95\/100|[from] Grassy Terrain\n|-heal|p2a: Ting-Lu|100\/100|[from] item: Leftovers\n|upkeep\n|turn|20\n|\n|t:|1700233273\n|move|p1a: Zapdos|Roost|p1a: Zapdos\n|-heal|p1a: Zapdos|100\/100\n|-singleturn|p1a: Zapdos|move: Roost\n|move|p2a: Ting-Lu|Earthquake|p1a: Zapdos\n|-supereffective|p1a: Zapdos\n|-damage|p1a: Zapdos|61\/100\n|\n|-heal|p1a: Zapdos|68\/100|[from] Grassy Terrain\n|upkeep\n|turn|21\n|\n|t:|1700233281\n|move|p1a: Zapdos|Volt Switch|p2a: Ting-Lu\n|-damage|p2a: Ting-Lu|87\/100\n|\n|t:|1700233284\n|switch|p1a: Rillaboom|Rillaboom, M|57\/100|[from] Volt Switch\n|move|p2a: Ting-Lu|Ruination|p1a: Rillaboom\n|-damage|p1a: Rillaboom|29\/100\n|\n|-heal|p1a: Rillaboom|35\/100|[from] Grassy Terrain\n|-heal|p2a: Ting-Lu|93\/100|[from] Grassy Terrain\n|-heal|p2a: Ting-Lu|99\/100|[from] item: Leftovers\n|upkeep\n|turn|22\n|\n|t:|1700233293\n|switch|p2a: Samurott|Samurott-Hisui, F|26\/100 par\n|move|p1a: Rillaboom|High Horsepower|p2a: Samurott\n|-damage|p2a: Samurott|0 fnt\n|faint|p2a: Samurott\n|\n|-heal|p1a: Rillaboom|41\/100|[from] Grassy Terrain\n|-fieldend|move: Grassy Terrain\n|upkeep\n|\n|t:|1700233307\n|switch|p2a: Walking Wake|Walking Wake|76\/100\n|turn|23\n|\n|t:|1700233317\n|switch|p1a: Zapdos|Zapdos|68\/100\n|move|p2a: Walking Wake|Scald|p1a: Zapdos\n|-damage|p1a: Zapdos|28\/100\n|\n|-heal|p2a: Walking Wake|82\/100|[from] item: Leftovers\n|upkeep\n|turn|24\n|\n|t:|1700233324\n|move|p2a: Walking Wake|Scald|p1a: Zapdos\n|-damage|p1a: Zapdos|0 fnt\n|faint|p1a: Zapdos\n|\n|-heal|p2a: Walking Wake|88\/100|[from] item: Leftovers\n|upkeep\n|\n|t:|1700233334\n|switch|p1a: Iron Moth|Iron Moth|100\/100\n|-enditem|p1a: Iron Moth|Booster Energy\n|-activate|p1a: Iron Moth|ability: Quark Drive|[fromitem]\n|-start|p1a: Iron Moth|quarkdrivespe\n|turn|25\n|\n|t:|1700233342\n|-terastallize|p1a: Iron Moth|Fairy\n|move|p1a: Iron Moth|Fiery Dance|p2a: Walking Wake\n|-resisted|p2a: Walking Wake\n|-damage|p2a: Walking Wake|79\/100\n|-boost|p1a: Iron Moth|spa|1\n|move|p2a: Walking Wake|Scald|p1a: Iron Moth\n|-damage|p1a: Iron Moth|61\/100\n|\n|-heal|p2a: Walking Wake|85\/100|[from] item: Leftovers\n|upkeep\n|turn|26\n|\n|t:|1700233348\n|-end|p2a: Walking Wake|Protosynthesis|[silent]\n|switch|p2a: Ting-Lu|Ting-Lu, tera:Poison|99\/100\n|-ability|p2a: Ting-Lu|Vessel of Ruin\n|move|p1a: Iron Moth|Dazzling Gleam|p2a: Ting-Lu\n|-resisted|p2a: Ting-Lu\n|-damage|p2a: Ting-Lu|86\/100\n|\n|-heal|p2a: Ting-Lu|92\/100|[from] item: Leftovers\n|upkeep\n|turn|27\n|\n|t:|1700233353\n|move|p1a: Iron Moth|Psychic|p2a: Ting-Lu\n|-supereffective|p2a: Ting-Lu\n|-damage|p2a: Ting-Lu|51\/100\n|move|p2a: Ting-Lu|Earthquake|p1a: Iron Moth\n|-crit|p1a: Iron Moth\n|-damage|p1a: Iron Moth|0 fnt\n|faint|p1a: Iron Moth\n|-end|p1a: Iron Moth|Quark Drive|[silent]\n|\n|-heal|p2a: Ting-Lu|57\/100|[from] item: Leftovers\n|upkeep\n|\n|t:|1700233357\n|switch|p1a: Great Tusk|Great Tusk|6\/100\n|turn|28\n|\n|t:|1700233363\n|switch|p2a: Walking Wake|Walking Wake|85\/100\n|move|p1a: Great Tusk|Earthquake|p2a: Walking Wake\n|-damage|p2a: Walking Wake|28\/100\n|\n|-heal|p2a: Walking Wake|34\/100|[from] item: Leftovers\n|upkeep\n|turn|29\n|\n|t:|1700233370\n|-end|p1a: Great Tusk|Protosynthesis|[silent]\n|switch|p1a: Dondozo|Dondozo, F|100\/100\n|move|p2a: Walking Wake|Scald|p1a: Dondozo\n|-resisted|p1a: Dondozo\n|-damage|p1a: Dondozo|86\/100\n|-status|p1a: Dondozo|brn\n|\n|-heal|p2a: Walking Wake|41\/100|[from] item: Leftovers\n|-heal|p1a: Dondozo|92\/100 brn|[from] item: Leftovers\n|-damage|p1a: Dondozo|86\/100 brn|[from] brn\n|upkeep\n|turn|30\n|\n|t:|1700233382\n|switch|p1a: Rillaboom|Rillaboom, M|41\/100\n|-fieldstart|move: Grassy Terrain|[from] ability: Grassy Surge|[of] p1a: Rillaboom\n|move|p2a: Walking Wake|Substitute|p2a: Walking Wake\n|-start|p2a: Walking Wake|Substitute\n|-damage|p2a: Walking Wake|16\/100\n|\n|-heal|p2a: Walking Wake|22\/100|[from] Grassy Terrain\n|-heal|p2a: Walking Wake|28\/100|[from] item: Leftovers\n|-heal|p1a: Rillaboom|47\/100|[from] Grassy Terrain\n|upkeep\n|turn|31\n|\n|t:|1700233393\n|move|p2a: Walking Wake|Protect|p2a: Walking Wake\n|-singleturn|p2a: Walking Wake|Protect\n|move|p1a: Rillaboom|U-turn|p2a: Walking Wake\n|-activate|p2a: Walking Wake|move: Protect\n|\n|-heal|p2a: Walking Wake|34\/100|[from] Grassy Terrain\n|-heal|p2a: Walking Wake|41\/100|[from] item: Leftovers\n|-heal|p1a: Rillaboom|53\/100|[from] Grassy Terrain\n|upkeep\n|turn|32\n|\n|t:|1700233396\n|move|p2a: Walking Wake|Scald|p1a: Rillaboom\n|-resisted|p1a: Rillaboom\n|-damage|p1a: Rillaboom|28\/100\n|move|p1a: Rillaboom|U-turn|p2a: Walking Wake\n|-end|p2a: Walking Wake|Substitute\n|\n|t:|1700233402\n|switch|p1a: Dondozo|Dondozo, F|86\/100 brn|[from] U-turn\n|\n|-heal|p2a: Walking Wake|47\/100|[from] Grassy Terrain\n|-heal|p2a: Walking Wake|53\/100|[from] item: Leftovers\n|-heal|p1a: Dondozo|92\/100 brn|[from] Grassy Terrain\n|-heal|p1a: Dondozo|98\/100 brn|[from] item: Leftovers\n|-damage|p1a: Dondozo|92\/100 brn|[from] brn\n|upkeep\n|turn|33\n|\n|t:|1700233407\n|move|p2a: Walking Wake|Substitute|p2a: Walking Wake\n|-start|p2a: Walking Wake|Substitute\n|-damage|p2a: Walking Wake|28\/100\n|move|p1a: Dondozo|Curse|p1a: Dondozo\n|-unboost|p1a: Dondozo|spe|1\n|-boost|p1a: Dondozo|atk|1\n|-boost|p1a: Dondozo|def|1\n|\n|-heal|p2a: Walking Wake|34\/100|[from] Grassy Terrain\n|-heal|p2a: Walking Wake|41\/100|[from] item: Leftovers\n|-heal|p1a: Dondozo|98\/100 brn|[from] Grassy Terrain\n|-heal|p1a: Dondozo|100\/100 brn|[from] item: Leftovers\n|-damage|p1a: Dondozo|94\/100 brn|[from] brn\n|upkeep\n|turn|34\n|\n|t:|1700233413\n|move|p1a: Dondozo|Curse|p1a: Dondozo\n|-unboost|p1a: Dondozo|spe|1\n|-boost|p1a: Dondozo|atk|1\n|-boost|p1a: Dondozo|def|1\n|move|p2a: Walking Wake|Dragon Tail|p1a: Dondozo\n|-damage|p1a: Dondozo|89\/100 brn\n|drag|p1a: Rillaboom|Rillaboom, M|28\/100\n|\n|-heal|p2a: Walking Wake|47\/100|[from] Grassy Terrain\n|-heal|p2a: Walking Wake|53\/100|[from] item: Leftovers\n|-heal|p1a: Rillaboom|34\/100|[from] Grassy Terrain\n|-fieldend|move: Grassy Terrain\n|upkeep\n|turn|35\n|\n|t:|1700233423\n|move|p2a: Walking Wake|Scald|p1a: Rillaboom\n|-resisted|p1a: Rillaboom\n|-damage|p1a: Rillaboom|10\/100\n|move|p1a: Rillaboom|U-turn|p2a: Walking Wake\n|-end|p2a: Walking Wake|Substitute\n|\n|t:|1700233430\n|switch|p1a: Dondozo|Dondozo, F|89\/100 brn|[from] U-turn\n|\n|-heal|p2a: Walking Wake|59\/100|[from] item: Leftovers\n|-heal|p1a: Dondozo|96\/100 brn|[from] item: Leftovers\n|-damage|p1a: Dondozo|89\/100 brn|[from] brn\n|upkeep\n|turn|36\n|\n|t:|1700233437\n|move|p2a: Walking Wake|Substitute|p2a: Walking Wake\n|-start|p2a: Walking Wake|Substitute\n|-damage|p2a: Walking Wake|34\/100\n|move|p1a: Dondozo|Rest|p1a: Dondozo\n|-status|p1a: Dondozo|slp|[from] move: Rest\n|-heal|p1a: Dondozo|100\/100 slp|[silent]\n|\n|-heal|p2a: Walking Wake|41\/100|[from] item: Leftovers\n|upkeep\n|turn|37\n|\n|t:|1700233445\n|cant|p1a: Dondozo|slp\n|move|p1a: Dondozo|Sleep Talk|p1a: Dondozo\n|move|p1a: Dondozo|Waterfall|p2a: Walking Wake|[from]move: Sleep Talk\n|-resisted|p2a: Walking Wake\n|-activate|p2a: Walking Wake|move: Substitute|[damage]\n|move|p2a: Walking Wake|Dragon Tail|p1a: Dondozo\n|-damage|p1a: Dondozo|91\/100 slp\n|drag|p1a: Great Tusk|Great Tusk|6\/100\n|\n|-heal|p2a: Walking Wake|47\/100|[from] item: Leftovers\n|upkeep\n|turn|38\n|\n|t:|1700233451\n|-end|p1a: Great Tusk|Protosynthesis|[silent]\n|switch|p1a: Dondozo|Dondozo, F|91\/100 slp\n|move|p2a: Walking Wake|Dragon Tail|p1a: Dondozo\n|-damage|p1a: Dondozo|83\/100 slp\n|drag|p1a: Rillaboom|Rillaboom, M|10\/100\n|-fieldstart|move: Grassy Terrain|[from] ability: Grassy Surge|[of] p1a: Rillaboom\n|\n|-heal|p2a: Walking Wake|53\/100|[from] Grassy Terrain\n|-heal|p2a: Walking Wake|59\/100|[from] item: Leftovers\n|-heal|p1a: Rillaboom|16\/100|[from] Grassy Terrain\n|upkeep\n|turn|39\n|\n|t:|1700233463\n|switch|p1a: Dondozo|Dondozo, F|83\/100 slp\n|move|p2a: Walking Wake|Dragon Tail|p1a: Dondozo\n|-damage|p1a: Dondozo|75\/100 slp\n|drag|p1a: Rillaboom|Rillaboom, M|16\/100\n|\n|-heal|p2a: Walking Wake|66\/100|[from] Grassy Terrain\n|-heal|p2a: Walking Wake|72\/100|[from] item: Leftovers\n|-heal|p1a: Rillaboom|22\/100|[from] Grassy Terrain\n|upkeep\n|turn|40\n|\n|t:|1700233475\n|switch|p1a: Dondozo|Dondozo, F|75\/100 slp\n|move|p2a: Walking Wake|Scald|p1a: Dondozo\n|-resisted|p1a: Dondozo\n|-damage|p1a: Dondozo|60\/100 slp\n|\n|-heal|p2a: Walking Wake|78\/100|[from] Grassy Terrain\n|-heal|p2a: Walking Wake|84\/100|[from] item: Leftovers\n|-heal|p1a: Dondozo|67\/100 slp|[from] Grassy Terrain\n|-heal|p1a: Dondozo|73\/100 slp|[from] item: Leftovers\n|upkeep\n|turn|41\n|\n|t:|1700233486\n|cant|p1a: Dondozo|slp\n|move|p1a: Dondozo|Sleep Talk|p1a: Dondozo\n|move|p1a: Dondozo|Waterfall|p2a: Walking Wake|[from]move: Sleep Talk\n|-resisted|p2a: Walking Wake\n|-activate|p2a: Walking Wake|move: Substitute|[damage]\n|move|p2a: Walking Wake|Dragon Tail|p1a: Dondozo\n|-damage|p1a: Dondozo|64\/100 slp\n|drag|p1a: Rillaboom|Rillaboom, M|22\/100\n|\n|-heal|p2a: Walking Wake|91\/100|[from] Grassy Terrain\n|-heal|p2a: Walking Wake|97\/100|[from] item: Leftovers\n|-heal|p1a: Rillaboom|28\/100|[from] Grassy Terrain\n|upkeep\n|turn|42\n|\n|t:|1700233500\n|switch|p1a: Dondozo|Dondozo, F|64\/100 slp\n|move|p2a: Walking Wake|Scald|p1a: Dondozo\n|-resisted|p1a: Dondozo\n|-damage|p1a: Dondozo|51\/100 slp\n|\n|-heal|p2a: Walking Wake|100\/100|[from] Grassy Terrain\n|-heal|p1a: Dondozo|57\/100 slp|[from] Grassy Terrain\n|-heal|p1a: Dondozo|63\/100 slp|[from] item: Leftovers\n|-fieldend|move: Grassy Terrain\n|upkeep\n|turn|43\n|\n|t:|1700233511\n|-curestatus|p1a: Dondozo|slp|[msg]\n|move|p1a: Dondozo|Sleep Talk||[still]\n|-fail|p1a: Dondozo\n|move|p2a: Walking Wake|Dragon Tail|p1a: Dondozo\n|-damage|p1a: Dondozo|54\/100\n|drag|p1a: Great Tusk|Great Tusk|6\/100\n|\n|upkeep\n|turn|44\n|\n|t:|1700233519\n|-end|p1a: Great Tusk|Protosynthesis|[silent]\n|switch|p1a: Dondozo|Dondozo, F|54\/100\n|move|p2a: Walking Wake|Scald|p1a: Dondozo\n|-resisted|p1a: Dondozo\n|-damage|p1a: Dondozo|41\/100\n|\n|-heal|p1a: Dondozo|47\/100|[from] item: Leftovers\n|upkeep\n|turn|45\n|\n|t:|1700233524\n|-end|p2a: Walking Wake|Protosynthesis|[silent]\n|switch|p2a: Iron Valiant|Iron Valiant|100\/100\n|move|p1a: Dondozo|Rest|p1a: Dondozo\n|-status|p1a: Dondozo|slp|[from] move: Rest\n|-heal|p1a: Dondozo|100\/100 slp|[silent]\n|\n|upkeep\n|turn|46\n|\n|t:|1700233534\n|switch|p1a: Rillaboom|Rillaboom, M|28\/100\n|-fieldstart|move: Grassy Terrain|[from] ability: Grassy Surge|[of] p1a: Rillaboom\n|move|p2a: Iron Valiant|Moonblast|p1a: Rillaboom\n|-damage|p1a: Rillaboom|0 fnt\n|faint|p1a: Rillaboom\n|\n|upkeep\n|\n|t:|1700233541\n|switch|p1a: Dondozo|Dondozo, F|100\/100 slp\n|turn|47\n|\n|t:|1700233546\n|-end|p2a: Iron Valiant|Quark Drive|[silent]\n|switch|p2a: Walking Wake|Walking Wake|100\/100\n|cant|p1a: Dondozo|slp\n|move|p1a: Dondozo|Sleep Talk|p1a: Dondozo\n|move|p1a: Dondozo|Waterfall|p2a: Walking Wake|[from]move: Sleep Talk\n|-resisted|p2a: Walking Wake\n|-damage|p2a: Walking Wake|94\/100\n|\n|-heal|p2a: Walking Wake|99\/100|[from] Grassy Terrain\n|-heal|p2a: Walking Wake|100\/100|[from] item: Leftovers\n|upkeep\n|turn|48\n|\n|t:|1700233557\n|cant|p1a: Dondozo|slp\n|move|p1a: Dondozo|Sleep Talk|p1a: Dondozo\n|move|p1a: Dondozo|Curse|p1a: Dondozo|[from]move: Sleep Talk\n|-unboost|p1a: Dondozo|spe|1\n|-boost|p1a: Dondozo|atk|1\n|-boost|p1a: Dondozo|def|1\n|move|p2a: Walking Wake|Dragon Tail|p1a: Dondozo\n|-damage|p1a: Dondozo|94\/100 slp\n|drag|p1a: Great Tusk|Great Tusk|6\/100\n|\n|-heal|p1a: Great Tusk|13\/100|[from] Grassy Terrain\n|upkeep\n|turn|49\n|\n|t:|1700233568\n|move|p2a: Walking Wake|Scald|p1a: Great Tusk\n|-supereffective|p1a: Great Tusk\n|-damage|p1a: Great Tusk|0 fnt\n|faint|p1a: Great Tusk\n|-end|p1a: Great Tusk|Protosynthesis|[silent]\n|\n|upkeep\n|\n|t:|1700233571\n|switch|p1a: Dondozo|Dondozo, F|94\/100 slp\n|turn|50\n|\n|t:|1700233580\n|-end|p2a: Walking Wake|Protosynthesis|[silent]\n|switch|p2a: Iron Valiant|Iron Valiant|100\/100\n|-curestatus|p1a: Dondozo|slp|[msg]\n|move|p1a: Dondozo|Sleep Talk||[still]\n|-fail|p1a: Dondozo\n|\n|-heal|p1a: Dondozo|100\/100|[from] Grassy Terrain\n|-fieldend|move: Grassy Terrain\n|upkeep\n|turn|51\n|\n|t:|1700233583\n|move|p2a: Iron Valiant|Trick|p1a: Dondozo\n|-activate|p2a: Iron Valiant|move: Trick|[of] p1a: Dondozo\n|-item|p1a: Dondozo|Choice Scarf|[from] move: Trick\n|-item|p2a: Iron Valiant|Leftovers|[from] move: Trick\n|move|p1a: Dondozo|Curse|p1a: Dondozo\n|-unboost|p1a: Dondozo|spe|1\n|-boost|p1a: Dondozo|atk|1\n|-boost|p1a: Dondozo|def|1\n|\n|upkeep\n|turn|52\n|-message|JiR0k forfeited.\n|\n|win|Aztec Priest\n|raw|JiR0k's rating: 1556 &rarr; <strong>1534<\/strong><br \/>(-22 for losing)\n|raw|Aztec Priest's rating: 1516 &rarr; <strong>1538<\/strong><br \/>(+22 for winning)\n|l|\u2606JiR0k\n","uploadtime":1700233606,"views":12,"p1id":"jir0k","p2id":"aztecpriest","formatid":"gen9ou","rating":1534,"private":0,"password":""}