{"id":"gen9ou-1992517759","p1":"Sprocket0835","p2":"DaveTheNakedGuy","format":"[Gen 9] OU","log":"|j|\u2606Sprocket0835\n|j|\u2606DaveTheNakedGuy\n|t:|1700198302\n|gametype|singles\n|player|p1|Sprocket0835|hilbert|1279\n|player|p2|DaveTheNakedGuy|workerice|1321\n|teamsize|p1|6\n|teamsize|p2|6\n|gen|9\n|tier|[Gen 9] OU\n|rated|\n|rule|Sleep Clause Mod: Limit one foe put to sleep\n|rule|Species Clause: Limit one of each Pok\u00e9mon\n|rule|OHKO Clause: OHKO moves are banned\n|rule|Evasion Items Clause: Evasion items are banned\n|rule|Evasion Moves Clause: Evasion moves are banned\n|rule|Endless Battle Clause: Forcing endless battles is banned\n|rule|HP Percentage Mod: HP is shown in percentages\n|clearpoke\n|poke|p1|Rillaboom, F|\n|poke|p1|Sneasler, F|\n|poke|p1|Heatran, F|\n|poke|p1|Hatterene, F|\n|poke|p1|Bellibolt, M|\n|poke|p1|Great Tusk|\n|poke|p2|Garganacl, F|\n|poke|p2|Great Tusk|\n|poke|p2|Lokix, M|\n|poke|p2|Azumarill, M|\n|poke|p2|Ogerpon, F|\n|poke|p2|Zapdos|\n|teampreview\n|\n|t:|1700198338\n|start\n|switch|p1a: Rillaboom|Rillaboom, F|100\/100\n|switch|p2a: Ogerpon|Ogerpon, F|100\/100\n|-fieldstart|move: Grassy Terrain|[from] ability: Grassy Surge|[of] p1a: Rillaboom\n|turn|1\n|\n|t:|1700198349\n|move|p2a: Ogerpon|U-turn|p1a: Rillaboom\n|-supereffective|p1a: Rillaboom\n|-damage|p1a: Rillaboom|55\/100\n|\n|t:|1700198354\n|switch|p2a: Zapdos|Zapdos|100\/100|[from] U-turn\n|move|p1a: Rillaboom|U-turn|p2a: Zapdos\n|-resisted|p2a: Zapdos\n|-crit|p2a: Zapdos\n|-damage|p2a: Zapdos|74\/100\n|\n|t:|1700198370\n|switch|p1a: Bellibolt|Bellibolt, M|100\/100|[from] U-turn\n|\n|upkeep\n|turn|2\n|\n|t:|1700198389\n|switch|p2a: Ogerpon|Ogerpon, F|100\/100\n|move|p1a: Bellibolt|Toxic|p2a: Ogerpon\n|-status|p2a: Ogerpon|tox\n|\n|-damage|p2a: Ogerpon|95\/100 tox|[from] psn\n|upkeep\n|turn|3\n|\n|t:|1700198450\n|switch|p1a: Sneasler|Sneasler, F|100\/100\n|-enditem|p1a: Sneasler|Grassy Seed\n|-boost|p1a: Sneasler|def|1|[from] item: Grassy Seed\n|move|p2a: Ogerpon|Ivy Cudgel|p1a: Sneasler\n|-resisted|p1a: Sneasler\n|-damage|p1a: Sneasler|61\/100\n|\n|-heal|p1a: Sneasler|67\/100|[from] Grassy Terrain\n|-heal|p2a: Ogerpon|100\/100 tox|[from] Grassy Terrain\n|-damage|p2a: Ogerpon|89\/100 tox|[from] psn\n|upkeep\n|turn|4\n|\n|t:|1700198468\n|move|p1a: Sneasler|Swords Dance|p1a: Sneasler\n|-boost|p1a: Sneasler|atk|2\n|move|p2a: Ogerpon|Encore|p1a: Sneasler\n|-start|p1a: Sneasler|Encore\n|\n|-heal|p1a: Sneasler|74\/100|[from] Grassy Terrain\n|-heal|p2a: Ogerpon|95\/100 tox|[from] Grassy Terrain\n|-damage|p2a: Ogerpon|77\/100 tox|[from] psn\n|upkeep\n|turn|5\n|\n|t:|1700198484\n|switch|p1a: Heatran|Heatran, F|100\/100\n|-item|p1a: Heatran|Air Balloon\n|move|p2a: Ogerpon|U-turn|p1a: Heatran\n|-resisted|p1a: Heatran\n|-damage|p1a: Heatran|96\/100\n|-enditem|p1a: Heatran|Air Balloon\n|\n|t:|1700198491\n|switch|p2a: Azumarill|Azumarill, M|100\/100|[from] U-turn\n|\n|-heal|p1a: Heatran|100\/100|[from] Grassy Terrain\n|-fieldend|move: Grassy Terrain\n|upkeep\n|turn|6\n|\n|t:|1700198497\n|switch|p1a: Rillaboom|Rillaboom, F|55\/100\n|-fieldstart|move: Grassy Terrain|[from] ability: Grassy Surge|[of] p1a: Rillaboom\n|move|p2a: Azumarill|Liquidation|p1a: Rillaboom\n|-resisted|p1a: Rillaboom\n|-damage|p1a: Rillaboom|27\/100\n|\n|-heal|p1a: Rillaboom|33\/100|[from] Grassy Terrain\n|upkeep\n|turn|7\n|\n|t:|1700198506\n|switch|p2a: Zapdos|Zapdos|74\/100\n|move|p1a: Rillaboom|Grassy Glide|p2a: Zapdos\n|-resisted|p2a: Zapdos\n|-damage|p2a: Zapdos|47\/100\n|\n|-heal|p1a: Rillaboom|40\/100|[from] Grassy Terrain\n|upkeep\n|turn|8\n|\n|t:|1700198519\n|switch|p1a: Bellibolt|Bellibolt, M|100\/100\n|move|p2a: Zapdos|Roost|p2a: Zapdos\n|-heal|p2a: Zapdos|97\/100\n|-singleturn|p2a: Zapdos|move: Roost\n|\n|-heal|p2a: Zapdos|100\/100|[from] Grassy Terrain\n|upkeep\n|turn|9\n|\n|t:|1700198531\n|switch|p2a: Garganacl|Garganacl, F|100\/100\n|move|p1a: Bellibolt|Muddy Water|p2a: Garganacl\n|-supereffective|p2a: Garganacl\n|-damage|p2a: Garganacl|65\/100\n|\n|-heal|p2a: Garganacl|71\/100|[from] Grassy Terrain\n|-heal|p2a: Garganacl|77\/100|[from] item: Leftovers\n|upkeep\n|turn|10\n|\n|t:|1700198553\n|switch|p1a: Great Tusk|Great Tusk|100\/100\n|-enditem|p1a: Great Tusk|Booster Energy\n|-activate|p1a: Great Tusk|ability: Protosynthesis|[fromitem]\n|-start|p1a: Great Tusk|protosynthesisspe\n|move|p2a: Garganacl|Salt Cure|p1a: Great Tusk\n|-resisted|p1a: Great Tusk\n|-damage|p1a: Great Tusk|98\/100\n|-start|p1a: Great Tusk|Salt Cure\n|\n|-heal|p1a: Great Tusk|100\/100|[from] Grassy Terrain\n|-heal|p2a: Garganacl|83\/100|[from] Grassy Terrain\n|-heal|p2a: Garganacl|90\/100|[from] item: Leftovers\n|-damage|p1a: Great Tusk|88\/100|[from] Salt Cure\n|-fieldend|move: Grassy Terrain\n|upkeep\n|turn|11\n|\n|t:|1700198569\n|-terastallize|p2a: Garganacl|Ghost\n|move|p1a: Great Tusk|Bulk Up|p1a: Great Tusk\n|-boost|p1a: Great Tusk|atk|1\n|-boost|p1a: Great Tusk|def|1\n|move|p2a: Garganacl|Iron Defense|p2a: Garganacl\n|-boost|p2a: Garganacl|def|2\n|\n|-heal|p2a: Garganacl|96\/100|[from] item: Leftovers\n|-damage|p1a: Great Tusk|76\/100|[from] Salt Cure\n|upkeep\n|turn|12\n|\n|t:|1700198597\n|-end|p1a: Great Tusk|Protosynthesis|[silent]\n|switch|p1a: Rillaboom|Rillaboom, F|40\/100\n|-fieldstart|move: Grassy Terrain|[from] ability: Grassy Surge|[of] p1a: Rillaboom\n|move|p2a: Garganacl|Iron Defense|p2a: Garganacl\n|-boost|p2a: Garganacl|def|2\n|\n|-heal|p1a: Rillaboom|46\/100|[from] Grassy Terrain\n|-heal|p2a: Garganacl|100\/100|[from] Grassy Terrain\n|upkeep\n|turn|13\n|\n|t:|1700198605\n|switch|p2a: Zapdos|Zapdos|100\/100\n|move|p1a: Rillaboom|Knock Off|p2a: Zapdos\n|-damage|p2a: Zapdos|54\/100\n|-enditem|p2a: Zapdos|Heavy-Duty Boots|[from] move: Knock Off|[of] p1a: Rillaboom\n|\n|-heal|p1a: Rillaboom|52\/100|[from] Grassy Terrain\n|upkeep\n|turn|14\n|\n|t:|1700198623\n|switch|p1a: Bellibolt|Bellibolt, M|100\/100\n|move|p2a: Zapdos|Roost|p2a: Zapdos\n|-heal|p2a: Zapdos|100\/100\n|-singleturn|p2a: Zapdos|move: Roost\n|\n|upkeep\n|turn|15\n|\n|t:|1700198654\n|switch|p2a: Ogerpon|Ogerpon, F|77\/100 tox\n|move|p1a: Bellibolt|Muddy Water|p2a: Ogerpon\n|-resisted|p2a: Ogerpon\n|-damage|p2a: Ogerpon|65\/100 tox\n|\n|-heal|p2a: Ogerpon|71\/100 tox|[from] Grassy Terrain\n|-damage|p2a: Ogerpon|65\/100 tox|[from] psn\n|upkeep\n|turn|16\n|\n|t:|1700198666\n|switch|p1a: Heatran|Heatran, F|100\/100\n|move|p2a: Ogerpon|Spikes|p1a: Heatran\n|-sidestart|p1: Sprocket0835|Spikes\n|\n|-heal|p2a: Ogerpon|71\/100 tox|[from] Grassy Terrain\n|-damage|p2a: Ogerpon|59\/100 tox|[from] psn\n|-fieldend|move: Grassy Terrain\n|upkeep\n|turn|17\n|\n|t:|1700198673\n|move|p2a: Ogerpon|U-turn|p1a: Heatran\n|-resisted|p1a: Heatran\n|-damage|p1a: Heatran|96\/100\n|\n|t:|1700198685\n|switch|p2a: Azumarill|Azumarill, M|100\/100|[from] U-turn\n|move|p1a: Heatran|Magma Storm|p2a: Azumarill\n|-resisted|p2a: Azumarill\n|-damage|p2a: Azumarill|85\/100\n|-activate|p2a: Azumarill|move: Magma Storm|[of] p1a: Heatran\n|\n|-damage|p2a: Azumarill|73\/100|[from] move: Magma Storm|[partiallytrapped]\n|upkeep\n|turn|18\n|\n|t:|1700198726\n|switch|p1a: Rillaboom|Rillaboom, F|52\/100\n|-damage|p1a: Rillaboom|39\/100|[from] Spikes\n|-fieldstart|move: Grassy Terrain|[from] ability: Grassy Surge|[of] p1a: Rillaboom\n|move|p2a: Azumarill|Liquidation|p1a: Rillaboom\n|-resisted|p1a: Rillaboom\n|-damage|p1a: Rillaboom|15\/100\n|\n|-heal|p1a: Rillaboom|21\/100|[from] Grassy Terrain\n|-heal|p2a: Azumarill|79\/100|[from] Grassy Terrain\n|-end|p2a: Azumarill|Magma Storm|[partiallytrapped]|[silent]\n|upkeep\n|turn|19\n|\n|t:|1700198741\n|switch|p2a: Zapdos|Zapdos|100\/100\n|move|p1a: Rillaboom|U-turn|p2a: Zapdos\n|-resisted|p2a: Zapdos\n|-damage|p2a: Zapdos|83\/100\n|-status|p1a: Rillaboom|par|[from] ability: Static|[of] p2a: Zapdos\n|\n|t:|1700198759\n|switch|p1a: Hatterene|Hatterene, F|100\/100|[from] U-turn\n|-damage|p1a: Hatterene|88\/100|[from] Spikes\n|-enditem|p1a: Hatterene|Grassy Seed\n|-boost|p1a: Hatterene|def|1|[from] item: Grassy Seed\n|\n|-heal|p1a: Hatterene|94\/100|[from] Grassy Terrain\n|upkeep\n|turn|20\n|\n|t:|1700198776\n|move|p2a: Zapdos|Hurricane|p1a: Hatterene\n|-damage|p1a: Hatterene|45\/100\n|-start|p1a: Hatterene|confusion\n|-activate|p1a: Hatterene|confusion\n|-damage|p1a: Hatterene|41\/100|[from] confusion\n|\n|-heal|p1a: Hatterene|47\/100|[from] Grassy Terrain\n|upkeep\n|turn|21\n|\n|t:|1700198801\n|switch|p1a: Bellibolt|Bellibolt, M|100\/100\n|-damage|p1a: Bellibolt|88\/100|[from] Spikes\n|move|p2a: Zapdos|Hurricane|p1a: Bellibolt\n|-resisted|p1a: Bellibolt\n|-damage|p1a: Bellibolt|67\/100\n|-start|p1a: Bellibolt|Charge|Hurricane|[from] ability: Electromorphosis\n|\n|-heal|p1a: Bellibolt|73\/100|[from] Grassy Terrain\n|-heal|p1a: Bellibolt|79\/100|[from] item: Leftovers\n|upkeep\n|turn|22\n|\n|t:|1700198822\n|switch|p2a: Ogerpon|Ogerpon, F|59\/100 tox\n|move|p1a: Bellibolt|Parabolic Charge|p2a: Ogerpon\n|-resisted|p2a: Ogerpon\n|-damage|p2a: Ogerpon|32\/100 tox\n|-heal|p1a: Bellibolt|89\/100|[from] drain|[of] p2a: Ogerpon\n|-end|p1a: Bellibolt|Charge|[silent]\n|\n|-heal|p2a: Ogerpon|38\/100 tox|[from] Grassy Terrain\n|-heal|p1a: Bellibolt|95\/100|[from] Grassy Terrain\n|-heal|p1a: Bellibolt|100\/100|[from] item: Leftovers\n|-damage|p2a: Ogerpon|32\/100 tox|[from] psn\n|-fieldend|move: Grassy Terrain\n|upkeep\n|turn|23\n|\n|t:|1700198838\n|move|p2a: Ogerpon|Ivy Cudgel|p1a: Bellibolt\n|-damage|p1a: Bellibolt|66\/100\n|-start|p1a: Bellibolt|Charge|Ivy Cudgel|[from] ability: Electromorphosis\n|move|p1a: Bellibolt|Parabolic Charge|p2a: Ogerpon\n|-resisted|p2a: Ogerpon\n|-damage|p2a: Ogerpon|3\/100 tox\n|-heal|p1a: Bellibolt|76\/100|[from] drain|[of] p2a: Ogerpon\n|-end|p1a: Bellibolt|Charge|[silent]\n|\n|-heal|p1a: Bellibolt|82\/100|[from] item: Leftovers\n|-damage|p2a: Ogerpon|0 fnt|[from] psn\n|faint|p2a: Ogerpon\n|upkeep\n|\n|t:|1700198858\n|switch|p2a: Garganacl|Garganacl, F, tera:Ghost|100\/100\n|turn|24\n|\n|t:|1700198871\n|switch|p1a: Heatran|Heatran, F|96\/100\n|-damage|p1a: Heatran|83\/100|[from] Spikes\n|move|p2a: Garganacl|Salt Cure|p1a: Heatran\n|-damage|p1a: Heatran|72\/100\n|-start|p1a: Heatran|Salt Cure\n|\n|-damage|p1a: Heatran|47\/100|[from] Salt Cure\n|upkeep\n|turn|25\n|\n|t:|1700198888\n|switch|p2a: Azumarill|Azumarill, M|79\/100\n|move|p1a: Heatran|Taunt|p2a: Azumarill\n|-start|p2a: Azumarill|move: Taunt\n|\n|-damage|p1a: Heatran|22\/100|[from] Salt Cure\n|upkeep\n|turn|26\n|\n|t:|1700198905\n|switch|p1a: Bellibolt|Bellibolt, M|82\/100\n|-damage|p1a: Bellibolt|70\/100|[from] Spikes\n|move|p2a: Azumarill|Liquidation|p1a: Bellibolt\n|-damage|p1a: Bellibolt|35\/100\n|-start|p1a: Bellibolt|Charge|Liquidation|[from] ability: Electromorphosis\n|\n|-heal|p1a: Bellibolt|41\/100|[from] item: Leftovers\n|upkeep\n|turn|27\n|\n|t:|1700198923\n|switch|p2a: Great Tusk|Great Tusk|100\/100\n|move|p1a: Bellibolt|Slack Off|p1a: Bellibolt\n|-heal|p1a: Bellibolt|91\/100\n|\n|-heal|p1a: Bellibolt|98\/100|[from] item: Leftovers\n|upkeep\n|turn|28\n|\n|t:|1700198994\n|move|p2a: Great Tusk|Headlong Rush|p1a: Bellibolt\n|-supereffective|p1a: Bellibolt\n|-damage|p1a: Bellibolt|20\/100\n|-unboost|p2a: Great Tusk|def|1\n|-unboost|p2a: Great Tusk|spd|1\n|-start|p1a: Bellibolt|Charge|Headlong Rush|[from] ability: Electromorphosis\n|move|p1a: Bellibolt|Toxic|p2a: Great Tusk\n|-status|p2a: Great Tusk|tox\n|\n|-heal|p1a: Bellibolt|27\/100|[from] item: Leftovers\n|-damage|p2a: Great Tusk|94\/100 tox|[from] psn\n|upkeep\n|turn|29\n|\n|t:|1700199031\n|switch|p1a: Hatterene|Hatterene, F|47\/100\n|-damage|p1a: Hatterene|35\/100|[from] Spikes\n|move|p2a: Great Tusk|Close Combat|p1a: Hatterene\n|-resisted|p1a: Hatterene\n|-damage|p1a: Hatterene|23\/100\n|-unboost|p2a: Great Tusk|def|1\n|-unboost|p2a: Great Tusk|spd|1\n|\n|-damage|p2a: Great Tusk|82\/100 tox|[from] psn\n|upkeep\n|turn|30\n|\n|t:|1700199060\n|-end|p2a: Great Tusk|Protosynthesis|[silent]\n|switch|p2a: Lokix|Lokix, M|100\/100\n|move|p1a: Hatterene|Draining Kiss|p2a: Lokix\n|-supereffective|p2a: Lokix\n|-damage|p2a: Lokix|17\/100\n|-heal|p1a: Hatterene|78\/100|[from] drain|[of] p2a: Lokix\n|\n|upkeep\n|turn|31\n|\n|t:|1700199114\n|switch|p1a: Great Tusk|Great Tusk|76\/100\n|-damage|p1a: Great Tusk|63\/100|[from] Spikes\n|move|p2a: Lokix|First Impression|p1a: Great Tusk\n|-resisted|p1a: Great Tusk\n|-damage|p1a: Great Tusk|34\/100\n|\n|upkeep\n|turn|32\n|\n|t:|1700199127\n|move|p1a: Great Tusk|Rapid Spin|p2a: Lokix\n|-damage|p2a: Lokix|0 fnt\n|-boost|p1a: Great Tusk|spe|1\n|-sideend|p1: Sprocket0835|Spikes|[from] move: Rapid Spin|[of] p1a: Great Tusk\n|faint|p2a: Lokix\n|\n|upkeep\n|\n|t:|1700199137\n|switch|p2a: Garganacl|Garganacl, F, tera:Ghost|100\/100\n|turn|33\n|\n|t:|1700199157\n|-end|p1a: Great Tusk|Protosynthesis|[silent]\n|switch|p1a: Hatterene|Hatterene, F|78\/100\n|move|p2a: Garganacl|Iron Defense|p2a: Garganacl\n|-boost|p2a: Garganacl|def|2\n|\n|upkeep\n|turn|34\n|\n|t:|1700199162\n|move|p1a: Hatterene|Calm Mind|p1a: Hatterene\n|-boost|p1a: Hatterene|spa|1\n|-boost|p1a: Hatterene|spd|1\n|move|p2a: Garganacl|Salt Cure|p1a: Hatterene\n|-damage|p1a: Hatterene|67\/100\n|-start|p1a: Hatterene|Salt Cure\n|\n|-damage|p1a: Hatterene|55\/100|[from] Salt Cure\n|upkeep\n|turn|35\n|\n|t:|1700199174\n|switch|p2a: Azumarill|Azumarill, M|79\/100\n|move|p1a: Hatterene|Calm Mind|p1a: Hatterene\n|-boost|p1a: Hatterene|spa|1\n|-boost|p1a: Hatterene|spd|1\n|\n|-damage|p1a: Hatterene|43\/100|[from] Salt Cure\n|upkeep\n|turn|36\n|\n|t:|1700199198\n|move|p2a: Azumarill|Liquidation|p1a: Hatterene\n|-damage|p1a: Hatterene|0 fnt\n|faint|p1a: Hatterene\n|\n|upkeep\n|\n|t:|1700199206\n|switch|p1a: Rillaboom|Rillaboom, F|21\/100 par\n|-fieldstart|move: Grassy Terrain|[from] ability: Grassy Surge|[of] p1a: Rillaboom\n|turn|37\n|\n|t:|1700199210\n|switch|p2a: Zapdos|Zapdos|83\/100\n|move|p1a: Rillaboom|Grassy Glide|p2a: Zapdos\n|-resisted|p2a: Zapdos\n|-damage|p2a: Zapdos|56\/100\n|\n|-heal|p1a: Rillaboom|27\/100 par|[from] Grassy Terrain\n|upkeep\n|turn|38\n|\n|t:|1700199222\n|switch|p1a: Bellibolt|Bellibolt, M|27\/100\n|move|p2a: Zapdos|Roost|p2a: Zapdos\n|-heal|p2a: Zapdos|100\/100\n|-singleturn|p2a: Zapdos|move: Roost\n|\n|-heal|p1a: Bellibolt|33\/100|[from] Grassy Terrain\n|-heal|p1a: Bellibolt|39\/100|[from] item: Leftovers\n|upkeep\n|turn|39\n|\n|t:|1700199235\n|switch|p2a: Garganacl|Garganacl, F, tera:Ghost|100\/100\n|move|p1a: Bellibolt|Slack Off|p1a: Bellibolt\n|-heal|p1a: Bellibolt|89\/100\n|\n|-heal|p1a: Bellibolt|95\/100|[from] Grassy Terrain\n|-heal|p1a: Bellibolt|100\/100|[from] item: Leftovers\n|upkeep\n|turn|40\n|\n|t:|1700199251\n|move|p1a: Bellibolt|Parabolic Charge|p2a: Garganacl\n|-damage|p2a: Garganacl|82\/100\n|move|p2a: Garganacl|Salt Cure|p1a: Bellibolt\n|-crit|p1a: Bellibolt\n|-damage|p1a: Bellibolt|87\/100\n|-start|p1a: Bellibolt|Salt Cure\n|-start|p1a: Bellibolt|Charge|Salt Cure|[from] ability: Electromorphosis\n|\n|-heal|p1a: Bellibolt|93\/100|[from] Grassy Terrain\n|-heal|p1a: Bellibolt|99\/100|[from] item: Leftovers\n|-heal|p2a: Garganacl|88\/100|[from] Grassy Terrain\n|-heal|p2a: Garganacl|94\/100|[from] item: Leftovers\n|-damage|p1a: Bellibolt|87\/100|[from] Salt Cure\n|upkeep\n|turn|41\n|\n|t:|1700199259\n|move|p1a: Bellibolt|Parabolic Charge|p2a: Garganacl\n|-damage|p2a: Garganacl|54\/100\n|-heal|p1a: Bellibolt|100\/100|[from] drain|[of] p2a: Garganacl\n|-end|p1a: Bellibolt|Charge|[silent]\n|move|p2a: Garganacl|Iron Defense|p2a: Garganacl\n|-boost|p2a: Garganacl|def|2\n|\n|-heal|p2a: Garganacl|60\/100|[from] Grassy Terrain\n|-heal|p2a: Garganacl|67\/100|[from] item: Leftovers\n|-damage|p1a: Bellibolt|88\/100|[from] Salt Cure\n|-fieldend|move: Grassy Terrain\n|upkeep\n|turn|42\n|\n|t:|1700199267\n|move|p1a: Bellibolt|Parabolic Charge|p2a: Garganacl\n|-damage|p2a: Garganacl|49\/100\n|-heal|p1a: Bellibolt|97\/100|[from] drain|[of] p2a: Garganacl\n|move|p2a: Garganacl|Iron Defense|p2a: Garganacl\n|-boost|p2a: Garganacl|def|2\n|\n|-heal|p1a: Bellibolt|100\/100|[from] item: Leftovers\n|-heal|p2a: Garganacl|55\/100|[from] item: Leftovers\n|-damage|p1a: Bellibolt|88\/100|[from] Salt Cure\n|upkeep\n|turn|43\n|\n|t:|1700199274\n|move|p1a: Bellibolt|Parabolic Charge|p2a: Garganacl\n|-damage|p2a: Garganacl|35\/100\n|-heal|p1a: Bellibolt|97\/100|[from] drain|[of] p2a: Garganacl\n|move|p2a: Garganacl|Recover|p2a: Garganacl\n|-heal|p2a: Garganacl|85\/100\n|\n|-heal|p1a: Bellibolt|100\/100|[from] item: Leftovers\n|-heal|p2a: Garganacl|92\/100|[from] item: Leftovers\n|-damage|p1a: Bellibolt|88\/100|[from] Salt Cure\n|upkeep\n|turn|44\n|\n|t:|1700199279\n|move|p1a: Bellibolt|Parabolic Charge|p2a: Garganacl\n|-damage|p2a: Garganacl|73\/100\n|-heal|p1a: Bellibolt|97\/100|[from] drain|[of] p2a: Garganacl\n|move|p2a: Garganacl|Iron Defense|p2a: Garganacl\n|-boost|p2a: Garganacl|def|2\n|\n|-heal|p1a: Bellibolt|100\/100|[from] item: Leftovers\n|-heal|p2a: Garganacl|79\/100|[from] item: Leftovers\n|-damage|p1a: Bellibolt|88\/100|[from] Salt Cure\n|upkeep\n|turn|45\n|\n|t:|1700199283\n|move|p1a: Bellibolt|Parabolic Charge|p2a: Garganacl\n|-crit|p2a: Garganacl\n|-damage|p2a: Garganacl|49\/100\n|-heal|p1a: Bellibolt|100\/100|[from] drain|[of] p2a: Garganacl\n|move|p2a: Garganacl|Body Press|p1a: Bellibolt\n|-damage|p1a: Bellibolt|29\/100\n|-start|p1a: Bellibolt|Charge|Body Press|[from] ability: Electromorphosis\n|\n|-heal|p1a: Bellibolt|35\/100|[from] item: Leftovers\n|-heal|p2a: Garganacl|55\/100|[from] item: Leftovers\n|-damage|p1a: Bellibolt|23\/100|[from] Salt Cure\n|upkeep\n|turn|46\n|\n|t:|1700199304\n|move|p1a: Bellibolt|Parabolic Charge|p2a: Garganacl\n|-damage|p2a: Garganacl|15\/100\n|-heal|p1a: Bellibolt|42\/100|[from] drain|[of] p2a: Garganacl\n|-end|p1a: Bellibolt|Charge|[silent]\n|move|p2a: Garganacl|Recover|p2a: Garganacl\n|-heal|p2a: Garganacl|65\/100\n|\n|-heal|p1a: Bellibolt|48\/100|[from] item: Leftovers\n|-heal|p2a: Garganacl|72\/100|[from] item: Leftovers\n|-damage|p1a: Bellibolt|36\/100|[from] Salt Cure\n|upkeep\n|turn|47\n|\n|t:|1700199313\n|move|p1a: Bellibolt|Slack Off|p1a: Bellibolt\n|-heal|p1a: Bellibolt|86\/100\n|move|p2a: Garganacl|Recover|p2a: Garganacl\n|-heal|p2a: Garganacl|100\/100\n|\n|-heal|p1a: Bellibolt|92\/100|[from] item: Leftovers\n|-damage|p1a: Bellibolt|80\/100|[from] Salt Cure\n|upkeep\n|turn|48\n|\n|t:|1700199322\n|move|p1a: Bellibolt|Muddy Water|p2a: Garganacl\n|-damage|p2a: Garganacl|81\/100\n|-unboost|p2a: Garganacl|accuracy|1\n|move|p2a: Garganacl|Body Press|p1a: Bellibolt|[miss]\n|-miss|p2a: Garganacl|p1a: Bellibolt\n|\n|-heal|p1a: Bellibolt|86\/100|[from] item: Leftovers\n|-heal|p2a: Garganacl|88\/100|[from] item: Leftovers\n|-damage|p1a: Bellibolt|73\/100|[from] Salt Cure\n|upkeep\n|turn|49\n|\n|t:|1700199330\n|move|p1a: Bellibolt|Parabolic Charge|p2a: Garganacl\n|-damage|p2a: Garganacl|67\/100\n|-heal|p1a: Bellibolt|83\/100|[from] drain|[of] p2a: Garganacl\n|move|p2a: Garganacl|Body Press|p1a: Bellibolt\n|-damage|p1a: Bellibolt|13\/100\n|-start|p1a: Bellibolt|Charge|Body Press|[from] ability: Electromorphosis\n|\n|-heal|p1a: Bellibolt|19\/100|[from] item: Leftovers\n|-heal|p2a: Garganacl|74\/100|[from] item: Leftovers\n|-damage|p1a: Bellibolt|7\/100|[from] Salt Cure\n|upkeep\n|turn|50\n|\n|t:|1700199338\n|move|p1a: Bellibolt|Slack Off|p1a: Bellibolt\n|-heal|p1a: Bellibolt|57\/100\n|move|p2a: Garganacl|Body Press|p1a: Bellibolt|[miss]\n|-miss|p2a: Garganacl|p1a: Bellibolt\n|\n|-heal|p1a: Bellibolt|63\/100|[from] item: Leftovers\n|-heal|p2a: Garganacl|80\/100|[from] item: Leftovers\n|-damage|p1a: Bellibolt|51\/100|[from] Salt Cure\n|upkeep\n|turn|51\n|\n|t:|1700199343\n|move|p1a: Bellibolt|Parabolic Charge|p2a: Garganacl\n|-damage|p2a: Garganacl|43\/100\n|-heal|p1a: Bellibolt|69\/100|[from] drain|[of] p2a: Garganacl\n|-end|p1a: Bellibolt|Charge|[silent]\n|move|p2a: Garganacl|Body Press|p1a: Bellibolt|[miss]\n|-miss|p2a: Garganacl|p1a: Bellibolt\n|\n|-heal|p1a: Bellibolt|75\/100|[from] item: Leftovers\n|-heal|p2a: Garganacl|49\/100|[from] item: Leftovers\n|-damage|p1a: Bellibolt|63\/100|[from] Salt Cure\n|upkeep\n|turn|52\n|\n|t:|1700199348\n|move|p1a: Bellibolt|Parabolic Charge|p2a: Garganacl\n|-damage|p2a: Garganacl|28\/100\n|-heal|p1a: Bellibolt|73\/100|[from] drain|[of] p2a: Garganacl\n|move|p2a: Garganacl|Recover|p2a: Garganacl\n|-heal|p2a: Garganacl|78\/100\n|\n|-heal|p1a: Bellibolt|79\/100|[from] item: Leftovers\n|-heal|p2a: Garganacl|84\/100|[from] item: Leftovers\n|-damage|p1a: Bellibolt|66\/100|[from] Salt Cure\n|upkeep\n|turn|53\n|\n|t:|1700199356\n|move|p1a: Bellibolt|Slack Off|p1a: Bellibolt\n|-heal|p1a: Bellibolt|100\/100\n|move|p2a: Garganacl|Body Press|p1a: Bellibolt\n|-damage|p1a: Bellibolt|24\/100\n|-start|p1a: Bellibolt|Charge|Body Press|[from] ability: Electromorphosis\n|\n|-heal|p1a: Bellibolt|31\/100|[from] item: Leftovers\n|-heal|p2a: Garganacl|90\/100|[from] item: Leftovers\n|-damage|p1a: Bellibolt|18\/100|[from] Salt Cure\n|upkeep\n|turn|54\n|\n|t:|1700199368\n|move|p1a: Bellibolt|Slack Off|p1a: Bellibolt\n|-heal|p1a: Bellibolt|68\/100\n|move|p2a: Garganacl|Body Press|p1a: Bellibolt\n|-damage|p1a: Bellibolt|0 fnt\n|faint|p1a: Bellibolt\n|\n|-heal|p2a: Garganacl|97\/100|[from] item: Leftovers\n|upkeep\n|\n|t:|1700199377\n|switch|p1a: Heatran|Heatran, F|22\/100\n|turn|55\n|\n|t:|1700199429\n|move|p1a: Heatran|Stealth Rock|p2a: Garganacl\n|-sidestart|p2: DaveTheNakedGuy|move: Stealth Rock\n|move|p2a: Garganacl|Salt Cure|p1a: Heatran\n|-damage|p1a: Heatran|11\/100\n|-start|p1a: Heatran|Salt Cure\n|\n|-heal|p2a: Garganacl|100\/100|[from] item: Leftovers\n|-damage|p1a: Heatran|0 fnt|[from] Salt Cure\n|faint|p1a: Heatran\n|upkeep\n|-message|Sprocket0835 forfeited.\n|\n|win|DaveTheNakedGuy\n|raw|Sprocket0835's rating: 1279 &rarr; <strong>1257<\/strong><br \/>(-22 for losing)\n|raw|DaveTheNakedGuy's rating: 1321 &rarr; <strong>1339<\/strong><br \/>(+18 for winning)\n|player|p1|Sprocket0835|hilbert\n","uploadtime":1700199470,"views":10,"p1id":"sprocket0835","p2id":"davethenakedguy","formatid":"gen9ou","rating":1257,"private":0,"password":""}