{"id":"gen9ou-1990219140","p1":"jrodshow44","p2":"Enock123","format":"[Gen 9] OU","log":"|j|\u2606jrodshow44\n|j|\u2606Enock123\n|t:|1699939223\n|gametype|singles\n|player|p1|jrodshow44|n|1548\n|player|p2|Enock123|2|1676\n|teamsize|p1|6\n|teamsize|p2|6\n|gen|9\n|tier|[Gen 9] OU\n|rated|\n|rule|Sleep Clause Mod: Limit one foe put to sleep\n|rule|Species Clause: Limit one of each Pok\u00e9mon\n|rule|OHKO Clause: OHKO moves are banned\n|rule|Evasion Items Clause: Evasion items are banned\n|rule|Evasion Moves Clause: Evasion moves are banned\n|rule|Endless Battle Clause: Forcing endless battles is banned\n|rule|HP Percentage Mod: HP is shown in percentages\n|clearpoke\n|poke|p1|Dragapult, M|\n|poke|p1|Meowscarada, F|\n|poke|p1|Heatran, F|\n|poke|p1|Slowking-Galar, F|\n|poke|p1|Samurott-Hisui, M|\n|poke|p1|Great Tusk|\n|poke|p2|Clodsire, F|\n|poke|p2|Greninja-*, M|\n|poke|p2|Iron Valiant|\n|poke|p2|Moltres|\n|poke|p2|Breloom, F|\n|poke|p2|Cresselia, F|\n|teampreview\n|inactive|Battle timer is ON: inactive players will automatically lose when time's up. (requested by jrodshow44)\n|j| ionic desert\n|\n|t:|1699939276\n|start\n|switch|p1a: Samurott|Samurott-Hisui, M|100\/100\n|switch|p2a: Greninja|Greninja, M|100\/100\n|turn|1\n|\n|t:|1699939296\n|move|p2a: Greninja|U-turn|p1a: Samurott\n|-start|p2a: Greninja|typechange|Bug|[from] ability: Protean\n|-supereffective|p1a: Samurott\n|-damage|p1a: Samurott|44\/100\n|\n|t:|1699939315\n|switch|p2a: Clodsire|Clodsire, F|100\/100|[from] U-turn\n|move|p1a: Samurott|Knock Off|p2a: Clodsire\n|-damage|p2a: Clodsire|71\/100\n|-damage|p1a: Samurott|27\/100|[from] item: Rocky Helmet|[of] p2a: Clodsire\n|-enditem|p2a: Clodsire|Rocky Helmet|[from] move: Knock Off|[of] p1a: Samurott\n|\n|upkeep\n|turn|2\n|\n|t:|1699939323\n|switch|p1a: Great Tusk|Great Tusk|100\/100\n|move|p2a: Clodsire|Earthquake|p1a: Great Tusk\n|-damage|p1a: Great Tusk|86\/100\n|\n|-heal|p1a: Great Tusk|93\/100|[from] item: Leftovers\n|upkeep\n|turn|3\n|l| ionic desert\n|inactive|Enock123 has 120 seconds left.\n|\n|t:|1699939365\n|switch|p2a: Moltres|Moltres|100\/100\n|move|p1a: Great Tusk|Knock Off|p2a: Moltres\n|-damage|p2a: Moltres|71\/100\n|-enditem|p2a: Moltres|Heavy-Duty Boots|[from] move: Knock Off|[of] p1a: Great Tusk\n|\n|-heal|p1a: Great Tusk|99\/100|[from] item: Leftovers\n|upkeep\n|turn|4\n|\n|t:|1699939375\n|move|p2a: Moltres|Hurricane|p1a: Great Tusk\n|-supereffective|p1a: Great Tusk\n|-damage|p1a: Great Tusk|0 fnt\n|faint|p1a: Great Tusk\n|-end|p1a: Great Tusk|Protosynthesis|[silent]\n|\n|upkeep\n|\n|t:|1699939378\n|switch|p1a: Heatran|Heatran, F|100\/100\n|turn|5\n|\n|t:|1699939383\n|move|p2a: Moltres|U-turn|p1a: Heatran\n|-resisted|p1a: Heatran\n|-damage|p1a: Heatran|98\/100\n|\n|t:|1699939386\n|switch|p2a: Clodsire|Clodsire, F|71\/100|[from] U-turn\n|move|p1a: Heatran|Stealth Rock|p2a: Clodsire\n|-sidestart|p2: Enock123|move: Stealth Rock\n|\n|-heal|p1a: Heatran|100\/100|[from] item: Leftovers\n|upkeep\n|turn|6\n|\n|t:|1699939396\n|switch|p1a: Slowking|Slowking-Galar, F|100\/100\n|move|p2a: Clodsire|Earthquake|p1a: Slowking\n|-supereffective|p1a: Slowking\n|-damage|p1a: Slowking|46\/100\n|\n|upkeep\n|turn|7\n|\n|t:|1699939402\n|switch|p1a: Meowscarada|Meowscarada, F|100\/100\n|move|p2a: Clodsire|Earthquake|p1a: Meowscarada\n|-resisted|p1a: Meowscarada\n|-crit|p1a: Meowscarada\n|-damage|p1a: Meowscarada|67\/100\n|\n|upkeep\n|turn|8\n|\n|t:|1699939406\n|move|p1a: Meowscarada|Flower Trick|p2a: Clodsire\n|-start|p1a: Meowscarada|typechange|Grass|[from] ability: Protean\n|-crit|p2a: Clodsire\n|-damage|p2a: Clodsire|19\/100\n|move|p2a: Clodsire|Spikes|p1a: Meowscarada\n|-sidestart|p1: jrodshow44|Spikes\n|\n|upkeep\n|turn|9\n|\n|t:|1699939412\n|move|p1a: Meowscarada|Flower Trick|p2a: Clodsire\n|-crit|p2a: Clodsire\n|-damage|p2a: Clodsire|0 fnt\n|faint|p2a: Clodsire\n|\n|upkeep\n|\n|t:|1699939415\n|switch|p2a: Greninja|Greninja, M|100\/100\n|-damage|p2a: Greninja|88\/100|[from] Stealth Rock\n|turn|10\n|\n|t:|1699939423\n|move|p2a: Greninja|U-turn|p1a: Meowscarada\n|-start|p2a: Greninja|typechange|Bug|[from] ability: Protean\n|-supereffective|p1a: Meowscarada\n|-damage|p1a: Meowscarada|0 fnt\n|faint|p1a: Meowscarada\n|\n|t:|1699939430\n|switch|p2a: Moltres|Moltres|71\/100|[from] U-turn\n|-damage|p2a: Moltres|21\/100|[from] Stealth Rock\n|\n|upkeep\n|\n|t:|1699939439\n|switch|p1a: Dragapult|Dragapult, M|100\/100\n|-damage|p1a: Dragapult|88\/100|[from] Spikes\n|turn|11\n|inactive|Enock123 has 120 seconds left.\n|\n|t:|1699939472\n|move|p1a: Dragapult|Shadow Ball|p2a: Moltres\n|-damage|p2a: Moltres|0 fnt\n|faint|p2a: Moltres\n|\n|upkeep\n|\n|t:|1699939476\n|switch|p2a: Cresselia|Cresselia, F|100\/100\n|-damage|p2a: Cresselia|88\/100|[from] Stealth Rock\n|turn|12\n|j| MikeFlem12326171\n|j| LordJikji\n|\n|t:|1699939496\n|switch|p1a: Samurott|Samurott-Hisui, M|27\/100\n|-damage|p1a: Samurott|15\/100|[from] Spikes\n|-terastallize|p2a: Cresselia|Electric\n|move|p2a: Cresselia|Calm Mind|p2a: Cresselia\n|-boost|p2a: Cresselia|spa|1\n|-boost|p2a: Cresselia|spd|1\n|\n|-heal|p2a: Cresselia|94\/100|[from] item: Leftovers\n|upkeep\n|turn|13\n|\n|t:|1699939499\n|move|p1a: Samurott|Ceaseless Edge|p2a: Cresselia\n|-damage|p2a: Cresselia|61\/100\n|-sidestart|p2: Enock123|Spikes\n|move|p2a: Cresselia|Ice Beam|p1a: Samurott\n|-resisted|p1a: Samurott\n|-damage|p1a: Samurott|0 fnt\n|faint|p1a: Samurott\n|\n|-heal|p2a: Cresselia|67\/100|[from] item: Leftovers\n|upkeep\n|\n|t:|1699939509\n|switch|p1a: Heatran|Heatran, F|100\/100\n|-damage|p1a: Heatran|88\/100|[from] Spikes\n|turn|14\n|\n|t:|1699939511\n|move|p2a: Cresselia|Substitute|p2a: Cresselia\n|-start|p2a: Cresselia|Substitute\n|-damage|p2a: Cresselia|42\/100\n|move|p1a: Heatran|Taunt|p2a: Cresselia\n|-start|p2a: Cresselia|move: Taunt\n|\n|-heal|p2a: Cresselia|49\/100|[from] item: Leftovers\n|-heal|p1a: Heatran|94\/100|[from] item: Leftovers\n|upkeep\n|turn|15\n|\n|t:|1699939515\n|move|p2a: Cresselia|Thunder|p1a: Heatran\n|-damage|p1a: Heatran|52\/100\n|move|p1a: Heatran|Magma Storm|p2a: Cresselia|[miss]\n|-miss|p1a: Heatran|p2a: Cresselia\n|\n|-heal|p2a: Cresselia|55\/100|[from] item: Leftovers\n|-heal|p1a: Heatran|58\/100|[from] item: Leftovers\n|upkeep\n|turn|16\n|\n|t:|1699939520\n|move|p2a: Cresselia|Thunder|p1a: Heatran\n|-damage|p1a: Heatran|16\/100\n|move|p1a: Heatran|Magma Storm|p2a: Cresselia\n|-activate|p2a: Cresselia|move: Substitute|[damage]\n|\n|-heal|p2a: Cresselia|61\/100|[from] item: Leftovers\n|-heal|p1a: Heatran|22\/100|[from] item: Leftovers\n|upkeep\n|turn|17\n|\n|t:|1699939526\n|move|p2a: Cresselia|Thunder|p1a: Heatran\n|-damage|p1a: Heatran|0 fnt\n|faint|p1a: Heatran\n|\n|-heal|p2a: Cresselia|67\/100|[from] item: Leftovers\n|-end|p2a: Cresselia|move: Taunt\n|upkeep\n|\n|t:|1699939537\n|switch|p1a: Dragapult|Dragapult, M|88\/100\n|-damage|p1a: Dragapult|76\/100|[from] Spikes\n|turn|18\n|\n|t:|1699939539\n|move|p1a: Dragapult|Shadow Ball|p2a: Cresselia\n|-damage|p2a: Cresselia|44\/100\n|move|p2a: Cresselia|Ice Beam|p1a: Dragapult\n|-supereffective|p1a: Dragapult\n|-damage|p1a: Dragapult|0 fnt\n|faint|p1a: Dragapult\n|\n|-heal|p2a: Cresselia|50\/100|[from] item: Leftovers\n|upkeep\n|-message|jrodshow44 forfeited.\n|\n|win|Enock123\n|raw|jrodshow44's rating: 1548 &rarr; <strong>1535<\/strong><br \/>(-13 for losing)\n|raw|Enock123's rating: 1676 &rarr; <strong>1689<\/strong><br \/>(+13 for winning)\n|l|\u2606jrodshow44\n|l|\u2606Enock123\n","uploadtime":1699939578,"views":11,"p1id":"jrodshow44","p2id":"enock123","formatid":"gen9ou","rating":1535,"private":0,"password":""}