{"id":"gen9ou-1994026719","p1":"New_caeli","p2":"Boyer Enjoyer","format":"[Gen 9] OU","log":"|j|\u2606New_caeli\n|j|\u2606Boyer Enjoyer\n|t:|1700395994\n|gametype|singles\n|player|p1|New_caeli|lady-gen4|1498\n|player|p2|Boyer Enjoyer|swimmerf-gen4|1576\n|teamsize|p1|6\n|teamsize|p2|6\n|gen|9\n|tier|[Gen 9] OU\n|rated|\n|rule|Sleep Clause Mod: Limit one foe put to sleep\n|rule|Species Clause: Limit one of each Pok\u00e9mon\n|rule|OHKO Clause: OHKO moves are banned\n|rule|Evasion Items Clause: Evasion items are banned\n|rule|Evasion Moves Clause: Evasion moves are banned\n|rule|Endless Battle Clause: Forcing endless battles is banned\n|rule|HP Percentage Mod: HP is shown in percentages\n|clearpoke\n|poke|p1|Ting-Lu|\n|poke|p1|Toxapex, F|\n|poke|p1|Corviknight, M|\n|poke|p1|Hoopa-Unbound|\n|poke|p1|Landorus-Therian, M|\n|poke|p1|Zamazenta-*|\n|poke|p2|Slowking-Galar, F|\n|poke|p2|Great Tusk|\n|poke|p2|Rillaboom, F|\n|poke|p2|Kingambit, F|\n|poke|p2|Dragapult, F|\n|poke|p2|Moltres|\n|teampreview\n|\n|t:|1700396012\n|start\n|switch|p1a: Hoopa|Hoopa-Unbound|100\/100\n|switch|p2a: Great Tusk|Great Tusk|100\/100\n|turn|1\n|\n|t:|1700396016\n|move|p2a: Great Tusk|Headlong Rush|p1a: Hoopa\n|-damage|p1a: Hoopa|0 fnt\n|-unboost|p2a: Great Tusk|def|1\n|-unboost|p2a: Great Tusk|spd|1\n|faint|p1a: Hoopa\n|\n|upkeep\n|\n|t:|1700396020\n|switch|p1a: Corviknight|Corviknight, M|100\/100\n|-ability|p1a: Corviknight|Pressure\n|turn|2\n|\n|t:|1700396035\n|move|p2a: Great Tusk|Smack Down|p1a: Corviknight\n|-damage|p1a: Corviknight|90\/100\n|-start|p1a: Corviknight|Smack Down\n|move|p1a: Corviknight|Brave Bird|p2a: Great Tusk\n|-supereffective|p2a: Great Tusk\n|-damage|p2a: Great Tusk|16\/100\n|-damage|p1a: Corviknight|64\/100|[from] Recoil\n|\n|-heal|p2a: Great Tusk|23\/100|[from] item: Leftovers\n|upkeep\n|turn|3\n|\n|t:|1700396041\n|switch|p1a: Landorus|Landorus-Therian, M|100\/100\n|-ability|p1a: Landorus|Intimidate|boost\n|-unboost|p2a: Great Tusk|atk|1\n|move|p2a: Great Tusk|Headlong Rush|p1a: Landorus\n|-immune|p1a: Landorus\n|\n|-heal|p2a: Great Tusk|29\/100|[from] item: Leftovers\n|upkeep\n|turn|4\n|\n|t:|1700396045\n|-end|p2a: Great Tusk|Protosynthesis|[silent]\n|switch|p2a: Rillaboom|Rillaboom, F|100\/100\n|-fieldstart|move: Grassy Terrain|[from] ability: Grassy Surge|[of] p2a: Rillaboom\n|move|p1a: Landorus|Earthquake|p2a: Rillaboom\n|-resisted|p2a: Rillaboom\n|-damage|p2a: Rillaboom|85\/100\n|\n|-heal|p2a: Rillaboom|91\/100|[from] Grassy Terrain\n|upkeep\n|turn|5\n|\n|t:|1700396049\n|switch|p1a: Corviknight|Corviknight, M|64\/100\n|-ability|p1a: Corviknight|Pressure\n|move|p2a: Rillaboom|Wood Hammer|p1a: Corviknight\n|-resisted|p1a: Corviknight\n|-damage|p1a: Corviknight|44\/100\n|-damage|p2a: Rillaboom|75\/100|[from] item: Rocky Helmet|[of] p1a: Corviknight\n|-damage|p2a: Rillaboom|67\/100|[from] Recoil\n|\n|-heal|p2a: Rillaboom|73\/100|[from] Grassy Terrain\n|upkeep\n|turn|6\n|\n|t:|1700396052\n|switch|p2a: Moltres|Moltres|100\/100\n|move|p1a: Corviknight|Roost|p1a: Corviknight\n|-heal|p1a: Corviknight|94\/100\n|-singleturn|p1a: Corviknight|move: Roost\n|\n|-heal|p1a: Corviknight|99\/100|[from] Grassy Terrain\n|upkeep\n|turn|7\n|\n|t:|1700396058\n|switch|p1a: Toxapex|Toxapex, F|100\/100\n|move|p2a: Moltres|Will-O-Wisp|p1a: Toxapex\n|-status|p1a: Toxapex|brn\n|\n|-damage|p1a: Toxapex|94\/100 brn|[from] brn\n|upkeep\n|turn|8\n|\n|t:|1700396063\n|switch|p2a: Slowking|Slowking-Galar, F|100\/100\n|switch|p1a: Landorus|Landorus-Therian, M|100\/100\n|-ability|p1a: Landorus|Intimidate|boost\n|-unboost|p2a: Slowking|atk|1\n|\n|-fieldend|move: Grassy Terrain\n|upkeep\n|turn|9\n|\n|t:|1700396082\n|-terastallize|p2a: Slowking|Water\n|move|p1a: Landorus|U-turn|p2a: Slowking\n|-damage|p2a: Slowking|75\/100\n|\n|t:|1700396087\n|switch|p1a: Toxapex|Toxapex, F|100\/100 brn|[from] U-turn\n|move|p2a: Slowking|Ice Beam|p1a: Toxapex\n|-resisted|p1a: Toxapex\n|-damage|p1a: Toxapex|92\/100 brn\n|\n|-damage|p1a: Toxapex|85\/100 brn|[from] brn\n|upkeep\n|turn|10\n|\n|t:|1700396091\n|move|p1a: Toxapex|Toxic|p2a: Slowking\n|-status|p2a: Slowking|tox\n|move|p2a: Slowking|Future Sight|p1a: Toxapex\n|-start|p2a: Slowking|move: Future Sight\n|\n|-damage|p2a: Slowking|69\/100 tox|[from] psn\n|-damage|p1a: Toxapex|79\/100 brn|[from] brn\n|upkeep\n|turn|11\n|\n|t:|1700396094\n|move|p1a: Toxapex|Toxic|p2a: Slowking\n|-fail|p2a: Slowking|tox\n|move|p2a: Slowking|Chilly Reception|p2a: Slowking\n|-weather|Snow\n|\n|t:|1700396096\n|switch|p2a: Great Tusk|Great Tusk|29\/100|[from] Chilly Reception\n|\n|-weather|Snow|[upkeep]\n|-heal|p2a: Great Tusk|35\/100|[from] item: Leftovers\n|-damage|p1a: Toxapex|73\/100 brn|[from] brn\n|upkeep\n|turn|12\n|\n|t:|1700396102\n|switch|p1a: Corviknight|Corviknight, M|99\/100\n|-ability|p1a: Corviknight|Pressure\n|move|p2a: Great Tusk|Headlong Rush|p1a: Corviknight\n|-immune|p1a: Corviknight\n|\n|-weather|Snow|[upkeep]\n|-end|p1a: Corviknight|move: Future Sight\n|-resisted|p1a: Corviknight\n|-damage|p1a: Corviknight|77\/100\n|-heal|p2a: Great Tusk|41\/100|[from] item: Leftovers\n|upkeep\n|turn|13\n|\n|t:|1700396105\n|move|p2a: Great Tusk|Smack Down|p1a: Corviknight\n|-damage|p1a: Corviknight|67\/100\n|-start|p1a: Corviknight|Smack Down\n|move|p1a: Corviknight|Brave Bird|p2a: Great Tusk\n|-supereffective|p2a: Great Tusk\n|-damage|p2a: Great Tusk|0 fnt\n|faint|p2a: Great Tusk\n|-end|p2a: Great Tusk|Protosynthesis|[silent]\n|-damage|p1a: Corviknight|54\/100|[from] Recoil\n|\n|-weather|Snow|[upkeep]\n|upkeep\n|\n|t:|1700396111\n|switch|p2a: Dragapult|Dragapult, F|100\/100\n|turn|14\n|\n|t:|1700396115\n|switch|p1a: Ting-Lu|Ting-Lu|100\/100\n|-ability|p1a: Ting-Lu|Vessel of Ruin\n|move|p2a: Dragapult|U-turn|p1a: Ting-Lu\n|-supereffective|p1a: Ting-Lu\n|-damage|p1a: Ting-Lu|82\/100\n|\n|t:|1700396118\n|switch|p2a: Rillaboom|Rillaboom, F|73\/100|[from] U-turn\n|-fieldstart|move: Grassy Terrain|[from] ability: Grassy Surge|[of] p2a: Rillaboom\n|\n|-weather|Snow|[upkeep]\n|-heal|p2a: Rillaboom|79\/100|[from] Grassy Terrain\n|-heal|p1a: Ting-Lu|88\/100|[from] Grassy Terrain\n|-heal|p1a: Ting-Lu|95\/100|[from] item: Leftovers\n|upkeep\n|turn|15\n|\n|t:|1700396122\n|switch|p1a: Toxapex|Toxapex, F|100\/100 brn\n|move|p2a: Rillaboom|Knock Off|p1a: Toxapex\n|-damage|p1a: Toxapex|66\/100 brn\n|-damage|p2a: Rillaboom|63\/100|[from] item: Rocky Helmet|[of] p1a: Toxapex\n|-enditem|p1a: Toxapex|Rocky Helmet|[from] move: Knock Off|[of] p2a: Rillaboom\n|\n|-weather|none\n|-heal|p2a: Rillaboom|69\/100|[from] Grassy Terrain\n|-heal|p1a: Toxapex|72\/100 brn|[from] Grassy Terrain\n|-damage|p1a: Toxapex|66\/100 brn|[from] brn\n|upkeep\n|turn|16\n|\n|t:|1700396129\n|switch|p2a: Slowking|Slowking-Galar, F, tera:Water|100\/100 tox\n|move|p1a: Toxapex|Toxic|p2a: Slowking\n|-fail|p2a: Slowking|tox\n|\n|-heal|p1a: Toxapex|72\/100 brn|[from] Grassy Terrain\n|-damage|p2a: Slowking|94\/100 tox|[from] psn\n|-damage|p1a: Toxapex|66\/100 brn|[from] brn\n|upkeep\n|turn|17\n|\n|t:|1700396136\n|switch|p1a: Corviknight|Corviknight, M|54\/100\n|-ability|p1a: Corviknight|Pressure\n|move|p2a: Slowking|Future Sight|p1a: Corviknight\n|-start|p2a: Slowking|move: Future Sight\n|\n|-heal|p2a: Slowking|100\/100 tox|[from] Grassy Terrain\n|-damage|p2a: Slowking|88\/100 tox|[from] psn\n|upkeep\n|turn|18\n|\n|t:|1700396154\n|move|p1a: Corviknight|Roost|p1a: Corviknight\n|-heal|p1a: Corviknight|100\/100\n|-singleturn|p1a: Corviknight|move: Roost\n|move|p2a: Slowking|Chilly Reception|p2a: Slowking\n|-weather|Snow\n|\n|t:|1700396159\n|switch|p2a: Dragapult|Dragapult, F|100\/100|[from] Chilly Reception\n|\n|-weather|Snow|[upkeep]\n|-fieldend|move: Grassy Terrain\n|upkeep\n|turn|19\n|\n|t:|1700396165\n|switch|p1a: Ting-Lu|Ting-Lu|95\/100\n|-ability|p1a: Ting-Lu|Vessel of Ruin\n|move|p2a: Dragapult|Shadow Ball|p1a: Ting-Lu\n|-resisted|p1a: Ting-Lu\n|-crit|p1a: Ting-Lu\n|-damage|p1a: Ting-Lu|77\/100\n|\n|-weather|Snow|[upkeep]\n|-end|p1a: Ting-Lu|move: Future Sight\n|-immune|p1a: Ting-Lu\n|-heal|p1a: Ting-Lu|83\/100|[from] item: Leftovers\n|upkeep\n|turn|20\n|\n|t:|1700396169\n|switch|p2a: Rillaboom|Rillaboom, F|69\/100\n|-fieldstart|move: Grassy Terrain|[from] ability: Grassy Surge|[of] p2a: Rillaboom\n|move|p1a: Ting-Lu|Spikes|p2a: Rillaboom\n|-sidestart|p2: Boyer Enjoyer|Spikes\n|\n|-weather|Snow|[upkeep]\n|-heal|p2a: Rillaboom|75\/100|[from] Grassy Terrain\n|-heal|p1a: Ting-Lu|90\/100|[from] Grassy Terrain\n|-heal|p1a: Ting-Lu|96\/100|[from] item: Leftovers\n|upkeep\n|turn|21\n|\n|t:|1700396174\n|switch|p1a: Corviknight|Corviknight, M|100\/100\n|-ability|p1a: Corviknight|Pressure\n|move|p2a: Rillaboom|Wood Hammer|p1a: Corviknight\n|-resisted|p1a: Corviknight\n|-damage|p1a: Corviknight|81\/100\n|-damage|p2a: Rillaboom|59\/100|[from] item: Rocky Helmet|[of] p1a: Corviknight\n|-damage|p2a: Rillaboom|51\/100|[from] Recoil\n|\n|-weather|Snow|[upkeep]\n|-heal|p2a: Rillaboom|57\/100|[from] Grassy Terrain\n|upkeep\n|turn|22\n|\n|t:|1700396178\n|switch|p2a: Moltres|Moltres|100\/100\n|move|p1a: Corviknight|U-turn|p2a: Moltres\n|-resisted|p2a: Moltres\n|-damage|p2a: Moltres|98\/100\n|\n|t:|1700396181\n|switch|p1a: Landorus|Landorus-Therian, M|100\/100|[from] U-turn\n|-ability|p1a: Landorus|Intimidate|boost\n|-unboost|p2a: Moltres|atk|1\n|\n|-weather|none\n|upkeep\n|turn|23\n|\n|t:|1700396184\n|move|p1a: Landorus|Stone Edge|p2a: Moltres\n|-supereffective|p2a: Moltres\n|-crit|p2a: Moltres\n|-damage|p2a: Moltres|0 fnt\n|faint|p2a: Moltres\n|\n|upkeep\n|\n|t:|1700396188\n|switch|p2a: Dragapult|Dragapult, F|100\/100\n|-damage|p2a: Dragapult|88\/100|[from] Spikes\n|turn|24\n|\n|t:|1700396192\n|switch|p1a: Ting-Lu|Ting-Lu|96\/100\n|-ability|p1a: Ting-Lu|Vessel of Ruin\n|move|p2a: Dragapult|Draco Meteor|p1a: Ting-Lu\n|-damage|p1a: Ting-Lu|62\/100\n|-unboost|p2a: Dragapult|spa|2\n|\n|-heal|p2a: Dragapult|94\/100|[from] Grassy Terrain\n|-heal|p1a: Ting-Lu|68\/100|[from] Grassy Terrain\n|-heal|p1a: Ting-Lu|74\/100|[from] item: Leftovers\n|-fieldend|move: Grassy Terrain\n|upkeep\n|turn|25\n|\n|t:|1700396198\n|switch|p2a: Rillaboom|Rillaboom, F|57\/100\n|-damage|p2a: Rillaboom|45\/100|[from] Spikes\n|-fieldstart|move: Grassy Terrain|[from] ability: Grassy Surge|[of] p2a: Rillaboom\n|move|p1a: Ting-Lu|Ruination|p2a: Rillaboom\n|-damage|p2a: Rillaboom|23\/100\n|\n|-heal|p2a: Rillaboom|29\/100|[from] Grassy Terrain\n|-heal|p1a: Ting-Lu|80\/100|[from] Grassy Terrain\n|-heal|p1a: Ting-Lu|87\/100|[from] item: Leftovers\n|upkeep\n|turn|26\n|\n|t:|1700396202\n|switch|p1a: Corviknight|Corviknight, M|81\/100\n|-ability|p1a: Corviknight|Pressure\n|move|p2a: Rillaboom|U-turn|p1a: Corviknight\n|-resisted|p1a: Corviknight\n|-damage|p1a: Corviknight|75\/100\n|-damage|p2a: Rillaboom|13\/100|[from] item: Rocky Helmet|[of] p1a: Corviknight\n|\n|t:|1700396208\n|switch|p2a: Dragapult|Dragapult, F|94\/100|[from] U-turn\n|-damage|p2a: Dragapult|82\/100|[from] Spikes\n|\n|-heal|p2a: Dragapult|88\/100|[from] Grassy Terrain\n|upkeep\n|turn|27\n|\n|t:|1700396211\n|switch|p1a: Ting-Lu|Ting-Lu|87\/100\n|-ability|p1a: Ting-Lu|Vessel of Ruin\n|move|p2a: Dragapult|U-turn|p1a: Ting-Lu\n|-supereffective|p1a: Ting-Lu\n|-damage|p1a: Ting-Lu|67\/100\n|\n|t:|1700396214\n|switch|p2a: Rillaboom|Rillaboom, F|13\/100|[from] U-turn\n|-damage|p2a: Rillaboom|0 fnt|[from] Spikes\n|faint|p2a: Rillaboom\n|\n|-heal|p1a: Ting-Lu|73\/100|[from] Grassy Terrain\n|-heal|p1a: Ting-Lu|79\/100|[from] item: Leftovers\n|upkeep\n|l|\u2606Boyer Enjoyer\n|player|p2|\n|inactive|Battle timer is ON: inactive players will automatically lose when time's up. (requested by New_caeli)\n|inactive|Boyer Enjoyer has 30 seconds to reconnect!\n|inactive|Boyer Enjoyer has 20 seconds to reconnect!\n|inactive|Boyer Enjoyer has 15 seconds to reconnect!\n|inactive|Boyer Enjoyer has 10 seconds to reconnect!\n|inactive|Boyer Enjoyer has 5 seconds to reconnect!\n|-message|Boyer Enjoyer lost due to inactivity.\n|\n|win|New_caeli\n|raw|New_caeli's rating: 1498 &rarr; <strong>1522<\/strong><br \/>(+24 for winning)\n|raw|Boyer Enjoyer's rating: 1576 &rarr; <strong>1552<\/strong><br \/>(-24 for losing)\n","uploadtime":1700396405,"views":18,"p1id":"newcaeli","p2id":"boyerenjoyer","formatid":"gen9ou","rating":1522,"private":0,"password":""}