{"id":"gen9ou-1996415273","p1":"Arcangel666","p2":"TheZilla07","format":"[Gen 9] OU","log":"|j|\u2606Arcangel666\n|j|\u2606TheZilla07\n|t:|1700679819\n|gametype|singles\n|player|p1|Arcangel666|piers|1698\n|player|p2|TheZilla07|petrel|1702\n|teamsize|p1|6\n|teamsize|p2|6\n|gen|9\n|tier|[Gen 9] OU\n|rated|\n|rule|Sleep Clause Mod: Limit one foe put to sleep\n|rule|Species Clause: Limit one of each Pok\u00e9mon\n|rule|OHKO Clause: OHKO moves are banned\n|rule|Evasion Items Clause: Evasion items are banned\n|rule|Evasion Moves Clause: Evasion moves are banned\n|rule|Endless Battle Clause: Forcing endless battles is banned\n|rule|HP Percentage Mod: HP is shown in percentages\n|clearpoke\n|poke|p1|Ting-Lu|\n|poke|p1|Kingambit, M|\n|poke|p1|Dragapult, M|\n|poke|p1|Skeledirge, F|\n|poke|p1|Iron Valiant|\n|poke|p1|Rotom-Wash|\n|poke|p2|Torkoal, M|\n|poke|p2|Walking Wake|\n|poke|p2|Garganacl, M|\n|poke|p2|Great Tusk|\n|poke|p2|Hatterene, F|\n|poke|p2|Ceruledge, M|\n|teampreview\n|j| MiniLarry\n|c|\u2606TheZilla07|glhf\n|\n|t:|1700679827\n|start\n|switch|p1a: Dragapult|Dragapult, M, shiny|100\/100\n|switch|p2a: What's The Weather|Torkoal, M|100\/100\n|-weather|SunnyDay|[from] ability: Drought|[of] p2a: What's The Weather\n|turn|1\n|\n|t:|1700679832\n|switch|p2a: Mad Hatter|Hatterene, F|100\/100\n|move|p1a: Dragapult|Substitute|p1a: Dragapult\n|-start|p1a: Dragapult|Substitute\n|-damage|p1a: Dragapult|76\/100\n|\n|-weather|SunnyDay|[upkeep]\n|-heal|p1a: Dragapult|82\/100|[from] item: Leftovers\n|upkeep\n|turn|2\n|j| Heihachi Mishima\n|\n|t:|1700679839\n|-terastallize|p1a: Dragapult|Ghost\n|move|p1a: Dragapult|Tera Blast|p2a: Mad Hatter|[anim] Tera Blast Ghost\n|-supereffective|p2a: Mad Hatter\n|-damage|p2a: Mad Hatter|0 fnt\n|faint|p2a: Mad Hatter\n|\n|-weather|SunnyDay|[upkeep]\n|-heal|p1a: Dragapult|88\/100|[from] item: Leftovers\n|upkeep\n|\n|t:|1700679848\n|switch|p2a: MinecraftReference|Garganacl, M|100\/100\n|turn|3\n|\n|t:|1700679852\n|move|p1a: Dragapult|Dragon Dance|p1a: Dragapult\n|-boost|p1a: Dragapult|atk|1\n|-boost|p1a: Dragapult|spe|1\n|move|p2a: MinecraftReference|Curse|p2a: MinecraftReference\n|-unboost|p2a: MinecraftReference|spe|1\n|-boost|p2a: MinecraftReference|atk|1\n|-boost|p2a: MinecraftReference|def|1\n|\n|-weather|SunnyDay|[upkeep]\n|-heal|p1a: Dragapult|94\/100|[from] item: Leftovers\n|upkeep\n|turn|4\n|\n|t:|1700679855\n|switch|p1a: Iron Valiant|Iron Valiant, shiny|100\/100\n|move|p2a: MinecraftReference|Salt Cure|p1a: Iron Valiant\n|-resisted|p1a: Iron Valiant\n|-damage|p1a: Iron Valiant|87\/100\n|-start|p1a: Iron Valiant|Salt Cure\n|\n|-weather|SunnyDay|[upkeep]\n|-damage|p1a: Iron Valiant|74\/100|[from] Salt Cure\n|upkeep\n|turn|5\n|\n|t:|1700679864\n|-terastallize|p2a: MinecraftReference|Water\n|move|p1a: Iron Valiant|Trick|p2a: MinecraftReference\n|-activate|p1a: Iron Valiant|move: Trick|[of] p2a: MinecraftReference\n|-item|p2a: MinecraftReference|Choice Specs|[from] move: Trick\n|-item|p1a: Iron Valiant|Leftovers|[from] move: Trick\n|move|p2a: MinecraftReference|Curse|p2a: MinecraftReference\n|-unboost|p2a: MinecraftReference|spe|1\n|-boost|p2a: MinecraftReference|atk|1\n|-boost|p2a: MinecraftReference|def|1\n|\n|-weather|SunnyDay|[upkeep]\n|-heal|p1a: Iron Valiant|80\/100|[from] item: Leftovers\n|-damage|p1a: Iron Valiant|68\/100|[from] Salt Cure\n|upkeep\n|turn|6\n|j| dfghhhg\n|\n|t:|1700679875\n|-end|p1a: Iron Valiant|Quark Drive|[silent]\n|switch|p1a: Ting-Lu|Ting-Lu|100\/100\n|-ability|p1a: Ting-Lu|Vessel of Ruin\n|switch|p2a: Kitchen Equipment|Ceruledge, M|100\/100\n|\n|-weather|SunnyDay|[upkeep]\n|upkeep\n|turn|7\n|\n|t:|1700679880\n|switch|p2a: Your Racist Uncle|Walking Wake|100\/100\n|-activate|p2a: Your Racist Uncle|ability: Protosynthesis\n|-start|p2a: Your Racist Uncle|protosynthesisspa\n|move|p1a: Ting-Lu|Ruination|p2a: Your Racist Uncle\n|-damage|p2a: Your Racist Uncle|51\/100\n|\n|-weather|SunnyDay|[upkeep]\n|upkeep\n|turn|8\n|\n|t:|1700679887\n|switch|p1a: Rotom|Rotom-Wash, shiny|100\/100\n|move|p2a: Your Racist Uncle|Hydro Steam|p1a: Rotom\n|-resisted|p1a: Rotom\n|-damage|p1a: Rotom|23\/100\n|\n|-weather|none\n|-end|p2a: Your Racist Uncle|Protosynthesis\n|-heal|p1a: Rotom|30\/100|[from] item: Leftovers\n|upkeep\n|turn|9\n|\n|t:|1700679892\n|move|p2a: Your Racist Uncle|Hydro Steam|p1a: Rotom\n|-resisted|p1a: Rotom\n|-damage|p1a: Rotom|0 fnt\n|faint|p1a: Rotom\n|\n|upkeep\n|\n|t:|1700679895\n|switch|p1a: Iron Valiant|Iron Valiant, shiny|68\/100\n|turn|10\n|\n|t:|1700679899\n|-end|p2a: Your Racist Uncle|Protosynthesis|[silent]\n|switch|p2a: Kitchen Equipment|Ceruledge, M|100\/100\n|move|p1a: Iron Valiant|Moonblast|p2a: Kitchen Equipment\n|-resisted|p2a: Kitchen Equipment\n|-damage|p2a: Kitchen Equipment|71\/100\n|-unboost|p2a: Kitchen Equipment|spa|1\n|\n|-heal|p1a: Iron Valiant|74\/100|[from] item: Leftovers\n|upkeep\n|turn|11\n|\n|t:|1700679905\n|-end|p1a: Iron Valiant|Quark Drive|[silent]\n|switch|p1a: Ting-Lu|Ting-Lu|100\/100\n|-ability|p1a: Ting-Lu|Vessel of Ruin\n|move|p2a: Kitchen Equipment|Bitter Blade|p1a: Ting-Lu\n|-crit|p1a: Ting-Lu\n|-damage|p1a: Ting-Lu|63\/100\n|-heal|p2a: Kitchen Equipment|100\/100|[from] drain|[of] p1a: Ting-Lu\n|\n|-heal|p1a: Ting-Lu|69\/100|[from] item: Leftovers\n|upkeep\n|turn|12\n|\n|t:|1700679912\n|switch|p2a: Republican|Great Tusk|100\/100\n|move|p1a: Ting-Lu|Stealth Rock|p2a: Republican\n|-sidestart|p2: TheZilla07|move: Stealth Rock\n|\n|-heal|p1a: Ting-Lu|75\/100|[from] item: Leftovers\n|upkeep\n|turn|13\n|\n|t:|1700679919\n|switch|p1a: Skeledirge|Skeledirge, F, shiny|100\/100\n|move|p2a: Republican|Headlong Rush|p1a: Skeledirge\n|-supereffective|p1a: Skeledirge\n|-damage|p1a: Skeledirge|23\/100\n|-unboost|p2a: Republican|def|1\n|-unboost|p2a: Republican|spd|1\n|\n|upkeep\n|turn|14\n|\n|t:|1700679924\n|move|p2a: Republican|Headlong Rush|p1a: Skeledirge\n|-supereffective|p1a: Skeledirge\n|-damage|p1a: Skeledirge|0 fnt\n|-unboost|p2a: Republican|def|1\n|-unboost|p2a: Republican|spd|1\n|faint|p1a: Skeledirge\n|\n|upkeep\n|\n|t:|1700679925\n|switch|p1a: Iron Valiant|Iron Valiant, shiny|74\/100\n|turn|15\n|\n|t:|1700679929\n|-end|p2a: Republican|Protosynthesis|[silent]\n|switch|p2a: Kitchen Equipment|Ceruledge, M|100\/100\n|move|p1a: Iron Valiant|Moonblast|p2a: Kitchen Equipment\n|-resisted|p2a: Kitchen Equipment\n|-crit|p2a: Kitchen Equipment\n|-damage|p2a: Kitchen Equipment|63\/100\n|-unboost|p2a: Kitchen Equipment|spa|1\n|\n|-heal|p1a: Iron Valiant|80\/100|[from] item: Leftovers\n|upkeep\n|turn|16\n|\n|t:|1700679934\n|-end|p1a: Iron Valiant|Quark Drive|[silent]\n|switch|p1a: Ting-Lu|Ting-Lu|75\/100\n|-ability|p1a: Ting-Lu|Vessel of Ruin\n|move|p2a: Kitchen Equipment|Bitter Blade|p1a: Ting-Lu\n|-damage|p1a: Ting-Lu|49\/100\n|-heal|p2a: Kitchen Equipment|85\/100|[from] drain|[of] p1a: Ting-Lu\n|\n|-heal|p1a: Ting-Lu|56\/100|[from] item: Leftovers\n|upkeep\n|turn|17\n|\n|t:|1700679945\n|switch|p2a: Republican|Great Tusk|100\/100\n|-damage|p2a: Republican|98\/100|[from] Stealth Rock\n|move|p1a: Ting-Lu|Ruination|p2a: Republican\n|-damage|p2a: Republican|49\/100\n|\n|-heal|p1a: Ting-Lu|62\/100|[from] item: Leftovers\n|upkeep\n|turn|18\n|\n|t:|1700679954\n|move|p2a: Republican|Ice Spinner|p1a: Ting-Lu\n|-supereffective|p1a: Ting-Lu\n|-damage|p1a: Ting-Lu|33\/100\n|move|p1a: Ting-Lu|Whirlwind|p2a: Republican\n|-end|p2a: Republican|Protosynthesis|[silent]\n|drag|p2a: Kitchen Equipment|Ceruledge, M|85\/100\n|\n|-heal|p1a: Ting-Lu|39\/100|[from] item: Leftovers\n|upkeep\n|turn|19\n|\n|t:|1700679976\n|switch|p2a: MinecraftReference|Garganacl, M, tera:Water|100\/100\n|-damage|p2a: MinecraftReference|88\/100|[from] Stealth Rock\n|move|p1a: Ting-Lu|Ruination|p2a: MinecraftReference|[miss]\n|-miss|p1a: Ting-Lu|p2a: MinecraftReference\n|\n|-heal|p1a: Ting-Lu|45\/100|[from] item: Leftovers\n|upkeep\n|turn|20\n|\n|t:|1700679981\n|move|p1a: Ting-Lu|Spikes|p2a: MinecraftReference\n|-sidestart|p2: TheZilla07|Spikes\n|move|p2a: MinecraftReference|Salt Cure|p1a: Ting-Lu\n|-resisted|p1a: Ting-Lu\n|-damage|p1a: Ting-Lu|41\/100\n|-start|p1a: Ting-Lu|Salt Cure\n|\n|-heal|p1a: Ting-Lu|47\/100|[from] item: Leftovers\n|-damage|p1a: Ting-Lu|35\/100|[from] Salt Cure\n|upkeep\n|turn|21\n|\n|t:|1700679985\n|switch|p2a: Republican|Great Tusk|49\/100\n|-damage|p2a: Republican|46\/100|[from] Stealth Rock\n|-damage|p2a: Republican|34\/100|[from] Spikes\n|move|p1a: Ting-Lu|Spikes|p2a: Republican\n|-sidestart|p2: TheZilla07|Spikes\n|\n|-heal|p1a: Ting-Lu|41\/100|[from] item: Leftovers\n|-damage|p1a: Ting-Lu|29\/100|[from] Salt Cure\n|upkeep\n|turn|22\n|\n|t:|1700679988\n|switch|p1a: Dragapult|Dragapult, M, shiny, tera:Ghost|94\/100\n|move|p2a: Republican|Rapid Spin|p1a: Dragapult\n|-immune|p1a: Dragapult\n|\n|-heal|p1a: Dragapult|99\/100|[from] item: Leftovers\n|upkeep\n|turn|23\n|\n|t:|1700679992\n|-end|p2a: Republican|Protosynthesis|[silent]\n|switch|p2a: MinecraftReference|Garganacl, M, tera:Water|88\/100\n|-damage|p2a: MinecraftReference|76\/100|[from] Stealth Rock\n|-damage|p2a: MinecraftReference|59\/100|[from] Spikes\n|move|p1a: Dragapult|Substitute|p1a: Dragapult\n|-start|p1a: Dragapult|Substitute\n|-damage|p1a: Dragapult|75\/100\n|\n|-heal|p1a: Dragapult|81\/100|[from] item: Leftovers\n|upkeep\n|turn|24\n|\n|t:|1700679994\n|move|p1a: Dragapult|Dragon Dance|p1a: Dragapult\n|-boost|p1a: Dragapult|atk|1\n|-boost|p1a: Dragapult|spe|1\n|move|p2a: MinecraftReference|Salt Cure|p1a: Dragapult\n|-activate|p1a: Dragapult|move: Substitute|[damage]\n|\n|-heal|p1a: Dragapult|87\/100|[from] item: Leftovers\n|upkeep\n|turn|25\n|\n|t:|1700679996\n|move|p1a: Dragapult|Dragon Dance|p1a: Dragapult\n|-boost|p1a: Dragapult|atk|1\n|-boost|p1a: Dragapult|spe|1\n|move|p2a: MinecraftReference|Salt Cure|p1a: Dragapult\n|-end|p1a: Dragapult|Substitute\n|\n|-heal|p1a: Dragapult|93\/100|[from] item: Leftovers\n|upkeep\n|turn|26\n|\n|t:|1700679998\n|move|p1a: Dragapult|Substitute|p1a: Dragapult\n|-start|p1a: Dragapult|Substitute\n|-damage|p1a: Dragapult|68\/100\n|move|p2a: MinecraftReference|Salt Cure|p1a: Dragapult\n|-activate|p1a: Dragapult|move: Substitute|[damage]\n|\n|-heal|p1a: Dragapult|74\/100|[from] item: Leftovers\n|upkeep\n|turn|27\n|\n|t:|1700679999\n|move|p1a: Dragapult|Dragon Darts|p2a: MinecraftReference\n|-damage|p2a: MinecraftReference|27\/100\n|-anim|p1a: Dragapult|Dragon Darts|p2a: MinecraftReference\n|-damage|p2a: MinecraftReference|0 fnt\n|faint|p2a: MinecraftReference\n|\n|-heal|p1a: Dragapult|80\/100|[from] item: Leftovers\n|upkeep\n|\n|t:|1700680005\n|switch|p2a: What's The Weather|Torkoal, M|100\/100\n|-damage|p2a: What's The Weather|76\/100|[from] Stealth Rock\n|-damage|p2a: What's The Weather|59\/100|[from] Spikes\n|-weather|SunnyDay|[from] ability: Drought|[of] p2a: What's The Weather\n|turn|28\n|j| RSThrill\n|\n|t:|1700680007\n|move|p1a: Dragapult|Tera Blast|p2a: What's The Weather|[anim] Tera Blast Ghost\n|-crit|p2a: What's The Weather\n|-damage|p2a: What's The Weather|0 fnt\n|faint|p2a: What's The Weather\n|\n|-weather|SunnyDay|[upkeep]\n|-heal|p1a: Dragapult|86\/100|[from] item: Leftovers\n|upkeep\n|-message|TheZilla07 forfeited.\n|\n|win|Arcangel666\n|raw|Arcangel666's rating: 1698 &rarr; <strong>1718<\/strong><br \/>(+20 for winning)\n|raw|TheZilla07's rating: 1702 &rarr; <strong>1682<\/strong><br \/>(-20 for losing)\n|l|\u2606TheZilla07\n|l| RSThrill\n|l|\u2606Arcangel666\n","uploadtime":1700680089,"views":0,"p1id":"arcangel666","p2id":"thezilla07","formatid":"gen9ou","rating":1682,"private":0,"password":""}