{"id":"gen9ou-1996731528","p1":"SirSpanklez","p2":"Inciniratr","format":"[Gen 9] OU","log":"|j|\u2606SirSpanklez\n|j|\u2606Inciniratr\n|t:|1700715910\n|gametype|singles\n|player|p1|SirSpanklez|pokemonrangerf|1301\n|player|p2|Inciniratr|veteran|1351\n|teamsize|p1|6\n|teamsize|p2|6\n|gen|9\n|tier|[Gen 9] OU\n|rated|\n|rule|Sleep Clause Mod: Limit one foe put to sleep\n|rule|Species Clause: Limit one of each Pok\u00e9mon\n|rule|OHKO Clause: OHKO moves are banned\n|rule|Evasion Items Clause: Evasion items are banned\n|rule|Evasion Moves Clause: Evasion moves are banned\n|rule|Endless Battle Clause: Forcing endless battles is banned\n|rule|HP Percentage Mod: HP is shown in percentages\n|clearpoke\n|poke|p1|Garganacl, M|\n|poke|p1|Zapdos|\n|poke|p1|Ogerpon-Cornerstone, F|\n|poke|p1|Tyranitar, F|\n|poke|p1|Talonflame, M|\n|poke|p1|Sandy Shocks|\n|poke|p2|Thundurus-Therian, M|\n|poke|p2|Dragapult, M|\n|poke|p2|Hatterene, F|\n|poke|p2|Ogerpon-Wellspring, F|\n|poke|p2|Kingambit, M|\n|poke|p2|Great Tusk|\n|teampreview\n|j| TorterraMain\n|\n|t:|1700715928\n|start\n|switch|p1a: Big Guy|Tyranitar, F, shiny|100\/100\n|switch|p2a: Hatterene|Hatterene, F|100\/100\n|-weather|Sandstorm|[from] ability: Sand Stream|[of] p1a: Big Guy\n|turn|1\n|\n|t:|1700715933\n|move|p1a: Big Guy|Knock Off|p2a: Hatterene\n|-damage|p2a: Hatterene|50\/100\n|-enditem|p2a: Hatterene|Leftovers|[from] move: Knock Off|[of] p1a: Big Guy\n|move|p2a: Hatterene|Nuzzle|p1a: Big Guy\n|-damage|p1a: Big Guy|97\/100\n|-status|p1a: Big Guy|par\n|\n|-weather|Sandstorm|[upkeep]\n|-damage|p2a: Hatterene|45\/100|[from] Sandstorm\n|-heal|p1a: Big Guy|100\/100 par|[from] item: Leftovers\n|upkeep\n|turn|2\n|\n|t:|1700715944\n|switch|p1a: The Holy Monument|Garganacl, M, shiny|100\/100\n|move|p2a: Hatterene|Draining Kiss|p1a: The Holy Monument\n|-damage|p1a: The Holy Monument|91\/100\n|-heal|p2a: Hatterene|54\/100|[from] drain|[of] p1a: The Holy Monument\n|\n|-weather|Sandstorm|[upkeep]\n|-damage|p2a: Hatterene|48\/100|[from] Sandstorm\n|-heal|p1a: The Holy Monument|97\/100|[from] item: Leftovers\n|upkeep\n|turn|3\n|\n|t:|1700715947\n|move|p2a: Hatterene|Nuzzle|p1a: The Holy Monument\n|-damage|p1a: The Holy Monument|94\/100\n|move|p1a: The Holy Monument|Iron Defense|p1a: The Holy Monument\n|-boost|p1a: The Holy Monument|def|2\n|\n|-weather|Sandstorm|[upkeep]\n|-damage|p2a: Hatterene|42\/100|[from] Sandstorm\n|-heal|p1a: The Holy Monument|99\/100|[from] item: Leftovers\n|upkeep\n|turn|4\n|\n|t:|1700715951\n|move|p2a: Hatterene|Calm Mind|p2a: Hatterene\n|-boost|p2a: Hatterene|spa|1\n|-boost|p2a: Hatterene|spd|1\n|move|p1a: The Holy Monument|Iron Defense|p1a: The Holy Monument\n|-boost|p1a: The Holy Monument|def|2\n|\n|-weather|Sandstorm|[upkeep]\n|-damage|p2a: Hatterene|36\/100|[from] Sandstorm\n|-heal|p1a: The Holy Monument|100\/100|[from] item: Leftovers\n|upkeep\n|turn|5\n|\n|t:|1700715953\n|move|p2a: Hatterene|Calm Mind|p2a: Hatterene\n|-boost|p2a: Hatterene|spa|1\n|-boost|p2a: Hatterene|spd|1\n|move|p1a: The Holy Monument|Salt Cure|p2a: Hatterene\n|-damage|p2a: Hatterene|24\/100\n|-start|p2a: Hatterene|Salt Cure\n|\n|-weather|none\n|-damage|p2a: Hatterene|12\/100|[from] Salt Cure\n|upkeep\n|turn|6\n|\n|t:|1700715960\n|move|p2a: Hatterene|Stored Power|p1a: The Holy Monument\n|-damage|p1a: The Holy Monument|47\/100\n|move|p1a: The Holy Monument|Recover|p1a: The Holy Monument\n|-heal|p1a: The Holy Monument|97\/100\n|\n|-heal|p1a: The Holy Monument|100\/100|[from] item: Leftovers\n|-damage|p2a: Hatterene|0 fnt|[from] Salt Cure\n|faint|p2a: Hatterene\n|upkeep\n|\n|t:|1700715971\n|switch|p2a: Kingambit|Kingambit, M|100\/100\n|-activate|p2a: Kingambit|ability: Supreme Overlord\n|-start|p2a: Kingambit|fallen1|[silent]\n|turn|7\n|\n|t:|1700715978\n|move|p2a: Kingambit|Low Kick|p1a: The Holy Monument\n|-supereffective|p1a: The Holy Monument\n|-crit|p1a: The Holy Monument\n|-damage|p1a: The Holy Monument|0 fnt\n|faint|p1a: The Holy Monument\n|\n|upkeep\n|\n|t:|1700715990\n|switch|p1a: Erm|Sandy Shocks|100\/100\n|-enditem|p1a: Erm|Booster Energy\n|-activate|p1a: Erm|ability: Protosynthesis|[fromitem]\n|-start|p1a: Erm|protosynthesisspe\n|turn|8\n|\n|t:|1700716000\n|-end|p2a: Kingambit|fallen1|[silent]\n|switch|p2a: Thundurus|Thundurus-Therian, M|100\/100\n|move|p1a: Erm|Earth Power|p2a: Thundurus\n|-immune|p2a: Thundurus\n|\n|upkeep\n|turn|9\n|\n|t:|1700716009\n|-end|p1a: Erm|Protosynthesis|[silent]\n|switch|p1a: Big Guy|Tyranitar, F, shiny|100\/100 par\n|-weather|Sandstorm|[from] ability: Sand Stream|[of] p1a: Big Guy\n|move|p2a: Thundurus|Grass Knot|p1a: Big Guy\n|-supereffective|p1a: Big Guy\n|-damage|p1a: Big Guy|53\/100 par\n|\n|-weather|Sandstorm|[upkeep]\n|-damage|p2a: Thundurus|94\/100|[from] Sandstorm\n|-heal|p1a: Big Guy|59\/100 par|[from] item: Leftovers\n|upkeep\n|turn|10\n|\n|t:|1700716015\n|switch|p2a: Great Tusk|Great Tusk|100\/100\n|-enditem|p2a: Great Tusk|Booster Energy\n|-activate|p2a: Great Tusk|ability: Protosynthesis|[fromitem]\n|-start|p2a: Great Tusk|protosynthesisspe\n|cant|p1a: Big Guy|par\n|\n|-weather|Sandstorm|[upkeep]\n|-heal|p1a: Big Guy|65\/100 par|[from] item: Leftovers\n|upkeep\n|turn|11\n|\n|t:|1700716031\n|move|p2a: Great Tusk|Ice Spinner|p1a: Big Guy\n|-damage|p1a: Big Guy|46\/100 par\n|move|p1a: Big Guy|Dragon Tail|p2a: Great Tusk\n|-damage|p2a: Great Tusk|87\/100\n|-end|p2a: Great Tusk|Protosynthesis|[silent]\n|drag|p2a: Ogerpon|Ogerpon-Wellspring, F|100\/100\n|\n|-weather|Sandstorm|[upkeep]\n|-damage|p2a: Ogerpon|95\/100|[from] Sandstorm\n|-heal|p1a: Big Guy|52\/100 par|[from] item: Leftovers\n|upkeep\n|turn|12\n|\n|t:|1700716041\n|move|p2a: Ogerpon|Ivy Cudgel|p1a: Big Guy|[anim] Ivy Cudgel Water\n|-supereffective|p1a: Big Guy\n|-damage|p1a: Big Guy|0 fnt\n|faint|p1a: Big Guy\n|\n|-weather|Sandstorm|[upkeep]\n|-damage|p2a: Ogerpon|89\/100|[from] Sandstorm\n|upkeep\n|\n|t:|1700716049\n|switch|p1a: Mr. Miss|Zapdos, shiny|100\/100\n|turn|13\n|\n|t:|1700716059\n|move|p2a: Ogerpon|Ivy Cudgel|p1a: Mr. Miss|[anim] Ivy Cudgel Water\n|-damage|p1a: Mr. Miss|38\/100\n|move|p1a: Mr. Miss|Hurricane|p2a: Ogerpon\n|-supereffective|p2a: Ogerpon\n|-damage|p2a: Ogerpon|0 fnt\n|faint|p2a: Ogerpon\n|\n|-weather|none\n|-heal|p1a: Mr. Miss|44\/100|[from] item: Leftovers\n|upkeep\n|\n|t:|1700716062\n|switch|p2a: Thundurus|Thundurus-Therian, M|94\/100\n|turn|14\n|\n|t:|1700716066\n|switch|p2a: Great Tusk|Great Tusk|87\/100\n|move|p1a: Mr. Miss|Hurricane|p2a: Great Tusk|[miss]\n|-miss|p1a: Mr. Miss|p2a: Great Tusk\n|\n|-heal|p1a: Mr. Miss|50\/100|[from] item: Leftovers\n|upkeep\n|turn|15\n|\n|t:|1700716072\n|-terastallize|p2a: Great Tusk|Poison\n|move|p2a: Great Tusk|Rapid Spin|p1a: Mr. Miss\n|-damage|p1a: Mr. Miss|36\/100\n|-boost|p2a: Great Tusk|spe|1\n|move|p1a: Mr. Miss|Hurricane|p2a: Great Tusk\n|-damage|p2a: Great Tusk|5\/100\n|\n|-heal|p1a: Mr. Miss|42\/100|[from] item: Leftovers\n|upkeep\n|turn|16\n|\n|t:|1700716081\n|move|p2a: Great Tusk|Ice Spinner|p1a: Mr. Miss\n|-supereffective|p1a: Mr. Miss\n|-damage|p1a: Mr. Miss|0 fnt\n|-status|p2a: Great Tusk|par|[from] ability: Static|[of] p1a: Mr. Miss\n|faint|p1a: Mr. Miss\n|\n|upkeep\n|\n|t:|1700716087\n|switch|p1a: OogaBooga|Ogerpon-Cornerstone, F|100\/100\n|turn|17\n|\n|t:|1700716102\n|move|p1a: OogaBooga|Trailblaze|p2a: Great Tusk\n|-resisted|p2a: Great Tusk\n|-damage|p2a: Great Tusk|0 fnt\n|-boost|p1a: OogaBooga|spe|1\n|faint|p2a: Great Tusk\n|-end|p2a: Great Tusk|Protosynthesis|[silent]\n|\n|upkeep\n|\n|t:|1700716110\n|switch|p2a: Dragapult|Dragapult, M|100\/100\n|turn|18\n|\n|t:|1700716113\n|move|p1a: OogaBooga|Ivy Cudgel|p2a: Dragapult|[anim] Ivy Cudgel Rock\n|-damage|p2a: Dragapult|20\/100\n|move|p2a: Dragapult|Will-O-Wisp|p1a: OogaBooga\n|-status|p1a: OogaBooga|brn\n|\n|-damage|p1a: OogaBooga|95\/100 brn|[from] brn\n|upkeep\n|turn|19\n|\n|t:|1700716122\n|move|p1a: OogaBooga|Horn Leech|p2a: Dragapult\n|-resisted|p2a: Dragapult\n|-damage|p2a: Dragapult|4\/100\n|-heal|p1a: OogaBooga|100\/100 brn|[from] drain|[of] p2a: Dragapult\n|move|p2a: Dragapult|Hex|p1a: OogaBooga\n|-damage|p1a: OogaBooga|38\/100 brn\n|\n|-damage|p1a: OogaBooga|32\/100 brn|[from] brn\n|upkeep\n|turn|20\n|\n|t:|1700716126\n|move|p1a: OogaBooga|Ivy Cudgel|p2a: Dragapult|[anim] Ivy Cudgel Rock\n|-crit|p2a: Dragapult\n|-damage|p2a: Dragapult|0 fnt\n|faint|p2a: Dragapult\n|\n|-damage|p1a: OogaBooga|26\/100 brn|[from] brn\n|upkeep\n|\n|t:|1700716134\n|switch|p2a: Kingambit|Kingambit, M|100\/100\n|-activate|p2a: Kingambit|ability: Supreme Overlord\n|-start|p2a: Kingambit|fallen4|[silent]\n|turn|21\n|\n|t:|1700716139\n|move|p1a: OogaBooga|Ivy Cudgel|p2a: Kingambit|[anim] Ivy Cudgel Rock\n|-resisted|p2a: Kingambit\n|-damage|p2a: Kingambit|87\/100\n|move|p2a: Kingambit|Swords Dance|p2a: Kingambit\n|-boost|p2a: Kingambit|atk|2\n|\n|-damage|p1a: OogaBooga|20\/100 brn|[from] brn\n|upkeep\n|turn|22\n|\n|t:|1700716145\n|move|p2a: Kingambit|Sucker Punch|p1a: OogaBooga\n|-damage|p1a: OogaBooga|0 fnt\n|faint|p1a: OogaBooga\n|\n|upkeep\n|\n|t:|1700716150\n|switch|p1a: Erm|Sandy Shocks|100\/100\n|turn|23\n|\n|t:|1700716152\n|move|p2a: Kingambit|Sucker Punch||[still]\n|-fail|p2a: Kingambit\n|move|p1a: Erm|Metal Sound|p2a: Kingambit|[miss]\n|-miss|p1a: Erm|p2a: Kingambit\n|\n|upkeep\n|turn|24\n|\n|t:|1700716157\n|move|p1a: Erm|Earth Power|p2a: Kingambit\n|-supereffective|p2a: Kingambit\n|-damage|p2a: Kingambit|0 fnt\n|faint|p2a: Kingambit\n|-end|p2a: Kingambit|fallen4|[silent]\n|\n|upkeep\n|\n|t:|1700716160\n|switch|p2a: Thundurus|Thundurus-Therian, M|94\/100\n|turn|25\n|\n|t:|1700716164\n|-terastallize|p1a: Erm|Ice\n|move|p2a: Thundurus|Tera Blast|p1a: Erm\n|-damage|p1a: Erm|65\/100\n|move|p1a: Erm|Tera Blast|p2a: Thundurus|[anim] Tera Blast Ice\n|-supereffective|p2a: Thundurus\n|-damage|p2a: Thundurus|0 fnt\n|faint|p2a: Thundurus\n|\n|win|SirSpanklez\n|raw|SirSpanklez's rating: 1301 &rarr; <strong>1324<\/strong><br \/>(+23 for winning)\n|raw|Inciniratr's rating: 1351 &rarr; <strong>1328<\/strong><br \/>(-23 for losing)\n|l|\u2606Inciniratr\n|c| TorterraMain|i cannot believe it\n|l| TorterraMain\n|l|\u2606SirSpanklez\n|j| jellorain_\n","uploadtime":1700716468,"views":5,"p1id":"sirspanklez","p2id":"inciniratr","formatid":"gen9ou","rating":1324,"private":0,"password":""}