{"id":"gen9ou-1993953809","p1":"jzhuc1841","p2":"LogicaVietii","format":"[Gen 9] OU","log":"|j|\u2606jzhuc1841\n|j|\u2606LogicaVietii\n|t:|1700381943\n|gametype|singles\n|player|p1|jzhuc1841|hilbert-wonderlauncher|1620\n|player|p2|LogicaVietii|alder|1519\n|teamsize|p1|6\n|teamsize|p2|6\n|gen|9\n|tier|[Gen 9] OU\n|rated|\n|rule|Sleep Clause Mod: Limit one foe put to sleep\n|rule|Species Clause: Limit one of each Pok\u00e9mon\n|rule|OHKO Clause: OHKO moves are banned\n|rule|Evasion Items Clause: Evasion items are banned\n|rule|Evasion Moves Clause: Evasion moves are banned\n|rule|Endless Battle Clause: Forcing endless battles is banned\n|rule|HP Percentage Mod: HP is shown in percentages\n|clearpoke\n|poke|p1|Ogerpon-Wellspring, F|\n|poke|p1|Kingambit, F|\n|poke|p1|Iron Moth|\n|poke|p1|Iron Valiant|\n|poke|p1|Zamazenta-*|\n|poke|p1|Glimmora, M|\n|poke|p2|Dragonite, M|\n|poke|p2|Great Tusk|\n|poke|p2|Amoonguss, M|\n|poke|p2|Kingambit, F|\n|poke|p2|Iron Valiant|\n|poke|p2|Garganacl, M|\n|teampreview\n|inactive|Battle timer is ON: inactive players will automatically lose when time's up. (requested by LogicaVietii)\n|\n|t:|1700381965\n|start\n|switch|p1a: Iron Moth|Iron Moth|100\/100\n|switch|p2a: Dragonite|Dragonite, M|100\/100\n|-enditem|p1a: Iron Moth|Booster Energy\n|-activate|p1a: Iron Moth|ability: Quark Drive|[fromitem]\n|-start|p1a: Iron Moth|quarkdrivespe\n|turn|1\n|\n|t:|1700381971\n|-end|p1a: Iron Moth|Quark Drive|[silent]\n|switch|p1a: Glimmora|Glimmora, M|100\/100\n|-item|p1a: Glimmora|Air Balloon\n|move|p2a: Dragonite|Dragon Dance|p2a: Dragonite\n|-boost|p2a: Dragonite|atk|1\n|-boost|p2a: Dragonite|spe|1\n|\n|upkeep\n|turn|2\n|\n|t:|1700381977\n|move|p2a: Dragonite|Extreme Speed|p1a: Glimmora\n|-resisted|p1a: Glimmora\n|-damage|p1a: Glimmora|74\/100\n|-activate|p1a: Glimmora|ability: Toxic Debris\n|-sidestart|p2: LogicaVietii|move: Toxic Spikes\n|-enditem|p1a: Glimmora|Air Balloon\n|move|p1a: Glimmora|Mortal Spin|p2a: Dragonite\n|-damage|p2a: Dragonite|98\/100\n|-status|p2a: Dragonite|psn\n|\n|-damage|p2a: Dragonite|85\/100 psn|[from] psn\n|upkeep\n|turn|3\n|\n|t:|1700381992\n|move|p2a: Dragonite|Earthquake|p1a: Glimmora\n|-supereffective|p1a: Glimmora\n|-damage|p1a: Glimmora|0 fnt\n|-activate|p1a: Glimmora|ability: Toxic Debris\n|-sidestart|p2: LogicaVietii|move: Toxic Spikes\n|faint|p1a: Glimmora\n|\n|-damage|p2a: Dragonite|73\/100 psn|[from] psn\n|upkeep\n|\n|t:|1700381998\n|switch|p1a: Iron Valiant|Iron Valiant|100\/100\n|-enditem|p1a: Iron Valiant|Booster Energy\n|-activate|p1a: Iron Valiant|ability: Quark Drive|[fromitem]\n|-start|p1a: Iron Valiant|quarkdrivespe\n|turn|4\n|\n|t:|1700382007\n|switch|p2a: Amoonguss|Amoonguss, M|100\/100\n|-sideend|p2: LogicaVietii|move: Toxic Spikes|[of] p2a: Amoonguss\n|move|p1a: Iron Valiant|Moonblast|p2a: Amoonguss\n|-resisted|p2a: Amoonguss\n|-damage|p2a: Amoonguss|78\/100\n|-enditem|p2a: Amoonguss|Red Card|[of] p1a: Iron Valiant\n|-end|p1a: Iron Valiant|Quark Drive|[silent]\n|drag|p1a: Zamazenta|Zamazenta|100\/100\n|-ability|p1a: Zamazenta|Dauntless Shield|boost\n|-boost|p1a: Zamazenta|def|1\n|\n|upkeep\n|turn|5\n|\n|t:|1700382014\n|move|p1a: Zamazenta|Substitute|p1a: Zamazenta\n|-start|p1a: Zamazenta|Substitute\n|-damage|p1a: Zamazenta|76\/100\n|move|p2a: Amoonguss|Spore||[still]\n|-fail|p2a: Amoonguss\n|\n|-heal|p1a: Zamazenta|82\/100|[from] item: Leftovers\n|upkeep\n|turn|6\n|\n|t:|1700382020\n|move|p1a: Zamazenta|Iron Defense|p1a: Zamazenta\n|-boost|p1a: Zamazenta|def|2\n|move|p2a: Amoonguss|Grass Knot|p1a: Zamazenta\n|-end|p1a: Zamazenta|Substitute\n|\n|-heal|p1a: Zamazenta|88\/100|[from] item: Leftovers\n|upkeep\n|turn|7\n|\n|t:|1700382026\n|move|p1a: Zamazenta|Substitute|p1a: Zamazenta\n|-start|p1a: Zamazenta|Substitute\n|-damage|p1a: Zamazenta|63\/100\n|move|p2a: Amoonguss|Grass Knot|p1a: Zamazenta\n|-end|p1a: Zamazenta|Substitute\n|\n|-heal|p1a: Zamazenta|69\/100|[from] item: Leftovers\n|upkeep\n|turn|8\n|\n|t:|1700382034\n|-terastallize|p1a: Zamazenta|Steel\n|move|p1a: Zamazenta|Substitute|p1a: Zamazenta\n|-start|p1a: Zamazenta|Substitute\n|-damage|p1a: Zamazenta|44\/100\n|move|p2a: Amoonguss|Spore||[still]\n|-fail|p2a: Amoonguss\n|\n|-heal|p1a: Zamazenta|50\/100|[from] item: Leftovers\n|upkeep\n|turn|9\n|\n|t:|1700382042\n|switch|p2a: Iron Valiant|Iron Valiant|100\/100\n|-enditem|p2a: Iron Valiant|Booster Energy\n|-activate|p2a: Iron Valiant|ability: Quark Drive|[fromitem]\n|-start|p2a: Iron Valiant|quarkdrivespe\n|move|p1a: Zamazenta|Body Press|p2a: Iron Valiant\n|-resisted|p2a: Iron Valiant\n|-damage|p2a: Iron Valiant|35\/100\n|\n|-heal|p1a: Zamazenta|57\/100|[from] item: Leftovers\n|upkeep\n|turn|10\n|\n|t:|1700382050\n|move|p2a: Iron Valiant|Thunderbolt|p1a: Zamazenta\n|-end|p1a: Zamazenta|Substitute\n|move|p1a: Zamazenta|Body Press|p2a: Iron Valiant\n|-resisted|p2a: Iron Valiant\n|-damage|p2a: Iron Valiant|0 fnt\n|faint|p2a: Iron Valiant\n|-end|p2a: Iron Valiant|Quark Drive|[silent]\n|\n|-heal|p1a: Zamazenta|63\/100|[from] item: Leftovers\n|upkeep\n|\n|t:|1700382057\n|switch|p2a: Great Tusk|Great Tusk|100\/100\n|turn|11\n|\n|t:|1700382062\n|move|p1a: Zamazenta|Iron Defense|p1a: Zamazenta\n|-boost|p1a: Zamazenta|def|2\n|move|p2a: Great Tusk|Bulk Up|p2a: Great Tusk\n|-boost|p2a: Great Tusk|atk|1\n|-boost|p2a: Great Tusk|def|1\n|\n|-heal|p1a: Zamazenta|69\/100|[from] item: Leftovers\n|upkeep\n|turn|12\n|\n|t:|1700382067\n|move|p1a: Zamazenta|Body Press|p2a: Great Tusk\n|-damage|p2a: Great Tusk|54\/100\n|move|p2a: Great Tusk|Earthquake|p1a: Zamazenta\n|-supereffective|p1a: Zamazenta\n|-damage|p1a: Zamazenta|41\/100\n|\n|-heal|p1a: Zamazenta|47\/100|[from] item: Leftovers\n|-heal|p2a: Great Tusk|60\/100|[from] item: Leftovers\n|upkeep\n|turn|13\n|\n|t:|1700382073\n|move|p1a: Zamazenta|Body Press|p2a: Great Tusk\n|-damage|p2a: Great Tusk|14\/100\n|move|p2a: Great Tusk|Earthquake|p1a: Zamazenta\n|-supereffective|p1a: Zamazenta\n|-damage|p1a: Zamazenta|21\/100\n|\n|-heal|p1a: Zamazenta|28\/100|[from] item: Leftovers\n|-heal|p2a: Great Tusk|21\/100|[from] item: Leftovers\n|upkeep\n|turn|14\n|\n|t:|1700382080\n|move|p1a: Zamazenta|Body Press|p2a: Great Tusk\n|-damage|p2a: Great Tusk|0 fnt\n|faint|p2a: Great Tusk\n|-end|p2a: Great Tusk|Protosynthesis|[silent]\n|\n|-heal|p1a: Zamazenta|34\/100|[from] item: Leftovers\n|upkeep\n|\n|t:|1700382082\n|switch|p2a: Amoonguss|Amoonguss, M|100\/100\n|turn|15\n|\n|t:|1700382087\n|move|p1a: Zamazenta|Substitute|p1a: Zamazenta\n|-start|p1a: Zamazenta|Substitute\n|-damage|p1a: Zamazenta|9\/100\n|move|p2a: Amoonguss|Grass Knot|p1a: Zamazenta\n|-resisted|p1a: Zamazenta\n|-activate|p1a: Zamazenta|move: Substitute|[damage]\n|\n|-heal|p1a: Zamazenta|15\/100|[from] item: Leftovers\n|upkeep\n|turn|16\n|\n|t:|1700382092\n|move|p1a: Zamazenta|Body Press|p2a: Amoonguss\n|-resisted|p2a: Amoonguss\n|-damage|p2a: Amoonguss|46\/100\n|move|p2a: Amoonguss|Grass Knot|p1a: Zamazenta\n|-resisted|p1a: Zamazenta\n|-crit|p1a: Zamazenta\n|-end|p1a: Zamazenta|Substitute\n|\n|-heal|p1a: Zamazenta|21\/100|[from] item: Leftovers\n|upkeep\n|turn|17\n|\n|t:|1700382100\n|switch|p2a: Dragonite|Dragonite, M|73\/100 psn\n|move|p1a: Zamazenta|Body Press|p2a: Dragonite\n|-resisted|p2a: Dragonite\n|-damage|p2a: Dragonite|0 fnt\n|faint|p2a: Dragonite\n|\n|-heal|p1a: Zamazenta|27\/100|[from] item: Leftovers\n|upkeep\n|\n|t:|1700382106\n|switch|p2a: Kingambit|Kingambit, F|100\/100\n|-activate|p2a: Kingambit|ability: Supreme Overlord\n|-start|p2a: Kingambit|fallen3|[silent]\n|turn|18\n|\n|t:|1700382111\n|move|p1a: Zamazenta|Substitute|p1a: Zamazenta\n|-start|p1a: Zamazenta|Substitute\n|-damage|p1a: Zamazenta|2\/100\n|move|p2a: Kingambit|Low Kick|p1a: Zamazenta\n|-supereffective|p1a: Zamazenta\n|-activate|p1a: Zamazenta|move: Substitute|[damage]\n|\n|-heal|p1a: Zamazenta|8\/100|[from] item: Leftovers\n|upkeep\n|turn|19\n|\n|t:|1700382118\n|-terastallize|p2a: Kingambit|Fighting\n|move|p1a: Zamazenta|Body Press|p2a: Kingambit\n|-damage|p2a: Kingambit|0 fnt\n|faint|p2a: Kingambit\n|-end|p2a: Kingambit|fallen3|[silent]\n|\n|-heal|p1a: Zamazenta|15\/100|[from] item: Leftovers\n|upkeep\n|-message|LogicaVietii forfeited.\n|\n|win|jzhuc1841\n|raw|jzhuc1841's rating: 1620 &rarr; <strong>1634<\/strong><br \/>(+14 for winning)\n|raw|LogicaVietii's rating: 1519 &rarr; <strong>1505<\/strong><br \/>(-14 for losing)\n|l|\u2606LogicaVietii\n","uploadtime":1700382131,"views":11,"p1id":"jzhuc1841","p2id":"logicavietii","formatid":"gen9ou","rating":1505,"private":0,"password":""}