{"id":"gen9ou-1994971865","p1":"tidepacito","p2":"Leafeon Enjoyer","format":"[Gen 9] OU","log":"|j|\u2606tidepacito\n|j|\u2606Leafeon Enjoyer\n|t:|1700509276\n|gametype|singles\n|player|p1|tidepacito|101|1289\n|player|p2|Leafeon Enjoyer|rosa-masters|1347\n|teamsize|p1|6\n|teamsize|p2|6\n|gen|9\n|tier|[Gen 9] OU\n|rated|\n|rule|Sleep Clause Mod: Limit one foe put to sleep\n|rule|Species Clause: Limit one of each Pok\u00e9mon\n|rule|OHKO Clause: OHKO moves are banned\n|rule|Evasion Items Clause: Evasion items are banned\n|rule|Evasion Moves Clause: Evasion moves are banned\n|rule|Endless Battle Clause: Forcing endless battles is banned\n|rule|HP Percentage Mod: HP is shown in percentages\n|clearpoke\n|poke|p1|Gallade, M|\n|poke|p1|Samurott-Hisui, M|\n|poke|p1|Corviknight, M|\n|poke|p1|Great Tusk|\n|poke|p1|Clodsire, F|\n|poke|p1|Heatran, F|\n|poke|p2|Rillaboom, F|\n|poke|p2|Hatterene, F|\n|poke|p2|Zamazenta-*|\n|poke|p2|Garganacl, M|\n|poke|p2|Heatran, F|\n|poke|p2|Ting-Lu|\n|teampreview\n|inactive|Battle timer is ON: inactive players will automatically lose when time's up. (requested by Leafeon Enjoyer)\n|inactive|tidepacito also wants the timer to be on.\n|\n|t:|1700509281\n|start\n|switch|p1a: Corviknight|Corviknight, M|100\/100\n|switch|p2a: Rillaboom|Rillaboom, F|100\/100\n|-fieldstart|move: Grassy Terrain|[from] ability: Grassy Surge|[of] p2a: Rillaboom\n|-ability|p1a: Corviknight|Pressure\n|turn|1\n|\n|t:|1700509286\n|move|p2a: Rillaboom|U-turn|p1a: Corviknight\n|-resisted|p1a: Corviknight\n|-damage|p1a: Corviknight|96\/100\n|-damage|p2a: Rillaboom|84\/100|[from] item: Rocky Helmet|[of] p1a: Corviknight\n|\n|t:|1700509292\n|switch|p2a: Garganacl|Garganacl, M|100\/100|[from] U-turn\n|move|p1a: Corviknight|U-turn|p2a: Garganacl\n|-damage|p2a: Garganacl|90\/100\n|\n|t:|1700509301\n|switch|p1a: Gallade|Gallade, M|100\/100|[from] U-turn\n|\n|-heal|p2a: Garganacl|97\/100|[from] Grassy Terrain\n|-heal|p2a: Garganacl|100\/100|[from] item: Leftovers\n|upkeep\n|turn|2\n|inactive|Leafeon Enjoyer has 120 seconds left.\n|\n|t:|1700509350\n|move|p2a: Garganacl|Protect|p2a: Garganacl\n|-singleturn|p2a: Garganacl|Protect\n|move|p1a: Gallade|Sacred Sword|p2a: Garganacl\n|-activate|p2a: Garganacl|move: Protect\n|\n|upkeep\n|turn|3\n|\n|t:|1700509363\n|switch|p1a: Heatran|Heatran, F|100\/100\n|switch|p2a: Yuyuko|Hatterene, F|100\/100\n|\n|upkeep\n|turn|4\n|inactive|Leafeon Enjoyer has 90 seconds left.\n|\n|t:|1700509407\n|switch|p2a: Garganacl|Garganacl, M|100\/100\n|move|p1a: Heatran|Magma Storm|p2a: Garganacl|[miss]\n|-miss|p1a: Heatran|p2a: Garganacl\n|\n|upkeep\n|turn|5\n|\n|t:|1700509420\n|switch|p1a: Gallade|Gallade, M|100\/100\n|move|p2a: Garganacl|Curse|p2a: Garganacl\n|-unboost|p2a: Garganacl|spe|1\n|-boost|p2a: Garganacl|atk|1\n|-boost|p2a: Garganacl|def|1\n|\n|upkeep\n|turn|6\n|\n|t:|1700509425\n|-terastallize|p2a: Garganacl|Water\n|move|p1a: Gallade|Sacred Sword|p2a: Garganacl\n|-damage|p2a: Garganacl|37\/100\n|-damage|p1a: Gallade|91\/100|[from] item: Life Orb\n|move|p2a: Garganacl|Curse|p2a: Garganacl\n|-unboost|p2a: Garganacl|spe|1\n|-boost|p2a: Garganacl|atk|1\n|-boost|p2a: Garganacl|def|1\n|\n|-heal|p1a: Gallade|97\/100|[from] Grassy Terrain\n|-heal|p2a: Garganacl|43\/100|[from] Grassy Terrain\n|-heal|p2a: Garganacl|49\/100|[from] item: Leftovers\n|upkeep\n|turn|7\n|\n|t:|1700509432\n|move|p2a: Garganacl|Protect|p2a: Garganacl\n|-singleturn|p2a: Garganacl|Protect\n|move|p1a: Gallade|Sacred Sword|p2a: Garganacl\n|-activate|p2a: Garganacl|move: Protect\n|\n|-heal|p1a: Gallade|100\/100|[from] Grassy Terrain\n|-heal|p2a: Garganacl|55\/100|[from] Grassy Terrain\n|-heal|p2a: Garganacl|62\/100|[from] item: Leftovers\n|upkeep\n|turn|8\n|\n|t:|1700509450\n|switch|p2a: Yuyuko|Hatterene, F|100\/100\n|move|p1a: Gallade|Sacred Sword|p2a: Yuyuko\n|-resisted|p2a: Yuyuko\n|-crit|p2a: Yuyuko\n|-damage|p2a: Yuyuko|72\/100\n|-damage|p1a: Gallade|91\/100|[from] item: Life Orb\n|\n|-heal|p1a: Gallade|97\/100|[from] Grassy Terrain\n|-heal|p2a: Yuyuko|78\/100|[from] Grassy Terrain\n|-heal|p2a: Yuyuko|84\/100|[from] item: Leftovers\n|-fieldend|move: Grassy Terrain\n|upkeep\n|turn|9\n|\n|t:|1700509457\n|switch|p1a: Heatran|Heatran, F|100\/100\n|move|p2a: Yuyuko|Nuzzle|p1a: Heatran\n|-damage|p1a: Heatran|96\/100\n|-status|p1a: Heatran|par\n|\n|-heal|p2a: Yuyuko|89\/100|[from] item: Leftovers\n|upkeep\n|turn|10\n|\n|t:|1700509471\n|switch|p2a: Garganacl|Garganacl, M, tera:Water|62\/100\n|move|p1a: Heatran|Magma Storm|p2a: Garganacl\n|-resisted|p2a: Garganacl\n|-damage|p2a: Garganacl|43\/100\n|-activate|p2a: Garganacl|move: Magma Storm|[of] p1a: Heatran\n|\n|-heal|p2a: Garganacl|50\/100|[from] item: Leftovers\n|-damage|p2a: Garganacl|37\/100|[from] move: Magma Storm|[partiallytrapped]\n|upkeep\n|turn|11\n|\n|t:|1700509480\n|move|p2a: Garganacl|Recover|p2a: Garganacl\n|-heal|p2a: Garganacl|87\/100\n|move|p1a: Heatran|Earth Power|p2a: Garganacl\n|-damage|p2a: Garganacl|63\/100\n|\n|-heal|p2a: Garganacl|70\/100|[from] item: Leftovers\n|-damage|p2a: Garganacl|57\/100|[from] move: Magma Storm|[partiallytrapped]\n|upkeep\n|turn|12\n|inactive|Leafeon Enjoyer has 120 seconds left.\n|\n|t:|1700509498\n|switch|p1a: Gallade|Gallade, M|97\/100\n|move|p2a: Garganacl|Recover|p2a: Garganacl\n|-heal|p2a: Garganacl|100\/100\n|\n|-end|p2a: Garganacl|Magma Storm|[partiallytrapped]|[silent]\n|upkeep\n|turn|13\n|\n|t:|1700509509\n|switch|p1a: Samurott|Samurott-Hisui, M|100\/100\n|switch|p2a: Yuyuko|Hatterene, F|89\/100\n|\n|-heal|p2a: Yuyuko|95\/100|[from] item: Leftovers\n|upkeep\n|turn|14\n|\n|t:|1700509514\n|move|p1a: Samurott|Ceaseless Edge|p2a: Yuyuko\n|-damage|p2a: Yuyuko|60\/100\n|-sidestart|p2: Leafeon Enjoyer|Spikes\n|move|p2a: Yuyuko|Draining Kiss|p1a: Samurott\n|-supereffective|p1a: Samurott\n|-damage|p1a: Samurott|24\/100\n|-heal|p2a: Yuyuko|100\/100|[from] drain|[of] p1a: Samurott\n|\n|upkeep\n|turn|15\n|\n|t:|1700509518\n|move|p1a: Samurott|Ceaseless Edge|p2a: Yuyuko\n|-damage|p2a: Yuyuko|65\/100\n|-sidestart|p2: Leafeon Enjoyer|Spikes\n|move|p2a: Yuyuko|Draining Kiss|p1a: Samurott\n|-supereffective|p1a: Samurott\n|-damage|p1a: Samurott|0 fnt\n|-heal|p2a: Yuyuko|82\/100|[from] drain|[of] p1a: Samurott\n|faint|p1a: Samurott\n|\n|-heal|p2a: Yuyuko|88\/100|[from] item: Leftovers\n|upkeep\n|\n|t:|1700509523\n|switch|p1a: Heatran|Heatran, F|96\/100 par\n|turn|16\n|\n|t:|1700509529\n|move|p1a: Heatran|Magma Storm|p2a: Yuyuko\n|-damage|p2a: Yuyuko|28\/100\n|-activate|p2a: Yuyuko|move: Magma Storm|[of] p1a: Heatran\n|move|p2a: Yuyuko|Calm Mind|p2a: Yuyuko\n|-boost|p2a: Yuyuko|spa|1\n|-boost|p2a: Yuyuko|spd|1\n|\n|-heal|p2a: Yuyuko|34\/100|[from] item: Leftovers\n|-damage|p2a: Yuyuko|22\/100|[from] move: Magma Storm|[partiallytrapped]\n|upkeep\n|turn|17\n|\n|t:|1700509537\n|move|p1a: Heatran|Lava Plume|p2a: Yuyuko\n|-damage|p2a: Yuyuko|0 fnt\n|faint|p2a: Yuyuko\n|\n|upkeep\n|\n|t:|1700509541\n|switch|p2a: Rillaboom|Rillaboom, F|84\/100\n|-damage|p2a: Rillaboom|67\/100|[from] Spikes\n|-fieldstart|move: Grassy Terrain|[from] ability: Grassy Surge|[of] p2a: Rillaboom\n|turn|18\n|\n|t:|1700509549\n|switch|p1a: Corviknight|Corviknight, M|96\/100\n|-ability|p1a: Corviknight|Pressure\n|move|p2a: Rillaboom|U-turn|p1a: Corviknight\n|-resisted|p1a: Corviknight\n|-damage|p1a: Corviknight|93\/100\n|-damage|p2a: Rillaboom|50\/100|[from] item: Rocky Helmet|[of] p1a: Corviknight\n|\n|t:|1700509562\n|switch|p2a: Garganacl|Garganacl, M, tera:Water|100\/100|[from] U-turn\n|-damage|p2a: Garganacl|84\/100|[from] Spikes\n|\n|-heal|p2a: Garganacl|90\/100|[from] Grassy Terrain\n|-heal|p2a: Garganacl|96\/100|[from] item: Leftovers\n|upkeep\n|turn|19\n|\n|t:|1700509568\n|move|p1a: Corviknight|U-turn|p2a: Garganacl\n|-damage|p2a: Garganacl|87\/100\n|\n|t:|1700509573\n|switch|p1a: Gallade|Gallade, M|97\/100|[from] U-turn\n|move|p2a: Garganacl|Curse|p2a: Garganacl\n|-unboost|p2a: Garganacl|spe|1\n|-boost|p2a: Garganacl|atk|1\n|-boost|p2a: Garganacl|def|1\n|\n|-heal|p1a: Gallade|100\/100|[from] Grassy Terrain\n|-heal|p2a: Garganacl|93\/100|[from] Grassy Terrain\n|-heal|p2a: Garganacl|99\/100|[from] item: Leftovers\n|upkeep\n|turn|20\n|\n|t:|1700509582\n|move|p1a: Gallade|Sacred Sword|p2a: Garganacl\n|-damage|p2a: Garganacl|35\/100\n|-damage|p1a: Gallade|91\/100|[from] item: Life Orb\n|move|p2a: Garganacl|Salt Cure|p1a: Gallade\n|-resisted|p1a: Gallade\n|-damage|p1a: Gallade|73\/100\n|-start|p1a: Gallade|Salt Cure\n|\n|-heal|p1a: Gallade|79\/100|[from] Grassy Terrain\n|-heal|p2a: Garganacl|42\/100|[from] Grassy Terrain\n|-heal|p2a: Garganacl|48\/100|[from] item: Leftovers\n|-damage|p1a: Gallade|67\/100|[from] Salt Cure\n|upkeep\n|turn|21\n|\n|t:|1700509592\n|move|p2a: Garganacl|Protect|p2a: Garganacl\n|-singleturn|p2a: Garganacl|Protect\n|move|p1a: Gallade|Agility|p1a: Gallade\n|-boost|p1a: Gallade|spe|2\n|\n|-heal|p1a: Gallade|73\/100|[from] Grassy Terrain\n|-heal|p2a: Garganacl|54\/100|[from] Grassy Terrain\n|-heal|p2a: Garganacl|60\/100|[from] item: Leftovers\n|-damage|p1a: Gallade|61\/100|[from] Salt Cure\n|upkeep\n|turn|22\n|\n|t:|1700509602\n|switch|p2a: Ting-Lu|Ting-Lu|100\/100\n|-damage|p2a: Ting-Lu|84\/100|[from] Spikes\n|-ability|p2a: Ting-Lu|Vessel of Ruin\n|move|p1a: Gallade|Sacred Sword|p2a: Ting-Lu\n|-supereffective|p2a: Ting-Lu\n|-damage|p2a: Ting-Lu|12\/100\n|-damage|p1a: Gallade|51\/100|[from] item: Life Orb\n|\n|-heal|p1a: Gallade|57\/100|[from] Grassy Terrain\n|-heal|p2a: Ting-Lu|18\/100|[from] Grassy Terrain\n|-heal|p2a: Ting-Lu|25\/100|[from] item: Leftovers\n|-damage|p1a: Gallade|45\/100|[from] Salt Cure\n|upkeep\n|turn|23\n|\n|t:|1700509608\n|move|p1a: Gallade|Sacred Sword|p2a: Ting-Lu\n|-supereffective|p2a: Ting-Lu\n|-damage|p2a: Ting-Lu|0 fnt\n|faint|p2a: Ting-Lu\n|-damage|p1a: Gallade|35\/100|[from] item: Life Orb\n|\n|-heal|p1a: Gallade|42\/100|[from] Grassy Terrain\n|-damage|p1a: Gallade|29\/100|[from] Salt Cure\n|upkeep\n|\n|t:|1700509616\n|switch|p2a: Rillaboom|Rillaboom, F|50\/100\n|-damage|p2a: Rillaboom|34\/100|[from] Spikes\n|turn|24\n|\n|t:|1700509620\n|switch|p1a: Corviknight|Corviknight, M|93\/100\n|-ability|p1a: Corviknight|Pressure\n|move|p2a: Rillaboom|Protect||[still]\n|-fail|p2a: Rillaboom\n|\n|-heal|p2a: Rillaboom|40\/100|[from] Grassy Terrain\n|upkeep\n|turn|25\n|\n|t:|1700509628\n|switch|p2a: Garganacl|Garganacl, M, tera:Water|60\/100\n|-damage|p2a: Garganacl|44\/100|[from] Spikes\n|move|p1a: Corviknight|U-turn|p2a: Garganacl\n|-damage|p2a: Garganacl|34\/100\n|\n|t:|1700509633\n|switch|p1a: Gallade|Gallade, M|29\/100|[from] U-turn\n|\n|-heal|p1a: Gallade|35\/100|[from] Grassy Terrain\n|-heal|p2a: Garganacl|40\/100|[from] Grassy Terrain\n|-heal|p2a: Garganacl|46\/100|[from] item: Leftovers\n|-fieldend|move: Grassy Terrain\n|upkeep\n|turn|26\n|\n|t:|1700509642\n|move|p2a: Garganacl|Protect|p2a: Garganacl\n|-singleturn|p2a: Garganacl|Protect\n|move|p1a: Gallade|Sacred Sword|p2a: Garganacl\n|-activate|p2a: Garganacl|move: Protect\n|\n|-heal|p2a: Garganacl|52\/100|[from] item: Leftovers\n|upkeep\n|turn|27\n|\n|t:|1700509654\n|switch|p2a: Zamazenta|Zamazenta|100\/100\n|-damage|p2a: Zamazenta|84\/100|[from] Spikes\n|-ability|p2a: Zamazenta|Dauntless Shield|boost\n|-boost|p2a: Zamazenta|def|1\n|move|p1a: Gallade|Sacred Sword|p2a: Zamazenta\n|-damage|p2a: Zamazenta|15\/100\n|-damage|p1a: Gallade|26\/100|[from] item: Life Orb\n|\n|-heal|p2a: Zamazenta|22\/100|[from] item: Leftovers\n|upkeep\n|turn|28\n|\n|t:|1700509664\n|switch|p1a: Clodsire|Clodsire, F|100\/100\n|move|p2a: Zamazenta|Iron Defense|p2a: Zamazenta\n|-boost|p2a: Zamazenta|def|2\n|\n|-heal|p2a: Zamazenta|28\/100|[from] item: Leftovers\n|upkeep\n|turn|29\n|\n|t:|1700509674\n|switch|p1a: Heatran|Heatran, F|96\/100 par\n|move|p2a: Zamazenta|Substitute|p2a: Zamazenta\n|-start|p2a: Zamazenta|Substitute\n|-damage|p2a: Zamazenta|3\/100\n|\n|-heal|p2a: Zamazenta|9\/100|[from] item: Leftovers\n|upkeep\n|turn|30\n|\n|t:|1700509681\n|-terastallize|p1a: Heatran|Bug\n|move|p2a: Zamazenta|Body Press|p1a: Heatran\n|-resisted|p1a: Heatran\n|-crit|p1a: Heatran\n|-damage|p1a: Heatran|31\/100 par\n|move|p1a: Heatran|Lava Plume|p2a: Zamazenta\n|-end|p2a: Zamazenta|Substitute\n|\n|-heal|p2a: Zamazenta|15\/100|[from] item: Leftovers\n|upkeep\n|turn|31\n|\n|t:|1700509686\n|move|p2a: Zamazenta|Body Press|p1a: Heatran\n|-resisted|p1a: Heatran\n|-damage|p1a: Heatran|0 fnt\n|faint|p1a: Heatran\n|\n|-heal|p2a: Zamazenta|21\/100|[from] item: Leftovers\n|upkeep\n|\n|t:|1700509689\n|switch|p1a: Corviknight|Corviknight, M|93\/100\n|-ability|p1a: Corviknight|Pressure\n|turn|32\n|\n|t:|1700509694\n|move|p2a: Zamazenta|Body Press|p1a: Corviknight\n|-damage|p1a: Corviknight|35\/100\n|-damage|p2a: Zamazenta|5\/100|[from] item: Rocky Helmet|[of] p1a: Corviknight\n|move|p1a: Corviknight|Brave Bird|p2a: Zamazenta\n|-supereffective|p2a: Zamazenta\n|-damage|p2a: Zamazenta|0 fnt\n|faint|p2a: Zamazenta\n|-damage|p1a: Corviknight|33\/100|[from] Recoil\n|\n|upkeep\n|\n|t:|1700509703\n|switch|p2a: Heatran|Heatran, F|100\/100\n|-damage|p2a: Heatran|84\/100|[from] Spikes\n|turn|33\n|\n|t:|1700509707\n|switch|p1a: Clodsire|Clodsire, F|100\/100\n|move|p2a: Heatran|Magma Storm|p1a: Clodsire\n|-damage|p1a: Clodsire|77\/100\n|-activate|p1a: Clodsire|move: Magma Storm|[of] p2a: Heatran\n|\n|-heal|p2a: Heatran|90\/100|[from] item: Leftovers\n|-heal|p1a: Clodsire|83\/100|[from] item: Black Sludge\n|-damage|p1a: Clodsire|71\/100|[from] move: Magma Storm|[partiallytrapped]\n|upkeep\n|turn|34\n|\n|t:|1700509710\n|move|p2a: Heatran|Substitute|p2a: Heatran\n|-start|p2a: Heatran|Substitute\n|-damage|p2a: Heatran|65\/100\n|move|p1a: Clodsire|Earthquake|p2a: Heatran\n|-supereffective|p2a: Heatran\n|-end|p2a: Heatran|Substitute\n|\n|-heal|p2a: Heatran|71\/100|[from] item: Leftovers\n|-heal|p1a: Clodsire|77\/100|[from] item: Black Sludge\n|-damage|p1a: Clodsire|65\/100|[from] move: Magma Storm|[partiallytrapped]\n|upkeep\n|turn|35\n|\n|t:|1700509718\n|move|p2a: Heatran|Earth Power|p1a: Clodsire\n|-supereffective|p1a: Clodsire\n|-damage|p1a: Clodsire|39\/100\n|move|p1a: Clodsire|Earthquake|p2a: Heatran\n|-supereffective|p2a: Heatran\n|-crit|p2a: Heatran\n|-damage|p2a: Heatran|0 fnt\n|faint|p2a: Heatran\n|\n|-heal|p1a: Clodsire|45\/100|[from] item: Black Sludge\n|-end|p1a: Clodsire|Magma Storm|[partiallytrapped]|[silent]\n|upkeep\n|\n|t:|1700509723\n|switch|p2a: Garganacl|Garganacl, M, tera:Water|52\/100\n|-damage|p2a: Garganacl|36\/100|[from] Spikes\n|turn|36\n|\n|t:|1700509729\n|switch|p1a: Gallade|Gallade, M|26\/100\n|move|p2a: Garganacl|Recover|p2a: Garganacl\n|-heal|p2a: Garganacl|86\/100\n|\n|-heal|p2a: Garganacl|92\/100|[from] item: Leftovers\n|upkeep\n|turn|37\n|\n|t:|1700509735\n|move|p2a: Garganacl|Protect|p2a: Garganacl\n|-singleturn|p2a: Garganacl|Protect\n|move|p1a: Gallade|Sacred Sword|p2a: Garganacl\n|-activate|p2a: Garganacl|move: Protect\n|\n|-heal|p2a: Garganacl|98\/100|[from] item: Leftovers\n|upkeep\n|turn|38\n|\n|t:|1700509739\n|move|p1a: Gallade|Sacred Sword|p2a: Garganacl\n|-damage|p2a: Garganacl|42\/100\n|-damage|p1a: Gallade|16\/100|[from] item: Life Orb\n|move|p2a: Garganacl|Salt Cure|p1a: Gallade\n|-resisted|p1a: Gallade\n|-damage|p1a: Gallade|4\/100\n|-start|p1a: Gallade|Salt Cure\n|\n|-heal|p2a: Garganacl|49\/100|[from] item: Leftovers\n|-damage|p1a: Gallade|0 fnt|[from] Salt Cure\n|faint|p1a: Gallade\n|upkeep\n|\n|t:|1700509750\n|switch|p1a: Great Tusk|Great Tusk|100\/100\n|turn|39\n|\n|t:|1700509754\n|move|p1a: Great Tusk|Knock Off|p2a: Garganacl\n|-damage|p2a: Garganacl|29\/100\n|-enditem|p2a: Garganacl|Leftovers|[from] move: Knock Off|[of] p1a: Great Tusk\n|move|p2a: Garganacl|Recover|p2a: Garganacl\n|-heal|p2a: Garganacl|79\/100\n|\n|upkeep\n|turn|40\n|\n|t:|1700509758\n|move|p1a: Great Tusk|Body Press|p2a: Garganacl\n|-damage|p2a: Garganacl|46\/100\n|move|p2a: Garganacl|Curse|p2a: Garganacl\n|-unboost|p2a: Garganacl|spe|1\n|-boost|p2a: Garganacl|atk|1\n|-boost|p2a: Garganacl|def|1\n|\n|upkeep\n|turn|41\n|\n|t:|1700509765\n|move|p1a: Great Tusk|Body Press|p2a: Garganacl\n|-damage|p2a: Garganacl|25\/100\n|move|p2a: Garganacl|Recover|p2a: Garganacl\n|-heal|p2a: Garganacl|75\/100\n|\n|upkeep\n|turn|42\n|\n|t:|1700509770\n|move|p1a: Great Tusk|Body Press|p2a: Garganacl\n|-damage|p2a: Garganacl|53\/100\n|move|p2a: Garganacl|Curse|p2a: Garganacl\n|-unboost|p2a: Garganacl|spe|1\n|-boost|p2a: Garganacl|atk|1\n|-boost|p2a: Garganacl|def|1\n|\n|upkeep\n|turn|43\n|\n|t:|1700509775\n|move|p1a: Great Tusk|Body Press|p2a: Garganacl\n|-damage|p2a: Garganacl|37\/100\n|move|p2a: Garganacl|Recover|p2a: Garganacl\n|-heal|p2a: Garganacl|87\/100\n|\n|upkeep\n|turn|44\n|\n|t:|1700509779\n|move|p1a: Great Tusk|Body Press|p2a: Garganacl\n|-damage|p2a: Garganacl|72\/100\n|move|p2a: Garganacl|Curse|p2a: Garganacl\n|-unboost|p2a: Garganacl|spe|1\n|-boost|p2a: Garganacl|atk|1\n|-boost|p2a: Garganacl|def|1\n|\n|upkeep\n|turn|45\n|\n|t:|1700509783\n|move|p1a: Great Tusk|Body Press|p2a: Garganacl\n|-crit|p2a: Garganacl\n|-damage|p2a: Garganacl|25\/100\n|move|p2a: Garganacl|Curse|p2a: Garganacl\n|-unboost|p2a: Garganacl|spe|1\n|-boost|p2a: Garganacl|atk|1\n|-boost|p2a: Garganacl|def|1\n|\n|upkeep\n|turn|46\n|\n|t:|1700509787\n|move|p2a: Garganacl|Protect|p2a: Garganacl\n|-singleturn|p2a: Garganacl|Protect\n|move|p1a: Great Tusk|Body Press|p2a: Garganacl\n|-activate|p2a: Garganacl|move: Protect\n|\n|upkeep\n|turn|47\n|\n|t:|1700509791\n|move|p1a: Great Tusk|Body Press|p2a: Garganacl\n|-damage|p2a: Garganacl|16\/100\n|move|p2a: Garganacl|Recover|p2a: Garganacl\n|-heal|p2a: Garganacl|66\/100\n|\n|upkeep\n|turn|48\n|\n|t:|1700509798\n|move|p1a: Great Tusk|Body Press|p2a: Garganacl\n|-damage|p2a: Garganacl|55\/100\n|move|p2a: Garganacl|Recover|p2a: Garganacl\n|-heal|p2a: Garganacl|100\/100\n|\n|upkeep\n|turn|49\n|\n|t:|1700509801\n|move|p1a: Great Tusk|Body Press|p2a: Garganacl\n|-damage|p2a: Garganacl|89\/100\n|move|p2a: Garganacl|Salt Cure|p1a: Great Tusk\n|-resisted|p1a: Great Tusk\n|-damage|p1a: Great Tusk|96\/100\n|-start|p1a: Great Tusk|Salt Cure\n|\n|-heal|p1a: Great Tusk|100\/100|[from] item: Leftovers\n|-damage|p1a: Great Tusk|88\/100|[from] Salt Cure\n|upkeep\n|turn|50\n|\n|t:|1700509804\n|move|p2a: Garganacl|Protect|p2a: Garganacl\n|-singleturn|p2a: Garganacl|Protect\n|move|p1a: Great Tusk|Body Press|p2a: Garganacl\n|-activate|p2a: Garganacl|move: Protect\n|\n|-heal|p1a: Great Tusk|94\/100|[from] item: Leftovers\n|-damage|p1a: Great Tusk|82\/100|[from] Salt Cure\n|upkeep\n|turn|51\n|\n|t:|1700509807\n|move|p1a: Great Tusk|Earthquake|p2a: Garganacl\n|-damage|p2a: Garganacl|80\/100\n|move|p2a: Garganacl|Curse|p2a: Garganacl\n|-unboost|p2a: Garganacl|spe|1\n|-boost|p2a: Garganacl|atk|1\n|-boost|p2a: Garganacl|def|1\n|\n|-heal|p1a: Great Tusk|88\/100|[from] item: Leftovers\n|-damage|p1a: Great Tusk|76\/100|[from] Salt Cure\n|upkeep\n|turn|52\n|\n|t:|1700509819\n|move|p2a: Garganacl|Protect|p2a: Garganacl\n|-singleturn|p2a: Garganacl|Protect\n|move|p1a: Great Tusk|Earthquake|p2a: Garganacl\n|-activate|p2a: Garganacl|move: Protect\n|\n|-heal|p1a: Great Tusk|82\/100|[from] item: Leftovers\n|-damage|p1a: Great Tusk|69\/100|[from] Salt Cure\n|upkeep\n|turn|53\n|\n|t:|1700509827\n|move|p1a: Great Tusk|Body Press|p2a: Garganacl\n|-damage|p2a: Garganacl|70\/100\n|move|p2a: Garganacl|Curse|p2a: Garganacl\n|-unboost|p2a: Garganacl|spe|1\n|-boost|p2a: Garganacl|atk|1\n|-boost|p2a: Garganacl|def|1\n|\n|-heal|p1a: Great Tusk|76\/100|[from] item: Leftovers\n|-damage|p1a: Great Tusk|63\/100|[from] Salt Cure\n|upkeep\n|turn|54\n|\n|t:|1700509834\n|move|p1a: Great Tusk|Earthquake|p2a: Garganacl\n|-damage|p2a: Garganacl|63\/100\n|move|p2a: Garganacl|Salt Cure|p1a: Great Tusk\n|-resisted|p1a: Great Tusk\n|-damage|p1a: Great Tusk|57\/100\n|\n|-heal|p1a: Great Tusk|63\/100|[from] item: Leftovers\n|-damage|p1a: Great Tusk|50\/100|[from] Salt Cure\n|upkeep\n|turn|55\n|\n|t:|1700509837\n|move|p2a: Garganacl|Protect|p2a: Garganacl\n|-singleturn|p2a: Garganacl|Protect\n|move|p1a: Great Tusk|Body Press|p2a: Garganacl\n|-activate|p2a: Garganacl|move: Protect\n|\n|-heal|p1a: Great Tusk|57\/100|[from] item: Leftovers\n|-damage|p1a: Great Tusk|44\/100|[from] Salt Cure\n|upkeep\n|turn|56\n|\n|t:|1700509841\n|move|p1a: Great Tusk|Body Press|p2a: Garganacl\n|-damage|p2a: Garganacl|54\/100\n|move|p2a: Garganacl|Salt Cure|p1a: Great Tusk\n|-resisted|p1a: Great Tusk\n|-damage|p1a: Great Tusk|38\/100\n|\n|-heal|p1a: Great Tusk|44\/100|[from] item: Leftovers\n|-damage|p1a: Great Tusk|32\/100|[from] Salt Cure\n|upkeep\n|turn|57\n|\n|t:|1700509846\n|move|p2a: Garganacl|Protect|p2a: Garganacl\n|-singleturn|p2a: Garganacl|Protect\n|move|p1a: Great Tusk|Earthquake|p2a: Garganacl\n|-activate|p2a: Garganacl|move: Protect\n|\n|-heal|p1a: Great Tusk|38\/100|[from] item: Leftovers\n|-damage|p1a: Great Tusk|26\/100|[from] Salt Cure\n|upkeep\n|turn|58\n|\n|t:|1700509853\n|move|p1a: Great Tusk|Body Press|p2a: Garganacl\n|-damage|p2a: Garganacl|47\/100\n|move|p2a: Garganacl|Salt Cure|p1a: Great Tusk\n|-resisted|p1a: Great Tusk\n|-damage|p1a: Great Tusk|19\/100\n|\n|-heal|p1a: Great Tusk|25\/100|[from] item: Leftovers\n|-damage|p1a: Great Tusk|12\/100|[from] Salt Cure\n|upkeep\n|turn|59\n|\n|t:|1700509856\n|move|p2a: Garganacl|Protect|p2a: Garganacl\n|-singleturn|p2a: Garganacl|Protect\n|move|p1a: Great Tusk|Earthquake|p2a: Garganacl\n|-activate|p2a: Garganacl|move: Protect\n|\n|-heal|p1a: Great Tusk|19\/100|[from] item: Leftovers\n|-damage|p1a: Great Tusk|6\/100|[from] Salt Cure\n|upkeep\n|turn|60\n|\n|t:|1700509863\n|move|p1a: Great Tusk|Body Press|p2a: Garganacl\n|-damage|p2a: Garganacl|39\/100\n|move|p2a: Garganacl|Salt Cure|p1a: Great Tusk\n|-resisted|p1a: Great Tusk\n|-damage|p1a: Great Tusk|0 fnt\n|faint|p1a: Great Tusk\n|-end|p1a: Great Tusk|Protosynthesis|[silent]\n|\n|upkeep\n|\n|t:|1700509869\n|switch|p1a: Corviknight|Corviknight, M|33\/100\n|-ability|p1a: Corviknight|Pressure\n|turn|61\n|\n|t:|1700509874\n|move|p1a: Corviknight|Roost|p1a: Corviknight\n|-heal|p1a: Corviknight|83\/100\n|-singleturn|p1a: Corviknight|move: Roost\n|move|p2a: Garganacl|Salt Cure|p1a: Corviknight\n|-resisted|p1a: Corviknight\n|-damage|p1a: Corviknight|64\/100\n|-start|p1a: Corviknight|Salt Cure\n|\n|-damage|p1a: Corviknight|39\/100|[from] Salt Cure\n|upkeep\n|turn|62\n|\n|t:|1700509877\n|move|p1a: Corviknight|Roost|p1a: Corviknight\n|-heal|p1a: Corviknight|89\/100\n|-singleturn|p1a: Corviknight|move: Roost\n|move|p2a: Garganacl|Salt Cure|p1a: Corviknight\n|-resisted|p1a: Corviknight\n|-damage|p1a: Corviknight|71\/100\n|\n|-damage|p1a: Corviknight|46\/100|[from] Salt Cure\n|upkeep\n|turn|63\n|\n|t:|1700509887\n|move|p1a: Corviknight|Roost|p1a: Corviknight\n|-heal|p1a: Corviknight|96\/100\n|-singleturn|p1a: Corviknight|move: Roost\n|move|p2a: Garganacl|Salt Cure|p1a: Corviknight\n|-resisted|p1a: Corviknight\n|-damage|p1a: Corviknight|76\/100\n|\n|-damage|p1a: Corviknight|51\/100|[from] Salt Cure\n|upkeep\n|turn|64\n|\n|t:|1700509892\n|move|p1a: Corviknight|Roost|p1a: Corviknight\n|-heal|p1a: Corviknight|100\/100\n|-singleturn|p1a: Corviknight|move: Roost\n|move|p2a: Garganacl|Salt Cure|p1a: Corviknight\n|-resisted|p1a: Corviknight\n|-damage|p1a: Corviknight|80\/100\n|\n|-damage|p1a: Corviknight|55\/100|[from] Salt Cure\n|upkeep\n|turn|65\n|\n|t:|1700509900\n|move|p1a: Corviknight|Roost|p1a: Corviknight\n|-heal|p1a: Corviknight|100\/100\n|-singleturn|p1a: Corviknight|move: Roost\n|move|p2a: Garganacl|Salt Cure|p1a: Corviknight\n|-resisted|p1a: Corviknight\n|-damage|p1a: Corviknight|81\/100\n|\n|-damage|p1a: Corviknight|56\/100|[from] Salt Cure\n|upkeep\n|turn|66\n|\n|t:|1700509910\n|move|p1a: Corviknight|Roost|p1a: Corviknight\n|-heal|p1a: Corviknight|100\/100\n|-singleturn|p1a: Corviknight|move: Roost\n|move|p2a: Garganacl|Curse|p2a: Garganacl\n|\n|-damage|p1a: Corviknight|76\/100|[from] Salt Cure\n|upkeep\n|turn|67\n|\n|t:|1700509922\n|move|p2a: Garganacl|Protect|p2a: Garganacl\n|-singleturn|p2a: Garganacl|Protect\n|move|p1a: Corviknight|U-turn|p2a: Garganacl\n|-activate|p2a: Garganacl|move: Protect\n|\n|-damage|p1a: Corviknight|51\/100|[from] Salt Cure\n|upkeep\n|turn|68\n|\n|t:|1700509928\n|move|p1a: Corviknight|Roost|p1a: Corviknight\n|-heal|p1a: Corviknight|100\/100\n|-singleturn|p1a: Corviknight|move: Roost\n|move|p2a: Garganacl|Salt Cure|p1a: Corviknight\n|-resisted|p1a: Corviknight\n|-damage|p1a: Corviknight|79\/100\n|\n|-damage|p1a: Corviknight|55\/100|[from] Salt Cure\n|upkeep\n|turn|69\n|\n|t:|1700509936\n|move|p2a: Garganacl|Protect|p2a: Garganacl\n|-singleturn|p2a: Garganacl|Protect\n|move|p1a: Corviknight|U-turn|p2a: Garganacl\n|-activate|p2a: Garganacl|move: Protect\n|\n|-damage|p1a: Corviknight|30\/100|[from] Salt Cure\n|upkeep\n|turn|70\n|\n|t:|1700509939\n|move|p1a: Corviknight|Roost|p1a: Corviknight\n|-heal|p1a: Corviknight|80\/100\n|-singleturn|p1a: Corviknight|move: Roost\n|move|p2a: Garganacl|Salt Cure|p1a: Corviknight\n|-resisted|p1a: Corviknight\n|-damage|p1a: Corviknight|60\/100\n|\n|-damage|p1a: Corviknight|35\/100|[from] Salt Cure\n|upkeep\n|turn|71\n|\n|t:|1700509943\n|switch|p1a: Clodsire|Clodsire, F|45\/100\n|move|p2a: Garganacl|Protect||[still]\n|-fail|p2a: Garganacl\n|\n|-heal|p1a: Clodsire|51\/100|[from] item: Black Sludge\n|upkeep\n|turn|72\n|\n|t:|1700509946\n|move|p1a: Clodsire|Recover|p1a: Clodsire\n|-heal|p1a: Clodsire|100\/100\n|move|p2a: Garganacl|Salt Cure|p1a: Clodsire\n|-resisted|p1a: Clodsire\n|-damage|p1a: Clodsire|69\/100\n|-start|p1a: Clodsire|Salt Cure\n|\n|-heal|p1a: Clodsire|75\/100|[from] item: Black Sludge\n|-damage|p1a: Clodsire|63\/100|[from] Salt Cure\n|upkeep\n|turn|73\n|\n|t:|1700509956\n|move|p1a: Clodsire|Earthquake|p2a: Garganacl\n|-damage|p2a: Garganacl|34\/100\n|move|p2a: Garganacl|Curse|p2a: Garganacl\n|\n|-heal|p1a: Clodsire|69\/100|[from] item: Black Sludge\n|-damage|p1a: Clodsire|56\/100|[from] Salt Cure\n|upkeep\n|turn|74\n|\n|t:|1700509962\n|move|p1a: Clodsire|Recover|p1a: Clodsire\n|-heal|p1a: Clodsire|100\/100\n|move|p2a: Garganacl|Curse|p2a: Garganacl\n|\n|-damage|p1a: Clodsire|88\/100|[from] Salt Cure\n|upkeep\n|turn|75\n|\n|t:|1700509967\n|move|p1a: Clodsire|Gunk Shot|p2a: Garganacl\n|-damage|p2a: Garganacl|28\/100\n|move|p2a: Garganacl|Curse|p2a: Garganacl\n|\n|-heal|p1a: Clodsire|94\/100|[from] item: Black Sludge\n|-damage|p1a: Clodsire|82\/100|[from] Salt Cure\n|upkeep\n|turn|76\n|\n|t:|1700509975\n|move|p1a: Clodsire|Gunk Shot|p2a: Garganacl\n|-damage|p2a: Garganacl|23\/100\n|move|p2a: Garganacl|Curse|p2a: Garganacl\n|\n|-heal|p1a: Clodsire|88\/100|[from] item: Black Sludge\n|-damage|p1a: Clodsire|75\/100|[from] Salt Cure\n|upkeep\n|turn|77\n|\n|t:|1700509979\n|move|p2a: Garganacl|Protect|p2a: Garganacl\n|-singleturn|p2a: Garganacl|Protect\n|move|p1a: Clodsire|Earthquake|p2a: Garganacl\n|-activate|p2a: Garganacl|move: Protect\n|\n|-heal|p1a: Clodsire|82\/100|[from] item: Black Sludge\n|-damage|p1a: Clodsire|69\/100|[from] Salt Cure\n|upkeep\n|turn|78\n|\n|t:|1700509985\n|move|p1a: Clodsire|Earthquake|p2a: Garganacl\n|-damage|p2a: Garganacl|18\/100\n|move|p2a: Garganacl|Curse|p2a: Garganacl\n|\n|-heal|p1a: Clodsire|75\/100|[from] item: Black Sludge\n|-damage|p1a: Clodsire|63\/100|[from] Salt Cure\n|upkeep\n|turn|79\n|\n|t:|1700509997\n|move|p1a: Clodsire|Gunk Shot|p2a: Garganacl\n|-damage|p2a: Garganacl|13\/100\n|move|p2a: Garganacl|Salt Cure|p1a: Clodsire\n|-resisted|p1a: Clodsire\n|-damage|p1a: Clodsire|33\/100\n|\n|-heal|p1a: Clodsire|39\/100|[from] item: Black Sludge\n|-damage|p1a: Clodsire|27\/100|[from] Salt Cure\n|upkeep\n|turn|80\n|\n|t:|1700510002\n|move|p1a: Clodsire|Recover|p1a: Clodsire\n|-heal|p1a: Clodsire|77\/100\n|move|p2a: Garganacl|Salt Cure|p1a: Clodsire\n|-resisted|p1a: Clodsire\n|-damage|p1a: Clodsire|45\/100\n|\n|-heal|p1a: Clodsire|51\/100|[from] item: Black Sludge\n|-damage|p1a: Clodsire|39\/100|[from] Salt Cure\n|upkeep\n|turn|81\n|\n|t:|1700510007\n|move|p1a: Clodsire|Recover|p1a: Clodsire\n|-heal|p1a: Clodsire|89\/100\n|move|p2a: Garganacl|Curse|p2a: Garganacl\n|\n|-heal|p1a: Clodsire|95\/100|[from] item: Black Sludge\n|-damage|p1a: Clodsire|82\/100|[from] Salt Cure\n|upkeep\n|turn|82\n|\n|t:|1700510015\n|move|p2a: Garganacl|Protect|p2a: Garganacl\n|-singleturn|p2a: Garganacl|Protect\n|move|p1a: Clodsire|Earthquake|p2a: Garganacl\n|-activate|p2a: Garganacl|move: Protect\n|\n|-heal|p1a: Clodsire|89\/100|[from] item: Black Sludge\n|-damage|p1a: Clodsire|76\/100|[from] Salt Cure\n|upkeep\n|turn|83\n|\n|t:|1700510019\n|move|p1a: Clodsire|Recover|p1a: Clodsire\n|-heal|p1a: Clodsire|100\/100\n|-activate|p2a: Garganacl|move: Struggle\n|move|p2a: Garganacl|Struggle|p1a: Clodsire\n|-damage|p1a: Clodsire|51\/100\n|-damage|p2a: Garganacl|0 fnt|[from] recoil\n|faint|p2a: Garganacl\n|\n|-heal|p1a: Clodsire|57\/100|[from] item: Black Sludge\n|-damage|p1a: Clodsire|44\/100|[from] Salt Cure\n|upkeep\n|\n|t:|1700510021\n|switch|p2a: Rillaboom|Rillaboom, F|40\/100\n|-damage|p2a: Rillaboom|23\/100|[from] Spikes\n|-fieldstart|move: Grassy Terrain|[from] ability: Grassy Surge|[of] p2a: Rillaboom\n|turn|84\n|\n|t:|1700510031\n|move|p2a: Rillaboom|Grassy Glide|p1a: Clodsire\n|-damage|p1a: Clodsire|3\/100\n|move|p1a: Clodsire|Gunk Shot|p2a: Rillaboom\n|-supereffective|p2a: Rillaboom\n|-damage|p2a: Rillaboom|0 fnt\n|faint|p2a: Rillaboom\n|\n|win|tidepacito\n|raw|tidepacito's rating: 1289 &rarr; <strong>1318<\/strong><br \/>(+29 for winning)\n|raw|Leafeon Enjoyer's rating: 1347 &rarr; <strong>1324<\/strong><br \/>(-23 for losing)\n|l|\u2606Leafeon Enjoyer\n","uploadtime":1700510150,"views":9,"p1id":"tidepacito","p2id":"leafeonenjoyer","formatid":"gen9ou","rating":1318,"private":0,"password":""}