{"id":"gen9ou-1995383475","p1":"Aftermonkey","p2":"xero31","format":"[Gen 9] OU","log":"|j|\u2606Aftermonkey\n|j|\u2606xero31\n|t:|1700563328\n|gametype|singles\n|player|p1|Aftermonkey|colress|1101\n|player|p2|xero31|ghetsis|1113\n|teamsize|p1|6\n|teamsize|p2|6\n|gen|9\n|tier|[Gen 9] OU\n|rated|\n|rule|Sleep Clause Mod: Limit one foe put to sleep\n|rule|Species Clause: Limit one of each Pok\u00e9mon\n|rule|OHKO Clause: OHKO moves are banned\n|rule|Evasion Items Clause: Evasion items are banned\n|rule|Evasion Moves Clause: Evasion moves are banned\n|rule|Endless Battle Clause: Forcing endless battles is banned\n|rule|HP Percentage Mod: HP is shown in percentages\n|clearpoke\n|poke|p1|Jolteon, M|\n|poke|p1|Torterra, M|\n|poke|p1|Polteageist-Antique|\n|poke|p1|Samurott-Hisui, M|\n|poke|p1|Dragonite, M|\n|poke|p1|Skeledirge, M|\n|poke|p2|Glimmora, M|\n|poke|p2|Kingambit, F|\n|poke|p2|Gholdengo|\n|poke|p2|Ceruledge, F|\n|poke|p2|Samurott-Hisui, M|\n|poke|p2|Landorus-Therian, M|\n|teampreview\n|inactive|Battle timer is ON: inactive players will automatically lose when time's up. (requested by Aftermonkey)\n|\n|t:|1700563344\n|start\n|switch|p1a: Samurott|Samurott-Hisui, M|100\/100\n|switch|p2a: Glimmora|Glimmora, M|100\/100\n|turn|1\n|\n|t:|1700563353\n|move|p2a: Glimmora|Stealth Rock|p1a: Samurott\n|-sidestart|p1: Aftermonkey|move: Stealth Rock\n|move|p1a: Samurott|Swords Dance|p1a: Samurott\n|-boost|p1a: Samurott|atk|2\n|\n|upkeep\n|turn|2\n|\n|t:|1700563356\n|move|p2a: Glimmora|Energy Ball|p1a: Samurott\n|-supereffective|p1a: Samurott\n|-damage|p1a: Samurott|0 fnt\n|faint|p1a: Samurott\n|\n|upkeep\n|\n|t:|1700563375\n|switch|p1a: Torterra|Torterra, M|100\/100\n|-damage|p1a: Torterra|94\/100|[from] Stealth Rock\n|turn|3\n|\n|t:|1700563378\n|move|p2a: Glimmora|Mortal Spin|p1a: Torterra\n|-damage|p1a: Torterra|89\/100\n|-status|p1a: Torterra|psn\n|move|p1a: Torterra|Shell Smash|p1a: Torterra\n|-unboost|p1a: Torterra|def|1\n|-unboost|p1a: Torterra|spd|1\n|-boost|p1a: Torterra|atk|2\n|-boost|p1a: Torterra|spa|2\n|-boost|p1a: Torterra|spe|2\n|\n|-damage|p1a: Torterra|77\/100 psn|[from] psn\n|upkeep\n|turn|4\n|\n|t:|1700563389\n|move|p1a: Torterra|Headlong Rush|p2a: Glimmora\n|-supereffective|p2a: Glimmora\n|-enditem|p2a: Glimmora|Focus Sash\n|-damage|p2a: Glimmora|1\/100\n|-unboost|p1a: Torterra|def|1\n|-unboost|p1a: Torterra|spd|1\n|-activate|p2a: Glimmora|ability: Toxic Debris\n|-sidestart|p1: Aftermonkey|move: Toxic Spikes\n|move|p2a: Glimmora|Energy Ball|p1a: Torterra\n|-damage|p1a: Torterra|9\/100 psn\n|\n|-damage|p1a: Torterra|0 fnt|[from] psn\n|faint|p1a: Torterra\n|upkeep\n|\n|t:|1700563395\n|switch|p1a: Dragonite|Dragonite, M|100\/100\n|turn|5\n|\n|t:|1700563400\n|move|p1a: Dragonite|Extreme Speed|p2a: Glimmora\n|-resisted|p2a: Glimmora\n|-damage|p2a: Glimmora|0 fnt\n|-activate|p2a: Glimmora|ability: Toxic Debris\n|-sidestart|p1: Aftermonkey|move: Toxic Spikes\n|faint|p2a: Glimmora\n|\n|upkeep\n|\n|t:|1700563407\n|switch|p2a: Gholdengo|Gholdengo|100\/100\n|turn|6\n|\n|t:|1700563415\n|-terastallize|p1a: Dragonite|Normal\n|move|p1a: Dragonite|Dragon Dance|p1a: Dragonite\n|-boost|p1a: Dragonite|atk|1\n|-boost|p1a: Dragonite|spe|1\n|move|p2a: Gholdengo|Thunder Wave|p1a: Dragonite\n|-status|p1a: Dragonite|par\n|\n|upkeep\n|turn|7\n|\n|t:|1700563425\n|move|p1a: Dragonite|Dragon Dance|p1a: Dragonite\n|-boost|p1a: Dragonite|atk|1\n|-boost|p1a: Dragonite|spe|1\n|move|p2a: Gholdengo|Memento|p1a: Dragonite\n|-unboost|p1a: Dragonite|atk|2\n|-unboost|p1a: Dragonite|spa|2\n|faint|p2a: Gholdengo\n|\n|upkeep\n|\n|t:|1700563436\n|switch|p2a: Landorus|Landorus-Therian, M|100\/100\n|-ability|p2a: Landorus|Intimidate|boost\n|-fail|p1a: Dragonite|unboost|Attack|[from] ability: Inner Focus|[of] p1a: Dragonite\n|turn|8\n|\n|t:|1700563453\n|move|p2a: Landorus|Earthquake|p1a: Dragonite\n|-damage|p1a: Dragonite|36\/100 par\n|move|p1a: Dragonite|Scale Shot|p2a: Landorus\n|-damage|p2a: Landorus|85\/100\n|-damage|p2a: Landorus|68\/100\n|-damage|p2a: Landorus|52\/100\n|-hitcount|p2a: Landorus|3\n|-unboost|p1a: Dragonite|def|1\n|-boost|p1a: Dragonite|spe|1\n|\n|upkeep\n|turn|9\n|\n|t:|1700563458\n|move|p2a: Landorus|Earthquake|p1a: Dragonite\n|-damage|p1a: Dragonite|0 fnt\n|faint|p1a: Dragonite\n|\n|upkeep\n|\n|t:|1700563465\n|switch|p1a: Polteageist|Polteageist-Antique|100\/100\n|-damage|p1a: Polteageist|88\/100|[from] Stealth Rock\n|-status|p1a: Polteageist|tox\n|turn|10\n|\n|t:|1700563467\n|move|p2a: Landorus|Earthquake|p1a: Polteageist\n|-damage|p1a: Polteageist|0 fnt\n|faint|p1a: Polteageist\n|\n|upkeep\n|\n|t:|1700563469\n|switch|p1a: Skeledirge|Skeledirge, M|100\/100\n|-damage|p1a: Skeledirge|76\/100|[from] Stealth Rock\n|-status|p1a: Skeledirge|tox\n|turn|11\n|\n|t:|1700563476\n|move|p2a: Landorus|Earthquake|p1a: Skeledirge\n|-supereffective|p1a: Skeledirge\n|-damage|p1a: Skeledirge|0 fnt\n|faint|p1a: Skeledirge\n|\n|upkeep\n|\n|t:|1700563478\n|switch|p1a: Jolteon|Jolteon, M|100\/100\n|-damage|p1a: Jolteon|88\/100|[from] Stealth Rock\n|-status|p1a: Jolteon|tox\n|turn|12\n|\n|t:|1700563482\n|move|p2a: Landorus|Earthquake|p1a: Jolteon\n|-supereffective|p1a: Jolteon\n|-damage|p1a: Jolteon|0 fnt\n|faint|p1a: Jolteon\n|\n|win|xero31\n|raw|Aftermonkey's rating: 1101 &rarr; <strong>1077<\/strong><br \/>(-24 for losing)\n|raw|xero31's rating: 1113 &rarr; <strong>1137<\/strong><br \/>(+24 for winning)\n|l|\u2606Aftermonkey\n","uploadtime":1700563485,"views":19,"p1id":"aftermonkey","p2id":"xero31","formatid":"gen9ou","rating":1077,"private":0,"password":""}