{"id":"gen9ou-1995805105","p1":"thunderdog_32","p2":"AKnight030","format":"[Gen 9] OU","log":"|j|\u2606thunderdog_32\n|j|\u2606AKnight030\n|t:|1700604857\n|gametype|singles\n|player|p1|thunderdog_32|169|1302\n|player|p2|AKnight030|backersf|1180\n|teamsize|p1|6\n|teamsize|p2|6\n|gen|9\n|tier|[Gen 9] OU\n|rated|\n|rule|Sleep Clause Mod: Limit one foe put to sleep\n|rule|Species Clause: Limit one of each Pok\u00e9mon\n|rule|OHKO Clause: OHKO moves are banned\n|rule|Evasion Items Clause: Evasion items are banned\n|rule|Evasion Moves Clause: Evasion moves are banned\n|rule|Endless Battle Clause: Forcing endless battles is banned\n|rule|HP Percentage Mod: HP is shown in percentages\n|clearpoke\n|poke|p1|Hatterene, F|\n|poke|p1|Great Tusk|\n|poke|p1|Heatran, F|\n|poke|p1|Ogerpon-Wellspring, F|\n|poke|p1|Zapdos|\n|poke|p1|Dragapult, M|\n|poke|p2|Hatterene, F|\n|poke|p2|Dondozo, F|\n|poke|p2|Ribombee, M|\n|poke|p2|Rillaboom, F|\n|poke|p2|Great Tusk|\n|poke|p2|Slowking-Galar, M|\n|teampreview\n|inactive|Battle timer is ON: inactive players will automatically lose when time's up. (requested by AKnight030)\n|\n|t:|1700604865\n|start\n|switch|p1a: Heatran|Heatran, F|100\/100\n|switch|p2a: Hatterene|Hatterene, F|100\/100\n|turn|1\n|\n|t:|1700604873\n|switch|p2a: Dondozo|Dondozo, F|100\/100\n|move|p1a: Heatran|Magma Storm|p2a: Dondozo\n|-resisted|p2a: Dondozo\n|-damage|p2a: Dondozo|86\/100\n|-activate|p2a: Dondozo|move: Magma Storm|[of] p1a: Heatran\n|\n|-damage|p2a: Dondozo|74\/100|[from] move: Magma Storm|[partiallytrapped]\n|upkeep\n|turn|2\n|\n|t:|1700604886\n|move|p1a: Heatran|Taunt|p2a: Dondozo\n|-start|p2a: Dondozo|move: Taunt\n|move|p2a: Dondozo|Earthquake|p1a: Heatran\n|-supereffective|p1a: Heatran\n|-damage|p1a: Heatran|2\/100\n|\n|-heal|p1a: Heatran|8\/100|[from] item: Leftovers\n|-damage|p2a: Dondozo|62\/100|[from] move: Magma Storm|[partiallytrapped]\n|upkeep\n|turn|3\n|\n|t:|1700604898\n|switch|p1a: Zapdos|Zapdos|100\/100\n|move|p2a: Dondozo|Wave Crash|p1a: Zapdos\n|-damage|p1a: Zapdos|46\/100\n|-damage|p2a: Dondozo|48\/100|[from] Recoil\n|\n|-end|p2a: Dondozo|Magma Storm|[partiallytrapped]|[silent]\n|upkeep\n|turn|4\n|\n|t:|1700604909\n|switch|p2a: Great Tusk|Great Tusk|100\/100\n|move|p1a: Zapdos|Volt Switch|p2a: Great Tusk\n|-immune|p2a: Great Tusk\n|\n|upkeep\n|turn|5\n|\n|t:|1700604917\n|move|p1a: Zapdos|Hurricane|p2a: Great Tusk\n|-supereffective|p2a: Great Tusk\n|-crit|p2a: Great Tusk\n|-damage|p2a: Great Tusk|0 fnt\n|faint|p2a: Great Tusk\n|-end|p2a: Great Tusk|Protosynthesis|[silent]\n|\n|upkeep\n|\n|t:|1700604924\n|switch|p2a: Hatterene|Hatterene, F|100\/100\n|turn|6\n|\n|t:|1700604928\n|move|p1a: Zapdos|Volt Switch|p2a: Hatterene\n|-damage|p2a: Hatterene|70\/100\n|\n|t:|1700604932\n|switch|p1a: Great Tusk|Great Tusk|100\/100|[from] Volt Switch\n|move|p2a: Hatterene|Trick Room|p2a: Hatterene\n|-fieldstart|move: Trick Room|[of] p2a: Hatterene\n|\n|-heal|p2a: Hatterene|76\/100|[from] item: Leftovers\n|upkeep\n|turn|7\n|\n|t:|1700604942\n|-end|p1a: Great Tusk|Protosynthesis|[silent]\n|switch|p1a: Heatran|Heatran, F|8\/100\n|move|p2a: Hatterene|Dazzling Gleam|p1a: Heatran\n|-resisted|p1a: Heatran\n|-damage|p1a: Heatran|0 fnt\n|faint|p1a: Heatran\n|\n|-heal|p2a: Hatterene|82\/100|[from] item: Leftovers\n|upkeep\n|\n|t:|1700604947\n|switch|p1a: Hatterene|Hatterene, F|100\/100\n|turn|8\n|\n|t:|1700604953\n|move|p2a: Hatterene|Mystical Fire|p1a: Hatterene\n|-damage|p1a: Hatterene|69\/100\n|-unboost|p1a: Hatterene|spa|1\n|move|p1a: Hatterene|Calm Mind|p1a: Hatterene\n|-boost|p1a: Hatterene|spa|1\n|-boost|p1a: Hatterene|spd|1\n|\n|-heal|p2a: Hatterene|88\/100|[from] item: Leftovers\n|-heal|p1a: Hatterene|75\/100|[from] item: Leftovers\n|upkeep\n|turn|9\n|\n|t:|1700604964\n|move|p2a: Hatterene|Mystical Fire|p1a: Hatterene\n|-damage|p1a: Hatterene|54\/100\n|-unboost|p1a: Hatterene|spa|1\n|move|p1a: Hatterene|Mystical Fire|p2a: Hatterene\n|-damage|p2a: Hatterene|72\/100\n|-unboost|p2a: Hatterene|spa|1\n|\n|-heal|p2a: Hatterene|78\/100|[from] item: Leftovers\n|-heal|p1a: Hatterene|60\/100|[from] item: Leftovers\n|upkeep\n|turn|10\n|\n|t:|1700604975\n|move|p2a: Hatterene|Mystical Fire|p1a: Hatterene\n|-damage|p1a: Hatterene|46\/100\n|-unboost|p1a: Hatterene|spa|1\n|move|p1a: Hatterene|Mystical Fire|p2a: Hatterene\n|-damage|p2a: Hatterene|67\/100\n|-unboost|p2a: Hatterene|spa|1\n|\n|-heal|p2a: Hatterene|73\/100|[from] item: Leftovers\n|-heal|p1a: Hatterene|52\/100|[from] item: Leftovers\n|-fieldend|move: Trick Room\n|upkeep\n|turn|11\n|\n|t:|1700604992\n|switch|p2a: Slowking|Slowking-Galar, M|100\/100\n|-item|p2a: Slowking|Air Balloon\n|move|p1a: Hatterene|Calm Mind|p1a: Hatterene\n|-boost|p1a: Hatterene|spa|1\n|-boost|p1a: Hatterene|spd|1\n|\n|-heal|p1a: Hatterene|58\/100|[from] item: Leftovers\n|upkeep\n|turn|12\n|\n|t:|1700605004\n|switch|p1a: Great Tusk|Great Tusk|100\/100\n|move|p2a: Slowking|Toxic|p1a: Great Tusk\n|-status|p1a: Great Tusk|tox\n|\n|-damage|p1a: Great Tusk|94\/100 tox|[from] psn\n|upkeep\n|turn|13\n|\n|t:|1700605014\n|move|p2a: Slowking|Protect|p2a: Slowking\n|-singleturn|p2a: Slowking|Protect\n|move|p1a: Great Tusk|Knock Off|p2a: Slowking\n|-activate|p2a: Slowking|move: Protect\n|\n|-damage|p1a: Great Tusk|82\/100 tox|[from] psn\n|upkeep\n|turn|14\n|\n|t:|1700605029\n|switch|p2a: Dondozo|Dondozo, F|48\/100\n|move|p1a: Great Tusk|Knock Off|p2a: Dondozo\n|-damage|p2a: Dondozo|26\/100\n|-enditem|p2a: Dondozo|Assault Vest|[from] move: Knock Off|[of] p1a: Great Tusk\n|\n|-damage|p1a: Great Tusk|63\/100 tox|[from] psn\n|upkeep\n|turn|15\n|\n|t:|1700605038\n|-end|p1a: Great Tusk|Protosynthesis|[silent]\n|switch|p1a: Ogerpon|Ogerpon-Wellspring, F|100\/100\n|move|p2a: Dondozo|Wave Crash|p1a: Ogerpon\n|-immune|p1a: Ogerpon|[from] ability: Water Absorb\n|\n|upkeep\n|turn|16\n|\n|t:|1700605047\n|move|p1a: Ogerpon|Ivy Cudgel|p2a: Dondozo|[anim] Ivy Cudgel Water\n|-resisted|p2a: Dondozo\n|-damage|p2a: Dondozo|7\/100\n|move|p2a: Dondozo|Heavy Slam|p1a: Ogerpon\n|-resisted|p1a: Ogerpon\n|-damage|p1a: Ogerpon|74\/100\n|\n|upkeep\n|turn|17\n|\n|t:|1700605055\n|move|p1a: Ogerpon|Horn Leech|p2a: Dondozo\n|-supereffective|p2a: Dondozo\n|-damage|p2a: Dondozo|0 fnt\n|-heal|p1a: Ogerpon|79\/100|[from] drain|[of] p2a: Dondozo\n|faint|p2a: Dondozo\n|\n|upkeep\n|\n|t:|1700605061\n|switch|p2a: Ribombee|Ribombee, M|100\/100\n|turn|18\n|\n|t:|1700605065\n|switch|p1a: Hatterene|Hatterene, F|58\/100\n|move|p2a: Ribombee|Bug Buzz|p1a: Hatterene\n|-damage|p1a: Hatterene|17\/100\n|\n|-heal|p1a: Hatterene|23\/100|[from] item: Leftovers\n|upkeep\n|turn|19\n|\n|t:|1700605080\n|move|p2a: Ribombee|Bug Buzz|p1a: Hatterene\n|-damage|p1a: Hatterene|0 fnt\n|faint|p1a: Hatterene\n|\n|upkeep\n|\n|t:|1700605090\n|switch|p1a: Zapdos|Zapdos|46\/100\n|turn|20\n|\n|t:|1700605097\n|move|p2a: Ribombee|Moonblast|p1a: Zapdos\n|-damage|p1a: Zapdos|5\/100\n|move|p1a: Zapdos|Roost|p1a: Zapdos\n|-heal|p1a: Zapdos|55\/100\n|-singleturn|p1a: Zapdos|move: Roost\n|\n|upkeep\n|turn|21\n|\n|t:|1700605106\n|move|p2a: Ribombee|Sticky Web|p1a: Zapdos\n|-sidestart|p1: thunderdog_32|move: Sticky Web\n|move|p1a: Zapdos|Roost|p1a: Zapdos\n|-heal|p1a: Zapdos|100\/100\n|-singleturn|p1a: Zapdos|move: Roost\n|\n|upkeep\n|turn|22\n|\n|t:|1700605113\n|switch|p2a: Hatterene|Hatterene, F|73\/100\n|move|p1a: Zapdos|Heat Wave|p2a: Hatterene\n|-damage|p2a: Hatterene|45\/100\n|\n|-heal|p2a: Hatterene|51\/100|[from] item: Leftovers\n|upkeep\n|turn|23\n|\n|t:|1700605129\n|move|p1a: Zapdos|Hurricane|p2a: Hatterene|[miss]\n|-miss|p1a: Zapdos|p2a: Hatterene\n|move|p2a: Hatterene|Dazzling Gleam|p1a: Zapdos\n|-damage|p1a: Zapdos|54\/100\n|\n|-heal|p2a: Hatterene|57\/100|[from] item: Leftovers\n|upkeep\n|turn|24\n|\n|t:|1700605139\n|move|p1a: Zapdos|Volt Switch|p2a: Hatterene\n|-damage|p2a: Hatterene|24\/100\n|\n|t:|1700605142\n|switch|p1a: Great Tusk|Great Tusk|63\/100 tox|[from] Volt Switch\n|move|p2a: Hatterene|Dazzling Gleam|p1a: Great Tusk\n|-supereffective|p1a: Great Tusk\n|-damage|p1a: Great Tusk|0 fnt\n|faint|p1a: Great Tusk\n|-end|p1a: Great Tusk|Protosynthesis|[silent]\n|\n|-heal|p2a: Hatterene|30\/100|[from] item: Leftovers\n|upkeep\n|\n|t:|1700605146\n|switch|p1a: Ogerpon|Ogerpon-Wellspring, F|79\/100\n|-activate|p1a: Ogerpon|move: Sticky Web\n|-unboost|p1a: Ogerpon|spe|1\n|turn|25\n|\n|t:|1700605157\n|-terastallize|p1a: Ogerpon|Water\n|detailschange|p1a: Ogerpon|Ogerpon-Wellspring-Tera, F, tera:Water\n|-ability|p1a: Ogerpon|Embody Aspect (Wellspring)|boost\n|-boost|p1a: Ogerpon|spd|1\n|move|p1a: Ogerpon|Horn Leech|p2a: Hatterene\n|-damage|p2a: Hatterene|0 fnt\n|-heal|p1a: Ogerpon|95\/100|[from] drain|[of] p2a: Hatterene\n|faint|p2a: Hatterene\n|\n|upkeep\n|\n|t:|1700605168\n|switch|p2a: Rillaboom|Rillaboom, F|100\/100\n|-fieldstart|move: Grassy Terrain|[from] ability: Grassy Surge|[of] p2a: Rillaboom\n|-enditem|p2a: Rillaboom|Grassy Seed\n|-boost|p2a: Rillaboom|def|1|[from] item: Grassy Seed\n|turn|26\n|\n|t:|1700605176\n|switch|p1a: Zapdos|Zapdos|54\/100\n|move|p2a: Rillaboom|Leech Seed|p1a: Zapdos\n|-start|p1a: Zapdos|move: Leech Seed\n|\n|-damage|p1a: Zapdos|42\/100|[from] Leech Seed|[of] p2a: Rillaboom\n|upkeep\n|turn|27\n|\n|t:|1700605194\n|-terastallize|p2a: Rillaboom|Water\n|move|p2a: Rillaboom|Grassy Glide|p1a: Zapdos\n|-resisted|p1a: Zapdos\n|-damage|p1a: Zapdos|26\/100\n|move|p1a: Zapdos|Roost|p1a: Zapdos\n|-heal|p1a: Zapdos|76\/100\n|-singleturn|p1a: Zapdos|move: Roost\n|\n|-heal|p1a: Zapdos|83\/100|[from] Grassy Terrain\n|-damage|p1a: Zapdos|70\/100|[from] Leech Seed|[of] p2a: Rillaboom\n|upkeep\n|turn|28\n|\n|t:|1700605209\n|switch|p2a: Slowking|Slowking-Galar, M|100\/100\n|-item|p2a: Slowking|Air Balloon\n|move|p1a: Zapdos|Volt Switch|p2a: Slowking\n|-damage|p2a: Slowking|82\/100\n|-enditem|p2a: Slowking|Air Balloon\n|\n|t:|1700605218\n|switch|p1a: Ogerpon|Ogerpon-Wellspring-Tera, F, tera:Water|95\/100|[from] Volt Switch\n|-activate|p1a: Ogerpon|move: Sticky Web\n|-unboost|p1a: Ogerpon|spe|1\n|-ability|p1a: Ogerpon|Embody Aspect (Wellspring)|boost\n|-boost|p1a: Ogerpon|spd|1\n|\n|-heal|p1a: Ogerpon|100\/100|[from] Grassy Terrain\n|-heal|p2a: Slowking|88\/100|[from] Grassy Terrain\n|upkeep\n|turn|29\n|\n|t:|1700605228\n|move|p1a: Ogerpon|Taunt|p2a: Slowking\n|-start|p2a: Slowking|move: Taunt\n|cant|p2a: Slowking|move: Taunt|Toxic\n|\n|-heal|p2a: Slowking|94\/100|[from] Grassy Terrain\n|upkeep\n|turn|30\n|\n|t:|1700605242\n|move|p1a: Ogerpon|Horn Leech|p2a: Slowking\n|-resisted|p2a: Slowking\n|-damage|p2a: Slowking|63\/100\n|move|p2a: Slowking|Sludge Bomb|p1a: Ogerpon\n|-damage|p1a: Ogerpon|77\/100\n|\n|-heal|p1a: Ogerpon|83\/100|[from] Grassy Terrain\n|-heal|p2a: Slowking|69\/100|[from] Grassy Terrain\n|-fieldend|move: Grassy Terrain\n|upkeep\n|turn|31\n|\n|t:|1700605255\n|switch|p2a: Ribombee|Ribombee, M|100\/100\n|move|p1a: Ogerpon|Ivy Cudgel|p2a: Ribombee|[anim] Ivy Cudgel Water\n|-damage|p2a: Ribombee|0 fnt\n|faint|p2a: Ribombee\n|\n|upkeep\n|\n|t:|1700605263\n|switch|p2a: Rillaboom|Rillaboom, F, tera:Water|100\/100\n|-fieldstart|move: Grassy Terrain|[from] ability: Grassy Surge|[of] p2a: Rillaboom\n|turn|32\n|\n|t:|1700605270\n|switch|p1a: Zapdos|Zapdos|70\/100\n|move|p2a: Rillaboom|Grassy Glide|p1a: Zapdos\n|-resisted|p1a: Zapdos\n|-damage|p1a: Zapdos|53\/100\n|\n|upkeep\n|turn|33\n|\n|t:|1700605277\n|move|p1a: Zapdos|Volt Switch|p2a: Rillaboom\n|-supereffective|p2a: Rillaboom\n|-damage|p2a: Rillaboom|28\/100\n|\n|t:|1700605284\n|switch|p1a: Ogerpon|Ogerpon-Wellspring-Tera, F, tera:Water|83\/100|[from] Volt Switch\n|-activate|p1a: Ogerpon|move: Sticky Web\n|-unboost|p1a: Ogerpon|spe|1\n|-ability|p1a: Ogerpon|Embody Aspect (Wellspring)|boost\n|-boost|p1a: Ogerpon|spd|1\n|move|p2a: Rillaboom|Acrobatics|p1a: Ogerpon\n|-crit|p1a: Ogerpon\n|-damage|p1a: Ogerpon|11\/100\n|\n|-heal|p2a: Rillaboom|34\/100|[from] Grassy Terrain\n|-heal|p1a: Ogerpon|17\/100|[from] Grassy Terrain\n|upkeep\n|turn|34\n|\n|t:|1700605299\n|switch|p1a: Zapdos|Zapdos|53\/100\n|move|p2a: Rillaboom|Grassy Glide|p1a: Zapdos\n|-resisted|p1a: Zapdos\n|-damage|p1a: Zapdos|35\/100\n|\n|-heal|p2a: Rillaboom|40\/100|[from] Grassy Terrain\n|upkeep\n|turn|35\n|\n|t:|1700605307\n|move|p1a: Zapdos|Volt Switch|p2a: Rillaboom\n|-supereffective|p2a: Rillaboom\n|-damage|p2a: Rillaboom|0 fnt\n|faint|p2a: Rillaboom\n|\n|t:|1700605310\n|switch|p1a: Ogerpon|Ogerpon-Wellspring-Tera, F, tera:Water|17\/100|[from] Volt Switch\n|-activate|p1a: Ogerpon|move: Sticky Web\n|-unboost|p1a: Ogerpon|spe|1\n|-ability|p1a: Ogerpon|Embody Aspect (Wellspring)|boost\n|-boost|p1a: Ogerpon|spd|1\n|\n|-heal|p1a: Ogerpon|23\/100|[from] Grassy Terrain\n|upkeep\n|c|\u2606thunderdog_32|ggs kid\n|\n|t:|1700605322\n|switch|p2a: Slowking|Slowking-Galar, M|100\/100\n|turn|36\n|\n|t:|1700605328\n|move|p1a: Ogerpon|Ivy Cudgel|p2a: Slowking|[anim] Ivy Cudgel Water\n|-damage|p2a: Slowking|11\/100\n|move|p2a: Slowking|Sludge Bomb|p1a: Ogerpon\n|-damage|p1a: Ogerpon|0 fnt\n|faint|p1a: Ogerpon\n|\n|-heal|p2a: Slowking|17\/100|[from] Grassy Terrain\n|-fieldend|move: Grassy Terrain\n|upkeep\n|\n|t:|1700605333\n|switch|p1a: Dragapult|Dragapult, M|100\/100\n|-activate|p1a: Dragapult|move: Sticky Web\n|-unboost|p1a: Dragapult|spe|1\n|turn|37\n|l|\u2606AKnight030\n|inactive|AKnight030 disconnected and has a minute to reconnect!\n|player|p2|\n|inactive|AKnight030 has 30 seconds to reconnect!\n|inactive|AKnight030 has 20 seconds to reconnect!\n|inactive|AKnight030 has 15 seconds to reconnect!\n|inactive|AKnight030 has 10 seconds to reconnect!\n|inactive|AKnight030 has 5 seconds to reconnect!\n|-message|AKnight030 lost due to inactivity.\n|\n|win|thunderdog_32\n|raw|thunderdog_32's rating: 1302 &rarr; <strong>1315<\/strong><br \/>(+13 for winning)\n|raw|AKnight030's rating: 1180 &rarr; <strong>1163<\/strong><br \/>(-17 for losing)\n","uploadtime":1700605403,"views":17,"p1id":"thunderdog32","p2id":"aknight030","formatid":"gen9ou","rating":1163,"private":0,"password":""}