{"id":"gen9ou-1992168705","p1":"snotnosezill","p2":"Anthonycm10","format":"[Gen 9] OU","log":"|j|\u2606snotnosezill\n|j|\u2606Anthonycm10\n|t:|1700160703\n|gametype|singles\n|player|p1|snotnosezill|101|1051\n|player|p2|Anthonycm10|cynthia-gen4|1048\n|teamsize|p1|6\n|teamsize|p2|6\n|gen|9\n|tier|[Gen 9] OU\n|rated|\n|rule|Sleep Clause Mod: Limit one foe put to sleep\n|rule|Species Clause: Limit one of each Pok\u00e9mon\n|rule|OHKO Clause: OHKO moves are banned\n|rule|Evasion Items Clause: Evasion items are banned\n|rule|Evasion Moves Clause: Evasion moves are banned\n|rule|Endless Battle Clause: Forcing endless battles is banned\n|rule|HP Percentage Mod: HP is shown in percentages\n|clearpoke\n|poke|p1|Torkoal, M|\n|poke|p1|Skeledirge, F|\n|poke|p1|Heatran, M|\n|poke|p1|Walking Wake|\n|poke|p1|Moltres-Galar|\n|poke|p1|Ninetales-Alola, F|\n|poke|p2|Dragapult, F|\n|poke|p2|Greninja-*, M|\n|poke|p2|Gardevoir, F|\n|poke|p2|Heatran, F|\n|poke|p2|Ogerpon-Wellspring, F|\n|poke|p2|Scizor, M|\n|teampreview\n|\n|t:|1700160723\n|start\n|switch|p1a: Heatran|Heatran, M|100\/100\n|switch|p2a: Scizor|Scizor, M|100\/100\n|-item|p1a: Heatran|Air Balloon\n|turn|1\n|\n|t:|1700160736\n|switch|p2a: Ogerpon|Ogerpon-Wellspring, F|100\/100\n|-terastallize|p1a: Heatran|Grass\n|move|p1a: Heatran|Magma Storm|p2a: Ogerpon|[miss]\n|-miss|p1a: Heatran|p2a: Ogerpon\n|\n|upkeep\n|turn|2\n|\n|t:|1700160747\n|switch|p2a: Heatran|Heatran, F, shiny|100\/100\n|move|p1a: Heatran|Magma Storm|p2a: Heatran\n|-start|p2a: Heatran|ability: Flash Fire\n|\n|upkeep\n|turn|3\n|\n|t:|1700160755\n|move|p1a: Heatran|Earth Power|p2a: Heatran\n|-supereffective|p2a: Heatran\n|-damage|p2a: Heatran|0 fnt\n|faint|p2a: Heatran\n|\n|upkeep\n|\n|t:|1700160760\n|switch|p2a: Gardevoir|Gardevoir, F, shiny|100\/100\n|turn|4\n|\n|t:|1700160767\n|move|p1a: Heatran|Protect|p1a: Heatran\n|-singleturn|p1a: Heatran|Protect\n|move|p2a: Gardevoir|Dazzling Gleam|p1a: Heatran\n|-activate|p1a: Heatran|move: Protect\n|\n|upkeep\n|turn|5\n|\n|t:|1700160774\n|move|p1a: Heatran|Magma Storm|p2a: Gardevoir\n|-damage|p2a: Gardevoir|50\/100\n|-activate|p2a: Gardevoir|move: Magma Storm|[of] p1a: Heatran\n|move|p2a: Gardevoir|Calm Mind|p2a: Gardevoir\n|-boost|p2a: Gardevoir|spa|1\n|-boost|p2a: Gardevoir|spd|1\n|\n|-damage|p2a: Gardevoir|38\/100|[from] move: Magma Storm|[partiallytrapped]\n|upkeep\n|turn|6\n|\n|t:|1700160783\n|move|p1a: Heatran|Protect|p1a: Heatran\n|-singleturn|p1a: Heatran|Protect\n|move|p2a: Gardevoir|Dazzling Gleam|p1a: Heatran\n|-activate|p1a: Heatran|move: Protect\n|\n|-damage|p2a: Gardevoir|25\/100|[from] move: Magma Storm|[partiallytrapped]\n|upkeep\n|turn|7\n|\n|t:|1700160791\n|move|p1a: Heatran|Earth Power|p2a: Gardevoir\n|-damage|p2a: Gardevoir|7\/100\n|move|p2a: Gardevoir|Dazzling Gleam|p1a: Heatran\n|-damage|p1a: Heatran|31\/100\n|-enditem|p1a: Heatran|Air Balloon\n|\n|-damage|p2a: Gardevoir|0 fnt|[from] move: Magma Storm|[partiallytrapped]\n|faint|p2a: Gardevoir\n|upkeep\n|\n|t:|1700160802\n|switch|p2a: Scizor|Scizor, M|100\/100\n|turn|8\n|\n|t:|1700160807\n|move|p1a: Heatran|Protect|p1a: Heatran\n|-singleturn|p1a: Heatran|Protect\n|move|p2a: Scizor|Bullet Punch|p1a: Heatran\n|-activate|p1a: Heatran|move: Protect\n|\n|upkeep\n|turn|9\n|\n|t:|1700160813\n|move|p2a: Scizor|Bullet Punch|p1a: Heatran\n|-damage|p1a: Heatran|6\/100\n|move|p1a: Heatran|Magma Storm|p2a: Scizor\n|-supereffective|p2a: Scizor\n|-enditem|p2a: Scizor|Focus Sash\n|-damage|p2a: Scizor|1\/100\n|-activate|p2a: Scizor|move: Magma Storm|[of] p1a: Heatran\n|\n|-damage|p2a: Scizor|0 fnt|[from] move: Magma Storm|[partiallytrapped]\n|faint|p2a: Scizor\n|upkeep\n|\n|t:|1700160824\n|switch|p2a: Ogerpon|Ogerpon-Wellspring, F|100\/100\n|turn|10\n|\n|t:|1700160838\n|move|p1a: Heatran|Protect|p1a: Heatran\n|-singleturn|p1a: Heatran|Protect\n|move|p2a: Ogerpon|Ivy Cudgel|p1a: Heatran|[anim] Ivy Cudgel Water\n|-activate|p1a: Heatran|move: Protect\n|\n|upkeep\n|turn|11\n|\n|t:|1700160861\n|move|p2a: Ogerpon|Ivy Cudgel|p1a: Heatran|[anim] Ivy Cudgel Water\n|-resisted|p1a: Heatran\n|-damage|p1a: Heatran|0 fnt\n|faint|p1a: Heatran\n|\n|upkeep\n|\n|t:|1700160872\n|switch|p1a: Torkoal|Torkoal, M|100\/100\n|-weather|SunnyDay|[from] ability: Drought|[of] p1a: Torkoal\n|turn|12\n|\n|t:|1700160877\n|move|p2a: Ogerpon|Ivy Cudgel|p1a: Torkoal|[anim] Ivy Cudgel Water\n|-supereffective|p1a: Torkoal\n|-damage|p1a: Torkoal|57\/100\n|move|p1a: Torkoal|Lava Plume|p2a: Ogerpon\n|-damage|p2a: Ogerpon|48\/100\n|\n|-weather|SunnyDay|[upkeep]\n|upkeep\n|turn|13\n|\n|t:|1700160886\n|move|p2a: Ogerpon|Ivy Cudgel|p1a: Torkoal|[anim] Ivy Cudgel Water\n|-supereffective|p1a: Torkoal\n|-crit|p1a: Torkoal\n|-damage|p1a: Torkoal|0 fnt\n|faint|p1a: Torkoal\n|\n|-weather|SunnyDay|[upkeep]\n|upkeep\n|\n|t:|1700160895\n|switch|p1a: Skeledirge|Skeledirge, F|100\/100\n|turn|14\n|\n|t:|1700160901\n|move|p2a: Ogerpon|Ivy Cudgel|p1a: Skeledirge|[anim] Ivy Cudgel Water\n|-supereffective|p1a: Skeledirge\n|-damage|p1a: Skeledirge|46\/100\n|move|p1a: Skeledirge|Torch Song|p2a: Ogerpon\n|-damage|p2a: Ogerpon|0 fnt\n|-boost|p1a: Skeledirge|spa|1\n|faint|p2a: Ogerpon\n|\n|-weather|SunnyDay|[upkeep]\n|upkeep\n|\n|t:|1700160910\n|switch|p2a: Greninja|Greninja, M, shiny|100\/100\n|turn|15\n|\n|t:|1700160917\n|switch|p1a: Ninetales|Ninetales-Alola, F|100\/100\n|-weather|Snow|[from] ability: Snow Warning|[of] p1a: Ninetales\n|move|p2a: Greninja|Hydro Pump|p1a: Ninetales\n|-damage|p1a: Ninetales|57\/100\n|\n|-weather|Snow|[upkeep]\n|upkeep\n|turn|16\n|\n|t:|1700160926\n|move|p1a: Ninetales|Aurora Veil|p1a: Ninetales\n|-sidestart|p1: snotnosezill|move: Aurora Veil\n|move|p2a: Greninja|Hydro Pump|p1a: Ninetales\n|-damage|p1a: Ninetales|35\/100\n|\n|-weather|Snow|[upkeep]\n|upkeep\n|turn|17\n|\n|t:|1700160933\n|move|p1a: Ninetales|Confuse Ray|p2a: Greninja\n|-start|p2a: Greninja|confusion\n|-activate|p2a: Greninja|confusion\n|move|p2a: Greninja|Hydro Pump|p1a: Ninetales\n|-damage|p1a: Ninetales|14\/100\n|\n|-weather|Snow|[upkeep]\n|upkeep\n|turn|18\n|\n|t:|1700160961\n|move|p1a: Ninetales|Moonblast|p2a: Greninja\n|-supereffective|p2a: Greninja\n|-damage|p2a: Greninja|28\/100\n|-activate|p2a: Greninja|confusion\n|-damage|p2a: Greninja|14\/100|[from] confusion\n|\n|-weather|Snow|[upkeep]\n|upkeep\n|turn|19\n|\n|t:|1700160971\n|move|p1a: Ninetales|Moonblast|p2a: Greninja\n|-supereffective|p2a: Greninja\n|-damage|p2a: Greninja|0 fnt\n|faint|p2a: Greninja\n|\n|-weather|none\n|upkeep\n|inactive|Battle timer is ON: inactive players will automatically lose when time's up. (requested by snotnosezill)\n|\n|t:|1700161004\n|switch|p2a: Dragapult|Dragapult, F|100\/100\n|turn|20\n|\n|t:|1700161012\n|move|p1a: Ninetales|Moonblast|p2a: Dragapult\n|-supereffective|p2a: Dragapult\n|-damage|p2a: Dragapult|36\/100\n|move|p2a: Dragapult|Shadow Ball|p1a: Ninetales\n|-damage|p1a: Ninetales|1\/100\n|\n|-heal|p2a: Dragapult|42\/100|[from] item: Leftovers\n|upkeep\n|turn|21\n|\n|t:|1700161022\n|move|p1a: Ninetales|Moonblast|p2a: Dragapult\n|-supereffective|p2a: Dragapult\n|-damage|p2a: Dragapult|0 fnt\n|faint|p2a: Dragapult\n|\n|win|snotnosezill\n|raw|snotnosezill's rating: 1051 &rarr; <strong>1083<\/strong><br \/>(+32 for winning)\n|raw|Anthonycm10's rating: 1048 &rarr; <strong>1031<\/strong><br \/>(-17 for losing)\n|l|\u2606Anthonycm10\n","uploadtime":1700161030,"views":8,"p1id":"snotnosezill","p2id":"anthonycm10","formatid":"gen9ou","rating":1031,"private":0,"password":""}