{"id":"gen9ou-1996134200","p1":"Demotixnn","p2":"Lardoh","format":"[Gen 9] OU","log":"|j|\u2606Demotixnn\n|j|\u2606Lardoh\n|t:|1700649335\n|gametype|singles\n|player|p1|Demotixnn|clair|1509\n|player|p2|Lardoh|2|1532\n|teamsize|p1|6\n|teamsize|p2|6\n|gen|9\n|tier|[Gen 9] OU\n|rated|\n|rule|Sleep Clause Mod: Limit one foe put to sleep\n|rule|Species Clause: Limit one of each Pok\u00e9mon\n|rule|OHKO Clause: OHKO moves are banned\n|rule|Evasion Items Clause: Evasion items are banned\n|rule|Evasion Moves Clause: Evasion moves are banned\n|rule|Endless Battle Clause: Forcing endless battles is banned\n|rule|HP Percentage Mod: HP is shown in percentages\n|clearpoke\n|poke|p1|Glimmora, F|\n|poke|p1|Gholdengo|\n|poke|p1|Ogerpon-Wellspring, F|\n|poke|p1|Kingambit, M|\n|poke|p1|Iron Moth|\n|poke|p1|Enamorus, F|\n|poke|p2|Iron Hands|\n|poke|p2|Mimikyu, F|\n|poke|p2|Hatterene, F|\n|poke|p2|Maushold|\n|poke|p2|Torkoal, F|\n|poke|p2|Hoopa-Unbound|\n|teampreview\n|inactive|Battle timer is ON: inactive players will automatically lose when time's up. (requested by Lardoh)\n|\n|t:|1700649339\n|start\n|switch|p1a: Glimmora|Glimmora, F|100\/100\n|switch|p2a: Mrs. Cooper|Hatterene, F, shiny|100\/100\n|turn|1\n|\n|t:|1700649344\n|move|p1a: Glimmora|Mortal Spin|p2a: Mrs. Cooper\n|-supereffective|p2a: Mrs. Cooper\n|-damage|p2a: Mrs. Cooper|87\/100\n|-status|p2a: Mrs. Cooper|psn\n|move|p2a: Mrs. Cooper|Tera Blast|p1a: Glimmora\n|-resisted|p1a: Glimmora\n|-damage|p1a: Glimmora|80\/100\n|\n|-damage|p2a: Mrs. Cooper|74\/100 psn|[from] psn\n|upkeep\n|turn|2\n|\n|t:|1700649348\n|move|p1a: Glimmora|Earth Power|p2a: Mrs. Cooper\n|-damage|p2a: Mrs. Cooper|39\/100 psn\n|move|p2a: Mrs. Cooper|Trick Room|p2a: Mrs. Cooper\n|-fieldstart|move: Trick Room|[of] p2a: Mrs. Cooper\n|\n|-damage|p2a: Mrs. Cooper|27\/100 psn|[from] psn\n|upkeep\n|turn|3\n|j| Ruinous Tusk\n|\n|t:|1700649360\n|move|p2a: Mrs. Cooper|Psyshock|p1a: Glimmora\n|-supereffective|p1a: Glimmora\n|-damage|p1a: Glimmora|0 fnt\n|faint|p1a: Glimmora\n|\n|-damage|p2a: Mrs. Cooper|14\/100 psn|[from] psn\n|upkeep\n|\n|t:|1700649373\n|switch|p1a: Ogerpon|Ogerpon-Wellspring, F|100\/100\n|turn|4\n|\n|t:|1700649378\n|move|p2a: Mrs. Cooper|Healing Wish|p2a: Mrs. Cooper\n|faint|p2a: Mrs. Cooper\n|move|p1a: Ogerpon|Ivy Cudgel|p2: Mrs. Cooper|[notarget]\n|-fail|p1a: Ogerpon\n|\n|upkeep\n|\n|t:|1700649381\n|switch|p2a: Mr.Cooper|Iron Hands|100\/100\n|turn|5\n|\n|t:|1700649400\n|switch|p1a: Gholdengo|Gholdengo|100\/100\n|-item|p1a: Gholdengo|Air Balloon\n|move|p2a: Mr.Cooper|Swords Dance|p2a: Mr.Cooper\n|-boost|p2a: Mr.Cooper|atk|2\n|\n|upkeep\n|turn|6\n|\n|t:|1700649405\n|move|p2a: Mr.Cooper|Thunder Punch|p1a: Gholdengo\n|-damage|p1a: Gholdengo|0 fnt\n|-enditem|p1a: Gholdengo|Air Balloon\n|faint|p1a: Gholdengo\n|\n|-fieldend|move: Trick Room\n|upkeep\n|\n|t:|1700649412\n|switch|p1a: Iron Moth|Iron Moth|100\/100\n|-enditem|p1a: Iron Moth|Booster Energy\n|-activate|p1a: Iron Moth|ability: Quark Drive|[fromitem]\n|-start|p1a: Iron Moth|quarkdrivespe\n|turn|7\n|\n|t:|1700649419\n|-terastallize|p1a: Iron Moth|Ground\n|move|p1a: Iron Moth|Tera Blast|p2a: Mr.Cooper|[anim] Tera Blast Ground\n|-supereffective|p2a: Mr.Cooper\n|-enditem|p2a: Mr.Cooper|Shuca Berry|[eat]\n|-enditem|p2a: Mr.Cooper|Shuca Berry|[weaken]\n|-damage|p2a: Mr.Cooper|66\/100\n|move|p2a: Mr.Cooper|Thunder Punch|p1a: Iron Moth\n|-immune|p1a: Iron Moth\n|\n|upkeep\n|turn|8\n|\n|t:|1700649440\n|-end|p2a: Mr.Cooper|Quark Drive|[silent]\n|switch|p2a: Georgie|Hoopa-Unbound|100\/100\n|move|p1a: Iron Moth|Tera Blast|p2a: Georgie|[anim] Tera Blast Ground\n|-damage|p2a: Georgie|71\/100\n|\n|upkeep\n|turn|9\n|\n|t:|1700649454\n|move|p1a: Iron Moth|Fiery Dance|p2a: Georgie\n|-damage|p2a: Georgie|40\/100\n|-boost|p1a: Iron Moth|spa|1\n|move|p2a: Georgie|Trick Room|p2a: Georgie\n|-fieldstart|move: Trick Room|[of] p2a: Georgie\n|\n|upkeep\n|turn|10\n|\n|t:|1700649461\n|move|p2a: Georgie|Hyperspace Fury|p1a: Iron Moth\n|-damage|p1a: Iron Moth|6\/100\n|-unboost|p2a: Georgie|def|1\n|move|p1a: Iron Moth|Sludge Wave|p2a: Georgie\n|-damage|p2a: Georgie|0 fnt\n|faint|p2a: Georgie\n|\n|upkeep\n|\n|t:|1700649469\n|switch|p2a: Young Shelldon|Torkoal, F|100\/100\n|-weather|SunnyDay|[from] ability: Drought|[of] p2a: Young Shelldon\n|turn|11\n|\n|t:|1700649474\n|move|p2a: Young Shelldon|Flamethrower|p1a: Iron Moth\n|-damage|p1a: Iron Moth|0 fnt\n|faint|p1a: Iron Moth\n|-end|p1a: Iron Moth|Quark Drive|[silent]\n|\n|-weather|SunnyDay|[upkeep]\n|upkeep\n|\n|t:|1700649476\n|switch|p1a: Ogerpon|Ogerpon-Wellspring, F|100\/100\n|turn|12\n|\n|t:|1700649480\n|move|p2a: Young Shelldon|Flamethrower|p1a: Ogerpon\n|-damage|p1a: Ogerpon|0 fnt\n|faint|p1a: Ogerpon\n|\n|-weather|SunnyDay|[upkeep]\n|upkeep\n|\n|t:|1700649496\n|switch|p1a: Enamorus|Enamorus, F|100\/100\n|turn|13\n|\n|t:|1700649499\n|move|p2a: Young Shelldon|Flamethrower|p1a: Enamorus\n|-damage|p1a: Enamorus|0 fnt\n|faint|p1a: Enamorus\n|\n|-weather|SunnyDay|[upkeep]\n|-fieldend|move: Trick Room\n|upkeep\n|\n|t:|1700649502\n|switch|p1a: Kingambit|Kingambit, M|100\/100\n|-activate|p1a: Kingambit|ability: Supreme Overlord\n|-start|p1a: Kingambit|fallen5|[silent]\n|turn|14\n|c|\u2606Demotixnn|specs ?\n|\n|t:|1700649511\n|-terastallize|p2a: Young Shelldon|Fire\n|move|p1a: Kingambit|Kowtow Cleave|p2a: Young Shelldon\n|-damage|p2a: Young Shelldon|35\/100\n|move|p2a: Young Shelldon|Flamethrower|p1a: Kingambit\n|-supereffective|p1a: Kingambit\n|-damage|p1a: Kingambit|0 fnt\n|faint|p1a: Kingambit\n|-end|p1a: Kingambit|fallen5|[silent]\n|\n|win|Lardoh\n|raw|Demotixnn's rating: 1509 &rarr; <strong>1490<\/strong><br \/>(-19 for losing)\n|raw|Lardoh's rating: 1532 &rarr; <strong>1551<\/strong><br \/>(+19 for winning)\n|l|\u2606Demotixnn\n|l|\u2606Lardoh\n","uploadtime":1700649522,"views":0,"p1id":"demotixnn","p2id":"lardoh","formatid":"gen9ou","rating":1490,"private":0,"password":""}