{"id":"gen9ou-1990491973","p1":"PerhapsXolas","p2":"LipeZero","format":"[Gen 9] OU","log":"|j|\u2606PerhapsXolas\n|j|\u2606LipeZero\n|t:|1699975823\n|gametype|singles\n|player|p1|PerhapsXolas|cynthia-gen4|\n|player|p2|LipeZero|n|\n|teamsize|p1|6\n|teamsize|p2|6\n|gen|9\n|tier|[Gen 9] OU\n|rule|Sleep Clause Mod: Limit one foe put to sleep\n|rule|Species Clause: Limit one of each Pok\u00e9mon\n|rule|OHKO Clause: OHKO moves are banned\n|rule|Evasion Items Clause: Evasion items are banned\n|rule|Evasion Moves Clause: Evasion moves are banned\n|rule|Endless Battle Clause: Forcing endless battles is banned\n|rule|HP Percentage Mod: HP is shown in percentages\n|clearpoke\n|poke|p1|Ogerpon-Wellspring, F|\n|poke|p1|Meowscarada, M|\n|poke|p1|Torterra, M|\n|poke|p1|Meloetta|\n|poke|p1|Indeedee, M|\n|poke|p1|Ursaluna, F|\n|poke|p2|Zoroark-Hisui, M|\n|poke|p2|Dragapult, M|\n|poke|p2|Kingambit, F|\n|poke|p2|Skeledirge, F|\n|poke|p2|Ting-Lu|\n|poke|p2|Ceruledge, M|\n|teampreview\n|\n|t:|1699975828\n|start\n|switch|p1a: Cotoca D. \u00c1gua|Ogerpon-Wellspring, F|100\/100\n|switch|p2a: Kingambit|Kingambit, F|100\/100\n|turn|1\n|\n|t:|1699975836\n|move|p2a: Kingambit|Trick||[still]\n|-fail|p2a: Kingambit\n|move|p1a: Cotoca D. \u00c1gua|Swords Dance|p1a: Cotoca D. \u00c1gua\n|-boost|p1a: Cotoca D. \u00c1gua|atk|2\n|\n|upkeep\n|turn|2\n|c|\u2606LipeZero|Hehehe\n|c|\u2606PerhapsXolas|B)\n|\n|t:|1699975851\n|-terastallize|p1a: Cotoca D. \u00c1gua|Water\n|detailschange|p1a: Cotoca D. \u00c1gua|Ogerpon-Wellspring-Tera, F, tera:Water\n|-ability|p1a: Cotoca D. \u00c1gua|Embody Aspect (Wellspring)|boost\n|-boost|p1a: Cotoca D. \u00c1gua|spd|1\n|move|p2a: Kingambit|Trick||[still]\n|-fail|p2a: Kingambit\n|move|p1a: Cotoca D. \u00c1gua|Ivy Cudgel|p2a: Kingambit|[anim] Ivy Cudgel Water\n|-damage|p2a: Kingambit|0 fnt\n|replace|p2a: Zoroark|Zoroark-Hisui, M\n|-end|p2a: Zoroark|Illusion\n|faint|p2a: Zoroark\n|\n|upkeep\n|c|\u2606PerhapsXolas|mamo\n|\n|t:|1699975864\n|switch|p2a: Dragapult|Dragapult, M|100\/100\n|turn|3\n|c|\u2606PerhapsXolas|mano\n|c|\u2606LipeZero|Vai sweepar pouco\n|c|\u2606PerhapsXolas|pq eu achei q era o kingambit?\n|c|\u2606PerhapsXolas|KKKKKKKKKKKKKKKKKKKKKKKKKKKKKKKKKKKKKKKKKKKKKKK\n|c|\u2606LipeZero|KKKKKKKKKKKKKKKKKKKKKKKKKKKKKKKKKKKKKKKKKKKKKKKKKKKKKKKKKKKKKKKKKKKKKKKKKKKKKK\n|\n|t:|1699975900\n|move|p2a: Dragapult|Thunderbolt|p1a: Cotoca D. \u00c1gua\n|-supereffective|p1a: Cotoca D. \u00c1gua\n|-damage|p1a: Cotoca D. \u00c1gua|43\/100\n|move|p1a: Cotoca D. \u00c1gua|Knock Off|p2a: Dragapult\n|-supereffective|p2a: Dragapult\n|-damage|p2a: Dragapult|0 fnt\n|-enditem|p2a: Dragapult|Choice Specs|[from] move: Knock Off|[of] p1a: Cotoca D. \u00c1gua\n|faint|p2a: Dragapult\n|\n|upkeep\n|\n|t:|1699975910\n|switch|p2a: Ting-Lu|Ting-Lu|100\/100\n|-ability|p2a: Ting-Lu|Vessel of Ruin\n|turn|4\n|\n|t:|1699975919\n|move|p1a: Cotoca D. \u00c1gua|Ivy Cudgel|p2a: Ting-Lu|[anim] Ivy Cudgel Water\n|-supereffective|p2a: Ting-Lu\n|-damage|p2a: Ting-Lu|0 fnt\n|faint|p2a: Ting-Lu\n|\n|upkeep\n|\n|t:|1699975928\n|switch|p2a: Skeledirge|Skeledirge, F|100\/100\n|turn|5\n|\n|t:|1699975932\n|move|p1a: Cotoca D. \u00c1gua|Ivy Cudgel|p2a: Skeledirge|[anim] Ivy Cudgel Water\n|-supereffective|p2a: Skeledirge\n|-damage|p2a: Skeledirge|0 fnt\n|faint|p2a: Skeledirge\n|\n|upkeep\n|\n|t:|1699975939\n|switch|p2a: Ceruledge|Ceruledge, M|100\/100\n|turn|6\n|\n|t:|1699975944\n|move|p2a: Ceruledge|Shadow Sneak|p1a: Cotoca D. \u00c1gua\n|-damage|p1a: Cotoca D. \u00c1gua|10\/100\n|-damage|p2a: Ceruledge|91\/100|[from] item: Life Orb\n|move|p1a: Cotoca D. \u00c1gua|Ivy Cudgel|p2a: Ceruledge|[anim] Ivy Cudgel Water\n|-supereffective|p2a: Ceruledge\n|-damage|p2a: Ceruledge|0 fnt\n|faint|p2a: Ceruledge\n|\n|upkeep\n|\n|t:|1699975953\n|switch|p2a: Kingambit|Kingambit, F|100\/100\n|-activate|p2a: Kingambit|ability: Supreme Overlord\n|-start|p2a: Kingambit|fallen5|[silent]\n|turn|7\n|\n|t:|1699975963\n|switch|p1a: Pirua|Meloetta|100\/100\n|move|p2a: Kingambit|Sucker Punch||[still]\n|-fail|p2a: Kingambit\n|\n|upkeep\n|turn|8\n|\n|t:|1699975971\n|move|p1a: Pirua|Drain Punch|p2a: Kingambit\n|-supereffective|p2a: Kingambit\n|-damage|p2a: Kingambit|37\/100\n|move|p2a: Kingambit|Aerial Ace|p1a: Pirua\n|-damage|p1a: Pirua|51\/100\n|\n|upkeep\n|turn|9\n|\n|t:|1699975978\n|move|p1a: Pirua|Drain Punch|p2a: Kingambit\n|-supereffective|p2a: Kingambit\n|-damage|p2a: Kingambit|0 fnt\n|-heal|p1a: Pirua|70\/100|[from] drain|[of] p2a: Kingambit\n|faint|p2a: Kingambit\n|-end|p2a: Kingambit|fallen5|[silent]\n|\n|win|PerhapsXolas\n|c|\u2606PerhapsXolas|B)\n|c|\u2606LipeZero|Foi de f no chat\n","uploadtime":1699975993,"views":8,"p1id":"perhapsxolas","p2id":"lipezero","formatid":"gen9ou","rating":0,"private":0,"password":""}