{"id":"gen9ou-1995656483","p1":"Muddlet","p2":"Sukia Play","format":"[Gen 9] OU","log":"|j|\u2606Muddlet\n|j|\u2606Sukia Play\n|t:|1700591322\n|gametype|singles\n|player|p1|Muddlet|265|1347\n|player|p2|Sukia Play|ghetsis|1439\n|teamsize|p1|6\n|teamsize|p2|6\n|gen|9\n|tier|[Gen 9] OU\n|rated|\n|rule|Sleep Clause Mod: Limit one foe put to sleep\n|rule|Species Clause: Limit one of each Pok\u00e9mon\n|rule|OHKO Clause: OHKO moves are banned\n|rule|Evasion Items Clause: Evasion items are banned\n|rule|Evasion Moves Clause: Evasion moves are banned\n|rule|Endless Battle Clause: Forcing endless battles is banned\n|rule|HP Percentage Mod: HP is shown in percentages\n|clearpoke\n|poke|p1|Great Tusk|\n|poke|p1|Kingambit, M|\n|poke|p1|Gholdengo|\n|poke|p1|Ampharos, F|\n|poke|p1|Ogerpon-Wellspring, F|\n|poke|p1|Iron Valiant|\n|poke|p2|Walking Wake|\n|poke|p2|Great Tusk|\n|poke|p2|Meowscarada, F|\n|poke|p2|Dondozo, F|\n|poke|p2|Moltres|\n|poke|p2|Garganacl, F|\n|teampreview\n|inactive|Battle timer is ON: inactive players will automatically lose when time's up. (requested by Sukia Play)\n|\n|t:|1700591345\n|start\n|switch|p1a: Gholdengo|Gholdengo|100\/100\n|switch|p2a: Meowscarada|Meowscarada, F|100\/100\n|turn|1\n|\n|t:|1700591353\n|-terastallize|p1a: Gholdengo|Dark\n|move|p2a: Meowscarada|Knock Off|p1a: Gholdengo\n|-resisted|p1a: Gholdengo\n|-damage|p1a: Gholdengo|81\/100\n|-enditem|p1a: Gholdengo|Choice Specs|[from] move: Knock Off|[of] p2a: Meowscarada\n|move|p1a: Gholdengo|Make It Rain|p2a: Meowscarada\n|-damage|p2a: Meowscarada|0 fnt\n|-unboost|p1a: Gholdengo|spa|1\n|faint|p2a: Meowscarada\n|\n|upkeep\n|\n|t:|1700591379\n|switch|p2a: Walking Wake|Walking Wake|100\/100\n|turn|2\n|\n|t:|1700591389\n|move|p2a: Walking Wake|Hydro Steam|p1a: Gholdengo\n|-damage|p1a: Gholdengo|25\/100\n|move|p1a: Gholdengo|Dazzling Gleam|p2a: Walking Wake\n|-supereffective|p2a: Walking Wake\n|-damage|p2a: Walking Wake|50\/100\n|\n|upkeep\n|turn|3\n|\n|t:|1700591396\n|switch|p1a: Ampharos|Ampharos, F|100\/100\n|move|p2a: Walking Wake|Hydro Steam|p1a: Ampharos\n|-damage|p1a: Ampharos|63\/100\n|\n|upkeep\n|turn|4\n|\n|t:|1700591407\n|-end|p2a: Walking Wake|Protosynthesis|[silent]\n|switch|p2a: Great Tusk|Great Tusk|100\/100\n|move|p1a: Ampharos|Dazzling Gleam|p2a: Great Tusk\n|-supereffective|p2a: Great Tusk\n|-crit|p2a: Great Tusk\n|-damage|p2a: Great Tusk|0 fnt\n|faint|p2a: Great Tusk\n|-end|p2a: Great Tusk|Protosynthesis|[silent]\n|\n|upkeep\n|\n|t:|1700591418\n|switch|p2a: Garganacl|Garganacl, F|100\/100\n|turn|5\n|\n|t:|1700591424\n|move|p1a: Ampharos|Discharge|p2a: Garganacl\n|-damage|p2a: Garganacl|77\/100\n|move|p2a: Garganacl|Salt Cure|p1a: Ampharos\n|-damage|p1a: Ampharos|48\/100\n|-start|p1a: Ampharos|Salt Cure\n|\n|-heal|p2a: Garganacl|83\/100|[from] item: Leftovers\n|-damage|p1a: Ampharos|35\/100|[from] Salt Cure\n|upkeep\n|turn|6\n|\n|t:|1700591430\n|move|p1a: Ampharos|Discharge|p2a: Garganacl\n|-damage|p2a: Garganacl|56\/100\n|move|p2a: Garganacl|Salt Cure|p1a: Ampharos\n|-damage|p1a: Ampharos|21\/100\n|\n|-heal|p2a: Garganacl|62\/100|[from] item: Leftovers\n|-damage|p1a: Ampharos|9\/100|[from] Salt Cure\n|upkeep\n|turn|7\n|\n|t:|1700591435\n|move|p1a: Ampharos|Discharge|p2a: Garganacl\n|-damage|p2a: Garganacl|36\/100\n|move|p2a: Garganacl|Recover|p2a: Garganacl\n|-heal|p2a: Garganacl|86\/100\n|\n|-heal|p2a: Garganacl|92\/100|[from] item: Leftovers\n|-damage|p1a: Ampharos|0 fnt|[from] Salt Cure\n|faint|p1a: Ampharos\n|upkeep\n|\n|t:|1700591439\n|switch|p1a: Gholdengo|Gholdengo, tera:Dark|25\/100\n|turn|8\n|\n|t:|1700591445\n|switch|p2a: Moltres|Moltres|100\/100\n|move|p1a: Gholdengo|Make It Rain|p2a: Moltres\n|-resisted|p2a: Moltres\n|-damage|p2a: Moltres|77\/100\n|-unboost|p1a: Gholdengo|spa|1\n|\n|upkeep\n|turn|9\n|\n|t:|1700591454\n|move|p2a: Moltres|U-turn|p1a: Gholdengo\n|-supereffective|p1a: Gholdengo\n|-damage|p1a: Gholdengo|0 fnt\n|faint|p1a: Gholdengo\n|\n|t:|1700591462\n|switch|p2a: Walking Wake|Walking Wake|50\/100|[from] U-turn\n|\n|upkeep\n|\n|t:|1700591465\n|switch|p1a: Iron Valiant|Iron Valiant|100\/100\n|turn|10\n|\n|t:|1700591473\n|-end|p2a: Walking Wake|Protosynthesis|[silent]\n|switch|p2a: Moltres|Moltres|77\/100\n|move|p1a: Iron Valiant|Spirit Break|p2a: Moltres\n|-resisted|p2a: Moltres\n|-damage|p2a: Moltres|62\/100\n|-unboost|p2a: Moltres|spa|1\n|\n|upkeep\n|turn|11\n|\n|t:|1700591480\n|move|p1a: Iron Valiant|Swords Dance|p1a: Iron Valiant\n|-boost|p1a: Iron Valiant|atk|2\n|move|p2a: Moltres|Roost|p2a: Moltres\n|-heal|p2a: Moltres|100\/100\n|-singleturn|p2a: Moltres|move: Roost\n|\n|upkeep\n|turn|12\n|\n|t:|1700591487\n|move|p1a: Iron Valiant|Ice Punch|p2a: Moltres\n|-crit|p2a: Moltres\n|-damage|p2a: Moltres|33\/100\n|move|p2a: Moltres|Will-O-Wisp|p1a: Iron Valiant\n|-status|p1a: Iron Valiant|brn\n|\n|-damage|p1a: Iron Valiant|94\/100 brn|[from] brn\n|upkeep\n|turn|13\n|\n|t:|1700591499\n|move|p1a: Iron Valiant|Ice Punch|p2a: Moltres\n|-damage|p2a: Moltres|11\/100\n|move|p2a: Moltres|Roost|p2a: Moltres\n|-heal|p2a: Moltres|61\/100\n|-singleturn|p2a: Moltres|move: Roost\n|\n|-damage|p1a: Iron Valiant|88\/100 brn|[from] brn\n|upkeep\n|turn|14\n|\n|t:|1700591508\n|move|p1a: Iron Valiant|Swords Dance|p1a: Iron Valiant\n|-boost|p1a: Iron Valiant|atk|2\n|move|p2a: Moltres|Roost|p2a: Moltres\n|-heal|p2a: Moltres|100\/100\n|-singleturn|p2a: Moltres|move: Roost\n|\n|-damage|p1a: Iron Valiant|82\/100 brn|[from] brn\n|upkeep\n|turn|15\n|\n|t:|1700591511\n|switch|p2a: Dondozo|Dondozo, F|100\/100\n|move|p1a: Iron Valiant|Swords Dance|p1a: Iron Valiant\n|-boost|p1a: Iron Valiant|atk|2\n|\n|-damage|p1a: Iron Valiant|75\/100 brn|[from] brn\n|upkeep\n|turn|16\n|\n|t:|1700591534\n|move|p1a: Iron Valiant|Spirit Break|p2a: Dondozo\n|-damage|p2a: Dondozo|94\/100\n|-unboost|p2a: Dondozo|spa|1\n|move|p2a: Dondozo|Curse|p2a: Dondozo\n|-unboost|p2a: Dondozo|spe|1\n|-boost|p2a: Dondozo|atk|1\n|-boost|p2a: Dondozo|def|1\n|\n|-heal|p2a: Dondozo|99\/100|[from] item: Leftovers\n|-damage|p1a: Iron Valiant|69\/100 brn|[from] brn\n|upkeep\n|turn|17\n|\n|t:|1700591542\n|-end|p1a: Iron Valiant|Quark Drive|[silent]\n|switch|p1a: Ogerpon|Ogerpon-Wellspring, F|100\/100\n|move|p2a: Dondozo|Curse|p2a: Dondozo\n|-unboost|p2a: Dondozo|spe|1\n|-boost|p2a: Dondozo|atk|1\n|-boost|p2a: Dondozo|def|1\n|\n|-heal|p2a: Dondozo|100\/100|[from] item: Leftovers\n|upkeep\n|turn|18\n|\n|t:|1700591548\n|-terastallize|p2a: Dondozo|Dragon\n|move|p1a: Ogerpon|Taunt|p2a: Dondozo\n|-start|p2a: Dondozo|move: Taunt\n|move|p2a: Dondozo|Body Press|p1a: Ogerpon\n|-damage|p1a: Ogerpon|27\/100\n|\n|upkeep\n|turn|19\n|\n|t:|1700591562\n|move|p1a: Ogerpon|Horn Leech|p2a: Dondozo\n|-resisted|p2a: Dondozo\n|-damage|p2a: Dondozo|96\/100\n|-heal|p1a: Ogerpon|31\/100|[from] drain|[of] p2a: Dondozo\n|move|p2a: Dondozo|Body Press|p1a: Ogerpon\n|-crit|p1a: Ogerpon\n|-damage|p1a: Ogerpon|0 fnt\n|faint|p1a: Ogerpon\n|\n|-heal|p2a: Dondozo|100\/100|[from] item: Leftovers\n|upkeep\n|\n|t:|1700591569\n|switch|p1a: Kingambit|Kingambit, M|100\/100\n|-activate|p1a: Kingambit|ability: Supreme Overlord\n|-start|p1a: Kingambit|fallen3|[silent]\n|turn|20\n|\n|t:|1700591572\n|move|p1a: Kingambit|Poison Jab|p2a: Dondozo\n|-damage|p2a: Dondozo|91\/100\n|move|p2a: Dondozo|Body Press|p1a: Kingambit\n|-supereffective|p1a: Kingambit\n|-damage|p1a: Kingambit|0 fnt\n|faint|p1a: Kingambit\n|-end|p1a: Kingambit|fallen3|[silent]\n|\n|-heal|p2a: Dondozo|97\/100|[from] item: Leftovers\n|-end|p2a: Dondozo|move: Taunt\n|upkeep\n|\n|t:|1700591576\n|switch|p1a: Iron Valiant|Iron Valiant|69\/100 brn\n|turn|21\n|\n|t:|1700591578\n|move|p1a: Iron Valiant|Drain Punch|p2a: Dondozo\n|-damage|p2a: Dondozo|93\/100\n|-heal|p1a: Iron Valiant|72\/100 brn|[from] drain|[of] p2a: Dondozo\n|move|p2a: Dondozo|Liquidation|p1a: Iron Valiant\n|-crit|p1a: Iron Valiant\n|-damage|p1a: Iron Valiant|4\/100 brn\n|-unboost|p1a: Iron Valiant|def|1\n|-damage|p2a: Dondozo|76\/100|[from] item: Rocky Helmet|[of] p1a: Iron Valiant\n|\n|-heal|p2a: Dondozo|82\/100|[from] item: Leftovers\n|-damage|p1a: Iron Valiant|0 fnt|[from] brn\n|faint|p1a: Iron Valiant\n|-end|p1a: Iron Valiant|Quark Drive|[silent]\n|upkeep\n|\n|t:|1700591580\n|switch|p1a: Great Tusk|Great Tusk|100\/100\n|-enditem|p1a: Great Tusk|Booster Energy\n|-activate|p1a: Great Tusk|ability: Protosynthesis|[fromitem]\n|-start|p1a: Great Tusk|protosynthesisatk\n|turn|22\n|\n|t:|1700591585\n|move|p1a: Great Tusk|Ice Spinner|p2a: Dondozo\n|-supereffective|p2a: Dondozo\n|-damage|p2a: Dondozo|67\/100\n|move|p2a: Dondozo|Liquidation|p1a: Great Tusk\n|-supereffective|p1a: Great Tusk\n|-damage|p1a: Great Tusk|21\/100\n|\n|-heal|p2a: Dondozo|74\/100|[from] item: Leftovers\n|upkeep\n|turn|23\n|\n|t:|1700591601\n|move|p1a: Great Tusk|Ice Spinner|p2a: Dondozo\n|-supereffective|p2a: Dondozo\n|-damage|p2a: Dondozo|60\/100\n|move|p2a: Dondozo|Liquidation|p1a: Great Tusk\n|-supereffective|p1a: Great Tusk\n|-damage|p1a: Great Tusk|0 fnt\n|faint|p1a: Great Tusk\n|-end|p1a: Great Tusk|Protosynthesis|[silent]\n|\n|win|Sukia Play\n|raw|Muddlet's rating: 1347 &rarr; <strong>1332<\/strong><br \/>(-15 for losing)\n|raw|Sukia Play's rating: 1439 &rarr; <strong>1454<\/strong><br \/>(+15 for winning)\n|l|\u2606Muddlet\n","uploadtime":1700591609,"views":11,"p1id":"muddlet","p2id":"sukiaplay","formatid":"gen9ou","rating":1332,"private":0,"password":""}