{"id":"gen9ou-1998129776","p1":"Petenshi","p2":"Shinjou Akane","format":"[Gen 9] OU","log":"|j|\u2606Petenshi\n|j|\u2606Shinjou Akane\n|t:|1700896832\n|gametype|singles\n|player|p1|Petenshi|169|1475\n|player|p2|Shinjou Akane|caitlin|1665\n|teamsize|p1|6\n|teamsize|p2|6\n|gen|9\n|tier|[Gen 9] OU\n|rated|\n|rule|Sleep Clause Mod: Limit one foe put to sleep\n|rule|Species Clause: Limit one of each Pok\u00e9mon\n|rule|OHKO Clause: OHKO moves are banned\n|rule|Evasion Items Clause: Evasion items are banned\n|rule|Evasion Moves Clause: Evasion moves are banned\n|rule|Endless Battle Clause: Forcing endless battles is banned\n|rule|HP Percentage Mod: HP is shown in percentages\n|clearpoke\n|poke|p1|Clefable, F|\n|poke|p1|Toxapex, M|\n|poke|p1|Heatran, F|\n|poke|p1|Great Tusk|\n|poke|p1|Corviknight, M|\n|poke|p1|Meowscarada, M|\n|poke|p2|Dragapult, F|\n|poke|p2|Iron Moth|\n|poke|p2|Great Tusk|\n|poke|p2|Ogerpon-Wellspring, F|\n|poke|p2|Heatran, M|\n|poke|p2|Slowking-Galar, F|\n|teampreview\n|inactive|Battle timer is ON: inactive players will automatically lose when time's up. (requested by Petenshi)\n|\n|t:|1700896841\n|start\n|switch|p1a: Meowscarada|Meowscarada, M|100\/100\n|switch|p2a: Dragapult|Dragapult, F|100\/100\n|turn|1\n|\n|t:|1700896844\n|move|p1a: Meowscarada|Knock Off|p2a: Dragapult\n|-start|p1a: Meowscarada|typechange|Dark|[from] ability: Protean\n|-supereffective|p2a: Dragapult\n|-damage|p2a: Dragapult|0 fnt\n|-enditem|p2a: Dragapult|Choice Specs|[from] move: Knock Off|[of] p1a: Meowscarada\n|faint|p2a: Dragapult\n|\n|upkeep\n|\n|t:|1700896854\n|switch|p2a: Ogerpon|Ogerpon-Wellspring, F|100\/100\n|turn|2\n|\n|t:|1700896862\n|switch|p1a: Toxapex|Toxapex, M|100\/100\n|move|p2a: Ogerpon|Swords Dance|p2a: Ogerpon\n|-boost|p2a: Ogerpon|atk|2\n|\n|upkeep\n|turn|3\n|\n|t:|1700896867\n|move|p2a: Ogerpon|Power Whip|p1a: Toxapex\n|-damage|p1a: Toxapex|9\/100\n|-damage|p2a: Ogerpon|84\/100|[from] item: Rocky Helmet|[of] p1a: Toxapex\n|move|p1a: Toxapex|Haze|p1a: Toxapex\n|-clearallboost\n|\n|upkeep\n|turn|4\n|\n|t:|1700896874\n|switch|p1a: Meowscarada|Meowscarada, M|100\/100\n|move|p2a: Ogerpon|Ivy Cudgel|p1a: Meowscarada|[anim] Ivy Cudgel Water\n|-resisted|p1a: Meowscarada\n|-damage|p1a: Meowscarada|56\/100\n|\n|upkeep\n|turn|5\n|\n|t:|1700896882\n|switch|p2a: Slowking|Slowking-Galar, F|100\/100\n|move|p1a: Meowscarada|U-turn|p2a: Slowking\n|-start|p1a: Meowscarada|typechange|Bug|[from] ability: Protean\n|-damage|p2a: Slowking|76\/100\n|\n|t:|1700896886\n|switch|p1a: Toxapex|Toxapex, M|42\/100|[from] U-turn\n|\n|upkeep\n|turn|6\n|\n|t:|1700896890\n|switch|p1a: Heatran|Heatran, F|100\/100\n|move|p2a: Slowking|Future Sight|p1a: Heatran\n|-start|p2a: Slowking|move: Future Sight\n|\n|upkeep\n|turn|7\n|\n|t:|1700896897\n|move|p1a: Heatran|Taunt|p2a: Slowking\n|-start|p2a: Slowking|move: Taunt\n|cant|p2a: Slowking|move: Taunt|Chilly Reception\n|\n|upkeep\n|turn|8\n|\n|t:|1700896903\n|switch|p2a: Heatran|Heatran, M|100\/100\n|-item|p2a: Heatran|Air Balloon\n|move|p1a: Heatran|Magma Storm|p2a: Heatran\n|-damage|p2a: Heatran|63\/100\n|-activate|p2a: Heatran|move: Magma Storm|[of] p1a: Heatran\n|-enditem|p2a: Heatran|Air Balloon\n|\n|-end|p1a: Heatran|move: Future Sight\n|-resisted|p1a: Heatran\n|-damage|p1a: Heatran|86\/100\n|-heal|p1a: Heatran|92\/100|[from] item: Leftovers\n|-damage|p2a: Heatran|50\/100|[from] move: Magma Storm|[partiallytrapped]\n|upkeep\n|turn|9\n|inactive|Petenshi has 120 seconds left.\n|\n|t:|1700896938\n|switch|p1a: Great Tusk|Great Tusk|100\/100\n|move|p2a: Heatran|Earth Power|p1a: Great Tusk\n|-damage|p1a: Great Tusk|59\/100\n|\n|-heal|p1a: Great Tusk|65\/100|[from] item: Leftovers\n|-end|p2a: Heatran|Magma Storm|[partiallytrapped]|[silent]\n|upkeep\n|turn|10\n|inactive|Petenshi has 120 seconds left.\n|\n|t:|1700896949\n|move|p1a: Great Tusk|Headlong Rush|p2a: Heatran\n|-supereffective|p2a: Heatran\n|-damage|p2a: Heatran|0 fnt\n|-unboost|p1a: Great Tusk|def|1\n|-unboost|p1a: Great Tusk|spd|1\n|faint|p2a: Heatran\n|\n|-heal|p1a: Great Tusk|71\/100|[from] item: Leftovers\n|upkeep\n|\n|t:|1700896953\n|switch|p2a: Ogerpon|Ogerpon-Wellspring, F|84\/100\n|turn|11\n|\n|t:|1700896962\n|-end|p1a: Great Tusk|Protosynthesis|[silent]\n|switch|p1a: Clefable|Clefable, F|100\/100\n|move|p2a: Ogerpon|Power Whip|p1a: Clefable|[miss]\n|-miss|p2a: Ogerpon|p1a: Clefable\n|\n|upkeep\n|turn|12\n|\n|t:|1700896967\n|move|p2a: Ogerpon|Swords Dance|p2a: Ogerpon\n|-boost|p2a: Ogerpon|atk|2\n|move|p1a: Clefable|Encore|p2a: Ogerpon\n|-start|p2a: Ogerpon|Encore\n|\n|upkeep\n|turn|13\n|\n|t:|1700896973\n|switch|p2a: Slowking|Slowking-Galar, F|100\/100\n|move|p1a: Clefable|Knock Off|p2a: Slowking\n|-supereffective|p2a: Slowking\n|-damage|p2a: Slowking|77\/100\n|-enditem|p2a: Slowking|Heavy-Duty Boots|[from] move: Knock Off|[of] p1a: Clefable\n|\n|upkeep\n|turn|14\n|\n|t:|1700896980\n|switch|p1a: Heatran|Heatran, F|92\/100\n|move|p2a: Slowking|Chilly Reception|p2a: Slowking\n|-weather|Snow\n|\n|t:|1700896982\n|switch|p2a: Great Tusk|Great Tusk|100\/100|[from] Chilly Reception\n|\n|-weather|Snow|[upkeep]\n|-heal|p1a: Heatran|98\/100|[from] item: Leftovers\n|upkeep\n|turn|15\n|\n|t:|1700896992\n|switch|p1a: Corviknight|Corviknight, M|100\/100\n|-ability|p1a: Corviknight|Pressure\n|move|p2a: Great Tusk|Close Combat|p1a: Corviknight\n|-damage|p1a: Corviknight|42\/100\n|-unboost|p2a: Great Tusk|def|1\n|-unboost|p2a: Great Tusk|spd|1\n|\n|-weather|Snow|[upkeep]\n|upkeep\n|turn|16\n|\n|t:|1700897003\n|move|p2a: Great Tusk|Close Combat|p1a: Corviknight\n|-damage|p1a: Corviknight|0 fnt\n|-unboost|p2a: Great Tusk|def|1\n|-unboost|p2a: Great Tusk|spd|1\n|faint|p1a: Corviknight\n|\n|-weather|Snow|[upkeep]\n|upkeep\n|\n|t:|1700897007\n|switch|p1a: Meowscarada|Meowscarada, M|56\/100\n|turn|17\n|\n|t:|1700897013\n|-end|p2a: Great Tusk|Protosynthesis|[silent]\n|switch|p2a: Slowking|Slowking-Galar, F|100\/100\n|move|p1a: Meowscarada|U-turn|p2a: Slowking\n|-start|p1a: Meowscarada|typechange|Bug|[from] ability: Protean\n|-damage|p2a: Slowking|76\/100\n|\n|t:|1700897016\n|switch|p1a: Heatran|Heatran, F|98\/100|[from] U-turn\n|\n|-weather|Snow|[upkeep]\n|-heal|p1a: Heatran|100\/100|[from] item: Leftovers\n|upkeep\n|turn|18\n|\n|t:|1700897026\n|move|p1a: Heatran|Stealth Rock|p2a: Slowking\n|-sidestart|p2: Shinjou Akane|move: Stealth Rock\n|move|p2a: Slowking|Future Sight|p1a: Heatran\n|-start|p2a: Slowking|move: Future Sight\n|\n|-weather|none\n|upkeep\n|turn|19\n|\n|t:|1700897032\n|switch|p2a: Ogerpon|Ogerpon-Wellspring, F|84\/100\n|-damage|p2a: Ogerpon|72\/100|[from] Stealth Rock\n|move|p1a: Heatran|Magma Storm|p2a: Ogerpon\n|-damage|p2a: Ogerpon|23\/100\n|-activate|p2a: Ogerpon|move: Magma Storm|[of] p1a: Heatran\n|\n|-damage|p2a: Ogerpon|11\/100|[from] move: Magma Storm|[partiallytrapped]\n|upkeep\n|turn|20\n|\n|t:|1700897035\n|move|p1a: Heatran|Protect|p1a: Heatran\n|-singleturn|p1a: Heatran|Protect\n|move|p2a: Ogerpon|Ivy Cudgel|p1a: Heatran|[anim] Ivy Cudgel Water\n|-activate|p1a: Heatran|move: Protect\n|\n|-end|p1a: Heatran|move: Future Sight\n|-resisted|p1a: Heatran\n|-damage|p1a: Heatran|88\/100\n|-heal|p1a: Heatran|94\/100|[from] item: Leftovers\n|-damage|p2a: Ogerpon|0 fnt|[from] move: Magma Storm|[partiallytrapped]\n|faint|p2a: Ogerpon\n|upkeep\n|\n|t:|1700897038\n|switch|p2a: Great Tusk|Great Tusk|100\/100\n|turn|21\n|\n|t:|1700897046\n|switch|p1a: Toxapex|Toxapex, M|76\/100\n|move|p2a: Great Tusk|Rapid Spin|p1a: Toxapex\n|-damage|p1a: Toxapex|65\/100\n|-boost|p2a: Great Tusk|spe|1\n|-damage|p2a: Great Tusk|84\/100|[from] item: Rocky Helmet|[of] p1a: Toxapex\n|-sideend|p2: Shinjou Akane|Stealth Rock|[from] move: Rapid Spin|[of] p2a: Great Tusk\n|\n|upkeep\n|turn|22\n|\n|t:|1700897053\n|move|p2a: Great Tusk|Headlong Rush|p1a: Toxapex\n|-supereffective|p1a: Toxapex\n|-damage|p1a: Toxapex|0 fnt\n|-unboost|p2a: Great Tusk|def|1\n|-unboost|p2a: Great Tusk|spd|1\n|-damage|p2a: Great Tusk|68\/100|[from] item: Rocky Helmet|[of] p1a: Toxapex\n|faint|p1a: Toxapex\n|\n|upkeep\n|\n|t:|1700897057\n|switch|p1a: Meowscarada|Meowscarada, M|56\/100\n|turn|23\n|\n|t:|1700897062\n|-terastallize|p2a: Great Tusk|Dragon\n|move|p1a: Meowscarada|U-turn|p2a: Great Tusk\n|-start|p1a: Meowscarada|typechange|Bug|[from] ability: Protean\n|-damage|p2a: Great Tusk|29\/100\n|\n|t:|1700897070\n|switch|p1a: Clefable|Clefable, F|100\/100|[from] U-turn\n|move|p2a: Great Tusk|Close Combat|p1a: Clefable\n|-resisted|p1a: Clefable\n|-damage|p1a: Clefable|77\/100\n|-unboost|p2a: Great Tusk|def|1\n|-unboost|p2a: Great Tusk|spd|1\n|\n|upkeep\n|turn|24\n|\n|t:|1700897078\n|-end|p2a: Great Tusk|Protosynthesis|[silent]\n|switch|p2a: Slowking|Slowking-Galar, F|100\/100\n|move|p1a: Clefable|Moonblast|p2a: Slowking\n|-resisted|p2a: Slowking\n|-damage|p2a: Slowking|88\/100\n|\n|upkeep\n|turn|25\n|\n|t:|1700897084\n|switch|p1a: Heatran|Heatran, F|94\/100\n|move|p2a: Slowking|Chilly Reception|p2a: Slowking\n|-weather|Snow\n|\n|t:|1700897087\n|switch|p2a: Great Tusk|Great Tusk, tera:Dragon|29\/100|[from] Chilly Reception\n|\n|-weather|Snow|[upkeep]\n|-heal|p1a: Heatran|99\/100|[from] item: Leftovers\n|upkeep\n|turn|26\n|\n|t:|1700897101\n|-terastallize|p1a: Heatran|Grass\n|move|p2a: Great Tusk|Headlong Rush|p1a: Heatran\n|-resisted|p1a: Heatran\n|-damage|p1a: Heatran|75\/100\n|-unboost|p2a: Great Tusk|def|1\n|-unboost|p2a: Great Tusk|spd|1\n|move|p1a: Heatran|Magma Storm|p2a: Great Tusk|[miss]\n|-miss|p1a: Heatran|p2a: Great Tusk\n|\n|-weather|Snow|[upkeep]\n|-heal|p1a: Heatran|81\/100|[from] item: Leftovers\n|upkeep\n|turn|27\n|\n|t:|1700897110\n|switch|p1a: Clefable|Clefable, F|77\/100\n|move|p2a: Great Tusk|Close Combat|p1a: Clefable\n|-resisted|p1a: Clefable\n|-damage|p1a: Clefable|54\/100\n|-unboost|p2a: Great Tusk|def|1\n|-unboost|p2a: Great Tusk|spd|1\n|\n|-weather|Snow|[upkeep]\n|upkeep\n|turn|28\n|\n|t:|1700897117\n|-end|p2a: Great Tusk|Protosynthesis|[silent]\n|switch|p2a: Slowking|Slowking-Galar, F|100\/100\n|move|p1a: Clefable|Moonlight|p1a: Clefable\n|-heal|p1a: Clefable|78\/100\n|\n|-weather|Snow|[upkeep]\n|upkeep\n|turn|29\n|\n|t:|1700897124\n|switch|p1a: Great Tusk|Great Tusk|71\/100\n|move|p2a: Slowking|Chilly Reception|p2a: Slowking\n|\n|t:|1700897133\n|switch|p2a: Iron Moth|Iron Moth|100\/100|[from] Chilly Reception\n|-enditem|p2a: Iron Moth|Booster Energy\n|-activate|p2a: Iron Moth|ability: Quark Drive|[fromitem]\n|-start|p2a: Iron Moth|quarkdrivespe\n|\n|-weather|none\n|-heal|p1a: Great Tusk|77\/100|[from] item: Leftovers\n|upkeep\n|turn|30\n|\n|t:|1700897138\n|-end|p1a: Great Tusk|Protosynthesis|[silent]\n|switch|p1a: Heatran|Heatran, F, tera:Grass|81\/100\n|move|p2a: Iron Moth|Energy Ball|p1a: Heatran\n|-resisted|p1a: Heatran\n|-damage|p1a: Heatran|72\/100\n|\n|-heal|p1a: Heatran|78\/100|[from] item: Leftovers\n|upkeep\n|turn|31\n|\n|t:|1700897147\n|move|p2a: Iron Moth|Substitute|p2a: Iron Moth\n|-start|p2a: Iron Moth|Substitute\n|-damage|p2a: Iron Moth|76\/100\n|move|p1a: Heatran|Stealth Rock|p2a: Iron Moth\n|-sidestart|p2: Shinjou Akane|move: Stealth Rock\n|\n|-heal|p1a: Heatran|85\/100|[from] item: Leftovers\n|upkeep\n|turn|32\n|\n|t:|1700897151\n|move|p2a: Iron Moth|Sludge Wave|p1a: Heatran\n|-supereffective|p1a: Heatran\n|-damage|p1a: Heatran|27\/100\n|move|p1a: Heatran|Magma Storm|p2a: Iron Moth\n|-resisted|p2a: Iron Moth\n|-activate|p2a: Iron Moth|move: Substitute|[damage]\n|\n|-heal|p1a: Heatran|33\/100|[from] item: Leftovers\n|upkeep\n|turn|33\n|\n|t:|1700897155\n|move|p2a: Iron Moth|Sludge Wave|p1a: Heatran\n|-supereffective|p1a: Heatran\n|-damage|p1a: Heatran|0 fnt\n|faint|p1a: Heatran\n|\n|upkeep\n|\n|t:|1700897161\n|switch|p1a: Meowscarada|Meowscarada, M|56\/100\n|turn|34\n|\n|t:|1700897164\n|move|p1a: Meowscarada|U-turn|p2a: Iron Moth\n|-start|p1a: Meowscarada|typechange|Bug|[from] ability: Protean\n|-resisted|p2a: Iron Moth\n|-end|p2a: Iron Moth|Substitute\n|\n|t:|1700897167\n|switch|p1a: Clefable|Clefable, F|78\/100|[from] U-turn\n|move|p2a: Iron Moth|Substitute|p2a: Iron Moth\n|-start|p2a: Iron Moth|Substitute\n|-damage|p2a: Iron Moth|51\/100\n|\n|upkeep\n|turn|35\n|\n|t:|1700897179\n|move|p2a: Iron Moth|Fiery Dance|p1a: Clefable\n|-damage|p1a: Clefable|42\/100\n|move|p1a: Clefable|Knock Off|p2a: Iron Moth\n|-activate|p2a: Iron Moth|move: Substitute|[damage]\n|\n|upkeep\n|turn|36\n|\n|t:|1700897184\n|move|p2a: Iron Moth|Fiery Dance|p1a: Clefable\n|-damage|p1a: Clefable|6\/100\n|-boost|p2a: Iron Moth|spa|1\n|move|p1a: Clefable|Encore|p2a: Iron Moth\n|-start|p2a: Iron Moth|Encore\n|\n|upkeep\n|turn|37\n|\n|t:|1700897188\n|move|p2a: Iron Moth|Fiery Dance|p1a: Clefable\n|-damage|p1a: Clefable|0 fnt\n|faint|p1a: Clefable\n|\n|upkeep\n|\n|t:|1700897191\n|switch|p1a: Great Tusk|Great Tusk|77\/100\n|turn|38\n|\n|t:|1700897193\n|move|p2a: Iron Moth|Fiery Dance|p1a: Great Tusk\n|-damage|p1a: Great Tusk|0 fnt\n|-boost|p2a: Iron Moth|spa|1\n|faint|p1a: Great Tusk\n|-end|p1a: Great Tusk|Protosynthesis|[silent]\n|\n|upkeep\n|-message|Petenshi forfeited.\n|\n|win|Shinjou Akane\n|raw|Petenshi's rating: 1475 &rarr; <strong>1465<\/strong><br \/>(-10 for losing)\n|raw|Shinjou Akane's rating: 1665 &rarr; <strong>1675<\/strong><br \/>(+10 for winning)\n|l|\u2606Petenshi\n","uploadtime":1700897199,"views":1,"p1id":"petenshi","p2id":"shinjouakane","formatid":"gen9ou","rating":1465,"private":0,"password":""}