{"id":"gen9ou-1989812996","p1":"ratdrone","p2":"lightning081511","format":"[Gen 9] OU","log":"|j|\u2606ratdrone\n|j|\u2606lightning081511\n|t:|1699897855\n|gametype|singles\n|player|p1|ratdrone|drake-gen3|1032\n|player|p2|lightning081511|supernerd-gen1|1052\n|teamsize|p1|6\n|teamsize|p2|6\n|gen|9\n|tier|[Gen 9] OU\n|rated|\n|rule|Sleep Clause Mod: Limit one foe put to sleep\n|rule|Species Clause: Limit one of each Pok\u00e9mon\n|rule|OHKO Clause: OHKO moves are banned\n|rule|Evasion Items Clause: Evasion items are banned\n|rule|Evasion Moves Clause: Evasion moves are banned\n|rule|Endless Battle Clause: Forcing endless battles is banned\n|rule|HP Percentage Mod: HP is shown in percentages\n|clearpoke\n|poke|p1|Glimmora, F|\n|poke|p1|Cinderace, M|\n|poke|p1|Corviknight, M|\n|poke|p1|Gholdengo|\n|poke|p1|Sneasler, M|\n|poke|p1|Zoroark-Hisui, M|\n|poke|p2|Ribombee, M|\n|poke|p2|Jirachi|\n|poke|p2|Great Tusk|\n|poke|p2|Gholdengo|\n|poke|p2|Breloom, M|\n|poke|p2|Iron Moth|\n|teampreview\n|c|\u2606ratdrone|gl hf\n|\n|t:|1699897870\n|start\n|switch|p1a: Sneasler|Sneasler, M|100\/100\n|switch|p2a: Ribombee|Ribombee, M, shiny|100\/100\n|turn|1\n|\n|t:|1699897884\n|move|p2a: Ribombee|Sticky Web|p1a: Sneasler\n|-sidestart|p1: ratdrone|move: Sticky Web\n|move|p1a: Sneasler|Nasty Plot|p1a: Sneasler\n|-boost|p1a: Sneasler|spa|2\n|\n|upkeep\n|turn|2\n|\n|t:|1699897904\n|move|p2a: Ribombee|Psychic|p1a: Sneasler\n|-damage|p1a: Sneasler|57\/100\n|replace|p1a: Zoroark|Zoroark-Hisui, M\n|-end|p1a: Zoroark|Illusion\n|move|p1a: Zoroark|Dark Pulse|p2a: Ribombee\n|-resisted|p2a: Ribombee\n|-damage|p2a: Ribombee|58\/100\n|\n|upkeep\n|turn|3\n|\n|t:|1699897910\n|move|p2a: Ribombee|Stun Spore|p1a: Zoroark\n|-status|p1a: Zoroark|par\n|move|p1a: Zoroark|Bitter Malice|p2a: Ribombee\n|-crit|p2a: Ribombee\n|-damage|p2a: Ribombee|0 fnt\n|faint|p2a: Ribombee\n|\n|upkeep\n|\n|t:|1699897932\n|switch|p2a: Iron Moth|Iron Moth|100\/100\n|-enditem|p2a: Iron Moth|Booster Energy\n|-activate|p2a: Iron Moth|ability: Quark Drive|[fromitem]\n|-start|p2a: Iron Moth|quarkdrivespa\n|turn|4\n|\n|t:|1699897941\n|move|p2a: Iron Moth|Substitute|p2a: Iron Moth\n|-start|p2a: Iron Moth|Substitute\n|-damage|p2a: Iron Moth|76\/100\n|move|p1a: Zoroark|Psychic|p2a: Iron Moth\n|-supereffective|p2a: Iron Moth\n|-end|p2a: Iron Moth|Substitute\n|\n|upkeep\n|turn|5\n|\n|t:|1699897954\n|move|p2a: Iron Moth|Fiery Dance|p1a: Zoroark\n|-damage|p1a: Zoroark|0 fnt\n|-boost|p2a: Iron Moth|spa|1\n|faint|p1a: Zoroark\n|\n|upkeep\n|\n|t:|1699897960\n|switch|p1a: Glimmora|Glimmora, F|100\/100\n|-activate|p1a: Glimmora|move: Sticky Web\n|-unboost|p1a: Glimmora|spe|1\n|turn|6\n|\n|t:|1699897966\n|-terastallize|p2a: Iron Moth|Ground\n|move|p2a: Iron Moth|Tera Blast|p1a: Glimmora|[anim] Tera Blast Ground\n|-supereffective|p1a: Glimmora\n|-enditem|p1a: Glimmora|Focus Sash\n|-damage|p1a: Glimmora|1\/100\n|move|p1a: Glimmora|Spikes|p2a: Iron Moth\n|-sidestart|p2: lightning081511|Spikes\n|\n|upkeep\n|turn|7\n|\n|t:|1699897976\n|switch|p1a: Corviknight|Corviknight, M|100\/100\n|move|p2a: Iron Moth|Fiery Dance|p1a: Corviknight\n|-supereffective|p1a: Corviknight\n|-damage|p1a: Corviknight|0 fnt\n|faint|p1a: Corviknight\n|\n|upkeep\n|\n|t:|1699897987\n|switch|p1a: Cinderace|Cinderace, M|100\/100\n|-activate|p1a: Cinderace|move: Sticky Web\n|-unboost|p1a: Cinderace|spe|1\n|turn|8\n|\n|t:|1699897990\n|move|p2a: Iron Moth|Tera Blast|p1a: Cinderace|[anim] Tera Blast Ground\n|-supereffective|p1a: Cinderace\n|-damage|p1a: Cinderace|0 fnt\n|faint|p1a: Cinderace\n|\n|upkeep\n|\n|t:|1699897995\n|switch|p1a: Glimmora|Glimmora, F|1\/100\n|-activate|p1a: Glimmora|move: Sticky Web\n|-unboost|p1a: Glimmora|spe|1\n|turn|9\n|\n|t:|1699898000\n|move|p2a: Iron Moth|Fiery Dance|p1a: Glimmora\n|-resisted|p1a: Glimmora\n|-damage|p1a: Glimmora|0 fnt\n|-boost|p2a: Iron Moth|spa|1\n|faint|p1a: Glimmora\n|\n|upkeep\n|\n|t:|1699898009\n|switch|p1a: Sneasler|Sneasler, M|100\/100\n|-activate|p1a: Sneasler|move: Sticky Web\n|-unboost|p1a: Sneasler|spe|1\n|turn|10\n|\n|t:|1699898019\n|-terastallize|p1a: Sneasler|Dark\n|move|p2a: Iron Moth|Tera Blast|p1a: Sneasler|[anim] Tera Blast Ground\n|-damage|p1a: Sneasler|0 fnt\n|faint|p1a: Sneasler\n|\n|upkeep\n|\n|t:|1699898024\n|switch|p1a: Gholdengo|Gholdengo|100\/100\n|-item|p1a: Gholdengo|Air Balloon\n|turn|11\n|\n|t:|1699898028\n|move|p2a: Iron Moth|Fiery Dance|p1a: Gholdengo\n|-supereffective|p1a: Gholdengo\n|-damage|p1a: Gholdengo|0 fnt\n|-enditem|p1a: Gholdengo|Air Balloon\n|faint|p1a: Gholdengo\n|\n|win|lightning081511\n|raw|ratdrone's rating: 1032 &rarr; <strong>1018<\/strong><br \/>(-14 for losing)\n|raw|lightning081511's rating: 1052 &rarr; <strong>1082<\/strong><br \/>(+30 for winning)\n|c|\u2606ratdrone|gg\n|c|\u2606lightning081511|gg\n|l|\u2606ratdrone\n","uploadtime":1699898036,"views":12,"p1id":"ratdrone","p2id":"lightning081511","formatid":"gen9ou","rating":1018,"private":0,"password":""}