{"id":"gen9ou-1989114162","p1":"ze xauk","p2":"HEAVY-DUTY B0OTY","format":"[Gen 9] OU","log":"|j|\u2606ze xauk\n|j|\u2606HEAVY-DUTY B0OTY\n|inactive|Battle timer is ON: inactive players will automatically lose when time's up.\n|t:|1699813735\n|gametype|singles\n|player|p1|ze xauk|cheren-gen5bw2|\n|player|p2|HEAVY-DUTY B0OTY|swimmerf-gen6|\n|teamsize|p1|6\n|teamsize|p2|6\n|gen|9\n|tier|[Gen 9] OU\n|rated|Tournament battle\n|rule|Sleep Clause Mod: Limit one foe put to sleep\n|rule|Species Clause: Limit one of each Pok\u00e9mon\n|rule|OHKO Clause: OHKO moves are banned\n|rule|Evasion Items Clause: Evasion items are banned\n|rule|Evasion Moves Clause: Evasion moves are banned\n|rule|Endless Battle Clause: Forcing endless battles is banned\n|rule|HP Percentage Mod: HP is shown in percentages\n|clearpoke\n|poke|p1|Goodra-Hisui, M|\n|poke|p1|Komala, M|\n|poke|p1|Fezandipiti, M|\n|poke|p1|Overqwil, M|\n|poke|p1|Cloyster, F|\n|poke|p1|Inteleon, M|\n|poke|p2|Goodra-Hisui, M|\n|poke|p2|Komala, F|\n|poke|p2|Fezandipiti, M|\n|poke|p2|Overqwil, F|\n|poke|p2|Cloyster, M|\n|poke|p2|Inteleon, M|\n|teampreview\n|j|*Lady Monita \u2746\n|c|\u2606HEAVY-DUTY B0OTY|hf\n|j| brodiewhat\n|c|\u2606ze xauk|glhf\n|\n|t:|1699813748\n|start\n|switch|p1a: Komala|Komala, M|100\/100\n|switch|p2a: Overqwil|Overqwil, F|100\/100\n|-ability|p2a: Overqwil|Intimidate|boost\n|-unboost|p1a: Komala|atk|1\n|-ability|p1a: Komala|Comatose\n|turn|1\n|\n|t:|1699813755\n|move|p2a: Overqwil|Spikes|p1a: Komala\n|-sidestart|p1: ze xauk|Spikes\n|move|p1a: Komala|U-turn|p2a: Overqwil\n|-damage|p2a: Overqwil|76\/100\n|\n|t:|1699813762\n|switch|p1a: Inteleon|Inteleon, M|100\/100|[from] U-turn\n|-damage|p1a: Inteleon|88\/100|[from] Spikes\n|\n|upkeep\n|turn|2\n|\n|t:|1699813773\n|switch|p2a: Komala|Komala, F|100\/100\n|-ability|p2a: Komala|Comatose\n|move|p1a: Inteleon|Surf|p2a: Komala\n|-damage|p2a: Komala|67\/100\n|\n|upkeep\n|turn|3\n|\n|t:|1699813780\n|switch|p1a: Overqwil|Overqwil, M|100\/100\n|-damage|p1a: Overqwil|88\/100|[from] Spikes\n|-ability|p1a: Overqwil|Intimidate|boost\n|-unboost|p2a: Komala|atk|1\n|move|p2a: Komala|Earthquake|p1a: Overqwil\n|-supereffective|p1a: Overqwil\n|-damage|p1a: Overqwil|46\/100\n|\n|upkeep\n|turn|4\n|\n|t:|1699813794\n|switch|p1a: Komala|Komala, M|100\/100\n|-damage|p1a: Komala|88\/100|[from] Spikes\n|-ability|p1a: Komala|Comatose\n|switch|p2a: Overqwil|Overqwil, F|76\/100\n|-ability|p2a: Overqwil|Intimidate|boost\n|-unboost|p1a: Komala|atk|1\n|\n|upkeep\n|turn|5\n|\n|t:|1699813797\n|move|p2a: Overqwil|Spikes|p1a: Komala\n|-sidestart|p1: ze xauk|Spikes\n|move|p1a: Komala|Earthquake|p2a: Overqwil\n|-supereffective|p2a: Overqwil\n|-damage|p2a: Overqwil|13\/100\n|-enditem|p2a: Overqwil|Sitrus Berry|[eat]\n|-heal|p2a: Overqwil|38\/100|[from] item: Sitrus Berry\n|\n|upkeep\n|turn|6\n|\n|t:|1699813801\n|move|p2a: Overqwil|Destiny Bond|p2a: Overqwil\n|-singlemove|p2a: Overqwil|Destiny Bond\n|move|p1a: Komala|Earthquake|p2a: Overqwil\n|-supereffective|p2a: Overqwil\n|-damage|p2a: Overqwil|0 fnt\n|faint|p2a: Overqwil\n|-activate|p2a: Overqwil|move: Destiny Bond\n|faint|p1a: Komala\n|\n|upkeep\n|\n|t:|1699813808\n|switch|p2a: Fezandipiti|Fezandipiti, M|100\/100\n|switch|p1a: Overqwil|Overqwil, M|46\/100\n|-damage|p1a: Overqwil|29\/100|[from] Spikes\n|-ability|p1a: Overqwil|Intimidate|boost\n|-unboost|p2a: Fezandipiti|atk|1\n|turn|7\n|\n|t:|1699813812\n|move|p2a: Fezandipiti|Play Rough|p1a: Overqwil\n|-damage|p1a: Overqwil|11\/100\n|-damage|p2a: Fezandipiti|84\/100|[from] item: Rocky Helmet|[of] p1a: Overqwil\n|move|p1a: Overqwil|Destiny Bond|p1a: Overqwil\n|-singlemove|p1a: Overqwil|Destiny Bond\n|\n|upkeep\n|turn|8\n|j| mr.pickup\n|\n|t:|1699813820\n|move|p2a: Fezandipiti|Tailwind|p2a: Fezandipiti\n|-sidestart|p2: HEAVY-DUTY B0OTY|move: Tailwind\n|move|p1a: Overqwil|Spikes|p2a: Fezandipiti\n|-sidestart|p2: HEAVY-DUTY B0OTY|Spikes\n|\n|upkeep\n|turn|9\n|l| mr.pickup\n|\n|t:|1699813824\n|move|p2a: Fezandipiti|Play Rough|p1a: Overqwil\n|-damage|p1a: Overqwil|0 fnt\n|-damage|p2a: Fezandipiti|68\/100|[from] item: Rocky Helmet|[of] p1a: Overqwil\n|faint|p1a: Overqwil\n|\n|upkeep\n|j| WafflyWaff\n|\n|t:|1699813832\n|switch|p1a: Fezandipiti|Fezandipiti, M|100\/100\n|-damage|p1a: Fezandipiti|84\/100|[from] Spikes\n|turn|10\n|\n|t:|1699813836\n|move|p2a: Fezandipiti|Poison Jab|p1a: Fezandipiti\n|-damage|p1a: Fezandipiti|63\/100\n|move|p1a: Fezandipiti|Poison Jab|p2a: Fezandipiti\n|-damage|p2a: Fezandipiti|38\/100\n|-enditem|p2a: Fezandipiti|Sitrus Berry|[eat]\n|-heal|p2a: Fezandipiti|63\/100|[from] item: Sitrus Berry\n|\n|upkeep\n|turn|11\n|\n|t:|1699813844\n|switch|p2a: Goodra|Goodra-Hisui, M|100\/100\n|-damage|p2a: Goodra|88\/100|[from] Spikes\n|move|p1a: Fezandipiti|Poison Jab|p2a: Goodra\n|-immune|p2a: Goodra\n|\n|-sideend|p2: HEAVY-DUTY B0OTY|move: Tailwind\n|upkeep\n|turn|12\n|\n|t:|1699813848\n|switch|p1a: Goodra|Goodra-Hisui, M|100\/100\n|-damage|p1a: Goodra|84\/100|[from] Spikes\n|move|p2a: Goodra|Acid Armor|p2a: Goodra\n|-boost|p2a: Goodra|def|2\n|\n|upkeep\n|turn|13\n|\n|t:|1699813850\n|move|p2a: Goodra|Body Press|p1a: Goodra\n|-supereffective|p1a: Goodra\n|-damage|p1a: Goodra|4\/100\n|-ability|p1a: Goodra|Gooey\n|-unboost|p2a: Goodra|spe|1\n|move|p1a: Goodra|Dragon Tail|p2a: Goodra\n|-damage|p2a: Goodra|78\/100\n|-ability|p2a: Goodra|Gooey\n|-unboost|p1a: Goodra|spe|1\n|drag|p2a: Fezandipiti|Fezandipiti, M|63\/100\n|-damage|p2a: Fezandipiti|51\/100|[from] Spikes\n|\n|upkeep\n|turn|14\n|\n|t:|1699813858\n|move|p2a: Fezandipiti|Play Rough|p1a: Goodra\n|-damage|p1a: Goodra|0 fnt\n|-ability|p1a: Goodra|Gooey\n|-unboost|p2a: Fezandipiti|spe|1\n|faint|p1a: Goodra\n|\n|upkeep\n|\n|t:|1699813859\n|switch|p1a: Cloyster|Cloyster, F|100\/100\n|-damage|p1a: Cloyster|84\/100|[from] Spikes\n|turn|15\n|\n|t:|1699813862\n|move|p1a: Cloyster|Shell Smash|p1a: Cloyster\n|-unboost|p1a: Cloyster|def|1\n|-unboost|p1a: Cloyster|spd|1\n|-boost|p1a: Cloyster|atk|2\n|-boost|p1a: Cloyster|spa|2\n|-boost|p1a: Cloyster|spe|2\n|-enditem|p1a: Cloyster|White Herb\n|-clearnegativeboost|p1a: Cloyster|[silent]\n|move|p2a: Fezandipiti|Tailwind|p2a: Fezandipiti\n|-sidestart|p2: HEAVY-DUTY B0OTY|move: Tailwind\n|\n|upkeep\n|turn|16\n|\n|t:|1699813869\n|move|p1a: Cloyster|Icicle Spear|p2a: Fezandipiti\n|-damage|p2a: Fezandipiti|27\/100\n|-damage|p2a: Fezandipiti|5\/100\n|-damage|p2a: Fezandipiti|0 fnt\n|faint|p2a: Fezandipiti\n|-hitcount|p2: Fezandipiti|3\n|\n|upkeep\n|inactive|HEAVY-DUTY B0OTY has 120 seconds left.\n|\n|t:|1699813918\n|switch|p2a: Inteleon|Inteleon, M|100\/100\n|-damage|p2a: Inteleon|88\/100|[from] Spikes\n|turn|17\n|\n|t:|1699813924\n|-terastallize|p2a: Inteleon|Grass\n|move|p2a: Inteleon|Tera Blast|p1a: Cloyster|[anim] Tera Blast Grass\n|-supereffective|p1a: Cloyster\n|-damage|p1a: Cloyster|0 fnt\n|faint|p1a: Cloyster\n|\n|upkeep\n|\n|t:|1699813928\n|switch|p1a: Fezandipiti|Fezandipiti, M|63\/100\n|-damage|p1a: Fezandipiti|47\/100|[from] Spikes\n|turn|18\n|\n|t:|1699813930\n|move|p2a: Inteleon|Snipe Shot|p1a: Fezandipiti\n|-damage|p1a: Fezandipiti|11\/100\n|move|p1a: Fezandipiti|Poison Jab|p2a: Inteleon\n|-supereffective|p2a: Inteleon\n|-damage|p2a: Inteleon|0 fnt\n|faint|p2a: Inteleon\n|\n|-sideend|p2: HEAVY-DUTY B0OTY|move: Tailwind\n|upkeep\n|\n|t:|1699813938\n|switch|p2a: Cloyster|Cloyster, M|100\/100\n|-damage|p2a: Cloyster|88\/100|[from] Spikes\n|turn|19\n|\n|t:|1699813940\n|move|p1a: Fezandipiti|Poison Jab|p2a: Cloyster\n|-damage|p2a: Cloyster|61\/100\n|-status|p2a: Cloyster|psn\n|move|p2a: Cloyster|Shell Smash|p2a: Cloyster\n|-unboost|p2a: Cloyster|def|1\n|-unboost|p2a: Cloyster|spd|1\n|-boost|p2a: Cloyster|atk|2\n|-boost|p2a: Cloyster|spa|2\n|-boost|p2a: Cloyster|spe|2\n|\n|-damage|p2a: Cloyster|48\/100 psn|[from] psn\n|upkeep\n|turn|20\n|\n|t:|1699813944\n|move|p2a: Cloyster|Icicle Spear|p1a: Fezandipiti\n|-damage|p1a: Fezandipiti|0 fnt\n|faint|p1a: Fezandipiti\n|-hitcount|p1: Fezandipiti|1\n|\n|-damage|p2a: Cloyster|36\/100 psn|[from] psn\n|upkeep\n|\n|t:|1699813946\n|switch|p1a: Inteleon|Inteleon, M|88\/100\n|-damage|p1a: Inteleon|72\/100|[from] Spikes\n|turn|21\n|\n|t:|1699813952\n|-terastallize|p1a: Inteleon|Ground\n|move|p1a: Inteleon|Tera Blast|p2a: Cloyster|[anim] Tera Blast Ground\n|-damage|p2a: Cloyster|0 fnt\n|faint|p2a: Cloyster\n|\n|upkeep\n|\n|t:|1699813958\n|switch|p2a: Komala|Komala, F|67\/100\n|-damage|p2a: Komala|55\/100|[from] Spikes\n|-ability|p2a: Komala|Comatose\n|turn|22\n|\n|t:|1699813963\n|move|p1a: Inteleon|Tera Blast|p2a: Komala|[anim] Tera Blast Ground\n|-crit|p2a: Komala\n|-damage|p2a: Komala|13\/100\n|move|p2a: Komala|Body Slam|p1a: Inteleon\n|-damage|p1a: Inteleon|0 fnt\n|faint|p1a: Inteleon\n|\n|win|HEAVY-DUTY B0OTY\n|n|\u2606ze xauk|zexauk\n|n|\u2606HEAVY-DUTY B0OTY|heavydutyb0oty\n|n|*Lady Monita \u2746|ladymonita\n|n| brodiewhat|brodiewhat\n|n| WafflyWaff|wafflywaff\n","uploadtime":1699813964,"views":10,"p1id":"zexauk","p2id":"heavydutyb0oty","formatid":"gen9ou","rating":0,"private":0,"password":""}