{"id":"gen9ou-1994597391","p1":"Bakitaladelbarrio","p2":"CyberH3","format":"[Gen 9] OU","log":"|j|\u2606Bakitaladelbarrio\n|j|\u2606CyberH3\n|t:|1700466714\n|gametype|singles\n|player|p1|Bakitaladelbarrio|colress|1446\n|player|p2|CyberH3|mars|1456\n|teamsize|p1|6\n|teamsize|p2|6\n|gen|9\n|tier|[Gen 9] OU\n|rated|\n|rule|Sleep Clause Mod: Limit one foe put to sleep\n|rule|Species Clause: Limit one of each Pok\u00e9mon\n|rule|OHKO Clause: OHKO moves are banned\n|rule|Evasion Items Clause: Evasion items are banned\n|rule|Evasion Moves Clause: Evasion moves are banned\n|rule|Endless Battle Clause: Forcing endless battles is banned\n|rule|HP Percentage Mod: HP is shown in percentages\n|clearpoke\n|poke|p1|Okidogi, M|\n|poke|p1|Corviknight, M|\n|poke|p1|Hoopa-Unbound|\n|poke|p1|Sinistcha-Masterpiece|\n|poke|p1|Cinderace, M|\n|poke|p1|Slowking-Galar, F|\n|poke|p2|Goodra-Hisui, M|\n|poke|p2|Scizor, F|\n|poke|p2|Mimikyu, F|\n|poke|p2|Iron Valiant|\n|poke|p2|Talonflame, F|\n|poke|p2|Lokix, M|\n|teampreview\n|inactive|Battle timer is ON: inactive players will automatically lose when time's up. (requested by Bakitaladelbarrio)\n|\n|t:|1700466723\n|start\n|switch|p1a: Cinderace|Cinderace, M|100\/100\n|switch|p2a: Morf LeRosh|Lokix, M|100\/100\n|turn|1\n|\n|t:|1700466730\n|switch|p2a: The XO|Talonflame, F|100\/100\n|move|p1a: Cinderace|Pyro Ball|p2a: The XO\n|-resisted|p2a: The XO\n|-damage|p2a: The XO|56\/100\n|\n|-heal|p2a: The XO|62\/100|[from] item: Leftovers\n|upkeep\n|turn|2\n|\n|t:|1700466749\n|switch|p1a: Hoopa|Hoopa-Unbound|100\/100\n|move|p2a: The XO|Brave Bird|p1a: Hoopa\n|-damage|p1a: Hoopa|26\/100\n|-damage|p2a: The XO|37\/100|[from] Recoil\n|\n|-heal|p2a: The XO|43\/100|[from] item: Leftovers\n|upkeep\n|turn|3\n|\n|t:|1700466772\n|switch|p1a: Slowking|Slowking-Galar, F|100\/100\n|move|p2a: The XO|Flare Blitz|p1a: Slowking\n|-damage|p1a: Slowking|53\/100\n|-damage|p2a: The XO|22\/100|[from] Recoil\n|\n|-heal|p2a: The XO|28\/100|[from] item: Leftovers\n|upkeep\n|turn|4\n|\n|t:|1700466781\n|move|p2a: The XO|Taunt|p1a: Slowking\n|-start|p1a: Slowking|move: Taunt\n|move|p1a: Slowking|Sludge Bomb|p2a: The XO\n|-damage|p2a: The XO|0 fnt\n|faint|p2a: The XO\n|\n|upkeep\n|\n|t:|1700466785\n|switch|p2a: Eat With Scissors|Scizor, F|100\/100\n|turn|5\n|\n|t:|1700466793\n|switch|p1a: Corviknight|Corviknight, M|100\/100\n|-ability|p1a: Corviknight|Pressure\n|move|p2a: Eat With Scissors|Knock Off|p1a: Corviknight\n|-damage|p1a: Corviknight|73\/100\n|-enditem|p1a: Corviknight|Leftovers|[from] move: Knock Off|[of] p2a: Eat With Scissors\n|-damage|p2a: Eat With Scissors|91\/100|[from] item: Life Orb\n|\n|upkeep\n|turn|6\n|\n|t:|1700466803\n|move|p1a: Corviknight|U-turn|p2a: Eat With Scissors\n|-resisted|p2a: Eat With Scissors\n|-damage|p2a: Eat With Scissors|83\/100\n|\n|t:|1700466806\n|switch|p1a: Cinderace|Cinderace, M|100\/100|[from] U-turn\n|move|p2a: Eat With Scissors|U-turn|p1a: Cinderace\n|-resisted|p1a: Cinderace\n|-crit|p1a: Cinderace\n|-damage|p1a: Cinderace|43\/100\n|-damage|p2a: Eat With Scissors|73\/100|[from] item: Life Orb\n|\n|t:|1700466810\n|switch|p2a: Morf LeRosh|Lokix, M|100\/100|[from] U-turn\n|\n|upkeep\n|turn|7\n|\n|t:|1700466817\n|switch|p1a: Corviknight|Corviknight, M|73\/100\n|-ability|p1a: Corviknight|Pressure\n|move|p2a: Morf LeRosh|First Impression|p1a: Corviknight\n|-resisted|p1a: Corviknight\n|-damage|p1a: Corviknight|58\/100\n|-damage|p2a: Morf LeRosh|91\/100|[from] item: Life Orb\n|\n|upkeep\n|turn|8\n|\n|t:|1700466828\n|move|p2a: Morf LeRosh|U-turn|p1a: Corviknight\n|-resisted|p1a: Corviknight\n|-damage|p1a: Corviknight|46\/100\n|-damage|p2a: Morf LeRosh|81\/100|[from] item: Life Orb\n|\n|t:|1700466832\n|switch|p2a: Eat With Scissors|Scizor, F|73\/100|[from] U-turn\n|move|p1a: Corviknight|Roost|p1a: Corviknight\n|-heal|p1a: Corviknight|96\/100\n|-singleturn|p1a: Corviknight|move: Roost\n|\n|upkeep\n|turn|9\n|\n|t:|1700466840\n|move|p1a: Corviknight|Brave Bird|p2a: Eat With Scissors\n|-damage|p2a: Eat With Scissors|40\/100\n|-damage|p1a: Corviknight|86\/100|[from] Recoil\n|move|p2a: Eat With Scissors|Close Combat|p1a: Corviknight\n|-damage|p1a: Corviknight|52\/100\n|-unboost|p2a: Eat With Scissors|def|1\n|-unboost|p2a: Eat With Scissors|spd|1\n|-damage|p2a: Eat With Scissors|30\/100|[from] item: Life Orb\n|\n|upkeep\n|turn|10\n|\n|t:|1700466851\n|switch|p2a: Snailtare|Goodra-Hisui, M|100\/100\n|move|p1a: Corviknight|Roost|p1a: Corviknight\n|-heal|p1a: Corviknight|100\/100\n|-singleturn|p1a: Corviknight|move: Roost\n|\n|upkeep\n|turn|11\n|\n|t:|1700466860\n|switch|p1a: Slowking|Slowking-Galar, F|86\/100\n|move|p2a: Snailtare|Flamethrower|p1a: Slowking\n|-damage|p1a: Slowking|68\/100\n|-status|p1a: Slowking|brn\n|\n|-damage|p1a: Slowking|62\/100 brn|[from] brn\n|upkeep\n|turn|12\n|\n|t:|1700466870\n|move|p2a: Snailtare|Draco Meteor|p1a: Slowking\n|-damage|p1a: Slowking|26\/100 brn\n|-unboost|p2a: Snailtare|spa|2\n|move|p1a: Slowking|Chilly Reception|p1a: Slowking\n|-weather|Snow\n|\n|t:|1700466878\n|switch|p1a: Hoopa|Hoopa-Unbound|26\/100|[from] Chilly Reception\n|\n|-weather|Snow|[upkeep]\n|upkeep\n|turn|13\n|\n|t:|1700466885\n|move|p2a: Snailtare|Protect|p2a: Snailtare\n|-singleturn|p2a: Snailtare|Protect\n|move|p1a: Hoopa|Knock Off|p2a: Snailtare\n|-activate|p2a: Snailtare|move: Protect\n|\n|-weather|Snow|[upkeep]\n|upkeep\n|turn|14\n|\n|t:|1700466892\n|switch|p2a: Eat With Scissors|Scizor, F|30\/100\n|move|p1a: Hoopa|Knock Off|p2a: Eat With Scissors\n|-damage|p2a: Eat With Scissors|0 fnt\n|-enditem|p2a: Eat With Scissors|Life Orb|[from] move: Knock Off|[of] p1a: Hoopa\n|faint|p2a: Eat With Scissors\n|\n|-weather|Snow|[upkeep]\n|upkeep\n|\n|t:|1700466894\n|switch|p2a: Morf LeRosh|Lokix, M|81\/100\n|turn|15\n|\n|t:|1700466903\n|switch|p1a: Corviknight|Corviknight, M|100\/100\n|-ability|p1a: Corviknight|Pressure\n|move|p2a: Morf LeRosh|U-turn|p1a: Corviknight\n|-resisted|p1a: Corviknight\n|-damage|p1a: Corviknight|88\/100\n|-damage|p2a: Morf LeRosh|71\/100|[from] item: Life Orb\n|\n|t:|1700466907\n|switch|p2a: R-TRUS|Iron Valiant|100\/100|[from] U-turn\n|-enditem|p2a: R-TRUS|Booster Energy\n|-activate|p2a: R-TRUS|ability: Quark Drive|[fromitem]\n|-start|p2a: R-TRUS|quarkdrivespe\n|\n|-weather|Snow|[upkeep]\n|upkeep\n|turn|16\n|\n|t:|1700466918\n|move|p2a: R-TRUS|Thunderbolt|p1a: Corviknight\n|-supereffective|p1a: Corviknight\n|-damage|p1a: Corviknight|32\/100\n|move|p1a: Corviknight|Brave Bird|p2a: R-TRUS\n|-supereffective|p2a: R-TRUS\n|-crit|p2a: R-TRUS\n|-damage|p2a: R-TRUS|0 fnt\n|faint|p2a: R-TRUS\n|-end|p2a: R-TRUS|Quark Drive|[silent]\n|-damage|p1a: Corviknight|8\/100|[from] Recoil\n|\n|-weather|none\n|upkeep\n|\n|t:|1700466934\n|switch|p2a: Morf LeRosh|Lokix, M|71\/100\n|turn|17\n|\n|t:|1700466939\n|switch|p1a: Okidogi|Okidogi, M|100\/100\n|move|p2a: Morf LeRosh|First Impression|p1a: Okidogi\n|-resisted|p1a: Okidogi\n|-damage|p1a: Okidogi|80\/100\n|-damage|p2a: Morf LeRosh|61\/100|[from] item: Life Orb\n|\n|-heal|p1a: Okidogi|86\/100|[from] item: Leftovers\n|upkeep\n|turn|18\n|\n|t:|1700466949\n|move|p2a: Morf LeRosh|Knock Off|p1a: Okidogi\n|-resisted|p1a: Okidogi\n|-damage|p1a: Okidogi|39\/100\n|-enditem|p1a: Okidogi|Leftovers|[from] move: Knock Off|[of] p2a: Morf LeRosh\n|-damage|p2a: Morf LeRosh|51\/100|[from] item: Life Orb\n|move|p1a: Okidogi|Bulk Up|p1a: Okidogi\n|-boost|p1a: Okidogi|atk|1\n|-boost|p1a: Okidogi|def|1\n|\n|upkeep\n|turn|19\n|\n|t:|1700466962\n|move|p2a: Morf LeRosh|U-turn|p1a: Okidogi\n|-resisted|p1a: Okidogi\n|-damage|p1a: Okidogi|28\/100\n|-damage|p2a: Morf LeRosh|41\/100|[from] item: Life Orb\n|\n|t:|1700466965\n|switch|p2a: Snailtare|Goodra-Hisui, M|100\/100|[from] U-turn\n|move|p1a: Okidogi|Drain Punch|p2a: Snailtare\n|-supereffective|p2a: Snailtare\n|-damage|p2a: Snailtare|0 fnt\n|-heal|p1a: Okidogi|76\/100|[from] drain|[of] p2a: Snailtare\n|faint|p2a: Snailtare\n|\n|upkeep\n|\n|t:|1700466976\n|switch|p2a: Morf LeRosh|Lokix, M|41\/100\n|turn|20\n|\n|t:|1700466979\n|move|p2a: Morf LeRosh|First Impression|p1a: Okidogi\n|-resisted|p1a: Okidogi\n|-damage|p1a: Okidogi|62\/100\n|-damage|p2a: Morf LeRosh|31\/100|[from] item: Life Orb\n|move|p1a: Okidogi|Drain Punch|p2a: Morf LeRosh\n|-damage|p2a: Morf LeRosh|0 fnt\n|-heal|p1a: Okidogi|73\/100|[from] drain|[of] p2a: Morf LeRosh\n|faint|p2a: Morf LeRosh\n|\n|upkeep\n|\n|t:|1700466984\n|switch|p2a: OHAYOLLIE|Mimikyu, F|100\/100\n|turn|21\n|\n|t:|1700466992\n|move|p2a: OHAYOLLIE|Swords Dance|p2a: OHAYOLLIE\n|-boost|p2a: OHAYOLLIE|atk|2\n|move|p1a: Okidogi|Knock Off|p2a: OHAYOLLIE\n|-activate|p2a: OHAYOLLIE|ability: Disguise\n|-damage|p2a: OHAYOLLIE|100\/100\n|-enditem|p2a: OHAYOLLIE|Life Orb|[from] move: Knock Off|[of] p1a: Okidogi\n|detailschange|p2a: OHAYOLLIE|Mimikyu-Busted, F\n|-damage|p2a: OHAYOLLIE|88\/100|[from] pokemon: Mimikyu-Busted\n|\n|upkeep\n|turn|22\n|\n|t:|1700467005\n|move|p2a: OHAYOLLIE|Play Rough|p1a: Okidogi\n|-damage|p1a: Okidogi|36\/100\n|move|p1a: Okidogi|Knock Off|p2a: OHAYOLLIE\n|-damage|p2a: OHAYOLLIE|35\/100\n|-status|p2a: OHAYOLLIE|tox|[from] ability: Toxic Chain|[of] p1a: Okidogi\n|\n|-damage|p2a: OHAYOLLIE|29\/100 tox|[from] psn\n|upkeep\n|turn|23\n|\n|t:|1700467015\n|move|p2a: OHAYOLLIE|Play Rough|p1a: Okidogi\n|-damage|p1a: Okidogi|0 fnt\n|faint|p1a: Okidogi\n|\n|-damage|p2a: OHAYOLLIE|17\/100 tox|[from] psn\n|upkeep\n|\n|t:|1700467024\n|switch|p1a: Corviknight|Corviknight, M|8\/100\n|-ability|p1a: Corviknight|Pressure\n|turn|24\n|\n|t:|1700467028\n|move|p2a: OHAYOLLIE|Drain Punch|p1a: Corviknight\n|-damage|p1a: Corviknight|0 fnt\n|-heal|p2a: OHAYOLLIE|23\/100 tox|[from] drain|[of] p1a: Corviknight\n|faint|p1a: Corviknight\n|\n|-damage|p2a: OHAYOLLIE|5\/100 tox|[from] psn\n|upkeep\n|\n|t:|1700467036\n|switch|p1a: Cinderace|Cinderace, M|43\/100\n|turn|25\n|\n|t:|1700467043\n|move|p1a: Cinderace|Sucker Punch|p2a: OHAYOLLIE\n|-start|p1a: Cinderace|typechange|Dark|[from] ability: Libero\n|-damage|p2a: OHAYOLLIE|0 fnt\n|faint|p2a: OHAYOLLIE\n|\n|win|Bakitaladelbarrio\n|raw|Bakitaladelbarrio's rating: 1446 &rarr; <strong>1467<\/strong><br \/>(+21 for winning)\n|raw|CyberH3's rating: 1456 &rarr; <strong>1435<\/strong><br \/>(-21 for losing)\n|c|\u2606CyberH3|gg\n|l|\u2606CyberH3\n","uploadtime":1700467051,"views":10,"p1id":"bakitaladelbarrio","p2id":"cyberh3","formatid":"gen9ou","rating":1435,"private":0,"password":""}