{"id":"gen9ou-1994124057","p1":"Pokrunk","p2":"outdated ahh team","format":"[Gen 9] OU","log":"|j|\u2606Pokrunk\n|j|\u2606outdated ahh team\n|t:|1700409719\n|gametype|singles\n|player|p1|Pokrunk|red-gen1rb|1486\n|player|p2|outdated ahh team|bruno-gen2|1641\n|teamsize|p1|6\n|teamsize|p2|6\n|gen|9\n|tier|[Gen 9] OU\n|rated|\n|rule|Sleep Clause Mod: Limit one foe put to sleep\n|rule|Species Clause: Limit one of each Pok\u00e9mon\n|rule|OHKO Clause: OHKO moves are banned\n|rule|Evasion Items Clause: Evasion items are banned\n|rule|Evasion Moves Clause: Evasion moves are banned\n|rule|Endless Battle Clause: Forcing endless battles is banned\n|rule|HP Percentage Mod: HP is shown in percentages\n|clearpoke\n|poke|p1|Kleavor, F|\n|poke|p1|Gholdengo|\n|poke|p1|Garchomp, F|\n|poke|p1|Alomomola, M|\n|poke|p1|Greninja-*, M|\n|poke|p1|Sneasler, M|\n|poke|p2|Kingambit, M|\n|poke|p2|Ogerpon-Wellspring, F|\n|poke|p2|Hoopa-Unbound|\n|poke|p2|Iron Valiant|\n|poke|p2|Arcanine-Hisui, F|\n|poke|p2|Great Tusk|\n|teampreview\n|inactive|Battle timer is ON: inactive players will automatically lose when time's up. (requested by outdated ahh team)\n|inactive|outdated ahh team has 120 seconds left.\n|\n|t:|1700409771\n|start\n|switch|p1a: Kleavor|Kleavor, F|100\/100\n|switch|p2a: Alpha \ud83d\udc15|Arcanine-Hisui, F|100\/100\n|turn|1\n|\n|t:|1700409774\n|move|p2a: Alpha \ud83d\udc15|Flare Blitz|p1a: Kleavor\n|-damage|p1a: Kleavor|26\/100\n|move|p1a: Kleavor|Stone Axe|p2a: Alpha \ud83d\udc15\n|-supereffective|p2a: Alpha \ud83d\udc15\n|-enditem|p2a: Alpha \ud83d\udc15|Focus Sash\n|-damage|p2a: Alpha \ud83d\udc15|1\/100\n|-sidestart|p2: outdated ahh team|move: Stealth Rock\n|\n|upkeep\n|turn|2\n|\n|t:|1700409778\n|switch|p1a: Alomomola|Alomomola, M|100\/100\n|move|p2a: Alpha \ud83d\udc15|Flare Blitz|p1a: Alomomola\n|-resisted|p1a: Alomomola\n|-damage|p1a: Alomomola|85\/100\n|-damage|p2a: Alpha \ud83d\udc15|0 fnt|[from] item: Rocky Helmet|[of] p1a: Alomomola\n|faint|p2a: Alpha \ud83d\udc15\n|\n|upkeep\n|\n|t:|1700409781\n|switch|p2a: Tuskuthy the Great|Great Tusk|100\/100\n|turn|3\n|\n|t:|1700409783\n|move|p2a: Tuskuthy the Great|Rapid Spin|p1a: Alomomola\n|-damage|p1a: Alomomola|75\/100\n|-boost|p2a: Tuskuthy the Great|spe|1\n|-damage|p2a: Tuskuthy the Great|84\/100|[from] item: Rocky Helmet|[of] p1a: Alomomola\n|-sideend|p2: outdated ahh team|Stealth Rock|[from] move: Rapid Spin|[of] p2a: Tuskuthy the Great\n|move|p1a: Alomomola|Scald|p2a: Tuskuthy the Great\n|-supereffective|p2a: Tuskuthy the Great\n|-damage|p2a: Tuskuthy the Great|45\/100\n|-status|p2a: Tuskuthy the Great|brn\n|\n|-damage|p2a: Tuskuthy the Great|39\/100 brn|[from] brn\n|upkeep\n|turn|4\n|\n|t:|1700409786\n|move|p2a: Tuskuthy the Great|Knock Off|p1a: Alomomola\n|-damage|p1a: Alomomola|65\/100\n|-damage|p2a: Tuskuthy the Great|22\/100 brn|[from] item: Rocky Helmet|[of] p1a: Alomomola\n|-enditem|p1a: Alomomola|Rocky Helmet|[from] move: Knock Off|[of] p2a: Tuskuthy the Great\n|move|p1a: Alomomola|Flip Turn|p2a: Tuskuthy the Great\n|-supereffective|p2a: Tuskuthy the Great\n|-damage|p2a: Tuskuthy the Great|0 fnt\n|faint|p2a: Tuskuthy the Great\n|-end|p2a: Tuskuthy the Great|Protosynthesis|[silent]\n|\n|t:|1700409790\n|switch|p1a: Sneasler|Sneasler, M|100\/100|[from] Flip Turn\n|\n|upkeep\n|\n|t:|1700409806\n|switch|p2a: Alisa Bosconovitch|Iron Valiant|100\/100\n|turn|5\n|\n|t:|1700409813\n|move|p1a: Sneasler|Dire Claw|p2a: Alisa Bosconovitch\n|-supereffective|p2a: Alisa Bosconovitch\n|-enditem|p2a: Alisa Bosconovitch|Focus Sash\n|-damage|p2a: Alisa Bosconovitch|1\/100\n|-status|p2a: Alisa Bosconovitch|slp\n|cant|p2a: Alisa Bosconovitch|slp\n|\n|upkeep\n|turn|6\n|-message|outdated ahh team forfeited.\n|\n|win|Pokrunk\n|raw|Pokrunk's rating: 1486 &rarr; <strong>1513<\/strong><br \/>(+27 for winning)\n|raw|outdated ahh team's rating: 1619 &rarr; <strong>1592<\/strong><br \/>(-27 for losing)\n|l|\u2606outdated ahh team\n","uploadtime":1700409832,"views":6,"p1id":"pokrunk","p2id":"outdatedahhteam","formatid":"gen9ou","rating":1513,"private":0,"password":""}