{"id":"gen9ou-1995292569","p1":"chumbucketxtreme","p2":"dogwearingdurag","format":"[Gen 9] OU","log":"|j|\u2606chumbucketxtreme\n|j|\u2606dogwearingdurag\n|t:|1700548151\n|gametype|singles\n|player|p1|chumbucketxtreme|hilbert|1416\n|player|p2|dogwearingdurag|swimmer-gen4|1529\n|teamsize|p1|6\n|teamsize|p2|6\n|gen|9\n|tier|[Gen 9] OU\n|rated|\n|rule|Sleep Clause Mod: Limit one foe put to sleep\n|rule|Species Clause: Limit one of each Pok\u00e9mon\n|rule|OHKO Clause: OHKO moves are banned\n|rule|Evasion Items Clause: Evasion items are banned\n|rule|Evasion Moves Clause: Evasion moves are banned\n|rule|Endless Battle Clause: Forcing endless battles is banned\n|rule|HP Percentage Mod: HP is shown in percentages\n|clearpoke\n|poke|p1|Weavile, M|\n|poke|p1|Dondozo, M|\n|poke|p1|Iron Moth|\n|poke|p1|Ting-Lu|\n|poke|p1|Toedscruel, M|\n|poke|p1|Enamorus, F|\n|poke|p2|Zapdos|\n|poke|p2|Gholdengo|\n|poke|p2|Weavile, M|\n|poke|p2|Milotic, M|\n|poke|p2|Great Tusk|\n|poke|p2|Dragapult, M|\n|teampreview\n|inactive|Battle timer is ON: inactive players will automatically lose when time's up. (requested by dogwearingdurag)\n|\n|t:|1700548178\n|start\n|switch|p1a: Toedscruel|Toedscruel, M|100\/100\n|switch|p2a: Dragapult|Dragapult, M|100\/100\n|turn|1\n|\n|t:|1700548184\n|move|p2a: Dragapult|U-turn|p1a: Toedscruel\n|-supereffective|p1a: Toedscruel\n|-crit|p1a: Toedscruel\n|-damage|p1a: Toedscruel|0 fnt\n|faint|p1a: Toedscruel\n|\n|t:|1700548193\n|switch|p2a: Weavile|Weavile, M|100\/100|[from] U-turn\n|\n|upkeep\n|\n|t:|1700548199\n|switch|p1a: Weavile|Weavile, M|100\/100\n|turn|2\n|\n|t:|1700548207\n|move|p1a: Weavile|Low Kick|p2a: Weavile\n|-supereffective|p2a: Weavile\n|-enditem|p2a: Weavile|Focus Sash\n|-damage|p2a: Weavile|1\/100\n|-enditem|p1a: Weavile|Loaded Dice|[silent]|[from] ability: Pickpocket|[of] p1a: Weavile\n|-item|p2a: Weavile|Loaded Dice|[from] ability: Pickpocket|[of] p1a: Weavile\n|move|p2a: Weavile|Knock Off|p1a: Weavile\n|-resisted|p1a: Weavile\n|-damage|p1a: Weavile|73\/100\n|-enditem|p2a: Weavile|Loaded Dice|[silent]|[from] ability: Pickpocket|[of] p2a: Weavile\n|-item|p1a: Weavile|Loaded Dice|[from] ability: Pickpocket|[of] p2a: Weavile\n|\n|upkeep\n|turn|3\n|c|\u2606dogwearingdurag|oh damn jit got the loaded dice\n|inactive|dogwearingdurag has 120 seconds left.\n|\n|t:|1700548241\n|move|p2a: Weavile|Ice Shard|p1a: Weavile\n|-resisted|p1a: Weavile\n|-damage|p1a: Weavile|56\/100\n|move|p1a: Weavile|Ice Shard|p2a: Weavile\n|-resisted|p2a: Weavile\n|-damage|p2a: Weavile|0 fnt\n|faint|p2a: Weavile\n|\n|upkeep\n|inactive|dogwearingdurag has 120 seconds left.\n|c|\u2606chumbucketxtreme|That was such a funny interaction tho oh my god\n|\n|t:|1700548251\n|switch|p2a: Dragapult|Dragapult, M|100\/100\n|turn|4\n|c|\u2606chumbucketxtreme|Swapping dice\n|\n|t:|1700548261\n|switch|p1a: Ting-Lu|Ting-Lu|100\/100\n|-ability|p1a: Ting-Lu|Vessel of Ruin\n|move|p2a: Dragapult|Phantom Force||[still]\n|-prepare|p2a: Dragapult|Phantom Force\n|\n|upkeep\n|turn|5\n|\n|t:|1700548268\n|move|p2a: Dragapult|Phantom Force|p1a: Ting-Lu|[from]lockedmove\n|-resisted|p1a: Ting-Lu\n|-damage|p1a: Ting-Lu|87\/100\n|move|p1a: Ting-Lu|Stealth Rock|p2a: Dragapult\n|-sidestart|p2: dogwearingdurag|move: Stealth Rock\n|\n|-heal|p1a: Ting-Lu|93\/100|[from] item: Leftovers\n|upkeep\n|turn|6\n|\n|t:|1700548275\n|switch|p2a: Great Tusk|Great Tusk|100\/100\n|-damage|p2a: Great Tusk|98\/100|[from] Stealth Rock\n|move|p1a: Ting-Lu|Whirlwind|p2a: Great Tusk\n|-end|p2a: Great Tusk|Protosynthesis|[silent]\n|drag|p2a: Zapdos|Zapdos|100\/100\n|\n|-heal|p1a: Ting-Lu|99\/100|[from] item: Leftovers\n|upkeep\n|turn|7\n|\n|t:|1700548287\n|switch|p2a: Great Tusk|Great Tusk|98\/100\n|-damage|p2a: Great Tusk|95\/100|[from] Stealth Rock\n|move|p1a: Ting-Lu|Whirlwind|p2a: Great Tusk\n|-end|p2a: Great Tusk|Protosynthesis|[silent]\n|drag|p2a: Milotic|Milotic, M|100\/100\n|-damage|p2a: Milotic|88\/100|[from] Stealth Rock\n|\n|-heal|p2a: Milotic|94\/100|[from] item: Leftovers\n|-heal|p1a: Ting-Lu|100\/100|[from] item: Leftovers\n|upkeep\n|turn|8\n|c|\u2606dogwearingdurag|whats his movepool\n|c|\u2606dogwearingdurag|im tryna build another weavile team but i dont know what to swap low kick for\n|\n|t:|1700548315\n|switch|p2a: Great Tusk|Great Tusk|95\/100\n|-damage|p2a: Great Tusk|92\/100|[from] Stealth Rock\n|switch|p1a: Dondozo|Dondozo, M|100\/100\n|\n|-heal|p2a: Great Tusk|98\/100|[from] item: Leftovers\n|upkeep\n|turn|9\n|inactive|chumbucketxtreme has 120 seconds left.\n|c|\u2606chumbucketxtreme|Im using Icicle Spear, Knock Off, Low Kick, and Ice Shard, guarantees Ribombee OHKOs\n|\n|t:|1700548352\n|-end|p2a: Great Tusk|Protosynthesis|[silent]\n|switch|p2a: Zapdos|Zapdos|100\/100\n|move|p1a: Dondozo|Liquidation|p2a: Zapdos\n|-damage|p2a: Zapdos|79\/100\n|-unboost|p2a: Zapdos|def|1\n|\n|upkeep\n|turn|10\n|inactive|chumbucketxtreme has 120 seconds left.\n|c|\u2606dogwearingdurag|doesnt bee outspeed tho\n|inactive|dogwearingdurag has 120 seconds left.\n|c|\u2606chumbucketxtreme|Im mostly running a goofy team rn though to experiment with stuff rn\n|c|\u2606chumbucketxtreme|Weav has 1 more speed than bee\n|inactive|chumbucketxtreme has 90 seconds left.\n|c|\u2606dogwearingdurag|YOOOOO\n|c|\u2606dogwearingdurag|switching my set rn lol\n|\n|t:|1700548401\n|switch|p1a: Ting-Lu|Ting-Lu|100\/100\n|-ability|p1a: Ting-Lu|Vessel of Ruin\n|move|p2a: Zapdos|Volt Switch|p1a: Ting-Lu\n|-immune|p1a: Ting-Lu\n|\n|upkeep\n|turn|11\n|inactive|chumbucketxtreme has 90 seconds left.\n|c|\u2606chumbucketxtreme|I met one too many Ghold and Bees and started running Toedscruel and Weav as a joke\n|\n|t:|1700548426\n|switch|p2a: Great Tusk|Great Tusk|98\/100\n|-damage|p2a: Great Tusk|95\/100|[from] Stealth Rock\n|move|p1a: Ting-Lu|Whirlwind|p2a: Great Tusk\n|-end|p2a: Great Tusk|Protosynthesis|[silent]\n|drag|p2a: Zapdos|Zapdos|79\/100\n|\n|upkeep\n|turn|12\n|\n|t:|1700548433\n|switch|p2a: Great Tusk|Great Tusk|95\/100\n|-damage|p2a: Great Tusk|92\/100|[from] Stealth Rock\n|move|p1a: Ting-Lu|Ruination|p2a: Great Tusk\n|-damage|p2a: Great Tusk|46\/100\n|\n|-heal|p2a: Great Tusk|52\/100|[from] item: Leftovers\n|upkeep\n|turn|13\n|inactive|chumbucketxtreme has 90 seconds left.\n|c|\u2606chumbucketxtreme|But now I kinda like how they play lol\n|\n|t:|1700548451\n|-terastallize|p1a: Ting-Lu|Ghost\n|move|p2a: Great Tusk|Rapid Spin|p1a: Ting-Lu\n|-immune|p1a: Ting-Lu\n|move|p1a: Ting-Lu|Ruination|p2a: Great Tusk\n|-damage|p2a: Great Tusk|27\/100\n|\n|-heal|p2a: Great Tusk|33\/100|[from] item: Leftovers\n|upkeep\n|turn|14\n|\n|t:|1700548458\n|move|p2a: Great Tusk|Stealth Rock|p1a: Ting-Lu\n|-sidestart|p1: chumbucketxtreme|move: Stealth Rock\n|move|p1a: Ting-Lu|Earthquake|p2a: Great Tusk\n|-crit|p2a: Great Tusk\n|-damage|p2a: Great Tusk|0 fnt\n|faint|p2a: Great Tusk\n|-end|p2a: Great Tusk|Protosynthesis|[silent]\n|\n|upkeep\n|c|\u2606dogwearingdurag|yeah im running sash rn and with the hazard heavy meta theres not many entry points\n|inactive|dogwearingdurag has 120 seconds left.\n|c|\u2606dogwearingdurag|so i fuck with ur set heavy\n|\n|t:|1700548490\n|switch|p2a: Gholdengo|Gholdengo|100\/100\n|-damage|p2a: Gholdengo|94\/100|[from] Stealth Rock\n|-item|p2a: Gholdengo|Air Balloon\n|turn|15\n|inactive|chumbucketxtreme has 90 seconds left.\n|\n|t:|1700548504\n|move|p2a: Gholdengo|Shadow Ball|p1a: Ting-Lu\n|-supereffective|p1a: Ting-Lu\n|-damage|p1a: Ting-Lu|42\/100\n|move|p1a: Ting-Lu|Ruination|p2a: Gholdengo\n|-damage|p2a: Gholdengo|48\/100\n|-enditem|p2a: Gholdengo|Air Balloon\n|\n|-heal|p1a: Ting-Lu|48\/100|[from] item: Leftovers\n|upkeep\n|turn|16\n|c|\u2606dogwearingdurag|im honestly gonna copy it now\n|\n|t:|1700548511\n|move|p2a: Gholdengo|Recover|p2a: Gholdengo\n|-heal|p2a: Gholdengo|98\/100\n|move|p1a: Ting-Lu|Earthquake|p2a: Gholdengo\n|-supereffective|p2a: Gholdengo\n|-crit|p2a: Gholdengo\n|-damage|p2a: Gholdengo|0 fnt\n|faint|p2a: Gholdengo\n|\n|-heal|p1a: Ting-Lu|54\/100|[from] item: Leftovers\n|upkeep\n|c|\u2606dogwearingdurag|oh i forgot lol\n|inactive|dogwearingdurag has 120 seconds left.\n|\n|t:|1700548522\n|switch|p2a: Dragapult|Dragapult, M|100\/100\n|-damage|p2a: Dragapult|88\/100|[from] Stealth Rock\n|turn|17\n|c|\u2606chumbucketxtreme|Go for it lmao\n|\n|t:|1700548529\n|move|p2a: Dragapult|Phantom Force||[still]\n|-prepare|p2a: Dragapult|Phantom Force\n|move|p1a: Ting-Lu|Whirlwind|p2a: Dragapult|[miss]\n|-miss|p1a: Ting-Lu|p2a: Dragapult\n|\n|-heal|p1a: Ting-Lu|60\/100|[from] item: Leftovers\n|upkeep\n|turn|18\n|\n|t:|1700548533\n|move|p2a: Dragapult|Phantom Force|p1a: Ting-Lu|[from]lockedmove\n|-supereffective|p1a: Ting-Lu\n|-damage|p1a: Ting-Lu|0 fnt\n|faint|p1a: Ting-Lu\n|\n|upkeep\n|\n|t:|1700548537\n|switch|p1a: Enamorus|Enamorus, F|100\/100\n|-damage|p1a: Enamorus|76\/100|[from] Stealth Rock\n|turn|19\n|c|\u2606chumbucketxtreme|Hazards are so bad rn Im just like, Ima do some off meta goofy picks ans give em a spin\n|inactive|dogwearingdurag has 120 seconds left.\n|\n|t:|1700548575\n|switch|p2a: Milotic|Milotic, M|94\/100\n|-damage|p2a: Milotic|82\/100|[from] Stealth Rock\n|move|p1a: Enamorus|Moonblast|p2a: Milotic\n|-crit|p2a: Milotic\n|-damage|p2a: Milotic|42\/100\n|\n|-heal|p2a: Milotic|48\/100|[from] item: Leftovers\n|upkeep\n|turn|20\n|c|\u2606chumbucketxtreme|Took Tatsugiri to 1600 for fun a couple weeks ago just cause its another weird rapid spinner\n|c|\u2606dogwearingdurag|yeah no ur team is super cool\n|\n|t:|1700548592\n|move|p1a: Enamorus|Moonblast|p2a: Milotic\n|-damage|p2a: Milotic|23\/100\n|move|p2a: Milotic|Recover|p2a: Milotic\n|-heal|p2a: Milotic|73\/100\n|\n|-heal|p2a: Milotic|79\/100|[from] item: Leftovers\n|upkeep\n|turn|21\n|inactive|chumbucketxtreme has 120 seconds left.\n|\n|t:|1700548609\n|switch|p1a: Dondozo|Dondozo, M|100\/100\n|-damage|p1a: Dondozo|88\/100|[from] Stealth Rock\n|move|p2a: Milotic|Ice Beam|p1a: Dondozo\n|-resisted|p1a: Dondozo\n|-damage|p1a: Dondozo|78\/100\n|\n|-heal|p2a: Milotic|85\/100|[from] item: Leftovers\n|-heal|p1a: Dondozo|84\/100|[from] item: Leftovers\n|upkeep\n|turn|22\n|c|\u2606dogwearingdurag|i stole this team from a blunder video\n|inactive|chumbucketxtreme has 120 seconds left.\n|c|\u2606dogwearingdurag|been having fun with it\n|c|\u2606chumbucketxtreme|Even if Toedscruel died instantly its been fun using it cause it feels like it does nothing but definitely forces the opponent to make a tough decision half the time with spore\n|\n|t:|1700548646\n|switch|p2a: Zapdos|Zapdos|79\/100\n|move|p1a: Dondozo|Curse|p1a: Dondozo\n|-unboost|p1a: Dondozo|spe|1\n|-boost|p1a: Dondozo|atk|1\n|-boost|p1a: Dondozo|def|1\n|\n|-heal|p1a: Dondozo|90\/100|[from] item: Leftovers\n|upkeep\n|turn|23\n|c|\u2606dogwearingdurag|toally agree\n|c|\u2606dogwearingdurag|perfect spore is so dangerous\n|\n|t:|1700548661\n|move|p2a: Zapdos|Volt Switch|p1a: Dondozo\n|-supereffective|p1a: Dondozo\n|-damage|p1a: Dondozo|33\/100\n|\n|t:|1700548663\n|switch|p2a: Dragapult|Dragapult, M|88\/100|[from] Volt Switch\n|-damage|p2a: Dragapult|76\/100|[from] Stealth Rock\n|move|p1a: Dondozo|Liquidation|p2a: Dragapult\n|-resisted|p2a: Dragapult\n|-damage|p2a: Dragapult|46\/100\n|\n|-heal|p1a: Dondozo|39\/100|[from] item: Leftovers\n|upkeep\n|turn|24\n|\n|t:|1700548671\n|move|p2a: Dragapult|U-turn|p1a: Dondozo\n|-damage|p1a: Dondozo|27\/100\n|\n|t:|1700548672\n|switch|p2a: Zapdos|Zapdos|79\/100|[from] U-turn\n|move|p1a: Dondozo|Liquidation|p2a: Zapdos\n|-damage|p2a: Zapdos|46\/100\n|\n|-heal|p1a: Dondozo|33\/100|[from] item: Leftovers\n|upkeep\n|turn|25\n|inactive|chumbucketxtreme has 120 seconds left.\n|\n|t:|1700548680\n|move|p2a: Zapdos|Volt Switch|p1a: Dondozo\n|-supereffective|p1a: Dondozo\n|-damage|p1a: Dondozo|0 fnt\n|faint|p1a: Dondozo\n|\n|t:|1700548689\n|switch|p2a: Dragapult|Dragapult, M|46\/100|[from] Volt Switch\n|-damage|p2a: Dragapult|34\/100|[from] Stealth Rock\n|\n|upkeep\n|inactive|chumbucketxtreme has 120 seconds left.\n|\n|t:|1700548703\n|switch|p1a: Weavile|Weavile, M|56\/100\n|-damage|p1a: Weavile|31\/100|[from] Stealth Rock\n|turn|26\n|\n|t:|1700548706\n|switch|p2a: Milotic|Milotic, M|85\/100\n|-damage|p2a: Milotic|73\/100|[from] Stealth Rock\n|move|p1a: Weavile|Ice Shard|p2a: Milotic\n|-resisted|p2a: Milotic\n|-damage|p2a: Milotic|61\/100\n|\n|-heal|p2a: Milotic|67\/100|[from] item: Leftovers\n|upkeep\n|turn|27\n|\n|t:|1700548709\n|move|p1a: Weavile|Knock Off|p2a: Milotic\n|-damage|p2a: Milotic|14\/100\n|-enditem|p2a: Milotic|Leftovers|[from] move: Knock Off|[of] p1a: Weavile\n|move|p2a: Milotic|Scald|p1a: Weavile\n|-damage|p1a: Weavile|0 fnt\n|faint|p1a: Weavile\n|\n|upkeep\n|\n|t:|1700548721\n|switch|p1a: Enamorus|Enamorus, F|76\/100\n|-damage|p1a: Enamorus|51\/100|[from] Stealth Rock\n|turn|28\n|\n|t:|1700548725\n|move|p1a: Enamorus|Moonblast|p2a: Milotic\n|-damage|p2a: Milotic|0 fnt\n|faint|p2a: Milotic\n|\n|upkeep\n|\n|t:|1700548727\n|switch|p2a: Zapdos|Zapdos|46\/100\n|turn|29\n|\n|t:|1700548732\n|move|p1a: Enamorus|Moonblast|p2a: Zapdos\n|-damage|p2a: Zapdos|0 fnt\n|faint|p2a: Zapdos\n|\n|upkeep\n|c|\u2606dogwearingdurag|wp gg\n|\n|t:|1700548737\n|switch|p2a: Dragapult|Dragapult, M|34\/100\n|-damage|p2a: Dragapult|22\/100|[from] Stealth Rock\n|turn|30\n|c|\u2606chumbucketxtreme|gg bud\n|\n|t:|1700548745\n|move|p1a: Enamorus|Moonblast|p2a: Dragapult\n|-supereffective|p2a: Dragapult\n|-damage|p2a: Dragapult|0 fnt\n|faint|p2a: Dragapult\n|\n|win|chumbucketxtreme\n|raw|chumbucketxtreme's rating: 1416 &rarr; <strong>1442<\/strong><br \/>(+26 for winning)\n|raw|dogwearingdurag's rating: 1529 &rarr; <strong>1503<\/strong><br \/>(-26 for losing)\n","uploadtime":1700548484,"views":2,"p1id":"chumbucketxtreme","p2id":"dogwearingdurag","formatid":"gen9ou","rating":1442,"private":0,"password":""}