{"id":"gen9ou-1994998213","p1":"dagger4275","p2":"monoloco12","format":"[Gen 9] OU","log":"|j|\u2606dagger4275\n|j|\u2606monoloco12\n|t:|1700511886\n|gametype|singles\n|player|p1|dagger4275|fisherman-gen4|1109\n|player|p2|monoloco12|cynthia|1086\n|teamsize|p1|6\n|teamsize|p2|6\n|gen|9\n|tier|[Gen 9] OU\n|rated|\n|rule|Sleep Clause Mod: Limit one foe put to sleep\n|rule|Species Clause: Limit one of each Pok\u00e9mon\n|rule|OHKO Clause: OHKO moves are banned\n|rule|Evasion Items Clause: Evasion items are banned\n|rule|Evasion Moves Clause: Evasion moves are banned\n|rule|Endless Battle Clause: Forcing endless battles is banned\n|rule|HP Percentage Mod: HP is shown in percentages\n|clearpoke\n|poke|p1|Noivern, F|\n|poke|p1|Infernape, M|\n|poke|p1|Empoleon, M|\n|poke|p1|Primeape, F|\n|poke|p1|Clodsire, F|\n|poke|p1|Brambleghast, F|\n|poke|p2|Hoopa-Unbound|\n|poke|p2|Alomomola, M|\n|poke|p2|Grimmsnarl, M|\n|poke|p2|Ting-Lu|\n|poke|p2|Iron Moth|\n|poke|p2|Mandibuzz, F|\n|teampreview\n|inactive|Battle timer is ON: inactive players will automatically lose when time's up. (requested by dagger4275)\n|\n|t:|1700511897\n|start\n|switch|p1a: Infernape|Infernape, M|100\/100\n|switch|p2a: Grimmsnarl|Grimmsnarl, M, shiny|100\/100\n|turn|1\n|\n|t:|1700511905\n|move|p2a: Grimmsnarl|Reflect|p2a: Grimmsnarl\n|-sidestart|p2: monoloco12|Reflect\n|move|p1a: Infernape|U-turn|p2a: Grimmsnarl\n|-damage|p2a: Grimmsnarl|88\/100\n|\n|t:|1700511911\n|switch|p1a: Empoleon|Empoleon, M|100\/100|[from] U-turn\n|\n|upkeep\n|turn|2\n|\n|t:|1700511916\n|move|p2a: Grimmsnarl|Light Screen|p2a: Grimmsnarl\n|-sidestart|p2: monoloco12|move: Light Screen\n|move|p1a: Empoleon|Flash Cannon|p2a: Grimmsnarl\n|-supereffective|p2a: Grimmsnarl\n|-damage|p2a: Grimmsnarl|56\/100\n|\n|upkeep\n|turn|3\n|\n|t:|1700511926\n|switch|p2a: Hoopa|Hoopa-Unbound|100\/100\n|move|p1a: Empoleon|Flash Cannon|p2a: Hoopa\n|-damage|p2a: Hoopa|92\/100\n|-unboost|p2a: Hoopa|spd|1\n|\n|upkeep\n|turn|4\n|\n|t:|1700511936\n|move|p2a: Hoopa|Drain Punch|p1a: Empoleon\n|-supereffective|p1a: Empoleon\n|-damage|p1a: Empoleon|42\/100\n|-heal|p2a: Hoopa|100\/100|[from] drain|[of] p1a: Empoleon\n|move|p1a: Empoleon|Hydro Pump|p2a: Hoopa\n|-damage|p2a: Hoopa|83\/100\n|\n|-heal|p1a: Empoleon|49\/100|[from] item: Leftovers\n|upkeep\n|turn|5\n|\n|t:|1700511946\n|switch|p1a: Clodsire|Clodsire, F, shiny|100\/100\n|move|p2a: Hoopa|Drain Punch|p1a: Clodsire\n|-resisted|p1a: Clodsire\n|-damage|p1a: Clodsire|85\/100\n|-heal|p2a: Hoopa|93\/100|[from] drain|[of] p1a: Clodsire\n|\n|-heal|p1a: Clodsire|91\/100|[from] item: Leftovers\n|upkeep\n|turn|6\n|\n|t:|1700511954\n|move|p2a: Hoopa|Psychic|p1a: Clodsire\n|-supereffective|p1a: Clodsire\n|-damage|p1a: Clodsire|39\/100\n|-unboost|p1a: Clodsire|spd|1\n|move|p1a: Clodsire|Toxic Spikes|p2a: Hoopa\n|-sidestart|p2: monoloco12|move: Toxic Spikes\n|\n|-heal|p1a: Clodsire|46\/100|[from] item: Leftovers\n|upkeep\n|turn|7\n|\n|t:|1700511961\n|switch|p1a: Empoleon|Empoleon, M|49\/100\n|move|p2a: Hoopa|Psychic|p1a: Empoleon\n|-resisted|p1a: Empoleon\n|-damage|p1a: Empoleon|28\/100\n|-unboost|p1a: Empoleon|spd|1\n|-ability|p1a: Empoleon|Competitive|boost\n|-boost|p1a: Empoleon|spa|2\n|\n|-heal|p1a: Empoleon|34\/100|[from] item: Leftovers\n|upkeep\n|turn|8\n|\n|t:|1700511975\n|move|p2a: Hoopa|Drain Punch|p1a: Empoleon\n|-supereffective|p1a: Empoleon\n|-damage|p1a: Empoleon|0 fnt\n|-heal|p2a: Hoopa|100\/100|[from] drain|[of] p1a: Empoleon\n|faint|p1a: Empoleon\n|\n|-sideend|p2: monoloco12|Reflect\n|upkeep\n|\n|t:|1700511981\n|switch|p1a: Infernape|Infernape, M|100\/100\n|turn|9\n|\n|t:|1700511984\n|switch|p2a: Iron Moth|Iron Moth|100\/100\n|-sideend|p2: monoloco12|move: Toxic Spikes|[of] p2a: Iron Moth\n|-enditem|p2a: Iron Moth|Booster Energy\n|-activate|p2a: Iron Moth|ability: Quark Drive|[fromitem]\n|-start|p2a: Iron Moth|quarkdrivespa\n|move|p1a: Infernape|U-turn|p2a: Iron Moth\n|-resisted|p2a: Iron Moth\n|-crit|p2a: Iron Moth\n|-damage|p2a: Iron Moth|85\/100\n|\n|t:|1700511990\n|switch|p1a: Clodsire|Clodsire, F, shiny|46\/100|[from] U-turn\n|\n|-heal|p1a: Clodsire|52\/100|[from] item: Leftovers\n|-sideend|p2: monoloco12|move: Light Screen\n|upkeep\n|turn|10\n|\n|t:|1700512007\n|-terastallize|p2a: Iron Moth|Fire\n|move|p2a: Iron Moth|Fiery Dance|p1a: Clodsire\n|-damage|p1a: Clodsire|10\/100\n|-boost|p2a: Iron Moth|spa|1\n|move|p1a: Clodsire|Recover|p1a: Clodsire\n|-heal|p1a: Clodsire|60\/100\n|\n|-heal|p1a: Clodsire|66\/100|[from] item: Leftovers\n|upkeep\n|turn|11\n|\n|t:|1700512014\n|move|p2a: Iron Moth|Fiery Dance|p1a: Clodsire\n|-crit|p1a: Clodsire\n|-damage|p1a: Clodsire|5\/100\n|-boost|p2a: Iron Moth|spa|1\n|move|p1a: Clodsire|Earthquake|p2a: Iron Moth\n|-supereffective|p2a: Iron Moth\n|-damage|p2a: Iron Moth|0 fnt\n|faint|p2a: Iron Moth\n|-end|p2a: Iron Moth|Quark Drive|[silent]\n|\n|-heal|p1a: Clodsire|12\/100|[from] item: Leftovers\n|upkeep\n|\n|t:|1700512024\n|switch|p2a: Mandibuzz|Mandibuzz, F|100\/100\n|turn|12\n|\n|t:|1700512030\n|move|p2a: Mandibuzz|Foul Play|p1a: Clodsire\n|-damage|p1a: Clodsire|0 fnt\n|faint|p1a: Clodsire\n|\n|upkeep\n|\n|t:|1700512037\n|switch|p1a: Primeape|Primeape, F|100\/100\n|turn|13\n|\n|t:|1700512041\n|move|p1a: Primeape|Ice Punch|p2a: Mandibuzz\n|-supereffective|p2a: Mandibuzz\n|-damage|p2a: Mandibuzz|74\/100\n|move|p2a: Mandibuzz|Dual Wingbeat|p1a: Primeape|[miss]\n|-miss|p2a: Mandibuzz|p1a: Primeape\n|\n|upkeep\n|turn|14\n|\n|t:|1700512053\n|switch|p2a: Alomomola|Alomomola, M|100\/100\n|move|p1a: Primeape|Ice Punch|p2a: Alomomola\n|-resisted|p2a: Alomomola\n|-damage|p2a: Alomomola|94\/100\n|\n|-heal|p2a: Alomomola|99\/100|[from] item: Leftovers\n|upkeep\n|turn|15\n|\n|t:|1700512060\n|move|p1a: Primeape|Substitute|p1a: Primeape\n|-start|p1a: Primeape|Substitute\n|-damage|p1a: Primeape|76\/100\n|move|p2a: Alomomola|Whirlpool|p1a: Primeape\n|-activate|p1a: Primeape|move: Substitute|[damage]\n|\n|-heal|p2a: Alomomola|100\/100|[from] item: Leftovers\n|upkeep\n|turn|16\n|\n|t:|1700512074\n|switch|p2a: Mandibuzz|Mandibuzz, F|74\/100\n|move|p1a: Primeape|Drain Punch|p2a: Mandibuzz\n|-damage|p2a: Mandibuzz|54\/100\n|-heal|p1a: Primeape|92\/100|[from] drain|[of] p2a: Mandibuzz\n|\n|upkeep\n|turn|17\n|\n|t:|1700512079\n|move|p1a: Primeape|Ice Punch|p2a: Mandibuzz\n|-supereffective|p2a: Mandibuzz\n|-damage|p2a: Mandibuzz|28\/100\n|move|p2a: Mandibuzz|Whirlwind|p1a: Primeape\n|drag|p1a: Brambleghast|Brambleghast, F|100\/100\n|\n|upkeep\n|turn|18\n|\n|t:|1700512089\n|switch|p1a: Noivern|Noivern, F|100\/100\n|move|p2a: Mandibuzz|Roost|p2a: Mandibuzz\n|-heal|p2a: Mandibuzz|79\/100\n|-singleturn|p2a: Mandibuzz|move: Roost\n|\n|upkeep\n|turn|19\n|\n|t:|1700512097\n|switch|p2a: Grimmsnarl|Grimmsnarl, M, shiny|56\/100\n|move|p1a: Noivern|Hurricane|p2a: Grimmsnarl\n|-damage|p2a: Grimmsnarl|10\/100\n|-start|p2a: Grimmsnarl|confusion\n|-damage|p1a: Noivern|91\/100|[from] item: Life Orb\n|\n|upkeep\n|turn|20\n|\n|t:|1700512104\n|switch|p1a: Primeape|Primeape, F|92\/100\n|-activate|p2a: Grimmsnarl|confusion\n|move|p2a: Grimmsnarl|Light Screen|p2a: Grimmsnarl\n|-sidestart|p2: monoloco12|move: Light Screen\n|\n|upkeep\n|turn|21\n|\n|t:|1700512109\n|-activate|p2a: Grimmsnarl|confusion\n|-damage|p2a: Grimmsnarl|0 fnt|[from] confusion\n|faint|p2a: Grimmsnarl\n|move|p1a: Primeape|Substitute|p1a: Primeape\n|-start|p1a: Primeape|Substitute\n|-damage|p1a: Primeape|67\/100\n|\n|upkeep\n|\n|t:|1700512113\n|switch|p2a: Mandibuzz|Mandibuzz, F|79\/100\n|turn|22\n|\n|t:|1700512116\n|move|p1a: Primeape|Ice Punch|p2a: Mandibuzz\n|-supereffective|p2a: Mandibuzz\n|-damage|p2a: Mandibuzz|51\/100\n|move|p2a: Mandibuzz|Whirlwind|p1a: Primeape\n|drag|p1a: Brambleghast|Brambleghast, F|100\/100\n|\n|upkeep\n|turn|23\n|\n|t:|1700512123\n|switch|p1a: Noivern|Noivern, F|91\/100\n|move|p2a: Mandibuzz|Roost|p2a: Mandibuzz\n|-heal|p2a: Mandibuzz|100\/100\n|-singleturn|p2a: Mandibuzz|move: Roost\n|\n|upkeep\n|turn|24\n|\n|t:|1700512130\n|switch|p2a: Ting-Lu|Ting-Lu|100\/100\n|-ability|p2a: Ting-Lu|Vessel of Ruin\n|move|p1a: Noivern|Hurricane|p2a: Ting-Lu|[miss]\n|-miss|p1a: Noivern|p2a: Ting-Lu\n|\n|upkeep\n|turn|25\n|\n|t:|1700512138\n|switch|p1a: Primeape|Primeape, F|67\/100\n|move|p2a: Ting-Lu|Stealth Rock|p1a: Primeape\n|-sidestart|p1: dagger4275|move: Stealth Rock\n|\n|upkeep\n|turn|26\n|\n|t:|1700512147\n|move|p1a: Primeape|Drain Punch|p2a: Ting-Lu\n|-supereffective|p2a: Ting-Lu\n|-damage|p2a: Ting-Lu|72\/100\n|-heal|p1a: Primeape|94\/100|[from] drain|[of] p2a: Ting-Lu\n|move|p2a: Ting-Lu|Spikes|p1a: Primeape\n|-sidestart|p1: dagger4275|Spikes\n|\n|upkeep\n|turn|27\n|\n|t:|1700512151\n|move|p1a: Primeape|Drain Punch|p2a: Ting-Lu\n|-supereffective|p2a: Ting-Lu\n|-damage|p2a: Ting-Lu|44\/100\n|-heal|p1a: Primeape|100\/100|[from] drain|[of] p2a: Ting-Lu\n|move|p2a: Ting-Lu|Spikes|p1a: Primeape\n|-sidestart|p1: dagger4275|Spikes\n|\n|-sideend|p2: monoloco12|move: Light Screen\n|upkeep\n|turn|28\n|\n|t:|1700512155\n|switch|p2a: Alomomola|Alomomola, M|100\/100\n|move|p1a: Primeape|Drain Punch|p2a: Alomomola\n|-damage|p2a: Alomomola|82\/100\n|\n|-heal|p2a: Alomomola|89\/100|[from] item: Leftovers\n|upkeep\n|turn|29\n|\n|t:|1700512160\n|move|p1a: Primeape|Drain Punch|p2a: Alomomola\n|-damage|p2a: Alomomola|72\/100\n|move|p2a: Alomomola|Wish|p2a: Alomomola\n|\n|-heal|p2a: Alomomola|78\/100|[from] item: Leftovers\n|upkeep\n|turn|30\n|\n|t:|1700512164\n|move|p1a: Primeape|Drain Punch|p2a: Alomomola\n|-damage|p2a: Alomomola|58\/100\n|move|p2a: Alomomola|Flip Turn|p1a: Primeape\n|-damage|p1a: Primeape|75\/100\n|\n|t:|1700512170\n|switch|p2a: Ting-Lu|Ting-Lu|44\/100|[from] Flip Turn\n|-ability|p2a: Ting-Lu|Vessel of Ruin\n|\n|-heal|p2a: Ting-Lu|96\/100|[from] move: Wish|[wisher] Alomomola\n|upkeep\n|turn|31\n|\n|t:|1700512173\n|move|p1a: Primeape|Drain Punch|p2a: Ting-Lu\n|-supereffective|p2a: Ting-Lu\n|-damage|p2a: Ting-Lu|69\/100\n|-heal|p1a: Primeape|99\/100|[from] drain|[of] p2a: Ting-Lu\n|move|p2a: Ting-Lu|Spikes|p1a: Primeape\n|-sidestart|p1: dagger4275|Spikes\n|\n|upkeep\n|turn|32\n|\n|t:|1700512183\n|switch|p2a: Mandibuzz|Mandibuzz, F|100\/100\n|move|p1a: Primeape|Ice Punch|p2a: Mandibuzz\n|-supereffective|p2a: Mandibuzz\n|-crit|p2a: Mandibuzz\n|-damage|p2a: Mandibuzz|62\/100\n|\n|upkeep\n|turn|33\n|\n|t:|1700512188\n|move|p1a: Primeape|Substitute|p1a: Primeape\n|-start|p1a: Primeape|Substitute\n|-damage|p1a: Primeape|75\/100\n|move|p2a: Mandibuzz|Dual Wingbeat|p1a: Primeape\n|-supereffective|p1a: Primeape\n|-end|p1a: Primeape|Substitute\n|-supereffective|p1a: Primeape\n|-damage|p1a: Primeape|39\/100\n|-hitcount|p1a: Primeape|2\n|\n|upkeep\n|turn|34\n|\n|t:|1700512201\n|move|p1a: Primeape|Ice Punch|p2a: Mandibuzz\n|-supereffective|p2a: Mandibuzz\n|-damage|p2a: Mandibuzz|36\/100\n|move|p2a: Mandibuzz|Whirlwind|p1a: Primeape\n|drag|p1a: Infernape|Infernape, M|100\/100\n|-damage|p1a: Infernape|88\/100|[from] Stealth Rock\n|-damage|p1a: Infernape|63\/100|[from] Spikes\n|\n|upkeep\n|turn|35\n|\n|t:|1700512208\n|move|p1a: Infernape|Thunder Punch|p2a: Mandibuzz\n|-supereffective|p2a: Mandibuzz\n|-damage|p2a: Mandibuzz|2\/100\n|move|p2a: Mandibuzz|Roost|p2a: Mandibuzz\n|-heal|p2a: Mandibuzz|52\/100\n|-singleturn|p2a: Mandibuzz|move: Roost\n|\n|upkeep\n|turn|36\n|\n|t:|1700512216\n|switch|p2a: Ting-Lu|Ting-Lu|69\/100\n|-ability|p2a: Ting-Lu|Vessel of Ruin\n|move|p1a: Infernape|Thunder Punch|p2a: Ting-Lu\n|-immune|p2a: Ting-Lu\n|\n|upkeep\n|turn|37\n|\n|t:|1700512225\n|move|p1a: Infernape|U-turn|p2a: Ting-Lu\n|-supereffective|p2a: Ting-Lu\n|-damage|p2a: Ting-Lu|50\/100\n|\n|t:|1700512227\n|switch|p1a: Brambleghast|Brambleghast, F|100\/100|[from] U-turn\n|-damage|p1a: Brambleghast|88\/100|[from] Stealth Rock\n|-damage|p1a: Brambleghast|63\/100|[from] Spikes\n|move|p2a: Ting-Lu|Earthquake|p1a: Brambleghast\n|-resisted|p1a: Brambleghast\n|-damage|p1a: Brambleghast|31\/100\n|\n|upkeep\n|turn|38\n|\n|t:|1700512233\n|move|p1a: Brambleghast|Rapid Spin|p2a: Ting-Lu\n|-damage|p2a: Ting-Lu|43\/100\n|-boost|p1a: Brambleghast|spe|1\n|-sideend|p1: dagger4275|Spikes|[from] move: Rapid Spin|[of] p1a: Brambleghast\n|-sideend|p1: dagger4275|Stealth Rock|[from] move: Rapid Spin|[of] p1a: Brambleghast\n|move|p2a: Ting-Lu|Lash Out|p1a: Brambleghast\n|-supereffective|p1a: Brambleghast\n|-damage|p1a: Brambleghast|0 fnt\n|faint|p1a: Brambleghast\n|\n|upkeep\n|\n|t:|1700512249\n|switch|p1a: Infernape|Infernape, M|63\/100\n|turn|39\n|\n|t:|1700512254\n|switch|p2a: Alomomola|Alomomola, M|92\/100\n|move|p1a: Infernape|Drain Punch|p2a: Alomomola\n|-damage|p2a: Alomomola|68\/100\n|-heal|p1a: Infernape|85\/100|[from] drain|[of] p2a: Alomomola\n|\n|-heal|p2a: Alomomola|74\/100|[from] item: Leftovers\n|upkeep\n|turn|40\n|\n|t:|1700512262\n|move|p1a: Infernape|Thunder Punch|p2a: Alomomola\n|-supereffective|p2a: Alomomola\n|-damage|p2a: Alomomola|43\/100\n|move|p2a: Alomomola|Wish|p2a: Alomomola\n|\n|-heal|p2a: Alomomola|49\/100|[from] item: Leftovers\n|upkeep\n|turn|41\n|\n|t:|1700512270\n|switch|p2a: Ting-Lu|Ting-Lu|43\/100\n|-ability|p2a: Ting-Lu|Vessel of Ruin\n|move|p1a: Infernape|Thunder Punch|p2a: Ting-Lu\n|-immune|p2a: Ting-Lu\n|\n|-heal|p2a: Ting-Lu|95\/100|[from] move: Wish|[wisher] Alomomola\n|upkeep\n|turn|42\n|\n|t:|1700512277\n|move|p1a: Infernape|U-turn|p2a: Ting-Lu\n|-supereffective|p2a: Ting-Lu\n|-damage|p2a: Ting-Lu|77\/100\n|\n|t:|1700512280\n|switch|p1a: Primeape|Primeape, F|39\/100|[from] U-turn\n|move|p2a: Ting-Lu|Stealth Rock|p1a: Primeape\n|-sidestart|p1: dagger4275|move: Stealth Rock\n|\n|upkeep\n|turn|43\n|\n|t:|1700512287\n|move|p1a: Primeape|Drain Punch|p2a: Ting-Lu\n|-supereffective|p2a: Ting-Lu\n|-damage|p2a: Ting-Lu|48\/100\n|-heal|p1a: Primeape|66\/100|[from] drain|[of] p2a: Ting-Lu\n|move|p2a: Ting-Lu|Spikes|p1a: Primeape\n|-sidestart|p1: dagger4275|Spikes\n|\n|upkeep\n|turn|44\n|\n|t:|1700512292\n|move|p1a: Primeape|Drain Punch|p2a: Ting-Lu\n|-supereffective|p2a: Ting-Lu\n|-damage|p2a: Ting-Lu|21\/100\n|-heal|p1a: Primeape|92\/100|[from] drain|[of] p2a: Ting-Lu\n|-enditem|p2a: Ting-Lu|Aguav Berry|[eat]\n|-heal|p2a: Ting-Lu|54\/100|[from] item: Aguav Berry\n|move|p2a: Ting-Lu|Spikes|p1a: Primeape\n|-sidestart|p1: dagger4275|Spikes\n|\n|upkeep\n|turn|45\n|\n|t:|1700512299\n|move|p1a: Primeape|Ice Punch|p2a: Ting-Lu\n|-supereffective|p2a: Ting-Lu\n|-crit|p2a: Ting-Lu\n|-damage|p2a: Ting-Lu|25\/100\n|move|p2a: Ting-Lu|Spikes|p1a: Primeape\n|-sidestart|p1: dagger4275|Spikes\n|\n|upkeep\n|turn|46\n|\n|t:|1700512309\n|switch|p2a: Alomomola|Alomomola, M|82\/100\n|move|p1a: Primeape|Ice Punch|p2a: Alomomola\n|-resisted|p2a: Alomomola\n|-damage|p2a: Alomomola|77\/100\n|\n|-heal|p2a: Alomomola|83\/100|[from] item: Leftovers\n|upkeep\n|turn|47\n|\n|t:|1700512321\n|move|p1a: Primeape|Substitute|p1a: Primeape\n|-start|p1a: Primeape|Substitute\n|-damage|p1a: Primeape|67\/100\n|move|p2a: Alomomola|Wish|p2a: Alomomola\n|\n|-heal|p2a: Alomomola|89\/100|[from] item: Leftovers\n|upkeep\n|turn|48\n|\n|t:|1700512327\n|move|p1a: Primeape|Drain Punch|p2a: Alomomola\n|-damage|p2a: Alomomola|70\/100\n|-heal|p1a: Primeape|86\/100|[from] drain|[of] p2a: Alomomola\n|move|p2a: Alomomola|Flip Turn|p1a: Primeape\n|-end|p1a: Primeape|Substitute\n|\n|t:|1700512332\n|switch|p2a: Mandibuzz|Mandibuzz, F|52\/100|[from] Flip Turn\n|\n|-heal|p2a: Mandibuzz|100\/100|[from] move: Wish|[wisher] Alomomola\n|upkeep\n|turn|49\n|\n|t:|1700512339\n|move|p1a: Primeape|Ice Punch|p2a: Mandibuzz\n|-supereffective|p2a: Mandibuzz\n|-damage|p2a: Mandibuzz|77\/100\n|move|p2a: Mandibuzz|Whirlwind|p1a: Primeape\n|drag|p1a: Infernape|Infernape, M|85\/100\n|-damage|p1a: Infernape|73\/100|[from] Stealth Rock\n|-damage|p1a: Infernape|48\/100|[from] Spikes\n|\n|upkeep\n|turn|50\n|\n|t:|1700512343\n|move|p1a: Infernape|Thunder Punch|p2a: Mandibuzz\n|-supereffective|p2a: Mandibuzz\n|-damage|p2a: Mandibuzz|40\/100\n|move|p2a: Mandibuzz|Whirlwind|p1a: Infernape\n|drag|p1a: Primeape|Primeape, F|86\/100\n|-damage|p1a: Primeape|80\/100|[from] Stealth Rock\n|-damage|p1a: Primeape|55\/100|[from] Spikes\n|\n|upkeep\n|turn|51\n|\n|t:|1700512353\n|move|p1a: Primeape|Ice Punch|p2a: Mandibuzz\n|-supereffective|p2a: Mandibuzz\n|-damage|p2a: Mandibuzz|15\/100\n|move|p2a: Mandibuzz|Roost|p2a: Mandibuzz\n|-heal|p2a: Mandibuzz|66\/100\n|-singleturn|p2a: Mandibuzz|move: Roost\n|\n|upkeep\n|turn|52\n|\n|t:|1700512356\n|move|p1a: Primeape|Ice Punch|p2a: Mandibuzz\n|-supereffective|p2a: Mandibuzz\n|-damage|p2a: Mandibuzz|40\/100\n|-status|p2a: Mandibuzz|frz\n|cant|p2a: Mandibuzz|frz\n|\n|upkeep\n|turn|53\n|\n|t:|1700512364\n|move|p1a: Primeape|Ice Punch|p2a: Mandibuzz\n|-supereffective|p2a: Mandibuzz\n|-damage|p2a: Mandibuzz|12\/100 frz\n|cant|p2a: Mandibuzz|frz\n|\n|upkeep\n|turn|54\n|\n|t:|1700512370\n|move|p1a: Primeape|Ice Punch|p2a: Mandibuzz\n|-supereffective|p2a: Mandibuzz\n|-damage|p2a: Mandibuzz|0 fnt\n|faint|p2a: Mandibuzz\n|\n|upkeep\n|\n|t:|1700512374\n|switch|p2a: Alomomola|Alomomola, M|100\/100\n|turn|55\n|\n|t:|1700512379\n|move|p1a: Primeape|Substitute|p1a: Primeape\n|-start|p1a: Primeape|Substitute\n|-damage|p1a: Primeape|30\/100\n|move|p2a: Alomomola|Whirlpool|p1a: Primeape\n|-activate|p1a: Primeape|move: Substitute|[damage]\n|\n|upkeep\n|turn|56\n|\n|t:|1700512386\n|move|p1a: Primeape|Drain Punch|p2a: Alomomola\n|-damage|p2a: Alomomola|84\/100\n|-heal|p1a: Primeape|47\/100|[from] drain|[of] p2a: Alomomola\n|move|p2a: Alomomola|Whirlpool|p1a: Primeape\n|-activate|p1a: Primeape|move: Substitute|[damage]\n|\n|-heal|p2a: Alomomola|90\/100|[from] item: Leftovers\n|upkeep\n|turn|57\n|\n|t:|1700512391\n|move|p1a: Primeape|Drain Punch|p2a: Alomomola\n|-damage|p2a: Alomomola|73\/100\n|-heal|p1a: Primeape|63\/100|[from] drain|[of] p2a: Alomomola\n|move|p2a: Alomomola|Wish|p2a: Alomomola\n|\n|-heal|p2a: Alomomola|80\/100|[from] item: Leftovers\n|upkeep\n|turn|58\n|\n|t:|1700512397\n|move|p1a: Primeape|Rage Fist|p2a: Alomomola\n|-damage|p2a: Alomomola|47\/100\n|move|p2a: Alomomola|Flip Turn|p1a: Primeape\n|-end|p1a: Primeape|Substitute\n|\n|t:|1700512404\n|switch|p2a: Hoopa|Hoopa-Unbound|100\/100|[from] Flip Turn\n|\n|upkeep\n|turn|59\n|\n|t:|1700512409\n|move|p1a: Primeape|Rage Fist|p2a: Hoopa\n|-damage|p2a: Hoopa|8\/100\n|move|p2a: Hoopa|Psychic|p1a: Primeape\n|-supereffective|p1a: Primeape\n|-damage|p1a: Primeape|0 fnt\n|faint|p1a: Primeape\n|\n|upkeep\n|\n|t:|1700512419\n|switch|p1a: Infernape|Infernape, M|48\/100\n|-damage|p1a: Infernape|35\/100|[from] Stealth Rock\n|-damage|p1a: Infernape|10\/100|[from] Spikes\n|turn|60\n|\n|t:|1700512426\n|switch|p2a: Alomomola|Alomomola, M|80\/100\n|move|p1a: Infernape|Thunder Punch|p2a: Alomomola\n|-supereffective|p2a: Alomomola\n|-damage|p2a: Alomomola|51\/100\n|\n|-heal|p2a: Alomomola|58\/100|[from] item: Leftovers\n|upkeep\n|turn|61\n|\n|t:|1700512430\n|move|p1a: Infernape|Thunder Punch|p2a: Alomomola\n|-supereffective|p2a: Alomomola\n|-crit|p2a: Alomomola\n|-damage|p2a: Alomomola|7\/100\n|move|p2a: Alomomola|Wish|p2a: Alomomola\n|\n|-heal|p2a: Alomomola|13\/100|[from] item: Leftovers\n|upkeep\n|turn|62\n|\n|t:|1700512439\n|switch|p2a: Ting-Lu|Ting-Lu|25\/100\n|-ability|p2a: Ting-Lu|Vessel of Ruin\n|move|p1a: Infernape|Thunder Punch|p2a: Ting-Lu\n|-immune|p2a: Ting-Lu\n|\n|-heal|p2a: Ting-Lu|77\/100|[from] move: Wish|[wisher] Alomomola\n|upkeep\n|turn|63\n|\n|t:|1700512453\n|move|p1a: Infernape|Drain Punch|p2a: Ting-Lu\n|-supereffective|p2a: Ting-Lu\n|-crit|p2a: Ting-Lu\n|-damage|p2a: Ting-Lu|25\/100\n|-heal|p1a: Infernape|56\/100|[from] drain|[of] p2a: Ting-Lu\n|move|p2a: Ting-Lu|Earthquake|p1a: Infernape\n|-supereffective|p1a: Infernape\n|-damage|p1a: Infernape|0 fnt\n|faint|p1a: Infernape\n|\n|upkeep\n|\n|t:|1700512456\n|switch|p1a: Noivern|Noivern, F|91\/100\n|-damage|p1a: Noivern|66\/100|[from] Stealth Rock\n|turn|64\n|\n|t:|1700512485\n|-terastallize|p1a: Noivern|Flying\n|move|p1a: Noivern|Hurricane|p2a: Ting-Lu\n|-damage|p2a: Ting-Lu|0 fnt\n|faint|p2a: Ting-Lu\n|-damage|p1a: Noivern|56\/100|[from] item: Life Orb\n|\n|upkeep\n|\n|t:|1700512491\n|switch|p2a: Alomomola|Alomomola, M|46\/100\n|turn|65\n|\n|t:|1700512494\n|move|p1a: Noivern|Hurricane|p2a: Alomomola\n|-damage|p2a: Alomomola|0 fnt\n|faint|p2a: Alomomola\n|-damage|p1a: Noivern|46\/100|[from] item: Life Orb\n|\n|upkeep\n|\n|t:|1700512499\n|switch|p2a: Hoopa|Hoopa-Unbound|8\/100\n|turn|66\n|\n|t:|1700512509\n|move|p1a: Noivern|Boomburst|p2a: Hoopa\n|-damage|p2a: Hoopa|0 fnt\n|faint|p2a: Hoopa\n|-damage|p1a: Noivern|36\/100|[from] item: Life Orb\n|\n|win|dagger4275\n|raw|dagger4275's rating: 1109 &rarr; <strong>1132<\/strong><br \/>(+23 for winning)\n|raw|monoloco12's rating: 1086 &rarr; <strong>1065<\/strong><br \/>(-21 for losing)\n|c|\u2606dagger4275|Gg\n|l|\u2606monoloco12\n","uploadtime":1700512521,"views":5,"p1id":"dagger4275","p2id":"monoloco12","formatid":"gen9ou","rating":1065,"private":0,"password":""}