{"id":"gen9ou-1997916437","p1":"Poison Ivy Thorns","p2":"eggdog00","format":"[Gen 9] OU","log":"|j|\u2606Poison Ivy Thorns\n|j|\u203deggdog00\n|t:|1700867121\n|gametype|singles\n|player|p1|Poison Ivy Thorns|magmagruntf|1464\n|player|p2|eggdog00|170|1529\n|teamsize|p1|6\n|teamsize|p2|6\n|gen|9\n|tier|[Gen 9] OU\n|rated|\n|rule|Sleep Clause Mod: Limit one foe put to sleep\n|rule|Species Clause: Limit one of each Pok\u00e9mon\n|rule|OHKO Clause: OHKO moves are banned\n|rule|Evasion Items Clause: Evasion items are banned\n|rule|Evasion Moves Clause: Evasion moves are banned\n|rule|Endless Battle Clause: Forcing endless battles is banned\n|rule|HP Percentage Mod: HP is shown in percentages\n|clearpoke\n|poke|p1|Mew|\n|poke|p1|Enamorus, F|\n|poke|p1|Heatran, M|\n|poke|p1|Mandibuzz, F|\n|poke|p1|Dragapult, F|\n|poke|p1|Great Tusk|\n|poke|p2|Zapdos|\n|poke|p2|Great Tusk|\n|poke|p2|Goodra-Hisui, F|\n|poke|p2|Ogerpon-Wellspring, F|\n|poke|p2|Sandy Shocks|\n|poke|p2|Iron Valiant|\n|teampreview\n|inactive|Battle timer is ON: inactive players will automatically lose when time's up. (requested by eggdog00)\n|inactive|Poison Ivy Thorns also wants the timer to be on.\n|\n|t:|1700867144\n|start\n|switch|p1a: Mew|Mew|100\/100\n|switch|p2a: Sandy Shocks|Sandy Shocks|100\/100\n|turn|1\n|\n|t:|1700867149\n|move|p2a: Sandy Shocks|Earth Power|p1a: Mew\n|-damage|p1a: Mew|50\/100\n|move|p1a: Mew|Ice Beam|p2a: Sandy Shocks\n|-supereffective|p2a: Sandy Shocks\n|-damage|p2a: Sandy Shocks|5\/100\n|\n|upkeep\n|turn|2\n|\n|t:|1700867161\n|switch|p1a: Enamorus|Enamorus, F|100\/100\n|move|p2a: Sandy Shocks|Earth Power|p1a: Enamorus\n|-immune|p1a: Enamorus\n|\n|upkeep\n|turn|3\n|\n|t:|1700867165\n|-end|p2a: Sandy Shocks|Protosynthesis|[silent]\n|switch|p2a: Goodra|Goodra-Hisui, F|100\/100\n|move|p1a: Enamorus|Moonblast|p2a: Goodra\n|-damage|p2a: Goodra|76\/100\n|\n|upkeep\n|turn|4\n|\n|t:|1700867173\n|switch|p1a: Mandibuzz|Mandibuzz, F|100\/100\n|switch|p2a: Sandy Shocks|Sandy Shocks|5\/100\n|\n|upkeep\n|turn|5\n|\n|t:|1700867180\n|switch|p1a: Great Tusk|Great Tusk|100\/100\n|move|p2a: Sandy Shocks|Volt Switch|p1a: Great Tusk\n|-immune|p1a: Great Tusk\n|\n|upkeep\n|turn|6\n|\n|t:|1700867184\n|-end|p2a: Sandy Shocks|Protosynthesis|[silent]\n|switch|p2a: Zapdos|Zapdos|100\/100\n|move|p1a: Great Tusk|Stealth Rock|p2a: Zapdos\n|-sidestart|p2: eggdog00|move: Stealth Rock\n|\n|upkeep\n|turn|7\n|\n|t:|1700867187\n|-end|p1a: Great Tusk|Protosynthesis|[silent]\n|switch|p1a: Heatran|Heatran, M|100\/100\n|move|p2a: Zapdos|Hurricane|p1a: Heatran\n|-resisted|p1a: Heatran\n|-damage|p1a: Heatran|86\/100\n|\n|-heal|p1a: Heatran|92\/100|[from] item: Leftovers\n|upkeep\n|turn|8\n|\n|t:|1700867193\n|move|p2a: Zapdos|Volt Switch|p1a: Heatran\n|-damage|p1a: Heatran|75\/100\n|\n|t:|1700867195\n|switch|p2a: Goodra|Goodra-Hisui, F|76\/100|[from] Volt Switch\n|-damage|p2a: Goodra|70\/100|[from] Stealth Rock\n|move|p1a: Heatran|Magma Storm|p2a: Goodra\n|-damage|p2a: Goodra|51\/100\n|-activate|p2a: Goodra|move: Magma Storm|[of] p1a: Heatran\n|\n|-heal|p1a: Heatran|81\/100|[from] item: Leftovers\n|-damage|p2a: Goodra|39\/100|[from] move: Magma Storm|[partiallytrapped]\n|upkeep\n|turn|9\n|\n|t:|1700867200\n|move|p1a: Heatran|Protect|p1a: Heatran\n|-singleturn|p1a: Heatran|Protect\n|move|p2a: Goodra|Dragon Tail|p1a: Heatran\n|-activate|p1a: Heatran|move: Protect\n|\n|-heal|p1a: Heatran|87\/100|[from] item: Leftovers\n|-damage|p2a: Goodra|27\/100|[from] move: Magma Storm|[partiallytrapped]\n|upkeep\n|turn|10\n|\n|t:|1700867204\n|move|p1a: Heatran|Earth Power|p2a: Goodra\n|-supereffective|p2a: Goodra\n|-damage|p2a: Goodra|4\/100\n|-unboost|p2a: Goodra|spd|1\n|move|p2a: Goodra|Knock Off|p1a: Heatran\n|-crit|p1a: Heatran\n|-damage|p1a: Heatran|62\/100\n|-enditem|p1a: Heatran|Leftovers|[from] move: Knock Off|[of] p2a: Goodra\n|\n|-damage|p2a: Goodra|0 fnt|[from] move: Magma Storm|[partiallytrapped]\n|faint|p2a: Goodra\n|upkeep\n|\n|t:|1700867207\n|switch|p2a: Great Tusk|Great Tusk|100\/100\n|turn|11\n|\n|t:|1700867212\n|switch|p1a: Mandibuzz|Mandibuzz, F|100\/100\n|move|p2a: Great Tusk|Knock Off|p1a: Mandibuzz\n|-resisted|p1a: Mandibuzz\n|-damage|p1a: Mandibuzz|90\/100\n|-enditem|p1a: Mandibuzz|Heavy-Duty Boots|[from] move: Knock Off|[of] p2a: Great Tusk\n|\n|upkeep\n|turn|12\n|\n|t:|1700867216\n|move|p2a: Great Tusk|Knock Off|p1a: Mandibuzz\n|-resisted|p1a: Mandibuzz\n|-damage|p1a: Mandibuzz|84\/100\n|move|p1a: Mandibuzz|Toxic|p2a: Great Tusk\n|-status|p2a: Great Tusk|tox\n|\n|-damage|p2a: Great Tusk|94\/100 tox|[from] psn\n|upkeep\n|turn|13\n|\n|t:|1700867220\n|switch|p1a: Dragapult|Dragapult, F|100\/100\n|move|p2a: Great Tusk|Rapid Spin|p1a: Dragapult\n|-immune|p1a: Dragapult\n|\n|-damage|p2a: Great Tusk|82\/100 tox|[from] psn\n|upkeep\n|turn|14\n|-message|eggdog00 forfeited.\n|\n|win|Poison Ivy Thorns\n|raw|Poison Ivy Thorns's rating: 1464 &rarr; <strong>1488<\/strong><br \/>(+24 for winning)\n|raw|eggdog00's rating: 1529 &rarr; <strong>1505<\/strong><br \/>(-24 for losing)\n|l|\u203deggdog00\n","uploadtime":1700867251,"views":2,"p1id":"poisonivythorns","p2id":"eggdog00","formatid":"gen9ou","rating":1488,"private":0,"password":""}