{"id":"gen9ou-1991940320","p1":"YJTYGV","p2":"Replay fx","format":"[Gen 9] OU","log":"|j|\u2606YJTYGV\n|j|\u2606Replay fx\n|t:|1700140630\n|gametype|singles\n|player|p1|YJTYGV|bugcatcher-gen4dp|1134\n|player|p2|Replay fx|cynthia|1141\n|teamsize|p1|6\n|teamsize|p2|6\n|gen|9\n|tier|[Gen 9] OU\n|rated|\n|rule|Sleep Clause Mod: Limit one foe put to sleep\n|rule|Species Clause: Limit one of each Pok\u00e9mon\n|rule|OHKO Clause: OHKO moves are banned\n|rule|Evasion Items Clause: Evasion items are banned\n|rule|Evasion Moves Clause: Evasion moves are banned\n|rule|Endless Battle Clause: Forcing endless battles is banned\n|rule|HP Percentage Mod: HP is shown in percentages\n|clearpoke\n|poke|p1|Dragapult, M|\n|poke|p1|Slowking-Galar, F|\n|poke|p1|Scizor, F|\n|poke|p1|Kommo-o, M|\n|poke|p1|Cinderace, M|\n|poke|p1|Dondozo, M|\n|poke|p2|Great Tusk|\n|poke|p2|Kingambit, M|\n|poke|p2|Ogerpon-Wellspring, F|\n|poke|p2|Cinderace, F|\n|poke|p2|Zapdos|\n|poke|p2|Garchomp, M|\n|teampreview\n|\n|t:|1700140652\n|start\n|switch|p1a: Sizzors|Scizor, F, shiny|100\/100\n|switch|p2a: Cinderace|Cinderace, F|100\/100\n|turn|1\n|\n|t:|1700140658\n|switch|p1a: Dondozo|Dondozo, M|100\/100\n|move|p2a: Cinderace|Pyro Ball|p1a: Dondozo\n|-resisted|p1a: Dondozo\n|-damage|p1a: Dondozo|87\/100\n|-status|p1a: Dondozo|brn\n|\n|-damage|p1a: Dondozo|81\/100 brn|[from] brn\n|upkeep\n|turn|2\n|\n|t:|1700140669\n|move|p2a: Cinderace|U-turn|p1a: Dondozo\n|-start|p2a: Cinderace|typechange|Bug|[from] ability: Libero\n|-damage|p1a: Dondozo|62\/100 brn\n|\n|t:|1700140676\n|switch|p2a: Zapdos|Zapdos|100\/100|[from] U-turn\n|move|p1a: Dondozo|Rest|p1a: Dondozo\n|-status|p1a: Dondozo|slp|[from] move: Rest\n|-heal|p1a: Dondozo|100\/100 slp|[silent]\n|\n|upkeep\n|turn|3\n|\n|t:|1700140687\n|switch|p1a: King Of Slow|Slowking-Galar, F|100\/100\n|move|p2a: Zapdos|Thunderbolt|p1a: King Of Slow\n|-damage|p1a: King Of Slow|66\/100\n|-status|p1a: King Of Slow|par\n|\n|upkeep\n|turn|4\n|\n|t:|1700140696\n|move|p2a: Zapdos|Volt Switch|p1a: King Of Slow\n|-damage|p1a: King Of Slow|43\/100 par\n|\n|t:|1700140708\n|switch|p2a: Kingambit|Kingambit, M|100\/100|[from] Volt Switch\n|cant|p1a: King Of Slow|par\n|\n|upkeep\n|turn|5\n|\n|t:|1700140720\n|switch|p1a: KOMMMO|Kommo-o, M|100\/100\n|move|p2a: Kingambit|Kowtow Cleave|p1a: KOMMMO\n|-resisted|p1a: KOMMMO\n|-damage|p1a: KOMMMO|76\/100\n|\n|upkeep\n|turn|6\n|\n|t:|1700140737\n|-end|p2a: Kingambit|fallenundefined|[silent]\n|switch|p2a: Zapdos|Zapdos|100\/100\n|move|p1a: KOMMMO|Clangorous Soul|p1a: KOMMMO\n|-boost|p1a: KOMMMO|atk|1\n|-boost|p1a: KOMMMO|def|1\n|-boost|p1a: KOMMMO|spa|1\n|-boost|p1a: KOMMMO|spd|1\n|-boost|p1a: KOMMMO|spe|1\n|-damage|p1a: KOMMMO|43\/100\n|-enditem|p1a: KOMMMO|Throat Spray\n|-boost|p1a: KOMMMO|spa|1|[from] item: Throat Spray\n|\n|upkeep\n|turn|7\n|\n|t:|1700140749\n|move|p1a: KOMMMO|Clanging Scales|p2a: Zapdos\n|-damage|p2a: Zapdos|0 fnt\n|faint|p2a: Zapdos\n|-unboost|p1a: KOMMMO|def|1\n|\n|upkeep\n|\n|t:|1700140768\n|switch|p2a: Ogerpon|Ogerpon-Wellspring, F|100\/100\n|turn|8\n|\n|t:|1700140783\n|move|p1a: KOMMMO|Clanging Scales|p2a: Ogerpon\n|-damage|p2a: Ogerpon|0 fnt\n|faint|p2a: Ogerpon\n|-unboost|p1a: KOMMMO|def|1\n|\n|upkeep\n|\n|t:|1700140792\n|switch|p2a: Kingambit|Kingambit, M|100\/100\n|-activate|p2a: Kingambit|ability: Supreme Overlord\n|-start|p2a: Kingambit|fallen2|[silent]\n|turn|9\n|\n|t:|1700140797\n|move|p2a: Kingambit|Sucker Punch|p1a: KOMMMO\n|-resisted|p1a: KOMMMO\n|-damage|p1a: KOMMMO|6\/100\n|move|p1a: KOMMMO|Aura Sphere|p2a: Kingambit\n|-supereffective|p2a: Kingambit\n|-damage|p2a: Kingambit|0 fnt\n|faint|p2a: Kingambit\n|-end|p2a: Kingambit|fallen2|[silent]\n|\n|upkeep\n|\n|t:|1700140805\n|switch|p2a: Great Tusk|Great Tusk|100\/100\n|turn|10\n|\n|t:|1700140812\n|move|p1a: KOMMMO|Clanging Scales|p2a: Great Tusk\n|-damage|p2a: Great Tusk|0 fnt\n|faint|p2a: Great Tusk\n|-end|p2a: Great Tusk|Protosynthesis|[silent]\n|-unboost|p1a: KOMMMO|def|1\n|\n|upkeep\n|\n|t:|1700140820\n|switch|p2a: Cinderace|Cinderace, F|100\/100\n|turn|11\n|\n|t:|1700140826\n|move|p1a: KOMMMO|Clanging Scales|p2a: Cinderace\n|-damage|p2a: Cinderace|0 fnt\n|faint|p2a: Cinderace\n|-unboost|p1a: KOMMMO|def|1\n|\n|upkeep\n|\n|t:|1700140831\n|switch|p2a: Garchomp|Garchomp, M|100\/100\n|turn|12\n|\n|t:|1700140837\n|-terastallize|p2a: Garchomp|Steel\n|move|p1a: KOMMMO|Clanging Scales|p2a: Garchomp\n|-resisted|p2a: Garchomp\n|-damage|p2a: Garchomp|55\/100\n|-unboost|p1a: KOMMMO|def|1\n|move|p2a: Garchomp|Dragon Tail|p1a: KOMMMO\n|-supereffective|p1a: KOMMMO\n|-damage|p1a: KOMMMO|0 fnt\n|faint|p1a: KOMMMO\n|\n|upkeep\n|\n|t:|1700140846\n|switch|p1a: Footy|Cinderace, M|100\/100\n|turn|13\n|\n|t:|1700140850\n|move|p1a: Footy|Pyro Ball|p2a: Garchomp\n|-supereffective|p2a: Garchomp\n|-damage|p2a: Garchomp|0 fnt\n|faint|p2a: Garchomp\n|\n|win|YJTYGV\n|raw|YJTYGV's rating: 1134 &rarr; <strong>1160<\/strong><br \/>(+26 for winning)\n|raw|Replay fx's rating: 1141 &rarr; <strong>1115<\/strong><br \/>(-26 for losing)\n|l|\u2606Replay fx\n","uploadtime":1700140856,"views":15,"p1id":"yjtygv","p2id":"replayfx","formatid":"gen9ou","rating":1115,"private":0,"password":""}