{"id":"gen9ou-1989379583","p1":"DerekGrish","p2":"tom chwando","format":"[Gen 9] OU","log":"|j|\u2606DerekGrish\n|j|\u2606tom chwando\n|t:|1699842886\n|gametype|singles\n|player|p1|DerekGrish|hoopster|\n|player|p2|tom chwando|265|\n|teamsize|p1|6\n|teamsize|p2|6\n|gen|9\n|tier|[Gen 9] OU\n|rule|Sleep Clause Mod: Limit one foe put to sleep\n|rule|Species Clause: Limit one of each Pok\u00e9mon\n|rule|OHKO Clause: OHKO moves are banned\n|rule|Evasion Items Clause: Evasion items are banned\n|rule|Evasion Moves Clause: Evasion moves are banned\n|rule|Endless Battle Clause: Forcing endless battles is banned\n|rule|HP Percentage Mod: HP is shown in percentages\n|clearpoke\n|poke|p1|Gholdengo|\n|poke|p1|Weavile, M|\n|poke|p1|Tornadus-Therian, M|\n|poke|p1|Electrode-Hisui|\n|poke|p1|Garchomp, M|\n|poke|p1|Magnezone|\n|poke|p2|Enamorus, F|\n|poke|p2|Meowscarada, F|\n|poke|p2|Mandibuzz, F|\n|poke|p2|Tauros-Paldea-Aqua, M|\n|poke|p2|Armarouge, M|\n|poke|p2|Indeedee, M|\n|teampreview\n|j| Derpyderk\n|j| ajpjlm\n|j| MaxiumMeda\n|j| guner9542\n|j| KingDuns\n|j| BossShuckle\n|c| KingDuns|Start\n|\n|t:|1699842911\n|start\n|switch|p1a: 8 Ball|Electrode-Hisui, shiny|100\/100\n|switch|p2a: Mandy|Mandibuzz, F|100\/100\n|turn|1\n|c| KingDuns|Timer\n|inactive|Battle timer is ON: inactive players will automatically lose when time's up. (requested by DerekGrish)\n|\n|t:|1699842950\n|switch|p2a: Meow mix|Meowscarada, F|100\/100\n|move|p1a: 8 Ball|Volt Switch|p2a: Meow mix\n|-resisted|p2a: Meow mix\n|-damage|p2a: Meow mix|74\/100\n|\n|t:|1699842971\n|switch|p1a: Shofu|Weavile, M|100\/100|[from] Volt Switch\n|-ability|p1a: Shofu|Pressure\n|\n|upkeep\n|turn|2\n|\n|t:|1699842984\n|switch|p2a: Billy|Tauros-Paldea-Aqua, M|100\/100\n|-ability|p2a: Billy|Intimidate|boost\n|-fail|p1a: Shofu|unboost|[from] item: Clear Amulet|[of] p1a: Shofu\n|move|p1a: Shofu|Ice Spinner|p2a: Billy\n|-resisted|p2a: Billy\n|-damage|p2a: Billy|79\/100\n|\n|upkeep\n|turn|3\n|\n|t:|1699843008\n|-terastallize|p1a: Shofu|Psychic\n|-terastallize|p2a: Billy|Fairy\n|move|p1a: Shofu|Tera Blast|p2a: Billy|[anim] Tera Blast Psychic\n|-damage|p2a: Billy|36\/100\n|move|p2a: Billy|Tera Blast|p1a: Shofu|[anim] Tera Blast Fairy\n|-damage|p1a: Shofu|6\/100\n|\n|upkeep\n|turn|4\n|inactive|tom chwando has 270 seconds left.\n|\n|t:|1699843037\n|switch|p2a: Meow mix|Meowscarada, F|74\/100\n|move|p1a: Shofu|Tera Blast|p2a: Meow mix|[anim] Tera Blast Psychic\n|-immune|p2a: Meow mix\n|\n|upkeep\n|turn|5\n|inactive|tom chwando has 270 seconds left.\n|inactive|tom chwando has 240 seconds left.\n|\n|t:|1699843081\n|move|p1a: Shofu|Ice Spinner|p2a: Meow mix\n|-supereffective|p2a: Meow mix\n|-damage|p2a: Meow mix|0 fnt\n|faint|p2a: Meow mix\n|\n|upkeep\n|\n|t:|1699843088\n|switch|p2a: Mandy|Mandibuzz, F|100\/100\n|turn|6\n|\n|t:|1699843109\n|switch|p1a: Bob Lazar|Magnezone|100\/100\n|move|p2a: Mandy|Knock Off|p1a: Bob Lazar\n|-damage|p1a: Bob Lazar|80\/100\n|-enditem|p1a: Bob Lazar|Choice Specs|[from] move: Knock Off|[of] p2a: Mandy\n|\n|upkeep\n|turn|7\n|inactive|tom chwando has 240 seconds left.\n|inactive|tom chwando has 210 seconds left.\n|\n|t:|1699843164\n|move|p2a: Mandy|Roost||[still]\n|-fail|p2a: Mandy|heal\n|move|p1a: Bob Lazar|Thunderbolt|p2a: Mandy\n|-supereffective|p2a: Mandy\n|-damage|p2a: Mandy|21\/100\n|\n|upkeep\n|turn|8\n|inactive|tom chwando has 210 seconds left.\n|\n|t:|1699843182\n|move|p2a: Mandy|Roost|p2a: Mandy\n|-heal|p2a: Mandy|71\/100\n|-singleturn|p2a: Mandy|move: Roost\n|move|p1a: Bob Lazar|Thunderbolt|p2a: Mandy\n|-damage|p2a: Mandy|32\/100\n|\n|upkeep\n|turn|9\n|inactive|DerekGrish has 270 seconds left.\n|\n|t:|1699843214\n|move|p2a: Mandy|Roost|p2a: Mandy\n|-heal|p2a: Mandy|82\/100\n|-singleturn|p2a: Mandy|move: Roost\n|move|p1a: Bob Lazar|Thunderbolt|p2a: Mandy\n|-damage|p2a: Mandy|39\/100\n|\n|upkeep\n|turn|10\n|inactive|tom chwando has 210 seconds left.\n|inactive|tom chwando has 180 seconds left.\n|c| KingDuns|Dennis 1 for a stroke 2 for if you're good\n|c| MaxiumMeda|Same for rodney\n|\n|t:|1699843274\n|move|p2a: Mandy|Roost|p2a: Mandy\n|-heal|p2a: Mandy|89\/100\n|-singleturn|p2a: Mandy|move: Roost\n|move|p1a: Bob Lazar|Volt Switch|p2a: Mandy\n|-damage|p2a: Mandy|57\/100\n|c| KingDuns|That wasn't an option dumbass\n|c| KingDuns|I said 1 or 2\n|inactive|DerekGrish has 270 seconds left.\n|\n|t:|1699843300\n|switch|p1a: A Bitch Mon|Garchomp, M, shiny|100\/100|[from] Volt Switch\n|\n|upkeep\n|turn|11\n|\n|t:|1699843308\n|switch|p2a: Popo|Enamorus, F|100\/100\n|move|p1a: A Bitch Mon|Stone Edge|p2a: Popo\n|-supereffective|p2a: Popo\n|-damage|p2a: Popo|0 fnt\n|faint|p2a: Popo\n|\n|upkeep\n|inactive|tom chwando has 150 seconds left.\n|\n|t:|1699843339\n|switch|p2a: I exist to switch|Indeedee, M|100\/100\n|-fieldstart|move: Psychic Terrain|[from] ability: Psychic Surge|[of] p2a: I exist to switch\n|turn|12\n|c| KingDuns|You don't deserve chomp\n|inactive|tom chwando has 150 seconds left.\n|inactive|DerekGrish has 270 seconds left.\n|\n|t:|1699843359\n|move|p2a: I exist to switch|Dazzling Gleam|p1a: A Bitch Mon\n|-supereffective|p1a: A Bitch Mon\n|-damage|p1a: A Bitch Mon|69\/100\n|move|p1a: A Bitch Mon|Earthquake|p2a: I exist to switch\n|-damage|p2a: I exist to switch|0 fnt\n|faint|p2a: I exist to switch\n|\n|upkeep\n|\n|t:|1699843366\n|switch|p2a: Domain expansion|Armarouge, M|100\/100\n|turn|13\n|inactive|tom chwando has 150 seconds left.\n|\n|t:|1699843372\n|move|p1a: A Bitch Mon|Earthquake|p2a: Domain expansion\n|-supereffective|p2a: Domain expansion\n|-crit|p2a: Domain expansion\n|-damage|p2a: Domain expansion|0 fnt\n|faint|p2a: Domain expansion\n|\n|upkeep\n|inactive|tom chwando has 150 seconds left.\n|c| MaxiumMeda|that mattered btw\n|c| MaxiumMeda|phys def\n|c| MaxiumMeda|gg leprechauns\n|inactive|tom chwando has 120 seconds left.\n|\n|t:|1699843408\n|switch|p2a: Billy|Tauros-Paldea-Aqua, M, tera:Fairy|36\/100\n|-ability|p2a: Billy|Intimidate|boost\n|-unboost|p1a: A Bitch Mon|atk|1\n|turn|14\n|\n|t:|1699843430\n|switch|p1a: Birdman|Tornadus-Therian, M|100\/100\n|move|p2a: Billy|Tera Blast|p1a: Birdman|[anim] Tera Blast Fairy\n|-damage|p1a: Birdman|50\/100\n|\n|upkeep\n|turn|15\n|inactive|DerekGrish has 270 seconds left.\n|\n|t:|1699843458\n|switch|p2a: Mandy|Mandibuzz, F|57\/100\n|move|p1a: Birdman|Bleakwind Storm|p2a: Mandy\n|-damage|p2a: Mandy|34\/100\n|\n|upkeep\n|turn|16\n|\n|t:|1699843463\n|move|p1a: Birdman|Taunt|p2a: Mandy\n|-start|p2a: Mandy|move: Taunt\n|move|p2a: Mandy|Knock Off|p1a: Birdman\n|-damage|p1a: Birdman|29\/100\n|-enditem|p1a: Birdman|Heavy-Duty Boots|[from] move: Knock Off|[of] p2a: Mandy\n|\n|upkeep\n|turn|17\n|\n|t:|1699843474\n|move|p1a: Birdman|U-turn|p2a: Mandy\n|-damage|p2a: Mandy|22\/100\n|\n|t:|1699843476\n|switch|p1a: Bob Lazar|Magnezone|80\/100|[from] U-turn\n|move|p2a: Mandy|Knock Off|p1a: Bob Lazar\n|-damage|p1a: Bob Lazar|67\/100\n|\n|upkeep\n|turn|18\n|inactive|tom chwando has 150 seconds left.\n|\n|t:|1699843486\n|move|p2a: Mandy|U-turn|p1a: Bob Lazar\n|-resisted|p1a: Bob Lazar\n|-damage|p1a: Bob Lazar|61\/100\n|\n|t:|1699843489\n|switch|p2a: Billy|Tauros-Paldea-Aqua, M, tera:Fairy|36\/100|[from] U-turn\n|-ability|p2a: Billy|Intimidate|boost\n|-unboost|p1a: Bob Lazar|atk|1\n|move|p1a: Bob Lazar|Thunderbolt|p2a: Billy\n|-damage|p2a: Billy|0 fnt\n|faint|p2a: Billy\n|\n|upkeep\n|\n|t:|1699843496\n|switch|p2a: Mandy|Mandibuzz, F|22\/100\n|turn|19\n|\n|t:|1699843501\n|move|p2a: Mandy|Knock Off|p1a: Bob Lazar\n|-damage|p1a: Bob Lazar|48\/100\n|move|p1a: Bob Lazar|Thunderbolt|p2a: Mandy\n|-supereffective|p2a: Mandy\n|-damage|p2a: Mandy|0 fnt\n|faint|p2a: Mandy\n|\n|win|DerekGrish\n","uploadtime":1699843509,"views":30,"p1id":"derekgrish","p2id":"tomchwando","formatid":"gen9ou","rating":0,"private":0,"password":""}