{"id":"gen9ou-1989600691","p1":"IC1","p2":"Not so salt","format":"[Gen 9] OU","log":"|j|\u2606IC1\n|j|\u2606Not so salt\n|t:|1699877230\n|gametype|singles\n|player|p1|IC1|firebreather|1212\n|player|p2|Not so salt|striker|1198\n|teamsize|p1|6\n|teamsize|p2|6\n|gen|9\n|tier|[Gen 9] OU\n|rated|\n|rule|Sleep Clause Mod: Limit one foe put to sleep\n|rule|Species Clause: Limit one of each Pok\u00e9mon\n|rule|OHKO Clause: OHKO moves are banned\n|rule|Evasion Items Clause: Evasion items are banned\n|rule|Evasion Moves Clause: Evasion moves are banned\n|rule|Endless Battle Clause: Forcing endless battles is banned\n|rule|HP Percentage Mod: HP is shown in percentages\n|clearpoke\n|poke|p1|Ogerpon-Wellspring, F|\n|poke|p1|Iron Valiant|\n|poke|p1|Kingambit, M|\n|poke|p1|Cinderace, F|\n|poke|p1|Great Tusk|\n|poke|p1|Dragapult, M|\n|poke|p2|Rillaboom, F|\n|poke|p2|Sneasler, F|\n|poke|p2|Zamazenta-*|\n|poke|p2|Iron Valiant|\n|poke|p2|Iron Moth|\n|poke|p2|Kingambit, F|\n|teampreview\n|c|\u2606Not so salt|Hf\n|\n|t:|1699877244\n|start\n|switch|p1a: Ogerpon|Ogerpon-Wellspring, F|100\/100\n|switch|p2a: Rillaboom|Rillaboom, F|100\/100\n|-fieldstart|move: Grassy Terrain|[from] ability: Grassy Surge|[of] p2a: Rillaboom\n|turn|1\n|\n|t:|1699877257\n|switch|p1a: Cinderace|Cinderace, F|100\/100\n|move|p2a: Rillaboom|Drum Beating|p1a: Cinderace\n|-resisted|p1a: Cinderace\n|-damage|p1a: Cinderace|65\/100\n|-unboost|p1a: Cinderace|spe|1\n|\n|-heal|p1a: Cinderace|71\/100|[from] Grassy Terrain\n|upkeep\n|turn|2\n|\n|t:|1699877269\n|switch|p2a: Iron Moth|Iron Moth|100\/100\n|-enditem|p2a: Iron Moth|Booster Energy\n|-activate|p2a: Iron Moth|ability: Quark Drive|[fromitem]\n|-start|p2a: Iron Moth|quarkdrivespe\n|move|p1a: Cinderace|Pyro Ball|p2a: Iron Moth|[miss]\n|-miss|p1a: Cinderace|p2a: Iron Moth\n|\n|-heal|p1a: Cinderace|77\/100|[from] Grassy Terrain\n|upkeep\n|turn|3\n|\n|t:|1699877276\n|move|p2a: Iron Moth|Substitute|p2a: Iron Moth\n|-start|p2a: Iron Moth|Substitute\n|-damage|p2a: Iron Moth|76\/100\n|move|p1a: Cinderace|U-turn|p2a: Iron Moth\n|-resisted|p2a: Iron Moth\n|-activate|p2a: Iron Moth|move: Substitute|[damage]\n|\n|t:|1699877285\n|switch|p1a: Great Tusk|Great Tusk|100\/100|[from] U-turn\n|-enditem|p1a: Great Tusk|Booster Energy\n|-activate|p1a: Great Tusk|ability: Protosynthesis|[fromitem]\n|-start|p1a: Great Tusk|protosynthesisatk\n|\n|-heal|p2a: Iron Moth|82\/100|[from] Grassy Terrain\n|upkeep\n|turn|4\n|\n|t:|1699877290\n|move|p2a: Iron Moth|Energy Ball|p1a: Great Tusk\n|-supereffective|p1a: Great Tusk\n|-damage|p1a: Great Tusk|0 fnt\n|faint|p1a: Great Tusk\n|-end|p1a: Great Tusk|Protosynthesis|[silent]\n|\n|-heal|p2a: Iron Moth|88\/100|[from] Grassy Terrain\n|upkeep\n|c|\u2606IC1|fdge\n|\n|t:|1699877299\n|switch|p1a: Dragapult|Dragapult, M|100\/100\n|turn|5\n|\n|t:|1699877303\n|move|p2a: Iron Moth|Fiery Dance|p1a: Dragapult\n|-resisted|p1a: Dragapult\n|-damage|p1a: Dragapult|72\/100\n|move|p1a: Dragapult|Shadow Ball|p2a: Iron Moth\n|-damage|p2a: Iron Moth|30\/100\n|\n|-heal|p2a: Iron Moth|36\/100|[from] Grassy Terrain\n|-heal|p1a: Dragapult|78\/100|[from] Grassy Terrain\n|upkeep\n|turn|6\n|c|\u2606IC1|lets dance den\n|\n|t:|1699877316\n|move|p2a: Iron Moth|Sludge Wave|p1a: Dragapult\n|-resisted|p1a: Dragapult\n|-crit|p1a: Dragapult\n|-damage|p1a: Dragapult|30\/100\n|move|p1a: Dragapult|Shadow Ball|p2a: Iron Moth\n|-damage|p2a: Iron Moth|0 fnt\n|faint|p2a: Iron Moth\n|-end|p2a: Iron Moth|Quark Drive|[silent]\n|\n|-heal|p1a: Dragapult|36\/100|[from] Grassy Terrain\n|upkeep\n|\n|t:|1699877329\n|switch|p2a: Iron Valiant|Iron Valiant|100\/100\n|-enditem|p2a: Iron Valiant|Booster Energy\n|-activate|p2a: Iron Valiant|ability: Quark Drive|[fromitem]\n|-start|p2a: Iron Valiant|quarkdrivespe\n|turn|7\n|\n|t:|1699877338\n|switch|p1a: Kingambit|Kingambit, M|100\/100\n|-activate|p1a: Kingambit|ability: Supreme Overlord\n|-start|p1a: Kingambit|fallen1|[silent]\n|move|p2a: Iron Valiant|Calm Mind|p2a: Iron Valiant\n|-boost|p2a: Iron Valiant|spa|1\n|-boost|p2a: Iron Valiant|spd|1\n|\n|upkeep\n|turn|8\n|\n|t:|1699877349\n|-terastallize|p1a: Kingambit|Fairy\n|move|p2a: Iron Valiant|Moonblast|p1a: Kingambit\n|-damage|p1a: Kingambit|31\/100\n|move|p1a: Kingambit|Iron Head|p2a: Iron Valiant\n|-supereffective|p2a: Iron Valiant\n|-damage|p2a: Iron Valiant|0 fnt\n|faint|p2a: Iron Valiant\n|-end|p2a: Iron Valiant|Quark Drive|[silent]\n|\n|-heal|p1a: Kingambit|37\/100|[from] Grassy Terrain\n|-heal|p1a: Kingambit|43\/100|[from] item: Leftovers\n|-fieldend|move: Grassy Terrain\n|upkeep\n|\n|t:|1699877356\n|switch|p2a: Rillaboom|Rillaboom, F|100\/100\n|-fieldstart|move: Grassy Terrain|[from] ability: Grassy Surge|[of] p2a: Rillaboom\n|turn|9\n|\n|t:|1699877369\n|move|p1a: Kingambit|Sucker Punch|p2a: Rillaboom\n|-damage|p2a: Rillaboom|57\/100\n|move|p2a: Rillaboom|Drum Beating|p1a: Kingambit\n|-damage|p1a: Kingambit|0 fnt\n|faint|p1a: Kingambit\n|-end|p1a: Kingambit|fallen1|[silent]\n|\n|-heal|p2a: Rillaboom|64\/100|[from] Grassy Terrain\n|upkeep\n|\n|t:|1699877373\n|switch|p1a: Cinderace|Cinderace, F|77\/100\n|turn|10\n|\n|t:|1699877382\n|move|p1a: Cinderace|Pyro Ball|p2a: Rillaboom\n|-supereffective|p2a: Rillaboom\n|-damage|p2a: Rillaboom|0 fnt\n|faint|p2a: Rillaboom\n|\n|-heal|p1a: Cinderace|83\/100|[from] Grassy Terrain\n|upkeep\n|\n|t:|1699877383\n|switch|p2a: Sneasler|Sneasler, F|100\/100\n|-enditem|p2a: Sneasler|Grassy Seed\n|-boost|p2a: Sneasler|def|1|[from] item: Grassy Seed\n|turn|11\n|\n|t:|1699877390\n|move|p2a: Sneasler|Swords Dance|p2a: Sneasler\n|-boost|p2a: Sneasler|atk|2\n|move|p1a: Cinderace|Pyro Ball|p2a: Sneasler\n|-damage|p2a: Sneasler|43\/100\n|\n|-heal|p2a: Sneasler|49\/100|[from] Grassy Terrain\n|-heal|p1a: Cinderace|89\/100|[from] Grassy Terrain\n|upkeep\n|turn|12\n|\n|t:|1699877405\n|move|p2a: Sneasler|Dire Claw|p1a: Cinderace\n|-damage|p1a: Cinderace|0 fnt\n|faint|p1a: Cinderace\n|\n|-heal|p2a: Sneasler|55\/100|[from] Grassy Terrain\n|upkeep\n|\n|t:|1699877409\n|switch|p1a: Dragapult|Dragapult, M|36\/100\n|turn|13\n|\n|t:|1699877420\n|move|p2a: Sneasler|Acrobatics|p1a: Dragapult\n|-damage|p1a: Dragapult|0 fnt\n|faint|p1a: Dragapult\n|\n|-heal|p2a: Sneasler|61\/100|[from] Grassy Terrain\n|upkeep\n|\n|t:|1699877423\n|switch|p1a: Iron Valiant|Iron Valiant|100\/100\n|-enditem|p1a: Iron Valiant|Booster Energy\n|-activate|p1a: Iron Valiant|ability: Quark Drive|[fromitem]\n|-start|p1a: Iron Valiant|quarkdrivespe\n|turn|14\n|c|\u2606IC1|shit\n|\n|t:|1699877430\n|-terastallize|p2a: Sneasler|Flying\n|move|p2a: Sneasler|Acrobatics|p1a: Iron Valiant\n|-supereffective|p1a: Iron Valiant\n|-damage|p1a: Iron Valiant|0 fnt\n|faint|p1a: Iron Valiant\n|-end|p1a: Iron Valiant|Quark Drive|[silent]\n|\n|upkeep\n|c|\u2606IC1|gg\n|\n|t:|1699877435\n|switch|p1a: Ogerpon|Ogerpon-Wellspring, F|100\/100\n|turn|15\n|\n|t:|1699877438\n|move|p2a: Sneasler|Acrobatics|p1a: Ogerpon\n|-supereffective|p1a: Ogerpon\n|-damage|p1a: Ogerpon|0 fnt\n|faint|p1a: Ogerpon\n|\n|win|Not so salt\n|raw|IC1's rating: 1212 &rarr; <strong>1186<\/strong><br \/>(-26 for losing)\n|raw|Not so salt's rating: 1198 &rarr; <strong>1224<\/strong><br \/>(+26 for winning)\n|c|\u2606Not so salt|Gg\n","uploadtime":1699877445,"views":8,"p1id":"ic1","p2id":"notsosalt","formatid":"gen9ou","rating":1186,"private":0,"password":""}