{"id":"gen9ou-2000133332","p1":"Rekka's Tails","p2":"mamar77","format":"[Gen 9] OU","log":"|j|\u2606Rekka's Tails\n|j|\u2606mamar77\n|t:|1701160748\n|gametype|singles\n|player|p1|Rekka's Tails|lady-gen4|1345\n|player|p2|mamar77|1|1461\n|teamsize|p1|6\n|teamsize|p2|6\n|gen|9\n|tier|[Gen 9] OU\n|rated|\n|rule|Sleep Clause Mod: Limit one foe put to sleep\n|rule|Species Clause: Limit one of each Pok\u00e9mon\n|rule|OHKO Clause: OHKO moves are banned\n|rule|Evasion Items Clause: Evasion items are banned\n|rule|Evasion Moves Clause: Evasion moves are banned\n|rule|Endless Battle Clause: Forcing endless battles is banned\n|rule|HP Percentage Mod: HP is shown in percentages\n|clearpoke\n|poke|p1|Maushold-Four|\n|poke|p1|Skeledirge, M|\n|poke|p1|Okidogi, M|\n|poke|p1|Gardevoir, F|\n|poke|p1|Meowscarada, F|\n|poke|p1|Kleavor, F|\n|poke|p2|Kingambit, M|\n|poke|p2|Great Tusk|\n|poke|p2|Dragapult, F|\n|poke|p2|Ogerpon-Wellspring, F|\n|poke|p2|Blissey, F|\n|poke|p2|Zapdos|\n|teampreview\n|\n|t:|1701160756\n|start\n|switch|p1a: please don't miss|Kleavor, F, shiny|100\/100\n|switch|p2a: Dragapult|Dragapult, F|100\/100\n|turn|1\n|\n|t:|1701160773\n|move|p1a: please don't miss|Night Slash|p2a: Dragapult\n|-supereffective|p2a: Dragapult\n|-crit|p2a: Dragapult\n|-damage|p2a: Dragapult|0 fnt\n|faint|p2a: Dragapult\n|\n|upkeep\n|\n|t:|1701160787\n|switch|p2a: Ogerpon|Ogerpon-Wellspring, F|100\/100\n|turn|2\n|\n|t:|1701160797\n|switch|p1a: Extra Medium|Okidogi, M|100\/100\n|move|p2a: Ogerpon|Ivy Cudgel|p1a: Extra Medium|[anim] Ivy Cudgel Water\n|-damage|p1a: Extra Medium|54\/100\n|\n|-heal|p1a: Extra Medium|60\/100|[from] item: Leftovers\n|upkeep\n|turn|3\n|\n|t:|1701160806\n|-terastallize|p2a: Ogerpon|Water\n|detailschange|p2a: Ogerpon|Ogerpon-Wellspring-Tera, F, tera:Water\n|-ability|p2a: Ogerpon|Embody Aspect (Wellspring)|boost\n|-boost|p2a: Ogerpon|spd|1\n|move|p2a: Ogerpon|Ivy Cudgel|p1a: Extra Medium|[anim] Ivy Cudgel Water\n|-damage|p1a: Extra Medium|0 fnt\n|faint|p1a: Extra Medium\n|\n|upkeep\n|\n|t:|1701160811\n|switch|p1a: Butt Cat|Meowscarada, F, shiny|100\/100\n|turn|4\n|\n|t:|1701160823\n|switch|p2a: Zapdos|Zapdos|100\/100\n|move|p1a: Butt Cat|Thunder Punch|p2a: Zapdos\n|-start|p1a: Butt Cat|typechange|Electric|[from] ability: Protean\n|-damage|p2a: Zapdos|66\/100\n|-damage|p1a: Butt Cat|91\/100|[from] item: Life Orb\n|\n|upkeep\n|turn|5\n|\n|t:|1701160850\n|move|p1a: Butt Cat|Knock Off|p2a: Zapdos\n|-damage|p2a: Zapdos|33\/100\n|-enditem|p2a: Zapdos|Heavy-Duty Boots|[from] move: Knock Off|[of] p1a: Butt Cat\n|-damage|p1a: Butt Cat|81\/100|[from] item: Life Orb\n|move|p2a: Zapdos|Heat Wave|p1a: Butt Cat\n|-damage|p1a: Butt Cat|41\/100\n|\n|upkeep\n|turn|6\n|\n|t:|1701160861\n|move|p1a: Butt Cat|Thunder Punch|p2a: Zapdos\n|-damage|p2a: Zapdos|0 fnt\n|faint|p2a: Zapdos\n|-damage|p1a: Butt Cat|32\/100|[from] item: Life Orb\n|\n|upkeep\n|\n|t:|1701160880\n|switch|p2a: Kingambit|Kingambit, M|100\/100\n|-activate|p2a: Kingambit|ability: Supreme Overlord\n|-start|p2a: Kingambit|fallen2|[silent]\n|turn|7\n|\n|t:|1701160890\n|switch|p1a: please don't miss|Kleavor, F, shiny|100\/100\n|move|p2a: Kingambit|Swords Dance|p2a: Kingambit\n|-boost|p2a: Kingambit|atk|2\n|\n|upkeep\n|turn|8\n|\n|t:|1701160898\n|move|p1a: please don't miss|Stone Axe|p2a: Kingambit\n|-resisted|p2a: Kingambit\n|-damage|p2a: Kingambit|80\/100\n|-sidestart|p2: mamar77|move: Stealth Rock\n|move|p2a: Kingambit|Iron Head|p1a: please don't miss\n|-supereffective|p1a: please don't miss\n|-damage|p1a: please don't miss|0 fnt\n|faint|p1a: please don't miss\n|\n|-heal|p2a: Kingambit|86\/100|[from] item: Leftovers\n|upkeep\n|\n|t:|1701160904\n|switch|p1a: Butt Cat|Meowscarada, F, shiny|32\/100\n|turn|9\n|\n|t:|1701160912\n|move|p2a: Kingambit|Sucker Punch|p1a: Butt Cat\n|-resisted|p1a: Butt Cat\n|-damage|p1a: Butt Cat|0 fnt\n|faint|p1a: Butt Cat\n|\n|-heal|p2a: Kingambit|92\/100|[from] item: Leftovers\n|upkeep\n|\n|t:|1701160919\n|switch|p1a: I have a Family|Maushold-Four|100\/100\n|turn|10\n|\n|t:|1701160927\n|move|p1a: I have a Family|Encore|p2a: Kingambit\n|-start|p2a: Kingambit|Encore\n|move|p2a: Kingambit|Sucker Punch||[still]\n|-fail|p2a: Kingambit\n|\n|-heal|p2a: Kingambit|99\/100|[from] item: Leftovers\n|upkeep\n|turn|11\n|\n|t:|1701160931\n|-end|p2a: Kingambit|fallen2|[silent]\n|switch|p2a: Ogerpon|Ogerpon-Wellspring-Tera, F, tera:Water|100\/100\n|-damage|p2a: Ogerpon|88\/100|[from] Stealth Rock\n|-ability|p2a: Ogerpon|Embody Aspect (Wellspring)|boost\n|-boost|p2a: Ogerpon|spd|1\n|move|p1a: I have a Family|Tidy Up|p1a: I have a Family\n|-sideend|p2: mamar77|Stealth Rock\n|-activate|p1a: I have a Family|move: Tidy Up\n|-boost|p1a: I have a Family|atk|1\n|-boost|p1a: I have a Family|spe|1\n|\n|upkeep\n|turn|12\n|\n|t:|1701160937\n|move|p1a: I have a Family|Population Bomb|p2a: Ogerpon\n|-damage|p2a: Ogerpon|68\/100\n|-damage|p2a: Ogerpon|46\/100\n|-damage|p2a: Ogerpon|24\/100\n|-hitcount|p2a: Ogerpon|3\n|move|p2a: Ogerpon|Ivy Cudgel|p1a: I have a Family|[anim] Ivy Cudgel Water\n|-damage|p1a: I have a Family|0 fnt\n|faint|p1a: I have a Family\n|\n|upkeep\n|\n|t:|1701160944\n|switch|p1a: Skeledirge|Skeledirge, M|100\/100\n|turn|13\n|\n|t:|1701160950\n|-terastallize|p1a: Skeledirge|Flying\n|move|p2a: Ogerpon|Ivy Cudgel|p1a: Skeledirge|[anim] Ivy Cudgel Water\n|-damage|p1a: Skeledirge|52\/100\n|move|p1a: Skeledirge|Shadow Ball|p2a: Ogerpon\n|-damage|p2a: Ogerpon|0 fnt\n|faint|p2a: Ogerpon\n|\n|-heal|p1a: Skeledirge|59\/100|[from] item: Leftovers\n|upkeep\n|\n|t:|1701160963\n|switch|p2a: Blissey|Blissey, F|100\/100\n|turn|14\n|\n|t:|1701160972\n|switch|p2a: Great Tusk|Great Tusk|100\/100\n|move|p1a: Skeledirge|Yawn|p2a: Great Tusk\n|-start|p2a: Great Tusk|move: Yawn|[of] p1a: Skeledirge\n|\n|-heal|p1a: Skeledirge|65\/100|[from] item: Leftovers\n|upkeep\n|turn|15\n|\n|t:|1701160978\n|-end|p2a: Great Tusk|Protosynthesis|[silent]\n|switch|p2a: Blissey|Blissey, F|100\/100\n|move|p1a: Skeledirge|Torch Song|p2a: Blissey\n|-damage|p2a: Blissey|89\/100\n|-boost|p1a: Skeledirge|spa|1\n|\n|-heal|p1a: Skeledirge|71\/100|[from] item: Leftovers\n|upkeep\n|turn|16\n|\n|t:|1701160984\n|move|p1a: Skeledirge|Torch Song|p2a: Blissey\n|-damage|p2a: Blissey|71\/100\n|-boost|p1a: Skeledirge|spa|1\n|move|p2a: Blissey|Seismic Toss|p1a: Skeledirge\n|-damage|p1a: Skeledirge|46\/100\n|\n|-heal|p1a: Skeledirge|52\/100|[from] item: Leftovers\n|upkeep\n|turn|17\n|\n|t:|1701160987\n|move|p1a: Skeledirge|Slack Off|p1a: Skeledirge\n|-heal|p1a: Skeledirge|100\/100\n|move|p2a: Blissey|Seismic Toss|p1a: Skeledirge\n|-damage|p1a: Skeledirge|76\/100\n|\n|-heal|p1a: Skeledirge|82\/100|[from] item: Leftovers\n|upkeep\n|turn|18\n|\n|t:|1701160992\n|move|p1a: Skeledirge|Torch Song|p2a: Blissey\n|-damage|p2a: Blissey|50\/100\n|-boost|p1a: Skeledirge|spa|1\n|move|p2a: Blissey|Soft-Boiled|p2a: Blissey\n|-heal|p2a: Blissey|99\/100\n|\n|-heal|p1a: Skeledirge|88\/100|[from] item: Leftovers\n|upkeep\n|turn|19\n|\n|t:|1701160996\n|move|p1a: Skeledirge|Torch Song|p2a: Blissey\n|-damage|p2a: Blissey|72\/100\n|-boost|p1a: Skeledirge|spa|1\n|move|p2a: Blissey|Seismic Toss|p1a: Skeledirge\n|-damage|p1a: Skeledirge|64\/100\n|\n|-heal|p1a: Skeledirge|70\/100|[from] item: Leftovers\n|upkeep\n|turn|20\n|\n|t:|1701160999\n|move|p1a: Skeledirge|Torch Song|p2a: Blissey\n|-damage|p2a: Blissey|41\/100\n|-boost|p1a: Skeledirge|spa|1\n|move|p2a: Blissey|Seismic Toss|p1a: Skeledirge\n|-damage|p1a: Skeledirge|46\/100\n|\n|-heal|p1a: Skeledirge|52\/100|[from] item: Leftovers\n|upkeep\n|turn|21\n|\n|t:|1701161001\n|move|p1a: Skeledirge|Slack Off|p1a: Skeledirge\n|-heal|p1a: Skeledirge|100\/100\n|move|p2a: Blissey|Soft-Boiled|p2a: Blissey\n|-heal|p2a: Blissey|91\/100\n|\n|upkeep\n|turn|22\n|\n|t:|1701161003\n|move|p1a: Skeledirge|Torch Song|p2a: Blissey\n|-damage|p2a: Blissey|56\/100\n|-boost|p1a: Skeledirge|spa|1\n|move|p2a: Blissey|Seismic Toss|p1a: Skeledirge\n|-damage|p1a: Skeledirge|76\/100\n|\n|-heal|p1a: Skeledirge|82\/100|[from] item: Leftovers\n|upkeep\n|turn|23\n|\n|t:|1701161004\n|move|p1a: Skeledirge|Yawn|p2a: Blissey\n|-start|p2a: Blissey|move: Yawn|[of] p1a: Skeledirge\n|move|p2a: Blissey|Seismic Toss|p1a: Skeledirge\n|-damage|p1a: Skeledirge|58\/100\n|\n|-heal|p1a: Skeledirge|64\/100|[from] item: Leftovers\n|upkeep\n|turn|24\n|\n|t:|1701161006\n|move|p1a: Skeledirge|Torch Song|p2a: Blissey\n|-damage|p2a: Blissey|11\/100\n|move|p2a: Blissey|Seismic Toss|p1a: Skeledirge\n|-damage|p1a: Skeledirge|40\/100\n|\n|-heal|p1a: Skeledirge|46\/100|[from] item: Leftovers\n|-end|p2a: Blissey|move: Yawn|[silent]\n|-status|p2a: Blissey|slp\n|upkeep\n|turn|25\n|\n|t:|1701161014\n|-curestatus|p2a: Blissey|slp|[from] ability: Natural Cure\n|switch|p2a: Great Tusk|Great Tusk|100\/100\n|move|p1a: Skeledirge|Slack Off|p1a: Skeledirge\n|-heal|p1a: Skeledirge|96\/100\n|\n|-heal|p1a: Skeledirge|100\/100|[from] item: Leftovers\n|upkeep\n|turn|26\n|\n|t:|1701161024\n|move|p2a: Great Tusk|Ice Spinner|p1a: Skeledirge\n|-supereffective|p1a: Skeledirge\n|-damage|p1a: Skeledirge|73\/100\n|move|p1a: Skeledirge|Shadow Ball|p2a: Great Tusk\n|-damage|p2a: Great Tusk|0 fnt\n|faint|p2a: Great Tusk\n|-end|p2a: Great Tusk|Protosynthesis|[silent]\n|\n|-heal|p1a: Skeledirge|79\/100|[from] item: Leftovers\n|upkeep\n|\n|t:|1701161035\n|switch|p2a: Kingambit|Kingambit, M|99\/100\n|-activate|p2a: Kingambit|ability: Supreme Overlord\n|-start|p2a: Kingambit|fallen4|[silent]\n|turn|27\n|\n|t:|1701161039\n|move|p2a: Kingambit|Kowtow Cleave|p1a: Skeledirge\n|-damage|p1a: Skeledirge|36\/100\n|move|p1a: Skeledirge|Yawn|p2a: Kingambit\n|-start|p2a: Kingambit|move: Yawn|[of] p1a: Skeledirge\n|\n|-heal|p2a: Kingambit|100\/100|[from] item: Leftovers\n|-heal|p1a: Skeledirge|42\/100|[from] item: Leftovers\n|upkeep\n|turn|28\n|\n|t:|1701161048\n|switch|p1a: I'm Already Tracer|Gardevoir, F, shiny|100\/100\n|-activate|p1a: I'm Already Tracer|ability: Supreme Overlord\n|-start|p1a: I'm Already Tracer|fallen4|[silent]\n|-ability|p1a: I'm Already Tracer|Supreme Overlord|[from] ability: Trace|[of] p2a: Kingambit\n|move|p2a: Kingambit|Kowtow Cleave|p1a: I'm Already Tracer\n|-damage|p1a: I'm Already Tracer|0 fnt\n|faint|p1a: I'm Already Tracer\n|-end|p1a: I'm Already Tracer|fallen4|[silent]\n|\n|-end|p2a: Kingambit|move: Yawn|[silent]\n|-status|p2a: Kingambit|slp\n|upkeep\n|\n|t:|1701161049\n|switch|p1a: Skeledirge|Skeledirge, M, tera:Flying|42\/100\n|turn|29\n|\n|t:|1701161059\n|-end|p2a: Kingambit|fallen4|[silent]\n|switch|p2a: Blissey|Blissey, F|11\/100\n|move|p1a: Skeledirge|Slack Off|p1a: Skeledirge\n|-heal|p1a: Skeledirge|92\/100\n|\n|-heal|p1a: Skeledirge|98\/100|[from] item: Leftovers\n|upkeep\n|turn|30\n|\n|t:|1701161061\n|move|p1a: Skeledirge|Torch Song|p2a: Blissey\n|-damage|p2a: Blissey|0 fnt\n|-boost|p1a: Skeledirge|spa|1\n|faint|p2a: Blissey\n|\n|-heal|p1a: Skeledirge|100\/100|[from] item: Leftovers\n|upkeep\n|\n|t:|1701161063\n|switch|p2a: Kingambit|Kingambit, M|100\/100 slp\n|-activate|p2a: Kingambit|ability: Supreme Overlord\n|-start|p2a: Kingambit|fallen5|[silent]\n|turn|31\n|\n|t:|1701161067\n|cant|p2a: Kingambit|slp\n|move|p1a: Skeledirge|Torch Song|p2a: Kingambit\n|-supereffective|p2a: Kingambit\n|-damage|p2a: Kingambit|0 fnt\n|-boost|p1a: Skeledirge|spa|1\n|faint|p2a: Kingambit\n|-end|p2a: Kingambit|fallen5|[silent]\n|\n|win|Rekka's Tails\n|raw|Rekka&apos;s Tails's rating: 1345 &rarr; <strong>1371<\/strong><br \/>(+26 for winning)\n|raw|mamar77's rating: 1461 &rarr; <strong>1435<\/strong><br \/>(-26 for losing)\n","uploadtime":1701161078,"views":2,"p1id":"rekkastails","p2id":"mamar77","formatid":"gen9ou","rating":1371,"private":0,"password":""}