{"id":"gen9ou-1996408368","p1":"PLLV51 Pata","p2":"Home is wild","format":"[Gen 9] OU","log":"|j|\u2606PLLV51 Pata\n|j|\u2606Home is wild\n|t:|1700679173\n|gametype|singles\n|player|p1|PLLV51 Pata|scientist-gen1rb|1791\n|player|p2|Home is wild|1|1721\n|teamsize|p1|6\n|teamsize|p2|6\n|gen|9\n|tier|[Gen 9] OU\n|rated|\n|rule|Sleep Clause Mod: Limit one foe put to sleep\n|rule|Species Clause: Limit one of each Pok\u00e9mon\n|rule|OHKO Clause: OHKO moves are banned\n|rule|Evasion Items Clause: Evasion items are banned\n|rule|Evasion Moves Clause: Evasion moves are banned\n|rule|Endless Battle Clause: Forcing endless battles is banned\n|rule|HP Percentage Mod: HP is shown in percentages\n|clearpoke\n|poke|p1|Volcanion|\n|poke|p1|Ursaluna, M|\n|poke|p1|Dragapult, F|\n|poke|p1|Kingambit, F|\n|poke|p1|Enamorus, F|\n|poke|p1|Great Tusk|\n|poke|p2|Cinderace, M|\n|poke|p2|Muk-Alola, M|\n|poke|p2|Dondozo, F|\n|poke|p2|Landorus-Therian, M|\n|poke|p2|Zamazenta-*|\n|poke|p2|Clefable, M|\n|teampreview\n|inactive|Battle timer is ON: inactive players will automatically lose when time's up. (requested by PLLV51 Pata)\n|inactive|Home is wild has 120 seconds left.\n|inactive|PLLV51 Pata has 120 seconds left.\n|j| PLLV51 Foufakirby\n|j| Kindyy\n|\n|t:|1700679226\n|start\n|switch|p1a: Dragapult|Dragapult, F|100\/100\n|switch|p2a: Clefable|Clefable, M|100\/100\n|turn|1\n|\n|t:|1700679232\n|move|p1a: Dragapult|U-turn|p2a: Clefable\n|-resisted|p2a: Clefable\n|-damage|p2a: Clefable|94\/100\n|\n|t:|1700679239\n|switch|p1a: Ursaluna|Ursaluna, M|100\/100|[from] U-turn\n|move|p2a: Clefable|Knock Off|p1a: Ursaluna\n|-damage|p1a: Ursaluna|89\/100\n|-enditem|p1a: Ursaluna|Flame Orb|[from] move: Knock Off|[of] p2a: Clefable\n|\n|upkeep\n|turn|2\n|c|\u2606PLLV51 Pata|a\n|inactive|Home is wild has 120 seconds left.\n|c| PLLV51 Foufakirby|Tu t\u2019es fait karmated\n|\n|t:|1700679289\n|switch|p2a: Landorus|Landorus-Therian, M|100\/100\n|-ability|p2a: Landorus|Intimidate|boost\n|-unboost|p1a: Ursaluna|atk|1\n|move|p1a: Ursaluna|Swords Dance|p1a: Ursaluna\n|-boost|p1a: Ursaluna|atk|2\n|\n|upkeep\n|turn|3\n|\n|t:|1700679294\n|move|p2a: Landorus|Grass Knot|p1a: Ursaluna\n|-supereffective|p1a: Ursaluna\n|-damage|p1a: Ursaluna|42\/100\n|move|p1a: Ursaluna|Facade|p2a: Landorus\n|-damage|p2a: Landorus|53\/100\n|-damage|p1a: Ursaluna|26\/100|[from] item: Rocky Helmet|[of] p2a: Landorus\n|\n|upkeep\n|turn|4\n|inactive|Home is wild has 120 seconds left.\n|j| PLLV51 Jojo\n|\n|t:|1700679314\n|move|p2a: Landorus|Stealth Rock|p1a: Ursaluna\n|-sidestart|p1: PLLV51 Pata|move: Stealth Rock\n|move|p1a: Ursaluna|Facade|p2a: Landorus\n|-damage|p2a: Landorus|5\/100\n|-damage|p1a: Ursaluna|9\/100|[from] item: Rocky Helmet|[of] p2a: Landorus\n|\n|upkeep\n|turn|5\n|\n|t:|1700679321\n|move|p2a: Landorus|U-turn|p1a: Ursaluna\n|-damage|p1a: Ursaluna|0 fnt\n|faint|p1a: Ursaluna\n|\n|t:|1700679328\n|switch|p2a: Clefable|Clefable, M|94\/100|[from] U-turn\n|\n|upkeep\n|j| Sudowoodo GX\n|c| PLLV51 Jojo|cette team elle est partout\n|\n|t:|1700679342\n|switch|p1a: Enamorus|Enamorus, F|100\/100\n|turn|6\n|\n|t:|1700679358\n|move|p1a: Enamorus|Moonblast|p2a: Clefable\n|-damage|p2a: Clefable|49\/100\n|move|p2a: Clefable|Moonblast|p1a: Enamorus\n|-damage|p1a: Enamorus|57\/100\n|\n|upkeep\n|turn|7\n|\n|t:|1700679365\n|move|p1a: Enamorus|Moonblast|p2a: Clefable\n|-damage|p2a: Clefable|1\/100\n|-unboost|p2a: Clefable|spa|1\n|move|p2a: Clefable|Wish|p2a: Clefable\n|\n|upkeep\n|turn|8\n|\n|t:|1700679371\n|move|p2a: Clefable|Protect|p2a: Clefable\n|-singleturn|p2a: Clefable|Protect\n|move|p1a: Enamorus|Moonblast|p2a: Clefable\n|-activate|p2a: Clefable|move: Protect\n|\n|-heal|p2a: Clefable|51\/100|[from] move: Wish|[wisher] Clefable\n|upkeep\n|turn|9\n|\n|t:|1700679374\n|switch|p2a: Muk|Muk-Alola, M|100\/100\n|move|p1a: Enamorus|Moonblast|p2a: Muk\n|-damage|p2a: Muk|69\/100\n|\n|-heal|p2a: Muk|75\/100|[from] item: Leftovers\n|upkeep\n|turn|10\n|j| RedSkyAtNight\n|\n|t:|1700679384\n|move|p1a: Enamorus|Earth Power|p2a: Muk\n|-supereffective|p2a: Muk\n|-damage|p2a: Muk|39\/100\n|-unboost|p2a: Muk|spd|1\n|move|p2a: Muk|Poison Jab|p1a: Enamorus\n|-supereffective|p1a: Enamorus\n|-damage|p1a: Enamorus|0 fnt\n|-start|p2a: Muk|Attract|[from] ability: Cute Charm|[of] p1a: Enamorus\n|faint|p1a: Enamorus\n|-end|p2a: Muk|Attract|[silent]\n|\n|-heal|p2a: Muk|45\/100|[from] item: Leftovers\n|upkeep\n|\n|t:|1700679390\n|switch|p1a: Great Tusk|Great Tusk|100\/100\n|-damage|p1a: Great Tusk|98\/100|[from] Stealth Rock\n|turn|11\n|\n|t:|1700679398\n|move|p1a: Great Tusk|Close Combat|p2a: Muk\n|-damage|p2a: Muk|0 fnt\n|-unboost|p1a: Great Tusk|def|1\n|-unboost|p1a: Great Tusk|spd|1\n|faint|p2a: Muk\n|\n|upkeep\n|\n|t:|1700679402\n|switch|p2a: Clefable|Clefable, M|51\/100\n|turn|12\n|\n|t:|1700679406\n|-end|p1a: Great Tusk|Protosynthesis|[silent]\n|switch|p1a: Volcanion|Volcanion|100\/100\n|move|p2a: Clefable|Wish|p2a: Clefable\n|\n|upkeep\n|turn|13\n|\n|t:|1700679411\n|move|p2a: Clefable|Protect|p2a: Clefable\n|-singleturn|p2a: Clefable|Protect\n|move|p1a: Volcanion|Steam Eruption|p2a: Clefable\n|-activate|p2a: Clefable|move: Protect\n|\n|-heal|p2a: Clefable|100\/100|[from] move: Wish|[wisher] Clefable\n|upkeep\n|turn|14\n|j| vhkv\n|l| Kindyy\n|\n|t:|1700679418\n|-terastallize|p2a: Clefable|Water\n|move|p1a: Volcanion|Steam Eruption|p2a: Clefable|[miss]\n|-miss|p1a: Volcanion|p2a: Clefable\n|move|p2a: Clefable|Wish|p2a: Clefable\n|\n|upkeep\n|turn|15\n|c|\u2606PLLV51 Pata|bon\n|\n|t:|1700679428\n|switch|p1a: Great Tusk|Great Tusk|98\/100\n|-damage|p1a: Great Tusk|95\/100|[from] Stealth Rock\n|move|p2a: Clefable|Knock Off|p1a: Great Tusk\n|-resisted|p1a: Great Tusk\n|-damage|p1a: Great Tusk|88\/100\n|-enditem|p1a: Great Tusk|Choice Scarf|[from] move: Knock Off|[of] p2a: Clefable\n|\n|upkeep\n|turn|16\n|l| Sudowoodo GX\n|\n|t:|1700679435\n|move|p1a: Great Tusk|Knock Off|p2a: Clefable\n|-damage|p2a: Clefable|73\/100\n|move|p2a: Clefable|Moonblast|p1a: Great Tusk\n|-supereffective|p1a: Great Tusk\n|-damage|p1a: Great Tusk|0 fnt\n|faint|p1a: Great Tusk\n|-end|p1a: Great Tusk|Protosynthesis|[silent]\n|\n|upkeep\n|\n|t:|1700679439\n|switch|p1a: Kingambit|Kingambit, F|100\/100\n|-damage|p1a: Kingambit|94\/100|[from] Stealth Rock\n|-activate|p1a: Kingambit|ability: Supreme Overlord\n|-start|p1a: Kingambit|fallen3|[silent]\n|turn|17\n|\n|t:|1700679442\n|switch|p2a: Landorus|Landorus-Therian, M|5\/100\n|-ability|p2a: Landorus|Intimidate|boost\n|-unboost|p1a: Kingambit|atk|1\n|move|p1a: Kingambit|Kowtow Cleave|p2a: Landorus\n|-crit|p2a: Landorus\n|-damage|p2a: Landorus|0 fnt\n|-damage|p1a: Kingambit|78\/100|[from] item: Rocky Helmet|[of] p2a: Landorus\n|faint|p2a: Landorus\n|\n|upkeep\n|\n|t:|1700679451\n|switch|p2a: Zamazenta|Zamazenta|100\/100\n|-ability|p2a: Zamazenta|Dauntless Shield|boost\n|-boost|p2a: Zamazenta|def|1\n|turn|18\n|\n|t:|1700679457\n|-end|p1a: Kingambit|fallen3|[silent]\n|switch|p1a: Volcanion|Volcanion|100\/100\n|move|p2a: Zamazenta|Crunch|p1a: Volcanion\n|-damage|p1a: Volcanion|82\/100\n|\n|upkeep\n|turn|19\n|\n|t:|1700679464\n|move|p2a: Zamazenta|Body Press|p1a: Volcanion\n|-damage|p1a: Volcanion|37\/100\n|move|p1a: Volcanion|Steam Eruption|p2a: Zamazenta\n|-damage|p2a: Zamazenta|52\/100\n|\n|-heal|p2a: Zamazenta|58\/100|[from] item: Leftovers\n|upkeep\n|turn|20\n|\n|t:|1700679474\n|move|p2a: Zamazenta|Crunch|p1a: Volcanion\n|-damage|p1a: Volcanion|20\/100\n|-unboost|p1a: Volcanion|def|1\n|move|p1a: Volcanion|Steam Eruption|p2a: Zamazenta\n|-damage|p2a: Zamazenta|6\/100\n|-status|p2a: Zamazenta|brn\n|\n|-heal|p2a: Zamazenta|12\/100 brn|[from] item: Leftovers\n|-damage|p2a: Zamazenta|6\/100 brn|[from] brn\n|upkeep\n|turn|21\n|\n|t:|1700679478\n|move|p2a: Zamazenta|Body Press|p1a: Volcanion\n|-damage|p1a: Volcanion|0 fnt\n|faint|p1a: Volcanion\n|\n|-heal|p2a: Zamazenta|12\/100 brn|[from] item: Leftovers\n|-damage|p2a: Zamazenta|6\/100 brn|[from] brn\n|upkeep\n|j| Heihachi Mishima\n|\n|t:|1700679482\n|switch|p1a: Dragapult|Dragapult, F|100\/100\n|-damage|p1a: Dragapult|88\/100|[from] Stealth Rock\n|turn|22\n|\n|t:|1700679490\n|move|p1a: Dragapult|Shadow Ball|p2a: Zamazenta\n|-damage|p2a: Zamazenta|0 fnt\n|faint|p2a: Zamazenta\n|\n|upkeep\n|\n|t:|1700679496\n|switch|p2a: Clefable|Clefable, M, tera:Water|73\/100\n|turn|23\n|\n|t:|1700679502\n|switch|p1a: Kingambit|Kingambit, F|78\/100\n|-damage|p1a: Kingambit|72\/100|[from] Stealth Rock\n|-activate|p1a: Kingambit|ability: Supreme Overlord\n|-start|p1a: Kingambit|fallen4|[silent]\n|move|p2a: Clefable|Knock Off|p1a: Kingambit\n|-resisted|p1a: Kingambit\n|-damage|p1a: Kingambit|65\/100\n|-enditem|p1a: Kingambit|Black Glasses|[from] move: Knock Off|[of] p2a: Clefable\n|\n|upkeep\n|turn|24\n|\n|t:|1700679506\n|switch|p2a: Dondozo|Dondozo, F|100\/100\n|move|p1a: Kingambit|Kowtow Cleave|p2a: Dondozo\n|-damage|p2a: Dondozo|70\/100\n|\n|-heal|p2a: Dondozo|76\/100|[from] item: Leftovers\n|upkeep\n|turn|25\n|\n|t:|1700679511\n|-end|p1a: Kingambit|fallen4|[silent]\n|switch|p1a: Dragapult|Dragapult, F|88\/100\n|-damage|p1a: Dragapult|76\/100|[from] Stealth Rock\n|move|p2a: Dondozo|Liquidation|p1a: Dragapult\n|-resisted|p1a: Dragapult\n|-damage|p1a: Dragapult|56\/100\n|\n|-heal|p2a: Dondozo|82\/100|[from] item: Leftovers\n|upkeep\n|turn|26\n|\n|t:|1700679516\n|-terastallize|p1a: Dragapult|Ghost\n|move|p2a: Dondozo|Protect|p2a: Dondozo\n|-singleturn|p2a: Dondozo|Protect\n|move|p1a: Dragapult|Shadow Ball|p2a: Dondozo\n|-activate|p2a: Dondozo|move: Protect\n|\n|-heal|p2a: Dondozo|88\/100|[from] item: Leftovers\n|upkeep\n|turn|27\n|c|\u2606PLLV51 Pata|hein\n|\n|t:|1700679523\n|move|p1a: Dragapult|Shadow Ball|p2a: Dondozo\n|-damage|p2a: Dondozo|23\/100\n|move|p2a: Dondozo|Liquidation|p1a: Dragapult\n|-damage|p1a: Dragapult|12\/100\n|\n|-heal|p2a: Dondozo|29\/100|[from] item: Leftovers\n|upkeep\n|turn|28\n|\n|t:|1700679528\n|move|p1a: Dragapult|Shadow Ball|p2a: Dondozo\n|-damage|p2a: Dondozo|0 fnt\n|faint|p2a: Dondozo\n|\n|upkeep\n|\n|t:|1700679529\n|switch|p2a: Cinderace|Cinderace, M|100\/100\n|turn|29\n|\n|t:|1700679531\n|move|p1a: Dragapult|Shadow Ball|p2a: Cinderace\n|-damage|p2a: Cinderace|18\/100\n|move|p2a: Cinderace|Pyro Ball|p1a: Dragapult\n|-damage|p1a: Dragapult|0 fnt\n|faint|p1a: Dragapult\n|\n|upkeep\n|\n|t:|1700679536\n|switch|p1a: Kingambit|Kingambit, F|65\/100\n|-damage|p1a: Kingambit|59\/100|[from] Stealth Rock\n|-activate|p1a: Kingambit|ability: Supreme Overlord\n|-start|p1a: Kingambit|fallen5|[silent]\n|turn|30\n|\n|t:|1700679539\n|move|p2a: Cinderace|Will-O-Wisp|p1a: Kingambit|[miss]\n|-miss|p2a: Cinderace|p1a: Kingambit\n|move|p1a: Kingambit|Swords Dance|p1a: Kingambit\n|-boost|p1a: Kingambit|atk|2\n|\n|upkeep\n|turn|31\n|\n|t:|1700679542\n|move|p1a: Kingambit|Sucker Punch||[still]\n|-fail|p1a: Kingambit\n|move|p2a: Cinderace|Will-O-Wisp|p1a: Kingambit\n|-status|p1a: Kingambit|brn\n|\n|-damage|p1a: Kingambit|53\/100 brn|[from] brn\n|upkeep\n|turn|32\n|\n|t:|1700679550\n|move|p1a: Kingambit|Sucker Punch||[still]\n|-fail|p1a: Kingambit\n|move|p2a: Cinderace|Will-O-Wisp|p1a: Kingambit\n|-fail|p1a: Kingambit|brn\n|\n|-damage|p1a: Kingambit|47\/100 brn|[from] brn\n|upkeep\n|turn|33\n|\n|t:|1700679553\n|move|p1a: Kingambit|Sucker Punch|p2a: Cinderace\n|-damage|p2a: Cinderace|0 fnt\n|faint|p2a: Cinderace\n|\n|-damage|p1a: Kingambit|41\/100 brn|[from] brn\n|upkeep\n|\n|t:|1700679555\n|switch|p2a: Clefable|Clefable, M, tera:Water|73\/100\n|turn|34\n|\n|t:|1700679558\n|move|p1a: Kingambit|Kowtow Cleave|p2a: Clefable\n|-damage|p2a: Clefable|18\/100\n|move|p2a: Clefable|Moonblast|p1a: Kingambit\n|-damage|p1a: Kingambit|8\/100 brn\n|\n|-damage|p1a: Kingambit|2\/100 brn|[from] brn\n|upkeep\n|turn|35\n|\n|t:|1700679563\n|move|p2a: Clefable|Protect|p2a: Clefable\n|-singleturn|p2a: Clefable|Protect\n|move|p1a: Kingambit|Kowtow Cleave|p2a: Clefable\n|-activate|p2a: Clefable|move: Protect\n|\n|-damage|p1a: Kingambit|0 fnt|[from] brn\n|faint|p1a: Kingambit\n|-end|p1a: Kingambit|fallen5|[silent]\n|\n|win|Home is wild\n|upkeep\n|raw|PLLV51 Pata's rating: 1791 &rarr; <strong>1767<\/strong><br \/>(-24 for losing)\n|raw|Home is wild's rating: 1721 &rarr; <strong>1745<\/strong><br \/>(+24 for winning)\n|c| PLLV51 Jojo|allez pata\n|l|\u2606PLLV51 Pata\n|l|\u2606Home is wild\n|l| vhkv\n","uploadtime":1700679585,"views":5,"p1id":"pllv51pata","p2id":"homeiswild","formatid":"gen9ou","rating":1745,"private":0,"password":""}