{"id":"gen9ou-1991647017","p1":"6FuckingTypes","p2":"lord denominator","format":"[Gen 9] OU","log":"|j|\u26066FuckingTypes\n|j|\u203dlord denominator\n|t:|1700098083\n|gametype|singles\n|player|p1|6FuckingTypes|allister|\n|player|p2|lord denominator|iris-gen5bw2|\n|teamsize|p1|6\n|teamsize|p2|6\n|gen|9\n|tier|[Gen 9] OU\n|rule|Sleep Clause Mod: Limit one foe put to sleep\n|rule|Species Clause: Limit one of each Pok\u00e9mon\n|rule|OHKO Clause: OHKO moves are banned\n|rule|Evasion Items Clause: Evasion items are banned\n|rule|Evasion Moves Clause: Evasion moves are banned\n|rule|Endless Battle Clause: Forcing endless battles is banned\n|rule|HP Percentage Mod: HP is shown in percentages\n|clearpoke\n|poke|p1|Zamazenta-*|\n|poke|p1|Ting-Lu|\n|poke|p1|Landorus-Therian, M|\n|poke|p1|Dragapult, M|\n|poke|p1|Rillaboom, M|\n|poke|p1|Iron Valiant|\n|poke|p2|Tinkaton, F|\n|poke|p2|Dragapult, F|\n|poke|p2|Iron Jugulis|\n|poke|p2|Iron Moth|\n|poke|p2|Great Tusk|\n|poke|p2|Ogerpon-Wellspring, F|\n|teampreview\n|inactive|Battle timer is ON: inactive players will automatically lose when time's up. (requested by lord denominator)\n|\n|t:|1700098099\n|start\n|switch|p1a: Dragapult|Dragapult, M|100\/100\n|switch|p2a: Tinkaton|Tinkaton, F|100\/100\n|-item|p2a: Tinkaton|Air Balloon\n|turn|1\n|\n|t:|1700098106\n|move|p1a: Dragapult|U-turn|p2a: Tinkaton\n|-resisted|p2a: Tinkaton\n|-damage|p2a: Tinkaton|90\/100\n|-enditem|p2a: Tinkaton|Air Balloon\n|-enditem|p1a: Dragapult|Choice Band|[silent]|[from] ability: Pickpocket|[of] p1a: Dragapult\n|-item|p2a: Tinkaton|Choice Band|[from] ability: Pickpocket|[of] p1a: Dragapult\n|\n|t:|1700098114\n|switch|p1a: Landorus|Landorus-Therian, M|100\/100|[from] U-turn\n|-ability|p1a: Landorus|Intimidate|boost\n|-unboost|p2a: Tinkaton|atk|1\n|move|p2a: Tinkaton|Stealth Rock|p1a: Landorus\n|-sidestart|p1: 6FuckingTypes|move: Stealth Rock\n|\n|upkeep\n|turn|2\n|\n|t:|1700098128\n|switch|p2a: Iron Jugulis|Iron Jugulis|100\/100\n|-enditem|p2a: Iron Jugulis|Booster Energy\n|-activate|p2a: Iron Jugulis|ability: Quark Drive|[fromitem]\n|-start|p2a: Iron Jugulis|quarkdrivespe\n|move|p1a: Landorus|U-turn|p2a: Iron Jugulis\n|-damage|p2a: Iron Jugulis|52\/100\n|\n|t:|1700098139\n|switch|p1a: Rillaboom|Rillaboom, M|100\/100|[from] U-turn\n|-damage|p1a: Rillaboom|88\/100|[from] Stealth Rock\n|-fieldstart|move: Grassy Terrain|[from] ability: Grassy Surge|[of] p1a: Rillaboom\n|\n|-heal|p1a: Rillaboom|94\/100|[from] Grassy Terrain\n|upkeep\n|turn|3\n|\n|t:|1700098148\n|move|p2a: Iron Jugulis|Hurricane|p1a: Rillaboom\n|-supereffective|p1a: Rillaboom\n|-damage|p1a: Rillaboom|0 fnt\n|faint|p1a: Rillaboom\n|\n|upkeep\n|\n|t:|1700098154\n|switch|p1a: Ting-Lu|Ting-Lu|100\/100\n|-damage|p1a: Ting-Lu|94\/100|[from] Stealth Rock\n|-ability|p1a: Ting-Lu|Vessel of Ruin\n|turn|4\n|\n|t:|1700098159\n|move|p2a: Iron Jugulis|Knock Off|p1a: Ting-Lu\n|-resisted|p1a: Ting-Lu\n|-damage|p1a: Ting-Lu|86\/100\n|-enditem|p1a: Ting-Lu|Choice Band|[from] move: Knock Off|[of] p2a: Iron Jugulis\n|move|p1a: Ting-Lu|Rock Slide|p2a: Iron Jugulis\n|-supereffective|p2a: Iron Jugulis\n|-damage|p2a: Iron Jugulis|0 fnt\n|faint|p2a: Iron Jugulis\n|-end|p2a: Iron Jugulis|Quark Drive|[silent]\n|\n|-heal|p1a: Ting-Lu|92\/100|[from] Grassy Terrain\n|upkeep\n|\n|t:|1700098166\n|switch|p2a: Tinkaton|Tinkaton, F|90\/100\n|turn|5\n|\n|t:|1700098172\n|move|p2a: Tinkaton|Play Rough|p1a: Ting-Lu\n|-supereffective|p1a: Ting-Lu\n|-damage|p1a: Ting-Lu|52\/100\n|move|p1a: Ting-Lu|Earthquake|p2a: Tinkaton\n|-supereffective|p2a: Tinkaton\n|-damage|p2a: Tinkaton|36\/100\n|\n|-heal|p2a: Tinkaton|43\/100|[from] Grassy Terrain\n|-heal|p1a: Ting-Lu|58\/100|[from] Grassy Terrain\n|upkeep\n|turn|6\n|\n|t:|1700098183\n|move|p2a: Tinkaton|Play Rough|p1a: Ting-Lu\n|-supereffective|p1a: Ting-Lu\n|-damage|p1a: Ting-Lu|22\/100\n|-unboost|p1a: Ting-Lu|atk|1\n|move|p1a: Ting-Lu|Heavy Slam|p2a: Tinkaton\n|-damage|p2a: Tinkaton|14\/100\n|\n|-heal|p2a: Tinkaton|20\/100|[from] Grassy Terrain\n|-heal|p1a: Ting-Lu|28\/100|[from] Grassy Terrain\n|-fieldend|move: Grassy Terrain\n|upkeep\n|turn|7\n|\n|t:|1700098193\n|move|p2a: Tinkaton|Play Rough|p1a: Ting-Lu\n|-supereffective|p1a: Ting-Lu\n|-damage|p1a: Ting-Lu|0 fnt\n|faint|p1a: Ting-Lu\n|\n|upkeep\n|\n|t:|1700098201\n|switch|p1a: Dragapult|Dragapult, M|100\/100\n|-damage|p1a: Dragapult|88\/100|[from] Stealth Rock\n|turn|8\n|\n|t:|1700098210\n|move|p1a: Dragapult|U-turn|p2a: Tinkaton\n|-resisted|p2a: Tinkaton\n|-damage|p2a: Tinkaton|14\/100\n|\n|t:|1700098213\n|switch|p1a: Landorus|Landorus-Therian, M|100\/100|[from] U-turn\n|-damage|p1a: Landorus|88\/100|[from] Stealth Rock\n|-ability|p1a: Landorus|Intimidate|boost\n|-unboost|p2a: Tinkaton|atk|1\n|move|p2a: Tinkaton|Play Rough|p1a: Landorus\n|-damage|p1a: Landorus|58\/100\n|\n|upkeep\n|turn|9\n|\n|t:|1700098222\n|move|p2a: Tinkaton|Play Rough|p1a: Landorus\n|-damage|p1a: Landorus|30\/100\n|move|p1a: Landorus|Earthquake|p2a: Tinkaton\n|-supereffective|p2a: Tinkaton\n|-damage|p2a: Tinkaton|0 fnt\n|faint|p2a: Tinkaton\n|\n|upkeep\n|\n|t:|1700098239\n|switch|p2a: Iron Moth|Iron Moth|100\/100\n|-enditem|p2a: Iron Moth|Booster Energy\n|-activate|p2a: Iron Moth|ability: Quark Drive|[fromitem]\n|-start|p2a: Iron Moth|quarkdrivespe\n|turn|10\n|\n|t:|1700098244\n|move|p2a: Iron Moth|Fiery Dance|p1a: Landorus\n|-damage|p1a: Landorus|0 fnt\n|-boost|p2a: Iron Moth|spa|1\n|faint|p1a: Landorus\n|\n|upkeep\n|\n|t:|1700098250\n|switch|p1a: Zamazenta|Zamazenta|100\/100\n|-damage|p1a: Zamazenta|94\/100|[from] Stealth Rock\n|-ability|p1a: Zamazenta|Dauntless Shield|boost\n|-boost|p1a: Zamazenta|def|1\n|turn|11\n|\n|t:|1700098256\n|-terastallize|p2a: Iron Moth|Fairy\n|move|p2a: Iron Moth|Dazzling Gleam|p1a: Zamazenta\n|-supereffective|p1a: Zamazenta\n|-damage|p1a: Zamazenta|0 fnt\n|faint|p1a: Zamazenta\n|\n|upkeep\n|\n|t:|1700098264\n|switch|p1a: Dragapult|Dragapult, M|88\/100\n|-damage|p1a: Dragapult|76\/100|[from] Stealth Rock\n|turn|12\n|\n|t:|1700098268\n|move|p2a: Iron Moth|Dazzling Gleam|p1a: Dragapult\n|-supereffective|p1a: Dragapult\n|-damage|p1a: Dragapult|0 fnt\n|faint|p1a: Dragapult\n|\n|upkeep\n|\n|t:|1700098274\n|switch|p1a: Iron Valiant|Iron Valiant|100\/100\n|-damage|p1a: Iron Valiant|94\/100|[from] Stealth Rock\n|turn|13\n|\n|t:|1700098281\n|-terastallize|p1a: Iron Valiant|Fairy\n|move|p2a: Iron Moth|Sludge Wave|p1a: Iron Valiant\n|-supereffective|p1a: Iron Valiant\n|-damage|p1a: Iron Valiant|0 fnt\n|faint|p1a: Iron Valiant\n|-end|p1a: Iron Valiant|Quark Drive|[silent]\n|\n|win|lord denominator\n|l|\u203dlord denominator\n|l|\u26066FuckingTypes\n|j|\u26066FuckingTypes\n|player|p1|6FuckingTypes|allister\n","uploadtime":1700098346,"views":21,"p1id":"6fuckingtypes","p2id":"lorddenominator","formatid":"gen9ou","rating":0,"private":0,"password":""}