{"id":"gen9ou-1991253999","p1":"Ghoulish champ","p2":"Nakafuyu Yuki","format":"[Gen 9] OU","log":"|j|\u2606Ghoulish champ\n|j|\u2606Nakafuyu Yuki\n|t:|1700061594\n|gametype|singles\n|player|p1|Ghoulish champ|allister|\n|player|p2|Nakafuyu Yuki|picnicker|\n|teamsize|p1|6\n|teamsize|p2|6\n|gen|9\n|tier|[Gen 9] OU\n|rule|Sleep Clause Mod: Limit one foe put to sleep\n|rule|Species Clause: Limit one of each Pok\u00e9mon\n|rule|OHKO Clause: OHKO moves are banned\n|rule|Evasion Items Clause: Evasion items are banned\n|rule|Evasion Moves Clause: Evasion moves are banned\n|rule|Endless Battle Clause: Forcing endless battles is banned\n|rule|HP Percentage Mod: HP is shown in percentages\n|clearpoke\n|poke|p1|Moltres-Galar|\n|poke|p1|Froslass, F|\n|poke|p1|Dugtrio-Alola, F|\n|poke|p1|Stonjourner, F|\n|poke|p1|Iron Jugulis|\n|poke|p1|Medicham, F|\n|poke|p2|Great Tusk|\n|poke|p2|Iron Leaves|\n|poke|p2|Iron Thorns|\n|poke|p2|Vikavolt, M|\n|poke|p2|Morpeko, M|\n|poke|p2|Honchkrow, F|\n|teampreview\n|inactive|Battle timer is ON: inactive players will automatically lose when time's up. (requested by Nakafuyu Yuki)\n|inactive|Ghoulish champ also wants the timer to be on.\n|j| Ogerponk\n|c| Ogerponk|ok\n|inactive|Ghoulish champ has 270 seconds left.\n|c|\u2606Ghoulish champ|Glhf\n|inactive|Ghoulish champ no longer wants the timer on, but the timer is staying on because nakafuyuyuki still does.\n|j| JustAjynx xoxo\n|inactive|Ghoulish champ has 240 seconds left.\n|c| Ogerponk|hi\n|c| JustAjynx xoxo|GOOOOOD LUCKKKKK\n|inactive|Ghoulish champ has 210 seconds left.\n|c|\u2606Ghoulish champ|I\u2019m gonna miss every move\n|c|\u2606Nakafuyu Yuki|fast bro i need sleep\n|j| Ultramanball1\n|inactive|Ghoulish champ has 180 seconds left.\n|\n|t:|1700061720\n|start\n|switch|p1a: Medicham|Medicham, F|100\/100\n|switch|p2a: Vikavolt|Vikavolt, M|100\/100\n|turn|1\n|c| Ogerponk|ok goodluck\n|\n|t:|1700061728\n|move|p1a: Medicham|Fake Out|p2a: Vikavolt\n|-damage|p2a: Vikavolt|75\/100\n|-damage|p1a: Medicham|91\/100|[from] item: Life Orb\n|cant|p2a: Vikavolt|flinch\n|\n|upkeep\n|turn|2\n|\n|t:|1700061735\n|move|p1a: Medicham|Zen Headbutt|p2a: Vikavolt\n|-damage|p2a: Vikavolt|0 fnt\n|faint|p2a: Vikavolt\n|-damage|p1a: Medicham|81\/100|[from] item: Life Orb\n|\n|upkeep\n|\n|t:|1700061739\n|switch|p2a: Honchkrow|Honchkrow, F|100\/100\n|turn|3\n|c| JustAjynx xoxo|OOOOOO\n|c|\u2606Ghoulish champ|No webs for you\n|c| Ogerponk|HJK\n|inactive|Ghoulish champ has 240 seconds left.\n|\n|t:|1700061770\n|switch|p1a: Stonjourner|Stonjourner, F|100\/100\n|move|p2a: Honchkrow|Brave Bird|p1a: Stonjourner\n|-resisted|p1a: Stonjourner\n|-damage|p1a: Stonjourner|81\/100\n|-damage|p2a: Honchkrow|93\/100|[from] Recoil\n|\n|upkeep\n|turn|4\n|inactive|Ghoulish champ has 240 seconds left.\n|inactive|Ghoulish champ has 210 seconds left.\n|\n|t:|1700061820\n|switch|p2a: Iron Leaves|Iron Leaves|100\/100\n|-enditem|p2a: Iron Leaves|Booster Energy\n|-activate|p2a: Iron Leaves|ability: Quark Drive|[fromitem]\n|-start|p2a: Iron Leaves|quarkdriveatk\n|move|p1a: Stonjourner|Iron Defense|p1a: Stonjourner\n|-boost|p1a: Stonjourner|def|2\n|\n|upkeep\n|turn|5\n|l| Ultramanball1\n|inactive|Ghoulish champ has 180 seconds left.\n|inactive|Ghoulish champ has 150 seconds left.\n|\n|t:|1700061893\n|move|p2a: Iron Leaves|Leaf Blade|p1a: Stonjourner\n|-supereffective|p1a: Stonjourner\n|-damage|p1a: Stonjourner|39\/100\n|move|p1a: Stonjourner|Heat Crash|p2a: Iron Leaves\n|-supereffective|p2a: Iron Leaves\n|-damage|p2a: Iron Leaves|15\/100\n|\n|upkeep\n|turn|6\n|\n|t:|1700061903\n|switch|p1a: Dugtrio|Dugtrio-Alola, F|100\/100\n|move|p2a: Iron Leaves|Leaf Blade|p1a: Dugtrio\n|-damage|p1a: Dugtrio|0 fnt\n|-ability|p1a: Dugtrio|Tangling Hair\n|-unboost|p2a: Iron Leaves|spe|1\n|faint|p1a: Dugtrio\n|\n|upkeep\n|inactive|Ghoulish champ has 120 seconds left.\n|\n|t:|1700061952\n|switch|p1a: Moltres|Moltres-Galar|100\/100\n|turn|7\n|\n|t:|1700061967\n|-end|p2a: Iron Leaves|Quark Drive|[silent]\n|switch|p2a: Morpeko|Morpeko, M|100\/100\n|move|p1a: Moltres|Fiery Wrath|p2a: Morpeko\n|-resisted|p2a: Morpeko\n|-damage|p2a: Morpeko|53\/100\n|\n|-formechange|p2a: Morpeko|Morpeko-Hangry||[from] ability: Hunger Switch\n|upkeep\n|turn|8\n|c| Ogerponk|he can wild charge, right?\n|inactive|Ghoulish champ has 90 seconds left.\n|\n|t:|1700062007\n|switch|p1a: Stonjourner|Stonjourner, F|39\/100\n|move|p2a: Morpeko|Parting Shot|p1a: Stonjourner\n|-unboost|p1a: Stonjourner|atk|1\n|-unboost|p1a: Stonjourner|spa|1\n|\n|t:|1700062013\n|switch|p2a: Iron Leaves|Iron Leaves|15\/100|[from] Parting Shot\n|\n|upkeep\n|turn|9\n|inactive|Ghoulish champ has 90 seconds left.\n|\n|t:|1700062036\n|move|p2a: Iron Leaves|Leaf Blade|p1a: Stonjourner\n|-supereffective|p1a: Stonjourner\n|-damage|p1a: Stonjourner|0 fnt\n|faint|p1a: Stonjourner\n|\n|upkeep\n|\n|t:|1700062043\n|switch|p1a: Froslass|Froslass, F|100\/100\n|turn|10\n|\n|t:|1700062053\n|move|p1a: Froslass|Ice Beam|p2a: Iron Leaves\n|-supereffective|p2a: Iron Leaves\n|-damage|p2a: Iron Leaves|0 fnt\n|faint|p2a: Iron Leaves\n|-end|p2a: Iron Leaves|Quark Drive|[silent]\n|\n|upkeep\n|\n|t:|1700062065\n|switch|p2a: Honchkrow|Honchkrow, F|93\/100\n|turn|11\n|inactive|Ghoulish champ has 90 seconds left.\n|c| Ogerponk|dbonb\n|\n|t:|1700062096\n|switch|p1a: Moltres|Moltres-Galar|100\/100\n|move|p2a: Honchkrow|Night Slash|p1a: Moltres\n|-resisted|p1a: Moltres\n|-damage|p1a: Moltres|78\/100\n|\n|upkeep\n|turn|12\n|inactive|Ghoulish champ has 60 seconds left.\n|\n|t:|1700062135\n|switch|p2a: Morpeko|Morpeko, M|53\/100\n|move|p1a: Moltres|Hurricane|p2a: Morpeko\n|-resisted|p2a: Morpeko\n|-damage|p2a: Morpeko|2\/100\n|\n|-formechange|p2a: Morpeko|Morpeko-Hangry||[from] ability: Hunger Switch\n|upkeep\n|turn|13\n|\n|t:|1700062147\n|move|p2a: Morpeko|Knock Off|p1a: Moltres\n|-resisted|p1a: Moltres\n|-damage|p1a: Moltres|54\/100\n|-enditem|p1a: Moltres|Sitrus Berry|[from] move: Knock Off|[of] p2a: Morpeko\n|move|p1a: Moltres|Fiery Wrath|p2a: Morpeko\n|-resisted|p2a: Morpeko\n|-damage|p2a: Morpeko|0 fnt\n|faint|p2a: Morpeko\n|\n|upkeep\n|j| Ultramanball1\n|\n|t:|1700062158\n|switch|p2a: Great Tusk|Great Tusk|100\/100\n|turn|14\n|\n|t:|1700062182\n|switch|p1a: Froslass|Froslass, F|100\/100\n|move|p2a: Great Tusk|Play Rough|p1a: Froslass\n|-damage|p1a: Froslass|23\/100\n|\n|upkeep\n|turn|15\n|inactive|Ghoulish champ has 30 seconds left.\n|\n|t:|1700062207\n|-end|p2a: Great Tusk|Protosynthesis|[silent]\n|switch|p2a: Iron Thorns|Iron Thorns|100\/100\n|-enditem|p2a: Iron Thorns|Booster Energy\n|-activate|p2a: Iron Thorns|ability: Quark Drive|[fromitem]\n|-start|p2a: Iron Thorns|quarkdriveatk\n|move|p1a: Froslass|Ice Beam|p2a: Iron Thorns\n|-damage|p2a: Iron Thorns|59\/100\n|\n|upkeep\n|turn|16\n|inactive|Ghoulish champ has 30 seconds left.\n|\n|t:|1700062226\n|switch|p1a: Moltres|Moltres-Galar|54\/100\n|move|p2a: Iron Thorns|Ice Punch|p1a: Moltres\n|-supereffective|p1a: Moltres\n|-damage|p1a: Moltres|0 fnt\n|faint|p1a: Moltres\n|\n|upkeep\n|inactive|Ghoulish champ has 30 seconds left this turn.\n|inactive|Ghoulish champ has 20 seconds left.\n|\n|t:|1700062237\n|switch|p1a: Medicham|Medicham, F|81\/100\n|turn|17\n|inactive|Ghoulish champ has 30 seconds left this turn.\n|\n|t:|1700062248\n|move|p2a: Iron Thorns|Wild Charge|p1a: Medicham\n|-damage|p1a: Medicham|0 fnt\n|faint|p1a: Medicham\n|-damage|p2a: Iron Thorns|44\/100|[from] Recoil\n|\n|upkeep\n|inactive|Ghoulish champ has 30 seconds left this turn.\n|c| Ultramanball1|C\u1ed1 l\u00ean \u00f4ng\n|inactive|Ghoulish champ has 20 seconds left.\n|inactive|Ghoulish champ has 15 seconds left.\n|inactive|Ghoulish champ has 10 seconds left.\n|c| Ultramanball1|Chu\u1ea9n b\u1ecb x\u00e0i s\u1ee9c m\u1ea1nh \u0111\u1eb7c bi\u1ec7t\n|c| Ogerponk|bruh why ada medichamp fo\n|\n|t:|1700062271\n|switch|p1a: Froslass|Froslass, F|23\/100\n|turn|18\n|inactive|Ghoulish champ has 20 seconds left this turn.\n|c| Ogerponk|go\n|\n|t:|1700062275\n|move|p1a: Froslass|Ice Beam|p2a: Iron Thorns\n|-damage|p2a: Iron Thorns|1\/100\n|move|p2a: Iron Thorns|Dragon Dance|p2a: Iron Thorns\n|-boost|p2a: Iron Thorns|atk|1\n|-boost|p2a: Iron Thorns|spe|1\n|\n|upkeep\n|turn|19\n|inactive|Ghoulish champ has 30 seconds left this turn.\n|c| Ogerponk|ok epik\n|c| Ultramanball1|Ada \u0111\u1ec3 ohko vikavolt \u0111\u1ea5y\n|\n|t:|1700062288\n|-terastallize|p2a: Iron Thorns|Fairy\n|move|p1a: Froslass|Ice Beam|p2a: Iron Thorns\n|-damage|p2a: Iron Thorns|0 fnt\n|faint|p2a: Iron Thorns\n|-end|p2a: Iron Thorns|Quark Drive|[silent]\n|\n|upkeep\n|inactive|Ghoulish champ has 30 seconds left this turn.\n|c| Ultramanball1|tinhs h\u1ebft r\u1ed3i\n|c| Ultramanball1|\ud83d\udc27\n|c| JustAjynx xoxo|lol\n|c|\u2606Ghoulish champ|O_0\n|\n|t:|1700062297\n|switch|p2a: Honchkrow|Honchkrow, F|93\/100\n|turn|20\n|\n|t:|1700062303\n|move|p1a: Froslass|Ice Beam|p2a: Honchkrow\n|-supereffective|p2a: Honchkrow\n|-damage|p2a: Honchkrow|0 fnt\n|faint|p2a: Honchkrow\n|\n|upkeep\n|\n|t:|1700062306\n|switch|p2a: Great Tusk|Great Tusk|100\/100\n|turn|21\n|c| JustAjynx xoxo|WOOOOOOOO\n|c| JustAjynx xoxo|MY STUDENT\n|\n|t:|1700062312\n|move|p1a: Froslass|Ice Beam|p2a: Great Tusk\n|-supereffective|p2a: Great Tusk\n|-damage|p2a: Great Tusk|0 fnt\n|faint|p2a: Great Tusk\n|-end|p2a: Great Tusk|Protosynthesis|[silent]\n|\n|win|Ghoulish champ\n|c| JustAjynx xoxo|I LOVE HIM\n|c|\u2606Ghoulish champ|Gg\n|c| Ogerponk|nuh uh, th\u1ebf sao cho ra\n|c| Ogerponk|ok cool\n|c| Ultramanball1|Scarf \u00e0\n|l| Ultramanball1\n","uploadtime":1700062323,"views":40,"p1id":"ghoulishchamp","p2id":"nakafuyuyuki","formatid":"gen9ou","rating":0,"private":0,"password":""}