{"id":"gen9ou-1998009855","p1":"Mytton","p2":"All4Totodile","format":"[Gen 9] OU","log":"|j|\u2606Mytton\n|j|\u2606All4Totodile\n|t:|1700878532\n|gametype|singles\n|player|p1|Mytton|iris|1300\n|player|p2|All4Totodile|ethan|1285\n|teamsize|p1|6\n|teamsize|p2|6\n|gen|9\n|tier|[Gen 9] OU\n|rated|\n|rule|Sleep Clause Mod: Limit one foe put to sleep\n|rule|Species Clause: Limit one of each Pok\u00e9mon\n|rule|OHKO Clause: OHKO moves are banned\n|rule|Evasion Items Clause: Evasion items are banned\n|rule|Evasion Moves Clause: Evasion moves are banned\n|rule|Endless Battle Clause: Forcing endless battles is banned\n|rule|HP Percentage Mod: HP is shown in percentages\n|clearpoke\n|poke|p1|Slowking-Galar, F|\n|poke|p1|Alomomola, M|\n|poke|p1|Moltres|\n|poke|p1|Sandslash-Alola, M|\n|poke|p1|Breloom, M|\n|poke|p1|Heatran, F|\n|poke|p2|Azumarill, F|\n|poke|p2|Garchomp, F|\n|poke|p2|Great Tusk|\n|poke|p2|Iron Moth|\n|poke|p2|Glimmora, M|\n|poke|p2|Iron Valiant|\n|teampreview\n|\n|t:|1700878548\n|start\n|switch|p1a: Breloom|Breloom, M|100\/100\n|switch|p2a: Garchomp|Garchomp, F|100\/100\n|turn|1\n|\n|t:|1700878553\n|move|p1a: Breloom|Bullet Seed|p2a: Garchomp\n|-damage|p2a: Garchomp|81\/100\n|-damage|p2a: Garchomp|64\/100\n|-damage|p2a: Garchomp|46\/100\n|-damage|p2a: Garchomp|27\/100\n|-crit|p2a: Garchomp\n|-damage|p2a: Garchomp|0 fnt\n|faint|p2a: Garchomp\n|-hitcount|p2: Garchomp|5\n|\n|upkeep\n|j| 5EternalNoob5\n|c|\u2606Mytton|oof\n|c|\u2606Mytton|sorry\n|c|\u2606All4Totodile|lmao\n|l| 5EternalNoob5\n|inactive|Battle timer is ON: inactive players will automatically lose when time's up. (requested by Mytton)\n|\n|t:|1700878619\n|switch|p2a: Azumarill|Azumarill, F|100\/100\n|turn|2\n|inactive|Mytton has 120 seconds left.\n|\n|t:|1700878649\n|switch|p2a: Iron Valiant|Iron Valiant|100\/100\n|-enditem|p2a: Iron Valiant|Booster Energy\n|-activate|p2a: Iron Valiant|ability: Quark Drive|[fromitem]\n|-start|p2a: Iron Valiant|quarkdrivespe\n|move|p1a: Breloom|Spore|p2a: Iron Valiant\n|-status|p2a: Iron Valiant|slp|[from] move: Spore\n|\n|upkeep\n|turn|3\n|\n|t:|1700878659\n|cant|p2a: Iron Valiant|slp\n|move|p1a: Breloom|Bullet Seed|p2a: Iron Valiant\n|-damage|p2a: Iron Valiant|72\/100 slp\n|-damage|p2a: Iron Valiant|45\/100 slp\n|-damage|p2a: Iron Valiant|16\/100 slp\n|-damage|p2a: Iron Valiant|0 fnt\n|faint|p2a: Iron Valiant\n|-end|p2a: Iron Valiant|Quark Drive|[silent]\n|-hitcount|p2: Iron Valiant|4\n|\n|upkeep\n|\n|t:|1700878664\n|switch|p2a: Iron Moth|Iron Moth|100\/100\n|-enditem|p2a: Iron Moth|Booster Energy\n|-activate|p2a: Iron Moth|ability: Quark Drive|[fromitem]\n|-start|p2a: Iron Moth|quarkdrivespa\n|turn|4\n|\n|t:|1700878671\n|switch|p1a: Heatran|Heatran, F|100\/100\n|move|p2a: Iron Moth|Fiery Dance|p1a: Heatran\n|-start|p1a: Heatran|ability: Flash Fire\n|\n|upkeep\n|turn|5\n|\n|t:|1700878678\n|-end|p2a: Iron Moth|Quark Drive|[silent]\n|switch|p2a: Great Tusk|Great Tusk|100\/100\n|-enditem|p2a: Great Tusk|Booster Energy\n|-activate|p2a: Great Tusk|ability: Protosynthesis|[fromitem]\n|-start|p2a: Great Tusk|protosynthesisatk\n|move|p1a: Heatran|Earth Power|p2a: Great Tusk\n|-damage|p2a: Great Tusk|51\/100\n|\n|upkeep\n|turn|6\n|\n|t:|1700878687\n|-end|p1a: Heatran|ability: Flash Fire|[silent]\n|switch|p1a: Moltres|Moltres|100\/100\n|move|p2a: Great Tusk|Knock Off|p1a: Moltres\n|-damage|p1a: Moltres|70\/100\n|-enditem|p1a: Moltres|Heavy-Duty Boots|[from] move: Knock Off|[of] p2a: Great Tusk\n|\n|upkeep\n|turn|7\n|\n|t:|1700878692\n|move|p2a: Great Tusk|Ice Spinner|p1a: Moltres\n|-damage|p1a: Moltres|45\/100\n|move|p1a: Moltres|Flamethrower|p2a: Great Tusk\n|-damage|p2a: Great Tusk|0 fnt\n|faint|p2a: Great Tusk\n|-end|p2a: Great Tusk|Protosynthesis|[silent]\n|\n|upkeep\n|\n|t:|1700878698\n|switch|p2a: Glimmora|Glimmora, M|100\/100\n|turn|8\n|\n|t:|1700878709\n|switch|p1a: Slowking|Slowking-Galar, F|100\/100\n|move|p2a: Glimmora|Power Gem|p1a: Slowking\n|-damage|p1a: Slowking|67\/100\n|\n|upkeep\n|turn|9\n|\n|t:|1700878714\n|switch|p2a: Azumarill|Azumarill, F|100\/100\n|move|p1a: Slowking|Hydro Pump|p2a: Azumarill\n|-resisted|p2a: Azumarill\n|-damage|p2a: Azumarill|70\/100\n|\n|upkeep\n|turn|10\n|\n|t:|1700878721\n|switch|p1a: Alomomola|Alomomola, M|100\/100\n|move|p2a: Azumarill|Knock Off|p1a: Alomomola\n|-damage|p1a: Alomomola|77\/100\n|-enditem|p1a: Alomomola|Red Card|[from] move: Knock Off|[of] p2a: Azumarill\n|\n|upkeep\n|turn|11\n|\n|t:|1700878728\n|move|p2a: Azumarill|Play Rough|p1a: Alomomola\n|-damage|p1a: Alomomola|45\/100\n|move|p1a: Alomomola|Flip Turn|p2a: Azumarill\n|-resisted|p2a: Azumarill\n|-damage|p2a: Azumarill|61\/100\n|\n|t:|1700878737\n|switch|p1a: Breloom|Breloom, M|100\/100|[from] Flip Turn\n|\n|upkeep\n|turn|12\n|\n|t:|1700878742\n|-terastallize|p1a: Breloom|Rock\n|move|p1a: Breloom|Bullet Seed|p2a: Azumarill\n|-supereffective|p2a: Azumarill\n|-damage|p2a: Azumarill|16\/100\n|-enditem|p2a: Azumarill|Sitrus Berry|[eat]\n|-heal|p2a: Azumarill|41\/100|[from] item: Sitrus Berry\n|-supereffective|p2a: Azumarill\n|-damage|p2a: Azumarill|0 fnt\n|faint|p2a: Azumarill\n|-hitcount|p2: Azumarill|2\n|\n|upkeep\n|\n|t:|1700878747\n|switch|p2a: Glimmora|Glimmora, M|100\/100\n|turn|13\n|\n|t:|1700878754\n|-terastallize|p2a: Glimmora|Ground\n|move|p2a: Glimmora|Earth Power|p1a: Breloom\n|-supereffective|p1a: Breloom\n|-damage|p1a: Breloom|0 fnt\n|faint|p1a: Breloom\n|\n|upkeep\n|\n|t:|1700878767\n|switch|p1a: Slowking|Slowking-Galar, F|99\/100\n|turn|14\n|\n|t:|1700878770\n|move|p2a: Glimmora|Earth Power|p1a: Slowking\n|-supereffective|p1a: Slowking\n|-damage|p1a: Slowking|29\/100\n|move|p1a: Slowking|Ice Beam|p2a: Glimmora\n|-supereffective|p2a: Glimmora\n|-damage|p2a: Glimmora|0 fnt\n|faint|p2a: Glimmora\n|\n|upkeep\n|\n|t:|1700878773\n|switch|p2a: Iron Moth|Iron Moth|100\/100\n|turn|15\n|\n|t:|1700878780\n|switch|p1a: Heatran|Heatran, F|100\/100\n|move|p2a: Iron Moth|Fiery Dance|p1a: Heatran\n|-start|p1a: Heatran|ability: Flash Fire\n|\n|upkeep\n|turn|16\n|c|\u2606All4Totodile|gg\n|c|\u2606Mytton|gg?\n|c|\u2606Mytton|wp\n|c|\u2606All4Totodile|u2\n|-message|All4Totodile forfeited.\n|\n|win|Mytton\n|raw|Mytton's rating: 1300 &rarr; <strong>1324<\/strong><br \/>(+24 for winning)\n|raw|All4Totodile's rating: 1285 &rarr; <strong>1261<\/strong><br \/>(-24 for losing)\n|l|\u2606All4Totodile\n","uploadtime":1700878797,"views":3,"p1id":"mytton","p2id":"all4totodile","formatid":"gen9ou","rating":1261,"private":0,"password":""}