{"id":"gen9ou-1997451327","p1":"TheZalmancer","p2":"WintyBird","format":"[Gen 9] OU","log":"|j|\u2606TheZalmancer\n|j|\u2606WintyBird\n|t:|1700807552\n|gametype|singles\n|player|p1|TheZalmancer|skyla|1312\n|player|p2|WintyBird|265|1391\n|teamsize|p1|6\n|teamsize|p2|6\n|gen|9\n|tier|[Gen 9] OU\n|rated|\n|rule|Sleep Clause Mod: Limit one foe put to sleep\n|rule|Species Clause: Limit one of each Pok\u00e9mon\n|rule|OHKO Clause: OHKO moves are banned\n|rule|Evasion Items Clause: Evasion items are banned\n|rule|Evasion Moves Clause: Evasion moves are banned\n|rule|Endless Battle Clause: Forcing endless battles is banned\n|rule|HP Percentage Mod: HP is shown in percentages\n|clearpoke\n|poke|p1|Ogerpon-Wellspring, F|\n|poke|p1|Ninetales-Alola, F|\n|poke|p1|Corviknight, F|\n|poke|p1|Slowking-Galar, M|\n|poke|p1|Tornadus-Therian, M|\n|poke|p1|Zamazenta-*|\n|poke|p2|Ogerpon-Wellspring, F|\n|poke|p2|Kingambit, F|\n|poke|p2|Ninetales-Alola, F|\n|poke|p2|Slowking-Galar, F|\n|poke|p2|Dragapult, F|\n|poke|p2|Corviknight, F|\n|teampreview\n|\n|t:|1700807559\n|start\n|switch|p1a: Tornadus|Tornadus-Therian, M, shiny|100\/100\n|switch|p2a: Dragapult|Dragapult, F|100\/100\n|turn|1\n|inactive|Battle timer is ON: inactive players will automatically lose when time's up. (requested by WintyBird)\n|\n|t:|1700807574\n|move|p2a: Dragapult|Draco Meteor|p1a: Tornadus\n|-damage|p1a: Tornadus|39\/100\n|-unboost|p2a: Dragapult|spa|2\n|move|p1a: Tornadus|Heat Wave|p2a: Dragapult\n|-resisted|p2a: Dragapult\n|-damage|p2a: Dragapult|83\/100\n|\n|upkeep\n|turn|2\n|\n|t:|1700807591\n|switch|p2a: Slowking|Slowking-Galar, F|100\/100\n|switch|p1a: Zamazenta|Zamazenta|100\/100\n|-ability|p1a: Zamazenta|Dauntless Shield|boost\n|-boost|p1a: Zamazenta|def|1\n|\n|upkeep\n|turn|3\n|\n|t:|1700807595\n|move|p1a: Zamazenta|Crunch|p2a: Slowking\n|-supereffective|p2a: Slowking\n|-damage|p2a: Slowking|24\/100\n|move|p2a: Slowking|Future Sight|p1a: Zamazenta\n|-start|p2a: Slowking|move: Future Sight\n|\n|upkeep\n|turn|4\n|\n|t:|1700807620\n|switch|p1a: Ninetales|Ninetales-Alola, F, shiny|100\/100\n|-weather|Snow|[from] ability: Snow Warning|[of] p1a: Ninetales\n|switch|p2a: Corviknight|Corviknight, F|100\/100\n|-ability|p2a: Corviknight|Pressure\n|\n|-weather|Snow|[upkeep]\n|upkeep\n|turn|5\n|\n|t:|1700807628\n|move|p1a: Ninetales|Aurora Veil|p1a: Ninetales\n|-sidestart|p1: TheZalmancer|move: Aurora Veil\n|move|p2a: Corviknight|U-turn|p1a: Ninetales\n|-resisted|p1a: Ninetales\n|-damage|p1a: Ninetales|98\/100\n|\n|t:|1700807640\n|switch|p2a: Slowking|Slowking-Galar, F|57\/100|[from] U-turn\n|\n|-weather|Snow|[upkeep]\n|-end|p1a: Ninetales|move: Future Sight\n|-damage|p1a: Ninetales|74\/100\n|upkeep\n|turn|6\n|\n|t:|1700807646\n|move|p1a: Ninetales|Hypnosis|p2a: Slowking|[miss]\n|-miss|p1a: Ninetales|p2a: Slowking\n|move|p2a: Slowking|Future Sight|p1a: Ninetales\n|-start|p2a: Slowking|move: Future Sight\n|\n|-weather|Snow|[upkeep]\n|upkeep\n|turn|7\n|\n|t:|1700807655\n|switch|p1a: Slowking|Slowking-Galar, M|100\/100\n|switch|p2a: Ninetales|Ninetales-Alola, F|100\/100\n|\n|-weather|Snow|[upkeep]\n|upkeep\n|turn|8\n|\n|t:|1700807666\n|switch|p2a: Corviknight|Corviknight, F|100\/100\n|-ability|p2a: Corviknight|Pressure\n|move|p1a: Slowking|Nasty Plot|p1a: Slowking\n|-boost|p1a: Slowking|spa|2\n|\n|-weather|none\n|-end|p1a: Slowking|move: Future Sight\n|-damage|p1a: Slowking|81\/100\n|-heal|p1a: Slowking|87\/100|[from] item: Leftovers\n|upkeep\n|turn|9\n|\n|t:|1700807676\n|move|p2a: Corviknight|U-turn|p1a: Slowking\n|-damage|p1a: Slowking|79\/100\n|\n|t:|1700807690\n|switch|p2a: Slowking|Slowking-Galar, F|90\/100|[from] U-turn\n|move|p1a: Slowking|Trick Room|p1a: Slowking\n|-fieldstart|move: Trick Room|[of] p1a: Slowking\n|\n|-heal|p1a: Slowking|85\/100|[from] item: Leftovers\n|upkeep\n|turn|10\n|\n|t:|1700807696\n|move|p2a: Slowking|Future Sight|p1a: Slowking\n|-start|p2a: Slowking|move: Future Sight\n|move|p1a: Slowking|Shadow Ball|p2a: Slowking\n|-supereffective|p2a: Slowking\n|-damage|p2a: Slowking|41\/100\n|\n|-heal|p1a: Slowking|91\/100|[from] item: Leftovers\n|upkeep\n|turn|11\n|\n|t:|1700807709\n|switch|p2a: Kingambit|Kingambit, F|100\/100\n|move|p1a: Slowking|Shadow Ball|p2a: Kingambit\n|-resisted|p2a: Kingambit\n|-damage|p2a: Kingambit|73\/100\n|\n|-heal|p1a: Slowking|97\/100|[from] item: Leftovers\n|-heal|p2a: Kingambit|79\/100|[from] item: Leftovers\n|upkeep\n|turn|12\n|\n|t:|1700807718\n|-terastallize|p1a: Slowking|Ground\n|-terastallize|p2a: Kingambit|Fairy\n|move|p1a: Slowking|Tera Blast|p2a: Kingambit|[anim] Tera Blast Ground\n|-damage|p2a: Kingambit|6\/100\n|move|p2a: Kingambit|Kowtow Cleave|p1a: Slowking\n|-damage|p1a: Slowking|69\/100\n|\n|-end|p1a: Slowking|move: Future Sight\n|-damage|p1a: Slowking|50\/100\n|-heal|p1a: Slowking|56\/100|[from] item: Leftovers\n|-heal|p2a: Kingambit|12\/100|[from] item: Leftovers\n|-sideend|p1: TheZalmancer|move: Aurora Veil\n|upkeep\n|turn|13\n|\n|t:|1700807723\n|move|p1a: Slowking|Shadow Ball|p2a: Kingambit\n|-damage|p2a: Kingambit|0 fnt\n|faint|p2a: Kingambit\n|\n|-heal|p1a: Slowking|62\/100|[from] item: Leftovers\n|-fieldend|move: Trick Room\n|upkeep\n|\n|t:|1700807727\n|switch|p2a: Ogerpon|Ogerpon-Wellspring, F|100\/100\n|turn|14\n|\n|t:|1700807733\n|switch|p1a: Tornadus|Tornadus-Therian, M, shiny|73\/100\n|move|p2a: Ogerpon|Ivy Cudgel|p1a: Tornadus|[anim] Ivy Cudgel Water\n|-damage|p1a: Tornadus|0 fnt\n|faint|p1a: Tornadus\n|\n|upkeep\n|\n|t:|1700807736\n|switch|p1a: Ogerpon|Ogerpon-Wellspring, F|100\/100\n|turn|15\n|\n|t:|1700807743\n|switch|p1a: Corviknight|Corviknight, F, shiny|100\/100\n|-ability|p1a: Corviknight|Pressure\n|move|p2a: Ogerpon|Trailblaze|p1a: Corviknight\n|-resisted|p1a: Corviknight\n|-damage|p1a: Corviknight|96\/100\n|-boost|p2a: Ogerpon|spe|1\n|\n|-heal|p1a: Corviknight|100\/100|[from] item: Leftovers\n|upkeep\n|turn|16\n|\n|t:|1700807756\n|switch|p2a: Corviknight|Corviknight, F|100\/100\n|-ability|p2a: Corviknight|Pressure\n|move|p1a: Corviknight|U-turn|p2a: Corviknight\n|-resisted|p2a: Corviknight\n|-damage|p2a: Corviknight|98\/100\n|-damage|p1a: Corviknight|84\/100|[from] item: Rocky Helmet|[of] p2a: Corviknight\n|\n|t:|1700807759\n|switch|p1a: Ninetales|Ninetales-Alola, F, shiny|74\/100|[from] U-turn\n|-weather|Snow|[from] ability: Snow Warning|[of] p1a: Ninetales\n|\n|-weather|Snow|[upkeep]\n|upkeep\n|turn|17\n|\n|t:|1700807769\n|move|p1a: Ninetales|Aurora Veil|p1a: Ninetales\n|-sidestart|p1: TheZalmancer|move: Aurora Veil\n|move|p2a: Corviknight|U-turn|p1a: Ninetales\n|-resisted|p1a: Ninetales\n|-damage|p1a: Ninetales|71\/100\n|\n|t:|1700807771\n|switch|p2a: Dragapult|Dragapult, F|83\/100|[from] U-turn\n|\n|-weather|Snow|[upkeep]\n|upkeep\n|turn|18\n|\n|t:|1700807777\n|move|p2a: Dragapult|Flamethrower|p1a: Ninetales\n|-supereffective|p1a: Ninetales\n|-damage|p1a: Ninetales|0 fnt\n|faint|p1a: Ninetales\n|\n|-weather|Snow|[upkeep]\n|upkeep\n|\n|t:|1700807782\n|switch|p1a: Ogerpon|Ogerpon-Wellspring, F|100\/100\n|turn|19\n|\n|t:|1700807787\n|switch|p2a: Corviknight|Corviknight, F|98\/100\n|-ability|p2a: Corviknight|Pressure\n|move|p1a: Ogerpon|Swords Dance|p1a: Ogerpon\n|-boost|p1a: Ogerpon|atk|2\n|\n|-weather|Snow|[upkeep]\n|upkeep\n|turn|20\n|\n|t:|1700807792\n|move|p1a: Ogerpon|Ivy Cudgel|p2a: Corviknight|[anim] Ivy Cudgel Water\n|-damage|p2a: Corviknight|23\/100\n|move|p2a: Corviknight|Brave Bird|p1a: Ogerpon\n|-supereffective|p1a: Ogerpon\n|-damage|p1a: Ogerpon|56\/100\n|-damage|p2a: Corviknight|12\/100|[from] Recoil\n|\n|-weather|none\n|upkeep\n|turn|21\n|\n|t:|1700807821\n|move|p1a: Ogerpon|Horn Leech|p2a: Corviknight\n|-resisted|p2a: Corviknight\n|-damage|p2a: Corviknight|0 fnt\n|-heal|p1a: Ogerpon|63\/100|[from] drain|[of] p2a: Corviknight\n|-damage|p1a: Ogerpon|47\/100|[from] item: Rocky Helmet|[of] p2a: Corviknight\n|faint|p2a: Corviknight\n|\n|upkeep\n|\n|t:|1700807823\n|switch|p2a: Dragapult|Dragapult, F|83\/100\n|turn|22\n|\n|t:|1700807829\n|move|p2a: Dragapult|Draco Meteor|p1a: Ogerpon\n|-damage|p1a: Ogerpon|0 fnt\n|-unboost|p2a: Dragapult|spa|2\n|faint|p1a: Ogerpon\n|\n|upkeep\n|\n|t:|1700807847\n|switch|p1a: Slowking|Slowking-Galar, M, tera:Ground|95\/100\n|turn|23\n|\n|t:|1700807853\n|switch|p2a: Ogerpon|Ogerpon-Wellspring, F|100\/100\n|move|p1a: Slowking|Nasty Plot|p1a: Slowking\n|-boost|p1a: Slowking|spa|2\n|\n|-heal|p1a: Slowking|100\/100|[from] item: Leftovers\n|upkeep\n|turn|24\n|\n|t:|1700807859\n|move|p2a: Ogerpon|Ivy Cudgel|p1a: Slowking|[anim] Ivy Cudgel Water\n|-supereffective|p1a: Slowking\n|-crit|p1a: Slowking\n|-damage|p1a: Slowking|0 fnt\n|faint|p1a: Slowking\n|\n|-sideend|p1: TheZalmancer|move: Aurora Veil\n|upkeep\n|\n|t:|1700807867\n|switch|p1a: Corviknight|Corviknight, F, shiny|84\/100\n|-ability|p1a: Corviknight|Pressure\n|turn|25\n|\n|t:|1700807879\n|switch|p2a: Ninetales|Ninetales-Alola, F|100\/100\n|-weather|Snow|[from] ability: Snow Warning|[of] p2a: Ninetales\n|move|p1a: Corviknight|Iron Head|p2a: Ninetales\n|-supereffective|p2a: Ninetales\n|-damage|p2a: Ninetales|0 fnt\n|faint|p2a: Ninetales\n|\n|-weather|Snow|[upkeep]\n|-heal|p1a: Corviknight|90\/100|[from] item: Leftovers\n|upkeep\n|\n|t:|1700807883\n|switch|p2a: Dragapult|Dragapult, F|83\/100\n|turn|26\n|\n|t:|1700807888\n|move|p2a: Dragapult|Flamethrower|p1a: Corviknight\n|-supereffective|p1a: Corviknight\n|-damage|p1a: Corviknight|13\/100\n|move|p1a: Corviknight|U-turn|p2a: Dragapult\n|-resisted|p2a: Dragapult\n|-damage|p2a: Dragapult|74\/100\n|\n|t:|1700807891\n|switch|p1a: Zamazenta|Zamazenta|100\/100|[from] U-turn\n|\n|-weather|Snow|[upkeep]\n|upkeep\n|turn|27\n|\n|t:|1700807904\n|switch|p2a: Slowking|Slowking-Galar, F|74\/100\n|move|p1a: Zamazenta|Crunch|p2a: Slowking\n|-supereffective|p2a: Slowking\n|-damage|p2a: Slowking|0 fnt\n|faint|p2a: Slowking\n|\n|-weather|Snow|[upkeep]\n|upkeep\n|\n|t:|1700807906\n|switch|p2a: Ogerpon|Ogerpon-Wellspring, F|100\/100\n|turn|28\n|\n|t:|1700807917\n|move|p1a: Zamazenta|Crunch|p2a: Ogerpon\n|-damage|p2a: Ogerpon|51\/100\n|-unboost|p2a: Ogerpon|def|1\n|move|p2a: Ogerpon|Trailblaze|p1a: Zamazenta\n|-damage|p1a: Zamazenta|71\/100\n|-boost|p2a: Ogerpon|spe|1\n|\n|-weather|Snow|[upkeep]\n|upkeep\n|turn|29\n|\n|t:|1700807921\n|move|p2a: Ogerpon|Ivy Cudgel|p1a: Zamazenta|[anim] Ivy Cudgel Water\n|-damage|p1a: Zamazenta|14\/100\n|move|p1a: Zamazenta|Crunch|p2a: Ogerpon\n|-crit|p2a: Ogerpon\n|-damage|p2a: Ogerpon|0 fnt\n|faint|p2a: Ogerpon\n|\n|-weather|none\n|upkeep\n|\n|t:|1700807925\n|switch|p2a: Dragapult|Dragapult, F|74\/100\n|turn|30\n|\n|t:|1700807932\n|move|p1a: Zamazenta|Crunch|p2a: Dragapult\n|-supereffective|p2a: Dragapult\n|-damage|p2a: Dragapult|0 fnt\n|faint|p2a: Dragapult\n|\n|win|TheZalmancer\n|raw|TheZalmancer's rating: 1312 &rarr; <strong>1338<\/strong><br \/>(+26 for winning)\n|raw|WintyBird's rating: 1417 &rarr; <strong>1391<\/strong><br \/>(-26 for losing)\n|c|\u2606TheZalmancer|ggs\n|c|\u2606WintyBird|gg\n|c|\u2606WintyBird|were\n","uploadtime":1700807942,"views":4,"p1id":"thezalmancer","p2id":"wintybird","formatid":"gen9ou","rating":1338,"private":0,"password":""}