{"id":"gen9ou-1993581985","p1":"LityL","p2":"VicksVoice","format":"[Gen 9] OU","log":"|j|\u2606LityL\n|j|\u2606VicksVoice\n|t:|1700334166\n|gametype|singles\n|player|p1|LityL|2|1466\n|player|p2|VicksVoice|lady|1388\n|teamsize|p1|6\n|teamsize|p2|6\n|gen|9\n|tier|[Gen 9] OU\n|rated|\n|rule|Sleep Clause Mod: Limit one foe put to sleep\n|rule|Species Clause: Limit one of each Pok\u00e9mon\n|rule|OHKO Clause: OHKO moves are banned\n|rule|Evasion Items Clause: Evasion items are banned\n|rule|Evasion Moves Clause: Evasion moves are banned\n|rule|Endless Battle Clause: Forcing endless battles is banned\n|rule|HP Percentage Mod: HP is shown in percentages\n|clearpoke\n|poke|p1|Zamazenta-*|\n|poke|p1|Slowking-Galar, M|\n|poke|p1|Alomomola, M|\n|poke|p1|Kingambit, F|\n|poke|p1|Landorus-Therian, M|\n|poke|p1|Dragapult, F|\n|poke|p2|Maushold-Four|\n|poke|p2|Kingambit, F|\n|poke|p2|Iron Valiant|\n|poke|p2|Ribombee, F|\n|poke|p2|Samurott-Hisui, M|\n|poke|p2|Dragonite, M|\n|teampreview\n|inactive|Battle timer is ON: inactive players will automatically lose when time's up. (requested by VicksVoice)\n|c|\u2606LityL|Hf\n|\n|t:|1700334187\n|start\n|switch|p1a: Slowking|Slowking-Galar, M|100\/100\n|switch|p2a: Maushold|Maushold-Four|100\/100\n|turn|1\n|\n|t:|1700334192\n|move|p2a: Maushold|Tidy Up|p2a: Maushold\n|-boost|p2a: Maushold|atk|1\n|-boost|p2a: Maushold|spe|1\n|move|p1a: Slowking|Thunder Wave|p2a: Maushold\n|-status|p2a: Maushold|par\n|\n|upkeep\n|turn|2\n|\n|t:|1700334195\n|switch|p1a: Landorus|Landorus-Therian, M|100\/100\n|-ability|p1a: Landorus|Intimidate|boost\n|-unboost|p2a: Maushold|atk|1\n|move|p2a: Maushold|Encore||[still]\n|-fail|p2a: Maushold\n|\n|upkeep\n|turn|3\n|\n|t:|1700334201\n|move|p1a: Landorus|Earthquake|p2a: Maushold\n|-damage|p2a: Maushold|24\/100 par\n|move|p2a: Maushold|Tidy Up|p2a: Maushold\n|-boost|p2a: Maushold|atk|1\n|-boost|p2a: Maushold|spe|1\n|\n|upkeep\n|turn|4\n|\n|t:|1700334209\n|switch|p1a: Dragapult|Dragapult, F|100\/100\n|move|p2a: Maushold|Population Bomb|p1a: Dragapult\n|-immune|p1a: Dragapult\n|\n|upkeep\n|turn|5\n|\n|t:|1700334214\n|move|p1a: Dragapult|U-turn|p2a: Maushold\n|-damage|p2a: Maushold|0 fnt\n|faint|p2a: Maushold\n|\n|t:|1700334223\n|switch|p1a: Kingambit|Kingambit, F|100\/100|[from] U-turn\n|\n|upkeep\n|\n|t:|1700334235\n|switch|p2a: Kingambit|Kingambit, F|100\/100\n|-activate|p2a: Kingambit|ability: Supreme Overlord\n|-start|p2a: Kingambit|fallen1|[silent]\n|turn|6\n|\n|t:|1700334240\n|-end|p1a: Kingambit|fallenundefined|[silent]\n|switch|p1a: Landorus|Landorus-Therian, M|100\/100\n|-ability|p1a: Landorus|Intimidate|boost\n|-unboost|p2a: Kingambit|atk|1\n|move|p2a: Kingambit|Brick Break|p1a: Landorus\n|-resisted|p1a: Landorus\n|-damage|p1a: Landorus|90\/100\n|\n|-heal|p1a: Landorus|96\/100|[from] item: Leftovers\n|upkeep\n|turn|7\n|\n|t:|1700334246\n|-end|p2a: Kingambit|fallen1|[silent]\n|switch|p2a: Ribombee|Ribombee, F|100\/100\n|move|p1a: Landorus|Stealth Rock|p2a: Ribombee\n|-sidestart|p2: VicksVoice|move: Stealth Rock\n|\n|-heal|p1a: Landorus|100\/100|[from] item: Leftovers\n|upkeep\n|turn|8\n|\n|t:|1700334253\n|move|p2a: Ribombee|Sticky Web|p1a: Landorus\n|-sidestart|p1: LityL|move: Sticky Web\n|move|p1a: Landorus|U-turn|p2a: Ribombee\n|-resisted|p2a: Ribombee\n|-damage|p2a: Ribombee|77\/100\n|\n|t:|1700334261\n|switch|p1a: Slowking|Slowking-Galar, M|100\/100|[from] U-turn\n|\n|upkeep\n|turn|9\n|\n|t:|1700334272\n|move|p2a: Ribombee|Stun Spore|p1a: Slowking\n|-status|p1a: Slowking|par\n|cant|p1a: Slowking|par\n|\n|upkeep\n|turn|10\n|\n|t:|1700334290\n|switch|p2a: Samurott|Samurott-Hisui, M|100\/100\n|-damage|p2a: Samurott|88\/100|[from] Stealth Rock\n|move|p1a: Slowking|Thunder Wave|p2a: Samurott\n|-status|p2a: Samurott|par\n|\n|upkeep\n|turn|11\n|\n|t:|1700334307\n|switch|p1a: Zamazenta|Zamazenta, shiny|100\/100\n|-activate|p1a: Zamazenta|move: Sticky Web\n|-unboost|p1a: Zamazenta|spe|1\n|-ability|p1a: Zamazenta|Dauntless Shield|boost\n|-boost|p1a: Zamazenta|def|1\n|cant|p2a: Samurott|par\n|\n|upkeep\n|turn|12\n|\n|t:|1700334318\n|move|p1a: Zamazenta|Close Combat|p2a: Samurott\n|-supereffective|p2a: Samurott\n|-damage|p2a: Samurott|0 fnt\n|-unboost|p1a: Zamazenta|def|1\n|-unboost|p1a: Zamazenta|spd|1\n|faint|p2a: Samurott\n|\n|upkeep\n|\n|t:|1700334322\n|switch|p2a: Ribombee|Ribombee, F|77\/100\n|-damage|p2a: Ribombee|52\/100|[from] Stealth Rock\n|turn|13\n|\n|t:|1700334326\n|switch|p1a: Slowking|Slowking-Galar, M|100\/100 par\n|move|p2a: Ribombee|Moonblast|p1a: Slowking\n|-resisted|p1a: Slowking\n|-damage|p1a: Slowking|87\/100 par\n|\n|upkeep\n|turn|14\n|\n|t:|1700334332\n|move|p2a: Ribombee|Psychic|p1a: Slowking\n|-damage|p1a: Slowking|69\/100 par\n|move|p1a: Slowking|Thunder Wave|p2a: Ribombee\n|-status|p2a: Ribombee|par\n|\n|upkeep\n|turn|15\n|\n|t:|1700334336\n|move|p2a: Ribombee|Moonblast|p1a: Slowking\n|-resisted|p1a: Slowking\n|-damage|p1a: Slowking|56\/100 par\n|move|p1a: Slowking|Chilly Reception|p1a: Slowking\n|-weather|Snow\n|\n|t:|1700334341\n|switch|p1a: Landorus|Landorus-Therian, M|100\/100|[from] Chilly Reception\n|-ability|p1a: Landorus|Intimidate|boost\n|-unboost|p2a: Ribombee|atk|1\n|\n|-weather|Snow|[upkeep]\n|upkeep\n|turn|16\n|\n|t:|1700334347\n|move|p1a: Landorus|Earthquake|p2a: Ribombee\n|-resisted|p2a: Ribombee\n|-damage|p2a: Ribombee|3\/100 par\n|move|p2a: Ribombee|Moonblast|p1a: Landorus\n|-damage|p1a: Landorus|59\/100\n|-unboost|p1a: Landorus|spa|1\n|\n|-weather|Snow|[upkeep]\n|-heal|p1a: Landorus|65\/100|[from] item: Leftovers\n|upkeep\n|turn|17\n|\n|t:|1700334351\n|move|p1a: Landorus|U-turn|p2a: Ribombee\n|-resisted|p2a: Ribombee\n|-damage|p2a: Ribombee|0 fnt\n|faint|p2a: Ribombee\n|\n|t:|1700334355\n|switch|p1a: Slowking|Slowking-Galar, M|89\/100 par|[from] U-turn\n|\n|-weather|Snow|[upkeep]\n|upkeep\n|inactive|VicksVoice has 120 seconds left.\n|\n|t:|1700334398\n|switch|p2a: Dragonite|Dragonite, M|100\/100\n|turn|18\n|\n|t:|1700334404\n|move|p2a: Dragonite|Dragon Dance|p2a: Dragonite\n|-boost|p2a: Dragonite|atk|1\n|-boost|p2a: Dragonite|spe|1\n|move|p1a: Slowking|Thunder Wave|p2a: Dragonite\n|-status|p2a: Dragonite|par\n|\n|-weather|Snow|[upkeep]\n|upkeep\n|turn|19\n|\n|t:|1700334409\n|switch|p1a: Landorus|Landorus-Therian, M|65\/100\n|-ability|p1a: Landorus|Intimidate|boost\n|-unboost|p2a: Dragonite|atk|1\n|cant|p2a: Dragonite|par\n|\n|-weather|none\n|-heal|p1a: Landorus|72\/100|[from] item: Leftovers\n|upkeep\n|turn|20\n|c|\u2606VicksVoice|can you get paralyzed half as much as I do??\n|\n|t:|1700334424\n|move|p1a: Landorus|U-turn|p2a: Dragonite\n|-resisted|p2a: Dragonite\n|-damage|p2a: Dragonite|94\/100 par\n|\n|t:|1700334427\n|switch|p1a: Alomomola|Alomomola, M|100\/100|[from] U-turn\n|move|p2a: Dragonite|Dragon Dance|p2a: Dragonite\n|-boost|p2a: Dragonite|atk|1\n|-boost|p2a: Dragonite|spe|1\n|\n|upkeep\n|turn|21\n|\n|t:|1700334432\n|cant|p2a: Dragonite|par\n|move|p1a: Alomomola|Flip Turn|p2a: Dragonite\n|-resisted|p2a: Dragonite\n|-damage|p2a: Dragonite|85\/100 par\n|\n|t:|1700334435\n|switch|p1a: Dragapult|Dragapult, F|100\/100|[from] Flip Turn\n|-activate|p1a: Dragapult|move: Sticky Web\n|-unboost|p1a: Dragapult|spe|1\n|\n|upkeep\n|turn|22\n|\n|t:|1700334441\n|move|p1a: Dragapult|Draco Meteor|p2a: Dragonite\n|-supereffective|p2a: Dragonite\n|-damage|p2a: Dragonite|0 fnt\n|-unboost|p1a: Dragapult|spa|2\n|faint|p2a: Dragonite\n|\n|upkeep\n|\n|t:|1700334447\n|switch|p2a: Iron Valiant|Iron Valiant|100\/100\n|-damage|p2a: Iron Valiant|94\/100|[from] Stealth Rock\n|-enditem|p2a: Iron Valiant|Booster Energy\n|-activate|p2a: Iron Valiant|ability: Quark Drive|[fromitem]\n|-start|p2a: Iron Valiant|quarkdrivespe\n|turn|23\n|\n|t:|1700334450\n|switch|p1a: Slowking|Slowking-Galar, M|100\/100 par\n|move|p2a: Iron Valiant|Calm Mind|p2a: Iron Valiant\n|-boost|p2a: Iron Valiant|spa|1\n|-boost|p2a: Iron Valiant|spd|1\n|\n|upkeep\n|turn|24\n|\n|t:|1700334454\n|move|p2a: Iron Valiant|Calm Mind|p2a: Iron Valiant\n|-boost|p2a: Iron Valiant|spa|1\n|-boost|p2a: Iron Valiant|spd|1\n|move|p1a: Slowking|Sludge Bomb|p2a: Iron Valiant\n|-supereffective|p2a: Iron Valiant\n|-damage|p2a: Iron Valiant|36\/100\n|\n|upkeep\n|turn|25\n|\n|t:|1700334459\n|move|p2a: Iron Valiant|Psyshock|p1a: Slowking\n|-damage|p1a: Slowking|53\/100 par\n|move|p1a: Slowking|Sludge Bomb|p2a: Iron Valiant\n|-supereffective|p2a: Iron Valiant\n|-damage|p2a: Iron Valiant|0 fnt\n|faint|p2a: Iron Valiant\n|-end|p2a: Iron Valiant|Quark Drive|[silent]\n|\n|upkeep\n|\n|t:|1700334462\n|switch|p2a: Kingambit|Kingambit, F|100\/100\n|-damage|p2a: Kingambit|94\/100|[from] Stealth Rock\n|-activate|p2a: Kingambit|ability: Supreme Overlord\n|-start|p2a: Kingambit|fallen5|[silent]\n|turn|26\n|c|\u2606VicksVoice|yeah cool\n|c|\u2606VicksVoice|never para'd\n|\n|t:|1700334471\n|move|p2a: Kingambit|Swords Dance|p2a: Kingambit\n|-boost|p2a: Kingambit|atk|2\n|cant|p1a: Slowking|par\n|\n|upkeep\n|turn|27\n|c|\u2606LityL|ggs\n|\n|t:|1700334478\n|move|p2a: Kingambit|Swords Dance|p2a: Kingambit\n|-boost|p2a: Kingambit|atk|2\n|move|p1a: Slowking|Thunder Wave|p2a: Kingambit|[miss]\n|-miss|p1a: Slowking|p2a: Kingambit\n|\n|upkeep\n|turn|28\n|c|\u2606LityL|i got para in the first turn\n|c|\u2606VicksVoice|wait nvm\n|c|\u2606VicksVoice|LMAO\n|c|\u2606LityL|wow\n|\n|t:|1700334488\n|switch|p1a: Landorus|Landorus-Therian, M|72\/100\n|-ability|p1a: Landorus|Intimidate|boost\n|-unboost|p2a: Kingambit|atk|1\n|move|p2a: Kingambit|Swords Dance|p2a: Kingambit\n|-boost|p2a: Kingambit|atk|2\n|\n|-heal|p1a: Landorus|78\/100|[from] item: Leftovers\n|upkeep\n|turn|29\n|c|\u2606VicksVoice|finally\n|\n|t:|1700334495\n|-terastallize|p1a: Landorus|Fairy\n|-terastallize|p2a: Kingambit|Flying\n|move|p1a: Landorus|Earthquake|p2a: Kingambit\n|-immune|p2a: Kingambit\n|move|p2a: Kingambit|Iron Head|p1a: Landorus\n|-supereffective|p1a: Landorus\n|-damage|p1a: Landorus|0 fnt\n|faint|p1a: Landorus\n|\n|upkeep\n|\n|t:|1700334501\n|switch|p1a: Zamazenta|Zamazenta, shiny|100\/100\n|-activate|p1a: Zamazenta|move: Sticky Web\n|-unboost|p1a: Zamazenta|spe|1\n|turn|30\n|\n|t:|1700334508\n|move|p1a: Zamazenta|Stone Edge|p2a: Kingambit|[miss]\n|-miss|p1a: Zamazenta|p2a: Kingambit\n|move|p2a: Kingambit|Iron Head|p1a: Zamazenta\n|-crit|p1a: Zamazenta\n|-damage|p1a: Zamazenta|0 fnt\n|faint|p1a: Zamazenta\n|\n|upkeep\n|c|\u2606LityL|BRUHHHHHHHHHHHHHH\n|c|\u2606VicksVoice|WAIT\n|c|\u2606VicksVoice|the comeback\n|c|\u2606LityL|tf you mean comeback\n|c|\u2606VicksVoice|you only killed if you crit btw\n|c|\u2606LityL|bruh\n|c|\u2606LityL|i didnt had to kill\n|inactive|LityL has 120 seconds left.\n|c|\u2606LityL|i just needed the cheap\n|\n|t:|1700334542\n|switch|p1a: Dragapult|Dragapult, F|100\/100\n|-activate|p1a: Dragapult|move: Sticky Web\n|-unboost|p1a: Dragapult|spe|1\n|turn|31\n|c|\u2606VicksVoice|tru tru\n|c|\u2606LityL|bruh\n|\n|t:|1700334550\n|move|p2a: Kingambit|Sucker Punch|p1a: Dragapult\n|-supereffective|p1a: Dragapult\n|-damage|p1a: Dragapult|0 fnt\n|faint|p1a: Dragapult\n|\n|upkeep\n|c|\u2606LityL|this is so ass\n|\n|t:|1700334555\n|switch|p1a: Alomomola|Alomomola, M|100\/100\n|turn|32\n|c|\u2606VicksVoice|mannn\n|c|\u2606VicksVoice|I had so many bad ones\n|c|\u2606VicksVoice|but you got them all at the worst time\n|\n|t:|1700334581\n|move|p2a: Kingambit|Iron Head|p1a: Alomomola\n|-resisted|p1a: Alomomola\n|-damage|p1a: Alomomola|35\/100\n|move|p1a: Alomomola|Scald|p2a: Kingambit\n|-damage|p2a: Kingambit|80\/100\n|\n|upkeep\n|turn|33\n|c|\u2606LityL|and no burn\n|\n|t:|1700334589\n|move|p2a: Kingambit|Brick Break|p1a: Alomomola\n|-damage|p1a: Alomomola|0 fnt\n|faint|p1a: Alomomola\n|\n|upkeep\n|\n|t:|1700334592\n|switch|p1a: Slowking|Slowking-Galar, M|87\/100 par\n|turn|34\n|c|\u2606VicksVoice|I have lum dw\n|\n|t:|1700334600\n|move|p2a: Kingambit|Iron Head|p1a: Slowking\n|-damage|p1a: Slowking|0 fnt\n|faint|p1a: Slowking\n|\n|upkeep\n|\n|t:|1700334603\n|switch|p1a: Kingambit|Kingambit, F|100\/100\n|-activate|p1a: Kingambit|move: Sticky Web\n|-unboost|p1a: Kingambit|spe|1\n|-activate|p1a: Kingambit|ability: Supreme Overlord\n|-start|p1a: Kingambit|fallen5|[silent]\n|turn|35\n|-message|LityL forfeited.\n|\n|win|VicksVoice\n|raw|LityL's rating: 1466 &rarr; <strong>1442<\/strong><br \/>(-24 for losing)\n|raw|VicksVoice's rating: 1388 &rarr; <strong>1412<\/strong><br \/>(+24 for winning)\n|l|\u2606LityL\n|c|\u2606VicksVoice|GGZ\n","uploadtime":1700334615,"views":9,"p1id":"lityl","p2id":"vicksvoice","formatid":"gen9ou","rating":1412,"private":0,"password":""}