{"id":"gen9ou-1989932872","p1":"Smelly Von Beli","p2":"Timootje27","format":"[Gen 9] OU","log":"|j|\u2606Smelly Von Beli\n|j|\u2606Timootje27\n|t:|1699907909\n|gametype|singles\n|player|p1|Smelly Von Beli|brycenman|1299\n|player|p2|Timootje27|brycen|1253\n|teamsize|p1|6\n|teamsize|p2|6\n|gen|9\n|tier|[Gen 9] OU\n|rated|\n|rule|Sleep Clause Mod: Limit one foe put to sleep\n|rule|Species Clause: Limit one of each Pok\u00e9mon\n|rule|OHKO Clause: OHKO moves are banned\n|rule|Evasion Items Clause: Evasion items are banned\n|rule|Evasion Moves Clause: Evasion moves are banned\n|rule|Endless Battle Clause: Forcing endless battles is banned\n|rule|HP Percentage Mod: HP is shown in percentages\n|clearpoke\n|poke|p1|Kingambit, F|\n|poke|p1|Garganacl, M|\n|poke|p1|Gholdengo|\n|poke|p1|Ribombee, M|\n|poke|p1|Blissey, F|\n|poke|p1|Iron Valiant|\n|poke|p2|Greninja-*, M|\n|poke|p2|Ceruledge, M|\n|poke|p2|Enamorus, F|\n|poke|p2|Slowking-Galar, F|\n|poke|p2|Scizor, F|\n|poke|p2|Landorus-Therian, M|\n|teampreview\n|inactive|Battle timer is ON: inactive players will automatically lose when time's up. (requested by Timootje27)\n|inactive|Smelly Von Beli also wants the timer to be on.\n|\n|t:|1699907913\n|start\n|switch|p1a: Ribombee|Ribombee, M|100\/100\n|switch|p2a: Landorus|Landorus-Therian, M|100\/100\n|-ability|p2a: Landorus|Intimidate|boost\n|-unboost|p1a: Ribombee|atk|1\n|turn|1\n|\n|t:|1699907933\n|move|p1a: Ribombee|Stun Spore|p2a: Landorus\n|-status|p2a: Landorus|par\n|move|p2a: Landorus|Substitute|p2a: Landorus\n|-start|p2a: Landorus|Substitute\n|-damage|p2a: Landorus|75\/100 par\n|\n|upkeep\n|turn|2\n|\n|t:|1699907942\n|switch|p1a: Garganacl|Garganacl, M|100\/100\n|move|p2a: Landorus|Stone Edge|p1a: Garganacl\n|-damage|p1a: Garganacl|76\/100\n|\n|-heal|p1a: Garganacl|82\/100|[from] item: Leftovers\n|upkeep\n|turn|3\n|\n|t:|1699907950\n|move|p2a: Landorus|Earthquake|p1a: Garganacl\n|-supereffective|p1a: Garganacl\n|-damage|p1a: Garganacl|8\/100\n|move|p1a: Garganacl|Curse|p1a: Garganacl\n|-unboost|p1a: Garganacl|spe|1\n|-boost|p1a: Garganacl|atk|1\n|-boost|p1a: Garganacl|def|1\n|\n|-heal|p1a: Garganacl|14\/100|[from] item: Leftovers\n|upkeep\n|turn|4\n|\n|t:|1699907958\n|move|p1a: Garganacl|Protect|p1a: Garganacl\n|-singleturn|p1a: Garganacl|Protect\n|move|p2a: Landorus|Earthquake|p1a: Garganacl\n|-activate|p1a: Garganacl|move: Protect\n|\n|-heal|p1a: Garganacl|20\/100|[from] item: Leftovers\n|upkeep\n|turn|5\n|\n|t:|1699907967\n|-terastallize|p1a: Garganacl|Ghost\n|cant|p2a: Landorus|par\n|move|p1a: Garganacl|Recover|p1a: Garganacl\n|-heal|p1a: Garganacl|70\/100\n|\n|-heal|p1a: Garganacl|76\/100|[from] item: Leftovers\n|upkeep\n|turn|6\n|\n|t:|1699907976\n|move|p2a: Landorus|Earthquake|p1a: Garganacl\n|-damage|p1a: Garganacl|49\/100\n|move|p1a: Garganacl|Salt Cure|p2a: Landorus\n|-end|p2a: Landorus|Substitute\n|\n|-heal|p1a: Garganacl|55\/100|[from] item: Leftovers\n|upkeep\n|turn|7\n|\n|t:|1699907985\n|switch|p2a: Greninja|Greninja, M|100\/100\n|move|p1a: Garganacl|Recover|p1a: Garganacl\n|-heal|p1a: Garganacl|100\/100\n|\n|upkeep\n|turn|8\n|\n|t:|1699907990\n|move|p2a: Greninja|Dark Pulse|p1a: Garganacl\n|-supereffective|p1a: Garganacl\n|-damage|p1a: Garganacl|43\/100\n|-damage|p2a: Greninja|91\/100|[from] item: Life Orb\n|move|p1a: Garganacl|Salt Cure|p2a: Greninja\n|-crit|p2a: Greninja\n|-damage|p2a: Greninja|41\/100\n|-start|p2a: Greninja|Salt Cure\n|\n|-heal|p1a: Garganacl|49\/100|[from] item: Leftovers\n|-damage|p2a: Greninja|16\/100|[from] Salt Cure\n|upkeep\n|turn|9\n|\n|t:|1699908002\n|switch|p2a: Ceruledge|Ceruledge, M|100\/100\n|move|p1a: Garganacl|Protect||[still]\n|-fail|p1a: Garganacl\n|\n|-heal|p1a: Garganacl|55\/100|[from] item: Leftovers\n|upkeep\n|turn|10\n|\n|t:|1699908009\n|move|p2a: Ceruledge|Poltergeist|p1a: Garganacl\n|-activate|p1a: Garganacl|move: Poltergeist|Leftovers\n|-supereffective|p1a: Garganacl\n|-damage|p1a: Garganacl|30\/100\n|move|p1a: Garganacl|Recover|p1a: Garganacl\n|-heal|p1a: Garganacl|80\/100\n|\n|-heal|p1a: Garganacl|86\/100|[from] item: Leftovers\n|upkeep\n|turn|11\n|n|!Timootje27|timootje27\n|\n|t:|1699908035\n|move|p2a: Ceruledge|Poltergeist|p1a: Garganacl|[miss]\n|-miss|p2a: Ceruledge|p1a: Garganacl\n|move|p1a: Garganacl|Salt Cure|p2a: Ceruledge\n|-supereffective|p2a: Ceruledge\n|-damage|p2a: Ceruledge|37\/100\n|-start|p2a: Ceruledge|Salt Cure\n|-ability|p2a: Ceruledge|Weak Armor|boost\n|-unboost|p2a: Ceruledge|def|1\n|-boost|p2a: Ceruledge|spe|2\n|\n|-heal|p1a: Garganacl|92\/100|[from] item: Leftovers\n|-damage|p2a: Ceruledge|24\/100|[from] Salt Cure\n|upkeep\n|turn|12\n|l|!Timootje27\n|inactive|Timootje27 disconnected and has a minute to reconnect!\n|player|p2|\n|\n|t:|1699908048\n|move|p1a: Garganacl|Protect|p1a: Garganacl\n|-singleturn|p1a: Garganacl|Protect\n|move|p2a: Ceruledge|Poltergeist|p1a: Garganacl\n|-activate|p1a: Garganacl|move: Protect\n|\n|-heal|p1a: Garganacl|98\/100|[from] item: Leftovers\n|-damage|p2a: Ceruledge|12\/100|[from] Salt Cure\n|upkeep\n|turn|13\n|inactive|Timootje27 has 30 seconds to reconnect!\n|inactive|Timootje27 has 20 seconds to reconnect!\n|inactive|Timootje27 has 15 seconds to reconnect!\n|inactive|Timootje27 has 10 seconds to reconnect!\n|inactive|Timootje27 has 5 seconds to reconnect!\n|-message|Timootje27 lost due to inactivity.\n|\n|win|Smelly Von Beli\n|raw|Smelly Von Beli's rating: 1299 &rarr; <strong>1321<\/strong><br \/>(+22 for winning)\n|raw|Timootje27's rating: 1253 &rarr; <strong>1231<\/strong><br \/>(-22 for losing)\n","uploadtime":1699908023,"views":9,"p1id":"smellyvonbeli","p2id":"timootje27","formatid":"gen9ou","rating":1231,"private":0,"password":""}