{"id":"gen9ou-1990056179","p1":"Wolfblaze","p2":"Bunch O Eggs","format":"[Gen 9] OU","log":"|j|\u2606Wolfblaze\n|j|\u2606Bunch O Eggs\n|t:|1699919799\n|gametype|singles\n|player|p1|Wolfblaze|1|1237\n|player|p2|Bunch O Eggs|pokemonbreederf-gen4|1350\n|teamsize|p1|6\n|teamsize|p2|6\n|gen|9\n|tier|[Gen 9] OU\n|rated|\n|rule|Sleep Clause Mod: Limit one foe put to sleep\n|rule|Species Clause: Limit one of each Pok\u00e9mon\n|rule|OHKO Clause: OHKO moves are banned\n|rule|Evasion Items Clause: Evasion items are banned\n|rule|Evasion Moves Clause: Evasion moves are banned\n|rule|Endless Battle Clause: Forcing endless battles is banned\n|rule|HP Percentage Mod: HP is shown in percentages\n|clearpoke\n|poke|p1|Ceruledge, M|\n|poke|p1|Great Tusk|\n|poke|p1|Ninetales-Alola, M|\n|poke|p1|Clodsire, M|\n|poke|p1|Ribombee, F|\n|poke|p1|Jolteon, M|\n|poke|p2|Rillaboom, F|\n|poke|p2|Sneasler, F|\n|poke|p2|Ribombee, M|\n|poke|p2|Gholdengo|\n|poke|p2|Hydreigon, M|\n|poke|p2|Ting-Lu|\n|teampreview\n|\n|t:|1699919806\n|start\n|switch|p1a: Ribombee|Ribombee, F|100\/100\n|switch|p2a: Ribombee|Ribombee, M|100\/100\n|turn|1\n|\n|t:|1699919811\n|move|p2a: Ribombee|Sticky Web|p1a: Ribombee\n|-sidestart|p1: Wolfblaze|move: Sticky Web\n|move|p1a: Ribombee|Stun Spore|p2a: Ribombee|[miss]\n|-miss|p1a: Ribombee|p2a: Ribombee\n|\n|upkeep\n|turn|2\n|\n|t:|1699919816\n|move|p1a: Ribombee|Stun Spore|p2a: Ribombee\n|-status|p2a: Ribombee|par\n|move|p2a: Ribombee|Stun Spore|p1a: Ribombee\n|-status|p1a: Ribombee|par\n|\n|upkeep\n|turn|3\n|\n|t:|1699919822\n|move|p1a: Ribombee|Sticky Web|p2a: Ribombee\n|-sidestart|p2: Bunch O Eggs|move: Sticky Web\n|move|p2a: Ribombee|Moonblast|p1a: Ribombee\n|-damage|p1a: Ribombee|35\/100 par\n|\n|upkeep\n|turn|4\n|\n|t:|1699919827\n|move|p2a: Ribombee|Moonblast|p1a: Ribombee\n|-damage|p1a: Ribombee|0 fnt\n|faint|p1a: Ribombee\n|\n|upkeep\n|\n|t:|1699919836\n|switch|p1a: Ninetales|Ninetales-Alola, M|100\/100\n|-activate|p1a: Ninetales|move: Sticky Web\n|-unboost|p1a: Ninetales|spe|1\n|-weather|Snow|[from] ability: Snow Warning|[of] p1a: Ninetales\n|turn|5\n|\n|t:|1699919841\n|move|p1a: Ninetales|Aurora Veil|p1a: Ninetales\n|-sidestart|p1: Wolfblaze|move: Aurora Veil\n|move|p2a: Ribombee|Stun Spore|p1a: Ninetales\n|-status|p1a: Ninetales|par\n|\n|-weather|Snow|[upkeep]\n|upkeep\n|turn|6\n|\n|t:|1699919846\n|move|p2a: Ribombee|Moonblast|p1a: Ninetales\n|-damage|p1a: Ninetales|75\/100 par\n|-unboost|p1a: Ninetales|spa|1\n|move|p1a: Ninetales|Blizzard|p2a: Ribombee\n|-damage|p2a: Ribombee|52\/100 par\n|\n|-weather|Snow|[upkeep]\n|upkeep\n|turn|7\n|\n|t:|1699919854\n|switch|p1a: Clodsire|Clodsire, M|100\/100\n|-activate|p1a: Clodsire|move: Sticky Web\n|-unboost|p1a: Clodsire|spe|1\n|move|p2a: Ribombee|Moonblast|p1a: Clodsire\n|-resisted|p1a: Clodsire\n|-damage|p1a: Clodsire|95\/100\n|-unboost|p1a: Clodsire|spa|1\n|\n|-weather|Snow|[upkeep]\n|-heal|p1a: Clodsire|100\/100|[from] item: Leftovers\n|upkeep\n|turn|8\n|\n|t:|1699919864\n|move|p2a: Ribombee|Psychic|p1a: Clodsire\n|-supereffective|p1a: Clodsire\n|-damage|p1a: Clodsire|87\/100\n|move|p1a: Clodsire|Toxic||[still]\n|-fail|p1a: Clodsire\n|\n|-weather|Snow|[upkeep]\n|-heal|p1a: Clodsire|94\/100|[from] item: Leftovers\n|upkeep\n|turn|9\n|\n|t:|1699919873\n|cant|p2a: Ribombee|par\n|move|p1a: Clodsire|Poison Jab|p2a: Ribombee\n|-supereffective|p2a: Ribombee\n|-damage|p2a: Ribombee|0 fnt\n|faint|p2a: Ribombee\n|\n|-weather|none\n|-heal|p1a: Clodsire|99\/100|[from] item: Leftovers\n|upkeep\n|\n|t:|1699919892\n|switch|p2a: Rillaboom|Rillaboom, F|100\/100\n|-activate|p2a: Rillaboom|move: Sticky Web\n|-unboost|p2a: Rillaboom|spe|1\n|-fieldstart|move: Grassy Terrain|[from] ability: Grassy Surge|[of] p2a: Rillaboom\n|turn|10\n|\n|t:|1699919903\n|-terastallize|p1a: Clodsire|Flying\n|move|p2a: Rillaboom|Wood Hammer|p1a: Clodsire\n|-resisted|p1a: Clodsire\n|-damage|p1a: Clodsire|66\/100\n|-damage|p2a: Rillaboom|86\/100|[from] Recoil\n|move|p1a: Clodsire|Toxic|p2a: Rillaboom\n|-status|p2a: Rillaboom|tox\n|\n|-heal|p2a: Rillaboom|92\/100 tox|[from] Grassy Terrain\n|-heal|p1a: Clodsire|72\/100|[from] item: Leftovers\n|-damage|p2a: Rillaboom|86\/100 tox|[from] psn\n|upkeep\n|turn|11\n|\n|t:|1699919917\n|switch|p2a: Hydreigon|Hydreigon, M|100\/100\n|move|p1a: Clodsire|Recover|p1a: Clodsire\n|-heal|p1a: Clodsire|100\/100\n|\n|upkeep\n|turn|12\n|\n|t:|1699919923\n|move|p2a: Hydreigon|Substitute|p2a: Hydreigon\n|-start|p2a: Hydreigon|Substitute\n|-damage|p2a: Hydreigon|76\/100\n|move|p1a: Clodsire|Toxic||[still]\n|-fail|p1a: Clodsire\n|\n|-heal|p2a: Hydreigon|82\/100|[from] item: Leftovers\n|-sideend|p1: Wolfblaze|move: Aurora Veil\n|upkeep\n|turn|13\n|\n|t:|1699919932\n|move|p2a: Hydreigon|Nasty Plot|p2a: Hydreigon\n|-boost|p2a: Hydreigon|spa|2\n|move|p1a: Clodsire|Earthquake|p2a: Hydreigon\n|-immune|p2a: Hydreigon|[from] ability: Levitate\n|\n|-heal|p2a: Hydreigon|88\/100|[from] item: Leftovers\n|upkeep\n|turn|14\n|\n|t:|1699919941\n|move|p2a: Hydreigon|Dark Pulse|p1a: Clodsire\n|-damage|p1a: Clodsire|80\/100\n|move|p1a: Clodsire|Poison Jab|p2a: Hydreigon\n|-activate|p2a: Hydreigon|move: Substitute|[damage]\n|\n|-heal|p2a: Hydreigon|94\/100|[from] item: Leftovers\n|-heal|p1a: Clodsire|86\/100|[from] item: Leftovers\n|-fieldend|move: Grassy Terrain\n|upkeep\n|turn|15\n|\n|t:|1699919949\n|move|p2a: Hydreigon|Dark Pulse|p1a: Clodsire\n|-crit|p1a: Clodsire\n|-damage|p1a: Clodsire|53\/100\n|move|p1a: Clodsire|Poison Jab|p2a: Hydreigon\n|-end|p2a: Hydreigon|Substitute\n|\n|-heal|p2a: Hydreigon|99\/100|[from] item: Leftovers\n|-heal|p1a: Clodsire|59\/100|[from] item: Leftovers\n|upkeep\n|turn|16\n|\n|t:|1699919957\n|move|p2a: Hydreigon|Substitute|p2a: Hydreigon\n|-start|p2a: Hydreigon|Substitute\n|-damage|p2a: Hydreigon|75\/100\n|move|p1a: Clodsire|Poison Jab|p2a: Hydreigon\n|-activate|p2a: Hydreigon|move: Substitute|[damage]\n|\n|-heal|p2a: Hydreigon|81\/100|[from] item: Leftovers\n|-heal|p1a: Clodsire|65\/100|[from] item: Leftovers\n|upkeep\n|turn|17\n|\n|t:|1699919964\n|move|p2a: Hydreigon|Dark Pulse|p1a: Clodsire\n|-damage|p1a: Clodsire|44\/100\n|cant|p1a: Clodsire|flinch\n|\n|-heal|p2a: Hydreigon|88\/100|[from] item: Leftovers\n|-heal|p1a: Clodsire|50\/100|[from] item: Leftovers\n|upkeep\n|turn|18\n|\n|t:|1699919972\n|move|p2a: Hydreigon|Dark Pulse|p1a: Clodsire\n|-damage|p1a: Clodsire|30\/100\n|move|p1a: Clodsire|Recover|p1a: Clodsire\n|-heal|p1a: Clodsire|80\/100\n|\n|-heal|p2a: Hydreigon|94\/100|[from] item: Leftovers\n|-heal|p1a: Clodsire|86\/100|[from] item: Leftovers\n|upkeep\n|turn|19\n|\n|t:|1699919989\n|move|p2a: Hydreigon|Dark Pulse|p1a: Clodsire\n|-damage|p1a: Clodsire|66\/100\n|move|p1a: Clodsire|Poison Jab|p2a: Hydreigon\n|-end|p2a: Hydreigon|Substitute\n|\n|-heal|p2a: Hydreigon|99\/100|[from] item: Leftovers\n|-heal|p1a: Clodsire|72\/100|[from] item: Leftovers\n|upkeep\n|turn|20\n|\n|t:|1699920005\n|switch|p1a: Great Tusk|Great Tusk|100\/100\n|-activate|p1a: Great Tusk|move: Sticky Web\n|-unboost|p1a: Great Tusk|spe|1\n|move|p2a: Hydreigon|Substitute|p2a: Hydreigon\n|-start|p2a: Hydreigon|Substitute\n|-damage|p2a: Hydreigon|75\/100\n|\n|-heal|p2a: Hydreigon|81\/100|[from] item: Leftovers\n|upkeep\n|turn|21\n|\n|t:|1699920028\n|move|p2a: Hydreigon|Earth Power|p1a: Great Tusk\n|-damage|p1a: Great Tusk|5\/100\n|move|p1a: Great Tusk|Rapid Spin|p2a: Hydreigon\n|-activate|p2a: Hydreigon|move: Substitute|[damage]\n|-sideend|p1: Wolfblaze|Sticky Web|[from] move: Rapid Spin|[of] p1a: Great Tusk\n|-boost|p1a: Great Tusk|spe|1\n|\n|-heal|p2a: Hydreigon|87\/100|[from] item: Leftovers\n|upkeep\n|turn|22\n|\n|t:|1699920037\n|move|p2a: Hydreigon|Nasty Plot|p2a: Hydreigon\n|-boost|p2a: Hydreigon|spa|2\n|move|p1a: Great Tusk|Close Combat|p2a: Hydreigon\n|-supereffective|p2a: Hydreigon\n|-end|p2a: Hydreigon|Substitute\n|-unboost|p1a: Great Tusk|def|1\n|-unboost|p1a: Great Tusk|spd|1\n|\n|-heal|p2a: Hydreigon|93\/100|[from] item: Leftovers\n|upkeep\n|turn|23\n|\n|t:|1699920046\n|move|p2a: Hydreigon|Dark Pulse|p1a: Great Tusk\n|-resisted|p1a: Great Tusk\n|-damage|p1a: Great Tusk|0 fnt\n|faint|p1a: Great Tusk\n|-end|p1a: Great Tusk|Protosynthesis|[silent]\n|\n|-heal|p2a: Hydreigon|99\/100|[from] item: Leftovers\n|upkeep\n|\n|t:|1699920059\n|switch|p1a: Ceruledge|Ceruledge, M|100\/100\n|turn|24\n|\n|t:|1699920068\n|move|p2a: Hydreigon|Dark Pulse|p1a: Ceruledge\n|-supereffective|p1a: Ceruledge\n|-enditem|p1a: Ceruledge|Focus Sash\n|-damage|p1a: Ceruledge|1\/100\n|move|p1a: Ceruledge|Close Combat|p2a: Hydreigon\n|-supereffective|p2a: Hydreigon\n|-damage|p2a: Hydreigon|6\/100\n|-unboost|p1a: Ceruledge|def|1\n|-unboost|p1a: Ceruledge|spd|1\n|\n|-heal|p2a: Hydreigon|12\/100|[from] item: Leftovers\n|upkeep\n|turn|25\n|\n|t:|1699920078\n|move|p2a: Hydreigon|Dark Pulse|p1a: Ceruledge\n|-supereffective|p1a: Ceruledge\n|-damage|p1a: Ceruledge|0 fnt\n|faint|p1a: Ceruledge\n|\n|-heal|p2a: Hydreigon|18\/100|[from] item: Leftovers\n|upkeep\n|\n|t:|1699920084\n|switch|p1a: Jolteon|Jolteon, M|100\/100\n|turn|26\n|\n|t:|1699920096\n|switch|p2a: Ting-Lu|Ting-Lu|100\/100\n|-activate|p2a: Ting-Lu|move: Sticky Web\n|-unboost|p2a: Ting-Lu|spe|1\n|-ability|p2a: Ting-Lu|Vessel of Ruin\n|move|p1a: Jolteon|Thunderbolt|p2a: Ting-Lu\n|-immune|p2a: Ting-Lu\n|\n|upkeep\n|turn|27\n|\n|t:|1699920105\n|switch|p1a: Ninetales|Ninetales-Alola, M|75\/100 par\n|-weather|Snow|[from] ability: Snow Warning|[of] p1a: Ninetales\n|move|p2a: Ting-Lu|Spikes|p1a: Ninetales\n|-sidestart|p1: Wolfblaze|Spikes\n|\n|-weather|Snow|[upkeep]\n|upkeep\n|turn|28\n|\n|t:|1699920112\n|move|p1a: Ninetales|Aurora Veil|p1a: Ninetales\n|-sidestart|p1: Wolfblaze|move: Aurora Veil\n|move|p2a: Ting-Lu|Spikes|p1a: Ninetales\n|-sidestart|p1: Wolfblaze|Spikes\n|\n|-weather|Snow|[upkeep]\n|upkeep\n|turn|29\n|\n|t:|1699920118\n|cant|p1a: Ninetales|par\n|move|p2a: Ting-Lu|Spikes|p1a: Ninetales\n|-sidestart|p1: Wolfblaze|Spikes\n|\n|-weather|Snow|[upkeep]\n|upkeep\n|turn|30\n|\n|t:|1699920123\n|cant|p1a: Ninetales|par\n|move|p2a: Ting-Lu|Ruination|p1a: Ninetales|[miss]\n|-miss|p2a: Ting-Lu|p1a: Ninetales\n|\n|-weather|Snow|[upkeep]\n|upkeep\n|turn|31\n|\n|t:|1699920128\n|cant|p1a: Ninetales|par\n|move|p2a: Ting-Lu|Ruination|p1a: Ninetales\n|-damage|p1a: Ninetales|38\/100 par\n|\n|-weather|none\n|upkeep\n|turn|32\n|\n|t:|1699920133\n|cant|p1a: Ninetales|par\n|move|p2a: Ting-Lu|Whirlwind|p1a: Ninetales\n|drag|p1a: Clodsire|Clodsire, M, tera:Flying|72\/100\n|\n|-heal|p1a: Clodsire|78\/100|[from] item: Leftovers\n|upkeep\n|turn|33\n|\n|t:|1699920140\n|move|p2a: Ting-Lu|Ruination|p1a: Clodsire\n|-damage|p1a: Clodsire|39\/100\n|move|p1a: Clodsire|Toxic|p2a: Ting-Lu\n|-status|p2a: Ting-Lu|tox\n|\n|-heal|p1a: Clodsire|46\/100|[from] item: Leftovers\n|-damage|p2a: Ting-Lu|94\/100 tox|[from] psn\n|upkeep\n|turn|34\n|\n|t:|1699920147\n|move|p1a: Clodsire|Recover|p1a: Clodsire\n|-heal|p1a: Clodsire|96\/100\n|move|p2a: Ting-Lu|Whirlwind|p1a: Clodsire\n|drag|p1a: Jolteon|Jolteon, M|100\/100\n|-damage|p1a: Jolteon|76\/100|[from] Spikes\n|\n|-heal|p2a: Ting-Lu|100\/100 tox|[from] item: Leftovers\n|-damage|p2a: Ting-Lu|88\/100 tox|[from] psn\n|upkeep\n|turn|35\n|\n|t:|1699920157\n|switch|p2a: Rillaboom|Rillaboom, F|86\/100 tox\n|-activate|p2a: Rillaboom|move: Sticky Web\n|-unboost|p2a: Rillaboom|spe|1\n|-fieldstart|move: Grassy Terrain|[from] ability: Grassy Surge|[of] p2a: Rillaboom\n|move|p1a: Jolteon|Substitute|p1a: Jolteon\n|-start|p1a: Jolteon|Substitute\n|-damage|p1a: Jolteon|51\/100\n|\n|-heal|p1a: Jolteon|57\/100|[from] Grassy Terrain\n|-heal|p2a: Rillaboom|92\/100 tox|[from] Grassy Terrain\n|-damage|p2a: Rillaboom|86\/100 tox|[from] psn\n|-sideend|p1: Wolfblaze|move: Aurora Veil\n|upkeep\n|turn|36\n|\n|t:|1699920169\n|move|p1a: Jolteon|Tera Blast|p2a: Rillaboom\n|-damage|p2a: Rillaboom|41\/100 tox\n|-damage|p1a: Jolteon|47\/100|[from] item: Life Orb\n|move|p2a: Rillaboom|Knock Off|p1a: Jolteon\n|-end|p1a: Jolteon|Substitute\n|\n|-heal|p1a: Jolteon|53\/100|[from] Grassy Terrain\n|-heal|p2a: Rillaboom|47\/100 tox|[from] Grassy Terrain\n|-damage|p2a: Rillaboom|35\/100 tox|[from] psn\n|upkeep\n|turn|37\n|\n|t:|1699920180\n|switch|p1a: Clodsire|Clodsire, M, tera:Flying|96\/100\n|move|p2a: Rillaboom|Knock Off|p1a: Clodsire\n|-damage|p1a: Clodsire|39\/100\n|-enditem|p1a: Clodsire|Leftovers|[from] move: Knock Off|[of] p2a: Rillaboom\n|\n|-heal|p2a: Rillaboom|41\/100 tox|[from] Grassy Terrain\n|-damage|p2a: Rillaboom|23\/100 tox|[from] psn\n|upkeep\n|turn|38\n|\n|t:|1699920194\n|switch|p2a: Gholdengo|Gholdengo|100\/100\n|-item|p2a: Gholdengo|Air Balloon\n|move|p1a: Clodsire|Recover|p1a: Clodsire\n|-heal|p1a: Clodsire|89\/100\n|\n|upkeep\n|turn|39\n|\n|t:|1699920205\n|switch|p1a: Ninetales|Ninetales-Alola, M|38\/100 par\n|-damage|p1a: Ninetales|13\/100 par|[from] Spikes\n|-weather|Snow|[from] ability: Snow Warning|[of] p1a: Ninetales\n|move|p2a: Gholdengo|Nasty Plot|p2a: Gholdengo\n|-boost|p2a: Gholdengo|spa|2\n|\n|-weather|Snow|[upkeep]\n|-heal|p1a: Ninetales|19\/100 par|[from] Grassy Terrain\n|-fieldend|move: Grassy Terrain\n|upkeep\n|turn|40\n|\n|t:|1699920216\n|move|p2a: Gholdengo|Shadow Ball|p1a: Ninetales\n|-damage|p1a: Ninetales|0 fnt\n|faint|p1a: Ninetales\n|\n|-weather|Snow|[upkeep]\n|upkeep\n|\n|t:|1699920221\n|switch|p1a: Jolteon|Jolteon, M|53\/100\n|-damage|p1a: Jolteon|28\/100|[from] Spikes\n|turn|41\n|\n|t:|1699920231\n|switch|p2a: Ting-Lu|Ting-Lu|88\/100 tox\n|-activate|p2a: Ting-Lu|move: Sticky Web\n|-unboost|p2a: Ting-Lu|spe|1\n|-ability|p2a: Ting-Lu|Vessel of Ruin\n|move|p1a: Jolteon|Thunderbolt|p2a: Ting-Lu\n|-immune|p2a: Ting-Lu\n|\n|-weather|Snow|[upkeep]\n|-heal|p2a: Ting-Lu|94\/100 tox|[from] item: Leftovers\n|-damage|p2a: Ting-Lu|88\/100 tox|[from] psn\n|upkeep\n|turn|42\n|\n|t:|1699920246\n|move|p1a: Jolteon|Substitute|p1a: Jolteon\n|-start|p1a: Jolteon|Substitute\n|-damage|p1a: Jolteon|3\/100\n|move|p2a: Ting-Lu|Earthquake|p1a: Jolteon\n|-supereffective|p1a: Jolteon\n|-end|p1a: Jolteon|Substitute\n|\n|-weather|Snow|[upkeep]\n|-heal|p2a: Ting-Lu|94\/100 tox|[from] item: Leftovers\n|-damage|p2a: Ting-Lu|82\/100 tox|[from] psn\n|upkeep\n|turn|43\n|\n|t:|1699920255\n|move|p1a: Jolteon|Tera Blast|p2a: Ting-Lu\n|-damage|p2a: Ting-Lu|69\/100 tox\n|-damage|p1a: Jolteon|0 fnt|[from] item: Life Orb\n|faint|p1a: Jolteon\n|move|p2a: Ting-Lu|Whirlwind|p1: Jolteon|[notarget]\n|-fail|p2a: Ting-Lu\n|\n|-weather|none\n|-heal|p2a: Ting-Lu|75\/100 tox|[from] item: Leftovers\n|-damage|p2a: Ting-Lu|56\/100 tox|[from] psn\n|upkeep\n|\n|t:|1699920264\n|switch|p1a: Clodsire|Clodsire, M, tera:Flying|89\/100\n|turn|44\n|\n|t:|1699920268\n|switch|p2a: Gholdengo|Gholdengo|100\/100\n|-item|p2a: Gholdengo|Air Balloon\n|move|p1a: Clodsire|Poison Jab|p2a: Gholdengo\n|-immune|p2a: Gholdengo\n|\n|upkeep\n|turn|45\n|\n|t:|1699920275\n|move|p2a: Gholdengo|Nasty Plot|p2a: Gholdengo\n|-boost|p2a: Gholdengo|spa|2\n|move|p1a: Clodsire|Earthquake|p2a: Gholdengo\n|-immune|p2a: Gholdengo\n|\n|upkeep\n|turn|46\n|\n|t:|1699920282\n|move|p2a: Gholdengo|Nasty Plot|p2a: Gholdengo\n|-boost|p2a: Gholdengo|spa|2\n|move|p1a: Clodsire|Toxic|p2a: Gholdengo\n|-immune|p2a: Gholdengo|[from] ability: Good as Gold\n|\n|upkeep\n|turn|47\n|\n|t:|1699920287\n|move|p2a: Gholdengo|Nasty Plot|p2a: Gholdengo\n|-boost|p2a: Gholdengo|spa|2\n|move|p1a: Clodsire|Toxic|p2a: Gholdengo\n|-immune|p2a: Gholdengo|[from] ability: Good as Gold\n|\n|upkeep\n|turn|48\n|\n|t:|1699920294\n|move|p2a: Gholdengo|Nasty Plot|p2a: Gholdengo\n|-boost|p2a: Gholdengo|spa|0\n|move|p1a: Clodsire|Toxic|p2a: Gholdengo\n|-immune|p2a: Gholdengo|[from] ability: Good as Gold\n|\n|upkeep\n|turn|49\n|\n|t:|1699920300\n|move|p2a: Gholdengo|Nasty Plot|p2a: Gholdengo\n|-boost|p2a: Gholdengo|spa|0\n|move|p1a: Clodsire|Poison Jab|p2a: Gholdengo\n|-immune|p2a: Gholdengo\n|\n|upkeep\n|turn|50\n|\n|t:|1699920307\n|move|p2a: Gholdengo|Nasty Plot|p2a: Gholdengo\n|-boost|p2a: Gholdengo|spa|0\n|move|p1a: Clodsire|Poison Jab|p2a: Gholdengo\n|-immune|p2a: Gholdengo\n|\n|upkeep\n|turn|51\n|\n|t:|1699920314\n|move|p2a: Gholdengo|Nasty Plot|p2a: Gholdengo\n|-boost|p2a: Gholdengo|spa|0\n|move|p1a: Clodsire|Poison Jab|p2a: Gholdengo\n|-immune|p2a: Gholdengo\n|\n|upkeep\n|turn|52\n|\n|t:|1699920319\n|move|p2a: Gholdengo|Nasty Plot|p2a: Gholdengo\n|-boost|p2a: Gholdengo|spa|0\n|move|p1a: Clodsire|Poison Jab|p2a: Gholdengo\n|-immune|p2a: Gholdengo\n|\n|upkeep\n|turn|53\n|inactive|Battle timer is ON: inactive players will automatically lose when time's up. (requested by Wolfblaze)\n|n|\u2606Bunch O Eggs|bunchoeggs\n|c|\u2606Bunch O Eggs|har har har\n|\n|t:|1699920343\n|move|p2a: Gholdengo|Nasty Plot|p2a: Gholdengo\n|-boost|p2a: Gholdengo|spa|0\n|move|p1a: Clodsire|Poison Jab|p2a: Gholdengo\n|-immune|p2a: Gholdengo\n|\n|upkeep\n|turn|54\n|c|\u2606Wolfblaze|just hit me\n|\n|t:|1699920353\n|move|p2a: Gholdengo|Nasty Plot|p2a: Gholdengo\n|-boost|p2a: Gholdengo|spa|0\n|move|p1a: Clodsire|Poison Jab|p2a: Gholdengo\n|-immune|p2a: Gholdengo\n|\n|upkeep\n|turn|55\n|\n|t:|1699920361\n|move|p2a: Gholdengo|Shadow Ball|p1a: Clodsire\n|-damage|p1a: Clodsire|66\/100\n|move|p1a: Clodsire|Toxic|p2a: Gholdengo\n|-immune|p2a: Gholdengo|[from] ability: Good as Gold\n|\n|upkeep\n|turn|56\n|\n|t:|1699920367\n|move|p2a: Gholdengo|Shadow Ball|p1a: Clodsire\n|-damage|p1a: Clodsire|44\/100\n|-unboost|p1a: Clodsire|spd|1\n|move|p1a: Clodsire|Poison Jab|p2a: Gholdengo\n|-immune|p2a: Gholdengo\n|\n|upkeep\n|turn|57\n|\n|t:|1699920373\n|move|p2a: Gholdengo|Shadow Ball|p1a: Clodsire\n|-damage|p1a: Clodsire|13\/100\n|move|p1a: Clodsire|Toxic|p2a: Gholdengo\n|-immune|p2a: Gholdengo|[from] ability: Good as Gold\n|\n|upkeep\n|turn|58\n|\n|t:|1699920379\n|move|p2a: Gholdengo|Nasty Plot|p2a: Gholdengo\n|-boost|p2a: Gholdengo|spa|0\n|move|p1a: Clodsire|Earthquake|p2a: Gholdengo\n|-immune|p2a: Gholdengo\n|\n|upkeep\n|turn|59\n|\n|t:|1699920384\n|move|p2a: Gholdengo|Shadow Ball|p1a: Clodsire\n|-damage|p1a: Clodsire|0 fnt\n|faint|p1a: Clodsire\n|\n|win|Bunch O Eggs\n|raw|Wolfblaze's rating: 1237 &rarr; <strong>1220<\/strong><br \/>(-17 for losing)\n|raw|Bunch O Eggs's rating: 1350 &rarr; <strong>1364<\/strong><br \/>(+14 for winning)\n|l|\u2606Wolfblaze\n|c|\u2606Bunch O Eggs|gg\n","uploadtime":1699920432,"views":11,"p1id":"wolfblaze","p2id":"bunchoeggs","formatid":"gen9ou","rating":1220,"private":0,"password":""}