{"id":"gen9ou-1992341000","p1":"YUKI on ICE","p2":"ChloeGAMES1006","format":"[Gen 9] OU","log":"|j|\u2606YUKI on ICE\n|j|\u2606ChloeGAMES1006\n|t:|1700176512\n|gametype|singles\n|player|p1|YUKI on ICE|maid|1253\n|player|p2|ChloeGAMES1006|swimmerf|1343\n|teamsize|p1|6\n|teamsize|p2|6\n|gen|9\n|tier|[Gen 9] OU\n|rated|\n|rule|Sleep Clause Mod: Limit one foe put to sleep\n|rule|Species Clause: Limit one of each Pok\u00e9mon\n|rule|OHKO Clause: OHKO moves are banned\n|rule|Evasion Items Clause: Evasion items are banned\n|rule|Evasion Moves Clause: Evasion moves are banned\n|rule|Endless Battle Clause: Forcing endless battles is banned\n|rule|HP Percentage Mod: HP is shown in percentages\n|clearpoke\n|poke|p1|Garchomp, M|\n|poke|p1|Great Tusk|\n|poke|p1|Dragapult, M|\n|poke|p1|Arcanine-Hisui, F|\n|poke|p1|Heatran, F|\n|poke|p1|Thundurus-Therian, M|\n|poke|p2|Iron Hands|\n|poke|p2|Zamazenta-*|\n|poke|p2|Landorus-Therian, M|\n|poke|p2|Hoopa-Unbound|\n|poke|p2|Samurott-Hisui, M|\n|poke|p2|Gholdengo|\n|teampreview\n|inactive|Battle timer is ON: inactive players will automatically lose when time's up. (requested by ChloeGAMES1006)\n|\n|t:|1700176532\n|start\n|switch|p1a: Dragapult|Dragapult, M|100\/100\n|switch|p2a: Samurott|Samurott-Hisui, M|100\/100\n|turn|1\n|\n|t:|1700176540\n|move|p1a: Dragapult|Reflect|p1a: Dragapult\n|-sidestart|p1: YUKI on ICE|Reflect\n|move|p2a: Samurott|Ceaseless Edge|p1a: Dragapult\n|-supereffective|p1a: Dragapult\n|-damage|p1a: Dragapult|49\/100\n|-sidestart|p1: YUKI on ICE|Spikes\n|\n|upkeep\n|turn|2\n|\n|t:|1700176545\n|move|p1a: Dragapult|Will-O-Wisp|p2a: Samurott\n|-status|p2a: Samurott|brn\n|move|p2a: Samurott|Ceaseless Edge|p1a: Dragapult\n|-supereffective|p1a: Dragapult\n|-damage|p1a: Dragapult|23\/100\n|-sidestart|p1: YUKI on ICE|Spikes\n|\n|-damage|p2a: Samurott|94\/100 brn|[from] brn\n|upkeep\n|turn|3\n|\n|t:|1700176551\n|move|p1a: Dragapult|Light Screen|p1a: Dragapult\n|-sidestart|p1: YUKI on ICE|move: Light Screen\n|move|p2a: Samurott|Ceaseless Edge|p1a: Dragapult\n|-supereffective|p1a: Dragapult\n|-damage|p1a: Dragapult|0 fnt\n|-sidestart|p1: YUKI on ICE|Spikes\n|faint|p1a: Dragapult\n|\n|-damage|p2a: Samurott|88\/100 brn|[from] brn\n|upkeep\n|\n|t:|1700176557\n|switch|p1a: Garchomp|Garchomp, M|100\/100\n|-damage|p1a: Garchomp|76\/100|[from] Spikes\n|turn|4\n|\n|t:|1700176567\n|move|p1a: Garchomp|Substitute|p1a: Garchomp\n|-start|p1a: Garchomp|Substitute\n|-damage|p1a: Garchomp|51\/100\n|move|p2a: Samurott|Aqua Cutter|p1a: Garchomp\n|-activate|p1a: Garchomp|move: Substitute|[damage]\n|\n|-heal|p1a: Garchomp|57\/100|[from] item: Leftovers\n|-damage|p2a: Samurott|82\/100 brn|[from] brn\n|upkeep\n|turn|5\n|\n|t:|1700176574\n|move|p1a: Garchomp|Swords Dance|p1a: Garchomp\n|-boost|p1a: Garchomp|atk|2\n|move|p2a: Samurott|Aqua Cutter|p1a: Garchomp\n|-end|p1a: Garchomp|Substitute\n|\n|-heal|p1a: Garchomp|63\/100|[from] item: Leftovers\n|-damage|p2a: Samurott|76\/100 brn|[from] brn\n|upkeep\n|turn|6\n|\n|t:|1700176585\n|switch|p2a: Zamazenta|Zamazenta|100\/100\n|-ability|p2a: Zamazenta|Dauntless Shield|boost\n|-boost|p2a: Zamazenta|def|1\n|move|p1a: Garchomp|Scale Shot|p2a: Zamazenta\n|-damage|p2a: Zamazenta|88\/100\n|-damage|p2a: Zamazenta|75\/100\n|-damage|p2a: Zamazenta|61\/100\n|-damage|p2a: Zamazenta|47\/100\n|-hitcount|p2a: Zamazenta|4\n|-unboost|p1a: Garchomp|def|1\n|-boost|p1a: Garchomp|spe|1\n|\n|-heal|p1a: Garchomp|69\/100|[from] item: Leftovers\n|-heal|p2a: Zamazenta|53\/100|[from] item: Leftovers\n|upkeep\n|turn|7\n|\n|t:|1700176608\n|move|p1a: Garchomp|Earthquake|p2a: Zamazenta\n|-damage|p2a: Zamazenta|0 fnt\n|faint|p2a: Zamazenta\n|\n|-heal|p1a: Garchomp|75\/100|[from] item: Leftovers\n|upkeep\n|\n|t:|1700176619\n|switch|p2a: Brian hands|Iron Hands|100\/100\n|turn|8\n|\n|t:|1700176625\n|move|p1a: Garchomp|Substitute|p1a: Garchomp\n|-start|p1a: Garchomp|Substitute\n|-damage|p1a: Garchomp|50\/100\n|move|p2a: Brian hands|Close Combat|p1a: Garchomp\n|-end|p1a: Garchomp|Substitute\n|-unboost|p2a: Brian hands|def|1\n|-unboost|p2a: Brian hands|spd|1\n|\n|-heal|p1a: Garchomp|57\/100|[from] item: Leftovers\n|-sideend|p1: YUKI on ICE|Reflect\n|upkeep\n|turn|9\n|\n|t:|1700176632\n|move|p1a: Garchomp|Earthquake|p2a: Brian hands\n|-supereffective|p2a: Brian hands\n|-damage|p2a: Brian hands|0 fnt\n|faint|p2a: Brian hands\n|-end|p2a: Brian hands|Quark Drive|[silent]\n|\n|-heal|p1a: Garchomp|63\/100|[from] item: Leftovers\n|upkeep\n|inactive|ChloeGAMES1006 has 120 seconds left.\n|\n|t:|1700176660\n|switch|p2a: Samurott|Samurott-Hisui, M|76\/100 brn\n|turn|10\n|\n|t:|1700176665\n|move|p1a: Garchomp|Scale Shot|p2a: Samurott\n|-damage|p2a: Samurott|43\/100 brn\n|-damage|p2a: Samurott|13\/100 brn\n|-damage|p2a: Samurott|0 fnt\n|faint|p2a: Samurott\n|-hitcount|p2: Samurott|3\n|-unboost|p1a: Garchomp|def|1\n|-boost|p1a: Garchomp|spe|1\n|\n|-heal|p1a: Garchomp|69\/100|[from] item: Leftovers\n|-sideend|p1: YUKI on ICE|move: Light Screen\n|upkeep\n|\n|t:|1700176669\n|switch|p2a: Landorus|Landorus-Therian, M|100\/100\n|-ability|p2a: Landorus|Intimidate|boost\n|-unboost|p1a: Garchomp|atk|1\n|turn|11\n|\n|t:|1700176678\n|switch|p2a: Gholdengo|Gholdengo|100\/100\n|move|p1a: Garchomp|Substitute|p1a: Garchomp\n|-start|p1a: Garchomp|Substitute\n|-damage|p1a: Garchomp|44\/100\n|\n|-heal|p1a: Garchomp|50\/100|[from] item: Leftovers\n|upkeep\n|turn|12\n|\n|t:|1700176687\n|move|p1a: Garchomp|Swords Dance|p1a: Garchomp\n|-boost|p1a: Garchomp|atk|2\n|move|p2a: Gholdengo|Hex|p1a: Garchomp\n|-end|p1a: Garchomp|Substitute\n|\n|-heal|p1a: Garchomp|56\/100|[from] item: Leftovers\n|upkeep\n|turn|13\n|\n|t:|1700176696\n|move|p1a: Garchomp|Earthquake|p2a: Gholdengo\n|-supereffective|p2a: Gholdengo\n|-damage|p2a: Gholdengo|0 fnt\n|faint|p2a: Gholdengo\n|\n|-heal|p1a: Garchomp|62\/100|[from] item: Leftovers\n|upkeep\n|\n|t:|1700176698\n|switch|p2a: Landorus|Landorus-Therian, M|100\/100\n|-ability|p2a: Landorus|Intimidate|boost\n|-unboost|p1a: Garchomp|atk|1\n|turn|14\n|\n|t:|1700176708\n|move|p1a: Garchomp|Scale Shot|p2a: Landorus\n|-damage|p2a: Landorus|69\/100\n|-damage|p2a: Landorus|36\/100\n|-damage|p2a: Landorus|3\/100\n|-damage|p2a: Landorus|0 fnt\n|faint|p2a: Landorus\n|-hitcount|p2: Landorus|4\n|-unboost|p1a: Garchomp|def|1\n|-boost|p1a: Garchomp|spe|1\n|\n|-heal|p1a: Garchomp|69\/100|[from] item: Leftovers\n|upkeep\n|\n|t:|1700176710\n|switch|p2a: Hoopa|Hoopa-Unbound|100\/100\n|turn|15\n|\n|t:|1700176725\n|move|p1a: Garchomp|Earthquake|p2a: Hoopa\n|-damage|p2a: Hoopa|0 fnt\n|faint|p2a: Hoopa\n|\n|win|YUKI on ICE\n|raw|YUKI on ICE's rating: 1253 &rarr; <strong>1284<\/strong><br \/>(+31 for winning)\n|raw|ChloeGAMES1006's rating: 1343 &rarr; <strong>1318<\/strong><br \/>(-25 for losing)\n|l|\u2606ChloeGAMES1006\n","uploadtime":1700176731,"views":9,"p1id":"yukionice","p2id":"chloegames1006","formatid":"gen9ou","rating":1284,"private":0,"password":""}