{"id":"gen9ou-1997286036","p1":"adderallniter","p2":"rtgerterter\\","format":"[Gen 9] OU","log":"|j|\u2606adderallniter\n|j|\u2606rtgerterter\\\n|t:|1700784746\n|gametype|singles\n|player|p1|adderallniter|clown|1087\n|player|p2|rtgerterter\\|101|1032\n|teamsize|p1|6\n|teamsize|p2|6\n|gen|9\n|tier|[Gen 9] OU\n|rated|\n|rule|Sleep Clause Mod: Limit one foe put to sleep\n|rule|Species Clause: Limit one of each Pok\u00e9mon\n|rule|OHKO Clause: OHKO moves are banned\n|rule|Evasion Items Clause: Evasion items are banned\n|rule|Evasion Moves Clause: Evasion moves are banned\n|rule|Endless Battle Clause: Forcing endless battles is banned\n|rule|HP Percentage Mod: HP is shown in percentages\n|clearpoke\n|poke|p1|Dragonite, M|\n|poke|p1|Iron Valiant|\n|poke|p1|Great Tusk|\n|poke|p1|Iron Moth|\n|poke|p1|Ogerpon-Wellspring, F|\n|poke|p1|Gholdengo|\n|poke|p2|Espeon, M|\n|poke|p2|Dragonite, M|\n|poke|p2|Eelektross, F|\n|poke|p2|Manaphy|\n|poke|p2|Haxorus, M|\n|poke|p2|Salamence, F|\n|teampreview\n|\n|t:|1700784758\n|start\n|switch|p1a: Iron Moth|Iron Moth|100\/100\n|switch|p2a: Salamence|Salamence, F|100\/100\n|-ability|p2a: Salamence|Intimidate|boost\n|-unboost|p1a: Iron Moth|atk|1\n|-enditem|p1a: Iron Moth|Booster Energy\n|-activate|p1a: Iron Moth|ability: Quark Drive|[fromitem]\n|-start|p1a: Iron Moth|quarkdrivespa\n|turn|1\n|\n|t:|1700784775\n|move|p1a: Iron Moth|Fiery Dance|p2a: Salamence\n|-resisted|p2a: Salamence\n|-damage|p2a: Salamence|68\/100\n|-boost|p1a: Iron Moth|spa|1\n|move|p2a: Salamence|Dragon Dance|p2a: Salamence\n|-boost|p2a: Salamence|atk|1\n|-boost|p2a: Salamence|spe|1\n|\n|upkeep\n|turn|2\n|\n|t:|1700784784\n|move|p2a: Salamence|Psychic Fangs|p1a: Iron Moth\n|-supereffective|p1a: Iron Moth\n|-damage|p1a: Iron Moth|0 fnt\n|faint|p1a: Iron Moth\n|-end|p1a: Iron Moth|Quark Drive|[silent]\n|\n|upkeep\n|\n|t:|1700784793\n|switch|p1a: Gholdengo|Gholdengo|100\/100\n|turn|3\n|\n|t:|1700784806\n|move|p2a: Salamence|Psychic Fangs|p1a: Gholdengo\n|-resisted|p1a: Gholdengo\n|-damage|p1a: Gholdengo|74\/100\n|move|p1a: Gholdengo|Thunderbolt|p2a: Salamence\n|-damage|p2a: Salamence|25\/100\n|-enditem|p2a: Salamence|Liechi Berry|[eat]\n|-boost|p2a: Salamence|atk|1|[from] item: Liechi Berry\n|\n|upkeep\n|turn|4\n|\n|t:|1700784816\n|move|p2a: Salamence|Dual Wingbeat|p1a: Gholdengo\n|-resisted|p1a: Gholdengo\n|-damage|p1a: Gholdengo|53\/100\n|-resisted|p1a: Gholdengo\n|-crit|p1a: Gholdengo\n|-damage|p1a: Gholdengo|21\/100\n|-hitcount|p1a: Gholdengo|2\n|move|p1a: Gholdengo|Thunderbolt|p2a: Salamence\n|-damage|p2a: Salamence|0 fnt\n|faint|p2a: Salamence\n|\n|upkeep\n|\n|t:|1700784828\n|switch|p2a: Dragonite|Dragonite, M|100\/100\n|turn|5\n|\n|t:|1700784833\n|move|p1a: Gholdengo|Thunderbolt|p2a: Dragonite\n|-damage|p2a: Dragonite|84\/100\n|move|p2a: Dragonite|Agility|p2a: Dragonite\n|-boost|p2a: Dragonite|spe|2\n|\n|upkeep\n|turn|6\n|\n|t:|1700784843\n|move|p2a: Dragonite|Thunderbolt|p1a: Gholdengo\n|-damage|p1a: Gholdengo|0 fnt\n|faint|p1a: Gholdengo\n|\n|upkeep\n|\n|t:|1700784856\n|switch|p1a: Iron Valiant|Iron Valiant|100\/100\n|-enditem|p1a: Iron Valiant|Booster Energy\n|-activate|p1a: Iron Valiant|ability: Quark Drive|[fromitem]\n|-start|p1a: Iron Valiant|quarkdrivespe\n|turn|7\n|\n|t:|1700784866\n|move|p1a: Iron Valiant|Encore|p2a: Dragonite\n|-start|p2a: Dragonite|Encore\n|move|p2a: Dragonite|Thunderbolt|p1a: Iron Valiant\n|-damage|p1a: Iron Valiant|47\/100\n|\n|upkeep\n|turn|8\n|\n|t:|1700784872\n|move|p1a: Iron Valiant|Disable|p2a: Dragonite\n|-start|p2a: Dragonite|Disable|Thunderbolt\n|cant|p2a: Dragonite|Disable|Thunderbolt\n|\n|upkeep\n|turn|9\n|\n|t:|1700784879\n|switch|p2a: Espeon|Espeon, M|100\/100\n|move|p1a: Iron Valiant|Moonblast|p2a: Espeon\n|-damage|p2a: Espeon|35\/100\n|\n|upkeep\n|turn|10\n|\n|t:|1700784890\n|move|p1a: Iron Valiant|Destiny Bond|p1a: Iron Valiant\n|-singlemove|p1a: Iron Valiant|Destiny Bond\n|move|p2a: Espeon|Power Gem|p1a: Iron Valiant\n|-resisted|p1a: Iron Valiant\n|-damage|p1a: Iron Valiant|20\/100\n|\n|upkeep\n|turn|11\n|\n|t:|1700784896\n|move|p1a: Iron Valiant|Encore|p2a: Espeon\n|move|p2a: Espeon|Encore||[from]ability: Magic Bounce|[still]\n|-fail|p2a: Espeon\n|move|p2a: Espeon|Thunder Wave|p1a: Iron Valiant\n|-status|p1a: Iron Valiant|par\n|\n|upkeep\n|turn|12\n|\n|t:|1700784903\n|move|p2a: Espeon|Wish|p2a: Espeon\n|move|p1a: Iron Valiant|Moonblast|p2a: Espeon\n|-damage|p2a: Espeon|0 fnt\n|faint|p2a: Espeon\n|\n|upkeep\n|\n|t:|1700784916\n|switch|p2a: Dragonite|Dragonite, M|84\/100\n|turn|13\n|\n|t:|1700784923\n|cant|p1a: Iron Valiant|par\n|move|p2a: Dragonite|Agility|p2a: Dragonite\n|-boost|p2a: Dragonite|spe|2\n|\n|-heal|p2a: Dragonite|100\/100|[from] move: Wish|[wisher] Espeon\n|upkeep\n|turn|14\n|\n|t:|1700784930\n|move|p2a: Dragonite|Thunderbolt|p1a: Iron Valiant\n|-damage|p1a: Iron Valiant|0 fnt\n|faint|p1a: Iron Valiant\n|-end|p1a: Iron Valiant|Quark Drive|[silent]\n|\n|upkeep\n|\n|t:|1700784937\n|switch|p1a: Ogerpon|Ogerpon-Wellspring, F|100\/100\n|turn|15\n|\n|t:|1700784944\n|move|p2a: Dragonite|Ice Beam|p1a: Ogerpon\n|-damage|p1a: Ogerpon|67\/100\n|move|p1a: Ogerpon|Swords Dance|p1a: Ogerpon\n|-boost|p1a: Ogerpon|atk|2\n|\n|upkeep\n|turn|16\n|\n|t:|1700784951\n|move|p2a: Dragonite|Encore|p1a: Ogerpon\n|-start|p1a: Ogerpon|Encore\n|move|p1a: Ogerpon|Swords Dance|p1a: Ogerpon\n|-boost|p1a: Ogerpon|atk|2\n|\n|upkeep\n|turn|17\n|\n|t:|1700784961\n|move|p2a: Dragonite|Thunderbolt|p1a: Ogerpon\n|-damage|p1a: Ogerpon|31\/100\n|move|p1a: Ogerpon|Swords Dance|p1a: Ogerpon\n|-boost|p1a: Ogerpon|atk|2\n|\n|upkeep\n|turn|18\n|\n|t:|1700784966\n|move|p2a: Dragonite|Ice Beam|p1a: Ogerpon\n|-damage|p1a: Ogerpon|0 fnt\n|faint|p1a: Ogerpon\n|\n|upkeep\n|\n|t:|1700784971\n|switch|p1a: Dragonite|Dragonite, M|100\/100\n|turn|19\n|\n|t:|1700784977\n|-terastallize|p1a: Dragonite|Normal\n|move|p2a: Dragonite|Ice Beam|p1a: Dragonite\n|-crit|p1a: Dragonite\n|-damage|p1a: Dragonite|89\/100\n|move|p1a: Dragonite|Dragon Tail|p2a: Dragonite\n|-supereffective|p2a: Dragonite\n|-damage|p2a: Dragonite|68\/100\n|-enditem|p2a: Dragonite|Weakness Policy\n|-boost|p2a: Dragonite|atk|2|[from] item: Weakness Policy\n|-boost|p2a: Dragonite|spa|2|[from] item: Weakness Policy\n|drag|p2a: Manaphy|Manaphy|100\/100\n|\n|upkeep\n|turn|20\n|\n|t:|1700784998\n|-terastallize|p2a: Manaphy|Fairy\n|move|p1a: Dragonite|Extreme Speed|p2a: Manaphy\n|-damage|p2a: Manaphy|61\/100\n|move|p2a: Manaphy|Ice Beam|p1a: Dragonite\n|-damage|p1a: Dragonite|74\/100\n|\n|-heal|p2a: Manaphy|67\/100|[from] item: Leftovers\n|upkeep\n|turn|21\n|\n|t:|1700785009\n|move|p2a: Manaphy|Acid Armor|p2a: Manaphy\n|-boost|p2a: Manaphy|def|2\n|move|p1a: Dragonite|Iron Head|p2a: Manaphy\n|-supereffective|p2a: Manaphy\n|-damage|p2a: Manaphy|41\/100\n|\n|-heal|p2a: Manaphy|47\/100|[from] item: Leftovers\n|upkeep\n|turn|22\n|\n|t:|1700785016\n|move|p2a: Manaphy|Acid Armor|p2a: Manaphy\n|-boost|p2a: Manaphy|def|2\n|move|p1a: Dragonite|Iron Head|p2a: Manaphy\n|-supereffective|p2a: Manaphy\n|-damage|p2a: Manaphy|30\/100\n|\n|-heal|p2a: Manaphy|36\/100|[from] item: Leftovers\n|upkeep\n|turn|23\n|\n|t:|1700785025\n|move|p2a: Manaphy|Acid Armor|p2a: Manaphy\n|-boost|p2a: Manaphy|def|2\n|move|p1a: Dragonite|Iron Head|p2a: Manaphy\n|-supereffective|p2a: Manaphy\n|-damage|p2a: Manaphy|23\/100\n|\n|-heal|p2a: Manaphy|30\/100|[from] item: Leftovers\n|upkeep\n|turn|24\n|\n|t:|1700785032\n|move|p1a: Dragonite|Extreme Speed|p2a: Manaphy\n|-damage|p2a: Manaphy|19\/100\n|move|p2a: Manaphy|Take Heart|p2a: Manaphy\n|-boost|p2a: Manaphy|spa|1\n|-boost|p2a: Manaphy|spd|1\n|\n|-heal|p2a: Manaphy|25\/100|[from] item: Leftovers\n|upkeep\n|turn|25\n|\n|t:|1700785046\n|move|p2a: Manaphy|Ice Beam|p1a: Dragonite\n|-damage|p1a: Dragonite|56\/100\n|move|p1a: Dragonite|Iron Head|p2a: Manaphy\n|-supereffective|p2a: Manaphy\n|-damage|p2a: Manaphy|10\/100\n|\n|-heal|p2a: Manaphy|16\/100|[from] item: Leftovers\n|upkeep\n|turn|26\n|\n|t:|1700785054\n|move|p2a: Manaphy|Ice Beam|p1a: Dragonite\n|-damage|p1a: Dragonite|34\/100\n|move|p1a: Dragonite|Iron Head|p2a: Manaphy\n|-supereffective|p2a: Manaphy\n|-damage|p2a: Manaphy|2\/100\n|\n|-heal|p2a: Manaphy|8\/100|[from] item: Leftovers\n|upkeep\n|turn|27\n|\n|t:|1700785061\n|move|p1a: Dragonite|Extreme Speed|p2a: Manaphy\n|-damage|p2a: Manaphy|0 fnt\n|faint|p2a: Manaphy\n|\n|upkeep\n|\n|t:|1700785072\n|switch|p2a: Dragonite|Dragonite, M|68\/100\n|turn|28\n|\n|t:|1700785076\n|move|p2a: Dragonite|Agility|p2a: Dragonite\n|-boost|p2a: Dragonite|spe|2\n|move|p1a: Dragonite|Dragon Tail|p2a: Dragonite\n|-supereffective|p2a: Dragonite\n|-damage|p2a: Dragonite|0 fnt\n|faint|p2a: Dragonite\n|\n|upkeep\n|\n|t:|1700785085\n|switch|p2a: Eelektross|Eelektross, F|100\/100\n|turn|29\n|\n|t:|1700785091\n|move|p1a: Dragonite|Earthquake|p2a: Eelektross\n|-immune|p2a: Eelektross|[from] ability: Levitate\n|move|p2a: Eelektross|Drain Punch|p1a: Dragonite\n|-supereffective|p1a: Dragonite\n|-damage|p1a: Dragonite|0 fnt\n|faint|p1a: Dragonite\n|\n|upkeep\n|\n|t:|1700785098\n|switch|p1a: Great Tusk|Great Tusk|100\/100\n|turn|30\n|\n|t:|1700785107\n|move|p1a: Great Tusk|Knock Off|p2a: Eelektross\n|-damage|p2a: Eelektross|49\/100\n|-enditem|p2a: Eelektross|Apicot Berry|[from] move: Knock Off|[of] p1a: Great Tusk\n|move|p2a: Eelektross|Coil|p2a: Eelektross\n|-boost|p2a: Eelektross|atk|1\n|-boost|p2a: Eelektross|def|1\n|-boost|p2a: Eelektross|accuracy|1\n|\n|upkeep\n|turn|31\n|\n|t:|1700785117\n|move|p1a: Great Tusk|Close Combat|p2a: Eelektross\n|-damage|p2a: Eelektross|0 fnt\n|-unboost|p1a: Great Tusk|def|1\n|-unboost|p1a: Great Tusk|spd|1\n|faint|p2a: Eelektross\n|\n|upkeep\n|\n|t:|1700785122\n|switch|p2a: Haxorus|Haxorus, M|100\/100\n|-ability|p2a: Haxorus|Mold Breaker\n|turn|32\n|\n|t:|1700785134\n|move|p2a: Haxorus|Dragon Dance|p2a: Haxorus\n|-boost|p2a: Haxorus|atk|1\n|-boost|p2a: Haxorus|spe|1\n|move|p1a: Great Tusk|Close Combat|p2a: Haxorus\n|-damage|p2a: Haxorus|6\/100\n|-unboost|p1a: Great Tusk|def|1\n|-unboost|p1a: Great Tusk|spd|1\n|\n|upkeep\n|turn|33\n|\n|t:|1700785165\n|move|p2a: Haxorus|Poison Jab|p1a: Great Tusk\n|-resisted|p1a: Great Tusk\n|-damage|p1a: Great Tusk|70\/100\n|move|p1a: Great Tusk|Rapid Spin|p2a: Haxorus\n|-damage|p2a: Haxorus|0 fnt\n|-boost|p1a: Great Tusk|spe|1\n|faint|p2a: Haxorus\n|\n|win|adderallniter\n|raw|adderallniter's rating: 1087 &rarr; <strong>1110<\/strong><br \/>(+23 for winning)\n|raw|rtgerterter\\'s rating: 1032 &rarr; <strong>1020<\/strong><br \/>(-12 for losing)\n|l|\u2606rtgerterter\\\n","uploadtime":1700785177,"views":4,"p1id":"adderallniter","p2id":"rtgerterter","formatid":"gen9ou","rating":1020,"private":0,"password":""}