{"id":"gen9ou-1996399541","p1":"ratatta17","p2":"Username momento","format":"[Gen 9] OU","log":"|j|\u2606ratatta17\n|j|\u2606Username momento\n|t:|1700678348\n|gametype|singles\n|player|p1|ratatta17|102|1588\n|player|p2|Username momento|ninjaboy|1561\n|teamsize|p1|6\n|teamsize|p2|6\n|gen|9\n|tier|[Gen 9] OU\n|rated|\n|rule|Sleep Clause Mod: Limit one foe put to sleep\n|rule|Species Clause: Limit one of each Pok\u00e9mon\n|rule|OHKO Clause: OHKO moves are banned\n|rule|Evasion Items Clause: Evasion items are banned\n|rule|Evasion Moves Clause: Evasion moves are banned\n|rule|Endless Battle Clause: Forcing endless battles is banned\n|rule|HP Percentage Mod: HP is shown in percentages\n|clearpoke\n|poke|p1|Azumarill, F|\n|poke|p1|Staraptor, F|\n|poke|p1|Toedscruel, M|\n|poke|p1|Skeledirge, M|\n|poke|p1|Ninetales-Alola, M|\n|poke|p1|Iron Valiant|\n|poke|p2|Meowscarada, M|\n|poke|p2|Kingambit, F|\n|poke|p2|Zapdos|\n|poke|p2|Zamazenta-*|\n|poke|p2|Great Tusk|\n|poke|p2|Iron Moth|\n|teampreview\n|inactive|Battle timer is ON: inactive players will automatically lose when time's up. (requested by ratatta17)\n|\n|t:|1700678354\n|start\n|switch|p1a: Staraptor|Staraptor, F|100\/100\n|switch|p2a: Meowscarada|Meowscarada, M|100\/100\n|-ability|p1a: Staraptor|Intimidate|boost\n|-unboost|p2a: Meowscarada|atk|1\n|turn|1\n|\n|t:|1700678359\n|switch|p2a: Zapdos|Zapdos|100\/100\n|move|p1a: Staraptor|U-turn|p2a: Zapdos\n|-resisted|p2a: Zapdos\n|-damage|p2a: Zapdos|94\/100\n|\n|t:|1700678363\n|switch|p1a: Ninetales|Ninetales-Alola, M|100\/100|[from] U-turn\n|-weather|Snow|[from] ability: Snow Warning|[of] p1a: Ninetales\n|\n|-weather|Snow|[upkeep]\n|upkeep\n|turn|2\n|\n|t:|1700678365\n|move|p2a: Zapdos|Discharge|p1a: Ninetales\n|-damage|p1a: Ninetales|77\/100\n|-status|p1a: Ninetales|par\n|move|p1a: Ninetales|Aurora Veil|p1a: Ninetales\n|-sidestart|p1: ratatta17|move: Aurora Veil\n|\n|-weather|Snow|[upkeep]\n|upkeep\n|turn|3\n|\n|t:|1700678374\n|switch|p1a: Toedscruel|Toedscruel, M|100\/100\n|move|p2a: Zapdos|Hurricane|p1a: Toedscruel|[miss]\n|-miss|p2a: Zapdos|p1a: Toedscruel\n|\n|-weather|Snow|[upkeep]\n|upkeep\n|turn|4\n|\n|t:|1700678379\n|switch|p2a: Meowscarada|Meowscarada, M|100\/100\n|move|p1a: Toedscruel|Knock Off|p2a: Meowscarada\n|-resisted|p2a: Meowscarada\n|-damage|p2a: Meowscarada|87\/100\n|-enditem|p2a: Meowscarada|Choice Band|[from] move: Knock Off|[of] p1a: Toedscruel\n|\n|-weather|Snow|[upkeep]\n|upkeep\n|turn|5\n|\n|t:|1700678384\n|switch|p1a: Staraptor|Staraptor, F|100\/100\n|-ability|p1a: Staraptor|Intimidate|boost\n|-unboost|p2a: Meowscarada|atk|1\n|move|p2a: Meowscarada|Knock Off|p1a: Staraptor\n|-start|p2a: Meowscarada|typechange|Dark|[from] ability: Protean\n|-damage|p1a: Staraptor|83\/100\n|-enditem|p1a: Staraptor|Choice Scarf|[from] move: Knock Off|[of] p2a: Meowscarada\n|\n|-weather|none\n|upkeep\n|turn|6\n|\n|t:|1700678391\n|move|p2a: Meowscarada|U-turn|p1a: Staraptor\n|-resisted|p1a: Staraptor\n|-damage|p1a: Staraptor|79\/100\n|\n|t:|1700678393\n|switch|p2a: Zapdos|Zapdos|94\/100|[from] U-turn\n|move|p1a: Staraptor|Final Gambit|p2a: Zapdos\n|-damage|p2a: Zapdos|17\/100\n|faint|p1a: Staraptor\n|\n|upkeep\n|\n|t:|1700678395\n|switch|p1a: Iron Valiant|Iron Valiant|100\/100\n|turn|7\n|\n|t:|1700678399\n|move|p1a: Iron Valiant|Moonblast|p2a: Zapdos\n|-damage|p2a: Zapdos|0 fnt\n|faint|p2a: Zapdos\n|-damage|p1a: Iron Valiant|91\/100|[from] item: Life Orb\n|\n|upkeep\n|\n|t:|1700678403\n|switch|p2a: Iron Moth|Iron Moth|100\/100\n|-enditem|p2a: Iron Moth|Booster Energy\n|-activate|p2a: Iron Moth|ability: Quark Drive|[fromitem]\n|-start|p2a: Iron Moth|quarkdrivespe\n|turn|8\n|\n|t:|1700678405\n|-end|p1a: Iron Valiant|Quark Drive|[silent]\n|switch|p1a: Skeledirge|Skeledirge, M|100\/100\n|move|p2a: Iron Moth|Fiery Dance|p1a: Skeledirge\n|-resisted|p1a: Skeledirge\n|-damage|p1a: Skeledirge|94\/100\n|-boost|p2a: Iron Moth|spa|1\n|\n|-heal|p1a: Skeledirge|99\/100|[from] item: Leftovers\n|upkeep\n|turn|9\n|\n|t:|1700678417\n|-end|p2a: Iron Moth|Quark Drive|[silent]\n|switch|p2a: Meowscarada|Meowscarada, M|87\/100\n|move|p1a: Skeledirge|Torch Song|p2a: Meowscarada\n|-supereffective|p2a: Meowscarada\n|-damage|p2a: Meowscarada|0 fnt\n|-boost|p1a: Skeledirge|spa|1\n|faint|p2a: Meowscarada\n|\n|-heal|p1a: Skeledirge|100\/100|[from] item: Leftovers\n|-sideend|p1: ratatta17|move: Aurora Veil\n|upkeep\n|\n|t:|1700678423\n|switch|p2a: Great Tusk|Great Tusk|100\/100\n|-enditem|p2a: Great Tusk|Booster Energy\n|-activate|p2a: Great Tusk|ability: Protosynthesis|[fromitem]\n|-start|p2a: Great Tusk|protosynthesisatk\n|turn|10\n|\n|t:|1700678435\n|switch|p1a: Toedscruel|Toedscruel, M|100\/100\n|move|p2a: Great Tusk|Knock Off|p1a: Toedscruel\n|-damage|p1a: Toedscruel|65\/100\n|-enditem|p1a: Toedscruel|Leftovers|[from] move: Knock Off|[of] p2a: Great Tusk\n|\n|upkeep\n|turn|11\n|\n|t:|1700678440\n|move|p2a: Great Tusk|Ice Spinner|p1a: Toedscruel\n|-supereffective|p1a: Toedscruel\n|-damage|p1a: Toedscruel|0 fnt\n|faint|p1a: Toedscruel\n|\n|upkeep\n|\n|t:|1700678443\n|switch|p1a: Ninetales|Ninetales-Alola, M|77\/100 par\n|-weather|Snow|[from] ability: Snow Warning|[of] p1a: Ninetales\n|turn|12\n|\n|t:|1700678447\n|move|p2a: Great Tusk|Knock Off|p1a: Ninetales\n|-resisted|p1a: Ninetales\n|-damage|p1a: Ninetales|60\/100 par\n|-enditem|p1a: Ninetales|Light Clay|[from] move: Knock Off|[of] p2a: Great Tusk\n|cant|p1a: Ninetales|par\n|\n|-weather|Snow|[upkeep]\n|upkeep\n|turn|13\n|\n|t:|1700678452\n|move|p2a: Great Tusk|Rapid Spin|p1a: Ninetales\n|-damage|p1a: Ninetales|41\/100 par\n|-boost|p2a: Great Tusk|spe|1\n|move|p1a: Ninetales|Aurora Veil|p1a: Ninetales\n|-sidestart|p1: ratatta17|move: Aurora Veil\n|\n|-weather|Snow|[upkeep]\n|upkeep\n|turn|14\n|\n|t:|1700678457\n|move|p2a: Great Tusk|Earthquake|p1a: Ninetales\n|-damage|p1a: Ninetales|12\/100 par\n|move|p1a: Ninetales|Encore|p2a: Great Tusk\n|-start|p2a: Great Tusk|Encore\n|\n|-weather|Snow|[upkeep]\n|upkeep\n|turn|15\n|\n|t:|1700678463\n|switch|p1a: Iron Valiant|Iron Valiant|91\/100\n|move|p2a: Great Tusk|Earthquake|p1a: Iron Valiant\n|-damage|p1a: Iron Valiant|44\/100\n|\n|-weather|Snow|[upkeep]\n|upkeep\n|turn|16\n|\n|t:|1700678465\n|move|p2a: Great Tusk|Earthquake|p1a: Iron Valiant\n|-damage|p1a: Iron Valiant|2\/100\n|move|p1a: Iron Valiant|Moonblast|p2a: Great Tusk\n|-supereffective|p2a: Great Tusk\n|-damage|p2a: Great Tusk|0 fnt\n|faint|p2a: Great Tusk\n|-end|p2a: Great Tusk|Protosynthesis|[silent]\n|-damage|p1a: Iron Valiant|0 fnt|[from] item: Life Orb\n|faint|p1a: Iron Valiant\n|-end|p1a: Iron Valiant|Quark Drive|[silent]\n|\n|-weather|none\n|upkeep\n|\n|t:|1700678481\n|switch|p1a: Azumarill|Azumarill, F|100\/100\n|switch|p2a: Kingambit|Kingambit, F|100\/100\n|-activate|p2a: Kingambit|ability: Supreme Overlord\n|-start|p2a: Kingambit|fallen3|[silent]\n|turn|17\n|\n|t:|1700678488\n|move|p2a: Kingambit|Iron Head|p1a: Azumarill\n|-damage|p1a: Azumarill|69\/100\n|move|p1a: Azumarill|Play Rough|p2a: Kingambit\n|-damage|p2a: Kingambit|61\/100\n|\n|-heal|p2a: Kingambit|67\/100|[from] item: Leftovers\n|-sideend|p1: ratatta17|move: Aurora Veil\n|upkeep\n|turn|18\n|\n|t:|1700678493\n|switch|p1a: Skeledirge|Skeledirge, M|100\/100\n|move|p2a: Kingambit|Iron Head|p1a: Skeledirge\n|-resisted|p1a: Skeledirge\n|-damage|p1a: Skeledirge|77\/100\n|\n|-heal|p1a: Skeledirge|84\/100|[from] item: Leftovers\n|-heal|p2a: Kingambit|74\/100|[from] item: Leftovers\n|upkeep\n|turn|19\n|\n|t:|1700678498\n|move|p1a: Skeledirge|Will-O-Wisp|p2a: Kingambit|[miss]\n|-miss|p1a: Skeledirge|p2a: Kingambit\n|move|p2a: Kingambit|Kowtow Cleave|p1a: Skeledirge\n|-supereffective|p1a: Skeledirge\n|-damage|p1a: Skeledirge|0 fnt\n|faint|p1a: Skeledirge\n|\n|-heal|p2a: Kingambit|80\/100|[from] item: Leftovers\n|upkeep\n|\n|t:|1700678501\n|switch|p1a: Ninetales|Ninetales-Alola, M|12\/100 par\n|-weather|Snow|[from] ability: Snow Warning|[of] p1a: Ninetales\n|turn|20\n|\n|t:|1700678509\n|move|p2a: Kingambit|Iron Head|p1a: Ninetales\n|-supereffective|p1a: Ninetales\n|-damage|p1a: Ninetales|0 fnt\n|faint|p1a: Ninetales\n|\n|-weather|Snow|[upkeep]\n|-heal|p2a: Kingambit|86\/100|[from] item: Leftovers\n|upkeep\n|\n|t:|1700678511\n|switch|p1a: Azumarill|Azumarill, F|69\/100\n|turn|21\n|\n|t:|1700678516\n|-terastallize|p1a: Azumarill|Steel\n|move|p2a: Kingambit|Iron Head|p1a: Azumarill\n|-resisted|p1a: Azumarill\n|-damage|p1a: Azumarill|39\/100\n|-enditem|p1a: Azumarill|Sitrus Berry|[eat]\n|-heal|p1a: Azumarill|64\/100|[from] item: Sitrus Berry\n|move|p1a: Azumarill|Belly Drum|p1a: Azumarill\n|-damage|p1a: Azumarill|14\/100\n|-setboost|p1a: Azumarill|atk|6|[from] move: Belly Drum\n|\n|-weather|Snow|[upkeep]\n|-heal|p2a: Kingambit|92\/100|[from] item: Leftovers\n|upkeep\n|turn|22\n|\n|t:|1700678532\n|move|p1a: Azumarill|Aqua Jet|p2a: Kingambit\n|-damage|p2a: Kingambit|16\/100\n|move|p2a: Kingambit|Kowtow Cleave|p1a: Azumarill\n|-damage|p1a: Azumarill|0 fnt\n|faint|p1a: Azumarill\n|\n|win|Username momento\n|raw|ratatta17's rating: 1588 &rarr; <strong>1566<\/strong><br \/>(-22 for losing)\n|raw|Username momento's rating: 1561 &rarr; <strong>1583<\/strong><br \/>(+22 for winning)\n|l|\u2606ratatta17\n","uploadtime":1700678542,"views":4,"p1id":"ratatta17","p2id":"usernamemomento","formatid":"gen9ou","rating":1566,"private":0,"password":""}