{"id":"gen9ou-1990201989","p1":"Elmendez","p2":"balls1291","format":"[Gen 9] OU","log":"|j|\u2606Elmendez\n|j|\u2606balls1291\n|t:|1699936644\n|gametype|singles\n|player|p1|Elmendez|102|1558\n|player|p2|balls1291|pokemonranger-gen4|1467\n|teamsize|p1|6\n|teamsize|p2|6\n|gen|9\n|tier|[Gen 9] OU\n|rated|\n|rule|Sleep Clause Mod: Limit one foe put to sleep\n|rule|Species Clause: Limit one of each Pok\u00e9mon\n|rule|OHKO Clause: OHKO moves are banned\n|rule|Evasion Items Clause: Evasion items are banned\n|rule|Evasion Moves Clause: Evasion moves are banned\n|rule|Endless Battle Clause: Forcing endless battles is banned\n|rule|HP Percentage Mod: HP is shown in percentages\n|clearpoke\n|poke|p1|Sinistcha-Masterpiece|\n|poke|p1|Dondozo, F|\n|poke|p1|Talonflame, F|\n|poke|p1|Blissey, F|\n|poke|p1|Toxapex, M|\n|poke|p1|Ting-Lu|\n|poke|p2|Rillaboom, F|\n|poke|p2|Sneasler, F|\n|poke|p2|Zamazenta-*|\n|poke|p2|Heatran, F|\n|poke|p2|Hatterene, F|\n|poke|p2|Manaphy|\n|teampreview\n|inactive|Battle timer is ON: inactive players will automatically lose when time's up. (requested by balls1291)\n|\n|t:|1699936659\n|start\n|switch|p1a: Ting-Lu|Ting-Lu|100\/100\n|switch|p2a: Rillaboom|Rillaboom, F|100\/100\n|-fieldstart|move: Grassy Terrain|[from] ability: Grassy Surge|[of] p2a: Rillaboom\n|-ability|p1a: Ting-Lu|Vessel of Ruin\n|turn|1\n|\n|t:|1699936666\n|move|p1a: Ting-Lu|Protect|p1a: Ting-Lu\n|-singleturn|p1a: Ting-Lu|Protect\n|move|p2a: Rillaboom|U-turn|p1a: Ting-Lu\n|-activate|p1a: Ting-Lu|move: Protect\n|\n|upkeep\n|turn|2\n|\n|t:|1699936670\n|switch|p1a: Talonflame|Talonflame, F|100\/100\n|move|p2a: Rillaboom|U-turn|p1a: Talonflame\n|-resisted|p1a: Talonflame\n|-damage|p1a: Talonflame|92\/100\n|inactive|balls1291 has 120 seconds left.\n|inactive|balls1291 has 90 seconds left.\n|\n|t:|1699936731\n|switch|p2a: Heatran|Heatran, F|100\/100|[from] U-turn\n|-item|p2a: Heatran|Air Balloon\n|\n|upkeep\n|turn|3\n|\n|t:|1699936739\n|move|p1a: Talonflame|U-turn|p2a: Heatran\n|-resisted|p2a: Heatran\n|-damage|p2a: Heatran|98\/100\n|-enditem|p2a: Heatran|Air Balloon\n|\n|t:|1699936749\n|switch|p1a: Dondozo|Dondozo, F|100\/100|[from] U-turn\n|move|p2a: Heatran|Magma Storm|p1a: Dondozo\n|-resisted|p1a: Dondozo\n|-damage|p1a: Dondozo|78\/100\n|-activate|p1a: Dondozo|move: Magma Storm|[of] p2a: Heatran\n|\n|-heal|p2a: Heatran|100\/100|[from] Grassy Terrain\n|-heal|p1a: Dondozo|85\/100|[from] Grassy Terrain\n|-damage|p1a: Dondozo|72\/100|[from] move: Magma Storm|[partiallytrapped]\n|upkeep\n|turn|4\n|\n|t:|1699936761\n|move|p2a: Heatran|Will-O-Wisp|p1a: Dondozo|[miss]\n|-miss|p2a: Heatran|p1a: Dondozo\n|move|p1a: Dondozo|Body Press|p2a: Heatran\n|-supereffective|p2a: Heatran\n|-damage|p2a: Heatran|55\/100\n|\n|-heal|p2a: Heatran|62\/100|[from] Grassy Terrain\n|-heal|p1a: Dondozo|78\/100|[from] Grassy Terrain\n|-damage|p1a: Dondozo|66\/100|[from] move: Magma Storm|[partiallytrapped]\n|upkeep\n|turn|5\n|\n|t:|1699936768\n|move|p2a: Heatran|Will-O-Wisp|p1a: Dondozo\n|-status|p1a: Dondozo|brn\n|move|p1a: Dondozo|Rest|p1a: Dondozo\n|-status|p1a: Dondozo|slp|[from] move: Rest\n|-heal|p1a: Dondozo|100\/100 slp|[silent]\n|\n|-heal|p2a: Heatran|68\/100|[from] Grassy Terrain\n|-damage|p1a: Dondozo|88\/100 slp|[from] move: Magma Storm|[partiallytrapped]\n|-fieldend|move: Grassy Terrain\n|upkeep\n|turn|6\n|\n|t:|1699936778\n|switch|p2a: Rillaboom|Rillaboom, F|100\/100\n|-fieldstart|move: Grassy Terrain|[from] ability: Grassy Surge|[of] p2a: Rillaboom\n|cant|p1a: Dondozo|slp\n|move|p1a: Dondozo|Sleep Talk|p1a: Dondozo\n|move|p1a: Dondozo|Rest||[from]move: Sleep Talk|[still]\n|-fail|p1a: Dondozo\n|\n|-heal|p1a: Dondozo|94\/100 slp|[from] Grassy Terrain\n|-end|p1a: Dondozo|Magma Storm|[partiallytrapped]|[silent]\n|upkeep\n|turn|7\n|\n|t:|1699936787\n|switch|p1a: Talonflame|Talonflame, F|92\/100\n|move|p2a: Rillaboom|Knock Off|p1a: Talonflame\n|-damage|p1a: Talonflame|43\/100\n|-status|p2a: Rillaboom|brn|[from] ability: Flame Body|[of] p1a: Talonflame\n|-enditem|p1a: Talonflame|Heavy-Duty Boots|[from] move: Knock Off|[of] p2a: Rillaboom\n|\n|-damage|p2a: Rillaboom|94\/100 brn|[from] brn\n|upkeep\n|turn|8\n|\n|t:|1699936794\n|switch|p2a: Heatran|Heatran, F|68\/100\n|move|p1a: Talonflame|Roost|p1a: Talonflame\n|-heal|p1a: Talonflame|93\/100\n|-singleturn|p1a: Talonflame|move: Roost\n|\n|-heal|p1a: Talonflame|99\/100|[from] Grassy Terrain\n|-heal|p2a: Heatran|74\/100|[from] Grassy Terrain\n|upkeep\n|turn|9\n|\n|t:|1699936797\n|move|p1a: Talonflame|U-turn|p2a: Heatran\n|-resisted|p2a: Heatran\n|-damage|p2a: Heatran|72\/100\n|\n|t:|1699936807\n|switch|p1a: Blissey|Blissey, F|100\/100|[from] U-turn\n|move|p2a: Heatran|Magma Storm|p1a: Blissey\n|-damage|p1a: Blissey|87\/100\n|-activate|p1a: Blissey|move: Magma Storm|[of] p2a: Heatran\n|\n|-heal|p2a: Heatran|78\/100|[from] Grassy Terrain\n|-heal|p1a: Blissey|93\/100|[from] Grassy Terrain\n|-damage|p1a: Blissey|81\/100|[from] move: Magma Storm|[partiallytrapped]\n|upkeep\n|turn|10\n|\n|t:|1699936812\n|move|p2a: Heatran|Taunt|p1a: Blissey\n|-start|p1a: Blissey|move: Taunt\n|move|p1a: Blissey|Shadow Ball|p2a: Heatran\n|-damage|p2a: Heatran|69\/100\n|\n|-heal|p2a: Heatran|75\/100|[from] Grassy Terrain\n|-heal|p1a: Blissey|87\/100|[from] Grassy Terrain\n|-damage|p1a: Blissey|74\/100|[from] move: Magma Storm|[partiallytrapped]\n|-fieldend|move: Grassy Terrain\n|upkeep\n|turn|11\n|\n|t:|1699936816\n|move|p2a: Heatran|Will-O-Wisp|p1a: Blissey\n|-status|p1a: Blissey|brn\n|move|p1a: Blissey|Shadow Ball|p2a: Heatran\n|-damage|p2a: Heatran|66\/100\n|-unboost|p2a: Heatran|spd|1\n|\n|-damage|p1a: Blissey|68\/100 brn|[from] brn\n|-damage|p1a: Blissey|56\/100 brn|[from] move: Magma Storm|[partiallytrapped]\n|upkeep\n|turn|12\n|\n|t:|1699936823\n|move|p2a: Heatran|Magma Storm|p1a: Blissey\n|-damage|p1a: Blissey|42\/100 brn\n|move|p1a: Blissey|Shadow Ball|p2a: Heatran\n|-damage|p2a: Heatran|52\/100\n|-unboost|p2a: Heatran|spd|1\n|\n|-damage|p1a: Blissey|36\/100 brn|[from] brn\n|-damage|p1a: Blissey|24\/100 brn|[from] move: Magma Storm|[partiallytrapped]\n|-end|p1a: Blissey|move: Taunt\n|upkeep\n|turn|13\n|\n|t:|1699936830\n|move|p2a: Heatran|Taunt|p1a: Blissey\n|-start|p1a: Blissey|move: Taunt\n|move|p1a: Blissey|Shadow Ball|p2a: Heatran\n|-damage|p2a: Heatran|34\/100\n|\n|-damage|p1a: Blissey|17\/100 brn|[from] brn\n|-end|p1a: Blissey|Magma Storm|[partiallytrapped]\n|upkeep\n|turn|14\n|\n|t:|1699936834\n|move|p2a: Heatran|Taunt||[still]\n|-fail|p2a: Heatran\n|move|p1a: Blissey|Shadow Ball|p2a: Heatran\n|-damage|p2a: Heatran|17\/100\n|\n|-damage|p1a: Blissey|11\/100 brn|[from] brn\n|upkeep\n|turn|15\n|\n|t:|1699936844\n|-curestatus|p1a: Blissey|brn|[from] ability: Natural Cure\n|switch|p1a: Sinistcha|Sinistcha-Masterpiece|100\/100\n|move|p2a: Heatran|Magma Storm|p1a: Sinistcha\n|-supereffective|p1a: Sinistcha\n|-damage|p1a: Sinistcha|45\/100\n|-activate|p1a: Sinistcha|move: Magma Storm|[of] p2a: Heatran\n|\n|-damage|p1a: Sinistcha|32\/100|[from] move: Magma Storm|[partiallytrapped]\n|upkeep\n|turn|16\n|\n|t:|1699936853\n|move|p1a: Sinistcha|Strength Sap|p2a: Heatran\n|-unboost|p2a: Heatran|atk|1\n|-heal|p1a: Sinistcha|84\/100\n|move|p2a: Heatran|Magma Storm|p1a: Sinistcha|[miss]\n|-miss|p2a: Heatran|p1a: Sinistcha\n|\n|-damage|p1a: Sinistcha|71\/100|[from] move: Magma Storm|[partiallytrapped]\n|upkeep\n|turn|17\n|\n|t:|1699936863\n|move|p2a: Heatran|Magma Storm|p1a: Sinistcha\n|-supereffective|p1a: Sinistcha\n|-damage|p1a: Sinistcha|21\/100\n|move|p1a: Sinistcha|Shadow Ball|p2a: Heatran\n|-damage|p2a: Heatran|0 fnt\n|faint|p2a: Heatran\n|\n|-end|p1a: Sinistcha|Magma Storm|[partiallytrapped]|[silent]\n|upkeep\n|\n|t:|1699936871\n|switch|p2a: Rillaboom|Rillaboom, F|94\/100 brn\n|-fieldstart|move: Grassy Terrain|[from] ability: Grassy Surge|[of] p2a: Rillaboom\n|turn|18\n|\n|t:|1699936881\n|switch|p1a: Talonflame|Talonflame, F|99\/100\n|move|p2a: Rillaboom|Wood Hammer|p1a: Talonflame\n|-resisted|p1a: Talonflame\n|-damage|p1a: Talonflame|85\/100\n|-damage|p2a: Rillaboom|90\/100 brn|[from] Recoil\n|\n|-heal|p2a: Rillaboom|96\/100 brn|[from] Grassy Terrain\n|-damage|p2a: Rillaboom|90\/100 brn|[from] brn\n|upkeep\n|turn|19\n|\n|t:|1699936907\n|switch|p2a: Manaphy|Manaphy|100\/100\n|move|p1a: Talonflame|U-turn|p2a: Manaphy\n|-damage|p2a: Manaphy|91\/100\n|\n|t:|1699936915\n|switch|p1a: Ting-Lu|Ting-Lu|100\/100|[from] U-turn\n|-ability|p1a: Ting-Lu|Vessel of Ruin\n|\n|-heal|p2a: Manaphy|98\/100|[from] Grassy Terrain\n|-heal|p2a: Manaphy|100\/100|[from] item: Leftovers\n|upkeep\n|turn|20\n|\n|t:|1699936924\n|move|p2a: Manaphy|Acid Armor|p2a: Manaphy\n|-boost|p2a: Manaphy|def|2\n|move|p1a: Ting-Lu|Spikes|p2a: Manaphy\n|-sidestart|p2: balls1291|Spikes\n|\n|upkeep\n|turn|21\n|\n|t:|1699936927\n|move|p2a: Manaphy|Take Heart|p2a: Manaphy\n|-boost|p2a: Manaphy|spa|1\n|-boost|p2a: Manaphy|spd|1\n|move|p1a: Ting-Lu|Whirlwind|p2a: Manaphy\n|drag|p2a: Zamazenta|Zamazenta|100\/100\n|-damage|p2a: Zamazenta|88\/100|[from] Spikes\n|-ability|p2a: Zamazenta|Dauntless Shield|boost\n|-boost|p2a: Zamazenta|def|1\n|\n|-heal|p2a: Zamazenta|94\/100|[from] Grassy Terrain\n|-heal|p2a: Zamazenta|100\/100|[from] item: Leftovers\n|upkeep\n|turn|22\n|\n|t:|1699936932\n|move|p2a: Zamazenta|Iron Defense|p2a: Zamazenta\n|-boost|p2a: Zamazenta|def|2\n|move|p1a: Ting-Lu|Spikes|p2a: Zamazenta\n|-sidestart|p2: balls1291|Spikes\n|\n|-fieldend|move: Grassy Terrain\n|upkeep\n|turn|23\n|\n|t:|1699936934\n|move|p2a: Zamazenta|Body Press|p1a: Ting-Lu\n|-supereffective|p1a: Ting-Lu\n|-damage|p1a: Ting-Lu|23\/100\n|move|p1a: Ting-Lu|Whirlwind|p2a: Zamazenta\n|drag|p2a: Manaphy|Manaphy|100\/100\n|-damage|p2a: Manaphy|84\/100|[from] Spikes\n|\n|-heal|p2a: Manaphy|90\/100|[from] item: Leftovers\n|upkeep\n|turn|24\n|\n|t:|1699936943\n|move|p2a: Manaphy|Scald|p1a: Ting-Lu\n|-supereffective|p1a: Ting-Lu\n|-damage|p1a: Ting-Lu|0 fnt\n|faint|p1a: Ting-Lu\n|\n|-heal|p2a: Manaphy|97\/100|[from] item: Leftovers\n|upkeep\n|\n|t:|1699936961\n|switch|p1a: Toxapex|Toxapex, M|100\/100\n|turn|25\n|\n|t:|1699936968\n|move|p2a: Manaphy|Take Heart|p2a: Manaphy\n|-boost|p2a: Manaphy|spa|1\n|-boost|p2a: Manaphy|spd|1\n|move|p1a: Toxapex|Toxic|p2a: Manaphy\n|-status|p2a: Manaphy|tox\n|\n|-heal|p2a: Manaphy|100\/100 tox|[from] item: Leftovers\n|-damage|p2a: Manaphy|94\/100 tox|[from] psn\n|upkeep\n|turn|26\n|\n|t:|1699936972\n|move|p2a: Manaphy|Take Heart|p2a: Manaphy\n|-boost|p2a: Manaphy|spa|1\n|-boost|p2a: Manaphy|spd|1\n|-curestatus|p2a: Manaphy|tox|[msg]\n|move|p1a: Toxapex|Haze|p1a: Toxapex\n|-clearallboost\n|\n|-heal|p2a: Manaphy|100\/100|[from] item: Leftovers\n|upkeep\n|turn|27\n|\n|t:|1699936982\n|switch|p2a: Rillaboom|Rillaboom, F|90\/100 brn\n|-damage|p2a: Rillaboom|73\/100 brn|[from] Spikes\n|-fieldstart|move: Grassy Terrain|[from] ability: Grassy Surge|[of] p2a: Rillaboom\n|move|p1a: Toxapex|Toxic||[still]\n|-fail|p1a: Toxapex\n|\n|-heal|p2a: Rillaboom|79\/100 brn|[from] Grassy Terrain\n|-damage|p2a: Rillaboom|73\/100 brn|[from] brn\n|upkeep\n|turn|28\n|\n|t:|1699936990\n|switch|p1a: Talonflame|Talonflame, F|85\/100\n|move|p2a: Rillaboom|U-turn|p1a: Talonflame\n|-resisted|p1a: Talonflame\n|-damage|p1a: Talonflame|81\/100\n|\n|t:|1699937000\n|switch|p2a: Manaphy|Manaphy|100\/100|[from] U-turn\n|-damage|p2a: Manaphy|84\/100|[from] Spikes\n|\n|-heal|p2a: Manaphy|90\/100|[from] Grassy Terrain\n|-heal|p2a: Manaphy|97\/100|[from] item: Leftovers\n|upkeep\n|turn|29\n|\n|t:|1699937007\n|switch|p1a: Toxapex|Toxapex, M|100\/100\n|move|p2a: Manaphy|Scald|p1a: Toxapex\n|-resisted|p1a: Toxapex\n|-damage|p1a: Toxapex|92\/100\n|-status|p1a: Toxapex|brn\n|\n|-heal|p2a: Manaphy|100\/100|[from] Grassy Terrain\n|-heal|p1a: Toxapex|98\/100 brn|[from] Grassy Terrain\n|-damage|p1a: Toxapex|92\/100 brn|[from] brn\n|upkeep\n|turn|30\n|\n|t:|1699937015\n|switch|p2a: Rillaboom|Rillaboom, F|73\/100 brn\n|-damage|p2a: Rillaboom|57\/100 brn|[from] Spikes\n|move|p1a: Toxapex|Toxic||[still]\n|-fail|p1a: Toxapex\n|\n|-heal|p2a: Rillaboom|63\/100 brn|[from] Grassy Terrain\n|-heal|p1a: Toxapex|98\/100 brn|[from] Grassy Terrain\n|-damage|p2a: Rillaboom|57\/100 brn|[from] brn\n|-damage|p1a: Toxapex|92\/100 brn|[from] brn\n|upkeep\n|turn|31\n|\n|t:|1699937022\n|switch|p1a: Talonflame|Talonflame, F|81\/100\n|move|p2a: Rillaboom|U-turn|p1a: Talonflame\n|-resisted|p1a: Talonflame\n|-damage|p1a: Talonflame|76\/100\n|\n|t:|1699937026\n|switch|p2a: Manaphy|Manaphy|100\/100|[from] U-turn\n|-damage|p2a: Manaphy|84\/100|[from] Spikes\n|\n|-heal|p2a: Manaphy|90\/100|[from] Grassy Terrain\n|-heal|p2a: Manaphy|97\/100|[from] item: Leftovers\n|-fieldend|move: Grassy Terrain\n|upkeep\n|turn|32\n|\n|t:|1699937028\n|switch|p1a: Toxapex|Toxapex, M|100\/100 brn\n|move|p2a: Manaphy|Take Heart|p2a: Manaphy\n|-boost|p2a: Manaphy|spa|1\n|-boost|p2a: Manaphy|spd|1\n|\n|-heal|p2a: Manaphy|100\/100|[from] item: Leftovers\n|-damage|p1a: Toxapex|94\/100 brn|[from] brn\n|upkeep\n|turn|33\n|\n|t:|1699937030\n|move|p2a: Manaphy|Stored Power|p1a: Toxapex\n|-supereffective|p1a: Toxapex\n|-damage|p1a: Toxapex|66\/100 brn\n|move|p1a: Toxapex|Haze|p1a: Toxapex\n|-clearallboost\n|\n|-damage|p1a: Toxapex|60\/100 brn|[from] brn\n|upkeep\n|turn|34\n|\n|t:|1699937035\n|move|p2a: Manaphy|Take Heart|p2a: Manaphy\n|-boost|p2a: Manaphy|spa|1\n|-boost|p2a: Manaphy|spd|1\n|move|p1a: Toxapex|Recover|p1a: Toxapex\n|-heal|p1a: Toxapex|100\/100 brn\n|\n|-damage|p1a: Toxapex|94\/100 brn|[from] brn\n|upkeep\n|turn|35\n|\n|t:|1699937039\n|switch|p2a: Rillaboom|Rillaboom, F|57\/100 brn\n|-damage|p2a: Rillaboom|40\/100 brn|[from] Spikes\n|-fieldstart|move: Grassy Terrain|[from] ability: Grassy Surge|[of] p2a: Rillaboom\n|move|p1a: Toxapex|Haze|p1a: Toxapex\n|-clearallboost\n|\n|-heal|p2a: Rillaboom|47\/100 brn|[from] Grassy Terrain\n|-heal|p1a: Toxapex|100\/100 brn|[from] Grassy Terrain\n|-damage|p2a: Rillaboom|40\/100 brn|[from] brn\n|-damage|p1a: Toxapex|94\/100 brn|[from] brn\n|upkeep\n|turn|36\n|\n|t:|1699937048\n|move|p1a: Toxapex|Baneful Bunker|p1a: Toxapex\n|-singleturn|p1a: Toxapex|move: Protect\n|move|p2a: Rillaboom|U-turn|p1a: Toxapex\n|-activate|p1a: Toxapex|move: Protect\n|\n|-heal|p2a: Rillaboom|47\/100 brn|[from] Grassy Terrain\n|-heal|p1a: Toxapex|100\/100 brn|[from] Grassy Terrain\n|-damage|p2a: Rillaboom|40\/100 brn|[from] brn\n|-damage|p1a: Toxapex|94\/100 brn|[from] brn\n|upkeep\n|turn|37\n|\n|t:|1699937052\n|move|p2a: Rillaboom|U-turn|p1a: Toxapex\n|-resisted|p1a: Toxapex\n|-damage|p1a: Toxapex|86\/100 brn\n|\n|t:|1699937056\n|switch|p2a: Hatterene|Hatterene, F|100\/100|[from] U-turn\n|-damage|p2a: Hatterene|84\/100|[from] Spikes\n|-enditem|p2a: Hatterene|Grassy Seed\n|-boost|p2a: Hatterene|def|1|[from] item: Grassy Seed\n|move|p1a: Toxapex|Toxic|p2a: Hatterene\n|move|p2a: Hatterene|Toxic||[from]ability: Magic Bounce|[still]\n|-fail|p2a: Hatterene\n|\n|-heal|p2a: Hatterene|90\/100|[from] Grassy Terrain\n|-heal|p1a: Toxapex|93\/100 brn|[from] Grassy Terrain\n|-damage|p1a: Toxapex|86\/100 brn|[from] brn\n|upkeep\n|turn|38\n|\n|t:|1699937083\n|switch|p1a: Sinistcha|Sinistcha-Masterpiece|21\/100\n|move|p2a: Hatterene|Calm Mind|p2a: Hatterene\n|-boost|p2a: Hatterene|spa|1\n|-boost|p2a: Hatterene|spd|1\n|\n|-heal|p1a: Sinistcha|27\/100|[from] Grassy Terrain\n|-heal|p2a: Hatterene|96\/100|[from] Grassy Terrain\n|upkeep\n|turn|39\n|\n|t:|1699937088\n|move|p1a: Sinistcha|Strength Sap|p2a: Hatterene\n|move|p2a: Hatterene|Strength Sap|p1a: Sinistcha|[from]ability: Magic Bounce\n|-unboost|p1a: Sinistcha|atk|1\n|-heal|p2a: Hatterene|100\/100\n|move|p2a: Hatterene|Draining Kiss|p1a: Sinistcha\n|-damage|p1a: Sinistcha|0 fnt\n|faint|p1a: Sinistcha\n|\n|-fieldend|move: Grassy Terrain\n|upkeep\n|inactive|Elmendez has 120 seconds left.\n|\n|t:|1699937109\n|switch|p1a: Blissey|Blissey, F|11\/100\n|turn|40\n|\n|t:|1699937115\n|move|p1a: Blissey|Soft-Boiled|p1a: Blissey\n|-heal|p1a: Blissey|61\/100\n|move|p2a: Hatterene|Psyshock|p1a: Blissey\n|-damage|p1a: Blissey|10\/100\n|\n|upkeep\n|turn|41\n|\n|t:|1699937120\n|-terastallize|p1a: Blissey|Dark\n|move|p1a: Blissey|Soft-Boiled|p1a: Blissey\n|-heal|p1a: Blissey|60\/100\n|move|p2a: Hatterene|Psyshock|p1a: Blissey\n|-immune|p1a: Blissey\n|\n|upkeep\n|turn|42\n|\n|t:|1699937125\n|move|p1a: Blissey|Calm Mind|p1a: Blissey\n|-boost|p1a: Blissey|spa|1\n|-boost|p1a: Blissey|spd|1\n|move|p2a: Hatterene|Calm Mind|p2a: Hatterene\n|-boost|p2a: Hatterene|spa|1\n|-boost|p2a: Hatterene|spd|1\n|\n|upkeep\n|turn|43\n|\n|t:|1699937134\n|move|p1a: Blissey|Calm Mind|p1a: Blissey\n|-boost|p1a: Blissey|spa|1\n|-boost|p1a: Blissey|spd|1\n|move|p2a: Hatterene|Calm Mind|p2a: Hatterene\n|-boost|p2a: Hatterene|spa|1\n|-boost|p2a: Hatterene|spd|1\n|\n|upkeep\n|turn|44\n|\n|t:|1699937136\n|move|p1a: Blissey|Calm Mind|p1a: Blissey\n|-boost|p1a: Blissey|spa|1\n|-boost|p1a: Blissey|spd|1\n|move|p2a: Hatterene|Calm Mind|p2a: Hatterene\n|-boost|p2a: Hatterene|spa|1\n|-boost|p2a: Hatterene|spd|1\n|\n|upkeep\n|turn|45\n|\n|t:|1699937138\n|move|p1a: Blissey|Calm Mind|p1a: Blissey\n|-boost|p1a: Blissey|spa|1\n|-boost|p1a: Blissey|spd|1\n|move|p2a: Hatterene|Calm Mind|p2a: Hatterene\n|-boost|p2a: Hatterene|spa|1\n|-boost|p2a: Hatterene|spd|1\n|\n|upkeep\n|turn|46\n|\n|t:|1699937140\n|move|p1a: Blissey|Calm Mind|p1a: Blissey\n|-boost|p1a: Blissey|spa|1\n|-boost|p1a: Blissey|spd|1\n|move|p2a: Hatterene|Calm Mind|p2a: Hatterene\n|-boost|p2a: Hatterene|spa|1\n|-boost|p2a: Hatterene|spd|1\n|\n|upkeep\n|turn|47\n|\n|t:|1699937142\n|move|p1a: Blissey|Calm Mind|p1a: Blissey\n|-boost|p1a: Blissey|spa|1\n|-boost|p1a: Blissey|spd|1\n|move|p2a: Hatterene|Nuzzle|p1a: Blissey\n|-damage|p1a: Blissey|56\/100\n|-status|p1a: Blissey|par\n|\n|upkeep\n|turn|48\n|\n|t:|1699937145\n|move|p2a: Hatterene|Draining Kiss|p1a: Blissey\n|-supereffective|p1a: Blissey\n|-damage|p1a: Blissey|41\/100 par\n|move|p1a: Blissey|Shadow Ball|p2a: Hatterene\n|-supereffective|p2a: Hatterene\n|-damage|p2a: Hatterene|71\/100\n|\n|upkeep\n|turn|49\n|\n|t:|1699937150\n|move|p2a: Hatterene|Draining Kiss|p1a: Blissey\n|-supereffective|p1a: Blissey\n|-damage|p1a: Blissey|27\/100 par\n|-heal|p2a: Hatterene|93\/100|[from] drain|[of] p1a: Blissey\n|move|p1a: Blissey|Soft-Boiled|p1a: Blissey\n|-heal|p1a: Blissey|77\/100 par\n|\n|upkeep\n|turn|50\n|\n|t:|1699937156\n|move|p2a: Hatterene|Draining Kiss|p1a: Blissey\n|-supereffective|p1a: Blissey\n|-damage|p1a: Blissey|63\/100 par\n|-heal|p2a: Hatterene|100\/100|[from] drain|[of] p1a: Blissey\n|move|p1a: Blissey|Shadow Ball|p2a: Hatterene\n|-supereffective|p2a: Hatterene\n|-damage|p2a: Hatterene|72\/100\n|\n|upkeep\n|turn|51\n|\n|t:|1699937159\n|move|p2a: Hatterene|Draining Kiss|p1a: Blissey\n|-supereffective|p1a: Blissey\n|-damage|p1a: Blissey|49\/100 par\n|-heal|p2a: Hatterene|94\/100|[from] drain|[of] p1a: Blissey\n|move|p1a: Blissey|Shadow Ball|p2a: Hatterene\n|-supereffective|p2a: Hatterene\n|-damage|p2a: Hatterene|64\/100\n|\n|upkeep\n|turn|52\n|\n|t:|1699937166\n|move|p2a: Hatterene|Draining Kiss|p1a: Blissey\n|-supereffective|p1a: Blissey\n|-damage|p1a: Blissey|36\/100 par\n|-heal|p2a: Hatterene|84\/100|[from] drain|[of] p1a: Blissey\n|move|p1a: Blissey|Soft-Boiled|p1a: Blissey\n|-heal|p1a: Blissey|86\/100 par\n|\n|upkeep\n|turn|53\n|\n|t:|1699937170\n|move|p2a: Hatterene|Draining Kiss|p1a: Blissey\n|-supereffective|p1a: Blissey\n|-damage|p1a: Blissey|73\/100 par\n|-heal|p2a: Hatterene|100\/100|[from] drain|[of] p1a: Blissey\n|move|p1a: Blissey|Shadow Ball|p2a: Hatterene\n|-supereffective|p2a: Hatterene\n|-damage|p2a: Hatterene|72\/100\n|\n|upkeep\n|turn|54\n|\n|t:|1699937174\n|move|p2a: Hatterene|Draining Kiss|p1a: Blissey\n|-supereffective|p1a: Blissey\n|-damage|p1a: Blissey|59\/100 par\n|-heal|p2a: Hatterene|94\/100|[from] drain|[of] p1a: Blissey\n|cant|p1a: Blissey|par\n|\n|upkeep\n|turn|55\n|\n|t:|1699937178\n|move|p2a: Hatterene|Draining Kiss|p1a: Blissey\n|-supereffective|p1a: Blissey\n|-damage|p1a: Blissey|44\/100 par\n|-heal|p2a: Hatterene|100\/100|[from] drain|[of] p1a: Blissey\n|move|p1a: Blissey|Soft-Boiled|p1a: Blissey\n|-heal|p1a: Blissey|94\/100 par\n|\n|upkeep\n|turn|56\n|\n|t:|1699937183\n|move|p2a: Hatterene|Draining Kiss|p1a: Blissey\n|-supereffective|p1a: Blissey\n|-damage|p1a: Blissey|80\/100 par\n|move|p1a: Blissey|Shadow Ball|p2a: Hatterene\n|-supereffective|p2a: Hatterene\n|-damage|p2a: Hatterene|68\/100\n|-unboost|p2a: Hatterene|spd|1\n|\n|upkeep\n|turn|57\n|\n|t:|1699937187\n|move|p2a: Hatterene|Draining Kiss|p1a: Blissey\n|-supereffective|p1a: Blissey\n|-damage|p1a: Blissey|67\/100 par\n|-heal|p2a: Hatterene|89\/100|[from] drain|[of] p1a: Blissey\n|cant|p1a: Blissey|par\n|\n|upkeep\n|turn|58\n|\n|t:|1699937193\n|switch|p2a: Rillaboom|Rillaboom, F|40\/100 brn\n|-damage|p2a: Rillaboom|24\/100 brn|[from] Spikes\n|-fieldstart|move: Grassy Terrain|[from] ability: Grassy Surge|[of] p2a: Rillaboom\n|move|p1a: Blissey|Soft-Boiled|p1a: Blissey\n|-heal|p1a: Blissey|100\/100 par\n|\n|-heal|p2a: Rillaboom|30\/100 brn|[from] Grassy Terrain\n|-damage|p2a: Rillaboom|24\/100 brn|[from] brn\n|upkeep\n|turn|59\n|\n|t:|1699937200\n|move|p2a: Rillaboom|Wood Hammer|p1a: Blissey\n|-damage|p1a: Blissey|28\/100 par\n|-damage|p2a: Rillaboom|0 fnt|[from] Recoil\n|faint|p2a: Rillaboom\n|move|p1a: Blissey|Shadow Ball|p2: Rillaboom|[notarget]\n|-fail|p1a: Blissey\n|\n|-heal|p1a: Blissey|34\/100 par|[from] Grassy Terrain\n|upkeep\n|\n|t:|1699937205\n|switch|p2a: Sneasler|Sneasler, F|100\/100\n|-damage|p2a: Sneasler|84\/100|[from] Spikes\n|-enditem|p2a: Sneasler|Grassy Seed\n|-boost|p2a: Sneasler|def|1|[from] item: Grassy Seed\n|turn|60\n|\n|t:|1699937215\n|-curestatus|p1a: Blissey|par|[from] ability: Natural Cure\n|switch|p1a: Dondozo|Dondozo, F|94\/100 slp\n|move|p2a: Sneasler|Close Combat|p1a: Dondozo\n|-damage|p1a: Dondozo|65\/100 slp\n|-unboost|p2a: Sneasler|def|1\n|-unboost|p2a: Sneasler|spd|1\n|\n|-heal|p2a: Sneasler|90\/100|[from] Grassy Terrain\n|-heal|p1a: Dondozo|72\/100 slp|[from] Grassy Terrain\n|upkeep\n|turn|61\n|\n|t:|1699937222\n|switch|p2a: Hatterene|Hatterene, F|89\/100\n|-damage|p2a: Hatterene|72\/100|[from] Spikes\n|cant|p1a: Dondozo|slp\n|move|p1a: Dondozo|Sleep Talk|p1a: Dondozo\n|move|p1a: Dondozo|Body Press|p2a: Hatterene|[from]move: Sleep Talk\n|-resisted|p2a: Hatterene\n|-damage|p2a: Hatterene|66\/100\n|\n|-heal|p2a: Hatterene|72\/100|[from] Grassy Terrain\n|-heal|p1a: Dondozo|78\/100 slp|[from] Grassy Terrain\n|upkeep\n|turn|62\n|\n|t:|1699937225\n|switch|p1a: Blissey|Blissey, F, tera:Dark|34\/100\n|move|p2a: Hatterene|Calm Mind|p2a: Hatterene\n|-boost|p2a: Hatterene|spa|1\n|-boost|p2a: Hatterene|spd|1\n|\n|-heal|p1a: Blissey|40\/100|[from] Grassy Terrain\n|-heal|p2a: Hatterene|78\/100|[from] Grassy Terrain\n|-fieldend|move: Grassy Terrain\n|upkeep\n|turn|63\n|\n|t:|1699937229\n|move|p1a: Blissey|Calm Mind|p1a: Blissey\n|-boost|p1a: Blissey|spa|1\n|-boost|p1a: Blissey|spd|1\n|move|p2a: Hatterene|Draining Kiss|p1a: Blissey\n|-supereffective|p1a: Blissey\n|-damage|p1a: Blissey|27\/100\n|-heal|p2a: Hatterene|98\/100|[from] drain|[of] p1a: Blissey\n|\n|upkeep\n|turn|64\n|\n|t:|1699937235\n|move|p1a: Blissey|Soft-Boiled|p1a: Blissey\n|-heal|p1a: Blissey|77\/100\n|move|p2a: Hatterene|Nuzzle|p1a: Blissey\n|-damage|p1a: Blissey|73\/100\n|-status|p1a: Blissey|par\n|\n|upkeep\n|turn|65\n|\n|t:|1699937238\n|switch|p2a: Sneasler|Sneasler, F|90\/100\n|-damage|p2a: Sneasler|74\/100|[from] Spikes\n|move|p1a: Blissey|Calm Mind|p1a: Blissey\n|-boost|p1a: Blissey|spa|1\n|-boost|p1a: Blissey|spd|1\n|\n|upkeep\n|turn|66\n|\n|t:|1699937243\n|-curestatus|p1a: Blissey|par|[from] ability: Natural Cure\n|switch|p1a: Talonflame|Talonflame, F|76\/100\n|move|p2a: Sneasler|Close Combat|p1a: Talonflame\n|-resisted|p1a: Talonflame\n|-damage|p1a: Talonflame|46\/100\n|-unboost|p2a: Sneasler|def|1\n|-unboost|p2a: Sneasler|spd|1\n|\n|upkeep\n|turn|67\n|\n|t:|1699937252\n|switch|p2a: Hatterene|Hatterene, F|98\/100\n|-damage|p2a: Hatterene|81\/100|[from] Spikes\n|move|p1a: Talonflame|Roost|p1a: Talonflame\n|-heal|p1a: Talonflame|96\/100\n|-singleturn|p1a: Talonflame|move: Roost\n|\n|upkeep\n|turn|68\n|\n|t:|1699937254\n|move|p1a: Talonflame|U-turn|p2a: Hatterene\n|-damage|p2a: Hatterene|71\/100\n|\n|t:|1699937256\n|switch|p1a: Blissey|Blissey, F, tera:Dark|73\/100|[from] U-turn\n|move|p2a: Hatterene|Calm Mind|p2a: Hatterene\n|-boost|p2a: Hatterene|spa|1\n|-boost|p2a: Hatterene|spd|1\n|\n|upkeep\n|turn|69\n|\n|t:|1699937259\n|move|p1a: Blissey|Calm Mind|p1a: Blissey\n|-boost|p1a: Blissey|spa|1\n|-boost|p1a: Blissey|spd|1\n|move|p2a: Hatterene|Calm Mind|p2a: Hatterene\n|-boost|p2a: Hatterene|spa|1\n|-boost|p2a: Hatterene|spd|1\n|\n|upkeep\n|turn|70\n|\n|t:|1699937264\n|move|p1a: Blissey|Calm Mind|p1a: Blissey\n|-boost|p1a: Blissey|spa|1\n|-boost|p1a: Blissey|spd|1\n|move|p2a: Hatterene|Calm Mind|p2a: Hatterene\n|-boost|p2a: Hatterene|spa|1\n|-boost|p2a: Hatterene|spd|1\n|\n|upkeep\n|turn|71\n|\n|t:|1699937266\n|move|p1a: Blissey|Calm Mind|p1a: Blissey\n|-boost|p1a: Blissey|spa|1\n|-boost|p1a: Blissey|spd|1\n|move|p2a: Hatterene|Calm Mind|p2a: Hatterene\n|-boost|p2a: Hatterene|spa|1\n|-boost|p2a: Hatterene|spd|1\n|\n|upkeep\n|turn|72\n|\n|t:|1699937268\n|move|p1a: Blissey|Calm Mind|p1a: Blissey\n|-boost|p1a: Blissey|spa|1\n|-boost|p1a: Blissey|spd|1\n|move|p2a: Hatterene|Calm Mind|p2a: Hatterene\n|-boost|p2a: Hatterene|spa|1\n|-boost|p2a: Hatterene|spd|1\n|\n|upkeep\n|turn|73\n|\n|t:|1699937269\n|move|p1a: Blissey|Calm Mind|p1a: Blissey\n|-boost|p1a: Blissey|spa|1\n|-boost|p1a: Blissey|spd|1\n|move|p2a: Hatterene|Calm Mind|p2a: Hatterene\n|-boost|p2a: Hatterene|spa|1\n|-boost|p2a: Hatterene|spd|1\n|\n|upkeep\n|turn|74\n|\n|t:|1699937273\n|switch|p2a: Sneasler|Sneasler, F|74\/100\n|-damage|p2a: Sneasler|57\/100|[from] Spikes\n|move|p1a: Blissey|Calm Mind|p1a: Blissey\n|-boost|p1a: Blissey|spa|1\n|-boost|p1a: Blissey|spd|1\n|\n|upkeep\n|turn|75\n|\n|t:|1699937279\n|switch|p1a: Talonflame|Talonflame, F|96\/100\n|move|p2a: Sneasler|Close Combat|p1a: Talonflame\n|-resisted|p1a: Talonflame\n|-damage|p1a: Talonflame|65\/100\n|-unboost|p2a: Sneasler|def|1\n|-unboost|p2a: Sneasler|spd|1\n|\n|upkeep\n|turn|76\n|\n|t:|1699937286\n|move|p2a: Sneasler|Dire Claw|p1a: Talonflame\n|-damage|p1a: Talonflame|24\/100\n|-status|p1a: Talonflame|psn\n|move|p1a: Talonflame|U-turn|p2a: Sneasler\n|-resisted|p2a: Sneasler\n|-damage|p2a: Sneasler|50\/100\n|\n|t:|1699937294\n|switch|p1a: Dondozo|Dondozo, F|78\/100 slp|[from] U-turn\n|\n|upkeep\n|turn|77\n|\n|t:|1699937298\n|switch|p2a: Hatterene|Hatterene, F|71\/100\n|-damage|p2a: Hatterene|54\/100|[from] Spikes\n|-curestatus|p1a: Dondozo|slp|[msg]\n|move|p1a: Dondozo|Avalanche|p2a: Hatterene\n|-damage|p2a: Hatterene|43\/100\n|\n|upkeep\n|turn|78\n|\n|t:|1699937303\n|switch|p1a: Blissey|Blissey, F, tera:Dark|73\/100\n|move|p2a: Hatterene|Calm Mind|p2a: Hatterene\n|-boost|p2a: Hatterene|spa|1\n|-boost|p2a: Hatterene|spd|1\n|\n|upkeep\n|turn|79\n|\n|t:|1699937308\n|move|p1a: Blissey|Calm Mind|p1a: Blissey\n|-boost|p1a: Blissey|spa|1\n|-boost|p1a: Blissey|spd|1\n|move|p2a: Hatterene|Calm Mind|p2a: Hatterene\n|-boost|p2a: Hatterene|spa|1\n|-boost|p2a: Hatterene|spd|1\n|\n|upkeep\n|turn|80\n|\n|t:|1699937312\n|move|p1a: Blissey|Calm Mind|p1a: Blissey\n|-boost|p1a: Blissey|spa|1\n|-boost|p1a: Blissey|spd|1\n|move|p2a: Hatterene|Calm Mind|p2a: Hatterene\n|-boost|p2a: Hatterene|spa|1\n|-boost|p2a: Hatterene|spd|1\n|\n|upkeep\n|turn|81\n|\n|t:|1699937314\n|move|p1a: Blissey|Calm Mind|p1a: Blissey\n|-boost|p1a: Blissey|spa|1\n|-boost|p1a: Blissey|spd|1\n|move|p2a: Hatterene|Draining Kiss|p1a: Blissey\n|-supereffective|p1a: Blissey\n|-damage|p1a: Blissey|58\/100\n|-heal|p2a: Hatterene|66\/100|[from] drain|[of] p1a: Blissey\n|\n|upkeep\n|turn|82\n|\n|t:|1699937318\n|move|p1a: Blissey|Shadow Ball|p2a: Hatterene\n|-supereffective|p2a: Hatterene\n|-damage|p2a: Hatterene|34\/100\n|move|p2a: Hatterene|Calm Mind|p2a: Hatterene\n|-boost|p2a: Hatterene|spa|1\n|-boost|p2a: Hatterene|spd|1\n|\n|upkeep\n|turn|83\n|\n|t:|1699937323\n|move|p1a: Blissey|Shadow Ball|p2a: Hatterene\n|-supereffective|p2a: Hatterene\n|-damage|p2a: Hatterene|10\/100\n|move|p2a: Hatterene|Draining Kiss|p1a: Blissey\n|-supereffective|p1a: Blissey\n|-damage|p1a: Blissey|42\/100\n|-heal|p2a: Hatterene|35\/100|[from] drain|[of] p1a: Blissey\n|\n|upkeep\n|turn|84\n|\n|t:|1699937330\n|move|p1a: Blissey|Shadow Ball|p2a: Hatterene\n|-supereffective|p2a: Hatterene\n|-damage|p2a: Hatterene|10\/100\n|-unboost|p2a: Hatterene|spd|1\n|move|p2a: Hatterene|Draining Kiss|p1a: Blissey\n|-supereffective|p1a: Blissey\n|-damage|p1a: Blissey|26\/100\n|-heal|p2a: Hatterene|34\/100|[from] drain|[of] p1a: Blissey\n|\n|upkeep\n|turn|85\n|\n|t:|1699937340\n|switch|p2a: Sneasler|Sneasler, F|50\/100\n|-damage|p2a: Sneasler|33\/100|[from] Spikes\n|move|p1a: Blissey|Shadow Ball|p2a: Sneasler\n|-damage|p2a: Sneasler|0 fnt\n|faint|p2a: Sneasler\n|\n|upkeep\n|\n|t:|1699937341\n|switch|p2a: Zamazenta|Zamazenta|100\/100\n|-damage|p2a: Zamazenta|84\/100|[from] Spikes\n|turn|86\n|\n|t:|1699937345\n|switch|p1a: Toxapex|Toxapex, M|100\/100 brn\n|move|p2a: Zamazenta|Body Press|p1a: Toxapex\n|-resisted|p1a: Toxapex\n|-damage|p1a: Toxapex|85\/100 brn\n|\n|-heal|p2a: Zamazenta|90\/100|[from] item: Leftovers\n|-damage|p1a: Toxapex|78\/100 brn|[from] brn\n|upkeep\n|turn|87\n|\n|t:|1699937357\n|move|p2a: Zamazenta|Iron Defense|p2a: Zamazenta\n|-boost|p2a: Zamazenta|def|2\n|move|p1a: Toxapex|Toxic|p2a: Zamazenta\n|-status|p2a: Zamazenta|tox\n|\n|-heal|p2a: Zamazenta|96\/100 tox|[from] item: Leftovers\n|-damage|p2a: Zamazenta|90\/100 tox|[from] psn\n|-damage|p1a: Toxapex|72\/100 brn|[from] brn\n|upkeep\n|turn|88\n|\n|t:|1699937360\n|move|p2a: Zamazenta|Body Press|p1a: Toxapex\n|-resisted|p1a: Toxapex\n|-damage|p1a: Toxapex|43\/100 brn\n|move|p1a: Toxapex|Haze|p1a: Toxapex\n|-clearallboost\n|\n|-heal|p2a: Zamazenta|96\/100 tox|[from] item: Leftovers\n|-damage|p2a: Zamazenta|84\/100 tox|[from] psn\n|-damage|p1a: Toxapex|37\/100 brn|[from] brn\n|upkeep\n|turn|89\n|\n|t:|1699937368\n|move|p2a: Zamazenta|Iron Defense|p2a: Zamazenta\n|-boost|p2a: Zamazenta|def|2\n|move|p1a: Toxapex|Recover|p1a: Toxapex\n|-heal|p1a: Toxapex|87\/100 brn\n|\n|-heal|p2a: Zamazenta|90\/100 tox|[from] item: Leftovers\n|-damage|p2a: Zamazenta|71\/100 tox|[from] psn\n|-damage|p1a: Toxapex|80\/100 brn|[from] brn\n|upkeep\n|turn|90\n|\n|t:|1699937385\n|move|p2a: Zamazenta|Body Press|p1a: Toxapex\n|-resisted|p1a: Toxapex\n|-damage|p1a: Toxapex|49\/100 brn\n|move|p1a: Toxapex|Haze|p1a: Toxapex\n|-clearallboost\n|\n|-heal|p2a: Zamazenta|78\/100 tox|[from] item: Leftovers\n|-damage|p2a: Zamazenta|53\/100 tox|[from] psn\n|-damage|p1a: Toxapex|43\/100 brn|[from] brn\n|upkeep\n|turn|91\n|c|\u2606Elmendez|tera dark chansey fucks\n|\n|t:|1699937392\n|switch|p2a: Hatterene|Hatterene, F|34\/100\n|-damage|p2a: Hatterene|18\/100|[from] Spikes\n|move|p1a: Toxapex|Recover|p1a: Toxapex\n|-heal|p1a: Toxapex|93\/100 brn\n|\n|-damage|p1a: Toxapex|86\/100 brn|[from] brn\n|upkeep\n|turn|92\n|\n|t:|1699937402\n|switch|p1a: Blissey|Blissey, F, tera:Dark|26\/100\n|move|p2a: Hatterene|Nuzzle|p1a: Blissey\n|-damage|p1a: Blissey|22\/100\n|-status|p1a: Blissey|par\n|\n|upkeep\n|turn|93\n|\n|t:|1699937406\n|move|p2a: Hatterene|Draining Kiss|p1a: Blissey\n|-supereffective|p1a: Blissey\n|-damage|p1a: Blissey|7\/100 par\n|-heal|p2a: Hatterene|40\/100|[from] drain|[of] p1a: Blissey\n|move|p1a: Blissey|Soft-Boiled|p1a: Blissey\n|-heal|p1a: Blissey|57\/100 par\n|\n|upkeep\n|turn|94\n|\n|t:|1699937417\n|switch|p2a: Manaphy|Manaphy|100\/100\n|-damage|p2a: Manaphy|84\/100|[from] Spikes\n|cant|p1a: Blissey|par\n|\n|-heal|p2a: Manaphy|90\/100|[from] item: Leftovers\n|upkeep\n|turn|95\n|\n|t:|1699937421\n|-curestatus|p1a: Blissey|par|[from] ability: Natural Cure\n|switch|p1a: Toxapex|Toxapex, M|100\/100 brn\n|move|p2a: Manaphy|Take Heart|p2a: Manaphy\n|-boost|p2a: Manaphy|spa|1\n|-boost|p2a: Manaphy|spd|1\n|\n|-heal|p2a: Manaphy|97\/100|[from] item: Leftovers\n|-damage|p1a: Toxapex|94\/100 brn|[from] brn\n|upkeep\n|turn|96\n|\n|t:|1699937429\n|move|p2a: Manaphy|Stored Power|p1a: Toxapex\n|-supereffective|p1a: Toxapex\n|-damage|p1a: Toxapex|68\/100 brn\n|move|p1a: Toxapex|Haze|p1a: Toxapex\n|-clearallboost\n|\n|-heal|p2a: Manaphy|100\/100|[from] item: Leftovers\n|-damage|p1a: Toxapex|62\/100 brn|[from] brn\n|upkeep\n|turn|97\n|\n|t:|1699937437\n|-terastallize|p2a: Manaphy|Poison\n|move|p2a: Manaphy|Acid Armor|p2a: Manaphy\n|-boost|p2a: Manaphy|def|2\n|move|p1a: Toxapex|Toxic|p2a: Manaphy\n|-immune|p2a: Manaphy\n|\n|-damage|p1a: Toxapex|55\/100 brn|[from] brn\n|upkeep\n|turn|98\n|\n|t:|1699937445\n|move|p2a: Manaphy|Stored Power|p1a: Toxapex\n|-supereffective|p1a: Toxapex\n|-damage|p1a: Toxapex|38\/100 brn\n|move|p1a: Toxapex|Haze|p1a: Toxapex\n|-clearallboost\n|\n|-damage|p1a: Toxapex|32\/100 brn|[from] brn\n|upkeep\n|turn|99\n|\n|t:|1699937452\n|switch|p1a: Blissey|Blissey, F, tera:Dark|57\/100\n|move|p2a: Manaphy|Take Heart|p2a: Manaphy\n|-boost|p2a: Manaphy|spa|1\n|-boost|p2a: Manaphy|spd|1\n|\n|upkeep\n|turn|100\n|\n|t:|1699937457\n|move|p2a: Manaphy|Take Heart|p2a: Manaphy\n|-boost|p2a: Manaphy|spa|1\n|-boost|p2a: Manaphy|spd|1\n|move|p1a: Blissey|Calm Mind|p1a: Blissey\n|-boost|p1a: Blissey|spa|1\n|-boost|p1a: Blissey|spd|1\n|\n|upkeep\n|turn|101\n|\n|t:|1699937459\n|move|p2a: Manaphy|Take Heart|p2a: Manaphy\n|-boost|p2a: Manaphy|spa|1\n|-boost|p2a: Manaphy|spd|1\n|move|p1a: Blissey|Calm Mind|p1a: Blissey\n|-boost|p1a: Blissey|spa|1\n|-boost|p1a: Blissey|spd|1\n|\n|upkeep\n|turn|102\n|\n|t:|1699937463\n|move|p2a: Manaphy|Take Heart|p2a: Manaphy\n|-boost|p2a: Manaphy|spa|1\n|-boost|p2a: Manaphy|spd|1\n|move|p1a: Blissey|Calm Mind|p1a: Blissey\n|-boost|p1a: Blissey|spa|1\n|-boost|p1a: Blissey|spd|1\n|\n|upkeep\n|turn|103\n|\n|t:|1699937464\n|move|p2a: Manaphy|Take Heart|p2a: Manaphy\n|-boost|p2a: Manaphy|spa|1\n|-boost|p2a: Manaphy|spd|1\n|move|p1a: Blissey|Calm Mind|p1a: Blissey\n|-boost|p1a: Blissey|spa|1\n|-boost|p1a: Blissey|spd|1\n|\n|upkeep\n|turn|104\n|\n|t:|1699937466\n|move|p2a: Manaphy|Take Heart|p2a: Manaphy\n|-boost|p2a: Manaphy|spa|1\n|-boost|p2a: Manaphy|spd|1\n|move|p1a: Blissey|Calm Mind|p1a: Blissey\n|-boost|p1a: Blissey|spa|1\n|-boost|p1a: Blissey|spd|1\n|\n|upkeep\n|turn|105\n|\n|t:|1699937468\n|move|p2a: Manaphy|Scald|p1a: Blissey\n|-damage|p1a: Blissey|48\/100\n|move|p1a: Blissey|Calm Mind|p1a: Blissey\n|-boost|p1a: Blissey|spa|1\n|-boost|p1a: Blissey|spd|1\n|\n|upkeep\n|turn|106\n|\n|t:|1699937474\n|move|p2a: Manaphy|Scald|p1a: Blissey\n|-damage|p1a: Blissey|39\/100\n|-status|p1a: Blissey|brn\n|move|p1a: Blissey|Shadow Ball|p2a: Manaphy\n|-damage|p2a: Manaphy|88\/100\n|-unboost|p2a: Manaphy|spd|1\n|\n|-heal|p2a: Manaphy|94\/100|[from] item: Leftovers\n|-damage|p1a: Blissey|33\/100 brn|[from] brn\n|upkeep\n|turn|107\n|\n|t:|1699937492\n|-curestatus|p1a: Blissey|brn|[from] ability: Natural Cure\n|switch|p1a: Dondozo|Dondozo, F|78\/100\n|move|p2a: Manaphy|Scald|p1a: Dondozo\n|-resisted|p1a: Dondozo\n|-damage|p1a: Dondozo|64\/100\n|\n|-heal|p2a: Manaphy|99\/100|[from] item: Leftovers\n|upkeep\n|turn|108\n|\n|t:|1699937499\n|switch|p1a: Blissey|Blissey, F, tera:Dark|33\/100\n|move|p2a: Manaphy|Stored Power|p1a: Blissey\n|-immune|p1a: Blissey\n|\n|-heal|p2a: Manaphy|100\/100|[from] item: Leftovers\n|upkeep\n|turn|109\n|\n|t:|1699937505\n|switch|p1a: Dondozo|Dondozo, F|64\/100\n|move|p2a: Manaphy|Scald|p1a: Dondozo\n|-resisted|p1a: Dondozo\n|-damage|p1a: Dondozo|52\/100\n|-status|p1a: Dondozo|brn\n|\n|-damage|p1a: Dondozo|46\/100 brn|[from] brn\n|upkeep\n|turn|110\n|\n|t:|1699937509\n|move|p2a: Manaphy|Acid Armor|p2a: Manaphy\n|-boost|p2a: Manaphy|def|2\n|move|p1a: Dondozo|Rest|p1a: Dondozo\n|-status|p1a: Dondozo|slp|[from] move: Rest\n|-heal|p1a: Dondozo|100\/100 slp|[silent]\n|\n|upkeep\n|turn|111\n|\n|t:|1699937516\n|switch|p1a: Blissey|Blissey, F, tera:Dark|33\/100\n|move|p2a: Manaphy|Acid Armor|p2a: Manaphy\n|-boost|p2a: Manaphy|def|2\n|\n|upkeep\n|turn|112\n|\n|t:|1699937521\n|switch|p1a: Dondozo|Dondozo, F|100\/100 slp\n|move|p2a: Manaphy|Scald|p1a: Dondozo\n|-resisted|p1a: Dondozo\n|-damage|p1a: Dondozo|87\/100 slp\n|\n|upkeep\n|turn|113\n|\n|t:|1699937529\n|switch|p2a: Zamazenta|Zamazenta|53\/100 tox\n|-damage|p2a: Zamazenta|36\/100 tox|[from] Spikes\n|cant|p1a: Dondozo|slp\n|move|p1a: Dondozo|Sleep Talk|p1a: Dondozo\n|move|p1a: Dondozo|Rest||[from]move: Sleep Talk|[still]\n|-fail|p1a: Dondozo\n|\n|-heal|p2a: Zamazenta|42\/100 tox|[from] item: Leftovers\n|-damage|p2a: Zamazenta|36\/100 tox|[from] psn\n|upkeep\n|turn|114\n|\n|t:|1699937536\n|switch|p2a: Manaphy|Manaphy, tera:Poison|100\/100\n|-damage|p2a: Manaphy|84\/100|[from] Spikes\n|cant|p1a: Dondozo|slp\n|move|p1a: Dondozo|Sleep Talk|p1a: Dondozo\n|move|p1a: Dondozo|Body Press|p2a: Manaphy|[from]move: Sleep Talk\n|-resisted|p2a: Manaphy\n|-damage|p2a: Manaphy|74\/100\n|\n|-heal|p2a: Manaphy|81\/100|[from] item: Leftovers\n|upkeep\n|turn|115\n|\n|t:|1699937543\n|switch|p1a: Talonflame|Talonflame, F|24\/100 psn\n|move|p2a: Manaphy|Take Heart|p2a: Manaphy\n|-boost|p2a: Manaphy|spa|1\n|-boost|p2a: Manaphy|spd|1\n|\n|-heal|p2a: Manaphy|87\/100|[from] item: Leftovers\n|-damage|p1a: Talonflame|12\/100 psn|[from] psn\n|upkeep\n|turn|116\n|\n|t:|1699937550\n|move|p2a: Manaphy|Take Heart|p2a: Manaphy\n|-boost|p2a: Manaphy|spa|1\n|-boost|p2a: Manaphy|spd|1\n|move|p1a: Talonflame|Will-O-Wisp|p2a: Manaphy\n|-status|p2a: Manaphy|brn\n|\n|-heal|p2a: Manaphy|93\/100 brn|[from] item: Leftovers\n|-damage|p1a: Talonflame|0 fnt|[from] psn\n|faint|p1a: Talonflame\n|-damage|p2a: Manaphy|87\/100 brn|[from] brn\n|upkeep\n|\n|t:|1699937558\n|switch|p1a: Toxapex|Toxapex, M|65\/100 brn\n|turn|117\n|\n|t:|1699937562\n|move|p2a: Manaphy|Stored Power|p1a: Toxapex\n|-supereffective|p1a: Toxapex\n|-damage|p1a: Toxapex|4\/100 brn\n|move|p1a: Toxapex|Haze|p1a: Toxapex\n|-clearallboost\n|\n|-heal|p2a: Manaphy|93\/100 brn|[from] item: Leftovers\n|-damage|p2a: Manaphy|87\/100 brn|[from] brn\n|-damage|p1a: Toxapex|0 fnt|[from] brn\n|faint|p1a: Toxapex\n|upkeep\n|\n|t:|1699937569\n|switch|p1a: Dondozo|Dondozo, F|87\/100 slp\n|turn|118\n|\n|t:|1699937576\n|move|p2a: Manaphy|Take Heart|p2a: Manaphy\n|-boost|p2a: Manaphy|spa|1\n|-boost|p2a: Manaphy|spd|1\n|-curestatus|p2a: Manaphy|brn|[msg]\n|-curestatus|p1a: Dondozo|slp|[msg]\n|move|p1a: Dondozo|Avalanche|p2a: Manaphy\n|-damage|p2a: Manaphy|76\/100\n|\n|-heal|p2a: Manaphy|82\/100|[from] item: Leftovers\n|upkeep\n|turn|119\n|\n|t:|1699937582\n|move|p2a: Manaphy|Take Heart|p2a: Manaphy\n|-boost|p2a: Manaphy|spa|1\n|-boost|p2a: Manaphy|spd|1\n|move|p1a: Dondozo|Avalanche|p2a: Manaphy\n|-damage|p2a: Manaphy|72\/100\n|\n|-heal|p2a: Manaphy|78\/100|[from] item: Leftovers\n|upkeep\n|turn|120\n|\n|t:|1699937593\n|switch|p1a: Blissey|Blissey, F, tera:Dark|33\/100\n|move|p2a: Manaphy|Stored Power|p1a: Blissey\n|-immune|p1a: Blissey\n|\n|-heal|p2a: Manaphy|84\/100|[from] item: Leftovers\n|upkeep\n|turn|121\n|\n|t:|1699937602\n|move|p2a: Manaphy|Take Heart|p2a: Manaphy\n|-boost|p2a: Manaphy|spa|1\n|-boost|p2a: Manaphy|spd|1\n|move|p1a: Blissey|Calm Mind|p1a: Blissey\n|-boost|p1a: Blissey|spa|1\n|-boost|p1a: Blissey|spd|1\n|\n|-heal|p2a: Manaphy|91\/100|[from] item: Leftovers\n|upkeep\n|turn|122\n|\n|t:|1699937605\n|move|p2a: Manaphy|Take Heart|p2a: Manaphy\n|-boost|p2a: Manaphy|spa|1\n|-boost|p2a: Manaphy|spd|1\n|move|p1a: Blissey|Calm Mind|p1a: Blissey\n|-boost|p1a: Blissey|spa|1\n|-boost|p1a: Blissey|spd|1\n|\n|-heal|p2a: Manaphy|97\/100|[from] item: Leftovers\n|upkeep\n|turn|123\n|\n|t:|1699937610\n|move|p2a: Manaphy|Take Heart|p2a: Manaphy\n|-boost|p2a: Manaphy|spa|1\n|-boost|p2a: Manaphy|spd|1\n|move|p1a: Blissey|Calm Mind|p1a: Blissey\n|-boost|p1a: Blissey|spa|1\n|-boost|p1a: Blissey|spd|1\n|\n|-heal|p2a: Manaphy|100\/100|[from] item: Leftovers\n|upkeep\n|turn|124\n|\n|t:|1699937614\n|switch|p1a: Dondozo|Dondozo, F|87\/100\n|move|p2a: Manaphy|Take Heart|p2a: Manaphy\n|-boost|p2a: Manaphy|spa|1\n|-boost|p2a: Manaphy|spd|1\n|\n|upkeep\n|turn|125\n|\n|t:|1699937620\n|move|p2a: Manaphy|Acid Armor|p2a: Manaphy\n|-boost|p2a: Manaphy|def|2\n|move|p1a: Dondozo|Avalanche|p2a: Manaphy\n|-damage|p2a: Manaphy|91\/100\n|\n|-heal|p2a: Manaphy|97\/100|[from] item: Leftovers\n|upkeep\n|turn|126\n|\n|t:|1699937626\n|move|p2a: Manaphy|Acid Armor|p2a: Manaphy\n|-boost|p2a: Manaphy|def|2\n|move|p1a: Dondozo|Avalanche|p2a: Manaphy\n|-damage|p2a: Manaphy|85\/100\n|\n|-heal|p2a: Manaphy|91\/100|[from] item: Leftovers\n|upkeep\n|turn|127\n|\n|t:|1699937628\n|switch|p1a: Blissey|Blissey, F, tera:Dark|33\/100\n|move|p2a: Manaphy|Scald|p1a: Blissey\n|-damage|p1a: Blissey|0 fnt\n|faint|p1a: Blissey\n|\n|-heal|p2a: Manaphy|98\/100|[from] item: Leftovers\n|upkeep\n|\n|t:|1699937630\n|switch|p1a: Dondozo|Dondozo, F|87\/100\n|turn|128\n|c|\u2606balls1291|GET FUCKED\n|c|\u2606balls1291|PIECE OF SHIT\n|c|\u2606Elmendez|someone is mad\n|c|\u2606Elmendez|LOL\n|\n|t:|1699937642\n|move|p2a: Manaphy|Stored Power|p1a: Dondozo\n|-damage|p1a: Dondozo|16\/100\n|move|p1a: Dondozo|Rest|p1a: Dondozo\n|-status|p1a: Dondozo|slp|[from] move: Rest\n|-heal|p1a: Dondozo|100\/100 slp|[silent]\n|\n|-heal|p2a: Manaphy|100\/100|[from] item: Leftovers\n|upkeep\n|turn|129\n|c|\u2606balls1291|NEVER\n|c|\u2606balls1291|PLAYU\n|c|\u2606balls1291|THIS\n|c|\u2606balls1291|GAME\n|c|\u2606balls1291|AGAIN\n|c|\u2606Elmendez|i think i will :)\n|c|\u2606Elmendez|ty for the rage clip <3\n|inactive|Elmendez has 120 seconds left.\n|inactive|Elmendez has 90 seconds left.\n|inactive|Elmendez has 60 seconds left.\n|\n|t:|1699937731\n|move|p2a: Manaphy|Stored Power|p1a: Dondozo\n|-damage|p1a: Dondozo|20\/100 slp\n|cant|p1a: Dondozo|slp\n|move|p1a: Dondozo|Sleep Talk|p1a: Dondozo\n|move|p1a: Dondozo|Rest||[from]move: Sleep Talk|[still]\n|-fail|p1a: Dondozo\n|\n|upkeep\n|turn|130\n|inactive|Elmendez has 60 seconds left.\n|inactive|Elmendez has 30 seconds left.\n|inactive|Elmendez has 20 seconds left.\n|c|\u2606balls1291|!dt ledyba\n|raw|<div class=\"message\"><ul class=\"utilichart\"><li class=\"result\"><span class=\"col numcol\">Illegal<\/span> <span class=\"col iconcol\"><psicon pokemon=\"ledyba\"\/><\/span> <span class=\"col pokemonnamecol\" style=\"white-space:nowrap\"><a href=\"https:\/\/dex.pokemonshowdown.com\/pokemon\/ledyba\" target=\"_blank\">Ledyba<\/a><\/span> <span class=\"col typecol\"><img src=\"https:\/\/play.pokemonshowdown.com\/sprites\/types\/Bug.png\" alt=\"Bug\" height=\"14\" width=\"32\"><img src=\"https:\/\/play.pokemonshowdown.com\/sprites\/types\/Flying.png\" alt=\"Flying\" height=\"14\" width=\"32\"><\/span> <span style=\"float:left;min-height:26px\"><span class=\"col twoabilitycol\">Swarm<br \/>Early Bird<\/span><span class=\"col abilitycol\"><em>Rattled<\/em><\/span><\/span><span style=\"float:left;min-height:26px\"><span class=\"col statcol\"><em>HP<\/em><br \/>40<\/span> <span class=\"col statcol\"><em>Atk<\/em><br \/>20<\/span> <span class=\"col statcol\"><em>Def<\/em><br \/>30<\/span> <span class=\"col statcol\"><em>SpA<\/em><br \/>40<\/span> <span class=\"col statcol\"><em>SpD<\/em><br \/>80<\/span> <span class=\"col statcol\"><em>Spe<\/em><br \/>55<\/span> <span class=\"col bstcol\"><em>BST<br \/>265<\/em><\/span> <\/span><\/li><li style=\"clear:both\"><\/li><\/ul><\/div>\n|raw|<font size=\"1\"><font color=\"#686868\">Dex#:<\/font> 165&nbsp;|&ThickSpace;<font color=\"#686868\">Gen:<\/font> 2&nbsp;|&ThickSpace;<font color=\"#686868\">Height:<\/font> 1 m&nbsp;|&ThickSpace;<font color=\"#686868\">Weight:<\/font> 10.8 kg <em>(40 BP)<\/em>&nbsp;|&ThickSpace;<font color=\"#686868\">Dex Colour:<\/font> Red&nbsp;|&ThickSpace;<font color=\"#686868\">Egg Group(s):<\/font> Bug&nbsp;|&ThickSpace;<font color=\"#686868\">Evolution:<\/font> Ledian (18)<\/font>\n\n|inactive|Elmendez has 15 seconds left.\n|inactive|Elmendez has 10 seconds left.\n|inactive|Elmendez has 5 seconds left.\n|\n|t:|1699937792\n|move|p2a: Manaphy|Stored Power|p1a: Dondozo\n|-damage|p1a: Dondozo|0 fnt\n|faint|p1a: Dondozo\n|\n|win|balls1291\n|inactive|Elmendez has 10 seconds left this turn.\n|raw|Elmendez's rating: 1558 &rarr; <strong>1533<\/strong><br \/>(-25 for losing)\n|raw|balls1291's rating: 1467 &rarr; <strong>1492<\/strong><br \/>(+25 for winning)\n|c|\u2606Elmendez|great mon\n|l|\u2606Elmendez\n","uploadtime":1699937389,"views":23,"p1id":"elmendez","p2id":"balls1291","formatid":"gen9ou","rating":1492,"private":0,"password":""}