{"id":"gen9ou-2000000808","p1":"Charmalane","p2":"dnites2","format":"[Gen 9] OU","log":"|j|\u2606Charmalane\n|j|\u2606dnites2\n|t:|1701139635\n|gametype|singles\n|player|p1|Charmalane|brawly|1669\n|player|p2|dnites2|266|1705\n|teamsize|p1|6\n|teamsize|p2|6\n|gen|9\n|tier|[Gen 9] OU\n|rated|\n|rule|Sleep Clause Mod: Limit one foe put to sleep\n|rule|Species Clause: Limit one of each Pok\u00e9mon\n|rule|OHKO Clause: OHKO moves are banned\n|rule|Evasion Items Clause: Evasion items are banned\n|rule|Evasion Moves Clause: Evasion moves are banned\n|rule|Endless Battle Clause: Forcing endless battles is banned\n|rule|HP Percentage Mod: HP is shown in percentages\n|clearpoke\n|poke|p1|Pelipper, M|\n|poke|p1|Barraskewda, M|\n|poke|p1|Zapdos|\n|poke|p1|Kingambit, M|\n|poke|p1|Iron Treads|\n|poke|p1|Slowking-Galar, M|\n|poke|p2|Rillaboom, M|\n|poke|p2|Ogerpon, F|\n|poke|p2|Hawlucha, F|\n|poke|p2|Goodra-Hisui, M|\n|poke|p2|Walking Wake|\n|poke|p2|Fezandipiti, M|\n|teampreview\n|inactive|Battle timer is ON: inactive players will automatically lose when time's up. (requested by dnites2)\n|\n|t:|1701139664\n|start\n|switch|p1a: Androidon|Iron Treads|100\/100\n|switch|p2a: Rillaboom|Rillaboom, M|100\/100\n|-fieldstart|move: Grassy Terrain|[from] ability: Grassy Surge|[of] p2a: Rillaboom\n|turn|1\n|\n|t:|1701139674\n|move|p1a: Androidon|Stealth Rock|p2a: Rillaboom\n|-sidestart|p2: dnites2|move: Stealth Rock\n|move|p2a: Rillaboom|U-turn|p1a: Androidon\n|-resisted|p1a: Androidon\n|-damage|p1a: Androidon|94\/100\n|\n|t:|1701139681\n|switch|p2a: Ogerpon|Ogerpon, F|100\/100|[from] U-turn\n|-damage|p2a: Ogerpon|88\/100|[from] Stealth Rock\n|\n|-heal|p2a: Ogerpon|94\/100|[from] Grassy Terrain\n|-heal|p1a: Androidon|99\/100|[from] Grassy Terrain\n|-heal|p1a: Androidon|100\/100|[from] item: Leftovers\n|upkeep\n|turn|2\n|j| NicksRokaya\n|\n|t:|1701139695\n|move|p2a: Ogerpon|Swords Dance|p2a: Ogerpon\n|-boost|p2a: Ogerpon|atk|2\n|move|p1a: Androidon|Volt Switch|p2a: Ogerpon\n|-resisted|p2a: Ogerpon\n|-damage|p2a: Ogerpon|88\/100\n|c|\u2606dnites2|Gimme zapdos\n|inactive|Charmalane has 120 seconds left.\n|inactive|Charmalane has 90 seconds left.\n|\n|t:|1701139751\n|-end|p1a: Androidon|Quark Drive|[silent]\n|switch|p1a: Phoenix|Pelipper, M|100\/100|[from] Volt Switch\n|-weather|RainDance|[from] ability: Drizzle|[of] p1a: Phoenix\n|\n|-weather|RainDance|[upkeep]\n|-heal|p2a: Ogerpon|94\/100|[from] Grassy Terrain\n|upkeep\n|turn|3\n|inactive|Charmalane has 90 seconds left.\n|\n|t:|1701139773\n|move|p2a: Ogerpon|Ivy Cudgel|p1a: Phoenix\n|-damage|p1a: Phoenix|2\/100\n|move|p1a: Phoenix|U-turn|p2a: Ogerpon\n|-supereffective|p2a: Ogerpon\n|-damage|p2a: Ogerpon|69\/100\n|\n|t:|1701139780\n|switch|p1a: Enguarde|Barraskewda, M|100\/100|[from] U-turn\n|\n|-weather|RainDance|[upkeep]\n|-heal|p2a: Ogerpon|75\/100|[from] Grassy Terrain\n|upkeep\n|turn|4\n|c|\u2606dnites2|Zapdos\n|\n|t:|1701139809\n|-terastallize|p1a: Enguarde|Water\n|move|p1a: Enguarde|Liquidation|p2a: Ogerpon\n|-resisted|p2a: Ogerpon\n|-damage|p2a: Ogerpon|0 fnt\n|faint|p2a: Ogerpon\n|\n|-weather|RainDance|[upkeep]\n|upkeep\n|\n|t:|1701139829\n|switch|p2a: Walking Wake|Walking Wake|100\/100\n|-damage|p2a: Walking Wake|88\/100|[from] Stealth Rock\n|turn|5\n|inactive|Charmalane has 60 seconds left.\n|\n|t:|1701139861\n|switch|p1a: Androidon|Iron Treads|100\/100\n|move|p2a: Walking Wake|Scald|p1a: Androidon\n|-supereffective|p1a: Androidon\n|-damage|p1a: Androidon|0 fnt\n|faint|p1a: Androidon\n|-end|p1a: Androidon|Quark Drive|[silent]\n|\n|-weather|RainDance|[upkeep]\n|-heal|p2a: Walking Wake|94\/100|[from] Grassy Terrain\n|upkeep\n|\n|t:|1701139865\n|switch|p1a: Nautilus|Slowking-Galar, M|100\/100\n|turn|6\n|inactive|Charmalane has 60 seconds left.\n|\n|t:|1701139899\n|move|p2a: Walking Wake|Scald|p1a: Nautilus\n|-damage|p1a: Nautilus|69\/100\n|move|p1a: Nautilus|Sludge Bomb|p2a: Walking Wake\n|-damage|p2a: Walking Wake|51\/100\n|\n|-weather|RainDance|[upkeep]\n|-heal|p2a: Walking Wake|57\/100|[from] Grassy Terrain\n|-heal|p1a: Nautilus|75\/100|[from] Grassy Terrain\n|upkeep\n|turn|7\n|\n|t:|1701139911\n|move|p2a: Walking Wake|Flip Turn|p1a: Nautilus\n|-damage|p1a: Nautilus|52\/100\n|\n|t:|1701139917\n|-end|p2a: Walking Wake|Protosynthesis|[silent]\n|switch|p2a: Goodra|Goodra-Hisui, M|100\/100|[from] Flip Turn\n|-damage|p2a: Goodra|94\/100|[from] Stealth Rock\n|move|p1a: Nautilus|Sludge Bomb|p2a: Goodra\n|-immune|p2a: Goodra\n|\n|-weather|RainDance|[upkeep]\n|-heal|p2a: Goodra|100\/100|[from] Grassy Terrain\n|-heal|p1a: Nautilus|58\/100|[from] Grassy Terrain\n|upkeep\n|turn|8\n|\n|t:|1701139931\n|switch|p1a: Shredder|Kingambit, M, shiny|100\/100\n|-activate|p1a: Shredder|ability: Supreme Overlord\n|-start|p1a: Shredder|fallen1|[silent]\n|move|p2a: Goodra|Dragon Tail|p1a: Shredder\n|-resisted|p1a: Shredder\n|-damage|p1a: Shredder|93\/100\n|-end|p1a: Shredder|fallen1|[silent]\n|drag|p1a: Chocobo|Zapdos|100\/100\n|\n|-weather|RainDance|[upkeep]\n|-fieldend|move: Grassy Terrain\n|upkeep\n|turn|9\n|j| SwabbyYabby\n|j| I Like DS the 2nd\n|\n|t:|1701139946\n|switch|p1a: Shredder|Kingambit, M, shiny|93\/100\n|-activate|p1a: Shredder|ability: Supreme Overlord\n|-start|p1a: Shredder|fallen1|[silent]\n|move|p2a: Goodra|Ice Beam|p1a: Shredder\n|-resisted|p1a: Shredder\n|-damage|p1a: Shredder|81\/100\n|-status|p1a: Shredder|frz\n|-enditem|p1a: Shredder|Lum Berry|[eat]\n|-curestatus|p1a: Shredder|frz|[msg]\n|\n|-weather|none\n|upkeep\n|turn|10\n|\n|t:|1701139958\n|move|p1a: Shredder|Low Kick|p2a: Goodra\n|-supereffective|p2a: Goodra\n|-damage|p2a: Goodra|34\/100\n|-ability|p2a: Goodra|Gooey\n|-unboost|p1a: Shredder|spe|1\n|move|p2a: Goodra|Fire Blast|p1a: Shredder\n|-supereffective|p1a: Shredder\n|-damage|p1a: Shredder|18\/100\n|\n|upkeep\n|turn|11\n|\n|t:|1701139976\n|switch|p2a: Rillaboom|Rillaboom, M|100\/100\n|-damage|p2a: Rillaboom|88\/100|[from] Stealth Rock\n|-fieldstart|move: Grassy Terrain|[from] ability: Grassy Surge|[of] p2a: Rillaboom\n|move|p1a: Shredder|Kowtow Cleave|p2a: Rillaboom\n|-damage|p2a: Rillaboom|54\/100\n|\n|-heal|p2a: Rillaboom|60\/100|[from] Grassy Terrain\n|-heal|p1a: Shredder|25\/100|[from] Grassy Terrain\n|upkeep\n|turn|12\n|\n|t:|1701139994\n|move|p1a: Shredder|Sucker Punch|p2a: Rillaboom\n|-damage|p2a: Rillaboom|32\/100\n|move|p2a: Rillaboom|U-turn|p1a: Shredder\n|-damage|p1a: Shredder|10\/100\n|\n|t:|1701140002\n|switch|p2a: Fezandipiti|Fezandipiti, M|100\/100|[from] U-turn\n|-damage|p2a: Fezandipiti|88\/100|[from] Stealth Rock\n|\n|-heal|p2a: Fezandipiti|94\/100|[from] Grassy Terrain\n|-heal|p1a: Shredder|16\/100|[from] Grassy Terrain\n|upkeep\n|turn|13\n|inactive|Charmalane has 30 seconds left.\n|\n|t:|1701140032\n|-end|p1a: Shredder|fallen1|[silent]\n|switch|p1a: Nautilus|Slowking-Galar, M|91\/100\n|move|p2a: Fezandipiti|Play Rough|p1a: Nautilus\n|-resisted|p1a: Nautilus\n|-damage|p1a: Nautilus|75\/100\n|\n|-heal|p2a: Fezandipiti|99\/100|[from] Grassy Terrain\n|-heal|p1a: Nautilus|81\/100|[from] Grassy Terrain\n|upkeep\n|turn|14\n|inactive|Charmalane has 30 seconds left.\n|\n|t:|1701140043\n|move|p2a: Fezandipiti|U-turn|p1a: Nautilus\n|-damage|p1a: Nautilus|65\/100\n|\n|t:|1701140047\n|switch|p2a: Goodra|Goodra-Hisui, M|34\/100|[from] U-turn\n|-damage|p2a: Goodra|28\/100|[from] Stealth Rock\n|move|p1a: Nautilus|Future Sight|p2a: Goodra\n|-start|p1a: Nautilus|move: Future Sight\n|\n|-heal|p2a: Goodra|34\/100|[from] Grassy Terrain\n|-heal|p1a: Nautilus|71\/100|[from] Grassy Terrain\n|upkeep\n|turn|15\n|inactive|Charmalane has 30 seconds left.\n|inactive|Charmalane has 20 seconds left.\n|l| I Like DS the 2nd\n|inactive|Charmalane has 15 seconds left.\n|\n|t:|1701140081\n|switch|p1a: Phoenix|Pelipper, M|2\/100\n|-weather|RainDance|[from] ability: Drizzle|[of] p1a: Phoenix\n|move|p2a: Goodra|Dragon Tail|p1a: Phoenix|[miss]\n|-miss|p2a: Goodra|p1a: Phoenix\n|\n|-weather|RainDance|[upkeep]\n|-heal|p2a: Goodra|40\/100|[from] Grassy Terrain\n|upkeep\n|turn|16\n|inactive|Charmalane has 25 seconds left this turn.\n|inactive|Charmalane has 20 seconds left.\n|\n|t:|1701140091\n|switch|p1a: Shredder|Kingambit, M, shiny|16\/100\n|-activate|p1a: Shredder|ability: Supreme Overlord\n|-start|p1a: Shredder|fallen1|[silent]\n|move|p2a: Goodra|Dragon Tail|p1a: Shredder\n|-resisted|p1a: Shredder\n|-damage|p1a: Shredder|9\/100\n|-end|p1a: Shredder|fallen1|[silent]\n|drag|p1a: Chocobo|Zapdos|100\/100\n|\n|-weather|RainDance|[upkeep]\n|-end|p2a: Goodra|move: Future Sight\n|-resisted|p2a: Goodra\n|-damage|p2a: Goodra|29\/100\n|-heal|p2a: Goodra|35\/100|[from] Grassy Terrain\n|upkeep\n|turn|17\n|inactive|Charmalane has 30 seconds left this turn.\n|inactive|Charmalane has 20 seconds left.\n|\n|t:|1701140108\n|switch|p1a: Shredder|Kingambit, M, shiny|9\/100\n|-activate|p1a: Shredder|ability: Supreme Overlord\n|-start|p1a: Shredder|fallen1|[silent]\n|move|p2a: Goodra|Ice Beam|p1a: Shredder\n|-resisted|p1a: Shredder\n|-damage|p1a: Shredder|0 fnt\n|faint|p1a: Shredder\n|-end|p1a: Shredder|fallen1|[silent]\n|\n|-weather|RainDance|[upkeep]\n|-heal|p2a: Goodra|41\/100|[from] Grassy Terrain\n|upkeep\n|inactive|Charmalane has 25 seconds left this turn.\n|inactive|Charmalane has 20 seconds left.\n|inactive|Charmalane has 15 seconds left.\n|inactive|Charmalane has 10 seconds left.\n|\n|t:|1701140125\n|switch|p1a: Enguarde|Barraskewda, M, tera:Water|100\/100\n|turn|18\n|inactive|Charmalane has 20 seconds left this turn.\n|inactive|Charmalane has 15 seconds left.\n|\n|t:|1701140145\n|switch|p2a: Walking Wake|Walking Wake|57\/100\n|-damage|p2a: Walking Wake|45\/100|[from] Stealth Rock\n|move|p1a: Enguarde|Close Combat|p2a: Walking Wake\n|-damage|p2a: Walking Wake|0 fnt\n|-unboost|p1a: Enguarde|def|1\n|-unboost|p1a: Enguarde|spd|1\n|faint|p2a: Walking Wake\n|-end|p2a: Walking Wake|Protosynthesis|[silent]\n|\n|-weather|RainDance|[upkeep]\n|-fieldend|move: Grassy Terrain\n|upkeep\n|inactive|Charmalane has 20 seconds left this turn.\n|\n|t:|1701140157\n|switch|p2a: Hawlucha|Hawlucha, F|100\/100\n|-damage|p2a: Hawlucha|88\/100|[from] Stealth Rock\n|turn|19\n|inactive|Charmalane has 30 seconds left this turn.\n|j| MVdunder\n|\n|t:|1701140166\n|switch|p1a: Chocobo|Zapdos|100\/100\n|switch|p2a: Rillaboom|Rillaboom, M|32\/100\n|-damage|p2a: Rillaboom|19\/100|[from] Stealth Rock\n|-fieldstart|move: Grassy Terrain|[from] ability: Grassy Surge|[of] p2a: Rillaboom\n|\n|-weather|RainDance|[upkeep]\n|-heal|p2a: Rillaboom|25\/100|[from] Grassy Terrain\n|upkeep\n|turn|20\n|inactive|Charmalane has 30 seconds left.\n|\n|t:|1701140179\n|switch|p2a: Fezandipiti|Fezandipiti, M|99\/100\n|-damage|p2a: Fezandipiti|88\/100|[from] Stealth Rock\n|move|p1a: Chocobo|Hurricane|p2a: Fezandipiti\n|-damage|p2a: Fezandipiti|49\/100\n|\n|-weather|RainDance|[upkeep]\n|-heal|p2a: Fezandipiti|55\/100|[from] Grassy Terrain\n|upkeep\n|turn|21\n|inactive|Charmalane has 30 seconds left.\n|inactive|Charmalane has 20 seconds left.\n|\n|t:|1701140197\n|switch|p1a: Nautilus|Slowking-Galar, M|100\/100\n|move|p2a: Fezandipiti|Roost|p2a: Fezandipiti\n|-heal|p2a: Fezandipiti|100\/100\n|-singleturn|p2a: Fezandipiti|move: Roost\n|\n|-weather|RainDance|[upkeep]\n|upkeep\n|turn|22\n|inactive|Charmalane has 30 seconds left this turn.\n|\n|t:|1701140206\n|move|p2a: Fezandipiti|U-turn|p1a: Nautilus\n|-damage|p1a: Nautilus|85\/100\n|inactive|Charmalane has 30 seconds left this turn.\n|\n|t:|1701140208\n|switch|p2a: Goodra|Goodra-Hisui, M|41\/100|[from] U-turn\n|-damage|p2a: Goodra|35\/100|[from] Stealth Rock\n|move|p1a: Nautilus|Future Sight|p2a: Goodra\n|-start|p1a: Nautilus|move: Future Sight\n|\n|-weather|none\n|-heal|p2a: Goodra|41\/100|[from] Grassy Terrain\n|-heal|p1a: Nautilus|91\/100|[from] Grassy Terrain\n|upkeep\n|turn|23\n|inactive|Charmalane has 30 seconds left.\n|inactive|Charmalane has 20 seconds left.\n|\n|t:|1701140232\n|switch|p1a: Phoenix|Pelipper, M|2\/100\n|-weather|RainDance|[from] ability: Drizzle|[of] p1a: Phoenix\n|move|p2a: Goodra|Ice Beam|p1a: Phoenix\n|-damage|p1a: Phoenix|0 fnt\n|faint|p1a: Phoenix\n|\n|-weather|RainDance|[upkeep]\n|-heal|p2a: Goodra|47\/100|[from] Grassy Terrain\n|upkeep\n|inactive|Charmalane has 25 seconds left this turn.\n|\n|t:|1701140234\n|switch|p1a: Enguarde|Barraskewda, M, tera:Water|100\/100\n|turn|24\n|\n|t:|1701140248\n|move|p1a: Enguarde|Flip Turn|p2a: Goodra\n|-resisted|p2a: Goodra\n|-damage|p2a: Goodra|12\/100\n|-ability|p2a: Goodra|Gooey\n|-unboost|p1a: Enguarde|spe|1\n|inactive|Charmalane has 30 seconds left.\n|\n|t:|1701140263\n|switch|p1a: Nautilus|Slowking-Galar, M|100\/100|[from] Flip Turn\n|move|p2a: Goodra|Dragon Tail|p1a: Nautilus\n|-damage|p1a: Nautilus|81\/100\n|drag|p1a: Enguarde|Barraskewda, M, tera:Water|100\/100\n|\n|-weather|RainDance|[upkeep]\n|-end|p2a: Goodra|move: Future Sight\n|-resisted|p2a: Goodra\n|-damage|p2a: Goodra|1\/100\n|-heal|p2a: Goodra|7\/100|[from] Grassy Terrain\n|upkeep\n|turn|25\n|inactive|Charmalane has 30 seconds left.\n|\n|t:|1701140279\n|move|p1a: Enguarde|Flip Turn|p2a: Goodra\n|-resisted|p2a: Goodra\n|-damage|p2a: Goodra|0 fnt\n|-ability|p2a: Goodra|Gooey\n|-unboost|p1a: Enguarde|spe|1\n|faint|p2a: Goodra\n|inactive|Charmalane has 30 seconds left this turn.\n|inactive|Charmalane has 20 seconds left.\n|inactive|Charmalane has 15 seconds left.\n|\n|t:|1701140298\n|switch|p1a: Nautilus|Slowking-Galar, M|100\/100|[from] Flip Turn\n|\n|-weather|RainDance|[upkeep]\n|upkeep\n|inactive|Charmalane has 20 seconds left this turn.\n|\n|t:|1701140310\n|switch|p2a: Fezandipiti|Fezandipiti, M|100\/100\n|-damage|p2a: Fezandipiti|88\/100|[from] Stealth Rock\n|turn|26\n|inactive|Charmalane has 30 seconds left this turn.\n|\n|t:|1701140319\n|move|p2a: Fezandipiti|Gunk Shot|p1a: Nautilus|[miss]\n|-miss|p2a: Fezandipiti|p1a: Nautilus\n|move|p1a: Nautilus|Future Sight|p2a: Fezandipiti\n|-start|p1a: Nautilus|move: Future Sight\n|\n|-weather|RainDance|[upkeep]\n|-heal|p2a: Fezandipiti|94\/100|[from] Grassy Terrain\n|-fieldend|move: Grassy Terrain\n|upkeep\n|turn|27\n|\n|t:|1701140332\n|move|p2a: Fezandipiti|U-turn|p1a: Nautilus\n|-damage|p1a: Nautilus|84\/100\n|\n|t:|1701140335\n|switch|p2a: Rillaboom|Rillaboom, M|25\/100|[from] U-turn\n|-damage|p2a: Rillaboom|13\/100|[from] Stealth Rock\n|-fieldstart|move: Grassy Terrain|[from] ability: Grassy Surge|[of] p2a: Rillaboom\n|move|p1a: Nautilus|Surf|p2a: Rillaboom\n|-resisted|p2a: Rillaboom\n|-damage|p2a: Rillaboom|0 fnt\n|faint|p2a: Rillaboom\n|\n|-weather|RainDance|[upkeep]\n|-heal|p1a: Nautilus|90\/100|[from] Grassy Terrain\n|upkeep\n|l| MVdunder\n|\n|t:|1701140352\n|switch|p2a: Fezandipiti|Fezandipiti, M|94\/100\n|-damage|p2a: Fezandipiti|82\/100|[from] Stealth Rock\n|turn|28\n|\n|t:|1701140356\n|move|p2a: Fezandipiti|Gunk Shot|p1a: Nautilus\n|-resisted|p1a: Nautilus\n|-damage|p1a: Nautilus|70\/100\n|move|p1a: Nautilus|Surf|p2a: Fezandipiti\n|-damage|p2a: Fezandipiti|53\/100\n|\n|-weather|RainDance|[upkeep]\n|-end|p2a: Fezandipiti|move: Future Sight\n|-supereffective|p2a: Fezandipiti\n|-damage|p2a: Fezandipiti|0 fnt\n|faint|p2a: Fezandipiti\n|-heal|p1a: Nautilus|76\/100|[from] Grassy Terrain\n|upkeep\n|\n|t:|1701140368\n|switch|p2a: Hawlucha|Hawlucha, F|88\/100\n|-damage|p2a: Hawlucha|76\/100|[from] Stealth Rock\n|-enditem|p2a: Hawlucha|Grassy Seed\n|-boost|p2a: Hawlucha|def|1|[from] item: Grassy Seed\n|turn|29\n|inactive|Charmalane has 60 seconds left.\n|\n|t:|1701140392\n|-terastallize|p2a: Hawlucha|Steel\n|move|p2a: Hawlucha|Swords Dance|p2a: Hawlucha\n|-boost|p2a: Hawlucha|atk|2\n|move|p1a: Nautilus|Future Sight|p2a: Hawlucha\n|-start|p1a: Nautilus|move: Future Sight\n|\n|-weather|RainDance|[upkeep]\n|-heal|p2a: Hawlucha|82\/100|[from] Grassy Terrain\n|-heal|p1a: Nautilus|82\/100|[from] Grassy Terrain\n|upkeep\n|turn|30\n|\n|t:|1701140404\n|move|p2a: Hawlucha|Acrobatics|p1a: Nautilus\n|-crit|p1a: Nautilus\n|-damage|p1a: Nautilus|0 fnt\n|faint|p1a: Nautilus\n|\n|-weather|none\n|-heal|p2a: Hawlucha|88\/100|[from] Grassy Terrain\n|upkeep\n|\n|t:|1701140408\n|switch|p1a: Chocobo|Zapdos|100\/100\n|turn|31\n|\n|t:|1701140415\n|move|p2a: Hawlucha|Acrobatics|p1a: Chocobo\n|-resisted|p1a: Chocobo\n|-damage|p1a: Chocobo|45\/100\n|-status|p2a: Hawlucha|par|[from] ability: Static|[of] p1a: Chocobo\n|move|p1a: Chocobo|Thunder|p2a: Hawlucha\n|-damage|p2a: Hawlucha|14\/100 par\n|\n|-end|p2a: Hawlucha|move: Future Sight\n|-resisted|p2a: Hawlucha\n|-damage|p2a: Hawlucha|0 fnt\n|faint|p2a: Hawlucha\n|\n|win|Charmalane\n|upkeep\n|raw|Charmalane's rating: 1669 &rarr; <strong>1691<\/strong><br \/>(+22 for winning)\n|raw|dnites2's rating: 1705 &rarr; <strong>1683<\/strong><br \/>(-22 for losing)\n|l|\u2606dnites2\n|l| SwabbyYabby\n","uploadtime":1701140431,"views":2,"p1id":"charmalane","p2id":"dnites2","formatid":"gen9ou","rating":1683,"private":0,"password":""}