{"id":"gen9ou-1997229015","p1":"BastienLeBoss","p2":"LEONERROR500","format":"[Gen 9] OU","log":"|j|\u2606BastienLeBoss\n|j|\u2606LEONERROR500\n|t:|1700777978\n|gametype|singles\n|player|p1|BastienLeBoss|266|1542\n|player|p2|LEONERROR500|red|1615\n|teamsize|p1|6\n|teamsize|p2|6\n|gen|9\n|tier|[Gen 9] OU\n|rated|\n|rule|Sleep Clause Mod: Limit one foe put to sleep\n|rule|Species Clause: Limit one of each Pok\u00e9mon\n|rule|OHKO Clause: OHKO moves are banned\n|rule|Evasion Items Clause: Evasion items are banned\n|rule|Evasion Moves Clause: Evasion moves are banned\n|rule|Endless Battle Clause: Forcing endless battles is banned\n|rule|HP Percentage Mod: HP is shown in percentages\n|clearpoke\n|poke|p1|Ting-Lu|\n|poke|p1|Dragapult, F|\n|poke|p1|Iron Hands|\n|poke|p1|Grimmsnarl, M|\n|poke|p1|Clefable, F|\n|poke|p1|Iron Valiant|\n|poke|p2|Kingambit, M|\n|poke|p2|Samurott-Hisui, F|\n|poke|p2|Ogerpon-Wellspring, F|\n|poke|p2|Garganacl, F|\n|poke|p2|Great Tusk|\n|poke|p2|Meowscarada, F|\n|teampreview\n|inactive|Battle timer is ON: inactive players will automatically lose when time's up. (requested by LEONERROR500)\n|c|\u2606LEONERROR500|glhf\n|\n|t:|1700777985\n|start\n|switch|p1a: Grimmsnarl|Grimmsnarl, M, shiny|100\/100\n|switch|p2a: Samurott|Samurott-Hisui, F|100\/100\n|turn|1\n|\n|t:|1700778002\n|move|p1a: Grimmsnarl|Reflect|p1a: Grimmsnarl\n|-sidestart|p1: BastienLeBoss|Reflect\n|move|p2a: Samurott|Ceaseless Edge|p1a: Grimmsnarl\n|-resisted|p1a: Grimmsnarl\n|-damage|p1a: Grimmsnarl|93\/100\n|-sidestart|p1: BastienLeBoss|Spikes\n|\n|upkeep\n|turn|2\n|\n|t:|1700778015\n|switch|p1a: Ting-Lu|Ting-Lu|100\/100\n|-damage|p1a: Ting-Lu|88\/100|[from] Spikes\n|-ability|p1a: Ting-Lu|Vessel of Ruin\n|move|p2a: Samurott|Ceaseless Edge|p1a: Ting-Lu\n|-resisted|p1a: Ting-Lu\n|-damage|p1a: Ting-Lu|82\/100\n|-sidestart|p1: BastienLeBoss|Spikes\n|\n|-heal|p1a: Ting-Lu|88\/100|[from] item: Leftovers\n|upkeep\n|turn|3\n|c|\u2606BastienLeBoss|would you shut up ?\n|\n|t:|1700778024\n|move|p2a: Samurott|Ceaseless Edge|p1a: Ting-Lu|[miss]\n|-miss|p2a: Samurott|p1a: Ting-Lu\n|move|p1a: Ting-Lu|Spikes|p2a: Samurott\n|-sidestart|p2: LEONERROR500|Spikes\n|\n|-heal|p1a: Ting-Lu|94\/100|[from] item: Leftovers\n|upkeep\n|turn|4\n|c|\u2606LEONERROR500|why be this rude?\n|\n|t:|1700778030\n|move|p2a: Samurott|Ceaseless Edge|p1a: Ting-Lu\n|-resisted|p1a: Ting-Lu\n|-damage|p1a: Ting-Lu|88\/100\n|-sidestart|p1: BastienLeBoss|Spikes\n|move|p1a: Ting-Lu|Spikes|p2a: Samurott\n|-sidestart|p2: LEONERROR500|Spikes\n|\n|-heal|p1a: Ting-Lu|95\/100|[from] item: Leftovers\n|upkeep\n|turn|5\n|c|\u2606BastienLeBoss|SHUT UP\n|\n|t:|1700778034\n|move|p2a: Samurott|Aqua Cutter|p1a: Ting-Lu\n|-supereffective|p1a: Ting-Lu\n|-damage|p1a: Ting-Lu|68\/100\n|move|p1a: Ting-Lu|Spikes|p2a: Samurott\n|-sidestart|p2: LEONERROR500|Spikes\n|\n|-heal|p1a: Ting-Lu|74\/100|[from] item: Leftovers\n|upkeep\n|turn|6\n|c|\u2606LEONERROR500|why?\n|\n|t:|1700778039\n|move|p2a: Samurott|Aqua Cutter|p1a: Ting-Lu\n|-supereffective|p1a: Ting-Lu\n|-crit|p1a: Ting-Lu\n|-damage|p1a: Ting-Lu|0 fnt\n|faint|p1a: Ting-Lu\n|\n|upkeep\n|\n|t:|1700778046\n|switch|p1a: Iron Hands|Iron Hands|100\/100\n|-damage|p1a: Iron Hands|75\/100|[from] Spikes\n|turn|7\n|\n|t:|1700778049\n|switch|p2a: Great Tusk|Great Tusk|100\/100\n|move|p1a: Iron Hands|Swords Dance|p1a: Iron Hands\n|-boost|p1a: Iron Hands|atk|2\n|\n|-heal|p1a: Iron Hands|82\/100|[from] item: Leftovers\n|upkeep\n|turn|8\n|\n|t:|1700778056\n|-end|p1a: Iron Hands|Quark Drive|[silent]\n|switch|p1a: Dragapult|Dragapult, F, shiny|100\/100\n|-damage|p1a: Dragapult|76\/100|[from] Spikes\n|move|p2a: Great Tusk|Rapid Spin|p1a: Dragapult\n|-immune|p1a: Dragapult\n|\n|-sideend|p1: BastienLeBoss|Reflect\n|upkeep\n|turn|9\n|\n|t:|1700778059\n|-end|p2a: Great Tusk|Protosynthesis|[silent]\n|switch|p2a: Samurott|Samurott-Hisui, F|100\/100\n|-damage|p2a: Samurott|76\/100|[from] Spikes\n|move|p1a: Dragapult|Draco Meteor|p2a: Samurott\n|-damage|p2a: Samurott|0 fnt\n|-unboost|p1a: Dragapult|spa|2\n|faint|p2a: Samurott\n|\n|upkeep\n|\n|t:|1700778064\n|switch|p2a: Garganacl|Garganacl, F|100\/100\n|-damage|p2a: Garganacl|75\/100|[from] Spikes\n|turn|10\n|\n|t:|1700778067\n|switch|p1a: Iron Hands|Iron Hands|82\/100\n|-damage|p1a: Iron Hands|57\/100|[from] Spikes\n|move|p2a: Garganacl|Stealth Rock|p1a: Iron Hands\n|-sidestart|p1: BastienLeBoss|move: Stealth Rock\n|\n|-heal|p1a: Iron Hands|63\/100|[from] item: Leftovers\n|-heal|p2a: Garganacl|82\/100|[from] item: Leftovers\n|upkeep\n|turn|11\n|\n|t:|1700778069\n|switch|p2a: Great Tusk|Great Tusk|100\/100\n|move|p1a: Iron Hands|Drain Punch|p2a: Great Tusk\n|-damage|p2a: Great Tusk|72\/100\n|-heal|p1a: Iron Hands|74\/100|[from] drain|[of] p2a: Great Tusk\n|\n|-heal|p1a: Iron Hands|80\/100|[from] item: Leftovers\n|upkeep\n|turn|12\n|\n|t:|1700778073\n|move|p2a: Great Tusk|Knock Off|p1a: Iron Hands\n|-resisted|p1a: Iron Hands\n|-damage|p1a: Iron Hands|69\/100\n|-enditem|p1a: Iron Hands|Leftovers|[from] move: Knock Off|[of] p2a: Great Tusk\n|move|p1a: Iron Hands|Ice Punch|p2a: Great Tusk\n|-supereffective|p2a: Great Tusk\n|-damage|p2a: Great Tusk|27\/100\n|\n|upkeep\n|turn|13\n|\n|t:|1700778077\n|-end|p1a: Iron Hands|Quark Drive|[silent]\n|switch|p1a: Dragapult|Dragapult, F, shiny|76\/100\n|-damage|p1a: Dragapult|51\/100|[from] Spikes\n|-damage|p1a: Dragapult|38\/100|[from] Stealth Rock\n|move|p2a: Great Tusk|Rapid Spin|p1a: Dragapult\n|-immune|p1a: Dragapult\n|\n|upkeep\n|turn|14\n|\n|t:|1700778082\n|move|p1a: Dragapult|Flamethrower|p2a: Great Tusk\n|-damage|p2a: Great Tusk|0 fnt\n|faint|p2a: Great Tusk\n|-end|p2a: Great Tusk|Protosynthesis|[silent]\n|\n|upkeep\n|\n|t:|1700778084\n|switch|p2a: Ogerpon|Ogerpon-Wellspring, F|100\/100\n|-damage|p2a: Ogerpon|76\/100|[from] Spikes\n|turn|15\n|\n|t:|1700778088\n|switch|p1a: Iron Valiant|Iron Valiant|100\/100\n|-damage|p1a: Iron Valiant|76\/100|[from] Spikes\n|-damage|p1a: Iron Valiant|69\/100|[from] Stealth Rock\n|-enditem|p1a: Iron Valiant|Booster Energy\n|-activate|p1a: Iron Valiant|ability: Quark Drive|[fromitem]\n|-start|p1a: Iron Valiant|quarkdrivespe\n|move|p2a: Ogerpon|Trailblaze|p1a: Iron Valiant\n|-damage|p1a: Iron Valiant|24\/100\n|-boost|p2a: Ogerpon|spe|1\n|\n|upkeep\n|turn|16\n|\n|t:|1700778097\n|move|p1a: Iron Valiant|Destiny Bond|p1a: Iron Valiant\n|-singlemove|p1a: Iron Valiant|Destiny Bond\n|move|p2a: Ogerpon|Trailblaze|p1a: Iron Valiant\n|-damage|p1a: Iron Valiant|0 fnt\n|-boost|p2a: Ogerpon|spe|1\n|faint|p1a: Iron Valiant\n|-activate|p1a: Iron Valiant|move: Destiny Bond\n|-end|p1a: Iron Valiant|Quark Drive|[silent]\n|faint|p2a: Ogerpon\n|\n|upkeep\n|\n|t:|1700778104\n|switch|p1a: Grimmsnarl|Grimmsnarl, M, shiny|93\/100\n|switch|p2a: Kingambit|Kingambit, M, shiny|100\/100\n|-damage|p2a: Kingambit|75\/100|[from] Spikes\n|-activate|p2a: Kingambit|ability: Supreme Overlord\n|-start|p2a: Kingambit|fallen3|[silent]\n|-damage|p1a: Grimmsnarl|69\/100|[from] Spikes\n|-damage|p1a: Grimmsnarl|56\/100|[from] Stealth Rock\n|turn|17\n|\n|t:|1700778107\n|move|p1a: Grimmsnarl|Reflect|p1a: Grimmsnarl\n|-sidestart|p1: BastienLeBoss|Reflect\n|move|p2a: Kingambit|Swords Dance|p2a: Kingambit\n|-boost|p2a: Kingambit|atk|2\n|\n|upkeep\n|turn|18\n|\n|t:|1700778111\n|switch|p1a: Iron Hands|Iron Hands|69\/100\n|-damage|p1a: Iron Hands|44\/100|[from] Spikes\n|-damage|p1a: Iron Hands|38\/100|[from] Stealth Rock\n|move|p2a: Kingambit|Low Kick|p1a: Iron Hands\n|-damage|p1a: Iron Hands|0 fnt\n|faint|p1a: Iron Hands\n|-end|p1a: Iron Hands|Quark Drive|[silent]\n|\n|upkeep\n|\n|t:|1700778114\n|switch|p1a: Clefable|Clefable, F, shiny|100\/100\n|-damage|p1a: Clefable|76\/100|[from] Spikes\n|-damage|p1a: Clefable|63\/100|[from] Stealth Rock\n|turn|19\n|\n|t:|1700778119\n|-end|p2a: Kingambit|fallen3|[silent]\n|switch|p2a: Garganacl|Garganacl, F|82\/100\n|-damage|p2a: Garganacl|57\/100|[from] Spikes\n|-terastallize|p1a: Clefable|Poison\n|move|p1a: Clefable|Moonlight|p1a: Clefable\n|-heal|p1a: Clefable|100\/100\n|\n|-heal|p2a: Garganacl|63\/100|[from] item: Leftovers\n|upkeep\n|turn|20\n|\n|t:|1700778124\n|move|p1a: Clefable|Calm Mind|p1a: Clefable\n|-boost|p1a: Clefable|spa|1\n|-boost|p1a: Clefable|spd|1\n|move|p2a: Garganacl|Salt Cure|p1a: Clefable\n|-damage|p1a: Clefable|95\/100\n|-start|p1a: Clefable|Salt Cure\n|\n|-heal|p1a: Clefable|100\/100|[from] item: Leftovers\n|-heal|p2a: Garganacl|69\/100|[from] item: Leftovers\n|-damage|p1a: Clefable|88\/100|[from] Salt Cure\n|upkeep\n|turn|21\n|\n|t:|1700778130\n|switch|p2a: Meowscarada|Meowscarada, F|100\/100\n|-damage|p2a: Meowscarada|76\/100|[from] Spikes\n|move|p1a: Clefable|Cosmic Power|p1a: Clefable\n|-boost|p1a: Clefable|def|1\n|-boost|p1a: Clefable|spd|1\n|\n|-heal|p1a: Clefable|94\/100|[from] item: Leftovers\n|-damage|p1a: Clefable|82\/100|[from] Salt Cure\n|upkeep\n|turn|22\n|\n|t:|1700778135\n|move|p2a: Meowscarada|Knock Off|p1a: Clefable\n|-start|p2a: Meowscarada|typechange|Dark|[from] ability: Protean\n|-damage|p1a: Clefable|71\/100\n|-enditem|p1a: Clefable|Leftovers|[from] move: Knock Off|[of] p2a: Meowscarada\n|move|p1a: Clefable|Moonblast|p2a: Meowscarada\n|-supereffective|p2a: Meowscarada\n|-damage|p2a: Meowscarada|0 fnt\n|faint|p2a: Meowscarada\n|\n|-damage|p1a: Clefable|59\/100|[from] Salt Cure\n|upkeep\n|\n|t:|1700778146\n|switch|p2a: Kingambit|Kingambit, M, shiny|75\/100\n|-damage|p2a: Kingambit|50\/100|[from] Spikes\n|-activate|p2a: Kingambit|ability: Supreme Overlord\n|-start|p2a: Kingambit|fallen4|[silent]\n|turn|23\n|\n|t:|1700778150\n|-terastallize|p2a: Kingambit|Flying\n|move|p2a: Kingambit|Tera Blast|p1a: Clefable|[anim] Tera Blast Flying\n|-crit|p1a: Clefable\n|-damage|p1a: Clefable|0 fnt\n|faint|p1a: Clefable\n|\n|upkeep\n|c|\u2606BastienLeBoss|REALLY\n|c|\u2606BastienLeBoss|A CRIT AGAIN\n|c|\u2606BastienLeBoss|GOSH\n|c|\u2606BastienLeBoss|YOU SUCK SO HARD\n|-message|BastienLeBoss forfeited.\n|\n|win|LEONERROR500\n|raw|BastienLeBoss's rating: 1542 &rarr; <strong>1526<\/strong><br \/>(-16 for losing)\n|raw|LEONERROR500's rating: 1615 &rarr; <strong>1631<\/strong><br \/>(+16 for winning)\n|l|\u2606BastienLeBoss\n","uploadtime":1700778207,"views":5,"p1id":"bastienleboss","p2id":"leonerror500","formatid":"gen9ou","rating":1526,"private":0,"password":""}