{"id":"gen9ou-1993249445","p1":"stee1osprei","p2":"SmaeTheSmae","format":"[Gen 9] OU","log":"|j|\u2606stee1osprei\n|j|\u2606SmaeTheSmae\n|t:|1700284116\n|gametype|singles\n|player|p1|stee1osprei|candice|1548\n|player|p2|SmaeTheSmae|alec-anime|1477\n|teamsize|p1|6\n|teamsize|p2|6\n|gen|9\n|tier|[Gen 9] OU\n|rated|\n|rule|Sleep Clause Mod: Limit one foe put to sleep\n|rule|Species Clause: Limit one of each Pok\u00e9mon\n|rule|OHKO Clause: OHKO moves are banned\n|rule|Evasion Items Clause: Evasion items are banned\n|rule|Evasion Moves Clause: Evasion moves are banned\n|rule|Endless Battle Clause: Forcing endless battles is banned\n|rule|HP Percentage Mod: HP is shown in percentages\n|clearpoke\n|poke|p1|Azumarill, F|\n|poke|p1|Dragonite, F|\n|poke|p1|Forretress, M|\n|poke|p1|Hatterene, F|\n|poke|p1|Skeledirge, F|\n|poke|p1|Kingambit, F|\n|poke|p2|Ceruledge, F|\n|poke|p2|Torkoal, F|\n|poke|p2|Walking Wake|\n|poke|p2|Great Tusk|\n|poke|p2|Hatterene, F|\n|poke|p2|Iron Moth|\n|teampreview\n|inactive|Battle timer is ON: inactive players will automatically lose when time's up. (requested by SmaeTheSmae)\n|\n|t:|1700284143\n|start\n|switch|p1a: Skeledirge|Skeledirge, F|100\/100\n|switch|p2a: dayum daniel|Torkoal, F|100\/100\n|-weather|SunnyDay|[from] ability: Drought|[of] p2a: dayum daniel\n|turn|1\n|\n|t:|1700284152\n|move|p1a: Skeledirge|Shadow Ball|p2a: dayum daniel\n|-damage|p2a: dayum daniel|63\/100\n|-unboost|p2a: dayum daniel|spd|1\n|move|p2a: dayum daniel|Yawn|p1a: Skeledirge\n|-start|p1a: Skeledirge|move: Yawn|[of] p2a: dayum daniel\n|\n|-weather|SunnyDay|[upkeep]\n|upkeep\n|turn|2\n|\n|t:|1700284165\n|switch|p1a: Hatterene|Hatterene, F|100\/100\n|switch|p2a: GYATterene|Hatterene, F|100\/100\n|\n|-weather|SunnyDay|[upkeep]\n|upkeep\n|turn|3\n|\n|t:|1700284182\n|move|p2a: GYATterene|Nuzzle|p1a: Hatterene\n|-damage|p1a: Hatterene|96\/100\n|-status|p1a: Hatterene|par\n|move|p1a: Hatterene|Trick Room|p1a: Hatterene\n|-fieldstart|move: Trick Room|[of] p1a: Hatterene\n|\n|-weather|SunnyDay|[upkeep]\n|-heal|p1a: Hatterene|100\/100 par|[from] item: Leftovers\n|upkeep\n|turn|4\n|\n|t:|1700284193\n|move|p1a: Hatterene|Draining Kiss|p2a: GYATterene\n|-damage|p2a: GYATterene|67\/100\n|-enditem|p2a: GYATterene|Eject Button\n|\n|t:|1700284214\n|switch|p2a: hit em w\/ the ooze|Iron Moth|100\/100\n|-enditem|p2a: hit em w\/ the ooze|Booster Energy\n|-activate|p2a: hit em w\/ the ooze|ability: Quark Drive|[fromitem]\n|-start|p2a: hit em w\/ the ooze|quarkdrivespe\n|\n|-weather|SunnyDay|[upkeep]\n|upkeep\n|turn|5\n|\n|t:|1700284227\n|-terastallize|p2a: hit em w\/ the ooze|Psychic\n|cant|p1a: Hatterene|par\n|move|p2a: hit em w\/ the ooze|Substitute|p2a: hit em w\/ the ooze\n|-start|p2a: hit em w\/ the ooze|Substitute\n|-damage|p2a: hit em w\/ the ooze|76\/100\n|\n|-weather|SunnyDay|[upkeep]\n|upkeep\n|turn|6\n|\n|t:|1700284236\n|move|p1a: Hatterene|Draining Kiss|p2a: hit em w\/ the ooze\n|-end|p2a: hit em w\/ the ooze|Substitute\n|move|p2a: hit em w\/ the ooze|Sludge Wave|p1a: Hatterene\n|-supereffective|p1a: Hatterene\n|-damage|p1a: Hatterene|2\/100 par\n|\n|-weather|SunnyDay|[upkeep]\n|-heal|p1a: Hatterene|8\/100 par|[from] item: Leftovers\n|upkeep\n|turn|7\n|\n|t:|1700284247\n|move|p1a: Hatterene|Draining Kiss|p2a: hit em w\/ the ooze\n|-damage|p2a: hit em w\/ the ooze|43\/100\n|-heal|p1a: Hatterene|32\/100 par|[from] drain|[of] p2a: hit em w\/ the ooze\n|move|p2a: hit em w\/ the ooze|Fiery Dance|p1a: Hatterene\n|-damage|p1a: Hatterene|0 fnt\n|-boost|p2a: hit em w\/ the ooze|spa|1\n|faint|p1a: Hatterene\n|\n|-weather|SunnyDay|[upkeep]\n|-fieldend|move: Trick Room\n|upkeep\n|\n|t:|1700284257\n|switch|p1a: Skeledirge|Skeledirge, F|100\/100\n|turn|8\n|\n|t:|1700284263\n|move|p2a: hit em w\/ the ooze|Psychic|p1a: Skeledirge\n|-damage|p1a: Skeledirge|67\/100\n|move|p1a: Skeledirge|Shadow Ball|p2a: hit em w\/ the ooze\n|-supereffective|p2a: hit em w\/ the ooze\n|-damage|p2a: hit em w\/ the ooze|0 fnt\n|faint|p2a: hit em w\/ the ooze\n|-end|p2a: hit em w\/ the ooze|Quark Drive|[silent]\n|\n|-weather|none\n|upkeep\n|\n|t:|1700284281\n|switch|p2a: i love your dad|Ceruledge, F|100\/100\n|turn|9\n|\n|t:|1700284301\n|-terastallize|p1a: Skeledirge|Water\n|move|p2a: i love your dad|Poltergeist|p1a: Skeledirge\n|-activate|p1a: Skeledirge|move: Poltergeist|Covert Cloak\n|-damage|p1a: Skeledirge|20\/100\n|move|p1a: Skeledirge|Shadow Ball|p2a: i love your dad\n|-supereffective|p2a: i love your dad\n|-damage|p2a: i love your dad|34\/100\n|\n|upkeep\n|turn|10\n|inactive|stee1osprei has 120 seconds left.\n|\n|t:|1700284331\n|move|p2a: i love your dad|Poltergeist|p1a: Skeledirge\n|-activate|p1a: Skeledirge|move: Poltergeist|Covert Cloak\n|-damage|p1a: Skeledirge|0 fnt\n|faint|p1a: Skeledirge\n|\n|upkeep\n|\n|t:|1700284337\n|switch|p1a: Azumarill|Azumarill, F|100\/100\n|turn|11\n|inactive|stee1osprei has 120 seconds left.\n|\n|t:|1700284343\n|switch|p2a: dayum daniel|Torkoal, F|63\/100\n|-weather|SunnyDay|[from] ability: Drought|[of] p2a: dayum daniel\n|move|p1a: Azumarill|Aqua Jet|p2a: dayum daniel\n|-supereffective|p2a: dayum daniel\n|-damage|p2a: dayum daniel|50\/100\n|\n|-weather|SunnyDay|[upkeep]\n|upkeep\n|turn|12\n|inactive|stee1osprei has 120 seconds left.\n|\n|t:|1700284353\n|move|p1a: Azumarill|Liquidation|p2a: dayum daniel\n|-supereffective|p2a: dayum daniel\n|-damage|p2a: dayum daniel|20\/100\n|move|p2a: dayum daniel|Yawn|p1a: Azumarill\n|-start|p1a: Azumarill|move: Yawn|[of] p2a: dayum daniel\n|\n|-weather|SunnyDay|[upkeep]\n|upkeep\n|turn|13\n|inactive|stee1osprei has 120 seconds left.\n|\n|t:|1700284364\n|switch|p1a: Dragonite|Dragonite, F|100\/100\n|switch|p2a: GYATterene|Hatterene, F|67\/100\n|\n|-weather|SunnyDay|[upkeep]\n|upkeep\n|turn|14\n|inactive|stee1osprei has 120 seconds left.\n|\n|t:|1700284382\n|move|p1a: Dragonite|Dragon Dance|p1a: Dragonite\n|-boost|p1a: Dragonite|atk|1\n|-boost|p1a: Dragonite|spe|1\n|move|p2a: GYATterene|Nuzzle|p1a: Dragonite\n|-damage|p1a: Dragonite|98\/100\n|-status|p1a: Dragonite|par\n|-enditem|p1a: Dragonite|Lum Berry|[eat]\n|-curestatus|p1a: Dragonite|par|[msg]\n|\n|-weather|SunnyDay|[upkeep]\n|upkeep\n|turn|15\n|inactive|stee1osprei has 120 seconds left.\n|\n|t:|1700284392\n|move|p1a: Dragonite|Fire Punch|p2a: GYATterene\n|-damage|p2a: GYATterene|9\/100\n|move|p2a: GYATterene|Nuzzle|p1a: Dragonite\n|-damage|p1a: Dragonite|94\/100\n|-status|p1a: Dragonite|par\n|\n|-weather|SunnyDay|[upkeep]\n|upkeep\n|turn|16\n|\n|t:|1700284402\n|move|p1a: Dragonite|Fire Punch|p2a: GYATterene\n|-crit|p2a: GYATterene\n|-damage|p2a: GYATterene|0 fnt\n|faint|p2a: GYATterene\n|\n|-weather|SunnyDay|[upkeep]\n|upkeep\n|\n|t:|1700284419\n|switch|p2a: Walter wake|Walking Wake|100\/100\n|-activate|p2a: Walter wake|ability: Protosynthesis\n|-start|p2a: Walter wake|protosynthesisspe\n|turn|17\n|\n|t:|1700284431\n|move|p1a: Dragonite|Extreme Speed|p2a: Walter wake\n|-damage|p2a: Walter wake|51\/100\n|move|p2a: Walter wake|Draco Meteor|p1a: Dragonite\n|-supereffective|p1a: Dragonite\n|-damage|p1a: Dragonite|0 fnt\n|-unboost|p2a: Walter wake|spa|2\n|faint|p1a: Dragonite\n|\n|-weather|SunnyDay|[upkeep]\n|upkeep\n|\n|t:|1700284442\n|switch|p1a: Azumarill|Azumarill, F|100\/100\n|turn|18\n|\n|t:|1700284450\n|-end|p2a: Walter wake|Protosynthesis|[silent]\n|switch|p2a: i love your dad|Ceruledge, F|34\/100\n|move|p1a: Azumarill|Play Rough|p2a: i love your dad\n|-resisted|p2a: i love your dad\n|-damage|p2a: i love your dad|0 fnt\n|faint|p2a: i love your dad\n|\n|-weather|none\n|upkeep\n|\n|t:|1700284457\n|switch|p2a: dayum daniel|Torkoal, F|20\/100\n|-weather|SunnyDay|[from] ability: Drought|[of] p2a: dayum daniel\n|turn|19\n|\n|t:|1700284463\n|move|p1a: Azumarill|Liquidation|p2a: dayum daniel\n|-supereffective|p2a: dayum daniel\n|-damage|p2a: dayum daniel|0 fnt\n|faint|p2a: dayum daniel\n|\n|-weather|SunnyDay|[upkeep]\n|upkeep\n|\n|t:|1700284466\n|switch|p2a: Walter wake|Walking Wake|51\/100\n|-activate|p2a: Walter wake|ability: Protosynthesis\n|-start|p2a: Walter wake|protosynthesisspe\n|turn|20\n|\n|t:|1700284473\n|move|p2a: Walter wake|Hydro Steam|p1a: Azumarill\n|-resisted|p1a: Azumarill\n|-damage|p1a: Azumarill|70\/100\n|move|p1a: Azumarill|Play Rough|p2a: Walter wake|[miss]\n|-miss|p1a: Azumarill|p2a: Walter wake\n|\n|-weather|SunnyDay|[upkeep]\n|upkeep\n|turn|21\n|\n|t:|1700284481\n|move|p2a: Walter wake|Hydro Steam|p1a: Azumarill\n|-resisted|p1a: Azumarill\n|-damage|p1a: Azumarill|40\/100\n|move|p1a: Azumarill|Play Rough|p2a: Walter wake\n|-supereffective|p2a: Walter wake\n|-damage|p2a: Walter wake|0 fnt\n|faint|p2a: Walter wake\n|-end|p2a: Walter wake|Protosynthesis|[silent]\n|\n|-weather|SunnyDay|[upkeep]\n|upkeep\n|\n|t:|1700284485\n|switch|p2a: Daniel|Great Tusk|100\/100\n|-activate|p2a: Daniel|ability: Protosynthesis\n|-start|p2a: Daniel|protosynthesisspe\n|turn|22\n|\n|t:|1700284498\n|switch|p1a: Forretress|Forretress, M|100\/100\n|move|p2a: Daniel|Bulk Up|p2a: Daniel\n|-boost|p2a: Daniel|atk|1\n|-boost|p2a: Daniel|def|1\n|\n|-weather|SunnyDay|[upkeep]\n|upkeep\n|turn|23\n|\n|t:|1700284508\n|move|p2a: Daniel|Headlong Rush|p1a: Forretress\n|-damage|p1a: Forretress|46\/100\n|-unboost|p2a: Daniel|def|1\n|-unboost|p2a: Daniel|spd|1\n|-damage|p2a: Daniel|91\/100|[from] item: Life Orb\n|move|p1a: Forretress|Giga Drain|p2a: Daniel\n|-supereffective|p2a: Daniel\n|-damage|p2a: Daniel|44\/100\n|-heal|p1a: Forretress|75\/100|[from] drain|[of] p2a: Daniel\n|\n|-weather|SunnyDay|[upkeep]\n|-heal|p1a: Forretress|81\/100|[from] item: Leftovers\n|upkeep\n|turn|24\n|\n|t:|1700284520\n|move|p2a: Daniel|Headlong Rush|p1a: Forretress\n|-damage|p1a: Forretress|28\/100\n|-unboost|p2a: Daniel|def|1\n|-unboost|p2a: Daniel|spd|1\n|-damage|p2a: Daniel|34\/100|[from] item: Life Orb\n|move|p1a: Forretress|Giga Drain|p2a: Daniel\n|-supereffective|p2a: Daniel\n|-damage|p2a: Daniel|0 fnt\n|-heal|p1a: Forretress|49\/100|[from] drain|[of] p2a: Daniel\n|faint|p2a: Daniel\n|-end|p2a: Daniel|Protosynthesis|[silent]\n|\n|win|stee1osprei\n|raw|stee1osprei's rating: 1548 &rarr; <strong>1564<\/strong><br \/>(+16 for winning)\n|raw|SmaeTheSmae's rating: 1477 &rarr; <strong>1461<\/strong><br \/>(-16 for losing)\n|l|\u2606SmaeTheSmae\n","uploadtime":1700284537,"views":19,"p1id":"stee1osprei","p2id":"smaethesmae","formatid":"gen9ou","rating":1461,"private":0,"password":""}