{"id":"gen9ou-1990656610","p1":"Chedar Master","p2":"NeedSleep123","format":"[Gen 9] OU","log":"|j|\u2606Chedar Master\n|j|\u2606NeedSleep123\n|t:|1699989275\n|gametype|singles\n|player|p1|Chedar Master|buck|1749\n|player|p2|NeedSleep123|2|1796\n|teamsize|p1|6\n|teamsize|p2|6\n|gen|9\n|tier|[Gen 9] OU\n|rated|\n|rule|Sleep Clause Mod: Limit one foe put to sleep\n|rule|Species Clause: Limit one of each Pok\u00e9mon\n|rule|OHKO Clause: OHKO moves are banned\n|rule|Evasion Items Clause: Evasion items are banned\n|rule|Evasion Moves Clause: Evasion moves are banned\n|rule|Endless Battle Clause: Forcing endless battles is banned\n|rule|HP Percentage Mod: HP is shown in percentages\n|clearpoke\n|poke|p1|Hydreigon, F|\n|poke|p1|Corviknight, F|\n|poke|p1|Alomomola, F|\n|poke|p1|Slowking-Galar, F|\n|poke|p1|Greninja-*, F|\n|poke|p1|Iron Treads|\n|poke|p2|Staraptor, F|\n|poke|p2|Slowking-Galar, F|\n|poke|p2|Great Tusk|\n|poke|p2|Heatran, M|\n|poke|p2|Zarude|\n|poke|p2|Dondozo, M|\n|teampreview\n|inactive|Battle timer is ON: inactive players will automatically lose when time's up. (requested by NeedSleep123)\n|c|\u2606Chedar Master|hf\n|c|\u2606Chedar Master|cool Zarude\n|j| ThatJebshuckle\n|c|\u2606Chedar Master|oh wrong team on my side\n|c|\u2606Chedar Master|shit\n|inactive|Chedar Master has 120 seconds left.\n|j| LordJikji\n|c|\u2606NeedSleep123|Rip\n|\n|t:|1699989327\n|start\n|switch|p1a: Dash attack|Greninja, F|100\/100\n|switch|p2a: Executioner|Great Tusk|100\/100\n|-enditem|p2a: Executioner|Booster Energy\n|-activate|p2a: Executioner|ability: Protosynthesis|[fromitem]\n|-start|p2a: Executioner|protosynthesisatk\n|turn|1\n|\n|t:|1699989339\n|-end|p2a: Executioner|Protosynthesis|[silent]\n|switch|p2a: Crystal sage|Slowking-Galar, F|100\/100\n|move|p1a: Dash attack|U-turn|p2a: Crystal sage\n|-start|p1a: Dash attack|typechange|Bug|[from] ability: Protean\n|-damage|p2a: Crystal sage|77\/100\n|\n|t:|1699989351\n|switch|p1a: Don Can|Iron Treads|100\/100|[from] U-turn\n|\n|upkeep\n|turn|2\n|\n|t:|1699989359\n|switch|p2a: Executioner|Great Tusk|100\/100\n|move|p1a: Don Can|Stealth Rock|p2a: Executioner\n|-sidestart|p2: NeedSleep123|move: Stealth Rock\n|\n|upkeep\n|turn|3\n|\n|t:|1699989364\n|-end|p1a: Don Can|Quark Drive|[silent]\n|switch|p1a: Nice shot! Birdie!|Corviknight, F|100\/100\n|-ability|p1a: Nice shot! Birdie!|Pressure\n|move|p2a: Executioner|Rapid Spin|p1a: Nice shot! Birdie!\n|-resisted|p1a: Nice shot! Birdie!\n|-damage|p1a: Nice shot! Birdie!|96\/100\n|-boost|p2a: Executioner|spe|1\n|-sideend|p2: NeedSleep123|Stealth Rock|[from] move: Rapid Spin|[of] p2a: Executioner\n|\n|-heal|p1a: Nice shot! Birdie!|100\/100|[from] item: Leftovers\n|upkeep\n|turn|4\n|\n|t:|1699989374\n|move|p2a: Executioner|Knock Off|p1a: Nice shot! Birdie!\n|-damage|p1a: Nice shot! Birdie!|83\/100\n|-enditem|p1a: Nice shot! Birdie!|Leftovers|[from] move: Knock Off|[of] p2a: Executioner\n|move|p1a: Nice shot! Birdie!|Brave Bird|p2a: Executioner\n|-supereffective|p2a: Executioner\n|-damage|p2a: Executioner|54\/100\n|-damage|p1a: Nice shot! Birdie!|66\/100|[from] Recoil\n|\n|upkeep\n|turn|5\n|\n|t:|1699989387\n|move|p2a: Executioner|Bulk Up|p2a: Executioner\n|-boost|p2a: Executioner|atk|1\n|-boost|p2a: Executioner|def|1\n|move|p1a: Nice shot! Birdie!|Roost|p1a: Nice shot! Birdie!\n|-heal|p1a: Nice shot! Birdie!|100\/100\n|-singleturn|p1a: Nice shot! Birdie!|move: Roost\n|\n|upkeep\n|turn|6\n|\n|t:|1699989392\n|-end|p2a: Executioner|Protosynthesis|[silent]\n|switch|p2a: Old iron king|Heatran, M|100\/100\n|move|p1a: Nice shot! Birdie!|Iron Defense|p1a: Nice shot! Birdie!\n|-boost|p1a: Nice shot! Birdie!|def|2\n|\n|upkeep\n|turn|7\n|\n|t:|1699989415\n|switch|p2a: Devourer of gods|Dondozo, M|100\/100\n|switch|p1a: PINKAFISH|Alomomola, F|100\/100\n|\n|upkeep\n|turn|8\n|\n|t:|1699989426\n|switch|p2a: Crystal sage|Slowking-Galar, F|100\/100\n|move|p1a: PINKAFISH|Scald|p2a: Crystal sage\n|-damage|p2a: Crystal sage|93\/100\n|\n|upkeep\n|turn|9\n|\n|t:|1699989430\n|move|p1a: PINKAFISH|Flip Turn|p2a: Crystal sage\n|-damage|p2a: Crystal sage|76\/100\n|\n|t:|1699989431\n|switch|p1a: Good girl|Slowking-Galar, F|100\/100|[from] Flip Turn\n|move|p2a: Crystal sage|Future Sight|p1a: Good girl\n|-start|p2a: Crystal sage|move: Future Sight\n|\n|upkeep\n|turn|10\n|\n|t:|1699989440\n|move|p2a: Crystal sage|Chilly Reception|p2a: Crystal sage\n|-weather|Snow\n|\n|t:|1699989442\n|switch|p2a: Father of abyss|Zarude|100\/100|[from] Chilly Reception\n|move|p1a: Good girl|Future Sight|p2a: Father of abyss\n|-start|p1a: Good girl|move: Future Sight\n|\n|-weather|Snow|[upkeep]\n|upkeep\n|turn|11\n|\n|t:|1699989448\n|switch|p1a: Nice shot! Birdie!|Corviknight, F|100\/100\n|-ability|p1a: Nice shot! Birdie!|Pressure\n|move|p2a: Father of abyss|Knock Off|p1a: Nice shot! Birdie!\n|-damage|p1a: Nice shot! Birdie!|80\/100\n|\n|-weather|Snow|[upkeep]\n|-end|p1a: Nice shot! Birdie!|move: Future Sight\n|-resisted|p1a: Nice shot! Birdie!\n|-damage|p1a: Nice shot! Birdie!|60\/100\n|upkeep\n|turn|12\n|\n|t:|1699989461\n|move|p2a: Father of abyss|U-turn|p1a: Nice shot! Birdie!\n|-resisted|p1a: Nice shot! Birdie!\n|-damage|p1a: Nice shot! Birdie!|56\/100\n|\n|t:|1699989464\n|switch|p2a: Old iron king|Heatran, M|100\/100|[from] U-turn\n|move|p1a: Nice shot! Birdie!|Roost|p1a: Nice shot! Birdie!\n|-heal|p1a: Nice shot! Birdie!|100\/100\n|-singleturn|p1a: Nice shot! Birdie!|move: Roost\n|\n|-weather|Snow|[upkeep]\n|-end|p2a: Old iron king|move: Future Sight\n|-resisted|p2a: Old iron king\n|-damage|p2a: Old iron king|86\/100\n|-heal|p2a: Old iron king|92\/100|[from] item: Leftovers\n|upkeep\n|turn|13\n|\n|t:|1699989469\n|switch|p1a: PINKAFISH|Alomomola, F|100\/100\n|move|p2a: Old iron king|Magma Storm|p1a: PINKAFISH|[miss]\n|-miss|p2a: Old iron king|p1a: PINKAFISH\n|\n|-weather|Snow|[upkeep]\n|-heal|p2a: Old iron king|99\/100|[from] item: Leftovers\n|upkeep\n|turn|14\n|\n|t:|1699989474\n|move|p2a: Old iron king|Stealth Rock|p1a: PINKAFISH\n|-sidestart|p1: Chedar Master|move: Stealth Rock\n|move|p1a: PINKAFISH|Scald|p2a: Old iron king\n|-supereffective|p2a: Old iron king\n|-damage|p2a: Old iron king|81\/100\n|\n|-weather|none\n|-heal|p2a: Old iron king|87\/100|[from] item: Leftovers\n|upkeep\n|turn|15\n|\n|t:|1699989477\n|switch|p2a: Crystal sage|Slowking-Galar, F|100\/100\n|move|p1a: PINKAFISH|Flip Turn|p2a: Crystal sage\n|-damage|p2a: Crystal sage|83\/100\n|\n|t:|1699989479\n|switch|p1a: Don Can|Iron Treads|100\/100|[from] Flip Turn\n|-damage|p1a: Don Can|97\/100|[from] Stealth Rock\n|\n|-heal|p1a: Don Can|100\/100|[from] item: Leftovers\n|upkeep\n|turn|16\n|\n|t:|1699989489\n|move|p1a: Don Can|Rapid Spin|p2a: Crystal sage\n|-damage|p2a: Crystal sage|71\/100\n|-boost|p1a: Don Can|spe|1\n|-sideend|p1: Chedar Master|Stealth Rock|[from] move: Rapid Spin|[of] p1a: Don Can\n|move|p2a: Crystal sage|Flamethrower|p1a: Don Can\n|-supereffective|p1a: Don Can\n|-damage|p1a: Don Can|49\/100\n|\n|-heal|p1a: Don Can|56\/100|[from] item: Leftovers\n|upkeep\n|turn|17\n|\n|t:|1699989496\n|switch|p2a: Father of abyss|Zarude|100\/100\n|move|p1a: Don Can|Earthquake|p2a: Father of abyss\n|-resisted|p2a: Father of abyss\n|-crit|p2a: Father of abyss\n|-damage|p2a: Father of abyss|79\/100\n|\n|-heal|p1a: Don Can|62\/100|[from] item: Leftovers\n|upkeep\n|turn|18\n|\n|t:|1699989506\n|-end|p1a: Don Can|Quark Drive|[silent]\n|switch|p1a: Nice shot! Birdie!|Corviknight, F|100\/100\n|-ability|p1a: Nice shot! Birdie!|Pressure\n|move|p2a: Father of abyss|U-turn|p1a: Nice shot! Birdie!\n|-resisted|p1a: Nice shot! Birdie!\n|-crit|p1a: Nice shot! Birdie!\n|-damage|p1a: Nice shot! Birdie!|95\/100\n|\n|t:|1699989508\n|switch|p2a: Old iron king|Heatran, M|87\/100|[from] U-turn\n|\n|-heal|p2a: Old iron king|94\/100|[from] item: Leftovers\n|upkeep\n|turn|19\n|\n|t:|1699989518\n|switch|p1a: PINKAFISH|Alomomola, F|100\/100\n|move|p2a: Old iron king|Stealth Rock|p1a: PINKAFISH\n|-sidestart|p1: Chedar Master|move: Stealth Rock\n|\n|-heal|p2a: Old iron king|99\/100|[from] item: Leftovers\n|upkeep\n|turn|20\n|\n|t:|1699989526\n|switch|p2a: Father of abyss|Zarude|79\/100\n|move|p1a: PINKAFISH|Flip Turn|p2a: Father of abyss\n|-resisted|p2a: Father of abyss\n|-damage|p2a: Father of abyss|72\/100\n|-damage|p1a: PINKAFISH|84\/100|[from] item: Rocky Helmet|[of] p2a: Father of abyss\n|\n|t:|1699989531\n|switch|p1a: Don Can|Iron Treads|62\/100|[from] Flip Turn\n|-damage|p1a: Don Can|59\/100|[from] Stealth Rock\n|\n|-heal|p1a: Don Can|65\/100|[from] item: Leftovers\n|upkeep\n|turn|21\n|\n|t:|1699989544\n|move|p1a: Don Can|Knock Off|p2a: Father of abyss\n|-resisted|p2a: Father of abyss\n|-damage|p2a: Father of abyss|62\/100\n|-damage|p1a: Don Can|48\/100|[from] item: Rocky Helmet|[of] p2a: Father of abyss\n|-enditem|p2a: Father of abyss|Rocky Helmet|[from] move: Knock Off|[of] p1a: Don Can\n|move|p2a: Father of abyss|Knock Off|p1a: Don Can\n|-damage|p1a: Don Can|9\/100\n|-enditem|p1a: Don Can|Leftovers|[from] move: Knock Off|[of] p2a: Father of abyss\n|\n|upkeep\n|turn|22\n|\n|t:|1699989553\n|-end|p1a: Don Can|Quark Drive|[silent]\n|switch|p1a: PINKAFISH|Alomomola, F|100\/100\n|move|p2a: Father of abyss|Knock Off|p1a: PINKAFISH\n|-damage|p1a: PINKAFISH|71\/100\n|-enditem|p1a: PINKAFISH|Heavy-Duty Boots|[from] move: Knock Off|[of] p2a: Father of abyss\n|\n|upkeep\n|turn|23\n|\n|t:|1699989556\n|move|p2a: Father of abyss|Power Whip|p1a: PINKAFISH\n|-supereffective|p1a: PINKAFISH\n|-damage|p1a: PINKAFISH|0 fnt\n|faint|p1a: PINKAFISH\n|\n|upkeep\n|\n|t:|1699989561\n|switch|p1a: Dash attack|Greninja, F|100\/100\n|-damage|p1a: Dash attack|88\/100|[from] Stealth Rock\n|turn|24\n|\n|t:|1699989572\n|switch|p2a: Old iron king|Heatran, M|99\/100\n|move|p1a: Dash attack|Spikes|p2a: Old iron king\n|-start|p1a: Dash attack|typechange|Ground|[from] ability: Protean\n|-sidestart|p2: NeedSleep123|Spikes\n|\n|-heal|p2a: Old iron king|100\/100|[from] item: Leftovers\n|upkeep\n|turn|25\n|\n|t:|1699989579\n|switch|p1a: Good girl|Slowking-Galar, F|100\/100\n|move|p2a: Old iron king|Magma Storm|p1a: Good girl|[miss]\n|-miss|p2a: Old iron king|p1a: Good girl\n|\n|upkeep\n|turn|26\n|\n|t:|1699989590\n|switch|p2a: Father of abyss|Zarude|62\/100\n|-damage|p2a: Father of abyss|50\/100|[from] Spikes\n|switch|p1a: Mouths to feed|Hydreigon, F|100\/100\n|-damage|p1a: Mouths to feed|88\/100|[from] Stealth Rock\n|\n|-heal|p1a: Mouths to feed|94\/100|[from] item: Leftovers\n|upkeep\n|turn|27\n|\n|t:|1699989604\n|switch|p1a: Nice shot! Birdie!|Corviknight, F|95\/100\n|-damage|p1a: Nice shot! Birdie!|83\/100|[from] Stealth Rock\n|-ability|p1a: Nice shot! Birdie!|Pressure\n|switch|p2a: King of the storm|Staraptor, F|100\/100\n|\n|upkeep\n|turn|28\n|\n|t:|1699989622\n|move|p2a: King of the storm|U-turn|p1a: Nice shot! Birdie!\n|-resisted|p1a: Nice shot! Birdie!\n|-damage|p1a: Nice shot! Birdie!|77\/100\n|\n|t:|1699989624\n|switch|p2a: Old iron king|Heatran, M|100\/100|[from] U-turn\n|-damage|p2a: Old iron king|88\/100|[from] Spikes\n|move|p1a: Nice shot! Birdie!|Body Press|p2a: Old iron king\n|-supereffective|p2a: Old iron king\n|-damage|p2a: Old iron king|45\/100\n|\n|-heal|p2a: Old iron king|51\/100|[from] item: Leftovers\n|upkeep\n|turn|29\n|\n|t:|1699989638\n|switch|p1a: Mouths to feed|Hydreigon, F|94\/100\n|-damage|p1a: Mouths to feed|82\/100|[from] Stealth Rock\n|move|p2a: Old iron king|Magma Storm|p1a: Mouths to feed\n|-resisted|p1a: Mouths to feed\n|-damage|p1a: Mouths to feed|59\/100\n|-activate|p1a: Mouths to feed|move: Magma Storm|[of] p2a: Old iron king\n|\n|-heal|p1a: Mouths to feed|65\/100|[from] item: Leftovers\n|-heal|p2a: Old iron king|57\/100|[from] item: Leftovers\n|-damage|p1a: Mouths to feed|52\/100|[from] move: Magma Storm|[partiallytrapped]\n|upkeep\n|turn|30\n|\n|t:|1699989651\n|switch|p2a: Crystal sage|Slowking-Galar, F|100\/100\n|move|p1a: Mouths to feed|Earth Power|p2a: Crystal sage\n|-supereffective|p2a: Crystal sage\n|-damage|p2a: Crystal sage|66\/100\n|\n|-heal|p1a: Mouths to feed|59\/100|[from] item: Leftovers\n|-end|p1a: Mouths to feed|Magma Storm|[partiallytrapped]|[silent]\n|upkeep\n|turn|31\n|\n|t:|1699989653\n|move|p1a: Mouths to feed|Dark Pulse|p2a: Crystal sage\n|-supereffective|p2a: Crystal sage\n|-damage|p2a: Crystal sage|19\/100\n|move|p2a: Crystal sage|Sludge Bomb|p1a: Mouths to feed\n|-damage|p1a: Mouths to feed|20\/100\n|-status|p1a: Mouths to feed|psn\n|\n|-heal|p1a: Mouths to feed|26\/100 psn|[from] item: Leftovers\n|-damage|p1a: Mouths to feed|13\/100 psn|[from] psn\n|upkeep\n|turn|32\n|c|\u2606Chedar Master|ouch\n|\n|t:|1699989668\n|switch|p2a: Father of abyss|Zarude|50\/100\n|-damage|p2a: Father of abyss|37\/100|[from] Spikes\n|move|p1a: Mouths to feed|Dark Pulse|p2a: Father of abyss\n|-resisted|p2a: Father of abyss\n|-damage|p2a: Father of abyss|19\/100\n|\n|-heal|p1a: Mouths to feed|20\/100 psn|[from] item: Leftovers\n|-damage|p1a: Mouths to feed|7\/100 psn|[from] psn\n|upkeep\n|turn|33\n|\n|t:|1699989671\n|move|p1a: Mouths to feed|Dark Pulse|p2a: Father of abyss\n|-resisted|p2a: Father of abyss\n|-damage|p2a: Father of abyss|3\/100\n|move|p2a: Father of abyss|Synthesis|p2a: Father of abyss\n|-heal|p2a: Father of abyss|53\/100\n|\n|-heal|p1a: Mouths to feed|13\/100 psn|[from] item: Leftovers\n|-damage|p1a: Mouths to feed|1\/100 psn|[from] psn\n|upkeep\n|turn|34\n|c|\u2606Chedar Master|double ouch\n|\n|t:|1699989686\n|switch|p1a: Dash attack|Greninja, F|88\/100\n|-damage|p1a: Dash attack|76\/100|[from] Stealth Rock\n|move|p2a: Father of abyss|Synthesis|p2a: Father of abyss\n|-heal|p2a: Father of abyss|100\/100\n|\n|upkeep\n|turn|35\n|c|\u2606NeedSleep123|Xd\n|\n|t:|1699989698\n|switch|p2a: Old iron king|Heatran, M|57\/100\n|-damage|p2a: Old iron king|45\/100|[from] Spikes\n|move|p1a: Dash attack|U-turn|p2a: Old iron king\n|-start|p1a: Dash attack|typechange|Bug|[from] ability: Protean\n|-resisted|p2a: Old iron king\n|-damage|p2a: Old iron king|40\/100\n|\n|t:|1699989703\n|switch|p1a: Don Can|Iron Treads|9\/100|[from] U-turn\n|-damage|p1a: Don Can|6\/100|[from] Stealth Rock\n|\n|-heal|p2a: Old iron king|46\/100|[from] item: Leftovers\n|upkeep\n|turn|36\n|l| ThatJebshuckle\n|\n|t:|1699989728\n|switch|p2a: Father of abyss|Zarude|100\/100\n|-damage|p2a: Father of abyss|88\/100|[from] Spikes\n|move|p1a: Don Can|Stealth Rock|p2a: Father of abyss\n|-sidestart|p2: NeedSleep123|move: Stealth Rock\n|\n|upkeep\n|turn|37\n|\n|t:|1699989737\n|move|p1a: Don Can|Rapid Spin|p2a: Father of abyss\n|-damage|p2a: Father of abyss|79\/100\n|-boost|p1a: Don Can|spe|1\n|-sideend|p1: Chedar Master|Stealth Rock|[from] move: Rapid Spin|[of] p1a: Don Can\n|move|p2a: Father of abyss|Knock Off|p1a: Don Can\n|-damage|p1a: Don Can|0 fnt\n|faint|p1a: Don Can\n|-end|p1a: Don Can|Quark Drive|[silent]\n|\n|upkeep\n|\n|t:|1699989742\n|switch|p1a: Dash attack|Greninja, F|76\/100\n|turn|38\n|\n|t:|1699989749\n|switch|p2a: Crystal sage|Slowking-Galar, F|52\/100\n|move|p1a: Dash attack|U-turn|p2a: Crystal sage\n|-start|p1a: Dash attack|typechange|Bug|[from] ability: Protean\n|-damage|p2a: Crystal sage|26\/100\n|\n|t:|1699989759\n|switch|p1a: Good girl|Slowking-Galar, F|100\/100|[from] U-turn\n|\n|upkeep\n|turn|39\n|\n|t:|1699989775\n|move|p2a: Crystal sage|Chilly Reception|p2a: Crystal sage\n|-weather|Snow\n|\n|t:|1699989777\n|switch|p2a: Old iron king|Heatran, M|46\/100|[from] Chilly Reception\n|-damage|p2a: Old iron king|34\/100|[from] Spikes\n|-damage|p2a: Old iron king|21\/100|[from] Stealth Rock\n|move|p1a: Good girl|Future Sight|p2a: Old iron king\n|-start|p1a: Good girl|move: Future Sight\n|\n|-weather|Snow|[upkeep]\n|-heal|p2a: Old iron king|27\/100|[from] item: Leftovers\n|upkeep\n|turn|40\n|l| LordJikji\n|\n|t:|1699989793\n|switch|p1a: Dash attack|Greninja, F|76\/100\n|move|p2a: Old iron king|Stealth Rock|p1a: Dash attack\n|-sidestart|p1: Chedar Master|move: Stealth Rock\n|\n|-weather|Snow|[upkeep]\n|-heal|p2a: Old iron king|34\/100|[from] item: Leftovers\n|upkeep\n|turn|41\n|j| jaochss\n|inactive|Chedar Master has 120 seconds left.\n|inactive|Chedar Master has 90 seconds left.\n|inactive|Chedar Master has 60 seconds left.\n|j| LordJikji\n|l| jaochss\n|\n|t:|1699989900\n|-terastallize|p1a: Dash attack|Dark\n|move|p1a: Dash attack|Dark Pulse|p2a: Old iron king\n|-damage|p2a: Old iron king|4\/100\n|move|p2a: Old iron king|Magma Storm|p1a: Dash attack|[miss]\n|-miss|p2a: Old iron king|p1a: Dash attack\n|\n|-weather|Snow|[upkeep]\n|-end|p2a: Old iron king|move: Future Sight\n|-resisted|p2a: Old iron king\n|-damage|p2a: Old iron king|0 fnt\n|faint|p2a: Old iron king\n|upkeep\n|\n|t:|1699989918\n|switch|p2a: Father of abyss|Zarude|79\/100\n|-damage|p2a: Father of abyss|66\/100|[from] Spikes\n|-damage|p2a: Father of abyss|54\/100|[from] Stealth Rock\n|turn|42\n|\n|t:|1699989924\n|switch|p1a: Nice shot! Birdie!|Corviknight, F|77\/100\n|-damage|p1a: Nice shot! Birdie!|65\/100|[from] Stealth Rock\n|-ability|p1a: Nice shot! Birdie!|Pressure\n|move|p2a: Father of abyss|U-turn|p1a: Nice shot! Birdie!\n|-resisted|p1a: Nice shot! Birdie!\n|-damage|p1a: Nice shot! Birdie!|61\/100\n|\n|t:|1699989929\n|switch|p2a: Crystal sage|Slowking-Galar, F|59\/100|[from] U-turn\n|\n|-weather|Snow|[upkeep]\n|upkeep\n|turn|43\n|\n|t:|1699989935\n|switch|p1a: Good girl|Slowking-Galar, F|100\/100\n|move|p2a: Crystal sage|Future Sight|p1a: Good girl\n|-start|p2a: Crystal sage|move: Future Sight\n|\n|-weather|none\n|upkeep\n|turn|44\n|inactive|Chedar Master has 60 seconds left.\n|\n|t:|1699989946\n|move|p2a: Crystal sage|Chilly Reception|p2a: Crystal sage\n|-weather|Snow\n|\n|t:|1699989948\n|switch|p2a: Father of abyss|Zarude|54\/100|[from] Chilly Reception\n|-damage|p2a: Father of abyss|42\/100|[from] Spikes\n|-damage|p2a: Father of abyss|29\/100|[from] Stealth Rock\n|move|p1a: Good girl|Sludge Bomb|p2a: Father of abyss\n|-supereffective|p2a: Father of abyss\n|-damage|p2a: Father of abyss|0 fnt\n|faint|p2a: Father of abyss\n|\n|-weather|Snow|[upkeep]\n|upkeep\n|\n|t:|1699989950\n|switch|p2a: Executioner|Great Tusk|54\/100\n|-damage|p2a: Executioner|41\/100|[from] Spikes\n|-damage|p2a: Executioner|38\/100|[from] Stealth Rock\n|turn|45\n|\n|t:|1699989957\n|switch|p1a: Mouths to feed|Hydreigon, F|1\/100 psn\n|-damage|p1a: Mouths to feed|0 fnt|[from] Stealth Rock\n|faint|p1a: Mouths to feed\n|move|p2a: Executioner|Rapid Spin|p1: Mouths to feed|[notarget]\n|-fail|p2a: Executioner\n|\n|-weather|Snow|[upkeep]\n|-hint|Future Sight did not hit because the target is fainted.\n|upkeep\n|inactive|Chedar Master has 60 seconds left.\n|\n|t:|1699989977\n|switch|p1a: Dash attack|Greninja, F, tera:Dark|76\/100\n|-damage|p1a: Dash attack|64\/100|[from] Stealth Rock\n|turn|46\n|\n|t:|1699989982\n|-end|p2a: Executioner|Protosynthesis|[silent]\n|switch|p2a: Crystal sage|Slowking-Galar, F|93\/100\n|move|p1a: Dash attack|Ice Beam|p2a: Crystal sage\n|-damage|p2a: Crystal sage|77\/100\n|\n|-weather|Snow|[upkeep]\n|upkeep\n|turn|47\n|\n|t:|1699989990\n|switch|p1a: Good girl|Slowking-Galar, F|100\/100\n|move|p2a: Crystal sage|Chilly Reception|p2a: Crystal sage\n|\n|t:|1699989992\n|switch|p2a: Executioner|Great Tusk|38\/100|[from] Chilly Reception\n|-damage|p2a: Executioner|26\/100|[from] Spikes\n|-damage|p2a: Executioner|23\/100|[from] Stealth Rock\n|\n|-weather|Snow|[upkeep]\n|upkeep\n|turn|48\n|\n|t:|1699990001\n|move|p2a: Executioner|Rapid Spin|p1a: Good girl\n|-damage|p1a: Good girl|89\/100\n|-boost|p2a: Executioner|spe|1\n|-sideend|p2: NeedSleep123|Spikes|[from] move: Rapid Spin|[of] p2a: Executioner\n|-sideend|p2: NeedSleep123|Stealth Rock|[from] move: Rapid Spin|[of] p2a: Executioner\n|move|p1a: Good girl|Future Sight|p2a: Executioner\n|-start|p1a: Good girl|move: Future Sight\n|\n|-weather|none\n|upkeep\n|turn|49\n|\n|t:|1699990010\n|switch|p1a: Nice shot! Birdie!|Corviknight, F|61\/100\n|-damage|p1a: Nice shot! Birdie!|49\/100|[from] Stealth Rock\n|-ability|p1a: Nice shot! Birdie!|Pressure\n|move|p2a: Executioner|Knock Off|p1a: Nice shot! Birdie!\n|-damage|p1a: Nice shot! Birdie!|38\/100\n|\n|upkeep\n|turn|50\n|inactive|Chedar Master has 90 seconds left.\n|\n|t:|1699990018\n|-end|p2a: Executioner|Protosynthesis|[silent]\n|switch|p2a: Crystal sage|Slowking-Galar, F|100\/100\n|move|p1a: Nice shot! Birdie!|Roost|p1a: Nice shot! Birdie!\n|-heal|p1a: Nice shot! Birdie!|88\/100\n|-singleturn|p1a: Nice shot! Birdie!|move: Roost\n|\n|-end|p2a: Crystal sage|move: Future Sight\n|-damage|p2a: Crystal sage|75\/100\n|upkeep\n|turn|51\n|\n|t:|1699990024\n|switch|p1a: Good girl|Slowking-Galar, F|100\/100\n|move|p2a: Crystal sage|Flamethrower|p1a: Good girl\n|-damage|p1a: Good girl|85\/100\n|\n|upkeep\n|turn|52\n|\n|t:|1699990035\n|move|p2a: Crystal sage|Future Sight|p1a: Good girl\n|-start|p2a: Crystal sage|move: Future Sight\n|move|p1a: Good girl|Future Sight|p2a: Crystal sage\n|-start|p1a: Good girl|move: Future Sight\n|\n|upkeep\n|turn|53\n|\n|t:|1699990043\n|move|p2a: Crystal sage|Flamethrower|p1a: Good girl\n|-damage|p1a: Good girl|69\/100\n|move|p1a: Good girl|Chilly Reception|p1a: Good girl\n|-weather|Snow\n|\n|t:|1699990050\n|switch|p1a: Dash attack|Greninja, F, tera:Dark|64\/100|[from] Chilly Reception\n|-damage|p1a: Dash attack|51\/100|[from] Stealth Rock\n|\n|-weather|Snow|[upkeep]\n|upkeep\n|turn|54\n|j| Ydhehchf\n|l| Ydhehchf\n|\n|t:|1699990062\n|-terastallize|p2a: Crystal sage|Water\n|move|p1a: Dash attack|U-turn|p2a: Crystal sage\n|-damage|p2a: Crystal sage|60\/100\n|j| kuhihuihihhuhi\n|\n|t:|1699990070\n|switch|p1a: Good girl|Slowking-Galar, F|100\/100|[from] U-turn\n|move|p2a: Crystal sage|Sludge Bomb|p1a: Good girl\n|-resisted|p1a: Good girl\n|-damage|p1a: Good girl|89\/100\n|\n|-weather|Snow|[upkeep]\n|-end|p2a: Crystal sage|move: Future Sight\n|-damage|p2a: Crystal sage|36\/100\n|-end|p1a: Good girl|move: Future Sight\n|-damage|p1a: Good girl|55\/100\n|upkeep\n|turn|55\n|\n|t:|1699990077\n|switch|p2a: Executioner|Great Tusk|23\/100\n|move|p1a: Good girl|Sludge Bomb|p2a: Executioner\n|-resisted|p2a: Executioner\n|-damage|p2a: Executioner|3\/100\n|\n|-weather|Snow|[upkeep]\n|upkeep\n|turn|56\n|\n|t:|1699990086\n|-end|p2a: Executioner|Protosynthesis|[silent]\n|switch|p2a: Crystal sage|Slowking-Galar, F, tera:Water|70\/100\n|switch|p1a: Nice shot! Birdie!|Corviknight, F|88\/100\n|-damage|p1a: Nice shot! Birdie!|75\/100|[from] Stealth Rock\n|-ability|p1a: Nice shot! Birdie!|Pressure\n|\n|-weather|Snow|[upkeep]\n|upkeep\n|turn|57\n|inactive|Chedar Master has 120 seconds left.\n|\n|t:|1699990098\n|move|p1a: Nice shot! Birdie!|Iron Defense|p1a: Nice shot! Birdie!\n|-boost|p1a: Nice shot! Birdie!|def|2\n|move|p2a: Crystal sage|Chilly Reception|p2a: Crystal sage\n|\n|t:|1699990102\n|switch|p2a: Devourer of gods|Dondozo, M|100\/100|[from] Chilly Reception\n|\n|-weather|none\n|upkeep\n|turn|58\n|j| elvisma\n|\n|t:|1699990108\n|switch|p1a: Good girl|Slowking-Galar, F|88\/100\n|move|p2a: Devourer of gods|Liquidation|p1a: Good girl\n|-damage|p1a: Good girl|66\/100\n|\n|upkeep\n|turn|59\n|\n|t:|1699990115\n|switch|p2a: Crystal sage|Slowking-Galar, F, tera:Water|100\/100\n|move|p1a: Good girl|Future Sight|p2a: Crystal sage\n|-start|p1a: Good girl|move: Future Sight\n|\n|upkeep\n|turn|60\n|l| elvisma\n|\n|t:|1699990124\n|move|p2a: Crystal sage|Future Sight|p1a: Good girl\n|-start|p2a: Crystal sage|move: Future Sight\n|move|p1a: Good girl|Sludge Bomb|p2a: Crystal sage\n|-damage|p2a: Crystal sage|82\/100\n|-status|p2a: Crystal sage|psn\n|\n|-damage|p2a: Crystal sage|70\/100 psn|[from] psn\n|upkeep\n|turn|61\n|\n|t:|1699990129\n|move|p2a: Crystal sage|Chilly Reception|p2a: Crystal sage\n|-weather|Snow\n|\n|t:|1699990131\n|switch|p2a: Executioner|Great Tusk|3\/100|[from] Chilly Reception\n|move|p1a: Good girl|Sludge Bomb|p2a: Executioner\n|-resisted|p2a: Executioner\n|-damage|p2a: Executioner|0 fnt\n|faint|p2a: Executioner\n|-end|p2a: Executioner|Protosynthesis|[silent]\n|\n|-weather|Snow|[upkeep]\n|-hint|Future Sight did not hit because the target is fainted.\n|upkeep\n|\n|t:|1699990133\n|switch|p2a: King of the storm|Staraptor, F|100\/100\n|turn|62\n|\n|t:|1699990140\n|switch|p1a: Nice shot! Birdie!|Corviknight, F|75\/100\n|-damage|p1a: Nice shot! Birdie!|63\/100|[from] Stealth Rock\n|-ability|p1a: Nice shot! Birdie!|Pressure\n|move|p2a: King of the storm|Brave Bird|p1a: Nice shot! Birdie!\n|-resisted|p1a: Nice shot! Birdie!\n|-damage|p1a: Nice shot! Birdie!|30\/100\n|-damage|p2a: King of the storm|86\/100|[from] Recoil\n|\n|-weather|Snow|[upkeep]\n|-end|p1a: Nice shot! Birdie!|move: Future Sight\n|-resisted|p1a: Nice shot! Birdie!\n|-damage|p1a: Nice shot! Birdie!|9\/100\n|upkeep\n|turn|63\n|j| ThatJebshuckle\n|j| trailer broooo\n|\n|t:|1699990154\n|move|p2a: King of the storm|Brave Bird|p1a: Nice shot! Birdie!\n|-resisted|p1a: Nice shot! Birdie!\n|-damage|p1a: Nice shot! Birdie!|0 fnt\n|faint|p1a: Nice shot! Birdie!\n|-damage|p2a: King of the storm|83\/100|[from] Recoil\n|\n|-weather|Snow|[upkeep]\n|upkeep\n|\n|t:|1699990156\n|switch|p1a: Dash attack|Greninja, F, tera:Dark|51\/100\n|-damage|p1a: Dash attack|39\/100|[from] Stealth Rock\n|turn|64\n|\n|t:|1699990163\n|switch|p2a: Crystal sage|Slowking-Galar, F, tera:Water|100\/100 psn\n|move|p1a: Dash attack|Dark Pulse|p2a: Crystal sage\n|-damage|p2a: Crystal sage|71\/100 psn\n|\n|-weather|Snow|[upkeep]\n|-damage|p2a: Crystal sage|59\/100 psn|[from] psn\n|upkeep\n|turn|65\n|\n|t:|1699990174\n|switch|p1a: Good girl|Slowking-Galar, F|99\/100\n|move|p2a: Crystal sage|Chilly Reception|p2a: Crystal sage\n|\n|t:|1699990177\n|switch|p2a: King of the storm|Staraptor, F|83\/100|[from] Chilly Reception\n|\n|-weather|none\n|upkeep\n|turn|66\n|\n|t:|1699990179\n|move|p2a: King of the storm|Brave Bird|p1a: Good girl\n|-damage|p1a: Good girl|21\/100\n|-damage|p2a: King of the storm|50\/100|[from] Recoil\n|move|p1a: Good girl|Sludge Bomb|p2a: King of the storm\n|-damage|p2a: King of the storm|0 fnt\n|faint|p2a: King of the storm\n|\n|upkeep\n|\n|t:|1699990185\n|switch|p2a: Devourer of gods|Dondozo, M|100\/100\n|turn|67\n|c|\u2606Chedar Master|beautiful game honestly\n|j| brilliance12345678\n|inactive|Chedar Master has 120 seconds left.\n|c|\u2606NeedSleep123|agreed\n|j| LityL\n|\n|t:|1699990225\n|move|p2a: Devourer of gods|Liquidation|p1a: Good girl\n|-damage|p1a: Good girl|0 fnt\n|faint|p1a: Good girl\n|\n|upkeep\n|\n|t:|1699990227\n|switch|p1a: Dash attack|Greninja, F, tera:Dark|39\/100\n|-damage|p1a: Dash attack|27\/100|[from] Stealth Rock\n|turn|68\n|\n|t:|1699990228\n|move|p1a: Dash attack|Dark Pulse|p2a: Devourer of gods\n|-crit|p2a: Devourer of gods\n|-damage|p2a: Devourer of gods|33\/100\n|move|p2a: Devourer of gods|Body Press|p1a: Dash attack\n|-supereffective|p1a: Dash attack\n|-damage|p1a: Dash attack|0 fnt\n|faint|p1a: Dash attack\n|\n|win|NeedSleep123\n|raw|Chedar Master's rating: 1749 &rarr; <strong>1732<\/strong><br \/>(-17 for losing)\n|raw|NeedSleep123's rating: 1796 &rarr; <strong>1813<\/strong><br \/>(+17 for winning)\n|l| LityL\n|c|\u2606NeedSleep123|Gg\n|c|\u2606Chedar Master|gg wp\n|l|\u2606NeedSleep123\n","uploadtime":1699990235,"views":28,"p1id":"chedarmaster","p2id":"needsleep123","formatid":"gen9ou","rating":1732,"private":0,"password":""}