{"id":"gen9ou-1988827946","p1":"shrillx!","p2":"Oshwottking","format":"[Gen 9] OU","log":"|j|\u2606shrillx!\n|j|\u2606Oshwottking\n|t:|1699769319\n|gametype|singles\n|player|p1|shrillx!|psychic-gen4|1086\n|player|p2|Oshwottking|silver|1079\n|teamsize|p1|6\n|teamsize|p2|6\n|gen|9\n|tier|[Gen 9] OU\n|rated|\n|rule|Sleep Clause Mod: Limit one foe put to sleep\n|rule|Species Clause: Limit one of each Pok\u00e9mon\n|rule|OHKO Clause: OHKO moves are banned\n|rule|Evasion Items Clause: Evasion items are banned\n|rule|Evasion Moves Clause: Evasion moves are banned\n|rule|Endless Battle Clause: Forcing endless battles is banned\n|rule|HP Percentage Mod: HP is shown in percentages\n|clearpoke\n|poke|p1|Slaking, M|\n|poke|p1|Overqwil, F|\n|poke|p1|Trevenant, M|\n|poke|p1|Ninetales, F|\n|poke|p1|Squawkabilly-Yellow, M|\n|poke|p1|Gastrodon, M|\n|poke|p2|Ogerpon, F|\n|poke|p2|Blissey, F|\n|poke|p2|Corviknight, F|\n|poke|p2|Volcanion|\n|poke|p2|Great Tusk|\n|poke|p2|Goodra-Hisui, F|\n|teampreview\n|inactive|Battle timer is ON: inactive players will automatically lose when time's up. (requested by Oshwottking)\n|\n|t:|1699769336\n|start\n|switch|p1a: Squawkabilly|Squawkabilly-Yellow, M|100\/100\n|switch|p2a: Blissey|Blissey, F|100\/100\n|-ability|p1a: Squawkabilly|Intimidate|boost\n|-unboost|p2a: Blissey|atk|1\n|turn|1\n|\n|t:|1699769350\n|move|p1a: Squawkabilly|Parting Shot|p2a: Blissey\n|-unboost|p2a: Blissey|atk|1\n|-unboost|p2a: Blissey|spa|1\n|\n|t:|1699769355\n|switch|p1a: Trevenant|Trevenant, M, shiny|100\/100|[from] Parting Shot\n|move|p2a: Blissey|Stealth Rock|p1a: Trevenant\n|-sidestart|p1: shrillx!|move: Stealth Rock\n|\n|upkeep\n|turn|2\n|\n|t:|1699769365\n|switch|p2a: Corviknight|Corviknight, F|100\/100\n|-ability|p2a: Corviknight|Pressure\n|move|p1a: Trevenant|Leech Seed|p2a: Corviknight\n|-start|p2a: Corviknight|move: Leech Seed\n|\n|-damage|p2a: Corviknight|88\/100|[from] Leech Seed|[of] p1a: Trevenant\n|upkeep\n|turn|3\n|\n|t:|1699769382\n|move|p2a: Corviknight|U-turn|p1a: Trevenant\n|-damage|p1a: Trevenant|86\/100\n|\n|t:|1699769387\n|switch|p2a: Goodra|Goodra-Hisui, F|100\/100|[from] U-turn\n|move|p1a: Trevenant|Curse|p2a: Goodra\n|-start|p2a: Goodra|Curse|[of] p1a: Trevenant\n|-damage|p1a: Trevenant|36\/100\n|\n|-damage|p2a: Goodra|75\/100|[from] Curse\n|upkeep\n|turn|4\n|\n|t:|1699769404\n|switch|p2a: Blissey|Blissey, F|100\/100\n|switch|p1a: Ninetales|Ninetales, F, shiny|100\/100\n|-damage|p1a: Ninetales|75\/100|[from] Stealth Rock\n|-weather|SunnyDay|[from] ability: Drought|[of] p1a: Ninetales\n|\n|-weather|SunnyDay|[upkeep]\n|upkeep\n|turn|5\n|\n|t:|1699769412\n|move|p1a: Ninetales|Will-O-Wisp|p2a: Blissey|[miss]\n|-miss|p1a: Ninetales|p2a: Blissey\n|move|p2a: Blissey|Thunder Wave|p1a: Ninetales\n|-status|p1a: Ninetales|par\n|\n|-weather|SunnyDay|[upkeep]\n|upkeep\n|turn|6\n|\n|t:|1699769422\n|cant|p1a: Ninetales|par\n|move|p2a: Blissey|Seismic Toss|p1a: Ninetales\n|-damage|p1a: Ninetales|41\/100 par\n|\n|-weather|SunnyDay|[upkeep]\n|upkeep\n|turn|7\n|inactive|shrillx! has 120 seconds left.\n|\n|t:|1699769454\n|move|p1a: Ninetales|Spite|p2a: Blissey\n|-activate|p2a: Blissey|move: Spite|Seismic Toss|4\n|move|p2a: Blissey|Seismic Toss|p1a: Ninetales\n|-damage|p1a: Ninetales|6\/100 par\n|\n|-weather|SunnyDay|[upkeep]\n|upkeep\n|turn|8\n|\n|t:|1699769467\n|move|p1a: Ninetales|Spite|p2a: Blissey\n|-activate|p2a: Blissey|move: Spite|Seismic Toss|4\n|move|p2a: Blissey|Seismic Toss|p1a: Ninetales\n|-damage|p1a: Ninetales|0 fnt\n|faint|p1a: Ninetales\n|\n|-weather|SunnyDay|[upkeep]\n|upkeep\n|inactive|shrillx! has 120 seconds left.\n|\n|t:|1699769491\n|switch|p1a: Slaking|Slaking, M|100\/100\n|-damage|p1a: Slaking|88\/100|[from] Stealth Rock\n|turn|9\n|\n|t:|1699769505\n|-terastallize|p2a: Blissey|Ghost\n|move|p1a: Slaking|Knock Off|p2a: Blissey\n|-supereffective|p2a: Blissey\n|-damage|p2a: Blissey|30\/100\n|-enditem|p2a: Blissey|Heavy-Duty Boots|[from] move: Knock Off|[of] p1a: Slaking\n|move|p2a: Blissey|Thunder Wave|p1a: Slaking\n|-status|p1a: Slaking|par\n|\n|-weather|SunnyDay|[upkeep]\n|upkeep\n|turn|10\n|inactive|shrillx! has 120 seconds left.\n|\n|t:|1699769515\n|switch|p1a: Overqwil|Overqwil, F, shiny|100\/100\n|-damage|p1a: Overqwil|88\/100|[from] Stealth Rock\n|-ability|p1a: Overqwil|Intimidate|boost\n|-unboost|p2a: Blissey|atk|1\n|switch|p2a: Corviknight|Corviknight, F|88\/100\n|-ability|p2a: Corviknight|Pressure\n|\n|-weather|SunnyDay|[upkeep]\n|upkeep\n|turn|11\n|\n|t:|1699769525\n|switch|p1a: Trevenant|Trevenant, M, shiny|36\/100\n|-damage|p1a: Trevenant|23\/100|[from] Stealth Rock\n|-enditem|p1a: Trevenant|Mago Berry|[eat]\n|-heal|p1a: Trevenant|56\/100|[from] item: Mago Berry\n|move|p2a: Corviknight|U-turn|p1a: Trevenant\n|-damage|p1a: Trevenant|39\/100\n|\n|t:|1699769532\n|switch|p2a: Ogerpon|Ogerpon, F|100\/100|[from] U-turn\n|\n|-weather|none\n|upkeep\n|turn|12\n|\n|t:|1699769542\n|move|p2a: Ogerpon|U-turn|p1a: Trevenant\n|-damage|p1a: Trevenant|1\/100\n|\n|t:|1699769549\n|switch|p2a: Blissey|Blissey, F, tera:Ghost|30\/100|[from] U-turn\n|move|p1a: Trevenant|Curse|p2a: Blissey\n|-start|p2a: Blissey|Curse|[of] p1a: Trevenant\n|-damage|p1a: Trevenant|0 fnt\n|faint|p1a: Trevenant\n|\n|-damage|p2a: Blissey|5\/100|[from] Curse\n|upkeep\n|\n|t:|1699769555\n|switch|p1a: Overqwil|Overqwil, F, shiny|88\/100\n|-damage|p1a: Overqwil|76\/100|[from] Stealth Rock\n|-ability|p1a: Overqwil|Intimidate|boost\n|-unboost|p2a: Blissey|atk|1\n|turn|13\n|\n|t:|1699769570\n|move|p1a: Overqwil|Aqua Jet|p2a: Blissey\n|-damage|p2a: Blissey|0 fnt\n|faint|p2a: Blissey\n|\n|upkeep\n|\n|t:|1699769579\n|switch|p2a: Ogerpon|Ogerpon, F|100\/100\n|turn|14\n|\n|t:|1699769589\n|switch|p1a: Squawkabilly|Squawkabilly-Yellow, M|100\/100\n|-damage|p1a: Squawkabilly|75\/100|[from] Stealth Rock\n|-ability|p1a: Squawkabilly|Intimidate|boost\n|-unboost|p2a: Ogerpon|atk|1\n|-ability|p2a: Ogerpon|Defiant|boost\n|-boost|p2a: Ogerpon|atk|2\n|move|p2a: Ogerpon|Stomping Tantrum|p1a: Squawkabilly\n|-immune|p1a: Squawkabilly\n|\n|upkeep\n|turn|15\n|\n|t:|1699769599\n|switch|p2a: Goodra|Goodra-Hisui, F|75\/100\n|move|p1a: Squawkabilly|Dual Wingbeat|p2a: Goodra\n|-resisted|p2a: Goodra\n|-damage|p2a: Goodra|70\/100\n|-resisted|p2a: Goodra\n|-damage|p2a: Goodra|65\/100\n|-hitcount|p2a: Goodra|2\n|\n|upkeep\n|turn|16\n|\n|t:|1699769619\n|switch|p1a: Slaking|Slaking, M|88\/100 par\n|-damage|p1a: Slaking|76\/100 par|[from] Stealth Rock\n|move|p2a: Goodra|Ice Beam|p1a: Slaking\n|-damage|p1a: Slaking|44\/100 par\n|\n|upkeep\n|turn|17\n|\n|t:|1699769623\n|move|p1a: Slaking|Knock Off|p2a: Goodra\n|-damage|p2a: Goodra|21\/100\n|-enditem|p2a: Goodra|Assault Vest|[from] move: Knock Off|[of] p1a: Slaking\n|move|p2a: Goodra|Flash Cannon|p1a: Slaking\n|-damage|p1a: Slaking|3\/100 par\n|\n|upkeep\n|turn|18\n|\n|t:|1699769630\n|cant|p1a: Slaking|ability: Truant\n|move|p2a: Goodra|Flash Cannon|p1a: Slaking\n|-damage|p1a: Slaking|0 fnt\n|faint|p1a: Slaking\n|\n|upkeep\n|\n|t:|1699769635\n|switch|p1a: Gastrodon|Gastrodon, M, shiny|100\/100\n|-damage|p1a: Gastrodon|94\/100|[from] Stealth Rock\n|turn|19\n|\n|t:|1699769640\n|move|p2a: Goodra|Draco Meteor|p1a: Gastrodon\n|-damage|p1a: Gastrodon|41\/100\n|-unboost|p2a: Goodra|spa|2\n|move|p1a: Gastrodon|Yawn|p2a: Goodra\n|-start|p2a: Goodra|move: Yawn|[of] p1a: Gastrodon\n|\n|-heal|p1a: Gastrodon|47\/100|[from] item: Leftovers\n|upkeep\n|turn|20\n|\n|t:|1699769651\n|switch|p2a: Ogerpon|Ogerpon, F|100\/100\n|move|p1a: Gastrodon|Stealth Rock|p2a: Ogerpon\n|-sidestart|p2: Oshwottking|move: Stealth Rock\n|\n|-heal|p1a: Gastrodon|53\/100|[from] item: Leftovers\n|upkeep\n|turn|21\n|\n|t:|1699769661\n|switch|p1a: Squawkabilly|Squawkabilly-Yellow, M|75\/100\n|-damage|p1a: Squawkabilly|50\/100|[from] Stealth Rock\n|-ability|p1a: Squawkabilly|Intimidate|boost\n|-unboost|p2a: Ogerpon|atk|1\n|-ability|p2a: Ogerpon|Defiant|boost\n|-boost|p2a: Ogerpon|atk|2\n|move|p2a: Ogerpon|Ivy Cudgel|p1a: Squawkabilly\n|-resisted|p1a: Squawkabilly\n|-damage|p1a: Squawkabilly|0 fnt\n|faint|p1a: Squawkabilly\n|\n|upkeep\n|\n|t:|1699769667\n|switch|p1a: Overqwil|Overqwil, F, shiny|76\/100\n|-damage|p1a: Overqwil|64\/100|[from] Stealth Rock\n|-ability|p1a: Overqwil|Intimidate|boost\n|-unboost|p2a: Ogerpon|atk|1\n|-ability|p2a: Ogerpon|Defiant|boost\n|-boost|p2a: Ogerpon|atk|2\n|turn|22\n|\n|t:|1699769673\n|switch|p2a: Goodra|Goodra-Hisui, F|21\/100\n|-damage|p2a: Goodra|15\/100|[from] Stealth Rock\n|move|p1a: Overqwil|Barb Barrage|p2a: Goodra\n|-immune|p2a: Goodra\n|\n|upkeep\n|turn|23\n|\n|t:|1699769680\n|move|p1a: Overqwil|Barb Barrage|p2a: Goodra\n|-immune|p2a: Goodra\n|move|p2a: Goodra|Draco Meteor|p1a: Overqwil\n|-damage|p1a: Overqwil|0 fnt\n|-unboost|p2a: Goodra|spa|2\n|faint|p1a: Overqwil\n|\n|upkeep\n|\n|t:|1699769683\n|switch|p1a: Gastrodon|Gastrodon, M, shiny|53\/100\n|-damage|p1a: Gastrodon|47\/100|[from] Stealth Rock\n|turn|24\n|\n|t:|1699769689\n|move|p2a: Goodra|Draco Meteor|p1a: Gastrodon\n|-damage|p1a: Gastrodon|19\/100\n|-unboost|p2a: Goodra|spa|2\n|move|p1a: Gastrodon|Mud Shot|p2a: Goodra\n|-supereffective|p2a: Goodra\n|-damage|p2a: Goodra|0 fnt\n|faint|p2a: Goodra\n|\n|-heal|p1a: Gastrodon|25\/100|[from] item: Leftovers\n|upkeep\n|\n|t:|1699769695\n|switch|p2a: Ogerpon|Ogerpon, F|100\/100\n|-damage|p2a: Ogerpon|88\/100|[from] Stealth Rock\n|turn|25\n|\n|t:|1699769699\n|move|p2a: Ogerpon|Ivy Cudgel|p1a: Gastrodon\n|-supereffective|p1a: Gastrodon\n|-damage|p1a: Gastrodon|0 fnt\n|faint|p1a: Gastrodon\n|\n|win|Oshwottking\n|raw|shrillx!'s rating: 1086 &rarr; <strong>1063<\/strong><br \/>(-23 for losing)\n|raw|Oshwottking's rating: 1079 &rarr; <strong>1108<\/strong><br \/>(+29 for winning)\n|l|\u2606shrillx!\n","uploadtime":1699769704,"views":11,"p1id":"shrillx","p2id":"oshwottking","formatid":"gen9ou","rating":1063,"private":0,"password":""}