{"id":"gen9ou-1995965469","p1":"Kenetto108","p2":"Chieftaco33","format":"[Gen 9] OU","log":"|j|\u2606Kenetto108\n|j|\u2606Chieftaco33\n|t:|1700622931\n|gametype|singles\n|player|p1|Kenetto108|lusamine-nihilego|1468\n|player|p2|Chieftaco33|cyclist-gen4|1471\n|teamsize|p1|6\n|teamsize|p2|6\n|gen|9\n|tier|[Gen 9] OU\n|rated|\n|rule|Sleep Clause Mod: Limit one foe put to sleep\n|rule|Species Clause: Limit one of each Pok\u00e9mon\n|rule|OHKO Clause: OHKO moves are banned\n|rule|Evasion Items Clause: Evasion items are banned\n|rule|Evasion Moves Clause: Evasion moves are banned\n|rule|Endless Battle Clause: Forcing endless battles is banned\n|rule|HP Percentage Mod: HP is shown in percentages\n|clearpoke\n|poke|p1|Volcanion|\n|poke|p1|Ribombee, M|\n|poke|p1|Gholdengo|\n|poke|p1|Cresselia, F|\n|poke|p1|Zapdos|\n|poke|p1|Glimmora, F|\n|poke|p2|Dragapult, M|\n|poke|p2|Gholdengo|\n|poke|p2|Muk-Alola, M|\n|poke|p2|Great Tusk|\n|poke|p2|Amoonguss, M|\n|poke|p2|Moltres|\n|teampreview\n|inactive|Battle timer is ON: inactive players will automatically lose when time's up. (requested by Chieftaco33)\n|inactive|Kenetto108 also wants the timer to be on.\n|\n|t:|1700622959\n|start\n|switch|p1a: Ribombee|Ribombee, M|100\/100\n|switch|p2a: Dragapult|Dragapult, M|100\/100\n|turn|1\n|\n|t:|1700622965\n|move|p2a: Dragapult|U-turn|p1a: Ribombee\n|-resisted|p1a: Ribombee\n|-damage|p1a: Ribombee|61\/100\n|\n|t:|1700622969\n|switch|p2a: Moltres|Moltres|100\/100|[from] U-turn\n|move|p1a: Ribombee|Sticky Web|p2a: Moltres\n|-sidestart|p2: Chieftaco33|move: Sticky Web\n|\n|upkeep\n|turn|2\n|\n|t:|1700622976\n|move|p1a: Ribombee|Stun Spore|p2a: Moltres\n|-status|p2a: Moltres|par\n|move|p2a: Moltres|Flamethrower|p1a: Ribombee\n|-supereffective|p1a: Ribombee\n|-damage|p1a: Ribombee|0 fnt\n|faint|p1a: Ribombee\n|\n|upkeep\n|\n|t:|1700622995\n|switch|p1a: Glimmora|Glimmora, F|100\/100\n|turn|3\n|\n|t:|1700623002\n|switch|p2a: Gholdengo|Gholdengo|100\/100\n|-activate|p2a: Gholdengo|move: Sticky Web\n|-unboost|p2a: Gholdengo|spe|1\n|move|p1a: Glimmora|Acid Spray|p2a: Gholdengo\n|-immune|p2a: Gholdengo\n|\n|upkeep\n|turn|4\n|\n|t:|1700623013\n|switch|p1a: Volcanion|Volcanion|100\/100\n|move|p2a: Gholdengo|Make It Rain|p1a: Volcanion\n|-resisted|p1a: Volcanion\n|-damage|p1a: Volcanion|80\/100\n|-unboost|p2a: Gholdengo|spa|1\n|\n|upkeep\n|turn|5\n|\n|t:|1700623018\n|switch|p2a: Muk|Muk-Alola, M|100\/100\n|-activate|p2a: Muk|move: Sticky Web\n|-unboost|p2a: Muk|spe|1\n|move|p1a: Volcanion|Steam Eruption|p2a: Muk\n|-damage|p2a: Muk|61\/100\n|\n|-heal|p2a: Muk|67\/100|[from] item: Leftovers\n|upkeep\n|turn|6\n|\n|t:|1700623028\n|switch|p1a: Glimmora|Glimmora, F|100\/100\n|-terastallize|p2a: Muk|Water\n|move|p2a: Muk|Knock Off|p1a: Glimmora\n|-damage|p1a: Glimmora|73\/100\n|-activate|p1a: Glimmora|ability: Toxic Debris\n|-sidestart|p2: Chieftaco33|move: Toxic Spikes\n|-enditem|p1a: Glimmora|Red Card|[from] move: Knock Off|[of] p2a: Muk\n|\n|-heal|p2a: Muk|73\/100|[from] item: Leftovers\n|upkeep\n|turn|7\n|\n|t:|1700623035\n|move|p2a: Muk|Protect|p2a: Muk\n|-singleturn|p2a: Muk|Protect\n|move|p1a: Glimmora|Stealth Rock|p2a: Muk\n|-sidestart|p2: Chieftaco33|move: Stealth Rock\n|\n|-heal|p2a: Muk|79\/100|[from] item: Leftovers\n|upkeep\n|turn|8\n|\n|t:|1700623044\n|switch|p2a: Amoonguss|Amoonguss, M|100\/100\n|-activate|p2a: Amoonguss|move: Sticky Web\n|-unboost|p2a: Amoonguss|spe|1\n|-sideend|p2: Chieftaco33|move: Toxic Spikes|[of] p2a: Amoonguss\n|-damage|p2a: Amoonguss|88\/100|[from] Stealth Rock\n|move|p1a: Glimmora|Mortal Spin|p2a: Amoonguss\n|-damage|p2a: Amoonguss|84\/100\n|-enditem|p2a: Amoonguss|Red Card|[of] p1a: Glimmora\n|drag|p1a: Zapdos|Zapdos|100\/100\n|\n|upkeep\n|turn|9\n|\n|t:|1700623068\n|switch|p1a: Gholdengo|Gholdengo|100\/100\n|switch|p2a: Dragapult|Dragapult, M|100\/100\n|-activate|p2a: Dragapult|move: Sticky Web\n|-unboost|p2a: Dragapult|spe|1\n|-damage|p2a: Dragapult|88\/100|[from] Stealth Rock\n|\n|upkeep\n|turn|10\n|\n|t:|1700623076\n|switch|p2a: Moltres|Moltres|100\/100 par\n|switch|p1a: Glimmora|Glimmora, F|73\/100\n|\n|upkeep\n|turn|11\n|\n|t:|1700623090\n|switch|p2a: Gholdengo|Gholdengo|100\/100\n|-activate|p2a: Gholdengo|move: Sticky Web\n|-unboost|p2a: Gholdengo|spe|1\n|-damage|p2a: Gholdengo|94\/100|[from] Stealth Rock\n|move|p1a: Glimmora|Acid Spray|p2a: Gholdengo\n|-immune|p2a: Gholdengo\n|\n|upkeep\n|turn|12\n|\n|t:|1700623100\n|move|p2a: Gholdengo|Shadow Ball|p1a: Glimmora\n|-damage|p1a: Glimmora|30\/100\n|move|p1a: Glimmora|Earth Power|p2a: Gholdengo\n|-supereffective|p2a: Gholdengo\n|-crit|p2a: Gholdengo\n|-damage|p2a: Gholdengo|2\/100\n|\n|upkeep\n|turn|13\n|\n|t:|1700623108\n|move|p2a: Gholdengo|Shadow Ball|p1a: Glimmora\n|-damage|p1a: Glimmora|0 fnt\n|faint|p1a: Glimmora\n|\n|upkeep\n|\n|t:|1700623110\n|switch|p1a: Volcanion|Volcanion|80\/100\n|turn|14\n|\n|t:|1700623114\n|move|p1a: Volcanion|Steam Eruption|p2a: Gholdengo\n|-damage|p2a: Gholdengo|0 fnt\n|faint|p2a: Gholdengo\n|\n|upkeep\n|\n|t:|1700623121\n|switch|p2a: Muk|Muk-Alola, M, tera:Water|79\/100\n|-activate|p2a: Muk|move: Sticky Web\n|-unboost|p2a: Muk|spe|1\n|-damage|p2a: Muk|67\/100|[from] Stealth Rock\n|turn|15\n|\n|t:|1700623130\n|switch|p1a: Zapdos|Zapdos|100\/100\n|move|p2a: Muk|Poison Jab|p1a: Zapdos\n|-damage|p1a: Zapdos|74\/100\n|\n|-heal|p2a: Muk|73\/100|[from] item: Leftovers\n|upkeep\n|turn|16\n|\n|t:|1700623136\n|move|p2a: Muk|Protect|p2a: Muk\n|-singleturn|p2a: Muk|Protect\n|move|p1a: Zapdos|U-turn|p2a: Muk\n|-activate|p2a: Muk|move: Protect\n|\n|-heal|p2a: Muk|79\/100|[from] item: Leftovers\n|upkeep\n|turn|17\n|\n|t:|1700623147\n|move|p1a: Zapdos|Hurricane|p2a: Muk\n|-damage|p2a: Muk|50\/100\n|move|p2a: Muk|Knock Off|p1a: Zapdos\n|-damage|p1a: Zapdos|45\/100\n|-status|p2a: Muk|par|[from] ability: Static|[of] p1a: Zapdos\n|-enditem|p1a: Zapdos|Heavy-Duty Boots|[from] move: Knock Off|[of] p2a: Muk\n|\n|-heal|p2a: Muk|57\/100 par|[from] item: Leftovers\n|upkeep\n|turn|18\n|\n|t:|1700623152\n|move|p2a: Muk|Protect|p2a: Muk\n|-singleturn|p2a: Muk|Protect\n|move|p1a: Zapdos|Roost|p1a: Zapdos\n|-heal|p1a: Zapdos|95\/100\n|-singleturn|p1a: Zapdos|move: Roost\n|\n|-heal|p2a: Muk|63\/100 par|[from] item: Leftovers\n|upkeep\n|turn|19\n|\n|t:|1700623167\n|switch|p2a: Moltres|Moltres|100\/100 par\n|move|p1a: Zapdos|Hurricane|p2a: Moltres\n|-damage|p2a: Moltres|64\/100 par\n|\n|upkeep\n|turn|20\n|\n|t:|1700623174\n|move|p1a: Zapdos|Discharge|p2a: Moltres\n|-supereffective|p2a: Moltres\n|-damage|p2a: Moltres|10\/100 par\n|move|p2a: Moltres|U-turn|p1a: Zapdos\n|-resisted|p1a: Zapdos\n|-damage|p1a: Zapdos|89\/100\n|\n|t:|1700623179\n|switch|p2a: Dragapult|Dragapult, M|88\/100|[from] U-turn\n|-activate|p2a: Dragapult|move: Sticky Web\n|-unboost|p2a: Dragapult|spe|1\n|-damage|p2a: Dragapult|76\/100|[from] Stealth Rock\n|\n|upkeep\n|turn|21\n|\n|t:|1700623191\n|move|p1a: Zapdos|Discharge|p2a: Dragapult\n|-resisted|p2a: Dragapult\n|-damage|p2a: Dragapult|54\/100\n|-status|p2a: Dragapult|par\n|cant|p2a: Dragapult|par\n|\n|upkeep\n|turn|22\n|\n|t:|1700623197\n|move|p1a: Zapdos|Hurricane|p2a: Dragapult\n|-damage|p2a: Dragapult|0 fnt\n|faint|p2a: Dragapult\n|\n|upkeep\n|\n|t:|1700623212\n|switch|p2a: Amoonguss|Amoonguss, M|100\/100\n|-activate|p2a: Amoonguss|move: Sticky Web\n|-unboost|p2a: Amoonguss|spe|1\n|-damage|p2a: Amoonguss|88\/100|[from] Stealth Rock\n|turn|23\n|\n|t:|1700623218\n|move|p1a: Zapdos|U-turn|p2a: Amoonguss\n|-damage|p2a: Amoonguss|79\/100\n|\n|t:|1700623219\n|switch|p1a: Gholdengo|Gholdengo|100\/100|[from] U-turn\n|move|p2a: Amoonguss|Spore|p1a: Gholdengo\n|-immune|p1a: Gholdengo|[from] ability: Good as Gold\n|\n|upkeep\n|turn|24\n|\n|t:|1700623223\n|switch|p2a: Moltres|Moltres|10\/100 par\n|move|p1a: Gholdengo|Substitute|p1a: Gholdengo\n|-start|p1a: Gholdengo|Substitute\n|-damage|p1a: Gholdengo|75\/100\n|\n|-heal|p1a: Gholdengo|82\/100|[from] item: Leftovers\n|upkeep\n|turn|25\n|\n|t:|1700623227\n|move|p1a: Gholdengo|Nasty Plot|p1a: Gholdengo\n|-boost|p1a: Gholdengo|spa|2\n|move|p2a: Moltres|Flamethrower|p1a: Gholdengo\n|-supereffective|p1a: Gholdengo\n|-end|p1a: Gholdengo|Substitute\n|\n|-heal|p1a: Gholdengo|88\/100|[from] item: Leftovers\n|upkeep\n|turn|26\n|\n|t:|1700623230\n|move|p1a: Gholdengo|Substitute|p1a: Gholdengo\n|-start|p1a: Gholdengo|Substitute\n|-damage|p1a: Gholdengo|63\/100\n|move|p2a: Moltres|Flamethrower|p1a: Gholdengo\n|-supereffective|p1a: Gholdengo\n|-end|p1a: Gholdengo|Substitute\n|\n|-heal|p1a: Gholdengo|69\/100|[from] item: Leftovers\n|upkeep\n|turn|27\n|\n|t:|1700623233\n|move|p1a: Gholdengo|Substitute|p1a: Gholdengo\n|-start|p1a: Gholdengo|Substitute\n|-damage|p1a: Gholdengo|44\/100\n|move|p2a: Moltres|Flamethrower|p1a: Gholdengo\n|-supereffective|p1a: Gholdengo\n|-end|p1a: Gholdengo|Substitute\n|\n|-heal|p1a: Gholdengo|50\/100|[from] item: Leftovers\n|upkeep\n|turn|28\n|\n|t:|1700623239\n|move|p1a: Gholdengo|Substitute|p1a: Gholdengo\n|-start|p1a: Gholdengo|Substitute\n|-damage|p1a: Gholdengo|25\/100\n|cant|p2a: Moltres|par\n|\n|-heal|p1a: Gholdengo|32\/100|[from] item: Leftovers\n|upkeep\n|turn|29\n|\n|t:|1700623242\n|move|p1a: Gholdengo|Hex|p2a: Moltres\n|-damage|p2a: Moltres|0 fnt\n|faint|p2a: Moltres\n|\n|-heal|p1a: Gholdengo|38\/100|[from] item: Leftovers\n|upkeep\n|\n|t:|1700623247\n|switch|p2a: Muk|Muk-Alola, M, tera:Water|63\/100 par\n|-activate|p2a: Muk|move: Sticky Web\n|-unboost|p2a: Muk|spe|1\n|-damage|p2a: Muk|50\/100 par|[from] Stealth Rock\n|turn|30\n|\n|t:|1700623250\n|move|p1a: Gholdengo|Hex|p2a: Muk\n|-damage|p2a: Muk|0 fnt\n|faint|p2a: Muk\n|\n|-heal|p1a: Gholdengo|44\/100|[from] item: Leftovers\n|upkeep\n|\n|t:|1700623252\n|switch|p2a: Amoonguss|Amoonguss, M|100\/100\n|-activate|p2a: Amoonguss|move: Sticky Web\n|-unboost|p2a: Amoonguss|spe|1\n|-damage|p2a: Amoonguss|88\/100|[from] Stealth Rock\n|turn|31\n|\n|t:|1700623256\n|move|p1a: Gholdengo|Hex|p2a: Amoonguss\n|-damage|p2a: Amoonguss|32\/100\n|move|p2a: Amoonguss|Foul Play|p1a: Gholdengo\n|-supereffective|p1a: Gholdengo\n|-activate|p1a: Gholdengo|move: Substitute|[damage]\n|\n|-heal|p1a: Gholdengo|50\/100|[from] item: Leftovers\n|upkeep\n|turn|32\n|\n|t:|1700623263\n|move|p1a: Gholdengo|Nasty Plot|p1a: Gholdengo\n|-boost|p1a: Gholdengo|spa|2\n|move|p2a: Amoonguss|Foul Play|p1a: Gholdengo\n|-supereffective|p1a: Gholdengo\n|-end|p1a: Gholdengo|Substitute\n|\n|-heal|p1a: Gholdengo|57\/100|[from] item: Leftovers\n|upkeep\n|turn|33\n|\n|t:|1700623266\n|move|p1a: Gholdengo|Substitute|p1a: Gholdengo\n|-start|p1a: Gholdengo|Substitute\n|-damage|p1a: Gholdengo|32\/100\n|move|p2a: Amoonguss|Foul Play|p1a: Gholdengo\n|-supereffective|p1a: Gholdengo\n|-activate|p1a: Gholdengo|move: Substitute|[damage]\n|\n|-heal|p1a: Gholdengo|38\/100|[from] item: Leftovers\n|upkeep\n|turn|34\n|\n|t:|1700623268\n|move|p1a: Gholdengo|Hex|p2a: Amoonguss\n|-damage|p2a: Amoonguss|0 fnt\n|faint|p2a: Amoonguss\n|\n|-heal|p1a: Gholdengo|44\/100|[from] item: Leftovers\n|upkeep\n|\n|t:|1700623269\n|switch|p2a: Great Tusk|Great Tusk|100\/100\n|-activate|p2a: Great Tusk|move: Sticky Web\n|-unboost|p2a: Great Tusk|spe|1\n|-damage|p2a: Great Tusk|98\/100|[from] Stealth Rock\n|turn|35\n|\n|t:|1700623276\n|move|p1a: Gholdengo|Hex|p2a: Great Tusk\n|-damage|p2a: Great Tusk|0 fnt\n|faint|p2a: Great Tusk\n|-end|p2a: Great Tusk|Protosynthesis|[silent]\n|\n|win|Kenetto108\n|raw|Kenetto108's rating: 1468 &rarr; <strong>1488<\/strong><br \/>(+20 for winning)\n|raw|Chieftaco33's rating: 1471 &rarr; <strong>1451<\/strong><br \/>(-20 for losing)\n|c|\u2606Kenetto108|Gg\n","uploadtime":1700623286,"views":1,"p1id":"kenetto108","p2id":"chieftaco33","formatid":"gen9ou","rating":1451,"private":0,"password":""}