{"id":"gen9ou-1995989919","p1":"Poison Ivy Thorns","p2":"llcoollino","format":"[Gen 9] OU","log":"|j|\u2606Poison Ivy Thorns\n|j|\u2606llcoollino\n|t:|1700626072\n|gametype|singles\n|player|p1|Poison Ivy Thorns|unknown|1426\n|player|p2|llcoollino|2|1501\n|teamsize|p1|6\n|teamsize|p2|6\n|gen|9\n|tier|[Gen 9] OU\n|rated|\n|rule|Sleep Clause Mod: Limit one foe put to sleep\n|rule|Species Clause: Limit one of each Pok\u00e9mon\n|rule|OHKO Clause: OHKO moves are banned\n|rule|Evasion Items Clause: Evasion items are banned\n|rule|Evasion Moves Clause: Evasion moves are banned\n|rule|Endless Battle Clause: Forcing endless battles is banned\n|rule|HP Percentage Mod: HP is shown in percentages\n|clearpoke\n|poke|p1|Salamence, M|\n|poke|p1|Heatran, M|\n|poke|p1|Tyranitar, F|\n|poke|p1|Iron Valiant|\n|poke|p1|Samurott-Hisui, M|\n|poke|p1|Sandy Shocks|\n|poke|p2|Dragapult, F|\n|poke|p2|Zamazenta-*|\n|poke|p2|Scizor, M|\n|poke|p2|Greninja-*, M|\n|poke|p2|Iron Moth|\n|poke|p2|Kingambit, F|\n|teampreview\n|inactive|Battle timer is ON: inactive players will automatically lose when time's up. (requested by Poison Ivy Thorns)\n|\n|t:|1700626101\n|start\n|switch|p1a: Heatran|Heatran, M|100\/100\n|switch|p2a: Dragapult|Dragapult, F|100\/100\n|turn|1\n|\n|t:|1700626106\n|move|p1a: Heatran|Protect|p1a: Heatran\n|-singleturn|p1a: Heatran|Protect\n|move|p2a: Dragapult|Shadow Ball|p1a: Heatran\n|-activate|p1a: Heatran|move: Protect\n|\n|upkeep\n|turn|2\n|\n|t:|1700626112\n|move|p2a: Dragapult|Shadow Ball|p1a: Heatran\n|-damage|p1a: Heatran|70\/100\n|-damage|p2a: Dragapult|91\/100|[from] item: Life Orb\n|move|p1a: Heatran|Magma Storm|p2a: Dragapult\n|-resisted|p2a: Dragapult\n|-damage|p2a: Dragapult|63\/100\n|-activate|p2a: Dragapult|move: Magma Storm|[of] p1a: Heatran\n|\n|-heal|p1a: Heatran|76\/100|[from] item: Leftovers\n|-damage|p2a: Dragapult|51\/100|[from] move: Magma Storm|[partiallytrapped]\n|upkeep\n|turn|3\n|\n|t:|1700626116\n|move|p1a: Heatran|Protect|p1a: Heatran\n|-singleturn|p1a: Heatran|Protect\n|move|p2a: Dragapult|Shadow Ball|p1a: Heatran\n|-activate|p1a: Heatran|move: Protect\n|\n|-heal|p1a: Heatran|83\/100|[from] item: Leftovers\n|-damage|p2a: Dragapult|39\/100|[from] move: Magma Storm|[partiallytrapped]\n|upkeep\n|turn|4\n|\n|t:|1700626125\n|move|p2a: Dragapult|Shadow Ball|p1a: Heatran\n|-damage|p1a: Heatran|55\/100\n|-damage|p2a: Dragapult|29\/100|[from] item: Life Orb\n|move|p1a: Heatran|Earth Power|p2a: Dragapult\n|-damage|p2a: Dragapult|0 fnt\n|faint|p2a: Dragapult\n|\n|-heal|p1a: Heatran|62\/100|[from] item: Leftovers\n|upkeep\n|inactive|llcoollino has 120 seconds left.\n|\n|t:|1700626179\n|switch|p2a: Zamazenta|Zamazenta|100\/100\n|-ability|p2a: Zamazenta|Dauntless Shield|boost\n|-boost|p2a: Zamazenta|def|1\n|turn|5\n|\n|t:|1700626196\n|move|p1a: Heatran|Protect|p1a: Heatran\n|-singleturn|p1a: Heatran|Protect\n|move|p2a: Zamazenta|Close Combat|p1a: Heatran\n|-activate|p1a: Heatran|move: Protect\n|\n|-heal|p1a: Heatran|68\/100|[from] item: Leftovers\n|upkeep\n|turn|6\n|\n|t:|1700626202\n|switch|p1a: Salamence|Salamence, M|100\/100\n|move|p2a: Zamazenta|Ice Fang|p1a: Salamence\n|-supereffective|p1a: Salamence\n|-damage|p1a: Salamence|0 fnt\n|faint|p1a: Salamence\n|-damage|p2a: Zamazenta|91\/100|[from] item: Life Orb\n|\n|upkeep\n|\n|t:|1700626212\n|switch|p1a: Iron Valiant|Iron Valiant|100\/100\n|turn|7\n|inactive|llcoollino has 120 seconds left.\n|\n|t:|1700626236\n|-terastallize|p2a: Zamazenta|Fire\n|move|p2a: Zamazenta|Psychic Fangs|p1a: Iron Valiant\n|-supereffective|p1a: Iron Valiant\n|-damage|p1a: Iron Valiant|12\/100\n|-damage|p2a: Zamazenta|81\/100|[from] item: Life Orb\n|move|p1a: Iron Valiant|Moonblast|p2a: Zamazenta\n|-resisted|p2a: Zamazenta\n|-damage|p2a: Zamazenta|50\/100\n|-unboost|p2a: Zamazenta|spa|1\n|\n|upkeep\n|turn|8\n|\n|t:|1700626242\n|move|p2a: Zamazenta|Psychic Fangs|p1a: Iron Valiant\n|-supereffective|p1a: Iron Valiant\n|-damage|p1a: Iron Valiant|0 fnt\n|faint|p1a: Iron Valiant\n|-end|p1a: Iron Valiant|Quark Drive|[silent]\n|-damage|p2a: Zamazenta|40\/100|[from] item: Life Orb\n|\n|upkeep\n|\n|t:|1700626246\n|switch|p1a: Sandy Shocks|Sandy Shocks|100\/100\n|-enditem|p1a: Sandy Shocks|Booster Energy\n|-activate|p1a: Sandy Shocks|ability: Protosynthesis|[fromitem]\n|-start|p1a: Sandy Shocks|protosynthesisspe\n|turn|9\n|inactive|llcoollino has 120 seconds left.\n|\n|t:|1700626285\n|move|p1a: Sandy Shocks|Earth Power|p2a: Zamazenta\n|-supereffective|p2a: Zamazenta\n|-damage|p2a: Zamazenta|0 fnt\n|faint|p2a: Zamazenta\n|\n|upkeep\n|\n|t:|1700626291\n|switch|p2a: Scizor|Scizor, M|100\/100\n|turn|10\n|\n|t:|1700626295\n|move|p1a: Sandy Shocks|Earth Power|p2a: Scizor\n|-damage|p2a: Scizor|49\/100\n|move|p2a: Scizor|Close Combat|p1a: Sandy Shocks\n|-damage|p1a: Sandy Shocks|55\/100\n|-unboost|p2a: Scizor|def|1\n|-unboost|p2a: Scizor|spd|1\n|\n|upkeep\n|turn|11\n|inactive|llcoollino has 120 seconds left.\n|\n|t:|1700626309\n|switch|p2a: Greninja|Greninja, M|100\/100\n|move|p1a: Sandy Shocks|Earth Power|p2a: Greninja\n|-crit|p2a: Greninja\n|-damage|p2a: Greninja|0 fnt\n|faint|p2a: Greninja\n|\n|upkeep\n|\n|t:|1700626313\n|switch|p2a: Iron Moth|Iron Moth|100\/100\n|-enditem|p2a: Iron Moth|Booster Energy\n|-activate|p2a: Iron Moth|ability: Quark Drive|[fromitem]\n|-start|p2a: Iron Moth|quarkdrivespe\n|turn|12\n|\n|t:|1700626329\n|-end|p1a: Sandy Shocks|Protosynthesis|[silent]\n|switch|p1a: Heatran|Heatran, M|68\/100\n|move|p2a: Iron Moth|Energy Ball|p1a: Heatran\n|-resisted|p1a: Heatran\n|-damage|p1a: Heatran|63\/100\n|\n|-heal|p1a: Heatran|69\/100|[from] item: Leftovers\n|upkeep\n|turn|13\n|\n|t:|1700626336\n|-end|p2a: Iron Moth|Quark Drive|[silent]\n|switch|p2a: Scizor|Scizor, M|49\/100\n|move|p1a: Heatran|Earth Power|p2a: Scizor\n|-damage|p2a: Scizor|16\/100\n|\n|-heal|p1a: Heatran|75\/100|[from] item: Leftovers\n|upkeep\n|turn|14\n|\n|t:|1700626342\n|move|p1a: Heatran|Protect|p1a: Heatran\n|-singleturn|p1a: Heatran|Protect\n|move|p2a: Scizor|Close Combat|p1a: Heatran\n|-activate|p1a: Heatran|move: Protect\n|\n|-heal|p1a: Heatran|82\/100|[from] item: Leftovers\n|upkeep\n|turn|15\n|\n|t:|1700626364\n|switch|p1a: Tyranitar|Tyranitar, F|100\/100\n|-weather|Sandstorm|[from] ability: Sand Stream|[of] p1a: Tyranitar\n|move|p2a: Scizor|Close Combat|p1a: Tyranitar\n|-supereffective|p1a: Tyranitar\n|-damage|p1a: Tyranitar|0 fnt\n|-unboost|p2a: Scizor|def|1\n|-unboost|p2a: Scizor|spd|1\n|faint|p1a: Tyranitar\n|\n|-weather|Sandstorm|[upkeep]\n|upkeep\n|\n|t:|1700626367\n|switch|p1a: Sandy Shocks|Sandy Shocks|55\/100\n|turn|16\n|\n|t:|1700626373\n|move|p2a: Scizor|Bullet Punch|p1a: Sandy Shocks\n|-resisted|p1a: Sandy Shocks\n|-damage|p1a: Sandy Shocks|34\/100\n|move|p1a: Sandy Shocks|Earth Power|p2a: Scizor\n|-damage|p2a: Scizor|0 fnt\n|faint|p2a: Scizor\n|\n|-weather|Sandstorm|[upkeep]\n|upkeep\n|\n|t:|1700626382\n|switch|p2a: Iron Moth|Iron Moth|100\/100\n|turn|17\n|\n|t:|1700626387\n|move|p2a: Iron Moth|Energy Ball|p1a: Sandy Shocks\n|-supereffective|p1a: Sandy Shocks\n|-damage|p1a: Sandy Shocks|0 fnt\n|faint|p1a: Sandy Shocks\n|-end|p1a: Sandy Shocks|Protosynthesis|[silent]\n|\n|-weather|Sandstorm|[upkeep]\n|-damage|p2a: Iron Moth|94\/100|[from] Sandstorm\n|upkeep\n|\n|t:|1700626390\n|switch|p1a: Heatran|Heatran, M|82\/100\n|turn|18\n|\n|t:|1700626394\n|move|p2a: Iron Moth|Psychic|p1a: Heatran\n|-resisted|p1a: Heatran\n|-damage|p1a: Heatran|73\/100\n|move|p1a: Heatran|Earth Power|p2a: Iron Moth\n|-supereffective|p2a: Iron Moth\n|-damage|p2a: Iron Moth|0 fnt\n|faint|p2a: Iron Moth\n|-end|p2a: Iron Moth|Quark Drive|[silent]\n|\n|-weather|Sandstorm|[upkeep]\n|-heal|p1a: Heatran|79\/100|[from] item: Leftovers\n|upkeep\n|\n|t:|1700626397\n|switch|p2a: Kingambit|Kingambit, F|100\/100\n|-activate|p2a: Kingambit|ability: Supreme Overlord\n|-start|p2a: Kingambit|fallen5|[silent]\n|turn|19\n|\n|t:|1700626401\n|move|p2a: Kingambit|Sucker Punch||[still]\n|-fail|p2a: Kingambit\n|move|p1a: Heatran|Taunt|p2a: Kingambit\n|-start|p2a: Kingambit|move: Taunt\n|\n|-weather|none\n|-heal|p1a: Heatran|85\/100|[from] item: Leftovers\n|upkeep\n|turn|20\n|\n|t:|1700626405\n|move|p2a: Kingambit|Sucker Punch|p1a: Heatran\n|-damage|p1a: Heatran|37\/100\n|move|p1a: Heatran|Magma Storm|p2a: Kingambit\n|-supereffective|p2a: Kingambit\n|-damage|p2a: Kingambit|17\/100\n|-activate|p2a: Kingambit|move: Magma Storm|[of] p1a: Heatran\n|\n|-heal|p1a: Heatran|43\/100|[from] item: Leftovers\n|-heal|p2a: Kingambit|24\/100|[from] item: Leftovers\n|-damage|p2a: Kingambit|11\/100|[from] move: Magma Storm|[partiallytrapped]\n|upkeep\n|turn|21\n|\n|t:|1700626408\n|move|p1a: Heatran|Protect|p1a: Heatran\n|-singleturn|p1a: Heatran|Protect\n|move|p2a: Kingambit|Sucker Punch||[still]\n|-fail|p2a: Kingambit\n|\n|-heal|p1a: Heatran|49\/100|[from] item: Leftovers\n|-heal|p2a: Kingambit|17\/100|[from] item: Leftovers\n|-damage|p2a: Kingambit|5\/100|[from] move: Magma Storm|[partiallytrapped]\n|upkeep\n|turn|22\n|c|\u2606Poison Ivy Thorns|gg\n|\n|t:|1700626411\n|move|p2a: Kingambit|Sucker Punch|p1a: Heatran\n|-damage|p1a: Heatran|1\/100\n|move|p1a: Heatran|Earth Power|p2a: Kingambit\n|-supereffective|p2a: Kingambit\n|-damage|p2a: Kingambit|0 fnt\n|faint|p2a: Kingambit\n|-end|p2a: Kingambit|fallen5|[silent]\n|\n|win|Poison Ivy Thorns\n|raw|Poison Ivy Thorns's rating: 1426 &rarr; <strong>1450<\/strong><br \/>(+24 for winning)\n|raw|llcoollino's rating: 1501 &rarr; <strong>1477<\/strong><br \/>(-24 for losing)\n","uploadtime":1700626416,"views":1,"p1id":"poisonivythorns","p2id":"llcoollino","formatid":"gen9ou","rating":1450,"private":0,"password":""}