{"id":"gen9ou-1989092084","p1":"Euffygcdkjv","p2":"Prav33n","format":"[Gen 9] OU","log":"|j|\u2606Euffygcdkjv\n|j|\u2606Prav33n\n|t:|1699811274\n|gametype|singles\n|player|p1|Euffygcdkjv|riley|1490\n|player|p2|Prav33n|unknown|1385\n|teamsize|p1|6\n|teamsize|p2|6\n|gen|9\n|tier|[Gen 9] OU\n|rated|\n|rule|Sleep Clause Mod: Limit one foe put to sleep\n|rule|Species Clause: Limit one of each Pok\u00e9mon\n|rule|OHKO Clause: OHKO moves are banned\n|rule|Evasion Items Clause: Evasion items are banned\n|rule|Evasion Moves Clause: Evasion moves are banned\n|rule|Endless Battle Clause: Forcing endless battles is banned\n|rule|HP Percentage Mod: HP is shown in percentages\n|clearpoke\n|poke|p1|Jirachi|\n|poke|p1|Samurott-Hisui, F|\n|poke|p1|Iron Valiant|\n|poke|p1|Iron Treads|\n|poke|p1|Kingambit, F|\n|poke|p1|Garchomp, M|\n|poke|p2|Ogerpon-Cornerstone, F|\n|poke|p2|Sneasler, F|\n|poke|p2|Rillaboom, M|\n|poke|p2|Manaphy|\n|poke|p2|Gholdengo|\n|poke|p2|Great Tusk|\n|teampreview\n|inactive|Battle timer is ON: inactive players will automatically lose when time's up. (requested by Euffygcdkjv)\n|\n|t:|1699811286\n|start\n|switch|p1a: Jirachi|Jirachi|100\/100\n|switch|p2a: Ogerpon|Ogerpon-Cornerstone, F|100\/100\n|turn|1\n|\n|t:|1699811296\n|move|p2a: Ogerpon|Spikes|p1a: Jirachi\n|-sidestart|p1: Euffygcdkjv|Spikes\n|move|p1a: Jirachi|Doom Desire|p2a: Ogerpon\n|-start|p1a: Jirachi|Doom Desire\n|\n|upkeep\n|turn|2\n|\n|t:|1699811301\n|move|p2a: Ogerpon|Spikes|p1a: Jirachi\n|-sidestart|p1: Euffygcdkjv|Spikes\n|move|p1a: Jirachi|Stealth Rock|p2a: Ogerpon\n|-sidestart|p2: Prav33n|move: Stealth Rock\n|\n|upkeep\n|turn|3\n|\n|t:|1699811306\n|move|p2a: Ogerpon|Spikes|p1a: Jirachi\n|-sidestart|p1: Euffygcdkjv|Spikes\n|move|p1a: Jirachi|U-turn|p2a: Ogerpon\n|-supereffective|p2a: Ogerpon\n|-damage|p2a: Ogerpon|65\/100\n|\n|t:|1699811309\n|switch|p1a: Iron Treads|Iron Treads|100\/100|[from] U-turn\n|-damage|p1a: Iron Treads|76\/100|[from] Spikes\n|\n|-end|p2a: Ogerpon|move: Doom Desire\n|-supereffective|p2a: Ogerpon\n|-damage|p2a: Ogerpon|0 fnt\n|faint|p2a: Ogerpon\n|-heal|p1a: Iron Treads|82\/100|[from] item: Leftovers\n|upkeep\n|\n|t:|1699811325\n|switch|p2a: Tuskity|Great Tusk|100\/100\n|-damage|p2a: Tuskity|98\/100|[from] Stealth Rock\n|-enditem|p2a: Tuskity|Booster Energy\n|-activate|p2a: Tuskity|ability: Protosynthesis|[fromitem]\n|-start|p2a: Tuskity|protosynthesisspe\n|turn|4\n|\n|t:|1699811331\n|move|p2a: Tuskity|Rapid Spin|p1a: Iron Treads\n|-resisted|p1a: Iron Treads\n|-damage|p1a: Iron Treads|75\/100\n|-boost|p2a: Tuskity|spe|1\n|-sideend|p2: Prav33n|Stealth Rock|[from] move: Rapid Spin|[of] p2a: Tuskity\n|move|p1a: Iron Treads|Rapid Spin|p2a: Tuskity\n|-damage|p2a: Tuskity|91\/100\n|-boost|p1a: Iron Treads|spe|1\n|-sideend|p1: Euffygcdkjv|Spikes|[from] move: Rapid Spin|[of] p1a: Iron Treads\n|\n|-heal|p1a: Iron Treads|81\/100|[from] item: Leftovers\n|upkeep\n|turn|5\n|\n|t:|1699811333\n|move|p2a: Tuskity|Bulk Up|p2a: Tuskity\n|-boost|p2a: Tuskity|atk|1\n|-boost|p2a: Tuskity|def|1\n|move|p1a: Iron Treads|Steel Beam|p2a: Tuskity\n|-damage|p2a: Tuskity|25\/100\n|-damage|p1a: Iron Treads|31\/100|[from] steelbeam\n|\n|-heal|p1a: Iron Treads|38\/100|[from] item: Leftovers\n|upkeep\n|turn|6\n|\n|t:|1699811338\n|move|p2a: Tuskity|Ice Spinner|p1a: Iron Treads\n|-damage|p1a: Iron Treads|5\/100\n|move|p1a: Iron Treads|Steel Beam|p2a: Tuskity\n|-damage|p2a: Tuskity|0 fnt\n|-damage|p1a: Iron Treads|0 fnt|[from] steelbeam\n|faint|p1a: Iron Treads\n|-end|p1a: Iron Treads|Quark Drive|[silent]\n|faint|p2a: Tuskity\n|-end|p2a: Tuskity|Protosynthesis|[silent]\n|\n|upkeep\n|\n|t:|1699811354\n|switch|p1a: Samurott|Samurott-Hisui, F|100\/100\n|switch|p2a: Exploud the 2nd|Rillaboom, M|100\/100\n|-fieldstart|move: Grassy Terrain|[from] ability: Grassy Surge|[of] p2a: Exploud the 2nd\n|turn|7\n|\n|t:|1699811363\n|switch|p1a: Garchomp|Garchomp, M|100\/100\n|move|p2a: Exploud the 2nd|Grassy Glide|p1a: Garchomp\n|-damage|p1a: Garchomp|70\/100\n|-damage|p2a: Exploud the 2nd|88\/100|[from] ability: Rough Skin|[of] p1a: Garchomp\n|-damage|p2a: Exploud the 2nd|72\/100|[from] item: Rocky Helmet|[of] p1a: Garchomp\n|\n|-heal|p2a: Exploud the 2nd|78\/100|[from] Grassy Terrain\n|-heal|p1a: Garchomp|76\/100|[from] Grassy Terrain\n|upkeep\n|turn|8\n|\n|t:|1699811379\n|switch|p2a: Chesstring|Gholdengo|100\/100\n|-item|p2a: Chesstring|Air Balloon\n|move|p1a: Garchomp|Spikes|p2a: Chesstring\n|-sidestart|p2: Prav33n|Spikes\n|\n|-heal|p1a: Garchomp|82\/100|[from] Grassy Terrain\n|upkeep\n|turn|9\n|\n|t:|1699811384\n|move|p2a: Chesstring|Make It Rain|p1a: Garchomp\n|-damage|p1a: Garchomp|24\/100\n|-unboost|p2a: Chesstring|spa|1\n|move|p1a: Garchomp|Dragon Tail|p2a: Chesstring\n|-resisted|p2a: Chesstring\n|-damage|p2a: Chesstring|87\/100\n|-enditem|p2a: Chesstring|Air Balloon\n|drag|p2a: Exploud the 2nd|Rillaboom, M|78\/100\n|-damage|p2a: Exploud the 2nd|66\/100|[from] Spikes\n|\n|-heal|p2a: Exploud the 2nd|72\/100|[from] Grassy Terrain\n|-heal|p1a: Garchomp|30\/100|[from] Grassy Terrain\n|upkeep\n|turn|10\n|\n|t:|1699811392\n|switch|p2a: Chesstring|Gholdengo|87\/100\n|-damage|p2a: Chesstring|75\/100|[from] Spikes\n|switch|p1a: Jirachi|Jirachi|100\/100\n|\n|-heal|p2a: Chesstring|81\/100|[from] Grassy Terrain\n|upkeep\n|turn|11\n|\n|t:|1699811395\n|move|p2a: Chesstring|Shadow Ball|p1a: Jirachi\n|-supereffective|p1a: Jirachi\n|-damage|p1a: Jirachi|49\/100\n|move|p1a: Jirachi|Doom Desire|p2a: Chesstring\n|-start|p1a: Jirachi|Doom Desire\n|\n|-heal|p2a: Chesstring|87\/100|[from] Grassy Terrain\n|-heal|p1a: Jirachi|55\/100|[from] Grassy Terrain\n|-heal|p1a: Jirachi|61\/100|[from] item: Leftovers\n|-fieldend|move: Grassy Terrain\n|upkeep\n|turn|12\n|\n|t:|1699811399\n|switch|p1a: Kingambit|Kingambit, F|100\/100\n|-activate|p1a: Kingambit|ability: Supreme Overlord\n|-start|p1a: Kingambit|fallen1|[silent]\n|move|p2a: Chesstring|Nasty Plot|p2a: Chesstring\n|-boost|p2a: Chesstring|spa|2\n|\n|upkeep\n|turn|13\n|\n|t:|1699811412\n|switch|p2a: Manaphy|Manaphy|100\/100\n|-damage|p2a: Manaphy|88\/100|[from] Spikes\n|move|p1a: Kingambit|Sucker Punch||[still]\n|-fail|p1a: Kingambit\n|\n|-end|p2a: Manaphy|move: Doom Desire\n|-resisted|p2a: Manaphy\n|-damage|p2a: Manaphy|69\/100\n|-heal|p2a: Manaphy|75\/100|[from] item: Leftovers\n|upkeep\n|turn|14\n|\n|t:|1699811430\n|switch|p2a: Exploud the 2nd|Rillaboom, M|72\/100\n|-damage|p2a: Exploud the 2nd|59\/100|[from] Spikes\n|-fieldstart|move: Grassy Terrain|[from] ability: Grassy Surge|[of] p2a: Exploud the 2nd\n|move|p1a: Kingambit|Swords Dance|p1a: Kingambit\n|-boost|p1a: Kingambit|atk|2\n|\n|-heal|p2a: Exploud the 2nd|66\/100|[from] Grassy Terrain\n|upkeep\n|turn|15\n|\n|t:|1699811436\n|move|p2a: Exploud the 2nd|Drain Punch|p1a: Kingambit\n|-supereffective|p1a: Kingambit\n|-damage|p1a: Kingambit|0 fnt\n|-heal|p2a: Exploud the 2nd|100\/100|[from] drain|[of] p1a: Kingambit\n|faint|p1a: Kingambit\n|-end|p1a: Kingambit|fallen1|[silent]\n|\n|upkeep\n|\n|t:|1699811440\n|switch|p1a: Iron Valiant|Iron Valiant|100\/100\n|-enditem|p1a: Iron Valiant|Booster Energy\n|-activate|p1a: Iron Valiant|ability: Quark Drive|[fromitem]\n|-start|p1a: Iron Valiant|quarkdrivespe\n|turn|16\n|\n|t:|1699811447\n|switch|p2a: Chesstring|Gholdengo|87\/100\n|-damage|p2a: Chesstring|74\/100|[from] Spikes\n|move|p1a: Iron Valiant|Swords Dance|p1a: Iron Valiant\n|-boost|p1a: Iron Valiant|atk|2\n|\n|-heal|p2a: Chesstring|80\/100|[from] Grassy Terrain\n|upkeep\n|turn|17\n|\n|t:|1699811453\n|-terastallize|p1a: Iron Valiant|Dark\n|-terastallize|p2a: Chesstring|Fairy\n|move|p1a: Iron Valiant|Knock Off|p2a: Chesstring\n|-resisted|p2a: Chesstring\n|-damage|p2a: Chesstring|46\/100\n|move|p2a: Chesstring|Make It Rain|p1a: Iron Valiant\n|-damage|p1a: Iron Valiant|0 fnt\n|-unboost|p2a: Chesstring|spa|1\n|faint|p1a: Iron Valiant\n|-end|p1a: Iron Valiant|Quark Drive|[silent]\n|\n|-heal|p2a: Chesstring|52\/100|[from] Grassy Terrain\n|upkeep\n|\n|t:|1699811468\n|switch|p1a: Garchomp|Garchomp, M|30\/100\n|turn|18\n|\n|t:|1699811482\n|switch|p2a: Exploud the 2nd|Rillaboom, M|100\/100\n|-damage|p2a: Exploud the 2nd|88\/100|[from] Spikes\n|move|p1a: Garchomp|Iron Head|p2a: Exploud the 2nd\n|-damage|p2a: Exploud the 2nd|63\/100\n|\n|-heal|p2a: Exploud the 2nd|69\/100|[from] Grassy Terrain\n|-heal|p1a: Garchomp|37\/100|[from] Grassy Terrain\n|-fieldend|move: Grassy Terrain\n|upkeep\n|turn|19\n|\n|t:|1699811491\n|switch|p2a: Manaphy|Manaphy|75\/100\n|-damage|p2a: Manaphy|63\/100|[from] Spikes\n|switch|p1a: Jirachi|Jirachi|61\/100\n|\n|-heal|p2a: Manaphy|69\/100|[from] item: Leftovers\n|-heal|p1a: Jirachi|67\/100|[from] item: Leftovers\n|upkeep\n|turn|20\n|\n|t:|1699811497\n|move|p2a: Manaphy|Scald|p1a: Jirachi\n|-damage|p1a: Jirachi|49\/100\n|-status|p1a: Jirachi|brn\n|move|p1a: Jirachi|Wish|p1a: Jirachi\n|\n|-heal|p2a: Manaphy|75\/100|[from] item: Leftovers\n|-heal|p1a: Jirachi|55\/100 brn|[from] item: Leftovers\n|-damage|p1a: Jirachi|49\/100 brn|[from] brn\n|upkeep\n|turn|21\n|\n|t:|1699811502\n|move|p2a: Manaphy|Take Heart|p2a: Manaphy\n|-boost|p2a: Manaphy|spa|1\n|-boost|p2a: Manaphy|spd|1\n|move|p1a: Jirachi|Doom Desire|p2a: Manaphy\n|-start|p1a: Jirachi|Doom Desire\n|\n|-heal|p1a: Jirachi|99\/100 brn|[from] move: Wish|[wisher] Jirachi\n|-heal|p2a: Manaphy|81\/100|[from] item: Leftovers\n|-heal|p1a: Jirachi|100\/100 brn|[from] item: Leftovers\n|-damage|p1a: Jirachi|94\/100 brn|[from] brn\n|upkeep\n|turn|22\n|\n|t:|1699811504\n|move|p2a: Manaphy|Take Heart|p2a: Manaphy\n|-boost|p2a: Manaphy|spa|1\n|-boost|p2a: Manaphy|spd|1\n|move|p1a: Jirachi|Wish|p1a: Jirachi\n|\n|-heal|p2a: Manaphy|87\/100|[from] item: Leftovers\n|-heal|p1a: Jirachi|100\/100 brn|[from] item: Leftovers\n|-damage|p1a: Jirachi|94\/100 brn|[from] brn\n|upkeep\n|turn|23\n|\n|t:|1699811507\n|move|p2a: Manaphy|Scald|p1a: Jirachi\n|-damage|p1a: Jirachi|58\/100 brn\n|move|p1a: Jirachi|U-turn|p2a: Manaphy\n|-damage|p2a: Manaphy|82\/100\n|\n|t:|1699811508\n|switch|p1a: Garchomp|Garchomp, M|37\/100|[from] U-turn\n|\n|-end|p2a: Manaphy|move: Doom Desire\n|-resisted|p2a: Manaphy\n|-damage|p2a: Manaphy|73\/100\n|-heal|p1a: Garchomp|85\/100|[from] move: Wish|[wisher] Jirachi\n|-heal|p2a: Manaphy|79\/100|[from] item: Leftovers\n|upkeep\n|turn|24\n|\n|t:|1699811512\n|move|p2a: Manaphy|Scald|p1a: Garchomp\n|-damage|p1a: Garchomp|31\/100\n|-status|p1a: Garchomp|brn\n|move|p1a: Garchomp|Dragon Tail|p2a: Manaphy\n|-damage|p2a: Manaphy|71\/100\n|drag|p2a: Exploud the 2nd|Rillaboom, M|69\/100\n|-damage|p2a: Exploud the 2nd|57\/100|[from] Spikes\n|-fieldstart|move: Grassy Terrain|[from] ability: Grassy Surge|[of] p2a: Exploud the 2nd\n|\n|-heal|p2a: Exploud the 2nd|63\/100|[from] Grassy Terrain\n|-heal|p1a: Garchomp|37\/100 brn|[from] Grassy Terrain\n|-damage|p1a: Garchomp|31\/100 brn|[from] brn\n|upkeep\n|turn|25\n|\n|t:|1699811522\n|switch|p2a: Manaphy|Manaphy|71\/100\n|-damage|p2a: Manaphy|59\/100|[from] Spikes\n|switch|p1a: Jirachi|Jirachi|58\/100 brn\n|\n|-heal|p2a: Manaphy|65\/100|[from] Grassy Terrain\n|-heal|p2a: Manaphy|71\/100|[from] item: Leftovers\n|-heal|p1a: Jirachi|65\/100 brn|[from] Grassy Terrain\n|-heal|p1a: Jirachi|71\/100 brn|[from] item: Leftovers\n|-damage|p1a: Jirachi|65\/100 brn|[from] brn\n|upkeep\n|turn|26\n|\n|t:|1699811528\n|move|p2a: Manaphy|Take Heart|p2a: Manaphy\n|-boost|p2a: Manaphy|spa|1\n|-boost|p2a: Manaphy|spd|1\n|move|p1a: Jirachi|Doom Desire|p2a: Manaphy\n|-start|p1a: Jirachi|Doom Desire\n|\n|-heal|p2a: Manaphy|77\/100|[from] Grassy Terrain\n|-heal|p2a: Manaphy|83\/100|[from] item: Leftovers\n|-heal|p1a: Jirachi|71\/100 brn|[from] Grassy Terrain\n|-heal|p1a: Jirachi|77\/100 brn|[from] item: Leftovers\n|-damage|p1a: Jirachi|71\/100 brn|[from] brn\n|upkeep\n|turn|27\n|\n|t:|1699811533\n|move|p2a: Manaphy|Take Heart|p2a: Manaphy\n|-boost|p2a: Manaphy|spa|1\n|-boost|p2a: Manaphy|spd|1\n|move|p1a: Jirachi|U-turn|p2a: Manaphy\n|-damage|p2a: Manaphy|79\/100\n|\n|t:|1699811536\n|switch|p1a: Samurott|Samurott-Hisui, F|100\/100|[from] U-turn\n|\n|-heal|p2a: Manaphy|85\/100|[from] Grassy Terrain\n|-heal|p2a: Manaphy|91\/100|[from] item: Leftovers\n|upkeep\n|turn|28\n|\n|t:|1699811539\n|move|p1a: Samurott|Ceaseless Edge|p2a: Manaphy\n|-damage|p2a: Manaphy|61\/100\n|-sidestart|p2: Prav33n|Spikes\n|move|p2a: Manaphy|Energy Ball|p1a: Samurott\n|-supereffective|p1a: Samurott\n|-damage|p1a: Samurott|0 fnt\n|faint|p1a: Samurott\n|\n|-end|p2a: Manaphy|move: Doom Desire\n|-resisted|p2a: Manaphy\n|-damage|p2a: Manaphy|50\/100\n|-heal|p2a: Manaphy|56\/100|[from] Grassy Terrain\n|-heal|p2a: Manaphy|63\/100|[from] item: Leftovers\n|-fieldend|move: Grassy Terrain\n|upkeep\n|\n|t:|1699811546\n|switch|p1a: Garchomp|Garchomp, M|31\/100 brn\n|turn|29\n|\n|t:|1699811549\n|move|p2a: Manaphy|Scald|p1a: Garchomp\n|-damage|p1a: Garchomp|0 fnt\n|faint|p1a: Garchomp\n|\n|-heal|p2a: Manaphy|69\/100|[from] item: Leftovers\n|upkeep\n|-message|Euffygcdkjv forfeited.\n|\n|win|Prav33n\n|raw|Euffygcdkjv's rating: 1490 &rarr; <strong>1464<\/strong><br \/>(-26 for losing)\n|raw|Prav33n's rating: 1385 &rarr; <strong>1411<\/strong><br \/>(+26 for winning)\n|l|\u2606Euffygcdkjv\n","uploadtime":1699811554,"views":10,"p1id":"euffygcdkjv","p2id":"prav33n","formatid":"gen9ou","rating":1411,"private":0,"password":""}