{"id":"gen9ou-2000426272","p1":"morenojatniel","p2":"wrhior","format":"[Gen 9] OU","log":"|j|\u2606morenojatniel\n|j|\u2606wrhior\n|t:|1701193806\n|gametype|singles\n|player|p1|morenojatniel|barry|1000\n|player|p2|wrhior|alec-anime|1000\n|teamsize|p1|6\n|teamsize|p2|6\n|gen|9\n|tier|[Gen 9] OU\n|rated|\n|rule|Sleep Clause Mod: Limit one foe put to sleep\n|rule|Species Clause: Limit one of each Pok\u00e9mon\n|rule|OHKO Clause: OHKO moves are banned\n|rule|Evasion Items Clause: Evasion items are banned\n|rule|Evasion Moves Clause: Evasion moves are banned\n|rule|Endless Battle Clause: Forcing endless battles is banned\n|rule|HP Percentage Mod: HP is shown in percentages\n|clearpoke\n|poke|p1|Dragapult, F|\n|poke|p1|Greninja-*, F|\n|poke|p1|Great Tusk|\n|poke|p1|Iron Moth|\n|poke|p1|Rillaboom, F|\n|poke|p1|Clefable, F|\n|poke|p2|Ogerpon-Cornerstone, F|\n|poke|p2|Cyclizar, M|\n|poke|p2|Rillaboom, M|\n|poke|p2|Hawlucha, M|\n|poke|p2|Greninja-*, M|\n|poke|p2|Iron Moth|\n|teampreview\n|\n|t:|1701193830\n|start\n|switch|p1a: Clefable|Clefable, F|100\/100\n|switch|p2a: Ogerpon|Ogerpon-Cornerstone, F|100\/100\n|turn|1\n|inactive|Battle timer is ON: inactive players will automatically lose when time's up. (requested by wrhior)\n|\n|t:|1701193849\n|move|p2a: Ogerpon|Taunt|p1a: Clefable\n|-start|p1a: Clefable|move: Taunt\n|move|p1a: Clefable|Dazzling Gleam|p2a: Ogerpon\n|-damage|p2a: Ogerpon|72\/100\n|\n|upkeep\n|turn|2\n|\n|t:|1701193859\n|move|p2a: Ogerpon|Knock Off|p1a: Clefable\n|-resisted|p1a: Clefable\n|-damage|p1a: Clefable|87\/100\n|-enditem|p1a: Clefable|Leftovers|[from] move: Knock Off|[of] p2a: Ogerpon\n|move|p1a: Clefable|Dazzling Gleam|p2a: Ogerpon\n|-damage|p2a: Ogerpon|39\/100\n|\n|upkeep\n|turn|3\n|\n|t:|1701193869\n|move|p2a: Ogerpon|Ivy Cudgel|p1a: Clefable|[anim] Ivy Cudgel Rock\n|-damage|p1a: Clefable|45\/100\n|move|p1a: Clefable|Draining Kiss|p2a: Ogerpon\n|-damage|p2a: Ogerpon|20\/100\n|-heal|p1a: Clefable|56\/100|[from] drain|[of] p2a: Ogerpon\n|\n|-end|p1a: Clefable|move: Taunt\n|upkeep\n|turn|4\n|\n|t:|1701193879\n|move|p2a: Ogerpon|Horn Leech|p1a: Clefable\n|-damage|p1a: Clefable|20\/100\n|-heal|p2a: Ogerpon|44\/100|[from] drain|[of] p1a: Clefable\n|move|p1a: Clefable|Draining Kiss|p2a: Ogerpon\n|-damage|p2a: Ogerpon|24\/100\n|-heal|p1a: Clefable|32\/100|[from] drain|[of] p2a: Ogerpon\n|\n|upkeep\n|turn|5\n|\n|t:|1701193891\n|move|p2a: Ogerpon|Horn Leech|p1a: Clefable\n|-damage|p1a: Clefable|0 fnt\n|-heal|p2a: Ogerpon|44\/100|[from] drain|[of] p1a: Clefable\n|faint|p1a: Clefable\n|\n|upkeep\n|\n|t:|1701193905\n|switch|p1a: Iron Moth|Iron Moth|100\/100\n|turn|6\n|\n|t:|1701193913\n|move|p2a: Ogerpon|Ivy Cudgel|p1a: Iron Moth|[anim] Ivy Cudgel Rock\n|-supereffective|p1a: Iron Moth\n|-damage|p1a: Iron Moth|0 fnt\n|faint|p1a: Iron Moth\n|-end|p1a: Iron Moth|Quark Drive|[silent]\n|\n|upkeep\n|\n|t:|1701193923\n|switch|p1a: Greninja|Greninja, F|100\/100\n|turn|7\n|\n|t:|1701193940\n|move|p1a: Greninja|Ice Punch|p2a: Ogerpon\n|-start|p1a: Greninja|typechange|Ice|[from] ability: Protean\n|-supereffective|p2a: Ogerpon\n|-damage|p2a: Ogerpon|0 fnt\n|faint|p2a: Ogerpon\n|\n|upkeep\n|\n|t:|1701193944\n|switch|p2a: Iron Moth|Iron Moth|100\/100\n|-enditem|p2a: Iron Moth|Booster Energy\n|-activate|p2a: Iron Moth|ability: Quark Drive|[fromitem]\n|-start|p2a: Iron Moth|quarkdrivespe\n|turn|8\n|\n|t:|1701193952\n|switch|p1a: Great Tusk|Great Tusk|100\/100\n|move|p2a: Iron Moth|Fiery Dance|p1a: Great Tusk\n|-damage|p1a: Great Tusk|42\/100\n|-boost|p2a: Iron Moth|spa|1\n|\n|upkeep\n|turn|9\n|\n|t:|1701193962\n|move|p2a: Iron Moth|Fiery Dance|p1a: Great Tusk\n|-damage|p1a: Great Tusk|0 fnt\n|faint|p1a: Great Tusk\n|-end|p1a: Great Tusk|Protosynthesis|[silent]\n|\n|upkeep\n|\n|t:|1701193967\n|switch|p1a: Greninja|Greninja, F|100\/100\n|turn|10\n|\n|t:|1701193972\n|move|p1a: Greninja|Water Shuriken|p2a: Iron Moth\n|-start|p1a: Greninja|typechange|Water|[from] ability: Protean\n|-supereffective|p2a: Iron Moth\n|-damage|p2a: Iron Moth|91\/100\n|-supereffective|p2a: Iron Moth\n|-damage|p2a: Iron Moth|80\/100\n|-supereffective|p2a: Iron Moth\n|-crit|p2a: Iron Moth\n|-damage|p2a: Iron Moth|64\/100\n|-supereffective|p2a: Iron Moth\n|-damage|p2a: Iron Moth|54\/100\n|-supereffective|p2a: Iron Moth\n|-damage|p2a: Iron Moth|43\/100\n|-hitcount|p2a: Iron Moth|5\n|move|p2a: Iron Moth|Energy Ball|p1a: Greninja\n|-supereffective|p1a: Greninja\n|-damage|p1a: Greninja|0 fnt\n|faint|p1a: Greninja\n|\n|upkeep\n|\n|t:|1701193988\n|switch|p1a: Dragapult|Dragapult, F|100\/100\n|turn|11\n|inactive|wrhior has 120 seconds left.\n|\n|t:|1701194040\n|move|p2a: Iron Moth|Dazzling Gleam|p1a: Dragapult\n|-supereffective|p1a: Dragapult\n|-damage|p1a: Dragapult|17\/100\n|move|p1a: Dragapult|Phantom Force||[still]\n|-prepare|p1a: Dragapult|Phantom Force\n|\n|upkeep\n|turn|12\n|\n|t:|1701194049\n|move|p2a: Iron Moth|Dazzling Gleam|p1a: Dragapult|[miss]\n|-miss|p2a: Iron Moth|p1a: Dragapult\n|move|p1a: Dragapult|Phantom Force|p2a: Iron Moth|[from]lockedmove\n|-crit|p2a: Iron Moth\n|-damage|p2a: Iron Moth|0 fnt\n|faint|p2a: Iron Moth\n|-end|p2a: Iron Moth|Quark Drive|[silent]\n|-damage|p1a: Dragapult|7\/100|[from] item: Life Orb\n|\n|upkeep\n|\n|t:|1701194053\n|switch|p2a: Cyclizar|Cyclizar, M|100\/100\n|turn|13\n|\n|t:|1701194063\n|move|p1a: Dragapult|Dragon Darts|p2a: Cyclizar\n|-supereffective|p2a: Cyclizar\n|-damage|p2a: Cyclizar|16\/100\n|-anim|p1a: Dragapult|Dragon Darts|p2a: Cyclizar\n|-supereffective|p2a: Cyclizar\n|-damage|p2a: Cyclizar|0 fnt\n|faint|p2a: Cyclizar\n|-damage|p1a: Dragapult|0 fnt|[from] item: Life Orb\n|faint|p1a: Dragapult\n|\n|upkeep\n|\n|t:|1701194072\n|switch|p1a: Rillaboom|Rillaboom, F|100\/100\n|switch|p2a: Hawlucha|Hawlucha, M|100\/100\n|-fieldstart|move: Grassy Terrain|[from] ability: Grassy Surge|[of] p1a: Rillaboom\n|-enditem|p2a: Hawlucha|Grassy Seed\n|-boost|p2a: Hawlucha|def|1|[from] item: Grassy Seed\n|turn|14\n|inactive|wrhior has 120 seconds left.\n|inactive|wrhior has 90 seconds left.\n|\n|t:|1701194118\n|move|p2a: Hawlucha|Substitute|p2a: Hawlucha\n|-start|p2a: Hawlucha|Substitute\n|-damage|p2a: Hawlucha|76\/100\n|move|p1a: Rillaboom|Hammer Arm|p2a: Hawlucha\n|-resisted|p2a: Hawlucha\n|-activate|p2a: Hawlucha|move: Substitute|[damage]\n|-unboost|p1a: Rillaboom|spe|1\n|\n|upkeep\n|turn|15\n|\n|t:|1701194131\n|move|p2a: Hawlucha|Acrobatics|p1a: Rillaboom\n|-supereffective|p1a: Rillaboom\n|-damage|p1a: Rillaboom|0 fnt\n|faint|p1a: Rillaboom\n|\n|win|wrhior\n|raw|morenojatniel's rating: 1000 &rarr; <strong>1000<\/strong><br \/>(+0 for losing)\n|raw|wrhior's rating: 1050 &rarr; <strong>1078<\/strong><br \/>(+28 for winning)\n","uploadtime":1701194143,"views":1,"p1id":"morenojatniel","p2id":"wrhior","formatid":"gen9ou","rating":1000,"private":0,"password":""}