{"id":"gen9ou-1990893218","p1":"Blurred Ace","p2":"shy&sassy alice","format":"[Gen 9] OU","log":"|j|\u2606Blurred Ace\n|j|\u2606shy&sassy alice\n|t:|1700012204\n|gametype|singles\n|player|p1|Blurred Ace|gambler|1425\n|player|p2|shy&sassy alice|swimmerf2-gen6|1534\n|teamsize|p1|6\n|teamsize|p2|6\n|gen|9\n|tier|[Gen 9] OU\n|rated|\n|rule|Sleep Clause Mod: Limit one foe put to sleep\n|rule|Species Clause: Limit one of each Pok\u00e9mon\n|rule|OHKO Clause: OHKO moves are banned\n|rule|Evasion Items Clause: Evasion items are banned\n|rule|Evasion Moves Clause: Evasion moves are banned\n|rule|Endless Battle Clause: Forcing endless battles is banned\n|rule|HP Percentage Mod: HP is shown in percentages\n|clearpoke\n|poke|p1|Pelipper, M|\n|poke|p1|Crawdaunt, M|\n|poke|p1|Dragapult, M|\n|poke|p1|Zapdos|\n|poke|p1|Greninja-*, M|\n|poke|p1|Great Tusk|\n|poke|p2|Greninja-*, M|\n|poke|p2|Ogerpon-Cornerstone, F|\n|poke|p2|Cinderace, F|\n|poke|p2|Samurott-Hisui, M|\n|poke|p2|Landorus-Therian, M|\n|poke|p2|Dragonite, F|\n|teampreview\n|\n|t:|1700012211\n|start\n|switch|p1a: Zapdos|Zapdos|100\/100\n|switch|p2a: Ogerpon|Ogerpon-Cornerstone, F|100\/100\n|turn|1\n|\n|t:|1700012214\n|move|p2a: Ogerpon|Ivy Cudgel|p1a: Zapdos|[anim] Ivy Cudgel Rock\n|-supereffective|p1a: Zapdos\n|-damage|p1a: Zapdos|0 fnt\n|faint|p1a: Zapdos\n|\n|upkeep\n|\n|t:|1700012218\n|switch|p1a: Dragapult|Dragapult, M|100\/100\n|turn|2\n|\n|t:|1700012226\n|switch|p2a: Landorus|Landorus-Therian, M|100\/100\n|-ability|p2a: Landorus|Intimidate|boost\n|-unboost|p1a: Dragapult|atk|1\n|move|p1a: Dragapult|Will-O-Wisp|p2a: Landorus\n|-status|p2a: Landorus|brn\n|\n|-damage|p2a: Landorus|94\/100 brn|[from] brn\n|upkeep\n|turn|3\n|inactive|Battle timer is ON: inactive players will automatically lose when time's up. (requested by Blurred Ace)\n|\n|t:|1700012245\n|move|p1a: Dragapult|Hex|p2a: Landorus\n|-damage|p2a: Landorus|29\/100 brn\n|move|p2a: Landorus|U-turn|p1a: Dragapult\n|-resisted|p1a: Dragapult\n|-damage|p1a: Dragapult|92\/100\n|\n|t:|1700012254\n|switch|p2a: Greninja|Greninja, M|100\/100|[from] U-turn\n|\n|upkeep\n|turn|4\n|\n|t:|1700012262\n|switch|p1a: Pelipper|Pelipper, M|100\/100\n|-weather|RainDance|[from] ability: Drizzle|[of] p1a: Pelipper\n|move|p2a: Greninja|Dark Pulse|p1a: Pelipper\n|-damage|p1a: Pelipper|32\/100\n|-damage|p2a: Greninja|91\/100|[from] item: Life Orb\n|\n|-weather|RainDance|[upkeep]\n|upkeep\n|turn|5\n|\n|t:|1700012280\n|switch|p1a: Greninja|Greninja, M|100\/100\n|move|p2a: Greninja|Dark Pulse|p1a: Greninja\n|-resisted|p1a: Greninja\n|-damage|p1a: Greninja|64\/100\n|-damage|p2a: Greninja|81\/100|[from] item: Life Orb\n|\n|-weather|RainDance|[upkeep]\n|upkeep\n|turn|6\n|\n|t:|1700012304\n|switch|p2a: Landorus|Landorus-Therian, M|29\/100 brn\n|-ability|p2a: Landorus|Intimidate|boost\n|-unboost|p1a: Greninja|atk|1\n|move|p1a: Greninja|U-turn|p2a: Landorus\n|-resisted|p2a: Landorus\n|-damage|p2a: Landorus|24\/100 brn\n|-damage|p1a: Greninja|47\/100|[from] item: Rocky Helmet|[of] p2a: Landorus\n|-damage|p1a: Greninja|37\/100|[from] item: Life Orb\n|\n|t:|1700012313\n|switch|p1a: Dragapult|Dragapult, M|92\/100|[from] U-turn\n|\n|-weather|RainDance|[upkeep]\n|-damage|p2a: Landorus|18\/100 brn|[from] brn\n|upkeep\n|turn|7\n|\n|t:|1700012332\n|move|p1a: Dragapult|Draco Meteor|p2a: Landorus\n|-damage|p2a: Landorus|0 fnt\n|-unboost|p1a: Dragapult|spa|2\n|faint|p2a: Landorus\n|\n|-weather|RainDance|[upkeep]\n|upkeep\n|\n|t:|1700012341\n|switch|p2a: Samurott|Samurott-Hisui, M|100\/100\n|turn|8\n|\n|t:|1700012353\n|move|p1a: Dragapult|U-turn|p2a: Samurott\n|-supereffective|p2a: Samurott\n|-crit|p2a: Samurott\n|-damage|p2a: Samurott|32\/100\n|\n|t:|1700012357\n|switch|p1a: Crawdaunt|Crawdaunt, M|100\/100|[from] U-turn\n|move|p2a: Samurott|Ceaseless Edge|p1a: Crawdaunt\n|-resisted|p1a: Crawdaunt\n|-damage|p1a: Crawdaunt|68\/100\n|-sidestart|p1: Blurred Ace|Spikes\n|\n|-weather|RainDance|[upkeep]\n|upkeep\n|turn|9\n|\n|t:|1700012369\n|move|p1a: Crawdaunt|Aqua Jet|p2a: Samurott\n|-resisted|p2a: Samurott\n|-damage|p2a: Samurott|0 fnt\n|faint|p2a: Samurott\n|-damage|p1a: Crawdaunt|58\/100|[from] item: Life Orb\n|\n|-weather|RainDance|[upkeep]\n|upkeep\n|\n|t:|1700012375\n|switch|p2a: Greninja|Greninja, M|81\/100\n|turn|10\n|\n|t:|1700012381\n|move|p1a: Crawdaunt|Aqua Jet|p2a: Greninja\n|-resisted|p2a: Greninja\n|-damage|p2a: Greninja|32\/100\n|-damage|p1a: Crawdaunt|48\/100|[from] item: Life Orb\n|move|p2a: Greninja|Grass Knot|p1a: Crawdaunt\n|-supereffective|p1a: Crawdaunt\n|-damage|p1a: Crawdaunt|0 fnt\n|faint|p1a: Crawdaunt\n|-ability|p2a: Greninja|Battle Bond|boost\n|-boost|p2a: Greninja|atk|1\n|-boost|p2a: Greninja|spa|1\n|-boost|p2a: Greninja|spe|1\n|-activate|p2a: Greninja|ability: Battle Bond\n|-damage|p2a: Greninja|23\/100|[from] item: Life Orb\n|\n|-weather|RainDance|[upkeep]\n|upkeep\n|\n|t:|1700012400\n|switch|p1a: Great Tusk|Great Tusk|100\/100\n|turn|11\n|\n|t:|1700012422\n|-terastallize|p1a: Great Tusk|Water\n|move|p2a: Greninja|Surf|p1a: Great Tusk\n|-resisted|p1a: Great Tusk\n|-damage|p1a: Great Tusk|12\/100\n|-damage|p2a: Greninja|13\/100|[from] item: Life Orb\n|move|p1a: Great Tusk|Rapid Spin|p2a: Greninja\n|-damage|p2a: Greninja|0 fnt\n|-boost|p1a: Great Tusk|spe|1\n|-sideend|p1: Blurred Ace|Spikes|[from] move: Rapid Spin|[of] p1a: Great Tusk\n|faint|p2a: Greninja\n|\n|-weather|none\n|upkeep\n|\n|t:|1700012427\n|switch|p2a: Cinderace|Cinderace, F|100\/100\n|turn|12\n|\n|t:|1700012431\n|move|p2a: Cinderace|Sucker Punch||[still]\n|-fail|p2a: Cinderace\n|move|p1a: Great Tusk|Stealth Rock|p2a: Cinderace\n|-sidestart|p2: shy&sassy alice|move: Stealth Rock\n|\n|upkeep\n|turn|13\n|\n|t:|1700012452\n|move|p2a: Cinderace|Sucker Punch|p1a: Great Tusk\n|-start|p2a: Cinderace|typechange|Dark|[from] ability: Libero\n|-damage|p1a: Great Tusk|0 fnt\n|faint|p1a: Great Tusk\n|-end|p1a: Great Tusk|Protosynthesis|[silent]\n|\n|upkeep\n|\n|t:|1700012456\n|switch|p1a: Pelipper|Pelipper, M|32\/100\n|-weather|RainDance|[from] ability: Drizzle|[of] p1a: Pelipper\n|turn|14\n|\n|t:|1700012461\n|move|p2a: Cinderace|Court Change|p2a: Cinderace\n|-swapsideconditions\n|-activate|p2a: Cinderace|move: Court Change\n|move|p1a: Pelipper|Hurricane|p2a: Cinderace\n|-damage|p2a: Cinderace|47\/100\n|\n|-weather|RainDance|[upkeep]\n|upkeep\n|turn|15\n|\n|t:|1700012471\n|move|p2a: Cinderace|Sucker Punch|p1a: Pelipper\n|-damage|p1a: Pelipper|4\/100\n|move|p1a: Pelipper|Weather Ball|p2a: Cinderace\n|-damage|p2a: Cinderace|0 fnt\n|faint|p2a: Cinderace\n|\n|-weather|RainDance|[upkeep]\n|upkeep\n|\n|t:|1700012492\n|switch|p2a: Ogerpon|Ogerpon-Cornerstone, F|100\/100\n|turn|16\n|\n|t:|1700012499\n|move|p2a: Ogerpon|Horn Leech|p1a: Pelipper\n|-damage|p1a: Pelipper|0 fnt\n|faint|p1a: Pelipper\n|\n|-weather|RainDance|[upkeep]\n|upkeep\n|\n|t:|1700012502\n|switch|p1a: Greninja|Greninja, M|37\/100\n|-damage|p1a: Greninja|25\/100|[from] Stealth Rock\n|turn|17\n|\n|t:|1700012506\n|move|p1a: Greninja|Water Shuriken|p2a: Ogerpon\n|-damage|p2a: Ogerpon|85\/100\n|-damage|p2a: Ogerpon|67\/100\n|-damage|p2a: Ogerpon|50\/100\n|-hitcount|p2a: Ogerpon|3\n|-damage|p1a: Greninja|15\/100|[from] item: Life Orb\n|move|p2a: Ogerpon|Horn Leech|p1a: Greninja\n|-supereffective|p1a: Greninja\n|-damage|p1a: Greninja|0 fnt\n|-heal|p2a: Ogerpon|57\/100|[from] drain|[of] p1a: Greninja\n|faint|p1a: Greninja\n|\n|-weather|RainDance|[upkeep]\n|upkeep\n|\n|t:|1700012511\n|switch|p1a: Dragapult|Dragapult, M|92\/100\n|turn|18\n|inactive|shy&sassy alice has 120 seconds left.\n|\n|t:|1700012549\n|move|p1a: Dragapult|Will-O-Wisp|p2a: Ogerpon\n|-status|p2a: Ogerpon|brn\n|move|p2a: Ogerpon|Knock Off|p1a: Dragapult\n|-supereffective|p1a: Dragapult\n|-damage|p1a: Dragapult|34\/100\n|-enditem|p1a: Dragapult|Heavy-Duty Boots|[from] move: Knock Off|[of] p2a: Ogerpon\n|\n|-weather|RainDance|[upkeep]\n|-damage|p2a: Ogerpon|51\/100 brn|[from] brn\n|upkeep\n|turn|19\n|inactive|shy&sassy alice has 120 seconds left.\n|\n|t:|1700012555\n|move|p1a: Dragapult|Hex|p2a: Ogerpon\n|-damage|p2a: Ogerpon|0 fnt\n|faint|p2a: Ogerpon\n|\n|-weather|RainDance|[upkeep]\n|upkeep\n|\n|t:|1700012558\n|switch|p2a: Dragonite|Dragonite, F|100\/100\n|turn|20\n|\n|t:|1700012560\n|move|p1a: Dragapult|Will-O-Wisp|p2a: Dragonite\n|-status|p2a: Dragonite|brn\n|move|p2a: Dragonite|Earthquake|p1a: Dragapult\n|-damage|p1a: Dragapult|6\/100\n|\n|-weather|RainDance|[upkeep]\n|-damage|p2a: Dragonite|94\/100 brn|[from] brn\n|upkeep\n|turn|21\n|\n|t:|1700012564\n|move|p1a: Dragapult|Draco Meteor|p2a: Dragonite\n|-supereffective|p2a: Dragonite\n|-damage|p2a: Dragonite|0 fnt\n|-unboost|p1a: Dragapult|spa|2\n|faint|p2a: Dragonite\n|\n|win|Blurred Ace\n|raw|Blurred Ace's rating: 1425 &rarr; <strong>1451<\/strong><br \/>(+26 for winning)\n|raw|shy&amp;sassy alice's rating: 1534 &rarr; <strong>1508<\/strong><br \/>(-26 for losing)\n","uploadtime":1700012568,"views":19,"p1id":"blurredace","p2id":"shysassyalice","formatid":"gen9ou","rating":1451,"private":0,"password":""}