{"id":"gen9ou-1999840786","p1":"claviculacarvinc","p2":"looooaicici","format":"[Gen 9] OU","log":"|j|\u2606claviculacarvinc\n|j|\u2606looooaicici\n|t:|1701121711\n|gametype|singles\n|player|p1|claviculacarvinc|cress|1199\n|player|p2|looooaicici|dragontamer|1212\n|teamsize|p1|6\n|teamsize|p2|6\n|gen|9\n|tier|[Gen 9] OU\n|rated|\n|rule|Sleep Clause Mod: Limit one foe put to sleep\n|rule|Species Clause: Limit one of each Pok\u00e9mon\n|rule|OHKO Clause: OHKO moves are banned\n|rule|Evasion Items Clause: Evasion items are banned\n|rule|Evasion Moves Clause: Evasion moves are banned\n|rule|Endless Battle Clause: Forcing endless battles is banned\n|rule|HP Percentage Mod: HP is shown in percentages\n|clearpoke\n|poke|p1|Gholdengo|\n|poke|p1|Ribombee, M|\n|poke|p1|Great Tusk|\n|poke|p1|Kingambit, F|\n|poke|p1|Gastrodon, F|\n|poke|p1|Ogerpon-Wellspring, F|\n|poke|p2|Iron Jugulis|\n|poke|p2|Ogerpon-Wellspring, F|\n|poke|p2|Tinkaton, F|\n|poke|p2|Iron Moth|\n|poke|p2|Great Tusk|\n|poke|p2|Dragapult, M|\n|teampreview\n|\n|t:|1701121715\n|start\n|switch|p1a: Ribombee|Ribombee, M|100\/100\n|switch|p2a: Ogerpon|Ogerpon-Wellspring, F|100\/100\n|turn|1\n|\n|t:|1701121721\n|move|p1a: Ribombee|Sticky Web|p2a: Ogerpon\n|-sidestart|p2: looooaicici|move: Sticky Web\n|move|p2a: Ogerpon|U-turn|p1a: Ribombee\n|-resisted|p1a: Ribombee\n|-damage|p1a: Ribombee|73\/100\n|\n|t:|1701121729\n|switch|p2a: TWINKATON|Tinkaton, F|100\/100|[from] U-turn\n|-item|p2a: TWINKATON|Air Balloon\n|\n|upkeep\n|turn|2\n|\n|t:|1701121743\n|switch|p1a: Gholdengo|Gholdengo|100\/100\n|move|p2a: TWINKATON|Stealth Rock|p1a: Gholdengo\n|-sidestart|p1: claviculacarvinc|move: Stealth Rock\n|\n|upkeep\n|turn|3\n|\n|t:|1701121754\n|move|p2a: TWINKATON|Thunder Wave|p1a: Gholdengo\n|-immune|p1a: Gholdengo|[from] ability: Good as Gold\n|move|p1a: Gholdengo|Shadow Ball|p2a: TWINKATON\n|-damage|p2a: TWINKATON|40\/100\n|-unboost|p2a: TWINKATON|spd|1\n|-enditem|p2a: TWINKATON|Air Balloon\n|\n|upkeep\n|turn|4\n|\n|t:|1701121764\n|move|p2a: TWINKATON|Stealth Rock||[still]\n|-fail|p2a: TWINKATON\n|move|p1a: Gholdengo|Shadow Ball|p2a: TWINKATON\n|-damage|p2a: TWINKATON|0 fnt\n|faint|p2a: TWINKATON\n|\n|upkeep\n|\n|t:|1701121769\n|switch|p2a: Iron Jugulis|Iron Jugulis|100\/100\n|-enditem|p2a: Iron Jugulis|Booster Energy\n|-activate|p2a: Iron Jugulis|ability: Quark Drive|[fromitem]\n|-start|p2a: Iron Jugulis|quarkdrivespe\n|turn|5\n|\n|t:|1701121777\n|switch|p1a: Great Tusk|Great Tusk|100\/100\n|-damage|p1a: Great Tusk|98\/100|[from] Stealth Rock\n|move|p2a: Iron Jugulis|Earth Power|p1a: Great Tusk\n|-damage|p1a: Great Tusk|58\/100\n|\n|-heal|p1a: Great Tusk|64\/100|[from] item: Leftovers\n|upkeep\n|turn|6\n|\n|t:|1701121787\n|move|p2a: Iron Jugulis|Knock Off|p1a: Great Tusk\n|-resisted|p1a: Great Tusk\n|-damage|p1a: Great Tusk|55\/100\n|-enditem|p1a: Great Tusk|Leftovers|[from] move: Knock Off|[of] p2a: Iron Jugulis\n|move|p1a: Great Tusk|Ice Spinner|p2a: Iron Jugulis\n|-supereffective|p2a: Iron Jugulis\n|-damage|p2a: Iron Jugulis|21\/100\n|\n|upkeep\n|turn|7\n|\n|t:|1701121798\n|move|p2a: Iron Jugulis|Hurricane|p1a: Great Tusk\n|-supereffective|p1a: Great Tusk\n|-damage|p1a: Great Tusk|0 fnt\n|faint|p1a: Great Tusk\n|-end|p1a: Great Tusk|Protosynthesis|[silent]\n|\n|upkeep\n|\n|t:|1701121821\n|switch|p1a: Ribombee|Ribombee, M|73\/100\n|-damage|p1a: Ribombee|48\/100|[from] Stealth Rock\n|turn|8\n|\n|t:|1701121829\n|move|p2a: Iron Jugulis|Hurricane|p1a: Ribombee|[miss]\n|-miss|p2a: Iron Jugulis|p1a: Ribombee\n|move|p1a: Ribombee|Bug Buzz|p2a: Iron Jugulis\n|-damage|p2a: Iron Jugulis|0 fnt\n|faint|p2a: Iron Jugulis\n|-end|p2a: Iron Jugulis|Quark Drive|[silent]\n|\n|upkeep\n|\n|t:|1701121831\n|switch|p2a: Iron Moth|Iron Moth|100\/100\n|-activate|p2a: Iron Moth|move: Sticky Web\n|-unboost|p2a: Iron Moth|spe|1\n|-enditem|p2a: Iron Moth|Booster Energy\n|-activate|p2a: Iron Moth|ability: Quark Drive|[fromitem]\n|-start|p2a: Iron Moth|quarkdrivespa\n|turn|9\n|\n|t:|1701121843\n|move|p1a: Ribombee|Stun Spore|p2a: Iron Moth|[miss]\n|-miss|p1a: Ribombee|p2a: Iron Moth\n|move|p2a: Iron Moth|Fiery Dance|p1a: Ribombee\n|-supereffective|p1a: Ribombee\n|-damage|p1a: Ribombee|0 fnt\n|-boost|p2a: Iron Moth|spa|1\n|faint|p1a: Ribombee\n|\n|upkeep\n|\n|t:|1701121851\n|switch|p1a: Ogerpon|Ogerpon-Wellspring, F|100\/100\n|-damage|p1a: Ogerpon|88\/100|[from] Stealth Rock\n|turn|10\n|\n|t:|1701121865\n|move|p1a: Ogerpon|Ivy Cudgel|p2a: Iron Moth|[anim] Ivy Cudgel Water\n|-supereffective|p2a: Iron Moth\n|-damage|p2a: Iron Moth|0 fnt\n|faint|p2a: Iron Moth\n|-end|p2a: Iron Moth|Quark Drive|[silent]\n|\n|upkeep\n|\n|t:|1701121869\n|switch|p2a: Ogerpon|Ogerpon-Wellspring, F|100\/100\n|-activate|p2a: Ogerpon|move: Sticky Web\n|-unboost|p2a: Ogerpon|spe|1\n|turn|11\n|\n|t:|1701121877\n|move|p1a: Ogerpon|Trailblaze|p2a: Ogerpon\n|-damage|p2a: Ogerpon|59\/100\n|-boost|p1a: Ogerpon|spe|1\n|move|p2a: Ogerpon|Horn Leech|p1a: Ogerpon\n|-damage|p1a: Ogerpon|31\/100\n|-heal|p2a: Ogerpon|88\/100|[from] drain|[of] p1a: Ogerpon\n|\n|upkeep\n|turn|12\n|\n|t:|1701121889\n|move|p1a: Ogerpon|Knock Off|p2a: Ogerpon\n|-damage|p2a: Ogerpon|54\/100\n|move|p2a: Ogerpon|Horn Leech|p1a: Ogerpon\n|-damage|p1a: Ogerpon|0 fnt\n|-heal|p2a: Ogerpon|70\/100|[from] drain|[of] p1a: Ogerpon\n|faint|p1a: Ogerpon\n|\n|upkeep\n|\n|t:|1701121896\n|switch|p1a: Kingambit|Kingambit, F|100\/100\n|-damage|p1a: Kingambit|94\/100|[from] Stealth Rock\n|-activate|p1a: Kingambit|ability: Supreme Overlord\n|-start|p1a: Kingambit|fallen3|[silent]\n|turn|13\n|\n|t:|1701121905\n|move|p2a: Ogerpon|Ivy Cudgel|p1a: Kingambit|[anim] Ivy Cudgel Water\n|-damage|p1a: Kingambit|43\/100\n|move|p1a: Kingambit|Kowtow Cleave|p2a: Ogerpon\n|-damage|p2a: Ogerpon|0 fnt\n|faint|p2a: Ogerpon\n|\n|-heal|p1a: Kingambit|49\/100|[from] item: Leftovers\n|upkeep\n|\n|t:|1701121911\n|switch|p2a: Great Tusk|Great Tusk|100\/100\n|-activate|p2a: Great Tusk|move: Sticky Web\n|-unboost|p2a: Great Tusk|spe|1\n|-enditem|p2a: Great Tusk|Booster Energy\n|-activate|p2a: Great Tusk|ability: Protosynthesis|[fromitem]\n|-start|p2a: Great Tusk|protosynthesisdef\n|turn|14\n|\n|t:|1701121930\n|-terastallize|p1a: Kingambit|Flying\n|move|p2a: Great Tusk|Headlong Rush|p1a: Kingambit\n|-immune|p1a: Kingambit\n|move|p1a: Kingambit|Swords Dance|p1a: Kingambit\n|-boost|p1a: Kingambit|atk|2\n|\n|-heal|p1a: Kingambit|55\/100|[from] item: Leftovers\n|upkeep\n|turn|15\n|\n|t:|1701121939\n|move|p2a: Great Tusk|Ice Spinner|p1a: Kingambit\n|-supereffective|p1a: Kingambit\n|-damage|p1a: Kingambit|16\/100\n|move|p1a: Kingambit|Iron Head|p2a: Great Tusk\n|-damage|p2a: Great Tusk|43\/100\n|\n|-heal|p1a: Kingambit|22\/100|[from] item: Leftovers\n|upkeep\n|turn|16\n|\n|t:|1701121946\n|move|p1a: Kingambit|Sucker Punch|p2a: Great Tusk\n|-resisted|p2a: Great Tusk\n|-damage|p2a: Great Tusk|18\/100\n|move|p2a: Great Tusk|Ice Spinner|p1a: Kingambit\n|-supereffective|p1a: Kingambit\n|-damage|p1a: Kingambit|0 fnt\n|faint|p1a: Kingambit\n|-end|p1a: Kingambit|fallen3|[silent]\n|\n|upkeep\n|\n|t:|1701121955\n|switch|p1a: Gholdengo|Gholdengo|100\/100\n|-damage|p1a: Gholdengo|94\/100|[from] Stealth Rock\n|turn|17\n|\n|t:|1701121962\n|move|p1a: Gholdengo|Dazzling Gleam|p2a: Great Tusk\n|-supereffective|p2a: Great Tusk\n|-damage|p2a: Great Tusk|0 fnt\n|faint|p2a: Great Tusk\n|-end|p2a: Great Tusk|Protosynthesis|[silent]\n|\n|upkeep\n|\n|t:|1701121981\n|switch|p2a: Dragapult|Dragapult, M|100\/100\n|-activate|p2a: Dragapult|move: Sticky Web\n|-fail|p2a: Dragapult|unboost|[from] ability: Clear Body|[of] p2a: Dragapult\n|turn|18\n|\n|t:|1701121986\n|-terastallize|p2a: Dragapult|Ghost\n|move|p2a: Dragapult|Shadow Ball|p1a: Gholdengo\n|-supereffective|p1a: Gholdengo\n|-damage|p1a: Gholdengo|0 fnt\n|faint|p1a: Gholdengo\n|\n|upkeep\n|\n|t:|1701121991\n|switch|p1a: Gastrodon|Gastrodon, F|100\/100\n|-damage|p1a: Gastrodon|94\/100|[from] Stealth Rock\n|turn|19\n|\n|t:|1701122005\n|move|p2a: Dragapult|Shadow Ball|p1a: Gastrodon\n|-damage|p1a: Gastrodon|46\/100\n|move|p1a: Gastrodon|Earth Power|p2a: Dragapult\n|-damage|p2a: Dragapult|63\/100\n|\n|-heal|p1a: Gastrodon|52\/100|[from] item: Leftovers\n|upkeep\n|turn|20\n|\n|t:|1701122021\n|move|p2a: Dragapult|Shadow Ball|p1a: Gastrodon\n|-damage|p1a: Gastrodon|8\/100\n|move|p1a: Gastrodon|Recover|p1a: Gastrodon\n|-heal|p1a: Gastrodon|58\/100\n|\n|-heal|p1a: Gastrodon|64\/100|[from] item: Leftovers\n|upkeep\n|turn|21\n|\n|t:|1701122031\n|move|p2a: Dragapult|Shadow Ball|p1a: Gastrodon\n|-damage|p1a: Gastrodon|16\/100\n|-unboost|p1a: Gastrodon|spd|1\n|move|p1a: Gastrodon|Muddy Water|p2a: Dragapult\n|-damage|p2a: Dragapult|22\/100\n|\n|-heal|p1a: Gastrodon|22\/100|[from] item: Leftovers\n|upkeep\n|turn|22\n|\n|t:|1701122050\n|move|p2a: Dragapult|Shadow Ball|p1a: Gastrodon\n|-damage|p1a: Gastrodon|0 fnt\n|faint|p1a: Gastrodon\n|\n|win|looooaicici\n|raw|claviculacarvinc's rating: 1199 &rarr; <strong>1172<\/strong><br \/>(-27 for losing)\n|raw|looooaicici's rating: 1178 &rarr; <strong>1205<\/strong><br \/>(+27 for winning)\n|l|\u2606claviculacarvinc\n","uploadtime":1701122056,"views":5,"p1id":"claviculacarvinc","p2id":"looooaicici","formatid":"gen9ou","rating":1172,"private":0,"password":""}